Ticker,Date,Time,LTP,BuyPrice,BuyQty,SellPrice,SellQty,LTQ,OpenInterest
ADANIPORTS-I.NFO,07/01/2020,09:15:00,384.6,385,2500,385.4,10000,12500,0
ADANIPORTS-I.NFO,07/01/2020,09:15:00,384.6,385,2500,385.4,10000,0,0
ADANIPORTS-I.NFO,07/01/2020,09:15:00,385.95,385,2500,385.4,10000,0,0
ADANIPORTS-I.NFO,07/01/2020,09:15:00,384.4,385,2500,385.4,10000,0,0
ADANIPORTS-I.NFO,07/01/2020,09:15:01,385.4,385.05,2500,385.4,7500,2500,34275000
ADANIPORTS-I.NFO,07/01/2020,09:15:02,385.35,385.05,2500,385.4,7500,2500,34275000
ADANIPORTS-I.NFO,07/01/2020,09:15:03,385.4,385.05,2500,385.4,2500,7500,34275000
ADANIPORTS-I.NFO,07/01/2020,09:15:04,385.4,385.15,5000,385.55,2500,5000,34275000
ADANIPORTS-I.NFO,07/01/2020,09:15:05,385.4,385.25,2500,385.6,2500,2500,34275000
ADANIPORTS-I.NFO,07/01/2020,09:15:06,385.6,385.6,2500,385.75,2500,2500,34275000
ADANIPORTS-I.NFO,07/01/2020,09:15:07,385.75,385.65,2500,386,27500,2500,34275000
ADANIPORTS-I.NFO,07/01/2020,09:15:08,386,385.8,2500,386,25000,2500,34275000
ADANIPORTS-I.NFO,07/01/2020,09:15:08,386,385.8,2500,386,25000,0,34275000
ADANIPORTS-I.NFO,07/01/2020,09:15:09,386,385.9,2500,386.25,2500,27500,34275000
ADANIPORTS-I.NFO,07/01/2020,09:15:10,386,386.1,2500,386.45,2500,0,34275000
ADANIPORTS-I.NFO,07/01/2020,09:15:11,386,386.25,2500,386.45,2500,0,34275000
ADANIPORTS-I.NFO,07/01/2020,09:15:12,386.45,386.5,2500,386.65,10000,2500,34275000
ADANIPORTS-I.NFO,07/01/2020,09:15:12,386.45,386.5,2500,386.65,10000,0,34275000
ADANIPORTS-I.NFO,07/01/2020,09:15:13,386.05,386.05,2500,386.55,2500,37500,34275000
ADANIPORTS-I.NFO,07/01/2020,09:15:13,386.55,386.05,2500,386.55,2500,0,34275000
ADANIPORTS-I.NFO,07/01/2020,09:15:14,386.05,386.05,5000,386.55,2500,15000,34275000
ADANIPORTS-I.NFO,07/01/2020,09:15:15,386.55,386.25,2500,386.6,2500,2500,34275000
ADANIPORTS-I.NFO,07/01/2020,09:15:16,386.25,386.2,2500,386.55,5000,2500,34275000
ADANIPORTS-I.NFO,07/01/2020,09:15:17,386.25,386.2,2500,386.55,2500,0,34275000
ADANIPORTS-I.NFO,07/01/2020,09:15:18,386.55,386.25,2500,386.6,2500,7500,34275000
ADANIPORTS-I.NFO,07/01/2020,09:15:19,386.7,386.4,2500,386.95,5000,5000,34275000
ADANIPORTS-I.NFO,07/01/2020,09:15:19,386.7,386.4,2500,386.95,5000,0,34275000
ADANIPORTS-I.NFO,07/01/2020,09:15:20,386.7,386.55,2500,386.95,7500,0,34275000
ADANIPORTS-I.NFO,07/01/2020,09:15:21,386.9,386.75,2500,386.95,5000,2500,34275000
ADANIPORTS-I.NFO,07/01/2020,09:15:21,386.9,386.75,2500,386.95,5000,0,34275000
ADANIPORTS-I.NFO,07/01/2020,09:15:22,386.9,386.75,2500,386.95,5000,0,34275000
ADANIPORTS-I.NFO,07/01/2020,09:15:23,386.95,386.75,2500,387,5000,5000,34275000
ADANIPORTS-I.NFO,07/01/2020,09:15:23,386.95,386.75,2500,387,5000,0,34275000
ADANIPORTS-I.NFO,07/01/2020,09:15:24,386.95,386.7,2500,386.95,2500,0,34275000
ADANIPORTS-I.NFO,07/01/2020,09:15:25,387,386.75,2500,387.3,7500,7500,34275000
ADANIPORTS-I.NFO,07/01/2020,09:15:25,387,386.75,2500,387.3,7500,0,34275000
ADANIPORTS-I.NFO,07/01/2020,09:15:26,386.85,386.7,2500,387.2,2500,7500,34275000
ADANIPORTS-I.NFO,07/01/2020,09:15:26,387.2,386.7,2500,387.2,2500,0,34275000
ADANIPORTS-I.NFO,07/01/2020,09:15:27,387.1,387,2500,387.35,5000,7500,34275000
ADANIPORTS-I.NFO,07/01/2020,09:15:28,387,386.95,2500,387.35,5000,2500,34275000
ADANIPORTS-I.NFO,07/01/2020,09:15:29,386.95,386.7,2500,387.1,7500,7500,34275000
ADANIPORTS-I.NFO,07/01/2020,09:15:30,387.15,386.7,2500,387,2500,10000,34275000
ADANIPORTS-I.NFO,07/01/2020,09:15:31,387.15,386.7,5000,387,2500,0,34275000
ADANIPORTS-I.NFO,07/01/2020,09:15:32,386.85,386.7,2500,387.25,5000,15000,34275000
ADANIPORTS-I.NFO,07/01/2020,09:15:32,387.3,386.7,2500,387.25,5000,0,34275000
ADANIPORTS-I.NFO,07/01/2020,09:15:33,387,386.7,2500,387.1,2500,7500,34275000
ADANIPORTS-I.NFO,07/01/2020,09:15:34,387,386.85,2500,387.2,2500,0,34275000
ADANIPORTS-I.NFO,07/01/2020,09:15:35,387.15,386.8,5000,387.25,2500,12500,34275000
ADANIPORTS-I.NFO,07/01/2020,09:15:36,387,386.8,2500,387.25,2500,5000,34275000
ADANIPORTS-I.NFO,07/01/2020,09:15:37,387.3,386.95,2500,387.35,2500,2500,34275000
ADANIPORTS-I.NFO,07/01/2020,09:15:38,387.4,387.05,2500,387.4,2500,5000,34275000
ADANIPORTS-I.NFO,07/01/2020,09:15:38,387.4,387.05,2500,387.4,2500,0,34275000
ADANIPORTS-I.NFO,07/01/2020,09:15:39,387.45,387.2,2500,387.5,2500,12500,34275000
ADANIPORTS-I.NFO,07/01/2020,09:15:39,387.45,387.2,2500,387.5,2500,0,34275000
ADANIPORTS-I.NFO,07/01/2020,09:15:40,387.2,387.05,2500,387.45,2500,10000,34275000
ADANIPORTS-I.NFO,07/01/2020,09:15:40,387.5,387.05,2500,387.45,2500,0,34275000
ADANIPORTS-I.NFO,07/01/2020,09:15:41,387.2,387.1,5000,387.45,2500,0,34275000
ADANIPORTS-I.NFO,07/01/2020,09:15:42,387.5,387.5,5000,387.7,2500,10000,34275000
ADANIPORTS-I.NFO,07/01/2020,09:15:43,387.2,387.15,5000,387.5,2500,7500,34275000
ADANIPORTS-I.NFO,07/01/2020,09:15:44,387.2,387.15,5000,387.35,2500,0,34275000
ADANIPORTS-I.NFO,07/01/2020,09:15:45,387.45,387.15,5000,387.55,2500,15000,34275000
ADANIPORTS-I.NFO,07/01/2020,09:15:46,387.9,387.3,2500,387.8,5000,25000,34275000
ADANIPORTS-I.NFO,07/01/2020,09:15:46,387.9,387.3,2500,387.8,5000,0,34275000
ADANIPORTS-I.NFO,07/01/2020,09:15:47,387.9,387.4,2500,387.8,2500,0,34275000
ADANIPORTS-I.NFO,07/01/2020,09:15:48,387.35,387.25,2500,387.55,2500,5000,34275000
ADANIPORTS-I.NFO,07/01/2020,09:15:49,387.55,387.3,2500,387.8,2500,7500,34275000
ADANIPORTS-I.NFO,07/01/2020,09:15:50,387.5,387.3,2500,387.65,2500,2500,34275000
ADANIPORTS-I.NFO,07/01/2020,09:15:51,387.65,387.3,5000,387.7,2500,2500,34275000
ADANIPORTS-I.NFO,07/01/2020,09:15:52,387.5,387.3,2500,387.6,2500,10000,34275000
ADANIPORTS-I.NFO,07/01/2020,09:15:53,387.7,387.4,2500,387.85,2500,2500,34275000
ADANIPORTS-I.NFO,07/01/2020,09:15:54,387.95,387.6,5000,388,30000,7500,34275000
ADANIPORTS-I.NFO,07/01/2020,09:15:54,387.95,387.6,5000,388,30000,0,34275000
ADANIPORTS-I.NFO,07/01/2020,09:15:55,387.55,387.4,2500,387.8,2500,7500,34275000
ADANIPORTS-I.NFO,07/01/2020,09:15:56,387.8,387.45,7500,387.9,2500,5000,34275000
ADANIPORTS-I.NFO,07/01/2020,09:15:57,387.5,387.4,7500,387.7,2500,2500,34275000
ADANIPORTS-I.NFO,07/01/2020,09:15:58,387.45,387.45,5000,387.8,2500,7500,34275000
ADANIPORTS-I.NFO,07/01/2020,09:15:59,387.45,387.45,5000,387.85,2500,0,34275000
ADANIPORTS-I.NFO,07/01/2020,09:16:00,387.5,387.45,5000,387.7,2500,15000,34275000
ADANIPORTS-I.NFO,07/01/2020,09:16:01,387.25,387.05,2500,387.4,2500,15000,34275000
ADANIPORTS-I.NFO,07/01/2020,09:16:02,387.4,387.1,2500,387.4,2500,7500,34275000
ADANIPORTS-I.NFO,07/01/2020,09:16:03,387.4,387.1,2500,387.4,2500,0,34275000
ADANIPORTS-I.NFO,07/01/2020,09:16:04,386.95,386.7,2500,387,5000,17500,34275000
ADANIPORTS-I.NFO,07/01/2020,09:16:05,387.2,387.15,2500,387.3,5000,12500,34275000
ADANIPORTS-I.NFO,07/01/2020,09:16:06,387.15,387.1,2500,387.4,5000,7500,34275000
ADANIPORTS-I.NFO,07/01/2020,09:16:07,387.2,387.05,5000,387.4,2500,7500,34275000
ADANIPORTS-I.NFO,07/01/2020,09:16:08,387.5,387.25,2500,387.6,2500,25000,34275000
ADANIPORTS-I.NFO,07/01/2020,09:16:09,387,387,2500,387.25,2500,42500,34275000
ADANIPORTS-I.NFO,07/01/2020,09:16:10,387,386.75,2500,387.15,2500,5000,34275000
ADANIPORTS-I.NFO,07/01/2020,09:16:11,387.25,386.95,2500,387.3,2500,5000,34275000
ADANIPORTS-I.NFO,07/01/2020,09:16:12,387.25,386.95,2500,387.3,2500,0,34275000
ADANIPORTS-I.NFO,07/01/2020,09:16:13,386.95,387,2500,387.25,2500,2500,34275000
ADANIPORTS-I.NFO,07/01/2020,09:16:14,387.25,387.05,2500,387.4,2500,2500,34275000
ADANIPORTS-I.NFO,07/01/2020,09:16:15,387,386.75,5000,387,2500,5000,34275000
ADANIPORTS-I.NFO,07/01/2020,09:16:16,387,387,2500,387.3,2500,2500,34275000
ADANIPORTS-I.NFO,07/01/2020,09:16:17,387.25,387,2500,387.3,2500,2500,34275000
ADANIPORTS-I.NFO,07/01/2020,09:16:18,387.25,386.9,7500,387.2,2500,5000,34275000
ADANIPORTS-I.NFO,07/01/2020,09:16:19,387.25,386.95,2500,387.2,2500,0,34275000
ADANIPORTS-I.NFO,07/01/2020,09:16:21,386.85,386.7,5000,387,2500,5000,34275000
ADANIPORTS-I.NFO,07/01/2020,09:16:22,386.85,386.7,5000,387,5000,0,34275000
ADANIPORTS-I.NFO,07/01/2020,09:16:23,386.95,386.75,2500,387.05,20000,37500,34275000
ADANIPORTS-I.NFO,07/01/2020,09:16:24,387,386.85,2500,387.2,2500,22500,34275000
ADANIPORTS-I.NFO,07/01/2020,09:16:25,387,386.75,2500,387,5000,2500,34275000
ADANIPORTS-I.NFO,07/01/2020,09:16:26,387,386.7,5000,387,5000,0,34275000
ADANIPORTS-I.NFO,07/01/2020,09:16:27,387,386.85,2500,387.15,5000,15000,34275000
ADANIPORTS-I.NFO,07/01/2020,09:16:28,387,387.05,2500,387.45,2500,0,34275000
ADANIPORTS-I.NFO,07/01/2020,09:16:29,387.05,387,5000,387.3,2500,2500,34275000
ADANIPORTS-I.NFO,07/01/2020,09:16:30,387,386.8,5000,387,5000,2500,34275000
ADANIPORTS-I.NFO,07/01/2020,09:16:31,387,386.95,2500,387.25,5000,5000,34275000
ADANIPORTS-I.NFO,07/01/2020,09:16:32,387,386.95,2500,387.25,5000,2500,34275000
ADANIPORTS-I.NFO,07/01/2020,09:16:33,387,387.05,2500,387.25,5000,0,34275000
ADANIPORTS-I.NFO,07/01/2020,09:16:35,387,387,2500,387.2,5000,0,34275000
ADANIPORTS-I.NFO,07/01/2020,09:16:36,386.95,387,10000,387.2,5000,7500,34275000
ADANIPORTS-I.NFO,07/01/2020,09:16:37,386.95,387,10000,387.2,7500,0,34275000
ADANIPORTS-I.NFO,07/01/2020,09:16:38,387,387,7500,387.2,5000,2500,34275000
ADANIPORTS-I.NFO,07/01/2020,09:16:39,387,387.05,2500,387.2,5000,0,34275000
ADANIPORTS-I.NFO,07/01/2020,09:16:40,387,387,5000,387.15,2500,5000,34275000
ADANIPORTS-I.NFO,07/01/2020,09:16:41,387.15,387.05,5000,387.2,5000,2500,34275000
ADANIPORTS-I.NFO,07/01/2020,09:16:42,387.15,387.05,5000,387.25,15000,7500,34275000
ADANIPORTS-I.NFO,07/01/2020,09:16:43,387.15,387.05,5000,387.25,15000,0,34275000
ADANIPORTS-I.NFO,07/01/2020,09:16:44,387.15,387,5000,387.25,15000,0,34275000
ADANIPORTS-I.NFO,07/01/2020,09:16:45,387.15,387.05,5000,387.25,15000,0,34275000
ADANIPORTS-I.NFO,07/01/2020,09:16:46,387.25,387.05,5000,387.25,12500,2500,34275000
ADANIPORTS-I.NFO,07/01/2020,09:16:47,387.25,387.05,5000,387.15,2500,2500,34275000
ADANIPORTS-I.NFO,07/01/2020,09:16:48,387.15,387.05,5000,387.25,10000,2500,34275000
ADANIPORTS-I.NFO,07/01/2020,09:16:49,386.8,386.7,5000,387,2500,20000,34275000
ADANIPORTS-I.NFO,07/01/2020,09:16:50,387.2,386.95,2500,387.2,2500,15000,34275000
ADANIPORTS-I.NFO,07/01/2020,09:16:51,387.2,387,5000,387.25,20000,0,34275000
ADANIPORTS-I.NFO,07/01/2020,09:16:52,387.2,387,5000,387.2,2500,0,34275000
ADANIPORTS-I.NFO,07/01/2020,09:16:53,387.35,387.1,2500,387.4,2500,25000,34275000
ADANIPORTS-I.NFO,07/01/2020,09:16:54,387.4,387.25,5000,387.5,17500,5000,34275000
ADANIPORTS-I.NFO,07/01/2020,09:16:55,387.3,387.25,5000,387.5,17500,2500,34275000
ADANIPORTS-I.NFO,07/01/2020,09:16:56,387.3,387.15,5000,387.3,10000,0,34275000
ADANIPORTS-I.NFO,07/01/2020,09:16:57,387.3,387.05,5000,387.15,2500,7500,34275000
ADANIPORTS-I.NFO,07/01/2020,09:16:58,387.5,387.2,2500,387.5,12500,22500,34275000
ADANIPORTS-I.NFO,07/01/2020,09:16:59,387.5,387.25,7500,387.5,12500,0,34275000
ADANIPORTS-I.NFO,07/01/2020,09:17:00,387,386.95,5000,387.35,7500,20000,34275000
ADANIPORTS-I.NFO,07/01/2020,09:17:01,387.25,387.05,2500,387.3,2500,2500,34275000
ADANIPORTS-I.NFO,07/01/2020,09:17:02,387.1,387.05,5000,387.35,2500,7500,34275000
ADANIPORTS-I.NFO,07/01/2020,09:17:03,387.05,386.95,5000,387.25,2500,2500,34275000
ADANIPORTS-I.NFO,07/01/2020,09:17:04,387.05,387.15,2500,387.35,2500,0,34275000
ADANIPORTS-I.NFO,07/01/2020,09:17:05,387.4,387.2,2500,387.4,2500,2500,34275000
ADANIPORTS-I.NFO,07/01/2020,09:17:06,387.4,387.2,5000,387.45,2500,0,34275000
ADANIPORTS-I.NFO,07/01/2020,09:17:08,387.45,387.2,2500,387.5,12500,7500,34275000
ADANIPORTS-I.NFO,07/01/2020,09:17:09,387.45,387.2,2500,387.45,2500,0,34275000
ADANIPORTS-I.NFO,07/01/2020,09:17:11,387.5,387.25,5000,387.5,10000,7500,34365000
ADANIPORTS-I.NFO,07/01/2020,09:17:12,387.25,387.15,2500,387.45,7500,2500,34365000
ADANIPORTS-I.NFO,07/01/2020,09:17:13,387.3,387.3,5000,387.55,5000,22500,34365000
ADANIPORTS-I.NFO,07/01/2020,09:17:14,387.5,387.5,2500,387.65,15000,10000,34365000
ADANIPORTS-I.NFO,07/01/2020,09:17:15,387.85,387.65,2500,387.9,2500,20000,34365000
ADANIPORTS-I.NFO,07/01/2020,09:17:16,387.65,387.65,2500,387.85,2500,2500,34365000
ADANIPORTS-I.NFO,07/01/2020,09:17:17,387.6,387.55,2500,387.85,2500,2500,34365000
ADANIPORTS-I.NFO,07/01/2020,09:17:18,387.95,387.75,2500,388,37500,10000,34365000
ADANIPORTS-I.NFO,07/01/2020,09:17:19,387.95,387.8,2500,388,37500,0,34365000
ADANIPORTS-I.NFO,07/01/2020,09:17:20,388,387.8,2500,388.1,2500,55000,34365000
ADANIPORTS-I.NFO,07/01/2020,09:17:20,388.15,387.8,2500,388.1,2500,0,34365000
ADANIPORTS-I.NFO,07/01/2020,09:17:21,388.05,387.75,5000,388.05,2500,5000,34365000
ADANIPORTS-I.NFO,07/01/2020,09:17:22,387.5,387.4,2500,387.7,2500,55000,34365000
ADANIPORTS-I.NFO,07/01/2020,09:17:23,387.8,387.5,2500,387.85,2500,5000,34365000
ADANIPORTS-I.NFO,07/01/2020,09:17:24,387.8,387.5,2500,387.85,5000,0,34365000
ADANIPORTS-I.NFO,07/01/2020,09:17:25,387.8,387.35,2500,387.6,2500,0,34365000
ADANIPORTS-I.NFO,07/01/2020,09:17:27,387.8,387.45,2500,387.6,2500,0,34365000
ADANIPORTS-I.NFO,07/01/2020,09:17:28,388.1,387.7,2500,388,2500,27500,34365000
ADANIPORTS-I.NFO,07/01/2020,09:17:29,388.1,387.65,2500,388,15000,0,34365000
ADANIPORTS-I.NFO,07/01/2020,09:17:31,387.9,387.55,2500,387.9,2500,2500,34365000
ADANIPORTS-I.NFO,07/01/2020,09:17:32,387.55,387.5,5000,387.8,5000,2500,34365000
ADANIPORTS-I.NFO,07/01/2020,09:17:33,387.85,387.5,10000,387.95,5000,7500,34365000
ADANIPORTS-I.NFO,07/01/2020,09:17:34,387.7,387.4,5000,387.7,2500,12500,34365000
ADANIPORTS-I.NFO,07/01/2020,09:17:35,387.8,387.55,2500,387.85,2500,5000,34365000
ADANIPORTS-I.NFO,07/01/2020,09:17:36,387.85,387.6,2500,387.9,5000,2500,34365000
ADANIPORTS-I.NFO,07/01/2020,09:17:37,387.8,387.55,2500,387.85,2500,7500,34365000
ADANIPORTS-I.NFO,07/01/2020,09:17:38,387.8,387.55,2500,387.85,5000,0,34365000
ADANIPORTS-I.NFO,07/01/2020,09:17:39,387.55,387.6,2500,387.85,5000,5000,34365000
ADANIPORTS-I.NFO,07/01/2020,09:17:40,387.55,387.65,2500,387.85,5000,0,34365000
ADANIPORTS-I.NFO,07/01/2020,09:17:41,387.85,387.65,2500,387.85,2500,10000,34365000
ADANIPORTS-I.NFO,07/01/2020,09:17:42,387.85,387.65,2500,387.85,2500,0,34365000
ADANIPORTS-I.NFO,07/01/2020,09:17:44,387.65,387.6,2500,387.8,2500,2500,34365000
ADANIPORTS-I.NFO,07/01/2020,09:17:45,387.8,387.45,2500,387.75,2500,25000,34365000
ADANIPORTS-I.NFO,07/01/2020,09:17:46,387.55,387.35,2500,387.65,2500,2500,34365000
ADANIPORTS-I.NFO,07/01/2020,09:17:47,387.65,387.35,2500,387.7,2500,2500,34365000
ADANIPORTS-I.NFO,07/01/2020,09:17:48,387.65,387.35,2500,387.7,2500,0,34365000
ADANIPORTS-I.NFO,07/01/2020,09:17:49,387.6,387.3,10000,387.6,2500,12500,34365000
ADANIPORTS-I.NFO,07/01/2020,09:17:50,387.65,387.5,2500,387.75,2500,7500,34365000
ADANIPORTS-I.NFO,07/01/2020,09:17:51,387.3,387.3,5000,387.55,2500,10000,34365000
ADANIPORTS-I.NFO,07/01/2020,09:17:52,387.6,387.35,5000,387.65,2500,2500,34365000
ADANIPORTS-I.NFO,07/01/2020,09:17:53,387.6,387.35,5000,387.5,2500,0,34365000
ADANIPORTS-I.NFO,07/01/2020,09:17:54,387.6,387.3,5000,387.5,2500,0,34365000
ADANIPORTS-I.NFO,07/01/2020,09:17:56,387.6,387.35,5000,387.5,2500,0,34365000
ADANIPORTS-I.NFO,07/01/2020,09:17:58,387.6,387.3,7500,387.5,2500,0,34365000
ADANIPORTS-I.NFO,07/01/2020,09:17:59,387.5,387.35,2500,387.6,2500,2500,34365000
ADANIPORTS-I.NFO,07/01/2020,09:18:01,387.5,387.4,2500,387.65,2500,0,34365000
ADANIPORTS-I.NFO,07/01/2020,09:18:02,387.5,387.4,5000,387.65,2500,0,34365000
ADANIPORTS-I.NFO,07/01/2020,09:18:03,387.5,387.65,2500,387.8,5000,2500,34365000
ADANIPORTS-I.NFO,07/01/2020,09:18:04,387.65,387.6,2500,387.8,5000,2500,34365000
ADANIPORTS-I.NFO,07/01/2020,09:18:05,387.6,387.65,5000,387.8,5000,2500,34365000
ADANIPORTS-I.NFO,07/01/2020,09:18:06,387.85,387.7,7500,387.9,5000,7500,34365000
ADANIPORTS-I.NFO,07/01/2020,09:18:07,387.85,387.7,7500,387.9,5000,0,34365000
ADANIPORTS-I.NFO,07/01/2020,09:18:08,387.9,387.7,5000,387.9,2500,2500,34365000
ADANIPORTS-I.NFO,07/01/2020,09:18:09,387.9,387.7,5000,387.85,2500,0,34365000
ADANIPORTS-I.NFO,07/01/2020,09:18:10,387.8,387.65,5000,387.9,5000,2500,34365000
ADANIPORTS-I.NFO,07/01/2020,09:18:11,387.8,387.7,7500,387.9,2500,0,34365000
ADANIPORTS-I.NFO,07/01/2020,09:18:12,387.85,387.75,5000,387.95,2500,5000,34365000
ADANIPORTS-I.NFO,07/01/2020,09:18:13,387.85,387.75,5000,387.95,2500,0,34365000
ADANIPORTS-I.NFO,07/01/2020,09:18:14,387.8,387.7,5000,387.95,5000,2500,34365000
ADANIPORTS-I.NFO,07/01/2020,09:18:15,387.8,387.65,5000,387.75,2500,0,34365000
ADANIPORTS-I.NFO,07/01/2020,09:18:16,387.8,387.65,2500,387.75,7500,0,34365000
ADANIPORTS-I.NFO,07/01/2020,09:18:17,387.65,387.6,5000,387.75,5000,5000,34365000
ADANIPORTS-I.NFO,07/01/2020,09:18:18,387.7,387.55,2500,387.7,2500,5000,34365000
ADANIPORTS-I.NFO,07/01/2020,09:18:19,387.7,387.55,2500,387.7,2500,0,34365000
ADANIPORTS-I.NFO,07/01/2020,09:18:20,387.55,387.5,7500,387.7,2500,2500,34365000
ADANIPORTS-I.NFO,07/01/2020,09:18:21,387.75,387.65,2500,387.9,2500,10000,34365000
ADANIPORTS-I.NFO,07/01/2020,09:18:22,387.75,387.75,2500,387.9,2500,2500,34365000
ADANIPORTS-I.NFO,07/01/2020,09:18:23,387.75,387.7,2500,387.9,5000,2500,34365000
ADANIPORTS-I.NFO,07/01/2020,09:18:24,387.75,387.7,2500,387.9,2500,7500,34365000
ADANIPORTS-I.NFO,07/01/2020,09:18:25,387.95,387.8,2500,388,40000,2500,34365000
ADANIPORTS-I.NFO,07/01/2020,09:18:26,387.95,387.8,2500,388,40000,0,34365000
ADANIPORTS-I.NFO,07/01/2020,09:18:27,387.95,387.75,2500,388,37500,5000,34365000
ADANIPORTS-I.NFO,07/01/2020,09:18:28,387.95,387.8,2500,388,37500,0,34365000
ADANIPORTS-I.NFO,07/01/2020,09:18:29,388,387.95,2500,388.2,5000,37500,34365000
ADANIPORTS-I.NFO,07/01/2020,09:18:30,387.75,387.75,2500,387.95,2500,15000,34365000
ADANIPORTS-I.NFO,07/01/2020,09:18:31,387.95,387.8,2500,388.1,5000,2500,34365000
ADANIPORTS-I.NFO,07/01/2020,09:18:32,387.95,387.8,2500,388.1,5000,0,34365000
ADANIPORTS-I.NFO,07/01/2020,09:18:33,387.8,387.75,2500,387.8,2500,5000,34365000
ADANIPORTS-I.NFO,07/01/2020,09:18:34,387.75,387.55,2500,387.8,2500,2500,34365000
ADANIPORTS-I.NFO,07/01/2020,09:18:35,387.8,387.6,5000,387.75,2500,2500,34365000
ADANIPORTS-I.NFO,07/01/2020,09:18:36,387.8,387.6,5000,387.75,2500,0,34365000
ADANIPORTS-I.NFO,07/01/2020,09:18:37,387.8,387.6,2500,387.75,2500,0,34365000
ADANIPORTS-I.NFO,07/01/2020,09:18:38,387.75,387.6,2500,387.8,2500,2500,34365000
ADANIPORTS-I.NFO,07/01/2020,09:18:39,387.75,387.6,2500,387.8,2500,0,34365000
ADANIPORTS-I.NFO,07/01/2020,09:18:40,387.6,387.55,5000,387.75,2500,7500,34365000
ADANIPORTS-I.NFO,07/01/2020,09:18:41,387.75,387.55,5000,387.75,2500,2500,34365000
ADANIPORTS-I.NFO,07/01/2020,09:18:42,387.8,387.55,5000,387.8,2500,5000,34365000
ADANIPORTS-I.NFO,07/01/2020,09:18:43,387.75,387.55,2500,387.8,2500,5000,34365000
ADANIPORTS-I.NFO,07/01/2020,09:18:44,387.75,387.55,2500,387.8,2500,5000,34365000
ADANIPORTS-I.NFO,07/01/2020,09:18:45,387.75,387.6,2500,387.75,5000,0,34365000
ADANIPORTS-I.NFO,07/01/2020,09:18:46,387.75,387.65,5000,387.85,2500,5000,34365000
ADANIPORTS-I.NFO,07/01/2020,09:18:47,387.65,387.65,2500,387.8,2500,2500,34365000
ADANIPORTS-I.NFO,07/01/2020,09:18:48,387.8,387.65,2500,387.75,2500,2500,34365000
ADANIPORTS-I.NFO,07/01/2020,09:18:49,387.6,387.55,5000,387.75,2500,5000,34365000
ADANIPORTS-I.NFO,07/01/2020,09:18:50,387.6,387.55,5000,387.75,2500,0,34365000
ADANIPORTS-I.NFO,07/01/2020,09:18:51,387.55,387.5,5000,387.75,7500,2500,34365000
ADANIPORTS-I.NFO,07/01/2020,09:18:52,387.7,387.5,2500,387.7,5000,5000,34365000
ADANIPORTS-I.NFO,07/01/2020,09:18:53,387.7,387.55,2500,387.75,7500,0,34365000
ADANIPORTS-I.NFO,07/01/2020,09:18:54,387.75,387.6,5000,387.9,7500,7500,34365000
ADANIPORTS-I.NFO,07/01/2020,09:18:55,387.9,387.7,2500,387.95,5000,2500,34365000
ADANIPORTS-I.NFO,07/01/2020,09:18:56,388.2,388,2500,388.25,15000,35000,34365000
ADANIPORTS-I.NFO,07/01/2020,09:18:56,388.2,388,2500,388.25,15000,0,34365000
ADANIPORTS-I.NFO,07/01/2020,09:18:57,388.35,388.2,10000,388.4,2500,37500,34365000
ADANIPORTS-I.NFO,07/01/2020,09:18:57,388.35,388.2,10000,388.4,2500,0,34365000
ADANIPORTS-I.NFO,07/01/2020,09:18:58,388.4,388.2,10000,388.45,5000,2500,34365000
ADANIPORTS-I.NFO,07/01/2020,09:18:58,388.4,388.2,10000,388.45,5000,0,34365000
ADANIPORTS-I.NFO,07/01/2020,09:18:59,388.15,388.05,2500,388.25,7500,10000,34365000
ADANIPORTS-I.NFO,07/01/2020,09:19:00,388.2,387.9,10000,388.3,5000,2500,34365000
ADANIPORTS-I.NFO,07/01/2020,09:19:01,388.35,388.1,10000,388.4,2500,2500,34365000
ADANIPORTS-I.NFO,07/01/2020,09:19:02,388.3,388.05,10000,388.3,2500,7500,34365000
ADANIPORTS-I.NFO,07/01/2020,09:19:03,388.2,388.05,2500,388.3,2500,10000,34365000
ADANIPORTS-I.NFO,07/01/2020,09:19:04,388.2,388,2500,388.3,5000,0,34365000
ADANIPORTS-I.NFO,07/01/2020,09:19:05,388.2,388.2,2500,388.3,7500,0,34365000
ADANIPORTS-I.NFO,07/01/2020,09:19:06,388,387.9,2500,388.15,2500,22500,34365000
ADANIPORTS-I.NFO,07/01/2020,09:19:07,388,387.9,2500,388.2,2500,0,34365000
ADANIPORTS-I.NFO,07/01/2020,09:19:08,388.25,388,5000,388.25,2500,7500,34365000
ADANIPORTS-I.NFO,07/01/2020,09:19:09,388,387.85,5000,388,5000,15000,34365000
ADANIPORTS-I.NFO,07/01/2020,09:19:10,388.65,388.55,2500,388.85,2500,150000,34365000
ADANIPORTS-I.NFO,07/01/2020,09:19:10,389,388.55,2500,388.85,2500,0,34365000
ADANIPORTS-I.NFO,07/01/2020,09:19:11,388.5,388.5,2500,388.75,2500,2500,34365000
ADANIPORTS-I.NFO,07/01/2020,09:19:12,388.75,388.55,2500,388.75,2500,10000,34365000
ADANIPORTS-I.NFO,07/01/2020,09:19:13,388.8,388.6,2500,388.85,2500,12500,34365000
ADANIPORTS-I.NFO,07/01/2020,09:19:14,388.6,388.55,2500,388.85,2500,5000,34365000
ADANIPORTS-I.NFO,07/01/2020,09:19:15,388.65,388.35,5000,388.65,2500,7500,34365000
ADANIPORTS-I.NFO,07/01/2020,09:19:16,388.75,388.3,2500,388.45,2500,10000,34365000
ADANIPORTS-I.NFO,07/01/2020,09:19:17,388.5,388.3,5000,388.5,7500,7500,34365000
ADANIPORTS-I.NFO,07/01/2020,09:19:18,388.5,388.3,5000,388.5,2500,5000,34365000
ADANIPORTS-I.NFO,07/01/2020,09:19:19,388.5,388.35,2500,388.55,5000,10000,34365000
ADANIPORTS-I.NFO,07/01/2020,09:19:20,388.5,388.35,5000,388.55,5000,0,34365000
ADANIPORTS-I.NFO,07/01/2020,09:19:21,388.7,388.45,7500,388.7,5000,32500,34365000
ADANIPORTS-I.NFO,07/01/2020,09:19:22,388.6,388.45,2500,388.7,5000,10000,34365000
ADANIPORTS-I.NFO,07/01/2020,09:19:23,388.6,388.55,2500,388.7,2500,7500,34365000
ADANIPORTS-I.NFO,07/01/2020,09:19:24,388.7,388.55,2500,388.8,2500,2500,34365000
ADANIPORTS-I.NFO,07/01/2020,09:19:25,388.55,388.6,2500,388.7,2500,10000,34365000
ADANIPORTS-I.NFO,07/01/2020,09:19:26,388.7,388.6,2500,388.8,2500,2500,34365000
ADANIPORTS-I.NFO,07/01/2020,09:19:27,388.85,388.7,2500,388.9,10000,10000,34365000
ADANIPORTS-I.NFO,07/01/2020,09:19:28,388.85,388.7,2500,388.9,10000,0,34365000
ADANIPORTS-I.NFO,07/01/2020,09:19:29,388.7,388.7,2500,388.9,2500,10000,34365000
ADANIPORTS-I.NFO,07/01/2020,09:19:30,389,388.8,2500,388.95,2500,27500,34365000
ADANIPORTS-I.NFO,07/01/2020,09:19:31,388.65,388.65,2500,388.8,2500,10000,34365000
ADANIPORTS-I.NFO,07/01/2020,09:19:32,388.85,388.7,2500,388.9,15000,5000,34365000
ADANIPORTS-I.NFO,07/01/2020,09:19:33,388.75,388.65,2500,388.8,2500,12500,34365000
ADANIPORTS-I.NFO,07/01/2020,09:19:34,388.8,388.6,5000,388.85,2500,35000,34365000
ADANIPORTS-I.NFO,07/01/2020,09:19:35,388.8,388.8,2500,388.9,7500,0,34365000
ADANIPORTS-I.NFO,07/01/2020,09:19:36,388.9,388.8,2500,388.9,2500,7500,34365000
ADANIPORTS-I.NFO,07/01/2020,09:19:37,388.9,388.8,2500,389,25000,2500,34365000
ADANIPORTS-I.NFO,07/01/2020,09:19:38,388.7,388.7,5000,388.95,5000,17500,34365000
ADANIPORTS-I.NFO,07/01/2020,09:19:39,388.8,388.6,10000,388.85,7500,7500,34365000
ADANIPORTS-I.NFO,07/01/2020,09:19:40,388.8,388.6,7500,388.8,2500,17500,34365000
ADANIPORTS-I.NFO,07/01/2020,09:19:41,388.8,388.6,5000,388.8,2500,2500,34365000
ADANIPORTS-I.NFO,07/01/2020,09:19:43,388.8,388.6,7500,388.85,2500,2500,34365000
ADANIPORTS-I.NFO,07/01/2020,09:19:44,388.75,388.6,5000,388.75,7500,10000,34365000
ADANIPORTS-I.NFO,07/01/2020,09:19:45,389,388.7,2500,388.95,2500,20000,34365000
ADANIPORTS-I.NFO,07/01/2020,09:19:46,388.75,388.75,2500,388.95,2500,10000,34365000
ADANIPORTS-I.NFO,07/01/2020,09:19:47,388.75,388.7,2500,388.95,2500,2500,34365000
ADANIPORTS-I.NFO,07/01/2020,09:19:48,388.9,388.7,2500,388.9,2500,2500,34365000
ADANIPORTS-I.NFO,07/01/2020,09:19:49,388.9,388.8,2500,388.95,2500,2500,34365000
ADANIPORTS-I.NFO,07/01/2020,09:19:50,388.95,388.8,2500,389,37500,2500,34365000
ADANIPORTS-I.NFO,07/01/2020,09:19:51,389,388.8,5000,388.85,2500,2500,34365000
ADANIPORTS-I.NFO,07/01/2020,09:19:52,388.8,388.7,2500,388.85,2500,10000,34365000
ADANIPORTS-I.NFO,07/01/2020,09:19:53,388.65,388.6,2500,388.8,5000,10000,34365000
ADANIPORTS-I.NFO,07/01/2020,09:19:54,388.7,388.6,2500,388.75,2500,5000,34365000
ADANIPORTS-I.NFO,07/01/2020,09:19:55,388.65,388.55,7500,388.7,2500,2500,34365000
ADANIPORTS-I.NFO,07/01/2020,09:19:56,388.65,388.55,7500,388.7,2500,0,34365000
ADANIPORTS-I.NFO,07/01/2020,09:19:57,388.8,388.6,2500,388.8,2500,10000,34365000
ADANIPORTS-I.NFO,07/01/2020,09:19:58,388.8,388.65,2500,388.75,2500,12500,34365000
ADANIPORTS-I.NFO,07/01/2020,09:19:59,388.8,388.65,2500,388.75,2500,0,34365000
ADANIPORTS-I.NFO,07/01/2020,09:20:00,388.4,388.3,2500,388.5,27500,32500,34365000
ADANIPORTS-I.NFO,07/01/2020,09:20:01,388.5,388.35,2500,388.5,22500,5000,34365000
ADANIPORTS-I.NFO,07/01/2020,09:20:02,388.45,388.35,2500,388.5,20000,5000,34365000
ADANIPORTS-I.NFO,07/01/2020,09:20:03,388.45,388.4,5000,388.55,2500,22500,34365000
ADANIPORTS-I.NFO,07/01/2020,09:20:04,388.35,388.3,2500,388.5,5000,7500,34365000
ADANIPORTS-I.NFO,07/01/2020,09:20:05,388.35,388.3,2500,388.5,7500,0,34365000
ADANIPORTS-I.NFO,07/01/2020,09:20:06,388.5,388.35,2500,388.55,2500,7500,34365000
ADANIPORTS-I.NFO,07/01/2020,09:20:07,388.55,388.35,2500,388.6,2500,5000,34365000
ADANIPORTS-I.NFO,07/01/2020,09:20:08,388.35,388.25,2500,388.5,2500,7500,34365000
ADANIPORTS-I.NFO,07/01/2020,09:20:09,388.35,388.25,2500,388.45,2500,0,34365000
ADANIPORTS-I.NFO,07/01/2020,09:20:10,388.45,388.3,2500,388.45,2500,12500,34500000
ADANIPORTS-I.NFO,07/01/2020,09:20:11,388.35,388.25,2500,388.45,5000,12500,34500000
ADANIPORTS-I.NFO,07/01/2020,09:20:12,388.2,387.95,2500,388.2,5000,67500,34500000
ADANIPORTS-I.NFO,07/01/2020,09:20:13,388.2,387.95,2500,388.1,2500,0,34500000
ADANIPORTS-I.NFO,07/01/2020,09:20:16,388.2,387.9,5000,388.1,5000,0,34500000
ADANIPORTS-I.NFO,07/01/2020,09:20:17,388.1,387.9,5000,388.05,2500,2500,34500000
ADANIPORTS-I.NFO,07/01/2020,09:20:18,388.05,387.95,5000,388.25,7500,20000,34500000
ADANIPORTS-I.NFO,07/01/2020,09:20:19,388.15,388.15,2500,388.4,5000,10000,34500000
ADANIPORTS-I.NFO,07/01/2020,09:20:20,388.15,388.15,5000,388.4,5000,2500,34500000
ADANIPORTS-I.NFO,07/01/2020,09:20:21,388.45,388.25,2500,388.5,12500,5000,34500000
ADANIPORTS-I.NFO,07/01/2020,09:20:22,388.45,388.2,2500,388.45,5000,0,34500000
ADANIPORTS-I.NFO,07/01/2020,09:20:23,388.2,388.2,2500,388.4,2500,5000,34500000
ADANIPORTS-I.NFO,07/01/2020,09:20:24,388.25,388.25,2500,388.45,5000,5000,34500000
ADANIPORTS-I.NFO,07/01/2020,09:20:25,388.45,388.2,2500,388.45,2500,45000,34500000
ADANIPORTS-I.NFO,07/01/2020,09:20:26,388.2,388.2,2500,388.45,2500,2500,34500000
ADANIPORTS-I.NFO,07/01/2020,09:20:27,388.45,388.2,5000,388.45,2500,2500,34500000
ADANIPORTS-I.NFO,07/01/2020,09:20:28,388.45,388.25,2500,388.45,2500,2500,34500000
ADANIPORTS-I.NFO,07/01/2020,09:20:29,388.45,388.25,2500,388.45,2500,0,34500000
ADANIPORTS-I.NFO,07/01/2020,09:20:30,388.35,388.3,2500,388.5,5000,15000,34500000
ADANIPORTS-I.NFO,07/01/2020,09:20:31,388.4,388.4,2500,388.5,5000,2500,34500000
ADANIPORTS-I.NFO,07/01/2020,09:20:32,388.45,388.45,5000,388.6,5000,10000,34500000
ADANIPORTS-I.NFO,07/01/2020,09:20:33,388.45,388.4,7500,388.6,5000,0,34500000
ADANIPORTS-I.NFO,07/01/2020,09:20:35,388.5,388.5,2500,388.6,2500,7500,34500000
ADANIPORTS-I.NFO,07/01/2020,09:20:36,388.45,388.45,2500,388.6,2500,2500,34500000
ADANIPORTS-I.NFO,07/01/2020,09:20:37,388.35,388.25,5000,388.45,2500,20000,34500000
ADANIPORTS-I.NFO,07/01/2020,09:20:38,388.35,388.25,5000,388.5,2500,0,34500000
ADANIPORTS-I.NFO,07/01/2020,09:20:39,388.45,388.3,2500,388.5,5000,5000,34500000
ADANIPORTS-I.NFO,07/01/2020,09:20:40,388.8,388.5,2500,388.75,2500,27500,34500000
ADANIPORTS-I.NFO,07/01/2020,09:20:41,388.8,388.5,2500,388.75,2500,0,34500000
ADANIPORTS-I.NFO,07/01/2020,09:20:42,388.75,388.6,2500,388.8,2500,2500,34500000
ADANIPORTS-I.NFO,07/01/2020,09:20:43,388.6,388.6,2500,388.8,2500,30000,34500000
ADANIPORTS-I.NFO,07/01/2020,09:20:44,388.6,388.65,7500,388.8,5000,0,34500000
ADANIPORTS-I.NFO,07/01/2020,09:20:45,388.6,388.6,7500,388.8,5000,5000,34500000
ADANIPORTS-I.NFO,07/01/2020,09:20:46,388.75,388.75,2500,388.9,17500,10000,34500000
ADANIPORTS-I.NFO,07/01/2020,09:20:47,388.8,388.6,2500,388.8,2500,5000,34500000
ADANIPORTS-I.NFO,07/01/2020,09:20:49,388.8,388.65,5000,388.8,2500,2500,34500000
ADANIPORTS-I.NFO,07/01/2020,09:20:50,388.8,388.65,5000,388.8,2500,0,34500000
ADANIPORTS-I.NFO,07/01/2020,09:20:51,388.8,388.7,5000,388.9,17500,2500,34500000
ADANIPORTS-I.NFO,07/01/2020,09:20:52,388.8,388.8,7500,388.9,17500,0,34500000
ADANIPORTS-I.NFO,07/01/2020,09:20:53,388.9,388.85,2500,388.95,7500,20000,34500000
ADANIPORTS-I.NFO,07/01/2020,09:20:54,388.95,388.9,2500,388.95,2500,7500,34500000
ADANIPORTS-I.NFO,07/01/2020,09:20:55,388.95,388.95,5000,389,50000,2500,34500000
ADANIPORTS-I.NFO,07/01/2020,09:20:56,389.1,389.05,2500,389.25,10000,57500,34500000
ADANIPORTS-I.NFO,07/01/2020,09:20:56,389.2,389.05,2500,389.25,10000,0,34500000
ADANIPORTS-I.NFO,07/01/2020,09:20:57,389.25,389.05,7500,389.25,5000,5000,34500000
ADANIPORTS-I.NFO,07/01/2020,09:20:57,389.25,389.05,7500,389.25,5000,0,34500000
ADANIPORTS-I.NFO,07/01/2020,09:20:58,389.25,389.1,2500,389.25,5000,0,34500000
ADANIPORTS-I.NFO,07/01/2020,09:20:59,389.25,389.05,5000,389.25,5000,0,34500000
ADANIPORTS-I.NFO,07/01/2020,09:21:00,389.25,389.1,5000,389.25,5000,0,34500000
ADANIPORTS-I.NFO,07/01/2020,09:21:01,389.25,389.1,5000,389.25,2500,5000,34500000
ADANIPORTS-I.NFO,07/01/2020,09:21:02,389.1,389.05,2500,389.25,2500,15000,34500000
ADANIPORTS-I.NFO,07/01/2020,09:21:02,389.3,389.05,2500,389.25,2500,0,34500000
ADANIPORTS-I.NFO,07/01/2020,09:21:03,389.25,389.05,2500,389.25,2500,2500,34500000
ADANIPORTS-I.NFO,07/01/2020,09:21:04,389.25,389.1,2500,389.3,2500,2500,34500000
ADANIPORTS-I.NFO,07/01/2020,09:21:05,389.3,389.1,2500,389.35,2500,2500,34500000
ADANIPORTS-I.NFO,07/01/2020,09:21:06,389.25,389.1,2500,389.3,2500,10000,34500000
ADANIPORTS-I.NFO,07/01/2020,09:21:07,389.25,389.1,2500,389.3,2500,0,34500000
ADANIPORTS-I.NFO,07/01/2020,09:21:08,389.35,389.1,5000,389.35,10000,17500,34500000
ADANIPORTS-I.NFO,07/01/2020,09:21:08,389.35,389.1,5000,389.35,10000,0,34500000
ADANIPORTS-I.NFO,07/01/2020,09:21:09,389.25,389.25,10000,389.4,5000,12500,34500000
ADANIPORTS-I.NFO,07/01/2020,09:21:10,389.25,389.25,7500,389.4,5000,0,34500000
ADANIPORTS-I.NFO,07/01/2020,09:21:11,389.5,389.4,7500,389.55,5000,30000,34500000
ADANIPORTS-I.NFO,07/01/2020,09:21:11,389.5,389.4,7500,389.55,5000,0,34500000
ADANIPORTS-I.NFO,07/01/2020,09:21:12,389.55,389.5,7500,389.6,2500,5000,34500000
ADANIPORTS-I.NFO,07/01/2020,09:21:12,389.55,389.5,7500,389.6,2500,0,34500000
ADANIPORTS-I.NFO,07/01/2020,09:21:13,389.75,389.75,2500,389.9,5000,125000,34500000
ADANIPORTS-I.NFO,07/01/2020,09:21:13,390,389.75,2500,389.9,5000,0,34500000
ADANIPORTS-I.NFO,07/01/2020,09:21:14,389.75,389.7,7500,389.8,2500,2500,34500000
ADANIPORTS-I.NFO,07/01/2020,09:21:15,389.65,389.6,7500,389.85,7500,22500,34500000
ADANIPORTS-I.NFO,07/01/2020,09:21:16,389.85,389.6,7500,389.9,5000,2500,34500000
ADANIPORTS-I.NFO,07/01/2020,09:21:17,389.9,389.65,7500,389.9,2500,2500,34500000
ADANIPORTS-I.NFO,07/01/2020,09:21:18,389.9,389.65,7500,389.9,2500,0,34500000
ADANIPORTS-I.NFO,07/01/2020,09:21:19,390,389.85,2500,390,40000,2500,34500000
ADANIPORTS-I.NFO,07/01/2020,09:21:20,389.9,389.7,5000,389.8,2500,7500,34500000
ADANIPORTS-I.NFO,07/01/2020,09:21:21,389.65,389.6,5000,389.85,5000,17500,34500000
ADANIPORTS-I.NFO,07/01/2020,09:21:22,389.75,389.65,7500,389.9,2500,30000,34500000
ADANIPORTS-I.NFO,07/01/2020,09:21:23,389.6,389.55,2500,389.85,2500,10000,34500000
ADANIPORTS-I.NFO,07/01/2020,09:21:24,389.85,389.6,7500,389.85,2500,2500,34500000
ADANIPORTS-I.NFO,07/01/2020,09:21:25,389.9,389.6,10000,389.9,2500,5000,34500000
ADANIPORTS-I.NFO,07/01/2020,09:21:26,389.6,389.6,5000,389.8,2500,2500,34500000
ADANIPORTS-I.NFO,07/01/2020,09:21:27,389.8,389.6,5000,389.8,2500,5000,34500000
ADANIPORTS-I.NFO,07/01/2020,09:21:28,389.8,389.65,2500,389.8,2500,10000,34500000
ADANIPORTS-I.NFO,07/01/2020,09:21:29,389.65,389.65,5000,389.9,5000,5000,34500000
ADANIPORTS-I.NFO,07/01/2020,09:21:30,389.55,389.5,30000,389.75,5000,20000,34500000
ADANIPORTS-I.NFO,07/01/2020,09:21:31,389.55,389.5,30000,389.6,2500,0,34500000
ADANIPORTS-I.NFO,07/01/2020,09:21:32,389.75,389.5,32500,389.8,2500,7500,34500000
ADANIPORTS-I.NFO,07/01/2020,09:21:33,389.8,389.55,5000,389.8,2500,2500,34500000
ADANIPORTS-I.NFO,07/01/2020,09:21:34,389.6,389.5,32500,389.7,2500,2500,34500000
ADANIPORTS-I.NFO,07/01/2020,09:21:35,389.5,389.5,25000,389.7,5000,7500,34500000
ADANIPORTS-I.NFO,07/01/2020,09:21:36,389.5,389.5,25000,389.65,2500,0,34500000
ADANIPORTS-I.NFO,07/01/2020,09:21:37,389.4,389.4,22500,389.6,5000,32500,34500000
ADANIPORTS-I.NFO,07/01/2020,09:21:38,389.4,389.4,22500,389.6,5000,0,34500000
ADANIPORTS-I.NFO,07/01/2020,09:21:39,389.6,389.5,2500,389.65,2500,2500,34500000
ADANIPORTS-I.NFO,07/01/2020,09:21:40,389.75,389.55,2500,389.8,5000,25000,34500000
ADANIPORTS-I.NFO,07/01/2020,09:21:41,389.5,389.5,2500,389.75,2500,35000,34500000
ADANIPORTS-I.NFO,07/01/2020,09:21:42,389.5,389.5,2500,389.7,2500,10000,34500000
ADANIPORTS-I.NFO,07/01/2020,09:21:43,389.55,389.55,2500,389.75,2500,5000,34500000
ADANIPORTS-I.NFO,07/01/2020,09:21:44,389.55,389.55,5000,389.75,2500,0,34500000
ADANIPORTS-I.NFO,07/01/2020,09:21:45,389.55,389.55,2500,389.8,2500,0,34500000
ADANIPORTS-I.NFO,07/01/2020,09:21:47,389.55,389.55,2500,389.75,2500,2500,34500000
ADANIPORTS-I.NFO,07/01/2020,09:21:48,389.55,389.55,2500,389.75,2500,0,34500000
ADANIPORTS-I.NFO,07/01/2020,09:21:49,389.55,389.5,30000,389.6,2500,0,34500000
ADANIPORTS-I.NFO,07/01/2020,09:21:50,389.5,389.5,27500,389.6,2500,2500,34500000
ADANIPORTS-I.NFO,07/01/2020,09:21:51,389.6,389.5,30000,389.75,5000,5000,34500000
ADANIPORTS-I.NFO,07/01/2020,09:21:52,389.6,389.5,30000,389.75,5000,0,34500000
ADANIPORTS-I.NFO,07/01/2020,09:21:53,389.6,389.6,7500,389.85,5000,60000,34500000
ADANIPORTS-I.NFO,07/01/2020,09:21:54,389.6,389.6,2500,389.85,5000,0,34500000
ADANIPORTS-I.NFO,07/01/2020,09:21:55,389.6,389.6,2500,389.75,2500,0,34500000
ADANIPORTS-I.NFO,07/01/2020,09:21:58,389.75,389.65,2500,389.8,2500,7500,34500000
ADANIPORTS-I.NFO,07/01/2020,09:21:59,389.75,389.65,2500,389.8,2500,0,34500000
ADANIPORTS-I.NFO,07/01/2020,09:22:01,389.8,389.8,2500,389.9,2500,2500,34500000
ADANIPORTS-I.NFO,07/01/2020,09:22:02,389.95,389.85,7500,389.95,5000,10000,34500000
ADANIPORTS-I.NFO,07/01/2020,09:22:03,389.95,389.85,2500,389.95,2500,10000,34500000
ADANIPORTS-I.NFO,07/01/2020,09:22:04,390,389.85,5000,390,75000,12500,34500000
ADANIPORTS-I.NFO,07/01/2020,09:22:05,389.95,389.75,2500,390,77500,12500,34500000
ADANIPORTS-I.NFO,07/01/2020,09:22:06,389.7,389.65,7500,389.85,2500,40000,34500000
ADANIPORTS-I.NFO,07/01/2020,09:22:07,389.7,389.65,7500,389.85,2500,0,34500000
ADANIPORTS-I.NFO,07/01/2020,09:22:09,389.7,389.65,2500,389.8,2500,0,34500000
ADANIPORTS-I.NFO,07/01/2020,09:22:10,389.7,389.6,2500,389.7,2500,0,34500000
ADANIPORTS-I.NFO,07/01/2020,09:22:11,389.6,389.5,30000,389.8,2500,7500,34500000
ADANIPORTS-I.NFO,07/01/2020,09:22:12,390,389.65,5000,389.95,5000,10000,34500000
ADANIPORTS-I.NFO,07/01/2020,09:22:13,389.85,389.6,2500,389.8,2500,7500,34500000
ADANIPORTS-I.NFO,07/01/2020,09:22:14,389.6,389.55,7500,389.8,7500,2500,34500000
ADANIPORTS-I.NFO,07/01/2020,09:22:15,389.75,389.6,2500,389.8,2500,7500,34500000
ADANIPORTS-I.NFO,07/01/2020,09:22:16,389.65,389.6,2500,389.85,2500,7500,34500000
ADANIPORTS-I.NFO,07/01/2020,09:22:17,389.75,389.7,2500,390,32500,25000,34500000
ADANIPORTS-I.NFO,07/01/2020,09:22:18,389.75,389.7,2500,390,32500,0,34500000
ADANIPORTS-I.NFO,07/01/2020,09:22:19,389.6,389.6,7500,389.85,2500,10000,34500000
ADANIPORTS-I.NFO,07/01/2020,09:22:20,389.6,389.6,2500,389.85,5000,2500,34500000
ADANIPORTS-I.NFO,07/01/2020,09:22:21,389.6,389.6,2500,389.85,2500,0,34500000
ADANIPORTS-I.NFO,07/01/2020,09:22:22,389.6,389.55,2500,389.85,5000,10000,34500000
ADANIPORTS-I.NFO,07/01/2020,09:22:23,390,389.75,2500,389.95,2500,32500,34500000
ADANIPORTS-I.NFO,07/01/2020,09:22:24,390,389.75,2500,389.95,2500,0,34500000
ADANIPORTS-I.NFO,07/01/2020,09:22:25,390,389.8,2500,390,25000,0,34500000
ADANIPORTS-I.NFO,07/01/2020,09:22:26,390,389.75,2500,390,25000,0,34500000
ADANIPORTS-I.NFO,07/01/2020,09:22:27,390,389.75,2500,389.95,2500,0,34500000
ADANIPORTS-I.NFO,07/01/2020,09:22:28,390,389.85,2500,390,25000,0,34500000
ADANIPORTS-I.NFO,07/01/2020,09:22:29,390,389.85,2500,390,15000,10000,34500000
ADANIPORTS-I.NFO,07/01/2020,09:22:30,389.85,389.75,2500,390,17500,5000,34500000
ADANIPORTS-I.NFO,07/01/2020,09:22:31,389.8,389.75,2500,390,5000,17500,34500000
ADANIPORTS-I.NFO,07/01/2020,09:22:32,389.8,389.75,2500,390,5000,5000,34500000
ADANIPORTS-I.NFO,07/01/2020,09:22:33,389.8,389.8,2500,390,2500,0,34500000
ADANIPORTS-I.NFO,07/01/2020,09:22:35,389.95,389.8,2500,390,2500,5000,34500000
ADANIPORTS-I.NFO,07/01/2020,09:22:36,389.85,389.85,2500,390.1,2500,67500,34500000
ADANIPORTS-I.NFO,07/01/2020,09:22:36,390.1,389.85,2500,390.1,2500,0,34500000
ADANIPORTS-I.NFO,07/01/2020,09:22:37,390,389.9,2500,390,2500,12500,34500000
ADANIPORTS-I.NFO,07/01/2020,09:22:37,390.15,389.9,2500,390,2500,0,34500000
ADANIPORTS-I.NFO,07/01/2020,09:22:38,390,390.1,2500,390.25,2500,2500,34500000
ADANIPORTS-I.NFO,07/01/2020,09:22:39,390,390.1,2500,390.25,2500,0,34500000
ADANIPORTS-I.NFO,07/01/2020,09:22:40,390,390.1,2500,390.3,15000,0,34500000
ADANIPORTS-I.NFO,07/01/2020,09:22:41,390,390,2500,390.25,2500,15000,34500000
ADANIPORTS-I.NFO,07/01/2020,09:22:41,390.3,390,2500,390.25,2500,0,34500000
ADANIPORTS-I.NFO,07/01/2020,09:22:42,390,390.05,2500,390.2,2500,2500,34500000
ADANIPORTS-I.NFO,07/01/2020,09:22:43,390,390.05,2500,390.25,2500,0,34500000
ADANIPORTS-I.NFO,07/01/2020,09:22:44,390.05,390,7500,390.2,2500,12500,34500000
ADANIPORTS-I.NFO,07/01/2020,09:22:45,390,390,10000,390.2,2500,2500,34500000
ADANIPORTS-I.NFO,07/01/2020,09:22:46,390.3,390.05,2500,390.2,2500,10000,34500000
ADANIPORTS-I.NFO,07/01/2020,09:22:47,390,390,7500,390.2,2500,5000,34500000
ADANIPORTS-I.NFO,07/01/2020,09:22:48,390,390,7500,390.2,2500,0,34500000
ADANIPORTS-I.NFO,07/01/2020,09:22:49,390.25,390.05,5000,390.3,2500,2500,34500000
ADANIPORTS-I.NFO,07/01/2020,09:22:50,390.05,390,10000,390.25,2500,2500,34500000
ADANIPORTS-I.NFO,07/01/2020,09:22:51,390.05,390.05,2500,390.25,2500,2500,34500000
ADANIPORTS-I.NFO,07/01/2020,09:22:52,390.05,390,10000,390.25,2500,0,34500000
ADANIPORTS-I.NFO,07/01/2020,09:22:53,390.05,390,12500,390.25,2500,0,34500000
ADANIPORTS-I.NFO,07/01/2020,09:22:54,390.35,390.25,2500,390.35,2500,5000,34500000
ADANIPORTS-I.NFO,07/01/2020,09:22:54,390.35,390.25,2500,390.35,2500,0,34500000
ADANIPORTS-I.NFO,07/01/2020,09:22:55,390.25,390.2,2500,390.4,2500,7500,34500000
ADANIPORTS-I.NFO,07/01/2020,09:22:55,390.4,390.2,2500,390.4,2500,0,34500000
ADANIPORTS-I.NFO,07/01/2020,09:22:56,390.25,390.2,2500,390.4,2500,0,34500000
ADANIPORTS-I.NFO,07/01/2020,09:22:58,390.45,390.25,2500,390.5,20000,7500,34500000
ADANIPORTS-I.NFO,07/01/2020,09:22:58,390.45,390.25,2500,390.5,20000,0,34500000
ADANIPORTS-I.NFO,07/01/2020,09:22:59,390.25,390.25,2500,390.45,2500,10000,34500000
ADANIPORTS-I.NFO,07/01/2020,09:23:00,390.4,390.35,2500,390.55,20000,35000,34500000
ADANIPORTS-I.NFO,07/01/2020,09:23:00,390.55,390.35,2500,390.55,20000,0,34500000
ADANIPORTS-I.NFO,07/01/2020,09:23:01,390.4,390.35,7500,390.55,20000,0,34500000
ADANIPORTS-I.NFO,07/01/2020,09:23:02,390.45,390.4,2500,390.6,12500,22500,34500000
ADANIPORTS-I.NFO,07/01/2020,09:23:03,390.45,390.35,2500,390.6,12500,5000,34500000
ADANIPORTS-I.NFO,07/01/2020,09:23:03,390.6,390.35,2500,390.6,12500,0,34500000
ADANIPORTS-I.NFO,07/01/2020,09:23:04,390.4,390.3,2500,390.55,2500,5000,34500000
ADANIPORTS-I.NFO,07/01/2020,09:23:05,390.4,390.3,2500,390.55,2500,0,34500000
ADANIPORTS-I.NFO,07/01/2020,09:23:06,390.75,390.35,7500,390.7,5000,22500,34500000
ADANIPORTS-I.NFO,07/01/2020,09:23:06,390.75,390.35,7500,390.7,5000,0,34500000
ADANIPORTS-I.NFO,07/01/2020,09:23:07,390.2,390.1,2500,390.3,2500,30000,34500000
ADANIPORTS-I.NFO,07/01/2020,09:23:08,390.3,390.2,2500,390.4,2500,2500,34500000
ADANIPORTS-I.NFO,07/01/2020,09:23:09,390.5,390.5,5000,390.65,2500,20000,34500000
ADANIPORTS-I.NFO,07/01/2020,09:23:10,390.35,390.35,2500,390.55,2500,15000,34500000
ADANIPORTS-I.NFO,07/01/2020,09:23:11,390.55,390.35,2500,390.6,2500,2500,34500000
ADANIPORTS-I.NFO,07/01/2020,09:23:12,390.7,390.4,5000,390.6,2500,5000,34760000
ADANIPORTS-I.NFO,07/01/2020,09:23:13,390.35,390.3,5000,390.5,2500,7500,34760000
ADANIPORTS-I.NFO,07/01/2020,09:23:14,390.5,390.3,5000,390.5,2500,2500,34760000
ADANIPORTS-I.NFO,07/01/2020,09:23:15,390.5,390.3,7500,390.45,2500,0,34760000
ADANIPORTS-I.NFO,07/01/2020,09:23:17,390.5,390.3,5000,390.45,2500,0,34760000
ADANIPORTS-I.NFO,07/01/2020,09:23:18,390.45,390.3,5000,390.5,5000,2500,34760000
ADANIPORTS-I.NFO,07/01/2020,09:23:19,390.45,390.3,5000,390.5,5000,0,34760000
ADANIPORTS-I.NFO,07/01/2020,09:23:20,390.5,390.3,2500,390.55,2500,12500,34760000
ADANIPORTS-I.NFO,07/01/2020,09:23:21,390.5,390.3,5000,390.6,2500,0,34760000
ADANIPORTS-I.NFO,07/01/2020,09:23:22,390.65,390.45,2500,390.7,2500,7500,34760000
ADANIPORTS-I.NFO,07/01/2020,09:23:23,390.45,390.4,2500,390.65,5000,2500,34760000
ADANIPORTS-I.NFO,07/01/2020,09:23:24,390.45,390.4,2500,390.65,5000,0,34760000
ADANIPORTS-I.NFO,07/01/2020,09:23:26,390.55,390.4,2500,390.6,2500,2500,34760000
ADANIPORTS-I.NFO,07/01/2020,09:23:27,390.4,390.35,2500,390.6,2500,2500,34760000
ADANIPORTS-I.NFO,07/01/2020,09:23:28,390.6,390.3,5000,390.65,2500,5000,34760000
ADANIPORTS-I.NFO,07/01/2020,09:23:29,390.6,390.3,2500,390.55,2500,0,34760000
ADANIPORTS-I.NFO,07/01/2020,09:23:30,390.55,390.3,5000,390.55,2500,2500,34760000
ADANIPORTS-I.NFO,07/01/2020,09:23:31,390.5,390.3,5000,390.55,2500,2500,34760000
ADANIPORTS-I.NFO,07/01/2020,09:23:32,390.75,390.55,2500,390.7,2500,12500,34760000
ADANIPORTS-I.NFO,07/01/2020,09:23:33,390.6,390.3,5000,390.65,5000,35000,34760000
ADANIPORTS-I.NFO,07/01/2020,09:23:34,390.55,390.5,2500,390.7,7500,17500,34760000
ADANIPORTS-I.NFO,07/01/2020,09:23:35,390.5,390.45,2500,390.55,2500,2500,34760000
ADANIPORTS-I.NFO,07/01/2020,09:23:36,390.5,390.45,2500,390.55,2500,0,34760000
ADANIPORTS-I.NFO,07/01/2020,09:23:37,390.5,390.3,2500,390.55,2500,5000,34760000
ADANIPORTS-I.NFO,07/01/2020,09:23:38,390.55,390.55,2500,390.7,2500,2500,34760000
ADANIPORTS-I.NFO,07/01/2020,09:23:39,390.55,390.55,2500,390.7,2500,0,34760000
ADANIPORTS-I.NFO,07/01/2020,09:23:40,390.55,390.5,27500,390.7,7500,2500,34760000
ADANIPORTS-I.NFO,07/01/2020,09:23:41,390.5,390.5,25000,390.65,5000,2500,34760000
ADANIPORTS-I.NFO,07/01/2020,09:23:42,390.5,390.5,25000,390.65,5000,0,34760000
ADANIPORTS-I.NFO,07/01/2020,09:23:43,390.45,390.25,5000,390.5,5000,27500,34760000
ADANIPORTS-I.NFO,07/01/2020,09:23:44,390.45,390.25,5000,390.5,5000,0,34760000
ADANIPORTS-I.NFO,07/01/2020,09:23:45,390.5,390.25,2500,390.5,2500,5000,34760000
ADANIPORTS-I.NFO,07/01/2020,09:23:46,390.05,390.1,2500,390.35,2500,15000,34760000
ADANIPORTS-I.NFO,07/01/2020,09:23:47,390.4,390.2,2500,390.45,2500,2500,34760000
ADANIPORTS-I.NFO,07/01/2020,09:23:48,390.25,390.15,5000,390.45,2500,2500,34760000
ADANIPORTS-I.NFO,07/01/2020,09:23:49,390.5,390.5,7500,390.55,5000,17500,34760000
ADANIPORTS-I.NFO,07/01/2020,09:23:50,390.5,390.5,7500,390.55,5000,0,34760000
ADANIPORTS-I.NFO,07/01/2020,09:23:51,390.55,390.4,2500,390.55,15000,25000,34760000
ADANIPORTS-I.NFO,07/01/2020,09:23:52,390.55,390.4,2500,390.55,12500,5000,34760000
ADANIPORTS-I.NFO,07/01/2020,09:23:53,390.15,390.15,2500,390.45,5000,15000,34760000
ADANIPORTS-I.NFO,07/01/2020,09:23:54,390.15,390.15,2500,390.45,2500,2500,34760000
ADANIPORTS-I.NFO,07/01/2020,09:23:55,390.05,390.05,2500,390.35,2500,12500,34760000
ADANIPORTS-I.NFO,07/01/2020,09:23:56,390.05,390.05,2500,390.35,2500,0,34760000
ADANIPORTS-I.NFO,07/01/2020,09:23:57,390.05,390.05,5000,390.35,2500,0,34760000
ADANIPORTS-I.NFO,07/01/2020,09:23:58,389.9,389.9,2500,390.2,2500,60000,34760000
ADANIPORTS-I.NFO,07/01/2020,09:23:59,389.9,389.85,2500,390.1,2500,0,34760000
ADANIPORTS-I.NFO,07/01/2020,09:24:00,390.1,389.9,5000,390.15,2500,2500,34760000
ADANIPORTS-I.NFO,07/01/2020,09:24:01,390,389.9,2500,390,5000,5000,34760000
ADANIPORTS-I.NFO,07/01/2020,09:24:02,390,389.85,2500,390.1,2500,20000,34760000
ADANIPORTS-I.NFO,07/01/2020,09:24:03,390.1,389.85,2500,390.1,2500,2500,34760000
ADANIPORTS-I.NFO,07/01/2020,09:24:04,390.1,389.9,2500,390.15,2500,0,34760000
ADANIPORTS-I.NFO,07/01/2020,09:24:05,389.7,389.65,2500,389.95,2500,15000,34760000
ADANIPORTS-I.NFO,07/01/2020,09:24:06,389.7,389.6,2500,389.85,5000,0,34760000
ADANIPORTS-I.NFO,07/01/2020,09:24:07,389.7,389.55,5000,389.8,2500,5000,34760000
ADANIPORTS-I.NFO,07/01/2020,09:24:08,389.7,389.55,7500,389.8,2500,0,34760000
ADANIPORTS-I.NFO,07/01/2020,09:24:09,389.7,389.5,35000,389.75,2500,12500,34760000
ADANIPORTS-I.NFO,07/01/2020,09:24:10,389.7,389.5,35000,389.7,2500,0,34760000
ADANIPORTS-I.NFO,07/01/2020,09:24:11,389.65,389.6,12500,389.7,2500,2500,34760000
ADANIPORTS-I.NFO,07/01/2020,09:24:12,389.5,389.55,2500,389.65,2500,15000,34760000
ADANIPORTS-I.NFO,07/01/2020,09:24:13,389.55,389.5,32500,389.65,2500,2500,34760000
ADANIPORTS-I.NFO,07/01/2020,09:24:14,389.55,389.5,30000,389.7,5000,5000,34760000
ADANIPORTS-I.NFO,07/01/2020,09:24:15,389.5,389.2,5000,389.55,2500,30000,34760000
ADANIPORTS-I.NFO,07/01/2020,09:24:16,389.5,389.4,2500,389.65,2500,0,34760000
ADANIPORTS-I.NFO,07/01/2020,09:24:17,389.5,389.4,2500,389.65,5000,0,34760000
ADANIPORTS-I.NFO,07/01/2020,09:24:18,389.7,389.65,20000,389.85,2500,10000,34760000
ADANIPORTS-I.NFO,07/01/2020,09:24:19,389.65,389.5,2500,389.55,2500,22500,34760000
ADANIPORTS-I.NFO,07/01/2020,09:24:20,389.65,389.5,2500,389.55,2500,0,34760000
ADANIPORTS-I.NFO,07/01/2020,09:24:22,389.65,389.5,7500,389.55,2500,0,34760000
ADANIPORTS-I.NFO,07/01/2020,09:24:23,389.55,389.55,2500,389.75,2500,2500,34760000
ADANIPORTS-I.NFO,07/01/2020,09:24:24,389.55,389.55,2500,389.6,2500,0,34760000
ADANIPORTS-I.NFO,07/01/2020,09:24:29,389.6,389.55,5000,389.7,2500,5000,34760000
ADANIPORTS-I.NFO,07/01/2020,09:24:29,389.6,389.55,5000,389.7,2500,0,34760000
ADANIPORTS-I.NFO,07/01/2020,09:24:31,389.6,389.55,5000,389.75,2500,0,34760000
ADANIPORTS-I.NFO,07/01/2020,09:24:32,389.6,389.7,5000,389.75,2500,0,34760000
ADANIPORTS-I.NFO,07/01/2020,09:24:33,389.75,389.7,5000,389.85,2500,5000,34760000
ADANIPORTS-I.NFO,07/01/2020,09:24:35,389.85,389.7,7500,389.85,2500,7500,34760000
ADANIPORTS-I.NFO,07/01/2020,09:24:35,389.85,389.7,7500,389.8,2500,0,34760000
ADANIPORTS-I.NFO,07/01/2020,09:24:36,389.9,389.7,5000,389.9,2500,7500,34760000
ADANIPORTS-I.NFO,07/01/2020,09:24:37,389.9,389.7,5000,389.9,2500,2500,34760000
ADANIPORTS-I.NFO,07/01/2020,09:24:38,389.9,389.75,2500,390,7500,10000,34760000
ADANIPORTS-I.NFO,07/01/2020,09:24:39,389.8,389.85,2500,389.95,2500,2500,34760000
ADANIPORTS-I.NFO,07/01/2020,09:24:40,389.8,389.85,2500,389.95,2500,0,34760000
ADANIPORTS-I.NFO,07/01/2020,09:24:41,389.95,389.85,2500,390,10000,2500,34760000
ADANIPORTS-I.NFO,07/01/2020,09:24:42,389.85,389.8,2500,389.95,5000,2500,34760000
ADANIPORTS-I.NFO,07/01/2020,09:24:43,389.85,389.8,2500,389.9,2500,0,34760000
ADANIPORTS-I.NFO,07/01/2020,09:24:44,389.6,389.55,2500,389.7,5000,5000,34760000
ADANIPORTS-I.NFO,07/01/2020,09:24:45,389.6,389.55,2500,389.7,5000,0,34760000
ADANIPORTS-I.NFO,07/01/2020,09:24:49,389.55,389.5,7500,389.65,2500,2500,34760000
ADANIPORTS-I.NFO,07/01/2020,09:24:50,389.55,389.5,7500,389.7,5000,0,34760000
ADANIPORTS-I.NFO,07/01/2020,09:24:51,389.55,389.55,2500,389.7,5000,0,34760000
ADANIPORTS-I.NFO,07/01/2020,09:24:52,389.5,389.5,7500,389.7,5000,30000,34760000
ADANIPORTS-I.NFO,07/01/2020,09:24:53,389.55,389.5,7500,389.7,5000,2500,34760000
ADANIPORTS-I.NFO,07/01/2020,09:24:54,389.85,389.6,2500,389.9,5000,7500,34760000
ADANIPORTS-I.NFO,07/01/2020,09:24:55,389.6,389.55,2500,389.8,2500,2500,34760000
ADANIPORTS-I.NFO,07/01/2020,09:24:57,389.5,389.5,2500,389.7,2500,7500,34760000
ADANIPORTS-I.NFO,07/01/2020,09:24:57,389.5,389.5,2500,389.65,2500,0,34760000
ADANIPORTS-I.NFO,07/01/2020,09:24:58,389.65,389.5,2500,389.7,5000,2500,34760000
ADANIPORTS-I.NFO,07/01/2020,09:24:59,389.65,389.5,2500,389.7,5000,0,34760000
ADANIPORTS-I.NFO,07/01/2020,09:25:01,389.55,389.5,2500,389.7,2500,2500,34760000
ADANIPORTS-I.NFO,07/01/2020,09:25:02,389.75,389.55,2500,389.75,2500,5000,34760000
ADANIPORTS-I.NFO,07/01/2020,09:25:03,389.55,389.5,2500,389.75,2500,2500,34760000
ADANIPORTS-I.NFO,07/01/2020,09:25:04,389.55,389.5,2500,389.65,5000,0,34760000
ADANIPORTS-I.NFO,07/01/2020,09:25:08,389.65,389.55,2500,389.65,2500,2500,34760000
ADANIPORTS-I.NFO,07/01/2020,09:25:09,389.65,389.5,5000,389.65,2500,0,34760000
ADANIPORTS-I.NFO,07/01/2020,09:25:11,389.65,389.55,2500,389.65,2500,0,34760000
ADANIPORTS-I.NFO,07/01/2020,09:25:14,389.65,389.55,2500,389.7,2500,2500,34760000
ADANIPORTS-I.NFO,07/01/2020,09:25:15,389.65,389.55,2500,389.7,2500,0,34760000
ADANIPORTS-I.NFO,07/01/2020,09:25:16,389.65,389.65,2500,389.7,2500,0,34760000
ADANIPORTS-I.NFO,07/01/2020,09:25:18,389.65,389.65,2500,389.7,5000,0,34760000
ADANIPORTS-I.NFO,07/01/2020,09:25:19,389.5,389.4,2500,389.5,5000,7500,34760000
ADANIPORTS-I.NFO,07/01/2020,09:25:20,389.5,389.45,2500,389.5,5000,0,34760000
ADANIPORTS-I.NFO,07/01/2020,09:25:21,389.3,389.3,2500,389.55,2500,7500,34760000
ADANIPORTS-I.NFO,07/01/2020,09:25:23,389.3,389.5,25000,389.65,2500,0,34760000
ADANIPORTS-I.NFO,07/01/2020,09:25:23,389.3,389.5,25000,389.65,5000,0,34760000
ADANIPORTS-I.NFO,07/01/2020,09:25:25,389.5,389.5,22500,389.65,7500,2500,34760000
ADANIPORTS-I.NFO,07/01/2020,09:25:26,389.5,389.3,2500,389.5,2500,22500,34760000
ADANIPORTS-I.NFO,07/01/2020,09:25:27,389.5,389.3,2500,389.5,2500,0,34760000
ADANIPORTS-I.NFO,07/01/2020,09:25:28,389.65,389.35,5000,389.6,5000,32500,34760000
ADANIPORTS-I.NFO,07/01/2020,09:25:29,389.65,389.35,2500,389.5,5000,0,34760000
ADANIPORTS-I.NFO,07/01/2020,09:25:30,389,389.05,2500,389.35,2500,27500,34760000
ADANIPORTS-I.NFO,07/01/2020,09:25:31,389,389,37500,389.25,2500,0,34760000
ADANIPORTS-I.NFO,07/01/2020,09:25:33,389,389,37500,389.25,5000,0,34760000
ADANIPORTS-I.NFO,07/01/2020,09:25:34,389.25,389.05,5000,389.25,2500,2500,34760000
ADANIPORTS-I.NFO,07/01/2020,09:25:35,389.05,389,40000,389.25,2500,2500,34760000
ADANIPORTS-I.NFO,07/01/2020,09:25:36,389.05,389,35000,389.2,2500,5000,34760000
ADANIPORTS-I.NFO,07/01/2020,09:25:37,389,389,32500,389.2,2500,2500,34760000
ADANIPORTS-I.NFO,07/01/2020,09:25:38,389,388.85,2500,389,2500,42500,34760000
ADANIPORTS-I.NFO,07/01/2020,09:25:39,389,388.85,2500,389,2500,2500,34760000
ADANIPORTS-I.NFO,07/01/2020,09:25:41,389,389,2500,389.15,2500,2500,34760000
ADANIPORTS-I.NFO,07/01/2020,09:25:42,389,389,2500,389.15,2500,0,34760000
ADANIPORTS-I.NFO,07/01/2020,09:25:45,389,389,2500,389.2,2500,0,34760000
ADANIPORTS-I.NFO,07/01/2020,09:25:46,389,389.05,2500,389.2,2500,0,34760000
ADANIPORTS-I.NFO,07/01/2020,09:25:47,389.3,389.1,2500,389.35,2500,5000,34760000
ADANIPORTS-I.NFO,07/01/2020,09:25:48,389.3,389.2,5000,389.4,2500,0,34760000
ADANIPORTS-I.NFO,07/01/2020,09:25:49,389.3,389.25,2500,389.45,2500,0,34760000
ADANIPORTS-I.NFO,07/01/2020,09:25:50,389.4,389.25,2500,389.45,2500,2500,34760000
ADANIPORTS-I.NFO,07/01/2020,09:25:51,389.4,389.25,2500,389.5,7500,0,34760000
ADANIPORTS-I.NFO,07/01/2020,09:25:52,389.4,389.2,5000,389.45,7500,0,34760000
ADANIPORTS-I.NFO,07/01/2020,09:25:53,389.4,389.2,5000,389.45,5000,0,34760000
ADANIPORTS-I.NFO,07/01/2020,09:25:54,389.4,389.25,2500,389.5,7500,2500,34760000
ADANIPORTS-I.NFO,07/01/2020,09:25:55,389.4,389.25,2500,389.5,7500,0,34760000
ADANIPORTS-I.NFO,07/01/2020,09:25:56,389.4,389.2,5000,389.45,5000,0,34760000
ADANIPORTS-I.NFO,07/01/2020,09:25:57,389.1,389.05,2500,389.25,2500,10000,34760000
ADANIPORTS-I.NFO,07/01/2020,09:25:59,389.1,389.05,2500,389.25,2500,0,34760000
ADANIPORTS-I.NFO,07/01/2020,09:26:01,389.05,389,12500,389.2,5000,10000,34760000
ADANIPORTS-I.NFO,07/01/2020,09:26:02,389,389,10000,389.15,2500,5000,34760000
ADANIPORTS-I.NFO,07/01/2020,09:26:03,389,389,10000,389.15,2500,0,34760000
ADANIPORTS-I.NFO,07/01/2020,09:26:04,389.3,389.3,5000,389.45,2500,15000,34760000
ADANIPORTS-I.NFO,07/01/2020,09:26:05,389.45,389.3,5000,389.5,7500,2500,34760000
ADANIPORTS-I.NFO,07/01/2020,09:26:07,389.25,389.2,2500,389.4,5000,7500,34760000
ADANIPORTS-I.NFO,07/01/2020,09:26:07,389.25,389.2,2500,389.4,5000,0,34760000
ADANIPORTS-I.NFO,07/01/2020,09:26:08,389.25,389.3,5000,389.4,2500,0,34760000
ADANIPORTS-I.NFO,07/01/2020,09:26:10,389.25,389.3,5000,389.35,2500,0,34760000
ADANIPORTS-I.NFO,07/01/2020,09:26:13,389.3,389.25,7500,389.35,2500,5000,34932500
ADANIPORTS-I.NFO,07/01/2020,09:26:13,389.3,389.25,7500,389.3,12500,2500,34932500
ADANIPORTS-I.NFO,07/01/2020,09:26:15,389.2,389,15000,389.25,2500,10000,34932500
ADANIPORTS-I.NFO,07/01/2020,09:26:15,389.2,389,15000,389.25,2500,0,34932500
ADANIPORTS-I.NFO,07/01/2020,09:26:16,389,389,12500,389.25,10000,2500,34932500
ADANIPORTS-I.NFO,07/01/2020,09:26:17,389.05,389,12500,389.15,2500,2500,34932500
ADANIPORTS-I.NFO,07/01/2020,09:26:18,389.05,389,12500,389.15,2500,0,34932500
ADANIPORTS-I.NFO,07/01/2020,09:26:20,389,388.8,10000,389,2500,12500,34932500
ADANIPORTS-I.NFO,07/01/2020,09:26:21,389.1,388.85,2500,389.1,2500,10000,34932500
ADANIPORTS-I.NFO,07/01/2020,09:26:22,388.85,388.8,5000,389.1,2500,2500,34932500
ADANIPORTS-I.NFO,07/01/2020,09:26:23,388.85,388.8,5000,389,2500,0,34932500
ADANIPORTS-I.NFO,07/01/2020,09:26:24,388.85,388.8,7500,389,17500,0,34932500
ADANIPORTS-I.NFO,07/01/2020,09:26:27,388.8,388.8,5000,389,17500,2500,34932500
ADANIPORTS-I.NFO,07/01/2020,09:26:27,388.8,388.8,5000,389,17500,0,34932500
ADANIPORTS-I.NFO,07/01/2020,09:26:28,388.8,388.75,2500,389,17500,5000,34932500
ADANIPORTS-I.NFO,07/01/2020,09:26:29,388.8,388.7,5000,388.95,2500,17500,34932500
ADANIPORTS-I.NFO,07/01/2020,09:26:30,388.8,388.7,5000,389,15000,0,34932500
ADANIPORTS-I.NFO,07/01/2020,09:26:31,388.8,388.8,2500,389,17500,0,34932500
ADANIPORTS-I.NFO,07/01/2020,09:26:33,388.8,388.7,2500,388.95,2500,5000,34932500
ADANIPORTS-I.NFO,07/01/2020,09:26:34,388.7,388.65,2500,388.85,2500,7500,34932500
ADANIPORTS-I.NFO,07/01/2020,09:26:36,388.9,388.85,2500,389.1,2500,25000,34932500
ADANIPORTS-I.NFO,07/01/2020,09:26:36,388.9,388.85,2500,389.1,2500,0,34932500
ADANIPORTS-I.NFO,07/01/2020,09:26:39,388.9,388.85,5000,389.1,2500,0,34932500
ADANIPORTS-I.NFO,07/01/2020,09:26:41,388.9,388.85,2500,389,2500,10000,34932500
ADANIPORTS-I.NFO,07/01/2020,09:26:42,389.05,388.85,2500,389.1,2500,5000,34932500
ADANIPORTS-I.NFO,07/01/2020,09:26:43,389.05,388.85,2500,389.1,2500,0,34932500
ADANIPORTS-I.NFO,07/01/2020,09:26:44,389.25,389.1,2500,389.3,5000,10000,34932500
ADANIPORTS-I.NFO,07/01/2020,09:26:45,389.25,389.2,2500,389.3,5000,0,34932500
ADANIPORTS-I.NFO,07/01/2020,09:26:46,389.3,389.15,2500,389.3,2500,5000,34932500
ADANIPORTS-I.NFO,07/01/2020,09:26:47,389.3,389.15,2500,389.3,2500,0,34932500
ADANIPORTS-I.NFO,07/01/2020,09:26:50,389.3,389.15,5000,389.45,5000,2500,34932500
ADANIPORTS-I.NFO,07/01/2020,09:26:51,389.15,389.2,2500,389.4,2500,2500,34932500
ADANIPORTS-I.NFO,07/01/2020,09:26:52,389.15,389.2,2500,389.4,2500,0,34932500
ADANIPORTS-I.NFO,07/01/2020,09:26:53,389.15,389.2,2500,389.3,2500,0,34932500
ADANIPORTS-I.NFO,07/01/2020,09:26:56,389.15,389.2,5000,389.3,2500,0,34932500
ADANIPORTS-I.NFO,07/01/2020,09:26:58,389.3,389.2,5000,389.4,2500,2500,34932500
ADANIPORTS-I.NFO,07/01/2020,09:26:59,389.3,389.2,5000,389.4,2500,0,34932500
ADANIPORTS-I.NFO,07/01/2020,09:27:00,389.2,389.2,2500,389.4,2500,2500,34932500
ADANIPORTS-I.NFO,07/01/2020,09:27:01,389.2,389.15,2500,389.3,2500,5000,34932500
ADANIPORTS-I.NFO,07/01/2020,09:27:02,389.05,388.85,7500,389.2,2500,15000,34932500
ADANIPORTS-I.NFO,07/01/2020,09:27:04,389.05,389.05,2500,389.3,5000,0,34932500
ADANIPORTS-I.NFO,07/01/2020,09:27:07,389.05,389.05,2500,389.25,2500,2500,34932500
ADANIPORTS-I.NFO,07/01/2020,09:27:08,389.05,389,2500,389.25,2500,0,34932500
ADANIPORTS-I.NFO,07/01/2020,09:27:09,389.05,389,5000,389.2,2500,0,34932500
ADANIPORTS-I.NFO,07/01/2020,09:27:11,389,388.85,5000,389.15,5000,22500,34932500
ADANIPORTS-I.NFO,07/01/2020,09:27:12,389,388.85,5000,389.15,7500,0,34932500
ADANIPORTS-I.NFO,07/01/2020,09:27:13,389,388.85,5000,389.05,2500,0,34932500
ADANIPORTS-I.NFO,07/01/2020,09:27:15,389.15,388.85,2500,389.1,2500,5000,34932500
ADANIPORTS-I.NFO,07/01/2020,09:27:17,389.15,389.05,2500,389.25,2500,0,34932500
ADANIPORTS-I.NFO,07/01/2020,09:27:18,389,388.85,2500,389,27500,5000,34932500
ADANIPORTS-I.NFO,07/01/2020,09:27:19,389,388.8,7500,388.95,2500,0,34932500
ADANIPORTS-I.NFO,07/01/2020,09:27:21,389,388.85,2500,389,30000,5000,34932500
ADANIPORTS-I.NFO,07/01/2020,09:27:21,389,388.85,2500,389,30000,0,34932500
ADANIPORTS-I.NFO,07/01/2020,09:27:22,389,388.85,2500,389,30000,5000,34932500
ADANIPORTS-I.NFO,07/01/2020,09:27:23,389,388.85,2500,389,30000,0,34932500
ADANIPORTS-I.NFO,07/01/2020,09:27:24,389,388.85,2500,389,50000,0,34932500
ADANIPORTS-I.NFO,07/01/2020,09:27:25,389,388.85,2500,389,42500,10000,34932500
ADANIPORTS-I.NFO,07/01/2020,09:27:26,389,388.85,5000,389,42500,0,34932500
ADANIPORTS-I.NFO,07/01/2020,09:27:27,389,388.85,2500,389,42500,0,34932500
ADANIPORTS-I.NFO,07/01/2020,09:27:28,388.85,388.8,7500,389,42500,2500,34932500
ADANIPORTS-I.NFO,07/01/2020,09:27:29,388.85,388.85,2500,389,37500,7500,34932500
ADANIPORTS-I.NFO,07/01/2020,09:27:30,388.85,388.8,7500,389,40000,2500,34932500
ADANIPORTS-I.NFO,07/01/2020,09:27:31,388.95,388.85,2500,389,40000,5000,34932500
ADANIPORTS-I.NFO,07/01/2020,09:27:32,388.95,388.9,2500,389,40000,0,34932500
ADANIPORTS-I.NFO,07/01/2020,09:27:33,388.95,388.9,2500,389,30000,0,34932500
ADANIPORTS-I.NFO,07/01/2020,09:27:34,389,388.9,2500,389,27500,2500,34932500
ADANIPORTS-I.NFO,07/01/2020,09:27:35,389,388.9,2500,389,27500,0,34932500
ADANIPORTS-I.NFO,07/01/2020,09:27:36,389,388.85,5000,389.1,2500,27500,34932500
ADANIPORTS-I.NFO,07/01/2020,09:27:37,389,388.8,7500,389,2500,0,34932500
ADANIPORTS-I.NFO,07/01/2020,09:27:38,389.05,388.8,7500,389.05,2500,5000,34932500
ADANIPORTS-I.NFO,07/01/2020,09:27:39,389.05,388.8,10000,389.05,2500,0,34932500
ADANIPORTS-I.NFO,07/01/2020,09:27:41,388.85,388.8,7500,389.05,5000,2500,34932500
ADANIPORTS-I.NFO,07/01/2020,09:27:42,389.05,388.85,2500,389,2500,2500,34932500
ADANIPORTS-I.NFO,07/01/2020,09:27:44,389,388.95,2500,389.1,2500,12500,34932500
ADANIPORTS-I.NFO,07/01/2020,09:27:44,389,388.95,2500,389.1,2500,0,34932500
ADANIPORTS-I.NFO,07/01/2020,09:27:46,388.95,388.8,10000,388.95,2500,5000,34932500
ADANIPORTS-I.NFO,07/01/2020,09:27:47,388.95,388.8,12500,388.95,2500,0,34932500
ADANIPORTS-I.NFO,07/01/2020,09:27:49,388.8,388.7,2500,388.95,2500,15000,34932500
ADANIPORTS-I.NFO,07/01/2020,09:27:50,388.7,388.7,2500,388.95,5000,2500,34932500
ADANIPORTS-I.NFO,07/01/2020,09:27:51,388.95,388.8,2500,389,12500,2500,34932500
ADANIPORTS-I.NFO,07/01/2020,09:27:52,388.95,388.8,2500,389,12500,0,34932500
ADANIPORTS-I.NFO,07/01/2020,09:27:53,388.8,388.75,2500,388.95,2500,2500,34932500
ADANIPORTS-I.NFO,07/01/2020,09:27:54,388.8,388.75,2500,389,12500,0,34932500
ADANIPORTS-I.NFO,07/01/2020,09:27:55,388.75,388.7,2500,388.95,5000,2500,34932500
ADANIPORTS-I.NFO,07/01/2020,09:27:56,388.75,388.7,2500,388.95,5000,0,34932500
ADANIPORTS-I.NFO,07/01/2020,09:27:58,388.75,388.7,7500,388.95,7500,0,34932500
ADANIPORTS-I.NFO,07/01/2020,09:28:00,388.75,388.65,2500,388.85,2500,0,34932500
ADANIPORTS-I.NFO,07/01/2020,09:28:01,388.75,388.65,2500,388.8,2500,0,34932500
ADANIPORTS-I.NFO,07/01/2020,09:28:02,388.95,388.7,5000,388.95,2500,7500,34932500
ADANIPORTS-I.NFO,07/01/2020,09:28:03,388.75,388.65,2500,388.85,2500,7500,34932500
ADANIPORTS-I.NFO,07/01/2020,09:28:04,388.65,388.6,12500,388.85,5000,2500,34932500
ADANIPORTS-I.NFO,07/01/2020,09:28:05,388.65,388.6,12500,388.85,5000,0,34932500
ADANIPORTS-I.NFO,07/01/2020,09:28:06,388.6,388.55,15000,388.75,2500,17500,34932500
ADANIPORTS-I.NFO,07/01/2020,09:28:08,388.65,388.5,15000,388.65,2500,17500,34932500
ADANIPORTS-I.NFO,07/01/2020,09:28:08,388.65,388.5,15000,388.65,2500,0,34932500
ADANIPORTS-I.NFO,07/01/2020,09:28:09,388.65,388.55,2500,388.65,2500,0,34932500
ADANIPORTS-I.NFO,07/01/2020,09:28:10,388.65,388.55,2500,388.7,2500,2500,34932500
ADANIPORTS-I.NFO,07/01/2020,09:28:11,388.5,388.4,7500,388.5,2500,20000,34932500
ADANIPORTS-I.NFO,07/01/2020,09:28:12,388.5,388.4,15000,388.5,2500,0,34932500
ADANIPORTS-I.NFO,07/01/2020,09:28:16,388.4,388.35,5000,388.55,2500,17500,34932500
ADANIPORTS-I.NFO,07/01/2020,09:28:22,388.4,388.35,5000,388.5,5000,2500,34932500
ADANIPORTS-I.NFO,07/01/2020,09:28:29,388.2,388,2500,388.2,5000,147500,34932500
ADANIPORTS-I.NFO,07/01/2020,09:28:34,387.85,387.85,2500,388,2500,7500,34932500
ADANIPORTS-I.NFO,07/01/2020,09:28:39,388,387.85,2500,388,20000,10000,34932500
ADANIPORTS-I.NFO,07/01/2020,09:28:45,387.95,387.95,5000,388.2,2500,35000,34932500
ADANIPORTS-I.NFO,07/01/2020,09:28:50,387.95,387.95,2500,388.25,2500,40000,34932500
ADANIPORTS-I.NFO,07/01/2020,09:28:57,388.15,388,2500,388.2,2500,7500,34932500
ADANIPORTS-I.NFO,07/01/2020,09:29:02,388.05,388.05,2500,388.2,2500,5000,34932500
ADANIPORTS-I.NFO,07/01/2020,09:29:09,388,387.85,2500,388.1,7500,42500,34932500
ADANIPORTS-I.NFO,07/01/2020,09:29:12,387.85,387.8,2500,388.05,2500,12500,34932500
ADANIPORTS-I.NFO,07/01/2020,09:29:14,387.6,387.55,7500,387.75,2500,35000,34957500
ADANIPORTS-I.NFO,07/01/2020,09:29:14,387.6,387.55,7500,387.75,2500,0,34957500
ADANIPORTS-I.NFO,07/01/2020,09:29:15,387.55,387.5,12500,387.75,2500,7500,34957500
ADANIPORTS-I.NFO,07/01/2020,09:29:16,387.55,387.6,2500,387.75,2500,0,34957500
ADANIPORTS-I.NFO,07/01/2020,09:29:17,387.85,387.6,2500,387.85,2500,5000,34957500
ADANIPORTS-I.NFO,07/01/2020,09:29:18,387.85,387.75,2500,387.9,5000,0,34957500
ADANIPORTS-I.NFO,07/01/2020,09:29:19,387.75,387.6,2500,387.85,5000,5000,34957500
ADANIPORTS-I.NFO,07/01/2020,09:29:20,387.75,387.6,2500,387.85,5000,0,34957500
ADANIPORTS-I.NFO,07/01/2020,09:29:21,387.75,387.6,2500,387.8,2500,0,34957500
ADANIPORTS-I.NFO,07/01/2020,09:29:22,387.6,387.65,2500,387.75,2500,2500,34957500
ADANIPORTS-I.NFO,07/01/2020,09:29:23,387.6,387.65,2500,387.75,2500,0,34957500
ADANIPORTS-I.NFO,07/01/2020,09:29:25,387.65,387.5,10000,387.7,2500,5000,34957500
ADANIPORTS-I.NFO,07/01/2020,09:29:26,387.65,387.5,12500,387.7,7500,0,34957500
ADANIPORTS-I.NFO,07/01/2020,09:29:27,387.55,387.5,2500,387.55,2500,25000,34957500
ADANIPORTS-I.NFO,07/01/2020,09:29:28,387.3,387.25,2500,387.3,7500,15000,34957500
ADANIPORTS-I.NFO,07/01/2020,09:29:29,387.3,387.25,2500,387.4,2500,7500,34957500
ADANIPORTS-I.NFO,07/01/2020,09:29:30,387.25,387.25,2500,387.45,7500,2500,34957500
ADANIPORTS-I.NFO,07/01/2020,09:29:31,387.25,387.25,2500,387.45,2500,2500,34957500
ADANIPORTS-I.NFO,07/01/2020,09:29:33,387.45,387.25,2500,387.5,2500,7500,34957500
ADANIPORTS-I.NFO,07/01/2020,09:29:33,387.45,387.25,2500,387.5,2500,0,34957500
ADANIPORTS-I.NFO,07/01/2020,09:29:34,387.45,387.4,2500,387.55,2500,0,34957500
ADANIPORTS-I.NFO,07/01/2020,09:29:36,387.45,387.4,2500,387.6,2500,0,34957500
ADANIPORTS-I.NFO,07/01/2020,09:29:38,387.4,387.35,2500,387.55,2500,10000,34957500
ADANIPORTS-I.NFO,07/01/2020,09:29:40,387.35,387.35,2500,387.45,2500,2500,34957500
ADANIPORTS-I.NFO,07/01/2020,09:29:40,387.35,387.35,2500,387.45,2500,0,34957500
ADANIPORTS-I.NFO,07/01/2020,09:29:41,387.35,387.35,2500,387.5,2500,0,34957500
ADANIPORTS-I.NFO,07/01/2020,09:29:42,387.35,387.35,2500,387.5,12500,0,34957500
ADANIPORTS-I.NFO,07/01/2020,09:29:43,386.6,386.6,5000,386.8,7500,97500,34957500
ADANIPORTS-I.NFO,07/01/2020,09:29:44,386.85,386.8,2500,387,5000,10000,34957500
ADANIPORTS-I.NFO,07/01/2020,09:29:45,386.85,386.8,2500,387,5000,0,34957500
ADANIPORTS-I.NFO,07/01/2020,09:29:46,387,386.9,2500,387.05,2500,7500,34957500
ADANIPORTS-I.NFO,07/01/2020,09:29:47,387,386.9,2500,387,2500,0,34957500
ADANIPORTS-I.NFO,07/01/2020,09:29:50,387,386.9,2500,387.05,2500,2500,34957500
ADANIPORTS-I.NFO,07/01/2020,09:29:51,387.05,387,2500,387.2,2500,2500,34957500
ADANIPORTS-I.NFO,07/01/2020,09:29:52,387.05,387.05,2500,387.25,92500,0,34957500
ADANIPORTS-I.NFO,07/01/2020,09:29:53,387.2,387.05,2500,387.25,92500,5000,34957500
ADANIPORTS-I.NFO,07/01/2020,09:29:54,387.05,387.05,2500,387.2,2500,2500,34957500
ADANIPORTS-I.NFO,07/01/2020,09:29:55,387.1,387.05,5000,387.25,92500,2500,34957500
ADANIPORTS-I.NFO,07/01/2020,09:29:56,387.05,387.05,2500,387.25,92500,2500,34957500
ADANIPORTS-I.NFO,07/01/2020,09:29:58,387.05,387.1,2500,387.25,92500,0,34957500
ADANIPORTS-I.NFO,07/01/2020,09:29:59,387.05,387.1,2500,387.35,2500,152500,34957500
ADANIPORTS-I.NFO,07/01/2020,09:30:00,387.1,387.1,2500,387.4,2500,5000,34957500
ADANIPORTS-I.NFO,07/01/2020,09:30:01,387.1,387.2,2500,387.4,2500,0,34957500
ADANIPORTS-I.NFO,07/01/2020,09:30:02,387,386.95,2500,387.2,2500,30000,34957500
ADANIPORTS-I.NFO,07/01/2020,09:30:03,387.25,387.1,2500,387.3,2500,2500,34957500
ADANIPORTS-I.NFO,07/01/2020,09:30:05,387.3,387.1,2500,387.35,2500,2500,34957500
ADANIPORTS-I.NFO,07/01/2020,09:30:05,387.3,387.1,2500,387.35,2500,0,34957500
ADANIPORTS-I.NFO,07/01/2020,09:30:06,387,386.8,5000,387,20000,10000,34957500
ADANIPORTS-I.NFO,07/01/2020,09:30:07,387,386.85,2500,387,10000,10000,34957500
ADANIPORTS-I.NFO,07/01/2020,09:30:08,387,386.85,2500,387,7500,2500,34957500
ADANIPORTS-I.NFO,07/01/2020,09:30:09,387,386.85,2500,387,5000,5000,34957500
ADANIPORTS-I.NFO,07/01/2020,09:30:10,387,386.95,2500,387.15,2500,5000,34957500
ADANIPORTS-I.NFO,07/01/2020,09:30:11,386.95,386.9,2500,387.15,5000,2500,34957500
ADANIPORTS-I.NFO,07/01/2020,09:30:12,386.95,387,2500,387.15,7500,0,34957500
ADANIPORTS-I.NFO,07/01/2020,09:30:13,387,386.9,2500,387.1,2500,5000,34957500
ADANIPORTS-I.NFO,07/01/2020,09:30:15,386.9,386.75,2500,386.95,7500,30000,34957500
ADANIPORTS-I.NFO,07/01/2020,09:30:15,386.9,386.8,2500,386.95,7500,0,34957500
ADANIPORTS-I.NFO,07/01/2020,09:30:16,387.1,386.85,2500,387.05,2500,5000,34957500
ADANIPORTS-I.NFO,07/01/2020,09:30:17,387.1,386.85,2500,387.05,2500,0,34957500
ADANIPORTS-I.NFO,07/01/2020,09:30:18,387.05,386.85,2500,387.05,5000,2500,34957500
ADANIPORTS-I.NFO,07/01/2020,09:30:19,387.05,386.85,2500,387.05,5000,0,34957500
ADANIPORTS-I.NFO,07/01/2020,09:30:21,387.05,386.85,2500,387.1,5000,0,34957500
ADANIPORTS-I.NFO,07/01/2020,09:30:22,387.05,386.85,2500,387.1,7500,0,34957500
ADANIPORTS-I.NFO,07/01/2020,09:30:23,387.05,386.85,2500,387.15,2500,0,34957500
ADANIPORTS-I.NFO,07/01/2020,09:30:24,387.05,387,2500,387.2,5000,0,34957500
ADANIPORTS-I.NFO,07/01/2020,09:30:25,387.05,387,2500,387.15,5000,0,34957500
ADANIPORTS-I.NFO,07/01/2020,09:30:26,387.05,387,2500,387.15,2500,0,34957500
ADANIPORTS-I.NFO,07/01/2020,09:30:27,387.05,387,2500,387.2,10000,0,34957500
ADANIPORTS-I.NFO,07/01/2020,09:30:28,387.2,387,2500,387.2,5000,2500,34957500
ADANIPORTS-I.NFO,07/01/2020,09:30:30,387.05,387,2500,387.2,5000,2500,34957500
ADANIPORTS-I.NFO,07/01/2020,09:30:30,387,386.95,2500,387.2,5000,2500,34957500
ADANIPORTS-I.NFO,07/01/2020,09:30:31,387,387,2500,387.15,2500,0,34957500
ADANIPORTS-I.NFO,07/01/2020,09:30:32,387,386.95,2500,387.1,2500,5000,34957500
ADANIPORTS-I.NFO,07/01/2020,09:30:33,387.1,387,2500,387.2,2500,2500,34957500
ADANIPORTS-I.NFO,07/01/2020,09:30:34,387.1,387,2500,387.2,2500,0,34957500
ADANIPORTS-I.NFO,07/01/2020,09:30:35,387.15,386.95,2500,387.2,2500,5000,34957500
ADANIPORTS-I.NFO,07/01/2020,09:30:36,387,386.95,2500,387.15,2500,2500,34957500
ADANIPORTS-I.NFO,07/01/2020,09:30:37,387,386.95,2500,387.15,2500,2500,34957500
ADANIPORTS-I.NFO,07/01/2020,09:30:38,386.95,387,2500,387.15,2500,2500,34957500
ADANIPORTS-I.NFO,07/01/2020,09:30:39,387,386.95,2500,387.15,2500,2500,34957500
ADANIPORTS-I.NFO,07/01/2020,09:30:40,387,386.9,5000,387.05,2500,15000,34957500
ADANIPORTS-I.NFO,07/01/2020,09:30:41,387,387,5000,387.1,2500,0,34957500
ADANIPORTS-I.NFO,07/01/2020,09:30:42,387,387,7500,387.15,2500,0,34957500
ADANIPORTS-I.NFO,07/01/2020,09:30:43,387,386.9,5000,387,2500,7500,34957500
ADANIPORTS-I.NFO,07/01/2020,09:30:44,387,386.95,2500,387.15,2500,2500,34957500
ADANIPORTS-I.NFO,07/01/2020,09:30:45,387,387,2500,387.2,2500,0,34957500
ADANIPORTS-I.NFO,07/01/2020,09:30:47,387.2,387.05,2500,387.25,2500,5000,34957500
ADANIPORTS-I.NFO,07/01/2020,09:30:47,387.2,387.05,2500,387.25,2500,0,34957500
ADANIPORTS-I.NFO,07/01/2020,09:30:50,387,387,2500,387.2,2500,10000,34957500
ADANIPORTS-I.NFO,07/01/2020,09:30:51,387,387,2500,387.2,2500,0,34957500
ADANIPORTS-I.NFO,07/01/2020,09:30:52,387,386.95,2500,387.2,7500,0,34957500
ADANIPORTS-I.NFO,07/01/2020,09:30:53,387.15,386.95,5000,387.2,5000,5000,34957500
ADANIPORTS-I.NFO,07/01/2020,09:30:54,387.05,386.95,2500,387.2,2500,5000,34957500
ADANIPORTS-I.NFO,07/01/2020,09:30:55,387.2,386.95,5000,387.2,2500,2500,34957500
ADANIPORTS-I.NFO,07/01/2020,09:30:57,387.2,386.95,5000,387.2,2500,0,34957500
ADANIPORTS-I.NFO,07/01/2020,09:30:59,387.2,387,2500,387.2,2500,0,34957500
ADANIPORTS-I.NFO,07/01/2020,09:30:59,387.2,387.05,2500,387.2,2500,0,34957500
ADANIPORTS-I.NFO,07/01/2020,09:31:00,387.2,387.05,2500,387.15,2500,0,34957500
ADANIPORTS-I.NFO,07/01/2020,09:31:02,387.1,387.05,2500,387.25,2500,5000,34957500
ADANIPORTS-I.NFO,07/01/2020,09:31:03,387.1,387.15,2500,387.25,2500,0,34957500
ADANIPORTS-I.NFO,07/01/2020,09:31:05,387.15,387.05,2500,387.25,2500,2500,34957500
ADANIPORTS-I.NFO,07/01/2020,09:31:06,387.15,387.05,2500,387.25,2500,0,34957500
ADANIPORTS-I.NFO,07/01/2020,09:31:08,387.25,387.05,5000,387.3,2500,2500,34957500
ADANIPORTS-I.NFO,07/01/2020,09:31:09,387.1,387.05,2500,387.3,5000,2500,34957500
ADANIPORTS-I.NFO,07/01/2020,09:31:10,387.2,387.05,2500,387.25,2500,2500,34957500
ADANIPORTS-I.NFO,07/01/2020,09:31:11,387.2,387.05,2500,387.25,2500,2500,34957500
ADANIPORTS-I.NFO,07/01/2020,09:31:14,387,386.9,15000,387,5000,10000,34957500
ADANIPORTS-I.NFO,07/01/2020,09:31:20,386.75,386.65,2500,386.9,2500,50000,34957500
ADANIPORTS-I.NFO,07/01/2020,09:31:26,387.05,386.8,2500,387,2500,5000,34957500
ADANIPORTS-I.NFO,07/01/2020,09:31:31,386.95,386.8,5000,387,2500,7500,34957500
ADANIPORTS-I.NFO,07/01/2020,09:31:36,386.85,386.75,2500,386.95,2500,42500,34957500
ADANIPORTS-I.NFO,07/01/2020,09:31:42,386.55,386.3,2500,386.6,2500,62500,34957500
ADANIPORTS-I.NFO,07/01/2020,09:31:47,386.5,386.4,2500,386.6,2500,5000,34957500
ADANIPORTS-I.NFO,07/01/2020,09:31:52,386.4,386.25,2500,386.4,30000,25000,34957500
ADANIPORTS-I.NFO,07/01/2020,09:31:57,386.25,386.2,2500,386.4,15000,25000,34957500
ADANIPORTS-I.NFO,07/01/2020,09:32:01,386.4,386.3,2500,386.4,10000,17500,34957500
ADANIPORTS-I.NFO,07/01/2020,09:32:06,386.3,386.2,2500,386.45,2500,17500,34957500
ADANIPORTS-I.NFO,07/01/2020,09:32:11,386.2,386.25,2500,386.45,2500,12500,34957500
ADANIPORTS-I.NFO,07/01/2020,09:32:12,386.45,386.25,2500,386.5,10000,2500,35020000
ADANIPORTS-I.NFO,07/01/2020,09:32:13,386.5,386.25,7500,386.5,7500,2500,35020000
ADANIPORTS-I.NFO,07/01/2020,09:32:14,386.4,386.35,2500,386.5,2500,5000,35020000
ADANIPORTS-I.NFO,07/01/2020,09:32:15,386.4,386.35,2500,386.5,2500,0,35020000
ADANIPORTS-I.NFO,07/01/2020,09:32:16,386.5,386.45,2500,386.65,2500,2500,35020000
ADANIPORTS-I.NFO,07/01/2020,09:32:17,386.5,386.35,7500,386.65,2500,0,35020000
ADANIPORTS-I.NFO,07/01/2020,09:32:19,386.5,386.35,2500,386.5,2500,0,35020000
ADANIPORTS-I.NFO,07/01/2020,09:32:20,386.5,386.35,2500,386.65,2500,2500,35020000
ADANIPORTS-I.NFO,07/01/2020,09:32:21,386.5,386.45,2500,386.75,7500,0,35020000
ADANIPORTS-I.NFO,07/01/2020,09:32:23,386.5,386.4,2500,386.65,2500,10000,35020000
ADANIPORTS-I.NFO,07/01/2020,09:32:24,386.5,386.4,2500,386.65,2500,0,35020000
ADANIPORTS-I.NFO,07/01/2020,09:32:25,386.5,386.5,2500,386.65,2500,0,35020000
ADANIPORTS-I.NFO,07/01/2020,09:32:27,386.5,386.5,2500,386.7,2500,0,35020000
ADANIPORTS-I.NFO,07/01/2020,09:32:28,386.5,386.5,2500,386.75,2500,0,35020000
ADANIPORTS-I.NFO,07/01/2020,09:32:29,386.5,386.55,2500,386.8,2500,0,35020000
ADANIPORTS-I.NFO,07/01/2020,09:32:30,386.4,386.4,2500,386.6,2500,15000,35020000
ADANIPORTS-I.NFO,07/01/2020,09:32:31,386.5,386.4,2500,386.55,2500,2500,35020000
ADANIPORTS-I.NFO,07/01/2020,09:32:32,386.5,386.4,2500,386.55,2500,0,35020000
ADANIPORTS-I.NFO,07/01/2020,09:32:35,386.4,386.3,10000,386.55,2500,2500,35020000
ADANIPORTS-I.NFO,07/01/2020,09:32:36,386.4,386.35,2500,386.6,2500,0,35020000
ADANIPORTS-I.NFO,07/01/2020,09:32:37,386.4,386.4,2500,386.6,2500,0,35020000
ADANIPORTS-I.NFO,07/01/2020,09:32:38,386.4,386.4,2500,386.65,5000,2500,35020000
ADANIPORTS-I.NFO,07/01/2020,09:32:40,386.45,386.45,2500,386.65,5000,2500,35020000
ADANIPORTS-I.NFO,07/01/2020,09:32:40,386.45,386.45,2500,386.65,5000,0,35020000
ADANIPORTS-I.NFO,07/01/2020,09:32:43,386.65,386.45,5000,386.7,2500,2500,35020000
ADANIPORTS-I.NFO,07/01/2020,09:32:44,386.45,386.5,2500,386.65,7500,2500,35020000
ADANIPORTS-I.NFO,07/01/2020,09:32:45,386.65,386.5,2500,386.7,5000,2500,35020000
ADANIPORTS-I.NFO,07/01/2020,09:32:46,386.65,386.5,2500,386.7,5000,0,35020000
ADANIPORTS-I.NFO,07/01/2020,09:32:48,386.5,386.4,5000,386.5,7500,7500,35020000
ADANIPORTS-I.NFO,07/01/2020,09:32:48,386.5,386.4,5000,386.5,7500,0,35020000
ADANIPORTS-I.NFO,07/01/2020,09:32:49,386.65,386.4,5000,386.6,2500,10000,35020000
ADANIPORTS-I.NFO,07/01/2020,09:32:50,386.6,386.45,2500,386.65,2500,27500,35020000
ADANIPORTS-I.NFO,07/01/2020,09:32:51,386.6,386.45,2500,386.65,2500,0,35020000
ADANIPORTS-I.NFO,07/01/2020,09:32:52,386.6,386.45,2500,386.7,5000,0,35020000
ADANIPORTS-I.NFO,07/01/2020,09:32:53,386.7,386.55,2500,386.75,2500,2500,35020000
ADANIPORTS-I.NFO,07/01/2020,09:32:54,386.7,386.55,2500,386.75,2500,0,35020000
ADANIPORTS-I.NFO,07/01/2020,09:32:56,386.7,386.55,2500,386.75,2500,2500,35020000
ADANIPORTS-I.NFO,07/01/2020,09:32:58,386.7,386.55,2500,386.75,2500,0,35020000
ADANIPORTS-I.NFO,07/01/2020,09:32:59,386.65,386.6,5000,386.75,2500,2500,35020000
ADANIPORTS-I.NFO,07/01/2020,09:33:00,386.5,386.5,2500,386.65,5000,17500,35020000
ADANIPORTS-I.NFO,07/01/2020,09:33:01,386.5,386.5,2500,386.65,5000,0,35020000
ADANIPORTS-I.NFO,07/01/2020,09:33:02,386.6,386.45,2500,386.65,5000,5000,35020000
ADANIPORTS-I.NFO,07/01/2020,09:33:03,386.65,386.45,2500,386.65,2500,5000,35020000
ADANIPORTS-I.NFO,07/01/2020,09:33:04,386.65,386.45,2500,386.65,2500,0,35020000
ADANIPORTS-I.NFO,07/01/2020,09:33:07,386.65,386.45,2500,386.6,2500,0,35020000
ADANIPORTS-I.NFO,07/01/2020,09:33:09,386.7,386.45,2500,386.7,2500,5000,35020000
ADANIPORTS-I.NFO,07/01/2020,09:33:09,386.7,386.45,2500,386.7,2500,0,35020000
ADANIPORTS-I.NFO,07/01/2020,09:33:10,386.7,386.45,5000,386.75,2500,0,35020000
ADANIPORTS-I.NFO,07/01/2020,09:33:13,386.7,386.45,5000,386.75,2500,2500,35020000
ADANIPORTS-I.NFO,07/01/2020,09:33:14,386.7,386.65,2500,386.75,2500,0,35020000
ADANIPORTS-I.NFO,07/01/2020,09:33:15,386.75,386.65,2500,386.8,5000,2500,35020000
ADANIPORTS-I.NFO,07/01/2020,09:33:16,386.8,386.8,2500,387,10000,5000,35020000
ADANIPORTS-I.NFO,07/01/2020,09:33:17,386.8,386.8,2500,387,10000,0,35020000
ADANIPORTS-I.NFO,07/01/2020,09:33:18,386.8,386.8,2500,386.95,2500,0,35020000
ADANIPORTS-I.NFO,07/01/2020,09:33:20,386.65,386.65,2500,386.9,5000,5000,35020000
ADANIPORTS-I.NFO,07/01/2020,09:33:21,386.9,386.65,2500,386.85,2500,2500,35020000
ADANIPORTS-I.NFO,07/01/2020,09:33:22,386.9,386.65,2500,386.85,2500,0,35020000
ADANIPORTS-I.NFO,07/01/2020,09:33:23,386.85,386.65,2500,386.9,2500,2500,35020000
ADANIPORTS-I.NFO,07/01/2020,09:33:24,386.85,386.65,2500,386.9,2500,0,35020000
ADANIPORTS-I.NFO,07/01/2020,09:33:26,386.85,386.85,2500,387,10000,0,35020000
ADANIPORTS-I.NFO,07/01/2020,09:33:28,387.05,387,2500,387.15,2500,35000,35020000
ADANIPORTS-I.NFO,07/01/2020,09:33:29,387,387,5000,387.15,2500,2500,35020000
ADANIPORTS-I.NFO,07/01/2020,09:33:31,387,387.05,2500,387.2,2500,0,35020000
ADANIPORTS-I.NFO,07/01/2020,09:33:32,387.05,387,7500,387.2,2500,2500,35020000
ADANIPORTS-I.NFO,07/01/2020,09:33:33,387.05,387,7500,387.2,2500,0,35020000
ADANIPORTS-I.NFO,07/01/2020,09:33:35,387.2,387.05,2500,387.35,5000,7500,35020000
ADANIPORTS-I.NFO,07/01/2020,09:33:36,387.05,387.05,2500,387.3,2500,2500,35020000
ADANIPORTS-I.NFO,07/01/2020,09:33:37,387.05,387.05,2500,387.3,2500,0,35020000
ADANIPORTS-I.NFO,07/01/2020,09:33:38,387.3,387.05,2500,387.35,2500,2500,35020000
ADANIPORTS-I.NFO,07/01/2020,09:33:39,387.55,387.25,2500,387.55,5000,15000,35020000
ADANIPORTS-I.NFO,07/01/2020,09:33:40,387.55,387.25,2500,387.55,5000,0,35020000
ADANIPORTS-I.NFO,07/01/2020,09:33:42,387.45,387.2,2500,387.45,2500,5000,35020000
ADANIPORTS-I.NFO,07/01/2020,09:33:43,387.45,387.2,2500,387.45,2500,0,35020000
ADANIPORTS-I.NFO,07/01/2020,09:33:46,387.45,387.45,7500,387.6,2500,5000,35020000
ADANIPORTS-I.NFO,07/01/2020,09:33:47,387.45,387.45,5000,387.6,2500,2500,35020000
ADANIPORTS-I.NFO,07/01/2020,09:33:48,387.45,387.55,2500,387.6,2500,0,35020000
ADANIPORTS-I.NFO,07/01/2020,09:33:49,387.8,387.6,2500,387.75,2500,5000,35020000
ADANIPORTS-I.NFO,07/01/2020,09:33:50,387.8,387.6,2500,387.8,2500,0,35020000
ADANIPORTS-I.NFO,07/01/2020,09:33:52,387.8,387.7,2500,387.9,2500,2500,35020000
ADANIPORTS-I.NFO,07/01/2020,09:33:53,387.8,387.7,2500,387.85,2500,0,35020000
ADANIPORTS-I.NFO,07/01/2020,09:33:54,387.8,387.7,2500,387.9,2500,0,35020000
ADANIPORTS-I.NFO,07/01/2020,09:33:55,387.9,387.6,5000,387.85,2500,2500,35020000
ADANIPORTS-I.NFO,07/01/2020,09:33:56,387.9,387.6,5000,387.85,2500,0,35020000
ADANIPORTS-I.NFO,07/01/2020,09:33:57,387.9,387.65,2500,387.85,2500,0,35020000
ADANIPORTS-I.NFO,07/01/2020,09:33:58,387.85,387.7,2500,387.9,5000,2500,35020000
ADANIPORTS-I.NFO,07/01/2020,09:33:59,387.85,387.75,2500,387.9,2500,0,35020000
ADANIPORTS-I.NFO,07/01/2020,09:34:00,387.7,387.65,2500,387.85,2500,5000,35020000
ADANIPORTS-I.NFO,07/01/2020,09:34:01,387.85,387.7,2500,387.85,2500,7500,35020000
ADANIPORTS-I.NFO,07/01/2020,09:34:02,387.85,387.7,5000,387.85,2500,0,35020000
ADANIPORTS-I.NFO,07/01/2020,09:34:04,387.85,387.7,2500,387.85,2500,0,35020000
ADANIPORTS-I.NFO,07/01/2020,09:34:05,387.85,387.7,2500,387.85,5000,0,35020000
ADANIPORTS-I.NFO,07/01/2020,09:34:06,387.8,387.55,5000,387.8,2500,5000,35020000
ADANIPORTS-I.NFO,07/01/2020,09:34:07,387.8,387.6,2500,387.8,2500,0,35020000
ADANIPORTS-I.NFO,07/01/2020,09:34:11,387.8,387.75,2500,387.85,7500,2500,35020000
ADANIPORTS-I.NFO,07/01/2020,09:34:12,387.75,387.7,12500,387.85,7500,2500,35020000
ADANIPORTS-I.NFO,07/01/2020,09:34:13,387.7,387.7,10000,387.85,7500,2500,35020000
ADANIPORTS-I.NFO,07/01/2020,09:34:14,387.7,387.7,10000,387.85,7500,0,35020000
ADANIPORTS-I.NFO,07/01/2020,09:34:15,387.7,387.7,10000,387.8,2500,0,35020000
ADANIPORTS-I.NFO,07/01/2020,09:34:16,387.8,387.75,2500,387.85,7500,5000,35020000
ADANIPORTS-I.NFO,07/01/2020,09:34:17,387.8,387.75,2500,387.85,7500,0,35020000
ADANIPORTS-I.NFO,07/01/2020,09:34:18,387.75,387.7,7500,387.75,2500,2500,35020000
ADANIPORTS-I.NFO,07/01/2020,09:34:19,387.75,387.7,7500,387.75,2500,0,35020000
ADANIPORTS-I.NFO,07/01/2020,09:34:20,387.75,387.7,10000,387.85,7500,2500,35020000
ADANIPORTS-I.NFO,07/01/2020,09:34:21,387.8,387.7,12500,387.85,7500,2500,35020000
ADANIPORTS-I.NFO,07/01/2020,09:34:22,387.85,387.7,12500,387.85,5000,2500,35020000
ADANIPORTS-I.NFO,07/01/2020,09:34:23,387.85,387.7,12500,387.85,5000,0,35020000
ADANIPORTS-I.NFO,07/01/2020,09:34:24,387.85,387.75,5000,387.85,5000,0,35020000
ADANIPORTS-I.NFO,07/01/2020,09:34:26,387.75,387.7,12500,387.9,2500,10000,35020000
ADANIPORTS-I.NFO,07/01/2020,09:34:26,387.75,387.7,12500,387.85,2500,0,35020000
ADANIPORTS-I.NFO,07/01/2020,09:34:28,388,387.85,2500,388.05,2500,27500,35020000
ADANIPORTS-I.NFO,07/01/2020,09:34:29,388,387.8,2500,388.05,5000,0,35020000
ADANIPORTS-I.NFO,07/01/2020,09:34:30,388,387.8,2500,388.05,2500,0,35020000
ADANIPORTS-I.NFO,07/01/2020,09:34:31,388.05,387.95,2500,388.15,2500,2500,35020000
ADANIPORTS-I.NFO,07/01/2020,09:34:32,388.05,387.85,5000,388.15,2500,0,35020000
ADANIPORTS-I.NFO,07/01/2020,09:34:35,387.85,387.8,5000,387.95,2500,2500,35020000
ADANIPORTS-I.NFO,07/01/2020,09:34:35,387.85,387.8,5000,387.95,2500,0,35020000
ADANIPORTS-I.NFO,07/01/2020,09:34:37,388,387.85,2500,388.05,2500,10000,35020000
ADANIPORTS-I.NFO,07/01/2020,09:34:38,388,387.85,2500,388.05,2500,0,35020000
ADANIPORTS-I.NFO,07/01/2020,09:34:39,388.05,388,15000,388.2,2500,2500,35020000
ADANIPORTS-I.NFO,07/01/2020,09:34:40,388.1,388.05,2500,388.25,5000,17500,35020000
ADANIPORTS-I.NFO,07/01/2020,09:34:41,388.1,388,25000,388.25,5000,0,35020000
ADANIPORTS-I.NFO,07/01/2020,09:34:42,388,388.05,2500,388.25,2500,2500,35020000
ADANIPORTS-I.NFO,07/01/2020,09:34:48,388,388.05,2500,388.15,2500,0,35020000
ADANIPORTS-I.NFO,07/01/2020,09:34:51,388,388.1,2500,388.25,2500,0,35020000
ADANIPORTS-I.NFO,07/01/2020,09:34:53,388.1,388.05,2500,388.25,2500,2500,35020000
ADANIPORTS-I.NFO,07/01/2020,09:34:54,388.25,388.05,2500,388.25,2500,2500,35020000
ADANIPORTS-I.NFO,07/01/2020,09:34:55,388.25,388.05,2500,388.3,2500,2500,35020000
ADANIPORTS-I.NFO,07/01/2020,09:34:56,388.25,388.05,2500,388.3,2500,0,35020000
ADANIPORTS-I.NFO,07/01/2020,09:34:59,388.25,388.1,2500,388.3,2500,0,35020000
ADANIPORTS-I.NFO,07/01/2020,09:35:00,388.3,388.2,2500,388.35,2500,2500,35020000
ADANIPORTS-I.NFO,07/01/2020,09:35:01,388.3,388.2,2500,388.35,2500,0,35020000
ADANIPORTS-I.NFO,07/01/2020,09:35:02,388.3,388.25,2500,388.35,2500,0,35020000
ADANIPORTS-I.NFO,07/01/2020,09:35:03,388.25,388.2,2500,388.35,2500,2500,35020000
ADANIPORTS-I.NFO,07/01/2020,09:35:04,388.35,388.25,2500,388.4,5000,5000,35020000
ADANIPORTS-I.NFO,07/01/2020,09:35:05,388.4,388.25,2500,388.4,2500,2500,35020000
ADANIPORTS-I.NFO,07/01/2020,09:35:06,388.4,388.25,2500,388.45,2500,2500,35020000
ADANIPORTS-I.NFO,07/01/2020,09:35:07,388.4,388.25,2500,388.45,2500,0,35020000
ADANIPORTS-I.NFO,07/01/2020,09:35:09,388.4,388.35,5000,388.45,2500,0,35020000
ADANIPORTS-I.NFO,07/01/2020,09:35:10,388.15,388,12500,388.2,2500,25000,35020000
ADANIPORTS-I.NFO,07/01/2020,09:35:11,388.15,388,12500,388.2,2500,0,35020000
ADANIPORTS-I.NFO,07/01/2020,09:35:12,388.15,388.1,2500,388.2,2500,0,35020000
ADANIPORTS-I.NFO,07/01/2020,09:35:13,388.15,388.1,2500,388.25,2500,0,35020000
ADANIPORTS-I.NFO,07/01/2020,09:35:16,388.15,388.15,7500,388.35,2500,0,35020000
ADANIPORTS-I.NFO,07/01/2020,09:35:18,388.15,388.25,10000,388.4,5000,2500,35042500
ADANIPORTS-I.NFO,07/01/2020,09:35:19,388.15,388.25,10000,388.35,2500,0,35042500
ADANIPORTS-I.NFO,07/01/2020,09:35:20,388.25,388.15,5000,388.35,2500,10000,35042500
ADANIPORTS-I.NFO,07/01/2020,09:35:21,388.15,388.15,2500,388.35,2500,2500,35042500
ADANIPORTS-I.NFO,07/01/2020,09:35:22,388.15,388.15,2500,388.35,2500,0,35042500
ADANIPORTS-I.NFO,07/01/2020,09:35:24,388.15,388.2,2500,388.35,2500,0,35042500
ADANIPORTS-I.NFO,07/01/2020,09:35:26,387.9,387.85,2500,388,2500,27500,35042500
ADANIPORTS-I.NFO,07/01/2020,09:35:27,387.9,387.85,5000,388,2500,0,35042500
ADANIPORTS-I.NFO,07/01/2020,09:35:28,388,387.9,5000,388.15,2500,5000,35042500
ADANIPORTS-I.NFO,07/01/2020,09:35:29,388.25,387.95,10000,388.25,5000,7500,35042500
ADANIPORTS-I.NFO,07/01/2020,09:35:30,388.25,387.95,10000,388.25,5000,0,35042500
ADANIPORTS-I.NFO,07/01/2020,09:35:32,388.25,388.1,2500,388.25,2500,0,35042500
ADANIPORTS-I.NFO,07/01/2020,09:35:34,388.1,388,10000,388.25,2500,2500,35042500
ADANIPORTS-I.NFO,07/01/2020,09:35:35,388,388,7500,388.25,2500,2500,35042500
ADANIPORTS-I.NFO,07/01/2020,09:35:36,388,388,7500,388.25,2500,0,35042500
ADANIPORTS-I.NFO,07/01/2020,09:35:38,388.25,388,7500,388.3,2500,2500,35042500
ADANIPORTS-I.NFO,07/01/2020,09:35:38,388.25,388,7500,388.3,2500,0,35042500
ADANIPORTS-I.NFO,07/01/2020,09:35:43,388.1,387.85,10000,388.1,2500,10000,35042500
ADANIPORTS-I.NFO,07/01/2020,09:35:44,388.1,387.9,2500,388.1,2500,0,35042500
ADANIPORTS-I.NFO,07/01/2020,09:35:45,388,387.8,7500,388.1,2500,2500,35042500
ADANIPORTS-I.NFO,07/01/2020,09:35:46,387.8,387.8,5000,388.1,2500,2500,35042500
ADANIPORTS-I.NFO,07/01/2020,09:35:47,387.8,387.8,5000,387.95,2500,0,35042500
ADANIPORTS-I.NFO,07/01/2020,09:35:48,387.95,387.8,5000,387.95,2500,2500,35042500
ADANIPORTS-I.NFO,07/01/2020,09:35:49,388,387.85,2500,388,2500,5000,35042500
ADANIPORTS-I.NFO,07/01/2020,09:35:50,388,387.85,2500,388,2500,0,35042500
ADANIPORTS-I.NFO,07/01/2020,09:35:54,388,387.95,5000,388,2500,0,35042500
ADANIPORTS-I.NFO,07/01/2020,09:35:58,388,387.95,5000,388.15,2500,5000,35042500
ADANIPORTS-I.NFO,07/01/2020,09:35:59,388,387.95,5000,388.15,2500,0,35042500
ADANIPORTS-I.NFO,07/01/2020,09:36:00,388,387.95,5000,388,2500,0,35042500
ADANIPORTS-I.NFO,07/01/2020,09:36:01,387.95,387.85,2500,388,2500,5000,35042500
ADANIPORTS-I.NFO,07/01/2020,09:36:03,387.95,387.85,2500,388,2500,0,35042500
ADANIPORTS-I.NFO,07/01/2020,09:36:04,387.85,387.8,7500,388,2500,2500,35042500
ADANIPORTS-I.NFO,07/01/2020,09:36:05,387.85,387.8,7500,388,2500,0,35042500
ADANIPORTS-I.NFO,07/01/2020,09:36:06,387.8,387.8,5000,387.95,2500,2500,35042500
ADANIPORTS-I.NFO,07/01/2020,09:36:07,388,387.85,7500,388.1,2500,5000,35042500
ADANIPORTS-I.NFO,07/01/2020,09:36:08,388,387.85,7500,388.1,2500,0,35042500
ADANIPORTS-I.NFO,07/01/2020,09:36:11,388,387.9,2500,388.15,2500,0,35042500
ADANIPORTS-I.NFO,07/01/2020,09:36:12,388,387.95,2500,388.15,2500,0,35042500
ADANIPORTS-I.NFO,07/01/2020,09:36:18,388,387.9,2500,388.1,2500,7500,35042500
ADANIPORTS-I.NFO,07/01/2020,09:36:24,388,388,25000,388.1,2500,0,35042500
ADANIPORTS-I.NFO,07/01/2020,09:36:30,388.1,388,17500,388.15,2500,12500,35042500
ADANIPORTS-I.NFO,07/01/2020,09:36:35,388.1,388,17500,388.15,2500,0,35042500
ADANIPORTS-I.NFO,07/01/2020,09:36:39,388,387.8,10000,387.95,2500,20000,35042500
ADANIPORTS-I.NFO,07/01/2020,09:36:45,388,387.95,2500,388.1,2500,5000,35042500
ADANIPORTS-I.NFO,07/01/2020,09:36:49,388,387.95,2500,388.15,2500,0,35042500
ADANIPORTS-I.NFO,07/01/2020,09:36:54,388,388,2500,388.15,2500,15000,35042500
ADANIPORTS-I.NFO,07/01/2020,09:37:00,388,387.85,5000,388.1,2500,5000,35042500
ADANIPORTS-I.NFO,07/01/2020,09:37:05,388,387.85,5000,388.1,2500,0,35042500
ADANIPORTS-I.NFO,07/01/2020,09:37:10,388,387.85,2500,388,2500,5000,35042500
ADANIPORTS-I.NFO,07/01/2020,09:37:14,388,387.85,2500,388,2500,0,35042500
ADANIPORTS-I.NFO,07/01/2020,09:37:19,388,387.85,2500,388.05,5000,5000,35042500
ADANIPORTS-I.NFO,07/01/2020,09:37:24,388,387.8,5000,387.95,2500,7500,35042500
ADANIPORTS-I.NFO,07/01/2020,09:37:29,387.5,387.4,2500,387.55,2500,22500,35042500
ADANIPORTS-I.NFO,07/01/2020,09:37:34,387.5,387.45,2500,387.65,2500,17500,35042500
ADANIPORTS-I.NFO,07/01/2020,09:37:40,387.3,387.55,2500,387.75,2500,7500,35042500
ADANIPORTS-I.NFO,07/01/2020,09:37:45,387.3,387.55,2500,387.75,2500,0,35042500
ADANIPORTS-I.NFO,07/01/2020,09:37:50,387.55,387.55,2500,387.75,2500,2500,35042500
ADANIPORTS-I.NFO,07/01/2020,09:37:54,387.55,387.5,12500,387.7,2500,2500,35042500
ADANIPORTS-I.NFO,07/01/2020,09:37:58,387.5,387.5,7500,387.7,2500,5000,35042500
ADANIPORTS-I.NFO,07/01/2020,09:38:03,387.5,387.4,5000,387.7,2500,0,35042500
ADANIPORTS-I.NFO,07/01/2020,09:38:07,387.5,387.4,2500,387.7,2500,0,35042500
ADANIPORTS-I.NFO,07/01/2020,09:38:12,387.5,387.35,2500,387.55,2500,5000,35042500
ADANIPORTS-I.NFO,07/01/2020,09:38:17,387.5,387.3,15000,387.4,2500,0,35042500
ADANIPORTS-I.NFO,07/01/2020,09:38:22,387.4,387.35,2500,387.55,2500,2500,35155000
ADANIPORTS-I.NFO,07/01/2020,09:38:27,387.3,387.3,12500,387.45,2500,5000,35155000
ADANIPORTS-I.NFO,07/01/2020,09:38:31,387.25,387.2,2500,387.35,2500,5000,35155000
ADANIPORTS-I.NFO,07/01/2020,09:38:36,387.25,387.2,2500,387.35,2500,0,35155000
ADANIPORTS-I.NFO,07/01/2020,09:38:40,387.25,387.15,7500,387.4,2500,5000,35155000
ADANIPORTS-I.NFO,07/01/2020,09:38:45,387.4,387.25,2500,387.45,2500,5000,35155000
ADANIPORTS-I.NFO,07/01/2020,09:38:50,387.5,387.35,2500,387.6,2500,12500,35155000
ADANIPORTS-I.NFO,07/01/2020,09:38:55,387.35,387.3,2500,387.55,2500,2500,35155000
ADANIPORTS-I.NFO,07/01/2020,09:38:59,387.25,387.3,2500,387.5,5000,7500,35155000
ADANIPORTS-I.NFO,07/01/2020,09:39:04,387.3,387.15,2500,387.4,5000,12500,35155000
ADANIPORTS-I.NFO,07/01/2020,09:39:08,387.15,387.1,5000,387.35,2500,2500,35155000
ADANIPORTS-I.NFO,07/01/2020,09:39:13,387.1,387.05,2500,387.3,2500,35000,35155000
ADANIPORTS-I.NFO,07/01/2020,09:39:19,387.25,387.35,5000,387.65,7500,5000,35155000
ADANIPORTS-I.NFO,07/01/2020,09:39:24,387.65,387.45,2500,387.65,2500,5000,35155000
ADANIPORTS-I.NFO,07/01/2020,09:39:30,387.65,387.5,2500,387.7,2500,0,35155000
ADANIPORTS-I.NFO,07/01/2020,09:39:35,387.6,387.4,2500,387.65,10000,10000,35155000
ADANIPORTS-I.NFO,07/01/2020,09:39:40,387.6,387.4,2500,387.65,7500,0,35155000
ADANIPORTS-I.NFO,07/01/2020,09:39:45,387.6,387.5,15000,387.6,2500,0,35155000
ADANIPORTS-I.NFO,07/01/2020,09:39:50,387.5,387.35,2500,387.5,2500,17500,35155000
ADANIPORTS-I.NFO,07/01/2020,09:39:54,387.5,387.35,2500,387.5,2500,0,35155000
ADANIPORTS-I.NFO,07/01/2020,09:40:03,387.65,387.55,2500,387.8,2500,15000,35155000
ADANIPORTS-I.NFO,07/01/2020,09:40:09,387.65,387.6,2500,387.75,2500,2500,35155000
ADANIPORTS-I.NFO,07/01/2020,09:40:14,387.6,387.55,2500,387.7,2500,2500,35155000
ADANIPORTS-I.NFO,07/01/2020,09:40:20,387.45,387.4,2500,387.6,2500,2500,35155000
ADANIPORTS-I.NFO,07/01/2020,09:40:26,387.5,387.4,2500,387.65,5000,12500,35155000
ADANIPORTS-I.NFO,07/01/2020,09:40:31,387.65,387.55,2500,387.75,5000,2500,35155000
ADANIPORTS-I.NFO,07/01/2020,09:40:36,387.5,387.5,2500,387.7,2500,10000,35155000
ADANIPORTS-I.NFO,07/01/2020,09:40:41,387.7,387.55,2500,387.75,2500,2500,35155000
ADANIPORTS-I.NFO,07/01/2020,09:40:46,387.7,387.65,2500,387.8,2500,0,35155000
ADANIPORTS-I.NFO,07/01/2020,09:40:51,387.95,387.75,2500,388,30000,27500,35155000
ADANIPORTS-I.NFO,07/01/2020,09:40:55,387.85,387.7,2500,388,15000,20000,35155000
ADANIPORTS-I.NFO,07/01/2020,09:41:00,387.85,387.7,2500,387.95,5000,32500,35155000
ADANIPORTS-I.NFO,07/01/2020,09:41:06,387.85,387.85,2500,388,2500,0,35155000
ADANIPORTS-I.NFO,07/01/2020,09:41:14,387.85,387.85,5000,388,2500,0,35155000
ADANIPORTS-I.NFO,07/01/2020,09:41:16,387.85,387.7,2500,387.9,2500,5000,35155000
ADANIPORTS-I.NFO,07/01/2020,09:41:17,387.85,387.65,2500,387.9,2500,0,35250000
ADANIPORTS-I.NFO,07/01/2020,09:41:18,387.85,387.7,2500,387.9,2500,0,35250000
ADANIPORTS-I.NFO,07/01/2020,09:41:19,387.85,387.7,5000,387.9,2500,0,35250000
ADANIPORTS-I.NFO,07/01/2020,09:41:20,387.85,387.7,7500,387.9,2500,0,35250000
ADANIPORTS-I.NFO,07/01/2020,09:41:22,387.85,387.7,5000,387.9,2500,0,35250000
ADANIPORTS-I.NFO,07/01/2020,09:41:23,387.85,387.7,2500,387.9,2500,0,35250000
ADANIPORTS-I.NFO,07/01/2020,09:41:25,387.85,387.7,5000,387.9,2500,0,35250000
ADANIPORTS-I.NFO,07/01/2020,09:41:27,387.9,387.7,5000,387.9,2500,2500,35250000
ADANIPORTS-I.NFO,07/01/2020,09:41:30,387.9,387.75,2500,387.9,2500,0,35250000
ADANIPORTS-I.NFO,07/01/2020,09:41:31,387.9,387.75,2500,387.95,2500,2500,35250000
ADANIPORTS-I.NFO,07/01/2020,09:41:32,387.9,387.75,2500,387.95,2500,0,35250000
ADANIPORTS-I.NFO,07/01/2020,09:41:34,387.9,387.8,5000,387.95,2500,0,35250000
ADANIPORTS-I.NFO,07/01/2020,09:41:35,387.9,387.8,5000,388,10000,0,35250000
ADANIPORTS-I.NFO,07/01/2020,09:41:36,387.9,387.8,5000,387.95,2500,0,35250000
ADANIPORTS-I.NFO,07/01/2020,09:41:39,387.95,387.8,5000,388,10000,2500,35250000
ADANIPORTS-I.NFO,07/01/2020,09:41:39,387.95,387.8,2500,388,10000,5000,35250000
ADANIPORTS-I.NFO,07/01/2020,09:41:40,387.95,387.8,2500,388,10000,0,35250000
ADANIPORTS-I.NFO,07/01/2020,09:41:42,387.95,387.8,2500,388,7500,5000,35250000
ADANIPORTS-I.NFO,07/01/2020,09:41:43,387.95,387.75,5000,388,10000,0,35250000
ADANIPORTS-I.NFO,07/01/2020,09:41:44,387.95,387.75,5000,388,12500,0,35250000
ADANIPORTS-I.NFO,07/01/2020,09:41:45,387.95,387.75,2500,387.95,2500,0,35250000
ADANIPORTS-I.NFO,07/01/2020,09:41:47,387.95,387.8,2500,388,12500,0,35250000
ADANIPORTS-I.NFO,07/01/2020,09:41:49,387.95,387.75,2500,387.95,2500,0,35250000
ADANIPORTS-I.NFO,07/01/2020,09:41:50,387.95,387.8,2500,388,12500,0,35250000
ADANIPORTS-I.NFO,07/01/2020,09:41:51,387.95,387.75,2500,387.95,2500,0,35250000
ADANIPORTS-I.NFO,07/01/2020,09:41:54,387.95,387.7,2500,387.95,5000,0,35250000
ADANIPORTS-I.NFO,07/01/2020,09:41:59,387.95,387.7,2500,387.95,2500,0,35250000
ADANIPORTS-I.NFO,07/01/2020,09:42:02,387.95,387.75,2500,387.9,2500,5000,35250000
ADANIPORTS-I.NFO,07/01/2020,09:42:03,387.95,387.7,2500,387.95,5000,0,35250000
ADANIPORTS-I.NFO,07/01/2020,09:42:04,387.95,387.7,2500,387.9,2500,0,35250000
ADANIPORTS-I.NFO,07/01/2020,09:42:07,387.95,387.65,2500,387.85,2500,0,35250000
ADANIPORTS-I.NFO,07/01/2020,09:42:07,387.95,387.6,2500,387.8,2500,0,35250000
ADANIPORTS-I.NFO,07/01/2020,09:42:09,387.8,387.65,5000,387.85,5000,2500,35250000
ADANIPORTS-I.NFO,07/01/2020,09:42:10,387.8,387.65,5000,387.85,5000,0,35250000
ADANIPORTS-I.NFO,07/01/2020,09:42:15,387.8,387.6,5000,387.75,10000,0,35250000
ADANIPORTS-I.NFO,07/01/2020,09:42:21,387.8,387.55,2500,387.6,2500,0,35250000
ADANIPORTS-I.NFO,07/01/2020,09:42:28,387.6,387.6,2500,387.75,10000,2500,35250000
ADANIPORTS-I.NFO,07/01/2020,09:42:35,387.55,387.55,2500,387.75,10000,15000,35250000
ADANIPORTS-I.NFO,07/01/2020,09:42:43,387.55,387.5,2500,387.65,5000,0,35250000
ADANIPORTS-I.NFO,07/01/2020,09:42:54,387.55,387.4,2500,387.55,2500,0,35250000
ADANIPORTS-I.NFO,07/01/2020,09:43:00,387.4,387.4,2500,387.55,2500,2500,35250000
ADANIPORTS-I.NFO,07/01/2020,09:43:06,387.4,387.4,2500,387.55,2500,0,35250000
ADANIPORTS-I.NFO,07/01/2020,09:43:12,387.3,387.3,2500,387.55,2500,5000,35250000
ADANIPORTS-I.NFO,07/01/2020,09:43:18,387.55,387.3,2500,387.4,2500,2500,35250000
ADANIPORTS-I.NFO,07/01/2020,09:43:22,387.4,387.3,5000,387.5,5000,10000,35250000
ADANIPORTS-I.NFO,07/01/2020,09:43:28,387.45,387.3,2500,387.5,5000,5000,35250000
ADANIPORTS-I.NFO,07/01/2020,09:43:33,387.45,387.3,5000,387.5,5000,0,35250000
ADANIPORTS-I.NFO,07/01/2020,09:43:42,387.3,387.25,2500,387.5,5000,2500,35250000
ADANIPORTS-I.NFO,07/01/2020,09:43:47,387.25,387.15,2500,387.4,5000,2500,35250000
ADANIPORTS-I.NFO,07/01/2020,09:43:52,387.25,387.2,2500,387.4,2500,0,35250000
ADANIPORTS-I.NFO,07/01/2020,09:43:57,387.4,387.25,2500,387.45,2500,10000,35250000
ADANIPORTS-I.NFO,07/01/2020,09:44:02,387.25,387.2,2500,387.4,5000,10000,35250000
ADANIPORTS-I.NFO,07/01/2020,09:44:08,387.4,387.2,2500,387.3,5000,2500,35250000
ADANIPORTS-I.NFO,07/01/2020,09:44:13,387.1,387,12500,387.15,2500,20000,35250000
ADANIPORTS-I.NFO,07/01/2020,09:44:19,387.1,387,12500,387.15,2500,0,35250000
ADANIPORTS-I.NFO,07/01/2020,09:44:29,387,386.9,2500,387.15,2500,17500,35247500
ADANIPORTS-I.NFO,07/01/2020,09:44:35,387.15,386.95,2500,387.15,2500,17500,35247500
ADANIPORTS-I.NFO,07/01/2020,09:44:40,387,386.9,2500,387,7500,5000,35247500
ADANIPORTS-I.NFO,07/01/2020,09:44:46,386.95,386.8,5000,387,7500,2500,35247500
ADANIPORTS-I.NFO,07/01/2020,09:44:51,387,386.85,2500,387,2500,5000,35247500
ADANIPORTS-I.NFO,07/01/2020,09:44:57,386.95,386.85,2500,387,2500,2500,35247500
ADANIPORTS-I.NFO,07/01/2020,09:45:02,386.85,386.8,2500,387,12500,2500,35247500
ADANIPORTS-I.NFO,07/01/2020,09:45:08,386.8,386.8,2500,387.05,2500,27500,35247500
ADANIPORTS-I.NFO,07/01/2020,09:45:15,386.7,386.65,2500,386.85,2500,12500,35247500
ADANIPORTS-I.NFO,07/01/2020,09:45:21,386.5,386.4,2500,386.6,5000,32500,35247500
ADANIPORTS-I.NFO,07/01/2020,09:45:26,386.65,386.6,2500,386.7,2500,7500,35247500
ADANIPORTS-I.NFO,07/01/2020,09:45:31,386.65,386.5,2500,386.65,2500,2500,35247500
ADANIPORTS-I.NFO,07/01/2020,09:45:36,386.65,386.65,2500,386.85,2500,2500,35247500
ADANIPORTS-I.NFO,07/01/2020,09:45:41,386.7,386.7,2500,386.95,7500,5000,35247500
ADANIPORTS-I.NFO,07/01/2020,09:45:45,386.85,386.65,2500,386.9,10000,15000,35247500
ADANIPORTS-I.NFO,07/01/2020,09:45:50,386.95,386.85,2500,387,10000,7500,35247500
ADANIPORTS-I.NFO,07/01/2020,09:45:55,386.95,386.85,2500,387,10000,0,35247500
ADANIPORTS-I.NFO,07/01/2020,09:45:59,386.85,386.75,2500,387,12500,2500,35247500
ADANIPORTS-I.NFO,07/01/2020,09:46:03,386.75,386.75,2500,386.85,5000,2500,35247500
ADANIPORTS-I.NFO,07/01/2020,09:46:08,386.8,386.75,2500,386.85,2500,2500,35247500
ADANIPORTS-I.NFO,07/01/2020,09:46:12,386.8,386.75,2500,386.85,2500,0,35247500
ADANIPORTS-I.NFO,07/01/2020,09:46:14,386.8,386.75,2500,386.85,2500,2500,35247500
ADANIPORTS-I.NFO,07/01/2020,09:46:15,386.8,386.75,2500,386.85,2500,0,35247500
ADANIPORTS-I.NFO,07/01/2020,09:46:16,386.75,386.7,5000,386.85,2500,2500,35247500
ADANIPORTS-I.NFO,07/01/2020,09:46:17,386.75,386.7,5000,386.85,2500,0,35247500
ADANIPORTS-I.NFO,07/01/2020,09:46:22,386.75,386.75,2500,386.85,2500,0,35247500
ADANIPORTS-I.NFO,07/01/2020,09:46:23,386.75,386.7,5000,386.85,2500,2500,35247500
ADANIPORTS-I.NFO,07/01/2020,09:46:24,386.75,386.7,5000,386.85,2500,0,35247500
ADANIPORTS-I.NFO,07/01/2020,09:46:25,386.75,386.7,5000,386.75,5000,0,35247500
ADANIPORTS-I.NFO,07/01/2020,09:46:26,386.7,386.7,2500,386.75,5000,2500,35247500
ADANIPORTS-I.NFO,07/01/2020,09:46:27,386.7,386.6,10000,386.75,5000,2500,35247500
ADANIPORTS-I.NFO,07/01/2020,09:46:28,386.75,386.65,2500,386.85,2500,5000,35247500
ADANIPORTS-I.NFO,07/01/2020,09:46:29,386.75,386.65,2500,386.85,2500,0,35247500
ADANIPORTS-I.NFO,07/01/2020,09:46:30,386.75,386.65,2500,386.9,5000,0,35247500
ADANIPORTS-I.NFO,07/01/2020,09:46:31,386.75,386.65,2500,386.85,5000,0,35247500
ADANIPORTS-I.NFO,07/01/2020,09:46:32,386.75,386.65,2500,386.9,2500,0,35247500
ADANIPORTS-I.NFO,07/01/2020,09:46:33,386.75,386.7,2500,386.85,5000,0,35247500
ADANIPORTS-I.NFO,07/01/2020,09:46:34,386.75,386.7,2500,386.8,2500,0,35247500
ADANIPORTS-I.NFO,07/01/2020,09:46:35,386.75,386.7,2500,386.85,2500,0,35247500
ADANIPORTS-I.NFO,07/01/2020,09:46:47,386.75,386.7,2500,386.9,5000,0,35247500
ADANIPORTS-I.NFO,07/01/2020,09:46:47,386.75,386.7,2500,386.85,5000,0,35247500
ADANIPORTS-I.NFO,07/01/2020,09:46:49,386.85,386.7,2500,386.9,2500,2500,35247500
ADANIPORTS-I.NFO,07/01/2020,09:46:50,386.85,386.75,2500,386.9,2500,0,35247500
ADANIPORTS-I.NFO,07/01/2020,09:46:51,386.85,386.75,2500,386.95,5000,0,35247500
ADANIPORTS-I.NFO,07/01/2020,09:46:55,386.85,386.8,5000,386.95,5000,0,35247500
ADANIPORTS-I.NFO,07/01/2020,09:46:56,386.85,386.8,5000,386.95,2500,0,35247500
ADANIPORTS-I.NFO,07/01/2020,09:46:57,386.85,386.8,5000,386.95,5000,0,35247500
ADANIPORTS-I.NFO,07/01/2020,09:46:58,386.85,386.85,2500,386.95,2500,0,35247500
ADANIPORTS-I.NFO,07/01/2020,09:47:00,386.8,386.75,5000,386.95,5000,7500,35247500
ADANIPORTS-I.NFO,07/01/2020,09:47:01,386.8,386.75,5000,386.9,5000,0,35247500
ADANIPORTS-I.NFO,07/01/2020,09:47:02,386.8,386.75,5000,386.95,7500,0,35247500
ADANIPORTS-I.NFO,07/01/2020,09:47:03,386.8,386.75,5000,386.95,2500,0,35247500
ADANIPORTS-I.NFO,07/01/2020,09:47:04,386.8,386.75,5000,386.95,7500,0,35247500
ADANIPORTS-I.NFO,07/01/2020,09:47:05,386.8,386.75,5000,386.9,2500,0,35247500
ADANIPORTS-I.NFO,07/01/2020,09:47:08,386.8,386.75,5000,386.9,5000,0,35247500
ADANIPORTS-I.NFO,07/01/2020,09:47:11,386.8,386.75,2500,386.9,5000,0,35247500
ADANIPORTS-I.NFO,07/01/2020,09:47:16,386.8,386.8,2500,386.95,2500,0,35247500
ADANIPORTS-I.NFO,07/01/2020,09:47:20,386.85,386.8,5000,386.95,2500,2500,35220000
ADANIPORTS-I.NFO,07/01/2020,09:47:25,386.85,386.85,2500,386.95,2500,0,35220000
ADANIPORTS-I.NFO,07/01/2020,09:47:29,386.85,386.8,2500,386.95,2500,2500,35220000
ADANIPORTS-I.NFO,07/01/2020,09:47:33,386.85,386.75,5000,386.9,2500,5000,35220000
ADANIPORTS-I.NFO,07/01/2020,09:47:37,386.85,386.75,7500,386.9,2500,0,35220000
ADANIPORTS-I.NFO,07/01/2020,09:47:42,386.85,386.75,7500,386.95,2500,0,35220000
