Ticker,Date,Time,LTP,BuyPrice,BuyQty,SellPrice,SellQty,LTQ,OpenInterest
COALINDIA-I.NFO,07/01/2020,09:15:02,202,202.05,8100,204.3,2700,2700,14593500
COALINDIA-I.NFO,07/01/2020,09:15:02,202,202.05,8100,204.3,2700,0,14593500
COALINDIA-I.NFO,07/01/2020,09:15:02,202,202.05,8100,204.3,2700,0,14593500
COALINDIA-I.NFO,07/01/2020,09:15:02,202,202.05,8100,204.3,2700,0,14593500
COALINDIA-I.NFO,07/01/2020,09:15:03,202,202.05,10800,204.3,5400,0,14593500
COALINDIA-I.NFO,07/01/2020,09:15:04,202,203,2700,203.35,2700,0,14593500
COALINDIA-I.NFO,07/01/2020,09:15:05,203,202.8,5400,203.1,2700,2700,14593500
COALINDIA-I.NFO,07/01/2020,09:15:05,203,202.8,5400,203.1,2700,0,14593500
COALINDIA-I.NFO,07/01/2020,09:15:06,203,202.8,5400,203.1,2700,0,14593500
COALINDIA-I.NFO,07/01/2020,09:15:07,203.1,202.9,2700,203.35,2700,2700,14593500
COALINDIA-I.NFO,07/01/2020,09:15:07,203.1,202.9,2700,203.35,2700,0,14593500
COALINDIA-I.NFO,07/01/2020,09:15:08,202.95,202.9,2700,203.25,5400,2700,14593500
COALINDIA-I.NFO,07/01/2020,09:15:09,202.95,202.9,2700,203.25,5400,0,14593500
COALINDIA-I.NFO,07/01/2020,09:15:10,202.95,202.85,2700,203.15,2700,0,14593500
COALINDIA-I.NFO,07/01/2020,09:15:11,202.95,202.85,5400,203.15,2700,0,14593500
COALINDIA-I.NFO,07/01/2020,09:15:12,203.2,203.1,5400,203.4,2700,5400,14593500
COALINDIA-I.NFO,07/01/2020,09:15:12,203.2,203.1,5400,203.4,2700,0,14593500
COALINDIA-I.NFO,07/01/2020,09:15:13,203.2,203.1,5400,203.4,2700,0,14593500
COALINDIA-I.NFO,07/01/2020,09:15:17,203.2,203.15,2700,203.55,2700,0,14593500
COALINDIA-I.NFO,07/01/2020,09:15:18,203.2,203.4,2700,203.65,2700,0,14593500
COALINDIA-I.NFO,07/01/2020,09:15:19,203.35,203.5,2700,203.8,2700,5400,14593500
COALINDIA-I.NFO,07/01/2020,09:15:19,203.55,203.5,2700,203.8,2700,0,14593500
COALINDIA-I.NFO,07/01/2020,09:15:20,203.35,203.5,2700,203.8,2700,0,14593500
COALINDIA-I.NFO,07/01/2020,09:15:21,203.5,203.4,2700,203.65,2700,5400,14593500
COALINDIA-I.NFO,07/01/2020,09:15:22,203.5,203.25,2700,203.5,2700,0,14593500
COALINDIA-I.NFO,07/01/2020,09:15:23,203.2,202.9,2700,203.15,2700,8100,14593500
COALINDIA-I.NFO,07/01/2020,09:15:24,203.2,202.8,2700,203,2700,0,14593500
COALINDIA-I.NFO,07/01/2020,09:15:25,203.2,202.8,2700,202.95,2700,0,14593500
COALINDIA-I.NFO,07/01/2020,09:15:26,202.9,202.75,2700,202.95,5400,5400,14593500
COALINDIA-I.NFO,07/01/2020,09:15:27,202.9,202.75,2700,202.95,5400,8100,14593500
COALINDIA-I.NFO,07/01/2020,09:15:28,202.7,202.55,2700,202.7,2700,8100,14593500
COALINDIA-I.NFO,07/01/2020,09:15:29,202.7,202.6,2700,202.8,2700,2700,14593500
COALINDIA-I.NFO,07/01/2020,09:15:30,202.7,202.6,2700,202.8,2700,0,14593500
COALINDIA-I.NFO,07/01/2020,09:15:31,202.9,202.65,5400,202.9,5400,2700,14593500
COALINDIA-I.NFO,07/01/2020,09:15:32,202.9,202.85,2700,203.1,2700,0,14593500
COALINDIA-I.NFO,07/01/2020,09:15:33,202.9,202.9,2700,203.15,2700,0,14593500
COALINDIA-I.NFO,07/01/2020,09:15:34,202.9,202.95,2700,203.15,2700,2700,14593500
COALINDIA-I.NFO,07/01/2020,09:15:35,202.9,202.85,2700,203.05,2700,0,14593500
COALINDIA-I.NFO,07/01/2020,09:15:36,202.9,203.05,2700,203.25,2700,0,14593500
COALINDIA-I.NFO,07/01/2020,09:15:37,203.05,203,2700,203.25,2700,8100,14593500
COALINDIA-I.NFO,07/01/2020,09:15:38,203.05,203,2700,203.2,2700,0,14593500
COALINDIA-I.NFO,07/01/2020,09:15:39,203,202.85,2700,203.05,2700,2700,14593500
COALINDIA-I.NFO,07/01/2020,09:15:40,202.85,202.65,2700,202.9,2700,8100,14593500
COALINDIA-I.NFO,07/01/2020,09:15:41,202.9,202.65,5400,202.9,2700,2700,14593500
COALINDIA-I.NFO,07/01/2020,09:15:42,202.9,202.85,2700,203.15,2700,2700,14593500
COALINDIA-I.NFO,07/01/2020,09:15:43,202.9,202.85,2700,203.15,2700,0,14593500
COALINDIA-I.NFO,07/01/2020,09:15:45,202.9,203,5400,203.25,2700,0,14593500
COALINDIA-I.NFO,07/01/2020,09:15:47,202.9,203.1,2700,203.3,2700,0,14593500
COALINDIA-I.NFO,07/01/2020,09:15:48,202.9,203.15,2700,203.35,2700,0,14593500
COALINDIA-I.NFO,07/01/2020,09:15:49,203.2,203.2,2700,203.35,2700,2700,14593500
COALINDIA-I.NFO,07/01/2020,09:15:50,203.2,203.2,2700,203.35,2700,0,14593500
COALINDIA-I.NFO,07/01/2020,09:15:52,203.35,203.35,2700,203.6,2700,2700,14593500
COALINDIA-I.NFO,07/01/2020,09:15:53,203.35,203.4,2700,203.6,2700,0,14593500
COALINDIA-I.NFO,07/01/2020,09:15:55,203.35,203.4,2700,203.65,2700,0,14593500
COALINDIA-I.NFO,07/01/2020,09:15:57,203.35,203.4,2700,203.65,5400,0,14593500
COALINDIA-I.NFO,07/01/2020,09:15:58,203.35,203.4,2700,203.65,2700,0,14593500
COALINDIA-I.NFO,07/01/2020,09:16:00,203.35,203.4,5400,203.65,2700,0,14593500
COALINDIA-I.NFO,07/01/2020,09:16:01,203.7,203.6,2700,203.75,2700,5400,14593500
COALINDIA-I.NFO,07/01/2020,09:16:01,203.7,203.6,2700,203.75,2700,0,14593500
COALINDIA-I.NFO,07/01/2020,09:16:02,203.55,203.55,2700,203.8,5400,24300,14593500
COALINDIA-I.NFO,07/01/2020,09:16:02,204,203.55,2700,203.8,5400,0,14593500
COALINDIA-I.NFO,07/01/2020,09:16:03,203.55,203.5,2700,203.7,2700,0,14593500
COALINDIA-I.NFO,07/01/2020,09:16:04,203.5,203.4,2700,203.6,8100,5400,14593500
COALINDIA-I.NFO,07/01/2020,09:16:05,203.5,203.4,5400,203.6,5400,0,14593500
COALINDIA-I.NFO,07/01/2020,09:16:06,203.4,203.3,5400,203.5,5400,2700,14593500
COALINDIA-I.NFO,07/01/2020,09:16:07,203.5,203.3,2700,203.5,2700,2700,14593500
COALINDIA-I.NFO,07/01/2020,09:16:08,203.5,203.4,2700,203.55,2700,0,14593500
COALINDIA-I.NFO,07/01/2020,09:16:09,203.45,203.3,5400,203.5,2700,2700,14593500
COALINDIA-I.NFO,07/01/2020,09:16:10,203.45,203.3,2700,203.5,2700,0,14593500
COALINDIA-I.NFO,07/01/2020,09:16:11,203.45,203.3,5400,203.5,2700,0,14593500
COALINDIA-I.NFO,07/01/2020,09:16:13,203.45,203.3,2700,203.45,5400,0,14593500
COALINDIA-I.NFO,07/01/2020,09:16:14,203.45,203.3,2700,203.45,2700,0,14593500
COALINDIA-I.NFO,07/01/2020,09:16:16,203.35,203.15,2700,203.35,5400,2700,14593500
COALINDIA-I.NFO,07/01/2020,09:16:17,203.35,203.2,2700,203.4,8100,0,14593500
COALINDIA-I.NFO,07/01/2020,09:16:18,203.35,203.1,5400,203.35,2700,0,14593500
COALINDIA-I.NFO,07/01/2020,09:16:19,203.35,203.1,5400,203.35,8100,0,14593500
COALINDIA-I.NFO,07/01/2020,09:16:20,203.35,203.1,5400,203.35,5400,0,14593500
COALINDIA-I.NFO,07/01/2020,09:16:22,203.35,203.1,5400,203.35,8100,0,14593500
COALINDIA-I.NFO,07/01/2020,09:16:23,203.35,203.1,5400,203.35,10800,0,14593500
COALINDIA-I.NFO,07/01/2020,09:16:24,203.35,203.1,2700,203.25,5400,0,14593500
COALINDIA-I.NFO,07/01/2020,09:16:26,203.35,203.1,5400,203.25,5400,0,14593500
COALINDIA-I.NFO,07/01/2020,09:16:28,203.25,203.15,2700,203.35,5400,2700,14593500
COALINDIA-I.NFO,07/01/2020,09:16:29,203.25,203.2,2700,203.4,8100,0,14593500
COALINDIA-I.NFO,07/01/2020,09:16:30,203.25,203.2,2700,203.4,2700,0,14593500
COALINDIA-I.NFO,07/01/2020,09:16:38,203.25,203.15,2700,203.3,8100,0,14593500
COALINDIA-I.NFO,07/01/2020,09:16:40,203.25,203.15,2700,203.25,8100,0,14593500
COALINDIA-I.NFO,07/01/2020,09:16:41,203.05,203,2700,203.2,5400,8100,14593500
COALINDIA-I.NFO,07/01/2020,09:16:42,203.05,203,2700,203.15,2700,0,14593500
COALINDIA-I.NFO,07/01/2020,09:16:43,203.05,203,2700,203.15,2700,2700,14593500
COALINDIA-I.NFO,07/01/2020,09:16:44,203.05,203,2700,203.15,2700,0,14593500
COALINDIA-I.NFO,07/01/2020,09:16:45,203,202.9,2700,203.1,10800,2700,14593500
COALINDIA-I.NFO,07/01/2020,09:16:46,203,202.95,2700,203.15,8100,0,14593500
COALINDIA-I.NFO,07/01/2020,09:16:47,203,202.95,5400,203.15,8100,0,14593500
COALINDIA-I.NFO,07/01/2020,09:16:51,203,202.95,2700,203.1,2700,0,14593500
COALINDIA-I.NFO,07/01/2020,09:16:53,202.95,202.8,5400,203,2700,2700,14593500
COALINDIA-I.NFO,07/01/2020,09:16:54,202.95,202.85,2700,203,2700,0,14593500
COALINDIA-I.NFO,07/01/2020,09:16:55,202.95,202.85,5400,203,2700,0,14593500
COALINDIA-I.NFO,07/01/2020,09:16:57,203,202.95,2700,203.15,2700,2700,14593500
COALINDIA-I.NFO,07/01/2020,09:17:00,203,202.95,2700,203.15,2700,0,14593500
COALINDIA-I.NFO,07/01/2020,09:17:01,203,202.95,5400,203.15,2700,0,14593500
COALINDIA-I.NFO,07/01/2020,09:17:04,203,202.95,10800,203.15,2700,0,14593500
COALINDIA-I.NFO,07/01/2020,09:17:06,203.05,202.9,2700,203.1,8100,2700,14593500
COALINDIA-I.NFO,07/01/2020,09:17:07,203.05,202.9,2700,203.1,8100,0,14593500
COALINDIA-I.NFO,07/01/2020,09:17:08,203.05,202.85,2700,203.1,8100,0,14593500
COALINDIA-I.NFO,07/01/2020,09:17:09,203.05,202.9,2700,203.1,2700,0,14593500
COALINDIA-I.NFO,07/01/2020,09:17:11,203.05,202.9,2700,203.15,5400,0,14593500
COALINDIA-I.NFO,07/01/2020,09:17:14,203.05,202.95,2700,203.15,2700,0,14593500
COALINDIA-I.NFO,07/01/2020,09:17:23,202.95,202.9,2700,203,2700,5400,14593500
COALINDIA-I.NFO,07/01/2020,09:17:32,203,202.95,5400,203.15,8100,13500,14639400
COALINDIA-I.NFO,07/01/2020,09:17:41,202.9,202.8,2700,202.95,5400,10800,14639400
COALINDIA-I.NFO,07/01/2020,09:17:50,203.1,203,2700,203.2,2700,21600,14639400
COALINDIA-I.NFO,07/01/2020,09:17:58,203,202.9,13500,203.1,2700,5400,14639400
COALINDIA-I.NFO,07/01/2020,09:18:06,203.1,202.95,2700,203.15,2700,2700,14639400
COALINDIA-I.NFO,07/01/2020,09:18:13,203.1,203,2700,203.25,13500,0,14639400
COALINDIA-I.NFO,07/01/2020,09:18:21,203.1,203,2700,203.2,2700,2700,14639400
COALINDIA-I.NFO,07/01/2020,09:18:29,202.75,202.7,2700,202.9,2700,27000,14639400
COALINDIA-I.NFO,07/01/2020,09:18:37,202.8,202.6,5400,202.9,5400,2700,14639400
COALINDIA-I.NFO,07/01/2020,09:18:45,202.8,202.75,2700,202.9,2700,0,14639400
COALINDIA-I.NFO,07/01/2020,09:18:52,202.8,202.75,2700,202.9,8100,0,14639400
COALINDIA-I.NFO,07/01/2020,09:18:59,202.8,202.75,2700,202.85,2700,2700,14639400
COALINDIA-I.NFO,07/01/2020,09:19:07,202.65,202.5,13500,202.65,2700,13500,14639400
COALINDIA-I.NFO,07/01/2020,09:19:15,202.3,202.2,2700,202.4,2700,27000,14639400
COALINDIA-I.NFO,07/01/2020,09:19:23,202.5,202.3,5400,202.55,8100,2700,14639400
COALINDIA-I.NFO,07/01/2020,09:19:31,202.5,202.3,5400,202.5,2700,0,14639400
COALINDIA-I.NFO,07/01/2020,09:19:38,202.35,202.35,2700,202.5,2700,2700,14639400
COALINDIA-I.NFO,07/01/2020,09:19:46,202.5,202.45,2700,202.7,5400,2700,14639400
COALINDIA-I.NFO,07/01/2020,09:19:54,202.7,202.8,2700,202.9,2700,5400,14639400
COALINDIA-I.NFO,07/01/2020,09:20:02,202.85,202.8,2700,202.95,8100,10800,14639400
COALINDIA-I.NFO,07/01/2020,09:20:09,202.85,202.65,5400,202.85,5400,5400,14639400
COALINDIA-I.NFO,07/01/2020,09:20:18,202.85,202.7,5400,202.85,2700,5400,14690700
COALINDIA-I.NFO,07/01/2020,09:20:25,202.85,202.6,2700,202.8,5400,0,14690700
COALINDIA-I.NFO,07/01/2020,09:20:33,202.85,202.7,2700,202.8,5400,0,14690700
COALINDIA-I.NFO,07/01/2020,09:20:41,202.8,202.7,2700,202.8,2700,2700,14690700
COALINDIA-I.NFO,07/01/2020,09:20:48,202.75,202.65,2700,202.8,2700,13500,14690700
COALINDIA-I.NFO,07/01/2020,09:20:56,202.8,202.8,2700,202.9,2700,2700,14690700
COALINDIA-I.NFO,07/01/2020,09:21:04,202.9,202.7,2700,202.9,2700,2700,14690700
COALINDIA-I.NFO,07/01/2020,09:21:11,202.8,202.7,2700,202.85,2700,5400,14690700
COALINDIA-I.NFO,07/01/2020,09:21:19,202.8,202.65,5400,202.8,2700,0,14690700
COALINDIA-I.NFO,07/01/2020,09:21:33,202.8,202.7,5400,202.8,2700,0,14690700
COALINDIA-I.NFO,07/01/2020,09:21:55,202.85,202.8,2700,202.95,2700,5400,14690700
COALINDIA-I.NFO,07/01/2020,09:22:01,203.1,202.75,5400,203,10800,5400,14690700
COALINDIA-I.NFO,07/01/2020,09:22:09,203.1,202.95,2700,203.1,2700,0,14690700
COALINDIA-I.NFO,07/01/2020,09:22:16,202.9,202.85,8100,203,2700,8100,14690700
COALINDIA-I.NFO,07/01/2020,09:22:24,202.9,202.9,2700,203.05,2700,0,14690700
COALINDIA-I.NFO,07/01/2020,09:22:31,202.9,202.9,5400,203.05,2700,0,14690700
COALINDIA-I.NFO,07/01/2020,09:22:38,202.8,202.75,5400,202.9,2700,13500,14690700
COALINDIA-I.NFO,07/01/2020,09:22:44,202.8,202.75,5400,202.9,2700,0,14690700
COALINDIA-I.NFO,07/01/2020,09:22:51,202.85,202.75,8100,202.95,2700,2700,14690700
COALINDIA-I.NFO,07/01/2020,09:22:57,202.85,202.75,5400,202.95,2700,0,14690700
COALINDIA-I.NFO,07/01/2020,09:23:03,202.95,202.85,2700,203.1,5400,2700,14690700
COALINDIA-I.NFO,07/01/2020,09:23:17,202.95,202.85,5400,203,2700,0,14690700
COALINDIA-I.NFO,07/01/2020,09:23:24,203,202.85,5400,203,2700,2700,14720400
COALINDIA-I.NFO,07/01/2020,09:23:30,203,202.85,2700,202.95,5400,2700,14720400
COALINDIA-I.NFO,07/01/2020,09:23:37,203,202.85,2700,203,5400,0,14720400
COALINDIA-I.NFO,07/01/2020,09:23:43,202.9,202.8,2700,202.95,2700,13500,14720400
COALINDIA-I.NFO,07/01/2020,09:23:50,202.9,202.9,2700,203.1,2700,0,14720400
COALINDIA-I.NFO,07/01/2020,09:23:57,202.9,203,2700,203.1,2700,0,14720400
COALINDIA-I.NFO,07/01/2020,09:24:03,203.05,202.85,5400,203.05,2700,21600,14720400
COALINDIA-I.NFO,07/01/2020,09:24:11,203.05,202.75,2700,202.9,5400,0,14720400
COALINDIA-I.NFO,07/01/2020,09:24:24,202.8,202.6,2700,202.75,10800,16200,14720400
COALINDIA-I.NFO,07/01/2020,09:24:31,202.6,202.5,10800,202.6,5400,2700,14720400
COALINDIA-I.NFO,07/01/2020,09:24:38,202.7,202.55,2700,202.75,2700,13500,14720400
COALINDIA-I.NFO,07/01/2020,09:24:44,202.7,202.55,2700,202.75,2700,0,14720400
COALINDIA-I.NFO,07/01/2020,09:24:51,202.7,202.55,2700,202.7,2700,0,14720400
COALINDIA-I.NFO,07/01/2020,09:24:57,202.7,202.55,2700,202.8,8100,2700,14720400
COALINDIA-I.NFO,07/01/2020,09:25:04,202.7,202.55,2700,202.75,2700,0,14720400
COALINDIA-I.NFO,07/01/2020,09:25:11,202.7,202.55,2700,202.7,2700,2700,14720400
COALINDIA-I.NFO,07/01/2020,09:25:18,202.65,202.55,2700,202.7,2700,2700,14720400
COALINDIA-I.NFO,07/01/2020,09:25:26,202.65,202.55,2700,202.7,2700,0,14720400
COALINDIA-I.NFO,07/01/2020,09:25:33,202.65,202.55,2700,202.7,2700,5400,14720400
COALINDIA-I.NFO,07/01/2020,09:25:40,202.65,202.5,2700,202.65,5400,0,14720400
COALINDIA-I.NFO,07/01/2020,09:25:50,202.65,202.55,2700,202.7,2700,0,14720400
COALINDIA-I.NFO,07/01/2020,09:26:03,202.65,202.5,5400,202.6,2700,0,14720400
COALINDIA-I.NFO,07/01/2020,09:26:11,202.65,202.55,2700,202.7,2700,27000,14720400
COALINDIA-I.NFO,07/01/2020,09:26:18,202.75,202.55,2700,202.75,5400,5400,14736600
COALINDIA-I.NFO,07/01/2020,09:26:23,202.75,202.6,2700,202.75,2700,0,14736600
COALINDIA-I.NFO,07/01/2020,09:26:28,202.8,202.75,2700,202.9,2700,2700,14736600
COALINDIA-I.NFO,07/01/2020,09:26:35,202.75,202.65,2700,202.8,2700,5400,14736600
COALINDIA-I.NFO,07/01/2020,09:26:42,202.75,202.65,2700,202.8,2700,0,14736600
COALINDIA-I.NFO,07/01/2020,09:26:48,202.55,202.55,2700,202.7,5400,2700,14736600
COALINDIA-I.NFO,07/01/2020,09:26:53,202.55,202.55,2700,202.7,2700,0,14736600
COALINDIA-I.NFO,07/01/2020,09:26:58,202.55,202.5,5400,202.65,2700,5400,14736600
COALINDIA-I.NFO,07/01/2020,09:27:03,202.55,202.5,5400,202.65,2700,0,14736600
COALINDIA-I.NFO,07/01/2020,09:27:08,202.65,202.6,2700,202.75,2700,2700,14736600
COALINDIA-I.NFO,07/01/2020,09:27:14,202.6,202.5,2700,202.65,2700,2700,14736600
COALINDIA-I.NFO,07/01/2020,09:27:20,202.6,202.5,2700,202.6,2700,0,14736600
COALINDIA-I.NFO,07/01/2020,09:27:26,202.5,202.2,5400,202.35,2700,10800,14736600
COALINDIA-I.NFO,07/01/2020,09:27:33,202.5,202.2,5400,202.35,2700,0,14736600
COALINDIA-I.NFO,07/01/2020,09:27:44,202.5,202.2,8100,202.4,5400,0,14736600
COALINDIA-I.NFO,07/01/2020,09:27:49,202.4,202.25,8100,202.45,5400,2700,14736600
COALINDIA-I.NFO,07/01/2020,09:28:01,202.4,202.3,2700,202.45,2700,2700,14736600
COALINDIA-I.NFO,07/01/2020,09:28:11,202.4,202.3,2700,202.45,2700,0,14736600
COALINDIA-I.NFO,07/01/2020,09:28:17,202.25,202.25,2700,202.45,5400,8100,14736600
COALINDIA-I.NFO,07/01/2020,09:28:22,202.25,202.25,2700,202.45,5400,0,14736600
COALINDIA-I.NFO,07/01/2020,09:28:29,202.25,202.2,8100,202.35,2700,0,14736600
COALINDIA-I.NFO,07/01/2020,09:28:34,202.35,202.2,8100,202.35,2700,2700,14736600
COALINDIA-I.NFO,07/01/2020,09:28:39,202.35,202.2,8100,202.35,2700,0,14736600
COALINDIA-I.NFO,07/01/2020,09:28:51,202.35,202.35,2700,202.55,2700,0,14736600
COALINDIA-I.NFO,07/01/2020,09:28:57,202.35,202.3,2700,202.5,2700,0,14736600
COALINDIA-I.NFO,07/01/2020,09:29:02,202.35,202.35,2700,202.5,2700,0,14736600
COALINDIA-I.NFO,07/01/2020,09:29:09,202.35,202.35,5400,202.55,2700,0,14736600
COALINDIA-I.NFO,07/01/2020,09:29:15,202.35,202.4,2700,202.55,2700,0,14736600
COALINDIA-I.NFO,07/01/2020,09:29:21,202.35,202.4,5400,202.55,2700,0,14736600
COALINDIA-I.NFO,07/01/2020,09:29:26,202.5,202.35,5400,202.5,2700,2700,14777100
COALINDIA-I.NFO,07/01/2020,09:29:32,202.5,202.35,5400,202.5,2700,0,14777100
COALINDIA-I.NFO,07/01/2020,09:29:38,202.5,202.4,5400,202.55,2700,2700,14777100
COALINDIA-I.NFO,07/01/2020,09:29:45,202.35,202.3,2700,202.4,2700,5400,14777100
COALINDIA-I.NFO,07/01/2020,09:29:52,202.3,202.2,8100,202.3,2700,2700,14777100
COALINDIA-I.NFO,07/01/2020,09:29:57,202.3,202.2,8100,202.3,2700,0,14777100
COALINDIA-I.NFO,07/01/2020,09:30:03,202.2,202.2,5400,202.35,5400,2700,14777100
COALINDIA-I.NFO,07/01/2020,09:30:10,202.35,202.3,2700,202.45,2700,5400,14777100
COALINDIA-I.NFO,07/01/2020,09:30:17,202.35,202.3,2700,202.45,2700,2700,14777100
COALINDIA-I.NFO,07/01/2020,09:30:23,202.35,202.3,2700,202.45,2700,0,14777100
COALINDIA-I.NFO,07/01/2020,09:30:29,202.35,202.3,5400,202.45,2700,0,14777100
COALINDIA-I.NFO,07/01/2020,09:30:34,202.35,202.3,5400,202.4,2700,0,14777100
COALINDIA-I.NFO,07/01/2020,09:30:45,202.35,202.3,10800,202.45,2700,0,14777100
COALINDIA-I.NFO,07/01/2020,09:30:50,202.4,202.4,5400,202.45,5400,2700,14777100
COALINDIA-I.NFO,07/01/2020,09:30:55,202.4,202.4,5400,202.45,5400,0,14777100
COALINDIA-I.NFO,07/01/2020,09:31:01,202.4,202.3,2700,202.35,2700,5400,14777100
COALINDIA-I.NFO,07/01/2020,09:31:07,202.3,202.3,5400,202.4,2700,5400,14777100
COALINDIA-I.NFO,07/01/2020,09:31:14,202.4,202.45,2700,202.55,2700,2700,14777100
COALINDIA-I.NFO,07/01/2020,09:31:20,202.45,202.35,5400,202.5,5400,8100,14777100
COALINDIA-I.NFO,07/01/2020,09:31:26,202.45,202.35,5400,202.5,2700,0,14777100
COALINDIA-I.NFO,07/01/2020,09:31:31,202.45,202.35,2700,202.5,2700,0,14777100
COALINDIA-I.NFO,07/01/2020,09:31:36,202.5,202.4,2700,202.55,2700,2700,14777100
COALINDIA-I.NFO,07/01/2020,09:31:42,202.35,202.4,2700,202.55,2700,8100,14777100
COALINDIA-I.NFO,07/01/2020,09:31:47,202.35,202.45,2700,202.55,2700,0,14777100
COALINDIA-I.NFO,07/01/2020,09:31:52,202.5,202.45,2700,202.55,2700,2700,14777100
COALINDIA-I.NFO,07/01/2020,09:31:57,202.5,202.45,2700,202.55,2700,0,14777100
COALINDIA-I.NFO,07/01/2020,09:32:01,202.55,202.5,2700,202.7,5400,5400,14777100
COALINDIA-I.NFO,07/01/2020,09:32:06,202.55,202.5,5400,202.7,2700,0,14777100
COALINDIA-I.NFO,07/01/2020,09:32:11,202.6,202.5,2700,202.7,2700,2700,14777100
COALINDIA-I.NFO,07/01/2020,09:32:16,202.6,202.6,2700,202.8,2700,0,14777100
COALINDIA-I.NFO,07/01/2020,09:32:30,202.8,202.75,2700,202.85,2700,5400,14814900
COALINDIA-I.NFO,07/01/2020,09:32:35,202.8,202.75,2700,202.95,8100,5400,14814900
COALINDIA-I.NFO,07/01/2020,09:32:41,202.8,202.75,2700,202.95,5400,0,14814900
COALINDIA-I.NFO,07/01/2020,09:32:47,202.8,202.75,5400,202.9,2700,0,14814900
COALINDIA-I.NFO,07/01/2020,09:32:53,202.8,202.75,5400,202.95,5400,0,14814900
COALINDIA-I.NFO,07/01/2020,09:33:03,202.8,202.75,5400,202.9,2700,0,14814900
COALINDIA-I.NFO,07/01/2020,09:33:09,202.65,202.65,2700,202.8,2700,13500,14814900
COALINDIA-I.NFO,07/01/2020,09:33:15,202.65,202.6,2700,202.7,2700,0,14814900
COALINDIA-I.NFO,07/01/2020,09:33:20,202.65,202.5,2700,202.65,2700,0,14814900
COALINDIA-I.NFO,07/01/2020,09:33:26,202.65,202.5,5400,202.7,2700,2700,14814900
COALINDIA-I.NFO,07/01/2020,09:33:32,202.65,202.7,2700,202.8,2700,0,14814900
COALINDIA-I.NFO,07/01/2020,09:33:37,202.8,202.7,2700,202.85,2700,8100,14814900
COALINDIA-I.NFO,07/01/2020,09:33:42,202.8,202.7,2700,202.85,2700,0,14814900
COALINDIA-I.NFO,07/01/2020,09:33:48,202.8,202.8,2700,202.95,5400,0,14814900
COALINDIA-I.NFO,07/01/2020,09:33:53,202.95,202.8,2700,202.95,2700,2700,14814900
COALINDIA-I.NFO,07/01/2020,09:33:58,202.95,202.9,2700,203,2700,2700,14814900
COALINDIA-I.NFO,07/01/2020,09:34:08,202.95,202.95,2700,203.1,2700,10800,14814900
COALINDIA-I.NFO,07/01/2020,09:34:14,202.95,203,2700,203.1,2700,0,14814900
COALINDIA-I.NFO,07/01/2020,09:34:18,202.95,203,2700,203.1,5400,0,14814900
COALINDIA-I.NFO,07/01/2020,09:34:34,202.95,203,5400,203.1,5400,0,14814900
COALINDIA-I.NFO,07/01/2020,09:34:44,203.1,203,8100,203.1,2700,2700,14814900
COALINDIA-I.NFO,07/01/2020,09:34:53,203.05,203,8100,203.1,2700,2700,14814900
COALINDIA-I.NFO,07/01/2020,09:34:59,203.05,203,8100,203.1,2700,0,14814900
COALINDIA-I.NFO,07/01/2020,09:35:09,203.1,203.05,2700,203.2,2700,5400,14814900
COALINDIA-I.NFO,07/01/2020,09:35:14,203.1,203.05,2700,203.2,2700,0,14814900
COALINDIA-I.NFO,07/01/2020,09:35:18,203.1,203.1,2700,203.2,5400,0,14814900
COALINDIA-I.NFO,07/01/2020,09:35:23,203.1,203.1,2700,203.2,2700,0,14814900
COALINDIA-I.NFO,07/01/2020,09:35:41,203.15,203.1,2700,203.2,2700,2700,14833800
COALINDIA-I.NFO,07/01/2020,09:35:48,203.15,203.05,2700,203.2,2700,8100,14833800
COALINDIA-I.NFO,07/01/2020,09:35:55,203.15,203.05,2700,203.2,2700,0,14833800
COALINDIA-I.NFO,07/01/2020,09:36:12,203.15,203.05,5400,203.2,2700,2700,14833800
COALINDIA-I.NFO,07/01/2020,09:36:19,203.15,203.15,2700,203.2,2700,0,14833800
COALINDIA-I.NFO,07/01/2020,09:36:25,203.15,203,10800,203.15,5400,8100,14833800
COALINDIA-I.NFO,07/01/2020,09:36:30,203.15,203,10800,203.1,5400,0,14833800
COALINDIA-I.NFO,07/01/2020,09:36:35,203.1,203,10800,203.15,8100,2700,14833800
COALINDIA-I.NFO,07/01/2020,09:36:39,202.95,202.9,2700,203,5400,16200,14833800
COALINDIA-I.NFO,07/01/2020,09:36:45,203.1,202.9,2700,203.05,5400,10800,14833800
COALINDIA-I.NFO,07/01/2020,09:36:49,203.1,202.95,2700,203.1,5400,0,14833800
COALINDIA-I.NFO,07/01/2020,09:37:00,203,202.95,2700,203.1,5400,2700,14833800
COALINDIA-I.NFO,07/01/2020,09:37:05,203,202.95,2700,203.1,5400,0,14833800
COALINDIA-I.NFO,07/01/2020,09:37:24,203,203,5400,203.15,8100,0,14833800
COALINDIA-I.NFO,07/01/2020,09:37:34,203,203,8100,203.15,8100,0,14833800
COALINDIA-I.NFO,07/01/2020,09:37:40,203.1,203,5400,203.1,5400,2700,14833800
COALINDIA-I.NFO,07/01/2020,09:37:45,203.1,203,5400,203.1,5400,0,14833800
COALINDIA-I.NFO,07/01/2020,09:38:07,203.1,203,8100,203.1,5400,0,14833800
COALINDIA-I.NFO,07/01/2020,09:38:12,203.1,203,10800,203.1,5400,0,14833800
COALINDIA-I.NFO,07/01/2020,09:38:27,203.1,203,10800,203.15,5400,2700,14855400
COALINDIA-I.NFO,07/01/2020,09:38:31,203.1,203,10800,203.15,5400,0,14855400
COALINDIA-I.NFO,07/01/2020,09:38:40,203.1,203.1,5400,203.15,2700,0,14855400
COALINDIA-I.NFO,07/01/2020,09:38:45,203.15,203.15,2700,203.3,2700,2700,14855400
COALINDIA-I.NFO,07/01/2020,09:38:50,203.15,203.15,2700,203.3,2700,0,14855400
COALINDIA-I.NFO,07/01/2020,09:38:55,203.15,203.15,5400,203.3,2700,0,14855400
COALINDIA-I.NFO,07/01/2020,09:38:59,203.25,203.15,2700,203.3,2700,2700,14855400
COALINDIA-I.NFO,07/01/2020,09:39:04,203.25,203.2,2700,203.3,2700,0,14855400
COALINDIA-I.NFO,07/01/2020,09:39:13,203.25,203.2,2700,203.35,5400,0,14855400
COALINDIA-I.NFO,07/01/2020,09:39:19,203.25,203.25,2700,203.35,2700,0,14855400
COALINDIA-I.NFO,07/01/2020,09:39:30,203.45,203.2,2700,203.4,8100,10800,14855400
COALINDIA-I.NFO,07/01/2020,09:39:35,203.45,203.25,5400,203.45,10800,0,14855400
COALINDIA-I.NFO,07/01/2020,09:39:40,203.45,203.25,2700,203.45,2700,2700,14855400
COALINDIA-I.NFO,07/01/2020,09:39:45,203.45,203.25,2700,203.45,2700,0,14855400
COALINDIA-I.NFO,07/01/2020,09:39:50,203.45,203.25,2700,203.45,10800,0,14855400
COALINDIA-I.NFO,07/01/2020,09:39:58,203.45,203.35,2700,203.45,2700,2700,14855400
COALINDIA-I.NFO,07/01/2020,09:40:09,203.4,203.4,2700,203.5,8100,10800,14855400
COALINDIA-I.NFO,07/01/2020,09:40:14,203.4,203.4,2700,203.5,8100,0,14855400
COALINDIA-I.NFO,07/01/2020,09:40:21,203.45,203.2,2700,203.4,21600,2700,14855400
COALINDIA-I.NFO,07/01/2020,09:40:26,203.45,203.3,2700,203.45,16200,0,14855400
COALINDIA-I.NFO,07/01/2020,09:40:31,203.45,203.3,2700,203.45,13500,0,14855400
COALINDIA-I.NFO,07/01/2020,09:40:36,203.45,203.3,2700,203.45,13500,2700,14855400
COALINDIA-I.NFO,07/01/2020,09:40:41,203.3,203.3,2700,203.4,8100,5400,14855400
COALINDIA-I.NFO,07/01/2020,09:40:46,203.3,203.35,2700,203.45,2700,0,14855400
COALINDIA-I.NFO,07/01/2020,09:40:51,203.3,203.35,5400,203.45,5400,0,14855400
COALINDIA-I.NFO,07/01/2020,09:41:00,203.45,203.35,5400,203.5,10800,5400,14855400
COALINDIA-I.NFO,07/01/2020,09:41:06,203.45,203.4,2700,203.5,8100,0,14855400
COALINDIA-I.NFO,07/01/2020,09:41:11,203.45,203.35,8100,203.5,10800,0,14855400
COALINDIA-I.NFO,07/01/2020,09:41:16,203.5,203.4,2700,203.5,5400,2700,14855400
COALINDIA-I.NFO,07/01/2020,09:41:20,203.5,203.4,2700,203.5,5400,0,14855400
COALINDIA-I.NFO,07/01/2020,09:41:31,203.5,203.4,2700,203.5,2700,2700,14868900
COALINDIA-I.NFO,07/01/2020,09:41:35,203.5,203.4,2700,203.5,2700,0,14868900
COALINDIA-I.NFO,07/01/2020,09:41:40,203.4,203.35,5400,203.5,5400,2700,14868900
COALINDIA-I.NFO,07/01/2020,09:41:49,203.55,203.4,8100,203.55,2700,10800,14868900
COALINDIA-I.NFO,07/01/2020,09:41:55,203.55,203.4,5400,203.55,5400,0,14868900
COALINDIA-I.NFO,07/01/2020,09:42:01,203.4,203.35,5400,203.45,8100,2700,14868900
COALINDIA-I.NFO,07/01/2020,09:42:08,203.4,203.35,5400,203.45,8100,0,14868900
COALINDIA-I.NFO,07/01/2020,09:42:28,203.4,203.35,5400,203.45,2700,0,14868900
COALINDIA-I.NFO,07/01/2020,09:42:43,203.45,203.4,2700,203.55,5400,2700,14868900
COALINDIA-I.NFO,07/01/2020,09:42:49,203.45,203.4,5400,203.55,8100,0,14868900
COALINDIA-I.NFO,07/01/2020,09:42:54,203.4,203.4,2700,203.5,2700,2700,14868900
COALINDIA-I.NFO,07/01/2020,09:43:00,203.4,203.4,5400,203.55,5400,0,14868900
COALINDIA-I.NFO,07/01/2020,09:43:06,203.4,203.5,2700,203.6,2700,0,14868900
COALINDIA-I.NFO,07/01/2020,09:43:12,203.55,203.4,2700,203.6,18900,2700,14868900
COALINDIA-I.NFO,07/01/2020,09:43:18,203.4,203.4,2700,203.55,18900,2700,14868900
COALINDIA-I.NFO,07/01/2020,09:43:22,203.4,203.4,2700,203.6,13500,0,14868900
COALINDIA-I.NFO,07/01/2020,09:43:28,203.4,203.4,2700,203.55,2700,0,14868900
COALINDIA-I.NFO,07/01/2020,09:43:33,203.4,203.45,2700,203.55,2700,0,14868900
COALINDIA-I.NFO,07/01/2020,09:43:37,203.4,203.5,2700,203.6,2700,0,14868900
COALINDIA-I.NFO,07/01/2020,09:43:47,203.6,203.55,2700,203.7,5400,2700,14868900
COALINDIA-I.NFO,07/01/2020,09:43:52,203.6,203.55,2700,203.7,5400,0,14868900
COALINDIA-I.NFO,07/01/2020,09:44:02,203.6,203.55,2700,203.7,10800,0,14868900
COALINDIA-I.NFO,07/01/2020,09:44:08,203.6,203.55,2700,203.7,18900,2700,14868900
COALINDIA-I.NFO,07/01/2020,09:44:14,203.6,203.55,2700,203.7,18900,0,14868900
COALINDIA-I.NFO,07/01/2020,09:44:19,203.6,203.55,2700,203.7,13500,0,14868900
COALINDIA-I.NFO,07/01/2020,09:44:24,203.6,203.55,5400,203.65,2700,0,14868900
COALINDIA-I.NFO,07/01/2020,09:44:29,203.5,203.4,2700,203.55,10800,5400,14885100
COALINDIA-I.NFO,07/01/2020,09:44:35,203.5,203.35,2700,203.55,10800,0,14885100
COALINDIA-I.NFO,07/01/2020,09:44:40,203.5,203.35,2700,203.5,13500,0,14885100
COALINDIA-I.NFO,07/01/2020,09:44:46,203.35,203.3,5400,203.45,10800,5400,14885100
COALINDIA-I.NFO,07/01/2020,09:44:52,203.35,203.3,5400,203.45,10800,0,14885100
COALINDIA-I.NFO,07/01/2020,09:44:57,203.45,203.35,2700,203.45,13500,2700,14885100
COALINDIA-I.NFO,07/01/2020,09:45:02,203.45,203.4,2700,203.45,8100,0,14885100
COALINDIA-I.NFO,07/01/2020,09:45:08,203.4,203.35,2700,203.45,10800,2700,14885100
COALINDIA-I.NFO,07/01/2020,09:45:15,203.4,203.3,5400,203.4,13500,0,14885100
COALINDIA-I.NFO,07/01/2020,09:45:26,203.3,203.3,2700,203.35,8100,2700,14885100
COALINDIA-I.NFO,07/01/2020,09:45:31,203.4,203.3,2700,203.45,13500,10800,14885100
COALINDIA-I.NFO,07/01/2020,09:45:36,203.4,203.4,2700,203.45,13500,0,14885100
COALINDIA-I.NFO,07/01/2020,09:45:45,203.45,203.4,5400,203.45,10800,2700,14885100
COALINDIA-I.NFO,07/01/2020,09:45:50,203.45,203.4,2700,203.5,5400,8100,14885100
COALINDIA-I.NFO,07/01/2020,09:45:55,203.5,203.4,2700,203.55,8100,2700,14885100
COALINDIA-I.NFO,07/01/2020,09:46:03,203.5,203.4,2700,203.55,8100,0,14885100
COALINDIA-I.NFO,07/01/2020,09:46:08,203.5,203.4,2700,203.55,5400,0,14885100
COALINDIA-I.NFO,07/01/2020,09:46:13,203.55,203.45,2700,203.6,10800,5400,14885100
COALINDIA-I.NFO,07/01/2020,09:46:18,203.55,203.5,5400,203.6,8100,0,14885100
COALINDIA-I.NFO,07/01/2020,09:46:34,203.55,203.5,2700,203.6,2700,2700,14885100
COALINDIA-I.NFO,07/01/2020,09:46:39,203.55,203.5,2700,203.6,2700,0,14885100
COALINDIA-I.NFO,07/01/2020,09:46:45,203.55,203.5,5400,203.6,2700,0,14885100
COALINDIA-I.NFO,07/01/2020,09:47:07,203.75,203.7,2700,203.9,5400,13500,14885100
COALINDIA-I.NFO,07/01/2020,09:47:11,203.8,203.75,2700,203.9,5400,2700,14885100
COALINDIA-I.NFO,07/01/2020,09:47:16,203.8,203.75,2700,203.9,5400,0,14885100
COALINDIA-I.NFO,07/01/2020,09:47:21,203.8,203.75,2700,203.85,2700,0,14885100
COALINDIA-I.NFO,07/01/2020,09:47:29,203.85,203.75,2700,203.9,5400,2700,14887800
COALINDIA-I.NFO,07/01/2020,09:47:37,203.85,203.75,5400,203.8,2700,0,14887800
COALINDIA-I.NFO,07/01/2020,09:47:52,203.8,203.8,5400,203.9,2700,2700,14887800
COALINDIA-I.NFO,07/01/2020,09:47:56,203.8,203.8,5400,203.9,2700,0,14887800
COALINDIA-I.NFO,07/01/2020,09:48:01,203.8,203.8,2700,203.9,8100,2700,14887800
COALINDIA-I.NFO,07/01/2020,09:48:06,203.8,203.8,2700,203.9,8100,0,14887800
COALINDIA-I.NFO,07/01/2020,09:48:10,203.85,203.8,2700,203.9,8100,5400,14887800
COALINDIA-I.NFO,07/01/2020,09:48:14,203.8,203.75,2700,203.9,8100,2700,14887800
COALINDIA-I.NFO,07/01/2020,09:48:18,203.8,203.75,2700,203.8,2700,0,14887800
COALINDIA-I.NFO,07/01/2020,09:48:30,203.75,203.65,8100,203.8,13500,5400,14887800
COALINDIA-I.NFO,07/01/2020,09:48:34,203.65,203.5,8100,203.7,10800,10800,14887800
COALINDIA-I.NFO,07/01/2020,09:48:39,203.65,203.45,2700,203.6,10800,0,14887800
COALINDIA-I.NFO,07/01/2020,09:48:44,203.65,203.45,2700,203.6,13500,0,14887800
COALINDIA-I.NFO,07/01/2020,09:48:48,203.65,203.45,2700,203.6,10800,0,14887800
COALINDIA-I.NFO,07/01/2020,09:48:51,203.65,203.5,2700,203.65,5400,0,14887800
COALINDIA-I.NFO,07/01/2020,09:48:56,203.65,203.5,2700,203.65,8100,0,14887800
COALINDIA-I.NFO,07/01/2020,09:49:00,203.65,203.4,8100,203.6,5400,0,14887800
COALINDIA-I.NFO,07/01/2020,09:49:04,203.65,203.45,8100,203.6,8100,0,14887800
COALINDIA-I.NFO,07/01/2020,09:49:09,203.65,203.4,8100,203.55,13500,0,14887800
COALINDIA-I.NFO,07/01/2020,09:49:12,203.55,203.4,8100,203.6,16200,2700,14887800
COALINDIA-I.NFO,07/01/2020,09:49:13,203.55,203.4,8100,203.6,16200,0,14887800
COALINDIA-I.NFO,07/01/2020,09:49:14,203.55,203.4,8100,203.6,18900,0,14887800
COALINDIA-I.NFO,07/01/2020,09:49:17,203.55,203.4,8100,203.6,16200,0,14887800
COALINDIA-I.NFO,07/01/2020,09:49:18,203.55,203.4,8100,203.6,18900,0,14887800
COALINDIA-I.NFO,07/01/2020,09:49:20,203.55,203.4,8100,203.55,8100,0,14887800
COALINDIA-I.NFO,07/01/2020,09:49:23,203.55,203.4,5400,203.55,8100,0,14887800
COALINDIA-I.NFO,07/01/2020,09:49:24,203.55,203.4,5400,203.5,13500,0,14887800
COALINDIA-I.NFO,07/01/2020,09:49:25,203.55,203.4,5400,203.5,10800,0,14887800
COALINDIA-I.NFO,07/01/2020,09:49:26,203.55,203.4,5400,203.5,13500,0,14887800
COALINDIA-I.NFO,07/01/2020,09:49:31,203.55,203.4,5400,203.5,10800,0,14887800
COALINDIA-I.NFO,07/01/2020,09:49:34,203.4,203.25,2700,203.4,13500,5400,14887800
COALINDIA-I.NFO,07/01/2020,09:49:35,203.45,203.35,2700,203.5,13500,5400,14887800
COALINDIA-I.NFO,07/01/2020,09:49:36,203.45,203.35,2700,203.5,13500,0,14887800
COALINDIA-I.NFO,07/01/2020,09:49:38,203.45,203.3,5400,203.5,13500,0,14887800
COALINDIA-I.NFO,07/01/2020,09:49:39,203.45,203.3,5400,203.45,5400,0,14887800
COALINDIA-I.NFO,07/01/2020,09:49:43,203.45,203.3,8100,203.45,5400,0,14887800
COALINDIA-I.NFO,07/01/2020,09:49:49,203.45,203.3,10800,203.45,5400,0,14887800
COALINDIA-I.NFO,07/01/2020,09:49:53,203.45,203.45,5400,203.6,8100,5400,14887800
COALINDIA-I.NFO,07/01/2020,09:49:54,203.45,203.45,5400,203.6,2700,0,14887800
COALINDIA-I.NFO,07/01/2020,09:49:55,203.45,203.4,10800,203.6,2700,0,14887800
COALINDIA-I.NFO,07/01/2020,09:49:58,203.45,203.5,8100,203.65,2700,0,14887800
COALINDIA-I.NFO,07/01/2020,09:50:01,203.45,203.5,5400,203.65,2700,0,14887800
COALINDIA-I.NFO,07/01/2020,09:50:04,203.6,203.45,8100,203.6,2700,5400,14887800
COALINDIA-I.NFO,07/01/2020,09:50:05,203.6,203.45,8100,203.6,2700,0,14887800
COALINDIA-I.NFO,07/01/2020,09:50:05,203.6,203.5,2700,203.6,2700,0,14887800
COALINDIA-I.NFO,07/01/2020,09:50:21,203.6,203.5,5400,203.6,2700,0,14887800
COALINDIA-I.NFO,07/01/2020,09:50:25,203.6,203.5,8100,203.6,2700,0,14887800
COALINDIA-I.NFO,07/01/2020,09:50:31,203.6,203.55,5400,203.7,2700,2700,14895900
COALINDIA-I.NFO,07/01/2020,09:50:32,203.6,203.55,2700,203.7,5400,0,14895900
COALINDIA-I.NFO,07/01/2020,09:50:38,203.6,203.5,10800,203.65,2700,0,14895900
COALINDIA-I.NFO,07/01/2020,09:50:54,203.6,203.55,8100,203.7,2700,0,14895900
COALINDIA-I.NFO,07/01/2020,09:50:56,203.6,203.55,5400,203.7,2700,0,14895900
COALINDIA-I.NFO,07/01/2020,09:50:56,203.6,203.55,2700,203.7,2700,0,14895900
COALINDIA-I.NFO,07/01/2020,09:51:06,203.6,203.5,13500,203.65,2700,0,14895900
COALINDIA-I.NFO,07/01/2020,09:51:06,203.6,203.5,10800,203.65,2700,0,14895900
COALINDIA-I.NFO,07/01/2020,09:51:10,203.6,203.5,13500,203.65,2700,0,14895900
COALINDIA-I.NFO,07/01/2020,09:51:16,203.6,203.6,2700,203.7,13500,0,14895900
COALINDIA-I.NFO,07/01/2020,09:51:21,203.6,203.5,8100,203.6,8100,5400,14895900
COALINDIA-I.NFO,07/01/2020,09:51:25,203.6,203.5,8100,203.6,2700,0,14895900
COALINDIA-I.NFO,07/01/2020,09:51:46,203.6,203.5,8100,203.65,10800,0,14895900
COALINDIA-I.NFO,07/01/2020,09:51:50,203.6,203.5,5400,203.65,10800,0,14895900
COALINDIA-I.NFO,07/01/2020,09:52:01,203.5,203.5,2700,203.65,10800,2700,14895900
COALINDIA-I.NFO,07/01/2020,09:52:05,203.5,203.5,2700,203.6,5400,0,14895900
COALINDIA-I.NFO,07/01/2020,09:52:18,203.5,203.5,2700,203.6,2700,0,14895900
COALINDIA-I.NFO,07/01/2020,09:52:23,203.5,203.5,2700,203.55,10800,0,14895900
COALINDIA-I.NFO,07/01/2020,09:52:28,203.45,203.4,2700,203.5,5400,5400,14895900
COALINDIA-I.NFO,07/01/2020,09:52:33,203.45,203.45,5400,203.6,2700,0,14895900
COALINDIA-I.NFO,07/01/2020,09:52:38,203.55,203.45,2700,203.6,2700,2700,14895900
COALINDIA-I.NFO,07/01/2020,09:52:43,203.55,203.45,2700,203.6,2700,0,14895900
COALINDIA-I.NFO,07/01/2020,09:52:51,203.55,203.5,2700,203.65,13500,0,14895900
COALINDIA-I.NFO,07/01/2020,09:52:59,203.55,203.5,2700,203.65,10800,0,14895900
COALINDIA-I.NFO,07/01/2020,09:53:09,203.55,203.45,2700,203.6,2700,0,14895900
COALINDIA-I.NFO,07/01/2020,09:53:23,203.55,203.45,2700,203.5,8100,0,14895900
COALINDIA-I.NFO,07/01/2020,09:53:28,203.55,203.45,2700,203.5,2700,0,14895900
COALINDIA-I.NFO,07/01/2020,09:53:36,203.45,203.3,2700,203.4,2700,2700,14906700
COALINDIA-I.NFO,07/01/2020,09:53:41,203.3,203.25,2700,203.4,2700,2700,14906700
COALINDIA-I.NFO,07/01/2020,09:53:45,203.3,203.25,2700,203.4,2700,0,14906700
COALINDIA-I.NFO,07/01/2020,09:53:54,203.3,203.25,5400,203.4,2700,0,14906700
COALINDIA-I.NFO,07/01/2020,09:53:59,203.3,203.25,8100,203.4,2700,0,14906700
COALINDIA-I.NFO,07/01/2020,09:54:04,203.35,203.25,2700,203.35,2700,2700,14906700
COALINDIA-I.NFO,07/01/2020,09:54:09,203.35,203.25,2700,203.35,2700,0,14906700
COALINDIA-I.NFO,07/01/2020,09:54:23,203.2,203.05,2700,203.2,2700,5400,14906700
COALINDIA-I.NFO,07/01/2020,09:54:28,203.2,203.1,5400,203.25,10800,0,14906700
COALINDIA-I.NFO,07/01/2020,09:54:37,203.2,203.1,5400,203.2,2700,2700,14906700
COALINDIA-I.NFO,07/01/2020,09:54:42,203.2,203.1,5400,203.2,2700,0,14906700
COALINDIA-I.NFO,07/01/2020,09:54:46,203.2,203.1,2700,203.2,2700,0,14906700
COALINDIA-I.NFO,07/01/2020,09:55:02,203.2,203.15,2700,203.25,13500,0,14906700
COALINDIA-I.NFO,07/01/2020,09:55:12,203.15,203.1,2700,203.2,5400,2700,14906700
COALINDIA-I.NFO,07/01/2020,09:55:13,203.15,203.1,2700,203.2,5400,0,14906700
COALINDIA-I.NFO,07/01/2020,09:55:17,203.15,203.1,5400,203.25,10800,0,14906700
COALINDIA-I.NFO,07/01/2020,09:55:19,203.15,203.1,5400,203.25,13500,0,14906700
COALINDIA-I.NFO,07/01/2020,09:55:21,203.2,203.1,2700,203.25,13500,2700,14906700
COALINDIA-I.NFO,07/01/2020,09:55:22,203.2,203.05,5400,203.2,8100,0,14906700
COALINDIA-I.NFO,07/01/2020,09:55:23,203.2,203.05,2700,203.15,13500,0,14906700
COALINDIA-I.NFO,07/01/2020,09:55:25,203.2,203.1,2700,203.15,13500,0,14906700
COALINDIA-I.NFO,07/01/2020,09:55:26,203.2,203.1,5400,203.15,13500,0,14906700
COALINDIA-I.NFO,07/01/2020,09:55:27,203.1,203.1,2700,203.25,13500,5400,14906700
COALINDIA-I.NFO,07/01/2020,09:55:28,203.1,203.1,2700,203.25,13500,0,14906700
COALINDIA-I.NFO,07/01/2020,09:55:29,203.1,203.1,2700,203.2,2700,0,14906700
COALINDIA-I.NFO,07/01/2020,09:55:30,203.1,203.1,2700,203.2,10800,0,14906700
COALINDIA-I.NFO,07/01/2020,09:55:32,203.1,203.05,2700,203.2,16200,2700,14906700
COALINDIA-I.NFO,07/01/2020,09:55:34,203.1,203.05,2700,203.2,13500,0,14906700
COALINDIA-I.NFO,07/01/2020,09:55:34,203.1,203.05,5400,203.2,13500,0,14906700
COALINDIA-I.NFO,07/01/2020,09:55:37,203.1,203.05,5400,203.2,10800,0,14906700
COALINDIA-I.NFO,07/01/2020,09:55:38,203.2,203.05,8100,203.2,2700,2700,14906700
COALINDIA-I.NFO,07/01/2020,09:55:39,203.2,203.05,8100,203.2,2700,2700,14906700
COALINDIA-I.NFO,07/01/2020,09:55:40,203.2,203.05,8100,203.2,2700,0,14906700
COALINDIA-I.NFO,07/01/2020,09:55:41,203.2,203.05,8100,203.2,5400,0,14906700
COALINDIA-I.NFO,07/01/2020,09:55:44,203.2,203.1,2700,203.2,5400,0,14906700
COALINDIA-I.NFO,07/01/2020,09:55:57,203.2,203.05,5400,203.2,2700,2700,14906700
COALINDIA-I.NFO,07/01/2020,09:55:58,203.2,203.05,2700,203.15,2700,0,14906700
COALINDIA-I.NFO,07/01/2020,09:56:06,203.15,203.05,2700,203.2,16200,2700,14906700
COALINDIA-I.NFO,07/01/2020,09:56:06,203.15,203.05,2700,203.15,2700,0,14906700
COALINDIA-I.NFO,07/01/2020,09:56:17,203.15,203.05,2700,203.1,8100,0,14906700
COALINDIA-I.NFO,07/01/2020,09:56:27,203.05,203,2700,203.15,13500,2700,14855400
COALINDIA-I.NFO,07/01/2020,09:56:31,203.05,203,2700,203.15,13500,0,14855400
COALINDIA-I.NFO,07/01/2020,09:56:35,203.05,203,2700,203.15,5400,0,14855400
COALINDIA-I.NFO,07/01/2020,09:56:39,203.05,203,5400,203.15,5400,0,14855400
COALINDIA-I.NFO,07/01/2020,09:56:45,203.1,203,2700,203.15,16200,2700,14855400
COALINDIA-I.NFO,07/01/2020,09:56:53,203.1,203,2700,203.15,16200,0,14855400
COALINDIA-I.NFO,07/01/2020,09:56:57,203.1,203,2700,203.15,21600,0,14855400
COALINDIA-I.NFO,07/01/2020,09:57:02,203.1,203,2700,203.15,18900,0,14855400
COALINDIA-I.NFO,07/01/2020,09:57:10,203.15,203.05,5400,203.2,5400,18900,14855400
COALINDIA-I.NFO,07/01/2020,09:57:15,203.15,203.05,5400,203.2,5400,0,14855400
COALINDIA-I.NFO,07/01/2020,09:57:23,203.15,203.05,2700,203.2,5400,0,14855400
COALINDIA-I.NFO,07/01/2020,09:57:50,203.15,203.05,5400,203.2,5400,0,14855400
COALINDIA-I.NFO,07/01/2020,09:58:02,203.15,203.05,8100,203.2,5400,0,14855400
COALINDIA-I.NFO,07/01/2020,09:58:06,203.2,203.15,2700,203.25,2700,13500,14855400
COALINDIA-I.NFO,07/01/2020,09:58:10,203.2,203.15,2700,203.25,5400,0,14855400
COALINDIA-I.NFO,07/01/2020,09:58:21,203.25,203.15,2700,203.3,8100,5400,14855400
COALINDIA-I.NFO,07/01/2020,09:58:24,203.3,203.15,2700,203.3,5400,2700,14855400
COALINDIA-I.NFO,07/01/2020,09:58:29,203.3,203.15,2700,203.3,2700,0,14855400
COALINDIA-I.NFO,07/01/2020,09:58:42,203.3,203.15,5400,203.3,2700,0,14855400
COALINDIA-I.NFO,07/01/2020,09:58:48,203.3,203.15,2700,203.3,8100,0,14855400
COALINDIA-I.NFO,07/01/2020,09:58:53,203.3,203.15,2700,203.3,2700,0,14855400
COALINDIA-I.NFO,07/01/2020,09:59:04,203.3,203.2,5400,203.35,5400,2700,14855400
COALINDIA-I.NFO,07/01/2020,09:59:09,203.3,203.25,2700,203.35,5400,0,14855400
COALINDIA-I.NFO,07/01/2020,09:59:14,203.3,203.25,2700,203.3,2700,10800,14855400
COALINDIA-I.NFO,07/01/2020,09:59:18,203.25,203.05,2700,203.2,2700,2700,14855400
COALINDIA-I.NFO,07/01/2020,09:59:32,203.15,203,2700,203.15,2700,2700,14871600
COALINDIA-I.NFO,07/01/2020,09:59:37,203.15,203.05,5400,203.2,2700,2700,14871600
COALINDIA-I.NFO,07/01/2020,09:59:42,203.15,203,5400,203.2,2700,0,14871600
COALINDIA-I.NFO,07/01/2020,09:59:47,203.15,203.05,5400,203.2,2700,0,14871600
COALINDIA-I.NFO,07/01/2020,10:00:08,203.15,203.1,2700,203.2,2700,0,14871600
COALINDIA-I.NFO,07/01/2020,10:00:45,203.1,202.9,5400,203.05,5400,16200,14871600
COALINDIA-I.NFO,07/01/2020,10:00:52,203.1,202.9,5400,203.05,5400,0,14871600
COALINDIA-I.NFO,07/01/2020,10:00:58,203.1,202.9,8100,203.05,5400,0,14871600
COALINDIA-I.NFO,07/01/2020,10:01:03,203.1,202.9,5400,203.05,5400,0,14871600
COALINDIA-I.NFO,07/01/2020,10:01:09,203.1,202.95,2700,203.1,2700,0,14871600
COALINDIA-I.NFO,07/01/2020,10:01:15,203.1,202.95,2700,203.05,2700,0,14871600
COALINDIA-I.NFO,07/01/2020,10:01:21,203.1,202.95,2700,203,2700,0,14871600
COALINDIA-I.NFO,07/01/2020,10:01:27,203.1,202.95,2700,203.05,8100,0,14871600
COALINDIA-I.NFO,07/01/2020,10:01:45,203.1,202.95,2700,203,5400,0,14871600
COALINDIA-I.NFO,07/01/2020,10:02:06,203,202.9,2700,203.05,2700,2700,14871600
COALINDIA-I.NFO,07/01/2020,10:02:11,203,203,2700,203.05,2700,0,14871600
COALINDIA-I.NFO,07/01/2020,10:02:17,203.05,202.9,2700,203.1,2700,2700,14871600
COALINDIA-I.NFO,07/01/2020,10:02:22,203.05,202.9,2700,203.05,2700,0,14871600
COALINDIA-I.NFO,07/01/2020,10:02:28,203.05,202.9,2700,203,5400,0,14871600
COALINDIA-I.NFO,07/01/2020,10:02:33,202.9,202.85,8100,203,5400,2700,14879700
COALINDIA-I.NFO,07/01/2020,10:02:42,202.9,202.85,8100,203,5400,0,14879700
COALINDIA-I.NFO,07/01/2020,10:02:50,203,202.9,2700,203.05,8100,2700,14879700
COALINDIA-I.NFO,07/01/2020,10:02:54,203,202.9,2700,203.05,8100,0,14879700
COALINDIA-I.NFO,07/01/2020,10:03:07,202.85,202.85,5400,203,5400,2700,14879700
COALINDIA-I.NFO,07/01/2020,10:03:13,202.85,202.85,2700,202.95,5400,0,14879700
COALINDIA-I.NFO,07/01/2020,10:03:32,202.85,202.85,5400,203,10800,0,14879700
COALINDIA-I.NFO,07/01/2020,10:03:37,203,202.95,2700,203,2700,2700,14879700
COALINDIA-I.NFO,07/01/2020,10:03:42,202.9,202.85,5400,203.05,5400,5400,14879700
COALINDIA-I.NFO,07/01/2020,10:03:52,202.9,202.85,5400,203.05,5400,0,14879700
COALINDIA-I.NFO,07/01/2020,10:03:56,202.9,202.9,2700,203.05,5400,0,14879700
COALINDIA-I.NFO,07/01/2020,10:04:15,202.85,202.85,2700,203,5400,5400,14879700
COALINDIA-I.NFO,07/01/2020,10:04:19,202.85,202.9,2700,203.05,5400,0,14879700
COALINDIA-I.NFO,07/01/2020,10:04:32,202.85,202.95,2700,203.05,5400,0,14879700
COALINDIA-I.NFO,07/01/2020,10:04:42,202.85,203,2700,203.05,5400,0,14879700
COALINDIA-I.NFO,07/01/2020,10:04:53,203.05,203,5400,203.15,2700,5400,14879700
COALINDIA-I.NFO,07/01/2020,10:04:57,203.05,203.1,2700,203.15,2700,0,14879700
COALINDIA-I.NFO,07/01/2020,10:05:01,203.05,203,5400,203.15,2700,5400,14879700
COALINDIA-I.NFO,07/01/2020,10:05:05,203.05,203.1,2700,203.15,2700,0,14879700
COALINDIA-I.NFO,07/01/2020,10:05:13,203.1,203.05,2700,203.1,5400,2700,14879700
COALINDIA-I.NFO,07/01/2020,10:05:23,203.1,203.05,2700,203.1,5400,0,14879700
COALINDIA-I.NFO,07/01/2020,10:05:35,203.1,203.05,2700,203.1,2700,2700,14885100
COALINDIA-I.NFO,07/01/2020,10:05:42,203.1,203.05,2700,203.1,2700,0,14885100
COALINDIA-I.NFO,07/01/2020,10:06:12,203.05,202.95,2700,203.05,2700,5400,14885100
COALINDIA-I.NFO,07/01/2020,10:06:16,203.05,202.95,2700,203.05,2700,0,14885100
COALINDIA-I.NFO,07/01/2020,10:06:20,203.1,203,2700,203.15,2700,5400,14885100
COALINDIA-I.NFO,07/01/2020,10:06:25,203.1,203,2700,203.1,2700,0,14885100
COALINDIA-I.NFO,07/01/2020,10:06:30,203,202.9,5400,203.1,8100,2700,14885100
COALINDIA-I.NFO,07/01/2020,10:06:41,203,202.9,2700,203.05,5400,0,14885100
COALINDIA-I.NFO,07/01/2020,10:06:46,203,202.85,2700,203,10800,0,14885100
COALINDIA-I.NFO,07/01/2020,10:06:51,203,202.85,2700,203,5400,0,14885100
COALINDIA-I.NFO,07/01/2020,10:07:07,202.85,202.8,2700,202.9,2700,2700,14885100
COALINDIA-I.NFO,07/01/2020,10:07:12,202.85,202.85,5400,203,8100,0,14885100
COALINDIA-I.NFO,07/01/2020,10:07:17,202.8,202.75,2700,202.9,8100,2700,14885100
COALINDIA-I.NFO,07/01/2020,10:07:22,202.8,202.75,2700,202.9,8100,0,14885100
COALINDIA-I.NFO,07/01/2020,10:07:32,202.8,202.75,2700,202.9,8100,2700,14885100
COALINDIA-I.NFO,07/01/2020,10:07:38,202.9,202.75,5400,202.9,2700,2700,14885100
COALINDIA-I.NFO,07/01/2020,10:07:42,202.95,202.9,2700,203,5400,5400,14885100
COALINDIA-I.NFO,07/01/2020,10:07:47,202.95,202.95,2700,203,2700,0,14885100
COALINDIA-I.NFO,07/01/2020,10:07:53,203,203.05,2700,203.1,2700,2700,14885100
COALINDIA-I.NFO,07/01/2020,10:07:58,203,203.05,2700,203.1,2700,0,14885100
COALINDIA-I.NFO,07/01/2020,10:08:03,203.1,203,5400,203.2,2700,2700,14885100
COALINDIA-I.NFO,07/01/2020,10:08:07,203.1,203,5400,203.2,2700,0,14885100
COALINDIA-I.NFO,07/01/2020,10:08:17,203.1,203,8100,203.2,2700,0,14885100
COALINDIA-I.NFO,07/01/2020,10:08:31,203.1,203,2700,203.2,5400,0,14885100
COALINDIA-I.NFO,07/01/2020,10:08:36,203.1,203.1,2700,203.2,2700,0,14885100
COALINDIA-I.NFO,07/01/2020,10:08:41,203.1,203.1,8100,203.25,8100,0,14885100
COALINDIA-I.NFO,07/01/2020,10:08:46,203.1,203.1,5400,203.25,5400,0,14885100
COALINDIA-I.NFO,07/01/2020,10:08:58,203.1,203.1,8100,203.25,5400,0,14885100
COALINDIA-I.NFO,07/01/2020,10:09:03,203.1,203.2,2700,203.25,5400,0,14885100
COALINDIA-I.NFO,07/01/2020,10:09:07,203.25,203.1,5400,203.3,8100,2700,14906700
COALINDIA-I.NFO,07/01/2020,10:09:12,203.25,203.1,5400,203.3,5400,0,14906700
COALINDIA-I.NFO,07/01/2020,10:09:15,203.25,203.1,5400,203.3,8100,0,14906700
COALINDIA-I.NFO,07/01/2020,10:09:20,203.25,203.1,5400,203.2,2700,0,14906700
COALINDIA-I.NFO,07/01/2020,10:09:34,203.25,203.2,2700,203.3,5400,0,14906700
COALINDIA-I.NFO,07/01/2020,10:09:39,203.25,203.2,5400,203.3,5400,2700,14906700
COALINDIA-I.NFO,07/01/2020,10:09:43,203.25,203.2,5400,203.3,5400,0,14906700
COALINDIA-I.NFO,07/01/2020,10:09:56,203.35,203.3,2700,203.45,2700,5400,14906700
COALINDIA-I.NFO,07/01/2020,10:10:01,203.35,203.3,2700,203.45,2700,0,14906700
COALINDIA-I.NFO,07/01/2020,10:10:12,203.35,203.3,2700,203.5,2700,0,14906700
COALINDIA-I.NFO,07/01/2020,10:10:22,203.35,203.35,2700,203.5,2700,0,14906700
COALINDIA-I.NFO,07/01/2020,10:10:25,203.45,203.35,2700,203.5,2700,2700,14906700
COALINDIA-I.NFO,07/01/2020,10:10:29,203.45,203.4,2700,203.5,2700,0,14906700
COALINDIA-I.NFO,07/01/2020,10:10:38,203.45,203.4,2700,203.55,2700,0,14906700
COALINDIA-I.NFO,07/01/2020,10:10:45,203.45,203.4,2700,203.55,2700,2700,14906700
COALINDIA-I.NFO,07/01/2020,10:10:49,203.45,203.4,2700,203.55,2700,0,14906700
COALINDIA-I.NFO,07/01/2020,10:10:59,203.45,203.45,2700,203.55,2700,0,14906700
COALINDIA-I.NFO,07/01/2020,10:11:05,203.45,203.45,2700,203.6,2700,0,14906700
COALINDIA-I.NFO,07/01/2020,10:11:14,203.45,203.45,5400,203.6,5400,0,14906700
COALINDIA-I.NFO,07/01/2020,10:11:18,203.45,203.45,2700,203.6,5400,0,14906700
COALINDIA-I.NFO,07/01/2020,10:11:26,203.6,203.6,2700,203.7,2700,18900,14890500
COALINDIA-I.NFO,07/01/2020,10:11:29,203.6,203.6,2700,203.7,2700,0,14890500
COALINDIA-I.NFO,07/01/2020,10:11:33,203.6,203.6,2700,203.75,5400,0,14890500
COALINDIA-I.NFO,07/01/2020,10:11:37,203.6,203.6,2700,203.8,5400,0,14890500
COALINDIA-I.NFO,07/01/2020,10:11:41,203.6,203.6,5400,203.75,2700,0,14890500
COALINDIA-I.NFO,07/01/2020,10:11:46,203.7,203.75,2700,203.8,2700,2700,14890500
COALINDIA-I.NFO,07/01/2020,10:11:50,203.75,203.7,2700,203.8,2700,2700,14890500
COALINDIA-I.NFO,07/01/2020,10:11:53,203.75,203.7,2700,203.8,2700,0,14890500
COALINDIA-I.NFO,07/01/2020,10:12:27,203.9,203.8,2700,203.95,2700,18900,14890500
COALINDIA-I.NFO,07/01/2020,10:12:31,203.95,203.85,2700,204,21600,2700,14890500
COALINDIA-I.NFO,07/01/2020,10:12:40,203.95,203.85,2700,204,21600,2700,14890500
COALINDIA-I.NFO,07/01/2020,10:12:44,203.95,203.9,2700,204,24300,0,14890500
COALINDIA-I.NFO,07/01/2020,10:12:59,203.9,203.75,2700,203.9,5400,2700,14890500
COALINDIA-I.NFO,07/01/2020,10:13:03,203.75,203.7,5400,203.85,8100,2700,14890500
COALINDIA-I.NFO,07/01/2020,10:13:07,203.85,203.7,8100,203.9,8100,2700,14890500
COALINDIA-I.NFO,07/01/2020,10:13:12,203.9,203.75,2700,203.9,2700,2700,14890500
COALINDIA-I.NFO,07/01/2020,10:13:16,203.9,203.75,2700,203.9,2700,0,14890500
COALINDIA-I.NFO,07/01/2020,10:13:25,203.9,203.8,2700,203.9,2700,0,14890500
COALINDIA-I.NFO,07/01/2020,10:13:29,203.9,203.75,2700,203.9,2700,0,14890500
COALINDIA-I.NFO,07/01/2020,10:13:35,203.75,203.7,2700,203.85,2700,2700,14890500
COALINDIA-I.NFO,07/01/2020,10:13:39,203.75,203.7,2700,203.85,2700,0,14890500
COALINDIA-I.NFO,07/01/2020,10:13:42,203.75,203.75,2700,203.9,2700,0,14890500
COALINDIA-I.NFO,07/01/2020,10:13:51,203.75,203.7,2700,203.85,2700,0,14890500
COALINDIA-I.NFO,07/01/2020,10:13:56,203.75,203.7,2700,203.9,2700,2700,14890500
COALINDIA-I.NFO,07/01/2020,10:14:01,203.75,203.7,2700,203.9,2700,0,14890500
COALINDIA-I.NFO,07/01/2020,10:14:11,203.85,203.8,2700,203.9,2700,2700,14890500
COALINDIA-I.NFO,07/01/2020,10:14:16,204.2,204,2700,204.2,5400,45900,14890500
COALINDIA-I.NFO,07/01/2020,10:14:16,204.2,204,2700,204.2,5400,0,14890500
COALINDIA-I.NFO,07/01/2020,10:14:21,204.2,204,2700,204.15,2700,2700,14890500
COALINDIA-I.NFO,07/01/2020,10:14:26,204.15,204.15,2700,204.2,2700,5400,14868900
COALINDIA-I.NFO,07/01/2020,10:14:31,204.2,204.2,2700,204.3,2700,2700,14868900
COALINDIA-I.NFO,07/01/2020,10:14:36,204.3,204.25,2700,204.4,2700,10800,14868900
COALINDIA-I.NFO,07/01/2020,10:14:36,204.45,204.25,2700,204.4,2700,0,14868900
COALINDIA-I.NFO,07/01/2020,10:14:41,204.3,204.35,2700,204.5,21600,0,14868900
COALINDIA-I.NFO,07/01/2020,10:14:46,204.35,204.3,5400,204.45,8100,2700,14868900
COALINDIA-I.NFO,07/01/2020,10:14:50,204.45,204.3,5400,204.45,5400,2700,14868900
COALINDIA-I.NFO,07/01/2020,10:14:55,204.45,204.3,5400,204.35,5400,0,14868900
COALINDIA-I.NFO,07/01/2020,10:15:00,204.3,204.3,2700,204.4,10800,5400,14868900
COALINDIA-I.NFO,07/01/2020,10:15:05,204.35,204.35,5400,204.45,2700,5400,14868900
COALINDIA-I.NFO,07/01/2020,10:15:10,204.35,204.35,2700,204.45,2700,2700,14868900
COALINDIA-I.NFO,07/01/2020,10:15:25,204.35,204.3,5400,204.4,2700,8100,14868900
COALINDIA-I.NFO,07/01/2020,10:15:31,204.35,204.3,5400,204.4,2700,0,14868900
COALINDIA-I.NFO,07/01/2020,10:15:36,204.3,204.2,5400,204.3,8100,5400,14868900
COALINDIA-I.NFO,07/01/2020,10:15:40,204.2,204.2,2700,204.3,8100,2700,14868900
COALINDIA-I.NFO,07/01/2020,10:15:45,204.2,204.2,2700,204.3,8100,0,14868900
COALINDIA-I.NFO,07/01/2020,10:15:50,204.2,204.2,8100,204.3,8100,0,14868900
COALINDIA-I.NFO,07/01/2020,10:15:56,204.3,204.2,5400,204.3,5400,2700,14868900
COALINDIA-I.NFO,07/01/2020,10:16:01,204.3,204.2,5400,204.3,5400,0,14868900
COALINDIA-I.NFO,07/01/2020,10:16:10,204.3,204.2,2700,204.35,5400,2700,14868900
COALINDIA-I.NFO,07/01/2020,10:16:14,204.3,204.2,2700,204.35,5400,0,14868900
COALINDIA-I.NFO,07/01/2020,10:16:18,204.3,204.2,5400,204.35,5400,0,14868900
COALINDIA-I.NFO,07/01/2020,10:16:21,204.35,204.2,5400,204.35,8100,2700,14868900
COALINDIA-I.NFO,07/01/2020,10:16:26,204.3,204.25,2700,204.4,2700,2700,14868900
COALINDIA-I.NFO,07/01/2020,10:16:30,204.35,204.25,2700,204.4,2700,2700,14868900
COALINDIA-I.NFO,07/01/2020,10:16:39,204.25,204.2,2700,204.35,5400,10800,14868900
COALINDIA-I.NFO,07/01/2020,10:16:43,204.25,204.2,2700,204.35,5400,0,14868900
COALINDIA-I.NFO,07/01/2020,10:16:47,204.25,204.25,5400,204.4,2700,0,14868900
COALINDIA-I.NFO,07/01/2020,10:16:52,204.25,204.3,2700,204.4,2700,0,14868900
COALINDIA-I.NFO,07/01/2020,10:16:56,204.25,204.3,2700,204.35,2700,0,14868900
COALINDIA-I.NFO,07/01/2020,10:17:03,204.3,204.25,2700,204.35,2700,2700,14868900
COALINDIA-I.NFO,07/01/2020,10:17:07,204.3,204.25,2700,204.35,2700,0,14868900
COALINDIA-I.NFO,07/01/2020,10:17:11,204.3,204.25,5400,204.35,2700,0,14868900
COALINDIA-I.NFO,07/01/2020,10:17:15,204.35,204.3,5400,204.4,2700,2700,14868900
COALINDIA-I.NFO,07/01/2020,10:17:19,204.35,204.35,2700,204.45,8100,0,14868900
COALINDIA-I.NFO,07/01/2020,10:17:23,204.35,204.35,5400,204.45,5400,2700,14868900
COALINDIA-I.NFO,07/01/2020,10:17:27,204.35,204.35,5400,204.4,2700,0,14868900
COALINDIA-I.NFO,07/01/2020,10:17:32,204.35,204.3,8100,204.4,2700,5400,14850000
COALINDIA-I.NFO,07/01/2020,10:17:36,204.35,204.3,8100,204.4,2700,0,14850000
COALINDIA-I.NFO,07/01/2020,10:17:40,204.35,204.3,2700,204.4,2700,2700,14850000
COALINDIA-I.NFO,07/01/2020,10:17:44,204.35,204.3,2700,204.4,2700,0,14850000
COALINDIA-I.NFO,07/01/2020,10:17:48,204.3,204.3,2700,204.4,2700,2700,14850000
COALINDIA-I.NFO,07/01/2020,10:17:52,204.3,204.3,2700,204.4,2700,0,14850000
COALINDIA-I.NFO,07/01/2020,10:18:03,204.35,204.3,2700,204.35,2700,2700,14850000
COALINDIA-I.NFO,07/01/2020,10:18:07,204.35,204.3,2700,204.35,2700,13500,14850000
COALINDIA-I.NFO,07/01/2020,10:18:11,204.55,204.45,8100,204.6,2700,40500,14850000
COALINDIA-I.NFO,07/01/2020,10:18:11,204.6,204.45,8100,204.6,2700,0,14850000
COALINDIA-I.NFO,07/01/2020,10:18:12,204.55,204.4,2700,204.5,2700,0,14850000
COALINDIA-I.NFO,07/01/2020,10:18:14,204.55,204.4,5400,204.55,5400,0,14850000
COALINDIA-I.NFO,07/01/2020,10:18:15,204.55,204.4,2700,204.55,5400,0,14850000
COALINDIA-I.NFO,07/01/2020,10:18:16,204.55,204.4,2700,204.55,2700,0,14850000
COALINDIA-I.NFO,07/01/2020,10:18:17,204.55,204.5,2700,204.65,5400,0,14850000
COALINDIA-I.NFO,07/01/2020,10:18:18,204.55,204.5,2700,204.65,2700,0,14850000
COALINDIA-I.NFO,07/01/2020,10:18:19,204.55,204.5,5400,204.65,2700,0,14850000
COALINDIA-I.NFO,07/01/2020,10:18:21,204.55,204.5,8100,204.65,2700,0,14850000
COALINDIA-I.NFO,07/01/2020,10:18:23,204.55,204.5,5400,204.65,2700,0,14850000
COALINDIA-I.NFO,07/01/2020,10:18:26,204.65,204.55,2700,204.7,5400,2700,14850000
COALINDIA-I.NFO,07/01/2020,10:18:26,204.65,204.55,2700,204.7,5400,0,14850000
COALINDIA-I.NFO,07/01/2020,10:18:27,204.65,204.6,2700,204.7,5400,0,14850000
COALINDIA-I.NFO,07/01/2020,10:18:30,204.6,204.55,2700,204.7,5400,2700,14850000
COALINDIA-I.NFO,07/01/2020,10:18:31,204.7,204.6,2700,204.7,2700,2700,14850000
COALINDIA-I.NFO,07/01/2020,10:18:31,204.7,204.6,2700,204.7,2700,0,14850000
COALINDIA-I.NFO,07/01/2020,10:18:32,204.7,204.6,2700,204.7,2700,0,14850000
COALINDIA-I.NFO,07/01/2020,10:18:35,204.7,204.65,2700,204.7,2700,0,14850000
COALINDIA-I.NFO,07/01/2020,10:18:36,204.7,204.65,2700,204.7,2700,2700,14850000
COALINDIA-I.NFO,07/01/2020,10:18:37,204.65,204.55,2700,204.7,5400,2700,14850000
COALINDIA-I.NFO,07/01/2020,10:18:38,204.65,204.55,2700,204.7,5400,0,14850000
COALINDIA-I.NFO,07/01/2020,10:18:39,204.55,204.45,2700,204.6,5400,2700,14850000
COALINDIA-I.NFO,07/01/2020,10:18:40,204.55,204.45,2700,204.6,5400,0,14850000
COALINDIA-I.NFO,07/01/2020,10:18:41,204.55,204.45,2700,204.6,8100,0,14850000
COALINDIA-I.NFO,07/01/2020,10:18:42,204.6,204.45,2700,204.6,5400,2700,14850000
COALINDIA-I.NFO,07/01/2020,10:18:43,204.6,204.45,2700,204.6,5400,0,14850000
COALINDIA-I.NFO,07/01/2020,10:18:44,204.6,204.45,2700,204.5,2700,0,14850000
COALINDIA-I.NFO,07/01/2020,10:18:46,204.45,204.4,2700,204.55,2700,2700,14850000
COALINDIA-I.NFO,07/01/2020,10:18:47,204.45,204.4,2700,204.55,2700,0,14850000
COALINDIA-I.NFO,07/01/2020,10:18:49,204.55,204.45,2700,204.6,2700,2700,14850000
COALINDIA-I.NFO,07/01/2020,10:18:50,204.55,204.45,2700,204.6,2700,0,14850000
COALINDIA-I.NFO,07/01/2020,10:18:51,204.65,204.55,2700,204.7,2700,8100,14850000
COALINDIA-I.NFO,07/01/2020,10:18:52,204.65,204.5,5400,204.7,2700,0,14850000
COALINDIA-I.NFO,07/01/2020,10:18:54,204.65,204.5,2700,204.65,2700,0,14850000
COALINDIA-I.NFO,07/01/2020,10:18:55,204.65,204.55,5400,204.7,2700,0,14850000
COALINDIA-I.NFO,07/01/2020,10:19:00,204.65,204.6,2700,204.7,2700,0,14850000
COALINDIA-I.NFO,07/01/2020,10:19:03,204.65,204.65,2700,204.75,2700,0,14850000
COALINDIA-I.NFO,07/01/2020,10:19:06,204.65,204.65,5400,204.75,2700,0,14850000
COALINDIA-I.NFO,07/01/2020,10:19:07,204.65,204.65,8100,204.75,2700,0,14850000
COALINDIA-I.NFO,07/01/2020,10:19:08,204.65,204.65,2700,204.75,2700,0,14850000
COALINDIA-I.NFO,07/01/2020,10:19:11,204.65,204.65,2700,204.75,2700,2700,14850000
COALINDIA-I.NFO,07/01/2020,10:19:12,204.65,204.65,2700,204.75,2700,0,14850000
COALINDIA-I.NFO,07/01/2020,10:19:14,204.65,204.6,2700,204.7,2700,2700,14850000
COALINDIA-I.NFO,07/01/2020,10:19:15,204.7,204.6,8100,204.75,5400,2700,14850000
COALINDIA-I.NFO,07/01/2020,10:19:16,204.7,204.6,5400,204.75,8100,0,14850000
COALINDIA-I.NFO,07/01/2020,10:19:18,204.6,204.6,5400,204.75,2700,2700,14850000
COALINDIA-I.NFO,07/01/2020,10:19:19,204.6,204.6,5400,204.75,2700,0,14850000
COALINDIA-I.NFO,07/01/2020,10:19:20,204.6,204.6,5400,204.75,5400,0,14850000
COALINDIA-I.NFO,07/01/2020,10:19:22,204.6,204.55,2700,204.7,8100,2700,14850000
COALINDIA-I.NFO,07/01/2020,10:19:23,204.6,204.55,2700,204.7,8100,0,14850000
COALINDIA-I.NFO,07/01/2020,10:19:24,204.6,204.6,2700,204.75,5400,0,14850000
COALINDIA-I.NFO,07/01/2020,10:19:28,204.6,204.6,2700,204.75,8100,0,14850000
COALINDIA-I.NFO,07/01/2020,10:19:29,204.6,204.6,2700,204.7,8100,0,14850000
COALINDIA-I.NFO,07/01/2020,10:19:32,204.6,204.6,2700,204.7,5400,0,14850000
COALINDIA-I.NFO,07/01/2020,10:19:33,204.6,204.6,5400,204.75,10800,0,14850000
COALINDIA-I.NFO,07/01/2020,10:19:34,204.55,204.55,2700,204.7,8100,5400,14850000
COALINDIA-I.NFO,07/01/2020,10:19:35,204.6,204.55,2700,204.7,8100,2700,14850000
COALINDIA-I.NFO,07/01/2020,10:19:36,204.6,204.55,2700,204.7,8100,0,14850000
COALINDIA-I.NFO,07/01/2020,10:19:37,204.6,204.6,2700,204.7,5400,0,14850000
COALINDIA-I.NFO,07/01/2020,10:19:38,204.6,204.55,5400,204.7,5400,2700,14850000
COALINDIA-I.NFO,07/01/2020,10:19:39,204.6,204.55,5400,204.7,5400,0,14850000
COALINDIA-I.NFO,07/01/2020,10:19:40,204.6,204.6,8100,204.75,5400,0,14850000
COALINDIA-I.NFO,07/01/2020,10:19:41,204.6,204.6,8100,204.75,10800,0,14850000
COALINDIA-I.NFO,07/01/2020,10:19:43,204.6,204.55,8100,204.7,8100,0,14850000
COALINDIA-I.NFO,07/01/2020,10:19:46,204.6,204.5,13500,204.65,5400,0,14850000
COALINDIA-I.NFO,07/01/2020,10:19:47,204.6,204.5,10800,204.65,5400,0,14850000
COALINDIA-I.NFO,07/01/2020,10:19:48,204.6,204.55,2700,204.65,5400,0,14850000
COALINDIA-I.NFO,07/01/2020,10:19:49,204.6,204.55,5400,204.7,8100,0,14850000
COALINDIA-I.NFO,07/01/2020,10:19:50,204.6,204.6,2700,204.7,8100,0,14850000
COALINDIA-I.NFO,07/01/2020,10:19:51,204.6,204.55,16200,204.7,8100,0,14850000
COALINDIA-I.NFO,07/01/2020,10:19:52,204.6,204.55,10800,204.7,8100,0,14850000
COALINDIA-I.NFO,07/01/2020,10:19:54,204.65,204.55,5400,204.65,5400,2700,14850000
COALINDIA-I.NFO,07/01/2020,10:19:55,204.65,204.55,5400,204.7,10800,0,14850000
COALINDIA-I.NFO,07/01/2020,10:19:56,204.65,204.55,5400,204.6,2700,0,14850000
COALINDIA-I.NFO,07/01/2020,10:19:57,204.6,204.55,5400,204.7,5400,2700,14850000
COALINDIA-I.NFO,07/01/2020,10:19:58,204.6,204.6,2700,204.7,2700,0,14850000
COALINDIA-I.NFO,07/01/2020,10:20:00,204.6,204.6,2700,204.7,5400,0,14850000
COALINDIA-I.NFO,07/01/2020,10:20:03,204.65,204.6,2700,204.7,2700,2700,14850000
COALINDIA-I.NFO,07/01/2020,10:20:03,204.65,204.6,2700,204.7,2700,0,14850000
COALINDIA-I.NFO,07/01/2020,10:20:04,204.65,204.55,2700,204.7,5400,0,14850000
COALINDIA-I.NFO,07/01/2020,10:20:05,204.65,204.55,2700,204.65,8100,0,14850000
COALINDIA-I.NFO,07/01/2020,10:20:08,204.6,204.55,2700,204.65,2700,2700,14850000
COALINDIA-I.NFO,07/01/2020,10:20:09,204.6,204.55,2700,204.65,2700,0,14850000
COALINDIA-I.NFO,07/01/2020,10:20:10,204.6,204.55,2700,204.6,2700,0,14850000
COALINDIA-I.NFO,07/01/2020,10:20:12,204.55,204.5,2700,204.65,2700,2700,14850000
COALINDIA-I.NFO,07/01/2020,10:20:13,204.55,204.55,2700,204.7,8100,0,14850000
COALINDIA-I.NFO,07/01/2020,10:20:15,204.55,204.6,2700,204.7,8100,0,14850000
COALINDIA-I.NFO,07/01/2020,10:20:16,204.55,204.6,5400,204.7,8100,0,14850000
COALINDIA-I.NFO,07/01/2020,10:20:21,204.7,204.7,5400,204.75,10800,8100,14850000
COALINDIA-I.NFO,07/01/2020,10:20:22,204.7,204.7,5400,204.75,8100,0,14850000
COALINDIA-I.NFO,07/01/2020,10:20:35,204.75,204.65,2700,204.75,2700,5400,14855400
COALINDIA-I.NFO,07/01/2020,10:20:35,204.75,204.65,2700,204.75,2700,0,14855400
COALINDIA-I.NFO,07/01/2020,10:20:36,204.75,204.6,2700,204.7,2700,0,14855400
COALINDIA-I.NFO,07/01/2020,10:20:38,204.7,204.65,2700,204.75,2700,2700,14855400
COALINDIA-I.NFO,07/01/2020,10:20:39,204.65,204.6,5400,204.75,2700,2700,14855400
COALINDIA-I.NFO,07/01/2020,10:20:40,204.65,204.65,2700,204.75,2700,0,14855400
COALINDIA-I.NFO,07/01/2020,10:20:41,204.65,204.6,5400,204.7,2700,0,14855400
COALINDIA-I.NFO,07/01/2020,10:20:42,204.65,204.65,2700,204.7,2700,0,14855400
COALINDIA-I.NFO,07/01/2020,10:20:44,204.7,204.65,2700,204.75,2700,2700,14855400
COALINDIA-I.NFO,07/01/2020,10:20:45,204.7,204.7,2700,204.75,2700,0,14855400
COALINDIA-I.NFO,07/01/2020,10:20:46,204.75,204.7,2700,204.8,16200,2700,14855400
COALINDIA-I.NFO,07/01/2020,10:20:47,204.75,204.7,2700,204.8,16200,0,14855400
COALINDIA-I.NFO,07/01/2020,10:20:50,204.7,204.65,2700,204.75,2700,2700,14855400
COALINDIA-I.NFO,07/01/2020,10:20:51,204.7,204.65,2700,204.75,2700,0,14855400
COALINDIA-I.NFO,07/01/2020,10:20:52,204.75,204.65,10800,204.8,13500,2700,14855400
COALINDIA-I.NFO,07/01/2020,10:20:53,204.75,204.65,8100,204.8,13500,0,14855400
COALINDIA-I.NFO,07/01/2020,10:20:55,204.75,204.65,5400,204.8,13500,0,14855400
COALINDIA-I.NFO,07/01/2020,10:20:57,204.75,204.65,8100,204.8,13500,0,14855400
COALINDIA-I.NFO,07/01/2020,10:20:58,204.8,204.65,8100,204.8,10800,2700,14855400
COALINDIA-I.NFO,07/01/2020,10:20:58,204.8,204.65,8100,204.8,10800,0,14855400
COALINDIA-I.NFO,07/01/2020,10:20:59,204.8,204.65,8100,204.8,10800,0,14855400
COALINDIA-I.NFO,07/01/2020,10:21:00,204.8,204.65,5400,204.8,10800,0,14855400
COALINDIA-I.NFO,07/01/2020,10:21:04,204.8,204.65,2700,204.8,10800,0,14855400
COALINDIA-I.NFO,07/01/2020,10:21:05,204.8,204.65,5400,204.8,10800,0,14855400
COALINDIA-I.NFO,07/01/2020,10:21:07,204.8,204.65,2700,204.8,10800,0,14855400
COALINDIA-I.NFO,07/01/2020,10:21:08,204.8,204.65,5400,204.8,10800,0,14855400
COALINDIA-I.NFO,07/01/2020,10:21:10,204.8,204.65,2700,204.8,10800,0,14855400
COALINDIA-I.NFO,07/01/2020,10:21:15,204.8,204.65,10800,204.8,10800,0,14855400
COALINDIA-I.NFO,07/01/2020,10:21:19,204.8,204.65,10800,204.8,8100,2700,14855400
COALINDIA-I.NFO,07/01/2020,10:21:24,204.75,204.65,10800,204.85,8100,16200,14855400
COALINDIA-I.NFO,07/01/2020,10:21:24,204.85,204.65,10800,204.85,8100,0,14855400
COALINDIA-I.NFO,07/01/2020,10:21:28,204.8,204.7,5400,204.85,8100,5400,14855400
COALINDIA-I.NFO,07/01/2020,10:21:31,204.8,204.7,5400,204.85,8100,0,14855400
COALINDIA-I.NFO,07/01/2020,10:21:35,204.8,204.75,2700,204.85,8100,0,14855400
COALINDIA-I.NFO,07/01/2020,10:21:39,204.85,204.75,2700,204.9,13500,5400,14855400
COALINDIA-I.NFO,07/01/2020,10:21:43,204.85,204.75,2700,204.9,10800,0,14855400
COALINDIA-I.NFO,07/01/2020,10:21:46,204.75,204.7,5400,204.85,10800,5400,14855400
COALINDIA-I.NFO,07/01/2020,10:21:50,204.75,204.7,10800,204.85,8100,0,14855400
COALINDIA-I.NFO,07/01/2020,10:21:55,204.75,204.7,8100,204.85,8100,0,14855400
COALINDIA-I.NFO,07/01/2020,10:22:03,204.75,204.7,8100,204.8,5400,0,14855400
COALINDIA-I.NFO,07/01/2020,10:22:08,204.75,204.7,13500,204.85,2700,0,14855400
COALINDIA-I.NFO,07/01/2020,10:22:12,204.75,204.7,16200,204.85,8100,0,14855400
COALINDIA-I.NFO,07/01/2020,10:22:17,204.75,204.75,5400,204.85,2700,0,14855400
COALINDIA-I.NFO,07/01/2020,10:22:21,204.75,204.75,5400,204.8,2700,0,14855400
COALINDIA-I.NFO,07/01/2020,10:22:25,204.7,204.65,2700,204.75,2700,21600,14855400
COALINDIA-I.NFO,07/01/2020,10:22:29,204.7,204.7,2700,204.8,2700,0,14855400
COALINDIA-I.NFO,07/01/2020,10:22:33,204.7,204.65,2700,204.75,2700,2700,14855400
COALINDIA-I.NFO,07/01/2020,10:22:37,204.7,204.65,5400,204.8,2700,5400,14855400
COALINDIA-I.NFO,07/01/2020,10:22:42,204.75,204.65,2700,204.8,5400,2700,14855400
COALINDIA-I.NFO,07/01/2020,10:22:49,204.7,204.6,13500,204.75,2700,5400,14855400
COALINDIA-I.NFO,07/01/2020,10:22:54,204.7,204.6,13500,204.75,2700,0,14855400
COALINDIA-I.NFO,07/01/2020,10:22:59,204.7,204.6,16200,204.75,2700,0,14855400
COALINDIA-I.NFO,07/01/2020,10:23:05,204.6,204.6,10800,204.75,2700,2700,14855400
COALINDIA-I.NFO,07/01/2020,10:23:09,204.6,204.65,2700,204.75,2700,0,14855400
COALINDIA-I.NFO,07/01/2020,10:23:18,204.6,204.6,8100,204.75,2700,0,14855400
COALINDIA-I.NFO,07/01/2020,10:23:32,204.6,204.6,10800,204.75,5400,0,14855400
COALINDIA-I.NFO,07/01/2020,10:23:44,204.6,204.6,2700,204.75,5400,8100,14839200
COALINDIA-I.NFO,07/01/2020,10:23:48,204.6,204.6,2700,204.7,5400,0,14839200
COALINDIA-I.NFO,07/01/2020,10:23:57,204.45,204.5,5400,204.65,5400,10800,14839200
COALINDIA-I.NFO,07/01/2020,10:24:01,204.45,204.5,8100,204.65,5400,0,14839200
COALINDIA-I.NFO,07/01/2020,10:24:05,204.45,204.6,2700,204.7,5400,0,14839200
COALINDIA-I.NFO,07/01/2020,10:24:09,204.6,204.6,10800,204.75,8100,2700,14839200
COALINDIA-I.NFO,07/01/2020,10:24:13,204.6,204.65,2700,204.75,8100,0,14839200
COALINDIA-I.NFO,07/01/2020,10:24:17,204.6,204.65,2700,204.7,5400,0,14839200
COALINDIA-I.NFO,07/01/2020,10:24:21,204.65,204.55,5400,204.65,5400,2700,14839200
COALINDIA-I.NFO,07/01/2020,10:24:25,204.65,204.6,2700,204.65,5400,0,14839200
COALINDIA-I.NFO,07/01/2020,10:24:29,204.65,204.6,2700,204.65,2700,2700,14839200
COALINDIA-I.NFO,07/01/2020,10:24:32,204.65,204.6,2700,204.65,2700,0,14839200
COALINDIA-I.NFO,07/01/2020,10:24:41,204.55,204.5,8100,204.65,2700,5400,14839200
COALINDIA-I.NFO,07/01/2020,10:24:45,204.55,204.5,5400,204.65,2700,0,14839200
COALINDIA-I.NFO,07/01/2020,10:24:52,204.55,204.5,8100,204.65,2700,0,14839200
COALINDIA-I.NFO,07/01/2020,10:25:03,204.55,204.5,5400,204.65,2700,0,14839200
COALINDIA-I.NFO,07/01/2020,10:25:07,204.55,204.5,5400,204.6,2700,0,14839200
COALINDIA-I.NFO,07/01/2020,10:25:10,204.55,204.5,2700,204.55,5400,0,14839200
COALINDIA-I.NFO,07/01/2020,10:25:14,204.5,204.45,8100,204.55,2700,2700,14839200
COALINDIA-I.NFO,07/01/2020,10:25:18,204.5,204.45,8100,204.55,2700,0,14839200
COALINDIA-I.NFO,07/01/2020,10:25:23,204.5,204.45,8100,204.55,5400,0,14839200
COALINDIA-I.NFO,07/01/2020,10:25:28,204.5,204.5,2700,204.55,5400,0,14839200
COALINDIA-I.NFO,07/01/2020,10:25:32,204.55,204.45,5400,204.55,5400,2700,14839200
COALINDIA-I.NFO,07/01/2020,10:25:38,204.55,204.5,2700,204.55,10800,0,14839200
COALINDIA-I.NFO,07/01/2020,10:25:44,204.5,204.4,2700,204.5,2700,2700,14839200
COALINDIA-I.NFO,07/01/2020,10:25:49,204.5,204.35,8100,204.5,8100,2700,14839200
COALINDIA-I.NFO,07/01/2020,10:25:53,204.5,204.35,5400,204.5,10800,0,14839200
COALINDIA-I.NFO,07/01/2020,10:26:01,204.35,204.3,5400,204.45,2700,2700,14839200
COALINDIA-I.NFO,07/01/2020,10:26:06,204.35,204.35,2700,204.45,2700,0,14839200
COALINDIA-I.NFO,07/01/2020,10:26:10,204.35,204.35,2700,204.45,5400,0,14839200
COALINDIA-I.NFO,07/01/2020,10:26:14,204.35,204.35,2700,204.45,2700,0,14839200
COALINDIA-I.NFO,07/01/2020,10:26:19,204.35,204.35,2700,204.45,5400,0,14839200
COALINDIA-I.NFO,07/01/2020,10:26:35,204.35,204.3,8100,204.45,5400,2700,14841900
COALINDIA-I.NFO,07/01/2020,10:26:38,204.35,204.3,8100,204.45,5400,0,14841900
COALINDIA-I.NFO,07/01/2020,10:26:46,204.35,204.3,10800,204.45,5400,0,14841900
COALINDIA-I.NFO,07/01/2020,10:26:48,204.4,204.3,10800,204.45,5400,2700,14841900
COALINDIA-I.NFO,07/01/2020,10:26:52,204.4,204.3,10800,204.45,5400,0,14841900
COALINDIA-I.NFO,07/01/2020,10:26:55,204.4,204.3,10800,204.45,8100,0,14841900
COALINDIA-I.NFO,07/01/2020,10:27:06,204.4,204.3,10800,204.45,5400,0,14841900
COALINDIA-I.NFO,07/01/2020,10:27:25,204.4,204.35,2700,204.45,8100,0,14841900
COALINDIA-I.NFO,07/01/2020,10:27:50,204.4,204.35,5400,204.45,8100,0,14841900
COALINDIA-I.NFO,07/01/2020,10:27:57,204.4,204.35,2700,204.45,8100,0,14841900
COALINDIA-I.NFO,07/01/2020,10:28:00,204.35,204.3,16200,204.45,8100,2700,14841900
COALINDIA-I.NFO,07/01/2020,10:28:04,204.35,204.3,16200,204.45,10800,2700,14841900
COALINDIA-I.NFO,07/01/2020,10:28:08,204.3,204.3,5400,204.4,5400,5400,14841900
COALINDIA-I.NFO,07/01/2020,10:28:12,204.4,204.35,5400,204.45,10800,5400,14841900
COALINDIA-I.NFO,07/01/2020,10:28:16,204.35,204.35,2700,204.45,10800,5400,14841900
COALINDIA-I.NFO,07/01/2020,10:28:20,204.35,204.35,2700,204.45,8100,0,14841900
COALINDIA-I.NFO,07/01/2020,10:28:32,204.35,204.3,2700,204.4,2700,0,14841900
COALINDIA-I.NFO,07/01/2020,10:28:52,204.4,204.3,13500,204.45,5400,2700,14841900
COALINDIA-I.NFO,07/01/2020,10:28:55,204.4,204.3,13500,204.45,5400,0,14841900
COALINDIA-I.NFO,07/01/2020,10:29:01,204.4,204.3,2700,204.4,2700,0,14841900
COALINDIA-I.NFO,07/01/2020,10:29:04,204.4,204.3,5400,204.4,5400,0,14841900
COALINDIA-I.NFO,07/01/2020,10:29:07,204.4,204.3,2700,204.4,5400,0,14841900
COALINDIA-I.NFO,07/01/2020,10:29:12,204.4,204.3,2700,204.4,2700,2700,14841900
COALINDIA-I.NFO,07/01/2020,10:29:14,204.4,204.3,2700,204.4,2700,0,14841900
COALINDIA-I.NFO,07/01/2020,10:29:26,204.4,204.3,5400,204.4,2700,0,14841900
COALINDIA-I.NFO,07/01/2020,10:29:30,204.4,204.35,2700,204.45,8100,0,14841900
COALINDIA-I.NFO,07/01/2020,10:29:34,204.4,204.4,2700,204.45,8100,0,14841900
COALINDIA-I.NFO,07/01/2020,10:29:37,204.45,204.3,8100,204.45,8100,2700,14828400
COALINDIA-I.NFO,07/01/2020,10:29:41,204.45,204.3,8100,204.45,8100,0,14828400
COALINDIA-I.NFO,07/01/2020,10:29:45,204.45,204.35,2700,204.45,8100,0,14828400
COALINDIA-I.NFO,07/01/2020,10:29:51,204.45,204.35,2700,204.45,5400,0,14828400
COALINDIA-I.NFO,07/01/2020,10:29:54,204.45,204.35,2700,204.45,8100,0,14828400
COALINDIA-I.NFO,07/01/2020,10:30:03,204.45,204.35,2700,204.45,5400,2700,14828400
COALINDIA-I.NFO,07/01/2020,10:30:06,204.45,204.35,2700,204.45,5400,0,14828400
COALINDIA-I.NFO,07/01/2020,10:30:16,204.45,204.45,2700,204.5,8100,0,14828400
COALINDIA-I.NFO,07/01/2020,10:30:36,204.45,204.4,2700,204.5,10800,2700,14828400
COALINDIA-I.NFO,07/01/2020,10:30:39,204.45,204.4,2700,204.5,10800,0,14828400
COALINDIA-I.NFO,07/01/2020,10:30:50,204.45,204.35,8100,204.45,2700,0,14828400
COALINDIA-I.NFO,07/01/2020,10:30:53,204.45,204.4,2700,204.45,2700,0,14828400
COALINDIA-I.NFO,07/01/2020,10:31:00,204.45,204.35,8100,204.45,2700,2700,14828400
COALINDIA-I.NFO,07/01/2020,10:31:04,204.35,204.25,8100,204.4,5400,2700,14828400
COALINDIA-I.NFO,07/01/2020,10:31:07,204.35,204.25,8100,204.4,5400,0,14828400
COALINDIA-I.NFO,07/01/2020,10:31:10,204.35,204.25,8100,204.4,8100,0,14828400
COALINDIA-I.NFO,07/01/2020,10:31:20,204.35,204.3,5400,204.4,5400,0,14828400
COALINDIA-I.NFO,07/01/2020,10:31:22,204.35,204.3,2700,204.4,5400,0,14828400
COALINDIA-I.NFO,07/01/2020,10:31:34,204.35,204.25,5400,204.4,8100,0,14828400
COALINDIA-I.NFO,07/01/2020,10:31:38,204.35,204.25,8100,204.4,8100,0,14828400
COALINDIA-I.NFO,07/01/2020,10:31:45,204.35,204.25,5400,204.35,2700,0,14828400
COALINDIA-I.NFO,07/01/2020,10:31:49,204.35,204.25,8100,204.35,2700,0,14828400
COALINDIA-I.NFO,07/01/2020,10:31:53,204.35,204.25,5400,204.35,2700,0,14828400
COALINDIA-I.NFO,07/01/2020,10:32:05,204.35,204.25,8100,204.35,2700,0,14828400
COALINDIA-I.NFO,07/01/2020,10:32:09,204.35,204.25,5400,204.35,2700,0,14828400
COALINDIA-I.NFO,07/01/2020,10:32:13,204.35,204.3,2700,204.35,2700,0,14828400
COALINDIA-I.NFO,07/01/2020,10:32:17,204.35,204.3,2700,204.4,5400,2700,14828400
COALINDIA-I.NFO,07/01/2020,10:32:31,204.15,204.1,5400,204.25,5400,10800,14831100
COALINDIA-I.NFO,07/01/2020,10:32:36,204.15,204.1,2700,204.25,5400,0,14831100
COALINDIA-I.NFO,07/01/2020,10:32:43,204.15,204.15,8100,204.25,5400,0,14831100
COALINDIA-I.NFO,07/01/2020,10:32:47,204.15,204.15,5400,204.25,5400,0,14831100
COALINDIA-I.NFO,07/01/2020,10:32:50,204.15,204.1,2700,204.2,2700,0,14831100
COALINDIA-I.NFO,07/01/2020,10:32:57,204.15,204.1,8100,204.2,2700,0,14831100
COALINDIA-I.NFO,07/01/2020,10:33:04,204.15,204.1,8100,204.25,8100,0,14831100
COALINDIA-I.NFO,07/01/2020,10:33:07,204.15,204.1,2700,204.2,2700,0,14831100
COALINDIA-I.NFO,07/01/2020,10:33:10,204.1,204.1,2700,204.2,2700,2700,14831100
COALINDIA-I.NFO,07/01/2020,10:33:12,204.1,204.1,2700,204.2,2700,0,14831100
COALINDIA-I.NFO,07/01/2020,10:33:15,204.1,204.05,8100,204.2,5400,2700,14831100
COALINDIA-I.NFO,07/01/2020,10:33:17,204.1,204.1,8100,204.2,5400,0,14831100
COALINDIA-I.NFO,07/01/2020,10:33:26,204.1,204.1,8100,204.2,2700,0,14831100
COALINDIA-I.NFO,07/01/2020,10:33:32,204.1,204.1,10800,204.2,2700,0,14831100
COALINDIA-I.NFO,07/01/2020,10:33:35,204.1,204.1,13500,204.2,2700,0,14831100
COALINDIA-I.NFO,07/01/2020,10:33:38,204.1,204.15,2700,204.2,2700,2700,14831100
COALINDIA-I.NFO,07/01/2020,10:33:41,204.1,204.15,2700,204.2,2700,0,14831100
COALINDIA-I.NFO,07/01/2020,10:33:44,204.2,204.1,10800,204.25,8100,2700,14831100
COALINDIA-I.NFO,07/01/2020,10:33:47,204.2,204.1,8100,204.25,8100,0,14831100
COALINDIA-I.NFO,07/01/2020,10:33:50,204.1,204.1,2700,204.2,5400,2700,14831100
COALINDIA-I.NFO,07/01/2020,10:33:53,204.1,204.1,2700,204.2,5400,0,14831100
COALINDIA-I.NFO,07/01/2020,10:34:05,204.1,204.1,8100,204.2,2700,0,14831100
COALINDIA-I.NFO,07/01/2020,10:34:08,204.1,204.1,2700,204.2,2700,0,14831100
COALINDIA-I.NFO,07/01/2020,10:34:16,204.1,204.1,2700,204.2,5400,0,14831100
COALINDIA-I.NFO,07/01/2020,10:34:19,204.1,204.05,8100,204.2,5400,0,14831100
COALINDIA-I.NFO,07/01/2020,10:34:22,204.1,204.1,5400,204.2,5400,0,14831100
COALINDIA-I.NFO,07/01/2020,10:34:25,204.1,204.1,2700,204.2,5400,0,14831100
COALINDIA-I.NFO,07/01/2020,10:34:28,204.1,204.1,5400,204.2,8100,0,14831100
COALINDIA-I.NFO,07/01/2020,10:34:31,204.1,204.1,2700,204.2,8100,0,14831100
COALINDIA-I.NFO,07/01/2020,10:34:36,204.1,204.1,5400,204.2,8100,0,14831100
COALINDIA-I.NFO,07/01/2020,10:34:44,204.4,204.35,5400,204.45,5400,29700,14831100
COALINDIA-I.NFO,07/01/2020,10:34:47,204.4,204.35,5400,204.45,5400,0,14831100
COALINDIA-I.NFO,07/01/2020,10:35:00,204.4,204.4,2700,204.45,5400,0,14831100
COALINDIA-I.NFO,07/01/2020,10:35:06,204.45,204.35,5400,204.45,2700,2700,14831100
COALINDIA-I.NFO,07/01/2020,10:35:08,204.45,204.35,5400,204.45,2700,0,14831100
COALINDIA-I.NFO,07/01/2020,10:35:25,204.45,204.35,2700,204.45,2700,0,14831100
COALINDIA-I.NFO,07/01/2020,10:35:28,204.45,204.35,10800,204.45,2700,0,14831100
COALINDIA-I.NFO,07/01/2020,10:35:32,204.45,204.35,2700,204.45,2700,0,14831100
COALINDIA-I.NFO,07/01/2020,10:35:35,204.45,204.35,8100,204.45,2700,0,14831100
COALINDIA-I.NFO,07/01/2020,10:35:42,204.45,204.35,2700,204.4,2700,0,14831100
COALINDIA-I.NFO,07/01/2020,10:35:52,204.4,204.4,2700,204.45,2700,2700,14841900
COALINDIA-I.NFO,07/01/2020,10:35:55,204.55,204.45,8100,204.6,5400,13500,14841900
COALINDIA-I.NFO,07/01/2020,10:35:58,204.45,204.4,8100,204.55,5400,2700,14841900
COALINDIA-I.NFO,07/01/2020,10:36:01,204.45,204.4,8100,204.55,5400,0,14841900
COALINDIA-I.NFO,07/01/2020,10:36:04,204.45,204.4,5400,204.55,5400,0,14841900
COALINDIA-I.NFO,07/01/2020,10:36:08,204.45,204.4,5400,204.55,8100,0,14841900
COALINDIA-I.NFO,07/01/2020,10:36:13,204.45,204.4,10800,204.55,8100,0,14841900
COALINDIA-I.NFO,07/01/2020,10:36:19,204.45,204.4,13500,204.55,8100,0,14841900
COALINDIA-I.NFO,07/01/2020,10:36:22,204.45,204.5,5400,204.55,5400,0,14841900
COALINDIA-I.NFO,07/01/2020,10:36:28,204.55,204.4,10800,204.55,5400,2700,14841900
COALINDIA-I.NFO,07/01/2020,10:36:30,204.55,204.4,10800,204.55,5400,0,14841900
COALINDIA-I.NFO,07/01/2020,10:36:46,204.55,204.45,5400,204.55,5400,0,14841900
COALINDIA-I.NFO,07/01/2020,10:36:52,204.55,204.45,5400,204.55,2700,0,14841900
COALINDIA-I.NFO,07/01/2020,10:36:54,204.55,204.45,8100,204.65,5400,0,14841900
COALINDIA-I.NFO,07/01/2020,10:36:56,204.55,204.5,8100,204.65,5400,0,14841900
COALINDIA-I.NFO,07/01/2020,10:37:01,204.55,204.5,8100,204.65,2700,0,14841900
COALINDIA-I.NFO,07/01/2020,10:37:04,204.55,204.5,13500,204.65,2700,0,14841900
COALINDIA-I.NFO,07/01/2020,10:37:07,204.55,204.5,10800,204.65,2700,0,14841900
COALINDIA-I.NFO,07/01/2020,10:37:10,204.55,204.55,8100,204.7,8100,0,14841900
COALINDIA-I.NFO,07/01/2020,10:37:12,204.55,204.55,8100,204.65,2700,0,14841900
COALINDIA-I.NFO,07/01/2020,10:37:17,204.55,204.55,8100,204.65,5400,0,14841900
COALINDIA-I.NFO,07/01/2020,10:37:20,204.55,204.55,5400,204.65,5400,0,14841900
COALINDIA-I.NFO,07/01/2020,10:37:26,204.55,204.5,8100,204.65,5400,0,14841900
COALINDIA-I.NFO,07/01/2020,10:37:29,204.55,204.55,5400,204.65,5400,0,14841900
COALINDIA-I.NFO,07/01/2020,10:37:36,204.55,204.55,8100,204.65,5400,0,14841900
COALINDIA-I.NFO,07/01/2020,10:37:40,204.55,204.55,10800,204.65,5400,0,14841900
COALINDIA-I.NFO,07/01/2020,10:37:43,204.55,204.6,8100,204.65,5400,0,14841900
COALINDIA-I.NFO,07/01/2020,10:37:46,204.6,204.5,5400,204.6,2700,8100,14841900
COALINDIA-I.NFO,07/01/2020,10:37:49,204.6,204.55,5400,204.65,2700,0,14841900
COALINDIA-I.NFO,07/01/2020,10:37:51,204.6,204.6,2700,204.65,2700,0,14841900
COALINDIA-I.NFO,07/01/2020,10:38:06,204.6,204.55,8100,204.65,2700,2700,14841900
COALINDIA-I.NFO,07/01/2020,10:38:08,204.6,204.55,8100,204.65,2700,0,14841900
COALINDIA-I.NFO,07/01/2020,10:38:14,204.6,204.55,10800,204.65,2700,0,14841900
COALINDIA-I.NFO,07/01/2020,10:38:17,204.55,204.55,8100,204.65,2700,2700,14841900
COALINDIA-I.NFO,07/01/2020,10:38:19,204.55,204.55,8100,204.65,2700,0,14841900
COALINDIA-I.NFO,07/01/2020,10:38:30,204.55,204.5,8100,204.6,2700,2700,14839200
COALINDIA-I.NFO,07/01/2020,10:38:33,204.55,204.45,8100,204.55,2700,0,14839200
COALINDIA-I.NFO,07/01/2020,10:39:03,204.55,204.45,10800,204.55,2700,0,14839200
COALINDIA-I.NFO,07/01/2020,10:39:06,204.55,204.5,2700,204.55,5400,0,14839200
COALINDIA-I.NFO,07/01/2020,10:39:10,204.5,204.45,5400,204.55,5400,2700,14839200
COALINDIA-I.NFO,07/01/2020,10:39:13,204.5,204.4,5400,204.5,2700,0,14839200
COALINDIA-I.NFO,07/01/2020,10:39:16,204.5,204.35,8100,204.5,5400,0,14839200
COALINDIA-I.NFO,07/01/2020,10:39:21,204.5,204.35,2700,204.45,2700,0,14839200
COALINDIA-I.NFO,07/01/2020,10:39:25,204.5,204.35,2700,204.45,5400,0,14839200
COALINDIA-I.NFO,07/01/2020,10:40:04,204.5,204.35,5400,204.45,5400,0,14839200
COALINDIA-I.NFO,07/01/2020,10:40:17,204.5,204.35,2700,204.45,5400,0,14839200
COALINDIA-I.NFO,07/01/2020,10:40:19,204.5,204.35,5400,204.45,5400,0,14839200
COALINDIA-I.NFO,07/01/2020,10:40:24,204.5,204.35,8100,204.45,5400,0,14839200
COALINDIA-I.NFO,07/01/2020,10:40:26,204.5,204.35,5400,204.45,5400,0,14839200
COALINDIA-I.NFO,07/01/2020,10:40:28,204.5,204.4,2700,204.45,5400,0,14839200
COALINDIA-I.NFO,07/01/2020,10:40:33,204.45,204.3,2700,204.4,2700,2700,14839200
COALINDIA-I.NFO,07/01/2020,10:40:35,204.45,204.3,2700,204.4,2700,0,14839200
COALINDIA-I.NFO,07/01/2020,10:40:46,204.45,204.3,5400,204.4,2700,0,14839200
COALINDIA-I.NFO,07/01/2020,10:40:49,204.45,204.3,2700,204.4,2700,0,14839200
COALINDIA-I.NFO,07/01/2020,10:40:56,204.3,204.25,5400,204.35,2700,2700,14839200
COALINDIA-I.NFO,07/01/2020,10:40:59,204.3,204.25,2700,204.35,2700,0,14839200
COALINDIA-I.NFO,07/01/2020,10:41:06,204.3,204.25,2700,204.3,2700,0,14839200
COALINDIA-I.NFO,07/01/2020,10:41:13,204.3,204.25,2700,204.35,2700,0,14839200
COALINDIA-I.NFO,07/01/2020,10:41:17,204.3,204.3,13500,204.45,2700,0,14839200
COALINDIA-I.NFO,07/01/2020,10:41:20,204.3,204.3,18900,204.45,2700,0,14839200
COALINDIA-I.NFO,07/01/2020,10:41:25,204.3,204.3,16200,204.45,2700,0,14839200
COALINDIA-I.NFO,07/01/2020,10:41:30,204.3,204.35,5400,204.45,2700,0,14839200
COALINDIA-I.NFO,07/01/2020,10:41:40,204.3,204.35,10800,204.45,2700,0,14839200
COALINDIA-I.NFO,07/01/2020,10:41:42,204.3,204.35,5400,204.45,2700,0,14839200
COALINDIA-I.NFO,07/01/2020,10:41:44,204.3,204.35,8100,204.45,2700,0,14839200
COALINDIA-I.NFO,07/01/2020,10:41:52,204.55,204.5,10800,204.65,2700,8100,14839200
COALINDIA-I.NFO,07/01/2020,10:41:55,204.55,204.5,10800,204.65,5400,2700,14839200
COALINDIA-I.NFO,07/01/2020,10:41:57,204.55,204.5,10800,204.65,5400,0,14839200
COALINDIA-I.NFO,07/01/2020,10:42:00,204.55,204.5,8100,204.65,5400,0,14839200
COALINDIA-I.NFO,07/01/2020,10:42:04,204.5,204.5,8100,204.65,5400,2700,14839200
COALINDIA-I.NFO,07/01/2020,10:42:07,204.5,204.5,8100,204.65,5400,0,14839200
COALINDIA-I.NFO,07/01/2020,10:42:11,204.5,204.5,2700,204.65,5400,2700,14839200
COALINDIA-I.NFO,07/01/2020,10:42:16,204.5,204.55,2700,204.65,5400,0,14839200
COALINDIA-I.NFO,07/01/2020,10:42:27,204.55,204.5,13500,204.65,5400,2700,14839200
COALINDIA-I.NFO,07/01/2020,10:42:30,204.55,204.5,13500,204.65,5400,0,14839200
COALINDIA-I.NFO,07/01/2020,10:42:42,204.55,204.5,16200,204.65,5400,0,14839200
COALINDIA-I.NFO,07/01/2020,10:42:48,204.55,204.5,13500,204.65,5400,0,14839200
COALINDIA-I.NFO,07/01/2020,10:42:50,204.55,204.5,10800,204.65,5400,0,14839200
COALINDIA-I.NFO,07/01/2020,10:42:53,204.55,204.5,13500,204.65,5400,0,14839200
COALINDIA-I.NFO,07/01/2020,10:42:55,204.55,204.5,10800,204.65,5400,0,14839200
COALINDIA-I.NFO,07/01/2020,10:43:07,204.55,204.5,13500,204.65,5400,0,14839200
COALINDIA-I.NFO,07/01/2020,10:43:09,204.55,204.5,8100,204.65,5400,0,14839200
COALINDIA-I.NFO,07/01/2020,10:43:11,204.55,204.5,5400,204.65,5400,0,14839200
COALINDIA-I.NFO,07/01/2020,10:43:13,204.6,204.5,2700,204.65,5400,2700,14839200
COALINDIA-I.NFO,07/01/2020,10:43:14,204.6,204.5,2700,204.65,5400,0,14839200
COALINDIA-I.NFO,07/01/2020,10:43:19,204.6,204.5,2700,204.6,2700,0,14839200
COALINDIA-I.NFO,07/01/2020,10:43:25,204.6,204.5,5400,204.6,2700,0,14839200
COALINDIA-I.NFO,07/01/2020,10:43:29,204.6,204.45,10800,204.6,2700,0,14839200
COALINDIA-I.NFO,07/01/2020,10:43:32,204.6,204.5,10800,204.65,8100,0,14839200
COALINDIA-I.NFO,07/01/2020,10:43:47,204.6,204.5,8100,204.65,8100,0,14839200
COALINDIA-I.NFO,07/01/2020,10:43:50,204.6,204.5,5400,204.6,2700,0,14839200
COALINDIA-I.NFO,07/01/2020,10:43:52,204.6,204.45,8100,204.6,2700,0,14839200
COALINDIA-I.NFO,07/01/2020,10:43:55,204.6,204.45,8100,204.65,8100,0,14839200
COALINDIA-I.NFO,07/01/2020,10:43:58,204.6,204.5,5400,204.65,8100,0,14839200
COALINDIA-I.NFO,07/01/2020,10:44:05,204.6,204.5,2700,204.65,8100,0,14839200
COALINDIA-I.NFO,07/01/2020,10:44:09,204.6,204.55,2700,204.65,8100,0,14839200
COALINDIA-I.NFO,07/01/2020,10:44:12,204.6,204.55,2700,204.65,5400,0,14839200
COALINDIA-I.NFO,07/01/2020,10:44:14,204.6,204.55,2700,204.65,2700,0,14839200
COALINDIA-I.NFO,07/01/2020,10:44:17,204.6,204.5,2700,204.65,2700,0,14839200
COALINDIA-I.NFO,07/01/2020,10:44:19,204.6,204.5,5400,204.65,2700,0,14839200
COALINDIA-I.NFO,07/01/2020,10:44:22,204.6,204.5,2700,204.65,2700,0,14839200
COALINDIA-I.NFO,07/01/2020,10:44:25,204.6,204.55,2700,204.65,2700,0,14839200
COALINDIA-I.NFO,07/01/2020,10:44:29,204.6,204.55,5400,204.65,2700,0,14839200
COALINDIA-I.NFO,07/01/2020,10:44:35,204.6,204.6,2700,204.65,2700,0,14839200
COALINDIA-I.NFO,07/01/2020,10:44:38,204.65,204.55,5400,204.7,8100,2700,14839200
COALINDIA-I.NFO,07/01/2020,10:44:41,204.65,204.6,5400,204.7,5400,0,14839200
COALINDIA-I.NFO,07/01/2020,10:44:44,204.65,204.55,5400,204.7,8100,0,14839200
COALINDIA-I.NFO,07/01/2020,10:44:46,204.65,204.6,5400,204.7,8100,0,14839200
COALINDIA-I.NFO,07/01/2020,10:44:48,204.65,204.6,5400,204.7,5400,0,14839200
COALINDIA-I.NFO,07/01/2020,10:44:56,204.65,204.6,2700,204.7,5400,0,14839200
COALINDIA-I.NFO,07/01/2020,10:45:01,204.65,204.55,5400,204.7,8100,0,14839200
COALINDIA-I.NFO,07/01/2020,10:45:06,204.65,204.55,5400,204.65,2700,0,14839200
COALINDIA-I.NFO,07/01/2020,10:45:09,204.65,204.55,2700,204.65,2700,0,14839200
COALINDIA-I.NFO,07/01/2020,10:45:14,204.65,204.55,8100,204.65,2700,0,14839200
COALINDIA-I.NFO,07/01/2020,10:45:18,204.65,204.6,2700,204.65,2700,0,14839200
COALINDIA-I.NFO,07/01/2020,10:45:28,204.6,204.55,13500,204.65,2700,5400,14839200
COALINDIA-I.NFO,07/01/2020,10:45:31,204.6,204.55,13500,204.65,2700,0,14839200
COALINDIA-I.NFO,07/01/2020,10:45:34,204.75,204.75,8100,204.8,5400,18900,14839200
COALINDIA-I.NFO,07/01/2020,10:45:37,204.75,204.75,2700,204.8,5400,0,14839200
COALINDIA-I.NFO,07/01/2020,10:45:40,204.75,204.65,5400,204.8,5400,2700,14839200
COALINDIA-I.NFO,07/01/2020,10:45:42,204.75,204.65,5400,204.8,5400,0,14839200
COALINDIA-I.NFO,07/01/2020,10:45:46,204.75,204.7,5400,204.8,5400,0,14839200
COALINDIA-I.NFO,07/01/2020,10:45:52,204.7,204.7,8100,204.8,5400,2700,14839200
COALINDIA-I.NFO,07/01/2020,10:45:55,204.7,204.7,5400,204.8,5400,0,14839200
COALINDIA-I.NFO,07/01/2020,10:45:57,204.7,204.75,2700,204.8,5400,0,14839200
COALINDIA-I.NFO,07/01/2020,10:46:02,204.8,204.65,8100,204.8,2700,2700,14839200
COALINDIA-I.NFO,07/01/2020,10:46:05,204.8,204.65,8100,204.8,2700,0,14839200
COALINDIA-I.NFO,07/01/2020,10:46:13,204.8,204.65,5400,204.8,2700,0,14839200
COALINDIA-I.NFO,07/01/2020,10:46:16,204.8,204.7,2700,204.85,2700,2700,14839200
COALINDIA-I.NFO,07/01/2020,10:46:19,204.8,204.75,2700,204.85,2700,0,14839200
COALINDIA-I.NFO,07/01/2020,10:46:25,204.8,204.75,5400,204.85,2700,0,14839200
COALINDIA-I.NFO,07/01/2020,10:46:44,204.8,204.7,5400,204.85,2700,0,14839200
COALINDIA-I.NFO,07/01/2020,10:46:47,204.8,204.75,2700,204.85,2700,0,14839200
COALINDIA-I.NFO,07/01/2020,10:47:03,204.8,204.7,5400,204.8,2700,0,14839200
COALINDIA-I.NFO,07/01/2020,10:47:06,204.65,204.6,2700,204.75,8100,10800,14839200
COALINDIA-I.NFO,07/01/2020,10:47:08,204.65,204.65,5400,204.8,2700,0,14839200
COALINDIA-I.NFO,07/01/2020,10:47:13,204.65,204.65,8100,204.8,2700,0,14839200
COALINDIA-I.NFO,07/01/2020,10:47:17,204.65,204.65,10800,204.8,2700,0,14839200
COALINDIA-I.NFO,07/01/2020,10:47:22,204.75,204.65,8100,204.8,2700,2700,14839200
COALINDIA-I.NFO,07/01/2020,10:47:29,204.75,204.65,8100,204.8,2700,0,14839200
COALINDIA-I.NFO,07/01/2020,10:47:32,204.75,204.65,5400,204.75,2700,0,14839200
COALINDIA-I.NFO,07/01/2020,10:47:38,204.7,204.7,5400,204.8,2700,5400,14836500
COALINDIA-I.NFO,07/01/2020,10:47:41,204.75,204.75,2700,204.8,2700,2700,14836500
COALINDIA-I.NFO,07/01/2020,10:47:43,204.8,204.8,2700,204.9,8100,2700,14836500
COALINDIA-I.NFO,07/01/2020,10:47:46,204.8,204.8,2700,204.9,8100,0,14836500
COALINDIA-I.NFO,07/01/2020,10:47:55,204.8,204.8,2700,204.85,8100,0,14836500
COALINDIA-I.NFO,07/01/2020,10:48:01,204.8,204.8,2700,204.85,2700,0,14836500
COALINDIA-I.NFO,07/01/2020,10:48:17,204.8,204.8,2700,204.85,8100,0,14836500
COALINDIA-I.NFO,07/01/2020,10:48:37,204.8,204.8,5400,204.85,8100,0,14836500
COALINDIA-I.NFO,07/01/2020,10:48:42,204.9,204.8,2700,204.95,13500,16200,14836500
COALINDIA-I.NFO,07/01/2020,10:48:42,204.9,204.8,2700,204.95,13500,0,14836500
COALINDIA-I.NFO,07/01/2020,10:48:46,204.9,204.8,2700,204.95,13500,0,14836500
COALINDIA-I.NFO,07/01/2020,10:48:53,204.9,204.8,5400,204.95,13500,0,14836500
COALINDIA-I.NFO,07/01/2020,10:48:56,204.9,204.8,2700,204.95,13500,0,14836500
COALINDIA-I.NFO,07/01/2020,10:49:03,204.9,204.75,5400,204.9,2700,0,14836500
COALINDIA-I.NFO,07/01/2020,10:49:15,204.9,204.75,2700,204.9,2700,0,14836500
COALINDIA-I.NFO,07/01/2020,10:49:18,204.9,204.75,2700,204.9,5400,0,14836500
COALINDIA-I.NFO,07/01/2020,10:49:25,204.9,204.75,5400,204.9,2700,5400,14836500
COALINDIA-I.NFO,07/01/2020,10:49:42,204.85,204.75,5400,204.9,5400,2700,14836500
COALINDIA-I.NFO,07/01/2020,10:49:46,204.8,204.7,5400,204.85,5400,8100,14836500
COALINDIA-I.NFO,07/01/2020,10:49:50,204.8,204.7,5400,204.85,5400,0,14836500
COALINDIA-I.NFO,07/01/2020,10:49:54,204.8,204.75,2700,204.85,5400,0,14836500
COALINDIA-I.NFO,07/01/2020,10:50:00,204.8,204.75,5400,204.85,5400,0,14836500
COALINDIA-I.NFO,07/01/2020,10:50:06,204.8,204.75,5400,204.85,2700,2700,14836500
COALINDIA-I.NFO,07/01/2020,10:50:17,204.8,204.85,2700,204.9,5400,0,14836500
COALINDIA-I.NFO,07/01/2020,10:50:23,204.8,204.8,2700,204.9,8100,0,14836500
COALINDIA-I.NFO,07/01/2020,10:50:27,204.8,204.85,2700,204.9,8100,0,14836500
COALINDIA-I.NFO,07/01/2020,10:50:35,204.8,204.75,8100,204.9,10800,0,14836500
COALINDIA-I.NFO,07/01/2020,10:50:39,204.8,204.85,5400,204.9,8100,0,14836500
COALINDIA-I.NFO,07/01/2020,10:50:44,204.8,204.85,2700,204.9,8100,0,14836500
COALINDIA-I.NFO,07/01/2020,10:50:50,204.85,204.8,2700,204.9,5400,2700,14841900
COALINDIA-I.NFO,07/01/2020,10:51:15,204.85,204.8,5400,204.9,8100,0,14841900
COALINDIA-I.NFO,07/01/2020,10:51:19,204.85,204.8,8100,204.9,8100,0,14841900
COALINDIA-I.NFO,07/01/2020,10:51:26,204.85,204.85,2700,204.9,8100,0,14841900
COALINDIA-I.NFO,07/01/2020,10:51:30,204.9,204.8,5400,204.9,5400,2700,14841900
COALINDIA-I.NFO,07/01/2020,10:51:33,204.9,204.75,8100,204.9,8100,0,14841900
COALINDIA-I.NFO,07/01/2020,10:51:36,204.9,204.8,2700,204.9,8100,0,14841900
COALINDIA-I.NFO,07/01/2020,10:51:40,204.9,204.8,8100,204.9,5400,0,14841900
COALINDIA-I.NFO,07/01/2020,10:51:48,204.9,204.85,2700,204.95,8100,5400,14841900
COALINDIA-I.NFO,07/01/2020,10:51:53,204.9,204.85,2700,204.95,8100,0,14841900
COALINDIA-I.NFO,07/01/2020,10:51:58,204.9,204.9,5400,204.95,8100,0,14841900
COALINDIA-I.NFO,07/01/2020,10:52:08,204.9,204.8,5400,204.95,8100,5400,14841900
COALINDIA-I.NFO,07/01/2020,10:52:13,204.9,204.75,2700,204.9,2700,0,14841900
COALINDIA-I.NFO,07/01/2020,10:52:18,204.9,204.8,5400,204.9,5400,0,14841900
COALINDIA-I.NFO,07/01/2020,10:52:22,204.9,204.75,2700,204.9,5400,0,14841900
COALINDIA-I.NFO,07/01/2020,10:52:33,204.9,204.8,2700,204.9,8100,0,14841900
COALINDIA-I.NFO,07/01/2020,10:52:38,204.9,204.75,2700,204.85,2700,0,14841900
COALINDIA-I.NFO,07/01/2020,10:52:43,204.9,204.75,10800,204.85,2700,0,14841900
COALINDIA-I.NFO,07/01/2020,10:52:46,204.9,204.8,2700,204.85,2700,0,14841900
COALINDIA-I.NFO,07/01/2020,10:52:55,204.85,204.8,8100,204.9,13500,2700,14841900
COALINDIA-I.NFO,07/01/2020,10:52:59,204.85,204.8,8100,204.9,13500,0,14841900
COALINDIA-I.NFO,07/01/2020,10:53:05,204.8,204.75,2700,204.85,2700,2700,14841900
COALINDIA-I.NFO,07/01/2020,10:53:11,204.85,204.75,8100,204.9,16200,2700,14841900
COALINDIA-I.NFO,07/01/2020,10:53:17,204.85,204.75,2700,204.9,16200,0,14841900
COALINDIA-I.NFO,07/01/2020,10:53:22,204.85,204.8,2700,204.9,13500,0,14841900
COALINDIA-I.NFO,07/01/2020,10:53:27,204.8,204.75,2700,204.9,16200,2700,14841900
COALINDIA-I.NFO,07/01/2020,10:53:32,204.8,204.8,5400,204.9,16200,0,14841900
COALINDIA-I.NFO,07/01/2020,10:53:37,204.8,204.7,5400,204.8,2700,8100,14841900
COALINDIA-I.NFO,07/01/2020,10:53:42,204.8,204.7,5400,204.8,2700,0,14841900
COALINDIA-I.NFO,07/01/2020,10:53:54,204.7,204.65,8100,204.8,2700,5400,14841900
COALINDIA-I.NFO,07/01/2020,10:54:00,204.7,204.7,10800,204.85,16200,0,14841900
COALINDIA-I.NFO,07/01/2020,10:54:05,204.7,204.75,10800,204.9,16200,0,14841900
COALINDIA-I.NFO,07/01/2020,10:54:10,204.7,204.8,10800,204.9,16200,0,14841900
COALINDIA-I.NFO,07/01/2020,10:54:16,204.9,204.85,2700,204.9,5400,2700,14841900
COALINDIA-I.NFO,07/01/2020,10:54:22,204.9,204.85,2700,204.9,2700,2700,14841900
COALINDIA-I.NFO,07/01/2020,10:54:27,204.9,204.85,2700,204.9,2700,0,14841900
COALINDIA-I.NFO,07/01/2020,10:54:38,204.9,204.85,8100,204.9,2700,0,14841900
COALINDIA-I.NFO,07/01/2020,10:54:47,204.9,204.85,2700,204.9,2700,0,14841900
COALINDIA-I.NFO,07/01/2020,10:54:52,204.9,204.85,8100,204.95,8100,2700,14841900
COALINDIA-I.NFO,07/01/2020,10:54:57,204.9,204.85,2700,204.95,8100,0,14841900
COALINDIA-I.NFO,07/01/2020,10:55:01,204.9,204.85,2700,204.95,5400,0,14841900
COALINDIA-I.NFO,07/01/2020,10:55:06,204.95,204.9,2700,204.95,2700,2700,14841900
COALINDIA-I.NFO,07/01/2020,10:55:06,204.95,204.9,2700,204.95,2700,0,14841900
COALINDIA-I.NFO,07/01/2020,10:55:11,204.9,204.85,5400,204.95,2700,2700,14841900
COALINDIA-I.NFO,07/01/2020,10:55:16,204.9,204.85,2700,204.9,2700,0,14841900
COALINDIA-I.NFO,07/01/2020,10:55:20,204.9,204.85,5400,204.9,2700,0,14841900
COALINDIA-I.NFO,07/01/2020,10:55:30,204.9,204.9,2700,204.95,2700,2700,14841900
COALINDIA-I.NFO,07/01/2020,10:55:35,204.9,204.85,5400,204.95,2700,2700,14841900
COALINDIA-I.NFO,07/01/2020,10:55:41,204.9,204.8,10800,204.9,2700,0,14841900
COALINDIA-I.NFO,07/01/2020,10:55:46,204.9,204.8,2700,204.9,2700,0,14841900
COALINDIA-I.NFO,07/01/2020,10:56:08,204.9,204.8,8100,204.9,2700,0,14841900
COALINDIA-I.NFO,07/01/2020,10:56:13,204.9,204.85,2700,204.9,2700,0,14841900
COALINDIA-I.NFO,07/01/2020,10:56:32,204.85,204.8,5400,204.9,2700,2700,14785200
COALINDIA-I.NFO,07/01/2020,10:56:38,204.85,204.8,5400,204.9,2700,0,14785200
COALINDIA-I.NFO,07/01/2020,10:56:43,204.85,204.8,8100,204.9,2700,0,14785200
COALINDIA-I.NFO,07/01/2020,10:56:46,204.85,204.8,10800,204.9,2700,0,14785200
COALINDIA-I.NFO,07/01/2020,10:56:53,204.85,204.85,2700,204.9,2700,0,14785200
COALINDIA-I.NFO,07/01/2020,10:56:59,204.85,204.8,10800,204.95,2700,2700,14785200
COALINDIA-I.NFO,07/01/2020,10:57:03,204.8,204.75,13500,204.9,13500,5400,14785200
COALINDIA-I.NFO,07/01/2020,10:57:06,204.8,204.75,8100,204.9,13500,0,14785200
COALINDIA-I.NFO,07/01/2020,10:57:11,204.75,204.7,2700,204.85,2700,5400,14785200
COALINDIA-I.NFO,07/01/2020,10:57:17,204.75,204.75,5400,204.85,2700,0,14785200
COALINDIA-I.NFO,07/01/2020,10:57:24,204.75,204.75,2700,204.8,2700,13500,14785200
COALINDIA-I.NFO,07/01/2020,10:57:31,204.8,204.8,8100,204.9,2700,2700,14785200
COALINDIA-I.NFO,07/01/2020,10:57:37,204.8,204.8,8100,204.9,2700,0,14785200
COALINDIA-I.NFO,07/01/2020,10:57:42,204.8,204.75,10800,204.9,2700,0,14785200
COALINDIA-I.NFO,07/01/2020,10:57:47,204.8,204.75,13500,204.9,2700,0,14785200
COALINDIA-I.NFO,07/01/2020,10:57:52,204.8,204.8,2700,204.9,2700,2700,14785200
COALINDIA-I.NFO,07/01/2020,10:57:56,204.8,204.8,2700,204.9,2700,0,14785200
COALINDIA-I.NFO,07/01/2020,10:58:09,204.8,204.85,2700,204.9,2700,0,14785200
COALINDIA-I.NFO,07/01/2020,10:58:14,204.9,204.8,2700,204.9,2700,5400,14785200
COALINDIA-I.NFO,07/01/2020,10:58:19,204.9,204.8,2700,204.9,2700,0,14785200
COALINDIA-I.NFO,07/01/2020,10:58:29,204.9,204.75,10800,204.9,2700,0,14785200
COALINDIA-I.NFO,07/01/2020,10:58:34,204.9,204.85,5400,204.9,2700,0,14785200
COALINDIA-I.NFO,07/01/2020,10:58:39,204.85,204.75,8100,204.9,2700,5400,14785200
COALINDIA-I.NFO,07/01/2020,10:58:44,204.75,204.7,2700,204.8,5400,5400,14785200
COALINDIA-I.NFO,07/01/2020,10:58:50,204.75,204.65,5400,204.8,5400,2700,14785200
COALINDIA-I.NFO,07/01/2020,10:58:55,204.75,204.65,5400,204.8,5400,0,14785200
COALINDIA-I.NFO,07/01/2020,10:58:59,204.75,204.7,5400,204.8,5400,0,14785200
COALINDIA-I.NFO,07/01/2020,10:59:05,204.7,204.6,2700,204.7,5400,2700,14785200
COALINDIA-I.NFO,07/01/2020,10:59:11,204.6,204.5,2700,204.55,8100,2700,14785200
COALINDIA-I.NFO,07/01/2020,10:59:17,204.35,204.3,2700,204.4,8100,8100,14785200
COALINDIA-I.NFO,07/01/2020,10:59:22,204.35,204.35,2700,204.4,5400,0,14785200
COALINDIA-I.NFO,07/01/2020,10:59:28,204.35,204.3,13500,204.45,5400,5400,14785200
COALINDIA-I.NFO,07/01/2020,10:59:33,204.35,204.3,16200,204.45,5400,0,14785200
COALINDIA-I.NFO,07/01/2020,10:59:39,204.35,204.4,8100,204.5,10800,0,14785200
COALINDIA-I.NFO,07/01/2020,10:59:44,204.45,204.3,8100,204.45,5400,2700,14806800
COALINDIA-I.NFO,07/01/2020,10:59:49,204.35,204.35,2700,204.45,5400,5400,14806800
COALINDIA-I.NFO,07/01/2020,10:59:54,204.35,204.3,13500,204.45,5400,0,14806800
COALINDIA-I.NFO,07/01/2020,11:00:00,204.35,204.3,13500,204.45,2700,0,14806800
COALINDIA-I.NFO,07/01/2020,11:00:06,204.35,204.3,5400,204.45,8100,0,14806800
COALINDIA-I.NFO,07/01/2020,11:00:18,204.35,204.35,2700,204.45,2700,0,14806800
COALINDIA-I.NFO,07/01/2020,11:00:24,204.35,204.3,5400,204.4,5400,0,14806800
COALINDIA-I.NFO,07/01/2020,11:00:31,204.35,204.25,2700,204.4,8100,2700,14806800
COALINDIA-I.NFO,07/01/2020,11:00:43,204.35,204.3,2700,204.4,5400,0,14806800
COALINDIA-I.NFO,07/01/2020,11:00:50,204.35,204.35,2700,204.4,5400,0,14806800
COALINDIA-I.NFO,07/01/2020,11:00:56,204.35,204.35,8100,204.4,5400,0,14806800
COALINDIA-I.NFO,07/01/2020,11:01:04,204.35,204.25,5400,204.35,5400,8100,14806800
COALINDIA-I.NFO,07/01/2020,11:01:12,204.35,204.3,5400,204.35,8100,2700,14806800
COALINDIA-I.NFO,07/01/2020,11:01:19,204.25,204.2,8100,204.35,13500,8100,14806800
COALINDIA-I.NFO,07/01/2020,11:01:25,204.25,204.1,10800,204.25,5400,0,14806800
COALINDIA-I.NFO,07/01/2020,11:01:32,204.25,204.1,8100,204.25,10800,0,14806800
COALINDIA-I.NFO,07/01/2020,11:01:39,204.1,204.05,2700,204.15,10800,8100,14806800
COALINDIA-I.NFO,07/01/2020,11:01:46,204,203.95,2700,204.05,5400,5400,14806800
COALINDIA-I.NFO,07/01/2020,11:01:53,204.05,204,8100,204.15,2700,10800,14806800
COALINDIA-I.NFO,07/01/2020,11:02:00,204,203.95,8100,204.1,2700,2700,14806800
COALINDIA-I.NFO,07/01/2020,11:02:07,204,204,10800,204.15,8100,0,14806800
COALINDIA-I.NFO,07/01/2020,11:02:13,204,204,8100,204.15,8100,5400,14806800
COALINDIA-I.NFO,07/01/2020,11:02:20,204,204.1,2700,204.15,8100,0,14806800
COALINDIA-I.NFO,07/01/2020,11:02:26,204.05,204.05,5400,204.2,5400,5400,14806800
COALINDIA-I.NFO,07/01/2020,11:02:32,204.05,203.95,8100,204.15,8100,0,14806800
COALINDIA-I.NFO,07/01/2020,11:02:39,204.05,203.95,5400,204.1,5400,0,14806800
COALINDIA-I.NFO,07/01/2020,11:03:01,203.95,203.95,5400,204.1,8100,2700,14814900
COALINDIA-I.NFO,07/01/2020,11:03:07,203.95,203.95,2700,204.05,5400,0,14814900
COALINDIA-I.NFO,07/01/2020,11:03:14,203.95,203.8,8100,203.95,5400,0,14814900
COALINDIA-I.NFO,07/01/2020,11:03:19,203.8,203.8,8100,203.95,8100,2700,14814900
COALINDIA-I.NFO,07/01/2020,11:03:24,203.8,203.8,8100,203.9,2700,0,14814900
COALINDIA-I.NFO,07/01/2020,11:03:30,203.85,203.8,8100,203.95,8100,2700,14814900
COALINDIA-I.NFO,07/01/2020,11:03:34,203.9,203.85,8100,204,5400,10800,14814900
COALINDIA-I.NFO,07/01/2020,11:03:40,203.9,203.85,8100,204,5400,0,14814900
COALINDIA-I.NFO,07/01/2020,11:03:47,203.95,204,10800,204.15,8100,10800,14814900
COALINDIA-I.NFO,07/01/2020,11:03:53,204.1,204.1,5400,204.25,10800,2700,14814900
COALINDIA-I.NFO,07/01/2020,11:03:59,204.1,204.1,2700,204.25,8100,2700,14814900
COALINDIA-I.NFO,07/01/2020,11:04:05,204.1,204.05,2700,204.15,2700,0,14814900
COALINDIA-I.NFO,07/01/2020,11:04:10,204.15,204.05,2700,204.15,2700,2700,14814900
COALINDIA-I.NFO,07/01/2020,11:04:17,204.15,204.05,8100,204.25,10800,0,14814900
COALINDIA-I.NFO,07/01/2020,11:04:22,204.15,204.1,8100,204.25,10800,0,14814900
COALINDIA-I.NFO,07/01/2020,11:04:28,204.15,204.15,10800,204.3,2700,0,14814900
COALINDIA-I.NFO,07/01/2020,11:04:34,204.15,204.2,2700,204.3,2700,0,14814900
COALINDIA-I.NFO,07/01/2020,11:04:52,204.15,204.15,8100,204.3,2700,0,14814900
COALINDIA-I.NFO,07/01/2020,11:05:03,204.15,204.15,10800,204.3,2700,0,14814900
COALINDIA-I.NFO,07/01/2020,11:05:09,204.2,204.05,8100,204.3,8100,8100,14814900
COALINDIA-I.NFO,07/01/2020,11:05:14,204.2,204.1,2700,204.25,5400,0,14814900
COALINDIA-I.NFO,07/01/2020,11:05:20,204.15,204.15,2700,204.3,5400,2700,14814900
COALINDIA-I.NFO,07/01/2020,11:05:25,204.15,204.25,2700,204.35,5400,0,14814900
COALINDIA-I.NFO,07/01/2020,11:05:52,204.3,204.25,2700,204.35,5400,2700,14828400
COALINDIA-I.NFO,07/01/2020,11:05:58,204.25,204.2,2700,204.35,5400,5400,14828400
COALINDIA-I.NFO,07/01/2020,11:06:03,204.25,204.15,8100,204.35,5400,0,14828400
COALINDIA-I.NFO,07/01/2020,11:06:10,204.25,204.2,2700,204.35,8100,0,14828400
COALINDIA-I.NFO,07/01/2020,11:06:23,204.25,204.2,5400,204.35,8100,0,14828400
COALINDIA-I.NFO,07/01/2020,11:06:30,204.3,204.2,2700,204.35,8100,2700,14828400
COALINDIA-I.NFO,07/01/2020,11:06:34,204.3,204.2,2700,204.35,8100,0,14828400
COALINDIA-I.NFO,07/01/2020,11:06:38,204.3,204.2,2700,204.35,10800,0,14828400
COALINDIA-I.NFO,07/01/2020,11:06:49,204.3,204.15,2700,204.3,2700,2700,14828400
COALINDIA-I.NFO,07/01/2020,11:06:55,204.1,204.05,2700,204.2,5400,5400,14828400
COALINDIA-I.NFO,07/01/2020,11:07:00,204.05,204.05,2700,204.2,5400,2700,14828400
COALINDIA-I.NFO,07/01/2020,11:07:05,204.05,204,2700,204.15,2700,0,14828400
COALINDIA-I.NFO,07/01/2020,11:07:11,204.05,204,2700,204.2,8100,0,14828400
COALINDIA-I.NFO,07/01/2020,11:07:16,203.95,203.95,2700,204.1,2700,5400,14828400
COALINDIA-I.NFO,07/01/2020,11:07:21,203.95,204,2700,204.2,5400,0,14828400
COALINDIA-I.NFO,07/01/2020,11:07:30,203.95,204.05,2700,204.2,10800,0,14828400
COALINDIA-I.NFO,07/01/2020,11:07:34,203.95,204.05,2700,204.2,2700,0,14828400
COALINDIA-I.NFO,07/01/2020,11:07:40,203.95,204.15,5400,204.3,10800,0,14828400
COALINDIA-I.NFO,07/01/2020,11:07:45,203.95,204.15,8100,204.3,10800,0,14828400
COALINDIA-I.NFO,07/01/2020,11:07:49,204.25,204.1,8100,204.3,10800,2700,14828400
COALINDIA-I.NFO,07/01/2020,11:07:53,204.25,204.15,8100,204.3,2700,0,14828400
COALINDIA-I.NFO,07/01/2020,11:07:58,204.25,204.15,5400,204.3,2700,0,14828400
COALINDIA-I.NFO,07/01/2020,11:08:02,204.25,204.15,8100,204.3,2700,0,14828400
COALINDIA-I.NFO,07/01/2020,11:08:06,204.25,204.15,5400,204.3,2700,0,14828400
COALINDIA-I.NFO,07/01/2020,11:08:10,204.25,204.15,5400,204.3,2700,5400,14828400
COALINDIA-I.NFO,07/01/2020,11:08:14,204.25,204.15,5400,204.3,2700,0,14828400
COALINDIA-I.NFO,07/01/2020,11:08:26,204.25,204.2,5400,204.3,2700,0,14828400
COALINDIA-I.NFO,07/01/2020,11:08:32,204.3,204.2,8100,204.35,5400,2700,14828400
COALINDIA-I.NFO,07/01/2020,11:08:37,204.3,204.2,5400,204.35,5400,0,14828400
COALINDIA-I.NFO,07/01/2020,11:08:46,204.3,204.15,5400,204.35,5400,0,14828400
COALINDIA-I.NFO,07/01/2020,11:08:55,204.3,204.15,5400,204.3,2700,0,14828400
COALINDIA-I.NFO,07/01/2020,11:09:05,204.3,204.15,8100,204.3,5400,0,14828400
