Ticker,Date,Time,LTP,BuyPrice,BuyQty,SellPrice,SellQty,LTQ,OpenInterest
CONCOR-I.NFO,07/01/2020,09:15:00,565,563.05,1563,569,1563,1563,5373594
CONCOR-I.NFO,07/01/2020,09:15:00,565,563.05,1563,569,1563,0,5373594
CONCOR-I.NFO,07/01/2020,09:15:00,565,563.05,1563,569,1563,0,5373594
CONCOR-I.NFO,07/01/2020,09:15:00,565,563.05,1563,569,1563,0,5373594
CONCOR-I.NFO,07/01/2020,09:15:05,565,564.05,1563,568.9,3126,0,5373594
CONCOR-I.NFO,07/01/2020,09:15:14,565,564.65,1563,568.7,1563,0,5373594
CONCOR-I.NFO,07/01/2020,09:15:26,565,566,1563,567.2,1563,0,5373594
CONCOR-I.NFO,07/01/2020,09:15:38,566.05,566,1563,566.75,1563,4689,5373594
CONCOR-I.NFO,07/01/2020,09:15:38,567.2,566,1563,566.75,1563,0,5373594
CONCOR-I.NFO,07/01/2020,09:15:50,567.3,566,1563,567.55,3126,4689,5373594
CONCOR-I.NFO,07/01/2020,09:15:50,567.3,566,1563,567.55,3126,0,5373594
CONCOR-I.NFO,07/01/2020,09:16:02,567,566.3,1563,567.6,1563,1563,5373594
CONCOR-I.NFO,07/01/2020,09:16:12,567.6,566.8,1563,568,4689,1563,5373594
CONCOR-I.NFO,07/01/2020,09:16:12,567.6,566.8,1563,568,4689,0,5373594
CONCOR-I.NFO,07/01/2020,09:16:22,568,566.8,1563,568,3126,1563,5373594
CONCOR-I.NFO,07/01/2020,09:16:22,568,566.8,1563,568,3126,0,5373594
CONCOR-I.NFO,07/01/2020,09:16:31,566.8,566.2,1563,567.5,1563,1563,5373594
CONCOR-I.NFO,07/01/2020,09:16:40,566.8,566.1,1563,567.45,1563,0,5373594
CONCOR-I.NFO,07/01/2020,09:16:49,566.8,566.1,1563,567.7,1563,0,5373594
CONCOR-I.NFO,07/01/2020,09:16:58,567.65,566.5,1563,567.95,1563,1563,5373594
CONCOR-I.NFO,07/01/2020,09:17:06,567.65,566.5,4689,567.95,1563,0,5373594
CONCOR-I.NFO,07/01/2020,09:17:14,568.9,568.55,1563,569,1563,9378,5381409
CONCOR-I.NFO,07/01/2020,09:17:14,568.9,568.55,1563,569,1563,0,5381409
CONCOR-I.NFO,07/01/2020,09:17:23,568.8,568.1,1563,569.35,3126,7815,5381409
CONCOR-I.NFO,07/01/2020,09:17:32,568.8,568.2,1563,569.35,3126,0,5381409
CONCOR-I.NFO,07/01/2020,09:17:41,568.8,568.3,1563,569.25,1563,0,5381409
CONCOR-I.NFO,07/01/2020,09:17:50,569.25,567.45,1563,569.6,1563,4689,5381409
CONCOR-I.NFO,07/01/2020,09:17:50,569.5,567.45,1563,569.6,1563,0,5381409
CONCOR-I.NFO,07/01/2020,09:17:58,569.25,567.5,3126,569.45,1563,0,5381409
CONCOR-I.NFO,07/01/2020,09:18:06,569.25,567.75,1563,569.2,1563,0,5381409
CONCOR-I.NFO,07/01/2020,09:18:12,569.25,567.95,1563,569.25,1563,0,5381409
CONCOR-I.NFO,07/01/2020,09:18:13,569.25,567.5,1563,569,3126,0,5381409
CONCOR-I.NFO,07/01/2020,09:18:14,569.25,567.65,1563,569,1563,0,5381409
CONCOR-I.NFO,07/01/2020,09:18:15,569.25,567.6,1563,569.3,3126,0,5381409
CONCOR-I.NFO,07/01/2020,09:18:20,569.25,567.75,1563,569.1,1563,0,5381409
CONCOR-I.NFO,07/01/2020,09:18:21,569.25,567.6,1563,569.35,1563,0,5381409
CONCOR-I.NFO,07/01/2020,09:18:22,569.25,567.2,3126,569.4,1563,0,5381409
CONCOR-I.NFO,07/01/2020,09:18:23,569.25,567.75,1563,569.35,1563,0,5381409
CONCOR-I.NFO,07/01/2020,09:18:24,569.25,567.15,1563,568.6,1563,0,5381409
CONCOR-I.NFO,07/01/2020,09:18:26,569.25,566.95,3126,568.5,1563,0,5381409
CONCOR-I.NFO,07/01/2020,09:18:27,569.25,567.25,1563,568.5,1563,0,5381409
CONCOR-I.NFO,07/01/2020,09:18:28,569.25,567.05,3126,568.35,1563,0,5381409
CONCOR-I.NFO,07/01/2020,09:18:29,569.25,566.7,3126,568,1563,0,5381409
CONCOR-I.NFO,07/01/2020,09:18:30,569.25,566.8,4689,568,1563,0,5381409
CONCOR-I.NFO,07/01/2020,09:18:32,569.25,566.9,4689,567.95,1563,0,5381409
CONCOR-I.NFO,07/01/2020,09:18:34,569.25,567.2,1563,567.95,1563,0,5381409
CONCOR-I.NFO,07/01/2020,09:18:36,567.3,566.5,3126,567.95,1563,3126,5381409
CONCOR-I.NFO,07/01/2020,09:18:37,567.3,566.6,1563,567.95,1563,0,5381409
CONCOR-I.NFO,07/01/2020,09:18:38,567.3,566,6252,567.95,1563,0,5381409
CONCOR-I.NFO,07/01/2020,09:18:39,567.3,566.1,3126,567.95,1563,0,5381409
CONCOR-I.NFO,07/01/2020,09:18:40,567.3,566.7,1563,567.95,1563,0,5381409
CONCOR-I.NFO,07/01/2020,09:18:42,567.3,566.6,1563,567.8,1563,0,5381409
CONCOR-I.NFO,07/01/2020,09:18:44,567.3,566.6,1563,567.7,1563,0,5381409
CONCOR-I.NFO,07/01/2020,09:18:46,567.3,566.3,1563,567.9,1563,0,5381409
CONCOR-I.NFO,07/01/2020,09:18:47,567.3,566.35,1563,567.7,1563,0,5381409
CONCOR-I.NFO,07/01/2020,09:18:48,567.3,566.45,4689,567.95,1563,0,5381409
CONCOR-I.NFO,07/01/2020,09:18:49,567.3,566.45,3126,567.75,1563,0,5381409
CONCOR-I.NFO,07/01/2020,09:18:51,567,566.55,1563,567.65,1563,3126,5381409
CONCOR-I.NFO,07/01/2020,09:18:52,567,566.55,1563,567.65,1563,0,5381409
CONCOR-I.NFO,07/01/2020,09:18:54,567,566.55,1563,567.8,1563,0,5381409
CONCOR-I.NFO,07/01/2020,09:18:55,567,566.55,1563,567.6,3126,0,5381409
CONCOR-I.NFO,07/01/2020,09:18:57,567,566.55,1563,567.55,1563,1563,5381409
CONCOR-I.NFO,07/01/2020,09:18:59,567,566.55,1563,568.65,6252,0,5381409
CONCOR-I.NFO,07/01/2020,09:19:00,567,566.55,1563,568.05,1563,0,5381409
CONCOR-I.NFO,07/01/2020,09:19:04,567.6,566.65,1563,568,1563,1563,5381409
CONCOR-I.NFO,07/01/2020,09:19:05,567.6,566.65,1563,567.75,1563,0,5381409
CONCOR-I.NFO,07/01/2020,09:19:07,567.6,566.55,1563,567.7,1563,0,5381409
CONCOR-I.NFO,07/01/2020,09:19:08,567.6,566.65,1563,567.8,1563,0,5381409
CONCOR-I.NFO,07/01/2020,09:19:10,567.6,566.65,1563,568.45,3126,0,5381409
CONCOR-I.NFO,07/01/2020,09:19:11,567.6,566.65,1563,568.15,1563,0,5381409
CONCOR-I.NFO,07/01/2020,09:19:12,567.6,566.85,3126,568.15,1563,0,5381409
CONCOR-I.NFO,07/01/2020,09:19:14,567.6,566.7,1563,568.15,1563,0,5381409
CONCOR-I.NFO,07/01/2020,09:19:15,567.6,566.7,1563,568.05,1563,0,5381409
CONCOR-I.NFO,07/01/2020,09:19:17,567.6,566.7,1563,568.45,3126,0,5381409
CONCOR-I.NFO,07/01/2020,09:19:21,567.6,566.9,1563,568.3,1563,0,5381409
CONCOR-I.NFO,07/01/2020,09:19:22,567.6,566.7,1563,568.55,1563,0,5381409
CONCOR-I.NFO,07/01/2020,09:19:23,567.6,566.7,1563,568.15,1563,0,5381409
CONCOR-I.NFO,07/01/2020,09:19:25,567.6,566.9,1563,568.6,1563,0,5381409
CONCOR-I.NFO,07/01/2020,09:19:26,567.6,566.95,1563,568.15,1563,0,5381409
CONCOR-I.NFO,07/01/2020,09:19:27,567.6,566.95,1563,568.2,1563,0,5381409
CONCOR-I.NFO,07/01/2020,09:19:29,566.95,566.65,1563,567.9,1563,1563,5381409
CONCOR-I.NFO,07/01/2020,09:19:30,566.95,566.65,1563,568.55,4689,0,5381409
CONCOR-I.NFO,07/01/2020,09:19:33,566.95,566.55,1563,567.9,3126,0,5381409
CONCOR-I.NFO,07/01/2020,09:19:34,566.95,566.6,1563,567.8,4689,0,5381409
CONCOR-I.NFO,07/01/2020,09:19:38,566.95,566.55,1563,567.95,1563,0,5381409
CONCOR-I.NFO,07/01/2020,09:19:39,566.95,566.5,1563,567.75,1563,0,5381409
CONCOR-I.NFO,07/01/2020,09:19:40,566.95,566.5,1563,567.65,1563,0,5381409
CONCOR-I.NFO,07/01/2020,09:19:42,566.95,566.5,1563,567.5,1563,0,5381409
CONCOR-I.NFO,07/01/2020,09:19:46,566.95,566.5,1563,567,1563,0,5381409
CONCOR-I.NFO,07/01/2020,09:19:47,566.95,566.55,1563,567,1563,0,5381409
CONCOR-I.NFO,07/01/2020,09:19:51,566.6,566.2,1563,567,1563,12504,5381409
CONCOR-I.NFO,07/01/2020,09:19:52,566.6,566.1,1563,567,1563,0,5381409
CONCOR-I.NFO,07/01/2020,09:19:53,566.6,565.75,1563,566.95,1563,0,5381409
CONCOR-I.NFO,07/01/2020,09:19:54,566.6,565.9,1563,566.95,1563,0,5381409
CONCOR-I.NFO,07/01/2020,09:19:55,566.6,565.7,1563,566.85,1563,0,5381409
CONCOR-I.NFO,07/01/2020,09:19:56,566.6,565.75,1563,566.85,1563,0,5381409
CONCOR-I.NFO,07/01/2020,09:19:57,566.6,566.05,1563,566.85,1563,0,5381409
CONCOR-I.NFO,07/01/2020,09:19:58,566.6,566.1,1563,566.85,1563,0,5381409
CONCOR-I.NFO,07/01/2020,09:20:02,566.6,566.1,1563,567,1563,0,5381409
CONCOR-I.NFO,07/01/2020,09:20:03,566.6,566.2,1563,567,1563,0,5381409
CONCOR-I.NFO,07/01/2020,09:20:04,566.6,566.3,1563,567,1563,0,5381409
CONCOR-I.NFO,07/01/2020,09:20:05,566.6,566.3,1563,566.9,1563,0,5381409
CONCOR-I.NFO,07/01/2020,09:20:06,566.3,565.95,1563,566.85,1563,1563,5381409
CONCOR-I.NFO,07/01/2020,09:20:07,566.3,565.95,1563,566.85,1563,0,5381409
CONCOR-I.NFO,07/01/2020,09:20:09,566.3,565.95,1563,566.9,3126,0,5381409
CONCOR-I.NFO,07/01/2020,09:20:10,566.3,565.95,1563,566.95,1563,0,5381409
CONCOR-I.NFO,07/01/2020,09:20:11,566.3,565.95,1563,566.8,1563,0,5381409
CONCOR-I.NFO,07/01/2020,09:20:13,566.3,565.95,1563,566.7,1563,0,5381409
CONCOR-I.NFO,07/01/2020,09:20:16,566.3,566.25,1563,566.6,1563,0,5381409
CONCOR-I.NFO,07/01/2020,09:20:17,566.3,566.25,1563,566.85,1563,0,5381409
CONCOR-I.NFO,07/01/2020,09:20:19,566.3,566.25,1563,566.9,1563,0,5381409
CONCOR-I.NFO,07/01/2020,09:20:21,566.3,566.25,1563,566.85,1563,0,5381409
CONCOR-I.NFO,07/01/2020,09:20:23,566.3,566.25,1563,566.95,1563,0,5381409
CONCOR-I.NFO,07/01/2020,09:20:24,566.3,566.25,1563,566.9,1563,0,5381409
CONCOR-I.NFO,07/01/2020,09:20:27,566.3,566.25,1563,566.8,1563,0,5381409
CONCOR-I.NFO,07/01/2020,09:20:28,566.3,566.25,1563,566.7,1563,0,5381409
CONCOR-I.NFO,07/01/2020,09:20:29,566.3,566.25,1563,566.9,1563,0,5381409
CONCOR-I.NFO,07/01/2020,09:20:30,566.3,566.25,4689,566.95,1563,0,5381409
CONCOR-I.NFO,07/01/2020,09:20:45,566.3,566.35,1563,566.95,1563,0,5381409
CONCOR-I.NFO,07/01/2020,09:20:46,566.3,566.35,3126,566.95,1563,0,5381409
CONCOR-I.NFO,07/01/2020,09:20:56,566.95,566.45,1563,567,1563,1563,5375157
CONCOR-I.NFO,07/01/2020,09:20:57,566.95,566.5,1563,567,1563,0,5375157
CONCOR-I.NFO,07/01/2020,09:20:58,566.95,566.55,1563,567,1563,0,5375157
CONCOR-I.NFO,07/01/2020,09:20:59,567,566.8,1563,567.6,3126,1563,5375157
CONCOR-I.NFO,07/01/2020,09:21:00,567,566.85,1563,567.6,3126,0,5375157
CONCOR-I.NFO,07/01/2020,09:21:01,567,566.85,4689,567.6,3126,0,5375157
CONCOR-I.NFO,07/01/2020,09:21:02,567,566.95,1563,567.55,1563,0,5375157
CONCOR-I.NFO,07/01/2020,09:21:03,567,566.9,3126,567.55,3126,0,5375157
CONCOR-I.NFO,07/01/2020,09:21:06,567,566.9,3126,567.5,1563,0,5375157
CONCOR-I.NFO,07/01/2020,09:21:07,567,566.9,4689,567.6,3126,0,5375157
CONCOR-I.NFO,07/01/2020,09:21:08,567,566.9,3126,567.6,3126,0,5375157
CONCOR-I.NFO,07/01/2020,09:21:10,567,566.9,3126,567.55,1563,0,5375157
CONCOR-I.NFO,07/01/2020,09:21:19,567.55,567.1,4689,567.85,1563,1563,5375157
CONCOR-I.NFO,07/01/2020,09:21:27,567.55,567.2,3126,568,1563,0,5375157
CONCOR-I.NFO,07/01/2020,09:21:33,567.55,567.25,3126,568.1,1563,0,5375157
CONCOR-I.NFO,07/01/2020,09:21:48,567.55,567.45,3126,568.1,1563,0,5375157
CONCOR-I.NFO,07/01/2020,09:21:55,568.1,567.75,3126,568.4,1563,1563,5375157
CONCOR-I.NFO,07/01/2020,09:22:01,568.1,567.75,3126,568.4,1563,0,5375157
CONCOR-I.NFO,07/01/2020,09:22:09,568.1,567.95,3126,568.4,1563,0,5375157
CONCOR-I.NFO,07/01/2020,09:22:16,568,568.15,1563,568.5,1563,1563,5375157
CONCOR-I.NFO,07/01/2020,09:22:38,568.2,568.15,1563,568.5,1563,3126,5375157
CONCOR-I.NFO,07/01/2020,09:22:44,568.65,568.1,1563,568.7,3126,6252,5375157
CONCOR-I.NFO,07/01/2020,09:22:51,568.65,568.2,1563,568.7,3126,0,5375157
CONCOR-I.NFO,07/01/2020,09:22:57,568.65,568.1,1563,568.85,1563,6252,5375157
CONCOR-I.NFO,07/01/2020,09:23:03,568.65,568.1,1563,568.85,1563,0,5375157
CONCOR-I.NFO,07/01/2020,09:23:10,568.85,568.65,1563,569,1563,1563,5375157
CONCOR-I.NFO,07/01/2020,09:23:17,569,568.45,1563,569.25,3126,3126,5384535
CONCOR-I.NFO,07/01/2020,09:23:24,569,568.45,1563,569.2,1563,0,5384535
CONCOR-I.NFO,07/01/2020,09:23:30,569,568.3,1563,569.15,1563,0,5384535
CONCOR-I.NFO,07/01/2020,09:23:37,569,568.3,1563,569,1563,0,5384535
CONCOR-I.NFO,07/01/2020,09:23:43,569,568.2,3126,569.05,1563,0,5384535
CONCOR-I.NFO,07/01/2020,09:23:57,569,568.45,1563,569,1563,0,5384535
CONCOR-I.NFO,07/01/2020,09:24:11,569,568.45,1563,569,1563,1563,5384535
CONCOR-I.NFO,07/01/2020,09:24:18,569,568.3,1563,569,1563,0,5384535
CONCOR-I.NFO,07/01/2020,09:24:24,569,568.35,1563,569,1563,0,5384535
CONCOR-I.NFO,07/01/2020,09:24:31,569,568.25,3126,569,1563,0,5384535
CONCOR-I.NFO,07/01/2020,09:24:38,569,568.35,1563,569,1563,0,5384535
CONCOR-I.NFO,07/01/2020,09:24:44,569,568.1,1563,568.8,1563,0,5384535
CONCOR-I.NFO,07/01/2020,09:24:51,569,568.15,1563,568.8,1563,0,5384535
CONCOR-I.NFO,07/01/2020,09:24:57,567.9,567.95,1563,568.75,1563,1563,5384535
CONCOR-I.NFO,07/01/2020,09:25:04,567.9,568.1,1563,568.8,1563,0,5384535
CONCOR-I.NFO,07/01/2020,09:25:11,567.9,568.15,1563,568.8,1563,0,5384535
CONCOR-I.NFO,07/01/2020,09:25:18,568.15,568.1,1563,568.8,1563,1563,5384535
CONCOR-I.NFO,07/01/2020,09:25:26,568.15,568.1,1563,568.8,1563,0,5384535
CONCOR-I.NFO,07/01/2020,09:25:33,568.15,567.8,3126,568.6,1563,0,5384535
CONCOR-I.NFO,07/01/2020,09:25:40,568.2,567.85,1563,568.6,3126,1563,5384535
CONCOR-I.NFO,07/01/2020,09:25:50,568.2,567.85,1563,568.5,1563,0,5384535
CONCOR-I.NFO,07/01/2020,09:26:03,568.2,567.85,1563,568.45,1563,0,5384535
CONCOR-I.NFO,07/01/2020,09:26:11,568.2,567.85,1563,568.2,1563,0,5384535
CONCOR-I.NFO,07/01/2020,09:26:23,567.85,567.35,1563,568.1,1563,1563,5384535
CONCOR-I.NFO,07/01/2020,09:26:29,567.85,567.35,1563,568.2,1563,0,5384535
CONCOR-I.NFO,07/01/2020,09:26:35,567.85,567.5,3126,568.2,1563,0,5384535
CONCOR-I.NFO,07/01/2020,09:26:48,567.85,567.5,1563,568.2,1563,0,5384535
CONCOR-I.NFO,07/01/2020,09:26:53,567.85,567.45,1563,568.15,1563,0,5384535
CONCOR-I.NFO,07/01/2020,09:27:03,567.85,567.25,1563,568.05,1563,0,5384535
CONCOR-I.NFO,07/01/2020,09:27:14,567.85,567.25,1563,567.95,1563,0,5384535
CONCOR-I.NFO,07/01/2020,09:27:20,567.85,567.2,1563,567.85,1563,0,5384535
CONCOR-I.NFO,07/01/2020,09:27:38,567.85,567.1,1563,567.75,1563,0,5384535
CONCOR-I.NFO,07/01/2020,09:27:44,567.75,567.2,1563,568,1563,1563,5384535
CONCOR-I.NFO,07/01/2020,09:27:49,567.75,567.2,1563,568.1,1563,0,5384535
CONCOR-I.NFO,07/01/2020,09:28:01,567.75,567.15,1563,568.1,1563,0,5384535
CONCOR-I.NFO,07/01/2020,09:28:11,567.75,567.35,1563,568.15,1563,0,5384535
CONCOR-I.NFO,07/01/2020,09:28:17,567.75,567.35,1563,568.05,1563,0,5384535
CONCOR-I.NFO,07/01/2020,09:28:22,567.75,567.2,1563,567.95,1563,0,5384535
CONCOR-I.NFO,07/01/2020,09:28:29,567.75,567.15,1563,567.95,1563,0,5384535
CONCOR-I.NFO,07/01/2020,09:28:34,567.75,567.15,1563,567.85,1563,0,5384535
CONCOR-I.NFO,07/01/2020,09:28:45,567.75,567.2,1563,567.85,1563,0,5384535
CONCOR-I.NFO,07/01/2020,09:28:51,567.75,567.4,1563,568.15,1563,0,5384535
CONCOR-I.NFO,07/01/2020,09:28:57,567.75,567.45,1563,568.2,1563,0,5384535
CONCOR-I.NFO,07/01/2020,09:29:02,567.75,567.5,1563,568.2,1563,0,5384535
CONCOR-I.NFO,07/01/2020,09:29:09,568.2,567.8,1563,568.25,1563,1563,5384535
CONCOR-I.NFO,07/01/2020,09:29:15,568.2,567.85,1563,568.25,1563,0,5384535
CONCOR-I.NFO,07/01/2020,09:29:21,568.2,567.7,1563,568.25,1563,0,5384535
CONCOR-I.NFO,07/01/2020,09:29:26,568.2,567.8,1563,568.25,1563,1563,5384535
CONCOR-I.NFO,07/01/2020,09:29:32,568.2,567.65,3126,568.25,1563,0,5384535
CONCOR-I.NFO,07/01/2020,09:29:39,568.2,567.75,1563,568.25,1563,0,5384535
CONCOR-I.NFO,07/01/2020,09:29:45,568.2,567.35,1563,568.15,1563,0,5384535
CONCOR-I.NFO,07/01/2020,09:29:57,568.2,567.3,1563,568.15,1563,0,5384535
CONCOR-I.NFO,07/01/2020,09:30:03,568.15,567.6,1563,568.2,1563,1563,5384535
CONCOR-I.NFO,07/01/2020,09:30:10,568.15,567.5,1563,568.2,1563,0,5384535
CONCOR-I.NFO,07/01/2020,09:30:23,568.15,567.7,1563,568.2,1563,0,5384535
CONCOR-I.NFO,07/01/2020,09:30:29,568.15,567.55,3126,568.2,1563,0,5384535
CONCOR-I.NFO,07/01/2020,09:30:34,568.15,567.6,3126,568.2,1563,0,5384535
CONCOR-I.NFO,07/01/2020,09:30:40,568.15,567.75,1563,568.2,1563,0,5384535
CONCOR-I.NFO,07/01/2020,09:30:45,568.15,567.7,1563,568.2,1563,0,5384535
CONCOR-I.NFO,07/01/2020,09:30:50,568.15,567.6,1563,568.15,1563,0,5384535
CONCOR-I.NFO,07/01/2020,09:30:55,568,567.45,1563,568.1,3126,1563,5384535
CONCOR-I.NFO,07/01/2020,09:31:01,568,567.65,1563,568.2,1563,0,5384535
CONCOR-I.NFO,07/01/2020,09:31:07,568,567.85,1563,568.2,1563,0,5384535
CONCOR-I.NFO,07/01/2020,09:31:14,568,567.9,1563,568.2,1563,1563,5384535
CONCOR-I.NFO,07/01/2020,09:31:20,568,567.85,1563,568.2,1563,0,5384535
CONCOR-I.NFO,07/01/2020,09:31:26,568.2,567.95,1563,568.6,1563,1563,5384535
CONCOR-I.NFO,07/01/2020,09:31:31,568.2,568.05,1563,568.7,3126,0,5384535
CONCOR-I.NFO,07/01/2020,09:31:36,568.2,568.25,3126,568.8,1563,0,5384535
CONCOR-I.NFO,07/01/2020,09:31:42,568.25,568,3126,568.8,1563,1563,5384535
CONCOR-I.NFO,07/01/2020,09:31:47,568.25,568.1,3126,568.7,1563,0,5384535
CONCOR-I.NFO,07/01/2020,09:31:52,568.7,568,1563,568.8,1563,1563,5384535
CONCOR-I.NFO,07/01/2020,09:31:57,568.7,568.3,1563,568.8,1563,0,5384535
CONCOR-I.NFO,07/01/2020,09:32:01,568.7,568.35,1563,568.7,1563,0,5384535
CONCOR-I.NFO,07/01/2020,09:32:06,568.8,568.75,1563,569.25,1563,3126,5384535
CONCOR-I.NFO,07/01/2020,09:32:11,568.8,568.7,1563,569.25,1563,0,5384535
CONCOR-I.NFO,07/01/2020,09:32:16,568.8,568.75,3126,569.7,3126,0,5384535
CONCOR-I.NFO,07/01/2020,09:32:23,569,568.8,1563,569.65,1563,1563,5379846
CONCOR-I.NFO,07/01/2020,09:32:30,569,568.85,1563,569.65,1563,0,5379846
CONCOR-I.NFO,07/01/2020,09:32:35,569,568.9,1563,569.65,1563,0,5379846
CONCOR-I.NFO,07/01/2020,09:32:41,569,568.95,1563,569.65,1563,0,5379846
CONCOR-I.NFO,07/01/2020,09:32:53,569,568.9,1563,569.65,1563,0,5379846
CONCOR-I.NFO,07/01/2020,09:32:58,569,569,1563,569.65,1563,0,5379846
CONCOR-I.NFO,07/01/2020,09:33:03,569,569.15,1563,569.8,4689,0,5379846
CONCOR-I.NFO,07/01/2020,09:33:15,569.15,569.1,1563,569.8,4689,1563,5379846
CONCOR-I.NFO,07/01/2020,09:33:20,569.15,569,3126,569.5,1563,0,5379846
CONCOR-I.NFO,07/01/2020,09:33:32,569.15,569,3126,569.45,1563,0,5379846
CONCOR-I.NFO,07/01/2020,09:33:42,569.25,569,1563,569.5,1563,1563,5379846
CONCOR-I.NFO,07/01/2020,09:33:48,569.25,569,1563,569.5,1563,0,5379846
CONCOR-I.NFO,07/01/2020,09:34:03,569.25,569.15,1563,569.5,1563,0,5379846
CONCOR-I.NFO,07/01/2020,09:34:08,569.1,569,3126,569.5,1563,1563,5379846
CONCOR-I.NFO,07/01/2020,09:34:14,569.1,569.25,1563,569.5,1563,0,5379846
CONCOR-I.NFO,07/01/2020,09:34:23,569.25,569,3126,569.45,1563,1563,5379846
CONCOR-I.NFO,07/01/2020,09:34:39,569,569,3126,569.45,1563,1563,5379846
CONCOR-I.NFO,07/01/2020,09:34:44,569,569,3126,569.45,1563,0,5379846
CONCOR-I.NFO,07/01/2020,09:34:53,569,568.9,1563,569.45,1563,3126,5379846
CONCOR-I.NFO,07/01/2020,09:34:59,569,568.9,1563,569.45,1563,0,5379846
CONCOR-I.NFO,07/01/2020,09:35:09,569,569,1563,569.7,1563,0,5379846
CONCOR-I.NFO,07/01/2020,09:35:14,569,569.05,1563,569.7,1563,0,5379846
CONCOR-I.NFO,07/01/2020,09:35:23,569,569.05,1563,569.6,3126,0,5379846
CONCOR-I.NFO,07/01/2020,09:35:29,569.05,569,1563,569.5,1563,1563,5378283
CONCOR-I.NFO,07/01/2020,09:35:34,569.05,569,1563,569.4,1563,0,5378283
CONCOR-I.NFO,07/01/2020,09:35:41,569.05,569,1563,569.6,3126,0,5378283
CONCOR-I.NFO,07/01/2020,09:35:48,569,568.8,1563,569.4,3126,3126,5378283
CONCOR-I.NFO,07/01/2020,09:35:55,569,568.8,1563,569.45,3126,0,5378283
CONCOR-I.NFO,07/01/2020,09:36:01,569,568.8,1563,569.35,1563,0,5378283
CONCOR-I.NFO,07/01/2020,09:36:07,569,568.85,1563,569.35,1563,0,5378283
CONCOR-I.NFO,07/01/2020,09:36:19,569,568.8,1563,569.35,3126,1563,5378283
CONCOR-I.NFO,07/01/2020,09:36:25,569,568.8,1563,569.35,1563,0,5378283
CONCOR-I.NFO,07/01/2020,09:36:30,569,568.85,1563,569.35,1563,0,5378283
CONCOR-I.NFO,07/01/2020,09:36:45,569,568.85,1563,569.3,1563,0,5378283
CONCOR-I.NFO,07/01/2020,09:36:49,569,568.85,1563,569.2,1563,0,5378283
CONCOR-I.NFO,07/01/2020,09:36:55,569,568.9,1563,569.3,1563,0,5378283
CONCOR-I.NFO,07/01/2020,09:37:00,569,568.9,1563,569.2,1563,0,5378283
CONCOR-I.NFO,07/01/2020,09:37:05,568.9,568.8,1563,569.35,1563,1563,5378283
CONCOR-I.NFO,07/01/2020,09:37:10,568.9,568.85,1563,569.65,1563,0,5378283
CONCOR-I.NFO,07/01/2020,09:37:14,568.9,568.85,1563,569.6,1563,0,5378283
CONCOR-I.NFO,07/01/2020,09:37:19,568.9,568.9,1563,569.5,1563,0,5378283
CONCOR-I.NFO,07/01/2020,09:37:24,568.9,568.85,1563,569.4,1563,0,5378283
CONCOR-I.NFO,07/01/2020,09:37:34,568.9,568.8,1563,569.25,1563,0,5378283
CONCOR-I.NFO,07/01/2020,09:37:45,568.9,568.8,1563,569.15,1563,0,5378283
CONCOR-I.NFO,07/01/2020,09:37:50,568.8,568.5,7815,569.05,1563,1563,5378283
CONCOR-I.NFO,07/01/2020,09:37:54,568.8,568.5,7815,569.05,1563,0,5378283
CONCOR-I.NFO,07/01/2020,09:37:58,568.8,568.5,7815,568.9,1563,0,5378283
CONCOR-I.NFO,07/01/2020,09:38:07,568.8,568.5,7815,568.8,1563,0,5378283
CONCOR-I.NFO,07/01/2020,09:38:12,568.8,568.5,7815,568.9,1563,0,5378283
CONCOR-I.NFO,07/01/2020,09:38:17,568.5,568.5,6252,568.9,1563,1563,5378283
CONCOR-I.NFO,07/01/2020,09:38:22,568.5,568.5,6252,568.8,1563,0,5378283
CONCOR-I.NFO,07/01/2020,09:38:27,568.5,568.5,6252,568.9,1563,0,5378283
CONCOR-I.NFO,07/01/2020,09:38:31,568.5,568.5,6252,568.85,1563,0,5378283
CONCOR-I.NFO,07/01/2020,09:38:36,568.5,568.5,6252,568.75,1563,0,5378283
CONCOR-I.NFO,07/01/2020,09:38:40,568.5,568.5,6252,568.9,1563,0,5378283
CONCOR-I.NFO,07/01/2020,09:38:50,568.4,568.05,1563,568.6,3126,7815,5378283
CONCOR-I.NFO,07/01/2020,09:38:55,568.4,568.05,1563,568.6,3126,0,5378283
CONCOR-I.NFO,07/01/2020,09:38:59,568.4,568.05,1563,568.5,1563,0,5378283
CONCOR-I.NFO,07/01/2020,09:39:13,568.4,568.05,1563,568.4,3126,0,5378283
CONCOR-I.NFO,07/01/2020,09:39:19,568.4,568.15,1563,568.85,1563,1563,5378283
CONCOR-I.NFO,07/01/2020,09:39:24,568,567.9,1563,568.55,1563,7815,5378283
CONCOR-I.NFO,07/01/2020,09:39:30,568,568,1563,568.75,1563,0,5378283
CONCOR-I.NFO,07/01/2020,09:39:35,568,568,1563,568.85,4689,0,5378283
CONCOR-I.NFO,07/01/2020,09:39:40,568,568,1563,568.7,1563,0,5378283
CONCOR-I.NFO,07/01/2020,09:39:45,568,568,1563,568.6,1563,0,5378283
CONCOR-I.NFO,07/01/2020,09:39:50,568,568,1563,568.7,1563,0,5378283
CONCOR-I.NFO,07/01/2020,09:39:54,568,568,1563,568.75,3126,0,5378283
CONCOR-I.NFO,07/01/2020,09:39:58,568,568,1563,568.55,1563,0,5378283
CONCOR-I.NFO,07/01/2020,09:40:03,568,568.05,1563,568.65,1563,9378,5378283
CONCOR-I.NFO,07/01/2020,09:40:09,568,568.05,1563,568.85,3126,0,5378283
CONCOR-I.NFO,07/01/2020,09:40:14,568,568.15,1563,568.75,1563,0,5378283
CONCOR-I.NFO,07/01/2020,09:40:21,568,568.15,1563,568.85,3126,0,5378283
CONCOR-I.NFO,07/01/2020,09:40:26,568,568.15,1563,568.75,3126,0,5378283
CONCOR-I.NFO,07/01/2020,09:40:31,568,568.15,1563,568.8,1563,0,5378283
CONCOR-I.NFO,07/01/2020,09:40:41,568,568.1,1563,568.75,1563,0,5378283
CONCOR-I.NFO,07/01/2020,09:40:46,568,568.15,1563,568.75,1563,0,5378283
CONCOR-I.NFO,07/01/2020,09:40:55,568,568.15,1563,568.65,1563,0,5378283
CONCOR-I.NFO,07/01/2020,09:41:00,568.75,568.15,1563,568.75,1563,1563,5378283
CONCOR-I.NFO,07/01/2020,09:41:06,568.6,568.35,1563,568.8,1563,1563,5378283
CONCOR-I.NFO,07/01/2020,09:41:11,568.6,568.35,1563,568.85,1563,0,5378283
CONCOR-I.NFO,07/01/2020,09:41:44,568.75,568.5,1563,569,3126,4689,5381409
CONCOR-I.NFO,07/01/2020,09:41:49,568.75,568.45,1563,568.9,1563,0,5381409
CONCOR-I.NFO,07/01/2020,09:41:55,568.75,568.45,1563,568.95,1563,0,5381409
CONCOR-I.NFO,07/01/2020,09:42:01,568.75,568.4,1563,568.9,3126,0,5381409
CONCOR-I.NFO,07/01/2020,09:42:08,568.75,568.4,1563,568.8,3126,0,5381409
CONCOR-I.NFO,07/01/2020,09:42:15,568.75,568.4,1563,568.8,1563,0,5381409
CONCOR-I.NFO,07/01/2020,09:42:21,568.4,568.3,1563,568.7,3126,1563,5381409
CONCOR-I.NFO,07/01/2020,09:42:28,568.4,568.3,1563,568.7,1563,0,5381409
CONCOR-I.NFO,07/01/2020,09:42:35,568.4,568.3,1563,568.6,3126,0,5381409
CONCOR-I.NFO,07/01/2020,09:42:43,568.4,568.3,1563,568.6,1563,0,5381409
CONCOR-I.NFO,07/01/2020,09:42:49,568.4,568.3,1563,568.5,3126,0,5381409
CONCOR-I.NFO,07/01/2020,09:42:54,568.4,568.3,1563,568.5,1563,0,5381409
CONCOR-I.NFO,07/01/2020,09:43:00,568.3,567.75,1563,568.3,3126,1563,5381409
CONCOR-I.NFO,07/01/2020,09:43:06,568.3,567.65,1563,568.2,3126,0,5381409
CONCOR-I.NFO,07/01/2020,09:43:12,568.3,567.6,4689,568.05,3126,0,5381409
CONCOR-I.NFO,07/01/2020,09:43:18,568.3,567.6,4689,568.05,1563,0,5381409
CONCOR-I.NFO,07/01/2020,09:43:28,568.3,567.6,3126,567.95,3126,0,5381409
CONCOR-I.NFO,07/01/2020,09:43:33,568.3,567.6,1563,567.95,1563,0,5381409
CONCOR-I.NFO,07/01/2020,09:43:37,567.8,567.65,1563,568.25,1563,3126,5381409
CONCOR-I.NFO,07/01/2020,09:43:42,567.8,567.35,1563,568,1563,0,5381409
CONCOR-I.NFO,07/01/2020,09:43:47,567.8,567.35,1563,568.05,1563,0,5381409
CONCOR-I.NFO,07/01/2020,09:43:52,567.8,567.4,1563,567.95,1563,0,5381409
CONCOR-I.NFO,07/01/2020,09:43:57,567.8,567.45,1563,568.3,4689,0,5381409
CONCOR-I.NFO,07/01/2020,09:44:02,567.8,567.4,1563,568.3,4689,0,5381409
CONCOR-I.NFO,07/01/2020,09:44:08,567.8,567.5,1563,568.3,4689,0,5381409
CONCOR-I.NFO,07/01/2020,09:44:14,567.8,567.65,1563,568.15,1563,0,5381409
CONCOR-I.NFO,07/01/2020,09:44:24,567.8,567.65,1563,568.05,1563,0,5381409
CONCOR-I.NFO,07/01/2020,09:44:29,567.8,567.25,1563,567.95,1563,0,5381409
CONCOR-I.NFO,07/01/2020,09:44:40,567.8,567.25,1563,567.8,1563,0,5381409
CONCOR-I.NFO,07/01/2020,09:44:46,567.8,567.2,1563,567.7,1563,0,5381409
CONCOR-I.NFO,07/01/2020,09:44:52,567,566.4,1563,567,9378,48453,5379846
CONCOR-I.NFO,07/01/2020,09:44:57,567,566.6,1563,567,7815,4689,5379846
CONCOR-I.NFO,07/01/2020,09:45:02,567,566.4,1563,566.9,1563,0,5379846
CONCOR-I.NFO,07/01/2020,09:45:08,566.5,566.45,1563,566.95,1563,1563,5379846
CONCOR-I.NFO,07/01/2020,09:45:15,566.5,566.45,1563,566.95,1563,0,5379846
CONCOR-I.NFO,07/01/2020,09:45:36,566.45,566.05,3126,566.9,3126,1563,5379846
CONCOR-I.NFO,07/01/2020,09:45:41,566.45,566.3,1563,566.8,1563,0,5379846
CONCOR-I.NFO,07/01/2020,09:45:45,566.45,566.35,1563,566.9,1563,0,5379846
CONCOR-I.NFO,07/01/2020,09:45:50,566.45,566.45,1563,566.95,1563,0,5379846
CONCOR-I.NFO,07/01/2020,09:45:55,566.45,566.5,1563,566.95,1563,0,5379846
CONCOR-I.NFO,07/01/2020,09:46:03,566.45,566.1,1563,566.9,3126,0,5379846
CONCOR-I.NFO,07/01/2020,09:46:08,566.45,566.3,1563,566.8,1563,0,5379846
CONCOR-I.NFO,07/01/2020,09:46:13,566.45,566.2,3126,566.9,1563,0,5379846
CONCOR-I.NFO,07/01/2020,09:46:18,566.45,566.1,3126,566.9,1563,0,5379846
CONCOR-I.NFO,07/01/2020,09:46:23,566.45,566.05,3126,566.45,1563,0,5379846
CONCOR-I.NFO,07/01/2020,09:46:34,566.45,566.35,1563,566.9,1563,3126,5379846
CONCOR-I.NFO,07/01/2020,09:46:39,566.45,566.35,1563,566.9,1563,0,5379846
CONCOR-I.NFO,07/01/2020,09:46:45,566.45,566.3,1563,566.9,1563,0,5379846
CONCOR-I.NFO,07/01/2020,09:46:50,566.45,566.4,1563,566.9,1563,0,5379846
CONCOR-I.NFO,07/01/2020,09:46:58,566.9,566.45,3126,567,7815,1563,5379846
CONCOR-I.NFO,07/01/2020,09:47:02,566.9,566.45,3126,567,7815,0,5379846
CONCOR-I.NFO,07/01/2020,09:47:07,566.9,566.55,1563,567,7815,0,5379846
CONCOR-I.NFO,07/01/2020,09:47:11,566.9,566.5,1563,567,7815,0,5379846
CONCOR-I.NFO,07/01/2020,09:47:16,566.9,566.45,1563,567,7815,0,5379846
CONCOR-I.NFO,07/01/2020,09:47:21,566.9,566.5,1563,566.95,1563,0,5379846
CONCOR-I.NFO,07/01/2020,09:47:25,566.45,566.4,3126,566.45,4689,3126,5382972
CONCOR-I.NFO,07/01/2020,09:47:29,566.45,566.4,3126,566.9,1563,4689,5382972
CONCOR-I.NFO,07/01/2020,09:47:33,566.45,566.4,3126,566.9,1563,0,5382972
CONCOR-I.NFO,07/01/2020,09:47:37,566.45,566.5,1563,566.85,3126,0,5382972
CONCOR-I.NFO,07/01/2020,09:47:42,566.45,566.5,1563,567,7815,0,5382972
CONCOR-I.NFO,07/01/2020,09:47:47,566.5,566.45,1563,567,7815,1563,5382972
CONCOR-I.NFO,07/01/2020,09:47:52,566.5,566.45,1563,567,7815,0,5382972
CONCOR-I.NFO,07/01/2020,09:48:39,566.5,566.4,1563,566.85,1563,0,5382972
CONCOR-I.NFO,07/01/2020,09:48:44,566.5,566.4,1563,566.8,1563,0,5382972
CONCOR-I.NFO,07/01/2020,09:49:04,566.5,566.5,1563,566.95,1563,0,5382972
CONCOR-I.NFO,07/01/2020,09:49:20,566.5,566.55,1563,567,7815,0,5382972
CONCOR-I.NFO,07/01/2020,09:49:24,567,566.55,1563,567,6252,1563,5382972
CONCOR-I.NFO,07/01/2020,09:49:30,567,566.5,3126,567,6252,0,5382972
CONCOR-I.NFO,07/01/2020,09:49:41,567,566.5,3126,566.95,1563,0,5382972
CONCOR-I.NFO,07/01/2020,09:49:53,567,566.55,1563,567,6252,0,5382972
CONCOR-I.NFO,07/01/2020,09:50:14,567,566.6,1563,567,6252,0,5382972
CONCOR-I.NFO,07/01/2020,09:50:22,567,566.7,1563,567,6252,0,5382972
CONCOR-I.NFO,07/01/2020,09:50:25,567,566.7,1563,567.3,1563,6252,5376720
CONCOR-I.NFO,07/01/2020,09:50:28,567,566.7,1563,567.3,1563,0,5376720
CONCOR-I.NFO,07/01/2020,09:50:39,567,566.7,1563,567.25,1563,0,5376720
CONCOR-I.NFO,07/01/2020,09:50:54,567,566.55,1563,567.15,1563,0,5376720
CONCOR-I.NFO,07/01/2020,09:51:25,567,566.5,3126,567.15,1563,0,5376720
CONCOR-I.NFO,07/01/2020,09:51:38,567,566.7,1563,567.2,1563,0,5376720
CONCOR-I.NFO,07/01/2020,09:51:42,567,566.75,1563,567.2,1563,0,5376720
CONCOR-I.NFO,07/01/2020,09:51:58,567,566.75,1563,567.15,1563,0,5376720
CONCOR-I.NFO,07/01/2020,09:52:23,567,566.75,1563,567.2,1563,0,5376720
CONCOR-I.NFO,07/01/2020,09:52:33,567,566.75,1563,567.15,1563,0,5376720
CONCOR-I.NFO,07/01/2020,09:53:59,566.75,566.5,4689,566.95,1563,1563,5372031
CONCOR-I.NFO,07/01/2020,09:54:04,566.75,566.5,4689,566.95,1563,0,5372031
CONCOR-I.NFO,07/01/2020,09:54:09,566.4,566.25,1563,566.95,3126,6252,5372031
CONCOR-I.NFO,07/01/2020,09:54:14,566.4,566.25,1563,566.95,3126,0,5372031
CONCOR-I.NFO,07/01/2020,09:54:18,566.4,566.3,1563,566.95,1563,0,5372031
CONCOR-I.NFO,07/01/2020,09:54:33,566.4,566.35,1563,566.95,1563,0,5372031
CONCOR-I.NFO,07/01/2020,09:54:42,566.4,566.4,1563,566.95,1563,0,5372031
CONCOR-I.NFO,07/01/2020,09:54:46,566.4,566.3,1563,566.9,1563,0,5372031
CONCOR-I.NFO,07/01/2020,09:54:54,566.35,566.3,1563,566.95,1563,1563,5372031
CONCOR-I.NFO,07/01/2020,09:54:58,566.35,566.3,1563,566.95,1563,0,5372031
CONCOR-I.NFO,07/01/2020,09:55:08,566.35,566.3,1563,567,1563,0,5372031
CONCOR-I.NFO,07/01/2020,09:55:13,566.35,566.35,1563,567,1563,0,5372031
CONCOR-I.NFO,07/01/2020,09:55:17,566.35,566.4,1563,567,1563,0,5372031
CONCOR-I.NFO,07/01/2020,09:55:39,566.35,566.5,1563,567,1563,0,5372031
CONCOR-I.NFO,07/01/2020,09:55:52,566.35,566.5,1563,566.95,1563,0,5372031
CONCOR-I.NFO,07/01/2020,09:55:55,566.35,566.35,1563,566.9,3126,0,5372031
CONCOR-I.NFO,07/01/2020,09:56:02,566.35,566.3,1563,566.8,1563,0,5372031
CONCOR-I.NFO,07/01/2020,09:56:12,566.35,566.25,1563,566.8,1563,0,5372031
CONCOR-I.NFO,07/01/2020,09:56:17,566.35,566.25,1563,566.7,1563,0,5372031
CONCOR-I.NFO,07/01/2020,09:56:27,566.25,565.85,1563,566.6,3126,1563,5361090
CONCOR-I.NFO,07/01/2020,09:56:31,566.25,565.85,1563,566.6,1563,0,5361090
CONCOR-I.NFO,07/01/2020,09:56:53,565.05,565.15,1563,565.95,1563,9378,5361090
CONCOR-I.NFO,07/01/2020,09:56:57,565.05,565.25,1563,565.9,1563,0,5361090
CONCOR-I.NFO,07/01/2020,09:57:15,565,564.75,1563,565.5,1563,4689,5361090
CONCOR-I.NFO,07/01/2020,09:57:19,565.55,564.9,1563,565.65,1563,1563,5361090
CONCOR-I.NFO,07/01/2020,09:57:23,565.55,564.9,1563,565.65,1563,0,5361090
CONCOR-I.NFO,07/01/2020,09:57:27,565.55,565,1563,565.9,1563,0,5361090
CONCOR-I.NFO,07/01/2020,09:57:38,565.55,565,1563,565.75,1563,0,5361090
CONCOR-I.NFO,07/01/2020,09:57:46,565.55,565,1563,565.9,1563,0,5361090
CONCOR-I.NFO,07/01/2020,09:57:53,565.55,565,1563,565.75,1563,0,5361090
CONCOR-I.NFO,07/01/2020,09:58:02,565.55,564.75,1563,565.5,1563,0,5361090
CONCOR-I.NFO,07/01/2020,09:58:10,564.4,564.3,1563,564.95,1563,7815,5361090
CONCOR-I.NFO,07/01/2020,09:58:10,564.3,564.3,1563,564.95,1563,0,5361090
CONCOR-I.NFO,07/01/2020,09:58:14,564.4,564.3,1563,564.95,1563,0,5361090
CONCOR-I.NFO,07/01/2020,09:58:16,564.4,564.4,1563,564.95,1563,0,5361090
CONCOR-I.NFO,07/01/2020,09:58:27,564.4,564.25,1563,564.8,1563,1563,5361090
CONCOR-I.NFO,07/01/2020,09:58:31,564.25,564,1563,564.8,1563,1563,5361090
CONCOR-I.NFO,07/01/2020,09:58:31,564.25,564,1563,564.8,1563,0,5361090
CONCOR-I.NFO,07/01/2020,09:58:32,564.25,564,1563,564.8,1563,0,5361090
CONCOR-I.NFO,07/01/2020,09:58:34,564.25,563.9,1563,564.8,1563,0,5361090
CONCOR-I.NFO,07/01/2020,09:58:36,564.25,563.9,1563,564.7,1563,0,5361090
CONCOR-I.NFO,07/01/2020,09:58:40,563.9,563.9,1563,564.6,1563,4689,5361090
CONCOR-I.NFO,07/01/2020,09:58:40,563.85,563.9,1563,564.6,1563,0,5361090
CONCOR-I.NFO,07/01/2020,09:58:41,563.9,563.9,1563,564.6,1563,0,5361090
CONCOR-I.NFO,07/01/2020,09:58:43,563.9,563.9,1563,564.55,1563,0,5361090
CONCOR-I.NFO,07/01/2020,09:58:44,563.9,563.9,1563,564.6,1563,0,5361090
CONCOR-I.NFO,07/01/2020,09:58:48,564,563.9,1563,564.5,1563,1563,5361090
CONCOR-I.NFO,07/01/2020,09:58:49,564,563.9,1563,564.5,1563,0,5361090
CONCOR-I.NFO,07/01/2020,09:58:53,564.5,563.9,1563,564.6,1563,1563,5361090
CONCOR-I.NFO,07/01/2020,09:58:58,564.5,563.9,1563,564.65,1563,0,5361090
CONCOR-I.NFO,07/01/2020,09:58:59,563.9,563.8,1563,564.5,1563,1563,5361090
CONCOR-I.NFO,07/01/2020,09:59:01,563.9,563.8,1563,564.5,1563,0,5361090
CONCOR-I.NFO,07/01/2020,09:59:09,563.9,563.8,1563,564.7,1563,0,5361090
CONCOR-I.NFO,07/01/2020,09:59:10,563.9,563.8,1563,564.5,1563,0,5361090
CONCOR-I.NFO,07/01/2020,09:59:10,563.9,563.8,1563,564.7,1563,0,5361090
CONCOR-I.NFO,07/01/2020,09:59:14,564.35,563.8,1563,564.7,1563,1563,5361090
CONCOR-I.NFO,07/01/2020,09:59:18,563.8,563.5,1563,564.15,1563,1563,5361090
CONCOR-I.NFO,07/01/2020,09:59:18,563.8,563.5,1563,564.15,1563,0,5361090
CONCOR-I.NFO,07/01/2020,09:59:23,563.8,563.5,1563,564.15,1563,0,5361090
CONCOR-I.NFO,07/01/2020,09:59:27,563.5,563.3,1563,564.1,1563,1563,5364216
CONCOR-I.NFO,07/01/2020,09:59:27,563.5,563.3,1563,564.1,1563,0,5364216
CONCOR-I.NFO,07/01/2020,09:59:32,563.5,563.3,1563,564.2,1563,0,5364216
CONCOR-I.NFO,07/01/2020,09:59:37,563.5,563.35,1563,564.2,1563,0,5364216
CONCOR-I.NFO,07/01/2020,09:59:50,563.5,563.5,1563,564.2,1563,0,5364216
CONCOR-I.NFO,07/01/2020,09:59:54,563.5,563.5,1563,564.3,1563,0,5364216
CONCOR-I.NFO,07/01/2020,10:00:03,564.2,563.6,1563,564.4,1563,1563,5364216
CONCOR-I.NFO,07/01/2020,10:00:08,564.2,563.6,1563,564.4,1563,0,5364216
CONCOR-I.NFO,07/01/2020,10:00:12,564.2,563.6,1563,564.3,1563,0,5364216
CONCOR-I.NFO,07/01/2020,10:00:17,564.3,563.7,1563,564.4,1563,1563,5364216
CONCOR-I.NFO,07/01/2020,10:00:22,564.3,563.6,1563,564,1563,0,5364216
CONCOR-I.NFO,07/01/2020,10:00:27,564.3,563.6,1563,564,3126,0,5364216
CONCOR-I.NFO,07/01/2020,10:00:52,564.3,563.6,1563,563.9,1563,0,5364216
CONCOR-I.NFO,07/01/2020,10:00:58,562.85,562.2,1563,562.95,1563,14067,5364216
CONCOR-I.NFO,07/01/2020,10:00:58,562.4,562.2,1563,562.95,1563,0,5364216
CONCOR-I.NFO,07/01/2020,10:01:03,562.85,561.75,1563,562.65,1563,0,5364216
CONCOR-I.NFO,07/01/2020,10:01:09,562.5,562.25,1563,563.35,1563,4689,5364216
CONCOR-I.NFO,07/01/2020,10:01:09,562.25,562.25,1563,563.35,1563,0,5364216
CONCOR-I.NFO,07/01/2020,10:01:12,562.5,561.95,3126,563.15,1563,0,5364216
CONCOR-I.NFO,07/01/2020,10:01:12,562.5,561.85,3126,563.15,1563,0,5364216
CONCOR-I.NFO,07/01/2020,10:01:14,562.5,561.85,1563,563.45,1563,0,5364216
CONCOR-I.NFO,07/01/2020,10:01:15,562.5,561.85,3126,563.3,1563,0,5364216
CONCOR-I.NFO,07/01/2020,10:01:16,562.5,561.9,1563,563.25,1563,0,5364216
CONCOR-I.NFO,07/01/2020,10:01:17,563.15,561.95,3126,563.2,1563,1563,5364216
CONCOR-I.NFO,07/01/2020,10:01:18,563.15,561.9,3126,563.2,1563,0,5364216
CONCOR-I.NFO,07/01/2020,10:01:19,563.15,561.85,4689,563.2,1563,0,5364216
CONCOR-I.NFO,07/01/2020,10:01:20,563.15,562.25,1563,563.65,1563,0,5364216
CONCOR-I.NFO,07/01/2020,10:01:22,563.15,562.2,1563,563.55,1563,0,5364216
CONCOR-I.NFO,07/01/2020,10:01:23,563.15,562.1,1563,563.55,1563,0,5364216
CONCOR-I.NFO,07/01/2020,10:01:24,563.15,562.3,1563,563.55,1563,0,5364216
CONCOR-I.NFO,07/01/2020,10:01:26,563.15,561.95,1563,563.55,1563,0,5364216
CONCOR-I.NFO,07/01/2020,10:01:28,563.15,562.1,1563,563.55,1563,0,5364216
CONCOR-I.NFO,07/01/2020,10:01:30,563.15,562.15,3126,563.55,1563,0,5364216
CONCOR-I.NFO,07/01/2020,10:01:31,563.15,562.35,3126,563.55,1563,0,5364216
CONCOR-I.NFO,07/01/2020,10:01:36,563.15,562.3,1563,563.55,1563,0,5364216
CONCOR-I.NFO,07/01/2020,10:01:37,563.15,562.55,1563,563.55,1563,0,5364216
CONCOR-I.NFO,07/01/2020,10:01:39,563.15,562.5,3126,563.75,3126,0,5364216
CONCOR-I.NFO,07/01/2020,10:01:40,563.15,562.5,1563,563.65,1563,0,5364216
CONCOR-I.NFO,07/01/2020,10:01:44,563.15,562.6,1563,563.75,3126,0,5364216
CONCOR-I.NFO,07/01/2020,10:01:47,563.15,562.5,1563,563.65,1563,0,5364216
CONCOR-I.NFO,07/01/2020,10:01:49,563.15,562.6,3126,563.75,3126,0,5364216
CONCOR-I.NFO,07/01/2020,10:01:50,563.15,562.5,1563,563.65,1563,0,5364216
CONCOR-I.NFO,07/01/2020,10:01:52,563.15,562.6,1563,563.75,3126,0,5364216
CONCOR-I.NFO,07/01/2020,10:01:53,563.15,562.55,1563,563.55,1563,0,5364216
CONCOR-I.NFO,07/01/2020,10:01:58,563.15,562.5,3126,563.45,1563,0,5364216
CONCOR-I.NFO,07/01/2020,10:02:00,563.15,562.55,1563,563.35,1563,0,5364216
CONCOR-I.NFO,07/01/2020,10:02:11,563.15,562.6,1563,563.65,3126,0,5364216
CONCOR-I.NFO,07/01/2020,10:02:12,563.15,562.65,1563,563.55,1563,0,5364216
CONCOR-I.NFO,07/01/2020,10:02:28,563.15,562.75,1563,563.4,1563,0,5364216
CONCOR-I.NFO,07/01/2020,10:02:33,563.15,562.75,1563,563.6,1563,0,5364216
CONCOR-I.NFO,07/01/2020,10:02:45,563.15,562.75,1563,563.55,1563,0,5364216
CONCOR-I.NFO,07/01/2020,10:02:53,563.15,562.85,1563,563.6,1563,0,5364216
CONCOR-I.NFO,07/01/2020,10:02:59,563.15,563.05,1563,563.7,1563,0,5364216
CONCOR-I.NFO,07/01/2020,10:03:08,563.7,561.95,1563,563.85,3126,1563,5373594
CONCOR-I.NFO,07/01/2020,10:03:09,563.7,562.35,1563,563.85,3126,0,5373594
CONCOR-I.NFO,07/01/2020,10:03:27,563.7,562.35,3126,563.85,3126,0,5373594
CONCOR-I.NFO,07/01/2020,10:03:37,563.7,562.35,1563,563.65,1563,0,5373594
CONCOR-I.NFO,07/01/2020,10:03:42,563.7,563,1563,563.75,1563,0,5373594
CONCOR-I.NFO,07/01/2020,10:03:47,563.7,563,1563,563.6,1563,0,5373594
CONCOR-I.NFO,07/01/2020,10:03:56,563.6,563,1563,563.75,1563,1563,5373594
CONCOR-I.NFO,07/01/2020,10:04:05,563.6,563.05,1563,563.75,1563,0,5373594
CONCOR-I.NFO,07/01/2020,10:04:19,563.75,563.3,1563,564,1563,3126,5373594
CONCOR-I.NFO,07/01/2020,10:04:23,563.75,563.3,1563,564,1563,0,5373594
CONCOR-I.NFO,07/01/2020,10:04:32,564,563.4,3126,564.65,3126,1563,5373594
CONCOR-I.NFO,07/01/2020,10:04:37,564,563.4,3126,564.65,3126,0,5373594
CONCOR-I.NFO,07/01/2020,10:04:45,564,563.35,3126,564.65,3126,0,5373594
CONCOR-I.NFO,07/01/2020,10:04:53,564.5,563.35,3126,564.6,1563,6252,5373594
CONCOR-I.NFO,07/01/2020,10:04:57,564.6,563.35,3126,564.65,3126,1563,5373594
CONCOR-I.NFO,07/01/2020,10:05:01,564.6,564,1563,564.65,3126,0,5373594
CONCOR-I.NFO,07/01/2020,10:05:09,564,563.3,6252,564.65,3126,1563,5373594
CONCOR-I.NFO,07/01/2020,10:05:13,564,563.65,1563,564.65,3126,0,5373594
CONCOR-I.NFO,07/01/2020,10:05:16,564,563.4,1563,564.65,3126,0,5373594
CONCOR-I.NFO,07/01/2020,10:05:20,564,563.35,1563,564.65,3126,0,5373594
CONCOR-I.NFO,07/01/2020,10:05:23,564,563.5,1563,564.65,3126,0,5373594
CONCOR-I.NFO,07/01/2020,10:05:29,564,563.55,1563,564.55,1563,0,5373594
CONCOR-I.NFO,07/01/2020,10:05:35,564,563.45,1563,564.45,1563,0,5373594
CONCOR-I.NFO,07/01/2020,10:05:42,564,563.45,1563,564.5,1563,0,5373594
CONCOR-I.NFO,07/01/2020,10:05:53,564,563.5,1563,564.5,1563,0,5373594
CONCOR-I.NFO,07/01/2020,10:05:58,563.5,563.35,1563,564.35,1563,1563,5376720
CONCOR-I.NFO,07/01/2020,10:06:03,563.5,563.45,1563,564.3,1563,0,5376720
CONCOR-I.NFO,07/01/2020,10:06:08,563.5,563.35,1563,564,1563,0,5376720
CONCOR-I.NFO,07/01/2020,10:06:12,563.5,563.35,1563,563.95,1563,0,5376720
CONCOR-I.NFO,07/01/2020,10:06:20,563.5,563.35,1563,564,1563,0,5376720
CONCOR-I.NFO,07/01/2020,10:06:36,563.5,563.4,1563,564,1563,0,5376720
CONCOR-I.NFO,07/01/2020,10:06:41,563.5,563.45,1563,564,1563,0,5376720
CONCOR-I.NFO,07/01/2020,10:06:46,563.5,563.35,1563,563.95,1563,0,5376720
CONCOR-I.NFO,07/01/2020,10:06:51,563.5,563.35,1563,563.85,1563,0,5376720
CONCOR-I.NFO,07/01/2020,10:07:01,563.5,563.35,1563,564,1563,0,5376720
CONCOR-I.NFO,07/01/2020,10:07:07,563.5,563.35,1563,563.95,1563,0,5376720
CONCOR-I.NFO,07/01/2020,10:07:12,563.5,563.35,1563,563.9,1563,0,5376720
CONCOR-I.NFO,07/01/2020,10:07:22,563.95,563.35,1563,564.1,1563,1563,5376720
CONCOR-I.NFO,07/01/2020,10:07:27,563.95,563.35,1563,563.95,1563,0,5376720
CONCOR-I.NFO,07/01/2020,10:07:32,563.95,563.35,1563,563.8,1563,0,5376720
CONCOR-I.NFO,07/01/2020,10:07:38,563.95,563.35,1563,563.85,1563,0,5376720
CONCOR-I.NFO,07/01/2020,10:07:42,563.95,563.35,1563,563.8,1563,0,5376720
CONCOR-I.NFO,07/01/2020,10:07:53,563.95,563.4,1563,564.1,1563,0,5376720
CONCOR-I.NFO,07/01/2020,10:07:58,563.95,563.35,1563,563.95,1563,0,5376720
CONCOR-I.NFO,07/01/2020,10:08:03,563.95,563.35,1563,563.9,1563,0,5376720
CONCOR-I.NFO,07/01/2020,10:08:12,563.35,563.2,1563,563.9,1563,1563,5376720
CONCOR-I.NFO,07/01/2020,10:08:17,563.35,563.2,1563,563.85,1563,0,5376720
CONCOR-I.NFO,07/01/2020,10:08:31,563.35,563.25,1563,564.1,1563,0,5376720
CONCOR-I.NFO,07/01/2020,10:08:36,563.25,563.2,1563,563.9,1563,1563,5375157
CONCOR-I.NFO,07/01/2020,10:08:41,563.25,563.2,1563,564.1,1563,3126,5375157
CONCOR-I.NFO,07/01/2020,10:08:46,563.25,563.2,1563,564,1563,0,5375157
CONCOR-I.NFO,07/01/2020,10:08:50,563.25,563.3,1563,564.1,1563,0,5375157
CONCOR-I.NFO,07/01/2020,10:08:54,563.25,563.5,1563,564.1,1563,0,5375157
CONCOR-I.NFO,07/01/2020,10:09:12,563.25,563.25,1563,564,1563,0,5375157
CONCOR-I.NFO,07/01/2020,10:09:15,563.25,563.3,1563,564,1563,0,5375157
CONCOR-I.NFO,07/01/2020,10:09:20,563.25,563.3,1563,564.05,1563,0,5375157
CONCOR-I.NFO,07/01/2020,10:09:25,563.25,563.25,1563,564.05,1563,0,5375157
CONCOR-I.NFO,07/01/2020,10:09:30,563.25,563.25,1563,563.95,1563,0,5375157
CONCOR-I.NFO,07/01/2020,10:09:34,563.25,563.25,1563,563.85,1563,0,5375157
CONCOR-I.NFO,07/01/2020,10:09:43,563.75,563.25,1563,563.8,1563,1563,5375157
CONCOR-I.NFO,07/01/2020,10:09:47,563.75,563.25,1563,563.8,1563,0,5375157
CONCOR-I.NFO,07/01/2020,10:10:07,563.75,563.25,1563,563.9,1563,0,5375157
CONCOR-I.NFO,07/01/2020,10:10:22,563.75,563.3,1563,563.85,3126,0,5375157
CONCOR-I.NFO,07/01/2020,10:10:25,563.75,563.35,1563,563.8,1563,0,5375157
CONCOR-I.NFO,07/01/2020,10:10:29,563.75,563.35,1563,563.85,3126,0,5375157
CONCOR-I.NFO,07/01/2020,10:10:38,563.75,563.45,1563,563.85,3126,0,5375157
CONCOR-I.NFO,07/01/2020,10:10:49,563.85,563.35,1563,563.85,1563,1563,5375157
CONCOR-I.NFO,07/01/2020,10:10:52,563.85,563.35,1563,563.85,1563,0,5375157
CONCOR-I.NFO,07/01/2020,10:10:55,563.9,563.4,1563,564.1,1563,4689,5375157
CONCOR-I.NFO,07/01/2020,10:10:59,563.9,563.45,1563,564.1,1563,0,5375157
CONCOR-I.NFO,07/01/2020,10:11:26,563.9,563.4,1563,564,1563,0,5375157
CONCOR-I.NFO,07/01/2020,10:11:37,564,563.45,1563,564.1,1563,1563,5373594
CONCOR-I.NFO,07/01/2020,10:11:41,564.2,563.4,1563,564.65,1563,3126,5373594
CONCOR-I.NFO,07/01/2020,10:11:46,564.2,563.4,1563,564.65,1563,0,5373594
CONCOR-I.NFO,07/01/2020,10:11:58,564.2,563.6,1563,564.65,1563,0,5373594
CONCOR-I.NFO,07/01/2020,10:12:06,564.2,563.4,1563,564.65,1563,0,5373594
CONCOR-I.NFO,07/01/2020,10:12:14,564.2,563.4,1563,564.55,1563,0,5373594
CONCOR-I.NFO,07/01/2020,10:12:59,564.2,563.55,1563,564.5,1563,0,5373594
CONCOR-I.NFO,07/01/2020,10:13:07,564.2,563.55,1563,564.5,3126,0,5373594
CONCOR-I.NFO,07/01/2020,10:13:21,564.2,563.4,1563,564.4,1563,0,5373594
CONCOR-I.NFO,07/01/2020,10:13:25,564.2,563.55,1563,564.35,1563,0,5373594
CONCOR-I.NFO,07/01/2020,10:13:29,564.2,563.55,1563,564.45,1563,0,5373594
CONCOR-I.NFO,07/01/2020,10:13:39,564.35,563.7,1563,564.45,1563,1563,5373594
CONCOR-I.NFO,07/01/2020,10:13:42,564.35,563.7,1563,564.45,1563,0,5373594
CONCOR-I.NFO,07/01/2020,10:13:45,564.35,563.75,1563,564.45,1563,1563,5373594
CONCOR-I.NFO,07/01/2020,10:13:51,564.35,563.75,1563,564.5,1563,0,5373594
CONCOR-I.NFO,07/01/2020,10:13:56,564.45,563.75,1563,564.5,1563,1563,5373594
CONCOR-I.NFO,07/01/2020,10:14:06,564.7,564.1,1563,565.35,1563,3126,5373594
CONCOR-I.NFO,07/01/2020,10:14:11,564.7,564.3,1563,565.25,1563,0,5373594
CONCOR-I.NFO,07/01/2020,10:14:16,564.7,564.05,1563,565.25,1563,0,5373594
CONCOR-I.NFO,07/01/2020,10:14:26,564.7,564,1563,564.7,1563,0,5373594
CONCOR-I.NFO,07/01/2020,10:14:31,564.7,564,3126,564.85,3126,1563,5375157
CONCOR-I.NFO,07/01/2020,10:14:36,564.7,564,3126,564.85,3126,0,5375157
CONCOR-I.NFO,07/01/2020,10:14:41,564.7,564.85,6252,565.35,1563,0,5375157
CONCOR-I.NFO,07/01/2020,10:14:46,565.4,565.5,1563,566,1563,3126,5375157
CONCOR-I.NFO,07/01/2020,10:14:50,566,565.5,1563,566.4,1563,4689,5375157
CONCOR-I.NFO,07/01/2020,10:14:55,566,565.3,1563,566.3,1563,0,5375157
CONCOR-I.NFO,07/01/2020,10:15:00,566,565.2,1563,566.2,1563,0,5375157
CONCOR-I.NFO,07/01/2020,10:15:05,566,565.3,1563,566.4,1563,0,5375157
CONCOR-I.NFO,07/01/2020,10:15:10,566.25,565.2,1563,566,1563,1563,5375157
CONCOR-I.NFO,07/01/2020,10:15:20,566.25,565.2,1563,565.95,1563,0,5375157
CONCOR-I.NFO,07/01/2020,10:15:45,566.25,565.2,1563,566.15,1563,0,5375157
CONCOR-I.NFO,07/01/2020,10:15:50,566.25,565.3,1563,565.85,1563,0,5375157
CONCOR-I.NFO,07/01/2020,10:15:56,565.85,565.35,1563,565.85,1563,1563,5375157
CONCOR-I.NFO,07/01/2020,10:16:01,565.85,565.45,1563,565.85,1563,0,5375157
CONCOR-I.NFO,07/01/2020,10:16:06,565.85,565.35,1563,566.2,1563,0,5375157
CONCOR-I.NFO,07/01/2020,10:16:10,565.85,565.35,1563,566.2,3126,0,5375157
CONCOR-I.NFO,07/01/2020,10:16:21,565.85,565.35,1563,566.05,1563,0,5375157
CONCOR-I.NFO,07/01/2020,10:16:26,565.85,565.35,1563,566,1563,0,5375157
CONCOR-I.NFO,07/01/2020,10:16:30,565.85,565.45,1563,566,1563,0,5375157
CONCOR-I.NFO,07/01/2020,10:16:35,565.85,565.55,1563,566,1563,3126,5375157
CONCOR-I.NFO,07/01/2020,10:16:39,565.85,565.55,1563,566,3126,0,5375157
CONCOR-I.NFO,07/01/2020,10:16:47,565.2,564.8,1563,565.75,1563,3126,5375157
CONCOR-I.NFO,07/01/2020,10:16:52,564.8,564.4,1563,565.4,1563,1563,5375157
CONCOR-I.NFO,07/01/2020,10:16:56,564.05,564,3126,564.4,1563,4689,5375157
CONCOR-I.NFO,07/01/2020,10:17:00,564,563.4,1563,564.25,1563,7815,5375157
CONCOR-I.NFO,07/01/2020,10:17:03,564,563.4,1563,564,1563,0,5375157
CONCOR-I.NFO,07/01/2020,10:17:07,564,563.2,1563,564,3126,0,5375157
CONCOR-I.NFO,07/01/2020,10:17:15,564,563.2,1563,563.85,1563,0,5375157
CONCOR-I.NFO,07/01/2020,10:17:19,564,563.2,1563,563.8,1563,0,5375157
CONCOR-I.NFO,07/01/2020,10:17:23,564,563.25,1563,563.8,1563,0,5375157
CONCOR-I.NFO,07/01/2020,10:17:27,563.25,563.2,1563,563.75,1563,3126,5375157
CONCOR-I.NFO,07/01/2020,10:17:32,563,563,4689,563.45,1563,4689,5389224
CONCOR-I.NFO,07/01/2020,10:17:36,563,563,1563,563.55,1563,3126,5389224
CONCOR-I.NFO,07/01/2020,10:17:40,563,563.05,1563,563.8,1563,0,5389224
CONCOR-I.NFO,07/01/2020,10:17:44,563,563.6,1563,563.8,1563,0,5389224
CONCOR-I.NFO,07/01/2020,10:17:56,563.6,563.2,1563,563.8,1563,1563,5389224
CONCOR-I.NFO,07/01/2020,10:17:59,563.6,563.25,1563,563.8,1563,0,5389224
CONCOR-I.NFO,07/01/2020,10:18:11,563.8,563.2,3126,563.85,3126,1563,5389224
CONCOR-I.NFO,07/01/2020,10:18:15,563.8,563.25,1563,563.85,3126,0,5389224
CONCOR-I.NFO,07/01/2020,10:18:19,563.8,563.5,1563,563.85,3126,0,5389224
CONCOR-I.NFO,07/01/2020,10:18:27,563.85,563.85,1563,564.8,1563,3126,5389224
CONCOR-I.NFO,07/01/2020,10:18:31,563.85,564.05,1563,564.8,1563,0,5389224
CONCOR-I.NFO,07/01/2020,10:18:36,563.85,564,1563,564.8,1563,0,5389224
CONCOR-I.NFO,07/01/2020,10:18:46,564.5,563.8,1563,564.6,3126,1563,5389224
CONCOR-I.NFO,07/01/2020,10:18:51,564.5,563.85,1563,564.8,1563,0,5389224
CONCOR-I.NFO,07/01/2020,10:18:56,564.5,563.95,1563,564.8,1563,0,5389224
CONCOR-I.NFO,07/01/2020,10:19:10,564.5,563.9,1563,564.65,1563,0,5389224
CONCOR-I.NFO,07/01/2020,10:19:14,564.5,563.85,1563,564.6,1563,0,5389224
CONCOR-I.NFO,07/01/2020,10:19:32,564.5,563.85,1563,564.5,1563,0,5389224
CONCOR-I.NFO,07/01/2020,10:19:41,563.85,563.5,1563,564.45,1563,1563,5389224
CONCOR-I.NFO,07/01/2020,10:19:46,563.85,563.3,1563,564.35,1563,0,5389224
CONCOR-I.NFO,07/01/2020,10:19:50,563.85,563.3,1563,564.25,1563,0,5389224
CONCOR-I.NFO,07/01/2020,10:20:00,563.85,563.5,1563,564.35,1563,0,5389224
CONCOR-I.NFO,07/01/2020,10:20:04,563.85,563.4,1563,564.4,1563,0,5389224
CONCOR-I.NFO,07/01/2020,10:20:09,563.85,563.55,1563,564.4,1563,0,5389224
CONCOR-I.NFO,07/01/2020,10:20:13,563.85,563.4,1563,564.6,1563,0,5389224
CONCOR-I.NFO,07/01/2020,10:20:18,563.85,563.6,1563,564.55,1563,0,5389224
CONCOR-I.NFO,07/01/2020,10:20:22,563.85,563.45,1563,564.45,1563,0,5389224
CONCOR-I.NFO,07/01/2020,10:20:50,563.85,563.45,1563,564.4,1563,0,5389224
CONCOR-I.NFO,07/01/2020,10:21:11,563.85,563.45,1563,564.55,1563,0,5389224
CONCOR-I.NFO,07/01/2020,10:21:24,563.85,563.45,1563,564.5,1563,0,5389224
CONCOR-I.NFO,07/01/2020,10:21:43,563.85,563.45,1563,564.45,1563,0,5389224
CONCOR-I.NFO,07/01/2020,10:21:46,563.85,563.7,1563,564.65,1563,0,5389224
CONCOR-I.NFO,07/01/2020,10:21:50,563.85,563.3,1563,564.3,1563,0,5389224
CONCOR-I.NFO,07/01/2020,10:22:03,563.85,563.5,1563,564.25,1563,0,5389224
CONCOR-I.NFO,07/01/2020,10:22:12,563.85,563.5,1563,564.25,3126,0,5389224
CONCOR-I.NFO,07/01/2020,10:22:17,563.5,563.1,1563,564.15,3126,1563,5401728
CONCOR-I.NFO,07/01/2020,10:22:21,563.5,563.3,1563,564.15,3126,0,5401728
CONCOR-I.NFO,07/01/2020,10:22:29,563.5,563.35,1563,564.15,1563,0,5401728
CONCOR-I.NFO,07/01/2020,10:22:37,563.5,563.35,1563,564,3126,0,5401728
CONCOR-I.NFO,07/01/2020,10:22:42,563.5,563.2,1563,563.95,1563,0,5401728
CONCOR-I.NFO,07/01/2020,10:22:49,563.5,563,4689,563.8,1563,1563,5401728
CONCOR-I.NFO,07/01/2020,10:22:59,563.5,563,4689,563.85,3126,0,5401728
CONCOR-I.NFO,07/01/2020,10:23:05,563.5,563,4689,563.85,1563,0,5401728
CONCOR-I.NFO,07/01/2020,10:23:18,563.5,563,4689,563.7,1563,0,5401728
CONCOR-I.NFO,07/01/2020,10:23:22,563.5,563,4689,563.65,1563,0,5401728
CONCOR-I.NFO,07/01/2020,10:23:36,563.5,563,4689,563.6,1563,0,5401728
CONCOR-I.NFO,07/01/2020,10:23:40,563.5,563,4689,563.55,1563,0,5401728
CONCOR-I.NFO,07/01/2020,10:23:48,563.5,563,4689,563.45,1563,0,5401728
CONCOR-I.NFO,07/01/2020,10:23:57,563.5,563,4689,563.55,1563,0,5401728
CONCOR-I.NFO,07/01/2020,10:24:01,563.5,563,4689,563.6,1563,0,5401728
CONCOR-I.NFO,07/01/2020,10:24:05,563.5,563,4689,563.5,1563,0,5401728
CONCOR-I.NFO,07/01/2020,10:24:13,563.5,563,4689,563.55,1563,0,5401728
CONCOR-I.NFO,07/01/2020,10:24:17,563.5,563,4689,563.5,1563,0,5401728
CONCOR-I.NFO,07/01/2020,10:24:21,563,562.65,1563,563.4,1563,4689,5404854
CONCOR-I.NFO,07/01/2020,10:24:25,563,562.7,1563,563.35,1563,0,5404854
CONCOR-I.NFO,07/01/2020,10:24:29,563,562.75,1563,563.45,3126,0,5404854
CONCOR-I.NFO,07/01/2020,10:24:32,563,562.65,1563,563.45,3126,0,5404854
CONCOR-I.NFO,07/01/2020,10:24:35,563,562.7,1563,563.4,1563,0,5404854
CONCOR-I.NFO,07/01/2020,10:24:38,563,562.8,1563,563.4,1563,0,5404854
CONCOR-I.NFO,07/01/2020,10:24:48,563,563,1563,563.4,1563,0,5404854
CONCOR-I.NFO,07/01/2020,10:24:52,563,563,1563,563.5,1563,0,5404854
CONCOR-I.NFO,07/01/2020,10:24:59,563,562.75,1563,563.6,1563,6252,5404854
CONCOR-I.NFO,07/01/2020,10:25:03,563,562.75,1563,563.5,1563,0,5404854
CONCOR-I.NFO,07/01/2020,10:25:07,563,562.7,1563,563,1563,0,5404854
CONCOR-I.NFO,07/01/2020,10:25:10,562.7,562.6,1563,563,1563,1563,5404854
CONCOR-I.NFO,07/01/2020,10:25:14,562.85,562.6,1563,563,3126,4689,5404854
CONCOR-I.NFO,07/01/2020,10:25:18,562.85,562.6,1563,563,3126,0,5404854
CONCOR-I.NFO,07/01/2020,10:25:23,562.9,562.65,1563,563,1563,1563,5404854
CONCOR-I.NFO,07/01/2020,10:25:28,562.9,562.65,1563,563,1563,0,5404854
CONCOR-I.NFO,07/01/2020,10:25:32,563,562.7,1563,563.15,1563,1563,5404854
CONCOR-I.NFO,07/01/2020,10:25:38,563,562.7,1563,563.3,3126,0,5404854
CONCOR-I.NFO,07/01/2020,10:25:44,563,562.7,1563,563.2,3126,0,5404854
CONCOR-I.NFO,07/01/2020,10:25:49,562.7,562.6,1563,563.2,3126,1563,5404854
CONCOR-I.NFO,07/01/2020,10:25:53,562.7,562.6,1563,563.2,3126,0,5404854
CONCOR-I.NFO,07/01/2020,10:25:57,562.7,562.6,1563,563,4689,0,5404854
CONCOR-I.NFO,07/01/2020,10:26:01,562.7,562.6,1563,562.8,1563,0,5404854
CONCOR-I.NFO,07/01/2020,10:26:14,562.55,562.35,1563,562.75,1563,4689,5404854
CONCOR-I.NFO,07/01/2020,10:26:19,562.35,562,1563,562.5,1563,1563,5404854
CONCOR-I.NFO,07/01/2020,10:26:23,562.25,562.1,1563,562.75,1563,1563,5404854
CONCOR-I.NFO,07/01/2020,10:26:26,562.25,562.1,1563,562.75,1563,0,5404854
CONCOR-I.NFO,07/01/2020,10:26:29,562.25,562.15,1563,562.65,1563,0,5404854
CONCOR-I.NFO,07/01/2020,10:26:38,561.5,561.85,1563,562.65,1563,7815,5414232
CONCOR-I.NFO,07/01/2020,10:26:38,561.5,561.85,1563,562.65,1563,0,5414232
CONCOR-I.NFO,07/01/2020,10:26:42,561.5,561.65,1563,562.25,1563,0,5414232
CONCOR-I.NFO,07/01/2020,10:26:46,561.5,561.6,1563,562.25,1563,0,5414232
CONCOR-I.NFO,07/01/2020,10:26:48,561.5,561.65,1563,562.25,1563,0,5414232
CONCOR-I.NFO,07/01/2020,10:26:52,561.5,561.1,1563,562.2,1563,4689,5414232
CONCOR-I.NFO,07/01/2020,10:26:55,561.5,561.25,1563,562.2,1563,0,5414232
CONCOR-I.NFO,07/01/2020,10:27:02,562,561.35,1563,562.25,1563,1563,5414232
CONCOR-I.NFO,07/01/2020,10:27:06,562,561.4,1563,562.25,1563,0,5414232
CONCOR-I.NFO,07/01/2020,10:27:10,562.5,562.1,1563,562.8,3126,4689,5414232
CONCOR-I.NFO,07/01/2020,10:27:14,562.5,562.1,1563,562.8,3126,0,5414232
CONCOR-I.NFO,07/01/2020,10:27:17,562.5,562.2,1563,562.8,1563,0,5414232
CONCOR-I.NFO,07/01/2020,10:27:29,562.5,562.15,1563,562.9,1563,0,5414232
CONCOR-I.NFO,07/01/2020,10:27:36,562.5,562.5,1563,562.9,1563,0,5414232
CONCOR-I.NFO,07/01/2020,10:27:40,562.5,562.5,1563,562.95,1563,0,5414232
CONCOR-I.NFO,07/01/2020,10:27:44,562.5,562.05,1563,562.9,1563,1563,5414232
CONCOR-I.NFO,07/01/2020,10:27:47,562.5,562.05,1563,562.85,1563,0,5414232
CONCOR-I.NFO,07/01/2020,10:27:50,562.5,562.05,1563,562.8,1563,0,5414232
CONCOR-I.NFO,07/01/2020,10:27:53,562.5,562.05,1563,562.75,1563,0,5414232
CONCOR-I.NFO,07/01/2020,10:28:08,562.5,562.15,1563,562.8,1563,0,5414232
CONCOR-I.NFO,07/01/2020,10:28:16,562.5,562.05,1563,562.8,1563,0,5414232
CONCOR-I.NFO,07/01/2020,10:28:20,562.8,562.4,1563,563,3126,1563,5414232
CONCOR-I.NFO,07/01/2020,10:28:23,562.8,562.45,1563,563,3126,0,5414232
CONCOR-I.NFO,07/01/2020,10:28:28,563,562.7,1563,563.55,1563,3126,5414232
CONCOR-I.NFO,07/01/2020,10:28:32,563,562.95,1563,563.55,1563,0,5414232
CONCOR-I.NFO,07/01/2020,10:28:36,563,563,1563,563.65,3126,0,5414232
CONCOR-I.NFO,07/01/2020,10:28:43,563,563.1,1563,563.75,4689,0,5414232
CONCOR-I.NFO,07/01/2020,10:28:46,563,563.05,1563,563.7,1563,0,5414232
CONCOR-I.NFO,07/01/2020,10:29:12,563,562.9,1563,563.75,4689,0,5414232
CONCOR-I.NFO,07/01/2020,10:29:14,563,563.1,1563,563.7,1563,0,5414232
CONCOR-I.NFO,07/01/2020,10:29:26,563,562.85,1563,563.75,3126,0,5414232
CONCOR-I.NFO,07/01/2020,10:29:34,563,563,1563,563.7,1563,0,5414232
CONCOR-I.NFO,07/01/2020,10:29:37,563,562.8,3126,563.6,1563,0,5414232
CONCOR-I.NFO,07/01/2020,10:29:41,563.75,563.2,1563,563.75,1563,3126,5417358
CONCOR-I.NFO,07/01/2020,10:29:45,563.75,563.2,1563,563.8,1563,0,5417358
CONCOR-I.NFO,07/01/2020,10:29:56,563.75,562.75,1563,563.75,3126,0,5417358
CONCOR-I.NFO,07/01/2020,10:29:59,563.75,562.75,3126,563.7,3126,0,5417358
CONCOR-I.NFO,07/01/2020,10:30:03,563.75,563,1563,563.65,1563,0,5417358
CONCOR-I.NFO,07/01/2020,10:30:12,563.75,563.05,1563,563.55,1563,0,5417358
CONCOR-I.NFO,07/01/2020,10:30:20,563.75,562.95,1563,563.6,1563,0,5417358
CONCOR-I.NFO,07/01/2020,10:30:32,563.75,562.85,1563,563.5,1563,0,5417358
CONCOR-I.NFO,07/01/2020,10:30:39,563.75,562.8,1563,563.5,1563,0,5417358
CONCOR-I.NFO,07/01/2020,10:30:43,563.45,562.8,1563,563.5,1563,1563,5417358
CONCOR-I.NFO,07/01/2020,10:30:47,563.45,562.8,1563,563.45,1563,0,5417358
CONCOR-I.NFO,07/01/2020,10:30:50,563.45,562.9,1563,563.45,1563,0,5417358
CONCOR-I.NFO,07/01/2020,10:30:53,563.45,562.95,1563,563.5,1563,0,5417358
CONCOR-I.NFO,07/01/2020,10:31:04,563.45,562.95,1563,563.4,1563,0,5417358
CONCOR-I.NFO,07/01/2020,10:31:07,563.45,563.05,1563,563.45,1563,0,5417358
CONCOR-I.NFO,07/01/2020,10:31:10,563.45,562.95,1563,563.5,1563,0,5417358
CONCOR-I.NFO,07/01/2020,10:31:13,563.45,563.05,1563,563.5,1563,0,5417358
CONCOR-I.NFO,07/01/2020,10:31:20,563.45,562.8,1563,563.4,1563,0,5417358
CONCOR-I.NFO,07/01/2020,10:31:22,563.45,563,1563,563.45,1563,0,5417358
CONCOR-I.NFO,07/01/2020,10:31:25,563.45,563,1563,563.5,1563,0,5417358
CONCOR-I.NFO,07/01/2020,10:31:29,563.45,562.95,3126,563.5,1563,0,5417358
CONCOR-I.NFO,07/01/2020,10:31:34,563.45,562.95,1563,563.4,1563,0,5417358
CONCOR-I.NFO,07/01/2020,10:31:38,563.45,563,1563,563.45,1563,0,5417358
CONCOR-I.NFO,07/01/2020,10:31:41,563.45,563,1563,563.6,1563,0,5417358
CONCOR-I.NFO,07/01/2020,10:31:45,563.45,562.8,1563,563.65,1563,0,5417358
CONCOR-I.NFO,07/01/2020,10:31:53,563.45,563,1563,563.65,1563,0,5417358
CONCOR-I.NFO,07/01/2020,10:31:56,563.45,562.95,1563,563.5,3126,0,5417358
CONCOR-I.NFO,07/01/2020,10:32:00,563.45,562.75,3126,563.45,1563,0,5417358
CONCOR-I.NFO,07/01/2020,10:32:05,563.45,562.75,3126,563.35,1563,0,5417358
CONCOR-I.NFO,07/01/2020,10:32:09,563.45,562.85,1563,563.5,1563,0,5417358
CONCOR-I.NFO,07/01/2020,10:32:13,563.45,562.8,1563,563.45,3126,0,5417358
CONCOR-I.NFO,07/01/2020,10:32:17,563.45,562.9,1563,563.35,1563,0,5417358
CONCOR-I.NFO,07/01/2020,10:32:22,563.45,562.8,1563,563.5,1563,0,5417358
CONCOR-I.NFO,07/01/2020,10:32:43,563.45,563,1563,563.4,1563,0,5417358
CONCOR-I.NFO,07/01/2020,10:32:47,563.45,562.75,1563,563.55,1563,0,5417358
CONCOR-I.NFO,07/01/2020,10:32:50,563.45,562.85,3126,563.55,1563,0,5417358
CONCOR-I.NFO,07/01/2020,10:32:53,563.45,563.05,1563,563.6,1563,0,5417358
CONCOR-I.NFO,07/01/2020,10:32:57,563.45,563,1563,563.7,1563,0,5417358
CONCOR-I.NFO,07/01/2020,10:33:15,563.45,562.75,3126,563.65,1563,0,5417358
CONCOR-I.NFO,07/01/2020,10:33:17,563.45,562.95,3126,563.55,1563,0,5417358
CONCOR-I.NFO,07/01/2020,10:33:20,563.45,562.95,3126,563.65,1563,0,5417358
CONCOR-I.NFO,07/01/2020,10:33:30,563.45,562.95,1563,563.65,1563,0,5417358
CONCOR-I.NFO,07/01/2020,10:33:38,563.45,562.75,3126,563.65,1563,0,5417358
CONCOR-I.NFO,07/01/2020,10:33:41,563.45,563,1563,563.55,1563,0,5417358
CONCOR-I.NFO,07/01/2020,10:33:44,563.45,563,1563,563.65,1563,0,5417358
CONCOR-I.NFO,07/01/2020,10:33:53,563.45,563.05,1563,563.55,1563,0,5417358
CONCOR-I.NFO,07/01/2020,10:34:08,563.45,562.9,1563,563.65,1563,0,5417358
CONCOR-I.NFO,07/01/2020,10:34:16,563.45,563.05,1563,563.55,1563,0,5417358
CONCOR-I.NFO,07/01/2020,10:34:19,563.45,563.2,1563,563.7,1563,0,5417358
CONCOR-I.NFO,07/01/2020,10:34:22,563.45,562.8,1563,563.7,1563,0,5417358
CONCOR-I.NFO,07/01/2020,10:34:28,563.45,563.2,1563,563.8,1563,0,5417358
CONCOR-I.NFO,07/01/2020,10:34:31,563.45,563.3,3126,563.8,1563,0,5417358
CONCOR-I.NFO,07/01/2020,10:34:34,563.45,562.9,3126,563.75,1563,0,5417358
CONCOR-I.NFO,07/01/2020,10:34:44,563.45,563.2,3126,563.8,1563,0,5417358
CONCOR-I.NFO,07/01/2020,10:34:47,564,563.6,1563,564.4,3126,6252,5415795
CONCOR-I.NFO,07/01/2020,10:34:50,564,563.4,1563,564.4,3126,0,5415795
CONCOR-I.NFO,07/01/2020,10:35:03,564,563.5,1563,564.4,3126,0,5415795
CONCOR-I.NFO,07/01/2020,10:35:06,564,563.35,1563,564.25,1563,0,5415795
CONCOR-I.NFO,07/01/2020,10:35:13,564,563.4,1563,564.25,1563,0,5415795
CONCOR-I.NFO,07/01/2020,10:35:16,564,563.5,1563,564.25,1563,0,5415795
CONCOR-I.NFO,07/01/2020,10:35:21,564,563.45,1563,564.25,1563,0,5415795
CONCOR-I.NFO,07/01/2020,10:35:23,564,563.4,1563,564.25,1563,0,5415795
CONCOR-I.NFO,07/01/2020,10:35:25,564,563.4,1563,564.15,1563,0,5415795
CONCOR-I.NFO,07/01/2020,10:35:28,564,563.5,3126,564.15,1563,0,5415795
CONCOR-I.NFO,07/01/2020,10:35:32,564,563.35,1563,564.15,1563,0,5415795
CONCOR-I.NFO,07/01/2020,10:35:35,564,563.3,1563,564.05,1563,0,5415795
CONCOR-I.NFO,07/01/2020,10:35:39,564,563.45,1563,564.05,1563,0,5415795
CONCOR-I.NFO,07/01/2020,10:35:42,564,563.4,1563,564,1563,0,5415795
CONCOR-I.NFO,07/01/2020,10:35:45,564,563.5,1563,564,1563,0,5415795
CONCOR-I.NFO,07/01/2020,10:36:01,564,563.3,1563,563.95,1563,0,5415795
CONCOR-I.NFO,07/01/2020,10:36:08,564,563.35,1563,563.95,1563,0,5415795
CONCOR-I.NFO,07/01/2020,10:36:37,564,563.45,1563,563.95,1563,0,5415795
CONCOR-I.NFO,07/01/2020,10:36:48,564,563.3,1563,563.95,1563,0,5415795
CONCOR-I.NFO,07/01/2020,10:36:56,563.95,563.3,1563,563.95,1563,1563,5414232
CONCOR-I.NFO,07/01/2020,10:36:58,563.95,563.3,1563,563.95,1563,0,5414232
CONCOR-I.NFO,07/01/2020,10:37:04,563.95,563.4,1563,563.95,1563,0,5414232
CONCOR-I.NFO,07/01/2020,10:37:07,563.95,563.3,1563,563.95,1563,0,5414232
CONCOR-I.NFO,07/01/2020,10:38:49,563.95,563.4,1563,563.95,1563,0,5414232
CONCOR-I.NFO,07/01/2020,10:39:10,563.95,563.35,1563,563.95,1563,0,5414232
CONCOR-I.NFO,07/01/2020,10:39:21,563.95,563.45,3126,564,4689,0,5414232
CONCOR-I.NFO,07/01/2020,10:39:25,563.95,563.35,1563,563.95,1563,0,5414232
CONCOR-I.NFO,07/01/2020,10:39:49,563.95,563.45,1563,563.95,1563,0,5414232
CONCOR-I.NFO,07/01/2020,10:39:54,563.95,563.3,1563,563.95,1563,0,5414232
CONCOR-I.NFO,07/01/2020,10:40:04,563.95,563.4,1563,563.95,1563,0,5414232
CONCOR-I.NFO,07/01/2020,10:40:08,563.95,563.45,1563,564,3126,1563,5414232
CONCOR-I.NFO,07/01/2020,10:40:11,563.95,563.4,1563,564,3126,0,5414232
CONCOR-I.NFO,07/01/2020,10:40:19,563.95,563.45,1563,564,3126,0,5414232
CONCOR-I.NFO,07/01/2020,10:40:51,563.95,563.55,1563,564,3126,0,5414232
CONCOR-I.NFO,07/01/2020,10:41:03,564.3,563.7,1563,564.5,1563,9378,5414232
CONCOR-I.NFO,07/01/2020,10:41:06,564.3,564,1563,564.5,1563,0,5414232
CONCOR-I.NFO,07/01/2020,10:41:17,564.3,564.15,1563,564.5,1563,0,5414232
CONCOR-I.NFO,07/01/2020,10:41:30,564.55,564.15,1563,564.8,1563,3126,5411106
CONCOR-I.NFO,07/01/2020,10:41:33,564.55,564.15,1563,564.8,1563,0,5411106
CONCOR-I.NFO,07/01/2020,10:41:52,564.55,564.05,3126,564.85,6252,0,5411106
CONCOR-I.NFO,07/01/2020,10:41:57,564.55,564.2,1563,564.8,3126,0,5411106
CONCOR-I.NFO,07/01/2020,10:42:30,564.55,564.2,1563,564.75,1563,0,5411106
CONCOR-I.NFO,07/01/2020,10:42:38,564.55,564.1,3126,564.75,1563,0,5411106
CONCOR-I.NFO,07/01/2020,10:42:48,564.55,564.2,1563,564.75,1563,0,5411106
CONCOR-I.NFO,07/01/2020,10:42:55,564.55,564.5,3126,564.8,3126,0,5411106
CONCOR-I.NFO,07/01/2020,10:43:14,564.8,564.85,1563,565,1563,3126,5411106
CONCOR-I.NFO,07/01/2020,10:43:16,564.8,564.85,1563,565,1563,0,5411106
CONCOR-I.NFO,07/01/2020,10:43:21,565,564.85,1563,565.4,3126,1563,5411106
CONCOR-I.NFO,07/01/2020,10:43:22,565,564.85,1563,565.35,1563,0,5411106
CONCOR-I.NFO,07/01/2020,10:43:32,565,565,1563,565.4,3126,0,5411106
CONCOR-I.NFO,07/01/2020,10:43:37,565.4,565,1563,565.35,1563,1563,5411106
CONCOR-I.NFO,07/01/2020,10:43:40,565.4,565,1563,565.35,1563,0,5411106
CONCOR-I.NFO,07/01/2020,10:43:50,565,564.85,1563,565.2,1563,1563,5411106
CONCOR-I.NFO,07/01/2020,10:43:52,565,564.85,1563,565.2,1563,0,5411106
CONCOR-I.NFO,07/01/2020,10:44:00,564.85,564.6,1563,565.1,1563,1563,5411106
CONCOR-I.NFO,07/01/2020,10:44:02,564.85,564.6,1563,565.1,1563,0,5411106
CONCOR-I.NFO,07/01/2020,10:44:46,564.85,564.6,1563,565,1563,0,5411106
CONCOR-I.NFO,07/01/2020,10:44:48,564.85,564.6,1563,564.95,1563,0,5411106
CONCOR-I.NFO,07/01/2020,10:45:01,564.85,564.55,1563,564.9,3126,0,5411106
CONCOR-I.NFO,07/01/2020,10:45:06,564.85,564.55,1563,564.9,1563,0,5411106
CONCOR-I.NFO,07/01/2020,10:45:09,564.55,564.15,1563,564.8,1563,1563,5406417
CONCOR-I.NFO,07/01/2020,10:45:14,564.55,564.2,1563,564.7,3126,0,5406417
CONCOR-I.NFO,07/01/2020,10:45:25,564.55,564.1,1563,564.7,6252,0,5406417
CONCOR-I.NFO,07/01/2020,10:45:31,564.55,564.05,1563,564.7,6252,0,5406417
CONCOR-I.NFO,07/01/2020,10:45:34,564.55,564.1,1563,564.7,6252,0,5406417
CONCOR-I.NFO,07/01/2020,10:45:42,564.55,564.15,1563,564.7,6252,0,5406417
CONCOR-I.NFO,07/01/2020,10:45:57,564.55,564.05,1563,564.6,1563,0,5406417
CONCOR-I.NFO,07/01/2020,10:46:05,564.55,564.05,1563,564.5,1563,0,5406417
CONCOR-I.NFO,07/01/2020,10:46:25,564.55,564.15,1563,564.55,1563,0,5406417
CONCOR-I.NFO,07/01/2020,10:46:27,564.3,564.1,1563,564.65,3126,1563,5406417
CONCOR-I.NFO,07/01/2020,10:46:30,564.3,564.15,1563,564.6,1563,0,5406417
CONCOR-I.NFO,07/01/2020,10:46:38,564.3,564.1,1563,564.6,1563,0,5406417
CONCOR-I.NFO,07/01/2020,10:47:08,564.6,564.25,1563,564.65,3126,1563,5406417
CONCOR-I.NFO,07/01/2020,10:47:17,564.65,564.55,1563,565.2,1563,3126,5406417
CONCOR-I.NFO,07/01/2020,10:47:22,564.65,564.6,1563,565.2,1563,0,5406417
CONCOR-I.NFO,07/01/2020,10:47:26,564.65,564.5,1563,565.2,1563,0,5406417
CONCOR-I.NFO,07/01/2020,10:47:29,564.65,564.6,1563,565.2,1563,0,5406417
CONCOR-I.NFO,07/01/2020,10:47:34,564.65,564.65,1563,565.2,1563,0,5406417
CONCOR-I.NFO,07/01/2020,10:47:43,564.65,564.55,1563,565.2,1563,0,5406417
CONCOR-I.NFO,07/01/2020,10:47:55,564.65,564.5,1563,565.2,1563,0,5406417
CONCOR-I.NFO,07/01/2020,10:47:57,564.65,564.75,1563,565.3,1563,0,5406417
CONCOR-I.NFO,07/01/2020,10:48:08,564.65,564.85,1563,565.35,1563,0,5406417
CONCOR-I.NFO,07/01/2020,10:48:17,564.65,564.8,1563,565.3,1563,0,5406417
CONCOR-I.NFO,07/01/2020,10:48:32,564.65,564.65,1563,565.25,1563,0,5406417
CONCOR-I.NFO,07/01/2020,10:48:42,564.65,564.55,1563,565.15,1563,0,5406417
CONCOR-I.NFO,07/01/2020,10:48:53,564.55,564.55,1563,565.1,1563,1563,5411106
CONCOR-I.NFO,07/01/2020,10:49:00,564.55,564.55,1563,565,1563,0,5411106
CONCOR-I.NFO,07/01/2020,10:49:03,564.55,564.5,1563,564.95,1563,1563,5411106
CONCOR-I.NFO,07/01/2020,10:49:09,564.55,564.5,1563,564.95,1563,0,5411106
CONCOR-I.NFO,07/01/2020,10:49:18,564.55,564.6,1563,564.95,1563,0,5411106
CONCOR-I.NFO,07/01/2020,10:49:35,564.55,564.65,1563,564.95,1563,0,5411106
CONCOR-I.NFO,07/01/2020,10:50:00,564.7,564.4,1563,564.9,1563,1563,5411106
CONCOR-I.NFO,07/01/2020,10:50:06,564.7,564.4,1563,564.9,1563,0,5411106
CONCOR-I.NFO,07/01/2020,10:50:12,564.4,564.35,1563,564.9,1563,1563,5411106
CONCOR-I.NFO,07/01/2020,10:50:23,564.4,564.45,1563,565,4689,0,5411106
CONCOR-I.NFO,07/01/2020,10:50:27,564.4,564.45,1563,564.95,1563,0,5411106
CONCOR-I.NFO,07/01/2020,10:50:39,564.4,564.4,1563,564.95,1563,0,5411106
CONCOR-I.NFO,07/01/2020,10:50:57,564.4,564.4,1563,564.95,3126,0,5411106
CONCOR-I.NFO,07/01/2020,10:51:01,564.4,564.4,1563,564.9,1563,0,5411106
CONCOR-I.NFO,07/01/2020,10:51:05,564.4,564.35,1563,564.9,1563,0,5411106
CONCOR-I.NFO,07/01/2020,10:51:22,564.4,564.35,1563,564.9,3126,0,5411106
CONCOR-I.NFO,07/01/2020,10:51:26,564.4,564.35,1563,564.9,1563,0,5411106
CONCOR-I.NFO,07/01/2020,10:51:40,564.4,564.35,1563,564.95,3126,0,5411106
CONCOR-I.NFO,07/01/2020,10:51:48,564.4,564.35,1563,564.9,1563,0,5411106
CONCOR-I.NFO,07/01/2020,10:51:58,564.4,564.35,1563,564.85,1563,0,5411106
CONCOR-I.NFO,07/01/2020,10:52:03,564.4,564.35,1563,564.95,3126,0,5411106
CONCOR-I.NFO,07/01/2020,10:52:08,564.4,564.35,1563,564.8,1563,0,5411106
CONCOR-I.NFO,07/01/2020,10:52:28,564.4,564.35,1563,564.75,1563,0,5411106
CONCOR-I.NFO,07/01/2020,10:52:33,564.4,564.35,1563,564.7,1563,0,5411106
CONCOR-I.NFO,07/01/2020,10:52:38,564.4,564.35,1563,564.65,1563,0,5411106
CONCOR-I.NFO,07/01/2020,10:52:55,564.4,564.35,1563,564.65,3126,0,5411106
CONCOR-I.NFO,07/01/2020,10:52:59,564.35,563.9,1563,564.55,3126,1563,5406417
CONCOR-I.NFO,07/01/2020,10:53:05,564.35,563.9,1563,564.55,1563,0,5406417
CONCOR-I.NFO,07/01/2020,10:53:11,564.35,564,1563,564.55,1563,0,5406417
CONCOR-I.NFO,07/01/2020,10:53:42,564.35,563.8,1563,564.55,3126,0,5406417
CONCOR-I.NFO,07/01/2020,10:53:48,564.35,563.8,1563,564.4,1563,0,5406417
CONCOR-I.NFO,07/01/2020,10:53:54,564.35,563.4,1563,564.1,1563,0,5406417
CONCOR-I.NFO,07/01/2020,10:54:00,564.35,563.45,1563,564.1,1563,0,5406417
CONCOR-I.NFO,07/01/2020,10:54:05,564.35,563.55,1563,564.1,3126,0,5406417
CONCOR-I.NFO,07/01/2020,10:54:10,564.35,563.65,1563,564.1,3126,0,5406417
CONCOR-I.NFO,07/01/2020,10:54:16,564.35,563.75,1563,564.1,1563,0,5406417
CONCOR-I.NFO,07/01/2020,10:54:27,564.35,563.75,1563,564.1,3126,0,5406417
CONCOR-I.NFO,07/01/2020,10:54:52,564.35,563.6,1563,564.1,3126,0,5406417
CONCOR-I.NFO,07/01/2020,10:54:57,564.35,563.55,1563,564.1,3126,0,5406417
CONCOR-I.NFO,07/01/2020,10:55:11,564.35,563.25,1563,564,1563,0,5406417
CONCOR-I.NFO,07/01/2020,10:55:35,564.35,563.25,1563,563.95,1563,0,5406417
CONCOR-I.NFO,07/01/2020,10:55:41,563.95,563.4,1563,563.95,1563,1563,5406417
CONCOR-I.NFO,07/01/2020,10:55:46,563.55,563.25,1563,563.85,1563,1563,5406417
CONCOR-I.NFO,07/01/2020,10:55:51,563.55,563.25,1563,563.85,1563,0,5406417
CONCOR-I.NFO,07/01/2020,10:56:13,563.55,563.4,1563,563.85,1563,0,5406417
CONCOR-I.NFO,07/01/2020,10:56:18,563.55,563.25,1563,563.85,1563,0,5406417
CONCOR-I.NFO,07/01/2020,10:56:27,563.25,563.25,1563,563.65,1563,1563,5406417
CONCOR-I.NFO,07/01/2020,10:56:32,563.25,562.7,1563,563.55,1563,0,5406417
CONCOR-I.NFO,07/01/2020,10:56:38,563.25,562.8,1563,563.6,1563,0,5406417
CONCOR-I.NFO,07/01/2020,10:56:43,563.25,563,1563,563.6,1563,0,5406417
CONCOR-I.NFO,07/01/2020,10:56:49,563.25,563.05,1563,563.6,1563,0,5406417
CONCOR-I.NFO,07/01/2020,10:57:11,563.25,562.9,1563,563.6,1563,0,5406417
CONCOR-I.NFO,07/01/2020,10:57:24,563.25,562.7,1563,563.6,1563,0,5406417
CONCOR-I.NFO,07/01/2020,10:57:42,563.25,562.85,1563,563.6,1563,0,5406417
CONCOR-I.NFO,07/01/2020,10:57:52,563.25,562.85,1563,563.45,1563,0,5406417
CONCOR-I.NFO,07/01/2020,10:57:56,563.25,562.75,1563,563.45,1563,0,5406417
CONCOR-I.NFO,07/01/2020,10:58:09,563.25,562.65,3126,563.35,1563,0,5406417
CONCOR-I.NFO,07/01/2020,10:58:14,563.25,562.75,1563,563.35,1563,0,5406417
CONCOR-I.NFO,07/01/2020,10:58:19,563.25,562.65,3126,563.3,1563,0,5406417
CONCOR-I.NFO,07/01/2020,10:58:24,563.25,562.65,3126,563.25,1563,0,5406417
CONCOR-I.NFO,07/01/2020,10:58:29,563.25,562.75,1563,563.25,1563,0,5406417
CONCOR-I.NFO,07/01/2020,10:58:34,563.25,562.65,3126,563.25,1563,0,5406417
CONCOR-I.NFO,07/01/2020,10:58:39,563.2,562.2,1563,562.95,1563,1563,5403291
CONCOR-I.NFO,07/01/2020,10:58:44,563.2,562.25,1563,562.95,1563,0,5403291
CONCOR-I.NFO,07/01/2020,10:59:11,562,562,1563,562.5,1563,3126,5403291
CONCOR-I.NFO,07/01/2020,10:59:17,562,562,1563,562.5,1563,0,5403291
CONCOR-I.NFO,07/01/2020,10:59:44,562,561.95,1563,562.5,3126,0,5403291
CONCOR-I.NFO,07/01/2020,11:00:00,562.5,562.3,1563,563,1563,6252,5404854
CONCOR-I.NFO,07/01/2020,11:00:06,563,562.25,1563,563,1563,3126,5404854
CONCOR-I.NFO,07/01/2020,11:00:11,563,562.25,1563,563,1563,0,5404854
CONCOR-I.NFO,07/01/2020,11:00:24,563,562.3,1563,563,1563,0,5404854
CONCOR-I.NFO,07/01/2020,11:00:31,563,562.2,1563,563,1563,0,5404854
CONCOR-I.NFO,07/01/2020,11:00:43,563,562.1,1563,563,1563,0,5404854
CONCOR-I.NFO,07/01/2020,11:01:04,563,562,1563,562.9,1563,0,5404854
CONCOR-I.NFO,07/01/2020,11:01:32,563,561.85,1563,562.8,1563,0,5404854
CONCOR-I.NFO,07/01/2020,11:01:53,563,561.9,1563,562.85,3126,0,5404854
CONCOR-I.NFO,07/01/2020,11:02:00,563,562.05,1563,562.85,3126,0,5404854
CONCOR-I.NFO,07/01/2020,11:02:07,563,561.95,1563,562.85,3126,0,5404854
CONCOR-I.NFO,07/01/2020,11:02:13,563,562,1563,562.85,3126,0,5404854
CONCOR-I.NFO,07/01/2020,11:02:20,563,562.15,3126,562.85,3126,0,5404854
CONCOR-I.NFO,07/01/2020,11:02:32,563,561.85,1563,562.45,3126,0,5404854
CONCOR-I.NFO,07/01/2020,11:03:07,563,561.65,1563,562.45,3126,0,5404854
CONCOR-I.NFO,07/01/2020,11:03:19,563,561.75,1563,562.45,3126,0,5404854
CONCOR-I.NFO,07/01/2020,11:03:24,563,561.8,1563,562.45,3126,0,5404854
CONCOR-I.NFO,07/01/2020,11:03:34,563,561.7,1563,562.45,3126,0,5404854
CONCOR-I.NFO,07/01/2020,11:03:47,563,561.75,1563,562.45,3126,0,5404854
CONCOR-I.NFO,07/01/2020,11:04:17,562,561.75,1563,562.35,1563,1563,5401728
CONCOR-I.NFO,07/01/2020,11:04:28,562,561.75,1563,562.45,1563,0,5401728
CONCOR-I.NFO,07/01/2020,11:04:34,562,561.75,1563,562.15,1563,0,5401728
CONCOR-I.NFO,07/01/2020,11:04:40,561.5,561.05,3126,561.45,1563,3126,5401728
CONCOR-I.NFO,07/01/2020,11:04:46,561.5,561.05,3126,561.45,1563,0,5401728
CONCOR-I.NFO,07/01/2020,11:04:52,561.5,561.05,1563,561.4,1563,0,5401728
CONCOR-I.NFO,07/01/2020,11:05:14,561,561,1563,561.35,1563,3126,5401728
CONCOR-I.NFO,07/01/2020,11:05:14,561,561,1563,561.35,1563,0,5401728
CONCOR-I.NFO,07/01/2020,11:05:20,561.45,561.1,1563,562.05,1563,3126,5401728
CONCOR-I.NFO,07/01/2020,11:05:25,561.45,561.1,3126,562.05,1563,0,5401728
CONCOR-I.NFO,07/01/2020,11:05:30,561.45,561.3,1563,562.05,1563,0,5401728
CONCOR-I.NFO,07/01/2020,11:05:36,561.45,561.15,1563,562.05,1563,0,5401728
CONCOR-I.NFO,07/01/2020,11:05:41,561.45,561.3,1563,562.05,1563,0,5401728
CONCOR-I.NFO,07/01/2020,11:05:46,561.45,561.35,1563,562.05,1563,0,5401728
CONCOR-I.NFO,07/01/2020,11:05:52,561.45,561.55,1563,562.45,1563,0,5401728
CONCOR-I.NFO,07/01/2020,11:05:58,561.45,561.65,1563,562.6,1563,0,5401728
CONCOR-I.NFO,07/01/2020,11:06:03,561.45,561.6,3126,562.6,1563,0,5401728
CONCOR-I.NFO,07/01/2020,11:06:10,561.45,561.7,3126,562.6,1563,0,5401728
CONCOR-I.NFO,07/01/2020,11:06:23,561.45,561.8,1563,562.45,1563,0,5401728
CONCOR-I.NFO,07/01/2020,11:06:30,561.45,561.8,1563,562.6,1563,0,5401728
CONCOR-I.NFO,07/01/2020,11:06:43,562.6,561.65,3126,562.6,1563,1563,5401728
CONCOR-I.NFO,07/01/2020,11:06:49,562.6,561.85,1563,562.55,1563,0,5401728
CONCOR-I.NFO,07/01/2020,11:06:55,562.6,561.9,1563,562.6,1563,0,5401728
CONCOR-I.NFO,07/01/2020,11:07:00,562.55,562.15,1563,562.9,1563,1563,5401728
CONCOR-I.NFO,07/01/2020,11:07:05,562.55,562.15,1563,562.9,1563,0,5401728
CONCOR-I.NFO,07/01/2020,11:07:11,562.55,561.95,1563,562.7,1563,0,5401728
CONCOR-I.NFO,07/01/2020,11:07:16,562.55,562,1563,562.7,1563,0,5401728
CONCOR-I.NFO,07/01/2020,11:07:21,562.75,561.95,1563,562.9,1563,3126,5401728
CONCOR-I.NFO,07/01/2020,11:07:25,562.75,562,1563,562.9,1563,0,5401728
CONCOR-I.NFO,07/01/2020,11:07:34,562.75,562.15,1563,562.9,1563,0,5401728
CONCOR-I.NFO,07/01/2020,11:07:40,562.75,562.35,1563,562.95,1563,0,5401728
CONCOR-I.NFO,07/01/2020,11:07:53,562.75,562.35,1563,562.9,1563,0,5401728
CONCOR-I.NFO,07/01/2020,11:08:14,562.75,562.4,3126,562.95,1563,0,5401728
CONCOR-I.NFO,07/01/2020,11:08:32,563.05,562.8,1563,563.5,1563,3126,5401728
CONCOR-I.NFO,07/01/2020,11:08:37,563.05,562.8,1563,563.35,1563,0,5401728
CONCOR-I.NFO,07/01/2020,11:08:50,563.05,562.8,1563,563.5,1563,0,5401728
CONCOR-I.NFO,07/01/2020,11:09:00,563.05,562.8,1563,563.35,1563,0,5401728
CONCOR-I.NFO,07/01/2020,11:09:05,563.05,562.8,1563,563.45,1563,0,5401728
CONCOR-I.NFO,07/01/2020,11:09:14,563.05,562.8,1563,563.45,3126,0,5401728
CONCOR-I.NFO,07/01/2020,11:09:28,563.05,562.8,1563,563.35,1563,0,5401728
CONCOR-I.NFO,07/01/2020,11:09:32,563.05,562.8,1563,563.25,1563,0,5401728
CONCOR-I.NFO,07/01/2020,11:09:48,563.05,562.8,1563,563.1,1563,0,5401728
CONCOR-I.NFO,07/01/2020,11:10:12,563.1,562.8,1563,563.25,1563,1563,5398602
CONCOR-I.NFO,07/01/2020,11:10:17,563.1,562.8,1563,563.5,1563,0,5398602
CONCOR-I.NFO,07/01/2020,11:10:33,563.1,562.55,1563,563.4,1563,0,5398602
CONCOR-I.NFO,07/01/2020,11:11:09,563.1,562.6,1563,563.05,1563,0,5398602
CONCOR-I.NFO,07/01/2020,11:11:16,562.6,562.15,1563,562.85,1563,1563,5398602
CONCOR-I.NFO,07/01/2020,11:11:22,562.6,562.15,1563,562.85,1563,0,5398602
CONCOR-I.NFO,07/01/2020,11:11:30,562.6,562,1563,562.7,1563,0,5398602
CONCOR-I.NFO,07/01/2020,11:11:36,562.6,561.75,1563,562.7,1563,0,5398602
CONCOR-I.NFO,07/01/2020,11:11:43,562.6,561.95,1563,562.7,1563,0,5398602
CONCOR-I.NFO,07/01/2020,11:11:48,562.6,561.8,1563,562.7,1563,0,5398602
CONCOR-I.NFO,07/01/2020,11:11:53,562.6,561.9,1563,562.7,1563,0,5398602
CONCOR-I.NFO,07/01/2020,11:11:59,561.9,561.65,1563,562.6,1563,1563,5400165
CONCOR-I.NFO,07/01/2020,11:12:08,561.9,561.55,4689,562.6,1563,0,5400165
CONCOR-I.NFO,07/01/2020,11:12:15,561.9,561.65,1563,562.6,1563,0,5400165
CONCOR-I.NFO,07/01/2020,11:12:28,561.9,561.75,1563,562.6,1563,0,5400165
CONCOR-I.NFO,07/01/2020,11:12:35,561.9,561.9,1563,562.6,1563,0,5400165
CONCOR-I.NFO,07/01/2020,11:12:41,561.8,561.7,1563,562.8,1563,4689,5400165
CONCOR-I.NFO,07/01/2020,11:12:46,561.8,561.8,1563,562.6,1563,0,5400165
CONCOR-I.NFO,07/01/2020,11:12:55,561.8,561.85,1563,562.6,1563,0,5400165
CONCOR-I.NFO,07/01/2020,11:13:11,561.8,561.7,1563,562.45,1563,0,5400165
CONCOR-I.NFO,07/01/2020,11:13:17,561.8,561.7,1563,562.4,1563,0,5400165
CONCOR-I.NFO,07/01/2020,11:13:35,561.8,561.7,1563,562.35,1563,0,5400165
CONCOR-I.NFO,07/01/2020,11:14:04,561.8,561.75,1563,562.4,1563,0,5400165
CONCOR-I.NFO,07/01/2020,11:14:16,561.8,561.8,1563,562.6,1563,0,5400165
CONCOR-I.NFO,07/01/2020,11:14:27,561.8,561.85,1563,562.6,1563,0,5400165
CONCOR-I.NFO,07/01/2020,11:14:51,561.8,561.9,1563,562.6,1563,0,5400165
CONCOR-I.NFO,07/01/2020,11:14:56,561.8,561.9,1563,562.45,1563,0,5400165
CONCOR-I.NFO,07/01/2020,11:15:03,561.8,561.9,1563,562.4,1563,0,5400165
CONCOR-I.NFO,07/01/2020,11:15:15,561.8,561.9,1563,562.3,1563,0,5400165
CONCOR-I.NFO,07/01/2020,11:15:20,561.8,562,1563,562.3,1563,0,5400165
CONCOR-I.NFO,07/01/2020,11:15:48,561.8,562,1563,562.2,1563,0,5400165
CONCOR-I.NFO,07/01/2020,11:16:11,562,561.6,3126,562.2,1563,1563,5397039
CONCOR-I.NFO,07/01/2020,11:16:18,562,561.7,1563,562.4,1563,0,5397039
CONCOR-I.NFO,07/01/2020,11:16:24,562,561.75,1563,562.6,1563,0,5397039
CONCOR-I.NFO,07/01/2020,11:16:44,562,561.85,1563,562.6,1563,0,5397039
CONCOR-I.NFO,07/01/2020,11:16:56,562,561.6,3126,562.55,1563,0,5397039
CONCOR-I.NFO,07/01/2020,11:17:02,562,561.7,1563,562.6,1563,0,5397039
CONCOR-I.NFO,07/01/2020,11:17:21,562,561.65,1563,562.45,1563,0,5397039
CONCOR-I.NFO,07/01/2020,11:17:36,562,561.75,1563,562.45,1563,0,5397039
CONCOR-I.NFO,07/01/2020,11:18:07,562,561.7,1563,562.45,1563,0,5397039
CONCOR-I.NFO,07/01/2020,11:18:30,562,561.6,3126,562.45,1563,0,5397039
CONCOR-I.NFO,07/01/2020,11:18:34,562,561.7,1563,562.45,1563,0,5397039
CONCOR-I.NFO,07/01/2020,11:18:41,562,561.6,3126,562.45,1563,0,5397039
CONCOR-I.NFO,07/01/2020,11:19:24,562,561.6,3126,562.25,1563,0,5397039
CONCOR-I.NFO,07/01/2020,11:19:32,562,561.7,1563,562.55,1563,0,5397039
CONCOR-I.NFO,07/01/2020,11:19:39,562,561.75,1563,562.55,1563,0,5397039
CONCOR-I.NFO,07/01/2020,11:19:45,562.2,562.05,1563,562.95,1563,7815,5387661
CONCOR-I.NFO,07/01/2020,11:19:51,562.2,561.95,1563,562.95,1563,0,5387661
CONCOR-I.NFO,07/01/2020,11:20:05,562.2,561.85,1563,562.5,1563,0,5387661
CONCOR-I.NFO,07/01/2020,11:20:21,562.2,561.85,1563,562.45,1563,0,5387661
CONCOR-I.NFO,07/01/2020,11:20:30,562.2,562.1,1563,562.65,1563,0,5387661
CONCOR-I.NFO,07/01/2020,11:20:35,562.2,561.95,1563,562.9,1563,0,5387661
CONCOR-I.NFO,07/01/2020,11:20:40,562.2,561.95,3126,562.95,1563,0,5387661
CONCOR-I.NFO,07/01/2020,11:20:45,562.2,562.05,1563,562.9,1563,0,5387661
CONCOR-I.NFO,07/01/2020,11:20:51,562.2,562.1,1563,562.9,1563,0,5387661
CONCOR-I.NFO,07/01/2020,11:20:57,562.2,561.95,1563,562.8,1563,0,5387661
CONCOR-I.NFO,07/01/2020,11:21:02,562.2,561.95,1563,562.9,1563,0,5387661
CONCOR-I.NFO,07/01/2020,11:21:16,562.2,562.1,1563,563.05,1563,0,5387661
CONCOR-I.NFO,07/01/2020,11:21:20,562.2,562.1,1563,562.85,1563,0,5387661
CONCOR-I.NFO,07/01/2020,11:21:24,562.2,561.95,1563,562.9,1563,0,5387661
CONCOR-I.NFO,07/01/2020,11:21:40,562.9,562.05,1563,562.95,1563,1563,5387661
CONCOR-I.NFO,07/01/2020,11:21:45,562.9,562.05,1563,563.1,1563,0,5387661
CONCOR-I.NFO,07/01/2020,11:21:57,562.9,562.25,1563,563.15,1563,0,5387661
CONCOR-I.NFO,07/01/2020,11:22:01,562.9,562.25,1563,563.1,1563,0,5387661
CONCOR-I.NFO,07/01/2020,11:22:05,562.9,562.25,1563,562.95,1563,0,5387661
CONCOR-I.NFO,07/01/2020,11:22:09,562.9,562.25,1563,563.1,1563,0,5387661
CONCOR-I.NFO,07/01/2020,11:22:13,562.9,562.3,1563,563.2,3126,0,5387661
CONCOR-I.NFO,07/01/2020,11:22:18,562.9,562.25,1563,563,1563,0,5387661
CONCOR-I.NFO,07/01/2020,11:22:22,562.9,562.3,1563,563,1563,0,5387661
CONCOR-I.NFO,07/01/2020,11:22:26,562.9,562.35,1563,563,1563,0,5387661
CONCOR-I.NFO,07/01/2020,11:22:43,562.9,562.3,1563,563,1563,0,5387661
CONCOR-I.NFO,07/01/2020,11:23:03,562.65,562.25,1563,563,1563,3126,5387661
CONCOR-I.NFO,07/01/2020,11:23:22,562.65,562.25,1563,563,1563,0,5387661
CONCOR-I.NFO,07/01/2020,11:23:35,562.65,562.3,1563,563,1563,0,5387661
CONCOR-I.NFO,07/01/2020,11:23:44,562.65,562.4,1563,563,1563,0,5387661
CONCOR-I.NFO,07/01/2020,11:23:58,562.65,562.45,1563,563,1563,0,5387661
CONCOR-I.NFO,07/01/2020,11:24:20,562.65,562.55,1563,563,1563,0,5387661
CONCOR-I.NFO,07/01/2020,11:24:25,563,562.6,1563,563.2,3126,1563,5390787
CONCOR-I.NFO,07/01/2020,11:24:38,563,562.6,1563,563.2,3126,0,5390787
CONCOR-I.NFO,07/01/2020,11:24:43,563.2,562.55,1563,563.2,1563,1563,5390787
CONCOR-I.NFO,07/01/2020,11:24:47,563.2,562.55,1563,563.15,1563,0,5390787
CONCOR-I.NFO,07/01/2020,11:24:51,562.85,562.55,1563,563.15,1563,3126,5390787
CONCOR-I.NFO,07/01/2020,11:24:55,562.85,562.55,1563,563.1,1563,0,5390787
CONCOR-I.NFO,07/01/2020,11:24:59,562.85,562.55,1563,563.05,1563,0,5390787
CONCOR-I.NFO,07/01/2020,11:25:05,562.85,562.55,1563,563,1563,0,5390787
CONCOR-I.NFO,07/01/2020,11:25:10,562.85,562.55,1563,562.95,1563,0,5390787
CONCOR-I.NFO,07/01/2020,11:25:14,562.85,562.55,1563,562.85,1563,0,5390787
CONCOR-I.NFO,07/01/2020,11:25:32,562.85,562.55,1563,563.15,1563,1563,5390787
CONCOR-I.NFO,07/01/2020,11:25:37,562.85,562.55,1563,563,1563,0,5390787
CONCOR-I.NFO,07/01/2020,11:25:41,562.85,562.65,1563,563,1563,0,5390787
CONCOR-I.NFO,07/01/2020,11:26:17,562.85,562.7,1563,563,1563,0,5390787
CONCOR-I.NFO,07/01/2020,11:26:44,562.85,562.7,1563,562.95,1563,0,5390787
CONCOR-I.NFO,07/01/2020,11:26:48,562.55,562.1,3126,562.8,1563,4689,5393913
CONCOR-I.NFO,07/01/2020,11:26:56,562.55,562.1,3126,562.9,1563,0,5393913
CONCOR-I.NFO,07/01/2020,11:26:59,562.55,562.1,3126,562.95,3126,0,5393913
CONCOR-I.NFO,07/01/2020,11:27:15,562.55,562.1,3126,562.95,1563,0,5393913
CONCOR-I.NFO,07/01/2020,11:27:44,562.55,562.2,1563,562.95,1563,0,5393913
CONCOR-I.NFO,07/01/2020,11:27:47,562.55,562.1,3126,562.95,1563,0,5393913
CONCOR-I.NFO,07/01/2020,11:27:52,562.55,562.2,1563,563.15,1563,0,5393913
CONCOR-I.NFO,07/01/2020,11:27:55,562.55,562.1,3126,563,1563,0,5393913
CONCOR-I.NFO,07/01/2020,11:28:02,562.55,562.1,3126,562.95,1563,0,5393913
CONCOR-I.NFO,07/01/2020,11:28:06,562.55,562.2,1563,562.95,1563,0,5393913
CONCOR-I.NFO,07/01/2020,11:28:11,562.55,562.2,1563,563,1563,0,5393913
CONCOR-I.NFO,07/01/2020,11:28:17,562.55,562.2,1563,563.1,1563,0,5393913
CONCOR-I.NFO,07/01/2020,11:28:21,562.55,562.2,1563,563,1563,0,5393913
CONCOR-I.NFO,07/01/2020,11:28:57,562.55,562.2,1563,562.95,1563,0,5393913
CONCOR-I.NFO,07/01/2020,11:29:45,562.55,562.2,1563,563.1,1563,0,5393913
CONCOR-I.NFO,07/01/2020,11:29:53,562.55,562.2,1563,563,1563,0,5393913
CONCOR-I.NFO,07/01/2020,11:30:16,562.55,562.2,1563,562.95,3126,0,5393913
CONCOR-I.NFO,07/01/2020,11:30:23,562.55,562.2,1563,562.95,1563,0,5393913
CONCOR-I.NFO,07/01/2020,11:30:33,562.55,562.2,3126,562.95,1563,0,5393913
CONCOR-I.NFO,07/01/2020,11:31:05,562.45,562.2,1563,563.05,1563,6252,5397039
CONCOR-I.NFO,07/01/2020,11:31:10,562.45,562.1,3126,562.95,1563,0,5397039
CONCOR-I.NFO,07/01/2020,11:31:15,562.45,562.2,1563,562.95,1563,0,5397039
CONCOR-I.NFO,07/01/2020,11:31:20,562.45,562.15,1563,562.95,1563,0,5397039
CONCOR-I.NFO,07/01/2020,11:31:31,562.45,562.1,3126,562.95,1563,0,5397039
CONCOR-I.NFO,07/01/2020,11:31:37,562.95,562.1,3126,563.05,1563,1563,5397039
CONCOR-I.NFO,07/01/2020,11:31:41,562.95,562.2,1563,563,1563,0,5397039
CONCOR-I.NFO,07/01/2020,11:31:45,562.95,562.2,1563,562.95,1563,0,5397039
CONCOR-I.NFO,07/01/2020,11:31:55,562.95,562.1,3126,563.05,1563,0,5397039
CONCOR-I.NFO,07/01/2020,11:32:00,562.95,562.2,1563,562.95,1563,0,5397039
CONCOR-I.NFO,07/01/2020,11:32:11,562.95,562.1,3126,562.95,1563,0,5397039
CONCOR-I.NFO,07/01/2020,11:32:24,562.95,562.1,3126,562.9,3126,0,5397039
CONCOR-I.NFO,07/01/2020,11:32:32,562.95,562.1,3126,562.75,1563,0,5397039
CONCOR-I.NFO,07/01/2020,11:32:45,562.95,562.1,3126,562.8,1563,0,5397039
CONCOR-I.NFO,07/01/2020,11:32:57,562.95,562.1,3126,562.75,1563,0,5397039
CONCOR-I.NFO,07/01/2020,11:33:38,562.2,562.2,1563,563.05,1563,4689,5401728
CONCOR-I.NFO,07/01/2020,11:33:42,562.2,562.25,1563,563.05,1563,0,5401728
CONCOR-I.NFO,07/01/2020,11:33:45,562.2,562.25,1563,562.9,1563,0,5401728
CONCOR-I.NFO,07/01/2020,11:33:58,562.2,562.25,1563,562.95,1563,0,5401728
CONCOR-I.NFO,07/01/2020,11:34:16,562.2,562.2,1563,562.9,1563,0,5401728
CONCOR-I.NFO,07/01/2020,11:34:23,562.2,562.25,1563,562.95,1563,0,5401728
CONCOR-I.NFO,07/01/2020,11:34:28,562.2,562.3,1563,563,1563,0,5401728
CONCOR-I.NFO,07/01/2020,11:34:41,562.2,562.5,1563,562.95,1563,0,5401728
CONCOR-I.NFO,07/01/2020,11:34:57,562.2,562.5,1563,563.05,1563,0,5401728
CONCOR-I.NFO,07/01/2020,11:35:03,562.2,562.5,1563,563,3126,0,5401728
CONCOR-I.NFO,07/01/2020,11:35:13,562.2,562.5,1563,562.95,1563,0,5401728
CONCOR-I.NFO,07/01/2020,11:35:19,562.2,562.25,1563,562.9,1563,0,5401728
CONCOR-I.NFO,07/01/2020,11:35:25,562.2,562.3,1563,563,1563,0,5401728
CONCOR-I.NFO,07/01/2020,11:35:30,562.2,562.45,1563,563.05,1563,0,5401728
CONCOR-I.NFO,07/01/2020,11:35:35,562.2,562.45,1563,563,1563,0,5401728
CONCOR-I.NFO,07/01/2020,11:35:40,562.2,562.4,1563,562.95,1563,0,5401728
CONCOR-I.NFO,07/01/2020,11:35:50,562.2,562.4,1563,563,1563,0,5401728
CONCOR-I.NFO,07/01/2020,11:36:00,562.2,562.4,1563,563,3126,0,5401728
CONCOR-I.NFO,07/01/2020,11:36:09,562.2,562.4,1563,563,1563,0,5401728
CONCOR-I.NFO,07/01/2020,11:36:18,562.2,562.4,3126,563,1563,0,5401728
CONCOR-I.NFO,07/01/2020,11:36:23,562.2,562.5,1563,563,1563,0,5401728
CONCOR-I.NFO,07/01/2020,11:36:28,562.2,562.5,3126,563,1563,0,5401728
CONCOR-I.NFO,07/01/2020,11:36:41,562.2,562.5,3126,562.95,1563,0,5401728
CONCOR-I.NFO,07/01/2020,11:36:54,562.5,562,1563,562.5,1563,6252,5403291
CONCOR-I.NFO,07/01/2020,11:37:00,562.5,562,3126,562.5,1563,0,5403291
CONCOR-I.NFO,07/01/2020,11:37:21,562.5,562,3126,562.45,1563,0,5403291
CONCOR-I.NFO,07/01/2020,11:37:31,562.5,562,3126,562.5,1563,0,5403291
CONCOR-I.NFO,07/01/2020,11:37:36,562.5,562,3126,562.45,1563,0,5403291
CONCOR-I.NFO,07/01/2020,11:38:11,562.5,562,3126,562.4,1563,0,5403291
CONCOR-I.NFO,07/01/2020,11:38:15,562.5,562,3126,562.35,1563,0,5403291
CONCOR-I.NFO,07/01/2020,11:38:43,562,561.6,1563,562.2,3126,3126,5403291
CONCOR-I.NFO,07/01/2020,11:38:48,561.6,561.05,1563,561.7,1563,3126,5403291
CONCOR-I.NFO,07/01/2020,11:38:52,561.6,561.05,3126,561.7,1563,0,5403291
CONCOR-I.NFO,07/01/2020,11:38:55,561.6,561.05,3126,561.75,1563,0,5403291
CONCOR-I.NFO,07/01/2020,11:39:03,561.6,561.2,1563,561.75,1563,0,5403291
CONCOR-I.NFO,07/01/2020,11:39:07,561.6,561.3,1563,561.75,1563,0,5403291
CONCOR-I.NFO,07/01/2020,11:39:10,561.6,561.3,3126,561.75,1563,0,5403291
CONCOR-I.NFO,07/01/2020,11:39:13,561.6,561.3,1563,561.8,1563,0,5403291
CONCOR-I.NFO,07/01/2020,11:39:31,561.6,561.4,1563,561.8,1563,0,5403291
CONCOR-I.NFO,07/01/2020,11:39:36,561.6,561.45,1563,562.1,1563,0,5403291
CONCOR-I.NFO,07/01/2020,11:39:39,561.6,561.45,3126,562.1,1563,0,5403291
CONCOR-I.NFO,07/01/2020,11:39:43,561.6,561.45,3126,562.05,1563,0,5403291
CONCOR-I.NFO,07/01/2020,11:39:48,561.6,561.45,3126,562,1563,0,5403291
CONCOR-I.NFO,07/01/2020,11:39:55,561.05,561,1563,561.65,1563,4689,5403291
CONCOR-I.NFO,07/01/2020,11:40:02,561,560.5,1563,561.65,1563,1563,5403291
CONCOR-I.NFO,07/01/2020,11:40:07,561,560.55,3126,561.45,1563,0,5403291
CONCOR-I.NFO,07/01/2020,11:40:11,561,560.55,3126,561.55,1563,0,5403291
CONCOR-I.NFO,07/01/2020,11:40:15,561,560.7,1563,561.6,1563,0,5403291
CONCOR-I.NFO,07/01/2020,11:40:19,561,560.7,1563,561.55,1563,0,5403291
CONCOR-I.NFO,07/01/2020,11:40:23,561,560.85,1563,561.55,1563,0,5403291
CONCOR-I.NFO,07/01/2020,11:40:31,561,560.85,4689,561.55,1563,0,5403291
CONCOR-I.NFO,07/01/2020,11:40:34,561,560.9,1563,561.55,1563,0,5403291
CONCOR-I.NFO,07/01/2020,11:40:38,561,561.05,1563,561.55,1563,0,5403291
CONCOR-I.NFO,07/01/2020,11:41:20,561,561,3126,561.5,1563,3126,5403291
CONCOR-I.NFO,07/01/2020,11:41:28,561,561,3126,561.5,1563,0,5403291
CONCOR-I.NFO,07/01/2020,11:42:00,561,561,1563,561.5,1563,0,5403291
CONCOR-I.NFO,07/01/2020,11:42:24,561,561,1563,561.45,1563,0,5403291
CONCOR-I.NFO,07/01/2020,11:42:35,561,561,1563,561.5,1563,0,5403291
CONCOR-I.NFO,07/01/2020,11:42:45,561,561.05,1563,561.5,1563,0,5403291
CONCOR-I.NFO,07/01/2020,11:42:59,561,561,1563,561.5,1563,0,5403291
CONCOR-I.NFO,07/01/2020,11:43:07,560.9,560.85,3126,561.4,1563,3126,5414232
CONCOR-I.NFO,07/01/2020,11:43:07,560.9,560.85,3126,561.4,1563,0,5414232
CONCOR-I.NFO,07/01/2020,11:43:10,560.9,560.85,3126,561.4,1563,0,5414232
CONCOR-I.NFO,07/01/2020,11:43:13,560.9,560.85,3126,561.45,1563,0,5414232
CONCOR-I.NFO,07/01/2020,11:43:41,560.9,560.9,1563,561.45,1563,0,5414232
CONCOR-I.NFO,07/01/2020,11:43:44,560.9,560.9,1563,561.4,1563,0,5414232
CONCOR-I.NFO,07/01/2020,11:44:25,560.95,560.9,1563,561.3,1563,1563,5414232
CONCOR-I.NFO,07/01/2020,11:44:30,560.95,560.85,3126,561.3,1563,0,5414232
CONCOR-I.NFO,07/01/2020,11:45:58,561.3,560.85,3126,561.45,3126,1563,5414232
CONCOR-I.NFO,07/01/2020,11:46:00,561.45,560.9,1563,561.45,1563,3126,5414232
CONCOR-I.NFO,07/01/2020,11:46:18,561.45,561,1563,561.45,1563,0,5414232
CONCOR-I.NFO,07/01/2020,11:46:55,561.45,561,1563,561.2,1563,0,5414232
CONCOR-I.NFO,07/01/2020,11:47:00,561.1,561,1563,561.35,1563,1563,5414232
CONCOR-I.NFO,07/01/2020,11:47:02,561.1,561,1563,561.35,1563,0,5414232
CONCOR-I.NFO,07/01/2020,11:47:10,561.35,561,1563,561.5,1563,1563,5414232
CONCOR-I.NFO,07/01/2020,11:47:14,561.35,561,1563,561.5,1563,0,5414232
CONCOR-I.NFO,07/01/2020,11:47:26,561.5,561,1563,561.55,3126,1563,5414232
CONCOR-I.NFO,07/01/2020,11:47:28,561.5,561,1563,561.55,3126,0,5414232
CONCOR-I.NFO,07/01/2020,11:47:36,561.5,561,1563,561.5,1563,0,5414232
CONCOR-I.NFO,07/01/2020,11:47:39,561,560.9,3126,561.35,1563,1563,5414232
CONCOR-I.NFO,07/01/2020,11:47:45,561,560.9,3126,561.35,1563,0,5414232
CONCOR-I.NFO,07/01/2020,11:47:54,561.35,560.95,1563,561.65,3126,1563,5414232
CONCOR-I.NFO,07/01/2020,11:47:57,561.35,560.95,1563,561.45,1563,0,5414232
CONCOR-I.NFO,07/01/2020,11:48:04,561.35,560.9,3126,561.45,1563,0,5414232
CONCOR-I.NFO,07/01/2020,11:48:07,561.35,560.9,3126,561.35,1563,0,5414232
CONCOR-I.NFO,07/01/2020,11:48:14,561.35,560.9,3126,561.3,1563,0,5414232
CONCOR-I.NFO,07/01/2020,11:48:24,561.35,560.9,3126,561.4,1563,0,5414232
CONCOR-I.NFO,07/01/2020,11:48:28,561.35,560.9,3126,561.45,1563,0,5414232
CONCOR-I.NFO,07/01/2020,11:48:42,561.35,560.9,3126,561.4,1563,0,5414232
CONCOR-I.NFO,07/01/2020,11:48:46,561.35,560.9,3126,561.35,1563,0,5414232
CONCOR-I.NFO,07/01/2020,11:48:49,561.35,560.9,3126,561.4,1563,0,5414232
CONCOR-I.NFO,07/01/2020,11:49:01,560.9,560.9,1563,561.45,1563,1563,5414232
CONCOR-I.NFO,07/01/2020,11:49:04,560.9,560.9,1563,561.45,1563,0,5414232
CONCOR-I.NFO,07/01/2020,11:49:06,560.9,560.9,1563,561.4,1563,0,5414232
CONCOR-I.NFO,07/01/2020,11:49:09,560.9,560.9,1563,561.35,1563,0,5414232
CONCOR-I.NFO,07/01/2020,11:49:11,560.9,560.9,1563,561.3,1563,0,5414232
CONCOR-I.NFO,07/01/2020,11:49:28,560.9,560.9,1563,561.55,3126,0,5414232
CONCOR-I.NFO,07/01/2020,11:49:31,560.9,560.9,1563,561.45,1563,0,5414232
CONCOR-I.NFO,07/01/2020,11:49:42,560.9,560.95,1563,561.55,3126,0,5414232
CONCOR-I.NFO,07/01/2020,11:49:45,560.9,560.9,1563,561.5,1563,0,5414232
CONCOR-I.NFO,07/01/2020,11:49:47,560.9,560.9,1563,561.25,1563,0,5414232
CONCOR-I.NFO,07/01/2020,11:49:49,560.9,560.75,1563,561.05,1563,1563,5414232
CONCOR-I.NFO,07/01/2020,11:49:52,560.5,560.5,3126,561.05,1563,3126,5414232
CONCOR-I.NFO,07/01/2020,11:49:52,560.5,560.5,3126,561.05,1563,0,5414232
CONCOR-I.NFO,07/01/2020,11:49:54,560.5,560.55,1563,560.95,1563,0,5414232
CONCOR-I.NFO,07/01/2020,11:49:58,560.5,560.6,1563,560.95,1563,0,5414232
CONCOR-I.NFO,07/01/2020,11:50:02,560.55,560.5,3126,560.85,1563,1563,5414232
CONCOR-I.NFO,07/01/2020,11:50:06,560.55,560.5,3126,560.85,1563,0,5414232
CONCOR-I.NFO,07/01/2020,11:51:05,560.55,560.5,3126,560.9,1563,0,5414232
CONCOR-I.NFO,07/01/2020,11:51:14,560.55,560.5,3126,560.85,1563,0,5414232
CONCOR-I.NFO,07/01/2020,11:51:27,560.55,560.55,1563,560.9,1563,0,5414232
CONCOR-I.NFO,07/01/2020,11:51:31,560.9,560.75,1563,561.2,3126,1563,5414232
CONCOR-I.NFO,07/01/2020,11:51:36,560.9,560.75,1563,561.15,1563,0,5414232
CONCOR-I.NFO,07/01/2020,11:51:40,560.9,560.75,1563,561.1,1563,0,5414232
CONCOR-I.NFO,07/01/2020,11:51:50,560.9,560.75,1563,561.1,3126,0,5414232
CONCOR-I.NFO,07/01/2020,11:51:53,560.9,560.75,1563,561.05,3126,0,5414232
CONCOR-I.NFO,07/01/2020,11:52:00,560.9,560.75,1563,561,1563,0,5414232
CONCOR-I.NFO,07/01/2020,11:52:03,560.9,560.75,1563,561.1,1563,0,5414232
CONCOR-I.NFO,07/01/2020,11:52:14,560.9,560.75,1563,561.05,1563,0,5414232
CONCOR-I.NFO,07/01/2020,11:52:31,560.9,560.75,3126,561.05,1563,0,5414232
CONCOR-I.NFO,07/01/2020,11:52:49,560.9,560.75,3126,561.05,3126,0,5414232
CONCOR-I.NFO,07/01/2020,11:53:10,560.9,560.75,3126,561.05,1563,0,5414232
CONCOR-I.NFO,07/01/2020,11:53:27,560.9,560.8,1563,561.05,1563,0,5414232
CONCOR-I.NFO,07/01/2020,11:53:41,560.9,560.8,1563,561.1,1563,0,5414232
CONCOR-I.NFO,07/01/2020,11:54:04,560.9,560.8,1563,561.1,3126,0,5414232
CONCOR-I.NFO,07/01/2020,11:54:25,560.9,560.8,1563,561.05,1563,0,5414232
CONCOR-I.NFO,07/01/2020,11:54:28,560.9,560.8,1563,561.1,1563,0,5414232
CONCOR-I.NFO,07/01/2020,11:54:31,560.8,560.75,3126,561.05,1563,1563,5414232
CONCOR-I.NFO,07/01/2020,11:54:42,560.8,560.75,3126,561.1,1563,0,5414232
CONCOR-I.NFO,07/01/2020,11:54:46,560.8,560.75,3126,561.05,3126,0,5414232
CONCOR-I.NFO,07/01/2020,11:54:55,560.8,560.75,3126,560.8,1563,0,5414232
CONCOR-I.NFO,07/01/2020,11:55:01,560.2,560,6252,560.3,3126,9378,5414232
CONCOR-I.NFO,07/01/2020,11:55:01,560.2,560,6252,560.3,3126,0,5414232
CONCOR-I.NFO,07/01/2020,11:55:05,560.3,560.05,1563,560.4,1563,1563,5414232
CONCOR-I.NFO,07/01/2020,11:55:08,560.3,560.05,1563,560.4,1563,0,5414232
CONCOR-I.NFO,07/01/2020,11:55:15,560.3,560,6252,560.35,3126,0,5414232
CONCOR-I.NFO,07/01/2020,11:55:21,560.3,560,6252,560.35,1563,0,5414232
CONCOR-I.NFO,07/01/2020,11:55:24,560.3,560.05,1563,560.4,1563,0,5414232
CONCOR-I.NFO,07/01/2020,11:55:27,560.4,560.05,1563,560.6,1563,1563,5414232
CONCOR-I.NFO,07/01/2020,11:55:30,560.4,560.05,1563,560.6,1563,0,5414232
CONCOR-I.NFO,07/01/2020,11:55:33,560.4,560.05,1563,560.55,1563,0,5414232
CONCOR-I.NFO,07/01/2020,11:55:50,560.4,560.05,1563,560.5,1563,0,5414232
CONCOR-I.NFO,07/01/2020,11:55:54,560.4,560.05,1563,560.6,1563,0,5414232
CONCOR-I.NFO,07/01/2020,11:55:56,560.4,560.1,1563,560.6,1563,0,5414232
CONCOR-I.NFO,07/01/2020,11:55:59,560.4,560.1,1563,560.45,1563,0,5414232
CONCOR-I.NFO,07/01/2020,11:56:24,560.4,560.1,1563,560.5,1563,0,5414232
CONCOR-I.NFO,07/01/2020,11:56:27,560.4,560.1,1563,560.6,1563,0,5414232
CONCOR-I.NFO,07/01/2020,11:56:30,560.4,560.1,1563,560.5,1563,0,5414232
CONCOR-I.NFO,07/01/2020,11:57:19,560.1,560,6252,560.45,3126,1563,5414232
CONCOR-I.NFO,07/01/2020,11:57:19,560.1,560,6252,560.45,3126,0,5414232
CONCOR-I.NFO,07/01/2020,11:57:28,560.1,560,6252,560.45,3126,0,5414232
CONCOR-I.NFO,07/01/2020,11:57:40,560.2,560,6252,560.45,3126,1563,5414232
CONCOR-I.NFO,07/01/2020,11:57:50,560,559.5,1563,560.35,1563,6252,5414232
CONCOR-I.NFO,07/01/2020,11:57:50,560,559.5,1563,560.35,1563,0,5414232
CONCOR-I.NFO,07/01/2020,11:57:54,559.9,559.5,1563,560,1563,1563,5414232
CONCOR-I.NFO,07/01/2020,11:57:54,559.9,559.5,1563,560,1563,0,5414232
CONCOR-I.NFO,07/01/2020,11:57:57,559.9,559.5,1563,560,1563,0,5414232
CONCOR-I.NFO,07/01/2020,11:57:59,559.9,559.55,1563,560.1,1563,0,5414232
CONCOR-I.NFO,07/01/2020,11:58:03,559.9,559.55,1563,560.05,1563,0,5414232
CONCOR-I.NFO,07/01/2020,11:58:25,559.9,559.65,1563,560.05,1563,1563,5414232
CONCOR-I.NFO,07/01/2020,11:58:27,559.9,559.6,1563,560.05,1563,0,5414232
CONCOR-I.NFO,07/01/2020,11:58:32,559.9,559.55,1563,560.05,1563,0,5414232
CONCOR-I.NFO,07/01/2020,11:58:36,559.9,559.65,1563,560.05,1563,0,5414232
CONCOR-I.NFO,07/01/2020,11:58:38,559.9,559.7,1563,560.05,1563,0,5414232
CONCOR-I.NFO,07/01/2020,11:58:48,560.05,559.6,3126,560.25,1563,4689,5414232
CONCOR-I.NFO,07/01/2020,11:58:51,560.05,559.8,1563,560.25,1563,0,5414232
CONCOR-I.NFO,07/01/2020,11:58:54,560.25,559.7,1563,560.3,1563,1563,5414232
CONCOR-I.NFO,07/01/2020,11:58:58,560.25,559.8,1563,560.4,1563,0,5414232
CONCOR-I.NFO,07/01/2020,11:58:59,560.25,560.05,1563,560.45,1563,0,5414232
CONCOR-I.NFO,07/01/2020,11:59:02,560.25,560.1,1563,560.45,1563,0,5414232
CONCOR-I.NFO,07/01/2020,11:59:06,560.25,560.2,3126,560.45,1563,0,5414232
CONCOR-I.NFO,07/01/2020,11:59:10,560.25,560.35,3126,560.45,1563,0,5414232
CONCOR-I.NFO,07/01/2020,11:59:13,560.5,560.1,1563,560.65,1563,3126,5414232
CONCOR-I.NFO,07/01/2020,11:59:15,560.5,560.2,1563,560.65,1563,0,5414232
CONCOR-I.NFO,07/01/2020,11:59:18,560.5,560.1,1563,560.65,1563,0,5414232
CONCOR-I.NFO,07/01/2020,11:59:21,560.5,560.05,1563,560.65,1563,0,5414232
CONCOR-I.NFO,07/01/2020,11:59:24,560.5,560.15,1563,560.65,1563,0,5414232
CONCOR-I.NFO,07/01/2020,11:59:32,560.5,559.6,3126,560.55,1563,0,5414232
CONCOR-I.NFO,07/01/2020,11:59:42,560.5,559.7,1563,560.45,1563,0,5414232
CONCOR-I.NFO,07/01/2020,11:59:44,560.5,559.8,1563,560.45,1563,0,5414232
CONCOR-I.NFO,07/01/2020,11:59:47,560.5,559.55,3126,560.35,1563,0,5414232
CONCOR-I.NFO,07/01/2020,11:59:51,560.5,559.85,1563,560.4,3126,0,5414232
CONCOR-I.NFO,07/01/2020,11:59:55,560.5,559.85,1563,560.4,1563,0,5414232
CONCOR-I.NFO,07/01/2020,11:59:58,560.5,559.85,1563,560.45,3126,0,5414232
CONCOR-I.NFO,07/01/2020,12:00:01,560.5,559.85,1563,560.4,1563,0,5414232
CONCOR-I.NFO,07/01/2020,12:00:04,560.5,559.85,1563,560.45,3126,0,5414232
CONCOR-I.NFO,07/01/2020,12:00:09,560.5,559.85,1563,560.35,1563,0,5414232
CONCOR-I.NFO,07/01/2020,12:00:49,560.5,559.85,1563,560.4,1563,0,5414232
CONCOR-I.NFO,07/01/2020,12:00:58,560.5,560.05,1563,560.65,1563,0,5414232
CONCOR-I.NFO,07/01/2020,12:01:23,560.5,560.05,1563,560.6,1563,0,5414232
CONCOR-I.NFO,07/01/2020,12:01:40,560.5,560.05,1563,560.55,1563,0,5414232
CONCOR-I.NFO,07/01/2020,12:01:43,560,559.6,1563,560.3,1563,3126,5414232
CONCOR-I.NFO,07/01/2020,12:01:45,560,559.55,1563,560.25,1563,0,5422047
CONCOR-I.NFO,07/01/2020,12:01:49,560,559.65,1563,560.35,1563,0,5422047
CONCOR-I.NFO,07/01/2020,12:01:52,560,559.6,1563,560.3,3126,0,5422047
CONCOR-I.NFO,07/01/2020,12:01:58,560,559.55,1563,560.2,1563,0,5422047
CONCOR-I.NFO,07/01/2020,12:02:05,560,559.65,1563,560.25,1563,0,5422047
CONCOR-I.NFO,07/01/2020,12:02:21,560,559.7,1563,560.25,1563,0,5422047
CONCOR-I.NFO,07/01/2020,12:02:37,560,559.7,3126,560.35,1563,0,5422047
CONCOR-I.NFO,07/01/2020,12:02:44,560.4,559.6,3126,560.5,1563,1563,5422047
CONCOR-I.NFO,07/01/2020,12:02:49,560.4,559.65,1563,560.35,3126,0,5422047
CONCOR-I.NFO,07/01/2020,12:02:54,560.4,559.7,1563,560.3,1563,0,5422047
CONCOR-I.NFO,07/01/2020,12:02:58,560.4,559.7,3126,560.3,1563,0,5422047
CONCOR-I.NFO,07/01/2020,12:03:10,560.4,559.7,1563,560.25,1563,0,5422047
CONCOR-I.NFO,07/01/2020,12:03:29,560.4,559.55,1563,560.15,1563,0,5422047
CONCOR-I.NFO,07/01/2020,12:03:50,560.4,559.5,1563,560.1,1563,0,5422047
CONCOR-I.NFO,07/01/2020,12:04:06,560.4,559.5,1563,560.05,3126,0,5422047
CONCOR-I.NFO,07/01/2020,12:04:31,560.4,559.85,1563,560.05,1563,0,5422047
CONCOR-I.NFO,07/01/2020,12:04:39,560.05,559.85,1563,560.3,1563,1563,5423610
CONCOR-I.NFO,07/01/2020,12:04:42,560.05,559.85,1563,560.25,1563,0,5423610
CONCOR-I.NFO,07/01/2020,12:04:53,560.05,559.85,1563,560.05,1563,0,5423610
CONCOR-I.NFO,07/01/2020,12:04:59,560.05,559.85,1563,560,1563,0,5423610
CONCOR-I.NFO,07/01/2020,12:05:01,560.05,559.9,1563,560,1563,0,5423610
CONCOR-I.NFO,07/01/2020,12:05:09,559.9,559.55,1563,560.05,1563,3126,5423610
CONCOR-I.NFO,07/01/2020,12:05:13,559.9,559.55,1563,560.05,1563,0,5423610
CONCOR-I.NFO,07/01/2020,12:05:20,559.9,559.5,1563,560.05,1563,0,5423610
CONCOR-I.NFO,07/01/2020,12:05:39,559.9,559.5,1563,560,1563,0,5423610
CONCOR-I.NFO,07/01/2020,12:05:47,559.9,559.65,1563,560.05,1563,0,5423610
CONCOR-I.NFO,07/01/2020,12:05:54,560,559.65,1563,560.05,1563,1563,5423610
CONCOR-I.NFO,07/01/2020,12:06:09,560,559.65,1563,559.95,1563,0,5423610
CONCOR-I.NFO,07/01/2020,12:06:26,559.85,559.75,1563,560.05,1563,3126,5423610
CONCOR-I.NFO,07/01/2020,12:06:26,559.8,559.75,1563,560.05,1563,0,5423610
CONCOR-I.NFO,07/01/2020,12:06:29,559.85,559.75,1563,560,1563,0,5423610
CONCOR-I.NFO,07/01/2020,12:06:46,559.85,559.75,1563,560.25,3126,1563,5423610
CONCOR-I.NFO,07/01/2020,12:06:49,559.75,559.5,1563,559.9,3126,1563,5423610
CONCOR-I.NFO,07/01/2020,12:06:49,559.75,559.5,1563,559.9,3126,0,5423610
CONCOR-I.NFO,07/01/2020,12:06:52,559.75,559.5,1563,559.9,1563,0,5423610
CONCOR-I.NFO,07/01/2020,12:06:55,559.75,559.5,1563,559.95,3126,0,5423610
CONCOR-I.NFO,07/01/2020,12:06:59,559.75,559.5,1563,559.95,1563,0,5423610
CONCOR-I.NFO,07/01/2020,12:07:04,559.75,559.5,1563,560.05,1563,0,5423610
CONCOR-I.NFO,07/01/2020,12:07:07,560,559.5,1563,560.05,1563,1563,5423610
CONCOR-I.NFO,07/01/2020,12:07:17,560,559.5,1563,560.05,1563,0,5423610
CONCOR-I.NFO,07/01/2020,12:07:40,560,559.55,1563,560.2,1563,1563,5423610
CONCOR-I.NFO,07/01/2020,12:07:45,560,559.55,1563,560.15,1563,0,5423610
CONCOR-I.NFO,07/01/2020,12:07:56,560,559.5,1563,560.15,1563,0,5423610
CONCOR-I.NFO,07/01/2020,12:08:00,560,559.55,1563,560.15,1563,0,5423610
CONCOR-I.NFO,07/01/2020,12:08:04,560,559.65,1563,560.25,1563,0,5423610
CONCOR-I.NFO,07/01/2020,12:08:09,560,559.55,1563,560.15,1563,0,5423610
CONCOR-I.NFO,07/01/2020,12:08:13,560,559.65,1563,560.15,1563,0,5423610
CONCOR-I.NFO,07/01/2020,12:08:20,560,559.55,1563,560.1,1563,0,5423610
CONCOR-I.NFO,07/01/2020,12:08:27,560.1,559.6,1563,560.2,1563,1563,5423610
CONCOR-I.NFO,07/01/2020,12:08:32,560.1,559.8,1563,560.35,1563,0,5423610
