Ticker,Date,Time,LTP,BuyPrice,BuyQty,SellPrice,SellQty,LTQ,OpenInterest
FEDERALBNK-I.NFO,07/01/2020,09:15:05,88.25,88.15,7000,88.3,14000,35000,56105000
FEDERALBNK-I.NFO,07/01/2020,09:15:05,88.25,88.15,7000,88.3,14000,0,56105000
FEDERALBNK-I.NFO,07/01/2020,09:15:05,88.3,88.15,7000,88.3,14000,0,56105000
FEDERALBNK-I.NFO,07/01/2020,09:15:05,88.25,88.15,7000,88.3,14000,0,56105000
FEDERALBNK-I.NFO,07/01/2020,09:15:14,88.35,88.2,7000,88.3,7000,84000,56105000
FEDERALBNK-I.NFO,07/01/2020,09:15:14,88.35,88.2,7000,88.3,7000,0,56105000
FEDERALBNK-I.NFO,07/01/2020,09:15:14,88.15,88.2,7000,88.3,7000,0,56105000
FEDERALBNK-I.NFO,07/01/2020,09:15:26,88.55,88.45,7000,88.55,7000,203000,56105000
FEDERALBNK-I.NFO,07/01/2020,09:15:26,88.6,88.45,7000,88.55,7000,0,56105000
FEDERALBNK-I.NFO,07/01/2020,09:15:38,88.55,88.45,21000,88.6,14000,42000,56105000
FEDERALBNK-I.NFO,07/01/2020,09:15:50,89.05,88.9,14000,89.1,7000,476000,56105000
FEDERALBNK-I.NFO,07/01/2020,09:15:50,89.2,88.9,14000,89.1,7000,0,56105000
FEDERALBNK-I.NFO,07/01/2020,09:16:02,89.05,89.05,7000,89.1,7000,77000,56105000
FEDERALBNK-I.NFO,07/01/2020,09:16:02,89.25,89.05,7000,89.1,7000,0,56105000
FEDERALBNK-I.NFO,07/01/2020,09:16:12,89.15,89.1,21000,89.2,7000,98000,56105000
FEDERALBNK-I.NFO,07/01/2020,09:16:22,88.95,88.95,7000,89,14000,84000,56105000
FEDERALBNK-I.NFO,07/01/2020,09:16:31,89,88.95,14000,89.05,7000,70000,56105000
FEDERALBNK-I.NFO,07/01/2020,09:16:40,89.05,88.95,14000,89.05,7000,42000,56105000
FEDERALBNK-I.NFO,07/01/2020,09:16:49,88.95,88.95,7000,89,7000,49000,56105000
FEDERALBNK-I.NFO,07/01/2020,09:16:58,89.05,89,14000,89.1,21000,70000,56105000
FEDERALBNK-I.NFO,07/01/2020,09:17:06,89.15,89.1,14000,89.15,7000,56000,56105000
FEDERALBNK-I.NFO,07/01/2020,09:17:14,89.3,89.2,7000,89.3,28000,126000,56476000
FEDERALBNK-I.NFO,07/01/2020,09:17:14,89.3,89.2,7000,89.3,28000,0,56476000
FEDERALBNK-I.NFO,07/01/2020,09:17:23,89.25,89.25,7000,89.3,28000,7000,56476000
FEDERALBNK-I.NFO,07/01/2020,09:17:32,89.2,89.1,14000,89.15,7000,14000,56476000
FEDERALBNK-I.NFO,07/01/2020,09:17:41,89.1,89.05,14000,89.15,7000,28000,56476000
FEDERALBNK-I.NFO,07/01/2020,09:17:50,89.05,89,28000,89.1,21000,21000,56476000
FEDERALBNK-I.NFO,07/01/2020,09:17:58,89.05,89,28000,89.1,7000,35000,56476000
FEDERALBNK-I.NFO,07/01/2020,09:18:06,89.1,89.1,7000,89.15,7000,49000,56476000
FEDERALBNK-I.NFO,07/01/2020,09:18:13,89.15,89.1,21000,89.2,21000,21000,56476000
FEDERALBNK-I.NFO,07/01/2020,09:18:21,89.1,89.05,14000,89.15,28000,14000,56476000
FEDERALBNK-I.NFO,07/01/2020,09:18:29,89.1,89.05,7000,89.15,21000,0,56476000
FEDERALBNK-I.NFO,07/01/2020,09:18:37,89.1,89.05,7000,89.15,28000,28000,56476000
FEDERALBNK-I.NFO,07/01/2020,09:18:45,89.05,89,14000,89.05,7000,7000,56476000
FEDERALBNK-I.NFO,07/01/2020,09:18:52,88.95,88.9,21000,89,21000,28000,56476000
FEDERALBNK-I.NFO,07/01/2020,09:18:59,88.95,88.9,7000,89,21000,35000,56476000
FEDERALBNK-I.NFO,07/01/2020,09:19:07,88.9,88.85,21000,88.95,7000,63000,56476000
FEDERALBNK-I.NFO,07/01/2020,09:19:15,88.85,88.8,7000,88.9,21000,21000,56476000
FEDERALBNK-I.NFO,07/01/2020,09:19:23,88.85,88.9,7000,89,35000,70000,56476000
FEDERALBNK-I.NFO,07/01/2020,09:19:31,88.95,88.9,7000,88.95,7000,7000,56476000
FEDERALBNK-I.NFO,07/01/2020,09:19:38,88.85,88.8,21000,88.95,35000,7000,56476000
FEDERALBNK-I.NFO,07/01/2020,09:19:46,88.85,88.85,7000,88.95,35000,7000,56476000
FEDERALBNK-I.NFO,07/01/2020,09:19:54,88.85,88.85,14000,88.95,35000,28000,56476000
FEDERALBNK-I.NFO,07/01/2020,09:20:02,88.85,88.85,14000,88.95,28000,7000,56476000
FEDERALBNK-I.NFO,07/01/2020,09:20:10,88.85,88.85,7000,88.95,28000,0,56476000
FEDERALBNK-I.NFO,07/01/2020,09:20:18,88.95,88.9,7000,88.95,14000,7000,56462000
FEDERALBNK-I.NFO,07/01/2020,09:20:25,88.95,88.9,28000,88.95,7000,35000,56462000
FEDERALBNK-I.NFO,07/01/2020,09:20:33,88.95,88.95,7000,89,70000,7000,56462000
FEDERALBNK-I.NFO,07/01/2020,09:20:41,88.9,88.85,7000,88.9,7000,105000,56462000
FEDERALBNK-I.NFO,07/01/2020,09:20:48,88.95,88.9,7000,88.95,14000,7000,56462000
FEDERALBNK-I.NFO,07/01/2020,09:20:56,88.95,88.95,7000,89,28000,63000,56462000
FEDERALBNK-I.NFO,07/01/2020,09:21:04,88.9,88.85,14000,88.95,21000,49000,56462000
FEDERALBNK-I.NFO,07/01/2020,09:21:11,88.95,88.9,28000,89,49000,35000,56462000
FEDERALBNK-I.NFO,07/01/2020,09:21:19,88.95,88.95,14000,89,42000,28000,56462000
FEDERALBNK-I.NFO,07/01/2020,09:21:27,88.95,88.9,21000,89,42000,21000,56462000
FEDERALBNK-I.NFO,07/01/2020,09:21:33,89,88.9,14000,88.95,7000,14000,56462000
FEDERALBNK-I.NFO,07/01/2020,09:21:40,88.9,88.85,14000,88.95,14000,28000,56462000
FEDERALBNK-I.NFO,07/01/2020,09:21:48,88.95,88.95,7000,89,28000,14000,56462000
FEDERALBNK-I.NFO,07/01/2020,09:21:55,88.95,88.95,14000,89,28000,7000,56462000
FEDERALBNK-I.NFO,07/01/2020,09:22:01,88.95,88.95,14000,89,28000,7000,56462000
FEDERALBNK-I.NFO,07/01/2020,09:22:09,89,88.95,14000,89.05,14000,42000,56462000
FEDERALBNK-I.NFO,07/01/2020,09:22:16,88.95,88.95,14000,89,14000,7000,56462000
FEDERALBNK-I.NFO,07/01/2020,09:22:24,88.95,88.9,14000,88.95,14000,14000,56462000
FEDERALBNK-I.NFO,07/01/2020,09:22:31,88.95,88.9,42000,89,21000,7000,56462000
FEDERALBNK-I.NFO,07/01/2020,09:22:38,88.95,88.9,28000,88.95,7000,7000,56462000
FEDERALBNK-I.NFO,07/01/2020,09:22:44,88.9,88.85,14000,88.95,21000,28000,56462000
FEDERALBNK-I.NFO,07/01/2020,09:22:51,88.9,88.85,14000,88.95,21000,0,56462000
FEDERALBNK-I.NFO,07/01/2020,09:22:57,88.9,88.9,14000,89,28000,0,56462000
FEDERALBNK-I.NFO,07/01/2020,09:23:03,88.95,88.85,14000,88.95,14000,7000,56462000
FEDERALBNK-I.NFO,07/01/2020,09:23:10,88.85,88.8,21000,88.9,7000,14000,56462000
FEDERALBNK-I.NFO,07/01/2020,09:23:17,88.85,88.8,21000,88.9,14000,0,56462000
FEDERALBNK-I.NFO,07/01/2020,09:23:24,88.9,88.9,7000,88.95,7000,14000,56623000
FEDERALBNK-I.NFO,07/01/2020,09:23:30,88.9,88.9,7000,88.95,7000,0,56623000
FEDERALBNK-I.NFO,07/01/2020,09:23:37,88.9,88.85,14000,88.9,7000,14000,56623000
FEDERALBNK-I.NFO,07/01/2020,09:23:43,88.8,88.75,77000,88.8,21000,49000,56623000
FEDERALBNK-I.NFO,07/01/2020,09:23:50,88.75,88.75,63000,88.8,28000,14000,56623000
FEDERALBNK-I.NFO,07/01/2020,09:23:57,88.8,88.75,70000,88.8,21000,7000,56623000
FEDERALBNK-I.NFO,07/01/2020,09:24:03,88.8,88.75,77000,88.85,28000,21000,56623000
FEDERALBNK-I.NFO,07/01/2020,09:24:11,88.8,88.75,77000,88.85,28000,14000,56623000
FEDERALBNK-I.NFO,07/01/2020,09:24:18,88.75,88.7,7000,88.75,14000,70000,56623000
FEDERALBNK-I.NFO,07/01/2020,09:24:25,88.65,88.6,28000,88.75,28000,21000,56623000
FEDERALBNK-I.NFO,07/01/2020,09:24:31,88.75,88.6,21000,88.7,7000,7000,56623000
FEDERALBNK-I.NFO,07/01/2020,09:24:38,88.6,88.6,14000,88.7,7000,14000,56623000
FEDERALBNK-I.NFO,07/01/2020,09:24:44,88.6,88.6,7000,88.65,7000,7000,56623000
FEDERALBNK-I.NFO,07/01/2020,09:24:51,88.65,88.6,7000,88.65,7000,7000,56623000
FEDERALBNK-I.NFO,07/01/2020,09:24:57,88.65,88.6,14000,88.65,7000,7000,56623000
FEDERALBNK-I.NFO,07/01/2020,09:25:04,88.65,88.6,14000,88.7,14000,0,56623000
FEDERALBNK-I.NFO,07/01/2020,09:25:11,88.65,88.65,14000,88.7,7000,0,56623000
FEDERALBNK-I.NFO,07/01/2020,09:25:18,88.6,88.55,14000,88.65,7000,42000,56623000
FEDERALBNK-I.NFO,07/01/2020,09:25:26,88.6,88.55,14000,88.6,7000,0,56623000
FEDERALBNK-I.NFO,07/01/2020,09:25:40,88.6,88.55,21000,88.6,14000,0,56623000
FEDERALBNK-I.NFO,07/01/2020,09:25:50,88.6,88.55,21000,88.6,35000,0,56623000
FEDERALBNK-I.NFO,07/01/2020,09:26:03,88.6,88.55,7000,88.6,49000,14000,56623000
FEDERALBNK-I.NFO,07/01/2020,09:26:11,88.55,88.55,7000,88.6,42000,28000,56623000
FEDERALBNK-I.NFO,07/01/2020,09:26:18,88.55,88.55,14000,88.6,42000,0,56623000
FEDERALBNK-I.NFO,07/01/2020,09:26:23,88.6,88.55,14000,88.6,35000,7000,56588000
FEDERALBNK-I.NFO,07/01/2020,09:26:29,88.55,88.55,7000,88.6,28000,14000,56588000
FEDERALBNK-I.NFO,07/01/2020,09:26:35,88.5,88.5,84000,88.55,14000,105000,56588000
FEDERALBNK-I.NFO,07/01/2020,09:26:42,88.5,88.5,84000,88.55,14000,0,56588000
FEDERALBNK-I.NFO,07/01/2020,09:26:48,88.45,88.35,21000,88.5,21000,112000,56588000
FEDERALBNK-I.NFO,07/01/2020,09:26:53,88.45,88.35,7000,88.4,7000,0,56588000
FEDERALBNK-I.NFO,07/01/2020,09:26:58,88.4,88.35,14000,88.45,14000,7000,56588000
FEDERALBNK-I.NFO,07/01/2020,09:27:03,88.4,88.35,7000,88.4,7000,7000,56588000
FEDERALBNK-I.NFO,07/01/2020,09:27:08,88.4,88.35,14000,88.4,7000,7000,56588000
FEDERALBNK-I.NFO,07/01/2020,09:27:14,88.4,88.35,14000,88.4,7000,0,56588000
FEDERALBNK-I.NFO,07/01/2020,09:27:20,88.4,88.4,7000,88.45,14000,0,56588000
FEDERALBNK-I.NFO,07/01/2020,09:27:26,88.45,88.4,21000,88.5,7000,7000,56588000
FEDERALBNK-I.NFO,07/01/2020,09:27:33,88.45,88.4,21000,88.5,7000,0,56588000
FEDERALBNK-I.NFO,07/01/2020,09:27:38,88.45,88.45,7000,88.55,21000,7000,56588000
FEDERALBNK-I.NFO,07/01/2020,09:27:44,88.45,88.45,7000,88.5,7000,0,56588000
FEDERALBNK-I.NFO,07/01/2020,09:28:01,88.45,88.45,14000,88.5,7000,0,56588000
FEDERALBNK-I.NFO,07/01/2020,09:28:11,88.5,88.45,7000,88.5,7000,21000,56588000
FEDERALBNK-I.NFO,07/01/2020,09:28:17,88.45,88.45,7000,88.5,14000,7000,56588000
FEDERALBNK-I.NFO,07/01/2020,09:28:23,88.45,88.4,7000,88.45,7000,7000,56588000
FEDERALBNK-I.NFO,07/01/2020,09:28:29,88.45,88.4,7000,88.45,7000,0,56588000
FEDERALBNK-I.NFO,07/01/2020,09:28:34,88.45,88.4,7000,88.45,7000,7000,56588000
FEDERALBNK-I.NFO,07/01/2020,09:28:39,88.45,88.4,7000,88.45,7000,14000,56588000
FEDERALBNK-I.NFO,07/01/2020,09:28:45,88.45,88.4,7000,88.45,7000,0,56588000
FEDERALBNK-I.NFO,07/01/2020,09:28:51,88.5,88.45,7000,88.55,14000,7000,56588000
FEDERALBNK-I.NFO,07/01/2020,09:28:57,88.5,88.45,28000,88.55,14000,7000,56588000
FEDERALBNK-I.NFO,07/01/2020,09:29:03,88.5,88.45,21000,88.5,7000,0,56588000
FEDERALBNK-I.NFO,07/01/2020,09:29:09,88.5,88.45,7000,88.5,7000,21000,56588000
FEDERALBNK-I.NFO,07/01/2020,09:29:15,88.55,88.5,203000,88.6,14000,28000,56588000
FEDERALBNK-I.NFO,07/01/2020,09:29:21,88.55,88.5,203000,88.6,14000,0,56588000
FEDERALBNK-I.NFO,07/01/2020,09:29:26,88.55,88.5,203000,88.6,14000,7000,56735000
FEDERALBNK-I.NFO,07/01/2020,09:29:32,88.6,88.5,196000,88.55,7000,7000,56735000
FEDERALBNK-I.NFO,07/01/2020,09:29:39,88.55,88.5,196000,88.55,7000,7000,56735000
FEDERALBNK-I.NFO,07/01/2020,09:29:57,88.55,88.5,203000,88.6,14000,14000,56735000
FEDERALBNK-I.NFO,07/01/2020,09:30:03,88.45,88.45,7000,88.55,21000,217000,56735000
FEDERALBNK-I.NFO,07/01/2020,09:30:10,88.45,88.45,7000,88.55,14000,0,56735000
FEDERALBNK-I.NFO,07/01/2020,09:30:17,88.55,88.5,7000,88.6,14000,14000,56735000
FEDERALBNK-I.NFO,07/01/2020,09:30:23,88.55,88.5,14000,88.6,7000,21000,56735000
FEDERALBNK-I.NFO,07/01/2020,09:30:29,88.55,88.5,14000,88.6,7000,0,56735000
FEDERALBNK-I.NFO,07/01/2020,09:30:34,88.55,88.55,7000,88.6,7000,0,56735000
FEDERALBNK-I.NFO,07/01/2020,09:30:40,88.6,88.6,7000,88.65,14000,14000,56735000
FEDERALBNK-I.NFO,07/01/2020,09:30:45,88.6,88.6,14000,88.65,7000,0,56735000
FEDERALBNK-I.NFO,07/01/2020,09:30:50,88.6,88.55,7000,88.6,7000,21000,56735000
FEDERALBNK-I.NFO,07/01/2020,09:30:55,88.6,88.55,14000,88.65,14000,7000,56735000
FEDERALBNK-I.NFO,07/01/2020,09:31:01,88.6,88.55,7000,88.6,7000,0,56735000
FEDERALBNK-I.NFO,07/01/2020,09:31:07,88.6,88.6,7000,88.65,7000,7000,56735000
FEDERALBNK-I.NFO,07/01/2020,09:31:14,88.65,88.65,14000,88.7,14000,7000,56735000
FEDERALBNK-I.NFO,07/01/2020,09:31:20,88.7,88.65,14000,88.75,49000,14000,56735000
FEDERALBNK-I.NFO,07/01/2020,09:31:26,88.7,88.7,7000,88.75,42000,0,56735000
FEDERALBNK-I.NFO,07/01/2020,09:31:31,88.75,88.7,7000,88.75,28000,7000,56735000
FEDERALBNK-I.NFO,07/01/2020,09:31:36,88.7,88.65,28000,88.75,28000,14000,56735000
FEDERALBNK-I.NFO,07/01/2020,09:31:42,88.7,88.65,28000,88.75,35000,0,56735000
FEDERALBNK-I.NFO,07/01/2020,09:31:47,88.7,88.65,28000,88.75,28000,0,56735000
FEDERALBNK-I.NFO,07/01/2020,09:32:01,88.7,88.65,35000,88.75,21000,14000,56735000
FEDERALBNK-I.NFO,07/01/2020,09:32:06,88.7,88.7,7000,88.75,21000,0,56735000
FEDERALBNK-I.NFO,07/01/2020,09:32:11,88.7,88.65,35000,88.75,21000,7000,56735000
FEDERALBNK-I.NFO,07/01/2020,09:32:16,88.7,88.65,35000,88.75,21000,0,56735000
FEDERALBNK-I.NFO,07/01/2020,09:32:23,88.7,88.65,28000,88.75,21000,0,56735000
FEDERALBNK-I.NFO,07/01/2020,09:32:47,88.7,88.7,21000,88.75,21000,0,56735000
FEDERALBNK-I.NFO,07/01/2020,09:32:53,88.7,88.7,14000,88.75,14000,0,56735000
FEDERALBNK-I.NFO,07/01/2020,09:32:58,88.7,88.65,21000,88.7,7000,14000,56959000
FEDERALBNK-I.NFO,07/01/2020,09:33:03,88.7,88.65,14000,88.7,7000,0,56959000
FEDERALBNK-I.NFO,07/01/2020,09:33:09,88.7,88.65,7000,88.7,7000,0,56959000
FEDERALBNK-I.NFO,07/01/2020,09:33:15,88.65,88.6,28000,88.7,21000,14000,56959000
FEDERALBNK-I.NFO,07/01/2020,09:33:20,88.65,88.6,28000,88.7,21000,0,56959000
FEDERALBNK-I.NFO,07/01/2020,09:33:32,88.65,88.65,7000,88.7,14000,0,56959000
FEDERALBNK-I.NFO,07/01/2020,09:33:37,88.65,88.65,7000,88.7,21000,0,56959000
FEDERALBNK-I.NFO,07/01/2020,09:33:42,88.65,88.6,35000,88.7,21000,7000,56959000
FEDERALBNK-I.NFO,07/01/2020,09:33:48,88.7,88.65,21000,88.75,21000,21000,56959000
FEDERALBNK-I.NFO,07/01/2020,09:33:53,88.7,88.7,14000,88.75,14000,0,56959000
FEDERALBNK-I.NFO,07/01/2020,09:33:58,88.75,88.7,14000,88.75,14000,7000,56959000
FEDERALBNK-I.NFO,07/01/2020,09:34:03,88.75,88.75,14000,88.8,7000,7000,56959000
FEDERALBNK-I.NFO,07/01/2020,09:34:08,88.75,88.7,28000,88.85,14000,14000,56959000
FEDERALBNK-I.NFO,07/01/2020,09:34:14,88.7,88.65,7000,88.7,7000,7000,56959000
FEDERALBNK-I.NFO,07/01/2020,09:34:18,88.7,88.65,14000,88.75,14000,7000,56959000
FEDERALBNK-I.NFO,07/01/2020,09:34:23,88.75,88.65,14000,88.75,14000,28000,56959000
FEDERALBNK-I.NFO,07/01/2020,09:34:28,88.75,88.6,28000,88.7,7000,0,56959000
FEDERALBNK-I.NFO,07/01/2020,09:34:39,88.6,88.6,14000,88.7,7000,14000,56959000
FEDERALBNK-I.NFO,07/01/2020,09:34:44,88.6,88.6,7000,88.7,7000,0,56959000
FEDERALBNK-I.NFO,07/01/2020,09:34:59,88.6,88.6,14000,88.7,21000,0,56959000
FEDERALBNK-I.NFO,07/01/2020,09:35:04,88.6,88.6,7000,88.7,21000,21000,56959000
FEDERALBNK-I.NFO,07/01/2020,09:35:09,88.6,88.55,28000,88.7,21000,7000,56959000
FEDERALBNK-I.NFO,07/01/2020,09:35:14,88.6,88.55,28000,88.7,21000,0,56959000
FEDERALBNK-I.NFO,07/01/2020,09:35:29,88.6,88.55,28000,88.7,28000,0,56959000
FEDERALBNK-I.NFO,07/01/2020,09:35:34,88.55,88.55,7000,88.6,7000,28000,57001000
FEDERALBNK-I.NFO,07/01/2020,09:35:41,88.5,88.5,42000,88.6,21000,21000,57001000
FEDERALBNK-I.NFO,07/01/2020,09:35:48,88.55,88.5,35000,88.6,28000,7000,57001000
FEDERALBNK-I.NFO,07/01/2020,09:35:55,88.55,88.5,35000,88.6,28000,0,57001000
FEDERALBNK-I.NFO,07/01/2020,09:36:01,88.55,88.5,35000,88.6,7000,35000,57001000
FEDERALBNK-I.NFO,07/01/2020,09:36:07,88.5,88.5,28000,88.6,14000,7000,57001000
FEDERALBNK-I.NFO,07/01/2020,09:36:13,88.5,88.45,14000,88.55,7000,42000,57001000
FEDERALBNK-I.NFO,07/01/2020,09:36:19,88.5,88.45,14000,88.55,7000,0,57001000
FEDERALBNK-I.NFO,07/01/2020,09:36:25,88.5,88.45,14000,88.55,14000,0,57001000
FEDERALBNK-I.NFO,07/01/2020,09:36:30,88.5,88.45,21000,88.55,28000,0,57001000
FEDERALBNK-I.NFO,07/01/2020,09:36:39,88.5,88.45,21000,88.55,28000,7000,57001000
FEDERALBNK-I.NFO,07/01/2020,09:36:45,88.45,88.45,14000,88.55,28000,7000,57001000
FEDERALBNK-I.NFO,07/01/2020,09:36:49,88.45,88.45,14000,88.55,28000,0,57001000
FEDERALBNK-I.NFO,07/01/2020,09:36:55,88.45,88.5,7000,88.55,21000,0,57001000
FEDERALBNK-I.NFO,07/01/2020,09:37:19,88.55,88.5,14000,88.55,14000,7000,57001000
FEDERALBNK-I.NFO,07/01/2020,09:37:24,88.55,88.5,14000,88.55,14000,0,57001000
FEDERALBNK-I.NFO,07/01/2020,09:37:40,88.5,88.45,14000,88.55,21000,14000,57001000
FEDERALBNK-I.NFO,07/01/2020,09:37:45,88.45,88.4,14000,88.5,14000,14000,57001000
FEDERALBNK-I.NFO,07/01/2020,09:37:54,88.45,88.4,14000,88.5,35000,0,57001000
FEDERALBNK-I.NFO,07/01/2020,09:37:58,88.45,88.45,7000,88.5,28000,0,57001000
FEDERALBNK-I.NFO,07/01/2020,09:38:12,88.5,88.45,21000,88.5,21000,7000,57001000
FEDERALBNK-I.NFO,07/01/2020,09:38:17,88.45,88.45,21000,88.5,14000,14000,57036000
FEDERALBNK-I.NFO,07/01/2020,09:38:22,88.5,88.45,21000,88.5,7000,7000,57036000
FEDERALBNK-I.NFO,07/01/2020,09:38:27,88.5,88.45,21000,88.5,7000,0,57036000
FEDERALBNK-I.NFO,07/01/2020,09:38:36,88.5,88.45,28000,88.5,7000,0,57036000
FEDERALBNK-I.NFO,07/01/2020,09:38:40,88.5,88.45,35000,88.55,14000,7000,57036000
FEDERALBNK-I.NFO,07/01/2020,09:38:45,88.5,88.45,35000,88.55,14000,0,57036000
FEDERALBNK-I.NFO,07/01/2020,09:39:04,88.5,88.5,14000,88.6,28000,0,57036000
FEDERALBNK-I.NFO,07/01/2020,09:39:08,88.5,88.5,14000,88.6,21000,14000,57036000
FEDERALBNK-I.NFO,07/01/2020,09:39:13,88.5,88.5,21000,88.6,21000,0,57036000
FEDERALBNK-I.NFO,07/01/2020,09:39:19,88.5,88.55,14000,88.65,7000,0,57036000
FEDERALBNK-I.NFO,07/01/2020,09:39:30,88.7,88.55,14000,88.7,35000,14000,57036000
FEDERALBNK-I.NFO,07/01/2020,09:39:35,88.7,88.55,21000,88.7,35000,0,57036000
FEDERALBNK-I.NFO,07/01/2020,09:39:40,88.7,88.55,21000,88.7,14000,0,57036000
FEDERALBNK-I.NFO,07/01/2020,09:39:45,88.65,88.65,14000,88.75,21000,21000,57036000
FEDERALBNK-I.NFO,07/01/2020,09:39:50,88.65,88.65,14000,88.7,14000,0,57036000
FEDERALBNK-I.NFO,07/01/2020,09:39:54,88.6,88.55,14000,88.65,7000,21000,57036000
FEDERALBNK-I.NFO,07/01/2020,09:39:58,88.6,88.6,7000,88.65,7000,0,57036000
FEDERALBNK-I.NFO,07/01/2020,09:40:04,88.6,88.6,21000,88.7,14000,0,57036000
FEDERALBNK-I.NFO,07/01/2020,09:40:09,88.65,88.6,21000,88.65,7000,7000,57036000
FEDERALBNK-I.NFO,07/01/2020,09:40:15,88.65,88.6,21000,88.65,7000,0,57036000
FEDERALBNK-I.NFO,07/01/2020,09:40:21,88.55,88.55,21000,88.65,21000,28000,57036000
FEDERALBNK-I.NFO,07/01/2020,09:40:26,88.55,88.55,21000,88.65,21000,0,57036000
FEDERALBNK-I.NFO,07/01/2020,09:40:36,88.55,88.55,21000,88.65,14000,0,57036000
FEDERALBNK-I.NFO,07/01/2020,09:40:51,88.55,88.55,28000,88.65,14000,0,57036000
FEDERALBNK-I.NFO,07/01/2020,09:40:55,88.65,88.55,28000,88.65,14000,14000,57036000
FEDERALBNK-I.NFO,07/01/2020,09:41:00,88.55,88.55,21000,88.65,14000,7000,57036000
FEDERALBNK-I.NFO,07/01/2020,09:41:06,88.55,88.55,21000,88.65,7000,0,57036000
FEDERALBNK-I.NFO,07/01/2020,09:41:16,88.55,88.55,21000,88.65,14000,0,57036000
FEDERALBNK-I.NFO,07/01/2020,09:41:20,88.55,88.55,14000,88.6,7000,0,57036000
FEDERALBNK-I.NFO,07/01/2020,09:41:31,88.6,88.6,7000,88.65,7000,7000,56959000
FEDERALBNK-I.NFO,07/01/2020,09:41:36,88.6,88.6,7000,88.65,14000,7000,56959000
FEDERALBNK-I.NFO,07/01/2020,09:41:40,88.6,88.6,7000,88.65,14000,0,56959000
FEDERALBNK-I.NFO,07/01/2020,09:41:44,88.6,88.6,14000,88.65,14000,14000,56959000
FEDERALBNK-I.NFO,07/01/2020,09:41:49,88.65,88.6,21000,88.7,21000,7000,56959000
FEDERALBNK-I.NFO,07/01/2020,09:41:55,88.65,88.6,28000,88.7,14000,7000,56959000
FEDERALBNK-I.NFO,07/01/2020,09:42:01,88.65,88.6,28000,88.7,14000,0,56959000
FEDERALBNK-I.NFO,07/01/2020,09:42:08,88.6,88.55,14000,88.65,14000,14000,56959000
FEDERALBNK-I.NFO,07/01/2020,09:42:15,88.6,88.55,7000,88.6,7000,7000,56959000
FEDERALBNK-I.NFO,07/01/2020,09:42:21,88.6,88.55,7000,88.6,7000,7000,56959000
FEDERALBNK-I.NFO,07/01/2020,09:42:28,88.55,88.55,7000,88.65,14000,14000,56959000
FEDERALBNK-I.NFO,07/01/2020,09:42:35,88.5,88.5,21000,88.6,7000,56000,56959000
FEDERALBNK-I.NFO,07/01/2020,09:42:43,88.5,88.5,21000,88.6,7000,0,56959000
FEDERALBNK-I.NFO,07/01/2020,09:42:49,88.5,88.55,7000,88.6,14000,0,56959000
FEDERALBNK-I.NFO,07/01/2020,09:42:54,88.6,88.55,7000,88.6,7000,49000,56959000
FEDERALBNK-I.NFO,07/01/2020,09:43:00,88.6,88.55,7000,88.65,14000,0,56959000
FEDERALBNK-I.NFO,07/01/2020,09:43:06,88.55,88.5,28000,88.6,14000,7000,56959000
FEDERALBNK-I.NFO,07/01/2020,09:43:12,88.5,88.5,21000,88.6,21000,7000,56959000
FEDERALBNK-I.NFO,07/01/2020,09:43:18,88.7,88.55,7000,88.65,7000,28000,56959000
FEDERALBNK-I.NFO,07/01/2020,09:43:22,88.7,88.55,7000,88.65,7000,0,56959000
FEDERALBNK-I.NFO,07/01/2020,09:43:28,88.7,88.55,14000,88.65,7000,0,56959000
FEDERALBNK-I.NFO,07/01/2020,09:43:37,88.7,88.55,21000,88.65,7000,0,56959000
FEDERALBNK-I.NFO,07/01/2020,09:43:47,88.65,88.6,7000,88.7,84000,7000,56959000
FEDERALBNK-I.NFO,07/01/2020,09:43:52,88.65,88.6,7000,88.7,84000,0,56959000
FEDERALBNK-I.NFO,07/01/2020,09:43:57,88.65,88.6,7000,88.7,91000,0,56959000
FEDERALBNK-I.NFO,07/01/2020,09:44:08,88.7,88.6,7000,88.7,84000,7000,56959000
FEDERALBNK-I.NFO,07/01/2020,09:44:14,88.7,88.6,7000,88.7,70000,0,56959000
FEDERALBNK-I.NFO,07/01/2020,09:44:24,88.7,88.65,7000,88.7,63000,7000,57113000
FEDERALBNK-I.NFO,07/01/2020,09:44:35,88.7,88.65,7000,88.7,63000,0,57113000
FEDERALBNK-I.NFO,07/01/2020,09:44:41,88.7,88.65,7000,88.7,56000,7000,57113000
FEDERALBNK-I.NFO,07/01/2020,09:44:46,88.7,88.65,7000,88.7,56000,0,57113000
FEDERALBNK-I.NFO,07/01/2020,09:44:57,88.65,88.65,7000,88.7,56000,7000,57113000
FEDERALBNK-I.NFO,07/01/2020,09:45:02,88.65,88.65,7000,88.7,56000,0,57113000
FEDERALBNK-I.NFO,07/01/2020,09:45:08,88.7,88.7,7000,88.75,21000,56000,57113000
FEDERALBNK-I.NFO,07/01/2020,09:45:15,88.7,88.65,21000,88.75,21000,0,57113000
FEDERALBNK-I.NFO,07/01/2020,09:45:21,88.7,88.65,21000,88.75,28000,0,57113000
FEDERALBNK-I.NFO,07/01/2020,09:45:26,88.7,88.7,7000,88.75,28000,0,57113000
FEDERALBNK-I.NFO,07/01/2020,09:45:31,88.5,88.5,14000,88.6,7000,140000,57113000
FEDERALBNK-I.NFO,07/01/2020,09:45:36,88.5,88.55,7000,88.6,7000,0,57113000
FEDERALBNK-I.NFO,07/01/2020,09:45:41,88.5,88.5,21000,88.6,14000,0,57113000
FEDERALBNK-I.NFO,07/01/2020,09:45:45,88.5,88.5,28000,88.6,14000,0,57113000
FEDERALBNK-I.NFO,07/01/2020,09:45:50,88.6,88.55,28000,88.65,14000,14000,57113000
FEDERALBNK-I.NFO,07/01/2020,09:45:55,88.6,88.55,21000,88.65,14000,0,57113000
FEDERALBNK-I.NFO,07/01/2020,09:46:08,88.6,88.55,14000,88.6,14000,0,57113000
FEDERALBNK-I.NFO,07/01/2020,09:46:13,88.6,88.55,14000,88.6,7000,0,57113000
FEDERALBNK-I.NFO,07/01/2020,09:46:18,88.6,88.55,14000,88.6,21000,0,57113000
FEDERALBNK-I.NFO,07/01/2020,09:46:23,88.6,88.55,14000,88.6,7000,7000,57113000
FEDERALBNK-I.NFO,07/01/2020,09:46:34,88.55,88.55,7000,88.6,7000,7000,57113000
FEDERALBNK-I.NFO,07/01/2020,09:46:39,88.55,88.5,28000,88.6,14000,0,57113000
FEDERALBNK-I.NFO,07/01/2020,09:46:45,88.55,88.55,7000,88.6,14000,0,57113000
FEDERALBNK-I.NFO,07/01/2020,09:46:50,88.55,88.55,7000,88.6,7000,0,57113000
FEDERALBNK-I.NFO,07/01/2020,09:46:54,88.55,88.55,7000,88.6,14000,0,57113000
FEDERALBNK-I.NFO,07/01/2020,09:47:02,88.55,88.55,7000,88.6,7000,0,57113000
FEDERALBNK-I.NFO,07/01/2020,09:47:07,88.6,88.55,7000,88.6,14000,7000,57113000
FEDERALBNK-I.NFO,07/01/2020,09:47:11,88.6,88.55,7000,88.6,14000,0,57113000
FEDERALBNK-I.NFO,07/01/2020,09:47:25,88.6,88.55,7000,88.6,7000,0,57113000
FEDERALBNK-I.NFO,07/01/2020,09:47:33,88.6,88.55,14000,88.65,14000,7000,57057000
FEDERALBNK-I.NFO,07/01/2020,09:47:42,88.65,88.6,7000,88.7,21000,21000,57057000
FEDERALBNK-I.NFO,07/01/2020,09:47:47,88.65,88.6,7000,88.7,28000,0,57057000
FEDERALBNK-I.NFO,07/01/2020,09:48:01,88.65,88.6,28000,88.7,28000,0,57057000
FEDERALBNK-I.NFO,07/01/2020,09:48:06,88.65,88.6,21000,88.65,21000,0,57057000
FEDERALBNK-I.NFO,07/01/2020,09:48:10,88.65,88.55,21000,88.65,14000,7000,57057000
FEDERALBNK-I.NFO,07/01/2020,09:48:18,88.6,88.55,7000,88.6,7000,14000,57057000
FEDERALBNK-I.NFO,07/01/2020,09:48:22,88.6,88.55,21000,88.65,21000,0,57057000
FEDERALBNK-I.NFO,07/01/2020,09:48:26,88.6,88.55,28000,88.65,21000,0,57057000
FEDERALBNK-I.NFO,07/01/2020,09:48:34,88.6,88.55,21000,88.65,21000,0,57057000
FEDERALBNK-I.NFO,07/01/2020,09:48:44,88.6,88.55,21000,88.65,21000,7000,57057000
FEDERALBNK-I.NFO,07/01/2020,09:48:48,88.6,88.55,21000,88.65,21000,0,57057000
FEDERALBNK-I.NFO,07/01/2020,09:48:51,88.65,88.55,21000,88.65,21000,7000,57057000
FEDERALBNK-I.NFO,07/01/2020,09:48:56,88.65,88.55,21000,88.65,21000,0,57057000
FEDERALBNK-I.NFO,07/01/2020,09:49:04,88.6,88.55,28000,88.65,21000,7000,57057000
FEDERALBNK-I.NFO,07/01/2020,09:49:09,88.6,88.6,7000,88.65,14000,0,57057000
FEDERALBNK-I.NFO,07/01/2020,09:49:12,88.5,88.45,21000,88.55,14000,98000,57057000
FEDERALBNK-I.NFO,07/01/2020,09:49:16,88.45,88.45,21000,88.55,14000,7000,57057000
FEDERALBNK-I.NFO,07/01/2020,09:49:20,88.45,88.45,21000,88.5,7000,0,57057000
FEDERALBNK-I.NFO,07/01/2020,09:49:30,88.45,88.45,21000,88.55,21000,7000,57057000
FEDERALBNK-I.NFO,07/01/2020,09:49:36,88.45,88.45,21000,88.55,21000,0,57057000
FEDERALBNK-I.NFO,07/01/2020,09:50:22,88.55,88.45,21000,88.55,14000,7000,57078000
FEDERALBNK-I.NFO,07/01/2020,09:50:25,88.55,88.45,28000,88.55,7000,7000,57078000
FEDERALBNK-I.NFO,07/01/2020,09:50:32,88.55,88.45,28000,88.55,7000,0,57078000
FEDERALBNK-I.NFO,07/01/2020,09:50:39,88.45,88.45,21000,88.5,7000,7000,57078000
FEDERALBNK-I.NFO,07/01/2020,09:50:45,88.45,88.45,21000,88.5,7000,0,57078000
FEDERALBNK-I.NFO,07/01/2020,09:50:49,88.45,88.45,28000,88.55,7000,0,57078000
FEDERALBNK-I.NFO,07/01/2020,09:51:12,88.45,88.45,21000,88.55,7000,0,57078000
FEDERALBNK-I.NFO,07/01/2020,09:51:16,88.45,88.45,28000,88.55,7000,0,57078000
FEDERALBNK-I.NFO,07/01/2020,09:51:42,88.55,88.55,77000,88.6,7000,35000,57078000
FEDERALBNK-I.NFO,07/01/2020,09:51:46,88.55,88.55,77000,88.6,7000,0,57078000
FEDERALBNK-I.NFO,07/01/2020,09:51:54,88.6,88.6,14000,88.65,14000,7000,57078000
FEDERALBNK-I.NFO,07/01/2020,09:51:58,88.6,88.6,14000,88.65,14000,0,57078000
FEDERALBNK-I.NFO,07/01/2020,09:52:18,88.6,88.55,84000,88.65,21000,7000,57078000
FEDERALBNK-I.NFO,07/01/2020,09:52:23,88.6,88.55,84000,88.65,21000,0,57078000
FEDERALBNK-I.NFO,07/01/2020,09:52:33,88.6,88.55,84000,88.65,28000,0,57078000
FEDERALBNK-I.NFO,07/01/2020,09:52:38,88.65,88.55,84000,88.65,21000,7000,57078000
FEDERALBNK-I.NFO,07/01/2020,09:52:43,88.65,88.55,84000,88.65,21000,0,57078000
FEDERALBNK-I.NFO,07/01/2020,09:53:09,88.6,88.55,77000,88.6,7000,7000,57078000
FEDERALBNK-I.NFO,07/01/2020,09:53:14,88.6,88.55,77000,88.6,7000,0,57078000
FEDERALBNK-I.NFO,07/01/2020,09:53:23,88.55,88.5,7000,88.55,14000,84000,57127000
FEDERALBNK-I.NFO,07/01/2020,09:53:28,88.55,88.5,7000,88.55,14000,0,57127000
FEDERALBNK-I.NFO,07/01/2020,09:53:54,88.55,88.45,7000,88.5,7000,0,57127000
FEDERALBNK-I.NFO,07/01/2020,09:53:59,88.45,88.4,14000,88.5,7000,7000,57127000
FEDERALBNK-I.NFO,07/01/2020,09:54:18,88.45,88.4,21000,88.5,7000,7000,57127000
FEDERALBNK-I.NFO,07/01/2020,09:54:23,88.45,88.4,14000,88.5,7000,0,57127000
FEDERALBNK-I.NFO,07/01/2020,09:54:28,88.45,88.4,21000,88.5,7000,0,57127000
FEDERALBNK-I.NFO,07/01/2020,09:54:33,88.45,88.4,21000,88.5,14000,0,57127000
FEDERALBNK-I.NFO,07/01/2020,09:54:37,88.45,88.4,14000,88.5,14000,0,57127000
FEDERALBNK-I.NFO,07/01/2020,09:55:02,88.5,88.4,14000,88.5,7000,7000,57127000
FEDERALBNK-I.NFO,07/01/2020,09:55:08,88.5,88.5,7000,88.55,7000,7000,57127000
FEDERALBNK-I.NFO,07/01/2020,09:55:13,88.5,88.5,7000,88.6,21000,0,57127000
FEDERALBNK-I.NFO,07/01/2020,09:55:17,88.5,88.5,7000,88.55,7000,0,57127000
FEDERALBNK-I.NFO,07/01/2020,09:55:22,88.5,88.5,21000,88.6,21000,0,57127000
FEDERALBNK-I.NFO,07/01/2020,09:55:26,88.5,88.5,28000,88.6,21000,0,57127000
FEDERALBNK-I.NFO,07/01/2020,09:55:39,88.5,88.5,21000,88.55,7000,0,57127000
FEDERALBNK-I.NFO,07/01/2020,09:55:44,88.5,88.5,28000,88.6,21000,0,57127000
FEDERALBNK-I.NFO,07/01/2020,09:55:52,88.5,88.5,28000,88.6,28000,0,57127000
FEDERALBNK-I.NFO,07/01/2020,09:55:58,88.5,88.5,21000,88.6,28000,0,57127000
FEDERALBNK-I.NFO,07/01/2020,09:56:02,88.5,88.45,7000,88.55,21000,21000,57127000
FEDERALBNK-I.NFO,07/01/2020,09:56:07,88.55,88.45,14000,88.55,14000,7000,57127000
FEDERALBNK-I.NFO,07/01/2020,09:56:12,88.55,88.45,7000,88.55,14000,0,57127000
FEDERALBNK-I.NFO,07/01/2020,09:56:27,88.55,88.4,21000,88.5,7000,0,57127000
FEDERALBNK-I.NFO,07/01/2020,09:56:45,88.45,88.4,21000,88.5,14000,7000,56924000
FEDERALBNK-I.NFO,07/01/2020,09:56:49,88.45,88.4,21000,88.5,14000,0,56924000
FEDERALBNK-I.NFO,07/01/2020,09:56:53,88.45,88.4,21000,88.5,21000,0,56924000
FEDERALBNK-I.NFO,07/01/2020,09:56:57,88.45,88.4,14000,88.5,35000,0,56924000
FEDERALBNK-I.NFO,07/01/2020,09:57:15,88.45,88.4,7000,88.45,7000,0,56924000
FEDERALBNK-I.NFO,07/01/2020,09:57:46,88.45,88.4,14000,88.5,35000,0,56924000
FEDERALBNK-I.NFO,07/01/2020,09:58:02,88.45,88.4,35000,88.5,21000,0,56924000
FEDERALBNK-I.NFO,07/01/2020,09:58:29,88.45,88.4,42000,88.5,21000,0,56924000
FEDERALBNK-I.NFO,07/01/2020,09:58:48,88.45,88.4,35000,88.5,21000,7000,56924000
FEDERALBNK-I.NFO,07/01/2020,09:58:53,88.45,88.4,28000,88.45,7000,0,56924000
FEDERALBNK-I.NFO,07/01/2020,09:58:59,88.45,88.4,35000,88.5,21000,0,56924000
FEDERALBNK-I.NFO,07/01/2020,09:59:09,88.45,88.4,28000,88.45,7000,0,56924000
FEDERALBNK-I.NFO,07/01/2020,09:59:50,88.45,88.4,28000,88.45,28000,0,56924000
FEDERALBNK-I.NFO,07/01/2020,10:00:22,88.35,88.35,14000,88.45,14000,49000,56868000
FEDERALBNK-I.NFO,07/01/2020,10:00:27,88.35,88.35,14000,88.45,14000,0,56868000
FEDERALBNK-I.NFO,07/01/2020,10:00:36,88.35,88.35,7000,88.4,7000,0,56868000
FEDERALBNK-I.NFO,07/01/2020,10:00:45,88.3,88.3,21000,88.35,7000,35000,56868000
FEDERALBNK-I.NFO,07/01/2020,10:00:52,88.3,88.3,21000,88.35,7000,0,56868000
FEDERALBNK-I.NFO,07/01/2020,10:00:58,88.25,88.25,7000,88.3,14000,49000,56868000
FEDERALBNK-I.NFO,07/01/2020,10:01:03,88.25,88.2,42000,88.3,28000,28000,56868000
FEDERALBNK-I.NFO,07/01/2020,10:01:09,88.2,88.2,14000,88.25,14000,35000,56868000
FEDERALBNK-I.NFO,07/01/2020,10:01:15,88.2,88.2,21000,88.25,14000,0,56868000
FEDERALBNK-I.NFO,07/01/2020,10:01:21,88.2,88.2,28000,88.25,21000,7000,56868000
FEDERALBNK-I.NFO,07/01/2020,10:01:27,88.2,88.2,7000,88.25,21000,14000,56868000
FEDERALBNK-I.NFO,07/01/2020,10:01:33,88.2,88.15,35000,88.25,28000,21000,56868000
FEDERALBNK-I.NFO,07/01/2020,10:01:39,88.15,88.15,35000,88.25,28000,14000,56868000
FEDERALBNK-I.NFO,07/01/2020,10:01:45,88.25,88.15,28000,88.25,21000,7000,56868000
FEDERALBNK-I.NFO,07/01/2020,10:01:55,88.25,88.15,21000,88.2,7000,0,56868000
FEDERALBNK-I.NFO,07/01/2020,10:02:06,88.25,88.15,21000,88.2,14000,0,56868000
FEDERALBNK-I.NFO,07/01/2020,10:02:11,88.15,88.15,7000,88.2,7000,14000,56868000
FEDERALBNK-I.NFO,07/01/2020,10:02:17,88.2,88.15,21000,88.25,28000,7000,56868000
FEDERALBNK-I.NFO,07/01/2020,10:02:22,88.2,88.2,7000,88.25,21000,0,56868000
FEDERALBNK-I.NFO,07/01/2020,10:02:28,88.2,88.15,14000,88.25,28000,7000,56819000
FEDERALBNK-I.NFO,07/01/2020,10:02:33,88.2,88.15,14000,88.25,28000,0,56819000
FEDERALBNK-I.NFO,07/01/2020,10:02:46,88.2,88.15,14000,88.25,21000,0,56819000
FEDERALBNK-I.NFO,07/01/2020,10:02:51,88.2,88.2,7000,88.25,21000,0,56819000
FEDERALBNK-I.NFO,07/01/2020,10:03:07,88.2,88.2,7000,88.25,14000,0,56819000
FEDERALBNK-I.NFO,07/01/2020,10:03:23,88.2,88.2,14000,88.25,14000,0,56819000
FEDERALBNK-I.NFO,07/01/2020,10:03:32,88.2,88.2,7000,88.25,14000,0,56819000
FEDERALBNK-I.NFO,07/01/2020,10:03:37,88.2,88.2,21000,88.25,14000,0,56819000
FEDERALBNK-I.NFO,07/01/2020,10:03:42,88.2,88.2,14000,88.25,14000,0,56819000
FEDERALBNK-I.NFO,07/01/2020,10:03:47,88.2,88.2,7000,88.25,14000,0,56819000
FEDERALBNK-I.NFO,07/01/2020,10:04:42,88.2,88.2,7000,88.25,7000,14000,56819000
FEDERALBNK-I.NFO,07/01/2020,10:04:45,88.2,88.2,7000,88.25,7000,0,56819000
FEDERALBNK-I.NFO,07/01/2020,10:04:53,88.2,88.15,14000,88.25,14000,7000,56819000
FEDERALBNK-I.NFO,07/01/2020,10:05:09,88.2,88.15,14000,88.25,14000,0,56819000
FEDERALBNK-I.NFO,07/01/2020,10:05:20,88.2,88.15,14000,88.25,21000,0,56819000
FEDERALBNK-I.NFO,07/01/2020,10:05:35,88.15,88.1,42000,88.2,21000,7000,56798000
FEDERALBNK-I.NFO,07/01/2020,10:05:42,88.15,88.15,7000,88.2,14000,0,56798000
FEDERALBNK-I.NFO,07/01/2020,10:05:47,88.1,88.1,28000,88.2,35000,21000,56798000
FEDERALBNK-I.NFO,07/01/2020,10:05:47,88.1,88.1,28000,88.2,35000,0,56798000
FEDERALBNK-I.NFO,07/01/2020,10:05:53,88.1,88.1,28000,88.2,35000,7000,56798000
FEDERALBNK-I.NFO,07/01/2020,10:05:58,88.1,88.1,7000,88.2,35000,56000,56798000
FEDERALBNK-I.NFO,07/01/2020,10:06:03,88.1,88.1,7000,88.2,35000,0,56798000
FEDERALBNK-I.NFO,07/01/2020,10:06:08,88.1,88.05,28000,88.2,35000,0,56798000
FEDERALBNK-I.NFO,07/01/2020,10:06:25,88.1,88.05,21000,88.15,7000,14000,56798000
FEDERALBNK-I.NFO,07/01/2020,10:06:30,88.1,88.1,14000,88.2,42000,28000,56798000
FEDERALBNK-I.NFO,07/01/2020,10:06:30,88.05,88.1,14000,88.2,42000,0,56798000
FEDERALBNK-I.NFO,07/01/2020,10:06:36,88.1,88.1,14000,88.2,42000,0,56798000
FEDERALBNK-I.NFO,07/01/2020,10:07:17,88.05,88,98000,88.1,7000,84000,56798000
FEDERALBNK-I.NFO,07/01/2020,10:07:23,88.05,88.05,7000,88.1,7000,0,56798000
FEDERALBNK-I.NFO,07/01/2020,10:07:27,88.05,88,98000,88.1,14000,7000,56798000
FEDERALBNK-I.NFO,07/01/2020,10:07:32,88.05,88,98000,88.1,21000,7000,56798000
FEDERALBNK-I.NFO,07/01/2020,10:07:38,88.05,88,91000,88.05,7000,0,56798000
FEDERALBNK-I.NFO,07/01/2020,10:07:42,88,88,70000,88.05,7000,28000,56798000
FEDERALBNK-I.NFO,07/01/2020,10:07:42,88,88,70000,88.05,7000,0,56798000
FEDERALBNK-I.NFO,07/01/2020,10:07:47,88,88,63000,88.1,21000,14000,56798000
FEDERALBNK-I.NFO,07/01/2020,10:07:53,88,88,63000,88.1,28000,0,56798000
FEDERALBNK-I.NFO,07/01/2020,10:07:58,88,88,70000,88.1,28000,0,56798000
FEDERALBNK-I.NFO,07/01/2020,10:08:03,88,88,63000,88.1,35000,7000,56798000
FEDERALBNK-I.NFO,07/01/2020,10:08:07,88,88,63000,88.1,35000,0,56798000
FEDERALBNK-I.NFO,07/01/2020,10:08:12,88,88,56000,88.05,7000,0,56798000
FEDERALBNK-I.NFO,07/01/2020,10:08:22,88.05,88,63000,88.1,28000,7000,56798000
FEDERALBNK-I.NFO,07/01/2020,10:08:27,88.05,88,63000,88.1,28000,0,56798000
FEDERALBNK-I.NFO,07/01/2020,10:08:36,88,88.05,7000,88.1,21000,21000,56812000
FEDERALBNK-I.NFO,07/01/2020,10:08:41,88,88.05,7000,88.1,21000,0,56812000
FEDERALBNK-I.NFO,07/01/2020,10:08:46,88.05,88,42000,88.1,28000,7000,56812000
FEDERALBNK-I.NFO,07/01/2020,10:08:50,88.05,88.05,7000,88.1,21000,0,56812000
FEDERALBNK-I.NFO,07/01/2020,10:08:54,88.1,88.05,7000,88.1,14000,7000,56812000
FEDERALBNK-I.NFO,07/01/2020,10:08:58,88.1,88.05,7000,88.1,14000,0,56812000
FEDERALBNK-I.NFO,07/01/2020,10:09:25,88.1,88.05,7000,88.1,7000,7000,56812000
FEDERALBNK-I.NFO,07/01/2020,10:09:30,88,88,42000,88.1,14000,21000,56812000
FEDERALBNK-I.NFO,07/01/2020,10:09:35,88,88,42000,88.1,14000,0,56812000
FEDERALBNK-I.NFO,07/01/2020,10:09:39,88,88,35000,88.05,7000,0,56812000
FEDERALBNK-I.NFO,07/01/2020,10:09:43,88.05,88.05,7000,88.1,14000,7000,56812000
FEDERALBNK-I.NFO,07/01/2020,10:09:47,88.05,88.05,7000,88.1,7000,0,56812000
FEDERALBNK-I.NFO,07/01/2020,10:09:51,88.05,88,42000,88.1,21000,7000,56812000
FEDERALBNK-I.NFO,07/01/2020,10:09:56,88.05,88,42000,88.1,14000,0,56812000
FEDERALBNK-I.NFO,07/01/2020,10:10:01,88.2,88.1,35000,88.2,14000,21000,56812000
FEDERALBNK-I.NFO,07/01/2020,10:10:07,88.2,88.15,21000,88.2,7000,0,56812000
FEDERALBNK-I.NFO,07/01/2020,10:10:12,88.2,88.15,21000,88.2,14000,0,56812000
FEDERALBNK-I.NFO,07/01/2020,10:10:42,88.2,88.15,21000,88.2,7000,0,56812000
FEDERALBNK-I.NFO,07/01/2020,10:10:45,88.2,88.15,21000,88.2,14000,0,56812000
FEDERALBNK-I.NFO,07/01/2020,10:11:09,88.2,88.15,21000,88.2,7000,0,56812000
FEDERALBNK-I.NFO,07/01/2020,10:11:14,88.2,88.15,35000,88.25,56000,7000,56812000
FEDERALBNK-I.NFO,07/01/2020,10:11:18,88.25,88.15,35000,88.25,42000,7000,56812000
FEDERALBNK-I.NFO,07/01/2020,10:11:22,88.25,88.2,21000,88.25,35000,0,56812000
FEDERALBNK-I.NFO,07/01/2020,10:11:26,88.2,88.15,28000,88.25,35000,7000,56826000
FEDERALBNK-I.NFO,07/01/2020,10:11:33,88.25,88.15,28000,88.25,21000,14000,56826000
FEDERALBNK-I.NFO,07/01/2020,10:11:37,88.25,88.15,28000,88.25,21000,0,56826000
FEDERALBNK-I.NFO,07/01/2020,10:11:41,88.25,88.25,21000,88.3,7000,21000,56826000
FEDERALBNK-I.NFO,07/01/2020,10:11:46,88.25,88.25,21000,88.3,7000,0,56826000
FEDERALBNK-I.NFO,07/01/2020,10:11:58,88.3,88.3,7000,88.35,7000,14000,56826000
FEDERALBNK-I.NFO,07/01/2020,10:12:02,88.3,88.25,21000,88.35,14000,7000,56826000
FEDERALBNK-I.NFO,07/01/2020,10:12:06,88.3,88.25,21000,88.35,14000,0,56826000
FEDERALBNK-I.NFO,07/01/2020,10:12:10,88.3,88.3,28000,88.4,21000,0,56826000
FEDERALBNK-I.NFO,07/01/2020,10:12:14,88.3,88.3,28000,88.4,14000,0,56826000
FEDERALBNK-I.NFO,07/01/2020,10:12:27,88.3,88.3,35000,88.4,14000,0,56826000
FEDERALBNK-I.NFO,07/01/2020,10:12:40,88.3,88.3,42000,88.4,14000,0,56826000
FEDERALBNK-I.NFO,07/01/2020,10:12:44,88.3,88.3,28000,88.4,14000,0,56826000
FEDERALBNK-I.NFO,07/01/2020,10:12:47,88.35,88.3,28000,88.4,14000,7000,56826000
FEDERALBNK-I.NFO,07/01/2020,10:12:51,88.35,88.3,21000,88.4,14000,0,56826000
FEDERALBNK-I.NFO,07/01/2020,10:13:03,88.35,88.3,14000,88.4,28000,0,56826000
FEDERALBNK-I.NFO,07/01/2020,10:13:07,88.4,88.35,7000,88.45,14000,28000,56826000
FEDERALBNK-I.NFO,07/01/2020,10:13:12,88.4,88.35,7000,88.45,14000,0,56826000
FEDERALBNK-I.NFO,07/01/2020,10:13:21,88.4,88.35,7000,88.4,14000,0,56826000
FEDERALBNK-I.NFO,07/01/2020,10:13:25,88.35,88.3,14000,88.4,14000,7000,56826000
FEDERALBNK-I.NFO,07/01/2020,10:13:29,88.35,88.3,14000,88.4,14000,0,56826000
FEDERALBNK-I.NFO,07/01/2020,10:13:39,88.35,88.3,21000,88.4,14000,0,56826000
FEDERALBNK-I.NFO,07/01/2020,10:14:06,88.35,88.3,21000,88.4,14000,14000,56826000
FEDERALBNK-I.NFO,07/01/2020,10:14:11,88.35,88.3,14000,88.4,14000,0,56826000
FEDERALBNK-I.NFO,07/01/2020,10:14:16,88.35,88.35,7000,88.4,7000,0,56826000
FEDERALBNK-I.NFO,07/01/2020,10:14:31,88.35,88.3,14000,88.4,14000,0,56826000
FEDERALBNK-I.NFO,07/01/2020,10:14:36,88.35,88.3,14000,88.4,14000,7000,56854000
FEDERALBNK-I.NFO,07/01/2020,10:14:41,88.35,88.3,14000,88.4,14000,0,56854000
FEDERALBNK-I.NFO,07/01/2020,10:14:46,88.35,88.3,21000,88.4,14000,0,56854000
FEDERALBNK-I.NFO,07/01/2020,10:14:50,88.35,88.3,14000,88.4,14000,0,56854000
FEDERALBNK-I.NFO,07/01/2020,10:14:55,88.35,88.3,21000,88.4,14000,0,56854000
FEDERALBNK-I.NFO,07/01/2020,10:15:10,88.3,88.3,7000,88.35,7000,7000,56854000
FEDERALBNK-I.NFO,07/01/2020,10:15:15,88.3,88.3,7000,88.35,7000,0,56854000
FEDERALBNK-I.NFO,07/01/2020,10:15:20,88.3,88.3,14000,88.4,21000,0,56854000
FEDERALBNK-I.NFO,07/01/2020,10:15:36,88.3,88.3,7000,88.35,7000,0,56854000
FEDERALBNK-I.NFO,07/01/2020,10:15:45,88.3,88.25,7000,88.35,14000,7000,56854000
FEDERALBNK-I.NFO,07/01/2020,10:15:51,88.3,88.25,21000,88.35,14000,7000,56854000
FEDERALBNK-I.NFO,07/01/2020,10:15:56,88.3,88.25,21000,88.35,14000,0,56854000
FEDERALBNK-I.NFO,07/01/2020,10:16:30,88.3,88.25,21000,88.35,21000,0,56854000
FEDERALBNK-I.NFO,07/01/2020,10:16:35,88.3,88.25,14000,88.3,7000,0,56854000
FEDERALBNK-I.NFO,07/01/2020,10:16:47,88.3,88.25,7000,88.3,7000,0,56854000
FEDERALBNK-I.NFO,07/01/2020,10:16:52,88.3,88.25,14000,88.35,21000,0,56854000
FEDERALBNK-I.NFO,07/01/2020,10:17:07,88.3,88.25,7000,88.3,21000,0,56854000
FEDERALBNK-I.NFO,07/01/2020,10:17:11,88.3,88.25,7000,88.3,14000,0,56854000
FEDERALBNK-I.NFO,07/01/2020,10:17:15,88.3,88.25,7000,88.3,21000,0,56854000
FEDERALBNK-I.NFO,07/01/2020,10:17:19,88.25,88.2,7000,88.25,7000,7000,56854000
FEDERALBNK-I.NFO,07/01/2020,10:17:23,88.25,88.2,7000,88.25,7000,0,56854000
FEDERALBNK-I.NFO,07/01/2020,10:17:36,88,88,21000,88.1,14000,175000,56854000
FEDERALBNK-I.NFO,07/01/2020,10:17:40,88,88,21000,88.1,14000,0,56854000
FEDERALBNK-I.NFO,07/01/2020,10:17:44,88,88,28000,88.1,14000,0,56854000
FEDERALBNK-I.NFO,07/01/2020,10:17:48,88,88,7000,88.1,14000,21000,56854000
FEDERALBNK-I.NFO,07/01/2020,10:17:52,88,88,7000,88.1,14000,0,56854000
FEDERALBNK-I.NFO,07/01/2020,10:18:07,88,88,14000,88.1,14000,0,56854000
FEDERALBNK-I.NFO,07/01/2020,10:18:11,88.1,88.05,28000,88.15,14000,14000,56854000
FEDERALBNK-I.NFO,07/01/2020,10:18:15,88.1,88.05,21000,88.15,14000,0,56854000
FEDERALBNK-I.NFO,07/01/2020,10:18:19,88.1,88.05,14000,88.15,14000,0,56854000
FEDERALBNK-I.NFO,07/01/2020,10:18:23,88.1,88.1,7000,88.15,7000,0,56854000
FEDERALBNK-I.NFO,07/01/2020,10:18:31,88.15,88.15,21000,88.25,28000,14000,56854000
FEDERALBNK-I.NFO,07/01/2020,10:18:36,88.15,88.1,28000,88.2,14000,14000,56854000
FEDERALBNK-I.NFO,07/01/2020,10:18:41,88.15,88.1,7000,88.15,7000,0,56854000
FEDERALBNK-I.NFO,07/01/2020,10:18:56,88.1,88.05,28000,88.15,7000,7000,56854000
FEDERALBNK-I.NFO,07/01/2020,10:19:06,88.1,88.05,35000,88.15,14000,0,56854000
FEDERALBNK-I.NFO,07/01/2020,10:19:14,88.1,88.05,28000,88.15,14000,0,56854000
FEDERALBNK-I.NFO,07/01/2020,10:19:23,88.1,88.05,14000,88.15,14000,0,56854000
FEDERALBNK-I.NFO,07/01/2020,10:19:37,88.05,88,35000,88.15,14000,14000,56854000
FEDERALBNK-I.NFO,07/01/2020,10:19:41,88.05,88,35000,88.15,14000,0,56854000
FEDERALBNK-I.NFO,07/01/2020,10:19:46,88.05,88,35000,88.15,21000,0,56854000
FEDERALBNK-I.NFO,07/01/2020,10:19:50,88.05,88.05,14000,88.15,14000,0,56854000
FEDERALBNK-I.NFO,07/01/2020,10:20:00,88.05,88.05,21000,88.15,14000,0,56854000
FEDERALBNK-I.NFO,07/01/2020,10:20:04,88.05,88.05,14000,88.15,14000,0,56854000
FEDERALBNK-I.NFO,07/01/2020,10:20:09,88.15,88.05,7000,88.15,7000,7000,56854000
FEDERALBNK-I.NFO,07/01/2020,10:20:13,88.15,88.05,7000,88.15,7000,0,56854000
FEDERALBNK-I.NFO,07/01/2020,10:20:34,88.15,88.05,21000,88.15,7000,0,56854000
FEDERALBNK-I.NFO,07/01/2020,10:20:40,88.15,88.1,7000,88.15,14000,0,56854000
FEDERALBNK-I.NFO,07/01/2020,10:20:45,88.15,88.1,7000,88.15,7000,0,56854000
FEDERALBNK-I.NFO,07/01/2020,10:21:04,88.15,88.1,14000,88.2,28000,0,56854000
FEDERALBNK-I.NFO,07/01/2020,10:21:31,88.15,88.1,28000,88.2,28000,0,56854000
FEDERALBNK-I.NFO,07/01/2020,10:21:39,88.15,88.1,28000,88.2,35000,0,56854000
FEDERALBNK-I.NFO,07/01/2020,10:21:43,88.15,88.1,21000,88.15,7000,0,56854000
FEDERALBNK-I.NFO,07/01/2020,10:21:50,88.15,88.1,21000,88.15,14000,0,56854000
FEDERALBNK-I.NFO,07/01/2020,10:21:55,88.15,88.1,28000,88.15,21000,0,56854000
FEDERALBNK-I.NFO,07/01/2020,10:22:03,88.15,88.1,28000,88.15,14000,0,56854000
FEDERALBNK-I.NFO,07/01/2020,10:22:08,88.15,88.1,28000,88.15,21000,0,56854000
FEDERALBNK-I.NFO,07/01/2020,10:22:12,88.15,88.1,28000,88.15,14000,0,56854000
FEDERALBNK-I.NFO,07/01/2020,10:22:33,88.1,88.05,28000,88.15,21000,35000,56616000
FEDERALBNK-I.NFO,07/01/2020,10:22:42,88.1,88.05,21000,88.1,7000,0,56616000
FEDERALBNK-I.NFO,07/01/2020,10:22:49,88.05,88,28000,88.1,21000,21000,56616000
FEDERALBNK-I.NFO,07/01/2020,10:22:54,88,88,21000,88.1,28000,7000,56616000
FEDERALBNK-I.NFO,07/01/2020,10:22:59,88.1,88.05,14000,88.15,14000,21000,56616000
FEDERALBNK-I.NFO,07/01/2020,10:23:10,88.1,88.05,14000,88.15,14000,0,56616000
FEDERALBNK-I.NFO,07/01/2020,10:23:22,88.05,88.1,7000,88.15,7000,7000,56616000
FEDERALBNK-I.NFO,07/01/2020,10:23:27,88.05,88.1,7000,88.15,7000,0,56616000
FEDERALBNK-I.NFO,07/01/2020,10:23:32,88.15,88.1,14000,88.2,28000,7000,56623000
FEDERALBNK-I.NFO,07/01/2020,10:23:37,88.15,88.1,14000,88.2,28000,0,56623000
FEDERALBNK-I.NFO,07/01/2020,10:23:44,88.15,88.15,14000,88.2,14000,0,56623000
FEDERALBNK-I.NFO,07/01/2020,10:23:48,88.2,88.15,14000,88.25,42000,7000,56623000
FEDERALBNK-I.NFO,07/01/2020,10:23:53,88.1,88.1,14000,88.2,14000,21000,56623000
FEDERALBNK-I.NFO,07/01/2020,10:23:57,88.1,88.1,14000,88.2,21000,0,56623000
FEDERALBNK-I.NFO,07/01/2020,10:24:01,88.1,88.05,21000,88.15,7000,0,56623000
FEDERALBNK-I.NFO,07/01/2020,10:24:09,88.1,88.05,21000,88.15,14000,0,56623000
FEDERALBNK-I.NFO,07/01/2020,10:24:13,88.1,88.05,14000,88.15,14000,0,56623000
FEDERALBNK-I.NFO,07/01/2020,10:24:25,88.1,88.05,7000,88.15,14000,7000,56623000
FEDERALBNK-I.NFO,07/01/2020,10:24:29,88.1,88.05,7000,88.15,14000,0,56623000
FEDERALBNK-I.NFO,07/01/2020,10:24:35,88.1,88.05,14000,88.15,14000,0,56623000
FEDERALBNK-I.NFO,07/01/2020,10:24:55,88.1,88.05,7000,88.15,14000,0,56623000
FEDERALBNK-I.NFO,07/01/2020,10:25:07,88.1,88.05,7000,88.15,21000,0,56623000
FEDERALBNK-I.NFO,07/01/2020,10:25:10,88.1,88,49000,88.15,21000,0,56623000
FEDERALBNK-I.NFO,07/01/2020,10:25:32,88.1,88,42000,88.1,7000,0,56623000
FEDERALBNK-I.NFO,07/01/2020,10:25:38,88.1,88.05,7000,88.15,21000,0,56623000
FEDERALBNK-I.NFO,07/01/2020,10:26:01,88.1,88,49000,88.15,21000,0,56623000
FEDERALBNK-I.NFO,07/01/2020,10:26:06,88.15,88.05,14000,88.15,14000,7000,56623000
FEDERALBNK-I.NFO,07/01/2020,10:26:10,88.15,88.05,7000,88.15,14000,0,56623000
FEDERALBNK-I.NFO,07/01/2020,10:27:22,88.15,88.05,7000,88.15,21000,0,56623000
FEDERALBNK-I.NFO,07/01/2020,10:27:33,88.15,88.05,14000,88.15,21000,7000,56616000
FEDERALBNK-I.NFO,07/01/2020,10:27:40,88.15,88.05,14000,88.15,21000,0,56616000
FEDERALBNK-I.NFO,07/01/2020,10:27:53,88.15,88.05,7000,88.15,21000,0,56616000
FEDERALBNK-I.NFO,07/01/2020,10:27:57,88.15,88.05,14000,88.15,21000,0,56616000
FEDERALBNK-I.NFO,07/01/2020,10:28:08,88.1,88.05,14000,88.15,21000,7000,56616000
FEDERALBNK-I.NFO,07/01/2020,10:28:32,88.1,88.05,14000,88.15,21000,0,56616000
FEDERALBNK-I.NFO,07/01/2020,10:29:14,88.1,88.05,14000,88.15,28000,0,56616000
FEDERALBNK-I.NFO,07/01/2020,10:29:17,88.1,88.05,14000,88.15,21000,0,56616000
FEDERALBNK-I.NFO,07/01/2020,10:29:20,88.05,88.05,7000,88.15,21000,7000,56616000
FEDERALBNK-I.NFO,07/01/2020,10:30:16,88.05,88.05,7000,88.15,21000,7000,56630000
FEDERALBNK-I.NFO,07/01/2020,10:30:20,88.05,88.05,7000,88.15,21000,0,56630000
FEDERALBNK-I.NFO,07/01/2020,10:30:36,88.1,88.05,14000,88.15,21000,7000,56630000
FEDERALBNK-I.NFO,07/01/2020,10:30:39,88.1,88.05,7000,88.15,21000,0,56630000
FEDERALBNK-I.NFO,07/01/2020,10:30:47,88.1,88.05,14000,88.15,21000,7000,56630000
FEDERALBNK-I.NFO,07/01/2020,10:30:56,88.1,88.1,7000,88.15,21000,0,56630000
FEDERALBNK-I.NFO,07/01/2020,10:31:13,88.1,88.05,14000,88.15,21000,7000,56630000
FEDERALBNK-I.NFO,07/01/2020,10:31:20,88.1,88.1,7000,88.15,14000,0,56630000
FEDERALBNK-I.NFO,07/01/2020,10:31:29,88.1,88.1,7000,88.15,21000,0,56630000
FEDERALBNK-I.NFO,07/01/2020,10:31:38,88.1,88.1,7000,88.15,14000,0,56630000
FEDERALBNK-I.NFO,07/01/2020,10:31:41,88.1,88.1,7000,88.15,21000,0,56630000
FEDERALBNK-I.NFO,07/01/2020,10:31:49,88.1,88.1,7000,88.15,14000,0,56630000
FEDERALBNK-I.NFO,07/01/2020,10:32:09,88.1,88.05,21000,88.15,21000,7000,56630000
FEDERALBNK-I.NFO,07/01/2020,10:32:13,88.1,88.05,21000,88.15,21000,0,56630000
FEDERALBNK-I.NFO,07/01/2020,10:32:27,88.1,88.05,7000,88.1,7000,0,56630000
FEDERALBNK-I.NFO,07/01/2020,10:32:31,88.1,88.05,7000,88.1,14000,0,56630000
FEDERALBNK-I.NFO,07/01/2020,10:32:36,88.05,88,63000,88.1,21000,14000,56623000
FEDERALBNK-I.NFO,07/01/2020,10:32:43,88.05,88,63000,88.1,21000,0,56623000
FEDERALBNK-I.NFO,07/01/2020,10:32:50,88.1,88.05,21000,88.15,7000,14000,56623000
FEDERALBNK-I.NFO,07/01/2020,10:32:54,88.1,88.05,21000,88.15,7000,0,56623000
FEDERALBNK-I.NFO,07/01/2020,10:33:53,88.1,88.05,35000,88.2,28000,7000,56623000
FEDERALBNK-I.NFO,07/01/2020,10:33:56,88.1,88.05,35000,88.2,28000,0,56623000
FEDERALBNK-I.NFO,07/01/2020,10:34:16,88.1,88.05,35000,88.15,14000,0,56623000
FEDERALBNK-I.NFO,07/01/2020,10:34:28,88.1,88.05,28000,88.15,14000,0,56623000
FEDERALBNK-I.NFO,07/01/2020,10:34:54,88.1,88.05,28000,88.15,7000,0,56623000
FEDERALBNK-I.NFO,07/01/2020,10:35:13,88.1,88.05,35000,88.15,7000,0,56623000
FEDERALBNK-I.NFO,07/01/2020,10:35:28,88.1,88.05,28000,88.15,7000,0,56623000
FEDERALBNK-I.NFO,07/01/2020,10:35:39,88.1,88.1,14000,88.2,28000,0,56623000
FEDERALBNK-I.NFO,07/01/2020,10:35:45,88.1,88.15,14000,88.2,14000,0,56623000
FEDERALBNK-I.NFO,07/01/2020,10:35:55,88.1,88.15,14000,88.2,21000,0,56623000
FEDERALBNK-I.NFO,07/01/2020,10:36:08,88.1,88.15,14000,88.2,14000,0,56623000
FEDERALBNK-I.NFO,07/01/2020,10:36:13,88.1,88.15,14000,88.2,21000,0,56623000
FEDERALBNK-I.NFO,07/01/2020,10:36:24,88.1,88.15,14000,88.2,14000,0,56623000
FEDERALBNK-I.NFO,07/01/2020,10:36:26,88.15,88.1,21000,88.2,14000,7000,56609000
FEDERALBNK-I.NFO,07/01/2020,10:36:30,88.15,88.15,14000,88.2,7000,0,56609000
FEDERALBNK-I.NFO,07/01/2020,10:36:32,88.15,88.15,14000,88.2,14000,0,56609000
FEDERALBNK-I.NFO,07/01/2020,10:36:43,88.15,88.15,14000,88.2,7000,0,56609000
FEDERALBNK-I.NFO,07/01/2020,10:37:07,88.15,88.15,21000,88.2,7000,0,56609000
FEDERALBNK-I.NFO,07/01/2020,10:37:20,88.15,88.15,14000,88.2,7000,7000,56609000
FEDERALBNK-I.NFO,07/01/2020,10:37:23,88.15,88.15,14000,88.2,7000,0,56609000
FEDERALBNK-I.NFO,07/01/2020,10:37:26,88.15,88.15,14000,88.2,14000,0,56609000
FEDERALBNK-I.NFO,07/01/2020,10:37:29,88.15,88.15,14000,88.2,7000,0,56609000
FEDERALBNK-I.NFO,07/01/2020,10:37:31,88.15,88.15,7000,88.2,7000,7000,56609000
FEDERALBNK-I.NFO,07/01/2020,10:37:40,88.15,88.15,7000,88.2,7000,0,56609000
FEDERALBNK-I.NFO,07/01/2020,10:38:21,88.15,88.15,14000,88.2,7000,0,56609000
FEDERALBNK-I.NFO,07/01/2020,10:38:40,88.15,88.15,14000,88.2,14000,0,56609000
FEDERALBNK-I.NFO,07/01/2020,10:38:42,88.15,88.15,14000,88.2,7000,0,56609000
FEDERALBNK-I.NFO,07/01/2020,10:38:59,88.15,88.15,14000,88.2,14000,0,56609000
FEDERALBNK-I.NFO,07/01/2020,10:39:03,88.15,88.15,14000,88.2,7000,0,56609000
FEDERALBNK-I.NFO,07/01/2020,10:39:32,88.2,88.15,14000,88.2,7000,7000,56616000
FEDERALBNK-I.NFO,07/01/2020,10:39:46,88.2,88.15,14000,88.2,7000,0,56616000
FEDERALBNK-I.NFO,07/01/2020,10:39:58,88.15,88.15,7000,88.2,7000,7000,56616000
FEDERALBNK-I.NFO,07/01/2020,10:40:04,88.15,88.1,14000,88.2,21000,7000,56616000
FEDERALBNK-I.NFO,07/01/2020,10:40:11,88.15,88.1,14000,88.2,21000,0,56616000
FEDERALBNK-I.NFO,07/01/2020,10:40:28,88.15,88.1,14000,88.2,28000,0,56616000
FEDERALBNK-I.NFO,07/01/2020,10:40:31,88.15,88.1,14000,88.2,14000,0,56616000
FEDERALBNK-I.NFO,07/01/2020,10:40:33,88.15,88.15,7000,88.2,7000,0,56616000
FEDERALBNK-I.NFO,07/01/2020,10:40:37,88.15,88.1,14000,88.2,14000,0,56616000
FEDERALBNK-I.NFO,07/01/2020,10:40:43,88.15,88.15,7000,88.2,7000,7000,56616000
FEDERALBNK-I.NFO,07/01/2020,10:40:46,88.15,88.15,7000,88.2,7000,0,56616000
FEDERALBNK-I.NFO,07/01/2020,10:41:25,88.2,88.15,14000,88.25,42000,7000,56616000
FEDERALBNK-I.NFO,07/01/2020,10:41:30,88.2,88.15,14000,88.25,42000,0,56616000
FEDERALBNK-I.NFO,07/01/2020,10:41:44,88.2,88.15,7000,88.25,42000,0,56616000
FEDERALBNK-I.NFO,07/01/2020,10:41:46,88.2,88.15,14000,88.25,42000,0,56616000
FEDERALBNK-I.NFO,07/01/2020,10:42:07,88.2,88.2,7000,88.25,35000,7000,56630000
FEDERALBNK-I.NFO,07/01/2020,10:42:11,88.2,88.2,7000,88.25,35000,0,56630000
FEDERALBNK-I.NFO,07/01/2020,10:42:38,88.2,88.2,7000,88.25,28000,0,56630000
FEDERALBNK-I.NFO,07/01/2020,10:42:48,88.2,88.2,7000,88.25,35000,0,56630000
FEDERALBNK-I.NFO,07/01/2020,10:42:50,88.2,88.2,7000,88.25,28000,0,56630000
FEDERALBNK-I.NFO,07/01/2020,10:43:07,88.2,88.2,7000,88.25,35000,0,56630000
FEDERALBNK-I.NFO,07/01/2020,10:43:11,88.2,88.15,14000,88.2,7000,7000,56630000
FEDERALBNK-I.NFO,07/01/2020,10:43:58,88.15,88.15,7000,88.2,7000,7000,56630000
FEDERALBNK-I.NFO,07/01/2020,10:44:00,88.15,88.15,7000,88.2,7000,0,56630000
FEDERALBNK-I.NFO,07/01/2020,10:44:27,88.15,88.15,7000,88.2,14000,0,56630000
FEDERALBNK-I.NFO,07/01/2020,10:45:01,88.15,88.1,21000,88.2,21000,0,56630000
FEDERALBNK-I.NFO,07/01/2020,10:45:52,88.15,88.15,7000,88.2,7000,0,56630000
FEDERALBNK-I.NFO,07/01/2020,10:46:08,88.15,88.15,7000,88.2,14000,0,56630000
FEDERALBNK-I.NFO,07/01/2020,10:46:13,88.15,88.1,21000,88.2,21000,0,56630000
FEDERALBNK-I.NFO,07/01/2020,10:46:22,88.15,88.15,7000,88.2,14000,0,56630000
FEDERALBNK-I.NFO,07/01/2020,10:46:40,88.15,88.15,7000,88.2,21000,0,56630000
FEDERALBNK-I.NFO,07/01/2020,10:46:44,88.15,88.15,7000,88.2,14000,0,56630000
FEDERALBNK-I.NFO,07/01/2020,10:47:52,88.15,88.15,7000,88.2,21000,7000,56630000
FEDERALBNK-I.NFO,07/01/2020,10:47:55,88.15,88.15,7000,88.2,14000,0,56630000
FEDERALBNK-I.NFO,07/01/2020,10:48:08,88.15,88.15,7000,88.2,21000,0,56630000
FEDERALBNK-I.NFO,07/01/2020,10:48:37,88.15,88.1,14000,88.2,21000,7000,56630000
FEDERALBNK-I.NFO,07/01/2020,10:48:42,88.1,88.1,7000,88.2,21000,7000,56630000
FEDERALBNK-I.NFO,07/01/2020,10:48:46,88.1,88.1,7000,88.2,21000,0,56630000
FEDERALBNK-I.NFO,07/01/2020,10:48:56,88.1,88.05,14000,88.15,7000,0,56630000
FEDERALBNK-I.NFO,07/01/2020,10:49:46,88.1,88.05,14000,88.15,14000,0,56630000
FEDERALBNK-I.NFO,07/01/2020,10:49:50,88.1,88.05,35000,88.15,21000,0,56630000
FEDERALBNK-I.NFO,07/01/2020,10:50:00,88.1,88.05,42000,88.15,21000,0,56630000
FEDERALBNK-I.NFO,07/01/2020,10:50:06,88.1,88.1,7000,88.15,21000,0,56630000
FEDERALBNK-I.NFO,07/01/2020,10:50:12,88.1,88.05,42000,88.15,21000,0,56630000
FEDERALBNK-I.NFO,07/01/2020,10:50:17,88.1,88.1,14000,88.2,35000,7000,56630000
FEDERALBNK-I.NFO,07/01/2020,10:50:23,88.1,88.1,14000,88.2,35000,0,56630000
FEDERALBNK-I.NFO,07/01/2020,10:50:27,88.1,88.05,21000,88.15,14000,0,56630000
FEDERALBNK-I.NFO,07/01/2020,10:50:31,88.1,88.05,42000,88.15,14000,0,56630000
FEDERALBNK-I.NFO,07/01/2020,10:50:35,88.1,88.1,7000,88.15,7000,7000,56630000
FEDERALBNK-I.NFO,07/01/2020,10:50:39,87.95,87.9,14000,88,14000,175000,56630000
FEDERALBNK-I.NFO,07/01/2020,10:50:39,87.95,87.9,14000,88,14000,0,56630000
FEDERALBNK-I.NFO,07/01/2020,10:50:44,88,87.95,14000,88.05,21000,14000,56630000
FEDERALBNK-I.NFO,07/01/2020,10:50:53,88,87.95,14000,88.05,21000,0,56630000
FEDERALBNK-I.NFO,07/01/2020,10:51:01,87.95,87.95,7000,88.05,21000,7000,56630000
FEDERALBNK-I.NFO,07/01/2020,10:51:05,87.95,87.9,21000,88.05,28000,0,56630000
FEDERALBNK-I.NFO,07/01/2020,10:51:13,87.95,87.9,14000,88,7000,0,56630000
FEDERALBNK-I.NFO,07/01/2020,10:51:26,87.9,87.85,7000,87.95,7000,14000,56630000
FEDERALBNK-I.NFO,07/01/2020,10:51:26,87.9,87.85,7000,87.95,7000,0,56630000
FEDERALBNK-I.NFO,07/01/2020,10:51:30,87.95,87.85,14000,87.95,7000,7000,56630000
FEDERALBNK-I.NFO,07/01/2020,10:51:33,87.95,87.85,14000,87.95,7000,0,56630000
FEDERALBNK-I.NFO,07/01/2020,10:51:40,87.95,87.9,7000,88,21000,14000,56630000
FEDERALBNK-I.NFO,07/01/2020,10:51:45,87.95,87.9,7000,88,21000,0,56630000
FEDERALBNK-I.NFO,07/01/2020,10:51:58,87.9,87.85,7000,87.95,7000,7000,56630000
FEDERALBNK-I.NFO,07/01/2020,10:52:03,87.9,87.85,14000,87.95,14000,0,56630000
FEDERALBNK-I.NFO,07/01/2020,10:52:13,87.9,87.85,7000,87.95,14000,0,56630000
FEDERALBNK-I.NFO,07/01/2020,10:52:28,87.9,87.85,14000,87.95,21000,0,56630000
FEDERALBNK-I.NFO,07/01/2020,10:52:33,87.9,87.85,14000,87.95,28000,0,56630000
FEDERALBNK-I.NFO,07/01/2020,10:52:38,87.9,87.85,14000,87.95,21000,7000,56630000
FEDERALBNK-I.NFO,07/01/2020,10:52:43,87.95,87.85,21000,87.95,14000,7000,56630000
FEDERALBNK-I.NFO,07/01/2020,10:52:46,87.95,87.85,7000,87.95,14000,0,56630000
FEDERALBNK-I.NFO,07/01/2020,10:52:55,87.95,87.85,14000,87.95,14000,0,56630000
FEDERALBNK-I.NFO,07/01/2020,10:53:17,87.9,87.9,7000,87.95,14000,7000,56630000
FEDERALBNK-I.NFO,07/01/2020,10:53:22,87.9,87.9,7000,87.95,14000,0,56630000
FEDERALBNK-I.NFO,07/01/2020,10:53:27,87.9,87.85,7000,87.9,7000,7000,56630000
FEDERALBNK-I.NFO,07/01/2020,10:53:32,87.9,87.85,7000,87.95,14000,0,56630000
FEDERALBNK-I.NFO,07/01/2020,10:53:42,87.85,87.85,7000,87.9,7000,7000,56714000
FEDERALBNK-I.NFO,07/01/2020,10:53:42,87.85,87.85,7000,87.9,7000,0,56714000
FEDERALBNK-I.NFO,07/01/2020,10:53:48,87.9,87.8,42000,87.9,14000,7000,56714000
FEDERALBNK-I.NFO,07/01/2020,10:53:54,87.9,87.8,42000,87.9,14000,0,56714000
FEDERALBNK-I.NFO,07/01/2020,10:54:00,87.9,87.85,7000,87.9,7000,0,56714000
FEDERALBNK-I.NFO,07/01/2020,10:54:05,87.9,87.85,7000,87.95,14000,0,56714000
FEDERALBNK-I.NFO,07/01/2020,10:54:10,87.9,87.85,7000,87.95,21000,0,56714000
FEDERALBNK-I.NFO,07/01/2020,10:54:32,87.85,87.85,7000,87.95,21000,7000,56714000
FEDERALBNK-I.NFO,07/01/2020,10:54:38,87.85,87.85,7000,87.95,21000,0,56714000
FEDERALBNK-I.NFO,07/01/2020,10:54:52,87.85,87.85,7000,87.95,21000,7000,56714000
FEDERALBNK-I.NFO,07/01/2020,10:54:57,87.9,87.85,7000,87.95,14000,7000,56714000
FEDERALBNK-I.NFO,07/01/2020,10:55:01,87.9,87.9,7000,87.95,7000,0,56714000
FEDERALBNK-I.NFO,07/01/2020,10:55:11,87.9,87.9,7000,87.95,14000,0,56714000
FEDERALBNK-I.NFO,07/01/2020,10:55:16,87.9,87.8,42000,87.9,7000,7000,56714000
FEDERALBNK-I.NFO,07/01/2020,10:55:30,87.85,87.8,28000,87.9,14000,21000,56714000
FEDERALBNK-I.NFO,07/01/2020,10:55:30,87.8,87.8,28000,87.9,14000,0,56714000
FEDERALBNK-I.NFO,07/01/2020,10:55:35,87.8,87.8,14000,87.9,21000,14000,56714000
FEDERALBNK-I.NFO,07/01/2020,10:55:41,87.8,87.8,14000,87.9,21000,0,56714000
FEDERALBNK-I.NFO,07/01/2020,10:55:46,87.85,87.8,14000,87.9,21000,7000,56714000
FEDERALBNK-I.NFO,07/01/2020,10:55:51,87.85,87.8,14000,87.9,21000,0,56714000
FEDERALBNK-I.NFO,07/01/2020,10:55:59,87.8,87.8,7000,87.9,21000,7000,56714000
FEDERALBNK-I.NFO,07/01/2020,10:56:03,87.8,87.8,7000,87.9,21000,0,56714000
FEDERALBNK-I.NFO,07/01/2020,10:56:13,87.85,87.85,7000,87.9,7000,7000,56714000
FEDERALBNK-I.NFO,07/01/2020,10:56:18,87.85,87.85,7000,87.9,7000,0,56714000
FEDERALBNK-I.NFO,07/01/2020,10:56:23,87.85,87.85,7000,87.9,14000,0,56714000
FEDERALBNK-I.NFO,07/01/2020,10:56:27,87.85,87.85,7000,87.9,7000,0,56714000
FEDERALBNK-I.NFO,07/01/2020,10:56:32,87.85,87.85,7000,87.9,14000,0,56714000
FEDERALBNK-I.NFO,07/01/2020,10:56:38,87.85,87.8,7000,87.9,14000,7000,56623000
FEDERALBNK-I.NFO,07/01/2020,10:56:43,87.85,87.85,7000,87.9,14000,0,56623000
FEDERALBNK-I.NFO,07/01/2020,10:56:46,87.85,87.85,7000,87.9,7000,0,56623000
FEDERALBNK-I.NFO,07/01/2020,10:56:53,87.85,87.8,14000,87.85,7000,7000,56623000
FEDERALBNK-I.NFO,07/01/2020,10:56:59,87.85,87.8,14000,87.9,14000,14000,56623000
FEDERALBNK-I.NFO,07/01/2020,10:57:03,87.85,87.8,14000,87.9,14000,0,56623000
FEDERALBNK-I.NFO,07/01/2020,10:57:11,87.8,87.75,21000,87.85,21000,7000,56623000
FEDERALBNK-I.NFO,07/01/2020,10:57:17,87.7,87.7,21000,87.75,7000,42000,56623000
FEDERALBNK-I.NFO,07/01/2020,10:57:17,87.7,87.7,21000,87.75,7000,0,56623000
FEDERALBNK-I.NFO,07/01/2020,10:57:24,87.8,87.8,7000,87.85,14000,28000,56623000
FEDERALBNK-I.NFO,07/01/2020,10:57:31,87.8,87.75,14000,87.85,21000,7000,56623000
FEDERALBNK-I.NFO,07/01/2020,10:57:37,87.8,87.75,14000,87.8,14000,0,56623000
FEDERALBNK-I.NFO,07/01/2020,10:57:42,87.8,87.75,14000,87.8,7000,7000,56623000
FEDERALBNK-I.NFO,07/01/2020,10:57:47,87.75,87.75,7000,87.85,28000,7000,56623000
FEDERALBNK-I.NFO,07/01/2020,10:57:52,87.75,87.75,7000,87.85,28000,0,56623000
FEDERALBNK-I.NFO,07/01/2020,10:58:04,87.75,87.75,7000,87.85,49000,0,56623000
FEDERALBNK-I.NFO,07/01/2020,10:58:14,87.75,87.75,7000,87.85,56000,0,56623000
FEDERALBNK-I.NFO,07/01/2020,10:58:19,87.75,87.75,7000,87.85,49000,7000,56623000
FEDERALBNK-I.NFO,07/01/2020,10:58:24,87.75,87.7,21000,87.85,56000,0,56623000
FEDERALBNK-I.NFO,07/01/2020,10:58:29,87.7,87.7,14000,87.85,56000,7000,56623000
FEDERALBNK-I.NFO,07/01/2020,10:58:34,87.7,87.7,14000,87.85,56000,0,56623000
FEDERALBNK-I.NFO,07/01/2020,10:58:39,87.7,87.7,7000,87.75,7000,0,56623000
FEDERALBNK-I.NFO,07/01/2020,10:58:50,87.7,87.65,7000,87.75,14000,7000,56623000
FEDERALBNK-I.NFO,07/01/2020,10:58:55,87.75,87.65,7000,87.75,14000,7000,56623000
FEDERALBNK-I.NFO,07/01/2020,10:58:59,87.75,87.65,7000,87.7,7000,0,56623000
FEDERALBNK-I.NFO,07/01/2020,10:59:05,87.75,87.7,7000,87.8,7000,21000,56623000
FEDERALBNK-I.NFO,07/01/2020,10:59:11,87.7,87.7,14000,87.8,14000,7000,56623000
FEDERALBNK-I.NFO,07/01/2020,10:59:17,87.7,87.7,7000,87.8,7000,14000,56623000
FEDERALBNK-I.NFO,07/01/2020,10:59:22,87.7,87.7,7000,87.75,14000,112000,56623000
FEDERALBNK-I.NFO,07/01/2020,10:59:28,87.7,87.7,14000,87.8,14000,0,56623000
FEDERALBNK-I.NFO,07/01/2020,10:59:39,87.7,87.7,14000,87.8,7000,21000,56707000
FEDERALBNK-I.NFO,07/01/2020,10:59:44,87.7,87.7,14000,87.8,14000,0,56707000
FEDERALBNK-I.NFO,07/01/2020,10:59:49,87.7,87.7,7000,87.8,14000,14000,56707000
FEDERALBNK-I.NFO,07/01/2020,10:59:54,87.7,87.7,14000,87.8,14000,0,56707000
FEDERALBNK-I.NFO,07/01/2020,11:00:00,87.8,87.7,7000,87.8,7000,7000,56707000
FEDERALBNK-I.NFO,07/01/2020,11:00:06,87.8,87.65,14000,87.75,7000,0,56707000
FEDERALBNK-I.NFO,07/01/2020,11:00:11,87.65,87.7,14000,87.75,14000,7000,56707000
FEDERALBNK-I.NFO,07/01/2020,11:00:11,87.65,87.7,14000,87.75,14000,0,56707000
FEDERALBNK-I.NFO,07/01/2020,11:00:18,87.65,87.6,35000,87.65,7000,28000,56707000
FEDERALBNK-I.NFO,07/01/2020,11:00:24,87.7,87.65,14000,87.75,28000,14000,56707000
FEDERALBNK-I.NFO,07/01/2020,11:00:31,87.7,87.65,7000,87.7,14000,7000,56707000
FEDERALBNK-I.NFO,07/01/2020,11:00:38,87.7,87.65,7000,87.7,7000,0,56707000
FEDERALBNK-I.NFO,07/01/2020,11:00:43,87.7,87.65,14000,87.75,21000,7000,56707000
FEDERALBNK-I.NFO,07/01/2020,11:00:56,87.7,87.65,14000,87.75,21000,0,56707000
FEDERALBNK-I.NFO,07/01/2020,11:01:04,87.65,87.6,35000,87.65,7000,7000,56707000
FEDERALBNK-I.NFO,07/01/2020,11:01:12,87.65,87.6,42000,87.7,14000,0,56707000
FEDERALBNK-I.NFO,07/01/2020,11:01:19,87.65,87.6,14000,87.65,7000,35000,56707000
FEDERALBNK-I.NFO,07/01/2020,11:01:19,87.6,87.6,14000,87.65,7000,0,56707000
FEDERALBNK-I.NFO,07/01/2020,11:01:25,87.6,87.55,42000,87.6,7000,21000,56707000
FEDERALBNK-I.NFO,07/01/2020,11:01:32,87.6,87.6,35000,87.7,7000,28000,56707000
FEDERALBNK-I.NFO,07/01/2020,11:01:39,87.6,87.6,35000,87.7,7000,0,56707000
FEDERALBNK-I.NFO,07/01/2020,11:01:46,87.65,87.6,42000,87.7,7000,7000,56707000
FEDERALBNK-I.NFO,07/01/2020,11:01:53,87.65,87.65,14000,87.75,21000,0,56707000
FEDERALBNK-I.NFO,07/01/2020,11:02:13,87.65,87.65,14000,87.75,28000,0,56707000
FEDERALBNK-I.NFO,07/01/2020,11:02:20,87.65,87.65,7000,87.75,28000,0,56707000
FEDERALBNK-I.NFO,07/01/2020,11:02:26,87.7,87.65,14000,87.75,35000,7000,56707000
FEDERALBNK-I.NFO,07/01/2020,11:02:33,87.7,87.6,21000,87.7,14000,0,56707000
FEDERALBNK-I.NFO,07/01/2020,11:02:39,87.65,87.65,7000,87.7,21000,7000,56728000
FEDERALBNK-I.NFO,07/01/2020,11:02:44,87.65,87.65,7000,87.7,21000,0,56728000
FEDERALBNK-I.NFO,07/01/2020,11:02:49,87.65,87.6,14000,87.65,7000,7000,56728000
FEDERALBNK-I.NFO,07/01/2020,11:02:55,87.6,87.6,14000,87.65,14000,7000,56728000
FEDERALBNK-I.NFO,07/01/2020,11:03:01,87.6,87.6,14000,87.65,14000,0,56728000
FEDERALBNK-I.NFO,07/01/2020,11:03:07,87.6,87.55,28000,87.65,14000,28000,56728000
FEDERALBNK-I.NFO,07/01/2020,11:03:14,87.6,87.55,28000,87.65,14000,0,56728000
FEDERALBNK-I.NFO,07/01/2020,11:03:19,87.6,87.55,35000,87.65,14000,0,56728000
FEDERALBNK-I.NFO,07/01/2020,11:03:24,87.6,87.55,28000,87.6,7000,7000,56728000
FEDERALBNK-I.NFO,07/01/2020,11:03:30,87.55,87.55,7000,87.6,14000,21000,56728000
FEDERALBNK-I.NFO,07/01/2020,11:03:30,87.55,87.55,7000,87.6,14000,0,56728000
FEDERALBNK-I.NFO,07/01/2020,11:03:35,87.55,87.55,7000,87.6,14000,14000,56728000
FEDERALBNK-I.NFO,07/01/2020,11:03:40,87.55,87.55,7000,87.6,21000,0,56728000
FEDERALBNK-I.NFO,07/01/2020,11:03:47,87.55,87.55,14000,87.6,21000,21000,56728000
FEDERALBNK-I.NFO,07/01/2020,11:03:53,87.55,87.55,7000,87.6,21000,7000,56728000
FEDERALBNK-I.NFO,07/01/2020,11:04:17,87.55,87.5,119000,87.55,7000,7000,56728000
FEDERALBNK-I.NFO,07/01/2020,11:04:22,87.55,87.55,7000,87.6,21000,14000,56728000
FEDERALBNK-I.NFO,07/01/2020,11:04:28,87.55,87.55,7000,87.6,21000,0,56728000
FEDERALBNK-I.NFO,07/01/2020,11:04:34,87.5,87.5,84000,87.55,21000,35000,56728000
FEDERALBNK-I.NFO,07/01/2020,11:04:34,87.5,87.5,84000,87.55,21000,0,56728000
FEDERALBNK-I.NFO,07/01/2020,11:04:40,87.65,87.6,7000,87.65,7000,42000,56728000
FEDERALBNK-I.NFO,07/01/2020,11:04:46,87.65,87.6,7000,87.65,21000,0,56728000
FEDERALBNK-I.NFO,07/01/2020,11:04:52,87.65,87.6,7000,87.65,28000,0,56728000
FEDERALBNK-I.NFO,07/01/2020,11:04:57,87.6,87.6,7000,87.65,14000,14000,56728000
FEDERALBNK-I.NFO,07/01/2020,11:05:03,87.6,87.55,14000,87.6,7000,0,56728000
FEDERALBNK-I.NFO,07/01/2020,11:05:09,87.6,87.55,7000,87.6,21000,0,56728000
FEDERALBNK-I.NFO,07/01/2020,11:05:14,87.6,87.55,7000,87.6,21000,7000,56728000
FEDERALBNK-I.NFO,07/01/2020,11:05:20,87.6,87.55,14000,87.65,21000,0,56728000
FEDERALBNK-I.NFO,07/01/2020,11:05:25,87.6,87.55,14000,87.6,7000,7000,56728000
FEDERALBNK-I.NFO,07/01/2020,11:05:30,87.6,87.6,7000,87.65,21000,0,56728000
FEDERALBNK-I.NFO,07/01/2020,11:05:36,87.6,87.6,42000,87.65,21000,21000,56777000
FEDERALBNK-I.NFO,07/01/2020,11:05:41,87.6,87.6,42000,87.65,14000,0,56777000
FEDERALBNK-I.NFO,07/01/2020,11:05:52,87.65,87.6,35000,87.7,14000,21000,56777000
FEDERALBNK-I.NFO,07/01/2020,11:05:58,87.65,87.6,35000,87.65,7000,7000,56777000
FEDERALBNK-I.NFO,07/01/2020,11:06:03,87.65,87.6,35000,87.7,21000,7000,56777000
FEDERALBNK-I.NFO,07/01/2020,11:06:10,87.65,87.7,7000,87.75,42000,0,56777000
FEDERALBNK-I.NFO,07/01/2020,11:06:17,87.65,87.7,7000,87.75,49000,0,56777000
FEDERALBNK-I.NFO,07/01/2020,11:06:23,87.75,87.65,42000,87.75,21000,28000,56777000
FEDERALBNK-I.NFO,07/01/2020,11:06:30,87.75,87.65,35000,87.75,14000,21000,56777000
FEDERALBNK-I.NFO,07/01/2020,11:06:34,87.75,87.65,35000,87.75,21000,0,56777000
FEDERALBNK-I.NFO,07/01/2020,11:06:43,87.65,87.65,21000,87.7,21000,7000,56777000
FEDERALBNK-I.NFO,07/01/2020,11:06:49,87.65,87.55,28000,87.7,42000,21000,56777000
FEDERALBNK-I.NFO,07/01/2020,11:06:55,87.7,87.65,7000,87.7,7000,28000,56777000
FEDERALBNK-I.NFO,07/01/2020,11:07:00,87.7,87.65,7000,87.7,14000,0,56777000
FEDERALBNK-I.NFO,07/01/2020,11:07:05,87.7,87.6,14000,87.65,7000,0,56777000
FEDERALBNK-I.NFO,07/01/2020,11:07:11,87.7,87.6,21000,87.7,14000,0,56777000
FEDERALBNK-I.NFO,07/01/2020,11:07:16,87.7,87.6,21000,87.7,21000,0,56777000
FEDERALBNK-I.NFO,07/01/2020,11:07:21,87.7,87.65,7000,87.7,14000,0,56777000
FEDERALBNK-I.NFO,07/01/2020,11:07:25,87.65,87.6,21000,87.7,21000,14000,56777000
FEDERALBNK-I.NFO,07/01/2020,11:07:30,87.65,87.6,14000,87.7,28000,0,56777000
FEDERALBNK-I.NFO,07/01/2020,11:07:40,87.65,87.6,14000,87.65,7000,0,56777000
FEDERALBNK-I.NFO,07/01/2020,11:07:45,87.65,87.55,28000,87.65,14000,0,56777000
FEDERALBNK-I.NFO,07/01/2020,11:07:49,87.65,87.55,21000,87.6,7000,0,56777000
FEDERALBNK-I.NFO,07/01/2020,11:08:02,87.65,87.55,14000,87.6,7000,0,56777000
FEDERALBNK-I.NFO,07/01/2020,11:08:22,87.65,87.55,14000,87.6,14000,0,56777000
FEDERALBNK-I.NFO,07/01/2020,11:08:26,87.6,87.55,14000,87.6,7000,7000,56777000
FEDERALBNK-I.NFO,07/01/2020,11:08:32,87.65,87.55,21000,87.65,14000,14000,56777000
FEDERALBNK-I.NFO,07/01/2020,11:08:37,87.65,87.55,14000,87.6,7000,0,56777000
FEDERALBNK-I.NFO,07/01/2020,11:08:42,87.55,87.5,84000,87.6,7000,14000,56847000
FEDERALBNK-I.NFO,07/01/2020,11:09:00,87.6,87.55,7000,87.6,7000,7000,56847000
FEDERALBNK-I.NFO,07/01/2020,11:09:05,87.6,87.55,7000,87.6,7000,0,56847000
FEDERALBNK-I.NFO,07/01/2020,11:09:09,87.6,87.55,21000,87.65,7000,0,56847000
FEDERALBNK-I.NFO,07/01/2020,11:09:18,87.6,87.6,7000,87.65,14000,0,56847000
FEDERALBNK-I.NFO,07/01/2020,11:09:23,87.6,87.5,84000,87.55,14000,7000,56847000
FEDERALBNK-I.NFO,07/01/2020,11:09:28,87.6,87.5,91000,87.6,21000,0,56847000
FEDERALBNK-I.NFO,07/01/2020,11:09:32,87.6,87.5,84000,87.55,14000,0,56847000
FEDERALBNK-I.NFO,07/01/2020,11:09:36,87.6,87.5,84000,87.55,21000,0,56847000
FEDERALBNK-I.NFO,07/01/2020,11:09:40,87.6,87.5,84000,87.55,14000,0,56847000
FEDERALBNK-I.NFO,07/01/2020,11:09:44,87.6,87.5,84000,87.55,21000,0,56847000
FEDERALBNK-I.NFO,07/01/2020,11:09:48,87.55,87.5,84000,87.55,14000,7000,56847000
FEDERALBNK-I.NFO,07/01/2020,11:09:52,87.55,87.5,84000,87.55,7000,0,56847000
FEDERALBNK-I.NFO,07/01/2020,11:09:55,87.55,87.5,84000,87.55,14000,0,56847000
FEDERALBNK-I.NFO,07/01/2020,11:09:59,87.55,87.5,84000,87.55,7000,0,56847000
FEDERALBNK-I.NFO,07/01/2020,11:10:08,87.55,87.5,84000,87.55,14000,0,56847000
FEDERALBNK-I.NFO,07/01/2020,11:10:12,87.5,87.5,42000,87.55,21000,42000,56847000
FEDERALBNK-I.NFO,07/01/2020,11:10:17,87.5,87.5,42000,87.55,21000,0,56847000
FEDERALBNK-I.NFO,07/01/2020,11:10:41,87.5,87.5,42000,87.55,7000,0,56847000
FEDERALBNK-I.NFO,07/01/2020,11:10:45,87.5,87.5,42000,87.55,14000,0,56847000
FEDERALBNK-I.NFO,07/01/2020,11:11:09,87.5,87.5,14000,87.55,7000,42000,56847000
FEDERALBNK-I.NFO,07/01/2020,11:11:16,87.5,87.45,21000,87.55,21000,14000,56847000
FEDERALBNK-I.NFO,07/01/2020,11:11:22,87.5,87.45,14000,87.5,7000,0,56847000
FEDERALBNK-I.NFO,07/01/2020,11:11:30,87.45,87.45,7000,87.5,14000,7000,56847000
FEDERALBNK-I.NFO,07/01/2020,11:11:30,87.45,87.45,7000,87.5,14000,0,56847000
FEDERALBNK-I.NFO,07/01/2020,11:11:37,87.45,87.4,21000,87.5,14000,7000,56966000
FEDERALBNK-I.NFO,07/01/2020,11:11:43,87.45,87.4,21000,87.5,14000,0,56966000
FEDERALBNK-I.NFO,07/01/2020,11:11:48,87.45,87.45,14000,87.55,7000,0,56966000
FEDERALBNK-I.NFO,07/01/2020,11:11:53,87.45,87.45,21000,87.55,14000,7000,56966000
FEDERALBNK-I.NFO,07/01/2020,11:11:59,87.5,87.5,7000,87.6,7000,56000,56966000
FEDERALBNK-I.NFO,07/01/2020,11:12:08,87.5,87.5,7000,87.6,28000,35000,56966000
FEDERALBNK-I.NFO,07/01/2020,11:12:15,87.5,87.5,14000,87.6,28000,0,56966000
FEDERALBNK-I.NFO,07/01/2020,11:12:28,87.5,87.5,14000,87.6,14000,0,56966000
FEDERALBNK-I.NFO,07/01/2020,11:12:41,87.5,87.5,14000,87.6,28000,0,56966000
FEDERALBNK-I.NFO,07/01/2020,11:12:55,87.5,87.5,7000,87.6,28000,0,56966000
FEDERALBNK-I.NFO,07/01/2020,11:13:00,87.5,87.5,14000,87.6,28000,0,56966000
FEDERALBNK-I.NFO,07/01/2020,11:13:05,87.5,87.5,14000,87.6,28000,7000,56966000
FEDERALBNK-I.NFO,07/01/2020,11:13:11,87.5,87.55,35000,87.6,7000,0,56966000
FEDERALBNK-I.NFO,07/01/2020,11:13:17,87.6,87.55,35000,87.65,14000,7000,56966000
FEDERALBNK-I.NFO,07/01/2020,11:13:29,87.55,87.5,14000,87.55,7000,42000,56966000
FEDERALBNK-I.NFO,07/01/2020,11:13:35,87.55,87.5,7000,87.55,14000,0,56966000
FEDERALBNK-I.NFO,07/01/2020,11:14:04,87.55,87.5,14000,87.55,14000,0,56966000
FEDERALBNK-I.NFO,07/01/2020,11:14:10,87.55,87.5,14000,87.55,21000,0,56966000
FEDERALBNK-I.NFO,07/01/2020,11:14:16,87.5,87.45,7000,87.5,7000,14000,56966000
FEDERALBNK-I.NFO,07/01/2020,11:14:22,87.5,87.45,7000,87.5,7000,0,56966000
FEDERALBNK-I.NFO,07/01/2020,11:14:27,87.5,87.45,7000,87.5,14000,0,56966000
FEDERALBNK-I.NFO,07/01/2020,11:14:32,87.45,87.4,14000,87.45,28000,7000,56966000
FEDERALBNK-I.NFO,07/01/2020,11:14:37,87.4,87.4,7000,87.45,14000,42000,56973000
FEDERALBNK-I.NFO,07/01/2020,11:14:37,87.35,87.4,7000,87.45,14000,0,56973000
FEDERALBNK-I.NFO,07/01/2020,11:14:42,87.4,87.4,7000,87.45,14000,7000,56973000
FEDERALBNK-I.NFO,07/01/2020,11:14:56,87.4,87.4,21000,87.45,14000,0,56973000
FEDERALBNK-I.NFO,07/01/2020,11:15:03,87.4,87.3,21000,87.4,14000,56000,56973000
FEDERALBNK-I.NFO,07/01/2020,11:15:03,87.3,87.3,21000,87.4,14000,0,56973000
FEDERALBNK-I.NFO,07/01/2020,11:15:09,87.35,87.3,21000,87.4,14000,21000,56973000
FEDERALBNK-I.NFO,07/01/2020,11:15:15,87.35,87.35,21000,87.45,14000,0,56973000
FEDERALBNK-I.NFO,07/01/2020,11:15:20,87.35,87.4,21000,87.45,7000,0,56973000
FEDERALBNK-I.NFO,07/01/2020,11:15:25,87.4,87.35,21000,87.45,14000,21000,56973000
FEDERALBNK-I.NFO,07/01/2020,11:15:31,87.4,87.35,14000,87.45,14000,0,56973000
FEDERALBNK-I.NFO,07/01/2020,11:15:35,87.4,87.35,21000,87.45,14000,0,56973000
FEDERALBNK-I.NFO,07/01/2020,11:15:48,87.4,87.35,21000,87.45,7000,14000,56973000
FEDERALBNK-I.NFO,07/01/2020,11:15:54,87.4,87.35,28000,87.45,7000,0,56973000
FEDERALBNK-I.NFO,07/01/2020,11:15:59,87.4,87.35,21000,87.4,7000,0,56973000
FEDERALBNK-I.NFO,07/01/2020,11:16:05,87.35,87.3,21000,87.35,14000,14000,56973000
FEDERALBNK-I.NFO,07/01/2020,11:16:18,87.3,87.3,21000,87.35,7000,21000,56973000
FEDERALBNK-I.NFO,07/01/2020,11:16:24,87.3,87.3,14000,87.35,7000,7000,56973000
FEDERALBNK-I.NFO,07/01/2020,11:16:30,87.3,87.3,7000,87.35,7000,0,56973000
FEDERALBNK-I.NFO,07/01/2020,11:16:40,87.3,87.3,14000,87.35,14000,0,56973000
FEDERALBNK-I.NFO,07/01/2020,11:16:44,87.3,87.3,28000,87.35,7000,0,56973000
FEDERALBNK-I.NFO,07/01/2020,11:16:49,87.35,87.3,14000,87.35,14000,7000,56973000
FEDERALBNK-I.NFO,07/01/2020,11:16:56,87.35,87.3,7000,87.35,21000,14000,56973000
FEDERALBNK-I.NFO,07/01/2020,11:17:02,87.35,87.25,35000,87.3,7000,0,56973000
FEDERALBNK-I.NFO,07/01/2020,11:17:07,87.3,87.25,42000,87.35,21000,7000,56973000
FEDERALBNK-I.NFO,07/01/2020,11:17:11,87.3,87.25,42000,87.35,14000,7000,56973000
FEDERALBNK-I.NFO,07/01/2020,11:17:16,87.3,87.3,7000,87.35,14000,0,56973000
FEDERALBNK-I.NFO,07/01/2020,11:17:21,87.3,87.25,42000,87.35,14000,7000,56973000
FEDERALBNK-I.NFO,07/01/2020,11:17:30,87.3,87.25,35000,87.35,21000,0,56973000
FEDERALBNK-I.NFO,07/01/2020,11:17:36,87.3,87.3,7000,87.35,14000,0,56973000
FEDERALBNK-I.NFO,07/01/2020,11:17:42,87.3,87.3,7000,87.35,21000,0,56973000
FEDERALBNK-I.NFO,07/01/2020,11:17:47,87.3,87.3,7000,87.35,21000,7000,57036000
FEDERALBNK-I.NFO,07/01/2020,11:17:52,87.3,87.3,7000,87.35,21000,0,57036000
FEDERALBNK-I.NFO,07/01/2020,11:17:57,87.3,87.3,7000,87.35,28000,0,57036000
FEDERALBNK-I.NFO,07/01/2020,11:18:02,87.3,87.25,35000,87.35,35000,0,57036000
FEDERALBNK-I.NFO,07/01/2020,11:18:07,87.3,87.3,7000,87.35,28000,0,57036000
FEDERALBNK-I.NFO,07/01/2020,11:18:12,87.3,87.3,14000,87.35,28000,0,57036000
FEDERALBNK-I.NFO,07/01/2020,11:18:20,87.3,87.3,14000,87.35,14000,0,57036000
FEDERALBNK-I.NFO,07/01/2020,11:18:25,87.3,87.3,7000,87.35,14000,7000,57036000
FEDERALBNK-I.NFO,07/01/2020,11:18:30,87.3,87.3,7000,87.35,14000,0,57036000
FEDERALBNK-I.NFO,07/01/2020,11:18:34,87.3,87.3,14000,87.35,14000,0,57036000
FEDERALBNK-I.NFO,07/01/2020,11:18:41,87.4,87.35,28000,87.45,21000,28000,57036000
FEDERALBNK-I.NFO,07/01/2020,11:18:47,87.4,87.35,21000,87.4,21000,0,57036000
FEDERALBNK-I.NFO,07/01/2020,11:18:53,87.4,87.35,35000,87.45,28000,7000,57036000
FEDERALBNK-I.NFO,07/01/2020,11:18:58,87.4,87.4,7000,87.45,28000,0,57036000
FEDERALBNK-I.NFO,07/01/2020,11:19:10,87.45,87.4,7000,87.45,21000,7000,57036000
FEDERALBNK-I.NFO,07/01/2020,11:19:15,87.4,87.35,14000,87.4,7000,14000,57036000
FEDERALBNK-I.NFO,07/01/2020,11:19:24,87.35,87.3,7000,87.4,14000,14000,57036000
FEDERALBNK-I.NFO,07/01/2020,11:19:32,87.4,87.3,14000,87.4,7000,7000,57036000
FEDERALBNK-I.NFO,07/01/2020,11:19:39,87.35,87.3,7000,87.4,14000,7000,57036000
FEDERALBNK-I.NFO,07/01/2020,11:19:45,87.35,87.3,7000,87.4,14000,0,57036000
FEDERALBNK-I.NFO,07/01/2020,11:19:51,87.35,87.3,21000,87.4,14000,0,57036000
FEDERALBNK-I.NFO,07/01/2020,11:20:00,87.35,87.3,35000,87.4,14000,0,57036000
FEDERALBNK-I.NFO,07/01/2020,11:20:05,87.35,87.3,21000,87.4,14000,0,57036000
FEDERALBNK-I.NFO,07/01/2020,11:20:10,87.35,87.3,35000,87.4,14000,0,57036000
FEDERALBNK-I.NFO,07/01/2020,11:20:21,87.35,87.3,28000,87.4,14000,0,57036000
FEDERALBNK-I.NFO,07/01/2020,11:20:25,87.35,87.3,35000,87.4,14000,0,57036000
FEDERALBNK-I.NFO,07/01/2020,11:20:30,87.4,87.3,28000,87.4,7000,7000,57036000
FEDERALBNK-I.NFO,07/01/2020,11:20:35,87.4,87.3,28000,87.4,7000,0,57036000
FEDERALBNK-I.NFO,07/01/2020,11:20:40,87.4,87.35,35000,87.45,21000,0,57036000
FEDERALBNK-I.NFO,07/01/2020,11:20:45,87.4,87.3,35000,87.4,7000,0,57036000
FEDERALBNK-I.NFO,07/01/2020,11:20:51,87.4,87.3,35000,87.45,42000,0,57036000
FEDERALBNK-I.NFO,07/01/2020,11:20:57,87.4,87.3,35000,87.4,7000,14000,57050000
FEDERALBNK-I.NFO,07/01/2020,11:21:02,87.4,87.3,28000,87.4,7000,7000,57050000
FEDERALBNK-I.NFO,07/01/2020,11:21:07,87.4,87.35,35000,87.4,7000,0,57050000
FEDERALBNK-I.NFO,07/01/2020,11:21:12,87.4,87.4,7000,87.5,21000,7000,57050000
FEDERALBNK-I.NFO,07/01/2020,11:21:24,87.5,87.4,7000,87.5,7000,21000,57050000
FEDERALBNK-I.NFO,07/01/2020,11:21:29,87.5,87.35,7000,87.45,7000,0,57050000
FEDERALBNK-I.NFO,07/01/2020,11:21:35,87.5,87.4,7000,87.45,21000,0,57050000
FEDERALBNK-I.NFO,07/01/2020,11:21:40,87.5,87.4,7000,87.45,14000,0,57050000
FEDERALBNK-I.NFO,07/01/2020,11:21:45,87.5,87.4,7000,87.45,7000,0,57050000
FEDERALBNK-I.NFO,07/01/2020,11:21:57,87.5,87.4,7000,87.5,28000,0,57050000
FEDERALBNK-I.NFO,07/01/2020,11:22:05,87.5,87.4,7000,87.45,7000,0,57050000
FEDERALBNK-I.NFO,07/01/2020,11:22:09,87.5,87.4,7000,87.5,28000,0,57050000
FEDERALBNK-I.NFO,07/01/2020,11:22:18,87.5,87.4,7000,87.5,21000,0,57050000
FEDERALBNK-I.NFO,07/01/2020,11:22:22,87.5,87.4,7000,87.45,7000,0,57050000
FEDERALBNK-I.NFO,07/01/2020,11:22:30,87.45,87.4,14000,87.5,21000,7000,57050000
FEDERALBNK-I.NFO,07/01/2020,11:23:03,87.45,87.4,63000,87.5,7000,0,57050000
FEDERALBNK-I.NFO,07/01/2020,11:23:08,87.45,87.45,35000,87.55,21000,0,57050000
FEDERALBNK-I.NFO,07/01/2020,11:23:13,87.55,87.45,7000,87.55,7000,14000,57050000
FEDERALBNK-I.NFO,07/01/2020,11:23:19,87.55,87.45,7000,87.55,7000,0,57050000
FEDERALBNK-I.NFO,07/01/2020,11:23:22,87.55,87.45,14000,87.55,7000,0,57050000
FEDERALBNK-I.NFO,07/01/2020,11:23:26,87.55,87.5,7000,87.6,21000,7000,57050000
FEDERALBNK-I.NFO,07/01/2020,11:23:31,87.5,87.5,7000,87.6,21000,7000,57050000
FEDERALBNK-I.NFO,07/01/2020,11:23:35,87.5,87.5,7000,87.6,21000,0,57050000
FEDERALBNK-I.NFO,07/01/2020,11:23:39,87.5,87.5,7000,87.6,14000,7000,57071000
FEDERALBNK-I.NFO,07/01/2020,11:23:44,87.5,87.5,7000,87.6,14000,0,57071000
FEDERALBNK-I.NFO,07/01/2020,11:23:53,87.5,87.5,21000,87.6,7000,0,57071000
FEDERALBNK-I.NFO,07/01/2020,11:23:58,87.5,87.55,7000,87.65,14000,0,57071000
FEDERALBNK-I.NFO,07/01/2020,11:24:04,87.5,87.55,7000,87.6,7000,0,57071000
FEDERALBNK-I.NFO,07/01/2020,11:24:09,87.5,87.55,7000,87.65,21000,0,57071000
FEDERALBNK-I.NFO,07/01/2020,11:24:15,87.5,87.5,28000,87.6,7000,0,57071000
FEDERALBNK-I.NFO,07/01/2020,11:24:25,87.7,87.55,14000,87.65,14000,56000,57071000
FEDERALBNK-I.NFO,07/01/2020,11:24:29,87.7,87.55,14000,87.65,21000,0,57071000
FEDERALBNK-I.NFO,07/01/2020,11:24:34,87.7,87.6,35000,87.65,7000,0,57071000
FEDERALBNK-I.NFO,07/01/2020,11:24:43,87.65,87.6,35000,87.7,7000,7000,57071000
FEDERALBNK-I.NFO,07/01/2020,11:24:47,87.7,87.65,7000,87.7,7000,14000,57071000
FEDERALBNK-I.NFO,07/01/2020,11:24:51,87.65,87.65,7000,87.7,7000,7000,57071000
FEDERALBNK-I.NFO,07/01/2020,11:25:05,87.65,87.6,49000,87.7,14000,7000,57071000
FEDERALBNK-I.NFO,07/01/2020,11:25:10,87.65,87.6,49000,87.7,14000,0,57071000
FEDERALBNK-I.NFO,07/01/2020,11:25:22,87.65,87.6,42000,87.65,7000,0,57071000
FEDERALBNK-I.NFO,07/01/2020,11:25:41,87.65,87.6,42000,87.65,7000,7000,57071000
FEDERALBNK-I.NFO,07/01/2020,11:25:46,87.65,87.6,42000,87.65,7000,0,57071000
FEDERALBNK-I.NFO,07/01/2020,11:26:21,87.65,87.6,42000,87.7,42000,7000,57071000
FEDERALBNK-I.NFO,07/01/2020,11:26:26,87.65,87.6,42000,87.7,42000,0,57071000
FEDERALBNK-I.NFO,07/01/2020,11:26:30,87.65,87.6,49000,87.7,42000,0,57071000
FEDERALBNK-I.NFO,07/01/2020,11:26:35,87.65,87.6,42000,87.7,42000,0,57071000
FEDERALBNK-I.NFO,07/01/2020,11:26:44,87.65,87.6,42000,87.65,14000,0,57071000
FEDERALBNK-I.NFO,07/01/2020,11:27:02,87.65,87.6,42000,87.65,21000,0,57071000
FEDERALBNK-I.NFO,07/01/2020,11:27:24,87.5,87.5,14000,87.6,14000,49000,57071000
FEDERALBNK-I.NFO,07/01/2020,11:27:28,87.5,87.5,14000,87.6,14000,7000,57064000
FEDERALBNK-I.NFO,07/01/2020,11:27:31,87.5,87.5,7000,87.6,21000,0,57064000
FEDERALBNK-I.NFO,07/01/2020,11:27:37,87.5,87.5,14000,87.6,21000,0,57064000
FEDERALBNK-I.NFO,07/01/2020,11:27:44,87.5,87.5,7000,87.6,14000,0,57064000
FEDERALBNK-I.NFO,07/01/2020,11:27:55,87.5,87.55,7000,87.6,7000,0,57064000
FEDERALBNK-I.NFO,07/01/2020,11:28:53,87.45,87.45,7000,87.5,7000,21000,57064000
FEDERALBNK-I.NFO,07/01/2020,11:28:57,87.45,87.45,7000,87.55,28000,0,57064000
FEDERALBNK-I.NFO,07/01/2020,11:29:09,87.45,87.45,7000,87.5,21000,0,57064000
FEDERALBNK-I.NFO,07/01/2020,11:29:26,87.45,87.45,14000,87.55,28000,0,57064000
FEDERALBNK-I.NFO,07/01/2020,11:29:30,87.5,87.45,7000,87.5,7000,7000,57064000
FEDERALBNK-I.NFO,07/01/2020,11:29:45,87.5,87.45,28000,87.55,28000,7000,57064000
FEDERALBNK-I.NFO,07/01/2020,11:29:50,87.5,87.5,7000,87.55,21000,0,57064000
FEDERALBNK-I.NFO,07/01/2020,11:30:04,87.55,87.5,7000,87.55,14000,7000,57064000
FEDERALBNK-I.NFO,07/01/2020,11:30:07,87.55,87.5,7000,87.55,14000,0,57064000
FEDERALBNK-I.NFO,07/01/2020,11:30:23,87.55,87.5,7000,87.55,21000,0,57064000
FEDERALBNK-I.NFO,07/01/2020,11:30:43,87.55,87.45,21000,87.55,28000,0,57064000
FEDERALBNK-I.NFO,07/01/2020,11:30:53,87.55,87.45,21000,87.55,14000,0,57064000
FEDERALBNK-I.NFO,07/01/2020,11:30:55,87.55,87.45,21000,87.55,28000,0,57064000
FEDERALBNK-I.NFO,07/01/2020,11:30:59,87.55,87.45,21000,87.55,14000,0,57064000
FEDERALBNK-I.NFO,07/01/2020,11:31:05,87.55,87.5,28000,87.6,42000,0,57064000
FEDERALBNK-I.NFO,07/01/2020,11:31:10,87.6,87.5,49000,87.6,28000,7000,57064000
FEDERALBNK-I.NFO,07/01/2020,11:31:15,87.6,87.5,21000,87.6,28000,0,57064000
FEDERALBNK-I.NFO,07/01/2020,11:31:24,87.6,87.55,14000,87.6,14000,7000,57064000
FEDERALBNK-I.NFO,07/01/2020,11:31:28,87.6,87.55,14000,87.6,14000,0,57064000
FEDERALBNK-I.NFO,07/01/2020,11:31:34,87.6,87.55,42000,87.65,35000,0,57064000
FEDERALBNK-I.NFO,07/01/2020,11:31:45,87.6,87.55,49000,87.65,35000,0,57064000
FEDERALBNK-I.NFO,07/01/2020,11:31:48,87.65,87.6,21000,87.7,14000,14000,57064000
FEDERALBNK-I.NFO,07/01/2020,11:31:55,87.65,87.6,42000,87.7,28000,0,57064000
FEDERALBNK-I.NFO,07/01/2020,11:32:00,87.65,87.6,21000,87.7,28000,0,57064000
FEDERALBNK-I.NFO,07/01/2020,11:32:06,87.7,87.6,42000,87.7,21000,7000,57064000
FEDERALBNK-I.NFO,07/01/2020,11:32:11,87.7,87.6,42000,87.7,14000,7000,57064000
FEDERALBNK-I.NFO,07/01/2020,11:32:16,87.7,87.6,42000,87.7,14000,0,57064000
FEDERALBNK-I.NFO,07/01/2020,11:32:20,87.7,87.6,49000,87.7,14000,0,57064000
FEDERALBNK-I.NFO,07/01/2020,11:32:24,87.7,87.6,42000,87.7,14000,7000,57064000
FEDERALBNK-I.NFO,07/01/2020,11:32:32,87.7,87.6,42000,87.7,14000,0,57064000
FEDERALBNK-I.NFO,07/01/2020,11:32:36,87.7,87.6,42000,87.7,7000,0,57064000
FEDERALBNK-I.NFO,07/01/2020,11:32:41,87.7,87.65,14000,87.7,14000,0,57064000
FEDERALBNK-I.NFO,07/01/2020,11:32:45,87.65,87.6,35000,87.7,21000,14000,57071000
FEDERALBNK-I.NFO,07/01/2020,11:32:48,87.65,87.6,35000,87.7,28000,0,57071000
FEDERALBNK-I.NFO,07/01/2020,11:32:57,87.65,87.6,28000,87.7,28000,7000,57071000
FEDERALBNK-I.NFO,07/01/2020,11:33:01,87.65,87.6,28000,87.7,28000,0,57071000
FEDERALBNK-I.NFO,07/01/2020,11:33:04,87.65,87.6,35000,87.7,28000,0,57071000
FEDERALBNK-I.NFO,07/01/2020,11:33:29,87.65,87.6,35000,87.7,14000,0,57071000
FEDERALBNK-I.NFO,07/01/2020,11:33:45,87.7,87.65,7000,87.75,35000,7000,57071000
FEDERALBNK-I.NFO,07/01/2020,11:33:49,87.7,87.65,7000,87.75,35000,0,57071000
FEDERALBNK-I.NFO,07/01/2020,11:33:58,87.7,87.7,7000,87.75,35000,0,57071000
FEDERALBNK-I.NFO,07/01/2020,11:34:04,87.7,87.7,7000,87.75,28000,0,57071000
FEDERALBNK-I.NFO,07/01/2020,11:34:09,87.75,87.7,7000,87.8,21000,42000,57071000
FEDERALBNK-I.NFO,07/01/2020,11:34:16,87.85,87.8,49000,87.85,7000,35000,57071000
FEDERALBNK-I.NFO,07/01/2020,11:34:23,87.85,87.8,49000,87.85,7000,0,57071000
FEDERALBNK-I.NFO,07/01/2020,11:34:28,87.85,87.8,56000,87.85,7000,0,57071000
FEDERALBNK-I.NFO,07/01/2020,11:34:35,87.85,87.8,63000,87.9,14000,7000,57071000
FEDERALBNK-I.NFO,07/01/2020,11:34:41,87.9,87.8,70000,87.9,7000,7000,57071000
FEDERALBNK-I.NFO,07/01/2020,11:34:46,87.9,87.8,70000,87.9,7000,0,57071000
FEDERALBNK-I.NFO,07/01/2020,11:34:57,87.9,87.85,7000,87.9,7000,0,57071000
FEDERALBNK-I.NFO,07/01/2020,11:35:08,87.9,87.85,21000,87.95,14000,14000,57071000
FEDERALBNK-I.NFO,07/01/2020,11:35:14,87.9,87.85,14000,87.95,21000,14000,57071000
FEDERALBNK-I.NFO,07/01/2020,11:35:19,87.9,87.85,7000,87.9,7000,0,57071000
FEDERALBNK-I.NFO,07/01/2020,11:35:25,87.9,87.9,7000,87.95,14000,7000,57071000
FEDERALBNK-I.NFO,07/01/2020,11:35:30,87.9,87.9,14000,87.95,7000,0,57071000
FEDERALBNK-I.NFO,07/01/2020,11:35:35,88,87.95,42000,88,21000,21000,57071000
FEDERALBNK-I.NFO,07/01/2020,11:35:40,88,87.95,42000,88,21000,0,57071000
FEDERALBNK-I.NFO,07/01/2020,11:35:46,88,87.95,70000,88,14000,7000,57043000
FEDERALBNK-I.NFO,07/01/2020,11:35:50,88,87.95,56000,88.05,7000,14000,57043000
FEDERALBNK-I.NFO,07/01/2020,11:35:55,88,87.95,56000,88.05,7000,7000,57043000
FEDERALBNK-I.NFO,07/01/2020,11:36:00,88,87.95,56000,88.05,7000,7000,57043000
FEDERALBNK-I.NFO,07/01/2020,11:36:05,88,87.95,49000,88,7000,0,57043000
FEDERALBNK-I.NFO,07/01/2020,11:36:09,88,87.95,63000,88.05,7000,7000,57043000
FEDERALBNK-I.NFO,07/01/2020,11:36:18,88,87.95,56000,88.05,7000,0,57043000
FEDERALBNK-I.NFO,07/01/2020,11:36:23,88,87.95,7000,88,14000,42000,57043000
FEDERALBNK-I.NFO,07/01/2020,11:36:28,88,87.95,7000,88,14000,0,57043000
FEDERALBNK-I.NFO,07/01/2020,11:36:42,87.95,87.9,7000,87.95,7000,14000,57043000
FEDERALBNK-I.NFO,07/01/2020,11:36:47,87.95,87.85,21000,87.95,7000,0,57043000
FEDERALBNK-I.NFO,07/01/2020,11:36:54,87.95,87.85,7000,87.9,7000,0,57043000
FEDERALBNK-I.NFO,07/01/2020,11:37:00,87.85,87.8,63000,87.9,14000,7000,57043000
FEDERALBNK-I.NFO,07/01/2020,11:37:05,87.85,87.8,63000,87.9,14000,7000,57043000
FEDERALBNK-I.NFO,07/01/2020,11:37:09,87.9,87.85,7000,87.9,7000,7000,57043000
FEDERALBNK-I.NFO,07/01/2020,11:37:13,87.85,87.85,7000,87.9,7000,7000,57043000
FEDERALBNK-I.NFO,07/01/2020,11:37:17,87.85,87.85,7000,87.9,7000,0,57043000
FEDERALBNK-I.NFO,07/01/2020,11:37:36,87.85,87.8,56000,87.9,21000,0,57043000
FEDERALBNK-I.NFO,07/01/2020,11:37:42,87.85,87.85,7000,87.9,21000,0,57043000
FEDERALBNK-I.NFO,07/01/2020,11:37:46,87.85,87.85,7000,87.9,14000,0,57043000
FEDERALBNK-I.NFO,07/01/2020,11:38:00,87.85,87.85,7000,87.9,21000,0,57043000
FEDERALBNK-I.NFO,07/01/2020,11:38:06,87.85,87.85,14000,87.9,21000,0,57043000
FEDERALBNK-I.NFO,07/01/2020,11:38:15,87.85,87.85,7000,87.9,21000,0,57043000
FEDERALBNK-I.NFO,07/01/2020,11:38:18,87.85,87.85,7000,87.9,21000,7000,57043000
FEDERALBNK-I.NFO,07/01/2020,11:38:22,87.85,87.85,7000,87.9,21000,0,57043000
FEDERALBNK-I.NFO,07/01/2020,11:38:26,87.85,87.8,77000,87.9,14000,7000,57043000
FEDERALBNK-I.NFO,07/01/2020,11:38:48,87.85,87.8,70000,87.9,21000,0,57043000
FEDERALBNK-I.NFO,07/01/2020,11:38:55,87.85,87.8,49000,87.85,7000,0,57043000
FEDERALBNK-I.NFO,07/01/2020,11:39:20,87.8,87.75,28000,87.85,21000,49000,57015000
FEDERALBNK-I.NFO,07/01/2020,11:39:24,87.8,87.75,28000,87.85,21000,0,57015000
FEDERALBNK-I.NFO,07/01/2020,11:39:28,87.8,87.75,28000,87.85,14000,0,57015000
FEDERALBNK-I.NFO,07/01/2020,11:39:31,87.8,87.75,28000,87.85,21000,0,57015000
FEDERALBNK-I.NFO,07/01/2020,11:39:36,87.75,87.7,35000,87.8,14000,21000,57015000
FEDERALBNK-I.NFO,07/01/2020,11:39:39,87.75,87.7,21000,87.8,14000,0,57015000
FEDERALBNK-I.NFO,07/01/2020,11:39:43,87.75,87.75,7000,87.8,14000,0,57015000
FEDERALBNK-I.NFO,07/01/2020,11:39:48,87.75,87.75,7000,87.8,21000,0,57015000
FEDERALBNK-I.NFO,07/01/2020,11:39:55,87.75,87.65,7000,87.75,14000,7000,57015000
FEDERALBNK-I.NFO,07/01/2020,11:40:15,87.75,87.65,7000,87.75,28000,0,57015000
FEDERALBNK-I.NFO,07/01/2020,11:41:07,87.65,87.65,7000,87.75,35000,7000,57015000
FEDERALBNK-I.NFO,07/01/2020,11:41:10,87.65,87.65,7000,87.75,35000,0,57015000
FEDERALBNK-I.NFO,07/01/2020,11:41:28,87.65,87.65,7000,87.75,35000,7000,57015000
FEDERALBNK-I.NFO,07/01/2020,11:41:31,87.65,87.65,7000,87.75,35000,7000,57015000
FEDERALBNK-I.NFO,07/01/2020,11:41:37,87.65,87.65,7000,87.75,35000,0,57015000
FEDERALBNK-I.NFO,07/01/2020,11:42:00,87.65,87.6,42000,87.75,35000,0,57015000
FEDERALBNK-I.NFO,07/01/2020,11:42:04,87.6,87.5,49000,87.6,7000,28000,57036000
FEDERALBNK-I.NFO,07/01/2020,11:42:07,87.6,87.5,49000,87.6,7000,0,57036000
FEDERALBNK-I.NFO,07/01/2020,11:42:10,87.6,87.5,56000,87.6,7000,0,57036000
FEDERALBNK-I.NFO,07/01/2020,11:42:15,87.6,87.55,7000,87.6,7000,0,57036000
FEDERALBNK-I.NFO,07/01/2020,11:42:18,87.6,87.55,14000,87.65,14000,7000,57036000
FEDERALBNK-I.NFO,07/01/2020,11:42:21,87.6,87.55,14000,87.65,14000,0,57036000
FEDERALBNK-I.NFO,07/01/2020,11:42:35,87.6,87.6,7000,87.7,21000,0,57036000
FEDERALBNK-I.NFO,07/01/2020,11:42:49,87.6,87.55,7000,87.65,21000,0,57036000
FEDERALBNK-I.NFO,07/01/2020,11:42:54,87.6,87.5,70000,87.65,21000,14000,57036000
FEDERALBNK-I.NFO,07/01/2020,11:42:59,87.6,87.5,70000,87.65,21000,0,57036000
FEDERALBNK-I.NFO,07/01/2020,11:43:07,87.5,87.5,7000,87.6,7000,70000,57036000
FEDERALBNK-I.NFO,07/01/2020,11:43:10,87.5,87.5,7000,87.6,7000,7000,57036000
FEDERALBNK-I.NFO,07/01/2020,11:43:13,87.5,87.5,7000,87.6,7000,0,57036000
FEDERALBNK-I.NFO,07/01/2020,11:43:17,87.45,87.45,7000,87.55,14000,14000,57036000
FEDERALBNK-I.NFO,07/01/2020,11:43:20,87.45,87.5,7000,87.55,14000,0,57036000
FEDERALBNK-I.NFO,07/01/2020,11:43:32,87.45,87.5,7000,87.55,7000,0,57036000
FEDERALBNK-I.NFO,07/01/2020,11:43:44,87.55,87.55,7000,87.65,7000,7000,57036000
FEDERALBNK-I.NFO,07/01/2020,11:43:55,87.55,87.5,7000,87.6,7000,0,57036000
FEDERALBNK-I.NFO,07/01/2020,11:43:58,87.55,87.5,14000,87.6,7000,0,57036000
FEDERALBNK-I.NFO,07/01/2020,11:44:01,87.55,87.5,7000,87.6,7000,0,57036000
FEDERALBNK-I.NFO,07/01/2020,11:44:13,87.55,87.5,14000,87.6,7000,0,57036000
FEDERALBNK-I.NFO,07/01/2020,11:44:16,87.55,87.5,7000,87.6,7000,0,57036000
FEDERALBNK-I.NFO,07/01/2020,11:44:19,87.55,87.55,7000,87.6,7000,0,57036000
FEDERALBNK-I.NFO,07/01/2020,11:44:22,87.55,87.55,7000,87.6,14000,0,57036000
FEDERALBNK-I.NFO,07/01/2020,11:44:30,87.55,87.5,7000,87.6,14000,7000,57036000
FEDERALBNK-I.NFO,07/01/2020,11:44:34,87.55,87.5,7000,87.6,14000,0,57036000
FEDERALBNK-I.NFO,07/01/2020,11:44:38,87.55,87.5,7000,87.55,7000,0,57036000
FEDERALBNK-I.NFO,07/01/2020,11:45:00,87.5,87.45,14000,87.55,14000,7000,57036000
FEDERALBNK-I.NFO,07/01/2020,11:45:03,87.5,87.45,14000,87.55,14000,0,57064000
FEDERALBNK-I.NFO,07/01/2020,11:45:21,87.5,87.5,7000,87.55,7000,0,57064000
FEDERALBNK-I.NFO,07/01/2020,11:45:24,87.5,87.5,7000,87.55,14000,0,57064000
FEDERALBNK-I.NFO,07/01/2020,11:45:27,87.5,87.5,7000,87.55,7000,0,57064000
FEDERALBNK-I.NFO,07/01/2020,11:45:40,87.5,87.45,7000,87.55,14000,7000,57064000
FEDERALBNK-I.NFO,07/01/2020,11:45:43,87.5,87.45,7000,87.55,14000,0,57064000
FEDERALBNK-I.NFO,07/01/2020,11:45:46,87.5,87.45,14000,87.55,14000,0,57064000
FEDERALBNK-I.NFO,07/01/2020,11:45:52,87.5,87.45,7000,87.55,14000,0,57064000
FEDERALBNK-I.NFO,07/01/2020,11:45:55,87.5,87.45,14000,87.55,14000,0,57064000
FEDERALBNK-I.NFO,07/01/2020,11:46:07,87.5,87.45,7000,87.55,14000,0,57064000
FEDERALBNK-I.NFO,07/01/2020,11:46:18,87.5,87.45,14000,87.55,14000,0,57064000
FEDERALBNK-I.NFO,07/01/2020,11:46:27,87.45,87.4,35000,87.55,14000,14000,57064000
FEDERALBNK-I.NFO,07/01/2020,11:46:29,87.45,87.4,35000,87.55,14000,0,57064000
FEDERALBNK-I.NFO,07/01/2020,11:46:31,87.45,87.45,7000,87.55,14000,0,57064000
FEDERALBNK-I.NFO,07/01/2020,11:46:35,87.55,87.45,7000,87.55,7000,7000,57064000
FEDERALBNK-I.NFO,07/01/2020,11:46:38,87.55,87.45,7000,87.55,7000,0,57064000
FEDERALBNK-I.NFO,07/01/2020,11:46:50,87.55,87.45,7000,87.55,14000,0,57064000
FEDERALBNK-I.NFO,07/01/2020,11:47:05,87.55,87.45,14000,87.55,14000,7000,57064000
FEDERALBNK-I.NFO,07/01/2020,11:47:07,87.55,87.45,14000,87.55,14000,0,57064000
FEDERALBNK-I.NFO,07/01/2020,11:47:17,87.55,87.45,7000,87.55,14000,0,57064000
FEDERALBNK-I.NFO,07/01/2020,11:47:19,87.55,87.45,14000,87.55,14000,0,57064000
FEDERALBNK-I.NFO,07/01/2020,11:47:24,87.55,87.45,7000,87.55,14000,0,57064000
FEDERALBNK-I.NFO,07/01/2020,11:47:31,87.55,87.4,42000,87.5,7000,0,57064000
FEDERALBNK-I.NFO,07/01/2020,11:47:39,87.55,87.4,49000,87.5,14000,0,57064000
FEDERALBNK-I.NFO,07/01/2020,11:47:42,87.55,87.4,42000,87.5,14000,0,57064000
FEDERALBNK-I.NFO,07/01/2020,11:47:45,87.55,87.4,49000,87.5,14000,0,57064000
FEDERALBNK-I.NFO,07/01/2020,11:47:47,87.55,87.4,42000,87.5,14000,0,57064000
FEDERALBNK-I.NFO,07/01/2020,11:47:52,87.55,87.4,49000,87.5,14000,0,57064000
FEDERALBNK-I.NFO,07/01/2020,11:47:54,87.55,87.45,7000,87.5,7000,0,57064000
FEDERALBNK-I.NFO,07/01/2020,11:48:00,87.55,87.4,42000,87.5,14000,0,57064000
FEDERALBNK-I.NFO,07/01/2020,11:48:21,87.55,87.4,49000,87.5,14000,0,57064000
FEDERALBNK-I.NFO,07/01/2020,11:48:24,87.55,87.4,42000,87.5,14000,0,57064000
FEDERALBNK-I.NFO,07/01/2020,11:48:38,87.5,87.4,42000,87.5,14000,7000,57057000
FEDERALBNK-I.NFO,07/01/2020,11:48:55,87.5,87.4,42000,87.5,14000,0,57057000
FEDERALBNK-I.NFO,07/01/2020,11:49:09,87.5,87.4,49000,87.5,14000,0,57057000
FEDERALBNK-I.NFO,07/01/2020,11:49:11,87.5,87.4,56000,87.5,14000,0,57057000
FEDERALBNK-I.NFO,07/01/2020,11:49:14,87.5,87.4,49000,87.5,14000,0,57057000
FEDERALBNK-I.NFO,07/01/2020,11:49:49,87.5,87.4,56000,87.5,14000,0,57057000
FEDERALBNK-I.NFO,07/01/2020,11:49:58,87.5,87.4,49000,87.5,14000,0,57057000
FEDERALBNK-I.NFO,07/01/2020,11:50:06,87.5,87.4,49000,87.45,7000,0,57057000
FEDERALBNK-I.NFO,07/01/2020,11:50:13,87.5,87.4,42000,87.45,7000,0,57057000
FEDERALBNK-I.NFO,07/01/2020,11:50:48,87.45,87.4,42000,87.5,14000,7000,57057000
FEDERALBNK-I.NFO,07/01/2020,11:50:51,87.45,87.4,42000,87.5,14000,0,57057000
FEDERALBNK-I.NFO,07/01/2020,11:51:01,87.45,87.4,42000,87.45,7000,0,57057000
FEDERALBNK-I.NFO,07/01/2020,11:51:10,87.45,87.4,42000,87.5,14000,0,57057000
FEDERALBNK-I.NFO,07/01/2020,11:51:27,87.45,87.45,7000,87.5,7000,0,57057000
FEDERALBNK-I.NFO,07/01/2020,11:51:46,87.45,87.45,7000,87.5,14000,0,57057000
FEDERALBNK-I.NFO,07/01/2020,11:51:53,87.45,87.4,42000,87.45,7000,7000,57057000
FEDERALBNK-I.NFO,07/01/2020,11:52:00,87.4,87.4,35000,87.45,14000,7000,57057000
FEDERALBNK-I.NFO,07/01/2020,11:52:03,87.4,87.4,35000,87.45,7000,0,57057000
FEDERALBNK-I.NFO,07/01/2020,11:52:08,87.4,87.4,35000,87.45,14000,0,57057000
FEDERALBNK-I.NFO,07/01/2020,11:52:12,87.4,87.4,35000,87.45,21000,0,57057000
FEDERALBNK-I.NFO,07/01/2020,11:52:21,87.4,87.4,28000,87.45,14000,7000,57057000
FEDERALBNK-I.NFO,07/01/2020,11:52:23,87.4,87.4,21000,87.45,7000,7000,57057000
FEDERALBNK-I.NFO,07/01/2020,11:52:26,87.45,87.4,21000,87.5,14000,7000,57057000
FEDERALBNK-I.NFO,07/01/2020,11:52:29,87.45,87.45,7000,87.5,7000,0,57057000
FEDERALBNK-I.NFO,07/01/2020,11:52:31,87.45,87.4,7000,87.5,14000,7000,57057000
FEDERALBNK-I.NFO,07/01/2020,11:52:34,87.45,87.4,7000,87.45,7000,0,57057000
FEDERALBNK-I.NFO,07/01/2020,11:52:55,87.45,87.4,7000,87.5,21000,0,57057000
FEDERALBNK-I.NFO,07/01/2020,11:53:19,87.45,87.45,7000,87.5,14000,0,57057000
FEDERALBNK-I.NFO,07/01/2020,11:53:23,87.45,87.45,7000,87.5,21000,0,57057000
FEDERALBNK-I.NFO,07/01/2020,11:53:44,87.45,87.45,7000,87.5,14000,0,57057000
FEDERALBNK-I.NFO,07/01/2020,11:53:50,87.45,87.4,21000,87.5,14000,0,57057000
FEDERALBNK-I.NFO,07/01/2020,11:54:22,87.45,87.4,21000,87.5,21000,0,57057000
FEDERALBNK-I.NFO,07/01/2020,11:54:31,87.45,87.4,21000,87.5,28000,0,57057000
FEDERALBNK-I.NFO,07/01/2020,11:54:34,87.45,87.45,7000,87.5,7000,14000,57099000
FEDERALBNK-I.NFO,07/01/2020,11:54:36,87.45,87.45,7000,87.5,14000,0,57099000
FEDERALBNK-I.NFO,07/01/2020,11:54:39,87.45,87.45,7000,87.5,7000,0,57099000
FEDERALBNK-I.NFO,07/01/2020,11:54:42,87.45,87.45,7000,87.5,14000,0,57099000
FEDERALBNK-I.NFO,07/01/2020,11:54:48,87.5,87.45,7000,87.5,7000,7000,57099000
FEDERALBNK-I.NFO,07/01/2020,11:54:49,87.5,87.4,14000,87.5,21000,0,57099000
FEDERALBNK-I.NFO,07/01/2020,11:55:01,87.5,87.4,14000,87.5,28000,0,57099000
FEDERALBNK-I.NFO,07/01/2020,11:55:05,87.45,87.45,7000,87.55,14000,84000,57099000
FEDERALBNK-I.NFO,07/01/2020,11:55:08,87.45,87.45,7000,87.5,21000,7000,57099000
FEDERALBNK-I.NFO,07/01/2020,11:55:11,87.45,87.4,14000,87.45,7000,14000,57099000
FEDERALBNK-I.NFO,07/01/2020,11:55:15,87.4,87.35,14000,87.4,7000,14000,57099000
FEDERALBNK-I.NFO,07/01/2020,11:55:18,87.4,87.35,14000,87.4,7000,0,57099000
FEDERALBNK-I.NFO,07/01/2020,11:55:33,87.3,87.3,7000,87.4,7000,21000,57099000
FEDERALBNK-I.NFO,07/01/2020,11:55:39,87.3,87.3,7000,87.4,7000,0,57099000
FEDERALBNK-I.NFO,07/01/2020,11:55:46,87.3,87.3,14000,87.4,7000,0,57099000
FEDERALBNK-I.NFO,07/01/2020,11:55:50,87.3,87.35,7000,87.4,7000,0,57099000
FEDERALBNK-I.NFO,07/01/2020,11:55:59,87.4,87.35,7000,87.4,7000,7000,57099000
FEDERALBNK-I.NFO,07/01/2020,11:56:04,87.4,87.35,7000,87.4,7000,0,57099000
FEDERALBNK-I.NFO,07/01/2020,11:56:18,87.4,87.35,14000,87.45,14000,0,57099000
FEDERALBNK-I.NFO,07/01/2020,11:56:27,87.35,87.3,28000,87.4,14000,28000,57099000
FEDERALBNK-I.NFO,07/01/2020,11:56:30,87.35,87.3,28000,87.4,14000,0,57099000
FEDERALBNK-I.NFO,07/01/2020,11:56:34,87.35,87.35,7000,87.4,7000,0,57099000
FEDERALBNK-I.NFO,07/01/2020,11:56:48,87.35,87.35,14000,87.4,7000,0,57099000
FEDERALBNK-I.NFO,07/01/2020,11:57:12,87.35,87.35,21000,87.45,14000,0,57099000
FEDERALBNK-I.NFO,07/01/2020,11:57:14,87.35,87.35,14000,87.45,14000,0,57099000
FEDERALBNK-I.NFO,07/01/2020,11:57:23,87.35,87.35,21000,87.45,14000,0,57099000
FEDERALBNK-I.NFO,07/01/2020,11:57:26,87.35,87.35,14000,87.45,14000,0,57099000
FEDERALBNK-I.NFO,07/01/2020,11:57:32,87.35,87.35,21000,87.45,14000,0,57099000
FEDERALBNK-I.NFO,07/01/2020,11:57:35,87.35,87.35,14000,87.4,7000,0,57099000
FEDERALBNK-I.NFO,07/01/2020,11:57:46,87.35,87.3,28000,87.4,14000,14000,57120000
FEDERALBNK-I.NFO,07/01/2020,11:57:50,87.35,87.3,28000,87.4,14000,0,57120000
FEDERALBNK-I.NFO,07/01/2020,11:57:54,87.35,87.3,35000,87.4,14000,0,57120000
FEDERALBNK-I.NFO,07/01/2020,11:58:30,87.35,87.3,28000,87.4,14000,0,57120000
FEDERALBNK-I.NFO,07/01/2020,11:58:36,87.35,87.3,21000,87.4,14000,0,57120000
FEDERALBNK-I.NFO,07/01/2020,11:58:40,87.35,87.3,28000,87.4,14000,0,57120000
FEDERALBNK-I.NFO,07/01/2020,11:58:48,87.35,87.35,7000,87.4,7000,0,57120000
FEDERALBNK-I.NFO,07/01/2020,11:59:18,87.35,87.3,21000,87.4,14000,0,57120000
FEDERALBNK-I.NFO,07/01/2020,11:59:21,87.35,87.3,35000,87.4,14000,0,57120000
FEDERALBNK-I.NFO,07/01/2020,11:59:33,87.35,87.3,28000,87.4,14000,0,57120000
FEDERALBNK-I.NFO,07/01/2020,11:59:39,87.35,87.3,35000,87.4,14000,0,57120000
FEDERALBNK-I.NFO,07/01/2020,11:59:42,87.35,87.3,28000,87.4,14000,0,57120000
FEDERALBNK-I.NFO,07/01/2020,11:59:55,87.35,87.3,35000,87.4,14000,0,57120000
FEDERALBNK-I.NFO,07/01/2020,12:00:09,87.35,87.3,28000,87.4,14000,0,57120000
FEDERALBNK-I.NFO,07/01/2020,12:00:12,87.35,87.3,28000,87.4,28000,0,57120000
FEDERALBNK-I.NFO,07/01/2020,12:00:20,87.35,87.3,35000,87.4,28000,0,57120000
FEDERALBNK-I.NFO,07/01/2020,12:00:30,87.35,87.3,28000,87.35,7000,7000,57134000
FEDERALBNK-I.NFO,07/01/2020,12:00:34,87.1,87.05,7000,87.15,28000,364000,57134000
FEDERALBNK-I.NFO,07/01/2020,12:00:34,87,87.05,7000,87.15,28000,0,57134000
FEDERALBNK-I.NFO,07/01/2020,12:00:38,87.1,87.05,7000,87.15,28000,0,57134000
FEDERALBNK-I.NFO,07/01/2020,12:00:49,87.1,87.1,7000,87.15,28000,0,57134000
FEDERALBNK-I.NFO,07/01/2020,12:00:52,87.15,87.1,7000,87.15,21000,7000,57134000
FEDERALBNK-I.NFO,07/01/2020,12:00:55,87.15,87.1,7000,87.15,21000,0,57134000
FEDERALBNK-I.NFO,07/01/2020,12:00:58,87.15,87.15,14000,87.25,14000,21000,57134000
FEDERALBNK-I.NFO,07/01/2020,12:01:02,87.25,87.15,14000,87.25,7000,14000,57134000
FEDERALBNK-I.NFO,07/01/2020,12:01:05,87.25,87.15,14000,87.3,35000,0,57134000
FEDERALBNK-I.NFO,07/01/2020,12:01:08,87.25,87.15,14000,87.3,28000,0,57134000
FEDERALBNK-I.NFO,07/01/2020,12:01:13,87.25,87.15,21000,87.3,28000,0,57134000
FEDERALBNK-I.NFO,07/01/2020,12:01:15,87.25,87.15,21000,87.25,14000,0,57134000
FEDERALBNK-I.NFO,07/01/2020,12:01:18,87.25,87.15,28000,87.3,21000,0,57134000
FEDERALBNK-I.NFO,07/01/2020,12:01:23,87.15,87.2,7000,87.3,28000,7000,57134000
FEDERALBNK-I.NFO,07/01/2020,12:01:31,87.15,87.2,14000,87.3,35000,0,57134000
FEDERALBNK-I.NFO,07/01/2020,12:02:19,87.15,87.2,14000,87.25,7000,0,57134000
FEDERALBNK-I.NFO,07/01/2020,12:02:21,87.25,87.15,14000,87.25,21000,7000,57134000
FEDERALBNK-I.NFO,07/01/2020,12:02:23,87.25,87.15,14000,87.25,21000,0,57134000
FEDERALBNK-I.NFO,07/01/2020,12:02:26,87.25,87.15,21000,87.25,21000,0,57134000
FEDERALBNK-I.NFO,07/01/2020,12:02:31,87.25,87.15,21000,87.25,14000,0,57134000
FEDERALBNK-I.NFO,07/01/2020,12:02:37,87.25,87.2,7000,87.3,21000,0,57134000
FEDERALBNK-I.NFO,07/01/2020,12:02:44,87.25,87.2,7000,87.3,7000,0,57134000
FEDERALBNK-I.NFO,07/01/2020,12:02:49,87.25,87.2,7000,87.3,28000,0,57134000
FEDERALBNK-I.NFO,07/01/2020,12:03:18,87.3,87.2,7000,87.3,21000,7000,57183000
FEDERALBNK-I.NFO,07/01/2020,12:03:21,87.3,87.2,7000,87.25,7000,0,57183000
FEDERALBNK-I.NFO,07/01/2020,12:03:25,87.3,87.15,14000,87.25,14000,0,57183000
FEDERALBNK-I.NFO,07/01/2020,12:03:35,87.3,87.15,14000,87.2,7000,0,57183000
FEDERALBNK-I.NFO,07/01/2020,12:03:38,87.2,87.15,21000,87.25,14000,7000,57183000
FEDERALBNK-I.NFO,07/01/2020,12:03:41,87.2,87.15,21000,87.25,14000,0,57183000
FEDERALBNK-I.NFO,07/01/2020,12:03:45,87.25,87.2,7000,87.3,21000,14000,57183000
FEDERALBNK-I.NFO,07/01/2020,12:03:48,87.15,87.15,14000,87.25,28000,14000,57183000
FEDERALBNK-I.NFO,07/01/2020,12:04:00,87.25,87.2,7000,87.25,7000,7000,57183000
FEDERALBNK-I.NFO,07/01/2020,12:04:03,87.25,87.2,7000,87.25,7000,0,57183000
FEDERALBNK-I.NFO,07/01/2020,12:04:08,87.25,87.2,7000,87.25,14000,0,57183000
FEDERALBNK-I.NFO,07/01/2020,12:04:10,87.25,87.2,7000,87.25,7000,0,57183000
FEDERALBNK-I.NFO,07/01/2020,12:04:12,87.25,87.2,14000,87.3,35000,7000,57183000
FEDERALBNK-I.NFO,07/01/2020,12:04:15,87.25,87.2,14000,87.3,35000,0,57183000
FEDERALBNK-I.NFO,07/01/2020,12:04:36,87.25,87.2,14000,87.3,28000,0,57183000
FEDERALBNK-I.NFO,07/01/2020,12:04:42,87.25,87.2,14000,87.3,21000,0,57183000
FEDERALBNK-I.NFO,07/01/2020,12:04:48,87.25,87.2,21000,87.3,21000,0,57183000
FEDERALBNK-I.NFO,07/01/2020,12:04:51,87.25,87.25,7000,87.35,14000,0,57183000
FEDERALBNK-I.NFO,07/01/2020,12:04:56,87.25,87.25,7000,87.35,21000,0,57183000
FEDERALBNK-I.NFO,07/01/2020,12:05:09,87.25,87.25,7000,87.35,14000,0,57183000
FEDERALBNK-I.NFO,07/01/2020,12:05:41,87.25,87.25,7000,87.35,21000,0,57183000
FEDERALBNK-I.NFO,07/01/2020,12:05:47,87.25,87.25,14000,87.35,21000,0,57183000
FEDERALBNK-I.NFO,07/01/2020,12:05:54,87.25,87.25,14000,87.3,21000,0,57183000
