Ticker,Date,Time,LTP,BuyPrice,BuyQty,SellPrice,SellQty,LTQ,OpenInterest
ICICIPRULI-I.NFO,07/01/2020,09:15:05,481.85,478.6,4500,481,1500,1500,10749000
ICICIPRULI-I.NFO,07/01/2020,09:15:05,481.85,478.6,4500,481,1500,0,10749000
ICICIPRULI-I.NFO,07/01/2020,09:15:05,481.85,478.6,4500,481,1500,0,10749000
ICICIPRULI-I.NFO,07/01/2020,09:15:05,481.85,478.6,4500,481,1500,0,10749000
ICICIPRULI-I.NFO,07/01/2020,09:15:13,480.6,479.9,1500,480.8,3000,1500,10749000
ICICIPRULI-I.NFO,07/01/2020,09:15:13,480.6,479.9,1500,480.8,3000,0,10749000
ICICIPRULI-I.NFO,07/01/2020,09:15:23,480.6,479,1500,480.85,1500,0,10749000
ICICIPRULI-I.NFO,07/01/2020,09:15:33,480.6,480.05,3000,480.95,3000,0,10749000
ICICIPRULI-I.NFO,07/01/2020,09:15:44,480.6,479.75,3000,480.65,3000,0,10749000
ICICIPRULI-I.NFO,07/01/2020,09:15:54,480.25,479.4,3000,480.3,3000,10500,10749000
ICICIPRULI-I.NFO,07/01/2020,09:15:54,479.5,479.4,3000,480.3,3000,0,10749000
ICICIPRULI-I.NFO,07/01/2020,09:16:05,480.5,480.25,1500,480.75,1500,6000,10749000
ICICIPRULI-I.NFO,07/01/2020,09:16:16,480.9,480.4,3000,480.85,1500,4500,10749000
ICICIPRULI-I.NFO,07/01/2020,09:16:27,480.4,480.35,1500,480.8,1500,1500,10749000
ICICIPRULI-I.NFO,07/01/2020,09:16:38,480.4,480.25,1500,480.7,3000,1500,10749000
ICICIPRULI-I.NFO,07/01/2020,09:16:49,480.55,480.3,1500,480.6,1500,3000,10749000
ICICIPRULI-I.NFO,07/01/2020,09:16:59,480.3,480.3,1500,480.55,1500,1500,10749000
ICICIPRULI-I.NFO,07/01/2020,09:17:09,480.25,480.25,1500,480.6,1500,3000,10749000
ICICIPRULI-I.NFO,07/01/2020,09:17:13,480.25,480.2,1500,480.5,1500,0,10749000
ICICIPRULI-I.NFO,07/01/2020,09:17:14,480.1,480.1,1500,480.45,3000,1500,10759500
ICICIPRULI-I.NFO,07/01/2020,09:17:15,480.1,480.05,1500,480.45,3000,0,10759500
ICICIPRULI-I.NFO,07/01/2020,09:17:16,480.1,480,3000,480.4,3000,0,10759500
ICICIPRULI-I.NFO,07/01/2020,09:17:19,480.1,480.05,1500,480.4,1500,0,10759500
ICICIPRULI-I.NFO,07/01/2020,09:17:20,480.1,480,3000,480.35,3000,0,10759500
ICICIPRULI-I.NFO,07/01/2020,09:17:23,480.05,480,3000,480.4,1500,3000,10759500
ICICIPRULI-I.NFO,07/01/2020,09:17:24,480.05,480,4500,480.5,1500,0,10759500
ICICIPRULI-I.NFO,07/01/2020,09:17:25,480.05,480,4500,480.45,3000,0,10759500
ICICIPRULI-I.NFO,07/01/2020,09:17:26,480.05,480,3000,480.45,3000,0,10759500
ICICIPRULI-I.NFO,07/01/2020,09:17:32,480.45,480,3000,480.45,1500,1500,10759500
ICICIPRULI-I.NFO,07/01/2020,09:17:34,480.45,480.05,1500,480.55,1500,0,10759500
ICICIPRULI-I.NFO,07/01/2020,09:17:35,480.45,480.05,3000,480.55,1500,0,10759500
ICICIPRULI-I.NFO,07/01/2020,09:17:36,480.45,480.05,3000,480.5,1500,0,10759500
ICICIPRULI-I.NFO,07/01/2020,09:17:37,480.45,480.05,3000,480.5,3000,0,10759500
ICICIPRULI-I.NFO,07/01/2020,09:17:38,480.45,480.05,1500,480.5,3000,0,10759500
ICICIPRULI-I.NFO,07/01/2020,09:17:39,480.45,480.05,3000,480.5,3000,0,10759500
ICICIPRULI-I.NFO,07/01/2020,09:17:40,480.45,480.1,1500,480.5,3000,0,10759500
ICICIPRULI-I.NFO,07/01/2020,09:17:52,480.45,480.1,1500,480.4,1500,0,10759500
ICICIPRULI-I.NFO,07/01/2020,09:17:53,480.45,480.05,3000,480.4,1500,0,10759500
ICICIPRULI-I.NFO,07/01/2020,09:17:56,480.45,480.1,3000,480.6,1500,0,10759500
ICICIPRULI-I.NFO,07/01/2020,09:17:58,480.45,480.1,4500,480.6,1500,0,10759500
ICICIPRULI-I.NFO,07/01/2020,09:18:00,480.45,480.1,3000,480.55,1500,0,10759500
ICICIPRULI-I.NFO,07/01/2020,09:18:03,480.45,480.2,1500,480.65,1500,0,10759500
ICICIPRULI-I.NFO,07/01/2020,09:18:04,480.45,480.3,1500,480.65,1500,0,10759500
ICICIPRULI-I.NFO,07/01/2020,09:18:09,480.45,480.2,1500,480.6,1500,0,10759500
ICICIPRULI-I.NFO,07/01/2020,09:18:22,480.5,480.2,3000,480.55,1500,3000,10759500
ICICIPRULI-I.NFO,07/01/2020,09:18:29,480.2,480.05,1500,480.4,1500,3000,10759500
ICICIPRULI-I.NFO,07/01/2020,09:18:36,479.65,479.5,3000,479.95,1500,6000,10759500
ICICIPRULI-I.NFO,07/01/2020,09:18:44,479.6,479.3,3000,479.85,3000,1500,10759500
ICICIPRULI-I.NFO,07/01/2020,09:18:51,479.6,479.35,1500,479.85,3000,0,10759500
ICICIPRULI-I.NFO,07/01/2020,09:18:59,479.55,479.55,1500,479.85,1500,1500,10759500
ICICIPRULI-I.NFO,07/01/2020,09:19:06,479.5,479.4,3000,479.8,1500,3000,10759500
ICICIPRULI-I.NFO,07/01/2020,09:19:12,479.5,479.45,1500,479.7,1500,0,10759500
ICICIPRULI-I.NFO,07/01/2020,09:19:19,479.75,479.6,1500,480,1500,3000,10759500
ICICIPRULI-I.NFO,07/01/2020,09:19:26,480,480.25,1500,480.6,1500,1500,10759500
ICICIPRULI-I.NFO,07/01/2020,09:19:34,480,480,1500,480.45,1500,0,10759500
ICICIPRULI-I.NFO,07/01/2020,09:19:40,480,479.85,1500,480.3,1500,0,10759500
ICICIPRULI-I.NFO,07/01/2020,09:19:48,479.85,479.8,1500,480.25,1500,1500,10759500
ICICIPRULI-I.NFO,07/01/2020,09:19:54,479.85,479.85,1500,480.25,1500,0,10759500
ICICIPRULI-I.NFO,07/01/2020,09:20:00,479.85,480.05,1500,480.5,1500,0,10759500
ICICIPRULI-I.NFO,07/01/2020,09:20:07,480.1,480.05,1500,480.55,1500,1500,10759500
ICICIPRULI-I.NFO,07/01/2020,09:20:13,480.1,479.85,3000,480.45,3000,0,10759500
ICICIPRULI-I.NFO,07/01/2020,09:20:20,480.1,480,1500,480.3,1500,0,10759500
ICICIPRULI-I.NFO,07/01/2020,09:20:26,480.1,480,1500,480.2,1500,0,10759500
ICICIPRULI-I.NFO,07/01/2020,09:20:32,480.1,480,1500,480.3,1500,0,10759500
ICICIPRULI-I.NFO,07/01/2020,09:20:39,480.2,480.1,1500,480.55,3000,1500,10759500
ICICIPRULI-I.NFO,07/01/2020,09:20:45,480.2,480,1500,480.4,1500,0,10764000
ICICIPRULI-I.NFO,07/01/2020,09:20:51,480.35,480.3,1500,480.65,1500,1500,10764000
ICICIPRULI-I.NFO,07/01/2020,09:20:57,480.35,480.35,1500,480.65,1500,0,10764000
ICICIPRULI-I.NFO,07/01/2020,09:21:04,480.3,480,1500,480.4,1500,1500,10764000
ICICIPRULI-I.NFO,07/01/2020,09:21:12,480.3,480.1,1500,480.35,1500,0,10764000
ICICIPRULI-I.NFO,07/01/2020,09:21:20,480.25,480.1,1500,480.5,1500,3000,10764000
ICICIPRULI-I.NFO,07/01/2020,09:21:27,480.25,480.15,1500,480.25,1500,0,10764000
ICICIPRULI-I.NFO,07/01/2020,09:21:33,480.25,480.05,1500,480.4,1500,3000,10764000
ICICIPRULI-I.NFO,07/01/2020,09:21:40,479.95,479.9,1500,480.25,1500,3000,10764000
ICICIPRULI-I.NFO,07/01/2020,09:21:46,479.95,479.95,3000,480.45,3000,0,10764000
ICICIPRULI-I.NFO,07/01/2020,09:22:00,479.95,480,1500,480.45,3000,0,10764000
ICICIPRULI-I.NFO,07/01/2020,09:22:06,479.95,480.2,3000,480.5,3000,0,10764000
ICICIPRULI-I.NFO,07/01/2020,09:22:13,480.8,480.6,1500,481,1500,4500,10764000
ICICIPRULI-I.NFO,07/01/2020,09:22:20,480.8,480.65,1500,481,1500,0,10764000
ICICIPRULI-I.NFO,07/01/2020,09:22:27,480.95,480.65,3000,481,1500,3000,10764000
ICICIPRULI-I.NFO,07/01/2020,09:22:34,480.45,480.35,1500,480.8,3000,1500,10764000
ICICIPRULI-I.NFO,07/01/2020,09:22:40,480.45,480.45,1500,480.95,1500,0,10764000
ICICIPRULI-I.NFO,07/01/2020,09:22:46,480.45,480.3,3000,480.75,1500,0,10764000
ICICIPRULI-I.NFO,07/01/2020,09:22:53,480.45,480.5,1500,480.85,1500,0,10764000
ICICIPRULI-I.NFO,07/01/2020,09:22:59,480.95,480.75,1500,481,1500,3000,10764000
ICICIPRULI-I.NFO,07/01/2020,09:23:05,480.95,480.75,1500,481,1500,0,10764000
ICICIPRULI-I.NFO,07/01/2020,09:23:12,480.95,480.65,3000,481,1500,0,10764000
ICICIPRULI-I.NFO,07/01/2020,09:23:14,481,480.7,1500,481.2,3000,1500,10762500
ICICIPRULI-I.NFO,07/01/2020,09:23:15,481,480.7,1500,481.2,3000,0,10762500
ICICIPRULI-I.NFO,07/01/2020,09:23:15,481,480.7,1500,481.1,1500,0,10762500
ICICIPRULI-I.NFO,07/01/2020,09:23:16,481,480.75,1500,481.15,1500,0,10762500
ICICIPRULI-I.NFO,07/01/2020,09:23:17,481.2,480.9,3000,481.35,1500,1500,10762500
ICICIPRULI-I.NFO,07/01/2020,09:23:18,481.2,480.85,1500,481.3,1500,0,10762500
ICICIPRULI-I.NFO,07/01/2020,09:23:20,481.2,480.9,1500,481.3,1500,0,10762500
ICICIPRULI-I.NFO,07/01/2020,09:23:21,481.2,481,1500,481.35,1500,0,10762500
ICICIPRULI-I.NFO,07/01/2020,09:23:29,480.7,480.65,1500,481.15,1500,6000,10762500
ICICIPRULI-I.NFO,07/01/2020,09:23:29,480.7,480.65,1500,481.15,1500,0,10762500
ICICIPRULI-I.NFO,07/01/2020,09:23:31,480.7,480.65,1500,481.15,3000,0,10762500
ICICIPRULI-I.NFO,07/01/2020,09:23:33,480.7,480.6,1500,480.9,1500,0,10762500
ICICIPRULI-I.NFO,07/01/2020,09:23:41,480.7,480.7,1500,480.9,1500,0,10762500
ICICIPRULI-I.NFO,07/01/2020,09:23:53,480.7,480.6,1500,480.9,1500,1500,10762500
ICICIPRULI-I.NFO,07/01/2020,09:23:55,480.9,480.65,1500,481,1500,1500,10762500
ICICIPRULI-I.NFO,07/01/2020,09:23:56,480.9,480.65,1500,481,1500,0,10762500
ICICIPRULI-I.NFO,07/01/2020,09:23:58,480.9,480.65,3000,481,1500,0,10762500
ICICIPRULI-I.NFO,07/01/2020,09:24:03,480.9,480.6,1500,481,1500,0,10762500
ICICIPRULI-I.NFO,07/01/2020,09:24:05,480.9,480.6,1500,480.95,1500,0,10762500
ICICIPRULI-I.NFO,07/01/2020,09:24:17,480.9,480.65,1500,481,1500,0,10762500
ICICIPRULI-I.NFO,07/01/2020,09:24:22,480.9,480.65,1500,480.95,1500,0,10762500
ICICIPRULI-I.NFO,07/01/2020,09:24:28,480.9,480.65,1500,480.85,1500,0,10762500
ICICIPRULI-I.NFO,07/01/2020,09:24:34,480.9,480.7,1500,480.85,1500,0,10762500
ICICIPRULI-I.NFO,07/01/2020,09:24:40,480.85,480.6,1500,481.05,1500,3000,10762500
ICICIPRULI-I.NFO,07/01/2020,09:24:45,480.85,480.6,1500,481.05,1500,0,10762500
ICICIPRULI-I.NFO,07/01/2020,09:24:50,481.05,480.65,1500,481.1,1500,1500,10762500
ICICIPRULI-I.NFO,07/01/2020,09:24:56,480.65,480.65,1500,481,1500,1500,10762500
ICICIPRULI-I.NFO,07/01/2020,09:25:02,480.65,480.6,1500,480.95,1500,0,10762500
ICICIPRULI-I.NFO,07/01/2020,09:25:08,480.65,480.65,1500,481.1,3000,0,10762500
ICICIPRULI-I.NFO,07/01/2020,09:25:15,480.9,480.6,1500,481,1500,1500,10762500
ICICIPRULI-I.NFO,07/01/2020,09:25:21,480.9,480.6,1500,481,1500,0,10762500
ICICIPRULI-I.NFO,07/01/2020,09:25:27,480.9,480.6,1500,480.9,1500,0,10762500
ICICIPRULI-I.NFO,07/01/2020,09:25:33,480.6,480.5,1500,480.75,1500,1500,10762500
ICICIPRULI-I.NFO,07/01/2020,09:25:39,480.5,480.15,3000,480.55,1500,1500,10762500
ICICIPRULI-I.NFO,07/01/2020,09:25:46,480.5,480.05,1500,480.4,1500,0,10762500
ICICIPRULI-I.NFO,07/01/2020,09:25:59,480.5,480.35,1500,480.8,1500,4500,10762500
ICICIPRULI-I.NFO,07/01/2020,09:26:07,480.5,480.2,1500,480.5,1500,0,10762500
ICICIPRULI-I.NFO,07/01/2020,09:26:14,480.5,480.2,1500,480.4,1500,0,10762500
ICICIPRULI-I.NFO,07/01/2020,09:26:20,480.5,480.2,1500,480.45,1500,0,10762500
ICICIPRULI-I.NFO,07/01/2020,09:26:26,480.2,480.05,1500,480.4,1500,1500,10761000
ICICIPRULI-I.NFO,07/01/2020,09:26:31,480.25,480.2,1500,480.45,1500,1500,10761000
ICICIPRULI-I.NFO,07/01/2020,09:26:37,480.2,480.2,1500,480.35,1500,1500,10761000
ICICIPRULI-I.NFO,07/01/2020,09:26:43,480.2,480.2,1500,480.35,1500,0,10761000
ICICIPRULI-I.NFO,07/01/2020,09:26:49,480.5,480.25,1500,480.6,1500,3000,10761000
ICICIPRULI-I.NFO,07/01/2020,09:26:54,480.5,480.25,1500,480.7,1500,0,10761000
ICICIPRULI-I.NFO,07/01/2020,09:27:22,480.5,480.35,1500,480.8,3000,0,10761000
ICICIPRULI-I.NFO,07/01/2020,09:27:28,480.5,480.25,1500,480.65,1500,0,10761000
ICICIPRULI-I.NFO,07/01/2020,09:27:34,480.5,480.25,1500,480.6,1500,0,10761000
ICICIPRULI-I.NFO,07/01/2020,09:27:40,480.6,480.35,1500,480.65,1500,1500,10761000
ICICIPRULI-I.NFO,07/01/2020,09:27:46,480.65,480.35,1500,480.7,1500,1500,10761000
ICICIPRULI-I.NFO,07/01/2020,09:27:52,480.7,480.55,1500,481,3000,1500,10761000
ICICIPRULI-I.NFO,07/01/2020,09:28:06,480.85,480.55,1500,481,1500,1500,10761000
ICICIPRULI-I.NFO,07/01/2020,09:28:13,480.85,480.6,3000,481,1500,0,10761000
ICICIPRULI-I.NFO,07/01/2020,09:28:18,480.6,480.35,1500,480.65,1500,1500,10761000
ICICIPRULI-I.NFO,07/01/2020,09:28:24,480.35,480.2,1500,480.55,1500,1500,10761000
ICICIPRULI-I.NFO,07/01/2020,09:28:29,480.1,479.7,1500,480.05,1500,6000,10761000
ICICIPRULI-I.NFO,07/01/2020,09:28:35,479.7,479.65,1500,479.9,1500,1500,10761000
ICICIPRULI-I.NFO,07/01/2020,09:28:40,479.7,479.65,1500,479.8,1500,0,10761000
ICICIPRULI-I.NFO,07/01/2020,09:28:45,479.7,479.5,1500,479.8,1500,3000,10761000
ICICIPRULI-I.NFO,07/01/2020,09:28:51,479.7,479.65,1500,479.8,1500,0,10761000
ICICIPRULI-I.NFO,07/01/2020,09:28:57,479.7,479.65,1500,479.8,1500,1500,10761000
ICICIPRULI-I.NFO,07/01/2020,09:29:02,479.7,479.75,1500,479.8,1500,0,10761000
ICICIPRULI-I.NFO,07/01/2020,09:29:07,480,479.8,3000,480,1500,3000,10761000
ICICIPRULI-I.NFO,07/01/2020,09:29:13,480,480.05,3000,480.35,1500,1500,10761000
ICICIPRULI-I.NFO,07/01/2020,09:29:18,480.05,480,1500,480.25,1500,1500,10770000
ICICIPRULI-I.NFO,07/01/2020,09:29:24,480.05,479.75,1500,480,1500,0,10770000
ICICIPRULI-I.NFO,07/01/2020,09:29:30,480.15,479.8,1500,480,1500,4500,10770000
ICICIPRULI-I.NFO,07/01/2020,09:29:36,480,479.75,1500,480.05,1500,1500,10770000
ICICIPRULI-I.NFO,07/01/2020,09:29:41,479.8,479.85,1500,479.95,1500,1500,10770000
ICICIPRULI-I.NFO,07/01/2020,09:29:46,479.8,479.85,1500,479.95,1500,0,10770000
ICICIPRULI-I.NFO,07/01/2020,09:29:51,479.85,479.65,1500,480.1,1500,3000,10770000
ICICIPRULI-I.NFO,07/01/2020,09:29:55,479.85,479.75,1500,479.9,1500,0,10770000
ICICIPRULI-I.NFO,07/01/2020,09:29:59,479.9,479.65,1500,479.85,1500,3000,10770000
ICICIPRULI-I.NFO,07/01/2020,09:30:03,479.9,479.55,1500,479.75,1500,0,10770000
ICICIPRULI-I.NFO,07/01/2020,09:30:09,479.85,479.85,1500,480.05,3000,6000,10770000
ICICIPRULI-I.NFO,07/01/2020,09:30:14,480.1,480.05,1500,480.2,3000,3000,10770000
ICICIPRULI-I.NFO,07/01/2020,09:30:19,480.1,480,1500,480.15,1500,0,10770000
ICICIPRULI-I.NFO,07/01/2020,09:30:24,480,479.9,3000,480.15,1500,1500,10770000
ICICIPRULI-I.NFO,07/01/2020,09:30:29,480,479.9,3000,480.15,1500,0,10770000
ICICIPRULI-I.NFO,07/01/2020,09:30:34,480,479.75,1500,480.05,1500,0,10770000
ICICIPRULI-I.NFO,07/01/2020,09:30:39,480,479.75,3000,479.95,1500,0,10770000
ICICIPRULI-I.NFO,07/01/2020,09:30:49,480,479.75,1500,479.95,1500,0,10770000
ICICIPRULI-I.NFO,07/01/2020,09:30:54,480,479.95,1500,480.05,1500,4500,10770000
ICICIPRULI-I.NFO,07/01/2020,09:30:58,480,479.95,1500,480.05,1500,0,10770000
ICICIPRULI-I.NFO,07/01/2020,09:31:04,480.45,480.65,1500,480.7,1500,9000,10770000
ICICIPRULI-I.NFO,07/01/2020,09:31:10,481,480.7,1500,481.1,3000,13500,10770000
ICICIPRULI-I.NFO,07/01/2020,09:31:16,481.1,480.85,1500,481.15,1500,4500,10770000
ICICIPRULI-I.NFO,07/01/2020,09:31:22,481.95,481.35,1500,481.75,1500,30000,10770000
ICICIPRULI-I.NFO,07/01/2020,09:31:22,481.95,481.35,1500,481.75,1500,0,10770000
ICICIPRULI-I.NFO,07/01/2020,09:31:28,481.4,481.25,3000,481.65,1500,9000,10770000
ICICIPRULI-I.NFO,07/01/2020,09:31:33,481.4,481.2,1500,481.65,1500,0,10770000
ICICIPRULI-I.NFO,07/01/2020,09:31:39,481.6,481.3,1500,481.6,1500,3000,10770000
ICICIPRULI-I.NFO,07/01/2020,09:31:45,481.6,481.25,1500,481.6,1500,0,10770000
ICICIPRULI-I.NFO,07/01/2020,09:31:50,481.6,481.25,1500,481.6,3000,0,10770000
ICICIPRULI-I.NFO,07/01/2020,09:31:55,481.6,481.35,3000,481.6,1500,1500,10770000
ICICIPRULI-I.NFO,07/01/2020,09:32:01,481.4,481.35,1500,481.6,3000,1500,10770000
ICICIPRULI-I.NFO,07/01/2020,09:32:06,481.4,481.3,1500,481.6,3000,0,10770000
ICICIPRULI-I.NFO,07/01/2020,09:32:12,481.6,481.25,1500,481.6,1500,1500,10770000
ICICIPRULI-I.NFO,07/01/2020,09:32:17,481.6,481.25,1500,481.55,1500,0,10770000
ICICIPRULI-I.NFO,07/01/2020,09:32:24,481.35,481.15,1500,481.4,1500,1500,10813500
ICICIPRULI-I.NFO,07/01/2020,09:32:30,481.15,481.1,3000,481.4,1500,1500,10813500
ICICIPRULI-I.NFO,07/01/2020,09:32:36,481.1,481.1,1500,481.4,1500,1500,10813500
ICICIPRULI-I.NFO,07/01/2020,09:32:41,481.4,481.2,1500,481.45,1500,4500,10813500
ICICIPRULI-I.NFO,07/01/2020,09:32:47,481.4,481.2,1500,481.45,1500,0,10813500
ICICIPRULI-I.NFO,07/01/2020,09:32:53,481.4,481,3000,481.4,3000,0,10813500
ICICIPRULI-I.NFO,07/01/2020,09:32:58,481.4,480.9,1500,481.3,1500,0,10813500
ICICIPRULI-I.NFO,07/01/2020,09:33:04,481,481.05,3000,481.4,1500,1500,10813500
ICICIPRULI-I.NFO,07/01/2020,09:33:10,481.1,481,1500,481.35,1500,1500,10813500
ICICIPRULI-I.NFO,07/01/2020,09:33:16,481.1,481.15,1500,481.45,1500,0,10813500
ICICIPRULI-I.NFO,07/01/2020,09:33:21,481.95,481.45,1500,481.8,1500,10500,10813500
ICICIPRULI-I.NFO,07/01/2020,09:33:26,481.95,481.3,1500,481.7,1500,0,10813500
ICICIPRULI-I.NFO,07/01/2020,09:33:47,481.7,481.35,1500,481.7,1500,1500,10813500
ICICIPRULI-I.NFO,07/01/2020,09:33:51,481.7,481.4,3000,481.8,1500,0,10813500
ICICIPRULI-I.NFO,07/01/2020,09:34:00,481.7,481.45,1500,481.8,1500,0,10813500
ICICIPRULI-I.NFO,07/01/2020,09:34:10,481.7,481.3,1500,481.8,1500,0,10813500
ICICIPRULI-I.NFO,07/01/2020,09:34:16,481.7,481.25,1500,481.6,1500,0,10813500
ICICIPRULI-I.NFO,07/01/2020,09:34:21,481.7,481.1,4500,481.5,1500,0,10813500
ICICIPRULI-I.NFO,07/01/2020,09:34:26,481.4,481.5,1500,481.9,1500,12000,10813500
ICICIPRULI-I.NFO,07/01/2020,09:34:32,482.45,482.4,1500,482.6,1500,24000,10813500
ICICIPRULI-I.NFO,07/01/2020,09:34:32,482.45,482.4,1500,482.6,1500,0,10813500
ICICIPRULI-I.NFO,07/01/2020,09:34:38,482.45,482.25,1500,482.6,1500,0,10813500
ICICIPRULI-I.NFO,07/01/2020,09:34:44,482.25,482.15,1500,482.5,1500,3000,10813500
ICICIPRULI-I.NFO,07/01/2020,09:34:49,482.6,482.6,10500,482.65,1500,3000,10813500
ICICIPRULI-I.NFO,07/01/2020,09:34:49,482.6,482.6,10500,482.65,1500,0,10813500
ICICIPRULI-I.NFO,07/01/2020,09:34:55,483,483.05,1500,483.45,1500,27000,10813500
ICICIPRULI-I.NFO,07/01/2020,09:34:55,483.15,483.05,1500,483.45,1500,0,10813500
ICICIPRULI-I.NFO,07/01/2020,09:35:00,483.05,482.85,1500,483.3,1500,1500,10813500
ICICIPRULI-I.NFO,07/01/2020,09:35:06,483.05,482.75,3000,483.15,1500,0,10813500
ICICIPRULI-I.NFO,07/01/2020,09:35:11,482.85,482.75,3000,483.15,1500,1500,10813500
ICICIPRULI-I.NFO,07/01/2020,09:35:16,482.85,482.7,1500,483.1,1500,0,10813500
ICICIPRULI-I.NFO,07/01/2020,09:35:20,482.85,482.7,1500,483.1,3000,0,10813500
ICICIPRULI-I.NFO,07/01/2020,09:35:25,482.85,482.75,1500,483.1,3000,0,10813500
ICICIPRULI-I.NFO,07/01/2020,09:35:40,483,482.75,1500,483,1500,4500,10828500
ICICIPRULI-I.NFO,07/01/2020,09:35:47,483,482.8,1500,483.1,1500,1500,10828500
ICICIPRULI-I.NFO,07/01/2020,09:35:54,483.1,482.9,3000,483.2,3000,1500,10828500
ICICIPRULI-I.NFO,07/01/2020,09:35:59,483,482.85,1500,483.2,3000,1500,10828500
ICICIPRULI-I.NFO,07/01/2020,09:36:05,483,482.85,3000,483.2,3000,1500,10828500
ICICIPRULI-I.NFO,07/01/2020,09:36:10,483,482.95,1500,483.2,3000,0,10828500
ICICIPRULI-I.NFO,07/01/2020,09:36:22,482.95,482.9,3000,483.2,3000,1500,10828500
ICICIPRULI-I.NFO,07/01/2020,09:36:28,482.8,482.8,1500,483.05,1500,1500,10828500
ICICIPRULI-I.NFO,07/01/2020,09:36:32,482.8,482.8,1500,483.05,1500,0,10828500
ICICIPRULI-I.NFO,07/01/2020,09:36:36,482.8,482.8,1500,483.1,1500,0,10828500
ICICIPRULI-I.NFO,07/01/2020,09:36:41,482.8,482.8,1500,483.1,1500,3000,10828500
ICICIPRULI-I.NFO,07/01/2020,09:36:46,482.8,482.75,1500,483,3000,0,10828500
ICICIPRULI-I.NFO,07/01/2020,09:36:50,482.8,482.8,3000,483,1500,0,10828500
ICICIPRULI-I.NFO,07/01/2020,09:36:55,483,482.9,1500,483.1,1500,1500,10828500
ICICIPRULI-I.NFO,07/01/2020,09:37:00,483.1,482.95,1500,483.25,1500,1500,10828500
ICICIPRULI-I.NFO,07/01/2020,09:37:04,483.1,482.85,1500,483.15,1500,0,10828500
ICICIPRULI-I.NFO,07/01/2020,09:37:09,483.1,482.85,1500,483.25,3000,0,10828500
ICICIPRULI-I.NFO,07/01/2020,09:37:18,483.1,482.8,1500,483.25,3000,0,10828500
ICICIPRULI-I.NFO,07/01/2020,09:37:22,483.1,482.8,3000,483.2,3000,0,10828500
ICICIPRULI-I.NFO,07/01/2020,09:37:27,483.1,482.8,1500,483.2,3000,0,10828500
ICICIPRULI-I.NFO,07/01/2020,09:37:32,483.2,483.2,7500,483.3,3000,3000,10828500
ICICIPRULI-I.NFO,07/01/2020,09:37:32,483.2,483.2,7500,483.3,3000,0,10828500
ICICIPRULI-I.NFO,07/01/2020,09:37:37,483.2,483.2,6000,483.3,3000,1500,10828500
ICICIPRULI-I.NFO,07/01/2020,09:37:40,483.2,483.2,6000,483.3,3000,0,10828500
ICICIPRULI-I.NFO,07/01/2020,09:37:44,483.45,483.2,1500,483.45,1500,6000,10828500
ICICIPRULI-I.NFO,07/01/2020,09:37:44,483.45,483.2,1500,483.45,1500,0,10828500
ICICIPRULI-I.NFO,07/01/2020,09:37:48,483.45,483.2,1500,483.45,1500,0,10828500
ICICIPRULI-I.NFO,07/01/2020,09:37:52,483.45,483.15,1500,483.4,1500,0,10828500
ICICIPRULI-I.NFO,07/01/2020,09:37:57,483.45,483.45,1500,483.5,3000,3000,10828500
ICICIPRULI-I.NFO,07/01/2020,09:38:01,483.45,483.45,1500,483.5,3000,0,10828500
ICICIPRULI-I.NFO,07/01/2020,09:38:06,483.5,483.5,4500,483.9,9000,3000,10828500
ICICIPRULI-I.NFO,07/01/2020,09:38:06,483.5,483.5,4500,483.9,9000,0,10828500
ICICIPRULI-I.NFO,07/01/2020,09:38:10,483.5,483.5,6000,483.85,1500,0,10828500
ICICIPRULI-I.NFO,07/01/2020,09:38:15,483.5,483.55,1500,483.85,1500,0,10828500
ICICIPRULI-I.NFO,07/01/2020,09:38:19,483.6,483.55,1500,483.85,1500,1500,10833000
ICICIPRULI-I.NFO,07/01/2020,09:38:19,483.6,483.55,1500,483.85,1500,0,10833000
ICICIPRULI-I.NFO,07/01/2020,09:38:23,483.55,483.5,1500,483.85,1500,1500,10833000
ICICIPRULI-I.NFO,07/01/2020,09:38:27,483.55,483.5,1500,483.75,1500,0,10833000
ICICIPRULI-I.NFO,07/01/2020,09:38:31,483.75,483.6,1500,483.85,1500,1500,10833000
ICICIPRULI-I.NFO,07/01/2020,09:38:31,483.75,483.6,1500,483.85,1500,0,10833000
ICICIPRULI-I.NFO,07/01/2020,09:38:36,483.75,483.6,1500,483.85,1500,0,10833000
ICICIPRULI-I.NFO,07/01/2020,09:38:44,484,483.9,1500,484.2,3000,13500,10833000
ICICIPRULI-I.NFO,07/01/2020,09:38:44,484,483.9,1500,484.2,3000,0,10833000
ICICIPRULI-I.NFO,07/01/2020,09:38:49,484,483.85,3000,484.15,1500,0,10833000
ICICIPRULI-I.NFO,07/01/2020,09:38:53,484,483.9,1500,484.2,3000,0,10833000
ICICIPRULI-I.NFO,07/01/2020,09:38:58,484,483.85,1500,484.2,3000,1500,10833000
ICICIPRULI-I.NFO,07/01/2020,09:39:02,484,483.95,1500,484.2,3000,0,10833000
ICICIPRULI-I.NFO,07/01/2020,09:39:06,484,484,1500,484.2,3000,0,10833000
ICICIPRULI-I.NFO,07/01/2020,09:39:10,484.2,484.1,1500,484.4,1500,15000,10833000
ICICIPRULI-I.NFO,07/01/2020,09:39:10,484.2,484.1,1500,484.4,1500,0,10833000
ICICIPRULI-I.NFO,07/01/2020,09:39:15,485,484.9,3000,485,13500,16500,10833000
ICICIPRULI-I.NFO,07/01/2020,09:39:15,485,484.9,3000,485,13500,0,10833000
ICICIPRULI-I.NFO,07/01/2020,09:39:20,484.9,484.8,3000,484.9,1500,1500,10833000
ICICIPRULI-I.NFO,07/01/2020,09:39:25,484.75,484.7,1500,484.85,1500,3000,10833000
ICICIPRULI-I.NFO,07/01/2020,09:39:29,484.85,484.55,1500,484.7,1500,1500,10833000
ICICIPRULI-I.NFO,07/01/2020,09:39:34,484.25,484.2,1500,484.5,1500,4500,10833000
ICICIPRULI-I.NFO,07/01/2020,09:39:38,484.25,484.15,1500,484.45,1500,0,10833000
ICICIPRULI-I.NFO,07/01/2020,09:39:42,484.25,484.25,1500,484.55,1500,0,10833000
ICICIPRULI-I.NFO,07/01/2020,09:39:46,484.55,484.3,1500,484.6,1500,1500,10833000
ICICIPRULI-I.NFO,07/01/2020,09:39:50,484.55,484.3,1500,484.6,1500,0,10833000
ICICIPRULI-I.NFO,07/01/2020,09:39:54,484.7,484.4,1500,484.8,1500,3000,10833000
ICICIPRULI-I.NFO,07/01/2020,09:39:58,484.4,484.35,1500,484.6,1500,1500,10833000
ICICIPRULI-I.NFO,07/01/2020,09:40:02,484.4,484.45,1500,484.6,1500,0,10833000
ICICIPRULI-I.NFO,07/01/2020,09:40:07,484.6,484.6,3000,484.95,1500,1500,10833000
ICICIPRULI-I.NFO,07/01/2020,09:40:12,484.95,484.65,1500,485,13500,4500,10833000
ICICIPRULI-I.NFO,07/01/2020,09:40:18,484.85,484.55,1500,484.85,1500,3000,10833000
ICICIPRULI-I.NFO,07/01/2020,09:40:23,484.65,484.4,1500,484.8,3000,1500,10833000
ICICIPRULI-I.NFO,07/01/2020,09:40:28,484.65,484.5,1500,484.9,1500,0,10833000
ICICIPRULI-I.NFO,07/01/2020,09:40:32,484.65,484.55,1500,484.9,1500,0,10833000
ICICIPRULI-I.NFO,07/01/2020,09:40:38,484.65,484.55,1500,484.85,3000,0,10833000
ICICIPRULI-I.NFO,07/01/2020,09:40:52,484.55,484.5,1500,484.7,1500,1500,10833000
ICICIPRULI-I.NFO,07/01/2020,09:40:56,484.55,484.5,1500,484.8,3000,0,10833000
ICICIPRULI-I.NFO,07/01/2020,09:41:01,484.7,484.35,1500,484.75,1500,4500,10833000
ICICIPRULI-I.NFO,07/01/2020,09:41:07,484.5,484.3,1500,484.7,1500,1500,10833000
ICICIPRULI-I.NFO,07/01/2020,09:41:12,484.5,484.35,1500,484.7,1500,1500,10833000
ICICIPRULI-I.NFO,07/01/2020,09:41:17,484.5,484.35,1500,484.65,1500,0,10833000
ICICIPRULI-I.NFO,07/01/2020,09:41:21,484.5,484.35,1500,484.75,1500,0,10833000
ICICIPRULI-I.NFO,07/01/2020,09:41:26,484.5,484.45,1500,484.8,1500,0,10833000
ICICIPRULI-I.NFO,07/01/2020,09:41:31,484.5,484.35,1500,484.75,1500,0,10833000
ICICIPRULI-I.NFO,07/01/2020,09:41:45,484.5,484.25,3000,484.65,1500,0,10833000
ICICIPRULI-I.NFO,07/01/2020,09:41:57,484.5,484.25,1500,484.65,1500,0,10833000
ICICIPRULI-I.NFO,07/01/2020,09:42:10,484.5,484.05,4500,484.55,1500,0,10833000
ICICIPRULI-I.NFO,07/01/2020,09:42:16,484.5,484.15,1500,484.55,3000,1500,10825500
ICICIPRULI-I.NFO,07/01/2020,09:42:23,484.5,484.3,1500,484.6,1500,0,10825500
ICICIPRULI-I.NFO,07/01/2020,09:42:30,484.5,484.25,3000,484.6,1500,0,10825500
ICICIPRULI-I.NFO,07/01/2020,09:42:37,484.5,484.3,1500,484.5,3000,0,10825500
ICICIPRULI-I.NFO,07/01/2020,09:42:43,484.5,484.3,1500,484.45,1500,0,10825500
ICICIPRULI-I.NFO,07/01/2020,09:42:50,484.5,484.1,1500,484.4,1500,0,10825500
ICICIPRULI-I.NFO,07/01/2020,09:42:56,484.4,484.15,1500,484.45,1500,1500,10825500
ICICIPRULI-I.NFO,07/01/2020,09:43:02,484.4,484.1,1500,484.4,1500,0,10825500
ICICIPRULI-I.NFO,07/01/2020,09:43:08,484.1,484,6000,484.35,1500,1500,10825500
ICICIPRULI-I.NFO,07/01/2020,09:43:13,484.1,484.15,1500,484.4,1500,0,10825500
ICICIPRULI-I.NFO,07/01/2020,09:43:23,484.5,484.35,1500,484.8,1500,4500,10825500
ICICIPRULI-I.NFO,07/01/2020,09:43:29,484.5,484.45,1500,484.85,1500,0,10825500
ICICIPRULI-I.NFO,07/01/2020,09:43:38,484.5,484.45,1500,484.95,1500,0,10825500
ICICIPRULI-I.NFO,07/01/2020,09:43:43,484.95,484.65,1500,485,13500,1500,10825500
ICICIPRULI-I.NFO,07/01/2020,09:43:48,484.95,484.65,1500,485,13500,0,10825500
ICICIPRULI-I.NFO,07/01/2020,09:43:52,485,484.95,1500,485.4,1500,13500,10825500
ICICIPRULI-I.NFO,07/01/2020,09:43:56,485.65,485.4,1500,485.8,1500,10500,10825500
ICICIPRULI-I.NFO,07/01/2020,09:43:56,485.7,485.4,1500,485.8,1500,0,10825500
ICICIPRULI-I.NFO,07/01/2020,09:44:01,485.65,485.45,1500,485.85,1500,0,10825500
ICICIPRULI-I.NFO,07/01/2020,09:44:07,485.9,485.7,1500,485.95,4500,4500,10825500
ICICIPRULI-I.NFO,07/01/2020,09:44:07,485.9,485.7,1500,485.95,4500,0,10825500
ICICIPRULI-I.NFO,07/01/2020,09:44:12,485.9,485.6,3000,485.95,4500,3000,10825500
ICICIPRULI-I.NFO,07/01/2020,09:44:13,485.9,485.6,3000,485.95,4500,0,10825500
ICICIPRULI-I.NFO,07/01/2020,09:44:16,485.55,485.5,1500,485.85,1500,3000,10833000
ICICIPRULI-I.NFO,07/01/2020,09:44:17,485.55,485.5,1500,485.85,1500,0,10833000
ICICIPRULI-I.NFO,07/01/2020,09:44:19,485.5,485.35,1500,485.7,1500,4500,10833000
ICICIPRULI-I.NFO,07/01/2020,09:44:20,485.5,485.3,1500,485.5,1500,0,10833000
ICICIPRULI-I.NFO,07/01/2020,09:44:21,485.5,485.35,1500,485.5,1500,0,10833000
ICICIPRULI-I.NFO,07/01/2020,09:44:23,485.5,485.3,1500,485.5,3000,0,10833000
ICICIPRULI-I.NFO,07/01/2020,09:44:28,485.3,485,1500,485.35,1500,1500,10833000
ICICIPRULI-I.NFO,07/01/2020,09:44:29,485.3,485,1500,485.35,1500,0,10833000
ICICIPRULI-I.NFO,07/01/2020,09:44:30,485.3,485,1500,485.3,1500,0,10833000
ICICIPRULI-I.NFO,07/01/2020,09:44:31,485.3,485,1500,485.35,1500,0,10833000
ICICIPRULI-I.NFO,07/01/2020,09:44:33,485.35,485.05,3000,485.4,1500,1500,10833000
ICICIPRULI-I.NFO,07/01/2020,09:44:35,485.35,485.05,3000,485.4,1500,0,10833000
ICICIPRULI-I.NFO,07/01/2020,09:44:36,485.05,485,1500,485.3,1500,1500,10833000
ICICIPRULI-I.NFO,07/01/2020,09:44:37,485.05,485,1500,485.35,1500,0,10833000
ICICIPRULI-I.NFO,07/01/2020,09:44:38,485.05,485.05,1500,485.4,1500,0,10833000
ICICIPRULI-I.NFO,07/01/2020,09:44:42,485.95,485.85,1500,486,1500,18000,10833000
ICICIPRULI-I.NFO,07/01/2020,09:44:42,485.95,485.85,1500,486,1500,0,10833000
ICICIPRULI-I.NFO,07/01/2020,09:44:43,485.95,485.85,1500,486,1500,0,10833000
ICICIPRULI-I.NFO,07/01/2020,09:44:44,485.85,485.85,1500,486,1500,1500,10833000
ICICIPRULI-I.NFO,07/01/2020,09:44:45,485.85,485.85,1500,486,1500,0,10833000
ICICIPRULI-I.NFO,07/01/2020,09:44:46,485.85,485.6,1500,486,1500,1500,10833000
ICICIPRULI-I.NFO,07/01/2020,09:44:47,485.85,485.7,1500,486,1500,0,10833000
ICICIPRULI-I.NFO,07/01/2020,09:44:51,485.85,485.7,1500,486,3000,0,10833000
ICICIPRULI-I.NFO,07/01/2020,09:44:53,485.85,485.65,1500,486,3000,0,10833000
ICICIPRULI-I.NFO,07/01/2020,09:44:54,485.85,485.65,1500,485.95,1500,0,10833000
ICICIPRULI-I.NFO,07/01/2020,09:44:57,485.65,485.6,1500,485.9,1500,1500,10833000
ICICIPRULI-I.NFO,07/01/2020,09:44:58,485.65,485.6,1500,485.9,1500,0,10833000
ICICIPRULI-I.NFO,07/01/2020,09:45:00,485.65,485.7,1500,485.95,1500,0,10833000
ICICIPRULI-I.NFO,07/01/2020,09:45:02,485.65,485.75,1500,485.95,1500,0,10833000
ICICIPRULI-I.NFO,07/01/2020,09:45:03,485.65,485.75,3000,485.95,1500,0,10833000
ICICIPRULI-I.NFO,07/01/2020,09:45:05,486,485.8,1500,486.15,1500,4500,10833000
ICICIPRULI-I.NFO,07/01/2020,09:45:05,486,485.8,1500,486.15,1500,0,10833000
ICICIPRULI-I.NFO,07/01/2020,09:45:06,486,485.8,1500,486.15,1500,0,10833000
ICICIPRULI-I.NFO,07/01/2020,09:45:07,486,485.9,1500,486.2,1500,0,10833000
ICICIPRULI-I.NFO,07/01/2020,09:45:08,486,485.85,3000,486.2,1500,0,10833000
ICICIPRULI-I.NFO,07/01/2020,09:45:09,486,485.85,1500,486.15,1500,0,10833000
ICICIPRULI-I.NFO,07/01/2020,09:45:17,486.1,485.8,1500,486,1500,3000,10833000
ICICIPRULI-I.NFO,07/01/2020,09:45:17,486.1,485.8,1500,486,1500,0,10833000
ICICIPRULI-I.NFO,07/01/2020,09:45:23,485.7,485.3,1500,485.65,1500,3000,10833000
ICICIPRULI-I.NFO,07/01/2020,09:45:30,485.7,485.25,1500,485.55,1500,0,10833000
ICICIPRULI-I.NFO,07/01/2020,09:45:36,485.55,485.3,1500,485.6,1500,1500,10833000
ICICIPRULI-I.NFO,07/01/2020,09:45:42,485.55,485.3,3000,485.65,1500,0,10833000
ICICIPRULI-I.NFO,07/01/2020,09:45:53,485.3,485.3,1500,485.6,3000,1500,10833000
ICICIPRULI-I.NFO,07/01/2020,09:45:58,485.3,485.3,1500,485.6,3000,0,10833000
ICICIPRULI-I.NFO,07/01/2020,09:46:04,485.9,485.7,7500,486,1500,10500,10833000
ICICIPRULI-I.NFO,07/01/2020,09:46:09,485.9,485.55,3000,485.95,1500,0,10833000
ICICIPRULI-I.NFO,07/01/2020,09:46:15,485.9,485.4,1500,485.75,1500,0,10833000
ICICIPRULI-I.NFO,07/01/2020,09:46:19,485.45,485.35,1500,485.7,1500,1500,10833000
ICICIPRULI-I.NFO,07/01/2020,09:46:24,485.45,485.3,1500,485.6,1500,0,10833000
ICICIPRULI-I.NFO,07/01/2020,09:46:29,485.45,485.45,1500,485.8,1500,0,10833000
ICICIPRULI-I.NFO,07/01/2020,09:46:34,485.45,485.45,1500,485.75,1500,0,10833000
ICICIPRULI-I.NFO,07/01/2020,09:46:40,485.45,485.45,1500,485.8,1500,0,10833000
ICICIPRULI-I.NFO,07/01/2020,09:46:44,485.45,485.45,1500,485.7,1500,0,10833000
ICICIPRULI-I.NFO,07/01/2020,09:46:48,485.45,485.45,1500,485.8,1500,0,10833000
ICICIPRULI-I.NFO,07/01/2020,09:47:07,485.3,485.3,3000,485.65,1500,6000,10833000
ICICIPRULI-I.NFO,07/01/2020,09:47:11,485.3,485.3,3000,485.55,1500,0,10833000
ICICIPRULI-I.NFO,07/01/2020,09:47:28,485.55,485.45,1500,485.85,1500,1500,10819500
ICICIPRULI-I.NFO,07/01/2020,09:47:33,485.55,485.45,1500,485.8,1500,0,10819500
ICICIPRULI-I.NFO,07/01/2020,09:47:38,485.55,485.45,1500,485.85,1500,0,10819500
ICICIPRULI-I.NFO,07/01/2020,09:47:42,485.55,485.55,1500,485.85,1500,0,10819500
ICICIPRULI-I.NFO,07/01/2020,09:47:54,485.55,485.55,1500,485.8,1500,0,10819500
ICICIPRULI-I.NFO,07/01/2020,09:47:58,485.55,485.55,1500,485.85,3000,0,10819500
ICICIPRULI-I.NFO,07/01/2020,09:48:06,485.55,485.3,1500,485.55,1500,1500,10819500
ICICIPRULI-I.NFO,07/01/2020,09:48:10,485.55,485.3,1500,485.5,3000,0,10819500
ICICIPRULI-I.NFO,07/01/2020,09:48:14,485.3,485.2,1500,485.6,3000,6000,10819500
ICICIPRULI-I.NFO,07/01/2020,09:48:18,485.15,485,4500,485.5,3000,1500,10819500
ICICIPRULI-I.NFO,07/01/2020,09:48:22,485.45,485.05,3000,485.45,3000,1500,10819500
ICICIPRULI-I.NFO,07/01/2020,09:48:26,485.45,485.15,1500,485.45,1500,0,10819500
ICICIPRULI-I.NFO,07/01/2020,09:48:29,485.45,485.2,1500,485.55,1500,0,10819500
ICICIPRULI-I.NFO,07/01/2020,09:48:34,485.45,485.25,1500,485.6,1500,0,10819500
ICICIPRULI-I.NFO,07/01/2020,09:48:42,485.45,485.15,1500,485.5,3000,0,10819500
ICICIPRULI-I.NFO,07/01/2020,09:48:47,485.45,485.15,1500,485.45,3000,0,10819500
ICICIPRULI-I.NFO,07/01/2020,09:48:52,485.45,485.15,1500,485.5,1500,0,10819500
ICICIPRULI-I.NFO,07/01/2020,09:48:55,485.45,485.05,1500,485.4,3000,0,10819500
ICICIPRULI-I.NFO,07/01/2020,09:48:59,485.45,485.05,1500,485.3,1500,0,10819500
ICICIPRULI-I.NFO,07/01/2020,09:49:03,485.2,485,3000,485.15,1500,4500,10819500
ICICIPRULI-I.NFO,07/01/2020,09:49:08,485.15,485.05,1500,485.4,1500,1500,10819500
ICICIPRULI-I.NFO,07/01/2020,09:49:12,485.15,485,4500,485.35,1500,0,10819500
ICICIPRULI-I.NFO,07/01/2020,09:49:16,485.15,485.05,1500,485.45,1500,0,10819500
ICICIPRULI-I.NFO,07/01/2020,09:49:18,485.15,485.05,1500,485.4,1500,0,10819500
ICICIPRULI-I.NFO,07/01/2020,09:49:19,485.15,485.05,1500,485.35,1500,0,10819500
ICICIPRULI-I.NFO,07/01/2020,09:49:21,485.15,485,4500,485.35,3000,0,10819500
ICICIPRULI-I.NFO,07/01/2020,09:49:22,485.15,485,4500,485.35,1500,0,10819500
ICICIPRULI-I.NFO,07/01/2020,09:49:23,485.15,485,4500,485.3,1500,0,10819500
ICICIPRULI-I.NFO,07/01/2020,09:49:24,485.15,485,4500,485.35,1500,0,10819500
ICICIPRULI-I.NFO,07/01/2020,09:49:31,485.15,485,4500,485.3,1500,0,10819500
ICICIPRULI-I.NFO,07/01/2020,09:49:33,485.3,485.05,1500,485.4,1500,1500,10819500
ICICIPRULI-I.NFO,07/01/2020,09:49:34,485.3,485.05,1500,485.4,1500,0,10819500
ICICIPRULI-I.NFO,07/01/2020,09:49:37,485.3,485.05,1500,485.5,1500,0,10819500
ICICIPRULI-I.NFO,07/01/2020,09:49:38,485.3,485.05,1500,485.3,1500,0,10819500
ICICIPRULI-I.NFO,07/01/2020,09:49:40,485.3,485.05,1500,485.5,1500,1500,10819500
ICICIPRULI-I.NFO,07/01/2020,09:49:41,485.3,485.05,1500,485.5,1500,0,10819500
ICICIPRULI-I.NFO,07/01/2020,09:49:42,485.05,485.05,1500,485.4,1500,1500,10819500
ICICIPRULI-I.NFO,07/01/2020,09:49:43,485.05,485.05,1500,485.4,1500,0,10819500
ICICIPRULI-I.NFO,07/01/2020,09:49:44,485.05,485.35,1500,485.7,1500,0,10819500
ICICIPRULI-I.NFO,07/01/2020,09:49:53,485.05,485.45,1500,485.7,1500,0,10819500
ICICIPRULI-I.NFO,07/01/2020,09:49:55,485.05,485.4,1500,485.7,1500,0,10819500
ICICIPRULI-I.NFO,07/01/2020,09:49:59,485.65,485.25,1500,485.7,1500,1500,10819500
ICICIPRULI-I.NFO,07/01/2020,09:50:01,485.65,485.25,1500,485.65,1500,0,10819500
ICICIPRULI-I.NFO,07/01/2020,09:50:02,485.65,485.25,1500,485.7,3000,0,10819500
ICICIPRULI-I.NFO,07/01/2020,09:50:03,485.65,485.35,1500,485.7,1500,0,10819500
ICICIPRULI-I.NFO,07/01/2020,09:50:11,485.65,485.25,1500,485.65,1500,0,10819500
ICICIPRULI-I.NFO,07/01/2020,09:50:12,485.65,485.25,1500,485.6,1500,0,10819500
ICICIPRULI-I.NFO,07/01/2020,09:50:16,485.65,485.25,1500,485.65,1500,0,10819500
ICICIPRULI-I.NFO,07/01/2020,09:50:20,485.65,485.25,1500,485.6,1500,0,10819500
ICICIPRULI-I.NFO,07/01/2020,09:50:25,485.65,485.15,3000,485.6,1500,0,10819500
ICICIPRULI-I.NFO,07/01/2020,09:50:30,485.65,485.15,3000,485.55,1500,0,10819500
ICICIPRULI-I.NFO,07/01/2020,09:50:35,485.65,485.1,1500,485.5,3000,0,10819500
ICICIPRULI-I.NFO,07/01/2020,09:50:40,485.65,485,4500,485.25,1500,0,10819500
ICICIPRULI-I.NFO,07/01/2020,09:50:46,485,485,3000,485.25,1500,1500,10789500
ICICIPRULI-I.NFO,07/01/2020,09:50:52,485,485.2,1500,485.4,1500,0,10789500
ICICIPRULI-I.NFO,07/01/2020,09:50:56,485.25,485.05,1500,485.4,1500,1500,10789500
ICICIPRULI-I.NFO,07/01/2020,09:51:01,485.25,485.05,1500,485.35,1500,0,10789500
ICICIPRULI-I.NFO,07/01/2020,09:51:06,485.6,485.3,3000,485.7,1500,7500,10789500
ICICIPRULI-I.NFO,07/01/2020,09:51:11,485.6,485.35,1500,485.6,1500,0,10789500
ICICIPRULI-I.NFO,07/01/2020,09:51:16,485.6,485.4,1500,485.7,1500,0,10789500
ICICIPRULI-I.NFO,07/01/2020,09:51:22,485.85,485.7,1500,486,1500,4500,10789500
ICICIPRULI-I.NFO,07/01/2020,09:51:27,485.85,485.7,3000,486,1500,0,10789500
ICICIPRULI-I.NFO,07/01/2020,09:51:32,485.85,485.8,1500,486,1500,0,10789500
ICICIPRULI-I.NFO,07/01/2020,09:51:37,485.8,485.8,3000,486,1500,1500,10789500
ICICIPRULI-I.NFO,07/01/2020,09:51:42,485.8,485.8,1500,486,1500,1500,10789500
ICICIPRULI-I.NFO,07/01/2020,09:51:46,486,485.95,3000,486.35,1500,9000,10789500
ICICIPRULI-I.NFO,07/01/2020,09:51:46,486.2,485.95,3000,486.35,1500,0,10789500
ICICIPRULI-I.NFO,07/01/2020,09:51:51,485.95,485.8,1500,486.05,1500,1500,10789500
ICICIPRULI-I.NFO,07/01/2020,09:51:55,485.95,485.8,1500,485.95,3000,0,10789500
ICICIPRULI-I.NFO,07/01/2020,09:51:58,485.95,485.75,1500,485.9,1500,0,10789500
ICICIPRULI-I.NFO,07/01/2020,09:52:02,485.6,485.4,1500,485.8,3000,3000,10789500
ICICIPRULI-I.NFO,07/01/2020,09:52:06,485.6,485.4,3000,485.75,1500,0,10789500
ICICIPRULI-I.NFO,07/01/2020,09:52:10,485.6,485.25,1500,485.6,1500,0,10789500
ICICIPRULI-I.NFO,07/01/2020,09:52:14,485.6,485.35,1500,485.7,1500,1500,10789500
ICICIPRULI-I.NFO,07/01/2020,09:52:19,485.6,485.25,1500,485.6,1500,0,10789500
ICICIPRULI-I.NFO,07/01/2020,09:52:23,485.25,485.2,1500,485.45,1500,6000,10789500
ICICIPRULI-I.NFO,07/01/2020,09:52:28,485.25,485.2,1500,485.45,1500,0,10789500
ICICIPRULI-I.NFO,07/01/2020,09:52:33,485.45,485.2,1500,485.6,1500,3000,10789500
ICICIPRULI-I.NFO,07/01/2020,09:52:38,485.45,485.4,1500,485.75,1500,0,10789500
ICICIPRULI-I.NFO,07/01/2020,09:52:42,485.45,485.4,1500,485.7,1500,0,10789500
ICICIPRULI-I.NFO,07/01/2020,09:52:47,485.4,485.3,1500,485.75,1500,3000,10789500
ICICIPRULI-I.NFO,07/01/2020,09:52:50,485.4,485.4,1500,485.75,1500,0,10789500
ICICIPRULI-I.NFO,07/01/2020,09:52:54,485.3,485.15,1500,485.55,1500,4500,10789500
ICICIPRULI-I.NFO,07/01/2020,09:52:58,485.3,485.3,1500,485.6,1500,0,10789500
ICICIPRULI-I.NFO,07/01/2020,09:53:02,485.3,485.2,1500,485.45,1500,0,10789500
ICICIPRULI-I.NFO,07/01/2020,09:53:08,485.2,485,3000,485.3,1500,1500,10789500
ICICIPRULI-I.NFO,07/01/2020,09:53:14,485.2,485,3000,485.3,1500,0,10789500
ICICIPRULI-I.NFO,07/01/2020,09:53:29,485.1,485.05,1500,485.4,1500,3000,10788000
ICICIPRULI-I.NFO,07/01/2020,09:53:34,485.25,485,1500,485.35,1500,3000,10788000
ICICIPRULI-I.NFO,07/01/2020,09:53:39,485.3,485.05,1500,485.4,1500,3000,10788000
ICICIPRULI-I.NFO,07/01/2020,09:53:44,485,484.75,3000,485.15,1500,7500,10788000
ICICIPRULI-I.NFO,07/01/2020,09:53:49,485,484.8,1500,485.15,1500,0,10788000
ICICIPRULI-I.NFO,07/01/2020,09:53:54,485,484.85,1500,485.15,1500,0,10788000
ICICIPRULI-I.NFO,07/01/2020,09:53:57,485,484.75,3000,485.15,1500,0,10788000
ICICIPRULI-I.NFO,07/01/2020,09:54:02,485.15,484.9,4500,485.3,4500,1500,10788000
ICICIPRULI-I.NFO,07/01/2020,09:54:06,485.15,484.8,3000,485.25,3000,0,10788000
ICICIPRULI-I.NFO,07/01/2020,09:54:11,485.15,484.9,4500,485.25,1500,0,10788000
ICICIPRULI-I.NFO,07/01/2020,09:54:15,485,484.9,1500,485.25,1500,1500,10788000
ICICIPRULI-I.NFO,07/01/2020,09:54:20,485,484.9,1500,485.25,1500,0,10788000
ICICIPRULI-I.NFO,07/01/2020,09:54:24,485,484.9,1500,485.2,1500,0,10788000
ICICIPRULI-I.NFO,07/01/2020,09:54:29,485,484.85,1500,485.2,1500,0,10788000
ICICIPRULI-I.NFO,07/01/2020,09:54:33,485,484.9,3000,485.2,1500,0,10788000
ICICIPRULI-I.NFO,07/01/2020,09:54:38,485,484.95,1500,485.25,1500,0,10788000
ICICIPRULI-I.NFO,07/01/2020,09:54:43,485,485,1500,485.25,1500,0,10788000
ICICIPRULI-I.NFO,07/01/2020,09:54:52,485,485.05,1500,485.25,1500,0,10788000
ICICIPRULI-I.NFO,07/01/2020,09:55:01,485.2,485.05,1500,485.3,4500,1500,10788000
ICICIPRULI-I.NFO,07/01/2020,09:55:06,485.2,485.05,4500,485.3,4500,0,10788000
ICICIPRULI-I.NFO,07/01/2020,09:55:11,485.2,485.05,1500,485.3,4500,0,10788000
ICICIPRULI-I.NFO,07/01/2020,09:55:17,485.3,485.1,1500,485.3,3000,1500,10788000
ICICIPRULI-I.NFO,07/01/2020,09:55:21,485.3,485.05,3000,485.3,1500,1500,10788000
ICICIPRULI-I.NFO,07/01/2020,09:55:26,485.05,485,1500,485.25,1500,1500,10788000
ICICIPRULI-I.NFO,07/01/2020,09:55:31,485.05,485,1500,485.25,1500,0,10788000
ICICIPRULI-I.NFO,07/01/2020,09:55:40,485,484.9,1500,485,1500,1500,10788000
ICICIPRULI-I.NFO,07/01/2020,09:55:45,485,484.9,1500,485.25,1500,1500,10788000
ICICIPRULI-I.NFO,07/01/2020,09:55:50,485,484.9,1500,485.2,1500,0,10788000
ICICIPRULI-I.NFO,07/01/2020,09:55:54,485,484.9,1500,485.15,1500,0,10788000
ICICIPRULI-I.NFO,07/01/2020,09:55:59,484.9,484.75,3000,485.15,1500,1500,10788000
ICICIPRULI-I.NFO,07/01/2020,09:56:04,484.95,484.8,3000,485.1,1500,1500,10788000
ICICIPRULI-I.NFO,07/01/2020,09:56:09,484.95,484.65,1500,484.9,1500,0,10788000
ICICIPRULI-I.NFO,07/01/2020,09:56:14,484.95,484.65,1500,484.9,3000,0,10788000
ICICIPRULI-I.NFO,07/01/2020,09:56:19,484.8,484.65,1500,484.95,1500,1500,10773000
ICICIPRULI-I.NFO,07/01/2020,09:56:25,484.8,484.7,1500,484.9,1500,0,10773000
ICICIPRULI-I.NFO,07/01/2020,09:56:30,484.6,484.25,1500,484.6,3000,6000,10773000
ICICIPRULI-I.NFO,07/01/2020,09:56:36,484.6,484.25,1500,484.6,3000,0,10773000
ICICIPRULI-I.NFO,07/01/2020,09:56:41,484.6,484.25,1500,484.55,1500,0,10773000
ICICIPRULI-I.NFO,07/01/2020,09:56:45,484.6,484.3,3000,484.6,3000,0,10773000
ICICIPRULI-I.NFO,07/01/2020,09:56:54,484.6,484.35,1500,484.6,6000,0,10773000
ICICIPRULI-I.NFO,07/01/2020,09:57:03,484.6,484.4,3000,484.6,4500,0,10773000
ICICIPRULI-I.NFO,07/01/2020,09:57:12,484.6,484.45,1500,484.7,1500,4500,10773000
ICICIPRULI-I.NFO,07/01/2020,09:57:15,484.7,484.6,1500,484.9,3000,1500,10773000
ICICIPRULI-I.NFO,07/01/2020,09:57:20,484.7,484.6,1500,484.95,3000,0,10773000
ICICIPRULI-I.NFO,07/01/2020,09:57:24,484.7,484.6,1500,484.8,1500,0,10773000
ICICIPRULI-I.NFO,07/01/2020,09:57:29,484.7,484.6,1500,484.9,1500,0,10773000
ICICIPRULI-I.NFO,07/01/2020,09:57:33,484.7,484.6,1500,484.85,1500,0,10773000
ICICIPRULI-I.NFO,07/01/2020,09:57:36,484.7,484.6,1500,484.85,4500,0,10773000
ICICIPRULI-I.NFO,07/01/2020,09:57:40,484.7,484.6,1500,484.85,1500,0,10773000
ICICIPRULI-I.NFO,07/01/2020,09:57:44,484.7,484.45,3000,484.85,1500,0,10773000
ICICIPRULI-I.NFO,07/01/2020,09:57:48,484.7,484.7,1500,484.95,1500,0,10773000
ICICIPRULI-I.NFO,07/01/2020,09:58:03,484.7,484.55,1500,484.95,3000,0,10773000
ICICIPRULI-I.NFO,07/01/2020,09:58:07,484.95,484.65,1500,485,1500,1500,10773000
ICICIPRULI-I.NFO,07/01/2020,09:58:12,484.95,484.75,1500,485,1500,0,10773000
ICICIPRULI-I.NFO,07/01/2020,09:58:16,484.95,484.75,4500,485,1500,0,10773000
ICICIPRULI-I.NFO,07/01/2020,09:58:20,484.95,484.75,4500,484.95,1500,0,10773000
ICICIPRULI-I.NFO,07/01/2020,09:58:25,484.95,484.75,4500,485,1500,0,10773000
ICICIPRULI-I.NFO,07/01/2020,09:58:34,484.95,484.8,1500,485,1500,0,10773000
ICICIPRULI-I.NFO,07/01/2020,09:58:42,484.95,484.75,3000,484.95,1500,0,10773000
ICICIPRULI-I.NFO,07/01/2020,09:58:48,484.95,484.75,3000,485,1500,0,10773000
ICICIPRULI-I.NFO,07/01/2020,09:58:54,484.95,484.6,1500,484.85,1500,0,10773000
ICICIPRULI-I.NFO,07/01/2020,09:59:00,484.95,484.65,1500,484.95,1500,0,10773000
ICICIPRULI-I.NFO,07/01/2020,09:59:05,484.95,484.65,4500,484.95,1500,0,10773000
ICICIPRULI-I.NFO,07/01/2020,09:59:17,484.95,484.65,4500,484.9,1500,0,10773000
ICICIPRULI-I.NFO,07/01/2020,09:59:22,484.65,484.6,1500,484.9,3000,1500,10752000
ICICIPRULI-I.NFO,07/01/2020,09:59:27,484.65,484.6,1500,484.8,1500,0,10752000
ICICIPRULI-I.NFO,07/01/2020,09:59:32,484.65,484.65,1500,484.85,1500,0,10752000
ICICIPRULI-I.NFO,07/01/2020,09:59:38,484.65,484.65,1500,484.95,1500,0,10752000
ICICIPRULI-I.NFO,07/01/2020,09:59:44,484.65,484.65,1500,484.75,1500,0,10752000
ICICIPRULI-I.NFO,07/01/2020,09:59:49,484.65,484.65,1500,484.95,1500,0,10752000
ICICIPRULI-I.NFO,07/01/2020,09:59:55,484.65,484.65,1500,484.85,1500,0,10752000
ICICIPRULI-I.NFO,07/01/2020,10:00:00,484.65,484.6,1500,484.8,1500,1500,10752000
ICICIPRULI-I.NFO,07/01/2020,10:00:05,484.85,484.6,1500,484.9,3000,1500,10752000
ICICIPRULI-I.NFO,07/01/2020,10:00:11,484.85,484.6,1500,484.9,3000,0,10752000
ICICIPRULI-I.NFO,07/01/2020,10:00:16,484.85,484.6,1500,484.8,1500,0,10752000
ICICIPRULI-I.NFO,07/01/2020,10:00:22,484.8,484.6,1500,484.85,3000,3000,10752000
ICICIPRULI-I.NFO,07/01/2020,10:00:27,484.8,484.6,1500,484.8,1500,0,10752000
ICICIPRULI-I.NFO,07/01/2020,10:00:38,484.6,484.6,1500,484.8,1500,1500,10752000
ICICIPRULI-I.NFO,07/01/2020,10:00:44,484.4,484.45,1500,484.75,1500,4500,10752000
ICICIPRULI-I.NFO,07/01/2020,10:00:52,484.4,484.4,3000,484.65,1500,0,10752000
ICICIPRULI-I.NFO,07/01/2020,10:00:58,484.4,484.45,1500,484.6,1500,0,10752000
ICICIPRULI-I.NFO,07/01/2020,10:01:16,484.4,484.4,1500,484.6,1500,3000,10752000
ICICIPRULI-I.NFO,07/01/2020,10:01:23,484.4,484.4,1500,484.6,1500,0,10752000
ICICIPRULI-I.NFO,07/01/2020,10:01:35,484.4,484.4,1500,484.5,1500,0,10752000
ICICIPRULI-I.NFO,07/01/2020,10:01:47,484.4,484.25,1500,484.5,1500,1500,10752000
ICICIPRULI-I.NFO,07/01/2020,10:01:52,484.4,484.25,1500,484.45,1500,0,10752000
ICICIPRULI-I.NFO,07/01/2020,10:01:57,484.25,484.15,1500,484.45,1500,1500,10752000
ICICIPRULI-I.NFO,07/01/2020,10:02:03,484.15,484.15,3000,484.45,1500,1500,10752000
ICICIPRULI-I.NFO,07/01/2020,10:02:08,484.15,484.15,1500,484.45,1500,0,10752000
ICICIPRULI-I.NFO,07/01/2020,10:02:14,484.55,484.3,1500,484.6,1500,3000,10752000
ICICIPRULI-I.NFO,07/01/2020,10:02:19,484.55,484.3,1500,484.6,1500,0,10752000
ICICIPRULI-I.NFO,07/01/2020,10:02:47,484.55,484.35,1500,484.6,1500,0,10752000
ICICIPRULI-I.NFO,07/01/2020,10:02:57,484.55,484.35,1500,484.55,1500,0,10752000
ICICIPRULI-I.NFO,07/01/2020,10:03:02,484,483.9,1500,484.2,1500,22500,10741500
ICICIPRULI-I.NFO,07/01/2020,10:03:07,483.95,483.75,3000,484.15,4500,19500,10741500
ICICIPRULI-I.NFO,07/01/2020,10:03:11,483.75,483.7,1500,483.95,1500,1500,10741500
ICICIPRULI-I.NFO,07/01/2020,10:03:16,484,483.75,1500,484,7500,4500,10741500
ICICIPRULI-I.NFO,07/01/2020,10:03:26,483.75,483.75,1500,484,9000,1500,10741500
ICICIPRULI-I.NFO,07/01/2020,10:03:30,483.75,483.7,1500,483.95,3000,0,10741500
ICICIPRULI-I.NFO,07/01/2020,10:03:35,483.75,483.7,1500,483.85,1500,0,10741500
ICICIPRULI-I.NFO,07/01/2020,10:03:39,483.8,483.75,1500,483.9,1500,1500,10741500
ICICIPRULI-I.NFO,07/01/2020,10:03:43,483.8,483.75,1500,483.9,1500,0,10741500
ICICIPRULI-I.NFO,07/01/2020,10:03:48,483.8,483.75,1500,483.95,1500,0,10741500
ICICIPRULI-I.NFO,07/01/2020,10:03:58,483.8,483.8,1500,484,10500,0,10741500
ICICIPRULI-I.NFO,07/01/2020,10:04:12,483.8,483.8,1500,483.95,1500,0,10741500
ICICIPRULI-I.NFO,07/01/2020,10:04:20,484,483.9,1500,484.15,1500,10500,10741500
ICICIPRULI-I.NFO,07/01/2020,10:04:25,484,483.95,1500,484.2,1500,0,10741500
ICICIPRULI-I.NFO,07/01/2020,10:04:29,484.2,484.05,3000,484.35,1500,1500,10741500
ICICIPRULI-I.NFO,07/01/2020,10:04:33,484.2,484.05,3000,484.35,1500,0,10741500
ICICIPRULI-I.NFO,07/01/2020,10:04:38,484.2,484.1,1500,484.35,1500,0,10741500
ICICIPRULI-I.NFO,07/01/2020,10:04:43,484.05,484,1500,484.35,1500,1500,10741500
ICICIPRULI-I.NFO,07/01/2020,10:04:48,484.35,484.2,1500,484.55,1500,1500,10741500
ICICIPRULI-I.NFO,07/01/2020,10:04:52,484,483.85,1500,484.2,1500,7500,10741500
ICICIPRULI-I.NFO,07/01/2020,10:04:57,483.7,483.5,3000,483.85,1500,3000,10741500
ICICIPRULI-I.NFO,07/01/2020,10:05:01,483.7,483.55,1500,483.85,1500,0,10741500
ICICIPRULI-I.NFO,07/01/2020,10:05:06,483.7,483.5,1500,483.75,1500,0,10741500
ICICIPRULI-I.NFO,07/01/2020,10:05:10,483.7,483.6,1500,483.85,1500,0,10741500
ICICIPRULI-I.NFO,07/01/2020,10:05:14,483.6,483.5,1500,483.8,1500,1500,10741500
ICICIPRULI-I.NFO,07/01/2020,10:05:19,483.6,483.5,1500,483.75,1500,0,10741500
ICICIPRULI-I.NFO,07/01/2020,10:05:23,483.6,483.5,1500,483.8,1500,0,10741500
ICICIPRULI-I.NFO,07/01/2020,10:05:27,483.6,483.5,1500,483.7,3000,0,10741500
ICICIPRULI-I.NFO,07/01/2020,10:05:33,483.5,483.35,1500,483.55,1500,1500,10780500
ICICIPRULI-I.NFO,07/01/2020,10:05:39,483.5,483.35,1500,483.6,1500,0,10780500
ICICIPRULI-I.NFO,07/01/2020,10:05:51,483.7,483.5,1500,483.75,1500,9000,10780500
ICICIPRULI-I.NFO,07/01/2020,10:05:56,483.5,483.6,1500,483.7,1500,1500,10780500
ICICIPRULI-I.NFO,07/01/2020,10:06:02,483.5,483.6,1500,483.75,1500,0,10780500
ICICIPRULI-I.NFO,07/01/2020,10:06:12,483.6,483.45,3000,483.75,1500,1500,10780500
ICICIPRULI-I.NFO,07/01/2020,10:06:18,483.6,483.45,3000,483.6,1500,0,10780500
ICICIPRULI-I.NFO,07/01/2020,10:06:23,483.6,483.35,1500,483.6,1500,1500,10780500
ICICIPRULI-I.NFO,07/01/2020,10:06:29,483.6,483.4,3000,483.75,1500,0,10780500
ICICIPRULI-I.NFO,07/01/2020,10:06:35,483.75,483.45,1500,483.85,1500,1500,10780500
ICICIPRULI-I.NFO,07/01/2020,10:06:40,483.75,483.4,1500,483.85,1500,0,10780500
ICICIPRULI-I.NFO,07/01/2020,10:06:46,483.55,483.35,3000,483.6,1500,3000,10780500
ICICIPRULI-I.NFO,07/01/2020,10:06:52,483.55,483.35,3000,483.6,1500,0,10780500
ICICIPRULI-I.NFO,07/01/2020,10:06:57,483.35,483.15,3000,483.5,1500,10500,10780500
ICICIPRULI-I.NFO,07/01/2020,10:07:02,482.8,482.45,1500,482.85,1500,22500,10780500
ICICIPRULI-I.NFO,07/01/2020,10:07:08,482.8,482.5,1500,482.8,1500,0,10780500
ICICIPRULI-I.NFO,07/01/2020,10:07:14,482.75,482.4,1500,482.75,1500,1500,10780500
ICICIPRULI-I.NFO,07/01/2020,10:07:20,482.2,482.05,1500,482.4,3000,6000,10780500
ICICIPRULI-I.NFO,07/01/2020,10:07:25,482.4,482.25,1500,482.6,1500,3000,10780500
ICICIPRULI-I.NFO,07/01/2020,10:07:31,482.35,482.2,1500,482.55,1500,3000,10780500
ICICIPRULI-I.NFO,07/01/2020,10:07:36,482.35,482.3,3000,482.5,1500,0,10780500
ICICIPRULI-I.NFO,07/01/2020,10:07:41,482.55,482.35,1500,482.7,1500,3000,10780500
ICICIPRULI-I.NFO,07/01/2020,10:07:45,482.55,482.5,1500,482.85,3000,0,10780500
ICICIPRULI-I.NFO,07/01/2020,10:07:51,482.55,482.55,1500,482.9,1500,0,10780500
ICICIPRULI-I.NFO,07/01/2020,10:07:56,482.55,482.65,4500,483,16500,0,10780500
ICICIPRULI-I.NFO,07/01/2020,10:08:01,483,482.7,1500,482.95,1500,1500,10780500
ICICIPRULI-I.NFO,07/01/2020,10:08:05,483,482.7,1500,483,15000,0,10780500
ICICIPRULI-I.NFO,07/01/2020,10:08:10,483,482.7,1500,483,16500,0,10780500
ICICIPRULI-I.NFO,07/01/2020,10:08:19,483,482.8,1500,483,15000,0,10780500
ICICIPRULI-I.NFO,07/01/2020,10:08:28,483,482.8,1500,483,13500,1500,10813500
ICICIPRULI-I.NFO,07/01/2020,10:08:33,483,482.9,1500,483.25,1500,13500,10813500
ICICIPRULI-I.NFO,07/01/2020,10:08:39,483.3,483.25,1500,483.45,1500,3000,10813500
ICICIPRULI-I.NFO,07/01/2020,10:08:44,483.3,483.25,1500,483.45,1500,0,10813500
ICICIPRULI-I.NFO,07/01/2020,10:08:48,483.45,483.45,1500,483.65,1500,1500,10813500
ICICIPRULI-I.NFO,07/01/2020,10:08:52,483.45,483.45,1500,483.75,1500,0,10813500
ICICIPRULI-I.NFO,07/01/2020,10:09:00,483.45,483.4,1500,483.7,3000,0,10813500
ICICIPRULI-I.NFO,07/01/2020,10:09:05,483.45,483.4,1500,483.65,3000,0,10813500
ICICIPRULI-I.NFO,07/01/2020,10:09:09,483.45,483.35,4500,483.6,1500,0,10813500
ICICIPRULI-I.NFO,07/01/2020,10:09:13,483.45,483.35,4500,483.65,1500,0,10813500
ICICIPRULI-I.NFO,07/01/2020,10:09:18,483.45,483.35,4500,483.55,1500,0,10813500
ICICIPRULI-I.NFO,07/01/2020,10:09:22,483.45,483.35,4500,483.6,3000,0,10813500
ICICIPRULI-I.NFO,07/01/2020,10:09:26,483.45,483.35,4500,483.55,1500,0,10813500
ICICIPRULI-I.NFO,07/01/2020,10:09:35,483.45,483.35,4500,483.5,1500,0,10813500
ICICIPRULI-I.NFO,07/01/2020,10:09:39,483.45,483.35,4500,483.55,1500,0,10813500
ICICIPRULI-I.NFO,07/01/2020,10:09:43,483.3,483.05,1500,483.4,1500,7500,10813500
ICICIPRULI-I.NFO,07/01/2020,10:09:47,483.4,483.15,1500,483.45,1500,1500,10813500
ICICIPRULI-I.NFO,07/01/2020,10:09:52,483.4,483.15,1500,483.45,1500,0,10813500
ICICIPRULI-I.NFO,07/01/2020,10:09:57,483.4,483.15,1500,483.35,1500,0,10813500
ICICIPRULI-I.NFO,07/01/2020,10:10:02,483.35,483.25,1500,483.45,1500,1500,10813500
ICICIPRULI-I.NFO,07/01/2020,10:10:07,483.35,483.25,1500,483.45,1500,0,10813500
ICICIPRULI-I.NFO,07/01/2020,10:10:12,483.25,482.9,1500,483.3,1500,1500,10813500
ICICIPRULI-I.NFO,07/01/2020,10:10:17,483.25,482.9,1500,483.2,1500,0,10813500
ICICIPRULI-I.NFO,07/01/2020,10:10:21,483.25,482.9,1500,483.25,1500,0,10813500
ICICIPRULI-I.NFO,07/01/2020,10:10:25,483.25,482.9,3000,483.3,1500,0,10813500
ICICIPRULI-I.NFO,07/01/2020,10:10:29,482.9,482.9,3000,483.3,1500,1500,10813500
ICICIPRULI-I.NFO,07/01/2020,10:10:33,482.9,482.9,1500,483.3,1500,0,10813500
ICICIPRULI-I.NFO,07/01/2020,10:10:38,482.9,483.05,1500,483.3,1500,0,10813500
ICICIPRULI-I.NFO,07/01/2020,10:10:47,483.3,483.05,1500,483.35,1500,1500,10813500
ICICIPRULI-I.NFO,07/01/2020,10:10:51,483.3,483.05,1500,483.35,1500,0,10813500
ICICIPRULI-I.NFO,07/01/2020,10:10:55,483.35,483.1,1500,483.45,1500,1500,10813500
ICICIPRULI-I.NFO,07/01/2020,10:10:59,483.35,483.05,1500,483.45,1500,0,10813500
ICICIPRULI-I.NFO,07/01/2020,10:11:08,483.35,483.05,1500,483.4,1500,0,10813500
ICICIPRULI-I.NFO,07/01/2020,10:11:12,483.35,483.15,1500,483.4,1500,0,10813500
ICICIPRULI-I.NFO,07/01/2020,10:11:18,483.4,483.15,1500,483.45,1500,1500,10813500
ICICIPRULI-I.NFO,07/01/2020,10:11:23,483.4,483.15,1500,483.45,1500,0,10813500
ICICIPRULI-I.NFO,07/01/2020,10:11:39,483.45,483.35,1500,483.6,1500,1500,10822500
ICICIPRULI-I.NFO,07/01/2020,10:11:44,483.45,483.45,1500,483.6,1500,0,10822500
ICICIPRULI-I.NFO,07/01/2020,10:11:49,483.6,483.45,1500,483.7,1500,1500,10822500
ICICIPRULI-I.NFO,07/01/2020,10:11:54,483.6,483.45,1500,483.7,1500,0,10822500
ICICIPRULI-I.NFO,07/01/2020,10:12:11,483.6,483.55,1500,483.9,3000,0,10822500
ICICIPRULI-I.NFO,07/01/2020,10:12:17,483.9,483.55,1500,484,1500,1500,10822500
ICICIPRULI-I.NFO,07/01/2020,10:12:22,483.95,483.5,1500,483.9,1500,1500,10822500
ICICIPRULI-I.NFO,07/01/2020,10:12:26,483.95,483.5,1500,483.9,1500,0,10822500
ICICIPRULI-I.NFO,07/01/2020,10:12:40,483.65,483.5,1500,483.9,1500,1500,10822500
ICICIPRULI-I.NFO,07/01/2020,10:12:45,483.65,483.7,1500,483.9,1500,0,10822500
ICICIPRULI-I.NFO,07/01/2020,10:12:50,483.65,483.7,1500,484,1500,0,10822500
ICICIPRULI-I.NFO,07/01/2020,10:12:55,484.2,484.05,3000,484.4,4500,3000,10822500
ICICIPRULI-I.NFO,07/01/2020,10:13:01,484.2,483.95,1500,484.35,1500,0,10822500
ICICIPRULI-I.NFO,07/01/2020,10:13:11,484.2,483.95,1500,484.25,1500,0,10822500
ICICIPRULI-I.NFO,07/01/2020,10:13:22,484.2,483.9,1500,484.25,1500,0,10822500
ICICIPRULI-I.NFO,07/01/2020,10:13:27,484.2,484,1500,484.25,1500,0,10822500
ICICIPRULI-I.NFO,07/01/2020,10:13:31,484.25,484,1500,484.3,1500,1500,10822500
ICICIPRULI-I.NFO,07/01/2020,10:13:35,484.25,484,1500,484.35,1500,0,10822500
ICICIPRULI-I.NFO,07/01/2020,10:13:40,484.25,484,1500,484.35,3000,0,10822500
ICICIPRULI-I.NFO,07/01/2020,10:13:44,484.25,484.05,1500,484.4,4500,0,10822500
ICICIPRULI-I.NFO,07/01/2020,10:13:56,484.25,484.1,1500,484.4,4500,0,10822500
ICICIPRULI-I.NFO,07/01/2020,10:14:00,484.25,484.05,1500,484.4,6000,0,10822500
ICICIPRULI-I.NFO,07/01/2020,10:14:15,484.25,484.05,1500,484.35,1500,0,10822500
ICICIPRULI-I.NFO,07/01/2020,10:14:20,484.25,484,1500,484.35,1500,0,10822500
ICICIPRULI-I.NFO,07/01/2020,10:14:26,484.25,484.05,1500,484.35,1500,0,10822500
ICICIPRULI-I.NFO,07/01/2020,10:14:31,484.25,484,1500,484.25,1500,0,10822500
ICICIPRULI-I.NFO,07/01/2020,10:14:36,484,483.75,3000,484.15,1500,1500,10812000
ICICIPRULI-I.NFO,07/01/2020,10:14:41,484,483.8,1500,484.15,1500,0,10812000
ICICIPRULI-I.NFO,07/01/2020,10:14:46,484,483.8,1500,484.1,1500,0,10812000
ICICIPRULI-I.NFO,07/01/2020,10:14:56,484,483.85,1500,484.1,1500,0,10812000
ICICIPRULI-I.NFO,07/01/2020,10:15:06,484,483.85,1500,484.15,1500,0,10812000
ICICIPRULI-I.NFO,07/01/2020,10:15:11,484.1,483.85,1500,484.15,1500,1500,10812000
ICICIPRULI-I.NFO,07/01/2020,10:15:16,484.1,483.85,1500,484.15,1500,0,10812000
ICICIPRULI-I.NFO,07/01/2020,10:15:26,484.1,483.9,1500,484.15,3000,0,10812000
ICICIPRULI-I.NFO,07/01/2020,10:15:31,484.1,483.95,1500,484.15,3000,0,10812000
ICICIPRULI-I.NFO,07/01/2020,10:15:46,483.8,483.5,1500,483.85,1500,4500,10812000
ICICIPRULI-I.NFO,07/01/2020,10:15:52,483.8,483.35,1500,483.65,3000,0,10812000
ICICIPRULI-I.NFO,07/01/2020,10:15:58,483.8,483.3,1500,483.5,1500,0,10812000
ICICIPRULI-I.NFO,07/01/2020,10:16:02,483.3,483.1,1500,483.5,3000,1500,10812000
ICICIPRULI-I.NFO,07/01/2020,10:16:07,483.3,483.1,1500,483.5,3000,0,10812000
ICICIPRULI-I.NFO,07/01/2020,10:16:11,483.3,483,1500,483.25,3000,0,10812000
ICICIPRULI-I.NFO,07/01/2020,10:16:16,483.3,483,1500,483.25,1500,0,10812000
ICICIPRULI-I.NFO,07/01/2020,10:16:29,483.3,483.1,1500,483.5,3000,0,10812000
ICICIPRULI-I.NFO,07/01/2020,10:16:34,483.3,483.2,1500,483.5,4500,0,10812000
ICICIPRULI-I.NFO,07/01/2020,10:16:39,483.3,483.2,1500,483.45,1500,0,10812000
ICICIPRULI-I.NFO,07/01/2020,10:16:45,483.3,483.2,1500,483.5,3000,0,10812000
ICICIPRULI-I.NFO,07/01/2020,10:16:54,483.3,483.25,1500,483.6,4500,0,10812000
ICICIPRULI-I.NFO,07/01/2020,10:16:58,483.3,483.2,1500,483.6,4500,0,10812000
ICICIPRULI-I.NFO,07/01/2020,10:17:06,483.3,483.2,1500,483.5,1500,0,10812000
ICICIPRULI-I.NFO,07/01/2020,10:17:11,483.3,483.2,1500,483.4,3000,0,10812000
ICICIPRULI-I.NFO,07/01/2020,10:17:16,483.3,483.2,1500,483.3,3000,0,10812000
ICICIPRULI-I.NFO,07/01/2020,10:17:19,483.2,483.05,1500,483.3,3000,1500,10812000
ICICIPRULI-I.NFO,07/01/2020,10:17:32,483.05,482.85,1500,483.1,3000,1500,10809000
ICICIPRULI-I.NFO,07/01/2020,10:17:37,483.05,482.85,1500,483.1,3000,0,10809000
ICICIPRULI-I.NFO,07/01/2020,10:17:42,483.05,482.8,1500,483.05,3000,0,10809000
ICICIPRULI-I.NFO,07/01/2020,10:17:47,483.05,482.8,1500,483,1500,0,10809000
ICICIPRULI-I.NFO,07/01/2020,10:17:52,483.05,482.85,3000,483.25,1500,3000,10809000
ICICIPRULI-I.NFO,07/01/2020,10:17:57,483.05,482.85,3000,483.25,1500,0,10809000
ICICIPRULI-I.NFO,07/01/2020,10:18:01,483.05,482.85,1500,483.25,1500,0,10809000
ICICIPRULI-I.NFO,07/01/2020,10:18:10,483.05,482.9,3000,483.3,3000,0,10809000
ICICIPRULI-I.NFO,07/01/2020,10:18:14,483.05,482.9,3000,483.25,3000,0,10809000
ICICIPRULI-I.NFO,07/01/2020,10:18:22,483.05,482.9,3000,483.2,1500,0,10809000
ICICIPRULI-I.NFO,07/01/2020,10:18:26,483.3,483.2,1500,483.55,1500,1500,10809000
ICICIPRULI-I.NFO,07/01/2020,10:18:30,483.3,483.2,1500,483.5,1500,0,10809000
ICICIPRULI-I.NFO,07/01/2020,10:18:35,483.3,483.2,1500,483.45,3000,0,10809000
ICICIPRULI-I.NFO,07/01/2020,10:18:40,483.3,483.2,1500,483.4,1500,0,10809000
ICICIPRULI-I.NFO,07/01/2020,10:18:46,483.3,483.2,1500,483.45,1500,0,10809000
ICICIPRULI-I.NFO,07/01/2020,10:18:56,483.3,483.2,1500,483.4,1500,0,10809000
ICICIPRULI-I.NFO,07/01/2020,10:19:00,483.4,483.15,1500,483.5,1500,1500,10809000
ICICIPRULI-I.NFO,07/01/2020,10:19:05,483.4,483.15,1500,483.5,1500,0,10809000
ICICIPRULI-I.NFO,07/01/2020,10:19:10,483.4,483.1,1500,483.45,1500,0,10809000
ICICIPRULI-I.NFO,07/01/2020,10:19:19,483.4,483.2,1500,483.5,1500,0,10809000
ICICIPRULI-I.NFO,07/01/2020,10:19:28,483.4,483.3,1500,483.5,1500,0,10809000
ICICIPRULI-I.NFO,07/01/2020,10:19:42,483.4,483.25,1500,483.5,3000,0,10809000
ICICIPRULI-I.NFO,07/01/2020,10:19:45,483.5,483.3,1500,483.5,1500,1500,10809000
ICICIPRULI-I.NFO,07/01/2020,10:19:49,483.5,483.5,1500,483.8,1500,1500,10809000
ICICIPRULI-I.NFO,07/01/2020,10:19:54,483.5,483.5,1500,483.8,1500,0,10809000
ICICIPRULI-I.NFO,07/01/2020,10:20:06,483.7,483.4,1500,483.7,1500,1500,10809000
ICICIPRULI-I.NFO,07/01/2020,10:20:14,483.7,483.45,1500,483.9,1500,4500,10809000
ICICIPRULI-I.NFO,07/01/2020,10:20:19,483.95,483.65,1500,484.05,1500,1500,10809000
ICICIPRULI-I.NFO,07/01/2020,10:20:24,483.95,483.65,1500,484.05,1500,0,10809000
ICICIPRULI-I.NFO,07/01/2020,10:20:28,483.95,483.7,1500,484.05,1500,0,10809000
ICICIPRULI-I.NFO,07/01/2020,10:20:32,484.2,484.05,1500,484.4,6000,3000,10707000
ICICIPRULI-I.NFO,07/01/2020,10:20:36,484.2,484,1500,484.35,1500,0,10707000
ICICIPRULI-I.NFO,07/01/2020,10:20:40,484.2,484.1,1500,484.4,4500,0,10707000
ICICIPRULI-I.NFO,07/01/2020,10:20:45,484.2,483.95,3000,484.35,3000,0,10707000
ICICIPRULI-I.NFO,07/01/2020,10:20:49,484.2,484.05,1500,484.35,3000,0,10707000
ICICIPRULI-I.NFO,07/01/2020,10:20:53,484.2,484.15,1500,484.35,1500,0,10707000
ICICIPRULI-I.NFO,07/01/2020,10:21:00,484.2,484,1500,484.35,1500,0,10707000
ICICIPRULI-I.NFO,07/01/2020,10:21:04,484.2,484.05,1500,484.35,1500,0,10707000
ICICIPRULI-I.NFO,07/01/2020,10:21:08,484.2,483.95,1500,484.35,1500,0,10707000
ICICIPRULI-I.NFO,07/01/2020,10:21:17,484.05,484,1500,484.3,1500,1500,10707000
ICICIPRULI-I.NFO,07/01/2020,10:21:20,484.05,484,1500,484.3,1500,0,10707000
ICICIPRULI-I.NFO,07/01/2020,10:21:28,484.05,484,1500,484.35,1500,0,10707000
ICICIPRULI-I.NFO,07/01/2020,10:21:40,484.05,484,1500,484.3,1500,0,10707000
ICICIPRULI-I.NFO,07/01/2020,10:21:48,484.05,484,1500,484.3,3000,0,10707000
ICICIPRULI-I.NFO,07/01/2020,10:21:51,484.05,483.85,1500,484.25,1500,0,10707000
ICICIPRULI-I.NFO,07/01/2020,10:21:55,484.05,483.85,1500,484.2,1500,0,10707000
ICICIPRULI-I.NFO,07/01/2020,10:22:08,484.05,483.8,1500,484.2,1500,0,10707000
ICICIPRULI-I.NFO,07/01/2020,10:22:13,484.05,483.8,1500,484.15,1500,0,10707000
ICICIPRULI-I.NFO,07/01/2020,10:22:16,484.15,483.9,1500,484.2,1500,1500,10707000
ICICIPRULI-I.NFO,07/01/2020,10:22:19,484.15,483.9,1500,484.25,1500,0,10707000
ICICIPRULI-I.NFO,07/01/2020,10:22:22,484.15,483.8,1500,484.15,1500,0,10707000
ICICIPRULI-I.NFO,07/01/2020,10:22:39,484.15,483.65,1500,483.95,1500,0,10707000
ICICIPRULI-I.NFO,07/01/2020,10:22:45,484.15,483.5,1500,483.8,1500,0,10707000
ICICIPRULI-I.NFO,07/01/2020,10:22:55,483.8,483.6,1500,483.9,1500,1500,10707000
ICICIPRULI-I.NFO,07/01/2020,10:23:00,483.8,483.65,3000,483.95,1500,0,10707000
ICICIPRULI-I.NFO,07/01/2020,10:23:10,483.8,483.65,1500,483.95,1500,0,10707000
ICICIPRULI-I.NFO,07/01/2020,10:23:19,483.8,483.5,1500,483.9,3000,0,10707000
ICICIPRULI-I.NFO,07/01/2020,10:23:26,483.8,483.6,3000,483.9,1500,0,10707000
ICICIPRULI-I.NFO,07/01/2020,10:23:30,483.8,483.6,1500,483.9,1500,0,10707000
ICICIPRULI-I.NFO,07/01/2020,10:23:42,483.8,483.45,1500,483.8,3000,0,10707000
ICICIPRULI-I.NFO,07/01/2020,10:23:46,483.8,483.5,1500,483.85,1500,0,10707000
ICICIPRULI-I.NFO,07/01/2020,10:24:05,483.5,483.3,1500,483.65,1500,3000,10704000
ICICIPRULI-I.NFO,07/01/2020,10:24:09,483.5,483.3,1500,483.65,1500,0,10704000
ICICIPRULI-I.NFO,07/01/2020,10:24:13,483.3,483.15,1500,483.45,1500,1500,10704000
ICICIPRULI-I.NFO,07/01/2020,10:24:17,483.3,483.15,1500,483.45,1500,0,10704000
ICICIPRULI-I.NFO,07/01/2020,10:24:27,483.3,483.2,1500,483.5,3000,0,10704000
ICICIPRULI-I.NFO,07/01/2020,10:24:50,483.3,483.15,3000,483.45,3000,0,10704000
ICICIPRULI-I.NFO,07/01/2020,10:25:03,483.3,483.15,1500,483.4,1500,0,10704000
ICICIPRULI-I.NFO,07/01/2020,10:25:06,483.3,483.15,1500,483.45,1500,0,10704000
ICICIPRULI-I.NFO,07/01/2020,10:25:12,483.3,483.15,1500,483.45,3000,0,10704000
ICICIPRULI-I.NFO,07/01/2020,10:25:19,483.2,482.9,1500,483.2,3000,3000,10704000
ICICIPRULI-I.NFO,07/01/2020,10:25:23,483.2,482.9,1500,483.1,1500,0,10704000
ICICIPRULI-I.NFO,07/01/2020,10:25:36,482.9,482.8,1500,483,1500,1500,10704000
ICICIPRULI-I.NFO,07/01/2020,10:25:41,482.9,482.8,1500,483.05,1500,0,10704000
ICICIPRULI-I.NFO,07/01/2020,10:25:46,482.9,482.85,1500,483.15,1500,0,10704000
ICICIPRULI-I.NFO,07/01/2020,10:26:01,482.9,482.85,1500,483.15,3000,0,10704000
ICICIPRULI-I.NFO,07/01/2020,10:26:04,482.9,482.85,1500,483.15,1500,0,10704000
ICICIPRULI-I.NFO,07/01/2020,10:26:08,482.9,482.8,1500,483,3000,0,10704000
ICICIPRULI-I.NFO,07/01/2020,10:26:14,482.9,482.85,1500,483,3000,0,10704000
ICICIPRULI-I.NFO,07/01/2020,10:26:22,482.9,482.8,1500,483,3000,0,10704000
ICICIPRULI-I.NFO,07/01/2020,10:26:25,482.9,482.85,1500,483,3000,0,10704000
ICICIPRULI-I.NFO,07/01/2020,10:27:00,482.9,482.9,1500,483,3000,0,10704000
ICICIPRULI-I.NFO,07/01/2020,10:27:10,483,482.95,1500,483.2,3000,3000,10702500
ICICIPRULI-I.NFO,07/01/2020,10:27:13,483,482.9,1500,483.15,1500,0,10702500
ICICIPRULI-I.NFO,07/01/2020,10:27:17,482.9,482.8,1500,482.9,1500,1500,10702500
ICICIPRULI-I.NFO,07/01/2020,10:27:20,482.6,482.3,1500,482.65,1500,3000,10702500
ICICIPRULI-I.NFO,07/01/2020,10:27:23,482.6,482.35,1500,482.75,1500,0,10702500
ICICIPRULI-I.NFO,07/01/2020,10:27:27,482.6,482.5,1500,482.75,1500,0,10702500
ICICIPRULI-I.NFO,07/01/2020,10:27:34,482.6,482.3,1500,482.6,1500,0,10702500
ICICIPRULI-I.NFO,07/01/2020,10:27:37,482.6,482.4,1500,482.7,1500,0,10702500
ICICIPRULI-I.NFO,07/01/2020,10:27:41,482.6,482.45,1500,482.75,3000,0,10702500
ICICIPRULI-I.NFO,07/01/2020,10:27:45,482.6,482.4,1500,482.7,1500,0,10702500
ICICIPRULI-I.NFO,07/01/2020,10:27:55,482.6,482.4,1500,482.75,1500,0,10702500
ICICIPRULI-I.NFO,07/01/2020,10:28:01,482.4,482.4,1500,482.7,3000,1500,10702500
ICICIPRULI-I.NFO,07/01/2020,10:28:04,482.4,482.4,3000,482.75,1500,0,10702500
ICICIPRULI-I.NFO,07/01/2020,10:28:07,482.4,482.4,4500,482.75,1500,0,10702500
ICICIPRULI-I.NFO,07/01/2020,10:28:10,482.4,482.45,1500,482.7,1500,0,10702500
ICICIPRULI-I.NFO,07/01/2020,10:28:14,482.4,482.45,1500,482.75,1500,0,10702500
ICICIPRULI-I.NFO,07/01/2020,10:28:20,482.75,482.45,3000,482.8,3000,1500,10702500
ICICIPRULI-I.NFO,07/01/2020,10:28:23,482.75,482.4,1500,482.75,1500,0,10702500
ICICIPRULI-I.NFO,07/01/2020,10:28:27,482.75,482.55,1500,482.75,1500,0,10702500
ICICIPRULI-I.NFO,07/01/2020,10:28:31,482.75,482.5,1500,482.75,1500,0,10702500
ICICIPRULI-I.NFO,07/01/2020,10:29:00,482.75,482.5,1500,482.8,3000,0,10702500
ICICIPRULI-I.NFO,07/01/2020,10:29:04,482.75,482.5,1500,482.75,1500,0,10702500
ICICIPRULI-I.NFO,07/01/2020,10:29:06,482.75,482.55,3000,482.75,1500,0,10702500
ICICIPRULI-I.NFO,07/01/2020,10:29:12,482.75,482.55,3000,482.85,1500,0,10702500
ICICIPRULI-I.NFO,07/01/2020,10:29:19,482.75,482.55,3000,482.75,1500,0,10702500
ICICIPRULI-I.NFO,07/01/2020,10:30:14,482.75,482.55,3000,482.85,1500,0,10702500
ICICIPRULI-I.NFO,07/01/2020,10:30:16,482.75,482.6,1500,482.85,1500,0,10702500
ICICIPRULI-I.NFO,07/01/2020,10:30:41,482.75,482.65,1500,482.85,1500,0,10702500
ICICIPRULI-I.NFO,07/01/2020,10:31:07,482.75,482.65,1500,482.9,1500,0,10702500
ICICIPRULI-I.NFO,07/01/2020,10:31:29,482.75,482.65,1500,482.85,1500,0,10702500
ICICIPRULI-I.NFO,07/01/2020,10:31:46,482.5,482.4,3000,482.75,1500,9000,10702500
ICICIPRULI-I.NFO,07/01/2020,10:31:50,482.5,482.4,3000,482.75,1500,0,10702500
ICICIPRULI-I.NFO,07/01/2020,10:32:04,482.5,482.4,3000,482.65,1500,0,10702500
ICICIPRULI-I.NFO,07/01/2020,10:32:08,482.5,482.45,1500,482.75,1500,0,10702500
ICICIPRULI-I.NFO,07/01/2020,10:32:12,482.5,482.45,1500,482.8,1500,0,10702500
ICICIPRULI-I.NFO,07/01/2020,10:32:31,482.5,482.4,3000,482.7,1500,0,10702500
ICICIPRULI-I.NFO,07/01/2020,10:32:34,482.5,482.4,3000,482.6,1500,0,10702500
ICICIPRULI-I.NFO,07/01/2020,10:32:47,482.5,482.4,3000,482.8,3000,0,10702500
ICICIPRULI-I.NFO,07/01/2020,10:32:51,482.5,482.4,3000,482.7,1500,0,10702500
ICICIPRULI-I.NFO,07/01/2020,10:32:58,482.65,482.4,3000,482.6,1500,1500,10708500
ICICIPRULI-I.NFO,07/01/2020,10:33:01,482.65,482.4,3000,482.65,1500,0,10708500
ICICIPRULI-I.NFO,07/01/2020,10:33:15,482.65,482.45,1500,482.65,1500,0,10708500
ICICIPRULI-I.NFO,07/01/2020,10:33:28,482.65,482.45,1500,482.85,1500,1500,10708500
ICICIPRULI-I.NFO,07/01/2020,10:33:31,482.65,482.45,1500,482.85,1500,0,10708500
ICICIPRULI-I.NFO,07/01/2020,10:33:34,482.65,482.45,1500,482.8,1500,0,10708500
ICICIPRULI-I.NFO,07/01/2020,10:33:54,482.45,482.4,3000,482.7,1500,1500,10708500
ICICIPRULI-I.NFO,07/01/2020,10:33:56,482.45,482.4,3000,482.7,1500,0,10708500
ICICIPRULI-I.NFO,07/01/2020,10:34:24,482.7,482.65,1500,483.05,1500,1500,10708500
ICICIPRULI-I.NFO,07/01/2020,10:34:29,482.7,482.65,1500,483.05,1500,0,10708500
ICICIPRULI-I.NFO,07/01/2020,10:34:33,482.7,482.7,1500,483.05,1500,0,10708500
ICICIPRULI-I.NFO,07/01/2020,10:34:36,482.7,482.65,1500,483.05,1500,0,10708500
ICICIPRULI-I.NFO,07/01/2020,10:34:50,482.7,482.7,1500,483.05,1500,0,10708500
ICICIPRULI-I.NFO,07/01/2020,10:34:54,482.7,482.5,3000,482.85,1500,0,10708500
ICICIPRULI-I.NFO,07/01/2020,10:35:02,482.7,482.5,1500,482.85,1500,0,10708500
ICICIPRULI-I.NFO,07/01/2020,10:35:08,482.7,482.45,1500,482.75,1500,0,10708500
ICICIPRULI-I.NFO,07/01/2020,10:35:28,482.5,482.4,3000,482.7,1500,1500,10708500
ICICIPRULI-I.NFO,07/01/2020,10:35:32,482.5,482.45,1500,482.7,1500,0,10708500
ICICIPRULI-I.NFO,07/01/2020,10:35:36,482.5,482.45,1500,482.8,1500,0,10708500
ICICIPRULI-I.NFO,07/01/2020,10:35:46,482.5,482.45,1500,482.8,3000,0,10708500
ICICIPRULI-I.NFO,07/01/2020,10:36:02,482.5,482.45,1500,482.7,1500,0,10708500
ICICIPRULI-I.NFO,07/01/2020,10:36:06,482.5,482.4,3000,482.6,1500,0,10708500
ICICIPRULI-I.NFO,07/01/2020,10:36:10,482.5,482.4,3000,482.6,1500,1500,10708500
ICICIPRULI-I.NFO,07/01/2020,10:36:14,482.4,482.15,3000,482.5,1500,3000,10708500
ICICIPRULI-I.NFO,07/01/2020,10:36:22,482.4,482.25,1500,482.6,1500,0,10708500
ICICIPRULI-I.NFO,07/01/2020,10:36:27,482.4,482.2,1500,482.55,1500,0,10708500
ICICIPRULI-I.NFO,07/01/2020,10:36:47,482.4,482.25,1500,482.55,1500,0,10708500
ICICIPRULI-I.NFO,07/01/2020,10:37:12,482.4,482.15,3000,482.45,1500,0,10708500
ICICIPRULI-I.NFO,07/01/2020,10:37:16,482.4,482.2,1500,482.5,1500,1500,10708500
ICICIPRULI-I.NFO,07/01/2020,10:37:28,482.4,482.15,1500,482.45,1500,0,10708500
ICICIPRULI-I.NFO,07/01/2020,10:37:31,482.4,482.3,1500,482.5,1500,0,10708500
ICICIPRULI-I.NFO,07/01/2020,10:37:39,482.3,482.15,1500,482.45,1500,1500,10708500
ICICIPRULI-I.NFO,07/01/2020,10:37:44,482.3,482.15,1500,482.45,1500,0,10708500
ICICIPRULI-I.NFO,07/01/2020,10:37:50,482.3,482.15,1500,482.55,3000,0,10708500
ICICIPRULI-I.NFO,07/01/2020,10:37:53,482.3,482.3,1500,482.55,1500,0,10708500
ICICIPRULI-I.NFO,07/01/2020,10:37:58,482.3,482.3,1500,482.6,1500,0,10708500
ICICIPRULI-I.NFO,07/01/2020,10:38:02,482.55,482.25,1500,482.6,1500,3000,10708500
ICICIPRULI-I.NFO,07/01/2020,10:38:06,482.55,482.2,1500,482.45,1500,0,10708500
ICICIPRULI-I.NFO,07/01/2020,10:38:09,482.55,482.15,1500,482.45,1500,0,10708500
ICICIPRULI-I.NFO,07/01/2020,10:38:26,482.55,482.1,1500,482.4,1500,0,10708500
ICICIPRULI-I.NFO,07/01/2020,10:38:36,482.55,482.15,1500,482.4,1500,0,10708500
ICICIPRULI-I.NFO,07/01/2020,10:38:46,482.55,482.15,3000,482.45,1500,0,10708500
ICICIPRULI-I.NFO,07/01/2020,10:38:50,482.55,482.2,1500,482.45,1500,0,10708500
ICICIPRULI-I.NFO,07/01/2020,10:38:53,482.55,482.15,1500,482.45,1500,0,10708500
ICICIPRULI-I.NFO,07/01/2020,10:39:15,482.55,482.15,1500,482.4,1500,0,10708500
ICICIPRULI-I.NFO,07/01/2020,10:39:20,482.55,482.1,1500,482.4,1500,0,10708500
ICICIPRULI-I.NFO,07/01/2020,10:39:41,482.55,482.1,3000,482.4,1500,0,10708500
ICICIPRULI-I.NFO,07/01/2020,10:39:43,482.55,482.1,1500,482.4,1500,0,10708500
ICICIPRULI-I.NFO,07/01/2020,10:39:49,482.55,482.15,1500,482.4,1500,0,10708500
ICICIPRULI-I.NFO,07/01/2020,10:39:54,482.55,482.1,3000,482.4,1500,0,10708500
ICICIPRULI-I.NFO,07/01/2020,10:39:57,482.55,482.15,1500,482.4,1500,0,10708500
ICICIPRULI-I.NFO,07/01/2020,10:40:07,482.55,482.2,1500,482.4,1500,0,10708500
ICICIPRULI-I.NFO,07/01/2020,10:40:18,482.55,482.15,1500,482.4,1500,0,10708500
ICICIPRULI-I.NFO,07/01/2020,10:40:28,482.55,482.1,1500,482.4,1500,0,10708500
ICICIPRULI-I.NFO,07/01/2020,10:40:31,482.55,482.15,1500,482.4,1500,0,10708500
ICICIPRULI-I.NFO,07/01/2020,10:40:46,482.55,482.2,1500,482.4,1500,0,10708500
ICICIPRULI-I.NFO,07/01/2020,10:40:49,482.55,482.15,1500,482.4,1500,0,10708500
ICICIPRULI-I.NFO,07/01/2020,10:40:53,482.55,482.2,1500,482.4,1500,0,10708500
ICICIPRULI-I.NFO,07/01/2020,10:40:56,482.55,482.15,3000,482.4,1500,0,10708500
ICICIPRULI-I.NFO,07/01/2020,10:40:59,482.55,482.15,1500,482.4,1500,0,10708500
ICICIPRULI-I.NFO,07/01/2020,10:41:22,482.55,482.2,1500,482.4,1500,0,10708500
ICICIPRULI-I.NFO,07/01/2020,10:41:28,482.55,482.15,1500,482.4,1500,0,10708500
ICICIPRULI-I.NFO,07/01/2020,10:41:31,482.15,482.1,1500,482.4,1500,1500,10713000
ICICIPRULI-I.NFO,07/01/2020,10:41:34,482.15,482.1,1500,482.4,1500,0,10713000
ICICIPRULI-I.NFO,07/01/2020,10:41:43,482.15,482.1,3000,482.4,1500,0,10713000
ICICIPRULI-I.NFO,07/01/2020,10:41:57,482.15,482.1,3000,482.4,3000,0,10713000
ICICIPRULI-I.NFO,07/01/2020,10:42:06,482.1,482.1,1500,482.3,1500,1500,10713000
ICICIPRULI-I.NFO,07/01/2020,10:42:10,482.1,482.1,1500,482.3,1500,0,10713000
ICICIPRULI-I.NFO,07/01/2020,10:42:16,482.1,482.05,1500,482.3,1500,0,10713000
ICICIPRULI-I.NFO,07/01/2020,10:42:19,482.1,482.05,1500,482.3,3000,0,10713000
ICICIPRULI-I.NFO,07/01/2020,10:42:23,482.1,482.05,1500,482.3,1500,0,10713000
ICICIPRULI-I.NFO,07/01/2020,10:42:26,482.1,482.15,1500,482.3,1500,0,10713000
ICICIPRULI-I.NFO,07/01/2020,10:42:29,482.1,482.1,1500,482.3,1500,0,10713000
ICICIPRULI-I.NFO,07/01/2020,10:42:32,482.3,482.2,1500,482.55,1500,1500,10713000
ICICIPRULI-I.NFO,07/01/2020,10:42:41,482.3,482.2,1500,482.5,1500,0,10713000
ICICIPRULI-I.NFO,07/01/2020,10:42:46,482.3,482.2,1500,482.45,1500,0,10713000
ICICIPRULI-I.NFO,07/01/2020,10:42:49,482.3,482.2,1500,482.4,1500,0,10713000
ICICIPRULI-I.NFO,07/01/2020,10:42:52,482.3,482.3,1500,482.4,1500,0,10713000
ICICIPRULI-I.NFO,07/01/2020,10:42:56,482.3,482.3,1500,482.45,1500,0,10713000
ICICIPRULI-I.NFO,07/01/2020,10:43:02,482.45,482.1,9000,482.6,1500,1500,10713000
ICICIPRULI-I.NFO,07/01/2020,10:43:05,482.45,482.1,9000,482.6,1500,0,10713000
ICICIPRULI-I.NFO,07/01/2020,10:43:22,482.45,482.1,4500,482.55,1500,0,10713000
ICICIPRULI-I.NFO,07/01/2020,10:43:26,482.45,482.35,1500,482.6,1500,0,10713000
ICICIPRULI-I.NFO,07/01/2020,10:43:40,482.45,482.3,1500,482.5,1500,0,10713000
ICICIPRULI-I.NFO,07/01/2020,10:43:53,482.45,482.3,1500,482.55,1500,0,10713000
ICICIPRULI-I.NFO,07/01/2020,10:43:56,482.45,482.35,1500,482.6,1500,0,10713000
ICICIPRULI-I.NFO,07/01/2020,10:44:33,482.45,482.35,1500,482.55,1500,0,10713000
ICICIPRULI-I.NFO,07/01/2020,10:44:43,482.45,482.3,1500,482.55,1500,0,10713000
ICICIPRULI-I.NFO,07/01/2020,10:44:45,482.45,482.3,1500,482.6,1500,0,10713000
ICICIPRULI-I.NFO,07/01/2020,10:44:49,482.45,482.3,1500,482.55,3000,0,10713000
ICICIPRULI-I.NFO,07/01/2020,10:45:00,482.45,482.3,1500,482.5,1500,0,10713000
ICICIPRULI-I.NFO,07/01/2020,10:45:13,482.45,482.35,1500,482.55,1500,0,10713000
ICICIPRULI-I.NFO,07/01/2020,10:45:26,482.45,482.35,1500,482.55,3000,0,10713000
ICICIPRULI-I.NFO,07/01/2020,10:45:32,482.55,482.35,1500,482.55,1500,1500,10713000
ICICIPRULI-I.NFO,07/01/2020,10:45:42,482.55,482.35,1500,482.55,1500,0,10713000
ICICIPRULI-I.NFO,07/01/2020,10:45:48,482.55,482.4,1500,482.6,1500,1500,10713000
ICICIPRULI-I.NFO,07/01/2020,10:45:54,482.55,482.4,1500,482.6,1500,0,10713000
ICICIPRULI-I.NFO,07/01/2020,10:46:03,482.55,482.4,1500,482.55,1500,0,10713000
ICICIPRULI-I.NFO,07/01/2020,10:46:50,482.55,482.35,1500,482.55,3000,0,10713000
ICICIPRULI-I.NFO,07/01/2020,10:46:56,482.55,482.35,1500,482.5,1500,0,10713000
ICICIPRULI-I.NFO,07/01/2020,10:47:18,482.5,482.4,1500,482.6,3000,1500,10713000
ICICIPRULI-I.NFO,07/01/2020,10:47:27,482.5,482.4,1500,482.6,3000,0,10713000
ICICIPRULI-I.NFO,07/01/2020,10:47:47,482.5,482.4,1500,482.6,1500,0,10713000
ICICIPRULI-I.NFO,07/01/2020,10:49:17,482.5,482.35,1500,482.6,1500,0,10713000
ICICIPRULI-I.NFO,07/01/2020,10:49:42,482.5,482.35,1500,482.55,1500,0,10713000
ICICIPRULI-I.NFO,07/01/2020,10:49:46,482.5,482.35,1500,482.6,1500,0,10713000
ICICIPRULI-I.NFO,07/01/2020,10:49:53,482.5,482.35,3000,482.6,1500,0,10713000
ICICIPRULI-I.NFO,07/01/2020,10:49:57,482.5,482.3,3000,482.55,1500,0,10713000
ICICIPRULI-I.NFO,07/01/2020,10:50:03,482.15,482.1,1500,482.3,1500,4500,10711500
ICICIPRULI-I.NFO,07/01/2020,10:50:09,482.15,482.1,1500,482.35,1500,0,10711500
ICICIPRULI-I.NFO,07/01/2020,10:50:19,482.15,482.15,1500,482.45,1500,0,10711500
ICICIPRULI-I.NFO,07/01/2020,10:50:32,482.15,482.15,3000,482.45,1500,0,10711500
ICICIPRULI-I.NFO,07/01/2020,10:50:36,482.15,482.2,1500,482.45,1500,0,10711500
ICICIPRULI-I.NFO,07/01/2020,10:50:54,482.15,482.2,1500,482.4,1500,0,10711500
ICICIPRULI-I.NFO,07/01/2020,10:50:57,482.15,482.15,1500,482.4,1500,0,10711500
ICICIPRULI-I.NFO,07/01/2020,10:51:13,482.15,482.15,1500,482.4,3000,0,10711500
ICICIPRULI-I.NFO,07/01/2020,10:51:22,482.15,482.2,1500,482.45,1500,0,10711500
ICICIPRULI-I.NFO,07/01/2020,10:51:25,482.15,482.2,1500,482.4,1500,0,10711500
ICICIPRULI-I.NFO,07/01/2020,10:51:30,482.15,482.1,1500,482.35,3000,3000,10711500
ICICIPRULI-I.NFO,07/01/2020,10:51:34,482.05,482,3000,482.2,3000,6000,10711500
ICICIPRULI-I.NFO,07/01/2020,10:51:36,482.05,482,3000,482.2,3000,0,10711500
ICICIPRULI-I.NFO,07/01/2020,10:51:55,482.05,482,3000,482.1,1500,0,10711500
ICICIPRULI-I.NFO,07/01/2020,10:52:00,482.05,482,3000,482.2,3000,1500,10711500
ICICIPRULI-I.NFO,07/01/2020,10:52:03,482.2,482.05,1500,482.4,1500,3000,10711500
ICICIPRULI-I.NFO,07/01/2020,10:52:07,482.2,482.05,1500,482.4,3000,0,10711500
ICICIPRULI-I.NFO,07/01/2020,10:52:39,482.2,482.05,1500,482.4,1500,0,10711500
ICICIPRULI-I.NFO,07/01/2020,10:52:44,482.15,482.05,1500,482.4,1500,1500,10711500
ICICIPRULI-I.NFO,07/01/2020,10:52:48,482.15,482,3000,482.3,1500,0,10711500
ICICIPRULI-I.NFO,07/01/2020,10:52:51,482.15,482.05,1500,482.3,1500,0,10711500
ICICIPRULI-I.NFO,07/01/2020,10:53:00,481.7,481.55,1500,481.85,1500,7500,10711500
ICICIPRULI-I.NFO,07/01/2020,10:53:06,481.7,481.55,1500,481.85,1500,0,10711500
ICICIPRULI-I.NFO,07/01/2020,10:53:12,481.25,481.05,1500,481.25,1500,12000,10711500
ICICIPRULI-I.NFO,07/01/2020,10:53:18,481.05,480.85,1500,481.15,1500,1500,10711500
ICICIPRULI-I.NFO,07/01/2020,10:53:23,481.05,480.85,1500,481.1,1500,0,10711500
ICICIPRULI-I.NFO,07/01/2020,10:53:28,481.05,480.85,1500,481.15,1500,0,10711500
ICICIPRULI-I.NFO,07/01/2020,10:53:33,481.05,480.9,3000,481.2,1500,0,10711500
ICICIPRULI-I.NFO,07/01/2020,10:53:38,480.9,480.7,1500,481,1500,3000,10711500
ICICIPRULI-I.NFO,07/01/2020,10:53:44,480.9,480.65,1500,481,1500,0,10711500
ICICIPRULI-I.NFO,07/01/2020,10:53:49,481,480.55,1500,480.8,1500,1500,10711500
ICICIPRULI-I.NFO,07/01/2020,10:53:55,480.8,480.55,3000,480.85,1500,1500,10711500
ICICIPRULI-I.NFO,07/01/2020,10:54:00,480.8,480.6,1500,480.95,3000,0,10711500
ICICIPRULI-I.NFO,07/01/2020,10:54:05,480.8,480.7,1500,481,1500,0,10711500
ICICIPRULI-I.NFO,07/01/2020,10:54:14,480.8,480.7,3000,481,1500,0,10711500
ICICIPRULI-I.NFO,07/01/2020,10:54:19,480.8,480.7,1500,481,1500,0,10711500
ICICIPRULI-I.NFO,07/01/2020,10:54:28,481,480.8,1500,481.1,1500,1500,10711500
ICICIPRULI-I.NFO,07/01/2020,10:54:32,481,480.8,1500,481.1,1500,0,10711500
ICICIPRULI-I.NFO,07/01/2020,10:54:36,481,480.75,1500,481.1,1500,0,10711500
ICICIPRULI-I.NFO,07/01/2020,10:54:47,481,480.8,1500,481.15,1500,0,10711500
ICICIPRULI-I.NFO,07/01/2020,10:54:57,481,480.85,1500,481.15,1500,0,10711500
ICICIPRULI-I.NFO,07/01/2020,10:55:01,481.05,480.9,1500,481.2,3000,1500,10711500
ICICIPRULI-I.NFO,07/01/2020,10:55:07,481.05,480.9,1500,481.2,1500,0,10711500
ICICIPRULI-I.NFO,07/01/2020,10:55:11,481.05,480.75,1500,481.1,1500,0,10711500
ICICIPRULI-I.NFO,07/01/2020,10:55:21,481.05,480.75,1500,481.1,3000,0,10711500
ICICIPRULI-I.NFO,07/01/2020,10:55:27,481.05,480.7,1500,481,3000,0,10711500
ICICIPRULI-I.NFO,07/01/2020,10:55:33,481.05,480.6,1500,480.95,3000,0,10711500
ICICIPRULI-I.NFO,07/01/2020,10:55:39,481.05,480.65,1500,481,3000,0,10711500
ICICIPRULI-I.NFO,07/01/2020,10:55:44,481.05,480.65,1500,480.95,1500,0,10711500
ICICIPRULI-I.NFO,07/01/2020,10:55:49,481.05,480.65,1500,481,3000,0,10711500
ICICIPRULI-I.NFO,07/01/2020,10:55:54,481.05,480.8,1500,481,3000,0,10711500
ICICIPRULI-I.NFO,07/01/2020,10:56:07,481.05,480.85,1500,481,3000,0,10711500
ICICIPRULI-I.NFO,07/01/2020,10:56:12,481.05,480.8,1500,481,3000,0,10711500
ICICIPRULI-I.NFO,07/01/2020,10:56:34,481.05,480.75,1500,481,3000,0,10711500
ICICIPRULI-I.NFO,07/01/2020,10:56:39,481.05,480.75,3000,481,3000,0,10711500
ICICIPRULI-I.NFO,07/01/2020,10:56:52,481.05,480.75,1500,481,3000,0,10711500
ICICIPRULI-I.NFO,07/01/2020,10:56:58,481.05,480.55,4500,480.95,4500,0,10711500
ICICIPRULI-I.NFO,07/01/2020,10:57:03,481.05,480.7,1500,480.95,1500,0,10711500
ICICIPRULI-I.NFO,07/01/2020,10:57:15,481.05,480.6,3000,480.95,1500,0,10711500
ICICIPRULI-I.NFO,07/01/2020,10:57:21,481.05,480.6,1500,480.75,1500,0,10711500
ICICIPRULI-I.NFO,07/01/2020,10:57:28,481.05,480.6,1500,480.8,1500,0,10711500
ICICIPRULI-I.NFO,07/01/2020,10:57:42,480.6,480.5,3000,480.75,1500,1500,10711500
ICICIPRULI-I.NFO,07/01/2020,10:57:48,480.6,480.5,3000,480.75,1500,0,10711500
ICICIPRULI-I.NFO,07/01/2020,10:57:54,480.6,480.5,3000,480.7,1500,0,10711500
ICICIPRULI-I.NFO,07/01/2020,10:58:00,480.5,480.5,1500,480.7,1500,1500,10711500
ICICIPRULI-I.NFO,07/01/2020,10:58:06,480.55,480.5,1500,480.7,1500,1500,10711500
ICICIPRULI-I.NFO,07/01/2020,10:58:13,480.55,480.5,1500,480.75,1500,0,10711500
ICICIPRULI-I.NFO,07/01/2020,10:58:19,480.55,480.5,1500,480.7,1500,0,10711500
ICICIPRULI-I.NFO,07/01/2020,10:58:26,480.5,480.35,1500,480.5,1500,3000,10711500
ICICIPRULI-I.NFO,07/01/2020,10:58:33,480.5,480.35,1500,480.55,1500,0,10711500
ICICIPRULI-I.NFO,07/01/2020,10:58:44,480.5,480.5,1500,480.55,1500,0,10711500
ICICIPRULI-I.NFO,07/01/2020,10:58:57,480.55,480.5,1500,480.7,1500,1500,10711500
ICICIPRULI-I.NFO,07/01/2020,10:59:03,480.55,480.5,1500,480.7,1500,0,10711500
ICICIPRULI-I.NFO,07/01/2020,10:59:10,480.55,480.5,1500,480.75,1500,0,10711500
ICICIPRULI-I.NFO,07/01/2020,10:59:16,480.55,480.55,1500,480.75,1500,0,10711500
ICICIPRULI-I.NFO,07/01/2020,10:59:22,480.55,480.55,1500,480.8,3000,0,10711500
ICICIPRULI-I.NFO,07/01/2020,10:59:28,480.55,480.55,1500,480.9,3000,0,10711500
ICICIPRULI-I.NFO,07/01/2020,10:59:46,480.55,480.6,1500,480.9,3000,0,10711500
ICICIPRULI-I.NFO,07/01/2020,10:59:51,480.55,480.6,1500,480.85,3000,0,10711500
ICICIPRULI-I.NFO,07/01/2020,10:59:57,480.5,480.5,1500,480.75,1500,10500,10716000
ICICIPRULI-I.NFO,07/01/2020,11:00:03,480.65,480.35,1500,480.7,3000,4500,10716000
ICICIPRULI-I.NFO,07/01/2020,11:00:11,480.65,480.35,1500,480.65,1500,0,10716000
ICICIPRULI-I.NFO,07/01/2020,11:00:18,480.3,480.2,31500,480.45,1500,4500,10716000
ICICIPRULI-I.NFO,07/01/2020,11:00:25,480,479.6,1500,480,1500,6000,10716000
ICICIPRULI-I.NFO,07/01/2020,11:00:32,479.6,479.5,1500,479.75,1500,3000,10716000
ICICIPRULI-I.NFO,07/01/2020,11:00:39,479.6,479.5,1500,479.75,1500,0,10716000
ICICIPRULI-I.NFO,07/01/2020,11:00:45,479.6,479.55,1500,479.75,1500,0,10716000
ICICIPRULI-I.NFO,07/01/2020,11:00:58,479.6,479.6,1500,479.75,1500,0,10716000
ICICIPRULI-I.NFO,07/01/2020,11:01:06,479.5,479.25,1500,479.5,1500,4500,10716000
ICICIPRULI-I.NFO,07/01/2020,11:01:13,479.5,479.25,1500,479.55,1500,0,10716000
ICICIPRULI-I.NFO,07/01/2020,11:01:21,479.2,479.1,1500,479.5,3000,6000,10716000
ICICIPRULI-I.NFO,07/01/2020,11:01:21,479.2,479.1,1500,479.5,3000,0,10716000
ICICIPRULI-I.NFO,07/01/2020,11:01:29,479.2,479.1,1500,479.55,1500,0,10716000
ICICIPRULI-I.NFO,07/01/2020,11:01:36,479.2,479.2,1500,479.55,1500,0,10716000
ICICIPRULI-I.NFO,07/01/2020,11:01:44,479.2,479.3,1500,479.7,3000,0,10716000
ICICIPRULI-I.NFO,07/01/2020,11:01:52,479.2,479.4,1500,479.75,1500,0,10716000
ICICIPRULI-I.NFO,07/01/2020,11:01:59,479.85,479.5,3000,479.9,3000,3000,10716000
ICICIPRULI-I.NFO,07/01/2020,11:02:06,479.5,479.55,1500,479.95,3000,1500,10716000
ICICIPRULI-I.NFO,07/01/2020,11:02:13,479.5,479.55,1500,479.9,3000,0,10716000
ICICIPRULI-I.NFO,07/01/2020,11:02:20,479.5,479.55,1500,479.95,1500,0,10716000
ICICIPRULI-I.NFO,07/01/2020,11:02:26,479.5,479.65,1500,480,1500,0,10716000
ICICIPRULI-I.NFO,07/01/2020,11:02:32,479.5,479.5,1500,479.7,1500,0,10716000
ICICIPRULI-I.NFO,07/01/2020,11:02:39,479.5,479.5,1500,479.8,3000,0,10716000
ICICIPRULI-I.NFO,07/01/2020,11:02:45,479.75,479.45,1500,479.8,1500,1500,10723500
ICICIPRULI-I.NFO,07/01/2020,11:02:52,479.45,479.15,1500,479.55,1500,1500,10723500
ICICIPRULI-I.NFO,07/01/2020,11:02:58,479.45,479.25,1500,479.65,1500,0,10723500
ICICIPRULI-I.NFO,07/01/2020,11:03:04,479.45,479.3,1500,479.7,1500,0,10723500
ICICIPRULI-I.NFO,07/01/2020,11:03:11,479.45,479.2,1500,479.55,1500,0,10723500
ICICIPRULI-I.NFO,07/01/2020,11:03:18,479.2,479.1,1500,479.45,1500,1500,10723500
ICICIPRULI-I.NFO,07/01/2020,11:03:25,479.2,479.15,1500,479.5,1500,0,10723500
ICICIPRULI-I.NFO,07/01/2020,11:03:37,479.15,479.1,1500,479.5,3000,3000,10723500
ICICIPRULI-I.NFO,07/01/2020,11:03:37,479.15,479.1,1500,479.5,3000,0,10723500
ICICIPRULI-I.NFO,07/01/2020,11:03:45,478.95,478.8,1500,479,1500,6000,10723500
ICICIPRULI-I.NFO,07/01/2020,11:03:45,478.95,478.8,1500,479,1500,0,10723500
ICICIPRULI-I.NFO,07/01/2020,11:03:53,478.95,478.8,1500,479,1500,0,10723500
ICICIPRULI-I.NFO,07/01/2020,11:03:59,478.85,478.8,1500,479.15,1500,4500,10723500
ICICIPRULI-I.NFO,07/01/2020,11:03:59,478.85,478.8,1500,479.15,1500,0,10723500
ICICIPRULI-I.NFO,07/01/2020,11:04:06,478.8,478.5,1500,478.85,1500,3000,10723500
ICICIPRULI-I.NFO,07/01/2020,11:04:06,478.8,478.5,1500,478.85,1500,0,10723500
ICICIPRULI-I.NFO,07/01/2020,11:04:12,478.8,478.55,3000,478.9,1500,0,10723500
ICICIPRULI-I.NFO,07/01/2020,11:04:19,478.9,478.6,3000,478.95,1500,1500,10723500
ICICIPRULI-I.NFO,07/01/2020,11:04:25,478.95,479.05,1500,479.35,1500,1500,10723500
ICICIPRULI-I.NFO,07/01/2020,11:04:32,478.95,478.9,1500,479.3,1500,0,10723500
ICICIPRULI-I.NFO,07/01/2020,11:04:39,478.95,478.75,1500,479.15,1500,0,10723500
ICICIPRULI-I.NFO,07/01/2020,11:04:46,478.95,478.75,1500,479.2,3000,0,10723500
ICICIPRULI-I.NFO,07/01/2020,11:04:53,479.2,479.1,1500,479.6,3000,3000,10723500
ICICIPRULI-I.NFO,07/01/2020,11:05:00,479.6,479.2,1500,479.65,1500,3000,10723500
ICICIPRULI-I.NFO,07/01/2020,11:05:06,479.2,479.05,1500,479.4,1500,1500,10723500
ICICIPRULI-I.NFO,07/01/2020,11:05:13,478.95,478.6,1500,479,1500,9000,10723500
ICICIPRULI-I.NFO,07/01/2020,11:05:20,479,479,1500,479.3,1500,4500,10723500
ICICIPRULI-I.NFO,07/01/2020,11:05:27,479,478.85,3000,479.25,1500,1500,10723500
ICICIPRULI-I.NFO,07/01/2020,11:05:34,479,479.15,1500,479.4,1500,0,10723500
ICICIPRULI-I.NFO,07/01/2020,11:05:41,479.4,479.2,1500,479.6,1500,1500,10729500
ICICIPRULI-I.NFO,07/01/2020,11:05:48,479.4,479.35,1500,479.8,1500,0,10729500
ICICIPRULI-I.NFO,07/01/2020,11:05:55,479.5,479.45,1500,479.85,1500,1500,10729500
ICICIPRULI-I.NFO,07/01/2020,11:06:02,479.45,479.45,1500,479.85,1500,1500,10729500
ICICIPRULI-I.NFO,07/01/2020,11:06:08,479.45,479.65,1500,480,1500,0,10729500
ICICIPRULI-I.NFO,07/01/2020,11:06:15,479.45,479.7,1500,480,1500,0,10729500
ICICIPRULI-I.NFO,07/01/2020,11:06:22,479.45,479.55,3000,479.95,1500,0,10729500
ICICIPRULI-I.NFO,07/01/2020,11:06:28,479.45,479.6,1500,479.95,3000,0,10729500
ICICIPRULI-I.NFO,07/01/2020,11:06:33,479.95,479.6,1500,479.95,1500,1500,10729500
ICICIPRULI-I.NFO,07/01/2020,11:06:38,479.95,479.6,1500,479.95,1500,0,10729500
ICICIPRULI-I.NFO,07/01/2020,11:06:48,479.6,479.4,1500,479.75,1500,1500,10729500
ICICIPRULI-I.NFO,07/01/2020,11:06:54,479.6,479.4,1500,479.85,1500,0,10729500
ICICIPRULI-I.NFO,07/01/2020,11:07:20,479.6,479.5,1500,479.9,1500,0,10729500
ICICIPRULI-I.NFO,07/01/2020,11:07:25,479.6,479.5,1500,479.85,1500,0,10729500
ICICIPRULI-I.NFO,07/01/2020,11:07:30,479.85,479.55,1500,479.95,1500,1500,10729500
ICICIPRULI-I.NFO,07/01/2020,11:07:35,480.05,479.7,1500,480.1,3000,6000,10729500
ICICIPRULI-I.NFO,07/01/2020,11:07:41,480.05,479.75,1500,480.1,3000,0,10729500
ICICIPRULI-I.NFO,07/01/2020,11:07:47,480.2,479.95,1500,480.55,4500,4500,10729500
ICICIPRULI-I.NFO,07/01/2020,11:07:52,480.2,480.15,1500,480.6,1500,0,10729500
ICICIPRULI-I.NFO,07/01/2020,11:07:57,480.25,480.1,1500,480.5,1500,1500,10729500
ICICIPRULI-I.NFO,07/01/2020,11:08:02,480.25,480.05,1500,480.4,1500,0,10729500
ICICIPRULI-I.NFO,07/01/2020,11:08:07,480.05,479.75,1500,480.2,3000,1500,10729500
ICICIPRULI-I.NFO,07/01/2020,11:08:11,480.05,479.75,1500,480.1,1500,0,10729500
ICICIPRULI-I.NFO,07/01/2020,11:08:16,480.05,479.8,1500,480.1,1500,0,10729500
ICICIPRULI-I.NFO,07/01/2020,11:08:21,480.05,479.9,3000,480.3,1500,0,10729500
ICICIPRULI-I.NFO,07/01/2020,11:08:27,480.05,480.05,1500,480.4,1500,0,10729500
ICICIPRULI-I.NFO,07/01/2020,11:08:32,480.05,480,1500,480.35,1500,0,10729500
ICICIPRULI-I.NFO,07/01/2020,11:08:42,480,479.95,1500,480,3000,1500,10734000
ICICIPRULI-I.NFO,07/01/2020,11:08:47,479.95,479.55,1500,479.95,1500,1500,10734000
ICICIPRULI-I.NFO,07/01/2020,11:08:52,479.95,479.55,1500,479.95,1500,0,10734000
ICICIPRULI-I.NFO,07/01/2020,11:08:57,479.95,479.6,1500,479.95,1500,0,10734000
ICICIPRULI-I.NFO,07/01/2020,11:09:02,479.95,479.7,1500,479.95,1500,0,10734000
ICICIPRULI-I.NFO,07/01/2020,11:09:11,479.95,479.75,3000,479.95,1500,0,10734000
ICICIPRULI-I.NFO,07/01/2020,11:09:16,479.85,479.8,1500,480.2,1500,3000,10734000
ICICIPRULI-I.NFO,07/01/2020,11:09:21,479.85,479.8,1500,480.15,1500,0,10734000
ICICIPRULI-I.NFO,07/01/2020,11:09:35,479.85,479.8,1500,480.1,1500,0,10734000
ICICIPRULI-I.NFO,07/01/2020,11:09:45,480.05,479.8,1500,480.15,1500,1500,10734000
ICICIPRULI-I.NFO,07/01/2020,11:09:48,480.05,479.85,1500,480.25,1500,0,10734000
ICICIPRULI-I.NFO,07/01/2020,11:10:00,480.05,479.9,3000,480.35,1500,0,10734000
ICICIPRULI-I.NFO,07/01/2020,11:10:05,480.05,479.9,1500,480.4,3000,0,10734000
ICICIPRULI-I.NFO,07/01/2020,11:10:18,480.05,479.95,1500,480.4,3000,0,10734000
ICICIPRULI-I.NFO,07/01/2020,11:10:24,480.05,479.9,1500,480.4,3000,0,10734000
ICICIPRULI-I.NFO,07/01/2020,11:10:33,480.05,479.95,3000,480.4,1500,0,10734000
ICICIPRULI-I.NFO,07/01/2020,11:10:37,480.05,479.8,1500,480.25,1500,0,10734000
ICICIPRULI-I.NFO,07/01/2020,11:10:41,480.05,479.85,1500,480.3,1500,0,10734000
ICICIPRULI-I.NFO,07/01/2020,11:10:46,480.05,479.85,1500,480.35,1500,0,10734000
ICICIPRULI-I.NFO,07/01/2020,11:10:49,480.05,480,1500,480.35,1500,0,10734000
ICICIPRULI-I.NFO,07/01/2020,11:11:00,480.05,480,1500,480.25,3000,0,10734000
ICICIPRULI-I.NFO,07/01/2020,11:11:05,480.05,479.8,1500,480.25,1500,0,10734000
ICICIPRULI-I.NFO,07/01/2020,11:11:11,480.05,479.8,1500,480,1500,0,10734000
ICICIPRULI-I.NFO,07/01/2020,11:11:16,480.05,479.6,1500,479.9,1500,0,10734000
ICICIPRULI-I.NFO,07/01/2020,11:11:30,480.05,479.5,1500,479.9,1500,0,10734000
ICICIPRULI-I.NFO,07/01/2020,11:11:37,480.05,479.5,1500,479.8,1500,0,10734000
ICICIPRULI-I.NFO,07/01/2020,11:11:44,480.05,479.5,4500,480,1500,0,10734000
ICICIPRULI-I.NFO,07/01/2020,11:11:51,480.05,479.6,1500,480.05,1500,0,10734000
ICICIPRULI-I.NFO,07/01/2020,11:11:57,480.05,479.4,1500,479.8,1500,0,10734000
ICICIPRULI-I.NFO,07/01/2020,11:12:05,479.3,479.25,1500,479.6,1500,1500,10737000
ICICIPRULI-I.NFO,07/01/2020,11:12:13,479.3,479.15,1500,479.55,1500,0,10737000
ICICIPRULI-I.NFO,07/01/2020,11:12:20,479.3,479,1500,479.3,1500,0,10737000
ICICIPRULI-I.NFO,07/01/2020,11:12:27,479.3,479.05,1500,479.3,1500,0,10737000
ICICIPRULI-I.NFO,07/01/2020,11:12:34,479.3,479.2,1500,479.55,1500,0,10737000
ICICIPRULI-I.NFO,07/01/2020,11:12:39,479.3,479.1,1500,479.45,1500,0,10737000
ICICIPRULI-I.NFO,07/01/2020,11:13:05,479.3,479.1,1500,479.5,1500,0,10737000
ICICIPRULI-I.NFO,07/01/2020,11:13:11,479.3,479.1,1500,479.4,3000,0,10737000
ICICIPRULI-I.NFO,07/01/2020,11:13:23,479.3,479.15,1500,479.65,1500,0,10737000
ICICIPRULI-I.NFO,07/01/2020,11:13:34,479.3,479,1500,479.25,1500,0,10737000
ICICIPRULI-I.NFO,07/01/2020,11:13:40,479.25,479.1,1500,479.6,3000,1500,10737000
ICICIPRULI-I.NFO,07/01/2020,11:13:46,479.25,479.15,3000,479.65,1500,0,10737000
ICICIPRULI-I.NFO,07/01/2020,11:13:52,479.25,479.1,3000,479.55,1500,1500,10737000
ICICIPRULI-I.NFO,07/01/2020,11:13:58,479.25,479.15,1500,479.55,1500,0,10737000
ICICIPRULI-I.NFO,07/01/2020,11:14:08,479.25,479.3,1500,479.7,1500,0,10737000
ICICIPRULI-I.NFO,07/01/2020,11:14:14,479.25,479.2,1500,479.65,1500,0,10737000
ICICIPRULI-I.NFO,07/01/2020,11:14:21,479.65,479.35,1500,479.85,1500,1500,10737000
ICICIPRULI-I.NFO,07/01/2020,11:14:26,479.65,479.5,1500,480,3000,0,10737000
ICICIPRULI-I.NFO,07/01/2020,11:14:31,479.65,479.5,1500,479.95,1500,0,10737000
ICICIPRULI-I.NFO,07/01/2020,11:14:36,479.65,479.6,1500,480.1,3000,0,10737000
ICICIPRULI-I.NFO,07/01/2020,11:14:41,479.95,479.5,1500,480,1500,1500,10734000
ICICIPRULI-I.NFO,07/01/2020,11:14:46,479.95,479.5,1500,479.85,1500,0,10734000
ICICIPRULI-I.NFO,07/01/2020,11:14:57,479.95,479.5,1500,479.75,1500,0,10734000
ICICIPRULI-I.NFO,07/01/2020,11:15:03,479.95,479.2,1500,479.65,1500,0,10734000
ICICIPRULI-I.NFO,07/01/2020,11:15:10,479.95,479.4,1500,479.65,1500,0,10734000
ICICIPRULI-I.NFO,07/01/2020,11:15:15,479.95,479.45,3000,479.9,1500,0,10734000
ICICIPRULI-I.NFO,07/01/2020,11:15:20,479.95,479.45,3000,479.85,1500,0,10734000
ICICIPRULI-I.NFO,07/01/2020,11:15:25,479.95,479.4,1500,479.7,1500,0,10734000
ICICIPRULI-I.NFO,07/01/2020,11:15:31,479.95,479.4,1500,479.75,1500,0,10734000
ICICIPRULI-I.NFO,07/01/2020,11:15:37,479.95,479.4,1500,479.8,3000,0,10734000
ICICIPRULI-I.NFO,07/01/2020,11:15:42,479.95,479.45,3000,479.95,1500,0,10734000
ICICIPRULI-I.NFO,07/01/2020,11:15:47,479.95,479.45,4500,479.95,1500,0,10734000
ICICIPRULI-I.NFO,07/01/2020,11:15:57,479.45,479.35,1500,479.7,1500,1500,10734000
ICICIPRULI-I.NFO,07/01/2020,11:16:04,479.45,479.05,1500,479.35,1500,0,10734000
ICICIPRULI-I.NFO,07/01/2020,11:16:10,479.05,479,1500,479.25,1500,1500,10734000
ICICIPRULI-I.NFO,07/01/2020,11:16:17,479.05,479.1,1500,479.45,1500,0,10734000
ICICIPRULI-I.NFO,07/01/2020,11:16:23,479.2,479.1,3000,479.55,1500,1500,10734000
ICICIPRULI-I.NFO,07/01/2020,11:16:29,479.2,479.15,1500,479.55,1500,0,10734000
ICICIPRULI-I.NFO,07/01/2020,11:16:40,479.2,479.1,1500,479.45,1500,0,10734000
ICICIPRULI-I.NFO,07/01/2020,11:16:45,479.2,479,1500,479.3,1500,0,10734000
ICICIPRULI-I.NFO,07/01/2020,11:16:52,479,478.8,1500,479.2,1500,1500,10734000
ICICIPRULI-I.NFO,07/01/2020,11:16:59,479,479,1500,479.4,1500,0,10734000
ICICIPRULI-I.NFO,07/01/2020,11:17:08,479,479,1500,479.45,1500,0,10734000
ICICIPRULI-I.NFO,07/01/2020,11:17:13,479,479,1500,479.4,1500,0,10734000
ICICIPRULI-I.NFO,07/01/2020,11:17:18,479,478.9,1500,479.35,1500,1500,10734000
ICICIPRULI-I.NFO,07/01/2020,11:17:22,479,478.65,1500,479,6000,0,10734000
ICICIPRULI-I.NFO,07/01/2020,11:17:27,479,478.7,1500,479,6000,0,10734000
ICICIPRULI-I.NFO,07/01/2020,11:17:32,479,478.75,1500,479,6000,0,10734000
ICICIPRULI-I.NFO,07/01/2020,11:17:38,479,478.75,3000,479,6000,0,10734000
ICICIPRULI-I.NFO,07/01/2020,11:17:45,478.7,478.6,1500,478.95,1500,1500,10735500
ICICIPRULI-I.NFO,07/01/2020,11:17:45,478.7,478.6,1500,478.95,1500,0,10735500
ICICIPRULI-I.NFO,07/01/2020,11:17:50,478.7,478.65,3000,479,6000,0,10735500
ICICIPRULI-I.NFO,07/01/2020,11:17:55,478.7,478.65,1500,479,6000,0,10735500
ICICIPRULI-I.NFO,07/01/2020,11:18:16,478.7,478.7,1500,479,6000,0,10735500
ICICIPRULI-I.NFO,07/01/2020,11:18:41,479,479,1500,479.3,1500,6000,10735500
ICICIPRULI-I.NFO,07/01/2020,11:18:48,479,478.7,1500,479.1,1500,0,10735500
ICICIPRULI-I.NFO,07/01/2020,11:18:54,479,478.8,1500,479.1,1500,0,10735500
ICICIPRULI-I.NFO,07/01/2020,11:19:11,479,478.85,1500,479.1,1500,0,10735500
ICICIPRULI-I.NFO,07/01/2020,11:19:17,478.8,478.5,3000,478.75,1500,3000,10735500
ICICIPRULI-I.NFO,07/01/2020,11:19:25,478.8,478.5,3000,478.75,1500,0,10735500
ICICIPRULI-I.NFO,07/01/2020,11:19:33,478.8,478.6,1500,479,1500,0,10735500
ICICIPRULI-I.NFO,07/01/2020,11:19:45,478.8,478.7,1500,479.1,1500,0,10735500
ICICIPRULI-I.NFO,07/01/2020,11:19:56,478.8,478.75,1500,479.15,1500,0,10735500
ICICIPRULI-I.NFO,07/01/2020,11:20:01,478.8,478.6,1500,479,1500,0,10735500
ICICIPRULI-I.NFO,07/01/2020,11:20:07,478.8,478.55,1500,479,3000,0,10735500
ICICIPRULI-I.NFO,07/01/2020,11:20:13,478.8,478.7,1500,478.95,1500,0,10735500
ICICIPRULI-I.NFO,07/01/2020,11:20:19,478.95,478.8,1500,479.2,1500,1500,10735500
ICICIPRULI-I.NFO,07/01/2020,11:20:29,478.95,479,1500,479.4,3000,0,10735500
ICICIPRULI-I.NFO,07/01/2020,11:20:35,478.95,478.85,1500,479.2,1500,0,10735500
ICICIPRULI-I.NFO,07/01/2020,11:20:40,478.95,478.9,3000,479.3,1500,0,10735500
ICICIPRULI-I.NFO,07/01/2020,11:20:50,478.95,479,1500,479.35,1500,0,10735500
ICICIPRULI-I.NFO,07/01/2020,11:20:56,479,478.9,1500,479.3,1500,1500,10738500
ICICIPRULI-I.NFO,07/01/2020,11:21:02,479,478.85,1500,479.25,1500,0,10738500
ICICIPRULI-I.NFO,07/01/2020,11:21:07,479,478.9,1500,479.25,1500,0,10738500
ICICIPRULI-I.NFO,07/01/2020,11:21:25,479,479,1500,479.3,1500,0,10738500
ICICIPRULI-I.NFO,07/01/2020,11:21:31,479,478.65,1500,479.1,1500,0,10738500
ICICIPRULI-I.NFO,07/01/2020,11:21:38,479,478.85,1500,479.2,1500,0,10738500
ICICIPRULI-I.NFO,07/01/2020,11:21:43,479,478.9,1500,479.25,1500,0,10738500
ICICIPRULI-I.NFO,07/01/2020,11:21:48,479.4,479.15,1500,479.55,3000,3000,10738500
ICICIPRULI-I.NFO,07/01/2020,11:21:52,479.4,479.25,1500,479.7,3000,0,10738500
ICICIPRULI-I.NFO,07/01/2020,11:21:57,479.4,479.25,1500,479.65,3000,0,10738500
ICICIPRULI-I.NFO,07/01/2020,11:22:01,479.4,479.25,1500,479.65,1500,0,10738500
ICICIPRULI-I.NFO,07/01/2020,11:22:08,479.4,479.15,1500,479.5,3000,0,10738500
ICICIPRULI-I.NFO,07/01/2020,11:22:13,479.5,479.25,1500,479.65,1500,3000,10738500
ICICIPRULI-I.NFO,07/01/2020,11:22:17,479.5,479.25,1500,479.7,3000,0,10738500
ICICIPRULI-I.NFO,07/01/2020,11:22:21,479.5,479.2,1500,479.6,1500,0,10738500
ICICIPRULI-I.NFO,07/01/2020,11:22:26,479.5,479.25,3000,479.65,1500,0,10738500
ICICIPRULI-I.NFO,07/01/2020,11:22:31,479.5,479.25,1500,479.65,1500,0,10738500
ICICIPRULI-I.NFO,07/01/2020,11:22:36,479.5,479.15,1500,479.55,1500,0,10738500
ICICIPRULI-I.NFO,07/01/2020,11:22:40,479.5,479.2,1500,479.6,1500,0,10738500
ICICIPRULI-I.NFO,07/01/2020,11:22:54,479.5,479.25,1500,479.65,1500,0,10738500
ICICIPRULI-I.NFO,07/01/2020,11:23:00,479.5,479.3,1500,479.75,1500,0,10738500
ICICIPRULI-I.NFO,07/01/2020,11:23:05,479.5,479.35,1500,479.75,1500,0,10738500
ICICIPRULI-I.NFO,07/01/2020,11:23:10,479.5,479.35,1500,479.7,1500,0,10738500
ICICIPRULI-I.NFO,07/01/2020,11:23:16,479.5,479.35,1500,479.75,1500,0,10738500
ICICIPRULI-I.NFO,07/01/2020,11:23:42,479.5,479.4,1500,479.75,1500,0,10738500
ICICIPRULI-I.NFO,07/01/2020,11:23:47,479.5,479.45,1500,479.85,1500,0,10738500
ICICIPRULI-I.NFO,07/01/2020,11:24:02,479.5,479.75,1500,480,3000,0,10738500
ICICIPRULI-I.NFO,07/01/2020,11:24:18,479.5,479.65,1500,479.95,1500,0,10738500
ICICIPRULI-I.NFO,07/01/2020,11:24:32,480,479.85,1500,480.05,1500,3000,10740000
ICICIPRULI-I.NFO,07/01/2020,11:24:37,480,479.75,1500,480.05,1500,0,10740000
ICICIPRULI-I.NFO,07/01/2020,11:24:46,480,479.75,3000,480.05,1500,0,10740000
ICICIPRULI-I.NFO,07/01/2020,11:24:50,480,479.7,3000,480.05,1500,0,10740000
ICICIPRULI-I.NFO,07/01/2020,11:24:58,480,479.55,3000,480,1500,0,10740000
ICICIPRULI-I.NFO,07/01/2020,11:25:04,480,479.8,1500,480.05,1500,0,10740000
ICICIPRULI-I.NFO,07/01/2020,11:25:09,480,479.7,1500,480.05,1500,0,10740000
ICICIPRULI-I.NFO,07/01/2020,11:25:17,480,479.7,3000,480.05,1500,0,10740000
ICICIPRULI-I.NFO,07/01/2020,11:25:22,480,479.55,1500,479.9,1500,0,10740000
ICICIPRULI-I.NFO,07/01/2020,11:25:32,480,479.6,1500,480,1500,0,10740000
ICICIPRULI-I.NFO,07/01/2020,11:25:37,480,479.65,1500,480.05,1500,0,10740000
ICICIPRULI-I.NFO,07/01/2020,11:25:57,480,479.7,1500,480.05,1500,0,10740000
ICICIPRULI-I.NFO,07/01/2020,11:26:24,480,479.75,1500,480.05,1500,0,10740000
ICICIPRULI-I.NFO,07/01/2020,11:26:28,480,479.75,3000,480.05,1500,0,10740000
ICICIPRULI-I.NFO,07/01/2020,11:26:33,480,479.75,1500,480.05,1500,0,10740000
ICICIPRULI-I.NFO,07/01/2020,11:26:44,480,479.7,1500,480.05,1500,0,10740000
ICICIPRULI-I.NFO,07/01/2020,11:26:53,480,479.7,3000,480.05,1500,0,10740000
ICICIPRULI-I.NFO,07/01/2020,11:26:57,480,479.7,1500,480.05,1500,0,10740000
ICICIPRULI-I.NFO,07/01/2020,11:27:05,480,479.75,1500,480.05,1500,0,10740000
ICICIPRULI-I.NFO,07/01/2020,11:27:15,480,479.75,1500,480,1500,0,10740000
ICICIPRULI-I.NFO,07/01/2020,11:27:50,479.75,479.7,1500,480,1500,1500,10740000
ICICIPRULI-I.NFO,07/01/2020,11:27:55,479.75,479.7,1500,480,1500,0,10740000
ICICIPRULI-I.NFO,07/01/2020,11:28:25,479.75,479.7,1500,479.95,1500,0,10740000
ICICIPRULI-I.NFO,07/01/2020,11:28:52,479.75,479.7,1500,479.9,1500,0,10740000
ICICIPRULI-I.NFO,07/01/2020,11:28:56,479.7,479.4,1500,479.8,1500,1500,10740000
ICICIPRULI-I.NFO,07/01/2020,11:29:00,479.7,479.4,1500,479.8,1500,0,10740000
ICICIPRULI-I.NFO,07/01/2020,11:29:03,479.4,479.4,1500,479.75,3000,1500,10740000
ICICIPRULI-I.NFO,07/01/2020,11:29:06,479.4,479.15,1500,479.65,4500,0,10740000
ICICIPRULI-I.NFO,07/01/2020,11:29:29,479.4,479.35,1500,479.7,1500,0,10740000
ICICIPRULI-I.NFO,07/01/2020,11:29:33,479.4,479.35,1500,479.65,1500,0,10740000
ICICIPRULI-I.NFO,07/01/2020,11:29:44,479.4,479.35,1500,479.7,1500,0,10740000
ICICIPRULI-I.NFO,07/01/2020,11:29:47,479.4,479.35,1500,479.75,1500,0,10740000
ICICIPRULI-I.NFO,07/01/2020,11:29:51,479.4,479.35,1500,479.7,1500,0,10740000
ICICIPRULI-I.NFO,07/01/2020,11:30:01,479.4,479.2,1500,479.6,1500,0,10740000
ICICIPRULI-I.NFO,07/01/2020,11:30:08,479.4,479.2,1500,479.65,1500,0,10740000
ICICIPRULI-I.NFO,07/01/2020,11:30:15,479.4,479.2,1500,479.6,1500,0,10740000
ICICIPRULI-I.NFO,07/01/2020,11:30:25,479.4,479.2,1500,479.55,3000,0,10740000
ICICIPRULI-I.NFO,07/01/2020,11:30:40,479.4,479.2,1500,479.5,3000,0,10740000
ICICIPRULI-I.NFO,07/01/2020,11:30:52,479.4,479.2,1500,479.6,3000,0,10740000
ICICIPRULI-I.NFO,07/01/2020,11:31:00,479.6,479.3,1500,479.7,1500,1500,10740000
ICICIPRULI-I.NFO,07/01/2020,11:31:07,479.6,479.2,1500,479.7,1500,0,10740000
ICICIPRULI-I.NFO,07/01/2020,11:31:26,479.6,479.15,1500,479.6,1500,0,10740000
ICICIPRULI-I.NFO,07/01/2020,11:31:48,479.6,479.25,1500,479.6,1500,0,10740000
ICICIPRULI-I.NFO,07/01/2020,11:31:54,479.6,479.4,1500,479.75,1500,0,10740000
ICICIPRULI-I.NFO,07/01/2020,11:32:06,479.6,479.45,1500,479.8,1500,0,10740000
ICICIPRULI-I.NFO,07/01/2020,11:32:12,479.65,479.35,1500,479.7,1500,1500,10740000
ICICIPRULI-I.NFO,07/01/2020,11:32:17,479.65,479.5,1500,479.8,1500,0,10740000
