Ticker,Date,Time,LTP,BuyPrice,BuyQty,SellPrice,SellQty,LTQ,OpenInterest
IOC-I.NFO,07/01/2020,09:15:05,123.45,123.45,4000,123.65,8000,12000,31640000
IOC-I.NFO,07/01/2020,09:15:05,123.55,123.45,4000,123.65,8000,0,31640000
IOC-I.NFO,07/01/2020,09:15:05,123.6,123.45,4000,123.65,8000,0,31640000
IOC-I.NFO,07/01/2020,09:15:05,123.45,123.45,4000,123.65,8000,0,31640000
IOC-I.NFO,07/01/2020,09:15:13,123.85,123.8,8000,124,4000,108000,31640000
IOC-I.NFO,07/01/2020,09:15:13,123.85,123.8,8000,124,4000,0,31640000
IOC-I.NFO,07/01/2020,09:15:23,123.8,123.75,4000,123.95,12000,24000,31640000
IOC-I.NFO,07/01/2020,09:15:33,124,123.95,4000,124.1,4000,16000,31640000
IOC-I.NFO,07/01/2020,09:15:33,124,123.95,4000,124.1,4000,0,31640000
IOC-I.NFO,07/01/2020,09:15:44,124,124.15,12000,124.35,12000,0,31640000
IOC-I.NFO,07/01/2020,09:15:54,124.45,124.3,12000,124.5,16000,24000,31640000
IOC-I.NFO,07/01/2020,09:15:54,124.45,124.3,12000,124.5,16000,0,31640000
IOC-I.NFO,07/01/2020,09:16:05,124.45,124.3,16000,124.45,4000,24000,31640000
IOC-I.NFO,07/01/2020,09:16:05,124.5,124.3,16000,124.45,4000,0,31640000
IOC-I.NFO,07/01/2020,09:16:16,124.5,124.3,8000,124.45,12000,32000,31640000
IOC-I.NFO,07/01/2020,09:16:27,124.4,124.35,4000,124.5,12000,32000,31640000
IOC-I.NFO,07/01/2020,09:16:38,124.4,124.35,4000,124.45,4000,8000,31640000
IOC-I.NFO,07/01/2020,09:16:49,124.2,124.1,8000,124.3,8000,20000,31640000
IOC-I.NFO,07/01/2020,09:16:59,124.2,124.2,4000,124.3,4000,8000,31640000
IOC-I.NFO,07/01/2020,09:17:09,124.2,124.15,4000,124.3,16000,20000,31640000
IOC-I.NFO,07/01/2020,09:17:19,124.35,124.3,4000,124.4,8000,16000,31760000
IOC-I.NFO,07/01/2020,09:17:28,124.3,124.2,4000,124.3,4000,8000,31760000
IOC-I.NFO,07/01/2020,09:17:38,124.05,124,16000,124.1,4000,28000,31760000
IOC-I.NFO,07/01/2020,09:17:47,124.15,124.15,4000,124.25,12000,44000,31760000
IOC-I.NFO,07/01/2020,09:17:57,124.3,124.15,4000,124.25,4000,20000,31760000
IOC-I.NFO,07/01/2020,09:18:06,124.25,124.2,12000,124.35,16000,4000,31760000
IOC-I.NFO,07/01/2020,09:18:14,124.25,124.2,8000,124.35,12000,36000,31760000
IOC-I.NFO,07/01/2020,09:18:22,124.3,124.2,8000,124.35,8000,20000,31760000
IOC-I.NFO,07/01/2020,09:18:29,124.3,124.25,4000,124.35,4000,4000,31760000
IOC-I.NFO,07/01/2020,09:18:36,124.2,124.15,4000,124.25,28000,20000,31760000
IOC-I.NFO,07/01/2020,09:18:44,124.15,124.1,12000,124.25,32000,12000,31760000
IOC-I.NFO,07/01/2020,09:18:52,124.2,124.15,8000,124.25,28000,16000,31760000
IOC-I.NFO,07/01/2020,09:18:59,124.2,124.15,8000,124.25,24000,12000,31760000
IOC-I.NFO,07/01/2020,09:19:06,124.2,124.15,8000,124.25,24000,4000,31760000
IOC-I.NFO,07/01/2020,09:19:12,124.2,124.15,8000,124.25,24000,0,31760000
IOC-I.NFO,07/01/2020,09:19:19,124.2,124.15,4000,124.25,20000,8000,31760000
IOC-I.NFO,07/01/2020,09:19:26,124.15,124.1,20000,124.2,4000,8000,31760000
IOC-I.NFO,07/01/2020,09:19:34,124.15,124.1,20000,124.25,28000,12000,31760000
IOC-I.NFO,07/01/2020,09:19:40,124.15,124.1,16000,124.2,4000,8000,31760000
IOC-I.NFO,07/01/2020,09:19:48,124.15,124.1,16000,124.2,8000,4000,31760000
IOC-I.NFO,07/01/2020,09:19:54,124.15,124.1,20000,124.25,28000,0,31760000
IOC-I.NFO,07/01/2020,09:20:00,124.2,124.1,16000,124.2,8000,4000,31760000
IOC-I.NFO,07/01/2020,09:20:07,124.1,124.1,4000,124.2,8000,20000,31760000
IOC-I.NFO,07/01/2020,09:20:13,124.1,124.05,12000,124.2,16000,0,31760000
IOC-I.NFO,07/01/2020,09:20:20,124.2,124.1,4000,124.2,8000,12000,31820000
IOC-I.NFO,07/01/2020,09:20:26,124.2,124.1,8000,124.25,24000,12000,31820000
IOC-I.NFO,07/01/2020,09:20:32,124.2,124.05,12000,124.2,12000,0,31820000
IOC-I.NFO,07/01/2020,09:20:39,124.2,124.1,12000,124.2,12000,20000,31820000
IOC-I.NFO,07/01/2020,09:20:45,124.2,124.1,16000,124.25,24000,12000,31820000
IOC-I.NFO,07/01/2020,09:20:51,124.25,124.15,20000,124.3,16000,20000,31820000
IOC-I.NFO,07/01/2020,09:20:57,124.2,124.1,8000,124.25,16000,20000,31820000
IOC-I.NFO,07/01/2020,09:21:04,124.3,124.2,12000,124.3,4000,16000,31820000
IOC-I.NFO,07/01/2020,09:21:12,124.3,124.25,4000,124.35,4000,16000,31820000
IOC-I.NFO,07/01/2020,09:21:20,124.25,124.2,12000,124.3,4000,4000,31820000
IOC-I.NFO,07/01/2020,09:21:27,124.25,124.2,12000,124.3,4000,0,31820000
IOC-I.NFO,07/01/2020,09:21:33,124.25,124.2,8000,124.3,4000,0,31820000
IOC-I.NFO,07/01/2020,09:21:40,124.25,124.2,12000,124.3,4000,0,31820000
IOC-I.NFO,07/01/2020,09:21:46,124.25,124.2,20000,124.25,8000,4000,31820000
IOC-I.NFO,07/01/2020,09:21:53,124.15,124.05,8000,124.15,4000,24000,31820000
IOC-I.NFO,07/01/2020,09:22:00,124.1,124.05,12000,124.15,4000,4000,31820000
IOC-I.NFO,07/01/2020,09:22:06,124.05,124.05,8000,124.15,4000,8000,31820000
IOC-I.NFO,07/01/2020,09:22:13,124.1,124,24000,124.15,4000,8000,31820000
IOC-I.NFO,07/01/2020,09:22:20,124.15,124.05,12000,124.2,4000,16000,31820000
IOC-I.NFO,07/01/2020,09:22:27,124.15,124.05,12000,124.2,4000,0,31820000
IOC-I.NFO,07/01/2020,09:22:40,124.15,124.15,12000,124.2,4000,0,31820000
IOC-I.NFO,07/01/2020,09:22:46,124.2,124.15,12000,124.25,8000,4000,31820000
IOC-I.NFO,07/01/2020,09:22:53,124.35,124.2,16000,124.35,8000,8000,31820000
IOC-I.NFO,07/01/2020,09:22:59,124.4,124.35,8000,124.45,8000,8000,31820000
IOC-I.NFO,07/01/2020,09:23:05,124.45,124.4,12000,124.5,16000,4000,31820000
IOC-I.NFO,07/01/2020,09:23:11,124.4,124.35,12000,124.45,4000,16000,31820000
IOC-I.NFO,07/01/2020,09:23:17,124.4,124.35,16000,124.4,4000,0,31820000
IOC-I.NFO,07/01/2020,09:23:23,124.4,124.35,12000,124.45,4000,4000,31852000
IOC-I.NFO,07/01/2020,09:23:29,124.3,124.3,4000,124.4,4000,16000,31852000
IOC-I.NFO,07/01/2020,09:23:35,124.4,124.3,4000,124.4,4000,8000,31852000
IOC-I.NFO,07/01/2020,09:23:41,124.4,124.25,28000,124.4,4000,0,31852000
IOC-I.NFO,07/01/2020,09:23:47,124.4,124.3,4000,124.4,4000,0,31852000
IOC-I.NFO,07/01/2020,09:23:53,124.4,124.35,4000,124.45,8000,0,31852000
IOC-I.NFO,07/01/2020,09:23:59,124.4,124.3,8000,124.45,8000,0,31852000
IOC-I.NFO,07/01/2020,09:24:05,124.4,124.3,4000,124.35,4000,12000,31852000
IOC-I.NFO,07/01/2020,09:24:11,124.4,124.3,8000,124.45,12000,8000,31852000
IOC-I.NFO,07/01/2020,09:24:17,124.4,124.25,16000,124.35,4000,0,31852000
IOC-I.NFO,07/01/2020,09:24:22,124.4,124.25,20000,124.4,4000,0,31852000
IOC-I.NFO,07/01/2020,09:24:28,124.4,124.25,20000,124.4,8000,0,31852000
IOC-I.NFO,07/01/2020,09:24:40,124.4,124.25,20000,124.4,4000,0,31852000
IOC-I.NFO,07/01/2020,09:24:50,124.4,124.25,20000,124.4,8000,0,31852000
IOC-I.NFO,07/01/2020,09:24:56,124.3,124.25,20000,124.4,8000,4000,31852000
IOC-I.NFO,07/01/2020,09:25:02,124.3,124.25,16000,124.4,8000,8000,31852000
IOC-I.NFO,07/01/2020,09:25:08,124.3,124.25,12000,124.35,4000,4000,31852000
IOC-I.NFO,07/01/2020,09:25:15,124.3,124.25,12000,124.35,4000,0,31852000
IOC-I.NFO,07/01/2020,09:25:33,124.25,124.2,8000,124.3,4000,8000,31852000
IOC-I.NFO,07/01/2020,09:25:39,124.2,124.2,8000,124.35,12000,4000,31852000
IOC-I.NFO,07/01/2020,09:25:46,124.2,124.15,16000,124.3,8000,4000,31852000
IOC-I.NFO,07/01/2020,09:25:59,124.15,124.15,12000,124.3,16000,12000,31852000
IOC-I.NFO,07/01/2020,09:26:07,124.3,124.2,8000,124.35,16000,8000,31852000
IOC-I.NFO,07/01/2020,09:26:14,124.15,124.15,8000,124.3,16000,12000,31852000
IOC-I.NFO,07/01/2020,09:26:20,124.15,124.15,8000,124.3,16000,0,31852000
IOC-I.NFO,07/01/2020,09:26:26,124.15,124.15,4000,124.3,16000,4000,31856000
IOC-I.NFO,07/01/2020,09:26:31,124.15,124.2,8000,124.35,24000,0,31856000
IOC-I.NFO,07/01/2020,09:26:37,124.15,124.2,4000,124.35,20000,0,31856000
IOC-I.NFO,07/01/2020,09:26:43,124.15,124.2,8000,124.35,12000,0,31856000
IOC-I.NFO,07/01/2020,09:26:54,124.2,124.2,8000,124.25,4000,8000,31856000
IOC-I.NFO,07/01/2020,09:27:00,124.25,124.2,8000,124.3,4000,4000,31856000
IOC-I.NFO,07/01/2020,09:27:06,124.3,124.25,4000,124.35,4000,4000,31856000
IOC-I.NFO,07/01/2020,09:27:11,124.25,124.25,4000,124.35,4000,8000,31856000
IOC-I.NFO,07/01/2020,09:27:16,124.35,124.25,12000,124.4,20000,4000,31856000
IOC-I.NFO,07/01/2020,09:27:22,124.4,124.3,12000,124.4,8000,4000,31856000
IOC-I.NFO,07/01/2020,09:27:28,124.4,124.3,12000,124.4,8000,0,31856000
IOC-I.NFO,07/01/2020,09:27:40,124.4,124.3,8000,124.4,8000,0,31856000
IOC-I.NFO,07/01/2020,09:27:46,124.35,124.3,8000,124.4,12000,12000,31856000
IOC-I.NFO,07/01/2020,09:27:52,124.4,124.3,12000,124.4,4000,4000,31856000
IOC-I.NFO,07/01/2020,09:28:06,124.45,124.35,8000,124.45,8000,16000,31856000
IOC-I.NFO,07/01/2020,09:28:13,124.4,124.35,4000,124.45,8000,8000,31856000
IOC-I.NFO,07/01/2020,09:28:18,124.35,124.25,8000,124.4,4000,12000,31856000
IOC-I.NFO,07/01/2020,09:28:24,124.35,124.25,8000,124.4,12000,0,31856000
IOC-I.NFO,07/01/2020,09:28:29,124.35,124.25,4000,124.35,8000,0,31856000
IOC-I.NFO,07/01/2020,09:28:35,124.25,124.2,24000,124.35,8000,4000,31856000
IOC-I.NFO,07/01/2020,09:28:40,124.25,124.2,24000,124.35,8000,0,31856000
IOC-I.NFO,07/01/2020,09:28:51,124.25,124.2,20000,124.35,16000,8000,31856000
IOC-I.NFO,07/01/2020,09:28:57,124.25,124.2,16000,124.3,8000,0,31856000
IOC-I.NFO,07/01/2020,09:29:02,124.3,124.2,16000,124.3,8000,4000,31856000
IOC-I.NFO,07/01/2020,09:29:07,124.25,124.2,4000,124.25,4000,8000,31856000
IOC-I.NFO,07/01/2020,09:29:13,124.25,124.2,4000,124.25,4000,0,31856000
IOC-I.NFO,07/01/2020,09:29:18,124.2,124.1,16000,124.25,4000,4000,31872000
IOC-I.NFO,07/01/2020,09:29:24,124.2,124.2,4000,124.25,4000,0,31872000
IOC-I.NFO,07/01/2020,09:29:30,124.2,124.15,8000,124.2,4000,4000,31872000
IOC-I.NFO,07/01/2020,09:29:36,124.2,124.15,8000,124.2,4000,0,31872000
IOC-I.NFO,07/01/2020,09:29:46,124.15,124.1,8000,124.15,4000,12000,31872000
IOC-I.NFO,07/01/2020,09:29:51,124.2,124.1,12000,124.2,4000,8000,31872000
IOC-I.NFO,07/01/2020,09:29:55,124.2,124.15,4000,124.2,4000,0,31872000
IOC-I.NFO,07/01/2020,09:29:59,124.15,124.1,12000,124.2,12000,4000,31872000
IOC-I.NFO,07/01/2020,09:30:03,124.15,124.1,12000,124.2,12000,0,31872000
IOC-I.NFO,07/01/2020,09:30:09,124.1,124.05,16000,124.2,24000,8000,31872000
IOC-I.NFO,07/01/2020,09:30:14,124.1,124.05,8000,124.15,4000,0,31872000
IOC-I.NFO,07/01/2020,09:30:19,124.1,124.05,4000,124.1,12000,0,31872000
IOC-I.NFO,07/01/2020,09:30:24,124.05,124,32000,124.1,12000,4000,31872000
IOC-I.NFO,07/01/2020,09:30:29,124.05,124,20000,124.05,4000,0,31872000
IOC-I.NFO,07/01/2020,09:30:34,123.95,123.95,4000,124.05,8000,28000,31872000
IOC-I.NFO,07/01/2020,09:30:39,123.95,123.95,4000,124.05,8000,0,31872000
IOC-I.NFO,07/01/2020,09:30:44,123.95,123.95,8000,124.1,24000,4000,31872000
IOC-I.NFO,07/01/2020,09:30:49,123.95,123.95,8000,124.1,24000,0,31872000
IOC-I.NFO,07/01/2020,09:30:54,124,124,8000,124.1,12000,12000,31872000
IOC-I.NFO,07/01/2020,09:30:58,124.1,124,8000,124.1,8000,4000,31872000
IOC-I.NFO,07/01/2020,09:31:04,124.1,124,8000,124.1,8000,0,31872000
IOC-I.NFO,07/01/2020,09:31:10,123.95,123.95,8000,124.1,20000,16000,31872000
IOC-I.NFO,07/01/2020,09:31:16,123.95,123.95,8000,124.1,16000,0,31872000
IOC-I.NFO,07/01/2020,09:31:22,123.95,123.95,8000,124.1,20000,0,31872000
IOC-I.NFO,07/01/2020,09:31:28,123.95,123.95,4000,124.1,12000,0,31872000
IOC-I.NFO,07/01/2020,09:31:33,123.95,123.95,4000,124.1,8000,0,31872000
IOC-I.NFO,07/01/2020,09:31:39,123.95,123.95,4000,124.1,16000,8000,31872000
IOC-I.NFO,07/01/2020,09:31:45,123.95,123.95,4000,124.1,20000,0,31872000
IOC-I.NFO,07/01/2020,09:31:55,124.1,123.95,4000,124.1,8000,8000,31872000
IOC-I.NFO,07/01/2020,09:32:01,124.1,123.95,4000,124.1,8000,0,31872000
IOC-I.NFO,07/01/2020,09:32:06,124.1,123.95,4000,124.05,4000,0,31872000
IOC-I.NFO,07/01/2020,09:32:12,124.1,123.95,4000,124.05,8000,0,31872000
IOC-I.NFO,07/01/2020,09:32:24,124.05,124,4000,124.1,12000,4000,31916000
IOC-I.NFO,07/01/2020,09:32:30,124.05,124,4000,124.1,12000,0,31916000
IOC-I.NFO,07/01/2020,09:32:47,124.05,124,4000,124.1,8000,0,31916000
IOC-I.NFO,07/01/2020,09:33:04,124.05,124,8000,124.05,4000,8000,31916000
IOC-I.NFO,07/01/2020,09:33:10,124,124,4000,124.05,4000,4000,31916000
IOC-I.NFO,07/01/2020,09:33:26,124,123.95,8000,124.1,12000,12000,31916000
IOC-I.NFO,07/01/2020,09:33:31,124,123.95,8000,124.1,16000,4000,31916000
IOC-I.NFO,07/01/2020,09:33:36,123.95,124,4000,124.1,8000,4000,31916000
IOC-I.NFO,07/01/2020,09:33:42,124,123.95,4000,124.1,16000,4000,31916000
IOC-I.NFO,07/01/2020,09:33:47,124,123.95,4000,124.1,16000,0,31916000
IOC-I.NFO,07/01/2020,09:33:56,124,123.95,4000,124.1,12000,0,31916000
IOC-I.NFO,07/01/2020,09:34:00,124,123.95,12000,124.1,12000,4000,31916000
IOC-I.NFO,07/01/2020,09:34:05,124,123.95,12000,124.1,12000,0,31916000
IOC-I.NFO,07/01/2020,09:34:11,124,123.95,16000,124.1,12000,0,31916000
IOC-I.NFO,07/01/2020,09:34:16,124,124,8000,124.1,4000,0,31916000
IOC-I.NFO,07/01/2020,09:34:26,124,124,8000,124.1,8000,0,31916000
IOC-I.NFO,07/01/2020,09:34:38,124,124,16000,124.1,4000,0,31916000
IOC-I.NFO,07/01/2020,09:34:44,124.05,124.05,4000,124.1,4000,4000,31916000
IOC-I.NFO,07/01/2020,09:34:49,124.1,124,8000,124.15,16000,8000,31916000
IOC-I.NFO,07/01/2020,09:34:55,124.1,124,8000,124.15,16000,0,31916000
IOC-I.NFO,07/01/2020,09:35:00,124.1,124,12000,124.15,8000,0,31916000
IOC-I.NFO,07/01/2020,09:35:06,124.1,124.05,4000,124.15,8000,0,31916000
IOC-I.NFO,07/01/2020,09:35:16,124.1,124,12000,124.15,8000,0,31916000
IOC-I.NFO,07/01/2020,09:35:20,124.05,124,12000,124.15,8000,4000,31920000
IOC-I.NFO,07/01/2020,09:35:25,124.05,124,12000,124.1,8000,0,31920000
IOC-I.NFO,07/01/2020,09:35:30,124.1,124,12000,124.1,4000,4000,31920000
IOC-I.NFO,07/01/2020,09:35:35,124.1,124,8000,124.1,8000,0,31920000
IOC-I.NFO,07/01/2020,09:35:40,124,123.95,4000,124.05,4000,8000,31920000
IOC-I.NFO,07/01/2020,09:35:47,124,123.95,8000,124.05,4000,0,31920000
IOC-I.NFO,07/01/2020,09:35:54,124,123.95,4000,124,4000,0,31920000
IOC-I.NFO,07/01/2020,09:36:22,123.95,123.9,24000,123.95,4000,4000,31920000
IOC-I.NFO,07/01/2020,09:36:28,123.95,123.9,24000,123.95,4000,0,31920000
IOC-I.NFO,07/01/2020,09:36:32,123.8,123.8,4000,123.9,4000,32000,31920000
IOC-I.NFO,07/01/2020,09:36:36,123.8,123.8,8000,123.9,4000,0,31920000
IOC-I.NFO,07/01/2020,09:36:55,123.8,123.8,4000,123.9,4000,0,31920000
IOC-I.NFO,07/01/2020,09:37:00,123.8,123.8,8000,123.9,4000,0,31920000
IOC-I.NFO,07/01/2020,09:37:09,123.8,123.8,8000,123.9,8000,4000,31920000
IOC-I.NFO,07/01/2020,09:37:14,123.8,123.8,4000,123.9,4000,0,31920000
IOC-I.NFO,07/01/2020,09:37:22,123.85,123.85,8000,123.95,12000,8000,31920000
IOC-I.NFO,07/01/2020,09:37:27,123.8,123.8,4000,123.95,20000,4000,31920000
IOC-I.NFO,07/01/2020,09:37:32,123.8,123.8,4000,123.95,16000,0,31920000
IOC-I.NFO,07/01/2020,09:37:37,123.9,123.8,16000,123.95,16000,4000,31920000
IOC-I.NFO,07/01/2020,09:37:40,123.9,123.8,16000,123.95,16000,0,31920000
IOC-I.NFO,07/01/2020,09:38:06,123.9,123.8,16000,123.9,4000,0,31920000
IOC-I.NFO,07/01/2020,09:38:10,123.9,123.8,16000,123.9,12000,0,31920000
IOC-I.NFO,07/01/2020,09:38:15,123.8,123.8,4000,123.9,16000,8000,31948000
IOC-I.NFO,07/01/2020,09:38:19,123.8,123.8,4000,123.9,16000,0,31948000
IOC-I.NFO,07/01/2020,09:38:23,123.8,123.8,8000,123.9,16000,0,31948000
IOC-I.NFO,07/01/2020,09:38:27,123.8,123.8,12000,123.9,20000,0,31948000
IOC-I.NFO,07/01/2020,09:38:31,123.85,123.8,20000,123.9,16000,4000,31948000
IOC-I.NFO,07/01/2020,09:38:36,123.85,123.8,20000,123.9,16000,0,31948000
IOC-I.NFO,07/01/2020,09:38:40,123.75,123.75,8000,123.9,28000,24000,31948000
IOC-I.NFO,07/01/2020,09:38:44,123.75,123.75,8000,123.9,28000,0,31948000
IOC-I.NFO,07/01/2020,09:38:49,123.8,123.8,36000,123.9,16000,4000,31948000
IOC-I.NFO,07/01/2020,09:38:53,123.8,123.8,36000,123.9,12000,0,31948000
IOC-I.NFO,07/01/2020,09:39:02,123.9,123.9,4000,123.95,8000,12000,31948000
IOC-I.NFO,07/01/2020,09:39:06,123.9,123.9,4000,123.95,8000,0,31948000
IOC-I.NFO,07/01/2020,09:39:15,123.95,123.9,4000,123.95,4000,4000,31948000
IOC-I.NFO,07/01/2020,09:39:20,123.9,123.85,12000,123.95,4000,4000,31948000
IOC-I.NFO,07/01/2020,09:39:25,123.95,123.85,8000,123.95,4000,4000,31948000
IOC-I.NFO,07/01/2020,09:39:29,123.95,123.85,8000,123.95,4000,0,31948000
IOC-I.NFO,07/01/2020,09:39:34,123.95,123.9,4000,124,24000,4000,31948000
IOC-I.NFO,07/01/2020,09:39:38,123.95,123.85,12000,124,32000,0,31948000
IOC-I.NFO,07/01/2020,09:39:50,123.95,123.85,16000,124,24000,0,31948000
IOC-I.NFO,07/01/2020,09:39:54,123.95,123.85,12000,124,24000,0,31948000
IOC-I.NFO,07/01/2020,09:40:07,123.95,123.9,4000,124,12000,0,31948000
IOC-I.NFO,07/01/2020,09:40:12,124,123.95,8000,124.05,8000,16000,31948000
IOC-I.NFO,07/01/2020,09:40:18,124.05,123.9,4000,123.95,4000,8000,31948000
IOC-I.NFO,07/01/2020,09:40:23,123.9,123.85,8000,123.95,8000,4000,31948000
IOC-I.NFO,07/01/2020,09:40:28,123.9,123.85,20000,123.9,4000,0,31948000
IOC-I.NFO,07/01/2020,09:40:32,123.85,123.85,16000,123.95,4000,4000,31948000
IOC-I.NFO,07/01/2020,09:40:38,123.85,123.9,8000,124,4000,0,31948000
IOC-I.NFO,07/01/2020,09:40:43,123.95,123.95,16000,124.05,8000,4000,31948000
IOC-I.NFO,07/01/2020,09:40:47,124.1,124,4000,124.1,4000,20000,31948000
IOC-I.NFO,07/01/2020,09:40:52,124.1,124,4000,124.1,8000,0,31948000
IOC-I.NFO,07/01/2020,09:40:56,124.1,124,8000,124.1,8000,0,31948000
IOC-I.NFO,07/01/2020,09:41:01,124.1,124,8000,124.1,4000,8000,31948000
IOC-I.NFO,07/01/2020,09:41:07,124.1,124.05,8000,124.15,8000,4000,31948000
IOC-I.NFO,07/01/2020,09:41:12,124.1,124.1,8000,124.15,4000,0,31948000
IOC-I.NFO,07/01/2020,09:41:17,124.15,124.15,8000,124.25,4000,4000,32012000
IOC-I.NFO,07/01/2020,09:41:26,124.15,124.15,8000,124.2,4000,0,32012000
IOC-I.NFO,07/01/2020,09:41:31,124.15,124.15,8000,124.25,4000,4000,32012000
IOC-I.NFO,07/01/2020,09:41:36,124.3,124.2,4000,124.3,4000,28000,32012000
IOC-I.NFO,07/01/2020,09:41:41,124.2,124.15,8000,124.25,8000,8000,32012000
IOC-I.NFO,07/01/2020,09:41:45,124.15,124.1,8000,124.2,4000,8000,32012000
IOC-I.NFO,07/01/2020,09:41:51,124.15,124.1,4000,124.2,4000,0,32012000
IOC-I.NFO,07/01/2020,09:41:57,124.2,124.1,16000,124.25,8000,8000,32012000
IOC-I.NFO,07/01/2020,09:42:03,124.1,124.05,12000,124.15,4000,4000,32012000
IOC-I.NFO,07/01/2020,09:42:10,124.1,124.05,8000,124.15,8000,0,32012000
IOC-I.NFO,07/01/2020,09:42:16,124,124,20000,124.1,4000,4000,32012000
IOC-I.NFO,07/01/2020,09:42:23,124,124,20000,124.1,4000,0,32012000
IOC-I.NFO,07/01/2020,09:42:30,124,124,20000,124.1,12000,0,32012000
IOC-I.NFO,07/01/2020,09:42:37,124.1,124.05,4000,124.15,4000,12000,32012000
IOC-I.NFO,07/01/2020,09:42:43,124.1,124.05,4000,124.15,4000,0,32012000
IOC-I.NFO,07/01/2020,09:42:56,124.1,124,20000,124.1,12000,0,32012000
IOC-I.NFO,07/01/2020,09:43:02,124.1,124,20000,124.1,8000,0,32012000
IOC-I.NFO,07/01/2020,09:43:08,124.1,124,20000,124.1,12000,0,32012000
IOC-I.NFO,07/01/2020,09:43:23,124.1,124.05,4000,124.1,4000,0,32012000
IOC-I.NFO,07/01/2020,09:44:01,124.05,124,16000,124.1,8000,4000,32012000
IOC-I.NFO,07/01/2020,09:44:12,124.05,124,16000,124.05,4000,0,32012000
IOC-I.NFO,07/01/2020,09:44:18,124.05,124,16000,124.05,8000,4000,32020000
IOC-I.NFO,07/01/2020,09:44:23,124.05,124,16000,124.05,4000,4000,32020000
IOC-I.NFO,07/01/2020,09:44:28,124.05,124,16000,124.1,12000,4000,32020000
IOC-I.NFO,07/01/2020,09:44:39,124.05,124,20000,124.1,16000,0,32020000
IOC-I.NFO,07/01/2020,09:44:53,124.05,124,20000,124.1,12000,0,32020000
IOC-I.NFO,07/01/2020,09:44:59,124.05,124,20000,124.1,16000,0,32020000
IOC-I.NFO,07/01/2020,09:45:04,124.1,124,20000,124.1,12000,4000,32020000
IOC-I.NFO,07/01/2020,09:45:11,124.1,124.05,4000,124.1,4000,0,32020000
IOC-I.NFO,07/01/2020,09:45:17,124.05,124,20000,124.1,16000,4000,32020000
IOC-I.NFO,07/01/2020,09:45:23,124.05,124.05,4000,124.1,8000,0,32020000
IOC-I.NFO,07/01/2020,09:45:36,124.05,124,16000,124.1,16000,4000,32020000
IOC-I.NFO,07/01/2020,09:45:42,124.05,124,16000,124.1,12000,0,32020000
IOC-I.NFO,07/01/2020,09:45:47,124.05,124,16000,124.1,16000,8000,32020000
IOC-I.NFO,07/01/2020,09:45:53,124.05,124,16000,124.1,20000,0,32020000
IOC-I.NFO,07/01/2020,09:45:59,124.05,124,16000,124.1,16000,0,32020000
IOC-I.NFO,07/01/2020,09:46:24,124.05,124,20000,124.1,16000,0,32020000
IOC-I.NFO,07/01/2020,09:46:29,124.05,124,16000,124.1,20000,4000,32020000
IOC-I.NFO,07/01/2020,09:46:34,124,123.9,16000,124.05,28000,16000,32020000
IOC-I.NFO,07/01/2020,09:46:40,124.05,123.9,16000,124.05,24000,8000,32020000
IOC-I.NFO,07/01/2020,09:46:44,124.05,123.9,20000,124.05,24000,4000,32020000
IOC-I.NFO,07/01/2020,09:46:48,124.05,123.95,4000,124.05,20000,0,32020000
IOC-I.NFO,07/01/2020,09:46:53,124.05,124,4000,124.1,20000,8000,32020000
IOC-I.NFO,07/01/2020,09:46:57,124.05,123.95,4000,124.05,8000,0,32020000
IOC-I.NFO,07/01/2020,09:47:02,124.05,123.95,4000,124.05,4000,4000,32020000
IOC-I.NFO,07/01/2020,09:47:11,124.05,123.9,20000,124.05,12000,0,32020000
IOC-I.NFO,07/01/2020,09:48:14,124.05,124,4000,124.1,12000,0,32020000
IOC-I.NFO,07/01/2020,09:48:18,124.05,124,4000,124.1,16000,0,32020000
IOC-I.NFO,07/01/2020,09:48:26,124,123.9,20000,124.05,16000,4000,32052000
IOC-I.NFO,07/01/2020,09:48:29,124.05,123.9,20000,124.05,12000,4000,32052000
IOC-I.NFO,07/01/2020,09:48:34,124.05,123.9,20000,124.05,12000,0,32052000
IOC-I.NFO,07/01/2020,09:49:23,124.05,123.9,20000,124.05,16000,0,32052000
IOC-I.NFO,07/01/2020,09:49:29,123.9,123.85,12000,124,8000,20000,32052000
IOC-I.NFO,07/01/2020,09:49:35,123.9,123.85,12000,123.95,4000,0,32052000
IOC-I.NFO,07/01/2020,09:49:40,123.95,123.85,16000,124,12000,4000,32052000
IOC-I.NFO,07/01/2020,09:49:45,123.95,123.85,12000,124,12000,0,32052000
IOC-I.NFO,07/01/2020,09:49:50,123.95,123.85,12000,123.95,4000,0,32052000
IOC-I.NFO,07/01/2020,09:49:59,123.85,123.8,40000,123.95,4000,12000,32052000
IOC-I.NFO,07/01/2020,09:50:04,123.85,123.85,12000,124,12000,0,32052000
IOC-I.NFO,07/01/2020,09:50:10,123.85,123.85,8000,124,12000,0,32052000
IOC-I.NFO,07/01/2020,09:50:20,123.85,123.85,4000,124,12000,4000,32060000
IOC-I.NFO,07/01/2020,09:50:25,123.85,123.85,4000,124,12000,0,32060000
IOC-I.NFO,07/01/2020,09:50:30,123.85,123.85,4000,124,12000,4000,32060000
IOC-I.NFO,07/01/2020,09:50:35,123.85,123.85,4000,124,12000,0,32060000
IOC-I.NFO,07/01/2020,09:50:46,123.85,123.85,4000,124,8000,0,32060000
IOC-I.NFO,07/01/2020,09:51:06,123.85,123.9,4000,124,8000,0,32060000
IOC-I.NFO,07/01/2020,09:51:32,123.85,123.9,4000,124,4000,0,32060000
IOC-I.NFO,07/01/2020,09:51:42,123.85,123.9,8000,124,4000,0,32060000
IOC-I.NFO,07/01/2020,09:51:55,123.9,123.85,12000,124,8000,4000,32060000
IOC-I.NFO,07/01/2020,09:51:58,123.9,123.85,12000,124,8000,0,32060000
IOC-I.NFO,07/01/2020,09:52:02,123.9,123.85,12000,124,4000,0,32060000
IOC-I.NFO,07/01/2020,09:52:14,123.9,123.85,16000,124,4000,0,32060000
IOC-I.NFO,07/01/2020,09:52:19,124,123.95,4000,124.05,24000,4000,32060000
IOC-I.NFO,07/01/2020,09:52:23,124,123.85,16000,124.05,28000,4000,32060000
IOC-I.NFO,07/01/2020,09:52:28,124,123.9,8000,124.05,24000,0,32060000
IOC-I.NFO,07/01/2020,09:52:33,124,123.9,8000,124,8000,0,32060000
IOC-I.NFO,07/01/2020,09:52:42,124,123.9,12000,124,8000,0,32060000
IOC-I.NFO,07/01/2020,09:52:54,124,123.9,8000,123.95,4000,0,32060000
IOC-I.NFO,07/01/2020,09:53:02,123.9,123.9,4000,123.95,4000,4000,32060000
IOC-I.NFO,07/01/2020,09:53:08,123.9,123.85,4000,123.9,8000,4000,32060000
IOC-I.NFO,07/01/2020,09:53:14,123.95,123.95,12000,124,12000,20000,32060000
IOC-I.NFO,07/01/2020,09:53:19,124,123.9,8000,124.05,24000,12000,32060000
IOC-I.NFO,07/01/2020,09:53:24,124,123.85,12000,124,8000,0,32060000
IOC-I.NFO,07/01/2020,09:53:44,124,123.85,12000,124,16000,0,32060000
IOC-I.NFO,07/01/2020,09:53:49,124,123.85,8000,124,16000,0,32060000
IOC-I.NFO,07/01/2020,09:53:54,124,123.85,12000,124,16000,0,32060000
IOC-I.NFO,07/01/2020,09:54:06,124,123.85,12000,124,12000,4000,32100000
IOC-I.NFO,07/01/2020,09:54:11,123.9,123.85,8000,123.95,4000,8000,32100000
IOC-I.NFO,07/01/2020,09:54:15,123.9,123.9,4000,124,8000,0,32100000
IOC-I.NFO,07/01/2020,09:54:20,123.9,123.9,8000,124,12000,0,32100000
IOC-I.NFO,07/01/2020,09:54:24,123.9,123.9,4000,124,12000,0,32100000
IOC-I.NFO,07/01/2020,09:54:29,123.9,123.9,8000,124,12000,0,32100000
IOC-I.NFO,07/01/2020,09:54:33,123.9,123.85,12000,123.95,4000,4000,32100000
IOC-I.NFO,07/01/2020,09:54:38,123.9,123.85,8000,124,12000,0,32100000
IOC-I.NFO,07/01/2020,09:54:47,123.9,123.85,12000,124,12000,0,32100000
IOC-I.NFO,07/01/2020,09:54:52,123.9,123.9,8000,124,12000,0,32100000
IOC-I.NFO,07/01/2020,09:55:01,123.9,123.9,4000,124,12000,0,32100000
IOC-I.NFO,07/01/2020,09:55:26,123.9,123.9,12000,124,12000,0,32100000
IOC-I.NFO,07/01/2020,09:55:31,123.9,123.9,8000,124,12000,0,32100000
IOC-I.NFO,07/01/2020,09:55:40,123.9,123.9,8000,124,12000,4000,32100000
IOC-I.NFO,07/01/2020,09:55:45,123.9,123.9,8000,124,12000,4000,32100000
IOC-I.NFO,07/01/2020,09:55:50,123.9,123.9,8000,124,12000,0,32100000
IOC-I.NFO,07/01/2020,09:55:59,123.9,123.9,12000,124,12000,0,32100000
IOC-I.NFO,07/01/2020,09:56:09,123.85,123.85,4000,124,16000,8000,32100000
IOC-I.NFO,07/01/2020,09:56:19,123.85,123.85,4000,124,16000,0,32100000
IOC-I.NFO,07/01/2020,09:56:36,123.85,123.85,4000,124,20000,0,32100000
IOC-I.NFO,07/01/2020,09:56:45,123.85,123.8,20000,124,36000,8000,32120000
IOC-I.NFO,07/01/2020,09:56:49,123.85,123.85,4000,123.95,4000,0,32120000
IOC-I.NFO,07/01/2020,09:57:07,123.95,123.9,8000,124,16000,4000,32120000
IOC-I.NFO,07/01/2020,09:57:12,123.95,123.9,8000,124,16000,0,32120000
IOC-I.NFO,07/01/2020,09:57:20,123.9,123.9,4000,124,16000,4000,32120000
IOC-I.NFO,07/01/2020,09:57:24,123.9,123.85,4000,123.95,4000,4000,32120000
IOC-I.NFO,07/01/2020,09:57:29,123.9,123.85,4000,123.95,4000,0,32120000
IOC-I.NFO,07/01/2020,09:57:33,123.9,123.9,4000,124,16000,4000,32120000
IOC-I.NFO,07/01/2020,09:57:36,123.9,123.9,4000,124,16000,0,32120000
IOC-I.NFO,07/01/2020,09:57:40,123.9,123.85,4000,124,24000,4000,32120000
IOC-I.NFO,07/01/2020,09:57:44,124,123.85,4000,124,20000,4000,32120000
IOC-I.NFO,07/01/2020,09:57:48,124,123.9,8000,124,16000,0,32120000
IOC-I.NFO,07/01/2020,09:57:58,124,123.9,12000,124,16000,0,32120000
IOC-I.NFO,07/01/2020,09:58:03,124,123.9,16000,124,16000,0,32120000
IOC-I.NFO,07/01/2020,09:58:07,124,123.9,20000,124,20000,0,32120000
IOC-I.NFO,07/01/2020,09:58:12,124,123.95,8000,124,16000,4000,32120000
IOC-I.NFO,07/01/2020,09:58:16,124,123.95,4000,124,12000,4000,32120000
IOC-I.NFO,07/01/2020,09:58:20,124,123.95,4000,124,8000,4000,32120000
IOC-I.NFO,07/01/2020,09:58:25,123.95,123.9,8000,124,8000,4000,32120000
IOC-I.NFO,07/01/2020,09:58:30,123.95,123.9,8000,124,8000,0,32120000
IOC-I.NFO,07/01/2020,09:58:34,123.95,123.9,8000,124,12000,0,32120000
IOC-I.NFO,07/01/2020,09:58:38,123.95,123.9,8000,124,16000,0,32120000
IOC-I.NFO,07/01/2020,09:58:48,123.95,123.9,8000,123.95,4000,0,32120000
IOC-I.NFO,07/01/2020,09:59:00,123.9,123.85,8000,123.95,4000,8000,32120000
IOC-I.NFO,07/01/2020,09:59:05,123.9,123.85,8000,123.95,8000,0,32120000
IOC-I.NFO,07/01/2020,09:59:11,123.9,123.85,8000,123.9,4000,0,32120000
IOC-I.NFO,07/01/2020,09:59:17,123.85,123.8,16000,123.9,8000,8000,32120000
IOC-I.NFO,07/01/2020,09:59:22,123.85,123.8,16000,123.9,8000,0,32120000
IOC-I.NFO,07/01/2020,09:59:27,123.85,123.8,8000,123.85,4000,0,32120000
IOC-I.NFO,07/01/2020,09:59:32,123.8,123.75,8000,123.8,8000,8000,32136000
IOC-I.NFO,07/01/2020,09:59:38,123.8,123.75,8000,123.8,8000,0,32136000
IOC-I.NFO,07/01/2020,10:00:00,123.75,123.7,20000,123.8,4000,12000,32136000
IOC-I.NFO,07/01/2020,10:00:06,123.75,123.7,20000,123.8,4000,0,32136000
IOC-I.NFO,07/01/2020,10:00:32,123.7,123.6,16000,123.75,8000,20000,32136000
IOC-I.NFO,07/01/2020,10:00:38,123.7,123.6,16000,123.75,8000,0,32136000
IOC-I.NFO,07/01/2020,10:00:44,123.35,123.3,4000,123.4,68000,164000,32136000
IOC-I.NFO,07/01/2020,10:00:44,123.3,123.3,4000,123.4,68000,0,32136000
IOC-I.NFO,07/01/2020,10:00:52,123.2,123.2,4000,123.35,8000,28000,32136000
IOC-I.NFO,07/01/2020,10:00:52,123.2,123.2,4000,123.35,8000,0,32136000
IOC-I.NFO,07/01/2020,10:00:58,123.2,123.25,4000,123.35,4000,20000,32136000
IOC-I.NFO,07/01/2020,10:01:04,123.3,123.2,4000,123.35,12000,20000,32136000
IOC-I.NFO,07/01/2020,10:01:10,123.3,123.25,8000,123.4,88000,4000,32136000
IOC-I.NFO,07/01/2020,10:01:16,123.3,123.25,12000,123.4,84000,8000,32136000
IOC-I.NFO,07/01/2020,10:01:23,123.25,123.2,20000,123.35,4000,12000,32136000
IOC-I.NFO,07/01/2020,10:01:29,123.25,123.25,24000,123.35,4000,0,32136000
IOC-I.NFO,07/01/2020,10:01:35,123.25,123.3,4000,123.4,84000,4000,32136000
IOC-I.NFO,07/01/2020,10:01:41,123.25,123.3,4000,123.4,84000,0,32136000
IOC-I.NFO,07/01/2020,10:01:52,123.25,123.3,12000,123.4,80000,0,32136000
IOC-I.NFO,07/01/2020,10:01:58,123.25,123.3,16000,123.4,80000,0,32136000
IOC-I.NFO,07/01/2020,10:02:03,123.35,123.3,8000,123.4,72000,8000,32136000
IOC-I.NFO,07/01/2020,10:02:08,123.4,123.4,4000,123.5,8000,64000,32136000
IOC-I.NFO,07/01/2020,10:02:14,123.4,123.4,4000,123.45,4000,0,32136000
IOC-I.NFO,07/01/2020,10:02:19,123.5,123.4,4000,123.5,4000,12000,32136000
IOC-I.NFO,07/01/2020,10:02:24,122.8,122.7,4000,122.85,12000,196000,32308000
IOC-I.NFO,07/01/2020,10:02:24,122.65,122.7,4000,122.85,12000,0,32308000
IOC-I.NFO,07/01/2020,10:02:30,123.1,123.05,8000,123.2,4000,76000,32308000
IOC-I.NFO,07/01/2020,10:02:30,122.6,123.05,8000,123.2,4000,0,32308000
IOC-I.NFO,07/01/2020,10:02:35,123.25,123.1,8000,123.3,12000,12000,32308000
IOC-I.NFO,07/01/2020,10:02:41,123.1,123.1,4000,123.2,4000,12000,32308000
IOC-I.NFO,07/01/2020,10:02:47,122.95,122.95,4000,123.1,4000,24000,32308000
IOC-I.NFO,07/01/2020,10:02:51,123.3,123.25,4000,123.4,16000,64000,32308000
IOC-I.NFO,07/01/2020,10:02:57,123.3,123.25,4000,123.4,12000,0,32308000
IOC-I.NFO,07/01/2020,10:03:02,123.25,123.25,8000,123.35,8000,4000,32308000
IOC-I.NFO,07/01/2020,10:03:07,123.25,123.25,16000,123.35,8000,0,32308000
IOC-I.NFO,07/01/2020,10:03:11,123.3,123.25,12000,123.3,4000,8000,32308000
IOC-I.NFO,07/01/2020,10:03:12,123.25,123.25,8000,123.35,8000,8000,32308000
IOC-I.NFO,07/01/2020,10:03:13,123.25,123.25,12000,123.35,8000,0,32308000
IOC-I.NFO,07/01/2020,10:03:15,123.3,123.25,12000,123.35,8000,4000,32308000
IOC-I.NFO,07/01/2020,10:03:16,123.25,123.25,8000,123.35,8000,4000,32308000
IOC-I.NFO,07/01/2020,10:03:17,123.25,123.25,8000,123.35,8000,0,32308000
IOC-I.NFO,07/01/2020,10:03:34,123.25,123.3,8000,123.35,8000,0,32308000
IOC-I.NFO,07/01/2020,10:03:40,123.25,123.15,16000,123.35,12000,16000,32308000
IOC-I.NFO,07/01/2020,10:03:41,123.25,123.15,16000,123.35,12000,0,32308000
IOC-I.NFO,07/01/2020,10:03:43,123.25,123.15,16000,123.35,16000,0,32308000
IOC-I.NFO,07/01/2020,10:03:44,123.15,123.15,12000,123.35,16000,4000,32308000
IOC-I.NFO,07/01/2020,10:03:45,123.15,123.15,8000,123.3,4000,0,32308000
IOC-I.NFO,07/01/2020,10:03:49,123.15,123.15,8000,123.3,8000,0,32308000
IOC-I.NFO,07/01/2020,10:03:50,123.15,123.15,8000,123.3,12000,0,32308000
IOC-I.NFO,07/01/2020,10:03:52,123.15,123.15,4000,123.3,12000,4000,32308000
IOC-I.NFO,07/01/2020,10:03:53,123.15,123.15,4000,123.3,12000,0,32308000
IOC-I.NFO,07/01/2020,10:03:54,123.15,123.2,4000,123.3,8000,0,32308000
IOC-I.NFO,07/01/2020,10:03:59,123.25,123.2,8000,123.3,4000,4000,32308000
IOC-I.NFO,07/01/2020,10:04:00,123.25,123.2,8000,123.3,4000,0,32308000
IOC-I.NFO,07/01/2020,10:04:01,123.3,123.25,4000,123.35,12000,4000,32308000
IOC-I.NFO,07/01/2020,10:04:02,123.25,123.2,4000,123.35,12000,4000,32308000
IOC-I.NFO,07/01/2020,10:04:03,123.25,123.2,4000,123.35,12000,0,32308000
IOC-I.NFO,07/01/2020,10:04:05,123.2,123.15,12000,123.3,4000,4000,32308000
IOC-I.NFO,07/01/2020,10:04:06,123.2,123.15,12000,123.3,4000,0,32308000
IOC-I.NFO,07/01/2020,10:04:08,123.2,123.15,8000,123.3,4000,0,32308000
IOC-I.NFO,07/01/2020,10:04:16,123.2,123.15,8000,123.3,8000,0,32308000
IOC-I.NFO,07/01/2020,10:04:20,123.2,123.15,8000,123.25,4000,0,32308000
IOC-I.NFO,07/01/2020,10:04:29,123.25,123.2,8000,123.3,4000,4000,32308000
IOC-I.NFO,07/01/2020,10:04:33,123.35,123.3,4000,123.4,8000,16000,32308000
IOC-I.NFO,07/01/2020,10:04:38,123.3,123.3,4000,123.4,8000,4000,32308000
IOC-I.NFO,07/01/2020,10:04:43,123.3,123.35,4000,123.4,8000,0,32308000
IOC-I.NFO,07/01/2020,10:04:48,123.3,123.3,4000,123.4,8000,0,32308000
IOC-I.NFO,07/01/2020,10:04:57,123.3,123.25,4000,123.3,8000,8000,32308000
IOC-I.NFO,07/01/2020,10:05:01,123.3,123.25,4000,123.3,8000,0,32308000
IOC-I.NFO,07/01/2020,10:05:06,123.3,123.2,4000,123.35,4000,4000,32308000
IOC-I.NFO,07/01/2020,10:05:10,123.3,123.3,8000,123.4,4000,8000,32308000
IOC-I.NFO,07/01/2020,10:05:14,123.3,123.3,8000,123.4,4000,0,32308000
IOC-I.NFO,07/01/2020,10:05:19,123.35,123.25,8000,123.4,8000,8000,32412000
IOC-I.NFO,07/01/2020,10:05:23,123.35,123.25,4000,123.4,8000,0,32412000
IOC-I.NFO,07/01/2020,10:05:27,123.35,123.2,12000,123.35,20000,0,32412000
IOC-I.NFO,07/01/2020,10:05:33,123.35,123.2,8000,123.35,4000,0,32412000
IOC-I.NFO,07/01/2020,10:05:39,123.2,123.2,8000,123.35,4000,4000,32412000
IOC-I.NFO,07/01/2020,10:05:45,123.2,123.2,8000,123.35,4000,0,32412000
IOC-I.NFO,07/01/2020,10:05:51,123.35,123.3,8000,123.4,4000,4000,32412000
IOC-I.NFO,07/01/2020,10:05:56,123.35,123.3,8000,123.4,4000,0,32412000
IOC-I.NFO,07/01/2020,10:06:07,123.3,123.2,12000,123.3,4000,8000,32412000
IOC-I.NFO,07/01/2020,10:06:13,123.3,123.2,8000,123.3,4000,0,32412000
IOC-I.NFO,07/01/2020,10:06:18,123.3,123.2,4000,123.3,4000,0,32412000
IOC-I.NFO,07/01/2020,10:06:29,123.3,123.2,4000,123.3,8000,0,32412000
IOC-I.NFO,07/01/2020,10:06:40,123.3,123.25,4000,123.3,8000,0,32412000
IOC-I.NFO,07/01/2020,10:06:46,123.25,123.2,4000,123.3,8000,4000,32412000
IOC-I.NFO,07/01/2020,10:06:52,123.25,123.2,4000,123.3,8000,0,32412000
IOC-I.NFO,07/01/2020,10:06:57,123.25,123.2,4000,123.3,12000,0,32412000
IOC-I.NFO,07/01/2020,10:07:02,123.25,123.15,12000,123.25,4000,0,32412000
IOC-I.NFO,07/01/2020,10:07:08,123.25,123.15,12000,123.3,12000,4000,32412000
IOC-I.NFO,07/01/2020,10:07:14,123.15,123.15,4000,123.25,4000,12000,32412000
IOC-I.NFO,07/01/2020,10:07:20,123.15,123.15,4000,123.25,4000,0,32412000
IOC-I.NFO,07/01/2020,10:07:25,123.25,123.15,8000,123.3,8000,4000,32412000
IOC-I.NFO,07/01/2020,10:07:31,123.2,123.15,4000,123.25,4000,8000,32412000
IOC-I.NFO,07/01/2020,10:07:36,123.2,123.15,4000,123.25,4000,0,32412000
IOC-I.NFO,07/01/2020,10:07:41,123.2,123.15,8000,123.25,4000,0,32412000
IOC-I.NFO,07/01/2020,10:07:46,123.2,123.15,12000,123.25,4000,0,32412000
IOC-I.NFO,07/01/2020,10:07:56,123.25,123.25,4000,123.35,20000,4000,32412000
IOC-I.NFO,07/01/2020,10:08:01,123.25,123.25,8000,123.35,20000,4000,32412000
IOC-I.NFO,07/01/2020,10:08:06,123.25,123.25,8000,123.35,20000,0,32412000
IOC-I.NFO,07/01/2020,10:08:10,123.25,123.25,8000,123.4,8000,0,32412000
IOC-I.NFO,07/01/2020,10:08:19,123.25,123.25,12000,123.4,8000,0,32412000
IOC-I.NFO,07/01/2020,10:08:23,123.25,123.3,4000,123.4,8000,0,32412000
IOC-I.NFO,07/01/2020,10:08:28,123.25,123.35,12000,123.45,8000,0,32412000
IOC-I.NFO,07/01/2020,10:08:39,123.25,123.35,8000,123.45,8000,0,32412000
IOC-I.NFO,07/01/2020,10:09:05,123.45,123.35,16000,123.5,16000,4000,32404000
IOC-I.NFO,07/01/2020,10:09:09,123.45,123.35,16000,123.5,16000,0,32404000
IOC-I.NFO,07/01/2020,10:09:18,123.45,123.35,20000,123.45,4000,0,32404000
IOC-I.NFO,07/01/2020,10:09:22,123.45,123.4,16000,123.45,4000,0,32404000
IOC-I.NFO,07/01/2020,10:09:26,123.4,123.35,8000,123.45,4000,20000,32404000
IOC-I.NFO,07/01/2020,10:09:31,123.4,123.35,12000,123.45,4000,0,32404000
IOC-I.NFO,07/01/2020,10:09:35,123.4,123.35,12000,123.45,8000,0,32404000
IOC-I.NFO,07/01/2020,10:09:43,123.4,123.35,12000,123.45,4000,0,32404000
IOC-I.NFO,07/01/2020,10:09:52,123.4,123.4,4000,123.45,4000,0,32404000
IOC-I.NFO,07/01/2020,10:09:57,123.45,123.4,4000,123.5,12000,4000,32404000
IOC-I.NFO,07/01/2020,10:10:02,123.5,123.4,4000,123.5,4000,8000,32404000
IOC-I.NFO,07/01/2020,10:10:07,123.5,123.4,8000,123.5,4000,0,32404000
IOC-I.NFO,07/01/2020,10:10:12,123.6,123.5,4000,123.6,8000,32000,32404000
IOC-I.NFO,07/01/2020,10:10:17,123.6,123.5,4000,123.6,8000,0,32404000
IOC-I.NFO,07/01/2020,10:10:21,123.5,123.4,12000,123.55,4000,4000,32404000
IOC-I.NFO,07/01/2020,10:10:25,123.5,123.4,8000,123.55,4000,0,32404000
IOC-I.NFO,07/01/2020,10:10:33,123.5,123.45,8000,123.6,12000,0,32404000
IOC-I.NFO,07/01/2020,10:10:38,123.5,123.45,12000,123.6,16000,0,32404000
IOC-I.NFO,07/01/2020,10:10:42,123.55,123.55,8000,123.7,4000,48000,32404000
IOC-I.NFO,07/01/2020,10:10:47,123.7,123.65,12000,123.8,4000,56000,32404000
IOC-I.NFO,07/01/2020,10:10:51,123.7,123.65,12000,123.8,4000,0,32404000
IOC-I.NFO,07/01/2020,10:10:55,123.7,123.65,8000,123.8,4000,0,32404000
IOC-I.NFO,07/01/2020,10:10:59,123.7,123.65,8000,123.8,8000,0,32404000
IOC-I.NFO,07/01/2020,10:11:04,123.7,123.65,12000,123.8,8000,0,32404000
IOC-I.NFO,07/01/2020,10:11:08,123.55,123.55,8000,123.7,4000,32000,32404000
IOC-I.NFO,07/01/2020,10:11:12,123.55,123.55,12000,123.7,4000,0,32404000
IOC-I.NFO,07/01/2020,10:11:18,123.6,123.55,8000,123.7,4000,12000,32404000
IOC-I.NFO,07/01/2020,10:11:23,123.7,123.55,8000,123.7,36000,108000,32404000
IOC-I.NFO,07/01/2020,10:11:29,123.7,123.55,4000,123.7,40000,0,32404000
IOC-I.NFO,07/01/2020,10:11:34,123.55,123.55,4000,123.6,4000,8000,32404000
IOC-I.NFO,07/01/2020,10:11:39,123.6,123.55,4000,123.65,4000,4000,32404000
IOC-I.NFO,07/01/2020,10:11:44,123.6,123.55,4000,123.65,4000,0,32404000
IOC-I.NFO,07/01/2020,10:11:54,123.6,123.6,4000,123.65,4000,0,32404000
IOC-I.NFO,07/01/2020,10:12:00,123.55,123.55,4000,123.7,36000,36000,32404000
IOC-I.NFO,07/01/2020,10:12:05,123.5,123.55,4000,123.7,24000,16000,32404000
IOC-I.NFO,07/01/2020,10:12:11,123.5,123.55,4000,123.7,24000,0,32404000
IOC-I.NFO,07/01/2020,10:12:22,123.85,123.75,4000,123.85,4000,104000,32404000
IOC-I.NFO,07/01/2020,10:12:26,124.3,124.15,12000,124.3,8000,180000,32404000
IOC-I.NFO,07/01/2020,10:12:31,124.35,124.25,8000,124.4,8000,20000,32404000
IOC-I.NFO,07/01/2020,10:12:36,124.25,124.2,8000,124.35,4000,28000,32404000
IOC-I.NFO,07/01/2020,10:12:40,124.2,124.15,16000,124.35,16000,8000,32404000
IOC-I.NFO,07/01/2020,10:12:45,124.3,124.15,8000,124.3,4000,56000,32404000
IOC-I.NFO,07/01/2020,10:12:50,124.3,124.25,4000,124.35,8000,8000,32404000
IOC-I.NFO,07/01/2020,10:12:55,124.2,124.2,8000,124.4,44000,36000,32404000
IOC-I.NFO,07/01/2020,10:13:01,124.4,124.35,4000,124.5,20000,160000,32404000
IOC-I.NFO,07/01/2020,10:13:01,124.55,124.35,4000,124.5,20000,0,32404000
IOC-I.NFO,07/01/2020,10:13:06,124.4,124.25,16000,124.45,12000,0,32404000
IOC-I.NFO,07/01/2020,10:13:11,124.45,124.3,4000,124.45,8000,12000,32404000
IOC-I.NFO,07/01/2020,10:13:12,124.45,124.3,4000,124.4,4000,0,32404000
IOC-I.NFO,07/01/2020,10:13:15,124.3,124.2,8000,124.4,8000,8000,32404000
IOC-I.NFO,07/01/2020,10:13:16,124.4,124.3,4000,124.45,12000,16000,32404000
IOC-I.NFO,07/01/2020,10:13:17,124.4,124.3,4000,124.45,12000,0,32404000
IOC-I.NFO,07/01/2020,10:13:18,124.3,124.25,8000,124.4,4000,16000,32404000
IOC-I.NFO,07/01/2020,10:13:19,124.3,124.25,4000,124.4,4000,0,32404000
IOC-I.NFO,07/01/2020,10:13:21,124.2,124.2,8000,124.4,4000,8000,32404000
IOC-I.NFO,07/01/2020,10:13:22,124.2,124.2,8000,124.4,8000,0,32404000
IOC-I.NFO,07/01/2020,10:13:23,124.2,124.25,8000,124.4,8000,0,32404000
IOC-I.NFO,07/01/2020,10:13:25,124.2,124.25,12000,124.4,12000,0,32404000
IOC-I.NFO,07/01/2020,10:13:26,124.3,124.25,8000,124.3,4000,4000,32404000
IOC-I.NFO,07/01/2020,10:13:27,124.3,124.25,4000,124.3,4000,0,32404000
IOC-I.NFO,07/01/2020,10:13:28,124.2,124.15,8000,124.3,4000,12000,32404000
IOC-I.NFO,07/01/2020,10:13:29,124.2,124.15,8000,124.3,4000,0,32404000
IOC-I.NFO,07/01/2020,10:13:30,124.2,124.2,4000,124.3,4000,8000,32404000
IOC-I.NFO,07/01/2020,10:13:31,124.2,124,4000,124.2,4000,44000,32404000
IOC-I.NFO,07/01/2020,10:13:32,124.2,124,4000,124.2,4000,0,32404000
IOC-I.NFO,07/01/2020,10:13:34,124.25,124.1,4000,124.25,8000,16000,32404000
IOC-I.NFO,07/01/2020,10:13:36,124.25,124.1,4000,124.25,4000,4000,32404000
IOC-I.NFO,07/01/2020,10:13:36,124.25,124.1,4000,124.25,4000,0,32404000
IOC-I.NFO,07/01/2020,10:13:37,124.25,124.1,8000,124.25,4000,0,32404000
IOC-I.NFO,07/01/2020,10:13:41,124.3,124.2,16000,124.35,8000,12000,32404000
IOC-I.NFO,07/01/2020,10:13:42,124.3,124.2,8000,124.3,16000,0,32404000
IOC-I.NFO,07/01/2020,10:13:43,124.25,124.25,4000,124.3,16000,4000,32404000
IOC-I.NFO,07/01/2020,10:13:44,124.25,124.25,4000,124.3,16000,0,32404000
IOC-I.NFO,07/01/2020,10:13:47,124.25,124.15,16000,124.3,20000,4000,32404000
IOC-I.NFO,07/01/2020,10:13:48,124.25,124.15,16000,124.3,36000,0,32404000
IOC-I.NFO,07/01/2020,10:13:52,124.25,124.2,4000,124.3,32000,0,32404000
IOC-I.NFO,07/01/2020,10:13:54,124.3,124.25,4000,124.3,8000,24000,32404000
IOC-I.NFO,07/01/2020,10:13:55,124.3,124.2,16000,124.3,8000,0,32404000
IOC-I.NFO,07/01/2020,10:13:56,124.3,124.2,12000,124.3,8000,0,32404000
IOC-I.NFO,07/01/2020,10:13:58,124.3,124.2,4000,124.3,8000,0,32404000
IOC-I.NFO,07/01/2020,10:14:02,124.3,124.2,20000,124.35,8000,8000,32404000
IOC-I.NFO,07/01/2020,10:14:03,124.3,124.25,4000,124.35,4000,0,32404000
IOC-I.NFO,07/01/2020,10:14:05,124.35,124.25,16000,124.4,8000,4000,32404000
IOC-I.NFO,07/01/2020,10:14:06,124.35,124.25,16000,124.4,8000,0,32404000
IOC-I.NFO,07/01/2020,10:14:07,124.35,124.25,16000,124.4,12000,0,32404000
IOC-I.NFO,07/01/2020,10:14:08,124.4,124.25,16000,124.4,8000,4000,32404000
IOC-I.NFO,07/01/2020,10:14:09,124.4,124.25,16000,124.4,8000,0,32404000
IOC-I.NFO,07/01/2020,10:14:10,124.45,124.3,12000,124.5,40000,28000,32404000
IOC-I.NFO,07/01/2020,10:14:11,124.5,124.4,8000,124.5,32000,8000,32404000
IOC-I.NFO,07/01/2020,10:14:12,124.5,124.5,4000,124.55,4000,32000,32404000
IOC-I.NFO,07/01/2020,10:14:13,124.7,124.6,12000,124.7,4000,32000,32404000
IOC-I.NFO,07/01/2020,10:14:13,124.7,124.6,12000,124.7,4000,0,32404000
IOC-I.NFO,07/01/2020,10:14:14,125.05,124.95,12000,125.1,4000,84000,32404000
IOC-I.NFO,07/01/2020,10:14:14,125.05,124.95,12000,125.1,4000,0,32404000
IOC-I.NFO,07/01/2020,10:14:15,125.25,125.2,16000,125.35,4000,68000,32404000
IOC-I.NFO,07/01/2020,10:14:15,125.4,125.2,16000,125.35,4000,0,32404000
IOC-I.NFO,07/01/2020,10:14:16,125.2,125.2,16000,125.35,4000,4000,32404000
IOC-I.NFO,07/01/2020,10:14:17,125.2,125.2,12000,125.35,4000,0,32404000
IOC-I.NFO,07/01/2020,10:14:20,125.25,125.15,4000,125.35,12000,28000,32404000
IOC-I.NFO,07/01/2020,10:14:21,125.05,125,32000,125.2,12000,16000,32248000
IOC-I.NFO,07/01/2020,10:14:22,125.05,125,32000,125.2,12000,0,32248000
IOC-I.NFO,07/01/2020,10:14:24,125.2,125.05,4000,125.25,8000,8000,32248000
IOC-I.NFO,07/01/2020,10:14:25,125.25,125.1,8000,125.25,4000,8000,32248000
IOC-I.NFO,07/01/2020,10:14:26,125.25,125.1,8000,125.25,4000,0,32248000
IOC-I.NFO,07/01/2020,10:14:27,125.3,125.25,12000,125.4,4000,16000,32248000
IOC-I.NFO,07/01/2020,10:14:28,125.4,125.3,4000,125.45,4000,28000,32248000
IOC-I.NFO,07/01/2020,10:14:28,125.45,125.3,4000,125.45,4000,0,32248000
IOC-I.NFO,07/01/2020,10:14:29,125.25,125.25,4000,125.4,4000,4000,32248000
IOC-I.NFO,07/01/2020,10:14:30,125.25,125.15,4000,125.3,4000,4000,32248000
IOC-I.NFO,07/01/2020,10:14:31,125.25,125.15,4000,125.3,4000,0,32248000
IOC-I.NFO,07/01/2020,10:14:32,125.3,125.2,4000,125.4,8000,232000,32248000
IOC-I.NFO,07/01/2020,10:14:32,125.5,125.2,4000,125.4,8000,0,32248000
IOC-I.NFO,07/01/2020,10:14:33,125.3,125.2,4000,125.35,4000,0,32248000
IOC-I.NFO,07/01/2020,10:14:34,125.55,125.5,176000,125.6,8000,44000,32248000
IOC-I.NFO,07/01/2020,10:14:34,125.6,125.5,176000,125.6,8000,0,32248000
IOC-I.NFO,07/01/2020,10:14:35,125.55,125.5,176000,125.6,8000,0,32248000
IOC-I.NFO,07/01/2020,10:14:36,125.55,125.55,4000,125.7,24000,28000,32248000
IOC-I.NFO,07/01/2020,10:14:36,125.65,125.55,4000,125.7,24000,0,32248000
IOC-I.NFO,07/01/2020,10:14:37,125.7,125.55,4000,125.7,12000,12000,32248000
IOC-I.NFO,07/01/2020,10:14:37,125.7,125.55,4000,125.7,12000,0,32248000
IOC-I.NFO,07/01/2020,10:14:38,125.55,125.55,4000,125.7,12000,4000,32248000
IOC-I.NFO,07/01/2020,10:14:39,125.6,125.5,176000,125.7,12000,8000,32248000
IOC-I.NFO,07/01/2020,10:14:40,125.6,125.6,8000,125.7,12000,0,32248000
IOC-I.NFO,07/01/2020,10:14:41,125.95,125.8,8000,125.95,12000,124000,32248000
IOC-I.NFO,07/01/2020,10:14:41,125.95,125.8,8000,125.95,12000,0,32248000
IOC-I.NFO,07/01/2020,10:14:42,125.95,125.8,8000,125.95,12000,0,32248000
IOC-I.NFO,07/01/2020,10:14:43,125.95,125.8,24000,125.95,12000,0,32248000
IOC-I.NFO,07/01/2020,10:14:44,125.95,125.8,28000,125.95,8000,8000,32248000
IOC-I.NFO,07/01/2020,10:14:45,125.95,125.85,4000,125.95,4000,4000,32248000
IOC-I.NFO,07/01/2020,10:14:46,126,125.85,4000,126,20000,20000,32248000
IOC-I.NFO,07/01/2020,10:14:46,126,125.85,4000,126,20000,0,32248000
IOC-I.NFO,07/01/2020,10:14:47,125.95,125.8,8000,126,24000,32000,32248000
IOC-I.NFO,07/01/2020,10:14:48,126,125.9,8000,126.05,4000,64000,32248000
IOC-I.NFO,07/01/2020,10:14:49,126,125.9,8000,126.05,4000,0,32248000
IOC-I.NFO,07/01/2020,10:14:50,125.9,125.9,4000,126.05,4000,4000,32248000
IOC-I.NFO,07/01/2020,10:14:51,125.9,125.75,8000,125.9,4000,44000,32248000
IOC-I.NFO,07/01/2020,10:14:52,125.9,125.75,8000,125.9,24000,0,32248000
IOC-I.NFO,07/01/2020,10:14:53,125.9,125.65,8000,125.8,4000,0,32248000
IOC-I.NFO,07/01/2020,10:14:54,125.7,125.55,4000,125.7,8000,12000,32248000
IOC-I.NFO,07/01/2020,10:14:55,125.7,125.55,4000,125.7,8000,0,32248000
IOC-I.NFO,07/01/2020,10:14:56,125.8,125.7,8000,125.85,28000,36000,32248000
IOC-I.NFO,07/01/2020,10:14:57,125.55,125.5,12000,125.7,4000,28000,32248000
IOC-I.NFO,07/01/2020,10:14:58,125.5,125.45,4000,125.65,12000,20000,32248000
IOC-I.NFO,07/01/2020,10:14:59,125.5,125.3,4000,125.45,4000,0,32248000
IOC-I.NFO,07/01/2020,10:15:01,125.15,125.15,8000,125.35,8000,16000,32248000
IOC-I.NFO,07/01/2020,10:15:02,125.15,125.2,4000,125.35,4000,0,32248000
IOC-I.NFO,07/01/2020,10:15:03,125.25,125.25,12000,125.4,16000,4000,32248000
IOC-I.NFO,07/01/2020,10:15:04,125.3,125.25,12000,125.4,16000,4000,32248000
IOC-I.NFO,07/01/2020,10:15:05,125.3,125.25,12000,125.4,16000,0,32248000
IOC-I.NFO,07/01/2020,10:15:06,125.4,125.3,8000,125.4,12000,4000,32248000
IOC-I.NFO,07/01/2020,10:15:07,125.3,125.35,8000,125.4,4000,20000,32248000
IOC-I.NFO,07/01/2020,10:15:08,125.3,125.35,8000,125.4,4000,0,32248000
IOC-I.NFO,07/01/2020,10:15:09,125.45,125.4,20000,125.6,16000,8000,32248000
IOC-I.NFO,07/01/2020,10:15:10,125.5,125.45,8000,125.5,16000,8000,32248000
IOC-I.NFO,07/01/2020,10:15:11,125.5,125.45,8000,125.5,16000,4000,32248000
IOC-I.NFO,07/01/2020,10:15:12,125.45,125.4,16000,125.45,8000,12000,32248000
IOC-I.NFO,07/01/2020,10:15:14,125.4,125.35,4000,125.45,12000,20000,32248000
IOC-I.NFO,07/01/2020,10:15:15,125.35,125.25,4000,125.4,8000,4000,32248000
IOC-I.NFO,07/01/2020,10:15:16,125.35,125.25,4000,125.4,8000,0,32248000
IOC-I.NFO,07/01/2020,10:15:17,125.25,125.15,4000,125.3,4000,8000,32248000
IOC-I.NFO,07/01/2020,10:15:18,125.25,125.1,4000,125.25,8000,0,32248000
IOC-I.NFO,07/01/2020,10:15:19,125.25,125.05,8000,125.2,8000,0,32248000
IOC-I.NFO,07/01/2020,10:15:20,125.25,125.05,8000,125.2,12000,0,32248000
IOC-I.NFO,07/01/2020,10:15:25,125.25,125.1,4000,125.2,8000,0,32248000
IOC-I.NFO,07/01/2020,10:15:27,125.25,125.05,12000,125.2,8000,0,32248000
IOC-I.NFO,07/01/2020,10:15:29,125.25,125.05,12000,125.2,12000,0,32248000
IOC-I.NFO,07/01/2020,10:15:30,125.2,125.1,4000,125.25,12000,8000,32248000
IOC-I.NFO,07/01/2020,10:15:31,125.1,125.05,8000,125.2,4000,16000,32248000
IOC-I.NFO,07/01/2020,10:15:32,125.1,125.05,16000,125.25,8000,0,32248000
IOC-I.NFO,07/01/2020,10:15:33,125.1,125.05,12000,125.2,4000,0,32248000
IOC-I.NFO,07/01/2020,10:15:34,125.1,125.05,16000,125.25,8000,0,32248000
IOC-I.NFO,07/01/2020,10:15:35,125,124.9,4000,125,24000,40000,32248000
IOC-I.NFO,07/01/2020,10:15:36,125,124.9,4000,125,20000,4000,32248000
IOC-I.NFO,07/01/2020,10:15:37,124.95,124.95,4000,125.1,4000,24000,32248000
IOC-I.NFO,07/01/2020,10:15:38,124.95,124.9,4000,125,4000,0,32248000
IOC-I.NFO,07/01/2020,10:15:39,124.9,124.85,8000,125,4000,44000,32248000
IOC-I.NFO,07/01/2020,10:15:40,124.9,124.85,8000,125,4000,0,32248000
IOC-I.NFO,07/01/2020,10:15:41,124.9,124.85,12000,125,4000,4000,32248000
IOC-I.NFO,07/01/2020,10:15:42,125.05,124.9,8000,125.05,4000,20000,32248000
IOC-I.NFO,07/01/2020,10:15:43,125.05,125,4000,125.1,4000,4000,32248000
IOC-I.NFO,07/01/2020,10:15:44,125.05,125,4000,125.1,4000,0,32248000
IOC-I.NFO,07/01/2020,10:15:45,125.05,125.05,4000,125.15,4000,0,32248000
IOC-I.NFO,07/01/2020,10:15:46,125,125,4000,125.15,12000,8000,32248000
IOC-I.NFO,07/01/2020,10:15:47,125,125,4000,125.15,12000,0,32248000
IOC-I.NFO,07/01/2020,10:15:49,125,124.95,4000,125.05,4000,4000,32248000
IOC-I.NFO,07/01/2020,10:15:49,125,124.95,4000,125.05,4000,0,32248000
IOC-I.NFO,07/01/2020,10:15:50,125.05,124.95,4000,125.1,8000,4000,32248000
IOC-I.NFO,07/01/2020,10:15:51,125.05,124.95,4000,125.1,8000,0,32248000
IOC-I.NFO,07/01/2020,10:15:54,125.05,125,12000,125.1,4000,0,32248000
IOC-I.NFO,07/01/2020,10:15:56,125.05,125,12000,125.1,4000,4000,32248000
IOC-I.NFO,07/01/2020,10:15:57,125.05,125,12000,125.1,4000,0,32248000
IOC-I.NFO,07/01/2020,10:15:58,125.05,125.05,4000,125.1,8000,0,32248000
IOC-I.NFO,07/01/2020,10:15:59,125,124.95,4000,125.1,12000,12000,32248000
IOC-I.NFO,07/01/2020,10:16:00,124.9,124.9,4000,125.05,12000,8000,32248000
IOC-I.NFO,07/01/2020,10:16:01,124.9,124.9,4000,125.05,12000,0,32248000
IOC-I.NFO,07/01/2020,10:16:02,124.85,124.75,4000,124.95,4000,8000,32248000
IOC-I.NFO,07/01/2020,10:16:06,124.85,124.75,8000,124.95,12000,0,32248000
IOC-I.NFO,07/01/2020,10:16:10,124.9,124.8,4000,125,4000,8000,32248000
IOC-I.NFO,07/01/2020,10:16:12,124.9,124.8,4000,125,8000,0,32248000
IOC-I.NFO,07/01/2020,10:16:12,124.9,124.8,8000,125,8000,0,32248000
IOC-I.NFO,07/01/2020,10:16:13,124.95,124.85,4000,124.95,4000,4000,32248000
IOC-I.NFO,07/01/2020,10:16:14,124.95,124.85,4000,124.95,4000,0,32248000
IOC-I.NFO,07/01/2020,10:16:15,124.95,124.8,8000,124.9,8000,0,32248000
IOC-I.NFO,07/01/2020,10:16:16,124.9,124.8,8000,124.9,4000,4000,32248000
IOC-I.NFO,07/01/2020,10:16:17,124.9,124.8,4000,124.9,4000,0,32248000
IOC-I.NFO,07/01/2020,10:16:21,124.9,124.8,12000,124.9,4000,0,32248000
IOC-I.NFO,07/01/2020,10:16:22,124.9,124.85,8000,125,12000,4000,32248000
IOC-I.NFO,07/01/2020,10:16:24,124.9,124.9,4000,125,8000,0,32248000
IOC-I.NFO,07/01/2020,10:16:27,124.95,124.9,8000,125,8000,4000,32248000
IOC-I.NFO,07/01/2020,10:16:27,124.95,124.9,8000,125,8000,0,32248000
IOC-I.NFO,07/01/2020,10:16:28,124.95,124.9,4000,125,8000,0,32248000
IOC-I.NFO,07/01/2020,10:16:30,125,124.9,4000,125,4000,4000,32248000
IOC-I.NFO,07/01/2020,10:16:31,124.95,124.85,8000,125,8000,4000,32248000
IOC-I.NFO,07/01/2020,10:16:32,125,124.85,8000,125,4000,4000,32248000
IOC-I.NFO,07/01/2020,10:16:33,125,124.85,8000,125,4000,0,32248000
IOC-I.NFO,07/01/2020,10:16:35,124.95,124.85,8000,125,4000,4000,32248000
IOC-I.NFO,07/01/2020,10:16:35,124.95,124.85,8000,125,4000,0,32248000
IOC-I.NFO,07/01/2020,10:16:37,125,124.85,8000,125.05,8000,4000,32248000
IOC-I.NFO,07/01/2020,10:16:37,125,124.85,8000,125.05,8000,0,32248000
IOC-I.NFO,07/01/2020,10:16:43,125,124.85,8000,125.05,12000,0,32248000
IOC-I.NFO,07/01/2020,10:16:44,125,124.9,4000,125,4000,0,32248000
IOC-I.NFO,07/01/2020,10:16:45,124.9,124.85,4000,125,8000,4000,32248000
IOC-I.NFO,07/01/2020,10:16:47,124.9,124.95,4000,125,4000,0,32248000
IOC-I.NFO,07/01/2020,10:16:48,124.9,124.95,4000,125,8000,0,32248000
IOC-I.NFO,07/01/2020,10:16:49,125,125,32000,125.1,16000,8000,32248000
IOC-I.NFO,07/01/2020,10:16:50,125,125,24000,125.1,16000,8000,32248000
IOC-I.NFO,07/01/2020,10:16:51,125,125,24000,125.1,16000,0,32248000
IOC-I.NFO,07/01/2020,10:16:54,125,125,24000,125.05,4000,0,32248000
IOC-I.NFO,07/01/2020,10:17:01,125,124.95,4000,125.05,4000,24000,32248000
IOC-I.NFO,07/01/2020,10:17:02,125.05,124.95,8000,125.1,20000,4000,32248000
IOC-I.NFO,07/01/2020,10:17:03,125.05,124.95,8000,125.1,20000,0,32248000
IOC-I.NFO,07/01/2020,10:17:05,125.05,124.95,4000,125,8000,0,32248000
IOC-I.NFO,07/01/2020,10:17:08,125.05,124.85,8000,125,8000,0,32248000
IOC-I.NFO,07/01/2020,10:17:09,125.05,124.85,12000,125,8000,0,32248000
IOC-I.NFO,07/01/2020,10:17:11,125.05,124.95,8000,125.1,20000,0,32248000
IOC-I.NFO,07/01/2020,10:17:16,125.05,124.95,4000,125,4000,0,32248000
IOC-I.NFO,07/01/2020,10:17:19,124.95,124.85,8000,124.95,4000,8000,32248000
IOC-I.NFO,07/01/2020,10:17:23,124.9,124.85,4000,124.9,4000,4000,32412000
IOC-I.NFO,07/01/2020,10:17:27,124.9,124.85,4000,124.9,4000,4000,32412000
IOC-I.NFO,07/01/2020,10:17:32,124.75,124.65,8000,124.8,12000,24000,32412000
IOC-I.NFO,07/01/2020,10:17:37,124.75,124.55,4000,124.65,8000,0,32412000
IOC-I.NFO,07/01/2020,10:17:47,124.6,124.65,32000,124.75,8000,56000,32412000
IOC-I.NFO,07/01/2020,10:17:52,124.9,124.65,12000,124.85,8000,32000,32412000
IOC-I.NFO,07/01/2020,10:17:57,124.9,124.65,8000,124.75,4000,0,32412000
IOC-I.NFO,07/01/2020,10:18:01,124.6,124.6,4000,124.7,4000,4000,32412000
IOC-I.NFO,07/01/2020,10:18:06,124.6,124.6,4000,124.7,4000,12000,32412000
IOC-I.NFO,07/01/2020,10:18:10,124.6,124.6,4000,124.7,4000,0,32412000
IOC-I.NFO,07/01/2020,10:18:14,124.7,124.65,8000,124.8,4000,12000,32412000
IOC-I.NFO,07/01/2020,10:18:15,124.7,124.65,8000,124.8,4000,0,32412000
IOC-I.NFO,07/01/2020,10:18:19,124.7,124.7,4000,124.8,4000,0,32412000
IOC-I.NFO,07/01/2020,10:18:20,124.7,124.7,8000,124.8,8000,0,32412000
IOC-I.NFO,07/01/2020,10:18:21,124.8,124.7,8000,124.85,8000,8000,32412000
IOC-I.NFO,07/01/2020,10:18:22,124.8,124.7,8000,124.85,8000,0,32412000
IOC-I.NFO,07/01/2020,10:18:23,124.8,124.7,12000,124.85,8000,0,32412000
IOC-I.NFO,07/01/2020,10:18:25,124.8,124.75,4000,124.85,8000,4000,32412000
IOC-I.NFO,07/01/2020,10:18:26,124.8,124.75,4000,124.85,8000,0,32412000
IOC-I.NFO,07/01/2020,10:18:29,124.7,124.7,8000,124.85,8000,8000,32412000
IOC-I.NFO,07/01/2020,10:18:30,124.7,124.7,4000,124.85,8000,4000,32412000
IOC-I.NFO,07/01/2020,10:18:31,124.7,124.7,4000,124.85,8000,0,32412000
IOC-I.NFO,07/01/2020,10:18:36,124.7,124.65,8000,124.8,4000,0,32412000
IOC-I.NFO,07/01/2020,10:18:37,124.8,124.65,8000,124.85,12000,4000,32412000
IOC-I.NFO,07/01/2020,10:18:38,124.8,124.65,8000,124.8,4000,0,32412000
IOC-I.NFO,07/01/2020,10:18:43,124.8,124.7,24000,124.8,4000,0,32412000
IOC-I.NFO,07/01/2020,10:18:44,124.8,124.7,28000,124.8,4000,0,32412000
IOC-I.NFO,07/01/2020,10:18:45,124.8,124.7,28000,124.85,8000,0,32412000
IOC-I.NFO,07/01/2020,10:18:46,124.8,124.7,24000,124.85,8000,4000,32412000
IOC-I.NFO,07/01/2020,10:18:47,124.8,124.7,24000,124.85,8000,0,32412000
IOC-I.NFO,07/01/2020,10:18:53,124.8,124.7,20000,124.8,4000,0,32412000
IOC-I.NFO,07/01/2020,10:18:54,124.75,124.7,20000,124.8,4000,4000,32412000
IOC-I.NFO,07/01/2020,10:18:56,124.75,124.7,20000,124.8,4000,0,32412000
IOC-I.NFO,07/01/2020,10:18:57,124.75,124.7,24000,124.8,4000,0,32412000
IOC-I.NFO,07/01/2020,10:18:58,124.75,124.7,24000,124.85,8000,0,32412000
IOC-I.NFO,07/01/2020,10:19:01,124.75,124.7,24000,124.85,8000,4000,32412000
IOC-I.NFO,07/01/2020,10:19:02,124.75,124.75,4000,124.85,8000,0,32412000
IOC-I.NFO,07/01/2020,10:19:06,124.75,124.8,4000,124.9,8000,0,32412000
IOC-I.NFO,07/01/2020,10:19:09,124.75,124.85,4000,124.9,4000,0,32412000
IOC-I.NFO,07/01/2020,10:19:19,124.85,124.8,8000,124.9,4000,4000,32412000
IOC-I.NFO,07/01/2020,10:19:28,124.85,124.8,8000,124.85,8000,0,32412000
IOC-I.NFO,07/01/2020,10:19:35,124.85,124.8,4000,124.85,8000,0,32412000
IOC-I.NFO,07/01/2020,10:19:42,124.75,124.7,20000,124.8,4000,8000,32412000
IOC-I.NFO,07/01/2020,10:19:49,124.7,124.7,20000,124.8,4000,8000,32412000
IOC-I.NFO,07/01/2020,10:19:54,124.7,124.7,20000,124.8,4000,0,32412000
IOC-I.NFO,07/01/2020,10:20:06,124.7,124.7,16000,124.8,4000,0,32412000
IOC-I.NFO,07/01/2020,10:20:09,124.7,124.7,12000,124.75,4000,0,32412000
IOC-I.NFO,07/01/2020,10:20:14,124.7,124.6,4000,124.7,12000,12000,32412000
IOC-I.NFO,07/01/2020,10:20:19,124.45,124.4,12000,124.55,8000,40000,32412000
IOC-I.NFO,07/01/2020,10:20:24,124.45,124.45,12000,124.6,8000,0,32412000
IOC-I.NFO,07/01/2020,10:20:28,124.45,124.4,12000,124.55,8000,0,32412000
IOC-I.NFO,07/01/2020,10:20:32,124.45,124.35,16000,124.5,8000,0,32412000
IOC-I.NFO,07/01/2020,10:20:40,124.45,124.4,8000,124.5,8000,0,32412000
IOC-I.NFO,07/01/2020,10:20:49,124.45,124.4,16000,124.55,12000,4000,32352000
IOC-I.NFO,07/01/2020,10:20:53,124.45,124.4,16000,124.55,12000,0,32352000
IOC-I.NFO,07/01/2020,10:21:08,124.45,124.45,4000,124.55,8000,0,32352000
IOC-I.NFO,07/01/2020,10:21:12,124.45,124.4,16000,124.55,8000,4000,32352000
IOC-I.NFO,07/01/2020,10:21:17,124.45,124.4,12000,124.5,4000,8000,32352000
IOC-I.NFO,07/01/2020,10:21:20,124.45,124.4,12000,124.5,4000,0,32352000
IOC-I.NFO,07/01/2020,10:21:31,124.5,124.4,16000,124.55,8000,4000,32352000
IOC-I.NFO,07/01/2020,10:21:40,124.5,124.5,4000,124.55,4000,0,32352000
IOC-I.NFO,07/01/2020,10:21:43,124.5,124.45,8000,124.55,4000,4000,32352000
IOC-I.NFO,07/01/2020,10:21:45,124.5,124.45,4000,124.55,4000,0,32352000
IOC-I.NFO,07/01/2020,10:21:51,124.5,124.4,20000,124.55,8000,0,32352000
IOC-I.NFO,07/01/2020,10:21:55,124.5,124.4,16000,124.5,4000,0,32352000
IOC-I.NFO,07/01/2020,10:22:13,124.5,124.4,20000,124.5,8000,4000,32352000
IOC-I.NFO,07/01/2020,10:22:16,124.5,124.4,20000,124.5,8000,0,32352000
IOC-I.NFO,07/01/2020,10:22:19,124.5,124.4,16000,124.45,4000,0,32352000
IOC-I.NFO,07/01/2020,10:22:22,124.45,124.4,20000,124.5,8000,4000,32352000
IOC-I.NFO,07/01/2020,10:22:26,124.45,124.4,20000,124.5,8000,0,32352000
IOC-I.NFO,07/01/2020,10:22:29,124.45,124.4,24000,124.5,8000,0,32352000
IOC-I.NFO,07/01/2020,10:22:32,124.45,124.4,20000,124.5,8000,0,32352000
IOC-I.NFO,07/01/2020,10:22:45,124.5,124.4,8000,124.5,4000,20000,32352000
IOC-I.NFO,07/01/2020,10:22:51,124.3,124.35,12000,124.5,4000,4000,32352000
IOC-I.NFO,07/01/2020,10:22:55,124.5,124.35,8000,124.45,4000,4000,32352000
IOC-I.NFO,07/01/2020,10:23:05,124.45,124.45,4000,124.55,8000,4000,32352000
IOC-I.NFO,07/01/2020,10:23:10,124.5,124.45,8000,124.55,8000,4000,32352000
IOC-I.NFO,07/01/2020,10:23:14,124.5,124.45,8000,124.55,8000,0,32352000
IOC-I.NFO,07/01/2020,10:23:19,124.55,124.55,4000,124.65,8000,8000,32352000
IOC-I.NFO,07/01/2020,10:23:22,124.55,124.55,4000,124.6,4000,0,32352000
IOC-I.NFO,07/01/2020,10:23:26,124.55,124.55,4000,124.65,8000,4000,32324000
IOC-I.NFO,07/01/2020,10:23:30,124.55,124.5,8000,124.65,8000,0,32324000
IOC-I.NFO,07/01/2020,10:23:46,124.55,124.5,12000,124.6,4000,0,32324000
IOC-I.NFO,07/01/2020,10:23:51,124.55,124.45,4000,124.6,8000,0,32324000
IOC-I.NFO,07/01/2020,10:24:09,124.55,124.5,8000,124.6,8000,0,32324000
IOC-I.NFO,07/01/2020,10:24:13,124.55,124.5,4000,124.55,4000,0,32324000
IOC-I.NFO,07/01/2020,10:24:17,124.5,124.45,8000,124.55,8000,4000,32324000
IOC-I.NFO,07/01/2020,10:24:20,124.5,124.5,8000,124.6,8000,12000,32324000
IOC-I.NFO,07/01/2020,10:24:24,124.6,124.55,12000,124.65,16000,8000,32324000
IOC-I.NFO,07/01/2020,10:24:27,124.6,124.55,12000,124.65,16000,0,32324000
IOC-I.NFO,07/01/2020,10:24:37,124.6,124.55,12000,124.6,4000,0,32324000
IOC-I.NFO,07/01/2020,10:24:44,124.6,124.55,8000,124.6,4000,0,32324000
IOC-I.NFO,07/01/2020,10:24:50,124.6,124.55,12000,124.65,12000,4000,32324000
IOC-I.NFO,07/01/2020,10:24:53,124.6,124.55,12000,124.65,12000,0,32324000
IOC-I.NFO,07/01/2020,10:25:06,124.65,124.65,4000,124.7,4000,4000,32324000
IOC-I.NFO,07/01/2020,10:25:09,124.65,124.65,4000,124.7,4000,0,32324000
IOC-I.NFO,07/01/2020,10:25:19,124.65,124.6,12000,124.7,4000,0,32324000
IOC-I.NFO,07/01/2020,10:25:23,124.65,124.6,16000,124.7,4000,0,32324000
IOC-I.NFO,07/01/2020,10:25:27,124.65,124.65,4000,124.7,4000,0,32324000
IOC-I.NFO,07/01/2020,10:25:31,124.65,124.6,16000,124.7,4000,0,32324000
IOC-I.NFO,07/01/2020,10:25:36,124.65,124.6,8000,124.7,4000,4000,32324000
IOC-I.NFO,07/01/2020,10:25:41,124.65,124.6,16000,124.7,4000,0,32324000
IOC-I.NFO,07/01/2020,10:25:52,124.6,124.5,12000,124.65,4000,4000,32324000
IOC-I.NFO,07/01/2020,10:25:57,124.6,124.5,12000,124.65,4000,0,32324000
IOC-I.NFO,07/01/2020,10:26:04,124.6,124.5,12000,124.6,4000,0,32324000
IOC-I.NFO,07/01/2020,10:26:08,124.6,124.5,16000,124.6,4000,0,32324000
IOC-I.NFO,07/01/2020,10:26:14,124.6,124.5,12000,124.6,4000,0,32324000
IOC-I.NFO,07/01/2020,10:26:29,124.6,124.5,16000,124.6,4000,0,32324000
IOC-I.NFO,07/01/2020,10:26:38,124.6,124.55,16000,124.7,8000,4000,32304000
IOC-I.NFO,07/01/2020,10:26:41,124.6,124.55,16000,124.7,8000,0,32304000
IOC-I.NFO,07/01/2020,10:26:52,124.7,124.55,16000,124.7,4000,4000,32304000
IOC-I.NFO,07/01/2020,10:26:56,124.7,124.55,12000,124.7,4000,0,32304000
IOC-I.NFO,07/01/2020,10:27:03,124.7,124.55,16000,124.7,4000,0,32304000
IOC-I.NFO,07/01/2020,10:27:07,124.7,124.55,12000,124.7,4000,0,32304000
IOC-I.NFO,07/01/2020,10:27:13,124.7,124.55,16000,124.75,8000,4000,32304000
IOC-I.NFO,07/01/2020,10:27:17,124.7,124.6,8000,124.75,4000,0,32304000
IOC-I.NFO,07/01/2020,10:27:20,124.7,124.55,12000,124.75,20000,0,32304000
IOC-I.NFO,07/01/2020,10:27:27,124.7,124.55,20000,124.7,4000,0,32304000
IOC-I.NFO,07/01/2020,10:27:31,124.65,124.55,16000,124.7,4000,4000,32304000
IOC-I.NFO,07/01/2020,10:27:34,124.65,124.55,16000,124.7,4000,0,32304000
IOC-I.NFO,07/01/2020,10:27:45,124.65,124.55,16000,124.75,12000,0,32304000
IOC-I.NFO,07/01/2020,10:27:49,124.65,124.55,12000,124.65,4000,0,32304000
IOC-I.NFO,07/01/2020,10:28:07,124.65,124.55,12000,124.75,12000,4000,32304000
IOC-I.NFO,07/01/2020,10:28:10,124.65,124.55,12000,124.75,12000,0,32304000
IOC-I.NFO,07/01/2020,10:28:14,124.65,124.65,4000,124.75,8000,0,32304000
IOC-I.NFO,07/01/2020,10:28:17,124.65,124.65,16000,124.75,8000,0,32304000
IOC-I.NFO,07/01/2020,10:28:23,124.65,124.65,12000,124.75,8000,0,32304000
IOC-I.NFO,07/01/2020,10:28:27,124.65,124.65,16000,124.75,8000,0,32304000
IOC-I.NFO,07/01/2020,10:28:38,124.65,124.65,12000,124.75,8000,0,32304000
IOC-I.NFO,07/01/2020,10:28:41,124.65,124.65,16000,124.75,8000,0,32304000
IOC-I.NFO,07/01/2020,10:28:51,124.65,124.65,20000,124.75,8000,0,32304000
IOC-I.NFO,07/01/2020,10:28:54,124.65,124.65,16000,124.75,8000,0,32304000
IOC-I.NFO,07/01/2020,10:29:00,124.65,124.65,16000,124.75,4000,0,32304000
IOC-I.NFO,07/01/2020,10:29:06,124.65,124.65,20000,124.75,4000,0,32304000
IOC-I.NFO,07/01/2020,10:29:09,124.65,124.65,16000,124.75,4000,0,32304000
IOC-I.NFO,07/01/2020,10:29:25,124.65,124.55,16000,124.7,4000,8000,32296000
IOC-I.NFO,07/01/2020,10:29:29,124.65,124.6,4000,124.7,4000,0,32296000
IOC-I.NFO,07/01/2020,10:29:32,124.65,124.55,16000,124.7,4000,0,32296000
IOC-I.NFO,07/01/2020,10:29:35,124.65,124.6,4000,124.7,4000,0,32296000
IOC-I.NFO,07/01/2020,10:29:38,124.65,124.55,16000,124.7,4000,0,32296000
IOC-I.NFO,07/01/2020,10:29:47,124.65,124.6,4000,124.7,4000,0,32296000
IOC-I.NFO,07/01/2020,10:29:57,124.6,124.6,4000,124.7,4000,4000,32296000
IOC-I.NFO,07/01/2020,10:30:00,124.6,124.6,4000,124.7,4000,0,32296000
IOC-I.NFO,07/01/2020,10:30:06,124.6,124.6,8000,124.7,4000,0,32296000
IOC-I.NFO,07/01/2020,10:30:09,124.6,124.6,4000,124.7,4000,0,32296000
IOC-I.NFO,07/01/2020,10:30:41,124.6,124.6,8000,124.7,4000,0,32296000
IOC-I.NFO,07/01/2020,10:30:44,124.6,124.6,4000,124.7,4000,0,32296000
IOC-I.NFO,07/01/2020,10:30:48,124.6,124.6,8000,124.7,4000,0,32296000
IOC-I.NFO,07/01/2020,10:31:20,124.6,124.6,12000,124.7,4000,0,32296000
IOC-I.NFO,07/01/2020,10:31:23,124.6,124.6,8000,124.7,4000,0,32296000
IOC-I.NFO,07/01/2020,10:31:42,124.6,124.55,12000,124.7,4000,4000,32296000
IOC-I.NFO,07/01/2020,10:32:04,124.6,124.55,4000,124.65,4000,8000,32296000
IOC-I.NFO,07/01/2020,10:32:08,124.6,124.55,4000,124.65,8000,0,32296000
IOC-I.NFO,07/01/2020,10:32:20,124.6,124.55,8000,124.65,8000,0,32296000
IOC-I.NFO,07/01/2020,10:32:23,124.6,124.55,4000,124.65,8000,0,32296000
IOC-I.NFO,07/01/2020,10:32:39,124.6,124.55,8000,124.65,8000,0,32296000
IOC-I.NFO,07/01/2020,10:32:43,124.6,124.55,12000,124.65,8000,0,32296000
IOC-I.NFO,07/01/2020,10:32:55,124.6,124.55,12000,124.65,4000,0,32296000
IOC-I.NFO,07/01/2020,10:33:18,124.6,124.55,20000,124.65,4000,0,32296000
IOC-I.NFO,07/01/2020,10:33:22,124.6,124.6,16000,124.7,8000,0,32296000
IOC-I.NFO,07/01/2020,10:33:28,124.7,124.6,8000,124.7,4000,8000,32300000
IOC-I.NFO,07/01/2020,10:33:31,124.7,124.6,12000,124.75,4000,4000,32300000
IOC-I.NFO,07/01/2020,10:33:34,124.65,124.6,4000,124.7,4000,4000,32300000
IOC-I.NFO,07/01/2020,10:33:50,124.65,124.6,12000,124.7,4000,0,32300000
IOC-I.NFO,07/01/2020,10:33:52,124.6,124.6,12000,124.7,4000,4000,32300000
IOC-I.NFO,07/01/2020,10:33:54,124.6,124.6,12000,124.7,4000,0,32300000
IOC-I.NFO,07/01/2020,10:34:04,124.6,124.6,8000,124.7,4000,4000,32300000
IOC-I.NFO,07/01/2020,10:34:08,124.6,124.6,8000,124.7,4000,0,32300000
IOC-I.NFO,07/01/2020,10:34:12,124.6,124.6,4000,124.7,4000,0,32300000
IOC-I.NFO,07/01/2020,10:34:16,124.6,124.6,12000,124.7,4000,4000,32300000
IOC-I.NFO,07/01/2020,10:34:19,124.6,124.6,12000,124.7,4000,0,32300000
IOC-I.NFO,07/01/2020,10:34:45,124.7,124.7,4000,124.75,4000,4000,32300000
IOC-I.NFO,07/01/2020,10:34:50,124.7,124.65,16000,124.75,4000,0,32300000
IOC-I.NFO,07/01/2020,10:34:58,124.7,124.65,12000,124.75,4000,0,32300000
IOC-I.NFO,07/01/2020,10:35:02,124.7,124.65,8000,124.75,4000,0,32300000
IOC-I.NFO,07/01/2020,10:35:11,124.7,124.65,12000,124.75,4000,0,32300000
IOC-I.NFO,07/01/2020,10:35:21,124.7,124.6,20000,124.7,4000,0,32300000
IOC-I.NFO,07/01/2020,10:35:52,124.7,124.65,8000,124.7,4000,0,32300000
IOC-I.NFO,07/01/2020,10:35:55,124.7,124.65,12000,124.75,4000,4000,32300000
IOC-I.NFO,07/01/2020,10:35:59,124.7,124.65,8000,124.75,4000,0,32300000
IOC-I.NFO,07/01/2020,10:36:06,124.65,124.6,16000,124.75,4000,4000,32300000
IOC-I.NFO,07/01/2020,10:36:10,124.65,124.6,8000,124.65,4000,0,32300000
IOC-I.NFO,07/01/2020,10:36:14,124.6,124.55,12000,124.7,12000,4000,32300000
IOC-I.NFO,07/01/2020,10:36:18,124.6,124.55,8000,124.65,4000,0,32300000
IOC-I.NFO,07/01/2020,10:36:22,124.6,124.55,16000,124.65,4000,0,32300000
IOC-I.NFO,07/01/2020,10:36:24,124.6,124.55,12000,124.65,4000,0,32300000
IOC-I.NFO,07/01/2020,10:36:32,124.6,124.55,16000,124.65,4000,0,32300000
IOC-I.NFO,07/01/2020,10:36:38,124.6,124.5,12000,124.6,4000,0,32300000
IOC-I.NFO,07/01/2020,10:36:43,124.6,124.55,16000,124.65,4000,4000,32300000
IOC-I.NFO,07/01/2020,10:37:04,124.6,124.55,12000,124.65,4000,0,32300000
IOC-I.NFO,07/01/2020,10:37:08,124.6,124.55,8000,124.65,4000,0,32300000
IOC-I.NFO,07/01/2020,10:37:16,124.6,124.5,16000,124.65,4000,0,32300000
IOC-I.NFO,07/01/2020,10:37:28,124.6,124.55,8000,124.65,4000,0,32300000
IOC-I.NFO,07/01/2020,10:37:31,124.6,124.55,16000,124.65,4000,0,32300000
IOC-I.NFO,07/01/2020,10:37:35,124.6,124.55,12000,124.65,4000,0,32300000
IOC-I.NFO,07/01/2020,10:37:39,124.6,124.55,16000,124.65,4000,0,32300000
IOC-I.NFO,07/01/2020,10:37:47,124.6,124.5,16000,124.6,4000,0,32300000
IOC-I.NFO,07/01/2020,10:37:50,124.6,124.5,12000,124.6,4000,0,32300000
IOC-I.NFO,07/01/2020,10:37:53,124.6,124.55,4000,124.6,4000,0,32300000
IOC-I.NFO,07/01/2020,10:38:17,124.55,124.5,20000,124.6,4000,4000,32300000
IOC-I.NFO,07/01/2020,10:38:19,124.55,124.5,20000,124.6,4000,0,32300000
IOC-I.NFO,07/01/2020,10:39:12,124.55,124.5,24000,124.6,4000,0,32300000
IOC-I.NFO,07/01/2020,10:39:15,124.5,124.4,8000,124.55,12000,16000,32300000
IOC-I.NFO,07/01/2020,10:39:20,124.5,124.4,8000,124.55,12000,0,32300000
IOC-I.NFO,07/01/2020,10:39:26,124.5,124.4,12000,124.55,12000,0,32300000
IOC-I.NFO,07/01/2020,10:39:29,124.5,124.4,8000,124.55,12000,0,32300000
IOC-I.NFO,07/01/2020,10:39:38,124.5,124.4,8000,124.5,4000,0,32300000
IOC-I.NFO,07/01/2020,10:39:41,124.5,124.4,8000,124.5,8000,0,32300000
IOC-I.NFO,07/01/2020,10:39:43,124.4,124.4,4000,124.5,8000,4000,32300000
IOC-I.NFO,07/01/2020,10:39:46,124.4,124.4,4000,124.5,8000,0,32300000
IOC-I.NFO,07/01/2020,10:39:59,124.4,124.4,4000,124.5,12000,0,32300000
IOC-I.NFO,07/01/2020,10:40:07,124.4,124.4,12000,124.5,12000,0,32300000
IOC-I.NFO,07/01/2020,10:40:21,124.4,124.4,12000,124.5,8000,0,32300000
IOC-I.NFO,07/01/2020,10:40:28,124.4,124.4,4000,124.5,8000,0,32300000
IOC-I.NFO,07/01/2020,10:40:37,124.4,124.4,8000,124.5,12000,0,32300000
IOC-I.NFO,07/01/2020,10:40:46,124.4,124.4,16000,124.5,12000,0,32300000
IOC-I.NFO,07/01/2020,10:40:51,124.4,124.4,12000,124.5,8000,4000,32300000
IOC-I.NFO,07/01/2020,10:40:53,124.4,124.4,4000,124.5,8000,0,32300000
IOC-I.NFO,07/01/2020,10:40:56,124.4,124.4,12000,124.5,8000,0,32300000
IOC-I.NFO,07/01/2020,10:40:59,124.4,124.4,8000,124.5,8000,0,32300000
IOC-I.NFO,07/01/2020,10:41:02,124.4,124.4,4000,124.5,8000,0,32300000
IOC-I.NFO,07/01/2020,10:41:19,124.55,124.5,12000,124.6,8000,16000,32300000
IOC-I.NFO,07/01/2020,10:41:22,124.55,124.5,12000,124.6,4000,0,32300000
IOC-I.NFO,07/01/2020,10:41:28,124.65,124.6,4000,124.7,12000,8000,32308000
IOC-I.NFO,07/01/2020,10:41:31,124.65,124.6,4000,124.7,12000,0,32308000
IOC-I.NFO,07/01/2020,10:41:34,124.65,124.6,8000,124.7,12000,0,32308000
IOC-I.NFO,07/01/2020,10:41:43,124.65,124.6,8000,124.7,16000,0,32308000
IOC-I.NFO,07/01/2020,10:41:46,124.65,124.6,8000,124.7,12000,4000,32308000
IOC-I.NFO,07/01/2020,10:41:49,124.65,124.6,4000,124.7,12000,0,32308000
IOC-I.NFO,07/01/2020,10:41:55,124.65,124.6,8000,124.7,12000,0,32308000
IOC-I.NFO,07/01/2020,10:42:00,124.65,124.6,4000,124.7,12000,0,32308000
IOC-I.NFO,07/01/2020,10:42:06,124.65,124.6,8000,124.7,12000,0,32308000
IOC-I.NFO,07/01/2020,10:42:21,124.65,124.6,4000,124.7,12000,0,32308000
IOC-I.NFO,07/01/2020,10:42:23,124.65,124.55,4000,124.7,12000,0,32308000
IOC-I.NFO,07/01/2020,10:42:32,124.65,124.55,4000,124.7,16000,0,32308000
IOC-I.NFO,07/01/2020,10:42:52,124.65,124.6,4000,124.7,12000,0,32308000
IOC-I.NFO,07/01/2020,10:43:02,124.65,124.6,8000,124.7,12000,0,32308000
IOC-I.NFO,07/01/2020,10:43:05,124.6,124.55,4000,124.7,12000,4000,32308000
IOC-I.NFO,07/01/2020,10:43:08,124.6,124.55,4000,124.7,12000,0,32308000
IOC-I.NFO,07/01/2020,10:43:26,124.6,124.6,4000,124.7,12000,0,32308000
IOC-I.NFO,07/01/2020,10:43:30,124.6,124.6,4000,124.7,16000,0,32308000
IOC-I.NFO,07/01/2020,10:43:40,124.6,124.5,4000,124.65,8000,4000,32308000
IOC-I.NFO,07/01/2020,10:43:45,124.6,124.45,20000,124.65,12000,0,32308000
IOC-I.NFO,07/01/2020,10:43:53,124.6,124.45,16000,124.65,12000,0,32308000
IOC-I.NFO,07/01/2020,10:44:16,124.6,124.45,12000,124.65,12000,0,32308000
IOC-I.NFO,07/01/2020,10:44:18,124.6,124.45,12000,124.65,16000,0,32308000
IOC-I.NFO,07/01/2020,10:44:21,124.6,124.45,12000,124.65,12000,0,32308000
IOC-I.NFO,07/01/2020,10:44:27,124.6,124.45,8000,124.6,12000,0,32308000
IOC-I.NFO,07/01/2020,10:44:30,124.6,124.5,4000,124.6,12000,0,32308000
IOC-I.NFO,07/01/2020,10:44:43,124.5,124.45,8000,124.6,12000,4000,32304000
IOC-I.NFO,07/01/2020,10:44:45,124.5,124.45,8000,124.6,12000,0,32304000
IOC-I.NFO,07/01/2020,10:45:00,124.5,124.45,12000,124.6,12000,0,32304000
IOC-I.NFO,07/01/2020,10:45:05,124.6,124.5,4000,124.6,8000,4000,32304000
IOC-I.NFO,07/01/2020,10:45:09,124.55,124.5,8000,124.65,8000,8000,32304000
IOC-I.NFO,07/01/2020,10:45:13,124.55,124.55,4000,124.7,20000,0,32304000
IOC-I.NFO,07/01/2020,10:45:17,124.55,124.6,4000,124.7,20000,0,32304000
IOC-I.NFO,07/01/2020,10:45:42,124.8,124.6,16000,124.8,12000,28000,32304000
IOC-I.NFO,07/01/2020,10:45:44,124.8,124.6,16000,124.8,12000,0,32304000
IOC-I.NFO,07/01/2020,10:45:48,124.8,124.65,4000,124.8,12000,0,32304000
IOC-I.NFO,07/01/2020,10:45:58,124.65,124.6,16000,124.8,12000,4000,32304000
IOC-I.NFO,07/01/2020,10:46:00,124.65,124.6,12000,124.8,16000,0,32304000
IOC-I.NFO,07/01/2020,10:46:13,124.65,124.6,8000,124.8,12000,0,32304000
IOC-I.NFO,07/01/2020,10:46:16,124.65,124.65,4000,124.8,12000,0,32304000
IOC-I.NFO,07/01/2020,10:46:43,124.65,124.65,4000,124.8,16000,0,32304000
IOC-I.NFO,07/01/2020,10:46:59,124.65,124.65,4000,124.75,4000,0,32304000
IOC-I.NFO,07/01/2020,10:47:07,124.65,124.65,4000,124.75,8000,0,32304000
IOC-I.NFO,07/01/2020,10:47:40,124.65,124.6,8000,124.75,8000,4000,32304000
IOC-I.NFO,07/01/2020,10:47:43,124.6,124.65,4000,124.75,8000,4000,32304000
IOC-I.NFO,07/01/2020,10:47:47,124.6,124.65,4000,124.75,8000,0,32304000
IOC-I.NFO,07/01/2020,10:47:51,124.6,124.6,4000,124.75,8000,0,32304000
IOC-I.NFO,07/01/2020,10:47:58,124.6,124.6,4000,124.7,4000,0,32304000
IOC-I.NFO,07/01/2020,10:48:05,124.7,124.6,4000,124.75,8000,4000,32304000
IOC-I.NFO,07/01/2020,10:48:09,124.7,124.6,4000,124.75,8000,0,32304000
IOC-I.NFO,07/01/2020,10:48:34,124.7,124.6,4000,124.75,12000,0,32304000
IOC-I.NFO,07/01/2020,10:48:39,124.7,124.55,4000,124.7,8000,0,32304000
IOC-I.NFO,07/01/2020,10:49:01,124.7,124.5,24000,124.7,16000,0,32304000
IOC-I.NFO,07/01/2020,10:49:05,124.7,124.55,4000,124.7,8000,0,32304000
IOC-I.NFO,07/01/2020,10:49:17,124.7,124.5,24000,124.7,16000,0,32304000
IOC-I.NFO,07/01/2020,10:49:23,124.7,124.5,24000,124.7,8000,0,32304000
IOC-I.NFO,07/01/2020,10:49:29,124.7,124.5,20000,124.7,8000,0,32304000
IOC-I.NFO,07/01/2020,10:49:32,124.7,124.5,20000,124.7,12000,0,32304000
IOC-I.NFO,07/01/2020,10:49:36,124.7,124.55,4000,124.7,12000,0,32304000
IOC-I.NFO,07/01/2020,10:49:39,124.7,124.6,4000,124.7,4000,0,32304000
IOC-I.NFO,07/01/2020,10:49:46,124.7,124.5,32000,124.7,12000,0,32304000
IOC-I.NFO,07/01/2020,10:49:57,124.7,124.6,4000,124.7,8000,0,32304000
IOC-I.NFO,07/01/2020,10:50:03,124.7,124.6,4000,124.7,12000,0,32304000
IOC-I.NFO,07/01/2020,10:50:09,124.6,124.55,4000,124.7,20000,4000,32304000
IOC-I.NFO,07/01/2020,10:50:13,124.6,124.55,4000,124.7,16000,0,32304000
IOC-I.NFO,07/01/2020,10:50:32,124.6,124.5,20000,124.7,16000,0,32304000
IOC-I.NFO,07/01/2020,10:50:36,124.6,124.55,4000,124.7,16000,0,32304000
IOC-I.NFO,07/01/2020,10:50:50,124.6,124.55,4000,124.65,12000,0,32304000
IOC-I.NFO,07/01/2020,10:50:54,124.6,124.55,8000,124.65,12000,0,32304000
IOC-I.NFO,07/01/2020,10:50:57,124.6,124.55,12000,124.65,12000,0,32304000
IOC-I.NFO,07/01/2020,10:51:00,124.6,124.6,4000,124.65,8000,0,32304000
IOC-I.NFO,07/01/2020,10:51:03,124.65,124.55,8000,124.7,12000,8000,32308000
IOC-I.NFO,07/01/2020,10:51:07,124.55,124.55,4000,124.7,16000,4000,32308000
IOC-I.NFO,07/01/2020,10:51:10,124.55,124.55,4000,124.7,16000,0,32308000
IOC-I.NFO,07/01/2020,10:51:25,124.55,124.55,8000,124.7,16000,0,32308000
IOC-I.NFO,07/01/2020,10:51:32,124.55,124.55,4000,124.7,16000,0,32308000
IOC-I.NFO,07/01/2020,10:51:42,124.55,124.6,4000,124.7,8000,0,32308000
IOC-I.NFO,07/01/2020,10:51:46,124.55,124.6,8000,124.7,8000,0,32308000
IOC-I.NFO,07/01/2020,10:51:49,124.55,124.6,8000,124.7,4000,0,32308000
IOC-I.NFO,07/01/2020,10:51:52,124.55,124.6,12000,124.7,4000,0,32308000
IOC-I.NFO,07/01/2020,10:51:55,124.55,124.6,4000,124.7,4000,0,32308000
IOC-I.NFO,07/01/2020,10:52:00,124.55,124.6,4000,124.7,8000,0,32308000
IOC-I.NFO,07/01/2020,10:52:03,124.55,124.6,8000,124.7,8000,0,32308000
IOC-I.NFO,07/01/2020,10:52:07,124.6,124.55,4000,124.7,12000,4000,32308000
IOC-I.NFO,07/01/2020,10:52:11,124.6,124.55,4000,124.7,12000,0,32308000
IOC-I.NFO,07/01/2020,10:52:15,124.6,124.55,8000,124.7,12000,0,32308000
IOC-I.NFO,07/01/2020,10:52:19,124.6,124.55,4000,124.7,12000,0,32308000
IOC-I.NFO,07/01/2020,10:52:24,124.6,124.55,8000,124.7,12000,0,32308000
IOC-I.NFO,07/01/2020,10:52:35,124.6,124.55,12000,124.7,12000,0,32308000
IOC-I.NFO,07/01/2020,10:52:44,124.6,124.55,8000,124.65,12000,0,32308000
IOC-I.NFO,07/01/2020,10:53:01,124.6,124.5,28000,124.65,16000,8000,32308000
IOC-I.NFO,07/01/2020,10:53:06,124.65,124.5,28000,124.65,12000,4000,32308000
IOC-I.NFO,07/01/2020,10:53:12,124.65,124.5,28000,124.65,12000,0,32308000
IOC-I.NFO,07/01/2020,10:53:18,124.65,124.5,8000,124.6,8000,0,32308000
IOC-I.NFO,07/01/2020,10:53:23,124.55,124.5,8000,124.6,12000,4000,32308000
IOC-I.NFO,07/01/2020,10:53:33,124.55,124.5,16000,124.6,12000,0,32308000
IOC-I.NFO,07/01/2020,10:53:44,124.55,124.5,12000,124.6,12000,0,32308000
IOC-I.NFO,07/01/2020,10:54:05,124.55,124.55,4000,124.6,8000,0,32308000
IOC-I.NFO,07/01/2020,10:54:09,124.55,124.55,16000,124.65,16000,0,32308000
IOC-I.NFO,07/01/2020,10:54:14,124.55,124.55,12000,124.65,12000,0,32308000
IOC-I.NFO,07/01/2020,10:54:19,124.6,124.55,12000,124.65,8000,4000,32304000
IOC-I.NFO,07/01/2020,10:54:24,124.6,124.55,8000,124.65,8000,0,32304000
IOC-I.NFO,07/01/2020,10:54:32,124.6,124.55,12000,124.65,8000,0,32304000
IOC-I.NFO,07/01/2020,10:54:36,124.6,124.55,8000,124.6,8000,0,32304000
IOC-I.NFO,07/01/2020,10:54:47,124.6,124.55,4000,124.6,8000,0,32304000
IOC-I.NFO,07/01/2020,10:54:52,124.6,124.55,12000,124.6,8000,0,32304000
IOC-I.NFO,07/01/2020,10:54:57,124.6,124.55,4000,124.6,12000,0,32304000
IOC-I.NFO,07/01/2020,10:55:07,124.6,124.6,8000,124.65,4000,12000,32304000
IOC-I.NFO,07/01/2020,10:55:11,124.6,124.55,8000,124.65,4000,0,32304000
IOC-I.NFO,07/01/2020,10:55:16,124.6,124.55,4000,124.65,4000,0,32304000
IOC-I.NFO,07/01/2020,10:55:21,124.6,124.6,4000,124.65,4000,0,32304000
IOC-I.NFO,07/01/2020,10:55:27,124.6,124.55,4000,124.6,4000,4000,32304000
IOC-I.NFO,07/01/2020,10:55:33,124.55,124.5,16000,124.65,12000,12000,32304000
IOC-I.NFO,07/01/2020,10:55:39,124.55,124.55,8000,124.65,12000,0,32304000
IOC-I.NFO,07/01/2020,10:55:44,124.55,124.5,16000,124.65,12000,0,32304000
IOC-I.NFO,07/01/2020,10:55:58,124.55,124.5,12000,124.6,4000,0,32304000
IOC-I.NFO,07/01/2020,10:56:07,124.55,124.55,4000,124.65,8000,0,32304000
IOC-I.NFO,07/01/2020,10:56:12,124.55,124.55,4000,124.65,4000,0,32304000
IOC-I.NFO,07/01/2020,10:56:17,124.55,124.55,4000,124.65,8000,12000,32304000
IOC-I.NFO,07/01/2020,10:56:21,124.55,124.55,4000,124.65,8000,0,32304000
IOC-I.NFO,07/01/2020,10:56:28,124.55,124.55,8000,124.65,8000,0,32304000
IOC-I.NFO,07/01/2020,10:56:34,124.6,124.55,4000,124.65,4000,4000,32304000
IOC-I.NFO,07/01/2020,10:56:39,124.6,124.55,4000,124.65,4000,0,32304000
IOC-I.NFO,07/01/2020,10:56:47,124.6,124.55,12000,124.65,4000,0,32304000
IOC-I.NFO,07/01/2020,10:56:52,124.6,124.6,4000,124.65,4000,0,32304000
IOC-I.NFO,07/01/2020,10:56:58,124.6,124.55,8000,124.65,12000,4000,32240000
IOC-I.NFO,07/01/2020,10:57:03,124.6,124.55,8000,124.65,12000,0,32240000
IOC-I.NFO,07/01/2020,10:57:21,124.55,124.55,8000,124.65,12000,4000,32240000
IOC-I.NFO,07/01/2020,10:57:28,124.6,124.55,4000,124.65,8000,8000,32240000
IOC-I.NFO,07/01/2020,10:57:35,124.6,124.6,4000,124.65,4000,4000,32240000
IOC-I.NFO,07/01/2020,10:57:42,124.6,124.55,8000,124.65,4000,0,32240000
IOC-I.NFO,07/01/2020,10:57:48,124.6,124.55,12000,124.65,4000,0,32240000
IOC-I.NFO,07/01/2020,10:57:54,124.6,124.55,8000,124.65,4000,0,32240000
IOC-I.NFO,07/01/2020,10:58:00,124.6,124.55,4000,124.65,12000,0,32240000
IOC-I.NFO,07/01/2020,10:58:19,124.6,124.55,8000,124.65,4000,0,32240000
IOC-I.NFO,07/01/2020,10:58:26,124.6,124.5,12000,124.6,8000,0,32240000
IOC-I.NFO,07/01/2020,10:58:33,124.6,124.55,4000,124.6,8000,0,32240000
IOC-I.NFO,07/01/2020,10:58:39,124.6,124.5,12000,124.6,8000,0,32240000
IOC-I.NFO,07/01/2020,10:58:44,124.6,124.55,8000,124.6,8000,0,32240000
IOC-I.NFO,07/01/2020,10:58:50,124.6,124.55,4000,124.6,8000,0,32240000
IOC-I.NFO,07/01/2020,10:59:03,124.7,124.65,20000,124.75,4000,28000,32240000
IOC-I.NFO,07/01/2020,10:59:10,124.7,124.7,4000,124.75,4000,12000,32240000
IOC-I.NFO,07/01/2020,10:59:16,124.75,124.65,8000,124.75,8000,12000,32240000
IOC-I.NFO,07/01/2020,10:59:22,124.75,124.7,4000,124.8,4000,4000,32240000
IOC-I.NFO,07/01/2020,10:59:28,124.75,124.7,4000,124.8,12000,0,32240000
IOC-I.NFO,07/01/2020,10:59:40,124.75,124.7,8000,124.8,4000,0,32240000
IOC-I.NFO,07/01/2020,10:59:46,124.75,124.7,12000,124.8,8000,0,32240000
IOC-I.NFO,07/01/2020,10:59:51,124.7,124.7,4000,124.8,4000,4000,32216000
IOC-I.NFO,07/01/2020,10:59:57,124.7,124.75,8000,124.8,4000,0,32216000
IOC-I.NFO,07/01/2020,11:00:03,124.7,124.75,4000,124.8,4000,0,32216000
IOC-I.NFO,07/01/2020,11:00:18,124.75,124.65,12000,124.75,12000,4000,32216000
IOC-I.NFO,07/01/2020,11:00:25,124.75,124.65,12000,124.75,12000,0,32216000
IOC-I.NFO,07/01/2020,11:00:32,124.75,124.65,4000,124.75,12000,0,32216000
IOC-I.NFO,07/01/2020,11:00:39,124.75,124.65,8000,124.75,12000,0,32216000
IOC-I.NFO,07/01/2020,11:00:58,124.7,124.6,8000,124.7,8000,4000,32216000
IOC-I.NFO,07/01/2020,11:01:06,124.7,124.55,8000,124.7,8000,0,32216000
IOC-I.NFO,07/01/2020,11:01:13,124.7,124.55,8000,124.65,8000,0,32216000
IOC-I.NFO,07/01/2020,11:01:21,124.7,124.55,20000,124.7,8000,0,32216000
IOC-I.NFO,07/01/2020,11:01:29,124.6,124.55,4000,124.6,8000,4000,32216000
IOC-I.NFO,07/01/2020,11:01:36,124.4,124.4,12000,124.55,16000,44000,32216000
IOC-I.NFO,07/01/2020,11:01:44,124.5,124.5,8000,124.6,4000,12000,32216000
IOC-I.NFO,07/01/2020,11:01:52,124.5,124.45,12000,124.6,4000,4000,32216000
IOC-I.NFO,07/01/2020,11:01:59,124.5,124.45,12000,124.6,8000,4000,32216000
IOC-I.NFO,07/01/2020,11:02:06,124.5,124.5,4000,124.6,4000,0,32216000
IOC-I.NFO,07/01/2020,11:02:20,124.5,124.5,8000,124.6,8000,0,32216000
IOC-I.NFO,07/01/2020,11:02:32,124.5,124.45,12000,124.6,12000,0,32216000
IOC-I.NFO,07/01/2020,11:02:39,124.5,124.5,4000,124.6,12000,0,32216000
IOC-I.NFO,07/01/2020,11:02:45,124.55,124.5,8000,124.6,12000,4000,32256000
IOC-I.NFO,07/01/2020,11:02:52,124.55,124.45,12000,124.6,12000,0,32256000
IOC-I.NFO,07/01/2020,11:02:58,124.55,124.45,12000,124.6,16000,0,32256000
IOC-I.NFO,07/01/2020,11:03:11,124.55,124.45,4000,124.55,4000,0,32256000
IOC-I.NFO,07/01/2020,11:03:18,124.55,124.45,4000,124.5,4000,0,32256000
IOC-I.NFO,07/01/2020,11:03:25,124.5,124.45,20000,124.6,12000,4000,32256000
IOC-I.NFO,07/01/2020,11:03:31,124.5,124.45,16000,124.6,12000,0,32256000
IOC-I.NFO,07/01/2020,11:03:37,124.5,124.4,16000,124.55,4000,0,32256000
IOC-I.NFO,07/01/2020,11:03:45,124.45,124.4,4000,124.5,4000,4000,32256000
IOC-I.NFO,07/01/2020,11:03:53,124.35,124.35,16000,124.5,12000,4000,32256000
IOC-I.NFO,07/01/2020,11:03:59,124.35,124.4,4000,124.45,4000,0,32256000
IOC-I.NFO,07/01/2020,11:04:06,124.35,124.4,4000,124.45,8000,0,32256000
IOC-I.NFO,07/01/2020,11:04:25,124.45,124.4,12000,124.5,8000,8000,32256000
IOC-I.NFO,07/01/2020,11:04:32,124.45,124.45,4000,124.5,8000,0,32256000
IOC-I.NFO,07/01/2020,11:04:39,124.45,124.4,8000,124.45,4000,4000,32256000
IOC-I.NFO,07/01/2020,11:04:46,124.45,124.4,8000,124.5,8000,4000,32256000
IOC-I.NFO,07/01/2020,11:04:53,124.5,124.4,12000,124.5,4000,4000,32256000
IOC-I.NFO,07/01/2020,11:05:00,124.45,124.45,4000,124.5,4000,4000,32256000
IOC-I.NFO,07/01/2020,11:05:06,124.45,124.4,4000,124.5,4000,0,32256000
IOC-I.NFO,07/01/2020,11:05:34,124.45,124.4,4000,124.45,4000,0,32256000
IOC-I.NFO,07/01/2020,11:05:41,124.4,124.35,4000,124.45,4000,4000,32268000
IOC-I.NFO,07/01/2020,11:05:48,124.4,124.35,4000,124.45,4000,12000,32268000
IOC-I.NFO,07/01/2020,11:05:55,124.4,124.35,8000,124.45,4000,0,32268000
IOC-I.NFO,07/01/2020,11:06:02,124.4,124.35,4000,124.45,4000,0,32268000
IOC-I.NFO,07/01/2020,11:06:08,124.4,124.35,8000,124.45,4000,0,32268000
IOC-I.NFO,07/01/2020,11:06:15,124.4,124.35,12000,124.45,4000,0,32268000
IOC-I.NFO,07/01/2020,11:06:22,124.4,124.4,4000,124.45,4000,0,32268000
IOC-I.NFO,07/01/2020,11:06:28,124.4,124.35,8000,124.45,4000,4000,32268000
IOC-I.NFO,07/01/2020,11:06:33,124.35,124.35,4000,124.45,4000,4000,32268000
IOC-I.NFO,07/01/2020,11:06:38,124.35,124.35,4000,124.45,4000,0,32268000
IOC-I.NFO,07/01/2020,11:06:48,124.35,124.3,20000,124.45,4000,0,32268000
IOC-I.NFO,07/01/2020,11:06:54,124.3,124.3,12000,124.45,8000,4000,32268000
IOC-I.NFO,07/01/2020,11:06:59,124.3,124.3,12000,124.45,4000,0,32268000
IOC-I.NFO,07/01/2020,11:07:04,124.3,124.3,16000,124.45,4000,4000,32268000
IOC-I.NFO,07/01/2020,11:07:10,124.3,124.25,16000,124.4,4000,0,32268000
IOC-I.NFO,07/01/2020,11:07:14,124.3,124.25,12000,124.4,4000,0,32268000
IOC-I.NFO,07/01/2020,11:07:25,124.3,124.25,16000,124.4,4000,0,32268000
IOC-I.NFO,07/01/2020,11:07:30,124.3,124.3,4000,124.4,4000,0,32268000
IOC-I.NFO,07/01/2020,11:07:41,124.4,124.3,4000,124.45,4000,4000,32268000
IOC-I.NFO,07/01/2020,11:07:52,124.4,124.3,20000,124.45,4000,0,32268000
IOC-I.NFO,07/01/2020,11:07:57,124.4,124.3,16000,124.45,4000,0,32268000
IOC-I.NFO,07/01/2020,11:08:11,124.4,124.3,12000,124.45,4000,4000,32268000
IOC-I.NFO,07/01/2020,11:08:16,124.3,124.3,8000,124.45,4000,4000,32268000
IOC-I.NFO,07/01/2020,11:08:27,124.3,124.3,16000,124.45,4000,0,32268000
IOC-I.NFO,07/01/2020,11:08:32,124.3,124.3,20000,124.45,4000,0,32268000
IOC-I.NFO,07/01/2020,11:08:38,124.4,124.3,4000,124.4,4000,4000,32264000
IOC-I.NFO,07/01/2020,11:08:42,124.4,124.35,4000,124.4,4000,0,32264000
IOC-I.NFO,07/01/2020,11:08:47,124.4,124.35,8000,124.4,4000,0,32264000
IOC-I.NFO,07/01/2020,11:09:21,124.4,124.35,4000,124.45,4000,4000,32264000
IOC-I.NFO,07/01/2020,11:09:26,124.4,124.35,4000,124.45,4000,0,32264000
IOC-I.NFO,07/01/2020,11:09:40,124.4,124.4,4000,124.45,4000,0,32264000
IOC-I.NFO,07/01/2020,11:09:45,124.4,124.35,4000,124.45,4000,4000,32264000
IOC-I.NFO,07/01/2020,11:09:48,124.4,124.35,4000,124.45,4000,0,32264000
IOC-I.NFO,07/01/2020,11:09:56,124.4,124.3,4000,124.4,4000,0,32264000
IOC-I.NFO,07/01/2020,11:10:33,124.4,124.3,8000,124.45,12000,4000,32264000
IOC-I.NFO,07/01/2020,11:10:37,124.4,124.25,20000,124.45,16000,0,32264000
IOC-I.NFO,07/01/2020,11:10:49,124.4,124.25,16000,124.45,16000,0,32264000
IOC-I.NFO,07/01/2020,11:10:52,124.4,124.25,20000,124.45,16000,0,32264000
IOC-I.NFO,07/01/2020,11:10:56,124.4,124.3,4000,124.45,12000,0,32264000
IOC-I.NFO,07/01/2020,11:11:00,124.4,124.3,4000,124.45,8000,0,32264000
IOC-I.NFO,07/01/2020,11:11:05,124.4,124.3,4000,124.4,8000,0,32264000
IOC-I.NFO,07/01/2020,11:11:30,124.3,124.25,8000,124.3,4000,4000,32264000
IOC-I.NFO,07/01/2020,11:11:37,124.3,124.25,8000,124.3,4000,0,32264000
IOC-I.NFO,07/01/2020,11:11:51,124.3,124.25,8000,124.4,12000,4000,32260000
IOC-I.NFO,07/01/2020,11:11:57,124.3,124.25,8000,124.4,12000,0,32260000
IOC-I.NFO,07/01/2020,11:12:05,124.3,124.25,8000,124.3,4000,0,32260000
IOC-I.NFO,07/01/2020,11:12:27,124.3,124.25,12000,124.4,12000,4000,32260000
IOC-I.NFO,07/01/2020,11:12:34,124.3,124.3,4000,124.4,8000,0,32260000
IOC-I.NFO,07/01/2020,11:12:39,124.3,124.3,4000,124.4,4000,0,32260000
IOC-I.NFO,07/01/2020,11:12:50,124.3,124.3,4000,124.35,4000,0,32260000
IOC-I.NFO,07/01/2020,11:13:00,124.3,124.25,12000,124.35,4000,0,32260000
IOC-I.NFO,07/01/2020,11:13:11,124.4,124.3,8000,124.45,8000,36000,32260000
IOC-I.NFO,07/01/2020,11:13:17,124.4,124.25,12000,124.4,8000,0,32260000
IOC-I.NFO,07/01/2020,11:13:23,124.4,124.3,8000,124.45,8000,0,32260000
IOC-I.NFO,07/01/2020,11:13:34,124.4,124.3,4000,124.45,8000,0,32260000
IOC-I.NFO,07/01/2020,11:13:40,124.4,124.3,4000,124.45,4000,0,32260000
IOC-I.NFO,07/01/2020,11:13:46,124.4,124.3,16000,124.45,4000,0,32260000
IOC-I.NFO,07/01/2020,11:13:52,124.4,124.35,8000,124.5,8000,0,32260000
IOC-I.NFO,07/01/2020,11:13:58,124.4,124.35,16000,124.5,8000,0,32260000
IOC-I.NFO,07/01/2020,11:14:03,124.4,124.4,8000,124.5,4000,0,32260000
IOC-I.NFO,07/01/2020,11:14:08,124.4,124.4,4000,124.45,4000,0,32260000
IOC-I.NFO,07/01/2020,11:14:14,124.45,124.4,16000,124.5,4000,4000,32260000
IOC-I.NFO,07/01/2020,11:14:21,124.45,124.45,12000,124.5,4000,0,32260000
IOC-I.NFO,07/01/2020,11:14:26,124.5,124.45,4000,124.5,4000,16000,32260000
IOC-I.NFO,07/01/2020,11:14:31,124.5,124.45,4000,124.5,4000,0,32260000
IOC-I.NFO,07/01/2020,11:14:36,124.45,124.4,4000,124.5,4000,4000,32236000
IOC-I.NFO,07/01/2020,11:14:41,124.45,124.4,4000,124.5,4000,0,32236000
IOC-I.NFO,07/01/2020,11:14:46,124.45,124.4,4000,124.5,8000,0,32236000
IOC-I.NFO,07/01/2020,11:14:57,124.45,124.3,4000,124.45,4000,0,32236000
IOC-I.NFO,07/01/2020,11:15:03,124.45,124.3,4000,124.45,16000,0,32236000
IOC-I.NFO,07/01/2020,11:15:10,124.45,124.3,4000,124.45,12000,0,32236000
IOC-I.NFO,07/01/2020,11:15:15,124.45,124.3,4000,124.45,8000,0,32236000
IOC-I.NFO,07/01/2020,11:15:20,124.45,124.3,4000,124.45,12000,0,32236000
IOC-I.NFO,07/01/2020,11:15:31,124.45,124.3,4000,124.45,8000,4000,32236000
IOC-I.NFO,07/01/2020,11:15:37,124.3,124.3,4000,124.4,8000,12000,32236000
IOC-I.NFO,07/01/2020,11:15:42,124.3,124.25,12000,124.35,4000,0,32236000
IOC-I.NFO,07/01/2020,11:15:52,124.35,124.3,4000,124.4,8000,4000,32236000
IOC-I.NFO,07/01/2020,11:15:57,124.35,124.3,12000,124.4,12000,0,32236000
IOC-I.NFO,07/01/2020,11:16:10,124.35,124.3,4000,124.4,12000,0,32236000
IOC-I.NFO,07/01/2020,11:16:17,124.35,124.3,4000,124.35,4000,4000,32236000
IOC-I.NFO,07/01/2020,11:16:23,124.3,124.25,16000,124.35,8000,4000,32236000
IOC-I.NFO,07/01/2020,11:16:29,124.3,124.25,12000,124.35,8000,0,32236000
IOC-I.NFO,07/01/2020,11:16:35,124.3,124.25,12000,124.35,4000,4000,32236000
IOC-I.NFO,07/01/2020,11:16:40,124.3,124.25,12000,124.35,4000,0,32236000
IOC-I.NFO,07/01/2020,11:16:52,124.25,124.25,8000,124.3,4000,4000,32236000
IOC-I.NFO,07/01/2020,11:17:13,124.25,124.25,4000,124.3,8000,4000,32236000
IOC-I.NFO,07/01/2020,11:17:18,124.25,124.25,4000,124.3,8000,0,32236000
IOC-I.NFO,07/01/2020,11:17:22,124.25,124.2,4000,124.3,8000,8000,32236000
IOC-I.NFO,07/01/2020,11:17:27,124.25,124.2,4000,124.25,4000,0,32236000
IOC-I.NFO,07/01/2020,11:17:38,124.2,124.15,4000,124.25,12000,8000,32232000
IOC-I.NFO,07/01/2020,11:17:45,124.25,124.15,4000,124.25,8000,4000,32232000
IOC-I.NFO,07/01/2020,11:17:55,124.15,124.1,12000,124.25,12000,4000,32232000
IOC-I.NFO,07/01/2020,11:17:59,124.15,124.1,12000,124.25,12000,0,32232000
IOC-I.NFO,07/01/2020,11:18:04,124.1,124.1,4000,124.2,8000,12000,32232000
IOC-I.NFO,07/01/2020,11:18:10,124.2,124.1,4000,124.2,8000,4000,32232000
IOC-I.NFO,07/01/2020,11:18:16,124.2,124.1,4000,124.2,4000,4000,32232000
IOC-I.NFO,07/01/2020,11:18:21,124.2,124.1,4000,124.2,4000,0,32232000
IOC-I.NFO,07/01/2020,11:18:30,124.2,124.15,4000,124.2,4000,0,32232000
IOC-I.NFO,07/01/2020,11:18:35,124.2,124.15,4000,124.25,4000,4000,32232000
IOC-I.NFO,07/01/2020,11:18:41,124.4,124.4,4000,124.5,4000,44000,32232000
IOC-I.NFO,07/01/2020,11:18:48,124.4,124.35,12000,124.5,4000,4000,32232000
IOC-I.NFO,07/01/2020,11:18:54,124.4,124.35,8000,124.5,4000,0,32232000
IOC-I.NFO,07/01/2020,11:19:00,124.4,124.4,12000,124.55,20000,0,32232000
IOC-I.NFO,07/01/2020,11:19:05,124.4,124.35,4000,124.5,4000,4000,32232000
IOC-I.NFO,07/01/2020,11:19:11,124.4,124.35,8000,124.5,16000,0,32232000
IOC-I.NFO,07/01/2020,11:19:25,124.4,124.35,4000,124.5,16000,0,32232000
IOC-I.NFO,07/01/2020,11:19:39,124.4,124.35,4000,124.5,20000,0,32232000
IOC-I.NFO,07/01/2020,11:19:45,124.4,124.35,8000,124.5,12000,0,32232000
IOC-I.NFO,07/01/2020,11:19:51,124.4,124.35,8000,124.5,24000,0,32232000
IOC-I.NFO,07/01/2020,11:20:01,124.4,124.35,8000,124.5,16000,0,32232000
IOC-I.NFO,07/01/2020,11:20:19,124.45,124.35,12000,124.45,4000,4000,32232000
IOC-I.NFO,07/01/2020,11:20:24,124.45,124.35,12000,124.45,4000,0,32232000
IOC-I.NFO,07/01/2020,11:20:29,124.35,124.35,4000,124.45,4000,4000,32232000
IOC-I.NFO,07/01/2020,11:20:35,124.35,124.35,4000,124.45,4000,0,32232000
IOC-I.NFO,07/01/2020,11:20:40,124.35,124.35,4000,124.45,8000,0,32232000
IOC-I.NFO,07/01/2020,11:21:07,124.45,124.35,4000,124.45,4000,4000,32260000
IOC-I.NFO,07/01/2020,11:21:11,124.45,124.35,4000,124.45,4000,0,32260000
IOC-I.NFO,07/01/2020,11:21:20,124.45,124.3,12000,124.45,8000,0,32260000
IOC-I.NFO,07/01/2020,11:21:25,124.45,124.3,12000,124.45,12000,0,32260000
IOC-I.NFO,07/01/2020,11:21:38,124.45,124.3,8000,124.45,12000,0,32260000
IOC-I.NFO,07/01/2020,11:21:43,124.45,124.3,8000,124.4,4000,0,32260000
IOC-I.NFO,07/01/2020,11:21:48,124.45,124.3,8000,124.4,8000,0,32260000
IOC-I.NFO,07/01/2020,11:22:13,124.45,124.3,8000,124.4,12000,0,32260000
IOC-I.NFO,07/01/2020,11:22:21,124.45,124.3,8000,124.4,8000,0,32260000
IOC-I.NFO,07/01/2020,11:22:26,124.45,124.3,8000,124.4,12000,0,32260000
IOC-I.NFO,07/01/2020,11:22:31,124.4,124.35,4000,124.5,16000,8000,32260000
IOC-I.NFO,07/01/2020,11:22:36,124.4,124.4,4000,124.5,8000,0,32260000
IOC-I.NFO,07/01/2020,11:22:41,124.4,124.35,8000,124.5,16000,0,32260000
IOC-I.NFO,07/01/2020,11:22:45,124.4,124.4,4000,124.5,8000,0,32260000
IOC-I.NFO,07/01/2020,11:22:49,124.4,124.4,8000,124.5,8000,0,32260000
IOC-I.NFO,07/01/2020,11:22:54,124.4,124.4,8000,124.5,4000,0,32260000
IOC-I.NFO,07/01/2020,11:23:00,124.6,124.55,4000,124.65,4000,40000,32260000
IOC-I.NFO,07/01/2020,11:23:05,124.6,124.5,8000,124.65,12000,0,32260000
IOC-I.NFO,07/01/2020,11:23:16,124.45,124.4,8000,124.5,28000,16000,32260000
IOC-I.NFO,07/01/2020,11:23:21,124.45,124.4,8000,124.5,32000,0,32260000
IOC-I.NFO,07/01/2020,11:23:29,124.45,124.4,8000,124.5,28000,0,32260000
IOC-I.NFO,07/01/2020,11:23:42,124.5,124.45,20000,124.6,8000,28000,32256000
IOC-I.NFO,07/01/2020,11:23:47,124.5,124.45,20000,124.6,8000,0,32256000
IOC-I.NFO,07/01/2020,11:23:51,124.5,124.5,4000,124.6,4000,0,32256000
IOC-I.NFO,07/01/2020,11:23:56,124.5,124.5,8000,124.65,4000,0,32256000
IOC-I.NFO,07/01/2020,11:24:02,124.65,124.55,8000,124.7,20000,4000,32256000
IOC-I.NFO,07/01/2020,11:24:08,124.65,124.55,8000,124.7,20000,0,32256000
IOC-I.NFO,07/01/2020,11:24:23,124.65,124.6,4000,124.7,16000,0,32256000
IOC-I.NFO,07/01/2020,11:24:28,124.65,124.6,8000,124.7,16000,0,32256000
IOC-I.NFO,07/01/2020,11:24:32,124.7,124.65,8000,124.75,16000,12000,32256000
IOC-I.NFO,07/01/2020,11:24:37,124.7,124.65,12000,124.75,16000,0,32256000
IOC-I.NFO,07/01/2020,11:24:46,124.7,124.65,4000,124.75,16000,0,32256000
IOC-I.NFO,07/01/2020,11:24:50,124.7,124.65,4000,124.75,20000,0,32256000
IOC-I.NFO,07/01/2020,11:24:55,124.7,124.7,4000,124.75,20000,0,32256000
IOC-I.NFO,07/01/2020,11:25:04,124.75,124.7,4000,124.8,8000,20000,32256000
IOC-I.NFO,07/01/2020,11:25:09,124.75,124.7,4000,124.8,8000,0,32256000
IOC-I.NFO,07/01/2020,11:25:18,124.75,124.7,4000,124.8,12000,0,32256000
IOC-I.NFO,07/01/2020,11:25:28,124.75,124.7,4000,124.8,8000,0,32256000
IOC-I.NFO,07/01/2020,11:25:37,124.8,124.75,4000,124.85,16000,8000,32256000
IOC-I.NFO,07/01/2020,11:25:42,124.8,124.75,8000,124.85,12000,0,32256000
IOC-I.NFO,07/01/2020,11:25:48,124.8,124.8,4000,124.9,8000,0,32256000
IOC-I.NFO,07/01/2020,11:25:57,124.8,124.8,4000,124.9,4000,4000,32256000
IOC-I.NFO,07/01/2020,11:26:02,124.8,124.75,8000,124.9,4000,0,32256000
IOC-I.NFO,07/01/2020,11:26:06,124.9,124.75,12000,124.9,8000,4000,32256000
IOC-I.NFO,07/01/2020,11:26:09,124.9,124.75,12000,124.9,8000,0,32256000
IOC-I.NFO,07/01/2020,11:26:12,124.85,124.75,8000,124.9,8000,4000,32256000
IOC-I.NFO,07/01/2020,11:26:16,124.85,124.75,8000,124.9,8000,0,32256000
IOC-I.NFO,07/01/2020,11:26:19,124.85,124.75,12000,124.9,8000,0,32256000
IOC-I.NFO,07/01/2020,11:26:24,124.8,124.8,8000,124.9,8000,4000,32256000
IOC-I.NFO,07/01/2020,11:26:28,124.8,124.8,8000,124.9,8000,0,32256000
IOC-I.NFO,07/01/2020,11:26:33,124.8,124.85,4000,124.95,8000,0,32256000
IOC-I.NFO,07/01/2020,11:26:38,124.8,124.8,8000,124.95,8000,0,32256000
IOC-I.NFO,07/01/2020,11:26:44,124.8,124.8,8000,124.9,8000,0,32256000
IOC-I.NFO,07/01/2020,11:27:01,124.8,124.75,12000,124.85,4000,8000,32260000
IOC-I.NFO,07/01/2020,11:27:05,124.8,124.75,8000,124.8,4000,0,32260000
IOC-I.NFO,07/01/2020,11:27:08,124.75,124.7,12000,124.8,4000,4000,32260000
IOC-I.NFO,07/01/2020,11:27:11,124.75,124.7,12000,124.8,4000,0,32260000
IOC-I.NFO,07/01/2020,11:27:30,124.75,124.7,12000,124.8,8000,0,32260000
IOC-I.NFO,07/01/2020,11:27:43,124.75,124.7,12000,124.8,12000,0,32260000
IOC-I.NFO,07/01/2020,11:27:50,124.75,124.7,12000,124.8,8000,0,32260000
IOC-I.NFO,07/01/2020,11:28:11,124.75,124.75,4000,124.8,8000,0,32260000
IOC-I.NFO,07/01/2020,11:28:14,124.75,124.7,16000,124.8,8000,0,32260000
IOC-I.NFO,07/01/2020,11:28:25,124.75,124.7,20000,124.8,8000,0,32260000
IOC-I.NFO,07/01/2020,11:28:29,124.75,124.7,16000,124.8,8000,0,32260000
IOC-I.NFO,07/01/2020,11:28:32,124.7,124.7,12000,124.8,8000,4000,32260000
IOC-I.NFO,07/01/2020,11:28:35,124.7,124.7,12000,124.8,8000,0,32260000
IOC-I.NFO,07/01/2020,11:28:45,124.8,124.8,4000,124.85,4000,8000,32260000
IOC-I.NFO,07/01/2020,11:28:48,124.8,124.8,4000,124.85,4000,0,32260000
IOC-I.NFO,07/01/2020,11:28:52,124.8,124.8,8000,124.85,4000,0,32260000
IOC-I.NFO,07/01/2020,11:29:00,124.8,124.8,4000,124.85,4000,24000,32260000
IOC-I.NFO,07/01/2020,11:29:03,124.8,124.8,4000,124.85,4000,0,32260000
IOC-I.NFO,07/01/2020,11:29:06,124.8,124.75,8000,124.85,4000,0,32260000
IOC-I.NFO,07/01/2020,11:29:11,124.8,124.8,4000,124.85,4000,0,32260000
IOC-I.NFO,07/01/2020,11:29:19,124.8,124.8,4000,124.85,4000,8000,32260000
IOC-I.NFO,07/01/2020,11:29:22,124.8,124.8,4000,124.85,4000,0,32260000
IOC-I.NFO,07/01/2020,11:29:25,124.8,124.75,8000,124.8,8000,4000,32260000
IOC-I.NFO,07/01/2020,11:29:29,124.8,124.75,4000,124.8,4000,4000,32260000
IOC-I.NFO,07/01/2020,11:29:33,124.8,124.75,4000,124.8,4000,0,32260000
IOC-I.NFO,07/01/2020,11:29:36,124.8,124.75,4000,124.8,12000,0,32260000
IOC-I.NFO,07/01/2020,11:29:40,124.7,124.6,4000,124.7,32000,12000,32252000
IOC-I.NFO,07/01/2020,11:29:44,124.7,124.6,4000,124.7,40000,0,32252000
IOC-I.NFO,07/01/2020,11:29:47,124.7,124.55,12000,124.7,44000,0,32252000
IOC-I.NFO,07/01/2020,11:29:51,124.6,124.55,8000,124.65,4000,8000,32252000
IOC-I.NFO,07/01/2020,11:29:55,124.6,124.55,8000,124.65,4000,0,32252000
IOC-I.NFO,07/01/2020,11:30:01,124.65,124.6,4000,124.7,40000,4000,32252000
IOC-I.NFO,07/01/2020,11:30:04,124.65,124.6,4000,124.7,36000,0,32252000
IOC-I.NFO,07/01/2020,11:30:15,124.65,124.55,8000,124.65,4000,0,32252000
IOC-I.NFO,07/01/2020,11:30:25,124.65,124.55,16000,124.65,4000,0,32252000
IOC-I.NFO,07/01/2020,11:30:33,124.65,124.6,8000,124.7,32000,4000,32252000
IOC-I.NFO,07/01/2020,11:30:36,124.65,124.6,8000,124.7,32000,0,32252000
IOC-I.NFO,07/01/2020,11:30:43,124.6,124.6,4000,124.7,32000,40000,32252000
IOC-I.NFO,07/01/2020,11:30:45,124.6,124.6,8000,124.7,32000,0,32252000
IOC-I.NFO,07/01/2020,11:30:49,124.6,124.6,12000,124.7,32000,0,32252000
IOC-I.NFO,07/01/2020,11:30:52,124.6,124.6,12000,124.65,4000,0,32252000
IOC-I.NFO,07/01/2020,11:30:54,124.65,124.65,8000,124.7,36000,4000,32252000
IOC-I.NFO,07/01/2020,11:30:57,124.65,124.65,8000,124.7,36000,0,32252000
IOC-I.NFO,07/01/2020,11:31:00,124.7,124.75,8000,124.8,4000,36000,32252000
IOC-I.NFO,07/01/2020,11:31:07,125,124.9,8000,125,36000,40000,32252000
IOC-I.NFO,07/01/2020,11:31:13,125.2,125.1,8000,125.2,4000,84000,32252000
IOC-I.NFO,07/01/2020,11:31:18,125.1,125.05,16000,125.2,8000,4000,32252000
IOC-I.NFO,07/01/2020,11:31:22,125.1,125.05,12000,125.2,8000,0,32252000
IOC-I.NFO,07/01/2020,11:31:26,125.05,125,8000,125.1,4000,12000,32252000
IOC-I.NFO,07/01/2020,11:31:31,125.05,125,8000,125.1,4000,0,32252000
IOC-I.NFO,07/01/2020,11:31:35,125.15,125.05,8000,125.2,8000,8000,32252000
IOC-I.NFO,07/01/2020,11:31:39,125.05,125,12000,125.15,12000,4000,32252000
IOC-I.NFO,07/01/2020,11:31:43,125.05,125.05,4000,125.15,4000,4000,32252000
IOC-I.NFO,07/01/2020,11:31:48,125.1,125.05,4000,125.15,4000,8000,32252000
IOC-I.NFO,07/01/2020,11:31:54,125,125,12000,125.15,8000,4000,32252000
IOC-I.NFO,07/01/2020,11:32:01,125,125,16000,125.15,8000,4000,32252000
IOC-I.NFO,07/01/2020,11:32:06,125.1,125,8000,125.15,12000,4000,32252000
IOC-I.NFO,07/01/2020,11:32:12,125.1,125,4000,125.1,4000,0,32252000
IOC-I.NFO,07/01/2020,11:32:17,125.1,125,4000,125.1,12000,0,32252000
IOC-I.NFO,07/01/2020,11:32:26,125,124.95,12000,125.1,12000,4000,32252000
IOC-I.NFO,07/01/2020,11:32:31,125,124.95,12000,125.1,12000,0,32252000
IOC-I.NFO,07/01/2020,11:32:36,125,124.9,4000,125.05,12000,0,32252000
IOC-I.NFO,07/01/2020,11:32:41,125,124.9,4000,125,4000,0,32252000
IOC-I.NFO,07/01/2020,11:32:46,125,125,4000,125.05,4000,4000,32208000
IOC-I.NFO,07/01/2020,11:32:50,125,125,4000,125.05,4000,0,32208000
IOC-I.NFO,07/01/2020,11:32:55,125.05,125,8000,125.05,4000,4000,32208000
IOC-I.NFO,07/01/2020,11:32:59,125.05,125,8000,125.05,4000,0,32208000
IOC-I.NFO,07/01/2020,11:33:04,125,125,8000,125.1,8000,8000,32208000
IOC-I.NFO,07/01/2020,11:33:08,125,125,4000,125.1,12000,0,32208000
IOC-I.NFO,07/01/2020,11:33:15,125,125,4000,125.1,8000,0,32208000
IOC-I.NFO,07/01/2020,11:33:28,125,125,4000,125.1,4000,0,32208000
IOC-I.NFO,07/01/2020,11:33:37,125,124.95,4000,125.05,4000,4000,32208000
IOC-I.NFO,07/01/2020,11:33:50,125,124.9,8000,125.05,8000,0,32208000
IOC-I.NFO,07/01/2020,11:33:54,125,124.95,8000,125.1,16000,0,32208000
IOC-I.NFO,07/01/2020,11:34:00,125,124.95,12000,125.1,16000,0,32208000
IOC-I.NFO,07/01/2020,11:34:06,125,125,8000,125.1,4000,0,32208000
IOC-I.NFO,07/01/2020,11:34:13,125,125,12000,125.1,4000,0,32208000
IOC-I.NFO,07/01/2020,11:34:19,125,125,4000,125.1,4000,0,32208000
IOC-I.NFO,07/01/2020,11:34:49,125,124.95,4000,125.1,8000,0,32208000
IOC-I.NFO,07/01/2020,11:34:55,125,124.95,8000,125.05,4000,0,32208000
IOC-I.NFO,07/01/2020,11:35:06,124.95,125,4000,125.1,8000,8000,32208000
IOC-I.NFO,07/01/2020,11:35:12,124.95,125,4000,125.1,4000,0,32208000
