Ticker,Date,Time,LTP,BuyPrice,BuyQty,SellPrice,SellQty,LTQ,OpenInterest
JUBLFOOD-I.NFO,07/01/2020,09:15:05,1691,1688.85,1500,1693.15,1000,500,2564500
JUBLFOOD-I.NFO,07/01/2020,09:15:05,1691,1688.85,1500,1693.15,1000,0,2564500
JUBLFOOD-I.NFO,07/01/2020,09:15:05,1691,1688.85,1500,1693.15,1000,0,2564500
JUBLFOOD-I.NFO,07/01/2020,09:15:05,1691,1688.85,1500,1693.15,1000,0,2564500
JUBLFOOD-I.NFO,07/01/2020,09:15:13,1689,1688.1,500,1690.85,500,1000,2564500
JUBLFOOD-I.NFO,07/01/2020,09:15:13,1689,1688.1,500,1690.85,500,0,2564500
JUBLFOOD-I.NFO,07/01/2020,09:15:23,1690,1688.75,500,1691.3,500,1500,2564500
JUBLFOOD-I.NFO,07/01/2020,09:15:33,1689,1688.2,500,1691.6,1000,2000,2564500
JUBLFOOD-I.NFO,07/01/2020,09:15:33,1688.75,1688.2,500,1691.6,1000,0,2564500
JUBLFOOD-I.NFO,07/01/2020,09:15:44,1689,1687.05,1000,1689.95,500,5000,2564500
JUBLFOOD-I.NFO,07/01/2020,09:15:44,1691.6,1687.05,1000,1689.95,500,0,2564500
JUBLFOOD-I.NFO,07/01/2020,09:15:44,1688,1687.05,1000,1689.95,500,0,2564500
JUBLFOOD-I.NFO,07/01/2020,09:15:54,1688.95,1686.2,500,1689.75,500,2000,2564500
JUBLFOOD-I.NFO,07/01/2020,09:15:54,1685.45,1686.2,500,1689.75,500,0,2564500
JUBLFOOD-I.NFO,07/01/2020,09:16:05,1687.95,1686.5,1000,1688,2000,2000,2564500
JUBLFOOD-I.NFO,07/01/2020,09:16:16,1685.35,1685,1000,1687.1,500,3500,2564500
JUBLFOOD-I.NFO,07/01/2020,09:16:16,1685.35,1685,1000,1687.1,500,0,2564500
JUBLFOOD-I.NFO,07/01/2020,09:16:27,1686,1685,2000,1686.65,1000,1000,2564500
JUBLFOOD-I.NFO,07/01/2020,09:16:38,1686,1685.1,500,1687.35,1000,1500,2564500
JUBLFOOD-I.NFO,07/01/2020,09:16:49,1686,1685,1500,1686.9,500,2000,2564500
JUBLFOOD-I.NFO,07/01/2020,09:16:49,1685.1,1685,1500,1686.9,500,0,2564500
JUBLFOOD-I.NFO,07/01/2020,09:16:59,1686,1686,1000,1687,1000,2500,2564500
JUBLFOOD-I.NFO,07/01/2020,09:17:09,1689.25,1687.65,1000,1689.8,500,8000,2564500
JUBLFOOD-I.NFO,07/01/2020,09:17:09,1685,1687.65,1000,1689.8,500,0,2564500
JUBLFOOD-I.NFO,07/01/2020,09:17:13,1687.65,1688.75,1000,1690,3500,500,2575500
JUBLFOOD-I.NFO,07/01/2020,09:17:14,1687.65,1688.75,1000,1690,3500,0,2575500
JUBLFOOD-I.NFO,07/01/2020,09:17:16,1690,1689.45,1000,1691,1000,3500,2575500
JUBLFOOD-I.NFO,07/01/2020,09:17:17,1690,1689.45,1000,1691,1000,0,2575500
JUBLFOOD-I.NFO,07/01/2020,09:17:20,1690,1689.45,500,1690.95,1000,0,2575500
JUBLFOOD-I.NFO,07/01/2020,09:17:21,1691,1690.75,500,1691.5,500,1000,2575500
JUBLFOOD-I.NFO,07/01/2020,09:17:22,1691,1690.75,500,1691.4,1000,0,2575500
JUBLFOOD-I.NFO,07/01/2020,09:17:23,1691.4,1690.1,1000,1691.4,500,1500,2575500
JUBLFOOD-I.NFO,07/01/2020,09:17:24,1691.4,1690.25,1000,1691.35,500,0,2575500
JUBLFOOD-I.NFO,07/01/2020,09:17:25,1691.4,1690,500,1690.7,500,0,2575500
JUBLFOOD-I.NFO,07/01/2020,09:17:26,1690,1689.1,500,1690.7,500,500,2575500
JUBLFOOD-I.NFO,07/01/2020,09:17:27,1690,1689.1,500,1690.7,500,0,2575500
JUBLFOOD-I.NFO,07/01/2020,09:17:28,1690,1687.75,500,1689.95,500,0,2575500
JUBLFOOD-I.NFO,07/01/2020,09:17:29,1690,1688.15,500,1690.05,500,0,2575500
JUBLFOOD-I.NFO,07/01/2020,09:17:30,1689.35,1688.55,1000,1690.25,500,3500,2575500
JUBLFOOD-I.NFO,07/01/2020,09:17:31,1689.35,1688.4,500,1690.1,500,0,2575500
JUBLFOOD-I.NFO,07/01/2020,09:17:32,1688.4,1686.7,500,1689.9,500,500,2575500
JUBLFOOD-I.NFO,07/01/2020,09:17:33,1688.4,1686.8,500,1689.15,500,0,2575500
JUBLFOOD-I.NFO,07/01/2020,09:17:34,1688.4,1687.05,500,1689.4,1000,0,2575500
JUBLFOOD-I.NFO,07/01/2020,09:17:36,1688.4,1688.4,500,1689.85,500,0,2575500
JUBLFOOD-I.NFO,07/01/2020,09:17:37,1688.4,1688.4,1000,1689.95,500,0,2575500
JUBLFOOD-I.NFO,07/01/2020,09:17:38,1688.4,1688.45,500,1690.2,500,0,2575500
JUBLFOOD-I.NFO,07/01/2020,09:17:39,1688.4,1688.45,500,1689.95,500,0,2575500
JUBLFOOD-I.NFO,07/01/2020,09:17:40,1688,1687.05,500,1689.6,500,3500,2575500
JUBLFOOD-I.NFO,07/01/2020,09:17:41,1687.05,1687.05,500,1689.25,500,500,2575500
JUBLFOOD-I.NFO,07/01/2020,09:17:42,1687.15,1687.05,500,1689.3,500,500,2575500
JUBLFOOD-I.NFO,07/01/2020,09:17:44,1687.15,1687,500,1689.05,500,0,2575500
JUBLFOOD-I.NFO,07/01/2020,09:17:45,1688.55,1687.15,1000,1688.9,500,1000,2575500
JUBLFOOD-I.NFO,07/01/2020,09:17:46,1688.55,1687.05,500,1688.8,500,0,2575500
JUBLFOOD-I.NFO,07/01/2020,09:17:47,1688.55,1687.05,500,1688.85,500,0,2575500
JUBLFOOD-I.NFO,07/01/2020,09:17:48,1688.55,1687.05,500,1688.65,500,0,2575500
JUBLFOOD-I.NFO,07/01/2020,09:17:49,1687.05,1686.2,1000,1688.9,1000,500,2575500
JUBLFOOD-I.NFO,07/01/2020,09:17:50,1687.05,1686.2,1000,1688.9,1000,0,2575500
JUBLFOOD-I.NFO,07/01/2020,09:17:52,1687.05,1686.3,500,1688.65,1500,1000,2575500
JUBLFOOD-I.NFO,07/01/2020,09:17:53,1686.4,1686.35,500,1688.45,500,500,2575500
JUBLFOOD-I.NFO,07/01/2020,09:17:53,1686.4,1687.1,500,1688.8,500,0,2575500
JUBLFOOD-I.NFO,07/01/2020,09:17:54,1686.4,1687.1,500,1688.9,1000,0,2575500
JUBLFOOD-I.NFO,07/01/2020,09:17:55,1688.75,1687.15,500,1689,1000,1000,2575500
JUBLFOOD-I.NFO,07/01/2020,09:17:56,1689,1688.2,1500,1690,1000,1500,2575500
JUBLFOOD-I.NFO,07/01/2020,09:17:57,1688.2,1688.25,1000,1689.95,500,500,2575500
JUBLFOOD-I.NFO,07/01/2020,09:17:58,1688.2,1688.35,1000,1689.95,500,0,2575500
JUBLFOOD-I.NFO,07/01/2020,09:18:00,1688.2,1688.15,500,1689.95,500,0,2575500
JUBLFOOD-I.NFO,07/01/2020,09:18:04,1688.2,1688.35,1000,1690,1000,0,2575500
JUBLFOOD-I.NFO,07/01/2020,09:18:05,1688.2,1688.35,1000,1689.95,500,0,2575500
JUBLFOOD-I.NFO,07/01/2020,09:18:06,1689.3,1689.6,500,1690.25,500,1500,2575500
JUBLFOOD-I.NFO,07/01/2020,09:18:08,1689.3,1689.45,500,1690.25,500,0,2575500
JUBLFOOD-I.NFO,07/01/2020,09:18:08,1689.3,1689.3,500,1690.25,500,0,2575500
JUBLFOOD-I.NFO,07/01/2020,09:18:09,1690.25,1689.8,500,1691.3,500,500,2575500
JUBLFOOD-I.NFO,07/01/2020,09:18:10,1690,1689.95,500,1691.3,500,500,2575500
JUBLFOOD-I.NFO,07/01/2020,09:18:11,1690,1690,500,1691.35,500,0,2575500
JUBLFOOD-I.NFO,07/01/2020,09:18:13,1690,1689.35,500,1689.95,500,500,2575500
JUBLFOOD-I.NFO,07/01/2020,09:18:14,1690,1689.35,500,1689.95,500,0,2575500
JUBLFOOD-I.NFO,07/01/2020,09:18:17,1690,1689.35,500,1689.85,500,0,2575500
JUBLFOOD-I.NFO,07/01/2020,09:18:18,1690,1689.35,500,1689.9,500,0,2575500
JUBLFOOD-I.NFO,07/01/2020,09:18:20,1690,1689.35,500,1689.95,500,0,2575500
JUBLFOOD-I.NFO,07/01/2020,09:18:21,1690,1689.35,500,1690,4500,0,2575500
JUBLFOOD-I.NFO,07/01/2020,09:18:22,1690,1689.35,500,1689.5,500,0,2575500
JUBLFOOD-I.NFO,07/01/2020,09:18:24,1689.35,1688.95,500,1689.3,500,500,2575500
JUBLFOOD-I.NFO,07/01/2020,09:18:25,1688.95,1688.2,500,1689.2,500,1000,2575500
JUBLFOOD-I.NFO,07/01/2020,09:18:26,1688.95,1688.2,500,1689.3,500,0,2575500
JUBLFOOD-I.NFO,07/01/2020,09:18:28,1688.95,1688.2,500,1689.25,500,0,2575500
JUBLFOOD-I.NFO,07/01/2020,09:18:28,1689.25,1688.25,500,1689.3,500,500,2575500
JUBLFOOD-I.NFO,07/01/2020,09:18:29,1689.25,1688.2,500,1688.9,500,0,2575500
JUBLFOOD-I.NFO,07/01/2020,09:18:31,1689.25,1688.25,500,1688.9,500,0,2575500
JUBLFOOD-I.NFO,07/01/2020,09:18:34,1688.25,1688.2,500,1688.9,500,2500,2575500
JUBLFOOD-I.NFO,07/01/2020,09:18:35,1688.25,1688.2,500,1689.2,500,0,2575500
JUBLFOOD-I.NFO,07/01/2020,09:18:36,1688.25,1688.2,500,1688.85,500,0,2575500
JUBLFOOD-I.NFO,07/01/2020,09:18:37,1688.25,1688.2,500,1689.2,500,0,2575500
JUBLFOOD-I.NFO,07/01/2020,09:18:38,1688,1687.1,500,1688.5,500,3000,2575500
JUBLFOOD-I.NFO,07/01/2020,09:18:39,1688,1687.1,500,1688.6,500,0,2575500
JUBLFOOD-I.NFO,07/01/2020,09:18:41,1688,1687.1,500,1688.25,500,0,2575500
JUBLFOOD-I.NFO,07/01/2020,09:18:42,1688,1687.1,500,1688.3,1000,0,2575500
JUBLFOOD-I.NFO,07/01/2020,09:18:42,1688,1687.1,500,1688,500,0,2575500
JUBLFOOD-I.NFO,07/01/2020,09:18:43,1688,1687.1,500,1688.35,500,0,2575500
JUBLFOOD-I.NFO,07/01/2020,09:18:45,1688,1687.1,500,1688,1000,0,2575500
JUBLFOOD-I.NFO,07/01/2020,09:18:49,1688,1687.1,500,1687.8,500,0,2575500
JUBLFOOD-I.NFO,07/01/2020,09:18:51,1687.8,1687.15,500,1688,1000,500,2575500
JUBLFOOD-I.NFO,07/01/2020,09:18:52,1687.8,1687.15,500,1687.9,1000,0,2575500
JUBLFOOD-I.NFO,07/01/2020,09:18:53,1687.8,1687.1,500,1687.65,500,0,2575500
JUBLFOOD-I.NFO,07/01/2020,09:18:54,1687.5,1687,500,1687.65,500,1000,2575500
JUBLFOOD-I.NFO,07/01/2020,09:18:55,1687.5,1687,500,1687.75,500,0,2575500
JUBLFOOD-I.NFO,07/01/2020,09:18:56,1687.5,1687,500,1687.8,1000,0,2575500
JUBLFOOD-I.NFO,07/01/2020,09:18:58,1687.65,1687,500,1687.8,500,500,2575500
JUBLFOOD-I.NFO,07/01/2020,09:18:58,1687.65,1687,500,1687.75,500,0,2575500
JUBLFOOD-I.NFO,07/01/2020,09:18:59,1687.65,1687,500,1687.85,500,0,2575500
JUBLFOOD-I.NFO,07/01/2020,09:19:00,1687.65,1687,500,1687.55,500,0,2575500
JUBLFOOD-I.NFO,07/01/2020,09:19:01,1687.65,1687,500,1687.5,1000,0,2575500
JUBLFOOD-I.NFO,07/01/2020,09:19:02,1687.35,1687.1,500,1687.95,500,1500,2575500
JUBLFOOD-I.NFO,07/01/2020,09:19:03,1687.35,1686.5,500,1687.9,500,0,2575500
JUBLFOOD-I.NFO,07/01/2020,09:19:04,1687.35,1687.05,500,1688,500,0,2575500
JUBLFOOD-I.NFO,07/01/2020,09:19:05,1687.35,1687.15,500,1688,500,0,2575500
JUBLFOOD-I.NFO,07/01/2020,09:19:07,1687.35,1687.05,500,1688,500,0,2575500
JUBLFOOD-I.NFO,07/01/2020,09:19:09,1687.35,1687.15,500,1688,500,0,2575500
JUBLFOOD-I.NFO,07/01/2020,09:19:10,1687.35,1687.05,500,1688,500,0,2575500
JUBLFOOD-I.NFO,07/01/2020,09:19:11,1688,1687.4,500,1688.8,500,500,2575500
JUBLFOOD-I.NFO,07/01/2020,09:19:12,1688,1687.4,500,1688.8,500,0,2575500
JUBLFOOD-I.NFO,07/01/2020,09:19:14,1687.4,1687.2,500,1689.15,500,500,2575500
JUBLFOOD-I.NFO,07/01/2020,09:19:15,1687.4,1687.35,500,1688.75,500,0,2575500
JUBLFOOD-I.NFO,07/01/2020,09:19:18,1687.4,1687.45,500,1689.15,500,0,2575500
JUBLFOOD-I.NFO,07/01/2020,09:19:20,1687.4,1687.45,500,1688.95,1000,0,2575500
JUBLFOOD-I.NFO,07/01/2020,09:19:22,1687.4,1687.85,500,1689.1,500,0,2575500
JUBLFOOD-I.NFO,07/01/2020,09:19:23,1687.4,1688.05,1000,1689.5,500,0,2575500
JUBLFOOD-I.NFO,07/01/2020,09:19:24,1687.4,1688.25,500,1689.45,500,0,2575500
JUBLFOOD-I.NFO,07/01/2020,09:19:25,1687.4,1688.05,500,1689.5,500,0,2575500
JUBLFOOD-I.NFO,07/01/2020,09:19:26,1687.4,1688.05,500,1689.45,500,0,2575500
JUBLFOOD-I.NFO,07/01/2020,09:19:27,1687.4,1688,500,1689.45,500,0,2575500
JUBLFOOD-I.NFO,07/01/2020,09:19:28,1687.95,1687.5,500,1689.05,500,500,2575500
JUBLFOOD-I.NFO,07/01/2020,09:19:29,1687.95,1687.5,500,1689.4,500,0,2575500
JUBLFOOD-I.NFO,07/01/2020,09:19:30,1687.95,1687.55,500,1689.45,500,0,2575500
JUBLFOOD-I.NFO,07/01/2020,09:19:33,1687.95,1687.45,500,1689.45,500,0,2575500
JUBLFOOD-I.NFO,07/01/2020,09:19:33,1687.95,1687.45,500,1689.35,500,0,2575500
JUBLFOOD-I.NFO,07/01/2020,09:19:34,1687.95,1687.55,500,1689.35,500,0,2575500
JUBLFOOD-I.NFO,07/01/2020,09:19:35,1687.95,1687.55,500,1689.2,500,0,2575500
JUBLFOOD-I.NFO,07/01/2020,09:19:36,1687.95,1688.15,500,1688.95,500,0,2575500
JUBLFOOD-I.NFO,07/01/2020,09:19:39,1688.1,1687.45,500,1688.95,500,500,2575500
JUBLFOOD-I.NFO,07/01/2020,09:19:40,1688.1,1687.45,500,1688.95,500,0,2575500
JUBLFOOD-I.NFO,07/01/2020,09:19:41,1688.1,1687.45,1000,1688.95,500,0,2575500
JUBLFOOD-I.NFO,07/01/2020,09:19:42,1688.1,1687.45,500,1688.95,500,0,2575500
JUBLFOOD-I.NFO,07/01/2020,09:19:43,1688.1,1687.45,1000,1688.95,500,0,2575500
JUBLFOOD-I.NFO,07/01/2020,09:19:44,1688.1,1687.45,500,1688.95,500,0,2575500
JUBLFOOD-I.NFO,07/01/2020,09:19:45,1688.1,1687.55,500,1688.95,500,0,2575500
JUBLFOOD-I.NFO,07/01/2020,09:19:47,1688.1,1687.5,500,1688.95,500,0,2575500
JUBLFOOD-I.NFO,07/01/2020,09:19:49,1687.55,1687.45,500,1688.85,500,2000,2575500
JUBLFOOD-I.NFO,07/01/2020,09:19:49,1687.55,1687.55,500,1688.85,500,0,2575500
JUBLFOOD-I.NFO,07/01/2020,09:19:50,1687.55,1687.4,500,1688.85,500,0,2575500
JUBLFOOD-I.NFO,07/01/2020,09:19:52,1688,1688.15,1000,1689,500,500,2575500
JUBLFOOD-I.NFO,07/01/2020,09:19:52,1688,1688.15,1000,1689,500,0,2575500
JUBLFOOD-I.NFO,07/01/2020,09:19:53,1689,1688.25,1000,1689.5,500,500,2575500
JUBLFOOD-I.NFO,07/01/2020,09:19:54,1688.25,1688.25,500,1689.45,500,500,2575500
JUBLFOOD-I.NFO,07/01/2020,09:19:55,1688.25,1687.55,500,1689.35,500,500,2575500
JUBLFOOD-I.NFO,07/01/2020,09:19:56,1688.25,1687.65,500,1689.45,500,0,2575500
JUBLFOOD-I.NFO,07/01/2020,09:19:57,1688.25,1688.25,500,1689.5,500,0,2575500
JUBLFOOD-I.NFO,07/01/2020,09:19:58,1688.25,1688.45,500,1689.5,500,0,2575500
JUBLFOOD-I.NFO,07/01/2020,09:19:59,1689.5,1688.55,500,1690,5500,500,2575500
JUBLFOOD-I.NFO,07/01/2020,09:20:00,1689.5,1688.55,500,1690,5500,0,2575500
JUBLFOOD-I.NFO,07/01/2020,09:20:01,1689.5,1688.6,500,1690,5500,0,2575500
JUBLFOOD-I.NFO,07/01/2020,09:20:02,1689.5,1688.7,1000,1690,5500,0,2575500
JUBLFOOD-I.NFO,07/01/2020,09:20:03,1690,1689.05,500,1690,4500,1500,2575500
JUBLFOOD-I.NFO,07/01/2020,09:20:04,1689,1689,500,1689.95,500,500,2575500
JUBLFOOD-I.NFO,07/01/2020,09:20:05,1689,1688.95,500,1689.95,500,0,2575500
JUBLFOOD-I.NFO,07/01/2020,09:20:07,1689,1688.95,500,1689.85,500,500,2575500
JUBLFOOD-I.NFO,07/01/2020,09:20:08,1689,1688.95,500,1690,4500,0,2575500
JUBLFOOD-I.NFO,07/01/2020,09:20:09,1689,1689.05,500,1690,4500,0,2575500
JUBLFOOD-I.NFO,07/01/2020,09:20:11,1689,1689,500,1689.9,500,0,2575500
JUBLFOOD-I.NFO,07/01/2020,09:20:12,1689,1689,500,1690,4500,0,2575500
JUBLFOOD-I.NFO,07/01/2020,09:20:12,1689,1689,500,1689.9,500,0,2575500
JUBLFOOD-I.NFO,07/01/2020,09:20:13,1689.5,1689.05,500,1690,4500,500,2597000
JUBLFOOD-I.NFO,07/01/2020,09:20:14,1689.5,1689.05,500,1689.9,500,0,2597000
JUBLFOOD-I.NFO,07/01/2020,09:20:15,1689.85,1689.1,500,1689.9,500,500,2597000
JUBLFOOD-I.NFO,07/01/2020,09:20:16,1689.85,1689.1,500,1689.9,500,0,2597000
JUBLFOOD-I.NFO,07/01/2020,09:20:17,1689.1,1689.05,500,1689.9,500,500,2597000
JUBLFOOD-I.NFO,07/01/2020,09:20:18,1689.1,1689.05,500,1689.9,500,0,2597000
JUBLFOOD-I.NFO,07/01/2020,09:20:20,1689.1,1689.05,500,1689.8,500,0,2597000
JUBLFOOD-I.NFO,07/01/2020,09:20:21,1689,1688,2500,1689.7,500,1000,2597000
JUBLFOOD-I.NFO,07/01/2020,09:20:22,1689.1,1688,2500,1689.7,500,500,2597000
JUBLFOOD-I.NFO,07/01/2020,09:20:23,1689.1,1688,2500,1689.45,500,0,2597000
JUBLFOOD-I.NFO,07/01/2020,09:20:25,1689.1,1688,2500,1689.5,500,0,2597000
JUBLFOOD-I.NFO,07/01/2020,09:20:26,1688,1688,2000,1689.65,500,500,2597000
JUBLFOOD-I.NFO,07/01/2020,09:20:27,1688,1688,2000,1689.7,500,0,2597000
JUBLFOOD-I.NFO,07/01/2020,09:20:28,1688,1688,2000,1689.4,500,0,2597000
JUBLFOOD-I.NFO,07/01/2020,09:20:30,1688,1688,2000,1689.7,1000,0,2597000
JUBLFOOD-I.NFO,07/01/2020,09:20:30,1689.7,1688,2000,1689.4,500,500,2597000
JUBLFOOD-I.NFO,07/01/2020,09:20:31,1689.7,1688.05,500,1689.5,500,0,2597000
JUBLFOOD-I.NFO,07/01/2020,09:20:32,1687.5,1687.5,500,1688.8,500,3000,2597000
JUBLFOOD-I.NFO,07/01/2020,09:20:33,1687.5,1687.6,500,1688.65,500,0,2597000
JUBLFOOD-I.NFO,07/01/2020,09:20:35,1687.5,1687.6,500,1688.6,500,0,2597000
JUBLFOOD-I.NFO,07/01/2020,09:20:38,1687.5,1687.5,500,1688.85,500,0,2597000
JUBLFOOD-I.NFO,07/01/2020,09:20:40,1687.5,1687.5,500,1688.65,500,0,2597000
JUBLFOOD-I.NFO,07/01/2020,09:20:40,1687.5,1687.5,500,1688.85,500,0,2597000
JUBLFOOD-I.NFO,07/01/2020,09:20:41,1687.5,1687.5,500,1688.5,500,0,2597000
JUBLFOOD-I.NFO,07/01/2020,09:20:42,1687.5,1687.55,500,1688.95,500,0,2597000
JUBLFOOD-I.NFO,07/01/2020,09:20:43,1687.5,1687.55,500,1688.85,1500,0,2597000
JUBLFOOD-I.NFO,07/01/2020,09:20:44,1687.5,1687.55,500,1688.6,500,0,2597000
JUBLFOOD-I.NFO,07/01/2020,09:20:46,1687.5,1687.6,500,1688.85,1000,0,2597000
JUBLFOOD-I.NFO,07/01/2020,09:20:48,1688.85,1687.65,500,1689,1000,1000,2597000
JUBLFOOD-I.NFO,07/01/2020,09:20:49,1688.85,1687.55,500,1688.85,500,0,2597000
JUBLFOOD-I.NFO,07/01/2020,09:20:50,1688.85,1688.1,500,1689,1000,0,2597000
JUBLFOOD-I.NFO,07/01/2020,09:20:52,1688.85,1688.3,500,1689,1000,0,2597000
JUBLFOOD-I.NFO,07/01/2020,09:20:53,1689,1688.3,500,1689.7,500,1000,2597000
JUBLFOOD-I.NFO,07/01/2020,09:20:54,1689,1688.35,500,1689.8,500,0,2597000
JUBLFOOD-I.NFO,07/01/2020,09:20:57,1689,1688.4,500,1689.8,500,0,2597000
JUBLFOOD-I.NFO,07/01/2020,09:20:59,1689,1688.3,500,1689.8,500,0,2597000
JUBLFOOD-I.NFO,07/01/2020,09:20:59,1689,1688.4,500,1689.8,500,0,2597000
JUBLFOOD-I.NFO,07/01/2020,09:21:00,1689,1688.5,500,1689.8,500,0,2597000
JUBLFOOD-I.NFO,07/01/2020,09:21:03,1689,1688.55,500,1689.8,500,0,2597000
JUBLFOOD-I.NFO,07/01/2020,09:21:04,1689,1688.5,500,1689.8,500,0,2597000
JUBLFOOD-I.NFO,07/01/2020,09:21:05,1689.8,1688.5,500,1689.6,500,500,2597000
JUBLFOOD-I.NFO,07/01/2020,09:21:06,1689.8,1688.5,500,1689.7,500,0,2597000
JUBLFOOD-I.NFO,07/01/2020,09:21:09,1689.8,1688.5,500,1689.8,500,0,2597000
JUBLFOOD-I.NFO,07/01/2020,09:21:09,1689.8,1688.55,500,1689.8,500,0,2597000
JUBLFOOD-I.NFO,07/01/2020,09:21:10,1689.8,1688.5,500,1689.65,1000,0,2597000
JUBLFOOD-I.NFO,07/01/2020,09:21:11,1689.8,1688.7,500,1689.65,500,0,2597000
JUBLFOOD-I.NFO,07/01/2020,09:21:12,1690,1689.35,500,1690.9,500,6500,2597000
JUBLFOOD-I.NFO,07/01/2020,09:21:13,1690,1689.1,1000,1690.9,500,0,2597000
JUBLFOOD-I.NFO,07/01/2020,09:21:14,1690,1689.3,500,1690.9,500,0,2597000
JUBLFOOD-I.NFO,07/01/2020,09:21:15,1690,1689.2,500,1690.9,500,0,2597000
JUBLFOOD-I.NFO,07/01/2020,09:21:16,1690,1689.5,500,1690.9,500,0,2597000
JUBLFOOD-I.NFO,07/01/2020,09:21:17,1690,1689.2,500,1689.8,500,0,2597000
JUBLFOOD-I.NFO,07/01/2020,09:21:18,1690.9,1689.2,500,1691,1500,1000,2597000
JUBLFOOD-I.NFO,07/01/2020,09:21:19,1690.9,1689.7,500,1691,1500,0,2597000
JUBLFOOD-I.NFO,07/01/2020,09:21:20,1690.9,1689.55,500,1691,1500,0,2597000
JUBLFOOD-I.NFO,07/01/2020,09:21:21,1690,1690.05,500,1691,2000,500,2597000
JUBLFOOD-I.NFO,07/01/2020,09:21:22,1690,1689.4,1000,1691,2000,0,2597000
JUBLFOOD-I.NFO,07/01/2020,09:21:24,1690,1689.4,500,1691,2000,0,2597000
JUBLFOOD-I.NFO,07/01/2020,09:21:24,1690,1689.6,500,1691,2000,0,2597000
JUBLFOOD-I.NFO,07/01/2020,09:21:26,1690,1690.05,500,1691,2000,0,2597000
JUBLFOOD-I.NFO,07/01/2020,09:21:27,1690.05,1689.2,500,1690.95,1000,500,2597000
JUBLFOOD-I.NFO,07/01/2020,09:21:28,1690.05,1689.1,500,1690.95,1000,0,2597000
JUBLFOOD-I.NFO,07/01/2020,09:21:29,1690.05,1689.2,500,1690.8,500,0,2597000
JUBLFOOD-I.NFO,07/01/2020,09:21:30,1690.8,1689.1,500,1690.85,500,500,2597000
JUBLFOOD-I.NFO,07/01/2020,09:21:32,1690.7,1689.1,500,1690.7,500,500,2597000
JUBLFOOD-I.NFO,07/01/2020,09:21:32,1690.7,1689.1,500,1690.7,500,0,2597000
JUBLFOOD-I.NFO,07/01/2020,09:21:33,1690.7,1689.2,500,1690,500,0,2597000
JUBLFOOD-I.NFO,07/01/2020,09:21:34,1688.65,1688.05,500,1688.75,1000,3000,2597000
JUBLFOOD-I.NFO,07/01/2020,09:21:35,1688.65,1688.05,500,1688.75,1000,0,2597000
JUBLFOOD-I.NFO,07/01/2020,09:21:36,1688.75,1688.05,500,1688.75,500,500,2597000
JUBLFOOD-I.NFO,07/01/2020,09:21:37,1688.75,1688.05,500,1688.75,500,0,2597000
JUBLFOOD-I.NFO,07/01/2020,09:21:40,1688.75,1688.15,500,1689.2,500,500,2597000
JUBLFOOD-I.NFO,07/01/2020,09:21:40,1688.75,1688.05,500,1689.2,500,0,2597000
JUBLFOOD-I.NFO,07/01/2020,09:21:41,1689.2,1688.45,500,1689.95,500,500,2597000
JUBLFOOD-I.NFO,07/01/2020,09:21:43,1689.2,1688.6,500,1689.85,500,0,2597000
JUBLFOOD-I.NFO,07/01/2020,09:21:43,1689.2,1688.6,1000,1689.85,500,0,2597000
JUBLFOOD-I.NFO,07/01/2020,09:21:44,1689.2,1688.6,1500,1690,1500,0,2597000
JUBLFOOD-I.NFO,07/01/2020,09:21:45,1689.2,1688.3,500,1689.95,1000,0,2597000
JUBLFOOD-I.NFO,07/01/2020,09:21:46,1689.2,1688.5,500,1689.9,500,0,2597000
JUBLFOOD-I.NFO,07/01/2020,09:21:48,1689.2,1689.25,500,1690,1500,0,2597000
JUBLFOOD-I.NFO,07/01/2020,09:21:49,1689.2,1689.2,500,1690,1500,0,2597000
JUBLFOOD-I.NFO,07/01/2020,09:21:50,1689.2,1689.3,500,1690,1500,0,2597000
JUBLFOOD-I.NFO,07/01/2020,09:21:52,1689.2,1689.2,500,1690,1500,0,2597000
JUBLFOOD-I.NFO,07/01/2020,09:21:54,1690,1689.4,500,1690,500,1000,2597000
JUBLFOOD-I.NFO,07/01/2020,09:21:55,1690,1689.2,500,1690,500,0,2597000
JUBLFOOD-I.NFO,07/01/2020,09:22:00,1690,1689.2,500,1689.95,500,0,2597000
JUBLFOOD-I.NFO,07/01/2020,09:22:04,1690,1689.3,1500,1690,500,0,2597000
JUBLFOOD-I.NFO,07/01/2020,09:22:04,1690,1690.05,1000,1691,3000,500,2597000
JUBLFOOD-I.NFO,07/01/2020,09:22:05,1690,1690.1,500,1691,3000,0,2597000
JUBLFOOD-I.NFO,07/01/2020,09:22:08,1689.65,1689.35,500,1690.95,500,3000,2597000
JUBLFOOD-I.NFO,07/01/2020,09:22:09,1689.65,1689.25,500,1690.85,500,0,2597000
JUBLFOOD-I.NFO,07/01/2020,09:22:10,1689.25,1689.25,500,1690.7,500,500,2597000
JUBLFOOD-I.NFO,07/01/2020,09:22:11,1689.25,1689.25,500,1690,500,0,2597000
JUBLFOOD-I.NFO,07/01/2020,09:22:13,1690,1689.05,500,1690.85,500,500,2597000
JUBLFOOD-I.NFO,07/01/2020,09:22:13,1690,1689.05,500,1689.95,500,0,2597000
JUBLFOOD-I.NFO,07/01/2020,09:22:17,1689.95,1689.05,1000,1690,500,500,2597000
JUBLFOOD-I.NFO,07/01/2020,09:22:18,1689.95,1689.05,1000,1690,500,0,2597000
JUBLFOOD-I.NFO,07/01/2020,09:22:20,1690,1689.2,500,1690.8,500,500,2597000
JUBLFOOD-I.NFO,07/01/2020,09:22:22,1690,1689.2,1500,1690.8,500,0,2597000
JUBLFOOD-I.NFO,07/01/2020,09:22:22,1690,1689.3,1000,1690.85,500,0,2597000
JUBLFOOD-I.NFO,07/01/2020,09:22:23,1690,1689.35,500,1690.8,500,0,2597000
JUBLFOOD-I.NFO,07/01/2020,09:22:24,1690,1689.25,500,1690.8,500,0,2597000
JUBLFOOD-I.NFO,07/01/2020,09:22:26,1690.9,1689.35,500,1690.95,500,500,2597000
JUBLFOOD-I.NFO,07/01/2020,09:22:26,1690.9,1689.35,500,1690.95,500,0,2597000
JUBLFOOD-I.NFO,07/01/2020,09:22:27,1690.95,1689.35,500,1690.85,500,500,2597000
JUBLFOOD-I.NFO,07/01/2020,09:22:28,1690.95,1689.15,500,1690.5,500,0,2597000
JUBLFOOD-I.NFO,07/01/2020,09:22:29,1689.65,1689,1000,1690.3,1000,500,2597000
JUBLFOOD-I.NFO,07/01/2020,09:22:30,1689.65,1689,1000,1690.2,500,0,2597000
JUBLFOOD-I.NFO,07/01/2020,09:22:31,1690,1689.05,500,1690.05,500,500,2597000
JUBLFOOD-I.NFO,07/01/2020,09:22:32,1690,1689.05,1000,1689.95,500,0,2597000
JUBLFOOD-I.NFO,07/01/2020,09:22:33,1688.5,1688.35,500,1689.3,500,2000,2597000
JUBLFOOD-I.NFO,07/01/2020,09:22:34,1688.5,1688.35,500,1689.3,500,0,2597000
JUBLFOOD-I.NFO,07/01/2020,09:22:36,1688.5,1688.35,1000,1689.25,500,0,2597000
JUBLFOOD-I.NFO,07/01/2020,09:22:38,1688.3,1688.05,1000,1689,1000,500,2597000
JUBLFOOD-I.NFO,07/01/2020,09:22:38,1688.3,1688.05,1000,1689,1000,0,2597000
JUBLFOOD-I.NFO,07/01/2020,09:22:40,1688.15,1688,1000,1688.9,500,1500,2597000
JUBLFOOD-I.NFO,07/01/2020,09:22:41,1688.15,1688,1000,1688.9,500,0,2597000
JUBLFOOD-I.NFO,07/01/2020,09:22:42,1688,1687.5,1000,1688.7,500,1000,2597000
JUBLFOOD-I.NFO,07/01/2020,09:22:43,1687,1687,500,1687.75,1000,2500,2597000
JUBLFOOD-I.NFO,07/01/2020,09:22:44,1687,1687,1000,1687.75,1000,0,2597000
JUBLFOOD-I.NFO,07/01/2020,09:22:46,1687,1686,500,1687.55,1000,1000,2597000
JUBLFOOD-I.NFO,07/01/2020,09:22:46,1687,1686.05,500,1687.55,500,0,2597000
JUBLFOOD-I.NFO,07/01/2020,09:22:49,1687,1686,500,1687.55,500,0,2597000
JUBLFOOD-I.NFO,07/01/2020,09:22:50,1687,1686.05,500,1687.55,500,0,2597000
JUBLFOOD-I.NFO,07/01/2020,09:22:52,1687,1686.05,500,1687.65,500,0,2597000
JUBLFOOD-I.NFO,07/01/2020,09:22:53,1687,1686.15,500,1687.6,500,0,2597000
JUBLFOOD-I.NFO,07/01/2020,09:22:54,1686.05,1686.1,500,1687.65,500,2000,2597000
JUBLFOOD-I.NFO,07/01/2020,09:22:55,1686.05,1686.15,500,1687.7,500,0,2597000
JUBLFOOD-I.NFO,07/01/2020,09:22:56,1686.05,1686.1,500,1687.55,500,0,2597000
JUBLFOOD-I.NFO,07/01/2020,09:22:58,1687,1686.15,500,1687.45,500,500,2597000
JUBLFOOD-I.NFO,07/01/2020,09:22:58,1687,1686.15,500,1687.45,500,0,2597000
JUBLFOOD-I.NFO,07/01/2020,09:22:59,1687,1686.25,500,1687.65,500,0,2597000
JUBLFOOD-I.NFO,07/01/2020,09:23:00,1687.8,1687.05,500,1688.5,500,4000,2597000
JUBLFOOD-I.NFO,07/01/2020,09:23:01,1687.8,1686.85,500,1688.4,500,0,2597000
JUBLFOOD-I.NFO,07/01/2020,09:23:03,1687.8,1687.3,500,1688.7,500,0,2597000
JUBLFOOD-I.NFO,07/01/2020,09:23:04,1687.8,1687.3,1000,1688.6,500,0,2597000
JUBLFOOD-I.NFO,07/01/2020,09:23:06,1687.8,1687.3,1000,1688.7,500,0,2597000
JUBLFOOD-I.NFO,07/01/2020,09:23:07,1687.8,1687.3,1000,1688.65,500,0,2597000
JUBLFOOD-I.NFO,07/01/2020,09:23:09,1687.8,1687.3,1000,1688.6,1000,0,2597000
JUBLFOOD-I.NFO,07/01/2020,09:23:11,1687.8,1687.3,1000,1688.7,500,0,2597000
JUBLFOOD-I.NFO,07/01/2020,09:23:11,1687.8,1687.3,1000,1688.55,500,0,2597000
JUBLFOOD-I.NFO,07/01/2020,09:23:14,1687.8,1687,1000,1688.45,500,0,2597000
JUBLFOOD-I.NFO,07/01/2020,09:23:18,1687.8,1687.05,500,1688.3,500,0,2597000
JUBLFOOD-I.NFO,07/01/2020,09:23:19,1687.8,1687.05,500,1688.35,500,0,2597000
JUBLFOOD-I.NFO,07/01/2020,09:23:20,1687.8,1687.2,500,1688.55,500,0,2597000
JUBLFOOD-I.NFO,07/01/2020,09:23:21,1687.8,1687.3,500,1688.55,500,0,2597000
JUBLFOOD-I.NFO,07/01/2020,09:23:22,1687.8,1687.1,500,1688.35,500,0,2597000
JUBLFOOD-I.NFO,07/01/2020,09:23:23,1687.8,1687.15,500,1688.5,500,0,2597000
JUBLFOOD-I.NFO,07/01/2020,09:23:24,1688.55,1687.3,500,1688.9,500,1000,2606000
JUBLFOOD-I.NFO,07/01/2020,09:23:25,1688.55,1687.7,500,1688.9,500,0,2606000
JUBLFOOD-I.NFO,07/01/2020,09:23:27,1688.55,1687.65,500,1688.9,500,0,2606000
JUBLFOOD-I.NFO,07/01/2020,09:23:28,1688.45,1687.6,1000,1688.9,500,500,2606000
JUBLFOOD-I.NFO,07/01/2020,09:23:29,1688.45,1687.6,1000,1688.9,500,0,2606000
JUBLFOOD-I.NFO,07/01/2020,09:23:30,1688.45,1687.6,1000,1688.85,500,0,2606000
JUBLFOOD-I.NFO,07/01/2020,09:23:32,1688.85,1687.4,500,1688.9,500,500,2606000
JUBLFOOD-I.NFO,07/01/2020,09:23:33,1688.85,1687.35,500,1688.9,500,0,2606000
JUBLFOOD-I.NFO,07/01/2020,09:23:34,1688.85,1687.65,500,1688.9,500,0,2606000
JUBLFOOD-I.NFO,07/01/2020,09:23:35,1688.85,1687.75,500,1688.9,500,0,2606000
JUBLFOOD-I.NFO,07/01/2020,09:23:36,1688.85,1687.45,500,1688.9,500,0,2606000
JUBLFOOD-I.NFO,07/01/2020,09:23:37,1688.85,1687.8,500,1688.9,500,0,2606000
JUBLFOOD-I.NFO,07/01/2020,09:23:38,1688.85,1687.6,500,1688.9,500,0,2606000
JUBLFOOD-I.NFO,07/01/2020,09:23:39,1688.85,1687.55,500,1688.9,500,0,2606000
JUBLFOOD-I.NFO,07/01/2020,09:23:40,1688.85,1687.45,500,1688.9,500,0,2606000
JUBLFOOD-I.NFO,07/01/2020,09:23:41,1688.85,1687.35,500,1688.85,500,0,2606000
JUBLFOOD-I.NFO,07/01/2020,09:23:42,1688.85,1687.05,500,1688.7,500,0,2606000
JUBLFOOD-I.NFO,07/01/2020,09:23:43,1688,1687.55,1000,1688.7,500,500,2606000
JUBLFOOD-I.NFO,07/01/2020,09:23:44,1688,1686.9,500,1688.45,500,0,2606000
JUBLFOOD-I.NFO,07/01/2020,09:23:45,1688,1687,1000,1688.45,500,0,2606000
JUBLFOOD-I.NFO,07/01/2020,09:23:46,1688.8,1687.65,500,1688.85,500,2000,2606000
JUBLFOOD-I.NFO,07/01/2020,09:23:47,1688.8,1687.75,500,1688.85,500,0,2606000
JUBLFOOD-I.NFO,07/01/2020,09:23:48,1688.8,1687.8,500,1688.85,500,0,2606000
JUBLFOOD-I.NFO,07/01/2020,09:23:49,1688.8,1687.9,500,1688.85,500,0,2606000
JUBLFOOD-I.NFO,07/01/2020,09:23:50,1688.8,1688,500,1688.85,500,0,2606000
JUBLFOOD-I.NFO,07/01/2020,09:23:52,1688.8,1687.85,500,1688.85,500,0,2606000
JUBLFOOD-I.NFO,07/01/2020,09:23:53,1688.9,1688.35,500,1689.5,500,1500,2606000
JUBLFOOD-I.NFO,07/01/2020,09:23:54,1688.9,1688.35,500,1689.5,500,0,2606000
JUBLFOOD-I.NFO,07/01/2020,09:23:55,1689.5,1688.95,500,1690,1000,500,2606000
JUBLFOOD-I.NFO,07/01/2020,09:23:56,1689.5,1688.95,500,1690,1000,0,2606000
JUBLFOOD-I.NFO,07/01/2020,09:23:57,1689.75,1688.85,500,1690,1000,500,2606000
JUBLFOOD-I.NFO,07/01/2020,09:23:58,1689.75,1688.45,1000,1690,1000,0,2606000
JUBLFOOD-I.NFO,07/01/2020,09:23:59,1690,1689.1,500,1690,500,500,2606000
JUBLFOOD-I.NFO,07/01/2020,09:24:00,1690,1689.1,500,1690,500,0,2606000
JUBLFOOD-I.NFO,07/01/2020,09:24:02,1690,1689.25,500,1690,500,0,2606000
JUBLFOOD-I.NFO,07/01/2020,09:24:03,1690,1689.75,500,1690.85,500,500,2606000
JUBLFOOD-I.NFO,07/01/2020,09:24:03,1690,1689.6,500,1690.85,500,0,2606000
JUBLFOOD-I.NFO,07/01/2020,09:24:04,1690,1689.75,500,1690.9,500,0,2606000
JUBLFOOD-I.NFO,07/01/2020,09:24:05,1690,1689.4,1000,1690.85,500,0,2606000
JUBLFOOD-I.NFO,07/01/2020,09:24:07,1690,1689.7,500,1690.9,500,0,2606000
JUBLFOOD-I.NFO,07/01/2020,09:24:08,1690,1689.55,500,1690.85,500,0,2606000
JUBLFOOD-I.NFO,07/01/2020,09:24:09,1690,1689.75,500,1690.9,500,0,2606000
JUBLFOOD-I.NFO,07/01/2020,09:24:10,1689.75,1689.55,500,1690.75,500,500,2606000
JUBLFOOD-I.NFO,07/01/2020,09:24:11,1689.4,1688.55,500,1689.4,500,1500,2606000
JUBLFOOD-I.NFO,07/01/2020,09:24:12,1689.4,1688.4,500,1689.4,500,0,2606000
JUBLFOOD-I.NFO,07/01/2020,09:24:13,1689.4,1688.35,1000,1689.4,500,0,2606000
JUBLFOOD-I.NFO,07/01/2020,09:24:14,1689.4,1688.6,500,1689.4,500,0,2606000
JUBLFOOD-I.NFO,07/01/2020,09:24:15,1689.4,1688.7,500,1689.4,500,0,2606000
JUBLFOOD-I.NFO,07/01/2020,09:24:16,1689.4,1688.75,500,1689.4,500,0,2606000
JUBLFOOD-I.NFO,07/01/2020,09:24:17,1689.4,1688.7,500,1689.4,500,0,2606000
JUBLFOOD-I.NFO,07/01/2020,09:24:20,1689.4,1688.8,500,1689.4,500,0,2606000
JUBLFOOD-I.NFO,07/01/2020,09:24:21,1689.4,1688.7,500,1689.4,500,0,2606000
JUBLFOOD-I.NFO,07/01/2020,09:24:22,1689.4,1688.8,500,1689.4,500,0,2606000
JUBLFOOD-I.NFO,07/01/2020,09:24:23,1689.4,1688.9,500,1689.4,500,0,2606000
JUBLFOOD-I.NFO,07/01/2020,09:24:24,1689.4,1688.85,1000,1689.4,500,0,2606000
JUBLFOOD-I.NFO,07/01/2020,09:24:25,1688.75,1688.7,1000,1689.4,500,500,2606000
JUBLFOOD-I.NFO,07/01/2020,09:24:26,1688.75,1688.65,500,1689.35,500,0,2606000
JUBLFOOD-I.NFO,07/01/2020,09:24:28,1688.65,1688.1,500,1689.15,500,1000,2606000
JUBLFOOD-I.NFO,07/01/2020,09:24:29,1689.15,1688.15,500,1689.2,500,500,2606000
JUBLFOOD-I.NFO,07/01/2020,09:24:30,1689.15,1688.15,500,1689.2,500,0,2606000
JUBLFOOD-I.NFO,07/01/2020,09:24:32,1689.2,1688.3,500,1689.4,500,500,2606000
JUBLFOOD-I.NFO,07/01/2020,09:24:33,1689.2,1688.4,500,1689.4,500,0,2606000
JUBLFOOD-I.NFO,07/01/2020,09:24:34,1689.2,1688.15,500,1689.35,500,0,2606000
JUBLFOOD-I.NFO,07/01/2020,09:24:35,1689.2,1689,1000,1689.2,500,0,2606000
JUBLFOOD-I.NFO,07/01/2020,09:24:36,1689,1689,500,1689.2,500,500,2606000
JUBLFOOD-I.NFO,07/01/2020,09:24:37,1689,1689,500,1689.2,500,0,2606000
JUBLFOOD-I.NFO,07/01/2020,09:24:39,1689.2,1689.05,500,1690,1000,500,2606000
JUBLFOOD-I.NFO,07/01/2020,09:24:40,1689.2,1689,500,1689.85,500,0,2606000
JUBLFOOD-I.NFO,07/01/2020,09:24:41,1689.2,1689,500,1690,1000,0,2606000
JUBLFOOD-I.NFO,07/01/2020,09:24:42,1689.2,1689.1,500,1690,1000,0,2606000
JUBLFOOD-I.NFO,07/01/2020,09:24:44,1689.2,1689,500,1689.7,500,0,2606000
JUBLFOOD-I.NFO,07/01/2020,09:24:45,1689.2,1689,500,1689.75,500,0,2606000
JUBLFOOD-I.NFO,07/01/2020,09:24:48,1689,1688.5,500,1689.7,500,500,2606000
JUBLFOOD-I.NFO,07/01/2020,09:24:49,1689,1688.55,500,1689.7,500,0,2606000
JUBLFOOD-I.NFO,07/01/2020,09:24:50,1689,1688.55,500,1689.75,500,0,2606000
JUBLFOOD-I.NFO,07/01/2020,09:24:51,1689,1688.55,500,1689.6,500,0,2606000
JUBLFOOD-I.NFO,07/01/2020,09:24:52,1689,1688.65,500,1689.65,500,0,2606000
JUBLFOOD-I.NFO,07/01/2020,09:24:52,1689,1688.65,500,1689.75,500,0,2606000
JUBLFOOD-I.NFO,07/01/2020,09:24:53,1689,1688.55,1000,1689.7,500,0,2606000
JUBLFOOD-I.NFO,07/01/2020,09:24:54,1689,1688.7,500,1689.7,500,0,2606000
JUBLFOOD-I.NFO,07/01/2020,09:24:55,1689,1688.8,500,1689.8,500,0,2606000
JUBLFOOD-I.NFO,07/01/2020,09:24:56,1688.8,1688.5,500,1689.7,500,500,2606000
JUBLFOOD-I.NFO,07/01/2020,09:24:57,1688.5,1688.15,500,1689.6,500,500,2606000
JUBLFOOD-I.NFO,07/01/2020,09:24:58,1688.5,1688.2,1000,1689.6,500,0,2606000
JUBLFOOD-I.NFO,07/01/2020,09:24:59,1688.5,1688.5,500,1689.6,500,0,2606000
JUBLFOOD-I.NFO,07/01/2020,09:25:00,1688.5,1688.65,500,1689.5,500,0,2606000
JUBLFOOD-I.NFO,07/01/2020,09:25:01,1688.5,1688.7,500,1689.5,500,0,2606000
JUBLFOOD-I.NFO,07/01/2020,09:25:03,1688.5,1688.8,500,1689.5,500,0,2606000
JUBLFOOD-I.NFO,07/01/2020,09:25:04,1688.5,1689,500,1689.5,500,0,2606000
JUBLFOOD-I.NFO,07/01/2020,09:25:05,1689.5,1689.3,500,1689.85,500,500,2606000
JUBLFOOD-I.NFO,07/01/2020,09:25:06,1689.5,1689.3,500,1689.85,500,0,2606000
JUBLFOOD-I.NFO,07/01/2020,09:25:08,1689.5,1689.35,500,1689.85,500,0,2606000
JUBLFOOD-I.NFO,07/01/2020,09:25:10,1690,1689.8,500,1690.85,500,1500,2606000
JUBLFOOD-I.NFO,07/01/2020,09:25:11,1690,1690.05,1000,1690.9,500,0,2606000
JUBLFOOD-I.NFO,07/01/2020,09:25:12,1690,1690,1000,1690.85,500,0,2606000
JUBLFOOD-I.NFO,07/01/2020,09:25:15,1689.65,1688.45,500,1689.6,500,2000,2606000
JUBLFOOD-I.NFO,07/01/2020,09:25:16,1690.2,1688.65,500,1690.05,500,500,2606000
JUBLFOOD-I.NFO,07/01/2020,09:25:18,1690.2,1688.7,500,1689.95,500,0,2606000
JUBLFOOD-I.NFO,07/01/2020,09:25:19,1690.2,1688.7,500,1690,500,0,2606000
JUBLFOOD-I.NFO,07/01/2020,09:25:21,1690.2,1688.85,500,1689.95,500,0,2606000
JUBLFOOD-I.NFO,07/01/2020,09:25:22,1690.2,1688.55,500,1689.85,500,0,2606000
JUBLFOOD-I.NFO,07/01/2020,09:25:23,1690.2,1688.45,500,1689.75,500,0,2606000
JUBLFOOD-I.NFO,07/01/2020,09:25:24,1690.2,1688.25,500,1689.65,500,0,2606000
JUBLFOOD-I.NFO,07/01/2020,09:25:25,1690.2,1688.4,500,1689.75,500,0,2606000
JUBLFOOD-I.NFO,07/01/2020,09:25:26,1690.2,1688.4,500,1689.8,1000,0,2606000
JUBLFOOD-I.NFO,07/01/2020,09:25:27,1690.2,1688.95,500,1689.8,1000,0,2606000
JUBLFOOD-I.NFO,07/01/2020,09:25:30,1690.2,1688.6,500,1689.8,1000,0,2606000
JUBLFOOD-I.NFO,07/01/2020,09:25:31,1690.2,1688.3,500,1689.65,500,0,2606000
JUBLFOOD-I.NFO,07/01/2020,09:25:31,1690.2,1688.5,500,1689.6,1000,0,2606000
JUBLFOOD-I.NFO,07/01/2020,09:25:33,1690.2,1688.5,500,1689.4,1000,0,2606000
JUBLFOOD-I.NFO,07/01/2020,09:25:36,1688.55,1688.5,500,1689.35,1000,500,2606000
JUBLFOOD-I.NFO,07/01/2020,09:25:37,1688.55,1688.5,500,1689.35,1000,0,2606000
JUBLFOOD-I.NFO,07/01/2020,09:25:41,1688.55,1688.5,500,1689,1000,0,2606000
JUBLFOOD-I.NFO,07/01/2020,09:25:43,1689,1688.55,500,1689,500,500,2606000
JUBLFOOD-I.NFO,07/01/2020,09:25:44,1689,1688.55,500,1689,500,0,2606000
JUBLFOOD-I.NFO,07/01/2020,09:25:45,1688.95,1688.15,500,1688.95,500,500,2606000
JUBLFOOD-I.NFO,07/01/2020,09:25:46,1688.95,1688.15,500,1688.95,500,0,2606000
JUBLFOOD-I.NFO,07/01/2020,09:25:47,1690.2,1689.15,500,1690.2,500,2500,2606000
JUBLFOOD-I.NFO,07/01/2020,09:25:48,1690.15,1689.6,500,1690.2,500,500,2606000
JUBLFOOD-I.NFO,07/01/2020,09:25:50,1690.15,1689.6,500,1690.2,500,0,2606000
JUBLFOOD-I.NFO,07/01/2020,09:25:54,1689.95,1688.65,500,1690.1,500,1000,2606000
JUBLFOOD-I.NFO,07/01/2020,09:25:55,1690.15,1688.7,500,1690.2,500,1000,2606000
JUBLFOOD-I.NFO,07/01/2020,09:25:56,1690.15,1688.8,1000,1690.1,500,0,2606000
JUBLFOOD-I.NFO,07/01/2020,09:25:56,1689.2,1688.95,500,1690,500,1000,2606000
JUBLFOOD-I.NFO,07/01/2020,09:25:57,1689.2,1688.95,500,1690,500,0,2606000
JUBLFOOD-I.NFO,07/01/2020,09:25:59,1690,1689.05,1000,1690.15,500,500,2606000
JUBLFOOD-I.NFO,07/01/2020,09:26:00,1690,1689.15,500,1690,1000,0,2606000
JUBLFOOD-I.NFO,07/01/2020,09:26:01,1690,1689,500,1689.8,1500,0,2606000
JUBLFOOD-I.NFO,07/01/2020,09:26:02,1690,1689,500,1689.7,1000,0,2606000
JUBLFOOD-I.NFO,07/01/2020,09:26:03,1690,1689.05,500,1689.65,500,0,2606000
JUBLFOOD-I.NFO,07/01/2020,09:26:04,1690,1688.65,500,1689.85,500,0,2606000
JUBLFOOD-I.NFO,07/01/2020,09:26:05,1690,1688.65,1000,1689.85,500,0,2606000
JUBLFOOD-I.NFO,07/01/2020,09:26:07,1690,1688.95,500,1689.9,500,0,2606000
JUBLFOOD-I.NFO,07/01/2020,09:26:08,1690.05,1689.3,500,1690.55,500,4000,2606000
JUBLFOOD-I.NFO,07/01/2020,09:26:09,1690.05,1689.25,1000,1690.55,500,0,2606000
JUBLFOOD-I.NFO,07/01/2020,09:26:10,1690.05,1689.35,500,1690,500,0,2606000
JUBLFOOD-I.NFO,07/01/2020,09:26:15,1690,1689.25,500,1690.05,1000,1500,2616000
JUBLFOOD-I.NFO,07/01/2020,09:26:16,1690.05,1689.6,500,1690.5,1500,500,2616000
JUBLFOOD-I.NFO,07/01/2020,09:26:19,1690.05,1689.7,500,1690.45,500,0,2616000
JUBLFOOD-I.NFO,07/01/2020,09:26:20,1690.05,1689.2,500,1690.35,1000,0,2616000
JUBLFOOD-I.NFO,07/01/2020,09:26:20,1690.05,1689.15,500,1690.25,1000,0,2616000
JUBLFOOD-I.NFO,07/01/2020,09:26:21,1690.05,1689.3,500,1690.25,1000,0,2616000
JUBLFOOD-I.NFO,07/01/2020,09:26:22,1690.05,1689.15,500,1690.25,1000,0,2616000
JUBLFOOD-I.NFO,07/01/2020,09:26:23,1690.05,1689.05,500,1690.25,1000,0,2616000
JUBLFOOD-I.NFO,07/01/2020,09:26:24,1690.05,1689.05,500,1690.15,1000,0,2616000
JUBLFOOD-I.NFO,07/01/2020,09:26:25,1690.05,1689.65,500,1690.5,1500,0,2616000
JUBLFOOD-I.NFO,07/01/2020,09:26:28,1690,1689.65,500,1690.5,1500,1000,2616000
JUBLFOOD-I.NFO,07/01/2020,09:26:29,1690,1689.5,500,1690,500,0,2616000
JUBLFOOD-I.NFO,07/01/2020,09:26:30,1690,1689.55,500,1690,500,0,2616000
JUBLFOOD-I.NFO,07/01/2020,09:26:32,1690,1690.05,500,1690.5,1500,500,2616000
JUBLFOOD-I.NFO,07/01/2020,09:26:33,1690,1690.05,500,1690.5,1500,0,2616000
JUBLFOOD-I.NFO,07/01/2020,09:26:35,1690,1690,500,1690.5,1500,0,2616000
JUBLFOOD-I.NFO,07/01/2020,09:26:37,1690,1690,500,1690.4,500,0,2616000
JUBLFOOD-I.NFO,07/01/2020,09:26:40,1690,1690,500,1690.45,500,0,2616000
JUBLFOOD-I.NFO,07/01/2020,09:26:44,1690,1690.05,500,1690.45,500,0,2616000
JUBLFOOD-I.NFO,07/01/2020,09:26:45,1690,1690,500,1690.45,500,0,2616000
JUBLFOOD-I.NFO,07/01/2020,09:26:48,1690,1689.1,500,1690,500,500,2616000
JUBLFOOD-I.NFO,07/01/2020,09:26:49,1690,1689.05,500,1690,500,0,2616000
JUBLFOOD-I.NFO,07/01/2020,09:26:50,1690,1689,1000,1689.95,1000,0,2616000
JUBLFOOD-I.NFO,07/01/2020,09:26:51,1690,1689.1,500,1690,500,0,2616000
JUBLFOOD-I.NFO,07/01/2020,09:26:55,1690,1689.15,500,1690,500,0,2616000
JUBLFOOD-I.NFO,07/01/2020,09:26:56,1690,1689.25,500,1690.3,500,500,2616000
JUBLFOOD-I.NFO,07/01/2020,09:26:57,1690,1689.4,500,1690.45,500,0,2616000
JUBLFOOD-I.NFO,07/01/2020,09:26:58,1690,1689.2,500,1690.4,500,0,2616000
JUBLFOOD-I.NFO,07/01/2020,09:26:59,1690,1689.3,500,1690.25,500,0,2616000
JUBLFOOD-I.NFO,07/01/2020,09:27:00,1690,1689.2,1000,1690.2,500,0,2616000
JUBLFOOD-I.NFO,07/01/2020,09:27:01,1690,1689.25,500,1690.25,500,0,2616000
JUBLFOOD-I.NFO,07/01/2020,09:27:03,1690,1689.15,500,1690.25,500,0,2616000
JUBLFOOD-I.NFO,07/01/2020,09:27:06,1690,1689.35,500,1690.3,500,0,2616000
JUBLFOOD-I.NFO,07/01/2020,09:27:07,1689.3,1689.05,500,1690.25,1000,1000,2616000
JUBLFOOD-I.NFO,07/01/2020,09:27:09,1689.3,1689,1000,1690.05,500,0,2616000
JUBLFOOD-I.NFO,07/01/2020,09:27:10,1689.3,1689,1000,1689.9,500,0,2616000
JUBLFOOD-I.NFO,07/01/2020,09:27:12,1689.3,1689,1000,1689.85,500,0,2616000
JUBLFOOD-I.NFO,07/01/2020,09:27:14,1689,1689,500,1689.85,1000,500,2616000
JUBLFOOD-I.NFO,07/01/2020,09:27:15,1689,1689,500,1689.75,1000,0,2616000
JUBLFOOD-I.NFO,07/01/2020,09:27:15,1689,1688.5,500,1689.65,1000,500,2616000
JUBLFOOD-I.NFO,07/01/2020,09:27:16,1689,1688.5,500,1689.55,500,0,2616000
JUBLFOOD-I.NFO,07/01/2020,09:27:17,1689,1688.5,1000,1689.4,500,0,2616000
JUBLFOOD-I.NFO,07/01/2020,09:27:18,1689,1688.5,500,1689.7,500,0,2616000
JUBLFOOD-I.NFO,07/01/2020,09:27:19,1689,1688.55,500,1689.6,500,0,2616000
JUBLFOOD-I.NFO,07/01/2020,09:27:20,1689,1688.55,1000,1689.55,500,0,2616000
JUBLFOOD-I.NFO,07/01/2020,09:27:22,1689,1688.5,500,1689.6,500,0,2616000
JUBLFOOD-I.NFO,07/01/2020,09:27:23,1689,1688.55,500,1689.7,500,0,2616000
JUBLFOOD-I.NFO,07/01/2020,09:27:25,1689,1688.55,500,1689.8,500,0,2616000
JUBLFOOD-I.NFO,07/01/2020,09:27:28,1689,1688.5,1000,1689.65,1500,0,2616000
JUBLFOOD-I.NFO,07/01/2020,09:27:29,1689,1688.5,1000,1689.65,1000,0,2616000
JUBLFOOD-I.NFO,07/01/2020,09:27:30,1689,1688.5,1000,1689.65,1500,0,2616000
JUBLFOOD-I.NFO,07/01/2020,09:27:31,1689,1688.5,1000,1689.3,500,0,2616000
JUBLFOOD-I.NFO,07/01/2020,09:27:32,1688.5,1688.15,500,1689.15,500,1000,2616000
JUBLFOOD-I.NFO,07/01/2020,09:27:33,1688.5,1688.15,500,1689.15,500,0,2616000
JUBLFOOD-I.NFO,07/01/2020,09:27:35,1688,1687.9,1000,1689.25,500,3000,2616000
JUBLFOOD-I.NFO,07/01/2020,09:27:36,1688,1687.9,1500,1689.05,500,0,2616000
JUBLFOOD-I.NFO,07/01/2020,09:27:39,1689,1687.95,500,1688.95,500,500,2616000
JUBLFOOD-I.NFO,07/01/2020,09:27:40,1689,1688.1,1000,1689.25,1000,0,2616000
JUBLFOOD-I.NFO,07/01/2020,09:27:42,1689,1688.1,500,1689.25,500,0,2616000
JUBLFOOD-I.NFO,07/01/2020,09:27:43,1689,1688.25,1000,1689.4,500,0,2616000
JUBLFOOD-I.NFO,07/01/2020,09:27:44,1689,1688.3,500,1689.4,500,0,2616000
JUBLFOOD-I.NFO,07/01/2020,09:27:45,1689,1688.3,500,1689.35,500,0,2616000
JUBLFOOD-I.NFO,07/01/2020,09:27:49,1689,1688.3,1000,1689.45,1000,0,2616000
JUBLFOOD-I.NFO,07/01/2020,09:27:50,1689,1688.65,500,1689,500,0,2616000
JUBLFOOD-I.NFO,07/01/2020,09:27:52,1688.5,1688.05,500,1689,1000,500,2616000
JUBLFOOD-I.NFO,07/01/2020,09:27:53,1688.5,1688,500,1688.65,500,0,2616000
JUBLFOOD-I.NFO,07/01/2020,09:27:55,1688.5,1688.15,500,1688.65,500,0,2616000
JUBLFOOD-I.NFO,07/01/2020,09:27:56,1688.5,1688.1,500,1688.65,500,0,2616000
JUBLFOOD-I.NFO,07/01/2020,09:28:00,1688.65,1688.1,500,1689,1000,500,2616000
JUBLFOOD-I.NFO,07/01/2020,09:28:01,1688.65,1688.05,500,1689,1000,0,2616000
JUBLFOOD-I.NFO,07/01/2020,09:28:02,1688.65,1688.3,1000,1689,1000,0,2616000
JUBLFOOD-I.NFO,07/01/2020,09:28:03,1688.65,1688.15,1000,1689,1000,0,2616000
JUBLFOOD-I.NFO,07/01/2020,09:28:04,1688.65,1687.95,1000,1688.95,500,0,2616000
JUBLFOOD-I.NFO,07/01/2020,09:28:08,1688.65,1688,500,1689,1000,0,2616000
JUBLFOOD-I.NFO,07/01/2020,09:28:10,1688.65,1688,500,1688.65,500,0,2616000
JUBLFOOD-I.NFO,07/01/2020,09:28:11,1688.65,1687.95,500,1688.65,500,0,2616000
JUBLFOOD-I.NFO,07/01/2020,09:28:14,1688.65,1688.1,1000,1688.65,500,0,2616000
JUBLFOOD-I.NFO,07/01/2020,09:28:16,1688.65,1688.1,500,1688.65,500,0,2616000
JUBLFOOD-I.NFO,07/01/2020,09:28:17,1688.65,1688,500,1688.65,500,0,2616000
JUBLFOOD-I.NFO,07/01/2020,09:28:19,1688.65,1687.95,500,1688.65,500,0,2616000
JUBLFOOD-I.NFO,07/01/2020,09:28:21,1688.65,1687.9,2000,1688.6,500,0,2616000
JUBLFOOD-I.NFO,07/01/2020,09:28:23,1688.65,1687.95,500,1688.65,500,0,2616000
JUBLFOOD-I.NFO,07/01/2020,09:28:26,1688.65,1687.9,2000,1688.6,500,0,2616000
JUBLFOOD-I.NFO,07/01/2020,09:28:36,1687.9,1687.25,500,1688.4,500,2000,2616000
JUBLFOOD-I.NFO,07/01/2020,09:28:38,1688.35,1687.65,500,1688.55,500,500,2616000
JUBLFOOD-I.NFO,07/01/2020,09:28:39,1688.35,1687.55,500,1688.55,500,0,2616000
JUBLFOOD-I.NFO,07/01/2020,09:28:40,1688.35,1687.75,500,1688.55,500,0,2616000
JUBLFOOD-I.NFO,07/01/2020,09:28:41,1688.35,1687.65,500,1688.55,500,0,2616000
JUBLFOOD-I.NFO,07/01/2020,09:28:42,1688.35,1687.8,500,1688.55,500,0,2616000
JUBLFOOD-I.NFO,07/01/2020,09:28:43,1687.8,1687.5,500,1688.55,500,500,2616000
JUBLFOOD-I.NFO,07/01/2020,09:28:43,1687.8,1687.6,500,1688.55,500,0,2616000
JUBLFOOD-I.NFO,07/01/2020,09:28:45,1687.8,1687.4,500,1688,500,0,2616000
JUBLFOOD-I.NFO,07/01/2020,09:28:46,1688,1687.75,500,1688.55,500,500,2616000
JUBLFOOD-I.NFO,07/01/2020,09:28:46,1688,1687.45,500,1688.55,500,0,2616000
JUBLFOOD-I.NFO,07/01/2020,09:28:47,1688,1687.55,500,1688.55,500,0,2616000
JUBLFOOD-I.NFO,07/01/2020,09:28:51,1688.65,1688.3,500,1689,2000,1000,2616000
JUBLFOOD-I.NFO,07/01/2020,09:28:51,1688.65,1688.3,500,1689,2000,0,2616000
JUBLFOOD-I.NFO,07/01/2020,09:28:52,1688.65,1688.4,500,1689,2000,0,2616000
JUBLFOOD-I.NFO,07/01/2020,09:28:53,1689,1689.1,500,1689.55,500,2000,2616000
JUBLFOOD-I.NFO,07/01/2020,09:28:54,1689,1688.65,500,1689.5,500,0,2616000
JUBLFOOD-I.NFO,07/01/2020,09:28:59,1689,1688.35,1000,1689.4,500,0,2616000
JUBLFOOD-I.NFO,07/01/2020,09:29:00,1689,1688.25,500,1689.4,500,0,2616000
JUBLFOOD-I.NFO,07/01/2020,09:29:01,1689,1688.3,500,1689.4,500,0,2616000
JUBLFOOD-I.NFO,07/01/2020,09:29:02,1689,1688.25,500,1689.4,500,0,2616000
JUBLFOOD-I.NFO,07/01/2020,09:29:03,1689,1688.4,1000,1689.5,500,0,2616000
JUBLFOOD-I.NFO,07/01/2020,09:29:08,1689,1688.4,1000,1689.4,500,0,2616000
JUBLFOOD-I.NFO,07/01/2020,09:29:10,1689,1688.5,500,1689.5,500,0,2616000
JUBLFOOD-I.NFO,07/01/2020,09:29:11,1689,1688.25,1000,1689.5,500,0,2616000
JUBLFOOD-I.NFO,07/01/2020,09:29:13,1689,1688.65,500,1689.45,500,0,2616000
JUBLFOOD-I.NFO,07/01/2020,09:29:18,1689,1688.35,500,1689,500,0,2616000
JUBLFOOD-I.NFO,07/01/2020,09:29:24,1689,1688.35,500,1689.3,500,1000,2618000
JUBLFOOD-I.NFO,07/01/2020,09:29:25,1689,1688.35,500,1689.3,500,0,2618000
JUBLFOOD-I.NFO,07/01/2020,09:29:25,1689,1688.25,500,1689.3,500,0,2618000
JUBLFOOD-I.NFO,07/01/2020,09:29:26,1689,1688.25,500,1689.2,500,0,2618000
JUBLFOOD-I.NFO,07/01/2020,09:29:27,1689,1688,500,1689,1000,0,2618000
JUBLFOOD-I.NFO,07/01/2020,09:29:28,1689,1688,500,1688.9,500,0,2618000
JUBLFOOD-I.NFO,07/01/2020,09:29:31,1688.95,1688.15,500,1689.15,500,1000,2618000
JUBLFOOD-I.NFO,07/01/2020,09:29:32,1688.95,1688.35,500,1689.15,500,0,2618000
JUBLFOOD-I.NFO,07/01/2020,09:29:34,1688.95,1688.15,500,1689.15,500,0,2618000
JUBLFOOD-I.NFO,07/01/2020,09:29:35,1688.95,1688.35,500,1689.15,500,0,2618000
JUBLFOOD-I.NFO,07/01/2020,09:29:38,1688.95,1688.5,500,1689.15,500,0,2618000
JUBLFOOD-I.NFO,07/01/2020,09:29:39,1688.95,1688.5,500,1689,500,0,2618000
JUBLFOOD-I.NFO,07/01/2020,09:29:42,1688.95,1688.1,500,1689,500,0,2618000
JUBLFOOD-I.NFO,07/01/2020,09:29:43,1688.95,1688.05,500,1689,500,0,2618000
JUBLFOOD-I.NFO,07/01/2020,09:29:46,1688.95,1688,500,1688.9,500,0,2618000
JUBLFOOD-I.NFO,07/01/2020,09:29:48,1688.95,1688.05,500,1688.95,500,0,2618000
JUBLFOOD-I.NFO,07/01/2020,09:29:49,1688.95,1688,500,1688.9,500,0,2618000
JUBLFOOD-I.NFO,07/01/2020,09:29:50,1688.95,1688,500,1688.95,500,0,2618000
JUBLFOOD-I.NFO,07/01/2020,09:29:55,1688.95,1688,500,1688.9,500,0,2618000
JUBLFOOD-I.NFO,07/01/2020,09:30:02,1688.95,1688.1,500,1688.9,500,0,2618000
JUBLFOOD-I.NFO,07/01/2020,09:30:03,1688.95,1688.2,500,1688.9,500,0,2618000
JUBLFOOD-I.NFO,07/01/2020,09:30:04,1689,1688.75,500,1689.2,500,1000,2618000
JUBLFOOD-I.NFO,07/01/2020,09:30:05,1689.2,1688.95,500,1689.45,500,500,2618000
JUBLFOOD-I.NFO,07/01/2020,09:30:06,1689.2,1688.3,500,1689.5,500,0,2618000
JUBLFOOD-I.NFO,07/01/2020,09:30:07,1689.2,1688.3,1000,1689.45,500,0,2618000
JUBLFOOD-I.NFO,07/01/2020,09:30:10,1689.2,1688.3,1000,1689.35,500,0,2618000
JUBLFOOD-I.NFO,07/01/2020,09:30:11,1689.2,1688.3,1000,1689.45,500,0,2618000
JUBLFOOD-I.NFO,07/01/2020,09:30:11,1689.2,1688.3,1500,1689.45,500,0,2618000
JUBLFOOD-I.NFO,07/01/2020,09:30:12,1689.2,1688.3,1000,1689.45,500,0,2618000
JUBLFOOD-I.NFO,07/01/2020,09:30:14,1689.2,1688.7,500,1689.5,500,0,2618000
JUBLFOOD-I.NFO,07/01/2020,09:30:15,1689.2,1688.6,1000,1689.5,500,0,2618000
JUBLFOOD-I.NFO,07/01/2020,09:30:16,1689.2,1688.65,1000,1689.5,500,0,2618000
JUBLFOOD-I.NFO,07/01/2020,09:30:17,1689.2,1688.35,500,1689.35,500,0,2618000
JUBLFOOD-I.NFO,07/01/2020,09:30:18,1689.2,1687.95,1000,1689,500,0,2618000
JUBLFOOD-I.NFO,07/01/2020,09:30:19,1689.2,1687.75,500,1688.9,500,0,2618000
JUBLFOOD-I.NFO,07/01/2020,09:30:20,1689.2,1687.6,500,1688.65,500,0,2618000
JUBLFOOD-I.NFO,07/01/2020,09:30:21,1689.2,1687.5,500,1688.65,500,0,2618000
JUBLFOOD-I.NFO,07/01/2020,09:30:22,1689.2,1687.9,1000,1689.2,500,0,2618000
JUBLFOOD-I.NFO,07/01/2020,09:30:24,1689.2,1688.25,1000,1689.4,500,0,2618000
JUBLFOOD-I.NFO,07/01/2020,09:30:25,1689.2,1688.1,1500,1689.4,500,0,2618000
JUBLFOOD-I.NFO,07/01/2020,09:30:26,1689.2,1688.3,1000,1689.4,500,0,2618000
JUBLFOOD-I.NFO,07/01/2020,09:30:27,1689.2,1688.15,500,1689.4,500,0,2618000
JUBLFOOD-I.NFO,07/01/2020,09:30:29,1689.2,1688.2,500,1689.4,500,0,2618000
JUBLFOOD-I.NFO,07/01/2020,09:30:30,1689.2,1688.1,500,1689.45,500,0,2618000
JUBLFOOD-I.NFO,07/01/2020,09:30:32,1689.2,1688.1,1000,1689.45,500,0,2618000
JUBLFOOD-I.NFO,07/01/2020,09:30:33,1689.2,1688.3,1000,1689.4,500,0,2618000
JUBLFOOD-I.NFO,07/01/2020,09:30:33,1689.2,1688.25,500,1689.35,500,0,2618000
JUBLFOOD-I.NFO,07/01/2020,09:30:35,1689.2,1688.15,500,1689.35,500,0,2618000
JUBLFOOD-I.NFO,07/01/2020,09:30:35,1689.2,1688.1,500,1689.35,500,0,2618000
JUBLFOOD-I.NFO,07/01/2020,09:30:36,1689.2,1688.1,500,1689.3,500,0,2618000
JUBLFOOD-I.NFO,07/01/2020,09:30:38,1689.3,1688.05,500,1689.35,500,500,2618000
JUBLFOOD-I.NFO,07/01/2020,09:30:39,1689.3,1688.1,500,1689.35,500,0,2618000
JUBLFOOD-I.NFO,07/01/2020,09:30:39,1688.05,1687.9,500,1689.2,500,1000,2618000
JUBLFOOD-I.NFO,07/01/2020,09:30:41,1688.05,1687.95,500,1689.2,500,0,2618000
JUBLFOOD-I.NFO,07/01/2020,09:30:42,1690,1688.6,500,1689.85,500,5000,2618000
JUBLFOOD-I.NFO,07/01/2020,09:30:43,1689,1688.7,500,1690,1000,500,2618000
JUBLFOOD-I.NFO,07/01/2020,09:30:44,1690.3,1689.4,1000,1690.4,500,2500,2618000
JUBLFOOD-I.NFO,07/01/2020,09:30:45,1690.3,1689.6,500,1690.4,500,0,2618000
JUBLFOOD-I.NFO,07/01/2020,09:30:46,1690.3,1689.7,500,1690.4,500,0,2618000
JUBLFOOD-I.NFO,07/01/2020,09:30:46,1690.3,1689.55,500,1690.4,500,0,2618000
JUBLFOOD-I.NFO,07/01/2020,09:30:47,1690.3,1689.55,1000,1690.4,500,0,2618000
JUBLFOOD-I.NFO,07/01/2020,09:30:49,1692,1691.65,500,1692.85,500,19500,2618000
JUBLFOOD-I.NFO,07/01/2020,09:30:49,1692.7,1691.65,500,1692.85,500,0,2618000
JUBLFOOD-I.NFO,07/01/2020,09:30:50,1692,1691.75,500,1692.85,500,0,2618000
JUBLFOOD-I.NFO,07/01/2020,09:30:51,1692,1691.75,500,1692.8,500,0,2618000
JUBLFOOD-I.NFO,07/01/2020,09:30:52,1691.95,1691.9,500,1692.85,500,500,2618000
JUBLFOOD-I.NFO,07/01/2020,09:30:53,1691.9,1691.65,1000,1692.65,500,500,2618000
JUBLFOOD-I.NFO,07/01/2020,09:30:53,1691.9,1691.65,1000,1692.75,500,0,2618000
JUBLFOOD-I.NFO,07/01/2020,09:30:54,1692.9,1691.75,500,1692.9,500,1000,2618000
JUBLFOOD-I.NFO,07/01/2020,09:30:54,1692.9,1691.75,500,1692.9,500,0,2618000
JUBLFOOD-I.NFO,07/01/2020,09:30:55,1692.9,1691.7,500,1692.8,500,0,2618000
JUBLFOOD-I.NFO,07/01/2020,09:30:56,1692.9,1691.75,500,1692.8,500,0,2618000
JUBLFOOD-I.NFO,07/01/2020,09:30:58,1692.9,1692,500,1692.9,500,0,2618000
JUBLFOOD-I.NFO,07/01/2020,09:30:58,1692.9,1691.8,500,1692.9,500,0,2618000
JUBLFOOD-I.NFO,07/01/2020,09:30:59,1692.85,1691.7,500,1692.9,500,1000,2618000
JUBLFOOD-I.NFO,07/01/2020,09:31:00,1692.9,1692.25,500,1693,2000,500,2618000
JUBLFOOD-I.NFO,07/01/2020,09:31:01,1692.9,1692.35,500,1693,2000,0,2618000
JUBLFOOD-I.NFO,07/01/2020,09:31:03,1692.9,1691.95,1000,1693,2000,0,2618000
JUBLFOOD-I.NFO,07/01/2020,09:31:04,1692.9,1692.15,500,1693,2000,0,2618000
JUBLFOOD-I.NFO,07/01/2020,09:31:05,1693,1692.3,500,1693,500,1500,2618000
JUBLFOOD-I.NFO,07/01/2020,09:31:05,1693,1692.3,500,1693,500,0,2618000
JUBLFOOD-I.NFO,07/01/2020,09:31:06,1692.8,1692.4,500,1693,500,500,2618000
JUBLFOOD-I.NFO,07/01/2020,09:31:07,1693,1693.05,500,1693.7,500,1000,2618000
JUBLFOOD-I.NFO,07/01/2020,09:31:08,1693.7,1693.1,1500,1694,1000,1000,2618000
JUBLFOOD-I.NFO,07/01/2020,09:31:08,1693.7,1693.1,1500,1694,1000,0,2618000
JUBLFOOD-I.NFO,07/01/2020,09:31:09,1693.7,1693.1,1500,1694,1000,0,2618000
JUBLFOOD-I.NFO,07/01/2020,09:31:11,1693.1,1693.3,1000,1694,1000,500,2618000
JUBLFOOD-I.NFO,07/01/2020,09:31:12,1693.1,1693.3,500,1694,1000,0,2618000
JUBLFOOD-I.NFO,07/01/2020,09:31:13,1693.1,1693.15,1000,1694,1000,0,2618000
JUBLFOOD-I.NFO,07/01/2020,09:31:13,1693.1,1693.05,500,1693.95,1000,0,2618000
JUBLFOOD-I.NFO,07/01/2020,09:31:15,1693.45,1693.05,500,1693.95,500,500,2618000
JUBLFOOD-I.NFO,07/01/2020,09:31:16,1693.1,1693.05,500,1693.85,500,500,2618000
JUBLFOOD-I.NFO,07/01/2020,09:31:17,1693.9,1693.25,500,1693.95,500,1000,2618000
JUBLFOOD-I.NFO,07/01/2020,09:31:17,1693.9,1693.25,500,1693.95,500,0,2618000
JUBLFOOD-I.NFO,07/01/2020,09:31:17,1694.5,1694.15,500,1694.8,500,3500,2618000
JUBLFOOD-I.NFO,07/01/2020,09:31:17,1694.5,1694.15,500,1694.8,500,0,2618000
JUBLFOOD-I.NFO,07/01/2020,09:31:18,1694.25,1694.1,500,1694.8,500,500,2618000
JUBLFOOD-I.NFO,07/01/2020,09:31:19,1694.1,1694,3000,1694.8,500,500,2618000
JUBLFOOD-I.NFO,07/01/2020,09:31:20,1694,1694,2500,1694.1,500,500,2618000
JUBLFOOD-I.NFO,07/01/2020,09:31:21,1694,1694,2000,1694.05,500,500,2618000
JUBLFOOD-I.NFO,07/01/2020,09:31:22,1694.85,1694.2,500,1695.5,500,10500,2618000
JUBLFOOD-I.NFO,07/01/2020,09:31:22,1695.85,1694.2,500,1695.5,500,0,2618000
JUBLFOOD-I.NFO,07/01/2020,09:31:23,1694.3,1695.05,500,1695.85,500,500,2618000
JUBLFOOD-I.NFO,07/01/2020,09:31:24,1697.4,1696.6,500,1697.4,500,11000,2618000
JUBLFOOD-I.NFO,07/01/2020,09:31:24,1697.4,1696.6,500,1697.4,500,0,2618000
JUBLFOOD-I.NFO,07/01/2020,09:31:26,1697.4,1696.6,500,1697.4,500,0,2618000
JUBLFOOD-I.NFO,07/01/2020,09:31:27,1696.45,1696.25,500,1697.3,500,500,2618000
JUBLFOOD-I.NFO,07/01/2020,09:31:28,1696.6,1696.6,500,1697.3,500,1500,2618000
JUBLFOOD-I.NFO,07/01/2020,09:31:29,1697.35,1696.6,500,1697,500,1500,2618000
JUBLFOOD-I.NFO,07/01/2020,09:31:29,1697,1696.75,1000,1697.4,500,500,2618000
JUBLFOOD-I.NFO,07/01/2020,09:31:30,1697,1696.8,1000,1697.4,500,500,2618000
JUBLFOOD-I.NFO,07/01/2020,09:31:31,1697,1696.85,500,1697.4,500,500,2618000
JUBLFOOD-I.NFO,07/01/2020,09:31:32,1697.35,1696.9,500,1697.4,500,500,2618000
JUBLFOOD-I.NFO,07/01/2020,09:31:33,1697,1696.95,500,1698.1,1000,8500,2618000
JUBLFOOD-I.NFO,07/01/2020,09:31:33,1698.4,1696.95,500,1698.1,1000,0,2618000
JUBLFOOD-I.NFO,07/01/2020,09:31:35,1698,1698,9000,1698.55,1000,1500,2618000
JUBLFOOD-I.NFO,07/01/2020,09:31:36,1699,1698.1,500,1699,2500,6000,2618000
JUBLFOOD-I.NFO,07/01/2020,09:31:36,1699,1698.1,500,1699,2500,0,2618000
JUBLFOOD-I.NFO,07/01/2020,09:31:37,1699,1698.1,500,1698.95,500,500,2618000
JUBLFOOD-I.NFO,07/01/2020,09:31:37,1699,1698,9000,1699,2000,0,2618000
JUBLFOOD-I.NFO,07/01/2020,09:31:38,1698.3,1698.1,500,1699,2000,500,2618000
JUBLFOOD-I.NFO,07/01/2020,09:31:39,1698.3,1698.15,500,1699,2000,0,2618000
JUBLFOOD-I.NFO,07/01/2020,09:31:40,1698.8,1698.05,500,1698.8,500,3500,2618000
JUBLFOOD-I.NFO,07/01/2020,09:31:41,1698,1698,6000,1698.65,500,2500,2618000
JUBLFOOD-I.NFO,07/01/2020,09:31:42,1698.3,1698.65,1000,1699,3000,2500,2618000
JUBLFOOD-I.NFO,07/01/2020,09:31:44,1700,1699.05,500,1700,1000,14000,2618000
JUBLFOOD-I.NFO,07/01/2020,09:31:44,1700,1699.05,500,1700,1000,0,2618000
JUBLFOOD-I.NFO,07/01/2020,09:31:45,1699,1698.95,500,1700.1,500,4000,2618000
JUBLFOOD-I.NFO,07/01/2020,09:31:46,1700,1698.95,500,1700.1,500,3000,2618000
JUBLFOOD-I.NFO,07/01/2020,09:31:47,1698.95,1698.8,500,1699.7,500,1000,2618000
JUBLFOOD-I.NFO,07/01/2020,09:31:48,1698.95,1698.8,500,1699.8,500,0,2618000
JUBLFOOD-I.NFO,07/01/2020,09:31:49,1698.95,1698.9,500,1699.85,500,0,2618000
JUBLFOOD-I.NFO,07/01/2020,09:31:50,1699,1698.8,500,1699.65,500,2000,2618000
JUBLFOOD-I.NFO,07/01/2020,09:31:51,1699.55,1698.8,500,1699.6,500,500,2618000
JUBLFOOD-I.NFO,07/01/2020,09:31:52,1698.9,1698.85,500,1699.6,500,1000,2618000
JUBLFOOD-I.NFO,07/01/2020,09:31:53,1699.55,1698.85,500,1699.65,500,1000,2618000
JUBLFOOD-I.NFO,07/01/2020,09:31:54,1699.45,1698.8,500,1699.45,500,1500,2618000
JUBLFOOD-I.NFO,07/01/2020,09:31:55,1699.45,1699,500,1699.55,1000,0,2618000
JUBLFOOD-I.NFO,07/01/2020,09:31:56,1699.05,1699,500,1699.7,500,500,2618000
JUBLFOOD-I.NFO,07/01/2020,09:31:57,1698.75,1698.4,1000,1698.8,1000,2000,2618000
JUBLFOOD-I.NFO,07/01/2020,09:31:58,1698.75,1698.3,500,1698.8,1000,0,2618000
JUBLFOOD-I.NFO,07/01/2020,09:32:00,1698.3,1698.3,1000,1698.8,500,1000,2618000
JUBLFOOD-I.NFO,07/01/2020,09:32:01,1698.85,1698.4,500,1699,1000,1000,2618000
JUBLFOOD-I.NFO,07/01/2020,09:32:01,1698.85,1698.35,500,1699,1000,0,2618000
JUBLFOOD-I.NFO,07/01/2020,09:32:02,1699.5,1699.1,500,1699.6,500,1500,2618000
JUBLFOOD-I.NFO,07/01/2020,09:32:03,1699.8,1699.4,500,1699.9,1500,1000,2618000
JUBLFOOD-I.NFO,07/01/2020,09:32:04,1699,1698.95,500,1699.5,500,1000,2618000
JUBLFOOD-I.NFO,07/01/2020,09:32:05,1699,1698.8,1000,1699.5,500,0,2618000
JUBLFOOD-I.NFO,07/01/2020,09:32:06,1699,1698.8,1000,1699.1,500,0,2618000
JUBLFOOD-I.NFO,07/01/2020,09:32:08,1698.9,1698.85,500,1699.4,500,1500,2618000
JUBLFOOD-I.NFO,07/01/2020,09:32:09,1698.8,1698.8,500,1699.35,1000,500,2618000
JUBLFOOD-I.NFO,07/01/2020,09:32:10,1698.8,1698.8,500,1699.35,500,0,2618000
JUBLFOOD-I.NFO,07/01/2020,09:32:11,1698.8,1698.35,500,1698.85,500,1000,2618000
JUBLFOOD-I.NFO,07/01/2020,09:32:11,1698.8,1698.35,500,1698.85,500,0,2618000
JUBLFOOD-I.NFO,07/01/2020,09:32:12,1698.8,1698.4,1000,1698.85,500,0,2618000
JUBLFOOD-I.NFO,07/01/2020,09:32:14,1698.8,1698.5,500,1698.85,500,0,2618000
JUBLFOOD-I.NFO,07/01/2020,09:32:14,1698.8,1698.45,500,1698.85,500,0,2618000
JUBLFOOD-I.NFO,07/01/2020,09:32:15,1698.05,1698,7500,1698.7,500,2500,2665500
JUBLFOOD-I.NFO,07/01/2020,09:32:16,1698,1698,6500,1698.5,500,1500,2665500
JUBLFOOD-I.NFO,07/01/2020,09:32:17,1698.45,1698,4500,1698.5,500,2500,2665500
JUBLFOOD-I.NFO,07/01/2020,09:32:18,1698,1698,4000,1698.4,500,500,2665500
JUBLFOOD-I.NFO,07/01/2020,09:32:20,1698,1698,1000,1698.45,1000,3000,2665500
JUBLFOOD-I.NFO,07/01/2020,09:32:21,1698,1698,1500,1698.45,1000,0,2665500
JUBLFOOD-I.NFO,07/01/2020,09:32:22,1700.2,1699.35,1000,1700.45,500,25500,2665500
JUBLFOOD-I.NFO,07/01/2020,09:32:22,1702,1699.35,1000,1700.45,500,0,2665500
JUBLFOOD-I.NFO,07/01/2020,09:32:22,1700.2,1699.35,1000,1700.4,500,0,2665500
JUBLFOOD-I.NFO,07/01/2020,09:32:23,1700.2,1699.5,1000,1700.45,500,0,2665500
JUBLFOOD-I.NFO,07/01/2020,09:32:24,1700.45,1700.4,500,1701.35,500,500,2665500
JUBLFOOD-I.NFO,07/01/2020,09:32:25,1700.45,1700.4,500,1701.25,500,0,2665500
JUBLFOOD-I.NFO,07/01/2020,09:32:26,1701.35,1700.45,500,1701.3,500,500,2665500
JUBLFOOD-I.NFO,07/01/2020,09:32:27,1700.45,1700.4,500,1701.15,500,500,2665500
JUBLFOOD-I.NFO,07/01/2020,09:32:28,1701.15,1700.45,500,1701.2,500,500,2665500
JUBLFOOD-I.NFO,07/01/2020,09:32:29,1700.45,1700.4,500,1701.05,500,500,2665500
JUBLFOOD-I.NFO,07/01/2020,09:32:30,1700.4,1699.7,500,1701.05,1000,500,2665500
JUBLFOOD-I.NFO,07/01/2020,09:32:31,1700.4,1699.3,500,1700.35,500,0,2665500
JUBLFOOD-I.NFO,07/01/2020,09:32:32,1699.7,1699,500,1700.25,500,1000,2665500
JUBLFOOD-I.NFO,07/01/2020,09:32:33,1700.15,1699.25,500,1700.3,500,2000,2665500
JUBLFOOD-I.NFO,07/01/2020,09:32:34,1700.3,1699.45,500,1700.4,500,500,2665500
JUBLFOOD-I.NFO,07/01/2020,09:32:35,1700.3,1699.55,500,1700.4,500,0,2665500
JUBLFOOD-I.NFO,07/01/2020,09:32:37,1701,1700.4,500,1701.1,500,5000,2665500
JUBLFOOD-I.NFO,07/01/2020,09:32:38,1701.7,1700.45,500,1701.7,500,3000,2665500
JUBLFOOD-I.NFO,07/01/2020,09:32:39,1701.7,1700.65,500,1701.7,1000,0,2665500
JUBLFOOD-I.NFO,07/01/2020,09:32:39,1701.7,1700.75,500,1701.5,500,0,2665500
JUBLFOOD-I.NFO,07/01/2020,09:32:40,1701.7,1700.65,500,1701.65,500,0,2665500
JUBLFOOD-I.NFO,07/01/2020,09:32:41,1701.75,1700.65,500,1701.8,500,1500,2665500
JUBLFOOD-I.NFO,07/01/2020,09:32:42,1700.9,1699.85,500,1700.75,500,4000,2665500
JUBLFOOD-I.NFO,07/01/2020,09:32:43,1700.6,1699.65,500,1700.9,500,500,2665500
JUBLFOOD-I.NFO,07/01/2020,09:32:44,1700.6,1699.15,500,1700.35,500,0,2665500
JUBLFOOD-I.NFO,07/01/2020,09:32:45,1700.6,1699.1,500,1700.5,500,0,2665500
JUBLFOOD-I.NFO,07/01/2020,09:32:46,1700.6,1699.3,500,1700.85,500,500,2665500
JUBLFOOD-I.NFO,07/01/2020,09:32:48,1700.05,1699.1,500,1700.4,500,1000,2665500
JUBLFOOD-I.NFO,07/01/2020,09:32:49,1699.55,1698.55,500,1699.6,500,500,2665500
JUBLFOOD-I.NFO,07/01/2020,09:32:50,1699.6,1698.65,500,1699.95,500,500,2665500
JUBLFOOD-I.NFO,07/01/2020,09:32:51,1699.1,1698.65,500,1699.8,500,1000,2665500
JUBLFOOD-I.NFO,07/01/2020,09:32:52,1699.75,1698.65,500,1699.8,500,500,2665500
JUBLFOOD-I.NFO,07/01/2020,09:32:52,1699.75,1698.7,500,1699.8,500,0,2665500
JUBLFOOD-I.NFO,07/01/2020,09:32:53,1698.65,1698.6,500,1699,2500,500,2665500
JUBLFOOD-I.NFO,07/01/2020,09:32:54,1699,1698.85,500,1700.2,500,2500,2665500
JUBLFOOD-I.NFO,07/01/2020,09:32:55,1699,1698.75,500,1699.85,500,1000,2665500
JUBLFOOD-I.NFO,07/01/2020,09:32:56,1699,1698.85,500,1699.85,500,0,2665500
JUBLFOOD-I.NFO,07/01/2020,09:32:57,1698.9,1699.35,500,1700,500,2000,2665500
JUBLFOOD-I.NFO,07/01/2020,09:32:58,1700,1699.8,1000,1700.5,1000,1000,2665500
JUBLFOOD-I.NFO,07/01/2020,09:33:00,1700.5,1700.4,500,1701,500,1000,2665500
JUBLFOOD-I.NFO,07/01/2020,09:33:01,1701,1699.95,1000,1701.35,500,500,2665500
JUBLFOOD-I.NFO,07/01/2020,09:33:02,1701.25,1699.95,1000,1701,1000,500,2665500
JUBLFOOD-I.NFO,07/01/2020,09:33:03,1701,1700.5,500,1701,500,500,2665500
JUBLFOOD-I.NFO,07/01/2020,09:33:03,1701,1700.3,500,1701,500,0,2665500
JUBLFOOD-I.NFO,07/01/2020,09:33:04,1701,1700.3,500,1701,1500,0,2665500
JUBLFOOD-I.NFO,07/01/2020,09:33:05,1701,1700.15,500,1700.95,500,500,2665500
JUBLFOOD-I.NFO,07/01/2020,09:33:06,1701,1700.15,500,1700.85,500,0,2665500
JUBLFOOD-I.NFO,07/01/2020,09:33:07,1701,1699.9,500,1700.85,500,0,2665500
JUBLFOOD-I.NFO,07/01/2020,09:33:08,1701,1699.7,500,1700.75,500,0,2665500
JUBLFOOD-I.NFO,07/01/2020,09:33:09,1700.85,1699.55,500,1700.85,1000,2000,2665500
JUBLFOOD-I.NFO,07/01/2020,09:33:10,1700.85,1700.15,500,1700.9,500,500,2665500
JUBLFOOD-I.NFO,07/01/2020,09:33:11,1701,1700.4,500,1701.75,500,4500,2665500
JUBLFOOD-I.NFO,07/01/2020,09:33:12,1701,1700.6,500,1701.55,500,0,2665500
JUBLFOOD-I.NFO,07/01/2020,09:33:13,1701.65,1700.25,1000,1701.5,500,1000,2665500
JUBLFOOD-I.NFO,07/01/2020,09:33:14,1701,1700.35,500,1701.4,500,1000,2665500
JUBLFOOD-I.NFO,07/01/2020,09:33:16,1701.3,1700,1000,1701.3,500,1500,2665500
JUBLFOOD-I.NFO,07/01/2020,09:33:17,1700.95,1700.05,1000,1701,500,1000,2665500
JUBLFOOD-I.NFO,07/01/2020,09:33:18,1700.95,1700,1000,1701.15,1000,0,2665500
JUBLFOOD-I.NFO,07/01/2020,09:33:18,1700.95,1700.05,500,1701.25,1000,0,2665500
JUBLFOOD-I.NFO,07/01/2020,09:33:19,1700.15,1700.05,500,1701.1,500,500,2665500
JUBLFOOD-I.NFO,07/01/2020,09:33:20,1701,1700.1,500,1701.4,500,8000,2665500
JUBLFOOD-I.NFO,07/01/2020,09:33:20,1702.65,1700.1,500,1701.4,500,0,2665500
JUBLFOOD-I.NFO,07/01/2020,09:33:21,1701.45,1701,500,1701.8,500,1000,2665500
JUBLFOOD-I.NFO,07/01/2020,09:33:22,1701.45,1701.1,500,1701.8,500,0,2665500
JUBLFOOD-I.NFO,07/01/2020,09:33:23,1701,1701.25,500,1701.7,500,1000,2665500
JUBLFOOD-I.NFO,07/01/2020,09:33:24,1701.25,1700.95,500,1701.7,500,500,2665500
JUBLFOOD-I.NFO,07/01/2020,09:33:25,1701.7,1701.15,500,1701.7,500,500,2665500
JUBLFOOD-I.NFO,07/01/2020,09:33:26,1701,1700.95,500,1701.55,500,1000,2665500
JUBLFOOD-I.NFO,07/01/2020,09:33:27,1701.55,1701,500,1701.65,500,1000,2665500
JUBLFOOD-I.NFO,07/01/2020,09:33:29,1701.6,1701,500,1701.65,500,1000,2665500
JUBLFOOD-I.NFO,07/01/2020,09:33:30,1701.55,1701,500,1701.6,500,500,2665500
JUBLFOOD-I.NFO,07/01/2020,09:33:31,1701.6,1700.65,1000,1701.95,1000,500,2665500
JUBLFOOD-I.NFO,07/01/2020,09:33:32,1701,1700.1,500,1701,500,500,2665500
JUBLFOOD-I.NFO,07/01/2020,09:33:33,1701,1700,3000,1700.8,500,0,2665500
JUBLFOOD-I.NFO,07/01/2020,09:33:33,1701,1700,3000,1700.85,500,0,2665500
JUBLFOOD-I.NFO,07/01/2020,09:33:35,1700.85,1700,2500,1700.9,500,1500,2665500
JUBLFOOD-I.NFO,07/01/2020,09:33:36,1700.85,1700.05,500,1700.9,500,500,2665500
JUBLFOOD-I.NFO,07/01/2020,09:33:37,1700,1700,1500,1700.85,500,1000,2665500
JUBLFOOD-I.NFO,07/01/2020,09:33:38,1700,1700,1500,1700.9,500,0,2665500
JUBLFOOD-I.NFO,07/01/2020,09:33:39,1700.8,1700,1500,1700.45,500,1000,2665500
JUBLFOOD-I.NFO,07/01/2020,09:33:40,1700.5,1700.05,500,1701.15,500,500,2665500
JUBLFOOD-I.NFO,07/01/2020,09:33:41,1701,1700.1,500,1701.1,500,1000,2665500
JUBLFOOD-I.NFO,07/01/2020,09:33:42,1701,1700.15,500,1701,500,0,2665500
JUBLFOOD-I.NFO,07/01/2020,09:33:44,1701,1700.1,500,1701,500,0,2665500
JUBLFOOD-I.NFO,07/01/2020,09:33:46,1700,1699.65,500,1700.95,1000,1500,2665500
JUBLFOOD-I.NFO,07/01/2020,09:33:47,1699.45,1699,1000,1700.3,500,500,2665500
JUBLFOOD-I.NFO,07/01/2020,09:33:47,1699.45,1699.1,500,1700.2,500,0,2665500
JUBLFOOD-I.NFO,07/01/2020,09:33:48,1699.45,1699,1000,1700.05,500,0,2665500
JUBLFOOD-I.NFO,07/01/2020,09:33:49,1699,1699,500,1700.25,500,500,2665500
JUBLFOOD-I.NFO,07/01/2020,09:33:50,1699,1699,500,1700.4,500,0,2665500
JUBLFOOD-I.NFO,07/01/2020,09:33:51,1699,1699,500,1699.9,500,0,2665500
JUBLFOOD-I.NFO,07/01/2020,09:33:53,1699,1699.05,500,1699.95,500,0,2665500
JUBLFOOD-I.NFO,07/01/2020,09:33:54,1699.95,1699.05,500,1699.95,500,1000,2665500
JUBLFOOD-I.NFO,07/01/2020,09:33:55,1699.95,1699,500,1699.9,500,0,2665500
JUBLFOOD-I.NFO,07/01/2020,09:33:56,1699.95,1699,500,1699.85,500,0,2665500
JUBLFOOD-I.NFO,07/01/2020,09:33:58,1699.65,1698.65,500,1699.7,500,1500,2665500
JUBLFOOD-I.NFO,07/01/2020,09:33:59,1699.65,1698.75,500,1699.7,500,0,2665500
JUBLFOOD-I.NFO,07/01/2020,09:34:00,1699.8,1699.05,500,1699.85,500,1000,2665500
JUBLFOOD-I.NFO,07/01/2020,09:34:00,1699.8,1699,500,1699.95,500,0,2665500
JUBLFOOD-I.NFO,07/01/2020,09:34:01,1699.35,1699.3,500,1700,1500,1000,2665500
JUBLFOOD-I.NFO,07/01/2020,09:34:02,1699.35,1699.1,500,1700,1500,0,2665500
JUBLFOOD-I.NFO,07/01/2020,09:34:03,1699.35,1699.45,500,1700,1500,0,2665500
JUBLFOOD-I.NFO,07/01/2020,09:34:04,1700,1699.45,500,1700,1000,2000,2665500
JUBLFOOD-I.NFO,07/01/2020,09:34:05,1699.3,1699.05,500,1699.95,500,1000,2665500
JUBLFOOD-I.NFO,07/01/2020,09:34:06,1699.3,1699.05,500,1700,500,0,2665500
JUBLFOOD-I.NFO,07/01/2020,09:34:07,1699.8,1699.05,500,1699.85,500,1000,2665500
JUBLFOOD-I.NFO,07/01/2020,09:34:08,1699.85,1699.1,500,1699.9,500,500,2665500
JUBLFOOD-I.NFO,07/01/2020,09:34:09,1699.85,1699,1000,1699.9,500,0,2665500
JUBLFOOD-I.NFO,07/01/2020,09:34:11,1699.85,1699.3,500,1699.9,500,0,2665500
JUBLFOOD-I.NFO,07/01/2020,09:34:12,1699.85,1699.3,500,1699.9,1000,0,2665500
JUBLFOOD-I.NFO,07/01/2020,09:34:12,1699.85,1699.3,500,1699.9,500,0,2665500
JUBLFOOD-I.NFO,07/01/2020,09:34:13,1699.85,1699.35,500,1699.9,500,500,2665500
JUBLFOOD-I.NFO,07/01/2020,09:34:14,1699.9,1699.3,500,1699.45,500,500,2665500
JUBLFOOD-I.NFO,07/01/2020,09:34:15,1699.4,1699,1000,1699.45,500,1000,2665500
JUBLFOOD-I.NFO,07/01/2020,09:34:16,1699.4,1699,1000,1699.45,500,0,2665500
JUBLFOOD-I.NFO,07/01/2020,09:34:19,1698.5,1698,2000,1698.7,500,1500,2665500
JUBLFOOD-I.NFO,07/01/2020,09:34:21,1698.5,1698,2000,1698.7,500,0,2665500
JUBLFOOD-I.NFO,07/01/2020,09:34:22,1698.5,1698,2000,1698.65,500,500,2665500
JUBLFOOD-I.NFO,07/01/2020,09:34:23,1698,1698,1000,1698.5,500,1000,2665500
JUBLFOOD-I.NFO,07/01/2020,09:34:23,1698,1697.2,500,1698.3,500,1000,2665500
JUBLFOOD-I.NFO,07/01/2020,09:34:25,1698,1697.15,500,1698.35,500,0,2665500
JUBLFOOD-I.NFO,07/01/2020,09:34:26,1698,1697.05,500,1697.95,500,0,2665500
JUBLFOOD-I.NFO,07/01/2020,09:34:26,1698,1697.05,500,1697.75,500,0,2665500
JUBLFOOD-I.NFO,07/01/2020,09:34:27,1697.8,1697.95,1000,1698,1000,2500,2665500
JUBLFOOD-I.NFO,07/01/2020,09:34:28,1697.8,1697.95,1000,1698,1000,0,2665500
JUBLFOOD-I.NFO,07/01/2020,09:34:29,1698,1697.95,1000,1698.4,500,500,2665500
JUBLFOOD-I.NFO,07/01/2020,09:34:30,1697.95,1697.95,500,1698.45,500,500,2665500
JUBLFOOD-I.NFO,07/01/2020,09:34:31,1697.95,1698.1,500,1698.45,500,0,2665500
JUBLFOOD-I.NFO,07/01/2020,09:34:33,1698.15,1698.1,500,1698.95,500,1000,2665500
JUBLFOOD-I.NFO,07/01/2020,09:34:34,1698.15,1698.1,500,1699,1500,0,2665500
JUBLFOOD-I.NFO,07/01/2020,09:34:35,1698.15,1698.05,500,1699,1500,0,2665500
JUBLFOOD-I.NFO,07/01/2020,09:34:36,1698.05,1698.15,500,1699,1500,500,2665500
JUBLFOOD-I.NFO,07/01/2020,09:34:37,1698.1,1698.05,500,1698.95,500,1500,2665500
JUBLFOOD-I.NFO,07/01/2020,09:34:37,1698.1,1698.05,500,1698.95,500,0,2665500
JUBLFOOD-I.NFO,07/01/2020,09:34:40,1698.1,1698.5,500,1698.75,500,0,2665500
JUBLFOOD-I.NFO,07/01/2020,09:34:42,1698.5,1698.3,500,1698.8,500,500,2665500
JUBLFOOD-I.NFO,07/01/2020,09:34:43,1698.1,1698.3,500,1699,500,1500,2665500
JUBLFOOD-I.NFO,07/01/2020,09:34:44,1698.1,1698.3,500,1698.95,500,0,2665500
JUBLFOOD-I.NFO,07/01/2020,09:34:46,1698.55,1697.45,500,1698.55,500,4000,2665500
JUBLFOOD-I.NFO,07/01/2020,09:34:47,1698.55,1697.35,500,1698,500,0,2665500
JUBLFOOD-I.NFO,07/01/2020,09:34:48,1698.55,1697.25,500,1698,500,0,2665500
JUBLFOOD-I.NFO,07/01/2020,09:34:49,1698.55,1697.35,500,1698,500,0,2665500
JUBLFOOD-I.NFO,07/01/2020,09:34:50,1697.7,1697.35,500,1698,500,500,2665500
JUBLFOOD-I.NFO,07/01/2020,09:34:51,1697.7,1697.4,1000,1698,500,0,2665500
JUBLFOOD-I.NFO,07/01/2020,09:34:52,1697.7,1697.35,500,1698,500,0,2665500
JUBLFOOD-I.NFO,07/01/2020,09:34:54,1697.45,1697.35,500,1698,500,1500,2665500
JUBLFOOD-I.NFO,07/01/2020,09:34:55,1697.45,1697.2,500,1697.95,500,0,2665500
JUBLFOOD-I.NFO,07/01/2020,09:34:56,1697.45,1697.35,500,1698,500,0,2665500
JUBLFOOD-I.NFO,07/01/2020,09:34:59,1697.7,1697.35,500,1698,500,1000,2665500
JUBLFOOD-I.NFO,07/01/2020,09:35:00,1699,1698.3,1000,1699.3,500,1000,2665500
JUBLFOOD-I.NFO,07/01/2020,09:35:01,1699,1698.4,500,1699.3,500,0,2665500
JUBLFOOD-I.NFO,07/01/2020,09:35:01,1699,1698.6,1000,1699.35,500,0,2665500
JUBLFOOD-I.NFO,07/01/2020,09:35:02,1699,1698.6,500,1699.3,500,0,2665500
JUBLFOOD-I.NFO,07/01/2020,09:35:04,1698,1698.05,500,1699.2,500,2500,2665500
JUBLFOOD-I.NFO,07/01/2020,09:35:05,1698,1698.05,500,1699.2,500,0,2665500
JUBLFOOD-I.NFO,07/01/2020,09:35:06,1699,1698.15,500,1699.1,500,500,2665500
JUBLFOOD-I.NFO,07/01/2020,09:35:07,1699,1698.15,500,1699,500,0,2665500
JUBLFOOD-I.NFO,07/01/2020,09:35:08,1698.15,1698.05,500,1698.95,500,500,2665500
JUBLFOOD-I.NFO,07/01/2020,09:35:09,1698.15,1698.05,500,1698.9,500,0,2665500
JUBLFOOD-I.NFO,07/01/2020,09:35:10,1698.05,1698.05,500,1698.8,500,500,2665500
JUBLFOOD-I.NFO,07/01/2020,09:35:11,1698.05,1698.05,500,1698.7,500,0,2665500
JUBLFOOD-I.NFO,07/01/2020,09:35:13,1698.05,1698.2,500,1699.05,500,0,2665500
JUBLFOOD-I.NFO,07/01/2020,09:35:16,1699.05,1698.35,500,1699.15,500,500,2706500
JUBLFOOD-I.NFO,07/01/2020,09:35:18,1699.05,1698.25,500,1699.15,1000,0,2706500
JUBLFOOD-I.NFO,07/01/2020,09:35:19,1699.05,1698.3,500,1699.15,1000,0,2706500
JUBLFOOD-I.NFO,07/01/2020,09:35:20,1699.05,1698.15,500,1699.1,1000,0,2706500
JUBLFOOD-I.NFO,07/01/2020,09:35:21,1699.1,1698.2,1000,1699.15,1000,500,2706500
JUBLFOOD-I.NFO,07/01/2020,09:35:22,1699.1,1698.2,1000,1699.15,1000,0,2706500
JUBLFOOD-I.NFO,07/01/2020,09:35:24,1698.2,1698.15,500,1698.85,500,1000,2706500
JUBLFOOD-I.NFO,07/01/2020,09:35:25,1699.05,1698.25,500,1699.15,1000,500,2706500
JUBLFOOD-I.NFO,07/01/2020,09:35:26,1698.3,1698.25,500,1699.1,500,500,2706500
JUBLFOOD-I.NFO,07/01/2020,09:35:27,1698.3,1698.15,500,1699,500,0,2706500
JUBLFOOD-I.NFO,07/01/2020,09:35:28,1698.85,1698.2,500,1699.15,1000,500,2706500
JUBLFOOD-I.NFO,07/01/2020,09:35:29,1698.85,1698.15,500,1699,500,0,2706500
JUBLFOOD-I.NFO,07/01/2020,09:35:30,1698.85,1698.15,500,1699,1500,0,2706500
JUBLFOOD-I.NFO,07/01/2020,09:35:31,1698.85,1698.15,500,1698.85,500,0,2706500
JUBLFOOD-I.NFO,07/01/2020,09:35:32,1698.15,1698,3500,1698.4,500,500,2706500
JUBLFOOD-I.NFO,07/01/2020,09:35:33,1698.15,1698,3500,1698.35,500,0,2706500
JUBLFOOD-I.NFO,07/01/2020,09:35:34,1698.15,1698,4000,1698.35,500,0,2706500
JUBLFOOD-I.NFO,07/01/2020,09:35:35,1698.15,1698.1,500,1698.35,500,0,2706500
JUBLFOOD-I.NFO,07/01/2020,09:35:41,1697,1697,2000,1697.7,500,6000,2706500
JUBLFOOD-I.NFO,07/01/2020,09:35:41,1697,1697,2000,1697.9,500,0,2706500
JUBLFOOD-I.NFO,07/01/2020,09:35:42,1697,1697,2000,1697.35,500,0,2706500
JUBLFOOD-I.NFO,07/01/2020,09:35:43,1697.55,1697,2000,1697.6,500,500,2706500
JUBLFOOD-I.NFO,07/01/2020,09:35:44,1697.5,1697,2000,1697.9,500,500,2706500
JUBLFOOD-I.NFO,07/01/2020,09:35:45,1697.9,1697.05,500,1697.9,500,500,2706500
JUBLFOOD-I.NFO,07/01/2020,09:35:46,1697.9,1697.05,500,1697.9,500,0,2706500
JUBLFOOD-I.NFO,07/01/2020,09:35:48,1697.9,1697,2000,1697.9,500,0,2706500
JUBLFOOD-I.NFO,07/01/2020,09:35:49,1697.9,1697,2000,1697.8,500,0,2706500
JUBLFOOD-I.NFO,07/01/2020,09:35:50,1697,1697,1500,1697.8,500,500,2706500
JUBLFOOD-I.NFO,07/01/2020,09:35:51,1697,1697,500,1697.9,500,1000,2706500
JUBLFOOD-I.NFO,07/01/2020,09:35:52,1697,1697,500,1697.9,500,0,2706500
JUBLFOOD-I.NFO,07/01/2020,09:35:53,1697,1696.85,500,1697.9,1000,1000,2706500
JUBLFOOD-I.NFO,07/01/2020,09:35:54,1697.5,1696.9,500,1697.5,500,500,2706500
JUBLFOOD-I.NFO,07/01/2020,09:35:55,1697.5,1697.05,500,1697.5,500,0,2706500
JUBLFOOD-I.NFO,07/01/2020,09:35:57,1697.5,1697.2,500,1698,500,500,2706500
JUBLFOOD-I.NFO,07/01/2020,09:35:58,1697.5,1697.1,500,1698,500,0,2706500
JUBLFOOD-I.NFO,07/01/2020,09:35:59,1697.3,1697.35,500,1698,500,500,2706500
JUBLFOOD-I.NFO,07/01/2020,09:35:59,1697.3,1697.35,500,1698,500,0,2706500
JUBLFOOD-I.NFO,07/01/2020,09:36:01,1697.3,1697.6,500,1698,500,0,2706500
JUBLFOOD-I.NFO,07/01/2020,09:36:02,1698.1,1697.7,1000,1698.85,500,1000,2706500
JUBLFOOD-I.NFO,07/01/2020,09:36:03,1698.1,1697.7,1000,1698.85,500,0,2706500
JUBLFOOD-I.NFO,07/01/2020,09:36:04,1698.1,1697.7,500,1698.75,500,0,2706500
JUBLFOOD-I.NFO,07/01/2020,09:36:05,1698.1,1697.7,500,1698.65,500,0,2706500
JUBLFOOD-I.NFO,07/01/2020,09:36:06,1698.1,1698,500,1698.95,500,0,2706500
JUBLFOOD-I.NFO,07/01/2020,09:36:08,1698.75,1697.7,500,1698,500,1000,2706500
JUBLFOOD-I.NFO,07/01/2020,09:36:09,1698,1697.7,500,1698.6,500,1500,2706500
JUBLFOOD-I.NFO,07/01/2020,09:36:09,1698,1698,500,1698.9,500,0,2706500
JUBLFOOD-I.NFO,07/01/2020,09:36:10,1698.6,1698,500,1698.9,1000,500,2706500
JUBLFOOD-I.NFO,07/01/2020,09:36:12,1698.8,1698.1,500,1699,2000,500,2706500
JUBLFOOD-I.NFO,07/01/2020,09:36:15,1698.8,1698.15,500,1699,2500,0,2706500
JUBLFOOD-I.NFO,07/01/2020,09:36:16,1698.8,1698.05,500,1698.95,1500,0,2706500
JUBLFOOD-I.NFO,07/01/2020,09:36:17,1698.8,1698.1,500,1699,2500,0,2706500
JUBLFOOD-I.NFO,07/01/2020,09:36:18,1698.8,1698.55,500,1699,2500,0,2706500
JUBLFOOD-I.NFO,07/01/2020,09:36:19,1699,1698.6,500,1699,1000,1500,2706500
JUBLFOOD-I.NFO,07/01/2020,09:36:20,1699,1698.55,500,1699,1000,0,2706500
JUBLFOOD-I.NFO,07/01/2020,09:36:22,1699,1698.55,500,1699.15,500,1000,2706500
JUBLFOOD-I.NFO,07/01/2020,09:36:23,1699,1698.55,500,1699.15,500,0,2706500
JUBLFOOD-I.NFO,07/01/2020,09:36:27,1699,1698.7,500,1699.15,500,0,2706500
JUBLFOOD-I.NFO,07/01/2020,09:36:30,1699.05,1699,500,1699.6,1000,1000,2706500
JUBLFOOD-I.NFO,07/01/2020,09:36:32,1699.15,1699,500,1699.45,500,500,2706500
JUBLFOOD-I.NFO,07/01/2020,09:36:33,1699.15,1699,500,1699.45,500,0,2706500
JUBLFOOD-I.NFO,07/01/2020,09:36:34,1699,1698.55,500,1699.35,500,500,2706500
JUBLFOOD-I.NFO,07/01/2020,09:36:35,1699,1698.55,500,1699.35,500,0,2706500
JUBLFOOD-I.NFO,07/01/2020,09:36:39,1699.35,1698.55,500,1699.45,1000,500,2706500
JUBLFOOD-I.NFO,07/01/2020,09:36:40,1698.7,1698.55,500,1699.35,500,1000,2706500
JUBLFOOD-I.NFO,07/01/2020,09:36:41,1698.7,1698.55,500,1699.35,500,0,2706500
JUBLFOOD-I.NFO,07/01/2020,09:36:42,1698.7,1698.55,500,1699.4,500,0,2706500
JUBLFOOD-I.NFO,07/01/2020,09:36:43,1698.7,1698.6,500,1699.4,500,0,2706500
JUBLFOOD-I.NFO,07/01/2020,09:36:44,1698.7,1698.6,500,1699,500,0,2706500
JUBLFOOD-I.NFO,07/01/2020,09:36:46,1698.95,1697.75,500,1698.85,500,1000,2706500
JUBLFOOD-I.NFO,07/01/2020,09:36:47,1698.95,1698,500,1698.85,500,0,2706500
JUBLFOOD-I.NFO,07/01/2020,09:36:50,1697.7,1697.15,500,1697.9,500,1500,2706500
JUBLFOOD-I.NFO,07/01/2020,09:36:52,1697.7,1697.15,500,1697.9,500,0,2706500
JUBLFOOD-I.NFO,07/01/2020,09:36:55,1697,1697,500,1697.65,500,1500,2706500
JUBLFOOD-I.NFO,07/01/2020,09:36:56,1697,1697.1,500,1698.3,1000,0,2706500
JUBLFOOD-I.NFO,07/01/2020,09:36:56,1697,1697.15,500,1698.3,500,0,2706500
JUBLFOOD-I.NFO,07/01/2020,09:36:57,1697,1697.1,500,1698.1,500,0,2706500
JUBLFOOD-I.NFO,07/01/2020,09:36:58,1697,1697.05,500,1697.95,500,0,2706500
JUBLFOOD-I.NFO,07/01/2020,09:36:59,1697,1697,500,1698.15,500,0,2706500
JUBLFOOD-I.NFO,07/01/2020,09:37:00,1697,1697.05,500,1698.2,500,0,2706500
JUBLFOOD-I.NFO,07/01/2020,09:37:05,1697,1697,500,1698.05,500,0,2706500
JUBLFOOD-I.NFO,07/01/2020,09:37:06,1697,1697,500,1698,500,0,2706500
JUBLFOOD-I.NFO,07/01/2020,09:37:07,1697,1696.85,500,1697.9,500,500,2706500
JUBLFOOD-I.NFO,07/01/2020,09:37:08,1697,1696.85,500,1697.8,500,500,2706500
JUBLFOOD-I.NFO,07/01/2020,09:37:09,1697,1696.8,500,1697.75,500,0,2706500
JUBLFOOD-I.NFO,07/01/2020,09:37:10,1697,1696.8,500,1697.7,500,0,2706500
JUBLFOOD-I.NFO,07/01/2020,09:37:11,1697,1696.8,500,1697.05,500,0,2706500
JUBLFOOD-I.NFO,07/01/2020,09:37:13,1697.05,1696.85,500,1697.7,500,500,2706500
JUBLFOOD-I.NFO,07/01/2020,09:37:14,1696.85,1696.8,500,1697.85,500,500,2706500
JUBLFOOD-I.NFO,07/01/2020,09:37:15,1696.85,1697,500,1698.05,500,0,2706500
JUBLFOOD-I.NFO,07/01/2020,09:37:17,1697,1696.8,1000,1698,500,500,2706500
JUBLFOOD-I.NFO,07/01/2020,09:37:18,1697,1696.8,1000,1698,500,0,2706500
JUBLFOOD-I.NFO,07/01/2020,09:37:18,1696.8,1696.1,5500,1696.8,500,2500,2706500
JUBLFOOD-I.NFO,07/01/2020,09:37:19,1696.8,1696.1,5500,1696.8,500,0,2706500
JUBLFOOD-I.NFO,07/01/2020,09:37:21,1696.1,1696.1,5000,1696.65,500,500,2706500
JUBLFOOD-I.NFO,07/01/2020,09:37:22,1696.1,1696.1,5000,1696.65,500,0,2706500
JUBLFOOD-I.NFO,07/01/2020,09:37:23,1696.1,1696.1,5000,1696.7,500,0,2706500
JUBLFOOD-I.NFO,07/01/2020,09:37:25,1696.1,1696.1,5000,1696.75,500,0,2706500
JUBLFOOD-I.NFO,07/01/2020,09:37:29,1696.4,1695.3,500,1696.45,500,9000,2706500
JUBLFOOD-I.NFO,07/01/2020,09:37:29,1696.4,1695.2,500,1696.25,500,0,2706500
JUBLFOOD-I.NFO,07/01/2020,09:37:30,1696.1,1695.2,500,1696.15,500,500,2706500
JUBLFOOD-I.NFO,07/01/2020,09:37:31,1696.1,1695.4,500,1696.3,500,0,2706500
JUBLFOOD-I.NFO,07/01/2020,09:37:33,1696.1,1695.55,500,1696.55,500,0,2706500
JUBLFOOD-I.NFO,07/01/2020,09:37:34,1696.7,1695.65,500,1696.7,500,500,2706500
JUBLFOOD-I.NFO,07/01/2020,09:37:35,1697.65,1696.15,500,1697.55,500,2000,2706500
JUBLFOOD-I.NFO,07/01/2020,09:37:36,1697.65,1696.8,500,1697.55,500,0,2706500
JUBLFOOD-I.NFO,07/01/2020,09:37:38,1697.65,1696.8,500,1697.45,500,0,2706500
JUBLFOOD-I.NFO,07/01/2020,09:37:39,1697.65,1696.8,500,1697.55,500,0,2706500
JUBLFOOD-I.NFO,07/01/2020,09:37:40,1696.8,1696.15,500,1697.35,1000,500,2706500
JUBLFOOD-I.NFO,07/01/2020,09:37:41,1696.8,1696.15,500,1697.35,500,0,2706500
JUBLFOOD-I.NFO,07/01/2020,09:37:42,1696.8,1696.1,500,1697.45,500,0,2706500
JUBLFOOD-I.NFO,07/01/2020,09:37:42,1696.8,1696.4,500,1697.35,500,0,2706500
JUBLFOOD-I.NFO,07/01/2020,09:37:43,1696.3,1696.25,500,1697.45,500,500,2706500
JUBLFOOD-I.NFO,07/01/2020,09:37:44,1696.3,1695.9,500,1697,1000,0,2706500
JUBLFOOD-I.NFO,07/01/2020,09:37:45,1696.3,1696,500,1697,1000,0,2706500
JUBLFOOD-I.NFO,07/01/2020,09:37:46,1696.3,1695.9,500,1697,1000,0,2706500
JUBLFOOD-I.NFO,07/01/2020,09:37:48,1696,1695.65,500,1696.95,1000,2000,2706500
JUBLFOOD-I.NFO,07/01/2020,09:37:48,1696,1695.8,500,1696.85,500,0,2706500
JUBLFOOD-I.NFO,07/01/2020,09:37:49,1696,1695.15,500,1695.8,3000,0,2706500
JUBLFOOD-I.NFO,07/01/2020,09:37:50,1696,1695.1,500,1695.8,3000,0,2706500
JUBLFOOD-I.NFO,07/01/2020,09:37:52,1695.8,1695.2,500,1695.8,2500,500,2706500
JUBLFOOD-I.NFO,07/01/2020,09:37:53,1695.8,1695.25,500,1695.8,2500,0,2706500
JUBLFOOD-I.NFO,07/01/2020,09:37:55,1695.8,1695.3,500,1695.8,2500,0,2706500
JUBLFOOD-I.NFO,07/01/2020,09:37:58,1695.8,1695.15,500,1695.8,2500,0,2706500
JUBLFOOD-I.NFO,07/01/2020,09:38:00,1695.1,1695.1,500,1695.75,500,1000,2706500
JUBLFOOD-I.NFO,07/01/2020,09:38:00,1695.65,1695.15,500,1695.8,2500,500,2706500
JUBLFOOD-I.NFO,07/01/2020,09:38:02,1695.65,1695.15,500,1695.8,2500,0,2706500
JUBLFOOD-I.NFO,07/01/2020,09:38:03,1695.15,1695.1,500,1695.8,2500,500,2706500
JUBLFOOD-I.NFO,07/01/2020,09:38:04,1695.15,1695.1,500,1695.75,500,0,2706500
JUBLFOOD-I.NFO,07/01/2020,09:38:05,1695.8,1695.9,500,1696.85,500,3000,2706500
JUBLFOOD-I.NFO,07/01/2020,09:38:06,1696.85,1695.9,500,1696.95,500,500,2706500
JUBLFOOD-I.NFO,07/01/2020,09:38:07,1696.85,1696.1,500,1696.95,500,0,2706500
JUBLFOOD-I.NFO,07/01/2020,09:38:09,1696.9,1696.1,500,1697,500,1000,2706500
JUBLFOOD-I.NFO,07/01/2020,09:38:09,1695.8,1695.45,500,1696.75,500,1000,2706500
JUBLFOOD-I.NFO,07/01/2020,09:38:10,1695.8,1695.45,500,1696.7,500,0,2706500
JUBLFOOD-I.NFO,07/01/2020,09:38:12,1695.8,1695.3,500,1696.5,500,0,2706500
JUBLFOOD-I.NFO,07/01/2020,09:38:14,1695.8,1695.25,500,1696.5,3000,0,2706500
JUBLFOOD-I.NFO,07/01/2020,09:38:15,1695.8,1695.15,500,1696.3,500,0,2706500
JUBLFOOD-I.NFO,07/01/2020,09:38:16,1695.8,1695.3,500,1696.45,500,0,2706500
JUBLFOOD-I.NFO,07/01/2020,09:38:17,1695.8,1695.5,500,1696.45,500,0,2706500
JUBLFOOD-I.NFO,07/01/2020,09:38:18,1695.8,1695.45,500,1696.45,500,0,2706500
JUBLFOOD-I.NFO,07/01/2020,09:38:19,1695.8,1695.45,500,1696.45,1000,0,2706500
JUBLFOOD-I.NFO,07/01/2020,09:38:20,1695.8,1695.4,500,1696.4,500,0,2706500
JUBLFOOD-I.NFO,07/01/2020,09:38:24,1695.8,1695.55,500,1696.5,2500,0,2706500
JUBLFOOD-I.NFO,07/01/2020,09:38:25,1695.8,1695.4,500,1696.35,500,0,2706500
JUBLFOOD-I.NFO,07/01/2020,09:38:26,1696.45,1695.45,500,1696.45,1000,1500,2717500
JUBLFOOD-I.NFO,07/01/2020,09:38:27,1696.45,1695.4,500,1696.4,500,0,2717500
JUBLFOOD-I.NFO,07/01/2020,09:38:28,1696.45,1695.55,500,1696.5,2500,0,2717500
JUBLFOOD-I.NFO,07/01/2020,09:38:29,1696.45,1695.45,500,1696.25,500,0,2717500
JUBLFOOD-I.NFO,07/01/2020,09:38:30,1696.45,1695.45,500,1696.15,500,0,2717500
JUBLFOOD-I.NFO,07/01/2020,09:38:30,1696.45,1695.45,500,1696.35,1000,0,2717500
JUBLFOOD-I.NFO,07/01/2020,09:38:33,1696.45,1695.65,500,1696.5,2500,0,2717500
JUBLFOOD-I.NFO,07/01/2020,09:38:35,1696.45,1695.6,500,1696.5,2500,0,2717500
JUBLFOOD-I.NFO,07/01/2020,09:38:36,1696.45,1695.95,500,1696.5,2500,0,2717500
JUBLFOOD-I.NFO,07/01/2020,09:38:37,1696.5,1695.7,500,1696.5,2000,500,2717500
JUBLFOOD-I.NFO,07/01/2020,09:38:38,1696.5,1696,500,1697,1000,2000,2717500
JUBLFOOD-I.NFO,07/01/2020,09:38:39,1696.5,1695.8,500,1697,1000,0,2717500
JUBLFOOD-I.NFO,07/01/2020,09:38:41,1696.5,1695.85,500,1697,1000,0,2717500
JUBLFOOD-I.NFO,07/01/2020,09:38:42,1697,1696.45,500,1697.6,500,1500,2717500
JUBLFOOD-I.NFO,07/01/2020,09:38:43,1697,1696.35,500,1697.55,500,0,2717500
JUBLFOOD-I.NFO,07/01/2020,09:38:44,1697,1696.15,500,1697.55,500,0,2717500
JUBLFOOD-I.NFO,07/01/2020,09:38:45,1697,1696,500,1697.5,500,0,2717500
JUBLFOOD-I.NFO,07/01/2020,09:38:46,1697,1696.1,500,1697.5,500,0,2717500
JUBLFOOD-I.NFO,07/01/2020,09:38:47,1697,1696.3,500,1697.5,500,0,2717500
JUBLFOOD-I.NFO,07/01/2020,09:38:48,1697,1695.8,500,1696.75,500,0,2717500
JUBLFOOD-I.NFO,07/01/2020,09:38:50,1695.75,1695.65,500,1696.65,1000,1000,2717500
JUBLFOOD-I.NFO,07/01/2020,09:38:51,1695.75,1695.65,500,1696.6,500,0,2717500
JUBLFOOD-I.NFO,07/01/2020,09:38:53,1695.75,1695.7,500,1697,500,0,2717500
JUBLFOOD-I.NFO,07/01/2020,09:38:53,1695.75,1695.65,500,1697,500,0,2717500
JUBLFOOD-I.NFO,07/01/2020,09:38:54,1695.75,1695.7,500,1696.8,1000,0,2717500
JUBLFOOD-I.NFO,07/01/2020,09:38:55,1695.75,1695.7,500,1696.8,500,0,2717500
JUBLFOOD-I.NFO,07/01/2020,09:38:57,1695.75,1695.6,500,1696.75,500,0,2717500
JUBLFOOD-I.NFO,07/01/2020,09:39:01,1695.75,1696,500,1697.5,500,0,2717500
JUBLFOOD-I.NFO,07/01/2020,09:39:02,1695.75,1695.8,500,1697.2,500,0,2717500
JUBLFOOD-I.NFO,07/01/2020,09:39:03,1695.85,1695.7,500,1697,500,500,2717500
JUBLFOOD-I.NFO,07/01/2020,09:39:04,1695.85,1695.8,500,1696.9,500,0,2717500
JUBLFOOD-I.NFO,07/01/2020,09:39:05,1695.85,1695.7,500,1696.9,500,0,2717500
JUBLFOOD-I.NFO,07/01/2020,09:39:06,1695.85,1695.8,500,1696.9,500,0,2717500
JUBLFOOD-I.NFO,07/01/2020,09:39:07,1695.85,1695.7,500,1696.9,500,0,2717500
JUBLFOOD-I.NFO,07/01/2020,09:39:09,1695.85,1695.6,500,1696.9,500,0,2717500
JUBLFOOD-I.NFO,07/01/2020,09:39:10,1696.9,1695.75,500,1697,1000,500,2717500
JUBLFOOD-I.NFO,07/01/2020,09:39:11,1696.9,1695.75,500,1697,1000,0,2717500
JUBLFOOD-I.NFO,07/01/2020,09:39:12,1696.9,1695.95,500,1697,500,0,2717500
JUBLFOOD-I.NFO,07/01/2020,09:39:12,1696.9,1696.05,500,1697,500,0,2717500
JUBLFOOD-I.NFO,07/01/2020,09:39:13,1696.9,1696.3,500,1697,500,0,2717500
JUBLFOOD-I.NFO,07/01/2020,09:39:14,1696.9,1696.4,500,1697,500,0,2717500
JUBLFOOD-I.NFO,07/01/2020,09:39:17,1697,1696.75,500,1697.5,500,500,2717500
JUBLFOOD-I.NFO,07/01/2020,09:39:18,1697,1696.75,500,1697.45,500,0,2717500
JUBLFOOD-I.NFO,07/01/2020,09:39:19,1697,1697.05,500,1697.5,500,0,2717500
JUBLFOOD-I.NFO,07/01/2020,09:39:20,1697.5,1697,500,1697.95,500,500,2717500
JUBLFOOD-I.NFO,07/01/2020,09:39:21,1697.5,1697.1,500,1698,500,0,2717500
JUBLFOOD-I.NFO,07/01/2020,09:39:23,1697.5,1697.05,500,1697.95,500,0,2717500
JUBLFOOD-I.NFO,07/01/2020,09:39:24,1697.5,1697,500,1697.95,500,0,2717500
JUBLFOOD-I.NFO,07/01/2020,09:39:25,1696.95,1696.75,500,1697.85,500,1000,2717500
JUBLFOOD-I.NFO,07/01/2020,09:39:26,1696.95,1696.75,500,1697.85,500,0,2717500
JUBLFOOD-I.NFO,07/01/2020,09:39:27,1696.95,1696.75,500,1697.95,500,0,2717500
JUBLFOOD-I.NFO,07/01/2020,09:39:28,1697.95,1696.7,500,1697.75,500,500,2717500
JUBLFOOD-I.NFO,07/01/2020,09:39:29,1697.95,1696.7,500,1697.75,500,0,2717500
JUBLFOOD-I.NFO,07/01/2020,09:39:30,1697.95,1696.65,500,1697.85,500,0,2717500
JUBLFOOD-I.NFO,07/01/2020,09:39:39,1697.95,1696.65,500,1697.7,1000,0,2717500
JUBLFOOD-I.NFO,07/01/2020,09:39:40,1697.95,1696.65,1000,1697.6,500,0,2717500
JUBLFOOD-I.NFO,07/01/2020,09:39:40,1697.95,1696.65,1000,1697.5,1000,0,2717500
JUBLFOOD-I.NFO,07/01/2020,09:39:41,1697.3,1696.65,500,1697.6,500,500,2717500
JUBLFOOD-I.NFO,07/01/2020,09:39:42,1697.3,1696.65,500,1697.4,500,0,2717500
JUBLFOOD-I.NFO,07/01/2020,09:39:43,1697.3,1696.65,500,1697.3,500,0,2717500
JUBLFOOD-I.NFO,07/01/2020,09:39:45,1698,1697.45,500,1698.25,500,5000,2717500
JUBLFOOD-I.NFO,07/01/2020,09:39:46,1698,1697.35,500,1698,500,0,2717500
JUBLFOOD-I.NFO,07/01/2020,09:39:48,1698,1697.4,500,1698,500,0,2717500
JUBLFOOD-I.NFO,07/01/2020,09:39:49,1698,1697.35,500,1698,500,0,2717500
JUBLFOOD-I.NFO,07/01/2020,09:39:49,1698.3,1698.25,500,1698.8,500,1500,2717500
JUBLFOOD-I.NFO,07/01/2020,09:39:50,1698.3,1698.1,500,1698.8,500,0,2717500
JUBLFOOD-I.NFO,07/01/2020,09:39:52,1698.3,1698.25,500,1698.8,500,0,2717500
JUBLFOOD-I.NFO,07/01/2020,09:39:54,1698.05,1698,4500,1698.75,500,1000,2717500
JUBLFOOD-I.NFO,07/01/2020,09:39:55,1698.05,1698,4500,1698.75,500,0,2717500
JUBLFOOD-I.NFO,07/01/2020,09:39:55,1698.05,1698,4500,1698.6,500,0,2717500
JUBLFOOD-I.NFO,07/01/2020,09:39:56,1698.05,1698,4500,1698.65,500,0,2717500
JUBLFOOD-I.NFO,07/01/2020,09:39:58,1698.65,1698.05,500,1698.8,500,500,2717500
JUBLFOOD-I.NFO,07/01/2020,09:40:00,1698.65,1698.1,500,1698.8,500,0,2717500
JUBLFOOD-I.NFO,07/01/2020,09:40:01,1699,1698.85,500,1699.2,500,1000,2717500
JUBLFOOD-I.NFO,07/01/2020,09:40:02,1699,1698.85,500,1699.2,500,0,2717500
JUBLFOOD-I.NFO,07/01/2020,09:40:03,1699,1698.8,500,1699.2,500,0,2717500
JUBLFOOD-I.NFO,07/01/2020,09:40:05,1699.5,1698.9,500,1699.65,500,4500,2717500
JUBLFOOD-I.NFO,07/01/2020,09:40:06,1698.85,1698.75,500,1699.6,1000,1000,2717500
JUBLFOOD-I.NFO,07/01/2020,09:40:08,1698.85,1698.7,500,1699.6,1000,0,2717500
JUBLFOOD-I.NFO,07/01/2020,09:40:09,1698.85,1698.85,500,1699.65,500,0,2717500
JUBLFOOD-I.NFO,07/01/2020,09:40:10,1699.1,1698.35,500,1699.3,500,1500,2717500
JUBLFOOD-I.NFO,07/01/2020,09:40:11,1699.1,1698.2,500,1699.5,500,0,2717500
JUBLFOOD-I.NFO,07/01/2020,09:40:13,1699.1,1698.25,500,1699.4,500,0,2717500
JUBLFOOD-I.NFO,07/01/2020,09:40:14,1697.5,1697.15,500,1698.15,500,5500,2717500
JUBLFOOD-I.NFO,07/01/2020,09:40:14,1697.5,1697.15,500,1698.15,500,0,2717500
JUBLFOOD-I.NFO,07/01/2020,09:40:15,1697.5,1696.75,500,1697.9,500,0,2717500
JUBLFOOD-I.NFO,07/01/2020,09:40:16,1697.5,1696.65,500,1697.75,500,0,2717500
JUBLFOOD-I.NFO,07/01/2020,09:40:18,1697.9,1696.65,500,1697.95,1000,500,2717500
JUBLFOOD-I.NFO,07/01/2020,09:40:19,1697.9,1696.2,500,1697.35,500,0,2717500
JUBLFOOD-I.NFO,07/01/2020,09:40:20,1697.9,1696.05,500,1697.25,500,0,2717500
JUBLFOOD-I.NFO,07/01/2020,09:40:21,1697.2,1696.15,500,1697.2,500,500,2717500
JUBLFOOD-I.NFO,07/01/2020,09:40:23,1697.2,1696.05,500,1697.2,500,0,2717500
JUBLFOOD-I.NFO,07/01/2020,09:40:26,1697.2,1696,500,1697.35,500,0,2717500
JUBLFOOD-I.NFO,07/01/2020,09:40:27,1697.2,1696.05,500,1697.35,500,0,2717500
JUBLFOOD-I.NFO,07/01/2020,09:40:27,1697.2,1696,500,1697.35,500,0,2717500
JUBLFOOD-I.NFO,07/01/2020,09:40:28,1697,1696.05,1000,1697.25,500,500,2717500
JUBLFOOD-I.NFO,07/01/2020,09:40:29,1697,1696.05,1000,1697.25,500,0,2717500
JUBLFOOD-I.NFO,07/01/2020,09:40:34,1696.05,1696.05,500,1697.25,500,1500,2717500
JUBLFOOD-I.NFO,07/01/2020,09:40:35,1694,1693.2,500,1694.25,500,14000,2717500
JUBLFOOD-I.NFO,07/01/2020,09:40:36,1694,1693.55,500,1694.55,500,0,2717500
JUBLFOOD-I.NFO,07/01/2020,09:40:37,1695.9,1694.5,500,1695.7,500,3000,2717500
JUBLFOOD-I.NFO,07/01/2020,09:40:38,1695.9,1694.5,500,1695.7,500,0,2717500
JUBLFOOD-I.NFO,07/01/2020,09:40:43,1695.9,1694.3,500,1696.4,500,0,2717500
JUBLFOOD-I.NFO,07/01/2020,09:40:44,1695.9,1694.85,1000,1696.2,500,0,2717500
JUBLFOOD-I.NFO,07/01/2020,09:40:47,1695.7,1695.3,500,1696.55,500,1000,2717500
JUBLFOOD-I.NFO,07/01/2020,09:40:47,1695.7,1695.3,500,1696.5,500,0,2717500
JUBLFOOD-I.NFO,07/01/2020,09:40:48,1695.7,1695.2,500,1696.5,500,0,2717500
JUBLFOOD-I.NFO,07/01/2020,09:40:49,1695.3,1695.3,500,1696.35,500,500,2717500
JUBLFOOD-I.NFO,07/01/2020,09:40:50,1695.3,1695.3,500,1696.35,500,0,2717500
JUBLFOOD-I.NFO,07/01/2020,09:40:57,1695.3,1694.8,500,1696,500,500,2717500
JUBLFOOD-I.NFO,07/01/2020,09:40:57,1695.3,1694.85,500,1696.1,500,0,2717500
JUBLFOOD-I.NFO,07/01/2020,09:40:59,1695.3,1694.9,500,1696.1,500,0,2717500
JUBLFOOD-I.NFO,07/01/2020,09:41:00,1695.3,1694.85,500,1696.2,500,0,2717500
JUBLFOOD-I.NFO,07/01/2020,09:41:03,1695.3,1694.75,1000,1696.1,500,0,2717500
JUBLFOOD-I.NFO,07/01/2020,09:41:04,1695.3,1694.8,500,1696.05,500,0,2717500
JUBLFOOD-I.NFO,07/01/2020,09:41:05,1695.3,1694.95,500,1696.1,500,0,2717500
JUBLFOOD-I.NFO,07/01/2020,09:41:06,1695.3,1694.75,500,1696,500,500,2717500
JUBLFOOD-I.NFO,07/01/2020,09:41:07,1695.3,1695.3,500,1696.6,500,0,2717500
JUBLFOOD-I.NFO,07/01/2020,09:41:08,1695.3,1695.35,500,1696.8,500,0,2717500
JUBLFOOD-I.NFO,07/01/2020,09:41:09,1695.3,1695.4,500,1696.7,500,0,2717500
JUBLFOOD-I.NFO,07/01/2020,09:41:13,1695.3,1695.5,500,1696.3,1000,0,2717500
JUBLFOOD-I.NFO,07/01/2020,09:41:13,1695.6,1695.55,500,1696.3,1000,500,2717500
JUBLFOOD-I.NFO,07/01/2020,09:41:14,1695.6,1695.55,500,1696.3,1000,0,2717500
JUBLFOOD-I.NFO,07/01/2020,09:41:16,1695.6,1695.6,500,1696.3,1000,0,2717500
JUBLFOOD-I.NFO,07/01/2020,09:41:18,1695.6,1695.6,500,1696.25,500,1000,2732500
JUBLFOOD-I.NFO,07/01/2020,09:41:19,1696.25,1695.6,500,1696.3,1000,500,2732500
JUBLFOOD-I.NFO,07/01/2020,09:41:20,1695.6,1695.55,500,1696.25,500,500,2732500
JUBLFOOD-I.NFO,07/01/2020,09:41:21,1695.6,1695.6,1000,1696.3,1000,0,2732500
JUBLFOOD-I.NFO,07/01/2020,09:41:23,1695.6,1695.6,1500,1696.3,1000,0,2732500
JUBLFOOD-I.NFO,07/01/2020,09:41:25,1695.6,1695.55,500,1696.25,500,0,2732500
JUBLFOOD-I.NFO,07/01/2020,09:41:26,1695.6,1695.55,500,1696.3,1000,0,2732500
JUBLFOOD-I.NFO,07/01/2020,09:41:28,1695.6,1695.8,500,1696.3,1000,0,2732500
JUBLFOOD-I.NFO,07/01/2020,09:41:32,1696.3,1695.8,500,1696.3,500,500,2732500
JUBLFOOD-I.NFO,07/01/2020,09:41:32,1696.3,1695.8,500,1696.3,500,0,2732500
JUBLFOOD-I.NFO,07/01/2020,09:41:35,1696.3,1696,500,1696.3,500,0,2732500
JUBLFOOD-I.NFO,07/01/2020,09:41:38,1696,1695.8,500,1696.8,500,500,2732500
JUBLFOOD-I.NFO,07/01/2020,09:41:38,1696,1695.8,500,1696.8,500,0,2732500
JUBLFOOD-I.NFO,07/01/2020,09:41:40,1696,1695.85,500,1696.8,500,0,2732500
JUBLFOOD-I.NFO,07/01/2020,09:41:44,1696,1695.8,500,1696.75,1000,0,2732500
JUBLFOOD-I.NFO,07/01/2020,09:41:47,1696,1696,500,1696.8,500,0,2732500
JUBLFOOD-I.NFO,07/01/2020,09:41:51,1697,1696.5,500,1697.75,500,2000,2732500
JUBLFOOD-I.NFO,07/01/2020,09:41:52,1697,1696.4,500,1697.75,500,0,2732500
JUBLFOOD-I.NFO,07/01/2020,09:41:53,1697,1696.45,1000,1697.75,500,0,2732500
JUBLFOOD-I.NFO,07/01/2020,09:41:55,1697,1696.7,1000,1698,500,0,2732500
JUBLFOOD-I.NFO,07/01/2020,09:41:56,1697,1696.7,500,1698,500,0,2732500
JUBLFOOD-I.NFO,07/01/2020,09:41:57,1697,1696.8,500,1698,500,0,2732500
JUBLFOOD-I.NFO,07/01/2020,09:41:57,1697,1696.7,500,1698,500,0,2732500
JUBLFOOD-I.NFO,07/01/2020,09:41:58,1697,1696.9,500,1698,500,0,2732500
JUBLFOOD-I.NFO,07/01/2020,09:41:59,1697,1696.75,500,1698,500,0,2732500
JUBLFOOD-I.NFO,07/01/2020,09:42:00,1697.3,1696.65,500,1697.85,1000,1000,2732500
JUBLFOOD-I.NFO,07/01/2020,09:42:02,1697.3,1696.65,500,1697.85,1000,0,2732500
JUBLFOOD-I.NFO,07/01/2020,09:42:04,1697.3,1696.1,500,1697,1000,0,2732500
JUBLFOOD-I.NFO,07/01/2020,09:42:06,1697.3,1696,1500,1697,1000,0,2732500
JUBLFOOD-I.NFO,07/01/2020,09:42:09,1697.3,1696.05,500,1697,1000,0,2732500
JUBLFOOD-I.NFO,07/01/2020,09:42:15,1697.3,1696,1500,1696.95,500,0,2732500
JUBLFOOD-I.NFO,07/01/2020,09:42:17,1696.05,1696.1,500,1696.9,500,2000,2732500
JUBLFOOD-I.NFO,07/01/2020,09:42:18,1696.05,1696.15,500,1697,1000,0,2732500
JUBLFOOD-I.NFO,07/01/2020,09:42:25,1696.05,1696.1,500,1696.9,500,0,2732500
JUBLFOOD-I.NFO,07/01/2020,09:42:26,1696.05,1696.1,500,1696.85,500,0,2732500
JUBLFOOD-I.NFO,07/01/2020,09:42:27,1696.05,1696.15,500,1697,1000,0,2732500
JUBLFOOD-I.NFO,07/01/2020,09:42:29,1696.05,1696.1,500,1697,1000,0,2732500
JUBLFOOD-I.NFO,07/01/2020,09:42:34,1696.05,1696.35,500,1697,1000,0,2732500
JUBLFOOD-I.NFO,07/01/2020,09:42:35,1696.05,1696.25,500,1697,1000,0,2732500
JUBLFOOD-I.NFO,07/01/2020,09:42:36,1696.05,1696.35,500,1697,1000,0,2732500
JUBLFOOD-I.NFO,07/01/2020,09:42:38,1696.05,1696.45,500,1697,1000,0,2732500
JUBLFOOD-I.NFO,07/01/2020,09:42:39,1697,1696.95,500,1698,500,1000,2732500
JUBLFOOD-I.NFO,07/01/2020,09:42:39,1697,1697.1,500,1698,500,0,2732500
JUBLFOOD-I.NFO,07/01/2020,09:42:41,1697,1696.7,500,1697.85,500,0,2732500
JUBLFOOD-I.NFO,07/01/2020,09:42:42,1697,1697.05,500,1697.95,500,0,2732500
JUBLFOOD-I.NFO,07/01/2020,09:42:45,1697,1697.05,500,1698,500,0,2732500
JUBLFOOD-I.NFO,07/01/2020,09:42:47,1697,1697.05,500,1697.85,1500,0,2732500
JUBLFOOD-I.NFO,07/01/2020,09:42:48,1697,1697.1,500,1697.85,500,0,2732500
JUBLFOOD-I.NFO,07/01/2020,09:42:50,1697,1697.05,500,1697.65,500,0,2732500
JUBLFOOD-I.NFO,07/01/2020,09:42:50,1697,1697.05,500,1697.95,1500,0,2732500
JUBLFOOD-I.NFO,07/01/2020,09:42:51,1697,1697.05,500,1697.85,500,0,2732500
JUBLFOOD-I.NFO,07/01/2020,09:42:53,1697,1697.05,500,1697.65,500,0,2732500
JUBLFOOD-I.NFO,07/01/2020,09:42:54,1697,1697.05,500,1697.35,500,0,2732500
JUBLFOOD-I.NFO,07/01/2020,09:42:55,1697,1696.25,500,1697.1,1000,1000,2732500
JUBLFOOD-I.NFO,07/01/2020,09:42:56,1697,1696.2,500,1697,1500,0,2732500
JUBLFOOD-I.NFO,07/01/2020,09:42:57,1697,1696.2,500,1697,1000,0,2732500
JUBLFOOD-I.NFO,07/01/2020,09:42:58,1697,1696.25,500,1697,500,0,2732500
JUBLFOOD-I.NFO,07/01/2020,09:43:03,1697,1696.2,500,1697.25,1500,0,2732500
JUBLFOOD-I.NFO,07/01/2020,09:43:04,1697,1696.2,500,1697.15,1500,0,2732500
JUBLFOOD-I.NFO,07/01/2020,09:43:06,1697,1696.35,500,1697.6,500,0,2732500
JUBLFOOD-I.NFO,07/01/2020,09:43:12,1697,1696.55,500,1697.8,500,0,2732500
JUBLFOOD-I.NFO,07/01/2020,09:43:13,1697,1696.55,500,1697.7,500,0,2732500
JUBLFOOD-I.NFO,07/01/2020,09:43:14,1697,1696.55,500,1697.8,500,0,2732500
JUBLFOOD-I.NFO,07/01/2020,09:43:15,1697,1696.55,500,1697.7,500,0,2732500
JUBLFOOD-I.NFO,07/01/2020,09:43:16,1697,1696.55,500,1697.75,500,0,2732500
JUBLFOOD-I.NFO,07/01/2020,09:43:17,1697,1696.7,500,1697.95,500,0,2732500
JUBLFOOD-I.NFO,07/01/2020,09:43:19,1697,1696.65,500,1697.5,500,0,2732500
JUBLFOOD-I.NFO,07/01/2020,09:43:22,1697,1696.75,500,1697.5,500,0,2732500
JUBLFOOD-I.NFO,07/01/2020,09:43:26,1697,1696.7,500,1697.5,500,0,2732500
JUBLFOOD-I.NFO,07/01/2020,09:43:27,1697,1696.65,500,1697.5,500,0,2732500
JUBLFOOD-I.NFO,07/01/2020,09:43:31,1697,1696.5,500,1697.3,500,0,2732500
JUBLFOOD-I.NFO,07/01/2020,09:43:32,1697,1696.55,500,1697.3,500,0,2732500
JUBLFOOD-I.NFO,07/01/2020,09:43:35,1697,1696.5,500,1697.3,500,0,2732500
JUBLFOOD-I.NFO,07/01/2020,09:43:35,1697,1696.45,500,1697.3,500,0,2732500
JUBLFOOD-I.NFO,07/01/2020,09:43:36,1697,1696.5,500,1697.3,500,0,2732500
JUBLFOOD-I.NFO,07/01/2020,09:43:37,1697,1696.35,500,1697.3,500,0,2732500
JUBLFOOD-I.NFO,07/01/2020,09:43:39,1697,1696.35,500,1697.1,500,0,2732500
JUBLFOOD-I.NFO,07/01/2020,09:43:40,1697,1697,500,1697.1,500,0,2732500
JUBLFOOD-I.NFO,07/01/2020,09:43:47,1697,1696.25,500,1697.1,500,500,2732500
JUBLFOOD-I.NFO,07/01/2020,09:43:48,1697,1696.2,500,1697.1,500,0,2732500
JUBLFOOD-I.NFO,07/01/2020,09:43:49,1697,1696.25,500,1697,500,0,2732500
JUBLFOOD-I.NFO,07/01/2020,09:44:00,1697.1,1697.4,1000,1698.6,500,1500,2732500
JUBLFOOD-I.NFO,07/01/2020,09:44:00,1697.1,1697.5,500,1698.7,500,0,2732500
JUBLFOOD-I.NFO,07/01/2020,09:44:01,1697.1,1697.55,500,1698.7,500,0,2732500
JUBLFOOD-I.NFO,07/01/2020,09:44:15,1697.1,1697.45,500,1698.75,500,0,2732500
JUBLFOOD-I.NFO,07/01/2020,09:44:16,1697.1,1697.75,500,1698.95,2500,0,2732500
JUBLFOOD-I.NFO,07/01/2020,09:44:17,1697.1,1697.8,500,1698.85,500,0,2732500
JUBLFOOD-I.NFO,07/01/2020,09:44:18,1697.1,1697.8,500,1698.75,500,0,2732500
JUBLFOOD-I.NFO,07/01/2020,09:44:19,1697.8,1697.2,500,1698.45,500,500,2736000
JUBLFOOD-I.NFO,07/01/2020,09:44:21,1697.8,1697.2,500,1698.55,500,0,2736000
JUBLFOOD-I.NFO,07/01/2020,09:44:22,1698.55,1697.15,500,1698.25,500,500,2736000
JUBLFOOD-I.NFO,07/01/2020,09:44:23,1698.55,1697.05,500,1698.3,500,0,2736000
JUBLFOOD-I.NFO,07/01/2020,09:44:24,1698.55,1697.05,500,1698.1,500,0,2736000
JUBLFOOD-I.NFO,07/01/2020,09:44:25,1698.55,1697,500,1697.95,500,0,2736000
JUBLFOOD-I.NFO,07/01/2020,09:44:26,1698.55,1697.25,500,1698.35,500,0,2736000
JUBLFOOD-I.NFO,07/01/2020,09:44:27,1698.55,1697.25,500,1698,500,0,2736000
JUBLFOOD-I.NFO,07/01/2020,09:44:27,1698.55,1697.3,500,1698.1,500,0,2736000
JUBLFOOD-I.NFO,07/01/2020,09:44:30,1698.55,1697.25,500,1698.3,500,0,2736000
JUBLFOOD-I.NFO,07/01/2020,09:44:37,1698.55,1697.05,500,1698.2,500,0,2736000
JUBLFOOD-I.NFO,07/01/2020,09:44:38,1698.55,1697.05,500,1698.25,500,0,2736000
JUBLFOOD-I.NFO,07/01/2020,09:44:39,1698.55,1697.05,500,1698.15,500,0,2736000
JUBLFOOD-I.NFO,07/01/2020,09:44:43,1698.55,1697.1,500,1698.2,500,0,2736000
JUBLFOOD-I.NFO,07/01/2020,09:44:46,1698.55,1697.05,1000,1698.15,500,0,2736000
JUBLFOOD-I.NFO,07/01/2020,09:44:47,1698.15,1697.05,500,1698.2,500,500,2736000
JUBLFOOD-I.NFO,07/01/2020,09:44:48,1698.15,1697.05,500,1698.2,500,0,2736000
JUBLFOOD-I.NFO,07/01/2020,09:44:51,1698.15,1697.65,500,1698.7,500,0,2736000
JUBLFOOD-I.NFO,07/01/2020,09:44:52,1698.15,1697.5,500,1698.45,1000,0,2736000
JUBLFOOD-I.NFO,07/01/2020,09:44:53,1698.15,1697.5,500,1698.65,500,0,2736000
JUBLFOOD-I.NFO,07/01/2020,09:44:54,1698.15,1697.6,500,1698.7,500,0,2736000
JUBLFOOD-I.NFO,07/01/2020,09:44:55,1698.65,1697.55,1000,1698.7,500,500,2736000
JUBLFOOD-I.NFO,07/01/2020,09:44:57,1698.65,1697.55,1000,1698.8,500,0,2736000
JUBLFOOD-I.NFO,07/01/2020,09:44:57,1698.65,1697.55,500,1698.65,500,0,2736000
JUBLFOOD-I.NFO,07/01/2020,09:44:58,1698.65,1697.25,500,1698.5,500,0,2736000
JUBLFOOD-I.NFO,07/01/2020,09:44:59,1698.65,1697.35,500,1698.55,500,0,2736000
JUBLFOOD-I.NFO,07/01/2020,09:45:04,1698.65,1697.4,500,1698.55,500,0,2736000
JUBLFOOD-I.NFO,07/01/2020,09:45:05,1698.65,1697.45,500,1698.55,500,0,2736000
JUBLFOOD-I.NFO,07/01/2020,09:45:06,1698.65,1697.65,500,1698.8,500,0,2736000
JUBLFOOD-I.NFO,07/01/2020,09:45:07,1698.65,1697.75,500,1698.8,500,0,2736000
JUBLFOOD-I.NFO,07/01/2020,09:45:08,1698.65,1697.5,500,1698.6,500,0,2736000
JUBLFOOD-I.NFO,07/01/2020,09:45:10,1698,1697.75,500,1698.9,1000,500,2736000
JUBLFOOD-I.NFO,07/01/2020,09:45:11,1698,1697.5,500,1698.75,500,0,2736000
JUBLFOOD-I.NFO,07/01/2020,09:45:12,1698,1697.5,500,1698.7,500,0,2736000
JUBLFOOD-I.NFO,07/01/2020,09:45:13,1698,1697.5,500,1698.65,500,0,2736000
JUBLFOOD-I.NFO,07/01/2020,09:45:15,1698,1697.5,500,1698.75,500,0,2736000
JUBLFOOD-I.NFO,07/01/2020,09:45:16,1698,1697.7,500,1698.75,500,0,2736000
JUBLFOOD-I.NFO,07/01/2020,09:45:17,1698,1698,500,1698.95,2500,0,2736000
JUBLFOOD-I.NFO,07/01/2020,09:45:18,1698,1698,500,1698.9,500,0,2736000
JUBLFOOD-I.NFO,07/01/2020,09:45:19,1698,1698,500,1698.95,2500,0,2736000
JUBLFOOD-I.NFO,07/01/2020,09:45:19,1698,1697.9,500,1698.95,2500,0,2736000
JUBLFOOD-I.NFO,07/01/2020,09:45:20,1698,1697.8,500,1698.8,500,0,2736000
JUBLFOOD-I.NFO,07/01/2020,09:45:21,1698,1697.3,500,1698.7,500,0,2736000
JUBLFOOD-I.NFO,07/01/2020,09:45:22,1698,1697.5,500,1698.65,500,0,2736000
JUBLFOOD-I.NFO,07/01/2020,09:45:24,1698,1697.3,500,1698.55,500,0,2736000
JUBLFOOD-I.NFO,07/01/2020,09:45:25,1698,1697.4,1000,1698.55,500,0,2736000
JUBLFOOD-I.NFO,07/01/2020,09:45:26,1698,1697.65,500,1698.7,500,0,2736000
JUBLFOOD-I.NFO,07/01/2020,09:45:27,1697.55,1697.35,1000,1698.55,500,500,2736000
JUBLFOOD-I.NFO,07/01/2020,09:45:27,1697.55,1697.35,500,1698.7,500,0,2736000
JUBLFOOD-I.NFO,07/01/2020,09:45:29,1697.55,1697.3,500,1698.5,500,0,2736000
JUBLFOOD-I.NFO,07/01/2020,09:45:30,1697.55,1697.15,500,1698.5,500,0,2736000
JUBLFOOD-I.NFO,07/01/2020,09:45:33,1697.55,1697.15,500,1698.3,500,0,2736000
JUBLFOOD-I.NFO,07/01/2020,09:45:34,1697.55,1697.3,500,1698.7,500,0,2736000
JUBLFOOD-I.NFO,07/01/2020,09:45:36,1697.55,1697.35,500,1698.6,500,0,2736000
JUBLFOOD-I.NFO,07/01/2020,09:45:37,1697.55,1697.35,500,1698.7,500,0,2736000
JUBLFOOD-I.NFO,07/01/2020,09:45:38,1697.55,1697.35,500,1698.6,500,0,2736000
JUBLFOOD-I.NFO,07/01/2020,09:45:39,1697.55,1697.35,500,1698.7,500,0,2736000
JUBLFOOD-I.NFO,07/01/2020,09:45:45,1697.55,1697.35,500,1698.6,500,0,2736000
JUBLFOOD-I.NFO,07/01/2020,09:45:47,1697.55,1697.35,500,1698.4,500,0,2736000
JUBLFOOD-I.NFO,07/01/2020,09:45:49,1697.55,1697.45,500,1698.7,500,0,2736000
JUBLFOOD-I.NFO,07/01/2020,09:45:50,1697.55,1697.5,500,1698.7,500,0,2736000
JUBLFOOD-I.NFO,07/01/2020,09:45:51,1697.55,1697.5,500,1698.8,500,0,2736000
JUBLFOOD-I.NFO,07/01/2020,09:45:53,1697.55,1697.5,500,1698.7,500,0,2736000
JUBLFOOD-I.NFO,07/01/2020,09:45:54,1697.55,1697.35,500,1698.5,500,0,2736000
JUBLFOOD-I.NFO,07/01/2020,09:45:56,1697.35,1697.3,500,1698.55,500,500,2736000
JUBLFOOD-I.NFO,07/01/2020,09:45:57,1697.35,1697.3,500,1698.65,500,0,2736000
JUBLFOOD-I.NFO,07/01/2020,09:45:59,1697.35,1697.2,500,1698.4,500,0,2736000
