Ticker,Date,Time,LTP,BuyPrice,BuyQty,SellPrice,SellQty,LTQ,OpenInterest
MARUTI-I.NFO,07/01/2020,09:15:01,7126.5,7119.7,100,7135.45,100,100,3142500
MARUTI-I.NFO,07/01/2020,09:15:01,7126.5,7119.7,100,7135.45,100,0,3142500
MARUTI-I.NFO,07/01/2020,09:15:01,7126.5,7119.7,100,7135.45,100,0,3142500
MARUTI-I.NFO,07/01/2020,09:15:01,7126.5,7119.7,100,7135.45,100,0,3142500
MARUTI-I.NFO,07/01/2020,09:15:02,7126.2,7121.3,100,7130,200,200,3142500
MARUTI-I.NFO,07/01/2020,09:15:02,7130,7121.3,100,7130,200,0,3142500
MARUTI-I.NFO,07/01/2020,09:15:02,7126.2,7121.3,100,7130,200,0,3142500
MARUTI-I.NFO,07/01/2020,09:15:03,7130,7123.55,200,7135.45,100,400,3142500
MARUTI-I.NFO,07/01/2020,09:15:04,7138.5,7135.45,100,7139.5,100,500,3142500
MARUTI-I.NFO,07/01/2020,09:15:04,7138.5,7135.45,100,7139.5,100,0,3142500
MARUTI-I.NFO,07/01/2020,09:15:05,7139.5,7139.5,100,7145.25,200,200,3142500
MARUTI-I.NFO,07/01/2020,09:15:05,7139.5,7139.5,100,7145.25,200,0,3142500
MARUTI-I.NFO,07/01/2020,09:15:06,7145.45,7131,200,7145.5,100,300,3142500
MARUTI-I.NFO,07/01/2020,09:15:06,7145.5,7131,200,7145.5,100,0,3142500
MARUTI-I.NFO,07/01/2020,09:15:07,7145.25,7137,200,7145.25,100,100,3142500
MARUTI-I.NFO,07/01/2020,09:15:08,7145.25,7135.85,300,7145,100,0,3142500
MARUTI-I.NFO,07/01/2020,09:15:09,7138.1,7138.15,100,7144.75,100,100,3142500
MARUTI-I.NFO,07/01/2020,09:15:10,7138.1,7133.75,100,7142.25,100,0,3142500
MARUTI-I.NFO,07/01/2020,09:15:11,7142,7136.25,200,7143.55,100,200,3142500
MARUTI-I.NFO,07/01/2020,09:15:12,7142,7133.35,200,7142.65,100,0,3142500
MARUTI-I.NFO,07/01/2020,09:15:13,7142.45,7132.9,100,7136.9,100,100,3142500
MARUTI-I.NFO,07/01/2020,09:15:14,7144.7,7135.9,100,7145,100,500,3142500
MARUTI-I.NFO,07/01/2020,09:15:15,7162,7162.1,100,7165.55,100,3400,3142500
MARUTI-I.NFO,07/01/2020,09:15:15,7173,7162.1,100,7165.55,100,0,3142500
MARUTI-I.NFO,07/01/2020,09:15:16,7166.35,7157.95,300,7166.4,100,1000,3142500
MARUTI-I.NFO,07/01/2020,09:15:17,7166.1,7166.2,100,7174.4,200,300,3142500
MARUTI-I.NFO,07/01/2020,09:15:17,7174.4,7166.2,100,7174.4,200,0,3142500
MARUTI-I.NFO,07/01/2020,09:15:18,7166.65,7159.8,100,7173.9,200,100,3142500
MARUTI-I.NFO,07/01/2020,09:15:20,7162.05,7158.4,100,7165.6,100,300,3142500
MARUTI-I.NFO,07/01/2020,09:15:20,7165.5,7158.4,100,7165.5,100,100,3142500
MARUTI-I.NFO,07/01/2020,09:15:21,7167.05,7162.9,100,7173.35,100,200,3142500
MARUTI-I.NFO,07/01/2020,09:15:22,7168.25,7165.9,100,7172.1,100,300,3142500
MARUTI-I.NFO,07/01/2020,09:15:23,7167.6,7166.45,100,7174.4,300,700,3142500
MARUTI-I.NFO,07/01/2020,09:15:23,7175,7166.45,100,7174.4,300,0,3142500
MARUTI-I.NFO,07/01/2020,09:15:24,7177.55,7175.65,200,7180,100,900,3142500
MARUTI-I.NFO,07/01/2020,09:15:24,7177.55,7175.65,200,7180,100,0,3142500
MARUTI-I.NFO,07/01/2020,09:15:25,7180.8,7180.75,100,7186.25,200,400,3142500
MARUTI-I.NFO,07/01/2020,09:15:25,7180.8,7180.75,100,7186.25,200,0,3142500
MARUTI-I.NFO,07/01/2020,09:15:26,7190,7190.5,100,7198.45,100,1700,3142500
MARUTI-I.NFO,07/01/2020,09:15:26,7190,7190.5,100,7198.45,100,0,3142500
MARUTI-I.NFO,07/01/2020,09:15:27,7198.45,7193.6,100,7199.45,100,400,3142500
MARUTI-I.NFO,07/01/2020,09:15:27,7198.5,7193.6,100,7199.45,100,0,3142500
MARUTI-I.NFO,07/01/2020,09:15:28,7198.45,7193.95,100,7199.45,100,0,3142500
MARUTI-I.NFO,07/01/2020,09:15:29,7199.1,7197.75,100,7199.45,100,500,3142500
MARUTI-I.NFO,07/01/2020,09:15:29,7199.45,7197.75,100,7199.45,100,0,3142500
MARUTI-I.NFO,07/01/2020,09:15:30,7199.05,7191.75,100,7198.2,100,1600,3142500
MARUTI-I.NFO,07/01/2020,09:15:31,7190,7190,800,7195.35,200,400,3142500
MARUTI-I.NFO,07/01/2020,09:15:33,7190,7183.3,100,7186.3,100,1000,3142500
MARUTI-I.NFO,07/01/2020,09:15:33,7185.8,7180.7,100,7188.2,100,300,3142500
MARUTI-I.NFO,07/01/2020,09:15:34,7185.8,7181.45,100,7190.2,100,0,3142500
MARUTI-I.NFO,07/01/2020,09:15:35,7182.45,7182.8,100,7189.55,100,300,3142500
MARUTI-I.NFO,07/01/2020,09:15:36,7190.65,7186.05,100,7195.1,100,200,3142500
MARUTI-I.NFO,07/01/2020,09:15:37,7187.05,7177.1,200,7191.65,100,300,3142500
MARUTI-I.NFO,07/01/2020,09:15:38,7185.6,7183.05,200,7188.1,100,700,3142500
MARUTI-I.NFO,07/01/2020,09:15:39,7185.85,7179.55,100,7187.1,100,500,3142500
MARUTI-I.NFO,07/01/2020,09:15:40,7179.55,7179.55,100,7186.4,100,100,3142500
MARUTI-I.NFO,07/01/2020,09:15:41,7188.1,7185.2,100,7190.3,100,300,3142500
MARUTI-I.NFO,07/01/2020,09:15:43,7190.3,7185.2,100,7190.3,100,100,3142500
MARUTI-I.NFO,07/01/2020,09:15:43,7190.3,7184.15,100,7190.3,100,0,3142500
MARUTI-I.NFO,07/01/2020,09:15:44,7184.1,7180.1,100,7188.4,100,300,3142500
MARUTI-I.NFO,07/01/2020,09:15:45,7189.6,7184.2,100,7190,100,300,3142500
MARUTI-I.NFO,07/01/2020,09:15:46,7186,7182.85,100,7189.85,100,300,3142500
MARUTI-I.NFO,07/01/2020,09:15:47,7186,7179.45,100,7184.95,100,0,3142500
MARUTI-I.NFO,07/01/2020,09:15:48,7179.35,7172.25,100,7181.8,100,800,3142500
MARUTI-I.NFO,07/01/2020,09:15:49,7179.35,7176.5,100,7183.2,100,0,3142500
MARUTI-I.NFO,07/01/2020,09:15:50,7179.35,7177.45,100,7183.45,100,0,3142500
MARUTI-I.NFO,07/01/2020,09:15:51,7179.65,7176.85,200,7183.55,100,100,3142500
MARUTI-I.NFO,07/01/2020,09:15:53,7178.2,7177.1,100,7183.5,100,100,3142500
MARUTI-I.NFO,07/01/2020,09:15:53,7178.2,7177.1,100,7183.55,100,0,3142500
MARUTI-I.NFO,07/01/2020,09:15:54,7178.2,7177.1,100,7183.6,100,0,3142500
MARUTI-I.NFO,07/01/2020,09:15:55,7180,7177.05,100,7182.85,200,100,3142500
MARUTI-I.NFO,07/01/2020,09:15:56,7177.35,7177.25,100,7183.6,100,100,3142500
MARUTI-I.NFO,07/01/2020,09:15:57,7177.35,7177.3,100,7182.7,100,0,3142500
MARUTI-I.NFO,07/01/2020,09:15:58,7180,7177.35,100,7183.55,100,100,3142500
MARUTI-I.NFO,07/01/2020,09:15:59,7177.3,7177,100,7180.45,100,200,3142500
MARUTI-I.NFO,07/01/2020,09:16:00,7177.75,7177.7,100,7182.05,100,200,3142500
MARUTI-I.NFO,07/01/2020,09:16:01,7178.2,7177,200,7181.15,100,100,3142500
MARUTI-I.NFO,07/01/2020,09:16:02,7177.2,7174.25,100,7180.75,100,400,3142500
MARUTI-I.NFO,07/01/2020,09:16:03,7177.2,7173.7,100,7180.6,100,0,3142500
MARUTI-I.NFO,07/01/2020,09:16:05,7175,7173.35,100,7179.35,200,500,3142500
MARUTI-I.NFO,07/01/2020,09:16:05,7175,7173.25,100,7178.85,100,0,3142500
MARUTI-I.NFO,07/01/2020,09:16:06,7171.9,7167.8,100,7173.1,100,200,3142500
MARUTI-I.NFO,07/01/2020,09:16:07,7175.9,7167.2,100,7175.8,200,100,3142500
MARUTI-I.NFO,07/01/2020,09:16:08,7174.1,7170.6,100,7174.3,100,300,3142500
MARUTI-I.NFO,07/01/2020,09:16:09,7170.9,7168.6,100,7174,100,100,3142500
MARUTI-I.NFO,07/01/2020,09:16:10,7173.1,7168.6,100,7173.5,100,100,3142500
MARUTI-I.NFO,07/01/2020,09:16:11,7173.1,7170.25,100,7174,100,0,3142500
MARUTI-I.NFO,07/01/2020,09:16:12,7173.1,7172.3,100,7174.3,100,0,3142500
MARUTI-I.NFO,07/01/2020,09:16:13,7174.15,7172.3,100,7174,100,600,3142500
MARUTI-I.NFO,07/01/2020,09:16:15,7174.15,7168.35,100,7172.25,100,0,3142500
MARUTI-I.NFO,07/01/2020,09:16:15,7174.15,7167.3,100,7172.25,200,0,3142500
MARUTI-I.NFO,07/01/2020,09:16:16,7169.95,7168.8,100,7172.2,100,100,3142500
MARUTI-I.NFO,07/01/2020,09:16:17,7162.9,7160.05,100,7162.65,100,1100,3142500
MARUTI-I.NFO,07/01/2020,09:16:18,7163.3,7162.95,100,7170.9,100,1400,3142500
MARUTI-I.NFO,07/01/2020,09:16:19,7163.3,7162.2,100,7169.1,100,0,3142500
MARUTI-I.NFO,07/01/2020,09:16:20,7161,7161.05,100,7167.05,100,100,3142500
MARUTI-I.NFO,07/01/2020,09:16:21,7172.4,7168.2,100,7172.35,100,1200,3142500
MARUTI-I.NFO,07/01/2020,09:16:22,7168.45,7165.85,100,7171.65,100,400,3142500
MARUTI-I.NFO,07/01/2020,09:16:23,7168.45,7163.2,100,7169.75,100,0,3142500
MARUTI-I.NFO,07/01/2020,09:16:25,7163.5,7163.2,200,7168.9,100,100,3142500
MARUTI-I.NFO,07/01/2020,09:16:25,7163.5,7163.35,300,7168.9,100,0,3142500
MARUTI-I.NFO,07/01/2020,09:16:26,7170.6,7168.45,100,7172.4,2600,400,3142500
MARUTI-I.NFO,07/01/2020,09:16:27,7169.85,7163.45,100,7170.15,100,1100,3142500
MARUTI-I.NFO,07/01/2020,09:16:28,7163.45,7167.15,300,7170.9,100,100,3142500
MARUTI-I.NFO,07/01/2020,09:16:29,7172.4,7169.55,100,7174,200,2800,3142500
MARUTI-I.NFO,07/01/2020,09:16:30,7172.4,7170.75,200,7174,200,0,3142500
MARUTI-I.NFO,07/01/2020,09:16:31,7171.05,7170.9,100,7174,200,200,3142500
MARUTI-I.NFO,07/01/2020,09:16:32,7174,7171.45,100,7174,100,200,3142500
MARUTI-I.NFO,07/01/2020,09:16:33,7171.55,7171.9,200,7175,1200,200,3142500
MARUTI-I.NFO,07/01/2020,09:16:34,7175,7173.5,100,7175,800,500,3142500
MARUTI-I.NFO,07/01/2020,09:16:35,7173.5,7171.35,100,7175,800,100,3142500
MARUTI-I.NFO,07/01/2020,09:16:36,7173.5,7170.8,100,7173.5,100,0,3142500
MARUTI-I.NFO,07/01/2020,09:16:37,7173.5,7170.15,100,7171.9,100,0,3142500
MARUTI-I.NFO,07/01/2020,09:16:38,7173.5,7170.2,100,7171.9,100,0,3142500
MARUTI-I.NFO,07/01/2020,09:16:40,7173.5,7170.3,100,7171.9,100,0,3142500
MARUTI-I.NFO,07/01/2020,09:16:40,7173.5,7170.35,100,7171.9,100,0,3142500
MARUTI-I.NFO,07/01/2020,09:16:41,7167.4,7167.15,300,7172.65,100,900,3142500
MARUTI-I.NFO,07/01/2020,09:16:42,7171.55,7167.15,300,7170.05,100,100,3142500
MARUTI-I.NFO,07/01/2020,09:16:43,7171.55,7167.25,100,7171.25,100,0,3142500
MARUTI-I.NFO,07/01/2020,09:16:44,7171.3,7168.7,200,7172.85,100,200,3142500
MARUTI-I.NFO,07/01/2020,09:16:45,7171.3,7169.25,100,7173,100,0,3142500
MARUTI-I.NFO,07/01/2020,09:16:46,7171.3,7170.15,100,7173,100,0,3142500
MARUTI-I.NFO,07/01/2020,09:16:47,7173,7171.7,100,7174.5,100,100,3142500
MARUTI-I.NFO,07/01/2020,09:16:48,7172.25,7171.7,100,7174.75,100,200,3142500
MARUTI-I.NFO,07/01/2020,09:16:49,7172.25,7172.25,100,7175,800,0,3142500
MARUTI-I.NFO,07/01/2020,09:16:50,7172.25,7171.6,100,7174.9,100,0,3142500
MARUTI-I.NFO,07/01/2020,09:16:51,7172.3,7172.05,100,7174.8,100,100,3142500
MARUTI-I.NFO,07/01/2020,09:16:52,7172.3,7172.05,100,7174.05,100,0,3142500
MARUTI-I.NFO,07/01/2020,09:16:54,7172,7171.6,100,7173.6,100,200,3142500
MARUTI-I.NFO,07/01/2020,09:16:54,7172,7171.6,100,7174.45,100,0,3142500
MARUTI-I.NFO,07/01/2020,09:16:55,7172.85,7171.7,100,7174.9,100,400,3142500
MARUTI-I.NFO,07/01/2020,09:16:56,7175,7173.05,100,7175,300,600,3142500
MARUTI-I.NFO,07/01/2020,09:16:57,7177.85,7174.25,100,7178,100,600,3142500
MARUTI-I.NFO,07/01/2020,09:16:58,7177.85,7175.3,100,7178,100,0,3142500
MARUTI-I.NFO,07/01/2020,09:16:59,7177.85,7174.65,100,7178,100,0,3142500
MARUTI-I.NFO,07/01/2020,09:17:00,7178,7175,100,7178.85,100,100,3142500
MARUTI-I.NFO,07/01/2020,09:17:01,7175.15,7175.45,100,7179,100,100,3142500
MARUTI-I.NFO,07/01/2020,09:17:02,7179,7176.3,100,7180,400,100,3142500
MARUTI-I.NFO,07/01/2020,09:17:03,7176.45,7175.85,100,7179.7,100,200,3142500
MARUTI-I.NFO,07/01/2020,09:17:04,7176.45,7176.35,100,7180,400,0,3142500
MARUTI-I.NFO,07/01/2020,09:17:06,7180.05,7180,700,7182.35,100,1200,3142500
MARUTI-I.NFO,07/01/2020,09:17:06,7180.05,7180,700,7182.35,100,0,3142500
MARUTI-I.NFO,07/01/2020,09:17:07,7184.8,7180.25,100,7184.55,100,500,3142500
MARUTI-I.NFO,07/01/2020,09:17:08,7184.8,7180.25,100,7184.9,100,0,3142500
MARUTI-I.NFO,07/01/2020,09:17:10,7184.8,7181.1,100,7184.95,100,0,3142500
MARUTI-I.NFO,07/01/2020,09:17:11,7184.8,7181.05,100,7184.9,100,0,3142500
MARUTI-I.NFO,07/01/2020,09:17:12,7181.05,7181.45,200,7185,300,400,3146700
MARUTI-I.NFO,07/01/2020,09:17:13,7181.5,7180.6,100,7184.95,100,100,3146700
MARUTI-I.NFO,07/01/2020,09:17:14,7180.95,7182.1,100,7184.8,100,100,3146700
MARUTI-I.NFO,07/01/2020,09:17:15,7180.95,7181.9,100,7184.8,100,0,3146700
MARUTI-I.NFO,07/01/2020,09:17:16,7181.85,7181.85,100,7184.8,100,100,3146700
MARUTI-I.NFO,07/01/2020,09:17:17,7185,7184.55,100,7185,100,400,3146700
MARUTI-I.NFO,07/01/2020,09:17:18,7185,7184.7,100,7188,100,100,3146700
MARUTI-I.NFO,07/01/2020,09:17:19,7184.8,7184.55,100,7186.7,100,200,3146700
MARUTI-I.NFO,07/01/2020,09:17:20,7184.55,7182.5,100,7185.5,100,100,3146700
MARUTI-I.NFO,07/01/2020,09:17:21,7184.55,7182.5,100,7185.35,100,0,3146700
MARUTI-I.NFO,07/01/2020,09:17:22,7181.9,7180.5,100,7182.7,100,200,3146700
MARUTI-I.NFO,07/01/2020,09:17:23,7184.8,7181,100,7184.55,100,100,3146700
MARUTI-I.NFO,07/01/2020,09:17:24,7184.8,7180.5,100,7181.95,100,0,3146700
MARUTI-I.NFO,07/01/2020,09:17:25,7180,7180,100,7181,100,800,3146700
MARUTI-I.NFO,07/01/2020,09:17:26,7180,7179.3,100,7181.95,200,200,3146700
MARUTI-I.NFO,07/01/2020,09:17:28,7180.1,7178,100,7180.85,200,100,3146700
MARUTI-I.NFO,07/01/2020,09:17:28,7180.1,7178,100,7180.4,100,0,3146700
MARUTI-I.NFO,07/01/2020,09:17:29,7172,7172,300,7175.8,100,900,3146700
MARUTI-I.NFO,07/01/2020,09:17:30,7172.15,7170,100,7172.1,100,500,3146700
MARUTI-I.NFO,07/01/2020,09:17:32,7172.15,7170,100,7173.6,100,0,3146700
MARUTI-I.NFO,07/01/2020,09:17:32,7172.15,7170,100,7173.1,100,0,3146700
MARUTI-I.NFO,07/01/2020,09:17:33,7170,7168.55,100,7172.5,100,200,3146700
MARUTI-I.NFO,07/01/2020,09:17:34,7172.55,7169.05,100,7173.05,100,100,3146700
MARUTI-I.NFO,07/01/2020,09:17:35,7173.1,7169.25,100,7173.45,100,100,3146700
MARUTI-I.NFO,07/01/2020,09:17:36,7173.1,7170.3,100,7174.65,100,0,3146700
MARUTI-I.NFO,07/01/2020,09:17:37,7173.1,7170.5,100,7174.8,100,0,3146700
MARUTI-I.NFO,07/01/2020,09:17:39,7173.1,7170.15,200,7174,100,0,3146700
MARUTI-I.NFO,07/01/2020,09:17:39,7173.1,7170.15,200,7173.85,100,0,3146700
MARUTI-I.NFO,07/01/2020,09:17:40,7173.1,7171.15,100,7173.95,100,0,3146700
MARUTI-I.NFO,07/01/2020,09:17:41,7171.2,7170.65,100,7173.85,100,100,3146700
MARUTI-I.NFO,07/01/2020,09:17:42,7168.5,7165.05,100,7167.85,100,900,3146700
MARUTI-I.NFO,07/01/2020,09:17:43,7169.95,7167.3,100,7170,500,300,3146700
MARUTI-I.NFO,07/01/2020,09:17:44,7169.95,7165.2,100,7169.75,300,0,3146700
MARUTI-I.NFO,07/01/2020,09:17:45,7169.95,7166.7,100,7170,500,0,3146700
MARUTI-I.NFO,07/01/2020,09:17:46,7170,7168.45,100,7172.6,200,500,3146700
MARUTI-I.NFO,07/01/2020,09:17:48,7177.9,7172.45,100,7176.65,100,900,3146700
MARUTI-I.NFO,07/01/2020,09:17:48,7177.9,7172.45,100,7176.55,100,0,3146700
MARUTI-I.NFO,07/01/2020,09:17:49,7177.9,7172.9,100,7176.65,100,0,3146700
MARUTI-I.NFO,07/01/2020,09:17:50,7172.4,7172.35,100,7176.55,100,300,3146700
MARUTI-I.NFO,07/01/2020,09:17:51,7172.6,7170.9,100,7175,400,100,3146700
MARUTI-I.NFO,07/01/2020,09:17:52,7172.45,7171.4,100,7175,400,600,3146700
MARUTI-I.NFO,07/01/2020,09:17:53,7172.45,7171.45,100,7174.95,100,0,3146700
MARUTI-I.NFO,07/01/2020,09:17:54,7172.45,7173,100,7175,400,0,3146700
MARUTI-I.NFO,07/01/2020,09:17:56,7173,7173.1,100,7175,400,100,3146700
MARUTI-I.NFO,07/01/2020,09:17:57,7173,7173.4,100,7175,400,0,3146700
MARUTI-I.NFO,07/01/2020,09:17:58,7173,7172.05,100,7175,700,0,3146700
MARUTI-I.NFO,07/01/2020,09:17:59,7173.65,7170,100,7173.65,100,600,3146700
MARUTI-I.NFO,07/01/2020,09:18:00,7173.65,7170,100,7173.15,200,0,3146700
MARUTI-I.NFO,07/01/2020,09:18:01,7173.65,7170.5,100,7174.1,100,0,3146700
MARUTI-I.NFO,07/01/2020,09:18:02,7173.65,7172,100,7175,700,0,3146700
MARUTI-I.NFO,07/01/2020,09:18:04,7173.65,7172.9,200,7175,700,0,3146700
MARUTI-I.NFO,07/01/2020,09:18:05,7175.95,7173.25,100,7176,3100,800,3146700
MARUTI-I.NFO,07/01/2020,09:18:06,7173.5,7172.6,100,7176,3000,200,3146700
MARUTI-I.NFO,07/01/2020,09:18:07,7172.9,7172.05,100,7175.8,100,200,3146700
MARUTI-I.NFO,07/01/2020,09:18:08,7172.7,7170.9,100,7175.5,200,200,3146700
MARUTI-I.NFO,07/01/2020,09:18:09,7170.5,7170.35,100,7173.55,100,100,3146700
MARUTI-I.NFO,07/01/2020,09:18:11,7170.5,7170.05,100,7173.6,100,0,3146700
MARUTI-I.NFO,07/01/2020,09:18:11,7170.5,7170.1,100,7173.6,100,0,3146700
MARUTI-I.NFO,07/01/2020,09:18:12,7170.5,7170.05,100,7173.5,100,0,3146700
MARUTI-I.NFO,07/01/2020,09:18:13,7170.5,7170.2,100,7173.55,100,0,3146700
MARUTI-I.NFO,07/01/2020,09:18:15,7170.15,7170,200,7172.95,100,200,3146700
MARUTI-I.NFO,07/01/2020,09:18:15,7170.15,7170,200,7172.45,100,0,3146700
MARUTI-I.NFO,07/01/2020,09:18:16,7170,7168.1,100,7170,2800,200,3146700
MARUTI-I.NFO,07/01/2020,09:18:17,7170,7168.1,100,7170,2800,0,3146700
MARUTI-I.NFO,07/01/2020,09:18:18,7170,7168.05,100,7170,2800,0,3146700
MARUTI-I.NFO,07/01/2020,09:18:19,7170,7168,100,7169.95,100,0,3146700
MARUTI-I.NFO,07/01/2020,09:18:20,7167.3,7164.45,100,7168.9,100,400,3146700
MARUTI-I.NFO,07/01/2020,09:18:21,7168.9,7165.05,200,7169.7,100,100,3146700
MARUTI-I.NFO,07/01/2020,09:18:22,7168.9,7165.2,300,7169.7,100,0,3146700
MARUTI-I.NFO,07/01/2020,09:18:24,7166.2,7165.25,100,7169.6,100,100,3146700
MARUTI-I.NFO,07/01/2020,09:18:24,7166.2,7165.4,100,7169.65,100,0,3146700
MARUTI-I.NFO,07/01/2020,09:18:25,7166.2,7166.4,100,7169.7,100,0,3146700
MARUTI-I.NFO,07/01/2020,09:18:26,7166.2,7166.45,100,7168,2800,0,3146700
MARUTI-I.NFO,07/01/2020,09:18:27,7166,7165.3,100,7168,2800,200,3146700
MARUTI-I.NFO,07/01/2020,09:18:29,7165.3,7165.6,100,7168,2800,100,3146700
MARUTI-I.NFO,07/01/2020,09:18:29,7168,7165.6,100,7168,2700,100,3146700
MARUTI-I.NFO,07/01/2020,09:18:30,7168,7165.65,100,7168,2400,300,3146700
MARUTI-I.NFO,07/01/2020,09:18:31,7168,7165.65,100,7168,2300,100,3146700
MARUTI-I.NFO,07/01/2020,09:18:32,7168,7166.15,100,7168,2300,0,3146700
MARUTI-I.NFO,07/01/2020,09:18:33,7165,7164.95,100,7165,1200,1500,3146700
MARUTI-I.NFO,07/01/2020,09:18:34,7165,7163.9,100,7165,1000,500,3146700
MARUTI-I.NFO,07/01/2020,09:18:35,7165,7165.1,100,7168,100,1000,3146700
MARUTI-I.NFO,07/01/2020,09:18:37,7165,7164.05,100,7168.85,100,200,3146700
MARUTI-I.NFO,07/01/2020,09:18:37,7165,7164.15,100,7169,100,0,3146700
MARUTI-I.NFO,07/01/2020,09:18:39,7165,7164.05,100,7167.95,200,0,3146700
MARUTI-I.NFO,07/01/2020,09:18:40,7165,7164.05,100,7165,100,0,3146700
MARUTI-I.NFO,07/01/2020,09:18:42,7165,7164.1,100,7165,200,0,3146700
MARUTI-I.NFO,07/01/2020,09:18:44,7165,7165,100,7167.95,100,200,3146700
MARUTI-I.NFO,07/01/2020,09:18:44,7165,7165.05,100,7167.95,100,0,3146700
MARUTI-I.NFO,07/01/2020,09:18:45,7165,7165.05,100,7168,100,0,3146700
MARUTI-I.NFO,07/01/2020,09:18:48,7165,7165.15,100,7167.95,100,0,3146700
MARUTI-I.NFO,07/01/2020,09:18:49,7165,7164.1,100,7167.3,100,300,3146700
MARUTI-I.NFO,07/01/2020,09:18:50,7165,7164.1,100,7167.1,100,0,3146700
MARUTI-I.NFO,07/01/2020,09:18:52,7163.95,7161.65,100,7164.95,100,300,3146700
MARUTI-I.NFO,07/01/2020,09:18:52,7163.95,7161.75,100,7165,100,0,3146700
MARUTI-I.NFO,07/01/2020,09:18:53,7163.95,7161.65,100,7164.9,100,0,3146700
MARUTI-I.NFO,07/01/2020,09:18:55,7164.9,7161.75,100,7164.95,100,100,3146700
MARUTI-I.NFO,07/01/2020,09:18:55,7164.9,7161.75,100,7164.95,100,0,3146700
MARUTI-I.NFO,07/01/2020,09:18:56,7164.9,7161.75,100,7165,100,0,3146700
MARUTI-I.NFO,07/01/2020,09:18:58,7158.6,7158.65,100,7164.15,100,600,3146700
MARUTI-I.NFO,07/01/2020,09:18:59,7159.5,7159.45,100,7163.35,100,200,3146700
MARUTI-I.NFO,07/01/2020,09:19:00,7159.5,7158.75,100,7164.5,100,0,3146700
MARUTI-I.NFO,07/01/2020,09:19:02,7159.5,7159.4,100,7164.4,100,0,3146700
MARUTI-I.NFO,07/01/2020,09:19:02,7159.5,7159.5,100,7164.4,100,0,3146700
MARUTI-I.NFO,07/01/2020,09:19:03,7159.5,7159.7,100,7162.8,100,0,3146700
MARUTI-I.NFO,07/01/2020,09:19:04,7160.35,7160.3,100,7162,100,200,3146700
MARUTI-I.NFO,07/01/2020,09:19:05,7162,7160.55,100,7163,100,100,3146700
MARUTI-I.NFO,07/01/2020,09:19:06,7160.6,7160.65,100,7164.15,100,200,3146700
MARUTI-I.NFO,07/01/2020,09:19:07,7160.55,7160.45,100,7162.95,100,200,3146700
MARUTI-I.NFO,07/01/2020,09:19:08,7160.55,7160.55,100,7162.95,100,0,3146700
MARUTI-I.NFO,07/01/2020,09:19:09,7160.55,7160.65,100,7163,200,0,3146700
MARUTI-I.NFO,07/01/2020,09:19:11,7160.55,7160.8,100,7163,200,0,3146700
MARUTI-I.NFO,07/01/2020,09:19:12,7163,7162.6,100,7165,100,200,3146700
MARUTI-I.NFO,07/01/2020,09:19:13,7163,7162.95,100,7164.95,100,0,3146700
MARUTI-I.NFO,07/01/2020,09:19:14,7163,7163.35,200,7165,100,0,3146700
MARUTI-I.NFO,07/01/2020,09:19:15,7163,7161.8,100,7164.75,100,0,3146700
MARUTI-I.NFO,07/01/2020,09:19:16,7165,7163.2,100,7166.2,100,200,3146700
MARUTI-I.NFO,07/01/2020,09:19:17,7163.8,7161.35,100,7163.85,200,100,3146700
MARUTI-I.NFO,07/01/2020,09:19:18,7164.4,7161.8,100,7164.4,100,200,3146700
MARUTI-I.NFO,07/01/2020,09:19:20,7164.4,7162.75,100,7166.2,100,0,3146700
MARUTI-I.NFO,07/01/2020,09:19:20,7164.4,7162.8,100,7166.2,100,0,3146700
MARUTI-I.NFO,07/01/2020,09:19:21,7164,7162.6,100,7166.2,200,100,3146700
MARUTI-I.NFO,07/01/2020,09:19:22,7164,7163,100,7165.55,100,0,3146700
MARUTI-I.NFO,07/01/2020,09:19:23,7164,7161.85,200,7166.7,200,0,3146700
MARUTI-I.NFO,07/01/2020,09:19:24,7167.8,7164.35,100,7168.85,100,300,3146700
MARUTI-I.NFO,07/01/2020,09:19:26,7167.8,7164.9,100,7168.6,200,0,3146700
MARUTI-I.NFO,07/01/2020,09:19:26,7165.1,7164.75,100,7168.25,100,100,3146700
MARUTI-I.NFO,07/01/2020,09:19:27,7164.75,7165.05,100,7168.1,100,100,3146700
MARUTI-I.NFO,07/01/2020,09:19:28,7162.8,7161.85,100,7164.35,600,500,3146700
MARUTI-I.NFO,07/01/2020,09:19:30,7162.8,7161.4,100,7164.35,1000,0,3146700
MARUTI-I.NFO,07/01/2020,09:19:30,7162.8,7161.35,100,7164.3,100,0,3146700
MARUTI-I.NFO,07/01/2020,09:19:31,7162.8,7161.2,100,7164.05,100,0,3146700
MARUTI-I.NFO,07/01/2020,09:19:32,7164.05,7161.35,100,7164.25,100,100,3146700
MARUTI-I.NFO,07/01/2020,09:19:33,7164.15,7161.25,100,7164.2,100,300,3146700
MARUTI-I.NFO,07/01/2020,09:19:34,7164.15,7161.4,100,7164.3,100,0,3146700
MARUTI-I.NFO,07/01/2020,09:19:36,7164.15,7161.65,100,7164.3,200,0,3146700
MARUTI-I.NFO,07/01/2020,09:19:38,7161.5,7161.2,100,7164,100,200,3146700
MARUTI-I.NFO,07/01/2020,09:19:38,7161.5,7161.2,100,7164,100,0,3146700
MARUTI-I.NFO,07/01/2020,09:19:39,7161.5,7161.2,100,7163.95,100,0,3146700
MARUTI-I.NFO,07/01/2020,09:19:40,7161,7161,200,7163.75,100,1300,3146700
MARUTI-I.NFO,07/01/2020,09:19:41,7161,7161.05,100,7163.75,100,0,3146700
MARUTI-I.NFO,07/01/2020,09:19:42,7161,7161.05,100,7163.45,100,0,3146700
MARUTI-I.NFO,07/01/2020,09:19:43,7161,7161.05,100,7163.85,100,0,3146700
MARUTI-I.NFO,07/01/2020,09:19:44,7161.05,7161,100,7163.85,100,100,3146700
MARUTI-I.NFO,07/01/2020,09:19:46,7161.05,7161,100,7163.75,100,0,3146700
MARUTI-I.NFO,07/01/2020,09:19:46,7161.05,7161,100,7163.85,100,0,3146700
MARUTI-I.NFO,07/01/2020,09:19:47,7163.85,7161,100,7163.7,100,100,3146700
MARUTI-I.NFO,07/01/2020,09:19:48,7163.85,7161,100,7163.6,200,0,3146700
MARUTI-I.NFO,07/01/2020,09:19:49,7163.6,7161,100,7164.05,100,100,3146700
MARUTI-I.NFO,07/01/2020,09:19:50,7163.6,7161,100,7163.8,100,0,3146700
MARUTI-I.NFO,07/01/2020,09:19:51,7163.6,7161,100,7163.45,100,0,3146700
MARUTI-I.NFO,07/01/2020,09:19:52,7163.6,7161.5,100,7164.3,100,0,3146700
MARUTI-I.NFO,07/01/2020,09:19:54,7164.35,7164.1,100,7165.95,100,600,3146700
MARUTI-I.NFO,07/01/2020,09:19:54,7164.35,7164.1,100,7165.95,100,0,3146700
MARUTI-I.NFO,07/01/2020,09:19:55,7164.35,7164.05,100,7165.95,100,0,3146700
MARUTI-I.NFO,07/01/2020,09:19:56,7164.35,7164.05,100,7165.9,100,0,3146700
MARUTI-I.NFO,07/01/2020,09:19:57,7164.35,7164.1,100,7166,100,0,3146700
MARUTI-I.NFO,07/01/2020,09:19:58,7164.35,7164.15,100,7166,100,0,3146700
MARUTI-I.NFO,07/01/2020,09:19:59,7164.4,7166,100,7167.7,100,300,3146700
MARUTI-I.NFO,07/01/2020,09:20:01,7164.4,7166.15,100,7167.8,100,0,3146700
MARUTI-I.NFO,07/01/2020,09:20:01,7164.4,7166.3,100,7167.8,100,0,3146700
MARUTI-I.NFO,07/01/2020,09:20:03,7168,7167.65,100,7169,200,400,3146700
MARUTI-I.NFO,07/01/2020,09:20:04,7167.65,7167.05,100,7168.35,100,100,3146700
MARUTI-I.NFO,07/01/2020,09:20:05,7167.65,7167.05,100,7168.35,100,0,3146700
MARUTI-I.NFO,07/01/2020,09:20:06,7167.05,7166.9,100,7168.9,100,200,3146700
MARUTI-I.NFO,07/01/2020,09:20:08,7168.35,7166.9,100,7168.9,100,100,3146700
MARUTI-I.NFO,07/01/2020,09:20:08,7168.35,7166.9,100,7168.75,100,0,3146700
MARUTI-I.NFO,07/01/2020,09:20:09,7168.35,7166.9,100,7168.35,100,0,3146700
MARUTI-I.NFO,07/01/2020,09:20:10,7167.35,7166,100,7167.95,100,400,3144600
MARUTI-I.NFO,07/01/2020,09:20:11,7165.95,7163.85,100,7165.95,300,600,3144600
MARUTI-I.NFO,07/01/2020,09:20:13,7165.95,7163.85,100,7165.95,100,0,3144600
MARUTI-I.NFO,07/01/2020,09:20:13,7165.95,7163.85,100,7165.4,100,0,3144600
MARUTI-I.NFO,07/01/2020,09:20:14,7165.95,7163.85,100,7165.8,100,0,3144600
MARUTI-I.NFO,07/01/2020,09:20:15,7165.95,7163.85,100,7165.75,100,0,3144600
MARUTI-I.NFO,07/01/2020,09:20:17,7165.95,7163.85,100,7165.65,100,0,3144600
MARUTI-I.NFO,07/01/2020,09:20:18,7163.85,7161.05,200,7163.35,200,100,3144600
MARUTI-I.NFO,07/01/2020,09:20:19,7163.85,7161.15,100,7163.35,200,0,3144600
MARUTI-I.NFO,07/01/2020,09:20:21,7161.15,7161.05,100,7163.75,200,100,3144600
MARUTI-I.NFO,07/01/2020,09:20:22,7161,7160,200,7162.2,100,200,3144600
MARUTI-I.NFO,07/01/2020,09:20:24,7160,7160,100,7161.05,100,100,3144600
MARUTI-I.NFO,07/01/2020,09:20:24,7160,7160,100,7161.05,100,0,3144600
MARUTI-I.NFO,07/01/2020,09:20:25,7159,7157.35,100,7159.75,100,200,3144600
MARUTI-I.NFO,07/01/2020,09:20:26,7159,7157.4,100,7160.55,100,0,3144600
MARUTI-I.NFO,07/01/2020,09:20:27,7161.35,7158.85,100,7161.6,100,200,3144600
MARUTI-I.NFO,07/01/2020,09:20:28,7160.45,7159.45,100,7161.6,100,200,3144600
MARUTI-I.NFO,07/01/2020,09:20:29,7159.9,7159.3,100,7161.2,100,100,3144600
MARUTI-I.NFO,07/01/2020,09:20:30,7159.9,7159.3,100,7161.35,100,0,3144600
MARUTI-I.NFO,07/01/2020,09:20:31,7159.9,7159.3,100,7160.75,100,0,3144600
MARUTI-I.NFO,07/01/2020,09:20:32,7159.3,7157.65,100,7160.25,100,100,3144600
MARUTI-I.NFO,07/01/2020,09:20:34,7159.3,7158,200,7159.35,200,0,3144600
MARUTI-I.NFO,07/01/2020,09:20:35,7159.9,7160.05,100,7161,100,300,3144600
MARUTI-I.NFO,07/01/2020,09:20:36,7161,7158.95,100,7161.3,100,100,3144600
MARUTI-I.NFO,07/01/2020,09:20:37,7161.3,7159.2,100,7162.7,100,100,3144600
MARUTI-I.NFO,07/01/2020,09:20:38,7161.95,7160.25,100,7163.75,100,200,3144600
MARUTI-I.NFO,07/01/2020,09:20:39,7161.95,7159.85,300,7163.75,100,0,3144600
MARUTI-I.NFO,07/01/2020,09:20:40,7161.95,7160.4,100,7163.75,100,0,3144600
MARUTI-I.NFO,07/01/2020,09:20:41,7162,7159.7,100,7161.4,200,100,3144600
MARUTI-I.NFO,07/01/2020,09:20:42,7162,7159.7,100,7161.35,100,0,3144600
MARUTI-I.NFO,07/01/2020,09:20:43,7163.3,7160.15,100,7163.85,100,300,3144600
MARUTI-I.NFO,07/01/2020,09:20:45,7160.85,7160.8,100,7164.1,100,300,3144600
MARUTI-I.NFO,07/01/2020,09:20:45,7160.85,7161.4,100,7164.1,100,0,3144600
MARUTI-I.NFO,07/01/2020,09:20:46,7160.85,7160.7,100,7164.1,100,0,3144600
MARUTI-I.NFO,07/01/2020,09:20:47,7164.1,7163.4,100,7165.95,100,100,3144600
MARUTI-I.NFO,07/01/2020,09:20:48,7164.1,7163.65,100,7165.95,100,0,3144600
MARUTI-I.NFO,07/01/2020,09:20:49,7164.1,7163.65,200,7165.95,100,0,3144600
MARUTI-I.NFO,07/01/2020,09:20:50,7165.95,7165.95,100,7168.4,100,100,3144600
MARUTI-I.NFO,07/01/2020,09:20:51,7165.95,7165.95,100,7168.75,100,0,3144600
MARUTI-I.NFO,07/01/2020,09:20:53,7165.95,7165.95,100,7168.8,200,0,3144600
MARUTI-I.NFO,07/01/2020,09:20:54,7165.95,7166.45,200,7169,300,0,3144600
MARUTI-I.NFO,07/01/2020,09:20:55,7165.95,7166.45,100,7169,300,0,3144600
MARUTI-I.NFO,07/01/2020,09:20:56,7168.6,7165.95,100,7168.35,100,100,3144600
MARUTI-I.NFO,07/01/2020,09:20:57,7168.6,7165.95,100,7168.15,100,0,3144600
MARUTI-I.NFO,07/01/2020,09:20:58,7168.6,7165.95,100,7167.95,100,0,3144600
MARUTI-I.NFO,07/01/2020,09:20:59,7167.95,7165.95,100,7168,100,100,3144600
MARUTI-I.NFO,07/01/2020,09:21:00,7165.95,7163.6,100,7167.95,100,100,3144600
MARUTI-I.NFO,07/01/2020,09:21:01,7165.95,7163.45,100,7166.95,100,0,3144600
MARUTI-I.NFO,07/01/2020,09:21:03,7165.95,7163.65,100,7167.2,200,0,3144600
MARUTI-I.NFO,07/01/2020,09:21:04,7167.2,7163.6,100,7167.2,200,100,3144600
MARUTI-I.NFO,07/01/2020,09:21:05,7167.2,7163.8,100,7167,200,0,3144600
MARUTI-I.NFO,07/01/2020,09:21:06,7166.4,7163.5,100,7166.45,200,400,3144600
MARUTI-I.NFO,07/01/2020,09:21:07,7164,7163.85,200,7166.45,100,100,3144600
MARUTI-I.NFO,07/01/2020,09:21:08,7166.45,7164.1,100,7168.55,100,200,3144600
MARUTI-I.NFO,07/01/2020,09:21:09,7166.45,7165.45,200,7168.15,100,0,3144600
MARUTI-I.NFO,07/01/2020,09:21:10,7169,7165.65,100,7169.95,100,500,3144600
MARUTI-I.NFO,07/01/2020,09:21:11,7169,7165.6,200,7169.55,200,0,3144600
MARUTI-I.NFO,07/01/2020,09:21:12,7165.6,7166.5,100,7169.15,100,100,3144600
MARUTI-I.NFO,07/01/2020,09:21:13,7165.6,7166.5,100,7168.95,100,0,3144600
MARUTI-I.NFO,07/01/2020,09:21:14,7165.6,7166.5,100,7169,100,0,3144600
MARUTI-I.NFO,07/01/2020,09:21:16,7169,7167.45,100,7170,400,100,3144600
MARUTI-I.NFO,07/01/2020,09:21:16,7169,7166.5,100,7169.35,100,0,3144600
MARUTI-I.NFO,07/01/2020,09:21:17,7166.45,7166.05,100,7168.7,100,200,3144600
MARUTI-I.NFO,07/01/2020,09:21:18,7166.45,7165.55,100,7168.35,100,0,3144600
MARUTI-I.NFO,07/01/2020,09:21:19,7166.5,7166.45,100,7168.75,100,200,3144600
MARUTI-I.NFO,07/01/2020,09:21:21,7168.75,7166.45,100,7169.55,100,100,3144600
MARUTI-I.NFO,07/01/2020,09:21:21,7168.75,7166.45,100,7169.55,100,0,3144600
MARUTI-I.NFO,07/01/2020,09:21:22,7168.75,7166.85,100,7169.35,100,200,3144600
MARUTI-I.NFO,07/01/2020,09:21:23,7168.75,7166.25,100,7168.5,100,0,3144600
MARUTI-I.NFO,07/01/2020,09:21:24,7168.75,7166.25,100,7168.85,100,0,3144600
MARUTI-I.NFO,07/01/2020,09:21:25,7168.75,7166.25,100,7168.8,100,0,3144600
MARUTI-I.NFO,07/01/2020,09:21:26,7168.75,7166.2,100,7168.45,100,0,3144600
MARUTI-I.NFO,07/01/2020,09:21:28,7168.75,7166.2,100,7168.55,200,0,3144600
MARUTI-I.NFO,07/01/2020,09:21:29,7168,7166.25,100,7168.45,100,100,3144600
MARUTI-I.NFO,07/01/2020,09:21:30,7168.45,7166.25,100,7168.4,100,100,3144600
MARUTI-I.NFO,07/01/2020,09:21:31,7168.45,7166.25,100,7168.6,100,0,3144600
MARUTI-I.NFO,07/01/2020,09:21:32,7168.85,7166.25,100,7168.65,100,200,3144600
MARUTI-I.NFO,07/01/2020,09:21:33,7166.2,7164.2,100,7166.2,200,600,3144600
MARUTI-I.NFO,07/01/2020,09:21:34,7166.2,7164.2,100,7166.2,200,0,3144600
MARUTI-I.NFO,07/01/2020,09:21:36,7166.2,7164.2,100,7166.15,100,0,3144600
MARUTI-I.NFO,07/01/2020,09:21:36,7166.2,7164.2,100,7166.25,1500,0,3144600
MARUTI-I.NFO,07/01/2020,09:21:37,7167.3,7165.8,100,7168.65,100,1800,3144600
MARUTI-I.NFO,07/01/2020,09:21:38,7167.3,7164.35,200,7168.55,200,0,3144600
MARUTI-I.NFO,07/01/2020,09:21:39,7167.3,7165,200,7168.35,100,0,3144600
MARUTI-I.NFO,07/01/2020,09:21:40,7167.3,7165.8,100,7168,100,0,3144600
MARUTI-I.NFO,07/01/2020,09:21:41,7165.1,7165.1,100,7168.65,100,400,3144600
MARUTI-I.NFO,07/01/2020,09:21:42,7165.1,7165.35,100,7168.55,100,0,3144600
MARUTI-I.NFO,07/01/2020,09:21:43,7170,7167.8,100,7170.75,100,700,3144600
MARUTI-I.NFO,07/01/2020,09:21:44,7170,7167.8,100,7170.6,100,0,3144600
MARUTI-I.NFO,07/01/2020,09:21:46,7167.8,7167.45,100,7170.6,100,100,3144600
MARUTI-I.NFO,07/01/2020,09:21:48,7167.8,7167.45,100,7170.6,100,0,3144600
MARUTI-I.NFO,07/01/2020,09:21:48,7167.8,7168.55,100,7170.7,100,0,3144600
MARUTI-I.NFO,07/01/2020,09:21:49,7171,7171,300,7172,200,700,3144600
MARUTI-I.NFO,07/01/2020,09:21:50,7171,7171,400,7172,200,0,3144600
MARUTI-I.NFO,07/01/2020,09:21:51,7172.5,7171.45,200,7173.95,200,300,3144600
MARUTI-I.NFO,07/01/2020,09:21:52,7172.5,7171.25,100,7173.95,200,0,3144600
MARUTI-I.NFO,07/01/2020,09:21:53,7172.5,7171.45,200,7173.95,200,0,3144600
MARUTI-I.NFO,07/01/2020,09:21:54,7172.5,7171.1,100,7173.95,200,0,3144600
MARUTI-I.NFO,07/01/2020,09:21:55,7173.95,7172.05,100,7173.95,100,100,3144600
MARUTI-I.NFO,07/01/2020,09:21:57,7173.95,7172.05,100,7173.95,100,0,3144600
MARUTI-I.NFO,07/01/2020,09:21:58,7175,7172.2,100,7175,1500,600,3144600
MARUTI-I.NFO,07/01/2020,09:21:59,7175,7172.35,200,7175,1500,0,3144600
MARUTI-I.NFO,07/01/2020,09:22:00,7172.1,7172,300,7175,1500,100,3144600
MARUTI-I.NFO,07/01/2020,09:22:01,7173.5,7173.05,100,7175,1500,200,3144600
MARUTI-I.NFO,07/01/2020,09:22:02,7173.5,7172,300,7173.3,100,0,3144600
MARUTI-I.NFO,07/01/2020,09:22:03,7173.5,7172.65,100,7173.4,100,0,3144600
MARUTI-I.NFO,07/01/2020,09:22:04,7174,7173.65,100,7175,1500,400,3144600
MARUTI-I.NFO,07/01/2020,09:22:05,7172.2,7172,300,7174.95,100,800,3144600
MARUTI-I.NFO,07/01/2020,09:22:06,7172.2,7172,300,7174.8,100,0,3144600
MARUTI-I.NFO,07/01/2020,09:22:08,7175,7171.4,100,7174.75,200,300,3144600
MARUTI-I.NFO,07/01/2020,09:22:10,7174.8,7172.5,200,7174.9,100,600,3144600
MARUTI-I.NFO,07/01/2020,09:22:10,7174.8,7172.5,200,7174.9,100,0,3144600
MARUTI-I.NFO,07/01/2020,09:22:12,7174.8,7172.6,100,7175,1300,0,3144600
MARUTI-I.NFO,07/01/2020,09:22:13,7174.8,7172.8,100,7175,1300,0,3144600
MARUTI-I.NFO,07/01/2020,09:22:14,7175,7174.85,100,7177,500,1300,3144600
MARUTI-I.NFO,07/01/2020,09:22:15,7175.25,7175.25,100,7177,500,100,3144600
MARUTI-I.NFO,07/01/2020,09:22:17,7175.25,7175.4,100,7177,500,100,3144600
MARUTI-I.NFO,07/01/2020,09:22:19,7175.25,7175.05,200,7177,500,0,3144600
MARUTI-I.NFO,07/01/2020,09:22:20,7175.55,7175.5,100,7177,500,100,3144600
MARUTI-I.NFO,07/01/2020,09:22:21,7176.95,7175.25,100,7177,500,200,3144600
MARUTI-I.NFO,07/01/2020,09:22:22,7176.95,7175.65,100,7177,500,0,3144600
MARUTI-I.NFO,07/01/2020,09:22:23,7176.95,7175.2,100,7177,500,0,3144600
MARUTI-I.NFO,07/01/2020,09:22:24,7175.45,7175.2,100,7177,500,100,3144600
MARUTI-I.NFO,07/01/2020,09:22:25,7175.45,7176.2,100,7177,500,0,3144600
MARUTI-I.NFO,07/01/2020,09:22:26,7175.45,7176.25,100,7177,500,0,3144600
MARUTI-I.NFO,07/01/2020,09:22:27,7175.45,7175.2,100,7177,500,400,3144600
MARUTI-I.NFO,07/01/2020,09:22:28,7175.45,7175.05,100,7177,500,0,3144600
MARUTI-I.NFO,07/01/2020,09:22:29,7177,7177,300,7178,500,500,3144600
MARUTI-I.NFO,07/01/2020,09:22:30,7177,7177,300,7178,500,0,3144600
MARUTI-I.NFO,07/01/2020,09:22:31,7177,7177,300,7177.95,100,0,3144600
MARUTI-I.NFO,07/01/2020,09:22:33,7177,7175.45,100,7177.8,100,300,3144600
MARUTI-I.NFO,07/01/2020,09:22:33,7177,7175.45,100,7177.8,100,0,3144600
MARUTI-I.NFO,07/01/2020,09:22:35,7177,7175.45,100,7177.65,100,0,3144600
MARUTI-I.NFO,07/01/2020,09:22:36,7177.5,7175.45,100,7177.5,100,100,3144600
MARUTI-I.NFO,07/01/2020,09:22:37,7177.5,7176,200,7177.95,100,0,3144600
MARUTI-I.NFO,07/01/2020,09:22:38,7177.5,7176,300,7177.95,100,0,3144600
MARUTI-I.NFO,07/01/2020,09:22:39,7176.9,7176,400,7176.95,100,100,3144600
MARUTI-I.NFO,07/01/2020,09:22:40,7176.9,7176,400,7176.95,100,0,3144600
MARUTI-I.NFO,07/01/2020,09:22:41,7176.95,7176.5,100,7178,500,100,3144600
MARUTI-I.NFO,07/01/2020,09:22:43,7176.95,7176.95,100,7178,500,0,3144600
MARUTI-I.NFO,07/01/2020,09:22:44,7178,7177.2,100,7179.3,700,600,3144600
MARUTI-I.NFO,07/01/2020,09:22:45,7179.3,7177.65,200,7179.3,600,100,3144600
MARUTI-I.NFO,07/01/2020,09:22:46,7179.95,7177.25,200,7180,100,800,3144600
MARUTI-I.NFO,07/01/2020,09:22:47,7180,7177.25,100,7181.25,100,200,3144600
MARUTI-I.NFO,07/01/2020,09:22:48,7180,7177.85,100,7181.65,100,200,3144600
MARUTI-I.NFO,07/01/2020,09:22:49,7181.1,7178.2,100,7181.25,100,200,3144600
MARUTI-I.NFO,07/01/2020,09:22:50,7181.2,7177.25,100,7181.25,100,100,3144600
MARUTI-I.NFO,07/01/2020,09:22:52,7180.1,7180.05,200,7182,200,200,3144600
MARUTI-I.NFO,07/01/2020,09:22:52,7180.1,7180.05,100,7182,200,0,3144600
MARUTI-I.NFO,07/01/2020,09:22:53,7181.55,7177.3,100,7181.7,100,100,3144600
MARUTI-I.NFO,07/01/2020,09:22:54,7181.55,7180,200,7182,200,0,3144600
MARUTI-I.NFO,07/01/2020,09:22:55,7180.8,7180.45,100,7182,200,100,3144600
MARUTI-I.NFO,07/01/2020,09:22:56,7182,7180.15,200,7184,100,200,3144600
MARUTI-I.NFO,07/01/2020,09:22:57,7180.05,7180.2,100,7183.95,100,100,3144600
MARUTI-I.NFO,07/01/2020,09:22:58,7183.95,7180.85,100,7183.95,100,100,3144600
MARUTI-I.NFO,07/01/2020,09:22:59,7183.95,7182,200,7184.35,100,0,3144600
MARUTI-I.NFO,07/01/2020,09:23:00,7183.95,7182.45,100,7184.35,100,0,3144600
MARUTI-I.NFO,07/01/2020,09:23:01,7183.95,7182.4,300,7184.4,100,0,3144600
MARUTI-I.NFO,07/01/2020,09:23:03,7182.4,7182.05,100,7184.35,100,100,3144600
MARUTI-I.NFO,07/01/2020,09:23:03,7182.4,7182.05,100,7184.35,100,0,3144600
MARUTI-I.NFO,07/01/2020,09:23:04,7182,7182,200,7184,200,200,3144600
MARUTI-I.NFO,07/01/2020,09:23:05,7182,7183,100,7184.4,200,0,3144600
MARUTI-I.NFO,07/01/2020,09:23:06,7184.4,7183.2,100,7185,300,100,3144600
MARUTI-I.NFO,07/01/2020,09:23:07,7184.4,7183.2,100,7185,300,0,3144600
MARUTI-I.NFO,07/01/2020,09:23:10,7184.4,7183.2,200,7185,300,0,3144600
MARUTI-I.NFO,07/01/2020,09:23:11,7183.2,7183.2,100,7184.95,100,200,3145300
MARUTI-I.NFO,07/01/2020,09:23:12,7183,7182,300,7184.75,100,500,3145300
MARUTI-I.NFO,07/01/2020,09:23:13,7183,7182,200,7184.55,100,200,3145300
MARUTI-I.NFO,07/01/2020,09:23:14,7183,7182,200,7184.35,100,0,3145300
MARUTI-I.NFO,07/01/2020,09:23:15,7183,7182,200,7183.75,200,0,3145300
MARUTI-I.NFO,07/01/2020,09:23:16,7182,7181,100,7183.35,100,200,3145300
MARUTI-I.NFO,07/01/2020,09:23:17,7182,7181,100,7182.55,100,0,3145300
MARUTI-I.NFO,07/01/2020,09:23:18,7181,7178.85,100,7181.95,100,100,3145300
MARUTI-I.NFO,07/01/2020,09:23:20,7179,7178.2,200,7181.75,100,100,3145300
MARUTI-I.NFO,07/01/2020,09:23:20,7179,7178.25,100,7181.75,100,0,3145300
MARUTI-I.NFO,07/01/2020,09:23:22,7181.55,7177.8,100,7180.95,100,100,3145300
MARUTI-I.NFO,07/01/2020,09:23:23,7181.55,7177.6,100,7180.95,100,0,3145300
MARUTI-I.NFO,07/01/2020,09:23:24,7181.55,7178.05,100,7180.95,100,0,3145300
MARUTI-I.NFO,07/01/2020,09:23:25,7179.85,7179.1,100,7182,100,300,3145300
MARUTI-I.NFO,07/01/2020,09:23:27,7179.85,7179.25,100,7182,100,0,3145300
MARUTI-I.NFO,07/01/2020,09:23:28,7182,7178.3,100,7182.15,100,100,3145300
MARUTI-I.NFO,07/01/2020,09:23:29,7181.55,7178.25,100,7182.1,100,300,3145300
MARUTI-I.NFO,07/01/2020,09:23:30,7181.55,7178.8,100,7182.15,100,0,3145300
MARUTI-I.NFO,07/01/2020,09:23:31,7181.55,7178.2,100,7181.55,100,0,3145300
MARUTI-I.NFO,07/01/2020,09:23:32,7181.55,7178.1,100,7181.55,100,0,3145300
MARUTI-I.NFO,07/01/2020,09:23:33,7181.55,7178.15,200,7181.55,100,0,3145300
MARUTI-I.NFO,07/01/2020,09:23:34,7180.55,7177.25,100,7180.6,100,300,3145300
MARUTI-I.NFO,07/01/2020,09:23:36,7180.55,7177.6,100,7180.7,100,0,3145300
MARUTI-I.NFO,07/01/2020,09:23:37,7180.55,7178.4,100,7181.75,100,0,3145300
MARUTI-I.NFO,07/01/2020,09:23:38,7180.55,7177.8,100,7181.55,100,0,3145300
MARUTI-I.NFO,07/01/2020,09:23:39,7180.55,7177.6,200,7181.55,100,0,3145300
MARUTI-I.NFO,07/01/2020,09:23:41,7180.55,7177.6,200,7181.35,100,0,3145300
MARUTI-I.NFO,07/01/2020,09:23:42,7180.55,7177.6,200,7181.15,300,0,3145300
MARUTI-I.NFO,07/01/2020,09:23:43,7180.55,7177.6,200,7181.15,200,0,3145300
MARUTI-I.NFO,07/01/2020,09:23:45,7180.55,7177.6,100,7179.95,100,0,3145300
MARUTI-I.NFO,07/01/2020,09:23:52,7178.15,7177.6,100,7180,100,100,3145300
MARUTI-I.NFO,07/01/2020,09:23:53,7179.95,7177.7,100,7180,100,100,3145300
MARUTI-I.NFO,07/01/2020,09:23:54,7179.95,7177.85,100,7180,100,0,3145300
MARUTI-I.NFO,07/01/2020,09:23:55,7178.8,7178.7,100,7181.25,100,300,3145300
MARUTI-I.NFO,07/01/2020,09:23:56,7178.8,7178.7,100,7181.25,100,0,3145300
MARUTI-I.NFO,07/01/2020,09:23:58,7178.8,7179.25,100,7181.5,100,0,3145300
MARUTI-I.NFO,07/01/2020,09:23:59,7178.8,7179.25,100,7181.55,100,0,3145300
MARUTI-I.NFO,07/01/2020,09:24:00,7178.8,7179.4,100,7181.5,100,0,3145300
MARUTI-I.NFO,07/01/2020,09:24:02,7178.8,7178.45,100,7180.5,100,0,3145300
MARUTI-I.NFO,07/01/2020,09:24:03,7179.4,7180.05,100,7181.55,100,400,3145300
MARUTI-I.NFO,07/01/2020,09:24:04,7179.4,7178.55,100,7181.2,200,0,3145300
MARUTI-I.NFO,07/01/2020,09:24:05,7179.4,7178.6,100,7180.95,100,0,3145300
MARUTI-I.NFO,07/01/2020,09:24:07,7180.95,7178.85,100,7181.45,100,100,3145300
MARUTI-I.NFO,07/01/2020,09:24:07,7180.95,7178.95,100,7181.5,100,0,3145300
MARUTI-I.NFO,07/01/2020,09:24:08,7180.95,7178.75,100,7181.5,100,0,3145300
MARUTI-I.NFO,07/01/2020,09:24:10,7180.95,7178.9,100,7181.2,100,0,3145300
MARUTI-I.NFO,07/01/2020,09:24:12,7180.95,7178.9,100,7181.55,100,0,3145300
MARUTI-I.NFO,07/01/2020,09:24:13,7180.95,7178.8,100,7181.15,100,0,3145300
MARUTI-I.NFO,07/01/2020,09:24:14,7180.95,7178.8,100,7181.25,100,0,3145300
MARUTI-I.NFO,07/01/2020,09:24:15,7180.95,7178.8,100,7181.35,100,0,3145300
MARUTI-I.NFO,07/01/2020,09:24:16,7178.8,7178.7,100,7178.8,100,100,3145300
MARUTI-I.NFO,07/01/2020,09:24:17,7178.8,7178.7,100,7178.8,100,0,3145300
MARUTI-I.NFO,07/01/2020,09:24:20,7177.6,7176.05,100,7178.4,100,200,3145300
MARUTI-I.NFO,07/01/2020,09:24:20,7177.6,7176.05,200,7178.35,100,0,3145300
MARUTI-I.NFO,07/01/2020,09:24:21,7177.6,7177,100,7178.7,900,0,3145300
MARUTI-I.NFO,07/01/2020,09:24:22,7179.3,7176.8,200,7179.3,100,1100,3145300
MARUTI-I.NFO,07/01/2020,09:24:23,7179.3,7177.4,100,7179.3,100,0,3145300
MARUTI-I.NFO,07/01/2020,09:24:24,7179.3,7176.95,100,7179.3,100,0,3145300
MARUTI-I.NFO,07/01/2020,09:24:25,7179.3,7176.65,100,7179.3,100,0,3145300
MARUTI-I.NFO,07/01/2020,09:24:26,7179.3,7177,100,7178.8,100,0,3145300
MARUTI-I.NFO,07/01/2020,09:24:27,7179.3,7176.8,100,7178.8,100,0,3145300
MARUTI-I.NFO,07/01/2020,09:24:28,7177.1,7176.7,100,7178.8,200,100,3145300
MARUTI-I.NFO,07/01/2020,09:24:29,7177.1,7176.5,100,7178.5,100,0,3145300
MARUTI-I.NFO,07/01/2020,09:24:30,7178,7176.5,100,7178.5,100,100,3145300
MARUTI-I.NFO,07/01/2020,09:24:31,7178,7176.5,100,7178.5,100,0,3145300
MARUTI-I.NFO,07/01/2020,09:24:33,7178.4,7176.5,100,7178.5,100,100,3145300
MARUTI-I.NFO,07/01/2020,09:24:34,7178.4,7176.5,100,7178.4,100,0,3145300
MARUTI-I.NFO,07/01/2020,09:24:36,7178.4,7176.5,100,7178.1,100,0,3145300
MARUTI-I.NFO,07/01/2020,09:24:37,7178.4,7176.5,100,7178,100,0,3145300
MARUTI-I.NFO,07/01/2020,09:24:38,7178.4,7176.5,100,7178.1,100,0,3145300
MARUTI-I.NFO,07/01/2020,09:24:39,7176.45,7176,100,7178,100,200,3145300
MARUTI-I.NFO,07/01/2020,09:24:40,7176.45,7176.05,100,7177.95,100,0,3145300
MARUTI-I.NFO,07/01/2020,09:24:41,7176.45,7176.05,100,7177.5,100,0,3145300
MARUTI-I.NFO,07/01/2020,09:24:42,7176.45,7176.05,100,7177.4,100,0,3145300
MARUTI-I.NFO,07/01/2020,09:24:43,7176.45,7176.05,100,7177.5,100,0,3145300
MARUTI-I.NFO,07/01/2020,09:24:44,7176.5,7176.15,100,7177.5,100,200,3145300
MARUTI-I.NFO,07/01/2020,09:24:45,7175,7173.1,100,7175,200,500,3145300
MARUTI-I.NFO,07/01/2020,09:24:46,7173.1,7173,100,7175,200,100,3145300
MARUTI-I.NFO,07/01/2020,09:24:47,7173.1,7173.25,100,7175,200,0,3145300
MARUTI-I.NFO,07/01/2020,09:24:50,7173.25,7173.2,100,7175,200,100,3145300
MARUTI-I.NFO,07/01/2020,09:24:51,7173.25,7173.2,100,7175,200,0,3145300
MARUTI-I.NFO,07/01/2020,09:24:53,7175,7173.4,100,7176.15,100,200,3145300
MARUTI-I.NFO,07/01/2020,09:24:54,7173.2,7172.7,200,7176.05,100,700,3145300
MARUTI-I.NFO,07/01/2020,09:24:55,7173.2,7172.7,200,7175.95,100,0,3145300
MARUTI-I.NFO,07/01/2020,09:24:56,7173.2,7172.7,100,7175.75,100,0,3145300
MARUTI-I.NFO,07/01/2020,09:24:57,7173.2,7173.35,100,7176.15,100,0,3145300
MARUTI-I.NFO,07/01/2020,09:24:58,7173.2,7173.4,100,7176.15,100,0,3145300
MARUTI-I.NFO,07/01/2020,09:24:59,7176.15,7174.85,100,7178.1,100,100,3145300
MARUTI-I.NFO,07/01/2020,09:25:00,7175,7174.5,100,7177.95,100,100,3145300
MARUTI-I.NFO,07/01/2020,09:25:01,7175,7175.2,100,7178.1,100,0,3145300
MARUTI-I.NFO,07/01/2020,09:25:02,7175,7174.45,200,7178,100,0,3145300
MARUTI-I.NFO,07/01/2020,09:25:03,7174.45,7174.6,100,7177.55,100,100,3145300
MARUTI-I.NFO,07/01/2020,09:25:04,7174.45,7174.95,100,7177.9,100,0,3145300
MARUTI-I.NFO,07/01/2020,09:25:05,7175.05,7174.95,100,7177.7,100,100,3145300
MARUTI-I.NFO,07/01/2020,09:25:06,7177.55,7175.7,100,7178,200,100,3145300
MARUTI-I.NFO,07/01/2020,09:25:08,7175.85,7175.85,100,7178,100,200,3145300
MARUTI-I.NFO,07/01/2020,09:25:08,7175.85,7175.85,100,7178,100,0,3145300
MARUTI-I.NFO,07/01/2020,09:25:09,7175.85,7175.8,100,7177.75,100,0,3145300
MARUTI-I.NFO,07/01/2020,09:25:10,7175,7175,400,7176.75,100,100,3145300
MARUTI-I.NFO,07/01/2020,09:25:11,7175,7175,400,7176.75,100,0,3145300
MARUTI-I.NFO,07/01/2020,09:25:12,7175,7175,300,7177.35,100,100,3145300
MARUTI-I.NFO,07/01/2020,09:25:14,7175,7175,300,7175.1,200,0,3145300
MARUTI-I.NFO,07/01/2020,09:25:16,7174.95,7173.1,100,7175,100,400,3145300
MARUTI-I.NFO,07/01/2020,09:25:17,7175.1,7173.2,100,7175.1,100,200,3145300
MARUTI-I.NFO,07/01/2020,09:25:18,7175.1,7173.2,100,7175.1,100,0,3145300
MARUTI-I.NFO,07/01/2020,09:25:19,7175.1,7173.4,100,7175.1,100,0,3145300
MARUTI-I.NFO,07/01/2020,09:25:20,7175.1,7173.4,100,7176.75,200,100,3145300
MARUTI-I.NFO,07/01/2020,09:25:21,7175.1,7173.8,100,7177.35,300,0,3145300
MARUTI-I.NFO,07/01/2020,09:25:22,7175.1,7174.8,100,7177.35,200,0,3145300
MARUTI-I.NFO,07/01/2020,09:25:23,7174.8,7173.15,100,7175.55,100,100,3145300
MARUTI-I.NFO,07/01/2020,09:25:25,7173.25,7173.15,200,7174.95,100,600,3145300
MARUTI-I.NFO,07/01/2020,09:25:25,7173.25,7173.15,200,7174.9,100,0,3145300
MARUTI-I.NFO,07/01/2020,09:25:26,7173.25,7173.15,100,7174.9,100,0,3145300
MARUTI-I.NFO,07/01/2020,09:25:27,7173.25,7173.25,100,7175.5,100,0,3145300
MARUTI-I.NFO,07/01/2020,09:25:28,7175.5,7173.4,100,7176.2,100,100,3145300
MARUTI-I.NFO,07/01/2020,09:25:29,7175.5,7173.25,100,7176.65,100,0,3145300
MARUTI-I.NFO,07/01/2020,09:25:30,7173.15,7172.95,100,7175.15,100,200,3145300
MARUTI-I.NFO,07/01/2020,09:25:31,7175.5,7175.5,100,7176.55,100,400,3145300
MARUTI-I.NFO,07/01/2020,09:25:32,7175.5,7175.5,100,7176.6,200,0,3145300
MARUTI-I.NFO,07/01/2020,09:25:33,7175.5,7172.95,100,7176.4,100,100,3145300
MARUTI-I.NFO,07/01/2020,09:25:35,7175.5,7173.05,100,7176.2,100,0,3145300
MARUTI-I.NFO,07/01/2020,09:25:36,7175.5,7173.05,100,7176.35,200,0,3145300
MARUTI-I.NFO,07/01/2020,09:25:39,7175.5,7173.1,100,7176.35,200,0,3145300
MARUTI-I.NFO,07/01/2020,09:25:40,7175.5,7172.95,200,7175.95,200,0,3145300
MARUTI-I.NFO,07/01/2020,09:25:41,7175.5,7173.05,100,7175.95,200,0,3145300
MARUTI-I.NFO,07/01/2020,09:25:42,7176,7174.1,100,7176.95,100,500,3145300
MARUTI-I.NFO,07/01/2020,09:25:43,7172.95,7171.85,300,7175.95,100,500,3145300
MARUTI-I.NFO,07/01/2020,09:25:44,7172.95,7174.4,200,7176.85,100,0,3145300
MARUTI-I.NFO,07/01/2020,09:25:46,7172.95,7174.45,100,7176.85,100,0,3145300
MARUTI-I.NFO,07/01/2020,09:25:47,7174.45,7172.8,200,7176.35,100,100,3145300
MARUTI-I.NFO,07/01/2020,09:25:48,7174.45,7172,100,7175.55,200,0,3145300
MARUTI-I.NFO,07/01/2020,09:25:49,7175.6,7173.05,200,7176.9,100,200,3145300
MARUTI-I.NFO,07/01/2020,09:25:49,7175.6,7174.25,200,7177,200,0,3145300
MARUTI-I.NFO,07/01/2020,09:25:50,7175.6,7173.4,100,7176.85,100,0,3145300
MARUTI-I.NFO,07/01/2020,09:25:51,7175.6,7173.45,200,7176.75,100,0,3145300
MARUTI-I.NFO,07/01/2020,09:25:52,7175.6,7172.9,100,7176.85,100,0,3145300
MARUTI-I.NFO,07/01/2020,09:25:53,7175.6,7173.1,100,7176.55,100,0,3145300
MARUTI-I.NFO,07/01/2020,09:25:54,7175.6,7173.25,100,7176.95,100,0,3145300
MARUTI-I.NFO,07/01/2020,09:25:55,7175.6,7173.6,100,7176.75,100,0,3145300
MARUTI-I.NFO,07/01/2020,09:25:56,7175.6,7173.25,100,7176.75,100,0,3145300
MARUTI-I.NFO,07/01/2020,09:25:58,7175.6,7173.2,100,7176.75,100,0,3145300
MARUTI-I.NFO,07/01/2020,09:25:59,7175,7172.95,100,7176.55,100,100,3145300
MARUTI-I.NFO,07/01/2020,09:26:00,7172.95,7172.55,200,7174.95,100,500,3145300
MARUTI-I.NFO,07/01/2020,09:26:01,7175,7172.5,100,7175.4,100,100,3145300
MARUTI-I.NFO,07/01/2020,09:26:03,7175,7172.6,100,7175.35,100,0,3145300
MARUTI-I.NFO,07/01/2020,09:26:04,7175,7172.65,100,7175.25,100,0,3145300
MARUTI-I.NFO,07/01/2020,09:26:05,7175,7172.6,200,7175.25,100,0,3145300
MARUTI-I.NFO,07/01/2020,09:26:06,7175,7172.6,100,7174.95,100,0,3145300
MARUTI-I.NFO,07/01/2020,09:26:09,7175,7173,200,7175,100,100,3145300
MARUTI-I.NFO,07/01/2020,09:26:11,7175,7173.3,200,7175,100,100,3145300
MARUTI-I.NFO,07/01/2020,09:26:11,7175,7173.3,200,7175,100,0,3145300
MARUTI-I.NFO,07/01/2020,09:26:14,7176,7175.15,100,7177,300,500,3149300
MARUTI-I.NFO,07/01/2020,09:26:15,7177,7176.25,200,7178,100,300,3149300
MARUTI-I.NFO,07/01/2020,09:26:15,7177,7176.25,200,7178,100,0,3149300
MARUTI-I.NFO,07/01/2020,09:26:16,7176.25,7175.25,100,7178,100,100,3149300
MARUTI-I.NFO,07/01/2020,09:26:17,7176.25,7175.35,100,7177,100,0,3149300
MARUTI-I.NFO,07/01/2020,09:26:18,7177,7175.45,100,7178,100,100,3149300
MARUTI-I.NFO,07/01/2020,09:26:19,7175.4,7175.25,100,7178,100,100,3149300
MARUTI-I.NFO,07/01/2020,09:26:20,7175.45,7174.8,300,7177.8,100,100,3149300
MARUTI-I.NFO,07/01/2020,09:26:22,7175,7174.85,100,7177.6,100,300,3149300
MARUTI-I.NFO,07/01/2020,09:26:23,7175.35,7175.2,100,7177.95,100,100,3149300
MARUTI-I.NFO,07/01/2020,09:26:24,7175.35,7175.1,100,7177.75,100,0,3149300
MARUTI-I.NFO,07/01/2020,09:26:25,7175.35,7175.1,100,7177.7,100,0,3149300
MARUTI-I.NFO,07/01/2020,09:26:26,7175.1,7174.85,100,7177.35,100,100,3149300
MARUTI-I.NFO,07/01/2020,09:26:27,7175.1,7174.9,100,7177.35,100,0,3149300
MARUTI-I.NFO,07/01/2020,09:26:29,7175.1,7174.9,100,7176.95,100,0,3149300
MARUTI-I.NFO,07/01/2020,09:26:31,7174.9,7174.95,100,7177,100,100,3149300
MARUTI-I.NFO,07/01/2020,09:26:32,7174.9,7175,100,7177,100,0,3149300
MARUTI-I.NFO,07/01/2020,09:26:34,7174.9,7174.9,100,7177,100,0,3149300
MARUTI-I.NFO,07/01/2020,09:26:35,7177,7175.25,100,7177.1,100,100,3149300
MARUTI-I.NFO,07/01/2020,09:26:35,7177,7175.25,100,7177.1,100,0,3149300
MARUTI-I.NFO,07/01/2020,09:26:37,7177,7175.3,100,7177.1,100,0,3149300
MARUTI-I.NFO,07/01/2020,09:26:39,7177,7175.3,200,7177.1,100,0,3149300
MARUTI-I.NFO,07/01/2020,09:26:40,7175.3,7175.3,100,7176.95,100,100,3149300
MARUTI-I.NFO,07/01/2020,09:26:41,7175.3,7175.3,100,7176.95,100,0,3149300
MARUTI-I.NFO,07/01/2020,09:26:42,7175.35,7175.3,100,7176.95,100,100,3149300
MARUTI-I.NFO,07/01/2020,09:26:43,7175.35,7175.3,100,7176.95,100,0,3149300
MARUTI-I.NFO,07/01/2020,09:26:45,7175.35,7176,400,7177.05,100,0,3149300
MARUTI-I.NFO,07/01/2020,09:26:48,7176,7175,200,7177.05,100,400,3149300
MARUTI-I.NFO,07/01/2020,09:26:49,7177.05,7175,200,7176.95,100,100,3149300
MARUTI-I.NFO,07/01/2020,09:26:50,7175.25,7175.05,200,7177.1,100,400,3149300
MARUTI-I.NFO,07/01/2020,09:26:51,7175.05,7175.05,100,7177.05,100,100,3149300
MARUTI-I.NFO,07/01/2020,09:26:52,7175.05,7175.15,100,7177.1,100,0,3149300
MARUTI-I.NFO,07/01/2020,09:26:53,7175.05,7175.1,100,7177.05,100,0,3149300
MARUTI-I.NFO,07/01/2020,09:26:55,7175,7172.95,1600,7175.9,100,300,3149300
MARUTI-I.NFO,07/01/2020,09:26:56,7175,7173.05,100,7175,100,0,3149300
MARUTI-I.NFO,07/01/2020,09:26:57,7173.05,7173,100,7175,100,100,3149300
MARUTI-I.NFO,07/01/2020,09:26:58,7175,7173.05,100,7175,100,100,3149300
MARUTI-I.NFO,07/01/2020,09:26:59,7175,7173.05,100,7175,100,0,3149300
MARUTI-I.NFO,07/01/2020,09:27:01,7173.05,7173,100,7175,100,100,3149300
MARUTI-I.NFO,07/01/2020,09:27:02,7173.05,7173.05,100,7175.05,100,100,3149300
MARUTI-I.NFO,07/01/2020,09:27:03,7173.05,7173.05,200,7175.1,100,0,3149300
MARUTI-I.NFO,07/01/2020,09:27:04,7173.05,7173.05,200,7175,100,0,3149300
MARUTI-I.NFO,07/01/2020,09:27:05,7173.05,7174,100,7175,100,0,3149300
MARUTI-I.NFO,07/01/2020,09:27:08,7174,7173.05,200,7174.95,100,100,3149300
MARUTI-I.NFO,07/01/2020,09:27:09,7174,7173.1,100,7174.95,100,0,3149300
MARUTI-I.NFO,07/01/2020,09:27:19,7172.95,7172.95,1300,7174.4,100,500,3149300
MARUTI-I.NFO,07/01/2020,09:27:20,7172.95,7171.55,100,7173.75,100,1300,3149300
MARUTI-I.NFO,07/01/2020,09:27:21,7173.05,7171.55,100,7173.8,100,100,3149300
MARUTI-I.NFO,07/01/2020,09:27:22,7173.05,7171.6,100,7172.95,100,0,3149300
MARUTI-I.NFO,07/01/2020,09:27:31,7170,7166.5,100,7168.65,100,600,3149300
MARUTI-I.NFO,07/01/2020,09:27:32,7168.65,7166.25,100,7168.65,100,100,3149300
MARUTI-I.NFO,07/01/2020,09:27:33,7168.65,7166.15,100,7168.65,100,0,3149300
MARUTI-I.NFO,07/01/2020,09:27:34,7168.65,7166.15,200,7168.7,100,100,3149300
MARUTI-I.NFO,07/01/2020,09:27:35,7166.15,7166.25,100,7168.65,100,100,3149300
MARUTI-I.NFO,07/01/2020,09:27:36,7166.15,7166.25,100,7168.65,100,0,3149300
MARUTI-I.NFO,07/01/2020,09:27:41,7166.15,7166.8,200,7168.65,100,0,3149300
MARUTI-I.NFO,07/01/2020,09:27:43,7166.15,7166.25,100,7168.7,100,0,3149300
MARUTI-I.NFO,07/01/2020,09:27:44,7166.15,7166.15,100,7166.25,100,0,3149300
MARUTI-I.NFO,07/01/2020,09:27:45,7166.35,7166.25,100,7169,200,200,3149300
MARUTI-I.NFO,07/01/2020,09:27:46,7166.35,7166.25,100,7169.2,200,0,3149300
MARUTI-I.NFO,07/01/2020,09:27:47,7166.35,7166.25,200,7169.2,200,0,3149300
MARUTI-I.NFO,07/01/2020,09:27:48,7166.35,7166.25,200,7168.75,100,0,3149300
MARUTI-I.NFO,07/01/2020,09:27:49,7166.35,7166.25,100,7169.05,200,0,3149300
MARUTI-I.NFO,07/01/2020,09:27:51,7166.35,7166.25,200,7169.05,200,0,3149300
MARUTI-I.NFO,07/01/2020,09:27:52,7166.35,7166.25,100,7168.9,100,0,3149300
MARUTI-I.NFO,07/01/2020,09:27:53,7166.35,7166.25,100,7169.65,100,0,3149300
MARUTI-I.NFO,07/01/2020,09:27:54,7166.35,7166.3,100,7169.15,100,0,3149300
MARUTI-I.NFO,07/01/2020,09:27:55,7166.35,7166.3,100,7168.85,100,0,3149300
MARUTI-I.NFO,07/01/2020,09:27:55,7166.35,7166.3,100,7169.7,100,0,3149300
MARUTI-I.NFO,07/01/2020,09:27:56,7166.35,7166.15,100,7167.9,100,0,3149300
MARUTI-I.NFO,07/01/2020,09:27:59,7166.35,7166.15,100,7166.25,100,0,3149300
MARUTI-I.NFO,07/01/2020,09:28:00,7166.2,7165,2100,7166.15,100,200,3149300
MARUTI-I.NFO,07/01/2020,09:28:01,7166.2,7165,2100,7166.15,100,0,3149300
MARUTI-I.NFO,07/01/2020,09:28:08,7166.2,7165,2100,7165.95,100,0,3149300
MARUTI-I.NFO,07/01/2020,09:28:13,7166.2,7165,2100,7166,100,0,3149300
MARUTI-I.NFO,07/01/2020,09:28:16,7166,7165,2000,7166.25,100,200,3149300
MARUTI-I.NFO,07/01/2020,09:28:17,7166,7165,2000,7166.25,100,0,3149300
MARUTI-I.NFO,07/01/2020,09:28:18,7166,7165,2000,7166,200,0,3149300
MARUTI-I.NFO,07/01/2020,09:28:21,7166,7165,2000,7165.35,100,0,3149300
MARUTI-I.NFO,07/01/2020,09:28:23,7165,7165,1800,7165.35,100,200,3149300
MARUTI-I.NFO,07/01/2020,09:28:23,7165,7165,1800,7165.35,100,0,3149300
MARUTI-I.NFO,07/01/2020,09:28:25,7165,7163,100,7165.3,100,1800,3149300
MARUTI-I.NFO,07/01/2020,09:28:25,7165,7163,200,7164.8,100,0,3149300
MARUTI-I.NFO,07/01/2020,09:28:26,7163,7163,100,7164.75,100,100,3149300
MARUTI-I.NFO,07/01/2020,09:28:28,7163,7163,100,7165,200,0,3149300
MARUTI-I.NFO,07/01/2020,09:28:29,7163,7163,100,7165.05,100,0,3149300
MARUTI-I.NFO,07/01/2020,09:28:30,7163,7163,100,7165,100,0,3149300
MARUTI-I.NFO,07/01/2020,09:28:31,7163,7162.5,100,7164.55,200,100,3149300
MARUTI-I.NFO,07/01/2020,09:28:32,7163,7162.5,100,7164.55,200,0,3149300
MARUTI-I.NFO,07/01/2020,09:28:34,7162.55,7162.5,100,7165,200,100,3149300
MARUTI-I.NFO,07/01/2020,09:28:35,7162.5,7162.45,100,7164.65,100,100,3149300
MARUTI-I.NFO,07/01/2020,09:28:36,7162.45,7162,300,7164.65,100,100,3149300
MARUTI-I.NFO,07/01/2020,09:28:38,7162.45,7162.7,100,7165.55,100,0,3149300
MARUTI-I.NFO,07/01/2020,09:28:39,7162.45,7162.7,100,7165.45,100,0,3149300
MARUTI-I.NFO,07/01/2020,09:28:40,7162.45,7162.15,100,7165.05,100,0,3149300
MARUTI-I.NFO,07/01/2020,09:28:41,7162.45,7162.1,100,7165.45,200,0,3149300
MARUTI-I.NFO,07/01/2020,09:28:42,7162.45,7162.85,100,7165.95,100,100,3149300
MARUTI-I.NFO,07/01/2020,09:28:42,7162.45,7162.85,100,7165.95,100,0,3149300
MARUTI-I.NFO,07/01/2020,09:28:43,7162.45,7163.15,100,7165.95,100,0,3149300
MARUTI-I.NFO,07/01/2020,09:28:44,7162.45,7163.1,100,7165.95,100,0,3149300
MARUTI-I.NFO,07/01/2020,09:28:45,7165.85,7164.3,200,7166,100,300,3149300
MARUTI-I.NFO,07/01/2020,09:28:46,7165.85,7164.3,200,7166,100,0,3149300
MARUTI-I.NFO,07/01/2020,09:28:47,7166.4,7164.4,100,7166.95,200,300,3149300
MARUTI-I.NFO,07/01/2020,09:28:48,7166.95,7164.8,200,7167,100,100,3149300
MARUTI-I.NFO,07/01/2020,09:28:49,7164.85,7164.7,100,7167,300,100,3149300
MARUTI-I.NFO,07/01/2020,09:28:50,7167,7167.05,100,7169.9,100,100,3149300
MARUTI-I.NFO,07/01/2020,09:28:52,7167,7167.05,100,7169.95,200,0,3149300
MARUTI-I.NFO,07/01/2020,09:28:53,7167,7167.25,100,7169.95,200,0,3149300
MARUTI-I.NFO,07/01/2020,09:28:55,7167,7167.6,100,7170,100,0,3149300
MARUTI-I.NFO,07/01/2020,09:28:56,7167,7167.95,100,7170,100,0,3149300
MARUTI-I.NFO,07/01/2020,09:28:58,7167,7167.95,100,7170.9,100,0,3149300
MARUTI-I.NFO,07/01/2020,09:29:00,7167,7167.95,100,7170.75,200,0,3149300
MARUTI-I.NFO,07/01/2020,09:29:01,7168.65,7168,200,7170.5,100,100,3149300
MARUTI-I.NFO,07/01/2020,09:29:02,7166,7165.2,100,7168.15,200,900,3149300
MARUTI-I.NFO,07/01/2020,09:29:02,7166,7165.2,100,7168.1,100,0,3149300
MARUTI-I.NFO,07/01/2020,09:29:03,7166,7167.05,100,7170.05,100,0,3149300
MARUTI-I.NFO,07/01/2020,09:29:04,7166,7165.95,100,7168.9,100,0,3149300
MARUTI-I.NFO,07/01/2020,09:29:05,7167.05,7166.45,200,7169.55,100,100,3149300
MARUTI-I.NFO,07/01/2020,09:29:06,7167.05,7167,100,7169.95,100,0,3149300
MARUTI-I.NFO,07/01/2020,09:29:07,7167.05,7166.55,100,7169.8,100,0,3149300
MARUTI-I.NFO,07/01/2020,09:29:08,7167.05,7166.25,100,7169.15,200,0,3149300
MARUTI-I.NFO,07/01/2020,09:29:09,7167.05,7165.3,200,7168.55,200,0,3149300
MARUTI-I.NFO,07/01/2020,09:29:10,7167.05,7165.65,100,7168.55,200,0,3149300
MARUTI-I.NFO,07/01/2020,09:29:11,7165.6,7164.15,100,7168.4,300,200,3149300
MARUTI-I.NFO,07/01/2020,09:29:12,7165.6,7165.25,300,7168.35,100,0,3149300
MARUTI-I.NFO,07/01/2020,09:29:13,7165.6,7165.85,200,7168.85,100,0,3149300
MARUTI-I.NFO,07/01/2020,09:29:14,7165.6,7165.85,200,7168.65,100,0,3149300
MARUTI-I.NFO,07/01/2020,09:29:15,7165.6,7165.85,200,7168.45,100,0,3149300
MARUTI-I.NFO,07/01/2020,09:29:16,7165.6,7166.05,100,7169.15,100,0,3149300
MARUTI-I.NFO,07/01/2020,09:29:17,7165.6,7166.1,100,7168.1,100,0,3149300
MARUTI-I.NFO,07/01/2020,09:29:19,7165.6,7166.1,100,7167.95,100,0,3149300
MARUTI-I.NFO,07/01/2020,09:29:20,7166.1,7166.1,100,7167.75,200,100,3150900
MARUTI-I.NFO,07/01/2020,09:29:20,7166.1,7166.1,100,7167.75,200,0,3150900
MARUTI-I.NFO,07/01/2020,09:29:23,7167.75,7166.1,100,7167.75,100,100,3150900
MARUTI-I.NFO,07/01/2020,09:29:24,7167.75,7166.1,100,7167.75,100,0,3150900
MARUTI-I.NFO,07/01/2020,09:29:27,7165.6,7164.05,100,7166.15,100,200,3150900
MARUTI-I.NFO,07/01/2020,09:29:28,7165.6,7164.05,100,7166.15,100,0,3150900
MARUTI-I.NFO,07/01/2020,09:29:30,7165.6,7164.2,100,7166.15,100,0,3150900
MARUTI-I.NFO,07/01/2020,09:29:31,7167.25,7165.85,100,7168.2,100,300,3150900
MARUTI-I.NFO,07/01/2020,09:29:32,7167.25,7165.85,100,7168.2,100,0,3150900
MARUTI-I.NFO,07/01/2020,09:29:33,7167.25,7164.85,200,7167.95,100,0,3150900
MARUTI-I.NFO,07/01/2020,09:29:33,7167.25,7165.5,300,7167.95,100,0,3150900
MARUTI-I.NFO,07/01/2020,09:29:34,7167.25,7165.6,100,7169.15,100,0,3150900
MARUTI-I.NFO,07/01/2020,09:29:35,7167.25,7166.65,200,7169.85,100,0,3150900
MARUTI-I.NFO,07/01/2020,09:29:36,7167.25,7167.25,200,7169.95,100,0,3150900
MARUTI-I.NFO,07/01/2020,09:29:37,7167.25,7168.25,200,7170,100,0,3150900
MARUTI-I.NFO,07/01/2020,09:29:38,7167.25,7168.25,100,7170,100,0,3150900
MARUTI-I.NFO,07/01/2020,09:29:39,7168.2,7167.75,100,7170,100,200,3150900
MARUTI-I.NFO,07/01/2020,09:29:40,7168.2,7167.75,100,7170,200,0,3150900
MARUTI-I.NFO,07/01/2020,09:29:41,7168.2,7166,200,7168.95,100,0,3150900
MARUTI-I.NFO,07/01/2020,09:29:42,7168.2,7166.05,100,7167.95,100,0,3150900
MARUTI-I.NFO,07/01/2020,09:29:43,7168.2,7166.05,100,7167.75,100,0,3150900
MARUTI-I.NFO,07/01/2020,09:29:47,7166.05,7166,200,7167.6,100,100,3150900
MARUTI-I.NFO,07/01/2020,09:29:49,7166.05,7166,200,7167.85,100,0,3150900
MARUTI-I.NFO,07/01/2020,09:29:50,7166,7165.5,300,7167.15,100,200,3150900
MARUTI-I.NFO,07/01/2020,09:29:51,7166.05,7165.5,300,7166.75,100,100,3150900
MARUTI-I.NFO,07/01/2020,09:29:52,7166.05,7165.5,300,7166.55,100,0,3150900
MARUTI-I.NFO,07/01/2020,09:29:53,7166.05,7165.5,300,7166.4,100,0,3150900
MARUTI-I.NFO,07/01/2020,09:29:54,7165.5,7162.55,100,7166.35,200,300,3150900
MARUTI-I.NFO,07/01/2020,09:29:55,7166.35,7162.6,100,7165.95,100,100,3150900
MARUTI-I.NFO,07/01/2020,09:29:56,7166.35,7162.6,100,7166.4,200,0,3150900
MARUTI-I.NFO,07/01/2020,09:29:57,7166.35,7162.95,100,7166.4,200,0,3150900
MARUTI-I.NFO,07/01/2020,09:29:58,7166.35,7163.35,100,7166.4,100,0,3150900
MARUTI-I.NFO,07/01/2020,09:29:59,7166.35,7163.5,100,7166.4,100,0,3150900
MARUTI-I.NFO,07/01/2020,09:30:00,7166.35,7164.5,100,7166.4,100,0,3150900
MARUTI-I.NFO,07/01/2020,09:30:01,7164.65,7164.55,100,7166.35,100,300,3150900
MARUTI-I.NFO,07/01/2020,09:30:02,7166.5,7166.55,100,7168.25,200,200,3150900
MARUTI-I.NFO,07/01/2020,09:30:04,7168.25,7166.3,200,7168.25,100,100,3150900
MARUTI-I.NFO,07/01/2020,09:30:05,7168.25,7166.1,100,7168.25,100,0,3150900
MARUTI-I.NFO,07/01/2020,09:30:06,7168.25,7166.95,100,7168.25,100,0,3150900
MARUTI-I.NFO,07/01/2020,09:30:06,7168.25,7166.45,100,7168.25,100,0,3150900
MARUTI-I.NFO,07/01/2020,09:30:08,7168.25,7165.85,100,7168.15,100,0,3150900
MARUTI-I.NFO,07/01/2020,09:30:09,7168.25,7165.95,100,7168.2,100,0,3150900
MARUTI-I.NFO,07/01/2020,09:30:10,7168.25,7166.75,100,7168.25,100,0,3150900
MARUTI-I.NFO,07/01/2020,09:30:11,7168.25,7167.65,100,7170,200,100,3150900
MARUTI-I.NFO,07/01/2020,09:30:13,7168.25,7167.85,100,7170,200,0,3150900
MARUTI-I.NFO,07/01/2020,09:30:14,7168.25,7167.9,100,7170,200,0,3150900
MARUTI-I.NFO,07/01/2020,09:30:15,7170,7167.9,100,7170.3,200,200,3150900
MARUTI-I.NFO,07/01/2020,09:30:16,7170.1,7168.4,100,7171.35,100,100,3150900
MARUTI-I.NFO,07/01/2020,09:30:17,7170.1,7167.9,100,7170.35,100,0,3150900
MARUTI-I.NFO,07/01/2020,09:30:17,7170.1,7168.2,100,7170.95,100,0,3150900
MARUTI-I.NFO,07/01/2020,09:30:19,7170.1,7168.25,200,7170.65,100,0,3150900
MARUTI-I.NFO,07/01/2020,09:30:20,7167.9,7167.9,100,7169.75,100,100,3150900
MARUTI-I.NFO,07/01/2020,09:30:21,7167.9,7167.85,100,7169.75,100,0,3150900
MARUTI-I.NFO,07/01/2020,09:30:22,7167.9,7167.9,100,7170.35,200,0,3150900
MARUTI-I.NFO,07/01/2020,09:30:23,7167.9,7168,200,7170.35,200,0,3150900
MARUTI-I.NFO,07/01/2020,09:30:25,7167.9,7169.35,100,7171.35,100,0,3150900
MARUTI-I.NFO,07/01/2020,09:30:26,7167.9,7169.35,100,7171.15,100,0,3150900
MARUTI-I.NFO,07/01/2020,09:30:27,7167.9,7169.35,100,7171.35,100,0,3150900
MARUTI-I.NFO,07/01/2020,09:30:28,7167.9,7169.45,100,7171.35,200,0,3150900
MARUTI-I.NFO,07/01/2020,09:30:29,7167.9,7169.6,100,7171.3,200,0,3150900
MARUTI-I.NFO,07/01/2020,09:30:30,7167.9,7169.45,100,7171.15,100,0,3150900
MARUTI-I.NFO,07/01/2020,09:30:31,7167.9,7169.6,100,7171.3,100,0,3150900
MARUTI-I.NFO,07/01/2020,09:30:31,7167.9,7169.75,100,7171.3,100,0,3150900
MARUTI-I.NFO,07/01/2020,09:30:33,7167.9,7169.9,100,7171.3,100,0,3150900
MARUTI-I.NFO,07/01/2020,09:30:34,7171.6,7169.4,300,7173,200,200,3150900
MARUTI-I.NFO,07/01/2020,09:30:35,7172.65,7170.65,200,7172.75,100,100,3150900
MARUTI-I.NFO,07/01/2020,09:30:36,7172.65,7170.9,200,7173.15,100,0,3150900
MARUTI-I.NFO,07/01/2020,09:30:37,7170.9,7168.75,200,7170.95,100,200,3150900
MARUTI-I.NFO,07/01/2020,09:30:38,7170.9,7169.25,200,7171.65,100,0,3150900
MARUTI-I.NFO,07/01/2020,09:30:39,7170.9,7169.7,200,7172,100,0,3150900
MARUTI-I.NFO,07/01/2020,09:30:40,7170.9,7169.8,200,7172.3,100,0,3150900
MARUTI-I.NFO,07/01/2020,09:30:41,7170.9,7168.3,300,7170.9,200,0,3150900
MARUTI-I.NFO,07/01/2020,09:30:42,7170.9,7168.6,300,7170.8,100,0,3150900
MARUTI-I.NFO,07/01/2020,09:30:43,7170.9,7168.6,200,7170.8,100,0,3150900
MARUTI-I.NFO,07/01/2020,09:30:44,7170.9,7170.45,300,7173.35,100,200,3150900
MARUTI-I.NFO,07/01/2020,09:30:45,7173.35,7170.8,200,7173.6,100,100,3150900
MARUTI-I.NFO,07/01/2020,09:30:47,7173.35,7169.55,200,7172.6,200,0,3150900
MARUTI-I.NFO,07/01/2020,09:30:48,7173.35,7169.55,200,7172.35,100,0,3150900
MARUTI-I.NFO,07/01/2020,09:30:49,7173.35,7170.45,200,7173,100,0,3150900
MARUTI-I.NFO,07/01/2020,09:30:50,7173.35,7171,200,7173.95,100,0,3150900
MARUTI-I.NFO,07/01/2020,09:30:50,7173.35,7171,200,7173.4,100,0,3150900
MARUTI-I.NFO,07/01/2020,09:30:51,7173.35,7171,200,7173.8,200,0,3150900
MARUTI-I.NFO,07/01/2020,09:30:52,7171,7169.3,300,7172.35,100,100,3150900
MARUTI-I.NFO,07/01/2020,09:30:53,7171,7171.7,200,7173.85,100,0,3150900
MARUTI-I.NFO,07/01/2020,09:30:54,7171,7171.7,200,7173.75,200,0,3150900
MARUTI-I.NFO,07/01/2020,09:30:59,7171,7171.75,300,7173.75,200,0,3150900
MARUTI-I.NFO,07/01/2020,09:31:00,7172.85,7172.85,200,7174.45,100,500,3150900
MARUTI-I.NFO,07/01/2020,09:31:01,7174.45,7173.3,300,7173.85,100,200,3150900
MARUTI-I.NFO,07/01/2020,09:31:03,7174.45,7173.3,300,7173.85,100,0,3150900
MARUTI-I.NFO,07/01/2020,09:31:04,7173.3,7173.3,200,7174.45,200,100,3150900
MARUTI-I.NFO,07/01/2020,09:31:05,7173.3,7173.3,200,7174.45,200,0,3150900
MARUTI-I.NFO,07/01/2020,09:31:06,7174.45,7173.85,200,7176.95,100,200,3150900
MARUTI-I.NFO,07/01/2020,09:31:07,7174.45,7173.85,200,7177.15,300,0,3150900
MARUTI-I.NFO,07/01/2020,09:31:08,7174.45,7173.85,200,7176.95,200,0,3150900
MARUTI-I.NFO,07/01/2020,09:31:09,7174.45,7174.75,100,7177.75,200,0,3150900
MARUTI-I.NFO,07/01/2020,09:31:10,7174.8,7174.2,200,7177.45,100,100,3150900
MARUTI-I.NFO,07/01/2020,09:31:11,7177.3,7176.75,200,7178.75,200,100,3150900
MARUTI-I.NFO,07/01/2020,09:31:12,7176.75,7176.75,100,7178.6,100,100,3150900
MARUTI-I.NFO,07/01/2020,09:31:13,7176.75,7174.35,100,7177.35,100,200,3150900
MARUTI-I.NFO,07/01/2020,09:31:14,7177.55,7175.45,100,7178.8,200,300,3150900
MARUTI-I.NFO,07/01/2020,09:31:16,7177.55,7176.45,100,7178.8,100,0,3150900
MARUTI-I.NFO,07/01/2020,09:31:18,7177.55,7175.65,100,7178.6,100,0,3150900
MARUTI-I.NFO,07/01/2020,09:31:19,7177.55,7175.8,100,7178.6,100,0,3150900
MARUTI-I.NFO,07/01/2020,09:31:20,7177.55,7176.45,100,7178.7,100,0,3150900
MARUTI-I.NFO,07/01/2020,09:31:21,7176.45,7175.15,100,7178.6,300,100,3150900
MARUTI-I.NFO,07/01/2020,09:31:21,7176.45,7175.15,100,7178.6,300,0,3150900
MARUTI-I.NFO,07/01/2020,09:31:22,7176.45,7175.6,100,7178.3,100,0,3150900
MARUTI-I.NFO,07/01/2020,09:31:23,7175.6,7175.05,100,7176,100,100,3150900
MARUTI-I.NFO,07/01/2020,09:31:24,7175.6,7175.05,100,7176,100,0,3150900
MARUTI-I.NFO,07/01/2020,09:31:30,7176,7175.2,200,7177.95,100,100,3150900
MARUTI-I.NFO,07/01/2020,09:31:31,7176,7175,200,7177.6,100,0,3150900
MARUTI-I.NFO,07/01/2020,09:31:32,7176,7175,200,7177.95,200,0,3150900
MARUTI-I.NFO,07/01/2020,09:31:35,7176,7175.1,100,7177.75,300,0,3150900
MARUTI-I.NFO,07/01/2020,09:31:39,7177.75,7175.1,100,7177.7,100,100,3150900
MARUTI-I.NFO,07/01/2020,09:31:40,7177.75,7175.45,100,7177.7,100,0,3150900
MARUTI-I.NFO,07/01/2020,09:31:41,7177.75,7175.2,300,7177.7,100,0,3150900
MARUTI-I.NFO,07/01/2020,09:31:42,7175.7,7175.4,100,7178.15,100,600,3150900
MARUTI-I.NFO,07/01/2020,09:31:43,7175.7,7175.45,100,7177.9,100,0,3150900
MARUTI-I.NFO,07/01/2020,09:31:43,7175.7,7175.5,100,7178.2,200,0,3150900
MARUTI-I.NFO,07/01/2020,09:31:45,7175.7,7175.85,100,7178.3,100,0,3150900
MARUTI-I.NFO,07/01/2020,09:31:46,7175.7,7176.05,100,7178.65,100,0,3150900
MARUTI-I.NFO,07/01/2020,09:31:47,7175.7,7176.3,100,7178.65,100,0,3150900
MARUTI-I.NFO,07/01/2020,09:31:48,7175.7,7176.25,100,7178.55,200,0,3150900
MARUTI-I.NFO,07/01/2020,09:31:49,7175.7,7176.3,100,7178.55,100,0,3150900
MARUTI-I.NFO,07/01/2020,09:31:50,7175.7,7176.65,100,7178.75,100,0,3150900
MARUTI-I.NFO,07/01/2020,09:31:52,7175.7,7176.6,100,7178.75,100,0,3150900
MARUTI-I.NFO,07/01/2020,09:31:54,7175.7,7176.65,100,7178.75,100,0,3150900
MARUTI-I.NFO,07/01/2020,09:31:55,7176.65,7176.7,100,7178,100,200,3150900
MARUTI-I.NFO,07/01/2020,09:31:56,7178.8,7177.8,100,7179.75,100,500,3150900
MARUTI-I.NFO,07/01/2020,09:31:57,7176.95,7176.85,100,7179.55,100,100,3150900
MARUTI-I.NFO,07/01/2020,09:31:58,7176.95,7175.3,100,7179.6,100,0,3150900
MARUTI-I.NFO,07/01/2020,09:31:59,7176.95,7177.05,100,7179.55,100,0,3150900
MARUTI-I.NFO,07/01/2020,09:32:01,7177.65,7177.25,300,7179.7,100,100,3150900
MARUTI-I.NFO,07/01/2020,09:32:02,7179.75,7177.45,100,7180,900,300,3150900
MARUTI-I.NFO,07/01/2020,09:32:03,7180,7177.85,200,7180,300,500,3150900
MARUTI-I.NFO,07/01/2020,09:32:03,7180,7177.85,200,7180,200,100,3150900
MARUTI-I.NFO,07/01/2020,09:32:04,7180,7178.45,100,7180,100,100,3150900
MARUTI-I.NFO,07/01/2020,09:32:05,7180,7179,100,7181,300,100,3150900
MARUTI-I.NFO,07/01/2020,09:32:06,7181,7178.45,100,7181,200,100,3150900
MARUTI-I.NFO,07/01/2020,09:32:07,7181,7178.45,100,7180.55,100,0,3150900
MARUTI-I.NFO,07/01/2020,09:32:11,7178.5,7175.5,100,7179.65,100,600,3150900
MARUTI-I.NFO,07/01/2020,09:32:12,7179.7,7176.45,100,7179.3,100,100,3150900
MARUTI-I.NFO,07/01/2020,09:32:13,7179.7,7175.2,100,7179.55,100,0,3150900
MARUTI-I.NFO,07/01/2020,09:32:14,7179.7,7176.65,200,7179.75,100,0,3150900
MARUTI-I.NFO,07/01/2020,09:32:15,7179.7,7176.8,100,7180.4,200,0,3150900
MARUTI-I.NFO,07/01/2020,09:32:16,7178,7177.15,100,7180.3,100,100,3152200
MARUTI-I.NFO,07/01/2020,09:32:17,7178,7176.05,200,7179.45,100,0,3152200
MARUTI-I.NFO,07/01/2020,09:32:18,7178,7176.05,100,7179.55,100,0,3152200
MARUTI-I.NFO,07/01/2020,09:32:19,7178,7176.45,200,7179.3,100,0,3152200
MARUTI-I.NFO,07/01/2020,09:32:21,7178,7177.4,100,7179.3,100,0,3152200
MARUTI-I.NFO,07/01/2020,09:32:22,7179.3,7177.8,100,7180,400,100,3152200
MARUTI-I.NFO,07/01/2020,09:32:22,7180,7178.2,100,7180,200,200,3152200
MARUTI-I.NFO,07/01/2020,09:32:23,7180,7178.45,100,7180,200,0,3152200
MARUTI-I.NFO,07/01/2020,09:32:24,7180.95,7178.85,100,7181,300,300,3152200
MARUTI-I.NFO,07/01/2020,09:32:25,7180.95,7179.05,100,7181,300,0,3152200
MARUTI-I.NFO,07/01/2020,09:32:27,7180.95,7179.05,100,7180.95,100,0,3152200
MARUTI-I.NFO,07/01/2020,09:32:28,7180.95,7179.45,100,7180.95,100,0,3152200
MARUTI-I.NFO,07/01/2020,09:32:32,7180.95,7178.1,100,7180.8,100,0,3152200
MARUTI-I.NFO,07/01/2020,09:32:33,7179.45,7178,100,7180.55,100,100,3152200
MARUTI-I.NFO,07/01/2020,09:32:34,7179.45,7178.2,100,7180.95,100,0,3152200
MARUTI-I.NFO,07/01/2020,09:32:35,7179.45,7178,200,7180,100,0,3152200
MARUTI-I.NFO,07/01/2020,09:32:38,7179.45,7178.05,100,7180,100,0,3152200
MARUTI-I.NFO,07/01/2020,09:32:39,7179.45,7178.25,100,7180,100,0,3152200
MARUTI-I.NFO,07/01/2020,09:32:41,7179.45,7178.45,100,7180,100,0,3152200
MARUTI-I.NFO,07/01/2020,09:32:43,7179.45,7178.45,200,7180,100,0,3152200
MARUTI-I.NFO,07/01/2020,09:32:44,7179.45,7178.45,100,7180,100,0,3152200
MARUTI-I.NFO,07/01/2020,09:32:46,7179.45,7178.65,100,7180,100,0,3152200
MARUTI-I.NFO,07/01/2020,09:32:47,7180,7178.85,100,7180.9,100,100,3152200
MARUTI-I.NFO,07/01/2020,09:32:49,7180,7178.45,100,7180.9,100,0,3152200
MARUTI-I.NFO,07/01/2020,09:32:50,7180,7178.2,100,7180.95,100,0,3152200
MARUTI-I.NFO,07/01/2020,09:32:51,7180,7178.4,100,7180.95,100,0,3152200
MARUTI-I.NFO,07/01/2020,09:32:52,7180,7178.4,100,7180.9,100,0,3152200
MARUTI-I.NFO,07/01/2020,09:32:53,7180,7178.25,100,7180.95,100,0,3152200
MARUTI-I.NFO,07/01/2020,09:32:54,7178,7176.1,100,7179.4,100,500,3152200
MARUTI-I.NFO,07/01/2020,09:32:55,7178,7176.2,100,7179.55,100,0,3152200
MARUTI-I.NFO,07/01/2020,09:32:56,7178,7176.15,100,7178.95,100,0,3152200
MARUTI-I.NFO,07/01/2020,09:32:59,7178,7176.4,100,7179.85,200,0,3152200
MARUTI-I.NFO,07/01/2020,09:33:01,7178,7177.65,100,7179.95,100,0,3152200
MARUTI-I.NFO,07/01/2020,09:33:02,7177.65,7176.1,100,7179.85,100,100,3152200
MARUTI-I.NFO,07/01/2020,09:33:03,7177.65,7176.65,100,7179.7,100,0,3152200
MARUTI-I.NFO,07/01/2020,09:33:04,7177.65,7177.05,100,7179.7,100,0,3152200
MARUTI-I.NFO,07/01/2020,09:33:05,7177.05,7175,100,7176.95,100,100,3152200
MARUTI-I.NFO,07/01/2020,09:33:06,7176.75,7175,100,7177.95,100,100,3152200
MARUTI-I.NFO,07/01/2020,09:33:07,7176.75,7175,100,7177.95,100,0,3152200
MARUTI-I.NFO,07/01/2020,09:33:08,7176.75,7175,100,7177.55,100,0,3152200
MARUTI-I.NFO,07/01/2020,09:33:09,7176.75,7175.65,100,7178,500,0,3152200
MARUTI-I.NFO,07/01/2020,09:33:12,7176.75,7175.15,100,7178,500,0,3152200
MARUTI-I.NFO,07/01/2020,09:33:13,7176.75,7175.25,100,7177.95,100,0,3152200
MARUTI-I.NFO,07/01/2020,09:33:14,7176.75,7175,100,7177.55,100,0,3152200
MARUTI-I.NFO,07/01/2020,09:33:16,7176.75,7175,100,7177.4,100,0,3152200
MARUTI-I.NFO,07/01/2020,09:33:17,7176.75,7175,100,7176.75,100,0,3152200
MARUTI-I.NFO,07/01/2020,09:33:17,7176.75,7175,100,7176.6,100,0,3152200
MARUTI-I.NFO,07/01/2020,09:33:18,7176.75,7175,100,7177.15,100,0,3152200
MARUTI-I.NFO,07/01/2020,09:33:20,7174,7172.5,100,7175.5,100,200,3152200
MARUTI-I.NFO,07/01/2020,09:33:21,7174,7172.5,100,7175.35,100,0,3152200
MARUTI-I.NFO,07/01/2020,09:33:22,7174,7172.4,100,7174.75,100,0,3152200
MARUTI-I.NFO,07/01/2020,09:33:23,7174,7172.4,100,7174.65,100,0,3152200
MARUTI-I.NFO,07/01/2020,09:33:24,7174,7172.4,100,7174.75,100,0,3152200
MARUTI-I.NFO,07/01/2020,09:33:25,7174,7172.4,100,7174.7,100,0,3152200
MARUTI-I.NFO,07/01/2020,09:33:27,7174,7172.45,100,7174.7,100,0,3152200
MARUTI-I.NFO,07/01/2020,09:33:28,7174,7172.4,100,7174.7,100,0,3152200
MARUTI-I.NFO,07/01/2020,09:33:30,7174,7173.8,100,7175,100,0,3152200
MARUTI-I.NFO,07/01/2020,09:33:31,7174,7172.25,100,7174.95,200,0,3152200
MARUTI-I.NFO,07/01/2020,09:33:32,7174,7173.55,100,7175,100,0,3152200
MARUTI-I.NFO,07/01/2020,09:33:35,7174,7173.8,100,7175,100,0,3152200
MARUTI-I.NFO,07/01/2020,09:33:37,7173.8,7172.4,100,7174.95,200,100,3152200
MARUTI-I.NFO,07/01/2020,09:33:38,7173.8,7172.4,100,7174.95,100,0,3152200
MARUTI-I.NFO,07/01/2020,09:33:39,7173.8,7172.3,100,7174.95,100,0,3152200
MARUTI-I.NFO,07/01/2020,09:33:42,7173.8,7172.3,100,7174.95,200,0,3152200
MARUTI-I.NFO,07/01/2020,09:33:44,7176.45,7172.85,100,7176.05,100,100,3152200
MARUTI-I.NFO,07/01/2020,09:33:45,7176.45,7172.85,100,7176.05,100,0,3152200
MARUTI-I.NFO,07/01/2020,09:33:46,7176.45,7173.1,100,7176.05,100,0,3152200
MARUTI-I.NFO,07/01/2020,09:33:47,7176.45,7173.1,100,7175.85,100,0,3152200
MARUTI-I.NFO,07/01/2020,09:33:49,7176.45,7173.25,100,7175.75,100,0,3152200
MARUTI-I.NFO,07/01/2020,09:33:50,7176.45,7173.2,100,7176.7,100,0,3152200
MARUTI-I.NFO,07/01/2020,09:33:51,7176.45,7173.6,100,7176.35,100,0,3152200
MARUTI-I.NFO,07/01/2020,09:33:52,7176.35,7175,200,7177.5,100,100,3152200
MARUTI-I.NFO,07/01/2020,09:33:53,7176.35,7175,200,7177.5,100,0,3152200
MARUTI-I.NFO,07/01/2020,09:33:54,7176.35,7175.4,200,7177.5,100,0,3152200
MARUTI-I.NFO,07/01/2020,09:33:56,7176.35,7175.6,100,7177.5,100,0,3152200
MARUTI-I.NFO,07/01/2020,09:33:57,7176.35,7175.1,100,7177.5,100,0,3152200
MARUTI-I.NFO,07/01/2020,09:33:58,7176.35,7175.2,100,7177.5,100,0,3152200
MARUTI-I.NFO,07/01/2020,09:33:59,7176.35,7175.35,100,7177.5,100,0,3152200
MARUTI-I.NFO,07/01/2020,09:34:00,7176.35,7176.1,100,7177.5,100,0,3152200
MARUTI-I.NFO,07/01/2020,09:34:01,7176.35,7176.15,200,7177.5,100,0,3152200
MARUTI-I.NFO,07/01/2020,09:34:02,7177.5,7176.2,100,7177.95,100,100,3152200
MARUTI-I.NFO,07/01/2020,09:34:03,7176.45,7176.4,100,7177.95,100,100,3152200
MARUTI-I.NFO,07/01/2020,09:34:04,7178,7175.15,100,7178,500,200,3152200
MARUTI-I.NFO,07/01/2020,09:34:05,7178,7175.3,100,7178,400,0,3152200
MARUTI-I.NFO,07/01/2020,09:34:06,7178,7175.3,100,7177.95,100,0,3152200
MARUTI-I.NFO,07/01/2020,09:34:07,7178,7175.55,100,7178,400,0,3152200
MARUTI-I.NFO,07/01/2020,09:34:11,7178,7175.3,100,7177.85,100,0,3152200
MARUTI-I.NFO,07/01/2020,09:34:12,7178,7175.4,100,7178,400,0,3152200
MARUTI-I.NFO,07/01/2020,09:34:13,7178,7175.5,100,7178,400,0,3152200
MARUTI-I.NFO,07/01/2020,09:34:14,7178,7175.65,100,7178,400,0,3152200
MARUTI-I.NFO,07/01/2020,09:34:15,7178,7175.4,100,7177.75,100,0,3152200
MARUTI-I.NFO,07/01/2020,09:34:17,7178,7175.45,100,7177.35,200,0,3152200
MARUTI-I.NFO,07/01/2020,09:34:18,7178,7175.5,100,7177.35,100,0,3152200
MARUTI-I.NFO,07/01/2020,09:34:19,7174.35,7172,100,7175.75,100,400,3152200
MARUTI-I.NFO,07/01/2020,09:34:20,7176.15,7172.2,100,7176,100,100,3152200
MARUTI-I.NFO,07/01/2020,09:34:22,7176.15,7172.2,100,7176.35,300,0,3152200
MARUTI-I.NFO,07/01/2020,09:34:23,7176.35,7173.05,100,7177,100,100,3152200
MARUTI-I.NFO,07/01/2020,09:34:24,7176.35,7172.8,100,7176.75,100,0,3152200
MARUTI-I.NFO,07/01/2020,09:34:25,7176.35,7173.2,100,7176.55,100,0,3152200
MARUTI-I.NFO,07/01/2020,09:34:26,7176.35,7172.05,100,7175.95,100,0,3152200
MARUTI-I.NFO,07/01/2020,09:34:26,7176.35,7171.6,100,7174.75,100,0,3152200
MARUTI-I.NFO,07/01/2020,09:34:27,7176.35,7171.6,100,7174.15,200,0,3152200
MARUTI-I.NFO,07/01/2020,09:34:28,7172.2,7172.05,100,7175.25,100,500,3152200
MARUTI-I.NFO,07/01/2020,09:34:29,7172.2,7171.6,100,7174.75,100,0,3152200
MARUTI-I.NFO,07/01/2020,09:34:30,7172.2,7172.15,100,7174.75,100,0,3152200
MARUTI-I.NFO,07/01/2020,09:34:31,7172.2,7172.1,100,7174.35,100,0,3152200
MARUTI-I.NFO,07/01/2020,09:34:34,7172.2,7172.1,100,7173.75,100,0,3152200
MARUTI-I.NFO,07/01/2020,09:34:35,7172.1,7170,200,7171.4,100,100,3152200
MARUTI-I.NFO,07/01/2020,09:34:36,7172.1,7170,200,7171.75,100,0,3152200
MARUTI-I.NFO,07/01/2020,09:34:37,7172.1,7170,200,7172.95,100,0,3152200
MARUTI-I.NFO,07/01/2020,09:34:38,7172.1,7170.05,100,7172.95,100,0,3152200
MARUTI-I.NFO,07/01/2020,09:34:39,7172.1,7170.25,100,7174.45,100,0,3152200
MARUTI-I.NFO,07/01/2020,09:34:41,7172.1,7170.35,200,7174.15,100,0,3152200
MARUTI-I.NFO,07/01/2020,09:34:42,7172.1,7170.1,100,7173.35,100,0,3152200
MARUTI-I.NFO,07/01/2020,09:34:43,7172.1,7170.05,100,7173.35,100,0,3152200
MARUTI-I.NFO,07/01/2020,09:34:44,7172.1,7170,200,7172.95,100,0,3152200
MARUTI-I.NFO,07/01/2020,09:34:46,7172.1,7172,100,7174.15,100,0,3152200
MARUTI-I.NFO,07/01/2020,09:34:47,7172.1,7172,100,7173.55,100,0,3152200
MARUTI-I.NFO,07/01/2020,09:34:49,7172.1,7172,100,7173.95,100,0,3152200
MARUTI-I.NFO,07/01/2020,09:34:50,7172,7170.35,100,7173.75,200,100,3152200
MARUTI-I.NFO,07/01/2020,09:34:51,7170.3,7170.75,100,7174.75,200,200,3152200
MARUTI-I.NFO,07/01/2020,09:34:52,7170.3,7170.6,100,7174.55,100,0,3152200
MARUTI-I.NFO,07/01/2020,09:34:53,7170.3,7170.55,100,7174.15,200,0,3152200
MARUTI-I.NFO,07/01/2020,09:34:54,7170.3,7170.55,100,7173.15,100,0,3152200
MARUTI-I.NFO,07/01/2020,09:34:55,7170.3,7170.55,100,7172.75,100,0,3152200
MARUTI-I.NFO,07/01/2020,09:34:59,7170.3,7170.95,100,7173.85,100,0,3152200
MARUTI-I.NFO,07/01/2020,09:35:00,7170.3,7170.4,100,7173.85,100,0,3152200
MARUTI-I.NFO,07/01/2020,09:35:01,7170.3,7171.7,100,7175,200,0,3152200
MARUTI-I.NFO,07/01/2020,09:35:02,7170.95,7170.9,100,7174.75,200,100,3152200
MARUTI-I.NFO,07/01/2020,09:35:03,7170.95,7170.75,100,7174.75,100,0,3152200
MARUTI-I.NFO,07/01/2020,09:35:04,7170.95,7170.45,100,7174.75,100,0,3152200
MARUTI-I.NFO,07/01/2020,09:35:05,7174.65,7170.35,100,7174.65,100,200,3152200
MARUTI-I.NFO,07/01/2020,09:35:06,7170.75,7170.9,100,7174.6,100,100,3152200
MARUTI-I.NFO,07/01/2020,09:35:07,7170.75,7171.05,100,7174.6,100,0,3152200
MARUTI-I.NFO,07/01/2020,09:35:08,7170.75,7170.95,100,7174.15,100,0,3152200
MARUTI-I.NFO,07/01/2020,09:35:09,7170.75,7170.2,100,7173.75,100,0,3152200
MARUTI-I.NFO,07/01/2020,09:35:11,7170.75,7170.3,100,7173.75,100,0,3152200
MARUTI-I.NFO,07/01/2020,09:35:12,7170.75,7170.3,200,7173.75,100,0,3152200
MARUTI-I.NFO,07/01/2020,09:35:14,7170.75,7170.35,100,7173.75,100,0,3152200
MARUTI-I.NFO,07/01/2020,09:35:15,7172,7170.65,100,7173.9,100,100,3153100
MARUTI-I.NFO,07/01/2020,09:35:16,7172,7170.75,100,7173.95,100,0,3153100
MARUTI-I.NFO,07/01/2020,09:35:17,7172,7171.25,100,7174,100,0,3153100
MARUTI-I.NFO,07/01/2020,09:35:18,7172,7170.9,100,7174,100,0,3153100
MARUTI-I.NFO,07/01/2020,09:35:19,7172,7171.1,100,7174,100,0,3153100
MARUTI-I.NFO,07/01/2020,09:35:20,7172,7170.75,100,7173.95,100,0,3153100
MARUTI-I.NFO,07/01/2020,09:35:21,7172,7170.75,100,7173.55,100,0,3153100
MARUTI-I.NFO,07/01/2020,09:35:22,7172,7170.75,100,7173.35,100,0,3153100
MARUTI-I.NFO,07/01/2020,09:35:23,7172,7170.85,100,7173,200,0,3153100
MARUTI-I.NFO,07/01/2020,09:35:24,7172.95,7170.85,100,7173,200,200,3153100
MARUTI-I.NFO,07/01/2020,09:35:25,7170,7170.85,100,7172.15,100,600,3153100
MARUTI-I.NFO,07/01/2020,09:35:26,7170.85,7170,100,7170.85,100,100,3153100
MARUTI-I.NFO,07/01/2020,09:35:28,7170,7168.45,100,7172.15,300,100,3153100
MARUTI-I.NFO,07/01/2020,09:35:28,7170,7168.55,100,7172.15,300,0,3153100
MARUTI-I.NFO,07/01/2020,09:35:30,7170,7168.5,100,7171.6,200,0,3153100
MARUTI-I.NFO,07/01/2020,09:35:32,7168.5,7167.7,100,7169.75,100,100,3153100
MARUTI-I.NFO,07/01/2020,09:35:33,7168.5,7167.7,100,7169.75,100,0,3153100
MARUTI-I.NFO,07/01/2020,09:35:37,7168.5,7167.7,100,7169.65,100,0,3153100
MARUTI-I.NFO,07/01/2020,09:35:39,7167.7,7167.4,100,7170.95,400,100,3153100
MARUTI-I.NFO,07/01/2020,09:35:40,7167.7,7167.45,100,7169.95,100,0,3153100
MARUTI-I.NFO,07/01/2020,09:35:41,7167.7,7167.45,100,7169.65,100,0,3153100
MARUTI-I.NFO,07/01/2020,09:35:42,7169,7167.45,100,7169.4,100,100,3153100
MARUTI-I.NFO,07/01/2020,09:35:44,7164.3,7164.3,400,7165,100,600,3153100
MARUTI-I.NFO,07/01/2020,09:35:45,7165,7164.3,400,7166.75,100,100,3153100
MARUTI-I.NFO,07/01/2020,09:35:46,7167.7,7165.45,100,7168.8,100,200,3153100
MARUTI-I.NFO,07/01/2020,09:35:46,7167.7,7165.45,100,7168.4,100,0,3153100
MARUTI-I.NFO,07/01/2020,09:35:47,7165.45,7164.6,100,7168.35,100,100,3153100
MARUTI-I.NFO,07/01/2020,09:35:48,7165.45,7165.25,100,7169.2,100,0,3153100
MARUTI-I.NFO,07/01/2020,09:35:49,7165.45,7167.25,100,7170.25,100,0,3153100
MARUTI-I.NFO,07/01/2020,09:35:50,7165.45,7166.7,100,7170.75,100,0,3153100
MARUTI-I.NFO,07/01/2020,09:35:52,7165.45,7167.05,100,7170.55,100,0,3153100
MARUTI-I.NFO,07/01/2020,09:35:53,7165.45,7167,100,7170.9,100,0,3153100
MARUTI-I.NFO,07/01/2020,09:35:54,7165.45,7167.45,100,7170.95,200,0,3153100
MARUTI-I.NFO,07/01/2020,09:35:55,7165.45,7167.65,100,7170.95,100,0,3153100
MARUTI-I.NFO,07/01/2020,09:35:55,7165.45,7167.85,100,7170.95,100,0,3153100
MARUTI-I.NFO,07/01/2020,09:35:56,7165.45,7167.2,200,7170,200,0,3153100
MARUTI-I.NFO,07/01/2020,09:35:57,7165.45,7167.5,100,7170,200,0,3153100
MARUTI-I.NFO,07/01/2020,09:35:58,7165.45,7166.9,100,7170,200,0,3153100
MARUTI-I.NFO,07/01/2020,09:35:59,7165.45,7166.95,200,7170,200,0,3153100
MARUTI-I.NFO,07/01/2020,09:36:00,7165.45,7167.05,100,7169.8,100,0,3153100
MARUTI-I.NFO,07/01/2020,09:36:01,7167.05,7166.9,100,7169.8,100,100,3153100
MARUTI-I.NFO,07/01/2020,09:36:03,7167.05,7167.05,100,7169.8,100,0,3153100
MARUTI-I.NFO,07/01/2020,09:36:05,7167.05,7166.95,100,7169,100,0,3153100
MARUTI-I.NFO,07/01/2020,09:36:05,7167.05,7167,100,7169,100,0,3153100
MARUTI-I.NFO,07/01/2020,09:36:06,7167.05,7167.2,100,7169,100,0,3153100
MARUTI-I.NFO,07/01/2020,09:36:07,7167.05,7167,100,7169,100,0,3153100
MARUTI-I.NFO,07/01/2020,09:36:08,7167.05,7167.15,100,7169,100,0,3153100
MARUTI-I.NFO,07/01/2020,09:36:09,7167.15,7167.2,100,7169,100,100,3153100
MARUTI-I.NFO,07/01/2020,09:36:10,7169,7168.2,100,7169.9,100,200,3153100
MARUTI-I.NFO,07/01/2020,09:36:11,7169,7168.2,100,7169.9,100,0,3153100
MARUTI-I.NFO,07/01/2020,09:36:12,7169.15,7169,100,7171.6,300,400,3153100
MARUTI-I.NFO,07/01/2020,09:36:13,7169,7167.8,100,7171.55,100,100,3153100
MARUTI-I.NFO,07/01/2020,09:36:14,7168.2,7167.25,100,7171.55,100,100,3153100
MARUTI-I.NFO,07/01/2020,09:36:16,7167.35,7167.65,200,7171.55,200,100,3153100
MARUTI-I.NFO,07/01/2020,09:36:17,7167.35,7167.65,100,7170,200,0,3153100
MARUTI-I.NFO,07/01/2020,09:36:18,7168.5,7168.45,100,7171.95,100,400,3153100
MARUTI-I.NFO,07/01/2020,09:36:18,7168.5,7168.45,100,7171.95,100,0,3153100
MARUTI-I.NFO,07/01/2020,09:36:20,7168.5,7169.15,100,7171.9,100,0,3153100
MARUTI-I.NFO,07/01/2020,09:36:21,7168.5,7168.2,100,7171,100,0,3153100
MARUTI-I.NFO,07/01/2020,09:36:22,7168.5,7168.45,100,7171,100,0,3153100
MARUTI-I.NFO,07/01/2020,09:36:25,7168.5,7169.15,100,7171,100,0,3153100
MARUTI-I.NFO,07/01/2020,09:36:26,7168.5,7169.05,100,7171,100,0,3153100
MARUTI-I.NFO,07/01/2020,09:36:29,7168.5,7169.45,100,7171,100,0,3153100
MARUTI-I.NFO,07/01/2020,09:36:30,7169.45,7169.25,100,7171,100,100,3153100
MARUTI-I.NFO,07/01/2020,09:36:31,7171,7168.65,100,7171.9,100,100,3153100
MARUTI-I.NFO,07/01/2020,09:36:32,7171,7168.5,100,7171.9,100,0,3153100
MARUTI-I.NFO,07/01/2020,09:36:33,7171,7168.4,100,7171.9,100,0,3153100
MARUTI-I.NFO,07/01/2020,09:36:34,7171,7169.65,100,7172,100,0,3153100
MARUTI-I.NFO,07/01/2020,09:36:36,7171,7170,100,7172,100,0,3153100
MARUTI-I.NFO,07/01/2020,09:36:36,7171,7169,100,7172,100,100,3153100
MARUTI-I.NFO,07/01/2020,09:36:37,7169,7169.5,100,7172,100,100,3153100
MARUTI-I.NFO,07/01/2020,09:36:39,7169,7168.25,300,7172,200,0,3153100
MARUTI-I.NFO,07/01/2020,09:36:40,7169,7169.7,100,7171.95,100,0,3153100
MARUTI-I.NFO,07/01/2020,09:36:42,7169,7168.45,200,7171.95,100,0,3153100
MARUTI-I.NFO,07/01/2020,09:36:43,7169,7168.45,100,7171.95,100,0,3153100
MARUTI-I.NFO,07/01/2020,09:36:45,7169,7168.45,200,7171.85,100,0,3153100
MARUTI-I.NFO,07/01/2020,09:36:45,7169,7168.8,100,7171.75,200,0,3153100
MARUTI-I.NFO,07/01/2020,09:36:46,7169,7168.2,200,7171.75,200,0,3153100
MARUTI-I.NFO,07/01/2020,09:36:48,7169,7168.45,100,7171.75,200,0,3153100
MARUTI-I.NFO,07/01/2020,09:36:49,7169,7168.95,100,7171,100,0,3153100
MARUTI-I.NFO,07/01/2020,09:36:50,7171,7170.05,100,7171.95,100,100,3153100
MARUTI-I.NFO,07/01/2020,09:36:51,7169.15,7168.25,100,7171.75,100,300,3153100
MARUTI-I.NFO,07/01/2020,09:36:51,7169.15,7168.45,100,7171.8,100,0,3153100
MARUTI-I.NFO,07/01/2020,09:36:52,7169.15,7169.65,100,7171.95,100,0,3153100
MARUTI-I.NFO,07/01/2020,09:36:53,7169.15,7168.95,200,7171.9,100,0,3153100
MARUTI-I.NFO,07/01/2020,09:36:54,7169.15,7168.5,100,7171.8,100,0,3153100
MARUTI-I.NFO,07/01/2020,09:36:55,7169.15,7168.75,100,7171.85,100,0,3153100
MARUTI-I.NFO,07/01/2020,09:36:56,7169.15,7168.35,100,7171,100,0,3153100
MARUTI-I.NFO,07/01/2020,09:36:58,7169.15,7168.15,200,7171,100,0,3153100
MARUTI-I.NFO,07/01/2020,09:36:59,7169.15,7168.25,100,7171,100,0,3153100
MARUTI-I.NFO,07/01/2020,09:37:00,7169.15,7168.05,100,7170.95,100,0,3153100
MARUTI-I.NFO,07/01/2020,09:37:01,7169.15,7168,100,7170.55,200,0,3153100
MARUTI-I.NFO,07/01/2020,09:37:02,7169.15,7168,100,7168.9,100,0,3153100
MARUTI-I.NFO,07/01/2020,09:37:05,7169.15,7168,100,7168.45,100,0,3153100
MARUTI-I.NFO,07/01/2020,09:37:08,7168.45,7168,100,7170.9,200,100,3153100
MARUTI-I.NFO,07/01/2020,09:37:09,7168.45,7168,100,7170.15,200,0,3153100
MARUTI-I.NFO,07/01/2020,09:37:10,7168.45,7168,100,7169.7,100,0,3153100
MARUTI-I.NFO,07/01/2020,09:37:12,7169.7,7168,100,7170.75,200,100,3153100
MARUTI-I.NFO,07/01/2020,09:37:13,7169.7,7168,100,7170.55,100,0,3153100
MARUTI-I.NFO,07/01/2020,09:37:14,7169.7,7168.25,100,7171,100,0,3153100
MARUTI-I.NFO,07/01/2020,09:37:15,7169,7168.05,100,7169,100,100,3153100
MARUTI-I.NFO,07/01/2020,09:37:17,7168.05,7168,100,7169,100,100,3153100
MARUTI-I.NFO,07/01/2020,09:37:18,7168.05,7168,100,7169,100,0,3153100
MARUTI-I.NFO,07/01/2020,09:37:20,7169,7169,900,7170.95,100,100,3153100
MARUTI-I.NFO,07/01/2020,09:37:21,7169,7169,900,7170.95,100,0,3153100
MARUTI-I.NFO,07/01/2020,09:37:23,7168,7166.85,100,7168,100,1000,3153100
MARUTI-I.NFO,07/01/2020,09:37:24,7166.45,7166.4,200,7167.95,100,200,3153100
MARUTI-I.NFO,07/01/2020,09:37:24,7166.4,7166.05,100,7167.75,100,300,3153100
MARUTI-I.NFO,07/01/2020,09:37:25,7166.05,7165,100,7167.55,100,100,3153100
MARUTI-I.NFO,07/01/2020,09:37:26,7166.05,7165.75,100,7169.15,100,0,3153100
MARUTI-I.NFO,07/01/2020,09:37:27,7166.05,7165.5,800,7168.55,200,0,3153100
MARUTI-I.NFO,07/01/2020,09:37:29,7166.05,7165.6,100,7168.55,200,0,3153100
MARUTI-I.NFO,07/01/2020,09:37:31,7165.65,7165.5,800,7168.95,200,300,3153100
MARUTI-I.NFO,07/01/2020,09:37:32,7165.65,7165.5,800,7168.95,200,0,3153100
MARUTI-I.NFO,07/01/2020,09:37:33,7165.65,7165.5,800,7167.85,200,0,3153100
MARUTI-I.NFO,07/01/2020,09:37:33,7165.65,7165.5,800,7168.15,200,0,3153100
MARUTI-I.NFO,07/01/2020,09:37:34,7165.65,7165.5,800,7167.95,200,0,3153100
MARUTI-I.NFO,07/01/2020,09:37:35,7165.65,7165.5,800,7168.15,200,0,3153100
MARUTI-I.NFO,07/01/2020,09:37:36,7165.65,7165.5,800,7168.35,100,0,3153100
MARUTI-I.NFO,07/01/2020,09:37:37,7165.65,7165.5,800,7168,100,0,3153100
MARUTI-I.NFO,07/01/2020,09:37:39,7165.65,7166,100,7168,100,0,3153100
MARUTI-I.NFO,07/01/2020,09:37:42,7165.65,7166,100,7169.15,300,0,3153100
MARUTI-I.NFO,07/01/2020,09:37:44,7165.65,7165.5,800,7169.15,300,0,3153100
MARUTI-I.NFO,07/01/2020,09:37:47,7165.65,7165.5,800,7168.95,300,0,3153100
MARUTI-I.NFO,07/01/2020,09:37:48,7165.65,7166,100,7168.95,300,0,3153100
MARUTI-I.NFO,07/01/2020,09:37:53,7165.65,7166,100,7168.55,200,0,3153100
MARUTI-I.NFO,07/01/2020,09:37:54,7166,7165.65,100,7167.55,200,100,3153100
MARUTI-I.NFO,07/01/2020,09:37:55,7166,7165.65,100,7167.5,200,0,3153100
MARUTI-I.NFO,07/01/2020,09:37:56,7166,7165.65,100,7167.4,100,100,3153100
MARUTI-I.NFO,07/01/2020,09:37:57,7166,7165.65,100,7167.4,100,0,3153100
MARUTI-I.NFO,07/01/2020,09:37:58,7167.4,7165.65,100,7168.85,100,100,3153100
MARUTI-I.NFO,07/01/2020,09:37:59,7165.65,7165.5,800,7168,200,100,3153100
MARUTI-I.NFO,07/01/2020,09:38:01,7165.65,7165.5,800,7168.55,300,0,3153100
MARUTI-I.NFO,07/01/2020,09:38:02,7165.65,7165.5,800,7167.75,100,0,3153100
MARUTI-I.NFO,07/01/2020,09:38:04,7165.65,7166,200,7168.1,100,0,3153100
MARUTI-I.NFO,07/01/2020,09:38:05,7166.05,7166,100,7168.1,100,100,3153100
MARUTI-I.NFO,07/01/2020,09:38:06,7166.05,7166,100,7168.15,100,0,3153100
MARUTI-I.NFO,07/01/2020,09:38:07,7166.05,7166,100,7167.95,100,0,3153100
MARUTI-I.NFO,07/01/2020,09:38:08,7166.05,7166,100,7168.25,100,0,3153100
MARUTI-I.NFO,07/01/2020,09:38:11,7166.05,7166,100,7167.05,100,0,3153100
MARUTI-I.NFO,07/01/2020,09:38:13,7167.05,7166,100,7169.3,100,100,3153100
MARUTI-I.NFO,07/01/2020,09:38:14,7167.05,7166,100,7168.95,100,0,3153100
MARUTI-I.NFO,07/01/2020,09:38:16,7167.05,7166,100,7168.85,200,0,3153100
MARUTI-I.NFO,07/01/2020,09:38:17,7167.05,7166.45,100,7168.6,100,0,3153100
MARUTI-I.NFO,07/01/2020,09:38:18,7167.05,7166.65,100,7168.7,100,0,3153100
MARUTI-I.NFO,07/01/2020,09:38:20,7167.05,7166.7,100,7168.7,100,0,3153100
MARUTI-I.NFO,07/01/2020,09:38:21,7166.85,7166.65,100,7170.35,300,200,3153700
MARUTI-I.NFO,07/01/2020,09:38:22,7166.85,7166.85,100,7170.35,200,0,3153700
MARUTI-I.NFO,07/01/2020,09:38:23,7166.85,7166.75,100,7170.15,100,0,3153700
MARUTI-I.NFO,07/01/2020,09:38:24,7170.1,7167.15,100,7170.35,200,100,3153700
MARUTI-I.NFO,07/01/2020,09:38:26,7170.1,7166.65,100,7169.45,100,0,3153700
MARUTI-I.NFO,07/01/2020,09:38:27,7170.1,7166.85,100,7170.45,100,0,3153700
MARUTI-I.NFO,07/01/2020,09:38:28,7170.1,7166.75,100,7170,200,0,3153700
MARUTI-I.NFO,07/01/2020,09:38:29,7170.1,7166.7,100,7169.55,100,0,3153700
MARUTI-I.NFO,07/01/2020,09:38:30,7170.1,7166.65,100,7169.75,300,0,3153700
MARUTI-I.NFO,07/01/2020,09:38:31,7170.1,7166.75,100,7169.95,200,0,3153700
MARUTI-I.NFO,07/01/2020,09:38:31,7170.1,7166.75,100,7169.75,200,0,3153700
MARUTI-I.NFO,07/01/2020,09:38:32,7170.1,7166.65,100,7169.75,300,0,3153700
MARUTI-I.NFO,07/01/2020,09:38:33,7170.1,7166.85,100,7170.25,100,0,3153700
MARUTI-I.NFO,07/01/2020,09:38:34,7170.1,7166.85,100,7170.15,100,0,3153700
MARUTI-I.NFO,07/01/2020,09:38:35,7170.1,7166.85,100,7169.95,100,0,3153700
MARUTI-I.NFO,07/01/2020,09:38:36,7170.1,7166.85,100,7169.95,200,0,3153700
MARUTI-I.NFO,07/01/2020,09:38:37,7170.1,7166.75,100,7169.9,100,0,3153700
MARUTI-I.NFO,07/01/2020,09:38:38,7170.1,7166.7,100,7169.75,200,0,3153700
MARUTI-I.NFO,07/01/2020,09:38:39,7170.1,7166.8,100,7169.9,100,0,3153700
MARUTI-I.NFO,07/01/2020,09:38:41,7170.1,7166.7,100,7169.9,100,0,3153700
MARUTI-I.NFO,07/01/2020,09:38:42,7170.1,7166.95,100,7169.9,100,0,3153700
MARUTI-I.NFO,07/01/2020,09:38:43,7170.1,7166.75,100,7169.9,100,0,3153700
MARUTI-I.NFO,07/01/2020,09:38:43,7170.1,7166.75,100,7170,400,0,3153700
MARUTI-I.NFO,07/01/2020,09:38:44,7170.1,7167.25,100,7170,200,0,3153700
MARUTI-I.NFO,07/01/2020,09:38:45,7170.1,7167.65,100,7170,200,0,3153700
MARUTI-I.NFO,07/01/2020,09:38:46,7170.1,7167.15,100,7169.15,100,0,3153700
MARUTI-I.NFO,07/01/2020,09:38:48,7169.8,7167.2,100,7169.95,100,100,3153700
MARUTI-I.NFO,07/01/2020,09:38:49,7169.8,7167.15,100,7169.9,100,0,3153700
MARUTI-I.NFO,07/01/2020,09:38:50,7169.8,7167.85,100,7170,200,0,3153700
MARUTI-I.NFO,07/01/2020,09:38:52,7169.8,7166.8,100,7170,200,0,3153700
MARUTI-I.NFO,07/01/2020,09:38:53,7169.8,7167.85,100,7170,200,0,3153700
MARUTI-I.NFO,07/01/2020,09:38:54,7169.8,7167,200,7169.8,100,0,3153700
MARUTI-I.NFO,07/01/2020,09:38:56,7169.8,7167,200,7169.55,100,0,3153700
MARUTI-I.NFO,07/01/2020,09:38:57,7169.8,7167,200,7169.95,100,0,3153700
MARUTI-I.NFO,07/01/2020,09:38:58,7167,7167.05,100,7169.9,100,100,3153700
MARUTI-I.NFO,07/01/2020,09:38:59,7167,7167,100,7169.75,100,0,3153700
MARUTI-I.NFO,07/01/2020,09:39:03,7167,7167.05,100,7169.75,100,0,3153700
MARUTI-I.NFO,07/01/2020,09:39:04,7167.45,7167.1,100,7170,300,100,3153700
MARUTI-I.NFO,07/01/2020,09:39:05,7167.45,7167,100,7170,200,0,3153700
MARUTI-I.NFO,07/01/2020,09:39:06,7167.45,7167,100,7169.75,200,0,3153700
MARUTI-I.NFO,07/01/2020,09:39:07,7167.45,7167.4,100,7170,200,0,3153700
MARUTI-I.NFO,07/01/2020,09:39:08,7167.45,7167.05,100,7170,300,0,3153700
MARUTI-I.NFO,07/01/2020,09:39:10,7167.45,7167.05,100,7170,200,0,3153700
MARUTI-I.NFO,07/01/2020,09:39:11,7167.45,7167.05,200,7170,200,0,3153700
MARUTI-I.NFO,07/01/2020,09:39:12,7167.45,7167.2,100,7170,200,0,3153700
MARUTI-I.NFO,07/01/2020,09:39:13,7167.45,7167.7,100,7170,200,0,3153700
MARUTI-I.NFO,07/01/2020,09:39:14,7167.45,7167.75,100,7170,200,0,3153700
MARUTI-I.NFO,07/01/2020,09:39:15,7167.45,7168.05,200,7170,200,0,3153700
MARUTI-I.NFO,07/01/2020,09:39:18,7167.45,7167.15,300,7170,200,0,3153700
MARUTI-I.NFO,07/01/2020,09:39:19,7171,7169.45,100,7172.6,100,400,3153700
MARUTI-I.NFO,07/01/2020,09:39:20,7171,7169.5,100,7172.6,200,0,3153700
MARUTI-I.NFO,07/01/2020,09:39:21,7171,7169.1,100,7172.15,100,0,3153700
MARUTI-I.NFO,07/01/2020,09:39:22,7171,7168.3,100,7171.15,100,0,3153700
MARUTI-I.NFO,07/01/2020,09:39:23,7171,7168.3,100,7171,100,0,3153700
MARUTI-I.NFO,07/01/2020,09:39:24,7171,7168.9,100,7172.35,200,0,3153700
MARUTI-I.NFO,07/01/2020,09:39:25,7171,7168.4,300,7171.9,100,0,3153700
MARUTI-I.NFO,07/01/2020,09:39:26,7171,7168.4,100,7171.9,100,0,3153700
MARUTI-I.NFO,07/01/2020,09:39:28,7171,7168.4,100,7171.55,100,0,3153700
MARUTI-I.NFO,07/01/2020,09:39:29,7171,7168.45,100,7171.35,100,0,3153700
MARUTI-I.NFO,07/01/2020,09:39:30,7171,7168.75,100,7171.55,100,0,3153700
MARUTI-I.NFO,07/01/2020,09:39:31,7171,7168.2,200,7171.35,100,0,3153700
MARUTI-I.NFO,07/01/2020,09:39:32,7171,7167.8,100,7170,100,0,3153700
MARUTI-I.NFO,07/01/2020,09:39:34,7171,7167.6,100,7170,100,0,3153700
MARUTI-I.NFO,07/01/2020,09:39:35,7171,7167.55,100,7170,200,0,3153700
MARUTI-I.NFO,07/01/2020,09:39:36,7171,7167.95,100,7170,100,0,3153700
MARUTI-I.NFO,07/01/2020,09:39:37,7171,7167.4,100,7169.95,100,0,3153700
MARUTI-I.NFO,07/01/2020,09:39:39,7169,7168.05,100,7171.4,300,100,3153700
MARUTI-I.NFO,07/01/2020,09:39:39,7169,7168.4,100,7171.4,300,0,3153700
MARUTI-I.NFO,07/01/2020,09:39:40,7169,7168.4,100,7171.35,100,0,3153700
MARUTI-I.NFO,07/01/2020,09:39:41,7169,7167.35,100,7170.6,100,0,3153700
MARUTI-I.NFO,07/01/2020,09:39:42,7169,7167.85,100,7170.9,100,0,3153700
MARUTI-I.NFO,07/01/2020,09:39:43,7169,7167.75,100,7170.7,100,0,3153700
MARUTI-I.NFO,07/01/2020,09:39:44,7169,7168.1,100,7171,100,0,3153700
MARUTI-I.NFO,07/01/2020,09:39:45,7169,7167.9,100,7170.95,100,0,3153700
MARUTI-I.NFO,07/01/2020,09:39:46,7169,7167.6,100,7170.8,100,0,3153700
MARUTI-I.NFO,07/01/2020,09:39:47,7169,7169,200,7170.95,100,0,3153700
MARUTI-I.NFO,07/01/2020,09:39:49,7169,7169.15,100,7170.95,100,0,3153700
MARUTI-I.NFO,07/01/2020,09:39:51,7169,7169.05,100,7170.95,100,0,3153700
MARUTI-I.NFO,07/01/2020,09:39:52,7169.05,7169,100,7170.95,100,100,3153700
MARUTI-I.NFO,07/01/2020,09:39:53,7169.05,7169.05,100,7170.95,200,0,3153700
MARUTI-I.NFO,07/01/2020,09:39:56,7169.05,7169,100,7170.95,200,0,3153700
MARUTI-I.NFO,07/01/2020,09:39:57,7169.05,7169,100,7170.9,100,0,3153700
MARUTI-I.NFO,07/01/2020,09:39:58,7169.05,7169,100,7170.75,100,0,3153700
MARUTI-I.NFO,07/01/2020,09:40:00,7169.05,7169.05,100,7170.9,100,0,3153700
MARUTI-I.NFO,07/01/2020,09:40:01,7169.05,7169.1,100,7170.9,100,0,3153700
MARUTI-I.NFO,07/01/2020,09:40:02,7172.9,7170.75,100,7174.35,100,1900,3153700
MARUTI-I.NFO,07/01/2020,09:40:03,7172.9,7171.3,100,7174.35,100,0,3153700
MARUTI-I.NFO,07/01/2020,09:40:04,7172.9,7172.05,200,7174.8,100,0,3153700
MARUTI-I.NFO,07/01/2020,09:40:04,7172.9,7172.25,100,7175.25,100,0,3153700
MARUTI-I.NFO,07/01/2020,09:40:05,7172.9,7173.25,100,7175.7,100,0,3153700
MARUTI-I.NFO,07/01/2020,09:40:06,7172.05,7171.7,100,7174.95,100,100,3153700
MARUTI-I.NFO,07/01/2020,09:40:07,7174.8,7172.2,100,7175.45,100,100,3153700
MARUTI-I.NFO,07/01/2020,09:40:08,7174.8,7172.65,100,7176,200,0,3153700
MARUTI-I.NFO,07/01/2020,09:40:09,7174.8,7172.85,100,7176,300,0,3153700
MARUTI-I.NFO,07/01/2020,09:40:10,7174.8,7172,100,7175.35,100,0,3153700
MARUTI-I.NFO,07/01/2020,09:40:12,7174.8,7171.8,100,7175,100,0,3153700
MARUTI-I.NFO,07/01/2020,09:40:12,7175,7171.8,100,7175.2,300,100,3153700
MARUTI-I.NFO,07/01/2020,09:40:14,7171.9,7171.85,100,7174.55,100,100,3153700
MARUTI-I.NFO,07/01/2020,09:40:15,7171.75,7171.65,100,7173.15,100,200,3153700
MARUTI-I.NFO,07/01/2020,09:40:16,7171.65,7168.4,200,7172.05,200,100,3153700
MARUTI-I.NFO,07/01/2020,09:40:17,7171.65,7168.3,100,7171.75,100,0,3153700
MARUTI-I.NFO,07/01/2020,09:40:18,7168.4,7168.4,100,7171.8,100,100,3153700
MARUTI-I.NFO,07/01/2020,09:40:20,7168.4,7168.4,100,7171.4,100,0,3153700
MARUTI-I.NFO,07/01/2020,09:40:20,7168.4,7168.35,200,7171,100,100,3153700
MARUTI-I.NFO,07/01/2020,09:40:21,7168.4,7168.35,200,7170.7,100,0,3153700
MARUTI-I.NFO,07/01/2020,09:40:23,7168.4,7168.4,100,7170.7,100,0,3153700
MARUTI-I.NFO,07/01/2020,09:40:24,7168.4,7168.45,100,7170.7,100,0,3153700
MARUTI-I.NFO,07/01/2020,09:40:26,7168.4,7168.1,100,7170.7,100,0,3153700
MARUTI-I.NFO,07/01/2020,09:40:27,7168,7168,100,7170.7,100,100,3153700
MARUTI-I.NFO,07/01/2020,09:40:28,7168,7167.2,100,7169.95,100,0,3153700
MARUTI-I.NFO,07/01/2020,09:40:29,7168,7167.8,100,7170.3,100,0,3153700
MARUTI-I.NFO,07/01/2020,09:40:30,7168,7167.8,100,7169.55,100,0,3153700
MARUTI-I.NFO,07/01/2020,09:40:32,7168,7167.8,100,7169.3,100,0,3153700
MARUTI-I.NFO,07/01/2020,09:40:34,7167.85,7167,300,7168.85,100,200,3153700
MARUTI-I.NFO,07/01/2020,09:40:35,7167.85,7167,300,7168.85,100,0,3153700
MARUTI-I.NFO,07/01/2020,09:40:36,7167.85,7167,300,7168.75,100,0,3153700
MARUTI-I.NFO,07/01/2020,09:40:38,7167.85,7167,300,7167.95,100,0,3153700
MARUTI-I.NFO,07/01/2020,09:40:39,7167.95,7167,300,7168,100,100,3153700
MARUTI-I.NFO,07/01/2020,09:40:40,7167.95,7167,300,7168,100,0,3153700
MARUTI-I.NFO,07/01/2020,09:40:45,7168,7167,300,7169.7,100,100,3153700
MARUTI-I.NFO,07/01/2020,09:40:46,7168,7167,300,7169.5,200,0,3153700
MARUTI-I.NFO,07/01/2020,09:40:50,7168,7167,300,7169.5,100,0,3153700
MARUTI-I.NFO,07/01/2020,09:40:51,7168,7167,300,7169.25,100,0,3153700
MARUTI-I.NFO,07/01/2020,09:40:52,7168,7167,300,7169.25,200,0,3153700
MARUTI-I.NFO,07/01/2020,09:40:53,7168,7167,300,7169.2,100,0,3153700
MARUTI-I.NFO,07/01/2020,09:40:54,7168,7167,300,7169.6,100,0,3153700
MARUTI-I.NFO,07/01/2020,09:40:55,7168,7167.05,100,7169.6,100,0,3153700
MARUTI-I.NFO,07/01/2020,09:40:56,7168,7167.05,100,7168,100,0,3153700
MARUTI-I.NFO,07/01/2020,09:41:01,7168,7167.05,100,7169.35,100,100,3153700
MARUTI-I.NFO,07/01/2020,09:41:02,7168,7167.05,100,7169.35,100,0,3153700
MARUTI-I.NFO,07/01/2020,09:41:04,7168,7167.05,100,7168.45,100,0,3153700
MARUTI-I.NFO,07/01/2020,09:41:05,7168,7167.05,100,7169.5,100,0,3153700
MARUTI-I.NFO,07/01/2020,09:41:06,7168,7167.05,100,7169.3,100,0,3153700
MARUTI-I.NFO,07/01/2020,09:41:08,7168,7167.05,100,7169.2,100,0,3153700
MARUTI-I.NFO,07/01/2020,09:41:09,7168,7167.4,100,7169.9,100,0,3153700
MARUTI-I.NFO,07/01/2020,09:41:10,7168,7169.35,100,7170,200,0,3153700
MARUTI-I.NFO,07/01/2020,09:41:12,7170,7169.35,100,7170,100,100,3153700
MARUTI-I.NFO,07/01/2020,09:41:13,7170,7169.35,100,7170,100,0,3153700
MARUTI-I.NFO,07/01/2020,09:41:25,7170,7169.35,100,7169.95,100,0,3153700
MARUTI-I.NFO,07/01/2020,09:41:25,7170,7169.35,100,7170,100,0,3153700
MARUTI-I.NFO,07/01/2020,09:41:26,7170,7169.35,100,7169.95,100,0,3153700
MARUTI-I.NFO,07/01/2020,09:41:31,7170,7169.35,100,7170,100,0,3153700
MARUTI-I.NFO,07/01/2020,09:41:33,7170,7169.35,100,7169.95,100,0,3153700
MARUTI-I.NFO,07/01/2020,09:41:35,7170,7169.4,100,7169.95,100,0,3153700
MARUTI-I.NFO,07/01/2020,09:41:39,7170,7169.35,100,7169.95,100,0,3153700
MARUTI-I.NFO,07/01/2020,09:41:39,7169.35,7167.3,100,7168.95,200,100,3153700
MARUTI-I.NFO,07/01/2020,09:41:40,7169.35,7167.3,100,7168.95,100,0,3152600
MARUTI-I.NFO,07/01/2020,09:41:42,7169.35,7167.5,100,7168.95,100,0,3152600
MARUTI-I.NFO,07/01/2020,09:41:43,7169,7167.85,100,7170,100,200,3152600
MARUTI-I.NFO,07/01/2020,09:41:44,7169,7167.7,100,7169.95,100,0,3152600
MARUTI-I.NFO,07/01/2020,09:41:45,7169,7168.05,100,7170,100,0,3152600
MARUTI-I.NFO,07/01/2020,09:41:48,7169,7168,100,7169.95,100,0,3152600
MARUTI-I.NFO,07/01/2020,09:41:49,7169,7168.05,100,7169.95,100,0,3152600
MARUTI-I.NFO,07/01/2020,09:41:50,7169,7168,100,7169.95,100,0,3152600
MARUTI-I.NFO,07/01/2020,09:41:52,7169,7168,100,7169.8,100,0,3152600
MARUTI-I.NFO,07/01/2020,09:41:53,7169,7168,100,7169.75,100,0,3152600
MARUTI-I.NFO,07/01/2020,09:41:54,7169,7168.45,100,7169.95,100,0,3152600
MARUTI-I.NFO,07/01/2020,09:41:57,7169,7168.5,100,7169.95,100,0,3152600
MARUTI-I.NFO,07/01/2020,09:42:02,7169.95,7168.55,100,7170,100,100,3152600
MARUTI-I.NFO,07/01/2020,09:42:03,7169.95,7168.55,100,7170,100,0,3152600
MARUTI-I.NFO,07/01/2020,09:42:06,7170,7168.65,100,7171.65,200,100,3152600
