Ticker,Date,Time,LTP,BuyPrice,BuyQty,SellPrice,SellQty,LTQ,OpenInterest
NBCC-I.NFO,07/01/2020,09:15:04,34.8,34.75,14300,34.95,14300,14300,36064600
NBCC-I.NFO,07/01/2020,09:15:04,34.8,34.75,14300,34.95,14300,0,36064600
NBCC-I.NFO,07/01/2020,09:15:04,34.8,34.75,14300,34.95,14300,0,36064600
NBCC-I.NFO,07/01/2020,09:15:04,34.8,34.75,14300,34.95,14300,0,36064600
NBCC-I.NFO,07/01/2020,09:15:13,35,34.9,42900,35,28600,28600,36064600
NBCC-I.NFO,07/01/2020,09:15:13,35,34.9,42900,35,28600,0,36064600
NBCC-I.NFO,07/01/2020,09:15:24,35.35,35.25,42900,35.4,14300,85800,36064600
NBCC-I.NFO,07/01/2020,09:15:24,35.35,35.25,42900,35.4,14300,0,36064600
NBCC-I.NFO,07/01/2020,09:15:36,35.4,35.25,14300,35.35,28600,57200,36064600
NBCC-I.NFO,07/01/2020,09:15:36,35.4,35.25,14300,35.35,28600,0,36064600
NBCC-I.NFO,07/01/2020,09:15:48,35.4,35.25,28600,35.4,28600,185900,36064600
NBCC-I.NFO,07/01/2020,09:16:00,35.25,35.2,14300,35.3,28600,128700,36064600
NBCC-I.NFO,07/01/2020,09:16:12,35.35,35.35,28600,35.4,28600,85800,36064600
NBCC-I.NFO,07/01/2020,09:16:24,35.45,35.35,14300,35.45,42900,85800,36064600
NBCC-I.NFO,07/01/2020,09:16:24,35.45,35.35,14300,35.45,42900,0,36064600
NBCC-I.NFO,07/01/2020,09:16:34,35.3,35.25,42900,35.35,14300,42900,36064600
NBCC-I.NFO,07/01/2020,09:16:43,35.3,35.3,28600,35.35,28600,71500,36064600
NBCC-I.NFO,07/01/2020,09:16:53,35.3,35.25,14300,35.35,14300,100100,36064600
NBCC-I.NFO,07/01/2020,09:17:03,35.35,35.25,14300,35.35,28600,71500,36064600
NBCC-I.NFO,07/01/2020,09:17:12,35.35,35.35,14300,35.45,14300,114400,36307700
NBCC-I.NFO,07/01/2020,09:17:13,35.35,35.35,14300,35.45,14300,0,36307700
NBCC-I.NFO,07/01/2020,09:17:15,35.35,35.35,28600,35.45,14300,0,36307700
NBCC-I.NFO,07/01/2020,09:17:17,35.35,35.35,14300,35.45,14300,0,36307700
NBCC-I.NFO,07/01/2020,09:17:18,35.35,35.35,14300,35.45,57200,0,36307700
NBCC-I.NFO,07/01/2020,09:17:19,35.35,35.25,14300,35.35,28600,42900,36307700
NBCC-I.NFO,07/01/2020,09:17:20,35.35,35.25,14300,35.35,14300,14300,36307700
NBCC-I.NFO,07/01/2020,09:17:21,35.35,35.25,14300,35.35,14300,0,36307700
NBCC-I.NFO,07/01/2020,09:17:24,35.35,35.25,28600,35.35,14300,0,36307700
NBCC-I.NFO,07/01/2020,09:17:25,35.35,35.25,42900,35.35,14300,0,36307700
NBCC-I.NFO,07/01/2020,09:17:26,35.35,35.3,28600,35.35,14300,0,36307700
NBCC-I.NFO,07/01/2020,09:17:28,35.35,35.25,14300,35.35,28600,28600,36307700
NBCC-I.NFO,07/01/2020,09:17:28,35.35,35.25,28600,35.4,14300,0,36307700
NBCC-I.NFO,07/01/2020,09:17:30,35.35,35.3,14300,35.4,14300,14300,36307700
NBCC-I.NFO,07/01/2020,09:17:31,35.35,35.3,42900,35.4,14300,0,36307700
NBCC-I.NFO,07/01/2020,09:17:32,35.35,35.3,57200,35.4,14300,0,36307700
NBCC-I.NFO,07/01/2020,09:17:35,35.35,35.3,42900,35.4,14300,0,36307700
NBCC-I.NFO,07/01/2020,09:17:36,35.3,35.25,14300,35.35,14300,42900,36307700
NBCC-I.NFO,07/01/2020,09:17:37,35.3,35.25,28600,35.35,14300,0,36307700
NBCC-I.NFO,07/01/2020,09:17:38,35.3,35.25,42900,35.35,14300,0,36307700
NBCC-I.NFO,07/01/2020,09:17:43,35.3,35.25,14300,35.3,14300,0,36307700
NBCC-I.NFO,07/01/2020,09:17:47,35.3,35.25,28600,35.35,14300,14300,36307700
NBCC-I.NFO,07/01/2020,09:17:48,35.3,35.25,28600,35.35,14300,0,36307700
NBCC-I.NFO,07/01/2020,09:17:54,35.4,35.3,14300,35.4,14300,42900,36307700
NBCC-I.NFO,07/01/2020,09:17:55,35.4,35.3,14300,35.4,14300,0,36307700
NBCC-I.NFO,07/01/2020,09:18:03,35.3,35.3,14300,35.4,14300,14300,36307700
NBCC-I.NFO,07/01/2020,09:18:06,35.3,35.3,14300,35.4,14300,0,36307700
NBCC-I.NFO,07/01/2020,09:18:08,35.3,35.3,14300,35.35,14300,0,36307700
NBCC-I.NFO,07/01/2020,09:18:10,35.3,35.25,42900,35.35,14300,14300,36307700
NBCC-I.NFO,07/01/2020,09:18:11,35.3,35.3,14300,35.35,14300,0,36307700
NBCC-I.NFO,07/01/2020,09:18:21,35.3,35.25,14300,35.35,14300,171600,36307700
NBCC-I.NFO,07/01/2020,09:18:30,35.3,35.3,14300,35.4,42900,0,36307700
NBCC-I.NFO,07/01/2020,09:18:48,35.4,35.35,28600,35.4,14300,28600,36307700
NBCC-I.NFO,07/01/2020,09:18:57,35.4,35.35,14300,35.4,14300,14300,36307700
NBCC-I.NFO,07/01/2020,09:19:06,35.4,35.35,14300,35.45,28600,14300,36307700
NBCC-I.NFO,07/01/2020,09:19:15,35.4,35.35,14300,35.45,28600,0,36307700
NBCC-I.NFO,07/01/2020,09:19:23,35.45,35.35,28600,35.45,28600,28600,36307700
NBCC-I.NFO,07/01/2020,09:19:32,35.45,35.4,14300,35.5,185900,0,36307700
NBCC-I.NFO,07/01/2020,09:19:40,35.45,35.35,14300,35.45,28600,0,36307700
NBCC-I.NFO,07/01/2020,09:19:48,35.4,35.35,28600,35.45,57200,28600,36307700
NBCC-I.NFO,07/01/2020,09:19:56,35.4,35.35,28600,35.45,42900,0,36307700
NBCC-I.NFO,07/01/2020,09:20:04,35.4,35.35,28600,35.45,14300,0,36307700
NBCC-I.NFO,07/01/2020,09:20:12,35.4,35.35,57200,35.45,28600,0,36307700
NBCC-I.NFO,07/01/2020,09:20:27,35.4,35.4,14300,35.5,171600,57200,36279100
NBCC-I.NFO,07/01/2020,09:20:35,35.6,35.6,57200,35.7,114400,371800,36279100
NBCC-I.NFO,07/01/2020,09:20:35,35.6,35.6,57200,35.7,114400,0,36279100
NBCC-I.NFO,07/01/2020,09:20:42,35.75,35.65,71500,35.8,71500,185900,36279100
NBCC-I.NFO,07/01/2020,09:20:42,35.75,35.65,71500,35.8,71500,0,36279100
NBCC-I.NFO,07/01/2020,09:20:50,35.75,35.7,14300,35.75,71500,57200,36279100
NBCC-I.NFO,07/01/2020,09:20:50,35.8,35.7,14300,35.75,71500,0,36279100
NBCC-I.NFO,07/01/2020,09:20:57,35.75,35.6,57200,35.7,71500,0,36279100
NBCC-I.NFO,07/01/2020,09:21:06,35.65,35.6,42900,35.65,28600,57200,36279100
NBCC-I.NFO,07/01/2020,09:21:14,35.65,35.55,14300,35.65,28600,71500,36279100
NBCC-I.NFO,07/01/2020,09:21:22,35.65,35.55,14300,35.65,14300,0,36279100
NBCC-I.NFO,07/01/2020,09:21:29,35.65,35.55,28600,35.65,28600,28600,36279100
NBCC-I.NFO,07/01/2020,09:21:37,35.65,35.6,14300,35.7,85800,0,36279100
NBCC-I.NFO,07/01/2020,09:21:45,35.65,35.55,42900,35.7,85800,0,36279100
NBCC-I.NFO,07/01/2020,09:21:53,35.6,35.55,42900,35.65,14300,14300,36279100
NBCC-I.NFO,07/01/2020,09:22:01,35.55,35.6,14300,35.65,57200,14300,36279100
NBCC-I.NFO,07/01/2020,09:22:09,35.65,35.6,28600,35.65,14300,28600,36279100
NBCC-I.NFO,07/01/2020,09:22:17,35.6,35.55,28600,35.65,57200,71500,36279100
NBCC-I.NFO,07/01/2020,09:22:25,35.65,35.55,28600,35.65,42900,14300,36279100
NBCC-I.NFO,07/01/2020,09:22:39,35.65,35.55,14300,35.6,42900,0,36279100
NBCC-I.NFO,07/01/2020,09:22:46,35.6,35.5,100100,35.6,28600,28600,36279100
NBCC-I.NFO,07/01/2020,09:22:53,35.5,35.5,71500,35.6,42900,14300,36279100
NBCC-I.NFO,07/01/2020,09:23:01,35.5,35.55,14300,35.6,42900,0,36279100
NBCC-I.NFO,07/01/2020,09:23:08,35.55,35.5,57200,35.55,28600,14300,36279100
NBCC-I.NFO,07/01/2020,09:23:48,35.55,35.5,42900,35.6,71500,57200,36264800
NBCC-I.NFO,07/01/2020,09:23:54,35.55,35.5,28600,35.6,71500,28600,36264800
NBCC-I.NFO,07/01/2020,09:24:01,35.55,35.5,28600,35.6,42900,28600,36264800
NBCC-I.NFO,07/01/2020,09:24:08,35.6,35.5,28600,35.6,28600,28600,36264800
NBCC-I.NFO,07/01/2020,09:24:15,35.6,35.5,28600,35.6,28600,0,36264800
NBCC-I.NFO,07/01/2020,09:24:22,35.5,35.5,14300,35.6,28600,14300,36264800
NBCC-I.NFO,07/01/2020,09:24:29,35.5,35.45,42900,35.55,28600,14300,36264800
NBCC-I.NFO,07/01/2020,09:24:36,35.5,35.45,42900,35.55,28600,0,36264800
NBCC-I.NFO,07/01/2020,09:24:42,35.5,35.45,42900,35.55,42900,0,36264800
NBCC-I.NFO,07/01/2020,09:24:54,35.5,35.45,28600,35.55,42900,28600,36264800
NBCC-I.NFO,07/01/2020,09:25:01,35.5,35.45,28600,35.55,42900,0,36264800
NBCC-I.NFO,07/01/2020,09:25:08,35.5,35.5,28600,35.55,14300,28600,36264800
NBCC-I.NFO,07/01/2020,09:25:16,35.5,35.5,14300,35.6,28600,42900,36264800
NBCC-I.NFO,07/01/2020,09:25:23,35.5,35.5,14300,35.6,57200,0,36264800
NBCC-I.NFO,07/01/2020,09:25:37,35.5,35.5,14300,35.6,42900,14300,36264800
NBCC-I.NFO,07/01/2020,09:25:44,35.5,35.5,14300,35.6,42900,0,36264800
NBCC-I.NFO,07/01/2020,09:26:08,35.6,35.5,14300,35.6,28600,28600,36264800
NBCC-I.NFO,07/01/2020,09:26:16,35.6,35.5,14300,35.6,157300,0,36264800
NBCC-I.NFO,07/01/2020,09:26:22,35.55,35.5,28600,35.6,157300,14300,36336300
NBCC-I.NFO,07/01/2020,09:26:28,35.55,35.5,57200,35.6,157300,0,36336300
NBCC-I.NFO,07/01/2020,09:26:35,35.65,35.55,14300,35.65,28600,171600,36336300
NBCC-I.NFO,07/01/2020,09:26:42,35.65,35.55,28600,35.65,28600,0,36336300
NBCC-I.NFO,07/01/2020,09:26:48,35.65,35.55,28600,35.65,42900,0,36336300
NBCC-I.NFO,07/01/2020,09:26:59,35.55,35.5,14300,35.55,28600,57200,36336300
NBCC-I.NFO,07/01/2020,09:27:04,35.55,35.5,42900,35.6,28600,14300,36336300
NBCC-I.NFO,07/01/2020,09:27:09,35.55,35.5,42900,35.55,28600,0,36336300
NBCC-I.NFO,07/01/2020,09:27:15,35.55,35.5,57200,35.55,28600,0,36336300
NBCC-I.NFO,07/01/2020,09:27:22,35.6,35.5,57200,35.65,71500,28600,36336300
NBCC-I.NFO,07/01/2020,09:27:29,35.6,35.5,57200,35.65,57200,0,36336300
NBCC-I.NFO,07/01/2020,09:27:35,35.6,35.5,57200,35.6,28600,0,36336300
NBCC-I.NFO,07/01/2020,09:27:41,35.6,35.5,57200,35.6,42900,0,36336300
NBCC-I.NFO,07/01/2020,09:27:52,35.6,35.5,57200,35.6,28600,0,36336300
NBCC-I.NFO,07/01/2020,09:28:09,35.6,35.5,57200,35.6,42900,0,36336300
NBCC-I.NFO,07/01/2020,09:28:23,35.6,35.5,57200,35.55,28600,0,36336300
NBCC-I.NFO,07/01/2020,09:28:35,35.55,35.5,42900,35.6,57200,14300,36336300
NBCC-I.NFO,07/01/2020,09:28:41,35.55,35.5,42900,35.6,57200,0,36336300
NBCC-I.NFO,07/01/2020,09:28:46,35.55,35.5,14300,35.55,28600,42900,36336300
NBCC-I.NFO,07/01/2020,09:28:52,35.55,35.5,14300,35.6,57200,0,36336300
NBCC-I.NFO,07/01/2020,09:28:58,35.55,35.5,14300,35.6,42900,0,36336300
NBCC-I.NFO,07/01/2020,09:29:04,35.55,35.5,14300,35.55,28600,0,36336300
NBCC-I.NFO,07/01/2020,09:29:29,35.55,35.45,42900,35.5,28600,0,36336300
NBCC-I.NFO,07/01/2020,09:29:35,35.5,35.45,42900,35.55,71500,14300,36493600
NBCC-I.NFO,07/01/2020,09:29:41,35.5,35.45,42900,35.55,71500,0,36493600
NBCC-I.NFO,07/01/2020,09:29:48,35.5,35.45,42900,35.55,85800,14300,36493600
NBCC-I.NFO,07/01/2020,09:29:53,35.55,35.45,42900,35.55,57200,28600,36493600
NBCC-I.NFO,07/01/2020,09:30:03,35.45,35.45,28600,35.55,71500,14300,36493600
NBCC-I.NFO,07/01/2020,09:30:09,35.55,35.5,14300,35.55,57200,14300,36493600
NBCC-I.NFO,07/01/2020,09:30:15,35.55,35.5,28600,35.55,14300,57200,36493600
NBCC-I.NFO,07/01/2020,09:30:21,35.55,35.5,28600,35.55,14300,0,36493600
NBCC-I.NFO,07/01/2020,09:30:27,35.55,35.5,28600,35.6,14300,42900,36493600
NBCC-I.NFO,07/01/2020,09:30:32,35.55,35.5,28600,35.6,14300,0,36493600
NBCC-I.NFO,07/01/2020,09:30:43,35.55,35.5,42900,35.6,14300,0,36493600
NBCC-I.NFO,07/01/2020,09:30:48,35.5,35.5,28600,35.55,14300,14300,36493600
NBCC-I.NFO,07/01/2020,09:30:53,35.5,35.5,28600,35.55,14300,0,36493600
NBCC-I.NFO,07/01/2020,09:30:58,35.5,35.45,42900,35.55,14300,14300,36493600
NBCC-I.NFO,07/01/2020,09:31:03,35.5,35.55,42900,35.6,57200,0,36493600
NBCC-I.NFO,07/01/2020,09:31:09,35.5,35.55,42900,35.6,28600,0,36493600
NBCC-I.NFO,07/01/2020,09:31:15,35.6,35.55,42900,35.65,85800,28600,36493600
NBCC-I.NFO,07/01/2020,09:31:21,35.6,35.55,42900,35.65,85800,0,36493600
NBCC-I.NFO,07/01/2020,09:31:27,35.55,35.55,28600,35.65,85800,14300,36493600
NBCC-I.NFO,07/01/2020,09:31:33,35.55,35.5,28600,35.6,28600,0,36493600
NBCC-I.NFO,07/01/2020,09:31:38,35.55,35.55,28600,35.6,28600,14300,36493600
NBCC-I.NFO,07/01/2020,09:31:49,35.55,35.55,28600,35.6,28600,0,36493600
NBCC-I.NFO,07/01/2020,09:31:55,35.55,35.5,42900,35.6,42900,14300,36493600
NBCC-I.NFO,07/01/2020,09:32:01,35.55,35.5,42900,35.6,28600,0,36493600
NBCC-I.NFO,07/01/2020,09:32:21,35.55,35.5,42900,35.6,28600,14300,36450700
NBCC-I.NFO,07/01/2020,09:32:28,35.55,35.5,42900,35.6,28600,0,36450700
NBCC-I.NFO,07/01/2020,09:32:47,35.55,35.5,57200,35.6,28600,0,36450700
NBCC-I.NFO,07/01/2020,09:34:25,35.55,35.5,71500,35.6,28600,0,36450700
NBCC-I.NFO,07/01/2020,09:34:31,35.55,35.5,28600,35.6,57200,71500,36450700
NBCC-I.NFO,07/01/2020,09:34:44,35.55,35.5,28600,35.55,14300,0,36450700
NBCC-I.NFO,07/01/2020,09:34:50,35.55,35.5,28600,35.55,28600,0,36450700
NBCC-I.NFO,07/01/2020,09:34:55,35.45,35.45,14300,35.55,42900,42900,36450700
NBCC-I.NFO,07/01/2020,09:35:00,35.45,35.45,14300,35.55,42900,0,36450700
NBCC-I.NFO,07/01/2020,09:35:11,35.45,35.45,14300,35.5,14300,0,36450700
NBCC-I.NFO,07/01/2020,09:35:33,35.45,35.4,28600,35.5,57200,14300,36479300
NBCC-I.NFO,07/01/2020,09:35:40,35.45,35.4,14300,35.45,14300,0,36479300
NBCC-I.NFO,07/01/2020,09:35:48,35.4,35.35,71500,35.45,14300,42900,36479300
NBCC-I.NFO,07/01/2020,09:35:56,35.4,35.35,71500,35.45,14300,0,36479300
NBCC-I.NFO,07/01/2020,09:36:22,35.4,35.35,42900,35.4,14300,0,36479300
NBCC-I.NFO,07/01/2020,09:36:33,35.4,35.35,42900,35.45,42900,14300,36479300
NBCC-I.NFO,07/01/2020,09:36:39,35.4,35.35,42900,35.45,28600,0,36479300
NBCC-I.NFO,07/01/2020,09:36:55,35.4,35.35,42900,35.45,42900,0,36479300
NBCC-I.NFO,07/01/2020,09:37:06,35.25,35.3,14300,35.35,14300,71500,36479300
NBCC-I.NFO,07/01/2020,09:37:11,35.25,35.3,14300,35.35,14300,0,36479300
NBCC-I.NFO,07/01/2020,09:37:17,35.25,35.25,85800,35.35,28600,0,36479300
NBCC-I.NFO,07/01/2020,09:37:26,35.25,35.25,57200,35.35,14300,28600,36479300
NBCC-I.NFO,07/01/2020,09:37:31,35.25,35.25,57200,35.35,28600,0,36479300
NBCC-I.NFO,07/01/2020,09:37:36,35.3,35.25,57200,35.35,28600,14300,36479300
NBCC-I.NFO,07/01/2020,09:37:47,35.3,35.3,28600,35.35,28600,0,36479300
NBCC-I.NFO,07/01/2020,09:37:52,35.3,35.3,42900,35.35,42900,0,36479300
NBCC-I.NFO,07/01/2020,09:37:56,35.3,35.3,42900,35.35,28600,0,36479300
NBCC-I.NFO,07/01/2020,09:38:17,35.3,35.3,57200,35.35,28600,0,36479300
NBCC-I.NFO,07/01/2020,09:38:50,35.3,35.3,57200,35.35,14300,0,36479300
NBCC-I.NFO,07/01/2020,09:39:06,35.35,35.3,57200,35.4,57200,14300,36507900
NBCC-I.NFO,07/01/2020,09:39:11,35.35,35.3,57200,35.4,57200,0,36507900
NBCC-I.NFO,07/01/2020,09:39:27,35.35,35.3,85800,35.45,85800,42900,36507900
NBCC-I.NFO,07/01/2020,09:39:32,35.35,35.3,100100,35.45,85800,0,36507900
NBCC-I.NFO,07/01/2020,09:39:42,35.35,35.35,28600,35.45,85800,0,36507900
NBCC-I.NFO,07/01/2020,09:39:48,35.35,35.35,57200,35.45,42900,0,36507900
NBCC-I.NFO,07/01/2020,09:39:53,35.35,35.4,14300,35.45,28600,0,36507900
NBCC-I.NFO,07/01/2020,09:39:58,35.35,35.4,28600,35.45,28600,0,36507900
NBCC-I.NFO,07/01/2020,09:40:03,35.35,35.4,28600,35.45,14300,0,36507900
NBCC-I.NFO,07/01/2020,09:40:09,35.35,35.4,28600,35.5,100100,0,36507900
NBCC-I.NFO,07/01/2020,09:40:27,35.35,35.4,85800,35.5,100100,0,36507900
NBCC-I.NFO,07/01/2020,09:40:33,35.35,35.4,143000,35.45,14300,0,36507900
NBCC-I.NFO,07/01/2020,09:40:39,35.4,35.4,114400,35.5,71500,100100,36507900
NBCC-I.NFO,07/01/2020,09:40:44,35.45,35.4,128700,35.5,71500,57200,36507900
NBCC-I.NFO,07/01/2020,09:40:50,35.4,35.45,14300,35.5,71500,14300,36507900
NBCC-I.NFO,07/01/2020,09:40:55,35.4,35.45,14300,35.5,42900,0,36507900
NBCC-I.NFO,07/01/2020,09:41:00,35.4,35.45,28600,35.5,42900,0,36507900
NBCC-I.NFO,07/01/2020,09:41:42,35.4,35.45,28600,35.5,28600,0,36507900
NBCC-I.NFO,07/01/2020,09:42:00,35.5,35.45,14300,35.5,28600,14300,36593700
NBCC-I.NFO,07/01/2020,09:42:08,35.45,35.4,71500,35.45,28600,14300,36593700
NBCC-I.NFO,07/01/2020,09:42:15,35.35,35.3,71500,35.4,28600,143000,36593700
NBCC-I.NFO,07/01/2020,09:42:22,35.35,35.35,71500,35.45,471900,0,36593700
NBCC-I.NFO,07/01/2020,09:42:28,35.35,35.35,100100,35.45,57200,0,36593700
NBCC-I.NFO,07/01/2020,09:42:35,35.4,35.4,14300,35.45,42900,14300,36593700
NBCC-I.NFO,07/01/2020,09:42:42,35.4,35.35,100100,35.4,14300,14300,36593700
NBCC-I.NFO,07/01/2020,09:42:49,35.4,35.35,100100,35.45,128700,28600,36593700
NBCC-I.NFO,07/01/2020,09:42:56,35.4,35.35,100100,35.4,14300,85800,36593700
NBCC-I.NFO,07/01/2020,09:43:02,35.4,35.35,85800,35.45,100100,0,36593700
NBCC-I.NFO,07/01/2020,09:43:08,35.4,35.35,85800,35.45,114400,0,36593700
NBCC-I.NFO,07/01/2020,09:43:12,35.35,35.3,85800,35.4,28600,71500,36593700
NBCC-I.NFO,07/01/2020,09:43:17,35.35,35.3,85800,35.4,28600,0,36593700
NBCC-I.NFO,07/01/2020,09:43:22,35.35,35.35,42900,35.4,414700,0,36593700
NBCC-I.NFO,07/01/2020,09:43:28,35.4,35.35,71500,35.45,114400,14300,36593700
NBCC-I.NFO,07/01/2020,09:43:33,35.4,35.35,57200,35.45,500500,71500,36593700
NBCC-I.NFO,07/01/2020,09:43:38,35.4,35.4,57200,35.45,114400,0,36593700
NBCC-I.NFO,07/01/2020,09:43:43,35.45,35.4,85800,35.45,57200,128700,36593700
NBCC-I.NFO,07/01/2020,09:43:48,35.45,35.4,100100,35.45,14300,0,36593700
NBCC-I.NFO,07/01/2020,09:43:53,35.45,35.4,114400,35.45,14300,0,36593700
NBCC-I.NFO,07/01/2020,09:43:59,35.45,35.4,114400,35.45,28600,0,36593700
NBCC-I.NFO,07/01/2020,09:44:05,35.5,35.45,71500,35.55,71500,71500,36593700
NBCC-I.NFO,07/01/2020,09:44:11,35.5,35.5,14300,35.55,71500,0,36593700
NBCC-I.NFO,07/01/2020,09:44:17,35.55,35.5,42900,35.55,28600,14300,36622300
NBCC-I.NFO,07/01/2020,09:44:22,35.5,35.45,114400,35.55,28600,42900,36622300
NBCC-I.NFO,07/01/2020,09:44:28,35.5,35.45,500500,35.55,42900,14300,36622300
NBCC-I.NFO,07/01/2020,09:44:33,35.5,35.45,128700,35.55,42900,28600,36622300
NBCC-I.NFO,07/01/2020,09:44:37,35.5,35.5,14300,35.55,28600,0,36622300
NBCC-I.NFO,07/01/2020,09:44:52,35.5,35.45,100100,35.55,42900,14300,36622300
NBCC-I.NFO,07/01/2020,09:44:57,35.5,35.5,28600,35.55,28600,0,36622300
NBCC-I.NFO,07/01/2020,09:45:02,35.5,35.5,14300,35.55,28600,14300,36622300
NBCC-I.NFO,07/01/2020,09:45:09,35.5,35.5,28600,35.55,14300,0,36622300
NBCC-I.NFO,07/01/2020,09:45:23,35.5,35.5,28600,35.55,28600,0,36622300
NBCC-I.NFO,07/01/2020,09:45:35,35.55,35.5,28600,35.55,14300,14300,36622300
NBCC-I.NFO,07/01/2020,09:45:40,35.55,35.5,14300,35.55,28600,0,36622300
NBCC-I.NFO,07/01/2020,09:45:46,35.5,35.5,14300,35.55,28600,14300,36622300
NBCC-I.NFO,07/01/2020,09:45:52,35.5,35.5,14300,35.55,28600,14300,36622300
NBCC-I.NFO,07/01/2020,09:45:57,35.5,35.5,14300,35.55,28600,0,36622300
NBCC-I.NFO,07/01/2020,09:46:08,35.5,35.45,71500,35.55,42900,0,36622300
NBCC-I.NFO,07/01/2020,09:46:18,35.5,35.45,71500,35.5,14300,0,36622300
NBCC-I.NFO,07/01/2020,09:46:23,35.5,35.5,14300,35.55,28600,14300,36622300
NBCC-I.NFO,07/01/2020,09:46:29,35.5,35.5,14300,35.55,28600,0,36622300
NBCC-I.NFO,07/01/2020,09:46:35,35.5,35.45,71500,35.5,14300,0,36622300
NBCC-I.NFO,07/01/2020,09:46:46,35.5,35.45,57200,35.5,14300,0,36622300
NBCC-I.NFO,07/01/2020,09:46:52,35.5,35.45,57200,35.55,28600,14300,36622300
NBCC-I.NFO,07/01/2020,09:47:07,35.5,35.45,57200,35.55,28600,0,36622300
NBCC-I.NFO,07/01/2020,09:47:12,35.5,35.45,42900,35.55,28600,14300,36622300
NBCC-I.NFO,07/01/2020,09:47:35,35.5,35.45,42900,35.55,57200,0,36622300
NBCC-I.NFO,07/01/2020,09:47:40,35.5,35.45,42900,35.55,42900,0,36622300
NBCC-I.NFO,07/01/2020,09:47:44,35.5,35.5,14300,35.55,28600,0,36622300
NBCC-I.NFO,07/01/2020,09:47:58,35.5,35.5,14300,35.55,42900,0,36622300
NBCC-I.NFO,07/01/2020,09:48:08,35.5,35.5,14300,35.55,57200,0,36622300
NBCC-I.NFO,07/01/2020,09:48:12,35.5,35.5,14300,35.55,42900,14300,36622300
NBCC-I.NFO,07/01/2020,09:48:17,35.5,35.5,14300,35.55,42900,0,36622300
NBCC-I.NFO,07/01/2020,09:48:22,35.55,35.5,14300,35.55,28600,14300,36622300
NBCC-I.NFO,07/01/2020,09:48:28,35.55,35.5,14300,35.55,28600,0,36622300
NBCC-I.NFO,07/01/2020,09:48:33,35.55,35.55,14300,35.6,57200,28600,36622300
NBCC-I.NFO,07/01/2020,09:48:39,35.55,35.5,28600,35.6,85800,14300,36622300
NBCC-I.NFO,07/01/2020,09:48:45,35.55,35.5,28600,35.6,71500,0,36622300
NBCC-I.NFO,07/01/2020,09:48:51,35.55,35.5,42900,35.6,71500,0,36622300
NBCC-I.NFO,07/01/2020,09:49:04,35.5,35.5,28600,35.55,14300,14300,36622300
NBCC-I.NFO,07/01/2020,09:49:10,35.5,35.5,28600,35.55,14300,0,36622300
NBCC-I.NFO,07/01/2020,09:49:38,35.5,35.5,42900,35.55,14300,0,36622300
NBCC-I.NFO,07/01/2020,09:49:49,35.5,35.5,28600,35.55,14300,14300,36622300
NBCC-I.NFO,07/01/2020,09:50:13,35.5,35.5,28600,35.55,14300,0,36622300
NBCC-I.NFO,07/01/2020,09:50:24,35.5,35.5,28600,35.55,14300,14300,36622300
NBCC-I.NFO,07/01/2020,09:50:28,35.5,35.5,14300,35.55,14300,0,36622300
NBCC-I.NFO,07/01/2020,09:50:37,35.5,35.45,71500,35.55,28600,14300,36622300
NBCC-I.NFO,07/01/2020,09:50:46,35.5,35.45,71500,35.55,57200,0,36622300
NBCC-I.NFO,07/01/2020,09:50:51,35.5,35.45,28600,35.5,28600,0,36622300
NBCC-I.NFO,07/01/2020,09:50:56,35.5,35.45,28600,35.5,42900,0,36622300
NBCC-I.NFO,07/01/2020,09:51:00,35.5,35.45,28600,35.5,28600,0,36622300
NBCC-I.NFO,07/01/2020,09:51:12,35.45,35.45,14300,35.5,42900,14300,36622300
NBCC-I.NFO,07/01/2020,09:51:16,35.45,35.45,14300,35.5,42900,0,36622300
NBCC-I.NFO,07/01/2020,09:51:33,35.45,35.4,57200,35.45,14300,42900,36622300
NBCC-I.NFO,07/01/2020,09:51:37,35.45,35.4,57200,35.45,14300,0,36622300
NBCC-I.NFO,07/01/2020,09:51:42,35.45,35.4,28600,35.45,28600,0,36622300
NBCC-I.NFO,07/01/2020,09:51:51,35.45,35.4,57200,35.45,28600,0,36622300
NBCC-I.NFO,07/01/2020,09:51:56,35.4,35.4,14300,35.45,28600,14300,36622300
NBCC-I.NFO,07/01/2020,09:52:16,35.4,35.4,14300,35.45,28600,0,36622300
NBCC-I.NFO,07/01/2020,09:52:32,35.4,35.4,14300,35.45,14300,14300,36622300
NBCC-I.NFO,07/01/2020,09:52:37,35.4,35.35,57200,35.45,28600,42900,36622300
NBCC-I.NFO,07/01/2020,09:52:41,35.4,35.4,14300,35.45,28600,0,36622300
NBCC-I.NFO,07/01/2020,09:53:05,35.4,35.35,57200,35.4,14300,14300,36622300
NBCC-I.NFO,07/01/2020,09:53:12,35.4,35.35,42900,35.4,14300,0,36622300
NBCC-I.NFO,07/01/2020,09:53:37,35.4,35.35,14300,35.4,14300,0,36622300
NBCC-I.NFO,07/01/2020,09:54:03,35.4,35.35,28600,35.4,14300,0,36622300
NBCC-I.NFO,07/01/2020,09:54:13,35.4,35.3,128700,35.4,28600,0,36622300
NBCC-I.NFO,07/01/2020,09:54:19,35.35,35.3,114400,35.35,28600,14300,36608000
NBCC-I.NFO,07/01/2020,09:54:24,35.35,35.3,114400,35.4,42900,14300,36608000
NBCC-I.NFO,07/01/2020,09:54:30,35.35,35.3,114400,35.4,42900,0,36608000
NBCC-I.NFO,07/01/2020,09:54:39,35.35,35.3,100100,35.4,42900,0,36608000
NBCC-I.NFO,07/01/2020,09:54:44,35.3,35.3,57200,35.35,28600,28600,36608000
NBCC-I.NFO,07/01/2020,09:54:49,35.3,35.3,57200,35.35,28600,0,36608000
NBCC-I.NFO,07/01/2020,09:54:59,35.3,35.3,42900,35.35,28600,0,36608000
NBCC-I.NFO,07/01/2020,09:55:11,35.3,35.3,42900,35.35,42900,0,36608000
NBCC-I.NFO,07/01/2020,09:55:33,35.3,35.3,85800,35.35,42900,0,36608000
NBCC-I.NFO,07/01/2020,09:55:43,35.3,35.3,85800,35.35,28600,0,36608000
NBCC-I.NFO,07/01/2020,09:56:18,35.3,35.3,71500,35.35,28600,14300,36608000
NBCC-I.NFO,07/01/2020,09:56:25,35.3,35.25,85800,35.35,71500,57200,36593700
NBCC-I.NFO,07/01/2020,09:56:31,35.3,35.25,85800,35.35,57200,0,36593700
NBCC-I.NFO,07/01/2020,09:56:50,35.3,35.3,14300,35.35,42900,0,36593700
NBCC-I.NFO,07/01/2020,09:57:08,35.3,35.3,28600,35.4,71500,0,36593700
NBCC-I.NFO,07/01/2020,09:57:30,35.3,35.3,14300,35.35,14300,0,36593700
NBCC-I.NFO,07/01/2020,09:57:35,35.3,35.3,14300,35.4,100100,0,36593700
NBCC-I.NFO,07/01/2020,09:57:40,35.3,35.3,28600,35.4,100100,0,36593700
NBCC-I.NFO,07/01/2020,09:57:56,35.3,35.3,28600,35.4,114400,0,36593700
NBCC-I.NFO,07/01/2020,09:58:07,35.3,35.3,57200,35.4,71500,0,36593700
NBCC-I.NFO,07/01/2020,09:58:28,35.3,35.3,71500,35.4,71500,0,36593700
NBCC-I.NFO,07/01/2020,09:58:46,35.3,35.25,100100,35.35,14300,71500,36593700
NBCC-I.NFO,07/01/2020,09:58:51,35.25,35.2,85800,35.3,14300,128700,36593700
NBCC-I.NFO,07/01/2020,09:58:57,35.25,35.2,100100,35.3,14300,0,36593700
NBCC-I.NFO,07/01/2020,09:59:03,35.25,35.25,28600,35.3,14300,0,36593700
NBCC-I.NFO,07/01/2020,09:59:09,35.25,35.25,42900,35.3,14300,0,36593700
NBCC-I.NFO,07/01/2020,09:59:21,35.2,35.15,28600,35.2,14300,143000,36322000
NBCC-I.NFO,07/01/2020,09:59:27,35.2,35.15,28600,35.2,14300,0,36322000
NBCC-I.NFO,07/01/2020,09:59:32,35.2,35.15,42900,35.2,14300,0,36322000
NBCC-I.NFO,07/01/2020,09:59:37,35.2,35.2,14300,35.25,14300,14300,36322000
NBCC-I.NFO,07/01/2020,09:59:42,35.2,35.15,57200,35.25,14300,14300,36322000
NBCC-I.NFO,07/01/2020,09:59:46,35.2,35.2,28600,35.25,14300,0,36322000
NBCC-I.NFO,07/01/2020,09:59:51,35.2,35.2,14300,35.25,14300,14300,36322000
NBCC-I.NFO,07/01/2020,10:00:18,35.2,35.2,42900,35.25,14300,0,36322000
NBCC-I.NFO,07/01/2020,10:00:24,35.2,35.2,14300,35.25,14300,42900,36322000
NBCC-I.NFO,07/01/2020,10:00:29,35.2,35.15,42900,35.25,14300,14300,36322000
NBCC-I.NFO,07/01/2020,10:00:44,35.2,35.15,42900,35.25,57200,0,36322000
NBCC-I.NFO,07/01/2020,10:00:51,35.2,35.15,28600,35.2,42900,0,36322000
NBCC-I.NFO,07/01/2020,10:00:58,35.2,35.15,28600,35.2,28600,0,36322000
NBCC-I.NFO,07/01/2020,10:01:03,35.2,35.15,28600,35.25,57200,14300,36322000
NBCC-I.NFO,07/01/2020,10:01:10,35.2,35.15,28600,35.25,57200,0,36322000
NBCC-I.NFO,07/01/2020,10:01:23,35.2,35.15,42900,35.25,57200,0,36322000
NBCC-I.NFO,07/01/2020,10:01:40,35.2,35.15,42900,35.25,71500,0,36322000
NBCC-I.NFO,07/01/2020,10:01:52,35.2,35.15,42900,35.2,28600,0,36322000
NBCC-I.NFO,07/01/2020,10:02:09,35.2,35.15,71500,35.2,28600,0,36322000
NBCC-I.NFO,07/01/2020,10:02:29,35.15,35.1,42900,35.15,14300,85800,36221900
NBCC-I.NFO,07/01/2020,10:02:34,35.15,35.1,42900,35.15,14300,0,36221900
NBCC-I.NFO,07/01/2020,10:02:54,35.15,35.1,57200,35.15,14300,0,36221900
NBCC-I.NFO,07/01/2020,10:03:06,35.15,35.1,57200,35.15,28600,0,36221900
NBCC-I.NFO,07/01/2020,10:03:23,35.1,35.05,71500,35.15,42900,57200,36221900
NBCC-I.NFO,07/01/2020,10:03:29,35.1,35.05,71500,35.15,42900,0,36221900
NBCC-I.NFO,07/01/2020,10:03:50,35.1,35.05,57200,35.1,14300,0,36221900
NBCC-I.NFO,07/01/2020,10:03:55,35.1,35.05,71500,35.1,14300,0,36221900
NBCC-I.NFO,07/01/2020,10:04:01,35.1,35.05,71500,35.15,71500,0,36221900
NBCC-I.NFO,07/01/2020,10:04:07,35,35.05,14300,35.1,14300,114400,36221900
NBCC-I.NFO,07/01/2020,10:04:12,35,35,28600,35.1,14300,100100,36221900
NBCC-I.NFO,07/01/2020,10:04:17,35,34.95,57200,35.05,28600,28600,36221900
NBCC-I.NFO,07/01/2020,10:04:22,35,35,14300,35.1,28600,0,36221900
NBCC-I.NFO,07/01/2020,10:04:27,35,34.95,14300,35,85800,28600,36221900
NBCC-I.NFO,07/01/2020,10:04:32,35,35,57200,35.1,14300,85800,36221900
NBCC-I.NFO,07/01/2020,10:04:37,35,35,28600,35.1,14300,0,36221900
NBCC-I.NFO,07/01/2020,10:04:48,35,35,28600,35.1,42900,0,36221900
NBCC-I.NFO,07/01/2020,10:05:23,35,35,14300,35.1,42900,0,36221900
NBCC-I.NFO,07/01/2020,10:05:47,35.1,35,14300,35.05,14300,14300,35993100
NBCC-I.NFO,07/01/2020,10:05:54,35.1,35,14300,35.05,14300,0,35993100
NBCC-I.NFO,07/01/2020,10:06:11,35.05,35,28600,35.1,57200,14300,35993100
NBCC-I.NFO,07/01/2020,10:06:17,35.05,35,28600,35.1,57200,0,35993100
NBCC-I.NFO,07/01/2020,10:06:49,35,34.95,14300,35.05,28600,14300,35993100
NBCC-I.NFO,07/01/2020,10:07:20,35,34.95,14300,35.05,28600,0,35993100
NBCC-I.NFO,07/01/2020,10:07:33,35,34.95,42900,35,14300,0,35993100
NBCC-I.NFO,07/01/2020,10:07:39,35,34.95,42900,35,28600,0,35993100
NBCC-I.NFO,07/01/2020,10:08:07,35,34.95,57200,35,28600,0,35993100
NBCC-I.NFO,07/01/2020,10:08:28,35,34.95,57200,35.05,28600,42900,36007400
NBCC-I.NFO,07/01/2020,10:08:35,35.05,34.95,57200,35.05,14300,14300,36007400
NBCC-I.NFO,07/01/2020,10:08:54,35.05,35,28600,35.05,28600,0,36007400
NBCC-I.NFO,07/01/2020,10:09:05,35.05,35,42900,35.05,14300,14300,36007400
NBCC-I.NFO,07/01/2020,10:09:56,35.05,35,42900,35.05,14300,0,36007400
NBCC-I.NFO,07/01/2020,10:10:10,35,35,28600,35.05,14300,14300,36007400
NBCC-I.NFO,07/01/2020,10:10:16,35,35,28600,35.05,14300,0,36007400
NBCC-I.NFO,07/01/2020,10:10:27,35,35,28600,35.05,42900,0,36007400
NBCC-I.NFO,07/01/2020,10:10:51,35,35,14300,35.05,42900,0,36007400
NBCC-I.NFO,07/01/2020,10:11:00,35.05,35.05,14300,35.1,42900,14300,36007400
NBCC-I.NFO,07/01/2020,10:11:10,35.05,35.05,28600,35.1,28600,0,36007400
NBCC-I.NFO,07/01/2020,10:11:43,35.1,35.05,28600,35.15,57200,28600,36050300
NBCC-I.NFO,07/01/2020,10:11:49,35.1,35.05,42900,35.15,57200,0,36050300
NBCC-I.NFO,07/01/2020,10:11:55,35.1,35.05,42900,35.15,71500,0,36050300
NBCC-I.NFO,07/01/2020,10:12:13,35.1,35.05,42900,35.15,85800,0,36050300
NBCC-I.NFO,07/01/2020,10:12:28,35.1,35.05,71500,35.15,85800,0,36050300
NBCC-I.NFO,07/01/2020,10:12:34,35.05,35.1,28600,35.15,85800,14300,36050300
NBCC-I.NFO,07/01/2020,10:12:39,35.05,35.1,28600,35.15,85800,0,36050300
NBCC-I.NFO,07/01/2020,10:13:01,35.05,35.1,42900,35.15,85800,0,36050300
NBCC-I.NFO,07/01/2020,10:13:07,35.15,35.1,42900,35.2,57200,85800,36050300
NBCC-I.NFO,07/01/2020,10:13:12,35.15,35.1,57200,35.2,57200,0,36050300
NBCC-I.NFO,07/01/2020,10:13:25,35.15,35.15,14300,35.2,28600,0,36050300
NBCC-I.NFO,07/01/2020,10:13:32,35.15,35.1,85800,35.2,28600,14300,36050300
NBCC-I.NFO,07/01/2020,10:13:37,35.15,35.1,85800,35.2,28600,0,36050300
NBCC-I.NFO,07/01/2020,10:13:42,35.15,35.15,14300,35.2,28600,0,36050300
NBCC-I.NFO,07/01/2020,10:14:00,35.15,35.15,28600,35.2,28600,0,36050300
NBCC-I.NFO,07/01/2020,10:14:05,35.2,35.15,42900,35.2,14300,14300,36050300
NBCC-I.NFO,07/01/2020,10:14:10,35.2,35.15,57200,35.25,71500,0,36050300
NBCC-I.NFO,07/01/2020,10:14:16,35.2,35.2,14300,35.25,42900,0,36050300
NBCC-I.NFO,07/01/2020,10:14:27,35.2,35.2,14300,35.25,14300,14300,36121800
NBCC-I.NFO,07/01/2020,10:14:39,35.25,35.2,28600,35.3,57200,14300,36121800
NBCC-I.NFO,07/01/2020,10:14:45,35.25,35.2,57200,35.3,14300,0,36121800
NBCC-I.NFO,07/01/2020,10:14:50,35.25,35.25,42900,35.3,14300,0,36121800
NBCC-I.NFO,07/01/2020,10:15:08,35.25,35.2,14300,35.3,14300,57200,36121800
NBCC-I.NFO,07/01/2020,10:15:13,35.25,35.2,28600,35.3,28600,0,36121800
NBCC-I.NFO,07/01/2020,10:15:33,35.25,35.2,28600,35.3,28600,14300,36121800
NBCC-I.NFO,07/01/2020,10:15:39,35.25,35.25,14300,35.3,42900,0,36121800
NBCC-I.NFO,07/01/2020,10:15:44,35.25,35.2,28600,35.3,42900,14300,36121800
NBCC-I.NFO,07/01/2020,10:15:50,35.25,35.2,28600,35.3,42900,0,36121800
NBCC-I.NFO,07/01/2020,10:16:01,35.25,35.2,14300,35.3,42900,0,36121800
NBCC-I.NFO,07/01/2020,10:16:58,35.3,35.25,14300,35.35,85800,85800,36121800
NBCC-I.NFO,07/01/2020,10:17:04,35.3,35.25,14300,35.35,85800,0,36121800
NBCC-I.NFO,07/01/2020,10:17:26,35.25,35.2,14300,35.3,28600,14300,36179000
NBCC-I.NFO,07/01/2020,10:17:30,35.25,35.2,14300,35.3,28600,0,36179000
NBCC-I.NFO,07/01/2020,10:17:36,35.25,35.2,28600,35.25,28600,0,36179000
NBCC-I.NFO,07/01/2020,10:17:45,35.2,35.15,71500,35.25,28600,14300,36179000
NBCC-I.NFO,07/01/2020,10:17:49,35.2,35.15,71500,35.25,28600,0,36179000
NBCC-I.NFO,07/01/2020,10:18:47,35.2,35.15,14300,35.2,14300,0,36179000
NBCC-I.NFO,07/01/2020,10:19:09,35.2,35.1,114400,35.2,14300,0,36179000
NBCC-I.NFO,07/01/2020,10:19:45,35.2,35.1,128700,35.2,14300,0,36179000
NBCC-I.NFO,07/01/2020,10:19:56,35.2,35.1,114400,35.2,14300,0,36179000
NBCC-I.NFO,07/01/2020,10:20:02,35.2,35.1,71500,35.15,14300,0,36179000
NBCC-I.NFO,07/01/2020,10:20:06,35.15,35.1,71500,35.2,14300,28600,36179000
NBCC-I.NFO,07/01/2020,10:20:16,35.15,35.1,71500,35.2,28600,0,36179000
NBCC-I.NFO,07/01/2020,10:20:55,35.15,35.15,42900,35.2,28600,0,36179000
NBCC-I.NFO,07/01/2020,10:21:04,35.15,35.15,42900,35.25,71500,0,36179000
NBCC-I.NFO,07/01/2020,10:21:14,35.15,35.15,42900,35.25,85800,0,36179000
NBCC-I.NFO,07/01/2020,10:21:43,35.15,35.15,71500,35.25,42900,0,36179000
NBCC-I.NFO,07/01/2020,10:21:47,35.15,35.15,57200,35.25,42900,0,36179000
NBCC-I.NFO,07/01/2020,10:21:57,35.15,35.15,57200,35.2,14300,0,36179000
NBCC-I.NFO,07/01/2020,10:22:10,35.2,35.15,57200,35.25,28600,14300,36021700
NBCC-I.NFO,07/01/2020,10:22:15,35.2,35.15,57200,35.25,28600,0,36021700
NBCC-I.NFO,07/01/2020,10:22:41,35.2,35.15,71500,35.25,28600,0,36021700
NBCC-I.NFO,07/01/2020,10:23:44,35.2,35.15,57200,35.25,28600,0,36021700
NBCC-I.NFO,07/01/2020,10:23:57,35.2,35.15,57200,35.25,42900,0,36021700
NBCC-I.NFO,07/01/2020,10:24:09,35.2,35.15,57200,35.2,14300,0,36021700
NBCC-I.NFO,07/01/2020,10:24:14,35.2,35.15,57200,35.25,85800,0,36021700
NBCC-I.NFO,07/01/2020,10:24:27,35.25,35.15,57200,35.25,71500,14300,36036000
NBCC-I.NFO,07/01/2020,10:24:31,35.25,35.15,57200,35.25,71500,0,36036000
NBCC-I.NFO,07/01/2020,10:24:54,35.25,35.15,57200,35.25,85800,0,36036000
NBCC-I.NFO,07/01/2020,10:25:03,35.2,35.15,57200,35.25,85800,14300,36036000
NBCC-I.NFO,07/01/2020,10:25:07,35.2,35.15,57200,35.25,71500,0,36036000
NBCC-I.NFO,07/01/2020,10:25:11,35.2,35.15,57200,35.25,85800,0,36036000
NBCC-I.NFO,07/01/2020,10:25:14,35.2,35.2,42900,35.25,85800,0,36036000
NBCC-I.NFO,07/01/2020,10:25:18,35.2,35.15,57200,35.25,100100,42900,36036000
NBCC-I.NFO,07/01/2020,10:25:23,35.2,35.15,57200,35.2,14300,0,36036000
NBCC-I.NFO,07/01/2020,10:27:23,35.2,35.15,71500,35.2,14300,0,36036000
NBCC-I.NFO,07/01/2020,10:27:34,35.2,35.15,71500,35.2,28600,0,36036000
NBCC-I.NFO,07/01/2020,10:27:39,35.2,35.15,71500,35.2,42900,0,36036000
NBCC-I.NFO,07/01/2020,10:27:43,35.15,35.15,42900,35.2,28600,28600,36050300
NBCC-I.NFO,07/01/2020,10:27:56,35.15,35.15,42900,35.2,42900,0,36050300
NBCC-I.NFO,07/01/2020,10:28:04,35.15,35.15,42900,35.2,71500,0,36050300
NBCC-I.NFO,07/01/2020,10:28:19,35.15,35.15,42900,35.2,57200,0,36050300
NBCC-I.NFO,07/01/2020,10:28:32,35.15,35.1,71500,35.2,57200,42900,36050300
NBCC-I.NFO,07/01/2020,10:28:37,35.15,35.1,71500,35.2,57200,0,36050300
NBCC-I.NFO,07/01/2020,10:30:33,35.15,35.1,71500,35.2,42900,0,36050300
NBCC-I.NFO,07/01/2020,10:32:01,35.15,35.1,57200,35.2,42900,0,36050300
NBCC-I.NFO,07/01/2020,10:32:20,35.15,35.1,28600,35.15,14300,0,36050300
NBCC-I.NFO,07/01/2020,10:32:42,35.15,35.1,28600,35.15,28600,0,36050300
NBCC-I.NFO,07/01/2020,10:33:30,35.1,35.05,71500,35.15,100100,85800,36021700
NBCC-I.NFO,07/01/2020,10:33:33,35.1,35.05,71500,35.15,143000,0,36021700
NBCC-I.NFO,07/01/2020,10:33:37,35.1,35.05,71500,35.15,114400,0,36021700
NBCC-I.NFO,07/01/2020,10:33:41,35.1,35.05,85800,35.15,114400,0,36021700
NBCC-I.NFO,07/01/2020,10:34:13,35.1,35.05,85800,35.1,14300,0,36021700
NBCC-I.NFO,07/01/2020,10:34:42,35.1,35.05,85800,35.15,100100,14300,36021700
NBCC-I.NFO,07/01/2020,10:34:47,35.1,35.1,14300,35.15,28600,14300,36021700
NBCC-I.NFO,07/01/2020,10:34:51,35.1,35.1,14300,35.15,28600,0,36021700
NBCC-I.NFO,07/01/2020,10:34:57,35.1,35.1,28600,35.15,28600,0,36021700
NBCC-I.NFO,07/01/2020,10:35:00,35.1,35.05,85800,35.1,14300,28600,36021700
NBCC-I.NFO,07/01/2020,10:35:04,35.1,35.05,85800,35.1,14300,0,36021700
NBCC-I.NFO,07/01/2020,10:35:43,35.05,35.05,57200,35.1,14300,28600,35964500
NBCC-I.NFO,07/01/2020,10:35:55,35.05,35.05,42900,35.1,14300,0,35964500
NBCC-I.NFO,07/01/2020,10:36:47,35.05,35.05,42900,35.1,28600,0,35964500
NBCC-I.NFO,07/01/2020,10:36:53,35.05,35.05,28600,35.1,28600,14300,35964500
NBCC-I.NFO,07/01/2020,10:37:37,35.05,35.05,57200,35.1,28600,0,35964500
NBCC-I.NFO,07/01/2020,10:38:06,35.05,35.05,71500,35.1,28600,0,35964500
NBCC-I.NFO,07/01/2020,10:38:26,35.05,35.05,85800,35.1,28600,0,35964500
NBCC-I.NFO,07/01/2020,10:40:08,35.05,35.05,71500,35.1,28600,0,35964500
NBCC-I.NFO,07/01/2020,10:40:41,35.05,35.05,57200,35.1,28600,0,35964500
NBCC-I.NFO,07/01/2020,10:41:30,35.05,35.05,42900,35.1,28600,14300,35935900
NBCC-I.NFO,07/01/2020,10:41:36,35.05,35.05,42900,35.1,28600,0,35935900
NBCC-I.NFO,07/01/2020,10:41:40,35.05,35.05,57200,35.1,28600,0,35935900
NBCC-I.NFO,07/01/2020,10:42:07,35.1,35.1,14300,35.15,42900,28600,35950200
NBCC-I.NFO,07/01/2020,10:42:12,35.1,35.1,14300,35.15,42900,0,35950200
NBCC-I.NFO,07/01/2020,10:42:33,35.1,35.1,28600,35.15,42900,0,35950200
NBCC-I.NFO,07/01/2020,10:42:40,35.1,35.1,14300,35.15,42900,14300,35950200
NBCC-I.NFO,07/01/2020,10:42:43,35.1,35.05,100100,35.1,71500,14300,35950200
NBCC-I.NFO,07/01/2020,10:42:46,35.1,35.05,100100,35.1,28600,0,35950200
NBCC-I.NFO,07/01/2020,10:42:51,35.1,35.05,100100,35.15,85800,14300,35950200
NBCC-I.NFO,07/01/2020,10:43:13,35.1,35.05,100100,35.15,85800,0,35950200
NBCC-I.NFO,07/01/2020,10:44:01,35.1,35.05,100100,35.15,71500,42900,35950200
NBCC-I.NFO,07/01/2020,10:44:07,35.1,35.05,85800,35.15,71500,0,35950200
NBCC-I.NFO,07/01/2020,10:44:20,35.1,35.05,71500,35.15,71500,0,35950200
NBCC-I.NFO,07/01/2020,10:44:37,35.1,35.05,71500,35.15,57200,0,35950200
NBCC-I.NFO,07/01/2020,10:44:40,35.1,35.05,114400,35.15,57200,0,35950200
NBCC-I.NFO,07/01/2020,10:44:43,35.1,35.05,85800,35.15,57200,0,35950200
NBCC-I.NFO,07/01/2020,10:45:23,35.1,35.1,14300,35.15,57200,0,35950200
NBCC-I.NFO,07/01/2020,10:45:56,35.1,35.05,114400,35.15,57200,14300,35935900
NBCC-I.NFO,07/01/2020,10:46:00,35.1,35.05,114400,35.15,57200,0,35935900
NBCC-I.NFO,07/01/2020,10:47:02,35.1,35.05,100100,35.15,57200,0,35935900
NBCC-I.NFO,07/01/2020,10:47:08,35.1,35.05,114400,35.15,57200,0,35935900
NBCC-I.NFO,07/01/2020,10:47:24,35.1,35.05,100100,35.15,57200,0,35935900
NBCC-I.NFO,07/01/2020,10:47:32,35.1,35.05,85800,35.15,57200,0,35935900
NBCC-I.NFO,07/01/2020,10:47:39,35.1,35.05,57200,35.15,71500,0,35935900
NBCC-I.NFO,07/01/2020,10:47:54,35.1,35.05,100100,35.15,57200,0,35935900
NBCC-I.NFO,07/01/2020,10:48:18,35.1,35.05,114400,35.15,57200,0,35935900
NBCC-I.NFO,07/01/2020,10:48:35,35.1,35.05,114400,35.1,71500,0,35935900
NBCC-I.NFO,07/01/2020,10:48:41,35.1,35.05,114400,35.15,57200,0,35935900
NBCC-I.NFO,07/01/2020,10:49:01,35.1,35.05,100100,35.15,57200,0,35935900
NBCC-I.NFO,07/01/2020,10:49:11,35.1,35.05,114400,35.15,57200,0,35935900
NBCC-I.NFO,07/01/2020,10:49:49,35.1,35.05,100100,35.15,57200,0,35935900
NBCC-I.NFO,07/01/2020,10:49:58,35.1,35.05,85800,35.1,71500,0,35935900
NBCC-I.NFO,07/01/2020,10:50:03,35.05,35,143000,35.05,57200,71500,35950200
NBCC-I.NFO,07/01/2020,10:50:09,35.05,35,128700,35.05,57200,0,35950200
NBCC-I.NFO,07/01/2020,10:50:14,35.05,35,143000,35.05,57200,0,35950200
NBCC-I.NFO,07/01/2020,10:50:25,35.05,35,143000,35.05,71500,0,35950200
NBCC-I.NFO,07/01/2020,10:50:30,35.05,35,143000,35.05,85800,0,35950200
NBCC-I.NFO,07/01/2020,10:50:36,35.05,35,143000,35.05,71500,14300,35935900
NBCC-I.NFO,07/01/2020,10:50:41,35.05,35,143000,35.05,57200,0,35935900
NBCC-I.NFO,07/01/2020,10:50:50,35,35,128700,35.1,85800,14300,35935900
NBCC-I.NFO,07/01/2020,10:50:55,35,35,128700,35.05,71500,0,35935900
NBCC-I.NFO,07/01/2020,10:51:03,35,35,128700,35.05,28600,0,35935900
NBCC-I.NFO,07/01/2020,10:51:11,35,35,143000,35.1,85800,0,35935900
NBCC-I.NFO,07/01/2020,10:51:15,35,35,100100,35.05,14300,0,35935900
NBCC-I.NFO,07/01/2020,10:51:19,34.95,34.9,114400,35,100100,114400,35935900
NBCC-I.NFO,07/01/2020,10:51:27,34.95,34.9,114400,35,71500,0,35935900
NBCC-I.NFO,07/01/2020,10:51:42,34.95,34.95,14300,35,28600,0,35935900
NBCC-I.NFO,07/01/2020,10:52:07,34.95,34.95,28600,35,28600,0,35935900
NBCC-I.NFO,07/01/2020,10:52:22,34.95,34.95,42900,35,28600,0,35935900
NBCC-I.NFO,07/01/2020,10:52:43,34.95,34.95,42900,35,57200,0,35935900
NBCC-I.NFO,07/01/2020,10:53:01,34.95,34.9,100100,34.95,57200,42900,35935900
NBCC-I.NFO,07/01/2020,10:53:08,34.95,34.9,100100,34.95,57200,0,35935900
NBCC-I.NFO,07/01/2020,10:53:21,34.95,34.9,85800,34.95,57200,0,35935900
NBCC-I.NFO,07/01/2020,10:53:32,34.85,34.8,85800,34.85,28600,114400,36021700
NBCC-I.NFO,07/01/2020,10:53:37,34.85,34.8,85800,34.85,28600,0,36021700
NBCC-I.NFO,07/01/2020,10:53:43,34.85,34.85,14300,34.9,28600,28600,36021700
NBCC-I.NFO,07/01/2020,10:53:49,34.85,34.8,85800,34.9,14300,14300,36021700
NBCC-I.NFO,07/01/2020,10:53:56,34.85,34.8,85800,34.9,14300,0,36021700
NBCC-I.NFO,07/01/2020,10:54:02,34.85,34.8,85800,34.9,42900,0,36021700
NBCC-I.NFO,07/01/2020,10:54:14,34.85,34.85,14300,34.9,42900,0,36021700
NBCC-I.NFO,07/01/2020,10:54:20,34.9,34.85,14300,34.9,28600,14300,36021700
NBCC-I.NFO,07/01/2020,10:54:26,34.9,34.85,14300,34.9,14300,0,36021700
NBCC-I.NFO,07/01/2020,10:54:39,34.9,34.85,14300,34.9,28600,0,36021700
NBCC-I.NFO,07/01/2020,10:54:58,34.9,34.85,14300,34.9,14300,0,36021700
NBCC-I.NFO,07/01/2020,10:55:07,34.9,34.85,28600,34.9,14300,0,36021700
NBCC-I.NFO,07/01/2020,10:55:20,34.9,34.85,14300,34.9,14300,0,36021700
NBCC-I.NFO,07/01/2020,10:55:24,34.9,34.85,14300,34.9,28600,0,36021700
NBCC-I.NFO,07/01/2020,10:55:29,34.9,34.85,28600,34.9,28600,0,36021700
NBCC-I.NFO,07/01/2020,10:55:35,34.9,34.85,28600,34.9,14300,0,36021700
NBCC-I.NFO,07/01/2020,10:55:41,34.9,34.85,28600,34.9,28600,0,36021700
NBCC-I.NFO,07/01/2020,10:56:52,34.9,34.85,28600,34.9,14300,0,36021700
NBCC-I.NFO,07/01/2020,10:57:09,34.9,34.85,28600,34.9,28600,0,36021700
NBCC-I.NFO,07/01/2020,10:57:23,34.85,34.8,71500,34.85,71500,28600,36078900
NBCC-I.NFO,07/01/2020,10:57:30,34.85,34.8,71500,34.85,28600,0,36078900
NBCC-I.NFO,07/01/2020,10:57:36,34.85,34.8,85800,34.9,85800,0,36078900
NBCC-I.NFO,07/01/2020,10:57:42,34.85,34.8,85800,34.9,100100,0,36078900
NBCC-I.NFO,07/01/2020,10:57:48,34.85,34.85,14300,34.9,14300,0,36078900
NBCC-I.NFO,07/01/2020,10:57:57,34.85,34.85,28600,34.9,14300,0,36078900
NBCC-I.NFO,07/01/2020,10:58:02,34.85,34.85,42900,34.9,42900,0,36078900
NBCC-I.NFO,07/01/2020,10:58:17,34.85,34.85,28600,34.9,42900,0,36078900
NBCC-I.NFO,07/01/2020,10:58:23,34.85,34.8,71500,34.85,14300,28600,36078900
NBCC-I.NFO,07/01/2020,10:58:29,34.85,34.8,71500,34.85,14300,0,36078900
NBCC-I.NFO,07/01/2020,10:58:34,34.85,34.8,85800,34.85,14300,0,36078900
NBCC-I.NFO,07/01/2020,10:58:51,34.85,34.8,85800,34.85,28600,0,36078900
NBCC-I.NFO,07/01/2020,10:58:56,34.8,34.75,28600,34.8,71500,128700,36078900
NBCC-I.NFO,07/01/2020,10:59:02,34.8,34.75,14300,34.8,57200,0,36078900
NBCC-I.NFO,07/01/2020,10:59:08,34.8,34.75,14300,34.8,71500,0,36078900
NBCC-I.NFO,07/01/2020,10:59:18,34.8,34.75,14300,34.8,57200,0,36078900
NBCC-I.NFO,07/01/2020,10:59:22,34.8,34.75,14300,34.8,71500,0,36078900
NBCC-I.NFO,07/01/2020,10:59:28,34.8,34.75,57200,34.8,71500,0,36078900
NBCC-I.NFO,07/01/2020,10:59:33,34.75,34.75,14300,34.8,57200,14300,36221900
NBCC-I.NFO,07/01/2020,10:59:33,34.75,34.75,14300,34.8,57200,0,36221900
NBCC-I.NFO,07/01/2020,10:59:39,34.75,34.75,14300,34.8,57200,14300,36221900
NBCC-I.NFO,07/01/2020,11:00:01,34.75,34.75,28600,34.8,71500,0,36221900
NBCC-I.NFO,07/01/2020,11:00:13,34.75,34.75,28600,34.8,57200,0,36221900
NBCC-I.NFO,07/01/2020,11:00:26,34.75,34.75,28600,34.8,71500,0,36221900
NBCC-I.NFO,07/01/2020,11:00:34,34.75,34.75,42900,34.8,71500,0,36221900
NBCC-I.NFO,07/01/2020,11:00:48,34.75,34.75,14300,34.8,71500,28600,36221900
NBCC-I.NFO,07/01/2020,11:00:53,34.65,34.65,14300,34.75,28600,57200,36221900
NBCC-I.NFO,07/01/2020,11:00:53,34.65,34.65,14300,34.75,28600,0,36221900
NBCC-I.NFO,07/01/2020,11:01:01,34.65,34.7,14300,34.75,14300,0,36221900
NBCC-I.NFO,07/01/2020,11:01:17,34.7,34.65,42900,34.75,42900,14300,36221900
NBCC-I.NFO,07/01/2020,11:01:31,34.7,34.65,42900,34.75,14300,14300,36221900
NBCC-I.NFO,07/01/2020,11:01:39,34.75,34.65,42900,34.75,28600,14300,36221900
NBCC-I.NFO,07/01/2020,11:01:47,34.75,34.7,28600,34.8,71500,0,36221900
NBCC-I.NFO,07/01/2020,11:01:55,34.75,34.7,28600,34.8,85800,0,36221900
NBCC-I.NFO,07/01/2020,11:02:02,34.75,34.65,57200,34.75,28600,0,36221900
NBCC-I.NFO,07/01/2020,11:02:09,34.7,34.65,42900,34.75,57200,14300,36221900
NBCC-I.NFO,07/01/2020,11:02:16,34.7,34.65,57200,34.75,71500,0,36221900
NBCC-I.NFO,07/01/2020,11:02:23,34.7,34.65,57200,34.75,57200,0,36221900
NBCC-I.NFO,07/01/2020,11:02:37,34.7,34.7,14300,34.75,85800,0,36221900
NBCC-I.NFO,07/01/2020,11:02:43,34.7,34.7,14300,34.75,100100,0,36221900
NBCC-I.NFO,07/01/2020,11:02:56,34.7,34.7,14300,34.75,85800,14300,36050300
NBCC-I.NFO,07/01/2020,11:03:02,34.7,34.7,28600,34.75,100100,0,36050300
NBCC-I.NFO,07/01/2020,11:03:09,34.7,34.7,14300,34.75,85800,0,36050300
NBCC-I.NFO,07/01/2020,11:03:28,34.7,34.7,14300,34.75,100100,0,36050300
NBCC-I.NFO,07/01/2020,11:03:40,34.7,34.65,42900,34.75,100100,14300,36050300
NBCC-I.NFO,07/01/2020,11:04:01,34.65,34.65,28600,34.7,14300,14300,36050300
NBCC-I.NFO,07/01/2020,11:04:14,34.65,34.65,28600,34.7,14300,0,36050300
NBCC-I.NFO,07/01/2020,11:04:21,34.65,34.65,28600,34.75,114400,0,36050300
NBCC-I.NFO,07/01/2020,11:04:33,34.65,34.65,28600,34.75,100100,0,36050300
NBCC-I.NFO,07/01/2020,11:04:47,34.65,34.65,28600,34.75,114400,0,36050300
NBCC-I.NFO,07/01/2020,11:05:02,34.65,34.65,28600,34.75,100100,0,36050300
NBCC-I.NFO,07/01/2020,11:05:08,34.65,34.65,28600,34.75,114400,0,36050300
NBCC-I.NFO,07/01/2020,11:05:15,34.75,34.65,28600,34.75,85800,14300,36050300
NBCC-I.NFO,07/01/2020,11:05:28,34.75,34.65,14300,34.7,14300,0,36050300
NBCC-I.NFO,07/01/2020,11:05:35,34.75,34.65,14300,34.7,28600,0,36050300
NBCC-I.NFO,07/01/2020,11:05:47,34.7,34.65,14300,34.7,14300,14300,36050300
NBCC-I.NFO,07/01/2020,11:05:54,34.7,34.65,28600,34.75,71500,14300,36050300
NBCC-I.NFO,07/01/2020,11:06:01,34.7,34.65,57200,34.75,85800,0,36050300
NBCC-I.NFO,07/01/2020,11:06:08,34.7,34.7,14300,34.75,71500,0,36050300
NBCC-I.NFO,07/01/2020,11:06:15,34.7,34.7,14300,34.75,85800,0,36050300
NBCC-I.NFO,07/01/2020,11:06:28,34.75,34.7,28600,34.75,14300,14300,36050300
NBCC-I.NFO,07/01/2020,11:06:34,34.75,34.7,28600,34.75,14300,0,36050300
NBCC-I.NFO,07/01/2020,11:06:49,34.75,34.7,57200,34.8,85800,0,36050300
NBCC-I.NFO,07/01/2020,11:07:00,34.75,34.7,71500,34.8,100100,0,36050300
NBCC-I.NFO,07/01/2020,11:07:11,34.75,34.7,71500,34.8,85800,0,36050300
NBCC-I.NFO,07/01/2020,11:07:16,34.75,34.7,71500,34.8,100100,0,36050300
NBCC-I.NFO,07/01/2020,11:07:22,34.75,34.7,85800,34.8,100100,0,36050300
NBCC-I.NFO,07/01/2020,11:07:32,34.75,34.75,28600,34.8,100100,0,36050300
NBCC-I.NFO,07/01/2020,11:07:42,34.75,34.75,28600,34.8,114400,0,36050300
NBCC-I.NFO,07/01/2020,11:07:48,34.75,34.7,57200,34.8,114400,28600,36050300
NBCC-I.NFO,07/01/2020,11:07:52,34.75,34.7,71500,34.75,14300,0,36050300
NBCC-I.NFO,07/01/2020,11:07:57,34.7,34.7,71500,34.8,114400,14300,36050300
NBCC-I.NFO,07/01/2020,11:08:01,34.7,34.7,71500,34.8,143000,0,36050300
NBCC-I.NFO,07/01/2020,11:08:06,34.7,34.7,71500,34.8,128700,0,36050300
NBCC-I.NFO,07/01/2020,11:08:16,34.7,34.7,71500,34.8,100100,0,36050300
NBCC-I.NFO,07/01/2020,11:08:32,34.7,34.7,71500,34.8,114400,0,36050300
NBCC-I.NFO,07/01/2020,11:08:42,34.7,34.7,71500,34.8,100100,0,36050300
NBCC-I.NFO,07/01/2020,11:08:47,34.7,34.7,71500,34.8,114400,0,36050300
NBCC-I.NFO,07/01/2020,11:08:55,34.7,34.7,71500,34.8,100100,0,36050300
NBCC-I.NFO,07/01/2020,11:08:59,34.7,34.7,71500,34.8,114400,0,36050300
NBCC-I.NFO,07/01/2020,11:09:14,34.7,34.7,71500,34.8,100100,0,36050300
NBCC-I.NFO,07/01/2020,11:09:19,34.7,34.7,71500,34.8,114400,0,36050300
NBCC-I.NFO,07/01/2020,11:09:30,34.7,34.7,71500,34.8,128700,0,36050300
NBCC-I.NFO,07/01/2020,11:09:46,34.7,34.7,71500,34.8,143000,0,36050300
NBCC-I.NFO,07/01/2020,11:09:50,34.7,34.7,71500,34.8,128700,0,36050300
NBCC-I.NFO,07/01/2020,11:09:58,34.7,34.7,71500,34.8,143000,0,36050300
NBCC-I.NFO,07/01/2020,11:10:06,34.7,34.7,71500,34.8,100100,0,36050300
NBCC-I.NFO,07/01/2020,11:10:11,34.7,34.7,71500,34.8,114400,0,36050300
NBCC-I.NFO,07/01/2020,11:10:16,34.7,34.7,71500,34.8,100100,0,36050300
NBCC-I.NFO,07/01/2020,11:10:30,34.7,34.7,71500,34.8,114400,0,36050300
NBCC-I.NFO,07/01/2020,11:10:33,34.7,34.65,28600,34.7,71500,71500,36050300
NBCC-I.NFO,07/01/2020,11:10:37,34.7,34.6,143000,34.7,71500,0,36050300
NBCC-I.NFO,07/01/2020,11:10:44,34.7,34.65,28600,34.7,71500,0,36050300
NBCC-I.NFO,07/01/2020,11:10:54,34.7,34.65,28600,34.7,57200,0,36050300
NBCC-I.NFO,07/01/2020,11:10:58,34.7,34.65,42900,34.7,57200,0,36050300
NBCC-I.NFO,07/01/2020,11:11:01,34.7,34.65,42900,34.7,71500,0,36050300
NBCC-I.NFO,07/01/2020,11:11:11,34.7,34.65,28600,34.7,71500,0,36050300
NBCC-I.NFO,07/01/2020,11:11:32,34.65,34.6,71500,34.65,71500,28600,36050300
NBCC-I.NFO,07/01/2020,11:11:40,34.6,34.55,28600,34.6,71500,71500,36078900
NBCC-I.NFO,07/01/2020,11:11:40,34.6,34.55,28600,34.6,71500,0,36078900
NBCC-I.NFO,07/01/2020,11:11:47,34.6,34.55,28600,34.65,85800,14300,36078900
NBCC-I.NFO,07/01/2020,11:11:53,34.6,34.55,42900,34.65,100100,0,36078900
NBCC-I.NFO,07/01/2020,11:12:00,34.55,34.55,14300,34.6,57200,42900,36078900
NBCC-I.NFO,07/01/2020,11:12:00,34.55,34.55,14300,34.6,57200,0,36078900
NBCC-I.NFO,07/01/2020,11:12:09,34.55,34.55,42900,34.6,14300,14300,36078900
NBCC-I.NFO,07/01/2020,11:12:16,34.55,34.55,28600,34.6,14300,14300,36078900
NBCC-I.NFO,07/01/2020,11:12:23,34.55,34.55,28600,34.6,14300,0,36078900
NBCC-I.NFO,07/01/2020,11:12:28,34.55,34.55,28600,34.6,28600,0,36078900
NBCC-I.NFO,07/01/2020,11:12:45,34.55,34.55,28600,34.6,71500,0,36078900
NBCC-I.NFO,07/01/2020,11:12:56,34.55,34.5,128700,34.6,28600,57200,36078900
NBCC-I.NFO,07/01/2020,11:13:01,34.55,34.55,14300,34.6,28600,0,36078900
NBCC-I.NFO,07/01/2020,11:13:06,34.55,34.55,28600,34.6,28600,0,36078900
NBCC-I.NFO,07/01/2020,11:13:11,34.55,34.55,14300,34.6,28600,14300,36078900
NBCC-I.NFO,07/01/2020,11:13:16,34.55,34.55,14300,34.6,28600,0,36078900
NBCC-I.NFO,07/01/2020,11:13:28,34.55,34.55,28600,34.6,28600,0,36078900
NBCC-I.NFO,07/01/2020,11:13:33,34.55,34.55,28600,34.6,57200,0,36078900
NBCC-I.NFO,07/01/2020,11:13:40,34.55,34.55,28600,34.6,28600,0,36078900
NBCC-I.NFO,07/01/2020,11:13:45,34.6,34.55,28600,34.6,14300,14300,36078900
NBCC-I.NFO,07/01/2020,11:13:57,34.6,34.55,28600,34.6,14300,0,36078900
NBCC-I.NFO,07/01/2020,11:14:02,34.6,34.55,28600,34.65,71500,14300,36078900
NBCC-I.NFO,07/01/2020,11:14:55,34.65,34.55,42900,34.65,57200,14300,36136100
NBCC-I.NFO,07/01/2020,11:15:01,34.65,34.55,28600,34.6,42900,0,36136100
NBCC-I.NFO,07/01/2020,11:15:36,34.55,34.5,85800,34.6,42900,28600,36136100
NBCC-I.NFO,07/01/2020,11:15:45,34.55,34.55,14300,34.6,42900,0,36136100
NBCC-I.NFO,07/01/2020,11:15:49,34.55,34.55,28600,34.6,42900,0,36136100
NBCC-I.NFO,07/01/2020,11:15:53,34.55,34.5,42900,34.55,28600,28600,36136100
NBCC-I.NFO,07/01/2020,11:15:58,34.55,34.5,42900,34.6,100100,28600,36136100
NBCC-I.NFO,07/01/2020,11:16:03,34.55,34.5,42900,34.55,28600,0,36136100
NBCC-I.NFO,07/01/2020,11:16:09,34.55,34.45,14300,34.55,28600,100100,36136100
NBCC-I.NFO,07/01/2020,11:16:09,34.45,34.45,14300,34.55,28600,0,36136100
NBCC-I.NFO,07/01/2020,11:16:15,34.55,34.45,28600,34.55,71500,0,36136100
NBCC-I.NFO,07/01/2020,11:16:21,34.55,34.45,57200,34.55,71500,0,36136100
NBCC-I.NFO,07/01/2020,11:16:37,34.55,34.5,14300,34.55,71500,0,36136100
NBCC-I.NFO,07/01/2020,11:16:42,34.55,34.5,14300,34.55,85800,0,36136100
NBCC-I.NFO,07/01/2020,11:16:47,34.55,34.5,28600,34.55,85800,0,36136100
NBCC-I.NFO,07/01/2020,11:17:43,34.55,34.55,14300,34.6,14300,57200,36279100
NBCC-I.NFO,07/01/2020,11:17:49,34.55,34.55,28600,34.6,14300,0,36279100
NBCC-I.NFO,07/01/2020,11:18:07,34.55,34.55,42900,34.6,14300,0,36279100
NBCC-I.NFO,07/01/2020,11:18:12,34.6,34.6,14300,34.65,57200,14300,36279100
NBCC-I.NFO,07/01/2020,11:18:36,34.6,34.6,28600,34.65,42900,0,36279100
NBCC-I.NFO,07/01/2020,11:18:57,34.6,34.6,28600,34.65,28600,0,36279100
NBCC-I.NFO,07/01/2020,11:19:03,34.6,34.6,42900,34.65,28600,0,36279100
NBCC-I.NFO,07/01/2020,11:19:22,34.6,34.55,57200,34.6,28600,42900,36279100
NBCC-I.NFO,07/01/2020,11:19:30,34.6,34.55,71500,34.65,100100,0,36279100
NBCC-I.NFO,07/01/2020,11:19:37,34.6,34.55,71500,34.65,71500,0,36279100
NBCC-I.NFO,07/01/2020,11:19:42,34.6,34.55,85800,34.65,71500,0,36279100
NBCC-I.NFO,07/01/2020,11:20:06,34.6,34.6,14300,34.65,85800,0,36279100
NBCC-I.NFO,07/01/2020,11:20:18,34.6,34.6,14300,34.65,57200,0,36279100
NBCC-I.NFO,07/01/2020,11:20:45,34.6,34.6,14300,34.65,85800,14300,36221900
NBCC-I.NFO,07/01/2020,11:20:50,34.6,34.6,114400,34.65,28600,0,36221900
NBCC-I.NFO,07/01/2020,11:21:12,34.6,34.6,128700,34.65,28600,0,36221900
NBCC-I.NFO,07/01/2020,11:21:30,34.6,34.6,128700,34.65,71500,0,36221900
NBCC-I.NFO,07/01/2020,11:21:50,34.7,34.65,42900,34.75,71500,114400,36221900
NBCC-I.NFO,07/01/2020,11:21:54,34.7,34.65,42900,34.75,71500,0,36221900
NBCC-I.NFO,07/01/2020,11:21:59,34.75,34.65,28600,34.75,57200,14300,36221900
NBCC-I.NFO,07/01/2020,11:22:04,34.75,34.65,14300,34.75,71500,0,36221900
NBCC-I.NFO,07/01/2020,11:22:12,34.75,34.65,28600,34.75,71500,0,36221900
NBCC-I.NFO,07/01/2020,11:22:19,34.75,34.65,42900,34.75,85800,0,36221900
NBCC-I.NFO,07/01/2020,11:22:44,34.75,34.65,57200,34.75,85800,0,36221900
NBCC-I.NFO,07/01/2020,11:22:47,34.75,34.65,71500,34.75,85800,0,36221900
NBCC-I.NFO,07/01/2020,11:22:54,34.7,34.65,71500,34.75,57200,14300,36221900
NBCC-I.NFO,07/01/2020,11:23:08,34.7,34.65,100100,34.75,57200,0,36221900
NBCC-I.NFO,07/01/2020,11:23:13,34.7,34.65,100100,34.75,42900,0,36221900
NBCC-I.NFO,07/01/2020,11:23:41,34.7,34.65,100100,34.75,28600,0,36221900
NBCC-I.NFO,07/01/2020,11:24:08,34.75,34.65,100100,34.8,100100,28600,36207600
NBCC-I.NFO,07/01/2020,11:24:13,34.75,34.7,57200,34.8,85800,0,36207600
NBCC-I.NFO,07/01/2020,11:24:22,34.75,34.75,14300,34.8,57200,0,36207600
NBCC-I.NFO,07/01/2020,11:24:27,34.75,34.75,28600,34.8,57200,0,36207600
NBCC-I.NFO,07/01/2020,11:24:31,34.75,34.75,42900,34.8,57200,0,36207600
NBCC-I.NFO,07/01/2020,11:25:08,34.8,34.75,42900,34.8,42900,14300,36207600
NBCC-I.NFO,07/01/2020,11:25:13,34.8,34.75,42900,34.8,42900,0,36207600
NBCC-I.NFO,07/01/2020,11:26:06,34.8,34.75,42900,34.8,28600,0,36207600
NBCC-I.NFO,07/01/2020,11:26:14,34.75,34.7,28600,34.8,85800,42900,36207600
NBCC-I.NFO,07/01/2020,11:26:17,34.75,34.7,28600,34.8,100100,0,36207600
NBCC-I.NFO,07/01/2020,11:26:26,34.75,34.7,28600,34.75,14300,0,36207600
NBCC-I.NFO,07/01/2020,11:26:30,34.75,34.7,14300,34.75,14300,0,36207600
NBCC-I.NFO,07/01/2020,11:26:53,34.75,34.7,14300,34.75,42900,0,36207600
NBCC-I.NFO,07/01/2020,11:27:00,34.75,34.7,14300,34.75,14300,0,36207600
NBCC-I.NFO,07/01/2020,11:27:57,34.75,34.7,14300,34.8,100100,0,36207600
NBCC-I.NFO,07/01/2020,11:28:18,34.75,34.7,14300,34.8,100100,14300,36264800
NBCC-I.NFO,07/01/2020,11:28:26,34.75,34.7,14300,34.8,100100,0,36264800
NBCC-I.NFO,07/01/2020,11:28:38,34.75,34.7,14300,34.8,85800,14300,36264800
NBCC-I.NFO,07/01/2020,11:28:47,34.75,34.7,14300,34.8,85800,0,36264800
NBCC-I.NFO,07/01/2020,11:29:09,34.65,34.65,71500,34.75,42900,28600,36264800
NBCC-I.NFO,07/01/2020,11:29:13,34.65,34.65,71500,34.75,42900,0,36264800
NBCC-I.NFO,07/01/2020,11:29:23,34.65,34.7,14300,34.75,28600,0,36264800
NBCC-I.NFO,07/01/2020,11:31:01,34.65,34.7,14300,34.75,14300,0,36264800
NBCC-I.NFO,07/01/2020,11:31:51,34.75,34.7,14300,34.8,57200,14300,36279100
NBCC-I.NFO,07/01/2020,11:31:57,34.75,34.7,14300,34.8,57200,0,36279100
NBCC-I.NFO,07/01/2020,11:32:24,34.75,34.75,14300,34.8,57200,0,36279100
NBCC-I.NFO,07/01/2020,11:32:34,34.75,34.7,14300,34.8,42900,14300,36279100
NBCC-I.NFO,07/01/2020,11:32:43,34.75,34.7,14300,34.8,42900,0,36279100
NBCC-I.NFO,07/01/2020,11:32:47,34.75,34.7,14300,34.8,57200,0,36279100
NBCC-I.NFO,07/01/2020,11:33:03,34.75,34.7,28600,34.8,57200,0,36279100
NBCC-I.NFO,07/01/2020,11:33:20,34.75,34.7,28600,34.8,42900,0,36279100
NBCC-I.NFO,07/01/2020,11:33:33,34.75,34.7,14300,34.8,42900,0,36279100
NBCC-I.NFO,07/01/2020,11:33:42,34.75,34.7,28600,34.8,42900,0,36279100
NBCC-I.NFO,07/01/2020,11:33:50,34.75,34.75,14300,34.8,14300,0,36279100
NBCC-I.NFO,07/01/2020,11:33:54,34.8,34.7,57200,34.85,57200,28600,36279100
NBCC-I.NFO,07/01/2020,11:34:00,34.8,34.75,28600,34.85,57200,0,36279100
NBCC-I.NFO,07/01/2020,11:34:06,34.8,34.8,14300,34.85,28600,0,36279100
NBCC-I.NFO,07/01/2020,11:34:14,34.85,34.8,14300,34.85,14300,28600,36279100
NBCC-I.NFO,07/01/2020,11:34:21,34.85,34.75,57200,34.85,42900,0,36279100
NBCC-I.NFO,07/01/2020,11:34:27,34.85,34.75,57200,34.85,28600,0,36279100
NBCC-I.NFO,07/01/2020,11:34:33,34.85,34.8,14300,34.85,14300,14300,36279100
NBCC-I.NFO,07/01/2020,11:34:39,34.85,34.8,14300,34.85,14300,0,36279100
NBCC-I.NFO,07/01/2020,11:34:52,34.85,34.8,14300,34.85,28600,0,36279100
NBCC-I.NFO,07/01/2020,11:35:23,34.85,34.8,14300,34.85,14300,0,36279100
NBCC-I.NFO,07/01/2020,11:35:34,34.85,34.8,28600,34.85,14300,0,36279100
NBCC-I.NFO,07/01/2020,11:35:41,34.85,34.8,28600,34.85,14300,28600,36293400
NBCC-I.NFO,07/01/2020,11:35:47,34.85,34.8,14300,34.85,14300,0,36293400
NBCC-I.NFO,07/01/2020,11:35:53,34.85,34.8,28600,34.85,14300,0,36293400
NBCC-I.NFO,07/01/2020,11:36:08,34.85,34.8,42900,34.85,14300,0,36293400
NBCC-I.NFO,07/01/2020,11:36:12,34.85,34.8,42900,34.9,71500,14300,36293400
NBCC-I.NFO,07/01/2020,11:36:33,34.85,34.8,42900,34.85,14300,0,36293400
NBCC-I.NFO,07/01/2020,11:37:13,34.8,34.75,14300,34.85,85800,42900,36293400
NBCC-I.NFO,07/01/2020,11:37:17,34.8,34.75,28600,34.85,71500,0,36293400
NBCC-I.NFO,07/01/2020,11:37:22,34.8,34.75,28600,34.85,85800,0,36293400
NBCC-I.NFO,07/01/2020,11:37:41,34.8,34.75,28600,34.85,71500,0,36293400
NBCC-I.NFO,07/01/2020,11:37:46,34.8,34.75,28600,34.85,85800,0,36293400
NBCC-I.NFO,07/01/2020,11:38:13,34.8,34.75,28600,34.85,100100,0,36293400
NBCC-I.NFO,07/01/2020,11:38:22,34.8,34.75,28600,34.85,114400,0,36293400
NBCC-I.NFO,07/01/2020,11:38:56,34.75,34.75,14300,34.85,100100,14300,36279100
NBCC-I.NFO,07/01/2020,11:39:27,34.75,34.75,28600,34.8,14300,0,36279100
NBCC-I.NFO,07/01/2020,11:39:53,34.75,34.7,14300,34.75,14300,14300,36279100
NBCC-I.NFO,07/01/2020,11:41:02,34.65,34.6,128700,34.7,42900,57200,36279100
NBCC-I.NFO,07/01/2020,11:41:06,34.65,34.6,128700,34.7,14300,0,36279100
NBCC-I.NFO,07/01/2020,11:41:10,34.65,34.6,128700,34.7,28600,0,36279100
NBCC-I.NFO,07/01/2020,11:41:15,34.65,34.6,143000,34.7,28600,0,36279100
NBCC-I.NFO,07/01/2020,11:41:39,34.65,34.6,128700,34.7,28600,0,36279100
NBCC-I.NFO,07/01/2020,11:41:42,34.65,34.6,114400,34.7,57200,0,36279100
NBCC-I.NFO,07/01/2020,11:41:45,34.65,34.6,128700,34.7,57200,0,36279100
NBCC-I.NFO,07/01/2020,11:41:54,34.65,34.6,157300,34.7,42900,0,36279100
NBCC-I.NFO,07/01/2020,11:42:18,34.65,34.6,128700,34.7,57200,0,36279100
NBCC-I.NFO,07/01/2020,11:42:21,34.65,34.6,143000,34.7,57200,0,36279100
NBCC-I.NFO,07/01/2020,11:42:25,34.65,34.6,128700,34.7,57200,0,36279100
NBCC-I.NFO,07/01/2020,11:42:31,34.65,34.6,157300,34.7,57200,0,36279100
NBCC-I.NFO,07/01/2020,11:43:05,34.65,34.6,143000,34.7,42900,0,36279100
NBCC-I.NFO,07/01/2020,11:43:09,34.65,34.6,157300,34.7,42900,0,36279100
NBCC-I.NFO,07/01/2020,11:43:27,34.65,34.6,128700,34.7,57200,0,36279100
NBCC-I.NFO,07/01/2020,11:43:31,34.65,34.6,157300,34.7,42900,14300,36279100
NBCC-I.NFO,07/01/2020,11:43:35,34.65,34.6,157300,34.7,42900,0,36279100
NBCC-I.NFO,07/01/2020,11:43:50,34.65,34.6,157300,34.7,28600,0,36279100
NBCC-I.NFO,07/01/2020,11:47:03,34.65,34.65,14300,34.7,28600,0,36279100
NBCC-I.NFO,07/01/2020,11:47:14,34.65,34.65,14300,34.7,14300,0,36279100
NBCC-I.NFO,07/01/2020,11:47:31,34.65,34.6,157300,34.7,14300,0,36279100
NBCC-I.NFO,07/01/2020,11:48:25,34.65,34.6,143000,34.7,14300,0,36279100
NBCC-I.NFO,07/01/2020,11:48:29,34.65,34.6,143000,34.7,28600,0,36279100
NBCC-I.NFO,07/01/2020,11:48:33,34.65,34.6,143000,34.65,14300,0,36279100
NBCC-I.NFO,07/01/2020,11:48:42,34.65,34.6,114400,34.65,14300,0,36279100
NBCC-I.NFO,07/01/2020,11:48:49,34.65,34.6,128700,34.65,14300,0,36279100
NBCC-I.NFO,07/01/2020,11:48:54,34.65,34.6,114400,34.65,42900,0,36279100
NBCC-I.NFO,07/01/2020,11:49:20,34.6,34.55,28600,34.65,71500,114400,36293400
NBCC-I.NFO,07/01/2020,11:49:36,34.6,34.55,28600,34.6,14300,0,36293400
NBCC-I.NFO,07/01/2020,11:49:40,34.6,34.55,42900,34.65,42900,0,36293400
NBCC-I.NFO,07/01/2020,11:49:58,34.6,34.55,42900,34.65,71500,0,36293400
NBCC-I.NFO,07/01/2020,11:50:04,34.65,34.6,28600,34.65,28600,14300,36293400
NBCC-I.NFO,07/01/2020,11:50:08,34.65,34.6,28600,34.65,28600,0,36293400
NBCC-I.NFO,07/01/2020,11:50:18,34.65,34.6,14300,34.65,28600,0,36293400
NBCC-I.NFO,07/01/2020,11:51:33,34.65,34.6,28600,34.7,85800,0,36293400
NBCC-I.NFO,07/01/2020,11:51:38,34.65,34.6,28600,34.7,71500,0,36293400
NBCC-I.NFO,07/01/2020,11:51:42,34.65,34.6,14300,34.65,14300,0,36293400
NBCC-I.NFO,07/01/2020,11:51:46,34.65,34.6,14300,34.65,85800,0,36293400
NBCC-I.NFO,07/01/2020,11:51:51,34.65,34.6,71500,34.65,471900,0,36293400
NBCC-I.NFO,07/01/2020,11:51:56,34.6,34.55,42900,34.6,14300,100100,36407800
NBCC-I.NFO,07/01/2020,11:52:00,34.6,34.6,28600,34.65,100100,14300,36407800
NBCC-I.NFO,07/01/2020,11:52:04,34.65,34.6,28600,34.65,100100,14300,36407800
NBCC-I.NFO,07/01/2020,11:52:12,34.65,34.6,28600,34.65,100100,0,36407800
NBCC-I.NFO,07/01/2020,11:52:15,34.7,34.65,28600,34.7,42900,128700,36407800
NBCC-I.NFO,07/01/2020,11:52:19,34.65,34.6,57200,34.65,14300,57200,36407800
NBCC-I.NFO,07/01/2020,11:52:22,34.65,34.6,128700,34.7,57200,14300,36407800
NBCC-I.NFO,07/01/2020,11:52:27,34.65,34.6,128700,34.65,71500,0,36407800
NBCC-I.NFO,07/01/2020,11:52:34,34.6,34.6,14300,34.65,471900,114400,36407800
NBCC-I.NFO,07/01/2020,11:52:38,34.6,34.6,28600,34.65,100100,0,36407800
NBCC-I.NFO,07/01/2020,11:52:48,34.6,34.6,42900,34.65,100100,0,36407800
NBCC-I.NFO,07/01/2020,11:52:52,34.6,34.6,28600,34.65,100100,0,36407800
NBCC-I.NFO,07/01/2020,11:52:56,34.7,34.65,42900,34.75,42900,185900,36407800
NBCC-I.NFO,07/01/2020,11:53:01,34.65,34.6,71500,34.65,85800,42900,36407800
NBCC-I.NFO,07/01/2020,11:53:05,34.6,34.55,71500,34.6,14300,128700,36407800
NBCC-I.NFO,07/01/2020,11:53:10,34.6,34.6,71500,34.65,14300,14300,36407800
NBCC-I.NFO,07/01/2020,11:53:23,34.6,34.6,100100,34.65,14300,0,36407800
NBCC-I.NFO,07/01/2020,11:53:29,34.6,34.6,114400,34.65,57200,0,36407800
NBCC-I.NFO,07/01/2020,11:53:33,34.6,34.6,128700,34.65,443300,14300,36407800
NBCC-I.NFO,07/01/2020,11:53:37,34.6,34.6,114400,34.65,57200,0,36407800
NBCC-I.NFO,07/01/2020,11:53:45,34.6,34.6,114400,34.65,28600,0,36407800
NBCC-I.NFO,07/01/2020,11:53:50,34.6,34.6,85800,34.65,28600,0,36407800
NBCC-I.NFO,07/01/2020,11:53:53,34.6,34.55,100100,34.65,28600,85800,36579400
NBCC-I.NFO,07/01/2020,11:53:55,34.6,34.6,14300,34.65,71500,0,36579400
NBCC-I.NFO,07/01/2020,11:53:57,34.6,34.6,14300,34.65,100100,0,36579400
NBCC-I.NFO,07/01/2020,11:54:00,34.6,34.6,28600,34.65,128700,0,36579400
NBCC-I.NFO,07/01/2020,11:54:06,34.6,34.6,42900,34.65,128700,0,36579400
NBCC-I.NFO,07/01/2020,11:54:10,34.65,34.6,443300,34.65,100100,71500,36579400
NBCC-I.NFO,07/01/2020,11:54:14,34.65,34.6,28600,34.65,71500,0,36579400
NBCC-I.NFO,07/01/2020,11:54:22,34.65,34.6,42900,34.65,71500,0,36579400
NBCC-I.NFO,07/01/2020,11:54:26,34.6,34.6,14300,34.65,443300,143000,36579400
NBCC-I.NFO,07/01/2020,11:54:29,34.6,34.6,14300,34.65,471900,0,36579400
NBCC-I.NFO,07/01/2020,11:54:32,34.6,34.6,14300,34.65,171600,0,36579400
NBCC-I.NFO,07/01/2020,11:54:43,34.65,34.6,443300,34.65,71500,171600,36579400
NBCC-I.NFO,07/01/2020,11:54:45,34.6,34.55,185900,34.65,128700,14300,36579400
NBCC-I.NFO,07/01/2020,11:54:47,34.6,34.6,14300,34.65,143000,0,36579400
NBCC-I.NFO,07/01/2020,11:54:51,34.6,34.55,185900,34.6,57200,14300,36579400
NBCC-I.NFO,07/01/2020,11:54:53,34.6,34.55,629200,34.6,57200,0,36579400
NBCC-I.NFO,07/01/2020,11:54:55,34.6,34.55,171600,34.6,71500,0,36579400
NBCC-I.NFO,07/01/2020,11:54:58,34.6,34.55,100100,34.6,57200,0,36579400
NBCC-I.NFO,07/01/2020,11:55:02,34.6,34.55,157300,34.6,57200,0,36579400
NBCC-I.NFO,07/01/2020,11:55:06,34.55,34.5,28600,34.55,14300,228800,36579400
NBCC-I.NFO,07/01/2020,11:55:09,34.55,34.5,57200,34.55,14300,0,36579400
NBCC-I.NFO,07/01/2020,11:55:12,34.55,34.5,157300,34.55,28600,0,36579400
NBCC-I.NFO,07/01/2020,11:55:16,34.55,34.5,42900,34.55,28600,0,36579400
NBCC-I.NFO,07/01/2020,11:55:19,34.55,34.55,14300,34.6,171600,28600,36579400
NBCC-I.NFO,07/01/2020,11:55:22,34.55,34.55,14300,34.6,171600,0,36579400
NBCC-I.NFO,07/01/2020,11:55:26,34.55,34.5,28600,34.6,171600,0,36579400
NBCC-I.NFO,07/01/2020,11:55:29,34.55,34.55,14300,34.6,171600,0,36579400
NBCC-I.NFO,07/01/2020,11:55:32,34.55,34.55,42900,34.6,171600,0,36579400
NBCC-I.NFO,07/01/2020,11:55:35,34.6,34.55,500500,34.6,28600,157300,36579400
NBCC-I.NFO,07/01/2020,11:55:38,34.6,34.55,28600,34.6,128700,0,36579400
NBCC-I.NFO,07/01/2020,11:55:42,34.55,34.5,85800,34.55,57200,42900,36579400
NBCC-I.NFO,07/01/2020,11:55:45,34.55,34.5,85800,34.55,57200,0,36579400
NBCC-I.NFO,07/01/2020,11:55:51,34.55,34.5,85800,34.55,443300,0,36579400
NBCC-I.NFO,07/01/2020,11:55:55,34.5,34.5,100100,34.55,57200,14300,36579400
NBCC-I.NFO,07/01/2020,11:55:59,34.5,34.5,143000,34.55,57200,0,36579400
NBCC-I.NFO,07/01/2020,11:56:03,34.5,34.5,114400,34.55,57200,28600,36579400
NBCC-I.NFO,07/01/2020,11:56:07,34.55,34.5,114400,34.55,28600,28600,36579400
NBCC-I.NFO,07/01/2020,11:56:11,34.55,34.5,114400,34.55,28600,0,36579400
NBCC-I.NFO,07/01/2020,11:56:14,34.55,34.5,128700,34.55,28600,0,36579400
NBCC-I.NFO,07/01/2020,11:56:17,34.55,34.5,128700,34.6,185900,0,36579400
NBCC-I.NFO,07/01/2020,11:56:20,34.55,34.5,28600,34.6,171600,214500,36579400
NBCC-I.NFO,07/01/2020,11:56:22,34.55,34.5,42900,34.6,171600,0,36579400
NBCC-I.NFO,07/01/2020,11:56:25,34.55,34.5,42900,34.6,214500,0,36579400
NBCC-I.NFO,07/01/2020,11:56:30,34.55,34.5,42900,34.6,243100,0,36579400
NBCC-I.NFO,07/01/2020,11:56:33,34.55,34.5,57200,34.6,243100,0,36579400
NBCC-I.NFO,07/01/2020,11:56:44,34.55,34.55,71500,34.6,200200,0,36579400
NBCC-I.NFO,07/01/2020,11:56:50,34.55,34.55,71500,34.6,572000,0,36579400
NBCC-I.NFO,07/01/2020,11:56:53,34.55,34.55,71500,34.6,557700,0,36579400
NBCC-I.NFO,07/01/2020,11:56:56,34.55,34.55,71500,34.6,100100,0,36579400
NBCC-I.NFO,07/01/2020,11:57:00,34.55,34.55,28600,34.6,100100,57200,36608000
NBCC-I.NFO,07/01/2020,11:57:03,34.55,34.55,57200,34.6,486200,0,36608000
NBCC-I.NFO,07/01/2020,11:57:10,34.6,34.55,57200,34.65,200200,85800,36608000
NBCC-I.NFO,07/01/2020,11:57:14,34.6,34.55,42900,34.65,185900,0,36608000
NBCC-I.NFO,07/01/2020,11:57:17,34.6,34.55,42900,34.65,214500,0,36608000
NBCC-I.NFO,07/01/2020,11:57:21,34.6,34.55,42900,34.6,14300,0,36608000
NBCC-I.NFO,07/01/2020,11:57:25,34.55,34.55,28600,34.6,14300,14300,36608000
NBCC-I.NFO,07/01/2020,11:57:33,34.55,34.55,100100,34.6,14300,0,36608000
NBCC-I.NFO,07/01/2020,11:57:38,34.55,34.55,57200,34.6,28600,14300,36608000
NBCC-I.NFO,07/01/2020,11:57:43,34.55,34.55,42900,34.65,243100,0,36608000
NBCC-I.NFO,07/01/2020,11:57:47,34.55,34.55,28600,34.6,28600,28600,36608000
NBCC-I.NFO,07/01/2020,11:57:54,34.55,34.5,57200,34.6,85800,0,36608000
NBCC-I.NFO,07/01/2020,11:58:03,34.55,34.5,28600,34.6,100100,0,36608000
NBCC-I.NFO,07/01/2020,11:58:15,34.55,34.5,14300,34.6,185900,0,36608000
NBCC-I.NFO,07/01/2020,11:58:19,34.55,34.5,28600,34.6,185900,0,36608000
NBCC-I.NFO,07/01/2020,11:58:34,34.55,34.55,14300,34.6,143000,0,36608000
NBCC-I.NFO,07/01/2020,11:58:38,34.6,34.55,529100,34.65,85800,143000,36608000
NBCC-I.NFO,07/01/2020,11:58:42,34.6,34.55,100100,34.6,457600,14300,36608000
NBCC-I.NFO,07/01/2020,11:58:45,34.55,34.55,128700,34.65,500500,14300,36608000
NBCC-I.NFO,07/01/2020,11:58:50,34.6,34.55,114400,34.65,486200,14300,36608000
NBCC-I.NFO,07/01/2020,11:58:57,34.6,34.55,143000,34.65,486200,0,36608000
NBCC-I.NFO,07/01/2020,11:59:00,34.6,34.55,143000,34.6,28600,14300,36608000
NBCC-I.NFO,07/01/2020,11:59:07,34.6,34.55,114400,34.6,14300,0,36608000
NBCC-I.NFO,07/01/2020,11:59:10,34.6,34.55,114400,34.6,414700,0,36608000
NBCC-I.NFO,07/01/2020,11:59:14,34.6,34.55,114400,34.6,14300,0,36608000
NBCC-I.NFO,07/01/2020,11:59:17,34.6,34.55,114400,34.65,214500,0,36608000
NBCC-I.NFO,07/01/2020,11:59:25,34.6,34.55,114400,34.65,171600,0,36608000
NBCC-I.NFO,07/01/2020,11:59:29,34.6,34.55,100100,34.65,171600,0,36608000
NBCC-I.NFO,07/01/2020,11:59:37,34.6,34.55,100100,34.6,486200,0,36608000
NBCC-I.NFO,07/01/2020,11:59:41,34.6,34.55,57200,34.6,414700,0,36608000
NBCC-I.NFO,07/01/2020,11:59:45,34.6,34.55,57200,34.65,171600,28600,36650900
NBCC-I.NFO,07/01/2020,11:59:49,34.6,34.55,57200,34.65,185900,0,36650900
NBCC-I.NFO,07/01/2020,11:59:54,34.6,34.55,57200,34.6,85800,28600,36650900
NBCC-I.NFO,07/01/2020,11:59:57,34.6,34.55,71500,34.6,85800,0,36650900
NBCC-I.NFO,07/01/2020,12:00:01,34.55,34.55,57200,34.6,486200,14300,36650900
NBCC-I.NFO,07/01/2020,12:00:05,34.6,34.55,57200,34.6,71500,28600,36650900
NBCC-I.NFO,07/01/2020,12:00:09,34.6,34.6,28600,34.65,171600,14300,36650900
NBCC-I.NFO,07/01/2020,12:00:13,34.6,34.55,42900,34.65,143000,28600,36650900
NBCC-I.NFO,07/01/2020,12:00:20,34.6,34.55,42900,34.65,600600,0,36650900
NBCC-I.NFO,07/01/2020,12:00:25,34.6,34.6,14300,34.65,171600,0,36650900
NBCC-I.NFO,07/01/2020,12:00:33,34.6,34.6,85800,34.65,157300,0,36650900
NBCC-I.NFO,07/01/2020,12:00:38,34.6,34.6,85800,34.65,100100,0,36650900
NBCC-I.NFO,07/01/2020,12:00:42,34.6,34.6,85800,34.65,71500,0,36650900
NBCC-I.NFO,07/01/2020,12:00:45,34.6,34.6,85800,34.65,57200,0,36650900
NBCC-I.NFO,07/01/2020,12:00:49,34.6,34.6,85800,34.65,486200,0,36650900
NBCC-I.NFO,07/01/2020,12:00:52,34.6,34.6,100100,34.65,42900,0,36650900
NBCC-I.NFO,07/01/2020,12:00:55,34.6,34.6,85800,34.65,42900,0,36650900
NBCC-I.NFO,07/01/2020,12:01:09,34.6,34.6,42900,34.65,42900,0,36650900
NBCC-I.NFO,07/01/2020,12:01:14,34.6,34.6,42900,34.65,443300,0,36650900
NBCC-I.NFO,07/01/2020,12:01:16,34.6,34.6,42900,34.65,42900,0,36650900
NBCC-I.NFO,07/01/2020,12:02:07,34.6,34.6,14300,34.65,457600,0,36650900
NBCC-I.NFO,07/01/2020,12:02:10,34.6,34.6,28600,34.65,471900,57200,36650900
NBCC-I.NFO,07/01/2020,12:02:13,34.6,34.6,42900,34.65,471900,0,36650900
NBCC-I.NFO,07/01/2020,12:02:16,34.6,34.6,42900,34.65,57200,0,36650900
NBCC-I.NFO,07/01/2020,12:02:22,34.6,34.6,28600,34.65,57200,0,36650900
NBCC-I.NFO,07/01/2020,12:02:29,34.6,34.6,42900,34.65,471900,0,36650900
NBCC-I.NFO,07/01/2020,12:02:33,34.6,34.6,42900,34.65,57200,0,36650900
NBCC-I.NFO,07/01/2020,12:02:40,34.7,34.65,71500,34.75,42900,157300,36650900
NBCC-I.NFO,07/01/2020,12:02:47,34.7,34.65,85800,34.75,85800,0,36650900
NBCC-I.NFO,07/01/2020,12:02:58,34.7,34.65,71500,34.75,85800,0,36650900
NBCC-I.NFO,07/01/2020,12:03:03,34.65,34.6,57200,34.7,28600,85800,36765300
NBCC-I.NFO,07/01/2020,12:03:08,34.65,34.6,57200,34.7,57200,0,36765300
NBCC-I.NFO,07/01/2020,12:03:14,34.65,34.6,28600,34.65,14300,0,36765300
NBCC-I.NFO,07/01/2020,12:03:20,34.65,34.6,28600,34.65,28600,0,36765300
NBCC-I.NFO,07/01/2020,12:03:25,34.65,34.6,429000,34.65,42900,57200,36765300
NBCC-I.NFO,07/01/2020,12:03:32,34.65,34.6,28600,34.65,14300,0,36765300
NBCC-I.NFO,07/01/2020,12:05:05,34.65,34.6,28600,34.7,100100,14300,36765300
NBCC-I.NFO,07/01/2020,12:05:10,34.65,34.6,42900,34.7,85800,0,36765300
NBCC-I.NFO,07/01/2020,12:05:53,34.65,34.6,28600,34.65,14300,0,36765300
NBCC-I.NFO,07/01/2020,12:06:18,34.65,34.6,42900,34.7,85800,0,36765300
NBCC-I.NFO,07/01/2020,12:06:22,34.65,34.65,14300,34.7,57200,0,36765300
NBCC-I.NFO,07/01/2020,12:07:12,34.65,34.6,28600,34.7,85800,0,36765300
NBCC-I.NFO,07/01/2020,12:08:02,34.65,34.65,14300,34.7,71500,0,36765300
NBCC-I.NFO,07/01/2020,12:08:05,34.65,34.6,28600,34.7,28600,14300,36822500
NBCC-I.NFO,07/01/2020,12:08:09,34.65,34.6,28600,34.7,28600,0,36822500
NBCC-I.NFO,07/01/2020,12:08:18,34.65,34.65,14300,34.7,14300,0,36822500
NBCC-I.NFO,07/01/2020,12:08:24,34.7,34.65,14300,34.75,114400,14300,36822500
NBCC-I.NFO,07/01/2020,12:09:48,34.7,34.65,28600,34.75,85800,0,36822500
NBCC-I.NFO,07/01/2020,12:09:55,34.7,34.65,28600,34.75,114400,0,36822500
NBCC-I.NFO,07/01/2020,12:10:42,34.7,34.65,28600,34.7,14300,0,36822500
NBCC-I.NFO,07/01/2020,12:10:54,34.7,34.65,42900,34.7,14300,0,36822500
NBCC-I.NFO,07/01/2020,12:11:52,34.7,34.65,42900,34.7,28600,0,36822500
NBCC-I.NFO,07/01/2020,12:13:13,34.7,34.65,42900,34.75,100100,28600,36722400
NBCC-I.NFO,07/01/2020,12:13:21,34.7,34.65,42900,34.75,42900,0,36722400
NBCC-I.NFO,07/01/2020,12:13:26,34.7,34.7,28600,34.75,28600,0,36722400
NBCC-I.NFO,07/01/2020,12:13:41,34.7,34.7,42900,34.75,28600,0,36722400
NBCC-I.NFO,07/01/2020,12:13:53,34.75,34.7,42900,34.8,185900,28600,36722400
NBCC-I.NFO,07/01/2020,12:13:57,34.75,34.7,42900,34.8,185900,0,36722400
NBCC-I.NFO,07/01/2020,12:14:02,34.75,34.7,42900,34.75,14300,0,36722400
NBCC-I.NFO,07/01/2020,12:15:37,34.75,34.7,42900,34.75,28600,0,36722400
NBCC-I.NFO,07/01/2020,12:15:57,34.7,34.65,28600,34.75,100100,42900,36751000
NBCC-I.NFO,07/01/2020,12:16:02,34.7,34.65,28600,34.75,100100,0,36751000
NBCC-I.NFO,07/01/2020,12:16:26,34.7,34.65,28600,34.7,14300,0,36751000
NBCC-I.NFO,07/01/2020,12:17:44,34.7,34.65,28600,34.7,28600,0,36751000
NBCC-I.NFO,07/01/2020,12:17:47,34.7,34.65,42900,34.7,28600,0,36751000
NBCC-I.NFO,07/01/2020,12:18:53,34.7,34.65,28600,34.7,28600,0,36751000
NBCC-I.NFO,07/01/2020,12:19:39,34.7,34.7,14300,34.75,42900,28600,36722400
NBCC-I.NFO,07/01/2020,12:19:45,34.7,34.7,14300,34.75,42900,0,36722400
NBCC-I.NFO,07/01/2020,12:19:54,34.7,34.65,100100,34.75,42900,0,36722400
NBCC-I.NFO,07/01/2020,12:19:58,34.7,34.65,85800,34.75,71500,0,36722400
NBCC-I.NFO,07/01/2020,12:20:42,34.7,34.65,85800,34.75,42900,0,36722400
NBCC-I.NFO,07/01/2020,12:20:50,34.7,34.65,85800,34.75,100100,0,36722400
NBCC-I.NFO,07/01/2020,12:20:57,34.7,34.65,100100,34.75,100100,0,36722400
NBCC-I.NFO,07/01/2020,12:21:09,34.7,34.65,100100,34.75,71500,0,36722400
NBCC-I.NFO,07/01/2020,12:21:12,34.7,34.7,14300,34.75,71500,0,36722400
NBCC-I.NFO,07/01/2020,12:21:32,34.7,34.7,14300,34.75,42900,0,36722400
NBCC-I.NFO,07/01/2020,12:22:51,34.7,34.65,71500,34.75,100100,14300,36722400
NBCC-I.NFO,07/01/2020,12:22:55,34.7,34.65,71500,34.75,100100,0,36722400
NBCC-I.NFO,07/01/2020,12:23:53,34.7,34.65,85800,34.75,42900,0,36722400
NBCC-I.NFO,07/01/2020,12:24:08,34.7,34.65,71500,34.75,71500,0,36722400
NBCC-I.NFO,07/01/2020,12:24:12,34.7,34.65,71500,34.75,57200,0,36722400
NBCC-I.NFO,07/01/2020,12:25:38,34.7,34.65,71500,34.75,28600,0,36722400
NBCC-I.NFO,07/01/2020,12:26:19,34.7,34.65,85800,34.75,28600,0,36722400
NBCC-I.NFO,07/01/2020,12:27:07,34.7,34.65,71500,34.75,57200,0,36722400
NBCC-I.NFO,07/01/2020,12:27:46,34.7,34.65,57200,34.7,14300,0,36722400
NBCC-I.NFO,07/01/2020,12:28:01,34.7,34.65,57200,34.75,71500,14300,36722400
NBCC-I.NFO,07/01/2020,12:28:04,34.7,34.65,57200,34.75,100100,0,36722400
NBCC-I.NFO,07/01/2020,12:28:07,34.7,34.65,57200,34.7,14300,0,36722400
NBCC-I.NFO,07/01/2020,12:28:56,34.65,34.6,28600,34.65,57200,57200,36722400
NBCC-I.NFO,07/01/2020,12:29:03,34.65,34.6,28600,34.65,14300,0,36722400
NBCC-I.NFO,07/01/2020,12:29:09,34.65,34.6,14300,34.65,42900,0,36722400
NBCC-I.NFO,07/01/2020,12:29:13,34.65,34.6,28600,34.7,42900,0,36722400
NBCC-I.NFO,07/01/2020,12:29:18,34.65,34.6,28600,34.65,28600,0,36722400
NBCC-I.NFO,07/01/2020,12:29:27,34.65,34.6,14300,34.65,28600,0,36722400
NBCC-I.NFO,07/01/2020,12:29:41,34.65,34.6,14300,34.65,14300,0,36722400
NBCC-I.NFO,07/01/2020,12:29:51,34.65,34.6,14300,34.65,28600,0,36722400
NBCC-I.NFO,07/01/2020,12:30:00,34.65,34.6,42900,34.65,28600,0,36722400
NBCC-I.NFO,07/01/2020,12:30:04,34.65,34.6,42900,34.65,14300,0,36722400
NBCC-I.NFO,07/01/2020,12:30:20,34.65,34.6,42900,34.65,28600,0,36722400
NBCC-I.NFO,07/01/2020,12:30:25,34.65,34.6,42900,34.65,14300,0,36722400
NBCC-I.NFO,07/01/2020,12:30:40,34.65,34.6,57200,34.7,85800,14300,36722400
NBCC-I.NFO,07/01/2020,12:30:45,34.65,34.6,42900,34.65,28600,0,36736700
NBCC-I.NFO,07/01/2020,12:30:50,34.65,34.6,42900,34.7,85800,0,36736700
NBCC-I.NFO,07/01/2020,12:30:56,34.65,34.6,42900,34.65,14300,0,36736700
NBCC-I.NFO,07/01/2020,12:31:57,34.65,34.6,42900,34.65,42900,0,36736700
NBCC-I.NFO,07/01/2020,12:32:29,34.65,34.6,42900,34.65,71500,0,36736700
NBCC-I.NFO,07/01/2020,12:32:33,34.6,34.55,57200,34.6,57200,42900,36736700
NBCC-I.NFO,07/01/2020,12:32:39,34.6,34.55,57200,34.6,28600,0,36736700
NBCC-I.NFO,07/01/2020,12:34:19,34.6,34.55,42900,34.6,28600,0,36736700
NBCC-I.NFO,07/01/2020,12:34:26,34.6,34.55,57200,34.6,28600,0,36736700
NBCC-I.NFO,07/01/2020,12:34:36,34.6,34.55,71500,34.6,57200,0,36736700
NBCC-I.NFO,07/01/2020,12:34:45,34.6,34.55,85800,34.6,28600,0,36736700
NBCC-I.NFO,07/01/2020,12:35:08,34.6,34.55,85800,34.65,71500,28600,36736700
NBCC-I.NFO,07/01/2020,12:35:11,34.6,34.55,85800,34.65,85800,0,36736700
NBCC-I.NFO,07/01/2020,12:35:47,34.6,34.55,85800,34.65,57200,0,36736700
NBCC-I.NFO,07/01/2020,12:35:52,34.6,34.55,85800,34.65,85800,0,36736700
NBCC-I.NFO,07/01/2020,12:37:43,34.6,34.6,14300,34.65,42900,0,36736700
NBCC-I.NFO,07/01/2020,12:38:20,34.6,34.6,14300,34.65,28600,0,36736700
NBCC-I.NFO,07/01/2020,12:39:19,34.65,34.6,28600,34.7,114400,14300,36736700
NBCC-I.NFO,07/01/2020,12:39:25,34.65,34.6,28600,34.7,114400,0,36736700
NBCC-I.NFO,07/01/2020,12:39:38,34.65,34.6,28600,34.65,14300,0,36736700
NBCC-I.NFO,07/01/2020,12:41:14,34.65,34.6,42900,34.65,14300,0,36736700
NBCC-I.NFO,07/01/2020,12:41:31,34.65,34.6,42900,34.7,114400,14300,36736700
NBCC-I.NFO,07/01/2020,12:41:45,34.65,34.6,42900,34.7,114400,0,36736700
NBCC-I.NFO,07/01/2020,12:42:48,34.65,34.6,28600,34.65,14300,0,36736700
NBCC-I.NFO,07/01/2020,12:43:46,34.65,34.6,42900,34.7,114400,14300,36722400
NBCC-I.NFO,07/01/2020,12:43:50,34.65,34.6,42900,34.7,114400,0,36722400
NBCC-I.NFO,07/01/2020,12:44:23,34.65,34.65,14300,34.7,14300,0,36722400
NBCC-I.NFO,07/01/2020,12:45:29,34.65,34.65,28600,34.7,14300,0,36722400
NBCC-I.NFO,07/01/2020,12:48:07,34.7,34.65,28600,34.75,85800,14300,36736700
NBCC-I.NFO,07/01/2020,12:48:13,34.7,34.65,28600,34.75,71500,0,36736700
NBCC-I.NFO,07/01/2020,12:48:40,34.7,34.65,57200,34.75,71500,0,36736700
NBCC-I.NFO,07/01/2020,12:49:12,34.7,34.65,57200,34.7,14300,0,36736700
NBCC-I.NFO,07/01/2020,12:49:22,34.7,34.65,57200,34.75,42900,14300,36736700
NBCC-I.NFO,07/01/2020,12:49:30,34.7,34.65,57200,34.75,71500,0,36736700
NBCC-I.NFO,07/01/2020,12:49:45,34.7,34.65,71500,34.75,71500,0,36736700
NBCC-I.NFO,07/01/2020,12:50:09,34.7,34.65,71500,34.75,85800,0,36736700
NBCC-I.NFO,07/01/2020,12:51:02,34.7,34.65,42900,34.75,128700,0,36736700
NBCC-I.NFO,07/01/2020,12:51:37,34.7,34.65,42900,34.75,100100,14300,36722400
NBCC-I.NFO,07/01/2020,12:51:40,34.7,34.65,57200,34.75,128700,0,36722400
NBCC-I.NFO,07/01/2020,12:51:46,34.7,34.7,14300,34.75,100100,0,36722400
NBCC-I.NFO,07/01/2020,12:51:52,34.65,34.65,14300,34.7,28600,42900,36722400
NBCC-I.NFO,07/01/2020,12:52:01,34.65,34.65,28600,34.75,100100,0,36722400
NBCC-I.NFO,07/01/2020,12:52:04,34.65,34.65,42900,34.75,128700,0,36722400
NBCC-I.NFO,07/01/2020,12:52:22,34.65,34.65,14300,34.7,28600,0,36722400
NBCC-I.NFO,07/01/2020,12:52:30,34.65,34.65,28600,34.75,128700,0,36722400
NBCC-I.NFO,07/01/2020,12:52:53,34.65,34.65,14300,34.7,28600,0,36722400
NBCC-I.NFO,07/01/2020,12:53:09,34.65,34.65,28600,34.7,28600,0,36722400
NBCC-I.NFO,07/01/2020,12:54:14,34.65,34.65,42900,34.7,28600,0,36722400
NBCC-I.NFO,07/01/2020,12:54:25,34.65,34.65,42900,34.7,85800,0,36722400
NBCC-I.NFO,07/01/2020,12:54:30,34.65,34.65,42900,34.7,57200,0,36722400
NBCC-I.NFO,07/01/2020,12:54:39,34.65,34.65,42900,34.7,14300,0,36722400
NBCC-I.NFO,07/01/2020,12:55:12,34.65,34.65,42900,34.7,28600,0,36722400
NBCC-I.NFO,07/01/2020,12:55:25,34.65,34.65,28600,34.7,28600,0,36722400
NBCC-I.NFO,07/01/2020,12:55:32,34.65,34.65,14300,34.7,28600,14300,36765300
NBCC-I.NFO,07/01/2020,12:55:34,34.65,34.65,14300,34.7,28600,0,36765300
NBCC-I.NFO,07/01/2020,12:57:38,34.65,34.6,14300,34.65,57200,14300,36779600
NBCC-I.NFO,07/01/2020,12:57:43,34.65,34.6,14300,34.65,57200,0,36779600
NBCC-I.NFO,07/01/2020,12:57:48,34.65,34.6,14300,34.65,14300,0,36779600
NBCC-I.NFO,07/01/2020,12:58:06,34.65,34.6,28600,34.65,14300,0,36779600
NBCC-I.NFO,07/01/2020,12:58:52,34.65,34.6,28600,34.65,28600,0,36779600
NBCC-I.NFO,07/01/2020,12:59:15,34.6,34.6,14300,34.65,14300,14300,36779600
NBCC-I.NFO,07/01/2020,12:59:48,34.6,34.55,143000,34.65,42900,14300,36779600
NBCC-I.NFO,07/01/2020,12:59:54,34.6,34.55,143000,34.65,28600,0,36779600
NBCC-I.NFO,07/01/2020,13:00:00,34.6,34.55,157300,34.65,28600,0,36779600
NBCC-I.NFO,07/01/2020,13:00:13,34.6,34.55,100100,34.6,57200,0,36779600
NBCC-I.NFO,07/01/2020,13:00:28,34.6,34.55,100100,34.6,28600,0,36779600
NBCC-I.NFO,07/01/2020,13:00:37,34.6,34.55,85800,34.6,28600,0,36779600
NBCC-I.NFO,07/01/2020,13:00:51,34.6,34.55,114400,34.6,28600,0,36779600
NBCC-I.NFO,07/01/2020,13:01:05,34.6,34.55,85800,34.6,42900,0,36779600
NBCC-I.NFO,07/01/2020,13:01:19,34.45,34.4,157300,34.5,57200,214500,36793900
NBCC-I.NFO,07/01/2020,13:01:26,34.45,34.4,171600,34.5,42900,0,36793900
NBCC-I.NFO,07/01/2020,13:01:34,34.45,34.45,14300,34.5,28600,0,36793900
NBCC-I.NFO,07/01/2020,13:01:45,34.45,34.4,171600,34.5,42900,0,36793900
NBCC-I.NFO,07/01/2020,13:01:50,34.5,34.45,28600,34.5,14300,14300,36793900
NBCC-I.NFO,07/01/2020,13:02:02,34.5,34.45,42900,34.5,28600,0,36793900
NBCC-I.NFO,07/01/2020,13:02:09,34.5,34.45,42900,34.5,14300,0,36793900
NBCC-I.NFO,07/01/2020,13:02:23,34.5,34.45,42900,34.55,42900,14300,36793900
NBCC-I.NFO,07/01/2020,13:02:33,34.5,34.45,42900,34.55,42900,0,36793900
NBCC-I.NFO,07/01/2020,13:02:49,34.45,34.4,171600,34.55,42900,57200,36793900
NBCC-I.NFO,07/01/2020,13:02:53,34.45,34.4,157300,34.5,28600,0,36793900
NBCC-I.NFO,07/01/2020,13:02:58,34.45,34.45,28600,34.5,28600,0,36793900
NBCC-I.NFO,07/01/2020,13:03:20,34.45,34.45,28600,34.5,14300,0,36793900
NBCC-I.NFO,07/01/2020,13:03:51,34.45,34.45,42900,34.5,14300,0,36793900
NBCC-I.NFO,07/01/2020,13:04:07,34.45,34.45,28600,34.5,14300,0,36793900
NBCC-I.NFO,07/01/2020,13:04:17,34.45,34.45,28600,34.5,42900,0,36793900
NBCC-I.NFO,07/01/2020,13:04:31,34.45,34.45,42900,34.5,14300,0,36793900
NBCC-I.NFO,07/01/2020,13:04:38,34.45,34.45,28600,34.5,42900,14300,36779600
NBCC-I.NFO,07/01/2020,13:04:48,34.35,34.35,42900,34.4,42900,185900,36779600
NBCC-I.NFO,07/01/2020,13:04:48,34.35,34.35,42900,34.4,42900,0,36779600
NBCC-I.NFO,07/01/2020,13:04:55,34.35,34.35,42900,34.4,42900,0,36779600
NBCC-I.NFO,07/01/2020,13:05:13,34.35,34.35,28600,34.4,42900,0,36779600
NBCC-I.NFO,07/01/2020,13:05:40,34.35,34.35,28600,34.4,14300,0,36779600
NBCC-I.NFO,07/01/2020,13:05:45,34.35,34.35,28600,34.4,57200,0,36779600
NBCC-I.NFO,07/01/2020,13:06:08,34.35,34.35,28600,34.4,71500,0,36779600
NBCC-I.NFO,07/01/2020,13:06:36,34.35,34.35,42900,34.4,71500,0,36779600
NBCC-I.NFO,07/01/2020,13:06:41,34.4,34.35,42900,34.4,57200,14300,36879700
NBCC-I.NFO,07/01/2020,13:07:23,34.4,34.35,57200,34.4,71500,0,36879700
NBCC-I.NFO,07/01/2020,13:07:49,34.4,34.35,57200,34.4,57200,0,36879700
NBCC-I.NFO,07/01/2020,13:08:00,34.35,34.35,14300,34.4,42900,85800,36879700
NBCC-I.NFO,07/01/2020,13:08:08,34.35,34.35,28600,34.4,28600,0,36879700
NBCC-I.NFO,07/01/2020,13:08:15,34.35,34.35,14300,34.4,28600,14300,36879700
NBCC-I.NFO,07/01/2020,13:08:30,34.35,34.3,42900,34.35,14300,14300,36879700
NBCC-I.NFO,07/01/2020,13:08:37,34.35,34.3,42900,34.35,14300,0,36879700
NBCC-I.NFO,07/01/2020,13:09:32,34.35,34.3,42900,34.35,28600,0,36879700
NBCC-I.NFO,07/01/2020,13:09:39,34.35,34.3,42900,34.35,14300,0,36879700
NBCC-I.NFO,07/01/2020,13:09:59,34.35,34.3,42900,34.35,14300,28600,36894000
NBCC-I.NFO,07/01/2020,13:10:05,34.35,34.3,42900,34.35,14300,14300,36894000
NBCC-I.NFO,07/01/2020,13:10:11,34.3,34.25,14300,34.3,14300,128700,36894000
NBCC-I.NFO,07/01/2020,13:10:11,34.25,34.25,14300,34.3,14300,0,36894000
NBCC-I.NFO,07/01/2020,13:10:18,34.3,34.25,42900,34.35,100100,0,36894000
NBCC-I.NFO,07/01/2020,13:10:24,34.3,34.25,57200,34.35,100100,0,36894000
NBCC-I.NFO,07/01/2020,13:10:54,34.35,34.3,14300,34.35,28600,14300,36894000
NBCC-I.NFO,07/01/2020,13:10:59,34.35,34.3,14300,34.35,28600,0,36894000
NBCC-I.NFO,07/01/2020,13:11:05,34.35,34.3,28600,34.35,28600,0,36894000
NBCC-I.NFO,07/01/2020,13:11:10,34.35,34.3,14300,34.35,28600,0,36894000
NBCC-I.NFO,07/01/2020,13:11:38,34.35,34.3,28600,34.4,42900,28600,36894000
NBCC-I.NFO,07/01/2020,13:11:42,34.35,34.35,28600,34.4,14300,0,36894000
NBCC-I.NFO,07/01/2020,13:11:47,34.35,34.35,14300,34.4,14300,0,36894000
NBCC-I.NFO,07/01/2020,13:12:00,34.35,34.35,14300,34.4,14300,14300,36894000
NBCC-I.NFO,07/01/2020,13:12:13,34.4,34.35,28600,34.45,100100,14300,36922600
NBCC-I.NFO,07/01/2020,13:12:17,34.4,34.35,28600,34.45,100100,0,36922600
NBCC-I.NFO,07/01/2020,13:12:22,34.4,34.35,14300,34.4,28600,0,36922600
NBCC-I.NFO,07/01/2020,13:12:31,34.4,34.35,14300,34.4,14300,0,36922600
NBCC-I.NFO,07/01/2020,13:12:49,34.35,34.3,71500,34.4,14300,14300,36922600
NBCC-I.NFO,07/01/2020,13:12:57,34.35,34.3,71500,34.4,14300,0,36922600
NBCC-I.NFO,07/01/2020,13:13:18,34.35,34.35,14300,34.4,14300,0,36922600
NBCC-I.NFO,07/01/2020,13:13:32,34.35,34.35,28600,34.4,14300,0,36922600
NBCC-I.NFO,07/01/2020,13:13:37,34.4,34.35,57200,34.45,100100,14300,36922600
NBCC-I.NFO,07/01/2020,13:13:55,34.4,34.35,42900,34.4,14300,0,36922600
NBCC-I.NFO,07/01/2020,13:14:11,34.4,34.35,42900,34.4,42900,0,36922600
NBCC-I.NFO,07/01/2020,13:14:16,34.4,34.35,42900,34.4,14300,0,36922600
NBCC-I.NFO,07/01/2020,13:14:21,34.4,34.35,42900,34.4,28600,0,36922600
NBCC-I.NFO,07/01/2020,13:14:42,34.4,34.35,42900,34.4,14300,14300,36922600
NBCC-I.NFO,07/01/2020,13:14:50,34.4,34.35,42900,34.4,14300,0,36922600
NBCC-I.NFO,07/01/2020,13:15:06,34.35,34.3,14300,34.35,14300,42900,36865400
NBCC-I.NFO,07/01/2020,13:15:22,34.35,34.25,85800,34.35,14300,0,36865400
NBCC-I.NFO,07/01/2020,13:15:29,34.35,34.25,42900,34.35,42900,0,36865400
NBCC-I.NFO,07/01/2020,13:15:36,34.35,34.25,28600,34.35,71500,0,36865400
NBCC-I.NFO,07/01/2020,13:15:42,34.35,34.25,28600,34.35,85800,0,36865400
NBCC-I.NFO,07/01/2020,13:15:48,34.35,34.25,28600,34.3,14300,0,36865400
NBCC-I.NFO,07/01/2020,13:15:54,34.35,34.25,28600,34.3,28600,0,36865400
NBCC-I.NFO,07/01/2020,13:16:05,34.35,34.25,42900,34.35,71500,0,36865400
NBCC-I.NFO,07/01/2020,13:16:11,34.35,34.25,42900,34.3,14300,0,36865400
NBCC-I.NFO,07/01/2020,13:16:24,34.35,34.25,57200,34.35,85800,0,36865400
NBCC-I.NFO,07/01/2020,13:16:29,34.25,34.25,42900,34.35,71500,14300,36865400
NBCC-I.NFO,07/01/2020,13:16:35,34.25,34.25,42900,34.35,71500,0,36865400
NBCC-I.NFO,07/01/2020,13:16:40,34.3,34.25,42900,34.35,71500,14300,36865400
NBCC-I.NFO,07/01/2020,13:17:00,34.3,34.25,42900,34.3,14300,0,36865400
NBCC-I.NFO,07/01/2020,13:17:04,34.3,34.25,42900,34.3,28600,0,36865400
NBCC-I.NFO,07/01/2020,13:17:12,34.3,34.25,28600,34.35,57200,14300,36865400
NBCC-I.NFO,07/01/2020,13:17:16,34.3,34.25,42900,34.35,85800,0,36865400
NBCC-I.NFO,07/01/2020,13:17:20,34.3,34.25,42900,34.3,14300,0,36865400
NBCC-I.NFO,07/01/2020,13:17:25,34.3,34.25,57200,34.3,28600,0,36865400
NBCC-I.NFO,07/01/2020,13:17:39,34.3,34.25,57200,34.3,14300,0,36865400
NBCC-I.NFO,07/01/2020,13:17:53,34.3,34.25,57200,34.3,28600,0,36865400
NBCC-I.NFO,07/01/2020,13:18:49,34.3,34.25,42900,34.35,71500,28600,36879700
NBCC-I.NFO,07/01/2020,13:19:05,34.35,34.25,57200,34.35,28600,14300,36879700
NBCC-I.NFO,07/01/2020,13:19:11,34.35,34.25,42900,34.3,28600,0,36879700
NBCC-I.NFO,07/01/2020,13:19:50,34.25,34.25,28600,34.3,14300,14300,36879700
NBCC-I.NFO,07/01/2020,13:19:59,34.25,34.25,28600,34.3,14300,0,36879700
NBCC-I.NFO,07/01/2020,13:20:21,34.25,34.2,71500,34.3,71500,28600,36879700
NBCC-I.NFO,07/01/2020,13:20:27,34.25,34.2,71500,34.3,85800,0,36879700
NBCC-I.NFO,07/01/2020,13:20:32,34.25,34.25,28600,34.3,57200,0,36879700
NBCC-I.NFO,07/01/2020,13:20:36,34.25,34.25,14300,34.3,57200,0,36879700
NBCC-I.NFO,07/01/2020,13:20:41,34.25,34.25,28600,34.3,28600,0,36879700
NBCC-I.NFO,07/01/2020,13:21:00,34.25,34.25,42900,34.35,71500,0,36879700
NBCC-I.NFO,07/01/2020,13:21:06,34.25,34.25,57200,34.3,42900,0,36879700
NBCC-I.NFO,07/01/2020,13:21:12,34.25,34.25,42900,34.3,42900,0,36879700
NBCC-I.NFO,07/01/2020,13:21:21,34.25,34.2,85800,34.25,28600,28600,36879700
NBCC-I.NFO,07/01/2020,13:21:28,34.25,34.2,85800,34.3,71500,0,36879700
NBCC-I.NFO,07/01/2020,13:21:37,34.25,34.2,85800,34.25,28600,0,36879700
NBCC-I.NFO,07/01/2020,13:21:42,34.25,34.2,85800,34.25,42900,0,36879700
NBCC-I.NFO,07/01/2020,13:22:00,34.25,34.2,100100,34.25,42900,0,36879700
NBCC-I.NFO,07/01/2020,13:22:24,34.25,34.2,85800,34.25,42900,0,36879700
NBCC-I.NFO,07/01/2020,13:22:52,34.25,34.2,85800,34.3,42900,42900,36879700
NBCC-I.NFO,07/01/2020,13:22:58,34.25,34.2,85800,34.3,42900,0,36879700
NBCC-I.NFO,07/01/2020,13:23:03,34.15,34.1,14300,34.15,14300,471900,36879700
NBCC-I.NFO,07/01/2020,13:23:03,34.05,34.1,14300,34.15,14300,0,36879700
NBCC-I.NFO,07/01/2020,13:23:08,34.15,34.1,28600,34.2,42900,0,36879700
NBCC-I.NFO,07/01/2020,13:23:19,34.15,34.1,28600,34.2,57200,0,36879700
NBCC-I.NFO,07/01/2020,13:23:25,34.15,34.1,14300,34.2,57200,0,36879700
NBCC-I.NFO,07/01/2020,13:23:29,34.15,34.1,42900,34.2,57200,0,36879700
NBCC-I.NFO,07/01/2020,13:23:34,34.15,34.1,28600,34.2,57200,0,36879700
NBCC-I.NFO,07/01/2020,13:23:42,34.15,34.1,42900,34.2,71500,0,36879700
NBCC-I.NFO,07/01/2020,13:23:51,34.15,34.1,85800,34.2,57200,0,36879700
NBCC-I.NFO,07/01/2020,13:23:55,34.15,34.1,71500,34.2,57200,0,36879700
NBCC-I.NFO,07/01/2020,13:24:00,34.15,34.1,71500,34.2,71500,0,36879700
NBCC-I.NFO,07/01/2020,13:24:05,34.1,34.1,71500,34.2,71500,14300,36836800
NBCC-I.NFO,07/01/2020,13:24:11,34.1,34.1,71500,34.15,14300,0,36836800
NBCC-I.NFO,07/01/2020,13:24:27,34.1,34.1,71500,34.15,57200,0,36836800
NBCC-I.NFO,07/01/2020,13:24:31,34.1,34.1,71500,34.15,28600,0,36836800
NBCC-I.NFO,07/01/2020,13:24:37,34.15,34.15,28600,34.2,57200,28600,36836800
NBCC-I.NFO,07/01/2020,13:24:45,34.2,34.15,100100,34.25,100100,57200,36836800
NBCC-I.NFO,07/01/2020,13:24:52,34.2,34.15,71500,34.25,85800,57200,36836800
NBCC-I.NFO,07/01/2020,13:24:58,34.2,34.15,85800,34.2,28600,0,36836800
NBCC-I.NFO,07/01/2020,13:25:04,34.2,34.2,57200,34.25,85800,14300,36836800
NBCC-I.NFO,07/01/2020,13:25:10,34.25,34.2,71500,34.25,457600,14300,36836800
NBCC-I.NFO,07/01/2020,13:25:16,34.25,34.2,85800,34.3,171600,0,36836800
NBCC-I.NFO,07/01/2020,13:25:23,34.25,34.2,114400,34.3,171600,0,36836800
NBCC-I.NFO,07/01/2020,13:25:29,34.25,34.2,100100,34.25,28600,28600,36836800
NBCC-I.NFO,07/01/2020,13:25:34,34.25,34.2,100100,34.25,28600,0,36836800
NBCC-I.NFO,07/01/2020,13:25:41,34.25,34.2,100100,34.25,414700,0,36836800
NBCC-I.NFO,07/01/2020,13:25:45,34.25,34.2,143000,34.25,28600,0,36836800
NBCC-I.NFO,07/01/2020,13:25:49,34.25,34.25,28600,34.3,143000,28600,36836800
NBCC-I.NFO,07/01/2020,13:25:53,34.25,34.25,14300,34.3,128700,0,36836800
NBCC-I.NFO,07/01/2020,13:25:58,34.25,34.25,14300,34.3,114400,14300,36836800
NBCC-I.NFO,07/01/2020,13:26:03,34.25,34.25,14300,34.3,114400,0,36836800
NBCC-I.NFO,07/01/2020,13:26:07,34.25,34.2,71500,34.3,114400,14300,36836800
NBCC-I.NFO,07/01/2020,13:26:11,34.25,34.25,57200,34.3,114400,0,36836800
NBCC-I.NFO,07/01/2020,13:26:16,34.3,34.25,457600,34.35,71500,100100,36836800
NBCC-I.NFO,07/01/2020,13:26:21,34.3,34.25,85800,34.3,414700,0,36836800
NBCC-I.NFO,07/01/2020,13:26:25,34.3,34.25,85800,34.3,14300,14300,36836800
NBCC-I.NFO,07/01/2020,13:26:36,34.3,34.25,114400,34.3,14300,0,36836800
NBCC-I.NFO,07/01/2020,13:26:41,34.3,34.25,128700,34.3,14300,0,36836800
NBCC-I.NFO,07/01/2020,13:27:01,34.3,34.25,114400,34.3,14300,0,36836800
NBCC-I.NFO,07/01/2020,13:27:06,34.3,34.25,100100,34.35,185900,28600,36865400
NBCC-I.NFO,07/01/2020,13:27:11,34.3,34.25,114400,34.35,185900,0,36865400
NBCC-I.NFO,07/01/2020,13:27:23,34.3,34.25,100100,34.3,14300,0,36865400
NBCC-I.NFO,07/01/2020,13:27:27,34.3,34.25,100100,34.3,400400,0,36865400
NBCC-I.NFO,07/01/2020,13:27:32,34.3,34.25,143000,34.3,14300,0,36865400
NBCC-I.NFO,07/01/2020,13:27:44,34.25,34.2,28600,34.3,171600,143000,36865400
NBCC-I.NFO,07/01/2020,13:27:50,34.25,34.2,28600,34.3,200200,0,36865400
NBCC-I.NFO,07/01/2020,13:27:58,34.25,34.2,14300,34.25,71500,0,36865400
NBCC-I.NFO,07/01/2020,13:28:04,34.2,34.2,57200,34.25,471900,14300,36865400
NBCC-I.NFO,07/01/2020,13:28:09,34.2,34.2,71500,34.25,128700,0,36865400
NBCC-I.NFO,07/01/2020,13:28:20,34.25,34.2,71500,34.25,28600,114400,36865400
NBCC-I.NFO,07/01/2020,13:28:25,34.25,34.2,71500,34.25,414700,0,36865400
NBCC-I.NFO,07/01/2020,13:28:30,34.25,34.2,71500,34.25,14300,0,36865400
NBCC-I.NFO,07/01/2020,13:28:36,34.25,34.2,71500,34.25,28600,0,36865400
NBCC-I.NFO,07/01/2020,13:28:42,34.2,34.2,14300,34.25,57200,57200,36865400
NBCC-I.NFO,07/01/2020,13:28:48,34.2,34.2,14300,34.25,85800,0,36865400
NBCC-I.NFO,07/01/2020,13:28:54,34.2,34.15,57200,34.25,85800,0,36865400
NBCC-I.NFO,07/01/2020,13:29:02,34.2,34.15,14300,34.2,28600,0,36865400
NBCC-I.NFO,07/01/2020,13:29:18,34.2,34.15,14300,34.2,14300,0,36865400
NBCC-I.NFO,07/01/2020,13:29:37,34.15,34.1,85800,34.2,57200,14300,36865400
NBCC-I.NFO,07/01/2020,13:29:44,34.15,34.1,85800,34.2,57200,0,36865400
NBCC-I.NFO,07/01/2020,13:29:49,34.15,34.1,71500,34.2,57200,0,36865400
NBCC-I.NFO,07/01/2020,13:29:56,34.15,34.15,14300,34.2,42900,0,36865400
NBCC-I.NFO,07/01/2020,13:30:04,34.15,34.1,71500,34.2,85800,14300,36865400
NBCC-I.NFO,07/01/2020,13:30:10,34.15,34.1,71500,34.15,14300,0,36865400
NBCC-I.NFO,07/01/2020,13:30:22,34.15,34.1,71500,34.15,28600,0,36865400
NBCC-I.NFO,07/01/2020,13:30:28,34.1,34.05,14300,34.1,28600,71500,36951200
NBCC-I.NFO,07/01/2020,13:30:36,34.1,34.05,28600,34.1,14300,0,36951200
NBCC-I.NFO,07/01/2020,13:30:43,34.05,34,157300,34.1,57200,14300,36951200
NBCC-I.NFO,07/01/2020,13:30:50,34.05,34.05,14300,34.1,42900,0,36951200
NBCC-I.NFO,07/01/2020,13:30:58,34.05,34.05,14300,34.1,57200,0,36951200
NBCC-I.NFO,07/01/2020,13:31:19,34.05,34,171600,34.1,85800,0,36951200
NBCC-I.NFO,07/01/2020,13:31:25,34.05,34.05,14300,34.1,71500,0,36951200
NBCC-I.NFO,07/01/2020,13:31:32,34,34,57200,34.05,28600,114400,36951200
NBCC-I.NFO,07/01/2020,13:31:32,34,34,57200,34.05,28600,0,36951200
NBCC-I.NFO,07/01/2020,13:31:40,34.05,34,71500,34.1,42900,14300,36951200
NBCC-I.NFO,07/01/2020,13:31:47,34.05,34,71500,34.1,57200,14300,36951200
NBCC-I.NFO,07/01/2020,13:31:55,34.05,34.05,14300,34.1,28600,0,36951200
NBCC-I.NFO,07/01/2020,13:32:10,34.05,34,85800,34.1,57200,0,36951200
NBCC-I.NFO,07/01/2020,13:32:22,34.05,34.05,14300,34.1,42900,0,36951200
NBCC-I.NFO,07/01/2020,13:32:32,34.1,34.05,14300,34.1,28600,14300,36951200
NBCC-I.NFO,07/01/2020,13:32:37,34.1,34.05,14300,34.1,28600,0,36951200
NBCC-I.NFO,07/01/2020,13:32:50,34.1,34.05,28600,34.1,42900,0,36951200
NBCC-I.NFO,07/01/2020,13:33:14,34.1,34.05,42900,34.1,42900,0,36951200
NBCC-I.NFO,07/01/2020,13:33:30,34.05,34.05,14300,34.1,42900,14300,36979800
NBCC-I.NFO,07/01/2020,13:33:37,34.05,34.05,14300,34.1,42900,0,36979800
NBCC-I.NFO,07/01/2020,13:33:42,34.05,34.05,28600,34.1,42900,0,36979800
NBCC-I.NFO,07/01/2020,13:33:47,34.05,34.05,14300,34.1,42900,0,36979800
NBCC-I.NFO,07/01/2020,13:33:58,34.05,34.05,14300,34.1,14300,0,36979800
NBCC-I.NFO,07/01/2020,13:34:03,34.05,34.05,28600,34.1,14300,0,36979800
NBCC-I.NFO,07/01/2020,13:34:12,34.05,34.05,28600,34.1,42900,0,36979800
NBCC-I.NFO,07/01/2020,13:34:22,34.05,34.05,28600,34.1,28600,0,36979800
NBCC-I.NFO,07/01/2020,13:34:27,34.05,34.05,28600,34.1,71500,0,36979800
NBCC-I.NFO,07/01/2020,13:34:36,34.05,34.05,28600,34.1,28600,0,36979800
NBCC-I.NFO,07/01/2020,13:35:00,34.1,34.05,28600,34.15,71500,28600,36979800
NBCC-I.NFO,07/01/2020,13:35:08,34.1,34.05,28600,34.15,57200,14300,36979800
NBCC-I.NFO,07/01/2020,13:35:25,34.1,34.05,28600,34.15,42900,0,36979800
NBCC-I.NFO,07/01/2020,13:35:31,34.1,34.05,28600,34.15,57200,0,36979800
NBCC-I.NFO,07/01/2020,13:35:48,34.1,34.1,28600,34.15,42900,0,36979800
NBCC-I.NFO,07/01/2020,13:36:12,34.15,34.15,14300,34.2,42900,42900,37022700
NBCC-I.NFO,07/01/2020,13:36:16,34.15,34.15,14300,34.2,42900,0,37022700
NBCC-I.NFO,07/01/2020,13:36:20,34.2,34.15,14300,34.2,14300,28600,37022700
NBCC-I.NFO,07/01/2020,13:36:25,34.2,34.15,14300,34.25,71500,14300,37022700
NBCC-I.NFO,07/01/2020,13:36:30,34.2,34.15,14300,34.25,57200,0,37022700
NBCC-I.NFO,07/01/2020,13:36:34,34.2,34.15,14300,34.25,71500,0,37022700
NBCC-I.NFO,07/01/2020,13:36:39,34.2,34.2,14300,34.25,14300,0,37022700
NBCC-I.NFO,07/01/2020,13:36:45,34.2,34.2,14300,34.25,28600,0,37022700
NBCC-I.NFO,07/01/2020,13:36:51,34.2,34.2,14300,34.25,85800,0,37022700
NBCC-I.NFO,07/01/2020,13:36:56,34.2,34.2,14300,34.25,28600,0,37022700
NBCC-I.NFO,07/01/2020,13:37:02,34.2,34.2,28600,34.3,85800,0,37022700
NBCC-I.NFO,07/01/2020,13:37:12,34.2,34.2,28600,34.3,100100,0,37022700
NBCC-I.NFO,07/01/2020,13:37:35,34.2,34.2,28600,34.3,85800,0,37022700
NBCC-I.NFO,07/01/2020,13:37:45,34.2,34.2,28600,34.3,114400,0,37022700
NBCC-I.NFO,07/01/2020,13:37:49,34.2,34.2,14300,34.3,114400,14300,37022700
NBCC-I.NFO,07/01/2020,13:38:01,34.2,34.2,28600,34.3,100100,0,37022700
NBCC-I.NFO,07/01/2020,13:38:19,34.2,34.2,28600,34.3,85800,0,37022700
NBCC-I.NFO,07/01/2020,13:38:31,34.2,34.2,28600,34.25,14300,0,37022700
NBCC-I.NFO,07/01/2020,13:38:46,34.25,34.2,28600,34.3,85800,14300,37022700
NBCC-I.NFO,07/01/2020,13:39:01,34.3,34.2,57200,34.3,28600,28600,37022700
NBCC-I.NFO,07/01/2020,13:39:10,34.3,34.2,57200,34.3,28600,0,37022700
NBCC-I.NFO,07/01/2020,13:39:25,34.3,34.2,57200,34.3,42900,0,37022700
NBCC-I.NFO,07/01/2020,13:39:30,34.3,34.2,57200,34.3,57200,0,37022700
NBCC-I.NFO,07/01/2020,13:39:36,34.3,34.2,57200,34.25,14300,0,37022700
NBCC-I.NFO,07/01/2020,13:39:47,34.3,34.2,42900,34.25,42900,0,37022700
NBCC-I.NFO,07/01/2020,13:39:58,34.3,34.2,42900,34.25,14300,0,37022700
NBCC-I.NFO,07/01/2020,13:40:21,34.25,34.2,42900,34.25,14300,14300,37051300
NBCC-I.NFO,07/01/2020,13:40:26,34.25,34.2,42900,34.25,14300,0,37051300
NBCC-I.NFO,07/01/2020,13:40:44,34.25,34.2,57200,34.3,42900,0,37051300
NBCC-I.NFO,07/01/2020,13:40:49,34.25,34.25,14300,34.3,28600,0,37051300
NBCC-I.NFO,07/01/2020,13:41:09,34.25,34.25,28600,34.3,28600,0,37051300
NBCC-I.NFO,07/01/2020,13:41:13,34.25,34.25,14300,34.3,71500,0,37051300
NBCC-I.NFO,07/01/2020,13:41:21,34.25,34.25,14300,34.3,85800,0,37051300
NBCC-I.NFO,07/01/2020,13:41:28,34.25,34.25,14300,34.3,71500,0,37051300
NBCC-I.NFO,07/01/2020,13:41:32,34.25,34.2,42900,34.25,14300,14300,37051300
NBCC-I.NFO,07/01/2020,13:41:36,34.25,34.2,28600,34.25,28600,0,37051300
NBCC-I.NFO,07/01/2020,13:41:46,34.25,34.2,28600,34.25,85800,0,37051300
NBCC-I.NFO,07/01/2020,13:41:51,34.25,34.2,28600,34.25,71500,0,37051300
NBCC-I.NFO,07/01/2020,13:41:57,34.25,34.2,14300,34.25,71500,0,37051300
NBCC-I.NFO,07/01/2020,13:42:06,34.25,34.2,14300,34.25,57200,0,37051300
NBCC-I.NFO,07/01/2020,13:42:11,34.25,34.2,14300,34.25,42900,0,37051300
NBCC-I.NFO,07/01/2020,13:42:21,34.25,34.25,14300,34.3,42900,28600,37079900
NBCC-I.NFO,07/01/2020,13:42:29,34.25,34.25,14300,34.3,28600,0,37079900
NBCC-I.NFO,07/01/2020,13:42:42,34.25,34.25,14300,34.3,42900,0,37079900
NBCC-I.NFO,07/01/2020,13:42:45,34.25,34.25,14300,34.3,28600,0,37079900
NBCC-I.NFO,07/01/2020,13:42:48,34.25,34.25,14300,34.3,42900,0,37079900
NBCC-I.NFO,07/01/2020,13:43:01,34.3,34.25,14300,34.35,57200,42900,37079900
NBCC-I.NFO,07/01/2020,13:43:06,34.3,34.25,14300,34.35,71500,0,37079900
NBCC-I.NFO,07/01/2020,13:43:11,34.3,34.25,42900,34.35,71500,0,37079900
NBCC-I.NFO,07/01/2020,13:43:24,34.3,34.25,42900,34.35,57200,0,37079900
NBCC-I.NFO,07/01/2020,13:43:28,34.3,34.25,42900,34.35,71500,0,37079900
NBCC-I.NFO,07/01/2020,13:43:49,34.3,34.25,42900,34.3,28600,0,37079900
NBCC-I.NFO,07/01/2020,13:43:54,34.3,34.25,28600,34.3,28600,0,37079900
NBCC-I.NFO,07/01/2020,13:43:57,34.3,34.25,14300,34.3,28600,0,37079900
NBCC-I.NFO,07/01/2020,13:44:06,34.3,34.25,28600,34.3,28600,0,37079900
NBCC-I.NFO,07/01/2020,13:44:10,34.3,34.25,28600,34.3,14300,0,37079900
NBCC-I.NFO,07/01/2020,13:44:25,34.3,34.25,42900,34.3,14300,0,37079900
NBCC-I.NFO,07/01/2020,13:44:38,34.35,34.3,14300,34.35,42900,443300,37079900
NBCC-I.NFO,07/01/2020,13:44:40,34.35,34.3,28600,34.35,28600,0,37079900
NBCC-I.NFO,07/01/2020,13:44:53,34.3,34.25,28600,34.35,57200,28600,37079900
NBCC-I.NFO,07/01/2020,13:44:58,34.3,34.25,28600,34.35,71500,0,37079900
NBCC-I.NFO,07/01/2020,13:45:01,34.3,34.25,28600,34.3,14300,0,37079900
NBCC-I.NFO,07/01/2020,13:45:21,34.3,34.25,28600,34.35,71500,0,37079900
NBCC-I.NFO,07/01/2020,13:45:41,34.3,34.25,28600,34.35,57200,0,37079900
NBCC-I.NFO,07/01/2020,13:45:54,34.3,34.25,28600,34.35,42900,0,37079900
NBCC-I.NFO,07/01/2020,13:46:42,34.35,34.35,14300,34.4,57200,28600,37079900
NBCC-I.NFO,07/01/2020,13:46:50,34.35,34.35,14300,34.4,42900,0,37079900
NBCC-I.NFO,07/01/2020,13:46:58,34.4,34.4,28600,34.45,14300,42900,37079900
NBCC-I.NFO,07/01/2020,13:47:06,34.4,34.4,14300,34.45,14300,0,37079900
NBCC-I.NFO,07/01/2020,13:47:13,34.4,34.4,14300,34.45,28600,0,37079900
NBCC-I.NFO,07/01/2020,13:47:45,34.4,34.4,14300,34.45,42900,0,37079900
NBCC-I.NFO,07/01/2020,13:48:10,34.4,34.4,28600,34.5,42900,0,37079900
NBCC-I.NFO,07/01/2020,13:48:20,34.4,34.45,14300,34.5,100100,0,37079900
NBCC-I.NFO,07/01/2020,13:48:26,34.5,34.4,85800,34.5,85800,28600,37079900
NBCC-I.NFO,07/01/2020,13:48:31,34.5,34.45,14300,34.5,100100,0,37079900
NBCC-I.NFO,07/01/2020,13:48:36,34.5,34.45,28600,34.5,71500,14300,37079900
NBCC-I.NFO,07/01/2020,13:48:41,34.5,34.45,14300,34.5,85800,0,37079900
NBCC-I.NFO,07/01/2020,13:48:47,34.5,34.45,57200,34.55,71500,85800,37079900
NBCC-I.NFO,07/01/2020,13:48:53,34.5,34.45,100100,34.5,42900,28600,37079900
NBCC-I.NFO,07/01/2020,13:49:00,34.45,34.45,100100,34.5,42900,14300,37079900
NBCC-I.NFO,07/01/2020,13:49:07,34.45,34.45,100100,34.5,42900,0,37079900
NBCC-I.NFO,07/01/2020,13:49:13,34.45,34.45,185900,34.5,443300,0,37079900
NBCC-I.NFO,07/01/2020,13:49:18,34.5,34.45,185900,34.5,28600,14300,37079900
NBCC-I.NFO,07/01/2020,13:49:24,34.4,34.4,14300,34.45,42900,200200,37079900
NBCC-I.NFO,07/01/2020,13:49:31,34.4,34.45,14300,34.5,85800,0,37079900
NBCC-I.NFO,07/01/2020,13:49:37,34.4,34.45,57200,34.5,85800,0,37079900
NBCC-I.NFO,07/01/2020,13:49:42,34.5,34.45,57200,34.5,14300,85800,37079900
NBCC-I.NFO,07/01/2020,13:49:46,34.5,34.45,71500,34.5,14300,0,37079900
NBCC-I.NFO,07/01/2020,13:49:50,34.4,34.45,14300,34.5,28600,100100,37079900
NBCC-I.NFO,07/01/2020,13:49:56,34.4,34.4,57200,34.5,71500,0,37079900
