Ticker,Date,Time,LTP,BuyPrice,BuyQty,SellPrice,SellQty,LTQ,OpenInterest
NIITTECH-I.NFO,07/01/2020,09:15:04,1655.75,1653.05,375,1655.7,375,750,618750
NIITTECH-I.NFO,07/01/2020,09:15:04,1655.75,1653.05,375,1655.7,375,0,618750
NIITTECH-I.NFO,07/01/2020,09:15:04,1655.75,1653.05,375,1655.7,375,0,618750
NIITTECH-I.NFO,07/01/2020,09:15:04,1655.75,1653.05,375,1655.7,375,0,618750
NIITTECH-I.NFO,07/01/2020,09:15:13,1654.95,1650.25,750,1655,375,1875,618750
NIITTECH-I.NFO,07/01/2020,09:15:13,1651.7,1650.25,750,1655,375,0,618750
NIITTECH-I.NFO,07/01/2020,09:15:24,1655.15,1650.35,750,1654.95,375,1125,618750
NIITTECH-I.NFO,07/01/2020,09:15:36,1649.1,1648.15,375,1651.85,375,5625,618750
NIITTECH-I.NFO,07/01/2020,09:15:36,1649.1,1648.15,375,1651.85,375,0,618750
NIITTECH-I.NFO,07/01/2020,09:15:48,1649.2,1648.1,375,1649.8,375,1125,618750
NIITTECH-I.NFO,07/01/2020,09:15:48,1648.15,1648.1,375,1649.8,375,0,618750
NIITTECH-I.NFO,07/01/2020,09:16:00,1648.15,1648.25,375,1651.95,375,5625,618750
NIITTECH-I.NFO,07/01/2020,09:16:00,1642.2,1648.25,375,1651.95,375,0,618750
NIITTECH-I.NFO,07/01/2020,09:16:12,1643,1641.1,375,1644.55,750,6750,618750
NIITTECH-I.NFO,07/01/2020,09:16:24,1641.4,1643,375,1646,750,2250,618750
NIITTECH-I.NFO,07/01/2020,09:16:24,1640.5,1643,375,1646,750,0,618750
NIITTECH-I.NFO,07/01/2020,09:16:34,1647.5,1648.05,375,1651.35,375,4125,618750
NIITTECH-I.NFO,07/01/2020,09:16:43,1647.3,1644,750,1647.05,750,2250,618750
NIITTECH-I.NFO,07/01/2020,09:16:53,1649.5,1649.2,375,1650.6,375,2250,618750
NIITTECH-I.NFO,07/01/2020,09:17:03,1650.15,1648.05,375,1649.95,375,1875,618750
NIITTECH-I.NFO,07/01/2020,09:17:12,1649,1646.1,375,1649.45,375,2625,624375
NIITTECH-I.NFO,07/01/2020,09:17:13,1649,1646.15,375,1649.4,375,0,624375
NIITTECH-I.NFO,07/01/2020,09:17:14,1649.35,1646.5,750,1649.45,375,375,624375
NIITTECH-I.NFO,07/01/2020,09:17:14,1649.35,1646.95,375,1649.45,375,0,624375
NIITTECH-I.NFO,07/01/2020,09:17:16,1649.45,1648.5,375,1649.5,750,375,624375
NIITTECH-I.NFO,07/01/2020,09:17:17,1649.45,1648.4,375,1649.5,750,0,624375
NIITTECH-I.NFO,07/01/2020,09:17:19,1649.45,1647.4,375,1649.5,750,0,624375
NIITTECH-I.NFO,07/01/2020,09:17:20,1649.45,1647.1,375,1649.5,750,0,624375
NIITTECH-I.NFO,07/01/2020,09:17:21,1649,1647.6,375,1649.5,375,375,624375
NIITTECH-I.NFO,07/01/2020,09:17:22,1649,1647.55,375,1649.5,375,0,624375
NIITTECH-I.NFO,07/01/2020,09:17:23,1649.5,1648,375,1649.95,375,375,624375
NIITTECH-I.NFO,07/01/2020,09:17:24,1649.5,1647.9,750,1649.95,375,0,624375
NIITTECH-I.NFO,07/01/2020,09:17:24,1649.5,1648.4,375,1649.95,375,0,624375
NIITTECH-I.NFO,07/01/2020,09:17:26,1650.2,1648.5,375,1651.95,375,1500,624375
NIITTECH-I.NFO,07/01/2020,09:17:27,1650.2,1648.9,375,1651.95,375,0,624375
NIITTECH-I.NFO,07/01/2020,09:17:28,1648.9,1648.7,375,1651.9,375,375,624375
NIITTECH-I.NFO,07/01/2020,09:17:29,1648.9,1648.65,375,1651.9,375,0,624375
NIITTECH-I.NFO,07/01/2020,09:17:30,1648.9,1648.8,375,1651.85,375,0,624375
NIITTECH-I.NFO,07/01/2020,09:17:31,1648.8,1647.5,375,1650.95,375,375,624375
NIITTECH-I.NFO,07/01/2020,09:17:32,1647.3,1647.05,375,1650.25,375,375,624375
NIITTECH-I.NFO,07/01/2020,09:17:33,1649.1,1647.05,375,1648.75,375,375,624375
NIITTECH-I.NFO,07/01/2020,09:17:34,1649.1,1647.05,375,1648.75,375,0,624375
NIITTECH-I.NFO,07/01/2020,09:17:36,1649.1,1647.05,375,1648.55,375,0,624375
NIITTECH-I.NFO,07/01/2020,09:17:37,1649.1,1647.05,375,1648.65,375,0,624375
NIITTECH-I.NFO,07/01/2020,09:17:38,1648.2,1646.2,375,1648.6,375,750,624375
NIITTECH-I.NFO,07/01/2020,09:17:39,1648.2,1646.1,375,1648.75,375,0,624375
NIITTECH-I.NFO,07/01/2020,09:17:40,1648.2,1646.05,375,1648.8,750,0,624375
NIITTECH-I.NFO,07/01/2020,09:17:41,1648.2,1646.15,375,1648.75,375,0,624375
NIITTECH-I.NFO,07/01/2020,09:17:42,1648.7,1646.75,375,1648,375,375,624375
NIITTECH-I.NFO,07/01/2020,09:17:43,1648,1647.15,375,1648.8,750,375,624375
NIITTECH-I.NFO,07/01/2020,09:17:44,1648,1647.3,375,1648.8,750,0,624375
NIITTECH-I.NFO,07/01/2020,09:17:45,1647.55,1646.2,375,1649.65,375,1500,624375
NIITTECH-I.NFO,07/01/2020,09:17:46,1647.55,1648.75,375,1650,375,0,624375
NIITTECH-I.NFO,07/01/2020,09:17:47,1647.55,1648.7,375,1649.9,375,0,624375
NIITTECH-I.NFO,07/01/2020,09:17:48,1648.7,1647.05,375,1648.2,750,375,624375
NIITTECH-I.NFO,07/01/2020,09:17:49,1648.7,1647.2,375,1648.2,750,0,624375
NIITTECH-I.NFO,07/01/2020,09:17:50,1648.7,1647.2,375,1648,375,0,624375
NIITTECH-I.NFO,07/01/2020,09:17:51,1647.05,1646,375,1647.75,750,750,624375
NIITTECH-I.NFO,07/01/2020,09:17:52,1647.05,1646,375,1647.95,375,0,624375
NIITTECH-I.NFO,07/01/2020,09:17:53,1647.05,1646.05,375,1647.75,375,0,624375
NIITTECH-I.NFO,07/01/2020,09:17:54,1647.05,1646.05,375,1647.55,375,0,624375
NIITTECH-I.NFO,07/01/2020,09:17:55,1644,1643.5,375,1646.9,750,2625,624375
NIITTECH-I.NFO,07/01/2020,09:17:56,1644,1643.65,375,1647.1,375,0,624375
NIITTECH-I.NFO,07/01/2020,09:17:58,1644,1643.3,750,1646.95,375,0,624375
NIITTECH-I.NFO,07/01/2020,09:17:59,1644,1643.4,375,1646.55,375,0,624375
NIITTECH-I.NFO,07/01/2020,09:18:00,1644,1643.85,375,1646.75,375,0,624375
NIITTECH-I.NFO,07/01/2020,09:18:01,1644,1643.85,375,1646.05,375,0,624375
NIITTECH-I.NFO,07/01/2020,09:18:02,1644,1643.25,375,1646.05,375,0,624375
NIITTECH-I.NFO,07/01/2020,09:18:03,1644,1643.2,375,1645.7,375,0,624375
NIITTECH-I.NFO,07/01/2020,09:18:04,1644,1643.35,375,1645.9,375,0,624375
NIITTECH-I.NFO,07/01/2020,09:18:06,1644,1644.15,375,1646,375,0,624375
NIITTECH-I.NFO,07/01/2020,09:18:07,1644,1644.45,375,1646.05,375,0,624375
NIITTECH-I.NFO,07/01/2020,09:18:08,1646.05,1644.85,375,1647.3,375,375,624375
NIITTECH-I.NFO,07/01/2020,09:18:09,1646.05,1645.15,375,1647.3,375,0,624375
NIITTECH-I.NFO,07/01/2020,09:18:10,1647.3,1645.65,375,1648.2,750,375,624375
NIITTECH-I.NFO,07/01/2020,09:18:11,1647.3,1645.65,375,1648.2,750,0,624375
NIITTECH-I.NFO,07/01/2020,09:18:13,1648.2,1647.05,375,1649.75,375,750,624375
NIITTECH-I.NFO,07/01/2020,09:18:14,1648.2,1647.05,375,1650.05,375,0,624375
NIITTECH-I.NFO,07/01/2020,09:18:15,1648.2,1647.1,375,1649.9,375,0,624375
NIITTECH-I.NFO,07/01/2020,09:18:17,1648.2,1647.1,375,1649.85,375,0,624375
NIITTECH-I.NFO,07/01/2020,09:18:18,1649,1647.5,375,1650,1125,375,624375
NIITTECH-I.NFO,07/01/2020,09:18:19,1649,1647.5,375,1650,1125,0,624375
NIITTECH-I.NFO,07/01/2020,09:18:21,1649,1647.5,375,1650,1500,0,624375
NIITTECH-I.NFO,07/01/2020,09:18:22,1650,1648.05,750,1650,1125,1125,624375
NIITTECH-I.NFO,07/01/2020,09:18:23,1650,1648.05,375,1650,1125,0,624375
NIITTECH-I.NFO,07/01/2020,09:18:24,1650,1648.15,375,1650,1125,0,624375
NIITTECH-I.NFO,07/01/2020,09:18:27,1650,1648.15,375,1650,750,375,624375
NIITTECH-I.NFO,07/01/2020,09:18:28,1650,1648.15,375,1650,750,0,624375
NIITTECH-I.NFO,07/01/2020,09:18:30,1649,1648.2,375,1650.15,375,1125,624375
NIITTECH-I.NFO,07/01/2020,09:18:31,1649,1648.3,375,1650.2,375,375,624375
NIITTECH-I.NFO,07/01/2020,09:18:32,1650,1648.45,375,1650.2,375,750,624375
NIITTECH-I.NFO,07/01/2020,09:18:34,1650,1647.4,375,1650.1,375,0,624375
NIITTECH-I.NFO,07/01/2020,09:18:35,1650.2,1647.7,375,1650.7,375,1125,624375
NIITTECH-I.NFO,07/01/2020,09:18:36,1650.2,1647.85,375,1650.95,375,0,624375
NIITTECH-I.NFO,07/01/2020,09:18:37,1650.2,1648.1,375,1650.85,375,0,624375
NIITTECH-I.NFO,07/01/2020,09:18:38,1650.2,1648,375,1650.5,375,0,624375
NIITTECH-I.NFO,07/01/2020,09:18:39,1650.2,1648.05,375,1650.85,375,0,624375
NIITTECH-I.NFO,07/01/2020,09:18:40,1650.2,1648.25,375,1650.6,375,0,624375
NIITTECH-I.NFO,07/01/2020,09:18:41,1650,1648.05,375,1650.7,375,375,624375
NIITTECH-I.NFO,07/01/2020,09:18:42,1650,1648.15,375,1651,750,0,624375
NIITTECH-I.NFO,07/01/2020,09:18:44,1650,1648.55,375,1651,750,0,624375
NIITTECH-I.NFO,07/01/2020,09:18:45,1650,1648.6,375,1651,750,0,624375
NIITTECH-I.NFO,07/01/2020,09:18:46,1650,1649,375,1651,750,0,624375
NIITTECH-I.NFO,07/01/2020,09:18:47,1650,1648.3,375,1651,750,375,624375
NIITTECH-I.NFO,07/01/2020,09:18:48,1650,1648.5,375,1650.95,375,0,624375
NIITTECH-I.NFO,07/01/2020,09:18:49,1648.55,1648.55,375,1650.95,750,750,624375
NIITTECH-I.NFO,07/01/2020,09:18:50,1648.55,1648.5,375,1650,1500,0,624375
NIITTECH-I.NFO,07/01/2020,09:18:52,1648.55,1648.5,375,1649.9,375,0,624375
NIITTECH-I.NFO,07/01/2020,09:18:53,1649,1648.5,375,1649.95,375,375,624375
NIITTECH-I.NFO,07/01/2020,09:18:54,1649,1648.5,375,1649.95,375,0,624375
NIITTECH-I.NFO,07/01/2020,09:18:56,1649,1648.5,375,1649.85,375,0,624375
NIITTECH-I.NFO,07/01/2020,09:18:59,1646.9,1645.6,375,1648.5,375,2250,624375
NIITTECH-I.NFO,07/01/2020,09:19:00,1646.9,1645.6,375,1648.5,375,0,624375
NIITTECH-I.NFO,07/01/2020,09:19:01,1646.9,1646,375,1648.5,375,0,624375
NIITTECH-I.NFO,07/01/2020,09:19:03,1646,1646,375,1648.75,375,375,624375
NIITTECH-I.NFO,07/01/2020,09:19:04,1646,1645.45,375,1648,750,0,624375
NIITTECH-I.NFO,07/01/2020,09:19:05,1646,1645.45,375,1648.3,375,0,624375
NIITTECH-I.NFO,07/01/2020,09:19:06,1646,1645.45,375,1648.2,375,0,624375
NIITTECH-I.NFO,07/01/2020,09:19:07,1646,1645.55,375,1648.6,375,0,624375
NIITTECH-I.NFO,07/01/2020,09:19:08,1646,1645.6,375,1648.45,375,0,624375
NIITTECH-I.NFO,07/01/2020,09:19:09,1646,1645.6,375,1648.25,375,0,624375
NIITTECH-I.NFO,07/01/2020,09:19:10,1646,1646.1,375,1649.45,375,0,624375
NIITTECH-I.NFO,07/01/2020,09:19:11,1646,1646.3,375,1649.1,375,0,624375
NIITTECH-I.NFO,07/01/2020,09:19:12,1646,1646.55,375,1649.75,375,0,624375
NIITTECH-I.NFO,07/01/2020,09:19:14,1646,1646.65,375,1649.45,375,0,624375
NIITTECH-I.NFO,07/01/2020,09:19:15,1646,1646.65,375,1649,375,0,624375
NIITTECH-I.NFO,07/01/2020,09:19:16,1646,1646.65,375,1649.1,375,0,624375
NIITTECH-I.NFO,07/01/2020,09:19:17,1646,1646.65,375,1649.3,375,0,624375
NIITTECH-I.NFO,07/01/2020,09:19:18,1646.35,1646.2,375,1648.85,375,750,624375
NIITTECH-I.NFO,07/01/2020,09:19:19,1649.35,1646.85,375,1649.95,375,750,624375
NIITTECH-I.NFO,07/01/2020,09:19:20,1649.95,1647.3,750,1650,2250,375,624375
NIITTECH-I.NFO,07/01/2020,09:19:21,1649.95,1647.3,750,1650,2250,0,624375
NIITTECH-I.NFO,07/01/2020,09:19:23,1650.4,1648.85,375,1651.85,375,4875,624375
NIITTECH-I.NFO,07/01/2020,09:19:24,1650.4,1648.85,375,1651.85,375,0,624375
NIITTECH-I.NFO,07/01/2020,09:19:25,1650,1649.45,375,1651.75,375,375,624375
NIITTECH-I.NFO,07/01/2020,09:19:26,1651.75,1649.55,375,1652,375,375,624375
NIITTECH-I.NFO,07/01/2020,09:19:27,1651.75,1650.75,375,1652,375,0,624375
NIITTECH-I.NFO,07/01/2020,09:19:28,1652,1650.85,375,1653,375,375,624375
NIITTECH-I.NFO,07/01/2020,09:19:29,1651.2,1651.15,375,1652.95,375,375,624375
NIITTECH-I.NFO,07/01/2020,09:19:30,1653,1651.25,375,1653.95,375,375,624375
NIITTECH-I.NFO,07/01/2020,09:19:31,1653,1651.25,375,1653.7,375,0,624375
NIITTECH-I.NFO,07/01/2020,09:19:32,1653,1651.2,375,1653.75,750,0,624375
NIITTECH-I.NFO,07/01/2020,09:19:33,1653,1651.2,375,1653.65,375,0,624375
NIITTECH-I.NFO,07/01/2020,09:19:34,1653,1651.3,375,1653.95,375,0,624375
NIITTECH-I.NFO,07/01/2020,09:19:35,1653,1651.25,375,1653.8,375,0,624375
NIITTECH-I.NFO,07/01/2020,09:19:37,1653,1651.4,375,1653.95,750,0,624375
NIITTECH-I.NFO,07/01/2020,09:19:38,1653,1651.4,375,1653.9,750,0,624375
NIITTECH-I.NFO,07/01/2020,09:19:39,1653,1651.45,375,1653.95,375,0,624375
NIITTECH-I.NFO,07/01/2020,09:19:40,1653,1651.6,1125,1654,750,375,624375
NIITTECH-I.NFO,07/01/2020,09:19:41,1653,1651.75,375,1654,750,0,624375
NIITTECH-I.NFO,07/01/2020,09:19:44,1653,1652.4,375,1654,750,0,624375
NIITTECH-I.NFO,07/01/2020,09:19:45,1654,1652.6,375,1654,375,375,624375
NIITTECH-I.NFO,07/01/2020,09:19:46,1652.7,1651.5,375,1653.95,375,375,624375
NIITTECH-I.NFO,07/01/2020,09:19:47,1652.7,1651.5,375,1653.95,375,0,624375
NIITTECH-I.NFO,07/01/2020,09:19:48,1652.7,1651.5,375,1653.8,375,0,624375
NIITTECH-I.NFO,07/01/2020,09:19:51,1651.5,1651.3,375,1653.65,375,375,624375
NIITTECH-I.NFO,07/01/2020,09:19:52,1651.5,1651.3,375,1653.75,375,0,624375
NIITTECH-I.NFO,07/01/2020,09:19:53,1651.5,1651.3,375,1653,375,0,624375
NIITTECH-I.NFO,07/01/2020,09:19:54,1651.5,1651.5,375,1653,375,375,624375
NIITTECH-I.NFO,07/01/2020,09:19:55,1651.5,1651.55,375,1653,375,0,624375
NIITTECH-I.NFO,07/01/2020,09:19:57,1651.5,1651.4,375,1652.95,375,0,624375
NIITTECH-I.NFO,07/01/2020,09:19:58,1651.5,1651.4,375,1653,375,0,624375
NIITTECH-I.NFO,07/01/2020,09:20:00,1651.5,1651.45,375,1653,375,0,624375
NIITTECH-I.NFO,07/01/2020,09:20:01,1651.65,1651.5,375,1653.8,375,1125,624375
NIITTECH-I.NFO,07/01/2020,09:20:02,1651.65,1651.65,375,1653.85,375,0,624375
NIITTECH-I.NFO,07/01/2020,09:20:03,1651.65,1651.6,375,1653.8,375,375,624375
NIITTECH-I.NFO,07/01/2020,09:20:04,1651.65,1651.6,375,1653.45,375,375,624375
NIITTECH-I.NFO,07/01/2020,09:20:05,1653.8,1651.7,375,1653.85,375,750,624375
NIITTECH-I.NFO,07/01/2020,09:20:06,1651.75,1652,375,1653.45,375,375,624375
NIITTECH-I.NFO,07/01/2020,09:20:07,1651.75,1652,375,1653.45,375,0,624375
NIITTECH-I.NFO,07/01/2020,09:20:08,1651.75,1652,375,1653.75,375,0,624375
NIITTECH-I.NFO,07/01/2020,09:20:09,1651.75,1652.5,375,1653.8,375,0,624375
NIITTECH-I.NFO,07/01/2020,09:20:10,1653.85,1652.7,375,1654,750,750,633750
NIITTECH-I.NFO,07/01/2020,09:20:11,1653.85,1652.9,375,1654,750,0,633750
NIITTECH-I.NFO,07/01/2020,09:20:12,1652.55,1652,375,1653.45,375,1125,633750
NIITTECH-I.NFO,07/01/2020,09:20:13,1652.55,1652,375,1653.5,375,0,633750
NIITTECH-I.NFO,07/01/2020,09:20:14,1653.4,1652.1,1125,1653.6,375,375,633750
NIITTECH-I.NFO,07/01/2020,09:20:15,1653.6,1652.25,375,1653.6,375,375,633750
NIITTECH-I.NFO,07/01/2020,09:20:16,1653.6,1652.25,375,1653.9,375,0,633750
NIITTECH-I.NFO,07/01/2020,09:20:17,1653.6,1652.25,375,1653.8,375,0,633750
NIITTECH-I.NFO,07/01/2020,09:20:18,1653.6,1652.4,375,1653.8,375,0,633750
NIITTECH-I.NFO,07/01/2020,09:20:19,1655,1652.7,375,1655,1500,2250,633750
NIITTECH-I.NFO,07/01/2020,09:20:20,1655,1652.5,375,1654.55,375,0,633750
NIITTECH-I.NFO,07/01/2020,09:20:22,1655,1653.45,375,1654.6,375,0,633750
NIITTECH-I.NFO,07/01/2020,09:20:23,1655,1653.05,375,1654.9,375,0,633750
NIITTECH-I.NFO,07/01/2020,09:20:24,1655,1653,750,1654.8,375,0,633750
NIITTECH-I.NFO,07/01/2020,09:20:25,1654.8,1653,750,1654.9,375,375,633750
NIITTECH-I.NFO,07/01/2020,09:20:26,1654.8,1653,750,1654.85,375,0,633750
NIITTECH-I.NFO,07/01/2020,09:20:27,1654.8,1653.15,375,1654.9,375,0,633750
NIITTECH-I.NFO,07/01/2020,09:20:28,1654.8,1653.1,750,1654.9,375,0,633750
NIITTECH-I.NFO,07/01/2020,09:20:29,1654.8,1653.15,375,1654.9,375,0,633750
NIITTECH-I.NFO,07/01/2020,09:20:30,1654.9,1653.15,375,1654.95,375,375,633750
NIITTECH-I.NFO,07/01/2020,09:20:31,1654.95,1653.5,375,1654.6,375,375,633750
NIITTECH-I.NFO,07/01/2020,09:20:32,1654.95,1653.5,375,1654.6,375,0,633750
NIITTECH-I.NFO,07/01/2020,09:20:33,1654.95,1653.55,375,1654.95,375,0,633750
NIITTECH-I.NFO,07/01/2020,09:20:36,1653.55,1653.5,375,1654.9,375,375,633750
NIITTECH-I.NFO,07/01/2020,09:20:37,1653.55,1653.5,375,1654.9,375,0,633750
NIITTECH-I.NFO,07/01/2020,09:20:38,1654,1653.5,375,1654.85,375,375,633750
NIITTECH-I.NFO,07/01/2020,09:20:39,1654,1653.5,375,1654.85,375,0,633750
NIITTECH-I.NFO,07/01/2020,09:20:42,1652.65,1650.35,375,1652.6,375,2250,633750
NIITTECH-I.NFO,07/01/2020,09:20:43,1652.65,1650.35,375,1652.6,375,0,633750
NIITTECH-I.NFO,07/01/2020,09:20:44,1652.65,1649.85,375,1652.9,375,0,633750
NIITTECH-I.NFO,07/01/2020,09:20:45,1652.65,1650.15,375,1652.9,375,0,633750
NIITTECH-I.NFO,07/01/2020,09:20:46,1652.65,1650.25,375,1652.9,375,0,633750
NIITTECH-I.NFO,07/01/2020,09:20:47,1652.65,1650.3,375,1652.95,375,0,633750
NIITTECH-I.NFO,07/01/2020,09:20:48,1652.65,1650.3,375,1652.9,375,0,633750
NIITTECH-I.NFO,07/01/2020,09:20:49,1652.65,1651.1,375,1652.95,375,0,633750
NIITTECH-I.NFO,07/01/2020,09:20:50,1652.65,1651.15,375,1652.95,375,0,633750
NIITTECH-I.NFO,07/01/2020,09:20:51,1653,1652.05,375,1654.35,375,1125,633750
NIITTECH-I.NFO,07/01/2020,09:20:52,1653,1652.2,375,1654.9,750,0,633750
NIITTECH-I.NFO,07/01/2020,09:20:56,1653,1653.15,375,1654.9,375,0,633750
NIITTECH-I.NFO,07/01/2020,09:20:57,1653.05,1653.05,375,1654.95,375,750,633750
NIITTECH-I.NFO,07/01/2020,09:20:58,1653.05,1653,750,1654.8,375,0,633750
NIITTECH-I.NFO,07/01/2020,09:20:59,1653.05,1653,750,1654.9,375,0,633750
NIITTECH-I.NFO,07/01/2020,09:21:00,1653,1652,750,1654.7,375,1125,633750
NIITTECH-I.NFO,07/01/2020,09:21:01,1652,1650.25,375,1652.7,375,750,633750
NIITTECH-I.NFO,07/01/2020,09:21:02,1652,1650.25,375,1652.45,375,0,633750
NIITTECH-I.NFO,07/01/2020,09:21:03,1652,1649.3,375,1652.4,375,0,633750
NIITTECH-I.NFO,07/01/2020,09:21:04,1652,1649.55,375,1652.1,375,0,633750
NIITTECH-I.NFO,07/01/2020,09:21:06,1652.35,1650.1,375,1652.95,375,375,633750
NIITTECH-I.NFO,07/01/2020,09:21:07,1652.35,1650.2,375,1652.9,375,0,633750
NIITTECH-I.NFO,07/01/2020,09:21:09,1652.35,1650.35,750,1653,375,0,633750
NIITTECH-I.NFO,07/01/2020,09:21:10,1652.35,1651,375,1653,375,0,633750
NIITTECH-I.NFO,07/01/2020,09:21:15,1653,1651.05,375,1653.05,375,375,633750
NIITTECH-I.NFO,07/01/2020,09:21:16,1653,1651,375,1653.05,375,0,633750
NIITTECH-I.NFO,07/01/2020,09:21:17,1653,1651.1,375,1653.05,375,0,633750
NIITTECH-I.NFO,07/01/2020,09:21:18,1653,1651.3,375,1653.05,375,0,633750
NIITTECH-I.NFO,07/01/2020,09:21:19,1653,1651.2,375,1653.05,375,0,633750
NIITTECH-I.NFO,07/01/2020,09:21:22,1653,1651.2,375,1653,375,0,633750
NIITTECH-I.NFO,07/01/2020,09:21:24,1653,1651.2,375,1653,1125,0,633750
NIITTECH-I.NFO,07/01/2020,09:21:25,1653,1651.3,375,1653,1125,0,633750
NIITTECH-I.NFO,07/01/2020,09:21:27,1651,1650.25,375,1652.7,375,1500,633750
NIITTECH-I.NFO,07/01/2020,09:21:28,1651,1650.25,375,1652.6,375,0,633750
NIITTECH-I.NFO,07/01/2020,09:21:29,1651,1650.25,375,1652.45,375,0,633750
NIITTECH-I.NFO,07/01/2020,09:21:30,1650.25,1650.25,375,1652.5,375,375,633750
NIITTECH-I.NFO,07/01/2020,09:21:31,1650.25,1650.25,375,1652.25,375,0,633750
NIITTECH-I.NFO,07/01/2020,09:21:32,1650.25,1650.45,375,1652.2,375,0,633750
NIITTECH-I.NFO,07/01/2020,09:21:34,1650.45,1650.05,750,1651.85,375,375,633750
NIITTECH-I.NFO,07/01/2020,09:21:35,1650.45,1650.05,750,1651.75,375,0,633750
NIITTECH-I.NFO,07/01/2020,09:21:36,1650.45,1650.05,750,1651.55,375,0,633750
NIITTECH-I.NFO,07/01/2020,09:21:39,1649.05,1648.05,375,1650,375,1500,633750
NIITTECH-I.NFO,07/01/2020,09:21:40,1649.05,1648,375,1649.8,375,0,633750
NIITTECH-I.NFO,07/01/2020,09:21:41,1649.05,1648,375,1649.8,750,0,633750
NIITTECH-I.NFO,07/01/2020,09:21:42,1650,1649.25,375,1651.75,375,3750,633750
NIITTECH-I.NFO,07/01/2020,09:21:43,1650,1649.75,375,1652.35,375,0,633750
NIITTECH-I.NFO,07/01/2020,09:21:44,1650,1649.45,375,1652.05,375,0,633750
NIITTECH-I.NFO,07/01/2020,09:21:45,1650,1649.5,375,1652.05,375,0,633750
NIITTECH-I.NFO,07/01/2020,09:21:46,1650,1649.25,375,1651,375,0,633750
NIITTECH-I.NFO,07/01/2020,09:21:49,1650,1649.35,375,1651,375,0,633750
NIITTECH-I.NFO,07/01/2020,09:21:50,1649.3,1650,750,1651,375,750,633750
NIITTECH-I.NFO,07/01/2020,09:21:51,1649.3,1650,750,1651,375,0,633750
NIITTECH-I.NFO,07/01/2020,09:21:53,1652.05,1650.15,375,1652.35,375,1125,633750
NIITTECH-I.NFO,07/01/2020,09:21:54,1650.15,1650,750,1651.9,750,375,633750
NIITTECH-I.NFO,07/01/2020,09:21:55,1650,1650,375,1652,375,375,633750
NIITTECH-I.NFO,07/01/2020,09:21:56,1650,1650.3,375,1651.9,375,375,633750
NIITTECH-I.NFO,07/01/2020,09:21:57,1650,1650.3,375,1652.25,375,0,633750
NIITTECH-I.NFO,07/01/2020,09:21:59,1652.2,1649.7,375,1652.35,375,1500,633750
NIITTECH-I.NFO,07/01/2020,09:22:00,1652.2,1649.7,375,1652.35,375,0,633750
NIITTECH-I.NFO,07/01/2020,09:22:01,1651.95,1649.85,750,1652.05,375,750,633750
NIITTECH-I.NFO,07/01/2020,09:22:02,1651.95,1650.15,750,1652.4,750,0,633750
NIITTECH-I.NFO,07/01/2020,09:22:03,1651.95,1650.45,750,1652.9,375,0,633750
NIITTECH-I.NFO,07/01/2020,09:22:04,1651.95,1651.1,375,1653.05,375,0,633750
NIITTECH-I.NFO,07/01/2020,09:22:05,1651.95,1651.55,375,1653.05,375,0,633750
NIITTECH-I.NFO,07/01/2020,09:22:06,1651.3,1650.15,1125,1651.85,375,750,633750
NIITTECH-I.NFO,07/01/2020,09:22:07,1651.3,1650.15,1125,1651.85,375,0,633750
NIITTECH-I.NFO,07/01/2020,09:22:08,1651.3,1650.15,750,1651.75,375,0,633750
NIITTECH-I.NFO,07/01/2020,09:22:09,1651.3,1650.15,750,1651.6,375,0,633750
NIITTECH-I.NFO,07/01/2020,09:22:10,1651.3,1650.15,750,1651.85,750,0,633750
NIITTECH-I.NFO,07/01/2020,09:22:12,1650.15,1649.45,750,1651.7,375,750,633750
NIITTECH-I.NFO,07/01/2020,09:22:13,1650.15,1649.45,750,1651.8,375,0,633750
NIITTECH-I.NFO,07/01/2020,09:22:14,1650.15,1649.45,750,1651.75,375,0,633750
NIITTECH-I.NFO,07/01/2020,09:22:15,1650.15,1649.35,750,1651.8,375,0,633750
NIITTECH-I.NFO,07/01/2020,09:22:16,1650.15,1649.35,750,1651.85,750,0,633750
NIITTECH-I.NFO,07/01/2020,09:22:17,1650.15,1649.3,1125,1651.8,375,0,633750
NIITTECH-I.NFO,07/01/2020,09:22:18,1650.15,1649.3,375,1651.85,750,0,633750
NIITTECH-I.NFO,07/01/2020,09:22:19,1650.15,1649.3,375,1651.35,375,0,633750
NIITTECH-I.NFO,07/01/2020,09:22:20,1650.15,1649.3,375,1651.2,375,0,633750
NIITTECH-I.NFO,07/01/2020,09:22:21,1650.15,1649.3,375,1651.25,750,0,633750
NIITTECH-I.NFO,07/01/2020,09:22:23,1649.3,1649.25,375,1651.25,750,375,633750
NIITTECH-I.NFO,07/01/2020,09:22:24,1649.3,1649.25,375,1651.25,750,0,633750
NIITTECH-I.NFO,07/01/2020,09:22:25,1649.3,1649.25,375,1651.7,375,0,633750
NIITTECH-I.NFO,07/01/2020,09:22:26,1649.3,1649.25,375,1651.45,375,0,633750
NIITTECH-I.NFO,07/01/2020,09:22:27,1649.3,1649.25,375,1651.3,375,0,633750
NIITTECH-I.NFO,07/01/2020,09:22:28,1649.3,1649.3,750,1651.05,375,0,633750
NIITTECH-I.NFO,07/01/2020,09:22:36,1649.3,1649.4,750,1651.05,375,0,633750
NIITTECH-I.NFO,07/01/2020,09:22:37,1649.3,1649.25,375,1650,375,0,633750
NIITTECH-I.NFO,07/01/2020,09:22:38,1650,1649.25,375,1650.65,375,375,633750
NIITTECH-I.NFO,07/01/2020,09:22:39,1650,1649.25,375,1650.65,375,0,633750
NIITTECH-I.NFO,07/01/2020,09:22:41,1650,1649.3,375,1650.7,375,0,633750
NIITTECH-I.NFO,07/01/2020,09:22:42,1650,1649.3,375,1650.6,375,0,633750
NIITTECH-I.NFO,07/01/2020,09:22:46,1650,1649.3,375,1650,375,0,633750
NIITTECH-I.NFO,07/01/2020,09:22:49,1650,1648.1,375,1650.6,375,1125,633750
NIITTECH-I.NFO,07/01/2020,09:22:50,1650,1648.1,375,1650,375,0,633750
NIITTECH-I.NFO,07/01/2020,09:22:56,1650,1648.05,375,1650,375,0,633750
NIITTECH-I.NFO,07/01/2020,09:22:58,1648.1,1648.05,375,1650,375,750,633750
NIITTECH-I.NFO,07/01/2020,09:22:59,1648.1,1648.05,375,1650,375,0,633750
NIITTECH-I.NFO,07/01/2020,09:23:00,1648.1,1648.05,375,1649.95,375,0,633750
NIITTECH-I.NFO,07/01/2020,09:23:03,1648.1,1648,375,1649.85,375,0,633750
NIITTECH-I.NFO,07/01/2020,09:23:04,1648.1,1648,375,1649.95,750,0,633750
NIITTECH-I.NFO,07/01/2020,09:23:05,1648.1,1648,375,1649.8,375,0,633750
NIITTECH-I.NFO,07/01/2020,09:23:06,1648.1,1648,375,1649.95,375,0,633750
NIITTECH-I.NFO,07/01/2020,09:23:08,1648.1,1647.75,375,1649.95,375,0,633750
NIITTECH-I.NFO,07/01/2020,09:23:09,1648.1,1647.9,375,1649.95,375,0,633750
NIITTECH-I.NFO,07/01/2020,09:23:10,1647.9,1647.6,1125,1649.9,375,375,633750
NIITTECH-I.NFO,07/01/2020,09:23:11,1648,1647.8,375,1649.9,375,750,638250
NIITTECH-I.NFO,07/01/2020,09:23:12,1646,1645.85,375,1648.1,375,7500,638250
NIITTECH-I.NFO,07/01/2020,09:23:13,1648,1646.05,375,1648.45,375,375,638250
NIITTECH-I.NFO,07/01/2020,09:23:14,1648,1646.25,375,1648.85,375,0,638250
NIITTECH-I.NFO,07/01/2020,09:23:15,1648,1645.95,375,1648.45,375,0,638250
NIITTECH-I.NFO,07/01/2020,09:23:16,1648,1645.75,375,1647.95,375,0,638250
NIITTECH-I.NFO,07/01/2020,09:23:17,1648,1645.85,375,1648,375,0,638250
NIITTECH-I.NFO,07/01/2020,09:23:18,1648,1645.75,375,1647.95,750,0,638250
NIITTECH-I.NFO,07/01/2020,09:23:19,1648,1645.75,375,1647.95,375,0,638250
NIITTECH-I.NFO,07/01/2020,09:23:20,1648,1646.9,375,1649,375,750,638250
NIITTECH-I.NFO,07/01/2020,09:23:21,1648,1647.45,375,1649.8,375,750,638250
NIITTECH-I.NFO,07/01/2020,09:23:22,1648,1647.3,375,1649.5,375,0,638250
NIITTECH-I.NFO,07/01/2020,09:23:23,1647.9,1647.4,375,1649.6,375,375,638250
NIITTECH-I.NFO,07/01/2020,09:23:24,1647.9,1647.5,375,1649.85,375,0,638250
NIITTECH-I.NFO,07/01/2020,09:23:25,1647.35,1646.55,375,1648.85,375,375,638250
NIITTECH-I.NFO,07/01/2020,09:23:26,1647.35,1646.15,375,1648.4,375,0,638250
NIITTECH-I.NFO,07/01/2020,09:23:27,1647.35,1646.45,750,1648.95,375,0,638250
NIITTECH-I.NFO,07/01/2020,09:23:28,1647.35,1646.65,750,1649,375,0,638250
NIITTECH-I.NFO,07/01/2020,09:23:29,1647.35,1647.1,375,1649,375,0,638250
NIITTECH-I.NFO,07/01/2020,09:23:30,1648,1647.3,375,1649,375,375,638250
NIITTECH-I.NFO,07/01/2020,09:23:31,1648,1647.2,375,1649,375,0,638250
NIITTECH-I.NFO,07/01/2020,09:23:33,1648,1647.3,375,1649,375,375,638250
NIITTECH-I.NFO,07/01/2020,09:23:34,1648,1647.3,375,1649,375,0,638250
NIITTECH-I.NFO,07/01/2020,09:23:35,1648,1647.35,375,1649,375,0,638250
NIITTECH-I.NFO,07/01/2020,09:23:36,1648,1647.2,375,1649,375,0,638250
NIITTECH-I.NFO,07/01/2020,09:23:37,1648,1647.3,375,1649,375,375,638250
NIITTECH-I.NFO,07/01/2020,09:23:38,1648,1647.2,375,1649,375,0,638250
NIITTECH-I.NFO,07/01/2020,09:23:42,1648,1647.3,375,1649,375,375,638250
NIITTECH-I.NFO,07/01/2020,09:23:43,1648,1647.2,375,1648.65,1125,0,638250
NIITTECH-I.NFO,07/01/2020,09:23:48,1647.2,1647.2,375,1648.65,1125,375,638250
NIITTECH-I.NFO,07/01/2020,09:23:49,1647.2,1647.2,375,1648.65,1125,0,638250
NIITTECH-I.NFO,07/01/2020,09:23:51,1647.2,1647.3,375,1648.65,1125,0,638250
NIITTECH-I.NFO,07/01/2020,09:23:52,1647.2,1647.25,375,1648.65,1125,0,638250
NIITTECH-I.NFO,07/01/2020,09:23:53,1647.2,1647.15,375,1648.65,1125,0,638250
NIITTECH-I.NFO,07/01/2020,09:23:54,1647.2,1647.55,375,1648.65,1125,0,638250
NIITTECH-I.NFO,07/01/2020,09:23:55,1647.2,1647.6,375,1648.65,1125,0,638250
NIITTECH-I.NFO,07/01/2020,09:23:56,1647.2,1647.75,375,1648.65,1125,0,638250
NIITTECH-I.NFO,07/01/2020,09:23:57,1647.3,1647.2,375,1648.65,1125,375,638250
NIITTECH-I.NFO,07/01/2020,09:23:58,1647.3,1647.2,375,1648.65,1125,0,638250
NIITTECH-I.NFO,07/01/2020,09:23:59,1647.3,1647.3,375,1648.65,1125,0,638250
NIITTECH-I.NFO,07/01/2020,09:24:02,1647.3,1647.55,375,1648.65,1125,0,638250
NIITTECH-I.NFO,07/01/2020,09:24:06,1647.55,1647.55,375,1648.65,1125,750,638250
NIITTECH-I.NFO,07/01/2020,09:24:07,1647.55,1647.55,375,1648.65,1125,0,638250
NIITTECH-I.NFO,07/01/2020,09:24:15,1647.15,1647.6,375,1649,375,1125,638250
NIITTECH-I.NFO,07/01/2020,09:24:22,1647.15,1647.6,375,1649,750,0,638250
NIITTECH-I.NFO,07/01/2020,09:24:29,1649,1647.55,375,1649.25,375,750,638250
NIITTECH-I.NFO,07/01/2020,09:24:36,1649,1647.9,375,1649,375,0,638250
NIITTECH-I.NFO,07/01/2020,09:24:48,1649,1647.9,750,1649,750,0,638250
NIITTECH-I.NFO,07/01/2020,09:24:54,1650.7,1648.8,375,1650.7,375,1875,638250
NIITTECH-I.NFO,07/01/2020,09:25:01,1648.95,1649,750,1651.65,375,375,638250
NIITTECH-I.NFO,07/01/2020,09:25:08,1651,1649.4,375,1651.4,375,1125,638250
NIITTECH-I.NFO,07/01/2020,09:25:16,1650.45,1650.2,375,1651.5,375,1125,638250
NIITTECH-I.NFO,07/01/2020,09:25:23,1650.2,1650,375,1651.5,375,375,638250
NIITTECH-I.NFO,07/01/2020,09:25:29,1650.2,1650.45,375,1651.5,375,0,638250
NIITTECH-I.NFO,07/01/2020,09:25:37,1650.2,1651,375,1651.9,375,0,638250
NIITTECH-I.NFO,07/01/2020,09:25:44,1651,1650.45,375,1651.7,375,375,638250
NIITTECH-I.NFO,07/01/2020,09:25:58,1650.9,1649,375,1650.5,375,1500,638250
NIITTECH-I.NFO,07/01/2020,09:26:08,1650.75,1648.55,375,1650.3,375,1125,638250
NIITTECH-I.NFO,07/01/2020,09:26:16,1648.7,1648.2,375,1650.2,375,750,645750
NIITTECH-I.NFO,07/01/2020,09:26:22,1648.7,1647.9,375,1649.85,375,0,645750
NIITTECH-I.NFO,07/01/2020,09:26:28,1647.85,1647.45,375,1649.35,375,4875,645750
NIITTECH-I.NFO,07/01/2020,09:26:35,1647.85,1647.3,750,1648.85,375,0,645750
NIITTECH-I.NFO,07/01/2020,09:26:42,1647.8,1647.4,375,1648.55,375,375,645750
NIITTECH-I.NFO,07/01/2020,09:26:48,1647.45,1647.4,375,1648.9,375,375,645750
NIITTECH-I.NFO,07/01/2020,09:26:54,1648.5,1647.45,375,1648.6,375,375,645750
NIITTECH-I.NFO,07/01/2020,09:26:59,1648.5,1647.6,375,1648.95,375,0,645750
NIITTECH-I.NFO,07/01/2020,09:27:04,1648.5,1647.85,375,1648.95,375,0,645750
NIITTECH-I.NFO,07/01/2020,09:27:09,1648.45,1647.95,375,1648.85,375,375,645750
NIITTECH-I.NFO,07/01/2020,09:27:15,1650,1648.1,375,1649.6,375,1500,645750
NIITTECH-I.NFO,07/01/2020,09:27:22,1649.6,1648.6,375,1650,375,375,645750
NIITTECH-I.NFO,07/01/2020,09:27:29,1649.6,1648.95,375,1650,375,0,645750
NIITTECH-I.NFO,07/01/2020,09:27:35,1650,1649,750,1650.5,3375,375,645750
NIITTECH-I.NFO,07/01/2020,09:27:41,1650,1649.3,375,1650.5,3375,0,645750
NIITTECH-I.NFO,07/01/2020,09:27:47,1650.5,1650.2,375,1651,375,3375,645750
NIITTECH-I.NFO,07/01/2020,09:27:52,1651,1650.85,375,1652,750,375,645750
NIITTECH-I.NFO,07/01/2020,09:28:09,1650.85,1650.85,375,1652,1125,375,645750
NIITTECH-I.NFO,07/01/2020,09:28:17,1650.85,1650.7,375,1651,750,750,645750
NIITTECH-I.NFO,07/01/2020,09:28:23,1650.55,1649.7,375,1650.8,375,750,645750
NIITTECH-I.NFO,07/01/2020,09:28:29,1651.05,1651.2,375,1652,1500,750,645750
NIITTECH-I.NFO,07/01/2020,09:28:35,1651.05,1651.3,375,1652,1500,0,645750
NIITTECH-I.NFO,07/01/2020,09:28:41,1651.65,1651.4,375,1652.95,375,1875,645750
NIITTECH-I.NFO,07/01/2020,09:28:46,1651.65,1651.6,750,1652.95,375,375,645750
NIITTECH-I.NFO,07/01/2020,09:28:52,1651.65,1651.8,375,1653,750,0,645750
NIITTECH-I.NFO,07/01/2020,09:28:58,1651.65,1652,375,1652.95,375,0,645750
NIITTECH-I.NFO,07/01/2020,09:29:04,1653.3,1652.3,375,1652.95,375,1500,645750
NIITTECH-I.NFO,07/01/2020,09:29:11,1652.1,1650.4,375,1652,375,1875,645750
NIITTECH-I.NFO,07/01/2020,09:29:17,1650.55,1649.65,750,1651.4,375,375,655125
NIITTECH-I.NFO,07/01/2020,09:29:23,1650.55,1649.55,375,1651.4,375,0,655125
NIITTECH-I.NFO,07/01/2020,09:29:29,1650.55,1649.4,375,1651.15,375,0,655125
NIITTECH-I.NFO,07/01/2020,09:29:35,1650.55,1649.5,375,1650.85,375,0,655125
NIITTECH-I.NFO,07/01/2020,09:29:48,1650.55,1649.5,375,1650.5,375,0,655125
NIITTECH-I.NFO,07/01/2020,09:29:53,1650.55,1650,375,1650.55,375,0,655125
NIITTECH-I.NFO,07/01/2020,09:29:58,1650.55,1650.05,375,1650.55,375,0,655125
NIITTECH-I.NFO,07/01/2020,09:30:09,1650.95,1650.15,375,1650.95,375,1500,655125
NIITTECH-I.NFO,07/01/2020,09:30:12,1650.15,1650.2,375,1650.95,375,750,655125
NIITTECH-I.NFO,07/01/2020,09:30:13,1650.15,1650.2,375,1650.95,375,0,655125
NIITTECH-I.NFO,07/01/2020,09:30:16,1650.15,1650.2,375,1650.85,375,0,655125
NIITTECH-I.NFO,07/01/2020,09:30:17,1650,1649,375,1650.45,375,750,655125
NIITTECH-I.NFO,07/01/2020,09:30:18,1650,1649,375,1650.45,375,0,655125
NIITTECH-I.NFO,07/01/2020,09:30:20,1649,1648,375,1649.55,375,750,655125
NIITTECH-I.NFO,07/01/2020,09:30:20,1649,1648,375,1649.55,375,0,655125
NIITTECH-I.NFO,07/01/2020,09:30:21,1649,1648.1,375,1649.55,375,0,655125
NIITTECH-I.NFO,07/01/2020,09:30:22,1649,1648.05,375,1649.55,375,0,655125
NIITTECH-I.NFO,07/01/2020,09:30:27,1649,1648.1,375,1649.55,375,0,655125
NIITTECH-I.NFO,07/01/2020,09:30:27,1649.55,1648.45,375,1650,1875,375,655125
NIITTECH-I.NFO,07/01/2020,09:30:28,1649.55,1648.45,375,1650,1875,0,655125
NIITTECH-I.NFO,07/01/2020,09:30:30,1649.55,1648.5,375,1650,1875,0,655125
NIITTECH-I.NFO,07/01/2020,09:30:31,1649.55,1648.45,375,1649.95,375,0,655125
NIITTECH-I.NFO,07/01/2020,09:30:32,1649.55,1648.55,375,1649.95,375,0,655125
NIITTECH-I.NFO,07/01/2020,09:30:33,1649.55,1648.55,375,1649.9,375,0,655125
NIITTECH-I.NFO,07/01/2020,09:30:34,1649,1648.55,375,1649.75,375,375,655125
NIITTECH-I.NFO,07/01/2020,09:30:35,1649,1648.55,375,1650,1875,0,655125
NIITTECH-I.NFO,07/01/2020,09:30:36,1650,1648.8,750,1650.6,375,4500,655125
NIITTECH-I.NFO,07/01/2020,09:30:37,1650,1648.8,375,1650.6,375,0,655125
NIITTECH-I.NFO,07/01/2020,09:30:40,1650,1649.05,375,1650.6,375,0,655125
NIITTECH-I.NFO,07/01/2020,09:30:41,1650,1649,375,1650.6,375,0,655125
NIITTECH-I.NFO,07/01/2020,09:30:42,1650,1649.1,375,1650.6,375,0,655125
NIITTECH-I.NFO,07/01/2020,09:30:44,1650,1649.05,375,1650.6,375,0,655125
NIITTECH-I.NFO,07/01/2020,09:30:44,1650,1649.25,375,1650.6,375,0,655125
NIITTECH-I.NFO,07/01/2020,09:30:47,1650,1649.2,375,1650.6,375,0,655125
NIITTECH-I.NFO,07/01/2020,09:30:48,1650,1649.25,375,1650.85,375,0,655125
NIITTECH-I.NFO,07/01/2020,09:30:49,1650,1649.3,375,1650.85,375,0,655125
NIITTECH-I.NFO,07/01/2020,09:30:50,1650,1649.35,375,1650.85,375,0,655125
NIITTECH-I.NFO,07/01/2020,09:30:51,1650,1649.1,375,1650.85,375,0,655125
NIITTECH-I.NFO,07/01/2020,09:30:53,1650,1650,375,1650.85,375,0,655125
NIITTECH-I.NFO,07/01/2020,09:30:54,1650,1650.05,375,1650.9,375,0,655125
NIITTECH-I.NFO,07/01/2020,09:30:56,1650,1650.05,375,1650.85,375,0,655125
NIITTECH-I.NFO,07/01/2020,09:31:06,1650.5,1650.1,375,1651,375,375,655125
NIITTECH-I.NFO,07/01/2020,09:31:08,1650.5,1650.1,375,1651,375,0,655125
NIITTECH-I.NFO,07/01/2020,09:31:09,1651.95,1650.3,375,1651.9,375,750,655125
NIITTECH-I.NFO,07/01/2020,09:31:10,1651.95,1650.5,375,1651.9,375,0,655125
NIITTECH-I.NFO,07/01/2020,09:31:15,1653,1651.95,375,1653.35,375,1875,655125
NIITTECH-I.NFO,07/01/2020,09:31:21,1653,1652.5,375,1653.75,375,375,655125
NIITTECH-I.NFO,07/01/2020,09:31:27,1654,1653.3,375,1654.5,750,750,655125
NIITTECH-I.NFO,07/01/2020,09:31:33,1654,1653.2,375,1654.5,750,0,655125
NIITTECH-I.NFO,07/01/2020,09:31:38,1658.8,1656.45,375,1658.6,375,11625,655125
NIITTECH-I.NFO,07/01/2020,09:31:38,1658.8,1656.45,375,1658.6,375,0,655125
NIITTECH-I.NFO,07/01/2020,09:31:44,1658.95,1657.1,375,1658.95,375,1125,655125
NIITTECH-I.NFO,07/01/2020,09:31:44,1658.95,1657.1,375,1658.95,375,0,655125
NIITTECH-I.NFO,07/01/2020,09:31:49,1659.8,1658.05,375,1660,2250,5625,655125
NIITTECH-I.NFO,07/01/2020,09:31:49,1659.8,1658.05,375,1660,2250,0,655125
NIITTECH-I.NFO,07/01/2020,09:31:55,1660.65,1660.2,375,1661.75,375,3375,655125
NIITTECH-I.NFO,07/01/2020,09:31:55,1661,1660.2,375,1661.75,375,0,655125
NIITTECH-I.NFO,07/01/2020,09:32:01,1660,1659.15,750,1661.4,375,1875,655125
NIITTECH-I.NFO,07/01/2020,09:32:07,1660,1659.55,375,1661.1,375,1125,655125
NIITTECH-I.NFO,07/01/2020,09:32:12,1660,1658.55,375,1660.9,375,2250,655125
NIITTECH-I.NFO,07/01/2020,09:32:13,1660,1658.65,375,1660.6,375,0,655125
NIITTECH-I.NFO,07/01/2020,09:32:14,1660,1658.25,750,1660.7,750,0,655125
NIITTECH-I.NFO,07/01/2020,09:32:15,1660,1658.25,750,1660.35,375,0,655125
NIITTECH-I.NFO,07/01/2020,09:32:16,1660,1658.15,375,1660.05,375,0,655125
NIITTECH-I.NFO,07/01/2020,09:32:17,1660,1658.35,375,1660.7,750,0,655125
NIITTECH-I.NFO,07/01/2020,09:32:18,1660,1658.05,375,1660.45,375,0,655125
NIITTECH-I.NFO,07/01/2020,09:32:19,1660,1658.4,375,1660.6,375,0,655125
NIITTECH-I.NFO,07/01/2020,09:32:20,1660,1658.2,375,1660.3,375,0,655125
NIITTECH-I.NFO,07/01/2020,09:32:21,1660,1658.15,750,1660.6,375,0,655125
NIITTECH-I.NFO,07/01/2020,09:32:23,1660,1658.4,750,1660.5,375,0,655125
NIITTECH-I.NFO,07/01/2020,09:32:24,1660,1658.2,375,1660.25,750,0,655125
NIITTECH-I.NFO,07/01/2020,09:32:25,1660,1658.05,750,1659.9,375,0,655125
NIITTECH-I.NFO,07/01/2020,09:32:26,1660,1658.05,750,1659.95,375,0,655125
NIITTECH-I.NFO,07/01/2020,09:32:27,1660,1658.15,375,1659.9,375,0,655125
NIITTECH-I.NFO,07/01/2020,09:32:28,1660,1658.05,1125,1659.95,375,0,655125
NIITTECH-I.NFO,07/01/2020,09:32:29,1660,1658.2,375,1659.95,750,0,655125
NIITTECH-I.NFO,07/01/2020,09:32:30,1660,1658.1,1125,1659.95,375,0,655125
NIITTECH-I.NFO,07/01/2020,09:32:31,1660,1658.1,1125,1660,750,0,655125
NIITTECH-I.NFO,07/01/2020,09:32:32,1660,1658,375,1659.85,375,0,655125
NIITTECH-I.NFO,07/01/2020,09:32:34,1660,1658.3,375,1659.95,375,0,655125
NIITTECH-I.NFO,07/01/2020,09:32:35,1660,1658.1,375,1659.95,375,0,655125
NIITTECH-I.NFO,07/01/2020,09:32:36,1660,1658.2,750,1660,750,0,655125
NIITTECH-I.NFO,07/01/2020,09:32:37,1660,1658,375,1659.85,375,0,655125
NIITTECH-I.NFO,07/01/2020,09:32:39,1659.65,1657.1,375,1659.55,375,1500,659250
NIITTECH-I.NFO,07/01/2020,09:32:40,1659.65,1657.35,375,1659.45,750,0,659250
NIITTECH-I.NFO,07/01/2020,09:32:41,1659.45,1657.65,750,1659.85,375,375,659250
NIITTECH-I.NFO,07/01/2020,09:32:42,1659.45,1657.75,375,1659.85,375,0,659250
NIITTECH-I.NFO,07/01/2020,09:32:43,1659.45,1657.9,375,1659.85,375,0,659250
NIITTECH-I.NFO,07/01/2020,09:32:44,1657.55,1657.45,375,1659.65,375,375,659250
NIITTECH-I.NFO,07/01/2020,09:32:45,1657.55,1657.55,375,1659.65,375,0,659250
NIITTECH-I.NFO,07/01/2020,09:32:46,1657.55,1657.65,375,1659.65,750,0,659250
NIITTECH-I.NFO,07/01/2020,09:32:47,1659.25,1657.45,375,1659.3,375,375,659250
NIITTECH-I.NFO,07/01/2020,09:32:48,1657.4,1655.85,375,1658.05,375,375,659250
NIITTECH-I.NFO,07/01/2020,09:32:50,1657.95,1656.55,375,1658.9,375,1875,659250
NIITTECH-I.NFO,07/01/2020,09:32:52,1657.95,1657.35,375,1659.2,750,0,659250
NIITTECH-I.NFO,07/01/2020,09:32:52,1657.95,1657.45,375,1659.2,750,0,659250
NIITTECH-I.NFO,07/01/2020,09:32:53,1657.95,1657.85,375,1659.9,375,0,659250
NIITTECH-I.NFO,07/01/2020,09:32:54,1657.95,1657.9,375,1659.9,375,0,659250
NIITTECH-I.NFO,07/01/2020,09:32:55,1657.95,1657.85,375,1659.7,375,0,659250
NIITTECH-I.NFO,07/01/2020,09:32:56,1657.95,1658.05,375,1659.9,375,0,659250
NIITTECH-I.NFO,07/01/2020,09:32:57,1657.95,1658.2,750,1659.9,375,0,659250
NIITTECH-I.NFO,07/01/2020,09:32:58,1657.95,1658.2,375,1660,2250,0,659250
NIITTECH-I.NFO,07/01/2020,09:32:59,1657.95,1658.7,375,1660,2250,0,659250
NIITTECH-I.NFO,07/01/2020,09:33:00,1663.8,1660.65,375,1663.7,375,9000,659250
NIITTECH-I.NFO,07/01/2020,09:33:00,1663.8,1660.65,375,1663.7,375,0,659250
NIITTECH-I.NFO,07/01/2020,09:33:02,1661.1,1661.25,375,1663.5,375,375,659250
NIITTECH-I.NFO,07/01/2020,09:33:02,1661.2,1661.1,375,1663.35,375,375,659250
NIITTECH-I.NFO,07/01/2020,09:33:03,1661.2,1660.9,375,1662.55,375,0,659250
NIITTECH-I.NFO,07/01/2020,09:33:04,1661,1659.9,375,1662,375,750,659250
NIITTECH-I.NFO,07/01/2020,09:33:05,1661,1660.2,750,1662.4,375,0,659250
NIITTECH-I.NFO,07/01/2020,09:33:06,1661,1659.15,750,1661.25,375,0,659250
NIITTECH-I.NFO,07/01/2020,09:33:07,1661,1659.25,750,1661.6,750,0,659250
NIITTECH-I.NFO,07/01/2020,09:33:08,1661,1659.65,375,1661.65,375,0,659250
NIITTECH-I.NFO,07/01/2020,09:33:09,1661,1659.35,375,1661.65,375,0,659250
NIITTECH-I.NFO,07/01/2020,09:33:10,1661,1659.3,750,1661.45,375,0,659250
NIITTECH-I.NFO,07/01/2020,09:33:11,1659.1,1658.95,375,1662,375,375,659250
NIITTECH-I.NFO,07/01/2020,09:33:12,1661.8,1659.25,375,1662,375,375,659250
NIITTECH-I.NFO,07/01/2020,09:33:13,1661.8,1659.3,375,1661.85,375,0,659250
NIITTECH-I.NFO,07/01/2020,09:33:14,1661.8,1659.55,375,1661.75,375,0,659250
NIITTECH-I.NFO,07/01/2020,09:33:15,1661.8,1659.8,375,1661.75,375,0,659250
NIITTECH-I.NFO,07/01/2020,09:33:16,1661.8,1659.25,375,1661.5,375,0,659250
NIITTECH-I.NFO,07/01/2020,09:33:17,1661.8,1659.25,375,1661.4,375,0,659250
NIITTECH-I.NFO,07/01/2020,09:33:18,1661.1,1659.35,375,1661.45,375,375,659250
NIITTECH-I.NFO,07/01/2020,09:33:19,1660.75,1660.15,375,1662.45,375,750,659250
NIITTECH-I.NFO,07/01/2020,09:33:20,1660.75,1659.85,375,1662.45,375,0,659250
NIITTECH-I.NFO,07/01/2020,09:33:22,1660.75,1659.05,375,1660.75,375,0,659250
NIITTECH-I.NFO,07/01/2020,09:33:23,1660.75,1659.9,375,1661.95,375,375,659250
NIITTECH-I.NFO,07/01/2020,09:33:24,1660.75,1659.95,375,1661.95,375,0,659250
NIITTECH-I.NFO,07/01/2020,09:33:25,1660.75,1659.65,375,1661.95,750,0,659250
NIITTECH-I.NFO,07/01/2020,09:33:26,1660.75,1660.1,375,1661.95,375,0,659250
NIITTECH-I.NFO,07/01/2020,09:33:27,1660.75,1660.3,375,1661.95,375,0,659250
NIITTECH-I.NFO,07/01/2020,09:33:28,1661.15,1660.8,375,1661.95,375,750,659250
NIITTECH-I.NFO,07/01/2020,09:33:29,1661.15,1660.8,375,1661.95,375,0,659250
NIITTECH-I.NFO,07/01/2020,09:33:32,1661.15,1660.85,375,1661.95,375,0,659250
NIITTECH-I.NFO,07/01/2020,09:33:35,1660.9,1659.5,375,1661.7,375,1500,659250
NIITTECH-I.NFO,07/01/2020,09:33:36,1660.9,1659.15,375,1661.25,375,0,659250
NIITTECH-I.NFO,07/01/2020,09:33:38,1659.2,1659,750,1660.9,375,375,659250
NIITTECH-I.NFO,07/01/2020,09:33:39,1659.2,1659,750,1660.9,375,0,659250
NIITTECH-I.NFO,07/01/2020,09:33:41,1659.2,1659.1,750,1660.8,375,375,659250
NIITTECH-I.NFO,07/01/2020,09:33:42,1659.05,1659,750,1660.8,750,375,659250
NIITTECH-I.NFO,07/01/2020,09:33:43,1659.05,1659,750,1660.8,750,0,659250
NIITTECH-I.NFO,07/01/2020,09:33:44,1659.05,1658.8,750,1660.8,750,0,659250
NIITTECH-I.NFO,07/01/2020,09:33:45,1659.05,1659.05,750,1660.8,750,0,659250
NIITTECH-I.NFO,07/01/2020,09:33:46,1659.05,1659,750,1660.8,750,0,659250
NIITTECH-I.NFO,07/01/2020,09:33:47,1659.05,1658.3,750,1660.5,375,0,659250
NIITTECH-I.NFO,07/01/2020,09:33:48,1659.05,1658.25,750,1660.5,375,0,659250
NIITTECH-I.NFO,07/01/2020,09:33:52,1659.05,1658.5,750,1660.5,375,0,659250
NIITTECH-I.NFO,07/01/2020,09:33:54,1659.05,1658.3,750,1660.5,375,0,659250
NIITTECH-I.NFO,07/01/2020,09:33:55,1659.05,1658.6,750,1659.95,375,0,659250
NIITTECH-I.NFO,07/01/2020,09:34:06,1659.05,1659,750,1659.95,375,0,659250
NIITTECH-I.NFO,07/01/2020,09:34:08,1659.05,1659,750,1659.5,375,0,659250
NIITTECH-I.NFO,07/01/2020,09:34:10,1659.5,1659.25,750,1660,375,375,659250
NIITTECH-I.NFO,07/01/2020,09:34:10,1659.5,1659,750,1659.95,375,0,659250
NIITTECH-I.NFO,07/01/2020,09:34:14,1657.05,1657.15,375,1659.6,375,2250,659250
NIITTECH-I.NFO,07/01/2020,09:34:15,1657.05,1657.2,375,1659.55,375,0,659250
NIITTECH-I.NFO,07/01/2020,09:34:17,1657.05,1657.3,375,1659.55,375,0,659250
NIITTECH-I.NFO,07/01/2020,09:34:18,1657.05,1657.05,375,1658.95,375,0,659250
NIITTECH-I.NFO,07/01/2020,09:34:19,1657.05,1657,1125,1658.85,375,375,659250
NIITTECH-I.NFO,07/01/2020,09:34:21,1657.05,1657,1125,1658.6,375,375,659250
NIITTECH-I.NFO,07/01/2020,09:34:21,1657.05,1657.05,375,1658.55,375,0,659250
NIITTECH-I.NFO,07/01/2020,09:34:24,1657.05,1657.1,375,1658.55,375,0,659250
NIITTECH-I.NFO,07/01/2020,09:34:26,1657.05,1657.7,375,1659,375,0,659250
NIITTECH-I.NFO,07/01/2020,09:34:26,1657.05,1657.1,750,1658.95,375,0,659250
NIITTECH-I.NFO,07/01/2020,09:34:32,1657.05,1657.05,375,1658.95,375,0,659250
NIITTECH-I.NFO,07/01/2020,09:34:33,1657,1656.35,375,1658.7,750,1875,659250
NIITTECH-I.NFO,07/01/2020,09:34:34,1657,1656,375,1657.1,375,0,659250
NIITTECH-I.NFO,07/01/2020,09:34:35,1657,1656.4,375,1657.1,375,0,659250
NIITTECH-I.NFO,07/01/2020,09:34:40,1658.3,1656.7,375,1658.75,375,750,659250
NIITTECH-I.NFO,07/01/2020,09:34:41,1658.3,1657.1,375,1658.75,375,0,659250
NIITTECH-I.NFO,07/01/2020,09:34:42,1658.3,1657.35,375,1659,375,0,659250
NIITTECH-I.NFO,07/01/2020,09:34:43,1658.3,1657.25,375,1659,375,0,659250
NIITTECH-I.NFO,07/01/2020,09:34:44,1657.35,1657.2,375,1658.95,375,375,659250
NIITTECH-I.NFO,07/01/2020,09:34:45,1657.35,1657.2,375,1658.8,375,0,659250
NIITTECH-I.NFO,07/01/2020,09:34:46,1657.35,1657.25,375,1659,375,0,659250
NIITTECH-I.NFO,07/01/2020,09:34:47,1657.35,1657.25,375,1658.3,750,0,659250
NIITTECH-I.NFO,07/01/2020,09:34:52,1659,1657.9,375,1659.9,375,1500,659250
NIITTECH-I.NFO,07/01/2020,09:34:53,1659,1657.75,750,1659.85,750,0,659250
NIITTECH-I.NFO,07/01/2020,09:34:54,1659,1658.15,375,1660,375,0,659250
NIITTECH-I.NFO,07/01/2020,09:34:55,1659.55,1657.4,375,1659.75,375,750,659250
NIITTECH-I.NFO,07/01/2020,09:34:56,1659.55,1657.5,375,1659.5,375,0,659250
NIITTECH-I.NFO,07/01/2020,09:34:57,1659.55,1657.75,375,1659.6,375,0,659250
NIITTECH-I.NFO,07/01/2020,09:34:58,1659.55,1657.75,375,1659.55,375,0,659250
NIITTECH-I.NFO,07/01/2020,09:34:59,1659.55,1658.35,375,1660,375,0,659250
NIITTECH-I.NFO,07/01/2020,09:35:00,1659.55,1658.55,750,1660,375,0,659250
NIITTECH-I.NFO,07/01/2020,09:35:02,1659.55,1658.6,375,1660,375,0,659250
NIITTECH-I.NFO,07/01/2020,09:35:05,1659.55,1658.7,375,1660,375,0,659250
NIITTECH-I.NFO,07/01/2020,09:35:07,1659.55,1657.5,750,1659.85,375,0,659250
NIITTECH-I.NFO,07/01/2020,09:35:07,1659.55,1657.75,375,1660,375,375,659250
NIITTECH-I.NFO,07/01/2020,09:35:08,1659.55,1657.95,375,1660,375,0,659250
NIITTECH-I.NFO,07/01/2020,09:35:09,1658.6,1658.55,375,1660,375,375,659250
NIITTECH-I.NFO,07/01/2020,09:35:10,1658.6,1658.6,375,1660,375,0,659250
NIITTECH-I.NFO,07/01/2020,09:35:12,1660,1658.75,375,1660.4,375,375,659250
NIITTECH-I.NFO,07/01/2020,09:35:13,1659.6,1658.85,375,1660.4,375,375,670125
NIITTECH-I.NFO,07/01/2020,09:35:14,1659.6,1658.85,375,1660.4,375,0,670125
NIITTECH-I.NFO,07/01/2020,09:35:15,1659.6,1659,375,1660.4,375,0,670125
NIITTECH-I.NFO,07/01/2020,09:35:16,1659.6,1658.9,375,1660.4,375,0,670125
NIITTECH-I.NFO,07/01/2020,09:35:17,1659.6,1658.85,375,1660.4,375,0,670125
NIITTECH-I.NFO,07/01/2020,09:35:19,1658.85,1659,375,1660.4,375,375,670125
NIITTECH-I.NFO,07/01/2020,09:35:21,1658.85,1659.2,375,1660.4,375,0,670125
NIITTECH-I.NFO,07/01/2020,09:35:22,1661.25,1660.25,375,1662,1875,2250,670125
NIITTECH-I.NFO,07/01/2020,09:35:23,1661.25,1660.4,375,1662,1875,0,670125
NIITTECH-I.NFO,07/01/2020,09:35:24,1661.25,1660.5,750,1662,1875,0,670125
NIITTECH-I.NFO,07/01/2020,09:35:25,1661.25,1660.5,375,1662,1875,0,670125
NIITTECH-I.NFO,07/01/2020,09:35:28,1660.55,1659.35,375,1661.75,375,750,670125
NIITTECH-I.NFO,07/01/2020,09:35:29,1660.55,1659.25,375,1661.7,750,0,670125
NIITTECH-I.NFO,07/01/2020,09:35:30,1660.55,1659.15,375,1661.55,375,0,670125
NIITTECH-I.NFO,07/01/2020,09:35:31,1660.55,1659.25,375,1661.7,375,0,670125
NIITTECH-I.NFO,07/01/2020,09:35:32,1661,1659.7,375,1661.65,375,375,670125
NIITTECH-I.NFO,07/01/2020,09:35:33,1661,1659.5,375,1661.25,375,0,670125
NIITTECH-I.NFO,07/01/2020,09:35:34,1661,1659.45,750,1661.25,375,0,670125
NIITTECH-I.NFO,07/01/2020,09:35:35,1661,1659.35,375,1661.25,375,0,670125
NIITTECH-I.NFO,07/01/2020,09:35:36,1659.3,1658.85,375,1660.7,375,375,670125
NIITTECH-I.NFO,07/01/2020,09:35:38,1659.3,1659,375,1660.95,375,0,670125
NIITTECH-I.NFO,07/01/2020,09:35:38,1659.3,1659,375,1660.8,375,0,670125
NIITTECH-I.NFO,07/01/2020,09:35:40,1659.3,1659.05,375,1660.6,1125,0,670125
NIITTECH-I.NFO,07/01/2020,09:35:41,1659.3,1659.05,375,1660.8,375,0,670125
NIITTECH-I.NFO,07/01/2020,09:35:42,1659.3,1659.05,375,1660.45,375,0,670125
NIITTECH-I.NFO,07/01/2020,09:35:44,1659.3,1659.05,375,1660.8,375,0,670125
NIITTECH-I.NFO,07/01/2020,09:35:45,1659.3,1659.05,375,1660.75,750,0,670125
NIITTECH-I.NFO,07/01/2020,09:35:46,1659.3,1659.05,375,1660.8,375,0,670125
NIITTECH-I.NFO,07/01/2020,09:35:47,1660.45,1659.05,375,1660.55,375,375,670125
NIITTECH-I.NFO,07/01/2020,09:35:48,1660.45,1659.05,375,1660.45,375,0,670125
NIITTECH-I.NFO,07/01/2020,09:35:49,1660.45,1659.05,375,1659.75,375,0,670125
NIITTECH-I.NFO,07/01/2020,09:35:50,1659.75,1659.1,375,1660.8,375,375,670125
NIITTECH-I.NFO,07/01/2020,09:35:51,1659.75,1659.1,375,1660.8,375,0,670125
NIITTECH-I.NFO,07/01/2020,09:35:52,1660.8,1659.1,750,1661,375,375,670125
NIITTECH-I.NFO,07/01/2020,09:35:53,1660.8,1659.1,750,1661,375,0,670125
NIITTECH-I.NFO,07/01/2020,09:35:55,1660.8,1659.15,375,1661,375,0,670125
NIITTECH-I.NFO,07/01/2020,09:35:56,1660.8,1659.25,750,1661,375,0,670125
NIITTECH-I.NFO,07/01/2020,09:35:56,1660.8,1659.2,375,1660.7,375,0,670125
NIITTECH-I.NFO,07/01/2020,09:35:57,1660.8,1659.15,375,1660.7,375,0,670125
NIITTECH-I.NFO,07/01/2020,09:36:00,1660.8,1659.1,375,1660.7,375,0,670125
NIITTECH-I.NFO,07/01/2020,09:36:01,1660.8,1659.2,375,1660.7,375,0,670125
NIITTECH-I.NFO,07/01/2020,09:36:03,1660.8,1659.1,375,1660.7,375,0,670125
NIITTECH-I.NFO,07/01/2020,09:36:04,1660.8,1659.2,375,1660.7,375,0,670125
NIITTECH-I.NFO,07/01/2020,09:36:05,1659.2,1659.05,375,1660.7,375,375,670125
NIITTECH-I.NFO,07/01/2020,09:36:06,1659.2,1659.05,375,1660.65,375,0,670125
NIITTECH-I.NFO,07/01/2020,09:36:08,1659.2,1659,375,1660.25,375,0,670125
NIITTECH-I.NFO,07/01/2020,09:36:09,1659.2,1659.1,375,1660.25,375,0,670125
NIITTECH-I.NFO,07/01/2020,09:36:10,1659.2,1659.1,375,1660.5,375,0,670125
NIITTECH-I.NFO,07/01/2020,09:36:14,1659.2,1659.1,375,1660.4,750,0,670125
NIITTECH-I.NFO,07/01/2020,09:36:16,1659.2,1659.1,375,1660.35,375,0,670125
NIITTECH-I.NFO,07/01/2020,09:36:17,1659.2,1659.1,375,1660.3,375,0,670125
NIITTECH-I.NFO,07/01/2020,09:36:18,1659.2,1659.1,375,1660.4,375,0,670125
NIITTECH-I.NFO,07/01/2020,09:36:19,1659.2,1659.1,375,1660.25,375,375,670125
NIITTECH-I.NFO,07/01/2020,09:36:20,1659.2,1659.1,375,1660,375,0,670125
NIITTECH-I.NFO,07/01/2020,09:36:21,1659.2,1659.15,375,1660,375,0,670125
NIITTECH-I.NFO,07/01/2020,09:36:22,1659,1657.6,375,1659.15,375,1125,670125
NIITTECH-I.NFO,07/01/2020,09:36:23,1659.15,1657.8,375,1659.2,1125,375,670125
NIITTECH-I.NFO,07/01/2020,09:36:24,1659.15,1657.85,375,1659.2,1125,0,670125
NIITTECH-I.NFO,07/01/2020,09:36:25,1657.55,1657.1,375,1659.05,375,750,670125
NIITTECH-I.NFO,07/01/2020,09:36:26,1657.55,1657.1,375,1659.05,375,0,670125
NIITTECH-I.NFO,07/01/2020,09:36:28,1657.55,1657.1,375,1658.95,375,0,670125
NIITTECH-I.NFO,07/01/2020,09:36:32,1657.55,1657.3,375,1659.05,375,0,670125
NIITTECH-I.NFO,07/01/2020,09:36:35,1657.3,1657.2,375,1659.05,375,375,670125
NIITTECH-I.NFO,07/01/2020,09:36:36,1657.3,1657.2,375,1659.05,375,0,670125
NIITTECH-I.NFO,07/01/2020,09:36:38,1657.3,1658,375,1659.2,1500,0,670125
NIITTECH-I.NFO,07/01/2020,09:36:39,1657.3,1658.05,375,1659.2,375,0,670125
NIITTECH-I.NFO,07/01/2020,09:36:41,1658.05,1658,375,1659.85,375,375,670125
NIITTECH-I.NFO,07/01/2020,09:36:42,1658.05,1658,375,1659.85,375,0,670125
NIITTECH-I.NFO,07/01/2020,09:36:44,1658,1657.3,375,1659.05,750,375,670125
NIITTECH-I.NFO,07/01/2020,09:36:45,1658,1657.2,375,1658.95,750,0,670125
NIITTECH-I.NFO,07/01/2020,09:36:46,1658,1657,1125,1658.8,375,0,670125
NIITTECH-I.NFO,07/01/2020,09:36:47,1658,1657,1125,1658.65,375,0,670125
NIITTECH-I.NFO,07/01/2020,09:36:48,1658,1657,1125,1658,375,0,670125
NIITTECH-I.NFO,07/01/2020,09:36:49,1656.05,1656.2,375,1658.9,375,2250,670125
NIITTECH-I.NFO,07/01/2020,09:36:50,1656.05,1656.2,375,1658.8,375,0,670125
NIITTECH-I.NFO,07/01/2020,09:36:51,1658.8,1656.65,375,1658.5,375,375,670125
NIITTECH-I.NFO,07/01/2020,09:36:52,1658.8,1656.75,375,1658.5,375,0,670125
NIITTECH-I.NFO,07/01/2020,09:36:53,1656.4,1656.35,375,1658.3,375,750,670125
NIITTECH-I.NFO,07/01/2020,09:36:54,1658.3,1656.7,375,1658.75,750,375,670125
NIITTECH-I.NFO,07/01/2020,09:36:55,1658.75,1656.9,375,1658.75,375,375,670125
NIITTECH-I.NFO,07/01/2020,09:36:56,1658.75,1658.5,750,1659.15,375,0,670125
NIITTECH-I.NFO,07/01/2020,09:36:59,1658.75,1658.55,375,1659.15,375,0,670125
NIITTECH-I.NFO,07/01/2020,09:37:01,1659.15,1658.6,375,1660,375,375,670125
NIITTECH-I.NFO,07/01/2020,09:37:02,1659.15,1658.6,375,1660,375,0,670125
NIITTECH-I.NFO,07/01/2020,09:37:05,1659.15,1658.7,375,1660,375,0,670125
NIITTECH-I.NFO,07/01/2020,09:37:07,1659,1658.8,375,1660,375,375,670125
NIITTECH-I.NFO,07/01/2020,09:37:08,1660,1659,375,1660.2,750,375,670125
NIITTECH-I.NFO,07/01/2020,09:37:09,1660,1659.2,375,1660.2,750,0,670125
NIITTECH-I.NFO,07/01/2020,09:37:11,1660,1659.15,375,1660.2,750,0,670125
NIITTECH-I.NFO,07/01/2020,09:37:17,1659.15,1658.55,375,1660,375,375,670125
NIITTECH-I.NFO,07/01/2020,09:37:21,1658.7,1658.65,375,1659.9,375,375,670125
NIITTECH-I.NFO,07/01/2020,09:37:31,1657,1656.6,375,1658.85,375,8250,670125
NIITTECH-I.NFO,07/01/2020,09:37:36,1658.85,1657.25,750,1658.95,375,375,670125
NIITTECH-I.NFO,07/01/2020,09:37:42,1658.75,1657.25,375,1658.9,375,375,670125
NIITTECH-I.NFO,07/01/2020,09:37:47,1658.75,1657.25,375,1658.65,375,0,670125
NIITTECH-I.NFO,07/01/2020,09:37:52,1658.75,1657.3,375,1658.7,375,0,670125
NIITTECH-I.NFO,07/01/2020,09:37:56,1658.75,1658,375,1658.95,750,0,670125
NIITTECH-I.NFO,07/01/2020,09:38:01,1658.05,1657,375,1657.3,375,1125,670125
NIITTECH-I.NFO,07/01/2020,09:38:07,1658.05,1656.35,375,1657.3,375,0,670125
NIITTECH-I.NFO,07/01/2020,09:38:12,1657.3,1657,375,1658.5,750,375,670125
NIITTECH-I.NFO,07/01/2020,09:38:17,1657,1656.3,375,1657.4,375,375,678000
NIITTECH-I.NFO,07/01/2020,09:38:22,1657,1656.3,375,1657.45,375,0,678000
NIITTECH-I.NFO,07/01/2020,09:38:27,1657,1656.3,375,1657.45,750,0,678000
NIITTECH-I.NFO,07/01/2020,09:38:31,1657,1656.3,375,1657.15,375,0,678000
NIITTECH-I.NFO,07/01/2020,09:38:35,1656.3,1656,375,1657.2,375,375,678000
NIITTECH-I.NFO,07/01/2020,09:38:40,1656.3,1656,375,1657.3,375,0,678000
NIITTECH-I.NFO,07/01/2020,09:38:45,1656,1655.55,375,1656.85,375,375,678000
NIITTECH-I.NFO,07/01/2020,09:38:50,1656,1655.55,375,1656.7,375,0,678000
NIITTECH-I.NFO,07/01/2020,09:38:56,1656,1655.65,375,1657.35,375,0,678000
NIITTECH-I.NFO,07/01/2020,09:39:01,1656,1656,375,1657.4,375,0,678000
NIITTECH-I.NFO,07/01/2020,09:39:06,1656,1655.55,375,1657.3,375,750,678000
NIITTECH-I.NFO,07/01/2020,09:39:11,1656,1655.65,375,1657.05,375,0,678000
NIITTECH-I.NFO,07/01/2020,09:39:22,1656,1655.65,375,1657,375,0,678000
NIITTECH-I.NFO,07/01/2020,09:39:42,1657.45,1656.5,375,1658,750,750,678000
NIITTECH-I.NFO,07/01/2020,09:39:48,1657.45,1656.35,375,1658,750,0,678000
NIITTECH-I.NFO,07/01/2020,09:39:53,1657.45,1657.05,375,1658,750,0,678000
NIITTECH-I.NFO,07/01/2020,09:39:58,1658,1657.1,375,1658,375,375,678000
NIITTECH-I.NFO,07/01/2020,09:40:03,1658,1656.7,375,1657.45,375,0,678000
NIITTECH-I.NFO,07/01/2020,09:40:09,1657.5,1657.05,375,1657.9,375,375,678000
NIITTECH-I.NFO,07/01/2020,09:40:12,1657.5,1656.35,375,1657.85,375,0,678000
NIITTECH-I.NFO,07/01/2020,09:40:14,1657.5,1656.65,375,1657.85,375,0,678000
NIITTECH-I.NFO,07/01/2020,09:40:14,1657.5,1656.35,375,1657.8,375,0,678000
NIITTECH-I.NFO,07/01/2020,09:40:15,1657.5,1656.75,375,1657.85,375,0,678000
NIITTECH-I.NFO,07/01/2020,09:40:22,1657.5,1656.7,375,1657.8,375,0,678000
NIITTECH-I.NFO,07/01/2020,09:40:24,1657.5,1657.05,375,1657.9,375,0,678000
NIITTECH-I.NFO,07/01/2020,09:40:24,1657.5,1656.65,375,1657.85,375,0,678000
NIITTECH-I.NFO,07/01/2020,09:40:26,1656.65,1656.5,375,1657.75,375,750,678000
NIITTECH-I.NFO,07/01/2020,09:40:27,1656.65,1656.7,750,1657.85,375,0,678000
NIITTECH-I.NFO,07/01/2020,09:40:28,1656.65,1657,375,1657.9,375,0,678000
NIITTECH-I.NFO,07/01/2020,09:40:29,1656.65,1657,375,1657.85,375,0,678000
NIITTECH-I.NFO,07/01/2020,09:40:31,1656.65,1657,375,1657.9,375,0,678000
NIITTECH-I.NFO,07/01/2020,09:40:33,1656.65,1657.05,375,1657.9,375,0,678000
NIITTECH-I.NFO,07/01/2020,09:40:44,1656.65,1657.1,375,1657.9,375,0,678000
NIITTECH-I.NFO,07/01/2020,09:40:45,1656.65,1657.05,375,1657.9,375,0,678000
NIITTECH-I.NFO,07/01/2020,09:40:47,1656.65,1657.1,375,1657.9,375,0,678000
NIITTECH-I.NFO,07/01/2020,09:40:55,1656.65,1657.05,375,1657.9,375,0,678000
NIITTECH-I.NFO,07/01/2020,09:41:00,1656.65,1657.05,375,1657.85,375,0,678000
NIITTECH-I.NFO,07/01/2020,09:41:01,1657.1,1657.15,375,1657.9,375,375,678000
NIITTECH-I.NFO,07/01/2020,09:41:02,1657.1,1657.15,375,1657.9,375,0,678000
NIITTECH-I.NFO,07/01/2020,09:41:03,1657.1,1657.5,375,1657.9,375,0,678000
NIITTECH-I.NFO,07/01/2020,09:41:04,1657.5,1657.1,375,1657.9,375,375,678000
NIITTECH-I.NFO,07/01/2020,09:41:06,1657.5,1657.1,375,1657.9,375,0,678000
NIITTECH-I.NFO,07/01/2020,09:41:07,1657.5,1657.1,375,1657.85,375,0,678000
NIITTECH-I.NFO,07/01/2020,09:41:09,1657.5,1657.1,375,1657.9,375,0,678000
NIITTECH-I.NFO,07/01/2020,09:41:11,1657.5,1657.15,375,1657.9,375,0,678000
NIITTECH-I.NFO,07/01/2020,09:41:22,1657.5,1657.1,375,1657.5,1125,0,678000
NIITTECH-I.NFO,07/01/2020,09:41:27,1657.1,1656.2,375,1657.3,375,375,679125
NIITTECH-I.NFO,07/01/2020,09:41:33,1655,1655.35,375,1656.75,375,4500,679125
NIITTECH-I.NFO,07/01/2020,09:41:38,1655,1655.6,375,1657,375,0,679125
NIITTECH-I.NFO,07/01/2020,09:41:42,1655,1656.25,375,1657.1,375,0,679125
NIITTECH-I.NFO,07/01/2020,09:41:47,1655,1655.8,375,1657.1,375,0,679125
NIITTECH-I.NFO,07/01/2020,09:41:53,1657.1,1655.95,750,1657.5,375,375,679125
NIITTECH-I.NFO,07/01/2020,09:42:00,1657.1,1655.7,375,1657,375,0,679125
NIITTECH-I.NFO,07/01/2020,09:42:08,1657.1,1656.2,375,1657,750,0,679125
NIITTECH-I.NFO,07/01/2020,09:42:13,1657.1,1656.25,375,1657,750,0,679125
NIITTECH-I.NFO,07/01/2020,09:42:17,1657,1656.4,375,1657,375,375,679125
NIITTECH-I.NFO,07/01/2020,09:42:18,1657,1656.2,375,1657,375,0,679125
NIITTECH-I.NFO,07/01/2020,09:42:20,1657,1656.35,375,1657,375,0,679125
NIITTECH-I.NFO,07/01/2020,09:42:21,1657,1656.35,375,1657,750,0,679125
NIITTECH-I.NFO,07/01/2020,09:42:22,1657,1656.2,375,1657,750,0,679125
NIITTECH-I.NFO,07/01/2020,09:42:24,1657,1656.2,375,1657,375,375,679125
NIITTECH-I.NFO,07/01/2020,09:42:24,1657,1656.2,375,1657,375,0,679125
NIITTECH-I.NFO,07/01/2020,09:42:26,1657,1656.25,375,1657,375,0,679125
NIITTECH-I.NFO,07/01/2020,09:42:52,1655.25,1655.15,375,1656.75,375,1500,679125
NIITTECH-I.NFO,07/01/2020,09:42:52,1656,1655.15,375,1656.05,375,375,679125
NIITTECH-I.NFO,07/01/2020,09:42:53,1656,1655.15,375,1656.15,375,0,679125
NIITTECH-I.NFO,07/01/2020,09:42:55,1655.15,1655,375,1656.05,375,375,679125
NIITTECH-I.NFO,07/01/2020,09:42:56,1655,1654.25,750,1655.8,375,375,679125
NIITTECH-I.NFO,07/01/2020,09:42:56,1655,1654.4,375,1655.85,375,0,679125
NIITTECH-I.NFO,07/01/2020,09:42:58,1655,1654.55,375,1655.85,375,0,679125
NIITTECH-I.NFO,07/01/2020,09:42:59,1655,1654.6,375,1655.85,375,0,679125
NIITTECH-I.NFO,07/01/2020,09:43:00,1655,1654.65,375,1655.85,375,0,679125
NIITTECH-I.NFO,07/01/2020,09:43:03,1655.05,1655,375,1655.8,375,375,679125
NIITTECH-I.NFO,07/01/2020,09:43:04,1655.05,1655,375,1655.8,375,0,679125
NIITTECH-I.NFO,07/01/2020,09:43:05,1655,1654.55,375,1655.75,375,375,679125
NIITTECH-I.NFO,07/01/2020,09:43:06,1655,1654.25,375,1655.75,375,0,679125
NIITTECH-I.NFO,07/01/2020,09:43:07,1655,1654.2,375,1655.75,375,0,679125
NIITTECH-I.NFO,07/01/2020,09:43:17,1655.75,1655.55,375,1657,375,375,679125
NIITTECH-I.NFO,07/01/2020,09:43:22,1655.75,1655.65,375,1656.8,750,0,679125
NIITTECH-I.NFO,07/01/2020,09:43:28,1655.75,1655.65,375,1656.8,375,0,679125
NIITTECH-I.NFO,07/01/2020,09:43:38,1655.15,1655.05,375,1656,375,1500,679125
NIITTECH-I.NFO,07/01/2020,09:43:43,1654.25,1654.25,375,1655.8,750,1125,679125
NIITTECH-I.NFO,07/01/2020,09:43:48,1654.25,1654.3,375,1655.8,375,0,679125
NIITTECH-I.NFO,07/01/2020,09:43:53,1654.25,1654,375,1655.35,375,0,679125
NIITTECH-I.NFO,07/01/2020,09:43:59,1654.25,1654.5,375,1655.85,375,0,679125
NIITTECH-I.NFO,07/01/2020,09:44:05,1654.25,1654.5,375,1655.7,375,0,679125
NIITTECH-I.NFO,07/01/2020,09:44:11,1654.25,1654.5,375,1655.65,375,0,679125
NIITTECH-I.NFO,07/01/2020,09:44:12,1654.5,1654.25,375,1655.45,750,375,679125
NIITTECH-I.NFO,07/01/2020,09:44:13,1654.5,1654.25,375,1655.35,375,0,679125
NIITTECH-I.NFO,07/01/2020,09:44:14,1654.25,1654.05,375,1655.25,750,375,679125
NIITTECH-I.NFO,07/01/2020,09:44:15,1654.25,1654.05,375,1655.25,750,0,679125
NIITTECH-I.NFO,07/01/2020,09:44:16,1654.25,1654.05,375,1655.25,375,0,679125
NIITTECH-I.NFO,07/01/2020,09:44:17,1654.25,1654.2,375,1655.3,375,0,679125
NIITTECH-I.NFO,07/01/2020,09:44:18,1654.25,1654,375,1655.3,375,0,679125
NIITTECH-I.NFO,07/01/2020,09:44:19,1654.25,1653.55,375,1655,375,0,679125
NIITTECH-I.NFO,07/01/2020,09:44:21,1654.25,1653.6,375,1655,375,0,679125
NIITTECH-I.NFO,07/01/2020,09:44:22,1654.25,1653.6,375,1655.15,375,0,679125
NIITTECH-I.NFO,07/01/2020,09:44:23,1654.25,1653.5,375,1654.95,375,0,679125
NIITTECH-I.NFO,07/01/2020,09:44:24,1654.25,1653.1,750,1654.25,375,0,679125
NIITTECH-I.NFO,07/01/2020,09:44:25,1654.25,1653.05,375,1654.15,375,0,679125
NIITTECH-I.NFO,07/01/2020,09:44:26,1654.25,1653.05,375,1654.25,375,0,679125
NIITTECH-I.NFO,07/01/2020,09:44:27,1654.25,1653.05,375,1653.55,375,0,679125
NIITTECH-I.NFO,07/01/2020,09:44:31,1653,1652.2,375,1653.55,375,3000,679125
NIITTECH-I.NFO,07/01/2020,09:44:32,1653,1652.2,375,1653.55,375,0,679125
NIITTECH-I.NFO,07/01/2020,09:44:33,1653,1652.35,375,1653.55,375,0,679125
NIITTECH-I.NFO,07/01/2020,09:44:34,1653.05,1652.55,1125,1653.55,375,375,679125
NIITTECH-I.NFO,07/01/2020,09:44:35,1653.05,1652.35,375,1653.55,750,0,679125
NIITTECH-I.NFO,07/01/2020,09:44:37,1653.05,1652.5,375,1653.55,750,0,679125
NIITTECH-I.NFO,07/01/2020,09:44:38,1654.25,1654.05,375,1655,375,1125,679125
NIITTECH-I.NFO,07/01/2020,09:44:39,1654.25,1654.05,375,1655,375,0,679125
NIITTECH-I.NFO,07/01/2020,09:44:40,1654.25,1653.85,375,1655,375,0,679125
NIITTECH-I.NFO,07/01/2020,09:44:42,1654.25,1654,375,1655,375,0,679125
NIITTECH-I.NFO,07/01/2020,09:44:43,1654.25,1653.95,375,1655,375,0,679125
NIITTECH-I.NFO,07/01/2020,09:44:44,1654.25,1653.9,375,1654.95,375,0,679125
NIITTECH-I.NFO,07/01/2020,09:44:46,1654.25,1653.5,750,1654.95,375,0,679125
NIITTECH-I.NFO,07/01/2020,09:44:47,1654.25,1654,750,1654.95,375,0,679125
NIITTECH-I.NFO,07/01/2020,09:44:48,1654.25,1654.2,375,1655,375,0,679125
NIITTECH-I.NFO,07/01/2020,09:44:50,1654.25,1654,1125,1655,375,0,679125
NIITTECH-I.NFO,07/01/2020,09:44:50,1654.25,1654,750,1655,375,0,679125
NIITTECH-I.NFO,07/01/2020,09:44:54,1654.25,1654.05,375,1655.6,375,0,679125
NIITTECH-I.NFO,07/01/2020,09:44:55,1654.25,1654,750,1655.55,375,0,679125
NIITTECH-I.NFO,07/01/2020,09:44:57,1654.25,1654.35,750,1655.85,375,0,679125
NIITTECH-I.NFO,07/01/2020,09:44:59,1654.25,1654.65,375,1655.85,375,0,679125
NIITTECH-I.NFO,07/01/2020,09:45:01,1654.25,1654.5,375,1655.85,375,0,679125
NIITTECH-I.NFO,07/01/2020,09:45:02,1654.25,1654.5,750,1655.85,375,0,679125
NIITTECH-I.NFO,07/01/2020,09:45:04,1654.25,1654.65,375,1655.85,375,0,679125
NIITTECH-I.NFO,07/01/2020,09:45:05,1654.25,1654.5,375,1655.85,375,0,679125
NIITTECH-I.NFO,07/01/2020,09:45:08,1654.25,1654.65,375,1655.85,375,0,679125
NIITTECH-I.NFO,07/01/2020,09:45:09,1654.25,1654.8,1125,1656,375,0,679125
NIITTECH-I.NFO,07/01/2020,09:45:10,1654.25,1654.95,375,1656,375,0,679125
NIITTECH-I.NFO,07/01/2020,09:45:11,1655,1654.35,375,1655.95,375,375,679125
NIITTECH-I.NFO,07/01/2020,09:45:12,1655,1654.45,1500,1655.95,750,0,679125
NIITTECH-I.NFO,07/01/2020,09:45:13,1655.05,1655.05,375,1655.95,375,750,679125
NIITTECH-I.NFO,07/01/2020,09:45:15,1655.05,1655.05,375,1655.95,375,0,679125
NIITTECH-I.NFO,07/01/2020,09:45:17,1655.05,1655.1,375,1655.95,375,0,679125
NIITTECH-I.NFO,07/01/2020,09:45:19,1655.05,1655.1,375,1655.95,750,0,679125
NIITTECH-I.NFO,07/01/2020,09:45:19,1655.05,1655.1,375,1655.95,375,0,679125
NIITTECH-I.NFO,07/01/2020,09:45:21,1655.95,1655.1,375,1656,375,375,679125
NIITTECH-I.NFO,07/01/2020,09:45:22,1655.95,1655.15,375,1656,375,0,679125
NIITTECH-I.NFO,07/01/2020,09:45:24,1655.95,1655.3,375,1656,375,0,679125
NIITTECH-I.NFO,07/01/2020,09:45:25,1655.95,1655.25,375,1655.95,375,0,679125
NIITTECH-I.NFO,07/01/2020,09:45:27,1655.95,1655.45,375,1655.95,375,0,679125
NIITTECH-I.NFO,07/01/2020,09:45:28,1655.95,1655.25,375,1655.95,375,0,679125
NIITTECH-I.NFO,07/01/2020,09:45:32,1655.95,1655.3,750,1656,375,0,679125
NIITTECH-I.NFO,07/01/2020,09:45:37,1656,1655.3,750,1656.4,375,375,679125
NIITTECH-I.NFO,07/01/2020,09:45:39,1656,1655.3,375,1656.4,375,0,679125
NIITTECH-I.NFO,07/01/2020,09:45:39,1656,1655.3,750,1656.4,375,0,679125
NIITTECH-I.NFO,07/01/2020,09:45:40,1656,1655.45,375,1656.4,375,0,679125
NIITTECH-I.NFO,07/01/2020,09:45:41,1656.4,1655.45,375,1656.45,375,375,679125
NIITTECH-I.NFO,07/01/2020,09:45:42,1656.4,1655.15,375,1656.45,375,0,679125
NIITTECH-I.NFO,07/01/2020,09:45:44,1656.4,1655.25,750,1656.3,375,0,679125
NIITTECH-I.NFO,07/01/2020,09:45:45,1656.4,1655.3,375,1656.3,375,0,679125
NIITTECH-I.NFO,07/01/2020,09:45:49,1656.4,1655.4,750,1656.3,375,0,679125
NIITTECH-I.NFO,07/01/2020,09:45:53,1655.3,1654,375,1655.95,375,1500,679125
NIITTECH-I.NFO,07/01/2020,09:45:54,1655.3,1654.25,375,1656,375,0,679125
NIITTECH-I.NFO,07/01/2020,09:45:56,1655.3,1654.1,750,1655.8,375,0,679125
NIITTECH-I.NFO,07/01/2020,09:45:56,1655.3,1654.15,375,1655.75,375,0,679125
NIITTECH-I.NFO,07/01/2020,09:45:58,1655.3,1654.25,750,1655.95,750,0,679125
NIITTECH-I.NFO,07/01/2020,09:45:59,1655.3,1654.6,375,1656.2,375,0,679125
NIITTECH-I.NFO,07/01/2020,09:46:00,1655.3,1654.45,375,1655.95,375,0,679125
NIITTECH-I.NFO,07/01/2020,09:46:01,1655.3,1654.45,375,1655.8,750,0,679125
NIITTECH-I.NFO,07/01/2020,09:46:02,1655.3,1654.45,375,1655.75,375,0,679125
NIITTECH-I.NFO,07/01/2020,09:46:07,1655.3,1654.45,375,1655.8,375,0,679125
NIITTECH-I.NFO,07/01/2020,09:46:08,1655.3,1654.45,375,1655.65,375,0,679125
NIITTECH-I.NFO,07/01/2020,09:46:09,1655.3,1654.45,375,1655.6,375,0,679125
NIITTECH-I.NFO,07/01/2020,09:46:18,1654.45,1654.5,375,1655.45,375,750,679125
NIITTECH-I.NFO,07/01/2020,09:46:23,1654.45,1654.5,375,1655.45,375,0,679125
NIITTECH-I.NFO,07/01/2020,09:46:29,1654.45,1654.5,375,1655.5,375,0,679125
NIITTECH-I.NFO,07/01/2020,09:46:35,1654,1652.5,375,1654.35,375,750,679125
NIITTECH-I.NFO,07/01/2020,09:46:41,1654.15,1652.3,375,1653.8,375,375,679125
NIITTECH-I.NFO,07/01/2020,09:46:46,1652.25,1652.05,375,1653.65,375,375,679125
NIITTECH-I.NFO,07/01/2020,09:46:52,1654.25,1652.7,750,1654.45,375,750,679125
NIITTECH-I.NFO,07/01/2020,09:46:57,1654.25,1652.85,375,1654.4,375,0,679125
NIITTECH-I.NFO,07/01/2020,09:47:02,1654.25,1652.6,375,1654.1,375,0,679125
NIITTECH-I.NFO,07/01/2020,09:47:07,1654.25,1652.5,375,1654.05,375,0,679125
NIITTECH-I.NFO,07/01/2020,09:47:12,1654.25,1653,375,1654.05,375,0,679125
NIITTECH-I.NFO,07/01/2020,09:47:14,1654.25,1653,375,1654.35,375,0,679125
NIITTECH-I.NFO,07/01/2020,09:47:15,1654.25,1653.15,375,1654.35,375,0,679125
NIITTECH-I.NFO,07/01/2020,09:47:16,1654.25,1653.05,375,1654.35,375,0,679125
NIITTECH-I.NFO,07/01/2020,09:47:18,1653.05,1653,375,1654.2,375,375,681750
NIITTECH-I.NFO,07/01/2020,09:47:19,1653.05,1653,375,1654.15,375,0,681750
NIITTECH-I.NFO,07/01/2020,09:47:24,1654.15,1653,375,1654.25,375,375,681750
NIITTECH-I.NFO,07/01/2020,09:47:25,1654.15,1653,375,1654.2,375,0,681750
NIITTECH-I.NFO,07/01/2020,09:47:34,1654.15,1653,375,1654,375,0,681750
NIITTECH-I.NFO,07/01/2020,09:47:37,1654.15,1653.1,375,1654,375,0,681750
NIITTECH-I.NFO,07/01/2020,09:47:38,1654.15,1653.05,375,1654,375,0,681750
NIITTECH-I.NFO,07/01/2020,09:47:41,1654.15,1653.15,375,1654,375,0,681750
NIITTECH-I.NFO,07/01/2020,09:47:44,1654.15,1653.05,375,1654,375,0,681750
NIITTECH-I.NFO,07/01/2020,09:47:52,1653,1652.05,375,1653,1125,750,681750
NIITTECH-I.NFO,07/01/2020,09:47:53,1653,1652.1,375,1653,1125,0,681750
NIITTECH-I.NFO,07/01/2020,09:47:54,1653,1652.05,375,1653,1125,0,681750
NIITTECH-I.NFO,07/01/2020,09:48:01,1653,1652.15,375,1653,750,375,681750
NIITTECH-I.NFO,07/01/2020,09:48:01,1653,1652.1,375,1653,750,0,681750
NIITTECH-I.NFO,07/01/2020,09:48:07,1653,1652.2,375,1653,750,0,681750
NIITTECH-I.NFO,07/01/2020,09:48:09,1652.2,1652.05,375,1653,750,750,681750
NIITTECH-I.NFO,07/01/2020,09:48:10,1653,1652.15,375,1653,375,375,681750
NIITTECH-I.NFO,07/01/2020,09:48:12,1653,1652.15,375,1653,375,0,681750
NIITTECH-I.NFO,07/01/2020,09:48:17,1653,1652.25,375,1653.85,1125,375,681750
NIITTECH-I.NFO,07/01/2020,09:48:22,1653,1652.1,375,1653.7,375,0,681750
NIITTECH-I.NFO,07/01/2020,09:48:28,1653,1652.15,375,1653.7,375,0,681750
NIITTECH-I.NFO,07/01/2020,09:48:33,1653,1652.1,375,1653.55,375,0,681750
NIITTECH-I.NFO,07/01/2020,09:48:39,1653,1652.1,375,1653.45,375,0,681750
NIITTECH-I.NFO,07/01/2020,09:48:45,1654.25,1653.25,750,1654.5,750,375,681750
NIITTECH-I.NFO,07/01/2020,09:48:51,1654.25,1652.85,375,1654.4,375,0,681750
NIITTECH-I.NFO,07/01/2020,09:48:57,1654.25,1652.6,375,1654.15,375,0,681750
NIITTECH-I.NFO,07/01/2020,09:49:04,1654.25,1653.05,375,1654.15,375,0,681750
NIITTECH-I.NFO,07/01/2020,09:49:10,1654.25,1653.1,375,1654.15,375,0,681750
NIITTECH-I.NFO,07/01/2020,09:49:21,1654.25,1653,375,1654.25,750,0,681750
NIITTECH-I.NFO,07/01/2020,09:49:26,1654.25,1653,375,1654.2,375,0,681750
NIITTECH-I.NFO,07/01/2020,09:49:33,1654.2,1653,375,1654.25,750,375,681750
NIITTECH-I.NFO,07/01/2020,09:49:43,1654.2,1653,375,1654.25,750,0,681750
NIITTECH-I.NFO,07/01/2020,09:49:54,1654.2,1653.05,375,1654.25,750,0,681750
NIITTECH-I.NFO,07/01/2020,09:49:59,1654.2,1653.15,375,1654.25,750,0,681750
NIITTECH-I.NFO,07/01/2020,09:50:03,1654.2,1653.15,375,1654.2,375,0,681750
NIITTECH-I.NFO,07/01/2020,09:50:24,1654.2,1653.15,750,1654.2,375,0,681750
NIITTECH-I.NFO,07/01/2020,09:50:28,1654.2,1653.15,750,1654.2,1125,0,681750
NIITTECH-I.NFO,07/01/2020,09:50:33,1654.2,1653.15,750,1654.2,1500,0,681750
NIITTECH-I.NFO,07/01/2020,09:50:37,1654.2,1653.15,375,1654.15,375,0,681750
NIITTECH-I.NFO,07/01/2020,09:50:42,1654.2,1653.15,375,1654.2,1500,0,681750
NIITTECH-I.NFO,07/01/2020,09:50:46,1654.2,1653.15,375,1654,375,0,681750
NIITTECH-I.NFO,07/01/2020,09:51:00,1654,1653.2,375,1654.2,1500,750,683625
NIITTECH-I.NFO,07/01/2020,09:51:06,1654,1653.3,375,1654.2,1500,0,683625
NIITTECH-I.NFO,07/01/2020,09:51:20,1653.15,1653.2,375,1654.1,375,750,683625
NIITTECH-I.NFO,07/01/2020,09:51:24,1653.2,1653,375,1654,375,375,683625
NIITTECH-I.NFO,07/01/2020,09:51:29,1653.9,1652.3,375,1653.8,375,750,683625
NIITTECH-I.NFO,07/01/2020,09:51:33,1653.9,1652.4,375,1653.9,375,0,683625
NIITTECH-I.NFO,07/01/2020,09:51:37,1653.9,1652.5,750,1653.95,375,0,683625
NIITTECH-I.NFO,07/01/2020,09:51:42,1653.9,1652.1,375,1653.75,375,0,683625
NIITTECH-I.NFO,07/01/2020,09:51:47,1653.9,1652.6,375,1653.9,375,0,683625
NIITTECH-I.NFO,07/01/2020,09:51:51,1653.9,1652.65,375,1653.95,375,0,683625
NIITTECH-I.NFO,07/01/2020,09:52:01,1653.9,1652.25,375,1653.85,375,0,683625
NIITTECH-I.NFO,07/01/2020,09:52:06,1653.9,1652.1,375,1653.7,375,0,683625
NIITTECH-I.NFO,07/01/2020,09:52:16,1653.9,1652.2,375,1653.7,375,0,683625
NIITTECH-I.NFO,07/01/2020,09:52:32,1653.9,1652.55,375,1653.9,375,0,683625
NIITTECH-I.NFO,07/01/2020,09:52:37,1653.9,1652.65,375,1653.9,375,0,683625
NIITTECH-I.NFO,07/01/2020,09:52:41,1653.9,1652.6,375,1653.9,375,0,683625
NIITTECH-I.NFO,07/01/2020,09:52:46,1653.9,1652.9,375,1653.9,375,0,683625
NIITTECH-I.NFO,07/01/2020,09:52:55,1653.95,1653.2,375,1654.2,1500,1500,683625
NIITTECH-I.NFO,07/01/2020,09:53:00,1653.95,1653.2,375,1654.2,1500,0,683625
NIITTECH-I.NFO,07/01/2020,09:53:12,1653.95,1653.1,375,1654.2,1500,0,683625
NIITTECH-I.NFO,07/01/2020,09:53:18,1653.95,1653,375,1654.2,1500,0,683625
NIITTECH-I.NFO,07/01/2020,09:53:23,1653.95,1652.95,375,1654.2,1500,0,683625
NIITTECH-I.NFO,07/01/2020,09:53:28,1653.95,1653.05,375,1654.2,1500,0,683625
NIITTECH-I.NFO,07/01/2020,09:53:32,1653.95,1653.05,750,1654.2,1500,0,683625
NIITTECH-I.NFO,07/01/2020,09:53:37,1653.95,1653.05,375,1654.2,1500,0,683625
NIITTECH-I.NFO,07/01/2020,09:53:42,1654.2,1653.1,375,1654.2,750,750,681000
NIITTECH-I.NFO,07/01/2020,09:53:47,1654.2,1653,1125,1654.2,750,0,681000
NIITTECH-I.NFO,07/01/2020,09:53:52,1654.2,1653,1125,1654.15,375,0,681000
NIITTECH-I.NFO,07/01/2020,09:53:58,1654.2,1653.4,375,1654.2,750,0,681000
NIITTECH-I.NFO,07/01/2020,09:54:03,1654.2,1653.05,375,1654.15,375,0,681000
NIITTECH-I.NFO,07/01/2020,09:54:08,1653,1653,750,1654.15,375,375,681000
NIITTECH-I.NFO,07/01/2020,09:54:13,1653,1653.1,375,1654.2,750,0,681000
NIITTECH-I.NFO,07/01/2020,09:54:19,1653,1653.05,375,1654.2,750,0,681000
NIITTECH-I.NFO,07/01/2020,09:54:24,1653,1653,750,1654.2,750,0,681000
NIITTECH-I.NFO,07/01/2020,09:54:30,1653,1652.8,375,1654.1,375,0,681000
NIITTECH-I.NFO,07/01/2020,09:54:34,1653,1652.55,375,1654.1,375,0,681000
NIITTECH-I.NFO,07/01/2020,09:54:39,1652.5,1650.45,375,1652.4,375,4125,681000
NIITTECH-I.NFO,07/01/2020,09:54:44,1652.5,1651.15,750,1652.45,375,0,681000
NIITTECH-I.NFO,07/01/2020,09:54:49,1652.5,1651.3,375,1652,750,0,681000
NIITTECH-I.NFO,07/01/2020,09:54:54,1653.2,1652.05,375,1653.2,1125,1875,681000
NIITTECH-I.NFO,07/01/2020,09:54:59,1653.2,1652.5,750,1653.2,1125,0,681000
NIITTECH-I.NFO,07/01/2020,09:55:05,1653.2,1652.6,375,1653.2,1125,0,681000
NIITTECH-I.NFO,07/01/2020,09:55:11,1653.2,1652.3,375,1653.2,1125,0,681000
NIITTECH-I.NFO,07/01/2020,09:55:12,1653.2,1652.45,375,1653.2,1125,0,681000
NIITTECH-I.NFO,07/01/2020,09:55:15,1653.2,1652.6,375,1653.2,1125,0,681000
NIITTECH-I.NFO,07/01/2020,09:55:21,1653.2,1652.65,375,1653.2,1125,0,681000
NIITTECH-I.NFO,07/01/2020,09:55:25,1653.2,1652.65,375,1654.15,375,1125,681000
NIITTECH-I.NFO,07/01/2020,09:55:25,1653.2,1652.65,375,1654.15,375,0,681000
NIITTECH-I.NFO,07/01/2020,09:55:28,1653.2,1652.75,375,1654.2,750,0,681000
NIITTECH-I.NFO,07/01/2020,09:55:29,1654.2,1652.7,375,1654.2,375,375,681000
NIITTECH-I.NFO,07/01/2020,09:55:30,1654.2,1652.7,375,1654.2,375,0,681000
NIITTECH-I.NFO,07/01/2020,09:55:31,1654.2,1652.95,375,1654.2,375,0,681000
NIITTECH-I.NFO,07/01/2020,09:55:32,1654.2,1653.1,375,1654.2,375,0,681000
NIITTECH-I.NFO,07/01/2020,09:55:33,1654.2,1652.7,375,1654.2,375,0,681000
NIITTECH-I.NFO,07/01/2020,09:55:36,1654.2,1652.4,375,1654.15,375,0,681000
NIITTECH-I.NFO,07/01/2020,09:55:38,1654.2,1652.85,375,1654.2,375,0,681000
NIITTECH-I.NFO,07/01/2020,09:55:39,1654.2,1652.8,750,1654.2,375,0,681000
NIITTECH-I.NFO,07/01/2020,09:55:40,1652.85,1652.2,750,1654.1,375,1500,681000
NIITTECH-I.NFO,07/01/2020,09:55:41,1652.85,1652.3,375,1654.1,375,0,681000
NIITTECH-I.NFO,07/01/2020,09:55:42,1652.85,1652.45,375,1654.1,375,0,681000
NIITTECH-I.NFO,07/01/2020,09:55:44,1652.85,1652.5,375,1654.1,375,0,681000
NIITTECH-I.NFO,07/01/2020,09:55:45,1652.85,1652.1,375,1653.8,375,0,681000
NIITTECH-I.NFO,07/01/2020,09:55:46,1652.85,1652.15,375,1653.8,375,0,681000
NIITTECH-I.NFO,07/01/2020,09:55:47,1652.85,1652.35,375,1653.8,375,0,681000
NIITTECH-I.NFO,07/01/2020,09:55:50,1652.85,1652.1,375,1653.7,375,0,681000
NIITTECH-I.NFO,07/01/2020,09:55:51,1652.85,1652.2,375,1653.7,375,0,681000
NIITTECH-I.NFO,07/01/2020,09:55:55,1652.85,1652.45,375,1653.7,375,0,681000
NIITTECH-I.NFO,07/01/2020,09:56:00,1652.85,1652.55,750,1653.7,375,0,681000
NIITTECH-I.NFO,07/01/2020,09:56:01,1652.85,1652.55,375,1653.7,375,0,681000
NIITTECH-I.NFO,07/01/2020,09:56:18,1652.55,1652.5,375,1653.7,375,375,681000
NIITTECH-I.NFO,07/01/2020,09:56:25,1652.55,1652.65,375,1654.1,375,0,681000
NIITTECH-I.NFO,07/01/2020,09:56:31,1653,1652.7,375,1653.95,375,375,688125
NIITTECH-I.NFO,07/01/2020,09:56:36,1653,1652.7,375,1653.95,375,0,688125
NIITTECH-I.NFO,07/01/2020,09:56:55,1653,1653.05,375,1653.95,375,0,688125
NIITTECH-I.NFO,07/01/2020,09:57:19,1652.3,1651.4,375,1653.6,375,1875,688125
NIITTECH-I.NFO,07/01/2020,09:57:24,1652.3,1651.8,375,1653.15,375,0,688125
NIITTECH-I.NFO,07/01/2020,09:57:30,1652.3,1652,375,1653.15,375,0,688125
NIITTECH-I.NFO,07/01/2020,09:57:40,1651.65,1651.15,375,1653,375,750,688125
NIITTECH-I.NFO,07/01/2020,09:57:44,1651.1,1650.75,375,1652.25,375,750,688125
NIITTECH-I.NFO,07/01/2020,09:57:48,1651.1,1651.1,375,1652.25,375,0,688125
NIITTECH-I.NFO,07/01/2020,09:57:53,1651.1,1651,375,1652.25,375,0,688125
NIITTECH-I.NFO,07/01/2020,09:57:56,1651.1,1651.1,750,1652.55,375,0,688125
NIITTECH-I.NFO,07/01/2020,09:58:02,1651.1,1651.2,375,1652.55,375,0,688125
NIITTECH-I.NFO,07/01/2020,09:58:07,1652.55,1651.1,375,1652.9,750,375,688125
NIITTECH-I.NFO,07/01/2020,09:58:11,1652.55,1651.2,375,1652.75,375,0,688125
NIITTECH-I.NFO,07/01/2020,09:58:12,1652.55,1651.2,375,1652.55,750,0,688125
NIITTECH-I.NFO,07/01/2020,09:58:13,1652.55,1650.8,375,1652.3,375,0,688125
NIITTECH-I.NFO,07/01/2020,09:58:15,1652.55,1650.7,375,1652.3,375,0,688125
NIITTECH-I.NFO,07/01/2020,09:58:20,1652.55,1651,375,1652.3,375,0,688125
NIITTECH-I.NFO,07/01/2020,09:58:22,1652.55,1650.7,375,1652.15,375,0,688125
NIITTECH-I.NFO,07/01/2020,09:58:23,1652.15,1650.7,375,1652.15,375,375,688125
NIITTECH-I.NFO,07/01/2020,09:58:31,1652.15,1650.4,375,1651.95,375,0,688125
NIITTECH-I.NFO,07/01/2020,09:58:32,1652.15,1650.4,375,1651.95,750,0,688125
NIITTECH-I.NFO,07/01/2020,09:58:34,1652.15,1650.4,375,1651.95,375,0,688125
NIITTECH-I.NFO,07/01/2020,09:58:37,1652.15,1650.4,375,1651.9,375,0,688125
NIITTECH-I.NFO,07/01/2020,09:58:38,1652.15,1650.3,375,1651.8,375,0,688125
NIITTECH-I.NFO,07/01/2020,09:58:42,1652.15,1650.45,375,1651.8,375,0,688125
NIITTECH-I.NFO,07/01/2020,09:58:43,1652.15,1650.55,375,1651.8,375,0,688125
NIITTECH-I.NFO,07/01/2020,09:58:44,1652.15,1650.25,375,1651.8,375,0,688125
NIITTECH-I.NFO,07/01/2020,09:58:46,1652.15,1650.2,375,1651.8,375,0,688125
NIITTECH-I.NFO,07/01/2020,09:58:47,1652.15,1650.3,750,1651.8,375,0,688125
NIITTECH-I.NFO,07/01/2020,09:58:48,1652.15,1650.9,375,1651.8,375,0,688125
NIITTECH-I.NFO,07/01/2020,09:58:51,1650.9,1650.1,375,1651.65,750,375,688125
NIITTECH-I.NFO,07/01/2020,09:58:53,1650.9,1650.1,375,1651.65,750,0,688125
NIITTECH-I.NFO,07/01/2020,09:58:54,1650.9,1650.1,375,1651.65,375,0,688125
NIITTECH-I.NFO,07/01/2020,09:58:55,1650.9,1650.1,375,1651.55,375,0,688125
NIITTECH-I.NFO,07/01/2020,09:58:58,1650.9,1650.15,375,1651.55,375,0,688125
NIITTECH-I.NFO,07/01/2020,09:59:05,1650.9,1650.4,375,1652,375,0,688125
NIITTECH-I.NFO,07/01/2020,09:59:06,1650.9,1650.4,375,1651.95,375,0,688125
NIITTECH-I.NFO,07/01/2020,09:59:09,1650.9,1650.35,375,1651.95,375,0,688125
NIITTECH-I.NFO,07/01/2020,09:59:10,1650.9,1650.7,750,1651.95,375,0,688125
NIITTECH-I.NFO,07/01/2020,09:59:11,1652,1651.1,375,1652.1,375,750,688125
NIITTECH-I.NFO,07/01/2020,09:59:15,1652,1650.5,750,1652.1,375,0,688125
NIITTECH-I.NFO,07/01/2020,09:59:21,1652,1651.1,750,1652.1,375,0,688125
NIITTECH-I.NFO,07/01/2020,09:59:27,1652,1651.65,750,1652.95,375,0,688125
NIITTECH-I.NFO,07/01/2020,09:59:32,1652,1652.05,750,1653.05,375,375,687750
NIITTECH-I.NFO,07/01/2020,09:59:37,1652,1652.05,750,1653.05,375,0,687750
NIITTECH-I.NFO,07/01/2020,09:59:42,1652,1651.35,750,1652.95,375,0,687750
NIITTECH-I.NFO,07/01/2020,09:59:46,1652,1651.3,375,1652.8,375,0,687750
NIITTECH-I.NFO,07/01/2020,09:59:51,1652,1651.7,375,1652.8,375,0,687750
NIITTECH-I.NFO,07/01/2020,09:59:54,1652,1651.7,750,1652.8,375,0,687750
NIITTECH-I.NFO,07/01/2020,09:59:59,1652,1651.6,750,1653.15,375,0,687750
NIITTECH-I.NFO,07/01/2020,10:00:03,1651.6,1651.05,750,1652.55,1125,375,687750
NIITTECH-I.NFO,07/01/2020,10:00:07,1651.6,1650.5,375,1651.9,375,0,687750
NIITTECH-I.NFO,07/01/2020,10:00:12,1650.1,1650,2625,1651.5,750,750,687750
NIITTECH-I.NFO,07/01/2020,10:00:14,1651,1650,2625,1651.05,375,375,687750
NIITTECH-I.NFO,07/01/2020,10:00:14,1651,1650,2625,1651.05,375,0,687750
NIITTECH-I.NFO,07/01/2020,10:00:15,1651,1650,2625,1651.45,375,0,687750
NIITTECH-I.NFO,07/01/2020,10:00:25,1651,1650.05,375,1651.05,375,0,687750
NIITTECH-I.NFO,07/01/2020,10:00:26,1651,1650.3,1125,1651.6,375,0,687750
NIITTECH-I.NFO,07/01/2020,10:00:27,1651,1650.35,375,1651.65,375,0,687750
NIITTECH-I.NFO,07/01/2020,10:00:28,1651,1650.65,1125,1651.65,375,0,687750
NIITTECH-I.NFO,07/01/2020,10:00:29,1651,1650.5,750,1651.65,375,0,687750
NIITTECH-I.NFO,07/01/2020,10:00:34,1651,1650.3,750,1651.6,375,0,687750
NIITTECH-I.NFO,07/01/2020,10:00:36,1651,1650.35,375,1651.2,375,0,687750
NIITTECH-I.NFO,07/01/2020,10:00:39,1651,1650.2,375,1651.6,375,0,687750
NIITTECH-I.NFO,07/01/2020,10:00:40,1651,1651.05,750,1651.65,375,0,687750
NIITTECH-I.NFO,07/01/2020,10:00:50,1651.05,1651.05,375,1651.65,375,375,687750
NIITTECH-I.NFO,07/01/2020,10:00:51,1651.05,1651.05,375,1651.65,375,0,687750
NIITTECH-I.NFO,07/01/2020,10:01:10,1651.05,1651,375,1651.65,375,0,687750
NIITTECH-I.NFO,07/01/2020,10:01:16,1651.05,1651.05,750,1651.65,375,0,687750
NIITTECH-I.NFO,07/01/2020,10:01:23,1651,1650,3750,1651.45,375,1125,687750
NIITTECH-I.NFO,07/01/2020,10:01:30,1651,1650.05,375,1651,375,0,687750
NIITTECH-I.NFO,07/01/2020,10:01:35,1651,1650.05,375,1650.6,375,0,687750
NIITTECH-I.NFO,07/01/2020,10:01:40,1651,1650,3750,1650.95,375,0,687750
NIITTECH-I.NFO,07/01/2020,10:01:46,1650.8,1650.05,375,1650.95,375,375,687750
NIITTECH-I.NFO,07/01/2020,10:01:52,1651.6,1651.65,750,1653.85,750,1125,687750
NIITTECH-I.NFO,07/01/2020,10:01:58,1651.6,1651.05,375,1652.55,750,0,687750
NIITTECH-I.NFO,07/01/2020,10:02:04,1651.6,1651.1,375,1652,375,0,687750
NIITTECH-I.NFO,07/01/2020,10:02:09,1651.15,1650,3750,1651.35,375,1875,687750
NIITTECH-I.NFO,07/01/2020,10:02:15,1651.15,1650,3750,1650.95,375,0,687750
NIITTECH-I.NFO,07/01/2020,10:02:19,1651.15,1650,3750,1651.3,375,0,687750
NIITTECH-I.NFO,07/01/2020,10:02:24,1651.15,1650,3750,1650.95,375,0,687750
NIITTECH-I.NFO,07/01/2020,10:02:29,1651.15,1650,3750,1650.55,375,0,687750
NIITTECH-I.NFO,07/01/2020,10:02:34,1650,1650,1875,1650.95,375,1875,688500
NIITTECH-I.NFO,07/01/2020,10:02:40,1650,1650.05,375,1651.35,750,0,688500
NIITTECH-I.NFO,07/01/2020,10:02:44,1650,1650,1875,1650.9,375,0,688500
NIITTECH-I.NFO,07/01/2020,10:02:49,1648.45,1649.2,750,1650.95,750,4875,688500
NIITTECH-I.NFO,07/01/2020,10:02:54,1648.45,1649.35,375,1650.75,750,0,688500
NIITTECH-I.NFO,07/01/2020,10:03:00,1650.35,1649.65,375,1650.95,750,375,688500
NIITTECH-I.NFO,07/01/2020,10:03:06,1650.95,1650.05,375,1651.4,750,750,688500
NIITTECH-I.NFO,07/01/2020,10:03:12,1650.1,1649.15,375,1650.45,750,375,688500
NIITTECH-I.NFO,07/01/2020,10:03:12,1650.1,1649.15,375,1650.9,750,0,688500
NIITTECH-I.NFO,07/01/2020,10:03:15,1650.1,1649.3,375,1650.9,750,0,688500
NIITTECH-I.NFO,07/01/2020,10:03:17,1649.3,1648.75,375,1650.8,1125,375,688500
NIITTECH-I.NFO,07/01/2020,10:03:18,1649.3,1648.8,375,1650.05,750,0,688500
NIITTECH-I.NFO,07/01/2020,10:03:19,1649.3,1648.85,375,1650.15,750,0,688500
NIITTECH-I.NFO,07/01/2020,10:03:20,1650.15,1649.2,375,1651.3,375,750,688500
NIITTECH-I.NFO,07/01/2020,10:03:21,1650.15,1649.5,375,1651.05,375,0,688500
NIITTECH-I.NFO,07/01/2020,10:03:22,1650.15,1649.1,375,1651.05,375,0,688500
NIITTECH-I.NFO,07/01/2020,10:03:23,1649.45,1649.25,375,1650.7,375,1125,688500
NIITTECH-I.NFO,07/01/2020,10:03:24,1649.45,1649.25,375,1650.7,375,0,688500
NIITTECH-I.NFO,07/01/2020,10:03:28,1649.45,1649.25,375,1650.75,375,0,688500
NIITTECH-I.NFO,07/01/2020,10:03:33,1649.45,1649.6,375,1651,750,0,688500
NIITTECH-I.NFO,07/01/2020,10:03:37,1649.45,1649.6,375,1650.95,375,0,688500
NIITTECH-I.NFO,07/01/2020,10:03:42,1649.45,1649.6,375,1651,750,0,688500
NIITTECH-I.NFO,07/01/2020,10:03:44,1649.45,1649.6,375,1650.95,375,0,688500
NIITTECH-I.NFO,07/01/2020,10:03:48,1649.45,1649.6,375,1651,750,0,688500
NIITTECH-I.NFO,07/01/2020,10:03:49,1649.45,1649.6,375,1650.95,375,0,688500
NIITTECH-I.NFO,07/01/2020,10:03:51,1652,1650.2,375,1652.3,375,2250,688500
NIITTECH-I.NFO,07/01/2020,10:03:52,1652,1650.7,750,1652.35,375,0,688500
NIITTECH-I.NFO,07/01/2020,10:03:53,1652,1650.9,375,1652.4,750,0,688500
NIITTECH-I.NFO,07/01/2020,10:03:54,1652,1651,375,1653.15,375,0,688500
NIITTECH-I.NFO,07/01/2020,10:03:57,1652,1651.1,375,1653,375,0,688500
NIITTECH-I.NFO,07/01/2020,10:03:58,1652,1651.3,375,1652.95,375,0,688500
NIITTECH-I.NFO,07/01/2020,10:03:58,1652,1651.3,375,1653.05,375,0,688500
NIITTECH-I.NFO,07/01/2020,10:03:59,1652,1651,375,1652.95,375,0,688500
NIITTECH-I.NFO,07/01/2020,10:04:00,1652,1651.3,375,1652.95,375,0,688500
NIITTECH-I.NFO,07/01/2020,10:04:03,1652,1651.5,375,1653,375,0,688500
NIITTECH-I.NFO,07/01/2020,10:04:07,1652,1651.45,375,1652.85,750,0,688500
NIITTECH-I.NFO,07/01/2020,10:04:08,1652,1651.45,375,1652.85,375,0,688500
NIITTECH-I.NFO,07/01/2020,10:04:10,1651.45,1651.5,375,1652.7,375,375,688500
NIITTECH-I.NFO,07/01/2020,10:04:11,1651.45,1651.5,375,1652.7,375,0,688500
NIITTECH-I.NFO,07/01/2020,10:04:17,1651.5,1651,375,1652.55,375,375,688500
NIITTECH-I.NFO,07/01/2020,10:04:19,1651.5,1651,375,1652.55,375,0,688500
NIITTECH-I.NFO,07/01/2020,10:04:20,1651.5,1650.95,375,1652.55,375,0,688500
NIITTECH-I.NFO,07/01/2020,10:04:21,1651.5,1651.1,375,1652.55,375,0,688500
NIITTECH-I.NFO,07/01/2020,10:04:22,1651.5,1651,375,1652.55,375,0,688500
NIITTECH-I.NFO,07/01/2020,10:04:24,1651.5,1650.5,375,1652.4,750,0,688500
NIITTECH-I.NFO,07/01/2020,10:04:25,1651.5,1650.7,375,1652.35,375,0,688500
NIITTECH-I.NFO,07/01/2020,10:04:27,1651.5,1650.6,375,1652.25,375,0,688500
NIITTECH-I.NFO,07/01/2020,10:04:28,1650.6,1649.05,750,1650.65,375,2250,688500
NIITTECH-I.NFO,07/01/2020,10:04:29,1650.6,1649.05,750,1650.65,375,0,688500
NIITTECH-I.NFO,07/01/2020,10:04:30,1650.6,1649.3,375,1650.65,375,0,688500
NIITTECH-I.NFO,07/01/2020,10:04:32,1650.6,1649.25,375,1650.65,375,0,688500
NIITTECH-I.NFO,07/01/2020,10:04:33,1649.4,1649.45,375,1651.2,375,375,688500
NIITTECH-I.NFO,07/01/2020,10:04:34,1649.4,1649.55,375,1651.2,375,0,688500
NIITTECH-I.NFO,07/01/2020,10:04:35,1649.4,1649.45,375,1651.1,375,0,688500
NIITTECH-I.NFO,07/01/2020,10:04:36,1649.4,1649.65,375,1651.1,375,0,688500
NIITTECH-I.NFO,07/01/2020,10:04:37,1649.4,1649.9,375,1651.1,375,0,688500
NIITTECH-I.NFO,07/01/2020,10:04:43,1649.4,1649.9,750,1651.95,750,0,688500
NIITTECH-I.NFO,07/01/2020,10:04:44,1649.4,1650,375,1651.95,750,0,688500
NIITTECH-I.NFO,07/01/2020,10:04:44,1649.4,1650.25,750,1651.95,750,0,688500
NIITTECH-I.NFO,07/01/2020,10:04:46,1649.4,1650.15,375,1651.95,750,0,688500
NIITTECH-I.NFO,07/01/2020,10:04:47,1649.4,1650.05,375,1651.9,375,0,688500
NIITTECH-I.NFO,07/01/2020,10:04:52,1649.4,1650.15,375,1651.9,375,0,688500
NIITTECH-I.NFO,07/01/2020,10:04:53,1649.4,1650.2,375,1651.9,375,0,688500
NIITTECH-I.NFO,07/01/2020,10:04:54,1649.4,1650.3,375,1651.9,375,0,688500
NIITTECH-I.NFO,07/01/2020,10:04:57,1649.4,1650.25,375,1651.9,375,0,688500
NIITTECH-I.NFO,07/01/2020,10:04:58,1649.4,1650.2,375,1651.9,375,0,688500
NIITTECH-I.NFO,07/01/2020,10:04:59,1649.4,1650.25,375,1651.9,375,0,688500
NIITTECH-I.NFO,07/01/2020,10:05:03,1649.4,1650.2,375,1651.9,375,0,688500
NIITTECH-I.NFO,07/01/2020,10:05:07,1649.4,1650.25,375,1651.9,375,0,688500
NIITTECH-I.NFO,07/01/2020,10:05:15,1649.4,1649.5,375,1650.95,375,0,688500
NIITTECH-I.NFO,07/01/2020,10:05:19,1649.5,1649.4,375,1650.85,375,375,688500
NIITTECH-I.NFO,07/01/2020,10:05:23,1649.5,1649.4,375,1650.85,375,0,688500
NIITTECH-I.NFO,07/01/2020,10:05:42,1651,1649.9,375,1651.95,375,375,685500
NIITTECH-I.NFO,07/01/2020,10:05:47,1652.95,1650.9,375,1652.85,375,1500,685500
NIITTECH-I.NFO,07/01/2020,10:05:54,1652.75,1651.6,375,1652.85,375,375,685500
NIITTECH-I.NFO,07/01/2020,10:05:59,1652.75,1651.05,375,1652.85,375,0,685500
NIITTECH-I.NFO,07/01/2020,10:06:05,1652.75,1651.1,375,1652.65,375,0,685500
NIITTECH-I.NFO,07/01/2020,10:06:11,1652.75,1650.4,375,1652.1,750,0,685500
NIITTECH-I.NFO,07/01/2020,10:06:12,1652.75,1650.15,375,1652,375,0,685500
NIITTECH-I.NFO,07/01/2020,10:06:13,1652.75,1650.35,375,1652,375,0,685500
NIITTECH-I.NFO,07/01/2020,10:06:15,1652.75,1650,375,1651.75,375,0,685500
NIITTECH-I.NFO,07/01/2020,10:06:16,1652.75,1650,375,1651.8,375,0,685500
NIITTECH-I.NFO,07/01/2020,10:06:18,1652.75,1650.05,375,1651.7,375,0,685500
NIITTECH-I.NFO,07/01/2020,10:06:20,1652.75,1650.15,375,1651.7,375,0,685500
NIITTECH-I.NFO,07/01/2020,10:06:21,1652.75,1649.85,375,1651.7,375,0,685500
NIITTECH-I.NFO,07/01/2020,10:06:22,1652.75,1649.8,375,1651.6,375,0,685500
NIITTECH-I.NFO,07/01/2020,10:06:23,1652.75,1650,375,1651.6,375,0,685500
NIITTECH-I.NFO,07/01/2020,10:06:25,1652.75,1650,375,1651.5,375,0,685500
NIITTECH-I.NFO,07/01/2020,10:06:28,1652.75,1649.65,375,1651.5,375,0,685500
NIITTECH-I.NFO,07/01/2020,10:06:30,1652.75,1649.85,375,1651.5,375,0,685500
NIITTECH-I.NFO,07/01/2020,10:06:34,1652.75,1649.95,375,1651.5,375,0,685500
NIITTECH-I.NFO,07/01/2020,10:06:37,1652.75,1649.65,375,1651.4,375,0,685500
NIITTECH-I.NFO,07/01/2020,10:06:38,1652.75,1649.75,375,1651.4,375,0,685500
NIITTECH-I.NFO,07/01/2020,10:06:39,1652.75,1649.85,375,1651.4,375,0,685500
NIITTECH-I.NFO,07/01/2020,10:06:52,1652.75,1649.7,375,1651.4,375,0,685500
NIITTECH-I.NFO,07/01/2020,10:06:55,1652.75,1649.85,375,1651.4,375,0,685500
NIITTECH-I.NFO,07/01/2020,10:06:57,1652.75,1649.7,375,1651.4,375,0,685500
NIITTECH-I.NFO,07/01/2020,10:07:05,1652.75,1650.15,375,1651.4,375,0,685500
NIITTECH-I.NFO,07/01/2020,10:07:06,1652.75,1649.9,375,1651.4,375,0,685500
NIITTECH-I.NFO,07/01/2020,10:07:11,1652.75,1649.95,375,1651.4,375,0,685500
NIITTECH-I.NFO,07/01/2020,10:07:11,1652.75,1649.75,375,1651.4,375,0,685500
NIITTECH-I.NFO,07/01/2020,10:07:15,1652.75,1649.85,375,1651.4,375,0,685500
NIITTECH-I.NFO,07/01/2020,10:07:20,1652.75,1650.25,375,1651.4,375,0,685500
NIITTECH-I.NFO,07/01/2020,10:07:26,1652.75,1649.8,375,1651.4,375,0,685500
NIITTECH-I.NFO,07/01/2020,10:07:39,1652.75,1649.75,375,1651.4,375,0,685500
NIITTECH-I.NFO,07/01/2020,10:07:45,1652.75,1650.3,375,1652.55,375,0,685500
NIITTECH-I.NFO,07/01/2020,10:07:51,1649.4,1649.2,375,1650.85,375,3000,685500
NIITTECH-I.NFO,07/01/2020,10:07:57,1649.4,1649.3,375,1650.85,375,0,685500
NIITTECH-I.NFO,07/01/2020,10:08:02,1649.4,1649.5,375,1650.85,375,0,685500
NIITTECH-I.NFO,07/01/2020,10:08:07,1649.4,1649.6,375,1650.85,375,0,685500
NIITTECH-I.NFO,07/01/2020,10:08:11,1649.4,1649.65,375,1650.85,375,0,685500
NIITTECH-I.NFO,07/01/2020,10:08:28,1650,1648.05,750,1649.95,375,3375,686250
NIITTECH-I.NFO,07/01/2020,10:08:35,1650,1648.3,375,1649.95,375,0,686250
NIITTECH-I.NFO,07/01/2020,10:08:42,1650,1648.4,375,1649.95,375,0,686250
NIITTECH-I.NFO,07/01/2020,10:08:54,1650,1648.5,375,1650,375,0,686250
NIITTECH-I.NFO,07/01/2020,10:09:05,1650,1648.05,375,1649.5,375,0,686250
NIITTECH-I.NFO,07/01/2020,10:09:10,1650,1648.05,375,1649.6,375,0,686250
NIITTECH-I.NFO,07/01/2020,10:09:15,1649.5,1648.2,375,1649.65,375,375,686250
NIITTECH-I.NFO,07/01/2020,10:09:21,1649.5,1648.2,375,1649.65,375,0,686250
NIITTECH-I.NFO,07/01/2020,10:09:26,1649.5,1648.2,375,1649.55,375,0,686250
NIITTECH-I.NFO,07/01/2020,10:09:31,1649.5,1648.2,375,1649.65,375,0,686250
NIITTECH-I.NFO,07/01/2020,10:09:41,1649.5,1648.45,375,1649.65,375,0,686250
NIITTECH-I.NFO,07/01/2020,10:09:46,1648.35,1648.4,375,1649.65,375,375,686250
NIITTECH-I.NFO,07/01/2020,10:09:51,1648.35,1649.05,375,1649.65,375,0,686250
NIITTECH-I.NFO,07/01/2020,10:09:56,1649.05,1649,375,1649.65,375,375,686250
NIITTECH-I.NFO,07/01/2020,10:10:03,1649,1648.35,375,1649.55,375,375,686250
NIITTECH-I.NFO,07/01/2020,10:10:10,1649,1648.15,375,1649.5,375,0,686250
NIITTECH-I.NFO,07/01/2020,10:10:16,1649,1648.15,375,1649.55,375,0,686250
NIITTECH-I.NFO,07/01/2020,10:10:22,1649,1648.15,375,1649.5,375,0,686250
NIITTECH-I.NFO,07/01/2020,10:10:27,1649,1648.15,375,1649.55,375,0,686250
NIITTECH-I.NFO,07/01/2020,10:10:32,1649,1648.2,375,1649.05,375,0,686250
NIITTECH-I.NFO,07/01/2020,10:10:36,1649,1648.05,375,1648.9,375,0,686250
NIITTECH-I.NFO,07/01/2020,10:10:41,1649,1648.05,375,1648.95,375,0,686250
NIITTECH-I.NFO,07/01/2020,10:10:46,1649,1648.35,375,1649.65,375,750,686250
NIITTECH-I.NFO,07/01/2020,10:10:51,1649,1648.2,375,1649.65,375,0,686250
NIITTECH-I.NFO,07/01/2020,10:10:56,1649,1648.05,375,1649.5,375,0,686250
NIITTECH-I.NFO,07/01/2020,10:11:00,1649,1648.05,375,1649.55,375,0,686250
NIITTECH-I.NFO,07/01/2020,10:11:15,1649,1648.05,750,1649.55,375,0,686250
NIITTECH-I.NFO,07/01/2020,10:11:21,1649,1649,375,1649.65,375,0,686250
NIITTECH-I.NFO,07/01/2020,10:11:31,1649,1649,750,1649.65,375,0,686250
NIITTECH-I.NFO,07/01/2020,10:11:49,1649,1649,375,1649.65,375,0,686250
NIITTECH-I.NFO,07/01/2020,10:11:55,1649,1648.5,375,1649.5,375,375,685875
NIITTECH-I.NFO,07/01/2020,10:12:01,1649,1648.5,375,1649.55,375,0,685875
NIITTECH-I.NFO,07/01/2020,10:12:07,1649,1648.5,375,1649.5,375,0,685875
NIITTECH-I.NFO,07/01/2020,10:12:13,1649,1648.5,375,1649.45,375,0,685875
NIITTECH-I.NFO,07/01/2020,10:12:23,1648.5,1648,750,1649.2,375,375,685875
NIITTECH-I.NFO,07/01/2020,10:12:28,1648.5,1648,750,1649.25,375,0,685875
NIITTECH-I.NFO,07/01/2020,10:12:34,1649.2,1648,750,1649.25,375,375,685875
NIITTECH-I.NFO,07/01/2020,10:12:39,1649.2,1648,375,1649.2,375,0,685875
NIITTECH-I.NFO,07/01/2020,10:12:45,1649.2,1648,375,1649.25,375,0,685875
NIITTECH-I.NFO,07/01/2020,10:13:01,1649.2,1648.05,375,1649.3,375,0,685875
NIITTECH-I.NFO,07/01/2020,10:13:07,1649.2,1648.05,375,1648.95,375,0,685875
NIITTECH-I.NFO,07/01/2020,10:13:12,1649.2,1648,375,1648.95,750,0,685875
NIITTECH-I.NFO,07/01/2020,10:13:19,1649.2,1648,375,1648.95,375,0,685875
NIITTECH-I.NFO,07/01/2020,10:13:25,1649.2,1648,375,1649,750,0,685875
NIITTECH-I.NFO,07/01/2020,10:13:32,1649.2,1648.05,375,1649,750,0,685875
NIITTECH-I.NFO,07/01/2020,10:13:37,1649.2,1648.05,375,1648.95,375,0,685875
NIITTECH-I.NFO,07/01/2020,10:13:42,1647.65,1648,375,1648.75,750,1875,685875
NIITTECH-I.NFO,07/01/2020,10:13:48,1647.65,1648,375,1649,750,0,685875
NIITTECH-I.NFO,07/01/2020,10:13:54,1649,1648,375,1649.3,375,750,685875
NIITTECH-I.NFO,07/01/2020,10:14:00,1649,1647.65,375,1649.25,375,0,685875
NIITTECH-I.NFO,07/01/2020,10:14:05,1649,1647.45,375,1649.6,375,0,685875
NIITTECH-I.NFO,07/01/2020,10:14:10,1649,1647.7,375,1649.05,375,0,685875
NIITTECH-I.NFO,07/01/2020,10:14:16,1649,1648.05,375,1649.4,375,0,685875
NIITTECH-I.NFO,07/01/2020,10:14:21,1649,1648.1,375,1649.4,375,0,685875
NIITTECH-I.NFO,07/01/2020,10:14:27,1649.4,1648.4,375,1649.65,375,1125,684750
NIITTECH-I.NFO,07/01/2020,10:14:33,1650.7,1649.35,375,1651.55,375,2625,684750
NIITTECH-I.NFO,07/01/2020,10:14:39,1650.7,1648.75,375,1650.65,375,0,684750
NIITTECH-I.NFO,07/01/2020,10:14:45,1650.7,1649.25,375,1650.7,375,0,684750
NIITTECH-I.NFO,07/01/2020,10:15:18,1649.45,1649.4,375,1650.95,375,375,684750
NIITTECH-I.NFO,07/01/2020,10:15:23,1649.45,1648.75,375,1650.4,375,0,684750
NIITTECH-I.NFO,07/01/2020,10:15:33,1649.45,1649.05,375,1650.5,375,0,684750
NIITTECH-I.NFO,07/01/2020,10:15:39,1649.05,1648.3,375,1649.85,375,375,684750
NIITTECH-I.NFO,07/01/2020,10:15:44,1649.05,1647.4,375,1649.4,375,0,684750
NIITTECH-I.NFO,07/01/2020,10:15:50,1649,1647.6,375,1649.2,375,375,684750
NIITTECH-I.NFO,07/01/2020,10:15:56,1649,1647.4,375,1649.25,375,0,684750
NIITTECH-I.NFO,07/01/2020,10:16:01,1649,1648,375,1649.3,375,0,684750
NIITTECH-I.NFO,07/01/2020,10:16:06,1649,1647.8,375,1649.3,375,0,684750
NIITTECH-I.NFO,07/01/2020,10:16:11,1649,1647.9,375,1649.3,375,0,684750
NIITTECH-I.NFO,07/01/2020,10:16:19,1649,1647.9,375,1649.25,375,0,684750
NIITTECH-I.NFO,07/01/2020,10:16:28,1649,1648,750,1649.3,375,0,684750
NIITTECH-I.NFO,07/01/2020,10:16:34,1649,1647.85,375,1649.3,375,0,684750
NIITTECH-I.NFO,07/01/2020,10:16:38,1649,1648,375,1649.3,375,0,684750
NIITTECH-I.NFO,07/01/2020,10:16:48,1649,1648.15,375,1649.3,375,0,684750
NIITTECH-I.NFO,07/01/2020,10:16:53,1649,1647.9,750,1649.3,375,0,684750
NIITTECH-I.NFO,07/01/2020,10:16:58,1649,1648.05,375,1649.3,375,0,684750
NIITTECH-I.NFO,07/01/2020,10:17:04,1649,1648.45,375,1649.3,375,0,684750
NIITTECH-I.NFO,07/01/2020,10:17:30,1649,1648.05,375,1649.3,375,0,684750
NIITTECH-I.NFO,07/01/2020,10:17:36,1649,1649,375,1649.3,375,0,684750
NIITTECH-I.NFO,07/01/2020,10:17:41,1649.35,1649,375,1650.25,375,750,685875
NIITTECH-I.NFO,07/01/2020,10:17:45,1649.35,1649,375,1650.1,375,0,685875
NIITTECH-I.NFO,07/01/2020,10:17:53,1649.35,1649,375,1650.05,375,0,685875
NIITTECH-I.NFO,07/01/2020,10:17:57,1649.35,1649,375,1650.15,375,0,685875
NIITTECH-I.NFO,07/01/2020,10:18:13,1649.35,1649,375,1650.1,375,0,685875
NIITTECH-I.NFO,07/01/2020,10:18:17,1649.5,1649,375,1650.1,375,375,685875
NIITTECH-I.NFO,07/01/2020,10:18:24,1649.5,1649,375,1650.15,375,0,685875
NIITTECH-I.NFO,07/01/2020,10:18:37,1649.5,1649,375,1650.05,375,0,685875
NIITTECH-I.NFO,07/01/2020,10:18:42,1649.5,1648.1,375,1649.65,375,375,685875
NIITTECH-I.NFO,07/01/2020,10:18:47,1648.2,1648,375,1649.1,375,375,685875
NIITTECH-I.NFO,07/01/2020,10:18:52,1648.2,1648.4,375,1649.9,375,0,685875
NIITTECH-I.NFO,07/01/2020,10:18:57,1648.2,1648.5,375,1649.95,375,0,685875
NIITTECH-I.NFO,07/01/2020,10:19:01,1648.2,1648.6,375,1650.05,375,0,685875
NIITTECH-I.NFO,07/01/2020,10:19:05,1648.2,1648.75,375,1650.1,375,0,685875
NIITTECH-I.NFO,07/01/2020,10:19:09,1648.2,1648.9,375,1650.1,375,0,685875
NIITTECH-I.NFO,07/01/2020,10:19:13,1648.5,1648,375,1649.4,375,375,685875
NIITTECH-I.NFO,07/01/2020,10:19:18,1648.5,1648.2,375,1649.55,375,0,685875
NIITTECH-I.NFO,07/01/2020,10:19:23,1648.5,1648.3,375,1649.55,375,0,685875
NIITTECH-I.NFO,07/01/2020,10:19:28,1648.4,1648.1,375,1649.55,375,375,685875
NIITTECH-I.NFO,07/01/2020,10:19:32,1648.2,1648,375,1649.4,375,375,685875
NIITTECH-I.NFO,07/01/2020,10:19:36,1648.2,1648,375,1649.2,750,0,685875
NIITTECH-I.NFO,07/01/2020,10:19:40,1648.2,1648.1,375,1649.65,375,0,685875
NIITTECH-I.NFO,07/01/2020,10:19:45,1648.2,1648.15,375,1649.65,375,0,685875
NIITTECH-I.NFO,07/01/2020,10:19:50,1648.2,1648.15,375,1649.7,375,0,685875
NIITTECH-I.NFO,07/01/2020,10:19:56,1648.2,1648.3,375,1649.75,375,0,685875
NIITTECH-I.NFO,07/01/2020,10:20:02,1648.2,1648.35,750,1649.75,375,0,685875
NIITTECH-I.NFO,07/01/2020,10:20:06,1648.2,1648.45,750,1649.75,375,0,685875
NIITTECH-I.NFO,07/01/2020,10:20:11,1648.2,1648.4,375,1649.75,375,0,685875
NIITTECH-I.NFO,07/01/2020,10:20:12,1648.2,1648.15,375,1649.75,375,0,685875
NIITTECH-I.NFO,07/01/2020,10:20:16,1648.2,1648.6,375,1649.75,375,0,685875
NIITTECH-I.NFO,07/01/2020,10:20:17,1648.2,1648.5,375,1649.75,375,0,685875
NIITTECH-I.NFO,07/01/2020,10:20:19,1648.2,1648.55,375,1649.75,375,0,685875
NIITTECH-I.NFO,07/01/2020,10:20:20,1648.2,1648.6,375,1649.75,375,0,685875
NIITTECH-I.NFO,07/01/2020,10:20:22,1648.2,1648.55,375,1649.75,375,0,685875
NIITTECH-I.NFO,07/01/2020,10:20:23,1648.2,1648.65,375,1649.75,375,0,685875
NIITTECH-I.NFO,07/01/2020,10:20:32,1648.2,1648.55,375,1649.75,375,0,685875
NIITTECH-I.NFO,07/01/2020,10:20:51,1648.2,1648.55,375,1649.7,375,0,685875
NIITTECH-I.NFO,07/01/2020,10:21:09,1648.2,1648.5,375,1649.65,375,0,685875
NIITTECH-I.NFO,07/01/2020,10:21:18,1649.25,1648.35,375,1649.75,375,375,677625
NIITTECH-I.NFO,07/01/2020,10:21:23,1648.9,1648.55,375,1650.35,375,1875,677625
NIITTECH-I.NFO,07/01/2020,10:21:29,1648.9,1648.75,375,1650.05,375,0,677625
NIITTECH-I.NFO,07/01/2020,10:21:34,1650.05,1648.9,375,1650.35,375,375,677625
NIITTECH-I.NFO,07/01/2020,10:21:39,1650.05,1648.6,375,1650.25,375,0,677625
NIITTECH-I.NFO,07/01/2020,10:21:43,1650.05,1648.4,375,1649.95,375,0,677625
NIITTECH-I.NFO,07/01/2020,10:21:47,1650.05,1648.8,375,1650.6,375,0,677625
NIITTECH-I.NFO,07/01/2020,10:21:52,1650.05,1649.15,375,1650.6,375,0,677625
NIITTECH-I.NFO,07/01/2020,10:22:05,1650.05,1649.05,750,1650.6,375,0,677625
NIITTECH-I.NFO,07/01/2020,10:22:10,1649.35,1648.65,375,1650.05,375,750,677625
NIITTECH-I.NFO,07/01/2020,10:22:12,1649.35,1648.4,375,1649.9,375,0,677625
NIITTECH-I.NFO,07/01/2020,10:22:13,1649.35,1648.35,375,1649.9,375,0,677625
NIITTECH-I.NFO,07/01/2020,10:22:15,1649.35,1648.4,375,1649.9,375,0,677625
NIITTECH-I.NFO,07/01/2020,10:22:16,1649.35,1648.5,375,1649.9,375,0,677625
NIITTECH-I.NFO,07/01/2020,10:22:17,1649.35,1648.35,375,1649.9,375,0,677625
NIITTECH-I.NFO,07/01/2020,10:22:28,1649.35,1648.85,375,1649.9,375,0,677625
NIITTECH-I.NFO,07/01/2020,10:22:29,1649.35,1648.9,375,1649.9,375,0,677625
NIITTECH-I.NFO,07/01/2020,10:22:31,1649.35,1648.85,375,1649.9,375,0,677625
NIITTECH-I.NFO,07/01/2020,10:22:42,1649.35,1648.85,375,1649.8,375,0,677625
NIITTECH-I.NFO,07/01/2020,10:22:43,1649.35,1648.85,375,1650.1,375,0,677625
NIITTECH-I.NFO,07/01/2020,10:22:45,1649.35,1648.4,375,1650,375,0,677625
NIITTECH-I.NFO,07/01/2020,10:22:46,1649.35,1648.2,375,1648.8,375,0,677625
NIITTECH-I.NFO,07/01/2020,10:22:51,1648.2,1648,375,1648.75,375,375,677625
NIITTECH-I.NFO,07/01/2020,10:22:52,1648.2,1648,375,1648.75,375,0,677625
NIITTECH-I.NFO,07/01/2020,10:22:53,1648,1647.5,375,1648,375,750,677625
NIITTECH-I.NFO,07/01/2020,10:22:54,1648,1647.5,375,1648.85,375,375,677625
NIITTECH-I.NFO,07/01/2020,10:22:55,1648,1647.5,375,1648.75,375,0,677625
NIITTECH-I.NFO,07/01/2020,10:23:02,1648,1647.8,375,1649.2,375,0,677625
NIITTECH-I.NFO,07/01/2020,10:23:03,1648,1647.75,375,1649.2,375,0,677625
NIITTECH-I.NFO,07/01/2020,10:23:04,1648,1647.9,375,1649.2,375,0,677625
NIITTECH-I.NFO,07/01/2020,10:23:15,1648,1648.2,375,1650.05,375,0,677625
NIITTECH-I.NFO,07/01/2020,10:23:20,1648.5,1647.95,375,1649,375,375,677625
NIITTECH-I.NFO,07/01/2020,10:23:25,1648.5,1647.75,375,1649,375,0,677625
NIITTECH-I.NFO,07/01/2020,10:23:29,1649,1647.95,375,1649.85,375,375,677250
NIITTECH-I.NFO,07/01/2020,10:23:35,1649,1648.1,375,1649.85,375,0,677250
NIITTECH-I.NFO,07/01/2020,10:23:39,1649,1647.6,375,1649.1,375,0,677250
NIITTECH-I.NFO,07/01/2020,10:23:54,1649,1647.75,375,1649.4,375,0,677250
NIITTECH-I.NFO,07/01/2020,10:24:14,1649,1648,375,1649.4,375,0,677250
NIITTECH-I.NFO,07/01/2020,10:24:23,1649,1648,375,1649.3,375,0,677250
NIITTECH-I.NFO,07/01/2020,10:24:50,1649.3,1648,375,1649.3,375,375,677250
NIITTECH-I.NFO,07/01/2020,10:24:54,1649.3,1648,375,1649.3,375,0,677250
NIITTECH-I.NFO,07/01/2020,10:25:43,1649.3,1648.25,375,1650.1,375,0,677250
NIITTECH-I.NFO,07/01/2020,10:25:49,1649.3,1648.4,375,1650.05,375,0,677250
NIITTECH-I.NFO,07/01/2020,10:25:54,1649.3,1648.35,375,1649.75,375,0,677250
NIITTECH-I.NFO,07/01/2020,10:25:59,1649.3,1648.4,375,1649.75,375,0,677250
NIITTECH-I.NFO,07/01/2020,10:26:04,1649.3,1648.05,375,1649.3,375,0,677250
NIITTECH-I.NFO,07/01/2020,10:26:08,1649.3,1648.1,375,1649.3,375,0,677250
NIITTECH-I.NFO,07/01/2020,10:26:13,1649.3,1648,375,1649.25,375,0,677250
NIITTECH-I.NFO,07/01/2020,10:26:18,1649.3,1648.15,375,1649.25,375,0,677250
NIITTECH-I.NFO,07/01/2020,10:26:22,1649.3,1648.05,375,1649.7,375,0,677250
NIITTECH-I.NFO,07/01/2020,10:26:29,1649.3,1648.1,375,1649.8,375,0,677250
NIITTECH-I.NFO,07/01/2020,10:26:32,1649.3,1648.15,375,1649.85,375,0,677250
NIITTECH-I.NFO,07/01/2020,10:26:36,1649.3,1648.1,375,1649.85,375,0,677250
