Ticker,Date,Time,LTP,BuyPrice,BuyQty,SellPrice,SellQty,LTQ,OpenInterest
PEL-I.NFO,07/01/2020,09:15:02,1470,1462.65,309,1468.65,309,618,4383165
PEL-I.NFO,07/01/2020,09:15:02,1465,1462.65,309,1468.65,309,0,4383165
PEL-I.NFO,07/01/2020,09:15:02,1470,1462.65,309,1468.65,309,0,4383165
PEL-I.NFO,07/01/2020,09:15:02,1465,1462.65,309,1468.65,309,0,4383165
PEL-I.NFO,07/01/2020,09:15:03,1465,1462.65,309,1468.45,618,0,4383165
PEL-I.NFO,07/01/2020,09:15:05,1467.65,1465.6,927,1469,309,309,4383165
PEL-I.NFO,07/01/2020,09:15:06,1467.65,1468.3,309,1477.15,309,0,4383165
PEL-I.NFO,07/01/2020,09:15:07,1467.65,1471.8,309,1477.15,309,0,4383165
PEL-I.NFO,07/01/2020,09:15:08,1467.65,1472.4,309,1477.15,309,0,4383165
PEL-I.NFO,07/01/2020,09:15:09,1467.65,1473.5,309,1479.8,309,0,4383165
PEL-I.NFO,07/01/2020,09:15:10,1467.65,1474.85,309,1479.7,309,0,4383165
PEL-I.NFO,07/01/2020,09:15:11,1479.7,1474.65,618,1479.75,309,309,4383165
PEL-I.NFO,07/01/2020,09:15:11,1479.7,1474.65,618,1479.75,309,0,4383165
PEL-I.NFO,07/01/2020,09:15:12,1485.95,1476.5,618,1489,309,3399,4383165
PEL-I.NFO,07/01/2020,09:15:12,1485.95,1476.5,618,1489,309,0,4383165
PEL-I.NFO,07/01/2020,09:15:13,1484.6,1480.4,309,1488.9,618,618,4383165
PEL-I.NFO,07/01/2020,09:15:13,1488.75,1480.5,309,1488.8,309,309,4383165
PEL-I.NFO,07/01/2020,09:15:13,1488.75,1480.5,309,1488.8,309,0,4383165
PEL-I.NFO,07/01/2020,09:15:14,1488.5,1479.8,309,1488.5,618,927,4383165
PEL-I.NFO,07/01/2020,09:15:15,1486.6,1477.3,309,1488.9,309,618,4383165
PEL-I.NFO,07/01/2020,09:15:16,1477.3,1477.2,309,1488.75,618,309,4383165
PEL-I.NFO,07/01/2020,09:15:17,1488.65,1483.15,927,1488,309,618,4383165
PEL-I.NFO,07/01/2020,09:15:18,1483.15,1477.85,309,1487.3,309,309,4383165
PEL-I.NFO,07/01/2020,09:15:19,1483.15,1479.8,309,1486.75,618,0,4383165
PEL-I.NFO,07/01/2020,09:15:20,1483.15,1480.75,309,1486.45,618,0,4383165
PEL-I.NFO,07/01/2020,09:15:21,1487.65,1483.05,618,1487.65,309,927,4383165
PEL-I.NFO,07/01/2020,09:15:23,1483.05,1480.8,309,1485.05,309,927,4383165
PEL-I.NFO,07/01/2020,09:15:24,1484.2,1481.3,309,1486.55,309,618,4383165
PEL-I.NFO,07/01/2020,09:15:25,1481.25,1480.4,309,1483.05,309,618,4383165
PEL-I.NFO,07/01/2020,09:15:26,1483.4,1478.05,618,1484.25,309,309,4383165
PEL-I.NFO,07/01/2020,09:15:27,1480.5,1478.6,309,1484,618,927,4383165
PEL-I.NFO,07/01/2020,09:15:28,1481.3,1480.5,309,1483.6,309,927,4383165
PEL-I.NFO,07/01/2020,09:15:29,1484,1480.65,927,1484.85,309,1545,4383165
PEL-I.NFO,07/01/2020,09:15:30,1484.9,1480.65,927,1485,618,309,4383165
PEL-I.NFO,07/01/2020,09:15:31,1481.95,1480.8,618,1484.75,309,927,4383165
PEL-I.NFO,07/01/2020,09:15:31,1481.95,1480.8,618,1484.75,309,0,4383165
PEL-I.NFO,07/01/2020,09:15:32,1480.8,1479.3,309,1481.15,309,309,4383165
PEL-I.NFO,07/01/2020,09:15:33,1484.4,1479.55,309,1484.95,309,927,4383165
PEL-I.NFO,07/01/2020,09:15:34,1484.4,1481.2,309,1485,618,0,4383165
PEL-I.NFO,07/01/2020,09:15:35,1481.8,1480.8,309,1484.45,1236,927,4383165
PEL-I.NFO,07/01/2020,09:15:36,1484.25,1481.25,309,1484.65,309,309,4383165
PEL-I.NFO,07/01/2020,09:15:37,1481.7,1481,309,1483.65,309,309,4383165
PEL-I.NFO,07/01/2020,09:15:38,1481.7,1482,309,1484,309,0,4383165
PEL-I.NFO,07/01/2020,09:15:40,1483.95,1482.35,309,1483.95,309,309,4383165
PEL-I.NFO,07/01/2020,09:15:41,1482.85,1480.5,309,1482.9,309,1236,4383165
PEL-I.NFO,07/01/2020,09:15:42,1482.85,1480.4,309,1483.55,309,0,4383165
PEL-I.NFO,07/01/2020,09:15:43,1482,1480.6,309,1483.55,309,309,4383165
PEL-I.NFO,07/01/2020,09:15:44,1483.2,1483,309,1483.9,309,2781,4383165
PEL-I.NFO,07/01/2020,09:15:45,1483.9,1481,309,1483.95,309,618,4383165
PEL-I.NFO,07/01/2020,09:15:46,1483.1,1481.7,309,1484.6,309,1236,4383165
PEL-I.NFO,07/01/2020,09:15:47,1485,1483.45,309,1486.35,309,927,4383165
PEL-I.NFO,07/01/2020,09:15:48,1485,1484.2,309,1486.15,309,0,4383165
PEL-I.NFO,07/01/2020,09:15:49,1485.4,1485,309,1487.6,309,1236,4383165
PEL-I.NFO,07/01/2020,09:15:50,1487.3,1485.35,618,1487.75,309,309,4383165
PEL-I.NFO,07/01/2020,09:15:51,1485.65,1484.7,309,1487.65,618,309,4383165
PEL-I.NFO,07/01/2020,09:15:52,1484.75,1484.7,309,1486.7,618,618,4383165
PEL-I.NFO,07/01/2020,09:15:53,1484.75,1484.75,309,1487,309,0,4383165
PEL-I.NFO,07/01/2020,09:15:54,1484.75,1484.75,309,1486.9,618,0,4383165
PEL-I.NFO,07/01/2020,09:15:54,1484.75,1484.75,309,1486.8,309,0,4383165
PEL-I.NFO,07/01/2020,09:15:55,1487.8,1485.3,309,1487.35,309,1236,4383165
PEL-I.NFO,07/01/2020,09:15:56,1487.8,1485.4,309,1487.9,309,0,4383165
PEL-I.NFO,07/01/2020,09:15:57,1485.15,1484.7,309,1486.85,309,927,4383165
PEL-I.NFO,07/01/2020,09:15:59,1483.4,1481.75,618,1485,309,1854,4383165
PEL-I.NFO,07/01/2020,09:16:00,1484.55,1482.65,309,1485,309,309,4383165
PEL-I.NFO,07/01/2020,09:16:01,1485,1484.1,309,1486.2,309,309,4383165
PEL-I.NFO,07/01/2020,09:16:02,1486.95,1485.4,309,1487.8,309,927,4383165
PEL-I.NFO,07/01/2020,09:16:03,1488,1485.75,309,1488,309,618,4383165
PEL-I.NFO,07/01/2020,09:16:04,1485,1484.25,309,1486.4,309,927,4383165
PEL-I.NFO,07/01/2020,09:16:05,1486.4,1484.95,309,1487.35,309,309,4383165
PEL-I.NFO,07/01/2020,09:16:06,1486.4,1484.3,309,1487.75,309,0,4383165
PEL-I.NFO,07/01/2020,09:16:07,1487.65,1485.75,309,1487.65,309,2163,4383165
PEL-I.NFO,07/01/2020,09:16:08,1487.65,1485.35,309,1487.85,309,0,4383165
PEL-I.NFO,07/01/2020,09:16:09,1487.65,1485.95,309,1487.8,309,0,4383165
PEL-I.NFO,07/01/2020,09:16:10,1484.95,1485.15,309,1487.7,309,309,4383165
PEL-I.NFO,07/01/2020,09:16:11,1486.95,1486.05,618,1487.9,618,309,4383165
PEL-I.NFO,07/01/2020,09:16:12,1486.95,1486.25,309,1487.85,309,0,4383165
PEL-I.NFO,07/01/2020,09:16:13,1486.95,1485.9,618,1487.9,618,0,4383165
PEL-I.NFO,07/01/2020,09:16:14,1485.9,1485.9,309,1487,309,309,4383165
PEL-I.NFO,07/01/2020,09:16:15,1486.95,1486.25,309,1487,309,309,4383165
PEL-I.NFO,07/01/2020,09:16:15,1486.95,1486.25,309,1487,309,0,4383165
PEL-I.NFO,07/01/2020,09:16:16,1485.9,1484.95,309,1487.35,309,618,4383165
PEL-I.NFO,07/01/2020,09:16:17,1487.45,1485.3,309,1487.5,309,1236,4383165
PEL-I.NFO,07/01/2020,09:16:18,1487.45,1486.35,309,1487.85,309,0,4383165
PEL-I.NFO,07/01/2020,09:16:19,1487.45,1485.85,309,1487,309,0,4383165
PEL-I.NFO,07/01/2020,09:16:21,1487.45,1486.4,309,1487,309,0,4383165
PEL-I.NFO,07/01/2020,09:16:22,1486.9,1485.8,309,1487.9,309,927,4383165
PEL-I.NFO,07/01/2020,09:16:23,1487.9,1486.6,309,1487.95,309,309,4383165
PEL-I.NFO,07/01/2020,09:16:24,1488,1487.1,309,1488.7,309,618,4383165
PEL-I.NFO,07/01/2020,09:16:25,1488.7,1488.75,309,1488.95,618,309,4383165
PEL-I.NFO,07/01/2020,09:16:26,1488.7,1488.75,309,1488.95,618,0,4383165
PEL-I.NFO,07/01/2020,09:16:28,1488.75,1488.7,309,1488.95,618,309,4383165
PEL-I.NFO,07/01/2020,09:16:29,1488.75,1488.7,309,1488.95,618,0,4383165
PEL-I.NFO,07/01/2020,09:16:30,1488.75,1488.6,309,1488.95,618,0,4383165
PEL-I.NFO,07/01/2020,09:16:31,1488.75,1488.2,309,1488.95,618,0,4383165
PEL-I.NFO,07/01/2020,09:16:32,1488.2,1486.55,309,1488.9,309,309,4383165
PEL-I.NFO,07/01/2020,09:16:33,1488.9,1486.8,309,1488.9,309,309,4383165
PEL-I.NFO,07/01/2020,09:16:33,1488.9,1486.8,309,1488.9,309,0,4383165
PEL-I.NFO,07/01/2020,09:16:34,1488.9,1487.05,309,1488.9,309,0,4383165
PEL-I.NFO,07/01/2020,09:16:35,1488.9,1487.5,309,1488.95,618,0,4383165
PEL-I.NFO,07/01/2020,09:16:36,1488.9,1487.6,309,1488.95,618,0,4383165
PEL-I.NFO,07/01/2020,09:16:37,1486.7,1486.5,618,1488.6,309,927,4383165
PEL-I.NFO,07/01/2020,09:16:38,1488.25,1486.55,309,1488.35,309,309,4383165
PEL-I.NFO,07/01/2020,09:16:40,1488.35,1486.3,309,1488.15,309,309,4383165
PEL-I.NFO,07/01/2020,09:16:41,1486.3,1485.35,309,1487.75,309,618,4383165
PEL-I.NFO,07/01/2020,09:16:42,1486.3,1485.8,309,1487.95,309,618,4383165
PEL-I.NFO,07/01/2020,09:16:43,1486.3,1485.95,309,1488,618,0,4383165
PEL-I.NFO,07/01/2020,09:16:44,1486.3,1486.1,309,1488,618,0,4383165
PEL-I.NFO,07/01/2020,09:16:45,1486.3,1486.15,309,1487.85,309,0,4383165
PEL-I.NFO,07/01/2020,09:16:46,1486.3,1486.7,309,1487.85,309,0,4383165
PEL-I.NFO,07/01/2020,09:16:47,1488,1487.45,309,1488.8,309,618,4383165
PEL-I.NFO,07/01/2020,09:16:48,1488.8,1488.1,309,1488.95,618,309,4383165
PEL-I.NFO,07/01/2020,09:16:48,1488.8,1488.35,309,1488.95,618,0,4383165
PEL-I.NFO,07/01/2020,09:16:49,1489,1489,309,1489.9,309,1236,4383165
PEL-I.NFO,07/01/2020,09:16:49,1489,1489,309,1489.9,309,0,4383165
PEL-I.NFO,07/01/2020,09:16:50,1489.9,1489.2,309,1490,618,309,4383165
PEL-I.NFO,07/01/2020,09:16:50,1489.9,1489.2,309,1490,618,0,4383165
PEL-I.NFO,07/01/2020,09:16:51,1489.9,1488.95,309,1490,618,0,4383165
PEL-I.NFO,07/01/2020,09:16:53,1490,1489.1,309,1490,309,309,4383165
PEL-I.NFO,07/01/2020,09:16:53,1490,1489.1,309,1490,309,0,4383165
PEL-I.NFO,07/01/2020,09:16:54,1490,1489,309,1490,309,0,4383165
PEL-I.NFO,07/01/2020,09:16:55,1491.4,1491.3,309,1492.9,309,2163,4383165
PEL-I.NFO,07/01/2020,09:16:55,1491.4,1491.3,309,1492.9,309,0,4383165
PEL-I.NFO,07/01/2020,09:16:56,1492.9,1491.2,618,1492.95,309,309,4383165
PEL-I.NFO,07/01/2020,09:16:56,1492.9,1491.2,618,1492.95,309,0,4383165
PEL-I.NFO,07/01/2020,09:16:57,1492.9,1491.2,618,1492.95,309,0,4383165
PEL-I.NFO,07/01/2020,09:17:00,1492.9,1491.65,309,1492.95,309,0,4383165
PEL-I.NFO,07/01/2020,09:17:01,1492.6,1490.8,309,1492.7,309,618,4383165
PEL-I.NFO,07/01/2020,09:17:01,1492.6,1490.8,309,1492.5,309,0,4383165
PEL-I.NFO,07/01/2020,09:17:02,1492.6,1489.8,618,1491.2,309,0,4383165
PEL-I.NFO,07/01/2020,09:17:03,1492.5,1490.75,309,1492.5,309,618,4383165
PEL-I.NFO,07/01/2020,09:17:04,1492.95,1491.5,309,1493,309,618,4383165
PEL-I.NFO,07/01/2020,09:17:04,1492.95,1491.5,309,1493,309,0,4383165
PEL-I.NFO,07/01/2020,09:17:05,1492.95,1491.8,309,1493,309,0,4383165
PEL-I.NFO,07/01/2020,09:17:07,1491.8,1491.15,309,1493,309,309,4383165
PEL-I.NFO,07/01/2020,09:17:08,1491.8,1491.15,309,1492.9,309,0,4383165
PEL-I.NFO,07/01/2020,09:17:09,1492.9,1491.45,309,1493,309,309,4383165
PEL-I.NFO,07/01/2020,09:17:10,1493,1492.55,618,1494,618,618,4387491
PEL-I.NFO,07/01/2020,09:17:10,1493,1492.55,618,1494,618,0,4387491
PEL-I.NFO,07/01/2020,09:17:11,1493,1492.25,309,1494,618,0,4387491
PEL-I.NFO,07/01/2020,09:17:12,1492.2,1490.8,618,1493.35,309,618,4387491
PEL-I.NFO,07/01/2020,09:17:13,1492.2,1490.6,309,1492.95,309,0,4387491
PEL-I.NFO,07/01/2020,09:17:14,1493,1491.45,309,1493.4,309,618,4387491
PEL-I.NFO,07/01/2020,09:17:15,1493,1492.35,309,1493,309,0,4387491
PEL-I.NFO,07/01/2020,09:17:17,1492.45,1490.85,309,1493.35,309,1236,4387491
PEL-I.NFO,07/01/2020,09:17:17,1492.8,1491.95,309,1493.9,309,309,4387491
PEL-I.NFO,07/01/2020,09:17:19,1492.8,1491.5,309,1493,618,0,4387491
PEL-I.NFO,07/01/2020,09:17:20,1492.8,1490.6,309,1492.95,309,0,4387491
PEL-I.NFO,07/01/2020,09:17:21,1492.8,1490.45,309,1492.95,309,0,4387491
PEL-I.NFO,07/01/2020,09:17:22,1492.8,1490.85,309,1492.95,309,0,4387491
PEL-I.NFO,07/01/2020,09:17:23,1492.8,1490.65,309,1492.95,309,0,4387491
PEL-I.NFO,07/01/2020,09:17:24,1490.65,1490.25,309,1492.75,309,618,4387491
PEL-I.NFO,07/01/2020,09:17:25,1490.85,1490.45,309,1492.9,309,618,4387491
PEL-I.NFO,07/01/2020,09:17:25,1490.85,1490.55,309,1492.95,309,0,4387491
PEL-I.NFO,07/01/2020,09:17:27,1493,1492.7,309,1494,618,927,4387491
PEL-I.NFO,07/01/2020,09:17:28,1492,1490.65,309,1493.55,309,309,4387491
PEL-I.NFO,07/01/2020,09:17:29,1492,1491,309,1493.2,309,0,4387491
PEL-I.NFO,07/01/2020,09:17:30,1492,1490.95,309,1493,309,0,4387491
PEL-I.NFO,07/01/2020,09:17:31,1492,1490.45,1545,1492.2,309,0,4387491
PEL-I.NFO,07/01/2020,09:17:32,1492,1490.45,1545,1492,309,0,4387491
PEL-I.NFO,07/01/2020,09:17:33,1492,1490.45,1545,1491.85,309,0,4387491
PEL-I.NFO,07/01/2020,09:17:34,1492,1490.45,1545,1492,309,0,4387491
PEL-I.NFO,07/01/2020,09:17:35,1491.85,1490.45,1545,1491.6,309,309,4387491
PEL-I.NFO,07/01/2020,09:17:36,1491.25,1490.55,309,1492,309,927,4387491
PEL-I.NFO,07/01/2020,09:17:37,1491.25,1490.45,1236,1491.95,309,0,4387491
PEL-I.NFO,07/01/2020,09:17:38,1490.45,1489.3,309,1491.5,309,1854,4387491
PEL-I.NFO,07/01/2020,09:17:39,1490,1489.1,309,1491.35,309,309,4387491
PEL-I.NFO,07/01/2020,09:17:40,1490,1489,309,1490.9,309,0,4387491
PEL-I.NFO,07/01/2020,09:17:41,1490,1489,618,1490.95,618,0,4387491
PEL-I.NFO,07/01/2020,09:17:42,1489,1488.95,309,1490.85,309,309,4387491
PEL-I.NFO,07/01/2020,09:17:43,1489,1489,309,1490.7,309,309,4387491
PEL-I.NFO,07/01/2020,09:17:44,1489,1488.95,309,1490.45,309,0,4387491
PEL-I.NFO,07/01/2020,09:17:45,1489.45,1488.9,3090,1490,309,618,4387491
PEL-I.NFO,07/01/2020,09:17:46,1490,1489,618,1490.8,309,309,4387491
PEL-I.NFO,07/01/2020,09:17:47,1490,1489,309,1490.75,309,0,4387491
PEL-I.NFO,07/01/2020,09:17:48,1489,1488.9,3090,1490.65,309,309,4387491
PEL-I.NFO,07/01/2020,09:17:49,1489,1489.1,309,1490.75,309,0,4387491
PEL-I.NFO,07/01/2020,09:17:50,1489,1488.9,3090,1490.45,309,618,4387491
PEL-I.NFO,07/01/2020,09:17:51,1489,1488.9,3090,1490.55,309,0,4387491
PEL-I.NFO,07/01/2020,09:17:52,1490.75,1490,618,1490.8,309,309,4387491
PEL-I.NFO,07/01/2020,09:17:53,1490,1488.15,309,1489.75,309,618,4387491
PEL-I.NFO,07/01/2020,09:17:54,1490,1488.15,309,1489.85,309,0,4387491
PEL-I.NFO,07/01/2020,09:17:55,1490,1487.95,309,1490.75,618,0,4387491
PEL-I.NFO,07/01/2020,09:17:56,1490,1489.05,309,1490.75,309,309,4387491
PEL-I.NFO,07/01/2020,09:17:57,1486.4,1484.7,309,1486.9,309,1854,4387491
PEL-I.NFO,07/01/2020,09:17:58,1488,1486.8,309,1489.3,309,2472,4387491
PEL-I.NFO,07/01/2020,09:17:59,1487.95,1486.55,309,1488.75,309,618,4387491
PEL-I.NFO,07/01/2020,09:18:00,1488.95,1486.1,309,1489,309,309,4387491
PEL-I.NFO,07/01/2020,09:18:01,1488.95,1487.35,309,1489,309,0,4387491
PEL-I.NFO,07/01/2020,09:18:03,1489.75,1488.35,309,1489.95,927,927,4387491
PEL-I.NFO,07/01/2020,09:18:04,1488.55,1487.75,309,1489.95,927,309,4387491
PEL-I.NFO,07/01/2020,09:18:05,1487.75,1487.55,309,1489.9,309,309,4387491
PEL-I.NFO,07/01/2020,09:18:06,1490,1488.2,618,1490,927,1545,4387491
PEL-I.NFO,07/01/2020,09:18:07,1488.3,1488.1,309,1490,927,309,4387491
PEL-I.NFO,07/01/2020,09:18:08,1488.15,1488.15,618,1490,927,309,4387491
PEL-I.NFO,07/01/2020,09:18:09,1490,1488.8,618,1490.8,309,927,4387491
PEL-I.NFO,07/01/2020,09:18:10,1490,1488.45,309,1490.75,309,0,4387491
PEL-I.NFO,07/01/2020,09:18:11,1490.8,1489.5,309,1492.2,618,309,4387491
PEL-I.NFO,07/01/2020,09:18:12,1489.65,1489.4,309,1491.75,309,618,4387491
PEL-I.NFO,07/01/2020,09:18:13,1491.25,1489.9,309,1492.4,309,309,4387491
PEL-I.NFO,07/01/2020,09:18:14,1491.25,1490.1,309,1492.45,309,0,4387491
PEL-I.NFO,07/01/2020,09:18:15,1492,1490.05,309,1492.45,309,309,4387491
PEL-I.NFO,07/01/2020,09:18:16,1492,1490.55,309,1492.45,309,0,4387491
PEL-I.NFO,07/01/2020,09:18:17,1492,1490,309,1492.4,309,0,4387491
PEL-I.NFO,07/01/2020,09:18:18,1492.45,1491.5,309,1493.7,309,309,4387491
PEL-I.NFO,07/01/2020,09:18:19,1492.45,1491.1,309,1493.55,309,0,4387491
PEL-I.NFO,07/01/2020,09:18:20,1493.25,1491.7,309,1493.95,309,309,4387491
PEL-I.NFO,07/01/2020,09:18:20,1493.25,1491.7,309,1493.95,309,0,4387491
PEL-I.NFO,07/01/2020,09:18:21,1493.25,1492.2,309,1493.95,309,0,4387491
PEL-I.NFO,07/01/2020,09:18:22,1492.7,1491.25,309,1493.7,309,309,4387491
PEL-I.NFO,07/01/2020,09:18:23,1492.7,1491.85,309,1493.85,309,0,4387491
PEL-I.NFO,07/01/2020,09:18:24,1492,1491.65,309,1493.8,309,309,4387491
PEL-I.NFO,07/01/2020,09:18:25,1492,1491.8,309,1493.5,309,0,4387491
PEL-I.NFO,07/01/2020,09:18:26,1492,1491.9,309,1493.7,309,0,4387491
PEL-I.NFO,07/01/2020,09:18:28,1491.75,1491.75,309,1493.55,309,927,4387491
PEL-I.NFO,07/01/2020,09:18:29,1491.75,1491.75,309,1493.55,309,0,4387491
PEL-I.NFO,07/01/2020,09:18:30,1491.75,1491.45,309,1493.45,309,309,4387491
PEL-I.NFO,07/01/2020,09:18:31,1491.75,1491.45,309,1492.85,309,0,4387491
PEL-I.NFO,07/01/2020,09:18:32,1491.75,1491.45,309,1492.65,309,0,4387491
PEL-I.NFO,07/01/2020,09:18:33,1492.45,1491.45,309,1492.55,309,309,4387491
PEL-I.NFO,07/01/2020,09:18:34,1491.45,1490,309,1491.3,309,309,4387491
PEL-I.NFO,07/01/2020,09:18:35,1491.45,1490,309,1491.45,309,0,4387491
PEL-I.NFO,07/01/2020,09:18:37,1490,1489.4,309,1491.25,309,309,4387491
PEL-I.NFO,07/01/2020,09:18:38,1490,1489.65,618,1491.6,309,0,4387491
PEL-I.NFO,07/01/2020,09:18:39,1490,1489.65,309,1491.6,309,0,4387491
PEL-I.NFO,07/01/2020,09:18:40,1490,1489.4,309,1491.4,309,0,4387491
PEL-I.NFO,07/01/2020,09:18:41,1490,1490,309,1491.1,309,0,4387491
PEL-I.NFO,07/01/2020,09:18:42,1490,1490,309,1491.4,309,0,4387491
PEL-I.NFO,07/01/2020,09:18:43,1490,1489.15,309,1491.1,309,309,4387491
PEL-I.NFO,07/01/2020,09:18:44,1490,1488.65,618,1489.9,309,0,4387491
PEL-I.NFO,07/01/2020,09:18:45,1490,1488.6,309,1489.9,309,0,4387491
PEL-I.NFO,07/01/2020,09:18:47,1490,1488.25,309,1489.85,309,0,4387491
PEL-I.NFO,07/01/2020,09:18:50,1490,1488.2,309,1489.7,309,0,4387491
PEL-I.NFO,07/01/2020,09:18:52,1490,1488.85,309,1491,309,927,4387491
PEL-I.NFO,07/01/2020,09:18:53,1490,1490,309,1490.95,309,0,4387491
PEL-I.NFO,07/01/2020,09:18:56,1490,1489.05,309,1490.95,309,927,4387491
PEL-I.NFO,07/01/2020,09:18:57,1488.75,1488.7,309,1490.85,618,618,4387491
PEL-I.NFO,07/01/2020,09:18:58,1488.75,1488.2,309,1489.95,309,0,4387491
PEL-I.NFO,07/01/2020,09:18:59,1488.75,1488.2,309,1490,618,0,4387491
PEL-I.NFO,07/01/2020,09:19:01,1491,1489.85,309,1491.75,618,927,4387491
PEL-I.NFO,07/01/2020,09:19:03,1491,1489.7,309,1491.45,309,0,4387491
PEL-I.NFO,07/01/2020,09:19:04,1491.65,1490.15,309,1491.75,618,1236,4387491
PEL-I.NFO,07/01/2020,09:19:05,1491.65,1490.4,309,1491.75,618,0,4387491
PEL-I.NFO,07/01/2020,09:19:06,1491.65,1490.15,927,1491.7,309,0,4387491
PEL-I.NFO,07/01/2020,09:19:07,1491.65,1490.15,927,1491.75,618,0,4387491
PEL-I.NFO,07/01/2020,09:19:08,1491,1490.45,309,1491.75,618,309,4387491
PEL-I.NFO,07/01/2020,09:19:09,1491.75,1490.85,309,1492,309,618,4387491
PEL-I.NFO,07/01/2020,09:19:10,1491.75,1491,927,1492,309,0,4387491
PEL-I.NFO,07/01/2020,09:19:11,1491.95,1490.45,309,1492,309,618,4387491
PEL-I.NFO,07/01/2020,09:19:12,1491.15,1491.05,618,1492,618,309,4387491
PEL-I.NFO,07/01/2020,09:19:13,1492,1491.8,309,1493,618,618,4387491
PEL-I.NFO,07/01/2020,09:19:14,1492,1491.7,618,1493,618,0,4387491
PEL-I.NFO,07/01/2020,09:19:15,1493,1492.1,618,1493.9,309,927,4387491
PEL-I.NFO,07/01/2020,09:19:16,1494.95,1493.6,309,1495,3090,2472,4387491
PEL-I.NFO,07/01/2020,09:19:16,1494.95,1493.6,309,1495,3090,0,4387491
PEL-I.NFO,07/01/2020,09:19:17,1496,1494.25,309,1497.15,309,3708,4387491
PEL-I.NFO,07/01/2020,09:19:17,1496,1494.25,309,1497.15,309,0,4387491
PEL-I.NFO,07/01/2020,09:19:18,1494.7,1494.4,618,1496.65,309,618,4387491
PEL-I.NFO,07/01/2020,09:19:19,1494.7,1494.7,309,1496.9,309,0,4387491
PEL-I.NFO,07/01/2020,09:19:20,1494.7,1493.85,309,1496.55,309,0,4387491
PEL-I.NFO,07/01/2020,09:19:21,1494.7,1494.35,309,1497,309,0,4387491
PEL-I.NFO,07/01/2020,09:19:22,1494.7,1494.4,309,1496.9,309,0,4387491
PEL-I.NFO,07/01/2020,09:19:23,1494.7,1494.2,309,1496.95,309,0,4387491
PEL-I.NFO,07/01/2020,09:19:24,1494.7,1494.2,309,1496.8,309,0,4387491
PEL-I.NFO,07/01/2020,09:19:25,1494.7,1494,309,1496.55,309,0,4387491
PEL-I.NFO,07/01/2020,09:19:26,1494.45,1493.4,618,1495.85,309,309,4387491
PEL-I.NFO,07/01/2020,09:19:27,1495.7,1494,309,1496.35,309,618,4387491
PEL-I.NFO,07/01/2020,09:19:28,1495.7,1493.55,309,1496.1,309,0,4387491
PEL-I.NFO,07/01/2020,09:19:29,1495.7,1493.6,309,1495.65,309,0,4387491
PEL-I.NFO,07/01/2020,09:19:32,1495.7,1493.55,309,1495.9,309,0,4387491
PEL-I.NFO,07/01/2020,09:19:33,1495.7,1493.45,309,1495.65,618,0,4387491
PEL-I.NFO,07/01/2020,09:19:34,1495.7,1493.45,309,1495,309,0,4387491
PEL-I.NFO,07/01/2020,09:19:35,1495.7,1493.5,618,1494.95,309,0,4387491
PEL-I.NFO,07/01/2020,09:19:36,1494.5,1493.65,309,1495.45,309,2163,4387491
PEL-I.NFO,07/01/2020,09:19:37,1494.5,1493.65,309,1495.5,309,0,4387491
PEL-I.NFO,07/01/2020,09:19:38,1494.5,1493.65,309,1495.45,309,0,4387491
PEL-I.NFO,07/01/2020,09:19:39,1495.8,1494.6,618,1496,309,927,4387491
PEL-I.NFO,07/01/2020,09:19:40,1494.6,1494.65,309,1496,309,309,4387491
PEL-I.NFO,07/01/2020,09:19:41,1494.6,1494.65,309,1496,309,0,4387491
PEL-I.NFO,07/01/2020,09:19:43,1494.6,1494.6,309,1495.95,309,0,4387491
PEL-I.NFO,07/01/2020,09:19:44,1494.6,1495.05,309,1495.6,309,309,4387491
PEL-I.NFO,07/01/2020,09:19:45,1494.6,1495.05,309,1495.6,309,0,4387491
PEL-I.NFO,07/01/2020,09:19:46,1495.05,1495,1236,1495.6,309,309,4387491
PEL-I.NFO,07/01/2020,09:19:47,1495.05,1495,1236,1495.6,309,0,4387491
PEL-I.NFO,07/01/2020,09:19:50,1495.05,1495,1236,1495.45,309,0,4387491
PEL-I.NFO,07/01/2020,09:19:52,1495,1495,927,1495.55,309,309,4387491
PEL-I.NFO,07/01/2020,09:19:53,1495,1495,618,1495.55,309,618,4387491
PEL-I.NFO,07/01/2020,09:19:54,1495,1495,618,1495.4,309,0,4387491
PEL-I.NFO,07/01/2020,09:19:55,1495.55,1495,618,1495.65,309,309,4387491
PEL-I.NFO,07/01/2020,09:19:56,1495.55,1495,618,1495.65,309,0,4387491
PEL-I.NFO,07/01/2020,09:19:58,1495,1494.3,309,1495.7,309,618,4387491
PEL-I.NFO,07/01/2020,09:19:59,1494.3,1494.65,309,1495.7,309,309,4387491
PEL-I.NFO,07/01/2020,09:20:00,1494.3,1494.5,309,1495.65,309,0,4387491
PEL-I.NFO,07/01/2020,09:20:01,1494.3,1494.75,309,1495.7,309,0,4387491
PEL-I.NFO,07/01/2020,09:20:03,1496.7,1496.6,309,1497.95,309,2781,4387491
PEL-I.NFO,07/01/2020,09:20:03,1497.8,1496.6,309,1497.95,309,0,4387491
PEL-I.NFO,07/01/2020,09:20:04,1496.7,1496.75,309,1497.9,618,0,4387491
PEL-I.NFO,07/01/2020,09:20:06,1496.7,1496.05,309,1497.8,309,0,4387491
PEL-I.NFO,07/01/2020,09:20:07,1496.7,1495.95,309,1497.75,309,0,4387491
PEL-I.NFO,07/01/2020,09:20:08,1496,1495.9,309,1497.5,309,618,4387491
PEL-I.NFO,07/01/2020,09:20:09,1496,1495.4,309,1497.2,309,0,4387491
PEL-I.NFO,07/01/2020,09:20:10,1495.7,1495.55,309,1497.1,309,309,4388727
PEL-I.NFO,07/01/2020,09:20:11,1495.7,1495.2,309,1497.45,309,0,4388727
PEL-I.NFO,07/01/2020,09:20:12,1497.05,1496.05,309,1497.85,309,618,4388727
PEL-I.NFO,07/01/2020,09:20:13,1497.05,1496.05,309,1497.8,309,0,4388727
PEL-I.NFO,07/01/2020,09:20:14,1497.05,1496.35,309,1497.8,309,0,4388727
PEL-I.NFO,07/01/2020,09:20:15,1497.05,1496.45,309,1497.8,309,0,4388727
PEL-I.NFO,07/01/2020,09:20:16,1497.05,1496.25,309,1497.65,309,0,4388727
PEL-I.NFO,07/01/2020,09:20:17,1497.05,1496.05,309,1497.45,309,0,4388727
PEL-I.NFO,07/01/2020,09:20:18,1497.05,1496.2,309,1497.45,309,0,4388727
PEL-I.NFO,07/01/2020,09:20:19,1497.05,1496,309,1497.45,309,0,4388727
PEL-I.NFO,07/01/2020,09:20:22,1497.05,1495.75,309,1497.35,309,0,4388727
PEL-I.NFO,07/01/2020,09:20:23,1497.05,1495.95,309,1497.4,309,0,4388727
PEL-I.NFO,07/01/2020,09:20:24,1495.7,1495.65,309,1496.85,309,1236,4388727
PEL-I.NFO,07/01/2020,09:20:25,1495.7,1495.65,309,1496.85,309,0,4388727
PEL-I.NFO,07/01/2020,09:20:26,1496.85,1495.7,309,1496.75,309,309,4388727
PEL-I.NFO,07/01/2020,09:20:27,1496.85,1495.7,309,1496.75,309,0,4388727
PEL-I.NFO,07/01/2020,09:20:28,1496.85,1495.7,309,1496.8,309,0,4388727
PEL-I.NFO,07/01/2020,09:20:30,1496.4,1495.45,309,1496.75,309,618,4388727
PEL-I.NFO,07/01/2020,09:20:31,1496.75,1495.75,309,1496.8,309,618,4388727
PEL-I.NFO,07/01/2020,09:20:32,1496.8,1496.75,309,1497.45,309,309,4388727
PEL-I.NFO,07/01/2020,09:20:33,1497.45,1496.8,309,1497.5,618,309,4388727
PEL-I.NFO,07/01/2020,09:20:34,1497.45,1497.2,309,1497.5,618,0,4388727
PEL-I.NFO,07/01/2020,09:20:35,1497.55,1496.75,309,1497.9,309,1236,4388727
PEL-I.NFO,07/01/2020,09:20:36,1497.55,1496.75,309,1497.9,309,0,4388727
PEL-I.NFO,07/01/2020,09:20:39,1497.55,1496.75,309,1497.95,927,0,4388727
PEL-I.NFO,07/01/2020,09:20:40,1497.55,1496.75,309,1497.9,309,0,4388727
PEL-I.NFO,07/01/2020,09:20:42,1496.65,1496.1,309,1497,309,309,4388727
PEL-I.NFO,07/01/2020,09:20:44,1496.65,1496.1,309,1497,309,0,4388727
PEL-I.NFO,07/01/2020,09:20:53,1496.4,1496,309,1497,309,309,4388727
PEL-I.NFO,07/01/2020,09:20:54,1496.4,1496.05,309,1496.75,927,0,4388727
PEL-I.NFO,07/01/2020,09:20:56,1496.05,1496,309,1496.75,927,309,4388727
PEL-I.NFO,07/01/2020,09:20:57,1496.05,1496,309,1496.7,309,0,4388727
PEL-I.NFO,07/01/2020,09:20:59,1496.05,1496,309,1496.7,618,0,4388727
PEL-I.NFO,07/01/2020,09:21:00,1496.05,1496,309,1496.65,309,0,4388727
PEL-I.NFO,07/01/2020,09:21:01,1495.6,1494.8,309,1495.95,309,618,4388727
PEL-I.NFO,07/01/2020,09:21:02,1495.6,1495.05,618,1496,309,0,4388727
PEL-I.NFO,07/01/2020,09:21:03,1495.6,1494.85,309,1495.95,309,0,4388727
PEL-I.NFO,07/01/2020,09:21:05,1496,1495.1,927,1496.65,309,927,4388727
PEL-I.NFO,07/01/2020,09:21:06,1496.05,1495.85,309,1497,618,1236,4388727
PEL-I.NFO,07/01/2020,09:21:07,1496.05,1495.85,309,1497,618,0,4388727
PEL-I.NFO,07/01/2020,09:21:08,1497.05,1496.55,309,1497.9,309,1236,4388727
PEL-I.NFO,07/01/2020,09:21:09,1497.05,1496.25,309,1497.85,309,0,4388727
PEL-I.NFO,07/01/2020,09:21:10,1497.05,1496.6,927,1497.95,618,0,4388727
PEL-I.NFO,07/01/2020,09:21:11,1496.7,1497.1,618,1497.95,618,309,4388727
PEL-I.NFO,07/01/2020,09:21:12,1500.85,1499.05,309,1500,1236,9888,4388727
PEL-I.NFO,07/01/2020,09:21:12,1502,1499.05,309,1500,1236,0,4388727
PEL-I.NFO,07/01/2020,09:21:13,1500.85,1499.15,309,1500,1236,0,4388727
PEL-I.NFO,07/01/2020,09:21:14,1500,1498.5,309,1500,1236,309,4388727
PEL-I.NFO,07/01/2020,09:21:15,1498.35,1498.2,309,1499.7,309,618,4388727
PEL-I.NFO,07/01/2020,09:21:16,1498.35,1497.75,309,1499.5,309,0,4388727
PEL-I.NFO,07/01/2020,09:21:17,1499.5,1499.05,309,1500,1236,309,4388727
PEL-I.NFO,07/01/2020,09:21:18,1499.5,1499.15,618,1500,1236,0,4388727
PEL-I.NFO,07/01/2020,09:21:20,1499.5,1499.25,618,1500,1236,0,4388727
PEL-I.NFO,07/01/2020,09:21:21,1499.25,1499.25,309,1499.85,309,309,4388727
PEL-I.NFO,07/01/2020,09:21:22,1499.25,1499.25,309,1499.85,309,0,4388727
PEL-I.NFO,07/01/2020,09:21:23,1498.2,1498.15,309,1499.65,309,618,4388727
PEL-I.NFO,07/01/2020,09:21:24,1499.85,1498.15,309,1499.5,309,618,4388727
PEL-I.NFO,07/01/2020,09:21:25,1499.85,1498.3,309,1499.5,309,0,4388727
PEL-I.NFO,07/01/2020,09:21:26,1499.85,1498.3,309,1499.8,309,0,4388727
PEL-I.NFO,07/01/2020,09:21:27,1499.85,1498.4,309,1499.65,309,0,4388727
PEL-I.NFO,07/01/2020,09:21:28,1499.5,1498.45,309,1499.85,309,309,4388727
PEL-I.NFO,07/01/2020,09:21:29,1499.5,1498.75,309,1500,2472,0,4388727
PEL-I.NFO,07/01/2020,09:21:30,1499.5,1499.25,309,1500,2472,0,4388727
PEL-I.NFO,07/01/2020,09:21:31,1499.5,1498.85,309,1500,2472,0,4388727
PEL-I.NFO,07/01/2020,09:21:32,1498.45,1498.35,309,1499.2,309,309,4388727
PEL-I.NFO,07/01/2020,09:21:33,1498.45,1498.35,309,1499,309,0,4388727
PEL-I.NFO,07/01/2020,09:21:37,1498.45,1498.4,309,1499,618,0,4388727
PEL-I.NFO,07/01/2020,09:21:41,1499.25,1498.65,309,1500,2472,1236,4388727
PEL-I.NFO,07/01/2020,09:21:42,1499.25,1498.65,309,1499.95,309,0,4388727
PEL-I.NFO,07/01/2020,09:21:43,1499,1498.7,309,1500,2472,309,4388727
PEL-I.NFO,07/01/2020,09:21:44,1500,1498.65,618,1500,2163,309,4388727
PEL-I.NFO,07/01/2020,09:21:45,1500.5,1500.15,309,1501.7,309,2781,4388727
PEL-I.NFO,07/01/2020,09:21:46,1500.5,1500.1,309,1501.65,309,0,4388727
PEL-I.NFO,07/01/2020,09:21:47,1500.1,1499.1,309,1499.9,309,618,4388727
PEL-I.NFO,07/01/2020,09:21:48,1500.1,1499.1,309,1499.9,309,0,4388727
PEL-I.NFO,07/01/2020,09:21:49,1500.1,1498.75,309,1499.9,309,0,4388727
PEL-I.NFO,07/01/2020,09:21:50,1500.1,1498.6,309,1499.9,309,0,4388727
PEL-I.NFO,07/01/2020,09:21:51,1500.1,1498.55,309,1499.75,309,0,4388727
PEL-I.NFO,07/01/2020,09:21:52,1500.1,1499,309,1499.9,309,0,4388727
PEL-I.NFO,07/01/2020,09:21:53,1500,1499.05,309,1500.75,309,618,4388727
PEL-I.NFO,07/01/2020,09:21:54,1499,1498.45,309,1499.7,309,618,4388727
PEL-I.NFO,07/01/2020,09:21:55,1499,1498.45,309,1499.4,309,0,4388727
PEL-I.NFO,07/01/2020,09:21:57,1499,1499,309,1500.15,309,0,4388727
PEL-I.NFO,07/01/2020,09:21:58,1499.1,1499,309,1500.55,309,618,4388727
PEL-I.NFO,07/01/2020,09:21:59,1499.1,1499,309,1500.9,309,0,4388727
PEL-I.NFO,07/01/2020,09:22:00,1499.6,1499.6,309,1499.95,309,1236,4388727
PEL-I.NFO,07/01/2020,09:22:01,1500,1499.6,309,1500,618,618,4388727
PEL-I.NFO,07/01/2020,09:22:02,1500,1499.6,309,1500,618,0,4388727
PEL-I.NFO,07/01/2020,09:22:03,1500,1499.65,309,1500,618,0,4388727
PEL-I.NFO,07/01/2020,09:22:04,1499.65,1499.65,309,1500,618,309,4388727
PEL-I.NFO,07/01/2020,09:22:05,1499.65,1499.65,309,1500,618,0,4388727
PEL-I.NFO,07/01/2020,09:22:06,1500,1499.75,309,1501.45,309,1545,4388727
PEL-I.NFO,07/01/2020,09:22:07,1500,1500,618,1501.45,309,0,4388727
PEL-I.NFO,07/01/2020,09:22:08,1500,1499.6,618,1500,309,927,4388727
PEL-I.NFO,07/01/2020,09:22:09,1499.6,1499.1,309,1499.8,309,618,4388727
PEL-I.NFO,07/01/2020,09:22:10,1498.85,1498.45,309,1499.65,309,927,4388727
PEL-I.NFO,07/01/2020,09:22:11,1498.85,1498.45,309,1499.65,309,0,4388727
PEL-I.NFO,07/01/2020,09:22:12,1498.45,1497.55,618,1499.35,309,309,4388727
PEL-I.NFO,07/01/2020,09:22:13,1498.45,1497.65,618,1499.2,309,0,4388727
PEL-I.NFO,07/01/2020,09:22:14,1498.45,1497.45,309,1498.35,309,0,4388727
PEL-I.NFO,07/01/2020,09:22:15,1498.45,1497.45,309,1498.65,309,0,4388727
PEL-I.NFO,07/01/2020,09:22:16,1498.45,1497.45,309,1498.5,309,0,4388727
PEL-I.NFO,07/01/2020,09:22:17,1497.45,1497.2,927,1498.85,309,309,4388727
PEL-I.NFO,07/01/2020,09:22:18,1497.35,1497.1,309,1498.65,309,618,4388727
PEL-I.NFO,07/01/2020,09:22:19,1497.35,1497.1,309,1498.45,309,0,4388727
PEL-I.NFO,07/01/2020,09:22:20,1497.35,1497.2,309,1498.9,309,0,4388727
PEL-I.NFO,07/01/2020,09:22:21,1497.35,1497.2,309,1498.4,309,0,4388727
PEL-I.NFO,07/01/2020,09:22:22,1497.35,1497.2,309,1498.7,309,0,4388727
PEL-I.NFO,07/01/2020,09:22:24,1497.35,1497.2,309,1498.25,309,0,4388727
PEL-I.NFO,07/01/2020,09:22:25,1497.35,1497.2,309,1498.4,309,0,4388727
PEL-I.NFO,07/01/2020,09:22:26,1497.1,1496.3,309,1498.15,309,618,4388727
PEL-I.NFO,07/01/2020,09:22:27,1497.1,1495.8,309,1496.9,309,0,4388727
PEL-I.NFO,07/01/2020,09:22:29,1495.8,1496.8,309,1498.95,309,1545,4388727
PEL-I.NFO,07/01/2020,09:22:30,1495.8,1497,309,1498.85,309,0,4388727
PEL-I.NFO,07/01/2020,09:22:31,1495.8,1496.9,309,1498.3,309,0,4388727
PEL-I.NFO,07/01/2020,09:22:32,1495.8,1496.4,309,1498.5,309,0,4388727
PEL-I.NFO,07/01/2020,09:22:33,1495.8,1496.45,309,1497.75,309,0,4388727
PEL-I.NFO,07/01/2020,09:22:34,1495.8,1496.5,309,1498.35,309,0,4388727
PEL-I.NFO,07/01/2020,09:22:35,1495.8,1496.4,309,1498.3,309,0,4388727
PEL-I.NFO,07/01/2020,09:22:36,1495.8,1496.55,309,1498.2,309,0,4388727
PEL-I.NFO,07/01/2020,09:22:37,1495.8,1496.55,309,1498.3,309,0,4388727
PEL-I.NFO,07/01/2020,09:22:38,1495.8,1496.55,309,1498.35,309,0,4388727
PEL-I.NFO,07/01/2020,09:22:39,1495.8,1495.85,309,1497.7,309,0,4388727
PEL-I.NFO,07/01/2020,09:22:40,1495.8,1497.25,309,1499.35,309,0,4388727
PEL-I.NFO,07/01/2020,09:22:41,1499.35,1497.5,309,1499.4,309,309,4388727
PEL-I.NFO,07/01/2020,09:22:42,1499.35,1497.3,309,1499.15,309,0,4388727
PEL-I.NFO,07/01/2020,09:22:43,1499.35,1498.6,309,1499.9,309,0,4388727
PEL-I.NFO,07/01/2020,09:22:44,1499.35,1498.4,309,1499.8,309,0,4388727
PEL-I.NFO,07/01/2020,09:22:45,1499.35,1498.05,309,1499.6,309,0,4388727
PEL-I.NFO,07/01/2020,09:22:47,1499.35,1498.2,309,1499.7,309,0,4388727
PEL-I.NFO,07/01/2020,09:22:48,1499.35,1497.45,309,1499.2,309,0,4388727
PEL-I.NFO,07/01/2020,09:22:49,1499.35,1497.15,309,1498.95,309,0,4388727
PEL-I.NFO,07/01/2020,09:22:50,1499.35,1497.15,309,1499,309,0,4388727
PEL-I.NFO,07/01/2020,09:22:51,1499.35,1497.15,309,1498.85,309,0,4388727
PEL-I.NFO,07/01/2020,09:22:52,1497.15,1497.25,309,1498.8,309,309,4388727
PEL-I.NFO,07/01/2020,09:22:53,1497.15,1497.25,309,1498.8,309,0,4388727
PEL-I.NFO,07/01/2020,09:22:54,1497.15,1497.25,309,1498.15,309,0,4388727
PEL-I.NFO,07/01/2020,09:22:57,1497.15,1497.25,309,1497.9,309,0,4388727
PEL-I.NFO,07/01/2020,09:22:58,1497.15,1496.4,927,1497.9,309,0,4388727
PEL-I.NFO,07/01/2020,09:23:00,1497.9,1496.45,309,1498,309,309,4388727
PEL-I.NFO,07/01/2020,09:23:01,1497.9,1496.45,309,1498,309,0,4388727
PEL-I.NFO,07/01/2020,09:23:02,1497.9,1497.15,309,1498,309,0,4388727
PEL-I.NFO,07/01/2020,09:23:05,1498,1497.95,309,1499.65,309,309,4388727
PEL-I.NFO,07/01/2020,09:23:06,1498,1498.15,309,1499.8,309,0,4388727
PEL-I.NFO,07/01/2020,09:23:07,1497.8,1497.35,618,1499.15,309,309,4388727
PEL-I.NFO,07/01/2020,09:23:08,1497.8,1497.15,309,1498.75,309,0,4388727
PEL-I.NFO,07/01/2020,09:23:09,1497.8,1497.15,309,1498.7,309,0,4388727
PEL-I.NFO,07/01/2020,09:23:10,1497.8,1497.15,309,1498.65,309,0,4388727
PEL-I.NFO,07/01/2020,09:23:11,1497.8,1497.15,309,1498.4,309,0,4388727
PEL-I.NFO,07/01/2020,09:23:12,1497.8,1497.15,309,1497.85,309,0,4388727
PEL-I.NFO,07/01/2020,09:23:14,1497.8,1497.15,309,1498,309,0,4388727
PEL-I.NFO,07/01/2020,09:23:15,1497.8,1497.2,309,1498,309,0,4388727
PEL-I.NFO,07/01/2020,09:23:16,1497.2,1495.85,618,1497.05,309,309,4389963
PEL-I.NFO,07/01/2020,09:23:17,1497.2,1495.85,618,1497.05,309,0,4389963
PEL-I.NFO,07/01/2020,09:23:23,1497.2,1497.1,309,1499.55,309,927,4389963
PEL-I.NFO,07/01/2020,09:23:24,1497.2,1497.4,309,1499.45,309,0,4389963
PEL-I.NFO,07/01/2020,09:23:25,1497.2,1497,618,1499.25,309,0,4389963
PEL-I.NFO,07/01/2020,09:23:26,1497.2,1496.95,927,1499.15,309,0,4389963
PEL-I.NFO,07/01/2020,09:23:27,1497.2,1497.3,309,1499.45,309,0,4389963
PEL-I.NFO,07/01/2020,09:23:28,1497.2,1497.2,309,1499.35,309,0,4389963
PEL-I.NFO,07/01/2020,09:23:29,1497.2,1497.05,309,1498.5,309,0,4389963
PEL-I.NFO,07/01/2020,09:23:30,1497.2,1497.05,309,1498.6,309,0,4389963
PEL-I.NFO,07/01/2020,09:23:31,1497.2,1497.05,309,1498.45,309,0,4389963
PEL-I.NFO,07/01/2020,09:23:32,1497.2,1497.05,309,1498.15,309,0,4389963
PEL-I.NFO,07/01/2020,09:23:33,1497.2,1497.1,309,1498.8,309,0,4389963
PEL-I.NFO,07/01/2020,09:23:35,1497.2,1497.35,309,1498.95,309,0,4389963
PEL-I.NFO,07/01/2020,09:23:36,1497.2,1497.5,309,1498.95,309,0,4389963
PEL-I.NFO,07/01/2020,09:23:39,1497.2,1497.35,309,1498.85,309,0,4389963
PEL-I.NFO,07/01/2020,09:23:41,1497.2,1497.15,309,1498.7,309,0,4389963
PEL-I.NFO,07/01/2020,09:23:42,1497.2,1497.6,309,1498.85,309,0,4389963
PEL-I.NFO,07/01/2020,09:23:43,1497.2,1497.25,309,1498.7,309,0,4389963
PEL-I.NFO,07/01/2020,09:23:44,1497.2,1497.35,309,1498.85,309,0,4389963
PEL-I.NFO,07/01/2020,09:23:45,1497.2,1497.25,309,1498.8,309,0,4389963
PEL-I.NFO,07/01/2020,09:23:47,1497.2,1497.2,309,1498.5,309,0,4389963
PEL-I.NFO,07/01/2020,09:23:48,1497.2,1497.25,618,1498.5,309,0,4389963
PEL-I.NFO,07/01/2020,09:23:49,1497.2,1497.25,618,1498,309,0,4389963
PEL-I.NFO,07/01/2020,09:23:51,1497.2,1497.2,309,1498,309,0,4389963
PEL-I.NFO,07/01/2020,09:23:52,1497.2,1497.2,309,1497.95,309,0,4389963
PEL-I.NFO,07/01/2020,09:23:53,1497,1496.1,309,1497.95,309,618,4389963
PEL-I.NFO,07/01/2020,09:23:54,1497,1496.1,309,1497.95,309,0,4389963
PEL-I.NFO,07/01/2020,09:23:56,1497,1496.1,309,1497.85,309,0,4389963
PEL-I.NFO,07/01/2020,09:23:59,1497,1496,618,1497.85,309,0,4389963
PEL-I.NFO,07/01/2020,09:24:00,1497,1497.2,618,1497.9,309,0,4389963
PEL-I.NFO,07/01/2020,09:24:05,1497,1497.2,618,1497.85,309,0,4389963
PEL-I.NFO,07/01/2020,09:24:07,1497.2,1496.1,618,1497.85,309,618,4389963
PEL-I.NFO,07/01/2020,09:24:08,1497.2,1496,309,1497.85,309,0,4389963
PEL-I.NFO,07/01/2020,09:24:09,1497.2,1495.95,309,1497.8,309,0,4389963
PEL-I.NFO,07/01/2020,09:24:10,1497.2,1496.3,309,1497.8,309,0,4389963
PEL-I.NFO,07/01/2020,09:24:11,1497.2,1496.4,618,1497.9,309,0,4389963
PEL-I.NFO,07/01/2020,09:24:12,1497.2,1496.55,309,1497.9,309,0,4389963
PEL-I.NFO,07/01/2020,09:24:13,1497.2,1496.15,309,1497.6,309,0,4389963
PEL-I.NFO,07/01/2020,09:24:14,1497.2,1496.2,309,1497.6,309,0,4389963
PEL-I.NFO,07/01/2020,09:24:16,1496.25,1496.3,309,1497.85,309,309,4389963
PEL-I.NFO,07/01/2020,09:24:17,1496.25,1496.35,309,1497.85,309,0,4389963
PEL-I.NFO,07/01/2020,09:24:18,1496.25,1496.3,309,1497.65,309,0,4389963
PEL-I.NFO,07/01/2020,09:24:19,1496.25,1496.55,309,1497.9,309,0,4389963
PEL-I.NFO,07/01/2020,09:24:20,1496.25,1496.75,309,1497.9,309,0,4389963
PEL-I.NFO,07/01/2020,09:24:21,1496.25,1496.9,309,1497.9,309,0,4389963
PEL-I.NFO,07/01/2020,09:24:22,1496.25,1496.4,309,1497.5,309,0,4389963
PEL-I.NFO,07/01/2020,09:24:23,1496.25,1497,309,1497.5,309,0,4389963
PEL-I.NFO,07/01/2020,09:24:26,1497,1496.25,309,1497.5,309,309,4389963
PEL-I.NFO,07/01/2020,09:24:27,1497,1496.15,309,1497.5,309,0,4389963
PEL-I.NFO,07/01/2020,09:24:29,1497.45,1496.55,618,1497.9,309,618,4389963
PEL-I.NFO,07/01/2020,09:24:30,1497.45,1496.55,927,1497.9,309,0,4389963
PEL-I.NFO,07/01/2020,09:24:31,1497.45,1496.8,618,1497.9,309,0,4389963
PEL-I.NFO,07/01/2020,09:24:32,1497.45,1496.9,927,1497.9,309,0,4389963
PEL-I.NFO,07/01/2020,09:24:33,1497.45,1496.9,309,1497.85,309,0,4389963
PEL-I.NFO,07/01/2020,09:24:34,1496.9,1496.4,309,1497.75,309,309,4389963
PEL-I.NFO,07/01/2020,09:24:35,1496.9,1496.45,309,1497.65,309,618,4389963
PEL-I.NFO,07/01/2020,09:24:36,1496.9,1496.45,309,1497.75,309,0,4389963
PEL-I.NFO,07/01/2020,09:24:40,1496.9,1496.45,309,1497.2,618,0,4389963
PEL-I.NFO,07/01/2020,09:24:41,1496.45,1496.15,309,1497.1,618,309,4389963
PEL-I.NFO,07/01/2020,09:24:42,1495.85,1495.8,618,1496.65,309,618,4389963
PEL-I.NFO,07/01/2020,09:24:43,1495.8,1495.05,309,1495.95,309,618,4389963
PEL-I.NFO,07/01/2020,09:24:44,1495.8,1495.05,309,1496.4,309,0,4389963
PEL-I.NFO,07/01/2020,09:24:45,1495.8,1495.05,309,1496.05,309,0,4389963
PEL-I.NFO,07/01/2020,09:24:48,1495.8,1495.05,309,1495.95,309,0,4389963
PEL-I.NFO,07/01/2020,09:24:52,1495.8,1495.05,309,1495.8,309,0,4389963
PEL-I.NFO,07/01/2020,09:24:53,1495,1494.7,618,1494.9,309,618,4389963
PEL-I.NFO,07/01/2020,09:24:54,1495,1494.7,618,1494.9,309,0,4389963
PEL-I.NFO,07/01/2020,09:24:58,1495,1494.7,618,1495.05,309,0,4389963
PEL-I.NFO,07/01/2020,09:24:59,1495,1494.7,618,1494.95,309,0,4389963
PEL-I.NFO,07/01/2020,09:25:00,1495,1494.85,618,1495.05,309,0,4389963
PEL-I.NFO,07/01/2020,09:25:01,1496.2,1495.2,927,1496.95,309,618,4389963
PEL-I.NFO,07/01/2020,09:25:02,1496.2,1495.35,618,1497,309,0,4389963
PEL-I.NFO,07/01/2020,09:25:03,1496.2,1496.05,927,1497,309,0,4389963
PEL-I.NFO,07/01/2020,09:25:04,1496.2,1495.75,927,1497,309,0,4389963
PEL-I.NFO,07/01/2020,09:25:06,1497.9,1497,618,1498.45,309,618,4389963
PEL-I.NFO,07/01/2020,09:25:07,1497.9,1497.15,618,1498.45,309,0,4389963
PEL-I.NFO,07/01/2020,09:25:08,1497.9,1497,618,1498.45,309,0,4389963
PEL-I.NFO,07/01/2020,09:25:09,1497.9,1496.65,927,1498.4,309,0,4389963
PEL-I.NFO,07/01/2020,09:25:12,1496.65,1496.55,309,1498.2,309,927,4389963
PEL-I.NFO,07/01/2020,09:25:13,1496.65,1496.55,309,1497,309,0,4389963
PEL-I.NFO,07/01/2020,09:25:18,1496.55,1496.35,309,1496.55,618,309,4389963
PEL-I.NFO,07/01/2020,09:25:19,1496.5,1496.05,309,1496.55,618,618,4389963
PEL-I.NFO,07/01/2020,09:25:20,1497,1496.4,309,1497.95,309,927,4389963
PEL-I.NFO,07/01/2020,09:25:21,1497.55,1497.55,309,1498.4,309,309,4389963
PEL-I.NFO,07/01/2020,09:25:22,1497.55,1496.5,309,1497.95,309,309,4389963
PEL-I.NFO,07/01/2020,09:25:23,1497.55,1496.95,309,1498,309,0,4389963
PEL-I.NFO,07/01/2020,09:25:24,1497.55,1496.7,309,1498.2,309,0,4389963
PEL-I.NFO,07/01/2020,09:25:25,1497.55,1496.75,309,1498.35,309,0,4389963
PEL-I.NFO,07/01/2020,09:25:26,1496.75,1496.7,309,1498.1,309,309,4389963
PEL-I.NFO,07/01/2020,09:25:27,1496.75,1496.1,309,1497,1854,0,4389963
PEL-I.NFO,07/01/2020,09:25:29,1496.75,1496.15,309,1497,1854,0,4389963
PEL-I.NFO,07/01/2020,09:25:30,1496.1,1495.95,309,1496.9,309,309,4389963
PEL-I.NFO,07/01/2020,09:25:31,1496.1,1495.95,309,1496.75,309,0,4389963
PEL-I.NFO,07/01/2020,09:25:33,1496,1496,309,1497.1,309,2163,4389963
PEL-I.NFO,07/01/2020,09:25:34,1496,1496,309,1497.1,309,0,4389963
PEL-I.NFO,07/01/2020,09:25:35,1496,1496.05,309,1497.4,309,0,4389963
PEL-I.NFO,07/01/2020,09:25:38,1496.25,1495.45,309,1496,927,927,4389963
PEL-I.NFO,07/01/2020,09:25:39,1496.25,1495.45,309,1495.9,309,0,4389963
PEL-I.NFO,07/01/2020,09:25:40,1496,1495.65,309,1497.9,309,1236,4389963
PEL-I.NFO,07/01/2020,09:25:41,1496,1495.95,309,1497.7,309,0,4389963
PEL-I.NFO,07/01/2020,09:25:42,1496,1496.25,309,1497.7,309,0,4389963
PEL-I.NFO,07/01/2020,09:25:44,1497.4,1496.75,618,1498,309,309,4389963
PEL-I.NFO,07/01/2020,09:25:45,1497.4,1496.5,618,1497.95,309,0,4389963
PEL-I.NFO,07/01/2020,09:25:46,1497.4,1497,618,1497.95,309,0,4389963
PEL-I.NFO,07/01/2020,09:25:47,1497.4,1496.7,927,1497.95,309,0,4389963
PEL-I.NFO,07/01/2020,09:25:48,1497,1496.8,927,1497.95,309,1854,4389963
PEL-I.NFO,07/01/2020,09:25:49,1497,1496.8,618,1497.95,309,309,4389963
PEL-I.NFO,07/01/2020,09:25:50,1497,1496.8,618,1497.95,309,0,4389963
PEL-I.NFO,07/01/2020,09:25:52,1496.8,1496.75,309,1497.85,309,618,4389963
PEL-I.NFO,07/01/2020,09:25:53,1496.8,1496.75,309,1497.8,309,0,4389963
PEL-I.NFO,07/01/2020,09:25:54,1496.75,1495.85,309,1497.6,618,309,4389963
PEL-I.NFO,07/01/2020,09:25:55,1496.75,1495.45,309,1496.85,309,0,4389963
PEL-I.NFO,07/01/2020,09:25:56,1496.75,1495.45,309,1496.75,309,0,4389963
PEL-I.NFO,07/01/2020,09:25:58,1495,1494.75,309,1496,309,927,4389963
PEL-I.NFO,07/01/2020,09:25:59,1495,1494.7,618,1495.95,309,0,4389963
PEL-I.NFO,07/01/2020,09:26:02,1495,1494.7,618,1496.05,309,0,4389963
PEL-I.NFO,07/01/2020,09:26:05,1494.7,1494,309,1495.9,309,618,4389963
PEL-I.NFO,07/01/2020,09:26:06,1494.7,1494,309,1495.65,309,0,4389963
PEL-I.NFO,07/01/2020,09:26:07,1494.7,1494,309,1495.6,309,0,4389963
PEL-I.NFO,07/01/2020,09:26:09,1495,1494,309,1495.6,309,309,4389963
PEL-I.NFO,07/01/2020,09:26:10,1494.5,1494.55,309,1496,1854,618,4389963
PEL-I.NFO,07/01/2020,09:26:11,1494.85,1494.5,309,1496,1854,309,4389963
PEL-I.NFO,07/01/2020,09:26:12,1494.5,1494.5,309,1496,1854,309,4397997
PEL-I.NFO,07/01/2020,09:26:13,1494.5,1494.5,309,1495.65,309,618,4397997
PEL-I.NFO,07/01/2020,09:26:14,1494.5,1494.5,309,1495.85,309,0,4397997
PEL-I.NFO,07/01/2020,09:26:15,1494.5,1494.5,309,1495.8,309,0,4397997
PEL-I.NFO,07/01/2020,09:26:18,1494.5,1494.5,309,1495.95,309,0,4397997
PEL-I.NFO,07/01/2020,09:26:19,1496,1495.1,618,1496.65,309,2472,4397997
PEL-I.NFO,07/01/2020,09:26:20,1496,1495.25,309,1496.65,309,0,4397997
PEL-I.NFO,07/01/2020,09:26:21,1496.75,1495.85,309,1497,618,309,4397997
PEL-I.NFO,07/01/2020,09:26:22,1497,1496,618,1497.85,309,618,4397997
PEL-I.NFO,07/01/2020,09:26:23,1497.65,1496.85,927,1498,309,309,4397997
PEL-I.NFO,07/01/2020,09:26:24,1497.65,1496.85,927,1498,309,0,4397997
PEL-I.NFO,07/01/2020,09:26:25,1498.5,1498.45,927,1499.8,309,927,4397997
PEL-I.NFO,07/01/2020,09:26:26,1498.5,1498.5,309,1499.8,309,0,4397997
PEL-I.NFO,07/01/2020,09:26:27,1497,1497.6,309,1499.75,309,1854,4397997
PEL-I.NFO,07/01/2020,09:26:28,1497,1498,309,1499.75,309,0,4397997
PEL-I.NFO,07/01/2020,09:26:29,1498,1498.55,618,1499.85,309,309,4397997
PEL-I.NFO,07/01/2020,09:26:30,1499.95,1498.25,309,1500,2163,927,4397997
PEL-I.NFO,07/01/2020,09:26:31,1500,1500.2,309,1501,618,2163,4397997
PEL-I.NFO,07/01/2020,09:26:32,1499.95,1498.45,309,1500,618,2781,4397997
PEL-I.NFO,07/01/2020,09:26:33,1499.95,1498.75,309,1500.05,309,0,4397997
PEL-I.NFO,07/01/2020,09:26:34,1500,1498.95,309,1500.65,309,618,4397997
PEL-I.NFO,07/01/2020,09:26:35,1500,1498.85,309,1499.95,309,0,4397997
PEL-I.NFO,07/01/2020,09:26:36,1499.95,1498.9,309,1500,309,309,4397997
PEL-I.NFO,07/01/2020,09:26:37,1499.95,1498.9,309,1500,309,0,4397997
PEL-I.NFO,07/01/2020,09:26:38,1499.95,1498.9,309,1499.95,309,0,4397997
PEL-I.NFO,07/01/2020,09:26:39,1500,1498.95,618,1500.1,309,618,4397997
PEL-I.NFO,07/01/2020,09:26:40,1500,1498.95,309,1500.05,618,0,4397997
PEL-I.NFO,07/01/2020,09:26:41,1500.05,1499,309,1500.1,309,618,4397997
PEL-I.NFO,07/01/2020,09:26:42,1500.4,1500.15,618,1501.8,309,4017,4397997
PEL-I.NFO,07/01/2020,09:26:43,1500,1499,618,1501.05,309,5562,4397997
PEL-I.NFO,07/01/2020,09:26:43,1504.45,1499,618,1501.05,309,0,4397997
PEL-I.NFO,07/01/2020,09:26:44,1500,1499.05,309,1501.8,618,1545,4397997
PEL-I.NFO,07/01/2020,09:26:45,1500,1499.05,309,1501.65,309,0,4397997
PEL-I.NFO,07/01/2020,09:26:46,1500,1498.95,309,1500,309,0,4397997
PEL-I.NFO,07/01/2020,09:26:47,1501.35,1500.4,927,1502.9,309,618,4397997
PEL-I.NFO,07/01/2020,09:26:48,1500.05,1500.05,309,1501.1,309,309,4397997
PEL-I.NFO,07/01/2020,09:26:49,1500,1499.75,618,1501.55,1236,2163,4397997
PEL-I.NFO,07/01/2020,09:26:50,1499.8,1499.6,309,1500.7,618,1545,4397997
PEL-I.NFO,07/01/2020,09:26:51,1499.8,1499.6,309,1500.9,309,0,4397997
PEL-I.NFO,07/01/2020,09:26:52,1499.8,1499.6,309,1500.85,309,0,4397997
PEL-I.NFO,07/01/2020,09:26:53,1499.6,1499,309,1500.3,618,309,4397997
PEL-I.NFO,07/01/2020,09:26:54,1499.6,1499,309,1500.2,309,0,4397997
PEL-I.NFO,07/01/2020,09:26:55,1499.6,1499,309,1500.35,309,0,4397997
PEL-I.NFO,07/01/2020,09:26:57,1499,1497.95,309,1500.25,309,309,4397997
PEL-I.NFO,07/01/2020,09:26:58,1499,1498.1,309,1500,309,0,4397997
PEL-I.NFO,07/01/2020,09:26:59,1499,1498.2,309,1500.05,618,0,4397997
PEL-I.NFO,07/01/2020,09:27:00,1499,1498.2,309,1500,309,0,4397997
PEL-I.NFO,07/01/2020,09:27:01,1499,1498.1,309,1499.55,309,0,4397997
PEL-I.NFO,07/01/2020,09:27:02,1498,1497.6,309,1498.85,309,2472,4397997
PEL-I.NFO,07/01/2020,09:27:03,1498,1497.6,309,1498.85,309,0,4397997
PEL-I.NFO,07/01/2020,09:27:07,1498,1497.75,309,1499.5,309,0,4397997
PEL-I.NFO,07/01/2020,09:27:10,1498,1497.75,309,1499.4,309,0,4397997
PEL-I.NFO,07/01/2020,09:27:11,1498,1497.75,309,1499.3,309,0,4397997
PEL-I.NFO,07/01/2020,09:27:12,1498,1497.75,309,1499.4,309,0,4397997
PEL-I.NFO,07/01/2020,09:27:13,1498,1497.75,309,1499.5,309,0,4397997
PEL-I.NFO,07/01/2020,09:27:14,1498,1497.75,309,1499.2,309,0,4397997
PEL-I.NFO,07/01/2020,09:27:15,1498.2,1498.6,618,1500.75,309,618,4397997
PEL-I.NFO,07/01/2020,09:27:16,1499.55,1499,309,1500.85,309,309,4397997
PEL-I.NFO,07/01/2020,09:27:17,1499.55,1499,309,1500.85,309,0,4397997
PEL-I.NFO,07/01/2020,09:27:20,1499.55,1499,309,1500.75,309,0,4397997
PEL-I.NFO,07/01/2020,09:27:21,1499.95,1499.45,309,1500,309,309,4397997
PEL-I.NFO,07/01/2020,09:27:22,1499.95,1499.45,309,1500,309,0,4397997
PEL-I.NFO,07/01/2020,09:27:23,1500,1500,309,1502,309,309,4397997
PEL-I.NFO,07/01/2020,09:27:24,1500,1499.6,309,1500.75,309,1854,4397997
PEL-I.NFO,07/01/2020,09:27:25,1500.75,1498.85,309,1500.9,309,618,4397997
PEL-I.NFO,07/01/2020,09:27:26,1500.75,1498.7,309,1500.7,309,0,4397997
PEL-I.NFO,07/01/2020,09:27:27,1500.75,1498.65,309,1500,309,0,4397997
PEL-I.NFO,07/01/2020,09:27:30,1500.75,1498.65,309,1499.95,309,0,4397997
PEL-I.NFO,07/01/2020,09:27:31,1499.95,1498.95,309,1500,309,309,4397997
PEL-I.NFO,07/01/2020,09:27:32,1499.95,1498.7,927,1500,309,0,4397997
PEL-I.NFO,07/01/2020,09:27:33,1499.95,1498.85,618,1500,309,0,4397997
PEL-I.NFO,07/01/2020,09:27:34,1499.95,1498.9,309,1500,309,0,4397997
PEL-I.NFO,07/01/2020,09:27:35,1499.95,1498.7,309,1500,309,0,4397997
PEL-I.NFO,07/01/2020,09:27:37,1499.95,1498.9,309,1500,309,0,4397997
PEL-I.NFO,07/01/2020,09:27:38,1500,1499.5,309,1501.9,309,309,4397997
PEL-I.NFO,07/01/2020,09:27:39,1499.75,1498.7,309,1500.4,309,2163,4397997
PEL-I.NFO,07/01/2020,09:27:40,1499.75,1498.7,309,1500.05,309,0,4397997
PEL-I.NFO,07/01/2020,09:27:41,1500,1498.95,618,1501,309,309,4397997
PEL-I.NFO,07/01/2020,09:27:42,1500,1499,618,1500.5,309,0,4397997
PEL-I.NFO,07/01/2020,09:27:44,1500,1499.25,618,1500.65,309,0,4397997
PEL-I.NFO,07/01/2020,09:27:45,1499.25,1498.15,309,1498.95,309,618,4397997
PEL-I.NFO,07/01/2020,09:27:46,1499.25,1498.15,309,1499.4,618,0,4397997
PEL-I.NFO,07/01/2020,09:27:47,1499.25,1497.6,309,1499.4,309,0,4397997
PEL-I.NFO,07/01/2020,09:27:48,1499.25,1498.05,618,1499.65,309,0,4397997
PEL-I.NFO,07/01/2020,09:27:49,1499.25,1498.2,309,1499.9,309,0,4397997
PEL-I.NFO,07/01/2020,09:27:50,1499.25,1498.15,618,1499.7,309,0,4397997
PEL-I.NFO,07/01/2020,09:27:51,1499.25,1498.15,618,1499.55,309,0,4397997
PEL-I.NFO,07/01/2020,09:27:52,1499.25,1498.3,618,1499.85,309,0,4397997
PEL-I.NFO,07/01/2020,09:27:53,1499.25,1498.3,309,1499.55,309,0,4397997
PEL-I.NFO,07/01/2020,09:27:54,1499.25,1498.3,309,1499.7,618,0,4397997
PEL-I.NFO,07/01/2020,09:27:55,1499.25,1498.3,309,1499,309,0,4397997
PEL-I.NFO,07/01/2020,09:27:56,1499.25,1498,309,1498.95,309,0,4397997
PEL-I.NFO,07/01/2020,09:28:00,1499.25,1498.1,309,1498.95,309,0,4397997
PEL-I.NFO,07/01/2020,09:28:02,1499.25,1498.1,309,1498.75,309,0,4397997
PEL-I.NFO,07/01/2020,09:28:04,1498.75,1498.1,309,1498.95,309,309,4397997
PEL-I.NFO,07/01/2020,09:28:05,1498.75,1498.1,309,1498.95,309,0,4397997
PEL-I.NFO,07/01/2020,09:28:07,1497.55,1497.05,309,1498.8,309,1236,4397997
PEL-I.NFO,07/01/2020,09:28:08,1497.55,1497.05,309,1498.3,309,0,4397997
PEL-I.NFO,07/01/2020,09:28:09,1497.55,1497.05,309,1498.4,309,0,4397997
PEL-I.NFO,07/01/2020,09:28:10,1497.55,1497,309,1498.25,309,0,4397997
PEL-I.NFO,07/01/2020,09:28:11,1497.55,1497,309,1498.6,309,0,4397997
PEL-I.NFO,07/01/2020,09:28:12,1497.55,1497,309,1498.5,309,0,4397997
PEL-I.NFO,07/01/2020,09:28:13,1497,1496.05,309,1497.75,309,309,4397997
PEL-I.NFO,07/01/2020,09:28:14,1497,1496.3,309,1498.25,618,0,4397997
PEL-I.NFO,07/01/2020,09:28:15,1497,1496.4,309,1498.55,309,0,4397997
PEL-I.NFO,07/01/2020,09:28:20,1497,1496.45,309,1497.75,309,0,4397997
PEL-I.NFO,07/01/2020,09:28:23,1497,1496.45,309,1497.8,309,0,4397997
PEL-I.NFO,07/01/2020,09:28:24,1497,1496.45,309,1497.65,309,0,4397997
PEL-I.NFO,07/01/2020,09:28:25,1497,1496.45,309,1498.05,309,0,4397997
PEL-I.NFO,07/01/2020,09:28:26,1497,1496.45,309,1498,309,0,4397997
PEL-I.NFO,07/01/2020,09:28:27,1497,1496,618,1497.1,309,0,4397997
PEL-I.NFO,07/01/2020,09:28:28,1497,1496,618,1497.05,309,0,4397997
PEL-I.NFO,07/01/2020,09:28:29,1497,1496.2,309,1497.6,309,0,4397997
PEL-I.NFO,07/01/2020,09:28:30,1497,1496.15,618,1497.6,309,0,4397997
PEL-I.NFO,07/01/2020,09:28:31,1497,1496.15,309,1497.5,618,0,4397997
PEL-I.NFO,07/01/2020,09:28:32,1496.15,1496.05,309,1497.15,309,309,4397997
PEL-I.NFO,07/01/2020,09:28:33,1496.15,1496.05,309,1497.15,309,0,4397997
PEL-I.NFO,07/01/2020,09:28:34,1496.15,1496.05,309,1497.1,309,0,4397997
PEL-I.NFO,07/01/2020,09:28:36,1497,1496.1,309,1497.55,309,309,4397997
PEL-I.NFO,07/01/2020,09:28:39,1497,1496.1,309,1497.5,309,0,4397997
PEL-I.NFO,07/01/2020,09:28:40,1497,1496.1,309,1497.55,618,0,4397997
PEL-I.NFO,07/01/2020,09:28:42,1497,1496.1,309,1497.55,309,0,4397997
PEL-I.NFO,07/01/2020,09:28:43,1497,1496.1,309,1497.6,309,0,4397997
PEL-I.NFO,07/01/2020,09:28:45,1497,1496.2,309,1497.6,309,0,4397997
PEL-I.NFO,07/01/2020,09:28:46,1497,1496.2,309,1497.55,309,0,4397997
PEL-I.NFO,07/01/2020,09:28:48,1497,1496.3,309,1497.6,309,0,4397997
PEL-I.NFO,07/01/2020,09:28:49,1497,1496.6,309,1497.6,309,0,4397997
PEL-I.NFO,07/01/2020,09:28:51,1498,1497,618,1498.95,618,618,4397997
PEL-I.NFO,07/01/2020,09:28:52,1498,1497,618,1498.9,309,0,4397997
PEL-I.NFO,07/01/2020,09:28:53,1498,1497,309,1498.75,309,0,4397997
PEL-I.NFO,07/01/2020,09:28:55,1498,1496.6,309,1498,309,0,4397997
PEL-I.NFO,07/01/2020,09:28:56,1496.6,1496.35,309,1497.95,309,309,4397997
PEL-I.NFO,07/01/2020,09:28:56,1496.6,1496.5,309,1498.35,309,0,4397997
PEL-I.NFO,07/01/2020,09:28:57,1496.6,1496.75,309,1498.65,618,0,4397997
PEL-I.NFO,07/01/2020,09:29:00,1496.6,1496.75,309,1498.45,309,0,4397997
PEL-I.NFO,07/01/2020,09:29:01,1496.6,1496.75,309,1498.6,618,0,4397997
PEL-I.NFO,07/01/2020,09:29:02,1496.6,1496.75,309,1498.75,309,0,4397997
PEL-I.NFO,07/01/2020,09:29:03,1496.6,1497.1,618,1498.8,309,0,4397997
PEL-I.NFO,07/01/2020,09:29:05,1496.6,1497.4,618,1499,309,0,4397997
PEL-I.NFO,07/01/2020,09:29:07,1498.95,1498.65,309,1499,618,309,4397997
PEL-I.NFO,07/01/2020,09:29:07,1498.95,1498.65,309,1499,618,0,4397997
PEL-I.NFO,07/01/2020,09:29:10,1498.65,1498.25,309,1498.95,309,309,4397997
PEL-I.NFO,07/01/2020,09:29:11,1498.65,1498.25,309,1498.95,309,0,4397997
PEL-I.NFO,07/01/2020,09:29:13,1498.65,1498.25,309,1498.6,309,0,4397997
PEL-I.NFO,07/01/2020,09:29:14,1498.6,1498.25,309,1499,309,309,4397997
PEL-I.NFO,07/01/2020,09:29:15,1498.6,1498.25,309,1499,309,0,4417773
PEL-I.NFO,07/01/2020,09:29:18,1498.6,1498.25,309,1499,618,0,4417773
PEL-I.NFO,07/01/2020,09:29:18,1498.6,1498.25,309,1498.95,309,0,4417773
PEL-I.NFO,07/01/2020,09:29:19,1498.6,1498.25,309,1499,618,0,4417773
PEL-I.NFO,07/01/2020,09:29:21,1498.25,1497.35,618,1498.75,309,309,4417773
PEL-I.NFO,07/01/2020,09:29:23,1498.25,1497.35,309,1499,618,0,4417773
PEL-I.NFO,07/01/2020,09:29:24,1498.25,1497.35,309,1498.7,309,0,4417773
PEL-I.NFO,07/01/2020,09:29:26,1498.25,1497.35,309,1498.75,309,0,4417773
PEL-I.NFO,07/01/2020,09:29:27,1498.25,1497.35,309,1498.45,309,0,4417773
PEL-I.NFO,07/01/2020,09:29:33,1498.25,1497.15,309,1498.35,309,0,4417773
PEL-I.NFO,07/01/2020,09:29:34,1498.25,1497.05,309,1498.5,309,0,4417773
PEL-I.NFO,07/01/2020,09:29:36,1498.25,1497.05,309,1498.7,309,0,4417773
PEL-I.NFO,07/01/2020,09:29:37,1498.25,1497.1,309,1498.7,309,0,4417773
PEL-I.NFO,07/01/2020,09:29:39,1498.25,1497.1,618,1498.5,309,0,4417773
PEL-I.NFO,07/01/2020,09:29:40,1498.25,1497.15,309,1498.5,309,0,4417773
PEL-I.NFO,07/01/2020,09:29:41,1498.25,1497.15,309,1498.4,309,0,4417773
PEL-I.NFO,07/01/2020,09:29:42,1498.35,1497.15,309,1498.5,309,309,4417773
PEL-I.NFO,07/01/2020,09:29:43,1498.35,1497.15,309,1498.45,309,0,4417773
PEL-I.NFO,07/01/2020,09:29:46,1497.15,1497,309,1498.1,618,309,4417773
PEL-I.NFO,07/01/2020,09:29:46,1497.15,1497,309,1498.3,309,0,4417773
PEL-I.NFO,07/01/2020,09:29:47,1497.15,1497,309,1498.4,309,0,4417773
PEL-I.NFO,07/01/2020,09:29:49,1497.15,1497,309,1498.5,309,0,4417773
PEL-I.NFO,07/01/2020,09:29:50,1497.15,1497,309,1498.35,309,0,4417773
PEL-I.NFO,07/01/2020,09:29:51,1498.35,1497,309,1498.55,309,309,4417773
PEL-I.NFO,07/01/2020,09:29:52,1498.35,1497,309,1498.5,309,0,4417773
PEL-I.NFO,07/01/2020,09:29:54,1498.35,1497,309,1498.4,309,0,4417773
PEL-I.NFO,07/01/2020,09:29:54,1498.35,1497,309,1498.45,309,0,4417773
PEL-I.NFO,07/01/2020,09:29:55,1498.35,1497,309,1498.5,309,0,4417773
PEL-I.NFO,07/01/2020,09:30:01,1498.35,1497.75,618,1498.8,309,309,4417773
PEL-I.NFO,07/01/2020,09:30:01,1498.35,1497.75,618,1498.85,309,0,4417773
PEL-I.NFO,07/01/2020,09:30:02,1499,1498.5,309,1499.8,309,927,4417773
PEL-I.NFO,07/01/2020,09:30:03,1499.9,1499.5,309,1500,3399,309,4417773
PEL-I.NFO,07/01/2020,09:30:04,1499.9,1499.5,309,1500,3399,0,4417773
PEL-I.NFO,07/01/2020,09:30:05,1500,1499.85,927,1501.2,618,3399,4417773
PEL-I.NFO,07/01/2020,09:30:07,1500,1500.05,927,1501.2,618,618,4417773
PEL-I.NFO,07/01/2020,09:30:07,1500,1500.05,927,1501.2,618,0,4417773
PEL-I.NFO,07/01/2020,09:30:08,1500.05,1499.55,309,1500,927,927,4417773
PEL-I.NFO,07/01/2020,09:30:09,1500.05,1499.55,309,1501,309,0,4417773
PEL-I.NFO,07/01/2020,09:30:10,1500.05,1499.55,309,1500.95,309,0,4417773
PEL-I.NFO,07/01/2020,09:30:11,1499.55,1499.15,309,1500.95,309,309,4417773
PEL-I.NFO,07/01/2020,09:30:12,1499.55,1498.8,309,1500.85,309,0,4417773
PEL-I.NFO,07/01/2020,09:30:13,1499.55,1499,618,1500.75,309,0,4417773
PEL-I.NFO,07/01/2020,09:30:14,1500.2,1499.65,927,1501.15,309,618,4417773
PEL-I.NFO,07/01/2020,09:30:15,1500,1500,309,1501.05,309,309,4417773
PEL-I.NFO,07/01/2020,09:30:16,1500,1498.5,309,1500,618,309,4417773
PEL-I.NFO,07/01/2020,09:30:17,1500,1498.5,309,1500,309,0,4417773
PEL-I.NFO,07/01/2020,09:30:18,1500,1498.55,309,1500,309,0,4417773
PEL-I.NFO,07/01/2020,09:30:19,1500,1498.9,309,1500,309,0,4417773
PEL-I.NFO,07/01/2020,09:30:21,1500,1498.15,309,1499.95,309,0,4417773
PEL-I.NFO,07/01/2020,09:30:22,1500,1498.25,309,1499.95,309,0,4417773
PEL-I.NFO,07/01/2020,09:30:25,1500,1498.1,309,1499.95,309,0,4417773
PEL-I.NFO,07/01/2020,09:30:26,1498.1,1497.6,309,1499.8,309,309,4417773
PEL-I.NFO,07/01/2020,09:30:27,1498.1,1497.6,309,1499.8,309,0,4417773
PEL-I.NFO,07/01/2020,09:30:29,1498.1,1497.65,618,1499.7,309,0,4417773
PEL-I.NFO,07/01/2020,09:30:30,1497.65,1497.55,309,1499.45,618,309,4417773
PEL-I.NFO,07/01/2020,09:30:30,1497.65,1497.55,309,1499.45,618,0,4417773
PEL-I.NFO,07/01/2020,09:30:35,1497.65,1497.45,309,1499.35,309,0,4417773
PEL-I.NFO,07/01/2020,09:30:36,1497.65,1497.45,309,1499.25,309,0,4417773
PEL-I.NFO,07/01/2020,09:30:39,1497.65,1497.45,309,1499.15,309,0,4417773
PEL-I.NFO,07/01/2020,09:30:42,1497.65,1497.55,309,1499.1,309,0,4417773
PEL-I.NFO,07/01/2020,09:30:43,1497.65,1497.55,309,1499.2,309,0,4417773
PEL-I.NFO,07/01/2020,09:30:45,1497.65,1497.75,309,1499.35,309,0,4417773
PEL-I.NFO,07/01/2020,09:30:45,1497.65,1497.55,309,1499.35,309,0,4417773
PEL-I.NFO,07/01/2020,09:30:46,1497.65,1497.55,618,1499.25,309,0,4417773
PEL-I.NFO,07/01/2020,09:30:47,1497.65,1497.45,618,1499.55,309,0,4417773
PEL-I.NFO,07/01/2020,09:30:48,1497.65,1497.5,618,1499.45,618,0,4417773
PEL-I.NFO,07/01/2020,09:30:51,1497.65,1497.65,309,1499.45,309,0,4417773
PEL-I.NFO,07/01/2020,09:30:52,1497.65,1497.5,309,1499.1,309,0,4417773
PEL-I.NFO,07/01/2020,09:30:53,1499.25,1497.8,618,1499.7,309,309,4417773
PEL-I.NFO,07/01/2020,09:30:55,1499.25,1497.85,618,1499.6,309,0,4417773
PEL-I.NFO,07/01/2020,09:30:55,1499.25,1497.85,618,1499.7,309,0,4417773
PEL-I.NFO,07/01/2020,09:30:57,1499.25,1497.8,309,1499.6,309,0,4417773
PEL-I.NFO,07/01/2020,09:30:58,1499.25,1498.05,309,1499.8,309,0,4417773
PEL-I.NFO,07/01/2020,09:30:59,1499.25,1497.9,309,1499.6,309,0,4417773
PEL-I.NFO,07/01/2020,09:31:00,1499.25,1498.55,309,1500,2472,0,4417773
PEL-I.NFO,07/01/2020,09:31:01,1499.25,1498.8,309,1500,2472,0,4417773
PEL-I.NFO,07/01/2020,09:31:02,1501,1500.6,309,1501.2,618,2781,4417773
PEL-I.NFO,07/01/2020,09:31:03,1501,1499.7,309,1500.6,927,0,4417773
PEL-I.NFO,07/01/2020,09:31:04,1499.5,1498.9,309,1500,927,927,4417773
PEL-I.NFO,07/01/2020,09:31:05,1499.5,1499,309,1500,927,0,4417773
PEL-I.NFO,07/01/2020,09:31:06,1499.5,1498.95,309,1500,927,0,4417773
PEL-I.NFO,07/01/2020,09:31:08,1499.5,1498.9,309,1500,927,0,4417773
PEL-I.NFO,07/01/2020,09:31:08,1499.5,1499,309,1500,927,0,4417773
PEL-I.NFO,07/01/2020,09:31:09,1499.5,1499.1,618,1500,927,0,4417773
PEL-I.NFO,07/01/2020,09:31:10,1499.5,1499,309,1500,927,0,4417773
PEL-I.NFO,07/01/2020,09:31:11,1499.5,1499.05,309,1500,927,0,4417773
PEL-I.NFO,07/01/2020,09:31:13,1500,1499.5,618,1501.1,309,927,4417773
PEL-I.NFO,07/01/2020,09:31:14,1500,1498.75,618,1501.1,309,0,4417773
PEL-I.NFO,07/01/2020,09:31:15,1501.4,1501.5,618,1503.15,309,1236,4417773
PEL-I.NFO,07/01/2020,09:31:16,1501.5,1501.55,309,1502.95,309,309,4417773
PEL-I.NFO,07/01/2020,09:31:17,1503,1501.35,927,1502.9,309,927,4417773
PEL-I.NFO,07/01/2020,09:31:18,1501.35,1501.25,309,1502.4,309,309,4417773
PEL-I.NFO,07/01/2020,09:31:20,1502.4,1501.25,309,1502,309,309,4417773
PEL-I.NFO,07/01/2020,09:31:21,1502.4,1501.25,309,1502,309,0,4417773
PEL-I.NFO,07/01/2020,09:31:23,1501.25,1499.9,309,1501.8,309,618,4417773
PEL-I.NFO,07/01/2020,09:31:24,1501.25,1500.05,927,1501.85,309,0,4417773
PEL-I.NFO,07/01/2020,09:31:27,1501.25,1500.4,618,1502,309,0,4417773
PEL-I.NFO,07/01/2020,09:31:28,1501.25,1500,309,1502,309,0,4417773
PEL-I.NFO,07/01/2020,09:31:29,1501.25,1500.2,309,1502,309,0,4417773
PEL-I.NFO,07/01/2020,09:31:29,1501.25,1500.05,309,1501.95,309,0,4417773
PEL-I.NFO,07/01/2020,09:31:30,1501,1500.1,309,1502,309,618,4417773
PEL-I.NFO,07/01/2020,09:31:31,1501,1500.15,927,1502.05,309,0,4417773
PEL-I.NFO,07/01/2020,09:31:32,1501,1500.35,618,1502.45,309,0,4417773
PEL-I.NFO,07/01/2020,09:31:33,1501.75,1500.15,618,1501.9,618,618,4417773
PEL-I.NFO,07/01/2020,09:31:34,1500.15,1501,309,1501.95,309,309,4417773
PEL-I.NFO,07/01/2020,09:31:35,1501.95,1501.15,309,1503,618,309,4417773
PEL-I.NFO,07/01/2020,09:31:36,1501.95,1501.25,618,1503.1,309,0,4417773
PEL-I.NFO,07/01/2020,09:31:37,1501.95,1501.3,618,1503.1,309,0,4417773
PEL-I.NFO,07/01/2020,09:31:38,1501.95,1501.4,309,1503.55,618,0,4417773
PEL-I.NFO,07/01/2020,09:31:39,1501.95,1501.65,618,1503.55,618,0,4417773
PEL-I.NFO,07/01/2020,09:31:41,1499.95,1499.9,309,1501.55,309,4017,4417773
PEL-I.NFO,07/01/2020,09:31:41,1501.55,1500,309,1502.25,309,309,4417773
PEL-I.NFO,07/01/2020,09:31:42,1500.05,1499.9,309,1501.5,309,309,4417773
PEL-I.NFO,07/01/2020,09:31:43,1500.05,1499.9,309,1501.5,309,0,4417773
PEL-I.NFO,07/01/2020,09:31:45,1500.05,1500.1,309,1501.95,309,0,4417773
PEL-I.NFO,07/01/2020,09:31:45,1500.05,1500.15,309,1502,309,0,4417773
PEL-I.NFO,07/01/2020,09:31:46,1500.05,1500.15,309,1501.8,309,0,4417773
PEL-I.NFO,07/01/2020,09:31:51,1500.05,1500.75,309,1502.6,309,0,4417773
PEL-I.NFO,07/01/2020,09:31:52,1500.05,1501.2,309,1502.95,309,0,4417773
PEL-I.NFO,07/01/2020,09:31:53,1500.05,1501.25,309,1502.95,309,0,4417773
PEL-I.NFO,07/01/2020,09:31:54,1500.05,1501.35,309,1502.95,309,0,4417773
PEL-I.NFO,07/01/2020,09:31:55,1500.05,1501.8,309,1502.95,309,0,4417773
PEL-I.NFO,07/01/2020,09:31:56,1502,1501.85,309,1502.95,309,618,4417773
PEL-I.NFO,07/01/2020,09:31:57,1502,1501.8,309,1502.95,309,0,4417773
PEL-I.NFO,07/01/2020,09:32:00,1502,1502.5,618,1502.95,309,0,4417773
PEL-I.NFO,07/01/2020,09:32:01,1502.95,1502.65,309,1504,927,309,4417773
PEL-I.NFO,07/01/2020,09:32:02,1502.55,1502.5,1545,1503.9,618,618,4417773
PEL-I.NFO,07/01/2020,09:32:03,1502.5,1502.5,1236,1503.9,618,309,4417773
PEL-I.NFO,07/01/2020,09:32:04,1502.5,1502.5,927,1503.75,309,309,4417773
PEL-I.NFO,07/01/2020,09:32:05,1502.5,1502.5,618,1503.9,309,309,4417773
PEL-I.NFO,07/01/2020,09:32:07,1503.2,1502.5,309,1503.8,309,309,4417773
PEL-I.NFO,07/01/2020,09:32:07,1503.2,1502.5,309,1503.8,309,0,4417773
PEL-I.NFO,07/01/2020,09:32:08,1503.2,1502.5,309,1503.8,618,0,4417773
PEL-I.NFO,07/01/2020,09:32:10,1503.1,1502.5,309,1503.8,618,618,4417773
PEL-I.NFO,07/01/2020,09:32:11,1503.1,1502.5,309,1503.8,927,0,4417773
PEL-I.NFO,07/01/2020,09:32:12,1502.5,1502.55,309,1503.8,618,309,4417773
PEL-I.NFO,07/01/2020,09:32:13,1502.5,1502.55,309,1503,618,0,4417773
PEL-I.NFO,07/01/2020,09:32:16,1503,1502.55,309,1503,309,309,4432296
PEL-I.NFO,07/01/2020,09:32:17,1503,1502.55,309,1503,309,0,4432296
PEL-I.NFO,07/01/2020,09:32:18,1503,1502.55,309,1503,618,0,4432296
PEL-I.NFO,07/01/2020,09:32:19,1503,1502.65,618,1503,618,0,4432296
PEL-I.NFO,07/01/2020,09:32:20,1503,1502.55,618,1503,618,0,4432296
PEL-I.NFO,07/01/2020,09:32:22,1502.55,1501.45,618,1503.45,309,1236,4432296
PEL-I.NFO,07/01/2020,09:32:22,1502.55,1501.25,618,1503.15,309,0,4432296
PEL-I.NFO,07/01/2020,09:32:23,1502.55,1501.2,618,1502.9,309,0,4432296
PEL-I.NFO,07/01/2020,09:32:26,1502.55,1501.3,309,1502.9,309,0,4432296
PEL-I.NFO,07/01/2020,09:32:31,1502.55,1501.35,618,1503.4,618,0,4432296
PEL-I.NFO,07/01/2020,09:32:32,1502.55,1501.35,309,1503.15,309,0,4432296
PEL-I.NFO,07/01/2020,09:32:38,1502.55,1501.5,309,1503.15,309,0,4432296
PEL-I.NFO,07/01/2020,09:32:41,1502.55,1501.5,618,1503.35,309,0,4432296
PEL-I.NFO,07/01/2020,09:32:42,1502.55,1501.5,618,1503.3,309,0,4432296
PEL-I.NFO,07/01/2020,09:32:43,1502.55,1501.5,618,1503.15,309,0,4432296
PEL-I.NFO,07/01/2020,09:32:45,1502.55,1501.5,618,1502.95,309,0,4432296
PEL-I.NFO,07/01/2020,09:32:46,1502.55,1501.55,309,1503.05,618,0,4432296
PEL-I.NFO,07/01/2020,09:32:47,1502.55,1501.55,309,1503.05,309,0,4432296
PEL-I.NFO,07/01/2020,09:32:49,1501.5,1501.2,618,1502.5,618,618,4432296
PEL-I.NFO,07/01/2020,09:32:51,1501,1500.1,309,1502.05,309,618,4432296
PEL-I.NFO,07/01/2020,09:32:51,1501,1500.1,309,1502.05,309,0,4432296
PEL-I.NFO,07/01/2020,09:32:52,1501,1500.1,309,1501.9,309,0,4432296
PEL-I.NFO,07/01/2020,09:32:53,1501.9,1500.4,309,1502.7,309,309,4432296
PEL-I.NFO,07/01/2020,09:32:54,1501.9,1500.5,309,1502.7,309,0,4432296
PEL-I.NFO,07/01/2020,09:32:55,1501.9,1500.6,618,1502.7,309,0,4432296
PEL-I.NFO,07/01/2020,09:32:56,1501.9,1500.9,618,1502.7,309,0,4432296
PEL-I.NFO,07/01/2020,09:32:57,1501.9,1500.9,309,1502.7,309,0,4432296
PEL-I.NFO,07/01/2020,09:32:58,1501.9,1501.2,309,1502.5,309,0,4432296
PEL-I.NFO,07/01/2020,09:32:59,1501.9,1501.3,309,1502.95,309,0,4432296
PEL-I.NFO,07/01/2020,09:33:00,1501.9,1501.2,618,1502.7,309,0,4432296
PEL-I.NFO,07/01/2020,09:33:02,1501.9,1500.3,309,1502.85,927,0,4432296
PEL-I.NFO,07/01/2020,09:33:03,1501.9,1500.45,309,1502.6,618,0,4432296
PEL-I.NFO,07/01/2020,09:33:05,1501.9,1500.45,309,1502.6,309,0,4432296
PEL-I.NFO,07/01/2020,09:33:08,1501.9,1500.5,309,1502.25,309,0,4432296
PEL-I.NFO,07/01/2020,09:33:09,1501.9,1500.55,309,1502.1,309,0,4432296
PEL-I.NFO,07/01/2020,09:33:10,1501.9,1500.95,309,1502.8,309,0,4432296
PEL-I.NFO,07/01/2020,09:33:11,1501.9,1501,309,1502.8,309,0,4432296
PEL-I.NFO,07/01/2020,09:33:13,1502.05,1500.3,309,1502.25,309,618,4432296
PEL-I.NFO,07/01/2020,09:33:14,1501.7,1500.25,309,1502.35,618,618,4432296
PEL-I.NFO,07/01/2020,09:33:16,1501.7,1500.25,309,1502.1,309,0,4432296
PEL-I.NFO,07/01/2020,09:33:16,1501.7,1500.25,309,1502.35,618,0,4432296
PEL-I.NFO,07/01/2020,09:33:17,1501.7,1500.25,309,1502.15,618,0,4432296
PEL-I.NFO,07/01/2020,09:33:19,1501.7,1500.4,309,1502.4,309,0,4432296
PEL-I.NFO,07/01/2020,09:33:20,1501.7,1500.4,309,1502.4,618,0,4432296
PEL-I.NFO,07/01/2020,09:33:21,1501.7,1500.6,309,1502.4,309,0,4432296
PEL-I.NFO,07/01/2020,09:33:22,1501.7,1501.7,309,1502.9,309,0,4432296
PEL-I.NFO,07/01/2020,09:33:25,1501.7,1500.8,309,1502.8,309,309,4432296
PEL-I.NFO,07/01/2020,09:33:26,1500.8,1500.75,309,1502.55,618,309,4432296
PEL-I.NFO,07/01/2020,09:33:27,1500.8,1500.75,309,1502.55,618,0,4432296
PEL-I.NFO,07/01/2020,09:33:29,1502.55,1501.45,309,1502.95,309,309,4432296
PEL-I.NFO,07/01/2020,09:33:30,1502.55,1501.45,309,1502.95,309,0,4432296
PEL-I.NFO,07/01/2020,09:33:33,1502.55,1501.45,927,1502.95,309,0,4432296
PEL-I.NFO,07/01/2020,09:33:33,1502.55,1501.6,309,1502.95,309,0,4432296
PEL-I.NFO,07/01/2020,09:33:35,1502.55,1501.5,618,1502.95,309,0,4432296
PEL-I.NFO,07/01/2020,09:33:36,1502.55,1501.35,309,1502.9,309,0,4432296
PEL-I.NFO,07/01/2020,09:33:39,1502.55,1501.45,309,1502.95,309,0,4432296
PEL-I.NFO,07/01/2020,09:33:40,1502.55,1501.6,618,1502.95,309,0,4432296
PEL-I.NFO,07/01/2020,09:33:41,1502.55,1501.7,309,1502.55,309,0,4432296
PEL-I.NFO,07/01/2020,09:33:42,1502.55,1501.75,309,1502.55,309,0,4432296
PEL-I.NFO,07/01/2020,09:33:58,1502.55,1501.3,309,1502.55,309,0,4432296
PEL-I.NFO,07/01/2020,09:34:01,1502.55,1500.65,309,1502,618,0,4432296
PEL-I.NFO,07/01/2020,09:34:03,1502.55,1500.55,309,1502,1236,0,4432296
PEL-I.NFO,07/01/2020,09:34:04,1502.55,1500.35,309,1502,1236,0,4432296
PEL-I.NFO,07/01/2020,09:34:07,1502.55,1500.25,309,1502,1236,0,4432296
PEL-I.NFO,07/01/2020,09:34:08,1502.55,1500.2,309,1501.9,618,0,4432296
PEL-I.NFO,07/01/2020,09:34:09,1502.55,1500.55,309,1502,1236,0,4432296
PEL-I.NFO,07/01/2020,09:34:11,1501,1500.5,309,1501.9,618,309,4432296
PEL-I.NFO,07/01/2020,09:34:13,1501,1500.5,309,1501.85,309,0,4432296
PEL-I.NFO,07/01/2020,09:34:14,1501.85,1500.55,309,1502,927,309,4432296
PEL-I.NFO,07/01/2020,09:34:15,1500.55,1500.5,309,1501.85,309,309,4432296
PEL-I.NFO,07/01/2020,09:34:17,1500.55,1500.5,309,1501.85,309,0,4432296
PEL-I.NFO,07/01/2020,09:34:20,1500.1,1500.55,309,1501.55,309,618,4432296
PEL-I.NFO,07/01/2020,09:34:21,1500.1,1500.55,309,1501.6,309,0,4432296
PEL-I.NFO,07/01/2020,09:34:22,1500.1,1500.55,309,1501.65,309,0,4432296
PEL-I.NFO,07/01/2020,09:34:23,1500.1,1500.1,309,1501.5,309,0,4432296
PEL-I.NFO,07/01/2020,09:34:25,1500.1,1500.1,309,1501,309,0,4432296
PEL-I.NFO,07/01/2020,09:34:25,1501,1500.1,309,1501.5,618,309,4432296
PEL-I.NFO,07/01/2020,09:34:26,1500.1,1500,618,1501.55,309,309,4432296
PEL-I.NFO,07/01/2020,09:34:27,1500.1,1500,618,1501.55,309,0,4432296
PEL-I.NFO,07/01/2020,09:34:28,1500,1499.35,309,1501.15,309,2472,4432296
PEL-I.NFO,07/01/2020,09:34:29,1500.2,1498.9,309,1500.2,309,309,4432296
PEL-I.NFO,07/01/2020,09:34:30,1500.2,1498.8,309,1500,309,0,4432296
PEL-I.NFO,07/01/2020,09:34:34,1500,1499.1,309,1500.95,309,309,4432296
PEL-I.NFO,07/01/2020,09:34:35,1500,1499.4,309,1500.95,309,0,4432296
PEL-I.NFO,07/01/2020,09:34:37,1500,1499.15,309,1500.9,309,0,4432296
PEL-I.NFO,07/01/2020,09:34:39,1500,1499,309,1500.2,309,0,4432296
PEL-I.NFO,07/01/2020,09:34:39,1500,1498.75,618,1500.2,309,0,4432296
PEL-I.NFO,07/01/2020,09:34:40,1500,1499,309,1500.2,309,0,4432296
PEL-I.NFO,07/01/2020,09:34:41,1500,1499.1,309,1500.2,309,0,4432296
PEL-I.NFO,07/01/2020,09:34:42,1500,1499.2,309,1500,309,0,4432296
PEL-I.NFO,07/01/2020,09:34:43,1499.7,1499,309,1500.8,618,1236,4432296
PEL-I.NFO,07/01/2020,09:34:44,1499.7,1499,309,1500.7,309,0,4432296
PEL-I.NFO,07/01/2020,09:34:45,1500,1499.15,309,1500.9,618,618,4432296
PEL-I.NFO,07/01/2020,09:34:46,1499.2,1499,309,1500,309,309,4432296
PEL-I.NFO,07/01/2020,09:34:47,1499.2,1499,309,1500,309,0,4432296
PEL-I.NFO,07/01/2020,09:34:49,1499.2,1499,309,1499.95,309,0,4432296
PEL-I.NFO,07/01/2020,09:34:51,1499.2,1499,618,1499.95,309,0,4432296
PEL-I.NFO,07/01/2020,09:34:53,1499.2,1499,618,1499.9,309,0,4432296
PEL-I.NFO,07/01/2020,09:35:01,1499.2,1499,618,1499.95,309,0,4432296
PEL-I.NFO,07/01/2020,09:35:04,1499.95,1499,618,1500,927,309,4432296
PEL-I.NFO,07/01/2020,09:35:05,1499.95,1499,618,1500,927,0,4432296
PEL-I.NFO,07/01/2020,09:35:07,1499.95,1499.1,309,1500,927,0,4432296
PEL-I.NFO,07/01/2020,09:35:08,1499.95,1499.05,309,1500,927,0,4432296
PEL-I.NFO,07/01/2020,09:35:14,1499.95,1499.05,618,1500,927,0,4432296
PEL-I.NFO,07/01/2020,09:35:15,1499.95,1499.15,309,1500,927,0,4432296
PEL-I.NFO,07/01/2020,09:35:16,1499.95,1499.1,309,1500,927,0,4432296
PEL-I.NFO,07/01/2020,09:35:18,1500,1499.15,309,1500,309,927,4433841
PEL-I.NFO,07/01/2020,09:35:19,1499.15,1499.2,309,1500.5,309,309,4433841
PEL-I.NFO,07/01/2020,09:35:20,1499.15,1499.05,309,1500.55,309,0,4433841
PEL-I.NFO,07/01/2020,09:35:21,1499.15,1499,618,1499.95,309,0,4433841
PEL-I.NFO,07/01/2020,09:35:27,1499.15,1499,618,1499.9,309,0,4433841
PEL-I.NFO,07/01/2020,09:35:29,1499.05,1498.05,309,1499.2,309,2472,4433841
PEL-I.NFO,07/01/2020,09:35:29,1499.05,1498.05,309,1499.2,309,0,4433841
PEL-I.NFO,07/01/2020,09:35:30,1498.05,1498,309,1498.95,309,309,4433841
PEL-I.NFO,07/01/2020,09:35:31,1498,1497.3,309,1498.6,309,309,4433841
PEL-I.NFO,07/01/2020,09:35:32,1498,1497.3,309,1498.2,309,0,4433841
PEL-I.NFO,07/01/2020,09:35:33,1498,1497.3,309,1498.5,309,0,4433841
PEL-I.NFO,07/01/2020,09:35:34,1498,1497.3,309,1497.85,309,0,4433841
PEL-I.NFO,07/01/2020,09:35:35,1496,1495.35,309,1496.8,309,1236,4433841
PEL-I.NFO,07/01/2020,09:35:36,1496.5,1495.4,309,1497.1,618,618,4433841
PEL-I.NFO,07/01/2020,09:35:37,1496.5,1495.4,309,1497.1,618,0,4433841
PEL-I.NFO,07/01/2020,09:35:39,1496.5,1495.4,309,1496.9,309,0,4433841
PEL-I.NFO,07/01/2020,09:35:40,1496.5,1495.4,309,1496.7,309,0,4433841
PEL-I.NFO,07/01/2020,09:35:41,1496.5,1495.45,309,1496.7,309,0,4433841
PEL-I.NFO,07/01/2020,09:35:42,1496.5,1495.3,309,1496.1,309,0,4433841
PEL-I.NFO,07/01/2020,09:35:43,1496.5,1495.05,309,1496,309,0,4433841
PEL-I.NFO,07/01/2020,09:35:45,1496.5,1495,618,1496,309,0,4433841
PEL-I.NFO,07/01/2020,09:35:47,1495.05,1495.05,309,1497.25,309,927,4433841
PEL-I.NFO,07/01/2020,09:35:47,1495.05,1495.05,309,1497.05,309,0,4433841
PEL-I.NFO,07/01/2020,09:35:48,1495.05,1496.05,309,1497.7,618,0,4433841
PEL-I.NFO,07/01/2020,09:35:49,1495.05,1496.05,309,1498.05,309,0,4433841
PEL-I.NFO,07/01/2020,09:35:50,1496.05,1496.05,309,1497.95,309,309,4433841
PEL-I.NFO,07/01/2020,09:35:51,1496.05,1497,309,1498.65,309,0,4433841
PEL-I.NFO,07/01/2020,09:35:52,1496.05,1497.05,309,1498.75,309,0,4433841
PEL-I.NFO,07/01/2020,09:35:55,1496.05,1496.55,309,1498.6,309,0,4433841
PEL-I.NFO,07/01/2020,09:35:56,1496.05,1497.35,309,1498.75,309,0,4433841
PEL-I.NFO,07/01/2020,09:35:57,1496.05,1497.35,309,1498.8,309,0,4433841
PEL-I.NFO,07/01/2020,09:35:58,1496.05,1497.35,309,1498.75,309,0,4433841
PEL-I.NFO,07/01/2020,09:36:01,1497.8,1497.35,309,1498.9,309,618,4433841
PEL-I.NFO,07/01/2020,09:36:01,1497.8,1497.35,309,1498.9,309,0,4433841
PEL-I.NFO,07/01/2020,09:36:02,1497.8,1497.35,309,1499,309,0,4433841
PEL-I.NFO,07/01/2020,09:36:03,1497.8,1497.35,309,1498.9,309,0,4433841
PEL-I.NFO,07/01/2020,09:36:04,1497.8,1497.35,309,1498.7,309,0,4433841
PEL-I.NFO,07/01/2020,09:36:05,1497.8,1497.35,309,1498.8,309,0,4433841
PEL-I.NFO,07/01/2020,09:36:06,1497.8,1497.35,309,1498.95,309,0,4433841
PEL-I.NFO,07/01/2020,09:36:08,1497.8,1497.35,309,1499.05,309,0,4433841
PEL-I.NFO,07/01/2020,09:36:09,1497.8,1497.15,309,1499.05,309,0,4433841
PEL-I.NFO,07/01/2020,09:36:10,1497.8,1497.25,309,1499.05,309,0,4433841
PEL-I.NFO,07/01/2020,09:36:12,1497.15,1497.2,309,1499.05,309,309,4433841
PEL-I.NFO,07/01/2020,09:36:12,1497.15,1497.2,309,1499.05,309,0,4433841
PEL-I.NFO,07/01/2020,09:36:17,1497.15,1497.4,309,1499.1,618,0,4433841
PEL-I.NFO,07/01/2020,09:36:19,1497.15,1497.4,309,1499.05,309,0,4433841
PEL-I.NFO,07/01/2020,09:36:21,1499.05,1498,309,1499.1,309,309,4433841
PEL-I.NFO,07/01/2020,09:36:22,1499.05,1498,309,1499.1,309,0,4433841
PEL-I.NFO,07/01/2020,09:36:23,1499.05,1498,309,1499.15,309,0,4433841
PEL-I.NFO,07/01/2020,09:36:28,1498.75,1498.8,309,1499.9,309,618,4433841
PEL-I.NFO,07/01/2020,09:36:28,1498.75,1498.8,309,1499.9,309,0,4433841
PEL-I.NFO,07/01/2020,09:36:29,1498.75,1498.85,618,1499.95,309,0,4433841
PEL-I.NFO,07/01/2020,09:36:30,1500,1499.65,309,1500,309,618,4433841
PEL-I.NFO,07/01/2020,09:36:31,1499.65,1498.9,309,1500,309,309,4433841
PEL-I.NFO,07/01/2020,09:36:32,1498.8,1498.5,618,1499.9,309,309,4433841
PEL-I.NFO,07/01/2020,09:36:33,1498.8,1498.5,618,1499.9,309,0,4433841
PEL-I.NFO,07/01/2020,09:36:35,1499,1498.85,309,1499.9,309,309,4433841
PEL-I.NFO,07/01/2020,09:36:36,1499,1499.15,309,1499.9,309,0,4433841
PEL-I.NFO,07/01/2020,09:36:37,1499.9,1499.1,309,1500,309,309,4433841
PEL-I.NFO,07/01/2020,09:36:38,1499.9,1499.35,618,1500,309,0,4433841
PEL-I.NFO,07/01/2020,09:36:39,1500,1499.55,309,1500.8,309,309,4433841
PEL-I.NFO,07/01/2020,09:36:40,1499.8,1499.1,309,1500.8,309,309,4433841
PEL-I.NFO,07/01/2020,09:36:41,1499.8,1499.35,309,1500.85,309,0,4433841
PEL-I.NFO,07/01/2020,09:36:42,1500.85,1500.3,309,1500.85,309,1236,4433841
PEL-I.NFO,07/01/2020,09:36:43,1500.3,1499.7,309,1501,309,309,4433841
PEL-I.NFO,07/01/2020,09:36:44,1500.3,1499.7,309,1501,309,0,4433841
PEL-I.NFO,07/01/2020,09:36:45,1500.3,1499.9,309,1501.45,309,0,4433841
PEL-I.NFO,07/01/2020,09:36:46,1500.3,1499.9,309,1501.35,309,0,4433841
PEL-I.NFO,07/01/2020,09:36:47,1500.3,1500.15,309,1501.35,309,0,4433841
PEL-I.NFO,07/01/2020,09:36:48,1500.3,1500.3,309,1501.05,309,0,4433841
PEL-I.NFO,07/01/2020,09:36:49,1500.3,1500.45,309,1501.65,309,0,4433841
PEL-I.NFO,07/01/2020,09:36:51,1500.3,1500.3,309,1501.2,309,0,4433841
PEL-I.NFO,07/01/2020,09:36:52,1500.3,1500.35,618,1501.4,309,0,4433841
PEL-I.NFO,07/01/2020,09:36:53,1500.3,1500.65,309,1501.9,309,0,4433841
PEL-I.NFO,07/01/2020,09:36:54,1500.3,1500.65,309,1501.75,309,0,4433841
PEL-I.NFO,07/01/2020,09:36:55,1500.3,1500.6,618,1501.55,309,0,4433841
PEL-I.NFO,07/01/2020,09:36:56,1500.3,1500.6,309,1501.65,309,0,4433841
PEL-I.NFO,07/01/2020,09:36:57,1500.3,1500.3,618,1501.35,309,0,4433841
PEL-I.NFO,07/01/2020,09:36:58,1500.3,1500.3,618,1501.25,309,0,4433841
PEL-I.NFO,07/01/2020,09:36:59,1500.3,1500.3,618,1501.6,309,0,4433841
PEL-I.NFO,07/01/2020,09:37:00,1500.3,1500.35,309,1501.65,309,0,4433841
PEL-I.NFO,07/01/2020,09:37:01,1500.3,1500.3,618,1501.65,309,0,4433841
PEL-I.NFO,07/01/2020,09:37:02,1500.3,1500.35,618,1501.3,309,0,4433841
PEL-I.NFO,07/01/2020,09:37:03,1500.3,1500.55,618,1501.45,309,0,4433841
PEL-I.NFO,07/01/2020,09:37:04,1500.3,1500.55,618,1501.55,309,0,4433841
PEL-I.NFO,07/01/2020,09:37:06,1500.3,1500.5,309,1501.45,309,0,4433841
PEL-I.NFO,07/01/2020,09:37:07,1499.65,1499,618,1500,618,1236,4433841
PEL-I.NFO,07/01/2020,09:37:07,1499.65,1499.3,618,1500,618,0,4433841
PEL-I.NFO,07/01/2020,09:37:08,1499.65,1498.95,309,1500,618,0,4433841
PEL-I.NFO,07/01/2020,09:37:10,1499.65,1499.05,309,1500,618,0,4433841
PEL-I.NFO,07/01/2020,09:37:12,1499.75,1499.2,927,1500.7,309,927,4433841
PEL-I.NFO,07/01/2020,09:37:14,1499.75,1499.1,618,1500.7,309,0,4433841
PEL-I.NFO,07/01/2020,09:37:15,1499.75,1499.4,618,1500.7,309,0,4433841
PEL-I.NFO,07/01/2020,09:37:16,1499.75,1499.5,309,1500.5,309,0,4433841
PEL-I.NFO,07/01/2020,09:37:17,1499.75,1499.5,309,1500.6,309,0,4433841
PEL-I.NFO,07/01/2020,09:37:18,1499.75,1499.05,309,1500.7,309,0,4433841
PEL-I.NFO,07/01/2020,09:37:19,1499.75,1499.05,309,1500.2,309,0,4433841
PEL-I.NFO,07/01/2020,09:37:20,1499.75,1499.15,309,1500.25,309,0,4433841
PEL-I.NFO,07/01/2020,09:37:21,1500,1499.15,309,1499.9,309,309,4433841
PEL-I.NFO,07/01/2020,09:37:23,1500,1498.55,309,1499.9,309,0,4433841
PEL-I.NFO,07/01/2020,09:37:24,1500,1498.4,309,1499.75,309,0,4433841
PEL-I.NFO,07/01/2020,09:37:25,1499.75,1498.75,309,1499.95,309,309,4433841
PEL-I.NFO,07/01/2020,09:37:25,1498.8,1498.75,309,1499.85,309,618,4433841
PEL-I.NFO,07/01/2020,09:37:26,1498.75,1498,309,1499.4,309,309,4433841
PEL-I.NFO,07/01/2020,09:37:27,1498.75,1498,309,1499.05,309,0,4433841
PEL-I.NFO,07/01/2020,09:37:28,1499.05,1498.15,309,1499.3,309,309,4433841
PEL-I.NFO,07/01/2020,09:37:29,1499.05,1498,309,1498.8,309,0,4433841
PEL-I.NFO,07/01/2020,09:37:37,1498,1497.15,309,1498.4,309,309,4433841
PEL-I.NFO,07/01/2020,09:37:38,1497.1,1496.55,309,1498.55,309,309,4433841
PEL-I.NFO,07/01/2020,09:37:39,1497.1,1496.6,309,1498.1,309,0,4433841
PEL-I.NFO,07/01/2020,09:37:41,1497.1,1496.55,309,1497.8,309,0,4433841
PEL-I.NFO,07/01/2020,09:37:41,1497.1,1496.55,309,1498,309,0,4433841
PEL-I.NFO,07/01/2020,09:37:42,1497.1,1496.8,309,1498.2,309,0,4433841
PEL-I.NFO,07/01/2020,09:37:43,1497.1,1496.45,309,1497.7,309,0,4433841
PEL-I.NFO,07/01/2020,09:37:44,1497.1,1496.45,309,1498.15,309,0,4433841
PEL-I.NFO,07/01/2020,09:37:45,1497.1,1496.35,618,1497.85,309,0,4433841
PEL-I.NFO,07/01/2020,09:37:46,1497.1,1496.85,309,1498.35,309,0,4433841
PEL-I.NFO,07/01/2020,09:37:47,1497.1,1496.95,618,1498.65,309,0,4433841
PEL-I.NFO,07/01/2020,09:37:48,1497.1,1496,309,1497.4,309,0,4433841
PEL-I.NFO,07/01/2020,09:37:50,1497.1,1497.25,309,1498.15,309,0,4433841
PEL-I.NFO,07/01/2020,09:37:51,1497.1,1497.25,309,1498.3,309,0,4433841
PEL-I.NFO,07/01/2020,09:37:52,1497.1,1497.25,309,1498.1,309,0,4433841
PEL-I.NFO,07/01/2020,09:37:53,1497.1,1497.25,309,1498.25,309,0,4433841
PEL-I.NFO,07/01/2020,09:37:54,1497.1,1497.25,309,1498.15,309,0,4433841
PEL-I.NFO,07/01/2020,09:37:55,1497.1,1497.25,309,1497.95,309,0,4433841
PEL-I.NFO,07/01/2020,09:37:57,1497.1,1497.25,309,1498.3,309,0,4433841
PEL-I.NFO,07/01/2020,09:37:57,1497.1,1497.25,309,1498.25,309,0,4433841
PEL-I.NFO,07/01/2020,09:37:58,1497.1,1497.3,309,1498.25,309,0,4433841
PEL-I.NFO,07/01/2020,09:37:59,1497.1,1497.35,309,1498.6,309,0,4433841
PEL-I.NFO,07/01/2020,09:38:00,1497.95,1497.3,309,1498.4,309,618,4433841
PEL-I.NFO,07/01/2020,09:38:01,1497.95,1497.3,309,1498.45,309,0,4433841
PEL-I.NFO,07/01/2020,09:38:02,1497.95,1497.3,309,1498.5,309,0,4433841
PEL-I.NFO,07/01/2020,09:38:04,1497.95,1497.3,309,1498.45,309,0,4433841
PEL-I.NFO,07/01/2020,09:38:05,1497.95,1497.3,309,1498.2,309,0,4433841
PEL-I.NFO,07/01/2020,09:38:07,1497.95,1497.3,309,1498.3,309,0,4433841
PEL-I.NFO,07/01/2020,09:38:07,1497.95,1497.3,309,1498.25,309,0,4433841
PEL-I.NFO,07/01/2020,09:38:08,1497.95,1497.3,309,1498.3,309,0,4433841
PEL-I.NFO,07/01/2020,09:38:09,1497.95,1497.3,309,1498.35,309,0,4433841
PEL-I.NFO,07/01/2020,09:38:10,1497.95,1497.35,309,1498,309,0,4433841
PEL-I.NFO,07/01/2020,09:38:12,1497.35,1497.25,309,1498.05,309,927,4433841
PEL-I.NFO,07/01/2020,09:38:14,1497.35,1497.25,309,1498.25,309,0,4433841
PEL-I.NFO,07/01/2020,09:38:14,1497.35,1497.25,309,1497.95,309,0,4433841
PEL-I.NFO,07/01/2020,09:38:15,1497.35,1497.25,309,1497.75,309,0,4433841
PEL-I.NFO,07/01/2020,09:38:17,1497.35,1497.25,309,1497.6,309,0,4433841
PEL-I.NFO,07/01/2020,09:38:20,1497.35,1497.25,309,1497.75,309,0,4433841
PEL-I.NFO,07/01/2020,09:38:23,1497.75,1497.3,309,1498,309,309,4436931
PEL-I.NFO,07/01/2020,09:38:24,1497.75,1497.25,309,1498,309,0,4436931
PEL-I.NFO,07/01/2020,09:38:25,1497.25,1496.55,309,1497.85,309,927,4436931
PEL-I.NFO,07/01/2020,09:38:26,1497.25,1496.75,309,1497.95,309,0,4436931
PEL-I.NFO,07/01/2020,09:38:28,1497.25,1496.55,618,1498.4,309,0,4436931
PEL-I.NFO,07/01/2020,09:38:29,1497.25,1496.55,618,1498.25,309,0,4436931
PEL-I.NFO,07/01/2020,09:38:30,1497.25,1496.4,309,1498.4,309,0,4436931
PEL-I.NFO,07/01/2020,09:38:33,1497.25,1496.65,309,1498.5,309,0,4436931
PEL-I.NFO,07/01/2020,09:38:33,1497.25,1496.75,309,1498.5,309,0,4436931
PEL-I.NFO,07/01/2020,09:38:34,1497.25,1496.85,309,1498.5,309,0,4436931
PEL-I.NFO,07/01/2020,09:38:39,1497.25,1496.95,309,1498.45,309,0,4436931
PEL-I.NFO,07/01/2020,09:38:40,1497.25,1497.05,309,1498.2,309,0,4436931
PEL-I.NFO,07/01/2020,09:38:41,1497.2,1497.05,309,1498.45,309,927,4436931
PEL-I.NFO,07/01/2020,09:38:42,1497.2,1497.05,309,1498.75,309,0,4436931
PEL-I.NFO,07/01/2020,09:38:43,1497.2,1497.05,309,1498.45,309,0,4436931
PEL-I.NFO,07/01/2020,09:38:44,1497.05,1497,309,1498.25,309,309,4436931
PEL-I.NFO,07/01/2020,09:38:45,1497.05,1497,309,1498.25,309,0,4436931
PEL-I.NFO,07/01/2020,09:38:51,1497.05,1497.05,309,1498.5,309,0,4436931
PEL-I.NFO,07/01/2020,09:38:54,1497.05,1497,309,1498.45,309,0,4436931
PEL-I.NFO,07/01/2020,09:38:57,1497.05,1497,309,1498.25,309,0,4436931
PEL-I.NFO,07/01/2020,09:38:58,1497.05,1497,309,1498.45,309,0,4436931
PEL-I.NFO,07/01/2020,09:39:00,1497.05,1497.45,618,1498.45,309,0,4436931
PEL-I.NFO,07/01/2020,09:39:03,1497.05,1497.45,618,1498.75,309,0,4436931
PEL-I.NFO,07/01/2020,09:39:04,1498.5,1497.1,927,1498.95,309,618,4436931
PEL-I.NFO,07/01/2020,09:39:05,1497.2,1497.2,309,1498.7,309,309,4436931
PEL-I.NFO,07/01/2020,09:39:06,1497.2,1497,309,1498.3,309,0,4436931
PEL-I.NFO,07/01/2020,09:39:07,1497.2,1497,309,1498.45,309,0,4436931
PEL-I.NFO,07/01/2020,09:39:08,1497.2,1497,309,1498.35,309,0,4436931
PEL-I.NFO,07/01/2020,09:39:11,1497.2,1497,309,1498.05,309,0,4436931
PEL-I.NFO,07/01/2020,09:39:12,1497,1496.5,309,1498.3,309,309,4436931
PEL-I.NFO,07/01/2020,09:39:13,1497,1496.9,309,1498.85,309,0,4436931
PEL-I.NFO,07/01/2020,09:39:14,1497,1497.15,309,1498.95,309,0,4436931
PEL-I.NFO,07/01/2020,09:39:16,1497,1497.4,309,1499,309,0,4436931
PEL-I.NFO,07/01/2020,09:39:17,1497.4,1496.75,309,1498.5,309,309,4436931
PEL-I.NFO,07/01/2020,09:39:18,1497.4,1496.75,309,1498.35,309,0,4436931
PEL-I.NFO,07/01/2020,09:39:19,1497.4,1496.8,618,1498.8,309,0,4436931
PEL-I.NFO,07/01/2020,09:39:20,1497.4,1496.8,618,1498.45,309,0,4436931
PEL-I.NFO,07/01/2020,09:39:21,1497.4,1496.7,309,1498.35,309,0,4436931
PEL-I.NFO,07/01/2020,09:39:23,1497.4,1497.05,309,1498.75,309,0,4436931
PEL-I.NFO,07/01/2020,09:39:25,1497.4,1497.25,618,1498.8,309,0,4436931
PEL-I.NFO,07/01/2020,09:39:26,1497.4,1497.25,618,1498.5,309,0,4436931
PEL-I.NFO,07/01/2020,09:39:27,1497.4,1497.3,618,1498.85,309,0,4436931
PEL-I.NFO,07/01/2020,09:39:28,1497.4,1497.1,309,1498.85,309,0,4436931
PEL-I.NFO,07/01/2020,09:39:29,1496.7,1496.65,309,1498.45,309,927,4436931
PEL-I.NFO,07/01/2020,09:39:30,1496.7,1496.65,309,1497.9,309,0,4436931
PEL-I.NFO,07/01/2020,09:39:36,1496.7,1496.2,309,1497.9,309,0,4436931
PEL-I.NFO,07/01/2020,09:39:39,1496.2,1496.05,309,1497.3,309,309,4436931
PEL-I.NFO,07/01/2020,09:39:40,1496.2,1495.8,309,1497.15,309,0,4436931
PEL-I.NFO,07/01/2020,09:39:41,1496.2,1495.8,309,1497,309,0,4436931
PEL-I.NFO,07/01/2020,09:39:43,1496.2,1495.35,309,1496.9,309,0,4436931
PEL-I.NFO,07/01/2020,09:39:44,1496.2,1495.35,309,1497.1,309,0,4436931
PEL-I.NFO,07/01/2020,09:39:45,1497.25,1496.05,309,1497.65,309,927,4436931
PEL-I.NFO,07/01/2020,09:39:46,1497.25,1496.05,309,1497.35,309,0,4436931
PEL-I.NFO,07/01/2020,09:39:47,1497.25,1496,309,1497,309,0,4436931
PEL-I.NFO,07/01/2020,09:40:00,1497.25,1496.05,309,1497,309,0,4436931
PEL-I.NFO,07/01/2020,09:40:01,1497.4,1497.3,309,1498.55,309,618,4436931
PEL-I.NFO,07/01/2020,09:40:02,1497.4,1497.9,618,1498.6,309,0,4436931
PEL-I.NFO,07/01/2020,09:40:06,1498.6,1498.2,309,1499.65,309,309,4436931
PEL-I.NFO,07/01/2020,09:40:07,1498.6,1498.15,309,1499.6,309,0,4436931
PEL-I.NFO,07/01/2020,09:40:08,1498.6,1498.5,309,1499.6,309,0,4436931
PEL-I.NFO,07/01/2020,09:40:10,1498.6,1498.5,309,1499.7,309,0,4436931
PEL-I.NFO,07/01/2020,09:40:11,1498.6,1498.5,309,1499.6,309,0,4436931
PEL-I.NFO,07/01/2020,09:40:13,1499.5,1498.5,309,1499.7,309,618,4436931
PEL-I.NFO,07/01/2020,09:40:14,1499.5,1498.5,309,1499.7,309,0,4436931
PEL-I.NFO,07/01/2020,09:40:16,1499.5,1498.5,309,1499.6,309,0,4436931
PEL-I.NFO,07/01/2020,09:40:16,1499.5,1498.5,309,1499.5,309,0,4436931
PEL-I.NFO,07/01/2020,09:40:17,1499.5,1498.5,309,1499.7,309,0,4436931
PEL-I.NFO,07/01/2020,09:40:19,1499.5,1498.5,309,1499.6,309,0,4436931
PEL-I.NFO,07/01/2020,09:40:20,1499.5,1498.5,309,1499.7,309,0,4436931
PEL-I.NFO,07/01/2020,09:40:21,1499.5,1498.5,309,1499.6,309,0,4436931
PEL-I.NFO,07/01/2020,09:40:21,1499.5,1498.5,309,1499.4,309,0,4436931
PEL-I.NFO,07/01/2020,09:40:22,1499.5,1498.5,309,1499.6,309,0,4436931
PEL-I.NFO,07/01/2020,09:40:27,1499.5,1498.5,309,1499.6,618,0,4436931
PEL-I.NFO,07/01/2020,09:40:31,1499.5,1498.5,309,1499.6,309,0,4436931
PEL-I.NFO,07/01/2020,09:40:32,1499.5,1498.5,309,1499.5,309,0,4436931
PEL-I.NFO,07/01/2020,09:40:33,1499.5,1498.5,309,1499.6,309,0,4436931
PEL-I.NFO,07/01/2020,09:40:40,1499.5,1498.5,309,1499.6,618,0,4436931
PEL-I.NFO,07/01/2020,09:40:41,1499.5,1498.5,309,1499.5,309,0,4436931
PEL-I.NFO,07/01/2020,09:40:42,1499.5,1498.5,309,1499.6,309,0,4436931
PEL-I.NFO,07/01/2020,09:40:45,1499.5,1498.5,309,1499.7,309,0,4436931
PEL-I.NFO,07/01/2020,09:40:53,1499.7,1498.2,309,1499.7,309,309,4436931
PEL-I.NFO,07/01/2020,09:40:54,1499.7,1498.1,309,1499.7,309,0,4436931
PEL-I.NFO,07/01/2020,09:40:55,1499.7,1498.2,309,1499.7,309,0,4436931
PEL-I.NFO,07/01/2020,09:40:56,1499.7,1497.85,309,1499.35,309,0,4436931
PEL-I.NFO,07/01/2020,09:40:56,1499.7,1497.85,309,1499.55,309,0,4436931
PEL-I.NFO,07/01/2020,09:40:57,1499.7,1497.85,309,1499.4,309,0,4436931
PEL-I.NFO,07/01/2020,09:40:58,1499.7,1498.2,309,1499.8,309,309,4436931
PEL-I.NFO,07/01/2020,09:40:59,1499.7,1498.4,309,1499.75,309,0,4436931
PEL-I.NFO,07/01/2020,09:41:00,1498.5,1498.8,618,1499.8,309,309,4436931
PEL-I.NFO,07/01/2020,09:41:01,1498.5,1498.8,618,1499.8,309,0,4436931
PEL-I.NFO,07/01/2020,09:41:03,1498.5,1498.7,309,1499.75,309,0,4436931
PEL-I.NFO,07/01/2020,09:41:04,1499.85,1498.95,618,1499.95,309,618,4436931
PEL-I.NFO,07/01/2020,09:41:05,1499.85,1498.9,309,1499.95,309,0,4436931
PEL-I.NFO,07/01/2020,09:41:06,1499.85,1498.85,618,1499.8,309,0,4436931
PEL-I.NFO,07/01/2020,09:41:06,1499.85,1498.7,309,1499.85,309,0,4436931
PEL-I.NFO,07/01/2020,09:41:07,1499.85,1498.7,309,1499.8,309,0,4436931
PEL-I.NFO,07/01/2020,09:41:09,1499.85,1498.7,927,1499.8,309,0,4436931
PEL-I.NFO,07/01/2020,09:41:13,1499.85,1498.85,309,1499.95,309,618,4436931
PEL-I.NFO,07/01/2020,09:41:14,1499.85,1498.5,309,1499.85,309,0,4436931
PEL-I.NFO,07/01/2020,09:41:15,1498.65,1498.6,309,1499.7,309,309,4437858
PEL-I.NFO,07/01/2020,09:41:15,1498.65,1498.65,618,1499.7,309,0,4437858
PEL-I.NFO,07/01/2020,09:41:16,1498.65,1498.4,618,1499.8,309,0,4437858
PEL-I.NFO,07/01/2020,09:41:17,1498.65,1498.45,927,1499.8,309,0,4437858
PEL-I.NFO,07/01/2020,09:41:19,1498.65,1498.75,309,1499.85,309,0,4437858
PEL-I.NFO,07/01/2020,09:41:20,1498.65,1498.85,927,1499.85,309,0,4437858
PEL-I.NFO,07/01/2020,09:41:21,1498.65,1498.25,309,1499.85,309,0,4437858
PEL-I.NFO,07/01/2020,09:41:22,1498.65,1498.55,309,1499.85,309,0,4437858
PEL-I.NFO,07/01/2020,09:41:23,1498.65,1498.35,618,1499.7,309,0,4437858
PEL-I.NFO,07/01/2020,09:41:25,1498.65,1497.75,618,1499.65,309,0,4437858
PEL-I.NFO,07/01/2020,09:41:26,1498.65,1497.95,618,1499.5,309,0,4437858
PEL-I.NFO,07/01/2020,09:41:27,1498.65,1497.75,618,1499.3,309,0,4437858
PEL-I.NFO,07/01/2020,09:41:27,1498.65,1497.65,927,1499.25,309,0,4437858
PEL-I.NFO,07/01/2020,09:41:28,1498.65,1497.65,927,1499.3,309,0,4437858
PEL-I.NFO,07/01/2020,09:41:32,1498.65,1497.85,927,1499.3,309,0,4437858
PEL-I.NFO,07/01/2020,09:41:33,1498.65,1498.05,618,1499.3,309,0,4437858
PEL-I.NFO,07/01/2020,09:41:34,1498.65,1497.9,927,1499.3,309,0,4437858
PEL-I.NFO,07/01/2020,09:41:35,1498.65,1498.6,618,1499.75,309,0,4437858
PEL-I.NFO,07/01/2020,09:41:36,1498.65,1498.75,927,1499.75,309,0,4437858
PEL-I.NFO,07/01/2020,09:41:37,1499.85,1498.8,927,1499.9,309,618,4437858
PEL-I.NFO,07/01/2020,09:41:38,1499.9,1498.8,927,1499.95,309,309,4437858
PEL-I.NFO,07/01/2020,09:41:39,1499.9,1498.8,927,1499.95,309,0,4437858
PEL-I.NFO,07/01/2020,09:41:41,1500.35,1499.25,309,1500.8,309,3090,4437858
PEL-I.NFO,07/01/2020,09:41:42,1500.35,1498.85,309,1499.95,309,0,4437858
PEL-I.NFO,07/01/2020,09:41:43,1500.35,1498.85,309,1500,927,0,4437858
PEL-I.NFO,07/01/2020,09:41:44,1500.35,1499.1,927,1500,927,0,4437858
PEL-I.NFO,07/01/2020,09:41:45,1500.35,1499.05,309,1500,927,0,4437858
PEL-I.NFO,07/01/2020,09:41:46,1500.35,1499.25,309,1500,927,0,4437858
PEL-I.NFO,07/01/2020,09:41:47,1500.35,1499.15,309,1500,927,0,4437858
PEL-I.NFO,07/01/2020,09:41:49,1500.35,1499.15,927,1500,927,0,4437858
PEL-I.NFO,07/01/2020,09:41:50,1500.35,1499.9,309,1500,927,0,4437858
PEL-I.NFO,07/01/2020,09:41:51,1499,1498.5,309,1500,309,2781,4437858
PEL-I.NFO,07/01/2020,09:41:52,1499,1497.95,309,1499.55,309,0,4437858
PEL-I.NFO,07/01/2020,09:41:53,1499,1497.9,309,1499.3,309,0,4437858
PEL-I.NFO,07/01/2020,09:41:54,1499,1498.4,309,1500.35,309,0,4437858
PEL-I.NFO,07/01/2020,09:41:55,1499,1498.45,309,1500.15,309,0,4437858
PEL-I.NFO,07/01/2020,09:41:56,1499,1497.8,309,1499.45,309,0,4437858
PEL-I.NFO,07/01/2020,09:41:57,1499,1497.9,309,1499.45,309,0,4437858
PEL-I.NFO,07/01/2020,09:41:59,1499,1497.8,309,1499.3,309,0,4437858
PEL-I.NFO,07/01/2020,09:42:00,1499,1497.7,309,1499.3,309,0,4437858
PEL-I.NFO,07/01/2020,09:42:02,1499,1497.65,309,1499.15,309,0,4437858
PEL-I.NFO,07/01/2020,09:42:27,1499.85,1498.55,309,1500.55,309,927,4437858
PEL-I.NFO,07/01/2020,09:42:28,1499.85,1498.5,309,1500.15,309,0,4437858
PEL-I.NFO,07/01/2020,09:42:31,1499.85,1498.25,309,1499.85,309,0,4437858
PEL-I.NFO,07/01/2020,09:42:32,1499.85,1498.75,309,1500.7,309,0,4437858
PEL-I.NFO,07/01/2020,09:42:33,1499.85,1498.35,309,1500.2,309,0,4437858
PEL-I.NFO,07/01/2020,09:42:34,1499.85,1498,309,1499,309,0,4437858
PEL-I.NFO,07/01/2020,09:42:35,1499.85,1498.05,309,1499,309,0,4437858
PEL-I.NFO,07/01/2020,09:42:37,1499.85,1497.8,309,1499,309,0,4437858
PEL-I.NFO,07/01/2020,09:42:44,1499.85,1497.3,309,1498.85,309,0,4437858
PEL-I.NFO,07/01/2020,09:42:46,1497.2,1496.2,309,1497.7,309,1545,4437858
PEL-I.NFO,07/01/2020,09:42:47,1497.2,1496.2,309,1497.35,309,0,4437858
PEL-I.NFO,07/01/2020,09:42:48,1497.2,1496.2,309,1497.4,309,0,4437858
PEL-I.NFO,07/01/2020,09:42:49,1497.2,1496.2,309,1497.45,309,0,4437858
PEL-I.NFO,07/01/2020,09:42:50,1497.2,1496.2,309,1497.6,309,0,4437858
PEL-I.NFO,07/01/2020,09:42:51,1497.2,1496.2,309,1497.45,309,0,4437858
PEL-I.NFO,07/01/2020,09:42:52,1497.2,1496.2,309,1497.3,309,0,4437858
PEL-I.NFO,07/01/2020,09:42:54,1497.2,1496.2,309,1497.6,309,0,4437858
PEL-I.NFO,07/01/2020,09:42:55,1497.2,1496.2,309,1497.2,309,0,4437858
PEL-I.NFO,07/01/2020,09:42:56,1497.2,1496.3,309,1497.6,309,0,4437858
PEL-I.NFO,07/01/2020,09:42:59,1497.2,1496.3,309,1497.75,309,309,4437858
PEL-I.NFO,07/01/2020,09:43:00,1496,1494.7,309,1496.15,309,927,4437858
PEL-I.NFO,07/01/2020,09:43:01,1496,1494.75,309,1496,309,0,4437858
PEL-I.NFO,07/01/2020,09:43:02,1496,1494.45,309,1495.7,309,0,4437858
PEL-I.NFO,07/01/2020,09:43:03,1496,1494.6,309,1496,309,0,4437858
PEL-I.NFO,07/01/2020,09:43:05,1496,1494.6,309,1496.15,309,0,4437858
PEL-I.NFO,07/01/2020,09:43:06,1496,1494.6,309,1496,309,0,4437858
PEL-I.NFO,07/01/2020,09:43:07,1496,1494.6,309,1496.15,309,0,4437858
PEL-I.NFO,07/01/2020,09:43:08,1496,1494.45,309,1495.85,309,0,4437858
PEL-I.NFO,07/01/2020,09:43:09,1496,1494.55,309,1495.85,309,0,4437858
PEL-I.NFO,07/01/2020,09:43:09,1496,1494.5,309,1495.55,309,0,4437858
PEL-I.NFO,07/01/2020,09:43:10,1496,1494.5,309,1496.15,309,0,4437858
PEL-I.NFO,07/01/2020,09:43:13,1496,1495.15,309,1497.05,309,0,4437858
PEL-I.NFO,07/01/2020,09:43:14,1496,1495.15,309,1496.95,309,0,4437858
PEL-I.NFO,07/01/2020,09:43:15,1496,1495.15,309,1496.8,309,0,4437858
PEL-I.NFO,07/01/2020,09:43:16,1496,1494.8,309,1496.35,309,0,4437858
PEL-I.NFO,07/01/2020,09:43:18,1496,1495.2,309,1496.65,309,0,4437858
PEL-I.NFO,07/01/2020,09:43:20,1496,1495.2,309,1496.5,309,0,4437858
PEL-I.NFO,07/01/2020,09:43:21,1496,1495.2,309,1496.65,309,0,4437858
PEL-I.NFO,07/01/2020,09:43:22,1496,1495.7,309,1496.75,309,0,4437858
PEL-I.NFO,07/01/2020,09:43:24,1496,1495.3,309,1496.95,309,0,4437858
PEL-I.NFO,07/01/2020,09:43:25,1496,1495.3,309,1496.8,309,0,4437858
PEL-I.NFO,07/01/2020,09:43:27,1496,1495.25,309,1496.65,309,0,4437858
PEL-I.NFO,07/01/2020,09:43:29,1495.15,1494.6,309,1496.15,309,309,4437858
PEL-I.NFO,07/01/2020,09:43:29,1495.2,1494.45,309,1495.85,309,309,4437858
PEL-I.NFO,07/01/2020,09:43:30,1495.2,1494.45,309,1495.65,309,0,4437858
PEL-I.NFO,07/01/2020,09:43:31,1495.2,1494.45,309,1495.7,618,0,4437858
PEL-I.NFO,07/01/2020,09:43:32,1495.2,1494.45,309,1495.7,309,0,4437858
PEL-I.NFO,07/01/2020,09:43:41,1495.2,1494.45,309,1495.85,618,0,4437858
PEL-I.NFO,07/01/2020,09:43:46,1495.2,1494.45,309,1495.8,309,0,4437858
PEL-I.NFO,07/01/2020,09:43:47,1495.2,1494.45,309,1495.65,309,0,4437858
PEL-I.NFO,07/01/2020,09:43:52,1495.2,1494.45,309,1495.2,309,0,4437858
PEL-I.NFO,07/01/2020,09:43:53,1495.2,1494.5,309,1495.85,309,309,4437858
PEL-I.NFO,07/01/2020,09:43:54,1495.85,1494.95,309,1496.45,309,618,4437858
PEL-I.NFO,07/01/2020,09:43:55,1496.45,1494.85,309,1496.5,309,309,4437858
PEL-I.NFO,07/01/2020,09:43:56,1496.45,1494.85,309,1496.5,309,0,4437858
PEL-I.NFO,07/01/2020,09:43:57,1496.45,1494.55,309,1495.9,309,0,4437858
PEL-I.NFO,07/01/2020,09:43:59,1496.45,1494.85,309,1496.65,309,0,4437858
PEL-I.NFO,07/01/2020,09:44:00,1496.45,1495.15,309,1496.6,618,0,4437858
PEL-I.NFO,07/01/2020,09:44:01,1496.5,1495.4,309,1496.9,618,927,4437858
PEL-I.NFO,07/01/2020,09:44:02,1496.5,1495.3,309,1496.9,309,0,4437858
PEL-I.NFO,07/01/2020,09:44:04,1496.5,1495.35,309,1496.45,309,0,4437858
PEL-I.NFO,07/01/2020,09:44:05,1496.5,1495.4,309,1496.45,309,0,4437858
PEL-I.NFO,07/01/2020,09:44:06,1496.5,1495.05,309,1496.45,309,0,4437858
PEL-I.NFO,07/01/2020,09:44:07,1496.5,1495.2,309,1496.45,309,0,4437858
PEL-I.NFO,07/01/2020,09:44:08,1496.5,1495.4,309,1496.45,309,0,4437858
PEL-I.NFO,07/01/2020,09:44:09,1495.4,1494.75,309,1496.4,309,309,4437858
PEL-I.NFO,07/01/2020,09:44:09,1495.4,1494.9,309,1496.4,309,0,4437858
PEL-I.NFO,07/01/2020,09:44:11,1496.15,1495.35,309,1496.45,309,309,4437858
PEL-I.NFO,07/01/2020,09:44:12,1496.15,1495.05,309,1496.4,309,0,4437858
PEL-I.NFO,07/01/2020,09:44:14,1496.15,1495.1,309,1496.4,309,0,4437858
PEL-I.NFO,07/01/2020,09:44:14,1496.15,1495.2,309,1496.4,309,0,4437858
PEL-I.NFO,07/01/2020,09:44:15,1496.15,1495.35,309,1496.45,309,0,4437858
PEL-I.NFO,07/01/2020,09:44:22,1496,1495.35,309,1496.45,309,309,4436931
PEL-I.NFO,07/01/2020,09:44:23,1496,1495.35,309,1496.45,309,0,4436931
PEL-I.NFO,07/01/2020,09:44:24,1493.9,1493.9,309,1495.6,309,1545,4436931
PEL-I.NFO,07/01/2020,09:44:25,1493.9,1493.9,309,1495.45,309,0,4436931
PEL-I.NFO,07/01/2020,09:44:26,1494.85,1493.95,309,1494.95,309,309,4436931
PEL-I.NFO,07/01/2020,09:44:27,1494.85,1493.95,309,1494.95,309,0,4436931
PEL-I.NFO,07/01/2020,09:44:28,1494.85,1493.85,309,1494.95,309,0,4436931
PEL-I.NFO,07/01/2020,09:44:29,1495.6,1494.9,309,1496.4,309,618,4436931
PEL-I.NFO,07/01/2020,09:44:30,1496.35,1495,309,1496.45,309,309,4436931
PEL-I.NFO,07/01/2020,09:44:31,1496.35,1495.75,309,1496.45,309,0,4436931
PEL-I.NFO,07/01/2020,09:44:33,1497.95,1497.3,309,1498.2,309,1236,4436931
PEL-I.NFO,07/01/2020,09:44:34,1497.95,1497.6,309,1498.25,618,0,4436931
PEL-I.NFO,07/01/2020,09:44:35,1498.25,1498.2,309,1499,309,618,4436931
PEL-I.NFO,07/01/2020,09:44:37,1498.25,1498.2,309,1499,309,0,4436931
PEL-I.NFO,07/01/2020,09:44:38,1499.2,1498.55,309,1500.4,309,618,4436931
PEL-I.NFO,07/01/2020,09:44:39,1499.2,1498.25,309,1500.2,309,0,4436931
PEL-I.NFO,07/01/2020,09:44:40,1499.2,1498.25,309,1500,309,0,4436931
PEL-I.NFO,07/01/2020,09:44:40,1499.2,1497.9,309,1499.75,618,0,4436931
PEL-I.NFO,07/01/2020,09:44:41,1499.2,1498.55,309,1500.5,309,0,4436931
PEL-I.NFO,07/01/2020,09:44:42,1499.2,1498.55,309,1500.2,309,0,4436931
PEL-I.NFO,07/01/2020,09:44:43,1499.2,1498.7,309,1500.25,618,618,4436931
PEL-I.NFO,07/01/2020,09:44:44,1499.2,1498.7,309,1500.25,618,0,4436931
PEL-I.NFO,07/01/2020,09:44:45,1499.2,1498.35,309,1499.9,309,0,4436931
PEL-I.NFO,07/01/2020,09:44:46,1499.2,1498.15,309,1499.9,309,0,4436931
PEL-I.NFO,07/01/2020,09:44:47,1499.2,1498.5,309,1499.9,309,0,4436931
PEL-I.NFO,07/01/2020,09:44:48,1499.2,1497.9,309,1499.7,309,0,4436931
PEL-I.NFO,07/01/2020,09:44:49,1499.2,1498.15,309,1499.7,309,0,4436931
PEL-I.NFO,07/01/2020,09:44:50,1499.2,1498.1,309,1499.8,309,0,4436931
PEL-I.NFO,07/01/2020,09:44:51,1499.2,1498.15,309,1499.8,309,0,4436931
PEL-I.NFO,07/01/2020,09:44:54,1499.2,1498.85,309,1500.45,309,0,4436931
PEL-I.NFO,07/01/2020,09:44:55,1499.2,1498.35,309,1500.15,309,0,4436931
PEL-I.NFO,07/01/2020,09:44:56,1499.2,1497.9,309,1499.75,309,0,4436931
PEL-I.NFO,07/01/2020,09:44:57,1499.2,1498.1,309,1499.7,309,0,4436931
PEL-I.NFO,07/01/2020,09:44:58,1499.2,1498.4,309,1499.7,309,0,4436931
PEL-I.NFO,07/01/2020,09:45:00,1499.2,1498.4,309,1500.15,309,0,4436931
PEL-I.NFO,07/01/2020,09:45:02,1499.2,1498.15,309,1500.2,309,0,4436931
PEL-I.NFO,07/01/2020,09:45:02,1499.2,1498.3,309,1500.2,309,0,4436931
PEL-I.NFO,07/01/2020,09:45:03,1499.2,1498.9,309,1500.25,309,0,4436931
PEL-I.NFO,07/01/2020,09:45:05,1499.2,1498.95,309,1500.65,309,0,4436931
PEL-I.NFO,07/01/2020,09:45:06,1499.2,1499.1,309,1500.65,309,0,4436931
PEL-I.NFO,07/01/2020,09:45:07,1500.7,1498.7,309,1500.9,309,927,4436931
PEL-I.NFO,07/01/2020,09:45:08,1500.7,1499.1,618,1500.9,309,0,4436931
PEL-I.NFO,07/01/2020,09:45:09,1500.7,1498.9,927,1500,309,0,4436931
PEL-I.NFO,07/01/2020,09:45:10,1500.7,1498.4,309,1500,309,0,4436931
PEL-I.NFO,07/01/2020,09:45:11,1500.7,1498.5,309,1500,309,0,4436931
PEL-I.NFO,07/01/2020,09:45:12,1500.7,1498.3,309,1499.85,309,0,4436931
PEL-I.NFO,07/01/2020,09:45:17,1500.7,1498.45,927,1499.85,309,0,4436931
PEL-I.NFO,07/01/2020,09:45:22,1500.7,1498.4,309,1499.85,309,0,4436931
PEL-I.NFO,07/01/2020,09:45:23,1498.3,1498.3,309,1499.85,309,309,4436931
PEL-I.NFO,07/01/2020,09:45:24,1498.3,1498.25,309,1499.85,309,0,4436931
PEL-I.NFO,07/01/2020,09:45:26,1498.3,1498.45,618,1499.85,309,0,4436931
PEL-I.NFO,07/01/2020,09:45:27,1498.3,1498.3,309,1499.85,309,0,4436931
PEL-I.NFO,07/01/2020,09:45:28,1498.3,1498.35,309,1499.85,309,0,4436931
PEL-I.NFO,07/01/2020,09:45:29,1498.3,1499,309,1499.85,309,0,4436931
PEL-I.NFO,07/01/2020,09:45:35,1499,1498.6,618,1499.85,309,309,4436931
PEL-I.NFO,07/01/2020,09:45:36,1499,1498.7,927,1499.85,309,0,4436931
PEL-I.NFO,07/01/2020,09:45:37,1499,1498.55,309,1500,309,0,4436931
PEL-I.NFO,07/01/2020,09:45:39,1499,1498.55,618,1500,309,0,4436931
PEL-I.NFO,07/01/2020,09:45:40,1499,1498.5,309,1499.95,309,0,4436931
PEL-I.NFO,07/01/2020,09:45:47,1499,1498.7,618,1499.95,309,0,4436931
PEL-I.NFO,07/01/2020,09:45:48,1499,1498.9,309,1500,309,0,4436931
PEL-I.NFO,07/01/2020,09:45:49,1499,1499,618,1500,309,0,4436931
PEL-I.NFO,07/01/2020,09:45:50,1499,1498.55,309,1500,309,0,4436931
PEL-I.NFO,07/01/2020,09:45:51,1499,1498.75,309,1500,309,0,4436931
PEL-I.NFO,07/01/2020,09:45:52,1499,1498.6,309,1500,618,0,4436931
PEL-I.NFO,07/01/2020,09:45:53,1499,1498.55,618,1500,618,0,4436931
PEL-I.NFO,07/01/2020,09:45:55,1499,1498.65,618,1500,618,0,4436931
PEL-I.NFO,07/01/2020,09:45:57,1499,1498.55,309,1500,618,0,4436931
PEL-I.NFO,07/01/2020,09:45:59,1498.85,1498.5,309,1499.75,309,309,4436931
PEL-I.NFO,07/01/2020,09:46:00,1498.85,1498.5,309,1499.75,309,0,4436931
PEL-I.NFO,07/01/2020,09:46:04,1498.85,1498.5,309,1499.7,309,309,4436931
PEL-I.NFO,07/01/2020,09:46:04,1498.85,1498.5,309,1499.8,309,0,4436931
PEL-I.NFO,07/01/2020,09:46:07,1499,1498,309,1499.3,309,618,4436931
PEL-I.NFO,07/01/2020,09:46:08,1499,1498,309,1499.2,309,0,4436931
PEL-I.NFO,07/01/2020,09:46:09,1499,1498,309,1499.35,309,0,4436931
PEL-I.NFO,07/01/2020,09:46:10,1499,1498,309,1499.2,309,0,4436931
PEL-I.NFO,07/01/2020,09:46:16,1499,1498,309,1499.3,309,0,4436931
PEL-I.NFO,07/01/2020,09:46:17,1499,1497.3,309,1499.2,309,0,4436931
PEL-I.NFO,07/01/2020,09:46:18,1499,1497.25,309,1498.95,309,0,4436931
PEL-I.NFO,07/01/2020,09:46:19,1499,1497.3,618,1499,309,0,4436931
PEL-I.NFO,07/01/2020,09:46:20,1499,1497.3,927,1499,309,0,4436931
PEL-I.NFO,07/01/2020,09:46:21,1499,1497.55,309,1499,309,0,4436931
PEL-I.NFO,07/01/2020,09:46:22,1499,1497.25,309,1499,309,0,4436931
PEL-I.NFO,07/01/2020,09:46:23,1499,1497.3,309,1499,309,0,4436931
PEL-I.NFO,07/01/2020,09:46:26,1499,1497.15,618,1498.75,309,0,4436931
PEL-I.NFO,07/01/2020,09:46:32,1499,1497,309,1498.75,309,0,4436931
PEL-I.NFO,07/01/2020,09:46:33,1499,1497,309,1498.6,309,0,4436931
