Ticker,Date,Time,LTP,BuyPrice,BuyQty,SellPrice,SellQty,LTQ,OpenInterest
TITAN-I.NFO,07/01/2020,09:15:00,1171.5,1171.9,750,1174.8,2250,750,11053500
TITAN-I.NFO,07/01/2020,09:15:00,1171.5,1171.9,750,1174.8,2250,0,11053500
TITAN-I.NFO,07/01/2020,09:15:00,1171.5,1171.9,750,1174.8,2250,0,11053500
TITAN-I.NFO,07/01/2020,09:15:00,1171.5,1171.9,750,1174.8,2250,0,11053500
TITAN-I.NFO,07/01/2020,09:15:01,1174.55,1172,750,1174.45,750,3000,11053500
TITAN-I.NFO,07/01/2020,09:15:01,1174.8,1172,750,1174.45,750,0,11053500
TITAN-I.NFO,07/01/2020,09:15:02,1174.55,1172.45,750,1173.5,750,4500,11053500
TITAN-I.NFO,07/01/2020,09:15:03,1172.05,1171.25,1500,1172.75,750,2250,11053500
TITAN-I.NFO,07/01/2020,09:15:04,1172.8,1171.95,750,1173.75,750,750,11053500
TITAN-I.NFO,07/01/2020,09:15:05,1173.8,1174,1500,1174.6,750,1500,11053500
TITAN-I.NFO,07/01/2020,09:15:06,1175,1174.65,750,1176.3,1500,5250,11053500
TITAN-I.NFO,07/01/2020,09:15:06,1175,1174.65,750,1176.3,1500,0,11053500
TITAN-I.NFO,07/01/2020,09:15:07,1174.8,1174.8,750,1176.25,1500,3000,11053500
TITAN-I.NFO,07/01/2020,09:15:08,1174.9,1174.7,750,1176,2250,4500,11053500
TITAN-I.NFO,07/01/2020,09:15:08,1175.1,1174.7,750,1176,2250,0,11053500
TITAN-I.NFO,07/01/2020,09:15:08,1174.9,1174.7,750,1176,2250,0,11053500
TITAN-I.NFO,07/01/2020,09:15:09,1174,1174,750,1174.5,750,3000,11053500
TITAN-I.NFO,07/01/2020,09:15:11,1172.65,1172.1,750,1173.05,2250,3000,11053500
TITAN-I.NFO,07/01/2020,09:15:12,1172.6,1171.15,750,1172.65,1500,8250,11053500
TITAN-I.NFO,07/01/2020,09:15:12,1171,1171.15,750,1172.65,1500,0,11053500
TITAN-I.NFO,07/01/2020,09:15:13,1171.45,1170.75,750,1172.35,2250,2250,11053500
TITAN-I.NFO,07/01/2020,09:15:14,1173,1171.55,2250,1173.15,1500,3000,11053500
TITAN-I.NFO,07/01/2020,09:15:15,1172.4,1172.1,750,1173.15,1500,1500,11053500
TITAN-I.NFO,07/01/2020,09:15:16,1173.15,1171.9,750,1173.2,2250,750,11053500
TITAN-I.NFO,07/01/2020,09:15:17,1172.65,1171.7,750,1172.6,750,5250,11053500
TITAN-I.NFO,07/01/2020,09:15:17,1172.65,1171.7,750,1172.6,750,0,11053500
TITAN-I.NFO,07/01/2020,09:15:18,1172.6,1171.7,750,1172.65,1500,750,11053500
TITAN-I.NFO,07/01/2020,09:15:19,1171.65,1171.6,750,1172.6,750,3750,11053500
TITAN-I.NFO,07/01/2020,09:15:21,1172.65,1171.6,750,1172.75,750,1500,11053500
TITAN-I.NFO,07/01/2020,09:15:22,1172.55,1171.8,1500,1172.85,750,1500,11053500
TITAN-I.NFO,07/01/2020,09:15:23,1172.9,1172.05,1500,1173.1,750,1500,11053500
TITAN-I.NFO,07/01/2020,09:15:24,1173.15,1172.15,1500,1173.9,750,3000,11053500
TITAN-I.NFO,07/01/2020,09:15:25,1172.95,1173.1,750,1173.9,750,6000,11053500
TITAN-I.NFO,07/01/2020,09:15:26,1174,1173.05,750,1174,1500,1500,11053500
TITAN-I.NFO,07/01/2020,09:15:27,1174.5,1173.85,3750,1174.65,750,2250,11053500
TITAN-I.NFO,07/01/2020,09:15:28,1173.75,1173.1,750,1174.3,750,8250,11053500
TITAN-I.NFO,07/01/2020,09:15:29,1173.75,1173.75,750,1174.3,750,0,11053500
TITAN-I.NFO,07/01/2020,09:15:30,1174,1173.2,1500,1174.1,750,2250,11053500
TITAN-I.NFO,07/01/2020,09:15:31,1173.9,1173.2,1500,1174.05,750,750,11053500
TITAN-I.NFO,07/01/2020,09:15:32,1173.65,1173.1,1500,1173.85,1500,3000,11053500
TITAN-I.NFO,07/01/2020,09:15:33,1173.45,1173.15,1500,1173.95,1500,2250,11053500
TITAN-I.NFO,07/01/2020,09:15:34,1173.1,1173,750,1173.75,750,1500,11053500
TITAN-I.NFO,07/01/2020,09:15:35,1173.45,1173.15,750,1173.95,1500,3750,11053500
TITAN-I.NFO,07/01/2020,09:15:36,1173.45,1173.1,750,1173.9,750,0,11053500
TITAN-I.NFO,07/01/2020,09:15:37,1174.2,1174.1,750,1174.7,750,13500,11053500
TITAN-I.NFO,07/01/2020,09:15:38,1174.05,1174.15,750,1174.7,750,750,11053500
TITAN-I.NFO,07/01/2020,09:15:39,1174.2,1174.15,750,1174.75,1500,2250,11053500
TITAN-I.NFO,07/01/2020,09:15:40,1174.35,1174.05,750,1174.4,750,1500,11053500
TITAN-I.NFO,07/01/2020,09:15:41,1174.15,1174.05,750,1174.8,750,3000,11053500
TITAN-I.NFO,07/01/2020,09:15:42,1174.75,1174,9000,1174.8,750,1500,11053500
TITAN-I.NFO,07/01/2020,09:15:42,1174.75,1174.15,750,1174.8,750,0,11053500
TITAN-I.NFO,07/01/2020,09:15:45,1174.4,1174.2,1500,1174.95,2250,3750,11053500
TITAN-I.NFO,07/01/2020,09:15:46,1174.15,1174,9000,1174.7,750,1500,11053500
TITAN-I.NFO,07/01/2020,09:15:47,1174.1,1174,9000,1174.75,750,750,11053500
TITAN-I.NFO,07/01/2020,09:15:48,1173.8,1173.2,1500,1174.35,750,9750,11053500
TITAN-I.NFO,07/01/2020,09:15:49,1173.8,1173.35,750,1174.45,1500,0,11053500
TITAN-I.NFO,07/01/2020,09:15:50,1174.6,1174.1,750,1174.7,750,750,11053500
TITAN-I.NFO,07/01/2020,09:15:51,1174.2,1173.85,750,1174.7,750,4500,11053500
TITAN-I.NFO,07/01/2020,09:15:52,1174.65,1173.65,750,1174.65,1500,3750,11053500
TITAN-I.NFO,07/01/2020,09:15:53,1174.35,1173.65,750,1174.7,1500,1500,11053500
TITAN-I.NFO,07/01/2020,09:15:54,1174.35,1173.6,1500,1174.6,1500,0,11053500
TITAN-I.NFO,07/01/2020,09:15:55,1174,1174.05,750,1174.75,750,4500,11053500
TITAN-I.NFO,07/01/2020,09:15:56,1174.1,1174.15,750,1174.75,750,750,11053500
TITAN-I.NFO,07/01/2020,09:15:57,1174.1,1174.15,750,1174.65,1500,0,11053500
TITAN-I.NFO,07/01/2020,09:15:58,1174.65,1174.15,750,1174.7,1500,750,11053500
TITAN-I.NFO,07/01/2020,09:15:59,1174.75,1174.35,750,1174.95,3000,1500,11053500
TITAN-I.NFO,07/01/2020,09:16:00,1175,1174.85,750,1175.65,750,8250,11053500
TITAN-I.NFO,07/01/2020,09:16:00,1175.2,1174.85,750,1175.65,750,0,11053500
TITAN-I.NFO,07/01/2020,09:16:01,1175,1175.15,750,1175.8,750,0,11053500
TITAN-I.NFO,07/01/2020,09:16:02,1175,1174.55,750,1175.2,750,10500,11053500
TITAN-I.NFO,07/01/2020,09:16:03,1175.3,1174.65,750,1175.45,750,1500,11053500
TITAN-I.NFO,07/01/2020,09:16:03,1175.3,1174.65,750,1175.45,750,0,11053500
TITAN-I.NFO,07/01/2020,09:16:04,1174.85,1174.55,1500,1175.4,750,750,11053500
TITAN-I.NFO,07/01/2020,09:16:05,1174.55,1174.45,750,1175.2,750,1500,11053500
TITAN-I.NFO,07/01/2020,09:16:06,1174.75,1174.45,750,1175,750,1500,11053500
TITAN-I.NFO,07/01/2020,09:16:07,1174.75,1174.5,750,1174.75,750,0,11053500
TITAN-I.NFO,07/01/2020,09:16:08,1175.25,1174.5,1500,1175.3,1500,3000,11053500
TITAN-I.NFO,07/01/2020,09:16:09,1175.15,1174.1,750,1174.95,1500,6750,11053500
TITAN-I.NFO,07/01/2020,09:16:10,1174.8,1174.1,750,1175,750,2250,11053500
TITAN-I.NFO,07/01/2020,09:16:11,1174.95,1174.2,750,1174.85,750,750,11053500
TITAN-I.NFO,07/01/2020,09:16:12,1174.95,1174.15,750,1174.85,750,0,11053500
TITAN-I.NFO,07/01/2020,09:16:13,1174.7,1174.35,750,1175,4500,1500,11053500
TITAN-I.NFO,07/01/2020,09:16:14,1174.6,1174.5,750,1175,3750,750,11053500
TITAN-I.NFO,07/01/2020,09:16:15,1174.5,1174.3,750,1174.9,750,750,11053500
TITAN-I.NFO,07/01/2020,09:16:16,1174,1173.55,750,1174.05,750,10500,11053500
TITAN-I.NFO,07/01/2020,09:16:17,1174,1173.55,750,1173.95,750,0,11053500
TITAN-I.NFO,07/01/2020,09:16:18,1173.95,1173.55,750,1174,750,750,11053500
TITAN-I.NFO,07/01/2020,09:16:19,1173.95,1173.55,750,1174,750,0,11053500
TITAN-I.NFO,07/01/2020,09:16:20,1174,1173.65,1500,1174.3,1500,750,11053500
TITAN-I.NFO,07/01/2020,09:16:21,1174,1173.95,750,1174.4,750,0,11053500
TITAN-I.NFO,07/01/2020,09:16:22,1173.95,1173.7,750,1174.4,750,750,11053500
TITAN-I.NFO,07/01/2020,09:16:23,1173.65,1173.35,750,1174.1,1500,750,11053500
TITAN-I.NFO,07/01/2020,09:16:24,1173.5,1173.05,750,1173.6,1500,750,11053500
TITAN-I.NFO,07/01/2020,09:16:25,1173.5,1173.05,750,1173.6,1500,0,11053500
TITAN-I.NFO,07/01/2020,09:16:26,1173.5,1173.25,1500,1173.85,2250,0,11053500
TITAN-I.NFO,07/01/2020,09:16:27,1173.25,1173.05,750,1173.5,750,750,11053500
TITAN-I.NFO,07/01/2020,09:16:28,1173.55,1173.15,750,1173.75,750,1500,11053500
TITAN-I.NFO,07/01/2020,09:16:29,1173.25,1173.15,1500,1173.9,1500,2250,11053500
TITAN-I.NFO,07/01/2020,09:16:30,1173.9,1173.3,750,1173.95,750,750,11053500
TITAN-I.NFO,07/01/2020,09:16:31,1173.9,1173.5,750,1173.9,750,0,11053500
TITAN-I.NFO,07/01/2020,09:16:32,1173.5,1173.1,1500,1173.8,750,750,11053500
TITAN-I.NFO,07/01/2020,09:16:33,1173.1,1173,1500,1173.75,1500,750,11053500
TITAN-I.NFO,07/01/2020,09:16:34,1173.1,1173,1500,1173.7,750,0,11053500
TITAN-I.NFO,07/01/2020,09:16:35,1173,1172.9,2250,1173.65,750,2250,11053500
TITAN-I.NFO,07/01/2020,09:16:36,1172.9,1172.7,750,1173.25,750,1500,11053500
TITAN-I.NFO,07/01/2020,09:16:37,1173.6,1172.95,750,1173.55,750,1500,11053500
TITAN-I.NFO,07/01/2020,09:16:38,1173.45,1173,750,1173.55,750,1500,11053500
TITAN-I.NFO,07/01/2020,09:16:39,1173,1173.1,750,1173.55,750,1500,11053500
TITAN-I.NFO,07/01/2020,09:16:40,1173.1,1173,750,1173.6,750,1500,11053500
TITAN-I.NFO,07/01/2020,09:16:41,1173.55,1173.1,1500,1173.75,750,3750,11053500
TITAN-I.NFO,07/01/2020,09:16:42,1173.55,1173.05,2250,1173.85,1500,0,11053500
TITAN-I.NFO,07/01/2020,09:16:43,1173.55,1173.4,1500,1173.9,750,0,11053500
TITAN-I.NFO,07/01/2020,09:16:44,1173.7,1173.55,750,1174.25,750,5250,11053500
TITAN-I.NFO,07/01/2020,09:16:45,1173.7,1173.4,750,1173.95,750,0,11053500
TITAN-I.NFO,07/01/2020,09:16:46,1173.45,1173.25,750,1173.85,750,750,11053500
TITAN-I.NFO,07/01/2020,09:16:47,1173.45,1173.35,750,1173.85,750,0,11053500
TITAN-I.NFO,07/01/2020,09:16:48,1174,1174,750,1174.7,3000,1500,11053500
TITAN-I.NFO,07/01/2020,09:16:49,1174,1174,750,1174.55,750,0,11053500
TITAN-I.NFO,07/01/2020,09:16:50,1174,1174,750,1174.6,750,0,11053500
TITAN-I.NFO,07/01/2020,09:16:51,1173.85,1173.8,750,1174.4,750,750,11053500
TITAN-I.NFO,07/01/2020,09:16:52,1174.5,1173.8,750,1174.35,1500,1500,11053500
TITAN-I.NFO,07/01/2020,09:16:53,1173.8,1173.3,750,1173.85,1500,750,11053500
TITAN-I.NFO,07/01/2020,09:16:54,1173.8,1173.45,750,1174,750,0,11053500
TITAN-I.NFO,07/01/2020,09:16:55,1173.8,1173.2,750,1173.8,1500,0,11053500
TITAN-I.NFO,07/01/2020,09:16:56,1173,1172.5,750,1173.15,750,3750,11053500
TITAN-I.NFO,07/01/2020,09:16:57,1173,1173,2250,1173.25,1500,0,11053500
TITAN-I.NFO,07/01/2020,09:16:58,1173,1173,2250,1173.25,750,0,11053500
TITAN-I.NFO,07/01/2020,09:16:59,1173.25,1173,2250,1173.3,750,750,11053500
TITAN-I.NFO,07/01/2020,09:17:00,1173.25,1173,2250,1173.3,750,0,11053500
TITAN-I.NFO,07/01/2020,09:17:01,1173.3,1172.7,750,1173.4,750,5250,11053500
TITAN-I.NFO,07/01/2020,09:17:02,1173.3,1172.7,750,1173.35,750,0,11053500
TITAN-I.NFO,07/01/2020,09:17:03,1173.25,1173.3,3000,1173.85,750,750,11053500
TITAN-I.NFO,07/01/2020,09:17:04,1173.25,1173.3,3000,1173.75,750,0,11053500
TITAN-I.NFO,07/01/2020,09:17:05,1173.3,1173.3,2250,1173.75,750,750,11053500
TITAN-I.NFO,07/01/2020,09:17:06,1173.25,1172.85,750,1173.5,750,3000,11053500
TITAN-I.NFO,07/01/2020,09:17:07,1173.25,1173.3,750,1173.8,750,0,11053500
TITAN-I.NFO,07/01/2020,09:17:07,1173.25,1173.3,750,1173.75,1500,0,11053500
TITAN-I.NFO,07/01/2020,09:17:08,1173.25,1173.3,750,1173.8,750,0,11053500
TITAN-I.NFO,07/01/2020,09:17:09,1173.75,1173.3,750,1173.8,750,750,11053500
TITAN-I.NFO,07/01/2020,09:17:10,1173.3,1173.05,750,1173.75,750,750,11095500
TITAN-I.NFO,07/01/2020,09:17:12,1173.8,1173.25,750,1173.95,750,1500,11095500
TITAN-I.NFO,07/01/2020,09:17:13,1173.8,1173.3,750,1173.95,750,0,11095500
TITAN-I.NFO,07/01/2020,09:17:14,1173.3,1173.25,750,1173.75,750,750,11095500
TITAN-I.NFO,07/01/2020,09:17:14,1173.25,1173,3000,1173.65,750,750,11095500
TITAN-I.NFO,07/01/2020,09:17:16,1173.25,1173.1,750,1173.65,750,0,11095500
TITAN-I.NFO,07/01/2020,09:17:17,1173,1172.55,750,1173.1,750,3000,11095500
TITAN-I.NFO,07/01/2020,09:17:18,1173.1,1172.65,750,1173.3,750,750,11095500
TITAN-I.NFO,07/01/2020,09:17:19,1173,1172.7,750,1173.3,750,750,11095500
TITAN-I.NFO,07/01/2020,09:17:20,1173,1172.6,750,1173.25,1500,0,11095500
TITAN-I.NFO,07/01/2020,09:17:21,1172.6,1172.3,750,1172.95,750,750,11095500
TITAN-I.NFO,07/01/2020,09:17:22,1172.6,1172.3,750,1172.85,750,0,11095500
TITAN-I.NFO,07/01/2020,09:17:23,1172.9,1172.45,750,1173,3750,750,11095500
TITAN-I.NFO,07/01/2020,09:17:24,1172.9,1172.3,750,1172.95,750,0,11095500
TITAN-I.NFO,07/01/2020,09:17:25,1172.85,1172.35,750,1172.95,750,2250,11095500
TITAN-I.NFO,07/01/2020,09:17:26,1172.85,1172.35,1500,1172.95,750,0,11095500
TITAN-I.NFO,07/01/2020,09:17:27,1172.35,1172.65,750,1172.9,750,1500,11095500
TITAN-I.NFO,07/01/2020,09:17:28,1172.25,1172.25,750,1172.75,1500,2250,11095500
TITAN-I.NFO,07/01/2020,09:17:29,1172,1172,3750,1172.6,750,3750,11095500
TITAN-I.NFO,07/01/2020,09:17:30,1171.45,1171.25,750,1172.1,750,3750,11095500
TITAN-I.NFO,07/01/2020,09:17:31,1171.45,1171.4,750,1171.8,1500,0,11095500
TITAN-I.NFO,07/01/2020,09:17:32,1171.4,1171.05,750,1171.75,1500,2250,11095500
TITAN-I.NFO,07/01/2020,09:17:33,1171.4,1171.05,750,1171.65,1500,0,11095500
TITAN-I.NFO,07/01/2020,09:17:34,1171.65,1171.1,750,1171.8,750,750,11095500
TITAN-I.NFO,07/01/2020,09:17:35,1171.85,1171.25,750,1171.85,750,1500,11095500
TITAN-I.NFO,07/01/2020,09:17:36,1171.85,1171.25,750,1171.95,1500,750,11095500
TITAN-I.NFO,07/01/2020,09:17:37,1171.85,1171.3,1500,1172,3750,0,11095500
TITAN-I.NFO,07/01/2020,09:17:38,1171.8,1171.3,1500,1171.95,1500,750,11095500
TITAN-I.NFO,07/01/2020,09:17:39,1171.95,1171.5,1500,1172,4500,750,11095500
TITAN-I.NFO,07/01/2020,09:17:40,1171.95,1171.6,1500,1172,5250,0,11095500
TITAN-I.NFO,07/01/2020,09:17:41,1171.95,1171.6,1500,1172,6000,0,11095500
TITAN-I.NFO,07/01/2020,09:17:42,1172,1171.9,750,1172.65,1500,6750,11095500
TITAN-I.NFO,07/01/2020,09:17:43,1172,1171.9,750,1172.65,1500,0,11095500
TITAN-I.NFO,07/01/2020,09:17:44,1172.55,1171.95,1500,1172.55,750,1500,11095500
TITAN-I.NFO,07/01/2020,09:17:45,1172.4,1172.15,1500,1172.85,1500,1500,11095500
TITAN-I.NFO,07/01/2020,09:17:46,1172,1171.85,750,1172.35,1500,3750,11095500
TITAN-I.NFO,07/01/2020,09:17:47,1172.15,1171.55,750,1172.1,1500,1500,11095500
TITAN-I.NFO,07/01/2020,09:17:48,1172.15,1171.55,750,1172.1,1500,0,11095500
TITAN-I.NFO,07/01/2020,09:17:49,1172,1171.8,750,1172.5,1500,2250,11095500
TITAN-I.NFO,07/01/2020,09:17:50,1172,1171.4,750,1171.95,1500,0,11095500
TITAN-I.NFO,07/01/2020,09:17:51,1171.85,1171.4,1500,1172,2250,750,11095500
TITAN-I.NFO,07/01/2020,09:17:52,1171.85,1171.35,750,1171.95,1500,0,11095500
TITAN-I.NFO,07/01/2020,09:17:55,1171.95,1171.6,750,1172,2250,750,11095500
TITAN-I.NFO,07/01/2020,09:17:56,1171.95,1171.55,1500,1172,2250,0,11095500
TITAN-I.NFO,07/01/2020,09:17:57,1171.45,1171.45,750,1172,1500,7500,11095500
TITAN-I.NFO,07/01/2020,09:17:58,1171.45,1171.45,750,1172,1500,0,11095500
TITAN-I.NFO,07/01/2020,09:17:59,1171.95,1171.75,1500,1172.4,750,3750,11095500
TITAN-I.NFO,07/01/2020,09:18:00,1172,1171.75,1500,1172.35,750,750,11095500
TITAN-I.NFO,07/01/2020,09:18:01,1172,1171.85,1500,1172.4,750,0,11095500
TITAN-I.NFO,07/01/2020,09:18:02,1172.05,1172.05,750,1172.5,750,750,11095500
TITAN-I.NFO,07/01/2020,09:18:03,1172.15,1172.25,750,1172.8,750,2250,11095500
TITAN-I.NFO,07/01/2020,09:18:04,1172.15,1172.15,1500,1172.85,1500,0,11095500
TITAN-I.NFO,07/01/2020,09:18:05,1172.15,1172.45,750,1172.95,750,0,11095500
TITAN-I.NFO,07/01/2020,09:18:06,1172.15,1172.05,750,1172.6,1500,3000,11095500
TITAN-I.NFO,07/01/2020,09:18:07,1172.6,1172.15,750,1172.6,750,750,11095500
TITAN-I.NFO,07/01/2020,09:18:08,1172.6,1172.15,750,1172.6,750,0,11095500
TITAN-I.NFO,07/01/2020,09:18:09,1172,1171.6,750,1172,2250,2250,11095500
TITAN-I.NFO,07/01/2020,09:18:10,1171.5,1171.35,750,1171.75,1500,1500,11095500
TITAN-I.NFO,07/01/2020,09:18:11,1172.5,1171.7,2250,1172.5,1500,7500,11095500
TITAN-I.NFO,07/01/2020,09:18:12,1172.5,1172.1,750,1172.7,1500,0,11095500
TITAN-I.NFO,07/01/2020,09:18:13,1172.15,1171.5,1500,1172.1,750,2250,11095500
TITAN-I.NFO,07/01/2020,09:18:14,1172.1,1171.75,750,1172.15,6000,750,11095500
TITAN-I.NFO,07/01/2020,09:18:15,1172.65,1172.1,1500,1172.8,1500,8250,11095500
TITAN-I.NFO,07/01/2020,09:18:16,1172.65,1172.1,1500,1172.8,1500,0,11095500
TITAN-I.NFO,07/01/2020,09:18:17,1172.65,1172.1,750,1172.8,1500,0,11095500
TITAN-I.NFO,07/01/2020,09:18:18,1172.8,1172.25,750,1172.8,750,750,11095500
TITAN-I.NFO,07/01/2020,09:18:19,1171.1,1171.55,1500,1172.1,750,8250,11095500
TITAN-I.NFO,07/01/2020,09:18:20,1171.1,1172,750,1172.1,750,0,11095500
TITAN-I.NFO,07/01/2020,09:18:21,1172.05,1172.05,1500,1172.6,750,1500,11095500
TITAN-I.NFO,07/01/2020,09:18:22,1172.05,1172.2,1500,1172.65,750,0,11095500
TITAN-I.NFO,07/01/2020,09:18:23,1172.7,1172.65,750,1172.95,750,1500,11095500
TITAN-I.NFO,07/01/2020,09:18:24,1172.7,1172.65,750,1172.95,750,0,11095500
TITAN-I.NFO,07/01/2020,09:18:25,1172.65,1172.3,750,1172.95,750,2250,11095500
TITAN-I.NFO,07/01/2020,09:18:26,1172.65,1172.25,1500,1172.95,1500,0,11095500
TITAN-I.NFO,07/01/2020,09:18:28,1172.05,1172,6000,1172.5,750,4500,11095500
TITAN-I.NFO,07/01/2020,09:18:29,1172.75,1172.05,750,1172.75,1500,3000,11095500
TITAN-I.NFO,07/01/2020,09:18:30,1172.4,1172.1,1500,1172.7,1500,2250,11095500
TITAN-I.NFO,07/01/2020,09:18:31,1172.65,1172.05,750,1172.7,1500,750,11095500
TITAN-I.NFO,07/01/2020,09:18:32,1172.05,1172,3750,1172.55,1500,750,11095500
TITAN-I.NFO,07/01/2020,09:18:33,1172.55,1172.1,1500,1172.55,750,750,11095500
TITAN-I.NFO,07/01/2020,09:18:34,1172.55,1172.35,750,1172.9,750,750,11095500
TITAN-I.NFO,07/01/2020,09:18:35,1172.2,1172.15,750,1172.7,750,750,11095500
TITAN-I.NFO,07/01/2020,09:18:36,1172.2,1172.4,750,1172.85,750,0,11095500
TITAN-I.NFO,07/01/2020,09:18:37,1172.4,1172.35,750,1172.75,750,750,11095500
TITAN-I.NFO,07/01/2020,09:18:38,1172.35,1172.1,750,1172.75,1500,750,11095500
TITAN-I.NFO,07/01/2020,09:18:39,1172.1,1172.05,1500,1172.7,1500,750,11095500
TITAN-I.NFO,07/01/2020,09:18:40,1172.05,1171.7,1500,1172.4,1500,5250,11095500
TITAN-I.NFO,07/01/2020,09:18:41,1172.05,1171.55,1500,1172.25,750,0,11095500
TITAN-I.NFO,07/01/2020,09:18:42,1172.25,1172.05,1500,1172.55,750,750,11095500
TITAN-I.NFO,07/01/2020,09:18:43,1172.3,1172.25,750,1172.85,750,2250,11095500
TITAN-I.NFO,07/01/2020,09:18:44,1172.25,1172.3,750,1172.75,750,750,11095500
TITAN-I.NFO,07/01/2020,09:18:45,1172.25,1172.55,1500,1173,3750,0,11095500
TITAN-I.NFO,07/01/2020,09:18:46,1172.45,1172.2,750,1172.75,750,1500,11095500
TITAN-I.NFO,07/01/2020,09:18:47,1172.45,1172.2,1500,1172.6,750,0,11095500
TITAN-I.NFO,07/01/2020,09:18:48,1172,1172,2250,1172.5,750,1500,11095500
TITAN-I.NFO,07/01/2020,09:18:49,1172,1171.6,1500,1172,750,2250,11095500
TITAN-I.NFO,07/01/2020,09:18:50,1172,1171.15,750,1171.9,1500,0,11095500
TITAN-I.NFO,07/01/2020,09:18:51,1172,1171.45,1500,1172.2,2250,1500,11095500
TITAN-I.NFO,07/01/2020,09:18:52,1171.4,1171.2,1500,1172.15,2250,1500,11095500
TITAN-I.NFO,07/01/2020,09:18:53,1171.4,1171.25,750,1171.95,1500,0,11095500
TITAN-I.NFO,07/01/2020,09:18:54,1171.4,1171.2,2250,1171.95,1500,0,11095500
TITAN-I.NFO,07/01/2020,09:18:55,1171.35,1171.15,1500,1171.95,2250,750,11095500
TITAN-I.NFO,07/01/2020,09:18:56,1171.35,1171.6,750,1171.95,2250,0,11095500
TITAN-I.NFO,07/01/2020,09:18:57,1170.8,1170.6,750,1171.4,1500,4500,11095500
TITAN-I.NFO,07/01/2020,09:18:57,1170.8,1170.6,750,1171.4,1500,0,11095500
TITAN-I.NFO,07/01/2020,09:18:58,1170.8,1170.65,750,1171.4,1500,0,11095500
TITAN-I.NFO,07/01/2020,09:18:59,1171.4,1170.75,750,1171.4,750,750,11095500
TITAN-I.NFO,07/01/2020,09:19:00,1171.4,1170.8,750,1171.4,750,0,11095500
TITAN-I.NFO,07/01/2020,09:19:01,1171.4,1170.9,750,1171.4,750,0,11095500
TITAN-I.NFO,07/01/2020,09:19:02,1171.4,1170.85,1500,1171.45,750,2250,11095500
TITAN-I.NFO,07/01/2020,09:19:03,1171.4,1170.9,750,1171.45,750,0,11095500
TITAN-I.NFO,07/01/2020,09:19:04,1170.85,1170.75,750,1171.4,2250,1500,11095500
TITAN-I.NFO,07/01/2020,09:19:05,1170.85,1171,750,1171.4,750,0,11095500
TITAN-I.NFO,07/01/2020,09:19:06,1171.35,1170.7,1500,1171.4,1500,1500,11095500
TITAN-I.NFO,07/01/2020,09:19:07,1171.35,1170.5,2250,1171.25,1500,0,11095500
TITAN-I.NFO,07/01/2020,09:19:08,1170.8,1170.55,750,1171.35,1500,750,11095500
TITAN-I.NFO,07/01/2020,09:19:09,1170.8,1170.75,750,1171.35,1500,0,11095500
TITAN-I.NFO,07/01/2020,09:19:10,1170.75,1170.6,1500,1171.25,1500,750,11095500
TITAN-I.NFO,07/01/2020,09:19:10,1170.75,1170.6,1500,1171.25,1500,0,11095500
TITAN-I.NFO,07/01/2020,09:19:11,1170.6,1170.45,750,1171.15,1500,750,11095500
TITAN-I.NFO,07/01/2020,09:19:11,1170.6,1170.45,750,1171.15,1500,0,11095500
TITAN-I.NFO,07/01/2020,09:19:12,1170.8,1170.35,750,1170.9,750,750,11095500
TITAN-I.NFO,07/01/2020,09:19:13,1170.55,1170.4,750,1171.15,1500,2250,11095500
TITAN-I.NFO,07/01/2020,09:19:13,1170.55,1170.4,750,1171.15,1500,0,11095500
TITAN-I.NFO,07/01/2020,09:19:14,1170.55,1170.35,750,1171.1,1500,750,11095500
TITAN-I.NFO,07/01/2020,09:19:15,1171,1170.2,750,1170.8,750,1500,11095500
TITAN-I.NFO,07/01/2020,09:19:15,1170.35,1170.2,750,1170.8,750,0,11095500
TITAN-I.NFO,07/01/2020,09:19:16,1171,1170.3,1500,1170.85,750,0,11095500
TITAN-I.NFO,07/01/2020,09:19:17,1170.15,1170.1,750,1170.55,750,2250,11095500
TITAN-I.NFO,07/01/2020,09:19:17,1170.15,1170.1,750,1170.55,750,0,11095500
TITAN-I.NFO,07/01/2020,09:19:18,1170.3,1170.15,1500,1170.85,750,1500,11095500
TITAN-I.NFO,07/01/2020,09:19:19,1170.3,1170.1,1500,1170.75,750,1500,11095500
TITAN-I.NFO,07/01/2020,09:19:20,1170.3,1170.5,1500,1171.25,2250,1500,11095500
TITAN-I.NFO,07/01/2020,09:19:21,1170.3,1170.5,1500,1171.25,2250,0,11095500
TITAN-I.NFO,07/01/2020,09:19:22,1170.5,1170.5,750,1171.25,2250,750,11095500
TITAN-I.NFO,07/01/2020,09:19:23,1170.5,1170.35,750,1171.25,2250,0,11095500
TITAN-I.NFO,07/01/2020,09:19:24,1170.5,1170.4,1500,1171.25,2250,0,11095500
TITAN-I.NFO,07/01/2020,09:19:25,1170.55,1170.2,750,1170.95,1500,3750,11095500
TITAN-I.NFO,07/01/2020,09:19:26,1169.65,1169.55,1500,1170.1,750,40500,11095500
TITAN-I.NFO,07/01/2020,09:19:26,1169.65,1169.55,1500,1170.1,750,0,11095500
TITAN-I.NFO,07/01/2020,09:19:27,1169.65,1170,1500,1170.4,750,0,11095500
TITAN-I.NFO,07/01/2020,09:19:28,1169.65,1170.1,1500,1170.5,750,0,11095500
TITAN-I.NFO,07/01/2020,09:19:29,1170.1,1170.05,1500,1170.5,1500,750,11095500
TITAN-I.NFO,07/01/2020,09:19:30,1170.5,1170.05,1500,1170.5,750,750,11095500
TITAN-I.NFO,07/01/2020,09:19:31,1170.5,1170.8,1500,1171.2,750,6750,11095500
TITAN-I.NFO,07/01/2020,09:19:32,1170.5,1171.05,1500,1171.5,1500,0,11095500
TITAN-I.NFO,07/01/2020,09:19:33,1171,1170.8,1500,1171.3,750,750,11095500
TITAN-I.NFO,07/01/2020,09:19:34,1171,1170.8,1500,1171.3,750,0,11095500
TITAN-I.NFO,07/01/2020,09:19:35,1171,1170.3,1500,1170.85,750,0,11095500
TITAN-I.NFO,07/01/2020,09:19:37,1171,1170.25,1500,1170.95,1500,0,11095500
TITAN-I.NFO,07/01/2020,09:19:38,1171,1170.5,1500,1171,750,0,11095500
TITAN-I.NFO,07/01/2020,09:19:39,1171,1170.8,1500,1171.5,3000,750,11095500
TITAN-I.NFO,07/01/2020,09:19:40,1171.05,1170.7,2250,1171.4,750,2250,11095500
TITAN-I.NFO,07/01/2020,09:19:41,1170.95,1170.55,1500,1171,7500,750,11095500
TITAN-I.NFO,07/01/2020,09:19:43,1171.45,1171.15,1500,1171.5,3750,9000,11095500
TITAN-I.NFO,07/01/2020,09:19:44,1171.45,1171.15,1500,1171.5,3750,0,11095500
TITAN-I.NFO,07/01/2020,09:19:48,1171.5,1171.25,2250,1171.95,1500,3750,11095500
TITAN-I.NFO,07/01/2020,09:19:49,1171.5,1171.45,750,1172,3000,750,11095500
TITAN-I.NFO,07/01/2020,09:19:50,1171.75,1171.2,750,1171.8,1500,2250,11095500
TITAN-I.NFO,07/01/2020,09:19:51,1171.75,1171.2,750,1171.8,1500,0,11095500
TITAN-I.NFO,07/01/2020,09:19:52,1171.8,1171.2,750,1171.9,1500,3000,11095500
TITAN-I.NFO,07/01/2020,09:19:53,1171.9,1171.25,1500,1171.95,750,1500,11095500
TITAN-I.NFO,07/01/2020,09:19:54,1171.5,1171.45,750,1172,2250,3750,11095500
TITAN-I.NFO,07/01/2020,09:19:55,1171.5,1171.5,1500,1172,2250,0,11095500
TITAN-I.NFO,07/01/2020,09:19:56,1171.5,1171.5,1500,1172,2250,750,11095500
TITAN-I.NFO,07/01/2020,09:19:57,1171.5,1171.6,1500,1172,2250,0,11095500
TITAN-I.NFO,07/01/2020,09:19:58,1172,1172,2250,1172.25,1500,2250,11095500
TITAN-I.NFO,07/01/2020,09:19:59,1172.25,1172,2250,1172.45,750,1500,11095500
TITAN-I.NFO,07/01/2020,09:20:00,1172,1172,1500,1172.2,750,1500,11095500
TITAN-I.NFO,07/01/2020,09:20:01,1172,1172,1500,1172.2,750,0,11095500
TITAN-I.NFO,07/01/2020,09:20:02,1172.45,1172,2250,1172.35,750,1500,11095500
TITAN-I.NFO,07/01/2020,09:20:03,1172.5,1172.2,750,1172.65,750,2250,11095500
TITAN-I.NFO,07/01/2020,09:20:04,1172.5,1172.2,750,1172.45,750,0,11095500
TITAN-I.NFO,07/01/2020,09:20:05,1172.5,1172.15,750,1172.45,750,0,11095500
TITAN-I.NFO,07/01/2020,09:20:06,1172.45,1172.45,750,1172.8,750,750,11095500
TITAN-I.NFO,07/01/2020,09:20:07,1172.45,1172.45,750,1172.65,750,0,11095500
TITAN-I.NFO,07/01/2020,09:20:08,1172.8,1172.55,750,1172.9,750,1500,11095500
TITAN-I.NFO,07/01/2020,09:20:09,1172.8,1172.65,3750,1172.8,750,0,11095500
TITAN-I.NFO,07/01/2020,09:20:10,1172.8,1172.65,3750,1172.85,750,0,11095500
TITAN-I.NFO,07/01/2020,09:20:11,1172.9,1172.65,3750,1172.95,750,2250,11161500
TITAN-I.NFO,07/01/2020,09:20:12,1172.9,1172.65,4500,1172.95,750,0,11161500
TITAN-I.NFO,07/01/2020,09:20:13,1172.65,1172.05,750,1172.6,750,4500,11161500
TITAN-I.NFO,07/01/2020,09:20:14,1172.65,1172.15,1500,1172.75,750,0,11161500
TITAN-I.NFO,07/01/2020,09:20:15,1172.15,1172,3750,1172.65,2250,1500,11161500
TITAN-I.NFO,07/01/2020,09:20:16,1172.15,1172,3750,1172.65,3000,0,11161500
TITAN-I.NFO,07/01/2020,09:20:17,1172.15,1172,3750,1172.65,2250,0,11161500
TITAN-I.NFO,07/01/2020,09:20:19,1172.65,1172.1,750,1172.65,1500,750,11161500
TITAN-I.NFO,07/01/2020,09:20:20,1172.65,1172.1,750,1172.65,1500,0,11161500
TITAN-I.NFO,07/01/2020,09:20:21,1172.65,1172.05,1500,1172.4,1500,0,11161500
TITAN-I.NFO,07/01/2020,09:20:22,1172.6,1172.05,1500,1172.5,750,1500,11161500
TITAN-I.NFO,07/01/2020,09:20:23,1171.95,1171.1,2250,1171.8,1500,7500,11161500
TITAN-I.NFO,07/01/2020,09:20:24,1171.95,1171.1,2250,1171.8,1500,0,11161500
TITAN-I.NFO,07/01/2020,09:20:26,1171.95,1171.1,750,1171.7,750,0,11161500
TITAN-I.NFO,07/01/2020,09:20:29,1171.95,1171.1,750,1171.55,750,0,11161500
TITAN-I.NFO,07/01/2020,09:20:30,1171.95,1171.1,750,1171.5,1500,0,11161500
TITAN-I.NFO,07/01/2020,09:20:31,1171.5,1171.1,750,1171.5,750,750,11161500
TITAN-I.NFO,07/01/2020,09:20:32,1171.55,1171.4,1500,1172.05,1500,1500,11161500
TITAN-I.NFO,07/01/2020,09:20:33,1171.5,1171.5,1500,1172.15,6000,1500,11161500
TITAN-I.NFO,07/01/2020,09:20:34,1171.7,1171.6,1500,1172.1,750,750,11161500
TITAN-I.NFO,07/01/2020,09:20:35,1171.7,1171.7,1500,1172.15,5250,0,11161500
TITAN-I.NFO,07/01/2020,09:20:37,1172.15,1171.95,1500,1172.5,2250,6000,11161500
TITAN-I.NFO,07/01/2020,09:20:38,1171.95,1171.75,1500,1172.35,1500,750,11161500
TITAN-I.NFO,07/01/2020,09:20:39,1171.95,1171.6,1500,1172.15,750,0,11161500
TITAN-I.NFO,07/01/2020,09:20:40,1171.95,1171.55,1500,1171.9,750,0,11161500
TITAN-I.NFO,07/01/2020,09:20:41,1171.95,1171.5,1500,1171.9,750,0,11161500
TITAN-I.NFO,07/01/2020,09:20:44,1172.4,1172.05,750,1172.5,3000,2250,11161500
TITAN-I.NFO,07/01/2020,09:20:45,1172.4,1172.05,750,1172.5,3750,0,11161500
TITAN-I.NFO,07/01/2020,09:20:47,1172.4,1172,750,1172.05,750,0,11161500
TITAN-I.NFO,07/01/2020,09:20:49,1172.45,1171.8,1500,1172.45,750,1500,11161500
TITAN-I.NFO,07/01/2020,09:20:50,1172,1171.7,2250,1172,1500,1500,11161500
TITAN-I.NFO,07/01/2020,09:20:51,1172,1171.55,750,1172,1500,0,11161500
TITAN-I.NFO,07/01/2020,09:20:52,1172,1171.6,1500,1172,1500,0,11161500
TITAN-I.NFO,07/01/2020,09:20:53,1172,1171.7,750,1171.95,2250,0,11161500
TITAN-I.NFO,07/01/2020,09:20:54,1172.45,1171.9,750,1172.45,750,3000,11161500
TITAN-I.NFO,07/01/2020,09:20:55,1172.45,1171.85,1500,1172.45,750,0,11161500
TITAN-I.NFO,07/01/2020,09:20:56,1172.45,1172,750,1172.45,750,0,11161500
TITAN-I.NFO,07/01/2020,09:20:59,1172.05,1172,750,1172.3,750,750,11161500
TITAN-I.NFO,07/01/2020,09:21:00,1171.8,1171.5,2250,1171.95,1500,1500,11161500
TITAN-I.NFO,07/01/2020,09:21:01,1171.95,1171.5,2250,1172.1,750,1500,11161500
TITAN-I.NFO,07/01/2020,09:21:02,1171.5,1171.1,750,1171.7,1500,6000,11161500
TITAN-I.NFO,07/01/2020,09:21:03,1171.5,1171.1,750,1171.7,1500,0,11161500
TITAN-I.NFO,07/01/2020,09:21:04,1171.5,1171.45,3000,1172,750,0,11161500
TITAN-I.NFO,07/01/2020,09:21:05,1172.15,1171.7,2250,1172.2,3000,1500,11161500
TITAN-I.NFO,07/01/2020,09:21:06,1172.15,1171.7,2250,1172.2,3000,0,11161500
TITAN-I.NFO,07/01/2020,09:21:08,1172.2,1171.95,750,1172.2,1500,750,11161500
TITAN-I.NFO,07/01/2020,09:21:09,1172.2,1172.05,750,1172.5,4500,1500,11161500
TITAN-I.NFO,07/01/2020,09:21:10,1172.2,1172.2,750,1172.5,4500,0,11161500
TITAN-I.NFO,07/01/2020,09:21:11,1172.2,1172.25,750,1172.5,4500,0,11161500
TITAN-I.NFO,07/01/2020,09:21:12,1172.25,1172.2,750,1172.5,4500,750,11161500
TITAN-I.NFO,07/01/2020,09:21:13,1172.2,1172,1500,1172.5,4500,750,11161500
TITAN-I.NFO,07/01/2020,09:21:14,1172.2,1172,1500,1172.5,4500,0,11161500
TITAN-I.NFO,07/01/2020,09:21:15,1172.5,1172,750,1172.5,3750,750,11161500
TITAN-I.NFO,07/01/2020,09:21:16,1172.5,1172,750,1172.5,3750,0,11161500
TITAN-I.NFO,07/01/2020,09:21:17,1172.5,1172.05,750,1172.5,1500,2250,11161500
TITAN-I.NFO,07/01/2020,09:21:18,1172.45,1172,750,1172.5,1500,1500,11161500
TITAN-I.NFO,07/01/2020,09:21:19,1172.45,1172,1500,1172.5,1500,0,11161500
TITAN-I.NFO,07/01/2020,09:21:21,1172.45,1171.95,750,1172.5,1500,0,11161500
TITAN-I.NFO,07/01/2020,09:21:22,1172.45,1172.05,1500,1172.5,1500,0,11161500
TITAN-I.NFO,07/01/2020,09:21:23,1171.95,1171.55,750,1171.95,2250,5250,11161500
TITAN-I.NFO,07/01/2020,09:21:24,1171.95,1171.55,750,1171.85,1500,0,11161500
TITAN-I.NFO,07/01/2020,09:21:25,1171.75,1171.15,1500,1171.65,2250,5250,11161500
TITAN-I.NFO,07/01/2020,09:21:26,1171.65,1171.15,1500,1171.6,2250,750,11161500
TITAN-I.NFO,07/01/2020,09:21:27,1171.65,1171.15,1500,1171.6,2250,0,11161500
TITAN-I.NFO,07/01/2020,09:21:30,1171.6,1171.2,1500,1171.6,1500,750,11161500
TITAN-I.NFO,07/01/2020,09:21:31,1171.6,1171.05,1500,1171.6,1500,0,11161500
TITAN-I.NFO,07/01/2020,09:21:33,1171,1170.5,750,1171.35,2250,2250,11161500
TITAN-I.NFO,07/01/2020,09:21:34,1171,1170.5,750,1171.3,3000,0,11161500
TITAN-I.NFO,07/01/2020,09:21:35,1171,1170.55,750,1171.3,3000,0,11161500
TITAN-I.NFO,07/01/2020,09:21:37,1171,1170.5,750,1171.2,3000,750,11161500
TITAN-I.NFO,07/01/2020,09:21:38,1171.2,1170.65,1500,1171.2,1500,750,11161500
TITAN-I.NFO,07/01/2020,09:21:39,1170.6,1170.5,750,1170.75,750,750,11161500
TITAN-I.NFO,07/01/2020,09:21:40,1170.6,1170.5,750,1170.75,2250,0,11161500
TITAN-I.NFO,07/01/2020,09:21:42,1171,1170.9,1500,1171.55,750,3000,11161500
TITAN-I.NFO,07/01/2020,09:21:43,1171,1170.95,1500,1171.6,1500,0,11161500
TITAN-I.NFO,07/01/2020,09:21:44,1171,1171.05,1500,1171.75,750,0,11161500
TITAN-I.NFO,07/01/2020,09:21:45,1171,1171.05,1500,1171.85,1500,0,11161500
TITAN-I.NFO,07/01/2020,09:21:46,1171,1171.05,1500,1171.8,750,0,11161500
TITAN-I.NFO,07/01/2020,09:21:47,1171,1171.05,1500,1171.85,750,0,11161500
TITAN-I.NFO,07/01/2020,09:21:49,1171.05,1171.05,750,1171.7,750,750,11161500
TITAN-I.NFO,07/01/2020,09:21:50,1171.05,1171.05,750,1171.7,750,0,11161500
TITAN-I.NFO,07/01/2020,09:21:52,1171.05,1171.05,750,1171.6,750,0,11161500
TITAN-I.NFO,07/01/2020,09:21:53,1171.6,1171.15,1500,1171.65,750,2250,11161500
TITAN-I.NFO,07/01/2020,09:21:54,1171.6,1171.15,2250,1171.65,750,0,11161500
TITAN-I.NFO,07/01/2020,09:21:55,1171.65,1171.6,750,1172,5250,750,11161500
TITAN-I.NFO,07/01/2020,09:21:56,1171.25,1171.2,750,1171.85,1500,3750,11161500
TITAN-I.NFO,07/01/2020,09:21:57,1171.25,1171.1,2250,1171.85,1500,0,11161500
TITAN-I.NFO,07/01/2020,09:21:58,1171.95,1171.4,1500,1172,5250,750,11161500
TITAN-I.NFO,07/01/2020,09:21:59,1172,1171.4,750,1171.9,1500,5250,11161500
TITAN-I.NFO,07/01/2020,09:22:00,1172,1171.3,1500,1171.9,1500,0,11161500
TITAN-I.NFO,07/01/2020,09:22:01,1172,1171.1,750,1171.85,1500,0,11161500
TITAN-I.NFO,07/01/2020,09:22:02,1172,1171.15,750,1171.85,1500,0,11161500
TITAN-I.NFO,07/01/2020,09:22:04,1172,1171.3,750,1171.85,1500,0,11161500
TITAN-I.NFO,07/01/2020,09:22:06,1171.85,1171.35,750,1171.9,1500,750,11161500
TITAN-I.NFO,07/01/2020,09:22:07,1171.85,1171.15,3000,1171.85,750,750,11161500
TITAN-I.NFO,07/01/2020,09:22:08,1171.85,1171.55,1500,1171.85,750,0,11161500
TITAN-I.NFO,07/01/2020,09:22:10,1171.85,1171.5,750,1171.85,750,0,11161500
TITAN-I.NFO,07/01/2020,09:22:11,1171.85,1171.45,1500,1171.85,750,0,11161500
TITAN-I.NFO,07/01/2020,09:22:12,1171.85,1171.55,1500,1171.85,750,0,11161500
TITAN-I.NFO,07/01/2020,09:22:13,1171.55,1171.35,750,1171.85,750,750,11161500
TITAN-I.NFO,07/01/2020,09:22:14,1171.55,1171.3,750,1171.85,750,0,11161500
TITAN-I.NFO,07/01/2020,09:22:15,1171.55,1171.25,1500,1171.85,750,0,11161500
TITAN-I.NFO,07/01/2020,09:22:16,1171.85,1171.35,2250,1171.9,1500,750,11161500
TITAN-I.NFO,07/01/2020,09:22:17,1171.85,1171.35,2250,1171.9,1500,0,11161500
TITAN-I.NFO,07/01/2020,09:22:18,1171.35,1171.35,750,1171.9,1500,750,11161500
TITAN-I.NFO,07/01/2020,09:22:19,1171.35,1171.4,2250,1171.9,1500,0,11161500
TITAN-I.NFO,07/01/2020,09:22:21,1171.9,1171.4,2250,1171.9,750,750,11161500
TITAN-I.NFO,07/01/2020,09:22:22,1171.9,1171.4,2250,1171.9,750,0,11161500
TITAN-I.NFO,07/01/2020,09:22:23,1171.9,1171.4,3000,1172,1500,750,11161500
TITAN-I.NFO,07/01/2020,09:22:24,1172,1171.65,750,1172,750,750,11161500
TITAN-I.NFO,07/01/2020,09:22:25,1172,1171.45,1500,1172,750,0,11161500
TITAN-I.NFO,07/01/2020,09:22:27,1172,1171.45,2250,1172,750,0,11161500
TITAN-I.NFO,07/01/2020,09:22:28,1172,1171.4,750,1171.95,1500,0,11161500
TITAN-I.NFO,07/01/2020,09:22:29,1172,1171.35,750,1171.95,1500,0,11161500
TITAN-I.NFO,07/01/2020,09:22:30,1171.95,1171.4,750,1172,750,750,11161500
TITAN-I.NFO,07/01/2020,09:22:31,1171.95,1171.35,750,1171.95,1500,0,11161500
TITAN-I.NFO,07/01/2020,09:22:32,1171.95,1171.5,750,1171.95,1500,0,11161500
TITAN-I.NFO,07/01/2020,09:22:33,1172,1171.75,1500,1172.2,750,750,11161500
TITAN-I.NFO,07/01/2020,09:22:34,1172,1171.75,1500,1172.2,750,0,11161500
TITAN-I.NFO,07/01/2020,09:22:35,1172.2,1172,750,1172.45,750,750,11161500
TITAN-I.NFO,07/01/2020,09:22:36,1172.2,1172,750,1172.4,1500,0,11161500
TITAN-I.NFO,07/01/2020,09:22:38,1172,1171.95,1500,1172.4,1500,750,11161500
TITAN-I.NFO,07/01/2020,09:22:39,1172,1171.95,1500,1172.4,1500,0,11161500
TITAN-I.NFO,07/01/2020,09:22:40,1171.95,1171.45,750,1171.95,2250,1500,11161500
TITAN-I.NFO,07/01/2020,09:22:41,1171.95,1171.35,750,1171.95,2250,0,11161500
TITAN-I.NFO,07/01/2020,09:22:42,1171.95,1171.3,750,1171.85,1500,0,11161500
TITAN-I.NFO,07/01/2020,09:22:43,1171.1,1171.05,750,1171.6,1500,3000,11161500
TITAN-I.NFO,07/01/2020,09:22:44,1171.1,1171.05,750,1171.6,1500,0,11161500
TITAN-I.NFO,07/01/2020,09:22:45,1171,1170.75,750,1171.25,1500,1500,11161500
TITAN-I.NFO,07/01/2020,09:22:46,1171,1170.75,750,1171.25,1500,0,11161500
TITAN-I.NFO,07/01/2020,09:22:47,1170.75,1170.5,750,1171.15,1500,750,11161500
TITAN-I.NFO,07/01/2020,09:22:48,1170.75,1170.5,750,1171.15,1500,0,11161500
TITAN-I.NFO,07/01/2020,09:22:49,1170.75,1170.5,750,1170.75,750,0,11161500
TITAN-I.NFO,07/01/2020,09:22:53,1171.45,1170.85,1500,1171.55,1500,2250,11161500
TITAN-I.NFO,07/01/2020,09:22:54,1171.45,1170.95,2250,1171.6,750,0,11161500
TITAN-I.NFO,07/01/2020,09:22:55,1171.45,1170.85,1500,1171.5,1500,0,11161500
TITAN-I.NFO,07/01/2020,09:22:56,1171.45,1171,1500,1171.6,750,0,11161500
TITAN-I.NFO,07/01/2020,09:22:57,1171.45,1171.05,1500,1171.6,750,0,11161500
TITAN-I.NFO,07/01/2020,09:22:58,1171.05,1171,1500,1171.45,1500,1500,11161500
TITAN-I.NFO,07/01/2020,09:22:59,1171.05,1171,1500,1171.45,1500,0,11161500
TITAN-I.NFO,07/01/2020,09:23:00,1171,1171,750,1171.45,2250,750,11161500
TITAN-I.NFO,07/01/2020,09:23:01,1171,1171,750,1171.45,2250,0,11161500
TITAN-I.NFO,07/01/2020,09:23:04,1171.45,1171.05,1500,1171.5,1500,1500,11161500
TITAN-I.NFO,07/01/2020,09:23:05,1171.45,1171,750,1171.5,2250,0,11161500
TITAN-I.NFO,07/01/2020,09:23:06,1171.4,1171.05,750,1171.45,750,750,11161500
TITAN-I.NFO,07/01/2020,09:23:07,1171,1170.75,1500,1171.2,1500,750,11161500
TITAN-I.NFO,07/01/2020,09:23:08,1171.2,1170.8,1500,1171.25,750,1500,11161500
TITAN-I.NFO,07/01/2020,09:23:09,1171.2,1170.8,1500,1171.25,750,0,11161500
TITAN-I.NFO,07/01/2020,09:23:10,1171.2,1170.9,1500,1171.25,750,0,11161500
TITAN-I.NFO,07/01/2020,09:23:11,1171.2,1170.85,750,1171.25,750,0,11161500
TITAN-I.NFO,07/01/2020,09:23:12,1171.2,1170.8,2250,1171.25,750,0,11161500
TITAN-I.NFO,07/01/2020,09:23:13,1171.2,1170.9,1500,1171.25,750,0,11161500
TITAN-I.NFO,07/01/2020,09:23:15,1171.2,1170.8,2250,1171.25,750,0,11161500
TITAN-I.NFO,07/01/2020,09:23:16,1171.2,1170.8,750,1171.25,750,0,11161500
TITAN-I.NFO,07/01/2020,09:23:17,1171.25,1170.8,750,1171.4,750,750,11184750
TITAN-I.NFO,07/01/2020,09:23:18,1171.25,1170.75,1500,1171.3,750,750,11184750
TITAN-I.NFO,07/01/2020,09:23:19,1171.25,1170.75,1500,1171.25,750,0,11184750
TITAN-I.NFO,07/01/2020,09:23:20,1170.9,1170.75,1500,1171.25,750,750,11184750
TITAN-I.NFO,07/01/2020,09:23:21,1170.9,1170.8,1500,1171.25,750,0,11184750
TITAN-I.NFO,07/01/2020,09:23:22,1170.85,1170.75,1500,1171.3,1500,750,11184750
TITAN-I.NFO,07/01/2020,09:23:23,1170.85,1170.75,1500,1171.3,1500,0,11184750
TITAN-I.NFO,07/01/2020,09:23:24,1170.85,1170.75,1500,1171,1500,0,11184750
TITAN-I.NFO,07/01/2020,09:23:25,1170.75,1170.75,750,1171,1500,750,11184750
TITAN-I.NFO,07/01/2020,09:23:26,1170.75,1170.75,750,1171,1500,0,11184750
TITAN-I.NFO,07/01/2020,09:23:27,1170.75,1170.5,750,1170.95,750,750,11184750
TITAN-I.NFO,07/01/2020,09:23:28,1170.25,1170.1,750,1170.65,750,2250,11184750
TITAN-I.NFO,07/01/2020,09:23:29,1170.25,1170.2,1500,1170.65,750,0,11184750
TITAN-I.NFO,07/01/2020,09:23:30,1170.9,1170.25,750,1171,3000,3000,11184750
TITAN-I.NFO,07/01/2020,09:23:31,1170.9,1170.45,1500,1170.95,750,0,11184750
TITAN-I.NFO,07/01/2020,09:23:32,1170.25,1170.25,750,1170.8,750,1500,11184750
TITAN-I.NFO,07/01/2020,09:23:33,1170.25,1170.25,750,1170.85,2250,0,11184750
TITAN-I.NFO,07/01/2020,09:23:34,1170.35,1170.2,1500,1170.75,2250,750,11184750
TITAN-I.NFO,07/01/2020,09:23:35,1170.35,1170.3,750,1170.65,1500,1500,11184750
TITAN-I.NFO,07/01/2020,09:23:36,1170.35,1170.3,750,1170.65,2250,0,11184750
TITAN-I.NFO,07/01/2020,09:23:38,1170.35,1170.3,750,1170.7,1500,0,11184750
TITAN-I.NFO,07/01/2020,09:23:39,1170.3,1170,7500,1170.7,3000,750,11184750
TITAN-I.NFO,07/01/2020,09:23:40,1170,1170,6000,1170.5,1500,2250,11184750
TITAN-I.NFO,07/01/2020,09:23:41,1169.95,1169.65,750,1170.15,750,6750,11184750
TITAN-I.NFO,07/01/2020,09:23:42,1169.95,1169.6,750,1170.15,750,0,11184750
TITAN-I.NFO,07/01/2020,09:23:43,1169.6,1169.6,750,1170.15,1500,1500,11184750
TITAN-I.NFO,07/01/2020,09:23:43,1169.55,1169.6,750,1170.15,1500,0,11184750
TITAN-I.NFO,07/01/2020,09:23:44,1169.6,1169.55,1500,1170,750,0,11184750
TITAN-I.NFO,07/01/2020,09:23:45,1169.55,1169.5,750,1170,750,750,11184750
TITAN-I.NFO,07/01/2020,09:23:46,1169.55,1169.5,750,1170,750,0,11184750
TITAN-I.NFO,07/01/2020,09:23:47,1169.55,1169.5,750,1169.95,750,0,11184750
TITAN-I.NFO,07/01/2020,09:23:48,1169.6,1169.55,1500,1170,750,750,11184750
TITAN-I.NFO,07/01/2020,09:23:49,1169.6,1169.55,1500,1170,750,0,11184750
TITAN-I.NFO,07/01/2020,09:23:50,1169.95,1169.55,1500,1170,750,750,11184750
TITAN-I.NFO,07/01/2020,09:23:51,1169.9,1169.9,750,1170.3,750,2250,11184750
TITAN-I.NFO,07/01/2020,09:23:52,1169.9,1169.7,3000,1170.3,750,750,11184750
TITAN-I.NFO,07/01/2020,09:23:53,1169.9,1169.7,3000,1170.3,750,0,11184750
TITAN-I.NFO,07/01/2020,09:23:54,1169.9,1169.65,750,1170.15,750,0,11184750
TITAN-I.NFO,07/01/2020,09:23:55,1169.95,1169.9,750,1170.35,750,2250,11184750
TITAN-I.NFO,07/01/2020,09:23:56,1170.35,1169.95,750,1170.5,3000,750,11184750
TITAN-I.NFO,07/01/2020,09:23:57,1170.5,1170.15,2250,1170.8,750,3750,11184750
TITAN-I.NFO,07/01/2020,09:23:58,1170.45,1170.3,1500,1171,2250,1500,11184750
TITAN-I.NFO,07/01/2020,09:23:59,1170.45,1170.35,2250,1171,2250,0,11184750
TITAN-I.NFO,07/01/2020,09:24:00,1171,1170.85,750,1171.4,1500,3000,11184750
TITAN-I.NFO,07/01/2020,09:24:01,1170.95,1170.5,750,1171.1,1500,3750,11184750
TITAN-I.NFO,07/01/2020,09:24:02,1170.95,1170.45,750,1171.1,1500,0,11184750
TITAN-I.NFO,07/01/2020,09:24:03,1170.95,1170.6,750,1171.2,1500,0,11184750
TITAN-I.NFO,07/01/2020,09:24:04,1171,1170.7,750,1171.3,1500,2250,11184750
TITAN-I.NFO,07/01/2020,09:24:05,1171,1170.7,750,1171.3,1500,0,11184750
TITAN-I.NFO,07/01/2020,09:24:06,1170.7,1170.65,750,1171.2,1500,1500,11184750
TITAN-I.NFO,07/01/2020,09:24:07,1170.7,1170.65,750,1171.2,1500,0,11184750
TITAN-I.NFO,07/01/2020,09:24:08,1170.65,1170.55,750,1171,750,750,11184750
TITAN-I.NFO,07/01/2020,09:24:09,1170.65,1170.55,750,1170.95,1500,0,11184750
TITAN-I.NFO,07/01/2020,09:24:10,1170.65,1170.55,750,1170.95,750,0,11184750
TITAN-I.NFO,07/01/2020,09:24:13,1170.55,1170.05,750,1170.7,750,750,11184750
TITAN-I.NFO,07/01/2020,09:24:14,1170.55,1170.1,750,1170.65,2250,0,11184750
TITAN-I.NFO,07/01/2020,09:24:15,1170.55,1170.1,750,1170.55,750,0,11184750
TITAN-I.NFO,07/01/2020,09:24:19,1170.1,1170,1500,1170.5,750,750,11184750
TITAN-I.NFO,07/01/2020,09:24:20,1170.1,1170,1500,1170.5,750,0,11184750
TITAN-I.NFO,07/01/2020,09:24:21,1170.1,1170,2250,1170.5,750,0,11184750
TITAN-I.NFO,07/01/2020,09:24:22,1170.1,1170,2250,1170.4,750,0,11184750
TITAN-I.NFO,07/01/2020,09:24:25,1170.45,1170.4,750,1170.6,750,3750,11184750
TITAN-I.NFO,07/01/2020,09:24:26,1170.45,1170.4,750,1170.6,750,0,11184750
TITAN-I.NFO,07/01/2020,09:24:27,1170.6,1170.45,1500,1170.95,750,750,11184750
TITAN-I.NFO,07/01/2020,09:24:28,1170.6,1170.45,750,1170.95,750,0,11184750
TITAN-I.NFO,07/01/2020,09:24:30,1170.45,1170.4,750,1170.6,750,750,11184750
TITAN-I.NFO,07/01/2020,09:24:31,1170.6,1170.4,750,1170.75,1500,750,11184750
TITAN-I.NFO,07/01/2020,09:24:32,1170.75,1170.4,750,1170.85,1500,750,11184750
TITAN-I.NFO,07/01/2020,09:24:33,1170.75,1170.4,750,1170.85,1500,0,11184750
TITAN-I.NFO,07/01/2020,09:24:35,1170.75,1170.5,750,1170.9,750,1500,11184750
TITAN-I.NFO,07/01/2020,09:24:36,1170.75,1170.5,750,1170.9,750,0,11184750
TITAN-I.NFO,07/01/2020,09:24:37,1170.9,1170.65,750,1171,5250,750,11184750
TITAN-I.NFO,07/01/2020,09:24:38,1170.65,1170.5,750,1171,5250,750,11184750
TITAN-I.NFO,07/01/2020,09:24:39,1170.65,1170.45,750,1170.95,750,0,11184750
TITAN-I.NFO,07/01/2020,09:24:42,1170.95,1170.6,750,1171,8250,750,11184750
TITAN-I.NFO,07/01/2020,09:24:43,1170.95,1170.6,750,1171,8250,0,11184750
TITAN-I.NFO,07/01/2020,09:24:44,1170.95,1170.6,750,1170.95,750,0,11184750
TITAN-I.NFO,07/01/2020,09:24:48,1170.6,1170.6,750,1170.95,750,750,11184750
TITAN-I.NFO,07/01/2020,09:24:49,1170.6,1170.55,1500,1170.95,750,0,11184750
TITAN-I.NFO,07/01/2020,09:24:50,1170.5,1170.4,750,1170.9,2250,2250,11184750
TITAN-I.NFO,07/01/2020,09:24:51,1170.5,1170.4,750,1170.9,3000,0,11184750
TITAN-I.NFO,07/01/2020,09:24:53,1170.5,1170.5,750,1170.85,1500,750,11184750
TITAN-I.NFO,07/01/2020,09:24:54,1170.5,1170.5,750,1170.85,1500,0,11184750
TITAN-I.NFO,07/01/2020,09:24:56,1170.9,1170.5,1500,1170.95,750,3000,11184750
TITAN-I.NFO,07/01/2020,09:24:57,1170.9,1170.5,1500,1170.95,750,0,11184750
TITAN-I.NFO,07/01/2020,09:24:58,1170.9,1170.5,2250,1170.95,750,0,11184750
TITAN-I.NFO,07/01/2020,09:24:59,1170.85,1170.5,1500,1170.95,750,750,11184750
TITAN-I.NFO,07/01/2020,09:25:00,1170.8,1170.75,750,1171.4,2250,9750,11184750
TITAN-I.NFO,07/01/2020,09:25:01,1170.8,1170.8,750,1171.4,3000,0,11184750
TITAN-I.NFO,07/01/2020,09:25:02,1170.8,1170.8,1500,1171.4,3000,0,11184750
TITAN-I.NFO,07/01/2020,09:25:04,1170.8,1170.8,750,1171.4,3000,0,11184750
TITAN-I.NFO,07/01/2020,09:25:05,1170.8,1170.95,750,1171.45,750,0,11184750
TITAN-I.NFO,07/01/2020,09:25:07,1171.55,1171.15,750,1171.8,1500,3000,11184750
TITAN-I.NFO,07/01/2020,09:25:08,1171.35,1171.3,750,1171.9,1500,750,11184750
TITAN-I.NFO,07/01/2020,09:25:09,1171.35,1171.35,1500,1171.9,2250,0,11184750
TITAN-I.NFO,07/01/2020,09:25:10,1171.9,1171.3,750,1171.9,3000,1500,11184750
TITAN-I.NFO,07/01/2020,09:25:11,1171.5,1171.2,750,1171.75,1500,750,11184750
TITAN-I.NFO,07/01/2020,09:25:12,1171.5,1171.2,750,1171.75,750,0,11184750
TITAN-I.NFO,07/01/2020,09:25:13,1171.15,1171.15,750,1171.7,1500,1500,11184750
TITAN-I.NFO,07/01/2020,09:25:14,1171.15,1171.15,750,1171.7,1500,0,11184750
TITAN-I.NFO,07/01/2020,09:25:16,1171.15,1171.05,750,1171.6,1500,0,11184750
TITAN-I.NFO,07/01/2020,09:25:17,1171.15,1171,3750,1171.45,1500,0,11184750
TITAN-I.NFO,07/01/2020,09:25:20,1171.15,1171.1,3000,1171.45,1500,0,11184750
TITAN-I.NFO,07/01/2020,09:25:21,1171.1,1171.1,2250,1171.45,1500,750,11184750
TITAN-I.NFO,07/01/2020,09:25:22,1171.1,1171.15,750,1171.45,1500,0,11184750
TITAN-I.NFO,07/01/2020,09:25:23,1171.1,1171,750,1171.35,1500,3750,11184750
TITAN-I.NFO,07/01/2020,09:25:24,1171,1170.75,750,1171.1,750,750,11184750
TITAN-I.NFO,07/01/2020,09:25:25,1171,1170.75,750,1171.1,750,0,11184750
TITAN-I.NFO,07/01/2020,09:25:27,1171.1,1170.9,750,1171.45,1500,750,11184750
TITAN-I.NFO,07/01/2020,09:25:28,1171.1,1171,750,1171.5,1500,0,11184750
TITAN-I.NFO,07/01/2020,09:25:30,1171.5,1171.15,750,1171.5,750,750,11184750
TITAN-I.NFO,07/01/2020,09:25:31,1171.5,1171.15,750,1171.5,750,0,11184750
TITAN-I.NFO,07/01/2020,09:25:34,1171.5,1171.15,750,1171.45,750,0,11184750
TITAN-I.NFO,07/01/2020,09:25:35,1171.5,1171.1,1500,1171.45,750,0,11184750
TITAN-I.NFO,07/01/2020,09:25:38,1171.5,1171.15,750,1171.45,750,0,11184750
TITAN-I.NFO,07/01/2020,09:25:39,1171.35,1171.3,750,1171.8,3000,3750,11184750
TITAN-I.NFO,07/01/2020,09:25:40,1171.35,1171.3,750,1171.8,3000,0,11184750
TITAN-I.NFO,07/01/2020,09:25:41,1171.4,1171.35,1500,1171.85,750,1500,11184750
TITAN-I.NFO,07/01/2020,09:25:42,1171.45,1171.25,750,1171.8,1500,1500,11184750
TITAN-I.NFO,07/01/2020,09:25:43,1171.45,1171.25,750,1171.8,750,0,11184750
TITAN-I.NFO,07/01/2020,09:25:44,1171.5,1171.2,750,1171.65,1500,750,11184750
TITAN-I.NFO,07/01/2020,09:25:45,1171.5,1171.2,750,1171.65,1500,0,11184750
TITAN-I.NFO,07/01/2020,09:25:46,1171.5,1171.2,750,1171.5,750,0,11184750
TITAN-I.NFO,07/01/2020,09:25:50,1171.5,1171.2,750,1171.75,1500,750,11184750
TITAN-I.NFO,07/01/2020,09:25:51,1171.5,1171.2,750,1171.75,1500,0,11184750
TITAN-I.NFO,07/01/2020,09:25:52,1171.2,1171.1,1500,1171.65,1500,750,11184750
TITAN-I.NFO,07/01/2020,09:25:53,1171.2,1171.1,1500,1171.65,1500,0,11184750
TITAN-I.NFO,07/01/2020,09:26:00,1171.2,1171.1,1500,1171.45,1500,0,11184750
TITAN-I.NFO,07/01/2020,09:26:01,1171.2,1171.1,1500,1171.2,750,0,11184750
TITAN-I.NFO,07/01/2020,09:26:02,1171.45,1171,3000,1171.4,1500,3000,11184750
TITAN-I.NFO,07/01/2020,09:26:03,1171.45,1171,3000,1171.4,1500,0,11184750
TITAN-I.NFO,07/01/2020,09:26:07,1171,1171,3000,1171.4,1500,750,11184750
TITAN-I.NFO,07/01/2020,09:26:08,1171,1170.5,750,1171.05,1500,3750,11184750
TITAN-I.NFO,07/01/2020,09:26:09,1171,1170.5,750,1171.05,1500,0,11184750
TITAN-I.NFO,07/01/2020,09:26:10,1171.05,1170.55,750,1171.05,750,750,11184750
TITAN-I.NFO,07/01/2020,09:26:11,1171.05,1170.55,750,1171.05,750,0,11184750
TITAN-I.NFO,07/01/2020,09:26:13,1171,1170.5,750,1170.95,1500,750,11163750
TITAN-I.NFO,07/01/2020,09:26:14,1171,1170.55,750,1170.85,750,0,11163750
TITAN-I.NFO,07/01/2020,09:26:18,1170.55,1170.5,1500,1170.8,2250,750,11163750
TITAN-I.NFO,07/01/2020,09:26:19,1170.55,1170.5,1500,1170.8,2250,0,11163750
TITAN-I.NFO,07/01/2020,09:26:22,1170.55,1170.5,1500,1170.8,3000,0,11163750
TITAN-I.NFO,07/01/2020,09:26:23,1170.5,1170.4,750,1170.65,1500,1500,11163750
TITAN-I.NFO,07/01/2020,09:26:24,1170.1,1170.1,1500,1170.5,1500,1500,11163750
TITAN-I.NFO,07/01/2020,09:26:25,1170.1,1170.1,1500,1170.5,1500,0,11163750
TITAN-I.NFO,07/01/2020,09:26:26,1170.1,1170.05,750,1170.35,1500,2250,11163750
TITAN-I.NFO,07/01/2020,09:26:27,1170.1,1170,6000,1170.35,1500,0,11163750
TITAN-I.NFO,07/01/2020,09:26:29,1170,1169.75,750,1170.05,1500,6750,11163750
TITAN-I.NFO,07/01/2020,09:26:30,1170,1169.75,750,1170.1,1500,0,11163750
TITAN-I.NFO,07/01/2020,09:26:31,1170.65,1169.9,750,1170.45,1500,3750,11163750
TITAN-I.NFO,07/01/2020,09:26:32,1170.65,1169.8,2250,1170.35,1500,0,11163750
TITAN-I.NFO,07/01/2020,09:26:36,1170,1169.8,750,1170.25,1500,750,11163750
TITAN-I.NFO,07/01/2020,09:26:37,1170,1169.75,750,1170.25,1500,0,11163750
TITAN-I.NFO,07/01/2020,09:26:39,1170,1169.75,750,1170.25,2250,0,11163750
TITAN-I.NFO,07/01/2020,09:26:40,1170.25,1169.75,750,1170.25,1500,750,11163750
TITAN-I.NFO,07/01/2020,09:26:41,1170.25,1169.75,750,1170.35,1500,1500,11163750
TITAN-I.NFO,07/01/2020,09:26:42,1170.25,1169.75,750,1170.25,1500,0,11163750
TITAN-I.NFO,07/01/2020,09:26:44,1170.25,1169.75,750,1170.25,1500,750,11163750
TITAN-I.NFO,07/01/2020,09:26:45,1170.25,1169.75,750,1170.25,750,0,11163750
TITAN-I.NFO,07/01/2020,09:26:46,1170.25,1169.75,750,1170.2,1500,0,11163750
TITAN-I.NFO,07/01/2020,09:26:50,1169.75,1169.7,750,1170.1,1500,750,11163750
TITAN-I.NFO,07/01/2020,09:26:51,1169.75,1169.7,750,1170.1,1500,0,11163750
TITAN-I.NFO,07/01/2020,09:26:54,1170.1,1169.7,750,1170.1,750,750,11163750
TITAN-I.NFO,07/01/2020,09:26:55,1170.1,1169.75,750,1170.15,750,0,11163750
TITAN-I.NFO,07/01/2020,09:26:56,1170.1,1169.7,750,1170.15,750,0,11163750
TITAN-I.NFO,07/01/2020,09:26:59,1170.15,1169.7,750,1170.1,750,750,11163750
TITAN-I.NFO,07/01/2020,09:27:00,1170.15,1169.7,750,1170,750,0,11163750
TITAN-I.NFO,07/01/2020,09:27:01,1170.8,1170.8,750,1171.2,8250,21750,11163750
TITAN-I.NFO,07/01/2020,09:27:02,1171.2,1171.15,750,1171.5,750,9000,11163750
TITAN-I.NFO,07/01/2020,09:27:03,1171.2,1171.15,750,1171.5,750,0,11163750
TITAN-I.NFO,07/01/2020,09:27:05,1171.2,1171.15,750,1171.45,750,0,11163750
TITAN-I.NFO,07/01/2020,09:27:06,1171.5,1171.3,750,1171.7,750,1500,11163750
TITAN-I.NFO,07/01/2020,09:27:07,1171.75,1171.65,750,1171.95,1500,1500,11163750
TITAN-I.NFO,07/01/2020,09:27:08,1171.75,1171.6,750,1171.95,1500,0,11163750
TITAN-I.NFO,07/01/2020,09:27:09,1171.65,1171.45,750,1171.95,1500,750,11163750
TITAN-I.NFO,07/01/2020,09:27:10,1171.65,1171.45,750,1171.95,1500,0,11163750
TITAN-I.NFO,07/01/2020,09:27:11,1171.65,1171.3,750,1171.9,2250,0,11163750
TITAN-I.NFO,07/01/2020,09:27:12,1171.65,1171.35,750,1171.9,2250,0,11163750
TITAN-I.NFO,07/01/2020,09:27:14,1171.65,1171.3,750,1171.9,2250,0,11163750
TITAN-I.NFO,07/01/2020,09:27:15,1171.65,1171.25,750,1171.8,1500,0,11163750
TITAN-I.NFO,07/01/2020,09:27:16,1171.65,1171.3,750,1171.8,1500,0,11163750
TITAN-I.NFO,07/01/2020,09:27:18,1171.45,1171.45,750,1171.95,1500,6000,11163750
TITAN-I.NFO,07/01/2020,09:27:19,1171.65,1171.45,750,1171.85,750,750,11163750
TITAN-I.NFO,07/01/2020,09:27:20,1171.65,1171.45,750,1171.85,750,0,11163750
TITAN-I.NFO,07/01/2020,09:27:23,1171.65,1171.25,750,1171.75,1500,0,11163750
TITAN-I.NFO,07/01/2020,09:27:25,1171.25,1171.15,750,1171.5,750,750,11163750
TITAN-I.NFO,07/01/2020,09:27:26,1171.25,1171.15,750,1171.5,750,0,11163750
TITAN-I.NFO,07/01/2020,09:27:27,1171.25,1170.8,750,1171.5,1500,0,11163750
TITAN-I.NFO,07/01/2020,09:27:28,1171,1170.85,750,1171.3,1500,750,11163750
TITAN-I.NFO,07/01/2020,09:27:29,1171.2,1170.95,750,1171.25,750,1500,11163750
TITAN-I.NFO,07/01/2020,09:27:30,1171.2,1170.95,750,1171.25,750,0,11163750
TITAN-I.NFO,07/01/2020,09:27:31,1171.2,1170.9,1500,1171.4,1500,0,11163750
TITAN-I.NFO,07/01/2020,09:27:32,1171.2,1170.8,750,1171.4,1500,0,11163750
TITAN-I.NFO,07/01/2020,09:27:34,1171.2,1170.7,750,1171.3,1500,0,11163750
TITAN-I.NFO,07/01/2020,09:27:35,1171.2,1170.7,750,1171.1,1500,0,11163750
TITAN-I.NFO,07/01/2020,09:27:36,1171.2,1170.35,750,1170.9,1500,0,11163750
TITAN-I.NFO,07/01/2020,09:27:37,1170.95,1170.55,750,1171.2,2250,750,11163750
TITAN-I.NFO,07/01/2020,09:27:38,1170.95,1170.55,750,1171.1,1500,0,11163750
TITAN-I.NFO,07/01/2020,09:27:39,1170.95,1170.6,750,1171.05,750,0,11163750
TITAN-I.NFO,07/01/2020,09:27:40,1170.95,1170.55,750,1171,750,0,11163750
TITAN-I.NFO,07/01/2020,09:27:44,1171,1170.8,750,1171.35,1500,1500,11163750
TITAN-I.NFO,07/01/2020,09:27:45,1170.95,1170.9,750,1171.45,1500,750,11163750
TITAN-I.NFO,07/01/2020,09:27:46,1170.95,1170.9,750,1171.45,1500,0,11163750
TITAN-I.NFO,07/01/2020,09:27:47,1170.95,1170.95,750,1171.3,1500,0,11163750
TITAN-I.NFO,07/01/2020,09:27:48,1171.35,1171.25,1500,1171.85,750,8250,11163750
TITAN-I.NFO,07/01/2020,09:27:49,1171.35,1171.4,1500,1172,6750,0,11163750
TITAN-I.NFO,07/01/2020,09:27:50,1171.35,1171.4,2250,1172,6750,0,11163750
TITAN-I.NFO,07/01/2020,09:27:51,1171.4,1171.4,1500,1172,6750,750,11163750
TITAN-I.NFO,07/01/2020,09:27:52,1171.4,1171.4,750,1171.9,750,0,11163750
TITAN-I.NFO,07/01/2020,09:27:53,1172,1171.6,750,1172.05,750,7500,11163750
TITAN-I.NFO,07/01/2020,09:27:54,1172,1171.6,750,1172.05,750,0,11163750
TITAN-I.NFO,07/01/2020,09:27:55,1172,1171.5,750,1172,750,0,11163750
TITAN-I.NFO,07/01/2020,09:27:57,1171.5,1171.35,750,1171.95,1500,750,11163750
TITAN-I.NFO,07/01/2020,09:27:58,1171.5,1171.35,750,1171.95,1500,0,11163750
TITAN-I.NFO,07/01/2020,09:27:59,1171.5,1171.35,750,1171.95,2250,0,11163750
TITAN-I.NFO,07/01/2020,09:28:00,1170.95,1170.7,750,1171.3,750,2250,11163750
TITAN-I.NFO,07/01/2020,09:28:01,1170.95,1170.9,750,1171.5,750,0,11163750
TITAN-I.NFO,07/01/2020,09:28:02,1170.95,1170.85,1500,1171.5,750,0,11163750
TITAN-I.NFO,07/01/2020,09:28:03,1171.5,1171,750,1171.65,1500,750,11163750
TITAN-I.NFO,07/01/2020,09:28:04,1171,1170.6,1500,1171.3,1500,1500,11163750
TITAN-I.NFO,07/01/2020,09:28:05,1171,1170.55,750,1170.95,2250,0,11163750
TITAN-I.NFO,07/01/2020,09:28:10,1170.95,1170.55,750,1170.95,1500,750,11163750
TITAN-I.NFO,07/01/2020,09:28:11,1171,1171,750,1171.4,750,11250,11163750
TITAN-I.NFO,07/01/2020,09:28:12,1171.05,1171.05,750,1171.4,750,750,11163750
TITAN-I.NFO,07/01/2020,09:28:13,1171.05,1171,750,1171.4,750,750,11163750
TITAN-I.NFO,07/01/2020,09:28:14,1171.05,1171,750,1171.4,750,0,11163750
TITAN-I.NFO,07/01/2020,09:28:17,1171.05,1171,750,1171.35,750,0,11163750
TITAN-I.NFO,07/01/2020,09:28:19,1171.05,1171,750,1171.25,750,0,11163750
TITAN-I.NFO,07/01/2020,09:28:20,1171,1170.55,750,1170.95,2250,750,11163750
TITAN-I.NFO,07/01/2020,09:28:21,1171,1170.55,750,1170.95,2250,0,11163750
TITAN-I.NFO,07/01/2020,09:28:25,1170.55,1170.5,1500,1170.85,1500,750,11163750
TITAN-I.NFO,07/01/2020,09:28:26,1170.55,1170.5,1500,1170.85,1500,0,11163750
TITAN-I.NFO,07/01/2020,09:28:29,1170.85,1170.5,1500,1170.9,1500,750,11163750
TITAN-I.NFO,07/01/2020,09:28:31,1171.05,1170.85,750,1171.4,750,12000,11163750
TITAN-I.NFO,07/01/2020,09:28:32,1171.6,1171.2,750,1171.85,2250,3000,11163750
TITAN-I.NFO,07/01/2020,09:28:33,1171.6,1171.5,750,1171.95,750,0,11163750
TITAN-I.NFO,07/01/2020,09:28:35,1172,1171.75,1500,1172.05,750,3000,11163750
TITAN-I.NFO,07/01/2020,09:28:35,1172,1171.75,1500,1172.05,750,0,11163750
TITAN-I.NFO,07/01/2020,09:28:36,1172,1171.65,1500,1172.05,750,750,11163750
TITAN-I.NFO,07/01/2020,09:28:37,1172,1171.3,1500,1171.95,1500,0,11163750
TITAN-I.NFO,07/01/2020,09:28:39,1172,1171.3,750,1171.8,750,0,11163750
TITAN-I.NFO,07/01/2020,09:28:41,1172,1171.05,750,1171.6,750,0,11163750
TITAN-I.NFO,07/01/2020,09:28:42,1172,1171,750,1171.5,750,0,11163750
TITAN-I.NFO,07/01/2020,09:28:43,1172,1171.1,750,1171.75,1500,0,11163750
TITAN-I.NFO,07/01/2020,09:28:45,1172,1171.1,750,1171.7,750,0,11163750
TITAN-I.NFO,07/01/2020,09:28:46,1172,1171,750,1171.65,1500,0,11163750
TITAN-I.NFO,07/01/2020,09:28:47,1172,1170.95,750,1171.65,2250,0,11163750
TITAN-I.NFO,07/01/2020,09:28:48,1170.95,1171,750,1171.6,2250,750,11163750
TITAN-I.NFO,07/01/2020,09:28:49,1171.1,1171,750,1171.55,2250,750,11163750
TITAN-I.NFO,07/01/2020,09:28:50,1171.45,1171.15,1500,1171.5,750,750,11163750
TITAN-I.NFO,07/01/2020,09:28:51,1171.45,1171.15,750,1171.5,750,0,11163750
TITAN-I.NFO,07/01/2020,09:28:52,1171.45,1171.05,2250,1171.5,750,0,11163750
TITAN-I.NFO,07/01/2020,09:28:53,1171.45,1171,750,1171.45,750,0,11163750
TITAN-I.NFO,07/01/2020,09:28:55,1171.4,1171.05,1500,1171.45,750,750,11163750
TITAN-I.NFO,07/01/2020,09:28:56,1171.4,1171.05,1500,1171.45,750,0,11163750
TITAN-I.NFO,07/01/2020,09:28:57,1171.4,1171.05,2250,1171.45,750,0,11163750
TITAN-I.NFO,07/01/2020,09:28:58,1171.05,1171,750,1171.45,750,1500,11163750
TITAN-I.NFO,07/01/2020,09:28:59,1171.05,1171,750,1171.45,750,0,11163750
TITAN-I.NFO,07/01/2020,09:29:01,1171.2,1171,750,1171.2,750,1500,11163750
TITAN-I.NFO,07/01/2020,09:29:02,1171.2,1171,750,1171.2,750,0,11163750
TITAN-I.NFO,07/01/2020,09:29:04,1171.2,1171,1500,1171.2,750,0,11163750
TITAN-I.NFO,07/01/2020,09:29:11,1171.2,1171,1500,1171.3,750,0,11163750
TITAN-I.NFO,07/01/2020,09:29:15,1171,1170.6,1500,1171.25,1500,1500,11181000
TITAN-I.NFO,07/01/2020,09:29:16,1171,1170.75,750,1171.25,1500,0,11181000
TITAN-I.NFO,07/01/2020,09:29:18,1171,1170.5,750,1171,750,750,11181000
TITAN-I.NFO,07/01/2020,09:29:19,1171,1170.5,750,1171,750,0,11181000
TITAN-I.NFO,07/01/2020,09:29:21,1171,1170.5,750,1170.8,1500,0,11181000
TITAN-I.NFO,07/01/2020,09:29:22,1170.5,1170.25,750,1170.8,1500,1500,11181000
TITAN-I.NFO,07/01/2020,09:29:23,1170.5,1170.25,750,1170.8,1500,0,11181000
TITAN-I.NFO,07/01/2020,09:29:24,1170.5,1170.25,750,1170.7,1500,0,11181000
TITAN-I.NFO,07/01/2020,09:29:25,1170.25,1170.15,2250,1170.7,1500,750,11181000
TITAN-I.NFO,07/01/2020,09:29:26,1170.25,1170.15,750,1170.7,1500,0,11181000
TITAN-I.NFO,07/01/2020,09:29:28,1170.15,1170.1,750,1170.7,1500,750,11181000
TITAN-I.NFO,07/01/2020,09:29:29,1170.15,1170.1,750,1170.7,1500,0,11181000
TITAN-I.NFO,07/01/2020,09:29:32,1170.15,1170.1,2250,1170.4,750,0,11181000
TITAN-I.NFO,07/01/2020,09:29:34,1170.15,1170.15,750,1170.4,750,0,11181000
TITAN-I.NFO,07/01/2020,09:29:35,1170.15,1170.1,750,1170.4,750,750,11181000
TITAN-I.NFO,07/01/2020,09:29:36,1170.15,1170.1,3000,1170.4,750,0,11181000
TITAN-I.NFO,07/01/2020,09:29:37,1170.15,1170.1,2250,1170.4,750,0,11181000
TITAN-I.NFO,07/01/2020,09:29:38,1170.1,1170,3750,1170.35,1500,2250,11181000
TITAN-I.NFO,07/01/2020,09:29:39,1170.1,1170,4500,1170.35,1500,0,11181000
TITAN-I.NFO,07/01/2020,09:29:40,1170.1,1170,4500,1170.4,750,0,11181000
TITAN-I.NFO,07/01/2020,09:29:41,1170,1170,3000,1170.35,1500,1500,11181000
TITAN-I.NFO,07/01/2020,09:29:42,1169.5,1169.25,2250,1170,750,6750,11181000
TITAN-I.NFO,07/01/2020,09:29:42,1169.5,1169.25,2250,1170,750,0,11181000
TITAN-I.NFO,07/01/2020,09:29:43,1169.5,1169.25,2250,1169.85,750,0,11181000
TITAN-I.NFO,07/01/2020,09:29:44,1169.15,1169.1,750,1169.7,1500,1500,11181000
TITAN-I.NFO,07/01/2020,09:29:44,1169.15,1169.1,750,1169.7,1500,0,11181000
TITAN-I.NFO,07/01/2020,09:29:45,1169.15,1169.1,750,1169.7,1500,0,11181000
TITAN-I.NFO,07/01/2020,09:29:46,1169.15,1169.05,1500,1169.5,750,0,11181000
TITAN-I.NFO,07/01/2020,09:29:47,1169,1168.65,1500,1169.2,1500,7500,11181000
TITAN-I.NFO,07/01/2020,09:29:47,1168.6,1168.65,1500,1169.2,1500,0,11181000
TITAN-I.NFO,07/01/2020,09:29:48,1168.6,1168.45,750,1169.05,1500,750,11181000
TITAN-I.NFO,07/01/2020,09:29:49,1169.9,1169.4,750,1169.9,750,6750,11181000
TITAN-I.NFO,07/01/2020,09:29:50,1169.9,1169.55,750,1170,750,0,11181000
TITAN-I.NFO,07/01/2020,09:29:51,1169.5,1169.35,750,1169.85,750,750,11181000
TITAN-I.NFO,07/01/2020,09:29:52,1169.5,1169.45,750,1169.85,750,0,11181000
TITAN-I.NFO,07/01/2020,09:29:54,1169.5,1169.4,750,1169.85,750,750,11181000
TITAN-I.NFO,07/01/2020,09:29:55,1169.5,1169.4,750,1169.85,750,0,11181000
TITAN-I.NFO,07/01/2020,09:29:57,1169.8,1169.35,750,1169.8,750,1500,11181000
TITAN-I.NFO,07/01/2020,09:29:57,1169.45,1169.3,750,1169.8,750,750,11181000
TITAN-I.NFO,07/01/2020,09:29:58,1169.45,1169.35,1500,1169.8,750,0,11181000
TITAN-I.NFO,07/01/2020,09:30:00,1169.3,1169.25,750,1169.75,750,1500,11181000
TITAN-I.NFO,07/01/2020,09:30:01,1169.3,1169.2,750,1169.8,1500,750,11181000
TITAN-I.NFO,07/01/2020,09:30:02,1169.3,1169.25,750,1169.85,1500,0,11181000
TITAN-I.NFO,07/01/2020,09:30:03,1169.3,1169.2,750,1169.5,750,0,11181000
TITAN-I.NFO,07/01/2020,09:30:04,1169.5,1169.4,750,1169.9,1500,750,11181000
TITAN-I.NFO,07/01/2020,09:30:05,1169.35,1169.3,750,1169.85,1500,1500,11181000
TITAN-I.NFO,07/01/2020,09:30:06,1169.35,1169.4,750,1169.8,750,0,11181000
TITAN-I.NFO,07/01/2020,09:30:08,1169.35,1169.25,1500,1169.8,750,0,11181000
TITAN-I.NFO,07/01/2020,09:30:08,1169.65,1169.15,1500,1169.75,2250,750,11181000
TITAN-I.NFO,07/01/2020,09:30:09,1169.65,1169.25,1500,1169.75,750,0,11181000
TITAN-I.NFO,07/01/2020,09:30:11,1169.65,1169.5,1500,1169.85,750,750,11181000
TITAN-I.NFO,07/01/2020,09:30:12,1169.65,1169.4,1500,1169.85,750,0,11181000
TITAN-I.NFO,07/01/2020,09:30:13,1169.65,1169.5,1500,1169.85,750,0,11181000
TITAN-I.NFO,07/01/2020,09:30:15,1169.5,1169.5,750,1169.8,750,750,11181000
TITAN-I.NFO,07/01/2020,09:30:16,1169.5,1169.4,1500,1169.8,750,0,11181000
TITAN-I.NFO,07/01/2020,09:30:18,1169.5,1169.45,750,1169.8,750,0,11181000
TITAN-I.NFO,07/01/2020,09:30:20,1169.5,1169.4,1500,1169.8,750,0,11181000
TITAN-I.NFO,07/01/2020,09:30:21,1169.5,1169.35,750,1169.65,750,0,11181000
TITAN-I.NFO,07/01/2020,09:30:23,1169.65,1169.4,1500,1169.85,750,750,11181000
TITAN-I.NFO,07/01/2020,09:30:24,1169.65,1169.45,750,1169.8,750,0,11181000
TITAN-I.NFO,07/01/2020,09:30:25,1169.65,1169.4,2250,1169.8,1500,0,11181000
TITAN-I.NFO,07/01/2020,09:30:28,1169.65,1169.4,750,1169.75,750,0,11181000
TITAN-I.NFO,07/01/2020,09:30:30,1169.75,1169.45,1500,1169.8,750,750,11181000
TITAN-I.NFO,07/01/2020,09:30:31,1169.75,1169.45,1500,1169.8,750,0,11181000
TITAN-I.NFO,07/01/2020,09:30:32,1169.45,1169.3,750,1169.65,750,1500,11181000
TITAN-I.NFO,07/01/2020,09:30:32,1169.45,1169.3,750,1169.65,750,0,11181000
TITAN-I.NFO,07/01/2020,09:30:34,1169.45,1169.55,1500,1169.85,750,0,11181000
TITAN-I.NFO,07/01/2020,09:30:38,1169.45,1169.5,1500,1169.85,750,0,11181000
TITAN-I.NFO,07/01/2020,09:30:39,1169.5,1169.5,750,1169.55,1500,750,11181000
TITAN-I.NFO,07/01/2020,09:30:40,1169.4,1169.3,750,1169.55,1500,1500,11181000
TITAN-I.NFO,07/01/2020,09:30:41,1169.4,1169.3,750,1169.45,1500,0,11181000
TITAN-I.NFO,07/01/2020,09:30:45,1169.45,1169.35,750,1169.8,750,2250,11181000
TITAN-I.NFO,07/01/2020,09:30:45,1169.45,1169.35,750,1169.8,750,0,11181000
TITAN-I.NFO,07/01/2020,09:30:47,1169.45,1169.35,750,1169.85,1500,0,11181000
TITAN-I.NFO,07/01/2020,09:30:48,1169.6,1168.95,1500,1169.6,1500,5250,11181000
TITAN-I.NFO,07/01/2020,09:30:49,1169.6,1168.95,1500,1169.6,2250,0,11181000
TITAN-I.NFO,07/01/2020,09:30:50,1169.6,1168.95,1500,1169.6,3750,0,11181000
TITAN-I.NFO,07/01/2020,09:30:51,1169.6,1168.95,1500,1169.6,3000,0,11181000
TITAN-I.NFO,07/01/2020,09:30:52,1169.6,1169.05,750,1169.6,1500,0,11181000
TITAN-I.NFO,07/01/2020,09:30:53,1169.6,1169.05,750,1169.4,1500,0,11181000
TITAN-I.NFO,07/01/2020,09:30:58,1169.6,1169,750,1169.3,1500,0,11181000
TITAN-I.NFO,07/01/2020,09:30:59,1169.05,1169.05,750,1169.3,1500,2250,11181000
TITAN-I.NFO,07/01/2020,09:31:00,1169.1,1169,750,1169.35,750,2250,11181000
TITAN-I.NFO,07/01/2020,09:31:01,1169.1,1168.8,2250,1169.3,750,0,11181000
TITAN-I.NFO,07/01/2020,09:31:02,1169.35,1169.1,750,1169.75,1500,2250,11181000
TITAN-I.NFO,07/01/2020,09:31:03,1169.35,1169.25,750,1169.85,1500,0,11181000
TITAN-I.NFO,07/01/2020,09:31:04,1169.3,1169.2,750,1169.85,1500,750,11181000
TITAN-I.NFO,07/01/2020,09:31:06,1169.85,1169.35,750,1169.85,750,750,11181000
TITAN-I.NFO,07/01/2020,09:31:07,1170,1169.85,750,1170.45,1500,1500,11181000
TITAN-I.NFO,07/01/2020,09:31:09,1170,1169.85,1500,1170.5,750,0,11181000
TITAN-I.NFO,07/01/2020,09:31:10,1170,1170.15,1500,1170.5,750,0,11181000
TITAN-I.NFO,07/01/2020,09:31:12,1170.5,1170.55,1500,1171,3000,750,11181000
TITAN-I.NFO,07/01/2020,09:31:13,1170.5,1170.55,1500,1171,3000,0,11181000
TITAN-I.NFO,07/01/2020,09:31:14,1170.5,1170.65,1500,1171,3000,0,11181000
TITAN-I.NFO,07/01/2020,09:31:16,1171.05,1171,750,1171.45,2250,4500,11181000
TITAN-I.NFO,07/01/2020,09:31:18,1171,1170.9,750,1171.35,1500,750,11181000
TITAN-I.NFO,07/01/2020,09:31:18,1171,1170.9,750,1171.35,1500,0,11181000
TITAN-I.NFO,07/01/2020,09:31:22,1171,1170.8,750,1171.3,2250,0,11181000
TITAN-I.NFO,07/01/2020,09:31:24,1171,1170.8,750,1171.2,1500,0,11181000
TITAN-I.NFO,07/01/2020,09:31:27,1171,1170.8,750,1171.15,750,0,11181000
TITAN-I.NFO,07/01/2020,09:31:29,1171,1170.8,750,1171,750,0,11181000
TITAN-I.NFO,07/01/2020,09:31:34,1170.8,1170.3,750,1170.8,750,750,11181000
TITAN-I.NFO,07/01/2020,09:31:35,1170.8,1170.3,750,1170.8,750,0,11181000
TITAN-I.NFO,07/01/2020,09:31:37,1170.8,1170.3,2250,1170.75,1500,0,11181000
TITAN-I.NFO,07/01/2020,09:31:43,1170.8,1170.3,750,1170.75,1500,0,11181000
TITAN-I.NFO,07/01/2020,09:31:44,1170.8,1170.25,750,1170.7,750,0,11181000
TITAN-I.NFO,07/01/2020,09:31:45,1170.8,1170.25,750,1170.6,750,0,11181000
TITAN-I.NFO,07/01/2020,09:31:46,1170.25,1170.2,750,1170.55,750,750,11181000
TITAN-I.NFO,07/01/2020,09:31:47,1170.25,1170.2,750,1170.55,750,0,11181000
TITAN-I.NFO,07/01/2020,09:31:51,1170.55,1170.3,750,1170.6,750,750,11181000
TITAN-I.NFO,07/01/2020,09:31:52,1170.6,1170.25,750,1170.75,1500,750,11181000
TITAN-I.NFO,07/01/2020,09:31:53,1170.6,1170.35,2250,1170.75,1500,0,11181000
TITAN-I.NFO,07/01/2020,09:31:54,1170.6,1170.3,750,1170.6,750,0,11181000
TITAN-I.NFO,07/01/2020,09:31:55,1170.6,1170.25,2250,1170.6,750,0,11181000
TITAN-I.NFO,07/01/2020,09:31:57,1170.6,1170.25,1500,1170.6,750,0,11181000
TITAN-I.NFO,07/01/2020,09:31:58,1170.6,1170.25,750,1170.6,750,0,11181000
TITAN-I.NFO,07/01/2020,09:31:59,1170.55,1170.25,1500,1170.6,750,750,11181000
TITAN-I.NFO,07/01/2020,09:32:00,1170.55,1170.25,1500,1170.6,750,0,11181000
TITAN-I.NFO,07/01/2020,09:32:01,1170.2,1169.85,750,1170.25,1500,750,11181000
TITAN-I.NFO,07/01/2020,09:32:02,1170.2,1169.9,750,1170.25,1500,0,11181000
TITAN-I.NFO,07/01/2020,09:32:03,1170.2,1170,750,1170.25,1500,0,11181000
TITAN-I.NFO,07/01/2020,09:32:05,1170.2,1169.65,750,1170,750,0,11181000
TITAN-I.NFO,07/01/2020,09:32:06,1170.2,1169.75,1500,1170,750,0,11181000
TITAN-I.NFO,07/01/2020,09:32:07,1170.2,1169.5,1500,1170,750,0,11181000
TITAN-I.NFO,07/01/2020,09:32:08,1170.2,1169.6,1500,1170,750,0,11181000
TITAN-I.NFO,07/01/2020,09:32:09,1170.2,1169.75,750,1170,750,0,11181000
TITAN-I.NFO,07/01/2020,09:32:10,1170.2,1169.4,750,1169.95,750,0,11181000
TITAN-I.NFO,07/01/2020,09:32:11,1170.2,1169.5,750,1169.95,750,0,11181000
TITAN-I.NFO,07/01/2020,09:32:12,1169.5,1169.3,1500,1169.9,1500,750,11185500
TITAN-I.NFO,07/01/2020,09:32:13,1169.5,1169.3,1500,1169.9,1500,0,11185500
TITAN-I.NFO,07/01/2020,09:32:17,1169.5,1169.4,750,1169.9,750,0,11185500
TITAN-I.NFO,07/01/2020,09:32:18,1169.5,1169.25,750,1169.7,750,0,11185500
TITAN-I.NFO,07/01/2020,09:32:19,1169.7,1169.5,1500,1169.85,750,750,11185500
TITAN-I.NFO,07/01/2020,09:32:20,1169.8,1169.5,2250,1170,750,1500,11185500
TITAN-I.NFO,07/01/2020,09:32:21,1169.8,1169.6,1500,1170,750,0,11185500
TITAN-I.NFO,07/01/2020,09:32:22,1169.8,1169.6,1500,1169.95,750,0,11185500
TITAN-I.NFO,07/01/2020,09:32:23,1169.6,1169.45,1500,1169.95,750,750,11185500
TITAN-I.NFO,07/01/2020,09:32:24,1169.6,1169.45,1500,1169.95,750,0,11185500
TITAN-I.NFO,07/01/2020,09:32:28,1169.6,1169.45,2250,1169.95,750,0,11185500
TITAN-I.NFO,07/01/2020,09:32:29,1169.6,1169.5,1500,1169.95,750,0,11185500
TITAN-I.NFO,07/01/2020,09:32:30,1169.6,1169.55,2250,1169.95,750,0,11185500
TITAN-I.NFO,07/01/2020,09:32:31,1169.6,1169.4,1500,1169.95,750,0,11185500
TITAN-I.NFO,07/01/2020,09:32:32,1169.6,1169.25,1500,1169.85,1500,0,11185500
TITAN-I.NFO,07/01/2020,09:32:36,1169.85,1169.25,1500,1169.8,750,750,11185500
TITAN-I.NFO,07/01/2020,09:32:37,1169.85,1169.5,750,1169.8,750,0,11185500
TITAN-I.NFO,07/01/2020,09:32:41,1169.5,1169.35,1500,1169.75,750,750,11185500
TITAN-I.NFO,07/01/2020,09:32:42,1169.5,1169.35,1500,1169.75,750,0,11185500
TITAN-I.NFO,07/01/2020,09:32:44,1169.5,1169.2,1500,1169.75,750,0,11185500
TITAN-I.NFO,07/01/2020,09:32:45,1169.5,1169.25,750,1169.75,750,0,11185500
TITAN-I.NFO,07/01/2020,09:32:48,1169.5,1169.15,2250,1169.75,750,0,11185500
TITAN-I.NFO,07/01/2020,09:32:49,1169.5,1169.2,750,1169.75,750,0,11185500
TITAN-I.NFO,07/01/2020,09:32:50,1169.5,1169.25,1500,1169.75,750,0,11185500
TITAN-I.NFO,07/01/2020,09:32:52,1169.25,1169.1,750,1169.7,2250,750,11185500
TITAN-I.NFO,07/01/2020,09:32:53,1169.25,1169.1,750,1169.7,2250,0,11185500
TITAN-I.NFO,07/01/2020,09:32:54,1169.25,1169.5,750,1169.7,750,0,11185500
TITAN-I.NFO,07/01/2020,09:32:56,1169.2,1169.1,750,1169.5,750,1500,11185500
TITAN-I.NFO,07/01/2020,09:32:57,1169.2,1169.1,750,1169.5,750,0,11185500
TITAN-I.NFO,07/01/2020,09:32:58,1169.2,1169.2,750,1169.5,750,0,11185500
TITAN-I.NFO,07/01/2020,09:32:59,1169.1,1169,1500,1169.45,2250,3000,11185500
TITAN-I.NFO,07/01/2020,09:33:00,1169.1,1169,1500,1169.45,2250,0,11185500
TITAN-I.NFO,07/01/2020,09:33:04,1169,1168.75,1500,1169.25,1500,1500,11185500
TITAN-I.NFO,07/01/2020,09:33:05,1169,1168.75,1500,1169.25,1500,0,11185500
TITAN-I.NFO,07/01/2020,09:33:08,1169.1,1168.9,1500,1169.45,1500,1500,11185500
TITAN-I.NFO,07/01/2020,09:33:09,1169.1,1168.85,750,1169.35,1500,0,11185500
TITAN-I.NFO,07/01/2020,09:33:10,1169.1,1168.9,750,1169.45,1500,0,11185500
TITAN-I.NFO,07/01/2020,09:33:13,1169.1,1168.9,1500,1169.45,1500,0,11185500
TITAN-I.NFO,07/01/2020,09:33:14,1169.1,1168.9,750,1169.45,1500,0,11185500
TITAN-I.NFO,07/01/2020,09:33:15,1169.5,1169.45,750,1170.05,2250,750,11185500
TITAN-I.NFO,07/01/2020,09:33:16,1169.5,1169.45,750,1170.05,2250,0,11185500
TITAN-I.NFO,07/01/2020,09:33:19,1169.5,1169.45,750,1169.8,1500,0,11185500
TITAN-I.NFO,07/01/2020,09:33:28,1169.8,1169.45,750,1170,1500,750,11185500
TITAN-I.NFO,07/01/2020,09:33:29,1169.8,1169.45,750,1170,1500,0,11185500
TITAN-I.NFO,07/01/2020,09:33:30,1169.8,1169.5,3000,1170.05,750,0,11185500
TITAN-I.NFO,07/01/2020,09:33:31,1169.8,1169.5,3000,1170,4500,0,11185500
TITAN-I.NFO,07/01/2020,09:33:32,1169.8,1169.5,3000,1170,5250,0,11185500
TITAN-I.NFO,07/01/2020,09:33:34,1170.35,1170,1500,1170.5,750,6750,11185500
TITAN-I.NFO,07/01/2020,09:33:35,1170.1,1170.1,750,1170.45,750,1500,11185500
TITAN-I.NFO,07/01/2020,09:33:36,1170.1,1169.95,1500,1170.5,750,0,11185500
TITAN-I.NFO,07/01/2020,09:33:40,1170.1,1170.1,750,1170.5,750,0,11185500
TITAN-I.NFO,07/01/2020,09:33:41,1170.1,1170,750,1170.5,750,0,11185500
TITAN-I.NFO,07/01/2020,09:33:42,1170.1,1170.15,750,1170.5,750,0,11185500
TITAN-I.NFO,07/01/2020,09:33:43,1170.1,1170.05,750,1170.5,750,0,11185500
TITAN-I.NFO,07/01/2020,09:33:44,1170.1,1170,2250,1170.5,750,0,11185500
TITAN-I.NFO,07/01/2020,09:33:45,1170,1169.95,2250,1170.5,750,750,11185500
TITAN-I.NFO,07/01/2020,09:33:46,1170,1169.95,2250,1170.5,750,0,11185500
TITAN-I.NFO,07/01/2020,09:33:47,1170,1170.05,2250,1170.5,750,0,11185500
TITAN-I.NFO,07/01/2020,09:33:48,1170,1170.1,750,1170.5,750,0,11185500
TITAN-I.NFO,07/01/2020,09:33:49,1171,1170.25,750,1170.9,1500,3000,11185500
TITAN-I.NFO,07/01/2020,09:33:51,1170.95,1170.4,750,1171,750,750,11185500
TITAN-I.NFO,07/01/2020,09:33:51,1170.95,1170.4,750,1171,750,0,11185500
TITAN-I.NFO,07/01/2020,09:33:52,1170.95,1170.4,1500,1170.95,2250,0,11185500
TITAN-I.NFO,07/01/2020,09:33:54,1170.9,1170.55,750,1171,750,750,11185500
TITAN-I.NFO,07/01/2020,09:33:55,1170.9,1170.55,750,1171,750,0,11185500
TITAN-I.NFO,07/01/2020,09:34:00,1170.9,1170.4,750,1171,750,0,11185500
TITAN-I.NFO,07/01/2020,09:34:00,1170.9,1170.45,750,1171,750,0,11185500
TITAN-I.NFO,07/01/2020,09:34:01,1170.5,1170.35,1500,1170.95,1500,750,11185500
TITAN-I.NFO,07/01/2020,09:34:02,1170.5,1170.35,750,1170.8,750,0,11185500
TITAN-I.NFO,07/01/2020,09:34:03,1170.5,1170.1,2250,1170.75,1500,0,11185500
TITAN-I.NFO,07/01/2020,09:34:05,1170.5,1170.1,750,1170.75,1500,0,11185500
TITAN-I.NFO,07/01/2020,09:34:06,1170.75,1170.2,1500,1170.8,750,750,11185500
TITAN-I.NFO,07/01/2020,09:34:08,1170.75,1170.2,2250,1170.7,750,0,11185500
TITAN-I.NFO,07/01/2020,09:34:10,1170.75,1170.2,2250,1170.8,750,0,11185500
TITAN-I.NFO,07/01/2020,09:34:12,1170.75,1170.3,2250,1170.95,1500,0,11185500
TITAN-I.NFO,07/01/2020,09:34:13,1170.75,1170.2,2250,1170.85,1500,0,11185500
TITAN-I.NFO,07/01/2020,09:34:14,1170.75,1170.2,3000,1170.85,1500,0,11185500
TITAN-I.NFO,07/01/2020,09:34:16,1170.75,1170.05,750,1170.6,750,0,11185500
TITAN-I.NFO,07/01/2020,09:34:18,1170.75,1170,750,1170.55,1500,0,11185500
TITAN-I.NFO,07/01/2020,09:34:20,1170.75,1170,750,1170.5,1500,0,11185500
TITAN-I.NFO,07/01/2020,09:34:22,1170,1169.6,750,1170.3,1500,750,11185500
TITAN-I.NFO,07/01/2020,09:34:23,1170,1169.6,750,1170.3,1500,0,11185500
TITAN-I.NFO,07/01/2020,09:34:25,1170,1169.7,1500,1170.3,1500,0,11185500
TITAN-I.NFO,07/01/2020,09:34:26,1170,1169.6,2250,1170.2,1500,0,11185500
TITAN-I.NFO,07/01/2020,09:34:27,1170,1169.6,750,1170.2,1500,0,11185500
TITAN-I.NFO,07/01/2020,09:34:29,1170,1169.6,750,1170.1,1500,0,11185500
TITAN-I.NFO,07/01/2020,09:34:32,1169.6,1169.55,750,1170.1,1500,750,11185500
TITAN-I.NFO,07/01/2020,09:34:34,1169.6,1169.55,750,1170.1,1500,0,11185500
TITAN-I.NFO,07/01/2020,09:34:35,1169.6,1169.55,750,1170,1500,0,11185500
TITAN-I.NFO,07/01/2020,09:34:38,1170.3,1169.75,750,1170.35,1500,750,11185500
TITAN-I.NFO,07/01/2020,09:34:39,1170.3,1169.75,750,1170.35,1500,0,11185500
TITAN-I.NFO,07/01/2020,09:34:46,1169.75,1169.65,750,1170.2,1500,750,11185500
TITAN-I.NFO,07/01/2020,09:34:47,1169.75,1169.65,750,1170.2,1500,0,11185500
TITAN-I.NFO,07/01/2020,09:34:48,1169.65,1169.65,750,1170.2,1500,750,11185500
TITAN-I.NFO,07/01/2020,09:34:49,1169.65,1169.65,750,1170.2,1500,0,11185500
TITAN-I.NFO,07/01/2020,09:34:51,1169.65,1169.75,750,1170.35,1500,0,11185500
TITAN-I.NFO,07/01/2020,09:34:54,1169.65,1169.85,750,1170.4,750,0,11185500
TITAN-I.NFO,07/01/2020,09:34:55,1169.65,1169.8,1500,1170.4,750,0,11185500
TITAN-I.NFO,07/01/2020,09:34:57,1169.65,1169.8,750,1170.4,750,0,11185500
TITAN-I.NFO,07/01/2020,09:34:58,1169.65,1169.9,750,1170.4,750,0,11185500
TITAN-I.NFO,07/01/2020,09:34:59,1169.65,1170.15,1500,1170.4,750,0,11185500
TITAN-I.NFO,07/01/2020,09:35:00,1170.4,1170.15,750,1170.7,1500,750,11185500
TITAN-I.NFO,07/01/2020,09:35:01,1170.4,1170.15,750,1170.7,1500,0,11185500
TITAN-I.NFO,07/01/2020,09:35:02,1170.4,1170.3,750,1170.9,1500,0,11185500
TITAN-I.NFO,07/01/2020,09:35:03,1170.95,1170.5,750,1171,3000,3000,11185500
TITAN-I.NFO,07/01/2020,09:35:04,1170.65,1170.55,750,1171,3000,750,11185500
TITAN-I.NFO,07/01/2020,09:35:05,1170.65,1170.35,2250,1171,3000,0,11185500
TITAN-I.NFO,07/01/2020,09:35:06,1170.65,1170.7,750,1171,3000,0,11185500
TITAN-I.NFO,07/01/2020,09:35:07,1170.65,1170.75,750,1171,3000,0,11185500
TITAN-I.NFO,07/01/2020,09:35:08,1170.65,1170.5,750,1171,3000,0,11185500
TITAN-I.NFO,07/01/2020,09:35:09,1171,1170.8,750,1171.4,2250,3000,11185500
TITAN-I.NFO,07/01/2020,09:35:10,1171,1170.7,750,1171,750,0,11185500
TITAN-I.NFO,07/01/2020,09:35:11,1170.7,1170.75,750,1171.35,750,1500,11185500
TITAN-I.NFO,07/01/2020,09:35:12,1171.3,1170.7,750,1171.35,3000,750,11185500
TITAN-I.NFO,07/01/2020,09:35:13,1171.3,1170.7,750,1171.35,3000,0,11185500
TITAN-I.NFO,07/01/2020,09:35:14,1171.3,1170.7,750,1171.35,2250,0,11185500
TITAN-I.NFO,07/01/2020,09:35:18,1171.3,1170.75,1500,1171.3,750,0,11185500
TITAN-I.NFO,07/01/2020,09:35:19,1171.3,1170.8,750,1171.3,750,0,11185500
TITAN-I.NFO,07/01/2020,09:35:21,1171.3,1170.8,1500,1171.3,750,0,11185500
TITAN-I.NFO,07/01/2020,09:35:22,1171.3,1170.85,750,1171.3,750,0,11185500
TITAN-I.NFO,07/01/2020,09:35:23,1171.3,1170.9,750,1171.3,750,0,11185500
TITAN-I.NFO,07/01/2020,09:35:28,1170.85,1170.8,750,1171.15,1500,1500,11190000
TITAN-I.NFO,07/01/2020,09:35:28,1170.85,1170.65,2250,1171.15,1500,0,11190000
TITAN-I.NFO,07/01/2020,09:35:29,1170.65,1170.65,750,1171,1500,1500,11190000
TITAN-I.NFO,07/01/2020,09:35:30,1170.65,1170.65,750,1171,1500,0,11190000
TITAN-I.NFO,07/01/2020,09:35:31,1170.65,1170.2,750,1170.75,750,750,11190000
TITAN-I.NFO,07/01/2020,09:35:32,1170.5,1170.3,750,1170.75,750,750,11190000
TITAN-I.NFO,07/01/2020,09:35:33,1170.5,1170.3,750,1170.75,750,0,11190000
TITAN-I.NFO,07/01/2020,09:35:34,1170.8,1170.55,750,1171.2,2250,750,11190000
TITAN-I.NFO,07/01/2020,09:35:35,1170.8,1170.45,750,1171.2,2250,0,11190000
TITAN-I.NFO,07/01/2020,09:35:36,1170.8,1170.35,1500,1171.1,2250,0,11190000
TITAN-I.NFO,07/01/2020,09:35:37,1170.8,1170.45,2250,1171.1,1500,0,11190000
TITAN-I.NFO,07/01/2020,09:35:39,1170.8,1170.5,750,1171.1,1500,0,11190000
TITAN-I.NFO,07/01/2020,09:35:40,1170.8,1170.35,1500,1171,1500,0,11190000
TITAN-I.NFO,07/01/2020,09:35:41,1170.8,1170.35,1500,1171.05,750,0,11190000
TITAN-I.NFO,07/01/2020,09:35:42,1170.8,1170.35,1500,1171,1500,0,11190000
TITAN-I.NFO,07/01/2020,09:35:43,1170.8,1170.35,1500,1171.15,3000,750,11190000
TITAN-I.NFO,07/01/2020,09:35:44,1170.8,1170.35,750,1171.05,2250,0,11190000
TITAN-I.NFO,07/01/2020,09:35:45,1170.25,1170.25,750,1170.9,1500,750,11190000
TITAN-I.NFO,07/01/2020,09:35:47,1170.25,1170.25,750,1170.9,1500,0,11190000
TITAN-I.NFO,07/01/2020,09:35:48,1170.9,1170.4,2250,1171.2,750,1500,11190000
TITAN-I.NFO,07/01/2020,09:35:48,1170.9,1170.4,2250,1171.2,750,0,11190000
TITAN-I.NFO,07/01/2020,09:35:49,1170.9,1170.75,750,1171.2,750,0,11190000
TITAN-I.NFO,07/01/2020,09:35:50,1171.3,1171,750,1171.5,750,1500,11190000
TITAN-I.NFO,07/01/2020,09:35:51,1170.5,1170.65,750,1171.3,750,8250,11190000
TITAN-I.NFO,07/01/2020,09:35:52,1170.5,1170.65,750,1171.2,1500,0,11190000
TITAN-I.NFO,07/01/2020,09:35:54,1170.65,1170.5,750,1171,750,750,11190000
TITAN-I.NFO,07/01/2020,09:35:55,1170.5,1170.45,750,1170.9,2250,750,11190000
TITAN-I.NFO,07/01/2020,09:35:56,1170.5,1170.45,750,1170.8,1500,0,11190000
TITAN-I.NFO,07/01/2020,09:36:07,1170.5,1170.5,750,1170.8,1500,0,11190000
TITAN-I.NFO,07/01/2020,09:36:09,1170.45,1170,1500,1170.45,1500,1500,11190000
TITAN-I.NFO,07/01/2020,09:36:10,1170.45,1170,1500,1170.45,1500,0,11190000
TITAN-I.NFO,07/01/2020,09:36:15,1170.45,1170,1500,1170.45,2250,0,11190000
TITAN-I.NFO,07/01/2020,09:36:18,1170.3,1170,1500,1170.45,1500,750,11190000
TITAN-I.NFO,07/01/2020,09:36:19,1170.3,1170,1500,1170.35,1500,0,11190000
TITAN-I.NFO,07/01/2020,09:36:20,1170.35,1170,1500,1170.5,6750,750,11190000
TITAN-I.NFO,07/01/2020,09:36:22,1170,1169.6,750,1170.25,750,1500,11190000
TITAN-I.NFO,07/01/2020,09:36:22,1170,1169.6,750,1170.3,3000,0,11190000
TITAN-I.NFO,07/01/2020,09:36:25,1170,1169.6,750,1170.3,2250,0,11190000
TITAN-I.NFO,07/01/2020,09:36:26,1170.3,1169.75,750,1170.3,1500,750,11190000
TITAN-I.NFO,07/01/2020,09:36:27,1170.3,1169.75,750,1170.3,1500,0,11190000
TITAN-I.NFO,07/01/2020,09:36:28,1170.3,1169.65,1500,1170.3,1500,0,11190000
TITAN-I.NFO,07/01/2020,09:36:33,1170.3,1169.7,750,1170.3,1500,0,11190000
TITAN-I.NFO,07/01/2020,09:36:37,1169.7,1169.65,1500,1170.25,1500,750,11190000
TITAN-I.NFO,07/01/2020,09:36:39,1169.7,1169.65,2250,1170.25,2250,0,11190000
TITAN-I.NFO,07/01/2020,09:36:40,1169.7,1169.65,2250,1170.2,1500,750,11190000
TITAN-I.NFO,07/01/2020,09:36:41,1169.7,1169.65,2250,1170.2,1500,0,11190000
TITAN-I.NFO,07/01/2020,09:36:47,1169.7,1169.65,1500,1170.3,2250,1500,11190000
TITAN-I.NFO,07/01/2020,09:36:48,1169.7,1169.65,1500,1170.3,2250,0,11190000
TITAN-I.NFO,07/01/2020,09:36:50,1169.7,1169.7,750,1170.3,2250,0,11190000
TITAN-I.NFO,07/01/2020,09:36:51,1169.7,1169.65,1500,1170.3,2250,0,11190000
TITAN-I.NFO,07/01/2020,09:36:53,1169.7,1169.7,750,1170.3,2250,0,11190000
TITAN-I.NFO,07/01/2020,09:36:59,1169.7,1169.5,750,1170.1,1500,750,11190000
TITAN-I.NFO,07/01/2020,09:37:00,1169.7,1169.5,750,1169.55,750,0,11190000
TITAN-I.NFO,07/01/2020,09:37:03,1169.5,1169.2,750,1169.85,1500,750,11190000
TITAN-I.NFO,07/01/2020,09:37:04,1169.5,1169.2,750,1169.85,1500,0,11190000
TITAN-I.NFO,07/01/2020,09:37:08,1169.5,1169.5,750,1170.05,1500,0,11190000
TITAN-I.NFO,07/01/2020,09:37:10,1169.5,1169.2,750,1169.7,750,750,11190000
TITAN-I.NFO,07/01/2020,09:37:11,1169.5,1169.5,750,1169.7,750,0,11190000
TITAN-I.NFO,07/01/2020,09:37:21,1169.5,1169.5,2250,1169.7,750,0,11190000
TITAN-I.NFO,07/01/2020,09:37:26,1169.7,1169.5,2250,1170.05,1500,750,11190000
TITAN-I.NFO,07/01/2020,09:37:31,1169.5,1169.5,1500,1169.95,1500,1500,11190000
TITAN-I.NFO,07/01/2020,09:37:37,1169.5,1169.5,1500,1169.95,1500,0,11190000
TITAN-I.NFO,07/01/2020,09:37:47,1169.5,1169.5,2250,1170.05,1500,0,11190000
TITAN-I.NFO,07/01/2020,09:37:52,1169.5,1169.5,1500,1169.85,750,1500,11190000
TITAN-I.NFO,07/01/2020,09:37:56,1169.5,1169.5,1500,1169.8,1500,0,11190000
TITAN-I.NFO,07/01/2020,09:38:01,1169.5,1169.5,1500,1169.95,1500,0,11190000
TITAN-I.NFO,07/01/2020,09:38:07,1169.55,1169.5,1500,1169.95,2250,750,11190000
TITAN-I.NFO,07/01/2020,09:38:12,1169.8,1169.5,1500,1169.85,1500,750,11190000
TITAN-I.NFO,07/01/2020,09:38:17,1169.8,1169.6,750,1169.95,1500,0,11190000
TITAN-I.NFO,07/01/2020,09:38:22,1169.85,1169.5,1500,1169.95,1500,750,11195250
TITAN-I.NFO,07/01/2020,09:38:31,1169.5,1169.15,750,1169.85,2250,1500,11195250
TITAN-I.NFO,07/01/2020,09:38:36,1169.5,1169.15,750,1169.75,1500,0,11195250
TITAN-I.NFO,07/01/2020,09:38:40,1169.15,1169.15,750,1169.8,2250,1500,11195250
TITAN-I.NFO,07/01/2020,09:38:45,1169.15,1169.15,750,1169.65,1500,0,11195250
TITAN-I.NFO,07/01/2020,09:38:50,1169.6,1169.15,750,1169.6,1500,1500,11195250
TITAN-I.NFO,07/01/2020,09:38:56,1169.2,1169.15,1500,1169.7,750,1500,11195250
TITAN-I.NFO,07/01/2020,09:39:01,1169.2,1169.2,1500,1169.7,750,0,11195250
TITAN-I.NFO,07/01/2020,09:39:06,1169.7,1169.3,1500,1169.7,750,750,11195250
TITAN-I.NFO,07/01/2020,09:39:11,1169.3,1169.3,750,1169.7,1500,750,11195250
TITAN-I.NFO,07/01/2020,09:39:16,1169.5,1169.3,750,1169.7,750,1500,11195250
TITAN-I.NFO,07/01/2020,09:39:22,1169.85,1169.35,2250,1169.65,750,2250,11195250
TITAN-I.NFO,07/01/2020,09:39:27,1169.9,1169.55,750,1170,2250,1500,11195250
TITAN-I.NFO,07/01/2020,09:39:32,1169.9,1169.7,750,1170,2250,0,11195250
TITAN-I.NFO,07/01/2020,09:39:37,1170,1169.6,2250,1170,2250,750,11195250
TITAN-I.NFO,07/01/2020,09:39:42,1170,1169.9,2250,1170,2250,0,11195250
TITAN-I.NFO,07/01/2020,09:39:48,1170.35,1170,750,1170.3,750,5250,11195250
TITAN-I.NFO,07/01/2020,09:39:53,1169.55,1169.55,750,1170,750,1500,11195250
TITAN-I.NFO,07/01/2020,09:39:58,1169.55,1169.5,3000,1170,750,0,11195250
TITAN-I.NFO,07/01/2020,09:40:03,1170.2,1169.8,750,1170.35,1500,4500,11195250
TITAN-I.NFO,07/01/2020,09:40:10,1170.2,1170,1500,1170.3,1500,0,11195250
TITAN-I.NFO,07/01/2020,09:40:12,1170.2,1170,2250,1170.3,1500,0,11195250
TITAN-I.NFO,07/01/2020,09:40:15,1170.2,1169.75,1500,1170.3,2250,0,11195250
TITAN-I.NFO,07/01/2020,09:40:16,1170.2,1169.75,2250,1170.15,750,0,11195250
TITAN-I.NFO,07/01/2020,09:40:20,1170.2,1169.75,1500,1170.2,750,0,11195250
TITAN-I.NFO,07/01/2020,09:40:22,1170.2,1169.75,2250,1170.2,750,0,11195250
TITAN-I.NFO,07/01/2020,09:40:23,1169.7,1169.5,1500,1169.75,1500,3000,11195250
TITAN-I.NFO,07/01/2020,09:40:23,1169.7,1169.5,1500,1169.75,1500,0,11195250
TITAN-I.NFO,07/01/2020,09:40:27,1169.7,1169.55,750,1169.75,1500,0,11195250
TITAN-I.NFO,07/01/2020,09:40:28,1169.7,1169.5,1500,1169.75,1500,0,11195250
TITAN-I.NFO,07/01/2020,09:40:29,1169.75,1169.65,750,1170,750,1500,11195250
TITAN-I.NFO,07/01/2020,09:40:31,1169.75,1169.6,1500,1170,750,0,11195250
TITAN-I.NFO,07/01/2020,09:40:32,1169.75,1169.55,750,1169.95,1500,0,11195250
TITAN-I.NFO,07/01/2020,09:40:33,1169.75,1169.55,750,1169.95,750,0,11195250
TITAN-I.NFO,07/01/2020,09:40:35,1169.75,1169.55,750,1170.05,1500,0,11195250
TITAN-I.NFO,07/01/2020,09:40:37,1169.75,1169.55,750,1170,750,0,11195250
TITAN-I.NFO,07/01/2020,09:40:38,1169.75,1169.55,750,1169.95,1500,0,11195250
TITAN-I.NFO,07/01/2020,09:40:43,1169.75,1169.55,750,1169.75,750,0,11195250
TITAN-I.NFO,07/01/2020,09:40:44,1169.75,1169.6,750,1170,750,750,11195250
TITAN-I.NFO,07/01/2020,09:40:45,1169.75,1169.6,750,1169.7,750,0,11195250
TITAN-I.NFO,07/01/2020,09:40:46,1169.75,1169.55,750,1169.7,750,0,11195250
TITAN-I.NFO,07/01/2020,09:40:51,1169.55,1169.5,1500,1169.7,750,750,11195250
TITAN-I.NFO,07/01/2020,09:40:52,1169.55,1169.5,1500,1169.7,750,0,11195250
TITAN-I.NFO,07/01/2020,09:41:06,1169.55,1169.5,1500,1169.65,750,0,11195250
TITAN-I.NFO,07/01/2020,09:41:08,1169.55,1169.5,1500,1169.7,750,0,11195250
TITAN-I.NFO,07/01/2020,09:41:09,1169.55,1169.6,750,1169.7,750,0,11195250
TITAN-I.NFO,07/01/2020,09:41:17,1169.5,1169.45,750,1169.85,750,11250,11207250
TITAN-I.NFO,07/01/2020,09:41:22,1169.5,1169.45,750,1169.9,2250,0,11207250
TITAN-I.NFO,07/01/2020,09:41:27,1169.5,1169.45,750,1169.9,3000,0,11207250
TITAN-I.NFO,07/01/2020,09:41:33,1169.7,1169.5,750,1170.1,1500,750,11207250
TITAN-I.NFO,07/01/2020,09:41:38,1169.7,1169.5,750,1170,1500,0,11207250
TITAN-I.NFO,07/01/2020,09:41:42,1169.45,1169.4,750,1170.05,3000,1500,11207250
TITAN-I.NFO,07/01/2020,09:41:47,1170,1169.4,750,1169.5,750,750,11207250
TITAN-I.NFO,07/01/2020,09:41:53,1169.5,1169.5,750,1169.85,1500,750,11207250
TITAN-I.NFO,07/01/2020,09:42:00,1169.5,1169.4,750,1169.75,1500,750,11207250
TITAN-I.NFO,07/01/2020,09:42:09,1169.4,1169.25,750,1169.7,1500,750,11207250
TITAN-I.NFO,07/01/2020,09:42:12,1169.3,1169.25,750,1169.8,1500,1500,11207250
TITAN-I.NFO,07/01/2020,09:42:12,1169.3,1169.25,750,1169.8,1500,0,11207250
TITAN-I.NFO,07/01/2020,09:42:18,1169.3,1169.25,750,1169.75,1500,0,11207250
TITAN-I.NFO,07/01/2020,09:42:20,1169.3,1169.3,750,1169.75,1500,0,11207250
TITAN-I.NFO,07/01/2020,09:42:21,1169.3,1169.45,750,1169.95,1500,0,11207250
TITAN-I.NFO,07/01/2020,09:42:22,1169.3,1169.35,2250,1170,2250,0,11207250
TITAN-I.NFO,07/01/2020,09:42:23,1169.3,1169.5,2250,1170,2250,0,11207250
TITAN-I.NFO,07/01/2020,09:42:25,1169.3,1169.45,2250,1170,3000,0,11207250
TITAN-I.NFO,07/01/2020,09:42:31,1169.45,1169.45,750,1169.9,750,750,11207250
TITAN-I.NFO,07/01/2020,09:42:32,1169.45,1169.3,1500,1169.85,1500,0,11207250
TITAN-I.NFO,07/01/2020,09:42:33,1169.45,1169.35,2250,1170,3000,0,11207250
TITAN-I.NFO,07/01/2020,09:42:35,1169.45,1169.5,1500,1170,3000,0,11207250
TITAN-I.NFO,07/01/2020,09:42:35,1169.45,1169.5,1500,1170,3750,0,11207250
TITAN-I.NFO,07/01/2020,09:42:37,1169.45,1169.45,2250,1170,3750,0,11207250
TITAN-I.NFO,07/01/2020,09:42:38,1169.45,1169.35,2250,1169.95,750,0,11207250
TITAN-I.NFO,07/01/2020,09:42:39,1169.45,1169.45,1500,1170,3750,0,11207250
TITAN-I.NFO,07/01/2020,09:42:44,1169.45,1169.3,2250,1169.9,1500,0,11207250
TITAN-I.NFO,07/01/2020,09:42:44,1169.45,1169.3,1500,1169.9,1500,0,11207250
TITAN-I.NFO,07/01/2020,09:42:46,1169.45,1169.3,750,1169.75,1500,0,11207250
TITAN-I.NFO,07/01/2020,09:42:47,1169.45,1169.3,750,1169.7,750,0,11207250
TITAN-I.NFO,07/01/2020,09:42:49,1169.45,1169.3,750,1169.65,1500,0,11207250
TITAN-I.NFO,07/01/2020,09:42:54,1169.45,1169.3,750,1169.55,1500,0,11207250
TITAN-I.NFO,07/01/2020,09:42:58,1169.45,1169.3,750,1169.4,1500,0,11207250
TITAN-I.NFO,07/01/2020,09:43:00,1169.4,1169.3,750,1169.4,750,750,11207250
TITAN-I.NFO,07/01/2020,09:43:02,1169.4,1169.3,750,1169.4,750,0,11207250
TITAN-I.NFO,07/01/2020,09:43:05,1169.3,1169.25,750,1169.4,750,750,11207250
TITAN-I.NFO,07/01/2020,09:43:07,1169.3,1169.25,750,1169.4,750,0,11207250
TITAN-I.NFO,07/01/2020,09:43:07,1169.4,1169.25,750,1169.6,750,750,11207250
TITAN-I.NFO,07/01/2020,09:43:09,1169.4,1169.25,750,1169.6,750,0,11207250
TITAN-I.NFO,07/01/2020,09:43:11,1169.4,1169.3,750,1169.9,2250,0,11207250
TITAN-I.NFO,07/01/2020,09:43:12,1169.4,1169.25,750,1169.8,2250,0,11207250
TITAN-I.NFO,07/01/2020,09:43:13,1169.4,1169.65,750,1169.8,1500,0,11207250
TITAN-I.NFO,07/01/2020,09:43:25,1169.4,1169.65,750,1169.95,1500,0,11207250
TITAN-I.NFO,07/01/2020,09:43:32,1169.95,1169.5,750,1169.95,1500,750,11207250
TITAN-I.NFO,07/01/2020,09:43:32,1169.95,1169.5,750,1169.95,1500,0,11207250
TITAN-I.NFO,07/01/2020,09:43:34,1169.95,1169.55,750,1170,4500,0,11207250
TITAN-I.NFO,07/01/2020,09:43:36,1169.95,1169.5,750,1169.9,750,0,11207250
TITAN-I.NFO,07/01/2020,09:43:46,1169.95,1169.5,750,1169.85,750,0,11207250
TITAN-I.NFO,07/01/2020,09:43:50,1169.95,1169.5,750,1169.75,750,0,11207250
TITAN-I.NFO,07/01/2020,09:43:52,1169.95,1169.5,750,1169.85,750,0,11207250
TITAN-I.NFO,07/01/2020,09:43:56,1169.95,1169.5,750,1169.8,1500,0,11207250
TITAN-I.NFO,07/01/2020,09:44:00,1169.95,1169.5,750,1169.85,750,0,11207250
TITAN-I.NFO,07/01/2020,09:44:01,1169.95,1169.55,750,1169.85,750,0,11207250
TITAN-I.NFO,07/01/2020,09:44:07,1169.9,1169.55,750,1169.95,2250,750,11207250
TITAN-I.NFO,07/01/2020,09:44:07,1169.55,1169.5,750,1169.9,2250,750,11207250
TITAN-I.NFO,07/01/2020,09:44:08,1169.55,1169.5,750,1169.8,750,0,11207250
TITAN-I.NFO,07/01/2020,09:44:10,1169.8,1169.5,750,1169.95,1500,750,11207250
TITAN-I.NFO,07/01/2020,09:44:11,1169.8,1169.5,750,1169.95,1500,0,11207250
TITAN-I.NFO,07/01/2020,09:44:17,1169.5,1169.35,2250,1169.95,750,1500,11207250
TITAN-I.NFO,07/01/2020,09:44:23,1169.5,1169.3,2250,1169.9,1500,0,11207250
TITAN-I.NFO,07/01/2020,09:44:28,1169.8,1169.35,1500,1169.8,750,750,11211750
TITAN-I.NFO,07/01/2020,09:44:33,1169.4,1169.3,2250,1169.85,750,1500,11211750
TITAN-I.NFO,07/01/2020,09:44:37,1169.3,1169.25,750,1169.8,1500,750,11211750
TITAN-I.NFO,07/01/2020,09:44:42,1169.3,1169.25,750,1169.7,2250,0,11211750
TITAN-I.NFO,07/01/2020,09:44:47,1169.3,1169.25,750,1169.7,1500,0,11211750
TITAN-I.NFO,07/01/2020,09:44:52,1169.3,1169.3,750,1169.7,1500,0,11211750
TITAN-I.NFO,07/01/2020,09:44:57,1169.3,1169.35,1500,1169.85,750,0,11211750
TITAN-I.NFO,07/01/2020,09:45:02,1169.3,1169.35,2250,1169.95,2250,0,11211750
TITAN-I.NFO,07/01/2020,09:45:09,1169.35,1169.65,1500,1169.9,750,750,11211750
TITAN-I.NFO,07/01/2020,09:45:12,1170,1169.45,1500,1169.95,750,3750,11211750
TITAN-I.NFO,07/01/2020,09:45:13,1170,1169.45,750,1169.95,750,0,11211750
TITAN-I.NFO,07/01/2020,09:45:14,1170,1169.4,750,1169.9,1500,0,11211750
TITAN-I.NFO,07/01/2020,09:45:15,1170,1169.4,750,1169.95,1500,0,11211750
TITAN-I.NFO,07/01/2020,09:45:16,1170,1169.5,750,1169.95,1500,0,11211750
TITAN-I.NFO,07/01/2020,09:45:17,1170,1169.5,750,1170.1,750,0,11211750
TITAN-I.NFO,07/01/2020,09:45:18,1170,1169.5,750,1170.05,1500,0,11211750
TITAN-I.NFO,07/01/2020,09:45:20,1170,1169.45,1500,1169.9,750,0,11211750
TITAN-I.NFO,07/01/2020,09:45:22,1170,1169.45,750,1169.7,1500,0,11211750
TITAN-I.NFO,07/01/2020,09:45:22,1169.2,1169.1,750,1169.5,750,4500,11211750
TITAN-I.NFO,07/01/2020,09:45:23,1169.2,1169.15,750,1169.6,750,0,11211750
TITAN-I.NFO,07/01/2020,09:45:25,1169.2,1169.2,1500,1169.75,1500,0,11211750
TITAN-I.NFO,07/01/2020,09:45:26,1169.2,1169.15,2250,1169.7,2250,0,11211750
TITAN-I.NFO,07/01/2020,09:45:27,1169.2,1169.15,750,1169.7,1500,0,11211750
TITAN-I.NFO,07/01/2020,09:45:28,1169.2,1169.15,750,1169.7,2250,0,11211750
TITAN-I.NFO,07/01/2020,09:45:31,1169.1,1169,7500,1169.4,1500,1500,11211750
TITAN-I.NFO,07/01/2020,09:45:32,1169,1168.7,750,1169.1,750,7500,11211750
TITAN-I.NFO,07/01/2020,09:45:34,1169,1168.7,750,1169.15,1500,0,11211750
TITAN-I.NFO,07/01/2020,09:45:37,1167.15,1167.15,750,1167.5,750,45750,11211750
TITAN-I.NFO,07/01/2020,09:45:37,1167.15,1167.15,750,1167.5,750,0,11211750
TITAN-I.NFO,07/01/2020,09:45:38,1167.25,1167.15,1500,1167.45,1500,750,11211750
TITAN-I.NFO,07/01/2020,09:45:39,1167.45,1167.35,750,1167.95,1500,1500,11211750
TITAN-I.NFO,07/01/2020,09:45:41,1167.4,1167.35,1500,1167.9,2250,750,11211750
TITAN-I.NFO,07/01/2020,09:45:42,1167.4,1167.35,1500,1167.9,2250,0,11211750
TITAN-I.NFO,07/01/2020,09:45:43,1167.45,1167.4,1500,1167.95,750,6750,11211750
TITAN-I.NFO,07/01/2020,09:45:43,1167.45,1167.4,1500,1167.95,1500,0,11211750
TITAN-I.NFO,07/01/2020,09:45:45,1167.45,1167.45,1500,1167.95,1500,0,11211750
TITAN-I.NFO,07/01/2020,09:45:47,1167.45,1167.35,2250,1167.95,1500,0,11211750
TITAN-I.NFO,07/01/2020,09:45:48,1168,1168.1,750,1168.75,750,1500,11211750
TITAN-I.NFO,07/01/2020,09:45:49,1168,1168,1500,1168.55,750,0,11211750
TITAN-I.NFO,07/01/2020,09:45:50,1167.95,1167.9,1500,1168.4,750,750,11211750
TITAN-I.NFO,07/01/2020,09:45:51,1167.95,1168,750,1168.5,750,0,11211750
TITAN-I.NFO,07/01/2020,09:45:52,1167.95,1168,750,1168.55,2250,0,11211750
TITAN-I.NFO,07/01/2020,09:45:53,1168,1167.65,750,1168.1,750,750,11211750
TITAN-I.NFO,07/01/2020,09:45:54,1168,1167.65,750,1167.95,750,0,11211750
TITAN-I.NFO,07/01/2020,09:45:55,1167.15,1167.45,750,1167.9,750,3000,11211750
TITAN-I.NFO,07/01/2020,09:45:56,1167.15,1167.35,1500,1167.7,1500,0,11211750
TITAN-I.NFO,07/01/2020,09:45:58,1167.35,1167.4,750,1167.85,750,2250,11211750
TITAN-I.NFO,07/01/2020,09:45:59,1167.35,1167.35,1500,1167.85,750,0,11211750
TITAN-I.NFO,07/01/2020,09:46:01,1167.5,1167.4,750,1167.5,750,2250,11211750
TITAN-I.NFO,07/01/2020,09:46:01,1167.5,1167.4,750,1167.5,750,0,11211750
TITAN-I.NFO,07/01/2020,09:46:02,1167.5,1167.25,1500,1167.65,750,1500,11211750
TITAN-I.NFO,07/01/2020,09:46:03,1167.2,1167.2,1500,1167.65,750,750,11211750
TITAN-I.NFO,07/01/2020,09:46:04,1167.2,1167.2,1500,1167.65,750,0,11211750
TITAN-I.NFO,07/01/2020,09:46:05,1167.65,1167.55,1500,1168,750,750,11211750
TITAN-I.NFO,07/01/2020,09:46:07,1168,1167.55,750,1168,750,1500,11211750
TITAN-I.NFO,07/01/2020,09:46:07,1168,1167.55,750,1168,750,0,11211750
TITAN-I.NFO,07/01/2020,09:46:08,1167.65,1167.6,750,1168.05,750,1500,11211750
TITAN-I.NFO,07/01/2020,09:46:09,1167.65,1167.6,750,1168.05,750,0,11211750
TITAN-I.NFO,07/01/2020,09:46:10,1168.05,1167.65,750,1167.9,750,750,11211750
TITAN-I.NFO,07/01/2020,09:46:11,1168.05,1167.65,750,1167.9,750,0,11211750
TITAN-I.NFO,07/01/2020,09:46:12,1167.7,1167.55,1500,1168.2,1500,1500,11211750
TITAN-I.NFO,07/01/2020,09:46:13,1167.7,1167.7,1500,1168.3,1500,0,11211750
TITAN-I.NFO,07/01/2020,09:46:18,1168.35,1168.05,750,1168.6,750,2250,11211750
TITAN-I.NFO,07/01/2020,09:46:18,1168.35,1168.1,1500,1168.6,750,0,11211750
TITAN-I.NFO,07/01/2020,09:46:20,1168.1,1168.05,750,1168.6,750,750,11211750
TITAN-I.NFO,07/01/2020,09:46:20,1168.15,1168.1,750,1168.55,1500,750,11211750
TITAN-I.NFO,07/01/2020,09:46:21,1168.15,1168.1,750,1168.55,1500,0,11211750
TITAN-I.NFO,07/01/2020,09:46:23,1168.15,1168.1,750,1168.5,750,0,11211750
TITAN-I.NFO,07/01/2020,09:46:26,1168.5,1168.1,750,1168.65,750,750,11211750
TITAN-I.NFO,07/01/2020,09:46:27,1168.5,1168.1,750,1168.6,1500,0,11211750
TITAN-I.NFO,07/01/2020,09:46:28,1168.5,1168.1,750,1168.15,750,0,11211750
TITAN-I.NFO,07/01/2020,09:46:30,1168,1167.6,750,1168.1,2250,1500,11211750
TITAN-I.NFO,07/01/2020,09:46:31,1168,1167.55,1500,1168.1,2250,0,11211750
TITAN-I.NFO,07/01/2020,09:46:32,1168,1167.55,750,1168.1,2250,0,11211750
TITAN-I.NFO,07/01/2020,09:46:34,1168.1,1168.05,750,1168.15,750,3000,11211750
TITAN-I.NFO,07/01/2020,09:46:35,1168.15,1168.05,750,1168.55,750,750,11211750
TITAN-I.NFO,07/01/2020,09:46:36,1168.15,1168.1,750,1168.5,1500,750,11211750
TITAN-I.NFO,07/01/2020,09:46:36,1168.15,1168.1,750,1168.6,3000,0,11211750
TITAN-I.NFO,07/01/2020,09:46:38,1168.15,1168.25,750,1168.7,1500,0,11211750
TITAN-I.NFO,07/01/2020,09:46:40,1168.15,1168.25,750,1168.7,750,0,11211750
TITAN-I.NFO,07/01/2020,09:46:41,1168.15,1168.3,750,1168.75,750,0,11211750
TITAN-I.NFO,07/01/2020,09:46:42,1168.15,1168.3,1500,1168.8,750,0,11211750
TITAN-I.NFO,07/01/2020,09:46:43,1168.15,1168.3,750,1168.8,750,0,11211750
TITAN-I.NFO,07/01/2020,09:46:45,1168.15,1168.25,750,1168.7,750,0,11211750
TITAN-I.NFO,07/01/2020,09:46:48,1168.9,1168.4,2250,1168.95,1500,2250,11211750
TITAN-I.NFO,07/01/2020,09:46:48,1168.9,1168.45,750,1169,1500,0,11211750
TITAN-I.NFO,07/01/2020,09:46:49,1168.9,1168.45,1500,1169,1500,0,11211750
TITAN-I.NFO,07/01/2020,09:46:50,1168.9,1168.4,1500,1169,1500,0,11211750
TITAN-I.NFO,07/01/2020,09:46:51,1168.4,1168.3,750,1168.75,750,750,11211750
TITAN-I.NFO,07/01/2020,09:46:52,1168.25,1168.1,750,1168.5,750,1500,11211750
TITAN-I.NFO,07/01/2020,09:46:53,1168.25,1168.1,750,1168.5,750,0,11211750
TITAN-I.NFO,07/01/2020,09:46:54,1168.25,1168.15,750,1168.5,750,0,11211750
TITAN-I.NFO,07/01/2020,09:46:56,1168.25,1168.1,750,1168.5,750,0,11211750
TITAN-I.NFO,07/01/2020,09:46:57,1168.25,1168.15,750,1168.5,750,0,11211750
TITAN-I.NFO,07/01/2020,09:46:59,1168.8,1168.2,750,1168.6,1500,3000,11211750
TITAN-I.NFO,07/01/2020,09:47:01,1168.2,1168.15,750,1168.6,1500,1500,11211750
TITAN-I.NFO,07/01/2020,09:47:01,1168.2,1168.15,750,1168.6,1500,0,11211750
TITAN-I.NFO,07/01/2020,09:47:04,1168.2,1168.25,750,1168.6,1500,0,11211750
TITAN-I.NFO,07/01/2020,09:47:05,1168.2,1168.25,750,1168.7,1500,0,11211750
TITAN-I.NFO,07/01/2020,09:47:07,1168.3,1168.25,750,1168.75,1500,750,11211750
TITAN-I.NFO,07/01/2020,09:47:07,1168.3,1168.3,750,1168.75,1500,0,11211750
TITAN-I.NFO,07/01/2020,09:47:08,1168.25,1168.05,750,1168.6,1500,1500,11211750
TITAN-I.NFO,07/01/2020,09:47:09,1168.25,1168.05,750,1168.55,1500,0,11211750
TITAN-I.NFO,07/01/2020,09:47:10,1168.25,1168,750,1168.45,1500,0,11211750
TITAN-I.NFO,07/01/2020,09:47:18,1168,1167.75,750,1168.35,1500,750,11207250
TITAN-I.NFO,07/01/2020,09:47:19,1168,1167.75,750,1168.35,1500,0,11207250
TITAN-I.NFO,07/01/2020,09:47:20,1168.35,1167.95,750,1168.5,750,750,11207250
TITAN-I.NFO,07/01/2020,09:47:21,1168.35,1167.95,3000,1168.5,750,0,11207250
TITAN-I.NFO,07/01/2020,09:47:22,1168.5,1168.5,750,1168.95,750,1500,11207250
TITAN-I.NFO,07/01/2020,09:47:23,1168.5,1168.45,3750,1168.95,750,750,11207250
TITAN-I.NFO,07/01/2020,09:47:23,1168.5,1168.45,3750,1168.95,750,0,11207250
TITAN-I.NFO,07/01/2020,09:47:26,1168.5,1168.45,3750,1168.9,1500,0,11207250
TITAN-I.NFO,07/01/2020,09:47:27,1169,1168.65,750,1169.25,750,3750,11207250
TITAN-I.NFO,07/01/2020,09:47:28,1169,1168.55,750,1169.15,750,0,11207250
TITAN-I.NFO,07/01/2020,09:47:29,1169,1168.6,750,1169.15,750,0,11207250
TITAN-I.NFO,07/01/2020,09:47:30,1169,1168.65,750,1169.15,750,0,11207250
TITAN-I.NFO,07/01/2020,09:47:31,1169,1168.7,750,1169.15,750,0,11207250
TITAN-I.NFO,07/01/2020,09:47:32,1169,1168.55,2250,1169.15,750,0,11207250
TITAN-I.NFO,07/01/2020,09:47:35,1169,1168.75,750,1169.15,750,0,11207250
TITAN-I.NFO,07/01/2020,09:47:36,1169,1168.6,2250,1169.15,750,0,11207250
TITAN-I.NFO,07/01/2020,09:47:38,1168.75,1168.55,750,1169.05,750,750,11207250
TITAN-I.NFO,07/01/2020,09:47:39,1169,1168.55,1500,1169.05,750,750,11207250
TITAN-I.NFO,07/01/2020,09:47:40,1169.05,1168.9,750,1169.5,1500,750,11207250
TITAN-I.NFO,07/01/2020,09:47:42,1169.05,1168.8,1500,1169.45,1500,0,11207250
TITAN-I.NFO,07/01/2020,09:47:43,1169.05,1168.85,1500,1169.45,1500,0,11207250
TITAN-I.NFO,07/01/2020,09:47:44,1169.05,1168.9,1500,1169.55,750,0,11207250
TITAN-I.NFO,07/01/2020,09:47:45,1169.05,1168.9,1500,1169.5,1500,0,11207250
TITAN-I.NFO,07/01/2020,09:47:46,1169.05,1168.75,750,1169.35,1500,0,11207250
TITAN-I.NFO,07/01/2020,09:47:48,1169.05,1168.7,1500,1169.35,1500,0,11207250
TITAN-I.NFO,07/01/2020,09:47:49,1169.05,1168.75,750,1169.35,1500,0,11207250
TITAN-I.NFO,07/01/2020,09:47:50,1169.05,1169,750,1169.5,1500,0,11207250
TITAN-I.NFO,07/01/2020,09:47:51,1169.05,1169,750,1169.5,2250,0,11207250
TITAN-I.NFO,07/01/2020,09:47:53,1169,1168.7,750,1169.35,1500,750,11207250
TITAN-I.NFO,07/01/2020,09:47:54,1169,1168.7,750,1169.35,1500,0,11207250
TITAN-I.NFO,07/01/2020,09:47:55,1169,1168.55,1500,1169.25,1500,0,11207250
TITAN-I.NFO,07/01/2020,09:47:56,1169,1168.55,750,1169.15,1500,0,11207250
TITAN-I.NFO,07/01/2020,09:47:58,1168.55,1168.5,750,1169.15,1500,750,11207250
TITAN-I.NFO,07/01/2020,09:48:01,1168.55,1168.5,750,1168.7,750,0,11207250
TITAN-I.NFO,07/01/2020,09:48:03,1168.5,1168.25,750,1168.7,750,750,11207250
TITAN-I.NFO,07/01/2020,09:48:03,1168.5,1168.25,750,1168.7,750,0,11207250
TITAN-I.NFO,07/01/2020,09:48:04,1168.4,1168.25,750,1168.85,1500,750,11207250
TITAN-I.NFO,07/01/2020,09:48:05,1168.4,1168.25,750,1168.65,1500,0,11207250
TITAN-I.NFO,07/01/2020,09:48:14,1168.4,1168.3,750,1168.65,1500,0,11207250
TITAN-I.NFO,07/01/2020,09:48:16,1168.3,1168.25,750,1168.65,1500,750,11207250
TITAN-I.NFO,07/01/2020,09:48:17,1168.3,1168.25,750,1168.65,1500,0,11207250
TITAN-I.NFO,07/01/2020,09:48:22,1168.25,1167.95,750,1168.4,1500,750,11207250
TITAN-I.NFO,07/01/2020,09:48:23,1168.25,1167.95,750,1168.4,1500,0,11207250
TITAN-I.NFO,07/01/2020,09:48:25,1168.4,1167.95,750,1168.55,1500,750,11207250
TITAN-I.NFO,07/01/2020,09:48:25,1168.4,1168,750,1168.55,1500,0,11207250
TITAN-I.NFO,07/01/2020,09:48:27,1168.4,1167.95,750,1168.55,1500,0,11207250
TITAN-I.NFO,07/01/2020,09:48:29,1167.9,1167.85,750,1168.45,1500,1500,11207250
TITAN-I.NFO,07/01/2020,09:48:30,1167.9,1167.85,750,1168.45,1500,0,11207250
TITAN-I.NFO,07/01/2020,09:48:33,1168.45,1168.1,750,1168.7,750,750,11207250
TITAN-I.NFO,07/01/2020,09:48:34,1168.15,1168,1500,1168.65,750,750,11207250
TITAN-I.NFO,07/01/2020,09:48:35,1168.15,1167.95,1500,1168.6,1500,0,11207250
TITAN-I.NFO,07/01/2020,09:48:36,1168.15,1168.15,750,1168.75,750,0,11207250
TITAN-I.NFO,07/01/2020,09:48:37,1168.15,1168.05,1500,1168.65,1500,0,11207250
TITAN-I.NFO,07/01/2020,09:48:38,1168.15,1168.05,1500,1168.65,750,0,11207250
TITAN-I.NFO,07/01/2020,09:48:39,1168.15,1168.05,1500,1168.6,750,0,11207250
TITAN-I.NFO,07/01/2020,09:48:40,1168.05,1167.6,2250,1168.25,1500,1500,11207250
TITAN-I.NFO,07/01/2020,09:48:41,1168.05,1167.6,2250,1168.25,1500,0,11207250
TITAN-I.NFO,07/01/2020,09:48:42,1168.05,1167.7,750,1168.35,1500,0,11207250
TITAN-I.NFO,07/01/2020,09:48:43,1168.05,1167.65,1500,1168.3,2250,0,11207250
