Ticker,Date,Time,LTP,BuyPrice,BuyQty,SellPrice,SellQty,LTQ,OpenInterest
APOLLOTYRE-III.NFO,07/01/2020,09:16:30,163,162.9,3000,163.55,3000,3000,51000
APOLLOTYRE-III.NFO,07/01/2020,09:16:30,163,162.9,3000,163.55,3000,0,51000
APOLLOTYRE-III.NFO,07/01/2020,09:16:30,163,162.9,3000,163.55,3000,0,51000
APOLLOTYRE-III.NFO,07/01/2020,09:16:30,163,162.9,3000,163.55,3000,0,51000
APOLLOTYRE-III.NFO,07/01/2020,09:16:40,163,162.35,3000,163.45,3000,0,51000
APOLLOTYRE-III.NFO,07/01/2020,09:16:49,163,162.75,6000,163.5,6000,0,51000
APOLLOTYRE-III.NFO,07/01/2020,09:17:05,163,162.75,6000,163.45,6000,0,51000
APOLLOTYRE-III.NFO,07/01/2020,09:17:14,163,162.75,6000,163.45,3000,0,51000
APOLLOTYRE-III.NFO,07/01/2020,09:17:23,163,162.75,6000,163.45,6000,0,51000
APOLLOTYRE-III.NFO,07/01/2020,09:17:31,163,162.75,6000,163.45,9000,0,51000
APOLLOTYRE-III.NFO,07/01/2020,09:17:49,163,162.75,3000,163.35,6000,0,51000
APOLLOTYRE-III.NFO,07/01/2020,09:17:57,163,162.75,3000,163.25,6000,0,51000
APOLLOTYRE-III.NFO,07/01/2020,09:18:21,163,162.85,3000,163.5,3000,0,51000
APOLLOTYRE-III.NFO,07/01/2020,09:18:28,163,162.7,6000,163.45,6000,0,51000
APOLLOTYRE-III.NFO,07/01/2020,09:18:36,163,162.7,6000,163.45,9000,0,51000
APOLLOTYRE-III.NFO,07/01/2020,09:18:44,163,162.5,6000,163.3,6000,0,51000
APOLLOTYRE-III.NFO,07/01/2020,09:18:51,163,162.5,6000,163.3,9000,0,51000
APOLLOTYRE-III.NFO,07/01/2020,09:18:59,163,162.5,6000,163.35,6000,0,51000
APOLLOTYRE-III.NFO,07/01/2020,09:19:06,163,162.5,6000,163.3,3000,0,51000
APOLLOTYRE-III.NFO,07/01/2020,09:19:22,163,163.2,3000,163.7,3000,0,51000
APOLLOTYRE-III.NFO,07/01/2020,09:19:30,163,163.15,3000,163.8,6000,0,51000
APOLLOTYRE-III.NFO,07/01/2020,09:19:38,163,163.05,3000,163.75,9000,0,51000
APOLLOTYRE-III.NFO,07/01/2020,09:19:54,163,163.05,6000,163.65,3000,0,51000
APOLLOTYRE-III.NFO,07/01/2020,09:20:01,163,163.05,6000,163.95,3000,0,51000
APOLLOTYRE-III.NFO,07/01/2020,09:20:09,163,163.05,6000,164.15,9000,0,51000
APOLLOTYRE-III.NFO,07/01/2020,09:20:17,163,163.05,6000,164.05,9000,0,51000
APOLLOTYRE-III.NFO,07/01/2020,09:20:25,163,163.05,6000,163.95,9000,0,51000
APOLLOTYRE-III.NFO,07/01/2020,09:20:33,163,163.05,6000,163.95,6000,0,51000
APOLLOTYRE-III.NFO,07/01/2020,09:20:41,163,163.05,6000,163.95,9000,0,51000
APOLLOTYRE-III.NFO,07/01/2020,09:20:48,163,163.05,6000,164.15,9000,0,51000
APOLLOTYRE-III.NFO,07/01/2020,09:21:48,163,163.05,6000,164.05,9000,0,51000
APOLLOTYRE-III.NFO,07/01/2020,09:21:54,163,163.05,6000,164.05,6000,0,51000
APOLLOTYRE-III.NFO,07/01/2020,09:22:01,163,163.05,6000,164.05,9000,0,51000
APOLLOTYRE-III.NFO,07/01/2020,09:22:08,163,163.8,3000,164.4,6000,0,51000
APOLLOTYRE-III.NFO,07/01/2020,09:22:16,163,163,9000,164.3,6000,0,51000
APOLLOTYRE-III.NFO,07/01/2020,09:22:23,163,163,6000,164.3,3000,0,51000
APOLLOTYRE-III.NFO,07/01/2020,09:22:30,163,163.65,6000,164.3,3000,0,51000
APOLLOTYRE-III.NFO,07/01/2020,09:22:37,163,163.55,6000,164.3,6000,0,51000
APOLLOTYRE-III.NFO,07/01/2020,09:22:56,163,163.55,6000,164.3,9000,0,51000
APOLLOTYRE-III.NFO,07/01/2020,09:23:03,163,163.55,6000,164.3,6000,0,51000
APOLLOTYRE-III.NFO,07/01/2020,09:23:09,163,163.55,6000,164.7,9000,0,51000
APOLLOTYRE-III.NFO,07/01/2020,09:23:16,163,163.55,6000,164.6,9000,0,51000
APOLLOTYRE-III.NFO,07/01/2020,09:23:43,163,163.55,6000,164.5,9000,0,51000
APOLLOTYRE-III.NFO,07/01/2020,09:24:10,163,163.55,6000,164.5,6000,0,51000
APOLLOTYRE-III.NFO,07/01/2020,09:24:17,163,163.55,6000,164.5,3000,0,51000
APOLLOTYRE-III.NFO,07/01/2020,09:24:44,163,163.55,6000,164.65,3000,0,51000
APOLLOTYRE-III.NFO,07/01/2020,09:24:50,163,163.55,6000,164.65,9000,0,51000
APOLLOTYRE-III.NFO,07/01/2020,09:25:03,163,164.4,6000,165,6000,0,51000
APOLLOTYRE-III.NFO,07/01/2020,09:25:11,163,164.4,6000,165.05,6000,0,51000
APOLLOTYRE-III.NFO,07/01/2020,09:25:18,163,164.5,3000,165.05,9000,0,51000
APOLLOTYRE-III.NFO,07/01/2020,09:25:25,163,163.85,6000,164.95,6000,0,51000
APOLLOTYRE-III.NFO,07/01/2020,09:25:32,163,164.15,6000,165.35,9000,0,51000
APOLLOTYRE-III.NFO,07/01/2020,09:25:49,163,164.25,6000,165.4,6000,0,51000
APOLLOTYRE-III.NFO,07/01/2020,09:26:03,163,164.9,3000,165.45,9000,0,51000
APOLLOTYRE-III.NFO,07/01/2020,09:26:10,163,164.3,6000,165.35,9000,0,51000
APOLLOTYRE-III.NFO,07/01/2020,09:26:17,163,164.3,6000,165.25,6000,0,51000
APOLLOTYRE-III.NFO,07/01/2020,09:26:23,163,164.3,6000,165.25,9000,0,51000
APOLLOTYRE-III.NFO,07/01/2020,09:26:35,163,164.3,6000,165.15,9000,0,51000
APOLLOTYRE-III.NFO,07/01/2020,09:26:47,163,164.3,6000,165.05,9000,0,51000
APOLLOTYRE-III.NFO,07/01/2020,09:26:57,163,164.3,6000,164.95,9000,0,51000
APOLLOTYRE-III.NFO,07/01/2020,09:27:02,163,164.3,6000,164.95,3000,0,51000
APOLLOTYRE-III.NFO,07/01/2020,09:27:08,163,164.3,6000,165.05,9000,0,51000
APOLLOTYRE-III.NFO,07/01/2020,09:27:19,163,164.3,6000,165.1,6000,0,51000
APOLLOTYRE-III.NFO,07/01/2020,09:27:26,163,164.3,6000,165.1,9000,0,51000
APOLLOTYRE-III.NFO,07/01/2020,09:28:00,164.3,163.65,3000,165,9000,6000,48000
APOLLOTYRE-III.NFO,07/01/2020,09:28:00,164.3,163.65,3000,165,9000,0,48000
APOLLOTYRE-III.NFO,07/01/2020,09:28:10,164.3,163.65,3000,164.9,6000,0,48000
APOLLOTYRE-III.NFO,07/01/2020,09:28:16,164.3,163.75,3000,164.9,9000,0,48000
APOLLOTYRE-III.NFO,07/01/2020,09:28:28,164.3,163.95,3000,164.9,9000,0,48000
APOLLOTYRE-III.NFO,07/01/2020,09:29:08,164.3,163.75,3000,164.8,9000,0,48000
APOLLOTYRE-III.NFO,07/01/2020,09:29:14,164.3,163.75,6000,164.8,9000,0,48000
APOLLOTYRE-III.NFO,07/01/2020,09:29:20,164.3,163.75,3000,164.7,9000,0,48000
APOLLOTYRE-III.NFO,07/01/2020,09:29:38,164.3,163.75,3000,164.7,6000,0,48000
APOLLOTYRE-III.NFO,07/01/2020,09:29:45,164.3,163.75,3000,164.7,9000,0,48000
APOLLOTYRE-III.NFO,07/01/2020,09:31:56,164.3,163.75,6000,164.7,3000,0,48000
APOLLOTYRE-III.NFO,07/01/2020,09:32:52,164.3,163.75,6000,164.7,6000,0,48000
APOLLOTYRE-III.NFO,07/01/2020,09:32:58,164.3,163.75,6000,164.7,9000,0,48000
APOLLOTYRE-III.NFO,07/01/2020,09:33:03,164.3,163.75,6000,164.7,6000,0,48000
APOLLOTYRE-III.NFO,07/01/2020,09:33:14,164.3,163.75,6000,164.7,9000,0,48000
APOLLOTYRE-III.NFO,07/01/2020,09:33:42,164.3,163.85,3000,164.7,6000,0,48000
APOLLOTYRE-III.NFO,07/01/2020,09:33:53,164.3,163.95,3000,164.7,6000,0,48000
APOLLOTYRE-III.NFO,07/01/2020,09:34:02,164.3,163.95,3000,165.05,9000,0,48000
APOLLOTYRE-III.NFO,07/01/2020,09:34:08,164.3,163.95,3000,164.95,9000,0,48000
APOLLOTYRE-III.NFO,07/01/2020,09:34:23,164.3,163.7,6000,164.6,6000,0,48000
APOLLOTYRE-III.NFO,07/01/2020,09:34:28,164.3,163.7,6000,164.55,3000,0,48000
APOLLOTYRE-III.NFO,07/01/2020,09:34:33,164.3,163.7,6000,164.5,3000,0,48000
APOLLOTYRE-III.NFO,07/01/2020,09:34:39,164.3,163.7,3000,164.95,3000,0,48000
APOLLOTYRE-III.NFO,07/01/2020,09:34:44,164.3,163.7,3000,164.6,9000,0,48000
APOLLOTYRE-III.NFO,07/01/2020,09:34:53,164.3,163.7,3000,164.55,6000,0,48000
APOLLOTYRE-III.NFO,07/01/2020,09:35:03,164.3,163.7,6000,164.6,6000,0,48000
APOLLOTYRE-III.NFO,07/01/2020,09:35:54,164.3,163.25,3000,164.2,9000,0,48000
APOLLOTYRE-III.NFO,07/01/2020,09:36:01,164.3,163.25,6000,164.4,9000,0,48000
APOLLOTYRE-III.NFO,07/01/2020,09:36:07,164.3,163.25,6000,164.3,9000,0,48000
APOLLOTYRE-III.NFO,07/01/2020,09:36:12,164.3,163.25,6000,164.7,9000,0,48000
APOLLOTYRE-III.NFO,07/01/2020,09:36:18,164.3,163.35,3000,164.05,3000,0,48000
APOLLOTYRE-III.NFO,07/01/2020,09:36:24,164.3,163.35,3000,164,3000,0,48000
APOLLOTYRE-III.NFO,07/01/2020,09:36:30,164.3,163.35,3000,164.8,12000,0,48000
APOLLOTYRE-III.NFO,07/01/2020,09:36:34,164.3,163.35,3000,164.8,15000,0,48000
APOLLOTYRE-III.NFO,07/01/2020,09:36:39,164.3,163.35,3000,164.6,9000,0,48000
APOLLOTYRE-III.NFO,07/01/2020,09:36:44,164.3,163.35,3000,164.3,9000,0,48000
APOLLOTYRE-III.NFO,07/01/2020,09:36:54,164.3,163.35,3000,164.2,6000,0,48000
APOLLOTYRE-III.NFO,07/01/2020,09:36:59,164.3,163.35,3000,164.2,3000,0,48000
APOLLOTYRE-III.NFO,07/01/2020,09:37:05,164.3,163.35,3000,164.15,3000,0,48000
APOLLOTYRE-III.NFO,07/01/2020,09:37:09,164.3,163.35,3000,164.2,9000,0,48000
APOLLOTYRE-III.NFO,07/01/2020,09:37:39,164.3,163.35,3000,164.35,9000,0,48000
APOLLOTYRE-III.NFO,07/01/2020,09:38:31,164.3,163.35,3000,164.25,9000,0,48000
APOLLOTYRE-III.NFO,07/01/2020,09:39:58,164.3,163.15,3000,164.05,9000,0,48000
APOLLOTYRE-III.NFO,07/01/2020,09:40:09,164.3,163.15,3000,163.9,3000,0,48000
APOLLOTYRE-III.NFO,07/01/2020,09:40:14,164.3,163.15,3000,164.15,9000,0,48000
APOLLOTYRE-III.NFO,07/01/2020,09:40:20,164.3,162.6,9000,163.95,9000,0,48000
APOLLOTYRE-III.NFO,07/01/2020,09:40:46,164.3,162.6,15000,163.95,9000,0,48000
APOLLOTYRE-III.NFO,07/01/2020,09:40:51,164.3,162.9,6000,163.95,9000,0,48000
APOLLOTYRE-III.NFO,07/01/2020,09:41:35,164.3,162.9,6000,163.95,6000,0,48000
APOLLOTYRE-III.NFO,07/01/2020,09:41:44,164.3,162.9,6000,163.95,9000,0,48000
APOLLOTYRE-III.NFO,07/01/2020,09:42:54,164.3,162.3,15000,163.75,9000,0,48000
APOLLOTYRE-III.NFO,07/01/2020,09:43:00,164.3,162.3,9000,163.75,9000,0,48000
APOLLOTYRE-III.NFO,07/01/2020,09:43:17,164.3,162.3,12000,163.75,9000,0,48000
APOLLOTYRE-III.NFO,07/01/2020,09:43:22,164.3,162.3,9000,163.75,9000,0,48000
APOLLOTYRE-III.NFO,07/01/2020,09:43:37,164.3,162.3,9000,163.65,9000,0,48000
APOLLOTYRE-III.NFO,07/01/2020,09:43:47,164.3,162.3,9000,163.55,9000,0,48000
APOLLOTYRE-III.NFO,07/01/2020,09:43:57,164.3,162.3,9000,163.55,6000,0,48000
APOLLOTYRE-III.NFO,07/01/2020,09:44:02,164.3,162.3,9000,163.5,6000,0,48000
APOLLOTYRE-III.NFO,07/01/2020,09:44:08,164.3,162.3,9000,163.75,9000,0,48000
APOLLOTYRE-III.NFO,07/01/2020,09:44:24,164.3,162.3,9000,163.55,9000,0,48000
APOLLOTYRE-III.NFO,07/01/2020,09:44:40,164.3,162.3,3000,163.25,9000,0,48000
APOLLOTYRE-III.NFO,07/01/2020,09:45:02,164.3,161.95,6000,163.15,9000,0,48000
APOLLOTYRE-III.NFO,07/01/2020,09:45:14,164.3,162.05,6000,163.15,9000,0,48000
APOLLOTYRE-III.NFO,07/01/2020,09:45:20,164.3,162.15,6000,163.15,9000,0,48000
APOLLOTYRE-III.NFO,07/01/2020,09:45:26,164.3,162.15,6000,163.1,3000,0,48000
APOLLOTYRE-III.NFO,07/01/2020,09:45:45,164.3,162.15,6000,163.85,12000,0,48000
APOLLOTYRE-III.NFO,07/01/2020,09:45:50,164.3,162.15,6000,163.15,3000,0,48000
APOLLOTYRE-III.NFO,07/01/2020,09:45:55,164.3,162.15,6000,163.1,6000,0,48000
APOLLOTYRE-III.NFO,07/01/2020,09:45:59,164.3,162.15,6000,163.1,9000,0,48000
APOLLOTYRE-III.NFO,07/01/2020,09:46:03,164.3,162.15,6000,163.35,9000,0,48000
APOLLOTYRE-III.NFO,07/01/2020,09:46:34,164.3,162.15,3000,163.25,9000,0,48000
APOLLOTYRE-III.NFO,07/01/2020,09:46:49,164.3,162.25,3000,163.15,6000,0,48000
APOLLOTYRE-III.NFO,07/01/2020,09:46:54,164.3,162.25,3000,163.15,9000,0,48000
APOLLOTYRE-III.NFO,07/01/2020,09:46:58,164.3,162.25,6000,163.15,9000,0,48000
APOLLOTYRE-III.NFO,07/01/2020,09:47:02,164.3,162.25,6000,163.15,6000,0,48000
APOLLOTYRE-III.NFO,07/01/2020,09:47:06,164.3,162.25,6000,163.25,9000,0,48000
APOLLOTYRE-III.NFO,07/01/2020,09:47:11,164.3,162.25,6000,163.25,6000,0,48000
APOLLOTYRE-III.NFO,07/01/2020,09:47:33,164.3,162.25,6000,163.4,9000,0,48000
APOLLOTYRE-III.NFO,07/01/2020,09:47:37,164.3,162.25,6000,163.75,9000,0,48000
APOLLOTYRE-III.NFO,07/01/2020,09:47:42,164.3,162.35,6000,163.55,9000,0,48000
APOLLOTYRE-III.NFO,07/01/2020,09:48:55,164.3,162.45,6000,163.55,9000,0,48000
APOLLOTYRE-III.NFO,07/01/2020,09:52:47,164.3,162.45,12000,163.55,9000,0,48000
APOLLOTYRE-III.NFO,07/01/2020,09:52:59,164.3,162.45,6000,163.55,9000,0,48000
APOLLOTYRE-III.NFO,07/01/2020,09:53:02,164.3,161.95,6000,163.25,9000,0,48000
APOLLOTYRE-III.NFO,07/01/2020,09:53:08,164.3,161.95,6000,163.15,9000,0,48000
APOLLOTYRE-III.NFO,07/01/2020,09:53:53,164.3,162.25,3000,163.15,3000,0,48000
APOLLOTYRE-III.NFO,07/01/2020,09:53:58,164.3,162.25,3000,163.15,6000,0,48000
APOLLOTYRE-III.NFO,07/01/2020,09:54:23,164.3,162.25,3000,163.1,3000,0,48000
APOLLOTYRE-III.NFO,07/01/2020,09:54:28,164.3,162.25,3000,163.4,9000,0,48000
APOLLOTYRE-III.NFO,07/01/2020,09:55:02,164.3,162.25,6000,163.4,9000,0,48000
APOLLOTYRE-III.NFO,07/01/2020,09:55:17,164.3,162.25,6000,163.3,9000,0,48000
APOLLOTYRE-III.NFO,07/01/2020,09:58:24,164.3,162.25,3000,163.2,9000,0,48000
APOLLOTYRE-III.NFO,07/01/2020,09:58:33,164.3,162.25,3000,163.2,6000,0,48000
APOLLOTYRE-III.NFO,07/01/2020,09:58:42,164.3,162.25,3000,163.2,9000,0,48000
APOLLOTYRE-III.NFO,07/01/2020,09:58:53,164.3,162.25,3000,163.1,9000,0,48000
APOLLOTYRE-III.NFO,07/01/2020,10:00:35,164.3,162,6000,163.1,9000,0,48000
APOLLOTYRE-III.NFO,07/01/2020,10:00:57,164.3,162,6000,163,9000,0,48000
APOLLOTYRE-III.NFO,07/01/2020,10:01:03,164.3,162,3000,163,9000,0,48000
APOLLOTYRE-III.NFO,07/01/2020,10:01:14,164.3,162.1,3000,163,9000,0,48000
APOLLOTYRE-III.NFO,07/01/2020,10:01:20,164.3,161.5,9000,163,9000,0,48000
APOLLOTYRE-III.NFO,07/01/2020,10:01:27,164.3,161.5,9000,162.8,9000,0,48000
APOLLOTYRE-III.NFO,07/01/2020,10:01:32,164.3,161.5,15000,162.8,9000,0,48000
APOLLOTYRE-III.NFO,07/01/2020,10:01:38,164.3,161.5,9000,162.8,9000,0,48000
APOLLOTYRE-III.NFO,07/01/2020,10:02:50,164.3,161.5,9000,162.7,9000,0,48000
APOLLOTYRE-III.NFO,07/01/2020,10:03:12,164.3,161.5,9000,162.7,3000,0,48000
APOLLOTYRE-III.NFO,07/01/2020,10:03:18,164.3,161.5,9000,162.7,6000,0,48000
APOLLOTYRE-III.NFO,07/01/2020,10:03:22,164.3,161.5,9000,162.7,3000,0,48000
APOLLOTYRE-III.NFO,07/01/2020,10:03:27,164.3,161.5,9000,162.7,6000,0,48000
APOLLOTYRE-III.NFO,07/01/2020,10:03:42,164.3,161.5,9000,162.7,3000,0,48000
APOLLOTYRE-III.NFO,07/01/2020,10:03:47,164.3,161.5,9000,162.7,6000,0,48000
APOLLOTYRE-III.NFO,07/01/2020,10:03:56,164.3,161.5,9000,162.7,3000,0,48000
APOLLOTYRE-III.NFO,07/01/2020,10:04:14,164.3,161.5,9000,162.7,6000,0,48000
APOLLOTYRE-III.NFO,07/01/2020,10:04:18,164.3,161.5,9000,162.7,3000,0,48000
APOLLOTYRE-III.NFO,07/01/2020,10:04:22,164.3,161.5,15000,162.7,3000,0,48000
APOLLOTYRE-III.NFO,07/01/2020,10:04:27,164.3,161.5,12000,162.7,3000,0,48000
APOLLOTYRE-III.NFO,07/01/2020,10:04:41,164.3,161.5,9000,162.7,3000,0,48000
APOLLOTYRE-III.NFO,07/01/2020,10:04:45,164.3,161.5,9000,162.65,3000,0,48000
APOLLOTYRE-III.NFO,07/01/2020,10:04:57,164.3,161.5,9000,162.65,9000,0,48000
APOLLOTYRE-III.NFO,07/01/2020,10:05:01,164.3,161.5,6000,162.65,9000,0,48000
APOLLOTYRE-III.NFO,07/01/2020,10:05:47,164.3,161.5,6000,163.95,18000,0,48000
APOLLOTYRE-III.NFO,07/01/2020,10:07:01,164.3,161.5,3000,163.95,18000,0,48000
APOLLOTYRE-III.NFO,07/01/2020,10:07:06,164.3,161.1,6000,163.95,18000,0,48000
APOLLOTYRE-III.NFO,07/01/2020,10:07:12,164.3,161.2,6000,163.95,18000,0,48000
APOLLOTYRE-III.NFO,07/01/2020,10:07:58,164.3,161.3,6000,163.95,18000,0,48000
APOLLOTYRE-III.NFO,07/01/2020,10:09:20,164.3,161.4,6000,163.95,18000,0,48000
APOLLOTYRE-III.NFO,07/01/2020,10:09:34,164.3,161.5,6000,163.95,18000,0,48000
APOLLOTYRE-III.NFO,07/01/2020,10:09:56,164.3,161.6,6000,163.95,18000,0,48000
APOLLOTYRE-III.NFO,07/01/2020,10:10:00,164.3,161.7,6000,163.95,18000,0,48000
APOLLOTYRE-III.NFO,07/01/2020,10:11:13,164.3,161.8,6000,163.95,18000,0,48000
APOLLOTYRE-III.NFO,07/01/2020,10:15:04,164.3,161.9,6000,163.95,18000,0,48000
APOLLOTYRE-III.NFO,07/01/2020,10:15:56,164.3,162.15,3000,163.95,18000,0,48000
APOLLOTYRE-III.NFO,07/01/2020,10:16:01,164.3,161.8,6000,163.95,18000,0,48000
APOLLOTYRE-III.NFO,07/01/2020,10:16:30,164.3,161.9,6000,163.95,18000,0,48000
APOLLOTYRE-III.NFO,07/01/2020,10:18:46,164.3,161.9,6000,162.75,6000,0,48000
APOLLOTYRE-III.NFO,07/01/2020,10:19:05,164.3,161.9,6000,162.7,6000,0,48000
APOLLOTYRE-III.NFO,07/01/2020,10:19:10,164.3,161.9,6000,162.7,3000,0,48000
APOLLOTYRE-III.NFO,07/01/2020,10:19:23,164.3,161.9,6000,163.35,15000,0,48000
APOLLOTYRE-III.NFO,07/01/2020,10:19:36,164.3,161.9,6000,163.35,12000,0,48000
APOLLOTYRE-III.NFO,07/01/2020,10:19:45,164.3,162,6000,163.35,12000,0,48000
APOLLOTYRE-III.NFO,07/01/2020,10:19:50,164.3,162.1,6000,163.35,9000,0,48000
APOLLOTYRE-III.NFO,07/01/2020,10:20:13,164.3,162.2,6000,163.35,6000,0,48000
APOLLOTYRE-III.NFO,07/01/2020,10:20:17,164.3,162.2,6000,163.35,9000,0,48000
APOLLOTYRE-III.NFO,07/01/2020,10:20:33,164.3,162.3,6000,163.35,9000,0,48000
APOLLOTYRE-III.NFO,07/01/2020,10:20:45,164.3,162.3,6000,163.35,6000,0,48000
APOLLOTYRE-III.NFO,07/01/2020,10:20:50,164.3,162.3,6000,163.95,12000,0,48000
APOLLOTYRE-III.NFO,07/01/2020,10:21:15,164.3,162.4,6000,163.3,6000,0,48000
APOLLOTYRE-III.NFO,07/01/2020,10:21:27,164.3,162.5,6000,163.75,9000,0,48000
APOLLOTYRE-III.NFO,07/01/2020,10:22:03,164.3,162.5,6000,163.45,6000,0,48000
APOLLOTYRE-III.NFO,07/01/2020,10:22:17,164.3,162.5,6000,163.45,9000,0,48000
APOLLOTYRE-III.NFO,07/01/2020,10:22:33,164.3,162.5,3000,163.45,9000,0,48000
APOLLOTYRE-III.NFO,07/01/2020,10:22:48,164.3,162.15,6000,163.35,9000,0,48000
APOLLOTYRE-III.NFO,07/01/2020,10:23:48,164.3,162.15,6000,163.35,12000,0,48000
APOLLOTYRE-III.NFO,07/01/2020,10:23:53,164.3,162.15,6000,163.35,9000,0,48000
APOLLOTYRE-III.NFO,07/01/2020,10:23:57,164.3,162.15,6000,163.35,12000,0,48000
APOLLOTYRE-III.NFO,07/01/2020,10:26:10,164.3,162.25,6000,163.35,12000,0,48000
APOLLOTYRE-III.NFO,07/01/2020,10:29:33,164.3,162.25,3000,163.35,12000,0,48000
APOLLOTYRE-III.NFO,07/01/2020,10:30:02,164.3,162.25,6000,163.35,12000,0,48000
APOLLOTYRE-III.NFO,07/01/2020,10:30:43,164.3,162.25,3000,163.25,9000,0,48000
APOLLOTYRE-III.NFO,07/01/2020,10:33:49,164.3,162.3,6000,163.25,9000,0,48000
APOLLOTYRE-III.NFO,07/01/2020,10:34:47,164.3,162.3,9000,163.25,9000,0,48000
APOLLOTYRE-III.NFO,07/01/2020,10:35:13,164.3,162.3,6000,163.25,9000,0,48000
APOLLOTYRE-III.NFO,07/01/2020,10:35:18,164.3,162.3,9000,163.25,9000,0,48000
APOLLOTYRE-III.NFO,07/01/2020,10:35:23,164.3,162.3,9000,163.25,6000,0,48000
APOLLOTYRE-III.NFO,07/01/2020,10:35:39,164.3,162.4,3000,163.25,9000,0,48000
APOLLOTYRE-III.NFO,07/01/2020,10:35:42,164.3,162.5,3000,163.25,9000,0,48000
APOLLOTYRE-III.NFO,07/01/2020,10:35:55,164.3,162.5,3000,163.25,12000,0,48000
APOLLOTYRE-III.NFO,07/01/2020,10:37:17,164.3,161.7,12000,163.25,12000,0,48000
APOLLOTYRE-III.NFO,07/01/2020,10:41:02,164.3,161.7,12000,163.25,9000,0,48000
APOLLOTYRE-III.NFO,07/01/2020,10:41:06,164.3,161.7,12000,163.25,12000,0,48000
APOLLOTYRE-III.NFO,07/01/2020,10:41:30,164.3,161.7,18000,163.25,9000,0,48000
APOLLOTYRE-III.NFO,07/01/2020,10:41:36,164.3,161.7,18000,163.25,6000,0,48000
APOLLOTYRE-III.NFO,07/01/2020,10:41:39,164.3,161.7,18000,163.25,3000,0,48000
APOLLOTYRE-III.NFO,07/01/2020,10:42:10,164.3,161.7,18000,163.25,9000,0,48000
APOLLOTYRE-III.NFO,07/01/2020,10:42:13,164.3,161.7,18000,163.25,6000,0,48000
APOLLOTYRE-III.NFO,07/01/2020,10:42:19,164.3,161.7,18000,163.25,9000,0,48000
APOLLOTYRE-III.NFO,07/01/2020,10:42:30,164.3,161.7,18000,163.2,3000,0,48000
APOLLOTYRE-III.NFO,07/01/2020,10:42:34,164.3,161.7,18000,163.2,6000,0,48000
APOLLOTYRE-III.NFO,07/01/2020,10:42:41,164.3,161.7,18000,163.2,9000,0,48000
APOLLOTYRE-III.NFO,07/01/2020,10:45:37,164.3,162,6000,163.2,9000,0,48000
APOLLOTYRE-III.NFO,07/01/2020,10:45:39,164.3,162.3,3000,163.2,9000,0,48000
APOLLOTYRE-III.NFO,07/01/2020,10:45:46,164.3,162.35,6000,163.2,9000,0,48000
APOLLOTYRE-III.NFO,07/01/2020,10:45:49,164.3,162.3,3000,163.2,9000,0,48000
APOLLOTYRE-III.NFO,07/01/2020,10:45:57,164.3,162.25,6000,163.1,9000,0,48000
APOLLOTYRE-III.NFO,07/01/2020,10:46:01,164.3,161.75,9000,163.1,9000,0,48000
APOLLOTYRE-III.NFO,07/01/2020,10:46:08,164.3,161.75,9000,163,9000,0,48000
APOLLOTYRE-III.NFO,07/01/2020,10:46:16,164.3,161.75,9000,162.9,9000,0,48000
APOLLOTYRE-III.NFO,07/01/2020,10:46:32,164.3,161.75,6000,162.9,9000,0,48000
APOLLOTYRE-III.NFO,07/01/2020,10:46:38,164.3,161.75,9000,162.9,9000,0,48000
APOLLOTYRE-III.NFO,07/01/2020,10:46:40,164.3,161.75,6000,162.9,9000,0,48000
APOLLOTYRE-III.NFO,07/01/2020,10:46:43,164.3,161.75,9000,162.9,9000,0,48000
APOLLOTYRE-III.NFO,07/01/2020,10:46:46,164.3,161.75,6000,162.65,3000,0,48000
APOLLOTYRE-III.NFO,07/01/2020,10:46:49,164.3,161.75,6000,162.65,9000,0,48000
APOLLOTYRE-III.NFO,07/01/2020,10:46:52,164.3,161.75,6000,162.55,3000,0,48000
APOLLOTYRE-III.NFO,07/01/2020,10:46:57,164.3,161.95,6000,163.05,9000,0,48000
APOLLOTYRE-III.NFO,07/01/2020,10:47:00,164.3,162.15,3000,162.85,9000,0,48000
APOLLOTYRE-III.NFO,07/01/2020,10:47:03,164.3,162.2,6000,162.85,9000,0,48000
APOLLOTYRE-III.NFO,07/01/2020,10:47:05,164.3,162.15,6000,162.75,3000,0,48000
APOLLOTYRE-III.NFO,07/01/2020,10:47:08,164.3,162.15,6000,162.75,6000,0,48000
APOLLOTYRE-III.NFO,07/01/2020,10:47:16,164.3,162.15,6000,162.75,3000,0,48000
APOLLOTYRE-III.NFO,07/01/2020,10:47:25,164.3,162.05,3000,163.2,12000,0,48000
APOLLOTYRE-III.NFO,07/01/2020,10:47:28,164.3,161.85,6000,163.2,12000,0,48000
APOLLOTYRE-III.NFO,07/01/2020,10:47:31,164.3,162.15,3000,162.95,9000,0,48000
APOLLOTYRE-III.NFO,07/01/2020,10:47:36,164.3,162.05,3000,163.15,9000,0,48000
APOLLOTYRE-III.NFO,07/01/2020,10:47:38,164.3,161.55,12000,163.15,9000,0,48000
APOLLOTYRE-III.NFO,07/01/2020,10:47:52,164.3,161.55,18000,162.95,9000,0,48000
APOLLOTYRE-III.NFO,07/01/2020,10:47:57,164.3,161.95,6000,162.85,6000,0,48000
APOLLOTYRE-III.NFO,07/01/2020,10:47:59,164.3,162.25,3000,162.85,3000,0,48000
APOLLOTYRE-III.NFO,07/01/2020,10:48:01,164.3,162.25,3000,162.85,6000,0,48000
APOLLOTYRE-III.NFO,07/01/2020,10:48:12,164.3,162.3,6000,162.85,6000,0,48000
APOLLOTYRE-III.NFO,07/01/2020,10:48:16,164.3,162.3,6000,162.95,3000,0,48000
APOLLOTYRE-III.NFO,07/01/2020,10:48:20,164.3,162.3,6000,162.95,6000,0,48000
APOLLOTYRE-III.NFO,07/01/2020,10:48:31,164.3,162.3,6000,162.95,9000,0,48000
APOLLOTYRE-III.NFO,07/01/2020,10:49:06,164.3,162.3,6000,162.95,6000,0,48000
APOLLOTYRE-III.NFO,07/01/2020,10:49:09,164.3,162.25,3000,162.95,6000,0,48000
APOLLOTYRE-III.NFO,07/01/2020,10:49:14,164.3,161.7,6000,162.95,9000,0,48000
APOLLOTYRE-III.NFO,07/01/2020,10:49:18,164.3,162.1,3000,162.95,9000,0,48000
APOLLOTYRE-III.NFO,07/01/2020,10:49:21,164.3,162.15,6000,162.95,9000,0,48000
APOLLOTYRE-III.NFO,07/01/2020,10:49:41,164.3,162.15,9000,162.95,9000,0,48000
APOLLOTYRE-III.NFO,07/01/2020,10:49:45,164.3,162.15,9000,162.95,6000,0,48000
APOLLOTYRE-III.NFO,07/01/2020,10:49:50,164.3,162.15,9000,162.95,3000,0,48000
APOLLOTYRE-III.NFO,07/01/2020,10:49:59,164.3,162.15,6000,162.95,9000,0,48000
APOLLOTYRE-III.NFO,07/01/2020,10:50:30,164.3,162.15,6000,162.95,6000,0,48000
APOLLOTYRE-III.NFO,07/01/2020,10:50:34,164.3,162.15,6000,162.95,9000,0,48000
APOLLOTYRE-III.NFO,07/01/2020,10:50:49,164.3,162.15,6000,162.95,6000,0,48000
APOLLOTYRE-III.NFO,07/01/2020,10:50:53,164.3,162.15,6000,162.85,6000,0,48000
APOLLOTYRE-III.NFO,07/01/2020,10:51:09,164.3,162.15,6000,162.85,9000,0,48000
APOLLOTYRE-III.NFO,07/01/2020,10:51:33,164.3,162.15,6000,162.75,3000,0,48000
APOLLOTYRE-III.NFO,07/01/2020,10:51:40,164.3,162.15,6000,163.2,12000,0,48000
APOLLOTYRE-III.NFO,07/01/2020,10:52:12,164.3,162.15,6000,163.2,9000,0,48000
APOLLOTYRE-III.NFO,07/01/2020,10:52:27,164.3,162.15,6000,163.1,9000,0,48000
APOLLOTYRE-III.NFO,07/01/2020,10:52:32,164.3,162.15,6000,163.1,6000,0,48000
APOLLOTYRE-III.NFO,07/01/2020,10:52:38,164.3,162.15,6000,163.1,9000,0,48000
APOLLOTYRE-III.NFO,07/01/2020,10:52:42,164.3,162.15,9000,163.1,9000,0,48000
APOLLOTYRE-III.NFO,07/01/2020,10:52:59,164.3,162.15,6000,163.1,9000,0,48000
APOLLOTYRE-III.NFO,07/01/2020,10:53:11,164.3,162.15,9000,163.1,9000,0,48000
APOLLOTYRE-III.NFO,07/01/2020,10:53:53,164.3,162.15,6000,163.1,9000,0,48000
APOLLOTYRE-III.NFO,07/01/2020,10:54:05,164.3,162.15,9000,163.1,9000,0,48000
APOLLOTYRE-III.NFO,07/01/2020,10:55:11,164.3,162.15,9000,163.1,6000,0,48000
APOLLOTYRE-III.NFO,07/01/2020,10:55:20,164.3,162.15,9000,163.1,9000,0,48000
APOLLOTYRE-III.NFO,07/01/2020,10:55:35,164.3,162.15,6000,163.1,9000,0,48000
APOLLOTYRE-III.NFO,07/01/2020,10:57:23,164.3,161.8,6000,162.9,9000,0,48000
APOLLOTYRE-III.NFO,07/01/2020,10:57:30,164.3,162.1,3000,162.9,9000,0,48000
APOLLOTYRE-III.NFO,07/01/2020,10:57:41,164.3,162.15,6000,162.9,6000,0,48000
APOLLOTYRE-III.NFO,07/01/2020,10:57:47,164.3,161.8,6000,163,9000,0,48000
APOLLOTYRE-III.NFO,07/01/2020,10:57:52,164.3,162.1,3000,163,9000,0,48000
APOLLOTYRE-III.NFO,07/01/2020,10:58:00,164.3,162.05,6000,163,9000,0,48000
APOLLOTYRE-III.NFO,07/01/2020,10:58:04,164.3,161.5,15000,162.9,9000,0,48000
APOLLOTYRE-III.NFO,07/01/2020,10:58:18,164.3,161.5,9000,162.9,9000,0,48000
APOLLOTYRE-III.NFO,07/01/2020,10:58:34,164.3,161.5,9000,162.8,9000,0,48000
APOLLOTYRE-III.NFO,07/01/2020,10:58:39,164.3,161.5,9000,162.8,6000,0,48000
APOLLOTYRE-III.NFO,07/01/2020,10:58:44,164.3,161.5,9000,162.8,9000,0,48000
APOLLOTYRE-III.NFO,07/01/2020,10:58:59,164.3,161.5,9000,162.6,3000,0,48000
APOLLOTYRE-III.NFO,07/01/2020,10:59:05,164.3,161.5,9000,163.2,12000,0,48000
APOLLOTYRE-III.NFO,07/01/2020,10:59:11,164.3,161.5,9000,162.6,3000,0,48000
APOLLOTYRE-III.NFO,07/01/2020,10:59:16,164.3,161.5,9000,162.55,6000,0,48000
APOLLOTYRE-III.NFO,07/01/2020,10:59:22,164.3,161.5,9000,162.55,3000,0,48000
APOLLOTYRE-III.NFO,07/01/2020,10:59:54,164.3,161.5,9000,162.5,3000,0,48000
APOLLOTYRE-III.NFO,07/01/2020,11:00:05,164.3,161.5,9000,162.5,6000,0,48000
APOLLOTYRE-III.NFO,07/01/2020,11:00:17,164.3,161.5,9000,162.5,3000,0,48000
APOLLOTYRE-III.NFO,07/01/2020,11:01:11,164.3,161.5,9000,162.85,9000,0,48000
APOLLOTYRE-III.NFO,07/01/2020,11:01:53,164.3,162.15,3000,162.85,9000,0,48000
APOLLOTYRE-III.NFO,07/01/2020,11:02:00,164.3,161.5,15000,162.85,9000,0,48000
APOLLOTYRE-III.NFO,07/01/2020,11:02:06,164.3,161.7,6000,162.85,9000,0,48000
APOLLOTYRE-III.NFO,07/01/2020,11:02:13,164.3,162.1,3000,162.7,6000,0,48000
APOLLOTYRE-III.NFO,07/01/2020,11:02:19,164.3,161.5,9000,162.6,6000,0,48000
APOLLOTYRE-III.NFO,07/01/2020,11:02:25,164.3,161.5,9000,162.5,3000,0,48000
APOLLOTYRE-III.NFO,07/01/2020,11:03:13,164.3,161.5,9000,162.5,6000,0,48000
APOLLOTYRE-III.NFO,07/01/2020,11:03:19,164.3,161.5,9000,162.5,9000,0,48000
APOLLOTYRE-III.NFO,07/01/2020,11:03:46,164.3,161.5,6000,162.4,9000,0,48000
APOLLOTYRE-III.NFO,07/01/2020,11:04:04,164.3,161.45,6000,162.4,9000,0,48000
APOLLOTYRE-III.NFO,07/01/2020,11:04:16,164.3,161.35,3000,162.4,9000,0,48000
APOLLOTYRE-III.NFO,07/01/2020,11:04:22,164.3,161.5,6000,162.4,9000,0,48000
APOLLOTYRE-III.NFO,07/01/2020,11:04:28,164.3,161.1,6000,162.4,9000,0,48000
APOLLOTYRE-III.NFO,07/01/2020,11:04:34,164.3,161.45,6000,162.4,9000,0,48000
APOLLOTYRE-III.NFO,07/01/2020,11:04:51,164.3,161.45,6000,162.4,6000,0,48000
APOLLOTYRE-III.NFO,07/01/2020,11:04:57,164.3,161.45,6000,162.4,9000,0,48000
APOLLOTYRE-III.NFO,07/01/2020,11:05:25,164.3,161.45,6000,162.4,6000,0,48000
APOLLOTYRE-III.NFO,07/01/2020,11:05:30,164.3,161.45,6000,162.4,9000,0,48000
APOLLOTYRE-III.NFO,07/01/2020,11:05:51,164.3,161.45,9000,162.4,9000,0,48000
APOLLOTYRE-III.NFO,07/01/2020,11:05:58,164.3,161.45,9000,162.4,6000,0,48000
APOLLOTYRE-III.NFO,07/01/2020,11:06:03,164.3,161.45,6000,162.4,6000,0,48000
APOLLOTYRE-III.NFO,07/01/2020,11:06:09,164.3,161.45,9000,162.4,9000,0,48000
APOLLOTYRE-III.NFO,07/01/2020,11:06:16,164.3,161.45,9000,162.5,9000,0,48000
APOLLOTYRE-III.NFO,07/01/2020,11:06:23,164.3,161.45,9000,162.5,6000,0,48000
APOLLOTYRE-III.NFO,07/01/2020,11:06:42,164.3,161.55,6000,162.5,9000,0,48000
APOLLOTYRE-III.NFO,07/01/2020,11:07:10,164.3,160.9,18000,162.4,9000,0,48000
APOLLOTYRE-III.NFO,07/01/2020,11:07:15,164.3,160.9,15000,162.4,9000,0,48000
APOLLOTYRE-III.NFO,07/01/2020,11:07:20,164.3,160.9,18000,162.4,9000,0,48000
APOLLOTYRE-III.NFO,07/01/2020,11:07:25,164.3,160.9,9000,162.4,9000,0,48000
APOLLOTYRE-III.NFO,07/01/2020,11:07:30,164.3,160.9,9000,162.2,9000,0,48000
APOLLOTYRE-III.NFO,07/01/2020,11:08:18,164.3,160.9,15000,162.2,9000,0,48000
APOLLOTYRE-III.NFO,07/01/2020,11:08:21,164.3,160.9,12000,162.2,6000,0,48000
APOLLOTYRE-III.NFO,07/01/2020,11:08:26,164.3,160.9,12000,162.2,9000,0,48000
APOLLOTYRE-III.NFO,07/01/2020,11:08:31,164.3,160.9,9000,162.2,9000,0,48000
APOLLOTYRE-III.NFO,07/01/2020,11:08:41,164.3,161.5,3000,162.2,9000,0,48000
APOLLOTYRE-III.NFO,07/01/2020,11:09:00,164.3,160.9,9000,162.2,9000,0,48000
APOLLOTYRE-III.NFO,07/01/2020,11:09:14,164.3,160.9,12000,162.2,9000,0,48000
APOLLOTYRE-III.NFO,07/01/2020,11:09:18,164.3,160.9,9000,162.2,9000,0,48000
APOLLOTYRE-III.NFO,07/01/2020,11:09:22,164.3,160.9,9000,162.1,6000,0,48000
APOLLOTYRE-III.NFO,07/01/2020,11:09:27,164.3,160.9,9000,162,3000,0,48000
APOLLOTYRE-III.NFO,07/01/2020,11:09:32,164.3,160.9,9000,162,6000,0,48000
APOLLOTYRE-III.NFO,07/01/2020,11:09:48,164.3,160.9,9000,162,9000,0,48000
APOLLOTYRE-III.NFO,07/01/2020,11:09:55,164.3,160.9,9000,162,3000,0,48000
APOLLOTYRE-III.NFO,07/01/2020,11:09:59,164.3,160.9,9000,162,6000,0,48000
APOLLOTYRE-III.NFO,07/01/2020,11:10:03,164.3,160.9,9000,161.9,3000,0,48000
APOLLOTYRE-III.NFO,07/01/2020,11:10:07,164.3,160.9,9000,161.9,6000,0,48000
APOLLOTYRE-III.NFO,07/01/2020,11:10:12,164.3,160.9,9000,161.9,3000,0,48000
APOLLOTYRE-III.NFO,07/01/2020,11:10:16,164.3,160.9,9000,162,9000,0,48000
APOLLOTYRE-III.NFO,07/01/2020,11:10:48,164.3,160.9,9000,161.95,6000,0,48000
APOLLOTYRE-III.NFO,07/01/2020,11:11:09,164.3,160.9,9000,162,6000,0,48000
APOLLOTYRE-III.NFO,07/01/2020,11:11:15,164.3,160.9,9000,162,12000,0,48000
APOLLOTYRE-III.NFO,07/01/2020,11:11:36,164.3,160.9,6000,162,12000,0,48000
APOLLOTYRE-III.NFO,07/01/2020,11:11:48,164.3,160.9,9000,162,12000,0,48000
APOLLOTYRE-III.NFO,07/01/2020,11:11:59,164.3,160.9,9000,161.9,6000,0,48000
APOLLOTYRE-III.NFO,07/01/2020,11:12:07,164.3,160.9,6000,161.7,6000,0,48000
APOLLOTYRE-III.NFO,07/01/2020,11:12:15,164.3,160.9,9000,161.75,3000,0,48000
APOLLOTYRE-III.NFO,07/01/2020,11:12:28,164.3,160.9,9000,161.85,3000,0,48000
APOLLOTYRE-III.NFO,07/01/2020,11:12:41,164.3,160.9,6000,161.75,3000,0,48000
APOLLOTYRE-III.NFO,07/01/2020,11:12:46,164.3,160.5,9000,161.65,3000,0,48000
APOLLOTYRE-III.NFO,07/01/2020,11:12:55,164.3,160.5,9000,161.8,6000,0,48000
APOLLOTYRE-III.NFO,07/01/2020,11:13:00,164.3,160.5,9000,161.8,9000,0,48000
APOLLOTYRE-III.NFO,07/01/2020,11:13:05,164.3,160.5,9000,161.8,6000,0,48000
APOLLOTYRE-III.NFO,07/01/2020,11:13:11,164.3,160.5,9000,161.8,9000,0,48000
APOLLOTYRE-III.NFO,07/01/2020,11:13:17,164.3,160.5,9000,161.7,6000,0,48000
APOLLOTYRE-III.NFO,07/01/2020,11:13:23,164.3,160.5,9000,161.6,3000,0,48000
APOLLOTYRE-III.NFO,07/01/2020,11:13:28,164.3,160.5,9000,161.95,9000,0,48000
APOLLOTYRE-III.NFO,07/01/2020,11:13:47,164.3,160.5,12000,161.95,9000,0,48000
APOLLOTYRE-III.NFO,07/01/2020,11:14:09,164.3,160.5,12000,161.95,6000,0,48000
APOLLOTYRE-III.NFO,07/01/2020,11:14:15,164.3,160.5,12000,161.95,9000,0,48000
APOLLOTYRE-III.NFO,07/01/2020,11:14:56,164.3,160.5,9000,161.85,9000,0,48000
APOLLOTYRE-III.NFO,07/01/2020,11:15:25,164.3,160.5,9000,161.75,9000,0,48000
APOLLOTYRE-III.NFO,07/01/2020,11:15:39,164.3,160.5,9000,161.75,6000,0,48000
APOLLOTYRE-III.NFO,07/01/2020,11:15:43,164.3,160.5,9000,161.65,9000,0,48000
APOLLOTYRE-III.NFO,07/01/2020,11:15:48,164.3,160.5,9000,161.65,6000,0,48000
APOLLOTYRE-III.NFO,07/01/2020,11:15:53,164.3,160.5,9000,161.55,9000,0,48000
APOLLOTYRE-III.NFO,07/01/2020,11:15:59,164.3,160.5,9000,161.5,3000,0,48000
APOLLOTYRE-III.NFO,07/01/2020,11:16:24,164.3,160.5,9000,161.95,12000,0,48000
APOLLOTYRE-III.NFO,07/01/2020,11:17:35,164.3,160.5,9000,161.85,9000,0,48000
APOLLOTYRE-III.NFO,07/01/2020,11:17:52,164.3,160.5,9000,161.65,6000,0,48000
APOLLOTYRE-III.NFO,07/01/2020,11:18:01,164.3,160.5,9000,161.6,6000,0,48000
APOLLOTYRE-III.NFO,07/01/2020,11:18:06,164.3,160.5,9000,161.6,3000,0,48000
APOLLOTYRE-III.NFO,07/01/2020,11:18:16,164.3,160.5,9000,161.95,9000,0,48000
APOLLOTYRE-III.NFO,07/01/2020,11:18:25,164.3,160.5,9000,161.85,9000,0,48000
APOLLOTYRE-III.NFO,07/01/2020,11:19:03,164.3,160.5,12000,161.8,3000,0,48000
APOLLOTYRE-III.NFO,07/01/2020,11:19:09,164.3,160.5,9000,161.8,9000,0,48000
APOLLOTYRE-III.NFO,07/01/2020,11:19:23,164.3,160.5,9000,161.7,9000,0,48000
APOLLOTYRE-III.NFO,07/01/2020,11:19:45,164.3,160.5,9000,161.6,3000,0,48000
APOLLOTYRE-III.NFO,07/01/2020,11:20:04,164.3,160.5,9000,161.6,6000,0,48000
APOLLOTYRE-III.NFO,07/01/2020,11:20:34,164.3,160.5,18000,161.6,3000,0,48000
APOLLOTYRE-III.NFO,07/01/2020,11:21:28,164.3,160.8,6000,161.6,3000,0,48000
APOLLOTYRE-III.NFO,07/01/2020,11:21:34,164.3,161.2,3000,161.6,3000,0,48000
APOLLOTYRE-III.NFO,07/01/2020,11:21:53,164.3,161.2,3000,161.85,6000,0,48000
APOLLOTYRE-III.NFO,07/01/2020,11:22:17,164.3,161.2,3000,161.85,3000,0,48000
APOLLOTYRE-III.NFO,07/01/2020,11:22:21,164.3,161.25,6000,161.95,6000,0,48000
APOLLOTYRE-III.NFO,07/01/2020,11:22:25,164.3,161.2,6000,161.95,6000,0,48000
APOLLOTYRE-III.NFO,07/01/2020,11:22:30,164.3,161.2,6000,161.95,9000,0,48000
APOLLOTYRE-III.NFO,07/01/2020,11:22:34,164.3,161.2,6000,161.95,6000,0,48000
APOLLOTYRE-III.NFO,07/01/2020,11:22:39,164.3,161.2,6000,161.95,9000,0,48000
APOLLOTYRE-III.NFO,07/01/2020,11:22:43,164.3,161.2,6000,161.85,3000,0,48000
APOLLOTYRE-III.NFO,07/01/2020,11:22:58,164.3,161.2,6000,162,9000,0,48000
APOLLOTYRE-III.NFO,07/01/2020,11:23:03,164.3,161.2,6000,162,6000,0,48000
APOLLOTYRE-III.NFO,07/01/2020,11:23:08,164.3,161.2,6000,162,9000,0,48000
APOLLOTYRE-III.NFO,07/01/2020,11:23:18,164.3,161.35,6000,161.9,3000,0,48000
APOLLOTYRE-III.NFO,07/01/2020,11:23:22,164.3,161,6000,161.9,3000,0,48000
APOLLOTYRE-III.NFO,07/01/2020,11:23:26,164.3,161.3,3000,161.9,3000,0,48000
APOLLOTYRE-III.NFO,07/01/2020,11:23:30,164.3,161.35,6000,161.9,3000,0,48000
APOLLOTYRE-III.NFO,07/01/2020,11:23:35,164.3,161.35,6000,161.9,6000,0,48000
APOLLOTYRE-III.NFO,07/01/2020,11:24:09,164.3,161.35,6000,161.9,3000,0,48000
APOLLOTYRE-III.NFO,07/01/2020,11:24:47,164.3,161.35,6000,162.3,9000,0,48000
APOLLOTYRE-III.NFO,07/01/2020,11:24:59,164.3,160.8,9000,162.2,9000,0,48000
APOLLOTYRE-III.NFO,07/01/2020,11:25:22,164.3,160.8,9000,162,9000,0,48000
APOLLOTYRE-III.NFO,07/01/2020,11:25:27,164.3,161.1,3000,161.85,6000,0,48000
APOLLOTYRE-III.NFO,07/01/2020,11:25:32,164.3,161.25,6000,161.8,6000,0,48000
APOLLOTYRE-III.NFO,07/01/2020,11:25:37,164.3,161.25,6000,162.2,9000,0,48000
APOLLOTYRE-III.NFO,07/01/2020,11:26:21,164.3,161.4,6000,162.2,9000,0,48000
APOLLOTYRE-III.NFO,07/01/2020,11:26:26,164.3,161.1,6000,162.2,9000,0,48000
APOLLOTYRE-III.NFO,07/01/2020,11:26:30,164.3,161.3,3000,162.2,9000,0,48000
APOLLOTYRE-III.NFO,07/01/2020,11:26:35,164.3,161.35,6000,162.2,9000,0,48000
APOLLOTYRE-III.NFO,07/01/2020,11:26:44,164.3,161.3,6000,162.2,9000,0,48000
APOLLOTYRE-III.NFO,07/01/2020,11:27:11,164.3,161.2,3000,162.2,9000,0,48000
APOLLOTYRE-III.NFO,07/01/2020,11:27:20,164.3,161.3,3000,162.2,9000,0,48000
APOLLOTYRE-III.NFO,07/01/2020,11:27:51,164.3,161.35,6000,162.2,9000,0,48000
APOLLOTYRE-III.NFO,07/01/2020,11:27:58,164.3,161.1,6000,162.2,9000,0,48000
APOLLOTYRE-III.NFO,07/01/2020,11:28:01,164.3,161.3,3000,162.2,9000,0,48000
APOLLOTYRE-III.NFO,07/01/2020,11:28:57,164.3,161.25,6000,162.2,9000,0,48000
APOLLOTYRE-III.NFO,07/01/2020,11:31:04,164.3,161.25,9000,162.2,9000,0,48000
APOLLOTYRE-III.NFO,07/01/2020,11:31:15,164.3,161.25,6000,162.2,9000,0,48000
APOLLOTYRE-III.NFO,07/01/2020,11:31:48,164.3,161.25,9000,162.2,9000,0,48000
APOLLOTYRE-III.NFO,07/01/2020,11:32:11,164.3,161.25,6000,162.2,9000,0,48000
APOLLOTYRE-III.NFO,07/01/2020,11:32:48,164.3,161.25,9000,162.2,9000,0,48000
APOLLOTYRE-III.NFO,07/01/2020,11:34:09,164.3,161.25,9000,162.2,3000,0,48000
APOLLOTYRE-III.NFO,07/01/2020,11:34:16,164.3,161.25,9000,162.95,12000,0,48000
APOLLOTYRE-III.NFO,07/01/2020,11:34:34,164.3,161.25,15000,162.95,12000,0,48000
APOLLOTYRE-III.NFO,07/01/2020,11:34:40,164.3,161.25,9000,162.95,12000,0,48000
APOLLOTYRE-III.NFO,07/01/2020,11:34:46,164.3,161.25,9000,162.95,15000,0,48000
APOLLOTYRE-III.NFO,07/01/2020,11:34:51,164.3,161.25,9000,162.95,12000,0,48000
APOLLOTYRE-III.NFO,07/01/2020,11:34:56,164.3,161.25,9000,162.35,9000,0,48000
APOLLOTYRE-III.NFO,07/01/2020,11:35:08,164.3,161.25,9000,162.35,6000,0,48000
APOLLOTYRE-III.NFO,07/01/2020,11:35:24,164.3,161.25,15000,162.35,9000,0,48000
APOLLOTYRE-III.NFO,07/01/2020,11:35:35,164.3,161.25,9000,162.35,3000,0,48000
APOLLOTYRE-III.NFO,07/01/2020,11:35:40,164.3,161.25,12000,162.35,3000,0,48000
APOLLOTYRE-III.NFO,07/01/2020,11:35:45,164.3,161.85,3000,162.75,9000,0,48000
APOLLOTYRE-III.NFO,07/01/2020,11:35:50,164.3,161.9,6000,162.75,9000,0,48000
APOLLOTYRE-III.NFO,07/01/2020,11:36:47,164.3,161.3,9000,162.75,9000,0,48000
APOLLOTYRE-III.NFO,07/01/2020,11:36:53,164.3,161.3,9000,162.65,9000,0,48000
APOLLOTYRE-III.NFO,07/01/2020,11:36:59,164.3,161.3,9000,162.65,6000,0,48000
APOLLOTYRE-III.NFO,07/01/2020,11:37:09,164.3,161.3,18000,162.65,9000,0,48000
APOLLOTYRE-III.NFO,07/01/2020,11:37:13,164.3,161.3,9000,162.65,9000,0,48000
APOLLOTYRE-III.NFO,07/01/2020,11:37:16,164.3,161.3,12000,162.65,9000,0,48000
APOLLOTYRE-III.NFO,07/01/2020,11:37:31,164.3,161.3,9000,162.65,9000,0,48000
APOLLOTYRE-III.NFO,07/01/2020,11:37:36,164.3,161.3,15000,162.65,9000,0,48000
APOLLOTYRE-III.NFO,07/01/2020,11:37:41,164.3,161.3,15000,162.65,6000,0,48000
APOLLOTYRE-III.NFO,07/01/2020,11:37:46,164.3,161.6,6000,162.65,9000,0,48000
APOLLOTYRE-III.NFO,07/01/2020,11:37:50,164.3,161.85,6000,162.65,9000,0,48000
APOLLOTYRE-III.NFO,07/01/2020,11:38:39,164.3,161.25,9000,162.65,9000,0,48000
APOLLOTYRE-III.NFO,07/01/2020,11:39:39,164.3,161.25,9000,162.55,9000,0,48000
APOLLOTYRE-III.NFO,07/01/2020,11:39:48,164.3,161.25,9000,162.45,9000,0,48000
APOLLOTYRE-III.NFO,07/01/2020,11:40:30,164.3,161.25,9000,162.35,9000,0,48000
APOLLOTYRE-III.NFO,07/01/2020,11:40:49,164.3,161.25,6000,162.35,9000,0,48000
APOLLOTYRE-III.NFO,07/01/2020,11:40:52,164.3,161.25,6000,162.25,9000,0,48000
APOLLOTYRE-III.NFO,07/01/2020,11:41:25,164.3,161.25,6000,162.15,6000,0,48000
APOLLOTYRE-III.NFO,07/01/2020,11:41:28,164.3,161.25,6000,162.15,9000,0,48000
APOLLOTYRE-III.NFO,07/01/2020,11:42:07,164.3,161.25,6000,161.95,6000,0,48000
APOLLOTYRE-III.NFO,07/01/2020,11:42:12,164.3,161.25,6000,161.95,9000,0,48000
APOLLOTYRE-III.NFO,07/01/2020,11:42:23,164.3,160.75,9000,161.95,9000,0,48000
APOLLOTYRE-III.NFO,07/01/2020,11:42:35,164.3,160.85,6000,161.95,6000,0,48000
APOLLOTYRE-III.NFO,07/01/2020,11:42:41,164.3,161.35,6000,161.95,6000,0,48000
APOLLOTYRE-III.NFO,07/01/2020,11:42:54,164.3,160.8,9000,161.85,9000,0,48000
APOLLOTYRE-III.NFO,07/01/2020,11:43:10,164.3,160.8,9000,161.85,6000,0,48000
APOLLOTYRE-III.NFO,07/01/2020,11:43:16,164.3,160.8,9000,161.85,3000,0,48000
APOLLOTYRE-III.NFO,07/01/2020,11:43:20,164.3,160.8,9000,161.85,6000,0,48000
APOLLOTYRE-III.NFO,07/01/2020,11:43:32,164.3,160.8,9000,161.85,9000,0,48000
APOLLOTYRE-III.NFO,07/01/2020,11:44:22,164.3,161.2,3000,161.85,9000,0,48000
APOLLOTYRE-III.NFO,07/01/2020,11:44:38,164.3,161.25,6000,161.85,9000,0,48000
APOLLOTYRE-III.NFO,07/01/2020,11:47:49,164.3,161.1,3000,161.85,9000,0,48000
APOLLOTYRE-III.NFO,07/01/2020,11:47:52,164.3,161.2,3000,161.85,9000,0,48000
APOLLOTYRE-III.NFO,07/01/2020,11:48:13,164.3,160.75,9000,161.85,9000,0,48000
APOLLOTYRE-III.NFO,07/01/2020,11:49:11,164.3,160.75,9000,161.85,6000,0,48000
APOLLOTYRE-III.NFO,07/01/2020,11:49:16,164.3,160.75,9000,161.85,9000,0,48000
APOLLOTYRE-III.NFO,07/01/2020,11:50:05,164.3,160.6,3000,161.85,9000,0,48000
APOLLOTYRE-III.NFO,07/01/2020,11:50:09,164.3,160.8,3000,161.75,9000,0,48000
APOLLOTYRE-III.NFO,07/01/2020,11:50:12,164.3,160.8,3000,161.65,9000,0,48000
APOLLOTYRE-III.NFO,07/01/2020,11:50:17,164.3,160.7,3000,161.65,9000,0,48000
APOLLOTYRE-III.NFO,07/01/2020,11:50:45,164.3,160.75,6000,161.65,9000,0,48000
APOLLOTYRE-III.NFO,07/01/2020,11:50:57,164.3,160.4,6000,161.55,9000,0,48000
APOLLOTYRE-III.NFO,07/01/2020,11:51:01,164.3,160.7,3000,161.55,9000,0,48000
APOLLOTYRE-III.NFO,07/01/2020,11:51:09,164.3,160.75,6000,161.45,3000,0,48000
APOLLOTYRE-III.NFO,07/01/2020,11:51:26,164.3,160.75,9000,162.95,18000,0,48000
APOLLOTYRE-III.NFO,07/01/2020,11:51:35,164.3,160.75,6000,162.95,18000,0,48000
APOLLOTYRE-III.NFO,07/01/2020,11:51:46,164.3,160.75,9000,162.95,18000,0,48000
APOLLOTYRE-III.NFO,07/01/2020,11:51:53,164.3,160.75,6000,162.95,18000,0,48000
APOLLOTYRE-III.NFO,07/01/2020,11:53:06,164.3,160.75,9000,162.95,18000,0,48000
APOLLOTYRE-III.NFO,07/01/2020,11:53:36,164.3,160.75,6000,162.95,18000,0,48000
APOLLOTYRE-III.NFO,07/01/2020,11:55:49,164.3,160.75,6000,162.95,15000,0,48000
APOLLOTYRE-III.NFO,07/01/2020,11:55:53,164.3,160.75,6000,161.95,9000,0,48000
APOLLOTYRE-III.NFO,07/01/2020,11:55:56,164.3,160.75,6000,161.75,9000,0,48000
APOLLOTYRE-III.NFO,07/01/2020,11:56:07,164.3,160.75,6000,161.65,9000,0,48000
APOLLOTYRE-III.NFO,07/01/2020,11:56:24,164.3,160.15,15000,161.65,9000,0,48000
APOLLOTYRE-III.NFO,07/01/2020,11:56:36,164.3,160.15,18000,161.65,9000,0,48000
APOLLOTYRE-III.NFO,07/01/2020,11:56:48,164.3,160.35,6000,161.65,9000,0,48000
APOLLOTYRE-III.NFO,07/01/2020,11:56:51,164.3,160.7,6000,161.65,9000,0,48000
APOLLOTYRE-III.NFO,07/01/2020,11:57:39,164.3,160.7,6000,161.55,9000,0,48000
APOLLOTYRE-III.NFO,07/01/2020,11:57:45,164.3,160.1,9000,161.55,9000,0,48000
APOLLOTYRE-III.NFO,07/01/2020,11:58:05,164.3,160.1,15000,161.55,9000,0,48000
APOLLOTYRE-III.NFO,07/01/2020,11:58:17,164.3,160.5,3000,161.45,9000,0,48000
APOLLOTYRE-III.NFO,07/01/2020,11:58:20,164.3,160.65,6000,161.45,9000,0,48000
APOLLOTYRE-III.NFO,07/01/2020,11:58:23,164.3,160.1,9000,161.45,9000,0,48000
APOLLOTYRE-III.NFO,07/01/2020,11:58:27,164.3,160.4,6000,161.45,9000,0,48000
APOLLOTYRE-III.NFO,07/01/2020,11:58:29,164.3,160.6,3000,161.45,9000,0,48000
APOLLOTYRE-III.NFO,07/01/2020,11:58:32,164.3,160.65,6000,161.45,9000,0,48000
APOLLOTYRE-III.NFO,07/01/2020,11:59:32,164.3,160.65,6000,161.25,3000,0,48000
APOLLOTYRE-III.NFO,07/01/2020,11:59:50,164.3,160.65,6000,161.25,9000,0,48000
APOLLOTYRE-III.NFO,07/01/2020,11:59:55,164.3,160.65,6000,161.25,6000,0,48000
APOLLOTYRE-III.NFO,07/01/2020,11:59:58,164.3,160.65,6000,161.25,9000,0,48000
APOLLOTYRE-III.NFO,07/01/2020,12:00:00,164.3,160.65,6000,161.25,3000,0,48000
APOLLOTYRE-III.NFO,07/01/2020,12:00:11,164.3,160.65,6000,161.25,6000,0,48000
APOLLOTYRE-III.NFO,07/01/2020,12:00:58,164.3,160.65,6000,161.25,3000,0,48000
APOLLOTYRE-III.NFO,07/01/2020,12:02:03,164.3,160.65,6000,161.25,6000,0,48000
APOLLOTYRE-III.NFO,07/01/2020,12:02:06,164.3,160.6,3000,161.25,9000,0,48000
APOLLOTYRE-III.NFO,07/01/2020,12:02:11,164.3,160.6,3000,161.15,6000,0,48000
APOLLOTYRE-III.NFO,07/01/2020,12:02:31,164.3,160.6,3000,161.15,3000,0,48000
APOLLOTYRE-III.NFO,07/01/2020,12:02:37,164.3,160.55,3000,161.15,3000,0,48000
APOLLOTYRE-III.NFO,07/01/2020,12:02:54,164.3,160.5,6000,161.15,9000,0,48000
APOLLOTYRE-III.NFO,07/01/2020,12:02:58,164.3,160.5,6000,161.15,6000,0,48000
APOLLOTYRE-III.NFO,07/01/2020,12:03:01,164.3,160.5,6000,161.15,9000,0,48000
APOLLOTYRE-III.NFO,07/01/2020,12:03:09,164.3,160.1,9000,161.05,6000,0,48000
APOLLOTYRE-III.NFO,07/01/2020,12:03:13,164.3,160.1,9000,161.05,3000,0,48000
APOLLOTYRE-III.NFO,07/01/2020,12:04:39,164.3,160.1,15000,161.05,3000,0,48000
APOLLOTYRE-III.NFO,07/01/2020,12:04:56,164.3,160.1,15000,161.2,3000,0,48000
APOLLOTYRE-III.NFO,07/01/2020,12:05:09,164.3,160.1,18000,161.2,3000,0,48000
APOLLOTYRE-III.NFO,07/01/2020,12:05:31,164.3,160.1,18000,161.65,9000,0,48000
APOLLOTYRE-III.NFO,07/01/2020,12:05:53,164.3,160.1,15000,161.55,9000,0,48000
APOLLOTYRE-III.NFO,07/01/2020,12:05:58,164.3,160.4,6000,161.55,9000,0,48000
APOLLOTYRE-III.NFO,07/01/2020,12:06:01,164.3,160.65,6000,161.55,9000,0,48000
APOLLOTYRE-III.NFO,07/01/2020,12:06:14,164.3,160.65,6000,161.45,9000,0,48000
APOLLOTYRE-III.NFO,07/01/2020,12:06:21,164.3,160.65,6000,161.35,6000,0,48000
APOLLOTYRE-III.NFO,07/01/2020,12:06:33,164.3,160.65,6000,161.35,9000,0,48000
APOLLOTYRE-III.NFO,07/01/2020,12:06:38,164.3,160.65,6000,161.35,6000,0,48000
APOLLOTYRE-III.NFO,07/01/2020,12:06:40,164.3,160.65,6000,161.35,9000,0,48000
APOLLOTYRE-III.NFO,07/01/2020,12:06:43,164.3,160.65,6000,161.35,6000,0,48000
APOLLOTYRE-III.NFO,07/01/2020,12:06:46,164.3,160.65,6000,161.35,9000,0,48000
APOLLOTYRE-III.NFO,07/01/2020,12:07:00,164.3,160.65,6000,161.35,6000,0,48000
APOLLOTYRE-III.NFO,07/01/2020,12:07:13,164.3,160.65,6000,161.35,9000,0,48000
APOLLOTYRE-III.NFO,07/01/2020,12:07:17,164.3,160.65,6000,161.35,6000,0,48000
APOLLOTYRE-III.NFO,07/01/2020,12:07:26,164.3,160.65,6000,161.35,3000,0,48000
APOLLOTYRE-III.NFO,07/01/2020,12:07:37,164.3,160.65,6000,161.35,6000,0,48000
APOLLOTYRE-III.NFO,07/01/2020,12:07:40,164.3,160.65,6000,161.35,3000,0,48000
APOLLOTYRE-III.NFO,07/01/2020,12:07:45,164.3,160.65,6000,161.35,6000,0,48000
APOLLOTYRE-III.NFO,07/01/2020,12:07:50,164.3,160.65,6000,161.35,3000,0,48000
APOLLOTYRE-III.NFO,07/01/2020,12:07:59,164.3,160.65,9000,161.35,3000,0,48000
APOLLOTYRE-III.NFO,07/01/2020,12:08:13,164.3,160.65,9000,161.35,6000,0,48000
APOLLOTYRE-III.NFO,07/01/2020,12:08:19,164.3,160.65,9000,161.35,3000,0,48000
APOLLOTYRE-III.NFO,07/01/2020,12:08:26,164.3,160.65,6000,161.35,3000,0,48000
APOLLOTYRE-III.NFO,07/01/2020,12:08:32,164.3,160.65,9000,161.35,3000,0,48000
APOLLOTYRE-III.NFO,07/01/2020,12:08:46,164.3,160.65,9000,162.35,18000,0,48000
APOLLOTYRE-III.NFO,07/01/2020,12:08:50,164.3,160.65,9000,161.55,3000,0,48000
APOLLOTYRE-III.NFO,07/01/2020,12:08:54,164.3,160.65,9000,161.55,9000,0,48000
APOLLOTYRE-III.NFO,07/01/2020,12:08:58,164.3,160.65,9000,161.55,6000,0,48000
APOLLOTYRE-III.NFO,07/01/2020,12:09:01,164.3,160.65,9000,161.55,9000,0,48000
APOLLOTYRE-III.NFO,07/01/2020,12:09:04,164.3,160.65,9000,161.45,9000,0,48000
APOLLOTYRE-III.NFO,07/01/2020,12:09:08,164.3,160.65,6000,161.35,6000,0,48000
APOLLOTYRE-III.NFO,07/01/2020,12:09:22,164.3,160.65,6000,161.35,3000,0,48000
APOLLOTYRE-III.NFO,07/01/2020,12:09:34,164.3,160.65,6000,161.35,9000,0,48000
APOLLOTYRE-III.NFO,07/01/2020,12:09:41,164.3,160.15,9000,161.35,9000,0,48000
APOLLOTYRE-III.NFO,07/01/2020,12:11:09,164.3,160.45,3000,161.25,9000,0,48000
APOLLOTYRE-III.NFO,07/01/2020,12:11:13,164.3,160.5,6000,161.25,9000,0,48000
APOLLOTYRE-III.NFO,07/01/2020,12:11:17,164.3,160.5,6000,161.15,6000,0,48000
APOLLOTYRE-III.NFO,07/01/2020,12:11:24,164.3,160.5,6000,161.05,3000,0,48000
APOLLOTYRE-III.NFO,07/01/2020,12:12:15,164.3,160.5,6000,161.05,6000,0,48000
APOLLOTYRE-III.NFO,07/01/2020,12:12:25,164.3,160.5,6000,161.05,3000,0,48000
APOLLOTYRE-III.NFO,07/01/2020,12:13:15,164.3,160.5,6000,161.15,6000,0,48000
APOLLOTYRE-III.NFO,07/01/2020,12:13:21,164.3,160.5,6000,161.15,3000,0,48000
APOLLOTYRE-III.NFO,07/01/2020,12:13:30,164.3,160.5,6000,161.15,9000,0,48000
APOLLOTYRE-III.NFO,07/01/2020,12:13:35,164.3,160.5,6000,161.15,6000,0,48000
APOLLOTYRE-III.NFO,07/01/2020,12:13:49,164.3,160.5,6000,161.15,3000,0,48000
APOLLOTYRE-III.NFO,07/01/2020,12:14:03,164.3,160.1,9000,161.15,9000,0,48000
APOLLOTYRE-III.NFO,07/01/2020,12:14:08,164.3,160.1,9000,161.9,15000,0,48000
APOLLOTYRE-III.NFO,07/01/2020,12:14:13,164.3,160.1,9000,161.4,9000,0,48000
APOLLOTYRE-III.NFO,07/01/2020,12:14:46,164.3,160.1,15000,161.4,9000,0,48000
APOLLOTYRE-III.NFO,07/01/2020,12:15:53,164.3,160.1,15000,161.3,9000,0,48000
APOLLOTYRE-III.NFO,07/01/2020,12:18:42,164.3,160.1,15000,161.3,6000,0,48000
APOLLOTYRE-III.NFO,07/01/2020,12:18:44,164.3,160.1,15000,161.3,9000,0,48000
APOLLOTYRE-III.NFO,07/01/2020,12:19:18,164.3,160.1,18000,161.3,3000,0,48000
APOLLOTYRE-III.NFO,07/01/2020,12:19:24,164.3,160.1,18000,161.3,6000,0,48000
APOLLOTYRE-III.NFO,07/01/2020,12:19:31,164.3,160.1,18000,161.3,3000,0,48000
APOLLOTYRE-III.NFO,07/01/2020,12:19:35,164.3,160.1,15000,161.2,3000,0,48000
APOLLOTYRE-III.NFO,07/01/2020,12:19:41,164.3,160.1,18000,161.2,6000,0,48000
APOLLOTYRE-III.NFO,07/01/2020,12:19:46,164.3,160.1,18000,161.2,3000,0,48000
APOLLOTYRE-III.NFO,07/01/2020,12:20:08,164.3,160.1,15000,161.2,3000,0,48000
APOLLOTYRE-III.NFO,07/01/2020,12:20:10,164.3,160.1,18000,161.2,3000,0,48000
APOLLOTYRE-III.NFO,07/01/2020,12:20:47,164.3,160.1,18000,161.9,9000,0,48000
APOLLOTYRE-III.NFO,07/01/2020,12:20:50,164.3,160.1,18000,161.7,9000,0,48000
APOLLOTYRE-III.NFO,07/01/2020,12:21:11,164.3,160.1,18000,161.6,9000,0,48000
APOLLOTYRE-III.NFO,07/01/2020,12:22:49,164.3,160.1,15000,161.5,9000,0,48000
APOLLOTYRE-III.NFO,07/01/2020,12:23:03,164.3,160.1,18000,161.3,6000,0,48000
APOLLOTYRE-III.NFO,07/01/2020,12:23:19,164.3,160.1,18000,161.3,3000,0,48000
APOLLOTYRE-III.NFO,07/01/2020,12:23:46,164.3,160.1,18000,161.3,6000,0,48000
APOLLOTYRE-III.NFO,07/01/2020,12:23:55,164.3,160.1,18000,161.3,3000,0,48000
APOLLOTYRE-III.NFO,07/01/2020,12:24:43,164.3,160.1,18000,161.85,9000,0,48000
APOLLOTYRE-III.NFO,07/01/2020,12:24:46,164.3,160.1,18000,161.75,9000,0,48000
APOLLOTYRE-III.NFO,07/01/2020,12:25:57,164.3,160.1,18000,161.75,6000,0,48000
APOLLOTYRE-III.NFO,07/01/2020,12:26:01,164.3,160.1,18000,161.45,6000,0,48000
APOLLOTYRE-III.NFO,07/01/2020,12:28:20,164.3,160.1,21000,161.45,6000,0,48000
APOLLOTYRE-III.NFO,07/01/2020,12:29:00,164.3,160.1,21000,161.45,9000,0,48000
APOLLOTYRE-III.NFO,07/01/2020,12:32:33,164.3,160.1,18000,161.45,9000,0,48000
APOLLOTYRE-III.NFO,07/01/2020,12:32:39,164.3,160.1,21000,161.45,9000,0,48000
APOLLOTYRE-III.NFO,07/01/2020,12:32:56,164.3,160.1,18000,161.45,9000,0,48000
APOLLOTYRE-III.NFO,07/01/2020,12:33:28,164.3,160.1,21000,161.45,9000,0,48000
APOLLOTYRE-III.NFO,07/01/2020,12:33:43,164.3,160.1,18000,161.45,9000,0,48000
APOLLOTYRE-III.NFO,07/01/2020,12:33:56,164.3,160.1,21000,161.45,9000,0,48000
APOLLOTYRE-III.NFO,07/01/2020,12:34:00,164.3,160.1,18000,161.45,9000,0,48000
APOLLOTYRE-III.NFO,07/01/2020,12:34:04,164.3,160.1,18000,161.45,6000,0,48000
APOLLOTYRE-III.NFO,07/01/2020,12:34:07,164.3,160.1,18000,161.45,9000,0,48000
APOLLOTYRE-III.NFO,07/01/2020,12:34:23,164.3,160.1,21000,161.45,9000,0,48000
APOLLOTYRE-III.NFO,07/01/2020,12:35:54,164.3,160.1,21000,161.25,3000,0,48000
APOLLOTYRE-III.NFO,07/01/2020,12:36:49,164.3,160.1,18000,161.25,9000,0,48000
APOLLOTYRE-III.NFO,07/01/2020,12:37:08,164.3,160.1,12000,161.25,9000,0,48000
APOLLOTYRE-III.NFO,07/01/2020,12:37:24,164.3,160.4,6000,161.25,6000,0,48000
APOLLOTYRE-III.NFO,07/01/2020,12:37:25,164.3,160.6,3000,161.25,6000,0,48000
APOLLOTYRE-III.NFO,07/01/2020,12:37:27,164.3,160.4,6000,161.25,6000,0,48000
APOLLOTYRE-III.NFO,07/01/2020,12:37:30,164.3,160.6,3000,161.25,6000,0,48000
APOLLOTYRE-III.NFO,07/01/2020,12:37:35,164.3,160.7,3000,161.25,3000,0,48000
APOLLOTYRE-III.NFO,07/01/2020,12:37:40,164.3,160.15,9000,161.25,3000,0,48000
APOLLOTYRE-III.NFO,07/01/2020,12:38:05,164.3,160.15,12000,161.35,3000,0,48000
APOLLOTYRE-III.NFO,07/01/2020,12:38:33,164.3,160.15,12000,161.35,6000,0,48000
APOLLOTYRE-III.NFO,07/01/2020,12:39:33,164.3,160.15,9000,161.35,6000,0,48000
APOLLOTYRE-III.NFO,07/01/2020,12:39:43,164.3,160.15,12000,161.35,6000,0,48000
APOLLOTYRE-III.NFO,07/01/2020,12:39:51,164.3,160.15,9000,161.35,6000,0,48000
APOLLOTYRE-III.NFO,07/01/2020,12:39:58,164.3,160.15,12000,161.35,6000,0,48000
APOLLOTYRE-III.NFO,07/01/2020,12:40:08,164.3,160.15,9000,161.35,6000,0,48000
APOLLOTYRE-III.NFO,07/01/2020,12:40:19,164.3,160.15,9000,161.25,6000,0,48000
APOLLOTYRE-III.NFO,07/01/2020,12:40:43,164.3,160.15,9000,161.25,9000,0,48000
APOLLOTYRE-III.NFO,07/01/2020,12:41:44,164.3,160.15,9000,161.25,6000,0,48000
APOLLOTYRE-III.NFO,07/01/2020,12:41:48,164.3,160.15,9000,161.25,9000,0,48000
APOLLOTYRE-III.NFO,07/01/2020,12:41:49,164.3,160.15,9000,161.25,6000,0,48000
APOLLOTYRE-III.NFO,07/01/2020,12:41:51,164.3,160.15,9000,161.25,9000,0,48000
APOLLOTYRE-III.NFO,07/01/2020,12:42:03,164.3,160.15,9000,161.25,6000,0,48000
APOLLOTYRE-III.NFO,07/01/2020,12:42:22,164.3,160.15,9000,161.25,9000,0,48000
APOLLOTYRE-III.NFO,07/01/2020,12:42:30,164.3,160.15,9000,161.25,6000,0,48000
APOLLOTYRE-III.NFO,07/01/2020,12:42:33,164.3,160.15,9000,161.25,9000,0,48000
APOLLOTYRE-III.NFO,07/01/2020,12:42:44,164.3,160.15,9000,161.25,6000,0,48000
APOLLOTYRE-III.NFO,07/01/2020,12:42:47,164.3,160.15,9000,161.25,9000,0,48000
APOLLOTYRE-III.NFO,07/01/2020,12:43:04,164.3,160.15,9000,161.15,6000,0,48000
APOLLOTYRE-III.NFO,07/01/2020,12:43:07,164.3,160.15,9000,161.15,3000,0,48000
APOLLOTYRE-III.NFO,07/01/2020,12:43:44,164.3,160.15,9000,161.3,3000,0,48000
APOLLOTYRE-III.NFO,07/01/2020,12:43:51,164.3,160.15,9000,161.3,6000,0,48000
APOLLOTYRE-III.NFO,07/01/2020,12:43:53,164.3,160.15,9000,161.3,9000,0,48000
APOLLOTYRE-III.NFO,07/01/2020,12:44:05,164.3,160.15,9000,161.3,6000,0,48000
APOLLOTYRE-III.NFO,07/01/2020,12:44:15,164.3,160.15,9000,161.3,9000,0,48000
APOLLOTYRE-III.NFO,07/01/2020,12:44:17,164.3,160.15,9000,161.2,3000,0,48000
APOLLOTYRE-III.NFO,07/01/2020,12:44:30,164.3,160.15,9000,162.2,18000,0,48000
APOLLOTYRE-III.NFO,07/01/2020,12:46:48,164.3,160.15,12000,162.2,18000,0,48000
APOLLOTYRE-III.NFO,07/01/2020,12:46:57,164.3,160.15,18000,162.2,18000,0,48000
APOLLOTYRE-III.NFO,07/01/2020,12:47:52,164.3,160.15,18000,161.8,9000,0,48000
APOLLOTYRE-III.NFO,07/01/2020,12:47:54,164.3,160.15,18000,161.7,9000,0,48000
APOLLOTYRE-III.NFO,07/01/2020,12:48:25,164.3,160.15,18000,161.6,6000,0,48000
APOLLOTYRE-III.NFO,07/01/2020,12:48:57,164.3,160.15,18000,161.6,3000,0,48000
APOLLOTYRE-III.NFO,07/01/2020,12:49:01,164.3,160.15,18000,161.6,6000,0,48000
APOLLOTYRE-III.NFO,07/01/2020,12:49:05,164.3,160.15,18000,161.6,9000,0,48000
APOLLOTYRE-III.NFO,07/01/2020,12:49:09,164.3,160.15,18000,161.6,6000,0,48000
APOLLOTYRE-III.NFO,07/01/2020,12:49:13,164.3,160.15,18000,161.6,9000,0,48000
APOLLOTYRE-III.NFO,07/01/2020,12:49:16,164.3,160.15,18000,161.6,6000,0,48000
APOLLOTYRE-III.NFO,07/01/2020,12:50:25,164.3,160.15,18000,161.6,3000,0,48000
APOLLOTYRE-III.NFO,07/01/2020,12:50:28,164.3,160.15,18000,161.6,6000,0,48000
APOLLOTYRE-III.NFO,07/01/2020,12:51:13,164.3,160.15,21000,161.6,6000,0,48000
APOLLOTYRE-III.NFO,07/01/2020,12:53:08,164.3,160.15,21000,161.6,9000,0,48000
APOLLOTYRE-III.NFO,07/01/2020,12:54:49,164.3,160.15,21000,161.5,9000,0,48000
APOLLOTYRE-III.NFO,07/01/2020,12:54:54,164.3,160.15,21000,161.5,3000,0,48000
APOLLOTYRE-III.NFO,07/01/2020,12:55:00,164.3,160.15,21000,161.5,9000,0,48000
APOLLOTYRE-III.NFO,07/01/2020,12:55:10,164.3,160.15,21000,161.5,6000,0,48000
APOLLOTYRE-III.NFO,07/01/2020,12:55:23,164.3,160.15,21000,161.5,9000,0,48000
APOLLOTYRE-III.NFO,07/01/2020,12:55:43,164.3,160.15,21000,161.5,6000,0,48000
APOLLOTYRE-III.NFO,07/01/2020,12:56:11,164.3,160.15,21000,161.5,3000,0,48000
APOLLOTYRE-III.NFO,07/01/2020,12:56:22,164.3,160.15,21000,161.5,6000,0,48000
APOLLOTYRE-III.NFO,07/01/2020,12:56:26,164.3,160.15,21000,161.5,3000,0,48000
APOLLOTYRE-III.NFO,07/01/2020,12:56:51,164.3,160.15,21000,161.5,6000,0,48000
APOLLOTYRE-III.NFO,07/01/2020,12:56:53,164.3,160.15,21000,161.5,9000,0,48000
APOLLOTYRE-III.NFO,07/01/2020,12:58:30,164.3,160.15,21000,161.5,6000,0,48000
APOLLOTYRE-III.NFO,07/01/2020,12:58:36,164.3,160.15,21000,161.5,9000,0,48000
APOLLOTYRE-III.NFO,07/01/2020,12:58:39,164.3,160.15,21000,161.5,6000,0,48000
APOLLOTYRE-III.NFO,07/01/2020,12:59:02,164.3,160.15,21000,161.5,3000,0,48000
APOLLOTYRE-III.NFO,07/01/2020,12:59:11,164.3,160.15,21000,161.5,6000,0,48000
APOLLOTYRE-III.NFO,07/01/2020,13:00:19,164.3,160.15,21000,161.5,9000,0,48000
APOLLOTYRE-III.NFO,07/01/2020,13:00:41,164.3,160.15,21000,161.5,6000,0,48000
APOLLOTYRE-III.NFO,07/01/2020,13:00:46,164.3,160.15,21000,161.5,9000,0,48000
APOLLOTYRE-III.NFO,07/01/2020,13:01:42,164.3,160.15,12000,161.5,9000,0,48000
APOLLOTYRE-III.NFO,07/01/2020,13:01:57,164.3,160.15,18000,161.5,9000,0,48000
APOLLOTYRE-III.NFO,07/01/2020,13:02:08,164.3,160.55,3000,161.5,9000,0,48000
APOLLOTYRE-III.NFO,07/01/2020,13:02:13,164.3,160.7,6000,161.5,9000,0,48000
APOLLOTYRE-III.NFO,07/01/2020,13:02:27,164.3,160.2,9000,161.5,9000,0,48000
APOLLOTYRE-III.NFO,07/01/2020,13:02:32,164.3,160.2,9000,161.4,9000,0,48000
APOLLOTYRE-III.NFO,07/01/2020,13:03:04,164.3,160.2,12000,161.4,9000,0,48000
APOLLOTYRE-III.NFO,07/01/2020,13:05:57,164.3,160.2,12000,161.3,9000,0,48000
APOLLOTYRE-III.NFO,07/01/2020,13:09:05,164.3,160.2,9000,161.3,9000,0,48000
APOLLOTYRE-III.NFO,07/01/2020,13:09:11,164.3,160.2,9000,161.2,9000,0,48000
APOLLOTYRE-III.NFO,07/01/2020,13:09:36,164.3,160.2,9000,161.1,9000,0,48000
APOLLOTYRE-III.NFO,07/01/2020,13:09:54,164.3,160.2,9000,161,9000,0,48000
APOLLOTYRE-III.NFO,07/01/2020,13:12:06,164.3,160.2,3000,160.8,9000,0,48000
APOLLOTYRE-III.NFO,07/01/2020,13:12:17,164.3,160.05,6000,160.8,9000,0,48000
APOLLOTYRE-III.NFO,07/01/2020,13:12:49,164.3,160.05,6000,160.8,6000,0,48000
APOLLOTYRE-III.NFO,07/01/2020,13:13:12,164.3,160.05,6000,160.8,9000,0,48000
APOLLOTYRE-III.NFO,07/01/2020,13:13:45,164.3,160.05,6000,160.8,6000,0,48000
APOLLOTYRE-III.NFO,07/01/2020,13:13:49,164.3,160.05,6000,160.8,9000,0,48000
APOLLOTYRE-III.NFO,07/01/2020,13:14:00,164.3,160.05,6000,160.8,6000,0,48000
APOLLOTYRE-III.NFO,07/01/2020,13:14:05,164.3,160.05,6000,160.8,9000,0,48000
APOLLOTYRE-III.NFO,07/01/2020,13:14:33,164.3,160.05,6000,160.8,6000,0,48000
APOLLOTYRE-III.NFO,07/01/2020,13:14:37,164.3,160.05,6000,160.8,9000,0,48000
APOLLOTYRE-III.NFO,07/01/2020,13:17:55,164.3,160,6000,160.7,9000,0,48000
APOLLOTYRE-III.NFO,07/01/2020,13:18:18,164.3,160.1,3000,160.7,6000,0,48000
APOLLOTYRE-III.NFO,07/01/2020,13:18:39,164.3,160.1,6000,160.7,6000,0,48000
APOLLOTYRE-III.NFO,07/01/2020,13:18:49,164.3,160,6000,160.7,9000,0,48000
APOLLOTYRE-III.NFO,07/01/2020,13:19:00,164.3,160,3000,160.7,9000,0,48000
APOLLOTYRE-III.NFO,07/01/2020,13:19:06,164.3,160,6000,160.7,9000,0,48000
APOLLOTYRE-III.NFO,07/01/2020,13:19:37,164.3,160,3000,160.7,9000,0,48000
APOLLOTYRE-III.NFO,07/01/2020,13:19:48,164.3,160,6000,160.7,9000,0,48000
APOLLOTYRE-III.NFO,07/01/2020,13:19:52,164.3,160.1,3000,160.7,6000,0,48000
APOLLOTYRE-III.NFO,07/01/2020,13:20:34,164.3,160.15,6000,160.7,6000,0,48000
APOLLOTYRE-III.NFO,07/01/2020,13:20:37,164.3,160.05,6000,160.7,9000,0,48000
APOLLOTYRE-III.NFO,07/01/2020,13:20:51,164.3,160,6000,160.7,9000,0,48000
APOLLOTYRE-III.NFO,07/01/2020,13:21:01,164.3,160,3000,160.7,9000,0,48000
APOLLOTYRE-III.NFO,07/01/2020,13:21:20,164.3,160,3000,160.6,6000,0,48000
APOLLOTYRE-III.NFO,07/01/2020,13:21:26,164.3,159.55,9000,160.6,6000,0,48000
APOLLOTYRE-III.NFO,07/01/2020,13:22:59,164.3,159.55,12000,160.6,6000,0,48000
APOLLOTYRE-III.NFO,07/01/2020,13:23:21,164.3,159.55,9000,160.6,6000,0,48000
APOLLOTYRE-III.NFO,07/01/2020,13:23:31,164.3,160.05,3000,160.6,6000,0,48000
APOLLOTYRE-III.NFO,07/01/2020,13:23:41,164.3,160.1,6000,160.6,6000,0,48000
APOLLOTYRE-III.NFO,07/01/2020,13:23:54,164.3,159.55,12000,160.6,6000,0,48000
APOLLOTYRE-III.NFO,07/01/2020,13:23:59,164.3,159.55,9000,160.6,6000,0,48000
APOLLOTYRE-III.NFO,07/01/2020,13:24:22,164.3,159.55,12000,160.6,6000,0,48000
APOLLOTYRE-III.NFO,07/01/2020,13:24:26,164.3,159.85,6000,160.6,6000,0,48000
APOLLOTYRE-III.NFO,07/01/2020,13:24:29,164.3,160.1,6000,160.6,6000,0,48000
APOLLOTYRE-III.NFO,07/01/2020,13:24:38,164.3,159.55,9000,160.6,6000,0,48000
APOLLOTYRE-III.NFO,07/01/2020,13:24:45,164.3,159.55,9000,160.6,3000,0,48000
APOLLOTYRE-III.NFO,07/01/2020,13:25:41,164.3,159.55,9000,160.6,6000,0,48000
APOLLOTYRE-III.NFO,07/01/2020,13:26:09,164.3,159.55,9000,160.6,3000,0,48000
APOLLOTYRE-III.NFO,07/01/2020,13:26:14,164.3,159.55,9000,160.6,6000,0,48000
APOLLOTYRE-III.NFO,07/01/2020,13:26:19,164.3,159.55,9000,160.6,9000,0,48000
APOLLOTYRE-III.NFO,07/01/2020,13:28:00,164.3,159.6,3000,160.6,9000,0,48000
APOLLOTYRE-III.NFO,07/01/2020,13:28:05,164.3,159.7,3000,160.5,6000,0,48000
APOLLOTYRE-III.NFO,07/01/2020,13:28:10,164.3,159.55,6000,160.5,9000,0,48000
APOLLOTYRE-III.NFO,07/01/2020,13:28:19,164.3,159.55,6000,160.4,9000,0,48000
APOLLOTYRE-III.NFO,07/01/2020,13:28:23,164.3,159.55,6000,160.15,6000,0,48000
APOLLOTYRE-III.NFO,07/01/2020,13:28:31,164.3,159.5,6000,160.15,9000,0,48000
APOLLOTYRE-III.NFO,07/01/2020,13:28:38,164.3,159.5,3000,160.15,6000,0,48000
APOLLOTYRE-III.NFO,07/01/2020,13:28:42,164.3,159.5,3000,160.05,9000,0,48000
APOLLOTYRE-III.NFO,07/01/2020,13:28:48,164.3,159.05,9000,160.05,9000,0,48000
APOLLOTYRE-III.NFO,07/01/2020,13:29:08,164.3,159.05,9000,159.95,6000,0,48000
APOLLOTYRE-III.NFO,07/01/2020,13:29:20,164.3,159.05,9000,159.95,9000,0,48000
APOLLOTYRE-III.NFO,07/01/2020,13:29:27,164.3,159.05,9000,159.95,6000,0,48000
APOLLOTYRE-III.NFO,07/01/2020,13:29:33,164.3,159.05,9000,159.95,3000,0,48000
APOLLOTYRE-III.NFO,07/01/2020,13:29:54,164.3,159.05,9000,159.85,6000,0,48000
APOLLOTYRE-III.NFO,07/01/2020,13:30:55,164.3,159.05,9000,159.85,9000,0,48000
APOLLOTYRE-III.NFO,07/01/2020,13:31:08,164.3,159.05,6000,159.6,3000,0,48000
APOLLOTYRE-III.NFO,07/01/2020,13:31:14,164.3,159,6000,159.6,6000,0,48000
APOLLOTYRE-III.NFO,07/01/2020,13:31:20,164.3,159,3000,159.6,6000,0,48000
APOLLOTYRE-III.NFO,07/01/2020,13:31:26,164.3,159,6000,159.6,6000,0,48000
APOLLOTYRE-III.NFO,07/01/2020,13:31:38,164.3,159,3000,159.5,9000,0,48000
APOLLOTYRE-III.NFO,07/01/2020,13:31:51,164.3,159,3000,159.5,3000,0,48000
APOLLOTYRE-III.NFO,07/01/2020,13:31:59,164.3,159.05,3000,159.5,3000,0,48000
APOLLOTYRE-III.NFO,07/01/2020,13:32:06,164.3,159.1,6000,161.55,18000,0,48000
APOLLOTYRE-III.NFO,07/01/2020,13:32:58,164.3,159.05,3000,161.55,18000,0,48000
APOLLOTYRE-III.NFO,07/01/2020,13:33:08,164.3,159,6000,161.55,18000,0,48000
APOLLOTYRE-III.NFO,07/01/2020,13:33:13,164.3,158.95,6000,161.55,18000,0,48000
APOLLOTYRE-III.NFO,07/01/2020,13:33:22,164.3,158.55,9000,161.55,18000,0,48000
APOLLOTYRE-III.NFO,07/01/2020,13:33:27,164.3,158.55,9000,160.95,15000,0,48000
APOLLOTYRE-III.NFO,07/01/2020,13:33:34,164.3,158.55,9000,160.25,9000,0,48000
APOLLOTYRE-III.NFO,07/01/2020,13:33:38,164.3,158.55,9000,159.85,9000,0,48000
APOLLOTYRE-III.NFO,07/01/2020,13:33:49,164.3,158.55,9000,159.75,9000,0,48000
APOLLOTYRE-III.NFO,07/01/2020,13:35:06,164.3,158.55,9000,159.65,9000,0,48000
APOLLOTYRE-III.NFO,07/01/2020,13:35:12,164.3,158.55,9000,159.55,9000,0,48000
APOLLOTYRE-III.NFO,07/01/2020,13:35:18,164.3,158.55,6000,159.55,9000,0,48000
APOLLOTYRE-III.NFO,07/01/2020,13:35:29,164.3,158.05,9000,159.25,9000,0,48000
APOLLOTYRE-III.NFO,07/01/2020,13:35:36,164.3,158.05,9000,159.05,6000,0,48000
APOLLOTYRE-III.NFO,07/01/2020,13:35:50,164.3,158,9000,158.65,6000,0,48000
APOLLOTYRE-III.NFO,07/01/2020,13:35:54,164.3,158,9000,158.65,9000,0,48000
APOLLOTYRE-III.NFO,07/01/2020,13:35:58,164.3,158,9000,158.55,3000,0,48000
APOLLOTYRE-III.NFO,07/01/2020,13:36:02,164.3,158.05,6000,160.4,18000,0,48000
APOLLOTYRE-III.NFO,07/01/2020,13:36:11,164.3,158,9000,160.4,18000,0,48000
APOLLOTYRE-III.NFO,07/01/2020,13:36:19,164.3,158,6000,160.4,18000,0,48000
APOLLOTYRE-III.NFO,07/01/2020,13:36:24,164.3,158.05,6000,160.4,18000,0,48000
APOLLOTYRE-III.NFO,07/01/2020,13:36:27,164.3,158.05,9000,160.4,18000,0,48000
APOLLOTYRE-III.NFO,07/01/2020,13:36:31,164.3,158.05,15000,160.4,18000,0,48000
APOLLOTYRE-III.NFO,07/01/2020,13:36:35,164.3,158.35,6000,160.4,18000,0,48000
APOLLOTYRE-III.NFO,07/01/2020,13:36:38,164.3,158.55,3000,160.4,18000,0,48000
APOLLOTYRE-III.NFO,07/01/2020,13:36:48,164.3,158.5,6000,160.4,18000,0,48000
APOLLOTYRE-III.NFO,07/01/2020,13:36:58,164.3,158.5,9000,160.4,18000,0,48000
APOLLOTYRE-III.NFO,07/01/2020,13:37:04,164.3,158.5,6000,160.4,18000,0,48000
APOLLOTYRE-III.NFO,07/01/2020,13:37:14,164.3,158.75,6000,160.4,18000,0,48000
APOLLOTYRE-III.NFO,07/01/2020,13:37:23,164.3,158.05,15000,160.4,18000,0,48000
APOLLOTYRE-III.NFO,07/01/2020,13:37:28,164.3,158.55,3000,160.4,18000,0,48000
APOLLOTYRE-III.NFO,07/01/2020,13:37:33,164.3,158.6,6000,160.4,18000,0,48000
APOLLOTYRE-III.NFO,07/01/2020,13:37:57,164.3,158.05,9000,160.4,18000,0,48000
APOLLOTYRE-III.NFO,07/01/2020,13:38:06,164.3,158.05,15000,160.4,18000,0,48000
APOLLOTYRE-III.NFO,07/01/2020,13:38:13,164.3,158.05,18000,160.4,18000,0,48000
APOLLOTYRE-III.NFO,07/01/2020,13:38:25,164.3,158.05,15000,160.4,18000,0,48000
APOLLOTYRE-III.NFO,07/01/2020,13:38:36,164.3,158.05,9000,160.4,18000,0,48000
APOLLOTYRE-III.NFO,07/01/2020,13:39:08,164.3,158.05,15000,160.4,18000,0,48000
APOLLOTYRE-III.NFO,07/01/2020,13:39:13,164.3,158.05,9000,160.4,18000,0,48000
APOLLOTYRE-III.NFO,07/01/2020,13:39:34,164.3,158.05,15000,160.4,18000,0,48000
APOLLOTYRE-III.NFO,07/01/2020,13:39:43,164.3,158.05,9000,160.4,18000,0,48000
APOLLOTYRE-III.NFO,07/01/2020,13:40:01,164.3,158.35,6000,160.4,18000,0,48000
APOLLOTYRE-III.NFO,07/01/2020,13:40:05,164.3,158.05,9000,160.4,18000,0,48000
APOLLOTYRE-III.NFO,07/01/2020,13:40:24,164.3,158.25,3000,160.4,18000,0,48000
APOLLOTYRE-III.NFO,07/01/2020,13:40:28,164.3,158.4,6000,160.4,18000,0,48000
APOLLOTYRE-III.NFO,07/01/2020,13:40:40,164.3,158.4,9000,160.4,18000,0,48000
APOLLOTYRE-III.NFO,07/01/2020,13:40:53,164.3,158.4,15000,160.4,18000,0,48000
APOLLOTYRE-III.NFO,07/01/2020,13:41:45,164.3,158.4,9000,160.4,18000,0,48000
APOLLOTYRE-III.NFO,07/01/2020,13:41:56,164.3,158.4,6000,160.4,18000,0,48000
APOLLOTYRE-III.NFO,07/01/2020,13:42:29,164.3,158.4,9000,160.4,18000,0,48000
APOLLOTYRE-III.NFO,07/01/2020,13:42:34,164.3,158.4,6000,160.4,18000,0,48000
APOLLOTYRE-III.NFO,07/01/2020,13:43:15,164.3,158.4,9000,160.4,18000,0,48000
APOLLOTYRE-III.NFO,07/01/2020,13:43:19,164.3,158.4,6000,160.4,18000,0,48000
APOLLOTYRE-III.NFO,07/01/2020,13:45:04,164.3,158.4,9000,160.4,18000,0,48000
APOLLOTYRE-III.NFO,07/01/2020,13:46:45,164.3,158.4,12000,160.4,18000,0,48000
APOLLOTYRE-III.NFO,07/01/2020,13:46:53,164.3,158.7,6000,160.4,18000,0,48000
APOLLOTYRE-III.NFO,07/01/2020,13:47:01,164.3,159,3000,160.4,18000,0,48000
APOLLOTYRE-III.NFO,07/01/2020,13:47:08,164.3,159.1,3000,160.4,18000,0,48000
APOLLOTYRE-III.NFO,07/01/2020,13:47:14,164.3,158.95,6000,160.4,18000,0,48000
APOLLOTYRE-III.NFO,07/01/2020,13:47:20,164.3,158.35,15000,160.4,18000,0,48000
APOLLOTYRE-III.NFO,07/01/2020,13:47:26,164.3,158.35,9000,160.4,18000,0,48000
APOLLOTYRE-III.NFO,07/01/2020,13:47:36,164.3,158.35,15000,160.4,18000,0,48000
APOLLOTYRE-III.NFO,07/01/2020,13:47:41,164.3,158.35,9000,160.4,18000,0,48000
APOLLOTYRE-III.NFO,07/01/2020,13:47:48,164.3,158.65,6000,160.4,18000,0,48000
APOLLOTYRE-III.NFO,07/01/2020,13:47:52,164.3,158.85,3000,160.4,18000,0,48000
APOLLOTYRE-III.NFO,07/01/2020,13:48:03,164.3,158.9,6000,160.4,18000,0,48000
APOLLOTYRE-III.NFO,07/01/2020,13:48:35,164.3,158.25,12000,160.4,18000,0,48000
APOLLOTYRE-III.NFO,07/01/2020,13:48:54,164.3,158.25,18000,160.3,6000,0,48000
APOLLOTYRE-III.NFO,07/01/2020,13:49:26,164.3,158.25,18000,160.3,9000,0,48000
APOLLOTYRE-III.NFO,07/01/2020,13:49:33,164.3,158.25,18000,160.3,6000,0,48000
APOLLOTYRE-III.NFO,07/01/2020,13:49:39,164.3,158.25,18000,160.3,9000,0,48000
APOLLOTYRE-III.NFO,07/01/2020,13:49:43,164.3,158.25,18000,160.3,3000,0,48000
APOLLOTYRE-III.NFO,07/01/2020,13:49:51,164.3,158.25,18000,160.3,6000,0,48000
APOLLOTYRE-III.NFO,07/01/2020,13:50:07,164.3,158.25,18000,160.3,9000,0,48000
APOLLOTYRE-III.NFO,07/01/2020,13:50:47,164.3,158.25,18000,160.2,6000,0,48000
APOLLOTYRE-III.NFO,07/01/2020,13:50:54,164.3,158.25,18000,160.2,9000,0,48000
APOLLOTYRE-III.NFO,07/01/2020,13:51:01,164.3,158.25,18000,160.2,6000,0,48000
APOLLOTYRE-III.NFO,07/01/2020,13:51:07,164.3,158.25,18000,160.2,3000,0,48000
APOLLOTYRE-III.NFO,07/01/2020,13:51:29,164.3,158.25,18000,160.1,3000,0,48000
APOLLOTYRE-III.NFO,07/01/2020,13:51:44,164.3,158.25,18000,160.2,3000,0,48000
APOLLOTYRE-III.NFO,07/01/2020,13:52:31,164.3,158.25,18000,160.3,3000,0,48000
APOLLOTYRE-III.NFO,07/01/2020,13:53:02,164.3,158.25,18000,160.3,6000,0,48000
APOLLOTYRE-III.NFO,07/01/2020,13:53:06,164.3,158.25,18000,160.3,9000,0,48000
APOLLOTYRE-III.NFO,07/01/2020,13:53:19,164.3,158.25,18000,160.3,6000,0,48000
APOLLOTYRE-III.NFO,07/01/2020,13:53:27,164.3,158.25,18000,160.2,6000,0,48000
APOLLOTYRE-III.NFO,07/01/2020,13:53:35,164.3,158.25,18000,160.1,3000,0,48000
APOLLOTYRE-III.NFO,07/01/2020,13:53:46,164.3,158.25,18000,160,3000,0,48000
APOLLOTYRE-III.NFO,07/01/2020,13:53:54,164.3,158.25,18000,160,9000,0,48000
APOLLOTYRE-III.NFO,07/01/2020,13:54:00,164.3,158.25,18000,159.9,3000,0,48000
APOLLOTYRE-III.NFO,07/01/2020,13:54:14,164.3,158.25,18000,159.85,3000,0,48000
APOLLOTYRE-III.NFO,07/01/2020,13:54:26,164.3,158.25,18000,160,3000,0,48000
APOLLOTYRE-III.NFO,07/01/2020,13:54:47,164.3,158.25,18000,160,6000,0,48000
APOLLOTYRE-III.NFO,07/01/2020,13:54:51,164.3,158.25,18000,160,3000,0,48000
APOLLOTYRE-III.NFO,07/01/2020,13:54:58,164.3,158.25,18000,160,6000,0,48000
APOLLOTYRE-III.NFO,07/01/2020,13:55:07,164.3,158.25,18000,160,3000,0,48000
APOLLOTYRE-III.NFO,07/01/2020,13:55:13,164.3,158.25,18000,160.1,6000,0,48000
APOLLOTYRE-III.NFO,07/01/2020,13:55:18,164.3,158.25,18000,160.1,9000,0,48000
APOLLOTYRE-III.NFO,07/01/2020,13:55:23,164.3,158.25,18000,160,3000,0,48000
APOLLOTYRE-III.NFO,07/01/2020,13:55:43,164.3,158.25,18000,159.9,3000,0,48000
APOLLOTYRE-III.NFO,07/01/2020,13:55:51,164.3,158.25,18000,160.35,9000,0,48000
APOLLOTYRE-III.NFO,07/01/2020,13:55:58,164.3,158.25,18000,160.25,9000,0,48000
APOLLOTYRE-III.NFO,07/01/2020,13:56:09,164.3,158.25,18000,160.15,6000,0,48000
APOLLOTYRE-III.NFO,07/01/2020,13:56:14,164.3,158.25,18000,160.15,9000,0,48000
APOLLOTYRE-III.NFO,07/01/2020,13:58:56,164.3,158.25,18000,160.15,6000,0,48000
APOLLOTYRE-III.NFO,07/01/2020,13:58:59,164.3,158.25,18000,160.15,9000,0,48000
APOLLOTYRE-III.NFO,07/01/2020,13:59:15,164.3,158.25,18000,160.15,6000,0,48000
APOLLOTYRE-III.NFO,07/01/2020,13:59:18,164.3,158.25,18000,160.15,9000,0,48000
APOLLOTYRE-III.NFO,07/01/2020,14:00:51,164.3,158.25,18000,160.05,9000,0,48000
APOLLOTYRE-III.NFO,07/01/2020,14:00:57,164.3,158.25,18000,159.9,3000,0,48000
APOLLOTYRE-III.NFO,07/01/2020,14:01:07,164.3,158.25,18000,159.9,6000,0,48000
APOLLOTYRE-III.NFO,07/01/2020,14:01:11,164.3,158.25,18000,159.9,9000,0,48000
APOLLOTYRE-III.NFO,07/01/2020,14:01:15,164.3,158.25,18000,159.9,6000,0,48000
APOLLOTYRE-III.NFO,07/01/2020,14:01:19,164.3,158.25,18000,159.8,3000,0,48000
APOLLOTYRE-III.NFO,07/01/2020,14:01:34,164.3,158.25,18000,159.9,3000,0,48000
APOLLOTYRE-III.NFO,07/01/2020,14:01:59,164.3,158.25,18000,160,3000,0,48000
APOLLOTYRE-III.NFO,07/01/2020,14:02:04,164.3,158.25,18000,160.6,12000,0,48000
APOLLOTYRE-III.NFO,07/01/2020,14:03:13,164.3,158.25,18000,160.6,9000,0,48000
APOLLOTYRE-III.NFO,07/01/2020,14:03:27,164.3,158.25,18000,160.5,9000,0,48000
APOLLOTYRE-III.NFO,07/01/2020,14:04:49,164.3,158.25,18000,160.5,6000,0,48000
APOLLOTYRE-III.NFO,07/01/2020,14:04:54,164.3,158.25,18000,161.35,15000,0,48000
APOLLOTYRE-III.NFO,07/01/2020,14:05:00,164.3,158.25,18000,161.05,9000,0,48000
APOLLOTYRE-III.NFO,07/01/2020,14:05:03,164.3,158.25,18000,160.95,9000,0,48000
APOLLOTYRE-III.NFO,07/01/2020,14:06:35,164.3,158.25,18000,160.85,9000,0,48000
APOLLOTYRE-III.NFO,07/01/2020,14:06:39,164.3,158.25,18000,160.85,6000,0,48000
APOLLOTYRE-III.NFO,07/01/2020,14:06:42,164.3,158.25,18000,160.85,9000,0,48000
APOLLOTYRE-III.NFO,07/01/2020,14:06:46,164.3,158.25,18000,160.55,6000,0,48000
APOLLOTYRE-III.NFO,07/01/2020,14:06:48,164.3,158.25,18000,160.55,3000,0,48000
APOLLOTYRE-III.NFO,07/01/2020,14:07:24,164.3,158.25,18000,160.45,3000,0,48000
APOLLOTYRE-III.NFO,07/01/2020,14:08:00,164.3,158.25,18000,160.35,6000,0,48000
APOLLOTYRE-III.NFO,07/01/2020,14:08:35,164.3,158.25,18000,160.35,9000,0,48000
APOLLOTYRE-III.NFO,07/01/2020,14:08:38,164.3,158.25,18000,160.35,6000,0,48000
APOLLOTYRE-III.NFO,07/01/2020,14:08:52,164.3,158.25,18000,160.35,9000,0,48000
APOLLOTYRE-III.NFO,07/01/2020,14:08:55,164.3,158.25,18000,160.35,6000,0,48000
APOLLOTYRE-III.NFO,07/01/2020,14:09:01,164.3,158.25,18000,160.35,9000,0,48000
APOLLOTYRE-III.NFO,07/01/2020,14:09:10,164.3,158.25,18000,160.35,6000,0,48000
APOLLOTYRE-III.NFO,07/01/2020,14:09:25,164.3,158.25,15000,160.35,3000,0,48000
APOLLOTYRE-III.NFO,07/01/2020,14:09:34,164.3,158.25,15000,160.35,6000,0,48000
APOLLOTYRE-III.NFO,07/01/2020,14:09:46,164.3,158.25,15000,160.35,3000,0,48000
APOLLOTYRE-III.NFO,07/01/2020,14:09:52,164.3,158.25,15000,160.45,3000,0,48000
APOLLOTYRE-III.NFO,07/01/2020,14:09:59,164.3,158.25,15000,160.85,6000,0,48000
APOLLOTYRE-III.NFO,07/01/2020,14:10:06,164.3,158.25,15000,160.75,6000,0,48000
APOLLOTYRE-III.NFO,07/01/2020,14:10:12,164.3,158.25,15000,160.65,6000,0,48000
APOLLOTYRE-III.NFO,07/01/2020,14:13:26,164.3,158.25,15000,160.55,3000,0,48000
APOLLOTYRE-III.NFO,07/01/2020,14:13:33,164.3,158.25,15000,160.95,6000,0,48000
APOLLOTYRE-III.NFO,07/01/2020,14:14:09,164.3,158.25,15000,160.85,6000,0,48000
APOLLOTYRE-III.NFO,07/01/2020,14:14:27,164.3,158.25,15000,160.65,6000,0,48000
APOLLOTYRE-III.NFO,07/01/2020,14:14:38,164.3,158.25,15000,161.1,6000,0,48000
APOLLOTYRE-III.NFO,07/01/2020,14:14:42,164.3,158.25,15000,161,6000,0,48000
APOLLOTYRE-III.NFO,07/01/2020,14:15:06,164.3,158.25,15000,160.9,3000,0,48000
APOLLOTYRE-III.NFO,07/01/2020,14:16:07,164.3,158.25,15000,160.9,6000,0,48000
APOLLOTYRE-III.NFO,07/01/2020,14:19:41,164.3,160,6000,160.75,9000,0,48000
APOLLOTYRE-III.NFO,07/01/2020,14:19:47,164.3,160.25,6000,160.75,3000,0,48000
APOLLOTYRE-III.NFO,07/01/2020,14:22:27,164.3,160.05,6000,160.75,3000,0,48000
APOLLOTYRE-III.NFO,07/01/2020,14:22:32,164.3,160.25,3000,161.2,9000,0,48000
APOLLOTYRE-III.NFO,07/01/2020,14:22:57,164.3,160.25,3000,161.1,9000,0,48000
APOLLOTYRE-III.NFO,07/01/2020,14:23:19,164.3,159.65,12000,161.1,9000,0,48000
APOLLOTYRE-III.NFO,07/01/2020,14:23:49,164.3,159.65,18000,161.1,9000,0,48000
APOLLOTYRE-III.NFO,07/01/2020,14:23:57,164.3,159.65,12000,161.1,9000,0,48000
APOLLOTYRE-III.NFO,07/01/2020,14:24:05,164.3,159.75,6000,161.1,9000,0,48000
APOLLOTYRE-III.NFO,07/01/2020,14:24:11,164.3,160.2,6000,161.1,9000,0,48000
APOLLOTYRE-III.NFO,07/01/2020,14:24:25,164.3,160.2,6000,161,9000,0,48000
APOLLOTYRE-III.NFO,07/01/2020,14:24:33,164.3,159.85,6000,161,9000,0,48000
APOLLOTYRE-III.NFO,07/01/2020,14:24:38,164.3,160.1,6000,161,9000,0,48000
APOLLOTYRE-III.NFO,07/01/2020,14:27:10,164.3,160.1,9000,161,9000,0,48000
APOLLOTYRE-III.NFO,07/01/2020,14:30:23,164.3,160.1,9000,161,6000,0,48000
APOLLOTYRE-III.NFO,07/01/2020,14:30:30,164.3,160.1,9000,161,3000,0,48000
APOLLOTYRE-III.NFO,07/01/2020,14:30:39,164.3,160.9,3000,161.7,9000,0,48000
APOLLOTYRE-III.NFO,07/01/2020,14:30:48,164.3,160.95,6000,161.7,9000,0,48000
APOLLOTYRE-III.NFO,07/01/2020,14:31:03,164.3,160.45,6000,161.7,9000,0,48000
APOLLOTYRE-III.NFO,07/01/2020,14:31:11,164.3,160.8,6000,161.7,9000,0,48000
APOLLOTYRE-III.NFO,07/01/2020,14:31:18,164.3,160.8,6000,161.5,9000,0,48000
APOLLOTYRE-III.NFO,07/01/2020,14:31:45,164.3,160.8,6000,161.5,6000,0,48000
APOLLOTYRE-III.NFO,07/01/2020,14:31:51,164.3,160.8,6000,161.5,9000,0,48000
APOLLOTYRE-III.NFO,07/01/2020,14:32:03,164.3,160.2,12000,161.5,9000,0,48000
APOLLOTYRE-III.NFO,07/01/2020,14:32:09,164.3,160.2,15000,161.5,9000,0,48000
APOLLOTYRE-III.NFO,07/01/2020,14:32:15,164.3,160.85,6000,161.35,3000,0,48000
APOLLOTYRE-III.NFO,07/01/2020,14:32:54,164.3,160.85,6000,162.5,18000,0,48000
APOLLOTYRE-III.NFO,07/01/2020,14:33:12,164.3,160.85,9000,162.5,18000,0,48000
APOLLOTYRE-III.NFO,07/01/2020,14:33:24,164.3,160.85,6000,162.5,18000,0,48000
APOLLOTYRE-III.NFO,07/01/2020,14:33:48,164.3,160.2,18000,162.5,18000,0,48000
APOLLOTYRE-III.NFO,07/01/2020,14:36:00,164.3,160.4,6000,162.5,18000,0,48000
APOLLOTYRE-III.NFO,07/01/2020,14:36:04,164.3,160.85,6000,162.1,9000,0,48000
APOLLOTYRE-III.NFO,07/01/2020,14:36:09,164.3,160.65,3000,161.8,9000,0,48000
APOLLOTYRE-III.NFO,07/01/2020,14:36:15,164.3,160.8,6000,161.8,9000,0,48000
APOLLOTYRE-III.NFO,07/01/2020,14:36:20,164.3,160.6,3000,161.7,9000,0,48000
APOLLOTYRE-III.NFO,07/01/2020,14:36:24,164.3,160.75,6000,161.7,9000,0,48000
APOLLOTYRE-III.NFO,07/01/2020,14:37:00,164.3,160.75,6000,161.4,6000,0,48000
APOLLOTYRE-III.NFO,07/01/2020,14:37:19,164.3,160.75,9000,161.5,3000,0,48000
APOLLOTYRE-III.NFO,07/01/2020,14:38:07,164.3,160.75,6000,161.5,9000,0,48000
APOLLOTYRE-III.NFO,07/01/2020,14:38:11,164.3,160.75,6000,161.5,3000,0,48000
APOLLOTYRE-III.NFO,07/01/2020,14:38:15,164.3,160.95,3000,161.5,3000,0,48000
APOLLOTYRE-III.NFO,07/01/2020,14:38:30,164.3,160.75,3000,161.5,9000,0,48000
APOLLOTYRE-III.NFO,07/01/2020,14:38:35,164.3,160.85,3000,161.5,9000,0,48000
APOLLOTYRE-III.NFO,07/01/2020,14:38:40,164.3,160.9,6000,161.5,9000,0,48000
APOLLOTYRE-III.NFO,07/01/2020,14:38:47,164.3,160.75,3000,161.5,3000,0,48000
APOLLOTYRE-III.NFO,07/01/2020,14:38:54,164.3,160.85,3000,161.5,3000,0,48000
APOLLOTYRE-III.NFO,07/01/2020,14:38:59,164.3,160.85,3000,161.4,3000,0,48000
APOLLOTYRE-III.NFO,07/01/2020,14:39:20,164.3,160.9,6000,161.4,3000,0,48000
APOLLOTYRE-III.NFO,07/01/2020,14:39:27,164.3,160.9,6000,161.6,9000,0,48000
APOLLOTYRE-III.NFO,07/01/2020,14:39:39,164.3,160.9,6000,161.6,6000,0,48000
APOLLOTYRE-III.NFO,07/01/2020,14:39:57,164.3,160.9,6000,161.6,9000,0,48000
APOLLOTYRE-III.NFO,07/01/2020,14:40:02,164.3,160.9,6000,161.6,6000,0,48000
APOLLOTYRE-III.NFO,07/01/2020,14:40:14,164.3,160.9,6000,161.6,9000,0,48000
APOLLOTYRE-III.NFO,07/01/2020,14:40:19,164.3,160.9,6000,161.6,6000,0,48000
APOLLOTYRE-III.NFO,07/01/2020,14:40:32,164.3,160.9,6000,161.6,9000,0,48000
APOLLOTYRE-III.NFO,07/01/2020,14:40:36,164.3,160.9,6000,161.6,6000,0,48000
APOLLOTYRE-III.NFO,07/01/2020,14:40:41,164.3,160.9,6000,161.6,9000,0,48000
APOLLOTYRE-III.NFO,07/01/2020,14:40:52,164.3,160.9,6000,161.6,6000,0,48000
APOLLOTYRE-III.NFO,07/01/2020,14:41:07,164.3,160.9,6000,161.6,9000,0,48000
APOLLOTYRE-III.NFO,07/01/2020,14:41:12,164.3,160.75,3000,161.5,6000,0,48000
APOLLOTYRE-III.NFO,07/01/2020,14:41:15,164.3,160.8,6000,161.5,6000,0,48000
APOLLOTYRE-III.NFO,07/01/2020,14:41:52,164.3,160.8,6000,161.4,6000,0,48000
APOLLOTYRE-III.NFO,07/01/2020,14:41:59,164.3,160.8,6000,161.4,3000,0,48000
APOLLOTYRE-III.NFO,07/01/2020,14:42:12,164.3,160.8,6000,161.95,9000,0,48000
APOLLOTYRE-III.NFO,07/01/2020,14:42:16,164.3,160.8,6000,161.85,9000,0,48000
APOLLOTYRE-III.NFO,07/01/2020,14:42:24,164.3,160.8,6000,161.85,6000,0,48000
APOLLOTYRE-III.NFO,07/01/2020,14:42:29,164.3,160.8,6000,161.85,9000,0,48000
APOLLOTYRE-III.NFO,07/01/2020,14:43:31,164.3,160.8,6000,161.75,9000,0,48000
APOLLOTYRE-III.NFO,07/01/2020,14:44:02,164.3,160.8,9000,161.75,9000,0,48000
APOLLOTYRE-III.NFO,07/01/2020,14:44:17,164.3,160.8,6000,161.65,6000,0,48000
APOLLOTYRE-III.NFO,07/01/2020,14:44:20,164.3,160.8,9000,161.65,9000,0,48000
APOLLOTYRE-III.NFO,07/01/2020,14:44:33,164.3,160.8,6000,161.65,9000,0,48000
APOLLOTYRE-III.NFO,07/01/2020,14:45:32,164.3,160.2,9000,161.65,9000,0,48000
APOLLOTYRE-III.NFO,07/01/2020,14:45:43,164.3,160.2,12000,161.65,9000,0,48000
APOLLOTYRE-III.NFO,07/01/2020,14:45:48,164.3,160.2,9000,161.65,9000,0,48000
APOLLOTYRE-III.NFO,07/01/2020,14:45:54,164.3,160.2,9000,161.55,9000,0,48000
APOLLOTYRE-III.NFO,07/01/2020,14:46:00,164.3,160.2,9000,161.45,9000,0,48000
APOLLOTYRE-III.NFO,07/01/2020,14:46:06,164.3,160.2,9000,161.35,9000,0,48000
APOLLOTYRE-III.NFO,07/01/2020,14:46:23,164.3,160.2,6000,161.25,9000,0,48000
APOLLOTYRE-III.NFO,07/01/2020,14:46:28,164.3,160.2,9000,161.25,9000,0,48000
APOLLOTYRE-III.NFO,07/01/2020,14:47:16,164.3,160.2,9000,161.25,6000,0,48000
APOLLOTYRE-III.NFO,07/01/2020,14:47:20,164.3,160.2,9000,161.25,9000,0,48000
APOLLOTYRE-III.NFO,07/01/2020,14:47:34,164.3,160.2,9000,161.15,9000,0,48000
APOLLOTYRE-III.NFO,07/01/2020,14:47:37,164.3,160.2,9000,161.05,6000,0,48000
APOLLOTYRE-III.NFO,07/01/2020,14:47:52,164.3,160.2,6000,161.05,6000,0,48000
APOLLOTYRE-III.NFO,07/01/2020,14:47:55,164.3,160.2,6000,161.05,9000,0,48000
APOLLOTYRE-III.NFO,07/01/2020,14:48:20,164.3,160.2,6000,160.95,9000,0,48000
APOLLOTYRE-III.NFO,07/01/2020,14:48:27,164.3,160.2,6000,160.95,6000,0,48000
APOLLOTYRE-III.NFO,07/01/2020,14:48:32,164.3,160.2,6000,160.95,9000,0,48000
APOLLOTYRE-III.NFO,07/01/2020,14:48:42,164.3,160.2,6000,160.95,6000,0,48000
APOLLOTYRE-III.NFO,07/01/2020,14:48:47,164.3,160.2,6000,160.95,9000,0,48000
APOLLOTYRE-III.NFO,07/01/2020,14:48:56,164.3,160.2,9000,160.95,3000,0,48000
APOLLOTYRE-III.NFO,07/01/2020,14:49:01,164.3,160.2,6000,160.95,9000,0,48000
APOLLOTYRE-III.NFO,07/01/2020,14:49:10,164.3,160.2,6000,160.95,6000,0,48000
APOLLOTYRE-III.NFO,07/01/2020,14:49:39,164.3,160.2,6000,160.95,9000,0,48000
APOLLOTYRE-III.NFO,07/01/2020,14:49:45,164.3,160.2,9000,160.95,9000,0,48000
APOLLOTYRE-III.NFO,07/01/2020,14:49:55,164.3,160.2,9000,160.95,3000,0,48000
APOLLOTYRE-III.NFO,07/01/2020,14:50:13,164.3,160.2,9000,161.45,9000,0,48000
APOLLOTYRE-III.NFO,07/01/2020,14:50:17,164.3,160.2,9000,161.35,9000,0,48000
APOLLOTYRE-III.NFO,07/01/2020,14:50:59,164.3,160.2,6000,161.35,9000,0,48000
APOLLOTYRE-III.NFO,07/01/2020,14:51:25,164.3,160.2,9000,161.35,9000,0,48000
APOLLOTYRE-III.NFO,07/01/2020,14:51:34,164.3,160.2,6000,161.35,9000,0,48000
APOLLOTYRE-III.NFO,07/01/2020,14:51:38,164.3,160.2,6000,161.25,9000,0,48000
APOLLOTYRE-III.NFO,07/01/2020,14:51:45,164.3,160.2,9000,161.25,9000,0,48000
APOLLOTYRE-III.NFO,07/01/2020,14:51:49,164.3,160.2,3000,161.25,9000,0,48000
APOLLOTYRE-III.NFO,07/01/2020,14:51:54,164.3,160.35,6000,161.25,9000,0,48000
APOLLOTYRE-III.NFO,07/01/2020,14:52:59,164.3,160.35,6000,161.25,6000,0,48000
APOLLOTYRE-III.NFO,07/01/2020,14:53:05,164.3,160.35,9000,161.25,9000,0,48000
APOLLOTYRE-III.NFO,07/01/2020,14:53:45,164.3,160.35,9000,161.15,6000,0,48000
APOLLOTYRE-III.NFO,07/01/2020,14:53:51,164.3,160.35,9000,161.9,9000,0,48000
APOLLOTYRE-III.NFO,07/01/2020,14:53:58,164.3,160.35,9000,161.7,9000,0,48000
APOLLOTYRE-III.NFO,07/01/2020,14:54:10,164.3,160.35,9000,161.6,9000,0,48000
APOLLOTYRE-III.NFO,07/01/2020,14:54:15,164.3,160.35,9000,161.4,6000,0,48000
APOLLOTYRE-III.NFO,07/01/2020,14:54:27,164.3,160.35,9000,161.4,9000,0,48000
APOLLOTYRE-III.NFO,07/01/2020,14:54:33,164.3,160.35,9000,161.2,3000,0,48000
APOLLOTYRE-III.NFO,07/01/2020,14:54:55,164.3,160.35,9000,161.65,9000,0,48000
APOLLOTYRE-III.NFO,07/01/2020,14:55:20,164.3,160.35,15000,161.65,9000,0,48000
APOLLOTYRE-III.NFO,07/01/2020,14:55:33,164.3,160.35,12000,161.65,9000,0,48000
APOLLOTYRE-III.NFO,07/01/2020,14:56:16,164.3,160.35,9000,161.65,9000,0,48000
APOLLOTYRE-III.NFO,07/01/2020,14:56:19,164.3,160.35,12000,161.65,9000,0,48000
APOLLOTYRE-III.NFO,07/01/2020,14:56:23,164.3,160.35,9000,161.55,9000,0,48000
APOLLOTYRE-III.NFO,07/01/2020,14:56:37,164.3,160.35,9000,161.45,9000,0,48000
APOLLOTYRE-III.NFO,07/01/2020,14:58:51,164.3,160.65,6000,161.45,3000,0,48000
APOLLOTYRE-III.NFO,07/01/2020,14:58:55,164.3,160.9,6000,161.45,3000,0,48000
APOLLOTYRE-III.NFO,07/01/2020,14:59:02,164.3,160.9,6000,161.45,6000,0,48000
APOLLOTYRE-III.NFO,07/01/2020,14:59:07,164.3,160.9,6000,161.45,3000,0,48000
APOLLOTYRE-III.NFO,07/01/2020,15:00:06,164.3,160.9,6000,161.95,9000,0,48000
APOLLOTYRE-III.NFO,07/01/2020,15:00:14,164.3,160.9,6000,161.85,9000,0,48000
APOLLOTYRE-III.NFO,07/01/2020,15:00:21,164.3,160.3,15000,161.4,3000,0,48000
APOLLOTYRE-III.NFO,07/01/2020,15:00:28,164.3,160.3,9000,161.4,3000,0,48000
APOLLOTYRE-III.NFO,07/01/2020,15:00:38,164.3,160.3,15000,161.4,3000,0,48000
APOLLOTYRE-III.NFO,07/01/2020,15:00:49,164.3,160.3,9000,161.4,3000,0,48000
APOLLOTYRE-III.NFO,07/01/2020,15:00:58,164.3,160.3,9000,161.4,6000,0,48000
APOLLOTYRE-III.NFO,07/01/2020,15:01:14,164.3,160.6,6000,161.5,3000,0,48000
APOLLOTYRE-III.NFO,07/01/2020,15:01:17,164.3,160.9,3000,161.5,3000,0,48000
APOLLOTYRE-III.NFO,07/01/2020,15:01:20,164.3,160.95,6000,161.5,3000,0,48000
APOLLOTYRE-III.NFO,07/01/2020,15:02:19,164.3,160.9,3000,161.5,3000,0,48000
APOLLOTYRE-III.NFO,07/01/2020,15:02:38,164.3,160.3,18000,161.5,3000,0,48000
APOLLOTYRE-III.NFO,07/01/2020,15:02:51,164.3,160.5,6000,161.5,3000,0,48000
APOLLOTYRE-III.NFO,07/01/2020,15:02:56,164.3,160.95,6000,161.45,3000,0,48000
APOLLOTYRE-III.NFO,07/01/2020,15:03:01,164.3,160.9,6000,161.45,3000,0,48000
APOLLOTYRE-III.NFO,07/01/2020,15:03:06,164.3,160.6,6000,161.45,3000,0,48000
APOLLOTYRE-III.NFO,07/01/2020,15:03:10,164.3,160.95,6000,161.45,3000,0,48000
APOLLOTYRE-III.NFO,07/01/2020,15:03:26,164.3,160.95,6000,161.6,6000,0,48000
APOLLOTYRE-III.NFO,07/01/2020,15:03:30,164.3,160.95,6000,161.5,3000,0,48000
APOLLOTYRE-III.NFO,07/01/2020,15:03:35,164.3,160.45,6000,161.4,3000,0,48000
APOLLOTYRE-III.NFO,07/01/2020,15:03:39,164.3,160.85,3000,161.4,3000,0,48000
APOLLOTYRE-III.NFO,07/01/2020,15:03:47,164.3,160.25,9000,161.4,3000,0,48000
APOLLOTYRE-III.NFO,07/01/2020,15:03:52,164.3,160.25,9000,161.4,6000,0,48000
APOLLOTYRE-III.NFO,07/01/2020,15:04:10,164.3,160.25,9000,161.4,9000,0,48000
APOLLOTYRE-III.NFO,07/01/2020,15:04:15,164.3,160.25,15000,161.4,9000,0,48000
APOLLOTYRE-III.NFO,07/01/2020,15:04:40,164.3,160.9,6000,161.95,9000,0,48000
APOLLOTYRE-III.NFO,07/01/2020,15:04:44,164.3,160.9,6000,161.85,9000,0,48000
APOLLOTYRE-III.NFO,07/01/2020,15:04:52,164.3,160.85,6000,161.75,9000,0,48000
APOLLOTYRE-III.NFO,07/01/2020,15:05:00,164.3,160.7,3000,161.75,9000,0,48000
APOLLOTYRE-III.NFO,07/01/2020,15:05:04,164.3,160.8,3000,161.75,9000,0,48000
APOLLOTYRE-III.NFO,07/01/2020,15:05:17,164.3,160.8,3000,161.75,6000,0,48000
APOLLOTYRE-III.NFO,07/01/2020,15:05:20,164.3,160.8,3000,161.75,9000,0,48000
APOLLOTYRE-III.NFO,07/01/2020,15:05:27,164.3,160.85,6000,161.75,9000,0,48000
APOLLOTYRE-III.NFO,07/01/2020,15:05:53,164.3,160.8,3000,161.75,9000,0,48000
APOLLOTYRE-III.NFO,07/01/2020,15:05:57,164.3,160.8,3000,161.75,6000,0,48000
APOLLOTYRE-III.NFO,07/01/2020,15:06:01,164.3,160.8,3000,161.75,9000,0,48000
APOLLOTYRE-III.NFO,07/01/2020,15:06:05,164.3,160.25,12000,161.75,9000,0,48000
APOLLOTYRE-III.NFO,07/01/2020,15:06:10,164.3,160.25,9000,161.75,9000,0,48000
APOLLOTYRE-III.NFO,07/01/2020,15:06:41,164.3,160.25,12000,161.75,9000,0,48000
APOLLOTYRE-III.NFO,07/01/2020,15:07:03,164.3,160.25,12000,161.75,6000,0,48000
APOLLOTYRE-III.NFO,07/01/2020,15:07:08,164.3,160.25,12000,161.65,6000,0,48000
APOLLOTYRE-III.NFO,07/01/2020,15:07:34,164.3,160.25,12000,161.65,9000,0,48000
APOLLOTYRE-III.NFO,07/01/2020,15:07:52,164.3,160.25,12000,161.65,6000,0,48000
APOLLOTYRE-III.NFO,07/01/2020,15:08:03,164.3,160.25,18000,161.65,6000,0,48000
APOLLOTYRE-III.NFO,07/01/2020,15:08:34,164.3,160.25,18000,161.55,6000,0,48000
APOLLOTYRE-III.NFO,07/01/2020,15:10:38,164.3,160.25,18000,161.55,9000,0,48000
APOLLOTYRE-III.NFO,07/01/2020,15:10:42,164.3,160.45,6000,161.45,3000,0,48000
APOLLOTYRE-III.NFO,07/01/2020,15:10:52,164.3,160.55,6000,161.45,3000,0,48000
APOLLOTYRE-III.NFO,07/01/2020,15:11:28,164.3,160.55,6000,161.45,6000,0,48000
APOLLOTYRE-III.NFO,07/01/2020,15:11:35,164.3,160.55,6000,161.35,6000,0,48000
APOLLOTYRE-III.NFO,07/01/2020,15:11:41,164.3,160.55,6000,161.25,3000,0,48000
APOLLOTYRE-III.NFO,07/01/2020,15:12:10,164.3,160.55,6000,162,9000,0,48000
APOLLOTYRE-III.NFO,07/01/2020,15:12:15,164.3,160.55,6000,161.5,6000,0,48000
APOLLOTYRE-III.NFO,07/01/2020,15:13:24,164.3,160.65,6000,161.5,3000,0,48000
APOLLOTYRE-III.NFO,07/01/2020,15:13:34,164.3,160.65,6000,161.55,3000,0,48000
APOLLOTYRE-III.NFO,07/01/2020,15:13:44,164.3,160.75,6000,161.55,3000,0,48000
APOLLOTYRE-III.NFO,07/01/2020,15:13:49,164.3,160.75,6000,161.55,6000,0,48000
APOLLOTYRE-III.NFO,07/01/2020,15:14:03,164.3,160.75,6000,161.55,3000,0,48000
APOLLOTYRE-III.NFO,07/01/2020,15:14:11,164.3,160.75,6000,161.45,3000,0,48000
APOLLOTYRE-III.NFO,07/01/2020,15:14:59,164.3,160.75,6000,161.6,6000,0,48000
APOLLOTYRE-III.NFO,07/01/2020,15:15:11,164.3,160.75,6000,161.6,3000,0,48000
APOLLOTYRE-III.NFO,07/01/2020,15:15:30,164.3,160.75,6000,161.6,6000,0,48000
APOLLOTYRE-III.NFO,07/01/2020,15:16:21,164.3,160.75,3000,161.5,6000,0,48000
APOLLOTYRE-III.NFO,07/01/2020,15:16:28,164.3,160.75,3000,161.4,6000,0,48000
APOLLOTYRE-III.NFO,07/01/2020,15:17:46,164.3,160.75,3000,161.4,3000,0,48000
APOLLOTYRE-III.NFO,07/01/2020,15:18:23,164.3,160.75,3000,162.1,12000,0,48000
APOLLOTYRE-III.NFO,07/01/2020,15:18:33,164.3,160.75,6000,162.1,12000,0,48000
APOLLOTYRE-III.NFO,07/01/2020,15:19:02,164.3,160.75,6000,161.7,6000,0,48000
APOLLOTYRE-III.NFO,07/01/2020,15:19:24,164.3,160.75,6000,161.6,6000,0,48000
APOLLOTYRE-III.NFO,07/01/2020,15:19:29,164.3,160.75,6000,161.6,3000,0,48000
APOLLOTYRE-III.NFO,07/01/2020,15:19:43,164.3,160.75,6000,161.6,6000,0,48000
APOLLOTYRE-III.NFO,07/01/2020,15:19:51,164.3,160.75,6000,161.6,3000,0,48000
APOLLOTYRE-III.NFO,07/01/2020,15:20:45,164.3,160.75,6000,161.6,6000,0,48000
APOLLOTYRE-III.NFO,07/01/2020,15:21:00,164.3,160.75,6000,161.6,3000,0,48000
APOLLOTYRE-III.NFO,07/01/2020,15:21:32,164.3,160.75,6000,162.7,15000,0,48000
APOLLOTYRE-III.NFO,07/01/2020,15:21:37,164.3,160.75,6000,162.7,18000,0,48000
APOLLOTYRE-III.NFO,07/01/2020,15:22:19,164.3,160.85,6000,162.7,18000,0,48000
APOLLOTYRE-III.NFO,07/01/2020,15:22:44,164.3,160.85,6000,162.2,9000,0,48000
APOLLOTYRE-III.NFO,07/01/2020,15:22:49,164.3,160.85,6000,161.7,6000,0,48000
APOLLOTYRE-III.NFO,07/01/2020,15:23:00,164.3,160.85,6000,162.75,18000,0,48000
APOLLOTYRE-III.NFO,07/01/2020,15:27:18,164.3,160.85,3000,162.75,18000,0,48000
APOLLOTYRE-III.NFO,07/01/2020,15:27:23,164.3,160.95,3000,162.75,18000,0,48000
APOLLOTYRE-III.NFO,07/01/2020,15:27:54,164.3,161.05,3000,162.75,18000,0,48000
APOLLOTYRE-III.NFO,07/01/2020,15:29:18,164.3,160.6,6000,162.75,18000,0,48000
APOLLOTYRE-III.NFO,07/01/2020,15:29:54,164.3,160.6,3000,162.75,18000,0,48000
