Ticker,Date,Time,LTP,BuyPrice,BuyQty,SellPrice,SellQty,LTQ,OpenInterest
CANBK-III.NFO,07/01/2020,09:25:03,214,213.75,2600,214.55,5200,2600,18200
CANBK-III.NFO,07/01/2020,09:25:03,214,213.75,2600,214.55,5200,0,18200
CANBK-III.NFO,07/01/2020,09:25:03,214,213.75,2600,214.55,5200,0,18200
CANBK-III.NFO,07/01/2020,09:25:03,214,213.75,2600,214.55,5200,0,18200
CANBK-III.NFO,07/01/2020,09:25:25,214,213.55,2600,214.05,2600,0,18200
CANBK-III.NFO,07/01/2020,09:25:32,214,213.55,2600,214.15,5200,0,18200
CANBK-III.NFO,07/01/2020,09:25:40,214,213.3,2600,213.95,5200,0,18200
CANBK-III.NFO,07/01/2020,09:25:49,214,213.35,5200,214.1,2600,0,18200
CANBK-III.NFO,07/01/2020,09:26:03,214,213.55,2600,213.95,5200,0,18200
CANBK-III.NFO,07/01/2020,09:26:10,214,213.55,2600,213.95,2600,0,18200
CANBK-III.NFO,07/01/2020,09:26:17,214,213.55,2600,214.05,2600,0,18200
CANBK-III.NFO,07/01/2020,09:26:35,214,213.65,2600,214.25,2600,0,18200
CANBK-III.NFO,07/01/2020,09:26:41,214,213.65,2600,214.25,5200,0,18200
CANBK-III.NFO,07/01/2020,09:26:47,214,213.35,2600,214.25,5200,0,18200
CANBK-III.NFO,07/01/2020,09:26:53,214,213.45,2600,214.25,5200,0,18200
CANBK-III.NFO,07/01/2020,09:26:57,214,213.65,2600,214.25,5200,0,18200
CANBK-III.NFO,07/01/2020,09:27:08,214,213.3,5200,214.25,5200,0,18200
CANBK-III.NFO,07/01/2020,09:27:19,214,213.3,5200,214.25,7800,0,18200
CANBK-III.NFO,07/01/2020,09:27:33,214,213.4,2600,214.25,7800,0,18200
CANBK-III.NFO,07/01/2020,09:27:38,214,213.4,2600,214.25,5200,0,18200
CANBK-III.NFO,07/01/2020,09:27:44,214,213.5,2600,214.25,5200,0,18200
CANBK-III.NFO,07/01/2020,09:27:49,214,213.5,2600,214.25,7800,0,18200
CANBK-III.NFO,07/01/2020,09:28:00,214,213.25,2600,213.95,5200,0,18200
CANBK-III.NFO,07/01/2020,09:28:10,214,213.05,2600,213.85,7800,0,18200
CANBK-III.NFO,07/01/2020,09:28:22,214,212.8,2600,213.85,7800,0,18200
CANBK-III.NFO,07/01/2020,09:28:28,214,212.8,2600,213.75,7800,0,18200
CANBK-III.NFO,07/01/2020,09:28:34,214,212.8,2600,213.65,7800,0,18200
CANBK-III.NFO,07/01/2020,09:28:44,214,212.9,2600,213.45,5200,0,18200
CANBK-III.NFO,07/01/2020,09:28:50,214,213,2600,213.55,2600,0,18200
CANBK-III.NFO,07/01/2020,09:28:56,214,213.2,2600,213.75,2600,0,18200
CANBK-III.NFO,07/01/2020,09:29:02,214,213.2,2600,213.7,2600,0,18200
CANBK-III.NFO,07/01/2020,09:29:08,214,213.2,2600,213.85,5200,0,18200
CANBK-III.NFO,07/01/2020,09:29:26,214,213.05,2600,213.85,5200,0,18200
CANBK-III.NFO,07/01/2020,09:29:32,214,213.05,2600,213.85,7800,0,18200
CANBK-III.NFO,07/01/2020,09:29:45,214,212.9,2600,213.85,7800,0,18200
CANBK-III.NFO,07/01/2020,09:30:03,214,213,2600,213.85,5200,0,18200
CANBK-III.NFO,07/01/2020,09:30:10,214,213,2600,213.85,7800,0,18200
CANBK-III.NFO,07/01/2020,09:31:07,214,213.1,2600,213.85,5200,0,18200
CANBK-III.NFO,07/01/2020,09:31:13,214,213.2,2600,213.85,5200,0,18200
CANBK-III.NFO,07/01/2020,09:31:41,214,213.3,2600,213.8,5200,0,18200
CANBK-III.NFO,07/01/2020,09:31:56,214,213.3,2600,213.8,2600,0,18200
CANBK-III.NFO,07/01/2020,09:32:06,214,213.3,2600,213.8,5200,0,18200
CANBK-III.NFO,07/01/2020,09:32:11,214,213.3,2600,213.75,2600,0,18200
CANBK-III.NFO,07/01/2020,09:32:22,214,213.3,2600,213.85,2600,0,18200
CANBK-III.NFO,07/01/2020,09:32:35,214,213.3,2600,213.9,5200,0,18200
CANBK-III.NFO,07/01/2020,09:32:40,214,213.4,2600,213.95,5200,0,18200
CANBK-III.NFO,07/01/2020,09:32:46,214,212.95,5200,213.9,7800,0,18200
CANBK-III.NFO,07/01/2020,09:32:53,214,213.05,2600,213.8,7800,0,18200
CANBK-III.NFO,07/01/2020,09:33:03,214,213.15,2600,213.7,5200,0,18200
CANBK-III.NFO,07/01/2020,09:33:09,214,213,5200,213.6,2600,0,18200
CANBK-III.NFO,07/01/2020,09:33:14,214,213.1,2600,213.75,2600,0,18200
CANBK-III.NFO,07/01/2020,09:33:20,214,213,2600,213.85,7800,0,18200
CANBK-III.NFO,07/01/2020,09:33:26,214,213,5200,213.65,2600,0,18200
CANBK-III.NFO,07/01/2020,09:33:31,214,213.1,2600,213.75,5200,0,18200
CANBK-III.NFO,07/01/2020,09:33:37,214,213.2,2600,213.75,2600,0,18200
CANBK-III.NFO,07/01/2020,09:33:42,214,213.3,2600,213.8,5200,0,18200
CANBK-III.NFO,07/01/2020,09:33:47,214,213.3,2600,213.8,2600,0,18200
CANBK-III.NFO,07/01/2020,09:33:53,214,213.2,2600,213.9,5200,0,18200
CANBK-III.NFO,07/01/2020,09:34:13,214,213.3,2600,213.9,5200,0,18200
CANBK-III.NFO,07/01/2020,09:34:23,214,213.3,2600,213.8,5200,0,18200
CANBK-III.NFO,07/01/2020,09:34:28,214,213.1,2600,213.65,5200,0,18200
CANBK-III.NFO,07/01/2020,09:34:33,214,213,2600,213.55,5200,0,18200
CANBK-III.NFO,07/01/2020,09:34:48,214,213.1,2600,213.65,5200,0,18200
CANBK-III.NFO,07/01/2020,09:34:53,214,213.1,2600,213.55,5200,0,18200
CANBK-III.NFO,07/01/2020,09:35:03,214,212.75,2600,213.55,7800,0,18200
CANBK-III.NFO,07/01/2020,09:35:13,214,212.75,2600,213.55,5200,0,18200
CANBK-III.NFO,07/01/2020,09:35:18,214,212.85,2600,213.55,7800,0,18200
CANBK-III.NFO,07/01/2020,09:35:28,214,212.85,2600,213.45,5200,0,18200
CANBK-III.NFO,07/01/2020,09:35:34,214,212.85,2600,213.45,2600,0,18200
CANBK-III.NFO,07/01/2020,09:35:40,214,212.85,2600,213.3,5200,0,18200
CANBK-III.NFO,07/01/2020,09:35:47,214,211.95,2600,212.6,5200,0,18200
CANBK-III.NFO,07/01/2020,09:36:01,214,212.05,2600,212.75,7800,0,18200
CANBK-III.NFO,07/01/2020,09:36:12,214,212.15,2600,212.7,2600,0,18200
CANBK-III.NFO,07/01/2020,09:36:18,214,212.15,2600,212.8,5200,0,18200
CANBK-III.NFO,07/01/2020,09:36:24,214,211.8,5200,212.6,2600,0,18200
CANBK-III.NFO,07/01/2020,09:36:30,214,211.9,2600,212.6,7800,0,18200
CANBK-III.NFO,07/01/2020,09:36:34,214,212,2600,212.6,5200,0,18200
CANBK-III.NFO,07/01/2020,09:36:39,214,212.1,2600,212.6,2600,0,18200
CANBK-III.NFO,07/01/2020,09:36:44,214,212.2,2600,212.7,2600,0,18200
CANBK-III.NFO,07/01/2020,09:36:49,214,212.05,2600,212.65,2600,0,18200
CANBK-III.NFO,07/01/2020,09:36:54,214,212.15,5200,212.8,2600,0,18200
CANBK-III.NFO,07/01/2020,09:37:05,214,212.15,5200,212.7,2600,0,18200
CANBK-III.NFO,07/01/2020,09:37:09,214,212.25,2600,212.7,2600,0,18200
CANBK-III.NFO,07/01/2020,09:37:24,214,212.1,2600,212.75,2600,0,18200
CANBK-III.NFO,07/01/2020,09:37:34,214,212.1,2600,212.75,5200,0,18200
CANBK-III.NFO,07/01/2020,09:37:39,214,212.1,5200,212.8,5200,0,18200
CANBK-III.NFO,07/01/2020,09:37:44,214,212.1,5200,212.9,2600,0,18200
CANBK-III.NFO,07/01/2020,09:37:50,214,212.1,2600,212.9,2600,0,18200
CANBK-III.NFO,07/01/2020,09:37:53,214,212.2,2600,212.9,2600,0,18200
CANBK-III.NFO,07/01/2020,09:37:58,214,212.3,2600,212.9,2600,0,18200
CANBK-III.NFO,07/01/2020,09:38:02,214,212.4,2600,212.9,2600,0,18200
CANBK-III.NFO,07/01/2020,09:38:07,214,212.5,2600,213,2600,0,18200
CANBK-III.NFO,07/01/2020,09:38:12,214,212.5,5200,213.1,2600,0,18200
CANBK-III.NFO,07/01/2020,09:38:22,214,212.5,5200,213.25,5200,0,18200
CANBK-III.NFO,07/01/2020,09:38:26,214,212.5,5200,213.3,5200,0,18200
CANBK-III.NFO,07/01/2020,09:38:35,214,212.7,2600,213.2,2600,0,18200
CANBK-III.NFO,07/01/2020,09:38:40,214,212.7,2600,213.2,5200,0,18200
CANBK-III.NFO,07/01/2020,09:38:50,214,212.7,2600,213.2,7800,0,18200
CANBK-III.NFO,07/01/2020,09:38:54,214,212.7,2600,213.2,5200,0,18200
CANBK-III.NFO,07/01/2020,09:39:04,214,212.5,5200,213.2,7800,0,18200
CANBK-III.NFO,07/01/2020,09:39:08,214,212.5,2600,213.2,7800,0,18200
CANBK-III.NFO,07/01/2020,09:39:18,214,212.7,2600,213.25,5200,0,18200
CANBK-III.NFO,07/01/2020,09:39:24,214,212.8,2600,213.25,5200,0,18200
CANBK-III.NFO,07/01/2020,09:39:30,214,212.8,2600,213.3,2600,0,18200
CANBK-III.NFO,07/01/2020,09:39:35,214,212.8,2600,213.25,2600,0,18200
CANBK-III.NFO,07/01/2020,09:39:40,214,212.5,2600,213.3,10400,0,18200
CANBK-III.NFO,07/01/2020,09:39:44,214,212.5,2600,213.3,5200,0,18200
CANBK-III.NFO,07/01/2020,09:39:50,214,212.5,7800,213.3,2600,0,18200
CANBK-III.NFO,07/01/2020,09:39:54,214,212.5,7800,213.35,2600,0,18200
CANBK-III.NFO,07/01/2020,09:39:58,214,212.5,7800,213.35,7800,0,18200
CANBK-III.NFO,07/01/2020,09:40:03,214,212.5,7800,213.3,2600,0,18200
CANBK-III.NFO,07/01/2020,09:40:09,214,212.5,7800,213.5,2600,0,18200
CANBK-III.NFO,07/01/2020,09:40:14,214,212.5,7800,213.55,2600,0,18200
CANBK-III.NFO,07/01/2020,09:40:20,214,212.5,7800,213.55,7800,0,18200
CANBK-III.NFO,07/01/2020,09:40:26,214,212.5,7800,213.55,5200,0,18200
CANBK-III.NFO,07/01/2020,09:40:31,214,212.5,7800,213.5,2600,0,18200
CANBK-III.NFO,07/01/2020,09:40:36,214,212.5,7800,213.55,5200,0,18200
CANBK-III.NFO,07/01/2020,09:40:46,214,212.5,7800,213.65,7800,0,18200
CANBK-III.NFO,07/01/2020,09:40:55,214,212.5,7800,213.65,5200,0,18200
CANBK-III.NFO,07/01/2020,09:41:15,214,212.5,7800,213.65,2600,0,18200
CANBK-III.NFO,07/01/2020,09:41:26,214,212.5,7800,213.75,7800,0,18200
CANBK-III.NFO,07/01/2020,09:41:55,214,212.5,7800,213.75,10400,0,18200
CANBK-III.NFO,07/01/2020,09:42:35,214,212.5,7800,213.75,7800,0,18200
CANBK-III.NFO,07/01/2020,09:42:42,214,212.5,7800,213.65,5200,0,18200
CANBK-III.NFO,07/01/2020,09:43:00,214,212.5,7800,213.65,10400,0,18200
CANBK-III.NFO,07/01/2020,09:43:17,214,212.5,7800,213.55,5200,0,18200
CANBK-III.NFO,07/01/2020,09:43:22,214,212.5,7800,213.5,5200,0,18200
CANBK-III.NFO,07/01/2020,09:43:32,214,212.5,7800,213.6,7800,0,18200
CANBK-III.NFO,07/01/2020,09:43:47,214,212.5,7800,213.5,2600,0,18200
CANBK-III.NFO,07/01/2020,09:43:51,214,212.5,7800,213.6,7800,0,18200
CANBK-III.NFO,07/01/2020,09:44:02,214,212.5,7800,213.6,5200,0,18200
CANBK-III.NFO,07/01/2020,09:44:13,214,212.5,7800,213.55,2600,0,18200
CANBK-III.NFO,07/01/2020,09:44:18,214,212.5,7800,213.6,7800,0,18200
CANBK-III.NFO,07/01/2020,09:44:29,214,212.5,7800,213.6,5200,0,18200
CANBK-III.NFO,07/01/2020,09:44:40,214,212.5,7800,213.55,5200,0,18200
CANBK-III.NFO,07/01/2020,09:44:46,214,212.5,7800,213.45,5200,0,18200
CANBK-III.NFO,07/01/2020,09:44:51,214,212.5,7800,213.45,2600,0,18200
CANBK-III.NFO,07/01/2020,09:45:02,214,212.5,7800,213.5,2600,0,18200
CANBK-III.NFO,07/01/2020,09:45:07,214,212.5,7800,213.6,2600,0,18200
CANBK-III.NFO,07/01/2020,09:45:14,214,212.5,7800,213.7,7800,0,18200
CANBK-III.NFO,07/01/2020,09:45:20,214,212.5,7800,213.75,2600,0,18200
CANBK-III.NFO,07/01/2020,09:45:26,214,212.5,7800,213.85,7800,0,18200
CANBK-III.NFO,07/01/2020,09:45:31,214,212.5,7800,213.85,2600,0,18200
CANBK-III.NFO,07/01/2020,09:45:36,214,212.5,7800,213.8,2600,0,18200
CANBK-III.NFO,07/01/2020,09:45:41,214,212.5,7800,213.85,7800,0,18200
CANBK-III.NFO,07/01/2020,09:45:50,214,212.5,7800,213.8,2600,0,18200
CANBK-III.NFO,07/01/2020,09:45:55,214,212.5,7800,213.85,2600,0,18200
CANBK-III.NFO,07/01/2020,09:45:59,214,212.5,7800,213.8,2600,0,18200
CANBK-III.NFO,07/01/2020,09:46:03,214,212.5,7800,213.85,2600,0,18200
CANBK-III.NFO,07/01/2020,09:46:08,214,212.5,7800,213.8,2600,0,18200
CANBK-III.NFO,07/01/2020,09:46:13,214,212.5,7800,213.85,2600,0,18200
CANBK-III.NFO,07/01/2020,09:46:22,214,212.5,7800,213.9,7800,0,18200
CANBK-III.NFO,07/01/2020,09:46:28,214,212.5,7800,213.8,7800,0,18200
CANBK-III.NFO,07/01/2020,09:46:34,214,212.5,7800,213.8,5200,0,18200
CANBK-III.NFO,07/01/2020,09:46:39,214,212.5,7800,213.65,2600,0,18200
CANBK-III.NFO,07/01/2020,09:46:45,214,212.5,7800,213.7,7800,0,18200
CANBK-III.NFO,07/01/2020,09:46:54,214,212.5,7800,213.7,5200,0,18200
CANBK-III.NFO,07/01/2020,09:46:58,214,212.5,7800,213.7,7800,0,18200
CANBK-III.NFO,07/01/2020,09:47:06,214,212.5,7800,213.65,2600,0,18200
CANBK-III.NFO,07/01/2020,09:47:11,214,212.5,7800,213.7,10400,0,18200
CANBK-III.NFO,07/01/2020,09:47:42,214,212.5,7800,213.7,5200,0,18200
CANBK-III.NFO,07/01/2020,09:47:46,214,212.5,7800,213.75,5200,0,18200
CANBK-III.NFO,07/01/2020,09:47:51,214,212.5,7800,213.75,2600,0,18200
CANBK-III.NFO,07/01/2020,09:47:56,214,212.5,7800,213.75,5200,0,18200
CANBK-III.NFO,07/01/2020,09:48:00,214,212.5,7800,213.65,5200,0,18200
CANBK-III.NFO,07/01/2020,09:48:10,214,212.5,7800,213.65,2600,0,18200
CANBK-III.NFO,07/01/2020,09:48:22,214,212.5,7800,213.6,5200,0,18200
CANBK-III.NFO,07/01/2020,09:48:29,214,212.5,7800,213.6,2600,0,18200
CANBK-III.NFO,07/01/2020,09:48:34,214,212.5,7800,213.6,5200,0,18200
CANBK-III.NFO,07/01/2020,09:48:39,214,212.5,7800,213.55,5200,0,18200
CANBK-III.NFO,07/01/2020,09:48:44,214,212.5,7800,213.55,2600,0,18200
CANBK-III.NFO,07/01/2020,09:48:47,214,212.5,7800,213.55,5200,0,18200
CANBK-III.NFO,07/01/2020,09:48:55,214,212.5,7800,213.5,5200,0,18200
CANBK-III.NFO,07/01/2020,09:49:00,214,212.5,7800,213.45,2600,0,18200
CANBK-III.NFO,07/01/2020,09:49:08,214,212.5,7800,213.4,2600,0,18200
CANBK-III.NFO,07/01/2020,09:49:19,214,212.5,7800,213.35,2600,0,18200
CANBK-III.NFO,07/01/2020,09:49:24,214,212.5,7800,213.25,5200,0,18200
CANBK-III.NFO,07/01/2020,09:49:30,214,212.5,7800,213.25,7800,0,18200
CANBK-III.NFO,07/01/2020,09:49:35,214,212.5,5200,213.25,7800,0,18200
CANBK-III.NFO,07/01/2020,09:49:45,214,212.5,5200,213.25,5200,0,18200
CANBK-III.NFO,07/01/2020,09:49:49,214,212.5,5200,213.2,5200,0,18200
CANBK-III.NFO,07/01/2020,09:49:52,214,212.5,7800,213.25,2600,0,18200
CANBK-III.NFO,07/01/2020,09:49:55,214,212.5,7800,213.25,5200,0,18200
CANBK-III.NFO,07/01/2020,09:49:58,214,212.5,7800,213.3,5200,0,18200
CANBK-III.NFO,07/01/2020,09:50:05,214,212.5,7800,213.3,2600,0,18200
CANBK-III.NFO,07/01/2020,09:50:09,214,212.5,5200,213.3,7800,0,18200
CANBK-III.NFO,07/01/2020,09:50:13,214,212.5,7800,213.3,2600,0,18200
CANBK-III.NFO,07/01/2020,09:50:17,214,212.5,7800,213.45,10400,0,18200
CANBK-III.NFO,07/01/2020,09:50:31,214,212.5,5200,213.45,10400,0,18200
CANBK-III.NFO,07/01/2020,09:50:35,214,212.5,5200,213.35,7800,0,18200
CANBK-III.NFO,07/01/2020,09:50:39,214,212.6,2600,213.35,10400,0,18200
CANBK-III.NFO,07/01/2020,09:52:09,214,212.5,2600,213.35,10400,0,18200
CANBK-III.NFO,07/01/2020,09:52:14,214,212.5,2600,213.25,10400,0,18200
CANBK-III.NFO,07/01/2020,09:52:28,214,212.3,2600,213.25,10400,0,18200
CANBK-III.NFO,07/01/2020,09:52:38,214,212.4,2600,213.25,10400,0,18200
CANBK-III.NFO,07/01/2020,09:52:55,214,212.5,2600,213.25,10400,0,18200
CANBK-III.NFO,07/01/2020,09:53:02,214,212.15,2600,213.25,10400,0,18200
CANBK-III.NFO,07/01/2020,09:53:08,214,212.15,2600,212.95,10400,0,18200
CANBK-III.NFO,07/01/2020,09:53:14,214,211.9,5200,212.75,10400,0,18200
CANBK-III.NFO,07/01/2020,09:53:18,214,212,2600,212.75,10400,0,18200
CANBK-III.NFO,07/01/2020,09:53:23,214,212.1,2600,212.65,5200,0,18200
CANBK-III.NFO,07/01/2020,09:53:28,214,212.1,2600,212.7,5200,0,18200
CANBK-III.NFO,07/01/2020,09:53:36,214,212.2,2600,212.65,5200,0,18200
CANBK-III.NFO,07/01/2020,09:53:44,214,212.2,2600,212.65,2600,0,18200
CANBK-III.NFO,07/01/2020,09:53:49,214,212.2,2600,212.65,5200,0,18200
CANBK-III.NFO,07/01/2020,09:53:53,214,212.2,2600,212.65,2600,0,18200
CANBK-III.NFO,07/01/2020,09:53:58,214,212.2,2600,212.7,2600,0,18200
CANBK-III.NFO,07/01/2020,09:54:18,214,212.2,5200,212.75,2600,0,18200
CANBK-III.NFO,07/01/2020,09:54:28,214,212.2,5200,212.8,2600,0,18200
CANBK-III.NFO,07/01/2020,09:54:32,214,212.2,5200,212.85,5200,0,18200
CANBK-III.NFO,07/01/2020,09:54:41,214,212.2,5200,212.85,2600,0,18200
CANBK-III.NFO,07/01/2020,09:54:46,214,212.2,5200,212.9,7800,0,18200
CANBK-III.NFO,07/01/2020,09:55:07,214,212.3,2600,212.9,5200,0,18200
CANBK-III.NFO,07/01/2020,09:55:12,214,212.3,2600,212.8,2600,0,18200
CANBK-III.NFO,07/01/2020,09:55:17,214,212.3,2600,212.8,10400,0,18200
CANBK-III.NFO,07/01/2020,09:55:22,214,212.2,2600,212.8,10400,0,18200
CANBK-III.NFO,07/01/2020,09:55:26,214,211.85,2600,212.8,10400,0,18200
CANBK-III.NFO,07/01/2020,09:55:34,214,211.85,2600,212.7,10400,0,18200
CANBK-III.NFO,07/01/2020,09:55:39,214,211.5,2600,212.4,10400,0,18200
CANBK-III.NFO,07/01/2020,09:55:43,214,211.7,2600,212.4,10400,0,18200
CANBK-III.NFO,07/01/2020,09:55:48,214,211.7,5200,212.4,10400,0,18200
CANBK-III.NFO,07/01/2020,09:55:51,214,211.8,2600,212.4,10400,0,18200
CANBK-III.NFO,07/01/2020,09:55:58,214,211.55,2600,212.2,7800,0,18200
CANBK-III.NFO,07/01/2020,09:56:02,214,211.65,2600,212.2,7800,0,18200
CANBK-III.NFO,07/01/2020,09:56:06,214,211.45,2600,211.85,2600,0,18200
CANBK-III.NFO,07/01/2020,09:56:12,214,211.45,5200,212,2600,0,18200
CANBK-III.NFO,07/01/2020,09:56:16,214,211.55,5200,212.2,10400,0,18200
CANBK-III.NFO,07/01/2020,09:56:21,214,211.55,2600,212.1,7800,0,18200
CANBK-III.NFO,07/01/2020,09:56:27,214,211.65,2600,212.2,5200,0,18200
CANBK-III.NFO,07/01/2020,09:56:31,214,211.65,2600,212.2,2600,0,18200
CANBK-III.NFO,07/01/2020,09:56:39,214,211.65,2600,212.15,5200,0,18200
CANBK-III.NFO,07/01/2020,09:56:44,214,211.65,2600,212.2,2600,0,18200
CANBK-III.NFO,07/01/2020,09:56:48,214,211.65,2600,212.25,5200,0,18200
CANBK-III.NFO,07/01/2020,09:56:52,214,211.65,2600,212.2,2600,0,18200
CANBK-III.NFO,07/01/2020,09:56:57,214,211.65,2600,212.3,5200,0,18200
CANBK-III.NFO,07/01/2020,09:57:01,214,211.65,2600,212.25,5200,0,18200
CANBK-III.NFO,07/01/2020,09:57:06,214,211.65,2600,212.2,2600,0,18200
CANBK-III.NFO,07/01/2020,09:57:10,214,211.65,2600,212.1,2600,0,18200
CANBK-III.NFO,07/01/2020,09:57:15,214,211.65,2600,212.1,7800,0,18200
CANBK-III.NFO,07/01/2020,09:57:23,214,211.65,2600,212.1,5200,0,18200
CANBK-III.NFO,07/01/2020,09:57:27,214,211.65,2600,212.2,7800,0,18200
CANBK-III.NFO,07/01/2020,09:57:31,214,211.65,2600,212.2,10400,0,18200
CANBK-III.NFO,07/01/2020,09:57:34,214,211.65,2600,212.1,2600,0,18200
CANBK-III.NFO,07/01/2020,09:57:36,214,211.65,2600,212.15,2600,0,18200
CANBK-III.NFO,07/01/2020,09:57:38,214,211.65,2600,212.15,5200,0,18200
CANBK-III.NFO,07/01/2020,09:57:41,214,211.65,2600,212.15,2600,0,18200
CANBK-III.NFO,07/01/2020,09:57:46,214,211.65,2600,212.15,5200,0,18200
CANBK-III.NFO,07/01/2020,09:57:49,214,211.35,7800,212.1,10400,0,18200
CANBK-III.NFO,07/01/2020,09:57:53,214,211.35,7800,212.1,5200,0,18200
CANBK-III.NFO,07/01/2020,09:57:56,214,211.45,2600,212.1,10400,0,18200
CANBK-III.NFO,07/01/2020,09:58:01,214,211.25,2600,212.1,10400,0,18200
CANBK-III.NFO,07/01/2020,09:58:24,214,211.25,7800,212.1,10400,0,18200
CANBK-III.NFO,07/01/2020,09:58:42,214,211.15,2600,212,10400,0,18200
CANBK-III.NFO,07/01/2020,09:58:47,214,211.15,2600,211.65,2600,0,18200
CANBK-III.NFO,07/01/2020,09:58:53,214,211.25,5200,211.85,5200,0,18200
CANBK-III.NFO,07/01/2020,09:58:59,214,211.35,2600,212.05,10400,0,18200
CANBK-III.NFO,07/01/2020,09:59:03,214,211.55,2600,212.05,5200,0,18200
CANBK-III.NFO,07/01/2020,09:59:08,214,211.55,2600,212.1,7800,0,18200
CANBK-III.NFO,07/01/2020,09:59:14,214,211.25,7800,212.1,10400,0,18200
CANBK-III.NFO,07/01/2020,09:59:22,214,211.35,2600,212.1,10400,0,18200
CANBK-III.NFO,07/01/2020,09:59:27,214,211.45,2600,212.1,10400,0,18200
CANBK-III.NFO,07/01/2020,09:59:41,214,211.45,2600,212.1,7800,0,18200
CANBK-III.NFO,07/01/2020,10:00:03,214,211.45,2600,212.1,10400,0,18200
CANBK-III.NFO,07/01/2020,10:00:31,214,211.3,2600,212.1,10400,0,18200
CANBK-III.NFO,07/01/2020,10:00:44,214,210.9,2600,211.55,7800,0,18200
CANBK-III.NFO,07/01/2020,10:00:51,214,210.9,2600,211.45,2600,0,18200
CANBK-III.NFO,07/01/2020,10:00:57,214,210.9,2600,211.45,7800,0,18200
CANBK-III.NFO,07/01/2020,10:01:03,214,210.9,7800,211.7,5200,0,18200
CANBK-III.NFO,07/01/2020,10:01:08,214,210.9,7800,211.75,5200,0,18200
CANBK-III.NFO,07/01/2020,10:01:14,214,210.9,7800,211.55,7800,0,18200
CANBK-III.NFO,07/01/2020,10:01:20,214,210.9,5200,211.6,2600,0,18200
CANBK-III.NFO,07/01/2020,10:01:27,214,210.9,5200,211.45,5200,0,18200
CANBK-III.NFO,07/01/2020,10:01:38,214,210.9,5200,211.55,5200,0,18200
CANBK-III.NFO,07/01/2020,10:01:45,214,210.9,7800,211.5,2600,0,18200
CANBK-III.NFO,07/01/2020,10:01:50,214,210.9,5200,211.5,7800,0,18200
CANBK-III.NFO,07/01/2020,10:02:00,214,210.9,5200,211.45,7800,0,18200
CANBK-III.NFO,07/01/2020,10:02:05,214,210.9,5200,211.45,2600,0,18200
CANBK-III.NFO,07/01/2020,10:02:17,214,210.9,5200,211.5,2600,0,18200
CANBK-III.NFO,07/01/2020,10:02:22,214,210.9,5200,211.5,5200,0,18200
CANBK-III.NFO,07/01/2020,10:02:27,214,210.9,5200,211.5,7800,0,18200
CANBK-III.NFO,07/01/2020,10:02:33,214,210.9,2600,211.5,7800,0,18200
CANBK-III.NFO,07/01/2020,10:02:38,214,211.1,5200,211.7,2600,0,18200
CANBK-III.NFO,07/01/2020,10:02:42,214,211.1,2600,211.65,2600,0,18200
CANBK-III.NFO,07/01/2020,10:02:50,214,211.2,2600,211.75,7800,0,18200
CANBK-III.NFO,07/01/2020,10:02:54,214,211.2,2600,211.8,5200,0,18200
CANBK-III.NFO,07/01/2020,10:03:03,214,211.2,2600,211.7,2600,0,18200
CANBK-III.NFO,07/01/2020,10:03:12,214,211.2,2600,211.75,7800,0,18200
CANBK-III.NFO,07/01/2020,10:03:18,214,211.2,2600,211.8,7800,0,18200
CANBK-III.NFO,07/01/2020,10:03:22,214,211.2,5200,211.8,7800,0,18200
CANBK-III.NFO,07/01/2020,10:03:27,214,211.2,2600,211.7,2600,0,18200
CANBK-III.NFO,07/01/2020,10:03:32,214,211.2,2600,211.8,5200,0,18200
CANBK-III.NFO,07/01/2020,10:03:37,214,211.2,2600,211.8,2600,0,18200
CANBK-III.NFO,07/01/2020,10:03:42,214,211.3,2600,211.8,7800,0,18200
CANBK-III.NFO,07/01/2020,10:03:47,214,211.3,2600,211.7,5200,0,18200
CANBK-III.NFO,07/01/2020,10:03:51,214,211.1,2600,211.6,2600,0,18200
CANBK-III.NFO,07/01/2020,10:04:05,214,211.1,2600,211.6,7800,0,18200
CANBK-III.NFO,07/01/2020,10:04:09,214,211.1,2600,211.6,5200,0,18200
CANBK-III.NFO,07/01/2020,10:04:18,214,211.1,2600,211.6,2600,0,18200
CANBK-III.NFO,07/01/2020,10:04:27,214,211.1,2600,211.9,10400,0,18200
CANBK-III.NFO,07/01/2020,10:04:31,214,211.1,5200,211.9,10400,0,18200
CANBK-III.NFO,07/01/2020,10:04:37,214,211.2,2600,211.9,7800,0,18200
CANBK-III.NFO,07/01/2020,10:04:48,214,211.2,2600,211.9,10400,0,18200
CANBK-III.NFO,07/01/2020,10:04:53,214,211.2,5200,211.8,2600,0,18200
CANBK-III.NFO,07/01/2020,10:04:57,214,211.3,2600,211.8,5200,0,18200
CANBK-III.NFO,07/01/2020,10:05:05,214,211.3,2600,211.8,2600,0,18200
CANBK-III.NFO,07/01/2020,10:05:13,214,211.3,2600,211.85,2600,0,18200
CANBK-III.NFO,07/01/2020,10:05:16,214,211.3,2600,211.85,5200,0,18200
CANBK-III.NFO,07/01/2020,10:05:20,214,211.3,2600,211.85,2600,0,18200
CANBK-III.NFO,07/01/2020,10:05:26,214,211.3,2600,211.85,5200,0,18200
CANBK-III.NFO,07/01/2020,10:05:29,214,211.3,2600,211.8,2600,0,18200
CANBK-III.NFO,07/01/2020,10:05:35,214,211.1,2600,211.65,7800,0,18200
CANBK-III.NFO,07/01/2020,10:05:41,214,210.9,2600,211.65,10400,0,18200
CANBK-III.NFO,07/01/2020,10:07:22,214,210.5,5200,211.25,7800,0,18200
CANBK-III.NFO,07/01/2020,10:07:27,214,210.7,2600,211.35,2600,0,18200
CANBK-III.NFO,07/01/2020,10:07:32,214,210.7,2600,211.3,2600,0,18200
CANBK-III.NFO,07/01/2020,10:07:37,214,210.7,5200,211.3,7800,0,18200
CANBK-III.NFO,07/01/2020,10:07:42,214,210.8,2600,211.4,2600,0,18200
CANBK-III.NFO,07/01/2020,10:07:47,214,210.8,2600,211.35,2600,0,18200
CANBK-III.NFO,07/01/2020,10:07:52,214,210.9,2600,211.5,5200,0,18200
CANBK-III.NFO,07/01/2020,10:07:58,214,210.8,5200,211.5,10400,0,18200
CANBK-III.NFO,07/01/2020,10:08:03,214,210.8,2600,211.5,10400,0,18200
CANBK-III.NFO,07/01/2020,10:08:07,214,210.65,2600,211.5,10400,0,18200
CANBK-III.NFO,07/01/2020,10:08:22,214,210.6,2600,211.5,10400,0,18200
CANBK-III.NFO,07/01/2020,10:08:31,214,210.7,2600,211.5,10400,0,18200
CANBK-III.NFO,07/01/2020,10:08:41,214,210.5,2600,211.15,5200,0,18200
CANBK-III.NFO,07/01/2020,10:08:46,214,210.5,2600,211.15,7800,0,18200
CANBK-III.NFO,07/01/2020,10:08:50,214,210.6,2600,211.15,2600,0,18200
CANBK-III.NFO,07/01/2020,10:08:54,214,210.6,7800,211.2,2600,0,18200
CANBK-III.NFO,07/01/2020,10:08:58,214,210.6,7800,211.2,5200,0,18200
CANBK-III.NFO,07/01/2020,10:09:02,214,210.7,2600,211.2,5200,0,18200
CANBK-III.NFO,07/01/2020,10:09:07,214,210.7,2600,211.25,5200,0,18200
CANBK-III.NFO,07/01/2020,10:09:11,214,210.7,2600,211.25,10400,0,18200
CANBK-III.NFO,07/01/2020,10:09:20,214,210.5,2600,211.25,10400,0,18200
CANBK-III.NFO,07/01/2020,10:09:43,214,210.5,5200,211.25,10400,0,18200
CANBK-III.NFO,07/01/2020,10:10:00,214,210.5,7800,211.2,5200,0,18200
CANBK-III.NFO,07/01/2020,10:10:06,214,210.5,7800,211.3,5200,0,18200
CANBK-III.NFO,07/01/2020,10:10:12,214,210.5,7800,211.3,10400,0,18200
CANBK-III.NFO,07/01/2020,10:10:17,214,210.6,2600,211.3,10400,0,18200
CANBK-III.NFO,07/01/2020,10:10:21,214,210.7,2600,211.3,10400,0,18200
CANBK-III.NFO,07/01/2020,10:10:29,214,210.6,2600,211.3,10400,0,18200
CANBK-III.NFO,07/01/2020,10:10:41,214,210.6,5200,211.3,10400,0,18200
CANBK-III.NFO,07/01/2020,10:10:45,214,210.6,5200,211.2,2600,0,18200
CANBK-III.NFO,07/01/2020,10:10:48,214,210.8,2600,211.3,5200,0,18200
CANBK-III.NFO,07/01/2020,10:10:55,214,210.8,2600,211.3,10400,0,18200
CANBK-III.NFO,07/01/2020,10:10:58,214,210.8,2600,211.3,7800,0,18200
CANBK-III.NFO,07/01/2020,10:11:09,214,210.8,2600,211.3,5200,0,18200
CANBK-III.NFO,07/01/2020,10:11:13,214,210.85,2600,211.45,7800,0,18200
CANBK-III.NFO,07/01/2020,10:11:18,214,210.95,2600,211.4,2600,0,18200
CANBK-III.NFO,07/01/2020,10:11:22,214,210.95,2600,211.55,5200,0,18200
CANBK-III.NFO,07/01/2020,10:11:37,214,211.15,2600,211.5,2600,0,18200
CANBK-III.NFO,07/01/2020,10:11:41,214,211.15,2600,211.65,5200,0,18200
CANBK-III.NFO,07/01/2020,10:11:46,214,211.15,2600,211.5,5200,0,18200
CANBK-III.NFO,07/01/2020,10:11:49,214,211.15,2600,211.55,2600,0,18200
CANBK-III.NFO,07/01/2020,10:11:53,214,211.15,2600,211.55,7800,0,18200
CANBK-III.NFO,07/01/2020,10:11:58,214,211.05,5200,211.55,7800,0,18200
CANBK-III.NFO,07/01/2020,10:12:02,214,211.05,5200,211.55,5200,0,18200
CANBK-III.NFO,07/01/2020,10:12:10,214,211.05,5200,211.6,5200,0,18200
CANBK-III.NFO,07/01/2020,10:12:14,214,211.05,5200,211.55,5200,0,18200
CANBK-III.NFO,07/01/2020,10:12:26,214,211.05,5200,211.55,2600,0,18200
CANBK-III.NFO,07/01/2020,10:12:31,214,211.05,5200,211.65,5200,0,18200
CANBK-III.NFO,07/01/2020,10:12:47,214,211.05,7800,211.7,2600,0,18200
CANBK-III.NFO,07/01/2020,10:12:51,214,211.05,7800,211.75,5200,0,18200
CANBK-III.NFO,07/01/2020,10:13:11,214,211.05,5200,211.75,10400,0,18200
CANBK-III.NFO,07/01/2020,10:13:21,214,211.05,5200,211.75,7800,0,18200
CANBK-III.NFO,07/01/2020,10:13:25,214,211.05,5200,211.75,10400,0,18200
CANBK-III.NFO,07/01/2020,10:13:45,214,211.05,7800,211.65,2600,0,18200
CANBK-III.NFO,07/01/2020,10:13:50,214,211.05,7800,211.8,5200,0,18200
CANBK-III.NFO,07/01/2020,10:13:56,214,211.05,7800,211.75,2600,0,18200
CANBK-III.NFO,07/01/2020,10:14:05,214,211.25,2600,211.75,2600,0,18200
CANBK-III.NFO,07/01/2020,10:14:16,214,211.25,5200,211.75,2600,0,18200
CANBK-III.NFO,07/01/2020,10:14:21,214,211.25,2600,211.8,5200,0,18200
CANBK-III.NFO,07/01/2020,10:14:26,214,211.25,2600,211.7,2600,0,18200
CANBK-III.NFO,07/01/2020,10:14:31,214,211.25,2600,211.7,5200,0,18200
CANBK-III.NFO,07/01/2020,10:14:50,214,211.25,2600,211.7,2600,0,18200
CANBK-III.NFO,07/01/2020,10:14:55,214,211.25,2600,211.75,2600,0,18200
CANBK-III.NFO,07/01/2020,10:14:59,214,211.25,2600,211.75,7800,0,18200
CANBK-III.NFO,07/01/2020,10:15:04,214,211.1,2600,211.75,10400,0,18200
CANBK-III.NFO,07/01/2020,10:15:10,214,211.2,2600,211.75,5200,0,18200
CANBK-III.NFO,07/01/2020,10:15:25,214,211.3,2600,211.8,5200,0,18200
CANBK-III.NFO,07/01/2020,10:15:30,214,211.3,2600,211.8,7800,0,18200
CANBK-III.NFO,07/01/2020,10:15:35,214,211.3,5200,211.7,2600,0,18200
CANBK-III.NFO,07/01/2020,10:15:40,214,211.3,5200,211.8,5200,0,18200
CANBK-III.NFO,07/01/2020,10:15:50,214,211.2,2600,211.8,10400,0,18200
CANBK-III.NFO,07/01/2020,10:16:05,214,211.1,2600,211.8,10400,0,18200
CANBK-III.NFO,07/01/2020,10:16:51,214,211.1,7800,211.7,7800,0,18200
CANBK-III.NFO,07/01/2020,10:16:56,214,211.1,2600,211.7,7800,0,18200
CANBK-III.NFO,07/01/2020,10:17:03,214,211.2,2600,211.7,7800,0,18200
CANBK-III.NFO,07/01/2020,10:17:11,214,211.2,2600,211.6,2600,0,18200
CANBK-III.NFO,07/01/2020,10:17:23,214,211.05,2600,211.5,2600,0,18200
CANBK-III.NFO,07/01/2020,10:17:27,214,211.05,2600,211.5,5200,0,18200
CANBK-III.NFO,07/01/2020,10:17:36,214,211.05,2600,211.5,2600,0,18200
CANBK-III.NFO,07/01/2020,10:17:48,214,211.05,2600,211.5,5200,0,18200
CANBK-III.NFO,07/01/2020,10:17:52,214,211.05,2600,211.5,7800,0,18200
CANBK-III.NFO,07/01/2020,10:18:31,214,211.05,2600,211.65,5200,0,18200
CANBK-III.NFO,07/01/2020,10:18:36,214,211.05,2600,211.65,7800,0,18200
CANBK-III.NFO,07/01/2020,10:18:46,214,211.05,2600,211.5,7800,0,18200
CANBK-III.NFO,07/01/2020,10:18:51,214,211.05,2600,211.5,5200,0,18200
CANBK-III.NFO,07/01/2020,10:19:23,214,210.8,7800,211.5,5200,0,18200
CANBK-III.NFO,07/01/2020,10:19:41,214,210.8,5200,211.4,5200,0,18200
CANBK-III.NFO,07/01/2020,10:19:50,214,210.8,7800,211.5,7800,0,18200
CANBK-III.NFO,07/01/2020,10:19:59,214,210.8,7800,211.4,2600,0,18200
CANBK-III.NFO,07/01/2020,10:20:04,214,210.8,7800,211.5,2600,0,18200
CANBK-III.NFO,07/01/2020,10:20:08,214,210.8,7800,211.5,5200,0,18200
CANBK-III.NFO,07/01/2020,10:20:13,214,210.8,7800,211.5,2600,0,18200
CANBK-III.NFO,07/01/2020,10:20:18,214,210.8,10400,211.55,2600,0,18200
CANBK-III.NFO,07/01/2020,10:20:45,214,210.8,10400,211.6,5200,0,18200
CANBK-III.NFO,07/01/2020,10:20:53,214,210.8,10400,211.6,2600,0,18200
CANBK-III.NFO,07/01/2020,10:20:56,214,210.8,10400,211.7,2600,0,18200
CANBK-III.NFO,07/01/2020,10:21:11,214,210.8,10400,211.8,7800,0,18200
CANBK-III.NFO,07/01/2020,10:21:19,214,210.8,10400,211.8,5200,0,18200
CANBK-III.NFO,07/01/2020,10:21:55,214,210.8,10400,211.7,5200,0,18200
CANBK-III.NFO,07/01/2020,10:22:07,214,210.8,10400,211.75,10400,0,18200
CANBK-III.NFO,07/01/2020,10:22:17,214,210.8,10400,211.75,7800,0,18200
CANBK-III.NFO,07/01/2020,10:22:33,214,210.8,10400,211.75,2600,0,18200
CANBK-III.NFO,07/01/2020,10:22:48,214,210.8,7800,211.75,13000,0,18200
CANBK-III.NFO,07/01/2020,10:23:04,214,210.8,10400,211.65,10400,0,18200
CANBK-III.NFO,07/01/2020,10:23:22,214,210.8,10400,211.7,5200,0,18200
CANBK-III.NFO,07/01/2020,10:23:32,214,210.8,10400,211.65,5200,0,18200
CANBK-III.NFO,07/01/2020,10:23:40,214,210.8,10400,211.65,10400,0,18200
CANBK-III.NFO,07/01/2020,10:23:57,214,210.8,10400,211.6,2600,0,18200
CANBK-III.NFO,07/01/2020,10:24:01,214,210.8,10400,211.55,5200,0,18200
CANBK-III.NFO,07/01/2020,10:24:13,214,210.8,7800,211.45,7800,0,18200
CANBK-III.NFO,07/01/2020,10:24:17,214,210.8,7800,211.45,2600,0,18200
CANBK-III.NFO,07/01/2020,10:24:51,214,210.8,7800,211.5,2600,0,18200
CANBK-III.NFO,07/01/2020,10:24:54,214,210.8,7800,211.45,7800,0,18200
CANBK-III.NFO,07/01/2020,10:24:58,214,210.8,7800,211.45,10400,0,18200
CANBK-III.NFO,07/01/2020,10:25:10,214,210.9,2600,211.45,7800,0,18200
CANBK-III.NFO,07/01/2020,10:25:18,214,210.9,2600,211.35,5200,0,18200
CANBK-III.NFO,07/01/2020,10:25:32,214,210.9,2600,211.35,10400,0,18200
CANBK-III.NFO,07/01/2020,10:25:38,214,210.6,2600,211.35,13000,0,18200
CANBK-III.NFO,07/01/2020,10:25:48,214,210.6,5200,211.15,2600,0,18200
CANBK-III.NFO,07/01/2020,10:25:57,214,210.6,2600,211.15,10400,0,18200
CANBK-III.NFO,07/01/2020,10:26:01,214,210.6,2600,211.15,7800,0,18200
CANBK-III.NFO,07/01/2020,10:26:10,214,210.6,5200,211.15,7800,0,18200
CANBK-III.NFO,07/01/2020,10:26:29,214,210.6,5200,211.15,5200,0,18200
CANBK-III.NFO,07/01/2020,10:26:42,214,210.6,5200,211.15,2600,0,18200
CANBK-III.NFO,07/01/2020,10:27:02,214,210.6,7800,211.25,5200,0,18200
CANBK-III.NFO,07/01/2020,10:27:06,214,210.6,7800,211.2,2600,0,18200
CANBK-III.NFO,07/01/2020,10:27:13,214,210.6,7800,211.25,2600,0,18200
CANBK-III.NFO,07/01/2020,10:27:36,214,210.6,7800,211.3,5200,0,18200
CANBK-III.NFO,07/01/2020,10:28:15,214,210.6,10400,211.4,5200,0,18200
CANBK-III.NFO,07/01/2020,10:28:27,214,210.6,10400,211.45,5200,0,18200
CANBK-III.NFO,07/01/2020,10:28:31,214,210.6,10400,211.4,2600,0,18200
CANBK-III.NFO,07/01/2020,10:29:07,214,210.6,10400,211.45,10400,0,18200
CANBK-III.NFO,07/01/2020,10:29:33,214,210.6,10400,211.45,7800,0,18200
CANBK-III.NFO,07/01/2020,10:29:37,214,210.6,10400,211.45,5200,0,18200
CANBK-III.NFO,07/01/2020,10:29:41,214,210.6,10400,211.45,7800,0,18200
CANBK-III.NFO,07/01/2020,10:29:56,214,210.6,10400,211.45,2600,0,18200
CANBK-III.NFO,07/01/2020,10:30:03,214,210.6,10400,211.45,10400,0,18200
CANBK-III.NFO,07/01/2020,10:30:06,214,210.6,10400,211.45,2600,0,18200
CANBK-III.NFO,07/01/2020,10:30:20,214,210.6,10400,211.45,10400,0,18200
CANBK-III.NFO,07/01/2020,10:30:23,214,210.6,10400,211.45,2600,0,18200
CANBK-III.NFO,07/01/2020,10:30:31,214,210.6,10400,211.5,2600,0,18200
CANBK-III.NFO,07/01/2020,10:30:43,214,210.6,10400,211.55,2600,0,18200
CANBK-III.NFO,07/01/2020,10:30:56,214,210.6,10400,211.6,2600,0,18200
CANBK-III.NFO,07/01/2020,10:31:16,214,210.6,10400,211.55,2600,0,18200
CANBK-III.NFO,07/01/2020,10:31:33,214,210.6,10400,211.6,2600,0,18200
CANBK-III.NFO,07/01/2020,10:31:38,214,210.6,10400,211.55,10400,0,18200
CANBK-III.NFO,07/01/2020,10:31:48,214,210.6,10400,211.6,7800,0,18200
CANBK-III.NFO,07/01/2020,10:31:53,214,210.6,10400,211.65,10400,0,18200
CANBK-III.NFO,07/01/2020,10:32:00,214,210.6,10400,211.55,5200,0,18200
CANBK-III.NFO,07/01/2020,10:32:13,214,210.6,10400,211.45,2600,0,18200
CANBK-III.NFO,07/01/2020,10:32:17,214,210.6,10400,211.5,5200,0,18200
CANBK-III.NFO,07/01/2020,10:32:22,214,210.6,10400,211.5,10400,0,18200
CANBK-III.NFO,07/01/2020,10:32:31,214,210.6,7800,211.4,2600,0,18200
CANBK-III.NFO,07/01/2020,10:32:35,214,210.6,7800,211.3,2600,0,18200
CANBK-III.NFO,07/01/2020,10:32:42,214,210.6,7800,211.35,2600,0,18200
CANBK-III.NFO,07/01/2020,10:32:57,214,210.6,10400,211.35,2600,0,18200
CANBK-III.NFO,07/01/2020,10:33:01,214,210.6,7800,211.35,2600,0,18200
CANBK-III.NFO,07/01/2020,10:33:07,214,210.6,10400,211.35,2600,0,18200
CANBK-III.NFO,07/01/2020,10:33:15,214,210.6,7800,211.35,2600,0,18200
CANBK-III.NFO,07/01/2020,10:33:20,214,210.6,10400,211.35,2600,0,18200
CANBK-III.NFO,07/01/2020,10:33:26,214,210.6,10400,211.5,5200,0,18200
CANBK-III.NFO,07/01/2020,10:33:32,214,210.6,10400,211.45,2600,0,18200
CANBK-III.NFO,07/01/2020,10:33:47,214,210.6,10400,211.4,2600,0,18200
CANBK-III.NFO,07/01/2020,10:33:49,214,210.6,10400,211.45,5200,0,18200
CANBK-III.NFO,07/01/2020,10:33:55,214,210.6,10400,211.4,7800,0,18200
CANBK-III.NFO,07/01/2020,10:34:08,214,210.6,10400,211.45,7800,0,18200
CANBK-III.NFO,07/01/2020,10:34:11,214,210.6,10400,211.4,2600,0,18200
CANBK-III.NFO,07/01/2020,10:34:13,214,210.6,10400,211.35,2600,0,18200
CANBK-III.NFO,07/01/2020,10:34:15,214,210.6,10400,211.4,2600,0,18200
CANBK-III.NFO,07/01/2020,10:34:19,214,210.6,10400,211.45,7800,0,18200
CANBK-III.NFO,07/01/2020,10:34:31,214,210.6,7800,211.45,7800,0,18200
CANBK-III.NFO,07/01/2020,10:34:34,214,210.6,10400,211.45,7800,0,18200
CANBK-III.NFO,07/01/2020,10:34:43,214,210.6,7800,211.45,13000,0,18200
CANBK-III.NFO,07/01/2020,10:35:16,214,210.6,10400,211.45,13000,0,18200
CANBK-III.NFO,07/01/2020,10:35:18,214,210.6,7800,211.45,13000,0,18200
CANBK-III.NFO,07/01/2020,10:35:23,214,210.6,10400,211.45,13000,0,18200
CANBK-III.NFO,07/01/2020,10:35:35,214,210.6,7800,211.45,13000,0,18200
CANBK-III.NFO,07/01/2020,10:35:55,214,210.6,10400,211.45,13000,0,18200
CANBK-III.NFO,07/01/2020,10:36:07,214,210.6,7800,211.45,13000,0,18200
CANBK-III.NFO,07/01/2020,10:36:18,214,210.6,10400,211.45,13000,0,18200
CANBK-III.NFO,07/01/2020,10:36:32,214,210.6,10400,211.35,7800,0,18200
CANBK-III.NFO,07/01/2020,10:36:43,214,210.6,10400,211.35,5200,0,18200
CANBK-III.NFO,07/01/2020,10:37:31,214,210.6,10400,211.4,10400,0,18200
CANBK-III.NFO,07/01/2020,10:37:36,214,210.6,10400,211.4,7800,0,18200
CANBK-III.NFO,07/01/2020,10:37:43,214,210.6,10400,211.45,10400,0,18200
CANBK-III.NFO,07/01/2020,10:37:48,214,210.6,10400,211.45,13000,0,18200
CANBK-III.NFO,07/01/2020,10:37:55,214,210.6,10400,211.45,7800,0,18200
CANBK-III.NFO,07/01/2020,10:38:26,214,210.6,10400,211.35,5200,0,18200
CANBK-III.NFO,07/01/2020,10:38:29,214,210.6,10400,211.45,7800,0,18200
CANBK-III.NFO,07/01/2020,10:39:06,214,210.6,7800,211.45,13000,0,18200
CANBK-III.NFO,07/01/2020,10:39:09,214,210.6,5200,211.45,13000,0,18200
CANBK-III.NFO,07/01/2020,10:39:20,214,210.6,2600,211.45,13000,0,18200
CANBK-III.NFO,07/01/2020,10:39:25,214,210.6,2600,211.35,13000,0,18200
CANBK-III.NFO,07/01/2020,10:39:28,214,210.55,2600,211.35,13000,0,18200
CANBK-III.NFO,07/01/2020,10:40:38,214,210.55,7800,211.35,13000,0,18200
CANBK-III.NFO,07/01/2020,10:40:43,214,210.55,7800,211.15,5200,0,18200
CANBK-III.NFO,07/01/2020,10:40:51,214,210.55,7800,211.3,2600,0,18200
CANBK-III.NFO,07/01/2020,10:40:56,214,210.55,7800,211.3,10400,0,18200
CANBK-III.NFO,07/01/2020,10:41:13,214,210.55,7800,211.3,5200,0,18200
CANBK-III.NFO,07/01/2020,10:41:17,214,210.55,7800,211.2,10400,0,18200
CANBK-III.NFO,07/01/2020,10:41:30,214,210.55,7800,211.2,7800,0,18200
CANBK-III.NFO,07/01/2020,10:41:33,214,210.55,7800,211.2,10400,0,18200
CANBK-III.NFO,07/01/2020,10:41:36,214,210.55,2600,211.2,10400,0,18200
CANBK-III.NFO,07/01/2020,10:41:39,214,210.65,2600,211.2,10400,0,18200
CANBK-III.NFO,07/01/2020,10:41:42,214,210.65,2600,211.2,13000,0,18200
CANBK-III.NFO,07/01/2020,10:41:51,214,210.5,5200,211.2,13000,0,18200
CANBK-III.NFO,07/01/2020,10:42:00,214,210.5,5200,211.1,7800,0,18200
CANBK-III.NFO,07/01/2020,10:42:10,214,210.5,2600,211,2600,0,18200
CANBK-III.NFO,07/01/2020,10:42:13,214,210.5,2600,210.85,2600,0,18200
CANBK-III.NFO,07/01/2020,10:42:16,214,210.5,2600,211.05,2600,0,18200
CANBK-III.NFO,07/01/2020,10:42:21,214,210.5,2600,211.05,7800,0,18200
CANBK-III.NFO,07/01/2020,10:42:30,214,210.5,2600,211.05,10400,0,18200
CANBK-III.NFO,07/01/2020,10:42:38,214,210.5,2600,211.05,13000,0,18200
CANBK-III.NFO,07/01/2020,10:42:41,214,210.5,2600,211.05,7800,0,18200
CANBK-III.NFO,07/01/2020,10:42:45,214,210.4,5200,211.05,13000,0,18200
CANBK-III.NFO,07/01/2020,10:42:57,214,210.4,5200,210.95,2600,0,18200
CANBK-III.NFO,07/01/2020,10:43:12,214,210.4,5200,210.95,7800,0,18200
CANBK-III.NFO,07/01/2020,10:43:14,214,210.4,5200,210.95,2600,0,18200
CANBK-III.NFO,07/01/2020,10:43:22,214,210.4,5200,210.95,7800,0,18200
CANBK-III.NFO,07/01/2020,10:43:25,214,210.4,5200,210.95,2600,0,18200
CANBK-III.NFO,07/01/2020,10:43:34,214,210.4,5200,210.95,10400,0,18200
CANBK-III.NFO,07/01/2020,10:43:40,214,210.4,5200,210.8,2600,0,18200
CANBK-III.NFO,07/01/2020,10:43:47,214,210.4,2600,210.8,7800,0,18200
CANBK-III.NFO,07/01/2020,10:43:50,214,210.2,2600,210.8,10400,0,18200
CANBK-III.NFO,07/01/2020,10:43:52,214,210.2,2600,210.8,7800,0,18200
CANBK-III.NFO,07/01/2020,10:43:57,214,210.2,2600,210.8,10400,0,18200
CANBK-III.NFO,07/01/2020,10:44:00,214,210.2,2600,210.8,7800,0,18200
CANBK-III.NFO,07/01/2020,10:44:02,214,210.2,2600,210.8,10400,0,18200
CANBK-III.NFO,07/01/2020,10:44:09,214,210.2,2600,210.7,2600,0,18200
CANBK-III.NFO,07/01/2020,10:44:12,214,210.3,2600,210.75,2600,0,18200
CANBK-III.NFO,07/01/2020,10:44:16,214,210.3,2600,210.75,5200,0,18200
CANBK-III.NFO,07/01/2020,10:44:22,214,210.4,2600,210.75,5200,0,18200
CANBK-III.NFO,07/01/2020,10:44:24,214,210.4,2600,210.75,2600,0,18200
CANBK-III.NFO,07/01/2020,10:44:32,214,210.4,2600,210.8,7800,0,18200
CANBK-III.NFO,07/01/2020,10:44:35,214,210.4,2600,210.8,10400,0,18200
CANBK-III.NFO,07/01/2020,10:44:41,214,210.3,2600,210.8,13000,0,18200
CANBK-III.NFO,07/01/2020,10:44:44,214,210.1,2600,210.8,13000,0,18200
CANBK-III.NFO,07/01/2020,10:44:52,214,210.2,2600,210.8,13000,0,18200
CANBK-III.NFO,07/01/2020,10:44:57,214,210.3,2600,210.7,5200,0,18200
CANBK-III.NFO,07/01/2020,10:45:01,214,210.2,2600,210.6,2600,0,18200
CANBK-III.NFO,07/01/2020,10:45:06,214,210.2,2600,210.65,7800,0,18200
CANBK-III.NFO,07/01/2020,10:45:09,214,210,2600,210.65,13000,0,18200
CANBK-III.NFO,07/01/2020,10:45:18,214,210.1,2600,210.65,13000,0,18200
CANBK-III.NFO,07/01/2020,10:45:28,214,210,2600,210.65,13000,0,18200
CANBK-III.NFO,07/01/2020,10:45:42,214,210.1,2600,210.65,13000,0,18200
CANBK-III.NFO,07/01/2020,10:45:46,214,210.2,2600,210.75,5200,0,18200
CANBK-III.NFO,07/01/2020,10:45:49,214,210.2,2600,210.7,2600,0,18200
CANBK-III.NFO,07/01/2020,10:46:04,214,210.2,2600,210.75,2600,0,18200
CANBK-III.NFO,07/01/2020,10:46:08,214,210.3,2600,210.75,2600,0,18200
CANBK-III.NFO,07/01/2020,10:46:13,214,210.3,2600,210.75,5200,0,18200
CANBK-III.NFO,07/01/2020,10:46:16,214,210.3,2600,210.75,2600,0,18200
CANBK-III.NFO,07/01/2020,10:46:35,214,210.3,2600,210.8,2600,0,18200
CANBK-III.NFO,07/01/2020,10:46:38,214,210.3,2600,210.8,5200,0,18200
CANBK-III.NFO,07/01/2020,10:47:00,214,210.3,2600,210.8,2600,0,18200
CANBK-III.NFO,07/01/2020,10:47:08,214,210.35,2600,210.8,2600,0,18200
CANBK-III.NFO,07/01/2020,10:47:17,214,210.35,2600,210.9,10400,0,18200
CANBK-III.NFO,07/01/2020,10:47:25,214,210.45,2600,210.9,5200,0,18200
CANBK-III.NFO,07/01/2020,10:47:28,214,210.45,2600,210.9,7800,0,18200
CANBK-III.NFO,07/01/2020,10:47:36,214,210.45,2600,210.9,5200,0,18200
CANBK-III.NFO,07/01/2020,10:47:40,214,210.3,2600,210.85,2600,0,18200
CANBK-III.NFO,07/01/2020,10:47:43,214,210.4,2600,210.85,2600,0,18200
CANBK-III.NFO,07/01/2020,10:47:46,214,210.4,2600,210.85,10400,0,18200
CANBK-III.NFO,07/01/2020,10:47:49,214,210.2,2600,210.75,5200,0,18200
CANBK-III.NFO,07/01/2020,10:47:52,214,210.2,2600,210.7,5200,0,18200
CANBK-III.NFO,07/01/2020,10:47:59,214,210.3,2600,210.8,5200,0,18200
CANBK-III.NFO,07/01/2020,10:48:04,214,210.3,2600,210.7,5200,0,18200
CANBK-III.NFO,07/01/2020,10:48:16,214,210.3,2600,210.75,10400,0,18200
CANBK-III.NFO,07/01/2020,10:48:20,214,210.3,2600,210.7,2600,0,18200
CANBK-III.NFO,07/01/2020,10:48:31,214,210.3,2600,210.65,5200,0,18200
CANBK-III.NFO,07/01/2020,10:48:36,214,209.95,5200,210.5,2600,0,18200
CANBK-III.NFO,07/01/2020,10:48:41,214,210.05,2600,210.55,5200,0,18200
CANBK-III.NFO,07/01/2020,10:48:45,214,210.05,2600,210.6,5200,0,18200
CANBK-III.NFO,07/01/2020,10:48:52,214,210.15,2600,210.6,2600,0,18200
CANBK-III.NFO,07/01/2020,10:48:56,214,210.15,2600,210.6,7800,0,18200
CANBK-III.NFO,07/01/2020,10:49:21,214,210.1,2600,210.6,7800,0,18200
CANBK-III.NFO,07/01/2020,10:49:28,214,210.1,2600,210.6,13000,0,18200
CANBK-III.NFO,07/01/2020,10:49:32,214,210.1,2600,210.6,10400,0,18200
CANBK-III.NFO,07/01/2020,10:49:38,214,210.1,5200,210.6,10400,0,18200
CANBK-III.NFO,07/01/2020,10:49:41,214,210.1,5200,210.5,2600,0,18200
CANBK-III.NFO,07/01/2020,10:49:45,214,210.1,5200,210.5,10400,0,18200
CANBK-III.NFO,07/01/2020,10:49:54,214,210.1,5200,210.5,7800,0,18200
CANBK-III.NFO,07/01/2020,10:49:59,214,209.85,2600,210.5,13000,0,18200
CANBK-III.NFO,07/01/2020,10:50:06,214,209.85,2600,210.3,7800,0,18200
CANBK-III.NFO,07/01/2020,10:50:11,214,209.85,2600,210.45,7800,0,18200
CANBK-III.NFO,07/01/2020,10:50:17,214,209.85,2600,210.3,2600,0,18200
CANBK-III.NFO,07/01/2020,10:50:22,214,209.65,2600,210.15,7800,0,18200
CANBK-III.NFO,07/01/2020,10:50:27,214,209.65,2600,210.2,10400,0,18200
CANBK-III.NFO,07/01/2020,10:50:30,214,209.65,2600,210.1,5200,0,18200
CANBK-III.NFO,07/01/2020,10:50:34,214,209.65,2600,210.15,5200,0,18200
CANBK-III.NFO,07/01/2020,10:50:43,214,209.75,2600,210.1,5200,0,18200
CANBK-III.NFO,07/01/2020,10:50:47,214,209.75,2600,210.1,2600,0,18200
CANBK-III.NFO,07/01/2020,10:50:50,214,209.55,2600,210.2,13000,0,18200
CANBK-III.NFO,07/01/2020,10:50:53,214,209.55,7800,210.2,2600,0,18200
CANBK-III.NFO,07/01/2020,10:51:05,214,209.75,2600,210.25,7800,0,18200
CANBK-III.NFO,07/01/2020,10:51:09,214,209.65,2600,210.25,13000,0,18200
CANBK-III.NFO,07/01/2020,10:51:12,214,209.75,2600,210.2,10400,0,18200
CANBK-III.NFO,07/01/2020,10:51:19,214,209.75,2600,210.15,10400,0,18200
CANBK-III.NFO,07/01/2020,10:51:29,214,209.6,5200,210.15,10400,0,18200
CANBK-III.NFO,07/01/2020,10:51:33,214,209.6,2600,210.15,2600,0,18200
CANBK-III.NFO,07/01/2020,10:51:36,214,209.7,2600,210.15,5200,0,18200
CANBK-III.NFO,07/01/2020,10:51:40,214,209.7,2600,210.2,5200,0,18200
CANBK-III.NFO,07/01/2020,10:51:44,214,209.8,2600,210.25,2600,0,18200
CANBK-III.NFO,07/01/2020,10:51:48,214,209.65,2600,210.15,2600,0,18200
CANBK-III.NFO,07/01/2020,10:51:52,214,209.65,2600,210.1,10400,0,18200
CANBK-III.NFO,07/01/2020,10:51:57,214,209.4,2600,209.95,7800,0,18200
CANBK-III.NFO,07/01/2020,10:52:02,214,209.4,2600,209.95,5200,0,18200
CANBK-III.NFO,07/01/2020,10:52:07,214,209.4,5200,209.85,2600,0,18200
CANBK-III.NFO,07/01/2020,10:52:12,214,209.4,5200,209.9,2600,0,18200
CANBK-III.NFO,07/01/2020,10:52:17,214,209.4,7800,210,5200,0,18200
CANBK-III.NFO,07/01/2020,10:52:22,214,209.4,7800,210,7800,0,18200
CANBK-III.NFO,07/01/2020,10:52:27,214,209.4,2600,209.95,10400,0,18200
CANBK-III.NFO,07/01/2020,10:52:38,214,209.4,5200,209.95,2600,0,18200
CANBK-III.NFO,07/01/2020,10:52:42,214,209.4,5200,210,5200,0,18200
CANBK-III.NFO,07/01/2020,10:52:46,214,209.4,7800,210,5200,0,18200
CANBK-III.NFO,07/01/2020,10:52:50,214,209.4,7800,210,7800,0,18200
CANBK-III.NFO,07/01/2020,10:52:54,214,209.4,2600,209.9,7800,0,18200
CANBK-III.NFO,07/01/2020,10:52:59,214,209.2,2600,209.9,13000,0,18200
CANBK-III.NFO,07/01/2020,10:53:05,214,209.2,2600,209.7,2600,0,18200
CANBK-III.NFO,07/01/2020,10:53:11,214,209.2,2600,209.75,5200,0,18200
CANBK-III.NFO,07/01/2020,10:53:17,214,209.4,2600,209.8,5200,0,18200
CANBK-III.NFO,07/01/2020,10:53:21,214,209.2,2600,209.8,13000,0,18200
CANBK-III.NFO,07/01/2020,10:53:48,214,209.2,2600,209.8,10400,0,18200
CANBK-III.NFO,07/01/2020,10:53:53,214,209.2,2600,209.8,13000,0,18200
CANBK-III.NFO,07/01/2020,10:53:59,214,209.2,2600,209.8,10400,0,18200
CANBK-III.NFO,07/01/2020,10:54:05,214,209.2,5200,209.8,10400,0,18200
CANBK-III.NFO,07/01/2020,10:54:10,214,209.2,7800,209.8,5200,0,18200
CANBK-III.NFO,07/01/2020,10:54:15,214,209.2,7800,209.95,2600,0,18200
CANBK-III.NFO,07/01/2020,10:54:21,214,209.2,10400,210.05,2600,0,18200
CANBK-III.NFO,07/01/2020,10:54:27,214,209.2,10400,210.05,10400,0,18200
CANBK-III.NFO,07/01/2020,10:54:32,214,209.2,10400,210,5200,0,18200
CANBK-III.NFO,07/01/2020,10:54:42,214,209.2,10400,210.05,2600,0,18200
CANBK-III.NFO,07/01/2020,10:54:52,214,209.2,10400,210.05,10400,0,18200
CANBK-III.NFO,07/01/2020,10:55:01,214,209.2,10400,210.05,7800,0,18200
CANBK-III.NFO,07/01/2020,10:55:06,214,209.4,2600,209.85,5200,0,18200
CANBK-III.NFO,07/01/2020,10:55:11,214,209.4,2600,209.9,5200,0,18200
CANBK-III.NFO,07/01/2020,10:55:16,214,209.4,2600,209.75,2600,0,18200
CANBK-III.NFO,07/01/2020,10:55:20,214,209.4,2600,209.8,5200,0,18200
CANBK-III.NFO,07/01/2020,10:55:24,214,209.4,2600,209.7,5200,0,18200
CANBK-III.NFO,07/01/2020,10:55:29,214,209.25,2600,209.7,10400,0,18200
CANBK-III.NFO,07/01/2020,10:55:35,214,209.25,2600,209.7,7800,0,18200
CANBK-III.NFO,07/01/2020,10:55:40,214,209.25,2600,209.65,2600,0,18200
CANBK-III.NFO,07/01/2020,10:55:45,214,209.25,2600,209.7,10400,0,18200
CANBK-III.NFO,07/01/2020,10:55:50,214,209.25,2600,209.8,7800,0,18200
CANBK-III.NFO,07/01/2020,10:55:59,214,209.35,2600,209.8,2600,0,18200
CANBK-III.NFO,07/01/2020,10:56:03,214,209.35,2600,209.95,7800,0,18200
CANBK-III.NFO,07/01/2020,10:56:07,214,209.45,2600,209.9,5200,0,18200
CANBK-III.NFO,07/01/2020,10:56:13,214,209.55,2600,210,2600,0,18200
CANBK-III.NFO,07/01/2020,10:56:23,214,209.55,2600,210.05,2600,0,18200
CANBK-III.NFO,07/01/2020,10:56:32,214,209.55,2600,210.05,7800,0,18200
CANBK-III.NFO,07/01/2020,10:56:38,214,209.4,7800,210.05,2600,0,18200
CANBK-III.NFO,07/01/2020,10:56:53,214,209.5,2600,210.05,7800,0,18200
CANBK-III.NFO,07/01/2020,10:57:02,214,209.6,2600,210.05,5200,0,18200
CANBK-III.NFO,07/01/2020,10:57:10,214,209.4,2600,209.95,13000,0,18200
CANBK-III.NFO,07/01/2020,10:57:17,214,209.4,2600,209.9,5200,0,18200
CANBK-III.NFO,07/01/2020,10:57:23,214,209.4,2600,209.9,13000,0,18200
CANBK-III.NFO,07/01/2020,10:57:30,214,209.3,2600,209.9,13000,0,18200
CANBK-III.NFO,07/01/2020,10:57:36,214,209.3,2600,209.85,5200,0,18200
CANBK-III.NFO,07/01/2020,10:57:41,214,209.3,2600,209.85,13000,0,18200
CANBK-III.NFO,07/01/2020,10:57:47,214,209.3,2600,209.85,10400,0,18200
CANBK-III.NFO,07/01/2020,10:57:52,214,209.3,2600,209.85,5200,0,18200
CANBK-III.NFO,07/01/2020,10:57:56,214,209.3,2600,209.85,2600,0,18200
CANBK-III.NFO,07/01/2020,10:58:00,214,209.3,2600,209.75,2600,0,18200
CANBK-III.NFO,07/01/2020,10:58:04,214,209.3,2600,209.75,5200,0,18200
CANBK-III.NFO,07/01/2020,10:58:09,214,209.3,2600,209.75,2600,0,18200
CANBK-III.NFO,07/01/2020,10:58:14,214,209.3,2600,209.8,2600,0,18200
CANBK-III.NFO,07/01/2020,10:58:18,214,209.4,2600,209.85,5200,0,18200
CANBK-III.NFO,07/01/2020,10:58:23,214,209.3,2600,209.85,10400,0,18200
CANBK-III.NFO,07/01/2020,10:58:29,214,209.3,2600,209.85,5200,0,18200
CANBK-III.NFO,07/01/2020,10:58:44,214,209.3,2600,209.8,5200,0,18200
CANBK-III.NFO,07/01/2020,10:58:50,214,209.3,2600,209.8,10400,0,18200
CANBK-III.NFO,07/01/2020,10:58:59,214,209.3,2600,209.85,5200,0,18200
CANBK-III.NFO,07/01/2020,10:59:05,214,209.3,2600,209.75,5200,0,18200
CANBK-III.NFO,07/01/2020,10:59:11,214,209.3,2600,209.7,2600,0,18200
CANBK-III.NFO,07/01/2020,10:59:16,214,209.3,2600,209.75,2600,0,18200
CANBK-III.NFO,07/01/2020,10:59:33,214,209.4,2600,209.95,7800,0,18200
CANBK-III.NFO,07/01/2020,10:59:38,214,209.4,2600,209.95,2600,0,18200
CANBK-III.NFO,07/01/2020,10:59:43,214,209.4,2600,209.95,5200,0,18200
CANBK-III.NFO,07/01/2020,10:59:49,214,209.4,2600,209.95,10400,0,18200
CANBK-III.NFO,07/01/2020,10:59:54,214,209.4,2600,209.85,5200,0,18200
CANBK-III.NFO,07/01/2020,11:00:05,214,209.3,2600,209.85,13000,0,18200
CANBK-III.NFO,07/01/2020,11:00:24,214,209.1,2600,209.85,13000,0,18200
CANBK-III.NFO,07/01/2020,11:00:49,214,209.2,2600,209.85,13000,0,18200
CANBK-III.NFO,07/01/2020,11:01:03,214,208.9,2600,209.2,2600,0,18200
CANBK-III.NFO,07/01/2020,11:01:11,214,209,2600,209.5,5200,0,18200
CANBK-III.NFO,07/01/2020,11:01:18,214,208.8,2600,209.3,7800,0,18200
CANBK-III.NFO,07/01/2020,11:01:25,214,208.8,2600,209.35,7800,0,18200
CANBK-III.NFO,07/01/2020,11:01:31,214,208.8,2600,209.3,2600,0,18200
CANBK-III.NFO,07/01/2020,11:01:38,214,208.8,7800,209.45,7800,0,18200
CANBK-III.NFO,07/01/2020,11:01:45,214,208.8,10400,209.55,2600,0,18200
CANBK-III.NFO,07/01/2020,11:01:53,214,208.8,10400,209.7,10400,0,18200
CANBK-III.NFO,07/01/2020,11:02:00,214,208.8,10400,209.7,5200,0,18200
CANBK-III.NFO,07/01/2020,11:02:06,214,208.8,10400,209.7,2600,0,18200
CANBK-III.NFO,07/01/2020,11:02:13,214,208.8,10400,209.8,2600,0,18200
CANBK-III.NFO,07/01/2020,11:02:19,214,208.8,10400,209.85,7800,0,18200
CANBK-III.NFO,07/01/2020,11:02:25,214,208.8,10400,209.85,13000,0,18200
CANBK-III.NFO,07/01/2020,11:02:32,214,208.8,10400,209.7,2600,0,18200
CANBK-III.NFO,07/01/2020,11:02:38,214,208.8,10400,209.65,2600,0,18200
CANBK-III.NFO,07/01/2020,11:02:44,214,208.8,10400,209.7,10400,0,18200
CANBK-III.NFO,07/01/2020,11:02:55,214,208.8,10400,209.6,5200,0,18200
CANBK-III.NFO,07/01/2020,11:03:01,214,208.8,10400,209.6,7800,0,18200
CANBK-III.NFO,07/01/2020,11:03:19,214,208.8,10400,209.6,10400,0,18200
CANBK-III.NFO,07/01/2020,11:03:24,214,208.8,10400,209.65,5200,0,18200
CANBK-III.NFO,07/01/2020,11:03:34,214,208.8,10400,209.6,2600,0,18200
CANBK-III.NFO,07/01/2020,11:03:40,214,208.8,7800,209.55,2600,0,18200
CANBK-III.NFO,07/01/2020,11:03:46,214,208.8,10400,209.65,5200,0,18200
CANBK-III.NFO,07/01/2020,11:03:53,214,208.8,7800,209.6,10400,0,18200
CANBK-III.NFO,07/01/2020,11:03:59,214,208.8,10400,209.6,2600,0,18200
CANBK-III.NFO,07/01/2020,11:04:04,214,208.9,2600,209.6,13000,0,18200
CANBK-III.NFO,07/01/2020,11:04:10,214,208.9,5200,209.6,13000,0,18200
CANBK-III.NFO,07/01/2020,11:04:16,214,208.9,2600,209.6,13000,0,18200
CANBK-III.NFO,07/01/2020,11:04:28,214,208.9,2600,209.4,10400,0,18200
CANBK-III.NFO,07/01/2020,11:04:34,214,208.9,2600,209.25,2600,0,18200
CANBK-III.NFO,07/01/2020,11:04:40,214,208.6,2600,209.05,2600,0,18200
CANBK-III.NFO,07/01/2020,11:04:51,214,208.7,2600,209.15,2600,0,18200
CANBK-III.NFO,07/01/2020,11:04:57,214,208.7,2600,209.2,2600,0,18200
CANBK-III.NFO,07/01/2020,11:05:02,214,208.7,2600,209.2,5200,0,18200
CANBK-III.NFO,07/01/2020,11:05:08,214,208.7,2600,209.2,7800,0,18200
CANBK-III.NFO,07/01/2020,11:05:14,214,208.7,2600,209.2,10400,0,18200
CANBK-III.NFO,07/01/2020,11:05:20,214,208.7,2600,209.2,7800,0,18200
CANBK-III.NFO,07/01/2020,11:05:25,214,208.8,2600,209.2,2600,0,18200
CANBK-III.NFO,07/01/2020,11:05:30,214,208.8,7800,209.4,2600,0,18200
CANBK-III.NFO,07/01/2020,11:05:35,214,208.8,10400,209.5,5200,0,18200
CANBK-III.NFO,07/01/2020,11:05:40,214,208.8,7800,209.45,2600,0,18200
CANBK-III.NFO,07/01/2020,11:05:45,214,208.8,7800,209.5,5200,0,18200
CANBK-III.NFO,07/01/2020,11:05:51,214,208.8,10400,209.75,5200,0,18200
CANBK-III.NFO,07/01/2020,11:05:58,214,208.8,10400,209.7,13000,0,18200
CANBK-III.NFO,07/01/2020,11:06:03,214,208.8,10400,209.85,5200,0,18200
CANBK-III.NFO,07/01/2020,11:06:09,214,208.8,10400,209.85,10400,0,18200
CANBK-III.NFO,07/01/2020,11:06:16,214,208.8,10400,209.85,2600,0,18200
CANBK-III.NFO,07/01/2020,11:06:23,214,208.8,10400,209.65,2600,0,18200
CANBK-III.NFO,07/01/2020,11:06:29,214,208.8,10400,209.8,7800,0,18200
CANBK-III.NFO,07/01/2020,11:06:34,214,208.8,10400,209.75,5200,0,18200
CANBK-III.NFO,07/01/2020,11:06:38,214,208.8,10400,209.75,2600,0,18200
CANBK-III.NFO,07/01/2020,11:06:42,214,208.8,10400,209.75,5200,0,18200
CANBK-III.NFO,07/01/2020,11:06:48,214,208.8,10400,209.75,7800,0,18200
CANBK-III.NFO,07/01/2020,11:07:00,214,208.8,10400,209.8,7800,0,18200
CANBK-III.NFO,07/01/2020,11:07:05,214,208.8,10400,209.8,10400,0,18200
CANBK-III.NFO,07/01/2020,11:07:15,214,208.8,10400,209.7,2600,0,18200
CANBK-III.NFO,07/01/2020,11:07:34,214,208.8,10400,209.65,5200,0,18200
CANBK-III.NFO,07/01/2020,11:07:39,214,208.8,10400,209.7,2600,0,18200
CANBK-III.NFO,07/01/2020,11:07:53,214,208.8,10400,209.7,5200,0,18200
CANBK-III.NFO,07/01/2020,11:07:57,214,208.8,7800,209.7,10400,0,18200
CANBK-III.NFO,07/01/2020,11:08:02,214,208.8,7800,209.7,13000,0,18200
CANBK-III.NFO,07/01/2020,11:08:06,214,209.2,2600,209.7,10400,0,18200
CANBK-III.NFO,07/01/2020,11:08:14,214,209.1,2600,209.7,10400,0,18200
CANBK-III.NFO,07/01/2020,11:08:36,214,209.2,2600,209.7,10400,0,18200
CANBK-III.NFO,07/01/2020,11:08:50,214,209.2,2600,209.7,13000,0,18200
CANBK-III.NFO,07/01/2020,11:08:54,214,209.2,2600,209.6,10400,0,18200
CANBK-III.NFO,07/01/2020,11:09:04,214,209.2,2600,209.6,5200,0,18200
CANBK-III.NFO,07/01/2020,11:09:14,214,209.2,2600,209.8,7800,0,18200
CANBK-III.NFO,07/01/2020,11:09:18,214,209.2,2600,209.7,5200,0,18200
CANBK-III.NFO,07/01/2020,11:09:22,214,209.2,2600,209.7,10400,0,18200
CANBK-III.NFO,07/01/2020,11:09:32,214,209,5200,209.7,10400,0,18200
CANBK-III.NFO,07/01/2020,11:09:40,214,209.1,2600,209.6,5200,0,18200
CANBK-III.NFO,07/01/2020,11:09:44,214,209.1,2600,209.6,10400,0,18200
CANBK-III.NFO,07/01/2020,11:10:03,214,208.9,2600,209.6,13000,0,18200
CANBK-III.NFO,07/01/2020,11:10:07,214,209,2600,209.6,13000,0,18200
CANBK-III.NFO,07/01/2020,11:10:12,214,209,2600,209.6,10400,0,18200
CANBK-III.NFO,07/01/2020,11:10:16,214,209,2600,209.6,7800,0,18200
CANBK-III.NFO,07/01/2020,11:10:21,214,209.1,2600,209.6,7800,0,18200
CANBK-III.NFO,07/01/2020,11:10:36,214,209.1,2600,209.65,7800,0,18200
CANBK-III.NFO,07/01/2020,11:10:41,214,209.1,2600,209.65,10400,0,18200
CANBK-III.NFO,07/01/2020,11:10:52,214,209.1,2600,209.65,7800,0,18200
CANBK-III.NFO,07/01/2020,11:11:02,214,209.1,2600,209.65,13000,0,18200
CANBK-III.NFO,07/01/2020,11:11:09,214,208.95,2600,209.65,13000,0,18200
CANBK-III.NFO,07/01/2020,11:11:15,214,208.75,2600,209.65,13000,0,18200
CANBK-III.NFO,07/01/2020,11:11:22,214,208.85,2600,209.65,13000,0,18200
CANBK-III.NFO,07/01/2020,11:11:29,214,208.65,2600,209.55,13000,0,18200
CANBK-III.NFO,07/01/2020,11:11:42,214,208.75,2600,209.55,13000,0,18200
CANBK-III.NFO,07/01/2020,11:11:59,214,208.6,2600,209.55,13000,0,18200
CANBK-III.NFO,07/01/2020,11:12:07,214,208.6,2600,209.2,7800,0,18200
CANBK-III.NFO,07/01/2020,11:12:15,214,208.7,2600,209.2,2600,0,18200
CANBK-III.NFO,07/01/2020,11:12:28,214,208.7,7800,209.4,5200,0,18200
CANBK-III.NFO,07/01/2020,11:12:35,214,208.7,7800,209.4,10400,0,18200
CANBK-III.NFO,07/01/2020,11:12:41,214,208.7,7800,209.4,2600,0,18200
CANBK-III.NFO,07/01/2020,11:12:46,214,208.8,2600,209.4,2600,0,18200
CANBK-III.NFO,07/01/2020,11:12:50,214,208.8,2600,209.3,2600,0,18200
CANBK-III.NFO,07/01/2020,11:12:55,214,208.8,2600,209.3,5200,0,18200
CANBK-III.NFO,07/01/2020,11:13:00,214,208.8,2600,209.2,5200,0,18200
CANBK-III.NFO,07/01/2020,11:13:05,214,208.8,2600,209.3,5200,0,18200
CANBK-III.NFO,07/01/2020,11:13:11,214,208.8,2600,209.3,2600,0,18200
CANBK-III.NFO,07/01/2020,11:13:17,214,208.8,2600,209.3,10400,0,18200
CANBK-III.NFO,07/01/2020,11:13:23,214,208.8,2600,209.3,7800,0,18200
CANBK-III.NFO,07/01/2020,11:13:28,214,208.8,2600,209.25,10400,0,18200
CANBK-III.NFO,07/01/2020,11:13:34,214,208.6,2600,209.25,10400,0,18200
CANBK-III.NFO,07/01/2020,11:13:41,214,208.6,2600,209.25,7800,0,18200
CANBK-III.NFO,07/01/2020,11:13:47,214,208.6,7800,209.25,5200,0,18200
CANBK-III.NFO,07/01/2020,11:13:53,214,208.6,7800,209.3,10400,0,18200
CANBK-III.NFO,07/01/2020,11:13:58,214,208.6,10400,209.3,2600,0,18200
CANBK-III.NFO,07/01/2020,11:14:03,214,208.6,10400,209.3,5200,0,18200
CANBK-III.NFO,07/01/2020,11:14:09,214,208.6,7800,209.3,5200,0,18200
CANBK-III.NFO,07/01/2020,11:14:21,214,208.6,7800,209.35,5200,0,18200
CANBK-III.NFO,07/01/2020,11:14:31,214,208.6,7800,209.4,7800,0,18200
CANBK-III.NFO,07/01/2020,11:14:37,214,208.6,10400,209.45,10400,0,18200
CANBK-III.NFO,07/01/2020,11:14:41,214,208.6,10400,209.45,5200,0,18200
CANBK-III.NFO,07/01/2020,11:14:51,214,208.6,10400,209.35,5200,0,18200
CANBK-III.NFO,07/01/2020,11:14:56,214,208.6,10400,209.45,5200,0,18200
CANBK-III.NFO,07/01/2020,11:15:02,214,208.7,2600,209.3,7800,0,18200
CANBK-III.NFO,07/01/2020,11:15:30,214,208.7,2600,209.3,13000,0,18200
CANBK-III.NFO,07/01/2020,11:15:35,214,208.7,2600,209.2,7800,0,18200
CANBK-III.NFO,07/01/2020,11:15:39,214,208.7,2600,209.2,2600,0,18200
CANBK-III.NFO,07/01/2020,11:15:43,214,208.7,2600,209.25,5200,0,18200
CANBK-III.NFO,07/01/2020,11:15:53,214,208.7,2600,209.25,10400,0,18200
CANBK-III.NFO,07/01/2020,11:15:59,214,208.7,2600,209.25,7800,0,18200
CANBK-III.NFO,07/01/2020,11:16:05,214,208.7,2600,209.15,2600,0,18200
CANBK-III.NFO,07/01/2020,11:16:11,214,208.7,2600,209.1,5200,0,18200
CANBK-III.NFO,07/01/2020,11:16:18,214,208.55,2600,209.15,2600,0,18200
CANBK-III.NFO,07/01/2020,11:16:24,214,208.65,2600,209.2,2600,0,18200
CANBK-III.NFO,07/01/2020,11:16:30,214,208.65,2600,209.25,2600,0,18200
CANBK-III.NFO,07/01/2020,11:16:35,214,208.65,2600,209.25,10400,0,18200
CANBK-III.NFO,07/01/2020,11:16:39,214,208.65,5200,209.25,2600,0,18200
CANBK-III.NFO,07/01/2020,11:16:44,214,208.65,2600,209.15,5200,0,18200
CANBK-III.NFO,07/01/2020,11:16:49,214,208.65,7800,209.3,7800,0,18200
CANBK-III.NFO,07/01/2020,11:16:55,214,208.65,7800,209.25,2600,0,18200
CANBK-III.NFO,07/01/2020,11:17:01,214,208.75,2600,209.25,5200,0,18200
CANBK-III.NFO,07/01/2020,11:17:06,214,208.75,2600,209.25,2600,0,18200
CANBK-III.NFO,07/01/2020,11:17:15,214,208.75,5200,209.25,2600,0,18200
CANBK-III.NFO,07/01/2020,11:17:20,214,208.75,2600,209.3,5200,0,18200
CANBK-III.NFO,07/01/2020,11:17:30,214,208.75,2600,209.3,7800,0,18200
CANBK-III.NFO,07/01/2020,11:17:35,214,208.95,2600,209.45,2600,0,18200
CANBK-III.NFO,07/01/2020,11:17:41,214,208.95,2600,209.45,10400,0,18200
CANBK-III.NFO,07/01/2020,11:17:47,214,208.95,2600,209.45,2600,0,18200
CANBK-III.NFO,07/01/2020,11:17:52,214,208.95,2600,209.45,7800,0,18200
CANBK-III.NFO,07/01/2020,11:17:57,214,208.95,2600,209.45,2600,0,18200
CANBK-III.NFO,07/01/2020,11:18:11,214,208.95,2600,209.5,5200,0,18200
CANBK-III.NFO,07/01/2020,11:18:16,214,208.95,2600,209.6,7800,0,18200
CANBK-III.NFO,07/01/2020,11:18:30,214,209.05,2600,209.6,5200,0,18200
CANBK-III.NFO,07/01/2020,11:18:34,214,209.05,5200,209.6,5200,0,18200
CANBK-III.NFO,07/01/2020,11:18:40,214,209.15,5200,209.65,2600,0,18200
CANBK-III.NFO,07/01/2020,11:18:47,214,209.25,2600,209.75,10400,0,18200
CANBK-III.NFO,07/01/2020,11:18:52,214,209.35,2600,209.8,2600,0,18200
CANBK-III.NFO,07/01/2020,11:18:58,214,209.35,2600,209.9,5200,0,18200
CANBK-III.NFO,07/01/2020,11:19:03,214,209.35,2600,209.95,5200,0,18200
CANBK-III.NFO,07/01/2020,11:19:09,214,209.45,2600,209.95,2600,0,18200
CANBK-III.NFO,07/01/2020,11:19:15,214,209.35,2600,210,13000,0,18200
CANBK-III.NFO,07/01/2020,11:19:23,214,209.05,2600,210,13000,0,18200
CANBK-III.NFO,07/01/2020,11:19:31,214,209.05,10400,210,13000,0,18200
CANBK-III.NFO,07/01/2020,11:19:38,214,209.05,7800,209.9,7800,0,18200
CANBK-III.NFO,07/01/2020,11:19:45,214,209.05,10400,209.9,7800,0,18200
CANBK-III.NFO,07/01/2020,11:19:51,214,209.05,7800,209.8,5200,0,18200
CANBK-III.NFO,07/01/2020,11:19:56,214,209.05,10400,209.85,2600,0,18200
CANBK-III.NFO,07/01/2020,11:20:00,214,209.05,10400,209.95,5200,0,18200
CANBK-III.NFO,07/01/2020,11:20:04,214,209.05,7800,209.9,10400,0,18200
CANBK-III.NFO,07/01/2020,11:20:10,214,209.05,7800,209.9,7800,0,18200
CANBK-III.NFO,07/01/2020,11:20:24,214,209.05,10400,209.9,10400,0,18200
CANBK-III.NFO,07/01/2020,11:20:29,214,209.05,10400,209.9,5200,0,18200
CANBK-III.NFO,07/01/2020,11:20:39,214,209.05,10400,209.9,2600,0,18200
CANBK-III.NFO,07/01/2020,11:20:45,214,209.05,10400,209.9,10400,0,18200
CANBK-III.NFO,07/01/2020,11:20:51,214,209.05,10400,210,5200,0,18200
CANBK-III.NFO,07/01/2020,11:20:57,214,209.05,10400,209.85,2600,0,18200
CANBK-III.NFO,07/01/2020,11:21:06,214,209.05,10400,209.9,2600,0,18200
CANBK-III.NFO,07/01/2020,11:21:24,214,209.05,10400,209.95,10400,0,18200
CANBK-III.NFO,07/01/2020,11:21:28,214,209.05,7800,209.7,2600,0,18200
CANBK-III.NFO,07/01/2020,11:21:34,214,209.05,7800,209.75,2600,0,18200
CANBK-III.NFO,07/01/2020,11:21:40,214,209.05,7800,209.8,2600,0,18200
CANBK-III.NFO,07/01/2020,11:21:45,214,209.05,10400,209.9,2600,0,18200
CANBK-III.NFO,07/01/2020,11:21:53,214,209.05,10400,209.9,10400,0,18200
CANBK-III.NFO,07/01/2020,11:21:57,214,209.05,10400,209.85,2600,0,18200
CANBK-III.NFO,07/01/2020,11:22:09,214,209.05,10400,209.9,10400,0,18200
CANBK-III.NFO,07/01/2020,11:22:13,214,209.05,10400,209.85,5200,0,18200
CANBK-III.NFO,07/01/2020,11:22:17,214,209.05,10400,210,5200,0,18200
CANBK-III.NFO,07/01/2020,11:22:39,214,209.05,10400,210,2600,0,18200
CANBK-III.NFO,07/01/2020,11:22:47,214,209.05,10400,209.95,2600,0,18200
CANBK-III.NFO,07/01/2020,11:22:54,214,209.05,10400,210.05,5200,0,18200
CANBK-III.NFO,07/01/2020,11:22:58,214,209.05,10400,210.05,7800,0,18200
CANBK-III.NFO,07/01/2020,11:23:03,214,209.05,10400,210.05,10400,0,18200
CANBK-III.NFO,07/01/2020,11:23:08,214,209.05,10400,210.05,7800,0,18200
CANBK-III.NFO,07/01/2020,11:23:13,214,209.05,10400,210.05,10400,0,18200
CANBK-III.NFO,07/01/2020,11:23:44,214,209.05,10400,210.05,5200,0,18200
CANBK-III.NFO,07/01/2020,11:23:53,214,209.05,10400,210.05,10400,0,18200
CANBK-III.NFO,07/01/2020,11:23:58,214,209.05,10400,210.05,2600,0,18200
CANBK-III.NFO,07/01/2020,11:24:03,214,209.05,10400,210.25,10400,0,18200
CANBK-III.NFO,07/01/2020,11:24:15,214,209.05,10400,210.25,5200,0,18200
CANBK-III.NFO,07/01/2020,11:24:19,214,209.05,10400,210.15,10400,0,18200
CANBK-III.NFO,07/01/2020,11:24:24,214,209.05,10400,210.05,5200,0,18200
CANBK-III.NFO,07/01/2020,11:24:29,214,209.05,10400,210.05,10400,0,18200
CANBK-III.NFO,07/01/2020,11:24:38,214,209.05,10400,210.05,5200,0,18200
CANBK-III.NFO,07/01/2020,11:24:42,214,209.05,10400,210.15,7800,0,18200
CANBK-III.NFO,07/01/2020,11:24:47,214,209.05,10400,210.15,5200,0,18200
CANBK-III.NFO,07/01/2020,11:24:51,214,209.05,10400,210.25,5200,0,18200
CANBK-III.NFO,07/01/2020,11:24:55,214,209.05,10400,210.15,7800,0,18200
CANBK-III.NFO,07/01/2020,11:25:04,214,209.05,10400,210.05,2600,0,18200
CANBK-III.NFO,07/01/2020,11:25:09,214,209.05,10400,210.05,5200,0,18200
CANBK-III.NFO,07/01/2020,11:25:14,214,209.05,10400,210.15,5200,0,18200
CANBK-III.NFO,07/01/2020,11:25:22,214,209.05,10400,210.05,10400,0,18200
CANBK-III.NFO,07/01/2020,11:25:27,214,209.05,10400,210.05,13000,0,18200
CANBK-III.NFO,07/01/2020,11:25:32,214,209.05,10400,210.05,10400,0,18200
CANBK-III.NFO,07/01/2020,11:25:50,214,209.05,10400,209.95,5200,0,18200
CANBK-III.NFO,07/01/2020,11:25:54,214,209.05,10400,210.1,13000,0,18200
CANBK-III.NFO,07/01/2020,11:26:21,214,209.05,10400,210,2600,0,18200
CANBK-III.NFO,07/01/2020,11:26:26,214,209.05,10400,210,10400,0,18200
CANBK-III.NFO,07/01/2020,11:26:30,214,209.05,10400,210,5200,0,18200
CANBK-III.NFO,07/01/2020,11:26:35,214,209.05,10400,210.2,10400,0,18200
CANBK-III.NFO,07/01/2020,11:26:39,214,209.05,10400,210.2,13000,0,18200
CANBK-III.NFO,07/01/2020,11:27:05,214,209.05,10400,210.2,7800,0,18200
CANBK-III.NFO,07/01/2020,11:27:08,214,209.05,10400,210.2,13000,0,18200
CANBK-III.NFO,07/01/2020,11:27:37,214,209.05,10400,210.1,2600,0,18200
CANBK-III.NFO,07/01/2020,11:27:41,214,209.05,10400,210.15,5200,0,18200
CANBK-III.NFO,07/01/2020,11:27:46,214,209.05,10400,210.15,7800,0,18200
CANBK-III.NFO,07/01/2020,11:27:51,214,209.05,10400,210.15,2600,0,18200
CANBK-III.NFO,07/01/2020,11:27:55,214,209.05,10400,210.2,5200,0,18200
CANBK-III.NFO,07/01/2020,11:28:01,214,209.05,10400,210.2,2600,0,18200
CANBK-III.NFO,07/01/2020,11:28:17,214,209.05,10400,210.2,10400,0,18200
CANBK-III.NFO,07/01/2020,11:28:20,214,209.05,10400,210.2,13000,0,18200
CANBK-III.NFO,07/01/2020,11:28:24,214,209.05,10400,210.2,5200,0,18200
CANBK-III.NFO,07/01/2020,11:28:27,214,209.05,10400,210.15,2600,0,18200
CANBK-III.NFO,07/01/2020,11:28:33,214,209.05,10400,210.2,2600,0,18200
CANBK-III.NFO,07/01/2020,11:28:38,214,209.05,10400,210.2,10400,0,18200
CANBK-III.NFO,07/01/2020,11:28:53,214,209.05,10400,210.1,10400,0,18200
CANBK-III.NFO,07/01/2020,11:29:00,214,209.05,10400,210.1,7800,0,18200
CANBK-III.NFO,07/01/2020,11:29:03,214,209.05,10400,210.1,2600,0,18200
CANBK-III.NFO,07/01/2020,11:29:05,214,209.05,10400,210.1,5200,0,18200
CANBK-III.NFO,07/01/2020,11:29:09,214,209.05,10400,210.1,7800,0,18200
CANBK-III.NFO,07/01/2020,11:29:49,214,209.05,10400,210.2,10400,0,18200
CANBK-III.NFO,07/01/2020,11:29:53,214,209.05,10400,210.2,13000,0,18200
CANBK-III.NFO,07/01/2020,11:30:10,214,209.05,10400,210.2,2600,0,18200
CANBK-III.NFO,07/01/2020,11:30:15,214,209.05,10400,210.15,10400,0,18200
CANBK-III.NFO,07/01/2020,11:30:23,214,209.05,10400,210.15,2600,0,18200
CANBK-III.NFO,07/01/2020,11:30:28,214,209.05,10400,210.15,5200,0,18200
CANBK-III.NFO,07/01/2020,11:30:30,214,209.05,10400,210.15,2600,0,18200
CANBK-III.NFO,07/01/2020,11:30:32,214,209.05,10400,210.15,5200,0,18200
CANBK-III.NFO,07/01/2020,11:30:47,214,209.05,10400,210.15,10400,0,18200
CANBK-III.NFO,07/01/2020,11:30:59,214,209.05,10400,210.1,2600,0,18200
CANBK-III.NFO,07/01/2020,11:31:04,214,209.05,10400,210.15,5200,0,18200
CANBK-III.NFO,07/01/2020,11:31:10,214,209.05,10400,210.05,5200,0,18200
CANBK-III.NFO,07/01/2020,11:31:20,214,209.05,10400,210.05,2600,0,18200
CANBK-III.NFO,07/01/2020,11:31:24,214,209.05,10400,210.2,10400,0,18200
CANBK-III.NFO,07/01/2020,11:31:27,214,209.05,10400,210.2,5200,0,18200
CANBK-III.NFO,07/01/2020,11:31:34,214,209.05,10400,210.1,5200,0,18200
CANBK-III.NFO,07/01/2020,11:31:48,214,209.05,10400,210.25,2600,0,18200
CANBK-III.NFO,07/01/2020,11:31:55,214,209.05,10400,210.45,5200,0,18200
CANBK-III.NFO,07/01/2020,11:32:00,214,209.05,10400,210.4,2600,0,18200
CANBK-III.NFO,07/01/2020,11:32:06,214,209.05,10400,210.45,2600,0,18200
CANBK-III.NFO,07/01/2020,11:32:11,214,209.05,10400,210.35,2600,0,18200
CANBK-III.NFO,07/01/2020,11:32:16,214,209.05,10400,210.45,5200,0,18200
CANBK-III.NFO,07/01/2020,11:32:20,214,209.05,10400,210.5,2600,0,18200
CANBK-III.NFO,07/01/2020,11:32:24,214,209.05,10400,210.5,7800,0,18200
CANBK-III.NFO,07/01/2020,11:32:31,214,209.05,10400,210.5,10400,0,18200
CANBK-III.NFO,07/01/2020,11:32:40,214,209.05,10400,210.5,5200,0,18200
CANBK-III.NFO,07/01/2020,11:32:48,214,209.05,10400,210.5,10400,0,18200
CANBK-III.NFO,07/01/2020,11:32:54,214,209.05,10400,210.5,5200,0,18200
CANBK-III.NFO,07/01/2020,11:32:57,214,209.05,10400,210.5,2600,0,18200
CANBK-III.NFO,07/01/2020,11:33:00,214,209.05,10400,210.5,7800,0,18200
CANBK-III.NFO,07/01/2020,11:33:25,214,209.05,10400,210.4,5200,0,18200
CANBK-III.NFO,07/01/2020,11:33:29,214,209.05,10400,210.45,5200,0,18200
CANBK-III.NFO,07/01/2020,11:33:33,214,209.05,10400,210.45,2600,0,18200
CANBK-III.NFO,07/01/2020,11:33:49,214,209.05,10400,210.55,2600,0,18200
CANBK-III.NFO,07/01/2020,11:33:53,214,209.05,10400,210.55,5200,0,18200
CANBK-III.NFO,07/01/2020,11:33:58,214,209.05,10400,210.8,13000,0,18200
CANBK-III.NFO,07/01/2020,11:34:09,214,209.05,10400,210.75,2600,0,18200
CANBK-III.NFO,07/01/2020,11:34:16,214,209.05,10400,210.8,10400,0,18200
CANBK-III.NFO,07/01/2020,11:34:28,214,209.05,10400,210.8,5200,0,18200
CANBK-III.NFO,07/01/2020,11:34:34,214,209.05,10400,210.8,2600,0,18200
CANBK-III.NFO,07/01/2020,11:34:41,214,209.05,10400,210.8,7800,0,18200
CANBK-III.NFO,07/01/2020,11:34:46,214,209.05,10400,210.8,5200,0,18200
CANBK-III.NFO,07/01/2020,11:34:51,214,209.05,10400,210.8,10400,0,18200
CANBK-III.NFO,07/01/2020,11:34:56,214,209.05,10400,210.8,7800,0,18200
CANBK-III.NFO,07/01/2020,11:35:02,214,209.05,10400,210.8,2600,0,18200
CANBK-III.NFO,07/01/2020,11:35:13,214,209.05,10400,210.8,10400,0,18200
CANBK-III.NFO,07/01/2020,11:35:18,214,209.05,10400,210.8,7800,0,18200
CANBK-III.NFO,07/01/2020,11:35:24,214,209.05,10400,210.8,2600,0,18200
CANBK-III.NFO,07/01/2020,11:35:29,214,209.05,10400,210.85,2600,0,18200
CANBK-III.NFO,07/01/2020,11:35:35,214,209.05,10400,211.1,10400,0,18200
CANBK-III.NFO,07/01/2020,11:35:40,214,209.05,10400,211,5200,0,18200
CANBK-III.NFO,07/01/2020,11:35:45,214,209.05,10400,211.05,7800,0,18200
CANBK-III.NFO,07/01/2020,11:35:50,214,209.05,10400,211,2600,0,18200
CANBK-III.NFO,07/01/2020,11:35:59,214,209.05,10400,211,5200,0,18200
CANBK-III.NFO,07/01/2020,11:36:04,214,209.05,10400,211.1,2600,0,18200
CANBK-III.NFO,07/01/2020,11:36:13,214,209.05,10400,211.2,5200,0,18200
CANBK-III.NFO,07/01/2020,11:36:18,214,209.05,10400,211.1,2600,0,18200
CANBK-III.NFO,07/01/2020,11:36:22,214,209.05,10400,211.15,7800,0,18200
CANBK-III.NFO,07/01/2020,11:36:27,214,209.05,10400,211.05,2600,0,18200
CANBK-III.NFO,07/01/2020,11:36:32,214,209.05,10400,211.05,5200,0,18200
CANBK-III.NFO,07/01/2020,11:36:37,214,209.05,10400,211,5200,0,18200
CANBK-III.NFO,07/01/2020,11:36:41,214,209.05,10400,211.05,7800,0,18200
CANBK-III.NFO,07/01/2020,11:36:47,214,209.05,10400,210.95,2600,0,18200
CANBK-III.NFO,07/01/2020,11:36:53,214,209.05,10400,210.9,2600,0,18200
CANBK-III.NFO,07/01/2020,11:36:59,214,209.05,10400,210.85,5200,0,18200
CANBK-III.NFO,07/01/2020,11:37:04,214,209.05,10400,211.05,5200,0,18200
CANBK-III.NFO,07/01/2020,11:37:09,214,209.05,10400,211,2600,0,18200
CANBK-III.NFO,07/01/2020,11:37:16,214,209.05,10400,211,10400,0,18200
CANBK-III.NFO,07/01/2020,11:37:21,214,209.05,10400,211,2600,0,18200
CANBK-III.NFO,07/01/2020,11:37:26,214,209.05,10400,211.2,5200,0,18200
CANBK-III.NFO,07/01/2020,11:37:31,214,209.25,10400,211.3,5200,0,18200
CANBK-III.NFO,07/01/2020,11:37:36,214,209.25,10400,211.25,5200,0,18200
CANBK-III.NFO,07/01/2020,11:37:41,214,209.25,10400,211.35,7800,0,18200
CANBK-III.NFO,07/01/2020,11:37:46,214,209.25,10400,211.35,10400,0,18200
CANBK-III.NFO,07/01/2020,11:37:50,214,209.25,10400,211.3,7800,0,18200
CANBK-III.NFO,07/01/2020,11:37:55,214,209.25,10400,211.2,7800,0,18200
CANBK-III.NFO,07/01/2020,11:37:59,214,209.25,10400,211.3,7800,0,18200
CANBK-III.NFO,07/01/2020,11:38:03,214,209.25,10400,211.3,5200,0,18200
CANBK-III.NFO,07/01/2020,11:38:06,214,209.25,10400,211.3,10400,0,18200
CANBK-III.NFO,07/01/2020,11:38:10,214,209.25,10400,211.3,5200,0,18200
CANBK-III.NFO,07/01/2020,11:38:18,214,209.25,10400,211.3,2600,0,18200
CANBK-III.NFO,07/01/2020,11:38:22,214,209.25,10400,211.3,7800,0,18200
CANBK-III.NFO,07/01/2020,11:38:33,214,209.25,10400,211.3,13000,0,18200
CANBK-III.NFO,07/01/2020,11:38:36,214,209.25,10400,211.3,10400,0,18200
CANBK-III.NFO,07/01/2020,11:38:39,214,209.25,10400,211.3,13000,0,18200
CANBK-III.NFO,07/01/2020,11:38:47,214,209.25,10400,211.1,2600,0,18200
CANBK-III.NFO,07/01/2020,11:38:55,214,209.25,10400,211.05,5200,0,18200
CANBK-III.NFO,07/01/2020,11:38:59,214,209.25,10400,211.1,5200,0,18200
CANBK-III.NFO,07/01/2020,11:39:03,214,209.25,10400,211.25,5200,0,18200
CANBK-III.NFO,07/01/2020,11:39:07,214,209.25,10400,211.35,2600,0,18200
CANBK-III.NFO,07/01/2020,11:39:10,214,209.25,10400,211.35,10400,0,18200
CANBK-III.NFO,07/01/2020,11:39:20,214,209.25,10400,211.35,13000,0,18200
CANBK-III.NFO,07/01/2020,11:39:31,214,209.25,10400,211.25,13000,0,18200
CANBK-III.NFO,07/01/2020,11:39:48,214,209.25,10400,211.15,13000,0,18200
CANBK-III.NFO,07/01/2020,11:39:55,214,209.25,10400,211.05,13000,0,18200
CANBK-III.NFO,07/01/2020,11:40:31,214,209.25,10400,210.95,13000,0,18200
CANBK-III.NFO,07/01/2020,11:42:27,214,209.25,10400,210.85,13000,0,18200
CANBK-III.NFO,07/01/2020,11:44:06,214,209.25,10400,210.65,5200,0,18200
CANBK-III.NFO,07/01/2020,11:44:09,214,209.25,10400,210.6,5200,0,18200
CANBK-III.NFO,07/01/2020,11:44:16,214,209.25,10400,210.7,5200,0,18200
CANBK-III.NFO,07/01/2020,11:44:22,214,209.25,10400,210.7,2600,0,18200
CANBK-III.NFO,07/01/2020,11:44:25,214,209.25,10400,210.65,2600,0,18200
CANBK-III.NFO,07/01/2020,11:44:27,214,209.25,10400,210.6,5200,0,18200
CANBK-III.NFO,07/01/2020,11:44:30,214,209.25,10400,210.6,7800,0,18200
CANBK-III.NFO,07/01/2020,11:44:34,214,209.25,10400,210.55,5200,0,18200
CANBK-III.NFO,07/01/2020,11:44:38,214,209.25,10400,210.5,2600,0,18200
CANBK-III.NFO,07/01/2020,11:44:45,214,209.25,10400,210.55,5200,0,18200
CANBK-III.NFO,07/01/2020,11:44:53,214,209.25,10400,210.6,2600,0,18200
CANBK-III.NFO,07/01/2020,11:44:56,214,209.25,10400,210.65,10400,0,18200
CANBK-III.NFO,07/01/2020,11:44:59,214,209.25,10400,210.55,2600,0,18200
CANBK-III.NFO,07/01/2020,11:45:02,214,209.25,10400,210.65,2600,0,18200
CANBK-III.NFO,07/01/2020,11:45:06,214,209.25,10400,210.55,2600,0,18200
CANBK-III.NFO,07/01/2020,11:45:11,214,209.25,10400,210.6,10400,0,18200
CANBK-III.NFO,07/01/2020,11:45:14,214,209.25,10400,210.6,13000,0,18200
CANBK-III.NFO,07/01/2020,11:45:17,214,209.25,10400,210.4,2600,0,18200
CANBK-III.NFO,07/01/2020,11:45:24,214,209.25,10400,210.35,2600,0,18200
CANBK-III.NFO,07/01/2020,11:45:30,214,209.25,10400,210.35,7800,0,18200
CANBK-III.NFO,07/01/2020,11:45:34,214,209.25,10400,210.25,2600,0,18200
CANBK-III.NFO,07/01/2020,11:45:40,214,209.25,10400,210.2,7800,0,18200
CANBK-III.NFO,07/01/2020,11:45:46,214,209.25,10400,210.05,2600,0,18200
CANBK-III.NFO,07/01/2020,11:45:52,214,209.25,10400,210.35,7800,0,18200
CANBK-III.NFO,07/01/2020,11:45:59,214,209.25,10400,210.3,5200,0,18200
CANBK-III.NFO,07/01/2020,11:46:02,214,209.25,10400,210.35,5200,0,18200
CANBK-III.NFO,07/01/2020,11:46:07,214,209.25,10400,210.35,7800,0,18200
CANBK-III.NFO,07/01/2020,11:46:10,214,209.25,10400,210.35,5200,0,18200
CANBK-III.NFO,07/01/2020,11:46:12,214,209.25,10400,210.35,7800,0,18200
CANBK-III.NFO,07/01/2020,11:46:38,214,209.25,10400,210.3,2600,0,18200
CANBK-III.NFO,07/01/2020,11:46:43,214,209.25,10400,210.4,5200,0,18200
CANBK-III.NFO,07/01/2020,11:46:45,214,209.25,10400,210.4,7800,0,18200
CANBK-III.NFO,07/01/2020,11:47:02,214,209.25,10400,210.4,5200,0,18200
CANBK-III.NFO,07/01/2020,11:47:10,214,209.25,10400,210.4,10400,0,18200
CANBK-III.NFO,07/01/2020,11:47:31,214,209.25,10400,210.4,13000,0,18200
CANBK-III.NFO,07/01/2020,11:48:31,214,209.25,10400,210.25,10400,0,18200
CANBK-III.NFO,07/01/2020,11:48:35,214,209.25,10400,210.1,7800,0,18200
CANBK-III.NFO,07/01/2020,11:49:06,214,209.25,10400,210,2600,0,18200
CANBK-III.NFO,07/01/2020,11:49:08,214,209.25,10400,210.05,5200,0,18200
CANBK-III.NFO,07/01/2020,11:49:14,214,209.25,7800,209.95,7800,0,18200
CANBK-III.NFO,07/01/2020,11:49:16,214,209.25,2600,209.95,10400,0,18200
CANBK-III.NFO,07/01/2020,11:49:19,214,209.25,2600,209.9,2600,0,18200
CANBK-III.NFO,07/01/2020,11:49:25,214,209.25,7800,209.9,5200,0,18200
CANBK-III.NFO,07/01/2020,11:49:28,214,209.25,7800,209.9,10400,0,18200
CANBK-III.NFO,07/01/2020,11:49:30,214,209.25,7800,209.9,5200,0,18200
CANBK-III.NFO,07/01/2020,11:49:57,214,209.35,2600,209.9,5200,0,18200
CANBK-III.NFO,07/01/2020,11:50:01,214,209.35,5200,210,7800,0,18200
CANBK-III.NFO,07/01/2020,11:50:12,214,209.35,5200,209.85,2600,0,18200
CANBK-III.NFO,07/01/2020,11:50:17,214,209.35,2600,209.9,7800,0,18200
CANBK-III.NFO,07/01/2020,11:50:26,214,209.35,2600,209.95,5200,0,18200
CANBK-III.NFO,07/01/2020,11:50:30,214,209.35,2600,210,5200,0,18200
CANBK-III.NFO,07/01/2020,11:50:34,214,209.35,2600,210,7800,0,18200
CANBK-III.NFO,07/01/2020,11:50:41,214,209.35,2600,210,10400,0,18200
CANBK-III.NFO,07/01/2020,11:50:45,214,209.35,2600,209.95,5200,0,18200
CANBK-III.NFO,07/01/2020,11:50:57,214,209.35,2600,209.85,2600,0,18200
CANBK-III.NFO,07/01/2020,11:51:05,214,209.35,2600,209.8,2600,0,18200
CANBK-III.NFO,07/01/2020,11:51:09,214,209.35,2600,209.9,2600,0,18200
CANBK-III.NFO,07/01/2020,11:51:14,214,209.35,2600,209.9,7800,0,18200
CANBK-III.NFO,07/01/2020,11:51:16,214,209.35,2600,209.95,7800,0,18200
CANBK-III.NFO,07/01/2020,11:51:26,214,209.35,7800,209.95,5200,0,18200
CANBK-III.NFO,07/01/2020,11:51:31,214,209.35,10400,210.15,2600,0,18200
CANBK-III.NFO,07/01/2020,11:51:35,214,209.35,10400,210.2,5200,0,18200
CANBK-III.NFO,07/01/2020,11:51:39,214,209.35,7800,210.05,2600,0,18200
CANBK-III.NFO,07/01/2020,11:51:43,214,209.35,7800,210.15,5200,0,18200
CANBK-III.NFO,07/01/2020,11:51:46,214,209.35,7800,209.95,2600,0,18200
CANBK-III.NFO,07/01/2020,11:51:49,214,209.35,7800,210.05,2600,0,18200
CANBK-III.NFO,07/01/2020,11:51:59,214,209.35,7800,210.05,10400,0,18200
CANBK-III.NFO,07/01/2020,11:52:03,214,209.35,7800,210.05,2600,0,18200
CANBK-III.NFO,07/01/2020,11:52:05,214,209.35,7800,210.05,5200,0,18200
CANBK-III.NFO,07/01/2020,11:52:07,214,209.45,2600,210.05,5200,0,18200
CANBK-III.NFO,07/01/2020,11:52:16,214,209.45,7800,210.05,5200,0,18200
CANBK-III.NFO,07/01/2020,11:52:18,214,209.45,7800,210.05,10400,0,18200
CANBK-III.NFO,07/01/2020,11:52:20,214,209.45,2600,210.05,5200,0,18200
CANBK-III.NFO,07/01/2020,11:52:26,214,209.45,2600,210,2600,0,18200
CANBK-III.NFO,07/01/2020,11:52:29,214,209.45,2600,210.05,5200,0,18200
CANBK-III.NFO,07/01/2020,11:52:34,214,209.45,2600,209.95,2600,0,18200
CANBK-III.NFO,07/01/2020,11:52:37,214,209.45,2600,210.05,5200,0,18200
CANBK-III.NFO,07/01/2020,11:52:42,214,209.55,2600,210,2600,0,18200
CANBK-III.NFO,07/01/2020,11:52:45,214,209.55,2600,210.1,7800,0,18200
CANBK-III.NFO,07/01/2020,11:52:47,214,209.55,2600,210,2600,0,18200
CANBK-III.NFO,07/01/2020,11:52:49,214,209.55,2600,210.05,2600,0,18200
CANBK-III.NFO,07/01/2020,11:52:51,214,209.55,2600,210.1,2600,0,18200
CANBK-III.NFO,07/01/2020,11:52:58,214,209.55,2600,210.25,2600,0,18200
CANBK-III.NFO,07/01/2020,11:53:01,214,209.55,2600,210.25,10400,0,18200
CANBK-III.NFO,07/01/2020,11:53:10,214,209.55,7800,210.25,7800,0,18200
CANBK-III.NFO,07/01/2020,11:53:19,214,209.65,2600,210.15,2600,0,18200
CANBK-III.NFO,07/01/2020,11:53:22,214,209.55,2600,210.05,5200,0,18200
CANBK-III.NFO,07/01/2020,11:53:26,214,209.55,2600,210.05,7800,0,18200
CANBK-III.NFO,07/01/2020,11:53:30,214,209.55,2600,210.1,7800,0,18200
CANBK-III.NFO,07/01/2020,11:53:33,214,209.55,2600,210.1,10400,0,18200
CANBK-III.NFO,07/01/2020,11:53:36,214,209.55,2600,210.05,5200,0,18200
CANBK-III.NFO,07/01/2020,11:53:38,214,209.55,2600,210,2600,0,18200
CANBK-III.NFO,07/01/2020,11:53:54,214,209.55,2600,210.1,7800,0,18200
CANBK-III.NFO,07/01/2020,11:53:57,214,209.55,2600,210.1,2600,0,18200
CANBK-III.NFO,07/01/2020,11:53:59,214,209.55,2600,210.1,7800,0,18200
CANBK-III.NFO,07/01/2020,11:54:02,214,209.55,2600,210.05,2600,0,18200
CANBK-III.NFO,07/01/2020,11:54:06,214,209.55,2600,210.1,5200,0,18200
CANBK-III.NFO,07/01/2020,11:54:14,214,209.55,2600,210.05,5200,0,18200
CANBK-III.NFO,07/01/2020,11:54:18,214,209.55,2600,210.05,2600,0,18200
CANBK-III.NFO,07/01/2020,11:54:21,214,209.55,2600,210.1,5200,0,18200
CANBK-III.NFO,07/01/2020,11:54:31,214,209.55,2600,210,2600,0,18200
CANBK-III.NFO,07/01/2020,11:54:36,214,209.55,2600,210.05,7800,0,18200
CANBK-III.NFO,07/01/2020,11:54:39,214,209.55,2600,210,2600,0,18200
CANBK-III.NFO,07/01/2020,11:54:41,214,209.55,2600,210.05,2600,0,18200
CANBK-III.NFO,07/01/2020,11:54:44,214,209.55,2600,210.05,5200,0,18200
CANBK-III.NFO,07/01/2020,11:55:00,214,209.55,2600,210.05,7800,0,18200
CANBK-III.NFO,07/01/2020,11:55:08,214,209.55,2600,210,2600,0,18200
CANBK-III.NFO,07/01/2020,11:55:11,214,209.55,2600,210,5200,0,18200
CANBK-III.NFO,07/01/2020,11:55:20,214,209.55,2600,210,10400,0,18200
CANBK-III.NFO,07/01/2020,11:55:24,214,209.55,2600,210,5200,0,18200
CANBK-III.NFO,07/01/2020,11:55:26,214,209.55,2600,210,10400,0,18200
CANBK-III.NFO,07/01/2020,11:55:33,214,209.55,2600,210,5200,0,18200
CANBK-III.NFO,07/01/2020,11:55:36,214,209.35,2600,209.95,5200,0,18200
CANBK-III.NFO,07/01/2020,11:55:46,214,209.35,7800,209.95,2600,0,18200
CANBK-III.NFO,07/01/2020,11:55:52,214,209.35,7800,210,5200,0,18200
CANBK-III.NFO,07/01/2020,11:55:56,214,209.35,7800,210,2600,0,18200
CANBK-III.NFO,07/01/2020,11:55:58,214,209.35,7800,210.05,5200,0,18200
CANBK-III.NFO,07/01/2020,11:56:01,214,209.35,7800,210,2600,0,18200
CANBK-III.NFO,07/01/2020,11:56:03,214,209.35,7800,210,5200,0,18200
CANBK-III.NFO,07/01/2020,11:56:16,214,209.35,7800,210,10400,0,18200
CANBK-III.NFO,07/01/2020,11:56:18,214,209.35,7800,210,5200,0,18200
CANBK-III.NFO,07/01/2020,11:56:26,214,209.45,2600,210.05,10400,0,18200
CANBK-III.NFO,07/01/2020,11:56:30,214,209.45,2600,210.05,7800,0,18200
CANBK-III.NFO,07/01/2020,11:56:33,214,209.45,2600,210,2600,0,18200
CANBK-III.NFO,07/01/2020,11:56:36,214,209.45,2600,209.95,2600,0,18200
CANBK-III.NFO,07/01/2020,11:56:39,214,209.45,2600,210,2600,0,18200
CANBK-III.NFO,07/01/2020,11:56:43,214,209.45,2600,210,5200,0,18200
CANBK-III.NFO,07/01/2020,11:56:45,214,209.45,2600,210,2600,0,18200
CANBK-III.NFO,07/01/2020,11:56:48,214,209.45,2600,210.05,5200,0,18200
CANBK-III.NFO,07/01/2020,11:56:51,214,209.45,2600,210,2600,0,18200
CANBK-III.NFO,07/01/2020,11:56:57,214,209.55,2600,210.1,7800,0,18200
CANBK-III.NFO,07/01/2020,11:57:01,214,209.55,2600,210.05,5200,0,18200
CANBK-III.NFO,07/01/2020,11:57:12,214,209.55,7800,210.15,2600,0,18200
CANBK-III.NFO,07/01/2020,11:57:14,214,209.55,7800,210.25,5200,0,18200
CANBK-III.NFO,07/01/2020,11:57:19,214,209.55,7800,210.25,7800,0,18200
CANBK-III.NFO,07/01/2020,11:57:31,214,209.65,2600,210.1,2600,0,18200
CANBK-III.NFO,07/01/2020,11:57:35,214,209.65,2600,210.05,2600,0,18200
CANBK-III.NFO,07/01/2020,11:57:39,214,209.5,2600,209.9,2600,0,18200
CANBK-III.NFO,07/01/2020,11:57:45,214,209.4,2600,209.85,5200,0,18200
CANBK-III.NFO,07/01/2020,11:57:50,214,209.4,2600,209.85,2600,0,18200
CANBK-III.NFO,07/01/2020,11:57:57,214,209.4,2600,209.95,2600,0,18200
CANBK-III.NFO,07/01/2020,11:58:02,214,209.4,2600,209.95,7800,0,18200
CANBK-III.NFO,07/01/2020,11:58:05,214,209.4,5200,210.05,2600,0,18200
CANBK-III.NFO,07/01/2020,11:58:09,214,209.4,5200,210.05,5200,0,18200
CANBK-III.NFO,07/01/2020,11:58:12,214,209.4,2600,210,5200,0,18200
CANBK-III.NFO,07/01/2020,11:58:15,214,209.4,2600,209.95,2600,0,18200
CANBK-III.NFO,07/01/2020,11:58:17,214,209.4,2600,209.9,5200,0,18200
CANBK-III.NFO,07/01/2020,11:58:27,214,209.4,2600,209.95,7800,0,18200
CANBK-III.NFO,07/01/2020,11:58:32,214,209.4,2600,209.95,10400,0,18200
CANBK-III.NFO,07/01/2020,11:58:34,214,209.4,2600,209.95,5200,0,18200
CANBK-III.NFO,07/01/2020,11:58:36,214,209.4,2600,209.85,2600,0,18200
CANBK-III.NFO,07/01/2020,11:58:38,214,209.4,2600,209.95,7800,0,18200
CANBK-III.NFO,07/01/2020,11:58:42,214,209.5,2600,210.05,7800,0,18200
CANBK-III.NFO,07/01/2020,11:58:44,214,209.5,2600,210.05,5200,0,18200
CANBK-III.NFO,07/01/2020,11:58:47,214,209.5,10400,210.3,5200,0,18200
CANBK-III.NFO,07/01/2020,11:58:51,214,209.5,10400,210.25,2600,0,18200
CANBK-III.NFO,07/01/2020,11:58:54,214,209.5,10400,210.3,2600,0,18200
CANBK-III.NFO,07/01/2020,11:58:56,214,209.5,10400,210.3,5200,0,18200
CANBK-III.NFO,07/01/2020,11:58:58,214,209.5,10400,210.25,2600,0,18200
CANBK-III.NFO,07/01/2020,11:59:02,214,209.5,7800,210.3,5200,0,18200
CANBK-III.NFO,07/01/2020,11:59:05,214,209.5,7800,210.3,10400,0,18200
CANBK-III.NFO,07/01/2020,11:59:20,214,209.5,7800,210.3,13000,0,18200
CANBK-III.NFO,07/01/2020,11:59:23,214,209.5,7800,210.3,5200,0,18200
CANBK-III.NFO,07/01/2020,11:59:30,214,209.5,7800,210.25,2600,0,18200
CANBK-III.NFO,07/01/2020,11:59:32,214,209.5,7800,210.3,7800,0,18200
CANBK-III.NFO,07/01/2020,11:59:41,214,209.5,10400,210.25,2600,0,18200
CANBK-III.NFO,07/01/2020,11:59:44,214,209.5,10400,210.3,5200,0,18200
CANBK-III.NFO,07/01/2020,11:59:50,214,209.5,7800,210.1,2600,0,18200
CANBK-III.NFO,07/01/2020,11:59:55,214,209.5,2600,210.1,5200,0,18200
CANBK-III.NFO,07/01/2020,11:59:58,214,209.5,2600,210.05,2600,0,18200
CANBK-III.NFO,07/01/2020,12:00:00,214,209.5,2600,210.1,5200,0,18200
CANBK-III.NFO,07/01/2020,12:00:03,214,209.5,2600,210.05,2600,0,18200
CANBK-III.NFO,07/01/2020,12:00:06,214,209.5,2600,210.1,5200,0,18200
CANBK-III.NFO,07/01/2020,12:00:09,214,209.5,2600,210.05,5200,0,18200
CANBK-III.NFO,07/01/2020,12:00:15,214,209.5,2600,209.95,2600,0,18200
CANBK-III.NFO,07/01/2020,12:00:20,214,209.5,2600,210.05,5200,0,18200
CANBK-III.NFO,07/01/2020,12:00:24,214,209.5,2600,210,2600,0,18200
CANBK-III.NFO,07/01/2020,12:00:26,214,209.5,7800,210.15,5200,0,18200
CANBK-III.NFO,07/01/2020,12:00:34,214,209.5,2600,210.05,2600,0,18200
CANBK-III.NFO,07/01/2020,12:00:37,214,209.5,2600,210.1,10400,0,18200
CANBK-III.NFO,07/01/2020,12:00:40,214,209.5,2600,210,2600,0,18200
CANBK-III.NFO,07/01/2020,12:00:42,214,209.5,2600,210.1,5200,0,18200
CANBK-III.NFO,07/01/2020,12:00:44,214,209.5,2600,210.05,2600,0,18200
CANBK-III.NFO,07/01/2020,12:00:46,214,209.6,2600,210.1,7800,0,18200
CANBK-III.NFO,07/01/2020,12:00:55,214,209.6,2600,210.1,5200,0,18200
CANBK-III.NFO,07/01/2020,12:01:34,214,209.6,2600,210.1,7800,0,18200
CANBK-III.NFO,07/01/2020,12:01:38,214,209.6,2600,210.1,5200,0,18200
CANBK-III.NFO,07/01/2020,12:02:09,214,209.6,2600,210.05,5200,0,18200
CANBK-III.NFO,07/01/2020,12:02:14,214,209.6,2600,210,2600,0,18200
CANBK-III.NFO,07/01/2020,12:02:16,214,209.6,2600,210.05,2600,0,18200
CANBK-III.NFO,07/01/2020,12:02:28,214,209.6,2600,210.05,7800,0,18200
CANBK-III.NFO,07/01/2020,12:02:31,214,209.7,2600,210.3,5200,0,18200
CANBK-III.NFO,07/01/2020,12:02:37,214,209.7,2600,210.25,2600,0,18200
CANBK-III.NFO,07/01/2020,12:02:43,214,209.7,10400,210.6,2600,0,18200
CANBK-III.NFO,07/01/2020,12:02:49,214,209.8,7800,210.45,5200,0,18200
CANBK-III.NFO,07/01/2020,12:02:54,214,209.8,7800,210.45,2600,0,18200
CANBK-III.NFO,07/01/2020,12:02:58,214,209.8,7800,210.5,7800,0,18200
CANBK-III.NFO,07/01/2020,12:03:01,214,209.8,7800,210.45,2600,0,18200
CANBK-III.NFO,07/01/2020,12:03:05,214,209.8,7800,210.5,2600,0,18200
CANBK-III.NFO,07/01/2020,12:03:09,214,209.9,2600,210.5,7800,0,18200
CANBK-III.NFO,07/01/2020,12:03:14,214,209.9,2600,210.45,10400,0,18200
CANBK-III.NFO,07/01/2020,12:03:18,214,209.9,2600,210.35,5200,0,18200
CANBK-III.NFO,07/01/2020,12:03:21,214,209.8,2600,210.25,5200,0,18200
CANBK-III.NFO,07/01/2020,12:03:25,214,209.75,5200,210.25,10400,0,18200
CANBK-III.NFO,07/01/2020,12:03:38,214,209.75,5200,210.25,5200,0,18200
CANBK-III.NFO,07/01/2020,12:03:52,214,209.75,5200,210.25,7800,0,18200
CANBK-III.NFO,07/01/2020,12:03:57,214,209.75,5200,210.25,5200,0,18200
CANBK-III.NFO,07/01/2020,12:04:00,214,209.75,5200,210.3,2600,0,18200
CANBK-III.NFO,07/01/2020,12:04:06,214,209.8,2600,210.35,5200,0,18200
CANBK-III.NFO,07/01/2020,12:04:31,214,209.8,5200,210.35,5200,0,18200
CANBK-III.NFO,07/01/2020,12:04:45,214,209.8,2600,210.35,5200,0,18200
CANBK-III.NFO,07/01/2020,12:05:05,214,209.8,7800,210.5,7800,0,18200
CANBK-III.NFO,07/01/2020,12:05:09,214,209.8,10400,210.55,2600,0,18200
CANBK-III.NFO,07/01/2020,12:05:13,214,209.8,7800,210.55,7800,0,18200
CANBK-III.NFO,07/01/2020,12:05:31,214,209.8,7800,210.55,10400,0,18200
CANBK-III.NFO,07/01/2020,12:05:33,214,209.8,7800,210.55,5200,0,18200
CANBK-III.NFO,07/01/2020,12:05:36,214,209.8,7800,210.55,7800,0,18200
CANBK-III.NFO,07/01/2020,12:05:44,214,209.8,7800,210.55,5200,0,18200
CANBK-III.NFO,07/01/2020,12:05:50,214,209.8,7800,210.55,10400,0,18200
CANBK-III.NFO,07/01/2020,12:05:53,214,209.8,2600,210.55,13000,0,18200
CANBK-III.NFO,07/01/2020,12:05:58,214,209.7,5200,210.55,13000,0,18200
CANBK-III.NFO,07/01/2020,12:06:11,214,209.75,5200,210.55,13000,0,18200
CANBK-III.NFO,07/01/2020,12:06:18,214,209.85,2600,210.55,10400,0,18200
CANBK-III.NFO,07/01/2020,12:06:21,214,209.95,2600,210.5,5200,0,18200
CANBK-III.NFO,07/01/2020,12:06:26,214,209.95,2600,210.5,2600,0,18200
CANBK-III.NFO,07/01/2020,12:06:33,214,209.95,2600,210.5,7800,0,18200
CANBK-III.NFO,07/01/2020,12:06:49,214,209.85,5200,210.5,7800,0,18200
CANBK-III.NFO,07/01/2020,12:07:03,214,209.95,5200,210.5,7800,0,18200
CANBK-III.NFO,07/01/2020,12:07:06,214,209.9,5200,210.5,7800,0,18200
CANBK-III.NFO,07/01/2020,12:07:32,214,209.9,2600,210.5,7800,0,18200
CANBK-III.NFO,07/01/2020,12:08:04,214,209.9,5200,210.5,7800,0,18200
CANBK-III.NFO,07/01/2020,12:08:08,214,209.9,5200,210.5,2600,0,18200
CANBK-III.NFO,07/01/2020,12:08:19,214,209.95,7800,210.55,2600,0,18200
CANBK-III.NFO,07/01/2020,12:08:40,214,209.95,10400,210.55,2600,0,18200
CANBK-III.NFO,07/01/2020,12:08:50,214,209.95,7800,210.55,2600,0,18200
CANBK-III.NFO,07/01/2020,12:09:01,214,209.95,7800,210.55,10400,0,18200
CANBK-III.NFO,07/01/2020,12:09:10,214,209.95,7800,210.55,2600,0,18200
CANBK-III.NFO,07/01/2020,12:09:13,214,209.95,7800,210.5,7800,0,18200
CANBK-III.NFO,07/01/2020,12:09:16,214,209.95,5200,210.55,10400,0,18200
CANBK-III.NFO,07/01/2020,12:09:20,214,209.95,5200,210.55,5200,0,18200
CANBK-III.NFO,07/01/2020,12:09:25,214,209.95,5200,210.5,2600,0,18200
CANBK-III.NFO,07/01/2020,12:09:28,214,209.95,2600,210.45,5200,0,18200
CANBK-III.NFO,07/01/2020,12:09:32,214,209.95,2600,210.45,10400,0,18200
CANBK-III.NFO,07/01/2020,12:09:34,214,209.95,2600,210.45,5200,0,18200
CANBK-III.NFO,07/01/2020,12:09:48,214,209.95,2600,210.5,7800,0,18200
CANBK-III.NFO,07/01/2020,12:10:21,214,209.95,2600,210.4,7800,0,18200
CANBK-III.NFO,07/01/2020,12:10:24,214,209.95,2600,210.45,5200,0,18200
CANBK-III.NFO,07/01/2020,12:10:26,214,209.95,2600,210.45,7800,0,18200
CANBK-III.NFO,07/01/2020,12:10:39,214,209.95,5200,210.55,7800,0,18200
CANBK-III.NFO,07/01/2020,12:10:54,214,209.95,5200,210.55,2600,0,18200
CANBK-III.NFO,07/01/2020,12:10:56,214,210.05,2600,210.55,2600,0,18200
CANBK-III.NFO,07/01/2020,12:11:01,214,210,2600,210.5,2600,0,18200
CANBK-III.NFO,07/01/2020,12:11:09,214,210,5200,210.55,5200,0,18200
CANBK-III.NFO,07/01/2020,12:11:13,214,210,2600,210.55,10400,0,18200
CANBK-III.NFO,07/01/2020,12:11:17,214,209.95,5200,210.55,10400,0,18200
CANBK-III.NFO,07/01/2020,12:11:39,214,209.95,5200,210.55,2600,0,18200
CANBK-III.NFO,07/01/2020,12:11:42,214,209.95,5200,210.55,10400,0,18200
CANBK-III.NFO,07/01/2020,12:11:47,214,209.95,7800,210.55,2600,0,18200
CANBK-III.NFO,07/01/2020,12:12:05,214,209.95,5200,210.55,2600,0,18200
CANBK-III.NFO,07/01/2020,12:12:12,214,209.95,5200,210.55,10400,0,18200
CANBK-III.NFO,07/01/2020,12:12:17,214,209.95,5200,210.55,2600,0,18200
CANBK-III.NFO,07/01/2020,12:12:25,214,209.95,5200,210.55,10400,0,18200
CANBK-III.NFO,07/01/2020,12:12:31,214,209.95,5200,210.55,2600,0,18200
CANBK-III.NFO,07/01/2020,12:12:33,214,209.95,5200,210.55,10400,0,18200
CANBK-III.NFO,07/01/2020,12:12:35,214,209.95,5200,210.55,2600,0,18200
CANBK-III.NFO,07/01/2020,12:12:40,214,209.95,7800,210.55,2600,0,18200
CANBK-III.NFO,07/01/2020,12:12:45,214,209.95,2600,210.5,7800,0,18200
CANBK-III.NFO,07/01/2020,12:13:04,214,209.95,2600,210.3,7800,0,18200
CANBK-III.NFO,07/01/2020,12:13:08,214,209.95,7800,210.5,5200,0,18200
CANBK-III.NFO,07/01/2020,12:13:15,214,210.05,7800,210.8,7800,0,18200
CANBK-III.NFO,07/01/2020,12:13:21,214,210.05,10400,210.85,7800,0,18200
CANBK-III.NFO,07/01/2020,12:13:39,214,210.05,7800,210.85,7800,0,18200
CANBK-III.NFO,07/01/2020,12:13:49,214,210.05,7800,210.75,7800,0,18200
CANBK-III.NFO,07/01/2020,12:13:52,214,210.05,7800,210.8,7800,0,18200
CANBK-III.NFO,07/01/2020,12:13:58,214,210.05,7800,210.7,5200,0,18200
CANBK-III.NFO,07/01/2020,12:14:03,214,210,5200,210.65,2600,0,18200
CANBK-III.NFO,07/01/2020,12:14:08,214,209.95,5200,210.6,7800,0,18200
CANBK-III.NFO,07/01/2020,12:14:13,214,209.95,5200,210.55,7800,0,18200
CANBK-III.NFO,07/01/2020,12:14:17,214,209.95,7800,210.6,5200,0,18200
CANBK-III.NFO,07/01/2020,12:14:21,214,209.95,7800,210.65,5200,0,18200
CANBK-III.NFO,07/01/2020,12:14:25,214,209.95,7800,210.65,10400,0,18200
CANBK-III.NFO,07/01/2020,12:14:28,214,209.95,7800,210.65,7800,0,18200
CANBK-III.NFO,07/01/2020,12:14:46,214,209.95,7800,210.65,5200,0,18200
CANBK-III.NFO,07/01/2020,12:15:01,214,209.95,7800,210.7,7800,0,18200
CANBK-III.NFO,07/01/2020,12:15:08,214,209.95,7800,210.7,5200,0,18200
CANBK-III.NFO,07/01/2020,12:15:19,214,209.95,2600,210.6,10400,0,18200
CANBK-III.NFO,07/01/2020,12:15:23,214,210,5200,210.6,5200,0,18200
CANBK-III.NFO,07/01/2020,12:15:37,214,209.95,2600,210.6,7800,0,18200
CANBK-III.NFO,07/01/2020,12:15:41,214,209.95,2600,210.55,10400,0,18200
CANBK-III.NFO,07/01/2020,12:15:44,214,209.95,5200,210.55,5200,0,18200
CANBK-III.NFO,07/01/2020,12:15:50,214,209.95,7800,210.6,7800,0,18200
CANBK-III.NFO,07/01/2020,12:15:57,214,209.7,5200,210.6,13000,0,18200
CANBK-III.NFO,07/01/2020,12:16:09,214,209.75,5200,210.6,13000,0,18200
CANBK-III.NFO,07/01/2020,12:16:19,214,209.85,5200,210.6,13000,0,18200
CANBK-III.NFO,07/01/2020,12:16:52,214,209.85,2600,210.45,10400,0,18200
CANBK-III.NFO,07/01/2020,12:16:55,214,209.8,2600,210.45,5200,0,18200
CANBK-III.NFO,07/01/2020,12:16:58,214,209.8,2600,210.45,7800,0,18200
CANBK-III.NFO,07/01/2020,12:17:02,214,209.75,2600,210.45,7800,0,18200
CANBK-III.NFO,07/01/2020,12:17:08,214,209.75,2600,210.45,10400,0,18200
CANBK-III.NFO,07/01/2020,12:17:10,214,209.75,2600,210.45,7800,0,18200
CANBK-III.NFO,07/01/2020,12:17:11,214,209.75,7800,210.45,7800,0,18200
CANBK-III.NFO,07/01/2020,12:17:19,214,209.75,7800,210.45,5200,0,18200
CANBK-III.NFO,07/01/2020,12:17:25,214,209.75,7800,210.4,5200,0,18200
CANBK-III.NFO,07/01/2020,12:17:29,214,209.75,7800,210.45,5200,0,18200
CANBK-III.NFO,07/01/2020,12:17:40,214,209.75,7800,210.45,10400,0,18200
CANBK-III.NFO,07/01/2020,12:17:46,214,209.75,7800,210.35,7800,0,18200
CANBK-III.NFO,07/01/2020,12:17:49,214,209.75,7800,210.4,7800,0,18200
CANBK-III.NFO,07/01/2020,12:18:21,214,209.75,7800,210.45,5200,0,18200
CANBK-III.NFO,07/01/2020,12:18:24,214,209.75,10400,210.45,5200,0,18200
CANBK-III.NFO,07/01/2020,12:18:30,214,209.75,7800,210.5,10400,0,18200
CANBK-III.NFO,07/01/2020,12:18:33,214,209.75,7800,210.5,7800,0,18200
CANBK-III.NFO,07/01/2020,12:18:39,214,209.75,7800,210.5,5200,0,18200
CANBK-III.NFO,07/01/2020,12:19:04,214,209.75,10400,210.6,7800,0,18200
CANBK-III.NFO,07/01/2020,12:19:09,214,209.75,10400,210.65,5200,0,18200
CANBK-III.NFO,07/01/2020,12:19:41,214,209.75,10400,210.75,5200,0,18200
CANBK-III.NFO,07/01/2020,12:19:46,214,209.75,10400,210.8,7800,0,18200
CANBK-III.NFO,07/01/2020,12:19:50,214,209.75,10400,210.75,10400,0,18200
CANBK-III.NFO,07/01/2020,12:19:53,214,209.75,10400,210.75,13000,0,18200
CANBK-III.NFO,07/01/2020,12:20:10,214,209.75,10400,210.75,10400,0,18200
CANBK-III.NFO,07/01/2020,12:20:17,214,209.75,10400,210.75,13000,0,18200
CANBK-III.NFO,07/01/2020,12:21:00,214,209.75,10400,210.75,10400,0,18200
CANBK-III.NFO,07/01/2020,12:21:04,214,209.75,10400,210.75,13000,0,18200
CANBK-III.NFO,07/01/2020,12:21:25,214,209.75,10400,210.65,10400,0,18200
CANBK-III.NFO,07/01/2020,12:21:33,214,209.75,10400,210.65,5200,0,18200
CANBK-III.NFO,07/01/2020,12:21:52,214,209.75,10400,210.55,7800,0,18200
CANBK-III.NFO,07/01/2020,12:21:55,214,209.75,10400,210.6,10400,0,18200
CANBK-III.NFO,07/01/2020,12:22:02,214,209.75,10400,210.6,5200,0,18200
CANBK-III.NFO,07/01/2020,12:22:10,214,209.75,10400,210.5,7800,0,18200
CANBK-III.NFO,07/01/2020,12:22:22,214,209.75,10400,210.55,7800,0,18200
CANBK-III.NFO,07/01/2020,12:22:24,214,209.75,10400,210.55,5200,0,18200
CANBK-III.NFO,07/01/2020,12:22:36,214,209.75,7800,210.55,5200,0,18200
CANBK-III.NFO,07/01/2020,12:22:39,214,209.75,10400,210.55,5200,0,18200
CANBK-III.NFO,07/01/2020,12:22:49,214,209.75,7800,210.55,13000,0,18200
CANBK-III.NFO,07/01/2020,12:22:54,214,209.7,5200,210.55,13000,0,18200
CANBK-III.NFO,07/01/2020,12:23:19,214,209.8,7800,210.5,7800,0,18200
CANBK-III.NFO,07/01/2020,12:23:24,214,209.85,5200,210.5,7800,0,18200
CANBK-III.NFO,07/01/2020,12:23:31,214,209.8,5200,210.5,7800,0,18200
CANBK-III.NFO,07/01/2020,12:23:46,214,209.85,2600,210.5,7800,0,18200
CANBK-III.NFO,07/01/2020,12:24:00,214,209.8,2600,210.5,7800,0,18200
CANBK-III.NFO,07/01/2020,12:24:14,214,209.8,10400,210.65,5200,0,18200
CANBK-III.NFO,07/01/2020,12:24:19,214,209.8,7800,210.65,10400,0,18200
CANBK-III.NFO,07/01/2020,12:24:29,214,209.8,10400,210.65,10400,0,18200
CANBK-III.NFO,07/01/2020,12:24:34,214,209.8,7800,210.55,7800,0,18200
CANBK-III.NFO,07/01/2020,12:24:50,214,209.9,5200,210.55,7800,0,18200
CANBK-III.NFO,07/01/2020,12:24:55,214,209.85,2600,210.5,5200,0,18200
CANBK-III.NFO,07/01/2020,12:24:58,214,209.8,2600,210.45,7800,0,18200
CANBK-III.NFO,07/01/2020,12:25:07,214,209.75,5200,210.4,5200,0,18200
CANBK-III.NFO,07/01/2020,12:25:09,214,209.75,5200,210.35,7800,0,18200
CANBK-III.NFO,07/01/2020,12:25:12,214,209.75,7800,210.45,2600,0,18200
CANBK-III.NFO,07/01/2020,12:25:13,214,209.75,7800,210.45,5200,0,18200
CANBK-III.NFO,07/01/2020,12:25:23,214,209.75,5200,210.45,10400,0,18200
CANBK-III.NFO,07/01/2020,12:25:25,214,209.75,5200,210.45,7800,0,18200
CANBK-III.NFO,07/01/2020,12:25:27,214,209.75,5200,210.35,10400,0,18200
CANBK-III.NFO,07/01/2020,12:25:38,214,209.75,5200,210.35,5200,0,18200
CANBK-III.NFO,07/01/2020,12:25:42,214,209.75,7800,210.45,7800,0,18200
CANBK-III.NFO,07/01/2020,12:25:57,214,209.75,7800,210.45,13000,0,18200
CANBK-III.NFO,07/01/2020,12:26:04,214,209.8,7800,210.45,13000,0,18200
CANBK-III.NFO,07/01/2020,12:26:07,214,209.85,2600,210.35,2600,0,18200
CANBK-III.NFO,07/01/2020,12:26:27,214,209.85,2600,210.35,10400,0,18200
CANBK-III.NFO,07/01/2020,12:26:30,214,209.85,2600,210.25,2600,0,18200
CANBK-III.NFO,07/01/2020,12:26:34,214,209.75,2600,210.25,13000,0,18200
CANBK-III.NFO,07/01/2020,12:26:37,214,209.75,5200,210.4,7800,0,18200
CANBK-III.NFO,07/01/2020,12:26:40,214,209.75,5200,210.4,13000,0,18200
CANBK-III.NFO,07/01/2020,12:26:51,214,209.75,2600,210.4,13000,0,18200
CANBK-III.NFO,07/01/2020,12:26:57,214,209.65,2600,210.4,13000,0,18200
CANBK-III.NFO,07/01/2020,12:27:01,214,209.5,2600,210.4,13000,0,18200
CANBK-III.NFO,07/01/2020,12:27:06,214,209.5,5200,210.4,13000,0,18200
CANBK-III.NFO,07/01/2020,12:27:18,214,209.6,5200,210.4,13000,0,18200
CANBK-III.NFO,07/01/2020,12:27:21,214,209.45,10400,210.4,13000,0,18200
CANBK-III.NFO,07/01/2020,12:27:29,214,209.45,7800,210.4,13000,0,18200
CANBK-III.NFO,07/01/2020,12:27:41,214,209.55,5200,210.4,13000,0,18200
CANBK-III.NFO,07/01/2020,12:27:45,214,209.55,2600,210.4,13000,0,18200
CANBK-III.NFO,07/01/2020,12:27:47,214,209.55,7800,210.4,13000,0,18200
CANBK-III.NFO,07/01/2020,12:27:53,214,209.55,2600,210.4,13000,0,18200
CANBK-III.NFO,07/01/2020,12:28:15,214,209.55,5200,210.4,13000,0,18200
CANBK-III.NFO,07/01/2020,12:28:20,214,209.55,7800,210.4,13000,0,18200
CANBK-III.NFO,07/01/2020,12:28:24,214,209.55,5200,210.4,13000,0,18200
CANBK-III.NFO,07/01/2020,12:28:27,214,209.65,7800,210.4,13000,0,18200
CANBK-III.NFO,07/01/2020,12:28:31,214,209.6,2600,210.4,13000,0,18200
CANBK-III.NFO,07/01/2020,12:29:00,214,209.45,2600,210.4,13000,0,18200
CANBK-III.NFO,07/01/2020,12:29:06,214,209.45,5200,210.4,13000,0,18200
CANBK-III.NFO,07/01/2020,12:29:24,214,209.45,2600,210.3,13000,0,18200
CANBK-III.NFO,07/01/2020,12:29:36,214,209.35,10400,210.3,13000,0,18200
CANBK-III.NFO,07/01/2020,12:29:43,214,209.35,7800,210.3,13000,0,18200
CANBK-III.NFO,07/01/2020,12:30:05,214,209.45,2600,210.3,13000,0,18200
CANBK-III.NFO,07/01/2020,12:30:11,214,209.35,5200,210.3,13000,0,18200
CANBK-III.NFO,07/01/2020,12:30:16,214,209.35,10400,210.3,13000,0,18200
CANBK-III.NFO,07/01/2020,12:30:21,214,209.35,7800,210.3,13000,0,18200
CANBK-III.NFO,07/01/2020,12:30:42,214,209.45,2600,210.3,13000,0,18200
CANBK-III.NFO,07/01/2020,12:30:48,214,209.55,2600,210.3,13000,0,18200
CANBK-III.NFO,07/01/2020,12:30:52,214,209.5,2600,210.3,13000,0,18200
CANBK-III.NFO,07/01/2020,12:30:57,214,209.5,5200,210.3,13000,0,18200
CANBK-III.NFO,07/01/2020,12:31:05,214,209.45,2600,210.3,13000,0,18200
CANBK-III.NFO,07/01/2020,12:31:08,214,209.45,7800,210.3,13000,0,18200
CANBK-III.NFO,07/01/2020,12:31:17,214,209.45,5200,210.3,13000,0,18200
CANBK-III.NFO,07/01/2020,12:31:20,214,209.55,2600,210.3,13000,0,18200
CANBK-III.NFO,07/01/2020,12:31:47,214,209.45,2600,210.3,13000,0,18200
CANBK-III.NFO,07/01/2020,12:31:57,214,209.45,5200,210.3,13000,0,18200
