Ticker,Date,Time,LTP,BuyPrice,BuyQty,SellPrice,SellQty,LTQ,OpenInterest
DLF-III.NFO,07/01/2020,09:18:37,227.8,227.6,3300,228.35,6600,3300,13200
DLF-III.NFO,07/01/2020,09:18:37,227.8,227.6,3300,228.35,6600,0,13200
DLF-III.NFO,07/01/2020,09:18:37,227.8,227.6,3300,228.35,6600,0,13200
DLF-III.NFO,07/01/2020,09:18:37,227.8,227.6,3300,228.35,6600,0,13200
DLF-III.NFO,07/01/2020,09:18:44,227.8,227.6,3300,228.15,6600,0,13200
DLF-III.NFO,07/01/2020,09:18:51,227.8,227.6,3300,228,6600,0,13200
DLF-III.NFO,07/01/2020,09:18:59,227.8,227.3,9900,228.05,6600,3300,13200
DLF-III.NFO,07/01/2020,09:19:06,227.8,227.75,3300,228.5,6600,0,13200
DLF-III.NFO,07/01/2020,09:19:14,227.8,227.75,3300,228.35,9900,0,13200
DLF-III.NFO,07/01/2020,09:19:22,227.8,227.75,13200,228.65,6600,0,13200
DLF-III.NFO,07/01/2020,09:19:30,227.8,227.9,9900,228.7,6600,0,13200
DLF-III.NFO,07/01/2020,09:19:38,227.8,227.9,3300,228.45,6600,0,13200
DLF-III.NFO,07/01/2020,09:19:54,227.8,227.9,3300,228.35,6600,0,13200
DLF-III.NFO,07/01/2020,09:20:01,227.8,227.7,9900,228.95,3300,0,13200
DLF-III.NFO,07/01/2020,09:20:09,227.8,227.7,3300,228.4,6600,0,13200
DLF-III.NFO,07/01/2020,09:20:25,227.8,227.7,3300,228.3,6600,0,13200
DLF-III.NFO,07/01/2020,09:20:33,227.8,227.9,3300,228.6,6600,0,13200
DLF-III.NFO,07/01/2020,09:20:41,227.8,227.9,3300,228.6,9900,0,13200
DLF-III.NFO,07/01/2020,09:20:48,227.8,227.9,3300,228.55,9900,0,13200
DLF-III.NFO,07/01/2020,09:20:56,227.8,227.9,3300,228.4,6600,0,13200
DLF-III.NFO,07/01/2020,09:21:03,227.8,227.9,3300,228.35,6600,0,13200
DLF-III.NFO,07/01/2020,09:21:18,227.8,227.9,3300,228.35,9900,0,13200
DLF-III.NFO,07/01/2020,09:21:26,227.8,227.9,3300,228.35,6600,0,13200
DLF-III.NFO,07/01/2020,09:21:33,227.8,227.9,3300,228.3,6600,0,13200
DLF-III.NFO,07/01/2020,09:21:48,227.8,227.9,3300,228.2,6600,0,13200
DLF-III.NFO,07/01/2020,09:21:54,227.8,227.55,3300,228.2,6600,0,13200
DLF-III.NFO,07/01/2020,09:22:01,227.8,227.55,3300,228.2,9900,0,13200
DLF-III.NFO,07/01/2020,09:22:08,227.8,227.65,3300,228.3,6600,0,13200
DLF-III.NFO,07/01/2020,09:22:16,227.8,227.65,3300,228.1,6600,0,13200
DLF-III.NFO,07/01/2020,09:22:30,227.8,227.4,3300,228.1,6600,0,13200
DLF-III.NFO,07/01/2020,09:22:37,227.8,227.4,3300,228.1,9900,0,13200
DLF-III.NFO,07/01/2020,09:23:03,227.8,227.4,3300,227.95,6600,0,13200
DLF-III.NFO,07/01/2020,09:23:09,227.8,227.4,3300,228.05,6600,0,13200
DLF-III.NFO,07/01/2020,09:23:16,227.8,227.4,3300,227.85,6600,0,13200
DLF-III.NFO,07/01/2020,09:23:23,227.8,227.4,3300,227.9,9900,0,13200
DLF-III.NFO,07/01/2020,09:23:36,227.8,227.4,3300,227.9,6600,0,13200
DLF-III.NFO,07/01/2020,09:23:43,227.8,227.4,3300,228,6600,0,13200
DLF-III.NFO,07/01/2020,09:23:49,227.8,227.4,3300,227.9,6600,0,13200
DLF-III.NFO,07/01/2020,09:23:56,227.8,227.7,3300,228.35,6600,0,13200
DLF-III.NFO,07/01/2020,09:24:03,227.8,228,3300,228.7,9900,0,13200
DLF-III.NFO,07/01/2020,09:24:10,227.8,228,3300,228.5,3300,0,13200
DLF-III.NFO,07/01/2020,09:24:17,227.8,227.65,3300,228.35,9900,0,13200
DLF-III.NFO,07/01/2020,09:24:24,227.8,227.65,3300,228.35,6600,0,13200
DLF-III.NFO,07/01/2020,09:24:31,227.8,227.65,3300,228.2,6600,0,13200
DLF-III.NFO,07/01/2020,09:24:51,227.8,227.4,3300,228.05,9900,0,13200
DLF-III.NFO,07/01/2020,09:25:03,227.8,227.4,3300,228.05,6600,0,13200
DLF-III.NFO,07/01/2020,09:25:18,227.8,227.4,3300,227.95,6600,0,13200
DLF-III.NFO,07/01/2020,09:25:25,227.8,227.05,9900,227.85,9900,0,13200
DLF-III.NFO,07/01/2020,09:25:40,227.8,227.05,3300,227.7,9900,0,13200
DLF-III.NFO,07/01/2020,09:25:49,227.8,227.05,3300,227.7,6600,0,13200
DLF-III.NFO,07/01/2020,09:26:03,227.8,227.05,3300,227.55,6600,0,13200
DLF-III.NFO,07/01/2020,09:26:17,227.8,227.05,3300,227.6,6600,0,13200
DLF-III.NFO,07/01/2020,09:26:23,227.8,227.05,3300,227.5,6600,0,13200
DLF-III.NFO,07/01/2020,09:26:28,227.8,227.05,3300,227.6,6600,0,13200
DLF-III.NFO,07/01/2020,09:26:35,227.8,227.05,3300,227.7,6600,0,13200
DLF-III.NFO,07/01/2020,09:26:41,227.8,227.05,3300,227.6,9900,0,13200
DLF-III.NFO,07/01/2020,09:26:53,227.8,227.05,3300,227.75,6600,0,13200
DLF-III.NFO,07/01/2020,09:27:02,227.8,227.15,3300,227.75,6600,0,13200
DLF-III.NFO,07/01/2020,09:27:08,227.8,227.15,3300,227.65,9900,0,13200
DLF-III.NFO,07/01/2020,09:27:13,227.8,227.15,3300,227.55,9900,0,13200
DLF-III.NFO,07/01/2020,09:27:19,227.8,226.75,3300,227.45,9900,0,13200
DLF-III.NFO,07/01/2020,09:27:26,227.8,226.75,3300,227.25,9900,0,13200
DLF-III.NFO,07/01/2020,09:27:38,227.8,226.75,3300,227.2,6600,0,13200
DLF-III.NFO,07/01/2020,09:28:00,227.8,226.75,3300,227.3,9900,0,13200
DLF-III.NFO,07/01/2020,09:28:10,227.8,226.75,3300,227.3,6600,0,13200
DLF-III.NFO,07/01/2020,09:28:16,227.8,226.75,3300,227.3,9900,0,13200
DLF-III.NFO,07/01/2020,09:28:22,227.8,226.75,3300,227.3,6600,0,13200
DLF-III.NFO,07/01/2020,09:28:28,227.8,226.75,3300,227.25,6600,0,13200
DLF-III.NFO,07/01/2020,09:28:34,227.8,226.4,3300,227.25,9900,0,13200
DLF-III.NFO,07/01/2020,09:28:39,227.8,226.5,13200,227.25,6600,0,13200
DLF-III.NFO,07/01/2020,09:28:44,227.8,226.5,13200,227.3,6600,0,13200
DLF-III.NFO,07/01/2020,09:28:50,227.8,226.5,13200,227.4,6600,0,13200
DLF-III.NFO,07/01/2020,09:28:56,227.8,226.5,13200,227.3,6600,0,13200
DLF-III.NFO,07/01/2020,09:29:02,227.8,226.6,3300,227.3,6600,0,13200
DLF-III.NFO,07/01/2020,09:29:08,227.8,226.6,3300,227.2,6600,0,13200
DLF-III.NFO,07/01/2020,09:29:14,227.8,226.6,3300,227.15,6600,0,13200
DLF-III.NFO,07/01/2020,09:29:20,227.8,226.8,9900,227.5,6600,0,13200
DLF-III.NFO,07/01/2020,09:29:26,227.8,226.8,3300,227.5,9900,0,13200
DLF-III.NFO,07/01/2020,09:29:32,227.8,226.8,3300,227.3,6600,0,13200
DLF-III.NFO,07/01/2020,09:29:38,227.8,226.8,3300,227.45,6600,0,13200
DLF-III.NFO,07/01/2020,09:29:45,227.8,226.8,3300,227.45,9900,0,13200
DLF-III.NFO,07/01/2020,09:30:03,227.8,227,13200,227.85,6600,0,13200
DLF-III.NFO,07/01/2020,09:30:10,227.8,227.1,13200,228,9900,0,13200
DLF-III.NFO,07/01/2020,09:30:50,227.8,227.1,13200,227.9,6600,0,13200
DLF-III.NFO,07/01/2020,09:30:55,227.8,227.1,13200,227.9,9900,0,13200
DLF-III.NFO,07/01/2020,09:31:00,227.8,227.3,13200,228.05,6600,0,13200
DLF-III.NFO,07/01/2020,09:31:13,227.8,227.4,3300,228.05,6600,0,13200
DLF-III.NFO,07/01/2020,09:31:25,227.8,227.4,3300,228.1,6600,0,13200
DLF-III.NFO,07/01/2020,09:31:41,227.8,227.5,3300,228.15,6600,0,13200
DLF-III.NFO,07/01/2020,09:31:46,227.8,227.5,13200,228.35,6600,0,13200
DLF-III.NFO,07/01/2020,09:31:52,227.8,227.6,13200,228.35,6600,0,13200
DLF-III.NFO,07/01/2020,09:32:16,227.8,227.8,3300,228.45,6600,0,13200
DLF-III.NFO,07/01/2020,09:32:22,227.8,227.9,3300,228.55,6600,0,13200
DLF-III.NFO,07/01/2020,09:32:40,227.8,227.9,3300,228.55,9900,0,13200
DLF-III.NFO,07/01/2020,09:32:46,227.8,227.65,3300,228.35,9900,0,13200
DLF-III.NFO,07/01/2020,09:32:53,227.8,227.65,3300,228.3,6600,0,13200
DLF-III.NFO,07/01/2020,09:33:03,227.8,227.65,3300,228.3,9900,0,13200
DLF-III.NFO,07/01/2020,09:33:09,227.8,227.65,3300,228.2,6600,0,13200
DLF-III.NFO,07/01/2020,09:33:14,227.8,227.65,3300,228.2,9900,0,13200
DLF-III.NFO,07/01/2020,09:33:20,227.8,227.65,3300,228.25,6600,0,13200
DLF-III.NFO,07/01/2020,09:33:47,227.8,227.65,3300,228.3,6600,0,13200
DLF-III.NFO,07/01/2020,09:33:57,227.8,227.65,3300,228.3,9900,0,13200
DLF-III.NFO,07/01/2020,09:34:23,227.8,227.65,3300,228.2,6600,0,13200
DLF-III.NFO,07/01/2020,09:34:28,227.8,227.65,3300,228.2,9900,0,13200
DLF-III.NFO,07/01/2020,09:34:33,227.8,227.25,3300,228,9900,0,13200
DLF-III.NFO,07/01/2020,09:34:48,227.8,227.25,13200,228,9900,0,13200
DLF-III.NFO,07/01/2020,09:34:53,227.8,227.35,13200,228.2,6600,0,13200
DLF-III.NFO,07/01/2020,09:34:58,227.8,227.35,3300,228.05,9900,0,13200
DLF-III.NFO,07/01/2020,09:35:03,227.8,227.35,13200,228.75,29700,0,13200
DLF-III.NFO,07/01/2020,09:35:08,227.8,227.35,3300,228.75,29700,0,13200
DLF-III.NFO,07/01/2020,09:35:28,227.8,227.35,3300,228.75,26400,0,13200
DLF-III.NFO,07/01/2020,09:35:34,227.8,227.35,3300,228.1,9900,0,13200
DLF-III.NFO,07/01/2020,09:35:40,227.8,227.35,3300,227.8,6600,0,13200
DLF-III.NFO,07/01/2020,09:35:47,227.8,226.85,3300,227.5,3300,0,13200
DLF-III.NFO,07/01/2020,09:35:54,227.8,226.85,13200,227.55,6600,0,13200
DLF-III.NFO,07/01/2020,09:36:01,227.8,226.85,13200,227.65,6600,0,13200
DLF-III.NFO,07/01/2020,09:36:12,227.8,226.95,13200,227.7,6600,0,13200
DLF-III.NFO,07/01/2020,09:36:18,227.8,226.95,3300,227.7,6600,0,13200
DLF-III.NFO,07/01/2020,09:36:24,227.8,226.95,3300,227.55,6600,0,13200
DLF-III.NFO,07/01/2020,09:36:34,227.8,226.95,3300,227.45,6600,0,13200
DLF-III.NFO,07/01/2020,09:36:39,227.8,226.95,3300,227.45,3300,0,13200
DLF-III.NFO,07/01/2020,09:36:44,227.8,226.95,3300,227.6,9900,0,13200
DLF-III.NFO,07/01/2020,09:36:49,227.8,226.95,3300,227.6,6600,0,13200
DLF-III.NFO,07/01/2020,09:36:54,227.8,226.95,3300,227.6,9900,0,13200
DLF-III.NFO,07/01/2020,09:36:59,227.8,226.95,3300,227.6,6600,0,13200
DLF-III.NFO,07/01/2020,09:37:05,227.8,226.95,3300,227.5,6600,0,13200
DLF-III.NFO,07/01/2020,09:37:09,227.8,226.95,3300,227.5,9900,0,13200
DLF-III.NFO,07/01/2020,09:37:14,227.8,226.95,3300,227.45,6600,0,13200
DLF-III.NFO,07/01/2020,09:37:24,227.8,226.95,13200,227.7,6600,0,13200
DLF-III.NFO,07/01/2020,09:37:29,227.8,226.95,3300,227.7,9900,0,13200
DLF-III.NFO,07/01/2020,09:37:34,227.8,227.15,9900,228,6600,0,13200
DLF-III.NFO,07/01/2020,09:37:39,227.8,227.25,3300,227.9,6600,0,13200
DLF-III.NFO,07/01/2020,09:37:44,227.8,227.25,13200,228.05,6600,0,13200
DLF-III.NFO,07/01/2020,09:37:50,227.8,227.35,13200,228.05,6600,0,13200
DLF-III.NFO,07/01/2020,09:37:53,227.8,227.45,13200,228.15,6600,0,13200
DLF-III.NFO,07/01/2020,09:37:58,227.8,227.55,3300,228.15,3300,0,13200
DLF-III.NFO,07/01/2020,09:38:12,227.8,227.55,3300,228.05,6600,0,13200
DLF-III.NFO,07/01/2020,09:38:17,227.8,227.55,3300,228.15,6600,0,13200
DLF-III.NFO,07/01/2020,09:38:26,227.8,227.65,3300,228.25,6600,0,13200
DLF-III.NFO,07/01/2020,09:38:31,227.8,227.65,3300,228.15,6600,0,13200
DLF-III.NFO,07/01/2020,09:39:08,227.8,227.65,3300,228.3,6600,0,13200
DLF-III.NFO,07/01/2020,09:39:13,227.8,227.65,3300,228.25,6600,0,13200
DLF-III.NFO,07/01/2020,09:39:24,227.8,227.75,9900,228.45,6600,0,13200
DLF-III.NFO,07/01/2020,09:39:30,227.8,227.95,3300,228.55,6600,0,13200
DLF-III.NFO,07/01/2020,09:39:35,227.8,227.95,3300,228.45,6600,0,13200
DLF-III.NFO,07/01/2020,09:39:50,227.8,227.95,3300,228.45,9900,0,13200
DLF-III.NFO,07/01/2020,09:39:54,227.8,227.95,3300,228.35,6600,0,13200
DLF-III.NFO,07/01/2020,09:40:03,227.8,227.95,3300,228.55,6600,0,13200
DLF-III.NFO,07/01/2020,09:40:09,227.8,227.95,3300,228.45,3300,0,13200
DLF-III.NFO,07/01/2020,09:40:14,227.8,227.95,3300,228.45,9900,0,13200
DLF-III.NFO,07/01/2020,09:40:20,227.8,227.6,6600,228.35,9900,0,13200
DLF-III.NFO,07/01/2020,09:40:26,227.8,227.6,16500,228.4,9900,0,13200
DLF-III.NFO,07/01/2020,09:40:36,227.8,227.6,6600,228.4,9900,0,13200
DLF-III.NFO,07/01/2020,09:40:41,227.8,227.6,9900,228.4,9900,0,13200
DLF-III.NFO,07/01/2020,09:40:46,227.8,227.6,16500,228.4,9900,0,13200
DLF-III.NFO,07/01/2020,09:40:55,227.8,227.7,13200,228.4,6600,0,13200
DLF-III.NFO,07/01/2020,09:41:00,227.8,228.3,3300,228.8,3300,0,13200
DLF-III.NFO,07/01/2020,09:41:05,227.8,228.3,3300,228.9,3300,0,13200
DLF-III.NFO,07/01/2020,09:41:11,227.8,228.3,3300,228.95,6600,0,13200
DLF-III.NFO,07/01/2020,09:41:15,227.8,228.3,3300,228.9,3300,0,13200
DLF-III.NFO,07/01/2020,09:41:20,227.8,228.4,3300,229.05,6600,0,13200
DLF-III.NFO,07/01/2020,09:41:26,227.8,228.5,13200,229.25,6600,0,13200
DLF-III.NFO,07/01/2020,09:41:31,227.8,228.6,3300,229.25,6600,0,13200
DLF-III.NFO,07/01/2020,09:41:35,227.8,228.6,3300,229.1,9900,0,13200
DLF-III.NFO,07/01/2020,09:41:40,227.8,228.6,3300,229.05,9900,0,13200
DLF-III.NFO,07/01/2020,09:41:49,227.8,228.35,3300,228.9,6600,0,13200
DLF-III.NFO,07/01/2020,09:41:55,227.8,228.35,3300,228.95,6600,0,13200
DLF-III.NFO,07/01/2020,09:42:01,227.8,228.35,3300,228.85,6600,0,13200
DLF-III.NFO,07/01/2020,09:42:08,227.8,228.35,3300,228.9,6600,0,13200
DLF-III.NFO,07/01/2020,09:42:15,227.8,228.35,3300,228.9,9900,0,13200
DLF-III.NFO,07/01/2020,09:42:21,227.8,228.35,3300,228.9,6600,0,13200
DLF-III.NFO,07/01/2020,09:42:28,227.8,228.35,3300,228.85,6600,0,13200
DLF-III.NFO,07/01/2020,09:42:35,227.8,228.35,3300,228.9,6600,0,13200
DLF-III.NFO,07/01/2020,09:42:48,227.8,227.95,6600,228.7,9900,0,13200
DLF-III.NFO,07/01/2020,09:42:54,227.8,227.95,3300,228.6,6600,0,13200
DLF-III.NFO,07/01/2020,09:43:06,227.8,228.05,3300,228.65,3300,0,13200
DLF-III.NFO,07/01/2020,09:43:12,227.8,228.15,3300,228.75,3300,0,13200
DLF-III.NFO,07/01/2020,09:43:17,227.8,228.25,3300,229,6600,0,13200
DLF-III.NFO,07/01/2020,09:43:22,227.8,228.35,3300,229,3300,0,13200
DLF-III.NFO,07/01/2020,09:43:27,227.8,228.35,3300,228.95,3300,0,13200
DLF-III.NFO,07/01/2020,09:43:32,227.8,228.35,3300,229.1,9900,0,13200
DLF-III.NFO,07/01/2020,09:43:37,227.8,228.35,3300,228.95,6600,0,13200
DLF-III.NFO,07/01/2020,09:43:47,227.8,228.35,3300,228.85,6600,0,13200
DLF-III.NFO,07/01/2020,09:43:51,227.8,228.35,3300,228.85,3300,0,13200
DLF-III.NFO,07/01/2020,09:43:57,227.8,228.35,3300,228.8,3300,0,13200
DLF-III.NFO,07/01/2020,09:44:02,227.8,228.45,3300,229,6600,0,13200
DLF-III.NFO,07/01/2020,09:44:08,227.8,228.55,3300,229.05,6600,0,13200
DLF-III.NFO,07/01/2020,09:44:13,227.8,228.55,3300,229,3300,0,13200
DLF-III.NFO,07/01/2020,09:44:18,227.8,228.55,3300,229.05,3300,0,13200
DLF-III.NFO,07/01/2020,09:44:29,227.8,228.65,3300,229.15,6600,0,13200
DLF-III.NFO,07/01/2020,09:44:34,227.8,228.65,3300,229.15,9900,0,13200
DLF-III.NFO,07/01/2020,09:44:40,227.8,228.75,3300,229.3,6600,0,13200
DLF-III.NFO,07/01/2020,09:44:46,227.8,228.75,3300,229.45,6600,0,13200
DLF-III.NFO,07/01/2020,09:44:51,227.8,228.85,3300,229.45,6600,0,13200
DLF-III.NFO,07/01/2020,09:44:57,227.8,228.85,3300,229.45,3300,0,13200
DLF-III.NFO,07/01/2020,09:45:02,227.8,228.85,3300,229.75,13200,0,13200
DLF-III.NFO,07/01/2020,09:45:07,227.8,228.95,3300,229.55,6600,0,13200
DLF-III.NFO,07/01/2020,09:45:14,227.8,228.95,3300,229.6,9900,0,13200
DLF-III.NFO,07/01/2020,09:45:20,227.8,228.95,3300,229.45,3300,0,13200
DLF-III.NFO,07/01/2020,09:45:26,227.8,228.95,3300,229.45,6600,0,13200
DLF-III.NFO,07/01/2020,09:45:31,227.8,228.6,6600,229.35,6600,0,13200
DLF-III.NFO,07/01/2020,09:45:41,227.8,228.6,6600,229.35,9900,0,13200
DLF-III.NFO,07/01/2020,09:45:50,227.8,228.6,3300,229.35,9900,0,13200
DLF-III.NFO,07/01/2020,09:45:55,227.8,228.6,3300,229.15,9900,0,13200
DLF-III.NFO,07/01/2020,09:45:59,227.8,228.6,3300,229.1,3300,0,13200
DLF-III.NFO,07/01/2020,09:46:08,227.8,228.6,3300,229.1,6600,0,13200
DLF-III.NFO,07/01/2020,09:46:18,227.8,228.6,3300,229,6600,0,13200
DLF-III.NFO,07/01/2020,09:46:28,227.8,228.6,3300,229,3300,0,13200
DLF-III.NFO,07/01/2020,09:46:34,227.8,228.6,3300,228.95,3300,0,13200
DLF-III.NFO,07/01/2020,09:46:39,227.8,228.6,3300,228.95,6600,0,13200
DLF-III.NFO,07/01/2020,09:46:45,227.8,228.6,3300,228.95,3300,0,13200
DLF-III.NFO,07/01/2020,09:46:49,227.8,228.3,3300,228.95,9900,0,13200
DLF-III.NFO,07/01/2020,09:47:02,227.8,228.3,3300,228.9,6600,0,13200
DLF-III.NFO,07/01/2020,09:47:11,227.8,228.3,3300,228.8,3300,0,13200
DLF-III.NFO,07/01/2020,09:47:46,227.8,228.3,3300,228.9,6600,0,13200
DLF-III.NFO,07/01/2020,09:47:51,227.8,228.3,3300,228.9,9900,0,13200
DLF-III.NFO,07/01/2020,09:48:05,227.8,228.3,3300,228.9,6600,0,13200
DLF-III.NFO,07/01/2020,09:48:22,227.8,228.3,3300,228.85,6600,0,13200
DLF-III.NFO,07/01/2020,09:48:44,227.8,228.3,3300,228.75,6600,0,13200
DLF-III.NFO,07/01/2020,09:48:47,227.8,228.3,3300,228.85,6600,0,13200
DLF-III.NFO,07/01/2020,09:48:55,227.8,228.3,3300,228.75,6600,0,13200
DLF-III.NFO,07/01/2020,09:49:24,227.8,228.3,3300,228.7,3300,0,13200
DLF-III.NFO,07/01/2020,09:49:30,227.8,228,16500,228.7,3300,0,13200
DLF-III.NFO,07/01/2020,09:49:35,227.8,228,6600,228.7,6600,0,13200
DLF-III.NFO,07/01/2020,09:49:41,227.8,228,16500,228.7,3300,0,13200
DLF-III.NFO,07/01/2020,09:49:45,227.8,228,16500,228.7,6600,0,13200
DLF-III.NFO,07/01/2020,09:49:52,227.8,228,16500,228.7,3300,0,13200
DLF-III.NFO,07/01/2020,09:49:58,227.8,228,16500,228.75,3300,0,13200
DLF-III.NFO,07/01/2020,09:50:05,227.8,228.1,9900,228.85,6600,0,13200
DLF-III.NFO,07/01/2020,09:50:09,227.8,228.2,3300,228.85,6600,0,13200
DLF-III.NFO,07/01/2020,09:50:13,227.8,228.2,3300,228.85,9900,0,13200
DLF-III.NFO,07/01/2020,09:50:17,227.8,228.2,3300,228.65,3300,0,13200
DLF-III.NFO,07/01/2020,09:50:21,227.8,228.2,3300,228.7,3300,0,13200
DLF-III.NFO,07/01/2020,09:50:39,227.8,228.2,3300,228.7,9900,0,13200
DLF-III.NFO,07/01/2020,09:50:44,227.8,228.2,3300,228.7,6600,0,13200
DLF-III.NFO,07/01/2020,09:50:53,227.8,228.2,3300,228.6,3300,0,13200
DLF-III.NFO,07/01/2020,09:51:03,227.8,228.2,3300,228.8,6600,0,13200
DLF-III.NFO,07/01/2020,09:51:07,227.8,228.2,3300,228.8,9900,0,13200
DLF-III.NFO,07/01/2020,09:51:11,227.8,228.2,3300,228.8,6600,0,13200
DLF-III.NFO,07/01/2020,09:51:16,227.8,228.2,3300,228.65,3300,0,13200
DLF-III.NFO,07/01/2020,09:52:18,227.8,228.2,3300,228.55,6600,0,13200
DLF-III.NFO,07/01/2020,09:52:23,227.8,227.9,6600,228.55,6600,0,13200
DLF-III.NFO,07/01/2020,09:52:33,227.8,227.9,6600,228.55,9900,0,13200
DLF-III.NFO,07/01/2020,09:52:47,227.8,227.9,6600,228.55,3300,0,13200
DLF-III.NFO,07/01/2020,09:52:51,227.8,227.9,6600,228.8,9900,0,13200
DLF-III.NFO,07/01/2020,09:52:55,227.8,227.9,6600,228.6,9900,0,13200
DLF-III.NFO,07/01/2020,09:53:18,227.8,227.9,3300,228.6,9900,0,13200
DLF-III.NFO,07/01/2020,09:53:49,227.8,227.9,3300,228.55,3300,0,13200
DLF-III.NFO,07/01/2020,09:53:53,227.8,228,3300,228.55,3300,0,13200
DLF-III.NFO,07/01/2020,09:54:18,227.8,228,3300,228.45,3300,0,13200
DLF-III.NFO,07/01/2020,09:54:23,227.8,228,3300,228.45,9900,0,13200
DLF-III.NFO,07/01/2020,09:54:41,227.8,228,3300,228.35,9900,0,13200
DLF-III.NFO,07/01/2020,09:54:46,227.8,227.55,13200,228.35,9900,0,13200
DLF-III.NFO,07/01/2020,09:54:50,227.8,227.65,3300,228.35,9900,0,13200
DLF-III.NFO,07/01/2020,09:55:02,227.8,227.85,3300,228.4,3300,0,13200
DLF-III.NFO,07/01/2020,09:55:07,227.8,227.95,3300,228.55,6600,0,13200
DLF-III.NFO,07/01/2020,09:55:17,227.8,227.95,3300,228.5,3300,0,13200
DLF-III.NFO,07/01/2020,09:55:22,227.8,227.95,3300,228.6,6600,0,13200
DLF-III.NFO,07/01/2020,09:55:26,227.8,227.95,3300,228.6,9900,0,13200
DLF-III.NFO,07/01/2020,09:55:34,227.8,227.95,3300,228.55,6600,0,13200
DLF-III.NFO,07/01/2020,09:55:39,227.8,227.95,3300,228.45,6600,0,13200
DLF-III.NFO,07/01/2020,09:55:43,227.8,227.95,3300,228.45,3300,0,13200
DLF-III.NFO,07/01/2020,09:55:51,227.8,227.95,3300,228.5,3300,0,13200
DLF-III.NFO,07/01/2020,09:55:58,227.8,227.95,3300,228.55,6600,0,13200
DLF-III.NFO,07/01/2020,09:56:12,227.8,227.95,3300,228.45,3300,0,13200
DLF-III.NFO,07/01/2020,09:56:27,227.8,227.95,3300,228.45,6600,0,13200
DLF-III.NFO,07/01/2020,09:56:31,227.8,227.95,3300,228.35,6600,0,13200
DLF-III.NFO,07/01/2020,09:56:35,227.8,227.65,6600,228.35,6600,0,13200
DLF-III.NFO,07/01/2020,09:56:44,227.8,227.65,13200,228.35,6600,0,13200
DLF-III.NFO,07/01/2020,09:56:57,227.8,227.65,6600,228.35,6600,0,13200
DLF-III.NFO,07/01/2020,09:57:01,227.8,227.65,3300,228.25,9900,0,13200
DLF-III.NFO,07/01/2020,09:57:23,227.8,227.65,3300,228.25,6600,0,13200
DLF-III.NFO,07/01/2020,09:57:36,227.8,227.75,3300,228.45,9900,0,13200
DLF-III.NFO,07/01/2020,09:57:38,227.8,227.75,3300,228.45,3300,0,13200
DLF-III.NFO,07/01/2020,09:57:41,227.8,227.75,3300,228.45,6600,0,13200
DLF-III.NFO,07/01/2020,09:57:43,227.8,227.75,3300,228.45,3300,0,13200
DLF-III.NFO,07/01/2020,09:57:46,227.8,227.75,3300,228.4,3300,0,13200
DLF-III.NFO,07/01/2020,09:57:53,227.8,227.75,3300,228.4,6600,0,13200
DLF-III.NFO,07/01/2020,09:57:56,227.8,227.75,3300,228.4,9900,0,13200
DLF-III.NFO,07/01/2020,09:58:33,227.8,227.75,3300,228.4,6600,0,13200
DLF-III.NFO,07/01/2020,09:58:38,227.8,227.75,3300,228.3,9900,0,13200
DLF-III.NFO,07/01/2020,09:58:59,227.8,227.75,3300,228.3,6600,0,13200
DLF-III.NFO,07/01/2020,09:59:03,227.8,227.75,3300,228.3,3300,0,13200
DLF-III.NFO,07/01/2020,09:59:08,227.8,227.75,3300,228.3,6600,0,13200
DLF-III.NFO,07/01/2020,09:59:18,227.8,227.75,3300,228.2,9900,0,13200
DLF-III.NFO,07/01/2020,09:59:31,227.8,227.75,3300,228.2,6600,0,13200
DLF-III.NFO,07/01/2020,09:59:36,227.8,227.75,3300,228.1,6600,0,13200
DLF-III.NFO,07/01/2020,09:59:41,227.8,227.75,3300,228.25,6600,0,13200
DLF-III.NFO,07/01/2020,09:59:50,227.8,227.75,3300,228.35,6600,0,13200
DLF-III.NFO,07/01/2020,09:59:54,227.8,227.75,3300,228.35,9900,0,13200
DLF-III.NFO,07/01/2020,10:00:26,227.8,227.75,3300,228.2,3300,0,13200
DLF-III.NFO,07/01/2020,10:00:31,227.8,227.75,3300,228.1,6600,0,13200
DLF-III.NFO,07/01/2020,10:00:35,227.8,227.75,3300,228.1,9900,0,13200
DLF-III.NFO,07/01/2020,10:00:44,227.8,227.4,3300,228,6600,0,13200
DLF-III.NFO,07/01/2020,10:00:57,227.8,227.4,3300,228.35,16500,0,13200
DLF-III.NFO,07/01/2020,10:01:03,227.8,227.4,3300,227.95,9900,0,13200
DLF-III.NFO,07/01/2020,10:01:50,227.8,227.4,3300,227.95,6600,0,13200
DLF-III.NFO,07/01/2020,10:02:05,227.8,227.4,3300,227.95,3300,0,13200
DLF-III.NFO,07/01/2020,10:02:17,227.8,227.5,3300,228,3300,0,13200
DLF-III.NFO,07/01/2020,10:02:33,227.8,227.5,3300,228.1,6600,0,13200
DLF-III.NFO,07/01/2020,10:02:38,227.8,227.5,3300,228.1,9900,0,13200
DLF-III.NFO,07/01/2020,10:02:54,227.8,227.6,3300,228.05,3300,0,13200
DLF-III.NFO,07/01/2020,10:03:07,227.8,227.6,3300,228,3300,0,13200
DLF-III.NFO,07/01/2020,10:03:12,227.8,227.6,3300,228,6600,0,13200
DLF-III.NFO,07/01/2020,10:03:18,227.8,227.6,3300,228,3300,0,13200
DLF-III.NFO,07/01/2020,10:03:32,227.8,227.25,3300,227.9,6600,0,13200
DLF-III.NFO,07/01/2020,10:03:37,227.8,227.35,3300,227.9,3300,0,13200
DLF-III.NFO,07/01/2020,10:03:42,227.8,227.35,3300,227.9,6600,0,13200
DLF-III.NFO,07/01/2020,10:03:51,227.8,227.35,3300,227.8,6600,0,13200
DLF-III.NFO,07/01/2020,10:04:00,227.8,227.2,3300,227.8,3300,0,13200
DLF-III.NFO,07/01/2020,10:04:09,227.8,227.2,3300,227.8,6600,0,13200
DLF-III.NFO,07/01/2020,10:04:14,227.8,227.2,3300,227.7,6600,0,13200
DLF-III.NFO,07/01/2020,10:04:22,227.8,227.2,3300,227.75,3300,0,13200
DLF-III.NFO,07/01/2020,10:04:31,227.8,227.2,3300,227.9,6600,0,13200
DLF-III.NFO,07/01/2020,10:04:37,227.8,227.3,3300,227.9,6600,0,13200
DLF-III.NFO,07/01/2020,10:04:41,227.8,227.3,3300,227.9,3300,0,13200
DLF-III.NFO,07/01/2020,10:04:57,227.8,227.3,3300,227.9,9900,0,13200
DLF-III.NFO,07/01/2020,10:05:29,227.8,227.3,3300,227.8,9900,0,13200
DLF-III.NFO,07/01/2020,10:05:35,227.8,227.3,3300,227.65,3300,0,13200
DLF-III.NFO,07/01/2020,10:05:41,227.8,227.3,3300,227.7,3300,0,13200
DLF-III.NFO,07/01/2020,10:05:47,227.8,227.3,3300,227.8,3300,0,13200
DLF-III.NFO,07/01/2020,10:05:53,227.8,227.3,3300,227.8,6600,0,13200
DLF-III.NFO,07/01/2020,10:05:58,227.8,227.3,3300,227.7,6600,0,13200
DLF-III.NFO,07/01/2020,10:06:02,227.8,227.3,3300,227.75,3300,0,13200
DLF-III.NFO,07/01/2020,10:06:07,227.8,227.3,3300,227.75,6600,0,13200
DLF-III.NFO,07/01/2020,10:06:12,227.8,227.3,3300,227.75,3300,0,13200
DLF-III.NFO,07/01/2020,10:06:16,227.8,227.3,3300,227.65,3300,0,13200
DLF-III.NFO,07/01/2020,10:06:35,227.8,227.3,3300,227.8,9900,0,13200
DLF-III.NFO,07/01/2020,10:07:01,227.8,227.3,3300,227.8,3300,0,13200
DLF-III.NFO,07/01/2020,10:07:06,227.8,227.3,3300,227.8,9900,0,13200
DLF-III.NFO,07/01/2020,10:07:27,227.8,227.3,3300,227.8,3300,0,13200
DLF-III.NFO,07/01/2020,10:07:32,227.8,227.3,3300,227.8,9900,0,13200
DLF-III.NFO,07/01/2020,10:07:37,227.8,227.3,3300,227.8,3300,0,13200
DLF-III.NFO,07/01/2020,10:07:52,227.8,227.3,3300,227.75,3300,0,13200
DLF-III.NFO,07/01/2020,10:08:22,227.8,227.3,3300,227.9,3300,0,13200
DLF-III.NFO,07/01/2020,10:08:31,227.8,227.4,3300,227.9,3300,0,13200
DLF-III.NFO,07/01/2020,10:09:29,227.8,227.4,3300,228,9900,0,13200
DLF-III.NFO,07/01/2020,10:09:38,227.8,227.4,3300,228,6600,0,13200
DLF-III.NFO,07/01/2020,10:09:43,227.8,227.4,3300,227.95,3300,0,13200
DLF-III.NFO,07/01/2020,10:09:47,227.8,227.4,3300,228,6600,0,13200
DLF-III.NFO,07/01/2020,10:09:51,227.8,227.4,3300,227.95,6600,0,13200
DLF-III.NFO,07/01/2020,10:09:56,227.8,227.4,3300,227.9,3300,0,13200
DLF-III.NFO,07/01/2020,10:10:00,227.8,227.5,3300,228.4,19800,0,13200
DLF-III.NFO,07/01/2020,10:10:12,227.8,227.5,3300,228.4,23100,0,13200
DLF-III.NFO,07/01/2020,10:10:17,227.8,227.5,3300,228.4,19800,0,13200
DLF-III.NFO,07/01/2020,10:10:21,227.8,227.5,3300,228.4,23100,0,13200
DLF-III.NFO,07/01/2020,10:10:25,227.8,227.15,16500,227.9,6600,0,13200
DLF-III.NFO,07/01/2020,10:10:38,227.8,227.15,16500,227.9,3300,0,13200
DLF-III.NFO,07/01/2020,10:10:48,227.8,227.15,16500,227.9,6600,0,13200
DLF-III.NFO,07/01/2020,10:11:05,227.8,227.15,13200,228.3,23100,0,13200
DLF-III.NFO,07/01/2020,10:11:18,227.8,227.25,3300,227.9,13200,0,13200
DLF-III.NFO,07/01/2020,10:11:22,227.8,227.25,3300,227.7,9900,0,13200
DLF-III.NFO,07/01/2020,10:11:37,227.8,227.25,3300,227.7,3300,0,13200
DLF-III.NFO,07/01/2020,10:11:58,227.8,227.25,3300,227.75,3300,0,13200
DLF-III.NFO,07/01/2020,10:12:02,227.8,227.25,3300,227.75,6600,0,13200
DLF-III.NFO,07/01/2020,10:12:10,227.8,227.25,3300,227.75,3300,0,13200
DLF-III.NFO,07/01/2020,10:12:14,227.8,227.25,3300,227.75,6600,0,13200
DLF-III.NFO,07/01/2020,10:12:18,227.8,227.25,3300,227.95,9900,0,13200
DLF-III.NFO,07/01/2020,10:12:40,227.8,227.25,3300,227.85,9900,0,13200
DLF-III.NFO,07/01/2020,10:12:44,227.8,227.25,3300,227.85,6600,0,13200
DLF-III.NFO,07/01/2020,10:12:55,227.8,227.25,3300,228.05,9900,0,13200
DLF-III.NFO,07/01/2020,10:12:59,227.8,227.25,3300,227.95,9900,0,13200
DLF-III.NFO,07/01/2020,10:13:03,227.8,227.25,3300,227.85,9900,0,13200
DLF-III.NFO,07/01/2020,10:13:16,227.8,227.25,3300,228,6600,0,13200
DLF-III.NFO,07/01/2020,10:13:21,227.8,227.25,3300,227.7,6600,0,13200
DLF-III.NFO,07/01/2020,10:13:35,227.8,227.25,3300,227.75,9900,0,13200
DLF-III.NFO,07/01/2020,10:13:42,227.8,227.25,3300,227.75,6600,0,13200
DLF-III.NFO,07/01/2020,10:13:45,227.8,227.25,3300,227.75,9900,0,13200
DLF-III.NFO,07/01/2020,10:13:50,227.8,227.25,3300,227.8,9900,0,13200
DLF-III.NFO,07/01/2020,10:14:10,227.8,227.25,3300,228.25,13200,0,13200
DLF-III.NFO,07/01/2020,10:14:16,227.8,227.35,3300,227.9,3300,0,13200
DLF-III.NFO,07/01/2020,10:14:45,227.8,227.35,3300,227.9,6600,0,13200
DLF-III.NFO,07/01/2020,10:14:55,227.8,227.35,3300,227.9,3300,0,13200
DLF-III.NFO,07/01/2020,10:15:10,227.8,227.35,3300,227.9,6600,0,13200
DLF-III.NFO,07/01/2020,10:15:15,227.8,227.35,3300,227.9,3300,0,13200
DLF-III.NFO,07/01/2020,10:15:30,227.8,227.35,3300,228,6600,0,13200
DLF-III.NFO,07/01/2020,10:15:35,227.8,227.35,3300,228,3300,0,13200
DLF-III.NFO,07/01/2020,10:15:40,227.8,227.45,3300,228,3300,0,13200
DLF-III.NFO,07/01/2020,10:15:44,227.8,227.45,3300,228,6600,0,13200
DLF-III.NFO,07/01/2020,10:15:50,227.8,227.45,3300,228,9900,0,13200
DLF-III.NFO,07/01/2020,10:15:56,227.8,227.45,3300,227.9,9900,0,13200
DLF-III.NFO,07/01/2020,10:16:06,227.8,227.1,16500,227.85,6600,0,13200
DLF-III.NFO,07/01/2020,10:16:10,227.8,227.1,16500,227.85,3300,0,13200
DLF-III.NFO,07/01/2020,10:16:14,227.8,227.1,16500,227.85,6600,0,13200
DLF-III.NFO,07/01/2020,10:16:18,227.8,227.1,6600,227.85,6600,0,13200
DLF-III.NFO,07/01/2020,10:16:21,227.8,227.1,6600,227.85,9900,0,13200
DLF-III.NFO,07/01/2020,10:16:30,227.8,227.1,6600,227.85,6600,0,13200
DLF-III.NFO,07/01/2020,10:16:39,227.8,227.1,6600,227.75,3300,0,13200
DLF-III.NFO,07/01/2020,10:16:47,227.8,227.1,6600,227.75,6600,0,13200
DLF-III.NFO,07/01/2020,10:16:51,227.8,227.1,13200,227.75,3300,0,13200
DLF-III.NFO,07/01/2020,10:16:59,227.8,227.1,6600,227.75,3300,0,13200
DLF-III.NFO,07/01/2020,10:17:03,227.8,227.1,6600,227.75,6600,0,13200
DLF-III.NFO,07/01/2020,10:17:31,227.8,227.1,6600,227.75,3300,0,13200
DLF-III.NFO,07/01/2020,10:17:44,227.8,227.1,6600,228.35,19800,0,13200
DLF-III.NFO,07/01/2020,10:17:48,227.8,227.1,6600,227.95,9900,0,13200
DLF-III.NFO,07/01/2020,10:17:59,227.8,227.1,6600,227.85,9900,0,13200
DLF-III.NFO,07/01/2020,10:18:56,227.8,226.5,3300,227.25,9900,0,13200
DLF-III.NFO,07/01/2020,10:19:01,227.8,226.5,3300,227.15,9900,0,13200
DLF-III.NFO,07/01/2020,10:19:13,227.8,226.5,3300,227,3300,0,13200
DLF-III.NFO,07/01/2020,10:19:18,227.8,226.5,3300,227.15,3300,0,13200
DLF-III.NFO,07/01/2020,10:19:23,227.8,226.5,13200,227.15,3300,0,13200
DLF-III.NFO,07/01/2020,10:19:27,227.8,226.6,3300,227.15,3300,0,13200
DLF-III.NFO,07/01/2020,10:19:37,227.8,226.7,3300,227.55,9900,0,13200
DLF-III.NFO,07/01/2020,10:19:41,227.8,226.7,3300,227.35,9900,0,13200
DLF-III.NFO,07/01/2020,10:20:04,227.8,226.7,3300,227.35,6600,0,13200
DLF-III.NFO,07/01/2020,10:20:21,227.8,226.7,3300,227.3,3300,0,13200
DLF-III.NFO,07/01/2020,10:21:00,227.8,226.8,3300,227.4,6600,0,13200
DLF-III.NFO,07/01/2020,10:21:03,227.8,226.9,3300,227.6,9900,0,13200
DLF-III.NFO,07/01/2020,10:21:15,227.8,226.9,3300,227.5,9900,0,13200
DLF-III.NFO,07/01/2020,10:22:12,227.8,226.9,3300,227.4,9900,0,13200
DLF-III.NFO,07/01/2020,10:22:17,227.8,226.65,3300,227.3,9900,0,13200
DLF-III.NFO,07/01/2020,10:22:21,227.8,226.65,3300,227.3,3300,0,13200
DLF-III.NFO,07/01/2020,10:22:48,227.8,226.65,3300,227.25,6600,0,13200
DLF-III.NFO,07/01/2020,10:22:54,227.8,226.65,3300,227.15,6600,0,13200
DLF-III.NFO,07/01/2020,10:22:59,227.8,226.65,3300,227.15,9900,0,13200
DLF-III.NFO,07/01/2020,10:23:04,227.8,226.65,3300,227.3,3300,0,13200
DLF-III.NFO,07/01/2020,10:23:27,227.8,226.65,13200,227.65,13200,0,13200
DLF-III.NFO,07/01/2020,10:23:32,227.8,226.75,3300,227.45,9900,0,13200
DLF-III.NFO,07/01/2020,10:23:36,227.8,226.85,3300,227.45,9900,0,13200
DLF-III.NFO,07/01/2020,10:23:53,227.8,226.85,3300,227.4,9900,0,13200
DLF-III.NFO,07/01/2020,10:24:13,227.8,226.85,3300,227.3,9900,0,13200
DLF-III.NFO,07/01/2020,10:24:21,227.8,226.6,3300,227.3,9900,0,13200
DLF-III.NFO,07/01/2020,10:24:25,227.8,226.6,3300,227.3,6600,0,13200
DLF-III.NFO,07/01/2020,10:24:51,227.8,226.7,3300,227.25,6600,0,13200
DLF-III.NFO,07/01/2020,10:25:07,227.8,226.7,3300,227.25,9900,0,13200
DLF-III.NFO,07/01/2020,10:25:38,227.8,226.7,3300,227.15,3300,0,13200
DLF-III.NFO,07/01/2020,10:25:43,227.8,226.7,3300,227.1,3300,0,13200
DLF-III.NFO,07/01/2020,10:25:48,227.8,226.7,3300,227.15,6600,0,13200
DLF-III.NFO,07/01/2020,10:25:53,227.8,226.7,3300,227.15,3300,0,13200
DLF-III.NFO,07/01/2020,10:26:01,227.8,226.7,3300,227.05,3300,0,13200
DLF-III.NFO,07/01/2020,10:26:06,227.8,226.7,3300,227.05,6600,0,13200
DLF-III.NFO,07/01/2020,10:26:10,227.8,226.35,6600,227.05,3300,0,13200
DLF-III.NFO,07/01/2020,10:26:14,227.8,226.35,16500,227.05,3300,0,13200
DLF-III.NFO,07/01/2020,10:26:29,227.8,226.35,9900,227.05,3300,0,13200
DLF-III.NFO,07/01/2020,10:26:48,227.8,226.35,13200,227.05,3300,0,13200
DLF-III.NFO,07/01/2020,10:27:02,227.8,226.35,6600,227.05,3300,0,13200
DLF-III.NFO,07/01/2020,10:27:10,227.8,226.35,13200,227,3300,0,13200
DLF-III.NFO,07/01/2020,10:27:13,227.8,226.45,3300,227.05,3300,0,13200
DLF-III.NFO,07/01/2020,10:27:17,227.8,226.55,3300,227.35,9900,0,13200
DLF-III.NFO,07/01/2020,10:27:21,227.8,226.55,3300,227.25,3300,0,13200
DLF-III.NFO,07/01/2020,10:27:25,227.8,226.65,3300,227.2,3300,0,13200
DLF-III.NFO,07/01/2020,10:27:29,227.8,226.65,3300,227.15,3300,0,13200
DLF-III.NFO,07/01/2020,10:27:50,227.8,226.65,3300,227.25,6600,0,13200
DLF-III.NFO,07/01/2020,10:27:57,227.8,226.65,3300,227.25,3300,0,13200
DLF-III.NFO,07/01/2020,10:28:00,227.8,226.65,3300,227.2,3300,0,13200
DLF-III.NFO,07/01/2020,10:28:15,227.8,226.65,3300,227.3,3300,0,13200
DLF-III.NFO,07/01/2020,10:28:19,227.8,226.75,3300,227.4,6600,0,13200
DLF-III.NFO,07/01/2020,10:28:31,227.8,226.85,3300,227.4,6600,0,13200
DLF-III.NFO,07/01/2020,10:29:04,227.8,226.85,3300,227.35,3300,0,13200
DLF-III.NFO,07/01/2020,10:30:35,227.8,226.85,3300,227.35,6600,0,13200
DLF-III.NFO,07/01/2020,10:30:43,227.8,226.85,3300,227.45,9900,0,13200
DLF-III.NFO,07/01/2020,10:31:10,227.8,226.85,3300,227.45,6600,0,13200
DLF-III.NFO,07/01/2020,10:31:13,227.8,226.85,3300,227.25,3300,0,13200
DLF-III.NFO,07/01/2020,10:31:48,227.8,226.85,3300,227.45,9900,0,13200
DLF-III.NFO,07/01/2020,10:32:00,227.8,226.85,3300,227.35,9900,0,13200
DLF-III.NFO,07/01/2020,10:32:05,227.8,226.85,3300,227.35,6600,0,13200
DLF-III.NFO,07/01/2020,10:32:17,227.8,226.85,3300,227.35,9900,0,13200
DLF-III.NFO,07/01/2020,10:32:53,227.8,226.85,3300,227.35,6600,0,13200
DLF-III.NFO,07/01/2020,10:33:07,227.8,226.85,3300,227.35,9900,0,13200
DLF-III.NFO,07/01/2020,10:33:12,227.8,226.85,3300,227.35,6600,0,13200
DLF-III.NFO,07/01/2020,10:33:28,227.8,226.85,3300,227.35,3300,0,13200
DLF-III.NFO,07/01/2020,10:33:41,227.8,226.85,3300,227.35,6600,0,13200
DLF-III.NFO,07/01/2020,10:33:47,227.8,226.85,3300,227.35,9900,0,13200
DLF-III.NFO,07/01/2020,10:33:53,227.8,226.85,3300,227.35,6600,0,13200
DLF-III.NFO,07/01/2020,10:34:05,227.8,226.85,3300,227.4,6600,0,13200
DLF-III.NFO,07/01/2020,10:34:08,227.8,226.85,3300,227.4,9900,0,13200
DLF-III.NFO,07/01/2020,10:34:39,227.8,226.85,13200,227.65,6600,0,13200
DLF-III.NFO,07/01/2020,10:34:43,227.8,226.95,3300,227.65,6600,0,13200
DLF-III.NFO,07/01/2020,10:34:47,227.8,227.05,3300,227.65,6600,0,13200
DLF-III.NFO,07/01/2020,10:34:50,227.8,227.15,3300,227.65,6600,0,13200
DLF-III.NFO,07/01/2020,10:35:23,227.8,227.15,3300,227.65,9900,0,13200
DLF-III.NFO,07/01/2020,10:35:25,227.8,226.9,3300,227.55,9900,0,13200
DLF-III.NFO,07/01/2020,10:35:39,227.8,226.9,3300,227.45,9900,0,13200
DLF-III.NFO,07/01/2020,10:35:55,227.8,226.9,3300,227.45,6600,0,13200
DLF-III.NFO,07/01/2020,10:36:07,227.8,226.9,3300,227.45,9900,0,13200
DLF-III.NFO,07/01/2020,10:36:52,227.8,226.9,3300,227.4,3300,0,13200
DLF-III.NFO,07/01/2020,10:37:04,227.8,226.9,3300,227.4,6600,0,13200
DLF-III.NFO,07/01/2020,10:37:29,227.8,226.9,3300,227.7,16500,0,13200
DLF-III.NFO,07/01/2020,10:37:31,227.8,226.9,3300,227.5,9900,0,13200
DLF-III.NFO,07/01/2020,10:37:39,227.8,226.9,3300,227.4,9900,0,13200
DLF-III.NFO,07/01/2020,10:37:55,227.8,226.9,3300,227.4,6600,0,13200
DLF-III.NFO,07/01/2020,10:37:59,227.8,226.9,3300,227.4,3300,0,13200
DLF-III.NFO,07/01/2020,10:38:02,227.8,226.9,3300,227.3,3300,0,13200
DLF-III.NFO,07/01/2020,10:38:38,227.8,226.9,3300,227.3,6600,0,13200
DLF-III.NFO,07/01/2020,10:38:44,227.8,226.9,3300,227.3,9900,0,13200
DLF-III.NFO,07/01/2020,10:39:28,227.8,226.5,6600,227.2,9900,0,13200
DLF-III.NFO,07/01/2020,10:39:34,227.8,226.5,6600,227.2,6600,0,13200
DLF-III.NFO,07/01/2020,10:39:49,227.8,226.5,6600,227.1,6600,0,13200
DLF-III.NFO,07/01/2020,10:40:03,227.8,226.5,3300,227.55,16500,0,13200
DLF-III.NFO,07/01/2020,10:40:07,227.8,226.5,3300,227.25,9900,0,13200
DLF-III.NFO,07/01/2020,10:40:11,227.8,226.5,3300,227.1,3300,0,13200
DLF-III.NFO,07/01/2020,10:40:40,227.8,226.6,3300,227.2,3300,0,13200
DLF-III.NFO,07/01/2020,10:41:02,227.8,226.6,13200,227.25,3300,0,13200
DLF-III.NFO,07/01/2020,10:41:06,227.8,226.7,3300,227.25,3300,0,13200
DLF-III.NFO,07/01/2020,10:41:25,227.8,226.9,3300,227.45,3300,0,13200
DLF-III.NFO,07/01/2020,10:42:34,227.8,226.9,3300,227.35,3300,0,13200
DLF-III.NFO,07/01/2020,10:43:44,227.8,226.9,3300,227.35,6600,0,13200
DLF-III.NFO,07/01/2020,10:43:55,227.8,226.55,3300,227.35,9900,0,13200
DLF-III.NFO,07/01/2020,10:43:57,227.8,226.65,3300,227.3,6600,0,13200
DLF-III.NFO,07/01/2020,10:44:32,227.8,226.65,3300,227.3,9900,0,13200
DLF-III.NFO,07/01/2020,10:45:01,227.8,226.65,3300,227.2,9900,0,13200
DLF-III.NFO,07/01/2020,10:45:06,227.8,226.65,3300,227.1,6600,0,13200
DLF-III.NFO,07/01/2020,10:45:18,227.8,226.65,3300,227.85,29700,0,13200
DLF-III.NFO,07/01/2020,10:45:21,227.8,226.65,3300,227.2,3300,0,13200
DLF-III.NFO,07/01/2020,10:45:31,227.8,226.65,3300,227.1,3300,0,13200
DLF-III.NFO,07/01/2020,10:45:34,227.8,226.65,3300,227.15,3300,0,13200
DLF-III.NFO,07/01/2020,10:45:59,227.8,226.65,3300,227.2,3300,0,13200
DLF-III.NFO,07/01/2020,10:47:17,227.8,226.65,13200,227.4,6600,0,13200
DLF-III.NFO,07/01/2020,10:47:22,227.8,226.75,3300,227.4,9900,0,13200
DLF-III.NFO,07/01/2020,10:47:31,227.8,226.75,3300,227.4,6600,0,13200
DLF-III.NFO,07/01/2020,10:47:36,227.8,226.75,3300,227.4,3300,0,13200
DLF-III.NFO,07/01/2020,10:47:43,227.8,226.85,3300,227.4,3300,0,13200
DLF-III.NFO,07/01/2020,10:48:12,227.8,226.85,3300,227.4,6600,0,13200
DLF-III.NFO,07/01/2020,10:48:20,227.8,226.85,3300,227.4,3300,0,13200
DLF-III.NFO,07/01/2020,10:48:24,227.8,226.85,3300,227.4,6600,0,13200
DLF-III.NFO,07/01/2020,10:48:28,227.8,226.85,3300,227.4,9900,0,13200
DLF-III.NFO,07/01/2020,10:48:36,227.8,226.85,3300,227.3,9900,0,13200
DLF-III.NFO,07/01/2020,10:48:41,227.8,226.85,3300,227.3,6600,0,13200
DLF-III.NFO,07/01/2020,10:49:50,227.8,226.6,3300,227.3,6600,0,13200
DLF-III.NFO,07/01/2020,10:49:59,227.8,226.6,3300,227.2,6600,0,13200
DLF-III.NFO,07/01/2020,10:50:06,227.8,226.6,3300,227,3300,0,13200
DLF-III.NFO,07/01/2020,10:50:43,227.8,226.6,3300,227.2,6600,0,13200
DLF-III.NFO,07/01/2020,10:50:53,227.8,226.6,3300,227.2,9900,0,13200
DLF-III.NFO,07/01/2020,10:51:44,227.8,226.6,3300,227.2,6600,0,13200
DLF-III.NFO,07/01/2020,10:51:57,227.8,226.6,3300,227.1,6600,0,13200
DLF-III.NFO,07/01/2020,10:52:59,227.8,226.3,3300,227.1,19800,0,13200
DLF-III.NFO,07/01/2020,10:53:05,227.8,226.2,3300,226.95,3300,0,13200
DLF-III.NFO,07/01/2020,10:53:11,227.8,226.2,3300,226.7,3300,0,13200
DLF-III.NFO,07/01/2020,10:53:17,227.8,226.2,3300,226.7,6600,0,13200
DLF-III.NFO,07/01/2020,10:53:21,227.8,226.2,3300,226.7,3300,0,13200
DLF-III.NFO,07/01/2020,10:54:10,227.8,226.2,3300,226.8,3300,0,13200
DLF-III.NFO,07/01/2020,10:54:15,227.8,226.2,3300,226.75,3300,0,13200
DLF-III.NFO,07/01/2020,10:54:47,227.8,226.2,3300,226.8,3300,0,13200
DLF-III.NFO,07/01/2020,10:55:01,227.8,226.2,3300,226.8,6600,0,13200
DLF-III.NFO,07/01/2020,10:55:11,227.8,226.2,3300,227.25,19800,0,13200
DLF-III.NFO,07/01/2020,10:55:16,227.8,226.2,3300,226.85,6600,0,13200
DLF-III.NFO,07/01/2020,10:55:29,227.8,226.2,3300,226.85,9900,0,13200
DLF-III.NFO,07/01/2020,10:55:35,227.8,226.2,3300,226.85,6600,0,13200
DLF-III.NFO,07/01/2020,10:56:03,227.8,226.2,3300,226.85,9900,0,13200
DLF-III.NFO,07/01/2020,10:56:13,227.8,226.2,3300,226.85,6600,0,13200
DLF-III.NFO,07/01/2020,10:56:23,227.8,226.2,3300,227.45,33000,0,13200
DLF-III.NFO,07/01/2020,10:56:27,227.8,226.2,3300,227.45,26400,0,13200
DLF-III.NFO,07/01/2020,10:56:32,227.8,226.2,3300,226.85,6600,0,13200
DLF-III.NFO,07/01/2020,10:56:38,227.8,226.2,3300,226.95,6600,0,13200
DLF-III.NFO,07/01/2020,10:56:42,227.8,226.3,3300,226.95,6600,0,13200
DLF-III.NFO,07/01/2020,10:56:53,227.8,226.3,3300,226.85,9900,0,13200
DLF-III.NFO,07/01/2020,10:57:10,227.8,226.3,3300,226.75,6600,0,13200
DLF-III.NFO,07/01/2020,10:57:23,227.8,226.3,3300,226.75,9900,0,13200
DLF-III.NFO,07/01/2020,10:57:30,227.8,226.2,3300,226.65,3300,0,13200
DLF-III.NFO,07/01/2020,10:57:36,227.8,226.2,3300,226.65,6600,0,13200
DLF-III.NFO,07/01/2020,10:57:41,227.8,226.2,3300,226.7,3300,0,13200
DLF-III.NFO,07/01/2020,10:57:47,227.8,226.2,3300,226.7,9900,0,13200
DLF-III.NFO,07/01/2020,10:58:39,227.8,226.2,3300,226.6,9900,0,13200
DLF-III.NFO,07/01/2020,10:58:44,227.8,225.9,6600,226.5,6600,0,13200
DLF-III.NFO,07/01/2020,10:58:50,227.8,225.9,6600,226.5,3300,0,13200
DLF-III.NFO,07/01/2020,10:58:55,227.8,225.9,6600,226.5,6600,0,13200
DLF-III.NFO,07/01/2020,10:58:59,227.8,225.9,16500,226.55,3300,0,13200
DLF-III.NFO,07/01/2020,10:59:11,227.8,225.9,16500,226.7,9900,0,13200
DLF-III.NFO,07/01/2020,10:59:17,227.8,225.9,16500,226.7,6600,0,13200
DLF-III.NFO,07/01/2020,10:59:22,227.8,225.9,6600,226.45,3300,0,13200
DLF-III.NFO,07/01/2020,10:59:27,227.8,225.9,3300,226.45,9900,0,13200
DLF-III.NFO,07/01/2020,10:59:33,227.8,225.9,3300,226.5,3300,0,13200
DLF-III.NFO,07/01/2020,10:59:38,227.8,225.9,3300,226.5,6600,0,13200
DLF-III.NFO,07/01/2020,10:59:49,227.8,225.9,3300,226.45,3300,0,13200
DLF-III.NFO,07/01/2020,10:59:54,227.8,225.9,3300,226.4,3300,0,13200
DLF-III.NFO,07/01/2020,11:00:11,227.8,225.9,3300,226.4,9900,0,13200
DLF-III.NFO,07/01/2020,11:00:17,227.8,225.9,3300,226.3,3300,0,13200
DLF-III.NFO,07/01/2020,11:00:30,227.8,225.9,3300,226.2,3300,0,13200
DLF-III.NFO,07/01/2020,11:00:37,227.8,225.65,3300,227,26400,0,13200
DLF-III.NFO,07/01/2020,11:00:43,227.8,225.65,3300,226.2,3300,0,13200
DLF-III.NFO,07/01/2020,11:00:49,227.8,225.65,3300,226.35,6600,0,13200
DLF-III.NFO,07/01/2020,11:00:56,227.8,225.65,3300,226.25,6600,0,13200
DLF-III.NFO,07/01/2020,11:01:03,227.8,225.65,3300,226.2,9900,0,13200
DLF-III.NFO,07/01/2020,11:01:11,227.8,225.65,3300,226.35,6600,0,13200
DLF-III.NFO,07/01/2020,11:01:18,227.8,225.65,3300,226.25,9900,0,13200
DLF-III.NFO,07/01/2020,11:01:25,227.8,225.65,3300,226.25,3300,0,13200
DLF-III.NFO,07/01/2020,11:01:45,227.8,225.75,13200,226.8,16500,0,13200
DLF-III.NFO,07/01/2020,11:01:53,227.8,225.9,13200,226.8,6600,0,13200
DLF-III.NFO,07/01/2020,11:02:00,227.8,226,13200,226.75,3300,0,13200
DLF-III.NFO,07/01/2020,11:02:06,227.8,226.1,13200,226.75,3300,0,13200
DLF-III.NFO,07/01/2020,11:02:13,227.8,226.2,3300,227.5,29700,0,13200
DLF-III.NFO,07/01/2020,11:02:19,227.8,226.2,3300,227.5,33000,0,13200
DLF-III.NFO,07/01/2020,11:03:01,227.8,226.2,3300,226.75,6600,0,13200
DLF-III.NFO,07/01/2020,11:03:07,227.8,226.2,3300,226.75,9900,0,13200
DLF-III.NFO,07/01/2020,11:03:13,227.8,226.2,3300,226.75,6600,0,13200
DLF-III.NFO,07/01/2020,11:03:19,227.8,226.2,3300,226.6,3300,0,13200
DLF-III.NFO,07/01/2020,11:03:34,227.8,226.2,3300,226.75,6600,0,13200
DLF-III.NFO,07/01/2020,11:03:40,227.8,225.85,6600,226.65,6600,0,13200
DLF-III.NFO,07/01/2020,11:03:46,227.8,225.95,13200,226.95,13200,0,13200
DLF-III.NFO,07/01/2020,11:03:53,227.8,226.05,3300,226.55,6600,0,13200
DLF-III.NFO,07/01/2020,11:03:59,227.8,226.05,3300,226.55,3300,0,13200
DLF-III.NFO,07/01/2020,11:04:04,227.8,226.05,3300,226.55,6600,0,13200
DLF-III.NFO,07/01/2020,11:04:16,227.8,225.7,13200,226.4,3300,0,13200
DLF-III.NFO,07/01/2020,11:04:22,227.8,225.8,3300,226.5,3300,0,13200
DLF-III.NFO,07/01/2020,11:04:34,227.8,225.9,3300,226.45,6600,0,13200
DLF-III.NFO,07/01/2020,11:04:40,227.8,225.9,3300,226.45,3300,0,13200
DLF-III.NFO,07/01/2020,11:04:46,227.8,225.9,3300,226.4,6600,0,13200
DLF-III.NFO,07/01/2020,11:04:51,227.8,225.9,3300,226.4,3300,0,13200
DLF-III.NFO,07/01/2020,11:04:57,227.8,225.9,3300,226.35,3300,0,13200
DLF-III.NFO,07/01/2020,11:05:02,227.8,225.9,3300,226.45,9900,0,13200
DLF-III.NFO,07/01/2020,11:05:14,227.8,225.9,3300,226.45,6600,0,13200
DLF-III.NFO,07/01/2020,11:05:20,227.8,225.9,3300,226.3,3300,0,13200
DLF-III.NFO,07/01/2020,11:05:30,227.8,225.9,3300,226.55,9900,0,13200
DLF-III.NFO,07/01/2020,11:05:46,227.8,225.9,3300,226.45,9900,0,13200
DLF-III.NFO,07/01/2020,11:05:51,227.8,225.9,3300,226.45,3300,0,13200
DLF-III.NFO,07/01/2020,11:06:09,227.8,225.9,3300,226.5,3300,0,13200
DLF-III.NFO,07/01/2020,11:06:16,227.8,225.9,3300,226.95,13200,0,13200
DLF-III.NFO,07/01/2020,11:06:23,227.8,226,3300,226.6,6600,0,13200
DLF-III.NFO,07/01/2020,11:06:42,227.8,226,3300,226.5,6600,0,13200
DLF-III.NFO,07/01/2020,11:06:48,227.8,226,3300,226.5,3300,0,13200
DLF-III.NFO,07/01/2020,11:06:54,226,225.8,3300,226.5,6600,3300,13200
DLF-III.NFO,07/01/2020,11:06:54,226,225.8,3300,226.5,6600,0,13200
DLF-III.NFO,07/01/2020,11:07:00,226,225.8,3300,226.5,3300,0,13200
DLF-III.NFO,07/01/2020,11:07:15,226,225.9,3300,226.5,6600,0,13200
DLF-III.NFO,07/01/2020,11:07:20,226,225.9,3300,226.5,3300,0,13200
DLF-III.NFO,07/01/2020,11:07:30,226,226,3300,226.5,3300,0,13200
DLF-III.NFO,07/01/2020,11:07:39,226,226,9900,226.65,3300,0,13200
DLF-III.NFO,07/01/2020,11:07:44,226,226.1,3300,226.75,3300,0,13200
DLF-III.NFO,07/01/2020,11:07:49,226,226.2,3300,226.8,9900,0,13200
DLF-III.NFO,07/01/2020,11:08:02,226,226.2,3300,226.75,6600,0,13200
DLF-III.NFO,07/01/2020,11:08:18,226,226.2,3300,226.75,3300,0,13200
DLF-III.NFO,07/01/2020,11:08:21,226,226.2,3300,226.7,3300,0,13200
DLF-III.NFO,07/01/2020,11:08:41,226,226.2,3300,226.7,6600,0,13200
DLF-III.NFO,07/01/2020,11:08:54,226,226.2,3300,226.7,3300,0,13200
DLF-III.NFO,07/01/2020,11:09:00,226,226.2,3300,226.7,6600,0,13200
DLF-III.NFO,07/01/2020,11:09:04,226,226.2,3300,226.7,3300,0,13200
DLF-III.NFO,07/01/2020,11:09:09,226,226.2,3300,226.7,6600,0,13200
DLF-III.NFO,07/01/2020,11:09:18,226,225.8,16500,226.7,9900,0,13200
DLF-III.NFO,07/01/2020,11:09:27,226,225.8,6600,226.6,6600,0,13200
DLF-III.NFO,07/01/2020,11:09:36,226,225.8,6600,226.6,9900,0,13200
DLF-III.NFO,07/01/2020,11:09:40,226,225.8,6600,226.4,9900,0,13200
DLF-III.NFO,07/01/2020,11:09:44,226,225.8,3300,226.2,6600,0,13200
DLF-III.NFO,07/01/2020,11:09:48,226,225.8,3300,226.2,9900,0,13200
DLF-III.NFO,07/01/2020,11:09:52,226,225.8,3300,227.15,26400,0,13200
DLF-III.NFO,07/01/2020,11:09:55,226,225.8,3300,226.65,19800,0,13200
DLF-III.NFO,07/01/2020,11:09:59,226,225.8,3300,226.35,9900,0,13200
DLF-III.NFO,07/01/2020,11:10:07,226,225.8,3300,226.2,3300,0,13200
DLF-III.NFO,07/01/2020,11:10:16,226,225.8,3300,226.25,3300,0,13200
DLF-III.NFO,07/01/2020,11:10:21,226,225.8,3300,226.35,3300,0,13200
DLF-III.NFO,07/01/2020,11:10:25,226,225.8,3300,226.45,6600,0,13200
DLF-III.NFO,07/01/2020,11:10:29,226,225.8,3300,226.4,6600,0,13200
DLF-III.NFO,07/01/2020,11:10:41,226,225.8,3300,226.4,9900,0,13200
DLF-III.NFO,07/01/2020,11:10:52,226,225.8,3300,226.4,3300,0,13200
DLF-III.NFO,07/01/2020,11:10:55,226,225.8,3300,226.35,6600,0,13200
DLF-III.NFO,07/01/2020,11:11:02,226,225.8,3300,226.35,3300,0,13200
DLF-III.NFO,07/01/2020,11:11:09,226,225.8,3300,226.2,6600,0,13200
DLF-III.NFO,07/01/2020,11:11:22,226,225.8,3300,226.15,6600,0,13200
DLF-III.NFO,07/01/2020,11:11:29,226,225.55,3300,226.1,3300,0,13200
DLF-III.NFO,07/01/2020,11:11:36,226,225.55,3300,226.45,13200,0,13200
DLF-III.NFO,07/01/2020,11:11:42,226,225.55,3300,226.1,3300,0,13200
DLF-III.NFO,07/01/2020,11:11:59,226,225.55,3300,225.95,6600,0,13200
DLF-III.NFO,07/01/2020,11:12:07,226,225.55,3300,226.1,9900,0,13200
DLF-III.NFO,07/01/2020,11:12:21,226,225.55,3300,226.1,3300,0,13200
DLF-III.NFO,07/01/2020,11:12:41,226,225.55,3300,226.2,3300,0,13200
DLF-III.NFO,07/01/2020,11:12:55,226,225.65,3300,226.3,3300,0,13200
DLF-III.NFO,07/01/2020,11:13:05,226,225.65,3300,226.3,6600,0,13200
DLF-III.NFO,07/01/2020,11:13:17,226,225.65,3300,226.3,9900,0,13200
DLF-III.NFO,07/01/2020,11:13:23,226,225.65,3300,226.3,6600,0,13200
DLF-III.NFO,07/01/2020,11:13:34,226,225.65,3300,226.2,6600,0,13200
DLF-III.NFO,07/01/2020,11:13:41,226,225.65,3300,226.4,6600,0,13200
DLF-III.NFO,07/01/2020,11:13:47,226,225.65,3300,226.4,9900,0,13200
DLF-III.NFO,07/01/2020,11:13:53,226,225.65,3300,226.4,3300,0,13200
DLF-III.NFO,07/01/2020,11:13:58,226,225.75,3300,226.35,3300,0,13200
DLF-III.NFO,07/01/2020,11:14:09,226,225.75,3300,226.35,6600,0,13200
DLF-III.NFO,07/01/2020,11:14:15,226,225.75,3300,226.7,16500,0,13200
DLF-III.NFO,07/01/2020,11:14:21,226,225.75,3300,226.4,9900,0,13200
DLF-III.NFO,07/01/2020,11:14:27,226,225.75,3300,226.4,6600,0,13200
DLF-III.NFO,07/01/2020,11:14:32,226,225.75,3300,226.35,6600,0,13200
DLF-III.NFO,07/01/2020,11:14:56,226,225.75,3300,226.35,9900,0,13200
DLF-III.NFO,07/01/2020,11:15:48,226,225.4,3300,226.05,9900,0,13200
DLF-III.NFO,07/01/2020,11:16:24,226,225.4,3300,226.05,3300,0,13200
DLF-III.NFO,07/01/2020,11:16:30,226,225.4,3300,226.05,6600,0,13200
DLF-III.NFO,07/01/2020,11:16:49,226,225.4,3300,226.05,9900,0,13200
DLF-III.NFO,07/01/2020,11:17:20,226,225.4,3300,226,3300,0,13200
DLF-III.NFO,07/01/2020,11:17:25,226,225.4,3300,226,6600,0,13200
DLF-III.NFO,07/01/2020,11:17:35,226,225.4,3300,226.25,9900,0,13200
DLF-III.NFO,07/01/2020,11:17:41,226,225.5,3300,226.25,9900,0,13200
DLF-III.NFO,07/01/2020,11:17:52,226,225.5,3300,226.05,9900,0,13200
DLF-III.NFO,07/01/2020,11:17:57,226,225.5,3300,226.05,6600,0,13200
DLF-III.NFO,07/01/2020,11:18:25,226,225.5,3300,226.05,9900,0,13200
DLF-III.NFO,07/01/2020,11:18:40,226,225.5,3300,226.05,3300,0,13200
DLF-III.NFO,07/01/2020,11:18:52,226,225.5,13200,226.4,9900,0,13200
DLF-III.NFO,07/01/2020,11:18:58,226,225.6,3300,226.3,9900,0,13200
DLF-III.NFO,07/01/2020,11:19:09,226,225.6,3300,226.3,6600,0,13200
DLF-III.NFO,07/01/2020,11:19:15,226,225.6,3300,226.25,6600,0,13200
DLF-III.NFO,07/01/2020,11:19:23,226,225.2,13200,225.95,3300,0,13200
DLF-III.NFO,07/01/2020,11:19:31,226,225.3,9900,225.9,3300,0,13200
DLF-III.NFO,07/01/2020,11:19:38,226,225.4,3300,225.9,3300,0,13200
DLF-III.NFO,07/01/2020,11:19:45,226,225.4,3300,226.05,6600,0,13200
DLF-III.NFO,07/01/2020,11:19:51,226,225.4,3300,225.95,6600,0,13200
DLF-III.NFO,07/01/2020,11:19:56,226,225.4,3300,226.05,6600,0,13200
DLF-III.NFO,07/01/2020,11:20:00,226,225.4,3300,226,3300,0,13200
DLF-III.NFO,07/01/2020,11:20:04,226,225.4,3300,225.95,9900,0,13200
DLF-III.NFO,07/01/2020,11:20:10,226,225.4,3300,225.95,6600,0,13200
DLF-III.NFO,07/01/2020,11:20:15,226,225.5,3300,226.2,9900,0,13200
DLF-III.NFO,07/01/2020,11:20:24,226,225.6,3300,226.2,6600,0,13200
DLF-III.NFO,07/01/2020,11:20:30,226,225.6,3300,226.2,3300,0,13200
DLF-III.NFO,07/01/2020,11:20:34,226,225.6,3300,226.15,3300,0,13200
DLF-III.NFO,07/01/2020,11:20:45,226,225.7,3300,226.15,3300,0,13200
DLF-III.NFO,07/01/2020,11:21:06,226,225.7,3300,226.7,23100,0,13200
DLF-III.NFO,07/01/2020,11:21:24,226,225.7,3300,226.35,6600,0,13200
DLF-III.NFO,07/01/2020,11:21:28,226,225.7,3300,226.3,6600,0,13200
DLF-III.NFO,07/01/2020,11:21:40,226,225.7,3300,226.3,9900,0,13200
DLF-III.NFO,07/01/2020,11:21:45,226,225.7,3300,226.3,3300,0,13200
DLF-III.NFO,07/01/2020,11:21:49,226,225.7,3300,226.25,3300,0,13200
DLF-III.NFO,07/01/2020,11:21:53,226,225.7,3300,226.25,6600,0,13200
DLF-III.NFO,07/01/2020,11:21:57,226,225.7,3300,226.45,9900,0,13200
DLF-III.NFO,07/01/2020,11:22:01,226,225.7,3300,226.25,3300,0,13200
DLF-III.NFO,07/01/2020,11:22:09,226,225.7,13200,226.35,3300,0,13200
DLF-III.NFO,07/01/2020,11:22:13,226,225.8,3300,226.45,3300,0,13200
DLF-III.NFO,07/01/2020,11:22:17,226,225.9,3300,226.45,3300,0,13200
DLF-III.NFO,07/01/2020,11:22:30,226,225.9,3300,226.6,9900,0,13200
DLF-III.NFO,07/01/2020,11:23:08,226,226,3300,226.55,6600,0,13200
DLF-III.NFO,07/01/2020,11:23:30,226,226,3300,226.7,6600,0,13200
DLF-III.NFO,07/01/2020,11:23:35,226,226,3300,226.7,9900,0,13200
DLF-III.NFO,07/01/2020,11:23:39,226,226.1,3300,226.7,6600,0,13200
DLF-III.NFO,07/01/2020,11:23:44,226,226.1,3300,227.25,29700,0,13200
DLF-III.NFO,07/01/2020,11:23:58,226,226.2,3300,226.8,6600,0,13200
DLF-III.NFO,07/01/2020,11:24:03,226,226.2,3300,226.8,9900,0,13200
DLF-III.NFO,07/01/2020,11:24:29,226,226.2,3300,226.7,9900,0,13200
DLF-III.NFO,07/01/2020,11:24:38,226,226.2,3300,226.9,9900,0,13200
DLF-III.NFO,07/01/2020,11:24:42,226,226.2,3300,226.8,9900,0,13200
DLF-III.NFO,07/01/2020,11:25:27,226,226.2,3300,226.7,9900,0,13200
DLF-III.NFO,07/01/2020,11:25:45,226,226.2,3300,226.7,3300,0,13200
DLF-III.NFO,07/01/2020,11:25:50,226,226.2,3300,227.1,16500,0,13200
DLF-III.NFO,07/01/2020,11:25:54,226,226.2,3300,226.8,9900,0,13200
DLF-III.NFO,07/01/2020,11:26:21,226,226.2,3300,226.85,6600,0,13200
DLF-III.NFO,07/01/2020,11:26:35,226,226.4,3300,227.15,9900,0,13200
DLF-III.NFO,07/01/2020,11:26:39,226,226.4,3300,227.05,9900,0,13200
DLF-III.NFO,07/01/2020,11:26:44,226,226.4,3300,226.85,9900,0,13200
DLF-III.NFO,07/01/2020,11:26:48,226,226.4,3300,226.85,3300,0,13200
DLF-III.NFO,07/01/2020,11:26:59,226,226.4,3300,226.8,3300,0,13200
DLF-III.NFO,07/01/2020,11:27:02,226,226.4,3300,226.8,6600,0,13200
DLF-III.NFO,07/01/2020,11:27:23,226,226.4,3300,226.7,3300,0,13200
DLF-III.NFO,07/01/2020,11:27:33,226,226.05,6600,226.8,6600,0,13200
DLF-III.NFO,07/01/2020,11:27:37,226,226.15,3300,226.8,3300,0,13200
DLF-III.NFO,07/01/2020,11:27:41,226,226.25,3300,226.8,3300,0,13200
DLF-III.NFO,07/01/2020,11:27:55,226,226.35,3300,226.8,3300,0,13200
DLF-III.NFO,07/01/2020,11:28:04,226,226.35,3300,226.95,3300,0,13200
DLF-III.NFO,07/01/2020,11:28:06,226,226.35,3300,226.95,9900,0,13200
DLF-III.NFO,07/01/2020,11:28:36,226,226.35,3300,226.85,9900,0,13200
DLF-III.NFO,07/01/2020,11:28:53,226,226.1,3300,226.75,9900,0,13200
DLF-III.NFO,07/01/2020,11:29:05,226,226.1,3300,226.65,9900,0,13200
DLF-III.NFO,07/01/2020,11:29:09,226,226.1,3300,226.65,6600,0,13200
DLF-III.NFO,07/01/2020,11:29:30,226,226.1,3300,226.65,3300,0,13200
DLF-III.NFO,07/01/2020,11:29:49,226,226.1,3300,226.7,9900,0,13200
DLF-III.NFO,07/01/2020,11:29:53,226,226.1,3300,226.65,6600,0,13200
DLF-III.NFO,07/01/2020,11:29:57,226,226.1,3300,226.65,9900,0,13200
DLF-III.NFO,07/01/2020,11:30:00,226,226.1,3300,226.6,3300,0,13200
DLF-III.NFO,07/01/2020,11:30:23,226,226.1,3300,226.65,3300,0,13200
DLF-III.NFO,07/01/2020,11:30:31,226,226.2,3300,226.85,6600,0,13200
DLF-III.NFO,07/01/2020,11:30:34,226,226.2,3300,226.85,3300,0,13200
DLF-III.NFO,07/01/2020,11:30:47,226,226.2,3300,226.95,9900,0,13200
DLF-III.NFO,07/01/2020,11:30:52,226,226.2,3300,226.95,6600,0,13200
DLF-III.NFO,07/01/2020,11:30:55,226,226.3,3300,226.95,6600,0,13200
DLF-III.NFO,07/01/2020,11:31:04,226,226.3,3300,227.1,9900,0,13200
DLF-III.NFO,07/01/2020,11:31:10,226,226.3,3300,226.9,9900,0,13200
DLF-III.NFO,07/01/2020,11:31:15,226,226.3,13200,227,6600,0,13200
DLF-III.NFO,07/01/2020,11:31:20,226,225.95,16500,226.65,3300,0,13200
DLF-III.NFO,07/01/2020,11:31:24,226,225.95,16500,226.8,9900,0,13200
DLF-III.NFO,07/01/2020,11:31:27,226,225.95,16500,226.8,6600,0,13200
DLF-III.NFO,07/01/2020,11:31:31,226,226.05,13200,226.95,6600,0,13200
DLF-III.NFO,07/01/2020,11:31:34,226,226.15,3300,226.75,6600,0,13200
DLF-III.NFO,07/01/2020,11:31:37,226,226.25,3300,227.25,19800,0,13200
DLF-III.NFO,07/01/2020,11:31:41,226,226.25,13200,227,3300,0,13200
DLF-III.NFO,07/01/2020,11:31:44,226,226.35,3300,227,6600,0,13200
DLF-III.NFO,07/01/2020,11:31:48,226,226.45,3300,227,3300,0,13200
DLF-III.NFO,07/01/2020,11:31:55,226,226.55,3300,227.25,9900,0,13200
DLF-III.NFO,07/01/2020,11:32:06,226,226.55,3300,227.25,6600,0,13200
DLF-III.NFO,07/01/2020,11:32:11,226,226.55,3300,227.1,3300,0,13200
DLF-III.NFO,07/01/2020,11:32:24,226,226.55,3300,227.2,6600,0,13200
DLF-III.NFO,07/01/2020,11:32:32,226,226.55,3300,227.15,6600,0,13200
DLF-III.NFO,07/01/2020,11:32:40,226,226.55,3300,227.15,9900,0,13200
DLF-III.NFO,07/01/2020,11:33:11,226,226.55,3300,227.15,6600,0,13200
DLF-III.NFO,07/01/2020,11:33:18,226,226.55,3300,227.2,3300,0,13200
DLF-III.NFO,07/01/2020,11:33:22,226,226.65,3300,227.2,3300,0,13200
DLF-III.NFO,07/01/2020,11:33:29,226,226.65,13200,227.35,3300,0,13200
DLF-III.NFO,07/01/2020,11:33:33,226,226.75,3300,227.35,3300,0,13200
DLF-III.NFO,07/01/2020,11:33:42,226,226.75,3300,227.35,6600,0,13200
DLF-III.NFO,07/01/2020,11:33:49,226,226.75,3300,227.35,3300,0,13200
DLF-III.NFO,07/01/2020,11:33:58,226,226.75,3300,227.45,6600,0,13200
DLF-III.NFO,07/01/2020,11:34:03,226,226.75,3300,227.45,3300,0,13200
DLF-III.NFO,07/01/2020,11:34:09,226,226.85,3300,227.45,3300,0,13200
DLF-III.NFO,07/01/2020,11:34:16,226,226.95,3300,227.45,3300,0,13200
DLF-III.NFO,07/01/2020,11:34:34,226,226.95,3300,227.5,9900,0,13200
DLF-III.NFO,07/01/2020,11:34:41,226,226.7,13200,227.45,3300,0,13200
DLF-III.NFO,07/01/2020,11:34:46,226,226.8,3300,227.45,6600,0,13200
DLF-III.NFO,07/01/2020,11:34:51,226,226.8,3300,227.35,9900,0,13200
DLF-III.NFO,07/01/2020,11:34:56,226,226.8,3300,227.35,3300,0,13200
DLF-III.NFO,07/01/2020,11:35:13,226,226.8,3300,227.4,6600,0,13200
DLF-III.NFO,07/01/2020,11:35:18,226,226.8,3300,227.4,3300,0,13200
DLF-III.NFO,07/01/2020,11:35:24,226,226.9,3300,227.7,9900,0,13200
DLF-III.NFO,07/01/2020,11:35:29,226,227,3300,227.7,9900,0,13200
DLF-III.NFO,07/01/2020,11:35:40,226,227,3300,227.6,9900,0,13200
DLF-III.NFO,07/01/2020,11:35:45,226,227,3300,227.6,6600,0,13200
DLF-III.NFO,07/01/2020,11:35:50,226,227,3300,227.6,9900,0,13200
DLF-III.NFO,07/01/2020,11:36:32,226,227,3300,227.5,9900,0,13200
DLF-III.NFO,07/01/2020,11:36:53,226,226.65,6600,227.3,6600,0,13200
DLF-III.NFO,07/01/2020,11:38:36,226,226.95,13200,227.65,3300,0,13200
DLF-III.NFO,07/01/2020,11:38:39,226,227.05,3300,227.65,3300,0,13200
DLF-III.NFO,07/01/2020,11:38:43,226,227.15,3300,227.95,6600,0,13200
DLF-III.NFO,07/01/2020,11:38:47,226,227.15,3300,227.85,9900,0,13200
DLF-III.NFO,07/01/2020,11:38:59,226,227.15,3300,227.75,6600,0,13200
DLF-III.NFO,07/01/2020,11:39:03,226,227.15,3300,227.6,3300,0,13200
DLF-III.NFO,07/01/2020,11:39:07,226,226.85,6600,227.6,6600,0,13200
DLF-III.NFO,07/01/2020,11:39:10,226,226.85,3300,227.5,6600,0,13200
DLF-III.NFO,07/01/2020,11:39:17,226,226.85,3300,227.5,9900,0,13200
DLF-III.NFO,07/01/2020,11:39:35,226,226.85,3300,227.45,6600,0,13200
DLF-III.NFO,07/01/2020,11:39:48,226,226.85,3300,227.4,9900,0,13200
DLF-III.NFO,07/01/2020,11:39:55,226,226.55,13200,227.2,3300,0,13200
DLF-III.NFO,07/01/2020,11:40:01,226,226.65,3300,227.2,3300,0,13200
DLF-III.NFO,07/01/2020,11:40:06,226,226.65,3300,227.25,3300,0,13200
DLF-III.NFO,07/01/2020,11:40:11,226,226.65,3300,227.15,3300,0,13200
DLF-III.NFO,07/01/2020,11:40:26,226,226.65,3300,227.15,6600,0,13200
DLF-III.NFO,07/01/2020,11:40:45,226,226.65,3300,227.15,9900,0,13200
DLF-III.NFO,07/01/2020,11:40:49,226,226.65,3300,227.3,9900,0,13200
DLF-III.NFO,07/01/2020,11:40:59,226,226.65,3300,227.2,9900,0,13200
DLF-III.NFO,07/01/2020,11:41:34,226,226.65,3300,227.1,9900,0,13200
DLF-III.NFO,07/01/2020,11:41:44,226,226.65,3300,227.05,3300,0,13200
DLF-III.NFO,07/01/2020,11:41:53,226,226.65,3300,227.05,6600,0,13200
DLF-III.NFO,07/01/2020,11:41:59,226,226.65,3300,227.05,9900,0,13200
DLF-III.NFO,07/01/2020,11:42:31,226,226.45,3300,227.05,3300,0,13200
DLF-III.NFO,07/01/2020,11:42:35,226,226.55,3300,227.05,3300,0,13200
DLF-III.NFO,07/01/2020,11:42:41,226,226.55,3300,227.1,3300,0,13200
DLF-III.NFO,07/01/2020,11:42:59,226,226.55,3300,227.1,6600,0,13200
DLF-III.NFO,07/01/2020,11:43:10,226,226.55,3300,227.1,9900,0,13200
DLF-III.NFO,07/01/2020,11:43:34,226,226.55,3300,227.1,3300,0,13200
DLF-III.NFO,07/01/2020,11:43:38,226,226.55,3300,227.05,6600,0,13200
DLF-III.NFO,07/01/2020,11:44:22,226,226.55,3300,227.3,9900,0,13200
DLF-III.NFO,07/01/2020,11:44:25,226,226.55,3300,227.2,9900,0,13200
DLF-III.NFO,07/01/2020,11:44:50,226,226.55,3300,227.1,9900,0,13200
DLF-III.NFO,07/01/2020,11:45:09,226,226.55,3300,227.1,6600,0,13200
DLF-III.NFO,07/01/2020,11:45:20,226,226.55,3300,227,6600,0,13200
DLF-III.NFO,07/01/2020,11:45:24,226,226.55,3300,227,3300,0,13200
DLF-III.NFO,07/01/2020,11:45:46,226,226.55,3300,227,6600,0,13200
DLF-III.NFO,07/01/2020,11:45:55,226,226.25,3300,226.9,3300,0,13200
DLF-III.NFO,07/01/2020,11:45:58,226,226.35,3300,226.9,3300,0,13200
DLF-III.NFO,07/01/2020,11:46:39,226,226.45,3300,226.9,3300,0,13200
DLF-III.NFO,07/01/2020,11:47:13,226,226.45,3300,226.9,6600,0,13200
DLF-III.NFO,07/01/2020,11:47:31,226,226.45,3300,226.9,9900,0,13200
DLF-III.NFO,07/01/2020,11:48:00,226,226.1,6600,226.9,9900,0,13200
DLF-III.NFO,07/01/2020,11:48:10,226,226.1,13200,226.9,9900,0,13200
DLF-III.NFO,07/01/2020,11:48:31,226,226.2,3300,226.9,9900,0,13200
DLF-III.NFO,07/01/2020,11:48:35,226,226.3,3300,226.9,9900,0,13200
DLF-III.NFO,07/01/2020,11:48:42,226,226.3,3300,226.75,3300,0,13200
DLF-III.NFO,07/01/2020,11:49:28,226,226.3,3300,226.75,6600,0,13200
DLF-III.NFO,07/01/2020,11:49:36,226,226.3,3300,226.75,3300,0,13200
DLF-III.NFO,07/01/2020,11:49:52,226,226.3,3300,226.75,6600,0,13200
DLF-III.NFO,07/01/2020,11:50:22,226,226.3,3300,226.75,9900,0,13200
DLF-III.NFO,07/01/2020,11:50:34,226,226.3,3300,226.7,3300,0,13200
DLF-III.NFO,07/01/2020,11:50:45,226,226.3,3300,226.8,6600,0,13200
DLF-III.NFO,07/01/2020,11:50:57,226,226.3,3300,226.8,9900,0,13200
DLF-III.NFO,07/01/2020,11:51:09,226,226.3,3300,226.8,6600,0,13200
DLF-III.NFO,07/01/2020,11:51:14,226,226.3,3300,226.7,6600,0,13200
DLF-III.NFO,07/01/2020,11:51:26,226,226.3,3300,226.8,6600,0,13200
DLF-III.NFO,07/01/2020,11:51:35,226,226.3,3300,226.75,3300,0,13200
DLF-III.NFO,07/01/2020,11:51:39,226,226.3,3300,226.95,6600,0,13200
DLF-III.NFO,07/01/2020,11:51:53,226,226.3,3300,226.95,9900,0,13200
DLF-III.NFO,07/01/2020,11:52:03,226,226.3,3300,226.85,9900,0,13200
DLF-III.NFO,07/01/2020,11:52:18,226,225.95,13200,226.6,3300,0,13200
DLF-III.NFO,07/01/2020,11:52:20,226,225.95,16500,226.6,3300,0,13200
DLF-III.NFO,07/01/2020,11:52:31,226,225.95,6600,226.65,3300,0,13200
DLF-III.NFO,07/01/2020,11:52:34,226,226.05,3300,226.65,6600,0,13200
DLF-III.NFO,07/01/2020,11:52:37,226,226.05,3300,226.65,3300,0,13200
DLF-III.NFO,07/01/2020,11:52:40,226,226.05,3300,226.65,6600,0,13200
DLF-III.NFO,07/01/2020,11:52:45,226,226.05,3300,226.65,3300,0,13200
DLF-III.NFO,07/01/2020,11:52:51,226,226.15,3300,226.65,3300,0,13200
DLF-III.NFO,07/01/2020,11:54:14,226,226.25,3300,226.85,9900,0,13200
DLF-III.NFO,07/01/2020,11:54:18,226,226.25,3300,226.75,6600,0,13200
DLF-III.NFO,07/01/2020,11:54:28,226,226.25,3300,226.65,3300,0,13200
DLF-III.NFO,07/01/2020,11:54:31,226,226.25,3300,226.65,6600,0,13200
DLF-III.NFO,07/01/2020,11:54:33,226,226.25,3300,226.55,6600,0,13200
DLF-III.NFO,07/01/2020,11:54:44,226,226.25,3300,226.65,6600,0,13200
DLF-III.NFO,07/01/2020,11:54:46,226,226.25,3300,226.65,3300,0,13200
DLF-III.NFO,07/01/2020,11:55:00,226,226.25,3300,226.65,6600,0,13200
DLF-III.NFO,07/01/2020,11:55:33,226,226.25,3300,226.65,9900,0,13200
DLF-III.NFO,07/01/2020,11:56:01,226,225.9,6600,226.6,6600,0,13200
DLF-III.NFO,07/01/2020,11:56:04,226,225.9,16500,226.65,3300,0,13200
DLF-III.NFO,07/01/2020,11:56:18,226,225.9,16500,226.65,6600,0,13200
DLF-III.NFO,07/01/2020,11:56:39,226,225.9,16500,226.7,3300,0,13200
DLF-III.NFO,07/01/2020,11:56:57,226,225.9,16500,226.7,6600,0,13200
DLF-III.NFO,07/01/2020,11:57:16,226,225.9,16500,226.7,3300,0,13200
DLF-III.NFO,07/01/2020,11:57:32,226,225.9,16500,226.7,6600,0,13200
DLF-III.NFO,07/01/2020,11:57:50,226,225.9,16500,226.6,6600,0,13200
DLF-III.NFO,07/01/2020,11:57:54,226,225.9,16500,226.5,3300,0,13200
DLF-III.NFO,07/01/2020,11:58:12,226,225.9,16500,227,13200,0,13200
DLF-III.NFO,07/01/2020,11:58:15,226,225.9,16500,226.8,9900,0,13200
DLF-III.NFO,07/01/2020,11:58:29,226,225.9,16500,226.7,9900,0,13200
DLF-III.NFO,07/01/2020,11:58:47,226,225.9,16500,226.75,3300,0,13200
DLF-III.NFO,07/01/2020,11:59:08,226,225.9,16500,226.75,6600,0,13200
DLF-III.NFO,07/01/2020,11:59:27,226,225.9,16500,226.75,9900,0,13200
DLF-III.NFO,07/01/2020,11:59:50,226,225.9,16500,226.65,9900,0,13200
DLF-III.NFO,07/01/2020,11:59:55,226,225.9,3300,226.45,9900,0,13200
DLF-III.NFO,07/01/2020,11:59:58,226,225.9,3300,226.35,9900,0,13200
DLF-III.NFO,07/01/2020,12:00:03,226,225.9,3300,226.35,3300,0,13200
DLF-III.NFO,07/01/2020,12:00:06,226,225.9,3300,226.3,3300,0,13200
DLF-III.NFO,07/01/2020,12:01:31,226,225.9,3300,226.45,3300,0,13200
DLF-III.NFO,07/01/2020,12:01:40,226,225.9,3300,226.45,6600,0,13200
DLF-III.NFO,07/01/2020,12:01:57,226,225.9,3300,226.45,3300,0,13200
DLF-III.NFO,07/01/2020,12:02:14,226,225.9,3300,226.45,6600,0,13200
DLF-III.NFO,07/01/2020,12:02:26,226,225.9,3300,226.45,3300,0,13200
DLF-III.NFO,07/01/2020,12:02:37,226,226,3300,226.6,3300,0,13200
DLF-III.NFO,07/01/2020,12:02:43,226,226.1,13200,226.75,3300,0,13200
DLF-III.NFO,07/01/2020,12:02:49,226,226.2,3300,226.75,6600,0,13200
DLF-III.NFO,07/01/2020,12:02:54,226,226.2,3300,226.75,9900,0,13200
DLF-III.NFO,07/01/2020,12:03:01,226,226.2,3300,226.75,6600,0,13200
DLF-III.NFO,07/01/2020,12:03:09,226,226.2,3300,226.75,9900,0,13200
DLF-III.NFO,07/01/2020,12:03:14,226,226.2,3300,226.65,6600,0,13200
DLF-III.NFO,07/01/2020,12:03:29,226,225.85,6600,226.45,6600,0,13200
DLF-III.NFO,07/01/2020,12:03:38,226,225.85,6600,226.45,3300,0,13200
DLF-III.NFO,07/01/2020,12:03:41,226,225.85,6600,226.65,6600,0,13200
DLF-III.NFO,07/01/2020,12:03:44,226,225.85,6600,226.5,3300,0,13200
DLF-III.NFO,07/01/2020,12:03:47,226,225.85,6600,226.55,6600,0,13200
DLF-III.NFO,07/01/2020,12:03:57,226,225.85,3300,226.5,9900,0,13200
DLF-III.NFO,07/01/2020,12:04:47,226,225.95,3300,226.5,3300,0,13200
DLF-III.NFO,07/01/2020,12:04:53,226,225.95,3300,226.5,6600,0,13200
DLF-III.NFO,07/01/2020,12:04:56,226,225.95,3300,226.5,3300,0,13200
DLF-III.NFO,07/01/2020,12:05:05,226,225.95,3300,226.55,3300,0,13200
DLF-III.NFO,07/01/2020,12:05:09,226,226.05,3300,226.55,3300,0,13200
DLF-III.NFO,07/01/2020,12:05:47,226,226.05,3300,226.55,6600,0,13200
DLF-III.NFO,07/01/2020,12:05:58,226,226.05,3300,226.55,9900,0,13200
DLF-III.NFO,07/01/2020,12:06:04,226,226.05,3300,226.45,9900,0,13200
DLF-III.NFO,07/01/2020,12:06:06,226,225.7,6600,226.45,6600,0,13200
DLF-III.NFO,07/01/2020,12:06:14,226,225.7,16500,226.45,3300,0,13200
DLF-III.NFO,07/01/2020,12:06:18,226,225.7,16500,226.5,3300,0,13200
DLF-III.NFO,07/01/2020,12:06:31,226,225.8,13200,226.5,3300,0,13200
DLF-III.NFO,07/01/2020,12:06:33,226,226,3300,226.5,3300,0,13200
DLF-III.NFO,07/01/2020,12:06:54,226,226,3300,226.5,6600,0,13200
DLF-III.NFO,07/01/2020,12:06:58,226,226,3300,226.5,3300,0,13200
DLF-III.NFO,07/01/2020,12:07:06,226,226,3300,226.5,6600,0,13200
DLF-III.NFO,07/01/2020,12:07:10,226,226,3300,226.5,3300,0,13200
DLF-III.NFO,07/01/2020,12:08:04,226,226,3300,226.55,3300,0,13200
DLF-III.NFO,07/01/2020,12:08:13,226,226,3300,226.6,3300,0,13200
DLF-III.NFO,07/01/2020,12:08:19,226,226.2,13200,226.95,6600,0,13200
DLF-III.NFO,07/01/2020,12:08:26,226,226.3,3300,226.95,9900,0,13200
DLF-III.NFO,07/01/2020,12:08:32,226,226.3,3300,226.95,6600,0,13200
DLF-III.NFO,07/01/2020,12:09:13,226,226.4,3300,226.95,3300,0,13200
DLF-III.NFO,07/01/2020,12:09:41,226,226.4,3300,226.95,6600,0,13200
DLF-III.NFO,07/01/2020,12:10:06,226,226.4,3300,226.95,9900,0,13200
DLF-III.NFO,07/01/2020,12:11:03,226,226.4,3300,226.95,3300,0,13200
DLF-III.NFO,07/01/2020,12:11:13,226,226.4,13200,227.05,3300,0,13200
DLF-III.NFO,07/01/2020,12:11:17,226,226.5,3300,227.1,9900,0,13200
DLF-III.NFO,07/01/2020,12:11:32,226,226.5,3300,227,6600,0,13200
DLF-III.NFO,07/01/2020,12:11:57,226,226.5,3300,227,3300,0,13200
DLF-III.NFO,07/01/2020,12:12:20,226,226.5,3300,227.05,3300,0,13200
DLF-III.NFO,07/01/2020,12:12:59,226,226.5,3300,227.05,6600,0,13200
DLF-III.NFO,07/01/2020,12:13:08,226,226.5,3300,227.05,3300,0,13200
DLF-III.NFO,07/01/2020,12:13:15,226,226.6,3300,227.25,3300,0,13200
DLF-III.NFO,07/01/2020,12:13:21,226,226.7,3300,227.3,3300,0,13200
DLF-III.NFO,07/01/2020,12:13:26,226,226.7,3300,227.3,9900,0,13200
DLF-III.NFO,07/01/2020,12:13:43,226,226.7,3300,227.2,9900,0,13200
DLF-III.NFO,07/01/2020,12:13:52,226,226.7,3300,227.15,3300,0,13200
DLF-III.NFO,07/01/2020,12:13:55,226,226.7,3300,227.15,6600,0,13200
DLF-III.NFO,07/01/2020,12:14:03,226,226.35,6600,227.05,6600,0,13200
DLF-III.NFO,07/01/2020,12:14:08,226,226.35,3300,226.95,6600,0,13200
DLF-III.NFO,07/01/2020,12:14:17,226,226.35,3300,226.95,9900,0,13200
DLF-III.NFO,07/01/2020,12:14:39,226,226.35,3300,226.95,6600,0,13200
DLF-III.NFO,07/01/2020,12:14:53,226,226.35,3300,226.95,9900,0,13200
DLF-III.NFO,07/01/2020,12:14:56,226,226.35,3300,226.95,6600,0,13200
DLF-III.NFO,07/01/2020,12:15:01,226,226.35,3300,226.85,3300,0,13200
DLF-III.NFO,07/01/2020,12:15:08,226,226.35,3300,226.9,3300,0,13200
DLF-III.NFO,07/01/2020,12:15:19,226,226.35,3300,226.9,9900,0,13200
DLF-III.NFO,07/01/2020,12:15:23,226,226.35,3300,226.9,6600,0,13200
DLF-III.NFO,07/01/2020,12:15:30,226,226.35,3300,226.9,9900,0,13200
DLF-III.NFO,07/01/2020,12:15:57,226,226.35,3300,226.8,9900,0,13200
DLF-III.NFO,07/01/2020,12:16:37,226,226.05,6600,226.8,9900,0,13200
DLF-III.NFO,07/01/2020,12:16:42,226,226.05,6600,226.7,6600,0,13200
DLF-III.NFO,07/01/2020,12:16:52,226,226.05,6600,226.65,6600,0,13200
DLF-III.NFO,07/01/2020,12:17:02,226,226.05,6600,226.65,3300,0,13200
DLF-III.NFO,07/01/2020,12:17:11,226,226.05,6600,226.65,6600,0,13200
DLF-III.NFO,07/01/2020,12:17:22,226,226.05,6600,226.65,3300,0,13200
DLF-III.NFO,07/01/2020,12:17:36,226,226.05,6600,226.65,6600,0,13200
DLF-III.NFO,07/01/2020,12:17:42,226,226.05,3300,226.55,9900,0,13200
DLF-III.NFO,07/01/2020,12:17:56,226,226.05,3300,226.55,3300,0,13200
DLF-III.NFO,07/01/2020,12:18:04,226,226.05,3300,226.55,6600,0,13200
DLF-III.NFO,07/01/2020,12:18:11,226,226.05,3300,226.55,3300,0,13200
DLF-III.NFO,07/01/2020,12:18:16,226,226.05,3300,226.45,3300,0,13200
DLF-III.NFO,07/01/2020,12:18:21,226,226.05,3300,226.5,3300,0,13200
DLF-III.NFO,07/01/2020,12:18:30,226,226.05,3300,226.55,3300,0,13200
DLF-III.NFO,07/01/2020,12:18:47,226,226.05,3300,226.55,6600,0,13200
DLF-III.NFO,07/01/2020,12:19:04,226,226.05,3300,226.55,3300,0,13200
DLF-III.NFO,07/01/2020,12:19:09,226,226.05,3300,226.75,6600,0,13200
DLF-III.NFO,07/01/2020,12:19:21,226,226.05,3300,226.75,9900,0,13200
DLF-III.NFO,07/01/2020,12:19:28,226,226.05,3300,226.75,6600,0,13200
DLF-III.NFO,07/01/2020,12:19:31,226,226.15,3300,226.75,6600,0,13200
DLF-III.NFO,07/01/2020,12:19:35,226,226.15,3300,226.75,3300,0,13200
DLF-III.NFO,07/01/2020,12:19:41,226,226.25,3300,226.8,3300,0,13200
DLF-III.NFO,07/01/2020,12:20:17,226,226.25,3300,226.8,6600,0,13200
DLF-III.NFO,07/01/2020,12:20:24,226,226.25,3300,226.8,3300,0,13200
DLF-III.NFO,07/01/2020,12:20:27,226,226.25,3300,226.85,3300,0,13200
DLF-III.NFO,07/01/2020,12:20:31,226,226.25,3300,227,9900,0,13200
DLF-III.NFO,07/01/2020,12:20:40,226,226.25,3300,227,6600,0,13200
DLF-III.NFO,07/01/2020,12:20:42,226,226.25,3300,226.8,3300,0,13200
DLF-III.NFO,07/01/2020,12:20:56,226,226.25,3300,226.9,3300,0,13200
DLF-III.NFO,07/01/2020,12:21:04,226,226.35,3300,226.9,3300,0,13200
DLF-III.NFO,07/01/2020,12:21:58,226,226.35,3300,226.9,6600,0,13200
DLF-III.NFO,07/01/2020,12:22:49,226,226.35,3300,226.9,9900,0,13200
DLF-III.NFO,07/01/2020,12:22:54,226,226.35,3300,226.8,9900,0,13200
DLF-III.NFO,07/01/2020,12:22:59,226,226.35,3300,226.7,9900,0,13200
DLF-III.NFO,07/01/2020,12:23:03,226,226,16500,226.7,3300,0,13200
DLF-III.NFO,07/01/2020,12:23:09,226,226,6600,226.7,6600,0,13200
DLF-III.NFO,07/01/2020,12:23:19,226,226,13200,226.75,3300,0,13200
DLF-III.NFO,07/01/2020,12:23:24,226,226.1,3300,226.75,3300,0,13200
DLF-III.NFO,07/01/2020,12:23:28,226,226.2,3300,226.75,3300,0,13200
DLF-III.NFO,07/01/2020,12:24:14,226,226.4,3300,227.1,6600,0,13200
DLF-III.NFO,07/01/2020,12:24:19,226,226.5,3300,227.1,6600,0,13200
DLF-III.NFO,07/01/2020,12:24:43,226,226.5,3300,227.1,9900,0,13200
DLF-III.NFO,07/01/2020,12:24:46,226,226.5,3300,227,9900,0,13200
DLF-III.NFO,07/01/2020,12:25:04,226,226.25,3300,226.8,3300,0,13200
DLF-III.NFO,07/01/2020,12:25:05,226,226.25,3300,226.75,6600,0,13200
DLF-III.NFO,07/01/2020,12:26:57,226,226.25,3300,226.75,9900,0,16500
DLF-III.NFO,07/01/2020,12:27:02,226,226.25,6600,226.75,9900,0,16500
DLF-III.NFO,07/01/2020,12:27:29,226,226,6600,226.75,9900,0,16500
DLF-III.NFO,07/01/2020,12:27:31,226,226.1,6600,226.75,9900,0,16500
DLF-III.NFO,07/01/2020,12:28:12,226,226.1,6600,226.65,9900,0,16500
DLF-III.NFO,07/01/2020,12:29:00,226,225.8,6600,226.45,9900,0,16500
DLF-III.NFO,07/01/2020,12:29:06,226,225.8,6600,226.5,6600,0,16500
DLF-III.NFO,07/01/2020,12:29:11,226,225.8,6600,226.45,9900,0,16500
DLF-III.NFO,07/01/2020,12:29:20,226,225.8,6600,226.35,9900,0,16500
DLF-III.NFO,07/01/2020,12:29:24,226,225.8,6600,226.35,6600,0,16500
DLF-III.NFO,07/01/2020,12:29:29,226,225.8,6600,226.15,3300,0,16500
DLF-III.NFO,07/01/2020,12:29:56,226,225.8,6600,226.2,3300,0,16500
DLF-III.NFO,07/01/2020,12:30:05,226,225.75,6600,226.2,3300,0,16500
DLF-III.NFO,07/01/2020,12:30:29,226,225.75,3300,226.15,3300,0,16500
DLF-III.NFO,07/01/2020,12:30:39,226,225.5,6600,226.15,6600,0,16500
DLF-III.NFO,07/01/2020,12:30:42,226,225.5,6600,226.1,3300,0,16500
DLF-III.NFO,07/01/2020,12:30:52,226,225.6,6600,226.25,9900,0,16500
DLF-III.NFO,07/01/2020,12:30:57,226,225.7,6600,226.5,9900,0,16500
DLF-III.NFO,07/01/2020,12:31:01,226,225.7,6600,226.4,9900,0,16500
DLF-III.NFO,07/01/2020,12:31:12,226,225.8,6600,226.4,6600,0,16500
DLF-III.NFO,07/01/2020,12:31:20,226,225.8,6600,226.35,6600,0,16500
DLF-III.NFO,07/01/2020,12:31:41,226,225.8,6600,226.35,9900,0,16500
DLF-III.NFO,07/01/2020,12:32:33,226,225.55,6600,226.1,6600,0,16500
DLF-III.NFO,07/01/2020,12:32:40,226,225.55,6600,226.15,3300,0,16500
DLF-III.NFO,07/01/2020,12:32:45,226,225.55,6600,226.25,6600,0,16500
DLF-III.NFO,07/01/2020,12:32:53,226,225.65,6600,226.25,6600,0,16500
DLF-III.NFO,07/01/2020,12:32:57,226,225.65,6600,226.35,9900,0,16500
DLF-III.NFO,07/01/2020,12:33:28,226,225.65,6600,226.35,6600,0,16500
DLF-III.NFO,07/01/2020,12:33:31,226,225.65,6600,226.3,9900,0,16500
DLF-III.NFO,07/01/2020,12:33:37,226,225.65,6600,226.7,19800,0,16500
DLF-III.NFO,07/01/2020,12:33:40,226,225.75,6600,226.7,19800,0,16500
DLF-III.NFO,07/01/2020,12:33:52,226,225.75,6600,226.4,9900,0,16500
DLF-III.NFO,07/01/2020,12:34:00,226,225.75,6600,226.3,9900,0,16500
DLF-III.NFO,07/01/2020,12:34:10,226,225.75,6600,226.3,6600,0,16500
DLF-III.NFO,07/01/2020,12:34:18,226,225.75,6600,226.3,9900,0,16500
DLF-III.NFO,07/01/2020,12:34:29,226,225.75,6600,226.3,6600,0,16500
DLF-III.NFO,07/01/2020,12:34:35,226,225.75,6600,226.4,6600,0,16500
DLF-III.NFO,07/01/2020,12:35:03,226,225.75,6600,226.5,9900,0,16500
DLF-III.NFO,07/01/2020,12:35:06,226,225.85,6600,226.5,9900,0,16500
DLF-III.NFO,07/01/2020,12:35:52,226,225.85,6600,226.4,9900,0,16500
DLF-III.NFO,07/01/2020,12:36:04,226,225.85,6600,226.4,6600,0,16500
DLF-III.NFO,07/01/2020,12:36:19,226,225.85,6600,226.4,9900,0,16500
DLF-III.NFO,07/01/2020,12:36:57,226,225.85,6600,226.4,6600,0,16500
DLF-III.NFO,07/01/2020,12:37:25,226,225.85,6600,226.3,3300,0,16500
DLF-III.NFO,07/01/2020,12:37:35,226,225.85,6600,226.5,6600,0,16500
DLF-III.NFO,07/01/2020,12:37:40,226,225.95,6600,226.55,3300,0,16500
DLF-III.NFO,07/01/2020,12:37:47,226,226.05,6600,226.6,3300,0,16500
DLF-III.NFO,07/01/2020,12:37:54,226,226.15,6600,226.6,3300,0,16500
DLF-III.NFO,07/01/2020,12:37:56,226,226.15,6600,226.8,6600,0,16500
DLF-III.NFO,07/01/2020,12:38:02,226,226.15,6600,226.65,6600,0,16500
DLF-III.NFO,07/01/2020,12:38:15,226,226.15,6600,226.65,9900,0,16500
DLF-III.NFO,07/01/2020,12:38:49,226,226.15,6600,226.7,3300,0,16500
DLF-III.NFO,07/01/2020,12:39:11,226,226.15,6600,226.7,6600,0,16500
DLF-III.NFO,07/01/2020,12:39:33,226,226.15,6600,226.7,9900,0,16500
DLF-III.NFO,07/01/2020,12:40:19,226,226.15,6600,226.7,6600,0,16500
DLF-III.NFO,07/01/2020,12:40:25,226,226.15,6600,226.7,9900,0,16500
DLF-III.NFO,07/01/2020,12:40:28,226,226.15,6600,226.7,3300,0,16500
DLF-III.NFO,07/01/2020,12:40:49,226,226.25,6600,226.85,3300,0,16500
DLF-III.NFO,07/01/2020,12:40:55,226,226.35,6600,226.85,3300,0,16500
DLF-III.NFO,07/01/2020,12:41:02,226,226.35,6600,226.85,9900,0,16500
DLF-III.NFO,07/01/2020,12:41:51,226,226.15,6600,226.75,9900,0,16500
DLF-III.NFO,07/01/2020,12:41:57,226,226.15,6600,226.75,6600,0,16500
DLF-III.NFO,07/01/2020,12:42:00,226,226.15,6600,226.65,6600,0,16500
DLF-III.NFO,07/01/2020,12:42:03,226,226.15,6600,226.65,3300,0,16500
DLF-III.NFO,07/01/2020,12:42:27,226,226.15,6600,226.65,6600,0,16500
DLF-III.NFO,07/01/2020,12:42:47,226,226.15,6600,226.65,9900,0,16500
DLF-III.NFO,07/01/2020,12:43:55,226,226.15,6600,226.7,3300,0,16500
DLF-III.NFO,07/01/2020,12:44:20,226,226.15,6600,227,9900,0,16500
DLF-III.NFO,07/01/2020,12:44:29,226,226.25,6600,226.75,3300,0,16500
DLF-III.NFO,07/01/2020,12:45:00,226,226.25,6600,226.95,9900,0,16500
DLF-III.NFO,07/01/2020,12:45:53,226,226.45,6600,227.05,3300,0,16500
DLF-III.NFO,07/01/2020,12:45:59,226,226.45,6600,227.05,9900,0,16500
DLF-III.NFO,07/01/2020,12:46:22,226,226.45,6600,227.05,6600,0,16500
DLF-III.NFO,07/01/2020,12:46:26,226,226.45,6600,227,3300,0,16500
DLF-III.NFO,07/01/2020,12:47:01,226,226.45,6600,227.4,16500,0,16500
DLF-III.NFO,07/01/2020,12:47:05,226,226.55,6600,227.1,6600,0,16500
DLF-III.NFO,07/01/2020,12:47:08,226,226.55,6600,227.1,9900,0,16500
DLF-III.NFO,07/01/2020,12:47:15,226,226.55,6600,227.1,6600,0,16500
DLF-III.NFO,07/01/2020,12:47:20,226,226.55,6600,227.1,9900,0,16500
DLF-III.NFO,07/01/2020,12:47:25,226,226.55,6600,227.1,6600,0,16500
DLF-III.NFO,07/01/2020,12:47:38,226,226.55,6600,227.05,3300,0,16500
DLF-III.NFO,07/01/2020,12:47:45,226,226.55,6600,227.05,6600,0,16500
DLF-III.NFO,07/01/2020,12:47:49,226,226.55,6600,227,3300,0,16500
DLF-III.NFO,07/01/2020,12:47:57,226,226.55,6600,227,6600,0,16500
DLF-III.NFO,07/01/2020,12:48:01,226,226.55,6600,227,3300,0,16500
DLF-III.NFO,07/01/2020,12:48:05,226,226.55,6600,227.05,3300,0,16500
DLF-III.NFO,07/01/2020,12:48:16,226,226.75,6600,227.25,3300,0,16500
DLF-III.NFO,07/01/2020,12:48:25,226,226.75,6600,227.25,6600,0,16500
DLF-III.NFO,07/01/2020,12:48:29,226,226.75,6600,227.25,3300,0,16500
DLF-III.NFO,07/01/2020,12:48:37,226,226.75,6600,227.25,6600,0,16500
DLF-III.NFO,07/01/2020,12:48:39,226,226.75,6600,227.2,6600,0,16500
DLF-III.NFO,07/01/2020,12:48:43,226,226.75,6600,227.2,3300,0,16500
DLF-III.NFO,07/01/2020,12:48:51,226,226.75,3300,227.2,9900,0,16500
DLF-III.NFO,07/01/2020,12:48:55,226,226.5,6600,227.2,9900,0,16500
DLF-III.NFO,07/01/2020,12:49:13,226,226.5,6600,227,3300,0,16500
DLF-III.NFO,07/01/2020,12:49:26,226,226.5,6600,227,6600,0,16500
DLF-III.NFO,07/01/2020,12:49:37,226,226.5,6600,226.95,3300,0,16500
DLF-III.NFO,07/01/2020,12:49:53,226,226.5,6600,227.05,6600,0,16500
DLF-III.NFO,07/01/2020,12:50:15,226,226.5,6600,227.2,6600,0,16500
DLF-III.NFO,07/01/2020,12:50:18,226,226.5,6600,227.1,3300,0,16500
DLF-III.NFO,07/01/2020,12:50:22,226,226.6,6600,227.1,3300,0,16500
DLF-III.NFO,07/01/2020,12:50:28,226,226.6,6600,227.1,6600,0,16500
DLF-III.NFO,07/01/2020,12:50:30,226,226.6,6600,227.1,3300,0,16500
DLF-III.NFO,07/01/2020,12:50:38,226,226.6,6600,227.1,6600,0,16500
DLF-III.NFO,07/01/2020,12:50:40,226,226.6,6600,227.1,3300,0,16500
DLF-III.NFO,07/01/2020,12:50:45,226,226.6,6600,227.1,6600,0,16500
DLF-III.NFO,07/01/2020,12:50:51,226,226.6,6600,227.1,9900,0,16500
DLF-III.NFO,07/01/2020,12:51:03,226,226.6,6600,227.1,3300,0,16500
DLF-III.NFO,07/01/2020,12:51:05,226,226.6,6600,227.05,3300,0,16500
DLF-III.NFO,07/01/2020,12:51:28,226,226.6,6600,227.05,6600,0,16500
DLF-III.NFO,07/01/2020,12:51:31,226,226.6,6600,227.05,9900,0,16500
DLF-III.NFO,07/01/2020,12:51:48,226,226.6,6600,227.05,6600,0,16500
DLF-III.NFO,07/01/2020,12:51:55,226,226.6,6600,227.05,3300,0,16500
DLF-III.NFO,07/01/2020,12:52:06,226,226.6,6600,227.05,6600,0,16500
DLF-III.NFO,07/01/2020,12:52:26,226,226.25,9900,227.05,9900,0,16500
DLF-III.NFO,07/01/2020,12:53:10,226,226.25,9900,226.95,9900,0,16500
DLF-III.NFO,07/01/2020,12:53:17,226,226.25,6600,226.95,9900,0,16500
DLF-III.NFO,07/01/2020,12:53:26,226,226.25,6600,226.9,3300,0,16500
DLF-III.NFO,07/01/2020,12:53:33,226,226.35,6600,226.9,3300,0,16500
DLF-III.NFO,07/01/2020,12:53:57,226,226.35,6600,226.95,3300,0,16500
DLF-III.NFO,07/01/2020,12:54:19,226,226.35,6600,226.95,6600,0,16500
DLF-III.NFO,07/01/2020,12:54:28,226,226.35,6600,226.95,9900,0,16500
DLF-III.NFO,07/01/2020,12:54:31,226,226.35,6600,226.95,6600,0,16500
DLF-III.NFO,07/01/2020,12:54:49,226,226.35,6600,226.95,3300,0,16500
DLF-III.NFO,07/01/2020,12:54:58,226,226.35,6600,226.95,6600,0,16500
DLF-III.NFO,07/01/2020,12:55:10,226,226.35,6600,226.9,6600,0,16500
DLF-III.NFO,07/01/2020,12:55:27,226,226.35,6600,226.9,9900,0,16500
DLF-III.NFO,07/01/2020,12:56:03,226,226.35,6600,226.9,3300,0,16500
DLF-III.NFO,07/01/2020,12:56:49,226,226.35,6600,226.95,3300,0,16500
DLF-III.NFO,07/01/2020,12:57:23,226,226.35,6600,226.95,6600,0,16500
DLF-III.NFO,07/01/2020,12:57:39,226,226.35,6600,226.75,3300,0,16500
DLF-III.NFO,07/01/2020,12:57:44,226,226.05,9900,226.75,9900,0,16500
DLF-III.NFO,07/01/2020,12:57:53,226,226.05,9900,226.75,6600,0,16500
DLF-III.NFO,07/01/2020,12:57:57,226,226.05,9900,226.75,9900,0,16500
DLF-III.NFO,07/01/2020,12:58:09,226,226.05,6600,226.75,9900,0,16500
DLF-III.NFO,07/01/2020,12:58:14,226,226.05,6600,226.5,6600,0,16500
DLF-III.NFO,07/01/2020,12:58:19,226,226.05,6600,226.5,3300,0,16500
DLF-III.NFO,07/01/2020,12:58:30,226,226.05,6600,226.6,3300,0,16500
DLF-III.NFO,07/01/2020,12:59:44,226,226.05,6600,226.6,9900,0,16500
DLF-III.NFO,07/01/2020,13:00:11,226,225.75,6600,226.4,6600,0,16500
DLF-III.NFO,07/01/2020,13:00:19,226,225.75,6600,226.2,3300,0,16500
DLF-III.NFO,07/01/2020,13:00:31,226,225.75,6600,226.3,3300,0,16500
DLF-III.NFO,07/01/2020,13:00:36,226,225.75,6600,226.2,3300,0,16500
DLF-III.NFO,07/01/2020,13:00:47,226,225.75,6600,226.25,3300,0,16500
DLF-III.NFO,07/01/2020,13:00:52,226,225.85,6600,226.4,6600,0,16500
DLF-III.NFO,07/01/2020,13:01:07,226,225.45,13200,226.15,3300,0,16500
DLF-III.NFO,07/01/2020,13:01:18,226,225.55,6600,226.2,6600,0,16500
DLF-III.NFO,07/01/2020,13:01:24,226,225.55,6600,226.2,9900,0,16500
DLF-III.NFO,07/01/2020,13:01:30,226,225.55,6600,226.1,3300,0,16500
DLF-III.NFO,07/01/2020,13:01:36,226,225.55,3300,226,6600,0,16500
DLF-III.NFO,07/01/2020,13:01:42,226,225.5,6600,226,6600,0,16500
DLF-III.NFO,07/01/2020,13:01:52,226,225.5,6600,226.95,29700,0,16500
DLF-III.NFO,07/01/2020,13:01:57,226,225.6,6600,226.2,6600,0,16500
DLF-III.NFO,07/01/2020,13:02:03,226,225.6,6600,226.1,3300,0,16500
DLF-III.NFO,07/01/2020,13:02:08,226,225.6,6600,226.7,23100,0,16500
DLF-III.NFO,07/01/2020,13:02:13,226,225.7,6600,226.15,3300,0,16500
DLF-III.NFO,07/01/2020,13:02:22,226,225.4,9900,226.15,9900,0,16500
DLF-III.NFO,07/01/2020,13:02:27,226,225.4,13200,226.1,3300,0,16500
DLF-III.NFO,07/01/2020,13:02:46,226,225.4,9900,226.2,3300,0,16500
DLF-III.NFO,07/01/2020,13:02:50,226,225.4,13200,226.1,3300,0,16500
DLF-III.NFO,07/01/2020,13:02:58,226,225.75,6600,226.2,6600,0,16500
DLF-III.NFO,07/01/2020,13:03:12,226,225.75,6600,226.2,3300,0,16500
DLF-III.NFO,07/01/2020,13:03:47,226,225.75,6600,226.3,3300,0,16500
DLF-III.NFO,07/01/2020,13:04:20,226,225.75,6600,226.3,6600,0,16500
DLF-III.NFO,07/01/2020,13:04:37,226,225.75,6600,226.25,6600,0,16500
DLF-III.NFO,07/01/2020,13:04:48,226,225.75,3300,226.15,6600,0,16500
DLF-III.NFO,07/01/2020,13:04:54,226,225.45,6600,226.1,3300,0,16500
DLF-III.NFO,07/01/2020,13:04:59,226,225.55,6600,226.1,6600,0,16500
DLF-III.NFO,07/01/2020,13:05:06,226,225.55,6600,226.1,9900,0,16500
DLF-III.NFO,07/01/2020,13:05:13,226,225.2,13200,226.1,9900,0,16500
DLF-III.NFO,07/01/2020,13:05:19,226,225.3,6600,226,9900,0,16500
DLF-III.NFO,07/01/2020,13:05:25,226,225.4,6600,226,9900,0,16500
DLF-III.NFO,07/01/2020,13:05:36,226,225.4,6600,225.95,3300,0,16500
DLF-III.NFO,07/01/2020,13:05:41,226,225.4,6600,226,3300,0,16500
DLF-III.NFO,07/01/2020,13:05:51,226,225.4,6600,226,6600,0,16500
DLF-III.NFO,07/01/2020,13:05:57,226,225.4,6600,225.9,6600,0,16500
DLF-III.NFO,07/01/2020,13:06:08,226,225.4,6600,225.95,6600,0,16500
DLF-III.NFO,07/01/2020,13:06:22,226,225.4,6600,226.6,29700,0,16500
DLF-III.NFO,07/01/2020,13:06:27,226,225.4,6600,226,9900,0,16500
DLF-III.NFO,07/01/2020,13:06:36,226,225.4,6600,225.9,6600,0,16500
DLF-III.NFO,07/01/2020,13:06:46,226,225.4,6600,225.9,3300,0,16500
DLF-III.NFO,07/01/2020,13:06:55,226,225.4,6600,225.9,6600,0,16500
DLF-III.NFO,07/01/2020,13:07:01,226,225.4,3300,225.9,6600,0,16500
DLF-III.NFO,07/01/2020,13:07:10,226,225.4,6600,226.5,23100,0,16500
DLF-III.NFO,07/01/2020,13:07:15,226,225.4,6600,226.1,6600,0,16500
DLF-III.NFO,07/01/2020,13:07:48,226,225.4,6600,226,9900,0,16500
DLF-III.NFO,07/01/2020,13:08:15,226,225.35,3300,225.8,9900,0,16500
DLF-III.NFO,07/01/2020,13:08:21,226,225.1,6600,225.6,6600,0,16500
DLF-III.NFO,07/01/2020,13:08:29,226,225.1,6600,225.5,3300,0,16500
DLF-III.NFO,07/01/2020,13:08:36,226,224.6,6600,225.3,6600,0,16500
DLF-III.NFO,07/01/2020,13:08:42,226,224.7,6600,225.35,6600,0,16500
DLF-III.NFO,07/01/2020,13:08:49,226,225,6600,226.15,26400,0,16500
DLF-III.NFO,07/01/2020,13:08:55,226,225.1,6600,225.7,3300,0,16500
DLF-III.NFO,07/01/2020,13:09:00,226,225.1,6600,225.7,6600,0,16500
DLF-III.NFO,07/01/2020,13:09:05,226,224.75,6600,225.35,9900,0,16500
DLF-III.NFO,07/01/2020,13:09:11,226,224.5,6600,225,9900,0,16500
DLF-III.NFO,07/01/2020,13:09:18,226,224.6,6600,225.15,3300,0,16500
DLF-III.NFO,07/01/2020,13:09:24,226,224.6,6600,225,6600,0,16500
DLF-III.NFO,07/01/2020,13:09:30,226,224.05,6600,224.65,6600,0,16500
DLF-III.NFO,07/01/2020,13:09:36,226,224.15,6600,224.85,9900,0,16500
DLF-III.NFO,07/01/2020,13:09:42,226,224.25,6600,224.85,6600,0,16500
DLF-III.NFO,07/01/2020,13:09:48,226,224.35,6600,224.85,3300,0,16500
DLF-III.NFO,07/01/2020,13:09:54,226,224.45,6600,225,3300,0,16500
DLF-III.NFO,07/01/2020,13:10:06,226,224.45,6600,225,9900,0,16500
DLF-III.NFO,07/01/2020,13:10:12,226,224.45,6600,225,6600,0,16500
DLF-III.NFO,07/01/2020,13:10:17,226,224.45,6600,224.95,3300,0,16500
DLF-III.NFO,07/01/2020,13:10:22,226,224.45,6600,224.9,6600,0,16500
DLF-III.NFO,07/01/2020,13:10:35,226,224.45,6600,224.85,6600,0,16500
DLF-III.NFO,07/01/2020,13:10:44,226,224.45,6600,224.9,9900,0,16500
DLF-III.NFO,07/01/2020,13:10:53,226,224.45,6600,224.85,3300,0,16500
DLF-III.NFO,07/01/2020,13:11:01,226,224.45,6600,225.05,6600,0,16500
DLF-III.NFO,07/01/2020,13:11:06,226,224.45,6600,225.1,6600,0,16500
DLF-III.NFO,07/01/2020,13:11:10,226,224.45,6600,225,6600,0,16500
DLF-III.NFO,07/01/2020,13:11:24,226,224.45,6600,225.05,3300,0,16500
DLF-III.NFO,07/01/2020,13:11:29,226,224.45,6600,225.1,3300,0,16500
DLF-III.NFO,07/01/2020,13:11:33,226,224.45,6600,225.15,3300,0,16500
DLF-III.NFO,07/01/2020,13:11:37,226,224.55,6600,225.15,3300,0,16500
DLF-III.NFO,07/01/2020,13:11:46,226,224.55,6600,225.15,6600,0,16500
DLF-III.NFO,07/01/2020,13:11:55,226,224.65,6600,225.35,9900,0,16500
DLF-III.NFO,07/01/2020,13:12:00,226,224.75,6600,225.35,3300,0,16500
DLF-III.NFO,07/01/2020,13:12:06,226,224.85,9900,225.6,6600,0,16500
DLF-III.NFO,07/01/2020,13:12:12,226,224.95,6600,225.5,3300,0,16500
DLF-III.NFO,07/01/2020,13:12:17,226,225.15,6600,225.7,9900,0,16500
DLF-III.NFO,07/01/2020,13:12:22,226,225.15,6600,225.6,6600,0,16500
DLF-III.NFO,07/01/2020,13:12:31,226,225.15,3300,225.6,6600,0,16500
DLF-III.NFO,07/01/2020,13:12:36,226,224.85,9900,225.6,9900,0,16500
DLF-III.NFO,07/01/2020,13:12:40,226,224.85,13200,225.6,3300,0,16500
DLF-III.NFO,07/01/2020,13:12:49,226,225.05,6600,225.6,3300,0,16500
DLF-III.NFO,07/01/2020,13:12:57,226,225.05,6600,225.5,3300,0,16500
DLF-III.NFO,07/01/2020,13:13:12,226,225.05,6600,225.5,6600,0,16500
DLF-III.NFO,07/01/2020,13:13:16,226,224.8,6600,225.45,3300,0,16500
DLF-III.NFO,07/01/2020,13:13:20,226,224.8,6600,225.45,6600,0,16500
DLF-III.NFO,07/01/2020,13:13:28,226,224.8,6600,225.45,9900,0,16500
DLF-III.NFO,07/01/2020,13:13:45,226,224.8,6600,225.45,3300,0,16500
DLF-III.NFO,07/01/2020,13:13:49,226,224.9,6600,225.4,6600,0,16500
DLF-III.NFO,07/01/2020,13:13:55,226,224.9,6600,225.4,9900,0,16500
DLF-III.NFO,07/01/2020,13:15:01,226,224.6,9900,225.3,9900,0,16500
DLF-III.NFO,07/01/2020,13:15:08,226,224.6,6600,225.25,6600,0,16500
DLF-III.NFO,07/01/2020,13:15:16,226,224.6,6600,225.15,6600,0,16500
DLF-III.NFO,07/01/2020,13:15:23,226,224.6,3300,225,3300,0,16500
DLF-III.NFO,07/01/2020,13:15:42,226,224.4,6600,225,9900,0,16500
DLF-III.NFO,07/01/2020,13:15:48,226,224.4,6600,224.95,6600,0,16500
DLF-III.NFO,07/01/2020,13:16:03,226,224.4,6600,224.8,3300,0,16500
DLF-III.NFO,07/01/2020,13:16:09,226,224.4,6600,224.95,6600,0,16500
DLF-III.NFO,07/01/2020,13:16:26,226,224.4,6600,224.95,3300,0,16500
DLF-III.NFO,07/01/2020,13:16:55,226,224.4,6600,225.15,9900,0,16500
DLF-III.NFO,07/01/2020,13:17:26,226,224.4,6600,225.05,9900,0,16500
DLF-III.NFO,07/01/2020,13:17:44,226,224.4,6600,225.05,3300,0,16500
DLF-III.NFO,07/01/2020,13:17:49,226,224.4,6600,225,6600,0,16500
DLF-III.NFO,07/01/2020,13:17:55,226,224.4,6600,225,3300,0,16500
DLF-III.NFO,07/01/2020,13:17:59,226,224.4,6600,224.95,3300,0,16500
DLF-III.NFO,07/01/2020,13:18:09,226,224.4,6600,225.15,9900,0,16500
DLF-III.NFO,07/01/2020,13:18:13,226,224.5,6600,225.1,6600,0,16500
DLF-III.NFO,07/01/2020,13:18:28,226,224.5,6600,225.2,6600,0,16500
DLF-III.NFO,07/01/2020,13:18:39,226,224.5,9900,225.15,3300,0,16500
DLF-III.NFO,07/01/2020,13:18:44,226,224.6,6600,225.15,3300,0,16500
DLF-III.NFO,07/01/2020,13:19:11,226,224.6,6600,225.15,6600,0,16500
DLF-III.NFO,07/01/2020,13:19:16,226,224.6,6600,225.15,3300,0,16500
DLF-III.NFO,07/01/2020,13:19:20,226,224.6,6600,225.15,6600,0,16500
DLF-III.NFO,07/01/2020,13:19:25,226,224.6,6600,227.45,33000,0,16500
DLF-III.NFO,07/01/2020,13:20:07,226,224.6,6600,227.45,29700,0,16500
DLF-III.NFO,07/01/2020,13:20:12,226,224.7,6600,225.8,23100,0,16500
DLF-III.NFO,07/01/2020,13:20:17,226,224.7,6600,225.15,6600,0,16500
DLF-III.NFO,07/01/2020,13:20:22,226,224.7,3300,225.05,3300,0,16500
DLF-III.NFO,07/01/2020,13:20:41,226,224.7,3300,225.15,6600,0,16500
DLF-III.NFO,07/01/2020,13:20:48,226,224.7,6600,225.15,6600,0,16500
DLF-III.NFO,07/01/2020,13:20:57,226,224.7,6600,225.15,9900,0,16500
DLF-III.NFO,07/01/2020,13:21:01,226,224.4,6600,225.15,9900,0,16500
DLF-III.NFO,07/01/2020,13:21:07,226,224.4,6600,225,3300,0,16500
DLF-III.NFO,07/01/2020,13:21:13,226,224.4,6600,224.95,6600,0,16500
DLF-III.NFO,07/01/2020,13:21:20,226,224.4,6600,224.95,3300,0,16500
DLF-III.NFO,07/01/2020,13:21:35,226,224.4,6600,225.15,6600,0,16500
DLF-III.NFO,07/01/2020,13:21:43,226,224.4,6600,225.05,6600,0,16500
DLF-III.NFO,07/01/2020,13:21:47,226,224.4,13200,225.05,6600,0,16500
DLF-III.NFO,07/01/2020,13:21:51,226,224.5,6600,225.05,3300,0,16500
DLF-III.NFO,07/01/2020,13:21:58,226,224.5,13200,225.05,3300,0,16500
DLF-III.NFO,07/01/2020,13:22:03,226,224.6,6600,225.35,6600,0,16500
DLF-III.NFO,07/01/2020,13:22:07,226,224.7,6600,225.35,6600,0,16500
DLF-III.NFO,07/01/2020,13:22:15,226,224.7,6600,225.3,6600,0,16500
DLF-III.NFO,07/01/2020,13:22:34,226,224.7,6600,225.3,3300,0,16500
DLF-III.NFO,07/01/2020,13:22:40,226,224.8,6600,225.3,6600,0,16500
DLF-III.NFO,07/01/2020,13:22:44,226,224.8,6600,225.3,3300,0,16500
DLF-III.NFO,07/01/2020,13:22:49,226,224.8,6600,225.3,6600,0,16500
DLF-III.NFO,07/01/2020,13:22:54,226,224.8,6600,225.25,6600,0,16500
DLF-III.NFO,07/01/2020,13:23:12,226,224.8,6600,225.35,9900,0,16500
DLF-III.NFO,07/01/2020,13:23:26,226,224.8,6600,225.3,6600,0,16500
DLF-III.NFO,07/01/2020,13:23:36,226,224.8,6600,225.3,9900,0,16500
DLF-III.NFO,07/01/2020,13:23:41,226,224.8,6600,225.25,3300,0,16500
DLF-III.NFO,07/01/2020,13:23:45,226,224.8,6600,225.2,3300,0,16500
DLF-III.NFO,07/01/2020,13:23:49,226,224.8,6600,225.25,3300,0,16500
DLF-III.NFO,07/01/2020,13:23:54,226,224.8,6600,225.25,6600,0,16500
DLF-III.NFO,07/01/2020,13:24:09,226,224.8,6600,225.25,3300,0,16500
DLF-III.NFO,07/01/2020,13:24:38,226,224.8,6600,225.45,3300,0,16500
DLF-III.NFO,07/01/2020,13:24:45,226,224.9,6600,225.45,3300,0,16500
DLF-III.NFO,07/01/2020,13:24:52,226,224.9,6600,225.6,9900,0,16500
DLF-III.NFO,07/01/2020,13:24:57,226,224.9,6600,225.5,9900,0,16500
DLF-III.NFO,07/01/2020,13:25:07,226,224.9,6600,225.5,6600,0,16500
DLF-III.NFO,07/01/2020,13:25:12,226,224.9,6600,225.45,3300,0,16500
DLF-III.NFO,07/01/2020,13:25:23,226,224.9,6600,225.4,6600,0,16500
DLF-III.NFO,07/01/2020,13:25:29,226,224.9,6600,225.55,6600,0,16500
DLF-III.NFO,07/01/2020,13:25:34,226,225,6600,225.6,6600,0,16500
DLF-III.NFO,07/01/2020,13:25:41,226,225,6600,225.6,9900,0,16500
DLF-III.NFO,07/01/2020,13:25:53,226,225,6600,225.6,3300,0,16500
DLF-III.NFO,07/01/2020,13:25:57,226,225,6600,225.55,6600,0,16500
DLF-III.NFO,07/01/2020,13:26:01,226,225,6600,225.55,3300,0,16500
DLF-III.NFO,07/01/2020,13:26:09,226,225,6600,225.55,6600,0,16500
DLF-III.NFO,07/01/2020,13:26:14,226,225,6600,225.7,6600,0,16500
DLF-III.NFO,07/01/2020,13:26:19,226,225,6600,225.7,9900,0,16500
DLF-III.NFO,07/01/2020,13:26:29,226,225,6600,225.65,6600,0,16500
DLF-III.NFO,07/01/2020,13:26:34,226,225.1,6600,225.65,6600,0,16500
DLF-III.NFO,07/01/2020,13:27:10,226,225.1,6600,225.65,9900,0,16500
DLF-III.NFO,07/01/2020,13:27:20,226,225.1,6600,225.65,6600,0,16500
DLF-III.NFO,07/01/2020,13:27:24,226,225.1,6600,225.5,3300,0,16500
DLF-III.NFO,07/01/2020,13:27:33,226,224.75,6600,225.3,6600,0,16500
DLF-III.NFO,07/01/2020,13:28:00,226,224.75,6600,225.3,9900,0,16500
DLF-III.NFO,07/01/2020,13:28:10,226,224.75,3300,225.3,9900,0,16500
DLF-III.NFO,07/01/2020,13:28:23,226,224.75,6600,225.1,3300,0,16500
DLF-III.NFO,07/01/2020,13:28:27,226,224.4,6600,225,6600,0,16500
DLF-III.NFO,07/01/2020,13:28:34,226,224.4,6600,225,9900,0,16500
DLF-III.NFO,07/01/2020,13:28:38,226,224.4,6600,224.9,9900,0,16500
DLF-III.NFO,07/01/2020,13:28:48,226,224.35,6600,224.8,6600,0,16500
DLF-III.NFO,07/01/2020,13:28:55,226,224,6600,224.8,9900,0,16500
DLF-III.NFO,07/01/2020,13:29:02,226,224.1,6600,224.8,6600,0,16500
DLF-III.NFO,07/01/2020,13:29:08,226,224.2,13200,225.45,16500,0,16500
DLF-III.NFO,07/01/2020,13:29:15,226,224.3,6600,224.9,9900,0,16500
DLF-III.NFO,07/01/2020,13:29:27,226,224.3,6600,224.85,3300,0,16500
DLF-III.NFO,07/01/2020,13:29:34,226,224.3,6600,225,6600,0,16500
DLF-III.NFO,07/01/2020,13:29:41,226,224.05,6600,224.8,3300,0,16500
DLF-III.NFO,07/01/2020,13:29:47,226,224.15,6600,224.8,3300,0,16500
DLF-III.NFO,07/01/2020,13:29:54,226,224.15,6600,224.75,6600,0,16500
DLF-III.NFO,07/01/2020,13:30:01,226,224.15,6600,224.8,6600,0,16500
DLF-III.NFO,07/01/2020,13:30:07,226,224.45,9900,225.15,3300,0,16500
DLF-III.NFO,07/01/2020,13:30:12,226,224.55,6600,225.15,3300,0,16500
DLF-III.NFO,07/01/2020,13:30:26,226,224.55,6600,225.05,3300,0,16500
DLF-III.NFO,07/01/2020,13:30:32,226,224.55,6600,225.1,3300,0,16500
DLF-III.NFO,07/01/2020,13:30:38,226,224.55,6600,225.1,6600,0,16500
DLF-III.NFO,07/01/2020,13:30:43,226,224.55,6600,225.1,9900,0,16500
DLF-III.NFO,07/01/2020,13:31:02,226,224.55,6600,225.1,6600,0,16500
DLF-III.NFO,07/01/2020,13:31:08,226,224.55,6600,225.1,9900,0,16500
DLF-III.NFO,07/01/2020,13:31:20,226,224.55,6600,225.1,6600,0,16500
DLF-III.NFO,07/01/2020,13:31:32,226,224.55,6600,225.25,6600,0,16500
DLF-III.NFO,07/01/2020,13:31:38,226,224.65,6600,225.25,3300,0,16500
DLF-III.NFO,07/01/2020,13:31:44,226,224.75,6600,225.25,3300,0,16500
DLF-III.NFO,07/01/2020,13:31:51,226,224.85,6600,225.45,6600,0,16500
DLF-III.NFO,07/01/2020,13:31:59,226,224.85,13200,225.65,6600,0,16500
DLF-III.NFO,07/01/2020,13:32:06,226,224.85,6600,225.55,6600,0,16500
DLF-III.NFO,07/01/2020,13:32:13,226,224.85,6600,225.45,6600,0,16500
DLF-III.NFO,07/01/2020,13:32:20,226,224.85,6600,225.45,3300,0,16500
DLF-III.NFO,07/01/2020,13:32:25,226,224.85,6600,225.4,3300,0,16500
DLF-III.NFO,07/01/2020,13:32:31,226,224.85,6600,225.4,6600,0,16500
DLF-III.NFO,07/01/2020,13:32:35,226,224.85,6600,225.4,9900,0,16500
DLF-III.NFO,07/01/2020,13:32:40,226,224.85,6600,225.35,3300,0,16500
DLF-III.NFO,07/01/2020,13:32:46,226,224.55,6600,225.35,6600,0,16500
DLF-III.NFO,07/01/2020,13:32:52,226,224.65,6600,225.35,6600,0,16500
DLF-III.NFO,07/01/2020,13:33:08,226,224.75,9900,225.95,16500,0,16500
DLF-III.NFO,07/01/2020,13:33:13,226,224.85,6600,225.95,16500,0,16500
DLF-III.NFO,07/01/2020,13:33:17,226,224.95,6600,225.95,16500,0,16500
DLF-III.NFO,07/01/2020,13:33:22,226,224.95,6600,225.6,6600,0,16500
DLF-III.NFO,07/01/2020,13:33:27,226,225.05,6600,225.5,3300,0,16500
DLF-III.NFO,07/01/2020,13:33:34,226,225.05,6600,225.8,6600,0,16500
DLF-III.NFO,07/01/2020,13:33:43,226,225.15,6600,225.8,6600,0,16500
DLF-III.NFO,07/01/2020,13:33:49,226,225.15,6600,225.7,3300,0,16500
DLF-III.NFO,07/01/2020,13:33:55,226,225.25,6600,225.9,6600,0,16500
DLF-III.NFO,07/01/2020,13:34:10,226,225.25,6600,225.8,6600,0,16500
DLF-III.NFO,07/01/2020,13:34:15,226,225.25,6600,225.75,6600,0,16500
DLF-III.NFO,07/01/2020,13:34:25,226,225.25,6600,225.75,3300,0,16500
DLF-III.NFO,07/01/2020,13:34:30,226,225.25,6600,225.75,6600,0,16500
DLF-III.NFO,07/01/2020,13:34:40,226,225.25,6600,225.9,6600,0,16500
DLF-III.NFO,07/01/2020,13:34:52,226,225.25,6600,225.75,3300,0,16500
DLF-III.NFO,07/01/2020,13:34:59,226,225.25,6600,225.85,3300,0,16500
DLF-III.NFO,07/01/2020,13:35:12,226,225.35,6600,225.85,3300,0,16500
DLF-III.NFO,07/01/2020,13:35:23,226,225.35,6600,225.85,6600,0,16500
DLF-III.NFO,07/01/2020,13:35:36,226,225.35,6600,225.85,3300,0,16500
DLF-III.NFO,07/01/2020,13:35:45,226,225.45,6600,226,3300,0,16500
DLF-III.NFO,07/01/2020,13:35:50,226,225.55,6600,226,3300,0,16500
DLF-III.NFO,07/01/2020,13:36:48,226,225.3,6600,225.85,3300,0,16500
DLF-III.NFO,07/01/2020,13:36:53,226,225.3,6600,225.95,3300,0,16500
DLF-III.NFO,07/01/2020,13:36:58,226,225.4,6600,226,6600,0,16500
DLF-III.NFO,07/01/2020,13:37:04,226,225.5,6600,226,6600,0,16500
DLF-III.NFO,07/01/2020,13:37:28,226,225.5,6600,226,9900,0,16500
DLF-III.NFO,07/01/2020,13:38:06,226,225.5,6600,226,6600,0,16500
DLF-III.NFO,07/01/2020,13:38:13,226,225.65,6600,226.35,6600,3300,16500
DLF-III.NFO,07/01/2020,13:38:19,226,225.75,6600,226.35,6600,0,16500
DLF-III.NFO,07/01/2020,13:38:30,226,225.75,6600,226.25,9900,0,16500
DLF-III.NFO,07/01/2020,13:38:36,226,225.7,6600,226.25,9900,0,16500
DLF-III.NFO,07/01/2020,13:38:49,226,225.7,3300,226.25,9900,0,16500
DLF-III.NFO,07/01/2020,13:38:59,226,225.8,6600,226.3,6600,0,16500
DLF-III.NFO,07/01/2020,13:39:04,226,225.8,6600,226.55,9900,0,16500
DLF-III.NFO,07/01/2020,13:39:08,226,225.8,6600,226.45,9900,0,16500
DLF-III.NFO,07/01/2020,13:39:20,226,225.8,6600,226.35,9900,0,16500
DLF-III.NFO,07/01/2020,13:39:24,226,225.8,3300,226.25,6600,0,16500
DLF-III.NFO,07/01/2020,13:39:34,226,225.8,3300,226.15,6600,0,16500
DLF-III.NFO,07/01/2020,13:39:38,226,225.4,9900,226.15,9900,0,16500
DLF-III.NFO,07/01/2020,13:39:49,226,225.4,6600,226.05,9900,0,16500
DLF-III.NFO,07/01/2020,13:39:57,226,225.4,6600,226.05,6600,0,16500
DLF-III.NFO,07/01/2020,13:40:01,226,225.4,6600,225.9,3300,0,16500
DLF-III.NFO,07/01/2020,13:40:24,226,225.4,6600,226,6600,0,16500
DLF-III.NFO,07/01/2020,13:40:32,226,225.4,6600,226,3300,0,16500
DLF-III.NFO,07/01/2020,13:40:43,226,225.4,13200,226.65,23100,0,16500
DLF-III.NFO,07/01/2020,13:40:48,226,225.5,6600,226.65,23100,0,16500
DLF-III.NFO,07/01/2020,13:40:53,226,225.6,6600,226.3,6600,0,16500
DLF-III.NFO,07/01/2020,13:40:58,226,225.6,6600,226.3,9900,0,16500
DLF-III.NFO,07/01/2020,13:41:16,226,225.6,6600,226.2,9900,0,16500
DLF-III.NFO,07/01/2020,13:41:34,226,225.6,6600,226.2,6600,0,16500
DLF-III.NFO,07/01/2020,13:41:39,226,225.6,6600,226.2,3300,0,16500
DLF-III.NFO,07/01/2020,13:41:50,226,225.6,6600,226.1,3300,0,16500
DLF-III.NFO,07/01/2020,13:41:56,226,225.6,6600,226.05,3300,0,16500
DLF-III.NFO,07/01/2020,13:42:01,226,225.6,6600,226.1,3300,0,16500
DLF-III.NFO,07/01/2020,13:42:11,226,225.7,6600,226.2,3300,0,16500
DLF-III.NFO,07/01/2020,13:42:16,226,225.7,6600,226.25,3300,0,16500
DLF-III.NFO,07/01/2020,13:42:23,226,225.9,6600,226.5,6600,0,16500
DLF-III.NFO,07/01/2020,13:42:34,226,225.9,6600,226.5,3300,0,16500
DLF-III.NFO,07/01/2020,13:42:39,226,225.9,6600,226.5,6600,0,16500
DLF-III.NFO,07/01/2020,13:42:47,226,225.9,6600,226.5,9900,0,16500
DLF-III.NFO,07/01/2020,13:42:50,226,225.9,6600,226.4,3300,0,16500
DLF-III.NFO,07/01/2020,13:42:58,226,225.9,6600,226.55,9900,0,16500
DLF-III.NFO,07/01/2020,13:43:05,226,225.9,6600,226.55,6600,0,16500
DLF-III.NFO,07/01/2020,13:43:09,226,225.9,6600,226.35,3300,0,16500
DLF-III.NFO,07/01/2020,13:43:15,226,225.9,6600,226.35,6600,0,16500
DLF-III.NFO,07/01/2020,13:43:33,226,225.5,9900,226.25,6600,0,16500
DLF-III.NFO,07/01/2020,13:43:38,226,225.5,9900,226.25,9900,0,16500
DLF-III.NFO,07/01/2020,13:44:00,226,225.5,9900,226.2,3300,0,16500
DLF-III.NFO,07/01/2020,13:44:11,226,225.5,16500,226.2,3300,0,16500
DLF-III.NFO,07/01/2020,13:44:19,226,225.5,16500,226.2,6600,0,16500
DLF-III.NFO,07/01/2020,13:44:35,226,225.5,16500,226.2,3300,0,16500
DLF-III.NFO,07/01/2020,13:44:41,226,225.5,16500,226.15,3300,0,16500
DLF-III.NFO,07/01/2020,13:44:44,226,225.5,9900,226.15,3300,0,16500
DLF-III.NFO,07/01/2020,13:44:47,226,225.5,9900,226.15,6600,0,16500
DLF-III.NFO,07/01/2020,13:45:04,226,225.5,9900,226.2,3300,0,16500
DLF-III.NFO,07/01/2020,13:45:09,226,225.8,6600,226.45,9900,0,16500
DLF-III.NFO,07/01/2020,13:45:16,226,225.8,6600,226.3,3300,0,16500
DLF-III.NFO,07/01/2020,13:45:21,226,225.8,6600,226.3,9900,0,16500
DLF-III.NFO,07/01/2020,13:45:26,226,225.8,6600,226.3,6600,0,16500
DLF-III.NFO,07/01/2020,13:45:35,226,225.8,6600,226.25,6600,0,16500
DLF-III.NFO,07/01/2020,13:45:45,226,225.8,6600,226.25,3300,0,16500
DLF-III.NFO,07/01/2020,13:45:51,226,225.8,6600,226.25,6600,0,16500
DLF-III.NFO,07/01/2020,13:46:09,226,225.8,6600,226.25,3300,0,16500
DLF-III.NFO,07/01/2020,13:46:36,226,225.8,3300,226.25,9900,0,16500
DLF-III.NFO,07/01/2020,13:46:45,226,225.8,13200,226.5,3300,0,16500
DLF-III.NFO,07/01/2020,13:46:53,226,225.9,6600,226.5,3300,0,16500
DLF-III.NFO,07/01/2020,13:47:01,226,225.9,6600,226.55,9900,0,16500
DLF-III.NFO,07/01/2020,13:47:20,226,225.9,6600,226.45,6600,0,16500
DLF-III.NFO,07/01/2020,13:47:31,226,225.9,6600,226.45,9900,0,16500
