Ticker,Date,Time,LTP,BuyPrice,BuyQty,SellPrice,SellQty,LTQ,OpenInterest
DRREDDY-III.NFO,07/01/2020,09:17:14,2958.55,2833.25,250,2957.25,250,250,750
DRREDDY-III.NFO,07/01/2020,09:17:14,2958.55,2833.25,250,2957.25,250,0,750
DRREDDY-III.NFO,07/01/2020,09:17:14,2958.55,2833.25,250,2957.25,250,0,750
DRREDDY-III.NFO,07/01/2020,09:17:14,2958.55,2833.25,250,2957.25,250,0,750
DRREDDY-III.NFO,07/01/2020,09:17:23,2958.55,2834.4,250,2955.2,250,0,750
DRREDDY-III.NFO,07/01/2020,09:17:31,2958.55,2835.45,250,2953.55,250,0,750
DRREDDY-III.NFO,07/01/2020,09:17:41,2958.55,2836.85,250,2951.25,250,0,750
DRREDDY-III.NFO,07/01/2020,09:17:49,2958.55,2840.25,250,2949.95,500,0,750
DRREDDY-III.NFO,07/01/2020,09:17:57,2958.55,2842.45,250,2949.95,500,0,750
DRREDDY-III.NFO,07/01/2020,09:18:06,2958.55,2843.85,250,2948.7,250,0,750
DRREDDY-III.NFO,07/01/2020,09:18:13,2958.55,2844.45,250,2948.5,250,0,750
DRREDDY-III.NFO,07/01/2020,09:18:21,2958.55,2847.1,250,2947.45,250,0,750
DRREDDY-III.NFO,07/01/2020,09:18:29,2958.55,2850,250,2946.4,250,0,750
DRREDDY-III.NFO,07/01/2020,09:18:37,2958.55,2858.8,500,2942,750,0,750
DRREDDY-III.NFO,07/01/2020,09:18:44,2958.55,2864.1,250,2939.55,250,0,750
DRREDDY-III.NFO,07/01/2020,09:18:51,2958.55,2868.85,250,2937.6,250,0,750
DRREDDY-III.NFO,07/01/2020,09:18:59,2958.55,2878.7,500,2933,250,0,750
DRREDDY-III.NFO,07/01/2020,09:19:06,2958.55,2887.7,500,2932.05,500,0,750
DRREDDY-III.NFO,07/01/2020,09:19:14,2958.55,2894.5,250,2932.05,250,0,750
DRREDDY-III.NFO,07/01/2020,09:19:22,2958.55,2899.9,500,2932.05,250,0,750
DRREDDY-III.NFO,07/01/2020,09:19:30,2958.55,2908.95,250,2932.05,250,0,750
DRREDDY-III.NFO,07/01/2020,09:19:38,2958.55,2916,250,2932.05,250,0,750
DRREDDY-III.NFO,07/01/2020,09:19:46,2958.55,2921.7,500,2932.05,250,0,750
DRREDDY-III.NFO,07/01/2020,09:19:54,2958.55,2924,250,2935.95,250,0,750
DRREDDY-III.NFO,07/01/2020,09:20:01,2958.55,2924.1,250,2934.65,250,0,750
DRREDDY-III.NFO,07/01/2020,09:20:09,2958.55,2925.05,250,2934.65,250,0,750
DRREDDY-III.NFO,07/01/2020,09:20:17,2958.55,2925.05,250,2934.15,250,0,750
DRREDDY-III.NFO,07/01/2020,09:20:25,2958.55,2925.05,250,2933.35,250,0,750
DRREDDY-III.NFO,07/01/2020,09:20:33,2958.55,2925.05,250,2933.3,500,0,750
DRREDDY-III.NFO,07/01/2020,09:20:41,2958.55,2920.35,250,2933.3,750,0,750
DRREDDY-III.NFO,07/01/2020,09:20:56,2958.55,2920.35,250,2933.3,500,0,750
DRREDDY-III.NFO,07/01/2020,09:21:18,2958.55,2921.65,500,2932.45,250,0,750
DRREDDY-III.NFO,07/01/2020,09:21:26,2958.55,2922.05,250,2932.45,500,0,750
DRREDDY-III.NFO,07/01/2020,09:21:33,2958.55,2922.05,250,2932.45,250,0,750
DRREDDY-III.NFO,07/01/2020,09:21:40,2958.55,2922.05,250,2932.45,500,0,750
DRREDDY-III.NFO,07/01/2020,09:21:48,2958.55,2923.15,250,2932.45,250,0,750
DRREDDY-III.NFO,07/01/2020,09:22:01,2958.55,2923.25,250,2932.45,250,0,750
DRREDDY-III.NFO,07/01/2020,09:22:08,2958.55,2924.55,250,2932.45,250,0,750
DRREDDY-III.NFO,07/01/2020,09:22:30,2958.55,2924.55,250,2932.45,500,0,750
DRREDDY-III.NFO,07/01/2020,09:22:56,2958.55,2924.55,250,2932.45,250,0,750
DRREDDY-III.NFO,07/01/2020,09:24:03,2958.55,2924.55,250,2932.2,250,0,750
DRREDDY-III.NFO,07/01/2020,09:24:10,2958.55,2924.55,250,2931.8,250,0,750
DRREDDY-III.NFO,07/01/2020,09:24:17,2958.55,2924.55,250,2931.55,500,0,750
DRREDDY-III.NFO,07/01/2020,09:25:03,2958.55,2924.85,250,2936.7,750,0,750
DRREDDY-III.NFO,07/01/2020,09:25:11,2958.55,2925.75,500,2936.7,750,0,750
DRREDDY-III.NFO,07/01/2020,09:25:18,2958.55,2926.45,250,2936.7,750,0,750
DRREDDY-III.NFO,07/01/2020,09:25:25,2958.55,2927.05,250,2936.7,750,0,750
DRREDDY-III.NFO,07/01/2020,09:25:40,2958.55,2927.05,250,2935.7,250,0,750
DRREDDY-III.NFO,07/01/2020,09:25:49,2958.55,2927.05,250,2935.35,500,0,750
DRREDDY-III.NFO,07/01/2020,09:26:03,2958.55,2927.45,500,2935.35,500,0,750
DRREDDY-III.NFO,07/01/2020,09:26:10,2958.55,2927.45,250,2935,250,0,750
DRREDDY-III.NFO,07/01/2020,09:26:17,2958.55,2927.45,250,2934.65,750,0,750
DRREDDY-III.NFO,07/01/2020,09:26:28,2958.55,2927.45,250,2934.65,500,0,750
DRREDDY-III.NFO,07/01/2020,09:26:35,2958.55,2928.55,250,2939.65,750,0,750
DRREDDY-III.NFO,07/01/2020,09:26:47,2958.55,2929.05,250,2938.95,250,0,750
DRREDDY-III.NFO,07/01/2020,09:26:53,2958.55,2929.05,250,2938.6,500,0,750
DRREDDY-III.NFO,07/01/2020,09:27:02,2958.55,2929.25,250,2938.6,500,0,750
DRREDDY-III.NFO,07/01/2020,09:27:08,2958.55,2929.75,500,2938.6,500,0,750
DRREDDY-III.NFO,07/01/2020,09:27:13,2958.55,2929.85,250,2938.6,500,0,750
DRREDDY-III.NFO,07/01/2020,09:27:26,2958.55,2929.85,250,2938.6,750,0,750
DRREDDY-III.NFO,07/01/2020,09:27:33,2958.55,2929.85,250,2937.9,250,0,750
DRREDDY-III.NFO,07/01/2020,09:27:38,2958.55,2929.85,250,2937.3,250,0,750
DRREDDY-III.NFO,07/01/2020,09:27:44,2958.55,2929.85,250,2937.05,500,0,750
DRREDDY-III.NFO,07/01/2020,09:28:34,2958.55,2925.8,250,2936.9,250,0,750
DRREDDY-III.NFO,07/01/2020,09:28:39,2958.55,2926.35,250,2936.85,500,0,750
DRREDDY-III.NFO,07/01/2020,09:28:44,2958.55,2927.45,250,2936.85,500,0,750
DRREDDY-III.NFO,07/01/2020,09:29:08,2958.55,2927.65,250,2936.85,500,0,750
DRREDDY-III.NFO,07/01/2020,09:29:14,2958.55,2928.05,500,2936.85,500,0,750
DRREDDY-III.NFO,07/01/2020,09:29:20,2958.55,2928.75,250,2936.85,500,0,750
DRREDDY-III.NFO,07/01/2020,09:29:26,2958.55,2928.85,500,2936.85,500,0,750
DRREDDY-III.NFO,07/01/2020,09:29:32,2958.55,2929.15,250,2936.85,500,0,750
DRREDDY-III.NFO,07/01/2020,09:29:38,2958.55,2929.25,250,2936.85,500,0,750
DRREDDY-III.NFO,07/01/2020,09:29:45,2958.55,2929.25,500,2936.85,500,0,750
DRREDDY-III.NFO,07/01/2020,09:29:57,2958.55,2929.55,250,2936.85,500,0,750
DRREDDY-III.NFO,07/01/2020,09:30:03,2958.55,2929.55,500,2936.85,500,0,750
DRREDDY-III.NFO,07/01/2020,09:30:10,2958.55,2929.65,250,2936.85,500,0,750
DRREDDY-III.NFO,07/01/2020,09:30:16,2958.55,2931.15,250,2965.6,1250,0,750
DRREDDY-III.NFO,07/01/2020,09:30:23,2958.55,2931.25,250,2965.6,1250,0,750
DRREDDY-III.NFO,07/01/2020,09:31:25,2958.55,2924.25,500,2965.6,1250,0,750
DRREDDY-III.NFO,07/01/2020,09:31:31,2958.55,2929.45,250,2941.2,250,0,750
DRREDDY-III.NFO,07/01/2020,09:31:36,2958.55,2929.45,250,2940.3,250,0,750
DRREDDY-III.NFO,07/01/2020,09:31:41,2958.55,2929.45,500,2939.95,500,0,750
DRREDDY-III.NFO,07/01/2020,09:31:46,2958.55,2929.95,500,2939.95,500,0,750
DRREDDY-III.NFO,07/01/2020,09:31:52,2958.55,2930.55,500,2939.95,500,0,750
DRREDDY-III.NFO,07/01/2020,09:31:56,2958.55,2931.05,500,2944.45,250,0,750
DRREDDY-III.NFO,07/01/2020,09:32:01,2958.55,2932.75,250,2943.95,250,0,750
DRREDDY-III.NFO,07/01/2020,09:32:06,2958.55,2933.75,250,2943.6,500,0,750
DRREDDY-III.NFO,07/01/2020,09:32:11,2958.55,2934.35,500,2943.6,500,0,750
DRREDDY-III.NFO,07/01/2020,09:32:16,2958.55,2934.35,250,2943.6,500,0,750
DRREDDY-III.NFO,07/01/2020,09:32:40,2958.55,2934.45,250,2943.6,500,0,750
DRREDDY-III.NFO,07/01/2020,09:32:46,2958.55,2934.65,250,2943.6,500,0,750
DRREDDY-III.NFO,07/01/2020,09:32:53,2958.55,2934.95,250,2943.6,500,0,750
DRREDDY-III.NFO,07/01/2020,09:32:58,2958.55,2935.15,250,2943.6,500,0,750
DRREDDY-III.NFO,07/01/2020,09:33:20,2958.55,2935.15,250,2943.6,750,0,750
DRREDDY-III.NFO,07/01/2020,09:33:26,2958.55,2935.15,250,2943.3,500,0,750
DRREDDY-III.NFO,07/01/2020,09:33:37,2958.55,2935.15,250,2942.85,250,0,750
DRREDDY-III.NFO,07/01/2020,09:33:42,2958.55,2935.15,250,2942.25,250,0,750
DRREDDY-III.NFO,07/01/2020,09:33:47,2958.55,2935.15,250,2942.2,500,0,750
DRREDDY-III.NFO,07/01/2020,09:34:28,2958.55,2935.15,250,2941.85,250,0,750
DRREDDY-III.NFO,07/01/2020,09:34:33,2958.55,2935.15,250,2941.8,750,0,750
DRREDDY-III.NFO,07/01/2020,09:34:44,2958.55,2935.15,250,2941.8,1000,0,750
DRREDDY-III.NFO,07/01/2020,09:34:53,2958.55,2930.5,250,2941.8,1000,0,750
DRREDDY-III.NFO,07/01/2020,09:34:58,2958.55,2930.5,500,2941.8,1000,0,750
DRREDDY-III.NFO,07/01/2020,09:35:03,2958.55,2931.1,500,2941.8,500,0,750
DRREDDY-III.NFO,07/01/2020,09:35:08,2958.55,2931.2,500,2941.8,500,0,750
DRREDDY-III.NFO,07/01/2020,09:35:13,2958.55,2931.3,250,2941.8,500,0,750
DRREDDY-III.NFO,07/01/2020,09:35:18,2958.55,2931.5,500,2941.8,500,0,750
DRREDDY-III.NFO,07/01/2020,09:35:23,2958.55,2932.2,500,2941.8,500,0,750
DRREDDY-III.NFO,07/01/2020,09:35:28,2958.55,2932.9,250,2941.8,500,0,750
DRREDDY-III.NFO,07/01/2020,09:35:34,2958.55,2933.9,250,2941.8,500,0,750
DRREDDY-III.NFO,07/01/2020,09:35:40,2958.55,2934.2,250,2941.8,500,0,750
DRREDDY-III.NFO,07/01/2020,09:36:07,2958.55,2934.4,250,2941.8,500,0,750
DRREDDY-III.NFO,07/01/2020,09:37:58,2958.55,2934.4,250,2941.35,250,0,750
DRREDDY-III.NFO,07/01/2020,09:38:03,2958.55,2934.4,250,2941.1,500,0,750
DRREDDY-III.NFO,07/01/2020,09:41:05,2958.55,2934.4,250,2940.85,250,0,750
DRREDDY-III.NFO,07/01/2020,09:41:11,2958.55,2934.4,250,2940.6,500,0,750
DRREDDY-III.NFO,07/01/2020,09:41:15,2958.55,2934.4,250,2940.6,750,0,750
DRREDDY-III.NFO,07/01/2020,09:41:31,2958.55,2928.85,500,2940.3,500,0,750
DRREDDY-III.NFO,07/01/2020,09:41:35,2958.55,2929.05,500,2940.05,500,0,750
DRREDDY-III.NFO,07/01/2020,09:41:40,2958.55,2929.55,250,2940.05,500,0,750
DRREDDY-III.NFO,07/01/2020,09:41:44,2958.55,2930.05,500,2940.05,500,0,750
DRREDDY-III.NFO,07/01/2020,09:41:49,2958.55,2930.55,250,2940.05,500,0,750
DRREDDY-III.NFO,07/01/2020,09:42:08,2958.55,2930.65,500,2940.05,500,0,750
DRREDDY-III.NFO,07/01/2020,09:42:15,2958.55,2930.65,250,2940.05,500,0,750
DRREDDY-III.NFO,07/01/2020,09:42:21,2958.55,2930.65,250,2940.05,1000,0,750
DRREDDY-III.NFO,07/01/2020,09:42:28,2958.55,2930.65,250,2939.65,500,0,750
DRREDDY-III.NFO,07/01/2020,09:42:35,2958.55,2930.65,250,2938.85,250,0,750
DRREDDY-III.NFO,07/01/2020,09:42:42,2958.55,2930.65,250,2938.05,250,0,750
DRREDDY-III.NFO,07/01/2020,09:42:48,2958.55,2930.65,250,2937.9,750,0,750
DRREDDY-III.NFO,07/01/2020,09:43:06,2958.55,2930.65,250,2937.4,250,0,750
DRREDDY-III.NFO,07/01/2020,09:43:12,2958.55,2930.65,250,2936.95,500,0,750
DRREDDY-III.NFO,07/01/2020,09:48:05,2958.55,2930.65,250,2936.75,500,0,750
DRREDDY-III.NFO,07/01/2020,09:48:17,2958.55,2930.65,250,2936.65,750,0,750
DRREDDY-III.NFO,07/01/2020,09:48:22,2958.55,2930.65,250,2936.65,500,0,750
DRREDDY-III.NFO,07/01/2020,09:50:05,2958.55,2930.65,250,2936.65,250,0,750
DRREDDY-III.NFO,07/01/2020,09:50:13,2958.55,2930.85,250,2936.65,250,0,750
DRREDDY-III.NFO,07/01/2020,09:51:11,2958.55,2930.85,250,2936.5,250,0,750
DRREDDY-III.NFO,07/01/2020,09:51:16,2958.55,2930.85,250,2936.25,250,0,750
DRREDDY-III.NFO,07/01/2020,09:51:20,2958.55,2930.85,250,2936.05,250,0,750
DRREDDY-III.NFO,07/01/2020,09:51:25,2958.55,2930.85,250,2935.8,250,0,750
DRREDDY-III.NFO,07/01/2020,09:51:29,2958.55,2930.85,250,2935.55,250,0,750
DRREDDY-III.NFO,07/01/2020,09:51:34,2958.55,2930.85,250,2935.3,250,0,750
DRREDDY-III.NFO,07/01/2020,09:51:38,2958.55,2930.85,250,2935.05,250,0,750
DRREDDY-III.NFO,07/01/2020,09:51:42,2958.55,2930.85,250,2934.95,250,0,750
DRREDDY-III.NFO,07/01/2020,09:51:49,2958.55,2930.85,250,2934.85,250,0,750
DRREDDY-III.NFO,07/01/2020,09:51:53,2958.55,2930.85,250,2934.65,250,0,750
DRREDDY-III.NFO,07/01/2020,09:51:57,2958.55,2930.85,250,2934.45,250,0,750
DRREDDY-III.NFO,07/01/2020,09:52:01,2958.55,2930.85,250,2934.35,250,0,750
DRREDDY-III.NFO,07/01/2020,09:52:05,2958.55,2930.85,250,2934.2,250,0,750
DRREDDY-III.NFO,07/01/2020,09:52:28,2958.55,2930.85,250,2938.25,250,0,750
DRREDDY-III.NFO,07/01/2020,09:52:33,2958.55,2921.65,1000,2937.25,250,0,750
DRREDDY-III.NFO,07/01/2020,09:52:38,2958.55,2921.65,1000,2936.75,250,0,750
DRREDDY-III.NFO,07/01/2020,09:52:42,2958.55,2922.15,500,2936.25,250,0,750
DRREDDY-III.NFO,07/01/2020,09:52:47,2958.55,2922.65,500,2936.1,500,0,750
DRREDDY-III.NFO,07/01/2020,09:52:51,2958.55,2923.15,500,2936.1,500,0,750
DRREDDY-III.NFO,07/01/2020,09:52:55,2958.55,2923.55,500,2936.1,500,0,750
DRREDDY-III.NFO,07/01/2020,09:52:59,2958.55,2923.95,500,2936.1,500,0,750
DRREDDY-III.NFO,07/01/2020,09:53:02,2958.55,2924.35,250,2936.1,500,0,750
DRREDDY-III.NFO,07/01/2020,09:53:08,2958.55,2924.95,500,2936.1,500,0,750
DRREDDY-III.NFO,07/01/2020,09:53:14,2958.55,2926.55,250,2935.8,500,0,750
DRREDDY-III.NFO,07/01/2020,09:53:18,2958.55,2927.15,250,2935.8,750,0,750
DRREDDY-III.NFO,07/01/2020,09:53:23,2958.55,2927.55,250,2935.8,500,0,750
DRREDDY-III.NFO,07/01/2020,09:53:28,2958.55,2928.05,250,2935.8,500,0,750
DRREDDY-III.NFO,07/01/2020,09:53:32,2958.55,2928.45,250,2935.8,500,0,750
DRREDDY-III.NFO,07/01/2020,09:53:36,2958.55,2928.55,250,2935.8,250,0,750
DRREDDY-III.NFO,07/01/2020,09:53:40,2958.55,2929.05,250,2935.8,250,0,750
DRREDDY-III.NFO,07/01/2020,09:53:44,2958.55,2929.45,250,2935.7,250,0,750
DRREDDY-III.NFO,07/01/2020,09:53:49,2958.55,2929.85,250,2935.7,250,0,750
DRREDDY-III.NFO,07/01/2020,09:53:53,2958.55,2930.25,250,2940.2,750,0,750
DRREDDY-III.NFO,07/01/2020,09:53:58,2958.55,2930.75,250,2940.2,500,0,750
DRREDDY-III.NFO,07/01/2020,09:54:03,2958.55,2931.25,250,2940.2,500,0,750
DRREDDY-III.NFO,07/01/2020,09:54:09,2958.55,2931.85,250,2940.2,500,0,750
DRREDDY-III.NFO,07/01/2020,09:54:13,2958.55,2932.05,250,2939.85,250,0,750
DRREDDY-III.NFO,07/01/2020,09:54:18,2958.55,2932.05,250,2939.05,250,0,750
DRREDDY-III.NFO,07/01/2020,09:54:23,2958.55,2923.6,1000,2937.95,250,0,750
DRREDDY-III.NFO,07/01/2020,09:54:28,2958.55,2923.6,1000,2937.35,250,0,750
DRREDDY-III.NFO,07/01/2020,09:54:32,2958.55,2923.6,1000,2937.2,750,0,750
DRREDDY-III.NFO,07/01/2020,09:54:50,2958.55,2929.7,250,2940.2,500,0,750
DRREDDY-III.NFO,07/01/2020,09:54:54,2958.55,2930.2,250,2940.2,500,0,750
DRREDDY-III.NFO,07/01/2020,09:54:58,2958.55,2930.6,250,2940.2,500,0,750
DRREDDY-III.NFO,07/01/2020,09:55:02,2958.55,2931.05,250,2940.2,500,0,750
DRREDDY-III.NFO,07/01/2020,09:55:07,2958.55,2931.7,250,2939.75,250,0,750
DRREDDY-III.NFO,07/01/2020,09:55:12,2958.55,2932.2,250,2939.4,500,0,750
DRREDDY-III.NFO,07/01/2020,09:56:12,2958.55,2932.4,250,2939.4,500,0,750
DRREDDY-III.NFO,07/01/2020,09:56:57,2958.55,2932.5,250,2939.4,500,0,750
DRREDDY-III.NFO,07/01/2020,09:59:41,2958.55,2933.1,250,2939.4,250,0,750
DRREDDY-III.NFO,07/01/2020,09:59:47,2958.55,2933.7,250,2939.4,250,0,750
DRREDDY-III.NFO,07/01/2020,09:59:50,2958.55,2933.8,250,2939.4,250,0,750
DRREDDY-III.NFO,07/01/2020,10:00:03,2958.55,2933.9,250,2939.4,250,0,750
DRREDDY-III.NFO,07/01/2020,10:00:12,2958.55,2933.9,250,2942.9,750,0,750
DRREDDY-III.NFO,07/01/2020,10:00:21,2958.55,2933.9,250,2942.1,250,0,750
DRREDDY-III.NFO,07/01/2020,10:00:26,2958.55,2933.9,250,2941.6,250,0,750
DRREDDY-III.NFO,07/01/2020,10:00:31,2958.55,2933.9,250,2941.55,750,0,750
DRREDDY-III.NFO,07/01/2020,10:00:44,2958.55,2933.9,250,2940.4,500,0,750
DRREDDY-III.NFO,07/01/2020,10:00:51,2958.55,2933.9,250,2940.2,500,0,750
DRREDDY-III.NFO,07/01/2020,10:00:57,2958.55,2933.9,250,2940,250,0,750
DRREDDY-III.NFO,07/01/2020,10:01:03,2958.55,2934.1,250,2940,250,0,750
DRREDDY-III.NFO,07/01/2020,10:01:08,2958.55,2934.4,250,2940,250,0,750
DRREDDY-III.NFO,07/01/2020,10:01:20,2958.55,2934.5,250,2940,250,0,750
DRREDDY-III.NFO,07/01/2020,10:01:27,2958.55,2935.2,250,2943.95,750,0,750
DRREDDY-III.NFO,07/01/2020,10:01:33,2958.55,2935.4,250,2943.95,750,0,750
DRREDDY-III.NFO,07/01/2020,10:01:45,2958.55,2935.4,250,2943.5,750,0,750
DRREDDY-III.NFO,07/01/2020,10:02:05,2958.55,2935.4,250,2943.45,250,0,750
DRREDDY-III.NFO,07/01/2020,10:02:11,2958.55,2935.7,250,2943.3,500,0,750
DRREDDY-III.NFO,07/01/2020,10:02:17,2958.55,2936.4,250,2946.75,750,0,750
DRREDDY-III.NFO,07/01/2020,10:02:22,2958.55,2937.2,250,2946.75,750,0,750
DRREDDY-III.NFO,07/01/2020,10:02:27,2958.55,2937.8,250,2946.75,750,0,750
DRREDDY-III.NFO,07/01/2020,10:02:33,2958.55,2938,250,2946.75,1000,0,750
DRREDDY-III.NFO,07/01/2020,10:02:42,2958.55,2938,250,2946.25,250,0,750
DRREDDY-III.NFO,07/01/2020,10:02:46,2958.55,2938,250,2945.75,250,0,750
DRREDDY-III.NFO,07/01/2020,10:02:50,2958.55,2938,250,2945.5,750,0,750
DRREDDY-III.NFO,07/01/2020,10:03:03,2958.55,2938,250,2945.4,500,0,750
DRREDDY-III.NFO,07/01/2020,10:03:07,2958.55,2938.1,250,2945.4,500,0,750
DRREDDY-III.NFO,07/01/2020,10:03:12,2958.55,2938.4,250,2945.4,500,0,750
DRREDDY-III.NFO,07/01/2020,10:04:09,2958.55,2938.4,250,2945.4,750,0,750
DRREDDY-III.NFO,07/01/2020,10:04:14,2958.55,2938.4,250,2945.3,500,0,750
DRREDDY-III.NFO,07/01/2020,10:04:27,2958.55,2938.4,250,2945.3,750,0,750
DRREDDY-III.NFO,07/01/2020,10:04:57,2958.55,2933.85,250,2944.5,250,0,750
DRREDDY-III.NFO,07/01/2020,10:05:09,2958.55,2935.05,250,2943.45,500,0,750
DRREDDY-III.NFO,07/01/2020,10:05:16,2958.55,2935.05,250,2943.1,250,0,750
DRREDDY-III.NFO,07/01/2020,10:05:20,2958.55,2935.05,250,2942.8,250,0,750
DRREDDY-III.NFO,07/01/2020,10:05:23,2958.55,2935.05,250,2942.4,250,0,750
DRREDDY-III.NFO,07/01/2020,10:05:26,2958.55,2935.05,250,2942.25,500,0,750
DRREDDY-III.NFO,07/01/2020,10:05:35,2958.55,2935.05,250,2942.15,500,0,750
DRREDDY-III.NFO,07/01/2020,10:05:41,2958.55,2935.25,250,2942.15,500,0,750
DRREDDY-III.NFO,07/01/2020,10:07:01,2958.55,2935.25,250,2942.15,750,0,750
DRREDDY-III.NFO,07/01/2020,10:07:06,2958.55,2935.25,250,2942.15,500,0,750
DRREDDY-III.NFO,07/01/2020,10:07:27,2958.55,2935.25,250,2941.8,250,0,750
DRREDDY-III.NFO,07/01/2020,10:07:32,2958.55,2935.25,250,2941.65,750,0,750
DRREDDY-III.NFO,07/01/2020,10:07:47,2958.55,2935.25,250,2941.65,500,0,750
DRREDDY-III.NFO,07/01/2020,10:08:22,2958.55,2935.25,250,2941.65,750,0,750
DRREDDY-III.NFO,07/01/2020,10:09:20,2958.55,2935.25,250,2941.65,500,0,750
DRREDDY-III.NFO,07/01/2020,10:09:56,2958.55,2935.25,250,2941.65,750,0,750
DRREDDY-III.NFO,07/01/2020,10:10:00,2958.55,2935.25,250,2941.65,500,0,750
DRREDDY-III.NFO,07/01/2020,10:11:33,2958.55,2927.6,1000,2941.65,750,0,750
DRREDDY-III.NFO,07/01/2020,10:12:10,2958.55,2927.6,1000,2941.05,250,0,750
DRREDDY-III.NFO,07/01/2020,10:12:14,2958.55,2927.6,1000,2940.65,250,0,750
DRREDDY-III.NFO,07/01/2020,10:12:18,2958.55,2927.6,1000,2940.5,750,0,750
DRREDDY-III.NFO,07/01/2020,10:12:21,2958.55,2927.6,750,2939.6,250,0,750
DRREDDY-III.NFO,07/01/2020,10:12:26,2958.55,2927.6,750,2939.1,250,0,750
DRREDDY-III.NFO,07/01/2020,10:12:31,2958.55,2927.6,750,2938.65,750,0,750
DRREDDY-III.NFO,07/01/2020,10:12:51,2958.55,2927.9,750,2942.6,250,0,750
DRREDDY-III.NFO,07/01/2020,10:12:55,2958.55,2928.3,750,2942.4,250,0,750
DRREDDY-III.NFO,07/01/2020,10:12:59,2958.55,2928.8,500,2942.15,250,0,750
DRREDDY-III.NFO,07/01/2020,10:13:03,2958.55,2929.2,500,2941.95,250,0,750
DRREDDY-III.NFO,07/01/2020,10:13:07,2958.55,2929.6,500,2941.75,250,0,750
DRREDDY-III.NFO,07/01/2020,10:13:11,2958.55,2930.1,500,2941.7,250,0,750
DRREDDY-III.NFO,07/01/2020,10:13:16,2958.55,2930.6,250,2941.55,250,0,750
DRREDDY-III.NFO,07/01/2020,10:13:21,2958.55,2931.2,500,2941.45,250,0,750
DRREDDY-III.NFO,07/01/2020,10:13:25,2958.55,2931.7,250,2941.2,250,0,750
DRREDDY-III.NFO,07/01/2020,10:13:28,2958.55,2933.1,250,2941.05,250,0,750
DRREDDY-III.NFO,07/01/2020,10:13:32,2958.55,2933.5,250,2940.95,250,0,750
DRREDDY-III.NFO,07/01/2020,10:13:35,2958.55,2933.9,250,2940.95,250,0,750
DRREDDY-III.NFO,07/01/2020,10:13:38,2958.55,2934.2,250,2940.95,250,0,750
DRREDDY-III.NFO,07/01/2020,10:13:42,2958.55,2934.6,250,2940.95,250,0,750
DRREDDY-III.NFO,07/01/2020,10:13:45,2958.55,2935,250,2940.95,250,0,750
DRREDDY-III.NFO,07/01/2020,10:13:50,2958.55,2935.6,250,2944.75,500,0,750
DRREDDY-III.NFO,07/01/2020,10:13:56,2958.55,2936.1,250,2944.75,500,0,750
DRREDDY-III.NFO,07/01/2020,10:14:00,2958.55,2936.6,250,2944.75,500,0,750
DRREDDY-III.NFO,07/01/2020,10:14:05,2958.55,2937,250,2944.75,500,0,750
DRREDDY-III.NFO,07/01/2020,10:14:10,2958.55,2937.5,250,2944.75,500,0,750
DRREDDY-III.NFO,07/01/2020,10:14:16,2958.55,2937.7,250,2944.75,500,0,750
DRREDDY-III.NFO,07/01/2020,10:14:26,2958.55,2929.15,750,2944.75,750,0,750
DRREDDY-III.NFO,07/01/2020,10:14:31,2958.55,2934.8,250,2944.55,500,0,750
DRREDDY-III.NFO,07/01/2020,10:14:36,2958.55,2935.4,250,2944.55,500,0,750
DRREDDY-III.NFO,07/01/2020,10:14:41,2958.55,2935.9,250,2944.55,500,0,750
DRREDDY-III.NFO,07/01/2020,10:14:45,2958.55,2936,250,2944.55,750,0,750
DRREDDY-III.NFO,07/01/2020,10:15:20,2958.55,2936,250,2943.95,250,0,750
DRREDDY-III.NFO,07/01/2020,10:15:25,2958.55,2936,250,2943.9,750,0,750
DRREDDY-III.NFO,07/01/2020,10:15:30,2958.55,2936,250,2943.65,250,0,750
DRREDDY-III.NFO,07/01/2020,10:15:35,2958.55,2936,250,2943.7,500,0,750
DRREDDY-III.NFO,07/01/2020,10:15:40,2958.55,2936,250,2943.7,750,0,750
DRREDDY-III.NFO,07/01/2020,10:15:44,2958.55,2936.3,250,2943.55,250,0,750
DRREDDY-III.NFO,07/01/2020,10:15:50,2958.55,2936.3,250,2943.25,250,0,750
DRREDDY-III.NFO,07/01/2020,10:15:56,2958.55,2936.3,250,2942.9,250,0,750
DRREDDY-III.NFO,07/01/2020,10:16:01,2958.55,2936.3,250,2942.65,250,0,750
DRREDDY-III.NFO,07/01/2020,10:16:06,2958.55,2936.3,250,2942.4,250,0,750
DRREDDY-III.NFO,07/01/2020,10:16:10,2958.55,2936.3,250,2942.2,250,0,750
DRREDDY-III.NFO,07/01/2020,10:16:14,2958.55,2936.3,250,2942,250,0,750
DRREDDY-III.NFO,07/01/2020,10:16:18,2958.55,2929.35,500,2941.8,250,0,750
DRREDDY-III.NFO,07/01/2020,10:16:21,2958.55,2929.65,500,2941.65,250,0,750
DRREDDY-III.NFO,07/01/2020,10:16:25,2958.55,2930.15,500,2941.4,250,0,750
DRREDDY-III.NFO,07/01/2020,10:16:30,2958.55,2932.15,250,2941.15,250,0,750
DRREDDY-III.NFO,07/01/2020,10:16:34,2958.55,2932.65,250,2940.9,250,0,750
DRREDDY-III.NFO,07/01/2020,10:16:39,2958.55,2933.05,250,2940.9,250,0,750
DRREDDY-III.NFO,07/01/2020,10:16:43,2958.55,2933.55,250,2940.9,250,0,750
DRREDDY-III.NFO,07/01/2020,10:16:47,2958.55,2933.95,250,2940.8,250,0,750
DRREDDY-III.NFO,07/01/2020,10:16:51,2958.55,2934.15,250,2940.8,250,0,750
DRREDDY-III.NFO,07/01/2020,10:16:59,2958.55,2934.15,250,2940.7,250,0,750
DRREDDY-III.NFO,07/01/2020,10:17:03,2958.55,2934.25,250,2940.7,250,0,750
DRREDDY-III.NFO,07/01/2020,10:17:15,2958.55,2934.75,250,2940.6,250,0,750
DRREDDY-III.NFO,07/01/2020,10:17:19,2958.55,2935.05,250,2940.6,250,0,750
DRREDDY-III.NFO,07/01/2020,10:17:27,2958.55,2935.15,250,2940.6,250,0,750
DRREDDY-III.NFO,07/01/2020,10:17:31,2958.55,2935.45,250,2940.6,250,0,750
DRREDDY-III.NFO,07/01/2020,10:17:59,2958.55,2935.55,250,2940.6,250,0,750
DRREDDY-III.NFO,07/01/2020,10:18:19,2958.55,2935.55,250,2940.5,250,0,750
DRREDDY-III.NFO,07/01/2020,10:18:23,2958.55,2935.55,250,2940.4,250,0,750
DRREDDY-III.NFO,07/01/2020,10:18:31,2958.55,2935.55,250,2940.3,250,0,750
DRREDDY-III.NFO,07/01/2020,10:18:51,2958.55,2935.55,250,2940.1,250,0,750
DRREDDY-III.NFO,07/01/2020,10:18:56,2958.55,2935.55,250,2940,250,0,750
DRREDDY-III.NFO,07/01/2020,10:19:10,2958.55,2935.55,250,2939.9,250,0,750
DRREDDY-III.NFO,07/01/2020,10:19:28,2958.55,2935.55,250,2939.65,250,0,750
DRREDDY-III.NFO,07/01/2020,10:19:32,2958.55,2935.55,250,2939.6,250,0,750
DRREDDY-III.NFO,07/01/2020,10:19:55,2958.55,2928.95,500,2939.6,250,0,750
DRREDDY-III.NFO,07/01/2020,10:19:59,2958.55,2929.45,500,2939.35,250,0,750
DRREDDY-III.NFO,07/01/2020,10:20:04,2958.55,2931.05,250,2939.15,250,0,750
DRREDDY-III.NFO,07/01/2020,10:20:08,2958.55,2931.65,250,2938.85,250,0,750
DRREDDY-III.NFO,07/01/2020,10:20:13,2958.55,2932.05,250,2938.6,250,0,750
DRREDDY-III.NFO,07/01/2020,10:20:18,2958.55,2932.05,250,2938.35,250,0,750
DRREDDY-III.NFO,07/01/2020,10:20:21,2958.55,2932.15,250,2938.15,250,0,750
DRREDDY-III.NFO,07/01/2020,10:20:25,2958.55,2932.15,250,2938.1,250,0,750
DRREDDY-III.NFO,07/01/2020,10:20:29,2958.55,2932.45,250,2938.1,250,0,750
DRREDDY-III.NFO,07/01/2020,10:20:33,2958.55,2932.65,250,2938,250,0,750
DRREDDY-III.NFO,07/01/2020,10:20:37,2958.55,2932.65,250,2937.9,250,0,750
DRREDDY-III.NFO,07/01/2020,10:20:50,2958.55,2932.65,250,2937.65,250,0,750
DRREDDY-III.NFO,07/01/2020,10:20:53,2958.55,2932.65,250,2937.45,250,0,750
DRREDDY-III.NFO,07/01/2020,10:20:56,2958.55,2932.65,250,2937.25,250,0,750
DRREDDY-III.NFO,07/01/2020,10:21:00,2958.55,2932.65,250,2937.3,250,0,750
DRREDDY-III.NFO,07/01/2020,10:21:19,2958.55,2932.65,250,2937.15,250,0,750
DRREDDY-III.NFO,07/01/2020,10:21:23,2958.55,2932.65,250,2937.1,250,0,750
DRREDDY-III.NFO,07/01/2020,10:21:28,2958.55,2932.65,250,2937.05,250,0,750
DRREDDY-III.NFO,07/01/2020,10:21:31,2958.55,2932.65,250,2937,250,0,750
DRREDDY-III.NFO,07/01/2020,10:22:03,2958.55,2925.5,500,2936.8,250,0,750
DRREDDY-III.NFO,07/01/2020,10:22:07,2958.55,2926.3,250,2936.6,250,0,750
DRREDDY-III.NFO,07/01/2020,10:22:12,2958.55,2928,250,2936.3,250,0,750
DRREDDY-III.NFO,07/01/2020,10:22:17,2958.55,2928.5,250,2936.1,250,0,750
DRREDDY-III.NFO,07/01/2020,10:22:21,2958.55,2928.9,250,2936,250,0,750
DRREDDY-III.NFO,07/01/2020,10:22:24,2958.55,2929.3,250,2936,250,0,750
DRREDDY-III.NFO,07/01/2020,10:22:29,2958.55,2929.75,250,2936,250,0,750
DRREDDY-III.NFO,07/01/2020,10:22:33,2958.55,2930.1,250,2936,250,0,750
DRREDDY-III.NFO,07/01/2020,10:22:37,2958.55,2930.6,250,2936,250,0,750
DRREDDY-III.NFO,07/01/2020,10:22:42,2958.55,2931.1,250,2940.1,500,0,750
DRREDDY-III.NFO,07/01/2020,10:22:48,2958.55,2931.8,250,2940.1,500,0,750
DRREDDY-III.NFO,07/01/2020,10:22:54,2958.55,2931.8,250,2939.75,250,0,750
DRREDDY-III.NFO,07/01/2020,10:22:59,2958.55,2931.8,250,2939.25,250,0,750
DRREDDY-III.NFO,07/01/2020,10:23:04,2958.55,2931.8,250,2939,500,0,750
DRREDDY-III.NFO,07/01/2020,10:24:01,2958.55,2931.8,250,2938.65,250,0,750
DRREDDY-III.NFO,07/01/2020,10:24:05,2958.55,2931.8,250,2938.6,500,0,750
DRREDDY-III.NFO,07/01/2020,10:24:09,2958.55,2932.1,250,2938.6,500,0,750
DRREDDY-III.NFO,07/01/2020,10:24:25,2958.55,2932.2,250,2938.6,500,0,750
DRREDDY-III.NFO,07/01/2020,10:29:30,2958.55,2932.2,250,2938.6,750,0,750
DRREDDY-III.NFO,07/01/2020,10:29:33,2958.55,2923.8,500,2938.6,750,0,750
DRREDDY-III.NFO,07/01/2020,10:29:37,2958.55,2924.1,500,2938.6,750,0,750
DRREDDY-III.NFO,07/01/2020,10:29:41,2958.55,2924.6,500,2938.6,750,0,750
DRREDDY-III.NFO,07/01/2020,10:29:44,2958.55,2925,500,2938.6,750,0,750
DRREDDY-III.NFO,07/01/2020,10:29:48,2958.55,2925.3,500,2938.6,750,0,750
DRREDDY-III.NFO,07/01/2020,10:29:51,2958.55,2925.7,500,2938.6,750,0,750
DRREDDY-III.NFO,07/01/2020,10:29:53,2958.55,2927.8,250,2938.6,750,0,750
DRREDDY-III.NFO,07/01/2020,10:29:56,2958.55,2928,250,2938.6,750,0,750
DRREDDY-III.NFO,07/01/2020,10:29:59,2958.55,2928.3,250,2938.6,750,0,750
DRREDDY-III.NFO,07/01/2020,10:30:03,2958.55,2928.7,250,2938.6,750,0,750
DRREDDY-III.NFO,07/01/2020,10:30:06,2958.55,2929.1,250,2938.6,750,0,750
DRREDDY-III.NFO,07/01/2020,10:30:09,2958.55,2929.5,250,2938.6,750,0,750
DRREDDY-III.NFO,07/01/2020,10:30:12,2958.55,2929.8,250,2938.6,750,0,750
DRREDDY-III.NFO,07/01/2020,10:30:16,2958.55,2929.9,250,2938.1,250,0,750
DRREDDY-III.NFO,07/01/2020,10:30:20,2958.55,2924.4,500,2936.2,500,0,750
DRREDDY-III.NFO,07/01/2020,10:30:23,2958.55,2924.8,250,2935.7,250,0,750
DRREDDY-III.NFO,07/01/2020,10:30:28,2958.55,2925.4,250,2935.25,750,0,750
DRREDDY-III.NFO,07/01/2020,10:30:31,2958.55,2925.7,250,2935.25,750,0,750
DRREDDY-III.NFO,07/01/2020,10:30:35,2958.55,2926.1,250,2935.25,500,0,750
DRREDDY-III.NFO,07/01/2020,10:30:39,2958.55,2926.5,250,2935.25,500,0,750
DRREDDY-III.NFO,07/01/2020,10:30:43,2958.55,2926.9,250,2935.25,500,0,750
DRREDDY-III.NFO,07/01/2020,10:30:46,2958.55,2927,250,2935.25,500,0,750
DRREDDY-III.NFO,07/01/2020,10:31:03,2958.55,2927.1,250,2935.25,500,0,750
DRREDDY-III.NFO,07/01/2020,10:31:10,2958.55,2927.2,250,2935.25,500,0,750
DRREDDY-III.NFO,07/01/2020,10:31:16,2958.55,2927.3,250,2935.25,500,0,750
DRREDDY-III.NFO,07/01/2020,10:31:19,2958.55,2927.5,250,2935.25,500,0,750
DRREDDY-III.NFO,07/01/2020,10:31:22,2958.55,2927.7,250,2935.25,500,0,750
DRREDDY-III.NFO,07/01/2020,10:31:33,2958.55,2928.05,250,2935.05,250,0,750
DRREDDY-III.NFO,07/01/2020,10:31:38,2958.55,2928.15,250,2934.85,250,0,750
DRREDDY-III.NFO,07/01/2020,10:31:45,2958.55,2928.15,250,2934.75,250,0,750
DRREDDY-III.NFO,07/01/2020,10:31:48,2958.55,2928.15,250,2934.65,250,0,750
DRREDDY-III.NFO,07/01/2020,10:31:53,2958.55,2928.15,250,2934.45,250,0,750
DRREDDY-III.NFO,07/01/2020,10:31:56,2958.55,2928.15,250,2934.25,250,0,750
DRREDDY-III.NFO,07/01/2020,10:32:22,2958.55,2928.15,250,2934.15,250,0,750
DRREDDY-III.NFO,07/01/2020,10:32:27,2958.55,2928.15,250,2933.9,250,0,750
DRREDDY-III.NFO,07/01/2020,10:32:31,2958.55,2928.15,250,2933.7,250,0,750
DRREDDY-III.NFO,07/01/2020,10:32:35,2958.55,2928.15,250,2933.45,250,0,750
DRREDDY-III.NFO,07/01/2020,10:32:39,2958.55,2928.15,250,2933.25,250,0,750
DRREDDY-III.NFO,07/01/2020,10:32:42,2958.55,2928.15,250,2933.05,250,0,750
DRREDDY-III.NFO,07/01/2020,10:32:46,2958.55,2928.15,250,2932.95,250,0,750
DRREDDY-III.NFO,07/01/2020,10:32:53,2958.55,2928,250,2932.55,750,0,750
DRREDDY-III.NFO,07/01/2020,10:33:07,2958.55,2928,250,2932.55,500,0,750
DRREDDY-III.NFO,07/01/2020,10:33:20,2958.55,2928,500,2932.55,500,0,750
DRREDDY-III.NFO,07/01/2020,10:33:35,2958.55,2928,250,2932.55,500,0,750
DRREDDY-III.NFO,07/01/2020,10:34:57,2958.55,2928.05,250,2932.55,500,0,750
DRREDDY-III.NFO,07/01/2020,10:35:42,2958.55,2928,250,2932.55,500,0,750
DRREDDY-III.NFO,07/01/2020,10:38:26,2928,2915.8,500,2932.4,500,250,750
DRREDDY-III.NFO,07/01/2020,10:38:26,2928,2915.8,500,2932.4,500,0,750
DRREDDY-III.NFO,07/01/2020,10:38:29,2928,2916.2,500,2932,250,0,750
DRREDDY-III.NFO,07/01/2020,10:38:33,2928,2916.5,500,2931.6,250,0,750
DRREDDY-III.NFO,07/01/2020,10:38:40,2928,2917.3,500,2931.05,750,0,750
DRREDDY-III.NFO,07/01/2020,10:38:42,2928,2917.5,500,2931.05,750,0,750
DRREDDY-III.NFO,07/01/2020,10:38:44,2928,2917.7,500,2930.8,250,0,750
DRREDDY-III.NFO,07/01/2020,10:38:47,2928,2918,500,2930.75,750,0,750
DRREDDY-III.NFO,07/01/2020,10:38:49,2928,2918.3,500,2930.75,750,0,750
DRREDDY-III.NFO,07/01/2020,10:38:51,2928,2918.5,500,2930.75,750,0,750
DRREDDY-III.NFO,07/01/2020,10:38:53,2928,2918.7,500,2930.75,750,0,750
DRREDDY-III.NFO,07/01/2020,10:38:54,2928,2918.8,500,2930.75,750,0,750
DRREDDY-III.NFO,07/01/2020,10:38:55,2928,2919,500,2930.75,500,0,750
DRREDDY-III.NFO,07/01/2020,10:38:57,2928,2919.2,500,2930.75,500,0,750
DRREDDY-III.NFO,07/01/2020,10:38:59,2928,2919.4,500,2930.65,750,0,750
DRREDDY-III.NFO,07/01/2020,10:39:02,2928,2919.7,500,2930.65,750,0,750
DRREDDY-III.NFO,07/01/2020,10:39:06,2928,2920.1,500,2930.65,750,0,750
DRREDDY-III.NFO,07/01/2020,10:39:09,2928,2920.5,500,2930.65,750,0,750
DRREDDY-III.NFO,07/01/2020,10:39:13,2928,2920.8,250,2930.65,750,0,750
DRREDDY-III.NFO,07/01/2020,10:39:16,2928,2921.2,250,2930.65,750,0,750
DRREDDY-III.NFO,07/01/2020,10:39:20,2928,2921.7,250,2930.65,500,0,750
DRREDDY-III.NFO,07/01/2020,10:39:25,2928,2922.2,250,2930.65,500,0,750
DRREDDY-III.NFO,07/01/2020,10:39:28,2928,2922.6,250,2930.65,500,0,750
DRREDDY-III.NFO,07/01/2020,10:39:31,2928,2922.9,250,2930.65,500,0,750
DRREDDY-III.NFO,07/01/2020,10:39:34,2928,2923.1,250,2930.65,500,0,750
DRREDDY-III.NFO,07/01/2020,10:39:43,2928,2923.4,250,2930.65,500,0,750
DRREDDY-III.NFO,07/01/2020,10:39:52,2928,2923.4,250,2930.65,750,0,750
DRREDDY-III.NFO,07/01/2020,10:40:38,2928,2923.4,250,2930.65,500,0,750
DRREDDY-III.NFO,07/01/2020,10:40:46,2928,2923.6,250,2930.65,250,0,750
DRREDDY-III.NFO,07/01/2020,10:40:49,2928,2924,250,2930.65,250,0,750
DRREDDY-III.NFO,07/01/2020,10:40:51,2928,2924.3,250,2930.65,250,0,750
DRREDDY-III.NFO,07/01/2020,10:40:58,2928,2924.5,250,2930.65,250,0,750
DRREDDY-III.NFO,07/01/2020,10:42:03,2928,2924.5,250,2930.55,250,0,750
DRREDDY-III.NFO,07/01/2020,10:42:16,2928,2924.5,250,2930.45,250,0,750
DRREDDY-III.NFO,07/01/2020,10:42:19,2928,2924.5,250,2930.35,250,0,750
DRREDDY-III.NFO,07/01/2020,10:42:21,2928,2924.5,250,2930.2,250,0,750
DRREDDY-III.NFO,07/01/2020,10:42:23,2928,2924.5,250,2930.05,250,0,750
DRREDDY-III.NFO,07/01/2020,10:42:26,2928,2924.5,250,2929.9,250,0,750
DRREDDY-III.NFO,07/01/2020,10:42:30,2928,2920.35,250,2929.7,250,0,750
DRREDDY-III.NFO,07/01/2020,10:42:34,2928,2920.75,250,2929.5,250,0,750
DRREDDY-III.NFO,07/01/2020,10:42:38,2928,2921.15,250,2929.3,250,0,750
DRREDDY-III.NFO,07/01/2020,10:42:41,2928,2921.55,250,2929.1,250,0,750
DRREDDY-III.NFO,07/01/2020,10:42:45,2928,2921.85,250,2928.95,250,0,750
DRREDDY-III.NFO,07/01/2020,10:42:48,2928,2922.15,250,2928.75,250,0,750
DRREDDY-III.NFO,07/01/2020,10:42:50,2928,2922.15,250,2928.65,250,0,750
DRREDDY-III.NFO,07/01/2020,10:43:25,2928,2922.45,250,2928.55,250,0,750
DRREDDY-III.NFO,07/01/2020,10:43:28,2928,2922.85,250,2928.55,250,0,750
DRREDDY-III.NFO,07/01/2020,10:43:37,2928,2922.95,250,2928.55,250,0,750
DRREDDY-III.NFO,07/01/2020,10:43:40,2928,2923.35,250,2933.5,1000,0,750
DRREDDY-III.NFO,07/01/2020,10:43:44,2928,2923.65,250,2933.5,1000,0,750
DRREDDY-III.NFO,07/01/2020,10:48:24,2928,2915.75,750,2933.5,1000,0,750
DRREDDY-III.NFO,07/01/2020,10:48:28,2928,2915.75,750,2933.5,750,0,750
DRREDDY-III.NFO,07/01/2020,10:48:45,2928,2916.05,500,2933.1,500,0,750
DRREDDY-III.NFO,07/01/2020,10:48:49,2928,2918.25,250,2932.7,500,0,750
DRREDDY-III.NFO,07/01/2020,10:49:03,2928,2919.55,250,2931.2,500,0,750
DRREDDY-III.NFO,07/01/2020,10:49:06,2928,2919.75,250,2930.8,500,0,750
DRREDDY-III.NFO,07/01/2020,10:49:09,2928,2919.95,250,2930.5,500,0,750
DRREDDY-III.NFO,07/01/2020,10:49:18,2928,2920.75,250,2929.6,250,0,750
DRREDDY-III.NFO,07/01/2020,10:49:21,2928,2921.05,250,2929.2,250,0,750
DRREDDY-III.NFO,07/01/2020,10:49:25,2928,2921.05,250,2928.8,250,0,750
DRREDDY-III.NFO,07/01/2020,10:49:28,2928,2921.05,250,2928.65,750,0,750
DRREDDY-III.NFO,07/01/2020,10:49:41,2928,2921.25,250,2928.65,750,0,750
DRREDDY-III.NFO,07/01/2020,10:49:54,2928,2921.35,250,2928.65,750,0,750
DRREDDY-III.NFO,07/01/2020,10:50:06,2928,2921.35,250,2928.65,500,0,750
DRREDDY-III.NFO,07/01/2020,10:50:11,2928,2921.85,250,2928.65,500,0,750
DRREDDY-III.NFO,07/01/2020,10:50:17,2928,2912.2,750,2928.3,250,0,750
DRREDDY-III.NFO,07/01/2020,10:50:22,2928,2915,500,2928.05,500,0,750
DRREDDY-III.NFO,07/01/2020,10:50:27,2928,2915.5,500,2928.05,500,0,750
DRREDDY-III.NFO,07/01/2020,10:50:30,2928,2915.9,250,2928.05,500,0,750
DRREDDY-III.NFO,07/01/2020,10:50:35,2928,2919.6,250,2928.05,500,0,750
DRREDDY-III.NFO,07/01/2020,10:50:39,2928,2920,250,2928.05,500,0,750
DRREDDY-III.NFO,07/01/2020,10:50:43,2928,2920.5,250,2928.05,500,0,750
DRREDDY-III.NFO,07/01/2020,10:50:47,2928,2920.9,250,2928.05,500,0,750
DRREDDY-III.NFO,07/01/2020,10:50:50,2928,2921.1,250,2928.05,500,0,750
DRREDDY-III.NFO,07/01/2020,10:50:57,2928,2921.2,250,2928.05,500,0,750
DRREDDY-III.NFO,07/01/2020,10:51:05,2928,2921.4,250,2928.05,500,0,750
DRREDDY-III.NFO,07/01/2020,10:51:09,2928,2921.5,250,2928.05,500,0,750
DRREDDY-III.NFO,07/01/2020,10:51:12,2928,2921.5,250,2928.05,250,0,750
DRREDDY-III.NFO,07/01/2020,10:51:19,2928,2921.5,250,2927.95,250,0,750
DRREDDY-III.NFO,07/01/2020,10:51:22,2928,2921.5,250,2927.85,250,0,750
DRREDDY-III.NFO,07/01/2020,10:51:33,2928,2921.5,250,2927.65,250,0,750
DRREDDY-III.NFO,07/01/2020,10:52:02,2928,2921.5,250,2927.45,250,0,750
DRREDDY-III.NFO,07/01/2020,10:52:07,2928,2921.5,250,2927.25,250,0,750
DRREDDY-III.NFO,07/01/2020,10:52:12,2928,2921.5,250,2927.15,250,0,750
DRREDDY-III.NFO,07/01/2020,10:52:27,2928,2921.5,250,2926.95,250,0,750
DRREDDY-III.NFO,07/01/2020,10:52:32,2928,2915.1,500,2926.75,250,0,750
DRREDDY-III.NFO,07/01/2020,10:52:38,2928,2915.7,500,2926.55,250,0,750
DRREDDY-III.NFO,07/01/2020,10:52:42,2928,2916.2,500,2926.55,250,0,750
DRREDDY-III.NFO,07/01/2020,10:52:46,2928,2916.6,500,2926.55,250,0,750
DRREDDY-III.NFO,07/01/2020,10:52:50,2928,2918.6,250,2926.55,250,0,750
DRREDDY-III.NFO,07/01/2020,10:52:54,2928,2919.1,250,2926.55,250,0,750
DRREDDY-III.NFO,07/01/2020,10:52:59,2928,2919.5,250,2926.55,250,0,750
DRREDDY-III.NFO,07/01/2020,10:53:05,2928,2920.2,250,2926.55,250,0,750
DRREDDY-III.NFO,07/01/2020,10:53:11,2928,2920.5,250,2926.45,250,0,750
DRREDDY-III.NFO,07/01/2020,10:53:17,2928,2920.5,250,2926.35,250,0,750
DRREDDY-III.NFO,07/01/2020,10:53:37,2928,2920.5,250,2926.2,250,0,750
DRREDDY-III.NFO,07/01/2020,10:53:42,2928,2920.5,250,2925.95,250,0,750
DRREDDY-III.NFO,07/01/2020,10:53:48,2928,2916.8,250,2925.6,250,0,750
DRREDDY-III.NFO,07/01/2020,10:53:54,2928,2909.1,500,2923.75,750,0,750
DRREDDY-III.NFO,07/01/2020,10:53:59,2928,2909.7,500,2923.65,750,0,750
DRREDDY-III.NFO,07/01/2020,10:54:05,2928,2910.2,250,2923.65,500,0,750
DRREDDY-III.NFO,07/01/2020,10:54:10,2928,2912.9,250,2923.3,250,0,750
DRREDDY-III.NFO,07/01/2020,10:54:15,2928,2913.5,250,2922.95,500,0,750
DRREDDY-III.NFO,07/01/2020,10:54:21,2928,2914.1,250,2922.95,500,0,750
DRREDDY-III.NFO,07/01/2020,10:54:27,2928,2914.8,250,2922.95,500,0,750
DRREDDY-III.NFO,07/01/2020,10:54:32,2928,2915.3,250,2922.95,500,0,750
DRREDDY-III.NFO,07/01/2020,10:54:37,2928,2915.9,500,2922.95,250,0,750
DRREDDY-III.NFO,07/01/2020,10:54:42,2928,2916.4,250,2922.95,250,0,750
DRREDDY-III.NFO,07/01/2020,10:54:47,2928,2916.9,250,2922.95,250,0,750
DRREDDY-III.NFO,07/01/2020,10:54:52,2928,2917.3,250,2922.95,250,0,750
DRREDDY-III.NFO,07/01/2020,10:54:57,2928,2917.5,250,2922.95,250,0,750
DRREDDY-III.NFO,07/01/2020,10:55:06,2928,2917.6,250,2922.95,250,0,750
DRREDDY-III.NFO,07/01/2020,10:55:11,2928,2917.8,250,2922.95,250,0,750
DRREDDY-III.NFO,07/01/2020,10:55:16,2928,2917.9,250,2922.95,250,0,750
DRREDDY-III.NFO,07/01/2020,10:55:24,2928,2918.4,250,2922.95,250,0,750
DRREDDY-III.NFO,07/01/2020,10:55:50,2928,2918.7,250,2928.35,750,0,750
DRREDDY-III.NFO,07/01/2020,10:55:55,2928,2918.9,250,2927.95,250,0,750
DRREDDY-III.NFO,07/01/2020,10:55:59,2928,2919,250,2927.6,750,0,750
DRREDDY-III.NFO,07/01/2020,10:56:03,2928,2919.4,250,2927.4,250,0,750
DRREDDY-III.NFO,07/01/2020,10:56:07,2928,2919.8,250,2927.15,250,0,750
DRREDDY-III.NFO,07/01/2020,10:56:13,2928,2920.1,250,2926.8,250,0,750
DRREDDY-III.NFO,07/01/2020,10:56:18,2928,2920.1,250,2926.55,250,0,750
DRREDDY-III.NFO,07/01/2020,10:56:23,2928,2920.1,250,2926.3,250,0,750
DRREDDY-III.NFO,07/01/2020,10:56:27,2928,2920.1,250,2926.2,250,0,750
DRREDDY-III.NFO,07/01/2020,10:56:38,2928,2920.2,250,2926.2,250,0,750
DRREDDY-III.NFO,07/01/2020,10:56:58,2928,2920.3,250,2926.2,250,0,750
DRREDDY-III.NFO,07/01/2020,10:57:02,2928,2920.5,250,2926.2,250,0,750
DRREDDY-III.NFO,07/01/2020,10:57:10,2928,2920.5,250,2926.05,250,0,750
DRREDDY-III.NFO,07/01/2020,10:57:17,2928,2911.65,500,2925.75,250,0,750
DRREDDY-III.NFO,07/01/2020,10:57:23,2928,2912.35,500,2925.4,250,0,750
DRREDDY-III.NFO,07/01/2020,10:57:30,2928,2913.65,500,2925.1,250,0,750
DRREDDY-III.NFO,07/01/2020,10:57:36,2928,2914.25,500,2925.05,250,0,750
DRREDDY-III.NFO,07/01/2020,10:57:41,2928,2916.05,250,2924.85,250,0,750
DRREDDY-III.NFO,07/01/2020,10:57:47,2928,2916.95,250,2924.8,250,0,750
DRREDDY-III.NFO,07/01/2020,10:57:52,2928,2917.55,250,2924.8,250,0,750
DRREDDY-III.NFO,07/01/2020,10:57:56,2928,2917.95,250,2924.8,250,0,750
DRREDDY-III.NFO,07/01/2020,10:58:00,2928,2918.25,250,2924.8,250,0,750
DRREDDY-III.NFO,07/01/2020,10:58:04,2928,2918.35,250,2924.8,250,0,750
DRREDDY-III.NFO,07/01/2020,10:58:09,2928,2918.65,250,2924.8,250,0,750
DRREDDY-III.NFO,07/01/2020,10:58:14,2928,2918.85,250,2924.8,250,0,750
DRREDDY-III.NFO,07/01/2020,10:58:18,2928,2918.95,250,2924.8,250,0,750
DRREDDY-III.NFO,07/01/2020,10:58:23,2928,2918.95,250,2924.7,250,0,750
DRREDDY-III.NFO,07/01/2020,10:58:29,2928,2918.95,250,2924.6,250,0,750
DRREDDY-III.NFO,07/01/2020,10:58:59,2928,2919.25,250,2924.6,250,0,750
DRREDDY-III.NFO,07/01/2020,10:59:11,2928,2919.35,250,2924.6,250,0,750
DRREDDY-III.NFO,07/01/2020,10:59:33,2928,2919.35,250,2924.5,250,0,750
DRREDDY-III.NFO,07/01/2020,10:59:38,2928,2919.35,250,2924.2,250,0,750
DRREDDY-III.NFO,07/01/2020,10:59:43,2928,2919.35,250,2923.95,250,0,750
DRREDDY-III.NFO,07/01/2020,10:59:49,2928,2919.35,250,2923.65,250,0,750
DRREDDY-III.NFO,07/01/2020,10:59:54,2928,2919.35,250,2923.4,250,0,750
DRREDDY-III.NFO,07/01/2020,11:01:11,2928,2913.25,250,2923.4,250,0,750
DRREDDY-III.NFO,07/01/2020,11:01:18,2928,2915.85,250,2923.4,250,0,750
DRREDDY-III.NFO,07/01/2020,11:01:25,2928,2916.55,250,2923.3,250,0,750
DRREDDY-III.NFO,07/01/2020,11:01:31,2928,2917.05,250,2923.3,250,0,750
DRREDDY-III.NFO,07/01/2020,11:01:38,2928,2917.15,250,2923.3,250,0,750
DRREDDY-III.NFO,07/01/2020,11:01:45,2928,2917.35,250,2923.3,250,0,750
DRREDDY-III.NFO,07/01/2020,11:01:53,2928,2917.55,250,2923.3,250,0,750
DRREDDY-III.NFO,07/01/2020,11:02:00,2928,2917.65,250,2923.3,250,0,750
DRREDDY-III.NFO,07/01/2020,11:02:06,2928,2917.75,250,2929.65,500,0,750
DRREDDY-III.NFO,07/01/2020,11:02:13,2928,2918.55,250,2928.85,250,0,750
DRREDDY-III.NFO,07/01/2020,11:02:19,2928,2919.05,250,2927.35,250,0,750
DRREDDY-III.NFO,07/01/2020,11:02:25,2928,2919.45,250,2927.1,500,0,750
DRREDDY-III.NFO,07/01/2020,11:02:32,2928,2920.15,250,2927.1,500,0,750
DRREDDY-III.NFO,07/01/2020,11:02:38,2928,2916.75,250,2926.6,750,0,750
DRREDDY-III.NFO,07/01/2020,11:02:44,2928,2917.35,500,2926.6,500,0,750
DRREDDY-III.NFO,07/01/2020,11:02:49,2928,2917.85,250,2926.6,500,0,750
DRREDDY-III.NFO,07/01/2020,11:02:55,2928,2918.55,250,2926.35,250,0,750
DRREDDY-III.NFO,07/01/2020,11:03:01,2928,2919.15,250,2926.3,250,0,750
DRREDDY-III.NFO,07/01/2020,11:03:07,2928,2919.85,500,2929.75,500,0,750
DRREDDY-III.NFO,07/01/2020,11:03:13,2928,2920.55,250,2929.75,500,0,750
DRREDDY-III.NFO,07/01/2020,11:03:19,2928,2921.15,250,2929.3,250,0,750
DRREDDY-III.NFO,07/01/2020,11:03:24,2928,2921.25,250,2928.8,250,0,750
DRREDDY-III.NFO,07/01/2020,11:03:29,2928,2921.25,250,2928.65,750,0,750
DRREDDY-III.NFO,07/01/2020,11:03:40,2928,2914.7,250,2928.35,250,0,750
DRREDDY-III.NFO,07/01/2020,11:03:46,2928,2916.5,250,2926.2,500,0,750
DRREDDY-III.NFO,07/01/2020,11:03:53,2928,2917.2,250,2926.2,500,0,750
DRREDDY-III.NFO,07/01/2020,11:03:59,2928,2917.8,250,2926.2,250,0,750
DRREDDY-III.NFO,07/01/2020,11:04:04,2928,2918.3,250,2925.85,500,0,750
DRREDDY-III.NFO,07/01/2020,11:04:10,2928,2918.3,250,2925.55,250,0,750
DRREDDY-III.NFO,07/01/2020,11:04:16,2928,2918.3,250,2925.2,250,0,750
DRREDDY-III.NFO,07/01/2020,11:04:22,2928,2918.3,250,2924.6,250,0,750
DRREDDY-III.NFO,07/01/2020,11:04:28,2928,2918.3,250,2924.55,500,0,750
DRREDDY-III.NFO,07/01/2020,11:05:46,2928,2918.3,250,2924.45,750,0,750
DRREDDY-III.NFO,07/01/2020,11:05:51,2928,2918.3,250,2924.45,500,0,750
DRREDDY-III.NFO,07/01/2020,11:06:09,2928,2913.45,250,2924.3,250,0,750
DRREDDY-III.NFO,07/01/2020,11:06:16,2928,2914.85,250,2923.55,500,0,750
DRREDDY-III.NFO,07/01/2020,11:06:23,2928,2915.45,250,2923.55,500,0,750
DRREDDY-III.NFO,07/01/2020,11:06:29,2928,2915.85,250,2923.55,750,0,750
DRREDDY-III.NFO,07/01/2020,11:06:34,2928,2916.05,250,2923.55,500,0,750
DRREDDY-III.NFO,07/01/2020,11:06:54,2928,2916.25,250,2923.55,500,0,750
DRREDDY-III.NFO,07/01/2020,11:07:05,2928,2916.45,250,2923.55,500,0,750
DRREDDY-III.NFO,07/01/2020,11:07:10,2928,2916.85,250,2923.55,250,0,750
DRREDDY-III.NFO,07/01/2020,11:07:25,2928,2916.95,250,2923.55,250,0,750
DRREDDY-III.NFO,07/01/2020,11:07:30,2928,2917.25,250,2923.55,250,0,750
DRREDDY-III.NFO,07/01/2020,11:07:34,2928,2917.55,250,2923.55,250,0,750
DRREDDY-III.NFO,07/01/2020,11:08:18,2928,2917.55,250,2923.35,250,0,750
DRREDDY-III.NFO,07/01/2020,11:08:21,2928,2917.55,250,2923.25,250,0,750
DRREDDY-III.NFO,07/01/2020,11:08:26,2928,2917.85,250,2927.5,250,0,750
DRREDDY-III.NFO,07/01/2020,11:08:36,2928,2918.65,250,2926.65,750,0,750
DRREDDY-III.NFO,07/01/2020,11:09:44,2928,2918.65,250,2926.4,500,0,750
DRREDDY-III.NFO,07/01/2020,11:11:02,2928,2918.85,250,2926.4,500,0,750
DRREDDY-III.NFO,07/01/2020,11:11:29,2928,2918.85,250,2926.4,750,0,750
DRREDDY-III.NFO,07/01/2020,11:11:36,2928,2910.5,250,2926.4,750,0,750
DRREDDY-III.NFO,07/01/2020,11:11:42,2928,2911.2,250,2926.4,750,0,750
DRREDDY-III.NFO,07/01/2020,11:11:48,2928,2915.5,250,2926.4,750,0,750
DRREDDY-III.NFO,07/01/2020,11:11:53,2928,2916.1,250,2926.4,750,0,750
DRREDDY-III.NFO,07/01/2020,11:11:59,2928,2916.7,250,2926.4,1000,0,750
DRREDDY-III.NFO,07/01/2020,11:12:07,2928,2916.8,250,2926.4,1000,0,750
DRREDDY-III.NFO,07/01/2020,11:12:35,2928,2917,250,2926.4,1000,0,750
DRREDDY-III.NFO,07/01/2020,11:12:50,2928,2917.2,250,2926.4,1000,0,750
DRREDDY-III.NFO,07/01/2020,11:13:47,2928,2917.3,250,2926.4,1000,0,750
DRREDDY-III.NFO,07/01/2020,11:14:03,2928,2917.4,250,2926.4,1000,0,750
DRREDDY-III.NFO,07/01/2020,11:15:39,2928,2910.55,500,2926.4,1000,0,750
DRREDDY-III.NFO,07/01/2020,11:15:43,2928,2911.05,500,2926.4,1000,0,750
DRREDDY-III.NFO,07/01/2020,11:15:48,2928,2911.55,500,2926.4,1000,0,750
DRREDDY-III.NFO,07/01/2020,11:15:53,2928,2912.05,500,2926.4,1000,0,750
DRREDDY-III.NFO,07/01/2020,11:15:59,2928,2912.65,500,2926.4,1000,0,750
DRREDDY-III.NFO,07/01/2020,11:16:05,2928,2913.55,250,2926.4,1000,0,750
DRREDDY-III.NFO,07/01/2020,11:16:11,2928,2914.25,250,2926.4,1000,0,750
DRREDDY-III.NFO,07/01/2020,11:16:18,2928,2915.05,500,2926.4,1000,0,750
DRREDDY-III.NFO,07/01/2020,11:16:24,2928,2915.75,250,2926.4,1000,0,750
DRREDDY-III.NFO,07/01/2020,11:16:30,2928,2916.35,250,2926.4,1000,0,750
DRREDDY-III.NFO,07/01/2020,11:16:35,2928,2916.95,250,2926.4,1000,0,750
DRREDDY-III.NFO,07/01/2020,11:16:39,2928,2917.05,250,2926.4,1000,0,750
DRREDDY-III.NFO,07/01/2020,11:17:06,2928,2917.15,250,2926.4,1000,0,750
DRREDDY-III.NFO,07/01/2020,11:17:35,2928,2917.35,250,2926.4,750,0,750
DRREDDY-III.NFO,07/01/2020,11:17:41,2928,2917.55,250,2926.4,750,0,750
DRREDDY-III.NFO,07/01/2020,11:18:40,2928,2917.85,250,2926.4,750,0,750
DRREDDY-III.NFO,07/01/2020,11:18:58,2928,2918.05,250,2926.4,750,0,750
DRREDDY-III.NFO,07/01/2020,11:19:45,2928,2918.25,250,2926.4,750,0,750
DRREDDY-III.NFO,07/01/2020,11:20:10,2928,2918.25,250,2926.3,500,0,750
DRREDDY-III.NFO,07/01/2020,11:20:30,2928,2918.95,250,2929.75,250,0,750
DRREDDY-III.NFO,07/01/2020,11:20:39,2928,2919.95,250,2928.7,250,0,750
DRREDDY-III.NFO,07/01/2020,11:20:45,2928,2920.25,250,2928.55,750,0,750
DRREDDY-III.NFO,07/01/2020,11:22:50,2928,2920.25,250,2928.35,250,0,750
DRREDDY-III.NFO,07/01/2020,11:22:54,2928,2920.25,250,2927.85,250,0,750
DRREDDY-III.NFO,07/01/2020,11:22:58,2928,2920.25,250,2927.6,500,0,750
DRREDDY-III.NFO,07/01/2020,11:23:22,2928,2920.25,250,2927.6,750,0,750
DRREDDY-III.NFO,07/01/2020,11:23:26,2928,2920.25,250,2927.6,500,0,750
DRREDDY-III.NFO,07/01/2020,11:23:30,2928,2920.25,250,2927.1,500,0,750
DRREDDY-III.NFO,07/01/2020,11:23:48,2928,2920.35,250,2927.1,500,0,750
DRREDDY-III.NFO,07/01/2020,11:23:53,2928,2920.45,250,2927.1,500,0,750
DRREDDY-III.NFO,07/01/2020,11:23:58,2928,2920.85,250,2927.1,500,0,750
DRREDDY-III.NFO,07/01/2020,11:24:03,2928,2921.45,250,2932.1,750,0,750
DRREDDY-III.NFO,07/01/2020,11:24:09,2928,2922.05,250,2932,500,0,750
DRREDDY-III.NFO,07/01/2020,11:24:15,2928,2922.75,250,2932,500,0,750
DRREDDY-III.NFO,07/01/2020,11:24:19,2928,2923.25,250,2932,500,0,750
DRREDDY-III.NFO,07/01/2020,11:24:24,2928,2923.45,250,2932,750,0,750
DRREDDY-III.NFO,07/01/2020,11:24:29,2928,2923.85,250,2932,500,0,750
DRREDDY-III.NFO,07/01/2020,11:24:34,2928,2924.15,250,2932,500,0,750
DRREDDY-III.NFO,07/01/2020,11:24:38,2928,2924.45,250,2932,500,0,750
DRREDDY-III.NFO,07/01/2020,11:24:42,2928,2924.95,250,2932,500,0,750
DRREDDY-III.NFO,07/01/2020,11:24:47,2928,2925.15,250,2932,500,0,750
DRREDDY-III.NFO,07/01/2020,11:25:04,2928,2925.55,250,2932,500,0,750
DRREDDY-III.NFO,07/01/2020,11:25:09,2928,2925.95,250,2932,500,0,750
DRREDDY-III.NFO,07/01/2020,11:25:32,2928,2925.95,250,2932,250,0,750
DRREDDY-III.NFO,07/01/2020,11:25:37,2928,2926.05,250,2932,250,0,750
DRREDDY-III.NFO,07/01/2020,11:25:50,2928,2926.05,250,2931.75,250,0,750
DRREDDY-III.NFO,07/01/2020,11:25:54,2928,2926.05,250,2931.55,250,0,750
DRREDDY-III.NFO,07/01/2020,11:25:58,2928,2926.05,250,2931.3,250,0,750
DRREDDY-III.NFO,07/01/2020,11:26:21,2928,2926.05,250,2931.05,250,0,750
DRREDDY-III.NFO,07/01/2020,11:26:26,2928,2926.05,250,2930.9,250,0,750
DRREDDY-III.NFO,07/01/2020,11:28:41,2928,2926.05,250,2930.8,250,0,750
DRREDDY-III.NFO,07/01/2020,11:30:40,2928,2926.25,250,2934.85,750,0,750
DRREDDY-III.NFO,07/01/2020,11:30:42,2928,2926.45,250,2934.85,750,0,750
DRREDDY-III.NFO,07/01/2020,11:30:45,2928,2926.75,250,2934.85,750,0,750
DRREDDY-III.NFO,07/01/2020,11:30:47,2928,2926.95,250,2934.85,750,0,750
DRREDDY-III.NFO,07/01/2020,11:30:50,2928,2927.15,250,2934.85,750,0,750
DRREDDY-III.NFO,07/01/2020,11:31:04,2928,2927.15,250,2934.55,250,0,750
DRREDDY-III.NFO,07/01/2020,11:31:10,2928,2927.15,250,2933.95,250,0,750
DRREDDY-III.NFO,07/01/2020,11:31:15,2928,2927.15,250,2933.6,750,0,750
DRREDDY-III.NFO,07/01/2020,11:31:34,2928,2927.15,250,2933.6,500,0,750
DRREDDY-III.NFO,07/01/2020,11:32:06,2928,2919.9,500,2933.6,750,0,750
DRREDDY-III.NFO,07/01/2020,11:32:11,2928,2920.4,500,2933.6,500,0,750
DRREDDY-III.NFO,07/01/2020,11:32:16,2928,2920.9,500,2933.6,500,0,750
DRREDDY-III.NFO,07/01/2020,11:32:20,2928,2921.4,500,2933.6,500,0,750
DRREDDY-III.NFO,07/01/2020,11:32:24,2928,2921.8,250,2933.6,500,0,750
DRREDDY-III.NFO,07/01/2020,11:32:27,2928,2922.2,500,2933.6,500,0,750
DRREDDY-III.NFO,07/01/2020,11:32:32,2928,2922.7,500,2933.6,500,0,750
DRREDDY-III.NFO,07/01/2020,11:32:36,2928,2923.2,500,2933.6,500,0,750
DRREDDY-III.NFO,07/01/2020,11:32:40,2928,2923.6,250,2933.6,750,0,750
DRREDDY-III.NFO,07/01/2020,11:32:45,2928,2924.1,250,2933.6,750,0,750
DRREDDY-III.NFO,07/01/2020,11:32:48,2928,2924.4,250,2933.6,500,0,750
DRREDDY-III.NFO,07/01/2020,11:32:50,2928,2924.7,250,2933.6,500,0,750
DRREDDY-III.NFO,07/01/2020,11:32:54,2928,2925.1,250,2933.6,500,0,750
DRREDDY-III.NFO,07/01/2020,11:32:57,2928,2925.4,250,2933.6,500,0,750
DRREDDY-III.NFO,07/01/2020,11:33:00,2928,2925.8,250,2933.6,500,0,750
DRREDDY-III.NFO,07/01/2020,11:33:04,2928,2925.9,250,2933.6,500,0,750
DRREDDY-III.NFO,07/01/2020,11:33:07,2928,2926.3,250,2933.6,500,0,750
DRREDDY-III.NFO,07/01/2020,11:33:11,2928,2926.6,250,2933.6,500,0,750
DRREDDY-III.NFO,07/01/2020,11:33:14,2928,2926.7,250,2933.6,500,0,750
DRREDDY-III.NFO,07/01/2020,11:33:18,2928,2926.8,250,2933.6,500,0,750
DRREDDY-III.NFO,07/01/2020,11:33:29,2928,2927,250,2933.6,500,0,750
DRREDDY-III.NFO,07/01/2020,11:33:38,2928,2927.2,250,2933.6,500,0,750
DRREDDY-III.NFO,07/01/2020,11:33:45,2928,2927.2,250,2933.6,250,0,750
DRREDDY-III.NFO,07/01/2020,11:33:58,2928,2927.65,250,2933.6,250,0,750
DRREDDY-III.NFO,07/01/2020,11:34:03,2928,2928.2,250,2933.6,250,0,750
DRREDDY-III.NFO,07/01/2020,11:34:09,2928,2928.8,250,2938.05,750,0,750
DRREDDY-III.NFO,07/01/2020,11:34:16,2928,2929.3,250,2937.6,750,0,750
DRREDDY-III.NFO,07/01/2020,11:34:28,2928,2929.3,250,2937.3,250,0,750
DRREDDY-III.NFO,07/01/2020,11:34:34,2928,2929.3,250,2936.65,750,0,750
DRREDDY-III.NFO,07/01/2020,11:36:59,2928,2929.6,250,2936.65,500,0,750
DRREDDY-III.NFO,07/01/2020,11:37:04,2928,2930.1,250,2936.65,500,0,750
DRREDDY-III.NFO,07/01/2020,11:37:09,2928,2930.7,250,2936.65,250,0,750
DRREDDY-III.NFO,07/01/2020,11:37:13,2928,2931.1,250,2936.65,250,0,750
DRREDDY-III.NFO,07/01/2020,11:37:16,2928,2931.2,250,2936.65,250,0,750
DRREDDY-III.NFO,07/01/2020,11:37:46,2928,2931.2,250,2936.5,250,0,750
DRREDDY-III.NFO,07/01/2020,11:37:50,2928,2931.2,250,2936.25,250,0,750
DRREDDY-III.NFO,07/01/2020,11:37:55,2928,2931.2,250,2936,250,0,750
DRREDDY-III.NFO,07/01/2020,11:38:00,2928,2927,250,2935.65,750,0,750
DRREDDY-III.NFO,07/01/2020,11:38:03,2928,2927.3,250,2935.65,750,0,750
DRREDDY-III.NFO,07/01/2020,11:38:06,2928,2927.7,250,2935.65,750,0,750
DRREDDY-III.NFO,07/01/2020,11:38:10,2928,2927.9,250,2935.65,750,0,750
DRREDDY-III.NFO,07/01/2020,11:40:01,2928,2927.9,250,2934.3,500,0,750
DRREDDY-III.NFO,07/01/2020,11:40:06,2928,2928.4,250,2934.3,250,0,750
DRREDDY-III.NFO,07/01/2020,11:40:23,2928,2928.4,250,2934.1,250,0,750
DRREDDY-III.NFO,07/01/2020,11:40:52,2928,2928.4,250,2934,250,0,750
DRREDDY-III.NFO,07/01/2020,11:42:23,2928,2928.4,250,2933.9,250,0,750
DRREDDY-III.NFO,07/01/2020,11:42:27,2928,2928.4,250,2933.65,250,0,750
DRREDDY-III.NFO,07/01/2020,11:42:31,2928,2928.4,250,2933.6,250,0,750
DRREDDY-III.NFO,07/01/2020,11:43:51,2928,2928.7,250,2933.6,250,0,750
DRREDDY-III.NFO,07/01/2020,11:44:56,2928,2928.8,250,2933.6,250,0,750
DRREDDY-III.NFO,07/01/2020,11:46:47,2928,2929.1,250,2933.6,250,0,750
DRREDDY-III.NFO,07/01/2020,11:46:50,2928,2929.2,250,2933.6,250,0,750
DRREDDY-III.NFO,07/01/2020,11:46:57,2928,2929.4,250,2937.8,500,0,750
DRREDDY-III.NFO,07/01/2020,11:46:59,2928,2929.6,250,2937.8,500,0,750
DRREDDY-III.NFO,07/01/2020,11:47:57,2928,2929.6,250,2937.6,750,0,750
DRREDDY-III.NFO,07/01/2020,11:48:13,2928,2929.6,250,2937.5,750,0,750
DRREDDY-III.NFO,07/01/2020,11:48:51,2928,2929.7,250,2937.5,750,0,750
DRREDDY-III.NFO,07/01/2020,11:50:01,2928,2921.8,1000,2937.5,1000,0,750
DRREDDY-III.NFO,07/01/2020,11:56:30,2928,2921.8,750,2937.5,1000,0,750
DRREDDY-III.NFO,07/01/2020,11:56:43,2928,2922.5,500,2934.5,250,0,750
DRREDDY-III.NFO,07/01/2020,11:56:45,2928,2922.8,250,2934.2,250,0,750
DRREDDY-III.NFO,07/01/2020,11:56:51,2928,2923.5,250,2933.55,750,0,750
DRREDDY-III.NFO,07/01/2020,11:56:53,2928,2923.7,250,2933.55,750,0,750
DRREDDY-III.NFO,07/01/2020,11:56:55,2928,2923.9,250,2933.55,750,0,750
DRREDDY-III.NFO,07/01/2020,11:56:57,2928,2924.1,250,2933.55,750,0,750
DRREDDY-III.NFO,07/01/2020,11:56:59,2928,2924.4,250,2933.55,750,0,750
DRREDDY-III.NFO,07/01/2020,11:57:22,2928,2924.7,250,2933.55,750,0,750
DRREDDY-III.NFO,07/01/2020,11:58:25,2928,2924.7,250,2933.35,250,0,750
DRREDDY-III.NFO,07/01/2020,11:58:27,2928,2924.7,250,2933.1,750,0,750
DRREDDY-III.NFO,07/01/2020,11:59:08,2928,2924.7,250,2932.7,250,0,750
DRREDDY-III.NFO,07/01/2020,11:59:10,2928,2924.7,250,2932.5,250,0,750
DRREDDY-III.NFO,07/01/2020,11:59:13,2928,2924.7,250,2932.1,250,0,750
DRREDDY-III.NFO,07/01/2020,11:59:15,2928,2924.7,250,2931.9,250,0,750
DRREDDY-III.NFO,07/01/2020,11:59:18,2928,2924.7,250,2931.65,750,0,750
DRREDDY-III.NFO,07/01/2020,11:59:41,2928,2924.7,250,2931.65,500,0,750
DRREDDY-III.NFO,07/01/2020,11:59:44,2928,2924.7,250,2931.6,250,0,750
DRREDDY-III.NFO,07/01/2020,11:59:47,2928,2924.7,250,2931.55,500,0,750
DRREDDY-III.NFO,07/01/2020,12:00:00,2928,2924.7,250,2931.45,750,0,750
DRREDDY-III.NFO,07/01/2020,12:00:03,2928,2924.7,250,2931.45,500,0,750
DRREDDY-III.NFO,07/01/2020,12:00:11,2928,2924.7,250,2931.45,750,0,750
DRREDDY-III.NFO,07/01/2020,12:00:20,2928,2924.7,250,2931.45,500,0,750
DRREDDY-III.NFO,07/01/2020,12:00:37,2928,2924.7,250,2931.05,750,0,750
DRREDDY-III.NFO,07/01/2020,12:00:55,2928,2924.7,250,2931.05,500,0,750
DRREDDY-III.NFO,07/01/2020,12:01:05,2928,2924.7,250,2931.05,750,0,750
DRREDDY-III.NFO,07/01/2020,12:01:22,2928,2924.7,250,2931.05,500,0,750
DRREDDY-III.NFO,07/01/2020,12:02:37,2928,2924.7,250,2931.05,250,0,750
DRREDDY-III.NFO,07/01/2020,12:02:43,2928,2924.9,250,2931.05,250,0,750
DRREDDY-III.NFO,07/01/2020,12:03:05,2928,2924.9,250,2930.9,250,0,750
DRREDDY-III.NFO,07/01/2020,12:03:09,2928,2924.9,250,2930.85,250,0,750
DRREDDY-III.NFO,07/01/2020,12:03:38,2928,2924.9,250,2930.65,250,0,750
DRREDDY-III.NFO,07/01/2020,12:03:41,2928,2924.9,250,2930.45,500,0,750
DRREDDY-III.NFO,07/01/2020,12:03:44,2928,2924.9,250,2930.35,250,0,750
DRREDDY-III.NFO,07/01/2020,12:04:00,2928,2924.9,250,2930.15,250,0,750
DRREDDY-III.NFO,07/01/2020,12:04:03,2928,2924.9,250,2930,250,0,750
DRREDDY-III.NFO,07/01/2020,12:04:06,2928,2924.9,250,2929.85,250,0,750
DRREDDY-III.NFO,07/01/2020,12:04:08,2928,2924.9,250,2929.75,250,0,750
DRREDDY-III.NFO,07/01/2020,12:04:10,2928,2924.9,250,2929.65,250,0,750
DRREDDY-III.NFO,07/01/2020,12:04:21,2928,2924.9,250,2929.45,250,0,750
DRREDDY-III.NFO,07/01/2020,12:04:24,2928,2916.6,1000,2929.3,250,0,750
DRREDDY-III.NFO,07/01/2020,12:04:26,2928,2916.6,1000,2929.25,250,0,750
DRREDDY-III.NFO,07/01/2020,12:04:33,2928,2916.6,1000,2929.15,250,0,750
DRREDDY-III.NFO,07/01/2020,12:04:53,2928,2916.6,1000,2929,250,0,750
DRREDDY-III.NFO,07/01/2020,12:04:56,2928,2916.6,1000,2928.8,250,0,750
DRREDDY-III.NFO,07/01/2020,12:04:59,2928,2916.6,1000,2928.65,250,0,750
DRREDDY-III.NFO,07/01/2020,12:05:01,2928,2916.6,1000,2928.5,250,0,750
DRREDDY-III.NFO,07/01/2020,12:05:05,2928,2916.6,1000,2928.35,250,0,750
DRREDDY-III.NFO,07/01/2020,12:05:09,2928,2916.6,1000,2928.25,250,0,750
DRREDDY-III.NFO,07/01/2020,12:07:52,2928,2916.6,1250,2928.25,250,0,750
DRREDDY-III.NFO,07/01/2020,12:08:08,2928,2916.6,1250,2933.5,500,0,750
DRREDDY-III.NFO,07/01/2020,12:08:13,2928,2916.6,1250,2933,500,0,750
DRREDDY-III.NFO,07/01/2020,12:08:19,2928,2916.6,1250,2932.3,250,0,750
DRREDDY-III.NFO,07/01/2020,12:08:26,2928,2916.6,1250,2931.65,750,0,750
DRREDDY-III.NFO,07/01/2020,12:08:32,2928,2916.6,1250,2931.65,500,0,750
DRREDDY-III.NFO,07/01/2020,12:09:20,2928,2916.6,1250,2931.65,250,0,750
DRREDDY-III.NFO,07/01/2020,12:10:39,2928,2916.6,1250,2934.6,250,0,750
DRREDDY-III.NFO,07/01/2020,12:10:41,2928,2916.6,1250,2934.45,250,0,750
DRREDDY-III.NFO,07/01/2020,12:10:43,2928,2916.6,1250,2934.35,250,0,750
DRREDDY-III.NFO,07/01/2020,12:10:46,2928,2916.6,1250,2934.25,250,0,750
DRREDDY-III.NFO,07/01/2020,12:10:48,2928,2916.6,1250,2934.1,250,0,750
DRREDDY-III.NFO,07/01/2020,12:10:51,2928,2916.6,1250,2933.9,250,0,750
DRREDDY-III.NFO,07/01/2020,12:10:54,2928,2916.6,1250,2933.8,250,0,750
DRREDDY-III.NFO,07/01/2020,12:10:56,2928,2916.6,1250,2933.7,250,0,750
DRREDDY-III.NFO,07/01/2020,12:10:57,2928,2916.6,1250,2933.6,250,0,750
DRREDDY-III.NFO,07/01/2020,12:10:59,2928,2916.6,1250,2933.5,250,0,750
DRREDDY-III.NFO,07/01/2020,12:11:01,2928,2916.6,1250,2933.4,250,0,750
DRREDDY-III.NFO,07/01/2020,12:11:36,2928,2916.6,1250,2942.85,250,0,750
DRREDDY-III.NFO,07/01/2020,12:11:39,2928,2916.6,1250,2937.7,250,0,750
DRREDDY-III.NFO,07/01/2020,12:11:42,2928,2916.6,1250,2937.5,250,0,750
DRREDDY-III.NFO,07/01/2020,12:11:44,2928,2916.6,1250,2937.2,250,0,750
DRREDDY-III.NFO,07/01/2020,12:11:47,2928,2916.6,1250,2936.9,250,0,750
DRREDDY-III.NFO,07/01/2020,12:11:50,2928,2916.6,1250,2936.65,750,0,750
DRREDDY-III.NFO,07/01/2020,12:11:57,2928,2916.6,1250,2936.65,500,0,750
DRREDDY-III.NFO,07/01/2020,12:12:10,2928,2916.6,1250,2936.5,250,0,750
DRREDDY-III.NFO,07/01/2020,12:12:12,2928,2916.6,1250,2936.45,500,0,750
DRREDDY-III.NFO,07/01/2020,12:15:15,2928,2916.6,1250,2936.35,250,0,750
DRREDDY-III.NFO,07/01/2020,12:15:19,2928,2916.6,1250,2936.1,250,0,750
DRREDDY-III.NFO,07/01/2020,12:15:23,2928,2916.6,1250,2936.15,250,0,750
DRREDDY-III.NFO,07/01/2020,12:18:06,2928,2916.6,1250,2936.05,250,0,750
DRREDDY-III.NFO,07/01/2020,12:18:16,2928,2916.6,1250,2935.9,250,0,750
DRREDDY-III.NFO,07/01/2020,12:18:18,2928,2916.6,1250,2935.95,250,0,750
DRREDDY-III.NFO,07/01/2020,12:18:21,2928,2916.6,1250,2935.75,250,0,750
DRREDDY-III.NFO,07/01/2020,12:18:27,2928,2916.6,1250,2935.55,250,0,750
DRREDDY-III.NFO,07/01/2020,12:18:30,2928,2916.6,1250,2935.45,250,0,750
DRREDDY-III.NFO,07/01/2020,12:18:39,2928,2916.6,1250,2935.3,250,0,750
DRREDDY-III.NFO,07/01/2020,12:18:42,2928,2916.6,1250,2935.25,250,0,750
DRREDDY-III.NFO,07/01/2020,12:18:44,2928,2916.6,1250,2935.15,250,0,750
DRREDDY-III.NFO,07/01/2020,12:20:13,2928,2916.6,1250,2935,250,0,750
DRREDDY-III.NFO,07/01/2020,12:20:17,2928,2916.6,1250,2934.85,250,0,750
DRREDDY-III.NFO,07/01/2020,12:20:33,2928,2916.6,1250,2934.75,250,0,750
DRREDDY-III.NFO,07/01/2020,12:21:37,2928,2916.6,1250,2934.6,250,0,750
DRREDDY-III.NFO,07/01/2020,12:21:39,2928,2916.6,1250,2934.5,250,0,750
DRREDDY-III.NFO,07/01/2020,12:21:42,2928,2916.6,1250,2934.4,250,0,750
DRREDDY-III.NFO,07/01/2020,12:21:44,2928,2916.6,1250,2934.25,250,0,750
DRREDDY-III.NFO,07/01/2020,12:21:46,2928,2916.6,1250,2934.15,250,0,750
DRREDDY-III.NFO,07/01/2020,12:21:49,2928,2916.6,1250,2934,250,0,750
DRREDDY-III.NFO,07/01/2020,12:21:51,2928,2916.6,1250,2933.9,250,0,750
DRREDDY-III.NFO,07/01/2020,12:21:52,2928,2916.6,1250,2933.8,250,0,750
DRREDDY-III.NFO,07/01/2020,12:21:55,2928,2916.6,1250,2933.75,250,0,750
DRREDDY-III.NFO,07/01/2020,12:22:31,2928,2916.6,1250,2933.65,250,0,750
DRREDDY-III.NFO,07/01/2020,12:22:54,2928,2916.6,1250,2933.45,250,0,750
DRREDDY-III.NFO,07/01/2020,12:22:59,2928,2916.6,1250,2933.15,250,0,750
DRREDDY-III.NFO,07/01/2020,12:23:03,2928,2916.6,1250,2932.95,250,0,750
DRREDDY-III.NFO,07/01/2020,12:23:06,2928,2916.6,1250,2932.85,250,0,750
DRREDDY-III.NFO,07/01/2020,12:23:33,2928,2916.6,1250,2932.65,250,0,750
DRREDDY-III.NFO,07/01/2020,12:23:36,2928,2916.6,1250,2932.55,250,0,750
DRREDDY-III.NFO,07/01/2020,12:24:50,2928,2916.6,1250,2932.4,250,0,750
DRREDDY-III.NFO,07/01/2020,12:24:53,2928,2916.6,1250,2932.2,250,0,750
DRREDDY-III.NFO,07/01/2020,12:24:55,2928,2916.6,1250,2932.1,250,0,750
DRREDDY-III.NFO,07/01/2020,12:24:58,2928,2916.6,1250,2931.9,250,0,750
DRREDDY-III.NFO,07/01/2020,12:25:00,2928,2916.6,1250,2931.8,250,0,750
DRREDDY-III.NFO,07/01/2020,12:25:02,2928,2916.6,1250,2931.7,250,0,750
DRREDDY-III.NFO,07/01/2020,12:25:04,2928,2916.6,1250,2931.65,250,0,750
DRREDDY-III.NFO,07/01/2020,12:25:12,2928,2916.6,1250,2931.55,250,0,750
DRREDDY-III.NFO,07/01/2020,12:25:16,2928,2916.6,1250,2931.5,250,0,750
DRREDDY-III.NFO,07/01/2020,12:25:18,2928,2916.6,1250,2931.45,250,0,750
DRREDDY-III.NFO,07/01/2020,12:27:21,2928,2916.6,1250,2936.25,250,0,1000
DRREDDY-III.NFO,07/01/2020,12:27:24,2928,2919.8,500,2935.95,500,0,1000
DRREDDY-III.NFO,07/01/2020,12:27:26,2928,2921.85,250,2935.65,250,0,1000
DRREDDY-III.NFO,07/01/2020,12:27:29,2928,2924.45,250,2935.35,250,0,1000
DRREDDY-III.NFO,07/01/2020,12:27:31,2928,2924.65,250,2935.05,250,0,1000
DRREDDY-III.NFO,07/01/2020,12:27:41,2928,2925.65,250,2934.1,500,0,1000
DRREDDY-III.NFO,07/01/2020,12:27:43,2928,2925.65,250,2934.1,750,0,1000
DRREDDY-III.NFO,07/01/2020,12:28:37,2928,2926.05,250,2934.1,500,0,1000
DRREDDY-III.NFO,07/01/2020,12:29:43,2928,2926.15,250,2934.1,750,0,1000
DRREDDY-III.NFO,07/01/2020,12:30:05,2928,2926.15,250,2933.4,250,0,1000
DRREDDY-III.NFO,07/01/2020,12:30:11,2928,2926.15,250,2932.8,250,0,1000
DRREDDY-III.NFO,07/01/2020,12:30:16,2928,2926.15,250,2932.65,500,0,1000
DRREDDY-III.NFO,07/01/2020,12:31:05,2928,2926.15,250,2932.65,250,0,1000
DRREDDY-III.NFO,07/01/2020,12:32:33,2928,2926.15,250,2932.45,250,0,1000
DRREDDY-III.NFO,07/01/2020,12:32:57,2928,2926.15,250,2932.35,250,0,1000
DRREDDY-III.NFO,07/01/2020,12:33:48,2928,2926.15,250,2932.25,250,0,1000
DRREDDY-III.NFO,07/01/2020,12:33:52,2928,2926.15,250,2932.1,250,0,1000
DRREDDY-III.NFO,07/01/2020,12:33:54,2928,2926.15,250,2932,250,0,1000
DRREDDY-III.NFO,07/01/2020,12:33:56,2928,2926.15,250,2931.95,250,0,1000
DRREDDY-III.NFO,07/01/2020,12:34:21,2928,2926.15,250,2931.85,250,0,1000
DRREDDY-III.NFO,07/01/2020,12:34:35,2928,2926.25,250,2931.85,250,0,1000
DRREDDY-III.NFO,07/01/2020,12:34:51,2928,2926.55,250,2935.65,250,0,1000
DRREDDY-III.NFO,07/01/2020,12:34:53,2928,2926.55,250,2935.45,250,0,1000
DRREDDY-III.NFO,07/01/2020,12:34:56,2928,2926.55,250,2935.15,250,0,1000
DRREDDY-III.NFO,07/01/2020,12:34:59,2928,2926.55,250,2934.75,250,0,1000
DRREDDY-III.NFO,07/01/2020,12:35:03,2928,2926.55,250,2934.45,250,0,1000
DRREDDY-III.NFO,07/01/2020,12:35:06,2928,2926.55,250,2934.05,250,0,1000
DRREDDY-III.NFO,07/01/2020,12:35:09,2928,2926.55,250,2934,500,0,1000
DRREDDY-III.NFO,07/01/2020,12:35:28,2928,2926.55,250,2933.85,250,0,1000
DRREDDY-III.NFO,07/01/2020,12:35:30,2928,2926.55,250,2933.7,750,0,1000
DRREDDY-III.NFO,07/01/2020,12:36:12,2928,2926.55,250,2933.7,1000,0,1000
DRREDDY-III.NFO,07/01/2020,12:36:29,2928,2921.95,500,2933.7,1000,0,1000
DRREDDY-III.NFO,07/01/2020,12:37:02,2928,2922.45,250,2933.7,1000,0,1000
DRREDDY-III.NFO,07/01/2020,12:37:05,2928,2922.75,250,2933.7,1000,0,1000
DRREDDY-III.NFO,07/01/2020,12:37:06,2928,2922.95,250,2933.7,1000,0,1000
DRREDDY-III.NFO,07/01/2020,12:37:08,2928,2923.15,250,2933.7,1000,0,1000
DRREDDY-III.NFO,07/01/2020,12:37:10,2928,2923.35,250,2933.7,1000,0,1000
DRREDDY-III.NFO,07/01/2020,12:37:18,2928,2923.45,250,2933.7,1000,0,1000
DRREDDY-III.NFO,07/01/2020,12:37:20,2928,2923.55,250,2933.7,1000,0,1000
DRREDDY-III.NFO,07/01/2020,12:39:27,2928,2916.05,500,2933.7,1000,0,1000
DRREDDY-III.NFO,07/01/2020,12:39:30,2928,2916.45,250,2933.7,1000,0,1000
DRREDDY-III.NFO,07/01/2020,12:39:33,2928,2919.15,250,2933.7,1000,0,1000
DRREDDY-III.NFO,07/01/2020,12:39:35,2928,2919.35,250,2933.7,1000,0,1000
DRREDDY-III.NFO,07/01/2020,12:39:37,2928,2919.55,250,2933.7,1000,0,1000
DRREDDY-III.NFO,07/01/2020,12:39:39,2928,2919.75,250,2933.7,1000,0,1000
DRREDDY-III.NFO,07/01/2020,12:39:41,2928,2920.05,250,2933.7,1000,0,1000
DRREDDY-III.NFO,07/01/2020,12:39:43,2928,2920.25,250,2933.7,1000,0,1000
DRREDDY-III.NFO,07/01/2020,12:39:46,2928,2920.55,250,2933.7,1000,0,1000
DRREDDY-III.NFO,07/01/2020,12:39:47,2928,2920.65,250,2933.7,1000,0,1000
DRREDDY-III.NFO,07/01/2020,12:39:49,2928,2920.85,250,2933.7,1000,0,1000
DRREDDY-III.NFO,07/01/2020,12:39:51,2928,2921.15,250,2933.7,1000,0,1000
DRREDDY-III.NFO,07/01/2020,12:39:54,2928,2921.35,250,2933.7,1000,0,1000
DRREDDY-III.NFO,07/01/2020,12:39:55,2928,2921.55,250,2933.7,1000,0,1000
DRREDDY-III.NFO,07/01/2020,12:39:58,2928,2921.85,250,2933.7,1000,0,1000
DRREDDY-III.NFO,07/01/2020,12:40:01,2928,2921.95,250,2933.7,1000,0,1000
DRREDDY-III.NFO,07/01/2020,12:40:10,2928,2922.15,250,2933.7,1000,0,1000
DRREDDY-III.NFO,07/01/2020,12:40:37,2928,2922.25,250,2933.7,1000,0,1000
DRREDDY-III.NFO,07/01/2020,12:40:46,2928,2922.35,250,2933.7,1000,0,1000
DRREDDY-III.NFO,07/01/2020,12:40:55,2928,2922.65,250,2933.7,1000,0,1000
DRREDDY-III.NFO,07/01/2020,12:40:58,2928,2922.85,250,2933.7,1000,0,1000
DRREDDY-III.NFO,07/01/2020,12:42:14,2928,2922.95,250,2933.7,1000,0,1000
DRREDDY-III.NFO,07/01/2020,12:43:14,2928,2923.05,250,2933.2,250,0,1000
DRREDDY-III.NFO,07/01/2020,12:43:17,2928,2923.15,250,2933,250,0,1000
DRREDDY-III.NFO,07/01/2020,12:43:20,2928,2923.25,250,2932.6,250,0,1000
DRREDDY-III.NFO,07/01/2020,12:43:22,2928,2923.35,250,2932.4,250,0,1000
DRREDDY-III.NFO,07/01/2020,12:43:24,2928,2923.35,250,2932.2,250,0,1000
DRREDDY-III.NFO,07/01/2020,12:43:26,2928,2923.35,250,2931.9,250,0,1000
DRREDDY-III.NFO,07/01/2020,12:43:28,2928,2923.35,250,2931.85,750,0,1000
DRREDDY-III.NFO,07/01/2020,12:43:44,2928,2923.45,250,2931.85,750,0,1000
DRREDDY-III.NFO,07/01/2020,12:43:47,2928,2923.55,250,2931.85,750,0,1000
DRREDDY-III.NFO,07/01/2020,12:43:49,2928,2923.55,250,2931.75,500,0,1000
DRREDDY-III.NFO,07/01/2020,12:44:07,2928,2923.55,250,2931.6,250,0,1000
DRREDDY-III.NFO,07/01/2020,12:44:10,2928,2923.55,250,2931.55,750,0,1000
DRREDDY-III.NFO,07/01/2020,12:44:26,2928,2923.85,250,2931.55,500,0,1000
DRREDDY-III.NFO,07/01/2020,12:44:47,2928,2924.15,250,2931.55,500,0,1000
DRREDDY-III.NFO,07/01/2020,12:45:06,2928,2924.35,250,2931.55,500,0,1000
DRREDDY-III.NFO,07/01/2020,12:47:49,2928,2924.35,250,2931.25,750,0,1000
DRREDDY-III.NFO,07/01/2020,12:47:57,2928,2924.35,250,2931.25,500,0,1000
DRREDDY-III.NFO,07/01/2020,12:49:05,2928,2920.35,250,2931.25,750,0,1000
DRREDDY-III.NFO,07/01/2020,12:49:09,2928,2920.75,250,2931.25,750,0,1000
DRREDDY-III.NFO,07/01/2020,12:49:13,2928,2921.15,250,2931.25,750,0,1000
DRREDDY-III.NFO,07/01/2020,12:49:16,2928,2921.55,250,2931.25,750,0,1000
DRREDDY-III.NFO,07/01/2020,12:49:20,2928,2921.85,250,2931.25,750,0,1000
DRREDDY-III.NFO,07/01/2020,12:49:23,2928,2922.05,250,2931.25,750,0,1000
DRREDDY-III.NFO,07/01/2020,12:49:53,2928,2922.25,250,2931.25,750,0,1000
DRREDDY-III.NFO,07/01/2020,12:50:02,2928,2922.35,250,2931.25,500,0,1000
DRREDDY-III.NFO,07/01/2020,12:50:05,2928,2922.65,250,2931.25,500,0,1000
DRREDDY-III.NFO,07/01/2020,12:50:07,2928,2922.85,250,2931.25,500,0,1000
DRREDDY-III.NFO,07/01/2020,12:50:12,2928,2923.15,250,2931.25,500,0,1000
DRREDDY-III.NFO,07/01/2020,12:50:15,2928,2923.25,250,2931.25,500,0,1000
DRREDDY-III.NFO,07/01/2020,12:50:30,2928,2923.25,250,2930.9,250,0,1000
DRREDDY-III.NFO,07/01/2020,12:50:33,2928,2923.25,250,2930.65,750,0,1000
DRREDDY-III.NFO,07/01/2020,12:51:18,2928,2923.45,250,2930.65,250,0,1000
DRREDDY-III.NFO,07/01/2020,12:51:43,2928,2923.55,250,2930.65,250,0,1000
DRREDDY-III.NFO,07/01/2020,12:51:55,2928,2923.65,250,2930.65,250,0,1000
DRREDDY-III.NFO,07/01/2020,12:52:01,2928,2923.75,250,2930.65,250,0,1000
DRREDDY-III.NFO,07/01/2020,12:52:19,2928,2923.85,250,2930.65,250,0,1000
DRREDDY-III.NFO,07/01/2020,12:52:23,2928,2924.05,250,2930.65,250,0,1000
DRREDDY-III.NFO,07/01/2020,12:52:31,2928,2924.05,250,2930.55,250,0,1000
DRREDDY-III.NFO,07/01/2020,12:53:26,2928,2924.05,250,2930.4,250,0,1000
DRREDDY-III.NFO,07/01/2020,12:53:30,2928,2924.05,250,2930.25,250,0,1000
DRREDDY-III.NFO,07/01/2020,12:53:37,2928,2924.35,250,2930.25,250,0,1000
DRREDDY-III.NFO,07/01/2020,12:54:24,2928,2924.5,250,2934.3,500,0,1000
DRREDDY-III.NFO,07/01/2020,12:54:28,2928,2924.65,250,2933.85,250,0,1000
DRREDDY-III.NFO,07/01/2020,12:54:31,2928,2924.65,250,2933.55,250,0,1000
DRREDDY-III.NFO,07/01/2020,12:54:33,2928,2924.65,250,2933.3,750,0,1000
DRREDDY-III.NFO,07/01/2020,12:54:39,2928,2924.75,250,2933.3,750,0,1000
DRREDDY-III.NFO,07/01/2020,12:55:56,2928,2924.75,250,2933.1,750,0,1000
DRREDDY-III.NFO,07/01/2020,12:56:39,2928,2924.75,250,2932.1,250,0,1000
DRREDDY-III.NFO,07/01/2020,12:56:42,2928,2924.75,250,2931.9,250,0,1000
DRREDDY-III.NFO,07/01/2020,12:56:44,2928,2924.75,250,2931.6,250,0,1000
DRREDDY-III.NFO,07/01/2020,12:56:45,2928,2924.75,250,2931.5,250,0,1000
DRREDDY-III.NFO,07/01/2020,12:56:47,2928,2924.75,250,2931.3,250,0,1000
DRREDDY-III.NFO,07/01/2020,12:56:49,2928,2916.05,250,2931.25,750,0,1000
DRREDDY-III.NFO,07/01/2020,12:56:51,2928,2920.75,500,2931.25,500,0,1000
DRREDDY-III.NFO,07/01/2020,12:56:53,2928,2921.05,250,2931.25,500,0,1000
DRREDDY-III.NFO,07/01/2020,12:56:55,2928,2921.25,250,2931.25,500,0,1000
DRREDDY-III.NFO,07/01/2020,12:56:57,2928,2921.45,250,2931.25,500,0,1000
DRREDDY-III.NFO,07/01/2020,12:56:58,2928,2921.55,250,2931.25,500,0,1000
DRREDDY-III.NFO,07/01/2020,12:56:59,2928,2921.65,250,2931.25,500,0,1000
DRREDDY-III.NFO,07/01/2020,12:57:01,2928,2921.85,250,2931.25,500,0,1000
DRREDDY-III.NFO,07/01/2020,12:57:03,2928,2922.15,250,2931.25,500,0,1000
DRREDDY-III.NFO,07/01/2020,12:57:05,2928,2922.35,250,2931.25,500,0,1000
DRREDDY-III.NFO,07/01/2020,12:57:07,2928,2922.55,250,2931.25,500,0,1000
DRREDDY-III.NFO,07/01/2020,12:57:09,2928,2922.55,250,2931.25,750,0,1000
DRREDDY-III.NFO,07/01/2020,12:57:13,2928,2922.55,250,2931.15,750,0,1000
DRREDDY-III.NFO,07/01/2020,12:59:23,2928,2922.75,250,2931.15,500,0,1000
DRREDDY-III.NFO,07/01/2020,12:59:32,2928,2922.85,250,2931.15,500,0,1000
DRREDDY-III.NFO,07/01/2020,12:59:34,2928,2922.85,250,2931.05,500,0,1000
DRREDDY-III.NFO,07/01/2020,12:59:44,2928,2922.95,250,2931.05,500,0,1000
DRREDDY-III.NFO,07/01/2020,13:00:11,2928,2922.95,250,2931.05,750,0,1000
DRREDDY-III.NFO,07/01/2020,13:00:19,2928,2919.9,250,2931.05,1000,0,1000
DRREDDY-III.NFO,07/01/2020,13:00:26,2928,2920.7,250,2931.05,1000,0,1000
DRREDDY-III.NFO,07/01/2020,13:00:31,2928,2921,250,2931.05,1000,0,1000
DRREDDY-III.NFO,07/01/2020,13:00:52,2928,2921.3,250,2931.05,1000,0,1000
DRREDDY-III.NFO,07/01/2020,13:01:07,2928,2921.4,250,2931.05,1000,0,1000
DRREDDY-III.NFO,07/01/2020,13:03:16,2928,2921.6,250,2931.05,1000,0,1000
DRREDDY-III.NFO,07/01/2020,13:03:21,2928,2921.8,250,2931.05,1000,0,1000
DRREDDY-III.NFO,07/01/2020,13:03:28,2928,2921.9,250,2931.05,1000,0,1000
DRREDDY-III.NFO,07/01/2020,13:03:31,2928,2922,250,2931.05,1000,0,1000
DRREDDY-III.NFO,07/01/2020,13:05:06,2928,2913.3,1250,2931.05,1000,0,1000
DRREDDY-III.NFO,07/01/2020,13:05:30,2928,2913.3,1000,2931.05,1000,0,1000
DRREDDY-III.NFO,07/01/2020,13:06:46,2928,2913.3,750,2931.05,1000,0,1000
DRREDDY-III.NFO,07/01/2020,13:07:33,2928,2917,250,2931.05,1000,0,1000
DRREDDY-III.NFO,07/01/2020,13:07:37,2928,2917.4,250,2931.05,1000,0,1000
DRREDDY-III.NFO,07/01/2020,13:07:40,2928,2917.7,250,2931.05,1000,0,1000
DRREDDY-III.NFO,07/01/2020,13:07:43,2928,2918.1,250,2931.05,1000,0,1000
DRREDDY-III.NFO,07/01/2020,13:07:48,2928,2918.6,250,2931.05,1000,0,1000
DRREDDY-III.NFO,07/01/2020,13:07:53,2928,2918.65,250,2931.05,1000,0,1000
DRREDDY-III.NFO,07/01/2020,13:07:57,2928,2918.8,250,2931.05,1000,0,1000
DRREDDY-III.NFO,07/01/2020,13:08:03,2928,2913.95,250,2931.05,1000,0,1000
DRREDDY-III.NFO,07/01/2020,13:08:09,2928,2914.55,500,2931.05,1000,0,1000
DRREDDY-III.NFO,07/01/2020,13:08:15,2928,2915.25,500,2931.05,1000,0,1000
DRREDDY-III.NFO,07/01/2020,13:08:21,2928,2915.85,250,2931.05,1000,0,1000
DRREDDY-III.NFO,07/01/2020,13:08:29,2928,2916.75,250,2931.05,1000,0,1000
DRREDDY-III.NFO,07/01/2020,13:08:36,2928,2917.55,250,2931.05,1000,0,1000
DRREDDY-III.NFO,07/01/2020,13:08:42,2928,2917.85,250,2931.05,1000,0,1000
DRREDDY-III.NFO,07/01/2020,13:08:55,2928,2918.45,250,2931.05,1000,0,1000
DRREDDY-III.NFO,07/01/2020,13:09:00,2928,2918.65,250,2931.05,1000,0,1000
DRREDDY-III.NFO,07/01/2020,13:09:18,2928,2918.65,250,2927.75,250,0,1000
DRREDDY-III.NFO,07/01/2020,13:09:24,2928,2918.65,250,2927.05,250,0,1000
DRREDDY-III.NFO,07/01/2020,13:09:30,2928,2918.75,250,2926.7,750,0,1000
DRREDDY-III.NFO,07/01/2020,13:11:15,2928,2919.05,250,2926.7,750,0,1000
DRREDDY-III.NFO,07/01/2020,13:11:20,2928,2919.25,250,2926.7,250,0,1000
DRREDDY-III.NFO,07/01/2020,13:11:24,2928,2919.75,250,2926.7,250,0,1000
DRREDDY-III.NFO,07/01/2020,13:11:29,2928,2920.25,250,2926.7,250,0,1000
DRREDDY-III.NFO,07/01/2020,13:11:33,2928,2920.65,250,2926.7,250,0,1000
DRREDDY-III.NFO,07/01/2020,13:11:37,2928,2920.85,250,2926.7,250,0,1000
DRREDDY-III.NFO,07/01/2020,13:11:42,2928,2920.85,250,2926.5,250,0,1000
DRREDDY-III.NFO,07/01/2020,13:12:12,2928,2921.45,250,2929.45,250,0,1000
DRREDDY-III.NFO,07/01/2020,13:12:17,2928,2921.45,250,2929.15,250,0,1000
DRREDDY-III.NFO,07/01/2020,13:12:22,2928,2921.45,250,2928.9,250,0,1000
DRREDDY-III.NFO,07/01/2020,13:12:27,2928,2921.45,250,2928.65,250,0,1000
DRREDDY-III.NFO,07/01/2020,13:12:31,2928,2921.45,250,2928.45,250,0,1000
DRREDDY-III.NFO,07/01/2020,13:12:36,2928,2921.45,250,2928.15,250,0,1000
DRREDDY-III.NFO,07/01/2020,13:12:40,2928,2921.45,250,2928,250,0,1000
DRREDDY-III.NFO,07/01/2020,13:13:12,2928,2921.55,250,2928,250,0,1000
DRREDDY-III.NFO,07/01/2020,13:13:28,2928,2921.85,250,2928,250,0,1000
DRREDDY-III.NFO,07/01/2020,13:13:45,2928,2921.85,250,2927.75,250,0,1000
DRREDDY-III.NFO,07/01/2020,13:13:49,2928,2921.85,250,2927.55,250,0,1000
DRREDDY-III.NFO,07/01/2020,13:13:55,2928,2921.85,250,2927.5,250,0,1000
DRREDDY-III.NFO,07/01/2020,13:14:00,2928,2921.85,250,2927.4,250,0,1000
DRREDDY-III.NFO,07/01/2020,13:14:05,2928,2921.85,250,2927.2,250,0,1000
DRREDDY-III.NFO,07/01/2020,13:14:15,2928,2921.85,250,2926.9,250,0,1000
DRREDDY-III.NFO,07/01/2020,13:14:19,2928,2921.85,250,2926.7,250,0,1000
DRREDDY-III.NFO,07/01/2020,13:14:50,2928,2921.85,250,2926.5,250,0,1000
DRREDDY-III.NFO,07/01/2020,13:14:53,2928,2921.85,250,2926.4,250,0,1000
DRREDDY-III.NFO,07/01/2020,13:15:01,2928,2913.15,500,2926.25,250,0,1000
DRREDDY-III.NFO,07/01/2020,13:15:08,2928,2913.95,500,2925.9,250,0,1000
DRREDDY-III.NFO,07/01/2020,13:15:16,2928,2916.35,500,2925.9,250,0,1000
DRREDDY-III.NFO,07/01/2020,13:15:23,2928,2917.95,250,2925.9,250,0,1000
DRREDDY-III.NFO,07/01/2020,13:15:30,2928,2918.65,250,2925.9,250,0,1000
DRREDDY-III.NFO,07/01/2020,13:15:36,2928,2919.35,250,2925.9,250,0,1000
DRREDDY-III.NFO,07/01/2020,13:15:42,2928,2919.95,250,2925.9,250,0,1000
DRREDDY-III.NFO,07/01/2020,13:15:54,2928,2919.95,250,2929.85,500,0,1000
DRREDDY-III.NFO,07/01/2020,13:15:58,2928,2920.15,250,2929.35,250,0,1000
DRREDDY-III.NFO,07/01/2020,13:16:03,2928,2920.35,250,2928.75,250,0,1000
DRREDDY-III.NFO,07/01/2020,13:16:09,2928,2920.45,250,2928.3,500,0,1000
DRREDDY-III.NFO,07/01/2020,13:16:26,2928,2920.85,250,2928.3,500,0,1000
DRREDDY-III.NFO,07/01/2020,13:16:31,2928,2920.95,250,2928.3,500,0,1000
DRREDDY-III.NFO,07/01/2020,13:16:35,2928,2921.15,250,2928.3,500,0,1000
DRREDDY-III.NFO,07/01/2020,13:16:39,2928,2921.65,250,2928.3,500,0,1000
DRREDDY-III.NFO,07/01/2020,13:16:44,2928,2921.95,250,2928.3,500,0,1000
DRREDDY-III.NFO,07/01/2020,13:17:17,2928,2922.15,250,2928.3,250,0,1000
DRREDDY-III.NFO,07/01/2020,13:17:21,2928,2918.65,250,2928.1,250,0,1000
DRREDDY-III.NFO,07/01/2020,13:17:26,2928,2919.15,250,2927.85,250,0,1000
DRREDDY-III.NFO,07/01/2020,13:17:33,2928,2919.65,250,2927.45,250,0,1000
DRREDDY-III.NFO,07/01/2020,13:17:38,2928,2919.65,250,2927.15,250,0,1000
DRREDDY-III.NFO,07/01/2020,13:17:44,2928,2919.65,250,2926.85,250,0,1000
DRREDDY-III.NFO,07/01/2020,13:17:49,2928,2919.65,250,2926.55,250,0,1000
DRREDDY-III.NFO,07/01/2020,13:17:55,2928,2919.65,250,2926.25,250,0,1000
DRREDDY-III.NFO,07/01/2020,13:17:59,2928,2919.65,250,2926.05,250,0,1000
DRREDDY-III.NFO,07/01/2020,13:18:04,2928,2919.65,250,2925.75,250,0,1000
DRREDDY-III.NFO,07/01/2020,13:18:09,2928,2919.65,250,2925.5,250,0,1000
DRREDDY-III.NFO,07/01/2020,13:18:13,2928,2919.65,250,2925.25,250,0,1000
DRREDDY-III.NFO,07/01/2020,13:18:18,2928,2919.65,250,2925.2,250,0,1000
DRREDDY-III.NFO,07/01/2020,13:18:28,2928,2919.75,250,2929.2,250,0,1000
DRREDDY-III.NFO,07/01/2020,13:18:34,2928,2919.75,250,2928.6,250,0,1000
DRREDDY-III.NFO,07/01/2020,13:18:39,2928,2919.75,250,2928.05,750,0,1000
DRREDDY-III.NFO,07/01/2020,13:18:44,2928,2920.05,250,2928.05,500,0,1000
DRREDDY-III.NFO,07/01/2020,13:18:49,2928,2920.25,250,2928.05,750,0,1000
DRREDDY-III.NFO,07/01/2020,13:18:54,2928,2920.35,250,2928.05,500,0,1000
DRREDDY-III.NFO,07/01/2020,13:19:16,2928,2920.35,250,2928.05,750,0,1000
DRREDDY-III.NFO,07/01/2020,13:19:41,2928,2920.35,250,2928.05,500,0,1000
DRREDDY-III.NFO,07/01/2020,13:19:45,2928,2920.35,250,2928.05,750,0,1000
DRREDDY-III.NFO,07/01/2020,13:19:48,2928,2920.35,250,2928.05,500,0,1000
DRREDDY-III.NFO,07/01/2020,13:20:12,2928,2920.55,250,2928.05,500,0,1000
DRREDDY-III.NFO,07/01/2020,13:20:22,2928,2920.75,250,2928.05,500,0,1000
DRREDDY-III.NFO,07/01/2020,13:20:37,2928,2920.75,250,2928.05,750,0,1000
DRREDDY-III.NFO,07/01/2020,13:20:48,2928,2920.75,250,2928.05,500,0,1000
DRREDDY-III.NFO,07/01/2020,13:21:39,2928,2920.95,250,2928.05,250,0,1000
DRREDDY-III.NFO,07/01/2020,13:21:43,2928,2920.95,250,2927.9,250,0,1000
DRREDDY-III.NFO,07/01/2020,13:21:47,2928,2920.95,250,2927.85,250,0,1000
DRREDDY-III.NFO,07/01/2020,13:21:51,2928,2921.25,250,2927.85,250,0,1000
DRREDDY-III.NFO,07/01/2020,13:21:55,2928,2921.35,250,2927.85,250,0,1000
DRREDDY-III.NFO,07/01/2020,13:21:58,2928,2921.45,250,2927.85,250,0,1000
DRREDDY-III.NFO,07/01/2020,13:22:25,2928,2921.55,250,2927.85,250,0,1000
DRREDDY-III.NFO,07/01/2020,13:22:29,2928,2921.55,250,2927.65,250,0,1000
DRREDDY-III.NFO,07/01/2020,13:22:40,2928,2921.75,250,2927.65,250,0,1000
DRREDDY-III.NFO,07/01/2020,13:22:44,2928,2921.95,250,2927.65,250,0,1000
DRREDDY-III.NFO,07/01/2020,13:22:49,2928,2922.05,250,2927.65,250,0,1000
DRREDDY-III.NFO,07/01/2020,13:23:12,2928,2917.15,500,2927.65,250,0,1000
DRREDDY-III.NFO,07/01/2020,13:23:16,2928,2917.65,500,2927.45,250,0,1000
DRREDDY-III.NFO,07/01/2020,13:23:21,2928,2918.15,500,2927.45,250,0,1000
DRREDDY-III.NFO,07/01/2020,13:23:26,2928,2918.65,250,2927.45,250,0,1000
DRREDDY-III.NFO,07/01/2020,13:23:31,2928,2919.25,250,2927.45,250,0,1000
DRREDDY-III.NFO,07/01/2020,13:23:36,2928,2919.75,250,2927.45,250,0,1000
DRREDDY-III.NFO,07/01/2020,13:23:41,2928,2920.25,250,2927.45,250,0,1000
DRREDDY-III.NFO,07/01/2020,13:23:45,2928,2920.75,250,2927.45,250,0,1000
DRREDDY-III.NFO,07/01/2020,13:23:49,2928,2920.95,250,2927.45,250,0,1000
DRREDDY-III.NFO,07/01/2020,13:24:09,2928,2920.95,250,2927.35,250,0,1000
DRREDDY-III.NFO,07/01/2020,13:24:15,2928,2921.15,250,2927.35,250,0,1000
DRREDDY-III.NFO,07/01/2020,13:24:29,2928,2922.05,250,2931.05,500,0,1000
DRREDDY-III.NFO,07/01/2020,13:24:33,2928,2922.55,250,2931.05,500,0,1000
DRREDDY-III.NFO,07/01/2020,13:24:38,2928,2923.05,250,2931.05,500,0,1000
DRREDDY-III.NFO,07/01/2020,13:24:45,2928,2923.15,250,2931.05,500,0,1000
DRREDDY-III.NFO,07/01/2020,13:24:52,2928,2923.35,250,2931.05,500,0,1000
DRREDDY-III.NFO,07/01/2020,13:24:58,2928,2923.55,250,2931.05,500,0,1000
DRREDDY-III.NFO,07/01/2020,13:25:02,2928,2923.75,250,2931.05,500,0,1000
DRREDDY-III.NFO,07/01/2020,13:25:07,2928,2924.15,250,2931.05,500,0,1000
DRREDDY-III.NFO,07/01/2020,13:28:05,2928,2919.7,250,2931.05,750,0,1000
DRREDDY-III.NFO,07/01/2020,13:28:10,2928,2920.2,250,2931.05,1000,0,1000
DRREDDY-III.NFO,07/01/2020,13:28:14,2928,2920.4,250,2931.05,1000,0,1000
DRREDDY-III.NFO,07/01/2020,13:28:31,2928,2920.6,250,2931.05,1000,0,1000
DRREDDY-III.NFO,07/01/2020,13:28:34,2928,2920.9,250,2931.05,1000,0,1000
DRREDDY-III.NFO,07/01/2020,13:28:38,2928,2921,250,2931.05,1000,0,1000
DRREDDY-III.NFO,07/01/2020,13:28:55,2928,2913.1,500,2931.05,1000,0,1000
DRREDDY-III.NFO,07/01/2020,13:29:02,2928,2917.7,250,2931.05,1000,0,1000
DRREDDY-III.NFO,07/01/2020,13:29:08,2928,2918.4,250,2931.05,1000,0,1000
DRREDDY-III.NFO,07/01/2020,13:29:15,2928,2919.1,250,2931.05,1000,0,1000
DRREDDY-III.NFO,07/01/2020,13:29:20,2928,2919.4,250,2931.05,1000,0,1000
DRREDDY-III.NFO,07/01/2020,13:29:27,2928,2919.5,250,2931.05,1000,0,1000
DRREDDY-III.NFO,07/01/2020,13:31:32,2928,2919.8,250,2931.05,1000,0,1000
DRREDDY-III.NFO,07/01/2020,13:31:38,2928,2920.2,250,2931.05,1000,0,1000
DRREDDY-III.NFO,07/01/2020,13:31:44,2928,2920.5,250,2931.05,1000,0,1000
DRREDDY-III.NFO,07/01/2020,13:31:59,2928,2921,250,2931.05,1000,0,1000
DRREDDY-III.NFO,07/01/2020,13:32:06,2928,2921.1,250,2931.05,1000,0,1000
DRREDDY-III.NFO,07/01/2020,13:32:13,2928,2921.2,250,2931.05,1000,0,1000
DRREDDY-III.NFO,07/01/2020,13:34:25,2928,2912.55,250,2931.05,1000,0,1000
DRREDDY-III.NFO,07/01/2020,13:34:30,2928,2913.15,250,2930.85,500,0,1000
DRREDDY-III.NFO,07/01/2020,13:34:35,2928,2913.65,250,2930.15,500,0,1000
DRREDDY-III.NFO,07/01/2020,13:34:40,2928,2914.25,250,2929.55,250,0,1000
DRREDDY-III.NFO,07/01/2020,13:34:59,2928,2916.25,250,2928.1,500,0,1000
DRREDDY-III.NFO,07/01/2020,13:35:06,2928,2917.05,250,2928.1,500,0,1000
DRREDDY-III.NFO,07/01/2020,13:35:12,2928,2917.65,250,2928.1,500,0,1000
DRREDDY-III.NFO,07/01/2020,13:35:18,2928,2918.35,250,2928.1,500,0,1000
DRREDDY-III.NFO,07/01/2020,13:35:23,2928,2918.85,250,2928.1,500,0,1000
DRREDDY-III.NFO,07/01/2020,13:35:30,2928,2919.55,250,2928.1,500,0,1000
DRREDDY-III.NFO,07/01/2020,13:35:36,2928,2919.65,250,2928.1,500,0,1000
DRREDDY-III.NFO,07/01/2020,13:35:50,2928,2919.65,250,2928.1,750,0,1000
DRREDDY-III.NFO,07/01/2020,13:35:58,2928,2920.65,250,2932.15,750,0,1000
DRREDDY-III.NFO,07/01/2020,13:36:02,2928,2921.15,250,2931.75,250,0,1000
DRREDDY-III.NFO,07/01/2020,13:36:07,2928,2921.55,250,2931.25,500,0,1000
DRREDDY-III.NFO,07/01/2020,13:36:11,2928,2921.55,250,2930.75,500,0,1000
DRREDDY-III.NFO,07/01/2020,13:36:16,2928,2921.55,250,2930.35,250,0,1000
DRREDDY-III.NFO,07/01/2020,13:36:19,2928,2921.55,250,2929.95,250,0,1000
DRREDDY-III.NFO,07/01/2020,13:36:24,2928,2921.55,250,2929.45,250,0,1000
DRREDDY-III.NFO,07/01/2020,13:36:27,2928,2921.55,250,2929.05,250,0,1000
DRREDDY-III.NFO,07/01/2020,13:36:31,2928,2921.55,250,2928.65,250,0,1000
DRREDDY-III.NFO,07/01/2020,13:36:35,2928,2921.55,250,2928.5,500,0,1000
DRREDDY-III.NFO,07/01/2020,13:36:48,2928,2921.55,250,2928.5,750,0,1000
DRREDDY-III.NFO,07/01/2020,13:36:58,2928,2921.55,250,2928.5,500,0,1000
DRREDDY-III.NFO,07/01/2020,13:38:19,2928,2921.75,250,2932.4,250,0,1000
DRREDDY-III.NFO,07/01/2020,13:38:25,2928,2921.95,250,2931.8,250,0,1000
DRREDDY-III.NFO,07/01/2020,13:38:30,2928,2921.95,250,2931.2,250,0,1000
DRREDDY-III.NFO,07/01/2020,13:38:36,2928,2921.95,250,2930.65,500,0,1000
DRREDDY-III.NFO,07/01/2020,13:38:53,2928,2922.35,250,2930.65,500,0,1000
DRREDDY-III.NFO,07/01/2020,13:38:59,2928,2922.65,250,2930.65,500,0,1000
DRREDDY-III.NFO,07/01/2020,13:39:04,2928,2922.85,250,2930.65,500,0,1000
DRREDDY-III.NFO,07/01/2020,13:39:09,2928,2922.95,250,2930.55,250,0,1000
DRREDDY-III.NFO,07/01/2020,13:39:13,2928,2922.95,250,2930.45,250,0,1000
DRREDDY-III.NFO,07/01/2020,13:39:16,2928,2922.95,250,2930.35,250,0,1000
DRREDDY-III.NFO,07/01/2020,13:39:20,2928,2922.95,250,2930.25,250,0,1000
DRREDDY-III.NFO,07/01/2020,13:39:24,2928,2922.95,250,2930.15,250,0,1000
DRREDDY-III.NFO,07/01/2020,13:39:27,2928,2922.95,250,2930.05,250,0,1000
DRREDDY-III.NFO,07/01/2020,13:39:49,2928,2922.95,250,2929.95,250,0,1000
DRREDDY-III.NFO,07/01/2020,13:39:53,2928,2922.95,250,2929.85,250,0,1000
DRREDDY-III.NFO,07/01/2020,13:40:48,2928,2922.95,250,2929.65,250,0,1000
DRREDDY-III.NFO,07/01/2020,13:40:53,2928,2923.25,250,2929.65,250,0,1000
DRREDDY-III.NFO,07/01/2020,13:40:58,2928,2923.35,250,2929.65,250,0,1000
DRREDDY-III.NFO,07/01/2020,13:41:11,2928,2923.35,250,2929.55,250,0,1000
DRREDDY-III.NFO,07/01/2020,13:41:16,2928,2923.35,250,2929.3,250,0,1000
DRREDDY-III.NFO,07/01/2020,13:41:20,2928,2923.35,250,2929.25,250,0,1000
DRREDDY-III.NFO,07/01/2020,13:42:06,2928,2923.45,250,2929.25,250,0,1000
DRREDDY-III.NFO,07/01/2020,13:42:11,2928,2924.15,250,2929.25,250,0,1000
DRREDDY-III.NFO,07/01/2020,13:42:16,2928,2924.55,250,2929.25,250,0,1000
DRREDDY-III.NFO,07/01/2020,13:42:23,2928,2925.25,250,2934.85,750,0,1000
DRREDDY-III.NFO,07/01/2020,13:42:29,2928,2925.25,250,2933.85,250,0,1000
DRREDDY-III.NFO,07/01/2020,13:42:34,2928,2925.25,250,2933.25,250,0,1000
DRREDDY-III.NFO,07/01/2020,13:42:39,2928,2925.25,250,2933,500,0,1000
DRREDDY-III.NFO,07/01/2020,13:42:54,2928,2925.45,250,2933,500,0,1000
DRREDDY-III.NFO,07/01/2020,13:42:58,2928,2925.85,250,2933,500,0,1000
DRREDDY-III.NFO,07/01/2020,13:43:05,2928,2917.6,500,2932.9,750,0,1000
DRREDDY-III.NFO,07/01/2020,13:43:09,2928,2918,500,2932.9,750,0,1000
DRREDDY-III.NFO,07/01/2020,13:43:12,2928,2918.3,500,2932.9,750,0,1000
DRREDDY-III.NFO,07/01/2020,13:43:15,2928,2918.7,500,2932.9,750,0,1000
DRREDDY-III.NFO,07/01/2020,13:43:19,2928,2919.1,500,2932.9,750,0,1000
DRREDDY-III.NFO,07/01/2020,13:43:24,2928,2919.6,500,2932.9,750,0,1000
DRREDDY-III.NFO,07/01/2020,13:43:27,2928,2921.4,250,2932.9,750,0,1000
DRREDDY-III.NFO,07/01/2020,13:43:30,2928,2921.7,250,2932.9,750,0,1000
DRREDDY-III.NFO,07/01/2020,13:43:33,2928,2922.1,250,2932.4,250,0,1000
DRREDDY-III.NFO,07/01/2020,13:43:42,2928,2922.7,250,2931.45,500,0,1000
DRREDDY-III.NFO,07/01/2020,13:43:44,2928,2923,250,2931.45,500,0,1000
DRREDDY-III.NFO,07/01/2020,13:43:53,2928,2923.4,250,2931.45,500,0,1000
DRREDDY-III.NFO,07/01/2020,13:44:57,2928,2923.6,250,2931.45,500,0,1000
DRREDDY-III.NFO,07/01/2020,13:45:04,2928,2923.7,250,2931.45,500,0,1000
DRREDDY-III.NFO,07/01/2020,13:45:16,2928,2924,250,2931.45,500,0,1000
DRREDDY-III.NFO,07/01/2020,13:45:21,2928,2924.2,250,2931.45,500,0,1000
DRREDDY-III.NFO,07/01/2020,13:45:51,2928,2924.6,250,2931.45,500,0,1000
DRREDDY-III.NFO,07/01/2020,13:46:13,2928,2924.6,250,2931.45,250,0,1000
DRREDDY-III.NFO,07/01/2020,13:46:16,2928,2924.8,250,2931.45,250,0,1000
DRREDDY-III.NFO,07/01/2020,13:46:45,2928,2925.3,250,2935.35,500,0,1000
DRREDDY-III.NFO,07/01/2020,13:46:53,2928,2926.1,250,2935.1,750,0,1000
DRREDDY-III.NFO,07/01/2020,13:47:01,2928,2926.5,250,2935.1,500,0,1000
DRREDDY-III.NFO,07/01/2020,13:47:08,2928,2926.6,250,2935.1,500,0,1000
DRREDDY-III.NFO,07/01/2020,13:47:14,2928,2926.6,250,2934.9,250,0,1000
DRREDDY-III.NFO,07/01/2020,13:47:20,2928,2926.7,250,2934.6,250,0,1000
DRREDDY-III.NFO,07/01/2020,13:47:26,2928,2926.7,250,2934.3,250,0,1000
DRREDDY-III.NFO,07/01/2020,13:47:31,2928,2927,250,2934.2,250,0,1000
DRREDDY-III.NFO,07/01/2020,13:47:36,2928,2927,250,2933.9,250,0,1000
DRREDDY-III.NFO,07/01/2020,13:47:41,2928,2927,250,2933.65,250,0,1000
DRREDDY-III.NFO,07/01/2020,13:47:45,2928,2927,250,2933.6,250,0,1000
DRREDDY-III.NFO,07/01/2020,13:48:12,2928,2927,250,2933.4,250,0,1000
DRREDDY-III.NFO,07/01/2020,13:48:17,2928,2927,250,2933.15,250,0,1000
DRREDDY-III.NFO,07/01/2020,13:48:23,2928,2927,250,2933.1,250,0,1000
DRREDDY-III.NFO,07/01/2020,13:48:35,2928,2927,250,2933,250,0,1000
DRREDDY-III.NFO,07/01/2020,13:48:48,2928,2927.3,250,2933,250,0,1000
DRREDDY-III.NFO,07/01/2020,13:48:54,2928,2927.5,250,2933,250,0,1000
DRREDDY-III.NFO,07/01/2020,13:49:06,2928,2927.7,250,2933,250,0,1000
DRREDDY-III.NFO,07/01/2020,13:50:40,2928,2927.7,250,2937.6,250,0,1000
DRREDDY-III.NFO,07/01/2020,13:50:47,2928,2928.5,250,2936.7,250,0,1000
DRREDDY-III.NFO,07/01/2020,13:50:54,2928,2928.5,250,2936.55,750,0,1000
DRREDDY-III.NFO,07/01/2020,13:51:13,2928,2928.5,250,2935.75,250,0,1000
DRREDDY-III.NFO,07/01/2020,13:51:19,2928,2928.8,250,2935.3,500,0,1000
DRREDDY-III.NFO,07/01/2020,13:51:25,2928,2929.1,250,2935.3,250,0,1000
DRREDDY-III.NFO,07/01/2020,13:51:30,2928,2925.55,250,2935.1,250,0,1000
DRREDDY-III.NFO,07/01/2020,13:51:34,2928,2925.95,250,2934.8,250,0,1000
DRREDDY-III.NFO,07/01/2020,13:51:39,2928,2926.45,250,2934.75,500,0,1000
DRREDDY-III.NFO,07/01/2020,13:51:44,2928,2926.75,250,2934.75,500,0,1000
DRREDDY-III.NFO,07/01/2020,13:51:49,2928,2927.15,250,2934.75,500,0,1000
DRREDDY-III.NFO,07/01/2020,13:53:35,2928,2927.15,250,2934.75,750,0,1000
DRREDDY-III.NFO,07/01/2020,13:53:39,2928,2927.15,250,2934.25,250,0,1000
DRREDDY-III.NFO,07/01/2020,13:53:46,2928,2927.15,250,2933.55,250,0,1000
DRREDDY-III.NFO,07/01/2020,13:53:54,2928,2927.15,250,2933.3,750,0,1000
DRREDDY-III.NFO,07/01/2020,13:55:01,2928,2927.15,250,2933.3,500,0,1000
DRREDDY-III.NFO,07/01/2020,14:03:19,2928,2927.15,250,2933.3,250,0,1000
DRREDDY-III.NFO,07/01/2020,14:03:22,2928,2927.45,250,2933.3,250,0,1000
DRREDDY-III.NFO,07/01/2020,14:03:40,2928,2927.65,250,2933.3,250,0,1000
DRREDDY-III.NFO,07/01/2020,14:03:46,2928,2928.15,250,2937.65,1000,0,1000
DRREDDY-III.NFO,07/01/2020,14:04:06,2928,2928.15,250,2936.85,250,0,1000
DRREDDY-III.NFO,07/01/2020,14:04:10,2928,2928.15,250,2936.45,250,0,1000
DRREDDY-III.NFO,07/01/2020,14:04:13,2928,2928.15,250,2936.15,250,0,1000
DRREDDY-III.NFO,07/01/2020,14:04:16,2928,2928.15,250,2935.85,250,0,1000
DRREDDY-III.NFO,07/01/2020,14:04:18,2928,2928.15,250,2935.65,250,0,1000
DRREDDY-III.NFO,07/01/2020,14:04:20,2928,2928.15,250,2935.45,250,0,1000
DRREDDY-III.NFO,07/01/2020,14:04:22,2928,2928.15,250,2935.2,500,0,1000
DRREDDY-III.NFO,07/01/2020,14:04:24,2928,2928.15,250,2935.2,750,0,1000
DRREDDY-III.NFO,07/01/2020,14:04:33,2928,2919.45,500,2935.2,750,0,1000
DRREDDY-III.NFO,07/01/2020,14:04:36,2928,2919.65,500,2935.2,750,0,1000
DRREDDY-III.NFO,07/01/2020,14:04:38,2928,2923.8,250,2935.2,750,0,1000
DRREDDY-III.NFO,07/01/2020,14:04:40,2928,2924,250,2935.2,750,0,1000
DRREDDY-III.NFO,07/01/2020,14:04:43,2928,2924.4,250,2935.2,750,0,1000
DRREDDY-III.NFO,07/01/2020,14:04:46,2928,2924.7,250,2935.2,750,0,1000
DRREDDY-III.NFO,07/01/2020,14:04:49,2928,2925,250,2935.2,750,0,1000
DRREDDY-III.NFO,07/01/2020,14:04:52,2928,2925.3,250,2935.2,750,0,1000
DRREDDY-III.NFO,07/01/2020,14:04:54,2928,2925.5,250,2935.2,750,0,1000
DRREDDY-III.NFO,07/01/2020,14:04:57,2928,2925.6,250,2934.1,250,0,1000
DRREDDY-III.NFO,07/01/2020,14:05:00,2928,2925.6,250,2933.7,250,0,1000
DRREDDY-III.NFO,07/01/2020,14:05:03,2928,2925.6,250,2933.4,250,0,1000
DRREDDY-III.NFO,07/01/2020,14:05:06,2928,2925.6,250,2933.15,500,0,1000
DRREDDY-III.NFO,07/01/2020,14:05:15,2928,2925.7,250,2933.15,500,0,1000
DRREDDY-III.NFO,07/01/2020,14:06:02,2928,2926,250,2933.15,500,0,1000
DRREDDY-III.NFO,07/01/2020,14:06:05,2928,2926.2,250,2933.15,500,0,1000
DRREDDY-III.NFO,07/01/2020,14:06:11,2928,2926.3,250,2933.15,500,0,1000
DRREDDY-III.NFO,07/01/2020,14:06:46,2928,2926.5,250,2933.15,500,0,1000
DRREDDY-III.NFO,07/01/2020,14:07:16,2928,2926.7,250,2933.15,250,0,1000
DRREDDY-III.NFO,07/01/2020,14:07:19,2928,2926.8,250,2933.15,250,0,1000
DRREDDY-III.NFO,07/01/2020,14:07:36,2928,2927,250,2933.15,250,0,1000
DRREDDY-III.NFO,07/01/2020,14:07:41,2928,2927.2,250,2933.15,250,0,1000
DRREDDY-III.NFO,07/01/2020,14:07:49,2928,2927.2,250,2933.05,250,0,1000
DRREDDY-III.NFO,07/01/2020,14:08:00,2928,2927.2,250,2932.95,250,0,1000
DRREDDY-III.NFO,07/01/2020,14:08:04,2928,2927.2,250,2932.85,250,0,1000
DRREDDY-III.NFO,07/01/2020,14:08:52,2928,2927.2,250,2932.75,250,0,1000
DRREDDY-III.NFO,07/01/2020,14:09:05,2928,2927.2,250,2932.65,250,0,1000
DRREDDY-III.NFO,07/01/2020,14:09:10,2928,2927.2,250,2932.55,250,0,1000
DRREDDY-III.NFO,07/01/2020,14:09:59,2928,2927.3,250,2936.8,250,0,1000
DRREDDY-III.NFO,07/01/2020,14:10:06,2928,2927.8,250,2936,250,0,1000
DRREDDY-III.NFO,07/01/2020,14:10:12,2928,2928,250,2935.85,750,0,1000
DRREDDY-III.NFO,07/01/2020,14:10:21,2928,2928,250,2935.85,500,0,1000
DRREDDY-III.NFO,07/01/2020,14:10:24,2928,2928,250,2935.85,750,0,1000
DRREDDY-III.NFO,07/01/2020,14:13:58,2928,2928.1,250,2935.85,750,0,1000
DRREDDY-III.NFO,07/01/2020,14:14:03,2928,2928.2,250,2935.85,750,0,1000
DRREDDY-III.NFO,07/01/2020,14:14:09,2928,2928.2,250,2935.7,500,0,1000
DRREDDY-III.NFO,07/01/2020,14:15:06,2928,2928.4,250,2935.7,500,0,1000
DRREDDY-III.NFO,07/01/2020,14:15:10,2928,2928.5,250,2935.7,500,0,1000
DRREDDY-III.NFO,07/01/2020,14:15:32,2928,2928.6,250,2935.7,500,0,1000
DRREDDY-III.NFO,07/01/2020,14:16:45,2928,2928.9,250,2935.7,500,0,1000
DRREDDY-III.NFO,07/01/2020,14:21:37,2928,2920.4,250,2935.7,750,0,1000
DRREDDY-III.NFO,07/01/2020,14:21:41,2928,2920.8,500,2935.7,750,0,1000
DRREDDY-III.NFO,07/01/2020,14:21:44,2928,2921.1,250,2935.7,750,0,1000
DRREDDY-III.NFO,07/01/2020,14:21:48,2928,2921.5,500,2935.7,750,0,1000
DRREDDY-III.NFO,07/01/2020,14:21:51,2928,2921.8,500,2935.7,750,0,1000
DRREDDY-III.NFO,07/01/2020,14:21:53,2928,2922.1,500,2935.7,750,0,1000
DRREDDY-III.NFO,07/01/2020,14:21:55,2928,2922.4,500,2935.7,750,0,1000
DRREDDY-III.NFO,07/01/2020,14:21:58,2928,2922.6,500,2935.7,750,0,1000
DRREDDY-III.NFO,07/01/2020,14:22:00,2928,2922.9,500,2935.7,750,0,1000
DRREDDY-III.NFO,07/01/2020,14:22:05,2928,2923.6,250,2935.7,750,0,1000
DRREDDY-III.NFO,07/01/2020,14:22:09,2928,2925.6,250,2935.7,750,0,1000
DRREDDY-III.NFO,07/01/2020,14:22:11,2928,2925.9,250,2935.7,750,0,1000
DRREDDY-III.NFO,07/01/2020,14:22:14,2928,2926.2,250,2935.7,750,0,1000
DRREDDY-III.NFO,07/01/2020,14:22:17,2928,2926.5,250,2935.7,750,0,1000
DRREDDY-III.NFO,07/01/2020,14:22:19,2928,2926.8,250,2935.7,750,0,1000
DRREDDY-III.NFO,07/01/2020,14:22:23,2928,2927.1,250,2935.7,750,0,1000
DRREDDY-III.NFO,07/01/2020,14:22:27,2928,2927.2,250,2935.7,750,0,1000
DRREDDY-III.NFO,07/01/2020,14:24:33,2928,2927.4,250,2935.7,500,0,1000
DRREDDY-III.NFO,07/01/2020,14:24:38,2928,2927.8,250,2935.7,500,0,1000
DRREDDY-III.NFO,07/01/2020,14:25:03,2928,2927.8,250,2935.5,750,0,1000
DRREDDY-III.NFO,07/01/2020,14:25:16,2928,2927.8,250,2935.5,500,0,1000
DRREDDY-III.NFO,07/01/2020,14:25:30,2928,2927.8,250,2935.5,750,0,1000
DRREDDY-III.NFO,07/01/2020,14:25:33,2928,2927.8,250,2935.5,500,0,1000
DRREDDY-III.NFO,07/01/2020,14:27:10,2928,2928.3,250,2935.5,250,0,1000
DRREDDY-III.NFO,07/01/2020,14:27:17,2928,2929,250,2935.5,250,0,1000
DRREDDY-III.NFO,07/01/2020,14:27:27,2928,2929.1,250,2935.5,250,0,1000
DRREDDY-III.NFO,07/01/2020,14:28:07,2928,2929.2,250,2935.5,250,0,1000
DRREDDY-III.NFO,07/01/2020,14:28:19,2928,2929.6,250,2935.5,250,0,1000
DRREDDY-III.NFO,07/01/2020,14:28:23,2928,2929.7,250,2935.5,250,0,1000
DRREDDY-III.NFO,07/01/2020,14:28:34,2928,2930,250,2935.5,250,0,1000
DRREDDY-III.NFO,07/01/2020,14:28:59,2928,2930.1,250,2935.5,250,0,1000
DRREDDY-III.NFO,07/01/2020,14:29:02,2928,2930.3,250,2935.5,250,0,1000
DRREDDY-III.NFO,07/01/2020,14:29:18,2928,2930.5,250,2935.5,250,0,1000
DRREDDY-III.NFO,07/01/2020,14:29:23,2928,2930.6,250,2935.5,250,0,1000
DRREDDY-III.NFO,07/01/2020,14:29:28,2928,2930.9,250,2939.65,250,0,1000
DRREDDY-III.NFO,07/01/2020,14:29:32,2928,2931.4,250,2939.4,250,0,1000
DRREDDY-III.NFO,07/01/2020,14:29:37,2928,2931.9,250,2939.15,250,0,1000
DRREDDY-III.NFO,07/01/2020,14:29:40,2928,2932.1,250,2939,250,0,1000
DRREDDY-III.NFO,07/01/2020,14:29:43,2928,2923.6,500,2938.9,250,0,1000
DRREDDY-III.NFO,07/01/2020,14:29:47,2928,2924.1,750,2938.7,250,0,1000
DRREDDY-III.NFO,07/01/2020,14:29:51,2928,2924.6,500,2938.45,250,0,1000
DRREDDY-III.NFO,07/01/2020,14:29:54,2928,2924.9,500,2938.3,250,0,1000
DRREDDY-III.NFO,07/01/2020,14:29:59,2928,2925.5,500,2938,250,0,1000
DRREDDY-III.NFO,07/01/2020,14:30:03,2928,2925.9,500,2937.8,250,0,1000
DRREDDY-III.NFO,07/01/2020,14:30:07,2928,2926.4,500,2937.75,250,0,1000
DRREDDY-III.NFO,07/01/2020,14:30:11,2928,2926.7,250,2937.75,250,0,1000
DRREDDY-III.NFO,07/01/2020,14:30:14,2928,2927,250,2937.65,250,0,1000
DRREDDY-III.NFO,07/01/2020,14:30:17,2928,2927.4,250,2937.65,250,0,1000
DRREDDY-III.NFO,07/01/2020,14:30:19,2928,2929.5,250,2937.65,250,0,1000
DRREDDY-III.NFO,07/01/2020,14:30:23,2928,2929.8,250,2937.65,250,0,1000
DRREDDY-III.NFO,07/01/2020,14:30:31,2928,2930.9,250,2941.65,250,0,1000
DRREDDY-III.NFO,07/01/2020,14:30:39,2928,2931.9,250,2940.9,500,0,1000
DRREDDY-III.NFO,07/01/2020,14:30:48,2928,2932.9,250,2940.9,500,0,1000
DRREDDY-III.NFO,07/01/2020,14:30:56,2928,2933.4,250,2940.9,500,0,1000
DRREDDY-III.NFO,07/01/2020,14:31:04,2928,2933.5,250,2940.9,500,0,1000
DRREDDY-III.NFO,07/01/2020,14:31:19,2928,2933.9,250,2940.9,500,0,1000
DRREDDY-III.NFO,07/01/2020,14:31:38,2928,2934,250,2940.9,500,0,1000
DRREDDY-III.NFO,07/01/2020,14:32:54,2928,2934.1,250,2940.9,500,0,1000
DRREDDY-III.NFO,07/01/2020,14:35:12,2928,2934.1,250,2940.75,250,0,1000
DRREDDY-III.NFO,07/01/2020,14:35:17,2928,2934.1,250,2940.6,500,0,1000
DRREDDY-III.NFO,07/01/2020,14:35:21,2928,2934.1,250,2940.6,750,0,1000
DRREDDY-III.NFO,07/01/2020,14:35:26,2928,2928.65,500,2940.6,750,0,1000
DRREDDY-III.NFO,07/01/2020,14:35:32,2928,2929.25,250,2940.6,750,0,1000
DRREDDY-III.NFO,07/01/2020,14:35:38,2928,2929.95,250,2940.6,750,0,1000
DRREDDY-III.NFO,07/01/2020,14:35:43,2928,2930.45,250,2940.6,750,0,1000
DRREDDY-III.NFO,07/01/2020,14:35:48,2928,2931.05,250,2940.6,750,0,1000
DRREDDY-III.NFO,07/01/2020,14:35:52,2928,2931.55,250,2940.6,750,0,1000
DRREDDY-III.NFO,07/01/2020,14:36:04,2928,2931.95,250,2940.6,750,0,1000
DRREDDY-III.NFO,07/01/2020,14:36:29,2928,2932.05,250,2940.6,750,0,1000
DRREDDY-III.NFO,07/01/2020,14:36:50,2928,2932.05,250,2940.6,1000,0,1000
DRREDDY-III.NFO,07/01/2020,14:36:55,2928,2932.15,250,2940.6,750,0,1000
DRREDDY-III.NFO,07/01/2020,14:37:00,2928,2932.15,250,2940.4,250,0,1000
DRREDDY-III.NFO,07/01/2020,14:37:04,2928,2932.15,250,2940,250,0,1000
DRREDDY-III.NFO,07/01/2020,14:37:09,2928,2932.15,250,2939.65,750,0,1000
DRREDDY-III.NFO,07/01/2020,14:37:58,2928,2932.25,500,2939.65,750,0,1000
DRREDDY-III.NFO,07/01/2020,14:38:07,2928,2932.25,500,2939.65,500,0,1000
DRREDDY-III.NFO,07/01/2020,14:38:19,2928,2932.25,250,2939.65,500,0,1000
DRREDDY-III.NFO,07/01/2020,14:38:24,2928,2932.25,250,2939.65,750,0,1000
DRREDDY-III.NFO,07/01/2020,14:38:35,2928,2932.55,500,2939.65,500,0,1000
DRREDDY-III.NFO,07/01/2020,14:38:40,2928,2932.65,250,2939.65,500,0,1000
DRREDDY-III.NFO,07/01/2020,14:38:47,2928,2932.95,250,2939.65,500,0,1000
DRREDDY-III.NFO,07/01/2020,14:40:08,2928,2931.5,250,2939.65,500,0,1000
DRREDDY-III.NFO,07/01/2020,14:40:14,2928,2931.8,500,2939.65,500,0,1000
DRREDDY-III.NFO,07/01/2020,14:40:19,2928,2932,500,2939.65,500,0,1000
DRREDDY-III.NFO,07/01/2020,14:40:24,2928,2932.3,500,2939.65,500,0,1000
DRREDDY-III.NFO,07/01/2020,14:40:28,2928,2932.4,500,2939.65,500,0,1000
DRREDDY-III.NFO,07/01/2020,14:40:32,2928,2932.5,250,2939.65,500,0,1000
DRREDDY-III.NFO,07/01/2020,14:40:36,2928,2932.6,250,2939.65,500,0,1000
DRREDDY-III.NFO,07/01/2020,14:41:15,2928,2932.7,250,2939.65,500,0,1000
DRREDDY-III.NFO,07/01/2020,14:41:36,2928,2932.8,500,2939.65,500,0,1000
DRREDDY-III.NFO,07/01/2020,14:41:40,2928,2932.8,250,2939.65,500,0,1000
DRREDDY-III.NFO,07/01/2020,14:42:04,2928,2932.9,500,2939.65,500,0,1000
DRREDDY-III.NFO,07/01/2020,14:42:08,2928,2933,250,2939.65,500,0,1000
DRREDDY-III.NFO,07/01/2020,14:42:57,2928,2926.5,500,2939.65,750,0,1000
DRREDDY-III.NFO,07/01/2020,14:43:01,2928,2926.9,500,2939.65,750,0,1000
DRREDDY-III.NFO,07/01/2020,14:43:06,2928,2928.4,500,2939.65,750,0,1000
DRREDDY-III.NFO,07/01/2020,14:43:09,2928,2928.8,500,2939.65,750,0,1000
DRREDDY-III.NFO,07/01/2020,14:43:13,2928,2929.2,500,2939.65,750,0,1000
DRREDDY-III.NFO,07/01/2020,14:43:17,2928,2929.6,500,2939.65,750,0,1000
DRREDDY-III.NFO,07/01/2020,14:43:21,2928,2930.1,500,2939.65,750,0,1000
DRREDDY-III.NFO,07/01/2020,14:43:26,2928,2930.6,500,2939.65,750,0,1000
DRREDDY-III.NFO,07/01/2020,14:43:31,2928,2931.2,500,2939.65,750,0,1000
DRREDDY-III.NFO,07/01/2020,14:43:37,2928,2931.7,500,2939.65,750,0,1000
DRREDDY-III.NFO,07/01/2020,14:43:43,2928,2931.7,250,2939.65,750,0,1000
DRREDDY-III.NFO,07/01/2020,14:43:47,2928,2931.8,500,2939.65,750,0,1000
DRREDDY-III.NFO,07/01/2020,14:43:52,2928,2931.8,250,2939.65,750,0,1000
DRREDDY-III.NFO,07/01/2020,14:44:02,2928,2931.8,250,2938.9,500,0,1000
DRREDDY-III.NFO,07/01/2020,14:44:11,2928,2931.8,250,2938.6,500,0,1000
DRREDDY-III.NFO,07/01/2020,14:44:17,2928,2931.8,250,2938.05,250,0,1000
DRREDDY-III.NFO,07/01/2020,14:44:20,2928,2931.8,250,2937.75,250,0,1000
DRREDDY-III.NFO,07/01/2020,14:44:23,2928,2931.8,250,2937.6,500,0,1000
DRREDDY-III.NFO,07/01/2020,14:44:33,2928,2923.65,500,2937.6,750,0,1000
