Ticker,Date,Time,LTP,BuyPrice,BuyQty,SellPrice,SellQty,LTQ,OpenInterest
LUPIN-III.NFO,07/01/2020,09:17:19,779.8,778.35,700,780.95,700,700,4200
LUPIN-III.NFO,07/01/2020,09:17:19,779.8,778.35,700,780.95,700,0,4200
LUPIN-III.NFO,07/01/2020,09:17:19,779.8,778.35,700,780.95,700,0,4200
LUPIN-III.NFO,07/01/2020,09:17:19,779.8,778.35,700,780.95,700,0,4200
LUPIN-III.NFO,07/01/2020,09:17:28,779.8,778.55,700,781.15,700,0,4200
LUPIN-III.NFO,07/01/2020,09:17:38,779.8,778.1,700,780.35,700,0,4200
LUPIN-III.NFO,07/01/2020,09:17:47,779.8,777.75,700,779.95,700,0,4200
LUPIN-III.NFO,07/01/2020,09:17:57,779.8,777.75,700,779.55,700,0,4200
LUPIN-III.NFO,07/01/2020,09:18:05,779.8,776.85,2100,779.95,700,0,4200
LUPIN-III.NFO,07/01/2020,09:18:14,779.8,776.85,2800,780.8,700,0,4200
LUPIN-III.NFO,07/01/2020,09:18:22,779.8,778,1400,780.35,700,0,4200
LUPIN-III.NFO,07/01/2020,09:18:29,779.8,777.95,700,780.15,700,0,4200
LUPIN-III.NFO,07/01/2020,09:18:36,779.8,777.8,700,780.25,700,0,4200
LUPIN-III.NFO,07/01/2020,09:18:44,779.8,777.8,700,779.65,700,0,4200
LUPIN-III.NFO,07/01/2020,09:18:51,779.8,776.6,700,778.55,700,0,4200
LUPIN-III.NFO,07/01/2020,09:18:59,779.8,777.1,700,779.35,700,0,4200
LUPIN-III.NFO,07/01/2020,09:19:05,779.8,776.55,700,778.65,700,0,4200
LUPIN-III.NFO,07/01/2020,09:19:12,779.8,776.65,2100,778.85,700,0,4200
LUPIN-III.NFO,07/01/2020,09:19:19,779.8,776.85,700,778.75,700,0,4200
LUPIN-III.NFO,07/01/2020,09:19:33,779.8,776.7,1400,778.75,700,0,4200
LUPIN-III.NFO,07/01/2020,09:19:40,779.8,776.7,700,778.75,700,0,4200
LUPIN-III.NFO,07/01/2020,09:19:47,779.8,778.6,700,780.7,700,0,4200
LUPIN-III.NFO,07/01/2020,09:19:54,779.8,778.4,700,780.4,700,0,4200
LUPIN-III.NFO,07/01/2020,09:20:00,779.8,778.5,1400,781.35,700,0,4200
LUPIN-III.NFO,07/01/2020,09:20:06,779.8,778.4,1400,780.85,700,0,4200
LUPIN-III.NFO,07/01/2020,09:20:13,779.8,778.2,1400,780.75,700,0,4200
LUPIN-III.NFO,07/01/2020,09:20:19,779.8,779,700,780.75,700,0,4200
LUPIN-III.NFO,07/01/2020,09:20:26,779.8,779.6,1400,781.75,700,0,4200
LUPIN-III.NFO,07/01/2020,09:20:32,779.8,779.8,1400,781.75,700,0,4200
LUPIN-III.NFO,07/01/2020,09:20:38,779.8,779.9,1400,781.75,700,0,4200
LUPIN-III.NFO,07/01/2020,09:20:45,779.8,779.9,700,781.75,700,0,4200
LUPIN-III.NFO,07/01/2020,09:20:51,779.8,779.9,1400,781.65,700,0,4200
LUPIN-III.NFO,07/01/2020,09:20:57,779.8,779.9,700,782.1,700,0,4200
LUPIN-III.NFO,07/01/2020,09:21:04,779.8,779.9,700,781.8,700,0,4200
LUPIN-III.NFO,07/01/2020,09:21:12,779.8,779.9,700,781.7,700,0,4200
LUPIN-III.NFO,07/01/2020,09:21:20,779.8,780.15,700,781.7,700,0,4200
LUPIN-III.NFO,07/01/2020,09:21:27,779.8,779.85,1400,781.7,700,0,4200
LUPIN-III.NFO,07/01/2020,09:21:40,779.8,779.85,700,781.7,700,0,4200
LUPIN-III.NFO,07/01/2020,09:21:46,779.8,779.85,2100,781.7,700,0,4200
LUPIN-III.NFO,07/01/2020,09:21:53,779.8,779.95,700,781.7,700,0,4200
LUPIN-III.NFO,07/01/2020,09:22:00,779.8,779.65,2100,781.7,700,0,4200
LUPIN-III.NFO,07/01/2020,09:22:06,779.8,779.65,1400,781.6,700,0,4200
LUPIN-III.NFO,07/01/2020,09:22:13,779.8,779.85,700,781.6,700,0,4200
LUPIN-III.NFO,07/01/2020,09:22:20,779.8,779.4,700,781.4,700,0,4200
LUPIN-III.NFO,07/01/2020,09:22:27,779.8,779.4,1400,781.4,700,0,4200
LUPIN-III.NFO,07/01/2020,09:22:34,779.8,778.45,2100,781.2,700,0,4200
LUPIN-III.NFO,07/01/2020,09:22:40,779.8,778.45,2100,781.1,700,0,4200
LUPIN-III.NFO,07/01/2020,09:22:46,779.8,778.45,2100,780.8,700,0,4200
LUPIN-III.NFO,07/01/2020,09:22:53,779.8,778.45,2100,781.25,700,0,4200
LUPIN-III.NFO,07/01/2020,09:22:59,779.8,778.45,2100,782.05,700,0,4200
LUPIN-III.NFO,07/01/2020,09:23:05,779.8,778.45,2100,781.45,700,0,4200
LUPIN-III.NFO,07/01/2020,09:23:16,779.8,778.45,2100,781.8,700,0,4200
LUPIN-III.NFO,07/01/2020,09:23:23,779.8,778.45,2800,781.8,700,0,4200
LUPIN-III.NFO,07/01/2020,09:23:29,779.8,778.45,2800,781.5,700,0,4200
LUPIN-III.NFO,07/01/2020,09:23:35,779.8,778.45,2800,781.95,700,0,4200
LUPIN-III.NFO,07/01/2020,09:23:41,779.8,778.45,2800,781.35,700,0,4200
LUPIN-III.NFO,07/01/2020,09:24:05,779.8,778.45,2800,782.05,700,0,4200
LUPIN-III.NFO,07/01/2020,09:24:11,779.8,778.45,2800,781.55,700,0,4200
LUPIN-III.NFO,07/01/2020,09:24:17,779.8,778.55,700,780.75,700,0,4200
LUPIN-III.NFO,07/01/2020,09:24:22,779.8,778.55,700,781,700,0,4200
LUPIN-III.NFO,07/01/2020,09:24:28,779.8,778.55,700,780.4,700,0,4200
LUPIN-III.NFO,07/01/2020,09:24:34,779.8,778.75,700,781.6,2800,0,4200
LUPIN-III.NFO,07/01/2020,09:24:39,779.8,778.75,700,780.8,700,0,4200
LUPIN-III.NFO,07/01/2020,09:24:45,779.8,778.75,700,781.8,2100,0,4200
LUPIN-III.NFO,07/01/2020,09:24:50,779.8,778.75,700,781.2,700,0,4200
LUPIN-III.NFO,07/01/2020,09:24:56,779.8,778.75,700,780.7,700,0,4200
LUPIN-III.NFO,07/01/2020,09:25:02,779.8,778.75,700,780.6,700,0,4200
LUPIN-III.NFO,07/01/2020,09:25:08,779.8,779.15,700,781.4,700,0,4200
LUPIN-III.NFO,07/01/2020,09:25:14,779.8,779.35,700,781.5,700,0,4200
LUPIN-III.NFO,07/01/2020,09:25:21,779.8,779.9,700,782,700,0,4200
LUPIN-III.NFO,07/01/2020,09:25:27,779.8,779.9,700,781.9,700,0,4200
LUPIN-III.NFO,07/01/2020,09:25:33,779.8,779.9,700,781.3,700,0,4200
LUPIN-III.NFO,07/01/2020,09:25:39,779.8,779.15,2100,781.2,700,0,4200
LUPIN-III.NFO,07/01/2020,09:25:45,779.8,778.8,1400,780.7,700,0,4200
LUPIN-III.NFO,07/01/2020,09:25:59,779.8,778.45,1400,780.5,700,0,4200
LUPIN-III.NFO,07/01/2020,09:26:07,779.8,778.25,1400,780.2,700,0,4200
LUPIN-III.NFO,07/01/2020,09:26:14,779.8,778.95,700,781.55,700,0,4200
LUPIN-III.NFO,07/01/2020,09:26:20,779.8,779,700,780.95,700,0,4200
LUPIN-III.NFO,07/01/2020,09:26:26,779.8,779,700,780.85,700,0,4200
LUPIN-III.NFO,07/01/2020,09:26:31,779.8,779.3,700,781.55,700,0,4200
LUPIN-III.NFO,07/01/2020,09:26:37,779.8,779,1400,781.25,700,0,4200
LUPIN-III.NFO,07/01/2020,09:26:43,779.8,779.5,700,781.25,700,0,4200
LUPIN-III.NFO,07/01/2020,09:26:49,779.8,779.6,700,781.25,700,0,4200
LUPIN-III.NFO,07/01/2020,09:27:00,779.8,778.15,2800,780.95,700,0,4200
LUPIN-III.NFO,07/01/2020,09:27:06,779.8,778.45,700,780.45,700,0,4200
LUPIN-III.NFO,07/01/2020,09:27:11,779.8,778.55,1400,780.95,700,0,4200
LUPIN-III.NFO,07/01/2020,09:27:16,779.8,778.55,2100,780.55,700,0,4200
LUPIN-III.NFO,07/01/2020,09:27:28,779.8,778.25,1400,780.35,700,0,4200
LUPIN-III.NFO,07/01/2020,09:27:34,779.8,778.25,1400,780.25,700,0,4200
LUPIN-III.NFO,07/01/2020,09:27:46,779.8,778.35,1400,780.25,700,0,4200
LUPIN-III.NFO,07/01/2020,09:27:52,779.8,778.35,700,780.25,700,0,4200
LUPIN-III.NFO,07/01/2020,09:28:06,779.8,778.35,700,780.25,700,700,4200
LUPIN-III.NFO,07/01/2020,09:28:13,779.8,778.35,700,780.15,700,0,4200
LUPIN-III.NFO,07/01/2020,09:28:18,779.8,778.2,700,780.15,700,0,4200
LUPIN-III.NFO,07/01/2020,09:28:23,779.8,777.7,700,779.75,700,0,4200
LUPIN-III.NFO,07/01/2020,09:28:35,779.8,777.7,1400,779.65,700,0,4200
LUPIN-III.NFO,07/01/2020,09:28:40,779.8,777.7,1400,779.55,700,0,4200
LUPIN-III.NFO,07/01/2020,09:28:45,779.8,777.7,700,779.55,700,0,4200
LUPIN-III.NFO,07/01/2020,09:29:02,779.8,777.7,1400,779.55,700,0,4200
LUPIN-III.NFO,07/01/2020,09:29:07,779.8,777.9,2100,780.3,700,0,4200
LUPIN-III.NFO,07/01/2020,09:29:13,779.8,778.1,700,780,700,0,4200
LUPIN-III.NFO,07/01/2020,09:29:18,779.8,777.9,700,779.9,700,0,4200
LUPIN-III.NFO,07/01/2020,09:29:24,779.8,777.9,1400,779.9,700,0,4200
LUPIN-III.NFO,07/01/2020,09:29:30,779.8,778.1,700,779.9,700,0,4200
LUPIN-III.NFO,07/01/2020,09:30:08,779.8,777.15,2100,779.9,700,0,4200
LUPIN-III.NFO,07/01/2020,09:30:14,779.8,777.85,1400,779.9,700,0,4200
LUPIN-III.NFO,07/01/2020,09:30:19,779.8,778.25,1400,779.9,700,0,4200
LUPIN-III.NFO,07/01/2020,09:30:29,779.8,778.75,700,780.6,700,0,4200
LUPIN-III.NFO,07/01/2020,09:30:34,779.8,778.75,700,780.5,700,0,4200
LUPIN-III.NFO,07/01/2020,09:30:43,779.8,778.75,700,780.4,700,0,4200
LUPIN-III.NFO,07/01/2020,09:30:48,779.8,777.65,1400,780.4,700,0,4200
LUPIN-III.NFO,07/01/2020,09:30:54,779.8,778.25,1400,780.4,700,0,4200
LUPIN-III.NFO,07/01/2020,09:30:58,779.8,778.55,1400,780.4,700,0,4200
LUPIN-III.NFO,07/01/2020,09:31:04,779.8,779.35,700,781.25,700,0,4200
LUPIN-III.NFO,07/01/2020,09:31:10,779.8,779,700,781.15,700,0,4200
LUPIN-III.NFO,07/01/2020,09:31:16,779.8,779,1400,780.85,700,0,4200
LUPIN-III.NFO,07/01/2020,09:31:22,779.8,779,700,780.85,700,0,4200
LUPIN-III.NFO,07/01/2020,09:31:28,779.8,779,700,780.75,700,0,4200
LUPIN-III.NFO,07/01/2020,09:31:39,779.8,778.15,2100,781.5,700,0,4200
LUPIN-III.NFO,07/01/2020,09:31:45,779.8,778.15,2800,781.4,700,0,4200
LUPIN-III.NFO,07/01/2020,09:32:06,779.8,778.15,2100,781.4,700,0,4200
LUPIN-III.NFO,07/01/2020,09:32:12,779.8,778.15,2800,781.4,700,0,4200
LUPIN-III.NFO,07/01/2020,09:32:24,779.8,778.15,2100,781.4,700,0,4200
LUPIN-III.NFO,07/01/2020,09:32:30,779.8,778.15,2800,781.4,700,0,4200
LUPIN-III.NFO,07/01/2020,09:32:41,779.8,778.65,2100,781.4,700,0,4200
LUPIN-III.NFO,07/01/2020,09:32:47,779.8,779.25,2100,781.8,700,0,4200
LUPIN-III.NFO,07/01/2020,09:32:53,779.8,779.85,1400,781.7,700,0,4200
LUPIN-III.NFO,07/01/2020,09:32:58,779.8,780.05,700,781.7,700,0,4200
LUPIN-III.NFO,07/01/2020,09:33:04,779.8,780.25,700,781.7,700,0,4200
LUPIN-III.NFO,07/01/2020,09:33:16,779.8,779.75,1400,781.7,700,0,4200
LUPIN-III.NFO,07/01/2020,09:33:21,779.8,780.15,1400,781.7,700,0,4200
LUPIN-III.NFO,07/01/2020,09:33:36,779.8,780.25,700,781.7,700,0,4200
LUPIN-III.NFO,07/01/2020,09:33:41,779.8,780.25,1400,782.15,700,0,4200
LUPIN-III.NFO,07/01/2020,09:33:46,779.8,780.25,700,781.85,700,0,4200
LUPIN-III.NFO,07/01/2020,09:33:55,779.8,779.85,700,781.85,700,0,4200
LUPIN-III.NFO,07/01/2020,09:34:00,779.8,780.1,1400,781.85,700,0,4200
LUPIN-III.NFO,07/01/2020,09:34:05,779.8,779.25,700,781.75,700,0,4200
LUPIN-III.NFO,07/01/2020,09:34:10,779.8,779.65,1400,781.65,1400,0,4200
LUPIN-III.NFO,07/01/2020,09:34:16,779.8,779.65,700,781.65,1400,0,4200
LUPIN-III.NFO,07/01/2020,09:34:26,779.8,779.65,700,781.55,1400,0,4200
LUPIN-III.NFO,07/01/2020,09:34:32,779.8,779.25,700,781,700,0,4200
LUPIN-III.NFO,07/01/2020,09:34:38,779.8,779.15,700,782.85,3500,0,4200
LUPIN-III.NFO,07/01/2020,09:34:44,779.8,778.8,1400,782.85,4200,0,4200
LUPIN-III.NFO,07/01/2020,09:34:49,779.8,779,700,782.85,4200,0,4200
LUPIN-III.NFO,07/01/2020,09:35:00,779.8,779.4,700,781,1400,0,4200
LUPIN-III.NFO,07/01/2020,09:35:30,779.8,779.3,1400,782.5,2800,0,4200
LUPIN-III.NFO,07/01/2020,09:35:35,779.8,779.5,700,782.5,3500,0,4200
LUPIN-III.NFO,07/01/2020,09:35:40,779.8,779,700,782.5,3500,0,4200
LUPIN-III.NFO,07/01/2020,09:35:47,779.8,779,700,780.95,1400,0,4200
LUPIN-III.NFO,07/01/2020,09:35:54,779.8,779.05,700,781.25,1400,0,4200
LUPIN-III.NFO,07/01/2020,09:35:59,779.8,778.15,2100,781.15,1400,0,4200
LUPIN-III.NFO,07/01/2020,09:36:10,779.8,778.15,2800,781.15,1400,0,4200
LUPIN-III.NFO,07/01/2020,09:36:22,779.8,778.15,2800,780.95,1400,0,4200
LUPIN-III.NFO,07/01/2020,09:36:32,779.8,778.15,2800,780.95,700,0,4200
LUPIN-III.NFO,07/01/2020,09:36:36,779.8,778.15,2800,780.9,700,0,4200
LUPIN-III.NFO,07/01/2020,09:36:41,779.8,778.95,700,780.9,700,0,4200
LUPIN-III.NFO,07/01/2020,09:37:04,779.8,778.95,700,780.9,1400,0,4200
LUPIN-III.NFO,07/01/2020,09:37:09,779.8,778.95,700,780.8,1400,0,4200
LUPIN-III.NFO,07/01/2020,09:37:22,779.8,778.6,2100,780.75,700,0,4200
LUPIN-III.NFO,07/01/2020,09:37:27,779.8,778.7,700,780.75,700,0,4200
LUPIN-III.NFO,07/01/2020,09:37:36,779.8,778.4,1400,780.45,700,0,4200
LUPIN-III.NFO,07/01/2020,09:37:52,779.8,777.7,1400,780.25,1400,0,4200
LUPIN-III.NFO,07/01/2020,09:37:57,779.8,778.2,1400,780.25,1400,0,4200
LUPIN-III.NFO,07/01/2020,09:38:06,779.8,778.2,700,780.15,1400,0,4200
LUPIN-III.NFO,07/01/2020,09:38:10,779.8,778.2,700,780,700,0,4200
LUPIN-III.NFO,07/01/2020,09:38:27,779.8,778.3,700,780,700,0,4200
LUPIN-III.NFO,07/01/2020,09:38:31,779.8,777.8,1400,780.85,2100,0,4200
LUPIN-III.NFO,07/01/2020,09:38:36,779.8,778.1,1400,779.9,1400,0,4200
LUPIN-III.NFO,07/01/2020,09:38:40,779.8,777.35,1400,779.9,1400,0,4200
LUPIN-III.NFO,07/01/2020,09:38:44,779.8,777.75,2100,779.9,1400,0,4200
LUPIN-III.NFO,07/01/2020,09:38:49,779.8,778.25,1400,779.9,1400,0,4200
LUPIN-III.NFO,07/01/2020,09:38:58,779.8,777.05,2100,779.9,1400,0,4200
LUPIN-III.NFO,07/01/2020,09:39:06,779.8,777.05,2800,780.45,1400,0,4200
LUPIN-III.NFO,07/01/2020,09:39:10,779.8,777.05,2800,780.75,1400,0,4200
LUPIN-III.NFO,07/01/2020,09:39:24,779.8,777.05,2800,781.55,2100,0,4200
LUPIN-III.NFO,07/01/2020,09:39:29,779.8,777.05,2800,781.15,1400,0,4200
LUPIN-III.NFO,07/01/2020,09:39:34,779.8,777.05,2800,781.05,1400,0,4200
LUPIN-III.NFO,07/01/2020,09:39:58,779.8,777.05,2800,781.05,700,0,4200
LUPIN-III.NFO,07/01/2020,09:40:17,779.8,777.05,2800,781.05,1400,0,4200
LUPIN-III.NFO,07/01/2020,09:40:23,779.8,777.05,2800,781.05,700,0,4200
LUPIN-III.NFO,07/01/2020,09:40:43,779.8,777.05,2800,781.05,1400,0,4200
LUPIN-III.NFO,07/01/2020,09:40:47,779.8,777.05,2800,781.05,700,0,4200
LUPIN-III.NFO,07/01/2020,09:41:01,779.8,777.05,2800,781.4,1400,0,4200
LUPIN-III.NFO,07/01/2020,09:41:07,779.8,777.05,2800,781.3,1400,0,4200
LUPIN-III.NFO,07/01/2020,09:41:12,779.8,777.05,2800,781.2,1400,0,4200
LUPIN-III.NFO,07/01/2020,09:41:21,779.8,777.05,2800,781,1400,0,4200
LUPIN-III.NFO,07/01/2020,09:41:26,779.8,777.05,2800,781,700,0,4200
LUPIN-III.NFO,07/01/2020,09:41:31,779.8,777.05,2800,781,1400,0,4200
LUPIN-III.NFO,07/01/2020,09:41:36,779.8,777.05,2800,780.8,1400,0,4200
LUPIN-III.NFO,07/01/2020,09:41:40,779.8,777.05,2800,782.05,2800,0,4200
LUPIN-III.NFO,07/01/2020,09:41:45,779.8,777.05,2800,781.1,1400,0,4200
LUPIN-III.NFO,07/01/2020,09:42:03,779.8,777.05,2800,781,1400,0,4200
LUPIN-III.NFO,07/01/2020,09:42:10,779.8,777.05,2800,781.1,1400,0,4200
LUPIN-III.NFO,07/01/2020,09:42:43,779.8,777.05,2800,780.5,1400,0,4200
LUPIN-III.NFO,07/01/2020,09:42:56,779.8,777.05,2800,780.1,1400,0,4200
LUPIN-III.NFO,07/01/2020,09:43:02,779.8,777.05,2800,780,1400,0,4200
LUPIN-III.NFO,07/01/2020,09:43:47,779.8,777.05,2800,780.05,700,0,4200
LUPIN-III.NFO,07/01/2020,09:45:04,779.8,777.05,2800,780.9,1400,0,4200
LUPIN-III.NFO,07/01/2020,09:45:17,779.8,777.05,2800,781.25,1400,0,4200
LUPIN-III.NFO,07/01/2020,09:45:42,779.8,777.05,2800,781.15,1400,0,4200
LUPIN-III.NFO,07/01/2020,09:45:52,779.8,777.05,2800,781.5,700,0,4200
LUPIN-III.NFO,07/01/2020,09:45:58,779.8,777.05,2800,781.1,1400,0,4200
LUPIN-III.NFO,07/01/2020,09:46:04,779.8,777.05,2800,781,700,0,4200
LUPIN-III.NFO,07/01/2020,09:46:09,779.8,777.05,2800,781,1400,0,4200
LUPIN-III.NFO,07/01/2020,09:46:14,779.8,777.05,2800,781.95,2800,0,4200
LUPIN-III.NFO,07/01/2020,09:46:19,779.8,777.05,2800,781.45,2100,0,4200
LUPIN-III.NFO,07/01/2020,09:46:24,779.8,777.05,2800,780.95,1400,0,4200
LUPIN-III.NFO,07/01/2020,09:46:29,779.8,777.05,2800,780.45,1400,0,4200
LUPIN-III.NFO,07/01/2020,09:46:34,779.8,777.05,2800,780.1,1400,0,4200
LUPIN-III.NFO,07/01/2020,09:47:23,779.8,777.45,1400,780.1,2100,0,4200
LUPIN-III.NFO,07/01/2020,09:47:28,779.8,777.95,1400,780.45,1400,0,4200
LUPIN-III.NFO,07/01/2020,09:47:33,779.8,778.45,1400,780.2,700,0,4200
LUPIN-III.NFO,07/01/2020,09:47:38,779.8,778.75,700,780.1,1400,0,4200
LUPIN-III.NFO,07/01/2020,09:48:02,779.8,778.85,1400,781.4,1400,0,4200
LUPIN-III.NFO,07/01/2020,09:48:06,779.8,778.55,700,781,1400,0,4200
LUPIN-III.NFO,07/01/2020,09:48:10,779.8,778.75,700,780.6,700,0,4200
LUPIN-III.NFO,07/01/2020,09:48:14,779.8,778.75,700,780.55,1400,0,4200
LUPIN-III.NFO,07/01/2020,09:48:26,779.8,778.85,700,780.6,700,0,4200
LUPIN-III.NFO,07/01/2020,09:48:29,779.8,778.85,700,780.6,1400,0,4200
LUPIN-III.NFO,07/01/2020,09:48:38,779.8,778.65,700,780.6,2100,0,4200
LUPIN-III.NFO,07/01/2020,09:48:42,779.8,778.75,700,780.6,2100,0,4200
LUPIN-III.NFO,07/01/2020,09:49:03,779.8,778.85,700,780.6,2100,0,4200
LUPIN-III.NFO,07/01/2020,09:49:08,779.8,778.95,700,780.6,1400,0,4200
LUPIN-III.NFO,07/01/2020,09:49:18,779.8,778.65,1400,780.6,1400,0,4200
LUPIN-III.NFO,07/01/2020,09:49:23,779.8,778.95,700,780.6,1400,0,4200
LUPIN-III.NFO,07/01/2020,09:49:39,779.8,778.25,1400,780.6,2100,0,4200
LUPIN-III.NFO,07/01/2020,09:49:45,779.8,778.85,1400,780.6,1400,0,4200
LUPIN-III.NFO,07/01/2020,09:50:04,779.8,779.35,1400,781.4,1400,0,4200
LUPIN-III.NFO,07/01/2020,09:50:10,779.8,779.65,700,781.4,1400,0,4200
LUPIN-III.NFO,07/01/2020,09:50:30,779.8,779.65,700,781.4,2100,0,4200
LUPIN-III.NFO,07/01/2020,09:50:51,779.8,778.75,1400,781.4,2100,0,4200
LUPIN-III.NFO,07/01/2020,09:50:56,779.8,779.25,1400,781.4,2100,0,4200
LUPIN-III.NFO,07/01/2020,09:51:01,779.8,779.35,700,781.4,2100,0,4200
LUPIN-III.NFO,07/01/2020,09:51:16,779.8,779.35,700,781.4,2800,0,4200
LUPIN-III.NFO,07/01/2020,09:51:32,779.8,778.15,1400,781.1,1400,0,4200
LUPIN-III.NFO,07/01/2020,09:51:37,779.8,778.35,1400,780.4,1400,0,4200
LUPIN-III.NFO,07/01/2020,09:51:41,779.8,778.35,1400,780.25,1400,0,4200
LUPIN-III.NFO,07/01/2020,09:51:46,779.8,778.65,1400,780.35,700,0,4200
LUPIN-III.NFO,07/01/2020,09:51:50,779.8,778.75,700,780.7,1400,0,4200
LUPIN-III.NFO,07/01/2020,09:51:54,779.8,778.75,700,780.45,1400,0,4200
LUPIN-III.NFO,07/01/2020,09:52:06,779.8,778.75,700,780.35,700,0,4200
LUPIN-III.NFO,07/01/2020,09:52:10,779.8,778.3,700,781.1,1400,0,4200
LUPIN-III.NFO,07/01/2020,09:52:14,779.8,778.15,1400,780.2,2100,0,4200
LUPIN-III.NFO,07/01/2020,09:52:19,779.8,778.35,700,780.2,1400,0,4200
LUPIN-III.NFO,07/01/2020,09:52:23,779.8,778.35,700,780.2,2100,0,4200
LUPIN-III.NFO,07/01/2020,09:52:33,779.8,778.15,700,780.2,2100,0,4200
LUPIN-III.NFO,07/01/2020,09:52:42,779.8,778.15,700,780.2,2800,0,4200
LUPIN-III.NFO,07/01/2020,09:52:46,779.8,777.85,700,780.2,2800,0,4200
LUPIN-III.NFO,07/01/2020,09:52:50,779.8,777.85,700,780.2,2100,0,4200
LUPIN-III.NFO,07/01/2020,09:52:54,779.8,777.95,1400,780.2,2800,0,4200
LUPIN-III.NFO,07/01/2020,09:53:02,779.8,778.15,700,780.2,2100,0,4200
LUPIN-III.NFO,07/01/2020,09:53:08,779.8,778.15,2100,781.75,2800,0,4200
LUPIN-III.NFO,07/01/2020,09:53:14,779.8,778.55,700,780.25,1400,0,4200
LUPIN-III.NFO,07/01/2020,09:53:19,779.8,778.75,700,781.5,1400,0,4200
LUPIN-III.NFO,07/01/2020,09:53:24,779.8,778.75,700,780.9,1400,0,4200
LUPIN-III.NFO,07/01/2020,09:53:29,779.8,778.75,700,780.35,700,0,4200
LUPIN-III.NFO,07/01/2020,09:54:02,779.8,778.85,1400,781.15,1400,0,4200
LUPIN-III.NFO,07/01/2020,09:54:06,779.8,778.85,1400,780.7,1400,0,4200
LUPIN-III.NFO,07/01/2020,09:54:11,779.8,777.55,1400,780.7,2100,0,4200
LUPIN-III.NFO,07/01/2020,09:54:15,779.8,777.95,1400,780.7,1400,0,4200
LUPIN-III.NFO,07/01/2020,09:54:20,779.8,778.55,1400,780.7,1400,0,4200
LUPIN-III.NFO,07/01/2020,09:54:24,779.8,778.75,1400,780.7,1400,0,4200
LUPIN-III.NFO,07/01/2020,09:54:43,779.8,778.95,1400,780.7,700,0,4200
LUPIN-III.NFO,07/01/2020,09:54:47,779.8,779,1400,781.3,1400,0,4200
LUPIN-III.NFO,07/01/2020,09:54:52,779.8,778.9,1400,781.35,2100,0,4200
LUPIN-III.NFO,07/01/2020,09:54:57,779.8,779,1400,781.35,2100,0,4200
LUPIN-III.NFO,07/01/2020,09:55:01,779.8,780,700,781.35,2100,0,4200
LUPIN-III.NFO,07/01/2020,09:55:06,779.8,780,700,781.35,700,0,4200
LUPIN-III.NFO,07/01/2020,09:55:11,779.8,780,700,781.15,2100,0,4200
LUPIN-III.NFO,07/01/2020,09:55:40,779.8,780,700,781.95,2100,0,4200
LUPIN-III.NFO,07/01/2020,09:55:45,779.8,780,700,781.45,1400,0,4200
LUPIN-III.NFO,07/01/2020,09:55:49,779.8,780,700,781.3,700,0,4200
LUPIN-III.NFO,07/01/2020,09:55:59,779.8,780,700,781.05,1400,0,4200
LUPIN-III.NFO,07/01/2020,09:56:04,779.8,780,700,780.7,700,0,4200
LUPIN-III.NFO,07/01/2020,09:56:14,779.8,780,700,780.7,1400,0,4200
LUPIN-III.NFO,07/01/2020,09:56:19,779.8,780,700,780.65,700,0,4200
LUPIN-III.NFO,07/01/2020,09:56:25,779.8,780,700,780.75,1400,0,4200
LUPIN-III.NFO,07/01/2020,09:56:36,779.8,777.95,2100,780.75,1400,0,4200
LUPIN-III.NFO,07/01/2020,09:56:41,779.8,778.55,1400,780.75,1400,0,4200
LUPIN-III.NFO,07/01/2020,09:56:45,779.8,778.95,700,780.75,1400,0,4200
LUPIN-III.NFO,07/01/2020,09:56:49,779.8,778.95,700,780.75,2100,0,4200
LUPIN-III.NFO,07/01/2020,09:56:53,779.8,778.95,700,780.75,1400,0,4200
LUPIN-III.NFO,07/01/2020,09:57:03,779.8,778.65,700,780.75,2100,0,4200
LUPIN-III.NFO,07/01/2020,09:57:07,779.8,778.85,700,780.75,1400,0,4200
LUPIN-III.NFO,07/01/2020,09:57:19,779.8,778.05,2100,780.75,2100,0,4200
LUPIN-III.NFO,07/01/2020,09:57:24,779.8,778.75,700,780.65,1400,0,4200
LUPIN-III.NFO,07/01/2020,09:57:32,779.8,777.05,2100,780.65,1400,0,4200
LUPIN-III.NFO,07/01/2020,09:57:36,779.8,777.05,2100,781.75,2100,0,4200
LUPIN-III.NFO,07/01/2020,09:57:40,779.8,777.05,2100,781.25,1400,0,4200
LUPIN-III.NFO,07/01/2020,09:57:44,779.8,777.05,2100,780.85,1400,0,4200
LUPIN-III.NFO,07/01/2020,09:57:48,779.8,777.05,2100,780.5,1400,0,4200
LUPIN-III.NFO,07/01/2020,09:57:53,779.8,777.05,2100,781.8,2100,0,4200
LUPIN-III.NFO,07/01/2020,09:57:58,779.8,777.05,2100,781.2,1400,0,4200
LUPIN-III.NFO,07/01/2020,09:58:03,779.8,777.05,2100,780.6,700,0,4200
LUPIN-III.NFO,07/01/2020,09:58:07,779.8,777.05,2100,780.45,700,0,4200
LUPIN-III.NFO,07/01/2020,09:58:16,779.8,777.05,2100,780.5,700,0,4200
LUPIN-III.NFO,07/01/2020,09:58:20,779.8,777.05,2100,780.55,1400,0,4200
LUPIN-III.NFO,07/01/2020,09:58:25,779.8,777.05,2100,780.95,1400,0,4200
LUPIN-III.NFO,07/01/2020,09:58:30,779.8,777.05,2100,780.5,1400,0,4200
LUPIN-III.NFO,07/01/2020,09:58:42,779.8,777.05,2100,780.65,1400,0,4200
LUPIN-III.NFO,07/01/2020,09:58:48,779.8,777.05,2100,780.65,700,0,4200
LUPIN-III.NFO,07/01/2020,09:58:54,779.8,777.05,2100,780.65,1400,0,4200
LUPIN-III.NFO,07/01/2020,09:58:59,779.8,777.05,2100,780.65,700,0,4200
LUPIN-III.NFO,07/01/2020,09:59:05,779.8,777.05,2100,780.6,1400,0,4200
LUPIN-III.NFO,07/01/2020,09:59:11,779.8,777.05,2100,780.7,700,0,4200
LUPIN-III.NFO,07/01/2020,09:59:17,779.8,777.05,2100,780.4,700,0,4200
LUPIN-III.NFO,07/01/2020,09:59:27,779.8,777.05,2100,780.4,1400,0,4200
LUPIN-III.NFO,07/01/2020,09:59:32,779.8,777.05,2100,780.4,700,0,4200
LUPIN-III.NFO,07/01/2020,09:59:38,779.8,777.05,2100,781.15,1400,0,4200
LUPIN-III.NFO,07/01/2020,09:59:44,779.8,777.05,2100,780.6,1400,0,4200
LUPIN-III.NFO,07/01/2020,10:00:05,779.8,777.05,2100,781.45,1400,0,4200
LUPIN-III.NFO,07/01/2020,10:00:16,779.8,777.05,2100,781.45,700,0,4200
LUPIN-III.NFO,07/01/2020,10:00:21,779.8,777.05,2100,781.45,2100,0,4200
LUPIN-III.NFO,07/01/2020,10:00:32,779.8,777.05,2100,779.75,1400,0,4200
LUPIN-III.NFO,07/01/2020,10:00:51,779.8,777.05,2100,779.75,2100,0,4200
LUPIN-III.NFO,07/01/2020,10:01:04,779.75,777.05,2100,779.6,1400,700,4900
LUPIN-III.NFO,07/01/2020,10:01:04,779.75,777.05,2100,779.6,1400,0,4900
LUPIN-III.NFO,07/01/2020,10:01:47,779.75,774.7,1400,779.6,2100,0,4900
LUPIN-III.NFO,07/01/2020,10:01:52,779.75,775.3,1400,779.6,2100,0,4900
LUPIN-III.NFO,07/01/2020,10:01:57,779.75,775.9,1400,779.2,1400,0,4900
LUPIN-III.NFO,07/01/2020,10:02:08,779.75,777,1400,780.5,3500,0,4900
LUPIN-III.NFO,07/01/2020,10:02:14,779.75,775,1400,780.5,2800,0,4900
LUPIN-III.NFO,07/01/2020,10:02:19,779.75,775.5,1400,780.5,2100,0,4900
LUPIN-III.NFO,07/01/2020,10:02:24,779.75,776,1400,780.2,2100,0,4900
LUPIN-III.NFO,07/01/2020,10:02:29,779.75,776.7,1400,779.55,1400,0,4900
LUPIN-III.NFO,07/01/2020,10:02:35,779.75,777.3,1400,780.3,1400,0,4900
LUPIN-III.NFO,07/01/2020,10:02:41,779.75,777.7,1400,779.65,1400,0,4900
LUPIN-III.NFO,07/01/2020,10:02:47,779.75,777.8,1400,780.35,2100,0,4900
LUPIN-III.NFO,07/01/2020,10:02:51,779.75,777.8,700,780.05,1400,0,4900
LUPIN-III.NFO,07/01/2020,10:02:57,779.75,777.8,700,779.6,1400,0,4900
LUPIN-III.NFO,07/01/2020,10:03:21,779.75,777.8,700,779.6,700,0,4900
LUPIN-III.NFO,07/01/2020,10:03:25,779.75,777.8,700,779.6,2100,0,4900
LUPIN-III.NFO,07/01/2020,10:03:43,779.75,774.9,1400,779.6,2100,0,4900
LUPIN-III.NFO,07/01/2020,10:03:48,779.75,775.4,1400,779.6,2100,0,4900
LUPIN-III.NFO,07/01/2020,10:03:52,779.75,775.9,1400,779.6,2100,0,4900
LUPIN-III.NFO,07/01/2020,10:03:57,779.75,777.6,1400,779.6,2100,0,4900
LUPIN-III.NFO,07/01/2020,10:04:03,779.75,777.7,700,779.6,2100,0,4900
LUPIN-III.NFO,07/01/2020,10:04:20,779.75,777.7,700,779.65,1400,0,4900
LUPIN-III.NFO,07/01/2020,10:04:24,779.75,777.7,700,780.7,1400,0,4900
LUPIN-III.NFO,07/01/2020,10:04:28,779.75,777.7,700,779.9,1400,0,4900
LUPIN-III.NFO,07/01/2020,10:04:33,779.75,777.7,700,779.4,700,0,4900
LUPIN-III.NFO,07/01/2020,10:04:38,779.75,777.7,700,780.3,2100,0,4900
LUPIN-III.NFO,07/01/2020,10:04:43,779.75,777.7,700,779.5,1400,0,4900
LUPIN-III.NFO,07/01/2020,10:04:48,779.75,777.7,700,779.15,1400,0,4900
LUPIN-III.NFO,07/01/2020,10:04:52,779.75,777.7,700,780.2,2100,0,4900
LUPIN-III.NFO,07/01/2020,10:04:56,779.75,777.7,700,779.7,1400,0,4900
LUPIN-III.NFO,07/01/2020,10:05:01,779.75,777.7,700,779.2,1400,0,4900
LUPIN-III.NFO,07/01/2020,10:05:06,779.75,774.7,1400,779.15,2100,0,4900
LUPIN-III.NFO,07/01/2020,10:05:10,779.75,775.2,1400,779.15,2100,0,4900
LUPIN-III.NFO,07/01/2020,10:05:14,779.75,775.7,1400,779.15,2100,0,4900
LUPIN-III.NFO,07/01/2020,10:05:19,779.75,776.2,1400,779.15,2100,0,4900
LUPIN-III.NFO,07/01/2020,10:05:23,779.75,776.6,1400,779.15,2100,0,4900
LUPIN-III.NFO,07/01/2020,10:05:27,779.75,776.8,1400,779.15,2100,0,4900
LUPIN-III.NFO,07/01/2020,10:05:33,779.75,776.8,700,779.15,2100,0,4900
LUPIN-III.NFO,07/01/2020,10:05:39,779.75,776.6,1400,778.3,1400,0,4900
LUPIN-III.NFO,07/01/2020,10:06:02,779.75,776.6,700,778.3,700,0,4900
LUPIN-III.NFO,07/01/2020,10:06:07,779.75,776.6,700,778.3,1400,0,4900
LUPIN-III.NFO,07/01/2020,10:06:12,779.75,776.7,700,779.9,3500,0,4900
LUPIN-III.NFO,07/01/2020,10:06:29,779.75,776.7,700,779.2,1400,0,4900
LUPIN-III.NFO,07/01/2020,10:06:35,779.75,776.7,700,778.6,1400,0,4900
LUPIN-III.NFO,07/01/2020,10:06:40,779.75,776.7,700,778.05,1400,0,4900
LUPIN-III.NFO,07/01/2020,10:06:45,779.75,776,700,777.6,2100,0,4900
LUPIN-III.NFO,07/01/2020,10:06:51,779.75,776,700,777.9,700,0,4900
LUPIN-III.NFO,07/01/2020,10:06:57,779.75,775.2,1400,777.4,1400,0,4900
LUPIN-III.NFO,07/01/2020,10:07:02,779.75,775.5,1400,777.15,1400,0,4900
LUPIN-III.NFO,07/01/2020,10:07:14,779.75,775.9,700,777.65,700,0,4900
LUPIN-III.NFO,07/01/2020,10:07:19,779.75,774.9,1400,777.4,1400,0,4900
LUPIN-III.NFO,07/01/2020,10:07:25,779.75,775.6,700,777.4,1400,0,4900
LUPIN-III.NFO,07/01/2020,10:07:31,779.75,775.6,700,777.15,1400,0,4900
LUPIN-III.NFO,07/01/2020,10:07:51,779.75,775.7,700,777.5,700,0,4900
LUPIN-III.NFO,07/01/2020,10:07:56,779.75,775.7,700,777.45,700,0,4900
LUPIN-III.NFO,07/01/2020,10:08:05,779.75,774.7,1400,778.35,2800,0,4900
LUPIN-III.NFO,07/01/2020,10:08:09,779.75,774.9,1400,777.85,2100,0,4900
LUPIN-III.NFO,07/01/2020,10:08:14,779.75,774.9,1400,776.65,1400,0,4900
LUPIN-III.NFO,07/01/2020,10:08:19,779.75,775,700,776.5,700,0,4900
LUPIN-III.NFO,07/01/2020,10:08:23,779.75,775.1,700,776.5,700,0,4900
LUPIN-III.NFO,07/01/2020,10:08:28,779.75,774.9,1400,776.5,700,0,4900
LUPIN-III.NFO,07/01/2020,10:08:33,779.75,774.7,1400,778.65,3500,0,4900
LUPIN-III.NFO,07/01/2020,10:08:38,779.75,775.3,1400,778.65,3500,0,4900
LUPIN-III.NFO,07/01/2020,10:08:44,779.75,775.4,1400,778.65,3500,0,4900
LUPIN-III.NFO,07/01/2020,10:09:05,779.75,775.4,700,778.65,3500,0,4900
LUPIN-III.NFO,07/01/2020,10:09:57,779.75,775.4,1400,778.65,3500,0,4900
LUPIN-III.NFO,07/01/2020,10:10:02,779.75,775.5,1400,778.65,2800,0,4900
LUPIN-III.NFO,07/01/2020,10:10:21,779.75,775.5,700,778.65,2800,0,4900
LUPIN-III.NFO,07/01/2020,10:10:28,779.75,775.5,700,778.65,3500,0,4900
LUPIN-III.NFO,07/01/2020,10:11:33,779.75,775.5,1400,778.65,3500,0,4900
LUPIN-III.NFO,07/01/2020,10:11:54,779.75,775.6,700,778.65,3500,0,4900
LUPIN-III.NFO,07/01/2020,10:11:59,779.75,775.7,700,778.65,2800,0,4900
LUPIN-III.NFO,07/01/2020,10:12:05,779.75,775.7,700,778.65,3500,0,4900
LUPIN-III.NFO,07/01/2020,10:12:55,779.75,775.7,1400,778.65,3500,0,4900
LUPIN-III.NFO,07/01/2020,10:13:01,779.75,775.7,700,778.65,3500,0,4900
LUPIN-III.NFO,07/01/2020,10:13:27,779.75,774.9,1400,777.85,2100,0,4900
LUPIN-III.NFO,07/01/2020,10:13:31,779.75,775.3,1400,777.35,1400,0,4900
LUPIN-III.NFO,07/01/2020,10:13:35,779.75,775.3,1400,776.95,700,0,4900
LUPIN-III.NFO,07/01/2020,10:13:39,779.75,775.3,1400,776.9,1400,0,4900
LUPIN-III.NFO,07/01/2020,10:13:50,779.75,775.4,700,776.9,1400,0,4900
LUPIN-III.NFO,07/01/2020,10:14:00,779.75,775.4,700,778.4,2100,0,4900
LUPIN-III.NFO,07/01/2020,10:14:05,779.75,775.5,700,777.9,2100,0,4900
LUPIN-III.NFO,07/01/2020,10:14:10,779.75,775.5,700,777.4,1400,0,4900
LUPIN-III.NFO,07/01/2020,10:14:14,779.75,775.5,700,777.05,700,0,4900
LUPIN-III.NFO,07/01/2020,10:14:20,779.75,775.5,700,777.05,1400,0,4900
LUPIN-III.NFO,07/01/2020,10:14:26,779.75,775.5,700,776.95,700,0,4900
LUPIN-III.NFO,07/01/2020,10:14:31,779.75,775.6,700,778.95,3500,0,4900
LUPIN-III.NFO,07/01/2020,10:15:01,779.75,774.8,1400,778.65,2800,0,4900
LUPIN-III.NFO,07/01/2020,10:15:11,779.75,774.6,1400,777.45,1400,0,4900
LUPIN-III.NFO,07/01/2020,10:15:16,779.75,775,700,776.85,700,0,4900
LUPIN-III.NFO,07/01/2020,10:15:22,779.75,775,700,776.7,700,0,4900
LUPIN-III.NFO,07/01/2020,10:15:26,779.75,775.6,700,778.95,2800,0,4900
LUPIN-III.NFO,07/01/2020,10:15:31,779.75,775.6,700,778.95,3500,0,4900
LUPIN-III.NFO,07/01/2020,10:15:46,779.75,774.8,1400,778.95,4200,0,4900
LUPIN-III.NFO,07/01/2020,10:15:52,779.75,774.95,1400,777.5,1400,0,4900
LUPIN-III.NFO,07/01/2020,10:15:57,779.75,774.95,1400,776.9,1400,0,4900
LUPIN-III.NFO,07/01/2020,10:16:02,779.75,774.95,1400,776.85,1400,0,4900
LUPIN-III.NFO,07/01/2020,10:16:07,779.75,774.6,700,776.55,700,0,4900
LUPIN-III.NFO,07/01/2020,10:16:11,779.75,774.7,700,776.5,1400,0,4900
LUPIN-III.NFO,07/01/2020,10:16:24,779.75,774.7,700,777.65,2800,0,4900
LUPIN-III.NFO,07/01/2020,10:16:29,779.75,774.6,1400,777.05,1400,0,4900
LUPIN-III.NFO,07/01/2020,10:16:34,779.75,774.6,700,776.7,2100,0,4900
LUPIN-III.NFO,07/01/2020,10:16:54,779.75,774.7,700,776.7,2100,0,4900
LUPIN-III.NFO,07/01/2020,10:17:23,779.75,774.5,1400,776.7,2100,0,4900
LUPIN-III.NFO,07/01/2020,10:17:27,779.75,774.6,700,776.7,2100,0,4900
LUPIN-III.NFO,07/01/2020,10:17:32,779.75,774.7,700,776.7,2100,0,4900
LUPIN-III.NFO,07/01/2020,10:18:01,779.75,774.8,700,776.55,700,0,4900
LUPIN-III.NFO,07/01/2020,10:18:05,779.75,774.8,700,777.1,2100,0,4900
LUPIN-III.NFO,07/01/2020,10:18:10,779.75,774.8,700,776.7,1400,0,4900
LUPIN-III.NFO,07/01/2020,10:18:14,779.75,774.8,700,776.3,700,0,4900
LUPIN-III.NFO,07/01/2020,10:18:18,779.75,774.6,700,776.5,2100,0,4900
LUPIN-III.NFO,07/01/2020,10:18:22,779.75,774.6,700,776.5,1400,0,4900
LUPIN-III.NFO,07/01/2020,10:18:46,779.75,774.6,700,776.5,2100,0,4900
LUPIN-III.NFO,07/01/2020,10:18:51,779.75,774.6,700,776.5,1400,0,4900
LUPIN-III.NFO,07/01/2020,10:18:56,779.75,774.6,700,776.5,2100,0,4900
LUPIN-III.NFO,07/01/2020,10:19:00,779.75,774.6,700,776.5,700,0,4900
LUPIN-III.NFO,07/01/2020,10:19:05,779.75,774.6,700,776.15,700,0,4900
LUPIN-III.NFO,07/01/2020,10:19:45,779.75,774.6,700,778,3500,0,4900
LUPIN-III.NFO,07/01/2020,10:20:02,779.75,774.6,700,777.5,2100,0,4900
LUPIN-III.NFO,07/01/2020,10:20:06,779.75,774.6,700,777.1,1400,0,4900
LUPIN-III.NFO,07/01/2020,10:20:09,779.75,774.6,700,776.7,1400,0,4900
LUPIN-III.NFO,07/01/2020,10:20:14,779.75,774.6,700,776.25,1400,0,4900
LUPIN-III.NFO,07/01/2020,10:20:23,779.75,774.6,700,776.25,700,0,4900
LUPIN-III.NFO,07/01/2020,10:20:28,779.75,774.6,700,776.25,1400,0,4900
LUPIN-III.NFO,07/01/2020,10:20:40,779.75,774.6,700,776.15,1400,0,4900
LUPIN-III.NFO,07/01/2020,10:20:45,779.75,774,1400,775.8,1400,0,4900
LUPIN-III.NFO,07/01/2020,10:21:03,779.75,774,1400,775.55,700,0,4900
LUPIN-III.NFO,07/01/2020,10:21:12,779.75,774,1400,775.55,1400,0,4900
LUPIN-III.NFO,07/01/2020,10:21:40,779.75,774,1400,776.65,1400,0,4900
LUPIN-III.NFO,07/01/2020,10:21:43,779.75,774,1400,776.45,1400,0,4900
LUPIN-III.NFO,07/01/2020,10:21:45,779.75,774,1400,776.05,1400,0,4900
LUPIN-III.NFO,07/01/2020,10:21:48,779.75,774,1400,775.75,700,0,4900
LUPIN-III.NFO,07/01/2020,10:21:51,779.75,769.05,2100,775.7,2100,0,4900
LUPIN-III.NFO,07/01/2020,10:21:55,779.75,769.55,2100,776.55,2800,0,4900
LUPIN-III.NFO,07/01/2020,10:21:58,779.75,769.85,2100,776.25,1400,0,4900
LUPIN-III.NFO,07/01/2020,10:22:01,779.75,770.6,1400,775.85,1400,0,4900
LUPIN-III.NFO,07/01/2020,10:22:04,779.75,770.9,1400,775.55,700,0,4900
LUPIN-III.NFO,07/01/2020,10:22:08,779.75,772.6,1400,775.5,700,0,4900
LUPIN-III.NFO,07/01/2020,10:22:12,779.75,773.1,1400,775.5,1400,0,4900
LUPIN-III.NFO,07/01/2020,10:22:16,779.75,773.4,1400,775.5,1400,0,4900
LUPIN-III.NFO,07/01/2020,10:22:19,779.75,773.8,700,775.75,700,0,4900
LUPIN-III.NFO,07/01/2020,10:22:22,779.75,773.8,700,775.7,1400,0,4900
LUPIN-III.NFO,07/01/2020,10:22:24,779.75,773.8,1400,775.7,1400,0,4900
LUPIN-III.NFO,07/01/2020,10:22:26,779.75,774,1400,775.85,700,0,4900
LUPIN-III.NFO,07/01/2020,10:22:28,779.75,774,1400,775.75,700,0,4900
LUPIN-III.NFO,07/01/2020,10:22:29,779.75,774,1400,775.7,700,0,4900
LUPIN-III.NFO,07/01/2020,10:22:34,779.75,774,1400,777.05,2800,0,4900
LUPIN-III.NFO,07/01/2020,10:22:36,779.75,774,1400,776.75,2100,0,4900
LUPIN-III.NFO,07/01/2020,10:22:39,779.75,774,1400,776.45,1400,0,4900
LUPIN-III.NFO,07/01/2020,10:22:45,779.75,774,1400,776.15,1400,0,4900
LUPIN-III.NFO,07/01/2020,10:22:51,779.75,774,1400,775.7,700,0,4900
LUPIN-III.NFO,07/01/2020,10:23:00,779.75,774.1,700,776.6,1400,0,4900
LUPIN-III.NFO,07/01/2020,10:23:05,779.75,774.1,700,776,700,0,4900
LUPIN-III.NFO,07/01/2020,10:23:10,779.75,774.1,700,775.95,700,0,4900
LUPIN-III.NFO,07/01/2020,10:23:18,779.75,774.1,700,777.3,2100,0,4900
LUPIN-III.NFO,07/01/2020,10:23:22,779.75,774.1,700,776.9,1400,0,4900
LUPIN-III.NFO,07/01/2020,10:23:26,779.75,774.1,700,776.5,1400,0,4900
LUPIN-III.NFO,07/01/2020,10:23:30,779.75,774.1,700,776.1,700,0,4900
LUPIN-III.NFO,07/01/2020,10:23:34,779.75,774.1,700,775.95,700,0,4900
LUPIN-III.NFO,07/01/2020,10:23:42,779.75,774.1,700,775.95,1400,0,4900
LUPIN-III.NFO,07/01/2020,10:23:46,779.75,774.1,700,776.6,1400,0,4900
LUPIN-III.NFO,07/01/2020,10:23:50,779.75,774.1,700,776,1400,0,4900
LUPIN-III.NFO,07/01/2020,10:23:57,779.75,774.2,700,776.85,2100,0,4900
LUPIN-III.NFO,07/01/2020,10:24:01,779.75,774.2,700,776.35,1400,0,4900
LUPIN-III.NFO,07/01/2020,10:24:05,779.75,774.2,700,776,1400,0,4900
LUPIN-III.NFO,07/01/2020,10:24:23,779.75,774.3,700,776,1400,0,4900
LUPIN-III.NFO,07/01/2020,10:24:27,779.75,774.3,1400,776,1400,0,4900
LUPIN-III.NFO,07/01/2020,10:24:30,779.75,774.4,700,776,1400,0,4900
LUPIN-III.NFO,07/01/2020,10:24:44,779.75,774.5,700,776,1400,0,4900
LUPIN-III.NFO,07/01/2020,10:24:56,779.75,771.05,1400,775.75,700,0,4900
LUPIN-III.NFO,07/01/2020,10:24:59,779.75,771.45,1400,776.8,1400,0,4900
LUPIN-III.NFO,07/01/2020,10:25:03,779.75,771.75,1400,776.5,2100,0,4900
LUPIN-III.NFO,07/01/2020,10:25:06,779.75,772.15,1400,775.7,1400,0,4900
LUPIN-III.NFO,07/01/2020,10:25:09,779.75,772.45,1400,775.65,700,0,4900
LUPIN-III.NFO,07/01/2020,10:25:12,779.75,772.75,1400,776.7,2100,0,4900
LUPIN-III.NFO,07/01/2020,10:25:15,779.75,773.15,1400,776.2,1400,0,4900
LUPIN-III.NFO,07/01/2020,10:25:23,779.75,773.95,1400,775.45,700,0,4900
LUPIN-III.NFO,07/01/2020,10:25:27,779.75,773.65,700,775.45,700,0,4900
LUPIN-III.NFO,07/01/2020,10:25:36,779.75,773.65,1400,775.2,1400,0,4900
LUPIN-III.NFO,07/01/2020,10:25:41,779.75,773.75,1400,775.1,700,0,4900
LUPIN-III.NFO,07/01/2020,10:26:14,779.75,773.75,1400,776.15,1400,0,4900
LUPIN-III.NFO,07/01/2020,10:26:18,779.75,773.75,1400,775.65,1400,0,4900
LUPIN-III.NFO,07/01/2020,10:26:21,779.75,773.75,1400,775.25,700,0,4900
LUPIN-III.NFO,07/01/2020,10:26:25,779.75,773.75,700,775.1,1400,0,4900
LUPIN-III.NFO,07/01/2020,10:26:34,779.75,772.95,1400,775.1,1400,0,4900
LUPIN-III.NFO,07/01/2020,10:26:38,779.75,772.95,1400,775.75,2100,0,4900
LUPIN-III.NFO,07/01/2020,10:26:41,779.75,772.95,1400,775.45,1400,0,4900
LUPIN-III.NFO,07/01/2020,10:26:45,779.75,772.95,1400,775.05,1400,0,4900
LUPIN-III.NFO,07/01/2020,10:26:48,779.75,772.95,700,774.65,700,0,4900
LUPIN-III.NFO,07/01/2020,10:26:52,779.75,772.95,1400,775.3,2100,0,4900
LUPIN-III.NFO,07/01/2020,10:26:56,779.75,773.15,700,775.3,2800,0,4900
LUPIN-III.NFO,07/01/2020,10:27:03,779.75,773.15,700,775.3,2100,0,4900
LUPIN-III.NFO,07/01/2020,10:27:07,779.75,773.15,700,774.9,1400,0,4900
LUPIN-III.NFO,07/01/2020,10:27:10,779.75,772.5,1400,774.6,1400,0,4900
LUPIN-III.NFO,07/01/2020,10:27:13,779.75,772.6,1400,774.25,1400,0,4900
LUPIN-III.NFO,07/01/2020,10:27:17,779.75,772.6,700,774.15,700,0,4900
LUPIN-III.NFO,07/01/2020,10:27:20,779.75,772.6,700,774.3,700,0,4900
LUPIN-III.NFO,07/01/2020,10:27:23,779.75,772.2,700,774,1400,0,4900
LUPIN-III.NFO,07/01/2020,10:27:27,779.75,767.85,2100,775.55,1400,0,4900
LUPIN-III.NFO,07/01/2020,10:27:34,779.75,768.65,2100,774.5,1400,0,4900
LUPIN-III.NFO,07/01/2020,10:27:37,779.75,768.95,2100,775.8,2100,0,4900
LUPIN-III.NFO,07/01/2020,10:27:41,779.75,769.35,2100,775.4,1400,0,4900
LUPIN-III.NFO,07/01/2020,10:27:45,779.75,769.75,2100,775.95,1400,0,4900
LUPIN-III.NFO,07/01/2020,10:27:49,779.75,770.25,2100,775.45,700,0,4900
LUPIN-III.NFO,07/01/2020,10:27:52,779.75,770.55,1400,775.3,1400,0,4900
LUPIN-III.NFO,07/01/2020,10:27:55,779.75,770.85,1400,775.9,1400,0,4900
LUPIN-III.NFO,07/01/2020,10:28:01,779.75,771.55,1400,775.45,1400,0,4900
LUPIN-III.NFO,07/01/2020,10:28:04,779.75,771.85,1400,775.45,1400,0,4900
LUPIN-III.NFO,07/01/2020,10:28:07,779.75,772.15,1400,775.45,1400,0,4900
LUPIN-III.NFO,07/01/2020,10:28:10,779.75,772.55,1400,775.45,1400,0,4900
LUPIN-III.NFO,07/01/2020,10:28:14,779.75,772.95,1400,775.45,1400,0,4900
LUPIN-III.NFO,07/01/2020,10:28:17,779.75,773.25,1400,775.2,700,0,4900
LUPIN-III.NFO,07/01/2020,10:28:20,779.75,773.55,1400,775.2,700,0,4900
LUPIN-III.NFO,07/01/2020,10:28:23,779.75,773.75,1400,775.2,700,0,4900
LUPIN-III.NFO,07/01/2020,10:28:34,779.75,773.75,1400,775.3,1400,0,4900
LUPIN-III.NFO,07/01/2020,10:28:44,779.75,773.85,700,775.3,1400,0,4900
LUPIN-III.NFO,07/01/2020,10:28:57,779.75,770,1400,774.75,1400,0,4900
LUPIN-III.NFO,07/01/2020,10:29:00,779.75,770.3,1400,774.75,1400,0,4900
LUPIN-III.NFO,07/01/2020,10:29:03,779.75,770.7,1400,774.75,2100,0,4900
LUPIN-III.NFO,07/01/2020,10:29:06,779.75,771,1400,774.75,1400,0,4900
LUPIN-III.NFO,07/01/2020,10:29:09,779.75,771.3,1400,774.75,1400,0,4900
LUPIN-III.NFO,07/01/2020,10:29:12,779.75,771.6,1400,776.4,2800,0,4900
LUPIN-III.NFO,07/01/2020,10:29:15,779.75,771.9,1400,775.9,1400,0,4900
LUPIN-III.NFO,07/01/2020,10:29:19,779.75,772.3,1400,775.4,1400,0,4900
LUPIN-III.NFO,07/01/2020,10:29:22,779.75,772.7,1400,775.15,1400,0,4900
LUPIN-III.NFO,07/01/2020,10:29:25,779.75,773,1400,775.1,700,0,4900
LUPIN-III.NFO,07/01/2020,10:29:29,779.75,767.8,2100,774.9,1400,0,4900
LUPIN-III.NFO,07/01/2020,10:29:35,779.75,768.5,2100,774.25,1400,0,4900
LUPIN-III.NFO,07/01/2020,10:29:38,779.75,768.8,2100,774.25,1400,0,4900
LUPIN-III.NFO,07/01/2020,10:29:41,779.75,769.2,2100,775.1,1400,0,4900
LUPIN-III.NFO,07/01/2020,10:29:45,779.75,769.6,2100,776.15,3500,0,4900
LUPIN-III.NFO,07/01/2020,10:29:47,779.75,769.8,1400,776.15,2800,0,4900
LUPIN-III.NFO,07/01/2020,10:29:50,779.75,770.1,1400,776.15,3500,0,4900
LUPIN-III.NFO,07/01/2020,10:29:52,779.75,770.3,1400,776.15,3500,0,4900
LUPIN-III.NFO,07/01/2020,10:29:54,779.75,770.6,1400,776.15,3500,0,4900
LUPIN-III.NFO,07/01/2020,10:29:57,779.75,770.8,1400,776.15,3500,0,4900
LUPIN-III.NFO,07/01/2020,10:30:00,779.75,771.2,1400,776.15,3500,0,4900
LUPIN-III.NFO,07/01/2020,10:30:03,779.75,771.5,1400,776.15,3500,0,4900
LUPIN-III.NFO,07/01/2020,10:30:06,779.75,771.9,1400,776.15,3500,0,4900
LUPIN-III.NFO,07/01/2020,10:30:09,779.75,772.1,1400,776.15,2800,0,4900
LUPIN-III.NFO,07/01/2020,10:30:11,779.75,772.4,1400,776.15,3500,0,4900
LUPIN-III.NFO,07/01/2020,10:30:14,779.75,772.7,1400,775.85,1400,0,4900
LUPIN-III.NFO,07/01/2020,10:30:19,779.75,773,700,775.35,1400,0,4900
LUPIN-III.NFO,07/01/2020,10:30:21,779.75,770.05,1400,775.15,700,0,4900
LUPIN-III.NFO,07/01/2020,10:30:22,779.75,770.25,1400,775.1,1400,0,4900
LUPIN-III.NFO,07/01/2020,10:30:25,779.75,770.55,1400,774.8,700,0,4900
LUPIN-III.NFO,07/01/2020,10:30:28,779.75,770.85,1400,775.2,1400,0,4900
LUPIN-III.NFO,07/01/2020,10:30:35,779.75,771.65,1400,774.55,700,0,4900
LUPIN-III.NFO,07/01/2020,10:30:38,779.75,772.05,1400,774.55,700,0,4900
LUPIN-III.NFO,07/01/2020,10:30:41,779.75,772.25,1400,774.75,700,0,4900
LUPIN-III.NFO,07/01/2020,10:30:44,779.75,772.65,1400,774.7,1400,0,4900
LUPIN-III.NFO,07/01/2020,10:30:48,779.75,772,1400,774.7,2100,0,4900
LUPIN-III.NFO,07/01/2020,10:30:55,779.75,772,1400,774.7,2800,0,4900
LUPIN-III.NFO,07/01/2020,10:31:01,779.75,772.2,1400,774.7,2100,0,4900
LUPIN-III.NFO,07/01/2020,10:31:04,779.75,772.8,700,774.7,2100,0,4900
LUPIN-III.NFO,07/01/2020,10:31:13,779.75,772.8,700,774.7,1400,0,4900
LUPIN-III.NFO,07/01/2020,10:31:16,779.75,770.95,1400,774.7,2100,0,4900
LUPIN-III.NFO,07/01/2020,10:31:17,779.75,771.05,1400,774.7,2100,0,4900
LUPIN-III.NFO,07/01/2020,10:31:18,779.75,771.15,1400,774.7,2100,0,4900
LUPIN-III.NFO,07/01/2020,10:31:19,779.75,771.25,1400,774.7,2100,0,4900
LUPIN-III.NFO,07/01/2020,10:31:20,779.75,771.35,1400,774.7,2100,0,4900
LUPIN-III.NFO,07/01/2020,10:31:21,779.75,771.45,1400,774.7,2100,0,4900
LUPIN-III.NFO,07/01/2020,10:31:22,779.75,771.55,1400,774.7,2100,0,4900
LUPIN-III.NFO,07/01/2020,10:31:23,779.75,771.65,1400,774.7,2100,0,4900
LUPIN-III.NFO,07/01/2020,10:31:24,779.75,771.75,1400,774.7,2100,0,4900
LUPIN-III.NFO,07/01/2020,10:31:25,779.75,771.85,1400,774.7,2100,0,4900
LUPIN-III.NFO,07/01/2020,10:31:26,779.75,771.95,1400,774.7,2100,0,4900
LUPIN-III.NFO,07/01/2020,10:31:27,779.75,772.05,1400,774.7,2100,0,4900
LUPIN-III.NFO,07/01/2020,10:31:28,779.75,772.15,1400,774.7,2100,0,4900
LUPIN-III.NFO,07/01/2020,10:31:29,779.75,772.35,1400,774.7,2100,0,4900
LUPIN-III.NFO,07/01/2020,10:31:31,779.75,772.45,1400,774.7,2100,0,4900
LUPIN-III.NFO,07/01/2020,10:31:32,779.75,772.55,1400,774.7,2100,0,4900
LUPIN-III.NFO,07/01/2020,10:31:33,779.75,772.65,1400,774.7,2100,0,4900
LUPIN-III.NFO,07/01/2020,10:31:58,779.75,772.75,1400,774.7,2100,0,4900
LUPIN-III.NFO,07/01/2020,10:32:03,779.75,772.75,700,774.7,2100,0,4900
LUPIN-III.NFO,07/01/2020,10:32:05,779.75,772.85,700,774.7,1400,0,4900
LUPIN-III.NFO,07/01/2020,10:32:08,779.75,772.85,700,774.7,2100,0,4900
LUPIN-III.NFO,07/01/2020,10:32:34,779.75,772.85,1400,774.7,2100,0,4900
LUPIN-III.NFO,07/01/2020,10:32:39,779.75,772.85,700,774.7,2100,0,4900
LUPIN-III.NFO,07/01/2020,10:33:34,779.75,772.2,1400,774.7,2100,0,4900
LUPIN-III.NFO,07/01/2020,10:33:38,779.75,772.2,1400,774.7,2800,0,4900
LUPIN-III.NFO,07/01/2020,10:33:48,779.75,772.2,1400,774.7,2100,0,4900
LUPIN-III.NFO,07/01/2020,10:34:12,779.75,772.3,1400,774.7,2100,0,4900
LUPIN-III.NFO,07/01/2020,10:34:16,779.75,772.3,700,774.7,2100,0,4900
LUPIN-III.NFO,07/01/2020,10:34:29,779.75,772.3,700,773.9,1400,0,4900
LUPIN-III.NFO,07/01/2020,10:34:33,779.75,772.3,700,773.75,1400,0,4900
LUPIN-III.NFO,07/01/2020,10:34:40,779.75,772.3,1400,773.75,1400,0,4900
LUPIN-III.NFO,07/01/2020,10:34:45,779.75,772.4,1400,774.1,700,0,4900
LUPIN-III.NFO,07/01/2020,10:34:50,779.75,772.4,700,774.05,700,0,4900
LUPIN-III.NFO,07/01/2020,10:34:54,779.75,772.4,700,775.85,3500,0,4900
LUPIN-III.NFO,07/01/2020,10:34:58,779.75,772.4,700,775.25,2800,0,4900
LUPIN-III.NFO,07/01/2020,10:35:02,779.75,772.4,700,774.95,2100,0,4900
LUPIN-III.NFO,07/01/2020,10:35:05,779.75,772.4,700,774.55,1400,0,4900
LUPIN-III.NFO,07/01/2020,10:35:08,779.75,772.4,700,774.25,1400,0,4900
LUPIN-III.NFO,07/01/2020,10:35:11,779.75,772.4,700,773.95,1400,0,4900
LUPIN-III.NFO,07/01/2020,10:35:14,779.75,772.4,700,773.8,1400,0,4900
LUPIN-III.NFO,07/01/2020,10:35:28,779.75,771.8,700,773.45,700,0,4900
LUPIN-III.NFO,07/01/2020,10:35:32,779.75,771.6,700,773.25,1400,0,4900
LUPIN-III.NFO,07/01/2020,10:35:36,779.75,771.6,1400,773.25,1400,0,4900
LUPIN-III.NFO,07/01/2020,10:35:55,779.75,771.7,700,773.25,1400,0,4900
LUPIN-III.NFO,07/01/2020,10:36:02,779.75,771.7,1400,773.75,1400,0,4900
LUPIN-III.NFO,07/01/2020,10:36:06,779.75,771.7,700,773.35,1400,0,4900
LUPIN-III.NFO,07/01/2020,10:36:27,779.75,771.7,700,773.85,1400,0,4900
LUPIN-III.NFO,07/01/2020,10:36:30,779.75,771.7,1400,773.55,700,0,4900
LUPIN-III.NFO,07/01/2020,10:36:32,779.75,771.9,1400,774.75,2100,0,4900
LUPIN-III.NFO,07/01/2020,10:36:34,779.75,772,700,774.55,2100,0,4900
LUPIN-III.NFO,07/01/2020,10:36:35,779.75,766.75,2800,774.35,1400,0,4900
LUPIN-III.NFO,07/01/2020,10:36:38,779.75,767.05,2100,774.05,1400,0,4900
LUPIN-III.NFO,07/01/2020,10:36:40,779.75,767.25,2100,773.85,700,0,4900
LUPIN-III.NFO,07/01/2020,10:36:43,779.75,767.55,2100,774.5,1400,0,4900
LUPIN-III.NFO,07/01/2020,10:36:50,779.75,768.25,2100,773.8,700,0,4900
LUPIN-III.NFO,07/01/2020,10:36:52,779.75,768.55,2100,773.75,700,0,4900
LUPIN-III.NFO,07/01/2020,10:36:55,779.75,768.85,1400,774.2,1400,0,4900
LUPIN-III.NFO,07/01/2020,10:37:01,779.75,769.55,1400,773.65,1400,0,4900
LUPIN-III.NFO,07/01/2020,10:37:04,779.75,769.85,1400,773.65,1400,0,4900
LUPIN-III.NFO,07/01/2020,10:37:08,779.75,770.25,1400,773.65,1400,0,4900
LUPIN-III.NFO,07/01/2020,10:37:12,779.75,770.75,1400,773.65,1400,0,4900
LUPIN-III.NFO,07/01/2020,10:37:15,779.75,771.05,1400,773.65,1400,0,4900
LUPIN-III.NFO,07/01/2020,10:37:19,779.75,771.55,1400,773.65,1400,0,4900
LUPIN-III.NFO,07/01/2020,10:37:24,779.75,771.95,700,773.65,1400,0,4900
LUPIN-III.NFO,07/01/2020,10:37:58,779.75,771.95,700,773.65,2100,0,4900
LUPIN-III.NFO,07/01/2020,10:38:22,779.75,771.55,1400,773.65,2100,0,4900
LUPIN-III.NFO,07/01/2020,10:38:26,779.75,771.55,700,773.65,2100,0,4900
LUPIN-III.NFO,07/01/2020,10:38:46,779.75,768.35,1400,773.65,2100,0,4900
LUPIN-III.NFO,07/01/2020,10:38:49,779.75,768.75,1400,773.65,2100,0,4900
LUPIN-III.NFO,07/01/2020,10:38:53,779.75,769.15,1400,773.65,2100,0,4900
LUPIN-III.NFO,07/01/2020,10:38:55,779.75,771.3,700,773.65,2100,0,4900
LUPIN-III.NFO,07/01/2020,10:39:03,779.75,771.4,1400,773.65,2100,0,4900
LUPIN-III.NFO,07/01/2020,10:39:11,779.75,771.4,700,773.65,2100,0,4900
LUPIN-III.NFO,07/01/2020,10:39:15,779.75,771.4,700,773.65,2800,0,4900
LUPIN-III.NFO,07/01/2020,10:39:23,779.75,769.65,1400,773.65,2800,0,4900
LUPIN-III.NFO,07/01/2020,10:39:26,779.75,769.95,1400,773.35,2100,0,4900
LUPIN-III.NFO,07/01/2020,10:39:29,779.75,770.25,1400,772.85,1400,0,4900
LUPIN-III.NFO,07/01/2020,10:39:32,779.75,770.65,700,772.45,1400,0,4900
LUPIN-III.NFO,07/01/2020,10:39:35,779.75,770.65,700,772.15,700,0,4900
LUPIN-III.NFO,07/01/2020,10:39:38,779.75,770.65,1400,773.1,2100,0,4900
LUPIN-III.NFO,07/01/2020,10:39:43,779.75,770.75,700,772.5,700,0,4900
LUPIN-III.NFO,07/01/2020,10:39:46,779.75,770.75,700,772.45,1400,0,4900
LUPIN-III.NFO,07/01/2020,10:40:18,779.75,770.75,700,772.3,1400,0,4900
LUPIN-III.NFO,07/01/2020,10:40:25,779.75,770.85,1400,772.9,700,0,4900
LUPIN-III.NFO,07/01/2020,10:40:28,779.75,771.15,700,772.95,1400,0,4900
LUPIN-III.NFO,07/01/2020,10:40:34,779.75,770.7,1400,773.45,1400,0,4900
LUPIN-III.NFO,07/01/2020,10:40:37,779.75,771.1,1400,773.15,1400,0,4900
LUPIN-III.NFO,07/01/2020,10:40:40,779.75,771.1,1400,773.1,1400,0,4900
LUPIN-III.NFO,07/01/2020,10:40:43,779.75,771.45,1400,773.7,1400,0,4900
LUPIN-III.NFO,07/01/2020,10:40:46,779.75,772,700,774.55,1400,0,4900
LUPIN-III.NFO,07/01/2020,10:40:49,779.75,772,700,774.25,1400,0,4900
LUPIN-III.NFO,07/01/2020,10:40:51,779.75,772,700,774.05,700,0,4900
LUPIN-III.NFO,07/01/2020,10:40:53,779.75,772,700,773.9,700,0,4900
LUPIN-III.NFO,07/01/2020,10:40:56,779.75,772.2,1400,774.7,1400,0,4900
LUPIN-III.NFO,07/01/2020,10:40:59,779.75,768.95,2100,774.6,1400,0,4900
LUPIN-III.NFO,07/01/2020,10:41:02,779.75,769.35,2100,774.6,1400,0,4900
LUPIN-III.NFO,07/01/2020,10:41:05,779.75,769.65,1400,774.6,2100,0,4900
LUPIN-III.NFO,07/01/2020,10:41:07,779.75,769.85,1400,774.6,2100,0,4900
LUPIN-III.NFO,07/01/2020,10:41:09,779.75,770.05,1400,774.6,2100,0,4900
LUPIN-III.NFO,07/01/2020,10:41:12,779.75,770.35,1400,774.6,2100,0,4900
LUPIN-III.NFO,07/01/2020,10:41:13,779.75,770.45,1400,774.6,2100,0,4900
LUPIN-III.NFO,07/01/2020,10:41:14,779.75,770.55,1400,774.6,2100,0,4900
LUPIN-III.NFO,07/01/2020,10:41:15,779.75,770.65,1400,774.6,2100,0,4900
LUPIN-III.NFO,07/01/2020,10:41:15,779.75,770.75,1400,774.6,2100,0,4900
LUPIN-III.NFO,07/01/2020,10:41:16,779.75,770.85,1400,774.6,2100,0,4900
LUPIN-III.NFO,07/01/2020,10:41:17,779.75,770.95,1400,774.6,2100,0,4900
LUPIN-III.NFO,07/01/2020,10:41:18,779.75,771.05,1400,774.6,2100,0,4900
LUPIN-III.NFO,07/01/2020,10:41:20,779.75,771.15,1400,774.6,2100,0,4900
LUPIN-III.NFO,07/01/2020,10:41:21,779.75,771.25,1400,774.6,2100,0,4900
LUPIN-III.NFO,07/01/2020,10:41:22,779.75,771.45,1400,774.6,2100,0,4900
LUPIN-III.NFO,07/01/2020,10:41:23,779.75,771.55,1400,774.6,2100,0,4900
LUPIN-III.NFO,07/01/2020,10:41:24,779.75,771.65,1400,774.6,2100,0,4900
LUPIN-III.NFO,07/01/2020,10:41:25,779.75,771.75,1400,774.6,2100,0,4900
LUPIN-III.NFO,07/01/2020,10:41:26,779.75,771.85,1400,774.6,2100,0,4900
LUPIN-III.NFO,07/01/2020,10:41:26,779.75,771.95,1400,774.6,2100,0,4900
LUPIN-III.NFO,07/01/2020,10:41:27,779.75,772.05,1400,774.6,2100,0,4900
LUPIN-III.NFO,07/01/2020,10:41:29,779.75,772.15,1400,774.6,2100,0,4900
LUPIN-III.NFO,07/01/2020,10:41:30,779.75,772.25,1400,774.6,2100,0,4900
LUPIN-III.NFO,07/01/2020,10:41:30,779.75,772.35,1400,774.6,2100,0,4900
LUPIN-III.NFO,07/01/2020,10:41:31,779.75,772.45,1400,774.6,2100,0,4900
LUPIN-III.NFO,07/01/2020,10:41:32,779.75,772.55,1400,774.6,2100,0,4900
LUPIN-III.NFO,07/01/2020,10:41:37,779.75,772.55,700,774.6,2100,0,4900
LUPIN-III.NFO,07/01/2020,10:41:40,779.75,772.05,1400,774.6,2800,0,4900
LUPIN-III.NFO,07/01/2020,10:41:43,779.75,772.15,700,774.6,2800,0,4900
LUPIN-III.NFO,07/01/2020,10:41:44,779.75,772.15,700,774.6,2100,0,4900
LUPIN-III.NFO,07/01/2020,10:41:48,779.75,771.85,700,774.6,2100,0,4900
LUPIN-III.NFO,07/01/2020,10:41:49,779.75,771.85,1400,774.6,2800,0,4900
LUPIN-III.NFO,07/01/2020,10:41:54,779.75,771.85,700,774.6,2100,0,4900
LUPIN-III.NFO,07/01/2020,10:41:59,779.75,771.85,700,774.6,2800,0,4900
LUPIN-III.NFO,07/01/2020,10:42:03,779.75,766.9,2100,774.6,2800,0,4900
LUPIN-III.NFO,07/01/2020,10:42:04,779.75,767,2100,774.6,2800,0,4900
LUPIN-III.NFO,07/01/2020,10:42:05,779.75,767.1,2100,774.6,2800,0,4900
LUPIN-III.NFO,07/01/2020,10:42:06,779.75,767.2,2100,774.6,2800,0,4900
LUPIN-III.NFO,07/01/2020,10:42:07,779.75,767.3,2100,774.6,2800,0,4900
LUPIN-III.NFO,07/01/2020,10:42:08,779.75,771.75,1400,774.6,3500,0,4900
LUPIN-III.NFO,07/01/2020,10:42:09,779.75,771.75,1400,774.6,2800,0,4900
LUPIN-III.NFO,07/01/2020,10:42:10,779.75,771.75,1400,774.6,2100,0,4900
LUPIN-III.NFO,07/01/2020,10:42:12,779.75,771.75,1400,774.6,2800,0,4900
LUPIN-III.NFO,07/01/2020,10:42:16,779.75,771.85,700,774.2,2100,0,4900
LUPIN-III.NFO,07/01/2020,10:42:18,779.75,771.95,700,774,1400,0,4900
LUPIN-III.NFO,07/01/2020,10:42:21,779.75,771.95,700,773.7,700,0,4900
LUPIN-III.NFO,07/01/2020,10:42:23,779.75,771.95,700,773.65,700,0,4900
LUPIN-III.NFO,07/01/2020,10:42:29,779.75,771.5,1400,773.65,2100,0,4900
LUPIN-III.NFO,07/01/2020,10:42:35,779.75,771.6,1400,773.65,1400,0,4900
LUPIN-III.NFO,07/01/2020,10:42:38,779.75,771.8,700,773.65,1400,0,4900
LUPIN-III.NFO,07/01/2020,10:42:41,779.75,772,700,774.1,1400,0,4900
LUPIN-III.NFO,07/01/2020,10:42:44,779.75,772,700,773.8,1400,0,4900
LUPIN-III.NFO,07/01/2020,10:42:46,779.75,772,700,773.65,1400,0,4900
LUPIN-III.NFO,07/01/2020,10:42:57,779.75,772,700,773.65,700,0,4900
LUPIN-III.NFO,07/01/2020,10:43:00,779.75,772,700,773.65,1400,0,4900
LUPIN-III.NFO,07/01/2020,10:43:02,779.75,772,700,773.65,700,0,4900
LUPIN-III.NFO,07/01/2020,10:43:08,779.75,772,700,773.65,1400,0,4900
LUPIN-III.NFO,07/01/2020,10:43:15,779.75,771.8,700,773.65,1400,0,4900
LUPIN-III.NFO,07/01/2020,10:43:19,779.75,766.75,2100,773.65,1400,0,4900
LUPIN-III.NFO,07/01/2020,10:43:20,779.75,766.85,2100,773.65,1400,0,4900
LUPIN-III.NFO,07/01/2020,10:43:22,779.75,767.05,2100,773.65,1400,0,4900
LUPIN-III.NFO,07/01/2020,10:43:26,779.75,767.55,2100,773.65,1400,0,4900
LUPIN-III.NFO,07/01/2020,10:43:30,779.75,767.95,2100,773.65,1400,0,4900
LUPIN-III.NFO,07/01/2020,10:43:33,779.75,768.25,2100,773.65,1400,0,4900
LUPIN-III.NFO,07/01/2020,10:43:36,779.75,768.65,1400,773.65,1400,0,4900
LUPIN-III.NFO,07/01/2020,10:43:40,779.75,769.05,1400,773.65,1400,0,4900
LUPIN-III.NFO,07/01/2020,10:43:45,779.75,769.55,1400,773.65,1400,0,4900
LUPIN-III.NFO,07/01/2020,10:43:49,779.75,770.05,1400,773.65,1400,0,4900
LUPIN-III.NFO,07/01/2020,10:43:53,779.75,770.45,1400,773.45,700,0,4900
LUPIN-III.NFO,07/01/2020,10:43:56,779.75,770.75,1400,773.45,1400,0,4900
LUPIN-III.NFO,07/01/2020,10:43:59,779.75,771.15,1400,773.45,1400,0,4900
LUPIN-III.NFO,07/01/2020,10:44:03,779.75,771.8,1400,773.45,1400,0,4900
LUPIN-III.NFO,07/01/2020,10:45:29,779.75,771.9,700,773.35,700,0,4900
LUPIN-III.NFO,07/01/2020,10:45:34,779.75,772,1400,773.35,700,0,4900
LUPIN-III.NFO,07/01/2020,10:45:36,779.75,772.1,700,775.2,3500,0,4900
LUPIN-III.NFO,07/01/2020,10:45:41,779.75,772.1,1400,775.2,3500,0,4900
LUPIN-III.NFO,07/01/2020,10:45:48,779.75,772.3,700,775.2,2800,0,4900
LUPIN-III.NFO,07/01/2020,10:45:51,779.75,768.95,700,775.2,2800,0,4900
LUPIN-III.NFO,07/01/2020,10:45:54,779.75,769.25,1400,775.2,2800,0,4900
LUPIN-III.NFO,07/01/2020,10:45:56,779.75,769.55,1400,775.2,2800,0,4900
LUPIN-III.NFO,07/01/2020,10:45:58,779.75,769.75,1400,775.2,2800,0,4900
LUPIN-III.NFO,07/01/2020,10:46:00,779.75,769.95,1400,775.2,2800,0,4900
LUPIN-III.NFO,07/01/2020,10:46:03,779.75,770.25,1400,775.2,2800,0,4900
LUPIN-III.NFO,07/01/2020,10:46:06,779.75,770.55,1400,775.2,2800,0,4900
LUPIN-III.NFO,07/01/2020,10:46:08,779.75,770.75,1400,775.2,2800,0,4900
LUPIN-III.NFO,07/01/2020,10:46:10,779.75,771.05,1400,775.2,2800,0,4900
LUPIN-III.NFO,07/01/2020,10:46:13,779.75,771.35,1400,775.2,2100,0,4900
LUPIN-III.NFO,07/01/2020,10:46:16,779.75,771.65,1400,775.2,2100,0,4900
LUPIN-III.NFO,07/01/2020,10:46:18,779.75,771.95,1400,775.2,2100,0,4900
LUPIN-III.NFO,07/01/2020,10:46:21,779.75,772.25,1400,775.2,2100,0,4900
LUPIN-III.NFO,07/01/2020,10:46:24,779.75,772.45,700,775.2,2100,0,4900
LUPIN-III.NFO,07/01/2020,10:46:27,779.75,772.5,1400,775.2,2100,0,4900
LUPIN-III.NFO,07/01/2020,10:46:38,779.75,769.8,1400,775.2,2100,0,4900
LUPIN-III.NFO,07/01/2020,10:46:40,779.75,770.1,1400,775.2,2100,0,4900
LUPIN-III.NFO,07/01/2020,10:46:43,779.75,770.4,1400,775.2,2100,0,4900
LUPIN-III.NFO,07/01/2020,10:46:47,779.75,770.7,1400,775.2,2100,0,4900
LUPIN-III.NFO,07/01/2020,10:46:49,779.75,771,1400,775.2,2100,0,4900
LUPIN-III.NFO,07/01/2020,10:46:53,779.75,771.4,1400,775.2,2100,0,4900
LUPIN-III.NFO,07/01/2020,10:46:56,779.75,771.7,1400,775.2,2100,0,4900
LUPIN-III.NFO,07/01/2020,10:46:59,779.75,772,1400,775.2,2100,0,4900
LUPIN-III.NFO,07/01/2020,10:47:02,779.75,772.4,1400,775.2,2100,0,4900
LUPIN-III.NFO,07/01/2020,10:47:18,779.75,772.4,700,775.2,2100,0,4900
LUPIN-III.NFO,07/01/2020,10:47:24,779.75,767.5,2100,775.2,2100,0,4900
LUPIN-III.NFO,07/01/2020,10:47:27,779.75,767.9,2100,775.2,2100,0,4900
LUPIN-III.NFO,07/01/2020,10:47:30,779.75,768.3,2100,775.2,2100,0,4900
LUPIN-III.NFO,07/01/2020,10:47:34,779.75,768.7,2100,775.2,2100,0,4900
LUPIN-III.NFO,07/01/2020,10:47:37,779.75,769,2100,775.2,2800,0,4900
LUPIN-III.NFO,07/01/2020,10:47:40,779.75,769.3,1400,775.2,2800,0,4900
LUPIN-III.NFO,07/01/2020,10:47:43,779.75,769.7,1400,775.2,2800,0,4900
LUPIN-III.NFO,07/01/2020,10:47:47,779.75,770.1,1400,775.2,2800,0,4900
LUPIN-III.NFO,07/01/2020,10:47:51,779.75,770.5,1400,775.2,2800,0,4900
LUPIN-III.NFO,07/01/2020,10:47:54,779.75,770.9,1400,775.2,2100,0,4900
LUPIN-III.NFO,07/01/2020,10:47:58,779.75,771.3,1400,775.2,2100,0,4900
LUPIN-III.NFO,07/01/2020,10:48:01,779.75,771.6,1400,775.2,2800,0,4900
LUPIN-III.NFO,07/01/2020,10:48:05,779.75,772,1400,775.2,2800,0,4900
LUPIN-III.NFO,07/01/2020,10:48:09,779.75,772.4,1400,775.2,2100,0,4900
LUPIN-III.NFO,07/01/2020,10:48:17,779.75,772.5,1400,775.2,2800,0,4900
LUPIN-III.NFO,07/01/2020,10:48:25,779.75,769.9,1400,775.2,2800,0,4900
LUPIN-III.NFO,07/01/2020,10:48:28,779.75,770.1,1400,775.2,2100,0,4900
LUPIN-III.NFO,07/01/2020,10:48:30,779.75,770.3,1400,775.2,2100,0,4900
LUPIN-III.NFO,07/01/2020,10:48:33,779.75,770.7,1400,774.85,700,0,4900
LUPIN-III.NFO,07/01/2020,10:48:38,779.75,771.3,1400,774.7,700,0,4900
LUPIN-III.NFO,07/01/2020,10:48:43,779.75,771.7,1400,776.65,3500,0,4900
LUPIN-III.NFO,07/01/2020,10:48:47,779.75,772.2,1400,776.65,3500,0,4900
LUPIN-III.NFO,07/01/2020,10:48:50,779.75,772.5,1400,776.65,3500,0,4900
LUPIN-III.NFO,07/01/2020,10:48:54,779.75,772.7,700,776.65,3500,0,4900
LUPIN-III.NFO,07/01/2020,10:49:01,779.75,772.7,1400,776.65,3500,0,4900
LUPIN-III.NFO,07/01/2020,10:49:13,779.75,772.8,700,776.65,3500,0,4900
LUPIN-III.NFO,07/01/2020,10:49:22,779.75,772.9,1400,776.65,3500,0,4900
LUPIN-III.NFO,07/01/2020,10:49:26,779.75,772.05,1400,776.65,3500,0,4900
LUPIN-III.NFO,07/01/2020,10:49:29,779.75,772.45,1400,776.65,3500,0,4900
LUPIN-III.NFO,07/01/2020,10:49:32,779.75,772.75,1400,776.65,3500,0,4900
LUPIN-III.NFO,07/01/2020,10:49:36,779.75,772.85,700,776.65,3500,0,4900
LUPIN-III.NFO,07/01/2020,10:49:39,779.75,772.7,700,776.65,3500,0,4900
LUPIN-III.NFO,07/01/2020,10:49:42,779.75,772.7,700,776.15,2800,0,4900
LUPIN-III.NFO,07/01/2020,10:49:46,779.75,772.7,700,775.75,2100,0,4900
LUPIN-III.NFO,07/01/2020,10:49:49,779.75,772.7,700,775.45,1400,0,4900
LUPIN-III.NFO,07/01/2020,10:49:53,779.75,772.7,1400,775.05,1400,0,4900
LUPIN-III.NFO,07/01/2020,10:49:57,779.75,772.65,700,774.55,700,0,4900
LUPIN-III.NFO,07/01/2020,10:50:03,779.75,772.65,700,774.5,700,0,4900
LUPIN-III.NFO,07/01/2020,10:50:13,779.75,772.65,700,774.5,1400,0,4900
LUPIN-III.NFO,07/01/2020,10:50:19,779.75,772.65,700,774.5,700,0,4900
LUPIN-III.NFO,07/01/2020,10:50:23,779.75,772.65,1400,776.6,2800,0,4900
LUPIN-III.NFO,07/01/2020,10:50:27,779.75,772.85,700,774.75,700,0,4900
LUPIN-III.NFO,07/01/2020,10:50:31,779.75,772.85,700,774.7,1400,0,4900
LUPIN-III.NFO,07/01/2020,10:50:40,779.75,772.7,1400,774.7,1400,0,4900
LUPIN-III.NFO,07/01/2020,10:50:44,779.75,772.8,700,774.7,1400,0,4900
LUPIN-III.NFO,07/01/2020,10:51:10,779.75,769.55,1400,774.7,2100,0,4900
LUPIN-III.NFO,07/01/2020,10:51:13,779.75,769.95,1400,774.55,1400,0,4900
LUPIN-III.NFO,07/01/2020,10:51:16,779.75,770.15,1400,774.55,1400,0,4900
LUPIN-III.NFO,07/01/2020,10:51:17,779.75,770.35,1400,774.55,1400,0,4900
LUPIN-III.NFO,07/01/2020,10:51:20,779.75,770.65,1400,774.55,1400,0,4900
LUPIN-III.NFO,07/01/2020,10:51:22,779.75,770.85,1400,774.55,700,0,4900
LUPIN-III.NFO,07/01/2020,10:51:25,779.75,771.25,1400,774.55,1400,0,4900
LUPIN-III.NFO,07/01/2020,10:51:28,779.75,771.55,1400,774.55,1400,0,4900
LUPIN-III.NFO,07/01/2020,10:51:30,779.75,771.75,1400,774.55,1400,0,4900
LUPIN-III.NFO,07/01/2020,10:51:32,779.75,771.95,1400,774.55,2100,0,4900
LUPIN-III.NFO,07/01/2020,10:51:34,779.75,772.55,700,774.55,1400,0,4900
LUPIN-III.NFO,07/01/2020,10:51:49,779.75,772.65,1400,774.55,700,0,4900
LUPIN-III.NFO,07/01/2020,10:51:55,779.75,772.65,700,774.6,1400,0,4900
LUPIN-III.NFO,07/01/2020,10:51:59,779.75,772.65,700,775.25,3500,0,4900
LUPIN-III.NFO,07/01/2020,10:52:27,779.75,772.15,700,775.25,3500,0,4900
LUPIN-III.NFO,07/01/2020,10:52:43,779.75,772.35,1400,775.25,2800,0,4900
LUPIN-III.NFO,07/01/2020,10:52:51,779.75,772.35,700,775.25,2800,0,4900
LUPIN-III.NFO,07/01/2020,10:53:00,779.75,772.35,700,774.45,1400,0,4900
LUPIN-III.NFO,07/01/2020,10:53:06,779.75,772.35,700,773.85,700,0,4900
LUPIN-III.NFO,07/01/2020,10:53:11,779.75,772.35,700,773.8,1400,0,4900
LUPIN-III.NFO,07/01/2020,10:53:18,779.75,772.35,700,774.95,2100,0,4900
LUPIN-III.NFO,07/01/2020,10:53:33,779.75,772.55,700,774.95,2100,0,4900
LUPIN-III.NFO,07/01/2020,10:53:43,779.75,772.1,1400,774.95,2800,0,4900
LUPIN-III.NFO,07/01/2020,10:53:54,779.75,767.5,2100,774.95,2800,0,4900
LUPIN-III.NFO,07/01/2020,10:54:00,779.75,768.1,2100,774.95,3500,0,4900
LUPIN-III.NFO,07/01/2020,10:54:05,779.75,768.6,1400,774.95,3500,0,4900
LUPIN-III.NFO,07/01/2020,10:54:09,779.75,769.1,1400,774.95,3500,0,4900
LUPIN-III.NFO,07/01/2020,10:54:14,779.75,769.6,1400,774.95,3500,0,4900
LUPIN-III.NFO,07/01/2020,10:54:19,779.75,770.1,1400,774.95,3500,0,4900
LUPIN-III.NFO,07/01/2020,10:54:24,779.75,770.7,1400,774.95,3500,0,4900
LUPIN-III.NFO,07/01/2020,10:54:28,779.75,771.1,1400,774.95,3500,0,4900
LUPIN-III.NFO,07/01/2020,10:54:32,779.75,771.3,700,774.95,3500,0,4900
LUPIN-III.NFO,07/01/2020,10:54:39,779.75,771.2,1400,774.95,3500,0,4900
LUPIN-III.NFO,07/01/2020,10:54:43,779.75,771.2,700,774.95,3500,0,4900
LUPIN-III.NFO,07/01/2020,10:54:51,779.75,771.3,700,774.95,3500,0,4900
LUPIN-III.NFO,07/01/2020,10:54:56,779.75,771,700,774.45,2800,0,4900
LUPIN-III.NFO,07/01/2020,10:55:01,779.75,771.2,1400,773.95,2100,0,4900
LUPIN-III.NFO,07/01/2020,10:55:06,779.75,771.2,1400,773.35,1400,0,4900
LUPIN-III.NFO,07/01/2020,10:55:11,779.75,771.2,1400,773,1400,0,4900
LUPIN-III.NFO,07/01/2020,10:55:21,779.75,766.1,2100,773,1400,0,4900
LUPIN-III.NFO,07/01/2020,10:55:27,779.75,766.8,2100,773,2100,0,4900
LUPIN-III.NFO,07/01/2020,10:55:33,779.75,767.4,2100,773.6,1400,0,4900
LUPIN-III.NFO,07/01/2020,10:55:39,779.75,771.2,1400,773.05,700,0,4900
LUPIN-III.NFO,07/01/2020,10:55:44,779.75,768.25,1400,773.75,1400,0,4900
LUPIN-III.NFO,07/01/2020,10:55:49,779.75,768.75,1400,773.25,700,0,4900
LUPIN-III.NFO,07/01/2020,10:55:54,779.75,769.25,1400,773.2,700,0,4900
LUPIN-III.NFO,07/01/2020,10:55:58,779.75,769.75,1400,773.2,700,0,4900
LUPIN-III.NFO,07/01/2020,10:56:02,779.75,770.15,1400,773.2,700,0,4900
LUPIN-III.NFO,07/01/2020,10:56:07,779.75,770.75,1400,773.2,700,0,4900
LUPIN-III.NFO,07/01/2020,10:56:12,779.75,771.3,1400,774.95,3500,0,4900
LUPIN-III.NFO,07/01/2020,10:56:17,779.75,771.6,1400,774.95,3500,0,4900
LUPIN-III.NFO,07/01/2020,10:56:20,779.75,766.45,2100,774.95,3500,0,4900
LUPIN-III.NFO,07/01/2020,10:56:25,779.75,766.95,2100,773.5,700,0,4900
LUPIN-III.NFO,07/01/2020,10:56:28,779.75,767.25,2100,773.45,1400,0,4900
LUPIN-III.NFO,07/01/2020,10:56:34,779.75,767.85,2100,773.45,1400,0,4900
LUPIN-III.NFO,07/01/2020,10:56:39,779.75,768.45,1400,773.45,1400,0,4900
LUPIN-III.NFO,07/01/2020,10:56:43,779.75,768.95,1400,773.45,1400,0,4900
LUPIN-III.NFO,07/01/2020,10:56:47,779.75,769.35,1400,773.45,1400,0,4900
LUPIN-III.NFO,07/01/2020,10:56:51,779.75,769.85,1400,773.45,1400,0,4900
LUPIN-III.NFO,07/01/2020,10:56:58,779.75,770.55,1400,773.45,1400,0,4900
LUPIN-III.NFO,07/01/2020,10:57:03,779.75,771.15,1400,773.45,1400,0,4900
LUPIN-III.NFO,07/01/2020,10:57:08,779.75,771.55,1400,773.45,1400,0,4900
LUPIN-III.NFO,07/01/2020,10:57:14,779.75,771.65,700,773.2,1400,0,4900
LUPIN-III.NFO,07/01/2020,10:57:21,779.75,769.3,1400,773.2,1400,0,4900
LUPIN-III.NFO,07/01/2020,10:57:28,779.75,770.1,1400,773.2,2100,0,4900
LUPIN-III.NFO,07/01/2020,10:57:35,779.75,771,700,773.2,2100,0,4900
LUPIN-III.NFO,07/01/2020,10:57:41,779.75,771.1,700,773.2,2100,0,4900
LUPIN-III.NFO,07/01/2020,10:57:54,779.75,770.95,1400,773.2,2100,0,4900
LUPIN-III.NFO,07/01/2020,10:58:00,779.75,771.05,700,773.15,1400,0,4900
LUPIN-III.NFO,07/01/2020,10:58:06,779.75,768.2,1400,772.9,1400,0,4900
LUPIN-III.NFO,07/01/2020,10:58:12,779.75,768.9,1400,772.75,1400,0,4900
LUPIN-III.NFO,07/01/2020,10:58:18,779.75,769.6,1400,772.75,1400,0,4900
LUPIN-III.NFO,07/01/2020,10:58:25,779.75,770.3,1400,774.95,4200,0,4900
LUPIN-III.NFO,07/01/2020,10:58:32,779.75,770.9,700,774.95,4200,0,4900
LUPIN-III.NFO,07/01/2020,10:58:50,779.75,771,1400,774.45,2800,0,4900
LUPIN-III.NFO,07/01/2020,10:58:57,779.75,771,700,773.75,2100,0,4900
LUPIN-III.NFO,07/01/2020,10:59:03,779.75,771,700,773.05,1400,0,4900
LUPIN-III.NFO,07/01/2020,10:59:10,779.75,771,700,772.8,700,0,4900
LUPIN-III.NFO,07/01/2020,10:59:16,779.75,771,1400,772.8,1400,0,4900
LUPIN-III.NFO,07/01/2020,10:59:46,779.75,771.1,700,772.8,1400,0,4900
LUPIN-III.NFO,07/01/2020,11:00:03,779.75,771.1,700,772.8,2100,0,4900
LUPIN-III.NFO,07/01/2020,11:00:11,779.75,770.55,700,772.8,2100,0,4900
LUPIN-III.NFO,07/01/2020,11:00:18,779.75,766.35,1400,771.5,1400,0,4900
LUPIN-III.NFO,07/01/2020,11:00:25,779.75,767.15,1400,771,700,0,4900
LUPIN-III.NFO,07/01/2020,11:00:32,779.75,769.2,700,770.9,1400,0,4900
LUPIN-III.NFO,07/01/2020,11:01:06,779.75,769.2,700,772.85,2800,0,4900
LUPIN-III.NFO,07/01/2020,11:01:13,779.75,764.25,2100,771.25,1400,0,4900
LUPIN-III.NFO,07/01/2020,11:01:21,779.75,768.65,700,770.75,1400,0,4900
LUPIN-III.NFO,07/01/2020,11:01:28,779.75,768.65,700,770.35,700,0,4900
LUPIN-III.NFO,07/01/2020,11:01:36,779.75,768.75,700,770.65,2100,0,4900
LUPIN-III.NFO,07/01/2020,11:01:44,779.75,768.75,700,771.7,2100,0,4900
LUPIN-III.NFO,07/01/2020,11:01:51,779.75,766,1400,770.9,1400,0,4900
LUPIN-III.NFO,07/01/2020,11:01:59,779.75,766.8,1400,771,1400,0,4900
LUPIN-III.NFO,07/01/2020,11:02:06,779.75,768.8,1400,770.8,700,0,4900
LUPIN-III.NFO,07/01/2020,11:02:13,779.75,769.1,700,771.25,2100,0,4900
LUPIN-III.NFO,07/01/2020,11:02:20,779.75,769.1,1400,771.25,2100,0,4900
LUPIN-III.NFO,07/01/2020,11:02:26,779.75,764.9,1400,770.85,1400,0,4900
LUPIN-III.NFO,07/01/2020,11:02:32,779.75,767.85,700,770.15,1400,0,4900
LUPIN-III.NFO,07/01/2020,11:02:39,779.75,767.9,700,770.35,2100,0,4900
LUPIN-III.NFO,07/01/2020,11:02:45,779.75,768.15,1400,770.6,1400,0,4900
LUPIN-III.NFO,07/01/2020,11:02:51,779.75,768.45,700,770.3,1400,0,4900
LUPIN-III.NFO,07/01/2020,11:02:58,779.75,768.45,700,770.05,700,0,4900
LUPIN-III.NFO,07/01/2020,11:03:04,779.75,769.05,1400,771.35,1400,0,4900
LUPIN-III.NFO,07/01/2020,11:03:11,779.75,768.5,1400,770.55,700,0,4900
LUPIN-III.NFO,07/01/2020,11:03:18,779.75,768.5,700,770.25,1400,0,4900
LUPIN-III.NFO,07/01/2020,11:03:25,779.75,768.8,1400,772.25,2800,0,4900
LUPIN-III.NFO,07/01/2020,11:03:31,779.75,765.55,700,771.65,700,0,4900
LUPIN-III.NFO,07/01/2020,11:03:37,779.75,768.75,700,770.7,1400,0,4900
LUPIN-III.NFO,07/01/2020,11:03:45,779.75,768.85,700,771.4,1400,0,4900
LUPIN-III.NFO,07/01/2020,11:03:53,779.75,768.85,1400,770.75,700,0,4900
LUPIN-III.NFO,07/01/2020,11:03:59,779.75,768.85,700,770.8,1400,0,4900
LUPIN-III.NFO,07/01/2020,11:04:06,779.75,768.85,700,770.5,700,0,4900
LUPIN-III.NFO,07/01/2020,11:04:12,779.75,765.65,1400,770.75,1400,0,4900
LUPIN-III.NFO,07/01/2020,11:04:19,779.75,766.35,1400,770.1,700,0,4900
LUPIN-III.NFO,07/01/2020,11:04:25,779.75,767.05,1400,770.95,1400,0,4900
LUPIN-III.NFO,07/01/2020,11:04:32,779.75,767.65,700,770.25,1400,0,4900
LUPIN-III.NFO,07/01/2020,11:04:39,779.75,767.65,700,769.7,700,0,4900
LUPIN-III.NFO,07/01/2020,11:04:46,779.75,767.65,700,769.8,700,0,4900
LUPIN-III.NFO,07/01/2020,11:04:53,779.75,767.65,700,770.15,1400,0,4900
LUPIN-III.NFO,07/01/2020,11:04:59,779.75,764.55,1400,770.55,1400,0,4900
LUPIN-III.NFO,07/01/2020,11:05:06,779.75,765.35,1400,769.85,700,0,4900
LUPIN-III.NFO,07/01/2020,11:05:13,779.75,767.75,700,769.75,700,0,4900
LUPIN-III.NFO,07/01/2020,11:05:20,779.75,767.85,700,771.3,3500,0,4900
LUPIN-III.NFO,07/01/2020,11:05:27,779.75,767.85,700,771.55,2800,0,4900
LUPIN-III.NFO,07/01/2020,11:05:34,779.75,764.9,1400,770.55,1400,0,4900
LUPIN-III.NFO,07/01/2020,11:05:41,779.75,765.6,1400,769.9,700,0,4900
LUPIN-III.NFO,07/01/2020,11:05:47,779.75,766.3,1400,769.9,700,0,4900
LUPIN-III.NFO,07/01/2020,11:05:55,779.75,767.1,1400,769.9,700,0,4900
LUPIN-III.NFO,07/01/2020,11:06:02,779.75,767.9,1400,770.3,1400,0,4900
LUPIN-III.NFO,07/01/2020,11:06:08,779.75,768.4,700,771.3,1400,0,4900
LUPIN-III.NFO,07/01/2020,11:06:15,779.75,765.65,1400,770.65,1400,0,4900
LUPIN-III.NFO,07/01/2020,11:06:22,779.75,766.35,1400,770.65,1400,0,4900
LUPIN-III.NFO,07/01/2020,11:06:28,779.75,766.95,1400,770.65,1400,0,4900
LUPIN-III.NFO,07/01/2020,11:06:33,779.75,767.55,1400,770.65,1400,0,4900
LUPIN-III.NFO,07/01/2020,11:06:38,779.75,768.15,1400,771.65,1400,0,4900
LUPIN-III.NFO,07/01/2020,11:06:43,779.75,768.65,1400,771.3,1400,0,4900
LUPIN-III.NFO,07/01/2020,11:06:48,779.75,768.8,700,770.85,1400,0,4900
LUPIN-III.NFO,07/01/2020,11:06:54,779.75,768.8,700,770.65,700,0,4900
LUPIN-III.NFO,07/01/2020,11:06:59,779.75,769,1400,770.8,700,0,4900
LUPIN-III.NFO,07/01/2020,11:07:20,779.75,769.4,1400,771.75,2100,0,4900
LUPIN-III.NFO,07/01/2020,11:07:30,779.75,767.15,1400,771.75,2100,0,4900
LUPIN-III.NFO,07/01/2020,11:07:35,779.75,769.55,1400,771.75,2100,0,4900
LUPIN-III.NFO,07/01/2020,11:07:41,779.75,769.65,1400,771.75,2100,0,4900
LUPIN-III.NFO,07/01/2020,11:07:47,779.75,769.65,700,771.75,2100,0,4900
LUPIN-III.NFO,07/01/2020,11:08:11,779.75,769.05,1400,771.75,2100,0,4900
LUPIN-III.NFO,07/01/2020,11:08:16,779.75,769.15,1400,771.75,2100,0,4900
LUPIN-III.NFO,07/01/2020,11:08:21,779.75,769.35,1400,771.75,2100,0,4900
LUPIN-III.NFO,07/01/2020,11:08:27,779.75,769.65,1400,771.75,2100,0,4900
LUPIN-III.NFO,07/01/2020,11:08:37,779.75,769.25,700,771.75,2100,0,4900
LUPIN-III.NFO,07/01/2020,11:08:52,779.75,769.1,700,771.75,2100,0,4900
LUPIN-III.NFO,07/01/2020,11:09:16,779.75,769.2,700,771.75,2100,0,4900
LUPIN-III.NFO,07/01/2020,11:09:26,779.75,769.2,700,771.75,2800,0,4900
LUPIN-III.NFO,07/01/2020,11:09:31,779.75,769.2,700,771.75,2100,0,4900
LUPIN-III.NFO,07/01/2020,11:09:35,779.75,769.4,1400,771.75,2100,0,4900
LUPIN-III.NFO,07/01/2020,11:09:40,779.75,769.7,700,771.75,2100,0,4900
LUPIN-III.NFO,07/01/2020,11:09:44,779.75,769.9,700,771.75,2100,0,4900
LUPIN-III.NFO,07/01/2020,11:09:48,779.75,769.6,700,771.75,1400,0,4900
LUPIN-III.NFO,07/01/2020,11:09:53,779.75,769.8,700,771.75,1400,0,4900
LUPIN-III.NFO,07/01/2020,11:09:56,779.75,769.9,700,771.75,1400,0,4900
LUPIN-III.NFO,07/01/2020,11:10:09,779.75,769.9,1400,772.45,1400,0,4900
LUPIN-III.NFO,07/01/2020,11:10:13,779.75,770.1,700,772.1,1400,0,4900
LUPIN-III.NFO,07/01/2020,11:10:18,779.75,770.1,700,772.7,1400,0,4900
LUPIN-III.NFO,07/01/2020,11:10:24,779.75,770.15,1400,773.4,2800,0,4900
LUPIN-III.NFO,07/01/2020,11:10:29,779.75,770.15,1400,772.9,1400,0,4900
LUPIN-III.NFO,07/01/2020,11:10:33,779.75,770.15,1400,772.4,700,0,4900
LUPIN-III.NFO,07/01/2020,11:10:37,779.75,770.15,1400,772.35,1400,0,4900
LUPIN-III.NFO,07/01/2020,11:10:41,779.75,765.15,2100,772,700,0,4900
LUPIN-III.NFO,07/01/2020,11:10:45,779.75,765.55,2100,771.95,700,0,4900
LUPIN-III.NFO,07/01/2020,11:10:49,779.75,765.95,2100,771.95,700,0,4900
LUPIN-III.NFO,07/01/2020,11:10:52,779.75,766.35,2100,771.95,2100,0,4900
LUPIN-III.NFO,07/01/2020,11:10:56,779.75,766.75,1400,771.7,700,0,4900
LUPIN-III.NFO,07/01/2020,11:11:00,779.75,768.7,1400,771.7,700,0,4900
LUPIN-III.NFO,07/01/2020,11:11:05,779.75,769.2,1400,772.3,2100,0,4900
LUPIN-III.NFO,07/01/2020,11:11:11,779.75,769.5,700,771.6,1400,0,4900
LUPIN-III.NFO,07/01/2020,11:11:16,779.75,769.5,700,771.05,700,0,4900
LUPIN-III.NFO,07/01/2020,11:11:22,779.75,765,1400,771,1400,0,4900
LUPIN-III.NFO,07/01/2020,11:11:29,779.75,768.5,1400,770.95,2100,0,4900
LUPIN-III.NFO,07/01/2020,11:11:44,779.75,768.6,700,770.95,2100,0,4900
LUPIN-III.NFO,07/01/2020,11:12:05,779.75,767.9,700,770.75,1400,0,4900
LUPIN-III.NFO,07/01/2020,11:12:12,779.75,767.9,700,769.85,700,0,4900
LUPIN-III.NFO,07/01/2020,11:12:20,779.75,767.9,700,769.7,700,0,4900
LUPIN-III.NFO,07/01/2020,11:12:34,779.75,767.9,700,769.7,1400,0,4900
LUPIN-III.NFO,07/01/2020,11:12:50,779.75,767.2,1400,769.6,1400,0,4900
LUPIN-III.NFO,07/01/2020,11:12:55,779.75,767.5,1400,769.6,2100,0,4900
LUPIN-III.NFO,07/01/2020,11:13:00,779.75,767.5,1400,771.15,2800,0,4900
LUPIN-III.NFO,07/01/2020,11:13:05,779.75,767.15,700,769.35,1400,0,4900
LUPIN-III.NFO,07/01/2020,11:13:11,779.75,767.15,700,768.7,1400,0,4900
LUPIN-III.NFO,07/01/2020,11:13:52,779.75,762.8,2100,768.7,1400,0,4900
LUPIN-III.NFO,07/01/2020,11:13:57,779.75,763.4,2100,768.7,1400,0,4900
LUPIN-III.NFO,07/01/2020,11:14:03,779.75,764.3,1400,769.55,1400,0,4900
LUPIN-III.NFO,07/01/2020,11:14:08,779.75,764.9,1400,769.2,2100,0,4900
LUPIN-III.NFO,07/01/2020,11:14:14,779.75,765.5,1400,770.65,2800,0,4900
LUPIN-III.NFO,07/01/2020,11:14:20,779.75,766.2,1400,769.15,1400,0,4900
LUPIN-III.NFO,07/01/2020,11:14:26,779.75,766.8,1400,769.15,2100,0,4900
LUPIN-III.NFO,07/01/2020,11:14:31,779.75,766.8,1400,770.7,3500,0,4900
LUPIN-III.NFO,07/01/2020,11:14:36,779.75,766.8,1400,769.4,1400,0,4900
LUPIN-III.NFO,07/01/2020,11:14:40,779.75,766.8,1400,768.9,1400,0,4900
LUPIN-III.NFO,07/01/2020,11:14:46,779.75,763.4,1400,768.65,1400,0,4900
LUPIN-III.NFO,07/01/2020,11:14:51,779.75,764,1400,768.65,1400,0,4900
LUPIN-III.NFO,07/01/2020,11:14:57,779.75,764.6,1400,769.4,2100,0,4900
LUPIN-III.NFO,07/01/2020,11:15:03,779.75,765.05,700,768.2,1400,0,4900
LUPIN-III.NFO,07/01/2020,11:15:09,779.75,765,700,767.6,1400,0,4900
LUPIN-III.NFO,07/01/2020,11:15:13,779.75,764.65,1400,767.2,1400,0,4900
LUPIN-III.NFO,07/01/2020,11:15:14,779.75,764.65,1400,767.1,1400,0,4900
LUPIN-III.NFO,07/01/2020,11:15:15,779.75,764.85,700,767.1,1400,0,4900
LUPIN-III.NFO,07/01/2020,11:15:15,779.75,764.85,1400,767,1400,0,4900
LUPIN-III.NFO,07/01/2020,11:15:16,779.75,764.85,1400,766.9,1400,0,4900
LUPIN-III.NFO,07/01/2020,11:15:17,779.75,764.85,1400,766.8,700,0,4900
LUPIN-III.NFO,07/01/2020,11:15:18,779.75,764.85,700,766.7,700,0,4900
LUPIN-III.NFO,07/01/2020,11:15:19,779.75,764.85,700,766.65,700,0,4900
LUPIN-III.NFO,07/01/2020,11:15:21,779.75,764.7,1400,766.65,1400,0,4900
LUPIN-III.NFO,07/01/2020,11:15:24,779.75,764.7,700,766.65,1400,0,4900
LUPIN-III.NFO,07/01/2020,11:15:25,779.75,764.7,700,766.45,700,0,4900
LUPIN-III.NFO,07/01/2020,11:15:26,779.75,764.7,700,766.4,1400,0,4900
LUPIN-III.NFO,07/01/2020,11:15:27,779.75,764.7,700,766.65,1400,0,4900
LUPIN-III.NFO,07/01/2020,11:15:28,779.75,764.7,700,766.45,700,0,4900
LUPIN-III.NFO,07/01/2020,11:15:29,779.75,764.7,700,766.4,700,0,4900
LUPIN-III.NFO,07/01/2020,11:15:31,779.75,764.7,700,767.65,2800,0,4900
LUPIN-III.NFO,07/01/2020,11:15:35,779.75,764.7,700,767.65,3500,0,4900
LUPIN-III.NFO,07/01/2020,11:15:38,779.75,764.8,700,767.65,2800,0,4900
LUPIN-III.NFO,07/01/2020,11:15:40,779.75,764.8,700,767.65,3500,0,4900
LUPIN-III.NFO,07/01/2020,11:15:44,779.75,761.4,1400,767.65,2800,0,4900
LUPIN-III.NFO,07/01/2020,11:15:44,779.75,761.5,1400,767.65,2800,0,4900
LUPIN-III.NFO,07/01/2020,11:15:45,779.75,761.6,1400,767.65,2800,0,4900
LUPIN-III.NFO,07/01/2020,11:15:46,779.75,761.7,1400,767.65,2800,0,4900
LUPIN-III.NFO,07/01/2020,11:15:47,779.75,761.8,1400,767.65,3500,0,4900
LUPIN-III.NFO,07/01/2020,11:15:48,779.75,761.9,1400,767.65,3500,0,4900
LUPIN-III.NFO,07/01/2020,11:15:49,779.75,762,1400,767.65,3500,0,4900
LUPIN-III.NFO,07/01/2020,11:15:50,779.75,762.1,1400,767.65,3500,0,4900
LUPIN-III.NFO,07/01/2020,11:15:51,779.75,762.2,1400,767.65,3500,0,4900
LUPIN-III.NFO,07/01/2020,11:15:52,779.75,762.3,1400,767.65,3500,0,4900
LUPIN-III.NFO,07/01/2020,11:15:53,779.75,762.5,1400,767.65,3500,0,4900
LUPIN-III.NFO,07/01/2020,11:15:54,779.75,762.6,1400,767.65,3500,0,4900
LUPIN-III.NFO,07/01/2020,11:15:56,779.75,762.7,1400,767.65,3500,0,4900
LUPIN-III.NFO,07/01/2020,11:15:56,779.75,762.8,1400,767.65,3500,0,4900
LUPIN-III.NFO,07/01/2020,11:15:58,779.75,762.9,1400,767.65,3500,0,4900
LUPIN-III.NFO,07/01/2020,11:15:58,779.75,763,1400,767.65,3500,0,4900
LUPIN-III.NFO,07/01/2020,11:15:59,779.75,763.1,1400,767.65,3500,0,4900
LUPIN-III.NFO,07/01/2020,11:16:01,779.75,763.3,1400,767.65,2800,0,4900
LUPIN-III.NFO,07/01/2020,11:16:02,779.75,763.4,1400,767.65,3500,0,4900
LUPIN-III.NFO,07/01/2020,11:16:03,779.75,763.5,1400,767.65,3500,0,4900
LUPIN-III.NFO,07/01/2020,11:16:04,779.75,763.6,1400,767.65,3500,0,4900
LUPIN-III.NFO,07/01/2020,11:16:05,779.75,763.7,1400,767.65,3500,0,4900
LUPIN-III.NFO,07/01/2020,11:16:06,779.75,763.8,1400,767.65,3500,0,4900
LUPIN-III.NFO,07/01/2020,11:16:06,779.75,763.9,1400,767.65,3500,0,4900
LUPIN-III.NFO,07/01/2020,11:16:07,779.75,764,1400,767.65,3500,0,4900
LUPIN-III.NFO,07/01/2020,11:16:09,779.75,764.1,1400,767.65,3500,0,4900
LUPIN-III.NFO,07/01/2020,11:16:09,779.75,764.2,1400,767.65,2100,0,4900
LUPIN-III.NFO,07/01/2020,11:16:10,779.75,764.3,1400,767.65,2100,0,4900
LUPIN-III.NFO,07/01/2020,11:16:11,779.75,764.4,1400,767.65,2100,0,4900
LUPIN-III.NFO,07/01/2020,11:16:16,779.75,762.2,1400,767.65,2100,0,4900
LUPIN-III.NFO,07/01/2020,11:16:23,779.75,762.9,1400,767.65,2100,0,4900
LUPIN-III.NFO,07/01/2020,11:16:29,779.75,765.95,1400,768.5,1400,0,4900
LUPIN-III.NFO,07/01/2020,11:16:35,779.75,766.25,700,767.9,1400,0,4900
LUPIN-III.NFO,07/01/2020,11:16:40,779.75,766.25,700,767.65,700,0,4900
LUPIN-III.NFO,07/01/2020,11:16:45,779.75,766.25,700,767.7,700,0,4900
LUPIN-III.NFO,07/01/2020,11:16:58,779.75,762.4,1400,767.7,1400,0,4900
LUPIN-III.NFO,07/01/2020,11:17:04,779.75,763,1400,767.7,700,0,4900
LUPIN-III.NFO,07/01/2020,11:17:08,779.75,763.5,1400,767.7,700,0,4900
LUPIN-III.NFO,07/01/2020,11:17:13,779.75,764,1400,767.7,700,0,4900
LUPIN-III.NFO,07/01/2020,11:17:18,779.75,764.5,1400,767.7,1400,0,4900
LUPIN-III.NFO,07/01/2020,11:17:22,779.75,765,1400,767.7,1400,0,4900
LUPIN-III.NFO,07/01/2020,11:17:27,779.75,765.5,1400,767.7,700,0,4900
LUPIN-III.NFO,07/01/2020,11:17:32,779.75,760.8,2100,767.7,1400,0,4900
LUPIN-III.NFO,07/01/2020,11:17:38,779.75,761.5,2100,767.7,1400,0,4900
LUPIN-III.NFO,07/01/2020,11:17:45,779.75,762.3,2100,767.7,1400,0,4900
LUPIN-III.NFO,07/01/2020,11:17:50,779.75,765.95,700,767.7,1400,0,4900
LUPIN-III.NFO,07/01/2020,11:17:54,779.75,765.95,1400,767.7,1400,0,4900
LUPIN-III.NFO,07/01/2020,11:18:04,779.75,763.1,1400,768.9,2800,0,4900
LUPIN-III.NFO,07/01/2020,11:18:16,779.75,764.3,1400,767.7,1400,0,4900
LUPIN-III.NFO,07/01/2020,11:18:21,779.75,764.9,1400,767.95,1400,0,4900
LUPIN-III.NFO,07/01/2020,11:18:25,779.75,765.4,1400,768.3,2800,0,4900
LUPIN-III.NFO,07/01/2020,11:18:30,779.75,765.5,700,767.8,1400,0,4900
LUPIN-III.NFO,07/01/2020,11:18:35,779.75,765.7,700,767.55,1400,0,4900
LUPIN-III.NFO,07/01/2020,11:18:41,779.75,765.6,1400,767.6,1400,0,4900
LUPIN-III.NFO,07/01/2020,11:18:48,779.75,765.8,1400,767.7,700,0,4900
LUPIN-III.NFO,07/01/2020,11:18:54,779.75,765.9,700,767.7,1400,0,4900
LUPIN-III.NFO,07/01/2020,11:18:59,779.75,766.1,1400,768.35,1400,0,4900
LUPIN-III.NFO,07/01/2020,11:19:05,779.75,766.35,1400,768.95,1400,0,4900
LUPIN-III.NFO,07/01/2020,11:19:11,779.75,763.3,2100,768.7,700,0,4900
LUPIN-III.NFO,07/01/2020,11:19:13,779.75,763.5,2100,768.85,1400,0,4900
LUPIN-III.NFO,07/01/2020,11:19:14,779.75,763.6,2100,768.75,700,0,4900
LUPIN-III.NFO,07/01/2020,11:19:15,779.75,763.7,2100,768.7,1400,0,4900
LUPIN-III.NFO,07/01/2020,11:19:15,779.75,763.8,1400,768.7,1400,0,4900
LUPIN-III.NFO,07/01/2020,11:19:16,779.75,765.7,700,768.7,1400,0,4900
LUPIN-III.NFO,07/01/2020,11:19:17,779.75,766.2,700,768.15,700,0,4900
LUPIN-III.NFO,07/01/2020,11:19:18,779.75,766.2,700,768.1,700,0,4900
LUPIN-III.NFO,07/01/2020,11:19:19,779.75,764,1400,768.2,700,0,4900
LUPIN-III.NFO,07/01/2020,11:19:21,779.75,764.1,1400,768.1,1400,0,4900
LUPIN-III.NFO,07/01/2020,11:19:22,779.75,764.2,1400,768,700,0,4900
LUPIN-III.NFO,07/01/2020,11:19:23,779.75,764.3,1400,767.95,1400,0,4900
LUPIN-III.NFO,07/01/2020,11:19:24,779.75,764.5,1400,767.95,1400,0,4900
LUPIN-III.NFO,07/01/2020,11:19:25,779.75,764.6,1400,769.25,1400,0,4900
LUPIN-III.NFO,07/01/2020,11:19:29,779.75,766.5,700,768.85,1400,0,4900
LUPIN-III.NFO,07/01/2020,11:19:30,779.75,766.55,700,768.55,700,0,4900
LUPIN-III.NFO,07/01/2020,11:19:32,779.75,766.55,700,768.5,700,0,4900
LUPIN-III.NFO,07/01/2020,11:19:33,779.75,766.55,700,768.6,1400,0,4900
LUPIN-III.NFO,07/01/2020,11:19:34,779.75,765,1400,768.5,700,0,4900
LUPIN-III.NFO,07/01/2020,11:19:35,779.75,765.2,1400,768.4,700,0,4900
LUPIN-III.NFO,07/01/2020,11:19:36,779.75,765.3,1400,768.6,700,0,4900
LUPIN-III.NFO,07/01/2020,11:19:37,779.75,765.4,1400,768.45,700,0,4900
LUPIN-III.NFO,07/01/2020,11:19:38,779.75,765.5,1400,768.4,1400,0,4900
LUPIN-III.NFO,07/01/2020,11:19:39,779.75,765.6,1400,768.5,700,0,4900
LUPIN-III.NFO,07/01/2020,11:19:41,779.75,765.7,1400,768.6,700,0,4900
LUPIN-III.NFO,07/01/2020,11:19:43,779.75,765.9,1400,768.45,700,0,4900
LUPIN-III.NFO,07/01/2020,11:19:44,779.75,766.1,1400,768.45,1400,0,4900
LUPIN-III.NFO,07/01/2020,11:19:45,779.75,766.1,700,768.45,1400,0,4900
LUPIN-III.NFO,07/01/2020,11:19:46,779.75,766.4,700,768.45,1400,0,4900
LUPIN-III.NFO,07/01/2020,11:19:48,779.75,766.25,700,768.45,2100,0,4900
LUPIN-III.NFO,07/01/2020,11:19:49,779.75,761.2,2100,768.45,2100,0,4900
LUPIN-III.NFO,07/01/2020,11:19:51,779.75,761.3,2100,768.45,1400,0,4900
LUPIN-III.NFO,07/01/2020,11:19:51,779.75,761.4,2100,768.45,1400,0,4900
LUPIN-III.NFO,07/01/2020,11:19:52,779.75,761.5,2100,768.45,2100,0,4900
LUPIN-III.NFO,07/01/2020,11:19:53,779.75,761.6,2100,768.45,2100,0,4900
LUPIN-III.NFO,07/01/2020,11:19:54,779.75,761.7,2100,768.45,2100,0,4900
LUPIN-III.NFO,07/01/2020,11:19:55,779.75,761.9,2100,768.45,2100,0,4900
LUPIN-III.NFO,07/01/2020,11:19:57,779.75,762,2100,768.45,2100,0,4900
LUPIN-III.NFO,07/01/2020,11:19:59,779.75,762.2,2100,768.45,2100,0,4900
LUPIN-III.NFO,07/01/2020,11:20:00,779.75,762.3,2100,768.45,2100,0,4900
LUPIN-III.NFO,07/01/2020,11:20:01,779.75,762.4,2100,768.3,700,0,4900
LUPIN-III.NFO,07/01/2020,11:20:02,779.75,762.5,2100,769.15,1400,0,4900
LUPIN-III.NFO,07/01/2020,11:20:03,779.75,766.2,1400,769.05,2100,0,4900
LUPIN-III.NFO,07/01/2020,11:20:04,779.75,766.2,1400,768.85,1400,0,4900
LUPIN-III.NFO,07/01/2020,11:20:05,779.75,766.2,1400,768.75,1400,0,4900
LUPIN-III.NFO,07/01/2020,11:20:07,779.75,762.7,2100,768.45,700,0,4900
LUPIN-III.NFO,07/01/2020,11:20:08,779.75,762.8,2100,768.4,700,0,4900
LUPIN-III.NFO,07/01/2020,11:20:08,779.75,763.1,700,768.4,700,0,4900
LUPIN-III.NFO,07/01/2020,11:20:09,779.75,763.3,1400,768.35,700,0,4900
LUPIN-III.NFO,07/01/2020,11:20:11,779.75,763.5,1400,768.5,700,0,4900
LUPIN-III.NFO,07/01/2020,11:20:11,779.75,763.6,1400,768.45,700,0,4900
LUPIN-III.NFO,07/01/2020,11:20:13,779.75,763.7,1400,768.4,1400,0,4900
LUPIN-III.NFO,07/01/2020,11:20:13,779.75,763.8,1400,768.4,1400,0,4900
LUPIN-III.NFO,07/01/2020,11:20:15,779.75,763.9,1400,768.4,1400,0,4900
LUPIN-III.NFO,07/01/2020,11:20:15,779.75,764,1400,768.4,1400,0,4900
LUPIN-III.NFO,07/01/2020,11:20:16,779.75,764.1,1400,768.4,1400,0,4900
LUPIN-III.NFO,07/01/2020,11:20:17,779.75,764.2,1400,768.4,1400,0,4900
LUPIN-III.NFO,07/01/2020,11:20:18,779.75,764.3,1400,768.4,1400,0,4900
LUPIN-III.NFO,07/01/2020,11:20:19,779.75,764.4,1400,768.4,1400,0,4900
LUPIN-III.NFO,07/01/2020,11:20:20,779.75,764.5,1400,768.25,700,0,4900
LUPIN-III.NFO,07/01/2020,11:20:21,779.75,764.6,1400,768.2,1400,0,4900
LUPIN-III.NFO,07/01/2020,11:20:22,779.75,764.7,1400,768.2,1400,0,4900
LUPIN-III.NFO,07/01/2020,11:20:23,779.75,764.9,1400,768.2,1400,0,4900
LUPIN-III.NFO,07/01/2020,11:20:24,779.75,765,1400,768.25,700,0,4900
LUPIN-III.NFO,07/01/2020,11:20:25,779.75,765,1400,769,1400,0,4900
LUPIN-III.NFO,07/01/2020,11:20:28,779.75,765.4,1400,768.6,700,0,4900
LUPIN-III.NFO,07/01/2020,11:20:30,779.75,765.7,1400,768.45,700,0,4900
LUPIN-III.NFO,07/01/2020,11:20:32,779.75,765.8,1400,768.45,700,0,4900
LUPIN-III.NFO,07/01/2020,11:20:32,779.75,765.9,1400,768.45,700,0,4900
LUPIN-III.NFO,07/01/2020,11:20:34,779.75,766,1400,768.45,700,0,4900
LUPIN-III.NFO,07/01/2020,11:20:35,779.75,766.1,1400,768.45,1400,0,4900
LUPIN-III.NFO,07/01/2020,11:20:36,779.75,766.2,1400,768.45,1400,0,4900
LUPIN-III.NFO,07/01/2020,11:20:37,779.75,766.3,1400,768.45,1400,0,4900
LUPIN-III.NFO,07/01/2020,11:20:38,779.75,766.4,1400,768.45,1400,0,4900
LUPIN-III.NFO,07/01/2020,11:20:39,779.75,766.5,1400,768.45,1400,0,4900
LUPIN-III.NFO,07/01/2020,11:20:40,779.75,766.6,1400,768.45,1400,0,4900
LUPIN-III.NFO,07/01/2020,11:20:41,779.75,766.7,700,768.45,1400,0,4900
LUPIN-III.NFO,07/01/2020,11:20:47,779.75,766.8,700,768.45,1400,0,4900
LUPIN-III.NFO,07/01/2020,11:20:52,779.75,766.8,1400,768.45,1400,0,4900
LUPIN-III.NFO,07/01/2020,11:20:58,779.75,766.7,700,768.45,2100,0,4900
LUPIN-III.NFO,07/01/2020,11:20:59,779.75,766.7,700,768.45,1400,0,4900
LUPIN-III.NFO,07/01/2020,11:21:02,779.75,766.7,1400,768.45,1400,0,4900
LUPIN-III.NFO,07/01/2020,11:21:03,779.75,766.9,700,768.45,1400,0,4900
LUPIN-III.NFO,07/01/2020,11:21:04,779.75,766.65,700,768.45,1400,0,4900
LUPIN-III.NFO,07/01/2020,11:21:05,779.75,766.75,700,768.45,1400,0,4900
LUPIN-III.NFO,07/01/2020,11:21:07,779.75,766.75,1400,768.45,1400,0,4900
LUPIN-III.NFO,07/01/2020,11:21:16,779.75,766.75,700,768.45,1400,0,4900
LUPIN-III.NFO,07/01/2020,11:21:31,779.75,766.75,700,768.45,700,0,4900
LUPIN-III.NFO,07/01/2020,11:21:37,779.75,766.75,700,768.45,1400,0,4900
LUPIN-III.NFO,07/01/2020,11:21:43,779.75,766.75,700,769.3,1400,0,4900
LUPIN-III.NFO,07/01/2020,11:21:48,779.75,766.75,700,768.7,1400,0,4900
LUPIN-III.NFO,07/01/2020,11:21:52,779.75,766.75,700,768.65,2100,0,4900
LUPIN-III.NFO,07/01/2020,11:21:57,779.75,766.75,700,769.8,2100,0,4900
LUPIN-III.NFO,07/01/2020,11:22:00,779.75,766.75,700,769.4,2800,0,4900
LUPIN-III.NFO,07/01/2020,11:22:04,779.75,766.75,700,768.9,1400,0,4900
LUPIN-III.NFO,07/01/2020,11:22:08,779.75,766.75,700,768.5,1400,0,4900
LUPIN-III.NFO,07/01/2020,11:22:13,779.75,766.75,700,768.25,1400,0,4900
LUPIN-III.NFO,07/01/2020,11:22:17,779.75,766.75,700,768.25,700,0,4900
LUPIN-III.NFO,07/01/2020,11:22:26,779.75,766.75,700,768.55,1400,0,4900
LUPIN-III.NFO,07/01/2020,11:22:31,779.75,766.3,700,768.2,1400,0,4900
LUPIN-III.NFO,07/01/2020,11:22:36,779.75,766.4,1400,768.2,700,0,4900
LUPIN-III.NFO,07/01/2020,11:22:40,779.75,761.65,2100,769.25,1400,0,4900
LUPIN-III.NFO,07/01/2020,11:22:44,779.75,762.05,2100,768.65,1400,0,4900
LUPIN-III.NFO,07/01/2020,11:22:49,779.75,766.15,1400,768.15,700,0,4900
LUPIN-III.NFO,07/01/2020,11:22:54,779.75,761.25,2100,769,2100,0,4900
LUPIN-III.NFO,07/01/2020,11:23:00,779.75,761.85,2100,768.4,700,0,4900
LUPIN-III.NFO,07/01/2020,11:23:05,779.75,766.7,700,768.6,1400,0,4900
LUPIN-III.NFO,07/01/2020,11:23:10,779.75,766.7,700,769.35,1400,0,4900
LUPIN-III.NFO,07/01/2020,11:23:16,779.75,766.7,700,768.75,1400,0,4900
LUPIN-III.NFO,07/01/2020,11:23:21,779.75,766.65,1400,770.05,3500,0,4900
LUPIN-III.NFO,07/01/2020,11:23:29,779.75,765.8,700,770.05,3500,0,4900
LUPIN-III.NFO,07/01/2020,11:23:33,779.75,766.9,700,770.05,3500,0,4900
LUPIN-III.NFO,07/01/2020,11:23:37,779.75,766.7,1400,770.05,3500,0,4900
LUPIN-III.NFO,07/01/2020,11:23:42,779.75,766.8,1400,770.05,2800,0,4900
LUPIN-III.NFO,07/01/2020,11:23:47,779.75,766.9,700,770.05,2800,0,4900
LUPIN-III.NFO,07/01/2020,11:23:51,779.75,766.9,700,769.75,1400,0,4900
LUPIN-III.NFO,07/01/2020,11:23:56,779.75,767.1,700,769.25,1400,0,4900
LUPIN-III.NFO,07/01/2020,11:24:02,779.75,767.4,700,769.65,1400,0,4900
LUPIN-III.NFO,07/01/2020,11:24:08,779.75,767.6,700,769.2,1400,0,4900
LUPIN-III.NFO,07/01/2020,11:24:12,779.75,765,1400,770.85,2800,0,4900
LUPIN-III.NFO,07/01/2020,11:24:13,779.75,765.1,1400,770.75,2100,0,4900
LUPIN-III.NFO,07/01/2020,11:24:14,779.75,765.2,1400,770.65,1400,0,4900
LUPIN-III.NFO,07/01/2020,11:24:22,779.75,766.1,1400,769.75,700,0,4900
LUPIN-III.NFO,07/01/2020,11:24:23,779.75,766.2,1400,769.7,1400,0,4900
LUPIN-III.NFO,07/01/2020,11:24:24,779.75,766.3,1400,769.7,1400,0,4900
LUPIN-III.NFO,07/01/2020,11:24:26,779.75,766.5,1400,769.7,2100,0,4900
LUPIN-III.NFO,07/01/2020,11:24:27,779.75,766.6,1400,769.7,2100,0,4900
LUPIN-III.NFO,07/01/2020,11:24:28,779.75,766.7,1400,769.7,2100,0,4900
LUPIN-III.NFO,07/01/2020,11:24:29,779.75,766.8,1400,769.7,2100,0,4900
LUPIN-III.NFO,07/01/2020,11:24:29,779.75,766.9,1400,769.7,2100,0,4900
LUPIN-III.NFO,07/01/2020,11:24:31,779.75,767,1400,769.7,2100,0,4900
LUPIN-III.NFO,07/01/2020,11:24:31,779.75,767.1,1400,769.7,2100,0,4900
LUPIN-III.NFO,07/01/2020,11:24:32,779.75,767.2,1400,769.7,2100,0,4900
LUPIN-III.NFO,07/01/2020,11:24:33,779.75,767.3,1400,769.7,2100,0,4900
LUPIN-III.NFO,07/01/2020,11:24:34,779.75,767.4,1400,769.7,2100,0,4900
LUPIN-III.NFO,07/01/2020,11:24:35,779.75,767.5,1400,769.7,2100,0,4900
LUPIN-III.NFO,07/01/2020,11:24:36,779.75,767.6,1400,769.7,2100,0,4900
LUPIN-III.NFO,07/01/2020,11:24:37,779.75,767.7,1400,769.7,2100,0,4900
LUPIN-III.NFO,07/01/2020,11:24:38,779.75,767.8,1400,769.7,2100,0,4900
LUPIN-III.NFO,07/01/2020,11:24:39,779.75,767.9,1400,769.7,2100,0,4900
LUPIN-III.NFO,07/01/2020,11:24:45,779.75,764.55,1400,769.7,2100,0,4900
LUPIN-III.NFO,07/01/2020,11:24:46,779.75,767.3,700,769.7,2100,0,4900
LUPIN-III.NFO,07/01/2020,11:24:47,779.75,767.4,1400,769.7,2100,0,4900
LUPIN-III.NFO,07/01/2020,11:24:48,779.75,767.5,1400,769.7,2100,0,4900
LUPIN-III.NFO,07/01/2020,11:24:49,779.75,767.6,1400,769.7,2100,0,4900
LUPIN-III.NFO,07/01/2020,11:24:51,779.75,767.6,700,769.7,2100,0,4900
LUPIN-III.NFO,07/01/2020,11:25:00,779.75,767.6,1400,769.7,2100,0,4900
LUPIN-III.NFO,07/01/2020,11:25:03,779.75,767.7,1400,769.7,2100,0,4900
LUPIN-III.NFO,07/01/2020,11:25:04,779.75,767.7,700,769.7,2100,0,4900
LUPIN-III.NFO,07/01/2020,11:25:05,779.75,767.7,1400,769.7,2100,0,4900
LUPIN-III.NFO,07/01/2020,11:25:06,779.75,767.7,700,769.7,2100,0,4900
LUPIN-III.NFO,07/01/2020,11:25:11,779.75,767.7,1400,769.7,2100,0,4900
LUPIN-III.NFO,07/01/2020,11:25:17,779.75,767.9,700,769.7,2100,0,4900
LUPIN-III.NFO,07/01/2020,11:25:37,779.75,768.3,700,769.7,700,0,4900
LUPIN-III.NFO,07/01/2020,11:25:48,779.75,767.75,700,769.65,1400,0,4900
LUPIN-III.NFO,07/01/2020,11:25:53,779.75,767.75,1400,769.4,700,0,4900
LUPIN-III.NFO,07/01/2020,11:26:12,779.75,767.95,700,769.4,700,0,4900
LUPIN-III.NFO,07/01/2020,11:26:19,779.75,767.95,700,769.45,700,0,4900
LUPIN-III.NFO,07/01/2020,11:26:24,779.75,767.95,700,769.4,1400,0,4900
LUPIN-III.NFO,07/01/2020,11:26:38,779.75,767.95,700,769.4,700,0,4900
LUPIN-III.NFO,07/01/2020,11:26:44,779.75,767.95,700,769.4,1400,0,4900
LUPIN-III.NFO,07/01/2020,11:26:53,779.75,767.55,1400,769.15,700,0,4900
LUPIN-III.NFO,07/01/2020,11:27:01,779.75,762.6,2100,769.15,2100,0,4900
LUPIN-III.NFO,07/01/2020,11:27:05,779.75,763,2100,769.15,2100,0,4900
LUPIN-III.NFO,07/01/2020,11:27:08,779.75,763.4,2100,769.15,2100,0,4900
LUPIN-III.NFO,07/01/2020,11:27:11,779.75,763.7,1400,769.15,2100,0,4900
LUPIN-III.NFO,07/01/2020,11:27:15,779.75,764.1,1400,769.15,2100,0,4900
LUPIN-III.NFO,07/01/2020,11:27:18,779.75,764.5,1400,769.15,2100,0,4900
LUPIN-III.NFO,07/01/2020,11:27:22,779.75,766.9,700,769.15,2100,0,4900
LUPIN-III.NFO,07/01/2020,11:27:25,779.75,766.8,700,769.15,2800,0,4900
LUPIN-III.NFO,07/01/2020,11:27:34,779.75,762.1,2100,768.7,2100,0,4900
LUPIN-III.NFO,07/01/2020,11:27:38,779.75,762.5,2100,768.3,1400,0,4900
LUPIN-III.NFO,07/01/2020,11:27:42,779.75,763,1400,768.6,2100,0,4900
LUPIN-III.NFO,07/01/2020,11:27:46,779.75,763.5,1400,768.1,1400,0,4900
LUPIN-III.NFO,07/01/2020,11:27:50,779.75,763.9,1400,767.95,1400,0,4900
LUPIN-III.NFO,07/01/2020,11:27:55,779.75,764.4,1400,767.95,1400,0,4900
LUPIN-III.NFO,07/01/2020,11:27:58,779.75,764.7,1400,767.95,1400,0,4900
LUPIN-III.NFO,07/01/2020,11:28:02,779.75,765.2,1400,768.25,700,0,4900
LUPIN-III.NFO,07/01/2020,11:28:06,779.75,765.6,1400,768.2,1400,0,4900
LUPIN-III.NFO,07/01/2020,11:28:10,779.75,766.1,1400,768.2,2100,0,4900
LUPIN-III.NFO,07/01/2020,11:28:14,779.75,766.2,700,768.2,2100,0,4900
LUPIN-III.NFO,07/01/2020,11:28:18,779.75,766.5,1400,768.2,2100,0,4900
LUPIN-III.NFO,07/01/2020,11:28:22,779.75,766.6,700,768.2,2100,0,4900
LUPIN-III.NFO,07/01/2020,11:28:25,779.75,766.7,700,768.9,2100,0,4900
LUPIN-III.NFO,07/01/2020,11:28:32,779.75,766.7,700,768.6,1400,0,4900
LUPIN-III.NFO,07/01/2020,11:28:35,779.75,766.7,700,768.2,700,0,4900
LUPIN-III.NFO,07/01/2020,11:28:39,779.75,766.7,700,768.15,700,0,4900
LUPIN-III.NFO,07/01/2020,11:28:56,779.75,766.7,700,768.9,2800,0,4900
LUPIN-III.NFO,07/01/2020,11:29:00,779.75,766.7,700,768.9,2100,0,4900
LUPIN-III.NFO,07/01/2020,11:29:06,779.75,766.7,700,768.5,1400,0,4900
LUPIN-III.NFO,07/01/2020,11:29:11,779.75,766.8,700,768.45,1400,0,4900
LUPIN-III.NFO,07/01/2020,11:29:15,779.75,766.8,700,768.9,2100,0,4900
LUPIN-III.NFO,07/01/2020,11:29:22,779.75,766.8,1400,768.9,2100,0,4900
LUPIN-III.NFO,07/01/2020,11:29:25,779.75,766.9,1400,768.9,2100,0,4900
LUPIN-III.NFO,07/01/2020,11:29:36,779.75,767,700,768.9,2100,0,4900
LUPIN-III.NFO,07/01/2020,11:30:36,779.75,766.15,1400,768.7,2100,0,4900
LUPIN-III.NFO,07/01/2020,11:30:40,779.75,766.55,1400,768.3,700,0,4900
LUPIN-III.NFO,07/01/2020,11:30:42,779.75,766.65,700,768.25,700,0,4900
LUPIN-III.NFO,07/01/2020,11:31:00,779.75,766.65,1400,768.9,2100,0,4900
LUPIN-III.NFO,07/01/2020,11:31:07,779.75,766.65,700,768.25,700,0,4900
LUPIN-III.NFO,07/01/2020,11:31:13,779.75,766.65,700,768.9,2800,0,4900
LUPIN-III.NFO,07/01/2020,11:31:17,779.75,766.65,700,768.25,1400,0,4900
LUPIN-III.NFO,07/01/2020,11:31:22,779.75,766.85,700,768.4,1400,0,4900
LUPIN-III.NFO,07/01/2020,11:31:43,779.75,766.85,700,768.2,700,0,4900
LUPIN-III.NFO,07/01/2020,11:31:48,779.75,766.85,700,768.15,1400,0,4900
LUPIN-III.NFO,07/01/2020,11:32:00,779.75,766.85,700,768.4,700,0,4900
LUPIN-III.NFO,07/01/2020,11:32:06,779.75,766.85,700,768.35,700,0,4900
LUPIN-III.NFO,07/01/2020,11:32:12,779.75,766.3,1400,768.35,2800,0,4900
LUPIN-III.NFO,07/01/2020,11:32:17,779.75,766.3,1400,768.25,1400,0,4900
LUPIN-III.NFO,07/01/2020,11:32:21,779.75,766.3,1400,768.75,2100,0,4900
LUPIN-III.NFO,07/01/2020,11:32:26,779.75,761.6,2100,768.25,2100,0,4900
LUPIN-III.NFO,07/01/2020,11:32:30,779.75,762.1,2100,767.75,1400,0,4900
LUPIN-III.NFO,07/01/2020,11:32:36,779.75,762.7,1400,768.7,2100,0,4900
LUPIN-III.NFO,07/01/2020,11:32:41,779.75,763.2,1400,768.2,1400,0,4900
LUPIN-III.NFO,07/01/2020,11:32:46,779.75,763.7,1400,767.7,700,0,4900
LUPIN-III.NFO,07/01/2020,11:32:50,779.75,765.85,1400,767.55,1400,0,4900
LUPIN-III.NFO,07/01/2020,11:32:55,779.75,765.95,700,767.55,700,0,4900
LUPIN-III.NFO,07/01/2020,11:32:59,779.75,766.05,700,767.55,1400,0,4900
LUPIN-III.NFO,07/01/2020,11:33:28,779.75,766.25,700,767.9,1400,0,4900
LUPIN-III.NFO,07/01/2020,11:33:45,779.75,766.55,700,768.4,1400,0,4900
LUPIN-III.NFO,07/01/2020,11:33:49,779.75,766.55,700,768.15,1400,0,4900
LUPIN-III.NFO,07/01/2020,11:33:54,779.75,766.75,700,768.3,700,0,4900
LUPIN-III.NFO,07/01/2020,11:34:00,779.75,766.95,700,768.25,1400,0,4900
LUPIN-III.NFO,07/01/2020,11:34:12,779.75,767.05,1400,768.95,1400,0,4900
LUPIN-III.NFO,07/01/2020,11:34:19,779.75,767.25,700,768.9,700,0,4900
LUPIN-III.NFO,07/01/2020,11:34:25,779.75,767.25,700,768.95,1400,0,4900
LUPIN-III.NFO,07/01/2020,11:34:31,779.75,767.45,1400,769.25,1400,0,4900
LUPIN-III.NFO,07/01/2020,11:34:38,779.75,767.25,700,769.25,2100,0,4900
LUPIN-III.NFO,07/01/2020,11:34:44,779.75,767.25,700,769.25,2800,0,4900
LUPIN-III.NFO,07/01/2020,11:34:49,779.75,767.25,700,769.25,2100,0,4900
LUPIN-III.NFO,07/01/2020,11:35:00,779.75,767.45,700,769.25,2100,0,4900
LUPIN-III.NFO,07/01/2020,11:35:06,779.75,767.55,700,769.25,2100,0,4900
LUPIN-III.NFO,07/01/2020,11:35:12,779.75,767.65,700,769.25,1400,0,4900
LUPIN-III.NFO,07/01/2020,11:35:17,779.75,767.65,700,769.25,2100,0,4900
LUPIN-III.NFO,07/01/2020,11:35:36,779.75,767.5,700,769.25,2100,0,4900
LUPIN-III.NFO,07/01/2020,11:35:47,779.75,767.3,700,769.25,2100,0,4900
LUPIN-III.NFO,07/01/2020,11:35:53,779.75,767.55,1400,770.3,2100,0,4900
LUPIN-III.NFO,07/01/2020,11:35:58,779.75,767.75,700,769.7,1400,0,4900
LUPIN-III.NFO,07/01/2020,11:36:04,779.75,764.15,700,769.35,700,0,4900
LUPIN-III.NFO,07/01/2020,11:36:09,779.75,767.8,1400,769.65,700,0,4900
LUPIN-III.NFO,07/01/2020,11:36:15,779.75,768,700,770.6,1400,0,4900
LUPIN-III.NFO,07/01/2020,11:36:20,779.75,768,700,770,1400,0,4900
LUPIN-III.NFO,07/01/2020,11:36:25,779.75,768,700,770.3,1400,0,4900
LUPIN-III.NFO,07/01/2020,11:36:29,779.75,768,700,769.8,1400,0,4900
LUPIN-III.NFO,07/01/2020,11:36:34,779.75,768,700,769.45,1400,0,4900
LUPIN-III.NFO,07/01/2020,11:36:49,779.75,766.85,1400,769.2,2100,0,4900
LUPIN-III.NFO,07/01/2020,11:36:57,779.75,767.05,700,768.75,700,0,4900
LUPIN-III.NFO,07/01/2020,11:37:03,779.75,766.95,700,768.9,2100,0,4900
LUPIN-III.NFO,07/01/2020,11:37:08,779.75,766.95,1400,768.7,700,0,4900
LUPIN-III.NFO,07/01/2020,11:37:12,779.75,765.55,1400,769.35,1400,0,4900
LUPIN-III.NFO,07/01/2020,11:37:16,779.75,765.85,1400,769.05,700,0,4900
LUPIN-III.NFO,07/01/2020,11:37:20,779.75,766.35,1400,769.7,2100,0,4900
LUPIN-III.NFO,07/01/2020,11:37:23,779.75,766.65,1400,769.7,2100,0,4900
LUPIN-III.NFO,07/01/2020,11:37:26,779.75,766.95,1400,769.7,2100,0,4900
LUPIN-III.NFO,07/01/2020,11:37:30,779.75,767.25,1400,769.3,1400,0,4900
LUPIN-III.NFO,07/01/2020,11:37:34,779.75,767.1,1400,768.8,700,0,4900
LUPIN-III.NFO,07/01/2020,11:37:38,779.75,767.2,1400,769.05,1400,0,4900
LUPIN-III.NFO,07/01/2020,11:37:42,779.75,767.3,700,769.05,1400,0,4900
LUPIN-III.NFO,07/01/2020,11:37:46,779.75,767.3,700,768.95,1400,0,4900
LUPIN-III.NFO,07/01/2020,11:37:52,779.75,767.15,700,768.9,700,0,4900
LUPIN-III.NFO,07/01/2020,11:37:56,779.75,767.15,700,768.9,1400,0,4900
LUPIN-III.NFO,07/01/2020,11:38:03,779.75,767.25,700,769.95,1400,0,4900
LUPIN-III.NFO,07/01/2020,11:38:07,779.75,764.3,1400,769.55,1400,0,4900
LUPIN-III.NFO,07/01/2020,11:38:12,779.75,764.8,1400,769.05,700,0,4900
LUPIN-III.NFO,07/01/2020,11:38:16,779.75,765.2,1400,769,700,0,4900
LUPIN-III.NFO,07/01/2020,11:38:19,779.75,765.6,1400,769,700,0,4900
LUPIN-III.NFO,07/01/2020,11:38:22,779.75,765.9,1400,769,700,0,4900
LUPIN-III.NFO,07/01/2020,11:38:25,779.75,766.3,1400,769,2100,0,4900
LUPIN-III.NFO,07/01/2020,11:38:29,779.75,766.7,1400,769,2100,0,4900
LUPIN-III.NFO,07/01/2020,11:38:32,779.75,767,700,769,2100,0,4900
LUPIN-III.NFO,07/01/2020,11:38:35,779.75,767.1,700,769,2100,0,4900
LUPIN-III.NFO,07/01/2020,11:38:51,779.75,767.1,1400,769,2100,0,4900
LUPIN-III.NFO,07/01/2020,11:38:55,779.75,767.1,700,769,2100,0,4900
LUPIN-III.NFO,07/01/2020,11:39:11,779.75,767.2,700,769,2100,0,4900
LUPIN-III.NFO,07/01/2020,11:39:31,779.75,766.9,1400,769,2100,0,4900
LUPIN-III.NFO,07/01/2020,11:39:36,779.75,767,700,769,2100,0,4900
LUPIN-III.NFO,07/01/2020,11:39:44,779.75,767,700,769,2800,0,4900
LUPIN-III.NFO,07/01/2020,11:39:49,779.75,767,700,769,2100,0,4900
LUPIN-III.NFO,07/01/2020,11:39:56,779.75,766.55,700,768.4,1400,0,4900
LUPIN-III.NFO,07/01/2020,11:40:03,779.75,766.55,700,768.05,1400,0,4900
LUPIN-III.NFO,07/01/2020,11:40:08,779.75,766.55,700,768.05,700,0,4900
LUPIN-III.NFO,07/01/2020,11:40:13,779.75,766.55,700,768.05,1400,0,4900
LUPIN-III.NFO,07/01/2020,11:40:17,779.75,766.55,700,768.05,700,0,4900
LUPIN-III.NFO,07/01/2020,11:40:34,779.75,766.55,700,768.05,1400,0,4900
LUPIN-III.NFO,07/01/2020,11:40:37,779.75,766.55,700,768.05,700,0,4900
LUPIN-III.NFO,07/01/2020,11:40:47,779.75,766.55,700,768.1,700,0,4900
LUPIN-III.NFO,07/01/2020,11:40:50,779.75,766.55,700,768.05,700,0,4900
LUPIN-III.NFO,07/01/2020,11:40:53,779.75,766.55,700,767.95,700,0,4900
LUPIN-III.NFO,07/01/2020,11:40:56,779.75,766.55,700,768.2,1400,0,4900
LUPIN-III.NFO,07/01/2020,11:40:59,779.75,766.55,700,768.05,1400,0,4900
LUPIN-III.NFO,07/01/2020,11:41:20,779.75,766.55,1400,768.05,1400,0,4900
LUPIN-III.NFO,07/01/2020,11:41:41,779.75,766.55,700,768.05,1400,0,4900
LUPIN-III.NFO,07/01/2020,11:41:58,779.75,766.55,1400,768.05,1400,0,4900
LUPIN-III.NFO,07/01/2020,11:42:18,779.75,766.55,1400,768.2,1400,0,4900
LUPIN-III.NFO,07/01/2020,11:42:28,779.75,766.65,1400,768.2,1400,0,4900
LUPIN-III.NFO,07/01/2020,11:42:35,779.75,766.75,1400,768.2,1400,0,4900
LUPIN-III.NFO,07/01/2020,11:42:45,779.75,766.85,1400,768.55,1400,0,4900
LUPIN-III.NFO,07/01/2020,11:42:49,779.75,766.85,700,768.55,1400,0,4900
LUPIN-III.NFO,07/01/2020,11:43:06,779.75,766.7,700,768.3,700,0,4900
LUPIN-III.NFO,07/01/2020,11:43:27,779.75,766.7,700,768.2,700,0,4900
LUPIN-III.NFO,07/01/2020,11:43:31,779.75,766.7,700,768.2,1400,0,4900
LUPIN-III.NFO,07/01/2020,11:43:52,768.3,766.9,1400,769.25,1400,700,4900
LUPIN-III.NFO,07/01/2020,11:43:52,768.3,766.9,1400,769.25,1400,0,4900
LUPIN-III.NFO,07/01/2020,11:43:56,768.3,767.4,1400,769.25,2100,0,4900
LUPIN-III.NFO,07/01/2020,11:44:00,768.3,765.65,1400,769.25,2100,0,4900
LUPIN-III.NFO,07/01/2020,11:44:02,768.3,765.85,1400,769.25,1400,0,4900
LUPIN-III.NFO,07/01/2020,11:44:05,768.3,766.15,1400,769.25,1400,0,4900
LUPIN-III.NFO,07/01/2020,11:44:08,768.3,766.55,1400,769.05,1400,0,4900
LUPIN-III.NFO,07/01/2020,11:44:11,768.3,766.85,1400,770,1400,0,4900
LUPIN-III.NFO,07/01/2020,11:44:19,768.3,767.35,1400,769.1,1400,0,4900
LUPIN-III.NFO,07/01/2020,11:44:22,768.3,767.35,700,768.85,700,0,4900
LUPIN-III.NFO,07/01/2020,11:44:26,768.3,767.55,1400,769.75,1400,0,4900
LUPIN-III.NFO,07/01/2020,11:44:28,768.3,767.65,700,769.3,1400,0,4900
LUPIN-III.NFO,07/01/2020,11:44:31,768.3,763.2,2100,769.3,2100,0,4900
LUPIN-III.NFO,07/01/2020,11:44:34,768.3,763.5,2100,769.3,2100,0,4900
LUPIN-III.NFO,07/01/2020,11:44:37,768.3,763.8,2100,769.3,2100,0,4900
LUPIN-III.NFO,07/01/2020,11:44:40,768.3,767.4,1400,769.3,2100,0,4900
