Ticker,Date,Time,LTP,BuyPrice,BuyQty,SellPrice,SellQty,LTQ,OpenInterest
M&M-III.NFO,07/01/2020,10:10:46,537.6,536.4,2000,537.4,1000,1000,10000
M&M-III.NFO,07/01/2020,10:10:46,537.6,536.4,2000,537.4,1000,0,10000
M&M-III.NFO,07/01/2020,10:10:46,537.6,536.4,2000,537.4,1000,0,10000
M&M-III.NFO,07/01/2020,10:10:46,537.6,536.4,2000,537.4,1000,0,10000
M&M-III.NFO,07/01/2020,10:10:51,537.6,536.6,1000,537.4,1000,0,10000
M&M-III.NFO,07/01/2020,10:11:03,537.6,536.65,2000,537.4,1000,0,10000
M&M-III.NFO,07/01/2020,10:11:12,537.6,536.65,2000,537.35,3000,0,10000
M&M-III.NFO,07/01/2020,10:11:18,537.6,536.65,1000,537.35,3000,0,10000
M&M-III.NFO,07/01/2020,10:11:29,537.6,536.65,2000,537.35,3000,0,10000
M&M-III.NFO,07/01/2020,10:11:39,537.6,536.65,1000,537.35,3000,0,10000
M&M-III.NFO,07/01/2020,10:11:44,537.6,536.65,1000,537.55,3000,0,10000
M&M-III.NFO,07/01/2020,10:11:49,537.6,536.65,1000,537.35,1000,0,10000
M&M-III.NFO,07/01/2020,10:11:54,537.6,536.65,2000,537.35,1000,0,10000
M&M-III.NFO,07/01/2020,10:12:05,537.6,536.65,2000,537.45,1000,0,10000
M&M-III.NFO,07/01/2020,10:12:11,537.6,536.65,1000,537.2,3000,0,10000
M&M-III.NFO,07/01/2020,10:12:17,537.6,536,6000,537.15,1000,0,10000
M&M-III.NFO,07/01/2020,10:12:26,537.6,536,6000,537.2,3000,0,10000
M&M-III.NFO,07/01/2020,10:12:35,537.6,536,6000,537.65,2000,0,10000
M&M-III.NFO,07/01/2020,10:12:40,537.6,536,6000,537.35,1000,0,10000
M&M-III.NFO,07/01/2020,10:12:45,537.6,536,6000,537.2,3000,0,10000
M&M-III.NFO,07/01/2020,10:12:50,537.6,536,6000,537.55,3000,0,10000
M&M-III.NFO,07/01/2020,10:12:55,537.6,536,6000,537.35,1000,0,10000
M&M-III.NFO,07/01/2020,10:13:01,537.6,536,6000,537.3,3000,0,10000
M&M-III.NFO,07/01/2020,10:13:27,537.6,536,6000,537.5,3000,0,10000
M&M-III.NFO,07/01/2020,10:13:31,537.6,536,6000,537.3,1000,0,10000
M&M-III.NFO,07/01/2020,10:13:39,537.6,536,6000,537.35,3000,0,10000
M&M-III.NFO,07/01/2020,10:13:50,537.6,536,6000,537.2,3000,0,10000
M&M-III.NFO,07/01/2020,10:15:01,537.6,536,6000,537.9,6000,0,10000
M&M-III.NFO,07/01/2020,10:15:06,537.6,536,6000,537.5,2000,0,10000
M&M-III.NFO,07/01/2020,10:15:11,537.6,536,6000,537.2,3000,0,10000
M&M-III.NFO,07/01/2020,10:15:52,537.6,536.1,1000,537.2,4000,0,10000
M&M-III.NFO,07/01/2020,10:16:07,537.6,536,1000,536.85,3000,0,10000
M&M-III.NFO,07/01/2020,10:16:11,537.6,536,2000,536.85,3000,0,10000
M&M-III.NFO,07/01/2020,10:16:16,537.6,536,2000,536.85,4000,0,10000
M&M-III.NFO,07/01/2020,10:16:29,537.6,536,2000,536.85,3000,0,10000
M&M-III.NFO,07/01/2020,10:16:58,537.6,536,2000,536.75,1000,0,10000
M&M-III.NFO,07/01/2020,10:17:02,537.6,536,1000,536.7,3000,0,10000
M&M-III.NFO,07/01/2020,10:17:06,537.6,535.95,1000,536.7,3000,0,10000
M&M-III.NFO,07/01/2020,10:17:16,537.6,536.25,1000,537.3,3000,0,10000
M&M-III.NFO,07/01/2020,10:17:19,537.6,536.25,1000,537,2000,0,10000
M&M-III.NFO,07/01/2020,10:17:23,537.6,535.45,4000,537.4,3000,0,10000
M&M-III.NFO,07/01/2020,10:17:27,537.6,535.85,2000,537,2000,0,10000
M&M-III.NFO,07/01/2020,10:17:32,537.6,536.35,2000,537.45,5000,0,10000
M&M-III.NFO,07/01/2020,10:17:41,537.6,535.5,6000,537.45,5000,0,10000
M&M-III.NFO,07/01/2020,10:18:26,537.6,535.5,7000,537.45,5000,0,10000
M&M-III.NFO,07/01/2020,10:18:30,537.6,536,4000,537.45,3000,0,10000
M&M-III.NFO,07/01/2020,10:18:35,537.6,536.85,1000,537.65,3000,0,10000
M&M-III.NFO,07/01/2020,10:18:40,537.6,536.6,1000,537.65,5000,0,10000
M&M-III.NFO,07/01/2020,10:18:46,537.6,536.5,3000,537.65,4000,0,10000
M&M-III.NFO,07/01/2020,10:18:51,537.6,536.7,1000,537.65,3000,0,10000
M&M-III.NFO,07/01/2020,10:18:56,537.6,536.85,2000,537.65,3000,0,10000
M&M-III.NFO,07/01/2020,10:19:00,537.6,536.85,2000,537.9,3000,0,10000
M&M-III.NFO,07/01/2020,10:19:05,537.6,536.85,2000,537.7,1000,0,10000
M&M-III.NFO,07/01/2020,10:19:35,537.6,537.05,1000,538.1,2000,0,10000
M&M-III.NFO,07/01/2020,10:19:38,537.6,537.1,2000,537.9,1000,0,10000
M&M-III.NFO,07/01/2020,10:19:42,537.6,536.25,4000,537.8,1000,0,10000
M&M-III.NFO,07/01/2020,10:19:45,537.6,537.05,1000,538.3,3000,0,10000
M&M-III.NFO,07/01/2020,10:19:49,537.6,537.2,2000,537.9,1000,0,10000
M&M-III.NFO,07/01/2020,10:19:54,537.6,537.45,2000,538.55,5000,0,10000
M&M-III.NFO,07/01/2020,10:20:06,537.6,537.45,1000,538.55,5000,0,10000
M&M-III.NFO,07/01/2020,10:20:09,537.6,537.35,1000,538.55,6000,0,10000
M&M-III.NFO,07/01/2020,10:20:14,537.6,537.2,1000,538.55,6000,0,10000
M&M-III.NFO,07/01/2020,10:20:19,537.6,537.25,1000,538.25,3000,0,10000
M&M-III.NFO,07/01/2020,10:20:23,537.6,537.25,2000,538.2,2000,0,10000
M&M-III.NFO,07/01/2020,10:20:28,537.6,537.25,2000,538.05,3000,0,10000
M&M-III.NFO,07/01/2020,10:20:45,537.6,537.25,2000,538.1,3000,0,10000
M&M-III.NFO,07/01/2020,10:20:49,537.6,537.4,2000,538.55,5000,0,10000
M&M-III.NFO,07/01/2020,10:21:16,537.6,537.4,1000,538.55,5000,0,10000
M&M-III.NFO,07/01/2020,10:21:20,537.6,536.9,3000,538.35,2000,0,10000
M&M-III.NFO,07/01/2020,10:21:24,537.6,537.3,1000,538.15,3000,0,10000
M&M-III.NFO,07/01/2020,10:21:28,537.6,537.35,2000,538.15,3000,0,10000
M&M-III.NFO,07/01/2020,10:21:43,537.6,537.35,2000,538.15,4000,0,10000
M&M-III.NFO,07/01/2020,10:21:51,537.6,537.35,1000,538.15,4000,0,10000
M&M-III.NFO,07/01/2020,10:22:01,537.6,537.35,2000,538.15,4000,0,10000
M&M-III.NFO,07/01/2020,10:22:04,537.6,537.35,2000,538.15,3000,0,10000
M&M-III.NFO,07/01/2020,10:22:08,537.6,537.35,1000,538.15,3000,0,10000
M&M-III.NFO,07/01/2020,10:22:16,537.6,537.35,2000,538.15,4000,0,10000
M&M-III.NFO,07/01/2020,10:22:24,537.6,537.35,2000,538.45,3000,0,10000
M&M-III.NFO,07/01/2020,10:22:26,537.6,537.35,2000,538.2,3000,0,10000
M&M-III.NFO,07/01/2020,10:22:45,537.6,537,2000,538,3000,0,10000
M&M-III.NFO,07/01/2020,10:22:51,537.6,537.15,1000,538,4000,0,10000
M&M-III.NFO,07/01/2020,10:23:05,537.6,537.15,2000,538.1,2000,0,10000
M&M-III.NFO,07/01/2020,10:23:10,537.6,537.15,2000,538,1000,0,10000
M&M-III.NFO,07/01/2020,10:23:14,537.6,537.15,3000,538.65,3000,0,10000
M&M-III.NFO,07/01/2020,10:23:18,537.6,537.4,1000,538.15,1000,0,10000
M&M-III.NFO,07/01/2020,10:23:30,537.6,537.4,2000,538.15,1000,0,10000
M&M-III.NFO,07/01/2020,10:23:42,537.6,537.4,2000,538.1,3000,0,10000
M&M-III.NFO,07/01/2020,10:24:05,537.6,537.4,2000,538.2,1000,0,10000
M&M-III.NFO,07/01/2020,10:24:09,537.6,537.4,2000,538.15,3000,0,10000
M&M-III.NFO,07/01/2020,10:24:17,537.6,537.4,2000,538.6,5000,0,10000
M&M-III.NFO,07/01/2020,10:24:37,537.6,537.8,1000,538.6,3000,0,10000
M&M-III.NFO,07/01/2020,10:24:40,537.6,537.65,1000,538.6,4000,0,10000
M&M-III.NFO,07/01/2020,10:24:44,537.6,537.8,1000,538.6,4000,0,10000
M&M-III.NFO,07/01/2020,10:25:12,537.6,537.8,1000,538.4,1000,0,10000
M&M-III.NFO,07/01/2020,10:25:15,537.6,537.8,1000,538.35,3000,0,10000
M&M-III.NFO,07/01/2020,10:25:23,537.6,537.4,2000,538.3,2000,0,10000
M&M-III.NFO,07/01/2020,10:25:27,537.6,537.1,2000,538.1,3000,0,10000
M&M-III.NFO,07/01/2020,10:25:31,537.6,537.35,1000,538.1,3000,0,10000
M&M-III.NFO,07/01/2020,10:25:36,537.6,537.25,1000,538.1,3000,0,10000
M&M-III.NFO,07/01/2020,10:25:41,537.6,537.1,1000,538,3000,0,10000
M&M-III.NFO,07/01/2020,10:25:46,537.6,537.15,2000,538.45,4000,0,10000
M&M-III.NFO,07/01/2020,10:25:51,537.6,537.25,1000,538.35,2000,0,10000
M&M-III.NFO,07/01/2020,10:25:56,537.6,537.1,2000,537.9,3000,0,10000
M&M-III.NFO,07/01/2020,10:26:04,537.6,537.1,2000,538.45,5000,0,10000
M&M-III.NFO,07/01/2020,10:26:08,537.6,537.1,2000,537.95,1000,0,10000
M&M-III.NFO,07/01/2020,10:26:14,537.6,537.1,2000,538.45,4000,0,10000
M&M-III.NFO,07/01/2020,10:26:18,537.6,537.1,2000,537.95,1000,0,10000
M&M-III.NFO,07/01/2020,10:26:21,537.6,537.1,2000,537.9,3000,0,10000
M&M-III.NFO,07/01/2020,10:26:29,537.6,536.75,2000,537.9,5000,0,10000
M&M-III.NFO,07/01/2020,10:26:32,537.6,537,1000,537.9,5000,0,10000
M&M-III.NFO,07/01/2020,10:26:52,537.6,536.5,4000,537.9,5000,0,10000
M&M-III.NFO,07/01/2020,10:26:56,537.6,536.5,5000,537.9,5000,0,10000
M&M-III.NFO,07/01/2020,10:27:03,537.6,536.9,1000,537.75,3000,0,10000
M&M-III.NFO,07/01/2020,10:27:07,537.6,536.95,1000,537.75,4000,0,10000
M&M-III.NFO,07/01/2020,10:27:13,537.6,536.95,2000,538.5,6000,0,10000
M&M-III.NFO,07/01/2020,10:27:37,537.6,537.15,1000,538.5,6000,0,10000
M&M-III.NFO,07/01/2020,10:27:41,537.6,537.2,2000,538.1,2000,0,10000
M&M-III.NFO,07/01/2020,10:27:45,537.6,536.9,1000,537.95,5000,0,10000
M&M-III.NFO,07/01/2020,10:27:49,537.6,536.95,2000,537.95,5000,0,10000
M&M-III.NFO,07/01/2020,10:28:04,537.6,536.95,2000,537.95,4000,0,10000
M&M-III.NFO,07/01/2020,10:28:10,537.6,537.3,2000,538.05,3000,0,10000
M&M-III.NFO,07/01/2020,10:28:17,537.6,537.3,2000,538.2,1000,0,10000
M&M-III.NFO,07/01/2020,10:28:20,537.6,537.3,2000,538.15,3000,0,10000
M&M-III.NFO,07/01/2020,10:28:41,537.6,537.15,1000,537.85,1000,0,10000
M&M-III.NFO,07/01/2020,10:28:44,537.6,537.15,1000,537.7,3000,0,10000
M&M-III.NFO,07/01/2020,10:28:48,537.6,536.7,2000,537.85,2000,0,10000
M&M-III.NFO,07/01/2020,10:28:51,537.6,537.1,1000,537.8,3000,0,10000
M&M-III.NFO,07/01/2020,10:28:54,537.6,537.15,1000,537.8,3000,0,10000
M&M-III.NFO,07/01/2020,10:29:06,537.6,537.05,1000,537.8,3000,0,10000
M&M-III.NFO,07/01/2020,10:29:12,537.6,536.5,5000,537.6,1000,0,10000
M&M-III.NFO,07/01/2020,10:29:15,537.6,536.5,6000,537.8,1000,0,10000
M&M-III.NFO,07/01/2020,10:29:19,537.6,536.5,6000,537.75,3000,0,10000
M&M-III.NFO,07/01/2020,10:29:45,537.6,536.5,5000,537.75,5000,0,10000
M&M-III.NFO,07/01/2020,10:30:28,537.6,536.5,2000,537.75,5000,0,10000
M&M-III.NFO,07/01/2020,10:30:44,537.6,536.5,3000,537.75,5000,0,10000
M&M-III.NFO,07/01/2020,10:30:48,537.6,536.5,2000,537.75,5000,0,10000
M&M-III.NFO,07/01/2020,10:31:01,537.6,536.55,1000,537.75,5000,0,10000
M&M-III.NFO,07/01/2020,10:31:04,537.6,536.6,1000,537.75,6000,0,10000
M&M-III.NFO,07/01/2020,10:31:11,537.6,536.6,1000,537.65,2000,0,10000
M&M-III.NFO,07/01/2020,10:31:14,537.6,535.65,6000,537.35,3000,0,10000
M&M-III.NFO,07/01/2020,10:31:17,537.6,535.65,6000,537.15,1000,0,10000
M&M-III.NFO,07/01/2020,10:31:20,537.6,535.65,6000,537.1,3000,0,10000
M&M-III.NFO,07/01/2020,10:31:49,537.6,535.65,6000,537.1,4000,0,10000
M&M-III.NFO,07/01/2020,10:32:00,537.6,535.65,6000,537.5,3000,0,10000
M&M-III.NFO,07/01/2020,10:32:04,537.6,535.65,5000,536.8,3000,0,10000
M&M-III.NFO,07/01/2020,10:32:20,537.6,535.65,5000,536.8,4000,0,10000
M&M-III.NFO,07/01/2020,10:32:30,537.6,535.65,3000,536.8,5000,0,10000
M&M-III.NFO,07/01/2020,10:32:34,537.6,535.65,2000,536.8,5000,0,10000
M&M-III.NFO,07/01/2020,10:32:43,537.6,535.65,3000,536.8,5000,0,10000
M&M-III.NFO,07/01/2020,10:32:47,537.6,535.65,2000,536.8,5000,0,10000
M&M-III.NFO,07/01/2020,10:33:42,537.6,535.65,3000,536.8,5000,0,10000
M&M-III.NFO,07/01/2020,10:34:00,537.6,535.65,2000,536.8,5000,0,10000
M&M-III.NFO,07/01/2020,10:34:04,537.6,535.65,1000,536.8,5000,0,10000
M&M-III.NFO,07/01/2020,10:34:16,537.6,535.15,2000,536.8,5000,0,10000
M&M-III.NFO,07/01/2020,10:34:19,537.6,535.45,1000,536.8,6000,0,10000
M&M-III.NFO,07/01/2020,10:34:24,537.6,535.5,2000,536.8,6000,0,10000
M&M-III.NFO,07/01/2020,10:34:29,537.6,535.5,2000,536.8,5000,0,10000
M&M-III.NFO,07/01/2020,10:34:45,537.6,535.35,2000,536.8,5000,0,10000
M&M-III.NFO,07/01/2020,10:34:50,537.6,535.7,2000,536.8,5000,0,10000
M&M-III.NFO,07/01/2020,10:37:19,537.6,535.7,1000,536.8,5000,0,10000
M&M-III.NFO,07/01/2020,10:37:39,537.6,535.7,1000,536.8,6000,0,10000
M&M-III.NFO,07/01/2020,10:38:06,537.6,535.7,1000,536.8,5000,0,10000
M&M-III.NFO,07/01/2020,10:38:19,537.6,535.7,1000,536.6,3000,0,10000
M&M-III.NFO,07/01/2020,10:38:22,537.6,535.7,2000,536.4,1000,0,10000
M&M-III.NFO,07/01/2020,10:38:38,537.6,535.7,2000,536.95,3000,0,10000
M&M-III.NFO,07/01/2020,10:38:40,537.6,535.7,2000,536.75,2000,0,10000
M&M-III.NFO,07/01/2020,10:38:42,537.6,535.7,2000,536.55,1000,0,10000
M&M-III.NFO,07/01/2020,10:38:49,537.6,535.7,2000,536.45,1000,0,10000
M&M-III.NFO,07/01/2020,10:39:03,537.6,535.95,2000,536.6,1000,0,10000
M&M-III.NFO,07/01/2020,10:39:08,537.6,535.7,1000,536.45,3000,0,10000
M&M-III.NFO,07/01/2020,10:39:11,537.6,535.8,1000,536.75,5000,0,10000
M&M-III.NFO,07/01/2020,10:39:20,537.6,535.7,1000,536.75,5000,0,10000
M&M-III.NFO,07/01/2020,10:39:29,537.6,535.7,2000,536.75,5000,0,10000
M&M-III.NFO,07/01/2020,10:39:32,537.6,535.7,1000,536.75,5000,0,10000
M&M-III.NFO,07/01/2020,10:39:35,537.6,535.05,3000,536.45,3000,0,10000
M&M-III.NFO,07/01/2020,10:39:38,537.6,535.25,1000,536.05,1000,0,10000
M&M-III.NFO,07/01/2020,10:39:41,537.6,535.3,2000,536.55,3000,0,10000
M&M-III.NFO,07/01/2020,10:39:43,537.6,535.3,3000,536.75,6000,0,10000
M&M-III.NFO,07/01/2020,10:39:46,537.6,535.6,1000,536.75,6000,0,10000
M&M-III.NFO,07/01/2020,10:39:49,537.6,535.85,1000,536.75,5000,0,10000
M&M-III.NFO,07/01/2020,10:40:21,537.6,535.85,2000,536.75,3000,0,10000
M&M-III.NFO,07/01/2020,10:40:31,537.6,535.85,2000,536.75,4000,0,10000
M&M-III.NFO,07/01/2020,10:40:43,537.6,535.85,1000,536.75,4000,0,10000
M&M-III.NFO,07/01/2020,10:40:46,537.6,535.85,2000,536.75,4000,0,10000
M&M-III.NFO,07/01/2020,10:41:05,537.6,535.85,1000,536.75,4000,0,10000
M&M-III.NFO,07/01/2020,10:42:21,537.6,535.85,3000,536.75,3000,0,10000
M&M-III.NFO,07/01/2020,10:42:38,537.6,535.85,3000,537.5,6000,0,10000
M&M-III.NFO,07/01/2020,10:42:44,537.6,535.85,2000,537.1,3000,0,10000
M&M-III.NFO,07/01/2020,10:42:46,537.6,535.85,2000,536.8,2000,0,10000
M&M-III.NFO,07/01/2020,10:42:49,537.6,535.85,2000,536.65,3000,0,10000
M&M-III.NFO,07/01/2020,10:43:18,537.6,535.85,2000,537.2,5000,0,10000
M&M-III.NFO,07/01/2020,10:43:36,537.6,535.85,3000,537.2,5000,0,10000
M&M-III.NFO,07/01/2020,10:43:40,537.6,535.85,2000,537.2,5000,0,10000
M&M-III.NFO,07/01/2020,10:43:49,537.6,535.85,3000,537.2,5000,0,10000
M&M-III.NFO,07/01/2020,10:43:53,537.6,535.85,2000,537.2,5000,0,10000
M&M-III.NFO,07/01/2020,10:43:56,537.6,535.85,3000,537.2,5000,0,10000
M&M-III.NFO,07/01/2020,10:43:59,537.6,535.85,2000,537.2,5000,0,10000
M&M-III.NFO,07/01/2020,10:44:10,537.6,535.85,3000,537.2,5000,0,10000
M&M-III.NFO,07/01/2020,10:44:16,537.6,535.85,2000,537.2,5000,0,10000
M&M-III.NFO,07/01/2020,10:44:27,537.6,536.1,1000,537.2,5000,0,10000
M&M-III.NFO,07/01/2020,10:44:33,537.6,536.1,2000,537.2,5000,0,10000
M&M-III.NFO,07/01/2020,10:46:13,537.6,536.1,3000,537.2,5000,0,10000
M&M-III.NFO,07/01/2020,10:46:18,537.6,536.1,3000,537.2,4000,0,10000
M&M-III.NFO,07/01/2020,10:46:21,537.6,536.2,1000,537.2,4000,0,10000
M&M-III.NFO,07/01/2020,10:46:24,537.6,536.35,3000,537.7,3000,0,10000
M&M-III.NFO,07/01/2020,10:46:27,537.6,536.35,3000,537.4,2000,0,10000
M&M-III.NFO,07/01/2020,10:46:30,537.6,536.35,3000,537.25,3000,0,10000
M&M-III.NFO,07/01/2020,10:46:40,537.6,536.35,3000,537.3,1000,0,10000
M&M-III.NFO,07/01/2020,10:46:47,537.6,536.35,1000,537.05,1000,0,10000
M&M-III.NFO,07/01/2020,10:46:49,537.6,536.35,1000,537,3000,0,10000
M&M-III.NFO,07/01/2020,10:46:59,537.6,536.35,1000,537.55,3000,0,10000
M&M-III.NFO,07/01/2020,10:47:02,537.6,536.35,1000,537.25,2000,0,10000
M&M-III.NFO,07/01/2020,10:47:04,537.6,536.35,1000,537.1,3000,0,10000
M&M-III.NFO,07/01/2020,10:47:07,537.6,536.35,2000,537.1,3000,0,10000
M&M-III.NFO,07/01/2020,10:47:18,537.6,536.65,1000,537.65,5000,0,10000
M&M-III.NFO,07/01/2020,10:47:24,537.6,536.4,1000,537.65,5000,0,10000
M&M-III.NFO,07/01/2020,10:47:30,537.6,536.5,2000,537.65,5000,0,10000
M&M-III.NFO,07/01/2020,10:47:51,537.6,536.5,2000,537.65,6000,0,10000
M&M-III.NFO,07/01/2020,10:47:58,537.6,536.5,2000,537.65,5000,0,10000
M&M-III.NFO,07/01/2020,10:48:33,537.6,536.05,2000,537.65,5000,0,10000
M&M-III.NFO,07/01/2020,10:48:38,537.6,536.4,1000,537.65,6000,0,10000
M&M-III.NFO,07/01/2020,10:49:17,537.6,536.15,2000,537.65,6000,0,10000
M&M-III.NFO,07/01/2020,10:49:26,537.6,536.15,1000,537.65,6000,0,10000
M&M-III.NFO,07/01/2020,10:49:32,537.6,536.15,2000,537.65,6000,0,10000
M&M-III.NFO,07/01/2020,10:49:57,537.6,535.9,1000,537.25,4000,0,10000
M&M-III.NFO,07/01/2020,10:50:03,537.6,535.95,1000,536.65,1000,0,10000
M&M-III.NFO,07/01/2020,10:50:08,537.6,535.95,2000,537,1000,0,10000
M&M-III.NFO,07/01/2020,10:50:13,537.6,536.2,1000,536.85,3000,0,10000
M&M-III.NFO,07/01/2020,10:50:31,537.6,535.8,2000,536.85,3000,0,10000
M&M-III.NFO,07/01/2020,10:50:36,537.6,536.05,2000,536.85,3000,0,10000
M&M-III.NFO,07/01/2020,10:51:37,537.6,536.05,1000,536.85,3000,0,10000
M&M-III.NFO,07/01/2020,10:51:41,537.6,536.05,2000,536.85,3000,0,10000
M&M-III.NFO,07/01/2020,10:52:15,537.6,536.1,1000,536.75,1000,0,10000
M&M-III.NFO,07/01/2020,10:52:19,537.6,536.05,2000,536.7,3000,0,10000
M&M-III.NFO,07/01/2020,10:52:23,537.6,536.05,1000,536.7,3000,0,10000
M&M-III.NFO,07/01/2020,10:52:31,537.6,535.75,1000,536.7,3000,0,10000
M&M-III.NFO,07/01/2020,10:52:35,537.6,535.9,2000,536.7,4000,0,10000
M&M-III.NFO,07/01/2020,10:52:51,537.6,535.4,5000,536.7,4000,0,10000
M&M-III.NFO,07/01/2020,10:53:00,537.6,535.4,2000,536.7,5000,0,10000
M&M-III.NFO,07/01/2020,10:53:11,537.6,535.4,2000,536.4,2000,0,10000
M&M-III.NFO,07/01/2020,10:53:18,537.6,535.4,2000,536.1,1000,0,10000
M&M-III.NFO,07/01/2020,10:53:54,537.6,535.2,2000,536.05,4000,0,10000
M&M-III.NFO,07/01/2020,10:54:00,537.6,535.2,2000,536.05,3000,0,10000
M&M-III.NFO,07/01/2020,10:54:09,537.6,535.2,3000,536.05,3000,0,10000
M&M-III.NFO,07/01/2020,10:54:14,537.6,535.2,2000,536.05,3000,0,10000
M&M-III.NFO,07/01/2020,10:54:19,537.6,535.2,2000,536.05,4000,0,10000
M&M-III.NFO,07/01/2020,10:54:32,537.6,535.2,2000,536.05,5000,0,10000
M&M-III.NFO,07/01/2020,10:54:36,537.6,534.5,5000,536.05,5000,0,10000
M&M-III.NFO,07/01/2020,10:54:47,537.6,534.95,2000,536.05,5000,0,10000
M&M-III.NFO,07/01/2020,10:55:01,537.6,535.15,1000,536.05,5000,0,10000
M&M-III.NFO,07/01/2020,10:55:06,537.6,535.3,2000,536.05,5000,0,10000
M&M-III.NFO,07/01/2020,10:55:21,537.6,535.3,2000,537.15,5000,0,10000
M&M-III.NFO,07/01/2020,10:55:27,537.6,535.15,1000,536.45,3000,0,10000
M&M-III.NFO,07/01/2020,10:55:33,537.6,535.2,1000,535.85,1000,0,10000
M&M-III.NFO,07/01/2020,10:55:39,537.6,535.3,1000,536.35,3000,0,10000
M&M-III.NFO,07/01/2020,10:55:44,537.6,535.3,1000,536.05,1000,0,10000
M&M-III.NFO,07/01/2020,10:55:49,537.6,534.7,4000,535.95,1000,0,10000
M&M-III.NFO,07/01/2020,10:55:54,537.6,535.05,2000,535.75,1000,0,10000
M&M-III.NFO,07/01/2020,10:56:28,537.6,535.05,2000,535.65,1000,0,10000
M&M-III.NFO,07/01/2020,10:56:34,537.6,534.85,2000,535.45,1000,0,10000
M&M-III.NFO,07/01/2020,10:56:51,537.6,534.85,1000,535.4,3000,0,10000
M&M-III.NFO,07/01/2020,10:56:58,537.6,534.1,2000,536.05,5000,0,10000
M&M-III.NFO,07/01/2020,10:57:03,537.6,534.1,2000,535.45,4000,0,10000
M&M-III.NFO,07/01/2020,10:57:08,537.6,534.1,2000,535.05,1000,0,10000
M&M-III.NFO,07/01/2020,10:57:14,537.6,534.2,2000,535.5,3000,0,10000
M&M-III.NFO,07/01/2020,10:57:21,537.6,534.2,3000,535.45,2000,0,10000
M&M-III.NFO,07/01/2020,10:57:28,537.6,534.45,1000,535.05,1000,0,10000
M&M-III.NFO,07/01/2020,10:57:35,537.6,534.15,1000,535,3000,0,10000
M&M-III.NFO,07/01/2020,10:57:41,537.6,534.4,1000,535.15,2000,0,10000
M&M-III.NFO,07/01/2020,10:57:48,537.6,534.3,2000,535.05,1000,0,10000
M&M-III.NFO,07/01/2020,10:57:54,537.6,534.3,1000,535,1000,0,10000
M&M-III.NFO,07/01/2020,10:58:00,537.6,533.95,2000,534.95,4000,0,10000
M&M-III.NFO,07/01/2020,10:58:06,537.6,533.95,1000,534.65,1000,0,10000
M&M-III.NFO,07/01/2020,10:58:12,537.6,533.95,1000,534.7,3000,0,10000
M&M-III.NFO,07/01/2020,10:58:18,537.6,533.95,2000,534.7,3000,0,10000
M&M-III.NFO,07/01/2020,10:58:25,537.6,533.8,1000,534.7,3000,0,10000
M&M-III.NFO,07/01/2020,10:58:32,537.6,533.95,1000,534.7,3000,0,10000
M&M-III.NFO,07/01/2020,10:58:39,537.6,533.9,2000,534.7,3000,0,10000
M&M-III.NFO,07/01/2020,10:58:44,537.6,533.9,3000,534.7,3000,0,10000
M&M-III.NFO,07/01/2020,10:58:50,537.6,533.95,1000,535.4,4000,0,10000
M&M-III.NFO,07/01/2020,10:58:57,537.6,534,1000,534.7,2000,0,10000
M&M-III.NFO,07/01/2020,10:59:03,537.6,534,1000,534.6,1000,0,10000
M&M-III.NFO,07/01/2020,10:59:16,537.6,533.9,2000,534.6,1000,0,10000
M&M-III.NFO,07/01/2020,10:59:40,537.6,533.9,1000,534.55,3000,0,10000
M&M-III.NFO,07/01/2020,10:59:46,537.6,533.9,2000,534.55,3000,0,10000
M&M-III.NFO,07/01/2020,10:59:51,537.6,533.9,1000,534.55,3000,0,10000
M&M-III.NFO,07/01/2020,10:59:57,537.6,533.9,2000,535.05,2000,0,10000
M&M-III.NFO,07/01/2020,11:00:03,537.6,533.9,2000,534.7,3000,0,10000
M&M-III.NFO,07/01/2020,11:00:11,537.6,534.1,1000,534.95,2000,0,10000
M&M-III.NFO,07/01/2020,11:00:18,537.6,533.9,2000,534.65,1000,0,10000
M&M-III.NFO,07/01/2020,11:00:32,537.6,533.45,2000,534.45,1000,0,10000
M&M-III.NFO,07/01/2020,11:00:38,537.6,533.8,1000,534.45,1000,0,10000
M&M-III.NFO,07/01/2020,11:00:45,537.6,533.8,2000,534.6,1000,0,10000
M&M-III.NFO,07/01/2020,11:00:51,537.6,533.35,2000,534.4,1000,0,10000
M&M-III.NFO,07/01/2020,11:00:58,537.6,532.3,2000,533.4,3000,0,10000
M&M-III.NFO,07/01/2020,11:01:06,537.6,532.6,1000,533.95,3000,0,10000
M&M-III.NFO,07/01/2020,11:01:13,537.6,533,1000,533.7,1000,0,10000
M&M-III.NFO,07/01/2020,11:01:21,537.6,532.95,1000,533.65,1000,0,10000
M&M-III.NFO,07/01/2020,11:01:28,537.6,532.9,2000,533.45,3000,0,10000
M&M-III.NFO,07/01/2020,11:01:36,537.6,532.9,1000,533.45,3000,0,10000
M&M-III.NFO,07/01/2020,11:01:44,537.6,532.9,2000,534.05,4000,0,10000
M&M-III.NFO,07/01/2020,11:01:51,537.6,533.1,1000,533.95,1000,0,10000
M&M-III.NFO,07/01/2020,11:01:59,537.6,532.25,5000,533.8,3000,0,10000
M&M-III.NFO,07/01/2020,11:02:06,537.6,532.75,2000,534,3000,0,10000
M&M-III.NFO,07/01/2020,11:02:13,537.6,532.9,2000,533.65,3000,0,10000
M&M-III.NFO,07/01/2020,11:02:20,537.6,533.15,2000,533.7,3000,0,10000
M&M-III.NFO,07/01/2020,11:02:26,537.6,533.15,2000,534.45,3000,0,10000
M&M-III.NFO,07/01/2020,11:02:32,537.6,533.15,2000,534.25,3000,0,10000
M&M-III.NFO,07/01/2020,11:02:39,537.6,533.15,2000,533.9,1000,0,10000
M&M-III.NFO,07/01/2020,11:02:45,537.6,533.15,2000,534.75,6000,0,10000
M&M-III.NFO,07/01/2020,11:02:51,537.6,533.15,2000,534,3000,0,10000
M&M-III.NFO,07/01/2020,11:02:58,537.6,533.15,2000,534.6,5000,0,10000
M&M-III.NFO,07/01/2020,11:03:04,537.6,533.4,2000,534.6,5000,0,10000
M&M-III.NFO,07/01/2020,11:03:11,537.6,533,2000,534,3000,0,10000
M&M-III.NFO,07/01/2020,11:03:18,537.6,533,2000,533.8,3000,0,10000
M&M-III.NFO,07/01/2020,11:03:25,537.6,533.35,2000,534.05,1000,0,10000
M&M-III.NFO,07/01/2020,11:03:31,537.6,533.2,2000,533.95,3000,0,10000
M&M-III.NFO,07/01/2020,11:03:37,537.6,533.15,1000,533.95,3000,0,10000
M&M-III.NFO,07/01/2020,11:03:45,537.6,533.05,2000,534.2,3000,0,10000
M&M-III.NFO,07/01/2020,11:03:53,537.6,533.05,2000,533.8,1000,0,10000
M&M-III.NFO,07/01/2020,11:03:59,537.6,533.05,3000,533.9,3000,0,10000
M&M-III.NFO,07/01/2020,11:04:06,537.6,532.95,2000,533.9,3000,0,10000
M&M-III.NFO,07/01/2020,11:04:12,537.6,532.95,2000,533.8,3000,0,10000
M&M-III.NFO,07/01/2020,11:04:19,537.6,532.95,2000,533.8,4000,0,10000
M&M-III.NFO,07/01/2020,11:04:25,537.6,532.95,3000,533.8,1000,0,10000
M&M-III.NFO,07/01/2020,11:04:32,537.6,532.95,2000,533.85,2000,0,10000
M&M-III.NFO,07/01/2020,11:04:39,537.6,532.65,2000,533.35,1000,0,10000
M&M-III.NFO,07/01/2020,11:04:46,537.6,532.65,1000,533.35,1000,0,10000
M&M-III.NFO,07/01/2020,11:04:53,537.6,532.65,1000,533.5,2000,0,10000
M&M-III.NFO,07/01/2020,11:04:59,537.6,532.65,2000,533.45,3000,0,10000
M&M-III.NFO,07/01/2020,11:05:06,537.6,532.65,1000,533.2,3000,0,10000
M&M-III.NFO,07/01/2020,11:05:13,537.6,532.65,1000,533.2,4000,0,10000
M&M-III.NFO,07/01/2020,11:05:20,537.6,532.65,2000,533.4,1000,0,10000
M&M-III.NFO,07/01/2020,11:05:27,537.6,532.65,2000,533.35,3000,0,10000
M&M-III.NFO,07/01/2020,11:05:34,537.6,532.65,2000,533.45,3000,0,10000
M&M-III.NFO,07/01/2020,11:05:47,537.6,532.65,2000,533.55,1000,0,10000
M&M-III.NFO,07/01/2020,11:05:55,537.6,533,2000,533.75,3000,0,10000
M&M-III.NFO,07/01/2020,11:06:02,537.6,533,2000,534.3,5000,0,10000
M&M-III.NFO,07/01/2020,11:06:08,537.6,533.3,1000,534.3,5000,0,10000
M&M-III.NFO,07/01/2020,11:06:15,537.6,533.35,2000,534.3,5000,0,10000
M&M-III.NFO,07/01/2020,11:06:22,537.6,533.1,1000,534.3,5000,0,10000
M&M-III.NFO,07/01/2020,11:06:28,537.6,533.35,2000,534.3,5000,0,10000
M&M-III.NFO,07/01/2020,11:06:43,537.6,533.3,1000,534.3,5000,0,10000
M&M-III.NFO,07/01/2020,11:06:48,537.6,533.3,2000,534.3,5000,0,10000
M&M-III.NFO,07/01/2020,11:07:04,537.6,533.3,2000,534.15,3000,0,10000
M&M-III.NFO,07/01/2020,11:07:20,537.6,533.3,2000,534.2,3000,0,10000
M&M-III.NFO,07/01/2020,11:07:30,537.6,533.6,1000,534.85,3000,0,10000
M&M-III.NFO,07/01/2020,11:07:35,537.6,533.55,2000,534.3,3000,0,10000
M&M-III.NFO,07/01/2020,11:07:41,537.6,533.45,1000,534.5,3000,0,10000
M&M-III.NFO,07/01/2020,11:07:47,537.6,533.5,1000,534.35,3000,0,10000
M&M-III.NFO,07/01/2020,11:07:52,537.6,533.65,1000,534.35,3000,0,10000
M&M-III.NFO,07/01/2020,11:08:07,537.6,533.65,2000,534.35,3000,0,10000
M&M-III.NFO,07/01/2020,11:08:47,537.6,533.65,2000,534.9,3000,0,10000
M&M-III.NFO,07/01/2020,11:08:52,537.6,533.65,2000,534.5,1000,0,10000
M&M-III.NFO,07/01/2020,11:09:07,537.6,533.65,2000,534.65,2000,0,10000
M&M-III.NFO,07/01/2020,11:09:11,537.6,533.65,3000,535.05,5000,0,10000
M&M-III.NFO,07/01/2020,11:09:26,537.6,533.9,1000,535.05,5000,0,10000
M&M-III.NFO,07/01/2020,11:09:35,537.6,533.9,1000,535.05,6000,0,10000
M&M-III.NFO,07/01/2020,11:09:40,537.6,533.9,1000,534.55,1000,0,10000
M&M-III.NFO,07/01/2020,11:09:44,537.6,533.9,1000,534.5,3000,0,10000
M&M-III.NFO,07/01/2020,11:10:05,537.6,533.7,1000,534.75,3000,0,10000
M&M-III.NFO,07/01/2020,11:10:09,537.6,533.7,1000,534.35,1000,0,10000
M&M-III.NFO,07/01/2020,11:10:18,537.6,533.7,2000,534.9,3000,0,10000
M&M-III.NFO,07/01/2020,11:10:24,537.6,533.7,2000,534.45,3000,0,10000
M&M-III.NFO,07/01/2020,11:10:37,537.6,533.7,1000,534.3,3000,0,10000
M&M-III.NFO,07/01/2020,11:10:41,537.6,533.3,1000,534.3,4000,0,10000
M&M-III.NFO,07/01/2020,11:10:45,537.6,533.5,1000,534.3,1000,0,10000
M&M-III.NFO,07/01/2020,11:10:49,537.6,533.55,2000,534.25,3000,0,10000
M&M-III.NFO,07/01/2020,11:10:52,537.6,533.15,1000,534.1,3000,0,10000
M&M-III.NFO,07/01/2020,11:10:56,537.6,533.3,2000,534.1,4000,0,10000
M&M-III.NFO,07/01/2020,11:11:05,537.6,533.3,1000,534.1,4000,0,10000
M&M-III.NFO,07/01/2020,11:11:11,537.6,532.45,5000,534.1,5000,0,10000
M&M-III.NFO,07/01/2020,11:11:16,537.6,532.9,1000,534.1,5000,0,10000
M&M-III.NFO,07/01/2020,11:11:22,537.6,532.9,2000,534.1,5000,0,10000
M&M-III.NFO,07/01/2020,11:11:29,537.6,532.9,1000,534.1,5000,0,10000
M&M-III.NFO,07/01/2020,11:11:37,537.6,532.75,2000,534.1,6000,0,10000
M&M-III.NFO,07/01/2020,11:11:44,537.6,532.95,1000,534.1,6000,0,10000
M&M-III.NFO,07/01/2020,11:11:50,537.6,533,2000,534.1,5000,0,10000
M&M-III.NFO,07/01/2020,11:12:05,537.6,532.5,2000,533.25,1000,0,10000
M&M-III.NFO,07/01/2020,11:12:12,537.6,532.5,2000,533.3,3000,0,10000
M&M-III.NFO,07/01/2020,11:12:20,537.6,532.5,3000,533.5,3000,0,10000
M&M-III.NFO,07/01/2020,11:12:27,537.6,532.5,3000,534,2000,0,10000
M&M-III.NFO,07/01/2020,11:12:34,537.6,532.85,1000,534.45,6000,0,10000
M&M-III.NFO,07/01/2020,11:12:39,537.6,532.85,1000,534.45,7000,0,10000
M&M-III.NFO,07/01/2020,11:12:45,537.6,532.95,1000,534.45,7000,0,10000
M&M-III.NFO,07/01/2020,11:13:00,537.6,532.95,1000,534.45,6000,0,10000
M&M-III.NFO,07/01/2020,11:13:05,537.6,532.95,1000,534.45,7000,0,10000
M&M-III.NFO,07/01/2020,11:13:11,537.6,532.6,3000,533.6,3000,0,10000
M&M-III.NFO,07/01/2020,11:13:17,537.6,532.95,1000,533.65,3000,0,10000
M&M-III.NFO,07/01/2020,11:13:23,537.6,532.95,1000,533.7,1000,0,10000
M&M-III.NFO,07/01/2020,11:13:28,537.6,532.95,2000,534.2,2000,0,10000
M&M-III.NFO,07/01/2020,11:13:34,537.6,532.55,1000,533.6,2000,0,10000
M&M-III.NFO,07/01/2020,11:13:40,537.6,532.9,1000,533.85,2000,0,10000
M&M-III.NFO,07/01/2020,11:13:46,537.6,532.95,2000,534.25,3000,0,10000
M&M-III.NFO,07/01/2020,11:13:52,537.6,532.95,2000,534.3,3000,0,10000
M&M-III.NFO,07/01/2020,11:13:57,537.6,533.2,2000,534,1000,0,10000
M&M-III.NFO,07/01/2020,11:14:14,537.6,533.2,2000,534.35,3000,0,10000
M&M-III.NFO,07/01/2020,11:14:20,537.6,533.2,3000,534.1,3000,0,10000
M&M-III.NFO,07/01/2020,11:14:26,537.6,533.45,2000,534.1,3000,0,10000
M&M-III.NFO,07/01/2020,11:14:31,537.6,533.45,2000,534.6,3000,0,10000
M&M-III.NFO,07/01/2020,11:14:36,537.6,533.45,2000,534.2,1000,0,10000
M&M-III.NFO,07/01/2020,11:14:40,537.6,533.45,3000,534.2,1000,0,10000
M&M-III.NFO,07/01/2020,11:14:46,537.6,533.45,2000,534.9,4000,0,10000
M&M-III.NFO,07/01/2020,11:14:51,537.6,533.45,1000,534.3,2000,0,10000
M&M-III.NFO,07/01/2020,11:14:57,537.6,533.45,1000,534.15,3000,0,10000
M&M-III.NFO,07/01/2020,11:15:03,537.6,533.25,1000,534.1,1000,0,10000
M&M-III.NFO,07/01/2020,11:15:09,537.6,533.3,1000,534.1,3000,0,10000
M&M-III.NFO,07/01/2020,11:15:20,537.6,533.3,2000,534.1,3000,0,10000
M&M-III.NFO,07/01/2020,11:15:57,537.6,532.8,1000,534.1,5000,0,10000
M&M-III.NFO,07/01/2020,11:16:04,537.6,532.85,1000,534.1,5000,0,10000
M&M-III.NFO,07/01/2020,11:16:10,537.6,532.9,1000,534.1,5000,0,10000
M&M-III.NFO,07/01/2020,11:16:16,537.6,532.9,2000,534.1,5000,0,10000
M&M-III.NFO,07/01/2020,11:16:23,537.6,533.15,2000,534.1,5000,0,10000
M&M-III.NFO,07/01/2020,11:16:29,537.6,533.15,1000,534.1,5000,0,10000
M&M-III.NFO,07/01/2020,11:16:40,537.6,533,1000,534.1,5000,0,10000
M&M-III.NFO,07/01/2020,11:16:45,537.6,532.75,1000,534.1,5000,0,10000
M&M-III.NFO,07/01/2020,11:16:52,537.6,532.75,2000,534.1,6000,0,10000
M&M-III.NFO,07/01/2020,11:16:58,537.6,532.35,2000,533.45,1000,0,10000
M&M-III.NFO,07/01/2020,11:17:04,537.6,532.7,2000,534.65,7000,0,10000
M&M-III.NFO,07/01/2020,11:17:08,537.6,532.7,1000,534.05,3000,0,10000
M&M-III.NFO,07/01/2020,11:17:13,537.6,532.6,2000,533.45,1000,0,10000
M&M-III.NFO,07/01/2020,11:17:18,537.6,532.2,2000,533.3,1000,0,10000
M&M-III.NFO,07/01/2020,11:17:22,537.6,532.45,2000,533.2,1000,0,10000
M&M-III.NFO,07/01/2020,11:17:38,537.6,532.7,1000,533.55,2000,0,10000
M&M-III.NFO,07/01/2020,11:17:45,537.6,532.7,2000,533.45,1000,0,10000
M&M-III.NFO,07/01/2020,11:17:54,537.6,532.7,2000,533.5,1000,0,10000
M&M-III.NFO,07/01/2020,11:17:59,537.6,532.5,1000,533.4,3000,0,10000
M&M-III.NFO,07/01/2020,11:18:04,537.6,532.55,2000,533.85,3000,0,10000
M&M-III.NFO,07/01/2020,11:18:10,537.6,532.55,2000,533.4,3000,0,10000
M&M-III.NFO,07/01/2020,11:18:21,537.6,532.55,2000,533.45,1000,0,10000
M&M-III.NFO,07/01/2020,11:18:30,537.6,532.55,2000,533.35,1000,0,10000
M&M-III.NFO,07/01/2020,11:18:35,537.6,532.55,2000,533.95,6000,0,10000
M&M-III.NFO,07/01/2020,11:18:41,537.6,532.8,2000,533.95,5000,0,10000
M&M-III.NFO,07/01/2020,11:18:48,537.6,532.8,2000,533.95,4000,0,10000
M&M-III.NFO,07/01/2020,11:18:59,537.6,532.8,2000,533.95,5000,0,10000
M&M-III.NFO,07/01/2020,11:19:05,537.6,532.65,1000,533.75,3000,0,10000
M&M-III.NFO,07/01/2020,11:19:11,537.6,532,6000,533.25,1000,0,10000
M&M-III.NFO,07/01/2020,11:19:17,537.6,532,4000,533,1000,0,10000
M&M-III.NFO,07/01/2020,11:19:25,537.6,532,4000,533.15,1000,0,10000
M&M-III.NFO,07/01/2020,11:19:32,537.6,532,4000,533.7,5000,0,10000
M&M-III.NFO,07/01/2020,11:19:39,537.6,532,4000,533.7,6000,0,10000
M&M-III.NFO,07/01/2020,11:19:45,537.6,532.5,1000,533.2,1000,0,10000
M&M-III.NFO,07/01/2020,11:19:51,537.6,532.55,1000,533.2,1000,0,10000
M&M-III.NFO,07/01/2020,11:20:07,537.6,532.3,1000,533.1,1000,0,10000
M&M-III.NFO,07/01/2020,11:20:13,537.6,532.3,2000,533.95,6000,0,10000
M&M-III.NFO,07/01/2020,11:20:35,537.6,532.55,2000,533.95,6000,0,10000
M&M-III.NFO,07/01/2020,11:20:40,537.6,532.55,2000,533.95,5000,0,10000
M&M-III.NFO,07/01/2020,11:20:50,537.6,532.55,3000,533.95,5000,0,10000
M&M-III.NFO,07/01/2020,11:20:56,537.6,532.8,2000,533.95,5000,0,10000
M&M-III.NFO,07/01/2020,11:21:31,537.6,532.9,1000,533.95,5000,0,10000
M&M-III.NFO,07/01/2020,11:21:37,537.6,532.65,2000,533.95,5000,0,10000
M&M-III.NFO,07/01/2020,11:22:17,537.6,532.65,3000,533.95,5000,0,10000
M&M-III.NFO,07/01/2020,11:22:26,537.6,532.95,1000,533.95,5000,0,10000
M&M-III.NFO,07/01/2020,11:22:31,537.6,533,1000,533.95,5000,0,10000
M&M-III.NFO,07/01/2020,11:22:40,537.6,533,2000,533.95,5000,0,10000
M&M-III.NFO,07/01/2020,11:22:44,537.6,531.9,4000,533.95,5000,0,10000
M&M-III.NFO,07/01/2020,11:22:49,537.6,532.4,4000,533.95,5000,0,10000
M&M-III.NFO,07/01/2020,11:22:54,537.6,532.75,2000,533.95,5000,0,10000
M&M-III.NFO,07/01/2020,11:23:05,537.6,532.75,3000,533.95,5000,0,10000
M&M-III.NFO,07/01/2020,11:23:10,537.6,532.75,2000,533.95,5000,0,10000
M&M-III.NFO,07/01/2020,11:23:21,537.6,532.75,3000,533.95,5000,0,10000
M&M-III.NFO,07/01/2020,11:23:25,537.6,532.75,2000,533.95,5000,0,10000
M&M-III.NFO,07/01/2020,11:23:37,537.6,532.75,3000,533.95,5000,0,10000
M&M-III.NFO,07/01/2020,11:23:47,537.6,533.2,2000,534.55,2000,0,10000
M&M-III.NFO,07/01/2020,11:23:51,537.6,533.2,2000,534,3000,0,10000
M&M-III.NFO,07/01/2020,11:23:56,537.6,533.2,2000,534.6,5000,0,10000
M&M-III.NFO,07/01/2020,11:24:02,537.6,533.2,2000,534.6,6000,0,10000
M&M-III.NFO,07/01/2020,11:24:23,537.6,533.2,2000,534.6,5000,0,10000
M&M-III.NFO,07/01/2020,11:24:28,537.6,533.45,2000,534.6,5000,0,10000
M&M-III.NFO,07/01/2020,11:24:46,537.6,533.55,1000,534.6,5000,0,10000
M&M-III.NFO,07/01/2020,11:24:58,537.6,532.55,5000,534.6,6000,0,10000
M&M-III.NFO,07/01/2020,11:25:03,537.6,533.3,2000,534.15,3000,0,10000
M&M-III.NFO,07/01/2020,11:25:09,537.6,533.5,1000,534.15,3000,0,10000
M&M-III.NFO,07/01/2020,11:25:13,537.6,533.15,1000,534.15,3000,0,10000
M&M-III.NFO,07/01/2020,11:25:17,537.6,533.3,2000,534.15,3000,0,10000
M&M-III.NFO,07/01/2020,11:25:22,537.6,533.3,1000,534.15,3000,0,10000
M&M-III.NFO,07/01/2020,11:25:27,537.6,533.2,1000,534.15,5000,0,10000
M&M-III.NFO,07/01/2020,11:25:37,537.6,533.2,2000,534.15,5000,0,10000
M&M-III.NFO,07/01/2020,11:25:42,537.6,533.2,2000,534.15,4000,0,10000
M&M-III.NFO,07/01/2020,11:26:53,537.6,532.9,2000,534.15,5000,0,10000
M&M-III.NFO,07/01/2020,11:27:15,537.6,533.35,1000,534.15,4000,0,10000
M&M-III.NFO,07/01/2020,11:27:22,537.6,533.15,2000,534.15,5000,0,10000
M&M-III.NFO,07/01/2020,11:27:25,537.6,533.15,1000,534.15,5000,0,10000
M&M-III.NFO,07/01/2020,11:27:42,537.6,532.95,1000,534.15,5000,0,10000
M&M-III.NFO,07/01/2020,11:27:46,537.6,533.1,2000,534.15,5000,0,10000
M&M-III.NFO,07/01/2020,11:28:06,537.6,533.1,2000,534.15,4000,0,10000
M&M-III.NFO,07/01/2020,11:28:18,537.6,533.1,2000,534.15,5000,0,10000
M&M-III.NFO,07/01/2020,11:28:35,537.6,532.5,6000,534.15,5000,0,10000
M&M-III.NFO,07/01/2020,11:30:25,537.6,532.5,6000,534.15,6000,0,10000
M&M-III.NFO,07/01/2020,11:30:36,537.6,532.8,1000,534.15,5000,0,10000
M&M-III.NFO,07/01/2020,11:30:40,537.6,532.95,2000,534.15,5000,0,10000
M&M-III.NFO,07/01/2020,11:31:00,537.6,532.95,4000,534.75,3000,0,10000
M&M-III.NFO,07/01/2020,11:31:07,537.6,533.3,2000,534.2,3000,0,10000
M&M-III.NFO,07/01/2020,11:31:13,537.6,533.3,1000,534.1,3000,0,10000
M&M-III.NFO,07/01/2020,11:31:22,537.6,532.75,4000,534.1,4000,0,10000
M&M-III.NFO,07/01/2020,11:31:26,537.6,533.2,1000,534.1,4000,0,10000
M&M-III.NFO,07/01/2020,11:31:39,537.6,533.2,2000,534.1,4000,0,10000
M&M-III.NFO,07/01/2020,11:31:48,537.6,533.2,2000,534.15,3000,0,10000
M&M-III.NFO,07/01/2020,11:31:54,537.6,533.45,1000,534.2,2000,0,10000
M&M-III.NFO,07/01/2020,11:32:00,537.6,533.3,1000,534.15,3000,0,10000
M&M-III.NFO,07/01/2020,11:32:06,537.6,533.3,2000,534.15,3000,0,10000
M&M-III.NFO,07/01/2020,11:32:12,537.6,533.3,2000,534.15,4000,0,10000
M&M-III.NFO,07/01/2020,11:32:17,537.6,533.3,2000,534.15,3000,0,10000
M&M-III.NFO,07/01/2020,11:32:36,537.6,533.3,1000,533.95,3000,0,10000
M&M-III.NFO,07/01/2020,11:32:41,537.6,533.3,1000,534.4,4000,0,10000
M&M-III.NFO,07/01/2020,11:32:46,537.6,533.05,2000,533.95,3000,0,10000
M&M-III.NFO,07/01/2020,11:32:50,537.6,533.05,1000,533.75,1000,0,10000
M&M-III.NFO,07/01/2020,11:32:55,537.6,532.8,1000,533.65,3000,0,10000
M&M-III.NFO,07/01/2020,11:32:59,537.6,532.95,1000,533.65,3000,0,10000
M&M-III.NFO,07/01/2020,11:33:04,537.6,532.95,1000,533.95,6000,0,10000
M&M-III.NFO,07/01/2020,11:33:11,537.6,532.95,2000,533.95,4000,0,10000
M&M-III.NFO,07/01/2020,11:33:20,537.6,532.95,2000,533.85,3000,0,10000
M&M-III.NFO,07/01/2020,11:33:37,537.6,532.95,2000,533.9,1000,0,10000
M&M-III.NFO,07/01/2020,11:33:54,537.6,533.15,1000,534.55,5000,0,10000
M&M-III.NFO,07/01/2020,11:34:00,537.6,533.2,2000,534.2,1000,0,10000
M&M-III.NFO,07/01/2020,11:34:05,537.6,533.2,2000,535.1,5000,0,10000
M&M-III.NFO,07/01/2020,11:34:12,537.6,532.8,4000,534.2,3000,0,10000
M&M-III.NFO,07/01/2020,11:34:19,537.6,533.35,1000,534.2,3000,0,10000
M&M-III.NFO,07/01/2020,11:34:25,537.6,533.35,2000,534.7,6000,0,10000
M&M-III.NFO,07/01/2020,11:34:31,537.6,533.35,2000,534.7,5000,0,10000
M&M-III.NFO,07/01/2020,11:34:44,537.6,533.35,1000,534.2,1000,0,10000
M&M-III.NFO,07/01/2020,11:34:49,537.6,533,2000,534.65,6000,0,10000
M&M-III.NFO,07/01/2020,11:34:55,537.6,533.05,2000,534.35,3000,0,10000
M&M-III.NFO,07/01/2020,11:35:00,537.6,533.3,2000,534.4,2000,0,10000
M&M-III.NFO,07/01/2020,11:35:06,537.6,533.5,1000,534.5,1000,0,10000
M&M-III.NFO,07/01/2020,11:35:12,537.6,533.65,1000,534.4,1000,0,10000
M&M-III.NFO,07/01/2020,11:35:17,537.6,533.4,2000,534.3,1000,0,10000
M&M-III.NFO,07/01/2020,11:35:23,537.6,533.55,2000,534.45,2000,0,10000
M&M-III.NFO,07/01/2020,11:35:30,537.6,533.55,2000,534.4,3000,0,10000
M&M-III.NFO,07/01/2020,11:35:41,537.6,533.55,1000,534.4,3000,0,10000
M&M-III.NFO,07/01/2020,11:36:04,537.6,533.4,2000,534.4,4000,0,10000
M&M-III.NFO,07/01/2020,11:36:25,537.6,533.4,2000,534.4,5000,0,10000
M&M-III.NFO,07/01/2020,11:36:39,537.6,532.9,2000,534.4,6000,0,10000
M&M-III.NFO,07/01/2020,11:36:44,537.6,533.15,1000,534.4,6000,0,10000
M&M-III.NFO,07/01/2020,11:36:49,537.6,533.15,2000,534.4,6000,0,10000
M&M-III.NFO,07/01/2020,11:36:57,537.6,532.9,2000,534.4,6000,0,10000
M&M-III.NFO,07/01/2020,11:37:16,537.6,532.9,2000,534.2,2000,0,10000
M&M-III.NFO,07/01/2020,11:37:20,537.6,532.9,2000,533.7,1000,0,10000
M&M-III.NFO,07/01/2020,11:37:26,537.6,532.9,2000,534.15,3000,0,10000
M&M-III.NFO,07/01/2020,11:37:30,537.6,532.9,2000,533.75,1000,0,10000
M&M-III.NFO,07/01/2020,11:37:38,537.6,532.9,2000,533.7,3000,0,10000
M&M-III.NFO,07/01/2020,11:37:46,537.6,532.9,2000,534.15,5000,0,10000
M&M-III.NFO,07/01/2020,11:37:56,537.6,532.9,1000,534.15,5000,0,10000
M&M-III.NFO,07/01/2020,11:38:03,537.6,532.9,2000,534.15,5000,0,10000
M&M-III.NFO,07/01/2020,11:38:22,537.6,533.05,2000,534.15,5000,0,10000
M&M-III.NFO,07/01/2020,11:38:25,537.6,533.05,2000,533.95,1000,0,10000
M&M-III.NFO,07/01/2020,11:38:29,537.6,533.05,1000,533.9,3000,0,10000
M&M-III.NFO,07/01/2020,11:38:35,537.6,533.05,2000,533.95,1000,0,10000
M&M-III.NFO,07/01/2020,11:38:42,537.6,533,2000,533.95,1000,0,10000
M&M-III.NFO,07/01/2020,11:38:47,537.6,533.25,1000,533.9,3000,0,10000
M&M-III.NFO,07/01/2020,11:39:14,537.6,532.9,2000,534.75,7000,0,10000
M&M-III.NFO,07/01/2020,11:39:27,537.6,532.9,2000,534.35,3000,0,10000
M&M-III.NFO,07/01/2020,11:39:31,537.6,532.9,2000,533.85,1000,0,10000
M&M-III.NFO,07/01/2020,11:39:36,537.6,532.9,1000,533.7,1000,0,10000
M&M-III.NFO,07/01/2020,11:39:40,537.6,532.9,2000,533.7,1000,0,10000
M&M-III.NFO,07/01/2020,11:39:44,537.6,532.9,1000,533.7,1000,0,10000
M&M-III.NFO,07/01/2020,11:39:49,537.6,532.5,4000,533.6,3000,0,10000
M&M-III.NFO,07/01/2020,11:39:56,537.6,532.5,2000,533.45,3000,0,10000
M&M-III.NFO,07/01/2020,11:40:03,537.6,532.5,2000,533.55,2000,0,10000
M&M-III.NFO,07/01/2020,11:40:08,537.6,532.5,2000,533.45,1000,0,10000
M&M-III.NFO,07/01/2020,11:40:13,537.6,532.5,2000,534,3000,0,10000
M&M-III.NFO,07/01/2020,11:40:17,537.6,532.5,2000,533.5,1000,0,10000
M&M-III.NFO,07/01/2020,11:40:22,537.6,532.5,2000,533.45,3000,0,10000
M&M-III.NFO,07/01/2020,11:40:30,537.6,532.95,2000,533.75,1000,0,10000
M&M-III.NFO,07/01/2020,11:40:34,537.6,532.55,4000,533.7,3000,0,10000
M&M-III.NFO,07/01/2020,11:40:50,537.6,532.55,5000,533.7,3000,0,10000
M&M-III.NFO,07/01/2020,11:41:06,537.6,532.55,2000,533.7,4000,0,10000
M&M-III.NFO,07/01/2020,11:41:13,537.6,532.55,2000,533.7,5000,0,10000
M&M-III.NFO,07/01/2020,11:42:03,537.6,532.55,2000,533.7,6000,0,10000
M&M-III.NFO,07/01/2020,11:42:21,537.6,532.55,2000,533.7,5000,0,10000
M&M-III.NFO,07/01/2020,11:42:24,537.6,532.55,2000,533.7,6000,0,10000
M&M-III.NFO,07/01/2020,11:42:28,537.6,532.5,1000,533.7,5000,0,10000
M&M-III.NFO,07/01/2020,11:42:32,537.6,532.45,1000,533.7,6000,0,10000
M&M-III.NFO,07/01/2020,11:42:35,537.6,532.5,2000,533.7,5000,0,10000
M&M-III.NFO,07/01/2020,11:42:54,537.6,532.45,1000,533.7,5000,0,10000
M&M-III.NFO,07/01/2020,11:42:59,537.6,532.5,1000,533.7,6000,0,10000
M&M-III.NFO,07/01/2020,11:43:09,537.6,532.45,1000,533.7,6000,0,10000
M&M-III.NFO,07/01/2020,11:43:12,537.6,532.5,1000,533.7,6000,0,10000
M&M-III.NFO,07/01/2020,11:43:24,537.6,532.5,1000,533.7,5000,0,10000
M&M-III.NFO,07/01/2020,11:43:31,537.6,532.5,2000,533.7,5000,0,10000
M&M-III.NFO,07/01/2020,11:44:00,537.6,532.5,2000,533.7,6000,0,10000
M&M-III.NFO,07/01/2020,11:44:28,537.6,532.5,1000,533.7,6000,0,10000
M&M-III.NFO,07/01/2020,11:44:37,537.6,531.95,2000,533.7,6000,0,10000
M&M-III.NFO,07/01/2020,11:44:40,537.6,532.3,1000,533.7,6000,0,10000
M&M-III.NFO,07/01/2020,11:44:43,537.6,532.3,2000,533.7,6000,0,10000
M&M-III.NFO,07/01/2020,11:45:04,537.6,532.3,1000,533.7,6000,0,10000
M&M-III.NFO,07/01/2020,11:45:12,537.6,531.65,2000,533.7,7000,0,10000
M&M-III.NFO,07/01/2020,11:45:15,537.6,531.9,2000,533.7,7000,0,10000
M&M-III.NFO,07/01/2020,11:45:21,537.6,531.9,2000,533.2,4000,0,10000
M&M-III.NFO,07/01/2020,11:45:25,537.6,531.9,2000,532.8,1000,0,10000
M&M-III.NFO,07/01/2020,11:45:38,537.6,531.9,2000,532.75,3000,0,10000
M&M-III.NFO,07/01/2020,11:45:42,537.6,531.9,2000,533.1,3000,0,10000
M&M-III.NFO,07/01/2020,11:45:45,537.6,531.9,2000,532.85,3000,0,10000
M&M-III.NFO,07/01/2020,11:45:51,537.6,531.9,2000,533,2000,0,10000
M&M-III.NFO,07/01/2020,11:45:55,537.6,531.9,2000,532.9,1000,0,10000
M&M-III.NFO,07/01/2020,11:46:05,537.6,531.9,2000,533.3,4000,0,10000
M&M-III.NFO,07/01/2020,11:46:08,537.6,531.9,2000,532.85,3000,0,10000
M&M-III.NFO,07/01/2020,11:46:35,537.6,531.9,2000,533.6,2000,0,10000
M&M-III.NFO,07/01/2020,11:46:38,537.6,531.9,2000,533.4,4000,0,10000
M&M-III.NFO,07/01/2020,11:46:39,537.6,531.9,2000,533.2,4000,0,10000
M&M-III.NFO,07/01/2020,11:46:41,537.6,531.9,2000,533,2000,0,10000
M&M-III.NFO,07/01/2020,11:46:42,537.6,531.9,2000,532.9,3000,0,10000
M&M-III.NFO,07/01/2020,11:46:44,537.6,531.9,2000,532.7,1000,0,10000
M&M-III.NFO,07/01/2020,11:46:49,537.6,531.9,3000,532.7,1000,0,10000
M&M-III.NFO,07/01/2020,11:46:57,537.6,531.9,2000,532.7,1000,0,10000
M&M-III.NFO,07/01/2020,11:47:04,537.6,531.9,2000,533.2,5000,0,10000
M&M-III.NFO,07/01/2020,11:47:22,537.6,531.9,2000,533.2,6000,0,10000
M&M-III.NFO,07/01/2020,11:47:35,537.6,532.05,1000,533.2,5000,0,10000
M&M-III.NFO,07/01/2020,11:48:01,537.6,532.05,1000,532.9,2000,0,10000
M&M-III.NFO,07/01/2020,11:48:05,537.6,532.05,1000,532.75,3000,0,10000
M&M-III.NFO,07/01/2020,11:48:12,537.6,531.45,3000,532.75,4000,0,10000
M&M-III.NFO,07/01/2020,11:48:16,537.6,531.8,2000,532.75,4000,0,10000
M&M-III.NFO,07/01/2020,11:48:31,537.6,531.8,2000,533.4,6000,0,10000
M&M-III.NFO,07/01/2020,11:49:18,537.6,531.8,2000,532.7,1000,0,10000
M&M-III.NFO,07/01/2020,11:49:37,537.6,531.8,2000,532.65,3000,0,10000
M&M-III.NFO,07/01/2020,11:50:01,537.6,531.8,2000,533.2,5000,0,10000
M&M-III.NFO,07/01/2020,11:50:04,537.6,531.8,2000,533.2,6000,0,10000
M&M-III.NFO,07/01/2020,11:50:10,537.6,531.8,2000,532.9,2000,0,10000
M&M-III.NFO,07/01/2020,11:50:14,537.6,531.8,1000,532.45,3000,0,10000
M&M-III.NFO,07/01/2020,11:50:19,537.6,531.2,1000,532.4,2000,0,10000
M&M-III.NFO,07/01/2020,11:50:24,537.6,530.65,6000,531.9,1000,0,10000
M&M-III.NFO,07/01/2020,11:50:29,537.6,530.65,5000,531.95,3000,0,10000
M&M-III.NFO,07/01/2020,11:50:41,537.6,531.1,2000,531.95,3000,0,10000
M&M-III.NFO,07/01/2020,11:51:11,537.6,531.1,3000,531.95,3000,0,10000
M&M-III.NFO,07/01/2020,11:51:15,537.6,531.1,3000,532.3,2000,0,10000
M&M-III.NFO,07/01/2020,11:51:18,537.6,531.1,3000,532.05,4000,0,10000
M&M-III.NFO,07/01/2020,11:51:23,537.6,531.45,1000,532.3,3000,0,10000
M&M-III.NFO,07/01/2020,11:51:27,537.6,531.45,2000,532.5,4000,0,10000
M&M-III.NFO,07/01/2020,11:51:37,537.6,531.45,3000,532.45,2000,0,10000
M&M-III.NFO,07/01/2020,11:51:55,537.6,531.45,3000,533.2,6000,0,10000
M&M-III.NFO,07/01/2020,11:51:58,537.6,531.75,1000,533.2,6000,0,10000
M&M-III.NFO,07/01/2020,11:52:01,537.6,531.8,1000,533.2,6000,0,10000
M&M-III.NFO,07/01/2020,11:52:07,537.6,531.55,2000,533.2,7000,0,10000
M&M-III.NFO,07/01/2020,11:52:36,537.6,531.55,2000,532.9,4000,0,10000
M&M-III.NFO,07/01/2020,11:52:39,537.6,531.55,2000,532.6,3000,0,10000
M&M-III.NFO,07/01/2020,11:52:41,537.6,531.55,2000,532.4,2000,0,10000
M&M-III.NFO,07/01/2020,11:52:42,537.6,531.55,2000,532.3,1000,0,10000
M&M-III.NFO,07/01/2020,11:52:44,537.6,531.55,2000,532.4,1000,0,10000
M&M-III.NFO,07/01/2020,11:52:52,537.6,531.55,2000,533.05,6000,0,10000
M&M-III.NFO,07/01/2020,11:52:56,537.6,531.55,3000,533.05,6000,0,10000
M&M-III.NFO,07/01/2020,11:53:03,537.6,531.55,2000,533.05,6000,0,10000
M&M-III.NFO,07/01/2020,11:53:09,537.6,531.8,2000,533.05,6000,0,10000
M&M-III.NFO,07/01/2020,11:53:20,537.6,531.8,2000,533.05,5000,0,10000
M&M-III.NFO,07/01/2020,11:53:24,537.6,531.8,2000,533.05,6000,0,10000
M&M-III.NFO,07/01/2020,11:53:34,537.6,531.8,1000,533.05,6000,0,10000
M&M-III.NFO,07/01/2020,11:54:01,537.6,531.8,2000,533.05,6000,0,10000
M&M-III.NFO,07/01/2020,11:54:54,537.6,531.8,1000,533.05,6000,0,10000
M&M-III.NFO,07/01/2020,11:54:57,537.6,531.6,1000,532.35,1000,0,10000
M&M-III.NFO,07/01/2020,11:54:59,537.6,531.65,1000,532.35,1000,0,10000
M&M-III.NFO,07/01/2020,11:55:07,537.6,531,5000,532.35,1000,0,10000
M&M-III.NFO,07/01/2020,11:55:16,537.6,531,6000,532.45,1000,0,10000
M&M-III.NFO,07/01/2020,11:55:28,537.6,531,6000,532.5,3000,0,10000
M&M-III.NFO,07/01/2020,11:55:58,537.6,531,6000,532.5,4000,0,10000
M&M-III.NFO,07/01/2020,11:56:00,537.6,531,6000,532.15,3000,0,10000
M&M-III.NFO,07/01/2020,11:56:06,537.6,531,6000,532.3,1000,0,10000
M&M-III.NFO,07/01/2020,11:56:10,537.6,531.3,1000,532.3,1000,0,10000
M&M-III.NFO,07/01/2020,11:56:12,537.6,531.45,2000,532.3,1000,0,10000
M&M-III.NFO,07/01/2020,11:56:14,537.6,531.45,2000,532.2,1000,0,10000
M&M-III.NFO,07/01/2020,11:56:23,537.6,531.45,2000,532.15,3000,0,10000
M&M-III.NFO,07/01/2020,11:56:39,537.6,531.45,2000,532.95,6000,0,10000
M&M-III.NFO,07/01/2020,11:56:47,537.6,531.45,2000,532.75,4000,0,10000
M&M-III.NFO,07/01/2020,11:56:49,537.6,531.45,2000,532.55,3000,0,10000
M&M-III.NFO,07/01/2020,11:56:51,537.6,531.45,2000,532.35,2000,0,10000
M&M-III.NFO,07/01/2020,11:56:53,537.6,531.45,2000,532.2,3000,0,10000
M&M-III.NFO,07/01/2020,11:57:27,537.6,531.7,2000,532.6,2000,0,10000
M&M-III.NFO,07/01/2020,11:57:31,537.6,531.5,2000,532.35,3000,0,10000
M&M-III.NFO,07/01/2020,11:57:34,537.6,531.5,2000,532.75,4000,0,10000
M&M-III.NFO,07/01/2020,11:57:38,537.6,531.5,1000,532.45,2000,0,10000
M&M-III.NFO,07/01/2020,11:57:42,537.6,531.5,1000,532.3,3000,0,10000
M&M-III.NFO,07/01/2020,11:57:45,537.6,531.5,2000,532.3,3000,0,10000
M&M-III.NFO,07/01/2020,11:57:54,537.6,531.5,1000,532.3,3000,0,10000
M&M-III.NFO,07/01/2020,11:57:58,537.6,531.5,1000,532.65,3000,0,10000
M&M-III.NFO,07/01/2020,11:58:02,537.6,531.5,1000,532.25,1000,0,10000
M&M-III.NFO,07/01/2020,11:58:05,537.6,531.5,1000,532.2,3000,0,10000
M&M-III.NFO,07/01/2020,11:58:11,537.6,531.5,1000,532.45,3000,0,10000
M&M-III.NFO,07/01/2020,11:58:14,537.6,530.7,4000,532.65,3000,0,10000
M&M-III.NFO,07/01/2020,11:58:17,537.6,531.1,2000,532.25,1000,0,10000
M&M-III.NFO,07/01/2020,11:58:20,537.6,531.35,2000,532.6,3000,0,10000
M&M-III.NFO,07/01/2020,11:58:23,537.6,531.35,2000,532.4,3000,0,10000
M&M-III.NFO,07/01/2020,11:58:25,537.6,531.35,2000,532.2,1000,0,10000
M&M-III.NFO,07/01/2020,11:58:27,537.6,531.35,2000,532.15,3000,0,10000
M&M-III.NFO,07/01/2020,11:58:38,537.6,531.55,1000,532.65,5000,0,10000
M&M-III.NFO,07/01/2020,11:58:40,537.6,531.7,1000,532.65,5000,0,10000
M&M-III.NFO,07/01/2020,11:58:46,537.6,531.4,1000,532.65,5000,0,10000
M&M-III.NFO,07/01/2020,11:58:50,537.6,531.55,1000,532.65,5000,0,10000
M&M-III.NFO,07/01/2020,11:58:57,537.6,531.55,2000,532.65,5000,0,10000
M&M-III.NFO,07/01/2020,11:59:00,537.6,531.55,2000,532.65,6000,0,10000
M&M-III.NFO,07/01/2020,11:59:04,537.6,531.55,1000,532.65,5000,0,10000
M&M-III.NFO,07/01/2020,11:59:06,537.6,531.55,2000,532.65,5000,0,10000
M&M-III.NFO,07/01/2020,11:59:11,537.6,531.55,1000,532.65,5000,0,10000
M&M-III.NFO,07/01/2020,11:59:14,537.6,531.35,1000,532.65,5000,0,10000
M&M-III.NFO,07/01/2020,11:59:16,537.6,531.5,1000,532.65,5000,0,10000
M&M-III.NFO,07/01/2020,11:59:28,537.6,531.5,2000,532.65,5000,0,10000
M&M-III.NFO,07/01/2020,11:59:31,537.6,531.5,1000,532.65,5000,0,10000
M&M-III.NFO,07/01/2020,11:59:34,537.6,531.5,2000,532.65,5000,0,10000
M&M-III.NFO,07/01/2020,11:59:45,537.6,531.5,3000,532.65,5000,0,10000
M&M-III.NFO,07/01/2020,11:59:49,537.6,531.5,1000,532.65,5000,0,10000
M&M-III.NFO,07/01/2020,11:59:54,537.6,531.3,2000,532.25,3000,0,10000
M&M-III.NFO,07/01/2020,11:59:57,537.6,531.3,2000,532.05,1000,0,10000
M&M-III.NFO,07/01/2020,12:00:01,537.6,531.3,2000,532.6,3000,0,10000
M&M-III.NFO,07/01/2020,12:00:04,537.6,531.3,2000,532.3,2000,0,10000
M&M-III.NFO,07/01/2020,12:00:07,537.6,531.3,2000,532.15,3000,0,10000
M&M-III.NFO,07/01/2020,12:00:24,537.6,531.3,2000,532.35,2000,0,10000
M&M-III.NFO,07/01/2020,12:00:27,537.6,531.3,2000,532.2,3000,0,10000
M&M-III.NFO,07/01/2020,12:00:29,537.6,531.3,2000,532.6,5000,0,10000
M&M-III.NFO,07/01/2020,12:00:37,537.6,531.3,3000,532.6,5000,0,10000
M&M-III.NFO,07/01/2020,12:01:36,537.6,531.5,1000,532.6,5000,0,10000
M&M-III.NFO,07/01/2020,12:01:39,537.6,531.65,1000,532.6,5000,0,10000
M&M-III.NFO,07/01/2020,12:01:42,537.6,531.55,1000,532.6,5000,0,10000
M&M-III.NFO,07/01/2020,12:01:44,537.6,531.55,1000,532.6,6000,0,10000
M&M-III.NFO,07/01/2020,12:02:08,537.6,531.55,1000,532.6,5000,0,10000
M&M-III.NFO,07/01/2020,12:02:11,537.6,531.55,1000,532.6,6000,0,10000
M&M-III.NFO,07/01/2020,12:02:14,537.6,531.55,1000,532.6,5000,0,10000
M&M-III.NFO,07/01/2020,12:02:17,537.6,530.55,5000,532.6,6000,0,10000
M&M-III.NFO,07/01/2020,12:02:20,537.6,530.95,4000,532.6,6000,0,10000
M&M-III.NFO,07/01/2020,12:02:22,537.6,531.25,1000,532.6,6000,0,10000
M&M-III.NFO,07/01/2020,12:02:24,537.6,531.35,1000,532.6,6000,0,10000
M&M-III.NFO,07/01/2020,12:02:26,537.6,531.4,2000,532.6,6000,0,10000
M&M-III.NFO,07/01/2020,12:02:30,537.6,531.4,2000,532.6,5000,0,10000
M&M-III.NFO,07/01/2020,12:02:41,537.6,531.5,2000,532.85,2000,0,10000
M&M-III.NFO,07/01/2020,12:02:48,537.6,531.75,1000,532.45,1000,0,10000
M&M-III.NFO,07/01/2020,12:02:53,537.6,531.75,1000,532.35,1000,0,10000
M&M-III.NFO,07/01/2020,12:02:57,537.6,531.75,1000,532.3,3000,0,10000
M&M-III.NFO,07/01/2020,12:03:09,537.6,531.35,2000,532.3,3000,0,10000
M&M-III.NFO,07/01/2020,12:03:13,537.6,531.6,2000,532.3,3000,0,10000
M&M-III.NFO,07/01/2020,12:03:23,537.6,531.2,1000,532.3,5000,0,10000
M&M-III.NFO,07/01/2020,12:03:27,537.6,531.35,1000,532.3,5000,0,10000
M&M-III.NFO,07/01/2020,12:03:39,537.6,530.9,4000,532.4,3000,0,10000
M&M-III.NFO,07/01/2020,12:03:43,537.6,531.3,2000,532.4,3000,0,10000
M&M-III.NFO,07/01/2020,12:03:46,537.6,531.6,1000,532.4,3000,0,10000
M&M-III.NFO,07/01/2020,12:03:49,537.6,531.75,1000,532.4,3000,0,10000
M&M-III.NFO,07/01/2020,12:04:17,537.6,531.55,2000,532.4,3000,0,10000
M&M-III.NFO,07/01/2020,12:04:47,537.6,531.55,2000,532.4,4000,0,10000
M&M-III.NFO,07/01/2020,12:05:08,537.6,531.55,2000,532.4,5000,0,10000
M&M-III.NFO,07/01/2020,12:05:12,537.6,531.55,1000,532.15,3000,0,10000
M&M-III.NFO,07/01/2020,12:05:17,537.6,531.55,2000,532.8,4000,0,10000
M&M-III.NFO,07/01/2020,12:05:19,537.6,531.55,2000,532.5,3000,0,10000
M&M-III.NFO,07/01/2020,12:05:21,537.6,531.55,2000,532.3,2000,0,10000
M&M-III.NFO,07/01/2020,12:05:24,537.6,531.55,2000,532.2,1000,0,10000
M&M-III.NFO,07/01/2020,12:05:30,537.6,531.55,1000,532.15,3000,0,10000
M&M-III.NFO,07/01/2020,12:05:50,537.6,531.15,2000,532.15,4000,0,10000
M&M-III.NFO,07/01/2020,12:05:54,537.6,531.15,3000,532.15,4000,0,10000
M&M-III.NFO,07/01/2020,12:06:05,537.6,531.5,1000,532.15,4000,0,10000
M&M-III.NFO,07/01/2020,12:06:12,537.6,531.5,2000,533,6000,0,10000
M&M-III.NFO,07/01/2020,12:06:37,537.6,531.5,2000,532.7,3000,0,10000
M&M-III.NFO,07/01/2020,12:06:40,537.6,531.5,2000,532.3,1000,0,10000
M&M-III.NFO,07/01/2020,12:06:43,537.6,531.5,2000,532.25,3000,0,10000
M&M-III.NFO,07/01/2020,12:08:03,537.6,531.5,2000,532.45,3000,0,10000
M&M-III.NFO,07/01/2020,12:08:13,537.6,531.6,1000,532.5,1000,0,10000
M&M-III.NFO,07/01/2020,12:08:19,537.6,531.75,2000,532.7,1000,0,10000
M&M-III.NFO,07/01/2020,12:08:26,537.6,531.5,2000,532.7,2000,0,10000
M&M-III.NFO,07/01/2020,12:08:31,537.6,531.75,1000,532.55,3000,0,10000
M&M-III.NFO,07/01/2020,12:08:52,537.6,531.75,2000,533.1,6000,0,10000
M&M-III.NFO,07/01/2020,12:09:03,537.6,531.75,1000,533.1,6000,0,10000
M&M-III.NFO,07/01/2020,12:09:06,537.6,531.75,2000,532.7,2000,0,10000
M&M-III.NFO,07/01/2020,12:09:09,537.6,531.75,2000,532.65,3000,0,10000
M&M-III.NFO,07/01/2020,12:09:11,537.6,531.75,1000,532.65,3000,0,10000
M&M-III.NFO,07/01/2020,12:09:13,537.6,531.75,2000,532.65,3000,0,10000
M&M-III.NFO,07/01/2020,12:09:31,537.6,531.75,2000,532.65,4000,0,10000
M&M-III.NFO,07/01/2020,12:09:43,537.6,531.75,2000,532.65,3000,0,10000
M&M-III.NFO,07/01/2020,12:09:50,537.6,531.75,2000,532.65,4000,0,10000
M&M-III.NFO,07/01/2020,12:10:00,537.6,531.75,1000,532.65,4000,0,10000
M&M-III.NFO,07/01/2020,12:10:03,537.6,531.75,2000,532.65,4000,0,10000
M&M-III.NFO,07/01/2020,12:10:34,537.6,531.75,1000,532.65,4000,0,10000
M&M-III.NFO,07/01/2020,12:10:43,537.6,531.75,2000,532.65,4000,0,10000
M&M-III.NFO,07/01/2020,12:11:13,537.6,531.75,2000,532.65,3000,0,10000
M&M-III.NFO,07/01/2020,12:11:21,537.6,531.75,2000,533.1,5000,0,10000
M&M-III.NFO,07/01/2020,12:11:25,537.6,531.75,3000,533.1,5000,0,10000
M&M-III.NFO,07/01/2020,12:11:53,537.6,531.95,1000,533.1,5000,0,10000
M&M-III.NFO,07/01/2020,12:11:56,537.6,532.1,2000,533.1,4000,0,10000
M&M-III.NFO,07/01/2020,12:12:18,537.6,532.2,2000,533.1,4000,0,10000
M&M-III.NFO,07/01/2020,12:12:40,537.6,532.2,2000,533.1,3000,0,10000
M&M-III.NFO,07/01/2020,12:13:14,537.6,532.6,2000,533.4,3000,0,10000
M&M-III.NFO,07/01/2020,12:13:27,537.6,532.6,3000,534.05,2000,0,10000
M&M-III.NFO,07/01/2020,12:13:33,537.6,532.6,2000,533.5,3000,0,10000
M&M-III.NFO,07/01/2020,12:13:58,537.6,532.6,2000,534.35,6000,0,10000
M&M-III.NFO,07/01/2020,12:14:03,537.6,532.6,1000,534.15,4000,0,10000
M&M-III.NFO,07/01/2020,12:14:09,537.6,532.6,2000,533.95,6000,0,10000
M&M-III.NFO,07/01/2020,12:14:14,537.6,532.6,2000,533.65,3000,0,10000
M&M-III.NFO,07/01/2020,12:14:18,537.6,532.6,2000,533.4,3000,0,10000
M&M-III.NFO,07/01/2020,12:14:26,537.6,532.6,2000,533.75,3000,0,10000
M&M-III.NFO,07/01/2020,12:14:29,537.6,532.6,2000,533.55,1000,0,10000
M&M-III.NFO,07/01/2020,12:14:32,537.6,532.6,2000,533.45,1000,0,10000
M&M-III.NFO,07/01/2020,12:14:49,537.6,532.6,3000,533.5,3000,0,10000
M&M-III.NFO,07/01/2020,12:14:52,537.6,532.6,2000,533.5,3000,0,10000
M&M-III.NFO,07/01/2020,12:15:09,537.6,532.6,2000,533.5,4000,0,10000
M&M-III.NFO,07/01/2020,12:15:26,537.6,532.6,2000,533.5,5000,0,10000
M&M-III.NFO,07/01/2020,12:15:32,537.6,532.6,1000,533.5,5000,0,10000
M&M-III.NFO,07/01/2020,12:15:34,537.6,532.6,2000,533.5,5000,0,10000
M&M-III.NFO,07/01/2020,12:15:35,537.6,532.6,1000,533.5,5000,0,10000
M&M-III.NFO,07/01/2020,12:15:42,537.6,532.6,2000,533.5,5000,0,10000
M&M-III.NFO,07/01/2020,12:15:51,537.6,532.6,1000,533.5,5000,0,10000
M&M-III.NFO,07/01/2020,12:16:00,537.6,532.3,2000,533.5,5000,0,10000
M&M-III.NFO,07/01/2020,12:16:09,537.6,532.55,2000,533.5,5000,0,10000
M&M-III.NFO,07/01/2020,12:16:43,537.6,532.45,1000,533.5,5000,0,10000
M&M-III.NFO,07/01/2020,12:16:45,537.6,532.5,2000,533.5,5000,0,10000
M&M-III.NFO,07/01/2020,12:16:47,537.6,532.5,1000,533.5,5000,0,10000
M&M-III.NFO,07/01/2020,12:17:26,537.6,532.5,2000,533.35,3000,0,10000
M&M-III.NFO,07/01/2020,12:18:17,537.6,532.5,2000,533.2,3000,0,10000
M&M-III.NFO,07/01/2020,12:18:20,537.6,532.5,3000,533.85,3000,0,10000
M&M-III.NFO,07/01/2020,12:18:23,537.6,532.5,3000,533.55,1000,0,10000
M&M-III.NFO,07/01/2020,12:18:26,537.6,532.75,2000,533.55,1000,0,10000
M&M-III.NFO,07/01/2020,12:18:33,537.6,531.95,6000,533.5,3000,0,10000
M&M-III.NFO,07/01/2020,12:18:44,537.6,531.95,6000,533.35,3000,0,10000
M&M-III.NFO,07/01/2020,12:18:47,537.6,531.95,6000,533.35,4000,0,10000
M&M-III.NFO,07/01/2020,12:18:53,537.6,531.95,6000,534,4000,0,10000
M&M-III.NFO,07/01/2020,12:18:55,537.6,531.95,6000,533.7,2000,0,10000
M&M-III.NFO,07/01/2020,12:18:58,537.6,531.95,6000,533.55,3000,0,10000
M&M-III.NFO,07/01/2020,12:19:08,537.6,531.95,8000,533.7,3000,0,10000
M&M-III.NFO,07/01/2020,12:19:13,537.6,531.95,6000,533.7,3000,0,10000
M&M-III.NFO,07/01/2020,12:19:21,537.6,531.95,7000,533.7,3000,0,10000
M&M-III.NFO,07/01/2020,12:19:24,537.6,531.95,8000,533.7,3000,0,10000
M&M-III.NFO,07/01/2020,12:19:27,537.6,531.95,6000,533.7,3000,0,10000
M&M-III.NFO,07/01/2020,12:19:40,537.6,531.95,8000,533.7,3000,0,10000
M&M-III.NFO,07/01/2020,12:19:45,537.6,531.95,6000,533.7,4000,0,10000
M&M-III.NFO,07/01/2020,12:20:01,537.6,531.95,8000,533.7,4000,0,10000
M&M-III.NFO,07/01/2020,12:20:06,537.6,531.95,6000,533.7,4000,0,10000
M&M-III.NFO,07/01/2020,12:20:09,537.6,531.95,8000,534.35,6000,0,10000
M&M-III.NFO,07/01/2020,12:20:15,537.6,531.95,6000,534.35,6000,0,10000
M&M-III.NFO,07/01/2020,12:21:01,537.6,531.95,6000,533.4,3000,0,10000
M&M-III.NFO,07/01/2020,12:22:00,537.6,531.95,5000,533.2,1000,0,10000
M&M-III.NFO,07/01/2020,12:22:04,537.6,531.95,4000,533.05,3000,0,10000
M&M-III.NFO,07/01/2020,12:22:08,537.6,531.95,4000,533.35,3000,0,10000
M&M-III.NFO,07/01/2020,12:22:12,537.6,531.95,4000,533.1,3000,0,10000
M&M-III.NFO,07/01/2020,12:22:19,537.6,531.95,6000,533.6,5000,0,10000
M&M-III.NFO,07/01/2020,12:22:32,537.6,531.95,5000,533.6,5000,0,10000
M&M-III.NFO,07/01/2020,12:22:40,537.6,531.95,6000,533.6,5000,0,10000
M&M-III.NFO,07/01/2020,12:22:44,537.6,532.4,2000,533.6,5000,0,10000
M&M-III.NFO,07/01/2020,12:22:46,537.6,531.85,3000,533.6,5000,0,10000
M&M-III.NFO,07/01/2020,12:22:51,537.6,532.2,2000,533.6,6000,0,10000
M&M-III.NFO,07/01/2020,12:23:22,537.6,532.45,2000,533.6,5000,0,10000
M&M-III.NFO,07/01/2020,12:23:29,537.6,532.45,1000,533.6,5000,0,10000
M&M-III.NFO,07/01/2020,12:23:36,537.6,532.35,1000,533.4,3000,0,10000
M&M-III.NFO,07/01/2020,12:23:39,537.6,531.85,5000,533.1,1000,0,10000
M&M-III.NFO,07/01/2020,12:23:42,537.6,531.85,6000,533.05,3000,0,10000
M&M-III.NFO,07/01/2020,12:23:55,537.6,531.85,5000,533.45,3000,0,10000
M&M-III.NFO,07/01/2020,12:23:57,537.6,531.85,5000,533.1,1000,0,10000
M&M-III.NFO,07/01/2020,12:24:02,537.6,531.85,6000,533.1,1000,0,10000
M&M-III.NFO,07/01/2020,12:24:13,537.6,532.45,1000,533.3,3000,0,10000
M&M-III.NFO,07/01/2020,12:24:20,537.6,532.25,2000,533.3,3000,0,10000
M&M-III.NFO,07/01/2020,12:24:24,537.6,532.25,3000,533.3,3000,0,10000
M&M-III.NFO,07/01/2020,12:24:31,537.6,532.25,2000,533.3,3000,0,10000
M&M-III.NFO,07/01/2020,12:24:45,537.6,532.25,3000,533.3,4000,0,10000
M&M-III.NFO,07/01/2020,12:24:48,537.6,532.25,2000,533.3,4000,0,10000
M&M-III.NFO,07/01/2020,12:25:00,537.6,532.25,3000,533.3,4000,0,10000
M&M-III.NFO,07/01/2020,12:25:03,537.6,532.25,2000,533.3,4000,0,10000
M&M-III.NFO,07/01/2020,12:25:41,537.6,532.6,1000,533.3,3000,0,10000
M&M-III.NFO,07/01/2020,12:26:02,537.6,532.55,1000,533.3,3000,0,10000
M&M-III.NFO,07/01/2020,12:26:29,537.6,532.45,2000,533.3,3000,0,10000
M&M-III.NFO,07/01/2020,12:26:41,537.6,532.45,2000,533.3,4000,0,10000
M&M-III.NFO,07/01/2020,12:26:58,537.6,532.45,1000,533.3,4000,0,10000
M&M-III.NFO,07/01/2020,12:27:16,537.6,532.45,2000,533.3,4000,0,10000
M&M-III.NFO,07/01/2020,12:27:29,537.6,532.45,1000,533.3,4000,0,10000
M&M-III.NFO,07/01/2020,12:27:33,537.6,532.45,1000,533.3,5000,0,10000
M&M-III.NFO,07/01/2020,12:28:06,537.6,532.1,3000,533.3,5000,0,10000
M&M-III.NFO,07/01/2020,12:28:12,537.6,532.3,1000,533.3,5000,0,10000
M&M-III.NFO,07/01/2020,12:28:15,537.6,532.35,2000,533.3,5000,0,10000
M&M-III.NFO,07/01/2020,12:28:45,537.6,532.15,1000,533.3,5000,0,10000
M&M-III.NFO,07/01/2020,12:28:48,537.6,532.2,2000,533.3,5000,0,10000
M&M-III.NFO,07/01/2020,12:28:55,537.6,531.8,1000,533.3,5000,0,10000
M&M-III.NFO,07/01/2020,12:29:02,537.6,531.85,2000,532.6,2000,0,10000
M&M-III.NFO,07/01/2020,12:29:08,537.6,531.85,2000,532.5,1000,0,10000
M&M-III.NFO,07/01/2020,12:29:13,537.6,531.55,2000,532.45,3000,0,10000
M&M-III.NFO,07/01/2020,12:29:17,537.6,531.7,1000,532.45,4000,0,10000
M&M-III.NFO,07/01/2020,12:29:21,537.6,531.2,3000,532.3,3000,0,10000
M&M-III.NFO,07/01/2020,12:29:26,537.6,531.45,2000,532.3,3000,0,10000
M&M-III.NFO,07/01/2020,12:29:31,537.6,531.5,2000,532.3,3000,0,10000
M&M-III.NFO,07/01/2020,12:29:49,537.6,531.5,2000,532.3,4000,0,10000
M&M-III.NFO,07/01/2020,12:29:54,537.6,531.5,2000,532.35,3000,0,10000
M&M-III.NFO,07/01/2020,12:30:08,537.6,531.5,1000,532.15,1000,0,10000
M&M-III.NFO,07/01/2020,12:30:15,537.6,531.5,2000,532.2,3000,0,10000
M&M-III.NFO,07/01/2020,12:30:25,537.6,531.6,2000,532.65,1000,0,10000
M&M-III.NFO,07/01/2020,12:30:30,537.6,531.95,1000,533,3000,0,10000
M&M-III.NFO,07/01/2020,12:30:35,537.6,531.95,1000,532.65,3000,0,10000
M&M-III.NFO,07/01/2020,12:30:47,537.6,531.95,1000,533.1,3000,0,10000
M&M-III.NFO,07/01/2020,12:30:52,537.6,531.95,2000,532.75,3000,0,10000
M&M-III.NFO,07/01/2020,12:31:09,537.6,531.95,2000,533.15,3000,0,10000
M&M-III.NFO,07/01/2020,12:31:13,537.6,531.95,2000,532.8,3000,0,10000
M&M-III.NFO,07/01/2020,12:31:40,537.6,531.95,1000,532.8,3000,0,10000
M&M-III.NFO,07/01/2020,12:31:43,537.6,531.95,2000,532.8,3000,0,10000
M&M-III.NFO,07/01/2020,12:32:31,537.6,531.6,2000,532.8,5000,0,10000
M&M-III.NFO,07/01/2020,12:32:43,537.6,531.6,1000,532.8,5000,0,10000
M&M-III.NFO,07/01/2020,12:32:59,537.6,531.6,2000,532.8,5000,0,10000
M&M-III.NFO,07/01/2020,12:35:28,537.6,531.6,1000,532.8,5000,0,10000
M&M-III.NFO,07/01/2020,12:35:31,537.6,531.6,2000,532.8,5000,0,10000
M&M-III.NFO,07/01/2020,12:35:37,537.6,531.6,1000,532.8,5000,0,10000
M&M-III.NFO,07/01/2020,12:35:40,537.6,531.6,2000,532.8,5000,0,10000
M&M-III.NFO,07/01/2020,12:36:08,537.6,531.6,3000,532.8,5000,0,10000
M&M-III.NFO,07/01/2020,12:36:23,537.6,531.6,2000,532.8,5000,0,10000
M&M-III.NFO,07/01/2020,12:36:52,537.6,531.6,3000,532.8,5000,0,10000
M&M-III.NFO,07/01/2020,12:37:07,537.6,531.6,2000,532.8,5000,0,10000
M&M-III.NFO,07/01/2020,12:37:10,537.6,531.6,3000,532.8,5000,0,10000
M&M-III.NFO,07/01/2020,12:37:17,537.6,531.6,4000,532.55,3000,0,10000
M&M-III.NFO,07/01/2020,12:37:25,537.6,531.7,1000,533,3000,0,10000
M&M-III.NFO,07/01/2020,12:37:28,537.6,531.85,2000,532.7,2000,0,10000
M&M-III.NFO,07/01/2020,12:37:31,537.6,531.85,2000,532.6,1000,0,10000
M&M-III.NFO,07/01/2020,12:37:33,537.6,531.85,2000,532.65,3000,0,10000
M&M-III.NFO,07/01/2020,12:37:37,537.6,531.85,2000,532.7,3000,0,10000
M&M-III.NFO,07/01/2020,12:37:41,537.6,531.85,2000,532.9,2000,0,10000
M&M-III.NFO,07/01/2020,12:37:44,537.6,531.85,2000,532.8,1000,0,10000
M&M-III.NFO,07/01/2020,12:37:47,537.6,531.85,3000,532.8,1000,0,10000
M&M-III.NFO,07/01/2020,12:37:50,537.6,531.85,2000,532.85,4000,0,10000
M&M-III.NFO,07/01/2020,12:37:55,537.6,531.85,2000,532.85,3000,0,10000
M&M-III.NFO,07/01/2020,12:38:25,537.6,531.85,2000,532.85,4000,0,10000
M&M-III.NFO,07/01/2020,12:38:46,537.6,532.2,2000,532.85,3000,0,10000
M&M-III.NFO,07/01/2020,12:38:56,537.6,532.2,2000,533.7,6000,0,10000
M&M-III.NFO,07/01/2020,12:39:03,537.6,532.2,2000,533.6,3000,0,10000
M&M-III.NFO,07/01/2020,12:39:06,537.6,532.2,2000,533.3,3000,0,10000
M&M-III.NFO,07/01/2020,12:39:09,537.6,532.2,2000,533.05,3000,0,10000
M&M-III.NFO,07/01/2020,12:39:12,537.6,532.2,2000,533.4,3000,0,10000
M&M-III.NFO,07/01/2020,12:39:16,537.6,532.2,2000,533,1000,0,10000
M&M-III.NFO,07/01/2020,12:39:19,537.6,531.9,2000,532.95,4000,0,10000
M&M-III.NFO,07/01/2020,12:39:27,537.6,531.9,2000,532.95,3000,0,10000
M&M-III.NFO,07/01/2020,12:39:30,537.6,531.9,2000,532.95,4000,0,10000
M&M-III.NFO,07/01/2020,12:39:34,537.6,532,1000,532.95,3000,0,10000
M&M-III.NFO,07/01/2020,12:39:36,537.6,532.15,2000,532.95,3000,0,10000
M&M-III.NFO,07/01/2020,12:39:39,537.6,532.15,2000,533.85,6000,0,10000
M&M-III.NFO,07/01/2020,12:40:51,537.6,532.15,2000,533.55,4000,0,10000
M&M-III.NFO,07/01/2020,12:40:54,537.6,532.15,3000,533.15,2000,0,10000
M&M-III.NFO,07/01/2020,12:40:58,537.6,532.15,3000,533.05,1000,0,10000
M&M-III.NFO,07/01/2020,12:41:19,537.6,532.4,2000,533.05,1000,0,10000
M&M-III.NFO,07/01/2020,12:41:22,537.6,532.4,1000,533.05,1000,0,10000
M&M-III.NFO,07/01/2020,12:41:25,537.6,532.4,1000,533.05,2000,0,10000
M&M-III.NFO,07/01/2020,12:41:29,537.6,532.4,1000,533.05,1000,0,10000
M&M-III.NFO,07/01/2020,12:42:16,537.6,532.3,1000,533.05,1000,0,10000
M&M-III.NFO,07/01/2020,12:42:26,537.6,532.2,1000,533.5,3000,0,10000
M&M-III.NFO,07/01/2020,12:42:28,537.6,532.05,2000,533.1,1000,0,10000
M&M-III.NFO,07/01/2020,12:42:30,537.6,532.25,1000,533.1,1000,0,10000
M&M-III.NFO,07/01/2020,12:42:32,537.6,532.2,1000,533,1000,0,10000
M&M-III.NFO,07/01/2020,12:42:56,537.6,532.2,2000,533.45,3000,0,10000
M&M-III.NFO,07/01/2020,12:42:59,537.6,532.2,1000,533,3000,0,10000
M&M-III.NFO,07/01/2020,12:43:09,537.6,532.2,2000,533,3000,0,10000
M&M-III.NFO,07/01/2020,12:43:18,537.6,532.2,2000,533.2,2000,0,10000
M&M-III.NFO,07/01/2020,12:43:22,537.6,532.2,2000,533.1,1000,0,10000
M&M-III.NFO,07/01/2020,12:43:40,537.6,532.2,3000,533.65,2000,0,10000
M&M-III.NFO,07/01/2020,12:43:45,537.6,532.2,2000,533.15,1000,0,10000
M&M-III.NFO,07/01/2020,12:43:57,537.6,532.2,3000,533.15,1000,0,10000
M&M-III.NFO,07/01/2020,12:44:20,537.6,532.2,3000,533.2,3000,0,10000
M&M-III.NFO,07/01/2020,12:44:29,537.6,532.2,2000,533.2,3000,0,10000
M&M-III.NFO,07/01/2020,12:44:42,537.6,532.2,3000,533.2,3000,0,10000
M&M-III.NFO,07/01/2020,12:44:45,537.6,532.45,2000,533.2,3000,0,10000
M&M-III.NFO,07/01/2020,12:45:26,537.6,532.45,1000,533.2,3000,0,10000
M&M-III.NFO,07/01/2020,12:45:53,537.6,532.45,2000,533.2,3000,0,10000
M&M-III.NFO,07/01/2020,12:45:59,537.6,532.45,1000,533.2,3000,0,10000
M&M-III.NFO,07/01/2020,12:46:14,537.6,532.45,2000,533.2,3000,0,10000
M&M-III.NFO,07/01/2020,12:48:02,537.6,532.55,2000,533.55,3000,0,10000
M&M-III.NFO,07/01/2020,12:48:08,537.6,532.8,1000,533.55,3000,0,10000
M&M-III.NFO,07/01/2020,12:48:14,537.6,532.95,2000,533.7,3000,0,10000
M&M-III.NFO,07/01/2020,12:48:20,537.6,532.95,1000,533.7,3000,0,10000
M&M-III.NFO,07/01/2020,12:48:31,537.6,532.95,2000,533.7,3000,0,10000
M&M-III.NFO,07/01/2020,12:48:41,537.6,532.95,2000,533.7,4000,0,10000
M&M-III.NFO,07/01/2020,12:48:51,537.6,532.95,2000,533.7,3000,0,10000
M&M-III.NFO,07/01/2020,12:49:03,537.6,532.55,3000,533.6,2000,0,10000
M&M-III.NFO,07/01/2020,12:49:13,537.6,532.65,2000,534.05,5000,0,10000
M&M-III.NFO,07/01/2020,12:49:17,537.6,532.65,2000,533.55,1000,0,10000
M&M-III.NFO,07/01/2020,12:49:25,537.6,532.65,2000,533.6,3000,0,10000
M&M-III.NFO,07/01/2020,12:49:44,537.6,532.85,1000,534.25,4000,0,10000
M&M-III.NFO,07/01/2020,12:49:47,537.6,532.9,2000,533.85,2000,0,10000
M&M-III.NFO,07/01/2020,12:49:50,537.6,532.9,2000,533.65,1000,0,10000
M&M-III.NFO,07/01/2020,12:49:56,537.6,532.9,1000,533.65,1000,0,10000
M&M-III.NFO,07/01/2020,12:50:21,537.6,532.9,2000,533.65,1000,0,10000
M&M-III.NFO,07/01/2020,12:50:29,537.6,532.9,3000,534.15,5000,0,10000
M&M-III.NFO,07/01/2020,12:50:33,537.6,533.15,2000,534,3000,0,10000
M&M-III.NFO,07/01/2020,12:50:58,537.6,533.25,2000,534,4000,0,10000
M&M-III.NFO,07/01/2020,12:51:02,537.6,532.85,4000,534,4000,0,10000
M&M-III.NFO,07/01/2020,12:51:10,537.6,532.85,5000,534,4000,0,10000
M&M-III.NFO,07/01/2020,12:51:47,537.6,532.85,4000,534,4000,0,10000
M&M-III.NFO,07/01/2020,12:51:53,537.6,532.85,4000,533.85,3000,0,10000
M&M-III.NFO,07/01/2020,12:52:54,537.6,532.75,1000,533.45,1000,0,10000
M&M-III.NFO,07/01/2020,12:53:00,537.6,532.55,1000,533.45,1000,0,10000
M&M-III.NFO,07/01/2020,12:53:04,537.6,532.7,1000,533.45,1000,0,10000
M&M-III.NFO,07/01/2020,12:53:17,537.6,532.55,1000,533.45,1000,0,10000
M&M-III.NFO,07/01/2020,12:53:21,537.6,532.6,1000,533.35,1000,0,10000
M&M-III.NFO,07/01/2020,12:53:31,537.6,532.6,2000,533.85,3000,0,10000
M&M-III.NFO,07/01/2020,12:53:35,537.6,532.6,3000,533.5,3000,0,10000
M&M-III.NFO,07/01/2020,12:54:10,537.6,532.85,2000,533.5,3000,0,10000
M&M-III.NFO,07/01/2020,12:54:21,537.6,532.85,2000,533.6,3000,0,10000
M&M-III.NFO,07/01/2020,12:54:25,537.6,532.85,2000,534.1,5000,0,10000
M&M-III.NFO,07/01/2020,12:54:29,537.6,532.85,2000,533.55,3000,0,10000
M&M-III.NFO,07/01/2020,12:55:04,537.6,532.4,4000,533.55,3000,0,10000
M&M-III.NFO,07/01/2020,12:55:08,537.6,532.75,2000,533.55,3000,0,10000
M&M-III.NFO,07/01/2020,12:56:05,537.6,532.75,2000,533.6,2000,0,10000
M&M-III.NFO,07/01/2020,12:56:08,537.6,532.75,2000,533.5,1000,0,10000
M&M-III.NFO,07/01/2020,12:56:49,537.6,532.75,1000,533.4,1000,0,10000
M&M-III.NFO,07/01/2020,12:57:05,537.6,532.75,1000,533.45,3000,0,10000
M&M-III.NFO,07/01/2020,12:57:29,537.6,532.4,1000,533.45,4000,0,10000
M&M-III.NFO,07/01/2020,12:57:34,537.6,532.55,1000,533.45,5000,0,10000
M&M-III.NFO,07/01/2020,12:57:43,537.6,532.1,3000,533.45,5000,0,10000
M&M-III.NFO,07/01/2020,12:57:49,537.6,532.35,2000,533.45,5000,0,10000
M&M-III.NFO,07/01/2020,12:58:07,537.6,532.1,1000,533.45,5000,0,10000
M&M-III.NFO,07/01/2020,12:58:12,537.6,532.15,2000,533.45,5000,0,10000
M&M-III.NFO,07/01/2020,12:58:18,537.6,532.15,3000,533.45,5000,0,10000
M&M-III.NFO,07/01/2020,12:58:23,537.6,532.4,2000,533.45,5000,0,10000
M&M-III.NFO,07/01/2020,12:58:27,537.6,531.95,3000,533.45,5000,0,10000
M&M-III.NFO,07/01/2020,12:58:33,537.6,532.4,2000,533.45,5000,0,10000
M&M-III.NFO,07/01/2020,12:59:34,537.6,532.5,1000,533.45,5000,0,10000
M&M-III.NFO,07/01/2020,12:59:43,537.6,532.3,2000,533.45,5000,0,10000
M&M-III.NFO,07/01/2020,12:59:51,537.6,532.3,2000,533.45,6000,0,10000
M&M-III.NFO,07/01/2020,12:59:56,537.6,532.2,2000,533.45,6000,0,10000
M&M-III.NFO,07/01/2020,13:00:01,537.6,532.2,2000,533.45,5000,0,10000
M&M-III.NFO,07/01/2020,13:00:06,537.6,532.2,1000,533.45,5000,0,10000
M&M-III.NFO,07/01/2020,13:00:13,537.6,531.6,2000,533.15,3000,0,10000
M&M-III.NFO,07/01/2020,13:00:21,537.6,531.6,2000,532.65,3000,0,10000
M&M-III.NFO,07/01/2020,13:00:27,537.6,531.6,2000,532.6,1000,0,10000
M&M-III.NFO,07/01/2020,13:00:32,537.6,531.65,3000,533.4,3000,0,10000
M&M-III.NFO,07/01/2020,13:00:37,537.6,531.8,1000,532.7,1000,0,10000
M&M-III.NFO,07/01/2020,13:00:43,537.6,531.6,2000,532.55,1000,0,10000
M&M-III.NFO,07/01/2020,13:00:48,537.6,531.6,2000,532.6,3000,0,10000
M&M-III.NFO,07/01/2020,13:00:53,537.6,531.6,2000,532.55,3000,0,10000
M&M-III.NFO,07/01/2020,13:00:59,537.6,531.6,2000,532.55,1000,0,10000
M&M-III.NFO,07/01/2020,13:01:05,537.6,531.6,2000,532.5,4000,0,10000
M&M-III.NFO,07/01/2020,13:01:13,537.6,531.7,1000,532.5,4000,0,10000
M&M-III.NFO,07/01/2020,13:01:20,537.6,531.6,1000,532.5,5000,0,10000
M&M-III.NFO,07/01/2020,13:01:26,537.6,531.55,1000,532.5,4000,0,10000
M&M-III.NFO,07/01/2020,13:01:33,537.6,531.55,1000,532.25,3000,0,10000
M&M-III.NFO,07/01/2020,13:01:39,537.6,531.55,1000,532.3,3000,0,10000
M&M-III.NFO,07/01/2020,13:01:50,537.6,531.6,1000,532.35,3000,0,10000
M&M-III.NFO,07/01/2020,13:01:55,537.6,531.6,2000,532.9,5000,0,10000
M&M-III.NFO,07/01/2020,13:02:02,537.6,531.6,2000,532.8,2000,0,10000
M&M-III.NFO,07/01/2020,13:02:08,537.6,531.6,2000,532.4,3000,0,10000
M&M-III.NFO,07/01/2020,13:02:14,537.6,531.6,2000,532.6,1000,0,10000
M&M-III.NFO,07/01/2020,13:02:19,537.6,531.6,2000,532.4,3000,0,10000
M&M-III.NFO,07/01/2020,13:02:25,537.6,531.15,4000,533.1,6000,0,10000
M&M-III.NFO,07/01/2020,13:02:36,537.6,531.5,2000,532.5,2000,0,10000
M&M-III.NFO,07/01/2020,13:02:41,537.6,531.5,2000,532.35,3000,0,10000
M&M-III.NFO,07/01/2020,13:02:45,537.6,531.5,2000,532.65,2000,0,10000
M&M-III.NFO,07/01/2020,13:02:50,537.6,531.5,2000,532.4,3000,0,10000
M&M-III.NFO,07/01/2020,13:03:11,537.6,531.5,2000,532.9,5000,0,10000
M&M-III.NFO,07/01/2020,13:03:20,537.6,531.75,1000,532.9,5000,0,10000
M&M-III.NFO,07/01/2020,13:03:56,537.6,531.75,2000,532.9,5000,0,10000
M&M-III.NFO,07/01/2020,13:04:06,537.6,531.75,1000,532.8,3000,0,10000
M&M-III.NFO,07/01/2020,13:04:11,537.6,531.75,1000,532.3,1000,0,10000
M&M-III.NFO,07/01/2020,13:04:15,537.6,531.75,2000,532.9,5000,0,10000
M&M-III.NFO,07/01/2020,13:04:23,537.6,531.6,2000,532.9,6000,0,10000
M&M-III.NFO,07/01/2020,13:04:27,537.6,531.6,1000,532.9,6000,0,10000
M&M-III.NFO,07/01/2020,13:04:39,537.6,531.4,1000,532.35,3000,0,10000
M&M-III.NFO,07/01/2020,13:04:44,537.6,531.15,2000,532.35,5000,0,10000
M&M-III.NFO,07/01/2020,13:04:51,537.6,531.4,2000,532.35,5000,0,10000
M&M-III.NFO,07/01/2020,13:05:05,537.6,531.2,2000,532.35,5000,0,10000
M&M-III.NFO,07/01/2020,13:05:12,537.6,530.95,1000,532.35,6000,0,10000
M&M-III.NFO,07/01/2020,13:05:19,537.6,530.8,2000,532.35,6000,0,10000
M&M-III.NFO,07/01/2020,13:05:25,537.6,530.8,2000,531.7,3000,0,10000
M&M-III.NFO,07/01/2020,13:05:36,537.6,530.8,3000,531.7,3000,0,10000
M&M-III.NFO,07/01/2020,13:05:42,537.6,531.25,2000,532.1,3000,0,10000
M&M-III.NFO,07/01/2020,13:05:47,537.6,531.25,1000,532.05,1000,0,10000
M&M-III.NFO,07/01/2020,13:05:53,537.6,531,2000,531.85,1000,0,10000
M&M-III.NFO,07/01/2020,13:06:05,537.6,531,2000,531.95,3000,0,10000
M&M-III.NFO,07/01/2020,13:06:17,537.6,531,1000,531.9,4000,0,10000
M&M-III.NFO,07/01/2020,13:06:22,537.6,531,2000,531.7,1000,0,10000
M&M-III.NFO,07/01/2020,13:06:27,537.6,531,1000,531.7,1000,0,10000
M&M-III.NFO,07/01/2020,13:06:33,537.6,530.9,1000,531.65,3000,0,10000
M&M-III.NFO,07/01/2020,13:06:37,537.6,530.95,2000,532.1,5000,0,10000
M&M-III.NFO,07/01/2020,13:06:51,537.6,531.2,1000,532.1,4000,0,10000
M&M-III.NFO,07/01/2020,13:06:56,537.6,530.55,2000,532.1,5000,0,10000
M&M-III.NFO,07/01/2020,13:07:02,537.6,530.8,2000,532.1,5000,0,10000
M&M-III.NFO,07/01/2020,13:07:17,537.6,531.05,2000,532.1,5000,0,10000
M&M-III.NFO,07/01/2020,13:07:21,537.6,531.05,1000,532.1,5000,0,10000
M&M-III.NFO,07/01/2020,13:07:37,537.6,531.05,2000,532.1,5000,0,10000
M&M-III.NFO,07/01/2020,13:07:48,537.6,530.9,2000,532.1,5000,0,10000
M&M-III.NFO,07/01/2020,13:07:59,537.6,530.9,2000,532.1,6000,0,10000
M&M-III.NFO,07/01/2020,13:08:05,537.6,530.9,2000,532.1,5000,0,10000
M&M-III.NFO,07/01/2020,13:08:25,537.6,530.4,4000,531.65,2000,0,10000
M&M-III.NFO,07/01/2020,13:08:34,537.6,530.75,2000,531.45,1000,0,10000
M&M-III.NFO,07/01/2020,13:08:50,537.6,530.75,2000,532.15,3000,0,10000
M&M-III.NFO,07/01/2020,13:08:56,537.6,530.05,6000,531.3,3000,0,10000
M&M-III.NFO,07/01/2020,13:09:11,537.6,530.05,2000,530.85,3000,0,10000
M&M-III.NFO,07/01/2020,13:09:19,537.6,530.05,2000,530.75,1000,0,10000
M&M-III.NFO,07/01/2020,13:09:39,537.6,530,3000,530.7,3000,0,10000
M&M-III.NFO,07/01/2020,13:09:45,537.6,530.05,1000,530.7,3000,0,10000
M&M-III.NFO,07/01/2020,13:09:51,537.6,530.05,2000,530.95,3000,0,10000
M&M-III.NFO,07/01/2020,13:09:58,537.6,530.05,2000,530.95,4000,0,10000
M&M-III.NFO,07/01/2020,13:10:04,537.6,530,3000,530.55,1000,0,10000
M&M-III.NFO,07/01/2020,13:10:10,537.6,530,3000,530.55,3000,0,10000
M&M-III.NFO,07/01/2020,13:10:20,537.6,530,3000,530.65,3000,0,10000
M&M-III.NFO,07/01/2020,13:10:25,537.6,530,3000,531.15,4000,0,10000
M&M-III.NFO,07/01/2020,13:10:30,537.6,530.05,1000,530.8,3000,0,10000
M&M-III.NFO,07/01/2020,13:10:46,537.6,530.05,1000,530.8,1000,0,10000
M&M-III.NFO,07/01/2020,13:10:51,537.6,530.05,2000,531.45,2000,0,10000
M&M-III.NFO,07/01/2020,13:10:56,537.6,530.05,2000,530.95,2000,0,10000
M&M-III.NFO,07/01/2020,13:11:00,537.6,530.05,2000,531.4,4000,0,10000
M&M-III.NFO,07/01/2020,13:11:06,537.6,530.05,1000,530.7,1000,0,10000
M&M-III.NFO,07/01/2020,13:11:12,537.6,530,3000,530.65,3000,0,10000
M&M-III.NFO,07/01/2020,13:11:17,537.6,530.05,1000,530.65,3000,0,10000
M&M-III.NFO,07/01/2020,13:11:22,537.6,530.05,1000,530.7,3000,0,10000
M&M-III.NFO,07/01/2020,13:11:26,537.6,530.15,2000,531.3,6000,0,10000
M&M-III.NFO,07/01/2020,13:11:31,537.6,530.05,2000,531.3,5000,0,10000
M&M-III.NFO,07/01/2020,13:11:41,537.6,530.2,2000,531.3,5000,0,10000
M&M-III.NFO,07/01/2020,13:11:46,537.6,530.2,1000,531.3,5000,0,10000
M&M-III.NFO,07/01/2020,13:12:00,537.6,530.2,3000,531.3,4000,0,10000
M&M-III.NFO,07/01/2020,13:12:12,537.6,530.05,5000,531.3,4000,0,10000
M&M-III.NFO,07/01/2020,13:12:18,537.6,530.5,1000,531.3,3000,0,10000
M&M-III.NFO,07/01/2020,13:12:22,537.6,530.05,4000,531.3,4000,0,10000
M&M-III.NFO,07/01/2020,13:12:28,537.6,530.05,5000,531.3,4000,0,10000
M&M-III.NFO,07/01/2020,13:12:33,537.6,530.5,2000,531.3,4000,0,10000
M&M-III.NFO,07/01/2020,13:12:43,537.6,530.5,2000,531.3,3000,0,10000
M&M-III.NFO,07/01/2020,13:13:02,537.6,530.65,1000,531.85,2000,0,10000
M&M-III.NFO,07/01/2020,13:13:06,537.6,530.8,1000,531.4,3000,0,10000
M&M-III.NFO,07/01/2020,13:13:14,537.6,530.45,2000,531.4,4000,0,10000
M&M-III.NFO,07/01/2020,13:13:22,537.6,530.45,2000,531.4,5000,0,10000
M&M-III.NFO,07/01/2020,13:13:27,537.6,530.35,2000,531.4,5000,0,10000
M&M-III.NFO,07/01/2020,13:13:31,537.6,530.05,3000,531.4,5000,0,10000
M&M-III.NFO,07/01/2020,13:13:41,537.6,530.4,1000,531.4,5000,0,10000
M&M-III.NFO,07/01/2020,13:13:49,537.6,530.4,2000,531.4,5000,0,10000
M&M-III.NFO,07/01/2020,13:13:53,537.6,530.15,2000,531.4,5000,0,10000
M&M-III.NFO,07/01/2020,13:14:00,537.6,530.15,3000,531.4,5000,0,10000
M&M-III.NFO,07/01/2020,13:14:10,537.6,530.15,2000,531.4,5000,0,10000
M&M-III.NFO,07/01/2020,13:14:15,537.6,530.15,3000,531.4,5000,0,10000
M&M-III.NFO,07/01/2020,13:14:27,537.6,530.35,1000,531.4,4000,0,10000
M&M-III.NFO,07/01/2020,13:14:32,537.6,530.5,1000,531.4,4000,0,10000
M&M-III.NFO,07/01/2020,13:14:37,537.6,530.5,2000,531.65,3000,0,10000
M&M-III.NFO,07/01/2020,13:14:42,537.6,530.5,2000,531.4,3000,0,10000
M&M-III.NFO,07/01/2020,13:15:00,537.6,530.75,1000,532.1,6000,0,10000
M&M-III.NFO,07/01/2020,13:15:08,537.6,530.05,3000,531.15,3000,0,10000
M&M-III.NFO,07/01/2020,13:15:16,537.6,530.25,2000,531.35,1000,0,10000
M&M-III.NFO,07/01/2020,13:15:24,537.6,530.05,4000,532,6000,0,10000
M&M-III.NFO,07/01/2020,13:15:37,537.6,530.05,4000,531.8,4000,0,10000
M&M-III.NFO,07/01/2020,13:15:44,537.6,530.05,2000,531,1000,0,10000
M&M-III.NFO,07/01/2020,13:15:50,537.6,530.05,2000,530.95,3000,0,10000
M&M-III.NFO,07/01/2020,13:16:02,537.6,530.05,3000,530.95,3000,0,10000
M&M-III.NFO,07/01/2020,13:16:15,537.6,530.5,1000,531.25,1000,0,10000
M&M-III.NFO,07/01/2020,13:16:21,537.6,530.1,3000,531.2,4000,0,10000
M&M-III.NFO,07/01/2020,13:16:27,537.6,530.35,2000,531.2,4000,0,10000
M&M-III.NFO,07/01/2020,13:16:51,537.6,530.05,3000,531.2,4000,0,10000
M&M-III.NFO,07/01/2020,13:16:57,537.6,530.3,2000,531.2,4000,0,10000
M&M-III.NFO,07/01/2020,13:17:12,537.6,530.3,2000,531.2,5000,0,10000
M&M-III.NFO,07/01/2020,13:17:16,537.6,530.3,1000,531.2,4000,0,10000
M&M-III.NFO,07/01/2020,13:17:21,537.6,530.3,2000,531.2,4000,0,10000
M&M-III.NFO,07/01/2020,13:17:28,537.6,530.05,1000,531.2,5000,0,10000
M&M-III.NFO,07/01/2020,13:17:35,537.6,530.05,2000,531.2,5000,0,10000
M&M-III.NFO,07/01/2020,13:17:41,537.6,530.05,1000,531.2,5000,0,10000
M&M-III.NFO,07/01/2020,13:17:51,537.6,530.05,2000,531.2,5000,0,10000
M&M-III.NFO,07/01/2020,13:18:00,537.6,530.05,1000,531.2,5000,0,10000
M&M-III.NFO,07/01/2020,13:18:06,537.6,530,3000,530.7,1000,0,10000
M&M-III.NFO,07/01/2020,13:18:11,537.6,530,3000,530.65,1000,0,10000
M&M-III.NFO,07/01/2020,13:18:28,537.6,530.05,2000,530.75,1000,0,10000
M&M-III.NFO,07/01/2020,13:18:35,537.6,530,3000,530.7,3000,0,10000
M&M-III.NFO,07/01/2020,13:18:40,537.6,530.05,1000,530.8,1000,0,10000
M&M-III.NFO,07/01/2020,13:18:46,537.6,530.05,1000,530.75,3000,0,10000
M&M-III.NFO,07/01/2020,13:18:56,537.6,530.05,2000,530.75,3000,0,10000
M&M-III.NFO,07/01/2020,13:19:02,537.6,530.15,2000,530.75,3000,0,10000
M&M-III.NFO,07/01/2020,13:19:14,537.6,530.15,2000,530.8,1000,0,10000
M&M-III.NFO,07/01/2020,13:19:28,537.6,530.05,2000,531.05,3000,0,10000
M&M-III.NFO,07/01/2020,13:19:33,537.6,530.05,2000,530.85,1000,0,10000
M&M-III.NFO,07/01/2020,13:19:37,537.6,530.05,1000,530.85,1000,0,10000
M&M-III.NFO,07/01/2020,13:19:42,537.6,530.05,2000,530.85,1000,0,10000
M&M-III.NFO,07/01/2020,13:19:59,537.6,530.05,2000,531.65,6000,0,10000
M&M-III.NFO,07/01/2020,13:21:07,537.6,530.05,1000,531.35,3000,0,10000
M&M-III.NFO,07/01/2020,13:21:13,537.6,530,3000,530.75,3000,0,10000
M&M-III.NFO,07/01/2020,13:21:22,530,529.3,2000,530.1,3000,3000,11000
M&M-III.NFO,07/01/2020,13:21:22,530,529.3,2000,530.1,3000,0,11000
M&M-III.NFO,07/01/2020,13:21:38,530,529.3,2000,530.4,2000,0,11000
M&M-III.NFO,07/01/2020,13:21:43,530,529.3,2000,530.15,3000,0,11000
M&M-III.NFO,07/01/2020,13:21:48,530,529.45,1000,530.7,3000,0,11000
M&M-III.NFO,07/01/2020,13:21:53,530,529.5,1000,530.25,3000,0,11000
M&M-III.NFO,07/01/2020,13:21:58,530,529.5,2000,530.9,6000,0,11000
M&M-III.NFO,07/01/2020,13:22:09,530,529.5,1000,530.9,6000,0,11000
M&M-III.NFO,07/01/2020,13:22:14,530,529.35,1000,530.5,3000,0,11000
M&M-III.NFO,07/01/2020,13:22:20,530,529.5,1000,530.25,2000,0,11000
M&M-III.NFO,07/01/2020,13:22:26,530,529.5,2000,530.25,2000,0,11000
M&M-III.NFO,07/01/2020,13:22:52,530,528.9,4000,530.05,1000,0,11000
M&M-III.NFO,07/01/2020,13:22:57,530,529.1,1000,530,3000,0,11000
M&M-III.NFO,07/01/2020,13:23:03,530,529.25,1000,530,3000,0,11000
M&M-III.NFO,07/01/2020,13:23:15,530,529.25,2000,530,3000,0,11000
M&M-III.NFO,07/01/2020,13:23:32,530,529.25,1000,530,3000,0,11000
M&M-III.NFO,07/01/2020,13:23:37,530,529.25,2000,530.15,2000,0,11000
M&M-III.NFO,07/01/2020,13:23:43,530,529.25,3000,530.15,2000,0,11000
M&M-III.NFO,07/01/2020,13:23:48,530,529.5,2000,530.7,3000,0,11000
M&M-III.NFO,07/01/2020,13:23:54,530,529.5,2000,530.45,2000,0,11000
M&M-III.NFO,07/01/2020,13:24:00,530,529.2,2000,530.95,4000,0,11000
M&M-III.NFO,07/01/2020,13:24:06,530,529.65,2000,531.2,5000,0,11000
M&M-III.NFO,07/01/2020,13:24:12,530,529.8,1000,530.75,3000,0,11000
M&M-III.NFO,07/01/2020,13:24:18,530,529.75,2000,531.1,4000,0,11000
M&M-III.NFO,07/01/2020,13:24:24,530,529.75,2000,531.1,5000,0,11000
M&M-III.NFO,07/01/2020,13:24:29,530,529.15,3000,531.1,5000,0,11000
M&M-III.NFO,07/01/2020,13:24:34,530,530,2000,531.15,3000,0,11000
M&M-III.NFO,07/01/2020,13:24:41,530,530.35,2000,531.2,2000,0,11000
M&M-III.NFO,07/01/2020,13:24:48,530,530.35,2000,531.5,2000,0,11000
M&M-III.NFO,07/01/2020,13:24:55,530,530.6,2000,531.55,2000,0,11000
M&M-III.NFO,07/01/2020,13:25:01,530,530.6,2000,531.6,1000,0,11000
M&M-III.NFO,07/01/2020,13:25:06,530,530.6,2000,531.5,1000,0,11000
M&M-III.NFO,07/01/2020,13:25:13,530,530.45,2000,531.3,1000,0,11000
M&M-III.NFO,07/01/2020,13:25:19,530,530.4,1000,531.25,3000,0,11000
M&M-III.NFO,07/01/2020,13:25:26,530,530.45,2000,531.25,3000,0,11000
M&M-III.NFO,07/01/2020,13:25:43,530,530.05,1000,531.25,5000,0,11000
M&M-III.NFO,07/01/2020,13:25:47,530,530.3,1000,531.05,2000,0,11000
M&M-III.NFO,07/01/2020,13:25:52,530,530.3,1000,531.05,3000,0,11000
M&M-III.NFO,07/01/2020,13:26:00,530,530.3,2000,531.05,3000,0,11000
M&M-III.NFO,07/01/2020,13:26:05,530,530.3,2000,531.15,2000,0,11000
M&M-III.NFO,07/01/2020,13:26:31,530,530.3,2000,531.15,3000,0,11000
M&M-III.NFO,07/01/2020,13:26:42,530,530.3,2000,531.1,1000,0,11000
M&M-III.NFO,07/01/2020,13:26:48,530,530.3,2000,531.05,2000,0,11000
M&M-III.NFO,07/01/2020,13:26:53,530,530.3,2000,531.7,4000,0,11000
M&M-III.NFO,07/01/2020,13:26:59,530,530.3,2000,531.45,3000,0,11000
M&M-III.NFO,07/01/2020,13:27:05,530,530.3,3000,531.2,2000,0,11000
M&M-III.NFO,07/01/2020,13:27:10,530,530.3,3000,531.75,6000,0,11000
M&M-III.NFO,07/01/2020,13:27:22,530,530.3,3000,531.25,2000,0,11000
M&M-III.NFO,07/01/2020,13:27:44,530,530.2,2000,531.25,5000,0,11000
M&M-III.NFO,07/01/2020,13:28:53,530,529.4,2000,531.25,7000,0,11000
M&M-III.NFO,07/01/2020,13:29:38,530,529.4,2000,530.45,1000,0,11000
M&M-III.NFO,07/01/2020,13:29:45,530,529.4,3000,530.4,2000,0,11000
M&M-III.NFO,07/01/2020,13:30:03,530,529.65,2000,530.75,3000,0,11000
M&M-III.NFO,07/01/2020,13:30:10,530,529.65,2000,530.6,2000,0,11000
M&M-III.NFO,07/01/2020,13:30:26,530,528.9,6000,530.4,3000,0,11000
M&M-III.NFO,07/01/2020,13:30:33,530,529.4,1000,530.4,3000,0,11000
M&M-III.NFO,07/01/2020,13:30:39,530,529.3,2000,530.4,4000,0,11000
M&M-III.NFO,07/01/2020,13:30:51,530,529.3,2000,530.25,2000,0,11000
M&M-III.NFO,07/01/2020,13:31:10,530,529.3,3000,530.4,2000,0,11000
M&M-III.NFO,07/01/2020,13:31:16,530,529.65,1000,530.45,2000,0,11000
M&M-III.NFO,07/01/2020,13:31:27,530,529.65,2000,530.45,2000,0,11000
M&M-III.NFO,07/01/2020,13:31:39,530,529.9,2000,531.15,5000,0,11000
M&M-III.NFO,07/01/2020,13:31:51,530,530.35,2000,531.15,2000,0,11000
M&M-III.NFO,07/01/2020,13:31:59,530,530.35,2000,531.45,3000,0,11000
M&M-III.NFO,07/01/2020,13:32:06,530,530.35,2000,531.3,4000,0,11000
M&M-III.NFO,07/01/2020,13:32:13,530,530.15,1000,531.05,2000,0,11000
M&M-III.NFO,07/01/2020,13:32:18,530,530.15,1000,530.85,2000,0,11000
M&M-III.NFO,07/01/2020,13:32:46,530,530.05,1000,530.85,2000,0,11000
M&M-III.NFO,07/01/2020,13:32:52,530,529.95,2000,530.85,3000,0,11000
M&M-III.NFO,07/01/2020,13:32:57,530,529.4,3000,530.85,4000,0,11000
M&M-III.NFO,07/01/2020,13:33:02,530,529.95,1000,530.85,4000,0,11000
M&M-III.NFO,07/01/2020,13:33:46,530,529.95,2000,530.85,2000,0,11000
M&M-III.NFO,07/01/2020,13:34:10,530,529.95,2000,530.85,3000,0,11000
M&M-III.NFO,07/01/2020,13:34:15,530,529.95,2000,530.85,2000,0,11000
M&M-III.NFO,07/01/2020,13:34:34,530,529.8,1000,530.85,2000,0,11000
M&M-III.NFO,07/01/2020,13:34:40,530,530.15,1000,530.85,2000,0,11000
M&M-III.NFO,07/01/2020,13:34:46,530,529.8,2000,530.85,2000,0,11000
M&M-III.NFO,07/01/2020,13:34:50,530,529.8,2000,530.85,3000,0,11000
M&M-III.NFO,07/01/2020,13:35:14,530,530.15,1000,530.85,3000,0,11000
M&M-III.NFO,07/01/2020,13:35:42,530,530,2000,530.9,1000,0,11000
M&M-III.NFO,07/01/2020,13:35:46,530,530,2000,530.85,2000,0,11000
M&M-III.NFO,07/01/2020,13:35:54,530,530,2000,530.75,2000,0,11000
M&M-III.NFO,07/01/2020,13:36:13,530,530,2000,531.2,5000,0,11000
M&M-III.NFO,07/01/2020,13:36:39,530,530.35,1000,531.1,3000,0,11000
M&M-III.NFO,07/01/2020,13:36:44,530,530.3,2000,531.1,2000,0,11000
M&M-III.NFO,07/01/2020,13:37:00,530,530.3,2000,532.05,5000,0,11000
M&M-III.NFO,07/01/2020,13:37:05,530,530.3,2000,531.25,2000,0,11000
M&M-III.NFO,07/01/2020,13:37:24,530,530.4,1000,531.7,3000,0,11000
M&M-III.NFO,07/01/2020,13:37:27,530,530,6000,531.3,3000,0,11000
M&M-III.NFO,07/01/2020,13:37:32,530,530,6000,531.5,2000,0,11000
M&M-III.NFO,07/01/2020,13:37:36,530,530,6000,531.4,2000,0,11000
M&M-III.NFO,07/01/2020,13:37:41,530,530.45,1000,531.1,2000,0,11000
M&M-III.NFO,07/01/2020,13:38:00,530,530.45,2000,531.1,2000,0,11000
M&M-III.NFO,07/01/2020,13:38:11,530,530.45,2000,531.4,2000,0,11000
M&M-III.NFO,07/01/2020,13:38:18,530,530.45,2000,531.3,2000,0,11000
M&M-III.NFO,07/01/2020,13:38:30,530,530.45,2000,531.3,4000,0,11000
M&M-III.NFO,07/01/2020,13:38:35,530,530.15,2000,531.3,5000,0,11000
M&M-III.NFO,07/01/2020,13:38:57,530,530.15,2000,531.3,6000,0,11000
M&M-III.NFO,07/01/2020,13:39:02,530,530.15,2000,531.3,5000,0,11000
M&M-III.NFO,07/01/2020,13:40:01,530,530.15,1000,531.3,5000,0,11000
M&M-III.NFO,07/01/2020,13:40:05,530,530.15,1000,531.3,6000,0,11000
M&M-III.NFO,07/01/2020,13:40:14,530,530,1000,531.3,6000,0,11000
M&M-III.NFO,07/01/2020,13:40:17,530,530,2000,531.3,6000,0,11000
M&M-III.NFO,07/01/2020,13:40:21,530,529.95,1000,531.3,6000,0,11000
M&M-III.NFO,07/01/2020,13:40:25,530,530,2000,531.3,6000,0,11000
M&M-III.NFO,07/01/2020,13:40:29,530,529.3,6000,530.9,2000,0,11000
M&M-III.NFO,07/01/2020,13:40:32,530,529.3,6000,530.75,2000,0,11000
M&M-III.NFO,07/01/2020,13:41:13,530,529.95,1000,530.75,3000,0,11000
M&M-III.NFO,07/01/2020,13:41:50,530,529.95,2000,530.75,3000,0,11000
M&M-III.NFO,07/01/2020,13:42:00,530,529.85,2000,530.75,4000,0,11000
M&M-III.NFO,07/01/2020,13:42:10,530,529.85,3000,530.95,3000,0,11000
M&M-III.NFO,07/01/2020,13:42:14,530,529.85,3000,530.95,2000,0,11000
M&M-III.NFO,07/01/2020,13:42:21,530,530.35,1000,531.2,1000,0,11000
M&M-III.NFO,07/01/2020,13:42:28,530,530.4,1000,531.15,2000,0,11000
M&M-III.NFO,07/01/2020,13:42:33,530,530.4,1000,531.75,6000,0,11000
M&M-III.NFO,07/01/2020,13:42:38,530,530.45,1000,531.75,6000,0,11000
M&M-III.NFO,07/01/2020,13:42:58,530,530.15,2000,531.75,6000,0,11000
M&M-III.NFO,07/01/2020,13:43:03,530,530.4,1000,531.75,6000,0,11000
M&M-III.NFO,07/01/2020,13:43:11,530,530.4,2000,531.75,6000,0,11000
M&M-III.NFO,07/01/2020,13:43:14,530,530.4,2000,531.75,5000,0,11000
M&M-III.NFO,07/01/2020,13:43:24,530,530.4,2000,531.55,2000,0,11000
M&M-III.NFO,07/01/2020,13:43:29,530,530.4,2000,531.2,2000,0,11000
M&M-III.NFO,07/01/2020,13:43:33,530,530.05,3000,531.4,2000,0,11000
M&M-III.NFO,07/01/2020,13:43:39,530,530.4,1000,531.1,2000,0,11000
M&M-III.NFO,07/01/2020,13:43:54,530,530.4,1000,531,2000,0,11000
M&M-III.NFO,07/01/2020,13:43:59,530,530.4,1000,531,3000,0,11000
M&M-III.NFO,07/01/2020,13:44:03,530,530.15,3000,531.55,3000,0,11000
M&M-III.NFO,07/01/2020,13:44:07,530,530.35,1000,531.2,2000,0,11000
M&M-III.NFO,07/01/2020,13:44:11,530,530.5,1000,531.2,2000,0,11000
M&M-III.NFO,07/01/2020,13:44:17,530,530.5,2000,531.2,2000,0,11000
M&M-III.NFO,07/01/2020,13:44:22,530,530.5,2000,531.25,2000,0,11000
M&M-III.NFO,07/01/2020,13:44:27,530,530.5,2000,531.7,3000,0,11000
M&M-III.NFO,07/01/2020,13:44:31,530,530.7,1000,531.5,2000,0,11000
M&M-III.NFO,07/01/2020,13:44:35,530,530.4,1000,531.55,1000,0,11000
M&M-III.NFO,07/01/2020,13:44:39,530,530.5,2000,532,2000,0,11000
M&M-III.NFO,07/01/2020,13:44:43,530,530.25,2000,531.75,4000,0,11000
M&M-III.NFO,07/01/2020,13:44:46,530,530.55,1000,531.75,4000,0,11000
M&M-III.NFO,07/01/2020,13:44:51,530,530.6,1000,531.45,3000,0,11000
M&M-III.NFO,07/01/2020,13:44:56,530,530.6,1000,532.05,6000,0,11000
M&M-III.NFO,07/01/2020,13:44:59,530,530.3,3000,532.05,6000,0,11000
M&M-III.NFO,07/01/2020,13:45:03,530,530.65,2000,532.05,6000,0,11000
M&M-III.NFO,07/01/2020,13:45:08,530,530.65,2000,531.6,2000,0,11000
M&M-III.NFO,07/01/2020,13:45:14,530,530.65,3000,531.75,2000,0,11000
M&M-III.NFO,07/01/2020,13:45:21,530,531,1000,531.75,2000,0,11000
M&M-III.NFO,07/01/2020,13:45:27,530,530.9,2000,531.75,2000,0,11000
M&M-III.NFO,07/01/2020,13:45:43,530,530.9,2000,532.2,2000,0,11000
M&M-III.NFO,07/01/2020,13:45:50,530,530.9,2000,531.85,2000,0,11000
M&M-III.NFO,07/01/2020,13:45:55,530,530.9,2000,531.85,3000,0,11000
M&M-III.NFO,07/01/2020,13:46:00,530,530.9,2000,531.75,2000,0,11000
M&M-III.NFO,07/01/2020,13:46:05,530,530.9,1000,531.75,2000,0,11000
M&M-III.NFO,07/01/2020,13:46:40,530,530.9,2000,531.65,2000,0,11000
M&M-III.NFO,07/01/2020,13:46:47,530,530.9,3000,531.95,2000,0,11000
M&M-III.NFO,07/01/2020,13:46:55,530,531.2,1000,532.1,2000,0,11000
M&M-III.NFO,07/01/2020,13:47:08,530,531.3,2000,532.25,2000,0,11000
M&M-III.NFO,07/01/2020,13:47:14,530,531.3,2000,532.1,3000,0,11000
M&M-III.NFO,07/01/2020,13:47:29,530,531.05,2000,532.1,3000,0,11000
M&M-III.NFO,07/01/2020,13:47:35,530,531.05,2000,532.1,4000,0,11000
M&M-III.NFO,07/01/2020,13:47:41,530,531.05,2000,532.1,3000,0,11000
M&M-III.NFO,07/01/2020,13:48:10,530,531.05,3000,532.1,3000,0,11000
M&M-III.NFO,07/01/2020,13:48:25,530,531.05,2000,532.1,3000,0,11000
M&M-III.NFO,07/01/2020,13:48:49,530,531.4,1000,532.1,3000,0,11000
M&M-III.NFO,07/01/2020,13:49:00,530,531.4,2000,532.4,3000,0,11000
M&M-III.NFO,07/01/2020,13:49:07,530,531.55,2000,532.4,3000,0,11000
M&M-III.NFO,07/01/2020,13:49:26,530,530.75,3000,532.8,3000,0,11000
M&M-III.NFO,07/01/2020,13:49:32,530,531.45,1000,532.45,2000,0,11000
M&M-III.NFO,07/01/2020,13:49:38,530,531.6,2000,532.45,2000,0,11000
M&M-III.NFO,07/01/2020,13:49:43,530,531.6,2000,532.35,2000,0,11000
M&M-III.NFO,07/01/2020,13:49:52,530,531.35,1000,532.35,3000,0,11000
M&M-III.NFO,07/01/2020,13:49:58,530,531.5,2000,532.35,2000,0,11000
M&M-III.NFO,07/01/2020,13:50:15,530,531.9,1000,533.05,2000,0,11000
M&M-III.NFO,07/01/2020,13:50:23,530,531.85,2000,532.6,2000,0,11000
M&M-III.NFO,07/01/2020,13:50:30,530,531.05,4000,532.6,2000,0,11000
M&M-III.NFO,07/01/2020,13:50:36,530,531.75,1000,532.6,3000,0,11000
M&M-III.NFO,07/01/2020,13:50:43,530,531.8,2000,532.7,2000,0,11000
M&M-III.NFO,07/01/2020,13:50:58,530,531.8,2000,532.7,4000,0,11000
M&M-III.NFO,07/01/2020,13:51:04,530,531.8,2000,532.6,2000,0,11000
M&M-III.NFO,07/01/2020,13:51:10,530,531.8,1000,532.6,2000,0,11000
M&M-III.NFO,07/01/2020,13:51:16,530,531.7,1000,532.5,2000,0,11000
M&M-III.NFO,07/01/2020,13:51:21,530,531.7,2000,532.5,3000,0,11000
M&M-III.NFO,07/01/2020,13:51:26,530,531.7,1000,532.5,3000,0,11000
M&M-III.NFO,07/01/2020,13:51:31,530,531.7,1000,532.5,4000,0,11000
M&M-III.NFO,07/01/2020,13:51:37,530,531.4,1000,532.5,5000,0,11000
M&M-III.NFO,07/01/2020,13:51:42,530,531.45,2000,532.5,5000,0,11000
M&M-III.NFO,07/01/2020,13:53:40,530,531.2,2000,532.5,5000,0,11000
M&M-III.NFO,07/01/2020,13:53:48,530,531,2000,532.5,6000,0,11000
M&M-III.NFO,07/01/2020,13:53:55,530,530.65,2000,532.5,6000,0,11000
M&M-III.NFO,07/01/2020,13:54:02,530,531,2000,532.5,6000,0,11000
M&M-III.NFO,07/01/2020,13:54:07,530,530.75,2000,532.5,6000,0,11000
M&M-III.NFO,07/01/2020,13:54:39,530,530.75,2000,531.75,2000,0,11000
M&M-III.NFO,07/01/2020,13:55:06,530,531.2,1000,531.9,1000,0,11000
M&M-III.NFO,07/01/2020,13:55:13,530,531.2,1000,533.3,8000,0,11000
M&M-III.NFO,07/01/2020,13:55:18,530,530.85,3000,533.3,8000,0,11000
M&M-III.NFO,07/01/2020,13:55:23,530,531.05,1000,531.95,1000,0,11000
M&M-III.NFO,07/01/2020,13:55:29,530,531.1,2000,531.9,2000,0,11000
M&M-III.NFO,07/01/2020,13:56:00,530,530.3,6000,531.9,5000,0,11000
M&M-III.NFO,07/01/2020,13:56:06,530,530.3,6000,531.65,2000,0,11000
M&M-III.NFO,07/01/2020,13:56:11,530,530.3,6000,531.6,1000,0,11000
M&M-III.NFO,07/01/2020,13:56:16,530,530.3,6000,531.45,2000,0,11000
M&M-III.NFO,07/01/2020,13:56:28,530,530.3,4000,531.45,3000,0,11000
M&M-III.NFO,07/01/2020,13:57:07,530,530.3,6000,531.45,2000,0,11000
M&M-III.NFO,07/01/2020,13:57:10,530,530.3,4000,531.45,2000,0,11000
M&M-III.NFO,07/01/2020,13:57:21,530,530.3,4000,531.45,3000,0,11000
M&M-III.NFO,07/01/2020,13:57:42,530,530.3,4000,531.35,2000,0,11000
M&M-III.NFO,07/01/2020,13:57:47,530,530.65,1000,531.35,2000,0,11000
M&M-III.NFO,07/01/2020,13:57:52,530,530.65,2000,531.7,2000,0,11000
M&M-III.NFO,07/01/2020,13:57:56,530,530.65,2000,531.45,2000,0,11000
M&M-III.NFO,07/01/2020,13:58:00,530,530.65,2000,531.45,3000,0,11000
M&M-III.NFO,07/01/2020,13:58:28,530,530.1,2000,531.45,5000,0,11000
M&M-III.NFO,07/01/2020,13:58:41,530,530.1,3000,531.45,5000,0,11000
M&M-III.NFO,07/01/2020,13:58:52,530,530.1,2000,531.45,5000,0,11000
M&M-III.NFO,07/01/2020,13:59:05,530,530.1,3000,531.45,5000,0,11000
M&M-III.NFO,07/01/2020,13:59:28,530,530.1,2000,531.45,5000,0,11000
M&M-III.NFO,07/01/2020,13:59:38,530,530.1,3000,531.45,5000,0,11000
M&M-III.NFO,07/01/2020,14:00:01,530,530.3,1000,531.45,5000,0,11000
M&M-III.NFO,07/01/2020,14:00:03,530,530.55,2000,531.45,3000,0,11000
M&M-III.NFO,07/01/2020,14:00:07,530,530.2,2000,531.45,5000,0,11000
M&M-III.NFO,07/01/2020,14:00:38,530,530.45,1000,531.4,1000,0,11000
M&M-III.NFO,07/01/2020,14:00:45,530,530.45,2000,531.25,2000,0,11000
M&M-III.NFO,07/01/2020,14:01:09,530,530.45,2000,531.15,2000,0,11000
M&M-III.NFO,07/01/2020,14:01:13,530,530.35,2000,531.15,2000,0,11000
M&M-III.NFO,07/01/2020,14:01:46,530,530.65,1000,531.9,4000,0,11000
M&M-III.NFO,07/01/2020,14:01:50,530,530.2,5000,531.5,2000,0,11000
M&M-III.NFO,07/01/2020,14:01:54,530,530.2,5000,531.35,2000,0,11000
M&M-III.NFO,07/01/2020,14:01:56,530,530.2,6000,531.35,2000,0,11000
M&M-III.NFO,07/01/2020,14:02:03,530,530.2,6000,531.7,3000,0,11000
M&M-III.NFO,07/01/2020,14:02:07,530,530.2,6000,531.45,2000,0,11000
M&M-III.NFO,07/01/2020,14:02:10,530,530.2,6000,531.45,3000,0,11000
M&M-III.NFO,07/01/2020,14:02:29,530,530.2,6000,531.45,5000,0,11000
M&M-III.NFO,07/01/2020,14:02:34,530,530.2,6000,531.45,3000,0,11000
M&M-III.NFO,07/01/2020,14:02:58,530,530.2,5000,531.45,3000,0,11000
M&M-III.NFO,07/01/2020,14:03:07,530,530.2,5000,531.45,2000,0,11000
M&M-III.NFO,07/01/2020,14:03:13,530,530.95,1000,531.45,2000,0,11000
M&M-III.NFO,07/01/2020,14:03:37,530,530.45,2000,531.45,2000,0,11000
M&M-III.NFO,07/01/2020,14:03:42,530,531.1,1000,531.8,2000,0,11000
M&M-III.NFO,07/01/2020,14:03:53,530,530.85,1000,531.8,2000,0,11000
M&M-III.NFO,07/01/2020,14:04:04,530,531,2000,531.7,2000,0,11000
M&M-III.NFO,07/01/2020,14:04:08,530,531,2000,531.7,3000,0,11000
M&M-III.NFO,07/01/2020,14:04:58,530,530.75,1000,531.7,5000,0,11000
M&M-III.NFO,07/01/2020,14:05:04,530,530.55,1000,531.7,5000,0,11000
M&M-III.NFO,07/01/2020,14:05:08,530,530.7,1000,531.7,5000,0,11000
M&M-III.NFO,07/01/2020,14:05:54,530,530.7,2000,531.45,2000,0,11000
M&M-III.NFO,07/01/2020,14:06:45,530,530.7,1000,531.45,2000,0,11000
M&M-III.NFO,07/01/2020,14:06:49,530,530.7,2000,531.45,2000,0,11000
M&M-III.NFO,07/01/2020,14:06:53,530,530.7,1000,531.45,2000,0,11000
M&M-III.NFO,07/01/2020,14:07:23,530,530.45,1000,531.35,2000,0,11000
M&M-III.NFO,07/01/2020,14:07:31,530,530.2,2000,531.15,2000,0,11000
M&M-III.NFO,07/01/2020,14:07:48,530,530.2,2000,531.55,3000,0,11000
M&M-III.NFO,07/01/2020,14:07:54,530,530.2,3000,531.3,2000,0,11000
M&M-III.NFO,07/01/2020,14:08:04,530,530.2,3000,531.3,3000,0,11000
M&M-III.NFO,07/01/2020,14:08:14,530,530.2,2000,531.3,3000,0,11000
M&M-III.NFO,07/01/2020,14:08:23,530,530.2,3000,531.3,3000,0,11000
M&M-III.NFO,07/01/2020,14:08:34,530,530.5,1000,531.3,3000,0,11000
M&M-III.NFO,07/01/2020,14:08:38,530,530.3,2000,531.3,3000,0,11000
M&M-III.NFO,07/01/2020,14:09:04,530,530.3,2000,531.3,2000,0,11000
M&M-III.NFO,07/01/2020,14:09:08,530,530.3,2000,531.3,3000,0,11000
M&M-III.NFO,07/01/2020,14:09:50,530,530.65,2000,532.3,6000,0,11000
M&M-III.NFO,07/01/2020,14:09:58,530,530.85,1000,532.3,6000,0,11000
M&M-III.NFO,07/01/2020,14:10:06,530,530.95,1000,531.7,4000,0,11000
M&M-III.NFO,07/01/2020,14:10:24,530,530.6,1000,531.7,5000,0,11000
M&M-III.NFO,07/01/2020,14:10:38,530,530.6,2000,531.7,5000,0,11000
M&M-III.NFO,07/01/2020,14:12:07,530,530.85,2000,531.6,2000,0,11000
M&M-III.NFO,07/01/2020,14:12:23,530,530.65,1000,531.6,3000,0,11000
M&M-III.NFO,07/01/2020,14:12:28,530,530.8,1000,531.6,3000,0,11000
M&M-III.NFO,07/01/2020,14:12:32,530,530.7,1000,531.6,5000,0,11000
M&M-III.NFO,07/01/2020,14:12:42,530,530.7,2000,531.6,5000,0,11000
M&M-III.NFO,07/01/2020,14:13:04,530,530.7,2000,531.6,4000,0,11000
M&M-III.NFO,07/01/2020,14:13:31,530,531.25,2000,532.45,2000,0,11000
M&M-III.NFO,07/01/2020,14:13:39,530,531.35,1000,532.45,2000,0,11000
M&M-III.NFO,07/01/2020,14:13:45,530,531.5,2000,532.2,2000,0,11000
M&M-III.NFO,07/01/2020,14:14:19,530,530.55,4000,532.2,2000,0,11000
M&M-III.NFO,07/01/2020,14:14:24,530,531.4,2000,532.35,2000,0,11000
M&M-III.NFO,07/01/2020,14:14:29,530,531.4,2000,532.3,3000,0,11000
M&M-III.NFO,07/01/2020,14:14:40,530,531.4,3000,532.95,3000,0,11000
M&M-III.NFO,07/01/2020,14:14:45,530,531.4,2000,532.3,2000,0,11000
M&M-III.NFO,07/01/2020,14:14:50,530,531.55,2000,532.3,2000,0,11000
M&M-III.NFO,07/01/2020,14:15:03,530,531.55,3000,532.85,3000,0,11000
M&M-III.NFO,07/01/2020,14:15:09,530,531.55,3000,532.5,2000,0,11000
M&M-III.NFO,07/01/2020,14:15:14,530,531.55,2000,532.5,2000,0,11000
M&M-III.NFO,07/01/2020,14:15:20,530,531.9,2000,532.5,2000,0,11000
M&M-III.NFO,07/01/2020,14:15:27,530,531.7,1000,532.5,2000,0,11000
M&M-III.NFO,07/01/2020,14:15:33,530,531.75,2000,532.5,2000,0,11000
M&M-III.NFO,07/01/2020,14:16:01,530,531.65,2000,532.5,2000,0,11000
M&M-III.NFO,07/01/2020,14:16:12,530,531.65,2000,532.4,2000,0,11000
M&M-III.NFO,07/01/2020,14:16:30,530,531.7,2000,532.5,1000,0,11000
M&M-III.NFO,07/01/2020,14:16:35,530,531.7,2000,532.45,2000,0,11000
M&M-III.NFO,07/01/2020,14:16:40,530,531.7,3000,532.6,1000,0,11000
M&M-III.NFO,07/01/2020,14:16:46,530,531.25,2000,532.35,3000,0,11000
M&M-III.NFO,07/01/2020,14:16:51,530,531.5,2000,532.35,2000,0,11000
M&M-III.NFO,07/01/2020,14:16:55,530,531.5,2000,532.35,3000,0,11000
M&M-III.NFO,07/01/2020,14:17:00,530,531.5,2000,532.25,2000,0,11000
M&M-III.NFO,07/01/2020,14:17:12,530,531.25,1000,532.25,2000,0,11000
M&M-III.NFO,07/01/2020,14:17:18,530,531.25,2000,532.15,2000,0,11000
