Ticker,Date,Time,LTP,BuyPrice,BuyQty,SellPrice,SellQty,LTQ,OpenInterest
MARUTI-III.NFO,07/01/2020,09:17:29,7241.45,7187.05,100,7245.6,100,300,1100
MARUTI-III.NFO,07/01/2020,09:17:29,7241.45,7187.05,100,7245.6,100,0,1100
MARUTI-III.NFO,07/01/2020,09:17:29,7241.45,7187.05,100,7245.6,100,0,1100
MARUTI-III.NFO,07/01/2020,09:17:29,7241.45,7187.05,100,7245.6,100,0,1100
MARUTI-III.NFO,07/01/2020,09:17:29,7241.45,7188.45,200,7244.1,100,0,1100
MARUTI-III.NFO,07/01/2020,09:17:30,7241.45,7194.5,100,7243.2,100,0,1100
MARUTI-III.NFO,07/01/2020,09:17:31,7241.45,7196.35,200,7242.9,100,0,1100
MARUTI-III.NFO,07/01/2020,09:17:33,7241.45,7201.25,200,7241.9,100,0,1100
MARUTI-III.NFO,07/01/2020,09:17:33,7241.45,7202,200,7240.85,100,0,1100
MARUTI-III.NFO,07/01/2020,09:17:34,7241.45,7205.55,400,7238.55,100,0,1100
MARUTI-III.NFO,07/01/2020,09:17:35,7241.45,7209.25,100,7237.95,100,0,1100
MARUTI-III.NFO,07/01/2020,09:17:36,7241.45,7212.65,100,7237.95,200,0,1100
MARUTI-III.NFO,07/01/2020,09:17:37,7241.45,7215.65,200,7237.95,100,0,1100
MARUTI-III.NFO,07/01/2020,09:17:38,7241.45,7218.7,100,7237.95,200,0,1100
MARUTI-III.NFO,07/01/2020,09:17:40,7241.45,7220.9,100,7237.95,200,0,1100
MARUTI-III.NFO,07/01/2020,09:17:41,7241.45,7223.95,300,7237.95,200,0,1100
MARUTI-III.NFO,07/01/2020,09:17:41,7241.45,7224.05,100,7237.95,200,0,1100
MARUTI-III.NFO,07/01/2020,09:17:42,7241.45,7205.05,100,7236.3,100,0,1100
MARUTI-III.NFO,07/01/2020,09:17:43,7241.45,7210.25,100,7235.4,300,0,1100
MARUTI-III.NFO,07/01/2020,09:17:44,7241.45,7215.5,200,7234.8,100,0,1100
MARUTI-III.NFO,07/01/2020,09:17:45,7241.45,7218.15,300,7234.5,100,0,1100
MARUTI-III.NFO,07/01/2020,09:17:46,7241.45,7223.05,100,7234.55,100,0,1100
MARUTI-III.NFO,07/01/2020,09:17:47,7241.45,7224,100,7273.35,100,0,1100
MARUTI-III.NFO,07/01/2020,09:17:49,7241.45,7227.85,100,7263.9,100,0,1100
MARUTI-III.NFO,07/01/2020,09:17:49,7241.45,7228.05,100,7262.65,300,0,1100
MARUTI-III.NFO,07/01/2020,09:17:50,7241.45,7228,200,7254.8,100,0,1100
MARUTI-III.NFO,07/01/2020,09:17:51,7241.45,7228,100,7253.95,300,0,1100
MARUTI-III.NFO,07/01/2020,09:17:52,7241.45,7228,100,7252.6,400,0,1100
MARUTI-III.NFO,07/01/2020,09:17:53,7241.45,7228,100,7244.45,100,0,1100
MARUTI-III.NFO,07/01/2020,09:17:54,7241.45,7228.05,200,7243.95,100,0,1100
MARUTI-III.NFO,07/01/2020,09:17:55,7241.45,7228.25,100,7243.75,300,0,1100
MARUTI-III.NFO,07/01/2020,09:17:57,7241.45,7228.45,100,7243.35,300,0,1100
MARUTI-III.NFO,07/01/2020,09:17:57,7241.45,7228.35,100,7240.95,100,0,1100
MARUTI-III.NFO,07/01/2020,09:17:58,7241.45,7228.5,100,7240.75,200,0,1100
MARUTI-III.NFO,07/01/2020,09:17:59,7241.45,7228.55,100,7240.55,300,0,1100
MARUTI-III.NFO,07/01/2020,09:18:00,7241.45,7197.5,100,7237.95,200,0,1100
MARUTI-III.NFO,07/01/2020,09:18:01,7241.45,7209.8,100,7237.95,100,0,1100
MARUTI-III.NFO,07/01/2020,09:18:02,7241.45,7215.45,200,7237.95,100,0,1100
MARUTI-III.NFO,07/01/2020,09:18:03,7241.45,7221.9,300,7237.95,100,0,1100
MARUTI-III.NFO,07/01/2020,09:18:04,7241.45,7226.85,200,7237.95,100,0,1100
MARUTI-III.NFO,07/01/2020,09:18:06,7241.45,7228.05,100,7237.95,100,0,1100
MARUTI-III.NFO,07/01/2020,09:18:07,7241.45,7206.2,100,7237.95,100,0,1100
MARUTI-III.NFO,07/01/2020,09:18:08,7241.45,7211.2,100,7237.95,100,0,1100
MARUTI-III.NFO,07/01/2020,09:18:09,7241.45,7216,100,7237.9,100,0,1100
MARUTI-III.NFO,07/01/2020,09:18:10,7241.45,7223.35,200,7237.9,100,0,1100
MARUTI-III.NFO,07/01/2020,09:18:12,7241.45,7224.35,300,7237.9,100,0,1100
MARUTI-III.NFO,07/01/2020,09:18:12,7241.45,7225.25,100,7237.9,100,0,1100
MARUTI-III.NFO,07/01/2020,09:18:13,7241.45,7225.45,100,7237.9,100,0,1100
MARUTI-III.NFO,07/01/2020,09:18:14,7241.45,7225.65,100,7237.9,100,0,1100
MARUTI-III.NFO,07/01/2020,09:18:15,7241.45,7225.95,100,7237.7,100,0,1100
MARUTI-III.NFO,07/01/2020,09:18:16,7241.45,7226.05,100,7237.3,200,0,1100
MARUTI-III.NFO,07/01/2020,09:18:17,7241.45,7226.05,100,7236.65,200,0,1100
MARUTI-III.NFO,07/01/2020,09:18:18,7241.45,7226.05,100,7236.55,200,0,1100
MARUTI-III.NFO,07/01/2020,09:18:19,7241.45,7212.55,100,7235.8,200,0,1100
MARUTI-III.NFO,07/01/2020,09:18:21,7241.45,7216.05,100,7234.8,300,0,1100
MARUTI-III.NFO,07/01/2020,09:18:21,7241.45,7217.6,200,7234.7,200,0,1100
MARUTI-III.NFO,07/01/2020,09:18:22,7241.45,7219.55,300,7234.7,200,0,1100
MARUTI-III.NFO,07/01/2020,09:18:23,7241.45,7221.9,200,7234.7,200,0,1100
MARUTI-III.NFO,07/01/2020,09:18:24,7241.45,7222.5,200,7234.5,100,0,1100
MARUTI-III.NFO,07/01/2020,09:18:25,7241.45,7222.8,200,7234.5,100,0,1100
MARUTI-III.NFO,07/01/2020,09:18:26,7241.45,7223,100,7233.8,200,0,1100
MARUTI-III.NFO,07/01/2020,09:18:27,7241.45,7223.05,100,7233.4,300,0,1100
MARUTI-III.NFO,07/01/2020,09:18:28,7241.45,7223.05,100,7233.3,100,0,1100
MARUTI-III.NFO,07/01/2020,09:18:29,7241.45,7223.1,100,7232.8,100,0,1100
MARUTI-III.NFO,07/01/2020,09:18:30,7241.45,7223.15,100,7232.8,100,0,1100
MARUTI-III.NFO,07/01/2020,09:18:31,7241.45,7223.3,100,7232.8,100,0,1100
MARUTI-III.NFO,07/01/2020,09:18:32,7241.45,7205.45,300,7232.8,200,0,1100
MARUTI-III.NFO,07/01/2020,09:18:34,7241.45,7210.7,200,7230.25,100,0,1100
MARUTI-III.NFO,07/01/2020,09:18:34,7241.45,7211.2,100,7229.8,100,0,1100
MARUTI-III.NFO,07/01/2020,09:18:35,7241.45,7213.95,200,7229.75,100,0,1100
MARUTI-III.NFO,07/01/2020,09:18:36,7241.45,7217.75,100,7243.3,100,0,1100
MARUTI-III.NFO,07/01/2020,09:18:37,7241.45,7219.35,100,7241.4,400,0,1100
MARUTI-III.NFO,07/01/2020,09:18:38,7241.45,7219.55,100,7240.1,100,0,1100
MARUTI-III.NFO,07/01/2020,09:18:39,7241.45,7219.85,100,7237.25,300,0,1100
MARUTI-III.NFO,07/01/2020,09:18:40,7241.45,7220.05,100,7237.15,200,0,1100
MARUTI-III.NFO,07/01/2020,09:18:42,7241.45,7220.25,100,7236.75,500,0,1100
MARUTI-III.NFO,07/01/2020,09:18:43,7241.45,7220.4,200,7236.65,300,0,1100
MARUTI-III.NFO,07/01/2020,09:18:44,7241.45,7220.7,100,7236.35,100,0,1100
MARUTI-III.NFO,07/01/2020,09:18:45,7241.45,7220.9,100,7234.95,100,0,1100
MARUTI-III.NFO,07/01/2020,09:18:45,7241.45,7221,100,7234.15,100,0,1100
MARUTI-III.NFO,07/01/2020,09:18:46,7241.45,7221.2,100,7233.1,100,0,1100
MARUTI-III.NFO,07/01/2020,09:18:47,7241.45,7221.4,100,7232.75,100,0,1100
MARUTI-III.NFO,07/01/2020,09:18:48,7241.45,7221.5,100,7232.75,100,0,1100
MARUTI-III.NFO,07/01/2020,09:18:50,7241.45,7221.55,100,7231.85,200,0,1100
MARUTI-III.NFO,07/01/2020,09:18:50,7241.45,7221.6,100,7231.85,200,0,1100
MARUTI-III.NFO,07/01/2020,09:18:51,7241.45,7221.65,100,7231.55,100,0,1100
MARUTI-III.NFO,07/01/2020,09:18:52,7241.45,7198.9,200,7229.55,100,0,1100
MARUTI-III.NFO,07/01/2020,09:18:53,7241.45,7205.6,400,7229.55,100,0,1100
MARUTI-III.NFO,07/01/2020,09:18:54,7241.45,7205.9,300,7229.55,100,0,1100
MARUTI-III.NFO,07/01/2020,09:18:55,7241.45,7206.2,400,7229.55,100,0,1100
MARUTI-III.NFO,07/01/2020,09:18:56,7241.45,7209.85,100,7229.55,100,0,1100
MARUTI-III.NFO,07/01/2020,09:18:57,7241.45,7213.5,100,7229.15,100,0,1100
MARUTI-III.NFO,07/01/2020,09:18:59,7241.45,7214.1,100,7228.45,100,0,1100
MARUTI-III.NFO,07/01/2020,09:18:59,7241.45,7214.2,100,7228.45,100,0,1100
MARUTI-III.NFO,07/01/2020,09:19:00,7241.45,7214.6,100,7228.25,200,0,1100
MARUTI-III.NFO,07/01/2020,09:19:01,7241.45,7214.85,100,7228.3,100,0,1100
MARUTI-III.NFO,07/01/2020,09:19:02,7241.45,7215.05,100,7228.15,200,0,1100
MARUTI-III.NFO,07/01/2020,09:19:03,7241.45,7215.35,100,7227.95,200,0,1100
MARUTI-III.NFO,07/01/2020,09:19:04,7241.45,7215.45,100,7227.75,200,0,1100
MARUTI-III.NFO,07/01/2020,09:19:05,7241.45,7215.95,100,7227.9,100,0,1100
MARUTI-III.NFO,07/01/2020,09:19:06,7241.45,7216.05,100,7227.9,100,0,1100
MARUTI-III.NFO,07/01/2020,09:19:08,7241.45,7216.45,100,7227.8,200,0,1100
MARUTI-III.NFO,07/01/2020,09:19:09,7241.45,7216.65,100,7227.8,100,0,1100
MARUTI-III.NFO,07/01/2020,09:19:10,7241.45,7216.75,100,7227.8,100,0,1100
MARUTI-III.NFO,07/01/2020,09:19:10,7241.45,7216.85,100,7227.8,200,0,1100
MARUTI-III.NFO,07/01/2020,09:19:11,7241.45,7217.1,100,7227.8,100,0,1100
MARUTI-III.NFO,07/01/2020,09:19:12,7241.45,7217.5,200,7227.9,100,0,1100
MARUTI-III.NFO,07/01/2020,09:19:13,7241.45,7217.7,300,7227.9,100,0,1100
MARUTI-III.NFO,07/01/2020,09:19:14,7241.45,7218.75,100,7227.9,100,0,1100
MARUTI-III.NFO,07/01/2020,09:19:16,7241.45,7218.9,100,7227.9,100,0,1100
MARUTI-III.NFO,07/01/2020,09:19:16,7241.45,7218.9,100,7239.85,400,0,1100
MARUTI-III.NFO,07/01/2020,09:19:17,7241.45,7219.2,100,7238.1,200,0,1100
MARUTI-III.NFO,07/01/2020,09:19:18,7241.45,7219.05,100,7234.15,200,0,1100
MARUTI-III.NFO,07/01/2020,09:19:19,7241.45,7219.15,100,7232.15,100,0,1100
MARUTI-III.NFO,07/01/2020,09:19:20,7241.45,7219.25,100,7230.05,100,0,1100
MARUTI-III.NFO,07/01/2020,09:19:23,7241.45,7219.55,100,7230,100,0,1100
MARUTI-III.NFO,07/01/2020,09:19:24,7241.45,7219.65,100,7230,100,0,1100
MARUTI-III.NFO,07/01/2020,09:19:25,7241.45,7220,300,7230,100,0,1100
MARUTI-III.NFO,07/01/2020,09:19:25,7241.45,7220,100,7230,100,0,1100
MARUTI-III.NFO,07/01/2020,09:19:26,7241.45,7220.4,100,7230,100,0,1100
MARUTI-III.NFO,07/01/2020,09:19:27,7241.45,7220.6,100,7230,100,0,1100
MARUTI-III.NFO,07/01/2020,09:19:28,7241.45,7220.6,100,7229.95,500,0,1100
MARUTI-III.NFO,07/01/2020,09:19:29,7241.45,7205,200,7229.95,500,0,1100
MARUTI-III.NFO,07/01/2020,09:19:30,7241.45,7212.85,200,7229.95,500,0,1100
MARUTI-III.NFO,07/01/2020,09:19:31,7241.45,7215.85,200,7229.95,500,0,1100
MARUTI-III.NFO,07/01/2020,09:19:32,7241.45,7216.6,100,7229.95,500,0,1100
MARUTI-III.NFO,07/01/2020,09:19:34,7241.45,7216.8,100,7229.95,500,0,1100
MARUTI-III.NFO,07/01/2020,09:19:35,7241.45,7217,100,7229.95,500,0,1100
MARUTI-III.NFO,07/01/2020,09:19:36,7241.45,7217.2,100,7229.95,500,0,1100
MARUTI-III.NFO,07/01/2020,09:19:37,7241.45,7217.4,100,7229.95,500,0,1100
MARUTI-III.NFO,07/01/2020,09:19:37,7241.45,7217.5,100,7229.95,500,0,1100
MARUTI-III.NFO,07/01/2020,09:19:38,7241.45,7217.6,100,7229.95,500,0,1100
MARUTI-III.NFO,07/01/2020,09:19:39,7241.45,7217.7,100,7229.95,500,0,1100
MARUTI-III.NFO,07/01/2020,09:19:40,7241.45,7209,300,7229.95,500,0,1100
MARUTI-III.NFO,07/01/2020,09:19:42,7241.45,7209.4,200,7229.95,500,0,1100
MARUTI-III.NFO,07/01/2020,09:19:42,7241.45,7211.3,100,7229.95,500,0,1100
MARUTI-III.NFO,07/01/2020,09:19:43,7241.45,7215.85,100,7229.95,500,0,1100
MARUTI-III.NFO,07/01/2020,09:19:44,7241.45,7216.3,100,7229.95,500,0,1100
MARUTI-III.NFO,07/01/2020,09:19:45,7241.45,7216.45,100,7229.95,500,0,1100
MARUTI-III.NFO,07/01/2020,09:19:46,7241.45,7216.7,100,7229.95,500,0,1100
MARUTI-III.NFO,07/01/2020,09:19:47,7241.45,7216.9,100,7229.95,500,0,1100
MARUTI-III.NFO,07/01/2020,09:19:48,7241.45,7217.1,100,7229.95,500,0,1100
MARUTI-III.NFO,07/01/2020,09:19:50,7241.45,7217.35,100,7229.95,500,0,1100
MARUTI-III.NFO,07/01/2020,09:19:51,7241.45,7217.4,100,7229.95,500,0,1100
MARUTI-III.NFO,07/01/2020,09:19:51,7241.45,7217.45,100,7229.95,500,0,1100
MARUTI-III.NFO,07/01/2020,09:19:52,7241.45,7217.55,100,7229.95,500,0,1100
MARUTI-III.NFO,07/01/2020,09:19:53,7241.45,7218.25,100,7229.95,100,0,1100
MARUTI-III.NFO,07/01/2020,09:19:54,7241.45,7219.2,100,7229.95,100,0,1100
MARUTI-III.NFO,07/01/2020,09:19:55,7241.45,7219.4,100,7229.95,100,0,1100
MARUTI-III.NFO,07/01/2020,09:19:57,7241.45,7219.7,100,7229.95,100,0,1100
MARUTI-III.NFO,07/01/2020,09:19:58,7241.45,7219.9,100,7229.95,100,0,1100
MARUTI-III.NFO,07/01/2020,09:19:59,7241.45,7220.1,100,7229.95,100,0,1100
MARUTI-III.NFO,07/01/2020,09:19:59,7241.45,7220.2,100,7230,100,0,1100
MARUTI-III.NFO,07/01/2020,09:20:00,7241.45,7220.6,100,7230,100,0,1100
MARUTI-III.NFO,07/01/2020,09:20:01,7241.45,7220.9,200,7230,100,0,1100
MARUTI-III.NFO,07/01/2020,09:20:02,7241.45,7221.2,200,7230,100,0,1100
MARUTI-III.NFO,07/01/2020,09:20:04,7241.45,7221.95,100,7230,100,0,1100
MARUTI-III.NFO,07/01/2020,09:20:05,7241.45,7222.05,200,7230,100,0,1100
MARUTI-III.NFO,07/01/2020,09:20:05,7241.45,7222.1,100,7230,100,0,1100
MARUTI-III.NFO,07/01/2020,09:20:06,7241.45,7222.45,100,7230,100,0,1100
MARUTI-III.NFO,07/01/2020,09:20:07,7241.45,7222.75,100,7230,100,0,1100
MARUTI-III.NFO,07/01/2020,09:20:08,7241.45,7222.95,100,7230,100,0,1100
MARUTI-III.NFO,07/01/2020,09:20:09,7241.45,7223.05,100,7230,100,0,1100
MARUTI-III.NFO,07/01/2020,09:20:10,7241.45,7190.85,600,7229.95,100,0,1100
MARUTI-III.NFO,07/01/2020,09:20:12,7241.45,7195.45,200,7230,100,0,1100
MARUTI-III.NFO,07/01/2020,09:20:12,7241.45,7197.15,100,7230,100,0,1100
MARUTI-III.NFO,07/01/2020,09:20:13,7241.45,7204.75,200,7230,200,0,1100
MARUTI-III.NFO,07/01/2020,09:20:14,7241.45,7211.1,300,7230,200,0,1100
MARUTI-III.NFO,07/01/2020,09:20:15,7241.45,7211.6,400,7230,200,0,1100
MARUTI-III.NFO,07/01/2020,09:20:16,7241.45,7217.35,400,7230,200,0,1100
MARUTI-III.NFO,07/01/2020,09:20:17,7241.45,7218.15,100,7230,200,0,1100
MARUTI-III.NFO,07/01/2020,09:20:18,7241.45,7217.6,100,7228.8,200,0,1100
MARUTI-III.NFO,07/01/2020,09:20:19,7241.45,7217.7,100,7228.6,300,0,1100
MARUTI-III.NFO,07/01/2020,09:20:20,7241.45,7217.8,100,7228.5,200,0,1100
MARUTI-III.NFO,07/01/2020,09:20:21,7241.45,7217.9,100,7228,100,0,1100
MARUTI-III.NFO,07/01/2020,09:20:23,7241.45,7218,100,7227.2,100,0,1100
MARUTI-III.NFO,07/01/2020,09:20:23,7241.45,7218,100,7226.95,100,0,1100
MARUTI-III.NFO,07/01/2020,09:20:24,7241.45,7218,100,7225.9,100,0,1100
MARUTI-III.NFO,07/01/2020,09:20:25,7241.45,7197.15,200,7225.45,100,0,1100
MARUTI-III.NFO,07/01/2020,09:20:26,7241.45,7208.3,200,7224.55,100,0,1100
MARUTI-III.NFO,07/01/2020,09:20:27,7241.45,7212.35,200,7224.55,100,0,1100
MARUTI-III.NFO,07/01/2020,09:20:28,7241.45,7215.1,100,7224.55,100,0,1100
MARUTI-III.NFO,07/01/2020,09:20:29,7241.45,7215.25,100,7224.55,100,0,1100
MARUTI-III.NFO,07/01/2020,09:20:30,7241.45,7215.5,100,7224.55,100,0,1100
MARUTI-III.NFO,07/01/2020,09:20:31,7241.45,7215.65,100,7224.55,100,0,1100
MARUTI-III.NFO,07/01/2020,09:20:32,7241.45,7196,100,7224.3,100,0,1100
MARUTI-III.NFO,07/01/2020,09:20:33,7241.45,7204.9,300,7224.25,100,0,1100
MARUTI-III.NFO,07/01/2020,09:20:34,7241.45,7211.7,100,7224.25,100,0,1100
MARUTI-III.NFO,07/01/2020,09:20:35,7241.45,7214.15,100,7224.3,100,0,1100
MARUTI-III.NFO,07/01/2020,09:20:36,7241.45,7214.65,100,7234.35,100,0,1100
MARUTI-III.NFO,07/01/2020,09:20:38,7241.45,7214.95,100,7228.85,100,0,1100
MARUTI-III.NFO,07/01/2020,09:20:38,7241.45,7214.95,200,7227.55,100,0,1100
MARUTI-III.NFO,07/01/2020,09:20:39,7241.45,7215.15,100,7226.75,100,0,1100
MARUTI-III.NFO,07/01/2020,09:20:40,7241.45,7215.25,100,7226.75,200,0,1100
MARUTI-III.NFO,07/01/2020,09:20:41,7241.45,7215.55,200,7226.75,100,0,1100
MARUTI-III.NFO,07/01/2020,09:20:42,7241.45,7215.75,100,7226.75,300,0,1100
MARUTI-III.NFO,07/01/2020,09:20:43,7241.45,7216,200,7226.45,100,0,1100
MARUTI-III.NFO,07/01/2020,09:20:44,7241.45,7216.1,100,7226.5,100,0,1100
MARUTI-III.NFO,07/01/2020,09:20:45,7241.45,7216.7,100,7226.5,100,0,1100
MARUTI-III.NFO,07/01/2020,09:20:46,7241.45,7217,100,7226.5,100,0,1100
MARUTI-III.NFO,07/01/2020,09:20:47,7241.45,7218.3,100,7238.65,600,0,1100
MARUTI-III.NFO,07/01/2020,09:20:48,7241.45,7218.5,200,7236.7,200,0,1100
MARUTI-III.NFO,07/01/2020,09:20:49,7241.45,7219.1,100,7236.5,300,0,1100
MARUTI-III.NFO,07/01/2020,09:20:50,7241.45,7219.5,300,7236,300,0,1100
MARUTI-III.NFO,07/01/2020,09:20:51,7241.45,7219.7,100,7233.35,100,0,1100
MARUTI-III.NFO,07/01/2020,09:20:52,7241.45,7220.2,100,7233.35,200,0,1100
MARUTI-III.NFO,07/01/2020,09:20:53,7241.45,7221.5,100,7233.25,100,0,1100
MARUTI-III.NFO,07/01/2020,09:20:54,7241.45,7221.7,100,7233.25,100,0,1100
MARUTI-III.NFO,07/01/2020,09:20:55,7241.45,7221.9,100,7233.25,100,0,1100
MARUTI-III.NFO,07/01/2020,09:20:56,7241.45,7222.2,100,7233.25,200,0,1100
MARUTI-III.NFO,07/01/2020,09:20:57,7241.45,7222.3,100,7233.25,200,0,1100
MARUTI-III.NFO,07/01/2020,09:20:58,7241.45,7222.4,100,7233.15,300,0,1100
MARUTI-III.NFO,07/01/2020,09:20:59,7241.45,7194.85,400,7232.75,200,0,1100
MARUTI-III.NFO,07/01/2020,09:21:01,7241.45,7196.3,100,7232.35,100,0,1100
MARUTI-III.NFO,07/01/2020,09:21:01,7241.45,7198.3,100,7232.35,100,0,1100
MARUTI-III.NFO,07/01/2020,09:21:02,7241.45,7204.4,100,7232.35,100,0,1100
MARUTI-III.NFO,07/01/2020,09:21:03,7241.45,7210,200,7232.05,100,0,1100
MARUTI-III.NFO,07/01/2020,09:21:04,7241.45,7211.2,300,7232.05,200,0,1100
MARUTI-III.NFO,07/01/2020,09:21:05,7241.45,7211.4,400,7231.95,200,0,1100
MARUTI-III.NFO,07/01/2020,09:21:06,7241.45,7216.15,100,7231.95,200,0,1100
MARUTI-III.NFO,07/01/2020,09:21:07,7241.45,7218.65,100,7231.25,100,0,1100
MARUTI-III.NFO,07/01/2020,09:21:08,7241.45,7219.1,300,7231.35,100,0,1100
MARUTI-III.NFO,07/01/2020,09:21:09,7241.45,7219.45,100,7231.35,100,0,1100
MARUTI-III.NFO,07/01/2020,09:21:10,7241.45,7219.9,200,7231.35,100,0,1100
MARUTI-III.NFO,07/01/2020,09:21:11,7241.45,7221.25,200,7231.35,100,0,1100
MARUTI-III.NFO,07/01/2020,09:21:12,7241.45,7221.65,100,7231.35,100,0,1100
MARUTI-III.NFO,07/01/2020,09:21:13,7241.45,7221.95,100,7231.35,100,0,1100
MARUTI-III.NFO,07/01/2020,09:21:14,7241.45,7222.1,100,7231.35,100,0,1100
MARUTI-III.NFO,07/01/2020,09:21:15,7241.45,7222.3,100,7231.35,100,0,1100
MARUTI-III.NFO,07/01/2020,09:21:16,7241.45,7222.55,100,7231.35,100,0,1100
MARUTI-III.NFO,07/01/2020,09:21:17,7241.45,7222.6,100,7231.35,100,0,1100
MARUTI-III.NFO,07/01/2020,09:21:18,7241.45,7222.7,100,7231.35,100,0,1100
MARUTI-III.NFO,07/01/2020,09:21:19,7241.45,7222.8,100,7231.35,100,0,1100
MARUTI-III.NFO,07/01/2020,09:21:20,7241.45,7223,100,7231.35,100,0,1100
MARUTI-III.NFO,07/01/2020,09:21:21,7241.45,7223.1,100,7231.35,100,0,1100
MARUTI-III.NFO,07/01/2020,09:21:22,7241.45,7223.25,100,7231.35,100,0,1100
MARUTI-III.NFO,07/01/2020,09:21:23,7241.45,7223.3,100,7231.35,100,0,1100
MARUTI-III.NFO,07/01/2020,09:21:25,7241.45,7223.4,100,7231.35,100,0,1100
MARUTI-III.NFO,07/01/2020,09:21:25,7241.45,7223.5,100,7231.35,100,0,1100
MARUTI-III.NFO,07/01/2020,09:21:26,7241.45,7223.6,100,7231.35,100,0,1100
MARUTI-III.NFO,07/01/2020,09:21:27,7241.45,7223.7,100,7231.35,100,0,1100
MARUTI-III.NFO,07/01/2020,09:21:28,7241.45,7223.8,100,7231.35,100,0,1100
MARUTI-III.NFO,07/01/2020,09:21:29,7241.45,7223.85,100,7231.35,100,0,1100
MARUTI-III.NFO,07/01/2020,09:21:30,7241.45,7223.95,100,7231.35,100,0,1100
MARUTI-III.NFO,07/01/2020,09:21:32,7241.45,7224.05,100,7231.35,100,0,1100
MARUTI-III.NFO,07/01/2020,09:21:32,7241.45,7224.1,100,7231.35,100,0,1100
MARUTI-III.NFO,07/01/2020,09:21:33,7241.45,7224.2,100,7231.35,100,0,1100
MARUTI-III.NFO,07/01/2020,09:21:34,7241.45,7195.45,400,7231.3,400,0,1100
MARUTI-III.NFO,07/01/2020,09:21:35,7241.45,7195.65,600,7231.3,400,0,1100
MARUTI-III.NFO,07/01/2020,09:21:36,7241.45,7204.65,300,7231.3,400,0,1100
MARUTI-III.NFO,07/01/2020,09:21:37,7241.45,7208.65,200,7231.35,100,0,1100
MARUTI-III.NFO,07/01/2020,09:21:38,7241.45,7208.85,300,7231.35,100,0,1100
MARUTI-III.NFO,07/01/2020,09:21:39,7241.45,7213.2,100,7231.35,100,0,1100
MARUTI-III.NFO,07/01/2020,09:21:40,7241.45,7215.5,300,7231.35,100,0,1100
MARUTI-III.NFO,07/01/2020,09:21:41,7241.45,7215.85,200,7231.35,100,0,1100
MARUTI-III.NFO,07/01/2020,09:21:42,7241.45,7216.75,200,7231.35,100,0,1100
MARUTI-III.NFO,07/01/2020,09:21:44,7241.45,7221.95,100,7237.9,100,0,1100
MARUTI-III.NFO,07/01/2020,09:21:45,7241.45,7223.05,100,7235.7,100,0,1100
MARUTI-III.NFO,07/01/2020,09:21:45,7241.45,7223.1,100,7235.45,100,0,1100
MARUTI-III.NFO,07/01/2020,09:21:46,7241.45,7223.3,100,7235.15,100,0,1100
MARUTI-III.NFO,07/01/2020,09:21:47,7241.45,7223.5,100,7235.15,100,0,1100
MARUTI-III.NFO,07/01/2020,09:21:48,7241.45,7223.9,100,7235.2,100,0,1100
MARUTI-III.NFO,07/01/2020,09:21:49,7241.45,7224.1,200,7235.2,100,0,1100
MARUTI-III.NFO,07/01/2020,09:21:50,7241.45,7224.3,300,7235.2,100,0,1100
MARUTI-III.NFO,07/01/2020,09:21:51,7241.45,7225.65,100,7235.2,100,0,1100
MARUTI-III.NFO,07/01/2020,09:21:53,7241.45,7227.65,100,7235.2,100,0,1100
MARUTI-III.NFO,07/01/2020,09:21:54,7241.45,7228.05,100,7235.2,100,0,1100
MARUTI-III.NFO,07/01/2020,09:21:55,7241.45,7228.25,100,7235.2,100,0,1100
MARUTI-III.NFO,07/01/2020,09:21:56,7241.45,7228.3,100,7245.5,200,0,1100
MARUTI-III.NFO,07/01/2020,09:21:56,7241.45,7228.45,100,7245.4,500,0,1100
MARUTI-III.NFO,07/01/2020,09:21:57,7241.45,7228.65,100,7245.3,300,0,1100
MARUTI-III.NFO,07/01/2020,09:21:58,7241.45,7228.85,100,7238.9,100,0,1100
MARUTI-III.NFO,07/01/2020,09:21:59,7241.45,7229.15,100,7238.8,100,0,1100
MARUTI-III.NFO,07/01/2020,09:22:01,7241.45,7229.45,100,7238.7,100,0,1100
MARUTI-III.NFO,07/01/2020,09:22:02,7241.45,7229.6,100,7238.05,200,0,1100
MARUTI-III.NFO,07/01/2020,09:22:02,7241.45,7229.6,100,7237.95,200,0,1100
MARUTI-III.NFO,07/01/2020,09:22:03,7241.45,7229.65,100,7237.95,200,0,1100
MARUTI-III.NFO,07/01/2020,09:22:04,7241.45,7229.9,100,7237.95,200,0,1100
MARUTI-III.NFO,07/01/2020,09:22:06,7241.45,7199.45,200,7238.05,100,0,1100
MARUTI-III.NFO,07/01/2020,09:22:06,7241.45,7199.85,400,7238.05,100,0,1100
MARUTI-III.NFO,07/01/2020,09:22:07,7241.45,7200.95,300,7238.05,100,0,1100
MARUTI-III.NFO,07/01/2020,09:22:08,7241.45,7205.55,300,7238.05,100,0,1100
MARUTI-III.NFO,07/01/2020,09:22:09,7241.45,7220.25,200,7238.05,100,0,1100
MARUTI-III.NFO,07/01/2020,09:22:10,7241.45,7221.05,300,7238.05,100,0,1100
MARUTI-III.NFO,07/01/2020,09:22:11,7241.45,7221.85,100,7238.05,100,0,1100
MARUTI-III.NFO,07/01/2020,09:22:13,7241.45,7223.35,400,7238.05,100,0,1100
MARUTI-III.NFO,07/01/2020,09:22:14,7241.45,7223.45,400,7238.1,100,0,1100
MARUTI-III.NFO,07/01/2020,09:22:14,7241.45,7223.75,100,7238.1,100,0,1100
MARUTI-III.NFO,07/01/2020,09:22:15,7241.45,7225.75,200,7238.1,100,0,1100
MARUTI-III.NFO,07/01/2020,09:22:16,7241.45,7225.95,200,7238.1,100,0,1100
MARUTI-III.NFO,07/01/2020,09:22:17,7241.45,7228.2,300,7238.1,100,0,1100
MARUTI-III.NFO,07/01/2020,09:22:18,7241.45,7231.9,100,7238.1,100,0,1100
MARUTI-III.NFO,07/01/2020,09:22:19,7241.45,7232.2,100,7238.1,100,0,1100
MARUTI-III.NFO,07/01/2020,09:22:21,7241.45,7232.4,100,7238.1,100,0,1100
MARUTI-III.NFO,07/01/2020,09:22:22,7241.45,7232.7,100,7238.1,100,0,1100
MARUTI-III.NFO,07/01/2020,09:22:22,7241.45,7232.65,200,7238.1,100,0,1100
MARUTI-III.NFO,07/01/2020,09:22:23,7241.45,7232.75,100,7238.1,100,0,1100
MARUTI-III.NFO,07/01/2020,09:22:24,7241.45,7232.9,100,7238.1,100,0,1100
MARUTI-III.NFO,07/01/2020,09:22:26,7241.45,7233.15,100,7238.1,100,0,1100
MARUTI-III.NFO,07/01/2020,09:22:27,7241.45,7211.15,200,7238.1,100,0,1100
MARUTI-III.NFO,07/01/2020,09:22:27,7241.45,7212.35,100,7238.1,100,0,1100
MARUTI-III.NFO,07/01/2020,09:22:28,7241.45,7229.25,100,7238.1,100,0,1100
MARUTI-III.NFO,07/01/2020,09:22:29,7241.45,7231.6,200,7244.65,300,0,1100
MARUTI-III.NFO,07/01/2020,09:22:30,7241.45,7231.7,200,7244.65,300,0,1100
MARUTI-III.NFO,07/01/2020,09:22:31,7241.45,7232.2,100,7244.55,200,0,1100
MARUTI-III.NFO,07/01/2020,09:22:32,7241.45,7232.4,100,7242.5,100,0,1100
MARUTI-III.NFO,07/01/2020,09:22:33,7241.45,7232.65,100,7241.55,100,0,1100
MARUTI-III.NFO,07/01/2020,09:22:34,7241.45,7232.8,100,7241.55,100,0,1100
MARUTI-III.NFO,07/01/2020,09:22:35,7241.45,7232.95,100,7241.45,200,0,1100
MARUTI-III.NFO,07/01/2020,09:22:37,7241.45,7233.2,100,7241.45,100,0,1100
MARUTI-III.NFO,07/01/2020,09:22:38,7241.45,7233.35,100,7241.45,100,0,1100
MARUTI-III.NFO,07/01/2020,09:22:39,7241.45,7233.55,100,7241.45,100,0,1100
MARUTI-III.NFO,07/01/2020,09:22:40,7241.45,7233.6,100,7241.1,100,0,1100
MARUTI-III.NFO,07/01/2020,09:22:40,7241.45,7233.65,100,7240.95,100,0,1100
MARUTI-III.NFO,07/01/2020,09:22:41,7241.45,7233.9,100,7241,100,0,1100
MARUTI-III.NFO,07/01/2020,09:22:42,7241.45,7234.1,100,7241,200,0,1100
MARUTI-III.NFO,07/01/2020,09:22:43,7241.45,7234.4,100,7241,100,0,1100
MARUTI-III.NFO,07/01/2020,09:22:44,7241.45,7234.6,100,7241,100,0,1100
MARUTI-III.NFO,07/01/2020,09:22:46,7241.45,7234.65,100,7241,100,0,1100
MARUTI-III.NFO,07/01/2020,09:22:46,7241.45,7234.7,100,7241,100,0,1100
MARUTI-III.NFO,07/01/2020,09:22:47,7241.45,7234.75,100,7248.75,100,0,1100
MARUTI-III.NFO,07/01/2020,09:22:48,7241.45,7234.95,100,7248.3,200,0,1100
MARUTI-III.NFO,07/01/2020,09:22:49,7241.45,7205.55,600,7248.1,300,0,1100
MARUTI-III.NFO,07/01/2020,09:22:50,7241.45,7206.15,300,7246.35,100,0,1100
MARUTI-III.NFO,07/01/2020,09:22:51,7241.45,7218.45,100,7245,100,0,1100
MARUTI-III.NFO,07/01/2020,09:22:52,7241.45,7221.55,500,7245,100,0,1100
MARUTI-III.NFO,07/01/2020,09:22:53,7241.45,7221.85,300,7245,100,0,1100
MARUTI-III.NFO,07/01/2020,09:22:54,7241.45,7222.05,400,7245,100,0,1100
MARUTI-III.NFO,07/01/2020,09:22:56,7241.45,7222.55,400,7256.7,700,0,1100
MARUTI-III.NFO,07/01/2020,09:22:56,7241.45,7222.65,300,7256.7,700,0,1100
MARUTI-III.NFO,07/01/2020,09:22:57,7241.45,7222.85,300,7256.7,700,0,1100
MARUTI-III.NFO,07/01/2020,09:22:58,7241.45,7223.25,400,7256.7,700,0,1100
MARUTI-III.NFO,07/01/2020,09:22:59,7241.45,7230.25,200,7256.7,700,0,1100
MARUTI-III.NFO,07/01/2020,09:23:00,7241.45,7237.4,100,7256.7,700,0,1100
MARUTI-III.NFO,07/01/2020,09:23:01,7241.45,7239.1,100,7256.7,700,0,1100
MARUTI-III.NFO,07/01/2020,09:23:02,7241.45,7239.3,100,7256.7,700,0,1100
MARUTI-III.NFO,07/01/2020,09:23:03,7241.45,7239.55,100,7256.7,700,0,1100
MARUTI-III.NFO,07/01/2020,09:23:04,7241.45,7239.65,100,7256.7,700,0,1100
MARUTI-III.NFO,07/01/2020,09:23:05,7241.45,7239.8,100,7256.7,700,0,1100
MARUTI-III.NFO,07/01/2020,09:23:06,7241.45,7239.9,100,7256.7,700,0,1100
MARUTI-III.NFO,07/01/2020,09:23:07,7241.45,7240,100,7256.7,700,0,1100
MARUTI-III.NFO,07/01/2020,09:23:08,7241.45,7240.3,100,7256.7,700,0,1100
MARUTI-III.NFO,07/01/2020,09:23:09,7241.45,7240.4,100,7256.7,700,0,1100
MARUTI-III.NFO,07/01/2020,09:23:10,7241.45,7240.7,100,7256.7,700,0,1100
MARUTI-III.NFO,07/01/2020,09:23:12,7241.45,7240.8,100,7256.7,700,0,1100
MARUTI-III.NFO,07/01/2020,09:23:13,7241.45,7208.75,400,7256.7,700,0,1100
MARUTI-III.NFO,07/01/2020,09:23:13,7241.45,7209.55,400,7256.7,700,0,1100
MARUTI-III.NFO,07/01/2020,09:23:14,7241.45,7209.75,400,7256.7,700,0,1100
MARUTI-III.NFO,07/01/2020,09:23:16,7241.45,7222.2,200,7256.7,700,0,1100
MARUTI-III.NFO,07/01/2020,09:23:16,7241.45,7222.2,300,7256.7,700,0,1100
MARUTI-III.NFO,07/01/2020,09:23:17,7241.45,7222.5,300,7256.7,700,0,1100
MARUTI-III.NFO,07/01/2020,09:23:18,7241.45,7222.9,200,7256.7,700,0,1100
MARUTI-III.NFO,07/01/2020,09:23:19,7241.45,7225.9,200,7256.7,700,0,1100
MARUTI-III.NFO,07/01/2020,09:23:20,7241.45,7227.65,100,7256.7,700,0,1100
MARUTI-III.NFO,07/01/2020,09:23:21,7241.45,7232,200,7256.7,700,0,1100
MARUTI-III.NFO,07/01/2020,09:23:23,7241.45,7232.2,200,7256.7,700,0,1100
MARUTI-III.NFO,07/01/2020,09:23:24,7241.45,7232.95,200,7256.7,700,0,1100
MARUTI-III.NFO,07/01/2020,09:23:25,7241.45,7233.35,200,7256.7,700,0,1100
MARUTI-III.NFO,07/01/2020,09:23:25,7241.45,7233.45,200,7256.7,700,0,1100
MARUTI-III.NFO,07/01/2020,09:23:26,7241.45,7233.85,300,7256.7,700,0,1100
MARUTI-III.NFO,07/01/2020,09:23:27,7241.45,7234.75,200,7256.7,700,0,1100
MARUTI-III.NFO,07/01/2020,09:23:28,7241.45,7235.05,100,7256.7,700,0,1100
MARUTI-III.NFO,07/01/2020,09:23:29,7241.45,7235.15,100,7256.7,700,0,1100
MARUTI-III.NFO,07/01/2020,09:23:31,7241.45,7235.35,100,7256.7,700,0,1100
MARUTI-III.NFO,07/01/2020,09:23:31,7241.45,7235.45,100,7256.7,700,0,1100
MARUTI-III.NFO,07/01/2020,09:23:32,7241.45,7235.7,100,7256.7,700,0,1100
MARUTI-III.NFO,07/01/2020,09:23:33,7241.45,7235.75,100,7256.7,700,0,1100
MARUTI-III.NFO,07/01/2020,09:23:34,7241.45,7210.05,300,7256.7,700,0,1100
MARUTI-III.NFO,07/01/2020,09:23:35,7241.45,7226.95,300,7256.7,700,0,1100
MARUTI-III.NFO,07/01/2020,09:23:36,7241.45,7227.05,400,7256.7,700,0,1100
MARUTI-III.NFO,07/01/2020,09:23:37,7241.45,7228.05,400,7256.7,700,0,1100
MARUTI-III.NFO,07/01/2020,09:23:38,7241.45,7228.35,200,7256.7,700,0,1100
MARUTI-III.NFO,07/01/2020,09:23:40,7241.45,7228.85,400,7256.7,700,0,1100
MARUTI-III.NFO,07/01/2020,09:23:41,7241.45,7229.25,400,7256.7,700,0,1100
MARUTI-III.NFO,07/01/2020,09:23:42,7241.45,7233.95,100,7256.7,700,0,1100
MARUTI-III.NFO,07/01/2020,09:23:43,7241.45,7234.1,100,7256.7,700,0,1100
MARUTI-III.NFO,07/01/2020,09:23:44,7241.45,7234.3,100,7256.7,700,0,1100
MARUTI-III.NFO,07/01/2020,09:23:45,7241.45,7234.5,100,7256.7,700,0,1100
MARUTI-III.NFO,07/01/2020,09:23:46,7241.45,7234.7,100,7256.7,700,0,1100
MARUTI-III.NFO,07/01/2020,09:23:47,7241.45,7235,100,7256.7,700,0,1100
MARUTI-III.NFO,07/01/2020,09:23:48,7241.45,7235.15,100,7256.7,700,0,1100
MARUTI-III.NFO,07/01/2020,09:23:49,7241.45,7235.25,100,7256.7,700,0,1100
MARUTI-III.NFO,07/01/2020,09:23:50,7241.45,7235.3,100,7256.7,700,0,1100
MARUTI-III.NFO,07/01/2020,09:23:52,7241.45,7235.35,100,7256.7,700,0,1100
MARUTI-III.NFO,07/01/2020,09:23:52,7241.45,7235.4,200,7256.7,700,0,1100
MARUTI-III.NFO,07/01/2020,09:23:53,7241.45,7235.55,100,7256.7,700,0,1100
MARUTI-III.NFO,07/01/2020,09:23:54,7241.45,7221.5,100,7256.7,700,0,1100
MARUTI-III.NFO,07/01/2020,09:23:55,7241.45,7228.45,200,7256.7,700,0,1100
MARUTI-III.NFO,07/01/2020,09:23:56,7241.45,7232.7,200,7256.6,300,0,1100
MARUTI-III.NFO,07/01/2020,09:23:57,7241.45,7233.6,100,7256.3,300,0,1100
MARUTI-III.NFO,07/01/2020,09:23:58,7241.45,7235.8,100,7256.1,300,0,1100
MARUTI-III.NFO,07/01/2020,09:23:59,7241.45,7235.95,100,7251.05,300,0,1100
MARUTI-III.NFO,07/01/2020,09:24:00,7241.45,7236.15,100,7250.95,300,0,1100
MARUTI-III.NFO,07/01/2020,09:24:02,7241.45,7236.3,100,7250.75,300,0,1100
MARUTI-III.NFO,07/01/2020,09:24:03,7241.45,7236.35,100,7250.65,200,0,1100
MARUTI-III.NFO,07/01/2020,09:24:03,7241.45,7236.4,100,7250.65,200,0,1100
MARUTI-III.NFO,07/01/2020,09:24:04,7241.45,7236.5,100,7250.55,400,0,1100
MARUTI-III.NFO,07/01/2020,09:24:05,7241.45,7236.55,100,7249.25,200,0,1100
MARUTI-III.NFO,07/01/2020,09:24:06,7241.45,7236.6,100,7249.05,300,0,1100
MARUTI-III.NFO,07/01/2020,09:24:07,7241.45,7236.6,100,7248.95,200,0,1100
MARUTI-III.NFO,07/01/2020,09:24:08,7241.45,7236.7,100,7248.85,300,0,1100
MARUTI-III.NFO,07/01/2020,09:24:09,7241.45,7236.75,100,7248.45,200,0,1100
MARUTI-III.NFO,07/01/2020,09:24:11,7241.45,7232.8,400,7248.25,200,0,1100
MARUTI-III.NFO,07/01/2020,09:24:11,7241.45,7233,300,7247.05,100,0,1100
MARUTI-III.NFO,07/01/2020,09:24:12,7241.45,7233.15,100,7245.25,100,0,1100
MARUTI-III.NFO,07/01/2020,09:24:14,7241.45,7235.45,100,7245.25,200,0,1100
MARUTI-III.NFO,07/01/2020,09:24:15,7241.45,7235.75,100,7245.25,100,0,1100
MARUTI-III.NFO,07/01/2020,09:24:16,7241.45,7235.95,100,7245.25,100,0,1100
MARUTI-III.NFO,07/01/2020,09:24:16,7241.45,7236.05,100,7245.25,100,0,1100
MARUTI-III.NFO,07/01/2020,09:24:17,7241.45,7236.25,100,7244.3,200,0,1100
MARUTI-III.NFO,07/01/2020,09:24:18,7241.45,7236.35,100,7243.7,100,0,1100
MARUTI-III.NFO,07/01/2020,09:24:19,7241.45,7236.4,100,7242.75,200,0,1100
MARUTI-III.NFO,07/01/2020,09:24:20,7241.45,7233.1,300,7242.65,200,0,1100
MARUTI-III.NFO,07/01/2020,09:24:21,7241.45,7233.4,100,7242.65,200,0,1100
MARUTI-III.NFO,07/01/2020,09:24:22,7241.45,7233.7,100,7242.65,100,0,1100
MARUTI-III.NFO,07/01/2020,09:24:23,7241.45,7233.9,100,7242.65,100,0,1100
MARUTI-III.NFO,07/01/2020,09:24:24,7241.45,7234.1,100,7242.65,100,0,1100
MARUTI-III.NFO,07/01/2020,09:24:25,7241.45,7234.25,200,7242.65,100,0,1100
MARUTI-III.NFO,07/01/2020,09:24:26,7241.45,7234.35,100,7242.65,100,0,1100
MARUTI-III.NFO,07/01/2020,09:24:28,7241.45,7234.45,100,7242.65,100,0,1100
MARUTI-III.NFO,07/01/2020,09:24:29,7241.45,7234.5,100,7242.65,100,0,1100
MARUTI-III.NFO,07/01/2020,09:24:30,7241.45,7234.5,100,7242.45,300,0,1100
MARUTI-III.NFO,07/01/2020,09:24:39,7241.45,7210.15,800,7242.45,300,0,1100
MARUTI-III.NFO,07/01/2020,09:24:40,7241.45,7211.15,400,7242.45,300,0,1100
MARUTI-III.NFO,07/01/2020,09:24:41,7241.45,7211.35,400,7242.45,300,0,1100
MARUTI-III.NFO,07/01/2020,09:24:42,7241.45,7212.65,200,7242.45,300,0,1100
MARUTI-III.NFO,07/01/2020,09:24:43,7241.45,7214.45,400,7242.35,200,0,1100
MARUTI-III.NFO,07/01/2020,09:24:45,7241.45,7223.75,400,7242.15,200,0,1100
MARUTI-III.NFO,07/01/2020,09:24:46,7241.45,7227.1,300,7242.05,200,0,1100
MARUTI-III.NFO,07/01/2020,09:24:47,7241.45,7229.6,100,7241.85,200,0,1100
MARUTI-III.NFO,07/01/2020,09:24:48,7241.45,7229.95,100,7238.9,100,0,1100
MARUTI-III.NFO,07/01/2020,09:24:49,7241.45,7230.15,100,7238.8,100,0,1100
MARUTI-III.NFO,07/01/2020,09:24:50,7241.45,7230.35,100,7238.85,100,0,1100
MARUTI-III.NFO,07/01/2020,09:24:51,7241.45,7230.55,100,7238.85,100,0,1100
MARUTI-III.NFO,07/01/2020,09:24:52,7241.45,7230.75,100,7238.85,100,0,1100
MARUTI-III.NFO,07/01/2020,09:24:53,7241.45,7230.9,100,7238.85,100,0,1100
MARUTI-III.NFO,07/01/2020,09:24:54,7241.45,7228.15,100,7238.85,100,0,1100
MARUTI-III.NFO,07/01/2020,09:24:55,7241.45,7229.2,100,7238.85,100,0,1100
MARUTI-III.NFO,07/01/2020,09:24:56,7241.45,7229.4,100,7238.8,100,0,1100
MARUTI-III.NFO,07/01/2020,09:24:57,7241.45,7229.7,100,7238.85,100,0,1100
MARUTI-III.NFO,07/01/2020,09:24:58,7241.45,7229.95,100,7238.85,100,0,1100
MARUTI-III.NFO,07/01/2020,09:24:59,7241.45,7231.1,100,7244.3,200,0,1100
MARUTI-III.NFO,07/01/2020,09:25:01,7241.45,7231.35,100,7244.2,300,0,1100
MARUTI-III.NFO,07/01/2020,09:25:01,7241.45,7231.45,200,7244.2,300,0,1100
MARUTI-III.NFO,07/01/2020,09:25:02,7241.45,7231.75,100,7243.15,100,0,1100
MARUTI-III.NFO,07/01/2020,09:25:04,7241.45,7231.95,100,7241.4,100,0,1100
MARUTI-III.NFO,07/01/2020,09:25:05,7241.45,7232.1,100,7241.4,100,0,1100
MARUTI-III.NFO,07/01/2020,09:25:06,7241.45,7232.25,100,7241.4,100,0,1100
MARUTI-III.NFO,07/01/2020,09:25:06,7241.45,7232.35,100,7241.4,100,0,1100
MARUTI-III.NFO,07/01/2020,09:25:07,7241.45,7232.65,100,7241.4,100,0,1100
MARUTI-III.NFO,07/01/2020,09:25:08,7241.45,7232.8,100,7241.4,100,0,1100
MARUTI-III.NFO,07/01/2020,09:25:09,7241.45,7229.85,400,7241.4,100,0,1100
MARUTI-III.NFO,07/01/2020,09:25:10,7241.45,7231.4,100,7241.3,200,0,1100
MARUTI-III.NFO,07/01/2020,09:25:11,7241.45,7231.6,100,7241.3,200,0,1100
MARUTI-III.NFO,07/01/2020,09:25:13,7241.45,7231.9,100,7241.2,300,0,1100
MARUTI-III.NFO,07/01/2020,09:25:14,7241.45,7232.1,100,7241.1,200,0,1100
MARUTI-III.NFO,07/01/2020,09:25:16,7241.45,7207.1,100,7240.7,400,0,1100
MARUTI-III.NFO,07/01/2020,09:25:18,7241.45,7225.5,100,7240.6,200,0,1100
MARUTI-III.NFO,07/01/2020,09:25:18,7241.45,7225.8,200,7240.15,100,0,1100
MARUTI-III.NFO,07/01/2020,09:25:19,7241.45,7229.65,100,7240.05,200,0,1100
MARUTI-III.NFO,07/01/2020,09:25:20,7241.45,7230.05,100,7240.2,200,0,1100
MARUTI-III.NFO,07/01/2020,09:25:21,7241.45,7230.25,100,7240.2,100,0,1100
MARUTI-III.NFO,07/01/2020,09:25:22,7241.45,7231.35,100,7240.2,100,0,1100
MARUTI-III.NFO,07/01/2020,09:25:23,7241.45,7226.7,100,7239.2,200,0,1100
MARUTI-III.NFO,07/01/2020,09:25:25,7241.45,7229.7,100,7239.05,200,0,1100
MARUTI-III.NFO,07/01/2020,09:25:25,7241.45,7229.8,100,7239.05,200,0,1100
MARUTI-III.NFO,07/01/2020,09:25:27,7241.45,7230,100,7239.2,100,0,1100
MARUTI-III.NFO,07/01/2020,09:25:27,7241.45,7230.1,100,7239.15,100,0,1100
MARUTI-III.NFO,07/01/2020,09:25:28,7241.45,7230.2,100,7239.15,100,0,1100
MARUTI-III.NFO,07/01/2020,09:25:29,7241.45,7230.5,100,7239.2,100,0,1100
MARUTI-III.NFO,07/01/2020,09:25:30,7241.45,7230.65,100,7239.2,200,0,1100
MARUTI-III.NFO,07/01/2020,09:25:31,7241.45,7230.9,100,7239.2,100,0,1100
MARUTI-III.NFO,07/01/2020,09:25:32,7241.45,7231,100,7239.2,100,0,1100
MARUTI-III.NFO,07/01/2020,09:25:33,7241.45,7210,700,7239.2,100,0,1100
MARUTI-III.NFO,07/01/2020,09:25:34,7241.45,7223,300,7239.2,200,0,1100
MARUTI-III.NFO,07/01/2020,09:25:35,7241.45,7223.2,300,7239.2,100,0,1100
MARUTI-III.NFO,07/01/2020,09:25:36,7241.45,7223.5,200,7239.2,100,0,1100
MARUTI-III.NFO,07/01/2020,09:25:37,7241.45,7225.8,400,7239.2,100,0,1100
MARUTI-III.NFO,07/01/2020,09:25:39,7241.45,7226,300,7239.2,100,0,1100
MARUTI-III.NFO,07/01/2020,09:25:39,7241.45,7226.4,300,7239.2,100,0,1100
MARUTI-III.NFO,07/01/2020,09:25:40,7241.45,7229.7,100,7239.2,200,0,1100
MARUTI-III.NFO,07/01/2020,09:25:41,7241.45,7230,100,7239.2,100,0,1100
MARUTI-III.NFO,07/01/2020,09:25:42,7241.45,7230.7,100,7239.2,100,0,1100
MARUTI-III.NFO,07/01/2020,09:25:43,7241.45,7226.6,400,7239.2,100,0,1100
MARUTI-III.NFO,07/01/2020,09:25:44,7241.45,7231.5,200,7239.2,100,0,1100
MARUTI-III.NFO,07/01/2020,09:25:45,7241.45,7231.7,100,7239.2,100,0,1100
MARUTI-III.NFO,07/01/2020,09:25:47,7241.45,7229.1,200,7239.2,100,0,1100
MARUTI-III.NFO,07/01/2020,09:25:48,7241.45,7229.3,100,7239.2,200,0,1100
MARUTI-III.NFO,07/01/2020,09:25:49,7241.45,7229.6,100,7239.2,100,0,1100
MARUTI-III.NFO,07/01/2020,09:25:49,7241.45,7229.6,200,7239.2,100,0,1100
MARUTI-III.NFO,07/01/2020,09:25:50,7241.45,7230,200,7239.2,100,0,1100
MARUTI-III.NFO,07/01/2020,09:25:51,7241.45,7230.2,100,7239.2,100,0,1100
MARUTI-III.NFO,07/01/2020,09:25:52,7241.45,7230.35,200,7239.2,100,0,1100
MARUTI-III.NFO,07/01/2020,09:25:53,7241.45,7230.45,100,7239.2,100,0,1100
MARUTI-III.NFO,07/01/2020,09:25:54,7241.45,7230.55,200,7239.2,100,0,1100
MARUTI-III.NFO,07/01/2020,09:25:55,7241.45,7230.7,200,7239.2,100,0,1100
MARUTI-III.NFO,07/01/2020,09:25:56,7241.45,7230.8,200,7239.2,100,0,1100
MARUTI-III.NFO,07/01/2020,09:25:57,7241.45,7230.8,100,7239.2,100,0,1100
MARUTI-III.NFO,07/01/2020,09:25:58,7241.45,7230.85,100,7239.2,100,0,1100
MARUTI-III.NFO,07/01/2020,09:25:59,7241.45,7227.25,200,7239.2,100,0,1100
MARUTI-III.NFO,07/01/2020,09:26:00,7241.45,7227.95,200,7239.15,200,0,1100
MARUTI-III.NFO,07/01/2020,09:26:01,7241.45,7228.15,100,7239.2,200,0,1100
MARUTI-III.NFO,07/01/2020,09:26:02,7241.45,7229.05,100,7239.2,200,0,1100
MARUTI-III.NFO,07/01/2020,09:26:03,7241.45,7229.25,100,7239.2,300,0,1100
MARUTI-III.NFO,07/01/2020,09:26:04,7241.45,7229.45,100,7239.2,300,0,1100
MARUTI-III.NFO,07/01/2020,09:26:05,7241.45,7229.65,100,7239.2,300,0,1100
MARUTI-III.NFO,07/01/2020,09:26:06,7241.45,7229.85,100,7239.2,300,0,1100
MARUTI-III.NFO,07/01/2020,09:26:07,7241.45,7230,100,7239.2,300,0,1100
MARUTI-III.NFO,07/01/2020,09:26:09,7241.45,7230.35,100,7239.1,100,0,1100
MARUTI-III.NFO,07/01/2020,09:26:09,7241.45,7230.45,100,7238.9,100,0,1100
MARUTI-III.NFO,07/01/2020,09:26:11,7241.45,7230.65,100,7238.9,100,0,1100
MARUTI-III.NFO,07/01/2020,09:26:12,7241.45,7230.9,100,7238.9,100,0,1100
MARUTI-III.NFO,07/01/2020,09:26:13,7241.45,7231.15,100,7238.9,100,0,1100
MARUTI-III.NFO,07/01/2020,09:26:14,7241.45,7231.55,100,7238.95,100,0,1100
MARUTI-III.NFO,07/01/2020,09:26:15,7241.45,7232.35,100,7244.45,100,0,1100
MARUTI-III.NFO,07/01/2020,09:26:16,7241.45,7232.4,200,7240.9,200,0,1100
MARUTI-III.NFO,07/01/2020,09:26:18,7241.45,7232.7,100,7240.9,200,0,1100
MARUTI-III.NFO,07/01/2020,09:26:19,7241.45,7232.85,100,7240.9,100,0,1100
MARUTI-III.NFO,07/01/2020,09:26:20,7241.45,7228.25,400,7240.9,100,0,1100
MARUTI-III.NFO,07/01/2020,09:26:20,7241.45,7228.45,300,7240.9,100,0,1100
MARUTI-III.NFO,07/01/2020,09:26:21,7241.45,7228.75,200,7240.85,100,0,1100
MARUTI-III.NFO,07/01/2020,09:26:22,7241.45,7229.05,200,7240.85,100,0,1100
MARUTI-III.NFO,07/01/2020,09:26:23,7241.45,7229.9,200,7240.9,200,0,1100
MARUTI-III.NFO,07/01/2020,09:26:24,7241.45,7230.6,200,7240.85,100,0,1100
MARUTI-III.NFO,07/01/2020,09:26:25,7241.45,7230.8,200,7240.85,100,0,1100
MARUTI-III.NFO,07/01/2020,09:26:27,7241.45,7235,100,7240.85,100,0,1100
MARUTI-III.NFO,07/01/2020,09:26:54,7241.45,7235,100,7240.75,200,0,1400
MARUTI-III.NFO,07/01/2020,09:26:55,7241.45,7235,100,7240.65,300,0,1400
MARUTI-III.NFO,07/01/2020,09:26:56,7241.45,7235,100,7238.85,100,0,1400
MARUTI-III.NFO,07/01/2020,09:27:01,7241.45,7235,100,7238.75,100,0,1400
MARUTI-III.NFO,07/01/2020,09:27:22,7235,7214.9,200,7237.25,100,100,1400
MARUTI-III.NFO,07/01/2020,09:27:22,7235,7214.9,200,7237.25,100,0,1400
MARUTI-III.NFO,07/01/2020,09:27:28,7235,7215.6,400,7236.9,200,0,1400
MARUTI-III.NFO,07/01/2020,09:27:34,7235,7223.1,100,7234.8,200,0,1400
MARUTI-III.NFO,07/01/2020,09:27:40,7235,7223.85,100,7232.6,200,0,1400
MARUTI-III.NFO,07/01/2020,09:27:46,7235,7224.05,100,7232.35,100,0,1400
MARUTI-III.NFO,07/01/2020,09:27:52,7235,7224.15,100,7232.35,100,0,1400
MARUTI-III.NFO,07/01/2020,09:28:06,7235,7210.45,300,7230.1,200,0,1400
MARUTI-III.NFO,07/01/2020,09:28:12,7235,7219.1,200,7230.1,200,0,1400
MARUTI-III.NFO,07/01/2020,09:28:13,7235,7219.3,100,7230.1,200,0,1400
MARUTI-III.NFO,07/01/2020,09:28:14,7235,7219.5,200,7230.1,200,0,1400
MARUTI-III.NFO,07/01/2020,09:28:15,7235,7221,100,7230.1,200,0,1400
MARUTI-III.NFO,07/01/2020,09:28:16,7235,7221.3,200,7230.1,100,0,1400
MARUTI-III.NFO,07/01/2020,09:28:17,7235,7221.4,100,7230.1,100,0,1400
MARUTI-III.NFO,07/01/2020,09:28:19,7235,7221.7,100,7229.9,200,0,1400
MARUTI-III.NFO,07/01/2020,09:28:20,7235,7221.9,100,7229.9,300,0,1400
MARUTI-III.NFO,07/01/2020,09:28:21,7235,7222.2,100,7229.9,300,0,1400
MARUTI-III.NFO,07/01/2020,09:28:22,7235,7222.4,100,7229.9,300,0,1400
MARUTI-III.NFO,07/01/2020,09:28:22,7235,7222.5,100,7229.9,300,0,1400
MARUTI-III.NFO,07/01/2020,09:28:23,7235,7222.6,100,7229.9,300,0,1400
MARUTI-III.NFO,07/01/2020,09:28:24,7235,7222.7,100,7229.9,300,0,1400
MARUTI-III.NFO,07/01/2020,09:28:26,7235,7201.05,200,7229.8,100,0,1400
MARUTI-III.NFO,07/01/2020,09:28:27,7235,7207.35,300,7229.6,100,0,1400
MARUTI-III.NFO,07/01/2020,09:28:27,7235,7207.35,300,7229.3,100,0,1400
MARUTI-III.NFO,07/01/2020,09:28:28,7235,7213.15,300,7228.9,300,0,1400
MARUTI-III.NFO,07/01/2020,09:28:29,7235,7213.35,400,7228.9,200,0,1400
MARUTI-III.NFO,07/01/2020,09:28:30,7235,7214.35,400,7228.9,200,0,1400
MARUTI-III.NFO,07/01/2020,09:28:31,7235,7215.25,400,7228.9,300,0,1400
MARUTI-III.NFO,07/01/2020,09:28:32,7235,7216,300,7228.9,300,0,1400
MARUTI-III.NFO,07/01/2020,09:28:33,7235,7216.2,200,7228.9,300,0,1400
MARUTI-III.NFO,07/01/2020,09:28:34,7235,7216.5,200,7228.9,300,0,1400
MARUTI-III.NFO,07/01/2020,09:28:36,7235,7216.7,200,7228.9,300,0,1400
MARUTI-III.NFO,07/01/2020,09:28:37,7235,7218.5,100,7228.9,300,0,1400
MARUTI-III.NFO,07/01/2020,09:28:38,7235,7219.2,100,7228.9,200,0,1400
MARUTI-III.NFO,07/01/2020,09:28:39,7235,7219.4,100,7228.9,200,0,1400
MARUTI-III.NFO,07/01/2020,09:28:40,7235,7219.55,200,7228.9,300,0,1400
MARUTI-III.NFO,07/01/2020,09:28:40,7235,7219.55,200,7228.65,200,0,1400
MARUTI-III.NFO,07/01/2020,09:28:41,7235,7219.75,100,7228.65,200,0,1400
MARUTI-III.NFO,07/01/2020,09:28:42,7235,7219.9,100,7228.65,100,0,1400
MARUTI-III.NFO,07/01/2020,09:28:43,7235,7220.1,100,7228.65,100,0,1400
MARUTI-III.NFO,07/01/2020,09:28:44,7235,7220.4,100,7228.65,100,0,1400
MARUTI-III.NFO,07/01/2020,09:28:45,7235,7198.9,300,7228.65,100,0,1400
MARUTI-III.NFO,07/01/2020,09:28:46,7235,7199.1,400,7228.65,100,0,1400
MARUTI-III.NFO,07/01/2020,09:28:47,7235,7199.4,400,7228.65,100,0,1400
MARUTI-III.NFO,07/01/2020,09:28:49,7235,7210.5,300,7228.65,100,0,1400
MARUTI-III.NFO,07/01/2020,09:28:50,7235,7214,200,7228.65,100,0,1400
MARUTI-III.NFO,07/01/2020,09:28:51,7235,7222.05,100,7243.4,300,0,1400
MARUTI-III.NFO,07/01/2020,09:28:52,7235,7222.35,200,7238.75,200,0,1400
MARUTI-III.NFO,07/01/2020,09:28:53,7235,7222.55,200,7238.65,400,0,1400
MARUTI-III.NFO,07/01/2020,09:28:54,7235,7222.85,200,7238.35,200,0,1400
MARUTI-III.NFO,07/01/2020,09:28:56,7235,7223.15,200,7238.15,300,0,1400
MARUTI-III.NFO,07/01/2020,09:28:56,7235,7223.25,200,7238.05,200,0,1400
MARUTI-III.NFO,07/01/2020,09:28:57,7235,7223.45,200,7236.85,100,0,1400
MARUTI-III.NFO,07/01/2020,09:28:58,7235,7223.65,200,7235.85,200,0,1400
MARUTI-III.NFO,07/01/2020,09:28:59,7235,7223.95,200,7235.85,200,0,1400
MARUTI-III.NFO,07/01/2020,09:29:00,7235,7224.15,200,7235.75,300,0,1400
MARUTI-III.NFO,07/01/2020,09:29:01,7235,7224.35,100,7235.75,300,0,1400
MARUTI-III.NFO,07/01/2020,09:29:02,7235,7208.6,200,7233.85,100,0,1400
MARUTI-III.NFO,07/01/2020,09:29:03,7235,7212.65,100,7233.4,100,0,1400
MARUTI-III.NFO,07/01/2020,09:29:04,7235,7219.6,200,7233.4,200,0,1400
MARUTI-III.NFO,07/01/2020,09:29:06,7235,7221.7,100,7233.4,100,0,1400
MARUTI-III.NFO,07/01/2020,09:29:07,7235,7222.25,100,7233.4,100,0,1400
MARUTI-III.NFO,07/01/2020,09:29:08,7235,7222.45,200,7233.4,100,0,1400
MARUTI-III.NFO,07/01/2020,09:29:10,7235,7222.8,100,7233.2,200,0,1400
MARUTI-III.NFO,07/01/2020,09:29:11,7235,7222.95,100,7233.1,200,0,1400
MARUTI-III.NFO,07/01/2020,09:29:12,7235,7199.8,900,7233,300,0,1400
MARUTI-III.NFO,07/01/2020,09:29:12,7235,7209.6,300,7233,300,0,1400
MARUTI-III.NFO,07/01/2020,09:29:13,7235,7209.8,400,7232.7,200,0,1400
MARUTI-III.NFO,07/01/2020,09:29:14,7235,7210.7,300,7232.6,200,0,1400
MARUTI-III.NFO,07/01/2020,09:29:15,7235,7213.65,200,7232.6,100,0,1400
MARUTI-III.NFO,07/01/2020,09:29:16,7235,7217,400,7232.6,100,0,1400
MARUTI-III.NFO,07/01/2020,09:29:18,7235,7221.35,200,7232,200,0,1400
MARUTI-III.NFO,07/01/2020,09:29:19,7235,7221.55,200,7231.9,200,0,1400
MARUTI-III.NFO,07/01/2020,09:29:19,7235,7221.65,100,7231.9,200,0,1400
MARUTI-III.NFO,07/01/2020,09:29:20,7235,7222.65,100,7231.9,200,0,1400
MARUTI-III.NFO,07/01/2020,09:29:21,7235,7222.85,100,7231.9,200,0,1400
MARUTI-III.NFO,07/01/2020,09:29:22,7235,7223,100,7231.9,200,0,1400
MARUTI-III.NFO,07/01/2020,09:29:23,7235,7223.2,100,7231.9,200,0,1400
MARUTI-III.NFO,07/01/2020,09:29:24,7235,7223.4,100,7231.9,200,0,1400
MARUTI-III.NFO,07/01/2020,09:29:25,7235,7223.65,100,7231.9,200,0,1400
MARUTI-III.NFO,07/01/2020,09:29:26,7235,7202.5,100,7231.9,300,0,1400
MARUTI-III.NFO,07/01/2020,09:29:28,7235,7213.6,300,7229.95,100,0,1400
MARUTI-III.NFO,07/01/2020,09:29:29,7235,7217.3,200,7229.95,100,0,1400
MARUTI-III.NFO,07/01/2020,09:29:30,7235,7220.6,100,7229.95,100,0,1400
MARUTI-III.NFO,07/01/2020,09:29:31,7235,7220.8,100,7230,100,0,1400
MARUTI-III.NFO,07/01/2020,09:29:31,7235,7220.9,200,7230,100,0,1400
MARUTI-III.NFO,07/01/2020,09:29:32,7235,7221.1,200,7230,100,0,1400
MARUTI-III.NFO,07/01/2020,09:29:33,7235,7221.3,200,7230,100,0,1400
MARUTI-III.NFO,07/01/2020,09:29:34,7235,7221.5,200,7238.2,100,0,1400
MARUTI-III.NFO,07/01/2020,09:29:35,7235,7221.7,300,7236,300,0,1400
MARUTI-III.NFO,07/01/2020,09:29:36,7235,7222,200,7235.9,200,0,1400
MARUTI-III.NFO,07/01/2020,09:29:37,7235,7222.3,200,7235.7,200,0,1400
MARUTI-III.NFO,07/01/2020,09:29:38,7235,7222.5,200,7233.8,100,0,1400
MARUTI-III.NFO,07/01/2020,09:29:39,7235,7224.3,100,7233.8,100,0,1400
MARUTI-III.NFO,07/01/2020,09:29:40,7235,7224.4,100,7233.8,100,0,1400
MARUTI-III.NFO,07/01/2020,09:29:41,7235,7203,300,7233.7,200,0,1400
MARUTI-III.NFO,07/01/2020,09:29:42,7235,7217.4,100,7231.85,200,0,1400
MARUTI-III.NFO,07/01/2020,09:29:43,7235,7222.35,200,7231.85,300,0,1400
MARUTI-III.NFO,07/01/2020,09:29:44,7235,7222.55,100,7231.85,300,0,1400
MARUTI-III.NFO,07/01/2020,09:29:45,7235,7222.85,100,7231.85,300,0,1400
MARUTI-III.NFO,07/01/2020,09:29:46,7235,7223.05,100,7231.85,300,0,1400
MARUTI-III.NFO,07/01/2020,09:29:48,7235,7223.15,100,7231.55,200,0,1400
MARUTI-III.NFO,07/01/2020,09:29:49,7235,7223.45,100,7231.55,100,0,1400
MARUTI-III.NFO,07/01/2020,09:29:50,7235,7223.55,100,7231.55,200,0,1400
MARUTI-III.NFO,07/01/2020,09:29:51,7235,7223.5,100,7231.55,200,0,1400
MARUTI-III.NFO,07/01/2020,09:29:54,7235,7200.1,900,7229.4,200,0,1400
MARUTI-III.NFO,07/01/2020,09:29:54,7235,7200.4,400,7229.4,200,0,1400
MARUTI-III.NFO,07/01/2020,09:29:55,7235,7200.7,400,7229.4,200,0,1400
MARUTI-III.NFO,07/01/2020,09:29:56,7235,7211.6,200,7229.4,200,0,1400
MARUTI-III.NFO,07/01/2020,09:29:57,7235,7216.9,200,7229.4,200,0,1400
MARUTI-III.NFO,07/01/2020,09:29:58,7235,7217.1,200,7229.4,200,0,1400
MARUTI-III.NFO,07/01/2020,09:29:59,7235,7217.3,300,7229.4,200,0,1400
MARUTI-III.NFO,07/01/2020,09:30:00,7235,7217.7,300,7229.4,200,0,1400
MARUTI-III.NFO,07/01/2020,09:30:01,7235,7220.15,100,7229.35,100,0,1400
MARUTI-III.NFO,07/01/2020,09:30:03,7235,7222.7,200,7229.4,100,0,1400
MARUTI-III.NFO,07/01/2020,09:30:04,7235,7222.9,100,7229.4,100,0,1400
MARUTI-III.NFO,07/01/2020,09:30:04,7235,7222.9,200,7229.4,100,0,1400
MARUTI-III.NFO,07/01/2020,09:30:05,7235,7223.2,100,7229.4,100,0,1400
MARUTI-III.NFO,07/01/2020,09:30:06,7235,7223.5,100,7229.4,100,0,1400
MARUTI-III.NFO,07/01/2020,09:30:07,7235,7223.7,100,7229.4,100,0,1400
MARUTI-III.NFO,07/01/2020,09:30:08,7235,7223.75,100,7229.4,100,0,1400
MARUTI-III.NFO,07/01/2020,09:30:09,7235,7207.75,100,7229.4,100,0,1400
MARUTI-III.NFO,07/01/2020,09:30:11,7235,7209.7,300,7229.4,100,0,1400
MARUTI-III.NFO,07/01/2020,09:30:12,7235,7218.5,100,7242.1,200,0,1400
MARUTI-III.NFO,07/01/2020,09:30:13,7235,7224.2,100,7237.1,100,0,1400
MARUTI-III.NFO,07/01/2020,09:30:14,7235,7218.75,200,7235.55,300,0,1400
MARUTI-III.NFO,07/01/2020,09:30:14,7235,7221.6,200,7235.55,300,0,1400
MARUTI-III.NFO,07/01/2020,09:30:15,7235,7225.05,100,7235.35,200,0,1400
MARUTI-III.NFO,07/01/2020,09:30:16,7235,7225.15,100,7235.25,100,0,1400
MARUTI-III.NFO,07/01/2020,09:30:17,7235,7225.25,100,7235.25,200,0,1400
MARUTI-III.NFO,07/01/2020,09:30:18,7235,7225.55,100,7235.25,200,0,1400
MARUTI-III.NFO,07/01/2020,09:30:19,7235,7225.8,100,7235.15,200,0,1400
MARUTI-III.NFO,07/01/2020,09:30:20,7235,7225.85,100,7234.85,200,0,1400
MARUTI-III.NFO,07/01/2020,09:30:21,7235,7225.85,100,7234.75,200,0,1400
MARUTI-III.NFO,07/01/2020,09:30:24,7235,7226,100,7234.75,200,0,1400
MARUTI-III.NFO,07/01/2020,09:30:25,7235,7226.15,100,7237.15,200,0,1400
MARUTI-III.NFO,07/01/2020,09:30:26,7235,7226.35,100,7237.05,200,0,1400
MARUTI-III.NFO,07/01/2020,09:30:26,7235,7226.45,100,7236.95,100,0,1400
MARUTI-III.NFO,07/01/2020,09:30:27,7235,7226.75,100,7235.2,100,0,1400
MARUTI-III.NFO,07/01/2020,09:30:29,7235,7226.95,100,7235.2,100,0,1400
MARUTI-III.NFO,07/01/2020,09:30:30,7235,7227.05,100,7235.2,200,0,1400
MARUTI-III.NFO,07/01/2020,09:30:30,7235,7227.1,200,7235.2,100,0,1400
MARUTI-III.NFO,07/01/2020,09:30:31,7235,7227.25,100,7235.2,100,0,1400
MARUTI-III.NFO,07/01/2020,09:30:32,7235,7227.4,100,7235.2,100,0,1400
MARUTI-III.NFO,07/01/2020,09:30:33,7235,7227.45,100,7235.2,100,0,1400
MARUTI-III.NFO,07/01/2020,09:30:34,7235,7225.7,200,7235.25,100,0,1400
MARUTI-III.NFO,07/01/2020,09:30:35,7235,7225.9,200,7235.25,100,0,1400
MARUTI-III.NFO,07/01/2020,09:30:36,7235,7226.8,100,7235.25,100,0,1400
MARUTI-III.NFO,07/01/2020,09:30:37,7235,7201.2,500,7235.25,300,0,1400
MARUTI-III.NFO,07/01/2020,09:30:38,7235,7209,300,7235.25,200,0,1400
MARUTI-III.NFO,07/01/2020,09:30:39,7235,7219.85,200,7235.25,200,0,1400
MARUTI-III.NFO,07/01/2020,09:30:40,7235,7220.05,300,7235.25,300,0,1400
MARUTI-III.NFO,07/01/2020,09:30:41,7235,7222.85,200,7235.25,300,0,1400
MARUTI-III.NFO,07/01/2020,09:30:42,7235,7223.05,300,7235.25,300,0,1400
MARUTI-III.NFO,07/01/2020,09:30:44,7235,7223.35,200,7235.25,300,0,1400
MARUTI-III.NFO,07/01/2020,09:30:45,7235,7226.4,100,7235.25,100,0,1400
MARUTI-III.NFO,07/01/2020,09:30:46,7235,7226.6,200,7235.25,100,0,1400
MARUTI-III.NFO,07/01/2020,09:30:47,7235,7226.85,100,7235.25,100,0,1400
MARUTI-III.NFO,07/01/2020,09:30:48,7235,7227.1,100,7235.25,100,0,1400
MARUTI-III.NFO,07/01/2020,09:30:48,7235,7227.15,100,7235.25,100,0,1400
MARUTI-III.NFO,07/01/2020,09:30:49,7235,7227.35,100,7235.25,100,0,1400
MARUTI-III.NFO,07/01/2020,09:30:50,7235,7227.55,100,7235.25,100,0,1400
MARUTI-III.NFO,07/01/2020,09:30:51,7235,7227.8,100,7235.25,100,0,1400
MARUTI-III.NFO,07/01/2020,09:30:52,7235,7201.5,400,7235.25,100,0,1400
MARUTI-III.NFO,07/01/2020,09:30:53,7235,7217.45,100,7235.25,100,0,1400
MARUTI-III.NFO,07/01/2020,09:30:54,7235,7218.05,400,7235.25,100,0,1400
MARUTI-III.NFO,07/01/2020,09:30:56,7235,7225.95,300,7235.25,100,0,1400
MARUTI-III.NFO,07/01/2020,09:30:57,7235,7226.05,200,7235.25,100,0,1400
MARUTI-III.NFO,07/01/2020,09:30:58,7235,7226.35,200,7235.25,100,0,1400
MARUTI-III.NFO,07/01/2020,09:30:59,7235,7228.15,100,7235.25,100,0,1400
MARUTI-III.NFO,07/01/2020,09:30:59,7235,7228.35,100,7235.25,100,0,1400
MARUTI-III.NFO,07/01/2020,09:31:01,7235,7228.95,100,7246.55,800,0,1400
MARUTI-III.NFO,07/01/2020,09:31:02,7235,7229.8,100,7246.55,800,0,1400
MARUTI-III.NFO,07/01/2020,09:31:03,7235,7230,100,7246.55,800,0,1400
MARUTI-III.NFO,07/01/2020,09:31:03,7235,7230.2,100,7246.55,800,0,1400
MARUTI-III.NFO,07/01/2020,09:31:05,7235,7230.35,100,7246.55,800,0,1400
MARUTI-III.NFO,07/01/2020,09:31:05,7235,7230.4,100,7246.55,800,0,1400
MARUTI-III.NFO,07/01/2020,09:31:06,7235,7230.6,100,7246.55,800,0,1400
MARUTI-III.NFO,07/01/2020,09:31:07,7235,7230.9,100,7246.55,800,0,1400
MARUTI-III.NFO,07/01/2020,09:31:08,7235,7231.1,100,7246.55,800,0,1400
MARUTI-III.NFO,07/01/2020,09:31:09,7235,7231.4,100,7246.55,800,0,1400
MARUTI-III.NFO,07/01/2020,09:31:10,7235,7231.6,100,7246.55,800,0,1400
MARUTI-III.NFO,07/01/2020,09:31:11,7235,7232.35,100,7246.55,800,0,1400
MARUTI-III.NFO,07/01/2020,09:31:13,7235,7228.55,500,7246.55,800,0,1400
MARUTI-III.NFO,07/01/2020,09:31:14,7235,7229.6,100,7246.55,800,0,1400
MARUTI-III.NFO,07/01/2020,09:31:15,7235,7230.3,300,7246.55,800,0,1400
MARUTI-III.NFO,07/01/2020,09:31:16,7235,7232.8,100,7246.55,800,0,1400
MARUTI-III.NFO,07/01/2020,09:31:17,7235,7233.1,100,7246.55,800,0,1400
MARUTI-III.NFO,07/01/2020,09:31:18,7235,7233.25,100,7246.55,800,0,1400
MARUTI-III.NFO,07/01/2020,09:31:19,7235,7233.55,100,7246.55,800,0,1400
MARUTI-III.NFO,07/01/2020,09:31:20,7235,7201.65,900,7246.55,800,0,1400
MARUTI-III.NFO,07/01/2020,09:31:22,7235,7203.95,300,7246.55,800,0,1400
MARUTI-III.NFO,07/01/2020,09:31:23,7235,7217.35,500,7246.55,800,0,1400
MARUTI-III.NFO,07/01/2020,09:31:24,7235,7228.5,100,7246.55,800,0,1400
MARUTI-III.NFO,07/01/2020,09:31:24,7235,7228.65,100,7246.55,800,0,1400
MARUTI-III.NFO,07/01/2020,09:31:25,7235,7228.95,200,7246.55,800,0,1400
MARUTI-III.NFO,07/01/2020,09:31:26,7235,7229.05,300,7246.55,800,0,1400
MARUTI-III.NFO,07/01/2020,09:31:27,7235,7231.45,100,7246.55,800,0,1400
MARUTI-III.NFO,07/01/2020,09:31:28,7235,7231.75,100,7246.55,800,0,1400
MARUTI-III.NFO,07/01/2020,09:31:30,7235,7232.05,100,7246.55,800,0,1400
MARUTI-III.NFO,07/01/2020,09:31:30,7235,7232.15,100,7246.55,800,0,1400
MARUTI-III.NFO,07/01/2020,09:31:32,7235,7232.45,100,7246.55,800,0,1400
MARUTI-III.NFO,07/01/2020,09:31:33,7235,7232.55,100,7246.55,800,0,1400
MARUTI-III.NFO,07/01/2020,09:31:33,7235,7232.65,100,7246.55,800,0,1400
MARUTI-III.NFO,07/01/2020,09:31:34,7235,7232.75,100,7246.55,800,0,1400
MARUTI-III.NFO,07/01/2020,09:31:35,7235,7232.9,100,7246.55,800,0,1400
MARUTI-III.NFO,07/01/2020,09:31:36,7235,7232.95,100,7246.55,800,0,1400
MARUTI-III.NFO,07/01/2020,09:31:37,7235,7233.1,100,7246.55,800,0,1400
MARUTI-III.NFO,07/01/2020,09:31:40,7235,7233.15,100,7246.55,800,0,1400
MARUTI-III.NFO,07/01/2020,09:31:40,7235,7229.15,500,7246.55,800,0,1400
MARUTI-III.NFO,07/01/2020,09:31:41,7235,7229.45,200,7246.55,700,0,1400
MARUTI-III.NFO,07/01/2020,09:31:42,7235,7229.65,300,7246.55,700,0,1400
MARUTI-III.NFO,07/01/2020,09:31:43,7235,7230.05,200,7246.55,700,0,1400
MARUTI-III.NFO,07/01/2020,09:31:44,7235,7230.25,200,7246.55,700,0,1400
MARUTI-III.NFO,07/01/2020,09:31:45,7235,7230.55,200,7246.55,700,0,1400
MARUTI-III.NFO,07/01/2020,09:31:46,7235,7230.95,200,7246.55,700,0,1400
MARUTI-III.NFO,07/01/2020,09:31:47,7235,7232.75,100,7246.55,700,0,1400
MARUTI-III.NFO,07/01/2020,09:31:48,7235,7232.8,200,7246.55,700,0,1400
MARUTI-III.NFO,07/01/2020,09:31:49,7235,7233.1,100,7246.55,700,0,1400
MARUTI-III.NFO,07/01/2020,09:31:50,7235,7233.3,100,7246.55,700,0,1400
MARUTI-III.NFO,07/01/2020,09:31:51,7235,7230.95,500,7246.55,700,0,1400
MARUTI-III.NFO,07/01/2020,09:31:52,7235,7231.05,200,7246.55,700,0,1400
MARUTI-III.NFO,07/01/2020,09:31:53,7235,7231.45,300,7246.55,700,0,1400
MARUTI-III.NFO,07/01/2020,09:31:55,7235,7233.15,100,7246.55,700,0,1400
MARUTI-III.NFO,07/01/2020,09:31:55,7235,7233.05,200,7246.55,700,0,1400
MARUTI-III.NFO,07/01/2020,09:31:57,7235,7233.85,100,7246.55,700,0,1400
MARUTI-III.NFO,07/01/2020,09:31:57,7235,7234.05,100,7246.55,700,0,1400
MARUTI-III.NFO,07/01/2020,09:31:58,7235,7234.25,100,7246.55,700,0,1400
MARUTI-III.NFO,07/01/2020,09:31:59,7235,7204.85,500,7246.55,700,0,1400
MARUTI-III.NFO,07/01/2020,09:32:00,7235,7220.15,300,7246.55,700,0,1400
MARUTI-III.NFO,07/01/2020,09:32:01,7235,7224.65,300,7246.55,700,0,1400
MARUTI-III.NFO,07/01/2020,09:32:02,7235,7231.7,300,7246.55,700,0,1400
MARUTI-III.NFO,07/01/2020,09:32:04,7235,7232,200,7246.55,700,0,1400
MARUTI-III.NFO,07/01/2020,09:32:05,7235,7233,200,7246.55,700,0,1400
MARUTI-III.NFO,07/01/2020,09:32:06,7235,7235.5,100,7246.55,700,0,1400
MARUTI-III.NFO,07/01/2020,09:32:07,7235,7235.6,100,7246.55,700,0,1400
MARUTI-III.NFO,07/01/2020,09:32:07,7235,7235.7,100,7246.55,700,0,1400
MARUTI-III.NFO,07/01/2020,09:32:08,7235,7235.9,100,7246.55,700,0,1400
MARUTI-III.NFO,07/01/2020,09:32:09,7235,7236.05,100,7246.55,700,0,1400
MARUTI-III.NFO,07/01/2020,09:32:10,7235,7205.15,500,7246.55,700,0,1400
MARUTI-III.NFO,07/01/2020,09:32:11,7235,7205.45,400,7246.55,700,0,1400
MARUTI-III.NFO,07/01/2020,09:32:12,7235,7223.25,200,7246.55,700,0,1400
MARUTI-III.NFO,07/01/2020,09:32:13,7235,7223.65,400,7246.55,700,0,1400
MARUTI-III.NFO,07/01/2020,09:32:15,7235,7230.55,200,7246.55,700,0,1400
MARUTI-III.NFO,07/01/2020,09:32:16,7235,7231.5,200,7246.55,700,0,1400
MARUTI-III.NFO,07/01/2020,09:32:17,7235,7231.8,200,7246.55,700,0,1400
MARUTI-III.NFO,07/01/2020,09:32:17,7235,7231.9,200,7246.55,700,0,1400
MARUTI-III.NFO,07/01/2020,09:32:18,7235,7232.1,200,7246.55,700,0,1400
MARUTI-III.NFO,07/01/2020,09:32:19,7235,7232.35,100,7246.55,700,0,1400
MARUTI-III.NFO,07/01/2020,09:32:20,7235,7233.05,100,7246.55,700,0,1400
MARUTI-III.NFO,07/01/2020,09:32:22,7235,7234.1,200,7246.55,700,0,1400
MARUTI-III.NFO,07/01/2020,09:32:23,7235,7234.6,100,7246.55,700,0,1400
MARUTI-III.NFO,07/01/2020,09:32:24,7235,7234.8,100,7246.55,700,0,1400
MARUTI-III.NFO,07/01/2020,09:32:25,7235,7235.35,200,7246.55,700,0,1400
MARUTI-III.NFO,07/01/2020,09:32:25,7235,7235.45,100,7246.55,700,0,1400
MARUTI-III.NFO,07/01/2020,09:32:26,7235,7235.75,100,7246.55,700,0,1400
MARUTI-III.NFO,07/01/2020,09:32:27,7235,7235.95,100,7246.55,700,0,1400
MARUTI-III.NFO,07/01/2020,09:32:28,7235,7236.15,100,7246.55,700,0,1400
MARUTI-III.NFO,07/01/2020,09:32:29,7235,7236.35,100,7246.55,700,0,1400
MARUTI-III.NFO,07/01/2020,09:32:31,7235,7236.65,100,7246.55,700,0,1400
MARUTI-III.NFO,07/01/2020,09:32:32,7235,7236.8,100,7246.55,700,0,1400
MARUTI-III.NFO,07/01/2020,09:32:33,7235,7233.05,300,7246.55,700,0,1400
MARUTI-III.NFO,07/01/2020,09:32:34,7235,7233.25,200,7246.55,700,0,1400
MARUTI-III.NFO,07/01/2020,09:32:34,7235,7233.35,200,7246.55,700,0,1400
MARUTI-III.NFO,07/01/2020,09:32:35,7235,7233.55,200,7246.55,700,0,1400
MARUTI-III.NFO,07/01/2020,09:32:36,7235,7233.85,200,7246.55,700,0,1400
MARUTI-III.NFO,07/01/2020,09:32:37,7235,7234.15,200,7246.55,700,0,1400
MARUTI-III.NFO,07/01/2020,09:32:38,7235,7234.35,200,7246.55,700,0,1400
MARUTI-III.NFO,07/01/2020,09:32:40,7235,7234.65,100,7246.55,700,0,1400
MARUTI-III.NFO,07/01/2020,09:32:41,7235,7234.75,100,7246.55,700,0,1400
MARUTI-III.NFO,07/01/2020,09:32:41,7235,7234.85,100,7246.55,700,0,1400
MARUTI-III.NFO,07/01/2020,09:32:42,7235,7235.05,100,7246.55,700,0,1400
MARUTI-III.NFO,07/01/2020,09:32:43,7235,7235.25,100,7246.55,700,0,1400
MARUTI-III.NFO,07/01/2020,09:32:44,7235,7235.55,100,7246.55,700,0,1400
MARUTI-III.NFO,07/01/2020,09:32:45,7235,7235.75,100,7246.55,700,0,1400
MARUTI-III.NFO,07/01/2020,09:32:46,7235,7235.95,100,7243.95,200,0,1400
MARUTI-III.NFO,07/01/2020,09:32:47,7235,7236,100,7243.95,100,0,1400
MARUTI-III.NFO,07/01/2020,09:32:49,7235,7205.85,400,7243.95,100,0,1400
MARUTI-III.NFO,07/01/2020,09:32:51,7235,7212.45,200,7243.95,100,0,1400
MARUTI-III.NFO,07/01/2020,09:32:52,7235,7219.7,100,7243.95,100,0,1400
MARUTI-III.NFO,07/01/2020,09:32:53,7235,7220.6,400,7243.95,100,0,1400
MARUTI-III.NFO,07/01/2020,09:32:54,7235,7221.3,300,7243.75,200,0,1400
MARUTI-III.NFO,07/01/2020,09:32:54,7235,7221.3,300,7243.55,200,0,1400
MARUTI-III.NFO,07/01/2020,09:32:55,7235,7223.45,300,7243.25,100,0,1400
MARUTI-III.NFO,07/01/2020,09:32:56,7235,7227.35,500,7243.25,200,0,1400
MARUTI-III.NFO,07/01/2020,09:32:57,7235,7228.75,300,7242.75,100,0,1400
MARUTI-III.NFO,07/01/2020,09:32:58,7235,7228.95,300,7242.75,100,0,1400
MARUTI-III.NFO,07/01/2020,09:32:59,7235,7230.25,200,7242.8,100,0,1400
MARUTI-III.NFO,07/01/2020,09:33:00,7235,7230.35,300,7242.8,100,0,1400
MARUTI-III.NFO,07/01/2020,09:33:01,7235,7232.45,100,7242.8,100,0,1400
MARUTI-III.NFO,07/01/2020,09:33:02,7235,7232.65,100,7242.8,200,0,1400
MARUTI-III.NFO,07/01/2020,09:33:03,7235,7232.75,200,7242.8,200,0,1400
MARUTI-III.NFO,07/01/2020,09:33:05,7235,7233.05,200,7241.9,100,0,1400
MARUTI-III.NFO,07/01/2020,09:33:06,7235,7233,100,7241.9,200,0,1400
MARUTI-III.NFO,07/01/2020,09:33:10,7235,7233.25,100,7241.9,100,0,1400
MARUTI-III.NFO,07/01/2020,09:33:11,7235,7233.3,100,7241.9,100,0,1400
MARUTI-III.NFO,07/01/2020,09:33:11,7235,7233.35,100,7241.9,100,0,1400
MARUTI-III.NFO,07/01/2020,09:33:12,7235,7212.75,900,7241.9,200,0,1400
MARUTI-III.NFO,07/01/2020,09:33:13,7235,7224.3,400,7241.9,200,0,1400
MARUTI-III.NFO,07/01/2020,09:33:14,7235,7225.1,300,7241.9,200,0,1400
MARUTI-III.NFO,07/01/2020,09:33:15,7235,7225.9,200,7241.9,200,0,1400
MARUTI-III.NFO,07/01/2020,09:33:17,7235,7227.9,200,7241.9,200,0,1400
MARUTI-III.NFO,07/01/2020,09:33:18,7235,7229.3,100,7241.9,200,0,1400
MARUTI-III.NFO,07/01/2020,09:33:18,7235,7231.3,200,7241.9,200,0,1400
MARUTI-III.NFO,07/01/2020,09:33:19,7235,7231.5,100,7241.9,200,0,1400
MARUTI-III.NFO,07/01/2020,09:33:20,7235,7209.75,200,7241.9,300,0,1400
MARUTI-III.NFO,07/01/2020,09:33:21,7235,7213.65,400,7241.8,300,0,1400
MARUTI-III.NFO,07/01/2020,09:33:22,7235,7217.55,300,7239.3,300,0,1400
MARUTI-III.NFO,07/01/2020,09:33:23,7235,7217.75,400,7238.55,200,0,1400
MARUTI-III.NFO,07/01/2020,09:33:24,7235,7218.75,400,7238.55,200,0,1400
MARUTI-III.NFO,07/01/2020,09:33:25,7235,7224.75,300,7238.55,200,0,1400
MARUTI-III.NFO,07/01/2020,09:33:26,7235,7225.05,200,7238.55,200,0,1400
MARUTI-III.NFO,07/01/2020,09:33:27,7235,7226.25,200,7238.55,200,0,1400
MARUTI-III.NFO,07/01/2020,09:33:28,7235,7228.95,100,7238.55,200,0,1400
MARUTI-III.NFO,07/01/2020,09:33:30,7235,7229.25,100,7238.55,200,0,1400
MARUTI-III.NFO,07/01/2020,09:33:32,7235,7229.6,200,7238.55,200,0,1400
MARUTI-III.NFO,07/01/2020,09:33:33,7235,7229.8,100,7238.55,200,0,1400
MARUTI-III.NFO,07/01/2020,09:33:34,7235,7230.1,100,7238.55,200,0,1400
MARUTI-III.NFO,07/01/2020,09:33:35,7235,7230.2,100,7238.55,200,0,1400
MARUTI-III.NFO,07/01/2020,09:33:36,7235,7215.95,300,7238.55,200,0,1400
MARUTI-III.NFO,07/01/2020,09:33:37,7235,7222.35,400,7238.55,200,0,1400
MARUTI-III.NFO,07/01/2020,09:33:37,7235,7222.45,300,7238.55,200,0,1400
MARUTI-III.NFO,07/01/2020,09:33:38,7235,7228.85,100,7238.55,200,0,1400
MARUTI-III.NFO,07/01/2020,09:33:39,7235,7229.15,100,7238.55,200,0,1400
MARUTI-III.NFO,07/01/2020,09:33:40,7235,7229.35,100,7238.55,200,0,1400
MARUTI-III.NFO,07/01/2020,09:33:41,7235,7229.55,100,7238.55,200,0,1400
MARUTI-III.NFO,07/01/2020,09:33:42,7235,7229.85,100,7238.55,200,0,1400
MARUTI-III.NFO,07/01/2020,09:33:43,7235,7230.05,100,7238.55,100,0,1400
MARUTI-III.NFO,07/01/2020,09:33:45,7235,7222.85,300,7238.55,100,0,1400
MARUTI-III.NFO,07/01/2020,09:33:46,7235,7223.05,500,7238.55,100,0,1400
MARUTI-III.NFO,07/01/2020,09:33:47,7235,7223.85,200,7238.55,100,0,1400
MARUTI-III.NFO,07/01/2020,09:33:48,7235,7225.35,200,7238.55,100,0,1400
MARUTI-III.NFO,07/01/2020,09:33:48,7235,7227.35,100,7238.55,100,0,1400
MARUTI-III.NFO,07/01/2020,09:33:49,7235,7229.7,100,7238.55,100,0,1400
MARUTI-III.NFO,07/01/2020,09:33:50,7235,7229.9,100,7238.55,100,0,1400
MARUTI-III.NFO,07/01/2020,09:33:51,7235,7230.1,100,7238.55,100,0,1400
MARUTI-III.NFO,07/01/2020,09:33:52,7235,7231.4,100,7238.55,100,0,1400
MARUTI-III.NFO,07/01/2020,09:33:53,7235,7231.6,100,7238.55,100,0,1400
MARUTI-III.NFO,07/01/2020,09:33:54,7235,7231.9,100,7238.55,100,0,1400
MARUTI-III.NFO,07/01/2020,09:33:55,7235,7232.1,100,7238.55,100,0,1400
MARUTI-III.NFO,07/01/2020,09:33:56,7235,7232.25,100,7238.55,100,0,1400
MARUTI-III.NFO,07/01/2020,09:33:57,7235,7232.5,100,7238.55,100,0,1400
MARUTI-III.NFO,07/01/2020,09:33:59,7235,7232.7,100,7238.55,100,0,1400
MARUTI-III.NFO,07/01/2020,09:34:00,7235,7232.9,100,7238.55,100,0,1400
MARUTI-III.NFO,07/01/2020,09:34:01,7235,7233.2,100,7238.55,100,0,1400
MARUTI-III.NFO,07/01/2020,09:34:02,7238.55,7233.3,100,7253.15,300,100,1500
MARUTI-III.NFO,07/01/2020,09:34:03,7238.55,7233.7,100,7252.95,400,0,1500
MARUTI-III.NFO,07/01/2020,09:34:04,7238.55,7224.65,700,7252.65,300,0,1500
MARUTI-III.NFO,07/01/2020,09:34:05,7238.55,7224.95,300,7252.55,400,0,1500
MARUTI-III.NFO,07/01/2020,09:34:07,7238.55,7229.2,100,7247.9,200,0,1500
MARUTI-III.NFO,07/01/2020,09:34:08,7238.55,7231.1,200,7242.9,100,0,1500
MARUTI-III.NFO,07/01/2020,09:34:09,7238.55,7231.4,200,7241.8,100,0,1500
MARUTI-III.NFO,07/01/2020,09:34:10,7238.55,7231.7,100,7241.8,200,0,1500
MARUTI-III.NFO,07/01/2020,09:34:12,7238.55,7231.9,100,7241.8,100,0,1500
MARUTI-III.NFO,07/01/2020,09:34:13,7238.55,7232.1,100,7241.8,100,0,1500
MARUTI-III.NFO,07/01/2020,09:34:14,7238.55,7232.4,100,7241.8,100,0,1500
MARUTI-III.NFO,07/01/2020,09:34:14,7238.55,7232.5,100,7241.8,100,0,1500
MARUTI-III.NFO,07/01/2020,09:34:15,7238.55,7232.7,100,7241.8,200,0,1500
MARUTI-III.NFO,07/01/2020,09:34:16,7238.55,7232.9,100,7241.8,200,0,1500
MARUTI-III.NFO,07/01/2020,09:34:17,7238.55,7233.05,100,7241.8,200,0,1500
MARUTI-III.NFO,07/01/2020,09:34:18,7238.55,7233.2,100,7241.8,200,0,1500
MARUTI-III.NFO,07/01/2020,09:34:19,7238.55,7202.6,100,7241.7,100,0,1500
MARUTI-III.NFO,07/01/2020,09:34:21,7238.55,7214.5,400,7240.1,200,0,1500
MARUTI-III.NFO,07/01/2020,09:34:22,7238.55,7222.3,400,7239.8,100,0,1500
MARUTI-III.NFO,07/01/2020,09:34:23,7238.55,7224.9,300,7239.85,100,0,1500
MARUTI-III.NFO,07/01/2020,09:34:23,7238.55,7225.7,100,7239.8,100,0,1500
MARUTI-III.NFO,07/01/2020,09:34:25,7238.55,7228.45,100,7239.8,100,0,1500
MARUTI-III.NFO,07/01/2020,09:34:26,7238.55,7229.3,100,7239.8,100,0,1500
MARUTI-III.NFO,07/01/2020,09:34:26,7238.55,7229.35,100,7239.8,200,0,1500
MARUTI-III.NFO,07/01/2020,09:34:27,7238.55,7229.45,100,7239.6,300,0,1500
MARUTI-III.NFO,07/01/2020,09:34:28,7238.55,7229.55,100,7239.5,200,0,1500
MARUTI-III.NFO,07/01/2020,09:34:29,7238.55,7229.6,100,7239.5,200,0,1500
MARUTI-III.NFO,07/01/2020,09:34:30,7238.55,7229.75,100,7239.5,200,0,1500
MARUTI-III.NFO,07/01/2020,09:34:31,7238.55,7229.85,100,7239.5,200,0,1500
MARUTI-III.NFO,07/01/2020,09:34:33,7238.55,7229.95,100,7239.3,300,0,1500
MARUTI-III.NFO,07/01/2020,09:34:34,7238.55,7230.05,100,7239.3,400,0,1500
MARUTI-III.NFO,07/01/2020,09:34:35,7238.55,7202.05,100,7238.75,200,0,1500
MARUTI-III.NFO,07/01/2020,09:34:36,7238.55,7222.45,300,7235.7,200,0,1500
MARUTI-III.NFO,07/01/2020,09:34:37,7238.55,7223.2,100,7235.75,100,0,1500
MARUTI-III.NFO,07/01/2020,09:34:38,7238.55,7226.35,200,7235.75,100,0,1500
MARUTI-III.NFO,07/01/2020,09:34:39,7238.55,7226.7,100,7249.25,300,0,1500
MARUTI-III.NFO,07/01/2020,09:34:39,7238.55,7226.8,100,7249.05,400,0,1500
MARUTI-III.NFO,07/01/2020,09:34:40,7238.55,7227,100,7248.95,300,0,1500
MARUTI-III.NFO,07/01/2020,09:34:41,7238.55,7227.2,100,7243,200,0,1500
MARUTI-III.NFO,07/01/2020,09:34:42,7238.55,7227.5,100,7242.6,200,0,1500
MARUTI-III.NFO,07/01/2020,09:34:43,7238.55,7227.65,100,7241.6,200,0,1500
MARUTI-III.NFO,07/01/2020,09:34:44,7238.55,7227.7,100,7241.4,200,0,1500
MARUTI-III.NFO,07/01/2020,09:34:45,7238.55,7227.75,100,7241.1,200,0,1500
MARUTI-III.NFO,07/01/2020,09:34:46,7238.55,7228,100,7240.9,100,0,1500
MARUTI-III.NFO,07/01/2020,09:34:47,7238.55,7228.55,100,7237.95,200,0,1500
MARUTI-III.NFO,07/01/2020,09:34:48,7238.55,7228.75,100,7237.95,200,0,1500
MARUTI-III.NFO,07/01/2020,09:34:49,7238.55,7228.9,100,7237.95,200,0,1500
MARUTI-III.NFO,07/01/2020,09:34:50,7238.55,7227.9,300,7237.95,200,0,1500
MARUTI-III.NFO,07/01/2020,09:34:51,7238.55,7228.05,100,7237.95,100,0,1500
MARUTI-III.NFO,07/01/2020,09:34:52,7238.55,7228.2,100,7237.95,100,0,1500
MARUTI-III.NFO,07/01/2020,09:34:53,7238.55,7228.25,100,7237.95,100,0,1500
MARUTI-III.NFO,07/01/2020,09:34:54,7238.55,7228.35,100,7237.95,200,0,1500
MARUTI-III.NFO,07/01/2020,09:34:55,7238.55,7228.45,100,7237.75,300,0,1500
MARUTI-III.NFO,07/01/2020,09:34:56,7238.55,7228.55,100,7237.75,300,0,1500
MARUTI-III.NFO,07/01/2020,09:34:59,7238.55,7228.65,100,7237.75,200,0,1500
MARUTI-III.NFO,07/01/2020,09:35:00,7238.55,7200.9,400,7237.75,200,0,1500
MARUTI-III.NFO,07/01/2020,09:35:00,7238.55,7201.1,400,7237.75,200,0,1500
MARUTI-III.NFO,07/01/2020,09:35:01,7238.55,7208.1,300,7237.75,100,0,1500
MARUTI-III.NFO,07/01/2020,09:35:02,7238.55,7222.25,100,7237.75,200,0,1500
MARUTI-III.NFO,07/01/2020,09:35:03,7238.55,7222.8,400,7237.75,200,0,1500
MARUTI-III.NFO,07/01/2020,09:35:04,7238.55,7224.2,300,7237.75,200,0,1500
MARUTI-III.NFO,07/01/2020,09:35:05,7238.55,7224.6,200,7237.75,200,0,1500
MARUTI-III.NFO,07/01/2020,09:35:06,7238.55,7224.8,200,7237.75,200,0,1500
MARUTI-III.NFO,07/01/2020,09:35:07,7238.55,7225,200,7237.75,200,0,1500
MARUTI-III.NFO,07/01/2020,09:35:08,7238.55,7225.2,300,7237.75,200,0,1500
MARUTI-III.NFO,07/01/2020,09:35:09,7238.55,7225.7,200,7237.75,300,0,1500
MARUTI-III.NFO,07/01/2020,09:35:10,7238.55,7225.9,200,7237.75,300,0,1500
MARUTI-III.NFO,07/01/2020,09:35:11,7238.55,7226.1,200,7237.75,300,0,1500
MARUTI-III.NFO,07/01/2020,09:35:12,7238.55,7226.3,200,7237.75,300,0,1500
MARUTI-III.NFO,07/01/2020,09:35:13,7238.55,7226.5,200,7237.75,300,0,1500
MARUTI-III.NFO,07/01/2020,09:35:15,7238.55,7226.85,200,7237.55,100,0,1500
MARUTI-III.NFO,07/01/2020,09:35:16,7238.55,7227.05,200,7237.45,100,0,1500
MARUTI-III.NFO,07/01/2020,09:35:17,7238.55,7227.65,100,7237.45,100,0,1500
MARUTI-III.NFO,07/01/2020,09:35:17,7238.55,7227.75,100,7237.45,100,0,1500
MARUTI-III.NFO,07/01/2020,09:35:18,7238.55,7228.05,100,7237.45,100,0,1500
MARUTI-III.NFO,07/01/2020,09:35:19,7238.55,7228.25,100,7237.45,100,0,1500
MARUTI-III.NFO,07/01/2020,09:35:20,7238.55,7228.35,100,7237.45,100,0,1500
MARUTI-III.NFO,07/01/2020,09:35:22,7238.55,7228.45,100,7237.45,200,0,1500
MARUTI-III.NFO,07/01/2020,09:35:23,7238.55,7228.6,100,7237.45,200,0,1500
MARUTI-III.NFO,07/01/2020,09:35:24,7238.55,7228.65,100,7237.45,200,0,1500
MARUTI-III.NFO,07/01/2020,09:35:25,7238.55,7228.75,100,7237.45,200,0,1500
MARUTI-III.NFO,07/01/2020,09:35:26,7238.55,7207.65,100,7237.25,300,0,1500
MARUTI-III.NFO,07/01/2020,09:35:26,7238.55,7210,400,7237.25,300,0,1500
MARUTI-III.NFO,07/01/2020,09:35:27,7238.55,7211.2,400,7237.15,200,0,1500
MARUTI-III.NFO,07/01/2020,09:35:28,7238.55,7211.6,200,7237.15,200,0,1500
MARUTI-III.NFO,07/01/2020,09:35:30,7238.55,7219.1,300,7237.15,200,0,1500
MARUTI-III.NFO,07/01/2020,09:35:30,7238.55,7219.2,100,7236.95,100,0,1500
MARUTI-III.NFO,07/01/2020,09:35:31,7238.55,7223.75,200,7234.45,300,0,1500
MARUTI-III.NFO,07/01/2020,09:35:33,7238.55,7223.95,200,7234.45,300,0,1500
MARUTI-III.NFO,07/01/2020,09:35:33,7238.55,7224.05,100,7234.45,300,0,1500
MARUTI-III.NFO,07/01/2020,09:35:34,7238.55,7224.25,100,7234.45,300,0,1500
MARUTI-III.NFO,07/01/2020,09:35:35,7238.55,7224.35,100,7234.45,300,0,1500
MARUTI-III.NFO,07/01/2020,09:35:36,7238.55,7224.65,100,7234.45,300,0,1500
MARUTI-III.NFO,07/01/2020,09:35:37,7238.55,7224.75,100,7233.45,100,0,1500
MARUTI-III.NFO,07/01/2020,09:35:38,7238.55,7225.05,100,7233.45,100,0,1500
MARUTI-III.NFO,07/01/2020,09:35:39,7238.55,7201.3,500,7233.5,100,0,1500
MARUTI-III.NFO,07/01/2020,09:35:41,7238.55,7202.2,500,7233.45,100,0,1500
MARUTI-III.NFO,07/01/2020,09:35:42,7238.55,7202.5,400,7233.45,200,0,1500
MARUTI-III.NFO,07/01/2020,09:35:43,7238.55,7202.8,600,7233.45,300,0,1500
MARUTI-III.NFO,07/01/2020,09:35:43,7238.55,7204.1,300,7233.45,300,0,1500
MARUTI-III.NFO,07/01/2020,09:35:44,7238.55,7216.95,100,7232.9,200,0,1500
MARUTI-III.NFO,07/01/2020,09:35:45,7238.55,7219.4,200,7232.35,200,0,1500
MARUTI-III.NFO,07/01/2020,09:35:46,7238.55,7219.6,200,7232.25,200,0,1500
MARUTI-III.NFO,07/01/2020,09:35:47,7238.55,7220.1,200,7232.25,100,0,1500
MARUTI-III.NFO,07/01/2020,09:35:49,7238.55,7220.3,200,7232.2,100,0,1500
MARUTI-III.NFO,07/01/2020,09:35:50,7238.55,7220.8,300,7232.25,100,0,1500
MARUTI-III.NFO,07/01/2020,09:35:51,7238.55,7221.2,200,7232.25,100,0,1500
MARUTI-III.NFO,07/01/2020,09:35:51,7238.55,7221.3,300,7232.25,100,0,1500
MARUTI-III.NFO,07/01/2020,09:35:52,7238.55,7221.4,200,7232.25,100,0,1500
MARUTI-III.NFO,07/01/2020,09:35:53,7238.55,7223.75,200,7232.25,100,0,1500
MARUTI-III.NFO,07/01/2020,09:35:55,7238.55,7224.05,100,7232.25,100,0,1500
MARUTI-III.NFO,07/01/2020,09:35:55,7238.55,7224.25,100,7232.25,100,0,1500
MARUTI-III.NFO,07/01/2020,09:35:56,7238.55,7224.55,100,7239,300,0,1500
MARUTI-III.NFO,07/01/2020,09:35:57,7238.55,7224.65,100,7238.9,200,0,1500
MARUTI-III.NFO,07/01/2020,09:35:59,7238.55,7224.8,100,7235.6,300,0,1500
MARUTI-III.NFO,07/01/2020,09:36:00,7238.55,7224.85,100,7235.6,300,0,1500
MARUTI-III.NFO,07/01/2020,09:36:01,7238.55,7222.1,100,7235.5,300,0,1500
MARUTI-III.NFO,07/01/2020,09:36:02,7238.55,7223.5,100,7235.2,200,0,1500
MARUTI-III.NFO,07/01/2020,09:36:03,7238.55,7223.75,100,7235.1,300,0,1500
MARUTI-III.NFO,07/01/2020,09:36:04,7238.55,7223.9,100,7234.1,100,0,1500
MARUTI-III.NFO,07/01/2020,09:36:05,7238.55,7224.1,100,7232.95,200,0,1500
MARUTI-III.NFO,07/01/2020,09:36:06,7238.55,7224.4,100,7232.95,200,0,1500
MARUTI-III.NFO,07/01/2020,09:36:07,7238.55,7224.55,100,7232.95,200,0,1500
MARUTI-III.NFO,07/01/2020,09:36:08,7238.55,7224.7,100,7232.95,200,0,1500
MARUTI-III.NFO,07/01/2020,09:36:09,7238.55,7224.75,100,7232.95,200,0,1500
MARUTI-III.NFO,07/01/2020,09:36:10,7238.55,7225,100,7232.95,100,0,1500
MARUTI-III.NFO,07/01/2020,09:36:11,7238.55,7225.1,100,7245,300,0,1500
MARUTI-III.NFO,07/01/2020,09:36:12,7238.55,7225.4,100,7243.5,300,0,1500
MARUTI-III.NFO,07/01/2020,09:36:13,7238.55,7225.45,100,7243.4,400,0,1500
MARUTI-III.NFO,07/01/2020,09:36:14,7238.55,7222,100,7243.3,400,0,1500
MARUTI-III.NFO,07/01/2020,09:36:15,7238.55,7224.5,100,7242.4,400,0,1500
MARUTI-III.NFO,07/01/2020,09:36:16,7238.55,7224.6,100,7242.4,400,0,1500
MARUTI-III.NFO,07/01/2020,09:36:17,7238.55,7224.95,100,7242,200,0,1500
MARUTI-III.NFO,07/01/2020,09:36:19,7238.55,7225.25,100,7241.9,400,0,1500
MARUTI-III.NFO,07/01/2020,09:36:20,7238.55,7225.45,100,7241.8,400,0,1500
MARUTI-III.NFO,07/01/2020,09:36:21,7238.55,7225.75,100,7239,200,0,1500
MARUTI-III.NFO,07/01/2020,09:36:22,7238.55,7225.95,100,7238.8,300,0,1500
MARUTI-III.NFO,07/01/2020,09:36:23,7238.55,7226.05,100,7237.5,100,0,1500
MARUTI-III.NFO,07/01/2020,09:36:25,7238.55,7226.2,100,7236.8,300,0,1500
MARUTI-III.NFO,07/01/2020,09:36:26,7238.55,7225.55,100,7234.9,100,0,1500
MARUTI-III.NFO,07/01/2020,09:36:26,7238.55,7225.65,100,7234.9,100,0,1500
MARUTI-III.NFO,07/01/2020,09:36:27,7238.55,7225.85,100,7234.9,100,0,1500
MARUTI-III.NFO,07/01/2020,09:36:28,7238.55,7226.05,100,7234.9,100,0,1500
MARUTI-III.NFO,07/01/2020,09:36:29,7238.55,7226.1,100,7234.9,100,0,1500
MARUTI-III.NFO,07/01/2020,09:36:30,7238.55,7221.6,300,7234.9,100,0,1500
MARUTI-III.NFO,07/01/2020,09:36:31,7238.55,7222.75,100,7235,100,0,1500
MARUTI-III.NFO,07/01/2020,09:36:32,7238.55,7225.35,100,7235,100,0,1500
MARUTI-III.NFO,07/01/2020,09:36:33,7238.55,7225.55,100,7235,100,0,1500
MARUTI-III.NFO,07/01/2020,09:36:34,7238.55,7226.05,100,7234.95,100,0,1500
MARUTI-III.NFO,07/01/2020,09:36:35,7238.55,7226.25,200,7234.95,100,0,1500
MARUTI-III.NFO,07/01/2020,09:36:36,7238.55,7226.45,200,7234.95,100,0,1500
MARUTI-III.NFO,07/01/2020,09:36:37,7238.55,7225.65,200,7234.95,100,0,1500
MARUTI-III.NFO,07/01/2020,09:36:38,7238.55,7226,100,7234.95,100,0,1500
MARUTI-III.NFO,07/01/2020,09:36:39,7238.55,7226.2,100,7234.95,200,0,1500
MARUTI-III.NFO,07/01/2020,09:36:40,7238.55,7226.5,100,7234.95,200,0,1500
MARUTI-III.NFO,07/01/2020,09:36:41,7238.55,7226.7,100,7234.95,200,0,1500
MARUTI-III.NFO,07/01/2020,09:36:43,7238.55,7225,100,7234.95,200,0,1500
MARUTI-III.NFO,07/01/2020,09:36:43,7238.55,7225.2,100,7234.95,200,0,1500
MARUTI-III.NFO,07/01/2020,09:36:44,7238.55,7225.35,100,7234.95,200,0,1500
MARUTI-III.NFO,07/01/2020,09:36:45,7238.55,7225.5,100,7234.95,200,0,1500
MARUTI-III.NFO,07/01/2020,09:36:46,7238.55,7225.7,100,7234.95,200,0,1500
MARUTI-III.NFO,07/01/2020,09:36:47,7238.55,7225.9,100,7234.95,200,0,1500
MARUTI-III.NFO,07/01/2020,09:36:48,7238.55,7226.2,100,7234.95,200,0,1500
MARUTI-III.NFO,07/01/2020,09:36:49,7238.55,7226.3,100,7234.95,300,0,1500
MARUTI-III.NFO,07/01/2020,09:36:51,7238.55,7225.35,100,7234.95,200,0,1500
MARUTI-III.NFO,07/01/2020,09:36:52,7238.55,7225.6,100,7234.95,200,0,1500
MARUTI-III.NFO,07/01/2020,09:36:53,7238.55,7225.75,100,7234.95,200,0,1500
MARUTI-III.NFO,07/01/2020,09:36:54,7238.55,7225.95,100,7234.95,200,0,1500
MARUTI-III.NFO,07/01/2020,09:36:55,7238.55,7225.95,200,7234.95,200,0,1500
MARUTI-III.NFO,07/01/2020,09:36:55,7238.55,7226.05,100,7234.95,200,0,1500
MARUTI-III.NFO,07/01/2020,09:36:56,7238.55,7226.1,100,7234.95,300,0,1500
MARUTI-III.NFO,07/01/2020,09:36:57,7238.55,7226.15,100,7234.95,300,0,1500
MARUTI-III.NFO,07/01/2020,09:36:58,7238.55,7226.15,200,7234.95,300,0,1500
MARUTI-III.NFO,07/01/2020,09:36:59,7238.55,7193.4,300,7234.95,300,0,1500
MARUTI-III.NFO,07/01/2020,09:37:01,7238.55,7193.6,400,7234.95,300,0,1500
MARUTI-III.NFO,07/01/2020,09:37:02,7238.55,7195.1,500,7234.85,200,0,1500
MARUTI-III.NFO,07/01/2020,09:37:03,7238.55,7208.6,200,7234.55,100,0,1500
MARUTI-III.NFO,07/01/2020,09:37:04,7238.55,7209.4,300,7234.45,300,0,1500
MARUTI-III.NFO,07/01/2020,09:37:05,7238.55,7215.9,200,7234.35,200,0,1500
MARUTI-III.NFO,07/01/2020,09:37:06,7238.55,7221.6,300,7232.3,100,0,1500
MARUTI-III.NFO,07/01/2020,09:37:07,7238.55,7222.9,200,7232.3,100,0,1500
MARUTI-III.NFO,07/01/2020,09:37:08,7238.55,7223.1,200,7232.35,100,0,1500
MARUTI-III.NFO,07/01/2020,09:37:09,7238.55,7223.3,200,7232.35,100,0,1500
MARUTI-III.NFO,07/01/2020,09:37:10,7238.55,7223.5,200,7232.35,100,0,1500
MARUTI-III.NFO,07/01/2020,09:37:11,7238.55,7223.8,200,7232.35,100,0,1500
MARUTI-III.NFO,07/01/2020,09:37:12,7238.55,7224.1,200,7232.35,100,0,1500
MARUTI-III.NFO,07/01/2020,09:37:13,7238.55,7224.2,200,7232.35,100,0,1500
MARUTI-III.NFO,07/01/2020,09:37:14,7238.55,7224.5,100,7232.35,100,0,1500
MARUTI-III.NFO,07/01/2020,09:37:15,7238.55,7224.7,100,7232.35,100,0,1500
MARUTI-III.NFO,07/01/2020,09:37:16,7238.55,7224.9,100,7232.3,100,0,1500
MARUTI-III.NFO,07/01/2020,09:37:16,7238.55,7225.1,100,7232.3,100,0,1500
MARUTI-III.NFO,07/01/2020,09:37:17,7238.55,7225.3,100,7232.3,100,0,1500
MARUTI-III.NFO,07/01/2020,09:37:18,7238.55,7225.5,100,7232.3,100,0,1500
MARUTI-III.NFO,07/01/2020,09:37:19,7238.55,7225.6,100,7232.35,100,0,1500
MARUTI-III.NFO,07/01/2020,09:37:20,7238.55,7225.8,100,7232.35,100,0,1500
MARUTI-III.NFO,07/01/2020,09:37:21,7238.55,7226,100,7232.35,100,0,1500
MARUTI-III.NFO,07/01/2020,09:37:22,7238.55,7226.2,100,7232.35,100,0,1500
MARUTI-III.NFO,07/01/2020,09:37:23,7238.55,7223.9,300,7232.3,100,0,1500
MARUTI-III.NFO,07/01/2020,09:37:25,7238.55,7223.9,200,7231.8,200,0,1500
MARUTI-III.NFO,07/01/2020,09:37:26,7238.55,7214.05,200,7231.85,100,0,1500
MARUTI-III.NFO,07/01/2020,09:37:27,7238.55,7219.75,200,7231.85,100,0,1500
MARUTI-III.NFO,07/01/2020,09:37:28,7238.55,7221.85,100,7231.8,100,0,1500
MARUTI-III.NFO,07/01/2020,09:37:29,7238.55,7222.05,100,7231.8,100,0,1500
MARUTI-III.NFO,07/01/2020,09:37:30,7238.55,7222.25,100,7231.85,100,0,1500
MARUTI-III.NFO,07/01/2020,09:37:31,7238.55,7222.55,100,7231.85,100,0,1500
MARUTI-III.NFO,07/01/2020,09:37:31,7238.55,7222.65,100,7231.85,100,0,1500
MARUTI-III.NFO,07/01/2020,09:37:32,7238.55,7222.85,100,7231.85,200,0,1500
MARUTI-III.NFO,07/01/2020,09:37:33,7238.55,7223.05,100,7231.5,200,0,1500
MARUTI-III.NFO,07/01/2020,09:37:34,7238.55,7223.15,100,7231.5,200,0,1500
MARUTI-III.NFO,07/01/2020,09:37:35,7238.55,7223.25,100,7231.5,200,0,1500
MARUTI-III.NFO,07/01/2020,09:37:36,7238.55,7223.35,100,7231.5,200,0,1500
MARUTI-III.NFO,07/01/2020,09:37:38,7238.55,7223.45,100,7231.45,100,0,1500
MARUTI-III.NFO,07/01/2020,09:37:38,7238.55,7223.5,100,7231.45,100,0,1500
MARUTI-III.NFO,07/01/2020,09:37:40,7238.55,7223.65,100,7231.45,100,0,1500
MARUTI-III.NFO,07/01/2020,09:37:41,7238.55,7223.75,100,7231.45,100,0,1500
MARUTI-III.NFO,07/01/2020,09:37:42,7238.55,7223.8,100,7231.5,100,0,1500
MARUTI-III.NFO,07/01/2020,09:37:43,7238.55,7223.9,100,7231.5,100,0,1500
MARUTI-III.NFO,07/01/2020,09:37:43,7238.55,7223.95,100,7231.5,100,0,1500
MARUTI-III.NFO,07/01/2020,09:37:45,7238.55,7220.35,200,7231.5,100,0,1500
MARUTI-III.NFO,07/01/2020,09:37:45,7238.55,7220.45,200,7231.5,100,0,1500
MARUTI-III.NFO,07/01/2020,09:37:46,7238.55,7220.65,200,7231.5,100,0,1500
MARUTI-III.NFO,07/01/2020,09:37:48,7238.55,7221.05,300,7231.5,100,0,1500
MARUTI-III.NFO,07/01/2020,09:37:49,7238.55,7221.25,200,7231.5,100,0,1500
MARUTI-III.NFO,07/01/2020,09:37:49,7238.55,7221.35,200,7231.5,100,0,1500
MARUTI-III.NFO,07/01/2020,09:37:50,7238.55,7221.45,200,7231.5,100,0,1500
MARUTI-III.NFO,07/01/2020,09:37:51,7238.55,7221.65,200,7231.5,100,0,1500
MARUTI-III.NFO,07/01/2020,09:37:52,7238.55,7222.05,200,7231.5,100,0,1500
MARUTI-III.NFO,07/01/2020,09:37:53,7238.55,7222.2,100,7231.5,200,0,1500
MARUTI-III.NFO,07/01/2020,09:37:54,7238.55,7222.45,100,7231.5,300,0,1500
MARUTI-III.NFO,07/01/2020,09:37:55,7238.55,7222.65,100,7231.5,300,0,1500
MARUTI-III.NFO,07/01/2020,09:37:56,7238.55,7222.85,100,7231.2,100,0,1500
MARUTI-III.NFO,07/01/2020,09:37:57,7238.55,7223.05,100,7231.2,100,0,1500
MARUTI-III.NFO,07/01/2020,09:37:59,7238.55,7223.2,100,7231.25,100,0,1500
MARUTI-III.NFO,07/01/2020,09:37:59,7238.55,7223.3,100,7231.2,100,0,1500
MARUTI-III.NFO,07/01/2020,09:38:00,7238.55,7223.35,100,7231.25,100,0,1500
MARUTI-III.NFO,07/01/2020,09:38:01,7238.55,7223.45,100,7231.2,100,0,1500
MARUTI-III.NFO,07/01/2020,09:38:03,7238.55,7223.5,100,7231.2,100,0,1500
MARUTI-III.NFO,07/01/2020,09:38:04,7238.55,7223.55,100,7231.2,100,0,1500
MARUTI-III.NFO,07/01/2020,09:38:05,7238.55,7223.6,200,7231.2,100,0,1500
MARUTI-III.NFO,07/01/2020,09:38:07,7238.55,7223.6,200,7231.25,200,0,1500
MARUTI-III.NFO,07/01/2020,09:38:08,7238.55,7223.6,200,7231.25,100,0,1500
MARUTI-III.NFO,07/01/2020,09:38:09,7238.55,7223.6,200,7231.25,200,0,1500
MARUTI-III.NFO,07/01/2020,09:38:11,7238.55,7223.6,200,7230.95,100,0,1500
MARUTI-III.NFO,07/01/2020,09:38:12,7238.55,7223.6,200,7240.4,400,0,1500
MARUTI-III.NFO,07/01/2020,09:38:13,7238.55,7223.6,200,7240.3,300,0,1500
MARUTI-III.NFO,07/01/2020,09:38:14,7238.55,7223.6,200,7240.1,200,0,1500
MARUTI-III.NFO,07/01/2020,09:38:15,7238.55,7223.6,200,7240,400,0,1500
MARUTI-III.NFO,07/01/2020,09:38:15,7238.55,7223.6,200,7239.9,300,0,1500
MARUTI-III.NFO,07/01/2020,09:38:16,7238.55,7223.65,100,7239.4,400,0,1500
MARUTI-III.NFO,07/01/2020,09:38:17,7238.55,7223.75,100,7233.7,200,0,1500
MARUTI-III.NFO,07/01/2020,09:38:19,7238.55,7224.05,100,7232.55,100,0,1500
MARUTI-III.NFO,07/01/2020,09:38:20,7238.55,7224.2,100,7232.55,100,0,1500
MARUTI-III.NFO,07/01/2020,09:38:20,7238.55,7224.3,100,7232.55,100,0,1500
MARUTI-III.NFO,07/01/2020,09:38:22,7238.55,7224.5,100,7232.6,100,0,1500
MARUTI-III.NFO,07/01/2020,09:38:23,7238.55,7224.55,100,7232.6,100,0,1500
MARUTI-III.NFO,07/01/2020,09:38:24,7238.55,7224.7,100,7232.6,100,0,1500
MARUTI-III.NFO,07/01/2020,09:38:25,7238.55,7224.8,100,7232.6,100,0,1500
MARUTI-III.NFO,07/01/2020,09:38:26,7238.55,7195.5,600,7232.6,100,0,1500
MARUTI-III.NFO,07/01/2020,09:38:27,7238.55,7208.2,100,7232.6,100,0,1500
MARUTI-III.NFO,07/01/2020,09:38:28,7238.55,7208.9,400,7232.6,100,0,1500
MARUTI-III.NFO,07/01/2020,09:38:29,7238.55,7210.55,400,7232.6,200,0,1500
MARUTI-III.NFO,07/01/2020,09:38:30,7238.55,7222.1,100,7232.6,100,0,1500
MARUTI-III.NFO,07/01/2020,09:38:31,7238.55,7222.3,200,7232.6,200,0,1500
MARUTI-III.NFO,07/01/2020,09:38:32,7238.55,7222.5,200,7232.6,100,0,1500
MARUTI-III.NFO,07/01/2020,09:38:33,7238.55,7222.7,200,7232.6,100,0,1500
MARUTI-III.NFO,07/01/2020,09:38:33,7238.55,7222.9,200,7232.6,100,0,1500
MARUTI-III.NFO,07/01/2020,09:38:34,7238.55,7223.1,200,7232.6,100,0,1500
MARUTI-III.NFO,07/01/2020,09:38:35,7238.55,7223.3,100,7232.6,100,0,1500
MARUTI-III.NFO,07/01/2020,09:38:37,7238.55,7223.6,100,7232.6,100,0,1500
MARUTI-III.NFO,07/01/2020,09:38:38,7238.55,7223.8,100,7232.6,100,0,1500
MARUTI-III.NFO,07/01/2020,09:38:38,7238.55,7224,100,7232.6,100,0,1500
MARUTI-III.NFO,07/01/2020,09:38:40,7238.55,7224.2,100,7232.6,100,0,1500
MARUTI-III.NFO,07/01/2020,09:38:41,7238.55,7224.3,100,7232.6,100,0,1500
MARUTI-III.NFO,07/01/2020,09:38:41,7238.55,7224.4,100,7232.6,100,0,1500
MARUTI-III.NFO,07/01/2020,09:38:42,7238.55,7224.55,100,7232.6,100,0,1500
MARUTI-III.NFO,07/01/2020,09:38:43,7238.55,7224.65,100,7232.6,100,0,1500
MARUTI-III.NFO,07/01/2020,09:38:44,7238.55,7224.7,200,7232.6,100,0,1500
MARUTI-III.NFO,07/01/2020,09:38:45,7238.55,7224.95,100,7232.6,100,0,1500
MARUTI-III.NFO,07/01/2020,09:38:46,7238.55,7225,100,7232.6,200,0,1500
MARUTI-III.NFO,07/01/2020,09:38:48,7238.55,7225.15,100,7232.6,100,0,1500
MARUTI-III.NFO,07/01/2020,09:38:49,7238.55,7225.4,100,7232.6,100,0,1500
MARUTI-III.NFO,07/01/2020,09:38:51,7238.55,7225.5,100,7232.6,100,0,1500
MARUTI-III.NFO,07/01/2020,09:38:51,7238.55,7195.75,900,7232.6,100,0,1500
MARUTI-III.NFO,07/01/2020,09:38:52,7238.55,7197.55,300,7232.6,100,0,1500
MARUTI-III.NFO,07/01/2020,09:38:54,7238.55,7200.75,600,7232.6,100,0,1500
MARUTI-III.NFO,07/01/2020,09:38:55,7238.55,7203.75,500,7232.6,100,0,1500
MARUTI-III.NFO,07/01/2020,09:38:55,7238.55,7203.75,500,7232.6,200,0,1500
MARUTI-III.NFO,07/01/2020,09:38:56,7238.55,7204.05,400,7232.6,100,0,1500
MARUTI-III.NFO,07/01/2020,09:38:57,7238.55,7204.25,500,7232.6,100,0,1500
MARUTI-III.NFO,07/01/2020,09:38:58,7238.55,7210.25,400,7232.6,100,0,1500
MARUTI-III.NFO,07/01/2020,09:38:59,7238.55,7210.55,400,7232.6,100,0,1500
MARUTI-III.NFO,07/01/2020,09:39:00,7238.55,7211.45,300,7232.6,100,0,1500
MARUTI-III.NFO,07/01/2020,09:39:02,7238.55,7215.45,300,7232.6,100,0,1500
MARUTI-III.NFO,07/01/2020,09:39:03,7238.55,7215.65,500,7232.6,100,0,1500
MARUTI-III.NFO,07/01/2020,09:39:04,7238.55,7216.05,300,7232.6,100,0,1500
MARUTI-III.NFO,07/01/2020,09:39:05,7238.55,7216.25,400,7232.6,100,0,1500
MARUTI-III.NFO,07/01/2020,09:39:06,7238.55,7216.65,400,7232.6,100,0,1500
MARUTI-III.NFO,07/01/2020,09:39:06,7238.55,7216.75,200,7232.6,100,0,1500
MARUTI-III.NFO,07/01/2020,09:39:07,7238.55,7223.2,100,7232.6,100,0,1500
MARUTI-III.NFO,07/01/2020,09:39:08,7238.55,7223.3,200,7232.6,100,0,1500
MARUTI-III.NFO,07/01/2020,09:39:09,7238.55,7223.5,100,7232.6,100,0,1500
MARUTI-III.NFO,07/01/2020,09:39:10,7238.55,7223.8,100,7232.6,100,0,1500
MARUTI-III.NFO,07/01/2020,09:39:12,7238.55,7224.05,100,7232.6,100,0,1500
MARUTI-III.NFO,07/01/2020,09:39:12,7238.55,7224.3,100,7232.6,100,0,1500
MARUTI-III.NFO,07/01/2020,09:39:15,7238.55,7224.65,100,7232.6,100,0,1500
MARUTI-III.NFO,07/01/2020,09:39:16,7238.55,7224.7,100,7232.6,100,0,1500
MARUTI-III.NFO,07/01/2020,09:39:17,7238.55,7224.85,100,7232.6,100,0,1500
MARUTI-III.NFO,07/01/2020,09:39:18,7238.55,7225.05,100,7232.6,100,0,1500
MARUTI-III.NFO,07/01/2020,09:39:19,7238.55,7225.05,200,7232.6,100,0,1500
MARUTI-III.NFO,07/01/2020,09:39:20,7238.55,7225.85,100,7236.55,200,0,1500
MARUTI-III.NFO,07/01/2020,09:39:21,7238.55,7204.35,400,7236.45,200,0,1500
MARUTI-III.NFO,07/01/2020,09:39:22,7238.55,7205.55,400,7236.45,200,0,1500
MARUTI-III.NFO,07/01/2020,09:39:22,7238.55,7205.75,500,7235.75,200,0,1500
MARUTI-III.NFO,07/01/2020,09:39:24,7238.55,7206.25,600,7235.75,200,0,1500
MARUTI-III.NFO,07/01/2020,09:39:25,7238.55,7210.15,300,7235.75,100,0,1500
MARUTI-III.NFO,07/01/2020,09:39:26,7238.55,7210.35,500,7235.75,100,0,1500
MARUTI-III.NFO,07/01/2020,09:39:27,7238.55,7212.65,300,7235.75,100,0,1500
MARUTI-III.NFO,07/01/2020,09:39:28,7238.55,7212.95,300,7235.75,200,0,1500
MARUTI-III.NFO,07/01/2020,09:39:29,7238.55,7221.85,100,7235.75,200,0,1500
MARUTI-III.NFO,07/01/2020,09:39:29,7238.55,7222.3,300,7235.75,200,0,1500
MARUTI-III.NFO,07/01/2020,09:39:30,7238.55,7225.2,100,7235.75,200,0,1500
MARUTI-III.NFO,07/01/2020,09:39:31,7238.55,7225.35,100,7235.65,200,0,1500
MARUTI-III.NFO,07/01/2020,09:39:34,7238.55,7222.3,400,7235.35,200,0,1500
MARUTI-III.NFO,07/01/2020,09:39:34,7238.55,7222.6,300,7234.15,100,0,1500
MARUTI-III.NFO,07/01/2020,09:39:35,7238.55,7222.6,300,7233.95,300,0,1500
MARUTI-III.NFO,07/01/2020,09:39:37,7238.55,7223.1,200,7233.95,300,0,1500
MARUTI-III.NFO,07/01/2020,09:39:38,7238.55,7223.3,200,7233.95,300,0,1500
MARUTI-III.NFO,07/01/2020,09:39:38,7238.55,7223.5,200,7233.95,300,0,1500
MARUTI-III.NFO,07/01/2020,09:39:40,7238.55,7223.7,200,7233.95,100,0,1500
MARUTI-III.NFO,07/01/2020,09:39:41,7238.55,7223.9,100,7233.95,200,0,1500
MARUTI-III.NFO,07/01/2020,09:39:42,7238.55,7224.1,100,7233.95,200,0,1500
MARUTI-III.NFO,07/01/2020,09:39:43,7238.55,7224.3,100,7233.95,200,0,1500
MARUTI-III.NFO,07/01/2020,09:39:44,7238.55,7224.4,100,7233.95,200,0,1500
MARUTI-III.NFO,07/01/2020,09:39:45,7238.55,7224.8,100,7233.95,100,0,1500
MARUTI-III.NFO,07/01/2020,09:39:46,7238.55,7224.9,100,7233.95,200,0,1500
MARUTI-III.NFO,07/01/2020,09:39:47,7238.55,7225.15,200,7233.95,200,0,1500
MARUTI-III.NFO,07/01/2020,09:39:48,7238.55,7225.35,100,7233.95,200,0,1500
MARUTI-III.NFO,07/01/2020,09:39:48,7238.55,7225.55,100,7233.95,200,0,1500
MARUTI-III.NFO,07/01/2020,09:39:49,7238.55,7225.75,100,7233.95,200,0,1500
MARUTI-III.NFO,07/01/2020,09:39:51,7238.55,7225.95,100,7233.95,200,0,1500
MARUTI-III.NFO,07/01/2020,09:39:52,7238.55,7226.15,100,7233.95,200,0,1500
MARUTI-III.NFO,07/01/2020,09:39:53,7238.55,7226.35,100,7233.95,200,0,1500
MARUTI-III.NFO,07/01/2020,09:39:54,7238.55,7226.55,100,7233.95,200,0,1500
MARUTI-III.NFO,07/01/2020,09:39:54,7238.55,7226.6,100,7233.95,200,0,1500
MARUTI-III.NFO,07/01/2020,09:39:55,7238.55,7226.75,100,7233.95,200,0,1500
MARUTI-III.NFO,07/01/2020,09:39:56,7238.55,7226.8,100,7233.95,200,0,1500
MARUTI-III.NFO,07/01/2020,09:39:57,7238.55,7226.9,100,7233.95,200,0,1500
MARUTI-III.NFO,07/01/2020,09:39:58,7238.55,7227,100,7233.95,200,0,1500
MARUTI-III.NFO,07/01/2020,09:40:00,7238.55,7227.05,100,7233.95,200,0,1500
MARUTI-III.NFO,07/01/2020,09:40:01,7238.55,7227.1,300,7244.6,300,0,1500
MARUTI-III.NFO,07/01/2020,09:40:03,7238.55,7227.6,200,7244.1,300,0,1500
MARUTI-III.NFO,07/01/2020,09:40:05,7238.55,7227.8,200,7239.15,100,0,1500
MARUTI-III.NFO,07/01/2020,09:40:06,7238.55,7228,300,7239.15,100,0,1500
MARUTI-III.NFO,07/01/2020,09:40:07,7238.55,7228.3,100,7239.15,200,0,1500
MARUTI-III.NFO,07/01/2020,09:40:08,7238.55,7228.8,100,7239.25,100,0,1500
MARUTI-III.NFO,07/01/2020,09:40:09,7238.55,7229.2,100,7239.25,100,0,1500
MARUTI-III.NFO,07/01/2020,09:40:10,7238.55,7229.4,100,7239.25,100,0,1500
MARUTI-III.NFO,07/01/2020,09:40:11,7238.55,7229.55,100,7239.25,200,0,1500
MARUTI-III.NFO,07/01/2020,09:40:12,7238.55,7229.6,100,7239.25,200,0,1500
MARUTI-III.NFO,07/01/2020,09:40:13,7238.55,7229.7,100,7239.25,200,0,1500
MARUTI-III.NFO,07/01/2020,09:40:14,7238.55,7229.75,100,7239.25,200,0,1500
MARUTI-III.NFO,07/01/2020,09:40:15,7238.55,7188,300,7239.15,200,0,1500
MARUTI-III.NFO,07/01/2020,09:40:16,7238.55,7188.3,400,7239.05,300,0,1500
MARUTI-III.NFO,07/01/2020,09:40:16,7238.55,7188.4,400,7238.95,200,0,1500
MARUTI-III.NFO,07/01/2020,09:40:17,7238.55,7190.3,300,7238.75,200,0,1500
MARUTI-III.NFO,07/01/2020,09:40:18,7238.55,7212,400,7238.55,300,0,1500
MARUTI-III.NFO,07/01/2020,09:40:20,7238.55,7219.25,300,7236.8,200,0,1500
MARUTI-III.NFO,07/01/2020,09:40:21,7238.55,7219.45,300,7234.95,200,0,1500
MARUTI-III.NFO,07/01/2020,09:40:22,7238.55,7221.9,400,7234.95,200,0,1500
MARUTI-III.NFO,07/01/2020,09:40:22,7238.55,7222,200,7234.95,200,0,1500
MARUTI-III.NFO,07/01/2020,09:40:24,7238.55,7223.15,200,7234.95,200,0,1500
MARUTI-III.NFO,07/01/2020,09:40:25,7238.55,7223.45,200,7234.95,200,0,1500
MARUTI-III.NFO,07/01/2020,09:40:26,7238.55,7223.65,200,7234.95,200,0,1500
MARUTI-III.NFO,07/01/2020,09:40:27,7238.55,7223.85,200,7234.95,200,0,1500
MARUTI-III.NFO,07/01/2020,09:40:28,7238.55,7224.15,100,7234.95,200,0,1500
MARUTI-III.NFO,07/01/2020,09:40:29,7238.55,7224.25,100,7233.3,200,0,1500
MARUTI-III.NFO,07/01/2020,09:40:30,7238.55,7224.45,100,7233.3,200,0,1500
MARUTI-III.NFO,07/01/2020,09:40:31,7238.55,7224.65,100,7233.3,200,0,1500
MARUTI-III.NFO,07/01/2020,09:40:32,7238.55,7224.95,100,7233.3,200,0,1500
MARUTI-III.NFO,07/01/2020,09:40:33,7238.55,7225.05,100,7233.3,300,0,1500
MARUTI-III.NFO,07/01/2020,09:40:34,7238.55,7188.7,900,7232.9,200,0,1500
MARUTI-III.NFO,07/01/2020,09:40:35,7238.55,7188.8,300,7232.8,300,0,1500
MARUTI-III.NFO,07/01/2020,09:40:35,7238.55,7189.5,300,7232.8,300,0,1500
MARUTI-III.NFO,07/01/2020,09:40:36,7238.55,7189.8,400,7232.8,300,0,1500
MARUTI-III.NFO,07/01/2020,09:40:37,7238.55,7190.6,400,7232.8,300,0,1500
MARUTI-III.NFO,07/01/2020,09:40:38,7238.55,7190.8,400,7232.8,300,0,1500
MARUTI-III.NFO,07/01/2020,09:40:39,7238.55,7198,200,7232.8,300,0,1500
MARUTI-III.NFO,07/01/2020,09:40:40,7238.55,7199.2,400,7232.8,300,0,1500
MARUTI-III.NFO,07/01/2020,09:40:41,7238.55,7199.4,500,7232.8,300,0,1500
MARUTI-III.NFO,07/01/2020,09:40:43,7238.55,7214.9,300,7232.8,300,0,1500
MARUTI-III.NFO,07/01/2020,09:40:44,7238.55,7215.9,300,7232.8,300,0,1500
MARUTI-III.NFO,07/01/2020,09:40:45,7238.55,7216.2,300,7232.8,200,0,1500
MARUTI-III.NFO,07/01/2020,09:40:45,7238.55,7217.9,200,7232.8,200,0,1500
MARUTI-III.NFO,07/01/2020,09:40:47,7238.55,7218.9,300,7232.8,200,0,1500
MARUTI-III.NFO,07/01/2020,09:40:48,7238.55,7219.1,400,7232.8,200,0,1500
MARUTI-III.NFO,07/01/2020,09:40:49,7238.55,7220,400,7232.8,200,0,1500
MARUTI-III.NFO,07/01/2020,09:40:49,7238.55,7220.9,100,7232.8,200,0,1500
MARUTI-III.NFO,07/01/2020,09:40:50,7238.55,7223.4,100,7232.75,100,0,1500
MARUTI-III.NFO,07/01/2020,09:40:51,7238.55,7223.6,100,7232.75,100,0,1500
MARUTI-III.NFO,07/01/2020,09:40:52,7238.55,7223.9,100,7232.75,100,0,1500
MARUTI-III.NFO,07/01/2020,09:40:53,7238.55,7224.1,100,7232.75,100,0,1500
MARUTI-III.NFO,07/01/2020,09:40:54,7238.55,7224.4,100,7232.75,100,0,1500
MARUTI-III.NFO,07/01/2020,09:40:55,7238.55,7224.6,100,7232.75,100,0,1500
MARUTI-III.NFO,07/01/2020,09:40:56,7238.55,7224.65,100,7231.95,200,0,1500
MARUTI-III.NFO,07/01/2020,09:40:57,7238.55,7224.75,100,7231.95,200,0,1500
MARUTI-III.NFO,07/01/2020,09:40:59,7238.55,7224.9,100,7231.95,200,0,1500
MARUTI-III.NFO,07/01/2020,09:41:00,7238.55,7224.95,100,7232.05,100,0,1500
MARUTI-III.NFO,07/01/2020,09:41:01,7238.55,7225,100,7232.05,100,0,1500
MARUTI-III.NFO,07/01/2020,09:41:02,7238.55,7225.05,100,7232.05,100,0,1500
MARUTI-III.NFO,07/01/2020,09:41:04,7238.55,7225.05,100,7232.05,200,0,1500
MARUTI-III.NFO,07/01/2020,09:41:05,7238.55,7225.1,100,7232.05,100,0,1500
MARUTI-III.NFO,07/01/2020,09:41:06,7238.55,7225.05,100,7232.05,100,0,1500
MARUTI-III.NFO,07/01/2020,09:41:09,7238.55,7225.7,100,7232.05,100,0,1500
MARUTI-III.NFO,07/01/2020,09:41:10,7238.55,7225.8,100,7232.05,100,0,1500
MARUTI-III.NFO,07/01/2020,09:41:11,7238.55,7226,100,7232.05,100,0,1500
MARUTI-III.NFO,07/01/2020,09:41:12,7238.55,7226.1,100,7244.5,300,0,1500
MARUTI-III.NFO,07/01/2020,09:41:12,7238.55,7226.3,100,7239.25,500,0,1500
MARUTI-III.NFO,07/01/2020,09:41:14,7238.55,7226.5,100,7239.15,300,0,1500
MARUTI-III.NFO,07/01/2020,09:41:15,7238.55,7226.7,100,7237.95,100,0,1500
MARUTI-III.NFO,07/01/2020,09:41:16,7238.55,7226.9,100,7237.35,300,0,1500
MARUTI-III.NFO,07/01/2020,09:41:17,7238.55,7227.05,100,7233.95,100,0,1500
MARUTI-III.NFO,07/01/2020,09:41:18,7238.55,7227.1,100,7233.95,100,0,1500
MARUTI-III.NFO,07/01/2020,09:41:19,7238.55,7227.2,100,7233.95,100,0,1500
MARUTI-III.NFO,07/01/2020,09:41:20,7238.55,7227.25,100,7233.95,100,0,1500
MARUTI-III.NFO,07/01/2020,09:41:21,7238.55,7227.35,100,7233.95,100,0,1500
MARUTI-III.NFO,07/01/2020,09:41:24,7238.55,7227.35,100,7233.9,200,0,1500
MARUTI-III.NFO,07/01/2020,09:41:25,7238.55,7227.35,100,7233.95,100,0,1500
MARUTI-III.NFO,07/01/2020,09:41:27,7238.55,7227.35,100,7233.9,200,0,1500
MARUTI-III.NFO,07/01/2020,09:41:31,7238.55,7227.35,100,7233.95,100,0,1500
MARUTI-III.NFO,07/01/2020,09:41:32,7238.55,7227.35,100,7233.9,200,0,1500
MARUTI-III.NFO,07/01/2020,09:41:35,7238.55,7227.4,100,7233.9,200,0,1500
MARUTI-III.NFO,07/01/2020,09:41:39,7238.55,7227.35,100,7233.9,200,0,1500
MARUTI-III.NFO,07/01/2020,09:41:39,7238.55,7225.2,200,7233.9,200,0,1500
MARUTI-III.NFO,07/01/2020,09:41:43,7238.55,7225.2,300,7233.95,100,0,1500
MARUTI-III.NFO,07/01/2020,09:41:47,7238.55,7225.2,300,7233.9,200,0,1500
MARUTI-III.NFO,07/01/2020,09:42:02,7238.55,7225.2,300,7233.95,100,0,1500
MARUTI-III.NFO,07/01/2020,09:42:05,7238.55,7225.2,300,7234,100,0,1500
MARUTI-III.NFO,07/01/2020,09:42:11,7238.55,7225.2,300,7234,200,0,1500
MARUTI-III.NFO,07/01/2020,09:42:12,7238.55,7225.2,300,7234,100,0,1500
MARUTI-III.NFO,07/01/2020,09:42:16,7238.55,7225.2,300,7233.95,200,0,1500
MARUTI-III.NFO,07/01/2020,09:42:22,7238.55,7225.2,400,7234,100,0,1500
MARUTI-III.NFO,07/01/2020,09:42:29,7238.55,7225.45,200,7234,100,0,1500
MARUTI-III.NFO,07/01/2020,09:42:37,7238.55,7226,200,7244.95,800,0,1500
MARUTI-III.NFO,07/01/2020,09:42:43,7238.55,7226.6,200,7244.95,800,0,1500
MARUTI-III.NFO,07/01/2020,09:42:49,7238.55,7211.2,200,7244.95,800,0,1500
MARUTI-III.NFO,07/01/2020,09:42:56,7238.55,7225,100,7244.95,800,0,1500
MARUTI-III.NFO,07/01/2020,09:43:02,7238.55,7226.65,100,7244.95,800,0,1500
MARUTI-III.NFO,07/01/2020,09:43:07,7238.55,7227.05,100,7244.95,800,0,1500
MARUTI-III.NFO,07/01/2020,09:43:13,7238.55,7227.35,100,7244.95,800,0,1500
MARUTI-III.NFO,07/01/2020,09:43:18,7238.55,7228.05,100,7244.95,800,0,1500
MARUTI-III.NFO,07/01/2020,09:43:23,7238.55,7228.75,100,7244.95,800,0,1500
MARUTI-III.NFO,07/01/2020,09:43:28,7238.55,7229.45,100,7244.95,800,0,1500
MARUTI-III.NFO,07/01/2020,09:43:33,7238.55,7229.6,200,7244.95,800,0,1500
MARUTI-III.NFO,07/01/2020,09:43:38,7238.55,7222.6,200,7244.95,800,0,1500
MARUTI-III.NFO,07/01/2020,09:43:43,7238.55,7226.45,100,7244.95,800,0,1500
MARUTI-III.NFO,07/01/2020,09:43:47,7238.55,7227.05,100,7244.95,800,0,1500
MARUTI-III.NFO,07/01/2020,09:43:52,7238.55,7227.6,100,7244.95,800,0,1500
MARUTI-III.NFO,07/01/2020,09:43:56,7238.55,7227.85,100,7244.95,800,0,1500
MARUTI-III.NFO,07/01/2020,09:44:01,7238.55,7227.95,100,7244.95,800,0,1500
MARUTI-III.NFO,07/01/2020,09:44:07,7238.55,7228.05,100,7244.95,800,0,1500
MARUTI-III.NFO,07/01/2020,09:44:12,7238.55,7225.85,200,7244.95,800,0,1500
MARUTI-III.NFO,07/01/2020,09:44:13,7238.55,7225.95,200,7244.95,800,0,1500
MARUTI-III.NFO,07/01/2020,09:44:13,7238.55,7226.05,200,7244.95,800,0,1500
MARUTI-III.NFO,07/01/2020,09:44:14,7238.55,7226.25,200,7244.95,800,0,1500
MARUTI-III.NFO,07/01/2020,09:44:16,7238.55,7226.55,100,7244.95,800,0,1500
MARUTI-III.NFO,07/01/2020,09:44:17,7238.55,7226.9,200,7244.95,800,0,1500
MARUTI-III.NFO,07/01/2020,09:44:18,7238.55,7227.1,200,7244.95,800,0,1500
MARUTI-III.NFO,07/01/2020,09:44:19,7238.55,7227.95,100,7244.95,800,0,1500
MARUTI-III.NFO,07/01/2020,09:44:20,7238.55,7228.15,100,7244.95,800,0,1500
MARUTI-III.NFO,07/01/2020,09:44:21,7238.55,7228.35,100,7244.95,800,0,1500
MARUTI-III.NFO,07/01/2020,09:44:22,7238.55,7228.55,100,7244.95,800,0,1500
MARUTI-III.NFO,07/01/2020,09:44:23,7238.55,7228.7,100,7244.95,800,0,1500
MARUTI-III.NFO,07/01/2020,09:44:24,7238.55,7228.8,100,7244.95,800,0,1500
MARUTI-III.NFO,07/01/2020,09:44:25,7238.55,7228.95,100,7244.95,800,0,1500
MARUTI-III.NFO,07/01/2020,09:44:26,7238.55,7229,100,7244.95,800,0,1500
MARUTI-III.NFO,07/01/2020,09:44:48,7238.55,7199.7,400,7244.95,800,0,1500
MARUTI-III.NFO,07/01/2020,09:44:49,7238.55,7201.1,500,7244.95,800,0,1500
MARUTI-III.NFO,07/01/2020,09:44:50,7238.55,7205.2,400,7244.95,800,0,1500
MARUTI-III.NFO,07/01/2020,09:44:51,7238.55,7205.9,300,7244.95,800,0,1500
MARUTI-III.NFO,07/01/2020,09:44:53,7238.55,7211.1,400,7244.95,800,0,1500
MARUTI-III.NFO,07/01/2020,09:44:54,7238.55,7212,400,7244.95,800,0,1500
MARUTI-III.NFO,07/01/2020,09:44:55,7238.55,7212.8,300,7244.95,800,0,1500
MARUTI-III.NFO,07/01/2020,09:44:56,7238.55,7213,400,7244.95,800,0,1500
MARUTI-III.NFO,07/01/2020,09:44:57,7238.55,7215.55,300,7244.95,800,0,1500
MARUTI-III.NFO,07/01/2020,09:44:58,7238.55,7225.2,200,7244.95,800,0,1500
MARUTI-III.NFO,07/01/2020,09:44:59,7238.55,7225.3,200,7244.95,800,0,1500
MARUTI-III.NFO,07/01/2020,09:45:00,7238.55,7225.5,200,7244.95,800,0,1500
MARUTI-III.NFO,07/01/2020,09:45:01,7238.55,7225.8,200,7244.95,800,0,1500
MARUTI-III.NFO,07/01/2020,09:45:02,7238.55,7226.1,200,7244.95,800,0,1500
MARUTI-III.NFO,07/01/2020,09:45:03,7238.55,7226.3,200,7244.95,800,0,1500
MARUTI-III.NFO,07/01/2020,09:45:04,7238.55,7226.7,200,7244.95,800,0,1500
MARUTI-III.NFO,07/01/2020,09:45:05,7238.55,7227.85,100,7244.95,800,0,1500
