Ticker,Date,Time,LTP,BuyPrice,BuyQty,SellPrice,SellQty,LTQ,OpenInterest
MOTHERSUMI-III.NFO,07/01/2020,09:49:08,147.5,147.4,10000,147.95,5000,5000,45000
MOTHERSUMI-III.NFO,07/01/2020,09:49:08,147.5,147.4,10000,147.95,5000,0,45000
MOTHERSUMI-III.NFO,07/01/2020,09:49:08,147.5,147.4,10000,147.95,5000,0,45000
MOTHERSUMI-III.NFO,07/01/2020,09:49:08,147.5,147.4,10000,147.95,5000,0,45000
MOTHERSUMI-III.NFO,07/01/2020,09:49:18,147.5,147.4,10000,147.95,5000,0,45000
MOTHERSUMI-III.NFO,07/01/2020,09:49:29,147.5,147.25,25000,147.9,5000,0,45000
MOTHERSUMI-III.NFO,07/01/2020,09:49:35,147.5,147.35,5000,147.9,5000,0,45000
MOTHERSUMI-III.NFO,07/01/2020,09:49:39,147.5,147.35,5000,147.95,5000,0,45000
MOTHERSUMI-III.NFO,07/01/2020,09:49:45,147.5,147.25,10000,147.85,5000,0,45000
MOTHERSUMI-III.NFO,07/01/2020,09:50:10,147.5,147.25,25000,147.85,5000,0,45000
MOTHERSUMI-III.NFO,07/01/2020,09:50:20,147.5,147.25,10000,147.8,5000,0,45000
MOTHERSUMI-III.NFO,07/01/2020,09:50:25,147.5,147.1,25000,147.7,5000,0,45000
MOTHERSUMI-III.NFO,07/01/2020,09:50:35,147.5,147.1,25000,147.65,5000,0,45000
MOTHERSUMI-III.NFO,07/01/2020,09:50:46,147.5,147.1,10000,147.7,5000,0,45000
MOTHERSUMI-III.NFO,07/01/2020,09:50:51,147.5,147.1,10000,147.65,5000,0,45000
MOTHERSUMI-III.NFO,07/01/2020,09:50:56,147.5,147.1,25000,147.65,5000,0,45000
MOTHERSUMI-III.NFO,07/01/2020,09:51:01,147.5,147.1,10000,147.65,5000,0,45000
MOTHERSUMI-III.NFO,07/01/2020,09:51:05,147.5,147.2,5000,147.7,5000,0,45000
MOTHERSUMI-III.NFO,07/01/2020,09:51:11,147.5,147.1,10000,147.7,5000,0,45000
MOTHERSUMI-III.NFO,07/01/2020,09:51:22,147.5,147,25000,147.65,5000,0,45000
MOTHERSUMI-III.NFO,07/01/2020,09:51:32,147.5,147.1,10000,147.7,5000,0,45000
MOTHERSUMI-III.NFO,07/01/2020,09:51:37,147.5,147.1,10000,147.65,5000,0,45000
MOTHERSUMI-III.NFO,07/01/2020,09:51:41,147.5,147.1,10000,147.7,5000,0,45000
MOTHERSUMI-III.NFO,07/01/2020,09:51:50,147.5,147.1,10000,147.55,5000,0,45000
MOTHERSUMI-III.NFO,07/01/2020,09:52:10,147.5,147,10000,147.55,5000,0,45000
MOTHERSUMI-III.NFO,07/01/2020,09:52:28,147.5,147,10000,147.5,5000,0,45000
MOTHERSUMI-III.NFO,07/01/2020,09:52:33,147.5,147,10000,147.55,5000,0,45000
MOTHERSUMI-III.NFO,07/01/2020,09:53:08,147.5,147,10000,147.5,5000,0,45000
MOTHERSUMI-III.NFO,07/01/2020,09:53:14,147.5,147,10000,147.45,5000,0,45000
MOTHERSUMI-III.NFO,07/01/2020,09:53:19,147.5,147,10000,147.55,5000,0,45000
MOTHERSUMI-III.NFO,07/01/2020,09:53:29,147.5,147,10000,147.5,5000,0,45000
MOTHERSUMI-III.NFO,07/01/2020,09:53:34,147.5,147,10000,147.6,5000,0,45000
MOTHERSUMI-III.NFO,07/01/2020,09:53:39,147.5,147,10000,147.55,5000,0,45000
MOTHERSUMI-III.NFO,07/01/2020,09:54:06,147.5,147,10000,147.55,15000,0,45000
MOTHERSUMI-III.NFO,07/01/2020,09:54:20,147.5,147,10000,147.5,5000,0,45000
MOTHERSUMI-III.NFO,07/01/2020,09:54:24,147.5,147,10000,147.45,5000,0,45000
MOTHERSUMI-III.NFO,07/01/2020,09:54:47,147.5,147,10000,147.5,5000,0,45000
MOTHERSUMI-III.NFO,07/01/2020,09:54:57,147.5,147,10000,147.55,15000,0,45000
MOTHERSUMI-III.NFO,07/01/2020,09:55:26,147.5,147,10000,147.5,5000,0,45000
MOTHERSUMI-III.NFO,07/01/2020,09:55:40,147.5,147,10000,147.55,15000,0,45000
MOTHERSUMI-III.NFO,07/01/2020,09:55:54,147.5,147,10000,147.5,5000,0,45000
MOTHERSUMI-III.NFO,07/01/2020,09:56:19,147.5,147,10000,147.45,5000,0,45000
MOTHERSUMI-III.NFO,07/01/2020,09:56:25,147.5,146.7,25000,147.25,5000,0,45000
MOTHERSUMI-III.NFO,07/01/2020,09:56:30,147.5,146.7,25000,147.4,5000,0,45000
MOTHERSUMI-III.NFO,07/01/2020,09:56:36,147.5,146.85,5000,147.4,5000,0,45000
MOTHERSUMI-III.NFO,07/01/2020,09:56:53,147.5,146.85,5000,147.35,5000,0,45000
MOTHERSUMI-III.NFO,07/01/2020,09:56:58,147.5,146.85,5000,147.25,5000,0,45000
MOTHERSUMI-III.NFO,07/01/2020,09:57:11,147.5,146.85,5000,147.4,5000,0,45000
MOTHERSUMI-III.NFO,07/01/2020,09:57:19,147.5,146.85,5000,147.35,5000,0,45000
MOTHERSUMI-III.NFO,07/01/2020,09:57:24,147.5,146.75,10000,147.25,5000,0,45000
MOTHERSUMI-III.NFO,07/01/2020,09:57:44,147.5,146.65,10000,147.2,5000,0,45000
MOTHERSUMI-III.NFO,07/01/2020,09:57:48,147.5,146.75,5000,147.25,5000,0,45000
MOTHERSUMI-III.NFO,07/01/2020,09:57:53,147.5,146.7,5000,147.2,5000,0,45000
MOTHERSUMI-III.NFO,07/01/2020,09:57:58,147.5,146.7,5000,147.25,5000,0,45000
MOTHERSUMI-III.NFO,07/01/2020,09:58:25,147.5,146.7,5000,147.2,5000,0,45000
MOTHERSUMI-III.NFO,07/01/2020,09:58:30,147.5,146.7,5000,147.15,5000,0,45000
MOTHERSUMI-III.NFO,07/01/2020,09:58:48,147.5,146.65,5000,147.15,5000,0,45000
MOTHERSUMI-III.NFO,07/01/2020,09:58:54,147.5,146.55,10000,147.1,5000,0,45000
MOTHERSUMI-III.NFO,07/01/2020,09:58:59,147.5,146.55,10000,147.15,5000,0,45000
MOTHERSUMI-III.NFO,07/01/2020,09:59:05,147.5,146.55,25000,147.15,5000,0,45000
MOTHERSUMI-III.NFO,07/01/2020,09:59:11,147.5,146.55,25000,147.1,5000,0,45000
MOTHERSUMI-III.NFO,07/01/2020,09:59:22,147.5,146.65,5000,147.1,5000,0,45000
MOTHERSUMI-III.NFO,07/01/2020,09:59:27,147.5,146.55,5000,147.05,5000,0,45000
MOTHERSUMI-III.NFO,07/01/2020,09:59:32,147.5,146.5,10000,147.15,5000,0,45000
MOTHERSUMI-III.NFO,07/01/2020,09:59:38,147.5,146.65,10000,147.2,5000,0,45000
MOTHERSUMI-III.NFO,07/01/2020,09:59:44,147.5,146.65,10000,147.25,5000,0,45000
MOTHERSUMI-III.NFO,07/01/2020,09:59:49,147.5,146.65,10000,147.15,5000,0,45000
MOTHERSUMI-III.NFO,07/01/2020,09:59:54,147.5,146.65,10000,147.2,5000,0,45000
MOTHERSUMI-III.NFO,07/01/2020,10:00:00,147.5,146.65,10000,147.25,5000,0,45000
MOTHERSUMI-III.NFO,07/01/2020,10:00:05,147.5,146.65,25000,147.2,5000,0,45000
MOTHERSUMI-III.NFO,07/01/2020,10:00:11,147.5,146.65,10000,147.2,5000,0,45000
MOTHERSUMI-III.NFO,07/01/2020,10:00:27,147.5,146.65,10000,147.15,5000,0,45000
MOTHERSUMI-III.NFO,07/01/2020,10:00:32,147.5,146.65,10000,147.2,5000,0,45000
MOTHERSUMI-III.NFO,07/01/2020,10:00:51,147.5,146.45,25000,147.1,5000,0,45000
MOTHERSUMI-III.NFO,07/01/2020,10:00:58,147.5,146.45,25000,147.05,5000,0,45000
MOTHERSUMI-III.NFO,07/01/2020,10:01:04,147.5,146.5,15000,147.05,5000,0,45000
MOTHERSUMI-III.NFO,07/01/2020,10:01:10,147.5,146.45,25000,147.05,5000,0,45000
MOTHERSUMI-III.NFO,07/01/2020,10:01:16,147.5,146.45,10000,147.05,5000,0,45000
MOTHERSUMI-III.NFO,07/01/2020,10:01:23,147.5,146.45,5000,146.9,5000,0,45000
MOTHERSUMI-III.NFO,07/01/2020,10:01:29,147.5,146.45,5000,147,5000,0,45000
MOTHERSUMI-III.NFO,07/01/2020,10:01:47,147.5,146.45,5000,146.95,5000,0,45000
MOTHERSUMI-III.NFO,07/01/2020,10:02:35,147.5,146.35,5000,146.9,5000,0,45000
MOTHERSUMI-III.NFO,07/01/2020,10:02:51,147.5,146.35,5000,146.95,5000,0,45000
MOTHERSUMI-III.NFO,07/01/2020,10:03:11,147.5,146.35,5000,146.9,5000,0,45000
MOTHERSUMI-III.NFO,07/01/2020,10:03:21,147.5,146.35,5000,146.95,5000,0,45000
MOTHERSUMI-III.NFO,07/01/2020,10:03:25,147.5,146.35,5000,146.9,5000,0,45000
MOTHERSUMI-III.NFO,07/01/2020,10:03:30,147.5,146.35,5000,146.95,5000,0,45000
MOTHERSUMI-III.NFO,07/01/2020,10:03:39,147.5,146.25,5000,146.85,5000,0,45000
MOTHERSUMI-III.NFO,07/01/2020,10:03:57,147.5,146.25,20000,146.9,5000,0,45000
MOTHERSUMI-III.NFO,07/01/2020,10:04:03,147.5,146.25,5000,146.9,5000,0,45000
MOTHERSUMI-III.NFO,07/01/2020,10:04:12,147.5,146.25,5000,146.85,5000,0,45000
MOTHERSUMI-III.NFO,07/01/2020,10:04:16,147.5,146.25,5000,146.8,5000,0,45000
MOTHERSUMI-III.NFO,07/01/2020,10:04:20,147.5,146.25,5000,146.85,5000,0,45000
MOTHERSUMI-III.NFO,07/01/2020,10:04:28,147.5,146.25,5000,146.8,15000,0,45000
MOTHERSUMI-III.NFO,07/01/2020,10:05:01,147.5,146.25,20000,146.85,5000,0,45000
MOTHERSUMI-III.NFO,07/01/2020,10:05:06,147.5,146.35,5000,146.85,5000,0,45000
MOTHERSUMI-III.NFO,07/01/2020,10:05:10,147.5,146.25,5000,146.75,5000,0,45000
MOTHERSUMI-III.NFO,07/01/2020,10:05:14,147.5,146.25,5000,146.8,5000,0,45000
MOTHERSUMI-III.NFO,07/01/2020,10:05:19,147.5,146.25,5000,146.75,5000,0,45000
MOTHERSUMI-III.NFO,07/01/2020,10:05:23,147.5,146.25,5000,146.8,5000,0,45000
MOTHERSUMI-III.NFO,07/01/2020,10:05:27,147.5,146.25,5000,146.75,5000,0,45000
MOTHERSUMI-III.NFO,07/01/2020,10:05:33,147.5,146.15,5000,146.7,5000,0,45000
MOTHERSUMI-III.NFO,07/01/2020,10:05:39,147.5,146.15,5000,146.75,5000,0,45000
MOTHERSUMI-III.NFO,07/01/2020,10:05:45,147.5,146.15,20000,146.8,5000,0,45000
MOTHERSUMI-III.NFO,07/01/2020,10:05:51,147.5,146.25,5000,146.8,5000,0,45000
MOTHERSUMI-III.NFO,07/01/2020,10:05:56,147.5,146.15,5000,146.75,5000,0,45000
MOTHERSUMI-III.NFO,07/01/2020,10:06:02,147.5,146.15,20000,146.8,5000,0,45000
MOTHERSUMI-III.NFO,07/01/2020,10:06:07,147.5,146.15,5000,146.75,5000,0,45000
MOTHERSUMI-III.NFO,07/01/2020,10:06:17,147.5,146.15,20000,146.8,5000,0,45000
MOTHERSUMI-III.NFO,07/01/2020,10:06:23,147.5,146.15,5000,146.8,5000,0,45000
MOTHERSUMI-III.NFO,07/01/2020,10:06:29,147.5,146.15,20000,146.8,5000,0,45000
MOTHERSUMI-III.NFO,07/01/2020,10:06:35,147.5,146.25,5000,146.8,5000,0,45000
MOTHERSUMI-III.NFO,07/01/2020,10:06:45,147.5,146.15,5000,146.75,15000,0,45000
MOTHERSUMI-III.NFO,07/01/2020,10:07:02,147.5,146.15,20000,146.75,5000,0,45000
MOTHERSUMI-III.NFO,07/01/2020,10:07:08,147.5,146.25,5000,146.8,5000,0,45000
MOTHERSUMI-III.NFO,07/01/2020,10:07:14,147.5,146.25,5000,146.75,5000,0,45000
MOTHERSUMI-III.NFO,07/01/2020,10:07:19,147.5,146.25,5000,146.8,5000,0,45000
MOTHERSUMI-III.NFO,07/01/2020,10:08:09,147.5,146.25,20000,146.8,5000,0,45000
MOTHERSUMI-III.NFO,07/01/2020,10:08:14,147.5,146.35,5000,146.85,5000,0,45000
MOTHERSUMI-III.NFO,07/01/2020,10:08:28,147.5,146.35,20000,146.85,5000,0,45000
MOTHERSUMI-III.NFO,07/01/2020,10:08:33,147.5,146.45,5000,146.85,5000,0,45000
MOTHERSUMI-III.NFO,07/01/2020,10:08:56,147.5,146.45,5000,147,5000,0,45000
MOTHERSUMI-III.NFO,07/01/2020,10:09:18,147.5,146.55,5000,147.05,5000,0,45000
MOTHERSUMI-III.NFO,07/01/2020,10:09:22,147.5,146.55,5000,147.15,5000,0,45000
MOTHERSUMI-III.NFO,07/01/2020,10:09:31,147.5,146.55,5000,147.1,5000,0,45000
MOTHERSUMI-III.NFO,07/01/2020,10:09:35,147.5,146.55,5000,147.15,5000,0,45000
MOTHERSUMI-III.NFO,07/01/2020,10:09:43,147.5,146.55,5000,147.1,5000,0,45000
MOTHERSUMI-III.NFO,07/01/2020,10:09:52,147.5,146.45,5000,147.05,5000,0,45000
MOTHERSUMI-III.NFO,07/01/2020,10:09:57,147.5,146.55,5000,147.15,5000,0,45000
MOTHERSUMI-III.NFO,07/01/2020,10:10:12,147.5,146.55,5000,147.1,5000,0,45000
MOTHERSUMI-III.NFO,07/01/2020,10:10:17,147.5,146.55,5000,147.15,5000,0,45000
MOTHERSUMI-III.NFO,07/01/2020,10:10:28,147.5,146.55,5000,147.1,5000,0,45000
MOTHERSUMI-III.NFO,07/01/2020,10:10:46,147.5,146.55,5000,147.15,5000,0,45000
MOTHERSUMI-III.NFO,07/01/2020,10:10:59,147.5,146.55,5000,147.1,5000,0,45000
MOTHERSUMI-III.NFO,07/01/2020,10:11:03,147.5,146.55,5000,147.15,5000,0,45000
MOTHERSUMI-III.NFO,07/01/2020,10:11:08,147.5,146.55,5000,147.1,5000,0,45000
MOTHERSUMI-III.NFO,07/01/2020,10:11:12,147.5,146.55,5000,147.15,5000,0,45000
MOTHERSUMI-III.NFO,07/01/2020,10:11:18,147.5,146.55,5000,147.1,5000,0,45000
MOTHERSUMI-III.NFO,07/01/2020,10:11:39,147.5,146.55,5000,147.15,5000,0,45000
MOTHERSUMI-III.NFO,07/01/2020,10:12:00,147.5,146.55,5000,147.1,5000,0,45000
MOTHERSUMI-III.NFO,07/01/2020,10:12:05,147.5,146.55,5000,147.15,5000,0,45000
MOTHERSUMI-III.NFO,07/01/2020,10:12:11,147.5,146.55,5000,147.1,5000,0,45000
MOTHERSUMI-III.NFO,07/01/2020,10:12:17,147.5,146.55,5000,147.15,5000,0,45000
MOTHERSUMI-III.NFO,07/01/2020,10:12:26,147.5,146.65,10000,147.15,5000,0,45000
MOTHERSUMI-III.NFO,07/01/2020,10:12:35,147.5,146.65,10000,147.2,5000,0,45000
MOTHERSUMI-III.NFO,07/01/2020,10:12:40,147.5,146.65,25000,147.3,5000,0,45000
MOTHERSUMI-III.NFO,07/01/2020,10:12:50,147.5,146.75,10000,147.3,5000,0,45000
MOTHERSUMI-III.NFO,07/01/2020,10:12:55,147.5,146.75,10000,147.25,5000,0,45000
MOTHERSUMI-III.NFO,07/01/2020,10:13:01,147.5,146.75,10000,147.2,5000,0,45000
MOTHERSUMI-III.NFO,07/01/2020,10:13:16,147.5,146.75,10000,147.25,5000,0,45000
MOTHERSUMI-III.NFO,07/01/2020,10:13:21,147.5,146.75,10000,147.15,5000,0,45000
MOTHERSUMI-III.NFO,07/01/2020,10:13:50,147.5,146.75,10000,147.25,5000,0,45000
MOTHERSUMI-III.NFO,07/01/2020,10:14:05,147.5,146.7,5000,147.25,5000,0,45000
MOTHERSUMI-III.NFO,07/01/2020,10:14:20,147.5,146.7,5000,147.35,5000,0,45000
MOTHERSUMI-III.NFO,07/01/2020,10:14:31,147.5,146.7,5000,147.3,5000,0,45000
MOTHERSUMI-III.NFO,07/01/2020,10:14:50,147.5,146.7,20000,147.3,5000,0,45000
MOTHERSUMI-III.NFO,07/01/2020,10:14:55,147.5,146.85,25000,147.55,5000,0,45000
MOTHERSUMI-III.NFO,07/01/2020,10:15:01,147.5,146.85,10000,147.5,5000,0,45000
MOTHERSUMI-III.NFO,07/01/2020,10:15:35,147.5,146.85,10000,147.35,5000,0,45000
MOTHERSUMI-III.NFO,07/01/2020,10:15:52,147.5,146.75,10000,147.3,5000,0,45000
MOTHERSUMI-III.NFO,07/01/2020,10:16:07,147.5,146.75,10000,147.35,5000,0,45000
MOTHERSUMI-III.NFO,07/01/2020,10:16:16,147.5,146.75,10000,147.3,5000,0,45000
MOTHERSUMI-III.NFO,07/01/2020,10:16:45,147.5,146.65,10000,147.3,5000,0,45000
MOTHERSUMI-III.NFO,07/01/2020,10:16:54,147.5,146.65,10000,147.25,5000,0,45000
MOTHERSUMI-III.NFO,07/01/2020,10:17:06,147.5,146.75,10000,147.3,5000,0,45000
MOTHERSUMI-III.NFO,07/01/2020,10:17:11,147.5,146.55,10000,147.2,5000,0,45000
MOTHERSUMI-III.NFO,07/01/2020,10:17:16,147.5,146.65,10000,147.2,5000,0,45000
MOTHERSUMI-III.NFO,07/01/2020,10:17:23,147.5,146.65,10000,147.25,5000,0,45000
MOTHERSUMI-III.NFO,07/01/2020,10:17:27,147.5,146.5,10000,147.15,5000,0,45000
MOTHERSUMI-III.NFO,07/01/2020,10:17:32,147.5,146.5,10000,147.05,5000,0,45000
MOTHERSUMI-III.NFO,07/01/2020,10:17:37,147.5,146.5,10000,147.1,5000,0,45000
MOTHERSUMI-III.NFO,07/01/2020,10:17:41,147.5,146.5,25000,147.1,5000,0,45000
MOTHERSUMI-III.NFO,07/01/2020,10:17:57,147.5,146.5,25000,147.15,5000,0,45000
MOTHERSUMI-III.NFO,07/01/2020,10:18:01,147.5,146.5,25000,147.1,5000,0,45000
MOTHERSUMI-III.NFO,07/01/2020,10:18:18,147.5,146.5,25000,147.15,5000,0,45000
MOTHERSUMI-III.NFO,07/01/2020,10:18:35,147.5,146.5,25000,147.1,5000,0,45000
MOTHERSUMI-III.NFO,07/01/2020,10:18:46,147.5,146.5,25000,147.15,5000,0,45000
MOTHERSUMI-III.NFO,07/01/2020,10:18:51,147.5,146.5,25000,147.1,5000,0,45000
MOTHERSUMI-III.NFO,07/01/2020,10:19:00,147.5,146.5,25000,147.15,5000,0,45000
MOTHERSUMI-III.NFO,07/01/2020,10:19:05,147.5,146.5,25000,147.1,5000,0,45000
MOTHERSUMI-III.NFO,07/01/2020,10:19:10,147.5,146.5,20000,147.1,5000,0,45000
MOTHERSUMI-III.NFO,07/01/2020,10:19:14,147.5,146.6,5000,147.15,5000,0,45000
MOTHERSUMI-III.NFO,07/01/2020,10:19:23,147.5,146.6,5000,147.1,5000,0,45000
MOTHERSUMI-III.NFO,07/01/2020,10:19:28,147.5,146.6,5000,147.15,5000,0,45000
MOTHERSUMI-III.NFO,07/01/2020,10:19:42,147.5,146.6,5000,147.1,5000,0,45000
MOTHERSUMI-III.NFO,07/01/2020,10:19:54,147.5,146.6,5000,147.15,5000,0,45000
MOTHERSUMI-III.NFO,07/01/2020,10:20:14,147.5,146.6,5000,147.1,15000,0,45000
MOTHERSUMI-III.NFO,07/01/2020,10:20:19,147.5,146.5,10000,147.05,15000,0,45000
MOTHERSUMI-III.NFO,07/01/2020,10:20:23,147.5,146.5,5000,147,5000,0,45000
MOTHERSUMI-III.NFO,07/01/2020,10:20:28,147.5,146.5,5000,146.95,5000,0,45000
MOTHERSUMI-III.NFO,07/01/2020,10:21:00,147.5,146.5,5000,146.95,10000,0,45000
MOTHERSUMI-III.NFO,07/01/2020,10:21:24,147.5,146.5,5000,147,5000,0,45000
MOTHERSUMI-III.NFO,07/01/2020,10:21:58,147.5,146.55,5000,147,5000,0,45000
MOTHERSUMI-III.NFO,07/01/2020,10:22:01,147.5,146.5,5000,147,5000,0,45000
MOTHERSUMI-III.NFO,07/01/2020,10:22:45,147.5,146.5,5000,146.95,5000,0,45000
MOTHERSUMI-III.NFO,07/01/2020,10:22:51,147.5,146.5,5000,147,5000,0,45000
MOTHERSUMI-III.NFO,07/01/2020,10:23:00,147.5,146.5,5000,146.95,5000,0,45000
MOTHERSUMI-III.NFO,07/01/2020,10:23:46,147.5,146.5,5000,147,5000,0,45000
MOTHERSUMI-III.NFO,07/01/2020,10:23:50,147.5,146.5,5000,146.95,5000,0,45000
MOTHERSUMI-III.NFO,07/01/2020,10:24:09,147.5,146.5,5000,147,5000,0,45000
MOTHERSUMI-III.NFO,07/01/2020,10:24:13,147.5,146.5,5000,146.95,5000,0,45000
MOTHERSUMI-III.NFO,07/01/2020,10:24:53,147.5,146.5,5000,146.9,5000,0,45000
MOTHERSUMI-III.NFO,07/01/2020,10:28:34,147.5,146.6,5000,147.05,5000,0,45000
MOTHERSUMI-III.NFO,07/01/2020,10:28:41,147.5,146.6,5000,147.1,5000,0,45000
MOTHERSUMI-III.NFO,07/01/2020,10:29:03,147.5,146.45,10000,147.05,5000,0,45000
MOTHERSUMI-III.NFO,07/01/2020,10:29:15,147.5,146.55,10000,147.05,5000,0,45000
MOTHERSUMI-III.NFO,07/01/2020,10:29:29,147.5,146.45,10000,147,5000,0,45000
MOTHERSUMI-III.NFO,07/01/2020,10:30:19,147.5,146.45,10000,146.9,5000,0,45000
MOTHERSUMI-III.NFO,07/01/2020,10:30:33,147.5,146.45,10000,147,5000,0,45000
MOTHERSUMI-III.NFO,07/01/2020,10:30:41,147.5,146.45,10000,146.95,5000,0,45000
MOTHERSUMI-III.NFO,07/01/2020,10:30:55,147.5,146.45,10000,146.9,5000,0,45000
MOTHERSUMI-III.NFO,07/01/2020,10:31:01,147.5,146.45,10000,147,5000,0,45000
MOTHERSUMI-III.NFO,07/01/2020,10:31:04,147.5,146.45,10000,146.95,5000,0,45000
MOTHERSUMI-III.NFO,07/01/2020,10:31:09,147.5,146.45,10000,146.9,5000,0,45000
MOTHERSUMI-III.NFO,07/01/2020,10:31:14,147.5,146.45,10000,147,5000,0,45000
MOTHERSUMI-III.NFO,07/01/2020,10:31:17,147.5,146.45,10000,146.95,5000,0,45000
MOTHERSUMI-III.NFO,07/01/2020,10:31:23,147.5,146.45,10000,147,5000,0,45000
MOTHERSUMI-III.NFO,07/01/2020,10:31:29,147.5,146.45,10000,146.9,5000,0,45000
MOTHERSUMI-III.NFO,07/01/2020,10:31:49,147.5,146.3,5000,146.85,5000,0,45000
MOTHERSUMI-III.NFO,07/01/2020,10:31:56,147.5,146.3,20000,146.8,15000,0,45000
MOTHERSUMI-III.NFO,07/01/2020,10:32:39,147.5,146.3,5000,146.75,5000,0,45000
MOTHERSUMI-III.NFO,07/01/2020,10:32:43,147.5,146.3,5000,146.8,5000,0,45000
MOTHERSUMI-III.NFO,07/01/2020,10:32:47,147.5,146.3,5000,146.75,5000,0,45000
MOTHERSUMI-III.NFO,07/01/2020,10:33:18,147.5,146.3,5000,146.8,5000,0,45000
MOTHERSUMI-III.NFO,07/01/2020,10:33:22,147.5,146.3,5000,146.75,5000,0,45000
MOTHERSUMI-III.NFO,07/01/2020,10:33:25,147.5,146.3,5000,146.8,5000,0,45000
MOTHERSUMI-III.NFO,07/01/2020,10:34:04,147.5,146.15,5000,146.65,5000,0,45000
MOTHERSUMI-III.NFO,07/01/2020,10:34:08,147.5,146.15,5000,146.7,5000,0,45000
MOTHERSUMI-III.NFO,07/01/2020,10:34:12,147.5,146.15,5000,146.6,5000,0,45000
MOTHERSUMI-III.NFO,07/01/2020,10:34:16,147.5,146.15,5000,146.7,5000,0,45000
MOTHERSUMI-III.NFO,07/01/2020,10:34:19,147.5,146.15,5000,146.65,5000,0,45000
MOTHERSUMI-III.NFO,07/01/2020,10:34:24,147.5,146.15,5000,146.65,10000,0,45000
MOTHERSUMI-III.NFO,07/01/2020,10:34:50,147.5,146.05,5000,146.55,5000,0,45000
MOTHERSUMI-III.NFO,07/01/2020,10:35:02,147.5,146.05,5000,146.6,15000,0,45000
MOTHERSUMI-III.NFO,07/01/2020,10:35:05,147.5,146.05,5000,146.55,5000,0,45000
MOTHERSUMI-III.NFO,07/01/2020,10:35:23,147.5,146.05,5000,146.6,15000,0,45000
MOTHERSUMI-III.NFO,07/01/2020,10:35:32,147.5,146.05,5000,146.55,5000,0,45000
MOTHERSUMI-III.NFO,07/01/2020,10:35:36,147.5,146.05,5000,146.6,15000,0,45000
MOTHERSUMI-III.NFO,07/01/2020,10:35:39,147.5,146.05,5000,146.55,5000,0,45000
MOTHERSUMI-III.NFO,07/01/2020,10:36:02,147.5,146.05,5000,146.6,15000,0,45000
MOTHERSUMI-III.NFO,07/01/2020,10:36:18,147.5,146.15,5000,146.55,5000,0,45000
MOTHERSUMI-III.NFO,07/01/2020,10:36:27,147.5,146.05,10000,146.6,15000,0,45000
MOTHERSUMI-III.NFO,07/01/2020,10:36:30,147.5,146.05,10000,146.55,5000,0,45000
MOTHERSUMI-III.NFO,07/01/2020,10:36:32,147.5,146.05,10000,146.5,5000,0,45000
MOTHERSUMI-III.NFO,07/01/2020,10:36:38,147.5,146.05,5000,146.5,5000,0,45000
MOTHERSUMI-III.NFO,07/01/2020,10:37:20,147.5,145.95,10000,146.4,5000,0,45000
MOTHERSUMI-III.NFO,07/01/2020,10:37:39,147.5,145.95,25000,146.4,5000,0,45000
MOTHERSUMI-III.NFO,07/01/2020,10:37:44,147.5,145.95,10000,146.5,5000,0,45000
MOTHERSUMI-III.NFO,07/01/2020,10:37:47,147.5,145.95,10000,146.45,5000,0,45000
MOTHERSUMI-III.NFO,07/01/2020,10:37:58,147.5,145.95,25000,146.55,5000,0,45000
MOTHERSUMI-III.NFO,07/01/2020,10:38:22,147.5,146.05,10000,146.55,5000,0,45000
MOTHERSUMI-III.NFO,07/01/2020,10:38:33,147.5,146.05,10000,146.55,10000,0,45000
MOTHERSUMI-III.NFO,07/01/2020,10:39:38,147.5,146.05,5000,146.5,15000,0,45000
MOTHERSUMI-III.NFO,07/01/2020,10:39:41,147.5,146.05,5000,146.5,5000,0,45000
MOTHERSUMI-III.NFO,07/01/2020,10:40:07,147.5,146.05,5000,146.55,10000,0,45000
MOTHERSUMI-III.NFO,07/01/2020,10:40:23,147.5,146.05,5000,146.5,5000,0,45000
MOTHERSUMI-III.NFO,07/01/2020,10:40:46,147.5,146.05,5000,146.55,10000,0,45000
MOTHERSUMI-III.NFO,07/01/2020,10:40:53,147.5,146.05,5000,146.5,15000,0,45000
MOTHERSUMI-III.NFO,07/01/2020,10:40:59,147.5,146.05,5000,146.55,10000,0,45000
MOTHERSUMI-III.NFO,07/01/2020,10:41:12,147.5,145.95,25000,146.55,10000,0,45000
MOTHERSUMI-III.NFO,07/01/2020,10:41:15,147.5,145.95,25000,146.5,5000,0,45000
MOTHERSUMI-III.NFO,07/01/2020,10:41:22,147.5,145.95,25000,146.55,10000,0,45000
MOTHERSUMI-III.NFO,07/01/2020,10:42:44,147.5,146.05,10000,146.55,10000,0,45000
MOTHERSUMI-III.NFO,07/01/2020,10:42:52,147.5,146.05,10000,146.5,5000,0,45000
MOTHERSUMI-III.NFO,07/01/2020,10:42:54,147.5,146.05,10000,146.55,10000,0,45000
MOTHERSUMI-III.NFO,07/01/2020,10:42:59,147.5,146.05,25000,146.55,10000,0,45000
MOTHERSUMI-III.NFO,07/01/2020,10:43:05,147.5,146.05,5000,146.55,10000,0,45000
MOTHERSUMI-III.NFO,07/01/2020,10:43:45,147.5,146.05,5000,146.5,5000,0,45000
MOTHERSUMI-III.NFO,07/01/2020,10:43:49,147.5,146.05,5000,146.55,10000,0,45000
MOTHERSUMI-III.NFO,07/01/2020,10:44:06,147.5,146.05,5000,146.5,5000,0,45000
MOTHERSUMI-III.NFO,07/01/2020,10:44:18,147.5,146.05,5000,146.55,10000,0,45000
MOTHERSUMI-III.NFO,07/01/2020,10:44:43,147.5,146.05,5000,146.5,5000,0,45000
MOTHERSUMI-III.NFO,07/01/2020,10:45:17,147.5,145.95,10000,146.5,5000,0,45000
MOTHERSUMI-III.NFO,07/01/2020,10:45:39,147.5,145.95,25000,146.5,5000,0,45000
MOTHERSUMI-III.NFO,07/01/2020,10:45:48,147.5,145.95,25000,146.55,10000,0,45000
MOTHERSUMI-III.NFO,07/01/2020,10:45:54,147.5,145.95,25000,146.55,5000,0,45000
MOTHERSUMI-III.NFO,07/01/2020,10:45:58,147.5,145.95,25000,146.5,5000,0,45000
MOTHERSUMI-III.NFO,07/01/2020,10:46:00,147.5,145.95,25000,146.45,5000,0,45000
MOTHERSUMI-III.NFO,07/01/2020,10:46:18,147.5,145.95,25000,146.5,5000,0,45000
MOTHERSUMI-III.NFO,07/01/2020,10:46:21,147.5,145.95,25000,146.45,5000,0,45000
MOTHERSUMI-III.NFO,07/01/2020,10:47:18,147.5,146.05,10000,146.5,5000,0,45000
MOTHERSUMI-III.NFO,07/01/2020,10:47:24,147.5,146.05,5000,146.5,5000,0,45000
MOTHERSUMI-III.NFO,07/01/2020,10:47:30,147.5,146.05,5000,146.45,5000,0,45000
MOTHERSUMI-III.NFO,07/01/2020,10:47:47,147.5,146,5000,146.45,5000,0,45000
MOTHERSUMI-III.NFO,07/01/2020,10:47:54,147.5,146,5000,146.4,5000,0,45000
MOTHERSUMI-III.NFO,07/01/2020,10:47:58,147.5,146,5000,146.45,5000,0,45000
MOTHERSUMI-III.NFO,07/01/2020,10:48:09,147.5,146.05,5000,146.5,5000,0,45000
MOTHERSUMI-III.NFO,07/01/2020,10:48:13,147.5,146,5000,146.5,5000,0,45000
MOTHERSUMI-III.NFO,07/01/2020,10:48:20,147.5,146,5000,146.45,5000,0,45000
MOTHERSUMI-III.NFO,07/01/2020,10:48:28,147.5,146,5000,146.5,5000,0,45000
MOTHERSUMI-III.NFO,07/01/2020,10:48:38,147.5,146,5000,146.45,5000,0,45000
MOTHERSUMI-III.NFO,07/01/2020,10:48:43,147.5,145.8,5000,146.35,5000,0,45000
MOTHERSUMI-III.NFO,07/01/2020,10:48:47,147.5,145.8,5000,146.3,5000,0,45000
MOTHERSUMI-III.NFO,07/01/2020,10:48:50,147.5,145.8,5000,146.25,5000,0,45000
MOTHERSUMI-III.NFO,07/01/2020,10:49:01,147.5,145.85,15000,146.4,5000,0,45000
MOTHERSUMI-III.NFO,07/01/2020,10:49:05,147.5,145.9,10000,146.35,5000,0,45000
MOTHERSUMI-III.NFO,07/01/2020,10:49:13,147.5,145.9,5000,146.35,5000,0,45000
MOTHERSUMI-III.NFO,07/01/2020,10:49:26,147.5,145.9,5000,146.3,5000,0,45000
MOTHERSUMI-III.NFO,07/01/2020,10:49:29,147.5,145.75,10000,146.3,5000,0,45000
MOTHERSUMI-III.NFO,07/01/2020,10:49:32,147.5,145.75,25000,146.3,5000,0,45000
MOTHERSUMI-III.NFO,07/01/2020,10:49:42,147.5,145.75,10000,146.3,5000,0,45000
MOTHERSUMI-III.NFO,07/01/2020,10:50:08,147.5,145.75,25000,146.35,5000,0,45000
MOTHERSUMI-III.NFO,07/01/2020,10:50:23,147.5,145.75,25000,146.3,5000,0,45000
MOTHERSUMI-III.NFO,07/01/2020,10:51:20,147.5,145.75,10000,146.25,5000,0,45000
MOTHERSUMI-III.NFO,07/01/2020,10:52:19,147.5,145.75,5000,146.15,5000,0,45000
MOTHERSUMI-III.NFO,07/01/2020,10:52:23,147.5,145.7,5000,146.15,5000,0,45000
MOTHERSUMI-III.NFO,07/01/2020,10:52:43,147.5,145.55,25000,146.1,5000,0,45000
MOTHERSUMI-III.NFO,07/01/2020,10:52:51,147.5,145.55,25000,146.05,5000,0,45000
MOTHERSUMI-III.NFO,07/01/2020,10:53:00,147.5,145.55,10000,146.05,5000,0,45000
MOTHERSUMI-III.NFO,07/01/2020,10:53:06,147.5,145.55,10000,146,5000,0,45000
MOTHERSUMI-III.NFO,07/01/2020,10:53:18,147.5,145.45,10000,145.95,5000,0,45000
MOTHERSUMI-III.NFO,07/01/2020,10:53:23,147.5,145.6,5000,146.1,5000,0,45000
MOTHERSUMI-III.NFO,07/01/2020,10:53:28,147.5,145.65,5000,146.2,5000,0,45000
MOTHERSUMI-III.NFO,07/01/2020,10:53:38,147.5,145.65,20000,146.25,5000,0,45000
MOTHERSUMI-III.NFO,07/01/2020,10:53:43,147.5,145.65,20000,146.3,5000,0,45000
MOTHERSUMI-III.NFO,07/01/2020,10:53:49,147.5,145.8,10000,146.3,5000,0,45000
MOTHERSUMI-III.NFO,07/01/2020,10:54:05,147.5,145.8,10000,146.25,5000,0,45000
MOTHERSUMI-III.NFO,07/01/2020,10:54:09,147.5,145.8,10000,146.3,5000,0,45000
MOTHERSUMI-III.NFO,07/01/2020,10:54:19,147.5,145.8,10000,146.35,5000,0,45000
MOTHERSUMI-III.NFO,07/01/2020,10:54:43,147.5,145.8,10000,146.3,5000,0,45000
MOTHERSUMI-III.NFO,07/01/2020,10:55:21,147.5,145.75,5000,146.3,5000,0,45000
MOTHERSUMI-III.NFO,07/01/2020,10:55:27,147.5,145.75,5000,146.25,5000,0,45000
MOTHERSUMI-III.NFO,07/01/2020,10:55:39,147.5,145.8,10000,146.3,5000,0,45000
MOTHERSUMI-III.NFO,07/01/2020,10:55:49,147.5,145.9,10000,146.35,5000,0,45000
MOTHERSUMI-III.NFO,07/01/2020,10:55:54,147.5,145.9,5000,146.35,5000,0,45000
MOTHERSUMI-III.NFO,07/01/2020,10:56:58,147.5,145.9,5000,146.3,5000,0,45000
MOTHERSUMI-III.NFO,07/01/2020,10:57:08,147.5,145.8,5000,146.3,5000,0,45000
MOTHERSUMI-III.NFO,07/01/2020,10:57:14,147.5,145.7,5000,146.2,5000,0,45000
MOTHERSUMI-III.NFO,07/01/2020,10:57:28,147.5,145.75,5000,146.2,5000,0,45000
MOTHERSUMI-III.NFO,07/01/2020,10:57:35,147.5,145.75,5000,146.15,5000,0,45000
MOTHERSUMI-III.NFO,07/01/2020,10:57:48,147.5,145.75,5000,146.25,5000,0,45000
MOTHERSUMI-III.NFO,07/01/2020,10:57:54,147.5,145.6,10000,146.2,5000,0,45000
MOTHERSUMI-III.NFO,07/01/2020,10:58:12,147.5,145.6,10000,146.1,5000,0,45000
MOTHERSUMI-III.NFO,07/01/2020,10:58:18,147.5,145.5,5000,146,5000,0,45000
MOTHERSUMI-III.NFO,07/01/2020,10:58:39,147.5,145.55,5000,146.05,5000,0,45000
MOTHERSUMI-III.NFO,07/01/2020,10:58:57,147.5,145.5,5000,146,5000,0,45000
MOTHERSUMI-III.NFO,07/01/2020,10:59:22,147.5,145.55,5000,146,5000,0,45000
MOTHERSUMI-III.NFO,07/01/2020,10:59:40,147.5,145.55,5000,146.1,5000,0,45000
MOTHERSUMI-III.NFO,07/01/2020,10:59:46,147.5,145.55,5000,146,5000,0,45000
MOTHERSUMI-III.NFO,07/01/2020,10:59:57,147.5,145.55,5000,146.1,5000,0,45000
MOTHERSUMI-III.NFO,07/01/2020,11:00:03,147.5,145.65,5000,146.1,5000,0,45000
MOTHERSUMI-III.NFO,07/01/2020,11:00:18,147.5,145.5,10000,146,5000,0,45000
MOTHERSUMI-III.NFO,07/01/2020,11:00:51,147.5,145.5,10000,146.05,5000,0,45000
MOTHERSUMI-III.NFO,07/01/2020,11:00:58,147.5,145.5,10000,146.1,5000,0,45000
MOTHERSUMI-III.NFO,07/01/2020,11:01:06,147.5,145.5,10000,146,5000,0,45000
MOTHERSUMI-III.NFO,07/01/2020,11:01:21,147.5,145.5,10000,145.95,5000,0,45000
MOTHERSUMI-III.NFO,07/01/2020,11:01:29,147.5,145.35,10000,145.85,5000,0,45000
MOTHERSUMI-III.NFO,07/01/2020,11:01:44,147.5,145.35,10000,145.8,5000,0,45000
MOTHERSUMI-III.NFO,07/01/2020,11:01:51,147.5,145.35,10000,145.85,5000,0,45000
MOTHERSUMI-III.NFO,07/01/2020,11:01:59,147.5,145.35,10000,145.75,5000,0,45000
MOTHERSUMI-III.NFO,07/01/2020,11:02:13,147.5,145.35,10000,145.8,5000,0,45000
MOTHERSUMI-III.NFO,07/01/2020,11:02:26,147.5,145.25,25000,145.8,5000,0,45000
MOTHERSUMI-III.NFO,07/01/2020,11:02:32,147.5,145.25,10000,145.8,5000,0,45000
MOTHERSUMI-III.NFO,07/01/2020,11:02:51,147.5,145.25,10000,145.75,5000,0,45000
MOTHERSUMI-III.NFO,07/01/2020,11:03:45,147.5,145.25,10000,145.7,5000,0,45000
MOTHERSUMI-III.NFO,07/01/2020,11:03:53,147.5,145.25,10000,145.75,5000,0,45000
MOTHERSUMI-III.NFO,07/01/2020,11:04:06,147.5,145.25,10000,145.7,5000,0,45000
MOTHERSUMI-III.NFO,07/01/2020,11:04:53,147.5,145.2,15000,145.75,5000,0,45000
MOTHERSUMI-III.NFO,07/01/2020,11:04:59,147.5,145.2,5000,145.75,5000,0,45000
MOTHERSUMI-III.NFO,07/01/2020,11:05:06,147.5,145.2,5000,145.7,5000,0,45000
MOTHERSUMI-III.NFO,07/01/2020,11:05:20,147.5,145.2,5000,145.75,5000,0,45000
MOTHERSUMI-III.NFO,07/01/2020,11:05:27,147.5,145.2,5000,145.7,15000,0,45000
MOTHERSUMI-III.NFO,07/01/2020,11:05:34,147.5,145.2,5000,145.7,5000,0,45000
MOTHERSUMI-III.NFO,07/01/2020,11:05:41,147.5,145.2,5000,145.75,5000,0,45000
MOTHERSUMI-III.NFO,07/01/2020,11:05:48,147.5,145.2,20000,145.75,5000,0,45000
MOTHERSUMI-III.NFO,07/01/2020,11:05:55,147.5,145.3,5000,145.8,5000,0,45000
MOTHERSUMI-III.NFO,07/01/2020,11:06:02,147.5,145.35,5000,145.8,5000,0,45000
MOTHERSUMI-III.NFO,07/01/2020,11:06:08,147.5,145.3,20000,145.85,5000,0,45000
MOTHERSUMI-III.NFO,07/01/2020,11:06:15,147.5,145.45,10000,146.05,5000,0,45000
MOTHERSUMI-III.NFO,07/01/2020,11:06:22,147.5,145.45,10000,146,5000,0,45000
MOTHERSUMI-III.NFO,07/01/2020,11:06:48,147.5,145.45,10000,145.95,15000,0,45000
MOTHERSUMI-III.NFO,07/01/2020,11:06:54,147.5,145.45,10000,145.9,5000,0,45000
MOTHERSUMI-III.NFO,07/01/2020,11:06:59,147.5,145.45,10000,146,5000,0,45000
MOTHERSUMI-III.NFO,07/01/2020,11:07:14,147.5,145.45,10000,145.95,5000,0,45000
MOTHERSUMI-III.NFO,07/01/2020,11:07:35,147.5,145.45,10000,145.9,5000,0,45000
MOTHERSUMI-III.NFO,07/01/2020,11:07:41,147.5,145.25,10000,145.85,15000,0,45000
MOTHERSUMI-III.NFO,07/01/2020,11:07:52,147.5,145.3,15000,145.9,5000,0,45000
MOTHERSUMI-III.NFO,07/01/2020,11:07:57,147.5,145.35,10000,145.9,5000,0,45000
MOTHERSUMI-III.NFO,07/01/2020,11:08:11,147.5,145.35,10000,145.85,5000,0,45000
MOTHERSUMI-III.NFO,07/01/2020,11:08:16,147.5,145.35,10000,145.9,5000,0,45000
MOTHERSUMI-III.NFO,07/01/2020,11:08:56,147.5,145.35,10000,145.85,5000,0,45000
MOTHERSUMI-III.NFO,07/01/2020,11:09:21,147.5,145.35,10000,145.8,5000,0,45000
MOTHERSUMI-III.NFO,07/01/2020,11:09:40,147.5,145.15,10000,145.8,5000,0,45000
MOTHERSUMI-III.NFO,07/01/2020,11:09:53,147.5,145.15,25000,145.8,5000,0,45000
MOTHERSUMI-III.NFO,07/01/2020,11:10:13,147.5,145.25,5000,145.8,5000,0,45000
MOTHERSUMI-III.NFO,07/01/2020,11:10:18,147.5,145.2,5000,145.8,5000,0,45000
MOTHERSUMI-III.NFO,07/01/2020,11:10:24,147.5,145.2,5000,145.75,5000,0,45000
MOTHERSUMI-III.NFO,07/01/2020,11:10:33,147.5,145.2,5000,145.75,10000,0,45000
MOTHERSUMI-III.NFO,07/01/2020,11:10:56,147.5,145.2,5000,145.75,5000,0,45000
MOTHERSUMI-III.NFO,07/01/2020,11:11:00,147.5,145.2,5000,145.75,10000,0,45000
MOTHERSUMI-III.NFO,07/01/2020,11:11:05,147.5,145.2,5000,145.65,5000,0,45000
MOTHERSUMI-III.NFO,07/01/2020,11:11:29,147.5,145.15,5000,145.65,10000,0,45000
MOTHERSUMI-III.NFO,07/01/2020,11:11:37,147.5,144.9,10000,145.45,5000,0,45000
MOTHERSUMI-III.NFO,07/01/2020,11:11:44,147.5,145,10000,145.5,5000,0,45000
MOTHERSUMI-III.NFO,07/01/2020,11:11:50,147.5,145,5000,145.5,5000,0,45000
MOTHERSUMI-III.NFO,07/01/2020,11:12:05,147.5,144.9,5000,145.35,5000,0,45000
MOTHERSUMI-III.NFO,07/01/2020,11:12:12,147.5,144.9,5000,145.25,5000,0,45000
MOTHERSUMI-III.NFO,07/01/2020,11:12:20,147.5,144.9,5000,145.3,5000,0,45000
MOTHERSUMI-III.NFO,07/01/2020,11:12:27,147.5,144.9,5000,145.35,5000,0,45000
MOTHERSUMI-III.NFO,07/01/2020,11:12:34,147.5,144.9,10000,145.35,5000,0,45000
MOTHERSUMI-III.NFO,07/01/2020,11:12:45,147.5,144.9,10000,145.45,5000,0,45000
MOTHERSUMI-III.NFO,07/01/2020,11:12:50,147.5,144.9,10000,145.35,5000,0,45000
MOTHERSUMI-III.NFO,07/01/2020,11:13:17,147.5,144.9,25000,145.4,5000,0,45000
MOTHERSUMI-III.NFO,07/01/2020,11:13:23,147.5,144.9,5000,145.4,5000,0,45000
MOTHERSUMI-III.NFO,07/01/2020,11:13:46,147.5,144.95,5000,145.4,5000,0,45000
MOTHERSUMI-III.NFO,07/01/2020,11:13:57,147.5,144.9,5000,145.4,5000,0,45000
MOTHERSUMI-III.NFO,07/01/2020,11:14:03,147.5,144.95,5000,145.45,5000,0,45000
MOTHERSUMI-III.NFO,07/01/2020,11:14:08,147.5,144.9,5000,145.4,5000,0,45000
MOTHERSUMI-III.NFO,07/01/2020,11:14:14,147.5,144.9,5000,145.45,5000,0,45000
MOTHERSUMI-III.NFO,07/01/2020,11:14:20,147.5,145,5000,145.45,5000,0,45000
MOTHERSUMI-III.NFO,07/01/2020,11:14:26,147.5,144.85,10000,145.35,5000,0,45000
MOTHERSUMI-III.NFO,07/01/2020,11:14:57,147.5,144.85,10000,145.3,5000,0,45000
MOTHERSUMI-III.NFO,07/01/2020,11:15:03,147.5,144.8,10000,145.25,5000,0,45000
MOTHERSUMI-III.NFO,07/01/2020,11:15:09,147.5,144.75,10000,145.2,5000,0,45000
MOTHERSUMI-III.NFO,07/01/2020,11:15:15,147.5,144.75,10000,145.25,5000,0,45000
MOTHERSUMI-III.NFO,07/01/2020,11:15:20,147.5,144.75,10000,145.15,5000,0,45000
MOTHERSUMI-III.NFO,07/01/2020,11:15:31,147.5,144.65,10000,145.2,5000,0,45000
MOTHERSUMI-III.NFO,07/01/2020,11:15:37,147.5,144.65,25000,145.25,5000,0,45000
MOTHERSUMI-III.NFO,07/01/2020,11:15:52,147.5,144.65,10000,145.2,5000,0,45000
MOTHERSUMI-III.NFO,07/01/2020,11:15:57,147.5,144.65,10000,145.15,5000,0,45000
MOTHERSUMI-III.NFO,07/01/2020,11:16:04,147.5,144.55,10000,145.15,5000,0,45000
MOTHERSUMI-III.NFO,07/01/2020,11:16:10,147.5,144.55,25000,145.15,5000,0,45000
MOTHERSUMI-III.NFO,07/01/2020,11:16:16,147.5,144.65,5000,145.2,5000,0,45000
MOTHERSUMI-III.NFO,07/01/2020,11:16:23,147.5,144.6,20000,145.2,5000,0,45000
MOTHERSUMI-III.NFO,07/01/2020,11:16:35,147.5,144.6,5000,145.2,5000,0,45000
MOTHERSUMI-III.NFO,07/01/2020,11:16:40,147.5,144.7,5000,145.2,5000,0,45000
MOTHERSUMI-III.NFO,07/01/2020,11:16:45,147.5,144.6,10000,145.1,5000,0,45000
MOTHERSUMI-III.NFO,07/01/2020,11:16:52,147.5,144.6,5000,145.1,5000,0,45000
MOTHERSUMI-III.NFO,07/01/2020,11:16:58,147.5,144.5,25000,145.05,5000,0,45000
MOTHERSUMI-III.NFO,07/01/2020,11:17:22,147.5,144.6,5000,145.05,5000,0,45000
MOTHERSUMI-III.NFO,07/01/2020,11:17:38,147.5,144.6,10000,145.15,5000,0,45000
MOTHERSUMI-III.NFO,07/01/2020,11:17:50,147.5,144.6,25000,145.2,5000,0,45000
MOTHERSUMI-III.NFO,07/01/2020,11:18:04,147.5,144.6,10000,145.15,5000,0,45000
MOTHERSUMI-III.NFO,07/01/2020,11:18:21,147.5,144.6,10000,145.2,5000,0,45000
MOTHERSUMI-III.NFO,07/01/2020,11:18:25,147.5,144.6,10000,145.15,5000,0,45000
MOTHERSUMI-III.NFO,07/01/2020,11:18:35,147.5,144.6,10000,145.2,5000,0,45000
MOTHERSUMI-III.NFO,07/01/2020,11:18:41,147.5,144.6,25000,145.25,5000,0,45000
MOTHERSUMI-III.NFO,07/01/2020,11:18:48,147.5,144.7,5000,145.25,5000,0,45000
MOTHERSUMI-III.NFO,07/01/2020,11:18:54,147.5,144.7,5000,145.2,5000,0,45000
MOTHERSUMI-III.NFO,07/01/2020,11:18:59,147.5,144.6,5000,145.15,5000,0,45000
MOTHERSUMI-III.NFO,07/01/2020,11:19:05,147.5,144.5,25000,145.15,5000,0,45000
MOTHERSUMI-III.NFO,07/01/2020,11:19:11,147.5,144.6,10000,145.15,5000,0,45000
MOTHERSUMI-III.NFO,07/01/2020,11:19:17,147.5,144.6,10000,145.1,5000,0,45000
MOTHERSUMI-III.NFO,07/01/2020,11:19:25,147.5,144.55,5000,145.15,5000,0,45000
MOTHERSUMI-III.NFO,07/01/2020,11:19:32,147.5,144.6,5000,145.15,5000,0,45000
MOTHERSUMI-III.NFO,07/01/2020,11:19:39,147.5,144.6,5000,145.2,5000,0,45000
MOTHERSUMI-III.NFO,07/01/2020,11:19:45,147.5,144.7,10000,145.3,5000,0,45000
MOTHERSUMI-III.NFO,07/01/2020,11:19:51,147.5,144.8,20000,145.45,5000,0,45000
MOTHERSUMI-III.NFO,07/01/2020,11:19:56,147.5,145.05,5000,145.6,5000,0,45000
MOTHERSUMI-III.NFO,07/01/2020,11:20:01,147.5,145.15,10000,145.65,5000,0,45000
MOTHERSUMI-III.NFO,07/01/2020,11:20:13,147.5,145.55,10000,146.1,5000,0,45000
MOTHERSUMI-III.NFO,07/01/2020,11:20:19,147.5,145.6,5000,146.15,5000,0,45000
MOTHERSUMI-III.NFO,07/01/2020,11:20:24,147.5,145.6,20000,146.2,5000,0,45000
MOTHERSUMI-III.NFO,07/01/2020,11:20:29,147.5,145.7,5000,146.2,5000,0,45000
MOTHERSUMI-III.NFO,07/01/2020,11:20:40,147.5,145.65,5000,146.2,5000,0,45000
MOTHERSUMI-III.NFO,07/01/2020,11:20:45,147.5,145.6,5000,146.2,5000,0,45000
MOTHERSUMI-III.NFO,07/01/2020,11:20:56,147.5,145.6,5000,146.15,5000,0,45000
MOTHERSUMI-III.NFO,07/01/2020,11:21:07,147.5,145.5,25000,146.15,5000,0,45000
MOTHERSUMI-III.NFO,07/01/2020,11:21:16,147.5,145.55,15000,146.2,5000,0,45000
MOTHERSUMI-III.NFO,07/01/2020,11:21:20,147.5,145.6,10000,146.2,5000,0,45000
MOTHERSUMI-III.NFO,07/01/2020,11:21:25,147.5,145.5,25000,146.2,5000,0,45000
MOTHERSUMI-III.NFO,07/01/2020,11:21:31,147.5,145.5,5000,146.15,5000,0,45000
MOTHERSUMI-III.NFO,07/01/2020,11:21:37,147.5,145.6,5000,146.15,5000,0,45000
MOTHERSUMI-III.NFO,07/01/2020,11:21:48,147.5,145.5,25000,146.15,5000,0,45000
MOTHERSUMI-III.NFO,07/01/2020,11:21:57,147.5,145.55,15000,146.2,5000,0,45000
MOTHERSUMI-III.NFO,07/01/2020,11:22:00,147.5,145.5,10000,146.05,5000,0,45000
MOTHERSUMI-III.NFO,07/01/2020,11:22:04,147.5,145.5,5000,146.05,5000,0,45000
MOTHERSUMI-III.NFO,07/01/2020,11:22:13,147.5,145.45,5000,146.05,5000,0,45000
MOTHERSUMI-III.NFO,07/01/2020,11:22:17,147.5,145.5,5000,146.05,5000,0,45000
MOTHERSUMI-III.NFO,07/01/2020,11:22:21,147.5,145.55,5000,146.1,5000,0,45000
MOTHERSUMI-III.NFO,07/01/2020,11:22:26,147.5,145.6,5000,146.1,5000,0,45000
MOTHERSUMI-III.NFO,07/01/2020,11:22:31,147.5,145.55,5000,146.2,5000,0,45000
MOTHERSUMI-III.NFO,07/01/2020,11:22:36,147.5,145.55,5000,146.15,5000,0,45000
MOTHERSUMI-III.NFO,07/01/2020,11:22:40,147.5,145.75,10000,146.35,5000,0,45000
MOTHERSUMI-III.NFO,07/01/2020,11:22:44,147.5,145.8,5000,146.3,5000,0,45000
MOTHERSUMI-III.NFO,07/01/2020,11:23:00,147.5,146.65,5000,147.15,5000,0,45000
MOTHERSUMI-III.NFO,07/01/2020,11:23:05,147.5,146.4,5000,147.05,5000,0,45000
MOTHERSUMI-III.NFO,07/01/2020,11:23:10,147.5,146.3,20000,147,5000,0,45000
MOTHERSUMI-III.NFO,07/01/2020,11:23:16,147.5,146.4,5000,147,5000,0,45000
MOTHERSUMI-III.NFO,07/01/2020,11:23:21,147.5,146.3,5000,146.9,5000,0,45000
MOTHERSUMI-III.NFO,07/01/2020,11:23:37,147.5,146.2,25000,146.85,5000,0,45000
MOTHERSUMI-III.NFO,07/01/2020,11:23:42,147.5,146.3,10000,146.85,5000,0,45000
MOTHERSUMI-III.NFO,07/01/2020,11:23:51,147.5,146.4,10000,146.95,15000,0,45000
MOTHERSUMI-III.NFO,07/01/2020,11:23:56,147.5,146.3,10000,146.95,15000,0,45000
MOTHERSUMI-III.NFO,07/01/2020,11:24:02,147.5,146.4,5000,147,5000,0,45000
MOTHERSUMI-III.NFO,07/01/2020,11:24:08,147.5,146.4,5000,146.95,5000,0,45000
MOTHERSUMI-III.NFO,07/01/2020,11:24:13,147.5,146.35,5000,146.9,15000,0,45000
MOTHERSUMI-III.NFO,07/01/2020,11:24:18,147.5,146.35,5000,146.95,5000,0,45000
MOTHERSUMI-III.NFO,07/01/2020,11:24:23,147.5,146.3,5000,146.95,5000,0,45000
MOTHERSUMI-III.NFO,07/01/2020,11:24:28,147.5,146.4,5000,147,5000,0,45000
MOTHERSUMI-III.NFO,07/01/2020,11:24:37,147.5,146.4,5000,146.95,5000,0,45000
MOTHERSUMI-III.NFO,07/01/2020,11:24:42,147.5,146.65,10000,147.2,5000,0,45000
MOTHERSUMI-III.NFO,07/01/2020,11:24:46,147.5,146.55,5000,147.15,5000,0,45000
MOTHERSUMI-III.NFO,07/01/2020,11:24:50,147.5,146.55,20000,147.2,5000,0,45000
MOTHERSUMI-III.NFO,07/01/2020,11:24:54,147.5,146.55,5000,147.2,5000,0,45000
MOTHERSUMI-III.NFO,07/01/2020,11:24:58,147.5,146.55,5000,147.15,5000,0,45000
MOTHERSUMI-III.NFO,07/01/2020,11:25:09,147.5,146.55,5000,147.1,5000,0,45000
MOTHERSUMI-III.NFO,07/01/2020,11:25:22,147.5,146.5,5000,147.05,5000,0,45000
MOTHERSUMI-III.NFO,07/01/2020,11:25:27,147.5,146.4,10000,147,15000,0,45000
MOTHERSUMI-III.NFO,07/01/2020,11:25:48,147.5,146.4,25000,147,15000,0,45000
MOTHERSUMI-III.NFO,07/01/2020,11:26:16,147.5,146.4,10000,147,15000,0,45000
MOTHERSUMI-III.NFO,07/01/2020,11:26:19,147.5,146.4,25000,147,15000,0,45000
MOTHERSUMI-III.NFO,07/01/2020,11:26:24,147.5,146.4,10000,146.95,5000,0,45000
MOTHERSUMI-III.NFO,07/01/2020,11:26:28,147.5,146.4,25000,146.95,5000,0,45000
MOTHERSUMI-III.NFO,07/01/2020,11:26:33,147.5,146.6,10000,147.15,5000,0,45000
MOTHERSUMI-III.NFO,07/01/2020,11:26:38,147.5,146.6,5000,147.05,5000,0,45000
MOTHERSUMI-III.NFO,07/01/2020,11:26:44,147.5,146.35,10000,147,5000,0,45000
MOTHERSUMI-III.NFO,07/01/2020,11:26:57,147.5,146.35,25000,147,5000,0,45000
MOTHERSUMI-III.NFO,07/01/2020,11:27:01,147.5,146.45,5000,147,5000,0,45000
MOTHERSUMI-III.NFO,07/01/2020,11:27:05,147.5,146.5,5000,147,5000,0,45000
MOTHERSUMI-III.NFO,07/01/2020,11:27:11,147.5,146.45,5000,147,5000,0,45000
MOTHERSUMI-III.NFO,07/01/2020,11:27:18,147.5,146.5,5000,147,5000,0,45000
MOTHERSUMI-III.NFO,07/01/2020,11:27:25,147.5,146.45,5000,147,5000,0,45000
MOTHERSUMI-III.NFO,07/01/2020,11:27:34,147.5,146.5,5000,147,5000,0,45000
MOTHERSUMI-III.NFO,07/01/2020,11:27:38,147.5,146.45,5000,147,5000,0,45000
MOTHERSUMI-III.NFO,07/01/2020,11:27:46,147.5,146.5,5000,147,5000,0,45000
MOTHERSUMI-III.NFO,07/01/2020,11:27:50,147.5,146.45,5000,147,5000,0,45000
MOTHERSUMI-III.NFO,07/01/2020,11:28:02,147.5,146.35,10000,146.95,5000,0,45000
MOTHERSUMI-III.NFO,07/01/2020,11:28:06,147.5,146.35,25000,146.95,5000,0,45000
MOTHERSUMI-III.NFO,07/01/2020,11:28:14,147.5,146.35,10000,146.95,5000,0,45000
MOTHERSUMI-III.NFO,07/01/2020,11:28:44,147.5,146.35,5000,146.95,5000,0,45000
MOTHERSUMI-III.NFO,07/01/2020,11:29:06,147.5,146.35,5000,146.9,5000,0,45000
MOTHERSUMI-III.NFO,07/01/2020,11:29:11,147.5,146.35,5000,146.85,5000,0,45000
MOTHERSUMI-III.NFO,07/01/2020,11:29:33,147.5,146.35,5000,146.95,5000,0,45000
MOTHERSUMI-III.NFO,07/01/2020,11:29:36,147.5,146.4,5000,146.95,5000,0,45000
MOTHERSUMI-III.NFO,07/01/2020,11:29:40,147.5,146.35,20000,146.95,5000,0,45000
MOTHERSUMI-III.NFO,07/01/2020,11:29:44,147.5,146.45,5000,146.95,5000,0,45000
MOTHERSUMI-III.NFO,07/01/2020,11:30:11,147.5,146.45,5000,147.05,5000,0,45000
MOTHERSUMI-III.NFO,07/01/2020,11:30:15,147.5,146.55,5000,147.05,5000,0,45000
MOTHERSUMI-III.NFO,07/01/2020,11:30:20,147.5,146.55,20000,147.15,5000,0,45000
MOTHERSUMI-III.NFO,07/01/2020,11:30:25,147.5,146.55,10000,147.15,5000,0,45000
MOTHERSUMI-III.NFO,07/01/2020,11:30:29,147.5,146.55,10000,147.05,5000,0,45000
MOTHERSUMI-III.NFO,07/01/2020,11:30:36,147.5,146.55,5000,147.1,5000,0,45000
MOTHERSUMI-III.NFO,07/01/2020,11:30:45,147.5,146.65,5000,147.2,5000,0,45000
MOTHERSUMI-III.NFO,07/01/2020,11:30:52,147.5,146.65,5000,147.15,5000,0,45000
MOTHERSUMI-III.NFO,07/01/2020,11:30:54,147.5,146.55,10000,147.1,5000,0,45000
MOTHERSUMI-III.NFO,07/01/2020,11:31:00,147.5,146.7,20000,147.25,5000,0,45000
MOTHERSUMI-III.NFO,07/01/2020,11:31:07,147.5,146.8,5000,147.35,5000,0,45000
MOTHERSUMI-III.NFO,07/01/2020,11:31:13,147.5,146.6,5000,147.15,5000,0,45000
MOTHERSUMI-III.NFO,07/01/2020,11:31:17,147.5,146.5,5000,147.1,5000,0,45000
MOTHERSUMI-III.NFO,07/01/2020,11:31:22,147.5,146.35,10000,147,5000,0,45000
MOTHERSUMI-III.NFO,07/01/2020,11:31:26,147.5,146.35,10000,146.95,5000,0,45000
MOTHERSUMI-III.NFO,07/01/2020,11:31:31,147.5,146.3,10000,146.95,5000,0,45000
MOTHERSUMI-III.NFO,07/01/2020,11:31:35,147.5,146.45,10000,147,5000,0,45000
MOTHERSUMI-III.NFO,07/01/2020,11:31:39,147.5,146.35,5000,147,5000,0,45000
MOTHERSUMI-III.NFO,07/01/2020,11:31:43,147.5,146.35,5000,146.95,15000,0,45000
MOTHERSUMI-III.NFO,07/01/2020,11:31:54,147.5,146.3,20000,146.95,15000,0,45000
MOTHERSUMI-III.NFO,07/01/2020,11:32:00,147.5,146.3,20000,146.9,5000,0,45000
MOTHERSUMI-III.NFO,07/01/2020,11:32:06,147.5,146.2,10000,146.75,5000,0,45000
MOTHERSUMI-III.NFO,07/01/2020,11:32:12,147.5,146.2,5000,146.7,5000,0,45000
MOTHERSUMI-III.NFO,07/01/2020,11:32:17,147.5,146.25,5000,146.7,5000,0,45000
MOTHERSUMI-III.NFO,07/01/2020,11:32:21,147.5,146.4,5000,147,5000,0,45000
MOTHERSUMI-III.NFO,07/01/2020,11:32:26,147.5,146.35,5000,146.95,5000,0,45000
MOTHERSUMI-III.NFO,07/01/2020,11:32:30,147.5,145.7,5000,146.2,5000,0,45000
MOTHERSUMI-III.NFO,07/01/2020,11:32:36,147.5,145.55,10000,146.1,5000,0,45000
MOTHERSUMI-III.NFO,07/01/2020,11:32:41,147.5,145.45,10000,145.95,5000,0,45000
MOTHERSUMI-III.NFO,07/01/2020,11:32:46,147.5,145.3,20000,145.95,5000,0,45000
MOTHERSUMI-III.NFO,07/01/2020,11:32:50,147.5,145.45,5000,146,5000,0,45000
MOTHERSUMI-III.NFO,07/01/2020,11:32:55,147.5,145.45,5000,146.05,5000,0,45000
MOTHERSUMI-III.NFO,07/01/2020,11:32:59,147.5,145.5,5000,146.05,5000,0,45000
MOTHERSUMI-III.NFO,07/01/2020,11:33:04,147.5,145.6,5000,146.2,5000,0,45000
MOTHERSUMI-III.NFO,07/01/2020,11:33:11,147.5,145.6,5000,146.25,5000,0,45000
MOTHERSUMI-III.NFO,07/01/2020,11:33:20,147.5,145.6,5000,146.2,15000,0,45000
MOTHERSUMI-III.NFO,07/01/2020,11:33:24,147.5,145.6,5000,146.2,5000,0,45000
MOTHERSUMI-III.NFO,07/01/2020,11:33:41,147.5,145.6,20000,146.2,5000,0,45000
MOTHERSUMI-III.NFO,07/01/2020,11:33:45,147.5,145.7,5000,146.2,5000,0,45000
MOTHERSUMI-III.NFO,07/01/2020,11:33:49,147.5,145.6,10000,146.15,5000,0,45000
MOTHERSUMI-III.NFO,07/01/2020,11:33:54,147.5,145.6,10000,146.2,5000,0,45000
MOTHERSUMI-III.NFO,07/01/2020,11:34:00,147.5,145.6,25000,146.2,5000,0,45000
MOTHERSUMI-III.NFO,07/01/2020,11:34:19,147.5,145.6,25000,146.15,5000,0,45000
MOTHERSUMI-III.NFO,07/01/2020,11:34:25,147.5,145.6,25000,146.2,5000,0,45000
MOTHERSUMI-III.NFO,07/01/2020,11:34:44,147.5,145.6,25000,146.15,5000,0,45000
MOTHERSUMI-III.NFO,07/01/2020,11:34:49,147.5,145.5,20000,146.05,5000,0,45000
MOTHERSUMI-III.NFO,07/01/2020,11:34:55,147.5,145.5,25000,146.1,5000,0,45000
MOTHERSUMI-III.NFO,07/01/2020,11:35:00,147.5,145.5,25000,146.15,5000,0,45000
MOTHERSUMI-III.NFO,07/01/2020,11:35:06,147.5,145.6,5000,146.25,5000,0,45000
MOTHERSUMI-III.NFO,07/01/2020,11:35:17,147.5,145.6,20000,146.25,5000,0,45000
MOTHERSUMI-III.NFO,07/01/2020,11:35:23,147.5,145.7,5000,146.25,5000,0,45000
MOTHERSUMI-III.NFO,07/01/2020,11:35:30,147.5,145.7,5000,146.2,5000,0,45000
MOTHERSUMI-III.NFO,07/01/2020,11:35:47,147.5,145.8,5000,146.35,5000,0,45000
MOTHERSUMI-III.NFO,07/01/2020,11:35:53,147.5,145.8,5000,146.4,5000,0,45000
MOTHERSUMI-III.NFO,07/01/2020,11:35:58,147.5,145.8,5000,146.35,5000,0,45000
MOTHERSUMI-III.NFO,07/01/2020,11:36:04,147.5,145.8,20000,146.4,5000,0,45000
MOTHERSUMI-III.NFO,07/01/2020,11:36:09,147.5,145.9,5000,146.4,5000,0,45000
MOTHERSUMI-III.NFO,07/01/2020,11:36:15,147.5,145.8,10000,146.4,5000,0,45000
MOTHERSUMI-III.NFO,07/01/2020,11:36:34,147.5,145.8,25000,146.5,5000,0,45000
MOTHERSUMI-III.NFO,07/01/2020,11:36:44,147.5,145.9,5000,146.5,5000,0,45000
MOTHERSUMI-III.NFO,07/01/2020,11:36:50,147.5,145.95,5000,146.5,5000,0,45000
MOTHERSUMI-III.NFO,07/01/2020,11:36:57,147.5,145.95,5000,146.45,5000,0,45000
MOTHERSUMI-III.NFO,07/01/2020,11:37:08,147.5,146,5000,146.5,5000,0,45000
MOTHERSUMI-III.NFO,07/01/2020,11:37:20,147.5,146,5000,146.45,5000,0,45000
MOTHERSUMI-III.NFO,07/01/2020,11:37:30,147.5,145.8,5000,146.45,5000,0,45000
MOTHERSUMI-III.NFO,07/01/2020,11:37:34,147.5,145.8,5000,146.45,15000,0,45000
MOTHERSUMI-III.NFO,07/01/2020,11:37:38,147.5,145.9,10000,146.45,15000,0,45000
MOTHERSUMI-III.NFO,07/01/2020,11:37:56,147.5,145.85,5000,146.45,15000,0,45000
MOTHERSUMI-III.NFO,07/01/2020,11:38:00,147.5,145.9,5000,146.45,15000,0,45000
MOTHERSUMI-III.NFO,07/01/2020,11:38:12,147.5,145.9,5000,146.45,5000,0,45000
MOTHERSUMI-III.NFO,07/01/2020,11:39:18,147.5,145.9,5000,146.4,5000,0,45000
MOTHERSUMI-III.NFO,07/01/2020,11:39:22,147.5,145.9,5000,146.35,5000,0,45000
MOTHERSUMI-III.NFO,07/01/2020,11:39:40,147.5,145.9,5000,146.4,5000,0,45000
MOTHERSUMI-III.NFO,07/01/2020,11:39:49,147.5,145.9,5000,146.35,5000,0,45000
MOTHERSUMI-III.NFO,07/01/2020,11:39:56,147.5,145.75,5000,146.4,5000,0,45000
MOTHERSUMI-III.NFO,07/01/2020,11:40:03,147.5,145.75,5000,146.35,5000,0,45000
MOTHERSUMI-III.NFO,07/01/2020,11:40:17,147.5,145.75,5000,146.3,5000,0,45000
MOTHERSUMI-III.NFO,07/01/2020,11:40:56,147.5,145.75,5000,146.35,5000,0,45000
MOTHERSUMI-III.NFO,07/01/2020,11:40:59,147.5,145.85,5000,146.35,5000,0,45000
MOTHERSUMI-III.NFO,07/01/2020,11:41:13,147.5,145.85,5000,146.3,5000,0,45000
MOTHERSUMI-III.NFO,07/01/2020,11:41:23,147.5,145.8,5000,146.3,5000,0,45000
MOTHERSUMI-III.NFO,07/01/2020,11:41:41,147.5,145.85,5000,146.3,5000,0,45000
MOTHERSUMI-III.NFO,07/01/2020,11:42:06,147.5,145.85,5000,146.35,5000,0,45000
MOTHERSUMI-III.NFO,07/01/2020,11:42:21,147.5,145.85,5000,146.3,5000,0,45000
MOTHERSUMI-III.NFO,07/01/2020,11:42:24,147.5,145.85,5000,146.35,5000,0,45000
MOTHERSUMI-III.NFO,07/01/2020,11:42:35,147.5,145.9,5000,146.45,5000,0,45000
MOTHERSUMI-III.NFO,07/01/2020,11:42:41,147.5,146,5000,146.6,5000,0,45000
MOTHERSUMI-III.NFO,07/01/2020,11:42:45,147.5,146.05,5000,146.6,5000,0,45000
MOTHERSUMI-III.NFO,07/01/2020,11:43:09,147.5,146.1,5000,146.6,5000,0,45000
MOTHERSUMI-III.NFO,07/01/2020,11:43:12,147.5,146.05,5000,146.6,5000,0,45000
MOTHERSUMI-III.NFO,07/01/2020,11:43:15,147.5,146.1,5000,146.6,5000,0,45000
MOTHERSUMI-III.NFO,07/01/2020,11:43:18,147.5,146.05,5000,146.6,5000,0,45000
MOTHERSUMI-III.NFO,07/01/2020,11:43:48,147.5,146.1,5000,146.6,5000,0,45000
MOTHERSUMI-III.NFO,07/01/2020,11:43:52,147.5,146.05,5000,146.6,5000,0,45000
MOTHERSUMI-III.NFO,07/01/2020,11:44:05,147.5,146.1,5000,146.6,5000,0,45000
MOTHERSUMI-III.NFO,07/01/2020,11:44:08,147.5,146.05,5000,146.6,5000,0,45000
MOTHERSUMI-III.NFO,07/01/2020,11:44:19,147.5,146.1,5000,146.6,5000,0,45000
MOTHERSUMI-III.NFO,07/01/2020,11:44:22,147.5,146.05,5000,146.6,5000,0,45000
MOTHERSUMI-III.NFO,07/01/2020,11:44:34,147.5,146.05,5000,146.55,5000,0,45000
MOTHERSUMI-III.NFO,07/01/2020,11:44:48,147.5,145.95,10000,146.5,5000,0,45000
MOTHERSUMI-III.NFO,07/01/2020,11:44:52,147.5,145.95,10000,146.55,5000,0,45000
MOTHERSUMI-III.NFO,07/01/2020,11:45:04,147.5,145.95,10000,146.5,5000,0,45000
MOTHERSUMI-III.NFO,07/01/2020,11:45:36,147.5,145.95,10000,146.55,5000,0,45000
MOTHERSUMI-III.NFO,07/01/2020,11:45:59,147.5,145.95,25000,146.55,5000,0,45000
MOTHERSUMI-III.NFO,07/01/2020,11:47:07,147.5,145.95,25000,146.5,5000,0,45000
MOTHERSUMI-III.NFO,07/01/2020,11:47:16,147.5,145.95,25000,146.45,5000,0,45000
MOTHERSUMI-III.NFO,07/01/2020,11:48:01,147.5,145.95,10000,146.45,5000,0,45000
MOTHERSUMI-III.NFO,07/01/2020,11:48:16,147.5,145.85,10000,146.4,5000,0,45000
MOTHERSUMI-III.NFO,07/01/2020,11:48:31,147.5,145.85,10000,146.35,5000,0,45000
MOTHERSUMI-III.NFO,07/01/2020,11:48:43,147.5,145.85,10000,146.4,5000,0,45000
MOTHERSUMI-III.NFO,07/01/2020,11:48:46,147.5,145.85,25000,146.4,5000,0,45000
MOTHERSUMI-III.NFO,07/01/2020,11:48:48,147.5,145.85,25000,146.35,5000,0,45000
MOTHERSUMI-III.NFO,07/01/2020,11:48:51,147.5,145.85,25000,146.4,5000,0,45000
MOTHERSUMI-III.NFO,07/01/2020,11:48:56,147.5,145.85,25000,146.35,5000,0,45000
MOTHERSUMI-III.NFO,07/01/2020,11:49:10,147.5,145.85,25000,146.4,5000,0,45000
MOTHERSUMI-III.NFO,07/01/2020,11:49:21,147.5,145.95,10000,146.4,5000,0,45000
MOTHERSUMI-III.NFO,07/01/2020,11:49:24,147.5,145.95,10000,146.45,5000,0,45000
MOTHERSUMI-III.NFO,07/01/2020,11:49:34,147.5,145.95,10000,146.4,5000,0,45000
MOTHERSUMI-III.NFO,07/01/2020,11:50:10,147.5,145.95,5000,146.4,5000,0,45000
MOTHERSUMI-III.NFO,07/01/2020,11:50:14,147.5,145.85,10000,146.35,5000,0,45000
MOTHERSUMI-III.NFO,07/01/2020,11:50:45,147.5,145.75,5000,146.3,5000,0,45000
MOTHERSUMI-III.NFO,07/01/2020,11:51:02,147.5,145.9,5000,146.4,5000,0,45000
MOTHERSUMI-III.NFO,07/01/2020,11:51:06,147.5,145.9,5000,146.45,5000,0,45000
MOTHERSUMI-III.NFO,07/01/2020,11:51:11,147.5,145.9,5000,146.4,5000,0,45000
MOTHERSUMI-III.NFO,07/01/2020,11:51:32,147.5,146,5000,146.45,5000,0,45000
MOTHERSUMI-III.NFO,07/01/2020,11:52:56,147.5,146,5000,146.4,5000,0,45000
MOTHERSUMI-III.NFO,07/01/2020,11:53:24,147.5,146,5000,146.5,5000,0,45000
MOTHERSUMI-III.NFO,07/01/2020,11:55:05,147.5,146,5000,146.45,5000,0,45000
MOTHERSUMI-III.NFO,07/01/2020,11:55:07,147.5,145.85,25000,146.45,5000,0,45000
MOTHERSUMI-III.NFO,07/01/2020,11:55:10,147.5,145.95,5000,146.45,5000,0,45000
MOTHERSUMI-III.NFO,07/01/2020,11:55:26,147.5,145.95,5000,146.4,5000,0,45000
MOTHERSUMI-III.NFO,07/01/2020,11:55:49,147.5,145.95,5000,146.45,5000,0,45000
MOTHERSUMI-III.NFO,07/01/2020,11:56:03,147.5,145.95,20000,146.5,5000,0,45000
MOTHERSUMI-III.NFO,07/01/2020,11:57:03,147.5,145.95,20000,146.45,5000,0,45000
MOTHERSUMI-III.NFO,07/01/2020,11:57:20,147.5,145.95,20000,146.5,5000,0,45000
MOTHERSUMI-III.NFO,07/01/2020,11:57:25,147.5,146.05,10000,146.5,5000,0,45000
MOTHERSUMI-III.NFO,07/01/2020,11:57:45,147.5,146.05,5000,146.45,5000,0,45000
MOTHERSUMI-III.NFO,07/01/2020,11:57:49,147.5,145.95,10000,146.45,5000,0,45000
MOTHERSUMI-III.NFO,07/01/2020,11:58:02,147.5,145.85,25000,146.45,5000,0,45000
MOTHERSUMI-III.NFO,07/01/2020,11:58:05,147.5,145.85,10000,146.45,5000,0,45000
MOTHERSUMI-III.NFO,07/01/2020,11:58:08,147.5,145.8,5000,146.35,5000,0,45000
MOTHERSUMI-III.NFO,07/01/2020,11:58:20,147.5,145.7,5000,146.2,5000,0,45000
MOTHERSUMI-III.NFO,07/01/2020,11:58:23,147.5,145.6,25000,146.15,5000,0,45000
MOTHERSUMI-III.NFO,07/01/2020,11:58:25,147.5,145.7,10000,146.2,5000,0,45000
MOTHERSUMI-III.NFO,07/01/2020,11:58:30,147.5,145.7,5000,146.25,5000,0,45000
MOTHERSUMI-III.NFO,07/01/2020,11:58:33,147.5,145.7,5000,146.2,5000,0,45000
MOTHERSUMI-III.NFO,07/01/2020,11:59:00,147.5,145.75,5000,146.2,5000,0,45000
MOTHERSUMI-III.NFO,07/01/2020,11:59:06,147.5,145.7,5000,146.2,5000,0,45000
MOTHERSUMI-III.NFO,07/01/2020,11:59:08,147.5,145.75,5000,146.2,5000,0,45000
MOTHERSUMI-III.NFO,07/01/2020,11:59:11,147.5,145.6,5000,146.15,5000,0,45000
MOTHERSUMI-III.NFO,07/01/2020,11:59:25,147.5,145.3,5000,145.85,5000,0,45000
MOTHERSUMI-III.NFO,07/01/2020,11:59:28,147.5,145.4,10000,145.95,5000,0,45000
MOTHERSUMI-III.NFO,07/01/2020,11:59:31,147.5,145.3,20000,145.85,5000,0,45000
MOTHERSUMI-III.NFO,07/01/2020,11:59:34,147.5,145.3,25000,145.9,5000,0,45000
MOTHERSUMI-III.NFO,07/01/2020,11:59:37,147.5,145.3,10000,145.85,5000,0,45000
MOTHERSUMI-III.NFO,07/01/2020,11:59:45,147.5,145.3,10000,145.8,5000,0,45000
MOTHERSUMI-III.NFO,07/01/2020,12:00:10,147.5,145.3,25000,145.85,5000,0,45000
MOTHERSUMI-III.NFO,07/01/2020,12:00:13,147.5,145.3,10000,145.8,5000,0,45000
MOTHERSUMI-III.NFO,07/01/2020,12:00:24,147.5,145.3,10000,145.75,5000,0,45000
MOTHERSUMI-III.NFO,07/01/2020,12:00:27,147.5,145.3,10000,145.85,5000,0,45000
MOTHERSUMI-III.NFO,07/01/2020,12:00:55,147.5,145.3,25000,145.85,5000,0,45000
MOTHERSUMI-III.NFO,07/01/2020,12:01:05,147.5,145.3,10000,145.85,5000,0,45000
MOTHERSUMI-III.NFO,07/01/2020,12:01:08,147.5,145.3,25000,145.85,5000,0,45000
MOTHERSUMI-III.NFO,07/01/2020,12:01:13,147.5,145.3,10000,145.85,5000,0,45000
MOTHERSUMI-III.NFO,07/01/2020,12:01:14,147.5,145.3,25000,145.85,5000,0,45000
MOTHERSUMI-III.NFO,07/01/2020,12:01:16,147.5,145.3,10000,145.8,5000,0,45000
MOTHERSUMI-III.NFO,07/01/2020,12:01:54,147.5,145.3,10000,145.75,5000,0,45000
MOTHERSUMI-III.NFO,07/01/2020,12:02:04,147.5,145.2,10000,145.75,5000,0,45000
MOTHERSUMI-III.NFO,07/01/2020,12:02:17,147.5,145.2,25000,145.75,5000,0,45000
MOTHERSUMI-III.NFO,07/01/2020,12:02:26,147.5,145.2,10000,145.7,5000,0,45000
MOTHERSUMI-III.NFO,07/01/2020,12:02:35,147.5,145.2,25000,145.75,5000,0,45000
MOTHERSUMI-III.NFO,07/01/2020,12:02:41,147.5,145.4,5000,145.85,5000,0,45000
MOTHERSUMI-III.NFO,07/01/2020,12:02:48,147.5,145.25,10000,145.85,5000,0,45000
MOTHERSUMI-III.NFO,07/01/2020,12:02:53,147.5,145.25,25000,145.85,5000,0,45000
MOTHERSUMI-III.NFO,07/01/2020,12:03:01,147.5,145.25,20000,145.8,5000,0,45000
MOTHERSUMI-III.NFO,07/01/2020,12:03:05,147.5,145.25,25000,145.8,5000,0,45000
MOTHERSUMI-III.NFO,07/01/2020,12:03:09,147.5,145.3,5000,145.8,5000,0,45000
MOTHERSUMI-III.NFO,07/01/2020,12:03:13,147.5,145.25,20000,145.85,5000,0,45000
MOTHERSUMI-III.NFO,07/01/2020,12:03:16,147.5,145.35,5000,145.85,5000,0,45000
MOTHERSUMI-III.NFO,07/01/2020,12:03:27,147.5,145.35,5000,145.8,5000,0,45000
MOTHERSUMI-III.NFO,07/01/2020,12:03:32,147.5,145.25,10000,145.75,5000,0,45000
MOTHERSUMI-III.NFO,07/01/2020,12:03:39,147.5,145.25,10000,145.8,5000,0,45000
MOTHERSUMI-III.NFO,07/01/2020,12:03:43,147.5,145.25,10000,145.75,5000,0,45000
MOTHERSUMI-III.NFO,07/01/2020,12:03:59,147.5,145.25,10000,145.8,5000,0,45000
MOTHERSUMI-III.NFO,07/01/2020,12:04:22,147.5,145.25,5000,145.75,5000,0,45000
MOTHERSUMI-III.NFO,07/01/2020,12:04:36,147.5,145.25,5000,145.65,5000,0,45000
MOTHERSUMI-III.NFO,07/01/2020,12:04:39,147.5,145.15,5000,145.6,5000,0,45000
MOTHERSUMI-III.NFO,07/01/2020,12:04:51,147.5,145.2,5000,145.6,5000,0,45000
MOTHERSUMI-III.NFO,07/01/2020,12:04:53,147.5,145.15,5000,145.6,5000,0,45000
MOTHERSUMI-III.NFO,07/01/2020,12:05:08,147.5,145.2,5000,145.6,5000,0,45000
MOTHERSUMI-III.NFO,07/01/2020,12:05:12,147.5,145.15,5000,145.75,5000,0,45000
MOTHERSUMI-III.NFO,07/01/2020,12:05:47,147.5,145.15,20000,145.75,5000,0,45000
MOTHERSUMI-III.NFO,07/01/2020,12:05:54,147.5,145.15,5000,145.6,5000,0,45000
MOTHERSUMI-III.NFO,07/01/2020,12:06:09,147.5,145.05,10000,145.55,5000,0,45000
MOTHERSUMI-III.NFO,07/01/2020,12:06:12,147.5,144.95,10000,145.45,5000,0,45000
MOTHERSUMI-III.NFO,07/01/2020,12:06:19,147.5,144.95,25000,145.6,5000,0,45000
MOTHERSUMI-III.NFO,07/01/2020,12:06:25,147.5,145.05,5000,145.6,5000,0,45000
MOTHERSUMI-III.NFO,07/01/2020,12:06:32,147.5,145.05,20000,145.6,5000,0,45000
MOTHERSUMI-III.NFO,07/01/2020,12:06:49,147.5,145.05,20000,145.65,5000,0,45000
MOTHERSUMI-III.NFO,07/01/2020,12:07:11,147.5,145.05,20000,145.6,15000,0,45000
MOTHERSUMI-III.NFO,07/01/2020,12:07:15,147.5,145.15,10000,145.7,5000,0,45000
MOTHERSUMI-III.NFO,07/01/2020,12:07:17,147.5,145.15,5000,145.65,5000,0,45000
MOTHERSUMI-III.NFO,07/01/2020,12:08:03,147.5,145.15,5000,145.6,5000,0,45000
MOTHERSUMI-III.NFO,07/01/2020,12:08:19,147.5,145.35,5000,145.8,5000,0,45000
MOTHERSUMI-III.NFO,07/01/2020,12:08:26,147.5,145.15,25000,145.75,5000,0,45000
MOTHERSUMI-III.NFO,07/01/2020,12:08:31,147.5,145.25,10000,145.8,5000,0,45000
MOTHERSUMI-III.NFO,07/01/2020,12:08:57,147.5,145.35,5000,145.75,5000,0,45000
MOTHERSUMI-III.NFO,07/01/2020,12:09:03,147.5,145.35,5000,145.8,5000,0,45000
MOTHERSUMI-III.NFO,07/01/2020,12:09:13,147.5,145.35,5000,145.75,5000,0,45000
MOTHERSUMI-III.NFO,07/01/2020,12:09:27,147.5,145.35,5000,145.8,5000,0,45000
MOTHERSUMI-III.NFO,07/01/2020,12:09:40,147.5,145.15,25000,145.75,5000,0,45000
MOTHERSUMI-III.NFO,07/01/2020,12:09:43,147.5,145.25,10000,145.8,5000,0,45000
MOTHERSUMI-III.NFO,07/01/2020,12:09:50,147.5,145.25,10000,145.75,5000,0,45000
MOTHERSUMI-III.NFO,07/01/2020,12:09:53,147.5,145.25,10000,145.7,5000,0,45000
MOTHERSUMI-III.NFO,07/01/2020,12:09:56,147.5,145.25,5000,145.75,5000,0,45000
MOTHERSUMI-III.NFO,07/01/2020,12:10:14,147.5,145.35,5000,145.75,5000,0,45000
MOTHERSUMI-III.NFO,07/01/2020,12:10:18,147.5,145.35,5000,145.8,5000,0,45000
MOTHERSUMI-III.NFO,07/01/2020,12:10:37,147.5,145.35,5000,145.75,5000,0,45000
MOTHERSUMI-III.NFO,07/01/2020,12:10:51,147.5,145.35,5000,145.8,5000,0,45000
MOTHERSUMI-III.NFO,07/01/2020,12:10:54,147.5,145.4,5000,145.9,5000,0,45000
MOTHERSUMI-III.NFO,07/01/2020,12:10:57,147.5,145.35,20000,145.95,5000,0,45000
MOTHERSUMI-III.NFO,07/01/2020,12:10:59,147.5,145.45,5000,145.95,5000,0,45000
MOTHERSUMI-III.NFO,07/01/2020,12:11:01,147.5,145.45,5000,146,5000,0,45000
MOTHERSUMI-III.NFO,07/01/2020,12:11:08,147.5,145.5,5000,146.05,5000,0,45000
MOTHERSUMI-III.NFO,07/01/2020,12:11:13,147.5,145.55,5000,146.05,5000,0,45000
MOTHERSUMI-III.NFO,07/01/2020,12:11:17,147.5,145.4,5000,145.95,5000,0,45000
MOTHERSUMI-III.NFO,07/01/2020,12:11:41,147.5,145.5,5000,145.95,5000,0,45000
MOTHERSUMI-III.NFO,07/01/2020,12:11:56,147.5,145.5,5000,146,5000,0,45000
MOTHERSUMI-III.NFO,07/01/2020,12:12:01,147.5,145.5,5000,146.05,5000,0,45000
MOTHERSUMI-III.NFO,07/01/2020,12:12:04,147.5,145.6,5000,146.05,5000,0,45000
MOTHERSUMI-III.NFO,07/01/2020,12:12:46,147.5,145.6,5000,145.95,5000,0,45000
MOTHERSUMI-III.NFO,07/01/2020,12:13:03,147.5,145.45,5000,145.95,5000,0,45000
MOTHERSUMI-III.NFO,07/01/2020,12:13:14,147.5,145.55,5000,146.05,5000,0,45000
MOTHERSUMI-III.NFO,07/01/2020,12:13:21,147.5,145.65,5000,146.05,5000,0,45000
MOTHERSUMI-III.NFO,07/01/2020,12:14:03,147.5,145.45,5000,145.9,5000,0,45000
MOTHERSUMI-III.NFO,07/01/2020,12:14:09,147.5,145.45,5000,146,5000,0,45000
MOTHERSUMI-III.NFO,07/01/2020,12:14:14,147.5,145.55,5000,146,5000,0,45000
MOTHERSUMI-III.NFO,07/01/2020,12:14:18,147.5,145.55,5000,146.05,5000,0,45000
MOTHERSUMI-III.NFO,07/01/2020,12:14:32,147.5,145.55,5000,146,5000,0,45000
MOTHERSUMI-III.NFO,07/01/2020,12:14:38,147.5,145.55,5000,146.05,5000,0,45000
MOTHERSUMI-III.NFO,07/01/2020,12:14:46,147.5,145.55,5000,146,5000,0,45000
MOTHERSUMI-III.NFO,07/01/2020,12:15:10,147.5,145.55,5000,146.05,5000,0,45000
MOTHERSUMI-III.NFO,07/01/2020,12:15:17,147.5,145.55,5000,146,5000,0,45000
MOTHERSUMI-III.NFO,07/01/2020,12:15:21,147.5,145.5,5000,145.95,15000,0,45000
MOTHERSUMI-III.NFO,07/01/2020,12:15:42,147.5,145.5,5000,145.9,5000,0,45000
MOTHERSUMI-III.NFO,07/01/2020,12:15:48,147.5,145.5,5000,145.95,15000,0,45000
MOTHERSUMI-III.NFO,07/01/2020,12:16:12,147.5,145.5,5000,145.9,5000,0,45000
MOTHERSUMI-III.NFO,07/01/2020,12:16:15,147.5,145.5,5000,145.95,15000,0,45000
MOTHERSUMI-III.NFO,07/01/2020,12:17:10,147.5,145.5,5000,145.9,5000,0,45000
MOTHERSUMI-III.NFO,07/01/2020,12:17:13,147.5,145.5,5000,145.95,15000,0,45000
MOTHERSUMI-III.NFO,07/01/2020,12:18:03,147.5,145.6,5000,145.95,15000,0,45000
MOTHERSUMI-III.NFO,07/01/2020,12:18:05,147.5,145.4,20000,145.95,15000,0,45000
MOTHERSUMI-III.NFO,07/01/2020,12:18:08,147.5,145.55,5000,146.05,5000,0,45000
MOTHERSUMI-III.NFO,07/01/2020,12:18:10,147.5,145.65,5000,146.05,5000,0,45000
MOTHERSUMI-III.NFO,07/01/2020,12:18:23,147.5,145.65,5000,146.1,5000,0,45000
MOTHERSUMI-III.NFO,07/01/2020,12:18:55,147.5,145.5,5000,146,5000,0,45000
MOTHERSUMI-III.NFO,07/01/2020,12:19:03,147.5,145.5,5000,146.1,5000,0,45000
MOTHERSUMI-III.NFO,07/01/2020,12:19:08,147.5,145.6,5000,146.15,5000,0,45000
MOTHERSUMI-III.NFO,07/01/2020,12:19:35,147.5,145.6,5000,146.2,5000,0,45000
MOTHERSUMI-III.NFO,07/01/2020,12:19:45,147.5,145.6,5000,146.15,5000,0,45000
MOTHERSUMI-III.NFO,07/01/2020,12:19:51,147.5,145.6,5000,146.1,15000,0,45000
MOTHERSUMI-III.NFO,07/01/2020,12:19:54,147.5,145.6,5000,146.15,5000,0,45000
MOTHERSUMI-III.NFO,07/01/2020,12:20:01,147.5,145.6,5000,146.2,5000,0,45000
MOTHERSUMI-III.NFO,07/01/2020,12:20:12,147.5,145.6,5000,146.15,15000,0,45000
MOTHERSUMI-III.NFO,07/01/2020,12:20:24,147.5,145.6,5000,146.15,5000,0,45000
MOTHERSUMI-III.NFO,07/01/2020,12:20:42,147.5,145.6,5000,146.2,5000,0,45000
MOTHERSUMI-III.NFO,07/01/2020,12:20:49,147.5,145.6,5000,146.15,5000,0,45000
MOTHERSUMI-III.NFO,07/01/2020,12:20:52,147.5,145.6,5000,146.15,15000,0,45000
MOTHERSUMI-III.NFO,07/01/2020,12:20:56,147.5,145.6,5000,146.2,5000,0,45000
MOTHERSUMI-III.NFO,07/01/2020,12:21:01,147.5,145.7,5000,146.2,5000,0,45000
MOTHERSUMI-III.NFO,07/01/2020,12:22:12,147.5,145.7,5000,146.15,5000,0,45000
MOTHERSUMI-III.NFO,07/01/2020,12:22:19,147.5,145.7,5000,146.2,5000,0,45000
MOTHERSUMI-III.NFO,07/01/2020,12:22:36,147.5,145.8,5000,146.2,5000,0,45000
MOTHERSUMI-III.NFO,07/01/2020,12:24:13,147.5,145.8,5000,146.35,5000,0,45000
MOTHERSUMI-III.NFO,07/01/2020,12:24:20,147.5,145.8,5000,146.3,5000,0,45000
MOTHERSUMI-III.NFO,07/01/2020,12:25:03,147.5,145.8,5000,146.25,5000,0,45000
MOTHERSUMI-III.NFO,07/01/2020,12:25:41,147.5,145.8,5000,146.35,5000,0,45000
MOTHERSUMI-III.NFO,07/01/2020,12:25:48,147.5,145.8,5000,146.3,15000,0,45000
MOTHERSUMI-III.NFO,07/01/2020,12:25:51,147.5,145.8,5000,146.35,5000,0,45000
MOTHERSUMI-III.NFO,07/01/2020,12:26:02,147.5,145.8,5000,146.3,5000,0,45000
MOTHERSUMI-III.NFO,07/01/2020,12:26:18,147.5,145.8,5000,146.3,15000,0,45000
MOTHERSUMI-III.NFO,07/01/2020,12:27:09,147.5,145.8,5000,146.35,5000,0,45000
MOTHERSUMI-III.NFO,07/01/2020,12:27:26,147.5,145.8,5000,146.3,5000,0,45000
MOTHERSUMI-III.NFO,07/01/2020,12:27:48,147.5,145.8,5000,146.35,5000,0,45000
MOTHERSUMI-III.NFO,07/01/2020,12:27:51,147.5,145.9,5000,146.35,5000,0,45000
MOTHERSUMI-III.NFO,07/01/2020,12:28:55,147.5,145.7,10000,146.2,5000,0,45000
MOTHERSUMI-III.NFO,07/01/2020,12:29:02,147.5,145.7,5000,146.25,5000,0,45000
MOTHERSUMI-III.NFO,07/01/2020,12:29:13,147.5,145.7,5000,146.3,5000,0,45000
MOTHERSUMI-III.NFO,07/01/2020,12:30:03,147.5,145.7,5000,146.2,5000,0,45000
MOTHERSUMI-III.NFO,07/01/2020,12:30:52,147.5,145.75,5000,146.2,5000,0,45000
MOTHERSUMI-III.NFO,07/01/2020,12:30:56,147.5,145.8,5000,146.35,5000,0,45000
MOTHERSUMI-III.NFO,07/01/2020,12:31:43,147.5,145.8,5000,146.3,5000,0,45000
MOTHERSUMI-III.NFO,07/01/2020,12:31:57,147.5,145.8,5000,146.25,5000,0,45000
MOTHERSUMI-III.NFO,07/01/2020,12:32:06,147.5,145.7,5000,146.2,5000,0,45000
MOTHERSUMI-III.NFO,07/01/2020,12:32:10,147.5,145.7,5000,146.25,5000,0,45000
MOTHERSUMI-III.NFO,07/01/2020,12:32:31,147.5,145.7,5000,146.2,5000,0,45000
MOTHERSUMI-III.NFO,07/01/2020,12:32:38,147.5,145.7,5000,146.1,5000,0,45000
MOTHERSUMI-III.NFO,07/01/2020,12:32:47,147.5,145.7,5000,146.2,15000,0,45000
MOTHERSUMI-III.NFO,07/01/2020,12:35:58,147.5,145.7,5000,146.25,5000,0,45000
MOTHERSUMI-III.NFO,07/01/2020,12:36:08,147.5,145.8,5000,146.25,5000,0,45000
MOTHERSUMI-III.NFO,07/01/2020,12:38:17,147.5,145.8,5000,146.35,5000,0,45000
MOTHERSUMI-III.NFO,07/01/2020,12:38:25,147.5,145.8,5000,146.3,5000,0,45000
MOTHERSUMI-III.NFO,07/01/2020,12:38:29,147.5,145.8,5000,146.35,5000,0,45000
MOTHERSUMI-III.NFO,07/01/2020,12:39:00,147.5,145.85,5000,146.35,5000,0,45000
MOTHERSUMI-III.NFO,07/01/2020,12:39:03,147.5,145.9,5000,146.35,5000,0,45000
MOTHERSUMI-III.NFO,07/01/2020,12:39:36,147.5,145.9,5000,146.3,5000,0,45000
MOTHERSUMI-III.NFO,07/01/2020,12:39:39,147.5,145.9,5000,146.35,5000,0,45000
MOTHERSUMI-III.NFO,07/01/2020,12:39:57,147.5,145.9,5000,146.3,5000,0,45000
MOTHERSUMI-III.NFO,07/01/2020,12:40:58,147.5,145.9,5000,146.25,5000,0,45000
MOTHERSUMI-III.NFO,07/01/2020,12:41:02,147.5,145.9,5000,146.3,10000,0,45000
MOTHERSUMI-III.NFO,07/01/2020,12:41:13,147.5,145.9,5000,146.3,5000,0,45000
MOTHERSUMI-III.NFO,07/01/2020,12:41:19,147.5,145.9,20000,146.45,5000,0,45000
MOTHERSUMI-III.NFO,07/01/2020,12:41:22,147.5,146,5000,146.45,5000,0,45000
MOTHERSUMI-III.NFO,07/01/2020,12:41:27,147.5,146,5000,146.5,5000,0,45000
MOTHERSUMI-III.NFO,07/01/2020,12:41:36,147.5,146.05,5000,146.5,5000,0,45000
MOTHERSUMI-III.NFO,07/01/2020,12:41:39,147.5,146,5000,146.5,10000,0,45000
MOTHERSUMI-III.NFO,07/01/2020,12:41:50,147.5,146,5000,146.4,5000,0,45000
MOTHERSUMI-III.NFO,07/01/2020,12:42:00,147.5,146,5000,146.5,5000,0,45000
MOTHERSUMI-III.NFO,07/01/2020,12:42:02,147.5,146.1,5000,146.5,5000,0,45000
MOTHERSUMI-III.NFO,07/01/2020,12:42:49,147.5,146.1,5000,146.6,5000,0,45000
MOTHERSUMI-III.NFO,07/01/2020,12:43:18,147.5,146.2,5000,146.6,5000,0,45000
MOTHERSUMI-III.NFO,07/01/2020,12:43:25,147.5,146,25000,146.6,5000,0,45000
MOTHERSUMI-III.NFO,07/01/2020,12:43:41,147.5,146.1,10000,146.6,5000,0,45000
MOTHERSUMI-III.NFO,07/01/2020,12:43:45,147.5,146.1,5000,146.65,5000,0,45000
MOTHERSUMI-III.NFO,07/01/2020,12:44:08,147.5,146.1,5000,146.65,10000,0,45000
MOTHERSUMI-III.NFO,07/01/2020,12:44:10,147.5,146.2,5000,146.65,10000,0,45000
MOTHERSUMI-III.NFO,07/01/2020,12:44:20,147.5,146.2,5000,146.65,5000,0,45000
MOTHERSUMI-III.NFO,07/01/2020,12:44:58,147.5,146.2,5000,146.65,10000,0,45000
MOTHERSUMI-III.NFO,07/01/2020,12:45:53,147.5,146.2,5000,146.65,5000,0,45000
MOTHERSUMI-III.NFO,07/01/2020,12:46:19,147.5,146.3,5000,146.7,5000,0,45000
MOTHERSUMI-III.NFO,07/01/2020,12:46:24,147.5,146.3,5000,146.8,10000,0,45000
MOTHERSUMI-III.NFO,07/01/2020,12:46:33,147.5,146.3,5000,146.7,5000,0,45000
MOTHERSUMI-III.NFO,07/01/2020,12:47:34,147.5,146.15,5000,146.7,5000,0,45000
MOTHERSUMI-III.NFO,07/01/2020,12:47:37,147.5,146.15,5000,146.7,10000,0,45000
MOTHERSUMI-III.NFO,07/01/2020,12:47:51,147.5,146.15,5000,146.7,5000,0,45000
MOTHERSUMI-III.NFO,07/01/2020,12:47:55,147.5,146.25,5000,146.7,5000,0,45000
MOTHERSUMI-III.NFO,07/01/2020,12:48:08,147.5,146.25,5000,146.7,10000,0,45000
MOTHERSUMI-III.NFO,07/01/2020,12:48:26,147.5,146.25,5000,146.7,5000,0,45000
MOTHERSUMI-III.NFO,07/01/2020,12:48:46,147.5,146.25,5000,146.7,10000,0,45000
MOTHERSUMI-III.NFO,07/01/2020,12:49:03,147.5,146.25,5000,146.65,5000,0,45000
MOTHERSUMI-III.NFO,07/01/2020,12:49:17,147.5,146.25,5000,146.65,10000,0,45000
MOTHERSUMI-III.NFO,07/01/2020,12:49:25,147.5,146.25,5000,146.65,5000,0,45000
MOTHERSUMI-III.NFO,07/01/2020,12:49:29,147.5,146.25,5000,146.65,10000,0,45000
MOTHERSUMI-III.NFO,07/01/2020,12:50:52,147.5,146.25,5000,146.55,5000,0,45000
MOTHERSUMI-III.NFO,07/01/2020,12:52:42,147.5,146.25,5000,146.55,10000,0,45000
MOTHERSUMI-III.NFO,07/01/2020,12:53:07,147.5,146,10000,146.55,10000,0,45000
MOTHERSUMI-III.NFO,07/01/2020,12:53:45,147.5,146.1,5000,146.6,10000,0,45000
MOTHERSUMI-III.NFO,07/01/2020,12:54:03,147.5,146.15,5000,146.6,10000,0,45000
MOTHERSUMI-III.NFO,07/01/2020,12:54:06,147.5,146,25000,146.6,10000,0,45000
MOTHERSUMI-III.NFO,07/01/2020,12:54:25,147.5,146.1,5000,146.5,5000,0,45000
MOTHERSUMI-III.NFO,07/01/2020,12:54:39,147.5,146.1,5000,146.6,5000,0,45000
MOTHERSUMI-III.NFO,07/01/2020,12:55:23,147.5,146.2,5000,146.6,5000,0,45000
MOTHERSUMI-III.NFO,07/01/2020,12:56:23,147.5,146.2,5000,146.6,10000,0,45000
MOTHERSUMI-III.NFO,07/01/2020,12:56:40,147.5,146.2,5000,146.5,5000,0,45000
MOTHERSUMI-III.NFO,07/01/2020,12:57:49,147.5,146.05,5000,146.5,10000,0,45000
MOTHERSUMI-III.NFO,07/01/2020,12:59:56,147.5,145.85,5000,146.3,5000,0,45000
MOTHERSUMI-III.NFO,07/01/2020,13:00:13,147.5,145.85,5000,146.25,5000,0,45000
MOTHERSUMI-III.NFO,07/01/2020,13:01:33,147.5,145.85,5000,146.25,10000,0,45000
MOTHERSUMI-III.NFO,07/01/2020,13:01:45,147.5,145.85,5000,146.3,5000,0,45000
MOTHERSUMI-III.NFO,07/01/2020,13:02:19,147.5,145.85,5000,146.3,10000,0,45000
MOTHERSUMI-III.NFO,07/01/2020,13:02:30,147.5,145.85,5000,146.25,5000,0,45000
MOTHERSUMI-III.NFO,07/01/2020,13:02:36,147.5,145.85,5000,146.25,10000,0,45000
MOTHERSUMI-III.NFO,07/01/2020,13:02:45,147.5,145.85,5000,146.25,5000,0,45000
MOTHERSUMI-III.NFO,07/01/2020,13:03:08,147.5,145.85,5000,146.25,10000,0,45000
MOTHERSUMI-III.NFO,07/01/2020,13:03:20,147.5,145.85,5000,146.25,5000,0,45000
MOTHERSUMI-III.NFO,07/01/2020,13:03:42,147.5,145.75,5000,146.25,10000,0,45000
MOTHERSUMI-III.NFO,07/01/2020,13:03:56,147.5,145.75,5000,146.25,5000,0,45000
MOTHERSUMI-III.NFO,07/01/2020,13:04:23,147.5,145.75,5000,146.15,5000,0,45000
MOTHERSUMI-III.NFO,07/01/2020,13:04:44,147.5,145.75,5000,146.15,10000,0,45000
MOTHERSUMI-III.NFO,07/01/2020,13:04:51,147.5,145.75,5000,146.05,5000,0,45000
MOTHERSUMI-III.NFO,07/01/2020,13:04:58,147.5,145.75,5000,146.1,5000,0,45000
MOTHERSUMI-III.NFO,07/01/2020,13:05:05,147.5,145.75,5000,146.1,10000,0,45000
MOTHERSUMI-III.NFO,07/01/2020,13:05:12,147.5,145.55,10000,146.1,10000,0,45000
MOTHERSUMI-III.NFO,07/01/2020,13:05:36,147.5,145.55,25000,146.15,5000,0,45000
MOTHERSUMI-III.NFO,07/01/2020,13:05:53,147.5,145.55,25000,146.15,10000,0,45000
MOTHERSUMI-III.NFO,07/01/2020,13:05:59,147.5,145.65,10000,146.15,10000,0,45000
MOTHERSUMI-III.NFO,07/01/2020,13:06:05,147.5,145.65,10000,146.05,5000,0,45000
MOTHERSUMI-III.NFO,07/01/2020,13:06:17,147.5,145.65,5000,146.05,5000,0,45000
MOTHERSUMI-III.NFO,07/01/2020,13:07:02,147.5,145.65,5000,146.05,10000,0,45000
MOTHERSUMI-III.NFO,07/01/2020,13:07:07,147.5,145.65,5000,146.05,5000,0,45000
MOTHERSUMI-III.NFO,07/01/2020,13:07:12,147.5,145.65,5000,146.05,10000,0,45000
MOTHERSUMI-III.NFO,07/01/2020,13:07:17,147.5,145.65,5000,146.05,5000,0,45000
MOTHERSUMI-III.NFO,07/01/2020,13:07:48,147.5,145.65,5000,146.05,10000,0,45000
MOTHERSUMI-III.NFO,07/01/2020,13:07:53,147.5,145.65,5000,146.05,5000,0,45000
MOTHERSUMI-III.NFO,07/01/2020,13:07:59,147.5,145.65,5000,146.05,10000,0,45000
MOTHERSUMI-III.NFO,07/01/2020,13:08:25,147.5,145.65,5000,146,5000,0,45000
MOTHERSUMI-III.NFO,07/01/2020,13:08:34,147.5,145.45,10000,146,5000,0,45000
MOTHERSUMI-III.NFO,07/01/2020,13:08:43,147.5,145.45,10000,146,10000,0,45000
MOTHERSUMI-III.NFO,07/01/2020,13:08:50,147.5,145.45,10000,146,5000,0,45000
MOTHERSUMI-III.NFO,07/01/2020,13:08:56,147.5,145.45,10000,146,10000,0,45000
MOTHERSUMI-III.NFO,07/01/2020,13:09:11,147.5,145.3,5000,145.9,10000,0,45000
MOTHERSUMI-III.NFO,07/01/2020,13:09:19,147.5,145.4,5000,145.9,10000,0,45000
MOTHERSUMI-III.NFO,07/01/2020,13:09:26,147.5,145.4,5000,145.85,5000,0,45000
MOTHERSUMI-III.NFO,07/01/2020,13:09:33,147.5,145.4,5000,145.85,10000,0,45000
MOTHERSUMI-III.NFO,07/01/2020,13:09:39,147.5,145.4,5000,145.85,5000,0,45000
MOTHERSUMI-III.NFO,07/01/2020,13:09:45,147.5,145.4,5000,145.85,10000,0,45000
MOTHERSUMI-III.NFO,07/01/2020,13:09:51,147.5,145.4,5000,145.85,5000,0,45000
MOTHERSUMI-III.NFO,07/01/2020,13:10:10,147.5,145.4,5000,145.85,10000,0,45000
MOTHERSUMI-III.NFO,07/01/2020,13:10:35,147.5,145.4,5000,145.7,5000,0,45000
MOTHERSUMI-III.NFO,07/01/2020,13:11:06,147.5,145.4,5000,145.8,5000,0,45000
MOTHERSUMI-III.NFO,07/01/2020,13:11:55,147.5,145.4,5000,145.8,10000,0,45000
MOTHERSUMI-III.NFO,07/01/2020,13:12:18,147.5,145.4,5000,145.8,5000,0,45000
MOTHERSUMI-III.NFO,07/01/2020,13:12:28,147.5,145.4,5000,145.8,10000,0,45000
MOTHERSUMI-III.NFO,07/01/2020,13:12:38,147.5,145.4,5000,145.8,5000,0,45000
MOTHERSUMI-III.NFO,07/01/2020,13:13:36,147.5,145.4,5000,145.8,10000,0,45000
MOTHERSUMI-III.NFO,07/01/2020,13:13:41,147.5,145.4,5000,145.8,5000,0,45000
MOTHERSUMI-III.NFO,07/01/2020,13:14:00,147.5,145.4,5000,145.75,5000,0,45000
MOTHERSUMI-III.NFO,07/01/2020,13:14:04,147.5,145.4,5000,145.75,10000,0,45000
MOTHERSUMI-III.NFO,07/01/2020,13:14:10,147.5,145.4,5000,145.7,5000,0,45000
MOTHERSUMI-III.NFO,07/01/2020,13:14:15,147.5,145.4,5000,145.75,5000,0,45000
MOTHERSUMI-III.NFO,07/01/2020,13:14:22,147.5,145.4,5000,145.8,5000,0,45000
MOTHERSUMI-III.NFO,07/01/2020,13:14:27,147.5,145.4,5000,145.8,10000,0,45000
MOTHERSUMI-III.NFO,07/01/2020,13:14:37,147.5,145.4,5000,145.8,5000,0,45000
MOTHERSUMI-III.NFO,07/01/2020,13:14:49,147.5,145.4,5000,145.8,10000,0,45000
MOTHERSUMI-III.NFO,07/01/2020,13:15:00,147.5,145.4,5000,145.7,5000,0,45000
MOTHERSUMI-III.NFO,07/01/2020,13:16:08,147.5,145.4,5000,145.75,5000,0,45000
MOTHERSUMI-III.NFO,07/01/2020,13:16:15,147.5,145.4,5000,145.8,5000,0,45000
MOTHERSUMI-III.NFO,07/01/2020,13:16:21,147.5,145.35,5000,145.75,10000,0,45000
MOTHERSUMI-III.NFO,07/01/2020,13:16:33,147.5,145.35,5000,145.65,5000,0,45000
MOTHERSUMI-III.NFO,07/01/2020,13:16:45,147.5,145.35,5000,145.7,5000,0,45000
MOTHERSUMI-III.NFO,07/01/2020,13:16:51,147.5,145.35,5000,145.9,10000,0,45000
MOTHERSUMI-III.NFO,07/01/2020,13:16:57,147.5,145.35,5000,145.9,5000,0,45000
MOTHERSUMI-III.NFO,07/01/2020,13:17:02,147.5,145.45,5000,145.9,10000,0,45000
MOTHERSUMI-III.NFO,07/01/2020,13:17:07,147.5,145.45,5000,145.95,5000,0,45000
MOTHERSUMI-III.NFO,07/01/2020,13:17:16,147.5,145.5,5000,145.95,10000,0,45000
MOTHERSUMI-III.NFO,07/01/2020,13:17:21,147.5,145.55,5000,145.9,5000,0,45000
MOTHERSUMI-III.NFO,07/01/2020,13:17:28,147.5,145.35,10000,145.8,5000,0,45000
MOTHERSUMI-III.NFO,07/01/2020,13:17:56,147.5,145.35,5000,145.7,5000,0,45000
MOTHERSUMI-III.NFO,07/01/2020,13:18:06,147.5,145.25,5000,145.6,10000,0,45000
MOTHERSUMI-III.NFO,07/01/2020,13:18:11,147.5,145.35,5000,145.7,5000,0,45000
MOTHERSUMI-III.NFO,07/01/2020,13:18:17,147.5,145.35,5000,145.75,5000,0,45000
MOTHERSUMI-III.NFO,07/01/2020,13:18:28,147.5,145.25,5000,145.8,5000,0,45000
MOTHERSUMI-III.NFO,07/01/2020,13:18:51,147.5,145.25,5000,145.8,10000,0,45000
MOTHERSUMI-III.NFO,07/01/2020,13:18:56,147.5,145.25,5000,145.7,5000,0,45000
MOTHERSUMI-III.NFO,07/01/2020,13:19:02,147.5,145.25,5000,145.6,5000,0,45000
MOTHERSUMI-III.NFO,07/01/2020,13:19:14,147.5,145.25,5000,145.7,5000,0,45000
MOTHERSUMI-III.NFO,07/01/2020,13:19:59,147.5,145.35,5000,145.7,5000,0,45000
MOTHERSUMI-III.NFO,07/01/2020,13:20:04,147.5,145.35,5000,145.75,5000,0,45000
MOTHERSUMI-III.NFO,07/01/2020,13:20:14,147.5,145.35,5000,145.8,5000,0,45000
MOTHERSUMI-III.NFO,07/01/2020,13:20:28,147.5,145.35,5000,145.8,10000,0,45000
MOTHERSUMI-III.NFO,07/01/2020,13:20:44,147.5,145.35,5000,145.7,5000,0,45000
MOTHERSUMI-III.NFO,07/01/2020,13:21:13,147.5,145.25,5000,145.55,5000,0,45000
MOTHERSUMI-III.NFO,07/01/2020,13:21:38,147.5,145.25,5000,145.55,10000,0,45000
MOTHERSUMI-III.NFO,07/01/2020,13:21:48,147.5,145.05,10000,145.6,5000,0,45000
MOTHERSUMI-III.NFO,07/01/2020,13:22:14,147.5,145.15,10000,145.6,5000,0,45000
MOTHERSUMI-III.NFO,07/01/2020,13:22:26,147.5,145.15,10000,145.75,10000,0,45000
MOTHERSUMI-III.NFO,07/01/2020,13:22:42,147.5,145.15,10000,145.6,5000,0,45000
MOTHERSUMI-III.NFO,07/01/2020,13:22:52,147.5,145.15,5000,145.6,5000,0,45000
MOTHERSUMI-III.NFO,07/01/2020,13:23:54,147.5,145,25000,145.6,5000,0,45000
MOTHERSUMI-III.NFO,07/01/2020,13:24:06,147.5,145.15,5000,145.6,5000,0,45000
MOTHERSUMI-III.NFO,07/01/2020,13:24:12,147.5,145.25,5000,145.8,10000,0,45000
MOTHERSUMI-III.NFO,07/01/2020,13:24:34,147.5,145.25,5000,145.7,5000,0,45000
MOTHERSUMI-III.NFO,07/01/2020,13:24:41,147.5,145.25,5000,145.7,10000,0,45000
MOTHERSUMI-III.NFO,07/01/2020,13:24:48,147.5,145.35,5000,145.8,5000,0,45000
MOTHERSUMI-III.NFO,07/01/2020,13:25:19,147.5,145.35,5000,145.8,10000,0,45000
MOTHERSUMI-III.NFO,07/01/2020,13:25:32,147.5,145.15,10000,145.8,10000,0,45000
MOTHERSUMI-III.NFO,07/01/2020,13:25:38,147.5,145.15,25000,145.8,10000,0,45000
MOTHERSUMI-III.NFO,07/01/2020,13:25:56,147.5,145.25,25000,145.8,5000,0,45000
MOTHERSUMI-III.NFO,07/01/2020,13:26:00,147.5,145.35,10000,145.9,5000,0,45000
MOTHERSUMI-III.NFO,07/01/2020,13:26:05,147.5,145.35,5000,145.9,5000,0,45000
MOTHERSUMI-III.NFO,07/01/2020,13:26:20,147.5,145.45,5000,146,10000,0,45000
MOTHERSUMI-III.NFO,07/01/2020,13:26:59,147.5,145.45,5000,146,5000,0,45000
MOTHERSUMI-III.NFO,07/01/2020,13:27:10,147.5,145.45,5000,146,10000,0,45000
MOTHERSUMI-III.NFO,07/01/2020,13:27:22,147.5,145.45,5000,146,5000,0,45000
MOTHERSUMI-III.NFO,07/01/2020,13:27:27,147.5,145.45,5000,146,10000,0,45000
MOTHERSUMI-III.NFO,07/01/2020,13:27:32,147.5,145.45,5000,145.9,5000,0,45000
MOTHERSUMI-III.NFO,07/01/2020,13:27:38,147.5,145.55,5000,146,10000,0,45000
MOTHERSUMI-III.NFO,07/01/2020,13:27:51,147.5,145.55,5000,146,20000,0,45000
MOTHERSUMI-III.NFO,07/01/2020,13:27:58,147.5,145.55,5000,145.8,5000,0,45000
MOTHERSUMI-III.NFO,07/01/2020,13:28:03,147.5,145.55,5000,145.95,5000,0,45000
MOTHERSUMI-III.NFO,07/01/2020,13:28:42,147.5,145.2,25000,145.8,5000,0,45000
MOTHERSUMI-III.NFO,07/01/2020,13:28:53,147.5,145.25,5000,145.7,5000,0,45000
MOTHERSUMI-III.NFO,07/01/2020,13:29:01,145.25,145.15,5000,145.7,5000,5000,45000
MOTHERSUMI-III.NFO,07/01/2020,13:29:01,145.25,145.15,5000,145.7,5000,0,45000
MOTHERSUMI-III.NFO,07/01/2020,13:29:07,145.25,145.05,5000,145.7,10000,0,45000
MOTHERSUMI-III.NFO,07/01/2020,13:29:26,145.25,145.15,5000,145.7,10000,0,45000
MOTHERSUMI-III.NFO,07/01/2020,13:29:38,145.25,145.15,5000,145.6,10000,0,45000
MOTHERSUMI-III.NFO,07/01/2020,13:29:45,145.25,145.15,5000,145.55,5000,0,45000
MOTHERSUMI-III.NFO,07/01/2020,13:29:50,145.25,144.95,10000,145.55,10000,0,45000
MOTHERSUMI-III.NFO,07/01/2020,13:29:57,145.25,144.95,25000,145.55,5000,0,45000
MOTHERSUMI-III.NFO,07/01/2020,13:30:03,145.25,144.95,10000,145.55,5000,0,45000
MOTHERSUMI-III.NFO,07/01/2020,13:30:10,145.25,144.95,10000,145.5,15000,0,45000
MOTHERSUMI-III.NFO,07/01/2020,13:30:44,145.25,144.95,10000,145.55,15000,0,45000
MOTHERSUMI-III.NFO,07/01/2020,13:30:51,145.25,144.95,10000,145.45,5000,0,45000
MOTHERSUMI-III.NFO,07/01/2020,13:31:10,145.25,144.95,10000,145.55,15000,0,45000
MOTHERSUMI-III.NFO,07/01/2020,13:31:27,145.25,144.95,25000,145.55,15000,0,45000
MOTHERSUMI-III.NFO,07/01/2020,13:31:51,145.25,145.05,5000,145.65,5000,0,45000
MOTHERSUMI-III.NFO,07/01/2020,13:32:06,145.25,145.05,20000,145.65,5000,0,45000
MOTHERSUMI-III.NFO,07/01/2020,13:32:13,145.25,145.05,5000,145.5,10000,0,45000
MOTHERSUMI-III.NFO,07/01/2020,13:32:18,145.25,145.05,5000,145.55,10000,0,45000
MOTHERSUMI-III.NFO,07/01/2020,13:32:34,145.25,145.05,5000,145.55,5000,0,45000
MOTHERSUMI-III.NFO,07/01/2020,13:32:41,145.25,145.05,5000,145.6,5000,0,45000
MOTHERSUMI-III.NFO,07/01/2020,13:32:46,145.25,145.05,5000,145.55,5000,0,45000
MOTHERSUMI-III.NFO,07/01/2020,13:32:52,145.25,145.05,5000,145.5,10000,0,45000
MOTHERSUMI-III.NFO,07/01/2020,13:32:57,145.25,145.05,5000,145.5,5000,0,45000
MOTHERSUMI-III.NFO,07/01/2020,13:33:02,145.25,145.05,5000,145.5,10000,0,45000
MOTHERSUMI-III.NFO,07/01/2020,13:33:07,145.25,145.05,5000,145.6,15000,0,45000
MOTHERSUMI-III.NFO,07/01/2020,13:33:20,145.25,145.05,5000,145.5,5000,0,45000
MOTHERSUMI-III.NFO,07/01/2020,13:33:41,145.25,145.05,5000,145.6,15000,0,45000
MOTHERSUMI-III.NFO,07/01/2020,13:33:46,145.25,145.15,5000,145.5,5000,0,45000
MOTHERSUMI-III.NFO,07/01/2020,13:33:57,145.25,145.05,10000,145.6,10000,0,45000
MOTHERSUMI-III.NFO,07/01/2020,13:34:06,145.25,145.05,10000,145.5,5000,0,45000
MOTHERSUMI-III.NFO,07/01/2020,13:34:15,145.25,145.05,10000,145.6,15000,0,45000
MOTHERSUMI-III.NFO,07/01/2020,13:34:21,145.25,145.05,5000,145.6,15000,0,45000
MOTHERSUMI-III.NFO,07/01/2020,13:34:40,145.25,145.05,5000,145.6,10000,0,45000
MOTHERSUMI-III.NFO,07/01/2020,13:35:02,145.25,145.15,5000,145.6,10000,0,45000
MOTHERSUMI-III.NFO,07/01/2020,13:35:08,145.25,145.25,5000,145.75,15000,0,45000
MOTHERSUMI-III.NFO,07/01/2020,13:35:14,145.25,145.25,5000,145.75,10000,0,45000
MOTHERSUMI-III.NFO,07/01/2020,13:35:20,145.25,145.25,5000,145.75,15000,0,45000
MOTHERSUMI-III.NFO,07/01/2020,13:35:24,145.25,145.1,10000,145.65,5000,0,45000
MOTHERSUMI-III.NFO,07/01/2020,13:35:30,145.25,145.1,25000,145.75,15000,0,45000
MOTHERSUMI-III.NFO,07/01/2020,13:35:36,145.25,145.1,25000,145.75,10000,0,45000
MOTHERSUMI-III.NFO,07/01/2020,13:35:50,145.25,145.1,25000,145.75,15000,0,45000
MOTHERSUMI-III.NFO,07/01/2020,13:36:13,145.25,145.1,25000,145.75,10000,0,45000
MOTHERSUMI-III.NFO,07/01/2020,13:36:27,145.25,145.1,25000,145.75,15000,0,45000
MOTHERSUMI-III.NFO,07/01/2020,13:36:44,145.25,145.1,25000,145.65,5000,0,45000
MOTHERSUMI-III.NFO,07/01/2020,13:36:55,145.25,145.1,25000,145.75,15000,0,45000
MOTHERSUMI-III.NFO,07/01/2020,13:37:00,145.25,145.1,25000,145.75,10000,0,45000
MOTHERSUMI-III.NFO,07/01/2020,13:37:05,145.25,145.1,25000,145.75,15000,0,45000
MOTHERSUMI-III.NFO,07/01/2020,13:37:36,145.25,145.1,25000,145.65,5000,0,45000
MOTHERSUMI-III.NFO,07/01/2020,13:37:41,145.25,145.1,25000,145.7,5000,0,45000
MOTHERSUMI-III.NFO,07/01/2020,13:37:46,145.25,145.2,5000,145.75,15000,0,45000
MOTHERSUMI-III.NFO,07/01/2020,13:37:50,145.25,145.2,5000,145.75,10000,0,45000
MOTHERSUMI-III.NFO,07/01/2020,13:37:53,145.25,145.2,5000,145.75,15000,0,45000
MOTHERSUMI-III.NFO,07/01/2020,13:37:56,145.25,145.2,5000,145.75,10000,0,45000
MOTHERSUMI-III.NFO,07/01/2020,13:38:00,145.25,145.2,5000,145.75,15000,0,45000
MOTHERSUMI-III.NFO,07/01/2020,13:38:05,145.25,145.2,5000,145.75,10000,0,45000
MOTHERSUMI-III.NFO,07/01/2020,13:38:18,145.25,145.3,5000,145.75,10000,0,45000
MOTHERSUMI-III.NFO,07/01/2020,13:38:24,145.25,145.3,5000,145.75,15000,0,45000
MOTHERSUMI-III.NFO,07/01/2020,13:38:39,145.25,145.25,5000,145.6,10000,0,45000
MOTHERSUMI-III.NFO,07/01/2020,13:38:52,145.25,145.25,5000,145.65,10000,0,45000
MOTHERSUMI-III.NFO,07/01/2020,13:39:19,145.25,145.25,5000,145.65,15000,0,45000
MOTHERSUMI-III.NFO,07/01/2020,13:39:24,145.25,145.25,5000,145.65,10000,0,45000
MOTHERSUMI-III.NFO,07/01/2020,13:39:31,145.25,145.25,5000,145.65,15000,0,45000
MOTHERSUMI-III.NFO,07/01/2020,13:40:10,145.25,145.25,5000,145.65,10000,0,45000
MOTHERSUMI-III.NFO,07/01/2020,13:40:14,145.25,145.05,10000,145.55,10000,0,45000
MOTHERSUMI-III.NFO,07/01/2020,13:40:32,145.25,145.05,10000,145.6,15000,0,45000
MOTHERSUMI-III.NFO,07/01/2020,13:40:38,145.25,144.8,5000,145.35,10000,0,45000
MOTHERSUMI-III.NFO,07/01/2020,13:40:46,145.25,144.8,20000,145.4,10000,0,45000
MOTHERSUMI-III.NFO,07/01/2020,13:40:51,145.25,144.8,5000,145.25,10000,0,45000
MOTHERSUMI-III.NFO,07/01/2020,13:40:56,145.25,144.8,5000,145.35,5000,0,45000
MOTHERSUMI-III.NFO,07/01/2020,13:41:08,145.25,144.8,5000,145.3,10000,0,45000
MOTHERSUMI-III.NFO,07/01/2020,13:41:13,145.25,144.8,5000,145.3,5000,0,45000
MOTHERSUMI-III.NFO,07/01/2020,13:41:21,145.25,144.8,5000,145.35,15000,0,45000
MOTHERSUMI-III.NFO,07/01/2020,13:41:27,145.25,144.8,5000,145.35,5000,0,45000
MOTHERSUMI-III.NFO,07/01/2020,13:41:37,145.25,144.8,5000,145.4,15000,0,45000
MOTHERSUMI-III.NFO,07/01/2020,13:41:42,145.25,144.8,5000,145.4,10000,0,45000
MOTHERSUMI-III.NFO,07/01/2020,13:41:50,145.25,144.8,5000,145.3,5000,0,45000
MOTHERSUMI-III.NFO,07/01/2020,13:42:00,145.25,144.8,5000,145.35,5000,0,45000
MOTHERSUMI-III.NFO,07/01/2020,13:42:10,145.25,144.8,5000,145.35,10000,0,45000
MOTHERSUMI-III.NFO,07/01/2020,13:42:14,145.25,144.8,5000,145.4,10000,0,45000
MOTHERSUMI-III.NFO,07/01/2020,13:42:21,145.25,144.8,5000,145.5,15000,0,45000
MOTHERSUMI-III.NFO,07/01/2020,13:42:28,145.25,144.95,10000,145.55,15000,0,45000
MOTHERSUMI-III.NFO,07/01/2020,13:42:33,145.25,144.95,10000,145.4,10000,0,45000
MOTHERSUMI-III.NFO,07/01/2020,13:42:38,145.25,144.95,10000,145.45,10000,0,45000
MOTHERSUMI-III.NFO,07/01/2020,13:42:54,145.25,144.95,5000,145.45,10000,0,45000
MOTHERSUMI-III.NFO,07/01/2020,13:43:03,145.25,144.95,5000,145.35,5000,0,45000
MOTHERSUMI-III.NFO,07/01/2020,13:43:11,145.25,144.95,5000,145.4,10000,0,45000
MOTHERSUMI-III.NFO,07/01/2020,13:43:14,145.25,144.95,5000,145.45,15000,0,45000
MOTHERSUMI-III.NFO,07/01/2020,13:43:24,145.25,144.95,5000,145.45,10000,0,45000
MOTHERSUMI-III.NFO,07/01/2020,13:43:39,145.25,144.95,5000,145.45,15000,0,45000
MOTHERSUMI-III.NFO,07/01/2020,13:43:48,145.25,144.7,5000,145.15,5000,0,45000
MOTHERSUMI-III.NFO,07/01/2020,13:43:54,145.25,144.4,20000,145.15,15000,0,45000
MOTHERSUMI-III.NFO,07/01/2020,13:43:59,145.25,144.35,5000,145.15,15000,0,45000
MOTHERSUMI-III.NFO,07/01/2020,13:44:03,145.25,144.45,5000,145.15,15000,0,45000
MOTHERSUMI-III.NFO,07/01/2020,13:44:07,145.25,144.45,5000,145,10000,0,45000
MOTHERSUMI-III.NFO,07/01/2020,13:44:17,145.25,144.5,15000,145.1,15000,0,45000
MOTHERSUMI-III.NFO,07/01/2020,13:44:22,145.25,144.55,10000,145,5000,0,45000
MOTHERSUMI-III.NFO,07/01/2020,13:44:27,145.25,144.4,5000,144.9,5000,0,45000
MOTHERSUMI-III.NFO,07/01/2020,13:44:31,145.25,144.5,5000,144.95,5000,0,45000
MOTHERSUMI-III.NFO,07/01/2020,13:44:35,145.25,144.5,5000,145,15000,0,45000
MOTHERSUMI-III.NFO,07/01/2020,13:44:39,145.25,144.5,5000,144.9,5000,0,45000
MOTHERSUMI-III.NFO,07/01/2020,13:44:59,145.25,144.5,5000,144.85,10000,0,45000
MOTHERSUMI-III.NFO,07/01/2020,13:45:03,145.25,144.5,5000,144.9,10000,0,45000
MOTHERSUMI-III.NFO,07/01/2020,13:45:14,145.25,144.5,5000,144.95,10000,0,45000
MOTHERSUMI-III.NFO,07/01/2020,13:45:21,145.25,144.6,5000,145.05,10000,0,45000
MOTHERSUMI-III.NFO,07/01/2020,13:45:27,145.25,144.7,5000,145.15,25000,0,45000
MOTHERSUMI-III.NFO,07/01/2020,13:45:31,145.25,144.7,5000,145.15,10000,0,45000
MOTHERSUMI-III.NFO,07/01/2020,13:45:55,145.25,144.7,5000,145.15,15000,0,45000
MOTHERSUMI-III.NFO,07/01/2020,13:46:47,145.25,144.9,5000,145.35,10000,0,45000
MOTHERSUMI-III.NFO,07/01/2020,13:46:55,145.25,145,5000,145.45,10000,0,45000
MOTHERSUMI-III.NFO,07/01/2020,13:47:24,145.25,145.1,5000,145.6,15000,0,45000
MOTHERSUMI-III.NFO,07/01/2020,13:47:35,145.25,144.95,5000,145.55,5000,0,45000
MOTHERSUMI-III.NFO,07/01/2020,13:48:10,145.25,144.95,20000,145.55,5000,0,45000
MOTHERSUMI-III.NFO,07/01/2020,13:48:15,145.25,145.1,10000,145.6,10000,0,45000
MOTHERSUMI-III.NFO,07/01/2020,13:48:31,145.25,144.95,10000,145.6,15000,0,45000
MOTHERSUMI-III.NFO,07/01/2020,13:48:39,145.25,144.95,10000,145.55,10000,0,45000
MOTHERSUMI-III.NFO,07/01/2020,13:49:00,145.25,144.95,25000,145.55,10000,0,45000
MOTHERSUMI-III.NFO,07/01/2020,13:49:07,145.25,144.95,25000,145.55,15000,0,45000
MOTHERSUMI-III.NFO,07/01/2020,13:49:13,145.25,145.05,10000,145.6,10000,0,45000
MOTHERSUMI-III.NFO,07/01/2020,13:49:26,145.25,145.05,25000,145.75,10000,0,45000
MOTHERSUMI-III.NFO,07/01/2020,13:49:33,145.25,145.1,15000,145.75,10000,0,45000
MOTHERSUMI-III.NFO,07/01/2020,13:49:38,145.25,145.25,5000,145.8,10000,0,45000
MOTHERSUMI-III.NFO,07/01/2020,13:49:43,145.25,145.35,5000,145.8,10000,0,45000
MOTHERSUMI-III.NFO,07/01/2020,13:49:52,145.25,145.2,10000,145.8,15000,0,45000
MOTHERSUMI-III.NFO,07/01/2020,13:50:03,145.25,145.3,5000,145.8,15000,0,45000
MOTHERSUMI-III.NFO,07/01/2020,13:50:15,145.25,145.4,5000,145.8,10000,0,45000
MOTHERSUMI-III.NFO,07/01/2020,13:50:23,145.25,145.25,5000,145.8,10000,0,45000
MOTHERSUMI-III.NFO,07/01/2020,13:50:30,145.25,145.35,5000,145.8,10000,0,45000
MOTHERSUMI-III.NFO,07/01/2020,13:50:43,145.25,145.25,25000,145.8,10000,0,45000
MOTHERSUMI-III.NFO,07/01/2020,13:50:51,145.25,145.35,5000,145.8,10000,0,45000
MOTHERSUMI-III.NFO,07/01/2020,13:50:58,145.25,145.25,5000,145.8,15000,0,45000
MOTHERSUMI-III.NFO,07/01/2020,13:51:10,145.25,145.35,5000,145.8,10000,0,45000
MOTHERSUMI-III.NFO,07/01/2020,13:51:16,145.25,145.35,5000,145.8,15000,0,45000
MOTHERSUMI-III.NFO,07/01/2020,13:51:31,145.25,145.2,5000,145.7,5000,0,45000
MOTHERSUMI-III.NFO,07/01/2020,13:52:00,145.25,145.2,5000,145.65,10000,0,45000
MOTHERSUMI-III.NFO,07/01/2020,13:52:09,145.25,145.2,5000,145.7,5000,0,45000
MOTHERSUMI-III.NFO,07/01/2020,13:52:13,145.25,145.2,5000,145.65,10000,0,45000
MOTHERSUMI-III.NFO,07/01/2020,13:52:30,145.25,145.2,5000,145.7,10000,0,45000
MOTHERSUMI-III.NFO,07/01/2020,13:52:35,145.25,145.2,5000,145.7,15000,0,45000
MOTHERSUMI-III.NFO,07/01/2020,13:52:39,145.25,145.2,5000,145.7,10000,0,45000
MOTHERSUMI-III.NFO,07/01/2020,13:52:43,145.25,145.2,5000,145.7,15000,0,45000
MOTHERSUMI-III.NFO,07/01/2020,13:52:48,145.25,145.2,5000,145.7,10000,0,45000
MOTHERSUMI-III.NFO,07/01/2020,13:52:57,145.25,145.2,5000,145.7,15000,0,45000
MOTHERSUMI-III.NFO,07/01/2020,13:53:14,145.25,145.15,5000,145.65,5000,0,45000
MOTHERSUMI-III.NFO,07/01/2020,13:53:20,145.25,145.05,5000,145.5,5000,0,45000
MOTHERSUMI-III.NFO,07/01/2020,13:53:32,145.25,144.9,25000,145.6,15000,0,45000
MOTHERSUMI-III.NFO,07/01/2020,13:53:40,145.25,144.9,25000,145.55,5000,0,45000
MOTHERSUMI-III.NFO,07/01/2020,13:53:48,145.25,144.75,5000,145.5,15000,0,45000
MOTHERSUMI-III.NFO,07/01/2020,13:54:08,145.25,144.75,5000,145.4,10000,0,45000
MOTHERSUMI-III.NFO,07/01/2020,13:54:12,145.25,144.75,5000,145.3,5000,0,45000
MOTHERSUMI-III.NFO,07/01/2020,13:54:25,145.25,144.9,5000,145.45,10000,0,45000
MOTHERSUMI-III.NFO,07/01/2020,13:54:35,145.25,145,5000,145.45,10000,0,45000
MOTHERSUMI-III.NFO,07/01/2020,13:54:44,145.25,144.8,5000,145.4,15000,0,45000
MOTHERSUMI-III.NFO,07/01/2020,13:55:06,145.25,144.95,5000,145.6,15000,0,45000
MOTHERSUMI-III.NFO,07/01/2020,13:55:13,145.25,144.95,5000,145.5,5000,0,45000
MOTHERSUMI-III.NFO,07/01/2020,13:55:18,145.25,144.95,5000,145.55,5000,0,45000
MOTHERSUMI-III.NFO,07/01/2020,13:55:23,145.25,144.95,5000,145.6,15000,0,45000
MOTHERSUMI-III.NFO,07/01/2020,13:55:29,145.25,144.95,20000,145.6,15000,0,45000
MOTHERSUMI-III.NFO,07/01/2020,13:55:34,145.25,144.95,5000,145.6,15000,0,45000
MOTHERSUMI-III.NFO,07/01/2020,13:55:38,145.25,144.95,20000,145.6,15000,0,45000
MOTHERSUMI-III.NFO,07/01/2020,13:55:42,145.25,145.05,5000,145.6,15000,0,45000
MOTHERSUMI-III.NFO,07/01/2020,13:55:55,145.25,145.05,5000,145.5,5000,0,45000
MOTHERSUMI-III.NFO,07/01/2020,13:56:28,145.25,145.05,5000,145.4,5000,0,45000
MOTHERSUMI-III.NFO,07/01/2020,13:56:41,145.25,145.05,5000,145.45,15000,0,45000
MOTHERSUMI-III.NFO,07/01/2020,13:56:55,145.25,145.05,5000,145.45,10000,0,45000
MOTHERSUMI-III.NFO,07/01/2020,13:57:13,145.25,145.05,5000,145.65,10000,0,45000
MOTHERSUMI-III.NFO,07/01/2020,13:57:17,145.25,145.05,20000,145.65,15000,0,45000
MOTHERSUMI-III.NFO,07/01/2020,13:57:38,145.25,145.05,20000,145.55,5000,0,45000
MOTHERSUMI-III.NFO,07/01/2020,13:57:52,145.25,145.05,20000,145.65,10000,0,45000
MOTHERSUMI-III.NFO,07/01/2020,13:58:00,145.25,145.2,10000,145.65,10000,0,45000
MOTHERSUMI-III.NFO,07/01/2020,14:00:38,145.25,145.2,25000,145.75,10000,0,45000
MOTHERSUMI-III.NFO,07/01/2020,14:00:52,145.25,145.2,25000,145.8,10000,0,45000
MOTHERSUMI-III.NFO,07/01/2020,14:00:58,145.25,145.2,25000,145.8,15000,0,45000
MOTHERSUMI-III.NFO,07/01/2020,14:01:09,145.25,145.3,10000,145.8,15000,0,45000
MOTHERSUMI-III.NFO,07/01/2020,14:01:18,145.25,145.3,10000,145.7,10000,0,45000
MOTHERSUMI-III.NFO,07/01/2020,14:01:33,145.25,145.3,10000,145.75,10000,0,45000
MOTHERSUMI-III.NFO,07/01/2020,14:02:20,145.25,145.15,5000,145.65,5000,0,45000
MOTHERSUMI-III.NFO,07/01/2020,14:02:24,145.25,145.15,5000,145.7,5000,0,45000
MOTHERSUMI-III.NFO,07/01/2020,14:02:29,145.25,145.15,5000,145.65,10000,0,45000
MOTHERSUMI-III.NFO,07/01/2020,14:02:55,145.25,145.15,5000,145.65,15000,0,45000
MOTHERSUMI-III.NFO,07/01/2020,14:03:13,145.25,145.15,5000,145.65,10000,0,45000
MOTHERSUMI-III.NFO,07/01/2020,14:03:22,145.25,145,10000,145.55,5000,0,45000
MOTHERSUMI-III.NFO,07/01/2020,14:03:32,145.25,145,25000,145.55,5000,0,45000
MOTHERSUMI-III.NFO,07/01/2020,14:03:37,145.25,145.1,15000,145.75,10000,0,45000
MOTHERSUMI-III.NFO,07/01/2020,14:03:42,145.25,145.35,5000,145.8,10000,0,45000
MOTHERSUMI-III.NFO,07/01/2020,14:03:53,145.25,145.25,10000,145.8,15000,0,45000
MOTHERSUMI-III.NFO,07/01/2020,14:04:18,145.25,145.25,5000,145.7,5000,0,45000
MOTHERSUMI-III.NFO,07/01/2020,14:04:25,145.25,145.25,5000,145.65,10000,0,45000
MOTHERSUMI-III.NFO,07/01/2020,14:04:29,145.25,145.15,5000,145.65,10000,0,45000
MOTHERSUMI-III.NFO,07/01/2020,14:04:44,145.25,145.15,5000,145.65,15000,0,45000
MOTHERSUMI-III.NFO,07/01/2020,14:04:50,145.25,145.15,5000,145.7,15000,0,45000
MOTHERSUMI-III.NFO,07/01/2020,14:04:54,145.25,145.25,5000,145.7,15000,0,45000
MOTHERSUMI-III.NFO,07/01/2020,14:04:58,145.25,145.25,5000,145.7,10000,0,45000
MOTHERSUMI-III.NFO,07/01/2020,14:05:12,145.25,145.25,5000,145.75,10000,0,45000
MOTHERSUMI-III.NFO,07/01/2020,14:05:16,145.25,145.25,5000,145.8,10000,0,45000
MOTHERSUMI-III.NFO,07/01/2020,14:05:19,145.25,145.35,5000,145.8,10000,0,45000
MOTHERSUMI-III.NFO,07/01/2020,14:05:29,145.25,145.2,10000,145.8,15000,0,45000
MOTHERSUMI-III.NFO,07/01/2020,14:05:49,145.25,145.2,5000,145.8,15000,0,45000
MOTHERSUMI-III.NFO,07/01/2020,14:05:58,145.25,145.3,5000,145.7,5000,0,45000
MOTHERSUMI-III.NFO,07/01/2020,14:06:02,145.25,145.15,10000,145.7,5000,0,45000
MOTHERSUMI-III.NFO,07/01/2020,14:06:13,145.25,145.15,10000,145.65,10000,0,45000
MOTHERSUMI-III.NFO,07/01/2020,14:06:22,145.25,145.15,10000,145.7,5000,0,45000
MOTHERSUMI-III.NFO,07/01/2020,14:06:35,145.25,145.15,10000,145.65,10000,0,45000
MOTHERSUMI-III.NFO,07/01/2020,14:06:56,145.25,145.15,25000,145.7,10000,0,45000
MOTHERSUMI-III.NFO,07/01/2020,14:07:04,145.25,145.25,10000,145.75,10000,0,45000
MOTHERSUMI-III.NFO,07/01/2020,14:07:08,145.25,145.25,5000,145.75,10000,0,45000
MOTHERSUMI-III.NFO,07/01/2020,14:07:14,145.25,145.35,5000,145.75,10000,0,45000
MOTHERSUMI-III.NFO,07/01/2020,14:07:23,145.25,145.35,5000,145.75,15000,0,45000
MOTHERSUMI-III.NFO,07/01/2020,14:07:31,145.25,145.25,5000,145.65,5000,0,45000
MOTHERSUMI-III.NFO,07/01/2020,14:07:48,145.25,145.1,10000,145.65,5000,0,45000
MOTHERSUMI-III.NFO,07/01/2020,14:07:59,145.25,145.2,5000,145.65,10000,0,45000
MOTHERSUMI-III.NFO,07/01/2020,14:08:04,145.25,145.1,5000,145.55,5000,0,45000
MOTHERSUMI-III.NFO,07/01/2020,14:08:09,145.25,145.2,5000,145.55,5000,0,45000
MOTHERSUMI-III.NFO,07/01/2020,14:08:14,145.25,145.05,25000,145.6,5000,0,45000
MOTHERSUMI-III.NFO,07/01/2020,14:08:19,145.25,145.05,25000,145.65,5000,0,45000
MOTHERSUMI-III.NFO,07/01/2020,14:08:57,145.25,145.15,5000,145.7,10000,0,45000
MOTHERSUMI-III.NFO,07/01/2020,14:09:20,145.25,145.25,5000,145.7,10000,0,45000
MOTHERSUMI-III.NFO,07/01/2020,14:09:58,145.25,145.35,5000,145.8,10000,0,45000
MOTHERSUMI-III.NFO,07/01/2020,14:10:06,145.25,145.3,5000,145.8,15000,0,45000
MOTHERSUMI-III.NFO,07/01/2020,14:10:19,145.25,145.15,10000,145.7,5000,0,45000
MOTHERSUMI-III.NFO,07/01/2020,14:10:24,145.25,145.15,10000,145.65,10000,0,45000
MOTHERSUMI-III.NFO,07/01/2020,14:10:29,145.25,145.15,5000,145.65,10000,0,45000
MOTHERSUMI-III.NFO,07/01/2020,14:10:38,145.25,145.15,5000,145.65,15000,0,45000
MOTHERSUMI-III.NFO,07/01/2020,14:10:57,145.25,145.25,5000,145.8,10000,0,45000
MOTHERSUMI-III.NFO,07/01/2020,14:11:10,145.25,145.35,5000,145.8,10000,0,45000
MOTHERSUMI-III.NFO,07/01/2020,14:11:42,145.25,145.35,5000,145.9,15000,0,45000
MOTHERSUMI-III.NFO,07/01/2020,14:11:50,145.25,145.35,5000,145.8,5000,0,45000
MOTHERSUMI-III.NFO,07/01/2020,14:11:54,145.25,145.35,5000,145.8,10000,0,45000
MOTHERSUMI-III.NFO,07/01/2020,14:12:13,145.25,145.35,5000,145.9,10000,0,45000
MOTHERSUMI-III.NFO,07/01/2020,14:12:18,145.25,145.35,5000,145.9,15000,0,45000
MOTHERSUMI-III.NFO,07/01/2020,14:12:23,145.25,145.45,5000,145.9,15000,0,45000
MOTHERSUMI-III.NFO,07/01/2020,14:12:28,145.25,145.3,10000,145.9,15000,0,45000
MOTHERSUMI-III.NFO,07/01/2020,14:13:31,145.25,145.4,5000,145.9,15000,0,45000
MOTHERSUMI-III.NFO,07/01/2020,14:13:39,145.25,145.5,5000,145.9,10000,0,45000
MOTHERSUMI-III.NFO,07/01/2020,14:13:45,145.25,145.45,10000,145.9,10000,0,45000
MOTHERSUMI-III.NFO,07/01/2020,14:13:51,145.25,145.45,5000,145.9,10000,0,45000
MOTHERSUMI-III.NFO,07/01/2020,14:14:09,145.25,145.4,5000,145.9,10000,0,45000
MOTHERSUMI-III.NFO,07/01/2020,14:14:19,145.25,145.5,5000,145.9,10000,0,45000
MOTHERSUMI-III.NFO,07/01/2020,14:14:40,145.25,145.35,25000,145.9,10000,0,45000
MOTHERSUMI-III.NFO,07/01/2020,14:14:45,145.25,145.45,10000,145.9,10000,0,45000
MOTHERSUMI-III.NFO,07/01/2020,14:14:50,145.25,145.45,5000,145.9,10000,0,45000
MOTHERSUMI-III.NFO,07/01/2020,14:15:03,145.25,145.5,5000,146.05,10000,0,45000
MOTHERSUMI-III.NFO,07/01/2020,14:15:09,145.25,145.55,5000,146.05,10000,0,45000
MOTHERSUMI-III.NFO,07/01/2020,14:15:27,145.25,145.55,5000,146.05,15000,0,45000
MOTHERSUMI-III.NFO,07/01/2020,14:15:33,145.25,145.55,5000,146.05,10000,0,45000
MOTHERSUMI-III.NFO,07/01/2020,14:16:01,145.25,145.55,5000,146.1,15000,0,45000
MOTHERSUMI-III.NFO,07/01/2020,14:16:07,145.25,145.55,5000,146.1,10000,0,45000
MOTHERSUMI-III.NFO,07/01/2020,14:16:17,145.25,145.55,5000,146.1,15000,0,45000
MOTHERSUMI-III.NFO,07/01/2020,14:16:26,145.25,145.55,5000,146.05,5000,0,45000
MOTHERSUMI-III.NFO,07/01/2020,14:16:46,145.25,145.65,5000,146.05,5000,0,45000
MOTHERSUMI-III.NFO,07/01/2020,14:17:04,145.25,145.5,10000,146.05,5000,0,45000
MOTHERSUMI-III.NFO,07/01/2020,14:17:12,145.25,145.5,10000,146,10000,0,45000
MOTHERSUMI-III.NFO,07/01/2020,14:17:28,145.25,145.35,10000,145.9,5000,0,45000
MOTHERSUMI-III.NFO,07/01/2020,14:18:08,145.25,145.45,10000,145.9,5000,0,45000
MOTHERSUMI-III.NFO,07/01/2020,14:18:13,145.25,145.65,5000,146.15,5000,0,45000
MOTHERSUMI-III.NFO,07/01/2020,14:18:23,145.25,145.75,5000,146.15,5000,0,45000
MOTHERSUMI-III.NFO,07/01/2020,14:18:55,145.25,145.6,10000,146.15,5000,0,45000
MOTHERSUMI-III.NFO,07/01/2020,14:19:08,145.25,145.6,10000,146.1,10000,0,45000
MOTHERSUMI-III.NFO,07/01/2020,14:19:26,145.25,145.6,5000,146.15,10000,0,45000
MOTHERSUMI-III.NFO,07/01/2020,14:19:35,145.25,145.6,5000,146.15,15000,0,45000
MOTHERSUMI-III.NFO,07/01/2020,14:19:43,145.25,145.7,5000,146.15,15000,0,45000
MOTHERSUMI-III.NFO,07/01/2020,14:20:00,145.25,145.7,5000,146.05,5000,0,45000
MOTHERSUMI-III.NFO,07/01/2020,14:20:05,145.25,145.55,10000,146,10000,0,45000
MOTHERSUMI-III.NFO,07/01/2020,14:20:10,145.25,145.55,25000,146.1,10000,0,45000
MOTHERSUMI-III.NFO,07/01/2020,14:20:27,145.25,145.65,10000,146.1,10000,0,45000
MOTHERSUMI-III.NFO,07/01/2020,14:22:15,145.25,145.65,25000,146.15,10000,0,45000
MOTHERSUMI-III.NFO,07/01/2020,14:22:27,145.25,145.65,10000,146.15,10000,0,45000
MOTHERSUMI-III.NFO,07/01/2020,14:22:46,145.25,145.65,25000,146.15,10000,0,45000
MOTHERSUMI-III.NFO,07/01/2020,14:22:58,145.25,145.65,10000,146.15,10000,0,45000
MOTHERSUMI-III.NFO,07/01/2020,14:23:09,145.25,145.65,25000,146.2,10000,0,45000
MOTHERSUMI-III.NFO,07/01/2020,14:23:12,145.25,145.65,10000,146.2,10000,0,45000
MOTHERSUMI-III.NFO,07/01/2020,14:23:16,145.25,145.65,10000,146.2,15000,0,45000
MOTHERSUMI-III.NFO,07/01/2020,14:23:45,145.25,145.65,10000,146.2,10000,0,45000
MOTHERSUMI-III.NFO,07/01/2020,14:23:48,145.25,145.65,10000,146.2,15000,0,45000
MOTHERSUMI-III.NFO,07/01/2020,14:24:01,145.25,145.65,10000,146.2,10000,0,45000
MOTHERSUMI-III.NFO,07/01/2020,14:24:03,145.25,145.8,15000,146.5,10000,0,45000
MOTHERSUMI-III.NFO,07/01/2020,14:24:07,145.25,145.75,5000,146.4,5000,0,45000
MOTHERSUMI-III.NFO,07/01/2020,14:24:15,145.25,145.8,5000,146.4,15000,0,45000
MOTHERSUMI-III.NFO,07/01/2020,14:24:33,145.25,145.75,5000,146.4,15000,0,45000
MOTHERSUMI-III.NFO,07/01/2020,14:24:38,145.25,145.85,5000,146.4,15000,0,45000
MOTHERSUMI-III.NFO,07/01/2020,14:25:07,145.25,145.75,10000,146.4,15000,0,45000
MOTHERSUMI-III.NFO,07/01/2020,14:25:23,145.25,145.75,25000,146.4,10000,0,45000
MOTHERSUMI-III.NFO,07/01/2020,14:25:32,145.25,145.75,25000,146.4,15000,0,45000
MOTHERSUMI-III.NFO,07/01/2020,14:25:36,145.25,145.75,25000,146.3,5000,0,45000
MOTHERSUMI-III.NFO,07/01/2020,14:25:47,145.25,145.75,10000,146.3,5000,0,45000
MOTHERSUMI-III.NFO,07/01/2020,14:25:52,145.25,145.75,10000,146.3,10000,0,45000
MOTHERSUMI-III.NFO,07/01/2020,14:25:56,145.25,145.9,5000,146.3,5000,0,45000
