Ticker,Date,Time,LTP,BuyPrice,BuyQty,SellPrice,SellQty,LTQ,OpenInterest
TATAPOWER-III.NFO,07/01/2020,09:23:08,58.1,57.65,18000,58.1,18000,18000,27000
TATAPOWER-III.NFO,07/01/2020,09:23:08,58.05,57.65,18000,58.1,18000,0,27000
TATAPOWER-III.NFO,07/01/2020,09:23:08,58.1,57.65,18000,58.1,18000,0,27000
TATAPOWER-III.NFO,07/01/2020,09:23:08,58.05,57.65,18000,58.1,18000,0,27000
TATAPOWER-III.NFO,07/01/2020,09:23:48,58.05,57.65,18000,58.1,18000,0,27000
TATAPOWER-III.NFO,07/01/2020,09:25:36,58.05,57.65,18000,58,18000,0,27000
TATAPOWER-III.NFO,07/01/2020,09:26:22,58.05,57.65,18000,58,9000,0,27000
TATAPOWER-III.NFO,07/01/2020,09:26:28,58.05,57.65,18000,58.2,36000,0,27000
TATAPOWER-III.NFO,07/01/2020,09:27:29,58.05,57.65,18000,58.2,18000,0,27000
TATAPOWER-III.NFO,07/01/2020,09:29:11,58.05,57.65,36000,58.2,18000,0,27000
TATAPOWER-III.NFO,07/01/2020,09:29:22,58.05,57.65,36000,58.2,9000,0,27000
TATAPOWER-III.NFO,07/01/2020,09:29:35,58.05,57.65,18000,58.1,18000,0,27000
TATAPOWER-III.NFO,07/01/2020,09:31:38,58.05,57.65,18000,58.1,36000,0,27000
TATAPOWER-III.NFO,07/01/2020,09:32:07,58.05,57.65,18000,58.1,18000,0,27000
TATAPOWER-III.NFO,07/01/2020,09:32:34,58.05,57.65,18000,58.2,18000,0,27000
TATAPOWER-III.NFO,07/01/2020,09:33:10,58.05,57.65,18000,58.2,36000,0,27000
TATAPOWER-III.NFO,07/01/2020,09:33:46,58.05,57.65,18000,58.2,18000,0,27000
TATAPOWER-III.NFO,07/01/2020,09:34:25,57.65,57.9,18000,58.2,18000,9000,27000
TATAPOWER-III.NFO,07/01/2020,09:34:25,57.65,57.9,18000,58.2,18000,0,27000
TATAPOWER-III.NFO,07/01/2020,09:35:17,57.65,57.55,18000,58.2,36000,0,27000
TATAPOWER-III.NFO,07/01/2020,09:35:48,57.65,57.55,18000,58.2,45000,0,27000
TATAPOWER-III.NFO,07/01/2020,09:37:00,57.65,57.55,18000,58.2,36000,0,27000
TATAPOWER-III.NFO,07/01/2020,09:37:11,57.65,57.55,18000,58.2,45000,0,27000
TATAPOWER-III.NFO,07/01/2020,09:38:45,57.65,57.55,18000,58.2,36000,0,27000
TATAPOWER-III.NFO,07/01/2020,09:40:44,57.65,57.55,18000,58.2,18000,0,27000
TATAPOWER-III.NFO,07/01/2020,09:44:05,57.65,57.65,27000,58.2,27000,0,27000
TATAPOWER-III.NFO,07/01/2020,09:44:52,57.65,57.65,27000,58.2,18000,0,27000
TATAPOWER-III.NFO,07/01/2020,09:44:57,57.65,57.65,36000,58.2,18000,0,27000
TATAPOWER-III.NFO,07/01/2020,09:45:08,57.65,57.75,27000,58.2,9000,0,27000
TATAPOWER-III.NFO,07/01/2020,09:45:23,57.65,57.75,18000,58.1,27000,0,27000
TATAPOWER-III.NFO,07/01/2020,09:53:52,57.65,57.75,18000,58.1,45000,0,27000
TATAPOWER-III.NFO,07/01/2020,09:55:27,57.65,57.75,18000,58,18000,0,27000
TATAPOWER-III.NFO,07/01/2020,09:56:41,57.65,57.75,18000,58,27000,0,27000
TATAPOWER-III.NFO,07/01/2020,09:56:46,57.65,57.75,18000,58,18000,0,27000
TATAPOWER-III.NFO,07/01/2020,09:58:01,57.65,57.75,18000,58,9000,0,27000
TATAPOWER-III.NFO,07/01/2020,09:58:23,57.65,57.75,18000,58,18000,0,27000
TATAPOWER-III.NFO,07/01/2020,10:01:16,57.65,57.75,18000,58,27000,0,27000
TATAPOWER-III.NFO,07/01/2020,10:03:50,57.65,57.5,18000,58,45000,0,27000
TATAPOWER-III.NFO,07/01/2020,10:04:01,57.65,57.5,18000,58,27000,0,27000
TATAPOWER-III.NFO,07/01/2020,10:04:53,57.65,57.5,18000,57.9,18000,0,27000
TATAPOWER-III.NFO,07/01/2020,10:05:04,57.65,57.5,18000,57.9,9000,0,27000
TATAPOWER-III.NFO,07/01/2020,10:07:14,57.65,57.7,18000,57.9,9000,0,27000
TATAPOWER-III.NFO,07/01/2020,10:07:51,57.65,57.7,27000,57.9,9000,0,27000
TATAPOWER-III.NFO,07/01/2020,10:10:03,57.65,57.7,27000,57.95,9000,0,27000
TATAPOWER-III.NFO,07/01/2020,10:10:26,57.65,57.7,27000,58,9000,0,27000
TATAPOWER-III.NFO,07/01/2020,10:11:00,57.65,57.7,27000,58,18000,0,27000
TATAPOWER-III.NFO,07/01/2020,10:11:15,57.65,57.7,27000,58,9000,0,27000
TATAPOWER-III.NFO,07/01/2020,10:11:21,57.65,57.7,27000,58.1,27000,0,27000
TATAPOWER-III.NFO,07/01/2020,10:11:54,57.65,57.7,27000,58.1,18000,0,27000
TATAPOWER-III.NFO,07/01/2020,10:13:12,57.65,57.7,27000,58.1,9000,0,27000
TATAPOWER-III.NFO,07/01/2020,10:16:34,57.65,57.7,36000,58.15,9000,0,27000
TATAPOWER-III.NFO,07/01/2020,10:17:10,57.65,57.7,36000,58.25,9000,0,27000
TATAPOWER-III.NFO,07/01/2020,10:22:48,57.65,57.7,36000,58.25,27000,0,27000
TATAPOWER-III.NFO,07/01/2020,10:25:26,57.65,57.7,27000,58.25,27000,0,27000
TATAPOWER-III.NFO,07/01/2020,10:25:49,57.65,57.7,27000,58.25,54000,0,27000
TATAPOWER-III.NFO,07/01/2020,10:31:21,57.65,57.7,27000,58.25,54000,0,18000
TATAPOWER-III.NFO,07/01/2020,10:31:52,57.65,57.7,27000,58.25,45000,0,18000
TATAPOWER-III.NFO,07/01/2020,10:31:56,57.65,57.7,27000,58.05,18000,0,18000
TATAPOWER-III.NFO,07/01/2020,10:34:46,57.65,57.7,27000,58.05,9000,0,18000
TATAPOWER-III.NFO,07/01/2020,10:35:38,57.65,57.7,27000,58.05,18000,0,18000
TATAPOWER-III.NFO,07/01/2020,10:42:02,57.65,57.7,27000,58.05,9000,0,18000
TATAPOWER-III.NFO,07/01/2020,10:43:55,57.65,57.7,27000,58.05,18000,0,18000
TATAPOWER-III.NFO,07/01/2020,10:43:59,57.65,57.7,27000,58.05,9000,0,18000
TATAPOWER-III.NFO,07/01/2020,10:45:23,57.65,57.7,27000,58.05,18000,0,18000
TATAPOWER-III.NFO,07/01/2020,10:45:34,57.65,57.7,27000,58.05,9000,0,18000
TATAPOWER-III.NFO,07/01/2020,10:46:10,57.65,57.7,27000,58.05,18000,0,18000
TATAPOWER-III.NFO,07/01/2020,10:46:13,57.65,57.7,27000,58.05,9000,0,18000
TATAPOWER-III.NFO,07/01/2020,10:48:41,57.65,57.7,27000,58.05,18000,0,18000
TATAPOWER-III.NFO,07/01/2020,10:53:21,57.65,57.7,18000,57.95,18000,0,18000
TATAPOWER-III.NFO,07/01/2020,10:53:43,57.65,57.7,18000,57.95,27000,0,18000
TATAPOWER-III.NFO,07/01/2020,10:55:20,57.65,57.45,27000,57.95,45000,0,18000
TATAPOWER-III.NFO,07/01/2020,10:55:49,57.65,57.45,27000,57.95,54000,0,18000
TATAPOWER-III.NFO,07/01/2020,10:56:03,57.95,57.45,27000,57.8,18000,9000,18000
TATAPOWER-III.NFO,07/01/2020,10:56:15,57.95,57.45,27000,57.8,18000,0,18000
TATAPOWER-III.NFO,07/01/2020,10:56:43,57.95,57.45,27000,57.8,9000,0,18000
TATAPOWER-III.NFO,07/01/2020,10:57:48,57.95,57.45,27000,57.8,27000,0,18000
TATAPOWER-III.NFO,07/01/2020,11:01:38,57.95,57.45,18000,57.8,54000,0,18000
TATAPOWER-III.NFO,07/01/2020,11:01:55,57.95,57.45,18000,57.7,27000,0,18000
TATAPOWER-III.NFO,07/01/2020,11:02:43,57.95,57.45,18000,57.6,18000,0,18000
TATAPOWER-III.NFO,07/01/2020,11:02:48,57.95,57.4,27000,57.6,27000,0,18000
TATAPOWER-III.NFO,07/01/2020,11:02:55,57.95,57.4,27000,57.6,18000,0,18000
TATAPOWER-III.NFO,07/01/2020,11:03:02,57.95,57.4,27000,57.6,9000,0,18000
TATAPOWER-III.NFO,07/01/2020,11:03:09,57.95,57.4,27000,57.6,18000,0,18000
TATAPOWER-III.NFO,07/01/2020,11:03:33,57.95,57.4,27000,57.6,9000,0,18000
TATAPOWER-III.NFO,07/01/2020,11:03:40,57.95,57.4,27000,57.6,18000,0,18000
TATAPOWER-III.NFO,07/01/2020,11:05:01,57.95,57.4,36000,57.7,18000,0,18000
TATAPOWER-III.NFO,07/01/2020,11:06:08,57.95,57.4,36000,57.7,9000,0,18000
TATAPOWER-III.NFO,07/01/2020,11:06:39,57.95,57.4,36000,57.7,18000,0,18000
TATAPOWER-III.NFO,07/01/2020,11:06:49,57.95,57.4,36000,57.7,9000,0,18000
TATAPOWER-III.NFO,07/01/2020,11:08:51,57.95,57.4,36000,57.7,18000,0,18000
TATAPOWER-III.NFO,07/01/2020,11:11:24,57.95,57.4,27000,57.6,27000,0,18000
TATAPOWER-III.NFO,07/01/2020,11:11:40,57.95,57.4,9000,57.6,27000,0,18000
TATAPOWER-III.NFO,07/01/2020,11:11:47,57.95,57.4,27000,57.6,27000,0,18000
TATAPOWER-III.NFO,07/01/2020,11:12:08,57.95,57.4,9000,57.5,18000,0,18000
TATAPOWER-III.NFO,07/01/2020,11:12:23,57.95,57.4,27000,57.5,9000,0,18000
TATAPOWER-III.NFO,07/01/2020,11:12:28,57.95,57.4,27000,57.6,18000,0,18000
TATAPOWER-III.NFO,07/01/2020,11:14:11,57.95,57.4,27000,57.6,9000,0,18000
TATAPOWER-III.NFO,07/01/2020,11:15:01,57.95,57.4,27000,57.6,18000,0,18000
TATAPOWER-III.NFO,07/01/2020,11:17:20,57.95,57.4,27000,57.6,27000,0,18000
TATAPOWER-III.NFO,07/01/2020,11:17:36,57.95,57.4,27000,57.6,9000,0,18000
TATAPOWER-III.NFO,07/01/2020,11:17:43,57.95,57.4,27000,57.6,18000,0,18000
TATAPOWER-III.NFO,07/01/2020,11:18:36,57.95,57.4,27000,57.6,9000,0,18000
TATAPOWER-III.NFO,07/01/2020,11:18:43,57.95,57.4,27000,57.6,18000,0,18000
TATAPOWER-III.NFO,07/01/2020,11:18:50,57.95,57.4,27000,57.6,9000,0,18000
TATAPOWER-III.NFO,07/01/2020,11:19:03,57.95,57.4,36000,57.6,9000,0,18000
TATAPOWER-III.NFO,07/01/2020,11:19:57,57.95,57.4,27000,57.6,9000,0,18000
TATAPOWER-III.NFO,07/01/2020,11:21:07,57.95,57.4,36000,57.6,9000,0,18000
TATAPOWER-III.NFO,07/01/2020,11:21:16,57.95,57.4,36000,57.75,27000,0,18000
TATAPOWER-III.NFO,07/01/2020,11:21:30,57.95,57.4,27000,57.75,27000,0,18000
TATAPOWER-III.NFO,07/01/2020,11:26:48,57.95,57.4,27000,57.65,18000,0,18000
TATAPOWER-III.NFO,07/01/2020,11:27:19,57.95,57.4,36000,57.65,18000,0,18000
TATAPOWER-III.NFO,07/01/2020,11:28:07,57.95,57.4,27000,57.65,18000,0,18000
TATAPOWER-III.NFO,07/01/2020,11:28:38,57.95,57.4,27000,57.65,27000,0,18000
TATAPOWER-III.NFO,07/01/2020,11:28:47,57.95,57.4,27000,57.65,18000,0,18000
TATAPOWER-III.NFO,07/01/2020,11:29:34,57.95,57.4,27000,57.65,27000,0,18000
TATAPOWER-III.NFO,07/01/2020,11:30:20,57.95,57.4,27000,57.65,18000,0,18000
TATAPOWER-III.NFO,07/01/2020,11:31:01,57.95,57.4,36000,57.65,18000,0,18000
TATAPOWER-III.NFO,07/01/2020,11:31:24,57.95,57.4,27000,57.65,18000,0,18000
TATAPOWER-III.NFO,07/01/2020,11:31:50,57.95,57.4,36000,57.65,18000,0,18000
TATAPOWER-III.NFO,07/01/2020,11:32:55,57.95,57.4,36000,57.8,27000,0,18000
TATAPOWER-III.NFO,07/01/2020,11:33:46,57.95,57.4,36000,57.8,18000,0,18000
TATAPOWER-III.NFO,07/01/2020,11:33:50,57.95,57.4,36000,57.8,27000,0,18000
TATAPOWER-III.NFO,07/01/2020,11:34:52,57.95,57.4,36000,57.8,18000,0,18000
TATAPOWER-III.NFO,07/01/2020,11:35:23,57.95,57.4,36000,57.8,9000,0,18000
TATAPOWER-III.NFO,07/01/2020,11:35:41,57.95,57.4,36000,57.95,18000,0,18000
TATAPOWER-III.NFO,07/01/2020,11:36:17,57.95,57.4,36000,57.95,27000,0,18000
TATAPOWER-III.NFO,07/01/2020,11:36:27,57.95,57.4,45000,57.95,27000,0,18000
TATAPOWER-III.NFO,07/01/2020,11:36:42,57.95,57.4,36000,57.95,27000,0,18000
TATAPOWER-III.NFO,07/01/2020,11:36:48,57.95,57.4,36000,57.85,18000,0,18000
TATAPOWER-III.NFO,07/01/2020,11:37:36,57.95,57.4,36000,57.85,27000,0,18000
TATAPOWER-III.NFO,07/01/2020,11:38:30,57.95,57.4,36000,57.85,18000,0,18000
TATAPOWER-III.NFO,07/01/2020,11:39:53,57.95,57.4,36000,57.85,27000,0,18000
TATAPOWER-III.NFO,07/01/2020,11:40:39,57.95,57.4,36000,57.85,45000,0,18000
TATAPOWER-III.NFO,07/01/2020,11:41:36,57.95,57.4,36000,57.85,54000,0,18000
TATAPOWER-III.NFO,07/01/2020,11:48:37,57.95,57.4,36000,57.85,45000,0,18000
TATAPOWER-III.NFO,07/01/2020,11:48:42,57.95,57.4,36000,57.65,18000,0,18000
TATAPOWER-III.NFO,07/01/2020,11:48:49,57.95,57.4,27000,57.65,18000,0,18000
TATAPOWER-III.NFO,07/01/2020,11:49:28,57.95,57.4,36000,57.65,18000,0,18000
TATAPOWER-III.NFO,07/01/2020,11:52:04,57.95,57.4,27000,57.65,18000,0,18000
TATAPOWER-III.NFO,07/01/2020,11:53:29,57.95,57.4,36000,57.65,18000,0,18000
TATAPOWER-III.NFO,07/01/2020,11:53:33,57.95,57.4,27000,57.65,18000,0,18000
TATAPOWER-III.NFO,07/01/2020,11:53:57,57.95,57.4,36000,57.65,18000,0,18000
TATAPOWER-III.NFO,07/01/2020,11:54:03,57.95,57.4,27000,57.65,18000,0,18000
TATAPOWER-III.NFO,07/01/2020,11:55:26,57.95,57.4,36000,57.65,18000,0,18000
TATAPOWER-III.NFO,07/01/2020,11:55:32,57.95,57.4,27000,57.65,18000,0,18000
TATAPOWER-III.NFO,07/01/2020,11:56:22,57.95,57.4,36000,57.65,18000,0,18000
TATAPOWER-III.NFO,07/01/2020,11:56:25,57.95,57.4,27000,57.65,18000,0,18000
TATAPOWER-III.NFO,07/01/2020,11:58:57,57.95,57.4,27000,57.65,27000,0,18000
TATAPOWER-III.NFO,07/01/2020,11:59:17,57.95,57.4,27000,57.65,18000,0,18000
TATAPOWER-III.NFO,07/01/2020,12:02:47,57.95,57.4,27000,57.65,9000,0,18000
TATAPOWER-III.NFO,07/01/2020,12:03:03,57.95,57.4,27000,57.65,18000,0,18000
TATAPOWER-III.NFO,07/01/2020,12:03:25,57.95,57.4,27000,57.65,27000,0,18000
TATAPOWER-III.NFO,07/01/2020,12:04:22,57.95,57.4,27000,57.65,18000,0,18000
TATAPOWER-III.NFO,07/01/2020,12:04:40,57.95,57.4,27000,57.65,27000,0,18000
TATAPOWER-III.NFO,07/01/2020,12:06:35,57.95,57.4,27000,57.65,36000,0,18000
TATAPOWER-III.NFO,07/01/2020,12:08:18,57.95,57.4,27000,57.65,27000,0,18000
TATAPOWER-III.NFO,07/01/2020,12:08:35,57.95,57.4,27000,57.65,36000,0,18000
TATAPOWER-III.NFO,07/01/2020,12:08:49,57.95,57.4,27000,57.65,27000,0,18000
TATAPOWER-III.NFO,07/01/2020,12:10:22,57.95,57.4,27000,57.65,18000,0,18000
TATAPOWER-III.NFO,07/01/2020,12:12:24,57.95,57.4,27000,57.55,9000,0,18000
TATAPOWER-III.NFO,07/01/2020,12:13:13,57.95,57.4,27000,57.65,27000,0,18000
TATAPOWER-III.NFO,07/01/2020,12:13:26,57.95,57.4,27000,57.65,18000,0,18000
TATAPOWER-III.NFO,07/01/2020,12:13:32,57.95,57.4,27000,57.65,27000,0,18000
TATAPOWER-III.NFO,07/01/2020,12:14:02,57.95,57.4,27000,57.65,18000,0,18000
TATAPOWER-III.NFO,07/01/2020,12:14:22,57.95,57.4,27000,57.65,27000,0,18000
TATAPOWER-III.NFO,07/01/2020,12:15:41,57.95,57.4,27000,57.55,18000,0,18000
TATAPOWER-III.NFO,07/01/2020,12:17:25,57.95,57.4,27000,57.55,9000,0,18000
TATAPOWER-III.NFO,07/01/2020,12:20:45,57.95,57.4,27000,57.6,9000,0,18000
TATAPOWER-III.NFO,07/01/2020,12:21:15,57.95,57.4,27000,57.6,18000,0,18000
TATAPOWER-III.NFO,07/01/2020,12:22:50,57.95,57.4,27000,57.6,27000,0,18000
TATAPOWER-III.NFO,07/01/2020,12:23:01,57.95,57.4,27000,57.6,18000,0,18000
TATAPOWER-III.NFO,07/01/2020,12:28:56,57.95,57.4,27000,57.6,27000,0,27000
TATAPOWER-III.NFO,07/01/2020,12:29:13,57.95,57.4,9000,57.6,27000,0,27000
TATAPOWER-III.NFO,07/01/2020,12:29:27,57.4,56.95,45000,57.55,27000,9000,27000
TATAPOWER-III.NFO,07/01/2020,12:29:27,57.4,56.95,45000,57.55,27000,0,27000
TATAPOWER-III.NFO,07/01/2020,12:29:41,57.4,56.95,45000,57.45,18000,0,27000
TATAPOWER-III.NFO,07/01/2020,12:30:00,57.4,56.95,36000,57.45,18000,0,27000
TATAPOWER-III.NFO,07/01/2020,12:30:25,57.4,56.95,36000,57.35,18000,0,27000
TATAPOWER-III.NFO,07/01/2020,12:31:35,57.4,56.95,27000,57.35,18000,0,27000
TATAPOWER-III.NFO,07/01/2020,12:31:39,57.4,56.95,27000,57.35,27000,0,27000
TATAPOWER-III.NFO,07/01/2020,12:32:39,57.4,56.95,27000,57.35,18000,0,27000
TATAPOWER-III.NFO,07/01/2020,12:32:45,57.4,56.95,27000,57.35,27000,0,27000
TATAPOWER-III.NFO,07/01/2020,12:33:08,57.4,56.95,27000,57.35,18000,0,27000
TATAPOWER-III.NFO,07/01/2020,12:34:36,57.4,56.95,27000,57.35,9000,0,27000
TATAPOWER-III.NFO,07/01/2020,12:35:08,57.4,56.95,36000,57.35,9000,0,27000
TATAPOWER-III.NFO,07/01/2020,12:35:17,57.4,56.95,36000,57.4,9000,0,27000
TATAPOWER-III.NFO,07/01/2020,12:37:48,57.4,57.05,36000,57.5,18000,0,27000
TATAPOWER-III.NFO,07/01/2020,12:38:24,57.4,57.05,36000,57.5,9000,0,27000
TATAPOWER-III.NFO,07/01/2020,12:38:40,57.4,57.05,45000,57.5,9000,0,27000
TATAPOWER-III.NFO,07/01/2020,12:39:12,57.4,57.05,36000,57.5,9000,0,27000
TATAPOWER-III.NFO,07/01/2020,12:42:32,57.4,57.05,36000,57.5,18000,0,27000
TATAPOWER-III.NFO,07/01/2020,12:43:10,57.4,57.05,36000,57.5,9000,0,27000
TATAPOWER-III.NFO,07/01/2020,12:43:20,57.4,57.05,36000,57.5,18000,0,27000
TATAPOWER-III.NFO,07/01/2020,12:43:36,57.4,57.05,36000,57.5,9000,0,27000
TATAPOWER-III.NFO,07/01/2020,12:48:07,57.4,57.05,36000,57.55,9000,0,27000
TATAPOWER-III.NFO,07/01/2020,12:48:12,57.4,57.05,36000,57.55,18000,0,27000
TATAPOWER-III.NFO,07/01/2020,12:48:19,57.4,57.15,27000,57.65,27000,0,27000
TATAPOWER-III.NFO,07/01/2020,12:49:12,57.4,57.15,27000,57.65,18000,0,27000
TATAPOWER-III.NFO,07/01/2020,12:49:17,57.4,57.15,27000,57.65,27000,0,27000
TATAPOWER-III.NFO,07/01/2020,12:57:58,57.4,57.15,27000,57.65,45000,0,27000
TATAPOWER-III.NFO,07/01/2020,12:58:10,57.4,57.15,27000,57.65,54000,0,27000
TATAPOWER-III.NFO,07/01/2020,12:58:30,57.4,57.15,27000,57.65,45000,0,27000
TATAPOWER-III.NFO,07/01/2020,12:59:00,57.4,57.15,27000,57.65,27000,0,27000
TATAPOWER-III.NFO,07/01/2020,13:00:06,57.4,57.15,27000,57.65,45000,0,27000
TATAPOWER-III.NFO,07/01/2020,13:00:13,57.4,57.15,27000,57.65,54000,0,27000
TATAPOWER-III.NFO,07/01/2020,13:02:02,57.4,57.15,27000,57.65,45000,0,27000
TATAPOWER-III.NFO,07/01/2020,13:03:47,57.4,57.15,27000,57.55,18000,0,27000
TATAPOWER-III.NFO,07/01/2020,13:03:54,57.4,57.15,27000,57.55,27000,0,27000
TATAPOWER-III.NFO,07/01/2020,13:04:42,57.4,57.15,27000,57.55,18000,0,27000
TATAPOWER-III.NFO,07/01/2020,13:04:48,57.4,57.15,27000,57.55,27000,0,27000
TATAPOWER-III.NFO,07/01/2020,13:05:34,57.4,57.15,27000,57.55,18000,0,27000
TATAPOWER-III.NFO,07/01/2020,13:06:02,57.4,57.15,27000,57.55,27000,0,27000
TATAPOWER-III.NFO,07/01/2020,13:07:06,57.4,57.15,18000,57.55,54000,0,27000
TATAPOWER-III.NFO,07/01/2020,13:08:15,57.4,57,27000,57.55,54000,0,27000
TATAPOWER-III.NFO,07/01/2020,13:09:45,57.4,57,27000,57.45,54000,0,27000
TATAPOWER-III.NFO,07/01/2020,13:10:18,57.4,57,18000,57.45,54000,0,27000
TATAPOWER-III.NFO,07/01/2020,13:10:50,57.4,57,27000,57.45,54000,0,27000
TATAPOWER-III.NFO,07/01/2020,13:12:00,57.4,57,27000,57.45,27000,0,27000
TATAPOWER-III.NFO,07/01/2020,13:14:28,57.4,57,27000,57.45,54000,0,27000
TATAPOWER-III.NFO,07/01/2020,13:14:55,57.4,57,27000,57.35,27000,0,27000
TATAPOWER-III.NFO,07/01/2020,13:15:36,57.4,57,27000,57.25,18000,0,27000
TATAPOWER-III.NFO,07/01/2020,13:16:40,57.4,57,27000,57.25,9000,0,27000
TATAPOWER-III.NFO,07/01/2020,13:16:45,57.4,57,27000,57.25,18000,0,27000
TATAPOWER-III.NFO,07/01/2020,13:16:51,57.4,57,18000,57.25,18000,0,27000
TATAPOWER-III.NFO,07/01/2020,13:17:00,57.4,57,27000,57.25,18000,0,27000
TATAPOWER-III.NFO,07/01/2020,13:18:17,57.4,56.95,18000,57.25,27000,0,27000
TATAPOWER-III.NFO,07/01/2020,13:18:54,57.4,56.95,27000,57.25,27000,0,27000
TATAPOWER-III.NFO,07/01/2020,13:18:59,57.4,56.95,18000,57.25,27000,0,27000
TATAPOWER-III.NFO,07/01/2020,13:20:15,57.4,56.95,27000,57.25,27000,0,27000
TATAPOWER-III.NFO,07/01/2020,13:20:56,57.4,56.95,27000,57.25,18000,0,27000
TATAPOWER-III.NFO,07/01/2020,13:21:00,57.4,56.95,27000,57.25,27000,0,27000
TATAPOWER-III.NFO,07/01/2020,13:21:06,57.4,56.95,18000,57.25,27000,0,27000
TATAPOWER-III.NFO,07/01/2020,13:21:21,57.4,56.95,18000,57.25,45000,0,27000
TATAPOWER-III.NFO,07/01/2020,13:21:33,57.4,56.95,18000,57.25,27000,0,27000
TATAPOWER-III.NFO,07/01/2020,13:21:55,57.4,56.95,18000,57.25,45000,0,27000
TATAPOWER-III.NFO,07/01/2020,13:22:00,57.4,56.95,18000,57.25,54000,0,27000
TATAPOWER-III.NFO,07/01/2020,13:22:33,57.4,56.95,18000,57.25,45000,0,27000
TATAPOWER-III.NFO,07/01/2020,13:22:37,57.4,56.95,18000,57.25,54000,0,27000
TATAPOWER-III.NFO,07/01/2020,13:22:47,57.4,56.7,18000,57.05,18000,0,27000
TATAPOWER-III.NFO,07/01/2020,13:22:52,57.4,56.7,18000,57.05,27000,0,27000
TATAPOWER-III.NFO,07/01/2020,13:23:08,57.4,56.7,9000,56.95,18000,0,27000
TATAPOWER-III.NFO,07/01/2020,13:23:19,57.4,56.7,18000,56.95,18000,0,27000
TATAPOWER-III.NFO,07/01/2020,13:24:27,57.4,56.7,18000,56.95,9000,0,27000
TATAPOWER-III.NFO,07/01/2020,13:24:45,57.4,56.7,18000,57,9000,0,27000
TATAPOWER-III.NFO,07/01/2020,13:26:36,57.4,56.7,18000,57.15,18000,0,27000
TATAPOWER-III.NFO,07/01/2020,13:27:06,57.4,56.7,18000,57.15,27000,0,27000
TATAPOWER-III.NFO,07/01/2020,13:27:57,57.4,56.7,18000,57.15,54000,0,27000
TATAPOWER-III.NFO,07/01/2020,13:29:37,57.4,56.7,9000,57.15,54000,0,27000
TATAPOWER-III.NFO,07/01/2020,13:30:28,57.4,56.7,9000,57.15,45000,0,27000
TATAPOWER-III.NFO,07/01/2020,13:30:35,57.4,56.7,9000,56.95,27000,0,27000
TATAPOWER-III.NFO,07/01/2020,13:31:18,57.4,56.4,27000,56.95,27000,0,27000
TATAPOWER-III.NFO,07/01/2020,13:31:55,57.4,56.4,27000,56.95,18000,0,27000
TATAPOWER-III.NFO,07/01/2020,13:32:03,57.4,56.5,18000,56.95,18000,0,27000
TATAPOWER-III.NFO,07/01/2020,13:32:10,57.4,56.5,18000,56.95,27000,0,27000
TATAPOWER-III.NFO,07/01/2020,13:32:22,57.4,56.5,18000,56.95,18000,0,27000
TATAPOWER-III.NFO,07/01/2020,13:32:37,57.4,56.5,18000,56.95,9000,0,27000
TATAPOWER-III.NFO,07/01/2020,13:32:50,57.4,56.5,18000,56.95,18000,0,27000
TATAPOWER-III.NFO,07/01/2020,13:33:03,57.4,56.5,18000,56.95,9000,0,27000
TATAPOWER-III.NFO,07/01/2020,13:33:30,57.4,56.5,18000,56.95,18000,0,27000
TATAPOWER-III.NFO,07/01/2020,13:33:36,57.4,56.5,18000,56.95,9000,0,27000
TATAPOWER-III.NFO,07/01/2020,13:35:07,57.4,56.6,27000,57,9000,0,27000
TATAPOWER-III.NFO,07/01/2020,13:35:37,57.4,56.6,27000,57.05,9000,0,27000
TATAPOWER-III.NFO,07/01/2020,13:37:49,57.4,56.6,27000,57.05,18000,0,27000
TATAPOWER-III.NFO,07/01/2020,13:38:01,57.4,56.6,27000,57.05,9000,0,27000
TATAPOWER-III.NFO,07/01/2020,13:38:36,57.4,56.6,27000,57.05,18000,0,27000
TATAPOWER-III.NFO,07/01/2020,13:38:41,57.4,56.6,27000,57.05,9000,0,27000
TATAPOWER-III.NFO,07/01/2020,13:39:19,57.4,56.9,18000,57.05,9000,0,27000
TATAPOWER-III.NFO,07/01/2020,13:39:47,57.4,56.9,18000,57.05,18000,0,27000
TATAPOWER-III.NFO,07/01/2020,13:40:49,57.4,56.9,18000,57.05,9000,0,27000
TATAPOWER-III.NFO,07/01/2020,13:40:55,57.4,56.9,18000,57.1,18000,0,27000
TATAPOWER-III.NFO,07/01/2020,13:41:02,57.4,56.9,18000,57.1,9000,0,27000
TATAPOWER-III.NFO,07/01/2020,13:41:36,57.4,56.9,18000,57.1,18000,0,27000
TATAPOWER-III.NFO,07/01/2020,13:43:06,57.4,56.9,27000,57.15,9000,0,27000
TATAPOWER-III.NFO,07/01/2020,13:43:15,57.4,56.9,27000,57.2,18000,0,27000
TATAPOWER-III.NFO,07/01/2020,13:43:41,57.4,56.9,27000,57.2,27000,0,27000
TATAPOWER-III.NFO,07/01/2020,13:44:44,57.4,56.9,27000,57.2,18000,0,27000
TATAPOWER-III.NFO,07/01/2020,13:44:53,57.4,56.9,27000,57.2,27000,0,27000
TATAPOWER-III.NFO,07/01/2020,13:45:06,57.4,56.9,27000,57.2,18000,0,27000
TATAPOWER-III.NFO,07/01/2020,13:46:50,57.4,56.9,27000,57.2,9000,0,27000
TATAPOWER-III.NFO,07/01/2020,13:47:29,57.4,56.9,27000,57.25,18000,0,27000
TATAPOWER-III.NFO,07/01/2020,13:48:31,57.4,56.9,27000,57.25,9000,0,27000
TATAPOWER-III.NFO,07/01/2020,13:48:36,57.4,56.9,27000,57.3,9000,0,27000
TATAPOWER-III.NFO,07/01/2020,13:48:46,57.4,56.9,36000,57.35,9000,0,27000
TATAPOWER-III.NFO,07/01/2020,13:48:53,57.4,57,27000,57.45,18000,0,27000
TATAPOWER-III.NFO,07/01/2020,13:49:13,57.4,57,27000,57.45,27000,0,27000
TATAPOWER-III.NFO,07/01/2020,13:49:24,57.4,57,27000,57.45,45000,0,27000
TATAPOWER-III.NFO,07/01/2020,13:49:41,57.4,57,27000,57.45,54000,0,27000
TATAPOWER-III.NFO,07/01/2020,13:50:08,57.4,57,27000,57.45,45000,0,27000
TATAPOWER-III.NFO,07/01/2020,13:50:22,57.4,57,27000,57.35,18000,0,27000
TATAPOWER-III.NFO,07/01/2020,13:50:43,57.4,57,27000,57.35,9000,0,27000
TATAPOWER-III.NFO,07/01/2020,13:51:00,57.4,57,27000,57.45,18000,0,27000
TATAPOWER-III.NFO,07/01/2020,13:51:13,57.4,57,27000,57.45,27000,0,27000
TATAPOWER-III.NFO,07/01/2020,13:51:19,57.4,57,27000,57.45,45000,0,27000
TATAPOWER-III.NFO,07/01/2020,13:51:25,57.4,57,27000,57.35,18000,0,27000
TATAPOWER-III.NFO,07/01/2020,13:53:41,57.4,57,27000,57.35,27000,0,27000
TATAPOWER-III.NFO,07/01/2020,13:53:49,57.4,57,27000,57.35,45000,0,27000
TATAPOWER-III.NFO,07/01/2020,13:54:05,57.4,57,27000,57.35,27000,0,27000
TATAPOWER-III.NFO,07/01/2020,13:54:25,57.4,57,27000,57.35,18000,0,27000
TATAPOWER-III.NFO,07/01/2020,13:54:45,57.4,57,27000,57.35,27000,0,27000
TATAPOWER-III.NFO,07/01/2020,13:55:06,57.4,57,27000,57.35,18000,0,27000
TATAPOWER-III.NFO,07/01/2020,13:56:07,57.4,57,27000,57.35,27000,0,27000
TATAPOWER-III.NFO,07/01/2020,13:56:20,57.4,57,27000,57.35,18000,0,27000
TATAPOWER-III.NFO,07/01/2020,13:56:25,57.4,57,27000,57.35,27000,0,27000
TATAPOWER-III.NFO,07/01/2020,14:01:15,57.4,57,27000,57.35,18000,0,27000
TATAPOWER-III.NFO,07/01/2020,14:09:59,57.4,57,27000,57.35,9000,0,27000
TATAPOWER-III.NFO,07/01/2020,14:10:07,57.4,57,27000,57.45,18000,0,27000
TATAPOWER-III.NFO,07/01/2020,14:10:56,57.4,57,27000,57.45,9000,0,27000
TATAPOWER-III.NFO,07/01/2020,14:11:07,57.4,57,27000,57.45,18000,0,27000
TATAPOWER-III.NFO,07/01/2020,14:14:01,57.4,57,45000,57.6,27000,0,27000
TATAPOWER-III.NFO,07/01/2020,14:14:13,57.4,57,36000,57.6,27000,0,27000
TATAPOWER-III.NFO,07/01/2020,14:14:47,57.4,57,45000,57.6,27000,0,27000
TATAPOWER-III.NFO,07/01/2020,14:14:52,57.4,57,36000,57.6,27000,0,27000
TATAPOWER-III.NFO,07/01/2020,14:15:02,57.4,57,45000,57.6,27000,0,27000
TATAPOWER-III.NFO,07/01/2020,14:15:21,57.4,57,45000,57.6,18000,0,27000
TATAPOWER-III.NFO,07/01/2020,14:15:28,57.4,57.1,27000,57.6,18000,0,27000
TATAPOWER-III.NFO,07/01/2020,14:15:47,57.4,57.1,27000,57.6,9000,0,27000
TATAPOWER-III.NFO,07/01/2020,14:15:52,57.4,57.1,27000,57.6,18000,0,27000
TATAPOWER-III.NFO,07/01/2020,14:17:26,57.4,57.1,27000,57.6,27000,0,27000
TATAPOWER-III.NFO,07/01/2020,14:18:34,57.4,57.1,27000,57.6,18000,0,27000
TATAPOWER-III.NFO,07/01/2020,14:18:54,57.4,57.1,27000,57.6,27000,0,27000
TATAPOWER-III.NFO,07/01/2020,14:18:59,57.4,57.1,27000,57.6,18000,0,27000
TATAPOWER-III.NFO,07/01/2020,14:19:03,57.4,57.1,27000,57.6,27000,0,27000
TATAPOWER-III.NFO,07/01/2020,14:19:06,57.4,57.1,27000,57.6,45000,0,27000
TATAPOWER-III.NFO,07/01/2020,14:19:11,57.4,57.1,27000,57.4,9000,0,27000
TATAPOWER-III.NFO,07/01/2020,14:20:36,57.35,57.35,18000,57.55,27000,9000,27000
TATAPOWER-III.NFO,07/01/2020,14:20:36,57.35,57.35,18000,57.55,27000,0,27000
TATAPOWER-III.NFO,07/01/2020,14:20:46,57.35,57.05,27000,57.55,18000,0,27000
TATAPOWER-III.NFO,07/01/2020,14:21:40,57.35,57.05,27000,57.55,27000,0,27000
TATAPOWER-III.NFO,07/01/2020,14:23:04,57.35,57.05,27000,57.55,18000,0,27000
TATAPOWER-III.NFO,07/01/2020,14:23:14,57.35,57.05,27000,57.55,9000,0,27000
TATAPOWER-III.NFO,07/01/2020,14:23:21,57.35,57.05,27000,57.55,18000,0,27000
TATAPOWER-III.NFO,07/01/2020,14:23:57,57.35,57.05,27000,57.55,9000,0,27000
TATAPOWER-III.NFO,07/01/2020,14:24:04,57.35,57.05,27000,57.55,18000,0,27000
TATAPOWER-III.NFO,07/01/2020,14:24:46,57.35,57.05,27000,57.55,27000,0,27000
TATAPOWER-III.NFO,07/01/2020,14:24:55,57.35,57.05,27000,57.55,18000,0,27000
TATAPOWER-III.NFO,07/01/2020,14:25:55,57.35,57.05,27000,57.55,27000,0,27000
TATAPOWER-III.NFO,07/01/2020,14:27:10,57.35,57.05,27000,57.55,18000,0,27000
TATAPOWER-III.NFO,07/01/2020,14:27:52,57.35,57.05,27000,57.45,18000,0,27000
TATAPOWER-III.NFO,07/01/2020,14:28:24,57.35,57.05,27000,57.45,9000,0,27000
TATAPOWER-III.NFO,07/01/2020,14:28:28,57.35,57.05,27000,57.45,18000,0,27000
TATAPOWER-III.NFO,07/01/2020,14:28:34,57.35,57.05,27000,57.45,27000,0,27000
TATAPOWER-III.NFO,07/01/2020,14:28:55,57.35,57.05,27000,57.45,18000,0,27000
TATAPOWER-III.NFO,07/01/2020,14:30:43,57.35,57.05,27000,57.45,9000,0,27000
TATAPOWER-III.NFO,07/01/2020,14:31:26,57.35,57.05,27000,57.5,18000,0,27000
TATAPOWER-III.NFO,07/01/2020,14:32:56,57.35,57.05,36000,57.5,18000,0,27000
TATAPOWER-III.NFO,07/01/2020,14:33:02,57.35,57.05,36000,57.5,27000,0,27000
TATAPOWER-III.NFO,07/01/2020,14:33:10,57.35,57.05,27000,57.5,18000,0,27000
TATAPOWER-III.NFO,07/01/2020,14:38:48,57.35,57.05,27000,57.5,27000,0,27000
TATAPOWER-III.NFO,07/01/2020,14:38:54,57.35,57.05,27000,57.5,18000,0,27000
TATAPOWER-III.NFO,07/01/2020,14:43:48,57.35,57.05,27000,57.5,45000,0,27000
TATAPOWER-III.NFO,07/01/2020,14:44:03,57.35,57.05,27000,57.5,18000,0,27000
TATAPOWER-III.NFO,07/01/2020,14:44:16,57.35,57.05,27000,57.4,18000,0,27000
TATAPOWER-III.NFO,07/01/2020,14:45:19,57.35,57.05,27000,57.4,27000,0,27000
TATAPOWER-III.NFO,07/01/2020,14:45:48,57.35,57.05,27000,57.4,18000,0,27000
TATAPOWER-III.NFO,07/01/2020,14:46:19,57.35,57.05,27000,57.4,27000,0,27000
TATAPOWER-III.NFO,07/01/2020,14:47:02,57.35,57.05,27000,57.5,27000,0,27000
TATAPOWER-III.NFO,07/01/2020,14:47:49,57.35,57.05,27000,57.5,18000,0,27000
TATAPOWER-III.NFO,07/01/2020,14:48:24,57.35,57.05,27000,57.4,18000,0,27000
TATAPOWER-III.NFO,07/01/2020,14:48:51,57.35,57.05,27000,57.4,9000,0,27000
TATAPOWER-III.NFO,07/01/2020,14:49:01,57.35,57.05,27000,57.4,18000,0,27000
TATAPOWER-III.NFO,07/01/2020,14:49:38,57.35,57.05,27000,57.4,9000,0,27000
TATAPOWER-III.NFO,07/01/2020,14:51:05,57.35,57.05,27000,57.5,27000,0,27000
TATAPOWER-III.NFO,07/01/2020,14:51:20,57.35,57.05,27000,57.5,18000,0,27000
TATAPOWER-III.NFO,07/01/2020,14:51:23,57.35,57.05,27000,57.5,27000,0,27000
TATAPOWER-III.NFO,07/01/2020,14:51:37,57.35,57.05,27000,57.5,45000,0,27000
TATAPOWER-III.NFO,07/01/2020,14:52:16,57.35,57.05,27000,57.5,27000,0,27000
TATAPOWER-III.NFO,07/01/2020,14:53:36,57.35,57.05,27000,57.5,18000,0,27000
TATAPOWER-III.NFO,07/01/2020,14:56:47,57.35,57.05,27000,57.5,27000,0,27000
TATAPOWER-III.NFO,07/01/2020,14:59:38,57.35,57.05,27000,57.5,18000,0,27000
TATAPOWER-III.NFO,07/01/2020,15:02:37,57.35,57.05,27000,57.4,18000,0,27000
TATAPOWER-III.NFO,07/01/2020,15:03:57,57.35,57.05,27000,57.4,27000,0,27000
TATAPOWER-III.NFO,07/01/2020,15:04:16,57.35,57.05,27000,57.4,18000,0,27000
TATAPOWER-III.NFO,07/01/2020,15:07:27,57.35,57.05,27000,57.4,9000,0,27000
TATAPOWER-III.NFO,07/01/2020,15:10:03,57.35,57.05,27000,57.45,18000,0,27000
TATAPOWER-III.NFO,07/01/2020,15:10:09,57.35,57.05,27000,57.45,9000,0,27000
TATAPOWER-III.NFO,07/01/2020,15:11:07,57.35,57.05,27000,57.45,18000,0,27000
TATAPOWER-III.NFO,07/01/2020,15:11:20,57.35,57.05,27000,57.45,9000,0,27000
TATAPOWER-III.NFO,07/01/2020,15:12:46,57.35,57.05,27000,57.55,18000,0,27000
TATAPOWER-III.NFO,07/01/2020,15:14:18,57.35,57.05,27000,57.55,27000,0,27000
TATAPOWER-III.NFO,07/01/2020,15:14:49,57.35,57.05,27000,57.55,18000,0,27000
TATAPOWER-III.NFO,07/01/2020,15:14:54,57.35,57.05,27000,57.55,27000,0,27000
TATAPOWER-III.NFO,07/01/2020,15:19:19,57.35,57.05,27000,57.55,18000,0,27000
TATAPOWER-III.NFO,07/01/2020,15:19:55,57.35,57.05,27000,57.55,27000,0,27000
TATAPOWER-III.NFO,07/01/2020,15:20:07,57.35,57.05,27000,57.55,18000,0,27000
TATAPOWER-III.NFO,07/01/2020,15:20:42,57.35,57.05,27000,57.55,27000,0,27000
TATAPOWER-III.NFO,07/01/2020,15:21:00,57.35,57.05,27000,57.55,18000,0,27000
TATAPOWER-III.NFO,07/01/2020,15:21:26,57.35,57.05,27000,57.55,27000,0,27000
TATAPOWER-III.NFO,07/01/2020,15:21:43,57.35,57.05,27000,57.55,18000,0,27000
TATAPOWER-III.NFO,07/01/2020,15:21:48,57.35,57.05,27000,57.55,27000,0,27000
TATAPOWER-III.NFO,07/01/2020,15:27:44,57.35,57.05,27000,57.55,36000,0,27000
TATAPOWER-III.NFO,07/01/2020,15:28:28,57.35,57.05,27000,57.45,18000,0,27000
TATAPOWER-III.NFO,07/01/2020,15:28:34,57.35,57.05,27000,57.35,18000,0,27000
TATAPOWER-III.NFO,07/01/2020,15:28:40,57.35,57.05,27000,57.35,9000,0,27000
TATAPOWER-III.NFO,07/01/2020,15:29:11,57.35,57.05,27000,57.35,18000,0,27000
TATAPOWER-III.NFO,07/01/2020,15:29:39,57.35,57.05,27000,57.35,9000,0,27000
TATAPOWER-III.NFO,07/01/2020,15:29:52,57.35,57.05,27000,57.55,36000,0,27000
