Ticker,Date,Time,LTP,BuyPrice,BuyQty,SellPrice,SellQty,LTQ,OpenInterest
TITAN-III.NFO,07/01/2020,10:45:04,1173.25,1173.25,3000,1173.9,750,1500,10500
TITAN-III.NFO,07/01/2020,10:45:04,1173.25,1173.25,3000,1173.9,750,0,10500
TITAN-III.NFO,07/01/2020,10:45:04,1173.25,1173.25,3000,1173.9,750,0,10500
TITAN-III.NFO,07/01/2020,10:45:04,1173.25,1173.25,3000,1173.9,750,0,10500
TITAN-III.NFO,07/01/2020,10:45:09,1173.25,1173.25,3000,1175.75,750,0,10500
TITAN-III.NFO,07/01/2020,10:45:14,1173.25,1173.25,750,1175.05,1500,2250,10500
TITAN-III.NFO,07/01/2020,10:45:19,1173.25,1173.25,750,1174.35,750,0,10500
TITAN-III.NFO,07/01/2020,10:45:23,1173.25,1173.25,750,1173.9,2250,0,10500
TITAN-III.NFO,07/01/2020,10:45:27,1173.25,1173.25,750,1173.45,1500,0,10500
TITAN-III.NFO,07/01/2020,10:45:31,1173.25,1173.25,750,1173.45,2250,0,10500
TITAN-III.NFO,07/01/2020,10:45:34,1173.25,1173.25,750,1173.45,750,0,10500
TITAN-III.NFO,07/01/2020,10:45:45,1173.25,1171.55,750,1173.4,750,750,10500
TITAN-III.NFO,07/01/2020,10:45:48,1173.25,1172,1500,1173.35,750,0,10500
TITAN-III.NFO,07/01/2020,10:45:52,1173.25,1172,750,1173.25,1500,0,10500
TITAN-III.NFO,07/01/2020,10:45:56,1173.25,1172,750,1172.8,750,0,10500
TITAN-III.NFO,07/01/2020,10:46:00,1173.25,1170.9,1500,1175.3,1500,0,10500
TITAN-III.NFO,07/01/2020,10:46:04,1173.25,1171.35,750,1174.8,750,0,10500
TITAN-III.NFO,07/01/2020,10:46:07,1173.25,1171.4,750,1174.3,750,0,10500
TITAN-III.NFO,07/01/2020,10:46:10,1173.25,1171.4,750,1173.9,750,0,10500
TITAN-III.NFO,07/01/2020,10:46:13,1173.25,1171.4,750,1173.4,750,0,10500
TITAN-III.NFO,07/01/2020,10:46:17,1173.25,1171.4,750,1173.05,750,0,10500
TITAN-III.NFO,07/01/2020,10:46:21,1173.25,1171.5,750,1172.7,750,0,10500
TITAN-III.NFO,07/01/2020,10:46:24,1173.25,1170.45,3000,1172.5,750,0,10500
TITAN-III.NFO,07/01/2020,10:46:28,1173.25,1170.85,750,1172.4,750,0,10500
TITAN-III.NFO,07/01/2020,10:46:31,1173.25,1171.05,750,1176.55,3750,0,10500
TITAN-III.NFO,07/01/2020,10:46:35,1173.25,1171.6,750,1175.85,3750,0,10500
TITAN-III.NFO,07/01/2020,10:46:38,1173.25,1171.7,750,1175.45,2250,0,10500
TITAN-III.NFO,07/01/2020,10:46:41,1173.25,1172,750,1174.95,750,0,10500
TITAN-III.NFO,07/01/2020,10:46:44,1173.25,1172.05,750,1174.6,750,0,10500
TITAN-III.NFO,07/01/2020,10:46:47,1173.25,1172.15,750,1174.2,750,0,10500
TITAN-III.NFO,07/01/2020,10:46:50,1173.25,1172.2,750,1173.9,750,0,10500
TITAN-III.NFO,07/01/2020,10:46:52,1173.25,1172.3,750,1173.55,750,0,10500
TITAN-III.NFO,07/01/2020,10:46:55,1173.25,1170.05,6000,1173.35,750,0,10500
TITAN-III.NFO,07/01/2020,10:46:59,1173.25,1170.05,6000,1173.05,750,0,10500
TITAN-III.NFO,07/01/2020,10:47:02,1173.25,1170.05,6000,1172.85,750,0,10500
TITAN-III.NFO,07/01/2020,10:47:08,1173.25,1171.35,750,1173.4,750,0,10500
TITAN-III.NFO,07/01/2020,10:47:14,1173.25,1171.75,750,1173.15,750,0,10500
TITAN-III.NFO,07/01/2020,10:47:19,1173.25,1171.85,750,1175.65,1500,0,10500
TITAN-III.NFO,07/01/2020,10:47:24,1173.25,1171.95,750,1174.95,750,0,10500
TITAN-III.NFO,07/01/2020,10:47:28,1173.25,1172.05,750,1174.45,750,0,10500
TITAN-III.NFO,07/01/2020,10:47:32,1173.25,1172.15,750,1173.85,750,0,10500
TITAN-III.NFO,07/01/2020,10:47:36,1173.25,1172.35,750,1173.6,750,0,10500
TITAN-III.NFO,07/01/2020,10:47:43,1173.25,1172.55,750,1173.6,750,0,10500
TITAN-III.NFO,07/01/2020,10:47:54,1173.25,1172.6,750,1173.6,750,0,10500
TITAN-III.NFO,07/01/2020,10:48:01,1173.25,1170.05,6750,1173.6,750,0,10500
TITAN-III.NFO,07/01/2020,10:48:14,1173.25,1170.05,6750,1173.6,1500,0,10500
TITAN-III.NFO,07/01/2020,10:48:22,1173.25,1170.05,6000,1173.25,1500,0,10500
TITAN-III.NFO,07/01/2020,10:48:35,1173.25,1170.05,6000,1173,750,0,10500
TITAN-III.NFO,07/01/2020,10:48:41,1173.25,1171,1500,1175.1,750,0,10500
TITAN-III.NFO,07/01/2020,10:48:46,1173.25,1171.6,750,1174.5,750,0,10500
TITAN-III.NFO,07/01/2020,10:48:49,1173.25,1171.7,750,1174.1,750,0,10500
TITAN-III.NFO,07/01/2020,10:48:53,1173.25,1171.8,1500,1173.6,750,0,10500
TITAN-III.NFO,07/01/2020,10:48:57,1173.25,1171.95,750,1173.05,750,0,10500
TITAN-III.NFO,07/01/2020,10:49:01,1173.25,1172,750,1173,1500,0,10500
TITAN-III.NFO,07/01/2020,10:49:04,1173.25,1172,750,1172.9,750,0,10500
TITAN-III.NFO,07/01/2020,10:49:15,1173.25,1172.05,750,1172.9,750,0,10500
TITAN-III.NFO,07/01/2020,10:49:21,1173.25,1172,750,1172.9,750,0,10500
TITAN-III.NFO,07/01/2020,10:49:31,1173.25,1172.15,750,1173.3,750,0,10500
TITAN-III.NFO,07/01/2020,10:49:34,1173.25,1172.2,750,1175.3,750,0,10500
TITAN-III.NFO,07/01/2020,10:49:36,1173.25,1171.35,750,1174.9,750,0,10500
TITAN-III.NFO,07/01/2020,10:49:42,1173.25,1172,750,1174.1,750,0,10500
TITAN-III.NFO,07/01/2020,10:49:46,1173.25,1172.1,750,1173.6,750,0,10500
TITAN-III.NFO,07/01/2020,10:49:49,1173.25,1172.15,750,1173.45,750,0,10500
TITAN-III.NFO,07/01/2020,10:49:53,1173.25,1172.55,750,1176.55,6000,0,10500
TITAN-III.NFO,07/01/2020,10:49:57,1173.25,1172.8,750,1176.55,6000,0,10500
TITAN-III.NFO,07/01/2020,10:50:03,1173.25,1172.85,750,1176.15,750,0,10500
TITAN-III.NFO,07/01/2020,10:50:09,1173.25,1172.3,750,1175.35,750,0,10500
TITAN-III.NFO,07/01/2020,10:50:14,1173.25,1172.85,750,1174.75,750,0,10500
TITAN-III.NFO,07/01/2020,10:50:20,1173.25,1173.2,750,1174.6,750,0,10500
TITAN-III.NFO,07/01/2020,10:50:25,1173.25,1173.25,750,1174.6,750,0,10500
TITAN-III.NFO,07/01/2020,10:50:30,1173.25,1172.3,750,1174.6,1500,0,10500
TITAN-III.NFO,07/01/2020,10:50:36,1173.25,1173.1,750,1174.6,1500,0,10500
TITAN-III.NFO,07/01/2020,10:50:41,1173.25,1173.25,750,1174.45,750,0,10500
TITAN-III.NFO,07/01/2020,10:50:46,1173.25,1173.35,750,1174.45,750,0,10500
TITAN-III.NFO,07/01/2020,10:50:55,1173.25,1172.6,750,1174.45,1500,0,10500
TITAN-III.NFO,07/01/2020,10:50:59,1173.25,1172.9,750,1174.45,1500,0,10500
TITAN-III.NFO,07/01/2020,10:51:03,1173.25,1173.05,750,1174.45,1500,0,10500
TITAN-III.NFO,07/01/2020,10:51:06,1173.25,1173.15,750,1174.45,750,0,10500
TITAN-III.NFO,07/01/2020,10:51:10,1173.25,1173.25,750,1174.45,750,0,10500
TITAN-III.NFO,07/01/2020,10:51:15,1173.25,1173.3,750,1174.35,750,0,10500
TITAN-III.NFO,07/01/2020,10:51:19,1173.25,1172.25,750,1178.35,7500,0,10500
TITAN-III.NFO,07/01/2020,10:51:23,1173.25,1172.6,750,1178.35,7500,0,10500
TITAN-III.NFO,07/01/2020,10:51:27,1173.25,1172.95,750,1178.35,7500,0,10500
TITAN-III.NFO,07/01/2020,10:51:31,1173.25,1173.45,750,1178.35,7500,0,10500
TITAN-III.NFO,07/01/2020,10:51:35,1173.25,1173.55,750,1178.35,7500,0,10500
TITAN-III.NFO,07/01/2020,10:51:38,1173.25,1173.6,750,1178.35,7500,0,10500
TITAN-III.NFO,07/01/2020,10:51:42,1173.25,1172.45,750,1178.35,7500,0,10500
TITAN-III.NFO,07/01/2020,10:51:47,1173.25,1173.05,750,1178.35,7500,0,10500
TITAN-III.NFO,07/01/2020,10:51:51,1173.25,1173.2,750,1178.35,7500,0,10500
TITAN-III.NFO,07/01/2020,10:51:55,1173.25,1173.3,750,1178.35,7500,0,10500
TITAN-III.NFO,07/01/2020,10:52:00,1173.25,1173.4,750,1178.35,7500,0,10500
TITAN-III.NFO,07/01/2020,10:52:03,1173.25,1173.55,750,1178.35,7500,0,10500
TITAN-III.NFO,07/01/2020,10:52:07,1173.25,1173.7,750,1178.35,7500,0,10500
TITAN-III.NFO,07/01/2020,10:52:12,1173.25,1173.15,750,1178.35,7500,0,10500
TITAN-III.NFO,07/01/2020,10:52:17,1173.25,1173.3,750,1178.35,7500,0,10500
TITAN-III.NFO,07/01/2020,10:52:22,1173.25,1173.5,750,1178.35,7500,0,10500
TITAN-III.NFO,07/01/2020,10:52:26,1173.25,1173.65,750,1178.35,7500,0,10500
TITAN-III.NFO,07/01/2020,10:52:31,1173.25,1173.75,750,1178.35,7500,0,10500
TITAN-III.NFO,07/01/2020,10:52:35,1173.25,1173.85,750,1178.35,7500,0,10500
TITAN-III.NFO,07/01/2020,10:52:38,1173.25,1173.35,750,1178.35,7500,0,10500
TITAN-III.NFO,07/01/2020,10:52:43,1173.25,1173.5,750,1178.35,7500,0,10500
TITAN-III.NFO,07/01/2020,10:52:47,1173.25,1173.6,750,1178.35,7500,0,10500
TITAN-III.NFO,07/01/2020,10:52:51,1173.25,1173.7,750,1178.35,7500,0,10500
TITAN-III.NFO,07/01/2020,10:52:55,1173.25,1173.65,750,1178.35,7500,0,10500
TITAN-III.NFO,07/01/2020,10:53:14,1173.25,1173.75,750,1178.35,7500,0,10500
TITAN-III.NFO,07/01/2020,10:53:21,1173.25,1173.2,750,1178.35,7500,0,10500
TITAN-III.NFO,07/01/2020,10:53:26,1173.25,1173.45,750,1178.35,7500,0,10500
TITAN-III.NFO,07/01/2020,10:53:32,1173.25,1173.55,750,1178.35,7500,0,10500
TITAN-III.NFO,07/01/2020,10:53:37,1173.25,1173.65,750,1178.35,7500,0,10500
TITAN-III.NFO,07/01/2020,10:53:56,1173.25,1172.5,3000,1178.35,7500,0,10500
TITAN-III.NFO,07/01/2020,10:54:02,1173.25,1173.2,750,1178.35,7500,0,10500
TITAN-III.NFO,07/01/2020,10:54:08,1173.25,1173.35,750,1178.35,7500,0,10500
TITAN-III.NFO,07/01/2020,10:54:14,1173.25,1172.25,3750,1178.35,7500,0,10500
TITAN-III.NFO,07/01/2020,10:54:20,1173.25,1172.65,750,1178.35,7500,0,10500
TITAN-III.NFO,07/01/2020,10:54:25,1173.25,1172.95,750,1178.35,7500,0,10500
TITAN-III.NFO,07/01/2020,10:54:30,1173.25,1173.05,750,1178.35,7500,0,10500
TITAN-III.NFO,07/01/2020,10:54:35,1173.25,1173.35,750,1178.35,7500,0,10500
TITAN-III.NFO,07/01/2020,10:54:39,1173.25,1173.4,750,1178.35,7500,0,10500
TITAN-III.NFO,07/01/2020,10:54:49,1173.25,1172.65,750,1178.35,7500,0,10500
TITAN-III.NFO,07/01/2020,10:54:54,1173.25,1173.15,750,1178.35,7500,0,10500
TITAN-III.NFO,07/01/2020,10:54:58,1173.25,1173.3,750,1178.35,7500,0,10500
TITAN-III.NFO,07/01/2020,10:55:07,1173.25,1173.4,750,1178.35,7500,0,10500
TITAN-III.NFO,07/01/2020,10:55:11,1173.25,1173.6,750,1178.35,7500,0,10500
TITAN-III.NFO,07/01/2020,10:55:16,1173.25,1173.65,750,1178.35,7500,0,10500
TITAN-III.NFO,07/01/2020,10:55:24,1173.25,1173.6,750,1178.35,7500,0,10500
TITAN-III.NFO,07/01/2020,10:55:29,1173.25,1172.7,750,1178.35,7500,0,10500
TITAN-III.NFO,07/01/2020,10:55:35,1173.25,1173.35,750,1176.1,750,0,10500
TITAN-III.NFO,07/01/2020,10:55:41,1173.25,1173.6,750,1175.7,750,0,10500
TITAN-III.NFO,07/01/2020,10:55:45,1173.25,1172.65,750,1175.15,750,0,10500
TITAN-III.NFO,07/01/2020,10:55:49,1173.25,1173.1,750,1175.05,750,0,10500
TITAN-III.NFO,07/01/2020,10:55:54,1173.25,1173.15,750,1175,1500,0,10500
TITAN-III.NFO,07/01/2020,10:55:58,1173.25,1173.25,750,1174.9,750,0,10500
TITAN-III.NFO,07/01/2020,10:56:03,1173.25,1173.45,750,1174.8,750,0,10500
TITAN-III.NFO,07/01/2020,10:56:08,1173.25,1173.55,750,1174.8,750,0,10500
TITAN-III.NFO,07/01/2020,10:56:15,1173.25,1173.6,750,1174.8,750,0,10500
TITAN-III.NFO,07/01/2020,10:56:20,1173.25,1173.6,750,1174.6,750,0,10500
TITAN-III.NFO,07/01/2020,10:56:24,1173.25,1173.05,2250,1174.6,1500,0,10500
TITAN-III.NFO,07/01/2020,10:56:28,1173.25,1173.05,2250,1174.6,750,0,10500
TITAN-III.NFO,07/01/2020,10:56:33,1173.25,1173.05,1500,1174.5,750,0,10500
TITAN-III.NFO,07/01/2020,10:56:38,1173.25,1172.05,750,1174.15,750,0,10500
TITAN-III.NFO,07/01/2020,10:56:43,1173.25,1172.6,750,1177.6,3750,0,10500
TITAN-III.NFO,07/01/2020,10:56:48,1173.25,1172.7,750,1177,3750,0,10500
TITAN-III.NFO,07/01/2020,10:56:52,1173.25,1172.75,750,1176.4,2250,0,10500
TITAN-III.NFO,07/01/2020,10:56:57,1173.25,1172.85,750,1175.8,750,0,10500
TITAN-III.NFO,07/01/2020,10:57:01,1173.25,1172.85,750,1175.25,750,0,10500
TITAN-III.NFO,07/01/2020,10:57:05,1173.25,1171.85,2250,1175,2250,0,10500
TITAN-III.NFO,07/01/2020,10:57:09,1173.25,1172.1,750,1174.55,2250,0,10500
TITAN-III.NFO,07/01/2020,10:57:16,1173.25,1172.2,750,1173.75,750,0,10500
TITAN-III.NFO,07/01/2020,10:57:23,1173.25,1172.3,750,1173.4,750,0,10500
TITAN-III.NFO,07/01/2020,10:57:30,1173.25,1171.4,750,1173.25,750,0,10500
TITAN-III.NFO,07/01/2020,10:57:36,1173.25,1171.8,750,1173.1,750,0,10500
TITAN-III.NFO,07/01/2020,10:57:48,1173.25,1172.05,750,1172.95,750,0,10500
TITAN-III.NFO,07/01/2020,10:57:57,1173.25,1172,750,1172.95,750,0,10500
TITAN-III.NFO,07/01/2020,10:58:02,1173.25,1172.05,750,1172.95,750,0,10500
TITAN-III.NFO,07/01/2020,10:58:07,1173.25,1172.15,750,1172.95,750,0,10500
TITAN-III.NFO,07/01/2020,10:58:12,1173.25,1171.4,750,1176.55,3750,0,10500
TITAN-III.NFO,07/01/2020,10:58:17,1173.25,1171.85,750,1175.85,2250,0,10500
TITAN-III.NFO,07/01/2020,10:58:23,1173.25,1171.95,750,1174.7,750,0,10500
TITAN-III.NFO,07/01/2020,10:58:28,1173.25,1172.05,750,1174.1,3000,0,10500
TITAN-III.NFO,07/01/2020,10:58:34,1173.25,1172.15,750,1173.9,750,0,10500
TITAN-III.NFO,07/01/2020,10:58:39,1173.25,1172.5,750,1175.65,750,0,10500
TITAN-III.NFO,07/01/2020,10:58:45,1173.25,1172.6,750,1174.95,750,0,10500
TITAN-III.NFO,07/01/2020,10:58:51,1173.25,1171.8,750,1174.35,750,0,10500
TITAN-III.NFO,07/01/2020,10:58:56,1173.25,1172,750,1173.75,750,0,10500
TITAN-III.NFO,07/01/2020,10:59:02,1173.25,1172.35,750,1173.7,750,0,10500
TITAN-III.NFO,07/01/2020,10:59:08,1173.25,1171.65,750,1173.7,1500,0,10500
TITAN-III.NFO,07/01/2020,10:59:13,1173.25,1171.9,750,1173.4,750,0,10500
TITAN-III.NFO,07/01/2020,10:59:18,1173.25,1172,750,1173.35,750,0,10500
TITAN-III.NFO,07/01/2020,10:59:22,1173.25,1172.05,750,1173.2,750,0,10500
TITAN-III.NFO,07/01/2020,10:59:28,1173.25,1171.1,2250,1172.85,750,0,10500
TITAN-III.NFO,07/01/2020,10:59:33,1173.25,1171.5,750,1172.7,750,0,10500
TITAN-III.NFO,07/01/2020,10:59:39,1173.25,1171.6,750,1172.7,1500,0,10500
TITAN-III.NFO,07/01/2020,10:59:45,1173.25,1171.7,750,1172.5,750,0,10500
TITAN-III.NFO,07/01/2020,10:59:50,1173.25,1170.9,750,1172.5,1500,0,10500
TITAN-III.NFO,07/01/2020,10:59:55,1173.25,1171.35,750,1172.5,750,0,10500
TITAN-III.NFO,07/01/2020,11:00:01,1173.25,1171.5,750,1172.5,750,0,10500
TITAN-III.NFO,07/01/2020,11:00:07,1173.25,1171.75,750,1174.8,750,0,10500
TITAN-III.NFO,07/01/2020,11:00:13,1173.25,1171.8,750,1174.15,2250,0,10500
TITAN-III.NFO,07/01/2020,11:00:20,1173.25,1171.8,750,1173.5,1500,0,10500
TITAN-III.NFO,07/01/2020,11:00:26,1173.25,1171.8,750,1173.05,750,0,10500
TITAN-III.NFO,07/01/2020,11:00:33,1173.25,1171.25,750,1172.5,750,0,10500
TITAN-III.NFO,07/01/2020,11:00:41,1173.25,1171.4,750,1172.5,1500,0,10500
TITAN-III.NFO,07/01/2020,11:00:47,1173.25,1170.5,750,1171.85,750,0,10500
TITAN-III.NFO,07/01/2020,11:00:53,1173.25,1170.45,750,1173.45,2250,0,10500
TITAN-III.NFO,07/01/2020,11:01:01,1173.25,1170.3,750,1172.45,1500,0,10500
TITAN-III.NFO,07/01/2020,11:01:09,1173.25,1170.4,750,1171.8,1500,0,10500
TITAN-III.NFO,07/01/2020,11:01:17,1173.25,1170.5,750,1171.8,1500,0,10500
TITAN-III.NFO,07/01/2020,11:01:24,1173.25,1170.5,750,1171.55,750,0,10500
TITAN-III.NFO,07/01/2020,11:01:38,1173.25,1170.05,1500,1171.3,750,0,10500
TITAN-III.NFO,07/01/2020,11:01:46,1173.25,1170.05,1500,1172.9,750,0,10500
TITAN-III.NFO,07/01/2020,11:01:55,1173.25,1170.05,1500,1172.5,750,0,10500
TITAN-III.NFO,07/01/2020,11:02:02,1173.25,1170.05,1500,1171.8,750,0,10500
TITAN-III.NFO,07/01/2020,11:02:09,1173.25,1170.05,2250,1171.65,1500,0,10500
TITAN-III.NFO,07/01/2020,11:02:16,1173.25,1170.2,750,1171.65,1500,0,10500
TITAN-III.NFO,07/01/2020,11:02:22,1173.25,1170.35,750,1171.55,750,0,10500
TITAN-III.NFO,07/01/2020,11:02:29,1173.25,1170.45,750,1171.55,750,0,10500
TITAN-III.NFO,07/01/2020,11:02:36,1173.25,1170.55,750,1171.5,750,0,10500
TITAN-III.NFO,07/01/2020,11:02:43,1173.25,1170.05,1500,1171.25,750,0,10500
TITAN-III.NFO,07/01/2020,11:02:48,1173.25,1170.2,750,1171.25,750,0,10500
TITAN-III.NFO,07/01/2020,11:02:55,1173.25,1170.05,1500,1171.25,1500,0,10500
TITAN-III.NFO,07/01/2020,11:03:02,1173.25,1170.05,1500,1171.1,750,0,10500
TITAN-III.NFO,07/01/2020,11:03:09,1173.25,1170,750,1170.9,1500,0,10500
TITAN-III.NFO,07/01/2020,11:03:15,1173.25,1170,750,1170.6,750,0,10500
TITAN-III.NFO,07/01/2020,11:03:22,1173.25,1170,750,1170.45,750,0,10500
TITAN-III.NFO,07/01/2020,11:03:28,1173.25,1170,750,1170.45,1500,0,10500
TITAN-III.NFO,07/01/2020,11:03:33,1173.25,1170,750,1170.15,750,0,10500
TITAN-III.NFO,07/01/2020,11:03:40,1170,1167.85,750,1170.05,750,750,12000
TITAN-III.NFO,07/01/2020,11:03:40,1170,1167.85,750,1170.05,750,0,12000
TITAN-III.NFO,07/01/2020,11:03:48,1170,1168.55,750,1171.7,750,0,12000
TITAN-III.NFO,07/01/2020,11:03:54,1170,1168.95,750,1170.95,750,0,12000
TITAN-III.NFO,07/01/2020,11:04:00,1170,1168,750,1170.4,750,0,12000
TITAN-III.NFO,07/01/2020,11:04:08,1170,1168.7,750,1171,2250,0,12000
TITAN-III.NFO,07/01/2020,11:04:14,1170,1169.3,750,1170.65,750,0,12000
TITAN-III.NFO,07/01/2020,11:04:21,1170,1169.5,750,1170.65,750,0,12000
TITAN-III.NFO,07/01/2020,11:04:27,1170,1169.6,750,1170.65,750,0,12000
TITAN-III.NFO,07/01/2020,11:04:33,1170,1169.7,750,1170.65,750,0,12000
TITAN-III.NFO,07/01/2020,11:04:40,1170,1168.15,2250,1170.55,750,0,12000
TITAN-III.NFO,07/01/2020,11:04:47,1170,1168.9,750,1170.45,750,0,12000
TITAN-III.NFO,07/01/2020,11:04:54,1170,1169.35,750,1170.45,750,0,12000
TITAN-III.NFO,07/01/2020,11:05:01,1170,1169.3,750,1170.45,750,0,12000
TITAN-III.NFO,07/01/2020,11:05:08,1170,1168.6,750,1170.35,750,0,12000
TITAN-III.NFO,07/01/2020,11:05:14,1170,1169.05,750,1173.25,2250,0,12000
TITAN-III.NFO,07/01/2020,11:05:21,1170,1169.35,750,1172.3,750,0,12000
TITAN-III.NFO,07/01/2020,11:05:28,1170,1169.5,750,1171.75,750,0,12000
TITAN-III.NFO,07/01/2020,11:05:34,1170,1168.55,750,1171.1,750,0,12000
TITAN-III.NFO,07/01/2020,11:05:41,1170,1169.3,750,1170.75,750,0,12000
TITAN-III.NFO,07/01/2020,11:05:47,1170,1169.65,750,1170.75,750,0,12000
TITAN-III.NFO,07/01/2020,11:05:54,1170,1169.75,750,1170.75,750,0,12000
TITAN-III.NFO,07/01/2020,11:06:01,1170,1169.8,750,1173,750,0,12000
TITAN-III.NFO,07/01/2020,11:06:08,1170,1169.95,750,1172.3,1500,0,12000
TITAN-III.NFO,07/01/2020,11:06:15,1170,1170,750,1171.6,750,0,12000
TITAN-III.NFO,07/01/2020,11:06:21,1170,1169.5,1500,1171.25,1500,0,12000
TITAN-III.NFO,07/01/2020,11:06:28,1170,1169.8,750,1171.25,1500,0,12000
TITAN-III.NFO,07/01/2020,11:06:33,1170,1169.9,750,1171.2,750,0,12000
TITAN-III.NFO,07/01/2020,11:06:39,1170,1170,750,1171.05,750,0,12000
TITAN-III.NFO,07/01/2020,11:06:44,1170,1168.75,3000,1170.85,1500,0,12000
TITAN-III.NFO,07/01/2020,11:06:49,1170,1169.35,750,1170.85,750,0,12000
TITAN-III.NFO,07/01/2020,11:06:54,1170,1169.85,750,1172.1,750,0,12000
TITAN-III.NFO,07/01/2020,11:07:00,1170,1170.25,750,1171.95,750,0,12000
TITAN-III.NFO,07/01/2020,11:07:06,1170,1170.35,750,1171.7,1500,0,12000
TITAN-III.NFO,07/01/2020,11:07:11,1170,1169.25,1500,1171.1,750,0,12000
TITAN-III.NFO,07/01/2020,11:07:16,1170,1169.45,750,1171,750,0,12000
TITAN-III.NFO,07/01/2020,11:07:21,1170,1169.65,750,1171,750,0,12000
TITAN-III.NFO,07/01/2020,11:07:26,1170,1169.8,750,1171,750,0,12000
TITAN-III.NFO,07/01/2020,11:07:32,1170,1169.85,750,1170.9,750,0,12000
TITAN-III.NFO,07/01/2020,11:07:47,1170,1168.95,750,1170.7,750,0,12000
TITAN-III.NFO,07/01/2020,11:07:57,1170,1169.35,750,1170.45,750,0,12000
TITAN-III.NFO,07/01/2020,11:08:01,1170,1169.4,750,1171.05,750,0,12000
TITAN-III.NFO,07/01/2020,11:08:06,1170,1169.55,750,1170.8,750,0,12000
TITAN-III.NFO,07/01/2020,11:08:11,1170,1169.5,750,1170.8,750,0,12000
TITAN-III.NFO,07/01/2020,11:08:16,1170,1169.55,750,1170.8,750,0,12000
TITAN-III.NFO,07/01/2020,11:08:26,1170,1169.65,750,1170.8,750,0,12000
TITAN-III.NFO,07/01/2020,11:08:31,1170,1168.6,750,1173,1500,0,12000
TITAN-III.NFO,07/01/2020,11:08:37,1170,1169.05,1500,1172.55,2250,0,12000
TITAN-III.NFO,07/01/2020,11:08:42,1170,1169.15,750,1172.3,2250,0,12000
TITAN-III.NFO,07/01/2020,11:08:47,1170,1169.25,750,1171.75,750,0,12000
TITAN-III.NFO,07/01/2020,11:08:51,1170,1169.35,750,1171.15,750,0,12000
TITAN-III.NFO,07/01/2020,11:08:55,1170,1169.45,750,1170.9,1500,0,12000
TITAN-III.NFO,07/01/2020,11:08:59,1170,1169.5,750,1170.5,750,0,12000
TITAN-III.NFO,07/01/2020,11:09:04,1170,1169.55,750,1170.5,750,0,12000
TITAN-III.NFO,07/01/2020,11:09:08,1170,1168.9,750,1171.65,2250,0,12000
TITAN-III.NFO,07/01/2020,11:09:14,1170,1169.05,2250,1171.4,1500,0,12000
TITAN-III.NFO,07/01/2020,11:09:19,1170,1169.3,750,1171.25,750,0,12000
TITAN-III.NFO,07/01/2020,11:09:24,1170,1169.4,750,1171.1,750,0,12000
TITAN-III.NFO,07/01/2020,11:09:35,1170,1169.6,750,1171,750,0,12000
TITAN-III.NFO,07/01/2020,11:09:40,1170,1169.7,750,1171,750,0,12000
TITAN-III.NFO,07/01/2020,11:09:45,1170,1169.8,750,1171,750,0,12000
TITAN-III.NFO,07/01/2020,11:09:50,1170,1169.3,2250,1170.9,750,0,12000
TITAN-III.NFO,07/01/2020,11:09:54,1170,1169.5,750,1170.9,750,0,12000
TITAN-III.NFO,07/01/2020,11:09:57,1170,1169.55,750,1172.9,750,0,12000
TITAN-III.NFO,07/01/2020,11:10:01,1170,1169.65,750,1172.55,2250,0,12000
TITAN-III.NFO,07/01/2020,11:10:06,1170,1169.75,750,1172.1,2250,0,12000
TITAN-III.NFO,07/01/2020,11:10:11,1170,1169.75,750,1171.4,750,0,12000
TITAN-III.NFO,07/01/2020,11:10:16,1170,1169.75,750,1170.95,750,0,12000
TITAN-III.NFO,07/01/2020,11:10:21,1170,1169.75,750,1170.95,1500,0,12000
TITAN-III.NFO,07/01/2020,11:10:37,1170,1168.85,3000,1170.95,1500,0,12000
TITAN-III.NFO,07/01/2020,11:10:40,1170,1168.95,1500,1170.95,1500,0,12000
TITAN-III.NFO,07/01/2020,11:10:44,1170,1169.25,750,1170.95,1500,0,12000
TITAN-III.NFO,07/01/2020,11:10:47,1170,1169.4,750,1170.95,1500,0,12000
TITAN-III.NFO,07/01/2020,11:10:50,1170,1169.5,750,1170.95,1500,0,12000
TITAN-III.NFO,07/01/2020,11:10:54,1170,1168.9,2250,1170.7,750,0,12000
TITAN-III.NFO,07/01/2020,11:10:58,1170,1169.05,750,1170.7,750,0,12000
TITAN-III.NFO,07/01/2020,11:11:06,1170,1167.9,2250,1170.25,750,0,12000
TITAN-III.NFO,07/01/2020,11:11:11,1170,1168.4,750,1170.1,1500,0,12000
TITAN-III.NFO,07/01/2020,11:11:16,1170,1168.5,750,1170.1,1500,0,12000
TITAN-III.NFO,07/01/2020,11:11:24,1170,1166.65,1500,1169.75,750,0,12000
TITAN-III.NFO,07/01/2020,11:11:32,1170,1167.7,750,1169.35,750,0,12000
TITAN-III.NFO,07/01/2020,11:11:40,1170,1167.85,750,1169.35,750,0,12000
TITAN-III.NFO,07/01/2020,11:11:47,1170,1168,750,1169.35,750,0,12000
TITAN-III.NFO,07/01/2020,11:11:53,1170,1168.1,750,1172,4500,0,12000
TITAN-III.NFO,07/01/2020,11:12:00,1170,1167.55,1500,1171.2,2250,0,12000
TITAN-III.NFO,07/01/2020,11:12:08,1170,1167.75,750,1170.4,1500,0,12000
TITAN-III.NFO,07/01/2020,11:12:16,1170,1167.95,750,1169.4,750,0,12000
TITAN-III.NFO,07/01/2020,11:12:23,1170,1168.05,1500,1171.4,2250,0,12000
TITAN-III.NFO,07/01/2020,11:12:28,1170,1168.15,750,1170.7,750,0,12000
TITAN-III.NFO,07/01/2020,11:12:34,1170,1168.25,750,1170,750,0,12000
TITAN-III.NFO,07/01/2020,11:12:39,1170,1168.55,750,1172.65,2250,0,12000
TITAN-III.NFO,07/01/2020,11:12:45,1170,1168.9,750,1171.95,750,0,12000
TITAN-III.NFO,07/01/2020,11:12:51,1170,1169,1500,1171.65,750,0,12000
TITAN-III.NFO,07/01/2020,11:12:56,1170,1168.95,750,1170.95,750,0,12000
TITAN-III.NFO,07/01/2020,11:13:01,1170,1169,750,1170.45,750,0,12000
TITAN-III.NFO,07/01/2020,11:13:06,1170,1169.05,750,1170.4,1500,0,12000
TITAN-III.NFO,07/01/2020,11:13:11,1170,1168.8,1500,1170.4,1500,0,12000
TITAN-III.NFO,07/01/2020,11:13:16,1170,1168.8,1500,1170.3,750,0,12000
TITAN-III.NFO,07/01/2020,11:13:28,1170,1168.9,1500,1170.3,750,0,12000
TITAN-III.NFO,07/01/2020,11:13:33,1170,1168.6,3000,1170.3,750,0,12000
TITAN-III.NFO,07/01/2020,11:13:40,1170,1168.8,750,1170.3,1500,0,12000
TITAN-III.NFO,07/01/2020,11:13:45,1170,1168.9,750,1170.3,750,0,12000
TITAN-III.NFO,07/01/2020,11:13:51,1170,1169,750,1170.05,750,0,12000
TITAN-III.NFO,07/01/2020,11:13:56,1170,1169.1,750,1170.05,750,0,12000
TITAN-III.NFO,07/01/2020,11:14:01,1170,1169.2,750,1170.05,750,0,12000
TITAN-III.NFO,07/01/2020,11:14:06,1170,1169.3,750,1170.05,750,0,12000
TITAN-III.NFO,07/01/2020,11:14:11,1170,1168.75,1500,1170.05,750,0,12000
TITAN-III.NFO,07/01/2020,11:14:17,1170,1168.9,750,1170.05,750,0,12000
TITAN-III.NFO,07/01/2020,11:14:22,1170,1169,750,1170.05,750,0,12000
TITAN-III.NFO,07/01/2020,11:14:27,1170.05,1169.35,750,1171.1,750,750,12750
TITAN-III.NFO,07/01/2020,11:14:32,1170.05,1169.45,750,1170.7,750,0,12750
TITAN-III.NFO,07/01/2020,11:14:40,1170.05,1169.05,1500,1171.55,1500,0,12750
TITAN-III.NFO,07/01/2020,11:14:45,1170.05,1169.2,750,1170.95,750,0,12750
TITAN-III.NFO,07/01/2020,11:14:50,1170.05,1169.25,750,1170.65,750,0,12750
TITAN-III.NFO,07/01/2020,11:14:55,1170.05,1169.3,750,1170.55,750,0,12750
TITAN-III.NFO,07/01/2020,11:15:01,1170.05,1168.3,1500,1170.35,750,0,12750
TITAN-III.NFO,07/01/2020,11:15:08,1170.05,1168.75,2250,1170.7,750,0,12750
TITAN-III.NFO,07/01/2020,11:15:14,1170.05,1168.5,1500,1170.95,750,0,12750
TITAN-III.NFO,07/01/2020,11:15:20,1170.05,1168.5,2250,1170.15,750,0,12750
TITAN-III.NFO,07/01/2020,11:15:25,1170.05,1168.65,750,1170.35,750,0,12750
TITAN-III.NFO,07/01/2020,11:15:31,1170.05,1168.75,750,1170.35,750,0,12750
TITAN-III.NFO,07/01/2020,11:15:36,1170.05,1168.8,750,1170.3,1500,0,12750
TITAN-III.NFO,07/01/2020,11:15:40,1170.05,1168.85,750,1170.3,750,0,12750
TITAN-III.NFO,07/01/2020,11:15:45,1170.05,1168.95,750,1170.3,750,0,12750
TITAN-III.NFO,07/01/2020,11:15:49,1170.05,1169.05,750,1172.2,750,0,12750
TITAN-III.NFO,07/01/2020,11:15:53,1170.05,1169.15,750,1171.7,750,0,12750
TITAN-III.NFO,07/01/2020,11:15:58,1170.05,1169.25,750,1171.15,1500,0,12750
TITAN-III.NFO,07/01/2020,11:16:03,1170.05,1169.2,750,1170.7,750,0,12750
TITAN-III.NFO,07/01/2020,11:16:09,1170.05,1169.2,750,1170.4,750,0,12750
TITAN-III.NFO,07/01/2020,11:16:15,1170.05,1168.55,750,1170.8,750,0,12750
TITAN-III.NFO,07/01/2020,11:16:21,1170.05,1168.5,750,1170.3,750,0,12750
TITAN-III.NFO,07/01/2020,11:16:27,1170.05,1168.65,750,1169.7,750,0,12750
TITAN-III.NFO,07/01/2020,11:16:33,1170.05,1168.25,1500,1169.7,750,0,12750
TITAN-III.NFO,07/01/2020,11:16:37,1170.05,1168.4,750,1169.7,750,0,12750
TITAN-III.NFO,07/01/2020,11:16:42,1170.05,1168.5,750,1169.7,750,0,12750
TITAN-III.NFO,07/01/2020,11:16:53,1170.05,1168.1,1500,1169.5,750,0,12750
TITAN-III.NFO,07/01/2020,11:17:04,1170.05,1168.2,1500,1170.1,750,0,12750
TITAN-III.NFO,07/01/2020,11:17:08,1170.05,1168.3,750,1169.75,750,0,12750
TITAN-III.NFO,07/01/2020,11:17:20,1170.05,1168.25,750,1169.7,750,0,12750
TITAN-III.NFO,07/01/2020,11:17:25,1170.05,1168.35,750,1169.7,750,0,12750
TITAN-III.NFO,07/01/2020,11:17:30,1170.05,1168.45,750,1169.7,750,0,12750
TITAN-III.NFO,07/01/2020,11:17:36,1170.05,1168.65,750,1170.3,750,0,12750
TITAN-III.NFO,07/01/2020,11:17:43,1170.05,1168.35,750,1169.7,750,0,12750
TITAN-III.NFO,07/01/2020,11:17:49,1170.05,1168.45,750,1169.7,750,0,12750
TITAN-III.NFO,07/01/2020,11:17:54,1170.05,1168.55,750,1170.25,750,0,12750
TITAN-III.NFO,07/01/2020,11:17:58,1170.05,1168.65,750,1169.75,750,0,12750
TITAN-III.NFO,07/01/2020,11:18:03,1170.05,1168.65,750,1171.5,750,0,12750
TITAN-III.NFO,07/01/2020,11:18:07,1170.05,1168.6,750,1170.9,750,0,12750
TITAN-III.NFO,07/01/2020,11:18:12,1170.05,1168.65,750,1170.3,750,0,12750
TITAN-III.NFO,07/01/2020,11:18:17,1170.05,1168.4,750,1169.85,750,0,12750
TITAN-III.NFO,07/01/2020,11:18:21,1170.05,1168.5,750,1169.8,750,0,12750
TITAN-III.NFO,07/01/2020,11:18:26,1170.05,1168.65,750,1169.8,750,0,12750
TITAN-III.NFO,07/01/2020,11:18:36,1170.05,1168.65,750,1170.45,750,0,12750
TITAN-III.NFO,07/01/2020,11:18:43,1170.05,1168.3,2250,1170,750,0,12750
TITAN-III.NFO,07/01/2020,11:18:50,1170.05,1168.5,750,1171.4,750,0,12750
TITAN-III.NFO,07/01/2020,11:18:57,1170.05,1169.7,750,1172.95,750,0,12750
TITAN-III.NFO,07/01/2020,11:19:03,1170.05,1169.75,1500,1172.25,750,0,12750
TITAN-III.NFO,07/01/2020,11:19:09,1170.05,1169.85,2250,1171.55,750,0,12750
TITAN-III.NFO,07/01/2020,11:19:14,1170.05,1170.1,750,1173.2,750,0,12750
TITAN-III.NFO,07/01/2020,11:19:22,1170.05,1170.65,750,1172.4,750,0,12750
TITAN-III.NFO,07/01/2020,11:19:30,1170.05,1170.75,1500,1172.85,750,0,12750
TITAN-III.NFO,07/01/2020,11:19:37,1170.05,1170.85,750,1172.55,750,0,12750
TITAN-III.NFO,07/01/2020,11:19:41,1170.05,1170.95,750,1172.05,750,0,12750
TITAN-III.NFO,07/01/2020,11:19:48,1170.05,1171,750,1172.05,750,0,12750
TITAN-III.NFO,07/01/2020,11:19:53,1170.05,1171,750,1173.95,750,0,12750
TITAN-III.NFO,07/01/2020,11:19:57,1170.05,1171,750,1173.5,750,0,12750
TITAN-III.NFO,07/01/2020,11:20:00,1170.05,1171,750,1173.1,750,0,12750
TITAN-III.NFO,07/01/2020,11:20:05,1170.05,1171,750,1172.5,750,0,12750
TITAN-III.NFO,07/01/2020,11:20:11,1170.05,1170.75,1500,1172.35,750,0,12750
TITAN-III.NFO,07/01/2020,11:20:17,1170.05,1170.9,750,1172.35,750,0,12750
TITAN-III.NFO,07/01/2020,11:20:22,1170.05,1171,750,1172.35,750,0,12750
TITAN-III.NFO,07/01/2020,11:20:33,1170.05,1171.05,750,1172.25,750,0,12750
TITAN-III.NFO,07/01/2020,11:20:39,1170.05,1170.15,750,1172.65,750,0,12750
TITAN-III.NFO,07/01/2020,11:20:44,1170.05,1170.5,750,1172.35,750,0,12750
TITAN-III.NFO,07/01/2020,11:20:50,1170.05,1170.7,750,1171.95,750,0,12750
TITAN-III.NFO,07/01/2020,11:20:56,1170.05,1170.95,750,1172.3,750,0,12750
TITAN-III.NFO,07/01/2020,11:21:01,1170.05,1170.25,4500,1174.65,2250,0,12750
TITAN-III.NFO,07/01/2020,11:21:07,1170.05,1170.25,4500,1174.1,750,0,12750
TITAN-III.NFO,07/01/2020,11:21:12,1170.05,1170.25,4500,1173.85,750,0,12750
TITAN-III.NFO,07/01/2020,11:21:16,1170.05,1170.25,4500,1173.5,750,0,12750
TITAN-III.NFO,07/01/2020,11:21:21,1170.05,1170.25,4500,1172.9,750,0,12750
TITAN-III.NFO,07/01/2020,11:21:25,1170.05,1170.25,4500,1172.5,750,0,12750
TITAN-III.NFO,07/01/2020,11:21:30,1170.05,1170.5,750,1173.3,750,0,12750
TITAN-III.NFO,07/01/2020,11:21:36,1170.05,1170.6,750,1172.75,1500,0,12750
TITAN-III.NFO,07/01/2020,11:21:41,1170.05,1170.9,750,1172.2,750,0,12750
TITAN-III.NFO,07/01/2020,11:21:46,1170.05,1171,750,1172.2,750,0,12750
TITAN-III.NFO,07/01/2020,11:21:50,1170.05,1170.2,750,1172,750,0,12750
TITAN-III.NFO,07/01/2020,11:21:54,1170.05,1170.4,750,1171.9,750,0,12750
TITAN-III.NFO,07/01/2020,11:21:59,1170.05,1170.5,750,1171.9,750,0,12750
TITAN-III.NFO,07/01/2020,11:22:08,1170.05,1170.6,750,1171.9,750,0,12750
TITAN-III.NFO,07/01/2020,11:22:19,1170.05,1170.15,750,1171.7,750,0,12750
TITAN-III.NFO,07/01/2020,11:22:24,1170.05,1170.3,750,1171.7,750,0,12750
TITAN-III.NFO,07/01/2020,11:22:28,1170.05,1170.15,750,1173.25,750,0,12750
TITAN-III.NFO,07/01/2020,11:22:32,1170.05,1170.25,750,1172.75,750,0,12750
TITAN-III.NFO,07/01/2020,11:22:37,1170.05,1170.3,750,1172.4,750,0,12750
TITAN-III.NFO,07/01/2020,11:22:41,1170.05,1169.8,750,1172,750,0,12750
TITAN-III.NFO,07/01/2020,11:22:44,1170.05,1169.9,750,1171.6,750,0,12750
TITAN-III.NFO,07/01/2020,11:22:47,1170.05,1169.95,750,1171.5,750,0,12750
TITAN-III.NFO,07/01/2020,11:22:50,1170.05,1170.05,750,1171.5,750,0,12750
TITAN-III.NFO,07/01/2020,11:22:54,1170.05,1170.35,750,1175.65,6750,0,12750
TITAN-III.NFO,07/01/2020,11:22:58,1170.05,1170.55,750,1175.65,6750,0,12750
TITAN-III.NFO,07/01/2020,11:23:08,1170.05,1170.2,750,1175.65,6750,0,12750
TITAN-III.NFO,07/01/2020,11:23:13,1170.05,1169.55,1500,1175.65,6750,0,12750
TITAN-III.NFO,07/01/2020,11:23:18,1170.05,1169.8,750,1175.65,6750,0,12750
TITAN-III.NFO,07/01/2020,11:23:23,1170.05,1169.95,750,1175.65,6750,0,12750
TITAN-III.NFO,07/01/2020,11:23:27,1170.05,1170,750,1175.65,6750,0,12750
TITAN-III.NFO,07/01/2020,11:23:32,1170.05,1170.1,750,1175.65,6750,0,12750
TITAN-III.NFO,07/01/2020,11:23:36,1170.05,1170.2,750,1175.65,6750,0,12750
TITAN-III.NFO,07/01/2020,11:23:41,1170.05,1170.3,750,1175.65,6750,0,12750
TITAN-III.NFO,07/01/2020,11:23:46,1170.05,1169.5,750,1175.65,6750,0,12750
TITAN-III.NFO,07/01/2020,11:23:50,1170.05,1170.15,750,1175.65,6750,0,12750
TITAN-III.NFO,07/01/2020,11:23:54,1170.05,1170.4,750,1175.65,6750,0,12750
TITAN-III.NFO,07/01/2020,11:23:58,1170.05,1170.45,750,1175.65,6750,0,12750
TITAN-III.NFO,07/01/2020,11:24:03,1170.05,1170.65,750,1175.65,6750,0,12750
TITAN-III.NFO,07/01/2020,11:24:08,1170.05,1170.5,750,1175.65,6750,0,12750
TITAN-III.NFO,07/01/2020,11:24:13,1170.05,1170.6,2250,1175.65,6750,0,12750
TITAN-III.NFO,07/01/2020,11:24:18,1170.05,1170.7,750,1175.65,6750,0,12750
TITAN-III.NFO,07/01/2020,11:24:22,1170.05,1170.8,750,1175.65,6750,0,12750
TITAN-III.NFO,07/01/2020,11:24:26,1170.05,1170.9,750,1175.45,3750,0,12750
TITAN-III.NFO,07/01/2020,11:24:31,1170.05,1170.9,750,1174.85,3750,0,12750
TITAN-III.NFO,07/01/2020,11:24:36,1170.05,1171,1500,1174.05,750,0,12750
TITAN-III.NFO,07/01/2020,11:24:41,1170.05,1171.1,750,1173.45,750,0,12750
TITAN-III.NFO,07/01/2020,11:24:45,1170.05,1170.2,1500,1173.15,750,0,12750
TITAN-III.NFO,07/01/2020,11:24:50,1170.05,1170.6,2250,1172.95,1500,0,12750
TITAN-III.NFO,07/01/2020,11:24:54,1170.05,1170.7,750,1172.4,750,0,12750
TITAN-III.NFO,07/01/2020,11:24:58,1170.05,1170.8,750,1172.2,750,0,12750
TITAN-III.NFO,07/01/2020,11:25:03,1170.05,1170.9,750,1173.5,750,0,12750
TITAN-III.NFO,07/01/2020,11:25:08,1170.05,1170.9,750,1173.3,3000,0,12750
TITAN-III.NFO,07/01/2020,11:25:13,1170.05,1170.9,750,1172.7,750,0,12750
TITAN-III.NFO,07/01/2020,11:25:17,1170.05,1170.9,750,1172.2,750,0,12750
TITAN-III.NFO,07/01/2020,11:25:21,1170.05,1170.9,750,1173.2,2250,0,12750
TITAN-III.NFO,07/01/2020,11:25:28,1170.05,1170.9,750,1172.55,750,0,12750
TITAN-III.NFO,07/01/2020,11:25:33,1170.05,1170.9,750,1172.05,750,0,12750
TITAN-III.NFO,07/01/2020,11:25:46,1170.05,1170.9,750,1172.3,750,0,12750
TITAN-III.NFO,07/01/2020,11:25:51,1170.05,1170.9,750,1172.2,750,0,12750
TITAN-III.NFO,07/01/2020,11:25:55,1170.05,1170.9,750,1172,750,0,12750
TITAN-III.NFO,07/01/2020,11:26:22,1170.05,1170.3,750,1172.85,750,0,12750
TITAN-III.NFO,07/01/2020,11:26:26,1170.05,1170.35,750,1172.4,750,0,12750
TITAN-III.NFO,07/01/2020,11:26:30,1170.05,1170.45,750,1172.05,750,0,12750
TITAN-III.NFO,07/01/2020,11:26:35,1170.05,1170.65,750,1172.05,750,0,12750
TITAN-III.NFO,07/01/2020,11:26:39,1170.05,1170.75,750,1172.05,750,0,12750
TITAN-III.NFO,07/01/2020,11:26:44,1170.05,1169.6,1500,1172.65,750,0,12750
TITAN-III.NFO,07/01/2020,11:26:48,1170.05,1170.15,1500,1172.35,750,0,12750
TITAN-III.NFO,07/01/2020,11:26:53,1170.05,1170.25,750,1171.95,750,0,12750
TITAN-III.NFO,07/01/2020,11:26:57,1170.05,1170.3,750,1172.3,750,0,12750
TITAN-III.NFO,07/01/2020,11:27:00,1170.05,1170.4,750,1172.05,750,0,12750
TITAN-III.NFO,07/01/2020,11:27:04,1170.05,1170.45,750,1171.8,750,0,12750
TITAN-III.NFO,07/01/2020,11:27:13,1170.05,1170,1500,1171.7,750,0,12750
TITAN-III.NFO,07/01/2020,11:27:16,1170.05,1170.1,750,1171.7,750,0,12750
TITAN-III.NFO,07/01/2020,11:27:19,1170.05,1170.2,750,1172.65,2250,0,12750
TITAN-III.NFO,07/01/2020,11:27:23,1170.05,1170.3,750,1172.2,750,0,12750
TITAN-III.NFO,07/01/2020,11:27:27,1170.05,1170.4,750,1171.85,750,0,12750
TITAN-III.NFO,07/01/2020,11:27:30,1170.05,1170.4,750,1171.75,750,0,12750
TITAN-III.NFO,07/01/2020,11:27:34,1170.05,1170.5,750,1172.55,1500,0,12750
TITAN-III.NFO,07/01/2020,11:27:37,1170.05,1170.25,1500,1172.35,750,0,12750
TITAN-III.NFO,07/01/2020,11:27:40,1170.05,1170.35,750,1172.05,750,0,12750
TITAN-III.NFO,07/01/2020,11:27:43,1170.05,1170.45,750,1171.75,750,0,12750
TITAN-III.NFO,07/01/2020,11:27:46,1170.05,1170.55,750,1171.75,750,0,12750
TITAN-III.NFO,07/01/2020,11:27:47,1170.05,1170.65,750,1171.75,750,0,12750
TITAN-III.NFO,07/01/2020,11:27:52,1170.05,1170.65,750,1173.95,750,0,12750
TITAN-III.NFO,07/01/2020,11:27:57,1170.05,1170.35,750,1173.55,750,0,12750
TITAN-III.NFO,07/01/2020,11:28:00,1170.05,1170.5,750,1173.05,750,0,12750
TITAN-III.NFO,07/01/2020,11:28:03,1170.05,1170.6,750,1172.65,750,0,12750
TITAN-III.NFO,07/01/2020,11:28:07,1170.05,1170.65,750,1172.25,750,0,12750
TITAN-III.NFO,07/01/2020,11:28:10,1170.05,1170.65,750,1171.95,750,0,12750
TITAN-III.NFO,07/01/2020,11:28:18,1170.05,1170.65,750,1172.25,750,0,12750
TITAN-III.NFO,07/01/2020,11:28:34,1170.05,1170.65,750,1172.1,750,0,12750
TITAN-III.NFO,07/01/2020,11:28:36,1170.05,1170.7,750,1172.9,2250,0,12750
TITAN-III.NFO,07/01/2020,11:28:38,1170.05,1170.8,750,1172.9,1500,0,12750
TITAN-III.NFO,07/01/2020,11:28:40,1170.05,1170.8,750,1172.6,750,0,12750
TITAN-III.NFO,07/01/2020,11:28:42,1170.05,1170.8,750,1172.4,750,0,12750
TITAN-III.NFO,07/01/2020,11:28:44,1170.05,1170.65,2250,1172.2,750,0,12750
TITAN-III.NFO,07/01/2020,11:28:47,1170.05,1170.75,750,1172.1,750,0,12750
TITAN-III.NFO,07/01/2020,11:28:49,1170.05,1170.45,1500,1172.55,750,0,12750
TITAN-III.NFO,07/01/2020,11:28:52,1170.05,1170.6,1500,1172.15,750,0,12750
TITAN-III.NFO,07/01/2020,11:28:56,1170.05,1170.7,750,1172.05,750,0,12750
TITAN-III.NFO,07/01/2020,11:29:00,1170.05,1169.85,1500,1172.6,750,0,12750
TITAN-III.NFO,07/01/2020,11:29:04,1170.05,1170.45,750,1172.1,750,0,12750
TITAN-III.NFO,07/01/2020,11:29:09,1170.05,1170.65,750,1175.85,7500,0,12750
TITAN-III.NFO,07/01/2020,11:29:12,1170.05,1170.75,750,1175.85,7500,0,12750
TITAN-III.NFO,07/01/2020,11:29:16,1170.05,1170.25,2250,1175.85,7500,0,12750
TITAN-III.NFO,07/01/2020,11:29:19,1170.05,1170.35,1500,1175.85,7500,0,12750
TITAN-III.NFO,07/01/2020,11:29:22,1170.05,1170.5,1500,1175.85,7500,0,12750
TITAN-III.NFO,07/01/2020,11:29:26,1170.05,1170.65,1500,1175.85,7500,0,12750
TITAN-III.NFO,07/01/2020,11:29:30,1170.05,1170.75,1500,1175.85,7500,0,12750
TITAN-III.NFO,07/01/2020,11:29:34,1170.05,1170.9,2250,1175.85,7500,0,12750
TITAN-III.NFO,07/01/2020,11:29:38,1170.05,1171.1,750,1175.85,7500,0,12750
TITAN-III.NFO,07/01/2020,11:29:40,1170.05,1171.25,750,1175.85,7500,0,12750
TITAN-III.NFO,07/01/2020,11:29:44,1170.05,1171.45,1500,1175.35,2250,0,12750
TITAN-III.NFO,07/01/2020,11:29:48,1170.05,1171.55,750,1174.75,750,0,12750
TITAN-III.NFO,07/01/2020,11:29:51,1170.05,1171.65,750,1174.25,750,0,12750
TITAN-III.NFO,07/01/2020,11:29:54,1170.05,1171.75,750,1173.85,750,0,12750
TITAN-III.NFO,07/01/2020,11:29:57,1170.05,1171.85,750,1173.55,750,0,12750
TITAN-III.NFO,07/01/2020,11:29:59,1170.05,1171.95,750,1173.35,750,0,12750
TITAN-III.NFO,07/01/2020,11:30:00,1170.05,1172,750,1173.15,750,0,12750
TITAN-III.NFO,07/01/2020,11:30:03,1170.05,1172,750,1173.05,750,0,12750
TITAN-III.NFO,07/01/2020,11:30:06,1170.05,1171.2,2250,1173.05,750,0,12750
TITAN-III.NFO,07/01/2020,11:30:09,1170.05,1171.2,2250,1172.95,750,0,12750
TITAN-III.NFO,07/01/2020,11:30:11,1170.05,1171.2,1500,1172.9,750,0,12750
TITAN-III.NFO,07/01/2020,11:30:15,1170.05,1170.95,1500,1172.65,750,0,12750
TITAN-III.NFO,07/01/2020,11:30:20,1170.05,1170.95,2250,1173.75,2250,0,12750
TITAN-III.NFO,07/01/2020,11:30:25,1170.05,1171.1,750,1173.15,750,0,12750
TITAN-III.NFO,07/01/2020,11:30:29,1170.05,1171.2,750,1172.75,750,0,12750
TITAN-III.NFO,07/01/2020,11:30:33,1170.05,1171,750,1172.75,750,0,12750
TITAN-III.NFO,07/01/2020,11:30:36,1170.05,1171.15,750,1172.75,750,0,12750
TITAN-III.NFO,07/01/2020,11:30:39,1170.05,1171.25,750,1172.75,750,0,12750
TITAN-III.NFO,07/01/2020,11:30:43,1170.05,1171.35,750,1172.75,750,0,12750
TITAN-III.NFO,07/01/2020,11:30:51,1170.05,1171.45,750,1172.75,750,0,12750
TITAN-III.NFO,07/01/2020,11:30:54,1170.05,1171.5,750,1172.75,750,0,12750
TITAN-III.NFO,07/01/2020,11:31:01,1170.05,1171.55,750,1172.75,750,0,12750
TITAN-III.NFO,07/01/2020,11:31:08,1170.05,1171.15,750,1172.55,750,0,12750
TITAN-III.NFO,07/01/2020,11:31:14,1170.05,1171.25,1500,1173.35,1500,0,12750
TITAN-III.NFO,07/01/2020,11:31:19,1170.05,1171.35,750,1173.35,1500,0,12750
TITAN-III.NFO,07/01/2020,11:31:24,1170.05,1171.45,750,1173.35,1500,0,12750
TITAN-III.NFO,07/01/2020,11:31:29,1170.05,1171,2250,1173.35,1500,0,12750
TITAN-III.NFO,07/01/2020,11:31:33,1170.05,1171.1,750,1173.35,1500,0,12750
TITAN-III.NFO,07/01/2020,11:31:37,1170.05,1171.2,1500,1173.35,1500,0,12750
TITAN-III.NFO,07/01/2020,11:31:41,1170.05,1171.3,750,1173.35,1500,0,12750
TITAN-III.NFO,07/01/2020,11:31:45,1170.05,1171.4,750,1173.35,1500,0,12750
TITAN-III.NFO,07/01/2020,11:31:50,1170.05,1171.5,750,1173.35,1500,0,12750
TITAN-III.NFO,07/01/2020,11:31:57,1170.05,1171.4,1500,1173.35,1500,0,12750
TITAN-III.NFO,07/01/2020,11:32:03,1170.05,1171.5,750,1173.35,1500,0,12750
TITAN-III.NFO,07/01/2020,11:32:09,1170.05,1171.6,750,1173.35,1500,0,12750
TITAN-III.NFO,07/01/2020,11:32:14,1170.05,1171.3,750,1173.35,1500,0,12750
TITAN-III.NFO,07/01/2020,11:32:19,1170.05,1171.4,2250,1173.35,1500,0,12750
TITAN-III.NFO,07/01/2020,11:32:24,1170.05,1171.5,750,1173.35,1500,0,12750
TITAN-III.NFO,07/01/2020,11:32:28,1170.05,1171.6,750,1173.35,1500,0,12750
TITAN-III.NFO,07/01/2020,11:32:34,1170.05,1171.3,2250,1173.35,1500,0,12750
TITAN-III.NFO,07/01/2020,11:32:39,1170.05,1171.45,750,1173.35,1500,0,12750
TITAN-III.NFO,07/01/2020,11:32:43,1170.05,1171.6,750,1173.35,1500,0,12750
TITAN-III.NFO,07/01/2020,11:32:55,1170.05,1171.25,750,1173.35,1500,0,12750
TITAN-III.NFO,07/01/2020,11:32:58,1170.05,1171.4,750,1173.35,1500,0,12750
TITAN-III.NFO,07/01/2020,11:33:03,1170.05,1171.5,750,1173.35,1500,0,12750
TITAN-III.NFO,07/01/2020,11:33:06,1170.05,1171.6,750,1173.35,1500,0,12750
TITAN-III.NFO,07/01/2020,11:33:09,1170.05,1171.65,750,1173.35,1500,0,12750
TITAN-III.NFO,07/01/2020,11:33:13,1170.05,1171.8,750,1173.35,1500,0,12750
TITAN-III.NFO,07/01/2020,11:33:17,1170.05,1171.45,750,1173.35,1500,0,12750
TITAN-III.NFO,07/01/2020,11:33:20,1170.05,1171.6,750,1173.35,1500,0,12750
TITAN-III.NFO,07/01/2020,11:33:23,1170.05,1171.7,750,1173.35,1500,0,12750
TITAN-III.NFO,07/01/2020,11:33:26,1170.05,1171.8,750,1173.35,1500,0,12750
TITAN-III.NFO,07/01/2020,11:33:37,1170.05,1171.5,750,1173.35,1500,0,12750
TITAN-III.NFO,07/01/2020,11:33:42,1170.05,1171.7,750,1173.35,1500,0,12750
TITAN-III.NFO,07/01/2020,11:33:54,1170.05,1171.85,750,1173.35,1500,0,12750
TITAN-III.NFO,07/01/2020,11:34:00,1170.05,1171.6,2250,1173.35,1500,0,12750
TITAN-III.NFO,07/01/2020,11:34:06,1170.05,1171.85,750,1173.35,1500,0,12750
TITAN-III.NFO,07/01/2020,11:34:14,1170.05,1172.1,750,1175.05,750,0,12750
TITAN-III.NFO,07/01/2020,11:34:21,1170.05,1171.8,1500,1174.2,750,0,12750
TITAN-III.NFO,07/01/2020,11:34:27,1170.05,1172.05,2250,1173.85,750,0,12750
TITAN-III.NFO,07/01/2020,11:34:33,1170.05,1172.15,750,1173.7,750,0,12750
TITAN-III.NFO,07/01/2020,11:34:39,1170.05,1172.25,750,1173.7,750,0,12750
TITAN-III.NFO,07/01/2020,11:34:46,1170.05,1171.9,1500,1173.65,750,0,12750
TITAN-III.NFO,07/01/2020,11:34:52,1170.05,1171.65,1500,1174.85,3000,0,12750
TITAN-III.NFO,07/01/2020,11:34:58,1170.05,1171.65,1500,1174.25,1500,0,12750
TITAN-III.NFO,07/01/2020,11:35:03,1170.05,1171.9,2250,1173.7,750,0,12750
TITAN-III.NFO,07/01/2020,11:35:10,1170.05,1172,1500,1173.6,750,0,12750
TITAN-III.NFO,07/01/2020,11:35:16,1170.05,1171.7,2250,1173.5,750,0,12750
TITAN-III.NFO,07/01/2020,11:35:23,1170.05,1172.1,2250,1173.5,750,0,12750
TITAN-III.NFO,07/01/2020,11:35:29,1170.05,1172.3,750,1173.5,750,0,12750
TITAN-III.NFO,07/01/2020,11:35:34,1170.05,1172.4,750,1175.45,750,0,12750
TITAN-III.NFO,07/01/2020,11:35:41,1170.05,1172.5,750,1174.7,1500,0,12750
TITAN-III.NFO,07/01/2020,11:35:47,1170.05,1172.8,2250,1175.8,750,0,12750
TITAN-III.NFO,07/01/2020,11:35:52,1170.05,1172.9,750,1175.35,1500,0,12750
TITAN-III.NFO,07/01/2020,11:35:58,1170.05,1173.05,750,1174.65,750,0,12750
TITAN-III.NFO,07/01/2020,11:36:03,1170.05,1172.55,1500,1174.45,750,0,12750
TITAN-III.NFO,07/01/2020,11:36:07,1170.05,1171.9,3000,1174.35,750,0,12750
TITAN-III.NFO,07/01/2020,11:36:12,1170.05,1172.45,1500,1175.25,2250,0,12750
TITAN-III.NFO,07/01/2020,11:36:17,1170.05,1172.6,750,1174.5,750,0,12750
TITAN-III.NFO,07/01/2020,11:36:21,1170.05,1172,1500,1174.25,750,0,12750
TITAN-III.NFO,07/01/2020,11:36:27,1170.05,1172.15,750,1173.85,750,0,12750
TITAN-III.NFO,07/01/2020,11:36:33,1170.05,1172.3,750,1173.85,750,0,12750
TITAN-III.NFO,07/01/2020,11:36:42,1170.05,1172.5,750,1177.05,3750,0,12750
TITAN-III.NFO,07/01/2020,11:36:48,1170.05,1172.5,750,1176.25,2250,0,12750
TITAN-III.NFO,07/01/2020,11:36:55,1170.05,1172.5,750,1175.05,750,0,12750
TITAN-III.NFO,07/01/2020,11:37:02,1170.05,1172.55,750,1174.35,750,0,12750
TITAN-III.NFO,07/01/2020,11:37:08,1170.05,1172.5,750,1173.75,750,0,12750
TITAN-III.NFO,07/01/2020,11:37:13,1170.05,1172.7,750,1175.1,750,0,12750
TITAN-III.NFO,07/01/2020,11:37:17,1170.05,1172.4,1500,1174.6,750,0,12750
TITAN-III.NFO,07/01/2020,11:37:22,1170.05,1172.75,750,1174.1,750,0,12750
TITAN-III.NFO,07/01/2020,11:37:26,1170.05,1172.6,1500,1174.1,750,0,12750
TITAN-III.NFO,07/01/2020,11:37:31,1170.05,1172.65,750,1174.1,750,0,12750
TITAN-III.NFO,07/01/2020,11:37:36,1170.05,1172.75,750,1174.1,750,0,12750
TITAN-III.NFO,07/01/2020,11:37:41,1170.05,1173,1500,1176.05,750,0,12750
TITAN-III.NFO,07/01/2020,11:37:46,1170.05,1173.15,750,1175.55,750,0,12750
TITAN-III.NFO,07/01/2020,11:37:51,1170.05,1172.2,4500,1175.4,2250,0,12750
TITAN-III.NFO,07/01/2020,11:37:55,1170.05,1172.2,4500,1174.8,750,0,12750
TITAN-III.NFO,07/01/2020,11:37:58,1170.05,1172.2,4500,1174.55,750,0,12750
TITAN-III.NFO,07/01/2020,11:38:02,1170.05,1172.2,4500,1174.3,750,0,12750
TITAN-III.NFO,07/01/2020,11:38:05,1170.05,1172.4,750,1174.1,750,0,12750
TITAN-III.NFO,07/01/2020,11:38:09,1170.05,1172.55,750,1174.1,750,0,12750
TITAN-III.NFO,07/01/2020,11:38:13,1170.05,1172.75,750,1174.1,750,0,12750
TITAN-III.NFO,07/01/2020,11:38:17,1170.05,1172.85,750,1174.1,750,0,12750
TITAN-III.NFO,07/01/2020,11:38:22,1170.05,1172.55,1500,1174,750,0,12750
TITAN-III.NFO,07/01/2020,11:38:26,1170.05,1172.55,1500,1173.85,750,0,12750
TITAN-III.NFO,07/01/2020,11:38:34,1170.05,1172.55,1500,1173.8,750,0,12750
TITAN-III.NFO,07/01/2020,11:38:41,1170.05,1172.1,3000,1173.7,750,0,12750
TITAN-III.NFO,07/01/2020,11:38:44,1170.05,1172.1,2250,1173.7,750,0,12750
TITAN-III.NFO,07/01/2020,11:38:52,1170.05,1172.1,2250,1175.2,750,0,12750
TITAN-III.NFO,07/01/2020,11:38:56,1170.05,1172.1,3000,1174.8,750,0,12750
TITAN-III.NFO,07/01/2020,11:38:59,1170.05,1172.1,3750,1174.4,750,0,12750
TITAN-III.NFO,07/01/2020,11:39:03,1170.05,1172.1,3000,1174.05,750,0,12750
TITAN-III.NFO,07/01/2020,11:39:13,1170.05,1172.1,3000,1173.8,750,0,12750
TITAN-III.NFO,07/01/2020,11:39:17,1170.05,1172.1,3000,1173.6,750,0,12750
TITAN-III.NFO,07/01/2020,11:39:26,1170.05,1172,1500,1173.5,750,0,12750
TITAN-III.NFO,07/01/2020,11:39:31,1170.05,1172,1500,1173.3,750,0,12750
TITAN-III.NFO,07/01/2020,11:39:46,1170.05,1172,1500,1173.2,750,0,12750
TITAN-III.NFO,07/01/2020,11:39:53,1170.05,1171.05,750,1172.95,750,0,12750
TITAN-III.NFO,07/01/2020,11:40:01,1170.05,1171.45,750,1173.85,750,0,12750
TITAN-III.NFO,07/01/2020,11:40:08,1170.05,1171.55,750,1173.2,750,0,12750
TITAN-III.NFO,07/01/2020,11:40:17,1170.05,1171.8,750,1173.35,1500,0,12750
TITAN-III.NFO,07/01/2020,11:40:22,1170.05,1171.05,750,1173.35,1500,0,12750
TITAN-III.NFO,07/01/2020,11:40:26,1170.05,1171.55,1500,1173.35,1500,0,12750
TITAN-III.NFO,07/01/2020,11:40:31,1170.05,1171.7,750,1173.35,1500,0,12750
TITAN-III.NFO,07/01/2020,11:40:35,1170.05,1170.75,1500,1173.35,1500,0,12750
TITAN-III.NFO,07/01/2020,11:40:39,1170.05,1171.55,750,1173.35,1500,0,12750
TITAN-III.NFO,07/01/2020,11:40:42,1170.05,1171.7,750,1173.35,1500,0,12750
TITAN-III.NFO,07/01/2020,11:40:46,1170.05,1171.8,750,1173.35,1500,0,12750
TITAN-III.NFO,07/01/2020,11:40:52,1170.05,1171.35,1500,1173.35,1500,0,12750
TITAN-III.NFO,07/01/2020,11:40:55,1170.05,1171.45,750,1173.35,1500,0,12750
TITAN-III.NFO,07/01/2020,11:40:59,1170.05,1171.65,1500,1173.35,1500,0,12750
TITAN-III.NFO,07/01/2020,11:41:02,1170.05,1171.75,750,1173.35,1500,0,12750
TITAN-III.NFO,07/01/2020,11:41:06,1170.05,1171.8,750,1173.35,1500,0,12750
TITAN-III.NFO,07/01/2020,11:41:14,1170.05,1171.35,750,1173.35,1500,0,12750
TITAN-III.NFO,07/01/2020,11:41:19,1170.05,1171.45,1500,1173.35,1500,0,12750
TITAN-III.NFO,07/01/2020,11:41:23,1170.05,1171.2,1500,1173.35,1500,0,12750
TITAN-III.NFO,07/01/2020,11:41:26,1170.05,1171.5,1500,1173.35,1500,0,12750
TITAN-III.NFO,07/01/2020,11:41:29,1170.05,1171.6,750,1173.35,1500,0,12750
TITAN-III.NFO,07/01/2020,11:41:33,1170.05,1171.7,750,1173.35,1500,0,12750
TITAN-III.NFO,07/01/2020,11:41:39,1170.05,1171.75,750,1173.35,1500,0,12750
TITAN-III.NFO,07/01/2020,11:41:42,1170.05,1171.35,1500,1173.35,1500,0,12750
TITAN-III.NFO,07/01/2020,11:41:45,1170.05,1171.55,750,1173.35,1500,0,12750
TITAN-III.NFO,07/01/2020,11:41:49,1170.05,1171.65,1500,1173.35,1500,0,12750
TITAN-III.NFO,07/01/2020,11:41:51,1170.05,1171.75,750,1173.35,1500,0,12750
TITAN-III.NFO,07/01/2020,11:41:54,1170.05,1171.85,750,1173.35,1500,0,12750
TITAN-III.NFO,07/01/2020,11:41:58,1170.05,1171.95,750,1173.35,1500,0,12750
TITAN-III.NFO,07/01/2020,11:42:02,1170.05,1172,750,1173.35,1500,0,12750
TITAN-III.NFO,07/01/2020,11:42:25,1170.05,1171.7,1500,1173.35,1500,0,12750
TITAN-III.NFO,07/01/2020,11:42:28,1170.05,1171.45,1500,1173.35,1500,0,12750
TITAN-III.NFO,07/01/2020,11:42:31,1170.05,1171.55,750,1173.35,1500,0,12750
TITAN-III.NFO,07/01/2020,11:42:35,1170.05,1171.65,750,1173.35,750,0,12750
TITAN-III.NFO,07/01/2020,11:42:41,1170.05,1171.75,1500,1174.6,750,0,12750
TITAN-III.NFO,07/01/2020,11:42:46,1170.05,1172,750,1174,750,0,12750
TITAN-III.NFO,07/01/2020,11:42:50,1170.05,1171.65,1500,1173.5,750,0,12750
TITAN-III.NFO,07/01/2020,11:42:54,1170.05,1171.85,750,1173.5,750,0,12750
TITAN-III.NFO,07/01/2020,11:42:58,1170.05,1171.95,750,1174.1,1500,0,12750
TITAN-III.NFO,07/01/2020,11:43:01,1170.05,1172.05,750,1174.1,1500,0,12750
TITAN-III.NFO,07/01/2020,11:43:05,1170.05,1172.15,750,1174.1,1500,0,12750
TITAN-III.NFO,07/01/2020,11:43:12,1170.05,1171.75,1500,1174.1,1500,0,12750
TITAN-III.NFO,07/01/2020,11:43:15,1170.05,1171.95,1500,1174.1,1500,0,12750
TITAN-III.NFO,07/01/2020,11:43:18,1170.05,1172.05,750,1174.1,1500,0,12750
TITAN-III.NFO,07/01/2020,11:43:23,1170.05,1172.15,750,1174.1,1500,0,12750
TITAN-III.NFO,07/01/2020,11:43:27,1170.05,1172.25,750,1174.1,1500,0,12750
TITAN-III.NFO,07/01/2020,11:43:30,1170.05,1171.85,2250,1174.1,1500,0,12750
TITAN-III.NFO,07/01/2020,11:43:35,1170.05,1171.95,750,1173.6,750,0,12750
TITAN-III.NFO,07/01/2020,11:43:39,1170.05,1172.05,750,1173.4,750,0,12750
TITAN-III.NFO,07/01/2020,11:43:42,1170.05,1172.15,750,1173.4,750,0,12750
TITAN-III.NFO,07/01/2020,11:43:46,1170.05,1170.8,1500,1173.3,750,0,12750
TITAN-III.NFO,07/01/2020,11:43:50,1170.05,1171.6,750,1173.2,750,0,12750
TITAN-III.NFO,07/01/2020,11:43:54,1170.05,1171.65,750,1173.2,750,0,12750
TITAN-III.NFO,07/01/2020,11:43:58,1170.05,1171.75,750,1173.2,750,0,12750
TITAN-III.NFO,07/01/2020,11:44:01,1170.05,1171.85,750,1173,750,0,12750
TITAN-III.NFO,07/01/2020,11:44:04,1170.05,1171.9,750,1173,750,0,12750
TITAN-III.NFO,07/01/2020,11:44:10,1170.05,1171.5,1500,1173.65,750,0,12750
TITAN-III.NFO,07/01/2020,11:44:17,1170.05,1171.75,750,1173.2,750,0,12750
TITAN-III.NFO,07/01/2020,11:44:20,1170.05,1171.5,1500,1173.15,750,0,12750
TITAN-III.NFO,07/01/2020,11:44:24,1170.05,1171.6,750,1173.05,750,0,12750
TITAN-III.NFO,07/01/2020,11:44:27,1170.05,1171.2,750,1172.95,750,0,12750
TITAN-III.NFO,07/01/2020,11:44:29,1170.05,1171.3,750,1172.95,750,0,12750
TITAN-III.NFO,07/01/2020,11:44:37,1170.05,1171.5,750,1172.85,750,0,12750
TITAN-III.NFO,07/01/2020,11:44:41,1170.05,1171.45,750,1172.85,750,0,12750
TITAN-III.NFO,07/01/2020,11:44:48,1170.05,1171.65,1500,1173.3,750,0,12750
TITAN-III.NFO,07/01/2020,11:44:55,1170.05,1171.85,750,1173.2,750,0,12750
TITAN-III.NFO,07/01/2020,11:44:59,1170.05,1171.8,750,1173.2,750,0,12750
TITAN-III.NFO,07/01/2020,11:45:02,1170.05,1171.55,750,1173.2,750,0,12750
TITAN-III.NFO,07/01/2020,11:45:05,1170.05,1171.65,750,1173.2,750,0,12750
TITAN-III.NFO,07/01/2020,11:45:09,1170.05,1171.7,750,1173,750,0,12750
TITAN-III.NFO,07/01/2020,11:45:13,1170.05,1171.85,750,1173,750,0,12750
TITAN-III.NFO,07/01/2020,11:45:16,1170.05,1171.3,2250,1173.75,2250,0,12750
TITAN-III.NFO,07/01/2020,11:45:19,1170.05,1171.5,750,1173.75,2250,0,12750
TITAN-III.NFO,07/01/2020,11:45:23,1170.05,1171.6,750,1173.75,2250,0,12750
TITAN-III.NFO,07/01/2020,11:45:27,1170.05,1171.7,750,1173.65,750,0,12750
TITAN-III.NFO,07/01/2020,11:45:32,1170.05,1171.8,750,1173.3,750,0,12750
TITAN-III.NFO,07/01/2020,11:45:49,1170.05,1172,750,1173.05,750,0,12750
TITAN-III.NFO,07/01/2020,11:46:29,1170.05,1171.5,2250,1173.05,750,0,12750
TITAN-III.NFO,07/01/2020,11:46:32,1170.05,1171.7,750,1173.05,750,0,12750
TITAN-III.NFO,07/01/2020,11:46:35,1170.05,1171.85,750,1173.05,750,0,12750
TITAN-III.NFO,07/01/2020,11:46:38,1170.05,1171.95,750,1173.05,750,0,12750
TITAN-III.NFO,07/01/2020,11:47:10,1170.05,1171.7,1500,1173.05,750,0,12750
TITAN-III.NFO,07/01/2020,11:47:14,1170.05,1171.1,3000,1172.95,750,0,12750
TITAN-III.NFO,07/01/2020,11:47:18,1170.05,1171.35,1500,1172.75,750,0,12750
TITAN-III.NFO,07/01/2020,11:47:22,1170.05,1171.55,750,1173.7,2250,0,12750
TITAN-III.NFO,07/01/2020,11:47:26,1170.05,1171.4,1500,1173.7,2250,0,12750
TITAN-III.NFO,07/01/2020,11:47:31,1170.05,1171.4,1500,1173.1,750,0,12750
TITAN-III.NFO,07/01/2020,11:47:36,1170.05,1171.4,1500,1173,750,0,12750
TITAN-III.NFO,07/01/2020,11:47:41,1170.05,1170.85,1500,1172.95,750,0,12750
TITAN-III.NFO,07/01/2020,11:47:44,1170.05,1170.85,2250,1172.7,750,0,12750
TITAN-III.NFO,07/01/2020,11:47:48,1170.05,1171,1500,1172.7,750,0,12750
TITAN-III.NFO,07/01/2020,11:47:51,1170.05,1171.1,750,1172.7,750,0,12750
TITAN-III.NFO,07/01/2020,11:47:54,1170.05,1171.2,750,1172.7,750,0,12750
TITAN-III.NFO,07/01/2020,11:47:58,1170.05,1171.3,750,1172.7,750,0,12750
TITAN-III.NFO,07/01/2020,11:48:01,1170.05,1171.35,750,1175.2,2250,0,12750
TITAN-III.NFO,07/01/2020,11:48:06,1170.05,1171.35,750,1174.6,1500,0,12750
TITAN-III.NFO,07/01/2020,11:48:10,1170.05,1171.35,750,1174,750,0,12750
TITAN-III.NFO,07/01/2020,11:48:15,1170.05,1170.95,1500,1173.4,750,0,12750
TITAN-III.NFO,07/01/2020,11:48:21,1170.05,1171.05,750,1172.7,750,0,12750
TITAN-III.NFO,07/01/2020,11:48:25,1170.05,1170.9,750,1172.4,750,0,12750
TITAN-III.NFO,07/01/2020,11:48:29,1170.05,1171.05,750,1173.2,1500,0,12750
TITAN-III.NFO,07/01/2020,11:48:33,1170.05,1171.15,750,1173.2,1500,0,12750
TITAN-III.NFO,07/01/2020,11:48:37,1170.05,1171.2,750,1173.2,1500,0,12750
TITAN-III.NFO,07/01/2020,11:48:42,1170.05,1171.3,750,1173.2,1500,0,12750
TITAN-III.NFO,07/01/2020,11:48:46,1170.05,1171.35,750,1173.2,1500,0,12750
TITAN-III.NFO,07/01/2020,11:49:28,1170.05,1170.6,2250,1172.9,750,0,12750
TITAN-III.NFO,07/01/2020,11:49:32,1170.05,1170.8,750,1172.5,750,0,12750
TITAN-III.NFO,07/01/2020,11:49:36,1170.05,1170.3,1500,1172.95,750,0,12750
TITAN-III.NFO,07/01/2020,11:49:40,1170.05,1170.65,1500,1172.55,750,0,12750
TITAN-III.NFO,07/01/2020,11:49:43,1170.05,1170.7,1500,1172.45,750,0,12750
TITAN-III.NFO,07/01/2020,11:49:46,1170.05,1170.65,1500,1173.85,750,0,12750
TITAN-III.NFO,07/01/2020,11:49:49,1170.05,1170.75,750,1173.45,750,0,12750
TITAN-III.NFO,07/01/2020,11:49:51,1170.05,1170.85,750,1173.3,1500,0,12750
TITAN-III.NFO,07/01/2020,11:49:58,1170.05,1171,750,1172.6,750,0,12750
TITAN-III.NFO,07/01/2020,11:50:04,1170.05,1170.75,750,1172.3,750,0,12750
TITAN-III.NFO,07/01/2020,11:50:08,1170.05,1170.45,1500,1174.75,2250,0,12750
TITAN-III.NFO,07/01/2020,11:50:12,1170.05,1170.55,750,1174.25,1500,0,12750
TITAN-III.NFO,07/01/2020,11:50:18,1170.05,1170.65,750,1173.4,750,0,12750
TITAN-III.NFO,07/01/2020,11:50:23,1170.05,1170.75,750,1172.7,750,0,12750
TITAN-III.NFO,07/01/2020,11:50:28,1170.05,1170.85,750,1172.25,750,0,12750
TITAN-III.NFO,07/01/2020,11:50:34,1170.05,1170.55,1500,1172.25,750,0,12750
TITAN-III.NFO,07/01/2020,11:50:39,1170.05,1170.65,750,1172.15,750,0,12750
TITAN-III.NFO,07/01/2020,11:50:43,1170.05,1170.75,750,1172.15,750,0,12750
TITAN-III.NFO,07/01/2020,11:50:46,1170.05,1170.85,750,1172.15,750,0,12750
TITAN-III.NFO,07/01/2020,11:50:49,1170.05,1170.9,750,1172.15,750,0,12750
TITAN-III.NFO,07/01/2020,11:51:13,1170.05,1170.6,1500,1172.15,750,0,12750
TITAN-III.NFO,07/01/2020,11:51:18,1170.05,1170.8,1500,1173,750,0,12750
TITAN-III.NFO,07/01/2020,11:51:23,1170.05,1170.9,1500,1172.7,750,0,12750
TITAN-III.NFO,07/01/2020,11:51:27,1170.05,1171.05,750,1172.7,750,0,12750
TITAN-III.NFO,07/01/2020,11:51:32,1170.05,1170.75,3000,1172.65,750,0,12750
TITAN-III.NFO,07/01/2020,11:51:38,1170.05,1170.75,3750,1172.4,750,0,12750
TITAN-III.NFO,07/01/2020,11:51:42,1170.05,1170.75,3000,1172.3,750,0,12750
TITAN-III.NFO,07/01/2020,11:52:18,1170.05,1170.75,3000,1175.65,3750,0,12750
TITAN-III.NFO,07/01/2020,11:52:22,1170.05,1170.75,3000,1175.05,3000,0,12750
TITAN-III.NFO,07/01/2020,11:52:24,1170.05,1170.75,3000,1174.3,750,0,12750
TITAN-III.NFO,07/01/2020,11:52:27,1170.05,1170.75,3000,1173.8,750,0,12750
TITAN-III.NFO,07/01/2020,11:52:30,1170.05,1170.75,3000,1173.5,750,0,12750
TITAN-III.NFO,07/01/2020,11:52:34,1170.05,1170.75,3000,1173.15,1500,0,12750
TITAN-III.NFO,07/01/2020,11:52:38,1170.05,1170.75,3000,1172.65,750,0,12750
TITAN-III.NFO,07/01/2020,11:52:41,1170.05,1170.75,3000,1172.45,750,0,12750
TITAN-III.NFO,07/01/2020,11:52:52,1170.05,1170.75,2250,1172.35,750,0,12750
TITAN-III.NFO,07/01/2020,11:53:05,1170.05,1170.95,750,1172.35,750,0,12750
TITAN-III.NFO,07/01/2020,11:53:10,1170.05,1171,1500,1172.35,750,0,12750
TITAN-III.NFO,07/01/2020,11:53:47,1170.05,1170.9,750,1172.3,750,0,12750
TITAN-III.NFO,07/01/2020,11:53:50,1170.05,1170.9,750,1172.25,750,0,12750
TITAN-III.NFO,07/01/2020,11:54:14,1170.05,1171.2,750,1173.35,750,0,12750
TITAN-III.NFO,07/01/2020,11:54:18,1170.05,1171,1500,1173,750,0,12750
TITAN-III.NFO,07/01/2020,11:54:22,1170.05,1171,1500,1172.65,750,0,12750
TITAN-III.NFO,07/01/2020,11:54:32,1170.05,1171,1500,1172.6,750,0,12750
TITAN-III.NFO,07/01/2020,11:54:55,1170.05,1171.1,750,1172.6,750,0,12750
TITAN-III.NFO,07/01/2020,11:54:58,1170.05,1171.2,750,1172.6,750,0,12750
TITAN-III.NFO,07/01/2020,11:55:02,1170.05,1171.3,750,1172.6,750,0,12750
TITAN-III.NFO,07/01/2020,11:55:06,1170.05,1171.4,750,1172.6,750,0,12750
TITAN-III.NFO,07/01/2020,11:55:09,1170.05,1171.5,750,1175.45,2250,0,12750
TITAN-III.NFO,07/01/2020,11:55:12,1170.05,1171.15,1500,1175.1,3000,0,12750
TITAN-III.NFO,07/01/2020,11:55:16,1170.05,1171.25,750,1174.65,3000,0,12750
TITAN-III.NFO,07/01/2020,11:55:19,1170.05,1171.35,750,1174.25,750,0,12750
TITAN-III.NFO,07/01/2020,11:55:22,1170.05,1171.45,750,1173.8,1500,0,12750
TITAN-III.NFO,07/01/2020,11:55:26,1170.05,1171.55,750,1173.55,750,0,12750
TITAN-III.NFO,07/01/2020,11:55:29,1170.05,1171.25,750,1173.2,750,0,12750
TITAN-III.NFO,07/01/2020,11:55:32,1170.05,1171.5,750,1173,750,0,12750
TITAN-III.NFO,07/01/2020,11:55:35,1170.05,1171.6,750,1173,750,0,12750
TITAN-III.NFO,07/01/2020,11:55:38,1170.05,1171.7,750,1173,750,0,12750
TITAN-III.NFO,07/01/2020,11:55:42,1170.05,1171.65,750,1173,750,0,12750
TITAN-III.NFO,07/01/2020,11:55:45,1170.05,1171.7,750,1173.05,750,0,12750
TITAN-III.NFO,07/01/2020,11:55:48,1170.05,1171.8,750,1173.05,750,0,12750
TITAN-III.NFO,07/01/2020,11:55:51,1170.05,1171.85,750,1173.05,750,0,12750
TITAN-III.NFO,07/01/2020,11:55:55,1170.05,1171.5,1500,1173.05,750,0,12750
TITAN-III.NFO,07/01/2020,11:55:58,1170.05,1171.6,750,1173.05,750,0,12750
TITAN-III.NFO,07/01/2020,11:56:02,1170.05,1171.7,750,1173.05,750,0,12750
TITAN-III.NFO,07/01/2020,11:56:07,1170.05,1171.8,750,1173.05,750,0,12750
TITAN-III.NFO,07/01/2020,11:56:11,1170.05,1171.35,1500,1173.05,750,0,12750
TITAN-III.NFO,07/01/2020,11:56:14,1170.05,1171.45,750,1173.05,750,0,12750
TITAN-III.NFO,07/01/2020,11:56:17,1170.05,1171.55,750,1173.05,750,0,12750
TITAN-III.NFO,07/01/2020,11:56:20,1170.05,1171.65,750,1173.05,750,0,12750
TITAN-III.NFO,07/01/2020,11:56:22,1170.05,1171.7,750,1173.05,750,0,12750
TITAN-III.NFO,07/01/2020,11:56:28,1170.05,1171.75,750,1173.05,750,0,12750
TITAN-III.NFO,07/01/2020,11:56:33,1170.05,1171.3,3000,1173.05,750,0,12750
TITAN-III.NFO,07/01/2020,11:56:36,1170.05,1171.3,3750,1173.05,750,0,12750
TITAN-III.NFO,07/01/2020,11:56:47,1170.05,1171.35,1500,1173.05,750,0,12750
TITAN-III.NFO,07/01/2020,11:56:50,1170.05,1171.55,750,1173.05,750,0,12750
TITAN-III.NFO,07/01/2020,11:56:53,1170.05,1171.65,750,1173.05,750,0,12750
TITAN-III.NFO,07/01/2020,11:56:56,1170.05,1171.75,750,1173.05,750,0,12750
TITAN-III.NFO,07/01/2020,11:57:00,1170.05,1171.85,750,1173.05,750,0,12750
TITAN-III.NFO,07/01/2020,11:57:03,1170.05,1171.4,2250,1173.05,750,0,12750
TITAN-III.NFO,07/01/2020,11:57:06,1170.05,1171.5,750,1173.05,750,0,12750
TITAN-III.NFO,07/01/2020,11:57:10,1170.05,1171.6,750,1173.05,750,0,12750
TITAN-III.NFO,07/01/2020,11:57:13,1170.05,1171.7,750,1173.05,750,0,12750
TITAN-III.NFO,07/01/2020,11:57:17,1170.05,1171.75,750,1173.05,750,0,12750
TITAN-III.NFO,07/01/2020,11:57:20,1170.05,1171.25,1500,1172.85,750,0,12750
TITAN-III.NFO,07/01/2020,11:57:29,1170.05,1171.35,750,1172.85,750,0,12750
TITAN-III.NFO,07/01/2020,11:57:33,1170.05,1171.1,750,1172.75,750,0,12750
TITAN-III.NFO,07/01/2020,11:57:38,1170.05,1171.2,750,1172.7,750,0,12750
TITAN-III.NFO,07/01/2020,11:57:42,1170.05,1171,1500,1172.65,750,0,12750
TITAN-III.NFO,07/01/2020,11:57:47,1170.05,1171,1500,1173.55,750,0,12750
TITAN-III.NFO,07/01/2020,11:57:53,1170.05,1171.2,1500,1172.95,750,0,12750
TITAN-III.NFO,07/01/2020,11:57:58,1170.05,1171.3,750,1172.95,750,0,12750
TITAN-III.NFO,07/01/2020,11:58:03,1170.05,1171.4,750,1172.95,750,0,12750
TITAN-III.NFO,07/01/2020,11:58:07,1170.05,1171.25,750,1172.95,750,0,12750
TITAN-III.NFO,07/01/2020,11:58:11,1170.05,1171.4,750,1172.95,750,0,12750
TITAN-III.NFO,07/01/2020,11:58:15,1170.05,1171.5,750,1172.95,750,0,12750
TITAN-III.NFO,07/01/2020,11:58:19,1170.05,1171.55,750,1172.95,750,0,12750
TITAN-III.NFO,07/01/2020,11:58:26,1170.05,1171.35,750,1172.75,750,0,12750
TITAN-III.NFO,07/01/2020,11:58:42,1170.05,1171.35,750,1174.7,1500,0,12750
TITAN-III.NFO,07/01/2020,11:58:45,1170.05,1171.35,750,1174.4,750,0,12750
TITAN-III.NFO,07/01/2020,11:58:50,1170.05,1171.45,750,1173.8,750,0,12750
TITAN-III.NFO,07/01/2020,11:58:54,1170.05,1171.45,750,1173.55,1500,0,12750
TITAN-III.NFO,07/01/2020,11:58:57,1170.05,1171.4,750,1173.05,750,0,12750
TITAN-III.NFO,07/01/2020,11:59:00,1170.05,1171.45,750,1172.85,750,0,12750
TITAN-III.NFO,07/01/2020,11:59:04,1170.05,1171.4,750,1172.85,750,0,12750
TITAN-III.NFO,07/01/2020,11:59:49,1170.05,1171.4,750,1172.65,750,0,12750
TITAN-III.NFO,07/01/2020,11:59:54,1170.05,1171,1500,1172.6,750,0,12750
TITAN-III.NFO,07/01/2020,12:00:05,1170.05,1171,1500,1173.45,2250,0,12750
TITAN-III.NFO,07/01/2020,12:00:08,1170.05,1171,1500,1172.95,750,0,12750
TITAN-III.NFO,07/01/2020,12:00:13,1170.05,1171,1500,1172.55,750,0,12750
TITAN-III.NFO,07/01/2020,12:00:38,1170.05,1171,1500,1173.25,750,0,12750
TITAN-III.NFO,07/01/2020,12:00:42,1170.05,1171,1500,1172.85,750,0,12750
TITAN-III.NFO,07/01/2020,12:00:45,1170.05,1171,1500,1172.65,750,0,12750
TITAN-III.NFO,07/01/2020,12:00:49,1170.05,1171,1500,1172.55,750,0,12750
TITAN-III.NFO,07/01/2020,12:00:55,1170.05,1171,1500,1172.25,750,0,12750
TITAN-III.NFO,07/01/2020,12:02:13,1170.05,1170.95,750,1172.25,750,0,12750
TITAN-III.NFO,07/01/2020,12:02:16,1170.05,1171.05,750,1172.25,750,0,12750
TITAN-III.NFO,07/01/2020,12:02:19,1170.05,1170.95,750,1172.25,750,0,12750
TITAN-III.NFO,07/01/2020,12:02:22,1170.05,1171.05,750,1172.25,750,0,12750
TITAN-III.NFO,07/01/2020,12:02:25,1170.05,1170.95,1500,1172.25,750,0,12750
TITAN-III.NFO,07/01/2020,12:02:28,1170.05,1170.9,750,1172.25,750,0,12750
TITAN-III.NFO,07/01/2020,12:02:33,1170.05,1170.95,750,1172.25,750,0,12750
TITAN-III.NFO,07/01/2020,12:02:40,1170.05,1170.95,1500,1172.25,750,0,12750
TITAN-III.NFO,07/01/2020,12:03:03,1170.05,1170.95,2250,1174.1,750,0,12750
TITAN-III.NFO,07/01/2020,12:03:08,1170.05,1170.95,1500,1173.4,750,0,12750
TITAN-III.NFO,07/01/2020,12:03:14,1170.05,1170.95,1500,1172.65,750,0,12750
TITAN-III.NFO,07/01/2020,12:03:20,1170.05,1170.95,1500,1172.25,750,0,12750
TITAN-III.NFO,07/01/2020,12:04:02,1170.05,1170.95,1500,1172.15,750,0,12750
TITAN-III.NFO,07/01/2020,12:04:19,1170.05,1171.05,750,1172.85,1500,0,12750
TITAN-III.NFO,07/01/2020,12:04:22,1170.05,1171.1,750,1172.85,1500,0,12750
TITAN-III.NFO,07/01/2020,12:04:26,1170.05,1171.05,750,1172.85,1500,0,12750
TITAN-III.NFO,07/01/2020,12:04:35,1170.05,1171.1,750,1172.85,1500,0,12750
TITAN-III.NFO,07/01/2020,12:04:43,1170.05,1171.2,750,1172.85,1500,0,12750
TITAN-III.NFO,07/01/2020,12:04:45,1170.05,1171.3,750,1172.85,1500,0,12750
TITAN-III.NFO,07/01/2020,12:04:52,1170.05,1171.25,750,1172.85,1500,0,12750
TITAN-III.NFO,07/01/2020,12:04:55,1170.05,1171.3,750,1172.85,1500,0,12750
TITAN-III.NFO,07/01/2020,12:05:01,1170.05,1171.25,750,1172.85,1500,0,12750
TITAN-III.NFO,07/01/2020,12:05:05,1170.05,1171.3,750,1172.85,1500,0,12750
TITAN-III.NFO,07/01/2020,12:05:09,1170.05,1170.95,2250,1172.85,1500,0,12750
TITAN-III.NFO,07/01/2020,12:06:47,1170.05,1170.95,1500,1172.85,1500,0,12750
TITAN-III.NFO,07/01/2020,12:06:58,1170.05,1170.95,1500,1172.55,750,0,12750
TITAN-III.NFO,07/01/2020,12:07:01,1170.05,1170.95,1500,1172.35,750,0,12750
TITAN-III.NFO,07/01/2020,12:08:12,1170.05,1170.95,1500,1173.9,750,0,12750
TITAN-III.NFO,07/01/2020,12:08:18,1170.05,1170.95,1500,1173.25,750,0,12750
TITAN-III.NFO,07/01/2020,12:08:24,1170.05,1170.95,1500,1172.85,750,0,12750
TITAN-III.NFO,07/01/2020,12:08:30,1170.05,1170.95,2250,1172.45,750,0,12750
TITAN-III.NFO,07/01/2020,12:08:35,1170.05,1171.15,750,1172.45,750,0,12750
TITAN-III.NFO,07/01/2020,12:08:38,1170.05,1171.25,750,1172.45,750,0,12750
TITAN-III.NFO,07/01/2020,12:08:45,1170.05,1171.2,750,1172.45,750,0,12750
TITAN-III.NFO,07/01/2020,12:08:49,1170.05,1171.25,750,1172.45,750,0,12750
TITAN-III.NFO,07/01/2020,12:08:52,1170.05,1171,1500,1172.45,750,0,12750
TITAN-III.NFO,07/01/2020,12:08:56,1170.05,1171,2250,1172.45,750,0,12750
TITAN-III.NFO,07/01/2020,12:09:00,1170.05,1171.15,750,1172.45,750,0,12750
TITAN-III.NFO,07/01/2020,12:09:03,1170.05,1171.2,750,1172.45,750,0,12750
TITAN-III.NFO,07/01/2020,12:09:07,1170.05,1171.35,750,1172.45,750,0,12750
TITAN-III.NFO,07/01/2020,12:09:12,1170.05,1171.1,750,1172.45,750,0,12750
TITAN-III.NFO,07/01/2020,12:09:15,1170.05,1171.1,750,1172.35,750,0,12750
TITAN-III.NFO,07/01/2020,12:09:32,1170.05,1171.15,750,1172.35,750,0,12750
TITAN-III.NFO,07/01/2020,12:09:55,1170.05,1171.3,750,1172.35,750,0,12750
TITAN-III.NFO,07/01/2020,12:09:57,1170.05,1171.35,750,1172.35,750,0,12750
TITAN-III.NFO,07/01/2020,12:10:02,1170.05,1170.9,750,1172.35,750,0,12750
TITAN-III.NFO,07/01/2020,12:10:04,1170.05,1170.9,750,1172.25,750,0,12750
TITAN-III.NFO,07/01/2020,12:10:07,1170.05,1170.5,1500,1173.3,2250,0,12750
TITAN-III.NFO,07/01/2020,12:10:10,1170.05,1170.5,1500,1172.95,750,0,12750
TITAN-III.NFO,07/01/2020,12:10:13,1170.05,1170.5,1500,1172.55,750,0,12750
TITAN-III.NFO,07/01/2020,12:10:16,1170.05,1170.6,2250,1172.25,750,0,12750
TITAN-III.NFO,07/01/2020,12:10:22,1170.05,1170.8,750,1172.15,750,0,12750
TITAN-III.NFO,07/01/2020,12:10:25,1170.05,1170.9,750,1172.15,750,0,12750
TITAN-III.NFO,07/01/2020,12:10:27,1170.05,1171,750,1172.15,750,0,12750
TITAN-III.NFO,07/01/2020,12:10:32,1170.05,1170.65,750,1172.15,750,0,12750
TITAN-III.NFO,07/01/2020,12:10:35,1170.05,1170.75,750,1172.15,750,0,12750
TITAN-III.NFO,07/01/2020,12:10:38,1170.05,1170.25,3750,1172.15,750,0,12750
TITAN-III.NFO,07/01/2020,12:10:42,1170.05,1170.25,3750,1172.05,750,0,12750
TITAN-III.NFO,07/01/2020,12:10:45,1170.05,1170.25,3750,1172.55,750,0,12750
TITAN-III.NFO,07/01/2020,12:10:47,1170.05,1170.25,3750,1172.25,750,0,12750
TITAN-III.NFO,07/01/2020,12:10:49,1170.05,1170.4,1500,1172.05,750,0,12750
TITAN-III.NFO,07/01/2020,12:10:52,1170.05,1170.5,750,1171.95,750,0,12750
TITAN-III.NFO,07/01/2020,12:10:54,1170.05,1170.6,750,1171.95,750,0,12750
TITAN-III.NFO,07/01/2020,12:10:56,1170.05,1170.7,750,1171.95,750,0,12750
TITAN-III.NFO,07/01/2020,12:10:59,1170.05,1170.75,750,1171.95,750,0,12750
TITAN-III.NFO,07/01/2020,12:11:10,1170.05,1170.8,750,1172.6,750,0,12750
TITAN-III.NFO,07/01/2020,12:11:14,1170.05,1170.9,750,1172.35,750,0,12750
TITAN-III.NFO,07/01/2020,12:11:19,1170.05,1170.45,1500,1172.15,750,0,12750
TITAN-III.NFO,07/01/2020,12:11:23,1170.05,1170.55,1500,1172.15,750,0,12750
TITAN-III.NFO,07/01/2020,12:11:27,1170.05,1170.65,1500,1172.15,750,0,12750
TITAN-III.NFO,07/01/2020,12:11:31,1170.05,1170.75,750,1172.15,750,0,12750
TITAN-III.NFO,07/01/2020,12:11:34,1170.05,1170.45,1500,1172.15,750,0,12750
TITAN-III.NFO,07/01/2020,12:11:37,1170.05,1170.45,1500,1173.8,750,0,12750
TITAN-III.NFO,07/01/2020,12:11:41,1170.05,1170.45,2250,1173.45,3000,0,12750
TITAN-III.NFO,07/01/2020,12:11:45,1170.05,1170.45,2250,1172.95,750,0,12750
TITAN-III.NFO,07/01/2020,12:11:48,1170.05,1170.45,2250,1172.7,1500,0,12750
TITAN-III.NFO,07/01/2020,12:11:51,1170.05,1170.45,1500,1172.3,750,0,12750
TITAN-III.NFO,07/01/2020,12:11:54,1170.05,1170.45,2250,1172.05,750,0,12750
TITAN-III.NFO,07/01/2020,12:11:59,1170.05,1170.45,2250,1172,750,0,12750
TITAN-III.NFO,07/01/2020,12:12:04,1170.05,1170.45,1500,1172,750,0,12750
TITAN-III.NFO,07/01/2020,12:12:18,1170.05,1170.45,2250,1172,750,0,12750
TITAN-III.NFO,07/01/2020,12:12:28,1170.05,1170.55,750,1172,750,0,12750
TITAN-III.NFO,07/01/2020,12:12:30,1170.05,1170.65,750,1172,750,0,12750
TITAN-III.NFO,07/01/2020,12:12:33,1170.05,1170.7,750,1172,750,0,12750
TITAN-III.NFO,07/01/2020,12:12:36,1170.05,1170.75,750,1172,750,0,12750
TITAN-III.NFO,07/01/2020,12:12:39,1170.05,1170.35,3000,1172,750,0,12750
TITAN-III.NFO,07/01/2020,12:12:46,1170.05,1170.35,2250,1172,750,0,12750
TITAN-III.NFO,07/01/2020,12:12:54,1170.05,1170.55,750,1172,750,0,12750
TITAN-III.NFO,07/01/2020,12:12:57,1170.05,1170.65,750,1172,750,0,12750
TITAN-III.NFO,07/01/2020,12:13:00,1170.05,1170.75,750,1172,750,0,12750
TITAN-III.NFO,07/01/2020,12:13:03,1170.05,1170.8,750,1174.15,750,0,12750
TITAN-III.NFO,07/01/2020,12:13:07,1170.05,1170.85,750,1173.65,750,0,12750
TITAN-III.NFO,07/01/2020,12:13:13,1170.05,1170.95,750,1173.2,1500,0,12750
TITAN-III.NFO,07/01/2020,12:13:21,1170.05,1171.05,750,1172.75,750,0,12750
TITAN-III.NFO,07/01/2020,12:13:26,1170.05,1171.1,750,1172.3,750,0,12750
TITAN-III.NFO,07/01/2020,12:13:53,1170.05,1170.55,3750,1172.2,750,0,12750
TITAN-III.NFO,07/01/2020,12:13:57,1170.05,1170.55,3750,1173.1,2250,0,12750
TITAN-III.NFO,07/01/2020,12:14:02,1170.05,1170.9,1500,1173.1,2250,0,12750
TITAN-III.NFO,07/01/2020,12:14:08,1170.05,1171,750,1172.45,750,0,12750
TITAN-III.NFO,07/01/2020,12:14:14,1170.05,1171.1,750,1172.4,750,0,12750
TITAN-III.NFO,07/01/2020,12:14:18,1170.05,1171.2,750,1172.4,750,0,12750
TITAN-III.NFO,07/01/2020,12:14:22,1170.05,1171.3,750,1172.4,750,0,12750
TITAN-III.NFO,07/01/2020,12:14:26,1170.05,1170.8,1500,1172,750,0,12750
TITAN-III.NFO,07/01/2020,12:14:29,1170.05,1170.9,750,1172.85,750,0,12750
TITAN-III.NFO,07/01/2020,12:14:33,1170.05,1171,750,1172.35,750,0,12750
TITAN-III.NFO,07/01/2020,12:14:36,1170.05,1171.05,750,1172.35,750,0,12750
TITAN-III.NFO,07/01/2020,12:14:48,1170.05,1171.1,750,1174.3,750,0,12750
TITAN-III.NFO,07/01/2020,12:14:51,1170.05,1170.75,1500,1173.8,750,0,12750
TITAN-III.NFO,07/01/2020,12:14:54,1170.05,1170.85,750,1173.4,750,0,12750
TITAN-III.NFO,07/01/2020,12:14:57,1170.05,1170.95,750,1173,750,0,12750
TITAN-III.NFO,07/01/2020,12:15:00,1170.05,1171.05,750,1172.7,750,0,12750
TITAN-III.NFO,07/01/2020,12:15:04,1170.05,1171.05,750,1172.3,750,0,12750
TITAN-III.NFO,07/01/2020,12:15:22,1170.05,1170.7,1500,1172.2,750,0,12750
TITAN-III.NFO,07/01/2020,12:15:26,1170.05,1170.8,750,1172.2,750,0,12750
TITAN-III.NFO,07/01/2020,12:15:30,1170.05,1170.9,750,1172.2,750,0,12750
TITAN-III.NFO,07/01/2020,12:15:34,1170.05,1171,750,1172.2,750,0,12750
TITAN-III.NFO,07/01/2020,12:15:49,1170.05,1171.05,750,1172.2,750,0,12750
TITAN-III.NFO,07/01/2020,12:15:57,1170.05,1170.55,1500,1172.1,750,0,12750
TITAN-III.NFO,07/01/2020,12:16:02,1170.05,1170.55,2250,1172.7,750,0,12750
TITAN-III.NFO,07/01/2020,12:16:06,1170.05,1170.7,750,1172.3,750,0,12750
TITAN-III.NFO,07/01/2020,12:16:10,1170.05,1170.95,750,1172.45,750,0,12750
TITAN-III.NFO,07/01/2020,12:16:13,1170.05,1170.95,750,1173.25,750,0,12750
TITAN-III.NFO,07/01/2020,12:16:17,1170.05,1170.95,750,1172.85,750,0,12750
TITAN-III.NFO,07/01/2020,12:16:20,1170.05,1171,750,1172.7,750,0,12750
TITAN-III.NFO,07/01/2020,12:16:26,1170.05,1171.05,750,1172.45,750,0,12750
TITAN-III.NFO,07/01/2020,12:16:30,1170.05,1171.1,750,1172.45,750,0,12750
TITAN-III.NFO,07/01/2020,12:16:33,1170.05,1170.9,750,1172.45,750,0,12750
TITAN-III.NFO,07/01/2020,12:16:36,1170.05,1171.1,750,1172.45,750,0,12750
TITAN-III.NFO,07/01/2020,12:16:38,1170.05,1171.15,750,1172.45,750,0,12750
TITAN-III.NFO,07/01/2020,12:16:40,1170.05,1171.2,750,1172.45,750,0,12750
TITAN-III.NFO,07/01/2020,12:16:43,1170.05,1170.85,750,1172.45,750,0,12750
TITAN-III.NFO,07/01/2020,12:16:46,1170.05,1171,750,1172.35,750,0,12750
TITAN-III.NFO,07/01/2020,12:16:52,1170.05,1170.95,750,1172.35,750,0,12750
TITAN-III.NFO,07/01/2020,12:16:55,1170.05,1171,750,1172.35,750,0,12750
TITAN-III.NFO,07/01/2020,12:16:57,1170.05,1171.1,750,1172.35,750,0,12750
TITAN-III.NFO,07/01/2020,12:17:00,1170.05,1170.7,1500,1172.35,750,0,12750
TITAN-III.NFO,07/01/2020,12:17:02,1170.05,1170.9,750,1172.35,750,0,12750
TITAN-III.NFO,07/01/2020,12:17:18,1170.05,1170.95,750,1172.25,750,0,12750
TITAN-III.NFO,07/01/2020,12:17:21,1170.05,1171,750,1172.25,750,0,12750
TITAN-III.NFO,07/01/2020,12:17:23,1170.05,1170.7,1500,1172.25,750,0,12750
TITAN-III.NFO,07/01/2020,12:17:27,1170.05,1170.7,1500,1173.25,2250,0,12750
TITAN-III.NFO,07/01/2020,12:17:30,1170.05,1170.9,750,1172.85,750,0,12750
TITAN-III.NFO,07/01/2020,12:17:32,1170.05,1171,750,1172.65,750,0,12750
TITAN-III.NFO,07/01/2020,12:17:34,1170.05,1170.7,2250,1172.45,750,0,12750
TITAN-III.NFO,07/01/2020,12:17:37,1170.05,1170.7,2250,1172.25,750,0,12750
TITAN-III.NFO,07/01/2020,12:17:56,1170.05,1170.7,2250,1173.15,2250,0,12750
TITAN-III.NFO,07/01/2020,12:17:59,1170.05,1170.7,2250,1172.65,750,0,12750
TITAN-III.NFO,07/01/2020,12:18:02,1170.05,1170.7,3750,1172.45,750,0,12750
TITAN-III.NFO,07/01/2020,12:18:08,1170.05,1170.7,3750,1173.05,1500,0,12750
TITAN-III.NFO,07/01/2020,12:18:13,1170.05,1170.9,750,1173.05,1500,0,12750
TITAN-III.NFO,07/01/2020,12:18:16,1170.05,1171,750,1173.05,1500,0,12750
TITAN-III.NFO,07/01/2020,12:18:19,1170.05,1171.1,750,1173.05,1500,0,12750
TITAN-III.NFO,07/01/2020,12:18:22,1170.05,1171.2,750,1173.05,1500,0,12750
TITAN-III.NFO,07/01/2020,12:18:26,1170.05,1171.25,750,1173.05,1500,0,12750
TITAN-III.NFO,07/01/2020,12:18:33,1170.05,1171.2,750,1172.85,750,0,12750
TITAN-III.NFO,07/01/2020,12:18:36,1170.05,1171.2,750,1172.55,750,0,12750
TITAN-III.NFO,07/01/2020,12:18:39,1170.05,1171.2,750,1172.35,750,0,12750
TITAN-III.NFO,07/01/2020,12:18:44,1170.05,1171.25,750,1175.45,3750,0,12750
TITAN-III.NFO,07/01/2020,12:18:48,1170.05,1170.9,2250,1174.85,2250,0,12750
TITAN-III.NFO,07/01/2020,12:18:51,1170.05,1171,750,1174.45,1500,0,12750
TITAN-III.NFO,07/01/2020,12:18:53,1170.05,1171.1,750,1174.05,750,0,12750
TITAN-III.NFO,07/01/2020,12:18:55,1170.05,1171.2,750,1173.75,750,0,12750
TITAN-III.NFO,07/01/2020,12:18:57,1170.05,1171.25,750,1173.45,750,0,12750
TITAN-III.NFO,07/01/2020,12:18:59,1170.05,1171.3,750,1173.15,750,0,12750
TITAN-III.NFO,07/01/2020,12:19:01,1170.05,1170.95,1500,1172.9,1500,0,12750
TITAN-III.NFO,07/01/2020,12:19:04,1170.05,1170.95,2250,1172.65,750,0,12750
TITAN-III.NFO,07/01/2020,12:19:09,1170.05,1171.05,750,1172.45,750,0,12750
TITAN-III.NFO,07/01/2020,12:19:14,1170.05,1171.15,750,1172.45,750,0,12750
TITAN-III.NFO,07/01/2020,12:19:18,1170.05,1171.3,750,1172.45,750,0,12750
TITAN-III.NFO,07/01/2020,12:19:21,1170.05,1171.4,750,1172.45,750,0,12750
TITAN-III.NFO,07/01/2020,12:19:24,1170.05,1171.5,750,1172.45,750,0,12750
TITAN-III.NFO,07/01/2020,12:19:34,1170.05,1171.55,750,1172.45,750,0,12750
TITAN-III.NFO,07/01/2020,12:19:50,1170.05,1171.6,750,1172.45,750,0,12750
TITAN-III.NFO,07/01/2020,12:20:13,1170.05,1171.55,750,1172.45,750,0,12750
TITAN-III.NFO,07/01/2020,12:20:16,1170.05,1171.6,750,1173.6,750,0,12750
TITAN-III.NFO,07/01/2020,12:20:21,1170.05,1171.6,750,1173,750,0,12750
TITAN-III.NFO,07/01/2020,12:20:25,1170.05,1171.6,750,1172.7,750,0,12750
TITAN-III.NFO,07/01/2020,12:20:31,1170.05,1171.7,750,1172.7,750,0,12750
TITAN-III.NFO,07/01/2020,12:20:37,1170.05,1171.7,750,1175.55,2250,0,12750
TITAN-III.NFO,07/01/2020,12:20:40,1170.05,1171.35,750,1175.15,2250,0,12750
TITAN-III.NFO,07/01/2020,12:20:42,1170.05,1171.45,750,1174.85,2250,0,12750
TITAN-III.NFO,07/01/2020,12:20:45,1170.05,1171.5,750,1174.25,750,0,12750
TITAN-III.NFO,07/01/2020,12:20:48,1170.05,1171.5,750,1173.95,750,0,12750
TITAN-III.NFO,07/01/2020,12:20:50,1170.05,1171.5,750,1173.55,750,0,12750
TITAN-III.NFO,07/01/2020,12:20:53,1170.05,1171.2,750,1173.15,750,0,12750
TITAN-III.NFO,07/01/2020,12:20:57,1170.05,1171.2,750,1172.8,750,0,12750
TITAN-III.NFO,07/01/2020,12:21:01,1170.05,1171.2,750,1172.45,750,0,12750
TITAN-III.NFO,07/01/2020,12:21:59,1170.05,1171.2,750,1172.35,750,0,12750
TITAN-III.NFO,07/01/2020,12:22:50,1170.05,1171.2,750,1172.15,750,0,12750
TITAN-III.NFO,07/01/2020,12:22:58,1170.05,1171.2,750,1173.65,750,0,12750
TITAN-III.NFO,07/01/2020,12:23:01,1170.05,1171.2,750,1173.25,750,0,12750
TITAN-III.NFO,07/01/2020,12:23:04,1170.05,1171.2,750,1172.85,750,0,12750
TITAN-III.NFO,07/01/2020,12:23:08,1170.05,1171.2,750,1172.55,750,0,12750
TITAN-III.NFO,07/01/2020,12:23:11,1170.05,1171.2,750,1172.5,750,0,12750
TITAN-III.NFO,07/01/2020,12:23:14,1170.05,1171.2,750,1172.15,750,0,12750
TITAN-III.NFO,07/01/2020,12:23:21,1170.05,1170.75,1500,1172.65,750,0,12750
TITAN-III.NFO,07/01/2020,12:23:28,1170.05,1170.75,1500,1172.5,750,0,12750
TITAN-III.NFO,07/01/2020,12:23:30,1170.05,1170.75,1500,1172.3,750,0,12750
TITAN-III.NFO,07/01/2020,12:23:33,1170.05,1170.75,1500,1172.2,750,0,12750
TITAN-III.NFO,07/01/2020,12:24:11,1170.05,1170.75,2250,1173.35,2250,0,12750
TITAN-III.NFO,07/01/2020,12:24:18,1170.05,1170.75,1500,1172.65,750,0,12750
TITAN-III.NFO,07/01/2020,12:24:23,1170.05,1170.85,750,1172.35,750,0,12750
TITAN-III.NFO,07/01/2020,12:24:27,1170.05,1170.95,750,1172.35,750,0,12750
TITAN-III.NFO,07/01/2020,12:24:30,1170.05,1171,750,1172.25,750,0,12750
TITAN-III.NFO,07/01/2020,12:24:46,1170.05,1171.05,750,1172.25,750,0,12750
TITAN-III.NFO,07/01/2020,12:25:14,1170.05,1171.05,750,1172.95,750,0,12750
TITAN-III.NFO,07/01/2020,12:25:16,1170.05,1171.1,750,1172.8,750,0,12750
TITAN-III.NFO,07/01/2020,12:25:17,1170.05,1171.05,750,1172.6,750,0,12750
TITAN-III.NFO,07/01/2020,12:25:18,1170.05,1171.05,750,1172.5,750,0,12750
TITAN-III.NFO,07/01/2020,12:25:19,1170.05,1171.05,750,1172.4,750,0,12750
TITAN-III.NFO,07/01/2020,12:25:20,1170.05,1171.05,750,1172.3,750,0,12750
TITAN-III.NFO,07/01/2020,12:25:32,1170.05,1170.75,750,1172.3,750,0,12750
TITAN-III.NFO,07/01/2020,12:25:34,1170.05,1170.85,750,1172.3,750,0,12750
TITAN-III.NFO,07/01/2020,12:25:35,1170.05,1170.95,750,1172.3,750,0,12750
TITAN-III.NFO,07/01/2020,12:25:36,1170.05,1171,750,1172.3,750,0,12750
TITAN-III.NFO,07/01/2020,12:25:42,1170.05,1171.05,750,1172.85,750,0,12750
TITAN-III.NFO,07/01/2020,12:25:45,1170.05,1171.05,750,1172.45,750,0,12750
TITAN-III.NFO,07/01/2020,12:25:47,1170.05,1171.05,750,1172.35,750,0,12750
TITAN-III.NFO,07/01/2020,12:25:52,1170.05,1171.05,750,1173.15,1500,0,12750
TITAN-III.NFO,07/01/2020,12:25:56,1170.05,1171.15,750,1172.55,750,0,12750
TITAN-III.NFO,07/01/2020,12:26:09,1170.05,1171.15,750,1172.35,750,0,12750
TITAN-III.NFO,07/01/2020,12:26:12,1170.05,1171.2,750,1172.35,750,0,12750
TITAN-III.NFO,07/01/2020,12:26:19,1170.05,1171.15,750,1172.35,750,0,12750
TITAN-III.NFO,07/01/2020,12:26:30,1170.05,1170.95,750,1172.35,750,0,12750
TITAN-III.NFO,07/01/2020,12:26:33,1170.05,1171.1,750,1172.35,750,0,12750
TITAN-III.NFO,07/01/2020,12:26:37,1170.05,1171.2,750,1172.35,750,0,12750
TITAN-III.NFO,07/01/2020,12:27:18,1170.05,1171.15,750,1172.35,750,0,12750
TITAN-III.NFO,07/01/2020,12:27:21,1170.05,1171.15,750,1172.15,750,0,12750
TITAN-III.NFO,07/01/2020,12:27:24,1170.05,1170.7,3000,1172.85,750,0,12750
TITAN-III.NFO,07/01/2020,12:27:26,1170.05,1170.7,3000,1172.55,750,0,12750
TITAN-III.NFO,07/01/2020,12:27:29,1170.05,1170.85,750,1172.25,750,0,12750
TITAN-III.NFO,07/01/2020,12:27:32,1170.05,1171,750,1172.25,750,0,12750
TITAN-III.NFO,07/01/2020,12:27:34,1170.05,1171.1,750,1172.25,750,0,12750
TITAN-III.NFO,07/01/2020,12:27:51,1170.05,1170.85,1500,1172.25,750,0,12750
TITAN-III.NFO,07/01/2020,12:28:04,1170.05,1171.25,750,1172.8,750,0,12750
TITAN-III.NFO,07/01/2020,12:28:07,1170.05,1171.05,1500,1172.5,750,0,12750
TITAN-III.NFO,07/01/2020,12:28:10,1170.05,1171.05,1500,1172.4,750,0,12750
TITAN-III.NFO,07/01/2020,12:28:13,1170.05,1171.05,750,1176,3750,0,12750
TITAN-III.NFO,07/01/2020,12:28:17,1170.05,1171.25,750,1175.6,2250,0,12750
TITAN-III.NFO,07/01/2020,12:28:20,1170.05,1171.35,750,1175.1,2250,0,12750
TITAN-III.NFO,07/01/2020,12:28:23,1170.05,1171.45,750,1174.6,1500,0,12750
TITAN-III.NFO,07/01/2020,12:28:26,1170.05,1171.5,750,1174.35,750,0,12750
TITAN-III.NFO,07/01/2020,12:28:29,1170.05,1171.5,750,1173.95,750,0,12750
TITAN-III.NFO,07/01/2020,12:28:30,1170.05,1171.5,750,1173.8,3000,0,12750
TITAN-III.NFO,07/01/2020,12:28:34,1170.05,1171.5,750,1173.4,1500,0,12750
TITAN-III.NFO,07/01/2020,12:28:38,1170.05,1171.5,750,1173.15,750,0,12750
TITAN-III.NFO,07/01/2020,12:28:41,1170.05,1171.55,750,1172.9,750,0,12750
TITAN-III.NFO,07/01/2020,12:28:44,1170.05,1171.55,750,1172.6,750,0,12750
TITAN-III.NFO,07/01/2020,12:28:47,1170.05,1171.6,750,1175.3,6000,0,12750
TITAN-III.NFO,07/01/2020,12:28:51,1170.05,1171.7,750,1175.3,6000,0,12750
TITAN-III.NFO,07/01/2020,12:28:56,1170.05,1171.8,750,1174.85,1500,0,12750
TITAN-III.NFO,07/01/2020,12:29:03,1170.05,1172.05,750,1174.25,750,0,12750
TITAN-III.NFO,07/01/2020,12:29:09,1170.05,1172.1,1500,1173.85,750,0,12750
TITAN-III.NFO,07/01/2020,12:29:13,1170.05,1172.15,750,1174.75,2250,0,12750
TITAN-III.NFO,07/01/2020,12:29:18,1170.05,1172.65,1500,1174.65,750,0,12750
TITAN-III.NFO,07/01/2020,12:29:22,1170.05,1172.75,750,1174.35,750,0,12750
TITAN-III.NFO,07/01/2020,12:29:27,1170.05,1171.85,750,1173.75,750,0,12750
TITAN-III.NFO,07/01/2020,12:29:32,1170.05,1171.95,1500,1173.55,750,0,12750
TITAN-III.NFO,07/01/2020,12:29:36,1170.05,1172.05,750,1175.35,750,0,12750
TITAN-III.NFO,07/01/2020,12:29:41,1170.05,1172.2,1500,1174.95,750,0,12750
TITAN-III.NFO,07/01/2020,12:29:46,1170.05,1172.25,750,1174.8,1500,0,12750
TITAN-III.NFO,07/01/2020,12:29:51,1170.05,1172.35,1500,1174.2,750,0,12750
TITAN-III.NFO,07/01/2020,12:29:56,1170.05,1172.55,1500,1175.65,750,0,12750
TITAN-III.NFO,07/01/2020,12:30:00,1170.05,1172.75,750,1175.35,750,0,12750
TITAN-III.NFO,07/01/2020,12:30:04,1170.05,1172.75,1500,1174.95,750,0,12750
TITAN-III.NFO,07/01/2020,12:30:10,1170.05,1172.55,1500,1174.25,750,0,12750
TITAN-III.NFO,07/01/2020,12:30:16,1170.05,1172.8,1500,1175.05,1500,0,12750
TITAN-III.NFO,07/01/2020,12:30:20,1170.05,1173,750,1174.7,750,0,12750
TITAN-III.NFO,07/01/2020,12:30:25,1170.05,1172.7,2250,1174.3,750,0,12750
TITAN-III.NFO,07/01/2020,12:30:31,1170.05,1172.9,3000,1177.65,7500,0,12750
TITAN-III.NFO,07/01/2020,12:30:35,1170.05,1173.05,1500,1177.65,7500,0,12750
TITAN-III.NFO,07/01/2020,12:30:40,1170.05,1173.15,750,1177.65,7500,0,12750
TITAN-III.NFO,07/01/2020,12:30:45,1170.05,1173.25,750,1177.65,7500,0,12750
TITAN-III.NFO,07/01/2020,12:30:50,1170.05,1173.7,1500,1177.35,750,0,12750
TITAN-III.NFO,07/01/2020,12:30:55,1170.05,1173.95,750,1176.85,750,0,12750
TITAN-III.NFO,07/01/2020,12:31:01,1170.05,1172.15,4500,1176.25,750,0,12750
TITAN-III.NFO,07/01/2020,12:31:05,1170.05,1173.3,2250,1175.75,1500,0,12750
TITAN-III.NFO,07/01/2020,12:31:10,1170.05,1173.45,750,1175.45,750,0,12750
TITAN-III.NFO,07/01/2020,12:31:14,1170.05,1173.55,750,1175,750,0,12750
TITAN-III.NFO,07/01/2020,12:31:17,1170.05,1173.6,750,1174.9,750,0,12750
TITAN-III.NFO,07/01/2020,12:31:21,1170.05,1172.55,3000,1174.65,750,0,12750
TITAN-III.NFO,07/01/2020,12:31:25,1170.05,1172.7,750,1174.4,750,0,12750
TITAN-III.NFO,07/01/2020,12:31:28,1170.05,1172.85,750,1175.15,750,0,12750
TITAN-III.NFO,07/01/2020,12:31:31,1170.05,1172.95,750,1174.75,750,0,12750
TITAN-III.NFO,07/01/2020,12:31:35,1170.05,1173.05,750,1174.6,750,0,12750
TITAN-III.NFO,07/01/2020,12:31:39,1170.05,1173.15,750,1174.9,750,0,12750
TITAN-III.NFO,07/01/2020,12:31:42,1170.05,1173.25,750,1174.7,750,0,12750
TITAN-III.NFO,07/01/2020,12:31:45,1170.05,1173.35,750,1174.7,750,0,12750
TITAN-III.NFO,07/01/2020,12:31:49,1170.05,1173.4,750,1174.7,750,0,12750
TITAN-III.NFO,07/01/2020,12:32:02,1170.05,1173.4,750,1174.5,750,0,12750
TITAN-III.NFO,07/01/2020,12:32:06,1170.05,1172.2,750,1174.4,750,0,12750
TITAN-III.NFO,07/01/2020,12:32:10,1170.05,1172.75,750,1174.2,750,0,12750
TITAN-III.NFO,07/01/2020,12:32:14,1170.05,1172.85,750,1174.2,750,0,12750
TITAN-III.NFO,07/01/2020,12:32:17,1170.05,1172.95,750,1174.2,750,0,12750
TITAN-III.NFO,07/01/2020,12:32:21,1170.05,1172.7,1500,1174.2,750,0,12750
TITAN-III.NFO,07/01/2020,12:32:25,1170.05,1172.8,750,1174.2,750,0,12750
TITAN-III.NFO,07/01/2020,12:32:29,1170.05,1172.6,750,1174.2,750,0,12750
TITAN-III.NFO,07/01/2020,12:32:33,1170.05,1172.7,750,1174.15,750,0,12750
TITAN-III.NFO,07/01/2020,12:32:39,1170.05,1172.75,1500,1176.4,750,0,12750
TITAN-III.NFO,07/01/2020,12:32:45,1170.05,1173.25,2250,1175.9,3000,0,12750
TITAN-III.NFO,07/01/2020,12:32:50,1170.05,1173.35,750,1175.2,750,0,12750
TITAN-III.NFO,07/01/2020,12:32:54,1170.05,1173.45,750,1175.15,750,0,12750
TITAN-III.NFO,07/01/2020,12:32:58,1170.05,1173.1,2250,1174.7,750,0,12750
TITAN-III.NFO,07/01/2020,12:33:03,1170.05,1173.1,1500,1174.6,750,0,12750
TITAN-III.NFO,07/01/2020,12:33:13,1170.05,1173.1,1500,1174.5,750,0,12750
TITAN-III.NFO,07/01/2020,12:33:16,1170.05,1172.65,750,1174.45,750,0,12750
TITAN-III.NFO,07/01/2020,12:33:20,1170.05,1172.75,1500,1174.4,750,0,12750
TITAN-III.NFO,07/01/2020,12:33:23,1170.05,1172.85,750,1174.3,750,0,12750
TITAN-III.NFO,07/01/2020,12:33:26,1170.05,1172.95,750,1174.3,750,0,12750
TITAN-III.NFO,07/01/2020,12:33:30,1170.05,1173.05,750,1174.3,750,0,12750
TITAN-III.NFO,07/01/2020,12:33:35,1170.05,1173.15,750,1175,750,0,12750
TITAN-III.NFO,07/01/2020,12:33:39,1170.05,1173.2,750,1174.5,750,0,12750
TITAN-III.NFO,07/01/2020,12:33:43,1170.05,1173.25,750,1174.5,750,0,12750
TITAN-III.NFO,07/01/2020,12:33:46,1170.05,1173.35,750,1174.5,750,0,12750
TITAN-III.NFO,07/01/2020,12:33:49,1170.05,1172.9,3000,1174.5,750,0,12750
TITAN-III.NFO,07/01/2020,12:33:52,1170.05,1173.05,1500,1174.5,750,0,12750
TITAN-III.NFO,07/01/2020,12:33:54,1170.05,1173.15,750,1174.5,750,0,12750
TITAN-III.NFO,07/01/2020,12:33:56,1170.05,1173.25,750,1174.5,750,0,12750
TITAN-III.NFO,07/01/2020,12:34:00,1170.05,1173.05,750,1174.4,750,0,12750
TITAN-III.NFO,07/01/2020,12:34:08,1170.05,1173.1,750,1174.4,750,0,12750
TITAN-III.NFO,07/01/2020,12:34:12,1170.05,1172.45,750,1174.1,750,0,12750
TITAN-III.NFO,07/01/2020,12:34:15,1170.05,1171.85,3750,1173.8,750,0,12750
TITAN-III.NFO,07/01/2020,12:34:19,1170.05,1171.95,2250,1173.55,750,0,12750
TITAN-III.NFO,07/01/2020,12:34:23,1170.05,1172.05,1500,1175.25,3000,0,12750
TITAN-III.NFO,07/01/2020,12:34:26,1170.05,1172.15,1500,1174.85,750,0,12750
TITAN-III.NFO,07/01/2020,12:34:30,1170.05,1172.25,750,1174.5,1500,0,12750
TITAN-III.NFO,07/01/2020,12:34:36,1170.05,1172.3,750,1173.85,750,0,12750
TITAN-III.NFO,07/01/2020,12:34:41,1170.05,1172.35,750,1173.6,750,0,12750
TITAN-III.NFO,07/01/2020,12:34:45,1170.05,1172.45,750,1175.3,750,0,12750
TITAN-III.NFO,07/01/2020,12:34:49,1170.05,1172,1500,1174.8,750,0,12750
TITAN-III.NFO,07/01/2020,12:34:52,1170.05,1172.15,750,1174.5,750,0,12750
TITAN-III.NFO,07/01/2020,12:34:55,1170.05,1172.2,750,1174.2,750,0,12750
TITAN-III.NFO,07/01/2020,12:34:57,1170.05,1172.3,750,1173.9,750,0,12750
TITAN-III.NFO,07/01/2020,12:35:04,1170.05,1172.5,750,1173.8,750,0,12750
TITAN-III.NFO,07/01/2020,12:35:08,1170.05,1172.6,750,1173.8,750,0,12750
TITAN-III.NFO,07/01/2020,12:35:11,1170.05,1172.7,750,1175,750,0,12750
TITAN-III.NFO,07/01/2020,12:35:14,1170.05,1172.65,750,1174.7,750,0,12750
TITAN-III.NFO,07/01/2020,12:35:17,1170.05,1172.65,750,1174.4,750,0,12750
TITAN-III.NFO,07/01/2020,12:35:20,1170.05,1172.65,750,1174.1,750,0,12750
TITAN-III.NFO,07/01/2020,12:35:23,1170.05,1172.9,750,1177.1,2250,0,12750
TITAN-III.NFO,07/01/2020,12:35:27,1170.05,1172.95,2250,1176.8,2250,0,12750
TITAN-III.NFO,07/01/2020,12:35:30,1170.05,1173.2,750,1176.3,750,0,12750
TITAN-III.NFO,07/01/2020,12:35:33,1170.05,1173.4,750,1175.8,750,0,12750
TITAN-III.NFO,07/01/2020,12:35:35,1170.05,1173.45,750,1175.6,750,0,12750
TITAN-III.NFO,07/01/2020,12:35:38,1170.05,1173.55,750,1175.3,750,0,12750
TITAN-III.NFO,07/01/2020,12:35:44,1170.05,1173.6,750,1174.95,750,0,12750
TITAN-III.NFO,07/01/2020,12:35:50,1170.05,1173.6,750,1174.7,750,0,12750
TITAN-III.NFO,07/01/2020,12:36:24,1170.05,1173.7,750,1175.45,750,0,12750
TITAN-III.NFO,07/01/2020,12:36:27,1170.05,1173.25,2250,1175.25,750,0,12750
TITAN-III.NFO,07/01/2020,12:36:29,1170.05,1173.35,750,1174.95,750,0,12750
TITAN-III.NFO,07/01/2020,12:36:33,1170.05,1173.65,750,1177.45,1500,0,12750
TITAN-III.NFO,07/01/2020,12:36:36,1170.05,1174.1,2250,1177.05,750,0,12750
TITAN-III.NFO,07/01/2020,12:36:38,1170.05,1174.2,1500,1176.65,750,0,12750
TITAN-III.NFO,07/01/2020,12:36:41,1170.05,1174.35,750,1176.35,750,0,12750
TITAN-III.NFO,07/01/2020,12:36:43,1170.05,1174.4,750,1176.05,750,0,12750
TITAN-III.NFO,07/01/2020,12:36:46,1170.05,1174.55,750,1177.85,750,0,12750
TITAN-III.NFO,07/01/2020,12:36:49,1170.05,1174.75,750,1177.35,750,0,12750
TITAN-III.NFO,07/01/2020,12:36:53,1170.05,1174.85,750,1177.05,750,0,12750
TITAN-III.NFO,07/01/2020,12:36:55,1170.05,1175.05,1500,1176.65,750,0,12750
TITAN-III.NFO,07/01/2020,12:36:58,1170.05,1175.2,750,1176.65,750,0,12750
TITAN-III.NFO,07/01/2020,12:37:01,1170.05,1175.5,1500,1179.45,1500,0,12750
TITAN-III.NFO,07/01/2020,12:37:04,1170.05,1175.75,750,1179.05,750,0,12750
TITAN-III.NFO,07/01/2020,12:37:07,1170.05,1175.85,750,1178.65,750,0,12750
TITAN-III.NFO,07/01/2020,12:37:09,1170.05,1175.9,750,1178.35,750,0,12750
TITAN-III.NFO,07/01/2020,12:37:12,1170.05,1175.95,750,1178.05,750,0,12750
TITAN-III.NFO,07/01/2020,12:37:13,1170.05,1175.95,750,1177.85,750,0,12750
TITAN-III.NFO,07/01/2020,12:37:15,1170.05,1175.95,750,1177.65,750,0,12750
TITAN-III.NFO,07/01/2020,12:37:17,1170.05,1175.95,750,1177.45,750,0,12750
TITAN-III.NFO,07/01/2020,12:37:19,1170.05,1175.95,750,1177.4,750,0,12750
TITAN-III.NFO,07/01/2020,12:37:21,1170.05,1175.45,1500,1177.25,750,0,12750
TITAN-III.NFO,07/01/2020,12:37:23,1170.05,1175.45,1500,1176.95,750,0,12750
TITAN-III.NFO,07/01/2020,12:37:26,1170.05,1175.45,1500,1176.8,750,0,12750
TITAN-III.NFO,07/01/2020,12:37:31,1170.05,1175.65,1500,1177.35,750,0,12750
TITAN-III.NFO,07/01/2020,12:37:34,1170.05,1175.75,1500,1178.1,750,0,12750
TITAN-III.NFO,07/01/2020,12:37:37,1170.05,1175.75,750,1177.7,750,0,12750
TITAN-III.NFO,07/01/2020,12:37:43,1170.05,1176,750,1177.2,750,0,12750
TITAN-III.NFO,07/01/2020,12:37:48,1170.05,1176.1,750,1177.9,1500,0,12750
TITAN-III.NFO,07/01/2020,12:37:52,1170.05,1176.15,750,1177.9,1500,0,12750
TITAN-III.NFO,07/01/2020,12:37:55,1170.05,1176.25,750,1177.9,1500,0,12750
TITAN-III.NFO,07/01/2020,12:37:58,1170.05,1175.75,750,1177.9,1500,0,12750
TITAN-III.NFO,07/01/2020,12:38:01,1170.05,1175.9,750,1177.9,1500,0,12750
TITAN-III.NFO,07/01/2020,12:38:06,1170.05,1176,750,1177.9,1500,0,12750
TITAN-III.NFO,07/01/2020,12:38:09,1170.05,1176.05,750,1177.9,1500,0,12750
TITAN-III.NFO,07/01/2020,12:38:17,1170.05,1175.6,1500,1177.9,1500,0,12750
TITAN-III.NFO,07/01/2020,12:38:20,1170.05,1175.6,1500,1177.55,750,0,12750
TITAN-III.NFO,07/01/2020,12:38:24,1170.05,1175.6,1500,1177.2,750,0,12750
TITAN-III.NFO,07/01/2020,12:38:27,1170.05,1175.6,1500,1177.7,1500,0,12750
TITAN-III.NFO,07/01/2020,12:38:32,1170.05,1175.6,1500,1177.2,750,0,12750
TITAN-III.NFO,07/01/2020,12:38:36,1170.05,1175.6,2250,1177.1,750,0,12750
TITAN-III.NFO,07/01/2020,12:38:40,1170.05,1175.6,1500,1177.1,750,0,12750
TITAN-III.NFO,07/01/2020,12:38:44,1170.05,1175.6,2250,1177.1,750,0,12750
TITAN-III.NFO,07/01/2020,12:38:48,1170.05,1175.7,1500,1177.1,750,0,12750
TITAN-III.NFO,07/01/2020,12:38:52,1170.05,1175.6,750,1177.1,750,0,12750
TITAN-III.NFO,07/01/2020,12:38:56,1170.05,1175.75,1500,1177.1,750,0,12750
TITAN-III.NFO,07/01/2020,12:39:01,1170.05,1175.25,3750,1177.1,750,0,12750
TITAN-III.NFO,07/01/2020,12:39:05,1170.05,1175.7,2250,1177.1,750,0,12750
TITAN-III.NFO,07/01/2020,12:39:09,1170.05,1175.8,750,1177.1,750,0,12750
TITAN-III.NFO,07/01/2020,12:39:12,1170.05,1176,750,1177.1,750,0,12750
TITAN-III.NFO,07/01/2020,12:39:16,1170.05,1175.55,1500,1177.1,750,0,12750
TITAN-III.NFO,07/01/2020,12:39:19,1170.05,1175.55,1500,1180.65,3750,0,12750
TITAN-III.NFO,07/01/2020,12:39:25,1170.05,1175.6,750,1179.55,2250,0,12750
TITAN-III.NFO,07/01/2020,12:39:30,1170.05,1175.7,750,1178.95,750,0,12750
TITAN-III.NFO,07/01/2020,12:39:35,1170.05,1175.45,750,1178.35,750,0,12750
TITAN-III.NFO,07/01/2020,12:39:38,1170.05,1175.55,750,1177.85,750,0,12750
TITAN-III.NFO,07/01/2020,12:39:41,1170.05,1175.65,750,1177.55,750,0,12750
TITAN-III.NFO,07/01/2020,12:39:44,1170.05,1175.7,750,1177.15,750,0,12750
TITAN-III.NFO,07/01/2020,12:39:46,1170.05,1175.7,750,1177.05,750,0,12750
TITAN-III.NFO,07/01/2020,12:39:47,1170.05,1175.8,750,1177.05,750,0,12750
TITAN-III.NFO,07/01/2020,12:39:50,1170.05,1175.25,3000,1177.05,750,0,12750
TITAN-III.NFO,07/01/2020,12:39:54,1170.05,1175.4,1500,1177.05,750,0,12750
TITAN-III.NFO,07/01/2020,12:39:57,1170.05,1175.6,1500,1177.95,750,0,12750
TITAN-III.NFO,07/01/2020,12:40:00,1170.05,1175.7,750,1177.65,750,0,12750
TITAN-III.NFO,07/01/2020,12:40:04,1170.05,1175.8,750,1177.25,750,0,12750
TITAN-III.NFO,07/01/2020,12:40:09,1170.05,1175.95,750,1177.15,750,0,12750
TITAN-III.NFO,07/01/2020,12:40:14,1170.05,1175.95,750,1177.1,750,0,12750
TITAN-III.NFO,07/01/2020,12:40:17,1170.05,1175.45,1500,1177,750,0,12750
TITAN-III.NFO,07/01/2020,12:40:21,1170.05,1175.55,750,1177,750,0,12750
TITAN-III.NFO,07/01/2020,12:40:24,1170.05,1175.65,750,1177,750,0,12750
TITAN-III.NFO,07/01/2020,12:40:27,1170.05,1175.3,750,1177,750,0,12750
TITAN-III.NFO,07/01/2020,12:40:31,1170.05,1175.4,750,1177,1500,0,12750
TITAN-III.NFO,07/01/2020,12:40:35,1170.05,1175.5,750,1177,1500,0,12750
TITAN-III.NFO,07/01/2020,12:40:38,1170.05,1175.55,750,1177,1500,0,12750
TITAN-III.NFO,07/01/2020,12:40:40,1170.05,1174.6,1500,1176.9,750,0,12750
TITAN-III.NFO,07/01/2020,12:40:43,1170.05,1174.75,2250,1176.6,750,0,12750
TITAN-III.NFO,07/01/2020,12:40:46,1170.05,1174.85,750,1176.55,750,0,12750
TITAN-III.NFO,07/01/2020,12:40:50,1170.05,1175.05,750,1176.9,1500,0,12750
TITAN-III.NFO,07/01/2020,12:40:54,1170.05,1175.15,750,1176.9,1500,0,12750
TITAN-III.NFO,07/01/2020,12:40:58,1170.05,1175.3,750,1176.9,1500,0,12750
TITAN-III.NFO,07/01/2020,12:41:37,1170.05,1174.65,1500,1176.9,1500,0,12750
TITAN-III.NFO,07/01/2020,12:41:39,1170.05,1174.8,750,1176.9,1500,0,12750
TITAN-III.NFO,07/01/2020,12:41:41,1170.05,1174.9,750,1176.9,1500,0,12750
TITAN-III.NFO,07/01/2020,12:41:43,1170.05,1175,750,1176.9,1500,0,12750
TITAN-III.NFO,07/01/2020,12:41:45,1170.05,1175.05,750,1176.9,1500,0,12750
TITAN-III.NFO,07/01/2020,12:41:52,1170.05,1174.7,750,1176.7,750,0,12750
TITAN-III.NFO,07/01/2020,12:41:54,1170.05,1174.7,750,1176.5,750,0,12750
TITAN-III.NFO,07/01/2020,12:41:55,1170.05,1174.7,750,1176.3,750,0,12750
TITAN-III.NFO,07/01/2020,12:41:57,1170.05,1174.7,750,1176.2,750,0,12750
TITAN-III.NFO,07/01/2020,12:41:58,1170.05,1174.7,750,1176.1,750,0,12750
TITAN-III.NFO,07/01/2020,12:42:01,1170.05,1174.5,750,1176.1,750,0,12750
TITAN-III.NFO,07/01/2020,12:42:03,1170.05,1174.5,750,1175.8,750,0,12750
TITAN-III.NFO,07/01/2020,12:42:05,1170.05,1174.5,750,1175.7,750,0,12750
TITAN-III.NFO,07/01/2020,12:42:28,1170.05,1174.6,750,1175.7,750,0,12750
TITAN-III.NFO,07/01/2020,12:42:48,1170.05,1174.6,750,1175.6,750,0,12750
TITAN-III.NFO,07/01/2020,12:42:56,1170.05,1174.5,750,1175.6,750,0,12750
TITAN-III.NFO,07/01/2020,12:42:58,1170.05,1174.5,750,1175.5,750,0,12750
TITAN-III.NFO,07/01/2020,12:43:04,1170.05,1173.7,1500,1175.5,750,0,12750
TITAN-III.NFO,07/01/2020,12:43:06,1170.05,1173.7,1500,1175.2,750,0,12750
TITAN-III.NFO,07/01/2020,12:43:08,1170.05,1173.8,750,1175.2,750,0,12750
TITAN-III.NFO,07/01/2020,12:43:10,1170.05,1173.95,750,1175.2,750,0,12750
TITAN-III.NFO,07/01/2020,12:43:12,1170.05,1174.05,750,1175.2,750,0,12750
TITAN-III.NFO,07/01/2020,12:43:13,1170.05,1174.1,750,1175.2,750,0,12750
TITAN-III.NFO,07/01/2020,12:43:20,1170.05,1173.8,1500,1176.7,750,0,12750
TITAN-III.NFO,07/01/2020,12:43:22,1170.05,1173.95,1500,1176.3,750,0,12750
TITAN-III.NFO,07/01/2020,12:43:24,1170.05,1174.05,750,1176.1,750,0,12750
TITAN-III.NFO,07/01/2020,12:43:26,1170.05,1174.15,750,1175.9,750,0,12750
TITAN-III.NFO,07/01/2020,12:43:27,1170.05,1174.25,750,1175.7,750,0,12750
TITAN-III.NFO,07/01/2020,12:43:29,1170.05,1174.3,750,1175.5,750,0,12750
TITAN-III.NFO,07/01/2020,12:43:31,1170.05,1174.35,750,1177.25,750,0,12750
TITAN-III.NFO,07/01/2020,12:43:33,1170.05,1174.45,750,1176.95,750,0,12750
TITAN-III.NFO,07/01/2020,12:43:36,1170.05,1174.55,750,1176.65,750,0,12750
TITAN-III.NFO,07/01/2020,12:43:38,1170.05,1174.6,750,1176.35,750,0,12750
TITAN-III.NFO,07/01/2020,12:43:39,1170.05,1174,750,1176.15,750,0,12750
TITAN-III.NFO,07/01/2020,12:43:43,1170.05,1174.05,750,1175.75,750,0,12750
TITAN-III.NFO,07/01/2020,12:43:46,1170.05,1174.1,750,1175.35,750,0,12750
TITAN-III.NFO,07/01/2020,12:43:50,1170.05,1173.45,4500,1176.55,2250,0,12750
TITAN-III.NFO,07/01/2020,12:43:53,1170.05,1173.45,4500,1176.15,750,0,12750
TITAN-III.NFO,07/01/2020,12:43:55,1170.05,1173.45,4500,1175.85,750,0,12750
TITAN-III.NFO,07/01/2020,12:43:58,1170.05,1173.45,4500,1175.6,750,0,12750
TITAN-III.NFO,07/01/2020,12:44:05,1170.05,1173.45,3750,1175.6,750,0,12750
TITAN-III.NFO,07/01/2020,12:44:06,1170.05,1173.45,4500,1175.6,750,0,12750
TITAN-III.NFO,07/01/2020,12:44:13,1170.05,1173.45,4500,1175.9,750,0,12750
TITAN-III.NFO,07/01/2020,12:44:15,1170.05,1173.45,4500,1175.7,750,0,12750
TITAN-III.NFO,07/01/2020,12:44:17,1170.05,1173.45,4500,1175.5,750,0,12750
TITAN-III.NFO,07/01/2020,12:44:19,1170.05,1173.65,3000,1175.4,750,0,12750
TITAN-III.NFO,07/01/2020,12:44:23,1170.05,1173.8,750,1175.2,750,0,12750
TITAN-III.NFO,07/01/2020,12:44:26,1170.05,1173.9,750,1175.2,750,0,12750
TITAN-III.NFO,07/01/2020,12:44:28,1170.05,1174.05,750,1175.2,750,0,12750
TITAN-III.NFO,07/01/2020,12:44:50,1170.05,1174.15,750,1176.05,1500,0,12750
TITAN-III.NFO,07/01/2020,12:44:53,1170.05,1174.25,750,1176.05,1500,0,12750
TITAN-III.NFO,07/01/2020,12:45:16,1170.05,1173.5,3750,1176.05,1500,0,12750
TITAN-III.NFO,07/01/2020,12:45:18,1170.05,1173.9,1500,1176.05,1500,0,12750
TITAN-III.NFO,07/01/2020,12:45:20,1170.05,1174,1500,1176.05,1500,0,12750
TITAN-III.NFO,07/01/2020,12:45:23,1170.05,1174.1,750,1176.05,1500,0,12750
TITAN-III.NFO,07/01/2020,12:45:25,1170.05,1174.2,750,1175.85,750,0,12750
TITAN-III.NFO,07/01/2020,12:45:29,1170.05,1174.3,750,1175.8,750,0,12750
TITAN-III.NFO,07/01/2020,12:45:31,1170.05,1174.05,1500,1176.7,2250,0,12750
TITAN-III.NFO,07/01/2020,12:45:34,1170.05,1174.05,750,1176.3,750,0,12750
TITAN-III.NFO,07/01/2020,12:45:37,1170.05,1174.05,750,1176,750,0,12750
TITAN-III.NFO,07/01/2020,12:45:40,1170.05,1174.05,750,1175.6,750,0,12750
TITAN-III.NFO,07/01/2020,12:45:43,1170.05,1174.05,750,1175.3,750,0,12750
TITAN-III.NFO,07/01/2020,12:46:01,1170.05,1174.05,750,1175.1,750,0,12750
TITAN-III.NFO,07/01/2020,12:46:09,1170.05,1174.05,750,1176.1,750,0,12750
TITAN-III.NFO,07/01/2020,12:46:13,1170.05,1174.05,750,1175.8,750,0,12750
TITAN-III.NFO,07/01/2020,12:46:16,1170.05,1174.05,750,1175.45,750,0,12750
TITAN-III.NFO,07/01/2020,12:46:21,1170.05,1174.05,750,1175.3,750,0,12750
TITAN-III.NFO,07/01/2020,12:46:33,1170.05,1174.05,750,1175.2,750,0,12750
TITAN-III.NFO,07/01/2020,12:46:59,1170.05,1173.3,2250,1174.9,750,0,12750
TITAN-III.NFO,07/01/2020,12:47:03,1170.05,1173.4,1500,1176.6,3750,0,12750
TITAN-III.NFO,07/01/2020,12:47:07,1170.05,1173.5,750,1176.1,750,0,12750
TITAN-III.NFO,07/01/2020,12:47:12,1170.05,1173.6,750,1175.6,750,0,12750
TITAN-III.NFO,07/01/2020,12:47:15,1170.05,1173.7,750,1175.2,750,0,12750
TITAN-III.NFO,07/01/2020,12:47:20,1170.05,1173.75,750,1174.8,750,0,12750
TITAN-III.NFO,07/01/2020,12:47:24,1170.05,1173.75,750,1175.5,1500,0,12750
TITAN-III.NFO,07/01/2020,12:47:32,1170.05,1173.8,750,1175.5,1500,0,12750
TITAN-III.NFO,07/01/2020,12:47:35,1170.05,1173.85,750,1175.5,1500,0,12750
TITAN-III.NFO,07/01/2020,12:47:39,1170.05,1173.9,750,1175.5,1500,0,12750
TITAN-III.NFO,07/01/2020,12:47:41,1170.05,1174,750,1175.5,1500,0,12750
TITAN-III.NFO,07/01/2020,12:47:44,1170.05,1174.05,750,1175.5,1500,0,12750
TITAN-III.NFO,07/01/2020,12:47:47,1170.05,1174.1,750,1175.5,1500,0,12750
TITAN-III.NFO,07/01/2020,12:47:51,1170.05,1174.15,750,1175.5,1500,0,12750
TITAN-III.NFO,07/01/2020,12:48:07,1170.05,1173.45,1500,1175.5,750,0,12750
TITAN-III.NFO,07/01/2020,12:48:12,1170.05,1173.8,3000,1175.5,750,0,12750
TITAN-III.NFO,07/01/2020,12:48:19,1170.05,1174.15,750,1175.5,750,0,12750
TITAN-III.NFO,07/01/2020,12:48:25,1170.05,1174.25,750,1175.5,750,0,12750
TITAN-III.NFO,07/01/2020,12:48:31,1170.05,1174.35,750,1175.5,750,0,12750
TITAN-III.NFO,07/01/2020,12:48:36,1170.05,1174.4,750,1175.5,750,0,12750
