Ticker,Date,Time,LTP,BuyPrice,BuyQty,SellPrice,SellQty,LTQ,OpenInterest
ADANIENT-II.NFO,07/01/2020,09:15:14,203.75,204.8,8000,207.5,4000,20000,172000
ADANIENT-II.NFO,07/01/2020,09:15:14,205,204.8,8000,207.5,4000,0,172000
ADANIENT-II.NFO,07/01/2020,09:15:14,205,204.8,8000,207.5,4000,0,172000
ADANIENT-II.NFO,07/01/2020,09:15:14,203.75,204.8,8000,207.5,4000,0,172000
ADANIENT-II.NFO,07/01/2020,09:15:25,206.25,204.3,8000,207.9,4000,4000,172000
ADANIENT-II.NFO,07/01/2020,09:15:25,206.25,204.3,8000,207.9,4000,0,172000
ADANIENT-II.NFO,07/01/2020,09:15:37,206.25,205.25,4000,207.3,4000,0,172000
ADANIENT-II.NFO,07/01/2020,09:15:50,206.25,205.6,4000,206.75,4000,0,172000
ADANIENT-II.NFO,07/01/2020,09:16:01,206.25,205.85,4000,207.35,4000,0,172000
ADANIENT-II.NFO,07/01/2020,09:16:12,206.25,205.35,4000,206.9,4000,0,172000
ADANIENT-II.NFO,07/01/2020,09:16:21,206.25,205.65,4000,206.7,4000,0,172000
ADANIENT-II.NFO,07/01/2020,09:16:31,206.25,205.45,8000,206.3,4000,4000,172000
ADANIENT-II.NFO,07/01/2020,09:16:40,206.25,204.9,8000,206.25,4000,0,172000
ADANIENT-II.NFO,07/01/2020,09:16:49,206.25,205.15,4000,206.55,4000,0,172000
ADANIENT-II.NFO,07/01/2020,09:16:58,206.25,204.9,8000,206.35,12000,0,172000
ADANIENT-II.NFO,07/01/2020,09:17:06,206.25,205,4000,206.2,8000,0,172000
ADANIENT-II.NFO,07/01/2020,09:17:14,206.25,205.15,4000,206.25,16000,0,172000
ADANIENT-II.NFO,07/01/2020,09:17:23,206.25,205,4000,206.1,8000,0,172000
ADANIENT-II.NFO,07/01/2020,09:17:31,206.25,205.2,8000,206.2,8000,0,172000
ADANIENT-II.NFO,07/01/2020,09:17:41,206.25,205.2,8000,206.2,12000,0,172000
ADANIENT-II.NFO,07/01/2020,09:17:49,206.25,204.45,4000,205.7,8000,0,172000
ADANIENT-II.NFO,07/01/2020,09:17:57,206.25,204.55,4000,205.95,12000,0,172000
ADANIENT-II.NFO,07/01/2020,09:18:06,206.25,204.8,8000,205.8,4000,0,172000
ADANIENT-II.NFO,07/01/2020,09:18:13,206.25,204.8,4000,205.65,4000,0,172000
ADANIENT-II.NFO,07/01/2020,09:18:21,206.25,204.8,8000,205.7,4000,0,172000
ADANIENT-II.NFO,07/01/2020,09:18:29,206.25,204.8,8000,205.7,8000,0,172000
ADANIENT-II.NFO,07/01/2020,09:18:52,206.25,204.8,8000,205.4,4000,0,172000
ADANIENT-II.NFO,07/01/2020,09:19:06,205,204.8,8000,205.6,4000,4000,164000
ADANIENT-II.NFO,07/01/2020,09:19:14,205,204.8,8000,205.5,4000,0,164000
ADANIENT-II.NFO,07/01/2020,09:19:23,205,204.95,4000,205.8,4000,0,164000
ADANIENT-II.NFO,07/01/2020,09:19:30,205,204.95,4000,205.85,8000,0,164000
ADANIENT-II.NFO,07/01/2020,09:19:38,205,205.2,4000,205.95,4000,0,164000
ADANIENT-II.NFO,07/01/2020,09:19:46,205,204.95,8000,206.1,8000,0,164000
ADANIENT-II.NFO,07/01/2020,09:19:54,205,205.1,4000,206.05,4000,0,164000
ADANIENT-II.NFO,07/01/2020,09:20:02,205,205.2,4000,205.85,4000,0,164000
ADANIENT-II.NFO,07/01/2020,09:20:09,205,205.05,4000,206,8000,0,164000
ADANIENT-II.NFO,07/01/2020,09:20:17,205,205,4000,205.85,8000,0,164000
ADANIENT-II.NFO,07/01/2020,09:20:25,205,205.2,4000,205.9,4000,0,164000
ADANIENT-II.NFO,07/01/2020,09:20:33,205,205.4,4000,206.1,4000,0,164000
ADANIENT-II.NFO,07/01/2020,09:20:41,205,205.2,4000,205.95,4000,0,164000
ADANIENT-II.NFO,07/01/2020,09:20:48,205,205.1,4000,205.95,8000,0,164000
ADANIENT-II.NFO,07/01/2020,09:20:56,205,205.3,4000,206,8000,0,164000
ADANIENT-II.NFO,07/01/2020,09:21:03,205,205.05,4000,205.7,4000,0,164000
ADANIENT-II.NFO,07/01/2020,09:21:11,205,205,4000,205.9,4000,0,164000
ADANIENT-II.NFO,07/01/2020,09:21:18,205,205.15,4000,205.9,4000,0,164000
ADANIENT-II.NFO,07/01/2020,09:21:26,205,205.05,8000,205.95,4000,0,164000
ADANIENT-II.NFO,07/01/2020,09:21:40,205,205.05,8000,205.9,4000,0,164000
ADANIENT-II.NFO,07/01/2020,09:21:48,205,205.05,8000,205.85,8000,0,164000
ADANIENT-II.NFO,07/01/2020,09:22:01,205,205.2,4000,205.85,8000,0,164000
ADANIENT-II.NFO,07/01/2020,09:22:08,205,205.3,4000,206,4000,0,164000
ADANIENT-II.NFO,07/01/2020,09:22:16,205,205.1,4000,205.95,8000,0,164000
ADANIENT-II.NFO,07/01/2020,09:22:24,205,205.2,4000,206.1,8000,0,164000
ADANIENT-II.NFO,07/01/2020,09:22:30,205,205.05,4000,205.85,4000,0,164000
ADANIENT-II.NFO,07/01/2020,09:22:38,205,204.9,4000,205.75,12000,0,164000
ADANIENT-II.NFO,07/01/2020,09:22:44,205,204.9,4000,205.5,4000,0,164000
ADANIENT-II.NFO,07/01/2020,09:22:56,205,204.8,4000,205.6,4000,4000,168000
ADANIENT-II.NFO,07/01/2020,09:23:03,205,204.95,4000,205.75,8000,0,168000
ADANIENT-II.NFO,07/01/2020,09:23:09,205,204.9,4000,205.6,4000,0,168000
ADANIENT-II.NFO,07/01/2020,09:23:16,205,204.9,4000,205.5,4000,0,168000
ADANIENT-II.NFO,07/01/2020,09:23:37,205,204.8,4000,205.45,4000,0,168000
ADANIENT-II.NFO,07/01/2020,09:23:43,205,204.8,4000,205.4,4000,0,168000
ADANIENT-II.NFO,07/01/2020,09:23:56,205,204.8,4000,205.5,4000,0,168000
ADANIENT-II.NFO,07/01/2020,09:24:03,205,204.9,4000,205.5,8000,0,168000
ADANIENT-II.NFO,07/01/2020,09:24:10,205,204.65,4000,205.3,4000,0,168000
ADANIENT-II.NFO,07/01/2020,09:24:17,205,204.65,4000,205.45,12000,0,168000
ADANIENT-II.NFO,07/01/2020,09:24:24,205,204.6,4000,205.45,16000,0,168000
ADANIENT-II.NFO,07/01/2020,09:24:31,205,204.7,4000,205.45,4000,0,168000
ADANIENT-II.NFO,07/01/2020,09:24:38,205,204.7,4000,205.4,4000,0,168000
ADANIENT-II.NFO,07/01/2020,09:24:51,205,204.8,4000,205.4,4000,0,168000
ADANIENT-II.NFO,07/01/2020,09:24:57,205,204.65,4000,205.4,12000,0,168000
ADANIENT-II.NFO,07/01/2020,09:25:03,205,204.75,4000,205.5,8000,0,168000
ADANIENT-II.NFO,07/01/2020,09:25:11,205,204.65,4000,205.45,8000,0,168000
ADANIENT-II.NFO,07/01/2020,09:25:25,205,204.6,4000,205.3,8000,0,168000
ADANIENT-II.NFO,07/01/2020,09:25:32,205,204.55,4000,205.45,4000,0,168000
ADANIENT-II.NFO,07/01/2020,09:25:49,205,204.65,4000,205.3,8000,0,168000
ADANIENT-II.NFO,07/01/2020,09:26:03,205,204.75,4000,205.45,4000,0,168000
ADANIENT-II.NFO,07/01/2020,09:26:11,205,204.75,4000,205.35,4000,0,168000
ADANIENT-II.NFO,07/01/2020,09:26:17,205,204.8,4000,205.45,4000,0,168000
ADANIENT-II.NFO,07/01/2020,09:26:28,205,204.85,4000,205.45,4000,0,168000
ADANIENT-II.NFO,07/01/2020,09:26:35,205,204.85,4000,205.8,4000,0,168000
ADANIENT-II.NFO,07/01/2020,09:26:41,205,204.85,4000,205.4,4000,0,168000
ADANIENT-II.NFO,07/01/2020,09:26:47,205,204.8,4000,205.5,4000,0,168000
ADANIENT-II.NFO,07/01/2020,09:26:57,205,204.8,4000,205.4,4000,0,168000
ADANIENT-II.NFO,07/01/2020,09:27:02,205,204.8,4000,205.55,4000,0,168000
ADANIENT-II.NFO,07/01/2020,09:27:19,205,205,4000,205.55,12000,0,168000
ADANIENT-II.NFO,07/01/2020,09:27:26,205,205,4000,205.55,16000,0,168000
ADANIENT-II.NFO,07/01/2020,09:27:49,205,205,4000,205.3,4000,0,168000
ADANIENT-II.NFO,07/01/2020,09:28:00,205,205,4000,205.4,12000,0,168000
ADANIENT-II.NFO,07/01/2020,09:28:10,205,205,4000,205.45,8000,0,168000
ADANIENT-II.NFO,07/01/2020,09:28:16,205,205,4000,205.3,4000,0,168000
ADANIENT-II.NFO,07/01/2020,09:28:34,205,205,4000,205.4,4000,0,168000
ADANIENT-II.NFO,07/01/2020,09:28:39,205,205,4000,205.3,4000,0,168000
ADANIENT-II.NFO,07/01/2020,09:28:44,205,204.45,4000,205.25,4000,4000,168000
ADANIENT-II.NFO,07/01/2020,09:28:50,205,204.45,4000,205.5,4000,0,168000
ADANIENT-II.NFO,07/01/2020,09:29:02,205,204.75,4000,205.4,4000,0,168000
ADANIENT-II.NFO,07/01/2020,09:29:14,205,204.7,4000,205.4,4000,0,168000
ADANIENT-II.NFO,07/01/2020,09:29:32,205,204.65,4000,205.35,4000,0,168000
ADANIENT-II.NFO,07/01/2020,09:29:38,205,204.5,4000,205.4,12000,0,168000
ADANIENT-II.NFO,07/01/2020,09:29:45,205,204.6,4000,205.25,4000,0,168000
ADANIENT-II.NFO,07/01/2020,09:29:51,205,204.65,4000,205.3,4000,0,168000
ADANIENT-II.NFO,07/01/2020,09:29:57,205,204.6,4000,205.4,4000,0,168000
ADANIENT-II.NFO,07/01/2020,09:30:03,205,204.55,4000,205.4,4000,0,168000
ADANIENT-II.NFO,07/01/2020,09:30:10,205,204.85,4000,205.4,4000,0,168000
ADANIENT-II.NFO,07/01/2020,09:30:16,205,204.75,4000,205.4,4000,0,168000
ADANIENT-II.NFO,07/01/2020,09:30:23,205,204.75,4000,205.45,4000,0,168000
ADANIENT-II.NFO,07/01/2020,09:30:29,205,204.85,4000,205.45,4000,0,168000
ADANIENT-II.NFO,07/01/2020,09:30:39,205,204.75,4000,205.45,4000,0,168000
ADANIENT-II.NFO,07/01/2020,09:30:45,205,204.8,4000,205.45,4000,0,168000
ADANIENT-II.NFO,07/01/2020,09:31:01,205,205,4000,205.55,8000,0,168000
ADANIENT-II.NFO,07/01/2020,09:31:07,205,205,4000,205.8,8000,0,168000
ADANIENT-II.NFO,07/01/2020,09:31:13,205,205.15,4000,205.8,4000,0,168000
ADANIENT-II.NFO,07/01/2020,09:31:19,205,205.05,4000,205.85,4000,0,168000
ADANIENT-II.NFO,07/01/2020,09:31:25,205,205,8000,205.75,4000,0,168000
ADANIENT-II.NFO,07/01/2020,09:31:31,205,205,8000,205.9,4000,0,168000
ADANIENT-II.NFO,07/01/2020,09:31:36,205,205,8000,205.85,4000,0,168000
ADANIENT-II.NFO,07/01/2020,09:31:41,205,205,8000,205.8,4000,0,168000
ADANIENT-II.NFO,07/01/2020,09:31:47,205,204.9,4000,205.65,4000,0,168000
ADANIENT-II.NFO,07/01/2020,09:31:52,205,204.95,4000,205.8,8000,0,168000
ADANIENT-II.NFO,07/01/2020,09:31:56,205,205.05,4000,205.8,8000,0,168000
ADANIENT-II.NFO,07/01/2020,09:32:11,205,204.95,4000,205.8,8000,0,168000
ADANIENT-II.NFO,07/01/2020,09:32:16,205,205.05,4000,205.85,4000,0,168000
ADANIENT-II.NFO,07/01/2020,09:32:22,205,205.15,4000,205.85,4000,0,168000
ADANIENT-II.NFO,07/01/2020,09:32:29,205,205.05,4000,205.75,4000,0,168000
ADANIENT-II.NFO,07/01/2020,09:32:40,205,205.1,4000,205.85,8000,0,168000
ADANIENT-II.NFO,07/01/2020,09:32:46,205,205.1,4000,205.75,4000,0,168000
ADANIENT-II.NFO,07/01/2020,09:32:53,205,205.1,4000,205.9,20000,0,168000
ADANIENT-II.NFO,07/01/2020,09:32:58,205,205.15,4000,205.8,8000,0,168000
ADANIENT-II.NFO,07/01/2020,09:33:03,205,205.05,4000,205.75,4000,0,168000
ADANIENT-II.NFO,07/01/2020,09:33:09,205,205.1,4000,205.8,8000,0,168000
ADANIENT-II.NFO,07/01/2020,09:33:14,205,205.05,4000,205.8,4000,0,168000
ADANIENT-II.NFO,07/01/2020,09:33:26,205,205.05,4000,205.75,4000,0,168000
ADANIENT-II.NFO,07/01/2020,09:33:37,205,205.2,4000,205.8,4000,0,168000
ADANIENT-II.NFO,07/01/2020,09:33:42,205,205.1,4000,205.8,4000,0,168000
ADANIENT-II.NFO,07/01/2020,09:33:48,205,205.2,4000,205.8,4000,0,168000
ADANIENT-II.NFO,07/01/2020,09:33:53,205,205.2,4000,205.9,8000,0,168000
ADANIENT-II.NFO,07/01/2020,09:34:03,205,205.2,4000,205.8,8000,0,168000
ADANIENT-II.NFO,07/01/2020,09:34:08,205,205.05,4000,205.8,12000,0,168000
ADANIENT-II.NFO,07/01/2020,09:34:13,205,205.1,4000,205.8,8000,0,168000
ADANIENT-II.NFO,07/01/2020,09:34:18,205,205.15,4000,205.8,8000,0,168000
ADANIENT-II.NFO,07/01/2020,09:34:23,205,205.1,4000,205.8,8000,0,168000
ADANIENT-II.NFO,07/01/2020,09:34:28,205,205.1,4000,205.8,12000,0,168000
ADANIENT-II.NFO,07/01/2020,09:34:33,205,205,4000,205.6,4000,0,168000
ADANIENT-II.NFO,07/01/2020,09:34:39,205,205,4000,205.45,4000,0,168000
ADANIENT-II.NFO,07/01/2020,09:34:44,205,205,4000,205.55,4000,0,168000
ADANIENT-II.NFO,07/01/2020,09:34:53,205,205.05,4000,205.7,4000,0,168000
ADANIENT-II.NFO,07/01/2020,09:34:58,205,205.05,4000,205.6,4000,0,168000
ADANIENT-II.NFO,07/01/2020,09:35:03,205,205.15,4000,205.85,12000,0,168000
ADANIENT-II.NFO,07/01/2020,09:35:08,205,205.1,4000,205.85,12000,0,168000
ADANIENT-II.NFO,07/01/2020,09:35:13,205,205.15,4000,205.85,12000,0,168000
ADANIENT-II.NFO,07/01/2020,09:35:18,205,205.05,4000,205.75,4000,0,168000
ADANIENT-II.NFO,07/01/2020,09:35:23,205,205.05,4000,205.65,4000,0,168000
ADANIENT-II.NFO,07/01/2020,09:35:29,205,205.05,4000,205.6,4000,0,168000
ADANIENT-II.NFO,07/01/2020,09:35:34,205,205,4000,205.6,4000,0,168000
ADANIENT-II.NFO,07/01/2020,09:35:40,205,205,4000,205.5,4000,0,168000
ADANIENT-II.NFO,07/01/2020,09:35:48,205,205,4000,205.4,4000,0,168000
ADANIENT-II.NFO,07/01/2020,09:35:54,205,205.05,4000,205.6,4000,0,168000
ADANIENT-II.NFO,07/01/2020,09:36:01,205,205.05,4000,205.65,12000,0,168000
ADANIENT-II.NFO,07/01/2020,09:36:07,205,205.05,4000,205.6,4000,0,168000
ADANIENT-II.NFO,07/01/2020,09:36:12,205,205.05,4000,205.75,16000,0,168000
ADANIENT-II.NFO,07/01/2020,09:36:18,205,205.05,4000,205.65,4000,0,168000
ADANIENT-II.NFO,07/01/2020,09:36:24,205,205.05,4000,205.65,8000,0,168000
ADANIENT-II.NFO,07/01/2020,09:36:30,205,205.05,4000,205.6,4000,0,168000
ADANIENT-II.NFO,07/01/2020,09:36:35,205,205.05,4000,205.5,4000,0,168000
ADANIENT-II.NFO,07/01/2020,09:37:10,205,205,4000,205.45,4000,0,168000
ADANIENT-II.NFO,07/01/2020,09:37:19,205,205,4000,205.4,4000,0,168000
ADANIENT-II.NFO,07/01/2020,09:37:24,205,205,4000,205.4,8000,0,168000
ADANIENT-II.NFO,07/01/2020,09:37:53,205,205,4000,205.4,4000,0,168000
ADANIENT-II.NFO,07/01/2020,09:38:03,205,205.05,4000,205.5,4000,0,168000
ADANIENT-II.NFO,07/01/2020,09:39:24,205,205.15,4000,205.5,4000,0,168000
ADANIENT-II.NFO,07/01/2020,09:39:35,205.5,205.15,4000,205.85,4000,4000,164000
ADANIENT-II.NFO,07/01/2020,09:39:40,205.5,205.05,4000,205.7,4000,0,164000
ADANIENT-II.NFO,07/01/2020,09:39:44,205.5,205.05,4000,205.6,4000,0,164000
ADANIENT-II.NFO,07/01/2020,09:39:54,205.5,205.05,4000,205.7,4000,0,164000
ADANIENT-II.NFO,07/01/2020,09:40:03,205.5,205.05,4000,205.6,4000,0,164000
ADANIENT-II.NFO,07/01/2020,09:40:20,205.5,205,4000,205.6,4000,0,164000
ADANIENT-II.NFO,07/01/2020,09:40:31,205.5,204.75,4000,205.6,4000,0,164000
ADANIENT-II.NFO,07/01/2020,09:40:36,205.5,204.7,4000,205.5,4000,0,164000
ADANIENT-II.NFO,07/01/2020,09:40:46,205.5,204.85,4000,205.65,12000,0,164000
ADANIENT-II.NFO,07/01/2020,09:40:55,205.5,205.1,4000,205.65,12000,0,164000
ADANIENT-II.NFO,07/01/2020,09:42:01,205.5,204.75,4000,205.65,12000,0,164000
ADANIENT-II.NFO,07/01/2020,09:42:08,205.5,204.55,8000,205.4,4000,0,164000
ADANIENT-II.NFO,07/01/2020,09:42:15,205.5,204.75,4000,205.55,4000,0,164000
ADANIENT-II.NFO,07/01/2020,09:42:21,205.5,204.7,4000,205.5,4000,0,164000
ADANIENT-II.NFO,07/01/2020,09:42:28,205.5,204.85,4000,205.5,4000,0,164000
ADANIENT-II.NFO,07/01/2020,09:42:48,205.5,204.75,8000,205.45,4000,0,164000
ADANIENT-II.NFO,07/01/2020,09:42:54,205.5,204.75,8000,205.55,4000,0,164000
ADANIENT-II.NFO,07/01/2020,09:43:00,205.5,204.75,8000,205.5,4000,0,164000
ADANIENT-II.NFO,07/01/2020,09:43:06,205.5,204.75,8000,205.55,4000,0,164000
ADANIENT-II.NFO,07/01/2020,09:43:12,205.5,204.8,4000,205.4,4000,0,164000
ADANIENT-II.NFO,07/01/2020,09:43:17,205.5,204.75,4000,205.5,4000,0,164000
ADANIENT-II.NFO,07/01/2020,09:43:22,205.5,204.65,4000,205.45,4000,0,164000
ADANIENT-II.NFO,07/01/2020,09:43:27,205.5,204.7,4000,205.45,4000,0,164000
ADANIENT-II.NFO,07/01/2020,09:43:33,205.5,204.75,4000,205.4,8000,0,164000
ADANIENT-II.NFO,07/01/2020,09:43:52,205.5,204.7,4000,205.4,12000,0,164000
ADANIENT-II.NFO,07/01/2020,09:43:57,205.5,204.6,4000,205.4,8000,0,164000
ADANIENT-II.NFO,07/01/2020,09:44:02,205.5,204.85,4000,205.4,8000,0,164000
ADANIENT-II.NFO,07/01/2020,09:44:08,205.5,204.6,4000,205.4,8000,0,164000
ADANIENT-II.NFO,07/01/2020,09:44:13,205.5,204.7,4000,205.4,8000,0,164000
ADANIENT-II.NFO,07/01/2020,09:44:24,205.5,204.75,4000,205.4,8000,0,164000
ADANIENT-II.NFO,07/01/2020,09:44:29,205.5,204.7,4000,205.4,8000,0,164000
ADANIENT-II.NFO,07/01/2020,09:44:34,205.5,204.7,4000,205.45,4000,0,164000
ADANIENT-II.NFO,07/01/2020,09:44:46,205.5,204.55,4000,205.15,4000,0,164000
ADANIENT-II.NFO,07/01/2020,09:44:51,205.5,204.55,4000,205.25,4000,0,164000
ADANIENT-II.NFO,07/01/2020,09:44:57,205.5,204.2,4000,205,4000,0,164000
ADANIENT-II.NFO,07/01/2020,09:45:02,205.5,204.35,4000,205.5,8000,0,164000
ADANIENT-II.NFO,07/01/2020,09:45:08,205.5,204.45,4000,205.4,4000,0,164000
ADANIENT-II.NFO,07/01/2020,09:45:14,205.5,204.55,8000,205.55,8000,0,164000
ADANIENT-II.NFO,07/01/2020,09:45:20,205.5,204.55,8000,205.45,4000,0,164000
ADANIENT-II.NFO,07/01/2020,09:45:26,205.5,204.55,8000,205.55,8000,0,164000
ADANIENT-II.NFO,07/01/2020,09:45:31,205.5,204.7,4000,205.45,8000,0,164000
ADANIENT-II.NFO,07/01/2020,09:45:36,205.5,204.7,4000,205.3,4000,0,164000
ADANIENT-II.NFO,07/01/2020,09:45:41,205.5,204.8,4000,205.5,12000,0,164000
ADANIENT-II.NFO,07/01/2020,09:45:45,205.5,204.8,4000,205.35,4000,0,164000
ADANIENT-II.NFO,07/01/2020,09:46:13,205.5,204.8,4000,205.45,8000,0,164000
ADANIENT-II.NFO,07/01/2020,09:46:18,205.5,204.75,4000,205.45,8000,0,164000
ADANIENT-II.NFO,07/01/2020,09:46:28,205.5,204.8,4000,205.45,12000,0,164000
ADANIENT-II.NFO,07/01/2020,09:46:39,205.5,204.8,4000,205.3,4000,0,164000
ADANIENT-II.NFO,07/01/2020,09:46:45,205.5,204.45,4000,205.3,4000,0,164000
ADANIENT-II.NFO,07/01/2020,09:46:54,205.5,204.65,4000,205.25,4000,0,164000
ADANIENT-II.NFO,07/01/2020,09:47:02,205.5,204.75,4000,205.3,4000,0,164000
ADANIENT-II.NFO,07/01/2020,09:47:07,205.5,204.75,4000,205.2,4000,0,164000
ADANIENT-II.NFO,07/01/2020,09:47:16,205.5,204.6,4000,205.25,4000,0,164000
ADANIENT-II.NFO,07/01/2020,09:47:20,205.5,204.7,4000,205.2,4000,0,164000
ADANIENT-II.NFO,07/01/2020,09:47:24,205.5,204.6,4000,205.2,4000,0,164000
ADANIENT-II.NFO,07/01/2020,09:47:29,205.5,204.75,4000,205.2,4000,0,164000
ADANIENT-II.NFO,07/01/2020,09:47:42,205.5,204.6,4000,205.4,4000,0,164000
ADANIENT-II.NFO,07/01/2020,09:47:47,205.5,204.8,4000,205.35,4000,0,164000
ADANIENT-II.NFO,07/01/2020,09:48:01,205.5,204.85,4000,205.4,4000,0,164000
ADANIENT-II.NFO,07/01/2020,09:48:05,205.5,204.95,4000,205.45,4000,0,164000
ADANIENT-II.NFO,07/01/2020,09:48:13,205.5,205.05,4000,205.6,4000,0,164000
ADANIENT-II.NFO,07/01/2020,09:48:17,205.5,204.8,8000,205.5,4000,0,164000
ADANIENT-II.NFO,07/01/2020,09:48:26,205.5,204.8,8000,205.65,4000,0,164000
ADANIENT-II.NFO,07/01/2020,09:48:30,205.5,205.05,4000,205.6,4000,0,164000
ADANIENT-II.NFO,07/01/2020,09:48:34,205.5,205,4000,205.5,4000,0,164000
ADANIENT-II.NFO,07/01/2020,09:48:39,205.5,204.9,4000,205.45,4000,0,164000
ADANIENT-II.NFO,07/01/2020,09:48:51,205.5,204.95,4000,205.45,4000,0,164000
ADANIENT-II.NFO,07/01/2020,09:49:30,205.5,204.9,4000,205.45,4000,0,164000
ADANIENT-II.NFO,07/01/2020,09:49:41,205.5,204.8,4000,205.45,4000,0,164000
ADANIENT-II.NFO,07/01/2020,09:49:49,205.5,204.9,4000,205.45,4000,0,164000
ADANIENT-II.NFO,07/01/2020,09:49:52,205.5,204.75,4000,205.45,4000,0,164000
ADANIENT-II.NFO,07/01/2020,09:49:55,205.5,204.85,4000,205.55,8000,0,164000
ADANIENT-II.NFO,07/01/2020,09:49:58,205.5,204.95,4000,205.55,8000,0,164000
ADANIENT-II.NFO,07/01/2020,09:50:01,205.5,204.85,4000,205.55,8000,0,164000
ADANIENT-II.NFO,07/01/2020,09:50:05,205.5,204.95,4000,205.55,8000,0,164000
ADANIENT-II.NFO,07/01/2020,09:50:13,205.5,204.95,4000,205.55,12000,0,164000
ADANIENT-II.NFO,07/01/2020,09:50:17,205.5,204.8,4000,205.45,4000,0,164000
ADANIENT-II.NFO,07/01/2020,09:50:21,205.5,204.85,4000,205.5,4000,0,164000
ADANIENT-II.NFO,07/01/2020,09:50:31,205.5,204.75,4000,205.5,4000,0,164000
ADANIENT-II.NFO,07/01/2020,09:50:35,205.5,204.9,4000,205.5,4000,0,164000
ADANIENT-II.NFO,07/01/2020,09:50:45,205.5,204.7,4000,205.5,4000,0,164000
ADANIENT-II.NFO,07/01/2020,09:50:49,205.5,204.65,4000,205.5,4000,0,164000
ADANIENT-II.NFO,07/01/2020,09:50:58,205.5,204.75,4000,205.5,4000,0,164000
ADANIENT-II.NFO,07/01/2020,09:51:03,205.5,204.75,4000,205.4,4000,0,164000
ADANIENT-II.NFO,07/01/2020,09:51:07,205.5,204.7,4000,205.35,4000,0,164000
ADANIENT-II.NFO,07/01/2020,09:51:11,205.5,204.6,8000,205.25,4000,0,164000
ADANIENT-II.NFO,07/01/2020,09:51:16,205.5,204.6,8000,205.35,4000,0,164000
ADANIENT-II.NFO,07/01/2020,09:51:25,205.5,204.6,8000,205.5,4000,0,164000
ADANIENT-II.NFO,07/01/2020,09:51:29,205.5,204.7,8000,205.5,4000,0,164000
ADANIENT-II.NFO,07/01/2020,09:51:34,205.5,204.9,4000,205.7,4000,0,164000
ADANIENT-II.NFO,07/01/2020,09:51:38,205.5,204.9,4000,205.65,4000,0,164000
ADANIENT-II.NFO,07/01/2020,09:51:42,205.5,204.9,4000,205.7,4000,0,164000
ADANIENT-II.NFO,07/01/2020,09:51:46,205.5,205,4000,205.75,4000,0,164000
ADANIENT-II.NFO,07/01/2020,09:51:49,205.5,205.1,4000,205.8,4000,0,164000
ADANIENT-II.NFO,07/01/2020,09:51:53,205.5,204.9,4000,205.8,4000,0,164000
ADANIENT-II.NFO,07/01/2020,09:52:05,205.5,205.1,4000,205.75,4000,0,164000
ADANIENT-II.NFO,07/01/2020,09:52:09,205.5,205,4000,205.75,4000,0,164000
ADANIENT-II.NFO,07/01/2020,09:52:14,205.5,204.95,4000,205.75,4000,0,164000
ADANIENT-II.NFO,07/01/2020,09:52:23,205.5,204.9,4000,205.7,4000,0,164000
ADANIENT-II.NFO,07/01/2020,09:52:28,205.5,204.8,8000,205.65,4000,0,164000
ADANIENT-II.NFO,07/01/2020,09:52:33,205.5,204.95,4000,205.6,4000,0,164000
ADANIENT-II.NFO,07/01/2020,09:52:38,205.5,205.05,4000,205.85,4000,0,164000
ADANIENT-II.NFO,07/01/2020,09:52:42,205.5,205,4000,205.8,12000,0,164000
ADANIENT-II.NFO,07/01/2020,09:52:47,205.5,204.85,4000,205.75,4000,0,164000
ADANIENT-II.NFO,07/01/2020,09:52:51,205.5,205,4000,205.75,4000,0,164000
ADANIENT-II.NFO,07/01/2020,09:52:55,205.5,205.15,4000,205.8,4000,0,164000
ADANIENT-II.NFO,07/01/2020,09:52:59,205.5,205.05,4000,205.75,4000,0,164000
ADANIENT-II.NFO,07/01/2020,09:53:02,205.5,205.2,4000,205.9,4000,0,164000
ADANIENT-II.NFO,07/01/2020,09:53:08,205.5,205.25,4000,206,4000,0,164000
ADANIENT-II.NFO,07/01/2020,09:53:14,205.5,205.5,4000,206,4000,0,164000
ADANIENT-II.NFO,07/01/2020,09:53:23,205.5,205.35,4000,205.95,4000,0,164000
ADANIENT-II.NFO,07/01/2020,09:53:36,205.5,205.3,4000,205.95,4000,0,164000
ADANIENT-II.NFO,07/01/2020,09:53:40,205.5,205.35,4000,205.95,4000,0,164000
ADANIENT-II.NFO,07/01/2020,09:53:44,205.5,205.6,4000,206,4000,0,164000
ADANIENT-II.NFO,07/01/2020,09:53:49,205.5,205.7,4000,206,4000,0,164000
ADANIENT-II.NFO,07/01/2020,09:53:54,205.5,205.6,4000,206,4000,0,164000
ADANIENT-II.NFO,07/01/2020,09:53:58,205.5,205.65,4000,206,4000,0,164000
ADANIENT-II.NFO,07/01/2020,09:54:03,206,205.65,4000,206.45,4000,4000,164000
ADANIENT-II.NFO,07/01/2020,09:54:09,206,205.95,4000,206.55,8000,0,164000
ADANIENT-II.NFO,07/01/2020,09:54:18,206,206,4000,206.55,8000,0,164000
ADANIENT-II.NFO,07/01/2020,09:54:32,206,205.95,4000,206.55,8000,0,164000
ADANIENT-II.NFO,07/01/2020,09:54:41,206,205.85,4000,206.55,8000,0,164000
ADANIENT-II.NFO,07/01/2020,09:54:46,206,206.15,4000,206.7,4000,0,164000
ADANIENT-II.NFO,07/01/2020,09:54:50,206,205.85,4000,206.7,4000,0,164000
ADANIENT-II.NFO,07/01/2020,09:54:54,206,206.1,4000,206.6,4000,0,164000
ADANIENT-II.NFO,07/01/2020,09:54:58,206,206.15,4000,206.7,4000,0,164000
ADANIENT-II.NFO,07/01/2020,09:55:02,206,206.2,4000,206.7,4000,0,164000
ADANIENT-II.NFO,07/01/2020,09:55:07,206,206.15,4000,206.7,4000,0,164000
ADANIENT-II.NFO,07/01/2020,09:55:12,206,206.1,4000,206.7,4000,0,164000
ADANIENT-II.NFO,07/01/2020,09:55:17,206,205.95,4000,206.7,4000,0,164000
ADANIENT-II.NFO,07/01/2020,09:55:22,206,206,4000,206.7,4000,0,164000
ADANIENT-II.NFO,07/01/2020,09:55:26,206,205.65,8000,206.4,8000,0,164000
ADANIENT-II.NFO,07/01/2020,09:55:31,206,205.8,4000,206.4,8000,0,164000
ADANIENT-II.NFO,07/01/2020,09:55:34,206,205.85,4000,206.4,8000,0,164000
ADANIENT-II.NFO,07/01/2020,09:55:39,206,205.85,4000,206.55,4000,0,164000
ADANIENT-II.NFO,07/01/2020,09:55:44,206,205.95,4000,206.55,4000,0,164000
ADANIENT-II.NFO,07/01/2020,09:55:48,206,205.85,4000,206.55,4000,0,164000
ADANIENT-II.NFO,07/01/2020,09:55:51,206,205.8,4000,206.45,4000,0,164000
ADANIENT-II.NFO,07/01/2020,09:55:55,206,205.75,4000,206.45,4000,0,164000
ADANIENT-II.NFO,07/01/2020,09:55:58,206,205.8,4000,206.45,4000,0,164000
ADANIENT-II.NFO,07/01/2020,09:56:06,206,205.75,4000,206.45,4000,0,164000
ADANIENT-II.NFO,07/01/2020,09:56:17,206,205.65,4000,206.35,4000,0,164000
ADANIENT-II.NFO,07/01/2020,09:56:27,206,205.65,8000,206.4,4000,0,164000
ADANIENT-II.NFO,07/01/2020,09:56:35,206,205.65,8000,206.3,4000,0,164000
ADANIENT-II.NFO,07/01/2020,09:56:44,206,205.65,8000,206.35,4000,0,164000
ADANIENT-II.NFO,07/01/2020,09:56:48,206,205.65,8000,206.3,4000,0,164000
ADANIENT-II.NFO,07/01/2020,09:56:53,206,205.6,4000,206.25,4000,0,164000
ADANIENT-II.NFO,07/01/2020,09:56:57,206,205.65,4000,206.25,4000,0,164000
ADANIENT-II.NFO,07/01/2020,09:57:01,206,205.7,4000,206.3,4000,0,164000
ADANIENT-II.NFO,07/01/2020,09:57:06,206,205.5,8000,206.3,4000,0,164000
ADANIENT-II.NFO,07/01/2020,09:57:10,206,205.55,4000,206.3,4000,0,164000
ADANIENT-II.NFO,07/01/2020,09:57:15,206,205.65,4000,206.3,4000,0,164000
ADANIENT-II.NFO,07/01/2020,09:57:19,206,205.45,4000,206.2,4000,0,164000
ADANIENT-II.NFO,07/01/2020,09:57:23,206,205.7,4000,206.15,4000,0,164000
ADANIENT-II.NFO,07/01/2020,09:57:27,206,205.6,4000,206.2,4000,0,164000
ADANIENT-II.NFO,07/01/2020,09:57:49,206,205.5,4000,206.15,4000,0,164000
ADANIENT-II.NFO,07/01/2020,09:57:56,206,205.6,4000,206.15,4000,0,164000
ADANIENT-II.NFO,07/01/2020,09:58:02,206,205.6,4000,206.1,4000,0,164000
ADANIENT-II.NFO,07/01/2020,09:58:06,206,205.6,4000,206.15,4000,0,164000
ADANIENT-II.NFO,07/01/2020,09:58:13,206,205.7,4000,206.2,4000,0,164000
ADANIENT-II.NFO,07/01/2020,09:58:20,206,205.6,4000,206.15,4000,0,164000
ADANIENT-II.NFO,07/01/2020,09:58:24,206,205.7,4000,206.25,4000,0,164000
ADANIENT-II.NFO,07/01/2020,09:58:29,206,205.6,4000,206.2,4000,0,164000
ADANIENT-II.NFO,07/01/2020,09:58:38,206,205.45,8000,206.1,4000,0,164000
ADANIENT-II.NFO,07/01/2020,09:58:42,206,205.65,4000,206.25,4000,0,164000
ADANIENT-II.NFO,07/01/2020,09:58:59,206,205.55,4000,206.15,4000,0,164000
ADANIENT-II.NFO,07/01/2020,09:59:03,206,205.6,4000,206.25,4000,0,164000
ADANIENT-II.NFO,07/01/2020,09:59:08,206,205.7,4000,206.2,4000,0,164000
ADANIENT-II.NFO,07/01/2020,09:59:14,206,205.7,4000,206.15,4000,0,164000
ADANIENT-II.NFO,07/01/2020,09:59:18,206,205.55,8000,206.1,4000,0,164000
ADANIENT-II.NFO,07/01/2020,09:59:42,206,205.55,8000,206.15,4000,0,164000
ADANIENT-II.NFO,07/01/2020,09:59:59,206,205.55,8000,206.25,4000,0,164000
ADANIENT-II.NFO,07/01/2020,10:00:07,206,205.55,8000,206.15,4000,0,164000
ADANIENT-II.NFO,07/01/2020,10:00:17,206,205.55,8000,206.2,4000,0,164000
ADANIENT-II.NFO,07/01/2020,10:00:22,206,205.55,4000,206.15,4000,0,164000
ADANIENT-II.NFO,07/01/2020,10:00:26,206,205.45,4000,206.15,4000,0,164000
ADANIENT-II.NFO,07/01/2020,10:00:31,206,205.35,8000,206.05,4000,0,164000
ADANIENT-II.NFO,07/01/2020,10:00:45,206,205.3,4000,205.95,4000,0,164000
ADANIENT-II.NFO,07/01/2020,10:00:57,206,205.35,4000,205.95,4000,0,164000
ADANIENT-II.NFO,07/01/2020,10:01:03,206,205.35,4000,205.85,4000,0,164000
ADANIENT-II.NFO,07/01/2020,10:01:09,206,205.3,4000,205.75,4000,0,164000
ADANIENT-II.NFO,07/01/2020,10:01:14,206,205,4000,205.65,4000,0,164000
ADANIENT-II.NFO,07/01/2020,10:01:20,206,204.95,4000,205.65,4000,0,164000
ADANIENT-II.NFO,07/01/2020,10:01:33,206,205.1,4000,205.85,4000,0,164000
ADANIENT-II.NFO,07/01/2020,10:01:38,206,205.15,4000,205.7,4000,0,164000
ADANIENT-II.NFO,07/01/2020,10:01:45,206,205.2,4000,205.8,4000,0,164000
ADANIENT-II.NFO,07/01/2020,10:01:50,206,205.05,4000,206,4000,0,164000
ADANIENT-II.NFO,07/01/2020,10:01:55,206,205.05,4000,205.8,4000,0,164000
ADANIENT-II.NFO,07/01/2020,10:02:00,206,205.25,4000,205.75,4000,0,164000
ADANIENT-II.NFO,07/01/2020,10:02:05,206,205.15,4000,205.75,4000,0,164000
ADANIENT-II.NFO,07/01/2020,10:02:11,206,205.2,4000,205.75,4000,0,164000
ADANIENT-II.NFO,07/01/2020,10:02:17,206,205.25,4000,205.75,4000,0,164000
ADANIENT-II.NFO,07/01/2020,10:02:22,206,205.35,4000,205.9,4000,0,164000
ADANIENT-II.NFO,07/01/2020,10:02:27,206,205.3,4000,205.9,4000,0,164000
ADANIENT-II.NFO,07/01/2020,10:02:38,206,205.25,4000,205.9,4000,0,164000
ADANIENT-II.NFO,07/01/2020,10:02:42,206,205.3,4000,205.9,4000,0,164000
ADANIENT-II.NFO,07/01/2020,10:02:46,206,205.35,4000,205.95,4000,0,164000
ADANIENT-II.NFO,07/01/2020,10:03:03,206,205.35,4000,205.9,4000,0,164000
ADANIENT-II.NFO,07/01/2020,10:03:07,206,205.35,4000,205.95,4000,0,164000
ADANIENT-II.NFO,07/01/2020,10:03:12,206,205.35,4000,205.85,4000,0,164000
ADANIENT-II.NFO,07/01/2020,10:03:27,206,205.35,4000,205.9,4000,0,164000
ADANIENT-II.NFO,07/01/2020,10:03:37,206,205.3,4000,206,4000,0,164000
ADANIENT-II.NFO,07/01/2020,10:03:42,206,205.25,4000,205.9,4000,0,164000
ADANIENT-II.NFO,07/01/2020,10:03:47,206,205.3,4000,205.9,4000,0,164000
ADANIENT-II.NFO,07/01/2020,10:03:56,206,205.2,4000,205.85,4000,0,164000
ADANIENT-II.NFO,07/01/2020,10:04:00,206,205.1,8000,205.85,4000,0,164000
ADANIENT-II.NFO,07/01/2020,10:04:05,206,205.2,8000,205.85,4000,0,164000
ADANIENT-II.NFO,07/01/2020,10:05:05,206,205.2,8000,205.9,4000,0,164000
ADANIENT-II.NFO,07/01/2020,10:05:09,206,205.55,4000,206.2,4000,0,164000
ADANIENT-II.NFO,07/01/2020,10:05:16,206,205.55,4000,206.35,8000,0,164000
ADANIENT-II.NFO,07/01/2020,10:05:20,206,205.5,4000,205.95,4000,0,164000
ADANIENT-II.NFO,07/01/2020,10:05:26,206,205.45,4000,206.15,4000,0,164000
ADANIENT-II.NFO,07/01/2020,10:05:35,206,205.35,4000,206,4000,0,164000
ADANIENT-II.NFO,07/01/2020,10:05:41,206,205.45,4000,206.05,4000,0,164000
ADANIENT-II.NFO,07/01/2020,10:05:47,206,205.45,4000,206.2,4000,0,164000
ADANIENT-II.NFO,07/01/2020,10:05:53,206,205.55,4000,206.15,4000,0,164000
ADANIENT-II.NFO,07/01/2020,10:05:58,206,205.5,4000,206.1,4000,0,164000
ADANIENT-II.NFO,07/01/2020,10:06:02,206,205.45,8000,206.25,4000,0,164000
ADANIENT-II.NFO,07/01/2020,10:06:25,206,205.45,8000,206.2,4000,0,164000
ADANIENT-II.NFO,07/01/2020,10:06:30,206,205.45,4000,206.2,4000,0,164000
ADANIENT-II.NFO,07/01/2020,10:06:35,206,205.4,4000,206.2,4000,0,164000
ADANIENT-II.NFO,07/01/2020,10:06:40,206,205.3,4000,205.95,4000,0,164000
ADANIENT-II.NFO,07/01/2020,10:06:51,206,205.4,4000,205.95,4000,0,164000
ADANIENT-II.NFO,07/01/2020,10:07:01,206,205.5,4000,206.15,8000,0,164000
ADANIENT-II.NFO,07/01/2020,10:07:06,206,205.4,4000,206.15,8000,0,164000
ADANIENT-II.NFO,07/01/2020,10:07:16,206,205.4,4000,206.05,8000,0,164000
ADANIENT-II.NFO,07/01/2020,10:07:22,206,205.25,4000,206.05,8000,0,164000
ADANIENT-II.NFO,07/01/2020,10:07:27,206,205.45,4000,206.05,8000,0,164000
ADANIENT-II.NFO,07/01/2020,10:07:32,206,205.4,4000,206.05,8000,0,164000
ADANIENT-II.NFO,07/01/2020,10:07:37,206,205.4,4000,206.2,4000,0,164000
ADANIENT-II.NFO,07/01/2020,10:07:42,206,205.35,4000,206.15,4000,0,164000
ADANIENT-II.NFO,07/01/2020,10:07:47,206,205.55,4000,206.15,4000,0,164000
ADANIENT-II.NFO,07/01/2020,10:07:52,206,205.4,4000,205.95,4000,0,164000
ADANIENT-II.NFO,07/01/2020,10:07:58,206,205.4,4000,205.9,4000,0,164000
ADANIENT-II.NFO,07/01/2020,10:08:03,206,205.15,8000,205.85,4000,0,164000
ADANIENT-II.NFO,07/01/2020,10:08:07,206,205.15,8000,205.9,4000,0,164000
ADANIENT-II.NFO,07/01/2020,10:08:16,206,205.15,8000,205.95,4000,0,164000
ADANIENT-II.NFO,07/01/2020,10:08:22,206,205.15,8000,205.9,4000,0,164000
ADANIENT-II.NFO,07/01/2020,10:08:26,206,205.35,4000,205.85,4000,0,164000
ADANIENT-II.NFO,07/01/2020,10:08:31,206,205.25,4000,205.85,4000,0,164000
ADANIENT-II.NFO,07/01/2020,10:08:36,206,205.45,4000,206.05,4000,0,164000
ADANIENT-II.NFO,07/01/2020,10:08:41,206,205.45,4000,205.95,4000,0,164000
ADANIENT-II.NFO,07/01/2020,10:08:46,206,205.45,4000,206,4000,0,164000
ADANIENT-II.NFO,07/01/2020,10:08:54,206,205.5,4000,206.25,4000,0,164000
ADANIENT-II.NFO,07/01/2020,10:08:58,206,205.4,8000,206.2,4000,0,164000
ADANIENT-II.NFO,07/01/2020,10:09:02,206,205.65,4000,206.3,8000,0,164000
ADANIENT-II.NFO,07/01/2020,10:09:07,206,205.6,4000,206.2,8000,0,164000
ADANIENT-II.NFO,07/01/2020,10:09:20,206,205.55,4000,206.2,8000,0,164000
ADANIENT-II.NFO,07/01/2020,10:09:30,206,205.25,8000,206.2,8000,0,164000
ADANIENT-II.NFO,07/01/2020,10:09:34,206,205.55,4000,206.2,8000,0,164000
ADANIENT-II.NFO,07/01/2020,10:09:38,206,205.6,4000,206.2,8000,0,164000
ADANIENT-II.NFO,07/01/2020,10:09:43,206,205.55,4000,206.25,4000,0,164000
ADANIENT-II.NFO,07/01/2020,10:09:47,206,205.65,4000,206.2,4000,0,164000
ADANIENT-II.NFO,07/01/2020,10:09:51,206,205.6,4000,206.2,4000,0,164000
ADANIENT-II.NFO,07/01/2020,10:10:01,206,205.75,4000,206.25,4000,0,164000
ADANIENT-II.NFO,07/01/2020,10:10:06,206,205.7,8000,206.45,4000,0,164000
ADANIENT-II.NFO,07/01/2020,10:10:12,206,205.85,4000,206.5,8000,0,164000
ADANIENT-II.NFO,07/01/2020,10:10:17,206,205.75,4000,206.45,4000,0,164000
ADANIENT-II.NFO,07/01/2020,10:10:21,206,205.7,4000,206.3,4000,0,164000
ADANIENT-II.NFO,07/01/2020,10:10:25,206,205.75,4000,206.3,4000,0,164000
ADANIENT-II.NFO,07/01/2020,10:10:29,206,205.7,4000,206.3,4000,0,164000
ADANIENT-II.NFO,07/01/2020,10:10:33,206,205.75,4000,206.5,4000,0,164000
ADANIENT-II.NFO,07/01/2020,10:10:38,206,205.75,4000,206.45,4000,0,164000
ADANIENT-II.NFO,07/01/2020,10:10:45,206,205.8,4000,206.45,4000,0,164000
ADANIENT-II.NFO,07/01/2020,10:10:48,206,205.7,4000,206.45,4000,0,164000
ADANIENT-II.NFO,07/01/2020,10:10:52,206,205.7,4000,206.4,4000,0,164000
ADANIENT-II.NFO,07/01/2020,10:10:55,206,205.8,4000,206.45,4000,0,164000
ADANIENT-II.NFO,07/01/2020,10:10:58,206,205.75,4000,206.4,4000,0,164000
ADANIENT-II.NFO,07/01/2020,10:11:01,206,205.75,4000,206.45,12000,0,164000
ADANIENT-II.NFO,07/01/2020,10:11:05,206,205.65,4000,206.35,4000,0,164000
ADANIENT-II.NFO,07/01/2020,10:11:09,206,205.7,4000,206.35,4000,0,164000
ADANIENT-II.NFO,07/01/2020,10:11:14,206,205.7,4000,206.3,4000,0,164000
ADANIENT-II.NFO,07/01/2020,10:11:18,206,205.75,4000,206.3,4000,0,164000
ADANIENT-II.NFO,07/01/2020,10:11:37,206,205.85,4000,206.4,4000,0,164000
ADANIENT-II.NFO,07/01/2020,10:11:41,206,205.9,4000,206.45,4000,0,164000
ADANIENT-II.NFO,07/01/2020,10:11:49,206,205.75,8000,206.4,4000,0,164000
ADANIENT-II.NFO,07/01/2020,10:11:53,206,205.75,8000,206.35,4000,0,164000
ADANIENT-II.NFO,07/01/2020,10:12:44,206,205.75,8000,206.25,4000,0,164000
ADANIENT-II.NFO,07/01/2020,10:12:51,206,205.75,8000,206.3,4000,0,164000
ADANIENT-II.NFO,07/01/2020,10:12:55,206,205.75,4000,206.3,4000,0,164000
ADANIENT-II.NFO,07/01/2020,10:12:59,206,205.65,4000,206.3,4000,0,164000
ADANIENT-II.NFO,07/01/2020,10:13:03,206,205.75,4000,206.3,4000,0,164000
ADANIENT-II.NFO,07/01/2020,10:13:16,206,205.7,4000,206.3,4000,0,164000
ADANIENT-II.NFO,07/01/2020,10:13:21,206,205.8,4000,206.45,8000,0,164000
ADANIENT-II.NFO,07/01/2020,10:13:25,206,205.7,4000,206.35,8000,0,164000
ADANIENT-II.NFO,07/01/2020,10:13:28,206,205.75,4000,206.35,8000,0,164000
ADANIENT-II.NFO,07/01/2020,10:13:45,206,205.65,8000,206.35,8000,0,164000
ADANIENT-II.NFO,07/01/2020,10:13:50,206,205.65,8000,206.4,4000,0,164000
ADANIENT-II.NFO,07/01/2020,10:13:56,206,205.65,8000,206.3,4000,0,164000
ADANIENT-II.NFO,07/01/2020,10:14:10,206,205.65,8000,206.35,4000,0,164000
ADANIENT-II.NFO,07/01/2020,10:14:16,206,205.9,4000,206.45,4000,0,164000
ADANIENT-II.NFO,07/01/2020,10:14:31,206,205.8,4000,206.5,8000,0,164000
ADANIENT-II.NFO,07/01/2020,10:14:36,206,205.7,8000,206.5,8000,0,164000
ADANIENT-II.NFO,07/01/2020,10:15:15,206,205.7,4000,206.5,8000,0,164000
ADANIENT-II.NFO,07/01/2020,10:15:20,206,205.75,4000,206.5,8000,0,164000
ADANIENT-II.NFO,07/01/2020,10:15:25,206,205.85,4000,206.5,8000,0,164000
ADANIENT-II.NFO,07/01/2020,10:15:30,206,205.75,4000,206.5,8000,0,164000
ADANIENT-II.NFO,07/01/2020,10:15:35,206,205.75,4000,206.5,12000,0,164000
ADANIENT-II.NFO,07/01/2020,10:15:40,206,205.8,4000,206.5,12000,0,164000
ADANIENT-II.NFO,07/01/2020,10:15:44,206,205.75,4000,206.5,12000,0,164000
ADANIENT-II.NFO,07/01/2020,10:15:50,206,205.7,4000,206.3,4000,0,164000
ADANIENT-II.NFO,07/01/2020,10:16:01,206,205.6,4000,206.35,4000,0,164000
ADANIENT-II.NFO,07/01/2020,10:16:10,206,205.6,4000,206.4,4000,0,164000
ADANIENT-II.NFO,07/01/2020,10:16:21,206,205.65,4000,206.3,4000,0,164000
ADANIENT-II.NFO,07/01/2020,10:16:30,206,205.65,4000,206.35,4000,0,164000
ADANIENT-II.NFO,07/01/2020,10:16:34,206,205.65,4000,206.3,8000,0,164000
ADANIENT-II.NFO,07/01/2020,10:16:51,206,205.7,4000,206.3,8000,0,164000
ADANIENT-II.NFO,07/01/2020,10:17:11,206,205.6,4000,206.3,8000,0,164000
ADANIENT-II.NFO,07/01/2020,10:17:19,206,205.65,4000,206.3,8000,0,164000
ADANIENT-II.NFO,07/01/2020,10:17:31,206,205.7,4000,206.3,8000,0,164000
ADANIENT-II.NFO,07/01/2020,10:17:40,206,205.75,4000,206.3,8000,0,164000
ADANIENT-II.NFO,07/01/2020,10:17:44,206,205.7,4000,206.3,8000,0,164000
ADANIENT-II.NFO,07/01/2020,10:17:48,206,205.75,4000,206.3,8000,0,164000
ADANIENT-II.NFO,07/01/2020,10:18:10,206,205.65,8000,206.3,4000,0,164000
ADANIENT-II.NFO,07/01/2020,10:18:19,206,205.65,8000,206.25,4000,0,164000
ADANIENT-II.NFO,07/01/2020,10:19:01,206,205.6,4000,206.25,4000,0,164000
ADANIENT-II.NFO,07/01/2020,10:19:13,206,205.7,4000,206.25,4000,0,164000
ADANIENT-II.NFO,07/01/2020,10:19:18,206,205.65,4000,206.25,4000,0,164000
ADANIENT-II.NFO,07/01/2020,10:19:28,206,205.7,4000,206.25,4000,0,164000
ADANIENT-II.NFO,07/01/2020,10:19:37,206,205.65,4000,206.25,4000,0,164000
ADANIENT-II.NFO,07/01/2020,10:19:41,206,205.5,4000,206,4000,0,164000
ADANIENT-II.NFO,07/01/2020,10:19:45,206,205.55,4000,206,4000,0,164000
ADANIENT-II.NFO,07/01/2020,10:19:50,206,205.65,4000,206,4000,0,164000
ADANIENT-II.NFO,07/01/2020,10:19:55,206,205.6,4000,206,4000,0,164000
ADANIENT-II.NFO,07/01/2020,10:20:04,206,205.65,4000,206,4000,0,164000
ADANIENT-II.NFO,07/01/2020,10:20:50,206,205.6,4000,206,4000,0,164000
ADANIENT-II.NFO,07/01/2020,10:20:53,206,205.55,4000,206,4000,0,164000
ADANIENT-II.NFO,07/01/2020,10:20:56,206,205.45,4000,205.95,4000,0,164000
ADANIENT-II.NFO,07/01/2020,10:21:11,206,205.5,4000,205.95,4000,0,164000
ADANIENT-II.NFO,07/01/2020,10:21:23,206,205.4,4000,205.95,4000,0,164000
ADANIENT-II.NFO,07/01/2020,10:21:43,206,205.45,4000,205.95,4000,0,164000
ADANIENT-II.NFO,07/01/2020,10:21:55,206,205.4,4000,205.95,4000,0,164000
ADANIENT-II.NFO,07/01/2020,10:22:07,206,205.3,4000,205.95,4000,0,164000
ADANIENT-II.NFO,07/01/2020,10:22:12,206,205.25,4000,205.95,4000,0,164000
ADANIENT-II.NFO,07/01/2020,10:22:21,206,205.2,4000,205.95,4000,0,164000
ADANIENT-II.NFO,07/01/2020,10:22:24,206,205.3,4000,205.95,4000,0,164000
ADANIENT-II.NFO,07/01/2020,10:22:33,206,205.25,4000,205.95,4000,0,164000
ADANIENT-II.NFO,07/01/2020,10:22:37,206,205.3,4000,205.95,4000,0,164000
ADANIENT-II.NFO,07/01/2020,10:22:48,206,205.15,4000,205.75,4000,0,164000
ADANIENT-II.NFO,07/01/2020,10:22:54,206,204.95,4000,205.5,4000,0,164000
ADANIENT-II.NFO,07/01/2020,10:22:59,206,205,4000,205.55,4000,0,164000
ADANIENT-II.NFO,07/01/2020,10:23:04,206,205,4000,205.6,4000,0,164000
ADANIENT-II.NFO,07/01/2020,10:23:09,206,205.05,4000,205.8,4000,0,164000
ADANIENT-II.NFO,07/01/2020,10:23:18,206,205.05,4000,205.75,4000,0,164000
ADANIENT-II.NFO,07/01/2020,10:23:27,206,205.05,4000,205.7,4000,0,164000
ADANIENT-II.NFO,07/01/2020,10:23:32,206,205.1,4000,205.75,4000,0,164000
ADANIENT-II.NFO,07/01/2020,10:23:40,206,205.15,4000,205.65,4000,0,164000
ADANIENT-II.NFO,07/01/2020,10:23:44,206,205.15,4000,205.8,8000,0,164000
ADANIENT-II.NFO,07/01/2020,10:23:48,206,205.05,4000,205.75,4000,0,164000
ADANIENT-II.NFO,07/01/2020,10:23:53,206,205.05,4000,205.7,4000,0,164000
ADANIENT-II.NFO,07/01/2020,10:23:57,206,205.05,4000,205.75,4000,0,164000
ADANIENT-II.NFO,07/01/2020,10:24:01,206,205.05,4000,205.7,4000,0,164000
ADANIENT-II.NFO,07/01/2020,10:24:05,206,205.05,4000,205.75,4000,0,164000
ADANIENT-II.NFO,07/01/2020,10:24:13,206,205.05,4000,205.7,4000,0,164000
ADANIENT-II.NFO,07/01/2020,10:24:17,206,205.05,4000,205.65,4000,0,164000
ADANIENT-II.NFO,07/01/2020,10:24:21,206,205.05,4000,205.6,4000,0,164000
ADANIENT-II.NFO,07/01/2020,10:24:25,206,205.1,4000,205.75,4000,0,164000
ADANIENT-II.NFO,07/01/2020,10:24:45,206,205.1,4000,205.8,4000,0,164000
ADANIENT-II.NFO,07/01/2020,10:24:48,206,205.05,4000,205.7,4000,0,164000
ADANIENT-II.NFO,07/01/2020,10:24:51,206,205.1,4000,205.75,4000,0,164000
ADANIENT-II.NFO,07/01/2020,10:24:54,206,204.95,4000,205.6,4000,0,164000
ADANIENT-II.NFO,07/01/2020,10:24:58,206,205.15,4000,205.7,4000,0,164000
ADANIENT-II.NFO,07/01/2020,10:25:02,206,205.15,4000,205.75,4000,0,164000
ADANIENT-II.NFO,07/01/2020,10:25:07,206,205.1,4000,205.75,4000,0,164000
ADANIENT-II.NFO,07/01/2020,10:25:10,206,205.3,4000,205.95,4000,0,164000
ADANIENT-II.NFO,07/01/2020,10:25:14,206,205.35,4000,205.95,4000,0,164000
ADANIENT-II.NFO,07/01/2020,10:25:18,206,205.3,4000,205.95,4000,0,164000
ADANIENT-II.NFO,07/01/2020,10:25:23,206,205.3,8000,205.95,4000,0,164000
ADANIENT-II.NFO,07/01/2020,10:25:32,206,205.2,4000,205.85,4000,0,164000
ADANIENT-II.NFO,07/01/2020,10:25:38,206,205.2,4000,205.95,8000,0,164000
ADANIENT-II.NFO,07/01/2020,10:25:48,206,205.25,4000,205.95,8000,0,164000
ADANIENT-II.NFO,07/01/2020,10:25:53,206,205.35,4000,205.95,8000,0,164000
ADANIENT-II.NFO,07/01/2020,10:25:57,206,205.3,4000,205.95,8000,0,164000
ADANIENT-II.NFO,07/01/2020,10:26:01,206,205.25,4000,205.95,8000,0,164000
ADANIENT-II.NFO,07/01/2020,10:26:10,206,205.2,8000,205.95,8000,0,164000
ADANIENT-II.NFO,07/01/2020,10:27:06,206,205.45,4000,205.95,4000,0,164000
ADANIENT-II.NFO,07/01/2020,10:27:13,206,205.45,4000,206,4000,0,164000
ADANIENT-II.NFO,07/01/2020,10:27:17,206,205.55,4000,206,4000,0,164000
ADANIENT-II.NFO,07/01/2020,10:27:21,206,205.35,8000,206,4000,0,164000
ADANIENT-II.NFO,07/01/2020,10:27:25,206,205.45,12000,206.25,4000,4000,164000
ADANIENT-II.NFO,07/01/2020,10:27:29,206,205.75,4000,206.25,4000,0,168000
ADANIENT-II.NFO,07/01/2020,10:27:33,206,205.6,4000,206.25,4000,0,168000
ADANIENT-II.NFO,07/01/2020,10:27:39,206,205.65,4000,206.25,4000,0,168000
ADANIENT-II.NFO,07/01/2020,10:27:43,206,205.75,8000,206.3,4000,0,168000
ADANIENT-II.NFO,07/01/2020,10:27:53,206,205.75,8000,206.25,4000,0,168000
ADANIENT-II.NFO,07/01/2020,10:27:57,206,205.75,4000,206.25,4000,0,168000
ADANIENT-II.NFO,07/01/2020,10:28:00,206,205.7,4000,206.25,4000,0,168000
ADANIENT-II.NFO,07/01/2020,10:28:04,206,205.8,4000,206.25,4000,0,168000
ADANIENT-II.NFO,07/01/2020,10:28:11,206.3,206,4000,206.65,4000,4000,168000
ADANIENT-II.NFO,07/01/2020,10:28:11,206.3,206,4000,206.65,4000,0,168000
ADANIENT-II.NFO,07/01/2020,10:28:15,206.3,205.8,4000,206.5,4000,0,168000
ADANIENT-II.NFO,07/01/2020,10:28:19,206.3,205.8,8000,206.45,4000,0,168000
ADANIENT-II.NFO,07/01/2020,10:28:23,206.3,205.65,4000,206.2,4000,0,168000
ADANIENT-II.NFO,07/01/2020,10:28:31,206.3,205.6,4000,206.2,4000,0,168000
ADANIENT-II.NFO,07/01/2020,10:28:35,206.3,205.4,4000,206.05,8000,0,168000
ADANIENT-II.NFO,07/01/2020,10:28:46,206.3,205.25,4000,206.05,12000,0,168000
ADANIENT-II.NFO,07/01/2020,10:28:49,206.3,205.35,4000,206,4000,0,168000
ADANIENT-II.NFO,07/01/2020,10:28:55,206.3,205.35,4000,205.95,4000,0,168000
ADANIENT-II.NFO,07/01/2020,10:28:58,206.3,205.35,4000,206,4000,0,168000
ADANIENT-II.NFO,07/01/2020,10:29:01,206.3,205.25,4000,205.9,4000,0,168000
ADANIENT-II.NFO,07/01/2020,10:29:04,206.3,205.35,4000,206.05,4000,0,168000
ADANIENT-II.NFO,07/01/2020,10:29:07,206.3,205.35,4000,206,4000,0,168000
ADANIENT-II.NFO,07/01/2020,10:29:23,206.3,205.45,4000,206,4000,0,168000
ADANIENT-II.NFO,07/01/2020,10:29:26,206.3,205.4,4000,206,4000,0,168000
ADANIENT-II.NFO,07/01/2020,10:29:30,206.3,205.4,4000,205.9,4000,0,168000
ADANIENT-II.NFO,07/01/2020,10:29:37,206.3,205.3,4000,206,8000,0,168000
ADANIENT-II.NFO,07/01/2020,10:29:41,206.3,205.4,4000,206,8000,0,168000
ADANIENT-II.NFO,07/01/2020,10:30:31,206.3,205.4,4000,205.95,4000,0,168000
ADANIENT-II.NFO,07/01/2020,10:30:39,206.3,205.4,4000,205.85,4000,0,168000
ADANIENT-II.NFO,07/01/2020,10:30:43,206.3,205.4,4000,205.9,4000,0,168000
ADANIENT-II.NFO,07/01/2020,10:30:53,206.3,205.3,4000,205.9,4000,0,168000
ADANIENT-II.NFO,07/01/2020,10:30:56,206.3,205.25,4000,205.8,4000,0,168000
ADANIENT-II.NFO,07/01/2020,10:31:00,206.3,205.25,4000,205.85,4000,0,168000
ADANIENT-II.NFO,07/01/2020,10:31:07,206.3,205.25,4000,205.8,4000,0,168000
ADANIENT-II.NFO,07/01/2020,10:31:10,206.3,205.25,4000,205.85,4000,0,168000
ADANIENT-II.NFO,07/01/2020,10:31:16,206.3,205.25,4000,205.8,4000,0,168000
ADANIENT-II.NFO,07/01/2020,10:31:25,206.3,205.25,4000,205.85,4000,0,168000
ADANIENT-II.NFO,07/01/2020,10:31:45,206.3,205.15,4000,205.9,4000,0,168000
ADANIENT-II.NFO,07/01/2020,10:31:48,206.3,205.25,4000,205.85,4000,0,168000
ADANIENT-II.NFO,07/01/2020,10:32:05,206.3,205.35,4000,205.95,4000,0,168000
ADANIENT-II.NFO,07/01/2020,10:32:09,206.3,205.25,4000,205.85,4000,0,168000
ADANIENT-II.NFO,07/01/2020,10:32:13,206.3,205.4,4000,205.85,4000,0,168000
ADANIENT-II.NFO,07/01/2020,10:32:17,206.3,205.3,4000,205.9,4000,0,168000
ADANIENT-II.NFO,07/01/2020,10:32:27,206.3,205.25,4000,205.9,4000,0,168000
ADANIENT-II.NFO,07/01/2020,10:32:31,206.3,205.2,4000,205.9,4000,0,168000
ADANIENT-II.NFO,07/01/2020,10:32:35,206.3,205.3,4000,205.9,4000,0,168000
ADANIENT-II.NFO,07/01/2020,10:32:46,206.3,205.35,4000,205.9,4000,0,168000
ADANIENT-II.NFO,07/01/2020,10:32:53,206.3,205.25,4000,205.9,4000,0,168000
ADANIENT-II.NFO,07/01/2020,10:32:57,206.3,205.35,4000,206.05,12000,0,168000
ADANIENT-II.NFO,07/01/2020,10:33:04,206.3,205.35,4000,205.85,4000,0,168000
ADANIENT-II.NFO,07/01/2020,10:33:07,206.3,205.35,4000,205.9,4000,0,168000
ADANIENT-II.NFO,07/01/2020,10:33:23,206.3,205.35,4000,206,4000,0,168000
ADANIENT-II.NFO,07/01/2020,10:33:35,206.3,205.25,4000,205.95,4000,0,168000
ADANIENT-II.NFO,07/01/2020,10:33:38,206.3,205.35,4000,205.9,4000,0,168000
ADANIENT-II.NFO,07/01/2020,10:33:41,206.3,205.35,4000,205.95,4000,0,168000
ADANIENT-II.NFO,07/01/2020,10:33:44,206.3,205.35,4000,206,4000,0,168000
ADANIENT-II.NFO,07/01/2020,10:33:47,206.3,205.35,4000,205.9,4000,0,168000
ADANIENT-II.NFO,07/01/2020,10:33:53,206.3,205.35,4000,206.1,4000,0,168000
ADANIENT-II.NFO,07/01/2020,10:33:55,206.3,205.35,4000,206,4000,0,168000
ADANIENT-II.NFO,07/01/2020,10:34:05,206.3,205.25,4000,205.9,4000,0,168000
ADANIENT-II.NFO,07/01/2020,10:34:08,206.3,205.35,4000,205.95,4000,0,168000
ADANIENT-II.NFO,07/01/2020,10:34:13,206.3,205.25,4000,205.95,4000,0,168000
ADANIENT-II.NFO,07/01/2020,10:34:15,206.3,205.35,4000,205.9,4000,0,168000
ADANIENT-II.NFO,07/01/2020,10:34:19,206.3,205.35,4000,205.95,4000,0,168000
ADANIENT-II.NFO,07/01/2020,10:34:21,206.3,205.25,4000,206,4000,0,168000
ADANIENT-II.NFO,07/01/2020,10:34:34,206.3,205.4,4000,206.05,4000,0,168000
ADANIENT-II.NFO,07/01/2020,10:34:36,206.3,205.4,4000,205.95,4000,0,168000
ADANIENT-II.NFO,07/01/2020,10:34:39,206.3,205.4,4000,206,4000,0,168000
ADANIENT-II.NFO,07/01/2020,10:34:54,206.3,205.5,4000,206.15,4000,0,168000
ADANIENT-II.NFO,07/01/2020,10:34:57,206.3,205.55,4000,206.15,4000,0,168000
ADANIENT-II.NFO,07/01/2020,10:35:00,206.3,205.45,4000,206.15,4000,0,168000
ADANIENT-II.NFO,07/01/2020,10:35:02,206.3,205.4,4000,206.25,4000,0,168000
ADANIENT-II.NFO,07/01/2020,10:35:10,206.3,205.4,4000,206.15,4000,0,168000
ADANIENT-II.NFO,07/01/2020,10:35:16,206.3,205.5,4000,206.15,4000,0,168000
ADANIENT-II.NFO,07/01/2020,10:35:18,206.3,205.55,4000,206.15,4000,0,168000
ADANIENT-II.NFO,07/01/2020,10:35:23,206.3,205.5,4000,206.15,4000,0,168000
ADANIENT-II.NFO,07/01/2020,10:35:25,206.3,205.55,4000,206.25,4000,0,168000
ADANIENT-II.NFO,07/01/2020,10:35:28,206.3,205.55,4000,206.2,4000,0,168000
ADANIENT-II.NFO,07/01/2020,10:35:31,206.3,205.4,4000,206.05,4000,0,168000
ADANIENT-II.NFO,07/01/2020,10:35:35,206.3,205.4,4000,205.95,4000,0,168000
ADANIENT-II.NFO,07/01/2020,10:35:39,206.3,205.35,4000,205.95,4000,0,168000
ADANIENT-II.NFO,07/01/2020,10:35:45,206.3,205.3,4000,205.95,4000,0,168000
ADANIENT-II.NFO,07/01/2020,10:35:48,206.3,205.35,4000,205.95,4000,0,168000
ADANIENT-II.NFO,07/01/2020,10:35:52,206.3,205.4,4000,205.95,4000,0,168000
ADANIENT-II.NFO,07/01/2020,10:35:55,206.3,205.35,4000,205.95,4000,0,168000
ADANIENT-II.NFO,07/01/2020,10:36:04,206.3,205.4,4000,205.95,4000,0,168000
ADANIENT-II.NFO,07/01/2020,10:36:07,206.3,205.35,4000,205.95,4000,0,168000
ADANIENT-II.NFO,07/01/2020,10:36:21,206.3,205.4,4000,205.95,4000,0,168000
ADANIENT-II.NFO,07/01/2020,10:36:30,206.3,205.35,4000,205.9,4000,0,168000
ADANIENT-II.NFO,07/01/2020,10:36:32,206.3,205.4,4000,205.95,4000,0,168000
ADANIENT-II.NFO,07/01/2020,10:36:34,206.3,205.4,4000,206.05,4000,0,168000
ADANIENT-II.NFO,07/01/2020,10:36:37,206.3,205.4,4000,205.95,4000,0,168000
ADANIENT-II.NFO,07/01/2020,10:36:40,206.3,205.3,8000,206,8000,0,168000
ADANIENT-II.NFO,07/01/2020,10:37:04,206.3,205.3,8000,206.1,4000,0,168000
ADANIENT-II.NFO,07/01/2020,10:37:14,206.3,205.3,8000,206.05,4000,0,168000
ADANIENT-II.NFO,07/01/2020,10:37:17,206.3,205.3,8000,206.1,4000,0,168000
ADANIENT-II.NFO,07/01/2020,10:37:20,206.3,205.3,8000,206.15,8000,0,168000
ADANIENT-II.NFO,07/01/2020,10:37:40,206.3,205.3,4000,205.95,4000,0,168000
ADANIENT-II.NFO,07/01/2020,10:37:43,206.3,205.3,4000,206,4000,0,168000
ADANIENT-II.NFO,07/01/2020,10:37:46,206.3,205.3,4000,205.95,4000,0,168000
ADANIENT-II.NFO,07/01/2020,10:37:55,206.3,205.3,4000,206,4000,0,168000
ADANIENT-II.NFO,07/01/2020,10:37:59,206.3,205.4,4000,205.95,4000,0,168000
ADANIENT-II.NFO,07/01/2020,10:38:12,206.3,205.4,4000,206.05,4000,0,168000
ADANIENT-II.NFO,07/01/2020,10:38:14,206.3,205.4,4000,206,4000,0,168000
ADANIENT-II.NFO,07/01/2020,10:38:17,206.3,205.3,4000,205.95,4000,0,168000
ADANIENT-II.NFO,07/01/2020,10:38:23,206.3,205.4,4000,206,4000,0,168000
ADANIENT-II.NFO,07/01/2020,10:38:26,206.3,205.3,4000,206,4000,0,168000
ADANIENT-II.NFO,07/01/2020,10:38:33,206.3,205.35,4000,205.9,4000,0,168000
ADANIENT-II.NFO,07/01/2020,10:38:35,206.3,205.4,4000,205.95,4000,0,168000
ADANIENT-II.NFO,07/01/2020,10:38:38,206.3,205.3,4000,205.9,4000,0,168000
ADANIENT-II.NFO,07/01/2020,10:38:40,206.3,205.3,4000,205.85,4000,0,168000
ADANIENT-II.NFO,07/01/2020,10:38:42,206.3,205.15,8000,205.95,4000,0,168000
ADANIENT-II.NFO,07/01/2020,10:38:44,206.3,205.15,8000,205.9,4000,0,168000
ADANIENT-II.NFO,07/01/2020,10:38:47,206.3,205.15,8000,205.85,4000,0,168000
ADANIENT-II.NFO,07/01/2020,10:38:49,206.3,205.15,8000,205.8,4000,0,168000
ADANIENT-II.NFO,07/01/2020,10:39:09,206.3,205.15,8000,205.7,4000,0,168000
ADANIENT-II.NFO,07/01/2020,10:39:16,206.3,205.15,8000,205.9,4000,0,168000
ADANIENT-II.NFO,07/01/2020,10:39:20,206.3,205.15,8000,205.65,4000,0,168000
ADANIENT-II.NFO,07/01/2020,10:39:37,206.3,205,8000,205.7,4000,0,168000
ADANIENT-II.NFO,07/01/2020,10:39:40,206.3,205,8000,205.5,4000,0,168000
ADANIENT-II.NFO,07/01/2020,10:39:46,206.3,205,8000,205.55,4000,0,168000
ADANIENT-II.NFO,07/01/2020,10:39:52,206.3,205,8000,205.6,4000,0,168000
ADANIENT-II.NFO,07/01/2020,10:40:07,206.3,205,8000,205.65,4000,0,168000
ADANIENT-II.NFO,07/01/2020,10:40:11,206.3,205,8000,205.85,4000,0,168000
ADANIENT-II.NFO,07/01/2020,10:40:16,206.3,205,8000,205.8,4000,0,168000
ADANIENT-II.NFO,07/01/2020,10:40:19,206.3,205.2,4000,205.8,4000,0,168000
ADANIENT-II.NFO,07/01/2020,10:40:20,206.3,205,4000,205.8,4000,0,168000
ADANIENT-II.NFO,07/01/2020,10:40:23,206.3,205.2,4000,205.9,4000,0,168000
ADANIENT-II.NFO,07/01/2020,10:40:25,206.3,205.1,4000,205.8,4000,0,168000
ADANIENT-II.NFO,07/01/2020,10:40:31,206.3,205.1,4000,205.75,4000,0,168000
ADANIENT-II.NFO,07/01/2020,10:40:33,206.3,205.2,4000,205.75,4000,0,168000
ADANIENT-II.NFO,07/01/2020,10:40:35,206.3,205.1,4000,205.75,4000,0,168000
ADANIENT-II.NFO,07/01/2020,10:40:37,206.3,205.2,4000,205.75,4000,0,168000
ADANIENT-II.NFO,07/01/2020,10:40:38,206.3,205.1,4000,205.75,4000,0,168000
ADANIENT-II.NFO,07/01/2020,10:40:40,206.3,205.1,4000,205.8,4000,0,168000
ADANIENT-II.NFO,07/01/2020,10:40:43,206.3,205.2,4000,205.85,4000,0,168000
ADANIENT-II.NFO,07/01/2020,10:40:51,206.3,205.1,4000,205.85,4000,0,168000
ADANIENT-II.NFO,07/01/2020,10:40:54,206.3,205.2,4000,205.8,4000,0,168000
ADANIENT-II.NFO,07/01/2020,10:40:56,206.3,205.05,4000,205.85,4000,0,168000
ADANIENT-II.NFO,07/01/2020,10:41:02,206.3,205.25,4000,205.8,4000,0,168000
ADANIENT-II.NFO,07/01/2020,10:41:09,206.3,205.25,4000,205.9,4000,0,168000
ADANIENT-II.NFO,07/01/2020,10:41:17,206.3,205.2,4000,205.8,4000,0,168000
ADANIENT-II.NFO,07/01/2020,10:41:20,206.3,205.15,4000,205.95,4000,0,168000
ADANIENT-II.NFO,07/01/2020,10:41:25,206.3,205.2,4000,205.95,4000,0,168000
ADANIENT-II.NFO,07/01/2020,10:41:33,206.3,205.2,4000,205.85,4000,0,168000
ADANIENT-II.NFO,07/01/2020,10:41:36,206.3,205.25,4000,205.85,4000,0,168000
ADANIENT-II.NFO,07/01/2020,10:42:10,206.3,205.35,4000,205.9,4000,0,168000
ADANIENT-II.NFO,07/01/2020,10:42:21,206.3,205.45,4000,206.05,4000,0,168000
ADANIENT-II.NFO,07/01/2020,10:42:23,206.3,205.4,4000,206.05,4000,0,168000
ADANIENT-II.NFO,07/01/2020,10:42:34,206.3,205.3,4000,205.85,4000,0,168000
ADANIENT-II.NFO,07/01/2020,10:42:38,206.3,205.4,4000,206.05,4000,0,168000
ADANIENT-II.NFO,07/01/2020,10:42:45,206.3,205.4,4000,206,4000,0,168000
ADANIENT-II.NFO,07/01/2020,10:42:50,206.3,205.15,4000,205.75,4000,0,168000
ADANIENT-II.NFO,07/01/2020,10:42:52,206.3,205.25,4000,205.75,4000,0,168000
ADANIENT-II.NFO,07/01/2020,10:42:57,206.3,205.2,4000,205.75,4000,0,168000
ADANIENT-II.NFO,07/01/2020,10:42:59,206.3,205.15,4000,205.75,4000,0,168000
ADANIENT-II.NFO,07/01/2020,10:43:01,206.3,205.25,4000,205.75,4000,0,168000
ADANIENT-II.NFO,07/01/2020,10:43:03,206.3,205.1,4000,205.85,4000,0,168000
ADANIENT-II.NFO,07/01/2020,10:43:12,206.3,205.3,4000,205.85,4000,0,168000
ADANIENT-II.NFO,07/01/2020,10:43:17,206.3,205.2,4000,205.9,4000,0,168000
ADANIENT-II.NFO,07/01/2020,10:43:19,206.3,205.3,4000,205.85,4000,0,168000
ADANIENT-II.NFO,07/01/2020,10:43:25,206.3,205.2,4000,205.9,4000,0,168000
ADANIENT-II.NFO,07/01/2020,10:43:28,206.3,205.2,4000,206,4000,0,168000
ADANIENT-II.NFO,07/01/2020,10:43:34,206.3,205.3,4000,205.85,4000,0,168000
ADANIENT-II.NFO,07/01/2020,10:43:37,206.3,205.3,4000,205.9,4000,0,168000
ADANIENT-II.NFO,07/01/2020,10:43:40,206.3,205.2,4000,205.95,4000,0,168000
ADANIENT-II.NFO,07/01/2020,10:43:44,206.3,205.3,4000,205.95,4000,0,168000
ADANIENT-II.NFO,07/01/2020,10:43:47,206.3,205.3,4000,205.9,4000,0,168000
ADANIENT-II.NFO,07/01/2020,10:43:57,206.3,205.2,4000,205.95,4000,0,168000
ADANIENT-II.NFO,07/01/2020,10:44:07,206.3,205.2,4000,205.85,4000,0,168000
ADANIENT-II.NFO,07/01/2020,10:44:09,206.3,205.3,4000,205.85,4000,0,168000
ADANIENT-II.NFO,07/01/2020,10:44:12,206.3,205.1,4000,205.95,4000,0,168000
ADANIENT-II.NFO,07/01/2020,10:44:17,206.3,205.3,4000,205.9,4000,0,168000
ADANIENT-II.NFO,07/01/2020,10:44:29,206.3,205.3,4000,205.85,4000,0,168000
ADANIENT-II.NFO,07/01/2020,10:44:44,206.3,205.2,4000,205.85,4000,0,168000
ADANIENT-II.NFO,07/01/2020,10:44:50,206.3,205.3,4000,205.9,4000,0,168000
ADANIENT-II.NFO,07/01/2020,10:44:53,206.3,205.3,4000,205.85,4000,0,168000
ADANIENT-II.NFO,07/01/2020,10:44:55,206.3,205.2,4000,205.85,4000,0,168000
ADANIENT-II.NFO,07/01/2020,10:44:57,206.3,205.3,4000,205.85,4000,0,168000
ADANIENT-II.NFO,07/01/2020,10:45:06,206.3,205.15,4000,206,8000,0,168000
ADANIENT-II.NFO,07/01/2020,10:45:14,206.3,205.25,4000,206,8000,0,168000
ADANIENT-II.NFO,07/01/2020,10:46:01,206.3,205.15,4000,206,8000,0,168000
ADANIENT-II.NFO,07/01/2020,10:46:08,206.3,205.25,4000,206,8000,0,168000
ADANIENT-II.NFO,07/01/2020,10:46:46,206.3,205.3,4000,206,8000,0,168000
ADANIENT-II.NFO,07/01/2020,10:46:49,206.3,205.25,4000,206,8000,0,168000
ADANIENT-II.NFO,07/01/2020,10:46:55,206.3,205.35,4000,206,8000,0,168000
ADANIENT-II.NFO,07/01/2020,10:46:57,206.3,205.5,4000,206.05,4000,0,168000
ADANIENT-II.NFO,07/01/2020,10:47:00,206.3,205.45,4000,206.05,4000,0,168000
ADANIENT-II.NFO,07/01/2020,10:47:03,206.3,205.5,4000,206.05,4000,0,168000
ADANIENT-II.NFO,07/01/2020,10:47:05,206.3,205.4,4000,206,4000,0,168000
ADANIENT-II.NFO,07/01/2020,10:47:11,206.3,205.45,4000,206,4000,0,168000
ADANIENT-II.NFO,07/01/2020,10:47:13,206.3,205.5,4000,206,4000,0,168000
ADANIENT-II.NFO,07/01/2020,10:47:17,206.3,205.3,16000,206.3,8000,0,168000
ADANIENT-II.NFO,07/01/2020,10:47:22,206.3,205.4,8000,206.15,4000,0,168000
ADANIENT-II.NFO,07/01/2020,10:47:25,206.3,205.45,4000,206,4000,0,168000
ADANIENT-II.NFO,07/01/2020,10:47:28,206.3,205.5,4000,206.25,8000,0,168000
ADANIENT-II.NFO,07/01/2020,10:47:31,206.3,205.4,4000,206.15,8000,0,168000
ADANIENT-II.NFO,07/01/2020,10:47:38,206.3,205.35,4000,206.15,8000,0,168000
ADANIENT-II.NFO,07/01/2020,10:47:40,206.3,205.4,4000,206.15,8000,0,168000
ADANIENT-II.NFO,07/01/2020,10:47:43,206.3,205.35,4000,206.15,8000,0,168000
ADANIENT-II.NFO,07/01/2020,10:47:49,206.3,205.45,4000,206.15,8000,0,168000
ADANIENT-II.NFO,07/01/2020,10:47:54,206.3,205.4,4000,206.15,8000,0,168000
ADANIENT-II.NFO,07/01/2020,10:47:59,206.3,205.35,4000,206.15,8000,0,168000
ADANIENT-II.NFO,07/01/2020,10:48:08,206.3,205.45,4000,206.15,8000,0,168000
ADANIENT-II.NFO,07/01/2020,10:48:20,206.3,205.35,8000,206.15,8000,0,168000
ADANIENT-II.NFO,07/01/2020,10:49:18,206.3,205.5,4000,206.15,8000,0,168000
ADANIENT-II.NFO,07/01/2020,10:49:25,206.3,205.25,16000,206.15,8000,0,168000
ADANIENT-II.NFO,07/01/2020,10:49:32,206.3,205.5,4000,206.15,8000,0,168000
ADANIENT-II.NFO,07/01/2020,10:49:38,206.3,205.45,4000,206.15,8000,0,168000
ADANIENT-II.NFO,07/01/2020,10:49:41,206.3,205.6,4000,206.15,8000,0,168000
ADANIENT-II.NFO,07/01/2020,10:49:45,206.3,205.5,4000,206.15,8000,0,168000
ADANIENT-II.NFO,07/01/2020,10:49:50,206.3,205.55,4000,206.15,8000,0,168000
ADANIENT-II.NFO,07/01/2020,10:49:54,206.3,205.5,4000,206.15,8000,0,168000
ADANIENT-II.NFO,07/01/2020,10:49:59,206.3,205.55,4000,206.15,8000,0,168000
ADANIENT-II.NFO,07/01/2020,10:50:06,206.3,205.45,4000,206.15,8000,0,168000
ADANIENT-II.NFO,07/01/2020,10:50:17,206.3,205.35,8000,206.05,4000,0,168000
ADANIENT-II.NFO,07/01/2020,10:50:22,206.3,205.35,8000,206,4000,0,168000
ADANIENT-II.NFO,07/01/2020,10:50:27,206.3,205.35,8000,206.05,4000,0,168000
ADANIENT-II.NFO,07/01/2020,10:50:30,206.3,205.35,8000,205.9,4000,0,168000
ADANIENT-II.NFO,07/01/2020,10:50:39,206.3,205.35,8000,205.95,4000,0,168000
ADANIENT-II.NFO,07/01/2020,10:50:50,206.3,205.35,8000,205.9,4000,0,168000
ADANIENT-II.NFO,07/01/2020,10:50:57,206.3,205.25,4000,205.95,4000,0,168000
ADANIENT-II.NFO,07/01/2020,10:51:01,206.3,205.25,4000,205.85,4000,0,168000
ADANIENT-II.NFO,07/01/2020,10:51:05,206.3,205.25,4000,205.8,4000,0,168000
ADANIENT-II.NFO,07/01/2020,10:51:09,206.3,205.3,4000,205.85,4000,0,168000
ADANIENT-II.NFO,07/01/2020,10:51:12,206.3,205.25,4000,205.85,4000,0,168000
ADANIENT-II.NFO,07/01/2020,10:51:22,206.3,205.4,4000,206.05,4000,0,168000
ADANIENT-II.NFO,07/01/2020,10:51:26,206.3,205.35,4000,206.05,4000,0,168000
ADANIENT-II.NFO,07/01/2020,10:51:29,206.3,205.25,4000,206.05,12000,0,168000
ADANIENT-II.NFO,07/01/2020,10:51:33,206.3,205.35,4000,206.05,12000,0,168000
ADANIENT-II.NFO,07/01/2020,10:51:40,206.3,205.3,4000,206.05,12000,0,168000
ADANIENT-II.NFO,07/01/2020,10:51:44,206.3,205.4,4000,206.05,8000,0,168000
ADANIENT-II.NFO,07/01/2020,10:51:48,206.3,205.3,4000,206.05,8000,0,168000
ADANIENT-II.NFO,07/01/2020,10:51:58,206.3,205.35,4000,205.9,4000,0,168000
ADANIENT-II.NFO,07/01/2020,10:52:03,206.3,205.35,4000,205.85,4000,0,168000
ADANIENT-II.NFO,07/01/2020,10:52:08,206.3,205.2,4000,205.85,4000,0,168000
ADANIENT-II.NFO,07/01/2020,10:52:12,206.3,205.3,4000,205.9,8000,0,168000
ADANIENT-II.NFO,07/01/2020,10:52:22,206.3,205.2,4000,205.9,8000,0,168000
ADANIENT-II.NFO,07/01/2020,10:52:27,206.3,205.2,4000,205.75,4000,0,168000
ADANIENT-II.NFO,07/01/2020,10:52:33,206.3,205.2,4000,205.7,4000,0,168000
ADANIENT-II.NFO,07/01/2020,10:52:38,206.3,205.2,4000,205.65,4000,0,168000
ADANIENT-II.NFO,07/01/2020,10:52:42,206.3,205.15,4000,205.65,4000,0,168000
ADANIENT-II.NFO,07/01/2020,10:52:46,206.3,205.2,4000,205.65,4000,0,168000
ADANIENT-II.NFO,07/01/2020,10:52:50,206.3,205.05,8000,205.65,8000,0,168000
ADANIENT-II.NFO,07/01/2020,10:53:17,206.3,204.95,8000,205.5,4000,0,168000
ADANIENT-II.NFO,07/01/2020,10:53:22,206.3,204.95,8000,205.45,4000,0,168000
ADANIENT-II.NFO,07/01/2020,10:53:27,206.3,204.95,8000,205.55,8000,0,168000
ADANIENT-II.NFO,07/01/2020,10:53:54,206.3,204.9,4000,205.45,4000,0,168000
ADANIENT-II.NFO,07/01/2020,10:53:59,206.3,204.9,8000,205.4,4000,0,168000
ADANIENT-II.NFO,07/01/2020,10:54:16,206.3,204.9,8000,205.5,4000,0,168000
ADANIENT-II.NFO,07/01/2020,10:54:21,206.3,204.9,8000,205.55,4000,0,168000
ADANIENT-II.NFO,07/01/2020,10:54:37,206.3,204.9,8000,205.65,4000,0,168000
ADANIENT-II.NFO,07/01/2020,10:54:42,206.3,204.9,8000,205.55,4000,0,168000
ADANIENT-II.NFO,07/01/2020,10:54:47,206.3,205,8000,205.7,4000,0,168000
ADANIENT-II.NFO,07/01/2020,10:54:52,206.3,205,8000,205.75,4000,0,168000
ADANIENT-II.NFO,07/01/2020,10:54:57,206.3,205,8000,205.7,4000,0,168000
ADANIENT-II.NFO,07/01/2020,10:55:11,206.3,205,8000,205.65,4000,0,168000
ADANIENT-II.NFO,07/01/2020,10:55:20,206.3,205,8000,205.7,4000,0,168000
ADANIENT-II.NFO,07/01/2020,10:55:29,206.3,205,8000,205.7,8000,0,168000
ADANIENT-II.NFO,07/01/2020,10:55:35,206.3,205,8000,205.6,4000,0,168000
ADANIENT-II.NFO,07/01/2020,10:55:41,206.3,205,8000,205.65,4000,0,168000
ADANIENT-II.NFO,07/01/2020,10:55:46,206.3,205,8000,205.7,4000,0,168000
ADANIENT-II.NFO,07/01/2020,10:55:59,206.3,205,8000,205.6,4000,0,168000
ADANIENT-II.NFO,07/01/2020,10:56:07,206.3,205,8000,205.65,8000,0,168000
ADANIENT-II.NFO,07/01/2020,10:56:23,206.3,205,8000,205.75,4000,0,168000
ADANIENT-II.NFO,07/01/2020,10:56:46,206.3,205,8000,205.85,4000,0,168000
ADANIENT-II.NFO,07/01/2020,10:56:53,206.3,205,8000,205.75,4000,0,168000
ADANIENT-II.NFO,07/01/2020,10:56:58,206.3,205,8000,205.9,4000,0,168000
ADANIENT-II.NFO,07/01/2020,10:57:02,206.3,205,8000,205.7,4000,0,168000
ADANIENT-II.NFO,07/01/2020,10:57:06,206.3,205,8000,205.65,4000,0,168000
ADANIENT-II.NFO,07/01/2020,10:57:11,206.3,205,4000,205.6,4000,0,168000
ADANIENT-II.NFO,07/01/2020,10:57:17,206.3,204.9,8000,205.7,4000,0,168000
ADANIENT-II.NFO,07/01/2020,10:57:30,206.3,204.9,8000,205.55,4000,0,168000
ADANIENT-II.NFO,07/01/2020,10:57:36,206.3,204.9,8000,205.5,4000,0,168000
ADANIENT-II.NFO,07/01/2020,10:57:41,206.3,204.9,8000,205.4,4000,0,168000
ADANIENT-II.NFO,07/01/2020,10:57:47,206.3,204.9,8000,205.5,4000,0,168000
ADANIENT-II.NFO,07/01/2020,10:57:52,206.3,204.9,8000,205.45,4000,0,168000
ADANIENT-II.NFO,07/01/2020,10:58:00,206.3,204.85,8000,205.3,4000,0,168000
ADANIENT-II.NFO,07/01/2020,10:58:09,206.3,204.8,4000,205.25,4000,0,168000
ADANIENT-II.NFO,07/01/2020,10:58:14,206.3,204.8,4000,205.3,4000,0,168000
ADANIENT-II.NFO,07/01/2020,10:58:18,206.3,204.8,4000,205.25,4000,0,168000
ADANIENT-II.NFO,07/01/2020,10:58:23,206.3,204.55,4000,205.3,8000,0,168000
ADANIENT-II.NFO,07/01/2020,10:58:55,206.3,204.55,4000,205.1,4000,0,168000
ADANIENT-II.NFO,07/01/2020,10:59:05,206.3,204.45,4000,205.1,4000,0,168000
ADANIENT-II.NFO,07/01/2020,10:59:17,206.3,204.4,4000,205,4000,0,168000
ADANIENT-II.NFO,07/01/2020,10:59:22,206.3,204.4,4000,204.95,4000,0,168000
ADANIENT-II.NFO,07/01/2020,10:59:27,206.3,204.35,4000,204.95,4000,0,168000
ADANIENT-II.NFO,07/01/2020,10:59:33,206.3,204.35,4000,205,4000,0,168000
ADANIENT-II.NFO,07/01/2020,10:59:38,206.3,204.35,4000,205.05,4000,0,168000
ADANIENT-II.NFO,07/01/2020,10:59:44,206.3,204.35,4000,205,4000,0,168000
ADANIENT-II.NFO,07/01/2020,10:59:49,206.3,204.35,4000,205.05,4000,0,168000
ADANIENT-II.NFO,07/01/2020,10:59:54,206.3,204.35,4000,205.1,4000,0,168000
ADANIENT-II.NFO,07/01/2020,10:59:59,206.3,204.35,4000,205,4000,0,168000
ADANIENT-II.NFO,07/01/2020,11:00:05,206.3,204.35,4000,204.95,4000,0,168000
ADANIENT-II.NFO,07/01/2020,11:00:11,206.3,204.05,4000,204.8,4000,0,168000
ADANIENT-II.NFO,07/01/2020,11:00:18,206.3,204.05,4000,204.75,4000,0,168000
ADANIENT-II.NFO,07/01/2020,11:00:37,206.3,204.05,4000,204.7,4000,0,168000
ADANIENT-II.NFO,07/01/2020,11:00:56,206.3,204,4000,204.7,12000,0,168000
ADANIENT-II.NFO,07/01/2020,11:01:03,206.3,204.05,4000,204.7,4000,0,168000
ADANIENT-II.NFO,07/01/2020,11:01:45,206.3,204.05,4000,205.05,4000,0,168000
ADANIENT-II.NFO,07/01/2020,11:01:53,206.3,204.15,4000,204.9,4000,0,168000
ADANIENT-II.NFO,07/01/2020,11:02:00,206.3,204.25,4000,205,4000,0,168000
ADANIENT-II.NFO,07/01/2020,11:02:06,206.3,204.25,4000,205.05,4000,0,168000
ADANIENT-II.NFO,07/01/2020,11:02:13,206.3,204.25,4000,204.95,4000,0,168000
ADANIENT-II.NFO,07/01/2020,11:02:25,206.3,204.15,4000,204.95,4000,0,168000
ADANIENT-II.NFO,07/01/2020,11:02:32,206.3,204.15,4000,204.9,4000,0,168000
ADANIENT-II.NFO,07/01/2020,11:02:38,206.3,204.15,4000,204.85,4000,0,168000
ADANIENT-II.NFO,07/01/2020,11:02:44,206.3,204.15,4000,204.95,4000,0,168000
ADANIENT-II.NFO,07/01/2020,11:02:49,206.3,204.15,4000,204.9,4000,0,168000
ADANIENT-II.NFO,07/01/2020,11:02:55,206.3,204.15,4000,204.9,8000,0,168000
ADANIENT-II.NFO,07/01/2020,11:03:29,206.3,204.05,4000,204.9,8000,0,168000
ADANIENT-II.NFO,07/01/2020,11:03:34,206.3,204.15,4000,204.9,8000,0,168000
ADANIENT-II.NFO,07/01/2020,11:03:40,206.3,204.05,4000,204.9,8000,0,168000
ADANIENT-II.NFO,07/01/2020,11:03:46,206.3,204.05,4000,204.9,4000,0,168000
ADANIENT-II.NFO,07/01/2020,11:03:53,206.3,204.15,4000,204.9,4000,0,168000
ADANIENT-II.NFO,07/01/2020,11:04:04,206.3,204.15,4000,204.85,4000,0,168000
ADANIENT-II.NFO,07/01/2020,11:04:22,206.3,204.15,4000,204.9,4000,0,168000
ADANIENT-II.NFO,07/01/2020,11:04:40,206.3,204.15,4000,204.85,4000,0,168000
ADANIENT-II.NFO,07/01/2020,11:04:46,206.3,204.15,4000,204.9,4000,0,168000
ADANIENT-II.NFO,07/01/2020,11:04:51,206.3,204.15,4000,204.85,4000,0,168000
ADANIENT-II.NFO,07/01/2020,11:04:57,206.3,204.05,4000,204.85,4000,0,168000
ADANIENT-II.NFO,07/01/2020,11:05:02,206.3,204.15,4000,204.9,4000,0,168000
ADANIENT-II.NFO,07/01/2020,11:05:08,206.3,204.15,4000,204.85,4000,0,168000
ADANIENT-II.NFO,07/01/2020,11:05:14,206.3,204.05,4000,204.7,4000,0,168000
ADANIENT-II.NFO,07/01/2020,11:05:35,206.3,204.05,4000,204.75,8000,0,168000
ADANIENT-II.NFO,07/01/2020,11:05:40,206.3,204.05,4000,204.5,4000,0,168000
ADANIENT-II.NFO,07/01/2020,11:05:46,204.5,204.1,4000,204.75,8000,4000,172000
ADANIENT-II.NFO,07/01/2020,11:05:51,204.5,204.25,4000,204.9,4000,0,172000
ADANIENT-II.NFO,07/01/2020,11:05:58,204.5,204.05,4000,204.9,4000,0,172000
ADANIENT-II.NFO,07/01/2020,11:06:03,204.5,204.25,4000,205,4000,0,172000
ADANIENT-II.NFO,07/01/2020,11:06:09,204.5,204.2,4000,204.9,4000,0,172000
ADANIENT-II.NFO,07/01/2020,11:06:16,204.5,204.15,4000,204.8,4000,0,172000
ADANIENT-II.NFO,07/01/2020,11:06:23,204.5,204.1,4000,204.75,4000,0,172000
ADANIENT-II.NFO,07/01/2020,11:06:42,204.5,204.15,4000,204.75,4000,0,172000
ADANIENT-II.NFO,07/01/2020,11:06:48,204.5,204.15,4000,204.65,4000,0,172000
ADANIENT-II.NFO,07/01/2020,11:06:54,204.5,204.15,4000,204.75,4000,0,172000
ADANIENT-II.NFO,07/01/2020,11:07:00,204.5,204.2,4000,204.95,8000,0,172000
ADANIENT-II.NFO,07/01/2020,11:07:05,204.5,204.15,4000,204.8,4000,0,172000
ADANIENT-II.NFO,07/01/2020,11:07:10,204.5,204.25,4000,204.8,4000,0,172000
ADANIENT-II.NFO,07/01/2020,11:07:15,204.5,204.15,4000,204.85,4000,0,172000
ADANIENT-II.NFO,07/01/2020,11:07:20,204.5,204.25,4000,204.9,4000,0,172000
ADANIENT-II.NFO,07/01/2020,11:07:25,204.5,204.2,4000,204.85,4000,0,172000
ADANIENT-II.NFO,07/01/2020,11:07:30,204.5,204.2,4000,204.9,4000,0,172000
ADANIENT-II.NFO,07/01/2020,11:07:39,204.5,204.15,4000,204.9,4000,0,172000
ADANIENT-II.NFO,07/01/2020,11:07:44,204.5,204.15,4000,204.8,4000,0,172000
ADANIENT-II.NFO,07/01/2020,11:07:49,204.5,204.1,4000,204.9,4000,0,172000
ADANIENT-II.NFO,07/01/2020,11:07:53,204.5,204.35,4000,204.85,4000,0,172000
ADANIENT-II.NFO,07/01/2020,11:07:57,204.5,204.3,4000,204.85,4000,0,172000
ADANIENT-II.NFO,07/01/2020,11:08:31,204.5,204.15,4000,204.9,4000,0,172000
ADANIENT-II.NFO,07/01/2020,11:08:36,204.5,204.35,4000,204.9,4000,0,172000
ADANIENT-II.NFO,07/01/2020,11:08:42,204.5,204.2,8000,204.85,4000,0,172000
ADANIENT-II.NFO,07/01/2020,11:08:50,204.5,204.2,8000,204.95,4000,0,172000
ADANIENT-II.NFO,07/01/2020,11:08:54,204.5,204.2,8000,204.9,4000,0,172000
ADANIENT-II.NFO,07/01/2020,11:09:00,204.5,204.05,8000,204.65,4000,0,172000
ADANIENT-II.NFO,07/01/2020,11:09:05,204.5,204.05,8000,204.6,4000,0,172000
ADANIENT-II.NFO,07/01/2020,11:09:09,204.5,204.05,8000,204.65,4000,0,172000
ADANIENT-II.NFO,07/01/2020,11:09:14,204.5,204.25,4000,204.9,4000,0,172000
ADANIENT-II.NFO,07/01/2020,11:09:18,204.5,204.35,4000,204.9,4000,0,172000
ADANIENT-II.NFO,07/01/2020,11:09:23,204.5,204.2,4000,204.9,4000,0,172000
ADANIENT-II.NFO,07/01/2020,11:09:32,204.5,204.15,4000,204.9,4000,0,172000
ADANIENT-II.NFO,07/01/2020,11:09:36,204.5,204.25,4000,205,4000,0,172000
ADANIENT-II.NFO,07/01/2020,11:09:40,204.5,204.25,4000,204.9,4000,0,172000
ADANIENT-II.NFO,07/01/2020,11:09:48,204.5,204.2,4000,204.8,4000,0,172000
ADANIENT-II.NFO,07/01/2020,11:09:52,204.5,204.2,4000,204.9,4000,0,172000
ADANIENT-II.NFO,07/01/2020,11:09:59,204.5,204.2,4000,204.8,4000,0,172000
ADANIENT-II.NFO,07/01/2020,11:10:03,204.5,204.2,4000,204.75,4000,0,172000
ADANIENT-II.NFO,07/01/2020,11:10:07,204.5,204.2,4000,204.9,4000,0,172000
ADANIENT-II.NFO,07/01/2020,11:10:12,204.5,204.2,4000,204.7,4000,0,172000
ADANIENT-II.NFO,07/01/2020,11:10:25,204.5,204.2,4000,204.8,4000,0,172000
ADANIENT-II.NFO,07/01/2020,11:10:29,204.5,204.2,4000,204.7,4000,0,172000
ADANIENT-II.NFO,07/01/2020,11:10:41,204.5,204.2,4000,204.9,4000,0,172000
ADANIENT-II.NFO,07/01/2020,11:10:45,204.5,204.2,4000,204.7,4000,0,172000
ADANIENT-II.NFO,07/01/2020,11:10:52,204.5,204.2,4000,204.8,4000,0,172000
ADANIENT-II.NFO,07/01/2020,11:10:59,204.5,204.2,4000,204.7,4000,0,172000
ADANIENT-II.NFO,07/01/2020,11:11:09,204.5,204.2,4000,204.6,4000,0,172000
ADANIENT-II.NFO,07/01/2020,11:11:15,204.5,204.2,4000,204.5,8000,0,172000
ADANIENT-II.NFO,07/01/2020,11:11:48,204.5,204.2,4000,204.3,4000,0,172000
ADANIENT-II.NFO,07/01/2020,11:11:53,204.2,203.65,8000,204.3,4000,4000,176000
ADANIENT-II.NFO,07/01/2020,11:11:59,204.2,203.65,8000,204.3,4000,0,176000
ADANIENT-II.NFO,07/01/2020,11:12:07,204.2,203.65,4000,204.2,4000,0,176000
ADANIENT-II.NFO,07/01/2020,11:12:15,204.2,203.7,4000,204.2,4000,0,176000
ADANIENT-II.NFO,07/01/2020,11:12:21,204.2,203.75,4000,204.25,4000,0,176000
ADANIENT-II.NFO,07/01/2020,11:12:28,204.2,203.7,4000,204.25,4000,0,176000
ADANIENT-II.NFO,07/01/2020,11:12:35,204.2,203.8,4000,204.45,8000,0,176000
ADANIENT-II.NFO,07/01/2020,11:12:46,204.2,203.9,4000,204.45,8000,0,176000
ADANIENT-II.NFO,07/01/2020,11:12:51,204.2,204,4000,204.45,8000,0,176000
ADANIENT-II.NFO,07/01/2020,11:12:55,204.2,203.9,4000,204.5,4000,0,176000
ADANIENT-II.NFO,07/01/2020,11:13:00,204.2,203.75,4000,204.35,4000,0,176000
ADANIENT-II.NFO,07/01/2020,11:13:05,204.2,203.85,4000,204.4,8000,0,176000
ADANIENT-II.NFO,07/01/2020,11:13:11,204.2,203.7,8000,204.4,8000,0,176000
ADANIENT-II.NFO,07/01/2020,11:13:29,204.2,203.7,8000,204.3,4000,0,176000
ADANIENT-II.NFO,07/01/2020,11:13:34,204.2,203.55,8000,204,4000,0,176000
ADANIENT-II.NFO,07/01/2020,11:13:41,204.2,203.35,4000,204,4000,0,176000
ADANIENT-II.NFO,07/01/2020,11:13:47,204.2,203.25,4000,203.9,4000,0,176000
ADANIENT-II.NFO,07/01/2020,11:13:53,204.2,203.2,4000,203.8,4000,0,176000
ADANIENT-II.NFO,07/01/2020,11:14:09,204.2,203.1,8000,203.8,4000,0,176000
ADANIENT-II.NFO,07/01/2020,11:14:15,204.2,203.1,8000,203.7,4000,0,176000
ADANIENT-II.NFO,07/01/2020,11:14:21,204.2,203.1,8000,203.95,4000,0,176000
ADANIENT-II.NFO,07/01/2020,11:14:32,204.2,203.1,8000,203.9,4000,0,176000
ADANIENT-II.NFO,07/01/2020,11:14:46,204.2,203.1,8000,203.95,8000,0,176000
ADANIENT-II.NFO,07/01/2020,11:14:51,204.2,203.25,4000,203.95,8000,0,176000
ADANIENT-II.NFO,07/01/2020,11:14:56,204.2,203.35,4000,203.95,8000,0,176000
ADANIENT-II.NFO,07/01/2020,11:15:02,204.2,203.2,4000,203.85,8000,0,176000
ADANIENT-II.NFO,07/01/2020,11:15:09,204.2,203.3,4000,203.85,8000,0,176000
ADANIENT-II.NFO,07/01/2020,11:15:15,204.2,203.2,4000,203.85,8000,0,176000
ADANIENT-II.NFO,07/01/2020,11:15:20,204.2,202.95,8000,203.8,4000,0,176000
ADANIENT-II.NFO,07/01/2020,11:15:25,204.2,202.95,8000,203.65,4000,0,176000
ADANIENT-II.NFO,07/01/2020,11:15:30,204.2,202.95,8000,203.7,4000,0,176000
ADANIENT-II.NFO,07/01/2020,11:15:39,204.2,202.95,8000,203.65,4000,0,176000
ADANIENT-II.NFO,07/01/2020,11:15:43,204.2,202.95,8000,203.5,4000,0,176000
ADANIENT-II.NFO,07/01/2020,11:15:48,204.2,202.95,8000,203.75,4000,0,176000
ADANIENT-II.NFO,07/01/2020,11:15:53,204.2,202.95,8000,203.65,4000,0,176000
ADANIENT-II.NFO,07/01/2020,11:15:59,204.2,203.1,4000,203.6,4000,0,176000
ADANIENT-II.NFO,07/01/2020,11:16:05,204.2,203.05,8000,203.65,4000,0,176000
ADANIENT-II.NFO,07/01/2020,11:16:11,204.2,202.85,8000,203.45,4000,0,176000
ADANIENT-II.NFO,07/01/2020,11:16:18,204.2,202.85,8000,203.6,4000,0,176000
ADANIENT-II.NFO,07/01/2020,11:16:24,204.2,203.15,4000,203.65,4000,0,176000
ADANIENT-II.NFO,07/01/2020,11:16:30,204.2,203.1,4000,203.65,4000,0,176000
ADANIENT-II.NFO,07/01/2020,11:16:35,204.2,203.15,4000,203.65,4000,0,176000
ADANIENT-II.NFO,07/01/2020,11:16:39,204.2,203.1,4000,203.65,4000,0,176000
ADANIENT-II.NFO,07/01/2020,11:16:44,204.2,203.25,4000,203.85,4000,0,176000
ADANIENT-II.NFO,07/01/2020,11:16:49,204.2,203.25,4000,203.95,8000,0,176000
ADANIENT-II.NFO,07/01/2020,11:16:55,204.2,203.4,4000,203.95,8000,0,176000
ADANIENT-II.NFO,07/01/2020,11:17:01,204.2,203.3,4000,204,4000,0,176000
ADANIENT-II.NFO,07/01/2020,11:17:06,204.2,203.3,4000,203.9,4000,0,176000
ADANIENT-II.NFO,07/01/2020,11:17:11,204.2,203.5,4000,204.15,4000,0,176000
ADANIENT-II.NFO,07/01/2020,11:17:15,204.2,203.6,4000,204.15,4000,0,176000
ADANIENT-II.NFO,07/01/2020,11:17:30,204.2,203.3,4000,204.05,4000,0,176000
ADANIENT-II.NFO,07/01/2020,11:17:35,204.2,203.65,4000,204.2,4000,0,176000
ADANIENT-II.NFO,07/01/2020,11:17:41,204.2,203.55,4000,204.1,4000,0,176000
ADANIENT-II.NFO,07/01/2020,11:17:47,204.2,203.6,4000,204.4,4000,0,176000
ADANIENT-II.NFO,07/01/2020,11:17:52,204.2,203.55,4000,204.2,4000,0,176000
ADANIENT-II.NFO,07/01/2020,11:17:57,204.2,203.45,4000,204.2,4000,0,176000
ADANIENT-II.NFO,07/01/2020,11:18:01,204.2,203.55,4000,204.2,4000,0,176000
ADANIENT-II.NFO,07/01/2020,11:18:07,204.2,203.7,4000,204.2,4000,0,176000
ADANIENT-II.NFO,07/01/2020,11:18:16,204.2,203.4,4000,204.1,4000,0,176000
ADANIENT-II.NFO,07/01/2020,11:18:20,204.2,203.35,4000,203.9,4000,0,176000
ADANIENT-II.NFO,07/01/2020,11:18:25,204.2,203.4,4000,203.9,4000,0,176000
ADANIENT-II.NFO,07/01/2020,11:18:34,204.2,203.4,4000,203.95,4000,0,176000
ADANIENT-II.NFO,07/01/2020,11:18:41,204.2,203.25,8000,203.9,4000,0,176000
ADANIENT-II.NFO,07/01/2020,11:18:47,204.2,203.4,4000,204.05,4000,0,176000
ADANIENT-II.NFO,07/01/2020,11:18:52,204.2,203.35,4000,203.95,4000,0,176000
ADANIENT-II.NFO,07/01/2020,11:18:58,204.2,203.25,8000,204.05,4000,0,176000
ADANIENT-II.NFO,07/01/2020,11:19:03,204.2,203.45,4000,204.15,8000,0,176000
ADANIENT-II.NFO,07/01/2020,11:19:09,204.2,203.35,4000,204.15,8000,0,176000
ADANIENT-II.NFO,07/01/2020,11:19:15,204.2,203.35,4000,204,4000,0,176000
ADANIENT-II.NFO,07/01/2020,11:19:23,204.2,203.1,4000,203.8,8000,0,176000
ADANIENT-II.NFO,07/01/2020,11:19:32,204.2,203.15,4000,203.8,8000,0,176000
ADANIENT-II.NFO,07/01/2020,11:19:39,204.2,203.2,4000,203.8,8000,0,176000
ADANIENT-II.NFO,07/01/2020,11:19:45,204.2,203.2,4000,203.9,4000,0,176000
ADANIENT-II.NFO,07/01/2020,11:19:51,204.2,203.3,4000,203.9,4000,0,176000
ADANIENT-II.NFO,07/01/2020,11:20:00,204.2,203.35,4000,203.9,4000,0,176000
ADANIENT-II.NFO,07/01/2020,11:20:04,204.2,203.1,4000,203.75,4000,0,176000
ADANIENT-II.NFO,07/01/2020,11:20:10,204.2,203.2,4000,203.7,4000,0,176000
ADANIENT-II.NFO,07/01/2020,11:20:15,204.2,203.25,4000,203.85,4000,0,176000
ADANIENT-II.NFO,07/01/2020,11:20:30,204.2,203.4,4000,203.9,4000,0,176000
ADANIENT-II.NFO,07/01/2020,11:20:51,204.2,203.35,4000,204.15,4000,0,176000
ADANIENT-II.NFO,07/01/2020,11:20:57,204.2,203.3,4000,204.1,4000,0,176000
ADANIENT-II.NFO,07/01/2020,11:21:02,204.2,203.3,4000,203.85,4000,0,176000
ADANIENT-II.NFO,07/01/2020,11:21:07,204.2,203.3,4000,204.05,4000,0,176000
ADANIENT-II.NFO,07/01/2020,11:21:16,204.2,203.4,4000,204.15,4000,0,176000
ADANIENT-II.NFO,07/01/2020,11:21:20,204.2,203.4,4000,203.95,4000,0,176000
ADANIENT-II.NFO,07/01/2020,11:21:24,204.2,203.4,4000,204.05,4000,0,176000
ADANIENT-II.NFO,07/01/2020,11:21:28,204.2,203.25,4000,203.95,4000,0,176000
ADANIENT-II.NFO,07/01/2020,11:21:34,204.2,203.35,4000,203.95,4000,0,176000
ADANIENT-II.NFO,07/01/2020,11:21:40,204.2,203.2,4000,203.85,4000,0,176000
ADANIENT-II.NFO,07/01/2020,11:21:45,204.2,203.35,4000,204.05,4000,0,176000
ADANIENT-II.NFO,07/01/2020,11:21:49,204.2,203.3,4000,204.05,4000,0,176000
ADANIENT-II.NFO,07/01/2020,11:21:53,204.2,203.2,4000,203.95,8000,0,176000
ADANIENT-II.NFO,07/01/2020,11:22:05,204.2,203.3,4000,203.95,8000,0,176000
ADANIENT-II.NFO,07/01/2020,11:22:17,204.2,203.2,4000,203.95,8000,0,176000
ADANIENT-II.NFO,07/01/2020,11:22:25,204.2,203.1,4000,203.95,8000,0,176000
ADANIENT-II.NFO,07/01/2020,11:22:30,204.2,203.45,4000,203.95,8000,0,176000
ADANIENT-II.NFO,07/01/2020,11:22:43,204.2,203.45,4000,204.1,4000,0,176000
ADANIENT-II.NFO,07/01/2020,11:22:47,204.2,203.45,4000,204.05,4000,0,176000
ADANIENT-II.NFO,07/01/2020,11:22:50,204.2,203.35,4000,204,4000,0,176000
ADANIENT-II.NFO,07/01/2020,11:22:54,204.2,203.55,4000,204.15,8000,0,176000
ADANIENT-II.NFO,07/01/2020,11:22:58,204.2,203.45,4000,204.15,8000,0,176000
ADANIENT-II.NFO,07/01/2020,11:23:03,204.2,203.55,4000,204.15,8000,0,176000
ADANIENT-II.NFO,07/01/2020,11:23:08,204.2,203.45,4000,204.15,8000,0,176000
ADANIENT-II.NFO,07/01/2020,11:23:13,204.2,203.4,4000,204,4000,0,176000
ADANIENT-II.NFO,07/01/2020,11:23:18,204.2,203.25,4000,204.1,4000,0,176000
ADANIENT-II.NFO,07/01/2020,11:23:22,204.2,203.4,4000,204,4000,0,176000
ADANIENT-II.NFO,07/01/2020,11:23:26,204.2,203.45,4000,204,4000,0,176000
ADANIENT-II.NFO,07/01/2020,11:23:39,204.2,203.35,4000,204,4000,0,176000
ADANIENT-II.NFO,07/01/2020,11:23:44,204.2,203.45,4000,204,4000,0,176000
ADANIENT-II.NFO,07/01/2020,11:23:48,204.2,203.4,4000,204,4000,0,176000
ADANIENT-II.NFO,07/01/2020,11:23:53,204.2,203.5,4000,204,4000,0,176000
ADANIENT-II.NFO,07/01/2020,11:23:58,204.2,203.5,4000,204.05,4000,0,176000
ADANIENT-II.NFO,07/01/2020,11:24:03,204.2,203.5,4000,204.15,4000,0,176000
ADANIENT-II.NFO,07/01/2020,11:24:09,204.2,203.55,4000,204.2,4000,0,176000
ADANIENT-II.NFO,07/01/2020,11:24:15,204.2,203.6,4000,204.2,4000,0,176000
ADANIENT-II.NFO,07/01/2020,11:24:25,204.2,203.65,4000,204.25,4000,0,176000
ADANIENT-II.NFO,07/01/2020,11:24:29,204.2,203.7,4000,204.15,4000,0,176000
ADANIENT-II.NFO,07/01/2020,11:24:34,204.2,203.75,4000,204.3,4000,0,176000
ADANIENT-II.NFO,07/01/2020,11:24:38,204.2,203.75,4000,204.35,4000,0,176000
ADANIENT-II.NFO,07/01/2020,11:24:42,204.2,203.7,4000,204.35,4000,0,176000
ADANIENT-II.NFO,07/01/2020,11:24:51,204.2,203.7,8000,204.35,4000,0,176000
ADANIENT-II.NFO,07/01/2020,11:25:04,204.2,203.7,8000,204.45,4000,0,176000
ADANIENT-II.NFO,07/01/2020,11:25:09,204.2,203.7,8000,204.35,4000,0,176000
ADANIENT-II.NFO,07/01/2020,11:25:27,204.2,203.7,8000,204.45,4000,0,176000
ADANIENT-II.NFO,07/01/2020,11:25:32,204.2,203.7,8000,204.55,4000,0,176000
ADANIENT-II.NFO,07/01/2020,11:25:37,204.2,203.7,8000,204.65,4000,0,176000
ADANIENT-II.NFO,07/01/2020,11:25:41,204.2,203.7,8000,204.45,4000,0,176000
ADANIENT-II.NFO,07/01/2020,11:26:05,204.2,203.7,8000,204.55,8000,0,176000
ADANIENT-II.NFO,07/01/2020,11:26:26,204.2,203.8,8000,204.55,8000,0,176000
ADANIENT-II.NFO,07/01/2020,11:26:35,204.2,204.1,4000,204.65,4000,0,176000
ADANIENT-II.NFO,07/01/2020,11:26:39,204.2,203.95,4000,204.65,4000,0,176000
ADANIENT-II.NFO,07/01/2020,11:26:44,204.2,203.95,4000,204.6,4000,0,176000
ADANIENT-II.NFO,07/01/2020,11:26:48,204.2,203.75,4000,204.65,4000,0,176000
ADANIENT-II.NFO,07/01/2020,11:26:52,204.2,203.85,4000,204.7,4000,0,176000
ADANIENT-II.NFO,07/01/2020,11:26:56,204.2,204.05,4000,204.7,4000,0,176000
ADANIENT-II.NFO,07/01/2020,11:26:59,204.2,204.05,4000,204.65,4000,0,176000
ADANIENT-II.NFO,07/01/2020,11:27:34,204.2,204,4000,204.65,4000,0,176000
ADANIENT-II.NFO,07/01/2020,11:27:37,204.2,204.1,4000,204.65,4000,0,176000
ADANIENT-II.NFO,07/01/2020,11:27:41,204.2,204.05,4000,204.65,4000,0,176000
ADANIENT-II.NFO,07/01/2020,11:27:46,204.2,204.1,4000,204.7,4000,0,176000
ADANIENT-II.NFO,07/01/2020,11:27:51,204.2,204.05,4000,204.65,4000,0,176000
ADANIENT-II.NFO,07/01/2020,11:27:55,204.2,204.05,4000,204.7,4000,0,176000
ADANIENT-II.NFO,07/01/2020,11:28:09,204.2,204.25,4000,204.95,4000,0,176000
ADANIENT-II.NFO,07/01/2020,11:28:11,204.2,204.05,4000,204.8,4000,0,176000
ADANIENT-II.NFO,07/01/2020,11:28:14,204.2,203.85,4000,204.7,4000,0,176000
ADANIENT-II.NFO,07/01/2020,11:28:17,204.2,203.7,4000,204.35,4000,0,176000
ADANIENT-II.NFO,07/01/2020,11:28:20,204.2,203.35,4000,204.15,4000,0,176000
ADANIENT-II.NFO,07/01/2020,11:28:24,204.2,203.15,8000,203.85,8000,0,176000
ADANIENT-II.NFO,07/01/2020,11:28:38,204.2,203.15,8000,204,4000,0,176000
ADANIENT-II.NFO,07/01/2020,11:28:41,204.2,203.15,8000,203.75,4000,0,176000
ADANIENT-II.NFO,07/01/2020,11:28:44,204.2,203.15,8000,203.65,4000,0,176000
ADANIENT-II.NFO,07/01/2020,11:28:47,204.2,203.15,8000,203.75,4000,0,176000
ADANIENT-II.NFO,07/01/2020,11:28:49,204.2,203.1,4000,203.55,4000,0,176000
ADANIENT-II.NFO,07/01/2020,11:29:00,204.2,202.7,4000,203.3,4000,0,176000
ADANIENT-II.NFO,07/01/2020,11:29:03,204.2,202.7,4000,203.2,4000,0,176000
ADANIENT-II.NFO,07/01/2020,11:29:05,204.2,202.7,4000,203.3,4000,0,176000
ADANIENT-II.NFO,07/01/2020,11:29:19,204.2,202.7,4000,203.2,4000,0,176000
ADANIENT-II.NFO,07/01/2020,11:29:30,204.2,202.7,8000,203.2,4000,0,176000
ADANIENT-II.NFO,07/01/2020,11:29:37,204.2,202.7,8000,203.4,4000,0,176000
ADANIENT-II.NFO,07/01/2020,11:29:40,204.2,202.7,8000,203.45,4000,0,176000
ADANIENT-II.NFO,07/01/2020,11:29:45,204.2,203.15,4000,204,12000,0,176000
ADANIENT-II.NFO,07/01/2020,11:29:49,204.2,203.05,4000,203.65,4000,0,176000
ADANIENT-II.NFO,07/01/2020,11:29:53,204.2,203.1,4000,203.75,4000,0,176000
ADANIENT-II.NFO,07/01/2020,11:30:00,204.2,203.1,4000,203.9,8000,0,176000
ADANIENT-II.NFO,07/01/2020,11:30:04,204.2,203.2,4000,203.9,8000,0,176000
ADANIENT-II.NFO,07/01/2020,11:30:15,204.2,203.2,4000,203.75,4000,0,176000
ADANIENT-II.NFO,07/01/2020,11:30:19,204.2,203.2,4000,203.7,4000,0,176000
ADANIENT-II.NFO,07/01/2020,11:30:26,204.2,203.25,4000,203.7,4000,0,176000
ADANIENT-II.NFO,07/01/2020,11:30:32,204.2,203.15,4000,203.85,4000,0,176000
ADANIENT-II.NFO,07/01/2020,11:30:36,204.2,203.25,4000,203.85,4000,0,176000
ADANIENT-II.NFO,07/01/2020,11:30:45,204.2,203.35,4000,203.8,4000,0,176000
ADANIENT-II.NFO,07/01/2020,11:30:59,204.2,203.45,4000,204.05,4000,0,176000
ADANIENT-II.NFO,07/01/2020,11:31:04,204.2,203.4,4000,204.05,4000,0,176000
ADANIENT-II.NFO,07/01/2020,11:31:10,204.2,203.35,4000,204.2,4000,0,176000
ADANIENT-II.NFO,07/01/2020,11:31:15,204.2,203.55,4000,204.2,4000,0,176000
ADANIENT-II.NFO,07/01/2020,11:31:31,204.2,203.55,4000,204,4000,0,176000
ADANIENT-II.NFO,07/01/2020,11:31:37,204.2,203.45,4000,204.05,4000,0,176000
ADANIENT-II.NFO,07/01/2020,11:31:41,204.2,203.55,4000,204.05,4000,0,176000
ADANIENT-II.NFO,07/01/2020,11:31:44,204.2,203.55,4000,204.15,4000,0,176000
ADANIENT-II.NFO,07/01/2020,11:31:48,204.2,203.75,4000,204.3,4000,0,176000
ADANIENT-II.NFO,07/01/2020,11:31:55,204.2,203.6,4000,204.25,4000,0,176000
ADANIENT-II.NFO,07/01/2020,11:32:00,204.2,203.7,4000,204.25,4000,0,176000
ADANIENT-II.NFO,07/01/2020,11:32:06,204.2,203.65,4000,204.25,4000,0,176000
ADANIENT-II.NFO,07/01/2020,11:32:11,204.2,203.55,4000,204.25,4000,0,176000
ADANIENT-II.NFO,07/01/2020,11:32:16,204.2,203.6,4000,204.25,4000,0,176000
ADANIENT-II.NFO,07/01/2020,11:32:20,204.2,203.5,4000,204.25,4000,0,176000
ADANIENT-II.NFO,07/01/2020,11:32:32,204.2,203.55,4000,204.05,4000,0,176000
ADANIENT-II.NFO,07/01/2020,11:32:54,204.2,203.35,4000,204.15,4000,0,176000
ADANIENT-II.NFO,07/01/2020,11:33:00,204.2,203.45,4000,204.15,4000,0,176000
ADANIENT-II.NFO,07/01/2020,11:33:04,204.2,203.5,4000,204.05,4000,0,176000
ADANIENT-II.NFO,07/01/2020,11:33:07,204.2,203.35,4000,204.1,4000,0,176000
ADANIENT-II.NFO,07/01/2020,11:33:11,204.2,203.35,8000,204.35,4000,0,176000
ADANIENT-II.NFO,07/01/2020,11:33:14,204.2,203.55,4000,204.35,8000,0,176000
ADANIENT-II.NFO,07/01/2020,11:33:18,204.2,204,4000,204.55,4000,0,176000
ADANIENT-II.NFO,07/01/2020,11:33:22,204.2,203.95,4000,204.65,4000,0,176000
ADANIENT-II.NFO,07/01/2020,11:33:25,204.2,204.15,4000,204.65,4000,0,176000
ADANIENT-II.NFO,07/01/2020,11:33:29,204.2,203.95,4000,204.7,4000,0,176000
ADANIENT-II.NFO,07/01/2020,11:33:34,204.2,204.15,4000,204.7,4000,0,176000
ADANIENT-II.NFO,07/01/2020,11:33:38,204.2,204.05,8000,204.7,4000,0,176000
ADANIENT-II.NFO,07/01/2020,11:33:58,204.2,204.05,8000,204.9,8000,0,176000
ADANIENT-II.NFO,07/01/2020,11:34:03,204.2,204.05,8000,204.65,4000,0,176000
ADANIENT-II.NFO,07/01/2020,11:34:09,204.2,204.05,8000,204.85,4000,0,176000
ADANIENT-II.NFO,07/01/2020,11:34:16,204.2,204.05,8000,204.7,4000,0,176000
ADANIENT-II.NFO,07/01/2020,11:34:28,204.2,204.05,8000,204.75,4000,0,176000
ADANIENT-II.NFO,07/01/2020,11:34:51,204.2,204.05,4000,204.65,4000,0,176000
ADANIENT-II.NFO,07/01/2020,11:34:57,204.2,204.05,4000,204.7,4000,0,176000
ADANIENT-II.NFO,07/01/2020,11:35:02,204.2,204.15,4000,204.8,4000,0,176000
ADANIENT-II.NFO,07/01/2020,11:35:08,204.2,204.05,8000,204.8,4000,0,176000
ADANIENT-II.NFO,07/01/2020,11:35:13,204.2,204.05,8000,204.85,4000,0,176000
ADANIENT-II.NFO,07/01/2020,11:35:18,204.2,204.05,8000,204.8,4000,0,176000
ADANIENT-II.NFO,07/01/2020,11:35:24,204.2,204.15,8000,204.8,4000,0,176000
ADANIENT-II.NFO,07/01/2020,11:35:30,204.2,204.15,8000,204.85,4000,0,176000
ADANIENT-II.NFO,07/01/2020,11:35:35,204.2,204.15,8000,205.05,4000,0,176000
ADANIENT-II.NFO,07/01/2020,11:35:40,204.2,204.25,4000,204.85,4000,0,176000
ADANIENT-II.NFO,07/01/2020,11:35:59,204.2,204.2,4000,204.85,4000,0,176000
ADANIENT-II.NFO,07/01/2020,11:36:04,204.2,204.15,4000,204.95,4000,0,176000
ADANIENT-II.NFO,07/01/2020,11:36:22,204.2,204.25,4000,204.95,4000,0,176000
ADANIENT-II.NFO,07/01/2020,11:36:27,204.2,204.3,4000,204.85,4000,0,176000
ADANIENT-II.NFO,07/01/2020,11:36:32,204.2,204.1,4000,204.9,4000,0,176000
ADANIENT-II.NFO,07/01/2020,11:36:47,204.2,204.05,8000,204.8,4000,0,176000
ADANIENT-II.NFO,07/01/2020,11:36:53,204.2,204.05,4000,204.8,4000,0,176000
ADANIENT-II.NFO,07/01/2020,11:36:59,204.2,204,4000,204.7,4000,0,176000
ADANIENT-II.NFO,07/01/2020,11:37:05,204.2,204.05,4000,204.7,4000,0,176000
ADANIENT-II.NFO,07/01/2020,11:37:17,204.2,204,4000,204.7,4000,0,176000
ADANIENT-II.NFO,07/01/2020,11:37:31,204.2,204.1,4000,204.7,4000,0,176000
ADANIENT-II.NFO,07/01/2020,11:37:36,204.2,203.95,4000,204.7,4000,0,176000
ADANIENT-II.NFO,07/01/2020,11:37:41,204.2,204.1,4000,204.75,4000,0,176000
ADANIENT-II.NFO,07/01/2020,11:37:46,204.2,204.1,4000,204.7,4000,0,176000
ADANIENT-II.NFO,07/01/2020,11:37:55,204.2,204,4000,204.7,4000,0,176000
ADANIENT-II.NFO,07/01/2020,11:38:00,204.2,203.95,4000,204.7,4000,0,176000
ADANIENT-II.NFO,07/01/2020,11:38:06,204.2,204.05,4000,204.75,4000,0,176000
ADANIENT-II.NFO,07/01/2020,11:38:10,204.2,204.05,4000,204.7,4000,0,176000
ADANIENT-II.NFO,07/01/2020,11:38:15,204.2,203.95,8000,204.65,4000,0,176000
ADANIENT-II.NFO,07/01/2020,11:38:18,204.2,203.95,8000,204.6,4000,0,176000
ADANIENT-II.NFO,07/01/2020,11:38:22,204.2,204.05,8000,204.8,4000,0,176000
ADANIENT-II.NFO,07/01/2020,11:38:26,204.2,204.05,8000,204.75,4000,0,176000
ADANIENT-II.NFO,07/01/2020,11:38:33,204.2,204.05,8000,204.85,4000,0,176000
ADANIENT-II.NFO,07/01/2020,11:38:36,204.2,204.2,4000,204.95,8000,0,176000
ADANIENT-II.NFO,07/01/2020,11:38:39,204.2,204.15,4000,204.8,4000,0,176000
ADANIENT-II.NFO,07/01/2020,11:38:43,204.2,204.05,4000,204.85,4000,0,176000
ADANIENT-II.NFO,07/01/2020,11:38:47,204.2,204.25,4000,204.75,4000,0,176000
ADANIENT-II.NFO,07/01/2020,11:38:55,204.2,204.2,4000,204.8,8000,0,176000
ADANIENT-II.NFO,07/01/2020,11:38:59,204.2,204.15,4000,204.8,8000,0,176000
ADANIENT-II.NFO,07/01/2020,11:39:07,204.2,204.15,4000,204.9,4000,0,176000
ADANIENT-II.NFO,07/01/2020,11:39:10,204.2,204.25,4000,204.9,4000,0,176000
ADANIENT-II.NFO,07/01/2020,11:39:13,204.2,204.15,4000,204.8,4000,0,176000
ADANIENT-II.NFO,07/01/2020,11:39:17,204.2,204.25,4000,204.8,4000,0,176000
ADANIENT-II.NFO,07/01/2020,11:39:20,204.2,204.2,4000,204.8,4000,0,176000
ADANIENT-II.NFO,07/01/2020,11:39:24,204.2,204.05,8000,204.65,4000,0,176000
ADANIENT-II.NFO,07/01/2020,11:39:31,204.2,204.05,8000,204.55,4000,0,176000
ADANIENT-II.NFO,07/01/2020,11:39:35,204.2,204.05,8000,204.6,4000,0,176000
ADANIENT-II.NFO,07/01/2020,11:39:43,204.2,204,4000,204.55,4000,0,176000
ADANIENT-II.NFO,07/01/2020,11:39:48,204.2,203.8,8000,204.45,4000,0,176000
ADANIENT-II.NFO,07/01/2020,11:39:55,204.2,203.7,4000,204.5,4000,0,176000
ADANIENT-II.NFO,07/01/2020,11:40:06,204.2,203.7,4000,204.4,4000,0,176000
ADANIENT-II.NFO,07/01/2020,11:40:19,204.2,203.6,4000,204.4,4000,0,176000
ADANIENT-II.NFO,07/01/2020,11:40:23,204.2,203.6,4000,204.35,4000,0,176000
ADANIENT-II.NFO,07/01/2020,11:40:27,204.2,203.65,4000,204.4,4000,0,176000
ADANIENT-II.NFO,07/01/2020,11:40:31,204.2,203.5,4000,204.35,8000,0,176000
ADANIENT-II.NFO,07/01/2020,11:40:34,204.2,203.55,4000,204.3,4000,0,176000
ADANIENT-II.NFO,07/01/2020,11:40:38,204.2,203.5,4000,204.3,4000,0,176000
ADANIENT-II.NFO,07/01/2020,11:40:45,204.2,203.55,4000,204.3,4000,0,176000
ADANIENT-II.NFO,07/01/2020,11:40:52,204.2,203.5,4000,204.3,4000,0,176000
ADANIENT-II.NFO,07/01/2020,11:41:02,204.2,203.55,4000,204.2,4000,0,176000
ADANIENT-II.NFO,07/01/2020,11:41:04,204.2,203.5,4000,204.2,4000,0,176000
ADANIENT-II.NFO,07/01/2020,11:41:07,204.2,203.5,4000,204.2,8000,0,176000
ADANIENT-II.NFO,07/01/2020,11:41:17,204.2,203.65,4000,204.2,8000,0,176000
ADANIENT-II.NFO,07/01/2020,11:41:20,204.2,203.5,4000,204.2,8000,0,176000
ADANIENT-II.NFO,07/01/2020,11:41:25,204.2,203.65,4000,204.2,8000,0,176000
ADANIENT-II.NFO,07/01/2020,11:41:31,204.2,203.5,4000,204.2,8000,0,176000
ADANIENT-II.NFO,07/01/2020,11:41:51,204.2,203.4,4000,204.2,8000,0,176000
ADANIENT-II.NFO,07/01/2020,11:41:53,204.2,203.5,4000,204.2,8000,0,176000
ADANIENT-II.NFO,07/01/2020,11:41:59,204.2,203.5,4000,204.1,8000,0,176000
ADANIENT-II.NFO,07/01/2020,11:42:15,204.2,203.5,4000,204.25,4000,0,176000
ADANIENT-II.NFO,07/01/2020,11:42:18,204.2,203.65,4000,204.15,4000,0,176000
ADANIENT-II.NFO,07/01/2020,11:42:20,204.2,203.4,8000,204.2,4000,0,176000
ADANIENT-II.NFO,07/01/2020,11:42:27,204.2,203.4,8000,204.05,4000,0,176000
ADANIENT-II.NFO,07/01/2020,11:42:31,204.2,203.55,4000,204.25,4000,0,176000
ADANIENT-II.NFO,07/01/2020,11:42:35,204.2,203.6,4000,204.4,4000,0,176000
ADANIENT-II.NFO,07/01/2020,11:42:41,204.2,203.6,4000,204.2,4000,0,176000
ADANIENT-II.NFO,07/01/2020,11:42:45,204.2,203.6,4000,204.15,4000,0,176000
ADANIENT-II.NFO,07/01/2020,11:42:49,204.2,203.6,4000,204.1,4000,0,176000
ADANIENT-II.NFO,07/01/2020,11:42:54,204.2,203.55,4000,204.1,4000,0,176000
ADANIENT-II.NFO,07/01/2020,11:42:59,204.2,203.6,4000,204.15,4000,0,176000
ADANIENT-II.NFO,07/01/2020,11:43:03,204.2,203.6,4000,204.25,4000,0,176000
ADANIENT-II.NFO,07/01/2020,11:43:06,204.2,203.6,4000,204.15,4000,0,176000
ADANIENT-II.NFO,07/01/2020,11:43:10,204.2,203.6,4000,204.25,4000,0,176000
ADANIENT-II.NFO,07/01/2020,11:43:13,204.2,203.5,4000,204.2,4000,0,176000
ADANIENT-II.NFO,07/01/2020,11:43:16,204.2,203.6,4000,204.2,4000,0,176000
ADANIENT-II.NFO,07/01/2020,11:43:23,204.2,203.6,4000,204.25,4000,0,176000
ADANIENT-II.NFO,07/01/2020,11:43:26,204.2,203.6,4000,204.15,4000,0,176000
ADANIENT-II.NFO,07/01/2020,11:43:34,204.2,203.6,4000,204.2,4000,0,176000
ADANIENT-II.NFO,07/01/2020,11:43:40,204.2,203.6,4000,204.15,4000,0,176000
ADANIENT-II.NFO,07/01/2020,11:43:48,204.2,203.5,4000,204.15,4000,0,176000
ADANIENT-II.NFO,07/01/2020,11:43:55,204.2,203.65,4000,204.15,4000,0,176000
ADANIENT-II.NFO,07/01/2020,11:44:03,204.2,203.7,4000,204.15,4000,0,176000
ADANIENT-II.NFO,07/01/2020,11:44:09,204.2,203.55,4000,204.25,4000,0,176000
ADANIENT-II.NFO,07/01/2020,11:44:30,204.2,203.65,4000,204.1,4000,0,176000
ADANIENT-II.NFO,07/01/2020,11:44:34,204.2,203.6,4000,204.1,4000,0,176000
ADANIENT-II.NFO,07/01/2020,11:44:38,204.2,203.4,4000,204.1,4000,0,176000
ADANIENT-II.NFO,07/01/2020,11:44:42,204.2,203.5,4000,204.2,4000,0,176000
ADANIENT-II.NFO,07/01/2020,11:44:47,204.2,203.5,4000,204.25,8000,0,176000
ADANIENT-II.NFO,07/01/2020,11:44:53,204.2,203.5,4000,204.1,4000,0,176000
ADANIENT-II.NFO,07/01/2020,11:44:56,204.2,203.5,4000,204.2,8000,0,176000
ADANIENT-II.NFO,07/01/2020,11:44:59,204.2,203.4,4000,204.2,8000,0,176000
ADANIENT-II.NFO,07/01/2020,11:45:02,204.2,203.5,4000,204.2,8000,0,176000
ADANIENT-II.NFO,07/01/2020,11:45:06,204.2,204,4000,204.2,8000,0,176000
ADANIENT-II.NFO,07/01/2020,11:45:09,204,203.4,8000,203.95,4000,4000,176000
ADANIENT-II.NFO,07/01/2020,11:45:11,204,203.35,4000,204,4000,0,176000
ADANIENT-II.NFO,07/01/2020,11:45:14,204,203.35,4000,203.9,4000,0,176000
ADANIENT-II.NFO,07/01/2020,11:45:17,204,203.3,4000,203.9,4000,0,176000
ADANIENT-II.NFO,07/01/2020,11:45:20,204,203.4,4000,203.9,4000,0,176000
ADANIENT-II.NFO,07/01/2020,11:45:27,204,203.45,4000,203.95,4000,0,176000
ADANIENT-II.NFO,07/01/2020,11:45:30,204,203.35,4000,203.9,4000,0,176000
ADANIENT-II.NFO,07/01/2020,11:45:34,204,203.45,4000,204,4000,0,176000
ADANIENT-II.NFO,07/01/2020,11:45:40,204,203.45,4000,204.1,4000,0,176000
ADANIENT-II.NFO,07/01/2020,11:45:49,204,203.35,4000,204,8000,0,176000
ADANIENT-II.NFO,07/01/2020,11:45:52,204,203.45,4000,204,8000,0,176000
ADANIENT-II.NFO,07/01/2020,11:45:55,204,203.4,4000,204,8000,0,176000
ADANIENT-II.NFO,07/01/2020,11:45:59,204,203.3,4000,203.9,8000,0,176000
ADANIENT-II.NFO,07/01/2020,11:46:02,204,203.3,4000,203.9,4000,0,176000
ADANIENT-II.NFO,07/01/2020,11:46:10,204,203.35,4000,204,4000,0,176000
ADANIENT-II.NFO,07/01/2020,11:46:14,204,203.35,4000,203.9,4000,0,176000
ADANIENT-II.NFO,07/01/2020,11:46:33,204,203.35,4000,204,4000,0,176000
ADANIENT-II.NFO,07/01/2020,11:46:35,204,203.25,8000,203.9,4000,0,176000
ADANIENT-II.NFO,07/01/2020,11:47:17,204,203.25,8000,203.8,4000,0,176000
ADANIENT-II.NFO,07/01/2020,11:47:21,204,203.25,8000,203.85,4000,0,176000
ADANIENT-II.NFO,07/01/2020,11:47:39,204,203.25,8000,203.75,4000,0,176000
ADANIENT-II.NFO,07/01/2020,11:47:42,204,203.2,4000,203.85,4000,0,176000
ADANIENT-II.NFO,07/01/2020,11:47:57,204,203.2,4000,203.75,4000,0,176000
ADANIENT-II.NFO,07/01/2020,11:48:13,204,203.05,4000,203.6,4000,0,176000
ADANIENT-II.NFO,07/01/2020,11:48:17,204,202.95,4000,203.7,8000,0,176000
ADANIENT-II.NFO,07/01/2020,11:48:24,204,203,4000,203.65,4000,0,176000
ADANIENT-II.NFO,07/01/2020,11:48:28,204,203.1,4000,203.7,4000,0,176000
ADANIENT-II.NFO,07/01/2020,11:48:31,204,203.05,4000,203.65,4000,0,176000
ADANIENT-II.NFO,07/01/2020,11:48:38,204,203.1,4000,203.7,4000,0,176000
ADANIENT-II.NFO,07/01/2020,11:48:45,204,203.05,4000,203.7,4000,0,176000
ADANIENT-II.NFO,07/01/2020,11:48:51,204,203.05,4000,203.65,4000,0,176000
ADANIENT-II.NFO,07/01/2020,11:48:57,204,203.1,4000,203.65,4000,0,176000
ADANIENT-II.NFO,07/01/2020,11:49:01,204,203.05,4000,203.65,4000,0,176000
ADANIENT-II.NFO,07/01/2020,11:49:06,204,203.1,4000,203.65,4000,0,176000
ADANIENT-II.NFO,07/01/2020,11:49:33,204,203.05,4000,203.65,4000,0,176000
ADANIENT-II.NFO,07/01/2020,11:50:01,204,203.1,4000,203.65,4000,0,176000
ADANIENT-II.NFO,07/01/2020,11:50:05,204,203.05,4000,203.65,4000,0,176000
ADANIENT-II.NFO,07/01/2020,11:50:09,204,203.1,4000,203.65,4000,0,176000
ADANIENT-II.NFO,07/01/2020,11:50:12,204,203.1,4000,203.6,4000,0,176000
ADANIENT-II.NFO,07/01/2020,11:50:22,204,203.1,4000,203.7,4000,0,176000
ADANIENT-II.NFO,07/01/2020,11:50:26,204,203.1,4000,203.8,4000,0,176000
ADANIENT-II.NFO,07/01/2020,11:50:30,204,203.4,4000,204.1,4000,0,176000
ADANIENT-II.NFO,07/01/2020,11:50:34,204,203.3,8000,204.1,4000,0,176000
ADANIENT-II.NFO,07/01/2020,11:50:48,204,203.3,4000,204.1,4000,0,176000
ADANIENT-II.NFO,07/01/2020,11:50:53,204,203.4,4000,204.1,4000,0,176000
ADANIENT-II.NFO,07/01/2020,11:51:01,204,203.3,4000,204.1,4000,0,176000
ADANIENT-II.NFO,07/01/2020,11:51:05,204,203.5,4000,204.25,4000,0,176000
ADANIENT-II.NFO,07/01/2020,11:51:09,204,203.75,4000,204.45,8000,0,176000
ADANIENT-II.NFO,07/01/2020,11:51:19,204,203.85,4000,204.45,8000,0,176000
ADANIENT-II.NFO,07/01/2020,11:51:31,204,203.85,4000,204.5,4000,0,176000
ADANIENT-II.NFO,07/01/2020,11:51:36,204,203.95,4000,204.65,4000,0,176000
ADANIENT-II.NFO,07/01/2020,11:51:39,204,204,4000,204.55,4000,0,176000
ADANIENT-II.NFO,07/01/2020,11:51:43,204,203.65,4000,204.3,4000,0,176000
ADANIENT-II.NFO,07/01/2020,11:51:49,204,203.55,8000,204.15,4000,0,176000
ADANIENT-II.NFO,07/01/2020,11:51:53,204,203.55,8000,204.25,4000,0,176000
ADANIENT-II.NFO,07/01/2020,11:51:56,204,203.55,8000,204.25,8000,0,176000
ADANIENT-II.NFO,07/01/2020,11:52:29,204,203.55,4000,204.15,8000,0,176000
ADANIENT-II.NFO,07/01/2020,11:52:31,204,203.45,4000,204.15,8000,0,176000
ADANIENT-II.NFO,07/01/2020,11:52:34,204,203.55,4000,204.15,8000,0,176000
ADANIENT-II.NFO,07/01/2020,11:52:40,204,203.45,4000,204.15,8000,0,176000
ADANIENT-II.NFO,07/01/2020,11:52:51,204,203.5,4000,204.15,8000,0,176000
ADANIENT-II.NFO,07/01/2020,11:52:54,204,203.45,4000,204.25,4000,0,176000
ADANIENT-II.NFO,07/01/2020,11:52:58,204,203.35,8000,204.1,4000,0,176000
ADANIENT-II.NFO,07/01/2020,11:53:01,204,203.35,8000,204.15,4000,0,176000
ADANIENT-II.NFO,07/01/2020,11:53:19,204,203.35,8000,204.1,4000,0,176000
ADANIENT-II.NFO,07/01/2020,11:53:22,204,203.35,8000,204.15,4000,0,176000
ADANIENT-II.NFO,07/01/2020,11:53:26,204,203.35,8000,204.1,4000,0,176000
ADANIENT-II.NFO,07/01/2020,11:53:30,204,203.35,8000,204.05,4000,0,176000
ADANIENT-II.NFO,07/01/2020,11:53:33,204,203.35,8000,204,4000,0,176000
ADANIENT-II.NFO,07/01/2020,11:53:49,204,203.35,8000,203.95,4000,0,176000
ADANIENT-II.NFO,07/01/2020,11:53:54,204,203.35,8000,204,4000,0,176000
ADANIENT-II.NFO,07/01/2020,11:53:57,204,203.35,8000,204.05,4000,0,176000
ADANIENT-II.NFO,07/01/2020,11:54:04,204,203.35,8000,203.95,4000,0,176000
ADANIENT-II.NFO,07/01/2020,11:54:06,204,203.35,8000,204,4000,0,176000
ADANIENT-II.NFO,07/01/2020,11:54:09,204,203.35,8000,203.95,4000,0,176000
ADANIENT-II.NFO,07/01/2020,11:54:11,204,203.35,8000,204,4000,0,176000
ADANIENT-II.NFO,07/01/2020,11:54:14,204,203.35,4000,203.9,4000,0,176000
ADANIENT-II.NFO,07/01/2020,11:54:18,204,203.3,4000,204,4000,0,176000
ADANIENT-II.NFO,07/01/2020,11:54:21,204,203.3,4000,204.05,4000,0,176000
ADANIENT-II.NFO,07/01/2020,11:54:31,204,203.3,4000,204,4000,0,176000
ADANIENT-II.NFO,07/01/2020,11:54:33,204,203.4,4000,203.95,4000,0,176000
ADANIENT-II.NFO,07/01/2020,11:54:46,204,203.4,4000,204,4000,0,176000
ADANIENT-II.NFO,07/01/2020,11:55:00,204,203.4,4000,203.95,4000,0,176000
ADANIENT-II.NFO,07/01/2020,11:55:17,204,203.4,4000,204.05,4000,0,176000
ADANIENT-II.NFO,07/01/2020,11:55:20,204,203.3,4000,203.95,8000,0,176000
ADANIENT-II.NFO,07/01/2020,11:55:26,204,203.25,4000,203.95,8000,0,176000
ADANIENT-II.NFO,07/01/2020,11:55:36,204,203.35,4000,203.95,8000,0,176000
ADANIENT-II.NFO,07/01/2020,11:55:46,204,203.3,4000,203.95,8000,0,176000
ADANIENT-II.NFO,07/01/2020,11:55:49,204,203.45,4000,203.95,8000,0,176000
ADANIENT-II.NFO,07/01/2020,11:55:52,204,203.3,4000,203.95,8000,0,176000
ADANIENT-II.NFO,07/01/2020,11:55:56,204,203.4,4000,203.95,8000,0,176000
ADANIENT-II.NFO,07/01/2020,11:56:04,204,203.45,4000,203.95,8000,0,176000
ADANIENT-II.NFO,07/01/2020,11:56:09,204,203.3,4000,203.95,8000,0,176000
ADANIENT-II.NFO,07/01/2020,11:56:14,204,203.1,8000,203.95,8000,0,176000
ADANIENT-II.NFO,07/01/2020,11:56:20,204,203.1,8000,203.8,4000,0,176000
ADANIENT-II.NFO,07/01/2020,11:56:22,204,203.1,8000,203.9,4000,0,176000
ADANIENT-II.NFO,07/01/2020,11:56:24,204,203.1,8000,203.85,4000,0,176000
ADANIENT-II.NFO,07/01/2020,11:56:30,204,203.1,8000,203.9,4000,0,176000
ADANIENT-II.NFO,07/01/2020,11:56:40,204,203.25,4000,203.85,4000,0,176000
ADANIENT-II.NFO,07/01/2020,11:56:45,204,203.35,4000,203.85,4000,0,176000
ADANIENT-II.NFO,07/01/2020,11:56:48,204,203.3,4000,203.85,4000,0,176000
ADANIENT-II.NFO,07/01/2020,11:56:51,204,203.25,4000,204,8000,0,176000
ADANIENT-II.NFO,07/01/2020,11:56:53,204,203.35,4000,204,8000,0,176000
ADANIENT-II.NFO,07/01/2020,11:57:04,204,203.15,4000,204,12000,0,176000
ADANIENT-II.NFO,07/01/2020,11:57:12,204,203.25,4000,204,8000,0,176000
ADANIENT-II.NFO,07/01/2020,11:57:14,204,203.3,4000,204,8000,0,176000
ADANIENT-II.NFO,07/01/2020,11:57:22,204,203.3,4000,203.85,4000,0,176000
ADANIENT-II.NFO,07/01/2020,11:57:32,204,203.35,4000,203.85,4000,0,176000
ADANIENT-II.NFO,07/01/2020,11:57:35,204,203.2,4000,203.85,4000,0,176000
ADANIENT-II.NFO,07/01/2020,11:57:39,204,203.2,8000,203.8,4000,0,176000
ADANIENT-II.NFO,07/01/2020,11:57:50,204,203.05,4000,203.7,4000,0,176000
ADANIENT-II.NFO,07/01/2020,11:57:54,204,203.15,4000,203.8,4000,0,176000
ADANIENT-II.NFO,07/01/2020,11:57:59,203.7,203.15,4000,203.7,4000,4000,176000
ADANIENT-II.NFO,07/01/2020,11:57:59,203.7,203.15,4000,203.7,4000,0,176000
ADANIENT-II.NFO,07/01/2020,11:58:02,203.7,203.15,4000,203.75,4000,0,176000
ADANIENT-II.NFO,07/01/2020,11:58:05,203.7,203.15,4000,203.65,4000,0,176000
