Ticker,Date,Time,LTP,BuyPrice,BuyQty,SellPrice,SellQty,LTQ,OpenInterest
ASHOKLEY-II.NFO,07/01/2020,09:16:01,82.45,82.3,8000,82.5,8000,8000,1512000
ASHOKLEY-II.NFO,07/01/2020,09:16:01,82.45,82.3,8000,82.5,8000,0,1512000
ASHOKLEY-II.NFO,07/01/2020,09:16:01,82.45,82.3,8000,82.5,8000,0,1512000
ASHOKLEY-II.NFO,07/01/2020,09:16:01,82.45,82.3,8000,82.5,8000,0,1512000
ASHOKLEY-II.NFO,07/01/2020,09:16:12,82.45,82.3,8000,82.55,8000,0,1512000
ASHOKLEY-II.NFO,07/01/2020,09:16:21,82.45,82.4,8000,82.55,8000,0,1512000
ASHOKLEY-II.NFO,07/01/2020,09:16:31,82.45,82.3,8000,82.5,8000,0,1512000
ASHOKLEY-II.NFO,07/01/2020,09:16:40,82.45,82.35,8000,82.55,16000,0,1512000
ASHOKLEY-II.NFO,07/01/2020,09:16:49,82.45,82.45,8000,82.6,16000,0,1512000
ASHOKLEY-II.NFO,07/01/2020,09:16:58,82.75,82.6,8000,82.8,16000,8000,1512000
ASHOKLEY-II.NFO,07/01/2020,09:16:58,82.75,82.6,8000,82.8,16000,0,1512000
ASHOKLEY-II.NFO,07/01/2020,09:17:06,82.75,82.6,8000,82.8,16000,0,1512000
ASHOKLEY-II.NFO,07/01/2020,09:17:14,82.75,82.75,16000,82.9,8000,0,1512000
ASHOKLEY-II.NFO,07/01/2020,09:17:23,82.75,82.75,8000,82.9,8000,0,1512000
ASHOKLEY-II.NFO,07/01/2020,09:17:31,82.75,82.75,8000,82.95,16000,0,1512000
ASHOKLEY-II.NFO,07/01/2020,09:17:41,82.75,82.7,16000,82.85,8000,0,1512000
ASHOKLEY-II.NFO,07/01/2020,09:17:49,82.75,82.75,8000,82.9,8000,0,1512000
ASHOKLEY-II.NFO,07/01/2020,09:17:57,82.75,82.7,8000,82.9,16000,0,1512000
ASHOKLEY-II.NFO,07/01/2020,09:18:06,82.75,82.7,8000,82.9,24000,0,1512000
ASHOKLEY-II.NFO,07/01/2020,09:18:21,82.75,82.7,8000,82.9,32000,0,1512000
ASHOKLEY-II.NFO,07/01/2020,09:18:29,82.75,82.65,8000,82.8,16000,0,1512000
ASHOKLEY-II.NFO,07/01/2020,09:18:37,82.75,82.55,16000,82.75,24000,0,1512000
ASHOKLEY-II.NFO,07/01/2020,09:18:44,82.75,82.5,8000,82.65,8000,0,1512000
ASHOKLEY-II.NFO,07/01/2020,09:18:52,82.75,82.45,8000,82.6,16000,0,1512000
ASHOKLEY-II.NFO,07/01/2020,09:18:59,82.75,82.4,8000,82.55,8000,0,1512000
ASHOKLEY-II.NFO,07/01/2020,09:19:07,82.75,82.45,16000,82.65,32000,0,1512000
ASHOKLEY-II.NFO,07/01/2020,09:19:14,82.5,82.55,8000,82.75,8000,24000,1520000
ASHOKLEY-II.NFO,07/01/2020,09:19:23,82.7,82.55,16000,82.7,24000,8000,1520000
ASHOKLEY-II.NFO,07/01/2020,09:19:30,82.55,82.55,8000,82.7,8000,8000,1520000
ASHOKLEY-II.NFO,07/01/2020,09:19:46,82.55,82.55,8000,82.7,8000,0,1520000
ASHOKLEY-II.NFO,07/01/2020,09:19:54,82.55,82.6,8000,82.75,8000,0,1520000
ASHOKLEY-II.NFO,07/01/2020,09:20:02,82.55,82.55,8000,82.7,8000,0,1520000
ASHOKLEY-II.NFO,07/01/2020,09:20:09,82.55,82.55,16000,82.7,8000,0,1520000
ASHOKLEY-II.NFO,07/01/2020,09:20:17,82.55,82.5,8000,82.7,16000,0,1520000
ASHOKLEY-II.NFO,07/01/2020,09:20:25,82.55,82.55,8000,82.7,8000,0,1520000
ASHOKLEY-II.NFO,07/01/2020,09:20:33,82.55,82.6,8000,82.75,8000,0,1520000
ASHOKLEY-II.NFO,07/01/2020,09:20:48,82.55,82.65,16000,82.8,24000,0,1520000
ASHOKLEY-II.NFO,07/01/2020,09:20:56,82.55,82.65,16000,82.8,8000,0,1520000
ASHOKLEY-II.NFO,07/01/2020,09:21:03,82.55,82.65,16000,82.8,16000,0,1520000
ASHOKLEY-II.NFO,07/01/2020,09:21:11,82.55,82.65,16000,82.8,8000,0,1520000
ASHOKLEY-II.NFO,07/01/2020,09:21:19,82.55,82.7,8000,82.85,16000,0,1520000
ASHOKLEY-II.NFO,07/01/2020,09:21:33,82.55,82.65,16000,82.8,16000,0,1520000
ASHOKLEY-II.NFO,07/01/2020,09:21:40,82.55,82.7,8000,82.85,16000,0,1520000
ASHOKLEY-II.NFO,07/01/2020,09:21:48,82.55,82.75,8000,82.9,16000,0,1520000
ASHOKLEY-II.NFO,07/01/2020,09:21:54,82.55,82.8,16000,82.95,24000,0,1520000
ASHOKLEY-II.NFO,07/01/2020,09:22:01,82.55,82.75,8000,82.9,8000,0,1520000
ASHOKLEY-II.NFO,07/01/2020,09:22:08,82.55,82.75,8000,82.9,16000,0,1520000
ASHOKLEY-II.NFO,07/01/2020,09:22:16,82.55,82.7,8000,82.85,16000,0,1520000
ASHOKLEY-II.NFO,07/01/2020,09:22:38,82.55,82.6,16000,82.8,16000,0,1520000
ASHOKLEY-II.NFO,07/01/2020,09:22:44,82.55,82.6,8000,82.8,16000,0,1520000
ASHOKLEY-II.NFO,07/01/2020,09:23:03,82.55,82.65,8000,82.8,8000,0,1520000
ASHOKLEY-II.NFO,07/01/2020,09:23:16,82.55,82.6,8000,82.8,16000,0,1520000
ASHOKLEY-II.NFO,07/01/2020,09:23:29,82.55,82.55,16000,82.6,8000,0,1520000
ASHOKLEY-II.NFO,07/01/2020,09:23:37,82.6,82.55,16000,82.7,8000,8000,1512000
ASHOKLEY-II.NFO,07/01/2020,09:23:49,82.55,82.5,8000,82.65,16000,8000,1512000
ASHOKLEY-II.NFO,07/01/2020,09:23:56,82.55,82.5,8000,82.7,16000,0,1512000
ASHOKLEY-II.NFO,07/01/2020,09:24:03,82.55,82.45,16000,82.65,8000,0,1512000
ASHOKLEY-II.NFO,07/01/2020,09:24:10,82.55,82.45,16000,82.65,16000,0,1512000
ASHOKLEY-II.NFO,07/01/2020,09:24:24,82.55,82.45,16000,82.65,8000,0,1512000
ASHOKLEY-II.NFO,07/01/2020,09:24:44,82.55,82.55,8000,82.7,16000,0,1512000
ASHOKLEY-II.NFO,07/01/2020,09:24:51,82.55,82.55,8000,82.7,8000,0,1512000
ASHOKLEY-II.NFO,07/01/2020,09:25:11,82.55,82.6,8000,82.75,16000,0,1512000
ASHOKLEY-II.NFO,07/01/2020,09:25:18,82.55,82.6,8000,82.75,8000,0,1512000
ASHOKLEY-II.NFO,07/01/2020,09:25:32,82.55,82.6,8000,82.75,16000,0,1512000
ASHOKLEY-II.NFO,07/01/2020,09:25:40,82.55,82.55,8000,82.75,16000,0,1512000
ASHOKLEY-II.NFO,07/01/2020,09:25:49,82.55,82.6,8000,82.75,16000,0,1512000
ASHOKLEY-II.NFO,07/01/2020,09:26:03,82.55,82.5,8000,82.65,8000,0,1512000
ASHOKLEY-II.NFO,07/01/2020,09:26:11,82.55,82.55,16000,82.7,8000,0,1512000
ASHOKLEY-II.NFO,07/01/2020,09:26:35,82.55,82.6,8000,82.75,8000,0,1512000
ASHOKLEY-II.NFO,07/01/2020,09:26:41,82.55,82.55,16000,82.75,16000,0,1512000
ASHOKLEY-II.NFO,07/01/2020,09:26:57,82.55,82.55,16000,82.75,24000,0,1512000
ASHOKLEY-II.NFO,07/01/2020,09:27:02,82.55,82.6,8000,82.75,24000,0,1512000
ASHOKLEY-II.NFO,07/01/2020,09:27:08,82.55,82.55,16000,82.7,8000,0,1512000
ASHOKLEY-II.NFO,07/01/2020,09:27:13,82.55,82.55,16000,82.7,16000,0,1512000
ASHOKLEY-II.NFO,07/01/2020,09:27:19,82.55,82.5,8000,82.65,8000,40000,1512000
ASHOKLEY-II.NFO,07/01/2020,09:27:26,82.55,82.5,8000,82.65,8000,0,1512000
ASHOKLEY-II.NFO,07/01/2020,09:27:33,82.55,82.5,8000,82.65,16000,0,1512000
ASHOKLEY-II.NFO,07/01/2020,09:27:38,82.55,82.5,8000,82.65,8000,0,1512000
ASHOKLEY-II.NFO,07/01/2020,09:28:00,82.55,82.5,8000,82.6,16000,0,1512000
ASHOKLEY-II.NFO,07/01/2020,09:28:16,82.55,82.5,8000,82.65,16000,0,1512000
ASHOKLEY-II.NFO,07/01/2020,09:28:28,82.55,82.5,8000,82.6,16000,0,1512000
ASHOKLEY-II.NFO,07/01/2020,09:28:50,82.55,82.5,16000,82.65,32000,0,1512000
ASHOKLEY-II.NFO,07/01/2020,09:29:09,82.55,82.5,16000,82.65,8000,0,1512000
ASHOKLEY-II.NFO,07/01/2020,09:29:14,82.55,82.5,16000,82.65,16000,0,1512000
ASHOKLEY-II.NFO,07/01/2020,09:29:21,82.5,82.4,8000,82.55,8000,24000,1536000
ASHOKLEY-II.NFO,07/01/2020,09:29:26,82.5,82.4,8000,82.55,16000,0,1536000
ASHOKLEY-II.NFO,07/01/2020,09:29:32,82.5,82.35,8000,82.5,16000,0,1536000
ASHOKLEY-II.NFO,07/01/2020,09:29:45,82.5,82.3,8000,82.45,8000,0,1536000
ASHOKLEY-II.NFO,07/01/2020,09:29:51,82.5,82.25,16000,82.45,16000,0,1536000
ASHOKLEY-II.NFO,07/01/2020,09:29:57,82.5,82.25,16000,82.45,8000,0,1536000
ASHOKLEY-II.NFO,07/01/2020,09:30:16,82.5,82.4,8000,82.5,8000,0,1536000
ASHOKLEY-II.NFO,07/01/2020,09:30:45,82.5,82.45,8000,82.6,8000,8000,1536000
ASHOKLEY-II.NFO,07/01/2020,09:30:50,82.5,82.5,8000,82.65,8000,0,1536000
ASHOKLEY-II.NFO,07/01/2020,09:30:55,82.5,82.55,8000,82.7,24000,0,1536000
ASHOKLEY-II.NFO,07/01/2020,09:31:01,82.5,82.6,8000,82.75,24000,0,1536000
ASHOKLEY-II.NFO,07/01/2020,09:31:07,82.5,82.6,8000,82.75,8000,0,1536000
ASHOKLEY-II.NFO,07/01/2020,09:31:13,82.5,82.65,8000,82.8,16000,0,1536000
ASHOKLEY-II.NFO,07/01/2020,09:31:19,82.5,82.6,8000,82.75,8000,0,1536000
ASHOKLEY-II.NFO,07/01/2020,09:31:31,82.5,82.65,16000,82.8,16000,0,1536000
ASHOKLEY-II.NFO,07/01/2020,09:31:36,82.5,82.65,16000,82.8,8000,0,1536000
ASHOKLEY-II.NFO,07/01/2020,09:31:41,82.5,82.65,16000,82.8,24000,0,1536000
ASHOKLEY-II.NFO,07/01/2020,09:31:47,82.5,82.65,16000,82.8,8000,0,1536000
ASHOKLEY-II.NFO,07/01/2020,09:31:52,82.5,82.7,8000,82.85,24000,0,1536000
ASHOKLEY-II.NFO,07/01/2020,09:32:22,82.5,82.8,8000,82.95,24000,0,1536000
ASHOKLEY-II.NFO,07/01/2020,09:32:35,82.8,82.8,8000,82.95,8000,8000,1568000
ASHOKLEY-II.NFO,07/01/2020,09:32:35,82.8,82.8,8000,82.95,8000,0,1568000
ASHOKLEY-II.NFO,07/01/2020,09:32:40,82.8,82.8,8000,82.95,24000,0,1568000
ASHOKLEY-II.NFO,07/01/2020,09:32:53,82.8,82.75,8000,82.95,24000,0,1568000
ASHOKLEY-II.NFO,07/01/2020,09:32:58,82.8,82.75,8000,82.9,24000,0,1568000
ASHOKLEY-II.NFO,07/01/2020,09:33:03,82.8,82.75,8000,82.95,24000,0,1568000
ASHOKLEY-II.NFO,07/01/2020,09:33:09,82.8,82.75,8000,82.9,16000,0,1568000
ASHOKLEY-II.NFO,07/01/2020,09:33:14,82.8,82.75,8000,82.95,32000,0,1568000
ASHOKLEY-II.NFO,07/01/2020,09:33:20,82.8,82.75,8000,82.9,16000,0,1568000
ASHOKLEY-II.NFO,07/01/2020,09:33:31,82.8,82.7,8000,82.85,8000,0,1568000
ASHOKLEY-II.NFO,07/01/2020,09:33:42,82.8,82.7,8000,82.85,24000,0,1568000
ASHOKLEY-II.NFO,07/01/2020,09:34:13,82.8,82.65,8000,82.85,24000,0,1568000
ASHOKLEY-II.NFO,07/01/2020,09:34:33,82.8,82.5,8000,82.7,8000,0,1568000
ASHOKLEY-II.NFO,07/01/2020,09:34:39,82.8,82.55,8000,82.7,24000,0,1568000
ASHOKLEY-II.NFO,07/01/2020,09:34:53,82.8,82.55,8000,82.7,8000,0,1568000
ASHOKLEY-II.NFO,07/01/2020,09:34:58,82.8,82.55,8000,82.7,24000,0,1568000
ASHOKLEY-II.NFO,07/01/2020,09:35:03,82.8,82.55,8000,82.75,24000,0,1568000
ASHOKLEY-II.NFO,07/01/2020,09:35:23,82.8,82.5,8000,82.75,24000,0,1568000
ASHOKLEY-II.NFO,07/01/2020,09:35:29,82.8,82.5,8000,82.7,24000,0,1568000
ASHOKLEY-II.NFO,07/01/2020,09:35:34,82.8,82.5,8000,82.65,24000,0,1568000
ASHOKLEY-II.NFO,07/01/2020,09:35:48,82.8,82.3,16000,82.5,8000,0,1568000
ASHOKLEY-II.NFO,07/01/2020,09:35:54,82.8,82.45,8000,82.6,16000,0,1568000
ASHOKLEY-II.NFO,07/01/2020,09:36:01,82.8,82.4,8000,82.55,8000,0,1568000
ASHOKLEY-II.NFO,07/01/2020,09:36:12,82.8,82.45,8000,82.6,8000,0,1568000
ASHOKLEY-II.NFO,07/01/2020,09:36:35,82.8,82.5,8000,82.65,16000,0,1568000
ASHOKLEY-II.NFO,07/01/2020,09:36:39,82.8,82.45,8000,82.6,8000,0,1568000
ASHOKLEY-II.NFO,07/01/2020,09:36:54,82.8,82.45,8000,82.6,16000,0,1568000
ASHOKLEY-II.NFO,07/01/2020,09:37:19,82.8,82.5,8000,82.6,8000,0,1568000
ASHOKLEY-II.NFO,07/01/2020,09:38:22,82.8,82.55,8000,82.6,8000,0,1568000
ASHOKLEY-II.NFO,07/01/2020,09:38:26,82.6,82.55,8000,82.7,32000,8000,1560000
ASHOKLEY-II.NFO,07/01/2020,09:38:35,82.6,82.55,8000,82.7,32000,0,1560000
ASHOKLEY-II.NFO,07/01/2020,09:38:40,82.6,82.5,16000,82.7,32000,0,1560000
ASHOKLEY-II.NFO,07/01/2020,09:39:18,82.6,82.5,16000,82.7,8000,0,1560000
ASHOKLEY-II.NFO,07/01/2020,09:39:30,82.6,82.5,16000,82.7,24000,0,1560000
ASHOKLEY-II.NFO,07/01/2020,09:39:45,82.6,82.5,16000,82.65,24000,0,1560000
ASHOKLEY-II.NFO,07/01/2020,09:40:20,82.6,82.45,16000,82.65,24000,0,1560000
ASHOKLEY-II.NFO,07/01/2020,09:41:00,82.6,82.45,16000,82.7,24000,0,1560000
ASHOKLEY-II.NFO,07/01/2020,09:41:20,82.6,82.55,8000,82.7,24000,0,1560000
ASHOKLEY-II.NFO,07/01/2020,09:41:26,82.6,82.55,8000,82.7,8000,0,1560000
ASHOKLEY-II.NFO,07/01/2020,09:42:42,82.6,82.6,16000,82.75,16000,0,1560000
ASHOKLEY-II.NFO,07/01/2020,09:42:48,82.6,82.55,8000,82.7,8000,0,1560000
ASHOKLEY-II.NFO,07/01/2020,09:42:54,82.6,82.55,8000,82.7,24000,0,1560000
ASHOKLEY-II.NFO,07/01/2020,09:43:06,82.6,82.5,8000,82.7,24000,0,1560000
ASHOKLEY-II.NFO,07/01/2020,09:43:12,82.6,82.45,8000,82.6,8000,0,1560000
ASHOKLEY-II.NFO,07/01/2020,09:43:52,82.6,82.45,8000,82.65,8000,0,1560000
ASHOKLEY-II.NFO,07/01/2020,09:43:57,82.6,82.5,8000,82.65,8000,0,1560000
ASHOKLEY-II.NFO,07/01/2020,09:44:02,82.6,82.45,8000,82.65,8000,0,1560000
ASHOKLEY-II.NFO,07/01/2020,09:44:08,82.6,82.5,8000,82.65,8000,0,1560000
ASHOKLEY-II.NFO,07/01/2020,09:44:13,82.6,82.55,8000,82.7,8000,0,1560000
ASHOKLEY-II.NFO,07/01/2020,09:44:24,82.6,82.6,16000,82.75,8000,0,1560000
ASHOKLEY-II.NFO,07/01/2020,09:44:34,82.6,82.65,8000,82.8,24000,0,1560000
ASHOKLEY-II.NFO,07/01/2020,09:44:40,82.6,82.65,8000,82.8,8000,0,1560000
ASHOKLEY-II.NFO,07/01/2020,09:44:51,82.6,82.65,8000,82.8,24000,0,1560000
ASHOKLEY-II.NFO,07/01/2020,09:44:57,82.6,82.6,16000,82.8,24000,0,1560000
ASHOKLEY-II.NFO,07/01/2020,09:45:02,82.6,82.65,8000,82.8,8000,0,1560000
ASHOKLEY-II.NFO,07/01/2020,09:45:08,82.6,82.7,16000,82.85,16000,0,1560000
ASHOKLEY-II.NFO,07/01/2020,09:45:14,82.6,82.7,16000,82.85,8000,0,1560000
ASHOKLEY-II.NFO,07/01/2020,09:45:20,82.6,82.75,8000,82.9,16000,0,1560000
ASHOKLEY-II.NFO,07/01/2020,09:45:26,82.6,82.7,16000,82.85,8000,0,1560000
ASHOKLEY-II.NFO,07/01/2020,09:45:31,82.6,82.7,16000,82.9,24000,0,1560000
ASHOKLEY-II.NFO,07/01/2020,09:45:41,82.6,82.7,16000,82.85,24000,0,1560000
ASHOKLEY-II.NFO,07/01/2020,09:45:50,82.6,82.7,16000,82.9,24000,0,1560000
ASHOKLEY-II.NFO,07/01/2020,09:45:55,82.6,82.75,8000,82.9,24000,0,1560000
ASHOKLEY-II.NFO,07/01/2020,09:46:03,82.95,82.95,8000,83.1,8000,32000,1568000
ASHOKLEY-II.NFO,07/01/2020,09:46:03,82.95,82.95,8000,83.1,8000,0,1568000
ASHOKLEY-II.NFO,07/01/2020,09:46:08,82.95,82.95,8000,83.1,8000,0,1568000
ASHOKLEY-II.NFO,07/01/2020,09:46:13,82.95,83,8000,83.15,8000,0,1568000
ASHOKLEY-II.NFO,07/01/2020,09:46:18,82.95,83,8000,83.2,8000,0,1568000
ASHOKLEY-II.NFO,07/01/2020,09:46:23,82.95,83.05,8000,83.2,16000,0,1568000
ASHOKLEY-II.NFO,07/01/2020,09:46:28,82.95,83,16000,83.2,16000,0,1568000
ASHOKLEY-II.NFO,07/01/2020,09:46:34,82.95,83,16000,83.15,8000,0,1568000
ASHOKLEY-II.NFO,07/01/2020,09:46:39,82.95,82.9,24000,83.2,16000,0,1568000
ASHOKLEY-II.NFO,07/01/2020,09:46:45,82.95,82.9,24000,83.15,8000,0,1568000
ASHOKLEY-II.NFO,07/01/2020,09:46:50,82.95,82.9,24000,83.2,8000,0,1568000
ASHOKLEY-II.NFO,07/01/2020,09:46:54,82.95,82.9,24000,83.15,8000,0,1568000
ASHOKLEY-II.NFO,07/01/2020,09:46:58,82.95,83,8000,83.15,8000,0,1568000
ASHOKLEY-II.NFO,07/01/2020,09:47:11,82.95,82.9,24000,83.1,8000,0,1568000
ASHOKLEY-II.NFO,07/01/2020,09:47:16,82.95,82.9,24000,83.1,16000,0,1568000
ASHOKLEY-II.NFO,07/01/2020,09:47:20,82.95,82.9,16000,83.1,16000,0,1568000
ASHOKLEY-II.NFO,07/01/2020,09:47:47,82.95,82.95,8000,83.1,16000,0,1568000
ASHOKLEY-II.NFO,07/01/2020,09:47:56,82.95,82.9,16000,83.15,16000,0,1568000
ASHOKLEY-II.NFO,07/01/2020,09:48:01,82.95,83,8000,83.15,8000,0,1568000
ASHOKLEY-II.NFO,07/01/2020,09:48:05,82.95,82.95,8000,83.15,16000,0,1568000
ASHOKLEY-II.NFO,07/01/2020,09:48:39,82.95,82.95,8000,83.1,16000,0,1568000
ASHOKLEY-II.NFO,07/01/2020,09:48:44,82.95,83,8000,83.05,8000,0,1568000
ASHOKLEY-II.NFO,07/01/2020,09:48:51,82.95,83,8000,83.1,8000,0,1568000
ASHOKLEY-II.NFO,07/01/2020,09:49:04,82.95,83,8000,83.15,16000,0,1568000
ASHOKLEY-II.NFO,07/01/2020,09:49:16,82.95,83,8000,83.1,8000,0,1568000
ASHOKLEY-II.NFO,07/01/2020,09:49:36,82.95,83,8000,83.1,16000,0,1568000
ASHOKLEY-II.NFO,07/01/2020,09:49:52,82.95,82.9,8000,83.1,16000,0,1568000
ASHOKLEY-II.NFO,07/01/2020,09:50:17,82.95,82.85,8000,83.05,16000,0,1568000
ASHOKLEY-II.NFO,07/01/2020,09:50:25,82.95,82.85,8000,83,8000,0,1568000
ASHOKLEY-II.NFO,07/01/2020,09:50:39,82.95,82.8,8000,82.95,8000,0,1568000
ASHOKLEY-II.NFO,07/01/2020,09:50:45,82.95,82.85,8000,83,24000,0,1568000
ASHOKLEY-II.NFO,07/01/2020,09:50:49,82.95,82.75,16000,83,24000,0,1568000
ASHOKLEY-II.NFO,07/01/2020,09:51:29,82.95,82.75,16000,82.95,8000,0,1568000
ASHOKLEY-II.NFO,07/01/2020,09:52:18,82.95,82.75,16000,82.95,16000,0,1568000
ASHOKLEY-II.NFO,07/01/2020,09:52:28,82.95,82.75,16000,82.9,8000,0,1568000
ASHOKLEY-II.NFO,07/01/2020,09:52:33,82.95,82.75,16000,82.95,8000,0,1568000
ASHOKLEY-II.NFO,07/01/2020,09:53:32,82.95,82.75,16000,82.9,8000,0,1568000
ASHOKLEY-II.NFO,07/01/2020,09:53:36,82.95,82.75,16000,82.9,16000,0,1568000
ASHOKLEY-II.NFO,07/01/2020,09:54:03,82.95,82.75,24000,82.85,8000,0,1568000
ASHOKLEY-II.NFO,07/01/2020,09:54:09,82.95,82.7,16000,82.8,8000,0,1568000
ASHOKLEY-II.NFO,07/01/2020,09:54:13,82.95,82.65,16000,82.8,16000,0,1568000
ASHOKLEY-II.NFO,07/01/2020,09:54:23,82.95,82.55,8000,82.7,8000,0,1568000
ASHOKLEY-II.NFO,07/01/2020,09:54:28,82.95,82.6,8000,82.75,16000,0,1568000
ASHOKLEY-II.NFO,07/01/2020,09:54:33,82.95,82.55,8000,82.7,8000,0,1568000
ASHOKLEY-II.NFO,07/01/2020,09:54:37,82.95,82.55,8000,82.75,16000,0,1568000
ASHOKLEY-II.NFO,07/01/2020,09:54:41,82.95,82.5,16000,82.7,16000,0,1568000
ASHOKLEY-II.NFO,07/01/2020,09:54:58,82.95,82.5,16000,82.7,8000,0,1568000
ASHOKLEY-II.NFO,07/01/2020,09:55:02,82.95,82.6,16000,82.75,16000,0,1568000
ASHOKLEY-II.NFO,07/01/2020,09:55:08,82.95,82.6,16000,82.75,8000,0,1568000
ASHOKLEY-II.NFO,07/01/2020,09:55:39,82.95,82.65,8000,82.8,16000,0,1568000
ASHOKLEY-II.NFO,07/01/2020,09:55:44,82.95,82.6,16000,82.8,16000,0,1568000
ASHOKLEY-II.NFO,07/01/2020,09:55:48,82.95,82.6,16000,82.75,16000,0,1568000
ASHOKLEY-II.NFO,07/01/2020,09:55:55,82.95,82.6,16000,82.8,16000,0,1568000
ASHOKLEY-II.NFO,07/01/2020,09:55:58,82.95,82.6,24000,82.75,16000,0,1568000
ASHOKLEY-II.NFO,07/01/2020,09:56:02,82.95,82.6,24000,82.8,16000,0,1568000
ASHOKLEY-II.NFO,07/01/2020,09:56:06,82.95,82.6,8000,82.7,16000,0,1568000
ASHOKLEY-II.NFO,07/01/2020,09:56:21,82.95,82.6,8000,82.7,8000,0,1568000
ASHOKLEY-II.NFO,07/01/2020,09:56:53,82.95,82.6,8000,82.65,8000,0,1568000
ASHOKLEY-II.NFO,07/01/2020,09:57:01,82.6,82.4,8000,82.55,8000,8000,1560000
ASHOKLEY-II.NFO,07/01/2020,09:57:06,82.6,82.4,8000,82.55,8000,0,1560000
ASHOKLEY-II.NFO,07/01/2020,09:57:23,82.6,82.35,16000,82.5,16000,0,1560000
ASHOKLEY-II.NFO,07/01/2020,09:57:27,82.6,82.35,16000,82.55,24000,0,1560000
ASHOKLEY-II.NFO,07/01/2020,09:57:49,82.6,82.35,16000,82.55,8000,0,1560000
ASHOKLEY-II.NFO,07/01/2020,09:57:56,82.6,82.35,16000,82.55,16000,0,1560000
ASHOKLEY-II.NFO,07/01/2020,09:58:10,82.6,82.4,8000,82.5,8000,0,1560000
ASHOKLEY-II.NFO,07/01/2020,09:58:20,82.6,82.45,8000,82.5,8000,0,1560000
ASHOKLEY-II.NFO,07/01/2020,09:58:33,82.6,82.35,8000,82.5,8000,0,1560000
ASHOKLEY-II.NFO,07/01/2020,09:58:38,82.6,82.3,16000,82.4,8000,0,1560000
ASHOKLEY-II.NFO,07/01/2020,09:58:42,82.6,82.3,16000,82.45,8000,0,1560000
ASHOKLEY-II.NFO,07/01/2020,09:58:48,82.6,82.2,24000,82.4,16000,0,1560000
ASHOKLEY-II.NFO,07/01/2020,09:58:59,82.6,82.3,8000,82.45,16000,0,1560000
ASHOKLEY-II.NFO,07/01/2020,09:59:03,82.6,82.2,24000,82.4,16000,0,1560000
ASHOKLEY-II.NFO,07/01/2020,09:59:14,82.6,82.3,8000,82.4,8000,0,1560000
ASHOKLEY-II.NFO,07/01/2020,09:59:18,82.6,82.3,16000,82.4,8000,0,1560000
ASHOKLEY-II.NFO,07/01/2020,09:59:31,82.6,82.3,16000,82.45,16000,0,1560000
ASHOKLEY-II.NFO,07/01/2020,10:00:03,82.6,82.3,16000,82.45,8000,0,1560000
ASHOKLEY-II.NFO,07/01/2020,10:00:39,82.6,82.25,16000,82.4,24000,0,1560000
ASHOKLEY-II.NFO,07/01/2020,10:00:45,82.6,82.25,16000,82.35,8000,0,1560000
ASHOKLEY-II.NFO,07/01/2020,10:00:51,82.6,82.25,16000,82.4,32000,0,1560000
ASHOKLEY-II.NFO,07/01/2020,10:00:57,82.6,82.15,8000,82.3,8000,0,1560000
ASHOKLEY-II.NFO,07/01/2020,10:01:03,82.6,82.15,8000,82.3,16000,0,1560000
ASHOKLEY-II.NFO,07/01/2020,10:01:09,82.6,82.15,8000,82.3,8000,0,1560000
ASHOKLEY-II.NFO,07/01/2020,10:01:14,82.6,82.2,16000,82.35,16000,0,1560000
ASHOKLEY-II.NFO,07/01/2020,10:01:20,82.6,82.15,16000,82.3,8000,0,1560000
ASHOKLEY-II.NFO,07/01/2020,10:01:33,82.6,82.15,24000,82.25,8000,0,1560000
ASHOKLEY-II.NFO,07/01/2020,10:02:05,82.6,82.2,8000,82.25,8000,0,1560000
ASHOKLEY-II.NFO,07/01/2020,10:02:11,82.6,82.15,24000,82.25,8000,0,1560000
ASHOKLEY-II.NFO,07/01/2020,10:02:17,82.6,82.2,8000,82.25,8000,0,1560000
ASHOKLEY-II.NFO,07/01/2020,10:02:22,82.25,82.2,16000,82.35,8000,8000,1560000
ASHOKLEY-II.NFO,07/01/2020,10:02:22,82.25,82.2,16000,82.35,8000,0,1560000
ASHOKLEY-II.NFO,07/01/2020,10:02:27,82.25,82.25,16000,82.4,16000,0,1560000
ASHOKLEY-II.NFO,07/01/2020,10:02:33,82.25,82.2,32000,82.35,8000,0,1560000
ASHOKLEY-II.NFO,07/01/2020,10:02:58,82.25,82.25,16000,82.4,16000,0,1560000
ASHOKLEY-II.NFO,07/01/2020,10:03:07,82.25,82.2,32000,82.35,16000,0,1560000
ASHOKLEY-II.NFO,07/01/2020,10:03:12,82.25,82.25,16000,82.4,16000,0,1560000
ASHOKLEY-II.NFO,07/01/2020,10:03:18,82.25,82.2,32000,82.35,16000,0,1560000
ASHOKLEY-II.NFO,07/01/2020,10:03:22,82.25,82.25,16000,82.35,8000,0,1560000
ASHOKLEY-II.NFO,07/01/2020,10:03:32,82.25,82.15,32000,82.3,16000,0,1560000
ASHOKLEY-II.NFO,07/01/2020,10:03:47,82.25,82.1,16000,82.25,16000,0,1560000
ASHOKLEY-II.NFO,07/01/2020,10:03:51,82.25,82.05,16000,82.2,24000,0,1560000
ASHOKLEY-II.NFO,07/01/2020,10:03:56,82.25,82.05,24000,82.15,8000,0,1560000
ASHOKLEY-II.NFO,07/01/2020,10:04:00,82.25,82.1,8000,82.25,16000,0,1560000
ASHOKLEY-II.NFO,07/01/2020,10:04:05,82.25,82.05,16000,82.2,8000,0,1560000
ASHOKLEY-II.NFO,07/01/2020,10:04:10,82.25,82.1,16000,82.25,16000,0,1560000
ASHOKLEY-II.NFO,07/01/2020,10:04:22,82.25,82.1,16000,82.25,8000,0,1560000
ASHOKLEY-II.NFO,07/01/2020,10:04:31,82.25,82.15,16000,82.3,8000,0,1560000
ASHOKLEY-II.NFO,07/01/2020,10:04:37,82.25,82.2,16000,82.35,16000,0,1560000
ASHOKLEY-II.NFO,07/01/2020,10:04:41,82.25,82.2,16000,82.3,8000,0,1560000
ASHOKLEY-II.NFO,07/01/2020,10:04:53,82.25,82.15,32000,82.3,8000,0,1560000
ASHOKLEY-II.NFO,07/01/2020,10:05:01,82.25,82.15,24000,82.3,8000,0,1560000
ASHOKLEY-II.NFO,07/01/2020,10:05:13,82.25,82.15,24000,82.3,24000,0,1560000
ASHOKLEY-II.NFO,07/01/2020,10:05:23,82.25,82.15,24000,82.3,16000,0,1560000
ASHOKLEY-II.NFO,07/01/2020,10:05:35,82.25,82.05,8000,82.2,16000,0,1560000
ASHOKLEY-II.NFO,07/01/2020,10:05:47,82.25,82.15,8000,82.3,8000,0,1560000
ASHOKLEY-II.NFO,07/01/2020,10:06:07,82.25,82.1,24000,82.25,16000,0,1560000
ASHOKLEY-II.NFO,07/01/2020,10:06:12,82.25,82.1,24000,82.25,8000,0,1560000
ASHOKLEY-II.NFO,07/01/2020,10:06:20,82.25,82.1,24000,82.25,16000,0,1560000
ASHOKLEY-II.NFO,07/01/2020,10:06:35,82.25,82.15,16000,82.3,72000,0,1560000
ASHOKLEY-II.NFO,07/01/2020,10:06:40,82.25,82.15,16000,82.25,8000,0,1560000
ASHOKLEY-II.NFO,07/01/2020,10:06:45,82.25,82.1,8000,82.25,16000,0,1560000
ASHOKLEY-II.NFO,07/01/2020,10:06:51,82.25,82.1,16000,82.25,16000,0,1560000
ASHOKLEY-II.NFO,07/01/2020,10:07:01,82.25,82.05,8000,82.2,8000,0,1560000
ASHOKLEY-II.NFO,07/01/2020,10:07:06,82.25,82.05,8000,82.2,16000,0,1560000
ASHOKLEY-II.NFO,07/01/2020,10:07:16,82.25,82.05,8000,82.2,24000,0,1560000
ASHOKLEY-II.NFO,07/01/2020,10:07:22,82.25,82,24000,82.2,24000,0,1560000
ASHOKLEY-II.NFO,07/01/2020,10:07:32,82,81.9,40000,82,8000,24000,1552000
ASHOKLEY-II.NFO,07/01/2020,10:07:32,82,81.9,40000,82,8000,0,1552000
ASHOKLEY-II.NFO,07/01/2020,10:07:37,82,81.9,40000,82,8000,0,1552000
ASHOKLEY-II.NFO,07/01/2020,10:07:42,82,81.85,16000,82,8000,0,1552000
ASHOKLEY-II.NFO,07/01/2020,10:07:47,82,81.9,16000,82.05,24000,0,1552000
ASHOKLEY-II.NFO,07/01/2020,10:07:52,82,81.95,16000,82.05,8000,0,1552000
ASHOKLEY-II.NFO,07/01/2020,10:07:58,82,81.9,16000,82.05,8000,0,1552000
ASHOKLEY-II.NFO,07/01/2020,10:08:16,82,81.95,16000,82.05,8000,0,1552000
ASHOKLEY-II.NFO,07/01/2020,10:08:26,82,81.95,16000,82.1,8000,0,1552000
ASHOKLEY-II.NFO,07/01/2020,10:08:36,82,82.05,24000,82.15,8000,0,1552000
ASHOKLEY-II.NFO,07/01/2020,10:08:50,82,82,8000,82.15,8000,0,1552000
ASHOKLEY-II.NFO,07/01/2020,10:09:02,82,82,16000,82.15,8000,0,1552000
ASHOKLEY-II.NFO,07/01/2020,10:09:11,82,82,16000,82.15,16000,0,1552000
ASHOKLEY-II.NFO,07/01/2020,10:09:20,82,82,16000,82.15,8000,0,1552000
ASHOKLEY-II.NFO,07/01/2020,10:09:25,82,82.05,16000,82.2,16000,0,1552000
ASHOKLEY-II.NFO,07/01/2020,10:09:30,82,82,8000,82.15,8000,8000,1544000
ASHOKLEY-II.NFO,07/01/2020,10:10:01,82,82.05,16000,82.2,8000,0,1544000
ASHOKLEY-II.NFO,07/01/2020,10:10:07,82,82.1,8000,82.2,8000,0,1544000
ASHOKLEY-II.NFO,07/01/2020,10:10:12,82,82.05,16000,82.2,8000,0,1544000
ASHOKLEY-II.NFO,07/01/2020,10:10:17,82,82.05,24000,82.2,8000,0,1544000
ASHOKLEY-II.NFO,07/01/2020,10:10:21,82,82.1,8000,82.2,8000,0,1544000
ASHOKLEY-II.NFO,07/01/2020,10:10:33,82,82.1,8000,82.25,16000,0,1544000
ASHOKLEY-II.NFO,07/01/2020,10:10:38,82,82.15,16000,82.25,8000,0,1544000
ASHOKLEY-II.NFO,07/01/2020,10:10:45,82,82.15,8000,82.25,8000,0,1544000
ASHOKLEY-II.NFO,07/01/2020,10:11:14,82,82.15,8000,82.3,16000,0,1544000
ASHOKLEY-II.NFO,07/01/2020,10:11:29,82,82.15,8000,82.25,8000,0,1544000
ASHOKLEY-II.NFO,07/01/2020,10:11:46,82,82.15,8000,82.3,8000,0,1544000
ASHOKLEY-II.NFO,07/01/2020,10:11:49,82,82.2,8000,82.3,8000,0,1544000
ASHOKLEY-II.NFO,07/01/2020,10:11:53,82,82.15,8000,82.3,8000,0,1544000
ASHOKLEY-II.NFO,07/01/2020,10:12:02,82.3,82.15,8000,82.3,8000,8000,1544000
ASHOKLEY-II.NFO,07/01/2020,10:12:06,82.3,82.2,8000,82.35,8000,0,1544000
ASHOKLEY-II.NFO,07/01/2020,10:12:18,82.3,82.25,8000,82.4,16000,0,1544000
ASHOKLEY-II.NFO,07/01/2020,10:12:22,82.3,82.25,8000,82.4,8000,0,1544000
ASHOKLEY-II.NFO,07/01/2020,10:12:47,82.3,82.2,8000,82.4,8000,0,1544000
ASHOKLEY-II.NFO,07/01/2020,10:12:51,82.3,82.2,16000,82.4,8000,0,1544000
ASHOKLEY-II.NFO,07/01/2020,10:12:59,82.3,82.25,8000,82.4,8000,0,1544000
ASHOKLEY-II.NFO,07/01/2020,10:13:16,82.3,82.2,16000,82.4,8000,0,1544000
ASHOKLEY-II.NFO,07/01/2020,10:13:38,82.3,82.25,8000,82.4,8000,0,1544000
ASHOKLEY-II.NFO,07/01/2020,10:13:45,82.3,82.3,8000,82.45,16000,0,1544000
ASHOKLEY-II.NFO,07/01/2020,10:13:50,82.3,82.25,8000,82.4,8000,0,1544000
ASHOKLEY-II.NFO,07/01/2020,10:13:56,82.3,82.25,16000,82.4,8000,0,1544000
ASHOKLEY-II.NFO,07/01/2020,10:14:00,82.3,82.3,8000,82.4,8000,0,1544000
ASHOKLEY-II.NFO,07/01/2020,10:14:05,82.3,82.3,24000,82.45,16000,0,1544000
ASHOKLEY-II.NFO,07/01/2020,10:14:10,82.3,82.3,24000,82.45,8000,0,1544000
ASHOKLEY-II.NFO,07/01/2020,10:14:26,82.3,82.35,8000,82.55,24000,0,1544000
ASHOKLEY-II.NFO,07/01/2020,10:14:31,82.3,82.4,16000,82.55,24000,0,1544000
ASHOKLEY-II.NFO,07/01/2020,10:14:36,82.3,82.35,8000,82.55,40000,0,1544000
ASHOKLEY-II.NFO,07/01/2020,10:14:41,82.3,82.35,16000,82.5,8000,0,1544000
ASHOKLEY-II.NFO,07/01/2020,10:15:10,82.3,82.35,16000,82.55,24000,0,1544000
ASHOKLEY-II.NFO,07/01/2020,10:15:25,82.3,82.4,8000,82.55,24000,0,1544000
ASHOKLEY-II.NFO,07/01/2020,10:15:30,82.3,82.35,16000,82.55,24000,0,1544000
ASHOKLEY-II.NFO,07/01/2020,10:15:50,82.3,82.3,8000,82.45,8000,0,1544000
ASHOKLEY-II.NFO,07/01/2020,10:15:56,82.3,82.3,16000,82.45,8000,0,1544000
ASHOKLEY-II.NFO,07/01/2020,10:16:06,82.3,82.3,8000,82.45,8000,0,1544000
ASHOKLEY-II.NFO,07/01/2020,10:16:39,82.3,82.25,8000,82.45,8000,0,1544000
ASHOKLEY-II.NFO,07/01/2020,10:16:47,82.3,82.2,16000,82.35,8000,0,1544000
ASHOKLEY-II.NFO,07/01/2020,10:16:51,82.3,82.15,8000,82.35,16000,0,1544000
ASHOKLEY-II.NFO,07/01/2020,10:17:19,82.3,82.2,8000,82.35,16000,0,1544000
ASHOKLEY-II.NFO,07/01/2020,10:17:55,82.2,82.15,8000,82.3,16000,8000,1544000
ASHOKLEY-II.NFO,07/01/2020,10:18:10,82.2,82.15,8000,82.35,8000,0,1544000
ASHOKLEY-II.NFO,07/01/2020,10:18:56,82.2,82.15,8000,82.3,8000,0,1544000
ASHOKLEY-II.NFO,07/01/2020,10:19:06,82.2,82.1,16000,82.25,8000,0,1544000
ASHOKLEY-II.NFO,07/01/2020,10:19:14,82.2,82.1,24000,82.25,8000,0,1544000
ASHOKLEY-II.NFO,07/01/2020,10:19:18,82.2,82.15,8000,82.3,8000,0,1544000
ASHOKLEY-II.NFO,07/01/2020,10:19:50,82.2,82.15,16000,82.3,8000,0,1544000
ASHOKLEY-II.NFO,07/01/2020,10:19:55,82.2,82.2,8000,82.35,16000,0,1544000
ASHOKLEY-II.NFO,07/01/2020,10:20:04,82.2,82.2,16000,82.4,32000,0,1544000
ASHOKLEY-II.NFO,07/01/2020,10:20:13,82.2,82.2,24000,82.4,32000,0,1544000
ASHOKLEY-II.NFO,07/01/2020,10:20:18,82.2,82.2,16000,82.4,32000,0,1544000
ASHOKLEY-II.NFO,07/01/2020,10:20:22,82.2,82.2,24000,82.4,32000,0,1544000
ASHOKLEY-II.NFO,07/01/2020,10:20:25,82.2,82.25,8000,82.4,16000,0,1544000
ASHOKLEY-II.NFO,07/01/2020,10:20:29,82.2,82.2,16000,82.4,16000,0,1544000
ASHOKLEY-II.NFO,07/01/2020,10:20:37,82.2,82.2,24000,82.4,16000,0,1544000
ASHOKLEY-II.NFO,07/01/2020,10:20:45,82.2,82.25,8000,82.4,16000,0,1544000
ASHOKLEY-II.NFO,07/01/2020,10:20:56,82.2,82.25,16000,82.4,16000,0,1544000
ASHOKLEY-II.NFO,07/01/2020,10:21:03,82.2,82.25,16000,82.45,8000,0,1544000
ASHOKLEY-II.NFO,07/01/2020,10:21:11,82.2,82.25,16000,82.4,8000,0,1544000
ASHOKLEY-II.NFO,07/01/2020,10:21:19,82.2,82.3,16000,82.45,8000,0,1544000
ASHOKLEY-II.NFO,07/01/2020,10:21:23,82.2,82.3,24000,82.45,8000,0,1544000
ASHOKLEY-II.NFO,07/01/2020,10:21:35,82.2,82.3,16000,82.45,8000,0,1544000
ASHOKLEY-II.NFO,07/01/2020,10:21:50,82.2,82.25,16000,82.45,8000,0,1544000
ASHOKLEY-II.NFO,07/01/2020,10:22:03,82.2,82.25,8000,82.35,8000,0,1544000
ASHOKLEY-II.NFO,07/01/2020,10:22:07,82.2,82.25,16000,82.4,8000,0,1544000
ASHOKLEY-II.NFO,07/01/2020,10:22:12,82.2,82.25,8000,82.35,8000,0,1544000
ASHOKLEY-II.NFO,07/01/2020,10:22:24,82.2,82.25,8000,82.4,8000,0,1544000
ASHOKLEY-II.NFO,07/01/2020,10:22:42,82.2,82.25,8000,82.35,24000,0,1544000
ASHOKLEY-II.NFO,07/01/2020,10:22:48,82.25,82.15,8000,82.3,8000,8000,1536000
ASHOKLEY-II.NFO,07/01/2020,10:23:18,82.25,82.15,8000,82.3,72000,0,1536000
ASHOKLEY-II.NFO,07/01/2020,10:23:27,82.25,82.2,16000,82.3,64000,0,1536000
ASHOKLEY-II.NFO,07/01/2020,10:23:36,82.25,82.2,24000,82.3,64000,0,1536000
ASHOKLEY-II.NFO,07/01/2020,10:23:53,82.25,82.15,16000,82.3,64000,0,1536000
ASHOKLEY-II.NFO,07/01/2020,10:24:13,82.25,82.1,8000,82.25,8000,0,1536000
ASHOKLEY-II.NFO,07/01/2020,10:24:25,82.25,82.1,16000,82.25,8000,0,1536000
ASHOKLEY-II.NFO,07/01/2020,10:24:38,82.25,82.1,8000,82.25,8000,0,1536000
ASHOKLEY-II.NFO,07/01/2020,10:25:23,82.25,82.05,8000,82.25,8000,0,1536000
ASHOKLEY-II.NFO,07/01/2020,10:25:32,82.25,82.05,8000,82.2,16000,0,1536000
ASHOKLEY-II.NFO,07/01/2020,10:25:43,82.25,82.05,8000,82.2,8000,0,1536000
ASHOKLEY-II.NFO,07/01/2020,10:25:48,82.25,82.05,8000,82.25,8000,0,1536000
ASHOKLEY-II.NFO,07/01/2020,10:27:17,82.25,82.1,8000,82.25,8000,0,1536000
ASHOKLEY-II.NFO,07/01/2020,10:27:25,82.25,82.1,8000,82.25,64000,0,1536000
ASHOKLEY-II.NFO,07/01/2020,10:27:47,82.25,82.1,8000,82.25,72000,0,1536000
ASHOKLEY-II.NFO,07/01/2020,10:27:57,82.25,82.1,8000,82.25,16000,0,1536000
ASHOKLEY-II.NFO,07/01/2020,10:28:04,82.1,82.05,16000,82.1,24000,32000,1536000
ASHOKLEY-II.NFO,07/01/2020,10:28:08,82.1,82,24000,82.1,24000,0,1536000
ASHOKLEY-II.NFO,07/01/2020,10:28:27,82.1,82.05,8000,82.1,24000,0,1536000
ASHOKLEY-II.NFO,07/01/2020,10:28:43,82.1,82.05,8000,82.1,48000,0,1536000
ASHOKLEY-II.NFO,07/01/2020,10:29:10,82.1,82.05,8000,82.1,56000,0,1536000
ASHOKLEY-II.NFO,07/01/2020,10:29:44,82.05,82.05,8000,82.1,48000,8000,1520000
ASHOKLEY-II.NFO,07/01/2020,10:30:03,82.05,82,24000,82.1,48000,0,1520000
ASHOKLEY-II.NFO,07/01/2020,10:30:20,82.05,82,32000,82.1,48000,0,1520000
ASHOKLEY-II.NFO,07/01/2020,10:30:26,82.05,82.05,8000,82.1,48000,0,1520000
ASHOKLEY-II.NFO,07/01/2020,10:31:07,82.05,82.05,8000,82.1,24000,0,1520000
ASHOKLEY-II.NFO,07/01/2020,10:31:13,82.1,82.05,16000,82.1,8000,16000,1520000
ASHOKLEY-II.NFO,07/01/2020,10:31:16,82.05,82.05,16000,82.1,8000,24000,1520000
ASHOKLEY-II.NFO,07/01/2020,10:31:25,82.05,82.05,16000,82.1,8000,0,1520000
ASHOKLEY-II.NFO,07/01/2020,10:31:53,82.05,82.05,8000,82.1,8000,0,1520000
ASHOKLEY-II.NFO,07/01/2020,10:31:56,82.05,82,24000,82.1,8000,0,1520000
ASHOKLEY-II.NFO,07/01/2020,10:32:17,82.05,82,24000,82.05,16000,0,1520000
ASHOKLEY-II.NFO,07/01/2020,10:32:22,82,81.9,16000,82.05,16000,24000,1520000
ASHOKLEY-II.NFO,07/01/2020,10:32:27,82.05,81.9,24000,82.1,8000,16000,1504000
ASHOKLEY-II.NFO,07/01/2020,10:32:31,82.05,82,8000,82.1,8000,0,1504000
ASHOKLEY-II.NFO,07/01/2020,10:32:39,82.05,82.05,8000,82.1,8000,0,1504000
ASHOKLEY-II.NFO,07/01/2020,10:32:53,82.05,82,8000,82.1,8000,0,1504000
ASHOKLEY-II.NFO,07/01/2020,10:33:04,82.05,82.05,8000,82.1,8000,0,1504000
ASHOKLEY-II.NFO,07/01/2020,10:33:12,82.05,82,8000,82.1,16000,0,1504000
ASHOKLEY-II.NFO,07/01/2020,10:34:01,82.05,81.95,24000,82.1,16000,0,1504000
ASHOKLEY-II.NFO,07/01/2020,10:34:13,82.05,81.95,8000,82.1,16000,0,1504000
ASHOKLEY-II.NFO,07/01/2020,10:34:28,82.05,81.95,24000,82.1,16000,0,1504000
ASHOKLEY-II.NFO,07/01/2020,10:34:31,82.05,82.05,8000,82.1,8000,0,1504000
ASHOKLEY-II.NFO,07/01/2020,10:35:58,82.1,82.05,8000,82.2,24000,8000,1504000
ASHOKLEY-II.NFO,07/01/2020,10:36:04,82.1,82.05,8000,82.2,24000,0,1504000
ASHOKLEY-II.NFO,07/01/2020,10:36:43,82.1,82.05,16000,82.2,24000,0,1504000
ASHOKLEY-II.NFO,07/01/2020,10:37:07,82.1,82.05,24000,82.2,24000,0,1504000
ASHOKLEY-II.NFO,07/01/2020,10:37:12,82.1,82.05,16000,82.2,24000,0,1504000
ASHOKLEY-II.NFO,07/01/2020,10:37:20,82.1,82.05,8000,82.2,24000,0,1504000
ASHOKLEY-II.NFO,07/01/2020,10:38:05,82.1,82.05,8000,82.2,16000,0,1504000
ASHOKLEY-II.NFO,07/01/2020,10:38:23,82.1,82.05,8000,82.2,24000,0,1504000
ASHOKLEY-II.NFO,07/01/2020,10:39:02,82.1,82.05,8000,82.2,16000,0,1504000
ASHOKLEY-II.NFO,07/01/2020,10:39:06,82.1,82.05,8000,82.2,24000,0,1504000
ASHOKLEY-II.NFO,07/01/2020,10:39:25,82.1,82,16000,82.15,16000,0,1504000
ASHOKLEY-II.NFO,07/01/2020,10:39:40,82.1,81.95,16000,82.1,16000,0,1504000
ASHOKLEY-II.NFO,07/01/2020,10:39:49,82.1,81.95,32000,82.15,24000,0,1504000
ASHOKLEY-II.NFO,07/01/2020,10:40:07,82.1,81.95,32000,82.15,16000,0,1504000
ASHOKLEY-II.NFO,07/01/2020,10:40:43,82.15,81.95,32000,82.15,8000,8000,1504000
ASHOKLEY-II.NFO,07/01/2020,10:41:13,82.15,82.05,8000,82.2,16000,0,1504000
ASHOKLEY-II.NFO,07/01/2020,10:41:25,82.15,82.05,8000,82.25,24000,0,1504000
ASHOKLEY-II.NFO,07/01/2020,10:41:30,82.15,82.05,8000,82.2,16000,0,1504000
ASHOKLEY-II.NFO,07/01/2020,10:41:42,82.15,82.05,8000,82.2,24000,0,1504000
ASHOKLEY-II.NFO,07/01/2020,10:41:49,82.15,82.05,8000,82.25,24000,0,1504000
ASHOKLEY-II.NFO,07/01/2020,10:41:51,82.15,82.1,8000,82.25,24000,0,1504000
ASHOKLEY-II.NFO,07/01/2020,10:42:10,82.15,82.1,8000,82.2,16000,0,1504000
ASHOKLEY-II.NFO,07/01/2020,10:42:16,82.15,82.1,8000,82.2,8000,0,1504000
ASHOKLEY-II.NFO,07/01/2020,10:42:19,82.15,82.1,8000,82.2,16000,0,1504000
ASHOKLEY-II.NFO,07/01/2020,10:42:30,82.15,82.1,8000,82.25,24000,0,1504000
ASHOKLEY-II.NFO,07/01/2020,10:42:50,82.15,82.1,8000,82.2,16000,0,1504000
ASHOKLEY-II.NFO,07/01/2020,10:42:52,82.15,82.1,8000,82.25,24000,0,1504000
ASHOKLEY-II.NFO,07/01/2020,10:43:25,82.15,82.1,8000,82.25,16000,0,1504000
ASHOKLEY-II.NFO,07/01/2020,10:43:32,82.15,82.1,8000,82.25,24000,0,1504000
ASHOKLEY-II.NFO,07/01/2020,10:43:37,82.15,82.1,8000,82.2,16000,0,1504000
ASHOKLEY-II.NFO,07/01/2020,10:43:44,82.15,82.1,8000,82.25,16000,0,1504000
ASHOKLEY-II.NFO,07/01/2020,10:44:19,82.15,82.1,8000,82.25,24000,0,1504000
ASHOKLEY-II.NFO,07/01/2020,10:44:25,82.15,82.05,8000,82.2,16000,0,1504000
ASHOKLEY-II.NFO,07/01/2020,10:44:46,82.15,82.05,8000,82.25,8000,0,1504000
ASHOKLEY-II.NFO,07/01/2020,10:44:48,82.15,82.05,8000,82.25,16000,0,1504000
ASHOKLEY-II.NFO,07/01/2020,10:44:57,82.15,82.05,8000,82.25,24000,0,1504000
ASHOKLEY-II.NFO,07/01/2020,10:45:01,82.15,82.05,8000,82.2,24000,0,1504000
ASHOKLEY-II.NFO,07/01/2020,10:47:17,82.15,82.05,24000,82.2,16000,0,1504000
ASHOKLEY-II.NFO,07/01/2020,10:47:22,82.15,82.05,16000,82.2,16000,0,1504000
ASHOKLEY-II.NFO,07/01/2020,10:48:20,82.15,82.05,16000,82.2,24000,0,1504000
ASHOKLEY-II.NFO,07/01/2020,10:48:36,82.15,81.95,16000,82.1,16000,0,1504000
ASHOKLEY-II.NFO,07/01/2020,10:49:34,82.15,81.95,16000,82.1,24000,0,1504000
ASHOKLEY-II.NFO,07/01/2020,10:49:41,82.15,81.95,16000,82.1,16000,0,1504000
ASHOKLEY-II.NFO,07/01/2020,10:49:59,82.15,81.9,8000,82,16000,0,1504000
ASHOKLEY-II.NFO,07/01/2020,10:50:06,82.15,81.85,16000,82,16000,0,1504000
ASHOKLEY-II.NFO,07/01/2020,10:50:17,82.15,81.85,24000,82.05,24000,0,1504000
ASHOKLEY-II.NFO,07/01/2020,10:50:22,82.15,81.85,16000,82,16000,0,1504000
ASHOKLEY-II.NFO,07/01/2020,10:50:30,82.15,81.85,16000,82.05,24000,0,1504000
ASHOKLEY-II.NFO,07/01/2020,10:50:35,82.15,81.85,16000,82,16000,0,1504000
ASHOKLEY-II.NFO,07/01/2020,10:50:47,82.15,81.95,8000,82,16000,0,1504000
ASHOKLEY-II.NFO,07/01/2020,10:51:52,81.95,81.85,16000,82,16000,8000,1504000
ASHOKLEY-II.NFO,07/01/2020,10:51:52,81.95,81.85,16000,82,16000,0,1504000
ASHOKLEY-II.NFO,07/01/2020,10:52:08,81.7,81.6,8000,81.75,8000,8000,1504000
ASHOKLEY-II.NFO,07/01/2020,10:52:08,81.7,81.6,8000,81.75,8000,0,1504000
ASHOKLEY-II.NFO,07/01/2020,10:52:13,81.7,81.65,8000,81.75,8000,0,1504000
ASHOKLEY-II.NFO,07/01/2020,10:52:17,81.7,81.6,8000,81.75,16000,0,1504000
ASHOKLEY-II.NFO,07/01/2020,10:52:22,81.7,81.65,8000,81.75,16000,0,1504000
ASHOKLEY-II.NFO,07/01/2020,10:52:50,81.7,81.65,8000,81.75,24000,0,1504000
ASHOKLEY-II.NFO,07/01/2020,10:52:54,81.7,81.65,16000,81.8,16000,0,1504000
ASHOKLEY-II.NFO,07/01/2020,10:53:27,81.7,81.6,8000,81.75,16000,0,1504000
ASHOKLEY-II.NFO,07/01/2020,10:53:32,81.7,81.65,8000,81.75,16000,0,1504000
ASHOKLEY-II.NFO,07/01/2020,10:53:37,81.7,81.6,8000,81.75,16000,0,1504000
ASHOKLEY-II.NFO,07/01/2020,10:53:42,81.7,81.65,8000,81.75,16000,0,1504000
ASHOKLEY-II.NFO,07/01/2020,10:54:16,81.7,81.65,16000,81.8,8000,0,1504000
ASHOKLEY-II.NFO,07/01/2020,10:54:21,81.7,81.65,8000,81.8,8000,0,1504000
ASHOKLEY-II.NFO,07/01/2020,10:54:27,81.7,81.6,8000,81.75,16000,0,1504000
ASHOKLEY-II.NFO,07/01/2020,10:54:42,81.7,81.6,8000,81.7,8000,0,1504000
ASHOKLEY-II.NFO,07/01/2020,10:54:47,81.7,81.6,8000,81.75,16000,0,1504000
ASHOKLEY-II.NFO,07/01/2020,10:54:57,81.7,81.6,24000,81.75,8000,0,1504000
ASHOKLEY-II.NFO,07/01/2020,10:55:11,81.7,81.6,24000,81.75,16000,0,1504000
ASHOKLEY-II.NFO,07/01/2020,10:55:16,81.7,81.6,8000,81.7,24000,0,1504000
ASHOKLEY-II.NFO,07/01/2020,10:56:03,81.7,81.6,8000,81.75,8000,0,1504000
ASHOKLEY-II.NFO,07/01/2020,10:56:13,81.7,81.6,16000,81.75,16000,0,1504000
ASHOKLEY-II.NFO,07/01/2020,10:56:18,81.7,81.6,16000,81.75,8000,0,1504000
ASHOKLEY-II.NFO,07/01/2020,10:56:23,81.7,81.6,24000,81.75,16000,0,1504000
ASHOKLEY-II.NFO,07/01/2020,10:56:27,81.7,81.6,16000,81.75,16000,0,1504000
ASHOKLEY-II.NFO,07/01/2020,10:56:32,81.7,81.6,8000,81.7,16000,0,1504000
ASHOKLEY-II.NFO,07/01/2020,10:56:42,81.7,81.6,8000,81.75,16000,0,1504000
ASHOKLEY-II.NFO,07/01/2020,10:56:53,81.7,81.6,8000,81.7,24000,0,1504000
ASHOKLEY-II.NFO,07/01/2020,10:57:02,81.7,81.6,8000,81.7,16000,0,1504000
ASHOKLEY-II.NFO,07/01/2020,10:57:06,81.7,81.55,16000,81.7,16000,0,1504000
ASHOKLEY-II.NFO,07/01/2020,10:57:11,81.7,81.55,8000,81.65,16000,0,1504000
ASHOKLEY-II.NFO,07/01/2020,10:57:24,81.7,81.55,8000,81.65,8000,0,1504000
ASHOKLEY-II.NFO,07/01/2020,10:57:30,81.7,81.5,24000,81.65,16000,0,1504000
ASHOKLEY-II.NFO,07/01/2020,10:57:47,81.7,81.5,16000,81.65,8000,0,1504000
ASHOKLEY-II.NFO,07/01/2020,10:57:52,81.7,81.5,16000,81.65,24000,0,1504000
ASHOKLEY-II.NFO,07/01/2020,10:57:56,81.7,81.5,8000,81.65,24000,0,1504000
ASHOKLEY-II.NFO,07/01/2020,10:58:04,81.7,81.5,16000,81.65,24000,0,1504000
ASHOKLEY-II.NFO,07/01/2020,10:58:09,81.7,81.5,8000,81.65,24000,0,1504000
ASHOKLEY-II.NFO,07/01/2020,10:59:17,81.7,81.5,8000,81.6,16000,0,1504000
ASHOKLEY-II.NFO,07/01/2020,10:59:38,81.7,81.5,8000,81.6,8000,0,1504000
ASHOKLEY-II.NFO,07/01/2020,10:59:49,81.7,81.5,8000,81.6,16000,0,1504000
ASHOKLEY-II.NFO,07/01/2020,10:59:59,81.7,81.5,24000,81.65,16000,0,1504000
ASHOKLEY-II.NFO,07/01/2020,11:00:05,81.7,81.55,8000,81.7,16000,0,1504000
ASHOKLEY-II.NFO,07/01/2020,11:00:18,81.7,81.5,8000,81.65,24000,0,1504000
ASHOKLEY-II.NFO,07/01/2020,11:00:24,81.7,81.5,8000,81.6,16000,0,1504000
ASHOKLEY-II.NFO,07/01/2020,11:00:30,81.7,81.5,8000,81.6,8000,0,1504000
ASHOKLEY-II.NFO,07/01/2020,11:00:37,81.7,81.5,8000,81.65,24000,0,1504000
ASHOKLEY-II.NFO,07/01/2020,11:00:49,81.7,81.45,16000,81.6,16000,0,1504000
ASHOKLEY-II.NFO,07/01/2020,11:00:56,81.7,81.45,8000,81.55,24000,0,1504000
ASHOKLEY-II.NFO,07/01/2020,11:01:03,81.7,81.35,8000,81.45,16000,0,1504000
ASHOKLEY-II.NFO,07/01/2020,11:01:11,81.7,81.3,32000,81.45,24000,0,1504000
ASHOKLEY-II.NFO,07/01/2020,11:01:18,81.7,81.3,8000,81.45,24000,0,1504000
ASHOKLEY-II.NFO,07/01/2020,11:01:25,81.7,81.3,16000,81.45,24000,0,1504000
ASHOKLEY-II.NFO,07/01/2020,11:01:32,81.7,81.3,8000,81.45,24000,0,1504000
ASHOKLEY-II.NFO,07/01/2020,11:01:45,81.7,81.35,24000,81.5,8000,0,1504000
ASHOKLEY-II.NFO,07/01/2020,11:01:53,81.7,81.4,24000,81.55,16000,0,1504000
ASHOKLEY-II.NFO,07/01/2020,11:02:00,81.7,81.45,8000,81.6,16000,0,1504000
ASHOKLEY-II.NFO,07/01/2020,11:02:19,81.7,81.5,24000,81.65,16000,0,1504000
ASHOKLEY-II.NFO,07/01/2020,11:02:25,81.7,81.55,8000,81.7,8000,0,1504000
ASHOKLEY-II.NFO,07/01/2020,11:02:32,81.7,81.55,8000,81.7,24000,0,1504000
ASHOKLEY-II.NFO,07/01/2020,11:02:38,81.7,81.5,24000,81.7,24000,0,1504000
ASHOKLEY-II.NFO,07/01/2020,11:02:44,81.7,81.55,8000,81.7,24000,0,1504000
ASHOKLEY-II.NFO,07/01/2020,11:02:49,81.7,81.5,24000,81.65,16000,0,1504000
ASHOKLEY-II.NFO,07/01/2020,11:02:55,81.7,81.5,8000,81.6,16000,0,1504000
ASHOKLEY-II.NFO,07/01/2020,11:03:01,81.7,81.6,8000,81.7,16000,0,1504000
ASHOKLEY-II.NFO,07/01/2020,11:03:07,81.7,81.55,8000,81.65,16000,0,1504000
ASHOKLEY-II.NFO,07/01/2020,11:03:13,81.7,81.5,8000,81.65,24000,0,1504000
ASHOKLEY-II.NFO,07/01/2020,11:03:40,81.5,81.4,16000,81.55,16000,8000,1504000
ASHOKLEY-II.NFO,07/01/2020,11:03:40,81.5,81.4,16000,81.55,16000,0,1504000
ASHOKLEY-II.NFO,07/01/2020,11:03:47,81.5,81.35,32000,81.55,24000,0,1504000
ASHOKLEY-II.NFO,07/01/2020,11:03:53,81.5,81.35,8000,81.45,16000,0,1504000
ASHOKLEY-II.NFO,07/01/2020,11:03:59,81.5,81.35,8000,81.55,8000,0,1504000
ASHOKLEY-II.NFO,07/01/2020,11:04:04,81.5,81.35,8000,81.45,16000,0,1504000
ASHOKLEY-II.NFO,07/01/2020,11:04:10,81.5,81.25,32000,81.45,24000,0,1504000
ASHOKLEY-II.NFO,07/01/2020,11:04:16,81.5,81.25,24000,81.45,24000,0,1504000
ASHOKLEY-II.NFO,07/01/2020,11:04:28,81.5,81.25,16000,81.4,8000,0,1504000
ASHOKLEY-II.NFO,07/01/2020,11:04:40,81.5,81.25,32000,81.4,16000,0,1504000
ASHOKLEY-II.NFO,07/01/2020,11:04:57,81.5,81.35,8000,81.5,24000,0,1504000
ASHOKLEY-II.NFO,07/01/2020,11:05:02,81.5,81.3,16000,81.45,16000,0,1504000
ASHOKLEY-II.NFO,07/01/2020,11:05:08,81.5,81.3,16000,81.45,8000,0,1504000
ASHOKLEY-II.NFO,07/01/2020,11:05:20,81.5,81.3,8000,81.4,16000,0,1504000
ASHOKLEY-II.NFO,07/01/2020,11:05:35,81.5,81.3,8000,81.45,8000,0,1504000
ASHOKLEY-II.NFO,07/01/2020,11:05:51,81.5,81.3,16000,81.45,8000,0,1504000
ASHOKLEY-II.NFO,07/01/2020,11:05:58,81.5,81.4,8000,81.5,16000,0,1504000
ASHOKLEY-II.NFO,07/01/2020,11:06:03,81.5,81.45,8000,81.6,8000,0,1504000
ASHOKLEY-II.NFO,07/01/2020,11:06:09,81.5,81.5,8000,81.6,16000,0,1504000
ASHOKLEY-II.NFO,07/01/2020,11:06:17,81.5,81.45,8000,81.55,16000,0,1504000
ASHOKLEY-II.NFO,07/01/2020,11:06:23,81.5,81.35,8000,81.5,16000,0,1504000
ASHOKLEY-II.NFO,07/01/2020,11:06:34,81.5,81.4,8000,81.55,16000,0,1504000
ASHOKLEY-II.NFO,07/01/2020,11:06:42,81.5,81.35,8000,81.55,24000,0,1504000
ASHOKLEY-II.NFO,07/01/2020,11:06:48,81.5,81.4,8000,81.55,24000,0,1504000
ASHOKLEY-II.NFO,07/01/2020,11:06:54,81.5,81.45,8000,81.6,16000,0,1504000
ASHOKLEY-II.NFO,07/01/2020,11:07:05,81.5,81.4,16000,81.55,16000,0,1504000
ASHOKLEY-II.NFO,07/01/2020,11:07:34,81.5,81.4,8000,81.55,16000,0,1504000
ASHOKLEY-II.NFO,07/01/2020,11:07:39,81.5,81.4,16000,81.55,16000,0,1504000
ASHOKLEY-II.NFO,07/01/2020,11:07:45,81.5,81.4,8000,81.55,16000,0,1504000
ASHOKLEY-II.NFO,07/01/2020,11:07:53,81.5,81.4,8000,81.55,24000,0,1504000
ASHOKLEY-II.NFO,07/01/2020,11:07:57,81.5,81.35,16000,81.5,8000,0,1504000
ASHOKLEY-II.NFO,07/01/2020,11:08:06,81.5,81.35,16000,81.55,24000,0,1504000
ASHOKLEY-II.NFO,07/01/2020,11:08:14,81.5,81.35,24000,81.55,24000,0,1504000
ASHOKLEY-II.NFO,07/01/2020,11:08:31,81.5,81.45,8000,81.55,24000,0,1504000
ASHOKLEY-II.NFO,07/01/2020,11:08:46,81.5,81.4,8000,81.55,24000,0,1504000
ASHOKLEY-II.NFO,07/01/2020,11:09:23,81.5,81.35,8000,81.5,8000,0,1504000
ASHOKLEY-II.NFO,07/01/2020,11:09:27,81.5,81.35,8000,81.45,16000,0,1504000
ASHOKLEY-II.NFO,07/01/2020,11:09:32,81.5,81.35,8000,81.45,24000,0,1504000
ASHOKLEY-II.NFO,07/01/2020,11:09:40,81.5,81.3,8000,81.4,8000,0,1504000
ASHOKLEY-II.NFO,07/01/2020,11:09:44,81.5,81.3,8000,81.4,16000,0,1504000
ASHOKLEY-II.NFO,07/01/2020,11:09:48,81.5,81.25,16000,81.4,8000,0,1504000
ASHOKLEY-II.NFO,07/01/2020,11:09:52,81.5,81.3,8000,81.45,24000,0,1504000
ASHOKLEY-II.NFO,07/01/2020,11:09:55,81.5,81.3,8000,81.45,16000,0,1504000
ASHOKLEY-II.NFO,07/01/2020,11:09:59,81.5,81.35,8000,81.45,24000,0,1504000
ASHOKLEY-II.NFO,07/01/2020,11:10:03,81.5,81.25,16000,81.45,24000,0,1504000
ASHOKLEY-II.NFO,07/01/2020,11:10:07,81.5,81.25,8000,81.4,8000,0,1504000
ASHOKLEY-II.NFO,07/01/2020,11:10:12,81.5,81.25,8000,81.35,8000,0,1504000
ASHOKLEY-II.NFO,07/01/2020,11:10:16,81.5,81.25,16000,81.45,8000,0,1504000
ASHOKLEY-II.NFO,07/01/2020,11:10:21,81.5,81.35,8000,81.45,8000,0,1504000
ASHOKLEY-II.NFO,07/01/2020,11:10:29,81.5,81.3,8000,81.45,16000,0,1504000
ASHOKLEY-II.NFO,07/01/2020,11:10:36,81.5,81.3,8000,81.45,24000,0,1504000
ASHOKLEY-II.NFO,07/01/2020,11:10:41,81.5,81.3,8000,81.4,16000,0,1504000
ASHOKLEY-II.NFO,07/01/2020,11:11:02,81.5,81.3,8000,81.45,16000,0,1504000
ASHOKLEY-II.NFO,07/01/2020,11:11:15,81.5,81.25,16000,81.4,24000,0,1504000
ASHOKLEY-II.NFO,07/01/2020,11:11:22,81.5,81.25,8000,81.35,16000,0,1504000
ASHOKLEY-II.NFO,07/01/2020,11:11:29,81.5,81.2,8000,81.3,16000,0,1504000
ASHOKLEY-II.NFO,07/01/2020,11:11:36,81.5,81.2,8000,81.3,8000,0,1504000
ASHOKLEY-II.NFO,07/01/2020,11:11:48,81.5,81.2,8000,81.35,16000,0,1504000
ASHOKLEY-II.NFO,07/01/2020,11:11:53,81.5,81.25,8000,81.35,8000,0,1504000
ASHOKLEY-II.NFO,07/01/2020,11:11:59,81.5,81.2,8000,81.35,16000,0,1504000
ASHOKLEY-II.NFO,07/01/2020,11:12:07,81.5,81.2,8000,81.3,16000,0,1504000
ASHOKLEY-II.NFO,07/01/2020,11:12:35,81.5,81.2,8000,81.35,8000,0,1504000
ASHOKLEY-II.NFO,07/01/2020,11:12:41,81.5,81.25,8000,81.35,8000,0,1504000
ASHOKLEY-II.NFO,07/01/2020,11:12:55,81.5,81.2,16000,81.35,8000,0,1504000
ASHOKLEY-II.NFO,07/01/2020,11:13:17,81.5,81.15,16000,81.3,16000,0,1504000
ASHOKLEY-II.NFO,07/01/2020,11:13:23,81.5,81.15,16000,81.3,24000,0,1504000
ASHOKLEY-II.NFO,07/01/2020,11:13:34,81.5,81.1,8000,81.25,16000,0,1504000
ASHOKLEY-II.NFO,07/01/2020,11:13:41,81.5,81.15,8000,81.25,8000,0,1504000
ASHOKLEY-II.NFO,07/01/2020,11:13:47,81.5,81.2,8000,81.35,16000,0,1504000
ASHOKLEY-II.NFO,07/01/2020,11:13:53,81.5,81.2,8000,81.35,24000,0,1504000
ASHOKLEY-II.NFO,07/01/2020,11:14:03,81.5,81.25,8000,81.35,16000,0,1504000
ASHOKLEY-II.NFO,07/01/2020,11:14:15,81.5,81.25,8000,81.4,16000,0,1504000
ASHOKLEY-II.NFO,07/01/2020,11:14:21,81.5,81.2,16000,81.35,16000,0,1504000
ASHOKLEY-II.NFO,07/01/2020,11:14:27,81.5,81.2,32000,81.4,16000,0,1504000
ASHOKLEY-II.NFO,07/01/2020,11:14:32,81.5,81.25,24000,81.4,16000,0,1504000
ASHOKLEY-II.NFO,07/01/2020,11:14:37,81.5,81.3,8000,81.4,16000,0,1504000
ASHOKLEY-II.NFO,07/01/2020,11:14:42,81.5,81.25,8000,81.4,8000,0,1504000
ASHOKLEY-II.NFO,07/01/2020,11:14:56,81.5,81.2,8000,81.35,16000,0,1504000
ASHOKLEY-II.NFO,07/01/2020,11:15:02,81.5,81.2,16000,81.35,16000,0,1504000
ASHOKLEY-II.NFO,07/01/2020,11:15:20,81.5,81.15,16000,81.3,32000,0,1504000
ASHOKLEY-II.NFO,07/01/2020,11:15:25,81.5,81.15,16000,81.3,24000,0,1504000
ASHOKLEY-II.NFO,07/01/2020,11:15:30,81.5,81.1,16000,81.25,24000,0,1504000
ASHOKLEY-II.NFO,07/01/2020,11:15:35,81.5,81.1,8000,81.25,24000,0,1504000
ASHOKLEY-II.NFO,07/01/2020,11:15:48,81.5,81.1,8000,81.25,8000,0,1504000
ASHOKLEY-II.NFO,07/01/2020,11:15:59,81.5,81.1,8000,81.25,24000,0,1504000
ASHOKLEY-II.NFO,07/01/2020,11:16:05,81.5,81.1,8000,81.25,16000,0,1504000
ASHOKLEY-II.NFO,07/01/2020,11:16:11,81.5,81.1,8000,81.25,24000,0,1504000
ASHOKLEY-II.NFO,07/01/2020,11:16:18,81.5,81.1,8000,81.25,16000,0,1504000
ASHOKLEY-II.NFO,07/01/2020,11:16:24,81.5,81.15,8000,81.3,24000,0,1504000
ASHOKLEY-II.NFO,07/01/2020,11:16:30,81.5,81.15,24000,81.3,16000,0,1504000
ASHOKLEY-II.NFO,07/01/2020,11:16:55,81.5,81.1,16000,81.25,16000,0,1504000
ASHOKLEY-II.NFO,07/01/2020,11:17:01,81.5,81.1,24000,81.3,16000,0,1504000
ASHOKLEY-II.NFO,07/01/2020,11:17:11,81.5,81.2,8000,81.3,16000,0,1504000
ASHOKLEY-II.NFO,07/01/2020,11:17:35,81.5,81.2,8000,81.35,8000,0,1504000
ASHOKLEY-II.NFO,07/01/2020,11:17:41,81.5,81.2,8000,81.35,16000,0,1504000
ASHOKLEY-II.NFO,07/01/2020,11:17:47,81.5,81.15,8000,81.3,16000,0,1504000
ASHOKLEY-II.NFO,07/01/2020,11:17:52,81.5,81.15,8000,81.3,24000,0,1504000
ASHOKLEY-II.NFO,07/01/2020,11:17:57,81.5,81.2,8000,81.35,16000,0,1504000
ASHOKLEY-II.NFO,07/01/2020,11:18:11,81.5,81.25,8000,81.35,16000,0,1504000
ASHOKLEY-II.NFO,07/01/2020,11:18:41,81.5,81.25,8000,81.4,16000,0,1504000
ASHOKLEY-II.NFO,07/01/2020,11:19:03,81.5,81.3,8000,81.5,16000,0,1504000
ASHOKLEY-II.NFO,07/01/2020,11:19:15,81.5,81.25,8000,81.4,16000,0,1504000
ASHOKLEY-II.NFO,07/01/2020,11:19:23,81.5,81.2,16000,81.35,8000,0,1504000
ASHOKLEY-II.NFO,07/01/2020,11:19:32,81.5,81.2,32000,81.4,16000,0,1504000
ASHOKLEY-II.NFO,07/01/2020,11:19:45,81.5,81.3,24000,81.45,8000,0,1504000
ASHOKLEY-II.NFO,07/01/2020,11:19:56,81.5,81.25,8000,81.4,8000,0,1504000
ASHOKLEY-II.NFO,07/01/2020,11:20:00,81.5,81.25,8000,81.4,16000,0,1504000
ASHOKLEY-II.NFO,07/01/2020,11:20:04,81.5,81.25,8000,81.4,8000,0,1504000
ASHOKLEY-II.NFO,07/01/2020,11:20:10,81.5,81.3,8000,81.45,8000,0,1504000
ASHOKLEY-II.NFO,07/01/2020,11:20:15,81.5,81.3,8000,81.45,16000,0,1504000
ASHOKLEY-II.NFO,07/01/2020,11:20:30,81.5,81.4,8000,81.55,16000,0,1504000
ASHOKLEY-II.NFO,07/01/2020,11:20:51,81.5,81.4,16000,81.55,16000,0,1504000
ASHOKLEY-II.NFO,07/01/2020,11:20:57,81.5,81.4,8000,81.55,16000,0,1504000
ASHOKLEY-II.NFO,07/01/2020,11:21:02,81.5,81.45,8000,81.55,16000,0,1504000
ASHOKLEY-II.NFO,07/01/2020,11:21:07,81.5,81.45,8000,81.6,24000,0,1504000
ASHOKLEY-II.NFO,07/01/2020,11:21:16,81.5,81.45,8000,81.6,16000,0,1504000
ASHOKLEY-II.NFO,07/01/2020,11:21:20,81.5,81.45,8000,81.6,24000,0,1504000
ASHOKLEY-II.NFO,07/01/2020,11:21:28,81.5,81.4,8000,81.55,16000,0,1504000
ASHOKLEY-II.NFO,07/01/2020,11:21:45,81.5,81.45,8000,81.6,24000,0,1504000
ASHOKLEY-II.NFO,07/01/2020,11:21:53,81.5,81.45,8000,81.6,16000,0,1504000
ASHOKLEY-II.NFO,07/01/2020,11:22:05,81.5,81.45,8000,81.65,16000,0,1504000
ASHOKLEY-II.NFO,07/01/2020,11:22:09,81.5,81.45,8000,81.6,24000,0,1504000
ASHOKLEY-II.NFO,07/01/2020,11:22:30,81.5,81.45,8000,81.65,16000,0,1504000
ASHOKLEY-II.NFO,07/01/2020,11:22:58,81.5,81.5,8000,81.65,16000,0,1504000
ASHOKLEY-II.NFO,07/01/2020,11:23:03,81.5,81.55,8000,81.7,16000,0,1504000
ASHOKLEY-II.NFO,07/01/2020,11:23:13,81.5,81.55,8000,81.65,16000,0,1504000
ASHOKLEY-II.NFO,07/01/2020,11:23:18,81.5,81.55,8000,81.7,16000,0,1504000
ASHOKLEY-II.NFO,07/01/2020,11:23:26,81.5,81.55,8000,81.65,16000,0,1504000
ASHOKLEY-II.NFO,07/01/2020,11:23:48,81.5,81.55,8000,81.7,8000,0,1504000
ASHOKLEY-II.NFO,07/01/2020,11:23:58,81.5,81.55,16000,81.7,24000,0,1504000
ASHOKLEY-II.NFO,07/01/2020,11:24:03,81.5,81.65,8000,81.8,24000,0,1504000
ASHOKLEY-II.NFO,07/01/2020,11:24:09,81.5,81.65,8000,81.75,16000,0,1504000
ASHOKLEY-II.NFO,07/01/2020,11:24:15,81.5,81.6,16000,81.75,16000,0,1504000
ASHOKLEY-II.NFO,07/01/2020,11:24:34,81.5,81.6,8000,81.75,16000,0,1504000
ASHOKLEY-II.NFO,07/01/2020,11:25:04,81.5,81.55,8000,81.7,16000,0,1504000
ASHOKLEY-II.NFO,07/01/2020,11:25:09,81.5,81.55,8000,81.65,8000,0,1504000
ASHOKLEY-II.NFO,07/01/2020,11:25:14,81.5,81.55,8000,81.65,16000,0,1504000
ASHOKLEY-II.NFO,07/01/2020,11:25:17,81.5,81.55,8000,81.65,8000,0,1504000
ASHOKLEY-II.NFO,07/01/2020,11:25:22,81.5,81.5,16000,81.65,16000,0,1504000
ASHOKLEY-II.NFO,07/01/2020,11:25:27,81.5,81.5,8000,81.6,16000,0,1504000
ASHOKLEY-II.NFO,07/01/2020,11:26:05,81.5,81.5,8000,81.65,8000,0,1504000
ASHOKLEY-II.NFO,07/01/2020,11:26:21,81.5,81.5,16000,81.65,8000,0,1504000
ASHOKLEY-II.NFO,07/01/2020,11:26:30,81.5,81.5,8000,81.65,8000,0,1504000
ASHOKLEY-II.NFO,07/01/2020,11:26:35,81.5,81.5,16000,81.65,8000,0,1504000
ASHOKLEY-II.NFO,07/01/2020,11:26:48,81.5,81.45,16000,81.6,16000,0,1504000
ASHOKLEY-II.NFO,07/01/2020,11:27:02,81.5,81.45,24000,81.65,8000,0,1504000
ASHOKLEY-II.NFO,07/01/2020,11:27:08,81.5,81.45,32000,81.65,8000,0,1504000
ASHOKLEY-II.NFO,07/01/2020,11:27:14,81.5,81.45,16000,81.6,16000,0,1504000
ASHOKLEY-II.NFO,07/01/2020,11:27:37,81.5,81.45,32000,81.65,16000,0,1504000
ASHOKLEY-II.NFO,07/01/2020,11:27:48,81.5,81.45,32000,81.65,8000,0,1504000
ASHOKLEY-II.NFO,07/01/2020,11:27:59,81.5,81.45,32000,81.65,16000,0,1504000
ASHOKLEY-II.NFO,07/01/2020,11:28:01,81.5,81.55,8000,81.75,8000,0,1504000
ASHOKLEY-II.NFO,07/01/2020,11:28:04,81.5,81.55,8000,81.7,16000,0,1504000
ASHOKLEY-II.NFO,07/01/2020,11:28:28,81.5,81.55,8000,81.7,8000,0,1504000
ASHOKLEY-II.NFO,07/01/2020,11:28:30,81.5,81.55,8000,81.7,16000,0,1504000
ASHOKLEY-II.NFO,07/01/2020,11:28:38,81.5,81.55,8000,81.7,24000,0,1504000
ASHOKLEY-II.NFO,07/01/2020,11:28:49,81.5,81.55,8000,81.65,16000,0,1504000
ASHOKLEY-II.NFO,07/01/2020,11:29:13,81.5,81.5,8000,81.65,8000,0,1504000
ASHOKLEY-II.NFO,07/01/2020,11:29:16,81.5,81.5,8000,81.65,16000,0,1504000
ASHOKLEY-II.NFO,07/01/2020,11:30:04,81.5,81.55,8000,81.7,16000,0,1504000
ASHOKLEY-II.NFO,07/01/2020,11:30:40,81.5,81.6,8000,81.7,8000,0,1504000
ASHOKLEY-II.NFO,07/01/2020,11:30:55,81.5,81.6,8000,81.75,16000,0,1504000
ASHOKLEY-II.NFO,07/01/2020,11:31:27,81.5,81.6,8000,81.75,24000,0,1504000
ASHOKLEY-II.NFO,07/01/2020,11:31:31,81.5,81.6,8000,81.75,16000,0,1504000
ASHOKLEY-II.NFO,07/01/2020,11:31:55,81.5,81.6,16000,81.75,24000,0,1504000
ASHOKLEY-II.NFO,07/01/2020,11:32:06,81.5,81.65,8000,81.8,16000,0,1504000
ASHOKLEY-II.NFO,07/01/2020,11:32:24,81.5,81.65,8000,81.8,8000,0,1504000
ASHOKLEY-II.NFO,07/01/2020,11:32:27,81.5,81.65,8000,81.8,16000,0,1504000
ASHOKLEY-II.NFO,07/01/2020,11:32:36,81.5,81.65,8000,81.85,16000,0,1504000
ASHOKLEY-II.NFO,07/01/2020,11:32:41,81.5,81.65,8000,81.8,16000,0,1504000
ASHOKLEY-II.NFO,07/01/2020,11:32:45,81.5,81.65,8000,81.8,24000,0,1504000
ASHOKLEY-II.NFO,07/01/2020,11:33:29,81.5,81.7,8000,81.8,24000,0,1504000
ASHOKLEY-II.NFO,07/01/2020,11:33:49,81.5,81.7,24000,81.85,16000,0,1504000
ASHOKLEY-II.NFO,07/01/2020,11:33:53,81.5,81.7,8000,81.85,16000,0,1504000
ASHOKLEY-II.NFO,07/01/2020,11:33:58,81.5,81.75,8000,81.9,16000,0,1504000
ASHOKLEY-II.NFO,07/01/2020,11:34:03,81.5,81.75,16000,81.9,16000,0,1504000
ASHOKLEY-II.NFO,07/01/2020,11:34:09,81.5,81.8,16000,81.95,16000,0,1504000
ASHOKLEY-II.NFO,07/01/2020,11:34:22,81.5,81.8,8000,81.9,24000,0,1504000
ASHOKLEY-II.NFO,07/01/2020,11:34:41,81.5,81.75,8000,81.9,24000,0,1504000
ASHOKLEY-II.NFO,07/01/2020,11:35:02,81.5,81.7,16000,81.9,16000,0,1504000
ASHOKLEY-II.NFO,07/01/2020,11:35:08,81.5,81.8,8000,81.9,24000,0,1504000
ASHOKLEY-II.NFO,07/01/2020,11:35:18,81.5,81.75,8000,81.9,16000,0,1504000
ASHOKLEY-II.NFO,07/01/2020,11:35:24,81.5,81.75,16000,81.9,16000,0,1504000
ASHOKLEY-II.NFO,07/01/2020,11:35:30,81.5,81.8,8000,81.95,16000,0,1504000
ASHOKLEY-II.NFO,07/01/2020,11:35:40,81.5,81.85,8000,81.95,16000,0,1504000
ASHOKLEY-II.NFO,07/01/2020,11:35:59,81.5,81.85,8000,81.95,24000,0,1504000
ASHOKLEY-II.NFO,07/01/2020,11:36:05,81.5,81.8,8000,81.95,16000,0,1504000
ASHOKLEY-II.NFO,07/01/2020,11:36:09,81.5,81.8,8000,81.95,24000,0,1504000
ASHOKLEY-II.NFO,07/01/2020,11:36:13,81.5,81.8,8000,81.9,16000,0,1504000
ASHOKLEY-II.NFO,07/01/2020,11:36:18,81.5,81.75,8000,81.9,16000,0,1504000
ASHOKLEY-II.NFO,07/01/2020,11:36:22,81.5,81.75,16000,81.9,16000,0,1504000
ASHOKLEY-II.NFO,07/01/2020,11:36:37,81.5,81.75,8000,81.9,16000,0,1504000
ASHOKLEY-II.NFO,07/01/2020,11:36:41,81.5,81.7,8000,81.85,16000,0,1504000
ASHOKLEY-II.NFO,07/01/2020,11:36:47,81.5,81.65,8000,81.85,24000,0,1504000
ASHOKLEY-II.NFO,07/01/2020,11:36:53,81.5,81.65,8000,81.8,16000,0,1504000
ASHOKLEY-II.NFO,07/01/2020,11:36:59,81.5,81.65,8000,81.8,8000,0,1504000
ASHOKLEY-II.NFO,07/01/2020,11:37:05,81.5,81.65,16000,81.8,16000,0,1504000
ASHOKLEY-II.NFO,07/01/2020,11:37:13,81.5,81.65,8000,81.8,16000,0,1504000
ASHOKLEY-II.NFO,07/01/2020,11:37:26,81.5,81.75,8000,81.85,16000,0,1504000
ASHOKLEY-II.NFO,07/01/2020,11:37:36,81.5,81.7,8000,81.85,16000,0,1504000
ASHOKLEY-II.NFO,07/01/2020,11:37:55,81.5,81.7,8000,81.85,24000,0,1504000
ASHOKLEY-II.NFO,07/01/2020,11:38:06,81.5,81.75,8000,81.9,24000,0,1504000
ASHOKLEY-II.NFO,07/01/2020,11:38:15,81.5,81.8,8000,81.95,16000,0,1504000
ASHOKLEY-II.NFO,07/01/2020,11:38:22,81.5,81.75,16000,81.9,16000,0,1504000
ASHOKLEY-II.NFO,07/01/2020,11:38:47,81.5,81.75,8000,81.9,16000,0,1504000
ASHOKLEY-II.NFO,07/01/2020,11:38:51,81.5,81.8,8000,81.95,16000,0,1504000
ASHOKLEY-II.NFO,07/01/2020,11:38:55,81.5,81.75,24000,81.9,16000,0,1504000
ASHOKLEY-II.NFO,07/01/2020,11:39:03,81.5,81.8,8000,81.95,16000,0,1504000
ASHOKLEY-II.NFO,07/01/2020,11:39:10,81.5,81.75,24000,81.9,16000,0,1504000
ASHOKLEY-II.NFO,07/01/2020,11:39:17,81.5,81.75,16000,81.9,16000,0,1504000
ASHOKLEY-II.NFO,07/01/2020,11:39:55,81.5,81.65,16000,81.8,16000,0,1504000
ASHOKLEY-II.NFO,07/01/2020,11:40:01,81.5,81.7,8000,81.85,16000,0,1504000
ASHOKLEY-II.NFO,07/01/2020,11:40:06,81.5,81.7,8000,81.85,24000,0,1504000
ASHOKLEY-II.NFO,07/01/2020,11:40:11,81.5,81.7,8000,81.85,16000,0,1504000
ASHOKLEY-II.NFO,07/01/2020,11:40:23,81.5,81.75,8000,81.9,16000,0,1504000
ASHOKLEY-II.NFO,07/01/2020,11:40:27,81.5,81.7,8000,81.85,16000,0,1504000
ASHOKLEY-II.NFO,07/01/2020,11:40:38,81.5,81.75,8000,81.9,16000,0,1504000
ASHOKLEY-II.NFO,07/01/2020,11:41:05,81.5,81.7,8000,81.9,16000,0,1504000
ASHOKLEY-II.NFO,07/01/2020,11:41:25,81.5,81.75,8000,81.9,16000,0,1504000
ASHOKLEY-II.NFO,07/01/2020,11:41:34,81.5,81.7,8000,81.9,16000,0,1504000
ASHOKLEY-II.NFO,07/01/2020,11:42:20,81.5,81.7,8000,81.85,16000,0,1504000
ASHOKLEY-II.NFO,07/01/2020,11:42:35,81.5,81.7,8000,81.9,8000,0,1504000
ASHOKLEY-II.NFO,07/01/2020,11:42:41,81.5,81.75,8000,81.9,16000,0,1504000
ASHOKLEY-II.NFO,07/01/2020,11:42:59,81.5,81.7,8000,81.9,16000,0,1504000
ASHOKLEY-II.NFO,07/01/2020,11:43:06,81.5,81.7,8000,81.85,24000,0,1504000
ASHOKLEY-II.NFO,07/01/2020,11:43:28,81.5,81.7,8000,81.9,16000,0,1504000
ASHOKLEY-II.NFO,07/01/2020,11:43:32,81.5,81.7,8000,81.85,8000,0,1504000
ASHOKLEY-II.NFO,07/01/2020,11:43:44,81.5,81.75,8000,81.9,16000,0,1504000
ASHOKLEY-II.NFO,07/01/2020,11:45:17,81.5,81.7,8000,81.85,16000,0,1504000
ASHOKLEY-II.NFO,07/01/2020,11:45:20,81.5,81.7,8000,81.85,24000,0,1504000
ASHOKLEY-II.NFO,07/01/2020,11:46:14,81.5,81.65,24000,81.85,24000,0,1504000
ASHOKLEY-II.NFO,07/01/2020,11:46:18,81.5,81.65,16000,81.8,8000,0,1504000
ASHOKLEY-II.NFO,07/01/2020,11:47:19,81.5,81.65,16000,81.8,16000,0,1504000
ASHOKLEY-II.NFO,07/01/2020,11:47:39,81.5,81.65,32000,81.8,16000,0,1504000
ASHOKLEY-II.NFO,07/01/2020,11:47:42,81.5,81.65,16000,81.8,16000,0,1504000
ASHOKLEY-II.NFO,07/01/2020,11:48:07,81.5,81.65,8000,81.8,16000,0,1504000
ASHOKLEY-II.NFO,07/01/2020,11:48:17,81.5,81.6,16000,81.75,16000,0,1504000
ASHOKLEY-II.NFO,07/01/2020,11:49:36,81.5,81.6,8000,81.75,16000,0,1504000
ASHOKLEY-II.NFO,07/01/2020,11:49:52,81.5,81.6,8000,81.75,24000,0,1504000
ASHOKLEY-II.NFO,07/01/2020,11:49:57,81.5,81.6,8000,81.75,16000,0,1504000
ASHOKLEY-II.NFO,07/01/2020,11:50:01,81.5,81.6,8000,81.75,8000,0,1504000
ASHOKLEY-II.NFO,07/01/2020,11:50:09,81.5,81.6,16000,81.8,24000,0,1504000
ASHOKLEY-II.NFO,07/01/2020,11:50:12,81.5,81.6,8000,81.75,16000,0,1504000
ASHOKLEY-II.NFO,07/01/2020,11:50:17,81.5,81.6,8000,81.75,8000,0,1504000
ASHOKLEY-II.NFO,07/01/2020,11:50:22,81.5,81.6,8000,81.75,16000,0,1504000
ASHOKLEY-II.NFO,07/01/2020,11:50:57,81.5,81.5,8000,81.7,24000,0,1504000
ASHOKLEY-II.NFO,07/01/2020,11:51:01,81.5,81.5,8000,81.65,16000,0,1504000
ASHOKLEY-II.NFO,07/01/2020,11:51:09,81.5,81.55,8000,81.7,24000,0,1504000
ASHOKLEY-II.NFO,07/01/2020,11:51:31,81.5,81.6,8000,81.75,16000,0,1504000
ASHOKLEY-II.NFO,07/01/2020,11:51:49,81.5,81.55,8000,81.75,24000,0,1504000
ASHOKLEY-II.NFO,07/01/2020,11:51:56,81.5,81.5,8000,81.65,16000,0,1504000
ASHOKLEY-II.NFO,07/01/2020,11:52:23,81.5,81.5,8000,81.65,24000,0,1504000
ASHOKLEY-II.NFO,07/01/2020,11:52:42,81.5,81.5,8000,81.65,16000,0,1504000
ASHOKLEY-II.NFO,07/01/2020,11:52:51,81.5,81.5,16000,81.7,8000,0,1504000
ASHOKLEY-II.NFO,07/01/2020,11:52:54,81.5,81.55,8000,81.7,8000,0,1504000
ASHOKLEY-II.NFO,07/01/2020,11:53:01,81.5,81.55,8000,81.7,16000,0,1504000
ASHOKLEY-II.NFO,07/01/2020,11:53:19,81.5,81.55,8000,81.7,8000,0,1504000
ASHOKLEY-II.NFO,07/01/2020,11:53:38,81.5,81.55,8000,81.7,16000,0,1504000
ASHOKLEY-II.NFO,07/01/2020,11:53:52,81.5,81.5,8000,81.65,24000,0,1504000
ASHOKLEY-II.NFO,07/01/2020,11:54:21,81.5,81.55,8000,81.65,8000,0,1504000
ASHOKLEY-II.NFO,07/01/2020,11:54:33,81.5,81.5,8000,81.65,8000,0,1504000
ASHOKLEY-II.NFO,07/01/2020,11:55:04,81.5,81.5,8000,81.65,16000,0,1504000
ASHOKLEY-II.NFO,07/01/2020,11:57:32,81.5,81.45,16000,81.6,8000,0,1504000
ASHOKLEY-II.NFO,07/01/2020,11:57:39,81.5,81.45,16000,81.6,16000,0,1504000
ASHOKLEY-II.NFO,07/01/2020,11:57:45,81.5,81.4,16000,81.6,16000,0,1504000
ASHOKLEY-II.NFO,07/01/2020,11:57:50,81.5,81.4,8000,81.55,16000,0,1504000
ASHOKLEY-II.NFO,07/01/2020,11:57:54,81.5,81.4,8000,81.55,8000,0,1504000
ASHOKLEY-II.NFO,07/01/2020,11:58:02,81.5,81.45,8000,81.6,8000,0,1504000
ASHOKLEY-II.NFO,07/01/2020,11:58:12,81.5,81.45,8000,81.6,16000,0,1504000
ASHOKLEY-II.NFO,07/01/2020,11:58:15,81.5,81.45,8000,81.6,24000,0,1504000
ASHOKLEY-II.NFO,07/01/2020,11:58:18,81.5,81.45,8000,81.6,16000,0,1504000
ASHOKLEY-II.NFO,07/01/2020,11:58:20,81.5,81.45,8000,81.55,8000,0,1504000
ASHOKLEY-II.NFO,07/01/2020,11:58:30,81.5,81.45,8000,81.6,24000,0,1504000
ASHOKLEY-II.NFO,07/01/2020,11:59:23,81.5,81.45,8000,81.55,16000,0,1504000
ASHOKLEY-II.NFO,07/01/2020,11:59:32,81.5,81.4,8000,81.55,24000,0,1504000
ASHOKLEY-II.NFO,07/01/2020,11:59:47,81.5,81.45,8000,81.55,8000,0,1504000
ASHOKLEY-II.NFO,07/01/2020,11:59:50,81.5,81.45,8000,81.6,24000,0,1504000
ASHOKLEY-II.NFO,07/01/2020,11:59:58,81.5,81.45,8000,81.55,16000,0,1504000
ASHOKLEY-II.NFO,07/01/2020,12:00:11,81.5,81.4,8000,81.55,24000,0,1504000
ASHOKLEY-II.NFO,07/01/2020,12:00:15,81.5,81.4,8000,81.55,16000,0,1504000
ASHOKLEY-II.NFO,07/01/2020,12:00:30,81.5,81.4,8000,81.55,24000,0,1504000
ASHOKLEY-II.NFO,07/01/2020,12:00:58,81.5,81.45,8000,81.55,16000,0,1504000
ASHOKLEY-II.NFO,07/01/2020,12:01:01,81.5,81.45,8000,81.55,8000,0,1504000
ASHOKLEY-II.NFO,07/01/2020,12:01:05,81.5,81.45,8000,81.6,24000,0,1504000
ASHOKLEY-II.NFO,07/01/2020,12:01:15,81.5,81.5,8000,81.65,16000,0,1504000
ASHOKLEY-II.NFO,07/01/2020,12:01:18,81.5,81.45,16000,81.65,16000,0,1504000
ASHOKLEY-II.NFO,07/01/2020,12:01:20,81.5,81.45,16000,81.6,16000,0,1504000
ASHOKLEY-II.NFO,07/01/2020,12:02:03,81.5,81.45,16000,81.6,8000,0,1504000
ASHOKLEY-II.NFO,07/01/2020,12:02:23,81.5,81.5,16000,81.65,24000,0,1504000
ASHOKLEY-II.NFO,07/01/2020,12:02:37,81.5,81.55,8000,81.65,8000,0,1504000
ASHOKLEY-II.NFO,07/01/2020,12:02:43,81.5,81.55,8000,81.7,24000,0,1504000
ASHOKLEY-II.NFO,07/01/2020,12:03:09,81.5,81.5,8000,81.6,16000,0,1504000
ASHOKLEY-II.NFO,07/01/2020,12:03:35,81.5,81.5,8000,81.55,8000,0,1504000
ASHOKLEY-II.NFO,07/01/2020,12:03:38,81.5,81.5,8000,81.55,24000,0,1504000
ASHOKLEY-II.NFO,07/01/2020,12:03:41,81.5,81.4,8000,81.55,16000,8000,1512000
ASHOKLEY-II.NFO,07/01/2020,12:03:44,81.5,81.45,8000,81.6,16000,0,1512000
ASHOKLEY-II.NFO,07/01/2020,12:03:54,81.5,81.45,8000,81.55,16000,0,1512000
ASHOKLEY-II.NFO,07/01/2020,12:04:36,81.5,81.4,8000,81.5,16000,0,1512000
ASHOKLEY-II.NFO,07/01/2020,12:04:39,81.5,81.4,8000,81.55,24000,0,1512000
ASHOKLEY-II.NFO,07/01/2020,12:04:42,81.5,81.45,8000,81.55,16000,0,1512000
ASHOKLEY-II.NFO,07/01/2020,12:04:47,81.5,81.45,8000,81.55,8000,0,1512000
ASHOKLEY-II.NFO,07/01/2020,12:04:53,81.5,81.45,8000,81.6,16000,0,1512000
ASHOKLEY-II.NFO,07/01/2020,12:05:38,81.5,81.45,8000,81.6,8000,0,1512000
ASHOKLEY-II.NFO,07/01/2020,12:05:41,81.5,81.45,8000,81.6,16000,0,1512000
ASHOKLEY-II.NFO,07/01/2020,12:05:53,81.5,81.45,8000,81.55,16000,0,1512000
ASHOKLEY-II.NFO,07/01/2020,12:06:04,81.5,81.45,8000,81.55,8000,0,1512000
ASHOKLEY-II.NFO,07/01/2020,12:06:09,81.5,81.45,8000,81.6,16000,0,1512000
ASHOKLEY-II.NFO,07/01/2020,12:06:11,81.5,81.45,8000,81.6,8000,0,1512000
ASHOKLEY-II.NFO,07/01/2020,12:06:18,81.5,81.45,16000,81.6,8000,0,1512000
ASHOKLEY-II.NFO,07/01/2020,12:06:23,81.5,81.45,16000,81.6,16000,0,1512000
ASHOKLEY-II.NFO,07/01/2020,12:06:35,81.5,81.45,16000,81.6,8000,0,1512000
ASHOKLEY-II.NFO,07/01/2020,12:06:38,81.5,81.45,16000,81.6,16000,0,1512000
ASHOKLEY-II.NFO,07/01/2020,12:06:40,81.5,81.45,24000,81.6,16000,0,1512000
ASHOKLEY-II.NFO,07/01/2020,12:06:46,81.5,81.45,16000,81.6,16000,0,1512000
ASHOKLEY-II.NFO,07/01/2020,12:06:49,81.6,81.45,16000,81.6,8000,8000,1520000
ASHOKLEY-II.NFO,07/01/2020,12:06:54,81.6,81.45,16000,81.6,8000,0,1520000
ASHOKLEY-II.NFO,07/01/2020,12:06:58,81.6,81.5,24000,81.65,24000,0,1520000
ASHOKLEY-II.NFO,07/01/2020,12:07:00,81.6,81.5,8000,81.6,16000,0,1520000
ASHOKLEY-II.NFO,07/01/2020,12:07:06,81.6,81.45,16000,81.6,8000,0,1520000
ASHOKLEY-II.NFO,07/01/2020,12:07:13,81.6,81.45,8000,81.6,8000,0,1520000
ASHOKLEY-II.NFO,07/01/2020,12:07:17,81.6,81.45,8000,81.65,8000,0,1520000
ASHOKLEY-II.NFO,07/01/2020,12:07:20,81.6,81.45,8000,81.6,16000,0,1520000
ASHOKLEY-II.NFO,07/01/2020,12:07:29,81.6,81.4,8000,81.5,16000,0,1520000
ASHOKLEY-II.NFO,07/01/2020,12:07:32,81.6,81.4,16000,81.55,16000,0,1520000
ASHOKLEY-II.NFO,07/01/2020,12:07:33,81.6,81.4,16000,81.55,8000,0,1520000
ASHOKLEY-II.NFO,07/01/2020,12:07:37,81.6,81.45,8000,81.6,8000,0,1520000
ASHOKLEY-II.NFO,07/01/2020,12:07:40,81.6,81.45,8000,81.65,8000,0,1520000
ASHOKLEY-II.NFO,07/01/2020,12:07:47,81.6,81.5,8000,81.65,8000,0,1520000
ASHOKLEY-II.NFO,07/01/2020,12:07:52,81.6,81.45,8000,81.6,8000,0,1520000
ASHOKLEY-II.NFO,07/01/2020,12:07:55,81.6,81.55,8000,81.7,8000,0,1520000
ASHOKLEY-II.NFO,07/01/2020,12:08:00,81.6,81.45,24000,81.65,8000,0,1520000
ASHOKLEY-II.NFO,07/01/2020,12:08:04,81.6,81.45,24000,81.6,8000,0,1520000
ASHOKLEY-II.NFO,07/01/2020,12:08:08,81.6,81.45,16000,81.6,8000,0,1520000
ASHOKLEY-II.NFO,07/01/2020,12:08:19,81.6,81.45,24000,81.6,8000,0,1520000
ASHOKLEY-II.NFO,07/01/2020,12:08:32,81.6,81.55,8000,81.6,16000,0,1520000
ASHOKLEY-II.NFO,07/01/2020,12:08:40,81.6,81.45,24000,81.6,8000,8000,1520000
ASHOKLEY-II.NFO,07/01/2020,12:08:43,81.6,81.45,24000,81.6,8000,0,1520000
ASHOKLEY-II.NFO,07/01/2020,12:08:50,81.6,81.5,8000,81.65,8000,0,1520000
ASHOKLEY-II.NFO,07/01/2020,12:08:54,81.6,81.45,24000,81.65,8000,0,1520000
ASHOKLEY-II.NFO,07/01/2020,12:09:20,81.6,81.45,8000,81.6,16000,0,1520000
ASHOKLEY-II.NFO,07/01/2020,12:09:38,81.6,81.55,8000,81.65,8000,0,1520000
ASHOKLEY-II.NFO,07/01/2020,12:09:41,81.6,81.5,8000,81.6,16000,0,1520000
ASHOKLEY-II.NFO,07/01/2020,12:09:48,81.6,81.45,8000,81.6,8000,0,1520000
ASHOKLEY-II.NFO,07/01/2020,12:09:50,81.6,81.45,16000,81.6,8000,0,1520000
ASHOKLEY-II.NFO,07/01/2020,12:10:43,81.6,81.5,8000,81.65,16000,0,1520000
ASHOKLEY-II.NFO,07/01/2020,12:10:46,81.6,81.5,8000,81.65,8000,0,1520000
ASHOKLEY-II.NFO,07/01/2020,12:10:51,81.6,81.5,8000,81.65,16000,0,1520000
ASHOKLEY-II.NFO,07/01/2020,12:11:34,81.6,81.55,8000,81.65,8000,0,1520000
ASHOKLEY-II.NFO,07/01/2020,12:11:52,81.6,81.5,8000,81.65,8000,0,1520000
ASHOKLEY-II.NFO,07/01/2020,12:12:42,81.6,81.5,8000,81.65,16000,0,1520000
ASHOKLEY-II.NFO,07/01/2020,12:13:15,81.6,81.55,8000,81.7,8000,0,1520000
ASHOKLEY-II.NFO,07/01/2020,12:14:08,81.6,81.5,8000,81.65,16000,0,1520000
ASHOKLEY-II.NFO,07/01/2020,12:14:13,81.6,81.45,24000,81.65,16000,0,1520000
ASHOKLEY-II.NFO,07/01/2020,12:15:37,81.6,81.55,8000,81.65,16000,0,1520000
ASHOKLEY-II.NFO,07/01/2020,12:16:55,81.6,81.5,16000,81.7,16000,0,1520000
ASHOKLEY-II.NFO,07/01/2020,12:17:15,81.6,81.5,8000,81.7,16000,0,1520000
ASHOKLEY-II.NFO,07/01/2020,12:17:40,81.6,81.5,8000,81.6,8000,0,1520000
ASHOKLEY-II.NFO,07/01/2020,12:17:53,81.6,81.5,8000,81.65,8000,0,1520000
ASHOKLEY-II.NFO,07/01/2020,12:18:08,81.6,81.55,8000,81.7,16000,0,1520000
ASHOKLEY-II.NFO,07/01/2020,12:18:13,81.6,81.5,8000,81.7,16000,0,1520000
ASHOKLEY-II.NFO,07/01/2020,12:18:24,81.6,81.55,8000,81.7,16000,0,1520000
ASHOKLEY-II.NFO,07/01/2020,12:19:09,81.6,81.6,8000,81.75,8000,0,1520000
ASHOKLEY-II.NFO,07/01/2020,12:20:08,81.6,81.6,16000,81.75,8000,0,1520000
ASHOKLEY-II.NFO,07/01/2020,12:20:33,81.6,81.6,24000,81.75,8000,0,1520000
ASHOKLEY-II.NFO,07/01/2020,12:21:55,81.6,81.6,16000,81.75,8000,0,1520000
ASHOKLEY-II.NFO,07/01/2020,12:22:02,81.6,81.6,8000,81.75,8000,0,1520000
ASHOKLEY-II.NFO,07/01/2020,12:22:05,81.6,81.65,8000,81.75,8000,0,1520000
ASHOKLEY-II.NFO,07/01/2020,12:22:32,81.6,81.65,8000,81.75,16000,0,1520000
ASHOKLEY-II.NFO,07/01/2020,12:22:34,81.6,81.65,8000,81.75,8000,0,1520000
ASHOKLEY-II.NFO,07/01/2020,12:22:36,81.6,81.65,8000,81.75,16000,0,1520000
ASHOKLEY-II.NFO,07/01/2020,12:22:45,81.6,81.65,8000,81.7,16000,0,1520000
ASHOKLEY-II.NFO,07/01/2020,12:22:49,81.65,81.5,8000,81.75,16000,8000,1528000
ASHOKLEY-II.NFO,07/01/2020,12:22:54,81.65,81.5,8000,81.65,16000,0,1528000
ASHOKLEY-II.NFO,07/01/2020,12:23:04,81.65,81.55,8000,81.65,8000,0,1528000
ASHOKLEY-II.NFO,07/01/2020,12:23:09,81.65,81.5,8000,81.65,8000,0,1528000
ASHOKLEY-II.NFO,07/01/2020,12:23:15,81.65,81.55,8000,81.65,8000,0,1528000
ASHOKLEY-II.NFO,07/01/2020,12:23:19,81.65,81.55,8000,81.7,16000,0,1528000
ASHOKLEY-II.NFO,07/01/2020,12:23:57,81.65,81.55,8000,81.65,8000,0,1528000
ASHOKLEY-II.NFO,07/01/2020,12:24:05,81.65,81.55,8000,81.7,16000,0,1528000
ASHOKLEY-II.NFO,07/01/2020,12:24:14,81.65,81.6,8000,81.75,8000,0,1528000
ASHOKLEY-II.NFO,07/01/2020,12:24:27,81.65,81.65,8000,81.75,8000,0,1528000
ASHOKLEY-II.NFO,07/01/2020,12:24:43,81.65,81.65,8000,81.8,8000,0,1528000
ASHOKLEY-II.NFO,07/01/2020,12:24:50,81.65,81.65,8000,81.75,8000,0,1528000
ASHOKLEY-II.NFO,07/01/2020,12:24:53,81.65,81.6,8000,81.75,16000,0,1528000
ASHOKLEY-II.NFO,07/01/2020,12:24:58,81.65,81.65,8000,81.75,8000,0,1528000
ASHOKLEY-II.NFO,07/01/2020,12:25:10,81.65,81.6,8000,81.75,8000,0,1528000
ASHOKLEY-II.NFO,07/01/2020,12:25:19,81.65,81.65,8000,81.75,8000,0,1528000
ASHOKLEY-II.NFO,07/01/2020,12:25:36,81.65,81.6,8000,81.7,8000,0,1528000
ASHOKLEY-II.NFO,07/01/2020,12:25:38,81.65,81.55,16000,81.7,24000,0,1528000
ASHOKLEY-II.NFO,07/01/2020,12:25:42,81.65,81.55,24000,81.75,8000,0,1528000
ASHOKLEY-II.NFO,07/01/2020,12:25:45,81.65,81.6,8000,81.75,16000,0,1528000
ASHOKLEY-II.NFO,07/01/2020,12:25:48,81.65,81.65,8000,81.75,8000,0,1528000
ASHOKLEY-II.NFO,07/01/2020,12:26:04,81.65,81.55,8000,81.7,16000,0,1528000
ASHOKLEY-II.NFO,07/01/2020,12:26:11,81.65,81.45,8000,81.65,16000,0,1528000
ASHOKLEY-II.NFO,07/01/2020,12:26:18,81.65,81.4,16000,81.55,8000,0,1528000
ASHOKLEY-II.NFO,07/01/2020,12:26:22,81.65,81.4,24000,81.55,8000,0,1528000
ASHOKLEY-II.NFO,07/01/2020,12:26:34,81.65,81.4,16000,81.55,8000,0,1528000
ASHOKLEY-II.NFO,07/01/2020,12:26:40,81.65,81.35,16000,81.5,8000,0,1528000
ASHOKLEY-II.NFO,07/01/2020,12:26:46,81.65,81.25,24000,81.45,16000,0,1528000
ASHOKLEY-II.NFO,07/01/2020,12:26:49,81.65,81.35,8000,81.45,8000,0,1528000
ASHOKLEY-II.NFO,07/01/2020,12:26:57,81.65,81.3,8000,81.45,8000,0,1528000
ASHOKLEY-II.NFO,07/01/2020,12:27:02,81.65,81.35,8000,81.5,8000,0,1528000
ASHOKLEY-II.NFO,07/01/2020,12:27:35,81.65,81.35,8000,81.5,16000,0,1528000
ASHOKLEY-II.NFO,07/01/2020,12:27:37,81.65,81.4,8000,81.5,8000,0,1528000
ASHOKLEY-II.NFO,07/01/2020,12:28:27,81.65,81.3,16000,81.45,24000,0,1528000
ASHOKLEY-II.NFO,07/01/2020,12:28:29,81.65,81.3,16000,81.4,16000,0,1528000
ASHOKLEY-II.NFO,07/01/2020,12:28:31,81.65,81.3,16000,81.4,8000,0,1528000
ASHOKLEY-II.NFO,07/01/2020,12:29:00,81.65,81.15,16000,81.25,16000,0,1528000
ASHOKLEY-II.NFO,07/01/2020,12:29:06,81.65,81.15,16000,81.3,8000,0,1528000
ASHOKLEY-II.NFO,07/01/2020,12:29:29,81.65,81.1,16000,81.25,16000,0,1528000
ASHOKLEY-II.NFO,07/01/2020,12:29:36,81.65,81.1,32000,81.25,8000,0,1528000
ASHOKLEY-II.NFO,07/01/2020,12:30:05,81.65,81.1,32000,81.3,8000,0,1528000
ASHOKLEY-II.NFO,07/01/2020,12:30:33,81.65,81.2,8000,81.3,8000,0,1528000
ASHOKLEY-II.NFO,07/01/2020,12:30:53,81.65,81.25,8000,81.35,8000,0,1528000
ASHOKLEY-II.NFO,07/01/2020,12:30:57,81.65,81.25,8000,81.4,8000,0,1528000
ASHOKLEY-II.NFO,07/01/2020,12:31:01,81.65,81.25,16000,81.4,8000,0,1528000
ASHOKLEY-II.NFO,07/01/2020,12:31:20,81.65,81.25,8000,81.4,8000,0,1528000
ASHOKLEY-II.NFO,07/01/2020,12:32:34,81.65,81.2,16000,81.35,8000,0,1528000
ASHOKLEY-II.NFO,07/01/2020,12:34:35,81.65,81.2,24000,81.4,16000,0,1528000
ASHOKLEY-II.NFO,07/01/2020,12:35:24,81.65,81.3,8000,81.45,8000,0,1528000
ASHOKLEY-II.NFO,07/01/2020,12:36:49,81.65,81.35,8000,81.5,8000,0,1528000
ASHOKLEY-II.NFO,07/01/2020,12:37:25,81.65,81.3,8000,81.45,16000,0,1528000
ASHOKLEY-II.NFO,07/01/2020,12:37:27,81.65,81.35,8000,81.45,8000,0,1528000
ASHOKLEY-II.NFO,07/01/2020,12:37:30,81.65,81.3,8000,81.45,8000,0,1528000
ASHOKLEY-II.NFO,07/01/2020,12:37:40,81.65,81.3,8000,81.5,8000,0,1528000
ASHOKLEY-II.NFO,07/01/2020,12:37:51,81.65,81.35,8000,81.5,8000,0,1528000
ASHOKLEY-II.NFO,07/01/2020,12:38:56,81.65,81.4,8000,81.55,16000,0,1528000
ASHOKLEY-II.NFO,07/01/2020,12:39:17,81.65,81.35,8000,81.55,16000,0,1528000
ASHOKLEY-II.NFO,07/01/2020,12:39:24,81.65,81.35,8000,81.5,16000,0,1528000
ASHOKLEY-II.NFO,07/01/2020,12:40:08,81.65,81.35,8000,81.55,8000,0,1528000
ASHOKLEY-II.NFO,07/01/2020,12:40:15,81.65,81.35,8000,81.5,8000,0,1528000
ASHOKLEY-II.NFO,07/01/2020,12:40:39,81.65,81.4,8000,81.55,8000,0,1528000
ASHOKLEY-II.NFO,07/01/2020,12:41:02,81.65,81.45,8000,81.55,8000,0,1528000
ASHOKLEY-II.NFO,07/01/2020,12:41:41,81.65,81.4,8000,81.55,8000,0,1528000
ASHOKLEY-II.NFO,07/01/2020,12:42:06,81.65,81.45,8000,81.55,8000,0,1528000
ASHOKLEY-II.NFO,07/01/2020,12:42:27,81.65,81.35,8000,81.5,16000,0,1528000
ASHOKLEY-II.NFO,07/01/2020,12:42:33,81.65,81.4,8000,81.5,8000,0,1528000
ASHOKLEY-II.NFO,07/01/2020,12:42:44,81.65,81.35,8000,81.5,16000,0,1528000
ASHOKLEY-II.NFO,07/01/2020,12:42:50,81.65,81.35,8000,81.45,16000,0,1528000
ASHOKLEY-II.NFO,07/01/2020,12:42:53,81.65,81.35,8000,81.5,8000,0,1528000
ASHOKLEY-II.NFO,07/01/2020,12:43:00,81.65,81.4,8000,81.5,8000,0,1528000
ASHOKLEY-II.NFO,07/01/2020,12:43:53,81.65,81.4,8000,81.55,8000,0,1528000
ASHOKLEY-II.NFO,07/01/2020,12:43:55,81.65,81.4,16000,81.55,8000,0,1528000
ASHOKLEY-II.NFO,07/01/2020,12:44:31,81.65,81.4,8000,81.55,8000,0,1528000
ASHOKLEY-II.NFO,07/01/2020,12:44:43,81.65,81.4,16000,81.55,8000,0,1528000
ASHOKLEY-II.NFO,07/01/2020,12:44:53,81.65,81.5,8000,81.65,16000,0,1528000
ASHOKLEY-II.NFO,07/01/2020,12:44:55,81.65,81.5,16000,81.7,16000,0,1528000
ASHOKLEY-II.NFO,07/01/2020,12:44:57,81.65,81.45,24000,81.65,8000,0,1528000
ASHOKLEY-II.NFO,07/01/2020,12:45:04,81.65,81.5,8000,81.65,8000,0,1528000
ASHOKLEY-II.NFO,07/01/2020,12:45:06,81.65,81.55,8000,81.65,8000,0,1528000
ASHOKLEY-II.NFO,07/01/2020,12:45:18,81.65,81.55,8000,81.75,8000,0,1528000
ASHOKLEY-II.NFO,07/01/2020,12:45:21,81.65,81.55,8000,81.7,8000,0,1528000
ASHOKLEY-II.NFO,07/01/2020,12:45:30,81.65,81.55,16000,81.7,16000,0,1528000
ASHOKLEY-II.NFO,07/01/2020,12:45:34,81.65,81.6,8000,81.75,8000,0,1528000
ASHOKLEY-II.NFO,07/01/2020,12:45:42,81.65,81.55,16000,81.7,8000,0,1528000
ASHOKLEY-II.NFO,07/01/2020,12:46:08,81.65,81.6,8000,81.75,8000,0,1528000
ASHOKLEY-II.NFO,07/01/2020,12:46:14,81.65,81.85,32000,82,24000,0,1528000
ASHOKLEY-II.NFO,07/01/2020,12:46:19,81.65,81.9,8000,82,16000,0,1528000
ASHOKLEY-II.NFO,07/01/2020,12:46:22,81.65,81.85,24000,82,24000,0,1528000
ASHOKLEY-II.NFO,07/01/2020,12:46:26,81.65,81.9,8000,82,16000,0,1528000
ASHOKLEY-II.NFO,07/01/2020,12:46:30,81.65,81.85,8000,82,24000,0,1528000
ASHOKLEY-II.NFO,07/01/2020,12:46:39,81.65,81.9,8000,82,16000,0,1528000
ASHOKLEY-II.NFO,07/01/2020,12:46:42,81.65,81.9,16000,82,16000,0,1528000
ASHOKLEY-II.NFO,07/01/2020,12:46:57,81.65,81.9,8000,82,16000,0,1528000
ASHOKLEY-II.NFO,07/01/2020,12:47:20,81.65,81.9,16000,82,16000,0,1528000
ASHOKLEY-II.NFO,07/01/2020,12:47:25,81.65,81.9,8000,82,16000,0,1528000
ASHOKLEY-II.NFO,07/01/2020,12:47:30,81.65,81.9,16000,82,16000,0,1528000
ASHOKLEY-II.NFO,07/01/2020,12:47:49,81.65,81.9,8000,82,16000,0,1528000
ASHOKLEY-II.NFO,07/01/2020,12:48:16,81.65,81.9,16000,82,16000,0,1528000
ASHOKLEY-II.NFO,07/01/2020,12:48:21,82,82,8000,82.1,16000,16000,1536000
ASHOKLEY-II.NFO,07/01/2020,12:48:26,82,81.95,8000,82.1,16000,0,1536000
ASHOKLEY-II.NFO,07/01/2020,12:48:33,82,81.95,8000,82.05,16000,0,1536000
ASHOKLEY-II.NFO,07/01/2020,12:48:37,82,81.95,8000,82.05,8000,0,1536000
ASHOKLEY-II.NFO,07/01/2020,12:48:47,82,81.95,16000,82.1,8000,0,1536000
ASHOKLEY-II.NFO,07/01/2020,12:49:01,82,81.9,8000,82.05,16000,0,1536000
ASHOKLEY-II.NFO,07/01/2020,12:49:13,82,81.9,8000,82.05,8000,0,1536000
ASHOKLEY-II.NFO,07/01/2020,12:49:47,82,81.9,8000,82.05,16000,0,1536000
ASHOKLEY-II.NFO,07/01/2020,12:50:33,82,81.95,8000,82.1,8000,0,1536000
ASHOKLEY-II.NFO,07/01/2020,12:50:35,82,81.95,8000,82.1,16000,0,1536000
ASHOKLEY-II.NFO,07/01/2020,12:50:45,82,81.9,8000,82.1,16000,0,1536000
ASHOKLEY-II.NFO,07/01/2020,12:50:51,82,81.95,8000,82.1,16000,0,1536000
ASHOKLEY-II.NFO,07/01/2020,12:51:00,82,81.9,8000,82.1,16000,0,1536000
ASHOKLEY-II.NFO,07/01/2020,12:51:03,82,81.95,8000,82.1,16000,0,1536000
ASHOKLEY-II.NFO,07/01/2020,12:51:18,82,81.95,8000,82.1,8000,0,1536000
ASHOKLEY-II.NFO,07/01/2020,12:51:21,82,81.95,8000,82.1,16000,0,1536000
ASHOKLEY-II.NFO,07/01/2020,12:51:31,82,82,8000,82.1,16000,0,1536000
ASHOKLEY-II.NFO,07/01/2020,12:51:34,82,82.05,8000,82.2,16000,0,1536000
ASHOKLEY-II.NFO,07/01/2020,12:52:01,82,82,16000,82.2,16000,0,1536000
ASHOKLEY-II.NFO,07/01/2020,12:52:17,82,82,8000,82.2,16000,0,1536000
ASHOKLEY-II.NFO,07/01/2020,12:52:19,82,82,8000,82.1,16000,0,1536000
ASHOKLEY-II.NFO,07/01/2020,12:52:23,82,81.95,8000,82.1,16000,0,1536000
ASHOKLEY-II.NFO,07/01/2020,12:52:48,82,81.95,16000,82.1,16000,0,1536000
ASHOKLEY-II.NFO,07/01/2020,12:53:00,82,81.95,8000,82.1,16000,0,1536000
ASHOKLEY-II.NFO,07/01/2020,12:54:49,82,81.95,8000,82.1,8000,0,1536000
ASHOKLEY-II.NFO,07/01/2020,12:54:54,81.95,81.95,8000,82.1,8000,8000,1544000
ASHOKLEY-II.NFO,07/01/2020,12:55:30,81.95,81.95,16000,82.1,16000,0,1544000
ASHOKLEY-II.NFO,07/01/2020,12:55:41,81.95,81.95,16000,82.15,16000,0,1544000
ASHOKLEY-II.NFO,07/01/2020,12:55:46,81.95,82,8000,82.15,16000,0,1544000
ASHOKLEY-II.NFO,07/01/2020,12:56:03,81.95,82,16000,82.15,16000,0,1544000
ASHOKLEY-II.NFO,07/01/2020,12:56:22,81.95,82,16000,82.15,8000,0,1544000
ASHOKLEY-II.NFO,07/01/2020,12:56:26,81.95,82,16000,82.15,16000,0,1544000
ASHOKLEY-II.NFO,07/01/2020,12:57:15,81.95,82,8000,82.15,16000,0,1544000
ASHOKLEY-II.NFO,07/01/2020,12:57:20,81.95,81.95,8000,82.15,16000,0,1544000
ASHOKLEY-II.NFO,07/01/2020,12:57:26,81.95,81.95,8000,82.1,16000,0,1544000
ASHOKLEY-II.NFO,07/01/2020,12:57:39,81.95,81.9,8000,82.05,16000,0,1544000
ASHOKLEY-II.NFO,07/01/2020,12:57:44,81.95,81.85,16000,82.05,16000,0,1544000
ASHOKLEY-II.NFO,07/01/2020,12:57:49,81.95,81.85,8000,82.05,16000,0,1544000
ASHOKLEY-II.NFO,07/01/2020,12:58:09,81.95,81.8,8000,81.95,16000,0,1544000
ASHOKLEY-II.NFO,07/01/2020,12:58:14,81.95,81.8,16000,82,16000,0,1544000
ASHOKLEY-II.NFO,07/01/2020,12:58:34,81.95,81.85,16000,82,16000,0,1544000
ASHOKLEY-II.NFO,07/01/2020,12:58:43,81.95,81.95,8000,82.1,16000,0,1544000
ASHOKLEY-II.NFO,07/01/2020,12:59:05,81.95,81.95,8000,82.05,16000,0,1544000
ASHOKLEY-II.NFO,07/01/2020,12:59:25,81.95,81.95,8000,82.1,16000,0,1544000
ASHOKLEY-II.NFO,07/01/2020,12:59:37,81.95,81.95,8000,82.05,16000,0,1544000
ASHOKLEY-II.NFO,07/01/2020,13:00:11,81.95,81.95,8000,82,16000,0,1544000
ASHOKLEY-II.NFO,07/01/2020,13:00:36,81.95,81.95,8000,82,32000,0,1544000
ASHOKLEY-II.NFO,07/01/2020,13:01:07,81.95,81.8,16000,81.95,8000,8000,1544000
ASHOKLEY-II.NFO,07/01/2020,13:01:13,81.95,81.8,16000,81.95,8000,0,1544000
ASHOKLEY-II.NFO,07/01/2020,13:01:36,81.95,81.8,8000,81.95,8000,0,1544000
ASHOKLEY-II.NFO,07/01/2020,13:01:52,81.95,81.8,16000,81.95,8000,0,1544000
ASHOKLEY-II.NFO,07/01/2020,13:01:57,81.95,81.8,16000,82,24000,0,1544000
ASHOKLEY-II.NFO,07/01/2020,13:02:03,81.95,81.9,8000,82,16000,0,1544000
ASHOKLEY-II.NFO,07/01/2020,13:02:22,81.95,81.85,32000,82,24000,0,1544000
ASHOKLEY-II.NFO,07/01/2020,13:02:27,81.95,81.85,8000,82,24000,0,1544000
ASHOKLEY-II.NFO,07/01/2020,13:02:55,81.95,81.85,16000,82,24000,0,1544000
ASHOKLEY-II.NFO,07/01/2020,13:03:01,81.95,81.85,16000,82,16000,0,1544000
ASHOKLEY-II.NFO,07/01/2020,13:03:58,81.95,81.85,16000,82,24000,0,1544000
ASHOKLEY-II.NFO,07/01/2020,13:04:23,81.95,81.85,8000,82,24000,0,1544000
ASHOKLEY-II.NFO,07/01/2020,13:04:48,81.95,81.7,16000,81.85,8000,0,1544000
ASHOKLEY-II.NFO,07/01/2020,13:04:54,81.95,81.75,8000,81.9,8000,0,1544000
ASHOKLEY-II.NFO,07/01/2020,13:04:59,81.95,81.7,40000,81.9,8000,0,1544000
ASHOKLEY-II.NFO,07/01/2020,13:05:36,81.95,81.8,8000,81.95,8000,0,1544000
ASHOKLEY-II.NFO,07/01/2020,13:05:41,81.95,81.8,8000,81.95,16000,0,1544000
ASHOKLEY-II.NFO,07/01/2020,13:06:08,81.95,81.8,16000,82,24000,0,1544000
ASHOKLEY-II.NFO,07/01/2020,13:06:17,81.95,81.8,8000,81.95,16000,0,1544000
ASHOKLEY-II.NFO,07/01/2020,13:06:22,81.95,81.75,16000,81.95,16000,0,1544000
ASHOKLEY-II.NFO,07/01/2020,13:06:27,81.95,81.8,8000,81.95,16000,0,1544000
ASHOKLEY-II.NFO,07/01/2020,13:06:46,81.95,81.8,16000,82,24000,0,1544000
ASHOKLEY-II.NFO,07/01/2020,13:07:01,81.95,81.75,24000,81.95,16000,0,1544000
ASHOKLEY-II.NFO,07/01/2020,13:07:10,81.95,81.7,16000,81.9,16000,0,1544000
ASHOKLEY-II.NFO,07/01/2020,13:07:15,81.95,81.8,8000,81.95,16000,0,1544000
ASHOKLEY-II.NFO,07/01/2020,13:07:20,81.95,81.8,8000,81.95,8000,0,1544000
ASHOKLEY-II.NFO,07/01/2020,13:07:29,81.95,81.8,8000,81.95,16000,0,1544000
ASHOKLEY-II.NFO,07/01/2020,13:07:48,81.95,81.75,32000,81.95,16000,0,1544000
ASHOKLEY-II.NFO,07/01/2020,13:07:57,81.95,81.75,8000,81.95,16000,0,1544000
ASHOKLEY-II.NFO,07/01/2020,13:08:03,81.95,81.8,8000,81.9,8000,0,1544000
ASHOKLEY-II.NFO,07/01/2020,13:08:21,81.8,81.7,8000,81.85,16000,8000,1552000
ASHOKLEY-II.NFO,07/01/2020,13:08:29,81.8,81.7,8000,81.85,16000,0,1552000
ASHOKLEY-II.NFO,07/01/2020,13:08:49,81.8,81.6,16000,81.8,16000,0,1552000
ASHOKLEY-II.NFO,07/01/2020,13:08:55,81.8,81.75,8000,81.9,16000,0,1552000
ASHOKLEY-II.NFO,07/01/2020,13:09:00,81.8,81.75,24000,81.9,8000,0,1552000
ASHOKLEY-II.NFO,07/01/2020,13:09:11,81.8,81.7,16000,81.9,8000,0,1552000
ASHOKLEY-II.NFO,07/01/2020,13:09:24,81.8,81.75,8000,81.9,8000,0,1552000
ASHOKLEY-II.NFO,07/01/2020,13:09:30,81.8,81.7,16000,81.9,16000,0,1552000
ASHOKLEY-II.NFO,07/01/2020,13:09:48,81.8,81.7,8000,81.9,16000,0,1552000
ASHOKLEY-II.NFO,07/01/2020,13:09:55,81.8,81.7,16000,81.9,16000,0,1552000
ASHOKLEY-II.NFO,07/01/2020,13:10:06,81.8,81.7,8000,81.85,8000,0,1552000
ASHOKLEY-II.NFO,07/01/2020,13:10:12,81.8,81.7,16000,81.85,8000,0,1552000
ASHOKLEY-II.NFO,07/01/2020,13:11:02,81.8,81.75,16000,81.95,8000,0,1552000
ASHOKLEY-II.NFO,07/01/2020,13:11:06,81.8,81.85,8000,82,24000,0,1552000
ASHOKLEY-II.NFO,07/01/2020,13:11:15,81.8,81.8,16000,81.95,8000,0,1552000
ASHOKLEY-II.NFO,07/01/2020,13:11:33,81.8,81.8,16000,82,16000,0,1552000
ASHOKLEY-II.NFO,07/01/2020,13:11:38,81.8,81.8,16000,82,24000,0,1552000
ASHOKLEY-II.NFO,07/01/2020,13:12:00,81.8,81.9,8000,82,16000,0,1552000
ASHOKLEY-II.NFO,07/01/2020,13:12:27,81.8,81.85,16000,82,24000,0,1552000
ASHOKLEY-II.NFO,07/01/2020,13:12:40,81.8,81.85,16000,82,32000,0,1552000
ASHOKLEY-II.NFO,07/01/2020,13:12:49,81.8,81.85,16000,82,24000,0,1552000
ASHOKLEY-II.NFO,07/01/2020,13:12:53,81.8,81.85,16000,82,16000,0,1552000
ASHOKLEY-II.NFO,07/01/2020,13:13:06,82,81.95,8000,82.1,8000,16000,1560000
ASHOKLEY-II.NFO,07/01/2020,13:13:16,82,81.95,8000,82.1,16000,0,1560000
ASHOKLEY-II.NFO,07/01/2020,13:13:20,82,81.95,8000,82.05,16000,0,1560000
ASHOKLEY-II.NFO,07/01/2020,13:13:28,82,81.95,8000,82.05,8000,0,1560000
ASHOKLEY-II.NFO,07/01/2020,13:13:33,82,81.95,8000,82,16000,0,1560000
ASHOKLEY-II.NFO,07/01/2020,13:13:55,81.95,81.8,16000,81.95,8000,8000,1560000
ASHOKLEY-II.NFO,07/01/2020,13:14:05,81.95,81.8,16000,82,8000,0,1560000
ASHOKLEY-II.NFO,07/01/2020,13:15:16,81.95,81.8,16000,81.95,8000,0,1560000
ASHOKLEY-II.NFO,07/01/2020,13:15:23,81.95,81.8,8000,81.95,8000,0,1560000
ASHOKLEY-II.NFO,07/01/2020,13:15:30,81.95,81.8,8000,81.95,16000,0,1560000
ASHOKLEY-II.NFO,07/01/2020,13:15:36,81.95,81.75,8000,81.95,16000,0,1560000
ASHOKLEY-II.NFO,07/01/2020,13:15:48,81.95,81.7,16000,81.85,8000,0,1560000
ASHOKLEY-II.NFO,07/01/2020,13:16:04,81.95,81.75,8000,81.9,8000,0,1560000
ASHOKLEY-II.NFO,07/01/2020,13:16:35,81.95,81.75,8000,81.95,16000,0,1560000
ASHOKLEY-II.NFO,07/01/2020,13:16:50,81.95,81.7,32000,81.85,8000,0,1560000
ASHOKLEY-II.NFO,07/01/2020,13:17:07,81.95,81.7,8000,81.85,8000,0,1560000
ASHOKLEY-II.NFO,07/01/2020,13:17:11,81.95,81.7,16000,81.85,8000,0,1560000
ASHOKLEY-II.NFO,07/01/2020,13:17:26,81.95,81.65,32000,81.85,8000,0,1560000
ASHOKLEY-II.NFO,07/01/2020,13:17:33,81.95,81.65,8000,81.8,16000,0,1560000
ASHOKLEY-II.NFO,07/01/2020,13:17:39,81.95,81.65,16000,81.85,40000,0,1560000
ASHOKLEY-II.NFO,07/01/2020,13:17:55,81.95,81.65,16000,81.85,32000,0,1560000
ASHOKLEY-II.NFO,07/01/2020,13:17:59,81.95,81.65,16000,81.8,8000,0,1560000
ASHOKLEY-II.NFO,07/01/2020,13:18:28,81.95,81.65,16000,81.85,8000,0,1560000
ASHOKLEY-II.NFO,07/01/2020,13:18:34,81.95,81.7,16000,81.85,8000,0,1560000
ASHOKLEY-II.NFO,07/01/2020,13:19:01,81.95,81.75,8000,81.9,16000,0,1560000
ASHOKLEY-II.NFO,07/01/2020,13:19:11,81.95,81.7,8000,81.9,16000,0,1560000
ASHOKLEY-II.NFO,07/01/2020,13:20:26,81.95,81.7,16000,81.9,16000,0,1560000
ASHOKLEY-II.NFO,07/01/2020,13:20:30,81.95,81.7,8000,81.85,16000,0,1560000
ASHOKLEY-II.NFO,07/01/2020,13:20:34,81.95,81.65,24000,81.85,16000,0,1560000
ASHOKLEY-II.NFO,07/01/2020,13:20:45,81.95,81.7,8000,81.85,8000,0,1560000
ASHOKLEY-II.NFO,07/01/2020,13:20:48,81.95,81.65,24000,81.8,8000,0,1560000
ASHOKLEY-II.NFO,07/01/2020,13:20:55,81.95,81.7,8000,81.85,8000,0,1560000
ASHOKLEY-II.NFO,07/01/2020,13:21:01,81.95,81.65,24000,81.8,16000,0,1560000
ASHOKLEY-II.NFO,07/01/2020,13:21:13,81.95,81.55,16000,81.75,16000,0,1560000
ASHOKLEY-II.NFO,07/01/2020,13:21:43,81.95,81.55,8000,81.75,16000,0,1560000
ASHOKLEY-II.NFO,07/01/2020,13:21:55,81.95,81.55,8000,81.7,8000,0,1560000
ASHOKLEY-II.NFO,07/01/2020,13:22:03,81.95,81.55,8000,81.7,16000,0,1560000
ASHOKLEY-II.NFO,07/01/2020,13:22:44,81.95,81.5,16000,81.7,16000,0,1560000
ASHOKLEY-II.NFO,07/01/2020,13:22:49,81.95,81.55,8000,81.7,16000,0,1560000
ASHOKLEY-II.NFO,07/01/2020,13:24:38,81.95,81.65,16000,81.8,16000,0,1560000
ASHOKLEY-II.NFO,07/01/2020,13:24:45,81.95,81.65,16000,81.85,16000,0,1560000
ASHOKLEY-II.NFO,07/01/2020,13:25:23,81.95,81.65,8000,81.85,16000,0,1560000
ASHOKLEY-II.NFO,07/01/2020,13:25:29,81.95,81.65,16000,81.85,16000,0,1560000
ASHOKLEY-II.NFO,07/01/2020,13:25:49,81.95,81.65,24000,81.85,16000,0,1560000
ASHOKLEY-II.NFO,07/01/2020,13:25:57,81.95,81.65,16000,81.85,16000,0,1560000
ASHOKLEY-II.NFO,07/01/2020,13:26:05,81.95,81.65,16000,81.85,8000,0,1560000
ASHOKLEY-II.NFO,07/01/2020,13:26:09,81.95,81.65,24000,81.85,8000,0,1560000
ASHOKLEY-II.NFO,07/01/2020,13:26:14,81.95,81.75,8000,81.9,16000,0,1560000
ASHOKLEY-II.NFO,07/01/2020,13:27:05,81.95,81.75,24000,81.95,16000,0,1560000
ASHOKLEY-II.NFO,07/01/2020,13:27:38,81.95,81.75,8000,81.9,16000,0,1560000
ASHOKLEY-II.NFO,07/01/2020,13:27:43,81.95,81.75,8000,81.95,8000,0,1560000
ASHOKLEY-II.NFO,07/01/2020,13:27:48,81.95,81.75,8000,81.9,8000,0,1560000
ASHOKLEY-II.NFO,07/01/2020,13:27:54,81.95,81.7,8000,81.85,16000,0,1560000
ASHOKLEY-II.NFO,07/01/2020,13:28:00,81.95,81.7,16000,81.85,16000,0,1560000
ASHOKLEY-II.NFO,07/01/2020,13:28:05,81.95,81.7,8000,81.85,8000,0,1560000
ASHOKLEY-II.NFO,07/01/2020,13:28:34,81.95,81.65,16000,81.8,16000,0,1560000
ASHOKLEY-II.NFO,07/01/2020,13:28:43,81.95,81.65,8000,81.8,16000,0,1560000
ASHOKLEY-II.NFO,07/01/2020,13:28:55,81.95,81.55,8000,81.7,16000,0,1560000
ASHOKLEY-II.NFO,07/01/2020,13:29:02,81.95,81.55,8000,81.75,16000,0,1560000
ASHOKLEY-II.NFO,07/01/2020,13:29:08,81.95,81.55,16000,81.75,16000,0,1560000
ASHOKLEY-II.NFO,07/01/2020,13:29:15,81.95,81.55,8000,81.75,16000,0,1560000
ASHOKLEY-II.NFO,07/01/2020,13:29:20,81.95,81.5,16000,81.65,16000,0,1560000
ASHOKLEY-II.NFO,07/01/2020,13:29:27,81.95,81.5,24000,81.65,16000,0,1560000
ASHOKLEY-II.NFO,07/01/2020,13:29:41,81.95,81.5,8000,81.65,16000,0,1560000
ASHOKLEY-II.NFO,07/01/2020,13:29:54,81.95,81.5,8000,81.55,16000,0,1560000
ASHOKLEY-II.NFO,07/01/2020,13:30:01,81.95,81.5,8000,81.6,8000,0,1560000
ASHOKLEY-II.NFO,07/01/2020,13:30:07,81.95,81.5,8000,81.6,16000,0,1560000
ASHOKLEY-II.NFO,07/01/2020,13:30:13,81.95,81.5,8000,81.6,8000,0,1560000
ASHOKLEY-II.NFO,07/01/2020,13:30:48,81.95,81.5,8000,81.55,16000,0,1560000
ASHOKLEY-II.NFO,07/01/2020,13:30:55,81.95,81.5,8000,81.55,8000,0,1560000
ASHOKLEY-II.NFO,07/01/2020,13:31:02,81.5,81.4,8000,81.55,8000,8000,1584000
ASHOKLEY-II.NFO,07/01/2020,13:31:09,81.5,81.4,8000,81.55,8000,0,1584000
ASHOKLEY-II.NFO,07/01/2020,13:31:14,81.5,81.35,16000,81.55,8000,0,1584000
ASHOKLEY-II.NFO,07/01/2020,13:31:20,81.5,81.35,24000,81.55,8000,0,1584000
ASHOKLEY-II.NFO,07/01/2020,13:31:32,81.5,81.45,8000,81.6,8000,0,1584000
ASHOKLEY-II.NFO,07/01/2020,13:31:38,81.5,81.45,8000,81.65,32000,0,1584000
ASHOKLEY-II.NFO,07/01/2020,13:31:44,81.5,81.45,24000,81.65,32000,0,1584000
ASHOKLEY-II.NFO,07/01/2020,13:31:52,81.5,81.5,16000,81.7,8000,0,1584000
ASHOKLEY-II.NFO,07/01/2020,13:31:59,81.5,81.55,8000,81.7,8000,0,1584000
ASHOKLEY-II.NFO,07/01/2020,13:32:07,81.5,81.5,16000,81.7,8000,0,1584000
ASHOKLEY-II.NFO,07/01/2020,13:32:13,81.5,81.5,24000,81.7,8000,0,1584000
ASHOKLEY-II.NFO,07/01/2020,13:32:46,81.5,81.45,8000,81.55,8000,0,1584000
ASHOKLEY-II.NFO,07/01/2020,13:32:53,81.5,81.45,8000,81.65,8000,0,1584000
ASHOKLEY-II.NFO,07/01/2020,13:32:58,81.5,81.4,8000,81.55,8000,0,1584000
ASHOKLEY-II.NFO,07/01/2020,13:33:04,81.5,81.4,16000,81.6,8000,0,1584000
ASHOKLEY-II.NFO,07/01/2020,13:33:13,81.5,81.4,24000,81.6,8000,0,1584000
ASHOKLEY-II.NFO,07/01/2020,13:33:28,81.5,81.4,8000,81.55,8000,0,1584000
ASHOKLEY-II.NFO,07/01/2020,13:33:34,81.5,81.35,8000,81.5,8000,0,1584000
ASHOKLEY-II.NFO,07/01/2020,13:33:44,81.5,81.35,24000,81.6,8000,0,1584000
ASHOKLEY-II.NFO,07/01/2020,13:33:49,81.5,81.45,8000,81.6,8000,0,1584000
ASHOKLEY-II.NFO,07/01/2020,13:34:47,81.5,81.45,16000,81.65,8000,0,1584000
ASHOKLEY-II.NFO,07/01/2020,13:34:59,81.5,81.55,8000,81.7,16000,0,1584000
ASHOKLEY-II.NFO,07/01/2020,13:35:06,81.5,81.55,24000,81.75,8000,0,1584000
ASHOKLEY-II.NFO,07/01/2020,13:35:12,81.5,81.65,8000,81.8,16000,0,1584000
ASHOKLEY-II.NFO,07/01/2020,13:35:24,81.5,81.6,8000,81.75,8000,0,1584000
ASHOKLEY-II.NFO,07/01/2020,13:35:45,81.5,81.6,24000,81.8,8000,0,1584000
ASHOKLEY-II.NFO,07/01/2020,13:36:02,81.5,81.6,24000,81.8,8000,32000,1584000
ASHOKLEY-II.NFO,07/01/2020,13:36:07,81.5,81.55,16000,81.85,40000,64000,1592000
ASHOKLEY-II.NFO,07/01/2020,13:36:11,81.5,81.6,16000,81.85,24000,0,1592000
ASHOKLEY-II.NFO,07/01/2020,13:36:24,81.5,81.6,16000,81.85,48000,0,1592000
ASHOKLEY-II.NFO,07/01/2020,13:36:27,81.5,81.6,16000,81.8,8000,0,1592000
ASHOKLEY-II.NFO,07/01/2020,13:36:31,81.5,81.6,24000,81.85,24000,0,1592000
ASHOKLEY-II.NFO,07/01/2020,13:36:42,81.5,81.55,32000,81.8,16000,0,1592000
ASHOKLEY-II.NFO,07/01/2020,13:36:48,81.5,81.6,8000,81.8,8000,0,1592000
ASHOKLEY-II.NFO,07/01/2020,13:36:53,81.5,81.65,8000,81.8,8000,0,1592000
ASHOKLEY-II.NFO,07/01/2020,13:38:02,81.5,81.6,32000,81.85,8000,0,1592000
ASHOKLEY-II.NFO,07/01/2020,13:38:06,81.5,81.6,24000,81.8,8000,0,1592000
ASHOKLEY-II.NFO,07/01/2020,13:38:13,81.5,81.7,8000,81.85,8000,0,1592000
ASHOKLEY-II.NFO,07/01/2020,13:38:19,81.5,81.65,32000,81.8,8000,0,1592000
ASHOKLEY-II.NFO,07/01/2020,13:38:31,81.5,81.65,16000,81.8,8000,0,1592000
ASHOKLEY-II.NFO,07/01/2020,13:38:36,81.5,81.6,8000,81.75,8000,0,1592000
ASHOKLEY-II.NFO,07/01/2020,13:38:46,81.5,81.55,16000,81.7,8000,0,1592000
ASHOKLEY-II.NFO,07/01/2020,13:39:04,81.5,81.55,8000,81.7,8000,0,1592000
ASHOKLEY-II.NFO,07/01/2020,13:39:09,81.5,81.55,16000,81.75,8000,0,1592000
ASHOKLEY-II.NFO,07/01/2020,13:39:13,81.5,81.55,8000,81.7,8000,0,1592000
ASHOKLEY-II.NFO,07/01/2020,13:39:43,81.5,81.5,24000,81.65,16000,0,1592000
ASHOKLEY-II.NFO,07/01/2020,13:39:53,81.5,81.5,8000,81.6,8000,0,1592000
ASHOKLEY-II.NFO,07/01/2020,13:40:48,81.5,81.5,16000,81.6,8000,0,1592000
ASHOKLEY-II.NFO,07/01/2020,13:40:54,81.5,81.5,16000,81.65,8000,0,1592000
ASHOKLEY-II.NFO,07/01/2020,13:41:03,81.5,81.5,8000,81.65,8000,0,1592000
ASHOKLEY-II.NFO,07/01/2020,13:41:16,81.5,81.5,8000,81.6,8000,0,1592000
ASHOKLEY-II.NFO,07/01/2020,13:41:35,81.5,81.5,24000,81.6,8000,0,1592000
ASHOKLEY-II.NFO,07/01/2020,13:41:42,81.5,81.5,24000,81.65,8000,0,1592000
ASHOKLEY-II.NFO,07/01/2020,13:41:50,81.5,81.5,8000,81.65,8000,0,1592000
ASHOKLEY-II.NFO,07/01/2020,13:41:56,81.5,81.45,24000,81.55,8000,0,1592000
ASHOKLEY-II.NFO,07/01/2020,13:42:06,81.5,81.5,8000,81.6,8000,0,1592000
ASHOKLEY-II.NFO,07/01/2020,13:42:11,81.5,81.5,24000,81.65,8000,0,1592000
ASHOKLEY-II.NFO,07/01/2020,13:42:23,81.5,81.5,24000,81.7,8000,0,1592000
ASHOKLEY-II.NFO,07/01/2020,13:42:29,81.5,81.55,16000,81.7,8000,0,1592000
ASHOKLEY-II.NFO,07/01/2020,13:42:50,81.5,81.6,8000,81.7,8000,0,1592000
ASHOKLEY-II.NFO,07/01/2020,13:43:38,81.5,81.55,8000,81.7,16000,0,1592000
ASHOKLEY-II.NFO,07/01/2020,13:44:19,81.5,81.55,8000,81.7,8000,0,1592000
ASHOKLEY-II.NFO,07/01/2020,13:44:57,81.55,81.55,8000,81.7,8000,8000,1592000
ASHOKLEY-II.NFO,07/01/2020,13:45:00,81.55,81.55,8000,81.65,8000,0,1592000
ASHOKLEY-II.NFO,07/01/2020,13:45:04,81.55,81.55,8000,81.65,16000,0,1592000
ASHOKLEY-II.NFO,07/01/2020,13:45:09,81.65,81.55,24000,81.75,8000,16000,1592000
ASHOKLEY-II.NFO,07/01/2020,13:45:16,81.65,81.6,16000,81.75,8000,0,1592000
ASHOKLEY-II.NFO,07/01/2020,13:45:45,81.65,81.6,24000,81.75,8000,0,1592000
ASHOKLEY-II.NFO,07/01/2020,13:45:51,81.65,81.55,24000,81.75,8000,0,1592000
ASHOKLEY-II.NFO,07/01/2020,13:46:00,81.65,81.55,32000,81.75,8000,0,1592000
ASHOKLEY-II.NFO,07/01/2020,13:46:13,81.65,81.6,16000,81.75,8000,0,1592000
ASHOKLEY-II.NFO,07/01/2020,13:46:36,81.65,81.55,32000,81.75,8000,0,1592000
ASHOKLEY-II.NFO,07/01/2020,13:46:45,81.65,81.6,16000,81.75,8000,0,1592000
ASHOKLEY-II.NFO,07/01/2020,13:46:53,81.65,81.6,16000,81.8,8000,0,1592000
ASHOKLEY-II.NFO,07/01/2020,13:47:01,81.65,81.65,16000,81.8,16000,0,1592000
ASHOKLEY-II.NFO,07/01/2020,13:47:14,81.65,81.6,16000,81.8,8000,0,1592000
ASHOKLEY-II.NFO,07/01/2020,13:47:20,81.65,81.6,16000,81.8,16000,0,1592000
ASHOKLEY-II.NFO,07/01/2020,13:47:52,81.65,81.6,16000,81.75,8000,0,1592000
ASHOKLEY-II.NFO,07/01/2020,13:48:17,81.65,81.65,24000,81.8,16000,0,1592000
ASHOKLEY-II.NFO,07/01/2020,13:48:48,81.65,81.65,16000,81.8,16000,0,1592000
ASHOKLEY-II.NFO,07/01/2020,13:48:54,81.65,81.65,24000,81.8,16000,0,1592000
ASHOKLEY-II.NFO,07/01/2020,13:49:00,81.65,81.65,8000,81.8,16000,0,1592000
ASHOKLEY-II.NFO,07/01/2020,13:49:06,81.65,81.7,16000,81.85,8000,0,1592000
ASHOKLEY-II.NFO,07/01/2020,13:49:11,81.65,81.65,16000,81.8,16000,0,1592000
ASHOKLEY-II.NFO,07/01/2020,13:49:16,81.65,81.65,24000,81.8,16000,0,1592000
ASHOKLEY-II.NFO,07/01/2020,13:49:26,81.65,81.7,16000,81.8,8000,0,1592000
ASHOKLEY-II.NFO,07/01/2020,13:49:33,81.65,81.7,16000,81.85,8000,0,1592000
ASHOKLEY-II.NFO,07/01/2020,13:49:39,81.65,81.7,8000,81.85,8000,0,1592000
ASHOKLEY-II.NFO,07/01/2020,13:49:48,81.65,81.7,8000,81.85,16000,0,1592000
ASHOKLEY-II.NFO,07/01/2020,13:49:57,81.65,81.7,16000,81.85,16000,0,1592000
ASHOKLEY-II.NFO,07/01/2020,13:50:14,81.65,81.8,16000,81.95,16000,0,1592000
ASHOKLEY-II.NFO,07/01/2020,13:50:21,81.65,81.8,32000,81.95,8000,0,1592000
ASHOKLEY-II.NFO,07/01/2020,13:50:34,81.65,81.85,8000,82,8000,0,1592000
ASHOKLEY-II.NFO,07/01/2020,13:50:40,81.65,81.85,8000,81.95,8000,0,1592000
ASHOKLEY-II.NFO,07/01/2020,13:51:07,81.65,81.85,16000,82,16000,0,1592000
ASHOKLEY-II.NFO,07/01/2020,13:51:13,81.65,81.8,24000,81.95,16000,0,1592000
ASHOKLEY-II.NFO,07/01/2020,13:51:19,81.65,81.75,16000,81.95,16000,0,1592000
ASHOKLEY-II.NFO,07/01/2020,13:51:25,81.65,81.75,24000,81.95,16000,0,1592000
ASHOKLEY-II.NFO,07/01/2020,13:51:35,81.65,81.8,16000,81.95,16000,0,1592000
ASHOKLEY-II.NFO,07/01/2020,13:51:40,81.65,81.8,24000,81.95,16000,0,1592000
ASHOKLEY-II.NFO,07/01/2020,13:51:50,81.65,81.75,16000,81.95,16000,0,1592000
ASHOKLEY-II.NFO,07/01/2020,13:51:55,81.65,81.8,16000,81.95,16000,0,1592000
ASHOKLEY-II.NFO,07/01/2020,13:52:00,81.65,81.75,16000,81.95,16000,0,1592000
ASHOKLEY-II.NFO,07/01/2020,13:52:04,81.65,81.75,16000,81.85,8000,0,1592000
ASHOKLEY-II.NFO,07/01/2020,13:52:09,81.65,81.75,8000,81.9,8000,0,1592000
ASHOKLEY-II.NFO,07/01/2020,13:52:14,81.65,81.8,16000,81.9,8000,0,1592000
ASHOKLEY-II.NFO,07/01/2020,13:52:19,81.65,81.75,24000,81.9,16000,0,1592000
ASHOKLEY-II.NFO,07/01/2020,13:52:24,81.65,81.75,32000,81.9,16000,0,1592000
ASHOKLEY-II.NFO,07/01/2020,13:53:02,81.65,81.75,32000,81.9,8000,0,1592000
ASHOKLEY-II.NFO,07/01/2020,13:53:27,81.65,81.7,24000,81.85,16000,0,1592000
ASHOKLEY-II.NFO,07/01/2020,13:53:39,81.65,81.7,24000,81.85,24000,0,1592000
ASHOKLEY-II.NFO,07/01/2020,13:53:46,81.65,81.55,24000,81.75,16000,0,1592000
ASHOKLEY-II.NFO,07/01/2020,13:54:05,81.65,81.6,24000,81.75,16000,0,1592000
ASHOKLEY-II.NFO,07/01/2020,13:55:07,81.65,81.7,24000,81.8,8000,0,1592000
ASHOKLEY-II.NFO,07/01/2020,13:55:28,81.65,81.7,24000,81.85,8000,0,1592000
ASHOKLEY-II.NFO,07/01/2020,13:55:33,81.65,81.75,16000,81.9,16000,0,1592000
ASHOKLEY-II.NFO,07/01/2020,13:55:37,81.65,81.75,16000,81.9,8000,0,1592000
ASHOKLEY-II.NFO,07/01/2020,13:55:40,81.65,81.75,16000,81.9,16000,0,1592000
ASHOKLEY-II.NFO,07/01/2020,13:55:47,81.65,81.7,24000,81.85,16000,0,1592000
ASHOKLEY-II.NFO,07/01/2020,13:55:54,81.65,81.7,16000,81.85,16000,0,1592000
ASHOKLEY-II.NFO,07/01/2020,13:56:04,81.65,81.7,16000,81.85,24000,0,1592000
ASHOKLEY-II.NFO,07/01/2020,13:56:14,81.65,81.7,24000,81.85,24000,0,1592000
ASHOKLEY-II.NFO,07/01/2020,13:56:25,81.65,81.6,16000,81.75,16000,0,1592000
ASHOKLEY-II.NFO,07/01/2020,13:56:59,81.65,81.65,16000,81.75,8000,0,1592000
ASHOKLEY-II.NFO,07/01/2020,13:57:03,81.65,81.65,16000,81.8,16000,0,1592000
ASHOKLEY-II.NFO,07/01/2020,13:57:36,81.65,81.6,24000,81.75,16000,0,1592000
ASHOKLEY-II.NFO,07/01/2020,13:57:39,81.65,81.55,16000,81.75,16000,0,1592000
ASHOKLEY-II.NFO,07/01/2020,13:57:54,81.65,81.6,16000,81.75,16000,0,1592000
ASHOKLEY-II.NFO,07/01/2020,13:57:58,81.65,81.6,24000,81.75,16000,0,1592000
ASHOKLEY-II.NFO,07/01/2020,13:58:18,81.65,81.55,24000,81.75,16000,0,1592000
ASHOKLEY-II.NFO,07/01/2020,13:58:48,81.65,81.6,16000,81.75,16000,0,1592000
ASHOKLEY-II.NFO,07/01/2020,13:58:51,81.65,81.55,24000,81.75,16000,0,1592000
ASHOKLEY-II.NFO,07/01/2020,13:59:07,81.65,81.6,16000,81.75,16000,0,1592000
ASHOKLEY-II.NFO,07/01/2020,13:59:28,81.65,81.6,8000,81.75,16000,0,1592000
ASHOKLEY-II.NFO,07/01/2020,13:59:48,81.65,81.6,16000,81.75,16000,0,1592000
ASHOKLEY-II.NFO,07/01/2020,14:00:13,81.65,81.6,16000,81.75,8000,0,1592000
ASHOKLEY-II.NFO,07/01/2020,14:00:35,81.65,81.65,16000,81.8,16000,0,1592000
ASHOKLEY-II.NFO,07/01/2020,14:00:39,81.65,81.7,16000,81.8,8000,0,1592000
ASHOKLEY-II.NFO,07/01/2020,14:00:45,81.65,81.7,16000,81.85,8000,0,1592000
ASHOKLEY-II.NFO,07/01/2020,14:01:19,81.65,81.7,24000,81.85,8000,0,1592000
ASHOKLEY-II.NFO,07/01/2020,14:01:50,81.65,81.7,24000,81.85,16000,0,1592000
ASHOKLEY-II.NFO,07/01/2020,14:02:03,81.65,81.7,24000,81.85,8000,0,1592000
ASHOKLEY-II.NFO,07/01/2020,14:02:16,81.65,81.7,16000,81.85,8000,0,1592000
ASHOKLEY-II.NFO,07/01/2020,14:02:19,81.65,81.7,16000,81.85,16000,0,1592000
ASHOKLEY-II.NFO,07/01/2020,14:02:21,81.65,81.65,24000,81.8,16000,0,1592000
ASHOKLEY-II.NFO,07/01/2020,14:02:28,81.65,81.65,24000,81.8,8000,0,1592000
ASHOKLEY-II.NFO,07/01/2020,14:02:40,81.65,81.65,16000,81.8,24000,0,1592000
ASHOKLEY-II.NFO,07/01/2020,14:02:43,81.65,81.65,16000,81.75,8000,0,1592000
ASHOKLEY-II.NFO,07/01/2020,14:02:59,81.65,81.6,24000,81.75,8000,0,1592000
ASHOKLEY-II.NFO,07/01/2020,14:03:02,81.65,81.65,16000,81.8,8000,0,1592000
ASHOKLEY-II.NFO,07/01/2020,14:03:05,81.65,81.65,24000,81.8,8000,0,1592000
ASHOKLEY-II.NFO,07/01/2020,14:03:13,81.65,81.75,24000,81.9,16000,0,1592000
ASHOKLEY-II.NFO,07/01/2020,14:03:16,81.65,81.75,32000,81.9,16000,0,1592000
ASHOKLEY-II.NFO,07/01/2020,14:03:22,81.65,81.8,24000,81.9,8000,0,1592000
ASHOKLEY-II.NFO,07/01/2020,14:03:24,81.65,81.75,32000,81.95,8000,0,1592000
ASHOKLEY-II.NFO,07/01/2020,14:03:27,81.65,81.75,32000,81.9,16000,0,1592000
ASHOKLEY-II.NFO,07/01/2020,14:03:30,81.65,81.75,32000,81.9,8000,0,1592000
ASHOKLEY-II.NFO,07/01/2020,14:03:36,81.65,81.75,32000,81.95,16000,0,1592000
ASHOKLEY-II.NFO,07/01/2020,14:03:40,82,81.95,16000,82.1,8000,24000,1576000
ASHOKLEY-II.NFO,07/01/2020,14:03:46,82,81.95,8000,82.15,16000,0,1576000
ASHOKLEY-II.NFO,07/01/2020,14:03:55,82,81.9,24000,82.05,16000,0,1576000
ASHOKLEY-II.NFO,07/01/2020,14:04:13,82,81.95,16000,82.05,8000,0,1576000
ASHOKLEY-II.NFO,07/01/2020,14:04:16,82,81.95,16000,82.1,16000,0,1576000
ASHOKLEY-II.NFO,07/01/2020,14:04:22,82,81.95,16000,82.1,24000,0,1576000
ASHOKLEY-II.NFO,07/01/2020,14:04:38,82,81.95,24000,82.1,24000,0,1576000
ASHOKLEY-II.NFO,07/01/2020,14:04:52,82,81.9,24000,82,8000,0,1576000
ASHOKLEY-II.NFO,07/01/2020,14:04:57,82,81.9,16000,82,8000,0,1576000
