Ticker,Date,Time,LTP,BuyPrice,BuyQty,SellPrice,SellQty,LTQ,OpenInterest
CHOLAFIN-II.NFO,07/01/2020,09:22:38,298,297.05,2500,298,2500,2500,85000
CHOLAFIN-II.NFO,07/01/2020,09:22:38,298,297.05,2500,298,2500,0,85000
CHOLAFIN-II.NFO,07/01/2020,09:22:38,298,297.05,2500,298,2500,0,85000
CHOLAFIN-II.NFO,07/01/2020,09:22:38,298,297.05,2500,298,2500,0,85000
CHOLAFIN-II.NFO,07/01/2020,09:22:44,298,297.2,2500,298,2500,0,85000
CHOLAFIN-II.NFO,07/01/2020,09:22:50,298,296.25,7500,298,2500,0,85000
CHOLAFIN-II.NFO,07/01/2020,09:22:56,298,296.8,2500,298,2500,0,85000
CHOLAFIN-II.NFO,07/01/2020,09:23:03,298,297,5000,298,2500,0,85000
CHOLAFIN-II.NFO,07/01/2020,09:23:10,298,297.1,2500,298,2500,0,85000
CHOLAFIN-II.NFO,07/01/2020,09:23:17,298,297.15,2500,298,2500,0,85000
CHOLAFIN-II.NFO,07/01/2020,09:23:30,298,296.7,7500,298,2500,0,85000
CHOLAFIN-II.NFO,07/01/2020,09:23:37,298,297.3,2500,299.15,2500,2500,82500
CHOLAFIN-II.NFO,07/01/2020,09:23:43,298,297.1,5000,299.15,5000,0,82500
CHOLAFIN-II.NFO,07/01/2020,09:23:49,298,297.15,5000,299.3,5000,0,82500
CHOLAFIN-II.NFO,07/01/2020,09:23:56,298,297.6,2500,299.3,5000,0,82500
CHOLAFIN-II.NFO,07/01/2020,09:24:03,298,297.5,2500,299.3,5000,0,82500
CHOLAFIN-II.NFO,07/01/2020,09:24:10,298,297.65,2500,299.3,5000,0,82500
CHOLAFIN-II.NFO,07/01/2020,09:24:17,298,297.75,2500,299.3,5000,0,82500
CHOLAFIN-II.NFO,07/01/2020,09:24:24,298,297.25,5000,299.3,5000,0,82500
CHOLAFIN-II.NFO,07/01/2020,09:24:31,298,297.1,5000,299.2,7500,0,82500
CHOLAFIN-II.NFO,07/01/2020,09:24:38,298,297.3,2500,299,5000,0,82500
CHOLAFIN-II.NFO,07/01/2020,09:24:44,298,297.45,2500,299.05,5000,0,82500
CHOLAFIN-II.NFO,07/01/2020,09:24:51,298,297,2500,298.95,7500,0,82500
CHOLAFIN-II.NFO,07/01/2020,09:24:57,298,297.15,2500,298.85,5000,0,82500
CHOLAFIN-II.NFO,07/01/2020,09:25:03,298,297.2,2500,298.85,5000,0,82500
CHOLAFIN-II.NFO,07/01/2020,09:25:11,298,297.75,2500,299.55,7500,0,82500
CHOLAFIN-II.NFO,07/01/2020,09:25:18,298,297.45,2500,299.55,7500,0,82500
CHOLAFIN-II.NFO,07/01/2020,09:25:25,298,297.75,2500,299.55,7500,0,82500
CHOLAFIN-II.NFO,07/01/2020,09:25:32,298,297.85,2500,299.55,7500,0,82500
CHOLAFIN-II.NFO,07/01/2020,09:25:40,298,297.85,2500,299.45,7500,0,82500
CHOLAFIN-II.NFO,07/01/2020,09:25:49,298,297.15,2500,299.35,7500,0,82500
CHOLAFIN-II.NFO,07/01/2020,09:26:03,298,297,2500,299.25,7500,0,82500
CHOLAFIN-II.NFO,07/01/2020,09:26:11,298,297.7,5000,299.45,2500,0,82500
CHOLAFIN-II.NFO,07/01/2020,09:26:17,298,297.8,2500,299.45,2500,0,82500
CHOLAFIN-II.NFO,07/01/2020,09:26:23,298,297.95,2500,299.55,2500,0,82500
CHOLAFIN-II.NFO,07/01/2020,09:26:28,298,298.05,2500,299.55,2500,0,82500
CHOLAFIN-II.NFO,07/01/2020,09:26:47,298,297.95,2500,299.65,5000,0,82500
CHOLAFIN-II.NFO,07/01/2020,09:26:53,298,297.6,2500,299.65,5000,0,82500
CHOLAFIN-II.NFO,07/01/2020,09:26:58,298,297.75,2500,299.65,5000,0,82500
CHOLAFIN-II.NFO,07/01/2020,09:27:02,298,297.9,2500,299.65,7500,0,82500
CHOLAFIN-II.NFO,07/01/2020,09:27:08,298,297.85,2500,299.65,7500,0,82500
CHOLAFIN-II.NFO,07/01/2020,09:27:13,298,297.95,2500,299.65,7500,0,82500
CHOLAFIN-II.NFO,07/01/2020,09:27:19,298,297.5,2500,299.65,7500,5000,80000
CHOLAFIN-II.NFO,07/01/2020,09:27:26,298,297.7,2500,299.65,7500,0,80000
CHOLAFIN-II.NFO,07/01/2020,09:28:16,298,297.6,2500,299.45,7500,0,80000
CHOLAFIN-II.NFO,07/01/2020,09:28:22,298,297.5,2500,299.45,7500,0,80000
CHOLAFIN-II.NFO,07/01/2020,09:28:29,298,297.2,2500,299.35,7500,0,80000
CHOLAFIN-II.NFO,07/01/2020,09:28:34,298,297.2,2500,299.25,7500,0,80000
CHOLAFIN-II.NFO,07/01/2020,09:28:39,298,297.2,2500,299.15,7500,0,80000
CHOLAFIN-II.NFO,07/01/2020,09:28:44,298,296.8,2500,299.15,7500,0,80000
CHOLAFIN-II.NFO,07/01/2020,09:28:50,298,297.2,2500,298.95,5000,0,80000
CHOLAFIN-II.NFO,07/01/2020,09:28:56,298,297.4,2500,299,5000,0,80000
CHOLAFIN-II.NFO,07/01/2020,09:29:02,298,297.2,2500,298.95,2500,0,80000
CHOLAFIN-II.NFO,07/01/2020,09:29:15,298,297.35,2500,298.85,2500,0,80000
CHOLAFIN-II.NFO,07/01/2020,09:29:21,298,297.05,2500,298.9,2500,0,80000
CHOLAFIN-II.NFO,07/01/2020,09:29:26,298,296.55,2500,298.85,7500,0,80000
CHOLAFIN-II.NFO,07/01/2020,09:29:32,298,297,2500,298.65,7500,0,80000
CHOLAFIN-II.NFO,07/01/2020,09:29:38,298,297.1,2500,298.65,7500,0,80000
CHOLAFIN-II.NFO,07/01/2020,09:29:45,298,297.1,2500,298,2500,0,80000
CHOLAFIN-II.NFO,07/01/2020,09:29:57,298,296.3,7500,298,2500,0,80000
CHOLAFIN-II.NFO,07/01/2020,09:30:03,298,297.15,2500,298,2500,0,80000
CHOLAFIN-II.NFO,07/01/2020,09:30:10,298,296.65,5000,298,2500,0,80000
CHOLAFIN-II.NFO,07/01/2020,09:30:23,298,297.2,2500,298,2500,0,80000
CHOLAFIN-II.NFO,07/01/2020,09:30:34,298,297.3,2500,298,2500,0,80000
CHOLAFIN-II.NFO,07/01/2020,09:30:55,298,296.8,2500,298,2500,0,80000
CHOLAFIN-II.NFO,07/01/2020,09:31:01,298,297.15,2500,298,2500,0,80000
CHOLAFIN-II.NFO,07/01/2020,09:31:07,298,297.15,2500,298.85,5000,2500,85000
CHOLAFIN-II.NFO,07/01/2020,09:31:13,298,297.35,2500,298.85,5000,0,85000
CHOLAFIN-II.NFO,07/01/2020,09:31:26,298,297.45,2500,298.85,5000,0,85000
CHOLAFIN-II.NFO,07/01/2020,09:31:36,298,297.05,2500,298.85,7500,0,85000
CHOLAFIN-II.NFO,07/01/2020,09:31:41,298,297.15,2500,298.85,7500,0,85000
CHOLAFIN-II.NFO,07/01/2020,09:31:47,298,297.25,2500,298.85,7500,0,85000
CHOLAFIN-II.NFO,07/01/2020,09:31:52,298,297.35,2500,298.85,5000,0,85000
CHOLAFIN-II.NFO,07/01/2020,09:32:01,298,297.45,2500,298.85,2500,0,85000
CHOLAFIN-II.NFO,07/01/2020,09:32:11,298,297.45,2500,298.85,5000,0,85000
CHOLAFIN-II.NFO,07/01/2020,09:32:22,298,297.55,2500,299.25,2500,0,85000
CHOLAFIN-II.NFO,07/01/2020,09:32:29,298,297.55,2500,299.2,2500,0,85000
CHOLAFIN-II.NFO,07/01/2020,09:32:35,298,297.2,2500,299.2,7500,0,85000
CHOLAFIN-II.NFO,07/01/2020,09:32:40,298,297.3,5000,299.25,7500,0,85000
CHOLAFIN-II.NFO,07/01/2020,09:32:47,298,296.7,2500,298.95,7500,0,85000
CHOLAFIN-II.NFO,07/01/2020,09:32:53,298,296.65,2500,298.75,7500,0,85000
CHOLAFIN-II.NFO,07/01/2020,09:33:03,298,296.25,5000,298.6,7500,0,85000
CHOLAFIN-II.NFO,07/01/2020,09:33:09,298,296.4,2500,298.6,7500,0,85000
CHOLAFIN-II.NFO,07/01/2020,09:33:14,298,296.55,2500,298.6,7500,0,85000
CHOLAFIN-II.NFO,07/01/2020,09:33:20,298,296.85,2500,298.5,2500,0,85000
CHOLAFIN-II.NFO,07/01/2020,09:33:26,298,296.9,2500,298.7,5000,0,85000
CHOLAFIN-II.NFO,07/01/2020,09:33:31,298,296.45,2500,298.6,7500,0,85000
CHOLAFIN-II.NFO,07/01/2020,09:33:37,298,296.6,2500,298.6,7500,0,85000
CHOLAFIN-II.NFO,07/01/2020,09:33:42,298,296.7,2500,298.6,7500,0,85000
CHOLAFIN-II.NFO,07/01/2020,09:33:48,298,296.55,5000,298.4,5000,0,85000
CHOLAFIN-II.NFO,07/01/2020,09:33:53,298,296.8,2500,298.6,7500,0,85000
CHOLAFIN-II.NFO,07/01/2020,09:33:58,298,296.8,2500,298.7,7500,0,85000
CHOLAFIN-II.NFO,07/01/2020,09:34:03,298,296.9,2500,298.7,7500,0,85000
CHOLAFIN-II.NFO,07/01/2020,09:34:23,298,296.2,5000,298.6,7500,0,85000
CHOLAFIN-II.NFO,07/01/2020,09:34:28,298,296.2,2500,298.5,7500,0,85000
CHOLAFIN-II.NFO,07/01/2020,09:34:33,298,296.1,5000,298.1,7500,0,85000
CHOLAFIN-II.NFO,07/01/2020,09:34:39,298,296.4,2500,298.15,5000,0,85000
CHOLAFIN-II.NFO,07/01/2020,09:34:44,298,296.45,2500,298.2,2500,0,85000
CHOLAFIN-II.NFO,07/01/2020,09:34:49,298,296.55,2500,298.2,5000,0,85000
CHOLAFIN-II.NFO,07/01/2020,09:34:53,298,296.55,2500,298.1,2500,0,85000
CHOLAFIN-II.NFO,07/01/2020,09:34:58,298,296.55,2500,297.85,5000,0,85000
CHOLAFIN-II.NFO,07/01/2020,09:35:23,298,296.6,2500,297.85,5000,0,85000
CHOLAFIN-II.NFO,07/01/2020,09:35:41,298,296.25,2500,297.7,2500,0,85000
CHOLAFIN-II.NFO,07/01/2020,09:35:48,298,296.1,2500,297.35,2500,0,85000
CHOLAFIN-II.NFO,07/01/2020,09:35:54,298,296.15,2500,297.5,2500,0,85000
CHOLAFIN-II.NFO,07/01/2020,09:36:01,298,296.15,2500,297.6,5000,0,85000
CHOLAFIN-II.NFO,07/01/2020,09:36:07,298,296.25,2500,297.5,7500,0,85000
CHOLAFIN-II.NFO,07/01/2020,09:36:12,298,296.2,2500,297.65,5000,0,85000
CHOLAFIN-II.NFO,07/01/2020,09:36:18,298,296.2,5000,297.85,2500,0,85000
CHOLAFIN-II.NFO,07/01/2020,09:36:30,298,296.35,2500,297.75,5000,0,85000
CHOLAFIN-II.NFO,07/01/2020,09:36:35,298,296.45,2500,297.75,5000,0,85000
CHOLAFIN-II.NFO,07/01/2020,09:36:39,298,296.55,5000,298.2,5000,0,85000
CHOLAFIN-II.NFO,07/01/2020,09:36:45,298,296.55,5000,298.3,5000,0,85000
CHOLAFIN-II.NFO,07/01/2020,09:36:49,298,296.65,5000,298.3,5000,0,85000
CHOLAFIN-II.NFO,07/01/2020,09:36:54,298,296.85,2500,298.3,2500,0,85000
CHOLAFIN-II.NFO,07/01/2020,09:37:00,298,296.8,2500,298.3,2500,0,85000
CHOLAFIN-II.NFO,07/01/2020,09:37:05,298,296.55,2500,298.1,7500,0,85000
CHOLAFIN-II.NFO,07/01/2020,09:37:10,298,296.6,2500,298.1,7500,0,85000
CHOLAFIN-II.NFO,07/01/2020,09:37:14,298,296.65,2500,298.1,7500,0,85000
CHOLAFIN-II.NFO,07/01/2020,09:37:29,298,296.45,2500,298.1,7500,0,85000
CHOLAFIN-II.NFO,07/01/2020,09:37:34,298,296.45,2500,298,7500,0,85000
CHOLAFIN-II.NFO,07/01/2020,09:37:45,298,296.5,2500,298,7500,0,85000
CHOLAFIN-II.NFO,07/01/2020,09:38:45,298,296.4,2500,298,7500,0,85000
CHOLAFIN-II.NFO,07/01/2020,09:39:04,298,296.45,2500,298,7500,0,85000
CHOLAFIN-II.NFO,07/01/2020,09:39:08,298,296.6,2500,298,5000,0,85000
CHOLAFIN-II.NFO,07/01/2020,09:39:13,298,296.7,2500,298.15,5000,0,85000
CHOLAFIN-II.NFO,07/01/2020,09:39:19,298,296.4,2500,298.25,5000,0,85000
CHOLAFIN-II.NFO,07/01/2020,09:39:24,298,296.75,5000,298.35,5000,0,85000
CHOLAFIN-II.NFO,07/01/2020,09:39:40,298,296.75,5000,298.35,7500,0,85000
CHOLAFIN-II.NFO,07/01/2020,09:39:45,298.35,296.75,5000,298.7,5000,2500,85000
CHOLAFIN-II.NFO,07/01/2020,09:39:45,298.35,296.75,5000,298.7,5000,0,85000
CHOLAFIN-II.NFO,07/01/2020,09:39:50,298.35,297.3,2500,298.6,2500,0,85000
CHOLAFIN-II.NFO,07/01/2020,09:39:54,298.35,297.15,2500,298.85,2500,0,85000
CHOLAFIN-II.NFO,07/01/2020,09:39:58,298.35,297.25,5000,298.85,2500,0,85000
CHOLAFIN-II.NFO,07/01/2020,09:40:03,298.35,297.35,5000,299.1,5000,0,85000
CHOLAFIN-II.NFO,07/01/2020,09:40:09,298.35,297.35,5000,299.1,2500,0,85000
CHOLAFIN-II.NFO,07/01/2020,09:40:14,298.35,296.75,2500,299.1,7500,0,85000
CHOLAFIN-II.NFO,07/01/2020,09:40:20,298.35,297.4,2500,299.1,7500,0,85000
CHOLAFIN-II.NFO,07/01/2020,09:40:26,298.35,297.3,2500,299,7500,0,85000
CHOLAFIN-II.NFO,07/01/2020,09:40:31,298.35,296.95,2500,298.9,7500,0,85000
CHOLAFIN-II.NFO,07/01/2020,09:40:36,298.35,297.05,5000,298.9,7500,0,85000
CHOLAFIN-II.NFO,07/01/2020,09:40:46,298.35,296.7,2500,298.9,7500,0,85000
CHOLAFIN-II.NFO,07/01/2020,09:40:51,298.35,297.2,2500,298.9,7500,0,85000
CHOLAFIN-II.NFO,07/01/2020,09:41:20,298.35,296.9,2500,298.9,7500,0,85000
CHOLAFIN-II.NFO,07/01/2020,09:41:26,298.35,297.2,2500,298.9,7500,0,85000
CHOLAFIN-II.NFO,07/01/2020,09:41:35,298.35,297.15,2500,298.9,7500,0,85000
CHOLAFIN-II.NFO,07/01/2020,09:41:40,298.35,297.25,5000,298.9,7500,0,85000
CHOLAFIN-II.NFO,07/01/2020,09:41:55,298.35,296.95,2500,298.9,7500,0,85000
CHOLAFIN-II.NFO,07/01/2020,09:42:01,298.35,296.65,2500,298.8,7500,0,85000
CHOLAFIN-II.NFO,07/01/2020,09:42:08,298.35,296.8,2500,298.8,7500,0,85000
CHOLAFIN-II.NFO,07/01/2020,09:42:15,298.35,296.9,5000,298.8,7500,0,85000
CHOLAFIN-II.NFO,07/01/2020,09:42:21,298.35,297.1,2500,298.8,7500,0,85000
CHOLAFIN-II.NFO,07/01/2020,09:42:28,298.35,297.15,2500,298.8,7500,0,85000
CHOLAFIN-II.NFO,07/01/2020,09:42:42,298.35,297,5000,298.8,7500,0,85000
CHOLAFIN-II.NFO,07/01/2020,09:42:49,298.35,297.1,2500,298.8,7500,0,85000
CHOLAFIN-II.NFO,07/01/2020,09:43:00,298.35,296.95,2500,298.7,7500,0,85000
CHOLAFIN-II.NFO,07/01/2020,09:43:06,298.35,296.85,2500,298.6,7500,0,85000
CHOLAFIN-II.NFO,07/01/2020,09:43:12,298.35,297,2500,298.6,2500,0,85000
CHOLAFIN-II.NFO,07/01/2020,09:43:18,298.35,297.2,2500,298.6,2500,0,85000
CHOLAFIN-II.NFO,07/01/2020,09:43:52,298.35,296.65,2500,298.6,2500,0,85000
CHOLAFIN-II.NFO,07/01/2020,09:43:57,298.35,296.75,5000,298.6,2500,0,85000
CHOLAFIN-II.NFO,07/01/2020,09:44:02,298.35,296.9,2500,298.85,5000,0,85000
CHOLAFIN-II.NFO,07/01/2020,09:44:08,298.35,297.25,2500,298.85,2500,0,85000
CHOLAFIN-II.NFO,07/01/2020,09:44:13,298.35,297.45,2500,298.85,2500,0,85000
CHOLAFIN-II.NFO,07/01/2020,09:44:24,298.35,297.7,2500,299.1,2500,0,85000
CHOLAFIN-II.NFO,07/01/2020,09:44:57,298.35,297.7,2500,299.1,5000,0,85000
CHOLAFIN-II.NFO,07/01/2020,09:45:02,298.35,297.7,2500,299.1,2500,0,85000
CHOLAFIN-II.NFO,07/01/2020,09:45:08,298.35,297.8,2500,299.1,2500,0,85000
CHOLAFIN-II.NFO,07/01/2020,09:45:14,298.35,297.6,2500,299.1,2500,0,85000
CHOLAFIN-II.NFO,07/01/2020,09:45:21,298.35,297.7,5000,299.1,2500,0,85000
CHOLAFIN-II.NFO,07/01/2020,09:45:26,298.35,297.8,2500,299.1,2500,0,85000
CHOLAFIN-II.NFO,07/01/2020,09:45:31,298.35,297.45,2500,299.1,2500,0,85000
CHOLAFIN-II.NFO,07/01/2020,09:45:36,298.35,297.6,2500,299.1,2500,0,85000
CHOLAFIN-II.NFO,07/01/2020,09:45:41,298.35,297.7,5000,299.1,2500,0,85000
CHOLAFIN-II.NFO,07/01/2020,09:45:45,298.35,297.8,2500,299.1,2500,0,85000
CHOLAFIN-II.NFO,07/01/2020,09:45:55,298.35,297.1,2500,299.3,5000,0,85000
CHOLAFIN-II.NFO,07/01/2020,09:45:59,298.35,297.3,2500,299.3,5000,0,85000
CHOLAFIN-II.NFO,07/01/2020,09:46:03,298.35,297.5,2500,299.3,5000,0,85000
CHOLAFIN-II.NFO,07/01/2020,09:46:08,298.35,297.8,2500,299.3,5000,0,85000
CHOLAFIN-II.NFO,07/01/2020,09:46:13,298.35,297.15,2500,299.3,7500,0,85000
CHOLAFIN-II.NFO,07/01/2020,09:46:18,298.35,297.25,5000,299.3,7500,0,85000
CHOLAFIN-II.NFO,07/01/2020,09:46:23,298.35,297.5,2500,299.3,7500,0,85000
CHOLAFIN-II.NFO,07/01/2020,09:46:34,298.35,297.45,2500,299.3,7500,0,85000
CHOLAFIN-II.NFO,07/01/2020,09:46:45,298.35,297.5,2500,299.3,7500,0,85000
CHOLAFIN-II.NFO,07/01/2020,09:46:50,298.35,297.6,2500,299.3,7500,0,85000
CHOLAFIN-II.NFO,07/01/2020,09:46:54,298.35,297.45,2500,299.3,7500,0,85000
CHOLAFIN-II.NFO,07/01/2020,09:46:58,298.35,297.55,2500,299.3,7500,0,85000
CHOLAFIN-II.NFO,07/01/2020,09:47:02,298.35,297.45,2500,299.3,7500,0,85000
CHOLAFIN-II.NFO,07/01/2020,09:47:07,298.35,297.55,2500,299.3,7500,0,85000
CHOLAFIN-II.NFO,07/01/2020,09:47:11,298.35,297.4,2500,299.3,7500,0,85000
CHOLAFIN-II.NFO,07/01/2020,09:47:16,298.35,297.5,2500,299.3,7500,0,85000
CHOLAFIN-II.NFO,07/01/2020,09:47:20,298.35,297.55,2500,299.3,7500,0,85000
CHOLAFIN-II.NFO,07/01/2020,09:47:25,298.35,297.45,2500,299.2,7500,0,85000
CHOLAFIN-II.NFO,07/01/2020,09:47:37,298.35,297.65,2500,299.2,7500,0,85000
CHOLAFIN-II.NFO,07/01/2020,09:47:42,298.35,297.45,5000,299.2,7500,0,85000
CHOLAFIN-II.NFO,07/01/2020,09:47:52,298.35,297.55,5000,299.2,7500,0,85000
CHOLAFIN-II.NFO,07/01/2020,09:47:56,298.35,296.95,2500,299.2,7500,0,85000
CHOLAFIN-II.NFO,07/01/2020,09:48:01,298.35,297.05,5000,299.2,7500,0,85000
CHOLAFIN-II.NFO,07/01/2020,09:48:05,298.35,297.3,2500,299.2,7500,0,85000
CHOLAFIN-II.NFO,07/01/2020,09:48:10,298.35,297.55,2500,299.2,7500,0,85000
CHOLAFIN-II.NFO,07/01/2020,09:48:26,298.35,297.7,2500,299.2,7500,0,85000
CHOLAFIN-II.NFO,07/01/2020,09:48:34,298.35,297.5,2500,299.2,7500,0,85000
CHOLAFIN-II.NFO,07/01/2020,09:48:39,298.35,297,2500,299.2,7500,0,85000
CHOLAFIN-II.NFO,07/01/2020,09:48:44,298.35,297.1,5000,299.2,7500,0,85000
CHOLAFIN-II.NFO,07/01/2020,09:48:48,298.35,297.25,2500,299.2,7500,0,85000
CHOLAFIN-II.NFO,07/01/2020,09:48:51,298.35,297.5,2500,299.2,7500,0,85000
CHOLAFIN-II.NFO,07/01/2020,09:48:55,298.35,297.6,2500,299.2,7500,0,85000
CHOLAFIN-II.NFO,07/01/2020,09:49:00,298.35,297.5,2500,299.2,7500,0,85000
CHOLAFIN-II.NFO,07/01/2020,09:49:04,298.35,297.6,2500,299.2,7500,0,85000
CHOLAFIN-II.NFO,07/01/2020,09:49:30,298.35,297.55,2500,299.2,7500,0,85000
CHOLAFIN-II.NFO,07/01/2020,09:49:36,298.35,296.95,2500,299.2,7500,0,85000
CHOLAFIN-II.NFO,07/01/2020,09:49:41,298.35,297.2,2500,299.2,7500,0,85000
CHOLAFIN-II.NFO,07/01/2020,09:49:45,298.35,297.4,2500,299.2,7500,0,85000
CHOLAFIN-II.NFO,07/01/2020,09:49:49,298.35,297.5,5000,299.2,7500,0,85000
CHOLAFIN-II.NFO,07/01/2020,09:49:59,298.35,297.6,2500,299.2,7500,0,85000
CHOLAFIN-II.NFO,07/01/2020,09:50:06,298.35,296.95,2500,299.2,7500,0,85000
CHOLAFIN-II.NFO,07/01/2020,09:50:10,298.35,297.4,2500,299,5000,0,85000
CHOLAFIN-II.NFO,07/01/2020,09:50:17,298.35,297.1,5000,299,7500,0,85000
CHOLAFIN-II.NFO,07/01/2020,09:50:31,298.35,297.3,5000,299,7500,0,85000
CHOLAFIN-II.NFO,07/01/2020,09:50:35,298.35,297.45,2500,299,5000,0,85000
CHOLAFIN-II.NFO,07/01/2020,09:50:39,298.35,297.1,2500,299,7500,0,85000
CHOLAFIN-II.NFO,07/01/2020,09:50:45,298.35,297.55,2500,299,7500,0,85000
CHOLAFIN-II.NFO,07/01/2020,09:50:49,298.35,297.45,2500,299,5000,0,85000
CHOLAFIN-II.NFO,07/01/2020,09:50:54,298.35,297.55,2500,299,7500,0,85000
CHOLAFIN-II.NFO,07/01/2020,09:51:07,298.35,297,2500,299,7500,0,85000
CHOLAFIN-II.NFO,07/01/2020,09:51:11,298.35,297.1,5000,298.9,7500,0,85000
CHOLAFIN-II.NFO,07/01/2020,09:51:16,298.35,296.75,2500,298.9,7500,0,85000
CHOLAFIN-II.NFO,07/01/2020,09:51:21,298.35,297.05,2500,298.9,7500,0,85000
CHOLAFIN-II.NFO,07/01/2020,09:51:25,298.35,297.15,2500,298.9,7500,0,85000
CHOLAFIN-II.NFO,07/01/2020,09:51:34,298.35,297.1,2500,298.9,7500,0,85000
CHOLAFIN-II.NFO,07/01/2020,09:51:38,298.35,297.4,2500,298.9,5000,0,85000
CHOLAFIN-II.NFO,07/01/2020,09:51:42,298.35,297.35,2500,298.9,5000,0,85000
CHOLAFIN-II.NFO,07/01/2020,09:51:46,298.35,297.35,5000,298.9,5000,0,85000
CHOLAFIN-II.NFO,07/01/2020,09:51:49,298.35,297.55,2500,298.9,5000,0,85000
CHOLAFIN-II.NFO,07/01/2020,09:51:53,298.35,297.6,2500,298.9,2500,0,85000
CHOLAFIN-II.NFO,07/01/2020,09:52:38,298.35,297.45,2500,298.9,2500,0,85000
CHOLAFIN-II.NFO,07/01/2020,09:52:42,298.35,297.6,2500,298.9,2500,0,85000
CHOLAFIN-II.NFO,07/01/2020,09:52:47,298.35,297.15,2500,298.9,5000,0,85000
CHOLAFIN-II.NFO,07/01/2020,09:52:51,298.35,297.3,2500,298.9,5000,0,85000
CHOLAFIN-II.NFO,07/01/2020,09:52:55,298.35,297.55,2500,298.9,5000,0,85000
CHOLAFIN-II.NFO,07/01/2020,09:52:59,298.35,297.6,2500,298.9,5000,0,85000
CHOLAFIN-II.NFO,07/01/2020,09:53:08,298.35,297.55,2500,298.9,5000,0,85000
CHOLAFIN-II.NFO,07/01/2020,09:53:14,298.35,296.8,2500,298.9,7500,0,85000
CHOLAFIN-II.NFO,07/01/2020,09:53:19,298.35,296.9,5000,298.9,7500,0,85000
CHOLAFIN-II.NFO,07/01/2020,09:53:23,298.35,297.15,2500,298.9,7500,0,85000
CHOLAFIN-II.NFO,07/01/2020,09:53:28,298.35,296.6,5000,298.9,7500,0,85000
CHOLAFIN-II.NFO,07/01/2020,09:53:32,298.35,296.85,2500,298.9,7500,0,85000
CHOLAFIN-II.NFO,07/01/2020,09:53:36,298.35,297.2,2500,298.9,7500,0,85000
CHOLAFIN-II.NFO,07/01/2020,09:53:40,298.35,297.3,2500,298.9,7500,0,85000
CHOLAFIN-II.NFO,07/01/2020,09:53:44,298.35,297.35,2500,298.9,7500,0,85000
CHOLAFIN-II.NFO,07/01/2020,09:54:03,298.35,296.9,2500,298.8,7500,0,85000
CHOLAFIN-II.NFO,07/01/2020,09:54:09,298.35,297.1,2500,298.7,7500,0,85000
CHOLAFIN-II.NFO,07/01/2020,09:54:13,298.35,297.15,2500,298.7,7500,0,85000
CHOLAFIN-II.NFO,07/01/2020,09:54:18,298.35,296.65,2500,298.7,7500,0,85000
CHOLAFIN-II.NFO,07/01/2020,09:54:23,298.35,296.8,2500,298.7,7500,0,85000
CHOLAFIN-II.NFO,07/01/2020,09:54:41,298.35,297.15,2500,298.7,7500,0,85000
CHOLAFIN-II.NFO,07/01/2020,09:54:50,298.35,296.85,2500,298.7,7500,0,85000
CHOLAFIN-II.NFO,07/01/2020,09:54:54,298.35,296.95,2500,298.7,7500,0,85000
CHOLAFIN-II.NFO,07/01/2020,09:55:02,298.35,297.1,2500,298.7,7500,0,85000
CHOLAFIN-II.NFO,07/01/2020,09:55:17,298.35,296.95,2500,298.7,7500,0,85000
CHOLAFIN-II.NFO,07/01/2020,09:55:22,298.35,297.05,2500,298.7,7500,0,85000
CHOLAFIN-II.NFO,07/01/2020,09:55:34,298.35,296.85,2500,298.7,7500,0,85000
CHOLAFIN-II.NFO,07/01/2020,09:55:39,298.35,296.95,2500,298.7,7500,0,85000
CHOLAFIN-II.NFO,07/01/2020,09:55:44,298.35,297,2500,298.7,7500,0,85000
CHOLAFIN-II.NFO,07/01/2020,09:55:48,298.35,297.2,2500,298.7,7500,0,85000
CHOLAFIN-II.NFO,07/01/2020,09:55:55,298.35,297.05,2500,298.7,7500,0,85000
CHOLAFIN-II.NFO,07/01/2020,09:56:06,298.35,297,2500,298.7,7500,0,85000
CHOLAFIN-II.NFO,07/01/2020,09:56:12,298.35,296.4,5000,298.6,7500,0,85000
CHOLAFIN-II.NFO,07/01/2020,09:56:17,298.35,297,2500,298.6,7500,0,85000
CHOLAFIN-II.NFO,07/01/2020,09:56:27,298.35,296.85,2500,298.6,7500,0,85000
CHOLAFIN-II.NFO,07/01/2020,09:56:31,298.35,296.65,2500,298.4,7500,0,85000
CHOLAFIN-II.NFO,07/01/2020,09:56:35,298.35,296.55,2500,298.3,7500,0,85000
CHOLAFIN-II.NFO,07/01/2020,09:56:39,298.35,296.65,2500,298.3,7500,0,85000
CHOLAFIN-II.NFO,07/01/2020,09:56:48,298.35,296.55,2500,298.3,7500,0,85000
CHOLAFIN-II.NFO,07/01/2020,09:56:53,298.35,296.65,2500,298.3,7500,0,85000
CHOLAFIN-II.NFO,07/01/2020,09:57:01,298.35,296.55,2500,298.3,7500,0,85000
CHOLAFIN-II.NFO,07/01/2020,09:57:06,298.35,296.6,2500,298.3,7500,0,85000
CHOLAFIN-II.NFO,07/01/2020,09:57:15,298.35,296.55,2500,298.3,7500,0,85000
CHOLAFIN-II.NFO,07/01/2020,09:57:19,298.35,296.55,2500,298.2,7500,0,85000
CHOLAFIN-II.NFO,07/01/2020,09:57:27,298.35,296.55,2500,298.1,7500,0,85000
CHOLAFIN-II.NFO,07/01/2020,09:57:31,298.35,296.5,2500,298.1,7500,0,85000
CHOLAFIN-II.NFO,07/01/2020,09:57:34,298.35,296.5,2500,298,7500,0,85000
CHOLAFIN-II.NFO,07/01/2020,09:57:38,298.35,296.55,2500,298,7500,0,85000
CHOLAFIN-II.NFO,07/01/2020,09:57:46,298.35,296.5,2500,298,7500,0,85000
CHOLAFIN-II.NFO,07/01/2020,09:58:02,298.35,296.45,2500,297.6,5000,0,85000
CHOLAFIN-II.NFO,07/01/2020,09:58:06,298.35,296.45,2500,297.6,7500,0,85000
CHOLAFIN-II.NFO,07/01/2020,09:58:21,298.35,296.45,2500,297.6,5000,0,85000
CHOLAFIN-II.NFO,07/01/2020,09:58:33,298.35,296.2,2500,297.6,7500,0,85000
CHOLAFIN-II.NFO,07/01/2020,09:58:42,298.35,294.9,7500,297.55,7500,0,85000
CHOLAFIN-II.NFO,07/01/2020,09:58:48,298.35,294.9,7500,297.35,7500,0,85000
CHOLAFIN-II.NFO,07/01/2020,09:58:53,298.35,294.9,7500,297.45,7500,0,85000
CHOLAFIN-II.NFO,07/01/2020,09:58:59,298.35,295.05,2500,297.45,7500,0,85000
CHOLAFIN-II.NFO,07/01/2020,09:59:03,298.35,295.15,2500,297.45,7500,0,85000
CHOLAFIN-II.NFO,07/01/2020,09:59:08,298.35,295.25,2500,297.15,7500,0,85000
CHOLAFIN-II.NFO,07/01/2020,09:59:14,298.35,295.35,2500,296.9,2500,0,85000
CHOLAFIN-II.NFO,07/01/2020,09:59:18,298.35,294.95,2500,297.05,2500,0,85000
CHOLAFIN-II.NFO,07/01/2020,09:59:22,298.35,295.05,2500,296.8,2500,0,85000
CHOLAFIN-II.NFO,07/01/2020,09:59:27,298.35,295.15,2500,296.95,5000,0,85000
CHOLAFIN-II.NFO,07/01/2020,09:59:31,298.35,295.25,2500,296.95,2500,0,85000
CHOLAFIN-II.NFO,07/01/2020,09:59:42,298.35,295.05,2500,296.95,2500,0,85000
CHOLAFIN-II.NFO,07/01/2020,09:59:47,298.35,295.15,2500,296.95,2500,0,85000
CHOLAFIN-II.NFO,07/01/2020,09:59:50,298.35,295.25,2500,296.95,2500,0,85000
CHOLAFIN-II.NFO,07/01/2020,09:59:54,298.35,295.35,2500,296.95,5000,0,85000
CHOLAFIN-II.NFO,07/01/2020,09:59:57,298.35,295.45,2500,297,2500,0,85000
CHOLAFIN-II.NFO,07/01/2020,10:00:00,298.35,295.45,2500,297,5000,0,85000
CHOLAFIN-II.NFO,07/01/2020,10:00:07,298.35,295.45,2500,297.05,2500,0,85000
CHOLAFIN-II.NFO,07/01/2020,10:00:17,298.35,295.45,2500,296.95,2500,0,85000
CHOLAFIN-II.NFO,07/01/2020,10:00:27,298.35,295.45,2500,296.95,5000,0,85000
CHOLAFIN-II.NFO,07/01/2020,10:00:31,298.35,295.05,2500,296.95,7500,0,85000
CHOLAFIN-II.NFO,07/01/2020,10:00:35,298.35,295.15,2500,296.95,7500,0,85000
CHOLAFIN-II.NFO,07/01/2020,10:00:39,298.35,295.25,2500,296.95,7500,0,85000
CHOLAFIN-II.NFO,07/01/2020,10:00:45,298.35,295.35,2500,296.95,7500,0,85000
CHOLAFIN-II.NFO,07/01/2020,10:01:03,298.35,295.35,2500,296.9,5000,0,85000
CHOLAFIN-II.NFO,07/01/2020,10:01:09,298.35,295.35,2500,296.9,7500,0,85000
CHOLAFIN-II.NFO,07/01/2020,10:01:14,298.35,294.9,2500,296.8,2500,0,85000
CHOLAFIN-II.NFO,07/01/2020,10:01:20,298.35,295,2500,296.9,5000,0,85000
CHOLAFIN-II.NFO,07/01/2020,10:01:27,298.35,295.1,2500,296.9,7500,0,85000
CHOLAFIN-II.NFO,07/01/2020,10:01:33,298.35,295.2,2500,296.9,7500,0,85000
CHOLAFIN-II.NFO,07/01/2020,10:01:38,298.35,295.2,2500,296.7,2500,0,85000
CHOLAFIN-II.NFO,07/01/2020,10:01:45,298.35,295.2,2500,296.6,2500,0,85000
CHOLAFIN-II.NFO,07/01/2020,10:01:50,298.35,295.2,2500,296.6,5000,0,85000
CHOLAFIN-II.NFO,07/01/2020,10:01:55,298.35,294.55,2500,296.6,5000,0,85000
CHOLAFIN-II.NFO,07/01/2020,10:02:00,298.35,294.65,2500,296.6,7500,0,85000
CHOLAFIN-II.NFO,07/01/2020,10:02:06,298.35,294.75,2500,296.6,7500,0,85000
CHOLAFIN-II.NFO,07/01/2020,10:02:11,298.35,294.35,5000,296.65,2500,0,85000
CHOLAFIN-II.NFO,07/01/2020,10:02:17,298.35,294.45,2500,296.55,2500,0,85000
CHOLAFIN-II.NFO,07/01/2020,10:02:22,298.35,294.55,2500,296.6,2500,0,85000
CHOLAFIN-II.NFO,07/01/2020,10:02:28,298.35,294.65,2500,296.7,2500,0,85000
CHOLAFIN-II.NFO,07/01/2020,10:02:33,298.35,294.75,2500,296.5,2500,0,85000
CHOLAFIN-II.NFO,07/01/2020,10:02:38,298.35,294.85,2500,296.45,5000,0,85000
CHOLAFIN-II.NFO,07/01/2020,10:02:42,298.35,294.95,2500,296.45,5000,0,85000
CHOLAFIN-II.NFO,07/01/2020,10:02:46,298.35,294.95,2500,296.7,5000,0,85000
CHOLAFIN-II.NFO,07/01/2020,10:02:54,298.35,295.05,2500,296.7,5000,0,85000
CHOLAFIN-II.NFO,07/01/2020,10:02:58,298.35,295.15,2500,296.7,5000,0,85000
CHOLAFIN-II.NFO,07/01/2020,10:03:03,298.35,295.15,2500,296.8,2500,0,85000
CHOLAFIN-II.NFO,07/01/2020,10:03:07,298.35,295.25,2500,296.9,2500,0,85000
CHOLAFIN-II.NFO,07/01/2020,10:03:12,298.35,294.65,2500,296.65,2500,0,85000
CHOLAFIN-II.NFO,07/01/2020,10:03:18,298.35,294.75,2500,296.4,2500,0,85000
CHOLAFIN-II.NFO,07/01/2020,10:03:22,298.35,294.85,2500,296.45,5000,0,85000
CHOLAFIN-II.NFO,07/01/2020,10:03:27,298.35,294.95,2500,296.45,5000,0,85000
CHOLAFIN-II.NFO,07/01/2020,10:03:37,298.35,294.45,2500,296.45,5000,0,85000
CHOLAFIN-II.NFO,07/01/2020,10:03:42,298.35,294.55,2500,296.45,5000,0,85000
CHOLAFIN-II.NFO,07/01/2020,10:03:47,298.35,294.65,2500,296.45,5000,0,85000
CHOLAFIN-II.NFO,07/01/2020,10:03:51,298.35,294.15,5000,296.55,5000,0,85000
CHOLAFIN-II.NFO,07/01/2020,10:03:56,298.35,294.25,5000,296.55,5000,0,85000
CHOLAFIN-II.NFO,07/01/2020,10:04:00,298.35,294.35,5000,296.55,5000,0,85000
CHOLAFIN-II.NFO,07/01/2020,10:04:05,298.35,294.45,5000,296.8,2500,0,85000
CHOLAFIN-II.NFO,07/01/2020,10:04:14,298.35,294.65,2500,296.8,2500,0,85000
CHOLAFIN-II.NFO,07/01/2020,10:04:18,298.35,294.75,2500,296.8,2500,0,85000
CHOLAFIN-II.NFO,07/01/2020,10:04:22,298.35,294.85,2500,296.6,2500,0,85000
CHOLAFIN-II.NFO,07/01/2020,10:04:27,298.35,294.95,2500,296.65,2500,0,85000
CHOLAFIN-II.NFO,07/01/2020,10:04:32,298.35,294.5,2500,296.7,2500,0,85000
CHOLAFIN-II.NFO,07/01/2020,10:04:37,298.35,294.6,2500,296.7,7500,0,85000
CHOLAFIN-II.NFO,07/01/2020,10:04:41,298.35,294.7,2500,296.7,7500,0,85000
CHOLAFIN-II.NFO,07/01/2020,10:04:45,298.35,294.8,2500,296.7,7500,0,85000
CHOLAFIN-II.NFO,07/01/2020,10:04:48,298.35,294.9,2500,296.7,7500,0,85000
CHOLAFIN-II.NFO,07/01/2020,10:04:53,298.35,295,2500,296.7,7500,0,85000
CHOLAFIN-II.NFO,07/01/2020,10:04:57,298.35,295.1,2500,296.7,7500,0,85000
CHOLAFIN-II.NFO,07/01/2020,10:05:01,298.35,294.4,5000,296.7,5000,0,85000
CHOLAFIN-II.NFO,07/01/2020,10:05:05,298.35,294.5,2500,296.7,7500,0,85000
CHOLAFIN-II.NFO,07/01/2020,10:05:09,298.35,294.6,2500,296.7,7500,0,85000
CHOLAFIN-II.NFO,07/01/2020,10:05:13,298.35,294.7,2500,296.7,7500,0,85000
CHOLAFIN-II.NFO,07/01/2020,10:05:16,298.35,294.8,2500,296.7,7500,0,85000
CHOLAFIN-II.NFO,07/01/2020,10:05:20,298.35,294.3,2500,296.7,7500,0,85000
CHOLAFIN-II.NFO,07/01/2020,10:05:23,298.35,294.4,2500,296.7,7500,0,85000
CHOLAFIN-II.NFO,07/01/2020,10:05:26,298.35,294.5,2500,296.7,7500,0,85000
CHOLAFIN-II.NFO,07/01/2020,10:05:29,298.35,294.6,2500,296.7,7500,0,85000
CHOLAFIN-II.NFO,07/01/2020,10:05:35,298.35,294.7,2500,296.7,7500,0,85000
CHOLAFIN-II.NFO,07/01/2020,10:05:41,298.35,294.8,2500,296.7,7500,0,85000
CHOLAFIN-II.NFO,07/01/2020,10:05:47,298.35,294.9,2500,296.7,5000,0,85000
CHOLAFIN-II.NFO,07/01/2020,10:05:53,298.35,295,2500,296.7,5000,0,85000
CHOLAFIN-II.NFO,07/01/2020,10:05:58,298.35,294.4,5000,296.7,7500,0,85000
CHOLAFIN-II.NFO,07/01/2020,10:06:02,298.35,294.5,2500,296.7,7500,0,85000
CHOLAFIN-II.NFO,07/01/2020,10:06:12,298.35,294.7,2500,296.6,7500,0,85000
CHOLAFIN-II.NFO,07/01/2020,10:06:16,298.35,294.8,2500,296.6,7500,0,85000
CHOLAFIN-II.NFO,07/01/2020,10:06:20,298.35,294.9,2500,296.45,2500,0,85000
CHOLAFIN-II.NFO,07/01/2020,10:06:25,298.35,294.4,2500,296.45,5000,0,85000
CHOLAFIN-II.NFO,07/01/2020,10:06:30,298.35,294.5,2500,296.45,5000,0,85000
CHOLAFIN-II.NFO,07/01/2020,10:06:35,298.35,294.6,2500,296.55,2500,0,85000
CHOLAFIN-II.NFO,07/01/2020,10:06:40,298.35,294.7,2500,296.55,2500,0,85000
CHOLAFIN-II.NFO,07/01/2020,10:06:45,298.35,294.8,2500,296.55,2500,0,85000
CHOLAFIN-II.NFO,07/01/2020,10:06:51,298.35,294.9,2500,296.6,5000,0,85000
CHOLAFIN-II.NFO,07/01/2020,10:07:01,298.35,295.1,2500,296.5,5000,0,85000
CHOLAFIN-II.NFO,07/01/2020,10:07:07,298.35,294.5,5000,296.5,5000,0,85000
CHOLAFIN-II.NFO,07/01/2020,10:07:12,298.35,294.6,2500,296.5,5000,0,85000
CHOLAFIN-II.NFO,07/01/2020,10:07:16,298.35,294.7,2500,296.5,5000,0,85000
CHOLAFIN-II.NFO,07/01/2020,10:07:22,298.35,294.8,2500,296.5,7500,0,85000
CHOLAFIN-II.NFO,07/01/2020,10:07:27,298.35,294.9,2500,296.5,7500,0,85000
CHOLAFIN-II.NFO,07/01/2020,10:07:32,298.35,294.4,2500,296.5,7500,0,85000
CHOLAFIN-II.NFO,07/01/2020,10:07:37,298.35,294.5,2500,296.5,7500,0,85000
CHOLAFIN-II.NFO,07/01/2020,10:07:42,298.35,294.6,2500,296.5,7500,0,85000
CHOLAFIN-II.NFO,07/01/2020,10:07:47,298.35,294.7,2500,296.5,7500,0,85000
CHOLAFIN-II.NFO,07/01/2020,10:07:53,298.35,294.8,2500,296.5,7500,0,85000
CHOLAFIN-II.NFO,07/01/2020,10:07:58,298.35,294.9,2500,296.5,7500,0,85000
CHOLAFIN-II.NFO,07/01/2020,10:08:03,298.35,295,2500,296.5,7500,0,85000
CHOLAFIN-II.NFO,07/01/2020,10:08:07,298.35,295.1,2500,296.5,7500,0,85000
CHOLAFIN-II.NFO,07/01/2020,10:08:26,298.35,295.1,2500,296.85,5000,0,85000
CHOLAFIN-II.NFO,07/01/2020,10:08:36,298.35,295.3,2500,296.75,5000,0,85000
CHOLAFIN-II.NFO,07/01/2020,10:08:58,298.35,295.4,2500,296.75,5000,0,85000
CHOLAFIN-II.NFO,07/01/2020,10:09:30,298.35,295.4,2500,296.75,7500,0,85000
CHOLAFIN-II.NFO,07/01/2020,10:09:34,298.35,294.65,2500,296.75,7500,0,85000
CHOLAFIN-II.NFO,07/01/2020,10:09:38,298.35,294.75,2500,296.75,7500,0,85000
CHOLAFIN-II.NFO,07/01/2020,10:09:43,298.35,294.85,2500,296.75,7500,0,85000
CHOLAFIN-II.NFO,07/01/2020,10:09:47,298.35,294.95,2500,296.75,7500,0,85000
CHOLAFIN-II.NFO,07/01/2020,10:09:51,298.35,295.05,2500,296.75,7500,0,85000
CHOLAFIN-II.NFO,07/01/2020,10:09:56,298.35,295.15,2500,296.75,7500,0,85000
CHOLAFIN-II.NFO,07/01/2020,10:10:01,298.35,294.6,2500,296.75,7500,0,85000
CHOLAFIN-II.NFO,07/01/2020,10:10:12,298.35,294.65,5000,296.85,7500,0,85000
CHOLAFIN-II.NFO,07/01/2020,10:10:17,298.35,294.75,5000,296.85,7500,0,85000
CHOLAFIN-II.NFO,07/01/2020,10:10:21,298.35,294.85,2500,296.85,5000,0,85000
CHOLAFIN-II.NFO,07/01/2020,10:10:25,298.35,294.95,2500,296.85,7500,0,85000
CHOLAFIN-II.NFO,07/01/2020,10:10:29,298.35,295.05,2500,296.85,5000,0,85000
CHOLAFIN-II.NFO,07/01/2020,10:10:33,298.35,294.55,5000,296.85,5000,0,85000
CHOLAFIN-II.NFO,07/01/2020,10:10:38,298.35,294.65,2500,296.85,7500,0,85000
CHOLAFIN-II.NFO,07/01/2020,10:10:42,298.35,294.75,2500,296.85,7500,0,85000
CHOLAFIN-II.NFO,07/01/2020,10:10:45,298.35,294.85,2500,296.85,7500,0,85000
CHOLAFIN-II.NFO,07/01/2020,10:10:49,298.35,294.95,2500,296.85,7500,0,85000
CHOLAFIN-II.NFO,07/01/2020,10:10:52,298.35,295.05,2500,296.85,7500,0,85000
CHOLAFIN-II.NFO,07/01/2020,10:10:55,298.35,295.15,2500,296.85,7500,0,85000
CHOLAFIN-II.NFO,07/01/2020,10:10:58,298.35,295.25,2500,296.85,7500,0,85000
CHOLAFIN-II.NFO,07/01/2020,10:11:02,298.35,295.35,2500,296.85,5000,0,85000
CHOLAFIN-II.NFO,07/01/2020,10:11:26,298.35,294.75,5000,296.85,5000,0,85000
CHOLAFIN-II.NFO,07/01/2020,10:11:29,298.35,294.85,2500,296.85,5000,0,85000
CHOLAFIN-II.NFO,07/01/2020,10:11:33,298.35,294.95,2500,296.85,5000,0,85000
CHOLAFIN-II.NFO,07/01/2020,10:11:37,298.35,295.05,2500,296.85,5000,0,85000
CHOLAFIN-II.NFO,07/01/2020,10:11:41,298.35,295.15,2500,296.85,5000,0,85000
CHOLAFIN-II.NFO,07/01/2020,10:11:46,298.35,294.65,2500,296.85,5000,0,85000
CHOLAFIN-II.NFO,07/01/2020,10:11:49,298.35,294.75,2500,296.85,5000,0,85000
CHOLAFIN-II.NFO,07/01/2020,10:11:53,298.35,294.85,2500,296.85,5000,0,85000
CHOLAFIN-II.NFO,07/01/2020,10:11:58,298.35,294.95,2500,296.85,5000,0,85000
CHOLAFIN-II.NFO,07/01/2020,10:12:02,298.35,295.05,2500,296.85,5000,0,85000
CHOLAFIN-II.NFO,07/01/2020,10:12:06,298.35,295.15,2500,296.85,5000,0,85000
CHOLAFIN-II.NFO,07/01/2020,10:12:10,298.35,295.25,2500,296.85,5000,0,85000
CHOLAFIN-II.NFO,07/01/2020,10:12:14,298.35,294.75,2500,296.85,5000,0,85000
CHOLAFIN-II.NFO,07/01/2020,10:12:18,298.35,294.85,2500,296.85,5000,0,85000
CHOLAFIN-II.NFO,07/01/2020,10:12:22,298.35,294.95,2500,296.85,5000,0,85000
CHOLAFIN-II.NFO,07/01/2020,10:12:27,298.35,295.05,2500,296.85,5000,0,85000
CHOLAFIN-II.NFO,07/01/2020,10:12:31,298.35,295.15,2500,296.85,5000,0,85000
CHOLAFIN-II.NFO,07/01/2020,10:12:36,298.35,295.25,2500,296.85,5000,0,85000
CHOLAFIN-II.NFO,07/01/2020,10:12:40,298.35,295.35,2500,296.85,5000,0,85000
CHOLAFIN-II.NFO,07/01/2020,10:12:55,298.35,294.45,2500,296.85,5000,0,85000
CHOLAFIN-II.NFO,07/01/2020,10:12:59,298.35,294.85,2500,296.85,5000,0,85000
CHOLAFIN-II.NFO,07/01/2020,10:13:03,298.35,294.95,2500,296.85,5000,0,85000
CHOLAFIN-II.NFO,07/01/2020,10:13:07,298.35,295.05,2500,296.85,5000,0,85000
CHOLAFIN-II.NFO,07/01/2020,10:13:11,298.35,294.6,2500,296.85,7500,0,85000
CHOLAFIN-II.NFO,07/01/2020,10:13:16,298.35,294.75,2500,296.85,7500,0,85000
CHOLAFIN-II.NFO,07/01/2020,10:13:21,298.35,294.85,2500,296.85,7500,0,85000
CHOLAFIN-II.NFO,07/01/2020,10:13:25,298.35,294.95,2500,296.85,7500,0,85000
CHOLAFIN-II.NFO,07/01/2020,10:13:28,298.35,295.05,2500,296.85,7500,0,85000
CHOLAFIN-II.NFO,07/01/2020,10:13:51,298.35,295.15,2500,296.85,7500,0,85000
CHOLAFIN-II.NFO,07/01/2020,10:13:56,298.35,294.75,2500,296.85,7500,0,85000
CHOLAFIN-II.NFO,07/01/2020,10:14:00,298.35,294.85,2500,296.85,7500,0,85000
CHOLAFIN-II.NFO,07/01/2020,10:14:05,298.35,294.95,2500,296.85,7500,0,85000
CHOLAFIN-II.NFO,07/01/2020,10:14:10,298.35,295.05,2500,296.85,7500,0,85000
CHOLAFIN-II.NFO,07/01/2020,10:14:16,298.35,295.15,2500,296.85,7500,0,85000
CHOLAFIN-II.NFO,07/01/2020,10:14:21,298.35,295.25,2500,296.85,7500,0,85000
CHOLAFIN-II.NFO,07/01/2020,10:14:26,298.35,294.65,2500,296.75,7500,0,85000
CHOLAFIN-II.NFO,07/01/2020,10:14:31,298.35,294.65,2500,296.65,7500,0,85000
CHOLAFIN-II.NFO,07/01/2020,10:14:36,298.35,294.75,2500,296.65,7500,0,85000
CHOLAFIN-II.NFO,07/01/2020,10:14:41,298.35,294.85,2500,296.65,7500,0,85000
CHOLAFIN-II.NFO,07/01/2020,10:14:45,298.35,295.05,2500,297.15,5000,0,85000
CHOLAFIN-II.NFO,07/01/2020,10:14:50,298.35,295.15,2500,297.15,5000,0,85000
CHOLAFIN-II.NFO,07/01/2020,10:14:55,298.35,295.25,2500,297.15,7500,0,85000
CHOLAFIN-II.NFO,07/01/2020,10:15:05,298.35,294.9,2500,297.05,7500,0,85000
CHOLAFIN-II.NFO,07/01/2020,10:15:10,298.35,295,2500,297.05,7500,0,85000
CHOLAFIN-II.NFO,07/01/2020,10:15:15,298.35,295.1,2500,297.05,7500,0,85000
CHOLAFIN-II.NFO,07/01/2020,10:15:20,298.35,295.2,2500,297.05,7500,0,85000
CHOLAFIN-II.NFO,07/01/2020,10:15:25,298.35,295.3,2500,297.05,7500,0,85000
CHOLAFIN-II.NFO,07/01/2020,10:15:30,298.35,295.4,2500,297.05,7500,0,85000
CHOLAFIN-II.NFO,07/01/2020,10:16:01,298.35,295.4,2500,296.9,5000,0,85000
CHOLAFIN-II.NFO,07/01/2020,10:16:06,298.35,295.4,2500,296.9,2500,0,85000
CHOLAFIN-II.NFO,07/01/2020,10:16:10,298.35,295.4,2500,296.9,5000,0,85000
CHOLAFIN-II.NFO,07/01/2020,10:16:14,298.35,295.4,2500,296.95,5000,0,85000
CHOLAFIN-II.NFO,07/01/2020,10:16:21,298.35,296,2500,296.95,5000,0,85000
CHOLAFIN-II.NFO,07/01/2020,10:16:30,298.35,296,2500,296.95,2500,0,85000
CHOLAFIN-II.NFO,07/01/2020,10:16:35,298.35,294.7,5000,296.9,2500,0,85000
CHOLAFIN-II.NFO,07/01/2020,10:16:39,298.35,294.8,2500,296.9,5000,0,85000
CHOLAFIN-II.NFO,07/01/2020,10:16:43,298.35,294.9,2500,296.9,5000,0,85000
CHOLAFIN-II.NFO,07/01/2020,10:16:47,298.35,295,2500,296.9,5000,0,85000
CHOLAFIN-II.NFO,07/01/2020,10:16:51,298.35,295.1,2500,296.9,5000,0,85000
CHOLAFIN-II.NFO,07/01/2020,10:16:56,298.35,295.2,2500,296.9,5000,0,85000
CHOLAFIN-II.NFO,07/01/2020,10:16:59,298.35,295.3,2500,296.9,5000,0,85000
CHOLAFIN-II.NFO,07/01/2020,10:17:23,298.35,295.3,2500,296.9,7500,0,85000
CHOLAFIN-II.NFO,07/01/2020,10:18:27,298.35,295.4,2500,296.9,7500,0,85000
CHOLAFIN-II.NFO,07/01/2020,10:18:31,298.35,294.8,5000,296.9,5000,0,85000
CHOLAFIN-II.NFO,07/01/2020,10:18:36,298.35,294.9,2500,296.9,5000,0,85000
CHOLAFIN-II.NFO,07/01/2020,10:18:41,298.35,295,2500,296.9,2500,0,85000
CHOLAFIN-II.NFO,07/01/2020,10:18:46,298.35,295.1,2500,296.9,5000,0,85000
CHOLAFIN-II.NFO,07/01/2020,10:18:51,298.35,295.2,2500,296.95,2500,0,85000
CHOLAFIN-II.NFO,07/01/2020,10:18:56,298.35,295.3,2500,296.95,5000,0,85000
CHOLAFIN-II.NFO,07/01/2020,10:19:32,298.35,294.7,2500,296.9,7500,0,85000
CHOLAFIN-II.NFO,07/01/2020,10:19:37,298.35,294.8,2500,296.9,7500,0,85000
CHOLAFIN-II.NFO,07/01/2020,10:19:41,298.35,294.9,2500,296.9,7500,0,85000
CHOLAFIN-II.NFO,07/01/2020,10:19:45,298.35,295,2500,296.9,7500,0,85000
CHOLAFIN-II.NFO,07/01/2020,10:19:50,298.35,295.1,2500,296.9,7500,0,85000
CHOLAFIN-II.NFO,07/01/2020,10:19:55,298.35,295.2,2500,296.9,7500,0,85000
CHOLAFIN-II.NFO,07/01/2020,10:19:59,298.35,295.3,2500,296.9,7500,0,85000
CHOLAFIN-II.NFO,07/01/2020,10:20:04,298.35,294.75,5000,296.9,7500,0,85000
CHOLAFIN-II.NFO,07/01/2020,10:20:08,298.35,294.85,2500,296.9,7500,0,85000
CHOLAFIN-II.NFO,07/01/2020,10:20:13,298.35,294.95,2500,296.9,7500,0,85000
CHOLAFIN-II.NFO,07/01/2020,10:20:18,298.35,295.05,2500,296.9,7500,0,85000
CHOLAFIN-II.NFO,07/01/2020,10:20:22,298.35,295.15,2500,296.9,7500,0,85000
CHOLAFIN-II.NFO,07/01/2020,10:20:25,298.35,295.25,2500,296.9,7500,0,85000
CHOLAFIN-II.NFO,07/01/2020,10:20:29,298.35,295.35,2500,296.9,7500,0,85000
CHOLAFIN-II.NFO,07/01/2020,10:20:33,298.35,294.8,2500,296.9,7500,0,85000
CHOLAFIN-II.NFO,07/01/2020,10:20:37,298.35,294.9,2500,296.9,7500,0,85000
CHOLAFIN-II.NFO,07/01/2020,10:20:40,298.35,295,2500,296.9,7500,0,85000
CHOLAFIN-II.NFO,07/01/2020,10:20:45,298.35,295.1,2500,296.9,7500,0,85000
CHOLAFIN-II.NFO,07/01/2020,10:20:50,298.35,295.2,2500,296.9,7500,0,85000
CHOLAFIN-II.NFO,07/01/2020,10:20:53,298.35,295.3,2500,296.9,7500,0,85000
CHOLAFIN-II.NFO,07/01/2020,10:20:56,298.35,295.4,2500,296.9,7500,0,85000
CHOLAFIN-II.NFO,07/01/2020,10:21:00,298.35,294.55,2500,296.9,7500,0,85000
CHOLAFIN-II.NFO,07/01/2020,10:21:03,298.35,294.65,5000,296.9,7500,0,85000
CHOLAFIN-II.NFO,07/01/2020,10:21:07,298.35,294.75,5000,296.9,7500,0,85000
CHOLAFIN-II.NFO,07/01/2020,10:21:11,298.35,294.85,2500,296.9,7500,0,85000
CHOLAFIN-II.NFO,07/01/2020,10:21:15,298.35,294.95,2500,296.9,7500,0,85000
CHOLAFIN-II.NFO,07/01/2020,10:21:19,298.35,295.05,2500,296.9,7500,0,85000
CHOLAFIN-II.NFO,07/01/2020,10:21:24,298.35,295.15,2500,296.9,7500,0,85000
CHOLAFIN-II.NFO,07/01/2020,10:21:28,298.35,295.25,2500,296.9,7500,0,85000
CHOLAFIN-II.NFO,07/01/2020,10:21:31,298.35,295.35,2500,296.9,7500,0,85000
CHOLAFIN-II.NFO,07/01/2020,10:22:17,298.35,294.75,2500,296.9,7500,0,85000
CHOLAFIN-II.NFO,07/01/2020,10:22:21,298.35,294.85,2500,296.9,7500,0,85000
CHOLAFIN-II.NFO,07/01/2020,10:22:24,298.35,294.95,2500,296.9,7500,0,85000
CHOLAFIN-II.NFO,07/01/2020,10:22:29,298.35,295.05,2500,296.9,7500,0,85000
CHOLAFIN-II.NFO,07/01/2020,10:22:33,298.35,294.35,5000,296.9,7500,0,85000
CHOLAFIN-II.NFO,07/01/2020,10:22:37,298.35,294.45,5000,296.9,7500,0,85000
CHOLAFIN-II.NFO,07/01/2020,10:22:42,298.35,294.55,5000,296.9,7500,0,85000
CHOLAFIN-II.NFO,07/01/2020,10:22:48,298.35,294.65,2500,296.9,7500,0,85000
CHOLAFIN-II.NFO,07/01/2020,10:22:54,298.35,294.75,2500,296.9,7500,0,85000
CHOLAFIN-II.NFO,07/01/2020,10:22:59,298.35,294.85,2500,296.9,7500,0,85000
CHOLAFIN-II.NFO,07/01/2020,10:23:04,298.35,294.95,2500,296.9,7500,0,85000
CHOLAFIN-II.NFO,07/01/2020,10:23:09,298.35,295.05,2500,296.9,7500,0,85000
CHOLAFIN-II.NFO,07/01/2020,10:23:32,298.35,294.55,2500,296.9,7500,0,85000
CHOLAFIN-II.NFO,07/01/2020,10:23:36,298.35,294.65,2500,296.9,7500,0,85000
CHOLAFIN-II.NFO,07/01/2020,10:23:40,298.35,294.75,2500,296.9,5000,0,85000
CHOLAFIN-II.NFO,07/01/2020,10:23:44,298.35,294.85,2500,296.9,5000,0,85000
CHOLAFIN-II.NFO,07/01/2020,10:23:48,298.35,294.95,2500,296.9,5000,0,85000
CHOLAFIN-II.NFO,07/01/2020,10:23:53,298.35,295.05,2500,296.9,5000,0,85000
CHOLAFIN-II.NFO,07/01/2020,10:23:57,298.35,294.5,2500,296.9,5000,0,85000
CHOLAFIN-II.NFO,07/01/2020,10:24:01,298.35,294.6,2500,296.9,5000,0,85000
CHOLAFIN-II.NFO,07/01/2020,10:24:05,298.35,294.8,2500,296.9,5000,0,85000
CHOLAFIN-II.NFO,07/01/2020,10:24:13,298.35,294.35,5000,296.9,5000,0,85000
CHOLAFIN-II.NFO,07/01/2020,10:24:17,298.35,294.55,2500,296.9,5000,0,85000
CHOLAFIN-II.NFO,07/01/2020,10:24:25,298.35,294.65,2500,296.9,5000,0,85000
CHOLAFIN-II.NFO,07/01/2020,10:24:28,298.35,294.75,2500,296.9,5000,0,85000
CHOLAFIN-II.NFO,07/01/2020,10:24:32,298.35,294.95,2500,296.9,5000,0,85000
CHOLAFIN-II.NFO,07/01/2020,10:24:35,298.35,294.35,5000,297.55,2500,0,85000
CHOLAFIN-II.NFO,07/01/2020,10:24:38,298.35,294.45,5000,297,5000,0,85000
CHOLAFIN-II.NFO,07/01/2020,10:24:41,298.35,294.55,2500,296.9,5000,0,85000
CHOLAFIN-II.NFO,07/01/2020,10:24:45,298.35,294.75,2500,296.9,5000,0,85000
CHOLAFIN-II.NFO,07/01/2020,10:24:48,298.35,294.85,2500,296.9,5000,0,85000
CHOLAFIN-II.NFO,07/01/2020,10:24:51,298.35,294.95,2500,296.9,5000,0,85000
CHOLAFIN-II.NFO,07/01/2020,10:24:54,298.35,294.6,2500,296.9,5000,0,85000
CHOLAFIN-II.NFO,07/01/2020,10:24:58,298.35,294.7,2500,296.9,5000,0,85000
CHOLAFIN-II.NFO,07/01/2020,10:25:03,298.35,294.8,2500,296.9,5000,0,85000
CHOLAFIN-II.NFO,07/01/2020,10:25:07,298.35,294.9,2500,296.9,5000,0,85000
CHOLAFIN-II.NFO,07/01/2020,10:25:10,298.35,295,2500,296.9,5000,0,85000
CHOLAFIN-II.NFO,07/01/2020,10:25:14,298.35,295,2500,297.75,7500,0,85000
CHOLAFIN-II.NFO,07/01/2020,10:25:18,298.35,294.5,5000,297.05,5000,0,85000
CHOLAFIN-II.NFO,07/01/2020,10:25:23,298.35,294.7,2500,296.95,5000,0,85000
CHOLAFIN-II.NFO,07/01/2020,10:25:27,298.35,294.8,2500,296.95,5000,0,85000
CHOLAFIN-II.NFO,07/01/2020,10:25:38,298.35,294.4,2500,296.85,5000,0,85000
CHOLAFIN-II.NFO,07/01/2020,10:25:43,298.35,294.5,2500,296.85,5000,0,85000
CHOLAFIN-II.NFO,07/01/2020,10:25:48,298.35,294.6,2500,296.85,5000,0,85000
CHOLAFIN-II.NFO,07/01/2020,10:25:57,298.35,294.7,2500,296.85,5000,0,85000
CHOLAFIN-II.NFO,07/01/2020,10:26:10,298.35,295,2500,296.65,5000,0,85000
CHOLAFIN-II.NFO,07/01/2020,10:26:29,298.35,294.2,5000,296.65,5000,0,85000
CHOLAFIN-II.NFO,07/01/2020,10:26:31,298.35,294.3,2500,296.65,5000,0,85000
CHOLAFIN-II.NFO,07/01/2020,10:26:34,298.35,294.4,2500,296.65,5000,0,85000
CHOLAFIN-II.NFO,07/01/2020,10:26:38,298.35,294.5,2500,296.65,5000,0,85000
CHOLAFIN-II.NFO,07/01/2020,10:26:42,298.35,294.6,2500,296.65,5000,0,85000
CHOLAFIN-II.NFO,07/01/2020,10:26:46,298.35,294.7,2500,296.65,5000,0,85000
CHOLAFIN-II.NFO,07/01/2020,10:26:55,298.35,294.8,2500,296.65,5000,0,85000
CHOLAFIN-II.NFO,07/01/2020,10:26:58,298.35,294.9,2500,296.65,5000,0,85000
CHOLAFIN-II.NFO,07/01/2020,10:27:02,298.35,295,2500,296.65,5000,0,85000
CHOLAFIN-II.NFO,07/01/2020,10:27:47,298.35,294.35,2500,296.65,5000,0,85000
CHOLAFIN-II.NFO,07/01/2020,10:27:50,298.35,294.45,2500,296.65,5000,0,85000
CHOLAFIN-II.NFO,07/01/2020,10:27:53,298.35,294.55,2500,296.65,5000,0,85000
CHOLAFIN-II.NFO,07/01/2020,10:27:57,298.35,294.65,2500,296.65,5000,0,85000
CHOLAFIN-II.NFO,07/01/2020,10:28:00,298.35,294.75,2500,296.65,5000,0,85000
CHOLAFIN-II.NFO,07/01/2020,10:28:04,298.35,294.15,2500,296.65,5000,0,85000
CHOLAFIN-II.NFO,07/01/2020,10:28:08,298.35,294.25,5000,296.65,5000,0,85000
CHOLAFIN-II.NFO,07/01/2020,10:28:11,298.35,294.35,2500,296.65,5000,0,85000
CHOLAFIN-II.NFO,07/01/2020,10:28:15,298.35,294.45,2500,296.65,5000,0,85000
CHOLAFIN-II.NFO,07/01/2020,10:28:20,298.35,294.55,2500,296.65,5000,0,85000
CHOLAFIN-II.NFO,07/01/2020,10:28:23,298.35,294.65,2500,296.65,5000,0,85000
CHOLAFIN-II.NFO,07/01/2020,10:28:27,298.35,294.75,2500,296.65,5000,0,85000
CHOLAFIN-II.NFO,07/01/2020,10:28:32,298.35,294.95,2500,296.65,5000,0,85000
CHOLAFIN-II.NFO,07/01/2020,10:28:55,298.35,295.05,2500,296.65,5000,0,85000
CHOLAFIN-II.NFO,07/01/2020,10:30:03,298.35,295.15,2500,296.65,5000,0,85000
CHOLAFIN-II.NFO,07/01/2020,10:30:06,298.35,294.4,5000,296.65,5000,0,85000
CHOLAFIN-II.NFO,07/01/2020,10:30:09,298.35,294.5,2500,296.65,5000,0,85000
CHOLAFIN-II.NFO,07/01/2020,10:30:12,298.35,294.6,2500,296.65,5000,0,85000
CHOLAFIN-II.NFO,07/01/2020,10:30:16,298.35,294.7,2500,296.65,5000,0,85000
CHOLAFIN-II.NFO,07/01/2020,10:30:20,298.35,294.8,2500,296.65,5000,0,85000
CHOLAFIN-II.NFO,07/01/2020,10:30:23,298.35,294.9,2500,296.65,5000,0,85000
CHOLAFIN-II.NFO,07/01/2020,10:30:26,298.35,295,2500,296.65,5000,0,85000
CHOLAFIN-II.NFO,07/01/2020,10:30:28,298.35,295.1,2500,296.65,5000,0,85000
CHOLAFIN-II.NFO,07/01/2020,10:30:50,298.35,294.4,5000,296.65,5000,0,85000
CHOLAFIN-II.NFO,07/01/2020,10:30:53,298.35,294.5,2500,296.65,5000,0,85000
CHOLAFIN-II.NFO,07/01/2020,10:30:56,298.35,294.6,2500,296.65,5000,0,85000
CHOLAFIN-II.NFO,07/01/2020,10:31:00,298.35,294.7,2500,296.65,5000,0,85000
CHOLAFIN-II.NFO,07/01/2020,10:31:04,298.35,294.9,2500,296.65,5000,0,85000
CHOLAFIN-II.NFO,07/01/2020,10:31:07,298.35,295,2500,296.65,5000,0,85000
CHOLAFIN-II.NFO,07/01/2020,10:31:33,298.35,294.3,2500,296.35,5000,0,85000
CHOLAFIN-II.NFO,07/01/2020,10:31:38,298.35,294.4,2500,296.35,5000,0,85000
CHOLAFIN-II.NFO,07/01/2020,10:31:41,298.35,294.5,2500,296.45,5000,0,85000
CHOLAFIN-II.NFO,07/01/2020,10:31:45,298.35,294.6,2500,296.45,5000,0,85000
CHOLAFIN-II.NFO,07/01/2020,10:31:49,298.35,294.7,2500,296.5,5000,0,85000
CHOLAFIN-II.NFO,07/01/2020,10:31:53,298.35,294.8,2500,296.5,5000,0,85000
CHOLAFIN-II.NFO,07/01/2020,10:31:56,298.35,294.9,2500,296.5,5000,0,85000
CHOLAFIN-II.NFO,07/01/2020,10:32:00,298.35,295,2500,296.5,5000,0,85000
CHOLAFIN-II.NFO,07/01/2020,10:32:05,298.35,295.1,2500,296.5,5000,0,85000
CHOLAFIN-II.NFO,07/01/2020,10:32:17,298.35,295.1,2500,296.6,5000,0,85000
CHOLAFIN-II.NFO,07/01/2020,10:32:27,298.35,295.1,2500,296.55,2500,0,85000
CHOLAFIN-II.NFO,07/01/2020,10:32:35,298.35,295.1,2500,296.6,5000,0,85000
CHOLAFIN-II.NFO,07/01/2020,10:33:12,298.35,294.5,2500,296.6,5000,0,85000
CHOLAFIN-II.NFO,07/01/2020,10:33:15,298.35,294.6,2500,296.6,5000,0,85000
CHOLAFIN-II.NFO,07/01/2020,10:33:17,298.35,294.7,2500,296.6,5000,0,85000
CHOLAFIN-II.NFO,07/01/2020,10:33:20,298.35,294.8,2500,296.6,5000,0,85000
CHOLAFIN-II.NFO,07/01/2020,10:33:23,298.35,294.9,2500,296.6,2500,0,85000
CHOLAFIN-II.NFO,07/01/2020,10:33:26,298.35,295,2500,296.6,2500,0,85000
CHOLAFIN-II.NFO,07/01/2020,10:34:05,298.35,295.1,2500,296.6,2500,0,85000
CHOLAFIN-II.NFO,07/01/2020,10:34:08,298.35,295.2,2500,296.6,2500,0,85000
CHOLAFIN-II.NFO,07/01/2020,10:34:21,298.35,295.2,2500,297.45,2500,0,85000
CHOLAFIN-II.NFO,07/01/2020,10:34:25,298.35,295.2,2500,296.7,2500,0,85000
CHOLAFIN-II.NFO,07/01/2020,10:34:28,298.35,294.6,2500,296.65,2500,0,85000
CHOLAFIN-II.NFO,07/01/2020,10:34:34,298.35,294.8,2500,296.85,5000,0,85000
CHOLAFIN-II.NFO,07/01/2020,10:34:39,298.35,295,2500,297.45,5000,0,85000
CHOLAFIN-II.NFO,07/01/2020,10:34:44,298.35,295.1,2500,296.75,2500,0,85000
CHOLAFIN-II.NFO,07/01/2020,10:34:47,298.35,295.2,2500,296.6,2500,0,85000
CHOLAFIN-II.NFO,07/01/2020,10:34:50,298.35,295.3,2500,296.75,5000,0,85000
CHOLAFIN-II.NFO,07/01/2020,10:34:54,298.35,294.7,2500,296.75,5000,0,85000
CHOLAFIN-II.NFO,07/01/2020,10:34:57,298.35,294.8,2500,296.75,5000,0,85000
CHOLAFIN-II.NFO,07/01/2020,10:35:00,298.35,294.9,2500,296.75,5000,0,85000
CHOLAFIN-II.NFO,07/01/2020,10:35:03,298.35,295,2500,296.75,5000,0,85000
CHOLAFIN-II.NFO,07/01/2020,10:35:05,298.35,295.1,2500,296.75,2500,0,85000
CHOLAFIN-II.NFO,07/01/2020,10:35:08,298.35,295.2,2500,296.75,2500,0,85000
CHOLAFIN-II.NFO,07/01/2020,10:35:10,298.35,295.3,2500,296.95,2500,0,85000
CHOLAFIN-II.NFO,07/01/2020,10:35:13,298.35,295.4,2500,297.5,5000,0,85000
CHOLAFIN-II.NFO,07/01/2020,10:35:16,298.35,295.4,2500,297.2,2500,0,85000
CHOLAFIN-II.NFO,07/01/2020,10:35:19,298.35,294.85,5000,297,2500,0,85000
CHOLAFIN-II.NFO,07/01/2020,10:35:21,298.35,294.95,2500,297,2500,0,85000
CHOLAFIN-II.NFO,07/01/2020,10:35:23,298.35,295.05,2500,297,2500,0,85000
CHOLAFIN-II.NFO,07/01/2020,10:35:25,298.35,295.15,2500,297,2500,0,85000
CHOLAFIN-II.NFO,07/01/2020,10:35:31,298.35,295.35,2500,296.9,2500,0,85000
CHOLAFIN-II.NFO,07/01/2020,10:35:35,298.35,295.45,2500,296.9,2500,0,85000
CHOLAFIN-II.NFO,07/01/2020,10:35:42,298.35,294.75,5000,296.9,2500,0,85000
CHOLAFIN-II.NFO,07/01/2020,10:35:45,298.35,294.85,2500,296.9,2500,0,85000
CHOLAFIN-II.NFO,07/01/2020,10:35:48,298.35,294.95,2500,296.9,2500,0,85000
CHOLAFIN-II.NFO,07/01/2020,10:35:50,298.35,295.05,2500,296.9,2500,0,85000
CHOLAFIN-II.NFO,07/01/2020,10:35:52,298.35,295.15,2500,296.9,2500,0,85000
CHOLAFIN-II.NFO,07/01/2020,10:35:55,298.35,295.25,2500,296.9,2500,0,85000
CHOLAFIN-II.NFO,07/01/2020,10:35:58,298.35,295.35,2500,296.9,2500,0,85000
CHOLAFIN-II.NFO,07/01/2020,10:36:04,298.35,295.35,2500,297,2500,0,85000
CHOLAFIN-II.NFO,07/01/2020,10:36:07,298.35,295.45,2500,297.05,5000,0,85000
CHOLAFIN-II.NFO,07/01/2020,10:36:10,298.35,294.65,2500,297.05,5000,0,85000
CHOLAFIN-II.NFO,07/01/2020,10:36:13,298.35,294.75,2500,297.05,5000,0,85000
CHOLAFIN-II.NFO,07/01/2020,10:36:15,298.35,294.85,2500,297.05,5000,0,85000
CHOLAFIN-II.NFO,07/01/2020,10:36:19,298.35,294.95,2500,297.05,5000,0,85000
CHOLAFIN-II.NFO,07/01/2020,10:36:21,298.35,295.05,2500,297.05,5000,0,85000
CHOLAFIN-II.NFO,07/01/2020,10:36:24,298.35,295.15,2500,297.05,5000,0,85000
CHOLAFIN-II.NFO,07/01/2020,10:36:26,298.35,295.25,2500,297.05,5000,0,85000
CHOLAFIN-II.NFO,07/01/2020,10:36:28,298.35,295.35,2500,297.05,5000,0,85000
CHOLAFIN-II.NFO,07/01/2020,10:36:37,298.35,294.75,2500,297.05,5000,0,85000
CHOLAFIN-II.NFO,07/01/2020,10:36:39,298.35,294.85,2500,297.05,5000,0,85000
CHOLAFIN-II.NFO,07/01/2020,10:36:40,298.35,294.95,2500,297.05,5000,0,85000
CHOLAFIN-II.NFO,07/01/2020,10:36:43,298.35,295.05,2500,296.95,2500,0,85000
CHOLAFIN-II.NFO,07/01/2020,10:36:46,298.35,295.15,2500,296.95,2500,0,85000
CHOLAFIN-II.NFO,07/01/2020,10:36:48,298.35,295.25,2500,297.5,5000,0,85000
CHOLAFIN-II.NFO,07/01/2020,10:36:50,298.35,295.35,2500,297.4,7500,0,85000
CHOLAFIN-II.NFO,07/01/2020,10:37:07,298.35,295.45,2500,297.2,5000,0,85000
CHOLAFIN-II.NFO,07/01/2020,10:37:10,298.35,295.45,2500,297.1,5000,0,85000
CHOLAFIN-II.NFO,07/01/2020,10:37:17,298.35,294.75,2500,297.1,5000,0,85000
CHOLAFIN-II.NFO,07/01/2020,10:37:20,298.35,294.85,2500,297.1,5000,0,85000
CHOLAFIN-II.NFO,07/01/2020,10:37:23,298.35,294.95,2500,297.1,5000,0,85000
CHOLAFIN-II.NFO,07/01/2020,10:37:26,298.35,295.05,2500,297.1,5000,0,85000
CHOLAFIN-II.NFO,07/01/2020,10:37:29,298.35,295.15,2500,297.1,5000,0,85000
CHOLAFIN-II.NFO,07/01/2020,10:37:31,298.35,294.75,2500,297.1,5000,0,85000
CHOLAFIN-II.NFO,07/01/2020,10:37:34,298.35,294.85,2500,297.1,5000,0,85000
CHOLAFIN-II.NFO,07/01/2020,10:37:36,298.35,294.95,2500,296.9,5000,0,85000
CHOLAFIN-II.NFO,07/01/2020,10:37:40,298.35,295.05,2500,297.25,5000,0,85000
CHOLAFIN-II.NFO,07/01/2020,10:37:48,298.35,295.25,2500,296.95,5000,0,85000
CHOLAFIN-II.NFO,07/01/2020,10:37:52,298.35,295.35,2500,296.95,5000,0,85000
CHOLAFIN-II.NFO,07/01/2020,10:37:55,298.35,294.75,2500,296.95,5000,0,85000
CHOLAFIN-II.NFO,07/01/2020,10:37:59,298.35,294.85,2500,296.95,5000,0,85000
CHOLAFIN-II.NFO,07/01/2020,10:38:02,298.35,294.95,2500,296.95,5000,0,85000
CHOLAFIN-II.NFO,07/01/2020,10:38:05,298.35,295.05,2500,296.9,5000,0,85000
CHOLAFIN-II.NFO,07/01/2020,10:38:08,298.35,295.15,2500,296.9,5000,0,85000
CHOLAFIN-II.NFO,07/01/2020,10:38:10,298.35,294.55,2500,296.9,5000,0,85000
CHOLAFIN-II.NFO,07/01/2020,10:38:12,298.35,294.65,2500,296.9,5000,0,85000
CHOLAFIN-II.NFO,07/01/2020,10:38:14,298.35,294.75,2500,296.9,5000,0,85000
CHOLAFIN-II.NFO,07/01/2020,10:38:17,298.35,294.95,2500,296.9,5000,0,85000
CHOLAFIN-II.NFO,07/01/2020,10:38:21,298.35,295.05,2500,296.9,5000,0,85000
CHOLAFIN-II.NFO,07/01/2020,10:38:23,298.35,294.65,2500,296.7,2500,0,85000
CHOLAFIN-II.NFO,07/01/2020,10:38:30,298.35,294.85,2500,296.75,5000,0,85000
CHOLAFIN-II.NFO,07/01/2020,10:38:35,298.35,294.95,2500,296.75,5000,0,85000
CHOLAFIN-II.NFO,07/01/2020,10:38:38,298.35,295.05,2500,296.75,5000,0,85000
CHOLAFIN-II.NFO,07/01/2020,10:38:42,298.35,295.05,2500,296.7,2500,0,85000
CHOLAFIN-II.NFO,07/01/2020,10:38:44,298.35,294.55,2500,296.6,2500,0,85000
CHOLAFIN-II.NFO,07/01/2020,10:38:47,298.35,294.65,2500,296.6,2500,0,85000
CHOLAFIN-II.NFO,07/01/2020,10:38:49,298.35,294.75,2500,296.6,2500,0,85000
CHOLAFIN-II.NFO,07/01/2020,10:38:51,298.35,294.85,2500,296.6,2500,0,85000
CHOLAFIN-II.NFO,07/01/2020,10:38:53,298.35,294.95,2500,296.6,2500,0,85000
CHOLAFIN-II.NFO,07/01/2020,10:38:54,298.35,295.05,2500,296.6,2500,0,85000
CHOLAFIN-II.NFO,07/01/2020,10:38:55,298.35,295.15,2500,296.6,2500,0,85000
CHOLAFIN-II.NFO,07/01/2020,10:39:02,298.35,294.55,5000,296.85,2500,0,85000
CHOLAFIN-II.NFO,07/01/2020,10:39:06,298.35,294.65,2500,296.9,5000,0,85000
CHOLAFIN-II.NFO,07/01/2020,10:39:09,298.35,294.75,2500,296.9,5000,0,85000
CHOLAFIN-II.NFO,07/01/2020,10:39:12,298.35,294.95,2500,296.9,5000,0,85000
CHOLAFIN-II.NFO,07/01/2020,10:39:13,298.35,294.95,2500,296.8,2500,0,85000
CHOLAFIN-II.NFO,07/01/2020,10:39:14,298.35,294.95,2500,296.7,2500,0,85000
CHOLAFIN-II.NFO,07/01/2020,10:39:16,298.35,294.95,2500,296.75,5000,0,85000
CHOLAFIN-II.NFO,07/01/2020,10:39:18,298.35,295.05,2500,296.75,5000,0,85000
CHOLAFIN-II.NFO,07/01/2020,10:39:19,298.35,294.55,2500,296.75,5000,0,85000
CHOLAFIN-II.NFO,07/01/2020,10:39:20,298.35,294.65,2500,296.75,5000,0,85000
CHOLAFIN-II.NFO,07/01/2020,10:39:21,298.35,294.75,2500,296.75,5000,0,85000
CHOLAFIN-II.NFO,07/01/2020,10:39:22,298.35,294.85,2500,296.75,5000,0,85000
CHOLAFIN-II.NFO,07/01/2020,10:39:23,298.35,294.95,2500,296.75,5000,0,85000
CHOLAFIN-II.NFO,07/01/2020,10:39:25,298.35,295.05,2500,296.75,5000,0,85000
CHOLAFIN-II.NFO,07/01/2020,10:39:26,298.35,295.15,2500,296.75,5000,0,85000
CHOLAFIN-II.NFO,07/01/2020,10:39:27,298.35,295.25,2500,296.75,5000,0,85000
CHOLAFIN-II.NFO,07/01/2020,10:39:32,298.35,295.25,2500,296.7,2500,0,85000
CHOLAFIN-II.NFO,07/01/2020,10:39:34,298.35,294.55,5000,296.95,5000,0,85000
CHOLAFIN-II.NFO,07/01/2020,10:39:35,298.35,294.65,2500,296.95,5000,0,85000
CHOLAFIN-II.NFO,07/01/2020,10:39:37,298.35,294.95,2500,296.95,5000,0,85000
CHOLAFIN-II.NFO,07/01/2020,10:39:39,298.35,295.05,2500,296.95,5000,0,85000
CHOLAFIN-II.NFO,07/01/2020,10:39:42,298.35,295.15,2500,296.95,5000,0,85000
CHOLAFIN-II.NFO,07/01/2020,10:39:42,298.35,294.65,2500,296.95,5000,0,85000
CHOLAFIN-II.NFO,07/01/2020,10:39:44,298.35,294.75,2500,296.95,5000,0,85000
CHOLAFIN-II.NFO,07/01/2020,10:39:45,298.35,294.85,2500,296.95,5000,0,85000
CHOLAFIN-II.NFO,07/01/2020,10:39:45,298.35,294.95,2500,296.95,5000,0,85000
CHOLAFIN-II.NFO,07/01/2020,10:39:47,298.35,295.05,2500,296.95,5000,0,85000
CHOLAFIN-II.NFO,07/01/2020,10:39:47,298.35,295.05,2500,296.85,2500,0,85000
CHOLAFIN-II.NFO,07/01/2020,10:40:08,298.35,295.15,2500,296.85,5000,0,85000
CHOLAFIN-II.NFO,07/01/2020,10:40:09,298.35,295.25,2500,296.85,5000,0,85000
CHOLAFIN-II.NFO,07/01/2020,10:40:31,298.35,294.55,2500,296.85,5000,0,85000
CHOLAFIN-II.NFO,07/01/2020,10:40:33,298.35,294.65,2500,296.95,5000,0,85000
CHOLAFIN-II.NFO,07/01/2020,10:40:35,298.35,294.75,2500,296.95,5000,0,85000
CHOLAFIN-II.NFO,07/01/2020,10:40:40,298.35,295.05,2500,296.9,2500,0,85000
CHOLAFIN-II.NFO,07/01/2020,10:40:43,298.35,295.05,2500,296.85,5000,0,85000
CHOLAFIN-II.NFO,07/01/2020,10:40:46,298.35,295.15,2500,296.85,5000,0,85000
CHOLAFIN-II.NFO,07/01/2020,10:40:49,298.35,295.25,2500,296.85,5000,0,85000
CHOLAFIN-II.NFO,07/01/2020,10:40:56,298.35,294.55,2500,296.85,5000,0,85000
CHOLAFIN-II.NFO,07/01/2020,10:40:59,298.35,294.65,2500,296.85,5000,0,85000
CHOLAFIN-II.NFO,07/01/2020,10:41:02,298.35,294.75,2500,296.85,5000,0,85000
CHOLAFIN-II.NFO,07/01/2020,10:41:06,298.35,294.85,2500,296.85,5000,0,85000
CHOLAFIN-II.NFO,07/01/2020,10:41:09,298.35,294.95,2500,296.85,5000,0,85000
CHOLAFIN-II.NFO,07/01/2020,10:41:13,298.35,295.05,2500,296.85,5000,0,85000
CHOLAFIN-II.NFO,07/01/2020,10:41:25,298.35,295.15,2500,296.85,5000,0,85000
CHOLAFIN-II.NFO,07/01/2020,10:41:30,298.35,295.25,2500,296.85,5000,0,85000
CHOLAFIN-II.NFO,07/01/2020,10:41:33,298.35,295.35,2500,296.85,5000,0,85000
CHOLAFIN-II.NFO,07/01/2020,10:41:51,298.35,295.45,2500,297,5000,0,85000
CHOLAFIN-II.NFO,07/01/2020,10:41:57,298.35,294.85,2500,297.4,5000,0,85000
CHOLAFIN-II.NFO,07/01/2020,10:42:00,298.35,294.95,2500,296.9,2500,0,85000
CHOLAFIN-II.NFO,07/01/2020,10:42:03,298.35,295.05,2500,296.9,5000,0,85000
CHOLAFIN-II.NFO,07/01/2020,10:42:07,298.35,295.15,2500,296.9,5000,0,85000
CHOLAFIN-II.NFO,07/01/2020,10:42:10,298.35,295.15,2500,296.8,5000,0,85000
CHOLAFIN-II.NFO,07/01/2020,10:42:13,298.35,295.25,2500,296.8,5000,0,85000
CHOLAFIN-II.NFO,07/01/2020,10:42:16,298.35,295.35,2500,296.8,5000,0,85000
CHOLAFIN-II.NFO,07/01/2020,10:42:19,298.35,294.65,2500,296.8,5000,0,85000
CHOLAFIN-II.NFO,07/01/2020,10:42:21,298.35,294.85,2500,296.8,5000,0,85000
CHOLAFIN-II.NFO,07/01/2020,10:42:24,298.35,294.95,2500,296.8,5000,0,85000
CHOLAFIN-II.NFO,07/01/2020,10:42:26,298.35,295.05,2500,296.8,5000,0,85000
CHOLAFIN-II.NFO,07/01/2020,10:42:30,298.35,295.15,2500,296.8,5000,0,85000
CHOLAFIN-II.NFO,07/01/2020,10:42:41,298.35,294.75,2500,296.8,5000,0,85000
CHOLAFIN-II.NFO,07/01/2020,10:42:45,298.35,294.85,2500,296.8,5000,0,85000
CHOLAFIN-II.NFO,07/01/2020,10:42:48,298.35,294.95,2500,296.8,5000,0,85000
CHOLAFIN-II.NFO,07/01/2020,10:42:50,298.35,295.05,2500,296.8,5000,0,85000
CHOLAFIN-II.NFO,07/01/2020,10:42:52,298.35,295.15,2500,296.8,5000,0,85000
CHOLAFIN-II.NFO,07/01/2020,10:43:10,298.35,295.25,2500,296.8,5000,0,85000
CHOLAFIN-II.NFO,07/01/2020,10:43:12,298.35,295.35,2500,296.8,5000,0,85000
CHOLAFIN-II.NFO,07/01/2020,10:43:32,298.35,294.75,2500,296.8,5000,0,85000
CHOLAFIN-II.NFO,07/01/2020,10:43:34,298.35,294.75,2500,296.7,5000,0,85000
CHOLAFIN-II.NFO,07/01/2020,10:43:37,298.35,294.85,2500,296.7,5000,0,85000
CHOLAFIN-II.NFO,07/01/2020,10:43:40,298.35,294.95,2500,296.6,2500,0,85000
CHOLAFIN-II.NFO,07/01/2020,10:43:44,298.35,295.05,2500,296.55,2500,0,85000
CHOLAFIN-II.NFO,07/01/2020,10:43:47,298.35,295.05,2500,296.5,2500,0,85000
CHOLAFIN-II.NFO,07/01/2020,10:43:50,298.35,295.05,2500,296.55,2500,0,85000
CHOLAFIN-II.NFO,07/01/2020,10:44:32,298.35,295.05,2500,296.5,2500,0,85000
CHOLAFIN-II.NFO,07/01/2020,10:45:01,298.35,295.05,2500,296.55,5000,0,85000
CHOLAFIN-II.NFO,07/01/2020,10:45:49,298.35,295.05,2500,296.65,5000,0,85000
CHOLAFIN-II.NFO,07/01/2020,10:45:52,298.35,295.05,2500,296.65,2500,0,85000
CHOLAFIN-II.NFO,07/01/2020,10:45:54,298.35,295.05,2500,296.65,5000,0,85000
CHOLAFIN-II.NFO,07/01/2020,10:45:57,298.35,295.05,2500,296.65,2500,0,85000
CHOLAFIN-II.NFO,07/01/2020,10:46:02,298.35,295.05,2500,296.65,5000,0,85000
CHOLAFIN-II.NFO,07/01/2020,10:46:32,298.35,294.65,2500,296.55,5000,0,85000
CHOLAFIN-II.NFO,07/01/2020,10:46:35,298.35,294.75,2500,296.55,5000,0,85000
CHOLAFIN-II.NFO,07/01/2020,10:46:38,298.35,294.85,2500,296.55,5000,0,85000
CHOLAFIN-II.NFO,07/01/2020,10:46:40,298.35,294.95,2500,296.6,5000,0,85000
CHOLAFIN-II.NFO,07/01/2020,10:46:44,298.35,295.05,2500,296.6,5000,0,85000
CHOLAFIN-II.NFO,07/01/2020,10:46:47,298.35,295.15,2500,296.6,5000,0,85000
CHOLAFIN-II.NFO,07/01/2020,10:46:52,298.35,295.25,2500,296.6,5000,0,85000
CHOLAFIN-II.NFO,07/01/2020,10:47:05,298.35,294.55,5000,296.6,5000,0,85000
CHOLAFIN-II.NFO,07/01/2020,10:47:08,298.35,294.65,2500,296.6,5000,0,85000
CHOLAFIN-II.NFO,07/01/2020,10:47:11,298.35,294.75,2500,296.6,5000,0,85000
CHOLAFIN-II.NFO,07/01/2020,10:47:13,298.35,294.85,2500,296.6,5000,0,85000
CHOLAFIN-II.NFO,07/01/2020,10:47:17,298.35,294.95,2500,296.6,5000,0,85000
CHOLAFIN-II.NFO,07/01/2020,10:47:22,298.35,295.05,2500,296.6,5000,0,85000
CHOLAFIN-II.NFO,07/01/2020,10:47:26,298.35,295.15,2500,296.6,5000,0,85000
CHOLAFIN-II.NFO,07/01/2020,10:49:38,298.35,295.25,2500,296.6,5000,0,85000
CHOLAFIN-II.NFO,07/01/2020,10:49:50,298.35,294.55,5000,296.6,5000,0,85000
CHOLAFIN-II.NFO,07/01/2020,10:49:54,298.35,294.65,2500,296.6,5000,0,85000
CHOLAFIN-II.NFO,07/01/2020,10:49:59,298.35,294.75,2500,296.6,5000,0,85000
CHOLAFIN-II.NFO,07/01/2020,10:50:06,298.35,294.85,2500,296.6,5000,0,85000
CHOLAFIN-II.NFO,07/01/2020,10:50:12,298.35,294.95,2500,296.6,5000,0,85000
CHOLAFIN-II.NFO,07/01/2020,10:50:17,298.35,295.05,2500,296.65,5000,0,85000
CHOLAFIN-II.NFO,07/01/2020,10:50:22,298.35,294.65,2500,296.65,5000,0,85000
CHOLAFIN-II.NFO,07/01/2020,10:50:27,298.35,294.75,2500,296.65,5000,0,85000
CHOLAFIN-II.NFO,07/01/2020,10:50:30,298.35,294.85,2500,296.65,5000,0,85000
CHOLAFIN-II.NFO,07/01/2020,10:50:35,298.35,294.95,2500,296.6,2500,0,85000
CHOLAFIN-II.NFO,07/01/2020,10:50:39,298.35,294.95,2500,296.65,5000,0,85000
CHOLAFIN-II.NFO,07/01/2020,10:50:47,298.35,295.05,2500,296.65,5000,0,85000
CHOLAFIN-II.NFO,07/01/2020,10:50:50,298.35,294.65,2500,296.85,2500,0,85000
CHOLAFIN-II.NFO,07/01/2020,10:50:53,298.35,294.75,2500,296.7,5000,0,85000
CHOLAFIN-II.NFO,07/01/2020,10:50:57,298.35,294.85,2500,296.7,5000,0,85000
CHOLAFIN-II.NFO,07/01/2020,10:51:01,298.35,294.95,2500,296.7,5000,0,85000
CHOLAFIN-II.NFO,07/01/2020,10:51:05,298.35,295.05,2500,296.7,5000,0,85000
CHOLAFIN-II.NFO,07/01/2020,10:51:33,298.35,295.05,2500,296.5,5000,0,85000
CHOLAFIN-II.NFO,07/01/2020,10:51:36,298.35,294.65,2500,297.1,5000,0,85000
CHOLAFIN-II.NFO,07/01/2020,10:51:40,298.35,294.75,2500,296.5,5000,0,85000
CHOLAFIN-II.NFO,07/01/2020,10:51:44,298.35,294.85,2500,296.5,5000,0,85000
CHOLAFIN-II.NFO,07/01/2020,10:51:48,298.35,294.95,2500,296.5,5000,0,85000
CHOLAFIN-II.NFO,07/01/2020,10:52:08,298.35,294.95,2500,296.4,5000,0,85000
CHOLAFIN-II.NFO,07/01/2020,10:52:13,298.35,294.55,2500,296.4,2500,0,85000
CHOLAFIN-II.NFO,07/01/2020,10:52:17,298.35,294.65,2500,296.4,2500,0,85000
CHOLAFIN-II.NFO,07/01/2020,10:52:22,298.35,294.75,2500,296.5,5000,0,85000
CHOLAFIN-II.NFO,07/01/2020,10:52:27,298.35,294.85,2500,296.5,5000,0,85000
CHOLAFIN-II.NFO,07/01/2020,10:52:33,298.35,294.95,2500,296.5,5000,0,85000
CHOLAFIN-II.NFO,07/01/2020,10:52:38,298.35,294.95,2500,296.55,5000,0,85000
CHOLAFIN-II.NFO,07/01/2020,10:53:05,298.35,294.5,2500,296.45,5000,0,85000
CHOLAFIN-II.NFO,07/01/2020,10:53:11,298.35,294.65,2500,296.45,5000,0,85000
CHOLAFIN-II.NFO,07/01/2020,10:53:17,298.35,294.5,2500,296.45,5000,0,85000
CHOLAFIN-II.NFO,07/01/2020,10:53:22,298.35,294.55,2500,296.45,5000,0,85000
CHOLAFIN-II.NFO,07/01/2020,10:53:27,298.35,294.65,2500,296.45,5000,0,85000
CHOLAFIN-II.NFO,07/01/2020,10:53:32,298.35,294.75,2500,296.45,5000,0,85000
CHOLAFIN-II.NFO,07/01/2020,10:53:37,298.35,294.85,2500,296.45,5000,0,85000
CHOLAFIN-II.NFO,07/01/2020,10:53:42,298.35,294.95,2500,296.45,5000,0,85000
CHOLAFIN-II.NFO,07/01/2020,10:53:54,298.35,294.55,2500,296.45,5000,0,85000
CHOLAFIN-II.NFO,07/01/2020,10:54:00,298.35,294.65,2500,296.45,5000,0,85000
CHOLAFIN-II.NFO,07/01/2020,10:54:10,298.35,294.75,2500,296.45,5000,0,85000
CHOLAFIN-II.NFO,07/01/2020,10:54:16,298.35,294.85,2500,296.45,5000,0,85000
CHOLAFIN-II.NFO,07/01/2020,10:54:21,298.35,294.95,2500,296.45,5000,0,85000
CHOLAFIN-II.NFO,07/01/2020,10:54:52,298.35,294.95,5000,296.45,5000,0,85000
CHOLAFIN-II.NFO,07/01/2020,10:55:16,298.35,294.85,5000,296.45,5000,0,85000
CHOLAFIN-II.NFO,07/01/2020,10:55:20,298.35,294.95,2500,296.45,5000,0,85000
CHOLAFIN-II.NFO,07/01/2020,10:55:35,298.35,294.7,2500,296.35,5000,0,85000
CHOLAFIN-II.NFO,07/01/2020,10:56:03,298.35,294.8,2500,296.35,5000,0,85000
CHOLAFIN-II.NFO,07/01/2020,10:56:07,298.35,294.85,2500,296.35,5000,0,85000
CHOLAFIN-II.NFO,07/01/2020,10:56:53,298.35,294.85,2500,296.25,5000,0,85000
CHOLAFIN-II.NFO,07/01/2020,10:57:02,298.35,294.75,2500,296.25,5000,0,85000
CHOLAFIN-II.NFO,07/01/2020,10:57:06,298.35,294.8,5000,296.25,5000,0,85000
CHOLAFIN-II.NFO,07/01/2020,10:57:11,298.35,294.5,2500,296.25,5000,0,85000
CHOLAFIN-II.NFO,07/01/2020,10:57:17,298.35,294.5,5000,296.25,5000,0,85000
CHOLAFIN-II.NFO,07/01/2020,10:57:24,298.35,294.5,5000,296.15,5000,0,85000
CHOLAFIN-II.NFO,07/01/2020,10:57:52,298.35,294.15,2500,296.05,5000,0,85000
CHOLAFIN-II.NFO,07/01/2020,10:57:56,298.35,294.25,5000,296.05,5000,0,85000
CHOLAFIN-II.NFO,07/01/2020,10:58:00,298.35,294.35,5000,296.05,5000,0,85000
CHOLAFIN-II.NFO,07/01/2020,10:58:04,298.35,294.45,5000,296.05,5000,0,85000
CHOLAFIN-II.NFO,07/01/2020,10:58:09,298.35,294.15,2500,296.05,5000,0,85000
CHOLAFIN-II.NFO,07/01/2020,10:58:14,298.35,294.25,5000,296.05,5000,0,85000
CHOLAFIN-II.NFO,07/01/2020,10:58:18,298.35,294.2,2500,295.5,2500,0,85000
CHOLAFIN-II.NFO,07/01/2020,10:58:23,298.35,293.95,2500,296,2500,0,85000
CHOLAFIN-II.NFO,07/01/2020,10:58:29,298.35,294.1,5000,295.55,5000,0,85000
CHOLAFIN-II.NFO,07/01/2020,10:58:34,298.35,293.85,5000,295.55,5000,0,85000
CHOLAFIN-II.NFO,07/01/2020,10:58:39,298.35,293.85,5000,295.45,5000,0,85000
CHOLAFIN-II.NFO,07/01/2020,10:59:05,298.35,293.85,5000,295.65,5000,0,85000
CHOLAFIN-II.NFO,07/01/2020,10:59:11,298.35,293.85,2500,295.55,5000,0,85000
CHOLAFIN-II.NFO,07/01/2020,10:59:22,298.35,293.85,2500,295.4,5000,0,85000
CHOLAFIN-II.NFO,07/01/2020,10:59:33,298.35,293.9,2500,295.4,2500,0,85000
CHOLAFIN-II.NFO,07/01/2020,10:59:38,298.35,293.95,2500,295.75,2500,0,85000
CHOLAFIN-II.NFO,07/01/2020,10:59:44,298.35,293.9,5000,295.55,2500,0,85000
CHOLAFIN-II.NFO,07/01/2020,10:59:49,298.35,293.8,5000,295.35,5000,0,85000
CHOLAFIN-II.NFO,07/01/2020,10:59:59,298.35,293.8,5000,296.05,2500,0,85000
CHOLAFIN-II.NFO,07/01/2020,11:00:05,298.35,293.8,5000,295.75,5000,0,85000
CHOLAFIN-II.NFO,07/01/2020,11:00:11,298.35,293.95,5000,295.65,5000,0,85000
CHOLAFIN-II.NFO,07/01/2020,11:00:14,298.35,293.95,5000,295.55,5000,0,85000
CHOLAFIN-II.NFO,07/01/2020,11:00:27,298.35,293.1,5000,295.2,5000,0,85000
CHOLAFIN-II.NFO,07/01/2020,11:00:28,298.35,293.8,5000,295.2,2500,0,85000
CHOLAFIN-II.NFO,07/01/2020,11:00:29,298.35,293.6,2500,295.6,5000,0,85000
CHOLAFIN-II.NFO,07/01/2020,11:00:30,298.35,293,5000,294.95,2500,0,85000
CHOLAFIN-II.NFO,07/01/2020,11:00:31,298.35,293.1,5000,294.95,5000,0,85000
CHOLAFIN-II.NFO,07/01/2020,11:00:32,298.35,293.2,5000,294.95,5000,0,85000
CHOLAFIN-II.NFO,07/01/2020,11:00:33,298.35,293.2,5000,295.35,2500,0,85000
CHOLAFIN-II.NFO,07/01/2020,11:00:34,298.35,293.3,5000,295.15,5000,0,85000
CHOLAFIN-II.NFO,07/01/2020,11:00:36,298.35,293.55,5000,295.15,2500,0,85000
CHOLAFIN-II.NFO,07/01/2020,11:00:38,298.35,293.5,5000,295.15,5000,0,85000
CHOLAFIN-II.NFO,07/01/2020,11:00:40,298.35,293.55,2500,295.15,5000,0,85000
CHOLAFIN-II.NFO,07/01/2020,11:00:47,298.35,293.55,5000,295.25,5000,0,85000
CHOLAFIN-II.NFO,07/01/2020,11:00:53,298.35,293.65,5000,295.4,5000,0,85000
CHOLAFIN-II.NFO,07/01/2020,11:00:55,298.35,293.65,5000,295.35,2500,0,85000
CHOLAFIN-II.NFO,07/01/2020,11:00:56,298.35,293.65,5000,295.4,5000,0,85000
CHOLAFIN-II.NFO,07/01/2020,11:00:57,298.35,293.65,5000,295.35,2500,0,85000
CHOLAFIN-II.NFO,07/01/2020,11:00:58,298.35,293.65,2500,295.2,5000,0,85000
CHOLAFIN-II.NFO,07/01/2020,11:00:59,298.35,293.45,2500,296.05,5000,0,85000
CHOLAFIN-II.NFO,07/01/2020,11:01:00,298.35,293.65,2500,295.15,5000,0,85000
CHOLAFIN-II.NFO,07/01/2020,11:01:04,298.35,293.55,2500,295.2,2500,0,85000
CHOLAFIN-II.NFO,07/01/2020,11:01:05,298.35,293.4,2500,295.25,2500,0,85000
CHOLAFIN-II.NFO,07/01/2020,11:01:06,298.35,293.45,2500,295.75,2500,0,85000
CHOLAFIN-II.NFO,07/01/2020,11:01:07,298.35,293.65,5000,295.35,7500,0,85000
CHOLAFIN-II.NFO,07/01/2020,11:01:08,298.35,293.65,5000,295.25,5000,0,85000
CHOLAFIN-II.NFO,07/01/2020,11:01:10,298.35,293.65,5000,296,5000,0,85000
CHOLAFIN-II.NFO,07/01/2020,11:01:11,298.35,293.65,5000,295.15,2500,0,85000
CHOLAFIN-II.NFO,07/01/2020,11:01:14,298.35,293.25,2500,295.15,5000,0,85000
CHOLAFIN-II.NFO,07/01/2020,11:01:16,298.35,293.6,2500,295.2,5000,0,85000
CHOLAFIN-II.NFO,07/01/2020,11:01:17,298.35,293.65,2500,295.2,5000,0,85000
CHOLAFIN-II.NFO,07/01/2020,11:01:18,298.35,293.65,2500,295.1,5000,0,85000
CHOLAFIN-II.NFO,07/01/2020,11:01:25,298.35,293.4,2500,295.2,5000,0,85000
CHOLAFIN-II.NFO,07/01/2020,11:01:26,298.35,293.6,2500,295.2,2500,0,85000
CHOLAFIN-II.NFO,07/01/2020,11:01:27,298.35,293.65,2500,295.35,5000,0,85000
CHOLAFIN-II.NFO,07/01/2020,11:01:28,298.35,293.2,5000,295.25,5000,0,85000
CHOLAFIN-II.NFO,07/01/2020,11:01:29,298.35,293.3,5000,295.25,5000,0,85000
CHOLAFIN-II.NFO,07/01/2020,11:01:30,298.35,293.3,5000,295.2,5000,0,85000
CHOLAFIN-II.NFO,07/01/2020,11:01:31,298.35,293.3,5000,295.4,5000,0,85000
CHOLAFIN-II.NFO,07/01/2020,11:01:31,298.35,293.3,5000,295.25,5000,0,85000
CHOLAFIN-II.NFO,07/01/2020,11:01:33,298.35,293.3,5000,295.2,5000,0,85000
CHOLAFIN-II.NFO,07/01/2020,11:01:34,298.35,293.3,5000,295.2,2500,0,85000
CHOLAFIN-II.NFO,07/01/2020,11:01:37,298.35,293.3,5000,295.25,5000,0,85000
CHOLAFIN-II.NFO,07/01/2020,11:01:38,298.35,293.3,5000,295.3,5000,0,85000
CHOLAFIN-II.NFO,07/01/2020,11:01:45,298.35,292.95,2500,295.65,5000,0,85000
CHOLAFIN-II.NFO,07/01/2020,11:01:46,298.35,292.95,2500,295.4,5000,0,85000
CHOLAFIN-II.NFO,07/01/2020,11:01:47,298.35,293.85,2500,295.45,2500,0,85000
CHOLAFIN-II.NFO,07/01/2020,11:01:48,298.35,293.65,2500,295.4,5000,0,85000
CHOLAFIN-II.NFO,07/01/2020,11:01:49,298.35,293.8,2500,296.1,5000,0,85000
CHOLAFIN-II.NFO,07/01/2020,11:01:50,298.35,293.5,2500,295.65,2500,0,85000
CHOLAFIN-II.NFO,07/01/2020,11:01:51,298.35,293.75,5000,295.3,5000,0,85000
CHOLAFIN-II.NFO,07/01/2020,11:01:52,298.35,292.85,2500,295.2,2500,0,85000
CHOLAFIN-II.NFO,07/01/2020,11:01:53,298.35,293.3,2500,295.55,2500,0,85000
CHOLAFIN-II.NFO,07/01/2020,11:01:54,298.35,293.6,2500,295.2,2500,0,85000
CHOLAFIN-II.NFO,07/01/2020,11:01:55,298.35,293.65,5000,295.75,2500,0,85000
CHOLAFIN-II.NFO,07/01/2020,11:01:56,298.35,293.65,5000,295.4,5000,0,85000
CHOLAFIN-II.NFO,07/01/2020,11:01:57,298.35,293,5000,295.4,5000,0,85000
CHOLAFIN-II.NFO,07/01/2020,11:01:58,298.35,293.1,5000,295.35,5000,0,85000
CHOLAFIN-II.NFO,07/01/2020,11:01:59,298.35,293.2,5000,295.35,5000,0,85000
CHOLAFIN-II.NFO,07/01/2020,11:02:00,298.35,293.3,5000,295.35,7500,0,85000
CHOLAFIN-II.NFO,07/01/2020,11:02:01,298.35,293.3,5000,295.2,5000,0,85000
CHOLAFIN-II.NFO,07/01/2020,11:02:02,298.35,293.4,5000,295.2,5000,0,85000
CHOLAFIN-II.NFO,07/01/2020,11:02:04,298.35,293.5,5000,295.45,2500,0,85000
CHOLAFIN-II.NFO,07/01/2020,11:02:06,298.35,293.5,5000,295.3,5000,0,85000
CHOLAFIN-II.NFO,07/01/2020,11:02:19,298.35,293.7,5000,295.4,2500,0,85000
CHOLAFIN-II.NFO,07/01/2020,11:02:20,298.35,293.8,2500,296.05,2500,0,85000
CHOLAFIN-II.NFO,07/01/2020,11:02:21,298.35,293.8,2500,295.5,2500,0,85000
CHOLAFIN-II.NFO,07/01/2020,11:02:22,298.35,293.8,2500,295.4,2500,0,85000
CHOLAFIN-II.NFO,07/01/2020,11:02:23,298.35,293,5000,295.35,5000,0,85000
CHOLAFIN-II.NFO,07/01/2020,11:02:24,298.35,293.2,2500,295.35,5000,0,85000
CHOLAFIN-II.NFO,07/01/2020,11:02:25,298.35,293.3,5000,295.3,5000,0,85000
CHOLAFIN-II.NFO,07/01/2020,11:02:26,298.35,293.4,5000,295.6,5000,0,85000
CHOLAFIN-II.NFO,07/01/2020,11:02:27,298.35,293.5,5000,295.3,2500,0,85000
CHOLAFIN-II.NFO,07/01/2020,11:02:28,298.35,293.6,5000,295.65,5000,0,85000
CHOLAFIN-II.NFO,07/01/2020,11:02:29,298.35,293.6,5000,295.55,5000,0,85000
CHOLAFIN-II.NFO,07/01/2020,11:02:30,298.35,293.6,5000,295.45,5000,0,85000
CHOLAFIN-II.NFO,07/01/2020,11:02:31,298.35,293.6,5000,296.3,7500,0,85000
CHOLAFIN-II.NFO,07/01/2020,11:02:37,298.35,293.6,5000,295.8,2500,0,85000
CHOLAFIN-II.NFO,07/01/2020,11:02:38,298.35,293.6,5000,295.65,2500,0,85000
CHOLAFIN-II.NFO,07/01/2020,11:02:38,298.35,293.6,5000,295.4,2500,0,85000
CHOLAFIN-II.NFO,07/01/2020,11:02:40,298.35,293.6,5000,295.25,2500,0,85000
CHOLAFIN-II.NFO,07/01/2020,11:02:43,298.35,293.6,5000,295.45,5000,0,85000
CHOLAFIN-II.NFO,07/01/2020,11:02:48,298.35,293.6,5000,295.35,5000,0,85000
CHOLAFIN-II.NFO,07/01/2020,11:02:50,298.35,293.6,5000,295.55,2500,0,85000
CHOLAFIN-II.NFO,07/01/2020,11:02:51,298.35,293.6,5000,295.45,5000,0,85000
CHOLAFIN-II.NFO,07/01/2020,11:02:52,298.35,293.6,5000,295.3,2500,0,85000
CHOLAFIN-II.NFO,07/01/2020,11:02:58,298.35,293.45,5000,295.2,5000,0,85000
CHOLAFIN-II.NFO,07/01/2020,11:03:03,298.35,293.5,2500,295.2,5000,0,85000
CHOLAFIN-II.NFO,07/01/2020,11:03:03,298.35,293.35,5000,295.2,5000,0,85000
CHOLAFIN-II.NFO,07/01/2020,11:03:09,298.35,293.4,5000,295.2,5000,0,85000
CHOLAFIN-II.NFO,07/01/2020,11:03:10,298.35,292.85,2500,295.2,5000,0,85000
CHOLAFIN-II.NFO,07/01/2020,11:03:11,298.35,292.95,5000,295.2,5000,0,85000
CHOLAFIN-II.NFO,07/01/2020,11:03:11,298.35,293.05,5000,295.2,5000,0,85000
CHOLAFIN-II.NFO,07/01/2020,11:03:19,298.35,293.15,5000,295.2,5000,0,85000
CHOLAFIN-II.NFO,07/01/2020,11:03:24,298.35,293.25,5000,295.2,5000,0,85000
CHOLAFIN-II.NFO,07/01/2020,11:03:30,298.35,293.35,5000,295.2,5000,0,85000
CHOLAFIN-II.NFO,07/01/2020,11:03:34,298.35,293.45,2500,295.2,5000,0,85000
CHOLAFIN-II.NFO,07/01/2020,11:03:47,298.35,293.45,5000,295.05,2500,0,85000
CHOLAFIN-II.NFO,07/01/2020,11:04:22,298.35,293.4,5000,294.95,2500,0,85000
CHOLAFIN-II.NFO,07/01/2020,11:04:28,298.35,293.4,5000,295.75,5000,0,85000
CHOLAFIN-II.NFO,07/01/2020,11:04:34,298.35,293.4,5000,295.05,5000,0,85000
CHOLAFIN-II.NFO,07/01/2020,11:04:57,298.35,293.5,5000,295.05,5000,0,85000
CHOLAFIN-II.NFO,07/01/2020,11:05:02,298.35,293.4,5000,294.95,5000,0,85000
CHOLAFIN-II.NFO,07/01/2020,11:05:14,298.35,293.3,5000,294.75,5000,0,85000
CHOLAFIN-II.NFO,07/01/2020,11:05:35,298.35,293.3,5000,294.9,5000,0,85000
CHOLAFIN-II.NFO,07/01/2020,11:05:51,298.35,293.3,5000,295,2500,0,85000
CHOLAFIN-II.NFO,07/01/2020,11:05:58,298.35,293.3,5000,295.1,5000,0,85000
CHOLAFIN-II.NFO,07/01/2020,11:06:03,298.35,293.3,5000,295,5000,0,85000
CHOLAFIN-II.NFO,07/01/2020,11:06:17,298.35,293.4,5000,295.3,5000,0,85000
CHOLAFIN-II.NFO,07/01/2020,11:06:23,298.35,293.5,5000,295.3,5000,0,85000
CHOLAFIN-II.NFO,07/01/2020,11:06:29,298.35,293.5,5000,295.45,5000,0,85000
CHOLAFIN-II.NFO,07/01/2020,11:06:34,298.35,293.5,5000,295.35,5000,0,85000
CHOLAFIN-II.NFO,07/01/2020,11:06:38,298.35,293.5,5000,295.25,5000,0,85000
CHOLAFIN-II.NFO,07/01/2020,11:06:42,298.35,293.5,5000,295.15,2500,0,85000
CHOLAFIN-II.NFO,07/01/2020,11:06:48,298.35,293.5,5000,295,2500,0,85000
CHOLAFIN-II.NFO,07/01/2020,11:07:00,298.35,293.5,5000,295.75,5000,0,85000
CHOLAFIN-II.NFO,07/01/2020,11:07:05,298.35,293.5,5000,295.15,5000,0,85000
CHOLAFIN-II.NFO,07/01/2020,11:07:10,298.35,293.5,5000,295.05,2500,0,85000
CHOLAFIN-II.NFO,07/01/2020,11:07:15,298.35,293.5,5000,295.1,2500,0,85000
CHOLAFIN-II.NFO,07/01/2020,11:07:20,298.35,293.5,5000,295.05,2500,0,85000
CHOLAFIN-II.NFO,07/01/2020,11:07:25,298.35,293.5,5000,295.15,2500,0,85000
CHOLAFIN-II.NFO,07/01/2020,11:07:34,298.35,293.5,5000,295.6,5000,0,85000
CHOLAFIN-II.NFO,07/01/2020,11:07:40,298.35,293.5,5000,295.25,5000,0,85000
CHOLAFIN-II.NFO,07/01/2020,11:07:45,298.35,293.6,5000,295.25,5000,0,85000
CHOLAFIN-II.NFO,07/01/2020,11:07:49,298.35,293.6,5000,295.05,2500,0,85000
CHOLAFIN-II.NFO,07/01/2020,11:07:53,298.35,293.55,5000,295.15,5000,0,85000
CHOLAFIN-II.NFO,07/01/2020,11:07:57,298.35,293.55,5000,295.25,5000,0,85000
CHOLAFIN-II.NFO,07/01/2020,11:08:02,298.35,293.65,5000,295.25,5000,0,85000
CHOLAFIN-II.NFO,07/01/2020,11:08:10,298.35,293.55,5000,295.25,5000,0,85000
CHOLAFIN-II.NFO,07/01/2020,11:08:14,298.35,293.65,5000,295.2,2500,0,85000
CHOLAFIN-II.NFO,07/01/2020,11:08:18,298.35,293.65,5000,295.25,5000,0,85000
CHOLAFIN-II.NFO,07/01/2020,11:08:31,298.35,293.65,5000,295.25,2500,0,85000
CHOLAFIN-II.NFO,07/01/2020,11:08:37,298.35,293.65,5000,295.4,5000,0,85000
CHOLAFIN-II.NFO,07/01/2020,11:08:42,298.35,293.65,5000,295.2,5000,0,85000
CHOLAFIN-II.NFO,07/01/2020,11:08:46,298.35,293.65,5000,295.1,2500,0,85000
CHOLAFIN-II.NFO,07/01/2020,11:09:00,298.35,293.65,5000,295.15,2500,0,85000
CHOLAFIN-II.NFO,07/01/2020,11:09:05,298.35,293.65,2500,295.3,5000,0,85000
CHOLAFIN-II.NFO,07/01/2020,11:09:09,298.35,293.55,5000,295.9,5000,0,85000
CHOLAFIN-II.NFO,07/01/2020,11:09:14,298.35,293.55,5000,295.3,2500,0,85000
CHOLAFIN-II.NFO,07/01/2020,11:09:18,298.35,293.75,2500,295.3,5000,0,85000
CHOLAFIN-II.NFO,07/01/2020,11:09:40,298.35,293.55,5000,295.3,5000,0,85000
CHOLAFIN-II.NFO,07/01/2020,11:09:44,298.35,293.65,5000,295.3,5000,0,85000
CHOLAFIN-II.NFO,07/01/2020,11:09:59,298.35,293.55,5000,295.3,5000,0,85000
CHOLAFIN-II.NFO,07/01/2020,11:10:21,298.35,293.65,2500,295.3,5000,0,85000
CHOLAFIN-II.NFO,07/01/2020,11:10:25,298.35,293.65,2500,295.2,5000,0,85000
CHOLAFIN-II.NFO,07/01/2020,11:10:29,298.35,293.65,2500,295.35,5000,0,85000
CHOLAFIN-II.NFO,07/01/2020,11:10:32,298.35,293.65,2500,295.45,5000,0,85000
CHOLAFIN-II.NFO,07/01/2020,11:10:36,298.35,293.65,2500,295.35,5000,0,85000
CHOLAFIN-II.NFO,07/01/2020,11:10:48,298.35,293.65,2500,295.45,5000,0,85000
CHOLAFIN-II.NFO,07/01/2020,11:10:52,298.35,293.65,2500,295.35,5000,0,85000
CHOLAFIN-II.NFO,07/01/2020,11:11:02,298.35,293.25,2500,295.35,5000,0,85000
CHOLAFIN-II.NFO,07/01/2020,11:11:09,298.35,293.65,2500,295.35,5000,0,85000
CHOLAFIN-II.NFO,07/01/2020,11:11:57,298.35,293.05,5000,295.35,5000,0,85000
CHOLAFIN-II.NFO,07/01/2020,11:11:58,298.35,293.15,5000,295.35,5000,0,85000
CHOLAFIN-II.NFO,07/01/2020,11:11:59,298.35,293.25,5000,295.35,5000,0,85000
CHOLAFIN-II.NFO,07/01/2020,11:12:00,298.35,293.35,5000,295.35,5000,0,85000
CHOLAFIN-II.NFO,07/01/2020,11:12:01,298.35,293.45,5000,295.35,5000,0,85000
CHOLAFIN-II.NFO,07/01/2020,11:12:04,298.35,293.55,5000,295.35,5000,0,85000
CHOLAFIN-II.NFO,07/01/2020,11:12:05,298.35,293.65,5000,295.35,5000,0,85000
CHOLAFIN-II.NFO,07/01/2020,11:12:21,298.35,293.75,2500,295.35,5000,0,85000
CHOLAFIN-II.NFO,07/01/2020,11:12:28,298.35,293.85,2500,295.35,5000,0,85000
CHOLAFIN-II.NFO,07/01/2020,11:12:35,298.35,293.65,5000,295.35,5000,0,85000
CHOLAFIN-II.NFO,07/01/2020,11:12:41,298.35,293.75,5000,295.35,5000,0,85000
CHOLAFIN-II.NFO,07/01/2020,11:12:51,298.35,293.75,2500,295.35,5000,0,85000
CHOLAFIN-II.NFO,07/01/2020,11:13:00,298.35,293.65,2500,295.35,7500,0,85000
CHOLAFIN-II.NFO,07/01/2020,11:13:05,298.35,293.85,5000,295.35,5000,0,85000
CHOLAFIN-II.NFO,07/01/2020,11:13:11,298.35,293.85,5000,295.35,7500,0,85000
CHOLAFIN-II.NFO,07/01/2020,11:13:17,298.35,293.85,5000,295.25,5000,0,85000
CHOLAFIN-II.NFO,07/01/2020,11:13:53,298.35,293.85,5000,295.5,5000,0,85000
CHOLAFIN-II.NFO,07/01/2020,11:14:51,298.35,293.95,5000,295.5,5000,0,85000
CHOLAFIN-II.NFO,07/01/2020,11:15:02,298.35,294.05,5000,295.5,5000,0,85000
CHOLAFIN-II.NFO,07/01/2020,11:15:09,298.35,293.85,5000,295.5,5000,0,85000
CHOLAFIN-II.NFO,07/01/2020,11:15:59,298.35,293.85,2500,295.4,5000,0,85000
CHOLAFIN-II.NFO,07/01/2020,11:16:05,298.35,293.85,2500,295.35,5000,0,85000
CHOLAFIN-II.NFO,07/01/2020,11:16:11,298.35,293.65,2500,295.25,5000,0,85000
CHOLAFIN-II.NFO,07/01/2020,11:16:18,298.35,293.65,5000,295.25,5000,0,85000
CHOLAFIN-II.NFO,07/01/2020,11:16:30,298.35,293.75,5000,295.25,5000,0,85000
CHOLAFIN-II.NFO,07/01/2020,11:16:35,298.35,293.25,2500,295.45,2500,0,85000
CHOLAFIN-II.NFO,07/01/2020,11:16:39,298.35,293.35,5000,295.35,2500,0,85000
CHOLAFIN-II.NFO,07/01/2020,11:16:44,298.35,293.45,5000,295.35,2500,0,85000
CHOLAFIN-II.NFO,07/01/2020,11:16:49,293.55,293.9,2500,295.35,2500,2500,87500
CHOLAFIN-II.NFO,07/01/2020,11:16:49,293.55,293.9,2500,295.35,2500,0,87500
CHOLAFIN-II.NFO,07/01/2020,11:16:55,293.55,293.95,2500,295.45,5000,0,87500
CHOLAFIN-II.NFO,07/01/2020,11:17:01,293.55,294,2500,295.45,5000,0,87500
CHOLAFIN-II.NFO,07/01/2020,11:17:11,293.55,294.05,2500,295.45,5000,0,87500
CHOLAFIN-II.NFO,07/01/2020,11:17:35,293.55,294.15,2500,295.45,2500,0,87500
CHOLAFIN-II.NFO,07/01/2020,11:17:41,293.55,294.2,2500,295.45,2500,0,87500
CHOLAFIN-II.NFO,07/01/2020,11:17:52,293.55,293.55,2500,295.45,2500,0,87500
CHOLAFIN-II.NFO,07/01/2020,11:17:57,293.55,294.15,2500,295.45,2500,0,87500
CHOLAFIN-II.NFO,07/01/2020,11:18:01,293.55,294.15,2500,295.55,2500,0,87500
CHOLAFIN-II.NFO,07/01/2020,11:18:07,293.55,294.15,2500,295.45,2500,0,87500
CHOLAFIN-II.NFO,07/01/2020,11:18:16,293.55,293.2,7500,295.45,5000,0,87500
CHOLAFIN-II.NFO,07/01/2020,11:18:34,293.55,293.8,5000,295.45,2500,0,87500
CHOLAFIN-II.NFO,07/01/2020,11:18:41,293.55,293.95,5000,295.45,2500,0,87500
CHOLAFIN-II.NFO,07/01/2020,11:18:47,293.55,294.2,2500,295.45,2500,0,87500
CHOLAFIN-II.NFO,07/01/2020,11:18:53,293.55,294.15,2500,295.45,5000,0,87500
CHOLAFIN-II.NFO,07/01/2020,11:19:09,293.55,293.65,7500,295.45,5000,0,87500
CHOLAFIN-II.NFO,07/01/2020,11:19:15,293.55,294,2500,295.45,5000,0,87500
CHOLAFIN-II.NFO,07/01/2020,11:19:23,293.55,293.75,2500,295,5000,0,87500
CHOLAFIN-II.NFO,07/01/2020,11:19:32,293.55,293.6,5000,295.5,7500,0,87500
CHOLAFIN-II.NFO,07/01/2020,11:19:39,293.55,293.85,2500,295.4,5000,0,87500
CHOLAFIN-II.NFO,07/01/2020,11:19:45,293.55,293.8,2500,295.4,5000,0,87500
CHOLAFIN-II.NFO,07/01/2020,11:19:51,293.55,293.85,2500,295.3,5000,0,87500
CHOLAFIN-II.NFO,07/01/2020,11:19:56,293.55,293.65,2500,295.3,5000,0,87500
CHOLAFIN-II.NFO,07/01/2020,11:20:00,293.55,293.8,2500,295.3,5000,0,87500
CHOLAFIN-II.NFO,07/01/2020,11:20:05,293.55,293.65,2500,295.2,5000,0,87500
CHOLAFIN-II.NFO,07/01/2020,11:20:10,293.55,293.8,2500,295.15,5000,0,87500
CHOLAFIN-II.NFO,07/01/2020,11:20:16,293.55,293.45,5000,295.2,5000,0,87500
CHOLAFIN-II.NFO,07/01/2020,11:20:20,293.55,293.55,7500,295.2,5000,0,87500
CHOLAFIN-II.NFO,07/01/2020,11:20:24,293.55,293.15,5000,295.45,5000,0,87500
CHOLAFIN-II.NFO,07/01/2020,11:20:30,293.55,293.75,2500,295.15,5000,0,87500
CHOLAFIN-II.NFO,07/01/2020,11:20:45,293.55,293.75,5000,295.45,5000,0,87500
CHOLAFIN-II.NFO,07/01/2020,11:20:51,293.55,294.05,2500,295.3,5000,0,87500
CHOLAFIN-II.NFO,07/01/2020,11:20:57,293.55,293.9,2500,295.4,5000,0,87500
CHOLAFIN-II.NFO,07/01/2020,11:21:02,293.55,293.85,2500,295.35,2500,0,87500
CHOLAFIN-II.NFO,07/01/2020,11:21:11,293.55,293.95,2500,295.25,5000,0,87500
CHOLAFIN-II.NFO,07/01/2020,11:21:13,293.55,293.75,7500,295.25,5000,0,87500
CHOLAFIN-II.NFO,07/01/2020,11:21:14,293.55,294,2500,295.25,5000,0,87500
CHOLAFIN-II.NFO,07/01/2020,11:21:26,293.55,293.9,2500,295.25,5000,0,87500
CHOLAFIN-II.NFO,07/01/2020,11:21:30,293.55,293.35,5000,295.2,5000,0,87500
CHOLAFIN-II.NFO,07/01/2020,11:21:31,293.55,293.75,5000,295.15,5000,0,87500
CHOLAFIN-II.NFO,07/01/2020,11:21:32,293.55,294,2500,295.25,5000,0,87500
CHOLAFIN-II.NFO,07/01/2020,11:21:33,293.55,293.85,2500,295.15,5000,0,87500
CHOLAFIN-II.NFO,07/01/2020,11:21:40,293.55,293.65,2500,295.15,2500,0,87500
CHOLAFIN-II.NFO,07/01/2020,11:21:41,293.55,293.7,2500,295.15,5000,0,87500
CHOLAFIN-II.NFO,07/01/2020,11:21:42,293.55,293.65,2500,295.15,2500,0,87500
CHOLAFIN-II.NFO,07/01/2020,11:21:43,293.55,293.7,2500,295.25,5000,0,87500
CHOLAFIN-II.NFO,07/01/2020,11:21:44,293.55,293.75,2500,295.25,5000,0,87500
CHOLAFIN-II.NFO,07/01/2020,11:21:47,293.55,293.8,2500,295.15,5000,0,87500
CHOLAFIN-II.NFO,07/01/2020,11:21:56,293.55,293.8,2500,295.15,7500,0,87500
CHOLAFIN-II.NFO,07/01/2020,11:21:59,293.55,293.8,2500,295.05,5000,0,87500
CHOLAFIN-II.NFO,07/01/2020,11:22:00,293.55,293.85,2500,295.05,5000,0,87500
CHOLAFIN-II.NFO,07/01/2020,11:22:01,293.55,293.9,2500,295.5,5000,0,87500
CHOLAFIN-II.NFO,07/01/2020,11:22:02,293.55,293.85,2500,295.3,5000,0,87500
CHOLAFIN-II.NFO,07/01/2020,11:22:03,293.55,293.7,2500,295.3,5000,0,87500
CHOLAFIN-II.NFO,07/01/2020,11:22:04,293.55,293.8,2500,295.15,2500,0,87500
CHOLAFIN-II.NFO,07/01/2020,11:22:05,293.55,293.9,2500,295.2,5000,0,87500
CHOLAFIN-II.NFO,07/01/2020,11:22:07,293.55,293.7,2500,295.2,5000,0,87500
CHOLAFIN-II.NFO,07/01/2020,11:22:08,293.55,293.85,2500,295.2,5000,0,87500
CHOLAFIN-II.NFO,07/01/2020,11:22:12,293.55,293.6,5000,295.05,2500,0,87500
CHOLAFIN-II.NFO,07/01/2020,11:22:12,293.55,293.9,2500,295.1,2500,0,87500
CHOLAFIN-II.NFO,07/01/2020,11:22:17,293.55,293.8,2500,295,2500,0,87500
CHOLAFIN-II.NFO,07/01/2020,11:22:34,293.55,293.7,2500,295,2500,0,87500
CHOLAFIN-II.NFO,07/01/2020,11:22:39,293.55,293.8,2500,295,2500,0,87500
CHOLAFIN-II.NFO,07/01/2020,11:22:47,293.55,293.25,5000,295,2500,0,87500
CHOLAFIN-II.NFO,07/01/2020,11:22:50,293.55,293.8,2500,295,2500,0,87500
CHOLAFIN-II.NFO,07/01/2020,11:22:54,293.55,293.5,5000,295.25,5000,0,87500
CHOLAFIN-II.NFO,07/01/2020,11:22:58,293.55,293.9,2500,295.25,5000,0,87500
CHOLAFIN-II.NFO,07/01/2020,11:23:03,293.55,293.7,5000,295.25,5000,0,87500
CHOLAFIN-II.NFO,07/01/2020,11:23:08,293.55,294,2500,295.3,2500,0,87500
CHOLAFIN-II.NFO,07/01/2020,11:23:13,293.55,293.85,2500,295.3,5000,0,87500
CHOLAFIN-II.NFO,07/01/2020,11:23:18,293.55,293.75,2500,295.3,5000,0,87500
CHOLAFIN-II.NFO,07/01/2020,11:23:31,293.55,293.9,2500,295.35,5000,0,87500
CHOLAFIN-II.NFO,07/01/2020,11:23:35,293.55,293.5,5000,295.25,5000,0,87500
CHOLAFIN-II.NFO,07/01/2020,11:23:39,293.55,293.65,2500,295.25,5000,0,87500
CHOLAFIN-II.NFO,07/01/2020,11:23:44,293.55,294,2500,295.3,5000,0,87500
CHOLAFIN-II.NFO,07/01/2020,11:23:48,293.55,293.95,2500,295.25,5000,0,87500
CHOLAFIN-II.NFO,07/01/2020,11:23:53,293.55,293.75,5000,295.3,5000,0,87500
CHOLAFIN-II.NFO,07/01/2020,11:24:03,293.55,293.85,5000,295.4,5000,0,87500
CHOLAFIN-II.NFO,07/01/2020,11:24:09,293.55,294,2500,295.45,5000,0,87500
CHOLAFIN-II.NFO,07/01/2020,11:24:20,293.55,293.9,2500,295.45,5000,0,87500
CHOLAFIN-II.NFO,07/01/2020,11:24:29,293.55,293.75,5000,295.45,5000,0,87500
CHOLAFIN-II.NFO,07/01/2020,11:24:38,293.55,293.85,2500,295.45,5000,0,87500
CHOLAFIN-II.NFO,07/01/2020,11:24:42,293.55,294.05,2500,295.45,5000,0,87500
CHOLAFIN-II.NFO,07/01/2020,11:24:51,293.55,293.75,5000,295.35,5000,0,87500
CHOLAFIN-II.NFO,07/01/2020,11:24:55,293.55,293.75,7500,295.35,5000,0,87500
CHOLAFIN-II.NFO,07/01/2020,11:24:59,293.55,293.75,5000,295.35,5000,0,87500
CHOLAFIN-II.NFO,07/01/2020,11:25:14,293.55,293.75,7500,295.3,2500,0,87500
CHOLAFIN-II.NFO,07/01/2020,11:25:18,293.55,293.75,5000,295.15,2500,0,87500
CHOLAFIN-II.NFO,07/01/2020,11:25:22,293.55,293.75,5000,295.15,5000,0,87500
CHOLAFIN-II.NFO,07/01/2020,11:25:37,293.55,293.75,5000,295.25,5000,0,87500
CHOLAFIN-II.NFO,07/01/2020,11:25:45,293.55,293.75,5000,295.2,2500,0,87500
CHOLAFIN-II.NFO,07/01/2020,11:25:54,293.55,293.75,5000,295.2,5000,0,87500
CHOLAFIN-II.NFO,07/01/2020,11:26:02,293.55,293.75,5000,295.35,5000,0,87500
CHOLAFIN-II.NFO,07/01/2020,11:26:21,293.55,293.75,5000,295.25,2500,0,87500
CHOLAFIN-II.NFO,07/01/2020,11:26:26,293.55,293.75,5000,295.2,5000,0,87500
CHOLAFIN-II.NFO,07/01/2020,11:26:39,293.55,293.75,5000,295.15,2500,0,87500
CHOLAFIN-II.NFO,07/01/2020,11:26:44,293.55,293.75,5000,295.15,5000,0,87500
CHOLAFIN-II.NFO,07/01/2020,11:26:52,293.55,293.05,5000,294.9,5000,0,87500
CHOLAFIN-II.NFO,07/01/2020,11:26:56,293.55,293.5,2500,294.9,5000,0,87500
CHOLAFIN-II.NFO,07/01/2020,11:26:59,293.55,293.55,2500,294.9,5000,0,87500
CHOLAFIN-II.NFO,07/01/2020,11:27:05,293.55,293.45,2500,294.9,5000,0,87500
CHOLAFIN-II.NFO,07/01/2020,11:27:11,293.55,293.55,2500,294.9,5000,0,87500
CHOLAFIN-II.NFO,07/01/2020,11:27:17,293.55,293.4,2500,294.9,5000,0,87500
CHOLAFIN-II.NFO,07/01/2020,11:27:28,293.55,293.5,2500,294.9,5000,0,87500
CHOLAFIN-II.NFO,07/01/2020,11:27:34,293.55,293.55,2500,294.9,5000,0,87500
CHOLAFIN-II.NFO,07/01/2020,11:27:37,293.55,293.65,2500,294.9,5000,0,87500
CHOLAFIN-II.NFO,07/01/2020,11:27:44,293.55,293.55,2500,294.9,5000,0,87500
CHOLAFIN-II.NFO,07/01/2020,11:28:24,293.55,292.85,5000,294.9,5000,0,87500
CHOLAFIN-II.NFO,07/01/2020,11:28:28,293.55,293.35,5000,294.85,5000,0,87500
CHOLAFIN-II.NFO,07/01/2020,11:29:30,293.55,293.35,5000,294.7,5000,0,87500
CHOLAFIN-II.NFO,07/01/2020,11:29:34,293.55,293.35,5000,294.7,2500,0,87500
CHOLAFIN-II.NFO,07/01/2020,11:29:37,293.55,293.35,5000,294.75,2500,0,87500
CHOLAFIN-II.NFO,07/01/2020,11:29:41,293.55,293.35,5000,294.95,5000,0,87500
CHOLAFIN-II.NFO,07/01/2020,11:31:04,293.55,293.35,7500,295.25,2500,0,87500
CHOLAFIN-II.NFO,07/01/2020,11:31:10,293.55,293.6,2500,295.05,5000,0,87500
CHOLAFIN-II.NFO,07/01/2020,11:31:15,293.55,293.75,2500,295.05,5000,0,87500
CHOLAFIN-II.NFO,07/01/2020,11:31:20,293.55,293.6,2500,295.05,5000,0,87500
CHOLAFIN-II.NFO,07/01/2020,11:31:24,293.55,293.4,5000,295.05,5000,0,87500
CHOLAFIN-II.NFO,07/01/2020,11:31:27,293.55,293.45,2500,295.05,5000,0,87500
CHOLAFIN-II.NFO,07/01/2020,11:31:34,293.55,293.7,2500,295.05,5000,0,87500
CHOLAFIN-II.NFO,07/01/2020,11:31:48,293.55,293.65,2500,295.05,5000,0,87500
CHOLAFIN-II.NFO,07/01/2020,11:31:55,293.55,293.75,2500,295.05,5000,0,87500
CHOLAFIN-II.NFO,07/01/2020,11:32:11,293.55,293.7,2500,295.15,5000,0,87500
CHOLAFIN-II.NFO,07/01/2020,11:32:16,293.55,293.6,2500,295.15,5000,0,87500
CHOLAFIN-II.NFO,07/01/2020,11:32:20,293.55,293.75,2500,295.15,5000,0,87500
CHOLAFIN-II.NFO,07/01/2020,11:33:25,293.55,293.45,5000,295.15,5000,0,87500
CHOLAFIN-II.NFO,07/01/2020,11:33:29,293.55,293.6,2500,295.15,5000,0,87500
CHOLAFIN-II.NFO,07/01/2020,11:33:34,293.55,293.8,2500,295.2,5000,0,87500
CHOLAFIN-II.NFO,07/01/2020,11:33:42,293.55,293.55,2500,295.2,5000,0,87500
CHOLAFIN-II.NFO,07/01/2020,11:33:45,293.55,293.75,2500,295.2,5000,0,87500
CHOLAFIN-II.NFO,07/01/2020,11:33:53,293.55,292.95,2500,295.15,2500,0,87500
CHOLAFIN-II.NFO,07/01/2020,11:33:58,293.55,293.8,2500,295.2,5000,0,87500
CHOLAFIN-II.NFO,07/01/2020,11:34:03,293.55,293.9,2500,295.2,5000,0,87500
CHOLAFIN-II.NFO,07/01/2020,11:34:09,293.55,293.8,2500,295.2,2500,0,87500
CHOLAFIN-II.NFO,07/01/2020,11:34:16,293.55,293.8,2500,295.2,5000,0,87500
CHOLAFIN-II.NFO,07/01/2020,11:34:22,293.55,293.65,5000,295.2,5000,0,87500
CHOLAFIN-II.NFO,07/01/2020,11:34:28,293.55,293.7,5000,295.25,5000,0,87500
CHOLAFIN-II.NFO,07/01/2020,11:34:35,293.55,293.95,2500,295.25,5000,0,87500
CHOLAFIN-II.NFO,07/01/2020,11:34:41,293.55,294,2500,295.25,5000,0,87500
CHOLAFIN-II.NFO,07/01/2020,11:34:46,293.55,293.45,7500,295.25,5000,0,87500
CHOLAFIN-II.NFO,07/01/2020,11:34:51,293.55,293.45,2500,294.95,2500,0,87500
CHOLAFIN-II.NFO,07/01/2020,11:34:57,293.55,293.75,2500,295.05,5000,0,87500
CHOLAFIN-II.NFO,07/01/2020,11:35:02,293.55,293.95,2500,295.15,2500,0,87500
CHOLAFIN-II.NFO,07/01/2020,11:35:08,293.55,293.6,5000,295.15,5000,0,87500
CHOLAFIN-II.NFO,07/01/2020,11:35:13,293.55,293.85,2500,295.45,2500,0,87500
CHOLAFIN-II.NFO,07/01/2020,11:35:18,293.55,294,2500,295.2,2500,0,87500
CHOLAFIN-II.NFO,07/01/2020,11:35:25,293.55,293.95,2500,295.25,5000,0,87500
CHOLAFIN-II.NFO,07/01/2020,11:35:30,293.55,294,2500,295.25,5000,0,87500
CHOLAFIN-II.NFO,07/01/2020,11:35:35,293.55,294.15,5000,296,2500,0,87500
CHOLAFIN-II.NFO,07/01/2020,11:35:40,293.55,294.55,2500,296.3,5000,0,87500
CHOLAFIN-II.NFO,07/01/2020,11:35:45,293.55,294.15,5000,296.1,5000,0,87500
CHOLAFIN-II.NFO,07/01/2020,11:35:50,293.55,294.75,2500,296.45,5000,0,87500
CHOLAFIN-II.NFO,07/01/2020,11:35:55,293.55,294.7,2500,295.9,5000,0,87500
CHOLAFIN-II.NFO,07/01/2020,11:36:05,293.55,295.05,2500,296.5,5000,0,87500
CHOLAFIN-II.NFO,07/01/2020,11:36:09,293.55,294.7,5000,296.4,5000,0,87500
CHOLAFIN-II.NFO,07/01/2020,11:36:13,293.55,294.85,2500,296.4,5000,0,87500
CHOLAFIN-II.NFO,07/01/2020,11:36:18,293.55,295.05,7500,296.7,5000,0,87500
CHOLAFIN-II.NFO,07/01/2020,11:36:22,293.55,295.05,7500,296.65,2500,0,87500
CHOLAFIN-II.NFO,07/01/2020,11:36:32,293.55,295.15,7500,296.75,5000,0,87500
CHOLAFIN-II.NFO,07/01/2020,11:36:41,293.55,295.15,5000,296.75,5000,0,87500
CHOLAFIN-II.NFO,07/01/2020,11:36:47,293.55,295.25,5000,296.85,5000,0,87500
CHOLAFIN-II.NFO,07/01/2020,11:37:09,293.55,295.35,7500,297.5,7500,0,87500
CHOLAFIN-II.NFO,07/01/2020,11:37:13,293.55,295.75,2500,297.3,5000,0,87500
CHOLAFIN-II.NFO,07/01/2020,11:37:31,293.55,295.75,2500,297.2,7500,0,87500
CHOLAFIN-II.NFO,07/01/2020,11:37:36,293.55,295.55,2500,297.1,5000,0,87500
CHOLAFIN-II.NFO,07/01/2020,11:37:41,293.55,295.65,2500,297.1,5000,0,87500
CHOLAFIN-II.NFO,07/01/2020,11:37:46,293.55,295.75,2500,297.1,5000,0,87500
CHOLAFIN-II.NFO,07/01/2020,11:38:00,293.55,295.45,5000,297.1,5000,0,87500
CHOLAFIN-II.NFO,07/01/2020,11:38:03,293.55,295.55,2500,297.1,5000,0,87500
CHOLAFIN-II.NFO,07/01/2020,11:38:06,293.55,295.75,2500,297.1,5000,0,87500
CHOLAFIN-II.NFO,07/01/2020,11:38:18,293.55,295.25,5000,297.1,5000,0,87500
CHOLAFIN-II.NFO,07/01/2020,11:38:22,293.55,295.45,5000,297,5000,0,87500
CHOLAFIN-II.NFO,07/01/2020,11:38:26,293.55,295.7,2500,297,5000,0,87500
CHOLAFIN-II.NFO,07/01/2020,11:38:29,293.55,295.75,2500,297,5000,0,87500
CHOLAFIN-II.NFO,07/01/2020,11:38:33,293.55,295,7500,297,5000,0,87500
CHOLAFIN-II.NFO,07/01/2020,11:38:36,293.55,295.25,2500,297,5000,0,87500
CHOLAFIN-II.NFO,07/01/2020,11:38:39,293.55,295.55,2500,297,5000,0,87500
CHOLAFIN-II.NFO,07/01/2020,11:38:43,293.55,295.75,2500,297,5000,0,87500
CHOLAFIN-II.NFO,07/01/2020,11:39:03,293.55,295.55,2500,297,5000,0,87500
CHOLAFIN-II.NFO,07/01/2020,11:39:07,293.55,295.75,2500,297,5000,0,87500
CHOLAFIN-II.NFO,07/01/2020,11:39:39,293.55,295.35,7500,297,5000,0,87500
CHOLAFIN-II.NFO,07/01/2020,11:39:43,293.55,295.45,5000,297,5000,0,87500
CHOLAFIN-II.NFO,07/01/2020,11:39:48,293.55,295.45,2500,296.7,5000,0,87500
CHOLAFIN-II.NFO,07/01/2020,11:39:55,293.55,295.3,2500,296.7,5000,0,87500
CHOLAFIN-II.NFO,07/01/2020,11:40:01,293.55,295.45,2500,296.8,5000,0,87500
CHOLAFIN-II.NFO,07/01/2020,11:40:27,293.55,295.25,2500,296.8,7500,0,87500
CHOLAFIN-II.NFO,07/01/2020,11:40:31,293.55,294.75,2500,296.7,5000,0,87500
CHOLAFIN-II.NFO,07/01/2020,11:40:34,293.55,294.85,5000,296.7,5000,0,87500
CHOLAFIN-II.NFO,07/01/2020,11:40:42,293.55,295.2,2500,296.7,5000,0,87500
CHOLAFIN-II.NFO,07/01/2020,11:40:45,293.55,295.3,2500,296.7,5000,0,87500
CHOLAFIN-II.NFO,07/01/2020,11:40:59,293.55,294.45,5000,296.7,5000,0,87500
CHOLAFIN-II.NFO,07/01/2020,11:41:02,293.55,294.55,5000,296.7,5000,0,87500
CHOLAFIN-II.NFO,07/01/2020,11:41:05,293.55,295.3,2500,296.7,5000,0,87500
CHOLAFIN-II.NFO,07/01/2020,11:41:20,293.55,295.35,2500,296.7,5000,0,87500
CHOLAFIN-II.NFO,07/01/2020,11:41:53,293.55,295.35,2500,296.6,5000,0,87500
CHOLAFIN-II.NFO,07/01/2020,11:41:59,293.55,294.95,2500,296.6,5000,0,87500
CHOLAFIN-II.NFO,07/01/2020,11:42:04,293.55,295.25,2500,296.6,5000,0,87500
CHOLAFIN-II.NFO,07/01/2020,11:42:07,293.55,295,2500,296.6,5000,0,87500
CHOLAFIN-II.NFO,07/01/2020,11:42:10,293.55,295.1,2500,296.6,5000,0,87500
CHOLAFIN-II.NFO,07/01/2020,11:42:12,293.55,295.25,2500,296.5,5000,0,87500
CHOLAFIN-II.NFO,07/01/2020,11:42:18,293.55,295.25,2500,296.55,2500,0,87500
CHOLAFIN-II.NFO,07/01/2020,11:42:20,293.55,294.8,7500,297.3,7500,0,87500
CHOLAFIN-II.NFO,07/01/2020,11:42:23,293.55,295.2,2500,296.85,5000,0,87500
CHOLAFIN-II.NFO,07/01/2020,11:42:27,293.55,295.4,5000,296.95,5000,0,87500
CHOLAFIN-II.NFO,07/01/2020,11:42:31,293.55,295.7,5000,297.05,2500,0,87500
CHOLAFIN-II.NFO,07/01/2020,11:42:35,293.55,295.1,2500,297.3,2500,0,87500
CHOLAFIN-II.NFO,07/01/2020,11:42:41,293.55,295.4,2500,297,5000,0,87500
CHOLAFIN-II.NFO,07/01/2020,11:42:45,293.55,295.75,2500,297,5000,0,87500
CHOLAFIN-II.NFO,07/01/2020,11:42:54,293.55,295.5,2500,296.9,5000,0,87500
CHOLAFIN-II.NFO,07/01/2020,11:42:59,293.55,295.55,2500,296.8,5000,0,87500
CHOLAFIN-II.NFO,07/01/2020,11:43:20,293.55,295.6,2500,296.85,5000,0,87500
CHOLAFIN-II.NFO,07/01/2020,11:43:26,293.55,295.65,2500,296.85,5000,0,87500
CHOLAFIN-II.NFO,07/01/2020,11:43:40,293.55,295.75,2500,297,5000,0,87500
CHOLAFIN-II.NFO,07/01/2020,11:43:48,293.55,295.1,5000,297,5000,0,87500
CHOLAFIN-II.NFO,07/01/2020,11:43:51,293.55,295.65,2500,297,5000,0,87500
CHOLAFIN-II.NFO,07/01/2020,11:43:55,293.55,295.75,2500,297,5000,0,87500
CHOLAFIN-II.NFO,07/01/2020,11:44:09,293.55,295.75,2500,297.05,2500,0,87500
CHOLAFIN-II.NFO,07/01/2020,11:44:30,293.55,295.45,2500,297,5000,0,87500
CHOLAFIN-II.NFO,07/01/2020,11:44:34,293.55,295.7,2500,297,5000,0,87500
CHOLAFIN-II.NFO,07/01/2020,11:44:42,293.55,295.15,5000,297,5000,0,87500
CHOLAFIN-II.NFO,07/01/2020,11:44:45,293.55,295.5,2500,297,5000,0,87500
CHOLAFIN-II.NFO,07/01/2020,11:44:53,293.55,295.45,2500,297,5000,0,87500
CHOLAFIN-II.NFO,07/01/2020,11:44:56,293.55,295.55,2500,297,5000,0,87500
CHOLAFIN-II.NFO,07/01/2020,11:44:59,293.55,295.65,2500,297,5000,0,87500
CHOLAFIN-II.NFO,07/01/2020,11:45:06,293.55,295.7,2500,297,5000,0,87500
CHOLAFIN-II.NFO,07/01/2020,11:45:09,293.55,295.2,7500,297,5000,0,87500
CHOLAFIN-II.NFO,07/01/2020,11:45:12,293.55,295.75,2500,297,2500,0,87500
CHOLAFIN-II.NFO,07/01/2020,11:45:14,293.55,295.75,2500,297.1,5000,0,87500
CHOLAFIN-II.NFO,07/01/2020,11:45:17,293.55,294.4,7500,297.1,5000,0,87500
CHOLAFIN-II.NFO,07/01/2020,11:45:20,293.55,295,5000,297.1,7500,0,87500
CHOLAFIN-II.NFO,07/01/2020,11:45:24,293.55,295.45,2500,297.1,5000,0,87500
CHOLAFIN-II.NFO,07/01/2020,11:45:30,293.55,295.65,2500,297.1,5000,0,87500
CHOLAFIN-II.NFO,07/01/2020,11:45:40,293.55,295.55,2500,297,5000,0,87500
CHOLAFIN-II.NFO,07/01/2020,11:45:49,293.55,295.7,2500,297,5000,0,87500
CHOLAFIN-II.NFO,07/01/2020,11:45:52,293.55,295.75,2500,297,5000,0,87500
CHOLAFIN-II.NFO,07/01/2020,11:45:58,293.55,295.45,2500,297,5000,0,87500
CHOLAFIN-II.NFO,07/01/2020,11:46:00,293.55,295.65,2500,297,5000,0,87500
CHOLAFIN-II.NFO,07/01/2020,11:46:02,293.55,295.7,2500,297,5000,0,87500
CHOLAFIN-II.NFO,07/01/2020,11:46:29,293.55,295.75,2500,297,5000,0,87500
CHOLAFIN-II.NFO,07/01/2020,11:46:43,293.55,295.55,2500,297,5000,0,87500
CHOLAFIN-II.NFO,07/01/2020,11:46:45,293.55,295.2,5000,296.9,5000,0,87500
CHOLAFIN-II.NFO,07/01/2020,11:46:47,293.55,295.6,2500,297.4,7500,0,87500
CHOLAFIN-II.NFO,07/01/2020,11:46:50,293.55,295.55,2500,296.9,2500,0,87500
CHOLAFIN-II.NFO,07/01/2020,11:46:53,293.55,295.7,2500,296.9,2500,0,87500
CHOLAFIN-II.NFO,07/01/2020,11:46:55,293.55,295.7,5000,296.9,2500,0,87500
CHOLAFIN-II.NFO,07/01/2020,11:46:57,293.55,295.7,5000,297,5000,0,87500
CHOLAFIN-II.NFO,07/01/2020,11:48:51,293.55,295.7,5000,296.95,2500,0,87500
CHOLAFIN-II.NFO,07/01/2020,11:49:33,293.55,295.7,5000,296.95,5000,0,87500
CHOLAFIN-II.NFO,07/01/2020,11:49:47,293.55,295.7,5000,296.95,2500,0,87500
CHOLAFIN-II.NFO,07/01/2020,11:49:58,293.55,295.7,5000,296.95,5000,0,87500
CHOLAFIN-II.NFO,07/01/2020,11:50:05,293.55,295.7,5000,296.95,2500,0,87500
CHOLAFIN-II.NFO,07/01/2020,11:50:12,293.55,295.7,5000,296.95,5000,0,87500
CHOLAFIN-II.NFO,07/01/2020,11:50:17,293.55,295.7,5000,296.85,2500,0,87500
CHOLAFIN-II.NFO,07/01/2020,11:50:41,293.55,295.45,2500,296.85,5000,0,87500
CHOLAFIN-II.NFO,07/01/2020,11:50:45,293.55,295.55,2500,296.85,5000,0,87500
CHOLAFIN-II.NFO,07/01/2020,11:51:05,293.55,295.35,5000,296.85,5000,0,87500
CHOLAFIN-II.NFO,07/01/2020,11:51:26,293.55,295.75,2500,296.9,2500,0,87500
CHOLAFIN-II.NFO,07/01/2020,11:52:55,293.55,295.75,2500,297.15,2500,0,87500
CHOLAFIN-II.NFO,07/01/2020,11:53:13,293.55,295.75,5000,297.15,2500,0,87500
CHOLAFIN-II.NFO,07/01/2020,11:53:26,293.55,295.85,5000,297.35,2500,0,87500
CHOLAFIN-II.NFO,07/01/2020,11:53:30,293.55,295.85,5000,297.4,2500,0,87500
CHOLAFIN-II.NFO,07/01/2020,11:53:33,293.55,295.85,5000,297.45,7500,0,87500
CHOLAFIN-II.NFO,07/01/2020,11:53:36,293.55,295.95,5000,297.45,7500,0,87500
CHOLAFIN-II.NFO,07/01/2020,11:53:44,293.55,295.85,5000,297.45,7500,0,87500
CHOLAFIN-II.NFO,07/01/2020,11:53:47,293.55,295.85,2500,297.45,7500,0,87500
CHOLAFIN-II.NFO,07/01/2020,11:54:31,293.55,295.85,2500,297.35,7500,0,87500
CHOLAFIN-II.NFO,07/01/2020,11:54:57,293.55,295.9,2500,297.35,7500,0,87500
CHOLAFIN-II.NFO,07/01/2020,11:55:00,293.55,295.85,5000,297.35,7500,0,87500
CHOLAFIN-II.NFO,07/01/2020,11:55:11,293.55,295.65,2500,297.25,7500,0,87500
CHOLAFIN-II.NFO,07/01/2020,11:55:14,293.55,295.75,2500,297.15,5000,0,87500
CHOLAFIN-II.NFO,07/01/2020,11:55:24,293.55,295.75,2500,297.15,2500,0,87500
CHOLAFIN-II.NFO,07/01/2020,11:55:59,293.55,295.75,2500,297.1,2500,0,87500
CHOLAFIN-II.NFO,07/01/2020,11:56:04,293.55,295.75,2500,297.25,2500,0,87500
CHOLAFIN-II.NFO,07/01/2020,11:56:07,293.55,295.75,2500,297.25,5000,0,87500
CHOLAFIN-II.NFO,07/01/2020,11:56:14,293.55,295.75,2500,297.25,7500,0,87500
CHOLAFIN-II.NFO,07/01/2020,11:56:16,293.55,295.75,2500,297.25,5000,0,87500
CHOLAFIN-II.NFO,07/01/2020,11:56:34,293.55,295.75,2500,297.25,7500,0,87500
CHOLAFIN-II.NFO,07/01/2020,11:56:40,293.55,295.75,2500,297.25,2500,0,87500
CHOLAFIN-II.NFO,07/01/2020,11:57:57,293.55,295.75,2500,297.25,5000,0,87500
CHOLAFIN-II.NFO,07/01/2020,11:58:51,293.55,295.75,5000,297.3,2500,0,87500
CHOLAFIN-II.NFO,07/01/2020,11:58:54,293.55,295.75,5000,297.25,5000,0,87500
CHOLAFIN-II.NFO,07/01/2020,11:59:10,293.55,295.75,5000,297.3,2500,0,87500
CHOLAFIN-II.NFO,07/01/2020,11:59:13,293.55,295.75,5000,297.25,2500,0,87500
