Ticker,Date,Time,LTP,BuyPrice,BuyQty,SellPrice,SellQty,LTQ,OpenInterest
JUSTDIAL-II.NFO,07/01/2020,09:19:48,551.7,551.75,1400,554.55,1400,1400,40600
JUSTDIAL-II.NFO,07/01/2020,09:19:48,551.7,551.75,1400,554.55,1400,0,40600
JUSTDIAL-II.NFO,07/01/2020,09:19:48,551.7,551.75,1400,554.55,1400,0,40600
JUSTDIAL-II.NFO,07/01/2020,09:19:48,551.7,551.75,1400,554.55,1400,0,40600
JUSTDIAL-II.NFO,07/01/2020,09:19:54,551.7,552.05,1400,554.95,1400,0,40600
JUSTDIAL-II.NFO,07/01/2020,09:20:00,551.7,552.9,1400,554.75,1400,0,40600
JUSTDIAL-II.NFO,07/01/2020,09:20:07,551.7,552.75,1400,554.95,1400,0,40600
JUSTDIAL-II.NFO,07/01/2020,09:20:13,551.7,552.7,1400,554.95,2800,0,40600
JUSTDIAL-II.NFO,07/01/2020,09:20:20,551.7,552.25,1400,554.95,1400,0,40600
JUSTDIAL-II.NFO,07/01/2020,09:20:26,551.7,552.95,1400,554.95,1400,0,40600
JUSTDIAL-II.NFO,07/01/2020,09:20:32,551.7,553.2,1400,554.95,1400,0,40600
JUSTDIAL-II.NFO,07/01/2020,09:20:39,551.7,553.5,1400,554.95,1400,0,40600
JUSTDIAL-II.NFO,07/01/2020,09:20:45,551.7,553.25,1400,554.95,1400,0,40600
JUSTDIAL-II.NFO,07/01/2020,09:20:51,551.7,552.2,1400,554.95,2800,0,40600
JUSTDIAL-II.NFO,07/01/2020,09:20:57,551.7,552.75,1400,554.65,1400,0,40600
JUSTDIAL-II.NFO,07/01/2020,09:21:04,551.7,551.3,1400,553.7,1400,0,40600
JUSTDIAL-II.NFO,07/01/2020,09:21:12,551.7,551.95,1400,554.75,1400,0,40600
JUSTDIAL-II.NFO,07/01/2020,09:21:20,551.7,551.75,1400,554.4,4200,0,40600
JUSTDIAL-II.NFO,07/01/2020,09:21:27,551.7,552.35,1400,554.4,4200,0,40600
JUSTDIAL-II.NFO,07/01/2020,09:21:33,551.7,552.25,1400,554.4,4200,0,40600
JUSTDIAL-II.NFO,07/01/2020,09:21:40,551.7,551.4,2800,553.85,1400,0,40600
JUSTDIAL-II.NFO,07/01/2020,09:21:46,551.7,552.85,1400,554.85,4200,0,40600
JUSTDIAL-II.NFO,07/01/2020,09:21:53,551.7,552.15,1400,554.85,2800,0,40600
JUSTDIAL-II.NFO,07/01/2020,09:22:00,551.7,552.25,1400,554.95,2800,0,40600
JUSTDIAL-II.NFO,07/01/2020,09:22:06,551.7,552.5,1400,554.95,1400,0,40600
JUSTDIAL-II.NFO,07/01/2020,09:22:13,551.7,552.4,1400,554.95,2800,0,40600
JUSTDIAL-II.NFO,07/01/2020,09:22:20,551.7,552.35,1400,554.8,1400,0,40600
JUSTDIAL-II.NFO,07/01/2020,09:22:27,551.7,552.15,1400,554.95,1400,0,40600
JUSTDIAL-II.NFO,07/01/2020,09:22:34,551.7,551.9,1400,554.8,1400,0,40600
JUSTDIAL-II.NFO,07/01/2020,09:22:40,551.7,552.35,1400,554.95,2800,0,40600
JUSTDIAL-II.NFO,07/01/2020,09:22:46,551.7,552.1,1400,554.8,1400,0,40600
JUSTDIAL-II.NFO,07/01/2020,09:22:53,551.7,552.25,1400,554.95,1400,0,40600
JUSTDIAL-II.NFO,07/01/2020,09:22:59,551.7,552.05,1400,554.95,2800,0,40600
JUSTDIAL-II.NFO,07/01/2020,09:23:05,551.7,552.15,2800,554.95,2800,0,40600
JUSTDIAL-II.NFO,07/01/2020,09:23:11,551.7,552.35,1400,554.85,2800,0,40600
JUSTDIAL-II.NFO,07/01/2020,09:23:17,551.7,552.65,1400,554.85,2800,0,40600
JUSTDIAL-II.NFO,07/01/2020,09:23:23,551.7,553.05,1400,554.95,1400,0,40600
JUSTDIAL-II.NFO,07/01/2020,09:23:29,551.7,553.15,1400,554.95,1400,0,40600
JUSTDIAL-II.NFO,07/01/2020,09:23:35,551.7,552.95,1400,554.95,1400,0,40600
JUSTDIAL-II.NFO,07/01/2020,09:23:41,551.7,553.45,1400,554.95,1400,0,40600
JUSTDIAL-II.NFO,07/01/2020,09:23:47,551.7,552.6,1400,554.65,1400,0,40600
JUSTDIAL-II.NFO,07/01/2020,09:23:53,551.7,553.35,1400,554.95,1400,0,40600
JUSTDIAL-II.NFO,07/01/2020,09:23:59,551.7,552.9,1400,554.95,1400,0,40600
JUSTDIAL-II.NFO,07/01/2020,09:24:05,551.7,553.65,1400,555,1400,0,40600
JUSTDIAL-II.NFO,07/01/2020,09:24:11,551.7,553,1400,554.95,1400,0,40600
JUSTDIAL-II.NFO,07/01/2020,09:24:17,551.7,552.65,1400,554.95,1400,0,40600
JUSTDIAL-II.NFO,07/01/2020,09:24:22,551.7,552.95,1400,554.95,1400,0,40600
JUSTDIAL-II.NFO,07/01/2020,09:24:28,551.7,553.4,1400,554.95,1400,0,40600
JUSTDIAL-II.NFO,07/01/2020,09:24:34,551.7,552.9,1400,554.95,1400,0,40600
JUSTDIAL-II.NFO,07/01/2020,09:24:39,551.7,553,1400,554.95,1400,0,40600
JUSTDIAL-II.NFO,07/01/2020,09:24:45,551.7,553.1,1400,554.95,1400,0,40600
JUSTDIAL-II.NFO,07/01/2020,09:24:50,551.7,553.3,1400,554.95,1400,0,40600
JUSTDIAL-II.NFO,07/01/2020,09:24:56,551.7,553.1,1400,554.95,1400,0,40600
JUSTDIAL-II.NFO,07/01/2020,09:25:02,551.7,552.95,1400,554.95,1400,0,40600
JUSTDIAL-II.NFO,07/01/2020,09:25:08,551.7,553.8,1400,555,1400,0,40600
JUSTDIAL-II.NFO,07/01/2020,09:25:14,551.7,552.8,1400,554.95,1400,0,40600
JUSTDIAL-II.NFO,07/01/2020,09:25:21,551.7,552.65,1400,554.95,1400,0,40600
JUSTDIAL-II.NFO,07/01/2020,09:25:27,551.7,552.8,1400,554.95,1400,0,40600
JUSTDIAL-II.NFO,07/01/2020,09:25:33,551.7,553.25,1400,554.95,1400,0,40600
JUSTDIAL-II.NFO,07/01/2020,09:25:39,551.7,552.75,1400,554.95,1400,0,40600
JUSTDIAL-II.NFO,07/01/2020,09:25:46,551.7,553.4,1400,554.95,1400,0,40600
JUSTDIAL-II.NFO,07/01/2020,09:25:59,551.7,552.65,1400,554.95,1400,0,40600
JUSTDIAL-II.NFO,07/01/2020,09:26:07,551.7,553.25,1400,554.95,1400,0,40600
JUSTDIAL-II.NFO,07/01/2020,09:26:20,551.7,552.45,2800,554.95,1400,0,40600
JUSTDIAL-II.NFO,07/01/2020,09:26:31,551.7,553,1400,554.95,1400,0,40600
JUSTDIAL-II.NFO,07/01/2020,09:26:37,551.7,553.2,1400,555,1400,0,40600
JUSTDIAL-II.NFO,07/01/2020,09:26:43,551.7,553,1400,555,1400,0,40600
JUSTDIAL-II.NFO,07/01/2020,09:26:49,551.7,553.85,1400,555,1400,0,40600
JUSTDIAL-II.NFO,07/01/2020,09:26:54,551.7,554,1400,555,1400,0,40600
JUSTDIAL-II.NFO,07/01/2020,09:27:00,551.7,553.85,1400,555,1400,0,40600
JUSTDIAL-II.NFO,07/01/2020,09:27:16,551.7,553.9,1400,555,1400,0,40600
JUSTDIAL-II.NFO,07/01/2020,09:27:22,551.7,553.5,1400,555,1400,0,40600
JUSTDIAL-II.NFO,07/01/2020,09:27:28,551.7,553.85,1400,555,1400,0,40600
JUSTDIAL-II.NFO,07/01/2020,09:27:34,551.7,553.8,1400,555,1400,0,40600
JUSTDIAL-II.NFO,07/01/2020,09:27:40,551.7,553.75,1400,555,1400,0,40600
JUSTDIAL-II.NFO,07/01/2020,09:27:46,551.7,553.1,1400,554.95,1400,0,40600
JUSTDIAL-II.NFO,07/01/2020,09:27:52,551.7,553.2,1400,554.95,1400,0,40600
JUSTDIAL-II.NFO,07/01/2020,09:28:06,551.7,552.75,1400,554.55,1400,0,40600
JUSTDIAL-II.NFO,07/01/2020,09:28:13,551.7,552.7,1400,554.5,1400,0,40600
JUSTDIAL-II.NFO,07/01/2020,09:28:18,551.7,551.85,1400,554.4,1400,0,40600
JUSTDIAL-II.NFO,07/01/2020,09:28:24,551.7,552,1400,554,2800,0,40600
JUSTDIAL-II.NFO,07/01/2020,09:28:29,551.7,552.1,1400,554,2800,0,40600
JUSTDIAL-II.NFO,07/01/2020,09:28:51,551.7,552.5,1400,554.35,1400,0,40600
JUSTDIAL-II.NFO,07/01/2020,09:28:57,551.7,552.75,1400,554.8,1400,0,40600
JUSTDIAL-II.NFO,07/01/2020,09:29:02,551.7,551.85,2800,554.5,1400,0,40600
JUSTDIAL-II.NFO,07/01/2020,09:29:07,551.7,551.85,2800,554.85,2800,0,40600
JUSTDIAL-II.NFO,07/01/2020,09:29:13,551.7,551.85,2800,554.65,1400,0,40600
JUSTDIAL-II.NFO,07/01/2020,09:29:24,551.7,551.85,2800,554.5,2800,0,40600
JUSTDIAL-II.NFO,07/01/2020,09:29:30,551.7,551.85,2800,554.75,1400,0,40600
JUSTDIAL-II.NFO,07/01/2020,09:29:36,551.7,551.85,2800,554.15,2800,0,40600
JUSTDIAL-II.NFO,07/01/2020,09:29:51,551.7,551.8,1400,553.65,1400,0,40600
JUSTDIAL-II.NFO,07/01/2020,09:29:55,551.7,551.7,1400,553.2,1400,0,40600
JUSTDIAL-II.NFO,07/01/2020,09:29:59,551.7,551.7,1400,553.1,1400,0,40600
JUSTDIAL-II.NFO,07/01/2020,09:30:03,551.7,551.7,1400,552.95,1400,0,40600
JUSTDIAL-II.NFO,07/01/2020,09:30:09,551.7,551.7,1400,553.6,1400,0,40600
JUSTDIAL-II.NFO,07/01/2020,09:30:14,551.7,551.7,1400,553.25,1400,0,40600
JUSTDIAL-II.NFO,07/01/2020,09:30:19,551.7,551.7,1400,552.95,1400,0,40600
JUSTDIAL-II.NFO,07/01/2020,09:30:24,551.7,551.7,1400,553.65,2800,0,40600
JUSTDIAL-II.NFO,07/01/2020,09:30:29,551.7,551.75,1400,553.65,2800,0,40600
JUSTDIAL-II.NFO,07/01/2020,09:30:34,551.7,551.75,1400,554.1,1400,0,40600
JUSTDIAL-II.NFO,07/01/2020,09:30:39,551.7,551.75,1400,553.75,1400,0,40600
JUSTDIAL-II.NFO,07/01/2020,09:30:44,551.7,551.75,1400,553.05,1400,0,40600
JUSTDIAL-II.NFO,07/01/2020,09:30:54,551.7,551.75,1400,554,1400,0,40600
JUSTDIAL-II.NFO,07/01/2020,09:30:58,551.7,551.85,1400,553.5,1400,0,40600
JUSTDIAL-II.NFO,07/01/2020,09:31:04,551.7,552.1,1400,554.55,1400,0,40600
JUSTDIAL-II.NFO,07/01/2020,09:31:10,551.7,551.85,1400,553.95,1400,0,40600
JUSTDIAL-II.NFO,07/01/2020,09:31:16,551.7,552,1400,554.1,2800,0,40600
JUSTDIAL-II.NFO,07/01/2020,09:31:22,551.7,551.8,1400,554.45,1400,0,40600
JUSTDIAL-II.NFO,07/01/2020,09:31:28,551.7,552.05,1400,553.8,1400,0,40600
JUSTDIAL-II.NFO,07/01/2020,09:31:33,551.7,552.15,1400,553.8,1400,0,40600
JUSTDIAL-II.NFO,07/01/2020,09:31:39,551.7,552.45,1400,554.45,1400,0,40600
JUSTDIAL-II.NFO,07/01/2020,09:31:45,551.7,553.1,1400,554.9,1400,0,40600
JUSTDIAL-II.NFO,07/01/2020,09:31:50,551.7,552.25,1400,554.9,1400,0,40600
JUSTDIAL-II.NFO,07/01/2020,09:31:55,551.7,553.7,1400,555,1400,0,40600
JUSTDIAL-II.NFO,07/01/2020,09:32:01,551.7,553.3,1400,555,1400,0,40600
JUSTDIAL-II.NFO,07/01/2020,09:32:06,551.7,553.65,1400,555,1400,0,40600
JUSTDIAL-II.NFO,07/01/2020,09:32:12,551.7,553.25,1400,555,1400,0,40600
JUSTDIAL-II.NFO,07/01/2020,09:32:17,551.7,553.95,1400,555,1400,0,40600
JUSTDIAL-II.NFO,07/01/2020,09:32:24,551.7,554.1,1400,555,1400,0,40600
JUSTDIAL-II.NFO,07/01/2020,09:32:30,551.7,554.45,1400,555,1400,0,40600
JUSTDIAL-II.NFO,07/01/2020,09:32:36,555,554.1,2800,557.35,1400,1400,40600
JUSTDIAL-II.NFO,07/01/2020,09:32:36,555,554.1,2800,557.35,1400,0,40600
JUSTDIAL-II.NFO,07/01/2020,09:32:41,555,554.1,1400,556.7,1400,0,40600
JUSTDIAL-II.NFO,07/01/2020,09:32:47,555,554.6,1400,556.7,1400,0,40600
JUSTDIAL-II.NFO,07/01/2020,09:33:04,555,554.1,1400,556.4,1400,0,40600
JUSTDIAL-II.NFO,07/01/2020,09:33:10,555,553.6,1400,555.8,1400,0,40600
JUSTDIAL-II.NFO,07/01/2020,09:33:16,555.65,553.8,1400,556.5,2800,1400,40600
JUSTDIAL-II.NFO,07/01/2020,09:33:16,555.65,553.8,1400,556.5,2800,0,40600
JUSTDIAL-II.NFO,07/01/2020,09:33:21,555.65,553.75,1400,556.05,1400,0,40600
JUSTDIAL-II.NFO,07/01/2020,09:33:26,555.65,553.6,1400,556.1,1400,0,40600
JUSTDIAL-II.NFO,07/01/2020,09:33:31,555.65,553.8,1400,556.5,1400,0,40600
JUSTDIAL-II.NFO,07/01/2020,09:33:36,555.65,554.4,1400,556.85,1400,0,40600
JUSTDIAL-II.NFO,07/01/2020,09:33:41,555.65,553.95,1400,556.15,1400,0,40600
JUSTDIAL-II.NFO,07/01/2020,09:33:51,555.65,554,1400,555.9,1400,0,40600
JUSTDIAL-II.NFO,07/01/2020,09:34:00,555.65,553.95,2800,556.5,1400,0,40600
JUSTDIAL-II.NFO,07/01/2020,09:34:05,555.65,554.1,1400,557.1,1400,0,40600
JUSTDIAL-II.NFO,07/01/2020,09:34:10,555.65,553.85,1400,556.2,1400,0,40600
JUSTDIAL-II.NFO,07/01/2020,09:34:16,555.65,554.5,1400,556.95,4200,0,40600
JUSTDIAL-II.NFO,07/01/2020,09:34:21,555.65,553.8,1400,556.15,2800,0,40600
JUSTDIAL-II.NFO,07/01/2020,09:34:32,555.65,553.95,1400,555.85,1400,0,40600
JUSTDIAL-II.NFO,07/01/2020,09:34:38,555.65,553.6,1400,555.35,1400,0,40600
JUSTDIAL-II.NFO,07/01/2020,09:34:44,555.65,553.4,1400,555.3,1400,0,40600
JUSTDIAL-II.NFO,07/01/2020,09:34:49,555.65,553.35,1400,556.25,1400,0,40600
JUSTDIAL-II.NFO,07/01/2020,09:34:55,555.65,553.65,1400,555.85,2800,0,40600
JUSTDIAL-II.NFO,07/01/2020,09:35:00,555.65,553.25,1400,556.7,1400,0,40600
JUSTDIAL-II.NFO,07/01/2020,09:35:06,555.65,553.55,1400,556.25,1400,0,40600
JUSTDIAL-II.NFO,07/01/2020,09:35:11,555.65,554.35,1400,556.45,2800,0,40600
JUSTDIAL-II.NFO,07/01/2020,09:35:16,555.65,553.55,1400,556.2,2800,0,40600
JUSTDIAL-II.NFO,07/01/2020,09:35:20,555.65,553.65,1400,556.15,2800,0,40600
JUSTDIAL-II.NFO,07/01/2020,09:35:25,555.65,553.4,2800,556.15,4200,0,40600
JUSTDIAL-II.NFO,07/01/2020,09:35:30,555.65,553.8,1400,556.15,4200,0,40600
JUSTDIAL-II.NFO,07/01/2020,09:35:35,555.65,553.9,1400,556.15,4200,0,40600
JUSTDIAL-II.NFO,07/01/2020,09:35:47,555.65,553.4,1400,556.65,5600,0,40600
JUSTDIAL-II.NFO,07/01/2020,09:35:54,555.65,553.95,1400,555.6,1400,0,40600
JUSTDIAL-II.NFO,07/01/2020,09:35:59,555.65,553.85,1400,555.75,1400,0,40600
JUSTDIAL-II.NFO,07/01/2020,09:36:05,555.65,554,1400,555.35,1400,0,40600
JUSTDIAL-II.NFO,07/01/2020,09:36:10,555.65,553.15,1400,556.35,2800,0,40600
JUSTDIAL-II.NFO,07/01/2020,09:36:16,555.65,552.95,1400,556.4,1400,0,40600
JUSTDIAL-II.NFO,07/01/2020,09:36:22,555.65,553.45,1400,555.7,2800,0,40600
JUSTDIAL-II.NFO,07/01/2020,09:36:27,555.65,553.45,1400,555.9,2800,0,40600
JUSTDIAL-II.NFO,07/01/2020,09:36:32,555.65,552.9,1400,555.45,2800,0,40600
JUSTDIAL-II.NFO,07/01/2020,09:36:36,555.65,553.4,1400,555.45,2800,0,40600
JUSTDIAL-II.NFO,07/01/2020,09:36:41,555.65,553.1,1400,555.45,2800,0,40600
JUSTDIAL-II.NFO,07/01/2020,09:36:46,555.65,553.8,1400,555.45,2800,0,40600
JUSTDIAL-II.NFO,07/01/2020,09:36:50,555.65,553.35,1400,556.15,1400,0,40600
JUSTDIAL-II.NFO,07/01/2020,09:36:55,555.65,553.65,1400,555.8,2800,0,40600
JUSTDIAL-II.NFO,07/01/2020,09:37:00,555.65,553.75,1400,555.7,1400,0,40600
JUSTDIAL-II.NFO,07/01/2020,09:37:04,555.65,553.35,1400,555.2,1400,0,40600
JUSTDIAL-II.NFO,07/01/2020,09:37:09,555.65,552.65,1400,556.2,1400,0,40600
JUSTDIAL-II.NFO,07/01/2020,09:37:22,555.65,552.95,1400,555.75,1400,0,40600
JUSTDIAL-II.NFO,07/01/2020,09:37:27,555.65,553.25,1400,554.75,1400,0,40600
JUSTDIAL-II.NFO,07/01/2020,09:37:32,555.65,552.85,1400,555.95,4200,0,40600
JUSTDIAL-II.NFO,07/01/2020,09:37:37,555.65,553.3,2800,555.1,1400,0,40600
JUSTDIAL-II.NFO,07/01/2020,09:37:40,555.65,553.3,2800,555.3,1400,0,40600
JUSTDIAL-II.NFO,07/01/2020,09:37:44,555.65,553.3,2800,556.05,2800,0,40600
JUSTDIAL-II.NFO,07/01/2020,09:37:48,555.65,553.3,2800,555.85,4200,0,40600
JUSTDIAL-II.NFO,07/01/2020,09:37:52,555.65,553.3,2800,555.5,1400,0,40600
JUSTDIAL-II.NFO,07/01/2020,09:37:57,555.65,553.3,2800,555.15,1400,0,40600
JUSTDIAL-II.NFO,07/01/2020,09:38:01,555.65,553.3,2800,554.8,1400,0,40600
JUSTDIAL-II.NFO,07/01/2020,09:38:06,555.65,553.3,2800,555.75,2800,0,40600
JUSTDIAL-II.NFO,07/01/2020,09:38:10,555.65,553.3,2800,555.15,1400,0,40600
JUSTDIAL-II.NFO,07/01/2020,09:38:15,555.65,553.3,2800,555.85,2800,0,40600
JUSTDIAL-II.NFO,07/01/2020,09:38:19,555.65,553.3,2800,555.3,2800,0,40600
JUSTDIAL-II.NFO,07/01/2020,09:38:23,555.65,553.3,2800,555.6,4200,0,40600
JUSTDIAL-II.NFO,07/01/2020,09:38:27,555.65,553.3,2800,555,2800,0,40600
JUSTDIAL-II.NFO,07/01/2020,09:38:31,555.65,553.3,2800,556.2,7000,0,40600
JUSTDIAL-II.NFO,07/01/2020,09:38:40,555.65,553.3,2800,555.4,4200,0,40600
JUSTDIAL-II.NFO,07/01/2020,09:38:44,555.65,553.3,2800,554.7,1400,0,40600
JUSTDIAL-II.NFO,07/01/2020,09:38:49,555.65,552.75,1400,554.7,4200,0,40600
JUSTDIAL-II.NFO,07/01/2020,09:38:53,555.65,552.85,1400,554.7,4200,0,40600
JUSTDIAL-II.NFO,07/01/2020,09:39:02,555.65,553.05,1400,554.7,2800,0,40600
JUSTDIAL-II.NFO,07/01/2020,09:39:06,555.65,552.25,1400,554.55,1400,0,40600
JUSTDIAL-II.NFO,07/01/2020,09:39:15,555.65,553.45,1400,554.75,1400,0,40600
JUSTDIAL-II.NFO,07/01/2020,09:39:20,555.65,553.4,1400,555.45,1400,0,40600
JUSTDIAL-II.NFO,07/01/2020,09:39:24,555.65,553.55,1400,555.25,1400,0,40600
JUSTDIAL-II.NFO,07/01/2020,09:39:29,555.65,553.2,1400,555.85,1400,0,40600
JUSTDIAL-II.NFO,07/01/2020,09:39:34,555.65,552.55,2800,555.2,2800,0,40600
JUSTDIAL-II.NFO,07/01/2020,09:39:37,555.65,552.5,1400,555.45,1400,0,40600
JUSTDIAL-II.NFO,07/01/2020,09:39:46,555.65,553.5,1400,555.4,1400,0,40600
JUSTDIAL-II.NFO,07/01/2020,09:39:50,555.65,553.5,1400,554.75,1400,0,40600
JUSTDIAL-II.NFO,07/01/2020,09:39:54,555.65,553.3,1400,555.95,1400,0,40600
JUSTDIAL-II.NFO,07/01/2020,09:39:58,555.65,553.5,1400,555.7,1400,0,40600
JUSTDIAL-II.NFO,07/01/2020,09:40:02,555.65,553.9,1400,556.35,1400,0,40600
JUSTDIAL-II.NFO,07/01/2020,09:40:07,555.65,553.9,1400,555.95,2800,0,40600
JUSTDIAL-II.NFO,07/01/2020,09:40:12,555.65,553.7,1400,555.95,1400,0,40600
JUSTDIAL-II.NFO,07/01/2020,09:40:17,555.65,553.5,1400,555.95,1400,0,40600
JUSTDIAL-II.NFO,07/01/2020,09:40:23,555.65,554,1400,556.3,1400,0,40600
JUSTDIAL-II.NFO,07/01/2020,09:40:28,555.65,553.45,4200,556.5,4200,0,40600
JUSTDIAL-II.NFO,07/01/2020,09:40:32,555.65,553.45,4200,555.7,1400,0,40600
JUSTDIAL-II.NFO,07/01/2020,09:40:37,555.65,553.45,2800,555.7,1400,0,40600
JUSTDIAL-II.NFO,07/01/2020,09:40:43,555.65,553.45,2800,555.55,1400,0,40600
JUSTDIAL-II.NFO,07/01/2020,09:40:52,555.65,553.45,2800,555.8,1400,0,40600
JUSTDIAL-II.NFO,07/01/2020,09:40:56,555.65,553.45,2800,555.6,1400,0,40600
JUSTDIAL-II.NFO,07/01/2020,09:41:01,555.65,553.45,2800,556.5,1400,0,40600
JUSTDIAL-II.NFO,07/01/2020,09:41:07,555.65,553.45,2800,555.95,2800,0,40600
JUSTDIAL-II.NFO,07/01/2020,09:41:12,555.65,553.45,2800,555.35,1400,0,40600
JUSTDIAL-II.NFO,07/01/2020,09:41:17,555.65,553.45,2800,555.75,2800,0,40600
JUSTDIAL-II.NFO,07/01/2020,09:41:21,555.65,553.45,2800,556.1,4200,0,40600
JUSTDIAL-II.NFO,07/01/2020,09:41:26,555.65,553.45,2800,555.9,2800,0,40600
JUSTDIAL-II.NFO,07/01/2020,09:41:41,555.65,553.45,2800,555.8,2800,0,40600
JUSTDIAL-II.NFO,07/01/2020,09:41:45,555.65,553.45,2800,555.55,1400,0,40600
JUSTDIAL-II.NFO,07/01/2020,09:41:51,555.65,553.45,2800,555.3,1400,0,40600
JUSTDIAL-II.NFO,07/01/2020,09:41:57,555.65,553.45,2800,556.1,4200,0,40600
JUSTDIAL-II.NFO,07/01/2020,09:42:03,555.65,553.45,2800,555.2,1400,0,40600
JUSTDIAL-II.NFO,07/01/2020,09:42:10,555.65,553.45,2800,555.55,4200,0,40600
JUSTDIAL-II.NFO,07/01/2020,09:42:16,555.65,553.45,2800,554.8,1400,0,40600
JUSTDIAL-II.NFO,07/01/2020,09:42:23,555.65,553.45,2800,555.3,2800,0,40600
JUSTDIAL-II.NFO,07/01/2020,09:42:30,555.65,553.45,2800,554.85,1400,0,40600
JUSTDIAL-II.NFO,07/01/2020,09:42:37,555.65,553.05,1400,554.9,1400,0,40600
JUSTDIAL-II.NFO,07/01/2020,09:42:43,555.65,552.65,1400,554.6,1400,0,40600
JUSTDIAL-II.NFO,07/01/2020,09:42:50,555.65,552.2,1400,554.95,2800,0,40600
JUSTDIAL-II.NFO,07/01/2020,09:42:56,555.65,552.05,1400,554.4,1400,0,40600
JUSTDIAL-II.NFO,07/01/2020,09:43:07,555.65,552.45,2800,554,1400,0,40600
JUSTDIAL-II.NFO,07/01/2020,09:43:13,555.65,552.45,2800,554.2,2800,0,40600
JUSTDIAL-II.NFO,07/01/2020,09:43:18,555.65,552.45,2800,554.85,2800,0,40600
JUSTDIAL-II.NFO,07/01/2020,09:43:23,555.65,552.45,2800,554.1,1400,0,40600
JUSTDIAL-II.NFO,07/01/2020,09:43:29,555.65,552.45,2800,553.9,1400,0,40600
JUSTDIAL-II.NFO,07/01/2020,09:43:38,555.65,552.45,2800,554.15,1400,0,40600
JUSTDIAL-II.NFO,07/01/2020,09:43:43,555.65,552.45,2800,555.2,7000,0,40600
JUSTDIAL-II.NFO,07/01/2020,09:43:48,555.65,552.45,2800,554.2,1400,0,40600
JUSTDIAL-II.NFO,07/01/2020,09:43:52,555.65,552.45,2800,554.7,1400,0,40600
JUSTDIAL-II.NFO,07/01/2020,09:43:56,555.65,552.45,2800,554.55,1400,0,40600
JUSTDIAL-II.NFO,07/01/2020,09:44:01,555.65,552.45,2800,554.65,1400,0,40600
JUSTDIAL-II.NFO,07/01/2020,09:44:07,555.65,552.45,2800,554.6,1400,0,40600
JUSTDIAL-II.NFO,07/01/2020,09:44:12,555.65,552.45,2800,555.2,2800,0,40600
JUSTDIAL-II.NFO,07/01/2020,09:44:18,555.65,552.45,2800,555.25,2800,0,40600
JUSTDIAL-II.NFO,07/01/2020,09:44:23,555.65,552.45,2800,554.4,1400,0,40600
JUSTDIAL-II.NFO,07/01/2020,09:44:28,555.65,552.45,2800,554.3,1400,0,40600
JUSTDIAL-II.NFO,07/01/2020,09:44:34,555.65,552.45,2800,554.9,4200,0,40600
JUSTDIAL-II.NFO,07/01/2020,09:44:39,555.65,552.45,2800,554.6,2800,0,40600
JUSTDIAL-II.NFO,07/01/2020,09:45:11,555.65,552.45,2800,554.9,1400,0,40600
JUSTDIAL-II.NFO,07/01/2020,09:45:17,555.65,552.45,2800,555.3,4200,0,40600
JUSTDIAL-II.NFO,07/01/2020,09:45:23,555.65,552.45,2800,554.9,2800,0,40600
JUSTDIAL-II.NFO,07/01/2020,09:45:30,555.65,552.45,2800,554.1,1400,0,40600
JUSTDIAL-II.NFO,07/01/2020,09:45:35,555.65,552.45,2800,554,1400,0,40600
JUSTDIAL-II.NFO,07/01/2020,09:45:42,555.65,552.45,2800,554.45,2800,0,40600
JUSTDIAL-II.NFO,07/01/2020,09:45:47,555.65,552.45,2800,554,1400,0,40600
JUSTDIAL-II.NFO,07/01/2020,09:45:53,555.65,552.45,2800,554.3,1400,0,40600
JUSTDIAL-II.NFO,07/01/2020,09:45:58,555.65,552.45,2800,554.55,1400,0,40600
JUSTDIAL-II.NFO,07/01/2020,09:46:04,555.65,552.45,2800,554.45,1400,0,40600
JUSTDIAL-II.NFO,07/01/2020,09:46:09,555.65,552.45,2800,554.55,2800,0,40600
JUSTDIAL-II.NFO,07/01/2020,09:46:15,555.65,552.45,2800,554.4,1400,0,40600
JUSTDIAL-II.NFO,07/01/2020,09:46:19,555.65,552.45,2800,555.05,1400,0,40600
JUSTDIAL-II.NFO,07/01/2020,09:46:29,555.65,552.45,2800,554.95,4200,0,40600
JUSTDIAL-II.NFO,07/01/2020,09:46:34,555.65,552.45,2800,554.15,1400,0,40600
JUSTDIAL-II.NFO,07/01/2020,09:46:39,555.65,552.45,2800,553.95,1400,0,40600
JUSTDIAL-II.NFO,07/01/2020,09:46:44,555.65,552.45,2800,553.9,1400,0,40600
JUSTDIAL-II.NFO,07/01/2020,09:46:53,555.65,552.45,2800,553.8,1400,0,40600
JUSTDIAL-II.NFO,07/01/2020,09:46:57,555.65,552.45,2800,554.75,1400,0,40600
JUSTDIAL-II.NFO,07/01/2020,09:47:02,555.65,552.45,2800,554.65,2800,0,40600
JUSTDIAL-II.NFO,07/01/2020,09:47:15,555.65,552.45,2800,554.4,2800,0,40600
JUSTDIAL-II.NFO,07/01/2020,09:47:28,555.65,552.45,2800,553.9,1400,0,40600
JUSTDIAL-II.NFO,07/01/2020,09:47:33,555.65,552.45,2800,554.65,2800,0,40600
JUSTDIAL-II.NFO,07/01/2020,09:47:38,555.65,552.45,2800,554.4,1400,0,40600
JUSTDIAL-II.NFO,07/01/2020,09:47:42,555.65,552.45,2800,554.75,2800,0,40600
JUSTDIAL-II.NFO,07/01/2020,09:47:46,555.65,552.45,2800,554.2,2800,0,40600
JUSTDIAL-II.NFO,07/01/2020,09:47:50,555.65,552.45,2800,555,2800,0,40600
JUSTDIAL-II.NFO,07/01/2020,09:47:54,555.65,552.45,2800,554.9,4200,0,40600
JUSTDIAL-II.NFO,07/01/2020,09:47:58,555.65,552.45,2800,554.6,1400,0,40600
JUSTDIAL-II.NFO,07/01/2020,09:48:03,555.65,552.45,2800,554.65,4200,0,40600
JUSTDIAL-II.NFO,07/01/2020,09:48:06,555.65,552.45,2800,554.65,2800,0,40600
JUSTDIAL-II.NFO,07/01/2020,09:48:14,555.65,552.45,2800,554.55,2800,0,40600
JUSTDIAL-II.NFO,07/01/2020,09:48:29,555.65,552.45,2800,555.3,4200,0,40600
JUSTDIAL-II.NFO,07/01/2020,09:48:38,555.65,552.45,2800,554.7,4200,0,40600
JUSTDIAL-II.NFO,07/01/2020,09:48:47,555.65,552.45,2800,554.5,1400,0,40600
JUSTDIAL-II.NFO,07/01/2020,09:48:59,555.65,552.45,2800,554,1400,0,40600
JUSTDIAL-II.NFO,07/01/2020,09:49:03,555.65,552.45,2800,554.45,4200,0,40600
JUSTDIAL-II.NFO,07/01/2020,09:49:08,555.65,552.45,2800,554.25,1400,0,40600
JUSTDIAL-II.NFO,07/01/2020,09:49:18,555.65,552.45,2800,555,1400,0,40600
JUSTDIAL-II.NFO,07/01/2020,09:49:23,555.65,552.45,2800,554.65,1400,0,40600
JUSTDIAL-II.NFO,07/01/2020,09:49:29,555.65,552.45,2800,553.7,1400,0,40600
JUSTDIAL-II.NFO,07/01/2020,09:49:35,555.65,552.45,2800,554.05,1400,0,40600
JUSTDIAL-II.NFO,07/01/2020,09:49:39,555.65,552.45,2800,553.7,1400,0,40600
JUSTDIAL-II.NFO,07/01/2020,09:49:55,555.65,551.7,2800,553.85,1400,0,40600
JUSTDIAL-II.NFO,07/01/2020,09:49:59,555.65,551.7,2800,554.25,4200,0,40600
JUSTDIAL-II.NFO,07/01/2020,09:50:04,555.65,551.7,2800,553.45,1400,0,40600
JUSTDIAL-II.NFO,07/01/2020,09:50:10,555.65,551.7,2800,553.95,1400,0,40600
JUSTDIAL-II.NFO,07/01/2020,09:50:15,555.65,551.7,2800,554.1,1400,0,40600
JUSTDIAL-II.NFO,07/01/2020,09:50:20,555.65,551.7,2800,553.9,2800,0,40600
JUSTDIAL-II.NFO,07/01/2020,09:50:30,555.65,551.7,2800,553.5,1400,0,40600
JUSTDIAL-II.NFO,07/01/2020,09:50:46,555.65,551.7,2800,554.05,1400,0,40600
JUSTDIAL-II.NFO,07/01/2020,09:50:52,555.65,551.7,2800,553.4,1400,0,40600
JUSTDIAL-II.NFO,07/01/2020,09:51:01,555.65,551.7,2800,553.35,1400,0,40600
JUSTDIAL-II.NFO,07/01/2020,09:51:06,555.65,551.55,1400,552.8,1400,0,40600
JUSTDIAL-II.NFO,07/01/2020,09:51:16,555.65,551.6,1400,553.05,1400,0,40600
JUSTDIAL-II.NFO,07/01/2020,09:51:22,555.65,551.75,2800,553.3,1400,0,40600
JUSTDIAL-II.NFO,07/01/2020,09:51:27,555.65,551.75,2800,553.25,1400,0,40600
JUSTDIAL-II.NFO,07/01/2020,09:51:32,555.65,551.75,2800,553.85,4200,0,40600
JUSTDIAL-II.NFO,07/01/2020,09:51:37,555.65,551.75,2800,553.7,1400,0,40600
JUSTDIAL-II.NFO,07/01/2020,09:51:42,555.65,551.75,2800,554.85,4200,0,40600
JUSTDIAL-II.NFO,07/01/2020,09:51:46,555.65,551.75,2800,554.1,2800,0,40600
JUSTDIAL-II.NFO,07/01/2020,09:51:54,555.65,551.75,2800,554.15,1400,0,40600
JUSTDIAL-II.NFO,07/01/2020,09:51:58,555.65,551.75,2800,554.75,4200,0,40600
JUSTDIAL-II.NFO,07/01/2020,09:52:02,555.65,551.75,2800,554.45,1400,0,40600
JUSTDIAL-II.NFO,07/01/2020,09:52:06,555.65,551.75,2800,554.4,2800,0,40600
JUSTDIAL-II.NFO,07/01/2020,09:52:10,555.65,551.75,2800,554.05,1400,0,40600
JUSTDIAL-II.NFO,07/01/2020,09:52:14,555.65,551.75,2800,554.3,1400,0,40600
JUSTDIAL-II.NFO,07/01/2020,09:52:19,555.65,551.75,2800,554,1400,0,40600
JUSTDIAL-II.NFO,07/01/2020,09:52:23,555.65,551.75,2800,554.15,2800,0,40600
JUSTDIAL-II.NFO,07/01/2020,09:52:28,555.65,551.75,2800,553.6,1400,0,40600
JUSTDIAL-II.NFO,07/01/2020,09:52:38,555.65,551.75,2800,554.45,4200,0,40600
JUSTDIAL-II.NFO,07/01/2020,09:52:42,555.65,551.75,2800,553.65,1400,0,40600
JUSTDIAL-II.NFO,07/01/2020,09:52:47,555.65,551.75,2800,553.95,2800,0,40600
JUSTDIAL-II.NFO,07/01/2020,09:53:08,555.65,551.75,2800,553.75,1400,0,40600
JUSTDIAL-II.NFO,07/01/2020,09:53:14,555.65,551.75,2800,553.85,1400,0,40600
JUSTDIAL-II.NFO,07/01/2020,09:53:19,555.65,551.75,2800,553.75,1400,0,40600
JUSTDIAL-II.NFO,07/01/2020,09:53:29,555.65,551.75,2800,553.55,1400,0,40600
JUSTDIAL-II.NFO,07/01/2020,09:53:34,555.65,551.75,2800,553.75,1400,0,40600
JUSTDIAL-II.NFO,07/01/2020,09:53:39,555.65,551.75,2800,553.5,1400,0,40600
JUSTDIAL-II.NFO,07/01/2020,09:53:44,555.65,551.75,2800,553.95,1400,0,40600
JUSTDIAL-II.NFO,07/01/2020,09:53:49,555.65,551.75,2800,553.55,1400,0,40600
JUSTDIAL-II.NFO,07/01/2020,09:53:53,555.65,551.75,2800,553.85,1400,0,40600
JUSTDIAL-II.NFO,07/01/2020,09:53:57,555.65,551.75,2800,553.9,1400,0,40600
JUSTDIAL-II.NFO,07/01/2020,09:54:02,555.65,551.75,2800,554.5,2800,0,40600
JUSTDIAL-II.NFO,07/01/2020,09:54:06,555.65,551.75,2800,553.65,1400,0,40600
JUSTDIAL-II.NFO,07/01/2020,09:54:11,555.65,551.75,2800,553.55,1400,0,40600
JUSTDIAL-II.NFO,07/01/2020,09:54:15,555.65,551.75,2800,554.55,1400,0,40600
JUSTDIAL-II.NFO,07/01/2020,09:54:20,555.65,551.75,2800,554.05,2800,0,40600
JUSTDIAL-II.NFO,07/01/2020,09:54:33,555.65,551.75,2800,553.65,1400,0,40600
JUSTDIAL-II.NFO,07/01/2020,09:54:47,555.65,551.75,2800,554.4,1400,0,40600
JUSTDIAL-II.NFO,07/01/2020,09:55:01,555.65,551.75,2800,554.15,1400,0,40600
JUSTDIAL-II.NFO,07/01/2020,09:55:06,555.65,551.75,2800,553.75,1400,0,40600
JUSTDIAL-II.NFO,07/01/2020,09:55:11,555.65,551.75,2800,553.95,1400,0,40600
JUSTDIAL-II.NFO,07/01/2020,09:55:16,555.65,551.75,2800,554.55,2800,0,40600
JUSTDIAL-II.NFO,07/01/2020,09:55:21,555.65,551.75,2800,553.9,1400,0,40600
JUSTDIAL-II.NFO,07/01/2020,09:55:26,555.65,551.75,2800,553.95,1400,0,40600
JUSTDIAL-II.NFO,07/01/2020,09:55:31,555.65,551.75,2800,553.75,1400,0,40600
JUSTDIAL-II.NFO,07/01/2020,09:55:35,555.65,551.75,2800,553.7,1400,0,40600
JUSTDIAL-II.NFO,07/01/2020,09:55:40,555.65,551.75,2800,554.25,1400,0,40600
JUSTDIAL-II.NFO,07/01/2020,09:55:45,555.65,551.75,2800,554.1,1400,0,40600
JUSTDIAL-II.NFO,07/01/2020,09:55:50,555.65,551.75,2800,554.05,1400,0,40600
JUSTDIAL-II.NFO,07/01/2020,09:55:54,555.65,551.75,2800,553.95,1400,0,40600
JUSTDIAL-II.NFO,07/01/2020,09:56:09,555.65,551.75,2800,553.9,2800,0,40600
JUSTDIAL-II.NFO,07/01/2020,09:56:14,555.65,551.75,2800,553.9,4200,0,40600
JUSTDIAL-II.NFO,07/01/2020,09:56:36,555.65,551.75,2800,553.85,1400,0,40600
JUSTDIAL-II.NFO,07/01/2020,09:56:41,555.65,551.75,2800,553.4,1400,0,40600
JUSTDIAL-II.NFO,07/01/2020,09:56:45,555.65,552.05,1400,553.75,1400,0,40600
JUSTDIAL-II.NFO,07/01/2020,09:56:49,555.65,552.05,1400,553.45,1400,0,40600
JUSTDIAL-II.NFO,07/01/2020,09:56:53,555.65,552.05,2800,553.8,1400,0,40600
JUSTDIAL-II.NFO,07/01/2020,09:56:58,555.65,552.05,2800,553.7,1400,0,40600
JUSTDIAL-II.NFO,07/01/2020,09:57:07,555.65,552.05,2800,554.4,4200,0,40600
JUSTDIAL-II.NFO,07/01/2020,09:57:12,555.65,552.05,2800,553.95,1400,0,40600
JUSTDIAL-II.NFO,07/01/2020,09:57:15,555.65,552.05,2800,553.85,1400,0,40600
JUSTDIAL-II.NFO,07/01/2020,09:57:19,555.65,552.05,2800,554.85,1400,0,40600
JUSTDIAL-II.NFO,07/01/2020,09:57:24,555.65,552.05,2800,554.65,2800,0,40600
JUSTDIAL-II.NFO,07/01/2020,09:57:29,555.65,552.05,2800,554.5,1400,0,40600
JUSTDIAL-II.NFO,07/01/2020,09:57:32,555.65,552.05,2800,554.15,1400,0,40600
JUSTDIAL-II.NFO,07/01/2020,09:57:48,555.65,552.05,2800,553.85,1400,0,40600
JUSTDIAL-II.NFO,07/01/2020,09:57:58,555.65,552.05,2800,553.95,1400,0,40600
JUSTDIAL-II.NFO,07/01/2020,09:58:03,555.65,552.7,1400,555.15,1400,0,40600
JUSTDIAL-II.NFO,07/01/2020,09:58:07,555.65,553.1,2800,555.6,1400,0,40600
JUSTDIAL-II.NFO,07/01/2020,09:58:12,555.65,553.1,2800,555.2,2800,0,40600
JUSTDIAL-II.NFO,07/01/2020,09:58:16,555.65,553.1,2800,555.25,2800,0,40600
JUSTDIAL-II.NFO,07/01/2020,09:58:20,555.65,553.1,2800,555.15,1400,0,40600
JUSTDIAL-II.NFO,07/01/2020,09:58:25,555.65,553.1,2800,554.85,1400,0,40600
JUSTDIAL-II.NFO,07/01/2020,09:58:42,555.65,553.1,2800,555.7,2800,0,40600
JUSTDIAL-II.NFO,07/01/2020,09:58:48,555.65,553.1,2800,555.55,1400,0,40600
JUSTDIAL-II.NFO,07/01/2020,09:58:54,555.65,553.1,2800,555.7,1400,0,40600
JUSTDIAL-II.NFO,07/01/2020,09:59:00,555.65,553.1,2800,555.3,1400,0,40600
JUSTDIAL-II.NFO,07/01/2020,09:59:05,555.65,554.25,1400,555.9,1400,0,40600
JUSTDIAL-II.NFO,07/01/2020,09:59:11,555.65,555.05,1400,557.25,2800,0,40600
JUSTDIAL-II.NFO,07/01/2020,09:59:12,555.65,555.05,1400,556.65,1400,0,40600
JUSTDIAL-II.NFO,07/01/2020,09:59:13,555.65,555.05,1400,556.55,1400,0,40600
JUSTDIAL-II.NFO,07/01/2020,09:59:14,555.65,553.95,2800,556.45,1400,0,40600
JUSTDIAL-II.NFO,07/01/2020,09:59:15,555.65,553.95,2800,556.75,1400,0,40600
JUSTDIAL-II.NFO,07/01/2020,09:59:16,555.65,553.95,2800,556.45,1400,0,40600
JUSTDIAL-II.NFO,07/01/2020,09:59:17,555.65,553.95,2800,556.2,1400,0,40600
JUSTDIAL-II.NFO,07/01/2020,09:59:18,555.65,553.95,2800,556.25,1400,0,40600
JUSTDIAL-II.NFO,07/01/2020,09:59:19,555.65,553.95,2800,557,1400,0,40600
JUSTDIAL-II.NFO,07/01/2020,09:59:20,555.65,553.95,2800,556.65,1400,0,40600
JUSTDIAL-II.NFO,07/01/2020,09:59:21,555.65,553.95,2800,556.55,2800,0,40600
JUSTDIAL-II.NFO,07/01/2020,09:59:22,555.65,553.95,2800,556.4,1400,0,40600
JUSTDIAL-II.NFO,07/01/2020,09:59:23,555.65,553.95,2800,557.05,1400,0,40600
JUSTDIAL-II.NFO,07/01/2020,09:59:24,555.65,554,1400,555.6,1400,0,40600
JUSTDIAL-II.NFO,07/01/2020,09:59:25,555.65,553.95,1400,555.85,2800,0,40600
JUSTDIAL-II.NFO,07/01/2020,09:59:26,555.65,553.2,1400,555.85,2800,0,40600
JUSTDIAL-II.NFO,07/01/2020,09:59:27,555.65,553.85,1400,555.85,2800,0,40600
JUSTDIAL-II.NFO,07/01/2020,09:59:28,555.65,553.95,1400,555.85,2800,0,40600
JUSTDIAL-II.NFO,07/01/2020,09:59:29,555.65,553.35,1400,555.85,2800,0,40600
JUSTDIAL-II.NFO,07/01/2020,09:59:30,555.65,553.95,1400,555.85,2800,0,40600
JUSTDIAL-II.NFO,07/01/2020,09:59:31,555.65,554.15,1400,555.85,2800,0,40600
JUSTDIAL-II.NFO,07/01/2020,09:59:32,555.65,553.35,1400,555.85,2800,0,40600
JUSTDIAL-II.NFO,07/01/2020,09:59:33,555.65,553.95,1400,555.85,2800,0,40600
JUSTDIAL-II.NFO,07/01/2020,09:59:34,555.65,553.8,1400,555.85,2800,0,40600
JUSTDIAL-II.NFO,07/01/2020,09:59:35,555.65,553.3,1400,555.85,2800,0,40600
JUSTDIAL-II.NFO,07/01/2020,09:59:36,555.65,553.85,1400,555.85,2800,0,40600
JUSTDIAL-II.NFO,07/01/2020,09:59:37,555.65,554.1,1400,555.85,2800,0,40600
JUSTDIAL-II.NFO,07/01/2020,09:59:38,555.65,554.05,1400,555.85,2800,0,40600
JUSTDIAL-II.NFO,07/01/2020,09:59:39,555.65,553.55,1400,555.85,2800,0,40600
JUSTDIAL-II.NFO,07/01/2020,09:59:40,555.65,554.1,1400,555.85,2800,0,40600
JUSTDIAL-II.NFO,07/01/2020,09:59:41,555.65,554.15,1400,555.85,2800,0,40600
JUSTDIAL-II.NFO,07/01/2020,09:59:42,555.65,553.25,1400,555.85,2800,0,40600
JUSTDIAL-II.NFO,07/01/2020,09:59:43,555.65,553.95,1400,555.85,2800,0,40600
JUSTDIAL-II.NFO,07/01/2020,09:59:44,555.65,554.05,1400,555.85,2800,0,40600
JUSTDIAL-II.NFO,07/01/2020,09:59:45,555.65,553.6,1400,555.5,1400,0,40600
JUSTDIAL-II.NFO,07/01/2020,09:59:46,555.65,553.85,1400,555.55,1400,0,40600
JUSTDIAL-II.NFO,07/01/2020,09:59:48,555.65,553.75,1400,555.35,1400,0,40600
JUSTDIAL-II.NFO,07/01/2020,09:59:49,555.65,553.9,1400,556.3,1400,0,40600
JUSTDIAL-II.NFO,07/01/2020,09:59:53,555.65,553.9,1400,555.4,1400,0,40600
JUSTDIAL-II.NFO,07/01/2020,09:59:54,555.65,553.9,1400,556.25,1400,0,40600
JUSTDIAL-II.NFO,07/01/2020,09:59:55,555.65,553.9,1400,556.15,4200,0,40600
JUSTDIAL-II.NFO,07/01/2020,09:59:58,555.65,553.9,1400,556,1400,0,40600
JUSTDIAL-II.NFO,07/01/2020,09:59:59,555.65,553.9,1400,555.7,1400,0,40600
JUSTDIAL-II.NFO,07/01/2020,10:00:01,555.65,553.9,1400,556.2,1400,0,40600
JUSTDIAL-II.NFO,07/01/2020,10:00:03,555.65,553.9,1400,555.65,1400,0,40600
JUSTDIAL-II.NFO,07/01/2020,10:00:05,555.65,553.9,1400,555.55,1400,0,40600
JUSTDIAL-II.NFO,07/01/2020,10:00:09,555.65,553.9,1400,555.45,1400,0,40600
JUSTDIAL-II.NFO,07/01/2020,10:00:10,555.65,553.1,1400,555.5,1400,0,40600
JUSTDIAL-II.NFO,07/01/2020,10:00:12,555.65,552.85,1400,555.35,1400,0,40600
JUSTDIAL-II.NFO,07/01/2020,10:00:13,555.65,552.65,2800,555.55,1400,0,40600
JUSTDIAL-II.NFO,07/01/2020,10:00:14,555.65,552.85,1400,555.55,1400,0,40600
JUSTDIAL-II.NFO,07/01/2020,10:00:17,555.65,553.45,1400,555.5,1400,0,40600
JUSTDIAL-II.NFO,07/01/2020,10:00:18,555.65,553.55,1400,555.5,1400,0,40600
JUSTDIAL-II.NFO,07/01/2020,10:00:19,555.65,552.75,1400,555.2,1400,0,40600
JUSTDIAL-II.NFO,07/01/2020,10:00:20,555.65,553.05,1400,556.15,1400,0,40600
JUSTDIAL-II.NFO,07/01/2020,10:00:22,555.65,552.7,1400,555.45,1400,0,40600
JUSTDIAL-II.NFO,07/01/2020,10:00:23,555.65,553.3,1400,555.4,1400,0,40600
JUSTDIAL-II.NFO,07/01/2020,10:00:24,555.65,552.95,1400,555.05,1400,0,40600
JUSTDIAL-II.NFO,07/01/2020,10:00:25,555.65,553.4,1400,555.8,1400,0,40600
JUSTDIAL-II.NFO,07/01/2020,10:00:41,555.65,552.8,2800,555.3,1400,0,40600
JUSTDIAL-II.NFO,07/01/2020,10:00:43,555.65,552.8,2800,555.5,1400,0,40600
JUSTDIAL-II.NFO,07/01/2020,10:00:44,555.65,552.8,2800,555.1,1400,0,40600
JUSTDIAL-II.NFO,07/01/2020,10:00:50,555.65,552.8,2800,555,1400,0,40600
JUSTDIAL-II.NFO,07/01/2020,10:00:54,555.65,552.8,2800,554.7,1400,0,40600
JUSTDIAL-II.NFO,07/01/2020,10:00:55,555.65,552.8,2800,554.95,1400,0,40600
JUSTDIAL-II.NFO,07/01/2020,10:00:56,555.65,552.8,2800,555.05,1400,0,40600
JUSTDIAL-II.NFO,07/01/2020,10:00:57,555.65,552.8,2800,555.2,2800,0,40600
JUSTDIAL-II.NFO,07/01/2020,10:00:59,555.65,552.8,2800,554.95,1400,0,40600
JUSTDIAL-II.NFO,07/01/2020,10:01:00,555.65,552.8,2800,554.75,1400,0,40600
JUSTDIAL-II.NFO,07/01/2020,10:01:01,555.65,552.8,2800,554.55,1400,0,40600
JUSTDIAL-II.NFO,07/01/2020,10:01:02,555.65,553.3,1400,556.35,1400,0,40600
JUSTDIAL-II.NFO,07/01/2020,10:01:03,555.65,553.15,1400,556.25,2800,0,40600
JUSTDIAL-II.NFO,07/01/2020,10:01:04,555.65,553.75,1400,555.65,1400,0,40600
JUSTDIAL-II.NFO,07/01/2020,10:01:06,555.65,553.85,1400,555.35,1400,0,40600
JUSTDIAL-II.NFO,07/01/2020,10:01:07,555.65,552.95,1400,555.25,1400,0,40600
JUSTDIAL-II.NFO,07/01/2020,10:01:08,555.65,553.55,1400,556.35,2800,0,40600
JUSTDIAL-II.NFO,07/01/2020,10:01:09,555.65,554,1400,555.25,1400,0,40600
JUSTDIAL-II.NFO,07/01/2020,10:01:10,555.65,554,1400,555.9,1400,0,40600
JUSTDIAL-II.NFO,07/01/2020,10:01:11,555.65,554.1,1400,555.8,2800,0,40600
JUSTDIAL-II.NFO,07/01/2020,10:01:16,555.65,553.25,1400,555.6,1400,0,40600
JUSTDIAL-II.NFO,07/01/2020,10:01:23,555.65,554,1400,555.25,1400,0,40600
JUSTDIAL-II.NFO,07/01/2020,10:01:29,555.65,553.1,1400,555.4,1400,0,40600
JUSTDIAL-II.NFO,07/01/2020,10:01:35,555.65,553.2,1400,556.05,1400,0,40600
JUSTDIAL-II.NFO,07/01/2020,10:01:41,555.65,553.6,1400,555.6,1400,0,40600
JUSTDIAL-II.NFO,07/01/2020,10:01:47,555.65,552.8,2800,555.3,1400,0,40600
JUSTDIAL-II.NFO,07/01/2020,10:01:57,555.65,552.8,2800,555.65,2800,0,40600
JUSTDIAL-II.NFO,07/01/2020,10:02:08,555.65,552.8,2800,555.55,2800,0,40600
JUSTDIAL-II.NFO,07/01/2020,10:02:14,555.65,552.8,2800,555.2,1400,0,40600
JUSTDIAL-II.NFO,07/01/2020,10:02:19,555.65,552.8,2800,556.1,1400,0,40600
JUSTDIAL-II.NFO,07/01/2020,10:02:24,555.65,553.15,1400,555.65,2800,0,40600
JUSTDIAL-II.NFO,07/01/2020,10:02:29,555.65,553.35,1400,555.65,2800,0,40600
JUSTDIAL-II.NFO,07/01/2020,10:02:35,555.65,553.75,1400,555.25,1400,0,40600
JUSTDIAL-II.NFO,07/01/2020,10:02:41,555.65,553.8,1400,555.15,1400,0,40600
JUSTDIAL-II.NFO,07/01/2020,10:02:47,555.65,553.8,1400,556.3,4200,0,40600
JUSTDIAL-II.NFO,07/01/2020,10:02:57,555.65,553,1400,555.2,1400,0,40600
JUSTDIAL-II.NFO,07/01/2020,10:03:02,555.65,553.75,1400,555.7,1400,0,40600
JUSTDIAL-II.NFO,07/01/2020,10:03:07,555.65,553.45,1400,555.2,1400,0,40600
JUSTDIAL-II.NFO,07/01/2020,10:03:11,555.65,553.55,1400,555.15,1400,0,40600
JUSTDIAL-II.NFO,07/01/2020,10:03:16,555.65,553.05,2800,555.6,1400,0,40600
JUSTDIAL-II.NFO,07/01/2020,10:03:26,555.65,553.05,2800,555.45,1400,0,40600
JUSTDIAL-II.NFO,07/01/2020,10:03:30,555.65,553.05,2800,556,1400,0,40600
JUSTDIAL-II.NFO,07/01/2020,10:03:35,555.65,553.05,2800,555.9,4200,0,40600
JUSTDIAL-II.NFO,07/01/2020,10:03:39,555.65,553.05,2800,555.8,2800,0,40600
JUSTDIAL-II.NFO,07/01/2020,10:03:52,555.65,553.05,2800,555.05,1400,0,40600
JUSTDIAL-II.NFO,07/01/2020,10:03:57,555.65,553.05,2800,556.15,4200,0,40600
JUSTDIAL-II.NFO,07/01/2020,10:04:03,555.65,553.05,2800,555.85,2800,0,40600
JUSTDIAL-II.NFO,07/01/2020,10:04:07,555.65,553.05,2800,555.55,1400,0,40600
JUSTDIAL-II.NFO,07/01/2020,10:04:12,555.65,553.05,2800,555.75,2800,0,40600
JUSTDIAL-II.NFO,07/01/2020,10:04:16,555.65,553.05,2800,555.55,1400,0,40600
JUSTDIAL-II.NFO,07/01/2020,10:04:25,555.65,553.05,2800,555.3,2800,0,40600
JUSTDIAL-II.NFO,07/01/2020,10:04:38,555.65,553.2,1400,555.2,2800,0,40600
JUSTDIAL-II.NFO,07/01/2020,10:04:43,555.65,553.85,1400,555.2,2800,0,40600
JUSTDIAL-II.NFO,07/01/2020,10:04:48,555.65,553.5,1400,556.15,2800,0,40600
JUSTDIAL-II.NFO,07/01/2020,10:04:52,555.65,553.35,1400,556.45,2800,0,40600
JUSTDIAL-II.NFO,07/01/2020,10:04:57,555.65,553.45,1400,555.5,1400,0,40600
JUSTDIAL-II.NFO,07/01/2020,10:05:01,555.65,553.25,1400,556.2,2800,0,40600
JUSTDIAL-II.NFO,07/01/2020,10:05:06,555.65,553.7,1400,555.7,2800,0,40600
JUSTDIAL-II.NFO,07/01/2020,10:05:14,555.65,553,1400,555.65,2800,0,40600
JUSTDIAL-II.NFO,07/01/2020,10:05:19,555.65,553.75,1400,555.45,2800,0,40600
JUSTDIAL-II.NFO,07/01/2020,10:05:23,555.65,553.6,1400,555.2,1400,0,40600
JUSTDIAL-II.NFO,07/01/2020,10:05:27,555.65,553.3,1400,555.3,1400,0,40600
JUSTDIAL-II.NFO,07/01/2020,10:05:33,555.65,553,1400,555,1400,0,40600
JUSTDIAL-II.NFO,07/01/2020,10:05:39,555.65,553.6,1400,555.05,1400,0,40600
JUSTDIAL-II.NFO,07/01/2020,10:05:45,555.65,553.85,1400,555.1,1400,0,40600
JUSTDIAL-II.NFO,07/01/2020,10:05:51,555.65,553.35,1400,555.75,2800,0,40600
JUSTDIAL-II.NFO,07/01/2020,10:05:56,555.65,553.45,1400,555.6,1400,0,40600
JUSTDIAL-II.NFO,07/01/2020,10:06:12,555.65,553.8,1400,556,1400,0,40600
JUSTDIAL-II.NFO,07/01/2020,10:06:18,555.65,553,1400,556,1400,0,40600
JUSTDIAL-II.NFO,07/01/2020,10:06:23,555.65,553.8,1400,555.95,1400,0,40600
JUSTDIAL-II.NFO,07/01/2020,10:06:29,555.65,553.3,1400,555.35,1400,0,40600
JUSTDIAL-II.NFO,07/01/2020,10:06:35,555.65,552.8,2800,555.2,2800,0,40600
JUSTDIAL-II.NFO,07/01/2020,10:06:40,555.65,553.3,1400,555.65,2800,0,40600
JUSTDIAL-II.NFO,07/01/2020,10:06:45,555.65,553.45,1400,555.65,4200,0,40600
JUSTDIAL-II.NFO,07/01/2020,10:06:52,555.65,553.35,1400,555.65,4200,0,40600
JUSTDIAL-II.NFO,07/01/2020,10:06:57,555.65,554.05,1400,555.65,4200,0,40600
JUSTDIAL-II.NFO,07/01/2020,10:07:02,555.65,553.5,1400,556.35,1400,0,40600
JUSTDIAL-II.NFO,07/01/2020,10:07:08,555.65,553.9,1400,555.4,1400,0,40600
JUSTDIAL-II.NFO,07/01/2020,10:07:14,555.65,553.65,1400,555.2,1400,0,40600
JUSTDIAL-II.NFO,07/01/2020,10:07:19,555.65,553.6,1400,555.4,1400,0,40600
JUSTDIAL-II.NFO,07/01/2020,10:07:25,555.65,553.85,1400,555.05,1400,0,40600
JUSTDIAL-II.NFO,07/01/2020,10:07:31,555.65,553.4,1400,555.8,2800,0,40600
JUSTDIAL-II.NFO,07/01/2020,10:07:36,555.65,553.9,1400,555.7,1400,0,40600
JUSTDIAL-II.NFO,07/01/2020,10:07:41,555.65,553.95,1400,555.5,1400,0,40600
JUSTDIAL-II.NFO,07/01/2020,10:07:45,555.65,553.65,1400,555.35,1400,0,40600
JUSTDIAL-II.NFO,07/01/2020,10:07:51,555.65,553.1,2800,555.65,1400,0,40600
JUSTDIAL-II.NFO,07/01/2020,10:07:56,555.65,553.5,1400,555.75,1400,0,40600
JUSTDIAL-II.NFO,07/01/2020,10:08:05,555.65,553.85,1400,555.65,1400,0,40600
JUSTDIAL-II.NFO,07/01/2020,10:08:10,555.65,553.9,1400,556,1400,0,40600
JUSTDIAL-II.NFO,07/01/2020,10:08:13,555.65,553.4,1400,555.7,1400,0,40600
JUSTDIAL-II.NFO,07/01/2020,10:08:14,555.65,553.15,1400,556.2,1400,0,40600
JUSTDIAL-II.NFO,07/01/2020,10:08:17,555.65,553.65,1400,555.6,1400,0,40600
JUSTDIAL-II.NFO,07/01/2020,10:08:22,555.65,554.15,1400,556.35,1400,0,40600
JUSTDIAL-II.NFO,07/01/2020,10:08:23,555.65,553.7,1400,555.6,1400,0,40600
JUSTDIAL-II.NFO,07/01/2020,10:08:25,555.65,554,1400,556.15,1400,0,40600
JUSTDIAL-II.NFO,07/01/2020,10:08:26,555.65,553.75,1400,555.9,1400,0,40600
JUSTDIAL-II.NFO,07/01/2020,10:08:27,555.65,554,1400,556.75,1400,0,40600
JUSTDIAL-II.NFO,07/01/2020,10:08:28,555.65,553.75,1400,555.7,1400,0,40600
JUSTDIAL-II.NFO,07/01/2020,10:08:29,555.65,554.4,1400,556.15,2800,0,40600
JUSTDIAL-II.NFO,07/01/2020,10:08:32,555.65,554.5,1400,556.15,1400,0,40600
JUSTDIAL-II.NFO,07/01/2020,10:08:33,555.65,554.5,1400,556.05,1400,0,40600
JUSTDIAL-II.NFO,07/01/2020,10:08:39,555.65,554.5,1400,555.95,1400,0,40600
JUSTDIAL-II.NFO,07/01/2020,10:08:40,555.65,553.6,2800,555.85,1400,0,40600
JUSTDIAL-II.NFO,07/01/2020,10:08:43,555.65,553.7,1400,555.75,1400,0,40600
JUSTDIAL-II.NFO,07/01/2020,10:08:44,555.65,553.8,1400,555.7,1400,0,40600
JUSTDIAL-II.NFO,07/01/2020,10:08:45,555.65,554.25,1400,556.65,2800,0,40600
JUSTDIAL-II.NFO,07/01/2020,10:08:47,555.65,554.45,1400,556.4,1400,0,40600
JUSTDIAL-II.NFO,07/01/2020,10:08:48,555.65,554.45,1400,556.2,1400,0,40600
JUSTDIAL-II.NFO,07/01/2020,10:08:50,555.65,554.45,1400,556.15,2800,0,40600
JUSTDIAL-II.NFO,07/01/2020,10:08:54,555.65,553.85,1400,555.9,1400,0,40600
JUSTDIAL-II.NFO,07/01/2020,10:09:31,555.65,554.25,1400,555.55,1400,0,40600
JUSTDIAL-II.NFO,07/01/2020,10:09:35,555.65,553.75,1400,556.65,2800,0,40600
JUSTDIAL-II.NFO,07/01/2020,10:09:39,555.65,553.6,1400,555.65,1400,0,40600
JUSTDIAL-II.NFO,07/01/2020,10:09:47,555.65,553.9,1400,555.4,1400,0,40600
JUSTDIAL-II.NFO,07/01/2020,10:09:52,555.65,554.15,1400,555.4,1400,0,40600
JUSTDIAL-II.NFO,07/01/2020,10:09:57,555.65,554.25,1400,556.35,1400,0,40600
JUSTDIAL-II.NFO,07/01/2020,10:10:02,555.65,554.65,1400,558.05,1400,0,40600
JUSTDIAL-II.NFO,07/01/2020,10:10:07,555.65,556,1400,557.25,1400,0,40600
JUSTDIAL-II.NFO,07/01/2020,10:10:12,555.65,554.85,2800,556.8,1400,0,40600
JUSTDIAL-II.NFO,07/01/2020,10:10:14,555.65,554.85,2800,557.4,2800,0,40600
JUSTDIAL-II.NFO,07/01/2020,10:10:17,555.65,554.85,2800,556.85,1400,0,40600
JUSTDIAL-II.NFO,07/01/2020,10:10:18,555.65,554.85,2800,557.55,1400,0,40600
JUSTDIAL-II.NFO,07/01/2020,10:10:19,555.65,554.85,2800,557.35,2800,0,40600
JUSTDIAL-II.NFO,07/01/2020,10:10:20,555.65,554.85,2800,557.25,2800,0,40600
JUSTDIAL-II.NFO,07/01/2020,10:10:21,555.65,554.85,2800,557.1,1400,0,40600
JUSTDIAL-II.NFO,07/01/2020,10:10:22,555.65,554.85,2800,556.7,1400,0,40600
JUSTDIAL-II.NFO,07/01/2020,10:10:23,555.65,554.85,2800,557.55,1400,0,40600
JUSTDIAL-II.NFO,07/01/2020,10:10:24,555.65,554.85,2800,557.35,4200,0,40600
JUSTDIAL-II.NFO,07/01/2020,10:10:25,555.65,554.85,2800,557.25,2800,0,40600
JUSTDIAL-II.NFO,07/01/2020,10:10:26,555.65,554.85,2800,557.15,2800,0,40600
JUSTDIAL-II.NFO,07/01/2020,10:10:27,555.65,554.85,2800,557.8,5600,0,40600
JUSTDIAL-II.NFO,07/01/2020,10:10:28,555.65,554.85,2800,557.7,4200,0,40600
JUSTDIAL-II.NFO,07/01/2020,10:10:29,555.65,554.85,2800,557.5,1400,0,40600
JUSTDIAL-II.NFO,07/01/2020,10:10:30,555.65,554.85,2800,557.4,4200,0,40600
JUSTDIAL-II.NFO,07/01/2020,10:10:31,555.65,554.85,2800,556.85,2800,0,40600
JUSTDIAL-II.NFO,07/01/2020,10:10:52,555.65,554.85,2800,556.7,2800,0,40600
JUSTDIAL-II.NFO,07/01/2020,10:10:54,555.65,554.85,2800,556.2,1400,0,40600
JUSTDIAL-II.NFO,07/01/2020,10:10:55,555.65,554.85,2800,557.1,2800,0,40600
JUSTDIAL-II.NFO,07/01/2020,10:10:56,555.65,554.85,2800,556.8,1400,0,40600
JUSTDIAL-II.NFO,07/01/2020,10:10:59,555.65,554.85,2800,556.65,1400,0,40600
JUSTDIAL-II.NFO,07/01/2020,10:11:01,555.65,554.85,2800,556.55,1400,0,40600
JUSTDIAL-II.NFO,07/01/2020,10:11:02,555.65,554.85,2800,556.45,1400,0,40600
JUSTDIAL-II.NFO,07/01/2020,10:11:03,555.65,554.85,2800,557.35,4200,0,40600
JUSTDIAL-II.NFO,07/01/2020,10:11:09,555.65,554.85,2800,557.15,1400,0,40600
JUSTDIAL-II.NFO,07/01/2020,10:11:11,555.65,554.85,2800,557.85,2800,0,40600
JUSTDIAL-II.NFO,07/01/2020,10:11:11,555.65,554.85,2800,557.65,4200,0,40600
JUSTDIAL-II.NFO,07/01/2020,10:11:18,555.65,554.6,1400,557.65,4200,0,40600
JUSTDIAL-II.NFO,07/01/2020,10:11:23,555.65,555.5,1400,556.75,1400,0,40600
JUSTDIAL-II.NFO,07/01/2020,10:11:29,555.65,554.65,1400,556.7,1400,0,40600
JUSTDIAL-II.NFO,07/01/2020,10:11:34,555.65,555.2,1400,556.95,1400,0,40600
JUSTDIAL-II.NFO,07/01/2020,10:11:39,555.65,554.85,1400,557.65,1400,0,40600
JUSTDIAL-II.NFO,07/01/2020,10:11:44,555.65,555,1400,557.8,2800,0,40600
JUSTDIAL-II.NFO,07/01/2020,10:11:49,555.65,555.75,1400,557.2,2800,0,40600
JUSTDIAL-II.NFO,07/01/2020,10:11:54,555.65,554.8,1400,557.2,4200,0,40600
JUSTDIAL-II.NFO,07/01/2020,10:12:00,555.65,555.35,1400,557.2,4200,0,40600
JUSTDIAL-II.NFO,07/01/2020,10:12:05,555.65,555.15,1400,557.2,4200,0,40600
JUSTDIAL-II.NFO,07/01/2020,10:12:11,555.65,554.65,1400,557.2,4200,0,40600
JUSTDIAL-II.NFO,07/01/2020,10:12:22,555.65,554.8,1400,557.2,4200,0,40600
JUSTDIAL-II.NFO,07/01/2020,10:12:26,555.65,554.7,1400,557.2,4200,0,40600
JUSTDIAL-II.NFO,07/01/2020,10:12:36,555.65,554.9,1400,557,1400,0,40600
JUSTDIAL-II.NFO,07/01/2020,10:12:45,555.65,554.45,1400,556.45,1400,0,40600
JUSTDIAL-II.NFO,07/01/2020,10:12:50,555.65,554.3,1400,557.2,1400,0,40600
JUSTDIAL-II.NFO,07/01/2020,10:12:55,555.65,554.75,1400,556.45,1400,0,40600
JUSTDIAL-II.NFO,07/01/2020,10:13:01,555.65,555.15,1400,557.4,1400,0,40600
JUSTDIAL-II.NFO,07/01/2020,10:13:06,555.65,555.2,1400,557.15,1400,0,40600
JUSTDIAL-II.NFO,07/01/2020,10:13:11,555.65,554.6,1400,557.1,2800,0,40600
JUSTDIAL-II.NFO,07/01/2020,10:13:21,555.65,555,1400,556.7,1400,0,40600
JUSTDIAL-II.NFO,07/01/2020,10:13:35,555.65,554.7,1400,557.4,2800,0,40600
JUSTDIAL-II.NFO,07/01/2020,10:13:44,555.65,555.6,1400,557.95,1400,0,40600
JUSTDIAL-II.NFO,07/01/2020,10:13:50,555.65,555.85,1400,557.5,2800,0,40600
JUSTDIAL-II.NFO,07/01/2020,10:13:56,555.65,555,2800,557.5,2800,0,40600
JUSTDIAL-II.NFO,07/01/2020,10:14:05,555.65,555.75,1400,557.5,2800,0,40600
JUSTDIAL-II.NFO,07/01/2020,10:14:10,555.65,555.8,1400,557.5,2800,0,40600
JUSTDIAL-II.NFO,07/01/2020,10:14:14,555.65,555.5,1400,557.5,2800,0,40600
JUSTDIAL-II.NFO,07/01/2020,10:14:20,555.65,555.35,1400,557.5,2800,0,40600
JUSTDIAL-II.NFO,07/01/2020,10:14:26,555.65,555.9,1400,557.5,2800,0,40600
JUSTDIAL-II.NFO,07/01/2020,10:14:31,555.65,555.85,1400,558.35,2800,0,40600
JUSTDIAL-II.NFO,07/01/2020,10:14:36,555.65,556.1,1400,558.2,2800,0,40600
JUSTDIAL-II.NFO,07/01/2020,10:14:41,555.65,556.55,1400,557.8,1400,0,40600
JUSTDIAL-II.NFO,07/01/2020,10:14:46,555.65,556,1400,558.75,2800,0,40600
JUSTDIAL-II.NFO,07/01/2020,10:14:50,555.65,555.9,1400,557.65,1400,0,40600
JUSTDIAL-II.NFO,07/01/2020,10:14:55,555.65,556.05,1400,557.35,1400,0,40600
JUSTDIAL-II.NFO,07/01/2020,10:15:01,555.65,555.95,1400,557.75,1400,0,40600
JUSTDIAL-II.NFO,07/01/2020,10:15:06,555.65,556.25,1400,557.5,1400,0,40600
JUSTDIAL-II.NFO,07/01/2020,10:15:11,555.65,556.4,1400,557.95,2800,0,40600
JUSTDIAL-II.NFO,07/01/2020,10:15:16,555.65,556,1400,557.95,2800,0,40600
JUSTDIAL-II.NFO,07/01/2020,10:15:22,555.65,556.55,1400,557.95,2800,0,40600
JUSTDIAL-II.NFO,07/01/2020,10:15:31,555.65,556.2,1400,557.45,1400,0,40600
JUSTDIAL-II.NFO,07/01/2020,10:15:36,555.65,555.9,1400,557.35,1400,0,40600
JUSTDIAL-II.NFO,07/01/2020,10:15:40,555.65,556.15,1400,558.05,1400,0,40600
JUSTDIAL-II.NFO,07/01/2020,10:15:46,555.65,555.45,1400,557.7,1400,0,40600
JUSTDIAL-II.NFO,07/01/2020,10:15:52,555.65,554.85,2800,557.15,1400,0,40600
JUSTDIAL-II.NFO,07/01/2020,10:15:57,555.65,555.8,1400,557.45,1400,0,40600
JUSTDIAL-II.NFO,07/01/2020,10:16:02,555.65,556.3,1400,557.65,1400,0,40600
JUSTDIAL-II.NFO,07/01/2020,10:16:07,555.65,555.75,2800,557.75,1400,0,40600
JUSTDIAL-II.NFO,07/01/2020,10:16:11,555.65,555.75,2800,558,4200,0,40600
JUSTDIAL-II.NFO,07/01/2020,10:16:54,555.65,555.75,2800,558,2800,0,40600
JUSTDIAL-II.NFO,07/01/2020,10:16:58,555.65,555.75,2800,558,4200,0,40600
JUSTDIAL-II.NFO,07/01/2020,10:17:02,555.65,555.75,2800,558,2800,0,40600
JUSTDIAL-II.NFO,07/01/2020,10:17:06,555.65,556.55,1400,558.95,1400,0,40600
JUSTDIAL-II.NFO,07/01/2020,10:17:11,555.65,557.05,1400,559,2800,0,40600
JUSTDIAL-II.NFO,07/01/2020,10:17:16,555.65,557.2,1400,559,2800,0,40600
JUSTDIAL-II.NFO,07/01/2020,10:17:19,555.65,556.9,1400,558.75,2800,0,40600
JUSTDIAL-II.NFO,07/01/2020,10:17:23,555.65,556.4,1400,558.75,2800,0,40600
JUSTDIAL-II.NFO,07/01/2020,10:17:27,555.65,556.8,1400,558.75,2800,0,40600
JUSTDIAL-II.NFO,07/01/2020,10:17:32,555.65,556.5,2800,558.75,2800,0,40600
JUSTDIAL-II.NFO,07/01/2020,10:17:47,555.65,556.5,2800,558.5,2800,0,40600
JUSTDIAL-II.NFO,07/01/2020,10:17:52,555.65,556.65,2800,558.2,1400,0,40600
JUSTDIAL-II.NFO,07/01/2020,10:17:57,555.65,556.65,2800,558.45,2800,0,40600
JUSTDIAL-II.NFO,07/01/2020,10:18:01,555.65,556.65,2800,559.05,4200,0,40600
JUSTDIAL-II.NFO,07/01/2020,10:18:06,555.65,556.65,2800,558.7,1400,0,40600
JUSTDIAL-II.NFO,07/01/2020,10:18:10,555.65,556.65,2800,558.45,2800,0,40600
JUSTDIAL-II.NFO,07/01/2020,10:18:40,555.65,556.35,1400,558.45,4200,0,40600
JUSTDIAL-II.NFO,07/01/2020,10:18:46,555.65,556.45,1400,558.45,2800,0,40600
JUSTDIAL-II.NFO,07/01/2020,10:18:51,555.65,556.2,1400,558.35,4200,0,40600
JUSTDIAL-II.NFO,07/01/2020,10:18:56,555.65,556.35,1400,558.35,4200,0,40600
JUSTDIAL-II.NFO,07/01/2020,10:19:00,555.65,555.75,2800,558.35,4200,0,40600
JUSTDIAL-II.NFO,07/01/2020,10:19:45,555.65,555.75,4200,558.35,4200,0,40600
JUSTDIAL-II.NFO,07/01/2020,10:19:54,555.65,555.85,2800,558.35,4200,0,40600
JUSTDIAL-II.NFO,07/01/2020,10:20:02,555.65,556.65,1400,558.35,2800,0,40600
JUSTDIAL-II.NFO,07/01/2020,10:20:06,555.65,556.85,1400,558.35,2800,0,40600
JUSTDIAL-II.NFO,07/01/2020,10:20:09,555.65,556.5,2800,558.6,1400,0,40600
JUSTDIAL-II.NFO,07/01/2020,10:20:14,555.65,556.5,2800,558.55,1400,0,40600
JUSTDIAL-II.NFO,07/01/2020,10:20:19,555.65,556.5,2800,558.6,2800,0,40600
JUSTDIAL-II.NFO,07/01/2020,10:20:40,555.65,556.3,1400,558.6,2800,0,40600
JUSTDIAL-II.NFO,07/01/2020,10:20:45,555.65,556.65,1400,558.6,2800,0,40600
JUSTDIAL-II.NFO,07/01/2020,10:20:49,555.65,556.75,1400,558.6,4200,0,40600
JUSTDIAL-II.NFO,07/01/2020,10:20:53,555.65,556.65,1400,558.6,4200,0,40600
JUSTDIAL-II.NFO,07/01/2020,10:20:56,555.65,556.9,1400,558.6,4200,0,40600
JUSTDIAL-II.NFO,07/01/2020,10:21:00,555.65,556.45,1400,558.6,4200,0,40600
JUSTDIAL-II.NFO,07/01/2020,10:21:04,555.65,556.75,1400,558.6,4200,0,40600
JUSTDIAL-II.NFO,07/01/2020,10:21:08,555.65,556.9,1400,558.6,4200,0,40600
JUSTDIAL-II.NFO,07/01/2020,10:21:12,555.65,556.85,1400,558.6,4200,0,40600
JUSTDIAL-II.NFO,07/01/2020,10:21:16,555.65,556.3,1400,557.95,2800,0,40600
JUSTDIAL-II.NFO,07/01/2020,10:21:20,555.65,556,1400,558.05,1400,0,40600
JUSTDIAL-II.NFO,07/01/2020,10:21:24,555.65,556.5,1400,558.2,2800,0,40600
JUSTDIAL-II.NFO,07/01/2020,10:21:28,555.65,556.5,1400,557.75,1400,0,40600
JUSTDIAL-II.NFO,07/01/2020,10:21:37,555.65,555.85,1400,558.25,2800,0,40600
JUSTDIAL-II.NFO,07/01/2020,10:21:40,555.65,556,1400,558.1,1400,0,40600
JUSTDIAL-II.NFO,07/01/2020,10:21:43,555.65,556.4,1400,557.85,1400,0,40600
JUSTDIAL-II.NFO,07/01/2020,10:21:45,555.65,556.3,1400,558.25,2800,0,40600
JUSTDIAL-II.NFO,07/01/2020,10:21:48,555.65,556.05,1400,557.8,1400,0,40600
JUSTDIAL-II.NFO,07/01/2020,10:21:51,555.65,555.9,1400,558.65,1400,0,40600
JUSTDIAL-II.NFO,07/01/2020,10:21:55,555.65,556.1,1400,558.45,2800,0,40600
JUSTDIAL-II.NFO,07/01/2020,10:21:58,555.65,556.5,1400,558,1400,0,40600
JUSTDIAL-II.NFO,07/01/2020,10:22:01,555.65,556.2,1400,558.75,1400,0,40600
JUSTDIAL-II.NFO,07/01/2020,10:22:04,555.65,555.95,1400,558.05,1400,0,40600
JUSTDIAL-II.NFO,07/01/2020,10:22:08,555.65,556.45,1400,558.75,1400,0,40600
JUSTDIAL-II.NFO,07/01/2020,10:22:13,555.65,555.85,1400,557.7,1400,0,40600
JUSTDIAL-II.NFO,07/01/2020,10:22:16,555.65,556.35,1400,558.45,1400,0,40600
JUSTDIAL-II.NFO,07/01/2020,10:22:19,555.65,555.75,1400,558,1400,0,40600
JUSTDIAL-II.NFO,07/01/2020,10:22:22,555.65,555.65,2800,557.85,1400,0,40600
JUSTDIAL-II.NFO,07/01/2020,10:22:24,555.65,556.45,1400,558.2,1400,0,40600
JUSTDIAL-II.NFO,07/01/2020,10:22:29,555.65,556,1400,558.75,1400,0,40600
JUSTDIAL-II.NFO,07/01/2020,10:22:32,555.65,556.1,1400,558.6,1400,0,40600
JUSTDIAL-II.NFO,07/01/2020,10:22:36,555.65,556.4,1400,558.3,2800,0,40600
JUSTDIAL-II.NFO,07/01/2020,10:22:39,555.65,556.55,1400,557.85,1400,0,40600
JUSTDIAL-II.NFO,07/01/2020,10:22:45,555.65,556.2,1400,558.55,2800,0,40600
JUSTDIAL-II.NFO,07/01/2020,10:22:51,555.65,555.65,1400,558.2,1400,0,40600
JUSTDIAL-II.NFO,07/01/2020,10:22:55,555.65,556.4,1400,557.65,1400,0,40600
JUSTDIAL-II.NFO,07/01/2020,10:23:10,555.65,555.35,1400,557.35,1400,0,40600
JUSTDIAL-II.NFO,07/01/2020,10:23:14,555.65,555.6,1400,557.6,1400,0,40600
JUSTDIAL-II.NFO,07/01/2020,10:23:19,555.65,556.05,1400,557.35,1400,0,40600
JUSTDIAL-II.NFO,07/01/2020,10:23:22,555.65,556.05,1400,557.3,1400,0,40600
JUSTDIAL-II.NFO,07/01/2020,10:23:26,555.65,555.1,2800,557.65,2800,0,40600
JUSTDIAL-II.NFO,07/01/2020,10:23:38,555.65,555.1,2800,557.65,4200,0,40600
JUSTDIAL-II.NFO,07/01/2020,10:23:46,555.65,555.65,1400,557.65,2800,0,40600
JUSTDIAL-II.NFO,07/01/2020,10:23:50,555.65,555.75,1400,557.65,2800,0,40600
JUSTDIAL-II.NFO,07/01/2020,10:23:57,555.65,555.85,1400,557.65,2800,0,40600
JUSTDIAL-II.NFO,07/01/2020,10:24:01,555.65,555.65,1400,557.65,2800,0,40600
JUSTDIAL-II.NFO,07/01/2020,10:24:05,555.65,555.75,1400,557.65,2800,0,40600
JUSTDIAL-II.NFO,07/01/2020,10:24:09,555.65,556.1,1400,557.35,1400,0,40600
JUSTDIAL-II.NFO,07/01/2020,10:24:17,555.65,555.45,1400,557.7,2800,0,40600
JUSTDIAL-II.NFO,07/01/2020,10:24:20,555.65,555.8,1400,557.7,2800,0,40600
JUSTDIAL-II.NFO,07/01/2020,10:24:23,555.65,556.15,1400,557.7,2800,0,40600
JUSTDIAL-II.NFO,07/01/2020,10:24:40,555.65,555.7,1400,557.55,1400,0,40600
JUSTDIAL-II.NFO,07/01/2020,10:24:44,555.65,555.8,1400,557.55,1400,0,40600
JUSTDIAL-II.NFO,07/01/2020,10:24:47,555.65,555.4,1400,558.15,2800,0,40600
JUSTDIAL-II.NFO,07/01/2020,10:24:59,555.65,556.15,1400,557.7,1400,0,40600
JUSTDIAL-II.NFO,07/01/2020,10:25:06,555.65,555.35,1400,557.5,1400,0,40600
JUSTDIAL-II.NFO,07/01/2020,10:25:09,555.65,555.3,1400,557.35,1400,0,40600
JUSTDIAL-II.NFO,07/01/2020,10:25:12,555.65,555.8,1400,557.7,1400,0,40600
JUSTDIAL-II.NFO,07/01/2020,10:25:19,555.65,555.6,1400,557.65,1400,0,40600
JUSTDIAL-II.NFO,07/01/2020,10:25:23,555.65,555.25,1400,557.2,1400,0,40600
JUSTDIAL-II.NFO,07/01/2020,10:25:27,555.65,555.65,1400,558.3,4200,0,40600
JUSTDIAL-II.NFO,07/01/2020,10:25:31,555.65,555.85,1400,558.1,2800,0,40600
JUSTDIAL-II.NFO,07/01/2020,10:25:36,555.65,555.9,1400,557.95,1400,0,40600
JUSTDIAL-II.NFO,07/01/2020,10:25:41,555.65,555.5,1400,557.45,1400,0,40600
JUSTDIAL-II.NFO,07/01/2020,10:25:46,555.65,556.05,1400,557.7,1400,0,40600
JUSTDIAL-II.NFO,07/01/2020,10:25:52,555.65,556,1400,558.25,2800,0,40600
JUSTDIAL-II.NFO,07/01/2020,10:25:56,555.65,556.5,1400,558.25,2800,0,40600
JUSTDIAL-II.NFO,07/01/2020,10:26:01,555.65,556.6,1400,558.25,2800,0,40600
JUSTDIAL-II.NFO,07/01/2020,10:26:04,555.65,556.45,1400,558.25,4200,0,40600
JUSTDIAL-II.NFO,07/01/2020,10:26:08,555.65,556.05,1400,558.25,2800,0,40600
JUSTDIAL-II.NFO,07/01/2020,10:26:14,555.65,556.05,2800,558.25,2800,0,40600
JUSTDIAL-II.NFO,07/01/2020,10:26:38,555.65,556.05,2800,558.25,4200,0,40600
JUSTDIAL-II.NFO,07/01/2020,10:26:41,555.65,556.05,2800,558.25,5600,0,40600
JUSTDIAL-II.NFO,07/01/2020,10:26:48,555.65,556.05,2800,557.45,1400,0,40600
JUSTDIAL-II.NFO,07/01/2020,10:26:56,555.65,556.05,2800,557.5,1400,0,40600
JUSTDIAL-II.NFO,07/01/2020,10:27:00,555.65,556.05,2800,558.15,2800,0,40600
JUSTDIAL-II.NFO,07/01/2020,10:27:03,555.65,556.05,2800,557.6,1400,0,40600
JUSTDIAL-II.NFO,07/01/2020,10:27:10,555.65,556.05,2800,558.55,2800,0,40600
JUSTDIAL-II.NFO,07/01/2020,10:27:13,555.65,556.05,2800,557.9,1400,0,40600
JUSTDIAL-II.NFO,07/01/2020,10:27:17,555.65,556.05,2800,557.8,1400,0,40600
JUSTDIAL-II.NFO,07/01/2020,10:27:20,555.65,556.05,2800,558.4,1400,0,40600
JUSTDIAL-II.NFO,07/01/2020,10:27:23,555.65,556.05,2800,558.2,2800,0,40600
JUSTDIAL-II.NFO,07/01/2020,10:27:27,555.65,556.05,2800,557.7,1400,0,40600
JUSTDIAL-II.NFO,07/01/2020,10:27:31,555.65,556.05,2800,558,1400,0,40600
JUSTDIAL-II.NFO,07/01/2020,10:27:34,555.65,556.05,2800,557.75,1400,0,40600
JUSTDIAL-II.NFO,07/01/2020,10:27:41,555.65,556.05,2800,557.55,1400,0,40600
JUSTDIAL-II.NFO,07/01/2020,10:27:49,555.65,556.05,2800,557.8,1400,0,40600
JUSTDIAL-II.NFO,07/01/2020,10:27:52,555.65,556.05,2800,557.5,1400,0,40600
JUSTDIAL-II.NFO,07/01/2020,10:28:07,555.65,556.05,2800,558.55,4200,0,40600
JUSTDIAL-II.NFO,07/01/2020,10:28:20,555.65,556.05,2800,558.35,2800,0,40600
JUSTDIAL-II.NFO,07/01/2020,10:28:23,555.65,556.05,2800,558.25,2800,0,40600
JUSTDIAL-II.NFO,07/01/2020,10:28:27,555.65,556.25,1400,558.3,1400,0,40600
JUSTDIAL-II.NFO,07/01/2020,10:28:31,555.65,556.65,1400,557.95,1400,0,40600
JUSTDIAL-II.NFO,07/01/2020,10:28:34,555.65,556.35,1400,557.95,1400,0,40600
JUSTDIAL-II.NFO,07/01/2020,10:28:38,555.65,556.45,1400,557.95,1400,0,40600
JUSTDIAL-II.NFO,07/01/2020,10:28:45,555.65,556.25,2800,557.95,1400,0,40600
JUSTDIAL-II.NFO,07/01/2020,10:28:48,555.65,556.25,2800,559.55,1400,0,40600
JUSTDIAL-II.NFO,07/01/2020,10:28:51,555.65,556.25,2800,559.2,2800,0,40600
JUSTDIAL-II.NFO,07/01/2020,10:28:57,555.65,556.85,1400,558.75,1400,0,40600
JUSTDIAL-II.NFO,07/01/2020,10:29:00,555.65,556.95,1400,558.5,1400,0,40600
JUSTDIAL-II.NFO,07/01/2020,10:29:03,555.65,557.05,1400,558.55,2800,0,40600
JUSTDIAL-II.NFO,07/01/2020,10:29:06,555.65,557.15,1400,558.55,2800,0,40600
JUSTDIAL-II.NFO,07/01/2020,10:29:22,555.65,556.85,1400,558.55,2800,0,40600
JUSTDIAL-II.NFO,07/01/2020,10:29:29,555.65,556.8,1400,558.55,2800,0,40600
JUSTDIAL-II.NFO,07/01/2020,10:29:32,555.65,557,1400,558.55,2800,0,40600
JUSTDIAL-II.NFO,07/01/2020,10:29:35,555.65,556.8,1400,558.55,2800,0,40600
JUSTDIAL-II.NFO,07/01/2020,10:29:38,555.65,556.7,1400,558.3,1400,0,40600
JUSTDIAL-II.NFO,07/01/2020,10:29:42,555.65,556.9,1400,559.5,4200,0,40600
JUSTDIAL-II.NFO,07/01/2020,10:29:45,555.65,556.9,1400,558.55,1400,0,40600
JUSTDIAL-II.NFO,07/01/2020,10:29:52,555.65,556.6,1400,558.45,1400,0,40600
JUSTDIAL-II.NFO,07/01/2020,10:29:57,555.65,556.9,1400,558.3,1400,0,40600
JUSTDIAL-II.NFO,07/01/2020,10:30:00,555.65,557,1400,558.3,1400,0,40600
JUSTDIAL-II.NFO,07/01/2020,10:30:06,555.65,557,1400,559.15,2800,0,40600
JUSTDIAL-II.NFO,07/01/2020,10:30:11,555.65,556.7,1400,559.05,2800,0,40600
JUSTDIAL-II.NFO,07/01/2020,10:30:14,555.65,556.9,1400,558.5,1400,0,40600
JUSTDIAL-II.NFO,07/01/2020,10:30:25,555.65,556.7,1400,558.3,1400,0,40600
JUSTDIAL-II.NFO,07/01/2020,10:30:33,555.65,556.95,1400,559.25,2800,0,40600
JUSTDIAL-II.NFO,07/01/2020,10:30:36,555.65,556.9,1400,559.15,2800,0,40600
JUSTDIAL-II.NFO,07/01/2020,10:30:44,555.65,556.55,1400,558.2,1400,0,40600
JUSTDIAL-II.NFO,07/01/2020,10:30:48,555.65,556.65,1400,558.9,2800,0,40600
JUSTDIAL-II.NFO,07/01/2020,10:30:55,555.65,556.45,1400,558.4,1400,0,40600
JUSTDIAL-II.NFO,07/01/2020,10:30:58,555.65,556.7,1400,557.95,1400,0,40600
JUSTDIAL-II.NFO,07/01/2020,10:31:01,555.65,556.7,1400,558.1,1400,0,40600
JUSTDIAL-II.NFO,07/01/2020,10:31:06,555.65,556.4,1400,558.85,2800,0,40600
JUSTDIAL-II.NFO,07/01/2020,10:31:09,555.65,556.6,1400,558.4,1400,0,40600
JUSTDIAL-II.NFO,07/01/2020,10:31:11,555.65,556.7,1400,558.6,1400,0,40600
JUSTDIAL-II.NFO,07/01/2020,10:31:14,555.65,556.7,1400,558.45,1400,0,40600
JUSTDIAL-II.NFO,07/01/2020,10:31:17,555.65,556.9,1400,559,2800,0,40600
JUSTDIAL-II.NFO,07/01/2020,10:31:20,555.65,556.55,1400,558.8,2800,0,40600
JUSTDIAL-II.NFO,07/01/2020,10:31:23,555.65,556.85,1400,558.5,1400,0,40600
JUSTDIAL-II.NFO,07/01/2020,10:31:29,555.65,557.05,1400,558.35,1400,0,40600
JUSTDIAL-II.NFO,07/01/2020,10:31:39,555.65,556.85,1400,558.35,1400,0,40600
JUSTDIAL-II.NFO,07/01/2020,10:32:04,555.65,557,1400,558.25,1400,0,40600
JUSTDIAL-II.NFO,07/01/2020,10:32:12,555.65,557.05,1400,559.2,1400,0,40600
JUSTDIAL-II.NFO,07/01/2020,10:32:16,555.65,556.65,1400,559.1,2800,0,40600
JUSTDIAL-II.NFO,07/01/2020,10:32:27,555.65,557.1,1400,558.55,1400,0,40600
JUSTDIAL-II.NFO,07/01/2020,10:32:31,555.65,556.75,1400,559.2,1400,0,40600
JUSTDIAL-II.NFO,07/01/2020,10:32:34,555.65,556.85,1400,559.1,4200,0,40600
JUSTDIAL-II.NFO,07/01/2020,10:32:43,555.65,556.95,1400,558.95,1400,0,40600
JUSTDIAL-II.NFO,07/01/2020,10:32:47,555.65,557,1400,558.4,1400,0,40600
JUSTDIAL-II.NFO,07/01/2020,10:32:51,555.65,557,1400,558.2,1400,0,40600
JUSTDIAL-II.NFO,07/01/2020,10:32:55,555.65,557,1400,559.25,2800,0,40600
JUSTDIAL-II.NFO,07/01/2020,10:32:58,555.65,557,1400,558.65,1400,0,40600
JUSTDIAL-II.NFO,07/01/2020,10:33:04,555.65,557.1,1400,559.25,2800,0,40600
JUSTDIAL-II.NFO,07/01/2020,10:33:06,555.65,557.1,1400,558.75,1400,0,40600
JUSTDIAL-II.NFO,07/01/2020,10:33:08,555.65,556.85,1400,558.5,1400,0,40600
JUSTDIAL-II.NFO,07/01/2020,10:33:10,555.65,557.15,1400,558.5,1400,0,40600
JUSTDIAL-II.NFO,07/01/2020,10:33:12,555.65,557.05,1400,558.5,1400,0,40600
JUSTDIAL-II.NFO,07/01/2020,10:33:18,555.65,557.1,1400,558.9,2800,0,40600
JUSTDIAL-II.NFO,07/01/2020,10:33:22,555.65,556.9,1400,558.8,2800,0,40600
JUSTDIAL-II.NFO,07/01/2020,10:33:25,555.65,557,1400,558.7,1400,0,40600
JUSTDIAL-II.NFO,07/01/2020,10:33:31,555.65,557.5,1400,559.05,1400,0,40600
JUSTDIAL-II.NFO,07/01/2020,10:33:34,555.65,557.45,1400,559.45,1400,0,40600
JUSTDIAL-II.NFO,07/01/2020,10:33:38,555.65,557.1,1400,559.35,2800,0,40600
JUSTDIAL-II.NFO,07/01/2020,10:33:42,555.65,557.3,1400,559,1400,0,40600
JUSTDIAL-II.NFO,07/01/2020,10:33:45,555.65,557.15,1400,559.25,2800,0,40600
JUSTDIAL-II.NFO,07/01/2020,10:33:47,555.65,557.45,1400,558.95,1400,0,40600
JUSTDIAL-II.NFO,07/01/2020,10:33:52,555.65,557.6,1400,558.85,1400,0,40600
JUSTDIAL-II.NFO,07/01/2020,10:33:54,555.65,557.2,1400,558.85,1400,0,40600
JUSTDIAL-II.NFO,07/01/2020,10:33:56,555.65,557.5,1400,558.95,1400,0,40600
JUSTDIAL-II.NFO,07/01/2020,10:33:58,555.65,558,1400,559.2,1400,0,40600
JUSTDIAL-II.NFO,07/01/2020,10:34:00,555.65,558.2,1400,559.25,1400,0,40600
JUSTDIAL-II.NFO,07/01/2020,10:34:08,555.65,557.65,1400,559.25,1400,0,40600
JUSTDIAL-II.NFO,07/01/2020,10:34:12,555.65,557.7,1400,559.25,1400,0,40600
JUSTDIAL-II.NFO,07/01/2020,10:34:12,555.65,557.55,1400,559.25,1400,0,40600
JUSTDIAL-II.NFO,07/01/2020,10:34:13,555.65,557.75,1400,559.25,1400,0,40600
JUSTDIAL-II.NFO,07/01/2020,10:34:14,555.65,557.5,1400,559.25,1400,0,40600
JUSTDIAL-II.NFO,07/01/2020,10:34:15,555.65,557.55,1400,559.25,1400,0,40600
JUSTDIAL-II.NFO,07/01/2020,10:34:16,555.65,557.75,1400,559.25,1400,0,40600
JUSTDIAL-II.NFO,07/01/2020,10:34:18,555.65,557.7,1400,559.25,1400,0,40600
JUSTDIAL-II.NFO,07/01/2020,10:34:18,555.65,557.55,1400,559.15,1400,0,40600
JUSTDIAL-II.NFO,07/01/2020,10:34:22,555.65,557.8,1400,559.15,1400,0,40600
JUSTDIAL-II.NFO,07/01/2020,10:34:23,555.65,557.5,1400,559.1,1400,0,40600
JUSTDIAL-II.NFO,07/01/2020,10:34:27,555.65,557.3,4200,559.1,2800,0,40600
JUSTDIAL-II.NFO,07/01/2020,10:34:40,555.65,557.4,2800,559.1,2800,0,40600
JUSTDIAL-II.NFO,07/01/2020,10:35:07,555.65,557.6,1400,559.1,2800,0,40600
JUSTDIAL-II.NFO,07/01/2020,10:35:11,555.65,557.75,1400,559.1,2800,0,40600
JUSTDIAL-II.NFO,07/01/2020,10:35:12,555.65,557.45,1400,559.1,2800,0,40600
JUSTDIAL-II.NFO,07/01/2020,10:35:14,555.65,557.65,1400,559.1,2800,0,40600
JUSTDIAL-II.NFO,07/01/2020,10:35:18,555.65,557.45,1400,559.1,2800,0,40600
JUSTDIAL-II.NFO,07/01/2020,10:35:21,555.65,557.55,1400,559.1,2800,0,40600
JUSTDIAL-II.NFO,07/01/2020,10:35:24,555.65,557.65,1400,559.1,2800,0,40600
JUSTDIAL-II.NFO,07/01/2020,10:35:28,555.65,557.35,1400,559.1,4200,0,40600
JUSTDIAL-II.NFO,07/01/2020,10:35:32,555.65,557.55,1400,559.1,2800,0,40600
JUSTDIAL-II.NFO,07/01/2020,10:35:46,555.65,557.35,1400,559.1,4200,0,40600
JUSTDIAL-II.NFO,07/01/2020,10:35:49,555.65,557.45,1400,559.1,4200,0,40600
JUSTDIAL-II.NFO,07/01/2020,10:35:52,555.65,557.15,1400,559.1,2800,0,40600
JUSTDIAL-II.NFO,07/01/2020,10:35:55,555.65,557.35,1400,559.1,2800,0,40600
JUSTDIAL-II.NFO,07/01/2020,10:35:59,555.65,557.55,1400,559.1,2800,0,40600
JUSTDIAL-II.NFO,07/01/2020,10:36:02,555.65,557.2,1400,559.1,2800,0,40600
JUSTDIAL-II.NFO,07/01/2020,10:36:06,555.65,557.5,1400,559.1,2800,0,40600
JUSTDIAL-II.NFO,07/01/2020,10:36:14,555.65,557.3,1400,559.1,2800,0,40600
JUSTDIAL-II.NFO,07/01/2020,10:36:18,555.65,557.5,1400,559.1,2800,0,40600
JUSTDIAL-II.NFO,07/01/2020,10:36:22,555.65,557.55,1400,559.1,2800,0,40600
JUSTDIAL-II.NFO,07/01/2020,10:36:30,555.65,557.5,2800,559.1,2800,0,40600
JUSTDIAL-II.NFO,07/01/2020,10:36:34,555.65,557.3,1400,559.1,4200,0,40600
JUSTDIAL-II.NFO,07/01/2020,10:36:35,555.65,557.1,1400,559.1,4200,0,40600
JUSTDIAL-II.NFO,07/01/2020,10:36:38,555.65,557.2,1400,559.1,4200,0,40600
JUSTDIAL-II.NFO,07/01/2020,10:36:40,555.65,557.5,1400,559.1,4200,0,40600
JUSTDIAL-II.NFO,07/01/2020,10:36:43,555.65,557.3,1400,559.1,4200,0,40600
JUSTDIAL-II.NFO,07/01/2020,10:36:47,555.65,557.5,1400,559.1,4200,0,40600
JUSTDIAL-II.NFO,07/01/2020,10:36:50,555.65,557.2,1400,559.1,4200,0,40600
JUSTDIAL-II.NFO,07/01/2020,10:36:55,555.65,557.3,1400,559.1,4200,0,40600
JUSTDIAL-II.NFO,07/01/2020,10:36:58,555.65,557.4,1400,559.1,4200,0,40600
JUSTDIAL-II.NFO,07/01/2020,10:37:01,555.65,557.5,1400,559.1,4200,0,40600
JUSTDIAL-II.NFO,07/01/2020,10:37:08,555.65,557.15,1400,559.1,4200,0,40600
JUSTDIAL-II.NFO,07/01/2020,10:37:12,555.65,557.45,1400,559.1,4200,0,40600
JUSTDIAL-II.NFO,07/01/2020,10:37:16,555.65,557.25,1400,559.1,4200,0,40600
JUSTDIAL-II.NFO,07/01/2020,10:37:20,555.65,557.35,1400,559.1,4200,0,40600
JUSTDIAL-II.NFO,07/01/2020,10:37:24,555.65,557.45,1400,559.1,4200,0,40600
JUSTDIAL-II.NFO,07/01/2020,10:37:28,555.65,557.25,1400,559.1,4200,0,40600
JUSTDIAL-II.NFO,07/01/2020,10:37:31,555.65,557.35,1400,559.1,4200,0,40600
JUSTDIAL-II.NFO,07/01/2020,10:37:35,555.65,557.45,1400,559.1,4200,0,40600
JUSTDIAL-II.NFO,07/01/2020,10:38:06,555.65,557.4,1400,559.1,4200,0,40600
JUSTDIAL-II.NFO,07/01/2020,10:38:09,555.65,557.55,1400,559.1,2800,0,40600
JUSTDIAL-II.NFO,07/01/2020,10:38:11,555.65,557.7,1400,559,1400,0,40600
JUSTDIAL-II.NFO,07/01/2020,10:38:14,555.65,557.8,1400,559,1400,0,40600
JUSTDIAL-II.NFO,07/01/2020,10:38:22,555.65,557.95,1400,559,1400,0,40600
JUSTDIAL-II.NFO,07/01/2020,10:38:53,555.65,557.55,1400,558.95,1400,0,40600
JUSTDIAL-II.NFO,07/01/2020,10:38:55,555.65,557.75,1400,558.95,1400,0,40600
JUSTDIAL-II.NFO,07/01/2020,10:38:58,555.65,557.2,1400,558.9,2800,0,40600
JUSTDIAL-II.NFO,07/01/2020,10:39:03,555.65,557.6,1400,558.85,1400,0,40600
JUSTDIAL-II.NFO,07/01/2020,10:39:08,555.65,557.5,1400,558.85,1400,0,40600
JUSTDIAL-II.NFO,07/01/2020,10:39:20,555.65,557.3,1400,558.85,1400,0,40600
JUSTDIAL-II.NFO,07/01/2020,10:39:23,555.65,557.4,1400,558.85,1400,0,40600
JUSTDIAL-II.NFO,07/01/2020,10:39:32,555.65,557.55,1400,558.95,2800,0,40600
JUSTDIAL-II.NFO,07/01/2020,10:39:41,555.65,557.25,1400,558.95,2800,0,40600
JUSTDIAL-II.NFO,07/01/2020,10:39:43,555.65,557.35,1400,558.95,2800,0,40600
JUSTDIAL-II.NFO,07/01/2020,10:39:49,555.65,557.55,1400,558.95,2800,0,40600
JUSTDIAL-II.NFO,07/01/2020,10:39:52,555.65,557.6,1400,558.95,2800,0,40600
JUSTDIAL-II.NFO,07/01/2020,10:39:54,555.65,557.7,1400,558.95,2800,0,40600
JUSTDIAL-II.NFO,07/01/2020,10:40:11,555.65,557.5,2800,559,1400,0,40600
JUSTDIAL-II.NFO,07/01/2020,10:40:18,555.65,557.65,2800,559,1400,0,40600
JUSTDIAL-II.NFO,07/01/2020,10:40:21,555.65,558.15,1400,559.4,1400,0,40600
JUSTDIAL-II.NFO,07/01/2020,10:40:23,555.65,558.45,1400,559.65,1400,0,40600
JUSTDIAL-II.NFO,07/01/2020,10:40:25,555.65,558.5,1400,559.65,1400,0,40600
JUSTDIAL-II.NFO,07/01/2020,10:40:31,555.65,558.15,1400,559.55,1400,0,40600
JUSTDIAL-II.NFO,07/01/2020,10:40:34,555.65,558.3,1400,559.55,1400,0,40600
JUSTDIAL-II.NFO,07/01/2020,10:40:37,555.65,558.4,1400,559.65,1400,0,40600
JUSTDIAL-II.NFO,07/01/2020,10:40:40,555.65,558.6,1400,560.2,1400,0,40600
JUSTDIAL-II.NFO,07/01/2020,10:40:43,555.65,558.25,2800,560.45,1400,0,40600
JUSTDIAL-II.NFO,07/01/2020,10:40:46,555.65,558.25,2800,560.3,1400,0,40600
JUSTDIAL-II.NFO,07/01/2020,10:40:49,555.65,558.65,1400,560.85,1400,0,40600
JUSTDIAL-II.NFO,07/01/2020,10:40:51,555.65,558.35,1400,560.55,1400,0,40600
JUSTDIAL-II.NFO,07/01/2020,10:40:53,555.65,558.45,1400,560.35,1400,0,40600
JUSTDIAL-II.NFO,07/01/2020,10:40:56,555.65,558.65,1400,560.95,1400,0,40600
JUSTDIAL-II.NFO,07/01/2020,10:40:59,555.65,558.55,1400,560.6,2800,0,40600
JUSTDIAL-II.NFO,07/01/2020,10:41:02,555.65,558.45,1400,560.6,2800,0,40600
JUSTDIAL-II.NFO,07/01/2020,10:41:05,555.65,558.4,1400,560.6,2800,0,40600
JUSTDIAL-II.NFO,07/01/2020,10:41:07,555.65,558.7,1400,560.4,2800,0,40600
JUSTDIAL-II.NFO,07/01/2020,10:41:12,555.65,558.5,1400,560.4,2800,0,40600
JUSTDIAL-II.NFO,07/01/2020,10:41:17,555.65,558.25,4200,560.4,2800,0,40600
JUSTDIAL-II.NFO,07/01/2020,10:41:36,555.65,558.75,1400,560.15,1400,0,40600
JUSTDIAL-II.NFO,07/01/2020,10:41:40,555.65,558.55,1400,560.15,1400,0,40600
JUSTDIAL-II.NFO,07/01/2020,10:41:43,555.65,558.8,1400,560.15,1400,0,40600
JUSTDIAL-II.NFO,07/01/2020,10:41:52,555.65,559,1400,560.25,1400,0,40600
JUSTDIAL-II.NFO,07/01/2020,10:41:55,555.65,558.8,1400,560.25,1400,0,40600
JUSTDIAL-II.NFO,07/01/2020,10:41:57,555.65,558.85,1400,560.25,1400,0,40600
JUSTDIAL-II.NFO,07/01/2020,10:42:03,555.65,558.8,1400,560.25,1400,0,40600
JUSTDIAL-II.NFO,07/01/2020,10:42:06,555.65,558.85,1400,560.25,1400,0,40600
JUSTDIAL-II.NFO,07/01/2020,10:42:13,555.65,558.55,1400,560.15,1400,0,40600
JUSTDIAL-II.NFO,07/01/2020,10:42:16,555.65,558.8,1400,560.15,1400,0,40600
JUSTDIAL-II.NFO,07/01/2020,10:42:19,555.65,558.8,1400,560.55,1400,0,40600
JUSTDIAL-II.NFO,07/01/2020,10:42:21,555.65,558.65,1400,560.55,1400,0,40600
JUSTDIAL-II.NFO,07/01/2020,10:42:26,555.65,558.85,1400,560.55,1400,0,40600
JUSTDIAL-II.NFO,07/01/2020,10:42:32,555.65,558.9,1400,560.55,1400,0,40600
JUSTDIAL-II.NFO,07/01/2020,10:42:36,555.65,559,1400,560.55,1400,0,40600
JUSTDIAL-II.NFO,07/01/2020,10:42:44,555.65,558.8,1400,560.8,1400,0,40600
JUSTDIAL-II.NFO,07/01/2020,10:42:49,555.65,559,1400,560.55,1400,0,40600
JUSTDIAL-II.NFO,07/01/2020,10:42:52,555.65,558.95,1400,560.55,1400,0,40600
JUSTDIAL-II.NFO,07/01/2020,10:42:54,555.65,558.8,1400,560.55,1400,0,40600
JUSTDIAL-II.NFO,07/01/2020,10:43:00,555.65,558.9,1400,560.55,1400,0,40600
JUSTDIAL-II.NFO,07/01/2020,10:43:02,555.65,559,1400,561.25,1400,0,40600
JUSTDIAL-II.NFO,07/01/2020,10:43:08,555.65,559.2,1400,561.1,1400,0,40600
JUSTDIAL-II.NFO,07/01/2020,10:43:10,555.65,559.5,1400,561.2,1400,0,40600
JUSTDIAL-II.NFO,07/01/2020,10:43:15,555.65,559.1,2800,561.2,1400,0,40600
JUSTDIAL-II.NFO,07/01/2020,10:43:17,555.65,559.3,1400,561.2,1400,0,40600
JUSTDIAL-II.NFO,07/01/2020,10:43:19,555.65,559.25,1400,561.1,1400,0,40600
JUSTDIAL-II.NFO,07/01/2020,10:43:20,555.65,559.05,1400,561,1400,0,40600
JUSTDIAL-II.NFO,07/01/2020,10:43:22,555.65,559.45,1400,561,1400,0,40600
JUSTDIAL-II.NFO,07/01/2020,10:43:26,555.65,559.15,1400,561,1400,0,40600
JUSTDIAL-II.NFO,07/01/2020,10:43:30,555.65,558.9,1400,560.9,1400,0,40600
JUSTDIAL-II.NFO,07/01/2020,10:43:33,555.65,559.15,1400,560.8,1400,0,40600
JUSTDIAL-II.NFO,07/01/2020,10:43:36,555.65,559.1,1400,560.8,1400,0,40600
JUSTDIAL-II.NFO,07/01/2020,10:43:40,555.65,559.35,1400,560.7,1400,0,40600
JUSTDIAL-II.NFO,07/01/2020,10:43:45,555.65,559.2,1400,560.7,1400,0,40600
JUSTDIAL-II.NFO,07/01/2020,10:43:49,555.65,559.1,1400,560.7,1400,0,40600
JUSTDIAL-II.NFO,07/01/2020,10:43:53,555.65,559.3,1400,560.7,1400,0,40600
JUSTDIAL-II.NFO,07/01/2020,10:43:56,555.65,559.2,1400,560.7,1400,0,40600
JUSTDIAL-II.NFO,07/01/2020,10:43:59,555.65,559.3,1400,560.7,1400,0,40600
JUSTDIAL-II.NFO,07/01/2020,10:44:03,555.65,559,1400,560.7,1400,0,40600
JUSTDIAL-II.NFO,07/01/2020,10:44:06,555.65,559.2,1400,560.7,1400,0,40600
JUSTDIAL-II.NFO,07/01/2020,10:44:10,555.65,559.2,1400,560.6,1400,0,40600
JUSTDIAL-II.NFO,07/01/2020,10:44:13,555.65,559.2,1400,560.7,1400,0,40600
JUSTDIAL-II.NFO,07/01/2020,10:44:18,555.65,558.7,1400,560.5,1400,0,40600
JUSTDIAL-II.NFO,07/01/2020,10:44:21,555.65,558.95,1400,560.5,1400,0,40600
JUSTDIAL-II.NFO,07/01/2020,10:44:24,555.65,558.9,1400,560.7,1400,0,40600
JUSTDIAL-II.NFO,07/01/2020,10:44:27,555.65,559,1400,560.7,1400,0,40600
JUSTDIAL-II.NFO,07/01/2020,10:44:33,555.65,559.1,1400,560.7,1400,0,40600
JUSTDIAL-II.NFO,07/01/2020,10:44:36,555.65,559.3,1400,560.7,1400,0,40600
JUSTDIAL-II.NFO,07/01/2020,10:44:38,555.65,558.9,1400,560.7,1400,0,40600
JUSTDIAL-II.NFO,07/01/2020,10:44:40,555.65,559,1400,560.7,1400,0,40600
JUSTDIAL-II.NFO,07/01/2020,10:44:43,555.65,558.65,1400,560.6,1400,0,40600
JUSTDIAL-II.NFO,07/01/2020,10:44:45,555.65,559.05,1400,560.7,1400,0,40600
JUSTDIAL-II.NFO,07/01/2020,10:44:47,555.65,558.75,1400,560.6,1400,0,40600
JUSTDIAL-II.NFO,07/01/2020,10:44:49,555.65,559.05,1400,560.65,1400,0,40600
JUSTDIAL-II.NFO,07/01/2020,10:44:52,555.65,559.15,1400,560.65,1400,0,40600
JUSTDIAL-II.NFO,07/01/2020,10:44:56,555.65,559.2,1400,560.65,1400,0,40600
JUSTDIAL-II.NFO,07/01/2020,10:45:00,555.65,558.8,2800,560.75,1400,0,40600
JUSTDIAL-II.NFO,07/01/2020,10:45:05,555.65,558.9,1400,560.65,1400,0,40600
JUSTDIAL-II.NFO,07/01/2020,10:45:09,555.65,559.2,1400,560.65,1400,0,40600
JUSTDIAL-II.NFO,07/01/2020,10:45:13,555.65,558.85,1400,560.65,1400,0,40600
JUSTDIAL-II.NFO,07/01/2020,10:45:23,555.65,558.95,1400,560.65,1400,0,40600
JUSTDIAL-II.NFO,07/01/2020,10:45:26,555.65,558.85,2800,560.65,1400,0,40600
JUSTDIAL-II.NFO,07/01/2020,10:45:42,555.65,558.85,2800,560.75,1400,0,40600
JUSTDIAL-II.NFO,07/01/2020,10:45:48,555.65,558.85,2800,560.65,2800,0,40600
JUSTDIAL-II.NFO,07/01/2020,10:46:30,555.65,559.4,1400,561.05,1400,0,40600
JUSTDIAL-II.NFO,07/01/2020,10:46:32,555.65,559.1,4200,561.35,1400,0,40600
JUSTDIAL-II.NFO,07/01/2020,10:46:43,555.65,559.1,2800,561.25,2800,0,40600
JUSTDIAL-II.NFO,07/01/2020,10:46:47,555.65,559.1,4200,561.25,2800,0,40600
JUSTDIAL-II.NFO,07/01/2020,10:47:13,555.65,559.1,4200,561.6,4200,0,40600
JUSTDIAL-II.NFO,07/01/2020,10:47:27,555.65,559.1,4200,561.75,2800,0,40600
JUSTDIAL-II.NFO,07/01/2020,10:47:30,555.65,559.1,4200,561.7,1400,0,40600
JUSTDIAL-II.NFO,07/01/2020,10:47:47,555.65,559.1,4200,561.8,1400,0,40600
JUSTDIAL-II.NFO,07/01/2020,10:47:51,555.65,559.8,1400,561.85,1400,0,40600
JUSTDIAL-II.NFO,07/01/2020,10:47:54,555.65,559.8,1400,561.7,1400,0,40600
JUSTDIAL-II.NFO,07/01/2020,10:47:58,555.65,559.8,1400,561.7,4200,0,40600
JUSTDIAL-II.NFO,07/01/2020,10:48:01,555.65,559.8,1400,561.7,1400,0,40600
JUSTDIAL-II.NFO,07/01/2020,10:48:05,555.65,559.8,1400,561.9,1400,0,40600
JUSTDIAL-II.NFO,07/01/2020,10:48:09,555.65,559.8,1400,561.55,1400,0,40600
JUSTDIAL-II.NFO,07/01/2020,10:48:13,555.65,559.8,1400,561.6,1400,0,40600
JUSTDIAL-II.NFO,07/01/2020,10:48:17,555.65,559.8,1400,561.5,1400,0,40600
JUSTDIAL-II.NFO,07/01/2020,10:48:25,555.65,559.8,1400,561.75,2800,0,40600
JUSTDIAL-II.NFO,07/01/2020,10:48:28,555.65,559.8,1400,561.6,1400,0,40600
JUSTDIAL-II.NFO,07/01/2020,10:48:33,555.65,559.8,1400,561.9,1400,0,40600
JUSTDIAL-II.NFO,07/01/2020,10:48:39,555.65,559.8,1400,561.7,2800,0,40600
JUSTDIAL-II.NFO,07/01/2020,10:48:43,555.65,559.8,1400,562,1400,0,40600
JUSTDIAL-II.NFO,07/01/2020,10:48:50,555.65,559.8,1400,561.6,1400,0,40600
JUSTDIAL-II.NFO,07/01/2020,10:49:01,555.65,559.8,1400,561.6,2800,0,40600
JUSTDIAL-II.NFO,07/01/2020,10:49:05,555.65,559.8,1400,561.6,1400,0,40600
JUSTDIAL-II.NFO,07/01/2020,10:49:17,555.65,559.8,1400,561.8,1400,0,40600
JUSTDIAL-II.NFO,07/01/2020,10:49:20,555.65,559.8,1400,561.7,2800,0,40600
JUSTDIAL-II.NFO,07/01/2020,10:49:26,555.65,559.65,1400,561.35,2800,0,40600
JUSTDIAL-II.NFO,07/01/2020,10:49:29,555.65,559.6,1400,560.95,1400,0,40600
JUSTDIAL-II.NFO,07/01/2020,10:49:32,555.65,559.35,1400,560.9,1400,0,40600
JUSTDIAL-II.NFO,07/01/2020,10:49:36,555.65,559.55,1400,561.1,2800,0,40600
JUSTDIAL-II.NFO,07/01/2020,10:49:39,555.65,559.6,1400,561.6,1400,0,40600
JUSTDIAL-II.NFO,07/01/2020,10:49:49,555.65,559.6,1400,561.5,2800,0,40600
JUSTDIAL-II.NFO,07/01/2020,10:50:03,555.65,559.45,1400,561.05,1400,0,40600
JUSTDIAL-II.NFO,07/01/2020,10:50:09,555.65,559.05,1400,560.8,1400,0,40600
JUSTDIAL-II.NFO,07/01/2020,10:50:13,555.65,558.95,1400,560.75,1400,0,40600
JUSTDIAL-II.NFO,07/01/2020,10:50:19,555.65,559.15,1400,560.75,1400,0,40600
JUSTDIAL-II.NFO,07/01/2020,10:50:24,555.65,559.2,1400,561.1,1400,0,40600
JUSTDIAL-II.NFO,07/01/2020,10:50:27,555.65,559.55,1400,561.2,1400,0,40600
JUSTDIAL-II.NFO,07/01/2020,10:50:32,555.65,559.7,1400,561.1,2800,0,40600
JUSTDIAL-II.NFO,07/01/2020,10:50:36,555.65,559.75,1400,561.1,2800,0,40600
JUSTDIAL-II.NFO,07/01/2020,10:50:40,555.65,559.6,1400,561,2800,0,40600
JUSTDIAL-II.NFO,07/01/2020,10:50:44,555.65,559.65,1400,561,2800,0,40600
JUSTDIAL-II.NFO,07/01/2020,10:50:53,555.65,559.4,1400,561.65,1400,0,40600
JUSTDIAL-II.NFO,07/01/2020,10:50:57,555.65,559.1,1400,561,2800,0,40600
JUSTDIAL-II.NFO,07/01/2020,10:51:00,555.65,559.35,1400,561,2800,0,40600
JUSTDIAL-II.NFO,07/01/2020,10:51:03,555.65,559.35,1400,561,4200,0,40600
JUSTDIAL-II.NFO,07/01/2020,10:51:06,555.65,559.55,1400,561,4200,0,40600
JUSTDIAL-II.NFO,07/01/2020,10:51:10,555.65,559.45,1400,560.9,2800,0,40600
JUSTDIAL-II.NFO,07/01/2020,10:51:13,555.65,559.5,1400,560.9,2800,0,40600
JUSTDIAL-II.NFO,07/01/2020,10:51:20,555.65,559.15,1400,560.9,4200,0,40600
JUSTDIAL-II.NFO,07/01/2020,10:51:22,555.65,559.35,1400,560.9,4200,0,40600
JUSTDIAL-II.NFO,07/01/2020,10:51:25,555.65,559.6,1400,560.95,1400,0,40600
JUSTDIAL-II.NFO,07/01/2020,10:51:28,555.65,559.6,1400,561.3,2800,0,40600
JUSTDIAL-II.NFO,07/01/2020,10:51:30,555.65,559.15,2800,561,1400,0,40600
JUSTDIAL-II.NFO,07/01/2020,10:51:42,555.65,559.3,1400,561.15,1400,0,40600
JUSTDIAL-II.NFO,07/01/2020,10:51:46,555.65,559.75,1400,561.15,1400,0,40600
JUSTDIAL-II.NFO,07/01/2020,10:51:49,555.65,559.4,1400,561.15,1400,0,40600
JUSTDIAL-II.NFO,07/01/2020,10:51:52,555.65,559.75,1400,561.05,1400,0,40600
JUSTDIAL-II.NFO,07/01/2020,10:51:55,555.65,558.95,2800,560.7,1400,0,40600
JUSTDIAL-II.NFO,07/01/2020,10:52:03,555.65,558.95,2800,560.7,2800,0,40600
JUSTDIAL-II.NFO,07/01/2020,10:52:07,555.65,558.95,2800,561,1400,0,40600
JUSTDIAL-II.NFO,07/01/2020,10:52:19,555.65,558.95,2800,560.7,1400,0,40600
JUSTDIAL-II.NFO,07/01/2020,10:52:27,555.65,558.95,2800,561.25,1400,0,40600
JUSTDIAL-II.NFO,07/01/2020,10:52:31,555.65,558.95,2800,560.95,1400,0,40600
JUSTDIAL-II.NFO,07/01/2020,10:52:39,555.65,558.95,2800,560.85,2800,0,40600
JUSTDIAL-II.NFO,07/01/2020,10:52:55,555.65,558.95,2800,560.85,1400,0,40600
JUSTDIAL-II.NFO,07/01/2020,10:53:00,555.65,558.95,2800,560.7,1400,0,40600
JUSTDIAL-II.NFO,07/01/2020,10:53:06,555.65,558.7,1400,560.7,1400,0,40600
JUSTDIAL-II.NFO,07/01/2020,10:53:11,555.65,558.8,1400,560.55,2800,0,40600
JUSTDIAL-II.NFO,07/01/2020,10:53:18,555.65,558.45,1400,560.35,2800,0,40600
JUSTDIAL-II.NFO,07/01/2020,10:53:28,555.65,558.9,1400,560.2,1400,0,40600
JUSTDIAL-II.NFO,07/01/2020,10:53:33,555.65,558.9,1400,560.25,1400,0,40600
JUSTDIAL-II.NFO,07/01/2020,10:53:38,555.65,558.65,1400,560.2,1400,0,40600
JUSTDIAL-II.NFO,07/01/2020,10:53:43,555.65,558.15,2800,560.05,1400,0,40600
JUSTDIAL-II.NFO,07/01/2020,10:53:49,555.65,558.15,2800,559.95,1400,0,40600
JUSTDIAL-II.NFO,07/01/2020,10:53:55,555.65,558.15,2800,559.65,1400,0,40600
JUSTDIAL-II.NFO,07/01/2020,10:54:05,555.65,558.15,2800,559.3,1400,0,40600
JUSTDIAL-II.NFO,07/01/2020,10:54:09,555.65,558.15,2800,559.6,1400,0,40600
JUSTDIAL-II.NFO,07/01/2020,10:54:14,555.65,558.15,2800,560.2,2800,0,40600
JUSTDIAL-II.NFO,07/01/2020,10:54:19,555.65,558.65,1400,560.3,1400,0,40600
JUSTDIAL-II.NFO,07/01/2020,10:54:24,555.65,558.55,1400,560.3,1400,0,40600
JUSTDIAL-II.NFO,07/01/2020,10:54:36,555.65,558.95,1400,560.5,2800,0,40600
JUSTDIAL-II.NFO,07/01/2020,10:54:39,555.65,558.75,1400,560.5,2800,0,40600
JUSTDIAL-II.NFO,07/01/2020,10:54:43,555.65,558.5,1400,560.75,1400,0,40600
JUSTDIAL-II.NFO,07/01/2020,10:54:47,555.65,558.45,1400,560.25,1400,0,40600
JUSTDIAL-II.NFO,07/01/2020,10:54:51,555.65,558.3,1400,560.5,1400,0,40600
JUSTDIAL-II.NFO,07/01/2020,10:55:01,555.65,558.45,1400,560.15,1400,0,40600
JUSTDIAL-II.NFO,07/01/2020,10:55:07,555.65,558.45,1400,560.8,1400,0,40600
JUSTDIAL-II.NFO,07/01/2020,10:55:11,555.65,558.25,1400,559.9,1400,0,40600
JUSTDIAL-II.NFO,07/01/2020,10:55:16,555.65,558.35,1400,559.85,1400,0,40600
JUSTDIAL-II.NFO,07/01/2020,10:55:21,555.65,558,1400,559.9,1400,0,40600
JUSTDIAL-II.NFO,07/01/2020,10:55:27,555.65,558.35,1400,559.9,2800,0,40600
JUSTDIAL-II.NFO,07/01/2020,10:55:33,555.65,558.4,1400,559.55,1400,0,40600
JUSTDIAL-II.NFO,07/01/2020,10:55:39,555.65,558.2,1400,559.45,1400,0,40600
JUSTDIAL-II.NFO,07/01/2020,10:55:44,555.65,558,2800,559.4,1400,0,40600
JUSTDIAL-II.NFO,07/01/2020,10:55:58,555.65,558,2800,559.35,1400,0,40600
JUSTDIAL-II.NFO,07/01/2020,10:56:20,555.65,558,2800,559.2,1400,0,40600
JUSTDIAL-II.NFO,07/01/2020,10:56:28,555.65,558,2800,559.35,1400,0,40600
JUSTDIAL-II.NFO,07/01/2020,10:56:39,555.65,558,2800,559.3,1400,0,40600
JUSTDIAL-II.NFO,07/01/2020,10:56:43,555.65,558,2800,559.35,1400,0,40600
JUSTDIAL-II.NFO,07/01/2020,10:56:47,555.65,558,2800,559.3,1400,0,40600
JUSTDIAL-II.NFO,07/01/2020,10:56:52,555.65,557.65,1400,559.15,2800,0,40600
JUSTDIAL-II.NFO,07/01/2020,10:56:58,555.65,557.6,1400,559.2,1400,0,40600
JUSTDIAL-II.NFO,07/01/2020,10:57:03,555.65,557.75,1400,559.15,1400,0,40600
JUSTDIAL-II.NFO,07/01/2020,10:57:08,555.65,557.65,1400,559.35,2800,0,40600
JUSTDIAL-II.NFO,07/01/2020,10:57:15,555.65,557.85,1400,559.35,2800,0,40600
JUSTDIAL-II.NFO,07/01/2020,10:57:21,555.65,557.65,2800,559.1,2800,0,40600
JUSTDIAL-II.NFO,07/01/2020,10:57:28,555.65,557.65,2800,559.15,2800,0,40600
JUSTDIAL-II.NFO,07/01/2020,10:57:48,555.65,557.65,1400,559,1400,0,40600
JUSTDIAL-II.NFO,07/01/2020,10:57:54,555.65,557.7,1400,559,1400,0,40600
JUSTDIAL-II.NFO,07/01/2020,10:58:00,555.65,557.65,1400,558.95,1400,0,40600
JUSTDIAL-II.NFO,07/01/2020,10:58:06,555.65,557.4,1400,558.9,1400,0,40600
JUSTDIAL-II.NFO,07/01/2020,10:58:12,555.65,557.55,1400,558.9,1400,0,40600
JUSTDIAL-II.NFO,07/01/2020,10:58:19,555.65,557.75,1400,558.9,1400,0,40600
JUSTDIAL-II.NFO,07/01/2020,10:58:25,555.65,557.45,1400,558.85,2800,0,40600
JUSTDIAL-II.NFO,07/01/2020,10:58:32,555.65,557.15,2800,558.85,2800,0,40600
JUSTDIAL-II.NFO,07/01/2020,10:58:39,555.65,557.15,2800,558.75,2800,0,40600
JUSTDIAL-II.NFO,07/01/2020,10:59:10,555.65,557.15,2800,559.1,1400,0,40600
JUSTDIAL-II.NFO,07/01/2020,10:59:16,555.65,557.15,2800,558.9,2800,0,40600
JUSTDIAL-II.NFO,07/01/2020,10:59:57,555.65,557.15,2800,559.2,1400,0,40600
JUSTDIAL-II.NFO,07/01/2020,11:00:03,555.65,557.15,2800,558.85,1400,0,40600
JUSTDIAL-II.NFO,07/01/2020,11:00:11,555.65,557.15,2800,559.1,2800,0,40600
JUSTDIAL-II.NFO,07/01/2020,11:00:18,555.65,557.15,2800,558.8,4200,0,40600
JUSTDIAL-II.NFO,07/01/2020,11:00:25,555.65,557.15,2800,558.55,1400,0,40600
JUSTDIAL-II.NFO,07/01/2020,11:00:32,555.65,557.15,2800,558.45,1400,0,40600
JUSTDIAL-II.NFO,07/01/2020,11:00:39,555.65,557.15,2800,558.6,2800,0,40600
JUSTDIAL-II.NFO,07/01/2020,11:00:45,555.65,557.15,2800,558.55,2800,0,40600
JUSTDIAL-II.NFO,07/01/2020,11:00:51,555.65,556.55,1400,558.45,1400,0,40600
JUSTDIAL-II.NFO,07/01/2020,11:00:58,555.65,557.1,1400,558.45,2800,0,40600
JUSTDIAL-II.NFO,07/01/2020,11:01:06,555.65,556.65,1400,558.5,1400,0,40600
JUSTDIAL-II.NFO,07/01/2020,11:01:13,555.65,556.8,1400,558.1,2800,0,40600
JUSTDIAL-II.NFO,07/01/2020,11:01:29,555.65,556.7,1400,558.1,2800,0,40600
JUSTDIAL-II.NFO,07/01/2020,11:01:44,555.65,555.55,1400,558.5,2800,0,40600
JUSTDIAL-II.NFO,07/01/2020,11:01:52,555.65,556.5,1400,558.5,2800,0,40600
JUSTDIAL-II.NFO,07/01/2020,11:01:59,555.65,556,1400,558.5,2800,0,40600
JUSTDIAL-II.NFO,07/01/2020,11:02:06,555.65,556.1,1400,558.5,2800,0,40600
JUSTDIAL-II.NFO,07/01/2020,11:02:13,555.65,556.95,1400,558.95,2800,0,40600
JUSTDIAL-II.NFO,07/01/2020,11:02:20,555.65,556.75,1400,558.45,2800,0,40600
JUSTDIAL-II.NFO,07/01/2020,11:02:26,555.65,555.55,1400,558.45,2800,0,40600
JUSTDIAL-II.NFO,07/01/2020,11:02:32,555.65,555.65,1400,558.45,2800,0,40600
JUSTDIAL-II.NFO,07/01/2020,11:02:39,555.65,556.05,1400,558.45,2800,0,40600
JUSTDIAL-II.NFO,07/01/2020,11:02:45,555.65,556.65,1400,558.45,2800,0,40600
JUSTDIAL-II.NFO,07/01/2020,11:02:52,555.65,556.55,1400,558.45,5600,0,40600
JUSTDIAL-II.NFO,07/01/2020,11:02:58,555.65,556.6,1400,558.1,2800,0,40600
JUSTDIAL-II.NFO,07/01/2020,11:03:04,555.65,556.05,1400,557.9,2800,0,40600
JUSTDIAL-II.NFO,07/01/2020,11:03:11,555.65,556.25,1400,557.9,2800,0,40600
JUSTDIAL-II.NFO,07/01/2020,11:03:18,555.65,555.9,1400,557.9,2800,0,40600
JUSTDIAL-II.NFO,07/01/2020,11:03:25,555.65,556.25,1400,557.9,2800,0,40600
JUSTDIAL-II.NFO,07/01/2020,11:03:31,555.65,556.25,1400,557.9,4200,0,40600
JUSTDIAL-II.NFO,07/01/2020,11:03:37,555.65,556.25,1400,558.45,1400,0,40600
JUSTDIAL-II.NFO,07/01/2020,11:03:45,555.65,555.8,1400,557.7,1400,0,40600
JUSTDIAL-II.NFO,07/01/2020,11:03:53,555.65,556.2,1400,557.8,1400,0,40600
JUSTDIAL-II.NFO,07/01/2020,11:03:59,555.65,555.8,1400,558.15,1400,0,40600
JUSTDIAL-II.NFO,07/01/2020,11:04:06,555.65,555.9,1400,558.2,1400,0,40600
JUSTDIAL-II.NFO,07/01/2020,11:04:12,555.65,555.9,1400,558.15,1400,0,40600
JUSTDIAL-II.NFO,07/01/2020,11:04:19,555.65,555.6,1400,557.5,1400,0,40600
JUSTDIAL-II.NFO,07/01/2020,11:04:25,555.65,553.9,1400,556.85,1400,0,40600
JUSTDIAL-II.NFO,07/01/2020,11:04:32,555.65,555.15,1400,557.5,2800,0,40600
JUSTDIAL-II.NFO,07/01/2020,11:04:39,555.65,554,1400,556.8,1400,0,40600
JUSTDIAL-II.NFO,07/01/2020,11:04:46,555.65,554.2,1400,556.9,2800,0,40600
JUSTDIAL-II.NFO,07/01/2020,11:04:53,555.65,555,1400,556.9,2800,0,40600
JUSTDIAL-II.NFO,07/01/2020,11:05:00,555.65,554.5,1400,557.3,1400,0,40600
JUSTDIAL-II.NFO,07/01/2020,11:05:06,555.65,553.8,2800,556.25,1400,0,40600
JUSTDIAL-II.NFO,07/01/2020,11:05:12,555.65,553.8,2800,556.4,1400,0,40600
JUSTDIAL-II.NFO,07/01/2020,11:05:13,555.65,553.8,2800,556.45,1400,0,40600
JUSTDIAL-II.NFO,07/01/2020,11:05:14,555.65,553.8,2800,556.35,1400,0,40600
JUSTDIAL-II.NFO,07/01/2020,11:05:15,555.65,553.8,2800,556.15,1400,0,40600
JUSTDIAL-II.NFO,07/01/2020,11:05:16,555.65,553.8,2800,556.45,1400,0,40600
JUSTDIAL-II.NFO,07/01/2020,11:05:17,555.65,553.8,2800,556.95,2800,0,40600
JUSTDIAL-II.NFO,07/01/2020,11:05:18,555.65,553.8,2800,556.6,1400,0,40600
JUSTDIAL-II.NFO,07/01/2020,11:05:19,555.65,553.8,2800,556.4,1400,0,40600
JUSTDIAL-II.NFO,07/01/2020,11:05:20,555.65,553.8,2800,556.85,1400,0,40600
JUSTDIAL-II.NFO,07/01/2020,11:05:21,555.65,553.8,2800,556.55,1400,0,40600
JUSTDIAL-II.NFO,07/01/2020,11:05:22,555.65,553.8,2800,557.4,1400,0,40600
JUSTDIAL-II.NFO,07/01/2020,11:05:23,555.65,553.8,2800,556.7,1400,0,40600
JUSTDIAL-II.NFO,07/01/2020,11:05:24,555.65,553.8,2800,556.4,1400,0,40600
JUSTDIAL-II.NFO,07/01/2020,11:05:25,555.65,553.8,2800,556.8,1400,0,40600
JUSTDIAL-II.NFO,07/01/2020,11:05:26,555.65,553.8,2800,557.15,4200,0,40600
JUSTDIAL-II.NFO,07/01/2020,11:05:27,555.65,553.8,2800,556.55,1400,0,40600
JUSTDIAL-II.NFO,07/01/2020,11:05:28,555.65,553.8,2800,556.75,1400,0,40600
JUSTDIAL-II.NFO,07/01/2020,11:05:29,555.65,553.8,2800,556.45,1400,0,40600
JUSTDIAL-II.NFO,07/01/2020,11:05:31,555.65,553.8,2800,557.4,1400,0,40600
JUSTDIAL-II.NFO,07/01/2020,11:05:32,555.65,553.8,2800,556.5,1400,0,40600
JUSTDIAL-II.NFO,07/01/2020,11:05:33,555.65,553.8,2800,556.65,1400,0,40600
JUSTDIAL-II.NFO,07/01/2020,11:05:34,555.65,553.8,2800,556.45,1400,0,40600
JUSTDIAL-II.NFO,07/01/2020,11:05:35,555.65,553.8,2800,556.35,1400,0,40600
JUSTDIAL-II.NFO,07/01/2020,11:05:36,555.65,553.8,2800,556.55,1400,0,40600
JUSTDIAL-II.NFO,07/01/2020,11:05:37,555.65,553.8,2800,556.05,1400,0,40600
JUSTDIAL-II.NFO,07/01/2020,11:05:38,555.65,553.8,2800,556.55,1400,0,40600
JUSTDIAL-II.NFO,07/01/2020,11:05:40,555.65,553.8,2800,556.2,1400,0,40600
JUSTDIAL-II.NFO,07/01/2020,11:05:41,555.65,553.8,2800,556.1,1400,0,40600
JUSTDIAL-II.NFO,07/01/2020,11:05:43,555.65,553.8,2800,556,1400,0,40600
JUSTDIAL-II.NFO,07/01/2020,11:05:44,555.65,553.8,2800,555.9,1400,0,40600
JUSTDIAL-II.NFO,07/01/2020,11:05:45,555.65,553.8,2800,556.85,1400,0,40600
JUSTDIAL-II.NFO,07/01/2020,11:05:46,555.65,553.8,2800,556.65,2800,0,40600
JUSTDIAL-II.NFO,07/01/2020,11:05:47,555.65,553.8,2800,556.1,1400,0,40600
JUSTDIAL-II.NFO,07/01/2020,11:05:48,555.65,553.8,2800,556,1400,0,40600
JUSTDIAL-II.NFO,07/01/2020,11:05:49,555.65,553.8,2800,555.9,1400,0,40600
JUSTDIAL-II.NFO,07/01/2020,11:05:50,555.65,553.8,2800,556.5,1400,0,40600
JUSTDIAL-II.NFO,07/01/2020,11:05:51,555.65,553.8,2800,556.4,1400,0,40600
JUSTDIAL-II.NFO,07/01/2020,11:05:52,555.65,553.8,2800,556.2,1400,0,40600
JUSTDIAL-II.NFO,07/01/2020,11:05:53,555.65,553.8,2800,556.1,1400,0,40600
JUSTDIAL-II.NFO,07/01/2020,11:05:54,555.65,553.8,2800,555.9,1400,0,40600
JUSTDIAL-II.NFO,07/01/2020,11:05:55,555.65,553.8,2800,556.5,1400,0,40600
JUSTDIAL-II.NFO,07/01/2020,11:05:56,555.65,553.8,2800,556.15,1400,0,40600
JUSTDIAL-II.NFO,07/01/2020,11:05:57,555.65,553.8,2800,556.05,1400,0,40600
JUSTDIAL-II.NFO,07/01/2020,11:05:58,555.65,553.8,2800,556.95,1400,0,40600
JUSTDIAL-II.NFO,07/01/2020,11:05:59,555.65,553.8,2800,556.35,1400,0,40600
JUSTDIAL-II.NFO,07/01/2020,11:06:00,555.65,553.8,2800,556.25,1400,0,40600
JUSTDIAL-II.NFO,07/01/2020,11:06:01,555.65,553.8,2800,556.15,1400,0,40600
JUSTDIAL-II.NFO,07/01/2020,11:06:02,555.65,553.8,2800,556.95,2800,0,40600
JUSTDIAL-II.NFO,07/01/2020,11:06:04,555.65,553.8,2800,556.6,1400,0,40600
JUSTDIAL-II.NFO,07/01/2020,11:06:05,555.65,553.8,2800,556.5,1400,0,40600
JUSTDIAL-II.NFO,07/01/2020,11:06:06,555.65,553.8,2800,556.4,1400,0,40600
JUSTDIAL-II.NFO,07/01/2020,11:06:07,555.65,553.8,2800,556.3,1400,0,40600
JUSTDIAL-II.NFO,07/01/2020,11:06:08,555.65,553.8,2800,557.15,1400,0,40600
JUSTDIAL-II.NFO,07/01/2020,11:06:09,555.65,553.8,2800,556.55,1400,0,40600
JUSTDIAL-II.NFO,07/01/2020,11:06:10,555.65,553.8,2800,556.35,1400,0,40600
JUSTDIAL-II.NFO,07/01/2020,11:06:11,555.65,553.8,2800,556.25,1400,0,40600
JUSTDIAL-II.NFO,07/01/2020,11:06:15,555.65,553.8,2800,556.75,1400,0,40600
JUSTDIAL-II.NFO,07/01/2020,11:06:22,555.65,553.8,2800,556.3,1400,0,40600
JUSTDIAL-II.NFO,07/01/2020,11:06:28,555.65,553.8,2800,556.35,1400,0,40600
JUSTDIAL-II.NFO,07/01/2020,11:06:33,555.65,553.8,2800,556.95,4200,0,40600
JUSTDIAL-II.NFO,07/01/2020,11:06:38,555.65,553.8,2800,556.4,1400,0,40600
JUSTDIAL-II.NFO,07/01/2020,11:06:43,555.65,553.8,2800,556.35,1400,0,40600
JUSTDIAL-II.NFO,07/01/2020,11:06:48,555.65,553.8,2800,556.5,1400,0,40600
JUSTDIAL-II.NFO,07/01/2020,11:06:54,555.65,553.8,2800,556.55,1400,0,40600
JUSTDIAL-II.NFO,07/01/2020,11:06:59,555.65,553.8,2800,557.3,1400,0,40600
JUSTDIAL-II.NFO,07/01/2020,11:07:04,555.65,553.8,2800,556.95,1400,0,40600
JUSTDIAL-II.NFO,07/01/2020,11:07:10,555.65,553.8,2800,556.85,2800,0,40600
JUSTDIAL-II.NFO,07/01/2020,11:07:14,555.65,553.8,2800,557.3,2800,0,40600
JUSTDIAL-II.NFO,07/01/2020,11:07:20,555.65,553.8,2800,557.2,1400,0,40600
JUSTDIAL-II.NFO,07/01/2020,11:07:25,555.65,553.8,2800,556.6,1400,0,40600
JUSTDIAL-II.NFO,07/01/2020,11:07:30,555.65,554.5,1400,556.9,1400,0,40600
JUSTDIAL-II.NFO,07/01/2020,11:07:35,555.65,554.35,1400,557.6,1400,0,40600
JUSTDIAL-II.NFO,07/01/2020,11:07:41,555.65,555.5,1400,557.8,2800,0,40600
JUSTDIAL-II.NFO,07/01/2020,11:07:47,555.65,554.45,1400,557,1400,0,40600
JUSTDIAL-II.NFO,07/01/2020,11:07:52,555.65,555.15,1400,557.95,1400,0,40600
JUSTDIAL-II.NFO,07/01/2020,11:08:02,555.65,555.55,1400,557.75,1400,0,40600
JUSTDIAL-II.NFO,07/01/2020,11:08:07,555.65,555.6,1400,557.55,1400,0,40600
JUSTDIAL-II.NFO,07/01/2020,11:08:11,555.65,555.55,1400,557.2,1400,0,40600
JUSTDIAL-II.NFO,07/01/2020,11:08:16,555.65,555.65,1400,558.2,2800,0,40600
JUSTDIAL-II.NFO,07/01/2020,11:08:21,555.65,554.6,1400,557.5,1400,0,40600
JUSTDIAL-II.NFO,07/01/2020,11:08:38,555.65,554.5,1400,557.75,1400,0,40600
JUSTDIAL-II.NFO,07/01/2020,11:08:42,555.65,555.2,1400,557.35,1400,0,40600
JUSTDIAL-II.NFO,07/01/2020,11:08:52,555.65,554.8,1400,557.3,1400,0,40600
JUSTDIAL-II.NFO,07/01/2020,11:08:56,555.65,554.4,2800,557.25,1400,0,40600
JUSTDIAL-II.NFO,07/01/2020,11:09:02,555.65,554.4,2800,557.15,1400,0,40600
JUSTDIAL-II.NFO,07/01/2020,11:09:07,555.65,554.4,2800,557.25,1400,0,40600
JUSTDIAL-II.NFO,07/01/2020,11:09:11,555.65,554.4,2800,556.85,1400,0,40600
JUSTDIAL-II.NFO,07/01/2020,11:09:16,555.65,554.4,2800,556.65,1400,0,40600
JUSTDIAL-II.NFO,07/01/2020,11:09:26,555.65,554.4,2800,556.7,2800,0,40600
JUSTDIAL-II.NFO,07/01/2020,11:09:35,555.65,554.4,2800,556.55,1400,0,40600
JUSTDIAL-II.NFO,07/01/2020,11:09:40,555.65,554.4,2800,556.7,1400,0,40600
JUSTDIAL-II.NFO,07/01/2020,11:09:45,555.65,554.4,2800,556.45,1400,0,40600
JUSTDIAL-II.NFO,07/01/2020,11:09:48,555.65,554.4,2800,557,4200,0,40600
JUSTDIAL-II.NFO,07/01/2020,11:09:53,555.65,554.4,2800,556.7,1400,0,40600
JUSTDIAL-II.NFO,07/01/2020,11:09:56,555.65,554.4,2800,556.4,1400,0,40600
JUSTDIAL-II.NFO,07/01/2020,11:10:00,555.65,554.4,2800,557.05,1400,0,40600
JUSTDIAL-II.NFO,07/01/2020,11:10:05,555.65,554.4,2800,556.8,1400,0,40600
JUSTDIAL-II.NFO,07/01/2020,11:10:09,555.65,554.4,2800,557.45,2800,0,40600
JUSTDIAL-II.NFO,07/01/2020,11:10:13,555.65,554.4,2800,556.85,1400,0,40600
JUSTDIAL-II.NFO,07/01/2020,11:10:18,555.65,554.4,2800,557,1400,0,40600
JUSTDIAL-II.NFO,07/01/2020,11:10:24,555.65,554.4,2800,556.6,1400,0,40600
JUSTDIAL-II.NFO,07/01/2020,11:10:29,555.65,554.4,2800,556.7,1400,0,40600
JUSTDIAL-II.NFO,07/01/2020,11:10:33,555.65,554.4,2800,556.95,2800,0,40600
JUSTDIAL-II.NFO,07/01/2020,11:10:37,555.65,554.4,2800,556.75,1400,0,40600
JUSTDIAL-II.NFO,07/01/2020,11:10:41,555.65,554.4,2800,557.75,2800,0,40600
JUSTDIAL-II.NFO,07/01/2020,11:10:52,555.65,554.4,2800,557.2,1400,0,40600
JUSTDIAL-II.NFO,07/01/2020,11:10:56,555.65,554.4,2800,557,1400,0,40600
JUSTDIAL-II.NFO,07/01/2020,11:11:00,555.65,554.4,2800,556.75,1400,0,40600
JUSTDIAL-II.NFO,07/01/2020,11:11:05,555.65,554.4,2800,556.95,1400,0,40600
JUSTDIAL-II.NFO,07/01/2020,11:11:11,555.65,554.4,2800,557.35,1400,0,40600
JUSTDIAL-II.NFO,07/01/2020,11:11:16,555.65,554.4,2800,557.35,2800,0,40600
JUSTDIAL-II.NFO,07/01/2020,11:11:22,555.65,554.4,2800,557.2,1400,0,40600
JUSTDIAL-II.NFO,07/01/2020,11:11:29,555.65,554.4,2800,557.75,1400,0,40600
JUSTDIAL-II.NFO,07/01/2020,11:11:37,555.65,554.4,2800,557.65,1400,0,40600
JUSTDIAL-II.NFO,07/01/2020,11:11:50,555.65,554.4,2800,557.45,2800,0,40600
JUSTDIAL-II.NFO,07/01/2020,11:11:57,555.65,554.4,2800,557.15,1400,0,40600
JUSTDIAL-II.NFO,07/01/2020,11:12:05,555.65,554.4,2800,556.5,1400,0,40600
JUSTDIAL-II.NFO,07/01/2020,11:12:12,555.65,554.4,2800,556.2,1400,0,40600
JUSTDIAL-II.NFO,07/01/2020,11:12:20,555.65,554.4,2800,557.05,1400,0,40600
JUSTDIAL-II.NFO,07/01/2020,11:12:34,555.65,554.4,2800,556.9,2800,0,40600
JUSTDIAL-II.NFO,07/01/2020,11:12:39,555.65,554.4,2800,557.35,1400,0,40600
JUSTDIAL-II.NFO,07/01/2020,11:12:45,555.65,554.4,2800,556.9,2800,0,40600
JUSTDIAL-II.NFO,07/01/2020,11:13:17,555.65,554.4,2800,556.15,1400,0,40600
JUSTDIAL-II.NFO,07/01/2020,11:13:23,555.65,554.4,2800,556.1,1400,0,40600
JUSTDIAL-II.NFO,07/01/2020,11:13:28,555.65,554.4,2800,557.3,2800,0,40600
JUSTDIAL-II.NFO,07/01/2020,11:13:34,555.65,554.4,2800,556.9,1400,0,40600
JUSTDIAL-II.NFO,07/01/2020,11:13:40,555.65,554.4,2800,556.65,1400,0,40600
JUSTDIAL-II.NFO,07/01/2020,11:13:46,555.65,554.4,2800,557.6,1400,0,40600
JUSTDIAL-II.NFO,07/01/2020,11:13:52,555.65,554.4,2800,557.9,4200,0,40600
JUSTDIAL-II.NFO,07/01/2020,11:13:57,555.65,554.4,2800,557.8,4200,0,40600
JUSTDIAL-II.NFO,07/01/2020,11:14:03,555.65,554.4,2800,557.4,4200,0,40600
JUSTDIAL-II.NFO,07/01/2020,11:14:08,555.65,554.4,2800,557.2,1400,0,40600
JUSTDIAL-II.NFO,07/01/2020,11:14:14,555.65,554.4,2800,557.55,1400,0,40600
JUSTDIAL-II.NFO,07/01/2020,11:14:36,555.65,554.4,2800,557,1400,0,40600
JUSTDIAL-II.NFO,07/01/2020,11:14:40,555.65,554.4,2800,557.6,1400,0,40600
JUSTDIAL-II.NFO,07/01/2020,11:14:46,555.65,554.4,2800,557,1400,0,40600
JUSTDIAL-II.NFO,07/01/2020,11:14:51,555.65,554.4,2800,558.1,4200,0,40600
JUSTDIAL-II.NFO,07/01/2020,11:14:57,555.65,554.4,2800,557.8,2800,0,40600
JUSTDIAL-II.NFO,07/01/2020,11:15:03,555.65,554.4,2800,557.4,2800,0,40600
JUSTDIAL-II.NFO,07/01/2020,11:15:10,555.65,554.4,2800,557.85,2800,0,40600
JUSTDIAL-II.NFO,07/01/2020,11:15:15,555.65,554.4,2800,556.5,1400,0,40600
JUSTDIAL-II.NFO,07/01/2020,11:15:20,555.65,554.4,2800,558.15,5600,0,40600
JUSTDIAL-II.NFO,07/01/2020,11:15:25,555.65,554.4,2800,556.8,1400,0,40600
JUSTDIAL-II.NFO,07/01/2020,11:15:31,555.65,554.4,2800,557.35,1400,0,40600
JUSTDIAL-II.NFO,07/01/2020,11:15:37,555.65,554.4,2800,557.25,2800,0,40600
JUSTDIAL-II.NFO,07/01/2020,11:15:42,555.65,554.4,2800,557.15,1400,0,40600
JUSTDIAL-II.NFO,07/01/2020,11:15:47,555.65,554.4,2800,556.85,1400,0,40600
JUSTDIAL-II.NFO,07/01/2020,11:15:52,555.65,554.4,2800,556.65,1400,0,40600
JUSTDIAL-II.NFO,07/01/2020,11:15:57,555.65,554.4,2800,557.25,1400,0,40600
JUSTDIAL-II.NFO,07/01/2020,11:16:04,555.65,554.4,2800,557.2,1400,0,40600
JUSTDIAL-II.NFO,07/01/2020,11:16:10,555.65,554.4,2800,557.15,1400,0,40600
JUSTDIAL-II.NFO,07/01/2020,11:16:17,555.65,554.4,2800,556.75,1400,0,40600
JUSTDIAL-II.NFO,07/01/2020,11:16:23,555.65,554.4,2800,556.9,1400,0,40600
JUSTDIAL-II.NFO,07/01/2020,11:16:29,555.65,554.4,2800,557.45,1400,0,40600
JUSTDIAL-II.NFO,07/01/2020,11:16:35,555.65,554.4,2800,557.7,1400,0,40600
JUSTDIAL-II.NFO,07/01/2020,11:16:40,555.65,554.4,2800,557.1,1400,0,40600
JUSTDIAL-II.NFO,07/01/2020,11:16:45,555.65,554.4,2800,557.4,1400,0,40600
JUSTDIAL-II.NFO,07/01/2020,11:16:52,555.65,554.4,2800,557.1,1400,0,40600
JUSTDIAL-II.NFO,07/01/2020,11:16:59,555.65,554.4,2800,557.2,1400,0,40600
JUSTDIAL-II.NFO,07/01/2020,11:17:04,555.65,554.4,2800,556.6,1400,0,40600
JUSTDIAL-II.NFO,07/01/2020,11:17:08,555.65,554.4,2800,558.05,1400,0,40600
JUSTDIAL-II.NFO,07/01/2020,11:17:13,555.65,554.4,2800,556.75,1400,0,40600
JUSTDIAL-II.NFO,07/01/2020,11:17:18,555.65,554.4,2800,557.8,4200,0,40600
JUSTDIAL-II.NFO,07/01/2020,11:17:22,555.65,554.4,2800,557.2,1400,0,40600
JUSTDIAL-II.NFO,07/01/2020,11:17:27,555.65,554.4,2800,558.05,1400,0,40600
JUSTDIAL-II.NFO,07/01/2020,11:17:32,555.65,554.4,2800,557.55,4200,0,40600
JUSTDIAL-II.NFO,07/01/2020,11:17:38,555.65,554.4,2800,556.95,1400,0,40600
JUSTDIAL-II.NFO,07/01/2020,11:17:45,555.65,554.4,2800,557.3,1400,0,40600
JUSTDIAL-II.NFO,07/01/2020,11:17:50,555.65,554.4,2800,557.2,1400,0,40600
JUSTDIAL-II.NFO,07/01/2020,11:17:55,555.65,554.4,2800,556.8,1400,0,40600
JUSTDIAL-II.NFO,07/01/2020,11:17:59,555.65,554.4,2800,557.2,1400,0,40600
JUSTDIAL-II.NFO,07/01/2020,11:18:04,555.65,554.4,2800,556.45,1400,0,40600
JUSTDIAL-II.NFO,07/01/2020,11:18:10,555.65,554.4,2800,557.5,2800,0,40600
JUSTDIAL-II.NFO,07/01/2020,11:18:16,555.65,554.4,2800,557.3,1400,0,40600
JUSTDIAL-II.NFO,07/01/2020,11:18:21,555.65,554.4,2800,557.65,2800,0,40600
JUSTDIAL-II.NFO,07/01/2020,11:18:26,555.65,554.4,2800,557.4,1400,0,40600
JUSTDIAL-II.NFO,07/01/2020,11:18:41,555.65,554.4,2800,556.9,1400,0,40600
JUSTDIAL-II.NFO,07/01/2020,11:18:54,555.65,554.4,2800,556.7,1400,0,40600
JUSTDIAL-II.NFO,07/01/2020,11:18:59,555.65,554.4,2800,557.15,1400,0,40600
JUSTDIAL-II.NFO,07/01/2020,11:19:05,555.65,554.4,2800,556.95,1400,0,40600
JUSTDIAL-II.NFO,07/01/2020,11:19:11,555.65,554.4,2800,556.75,1400,0,40600
JUSTDIAL-II.NFO,07/01/2020,11:19:17,555.65,554.4,2800,556.85,1400,0,40600
JUSTDIAL-II.NFO,07/01/2020,11:19:25,555.65,554.4,2800,556.4,1400,0,40600
JUSTDIAL-II.NFO,07/01/2020,11:19:33,555.65,554.4,2800,556.9,1400,0,40600
JUSTDIAL-II.NFO,07/01/2020,11:19:39,555.65,554.4,2800,556.55,1400,0,40600
JUSTDIAL-II.NFO,07/01/2020,11:19:45,555.65,554.4,2800,556.75,1400,0,40600
JUSTDIAL-II.NFO,07/01/2020,11:19:51,555.65,554.4,2800,557.5,2800,0,40600
JUSTDIAL-II.NFO,07/01/2020,11:20:07,555.65,554.4,2800,557.55,2800,0,40600
JUSTDIAL-II.NFO,07/01/2020,11:20:13,555.65,554.4,2800,556.6,1400,0,40600
JUSTDIAL-II.NFO,07/01/2020,11:20:19,555.65,554.4,2800,557.35,1400,0,40600
JUSTDIAL-II.NFO,07/01/2020,11:20:24,555.65,554.4,2800,557.05,1400,0,40600
JUSTDIAL-II.NFO,07/01/2020,11:20:29,555.65,554.4,2800,557.3,1400,0,40600
JUSTDIAL-II.NFO,07/01/2020,11:20:35,555.65,554.4,2800,557.05,1400,0,40600
JUSTDIAL-II.NFO,07/01/2020,11:20:40,555.65,554.4,2800,557.85,1400,0,40600
JUSTDIAL-II.NFO,07/01/2020,11:20:45,555.65,554.4,2800,557.55,1400,0,40600
