Ticker,Date,Time,LTP,BuyPrice,BuyQty,SellPrice,SellQty,LTQ,OpenInterest
MGL-II.NFO,07/01/2020,09:27:34,1056.35,1053.1,600,1059.05,600,1800,30600
MGL-II.NFO,07/01/2020,09:27:34,1056.5,1053.1,600,1059.05,600,0,30600
MGL-II.NFO,07/01/2020,09:27:34,1056.5,1053.1,600,1059.05,600,0,30600
MGL-II.NFO,07/01/2020,09:27:34,1056.35,1053.1,600,1059.05,600,0,30600
MGL-II.NFO,07/01/2020,09:27:40,1056.5,1053.55,600,1057.8,600,0,30600
MGL-II.NFO,07/01/2020,09:28:06,1056.5,1054.05,600,1057.85,600,0,30600
MGL-II.NFO,07/01/2020,09:28:12,1056.5,1053.8,600,1058,600,0,30600
MGL-II.NFO,07/01/2020,09:28:13,1056.5,1053.8,600,1058.1,600,0,30600
MGL-II.NFO,07/01/2020,09:28:15,1056.5,1054,600,1058.4,600,0,30600
MGL-II.NFO,07/01/2020,09:28:17,1056.5,1054.1,600,1058.4,600,0,30600
MGL-II.NFO,07/01/2020,09:28:18,1056.5,1054.2,600,1058.4,600,0,30600
MGL-II.NFO,07/01/2020,09:28:18,1056.5,1054.3,600,1058.4,600,0,30600
MGL-II.NFO,07/01/2020,09:28:19,1056.5,1053.3,1200,1058.4,600,0,30600
MGL-II.NFO,07/01/2020,09:28:21,1056.5,1053.4,600,1058.35,1200,0,30600
MGL-II.NFO,07/01/2020,09:28:22,1056.5,1053.6,600,1058.1,600,0,30600
MGL-II.NFO,07/01/2020,09:28:23,1056.5,1053.8,600,1058.1,600,0,30600
MGL-II.NFO,07/01/2020,09:28:24,1056.5,1053.9,600,1058.1,600,0,30600
MGL-II.NFO,07/01/2020,09:28:25,1056.5,1054,600,1057.9,600,0,30600
MGL-II.NFO,07/01/2020,09:28:26,1056.5,1054.1,600,1057.9,600,0,30600
MGL-II.NFO,07/01/2020,09:28:27,1056.5,1054.2,600,1058.45,1200,0,30600
MGL-II.NFO,07/01/2020,09:28:28,1056.5,1052.1,1800,1058.15,600,0,30600
MGL-II.NFO,07/01/2020,09:28:29,1056.5,1052.75,600,1058.15,600,0,30600
MGL-II.NFO,07/01/2020,09:28:30,1056.5,1052.95,600,1058.15,600,0,30600
MGL-II.NFO,07/01/2020,09:28:31,1056.5,1053.15,600,1058.15,600,0,30600
MGL-II.NFO,07/01/2020,09:28:31,1056.5,1053.25,600,1057.95,600,0,30600
MGL-II.NFO,07/01/2020,09:28:32,1056.5,1053.45,600,1057.9,600,0,30600
MGL-II.NFO,07/01/2020,09:28:33,1056.5,1053.65,600,1058.25,600,0,30600
MGL-II.NFO,07/01/2020,09:28:34,1056.5,1053.85,600,1058.25,600,0,30600
MGL-II.NFO,07/01/2020,09:28:35,1056.5,1054.05,600,1058.5,600,0,30600
MGL-II.NFO,07/01/2020,09:28:36,1056.5,1054.25,600,1058.5,600,0,30600
MGL-II.NFO,07/01/2020,09:28:38,1056.5,1054.45,600,1058.5,600,0,30600
MGL-II.NFO,07/01/2020,09:28:39,1056.5,1054.35,600,1059.2,600,0,30600
MGL-II.NFO,07/01/2020,09:28:40,1056.5,1054.45,600,1058.9,600,0,30600
MGL-II.NFO,07/01/2020,09:28:41,1056.5,1054.55,600,1058.9,600,0,30600
MGL-II.NFO,07/01/2020,09:28:42,1056.5,1054.65,600,1058.9,600,0,30600
MGL-II.NFO,07/01/2020,09:28:43,1056.5,1054.75,600,1058.9,600,0,30600
MGL-II.NFO,07/01/2020,09:28:44,1056.5,1054.95,600,1058.9,600,0,30600
MGL-II.NFO,07/01/2020,09:28:45,1056.5,1053.05,600,1058.7,600,0,30600
MGL-II.NFO,07/01/2020,09:28:45,1056.5,1053.7,600,1060.35,1800,0,30600
MGL-II.NFO,07/01/2020,09:28:46,1056.5,1053.65,600,1059.55,600,0,30600
MGL-II.NFO,07/01/2020,09:28:47,1056.5,1053.85,600,1059.55,600,0,30600
MGL-II.NFO,07/01/2020,09:28:48,1056.5,1054.45,600,1059.7,1200,0,30600
MGL-II.NFO,07/01/2020,09:28:49,1056.5,1054.65,600,1059.6,1200,0,30600
MGL-II.NFO,07/01/2020,09:28:50,1056.5,1054.75,600,1059.5,600,0,30600
MGL-II.NFO,07/01/2020,09:28:52,1056.5,1053.3,600,1059.7,1200,0,30600
MGL-II.NFO,07/01/2020,09:28:53,1056.5,1053.75,600,1059.55,600,0,30600
MGL-II.NFO,07/01/2020,09:28:54,1056.5,1054,600,1059.75,600,0,30600
MGL-II.NFO,07/01/2020,09:28:55,1056.5,1054.2,600,1059.75,600,0,30600
MGL-II.NFO,07/01/2020,09:28:55,1056.5,1054.3,600,1059.75,600,0,30600
MGL-II.NFO,07/01/2020,09:28:56,1056.5,1054.4,600,1059.75,600,0,30600
MGL-II.NFO,07/01/2020,09:28:57,1056.5,1054.7,600,1059.9,600,0,30600
MGL-II.NFO,07/01/2020,09:28:58,1056.5,1054.8,600,1059.9,600,0,30600
MGL-II.NFO,07/01/2020,09:29:00,1056.5,1055,600,1060.05,600,0,30600
MGL-II.NFO,07/01/2020,09:29:01,1056.5,1055.35,600,1060.2,600,0,30600
MGL-II.NFO,07/01/2020,09:29:01,1056.5,1053.45,1200,1059.85,600,0,30600
MGL-II.NFO,07/01/2020,09:29:02,1056.5,1055,600,1060.2,600,0,30600
MGL-II.NFO,07/01/2020,09:29:03,1056.5,1055.15,600,1060.3,1800,0,30600
MGL-II.NFO,07/01/2020,09:29:04,1056.5,1055.35,600,1060.1,600,0,30600
MGL-II.NFO,07/01/2020,09:29:05,1056.5,1055.55,600,1060.05,600,0,30600
MGL-II.NFO,07/01/2020,09:29:06,1056.5,1054.95,600,1059.95,1200,0,30600
MGL-II.NFO,07/01/2020,09:29:07,1056.5,1055.15,600,1059.95,1200,0,30600
MGL-II.NFO,07/01/2020,09:29:08,1056.5,1055.25,600,1059.95,1200,0,30600
MGL-II.NFO,07/01/2020,09:29:09,1056.5,1055.45,600,1060.2,600,0,30600
MGL-II.NFO,07/01/2020,09:29:10,1056.5,1055.55,600,1060.2,600,0,30600
MGL-II.NFO,07/01/2020,09:29:11,1056.5,1054.95,600,1060.2,600,0,30600
MGL-II.NFO,07/01/2020,09:29:12,1056.5,1055.15,600,1060.2,600,0,30600
MGL-II.NFO,07/01/2020,09:29:13,1056.5,1055.35,600,1060.2,600,0,30600
MGL-II.NFO,07/01/2020,09:29:14,1056.5,1055.45,600,1059.9,1200,0,30600
MGL-II.NFO,07/01/2020,09:29:15,1056.5,1055.55,600,1060.3,600,0,30600
MGL-II.NFO,07/01/2020,09:29:17,1056.5,1055.85,600,1060.35,600,0,30600
MGL-II.NFO,07/01/2020,09:29:18,1056.5,1055.5,600,1060.35,1200,0,30600
MGL-II.NFO,07/01/2020,09:29:19,1056.5,1055.7,600,1060.2,600,0,30600
MGL-II.NFO,07/01/2020,09:29:19,1056.5,1055.8,600,1060.2,600,0,30600
MGL-II.NFO,07/01/2020,09:29:20,1056.5,1055.9,600,1060.2,600,0,30600
MGL-II.NFO,07/01/2020,09:29:21,1056.5,1055.35,600,1060.1,600,0,30600
MGL-II.NFO,07/01/2020,09:29:22,1056.5,1055.45,600,1060.2,600,0,30600
MGL-II.NFO,07/01/2020,09:29:23,1056.5,1055.55,1200,1060.25,1200,0,30600
MGL-II.NFO,07/01/2020,09:29:24,1056.5,1055.85,600,1060.25,1200,0,30600
MGL-II.NFO,07/01/2020,09:29:25,1056.5,1055.95,600,1060.25,1200,0,30600
MGL-II.NFO,07/01/2020,09:29:26,1056.5,1056.05,600,1060.25,1200,0,30600
MGL-II.NFO,07/01/2020,09:29:28,1056.5,1055.9,600,1060.05,1200,0,30600
MGL-II.NFO,07/01/2020,09:29:29,1056.5,1055.8,600,1060.2,600,0,30600
MGL-II.NFO,07/01/2020,09:29:30,1056.5,1055.5,600,1060.05,1200,0,30600
MGL-II.NFO,07/01/2020,09:29:31,1056.5,1055.5,1200,1060.1,600,0,30600
MGL-II.NFO,07/01/2020,09:29:31,1056.5,1055.6,600,1060.1,600,0,30600
MGL-II.NFO,07/01/2020,09:29:32,1056.5,1055.7,600,1060.2,600,0,30600
MGL-II.NFO,07/01/2020,09:29:33,1056.5,1055.8,600,1060.2,600,0,30600
MGL-II.NFO,07/01/2020,09:29:34,1056.5,1055.9,600,1060.2,600,0,30600
MGL-II.NFO,07/01/2020,09:29:35,1056.5,1056,600,1060.2,600,0,30600
MGL-II.NFO,07/01/2020,09:29:36,1056.5,1056.1,600,1060.2,600,0,30600
MGL-II.NFO,07/01/2020,09:29:37,1056.5,1055.55,600,1060.2,600,0,30600
MGL-II.NFO,07/01/2020,09:29:38,1056.5,1055.55,600,1060,600,0,30600
MGL-II.NFO,07/01/2020,09:29:39,1056.5,1055.65,600,1060,600,0,30600
MGL-II.NFO,07/01/2020,09:29:41,1056.5,1055.85,600,1060,600,0,30600
MGL-II.NFO,07/01/2020,09:29:42,1056.5,1056.05,600,1059.9,600,0,30600
MGL-II.NFO,07/01/2020,09:29:43,1056.5,1055.85,600,1059.9,600,0,30600
MGL-II.NFO,07/01/2020,09:29:44,1056.5,1055.85,600,1060.2,600,0,30600
MGL-II.NFO,07/01/2020,09:29:46,1056.5,1056.15,600,1059.95,600,0,30600
MGL-II.NFO,07/01/2020,09:29:46,1056.5,1056.15,600,1059.6,1200,0,30600
MGL-II.NFO,07/01/2020,09:29:48,1056.5,1055.95,600,1060.2,600,0,30600
MGL-II.NFO,07/01/2020,09:29:49,1056.5,1055.4,1200,1059.85,600,0,30600
MGL-II.NFO,07/01/2020,09:29:49,1056.5,1055.5,1200,1059.75,1200,0,30600
MGL-II.NFO,07/01/2020,09:29:50,1056.5,1055.45,1200,1060.2,600,0,30600
MGL-II.NFO,07/01/2020,09:29:51,1056.5,1055.65,600,1060.2,600,0,30600
MGL-II.NFO,07/01/2020,09:29:52,1056.5,1055.75,600,1060.2,600,0,30600
MGL-II.NFO,07/01/2020,09:29:53,1056.5,1055.95,600,1060.2,600,0,30600
MGL-II.NFO,07/01/2020,09:29:56,1056.5,1055.95,600,1059.7,1800,0,30600
MGL-II.NFO,07/01/2020,09:29:58,1056.5,1055.55,600,1060.2,1800,0,30600
MGL-II.NFO,07/01/2020,09:29:58,1056.5,1055.65,600,1060.2,1800,0,30600
MGL-II.NFO,07/01/2020,09:29:59,1056.5,1055.75,600,1059.8,600,0,30600
MGL-II.NFO,07/01/2020,09:30:00,1056.5,1055.65,600,1059.95,1200,0,30600
MGL-II.NFO,07/01/2020,09:30:01,1056.5,1055.45,1200,1059.8,600,0,30600
MGL-II.NFO,07/01/2020,09:30:03,1056.5,1055.7,600,1060.1,1800,0,30600
MGL-II.NFO,07/01/2020,09:30:04,1056.5,1055.75,600,1059.95,600,0,30600
MGL-II.NFO,07/01/2020,09:30:04,1056.5,1055.75,600,1059.9,600,0,30600
MGL-II.NFO,07/01/2020,09:30:05,1056.5,1056.05,600,1059.95,600,0,30600
MGL-II.NFO,07/01/2020,09:30:06,1056.5,1056.25,600,1059.9,600,0,30600
MGL-II.NFO,07/01/2020,09:30:07,1056.5,1056.35,600,1059.75,600,0,30600
MGL-II.NFO,07/01/2020,09:30:08,1056.5,1056.45,600,1060.3,1800,0,30600
MGL-II.NFO,07/01/2020,09:30:10,1056.5,1056.55,600,1060.2,600,0,30600
MGL-II.NFO,07/01/2020,09:30:11,1056.5,1056.65,600,1060.15,600,0,30600
MGL-II.NFO,07/01/2020,09:30:12,1056.5,1056.85,600,1060.2,1200,0,30600
MGL-II.NFO,07/01/2020,09:30:13,1056.5,1056,600,1059.9,1200,0,30600
MGL-II.NFO,07/01/2020,09:30:13,1056.5,1056,600,1060.05,600,0,30600
MGL-II.NFO,07/01/2020,09:30:14,1056.5,1056.1,600,1060.05,1200,0,30600
MGL-II.NFO,07/01/2020,09:30:15,1056.5,1056.2,600,1060.05,1200,0,30600
MGL-II.NFO,07/01/2020,09:30:16,1056.5,1056.4,600,1060.05,1200,0,30600
MGL-II.NFO,07/01/2020,09:30:17,1056.5,1055.8,600,1059.9,1200,0,30600
MGL-II.NFO,07/01/2020,09:30:18,1056.5,1056,600,1059.95,1200,0,30600
MGL-II.NFO,07/01/2020,09:30:20,1056.5,1056.1,600,1059.6,600,0,30600
MGL-II.NFO,07/01/2020,09:30:21,1056.5,1056.3,600,1059.75,600,0,30600
MGL-II.NFO,07/01/2020,09:30:22,1056.5,1056.4,600,1059.75,600,0,30600
MGL-II.NFO,07/01/2020,09:30:23,1056.5,1056,600,1059.85,600,0,30600
MGL-II.NFO,07/01/2020,09:30:23,1056.5,1056.1,600,1059.85,600,0,30600
MGL-II.NFO,07/01/2020,09:30:24,1056.5,1056.3,600,1060.2,600,0,30600
MGL-II.NFO,07/01/2020,09:30:25,1056.5,1056.2,600,1060.25,1800,0,30600
MGL-II.NFO,07/01/2020,09:30:26,1056.5,1056.5,600,1060.05,1800,0,30600
MGL-II.NFO,07/01/2020,09:30:27,1056.5,1056.6,600,1060.05,1800,0,30600
MGL-II.NFO,07/01/2020,09:30:29,1056.5,1055.75,1200,1059.75,1200,0,30600
MGL-II.NFO,07/01/2020,09:30:30,1056.5,1056.05,600,1059.75,600,0,30600
MGL-II.NFO,07/01/2020,09:30:31,1056.5,1056.25,600,1059.65,600,0,30600
MGL-II.NFO,07/01/2020,09:30:32,1056.5,1056.35,600,1059.65,600,0,30600
MGL-II.NFO,07/01/2020,09:30:33,1056.5,1056.55,600,1059.55,600,0,30600
MGL-II.NFO,07/01/2020,09:30:34,1056.5,1055.7,600,1059.35,600,0,30600
MGL-II.NFO,07/01/2020,09:30:35,1056.5,1056,600,1059.35,600,0,30600
MGL-II.NFO,07/01/2020,09:30:36,1056.5,1056.2,600,1059.35,600,0,30600
MGL-II.NFO,07/01/2020,09:30:38,1056.5,1056,600,1059.35,1800,0,30600
MGL-II.NFO,07/01/2020,09:30:41,1056.5,1054.75,1200,1058.85,600,0,30600
MGL-II.NFO,07/01/2020,09:30:42,1056.5,1054.95,600,1058.85,600,0,30600
MGL-II.NFO,07/01/2020,09:30:43,1056.5,1055.15,600,1059,600,0,30600
MGL-II.NFO,07/01/2020,09:30:44,1056.5,1055.35,600,1058.65,600,0,30600
MGL-II.NFO,07/01/2020,09:30:45,1056.5,1055.35,600,1058.7,1200,0,30600
MGL-II.NFO,07/01/2020,09:30:45,1056.5,1055.45,600,1059.35,1200,0,30600
MGL-II.NFO,07/01/2020,09:30:47,1056.5,1055.75,600,1059.5,1200,0,30600
MGL-II.NFO,07/01/2020,09:30:48,1056.5,1055.85,600,1059.45,600,0,30600
MGL-II.NFO,07/01/2020,09:30:49,1056.5,1055.95,600,1059.3,600,0,30600
MGL-II.NFO,07/01/2020,09:30:50,1056.5,1056.05,600,1059.3,600,0,30600
MGL-II.NFO,07/01/2020,09:30:51,1056.5,1056.25,600,1059.75,600,0,30600
MGL-II.NFO,07/01/2020,09:30:52,1056.5,1055.7,600,1060,1200,0,30600
MGL-II.NFO,07/01/2020,09:30:53,1056.5,1055.9,600,1060,1200,0,30600
MGL-II.NFO,07/01/2020,09:30:55,1056.5,1055.9,600,1058.8,600,0,30600
MGL-II.NFO,07/01/2020,09:30:56,1056.5,1056.1,600,1059.15,600,0,30600
MGL-II.NFO,07/01/2020,09:30:57,1056.5,1055.1,600,1059.1,600,0,30600
MGL-II.NFO,07/01/2020,09:30:58,1056.5,1055.3,600,1059.1,600,0,30600
MGL-II.NFO,07/01/2020,09:30:59,1056.5,1055.5,600,1059.1,600,0,30600
MGL-II.NFO,07/01/2020,09:31:00,1056.5,1055.6,600,1058.7,1200,0,30600
MGL-II.NFO,07/01/2020,09:31:01,1056.5,1055.7,600,1059.45,1800,0,30600
MGL-II.NFO,07/01/2020,09:31:02,1056.5,1055.9,600,1059.4,600,0,30600
MGL-II.NFO,07/01/2020,09:31:03,1056.5,1056,600,1059.4,1800,0,30600
MGL-II.NFO,07/01/2020,09:31:04,1056.5,1056.1,600,1059.5,1200,0,30600
MGL-II.NFO,07/01/2020,09:31:06,1056.5,1056.3,600,1059.5,1200,0,30600
MGL-II.NFO,07/01/2020,09:31:07,1056.5,1054.85,600,1058.9,600,0,30600
MGL-II.NFO,07/01/2020,09:31:08,1056.5,1054.95,600,1058.9,600,0,30600
MGL-II.NFO,07/01/2020,09:31:09,1056.5,1055.05,600,1058.9,600,0,30600
MGL-II.NFO,07/01/2020,09:31:11,1056.5,1055.25,600,1059.4,1200,0,30600
MGL-II.NFO,07/01/2020,09:31:12,1056.5,1054.15,600,1059.2,600,0,30600
MGL-II.NFO,07/01/2020,09:31:13,1056.5,1054.7,600,1058.95,1800,0,30600
MGL-II.NFO,07/01/2020,09:31:14,1056.5,1054.9,600,1058.95,1800,0,30600
MGL-II.NFO,07/01/2020,09:31:15,1056.5,1054.4,600,1059.15,1800,0,30600
MGL-II.NFO,07/01/2020,09:31:16,1056.5,1054.85,1200,1059.3,1200,0,30600
MGL-II.NFO,07/01/2020,09:31:17,1056.5,1055.05,600,1059.2,1800,0,30600
MGL-II.NFO,07/01/2020,09:31:18,1056.5,1054.95,600,1058.5,1200,0,30600
MGL-II.NFO,07/01/2020,09:31:18,1056.5,1055.05,600,1058.5,1200,0,30600
MGL-II.NFO,07/01/2020,09:31:19,1056.5,1055.15,600,1058.5,1200,0,30600
MGL-II.NFO,07/01/2020,09:31:20,1056.5,1053.9,600,1058.2,1200,0,30600
MGL-II.NFO,07/01/2020,09:31:21,1056.5,1054,600,1058.2,1200,0,30600
MGL-II.NFO,07/01/2020,09:31:22,1056.5,1054.2,600,1058.15,600,0,30600
MGL-II.NFO,07/01/2020,09:31:23,1056.5,1054.5,600,1058.9,1200,0,30600
MGL-II.NFO,07/01/2020,09:31:25,1056.5,1054.7,600,1058.9,1200,0,30600
MGL-II.NFO,07/01/2020,09:31:26,1056.5,1054.9,600,1058.95,1200,0,30600
MGL-II.NFO,07/01/2020,09:31:27,1056.5,1055,600,1058.95,1200,0,30600
MGL-II.NFO,07/01/2020,09:31:28,1056.5,1055.1,600,1059.05,1200,0,30600
MGL-II.NFO,07/01/2020,09:31:29,1056.5,1055.3,600,1059,600,0,30600
MGL-II.NFO,07/01/2020,09:31:30,1056.5,1054.6,600,1058.55,1800,0,30600
MGL-II.NFO,07/01/2020,09:31:31,1056.5,1054.7,600,1058.55,1800,0,30600
MGL-II.NFO,07/01/2020,09:31:32,1056.5,1054.8,600,1058.55,1800,0,30600
MGL-II.NFO,07/01/2020,09:31:33,1056.5,1054.9,600,1058.55,1800,0,30600
MGL-II.NFO,07/01/2020,09:31:34,1056.5,1053.9,600,1058.5,1800,0,30600
MGL-II.NFO,07/01/2020,09:31:35,1056.5,1054.1,600,1058.5,1800,0,30600
MGL-II.NFO,07/01/2020,09:31:37,1056.5,1054.7,600,1058.25,600,0,30600
MGL-II.NFO,07/01/2020,09:31:38,1056.5,1054.8,600,1058.25,600,0,30600
MGL-II.NFO,07/01/2020,09:31:39,1056.5,1054.85,600,1058.25,600,0,30600
MGL-II.NFO,07/01/2020,09:31:44,1056.5,1054.9,600,1058.85,1800,0,30600
MGL-II.NFO,07/01/2020,09:31:45,1056.5,1055.1,600,1058.85,1800,0,30600
MGL-II.NFO,07/01/2020,09:31:46,1056.5,1055.2,600,1058.85,1800,0,30600
MGL-II.NFO,07/01/2020,09:31:53,1056.5,1055.3,600,1058.9,600,0,30600
MGL-II.NFO,07/01/2020,09:31:54,1056.5,1054.15,600,1058.75,1800,0,30600
MGL-II.NFO,07/01/2020,09:31:55,1056.5,1054.55,600,1058.65,600,0,30600
MGL-II.NFO,07/01/2020,09:31:56,1056.5,1054.65,600,1058.65,600,0,30600
MGL-II.NFO,07/01/2020,09:31:57,1056.5,1054.75,600,1058.65,600,0,30600
MGL-II.NFO,07/01/2020,09:31:58,1056.5,1054.95,600,1058.65,600,0,30600
MGL-II.NFO,07/01/2020,09:32:00,1056.5,1055.05,600,1059.05,1800,0,30600
MGL-II.NFO,07/01/2020,09:32:01,1056.5,1055.15,600,1059.05,1800,0,30600
MGL-II.NFO,07/01/2020,09:32:02,1056.5,1055.25,600,1059.05,1800,0,30600
MGL-II.NFO,07/01/2020,09:32:02,1056.5,1055.35,600,1059.05,600,0,30600
MGL-II.NFO,07/01/2020,09:32:03,1056.5,1055.45,600,1059.15,1800,0,30600
MGL-II.NFO,07/01/2020,09:32:04,1056.5,1055.2,600,1059.25,1800,0,30600
MGL-II.NFO,07/01/2020,09:32:05,1056.5,1054.9,600,1059.1,600,0,30600
MGL-II.NFO,07/01/2020,09:32:06,1056.5,1055,600,1059.1,1800,0,30600
MGL-II.NFO,07/01/2020,09:32:08,1056.5,1055.1,600,1059.1,1800,0,30600
MGL-II.NFO,07/01/2020,09:32:09,1056.5,1055.3,600,1059.1,1800,0,30600
MGL-II.NFO,07/01/2020,09:32:10,1056.5,1055.4,600,1059.35,600,0,30600
MGL-II.NFO,07/01/2020,09:32:11,1056.5,1055.5,600,1059.1,600,0,30600
MGL-II.NFO,07/01/2020,09:32:11,1056.5,1055.5,600,1059,1200,0,30600
MGL-II.NFO,07/01/2020,09:32:12,1056.5,1055.6,600,1059,1200,0,30600
MGL-II.NFO,07/01/2020,09:32:13,1056.5,1055.8,600,1059.2,600,0,30600
MGL-II.NFO,07/01/2020,09:32:14,1056.5,1054.55,600,1059.15,1200,0,30600
MGL-II.NFO,07/01/2020,09:32:16,1056.5,1054.75,600,1058.85,600,0,30600
MGL-II.NFO,07/01/2020,09:32:17,1056.5,1054.85,600,1058.45,1200,0,30600
MGL-II.NFO,07/01/2020,09:32:18,1056.5,1054.9,600,1058.45,1800,0,30600
MGL-II.NFO,07/01/2020,09:32:19,1056.5,1054.95,600,1058.45,1200,0,30600
MGL-II.NFO,07/01/2020,09:32:19,1056.5,1055.05,600,1058.45,1200,0,30600
MGL-II.NFO,07/01/2020,09:32:20,1056.5,1054.85,600,1058.45,1200,0,30600
MGL-II.NFO,07/01/2020,09:32:21,1056.5,1054.7,600,1058.2,600,0,30600
MGL-II.NFO,07/01/2020,09:32:23,1056.5,1054.9,600,1058.4,1200,0,30600
MGL-II.NFO,07/01/2020,09:32:25,1056.5,1054.9,600,1058.4,600,0,30600
MGL-II.NFO,07/01/2020,09:32:26,1056.5,1055,600,1058.4,600,0,30600
MGL-II.NFO,07/01/2020,09:32:31,1056.5,1055.1,600,1058.4,600,0,30600
MGL-II.NFO,07/01/2020,09:32:32,1056.5,1055.2,600,1058.4,600,0,30600
MGL-II.NFO,07/01/2020,09:32:33,1056.5,1055.3,600,1058.4,600,0,30600
MGL-II.NFO,07/01/2020,09:32:36,1056.5,1055.4,600,1058.4,600,0,30600
MGL-II.NFO,07/01/2020,09:32:37,1056.5,1054.15,600,1058.05,600,0,30600
MGL-II.NFO,07/01/2020,09:32:38,1056.5,1054.45,600,1058.35,1200,0,30600
MGL-II.NFO,07/01/2020,09:32:40,1056.5,1054.75,600,1058.35,1200,0,30600
MGL-II.NFO,07/01/2020,09:32:41,1056.5,1054.85,600,1058.35,1200,0,30600
MGL-II.NFO,07/01/2020,09:32:42,1056.5,1054.95,600,1058.35,1200,0,30600
MGL-II.NFO,07/01/2020,09:32:45,1056.5,1054.95,600,1058.25,600,0,30600
MGL-II.NFO,07/01/2020,09:32:46,1056.5,1054.95,600,1058.3,1800,0,30600
MGL-II.NFO,07/01/2020,09:32:46,1056.5,1054.95,600,1058.3,600,0,30600
MGL-II.NFO,07/01/2020,09:32:47,1056.5,1055.05,600,1058.3,600,0,30600
MGL-II.NFO,07/01/2020,09:32:49,1056.5,1054.45,600,1058.25,600,0,30600
MGL-II.NFO,07/01/2020,09:32:50,1056.5,1054.65,600,1058.25,1200,0,30600
MGL-II.NFO,07/01/2020,09:32:52,1056.5,1054.75,600,1057.95,600,0,30600
MGL-II.NFO,07/01/2020,09:32:53,1056.5,1054.85,600,1058.2,1800,0,30600
MGL-II.NFO,07/01/2020,09:32:54,1056.5,1054.95,600,1058,1200,0,30600
MGL-II.NFO,07/01/2020,09:32:55,1056.5,1054.95,600,1057.95,600,0,30600
MGL-II.NFO,07/01/2020,09:32:56,1056.5,1054.9,600,1057.75,1200,0,30600
MGL-II.NFO,07/01/2020,09:32:57,1056.5,1054.95,600,1057.95,600,0,30600
MGL-II.NFO,07/01/2020,09:33:00,1056.5,1054.2,600,1058.1,600,0,30600
MGL-II.NFO,07/01/2020,09:33:01,1056.5,1054.4,600,1058.1,1200,0,30600
MGL-II.NFO,07/01/2020,09:33:02,1056.5,1054.6,600,1058.1,1200,0,30600
MGL-II.NFO,07/01/2020,09:33:03,1056.5,1054.7,600,1057.95,600,0,30600
MGL-II.NFO,07/01/2020,09:33:05,1056.5,1054.8,600,1058.15,1200,0,30600
MGL-II.NFO,07/01/2020,09:33:06,1056.5,1054.9,600,1058.15,1800,0,30600
MGL-II.NFO,07/01/2020,09:33:07,1056.5,1055,600,1058.15,1200,0,30600
MGL-II.NFO,07/01/2020,09:33:14,1056.5,1055,600,1058.15,1800,0,30600
MGL-II.NFO,07/01/2020,09:33:14,1056.5,1054.6,600,1058.25,1200,0,30600
MGL-II.NFO,07/01/2020,09:33:15,1056.5,1054.7,600,1058.1,600,0,30600
MGL-II.NFO,07/01/2020,09:33:16,1056.5,1054.8,600,1057.9,600,0,30600
MGL-II.NFO,07/01/2020,09:33:17,1056.5,1054.9,600,1058.1,1800,0,30600
MGL-II.NFO,07/01/2020,09:33:18,1056.5,1054.9,600,1057.7,600,0,30600
MGL-II.NFO,07/01/2020,09:33:21,1056.5,1054.85,600,1057.65,1800,0,30600
MGL-II.NFO,07/01/2020,09:33:22,1056.5,1054.85,600,1057.5,600,0,30600
MGL-II.NFO,07/01/2020,09:33:23,1056.5,1053.9,600,1056.95,600,0,30600
MGL-II.NFO,07/01/2020,09:33:24,1056.5,1054,600,1056.95,600,0,30600
MGL-II.NFO,07/01/2020,09:33:24,1056.5,1054.1,600,1056.95,600,0,30600
MGL-II.NFO,07/01/2020,09:33:25,1056.5,1053.5,1200,1056.45,1200,0,30600
MGL-II.NFO,07/01/2020,09:33:27,1056.5,1053.65,600,1056.45,1200,0,30600
MGL-II.NFO,07/01/2020,09:33:28,1056.5,1053.75,600,1056.45,1200,0,30600
MGL-II.NFO,07/01/2020,09:33:29,1056.5,1053.85,600,1056.45,1200,0,30600
MGL-II.NFO,07/01/2020,09:33:31,1056.5,1053.95,600,1056.95,600,0,30600
MGL-II.NFO,07/01/2020,09:33:32,1056.5,1054.95,600,1059.15,600,0,30600
MGL-II.NFO,07/01/2020,09:33:32,1056.5,1054.95,600,1059.2,1800,0,30600
MGL-II.NFO,07/01/2020,09:33:33,1056.5,1055.25,600,1058.95,600,0,30600
MGL-II.NFO,07/01/2020,09:33:35,1056.5,1054.25,600,1058.4,1800,0,30600
MGL-II.NFO,07/01/2020,09:33:36,1056.5,1054.45,600,1057.95,600,0,30600
MGL-II.NFO,07/01/2020,09:33:37,1056.5,1054.55,600,1058,600,0,30600
MGL-II.NFO,07/01/2020,09:33:37,1056.5,1054.65,600,1058,600,0,30600
MGL-II.NFO,07/01/2020,09:33:38,1056.5,1054.75,600,1058,600,0,30600
MGL-II.NFO,07/01/2020,09:33:39,1056.5,1054.85,600,1058,600,0,30600
MGL-II.NFO,07/01/2020,09:33:40,1056.5,1054.95,600,1058,600,0,30600
MGL-II.NFO,07/01/2020,09:33:41,1056.5,1054.3,600,1058,600,0,30600
MGL-II.NFO,07/01/2020,09:33:42,1056.5,1054.5,600,1057.9,1200,0,30600
MGL-II.NFO,07/01/2020,09:33:43,1056.5,1054.6,600,1057.9,1200,0,30600
MGL-II.NFO,07/01/2020,09:33:44,1056.5,1054.8,600,1057.4,1200,0,30600
MGL-II.NFO,07/01/2020,09:33:45,1056.5,1054.9,600,1057.4,1200,0,30600
MGL-II.NFO,07/01/2020,09:33:46,1056.5,1054.15,600,1057.4,1200,0,30600
MGL-II.NFO,07/01/2020,09:33:47,1056.5,1054.45,600,1057.4,1200,0,30600
MGL-II.NFO,07/01/2020,09:33:48,1056.5,1053.7,600,1057.4,1200,0,30600
MGL-II.NFO,07/01/2020,09:33:49,1056.5,1054.05,600,1057.4,1200,0,30600
MGL-II.NFO,07/01/2020,09:33:50,1056.5,1054.4,600,1057.4,1200,0,30600
MGL-II.NFO,07/01/2020,09:33:51,1056.5,1054.5,600,1057.4,1200,0,30600
MGL-II.NFO,07/01/2020,09:33:52,1056.5,1054.6,600,1057.4,1200,0,30600
MGL-II.NFO,07/01/2020,09:33:53,1056.5,1054.7,600,1057.4,1200,0,30600
MGL-II.NFO,07/01/2020,09:33:54,1056.5,1055.2,600,1058.45,600,0,30600
MGL-II.NFO,07/01/2020,09:33:55,1056.5,1055.4,600,1058.85,600,0,30600
MGL-II.NFO,07/01/2020,09:33:56,1056.5,1055.7,600,1059.35,1800,0,30600
MGL-II.NFO,07/01/2020,09:33:57,1056.5,1055.6,600,1059.25,600,0,30600
MGL-II.NFO,07/01/2020,09:33:58,1056.5,1055.9,600,1059.2,600,0,30600
MGL-II.NFO,07/01/2020,09:34:00,1056.5,1056,600,1059.2,600,0,30600
MGL-II.NFO,07/01/2020,09:34:01,1056.5,1056.1,600,1059.15,600,0,30600
MGL-II.NFO,07/01/2020,09:34:02,1056.5,1056.2,600,1059.15,1200,0,30600
MGL-II.NFO,07/01/2020,09:34:02,1056.5,1056.3,600,1059.15,1200,0,30600
MGL-II.NFO,07/01/2020,09:34:03,1056.5,1056.4,600,1059.15,1200,0,30600
MGL-II.NFO,07/01/2020,09:34:04,1056.5,1056.45,600,1059.15,1200,0,30600
MGL-II.NFO,07/01/2020,09:34:06,1056.5,1056.45,600,1058.95,1800,0,30600
MGL-II.NFO,07/01/2020,09:34:15,1056.5,1055.65,600,1058.95,1800,0,30600
MGL-II.NFO,07/01/2020,09:34:15,1056.5,1055.75,600,1058.95,1800,0,30600
MGL-II.NFO,07/01/2020,09:34:16,1056.5,1055.85,600,1058.95,1800,0,30600
MGL-II.NFO,07/01/2020,09:34:17,1056.5,1055.95,600,1058.95,1800,0,30600
MGL-II.NFO,07/01/2020,09:34:18,1056.5,1056.05,600,1058.95,1800,0,30600
MGL-II.NFO,07/01/2020,09:34:19,1056.5,1056.15,600,1058.95,1800,0,30600
MGL-II.NFO,07/01/2020,09:34:20,1056.5,1056.25,600,1058.95,1800,0,30600
MGL-II.NFO,07/01/2020,09:34:21,1056.5,1056.3,600,1058.95,1800,0,30600
MGL-II.NFO,07/01/2020,09:34:24,1056.5,1056.3,600,1058.95,1200,0,30600
MGL-II.NFO,07/01/2020,09:34:26,1056.5,1055.45,600,1058.95,1800,0,30600
MGL-II.NFO,07/01/2020,09:34:27,1056.5,1055.75,600,1058.95,1800,0,30600
MGL-II.NFO,07/01/2020,09:34:28,1056.5,1055.85,600,1058.95,1800,0,30600
MGL-II.NFO,07/01/2020,09:34:29,1056.5,1055.95,600,1058.95,1800,0,30600
MGL-II.NFO,07/01/2020,09:34:30,1056.5,1056.05,600,1058.95,1800,0,30600
MGL-II.NFO,07/01/2020,09:34:30,1056.5,1056.15,600,1058.95,1800,0,30600
MGL-II.NFO,07/01/2020,09:34:31,1056.5,1056.15,600,1059.1,600,0,30600
MGL-II.NFO,07/01/2020,09:34:32,1056.5,1056.35,600,1059.1,600,0,30600
MGL-II.NFO,07/01/2020,09:34:33,1056.5,1056.45,600,1059.1,600,0,30600
MGL-II.NFO,07/01/2020,09:34:35,1056.5,1054.75,1200,1058.45,600,0,30600
MGL-II.NFO,07/01/2020,09:34:36,1056.5,1055,600,1058.45,600,0,30600
MGL-II.NFO,07/01/2020,09:34:37,1056.5,1055.2,600,1058.95,1800,0,30600
MGL-II.NFO,07/01/2020,09:34:38,1056.5,1054.7,600,1058.85,1800,0,30600
MGL-II.NFO,07/01/2020,09:34:38,1056.5,1054.8,600,1058.85,1800,0,30600
MGL-II.NFO,07/01/2020,09:34:39,1056.5,1055,600,1058.55,1800,0,30600
MGL-II.NFO,07/01/2020,09:34:42,1056.5,1055.3,600,1058.35,1800,0,30600
MGL-II.NFO,07/01/2020,09:34:43,1056.5,1055.4,600,1058.35,1800,0,30600
MGL-II.NFO,07/01/2020,09:34:44,1056.5,1054.85,600,1058.35,1800,0,30600
MGL-II.NFO,07/01/2020,09:34:45,1056.5,1054.95,600,1058.35,1800,0,30600
MGL-II.NFO,07/01/2020,09:34:46,1056.5,1055.05,600,1058.35,1800,0,30600
MGL-II.NFO,07/01/2020,09:34:47,1056.5,1055.15,600,1058.35,1800,0,30600
MGL-II.NFO,07/01/2020,09:34:49,1056.5,1055.35,600,1058.35,1800,0,30600
MGL-II.NFO,07/01/2020,09:34:50,1056.5,1055.2,600,1058.35,1800,0,30600
MGL-II.NFO,07/01/2020,09:34:52,1056.5,1055.4,600,1059.25,1800,0,30600
MGL-II.NFO,07/01/2020,09:34:54,1056.5,1055.6,600,1059.15,1800,0,30600
MGL-II.NFO,07/01/2020,09:34:55,1056.5,1055.7,600,1059.15,1800,0,30600
MGL-II.NFO,07/01/2020,09:34:56,1056.5,1055.8,600,1059.15,1800,0,30600
MGL-II.NFO,07/01/2020,09:34:57,1056.5,1055.9,600,1059.15,1800,0,30600
MGL-II.NFO,07/01/2020,09:34:58,1056.5,1056,600,1059.15,1800,0,30600
MGL-II.NFO,07/01/2020,09:35:00,1056.5,1056.15,600,1058.85,1800,0,30600
MGL-II.NFO,07/01/2020,09:35:01,1056.5,1056.2,600,1059.65,1200,0,30600
MGL-II.NFO,07/01/2020,09:35:01,1056.5,1056.3,600,1059.65,1200,0,30600
MGL-II.NFO,07/01/2020,09:35:02,1056.5,1056.5,600,1059.65,1200,0,30600
MGL-II.NFO,07/01/2020,09:35:03,1056.5,1055.9,600,1059.55,1800,0,30600
MGL-II.NFO,07/01/2020,09:35:04,1056.5,1056,600,1059.55,1800,0,30600
MGL-II.NFO,07/01/2020,09:35:05,1056.5,1056.1,600,1059.55,1800,0,30600
MGL-II.NFO,07/01/2020,09:35:06,1056.5,1056.3,600,1059.55,1800,0,30600
MGL-II.NFO,07/01/2020,09:35:07,1056.5,1056,600,1059.55,1800,0,30600
MGL-II.NFO,07/01/2020,09:35:08,1056.5,1056.1,600,1059.55,1800,0,30600
MGL-II.NFO,07/01/2020,09:35:09,1056.5,1056.2,600,1059.55,1800,0,30600
MGL-II.NFO,07/01/2020,09:35:16,1056.5,1056.1,600,1059.2,1200,0,30600
MGL-II.NFO,07/01/2020,09:35:20,1056.5,1056.2,600,1059.2,1200,0,30600
MGL-II.NFO,07/01/2020,09:35:30,1056.5,1055.55,600,1059.2,1800,0,30600
MGL-II.NFO,07/01/2020,09:35:35,1056.5,1056.25,600,1058.9,1800,0,30600
MGL-II.NFO,07/01/2020,09:35:40,1056.5,1056.05,600,1058.9,1800,0,30600
MGL-II.NFO,07/01/2020,09:35:47,1056.5,1054.75,600,1058.25,1800,0,30600
MGL-II.NFO,07/01/2020,09:35:54,1056.5,1055.9,600,1059.3,600,0,30600
MGL-II.NFO,07/01/2020,09:35:59,1056.5,1055.15,600,1058.7,1200,0,30600
MGL-II.NFO,07/01/2020,09:36:05,1056.5,1055.7,600,1058.5,1800,0,30600
MGL-II.NFO,07/01/2020,09:36:10,1056.5,1055.85,600,1058.4,1800,0,30600
MGL-II.NFO,07/01/2020,09:36:16,1056.5,1055.95,600,1057.25,600,0,30600
MGL-II.NFO,07/01/2020,09:36:22,1056.5,1055.7,600,1058,1200,0,30600
MGL-II.NFO,07/01/2020,09:36:27,1056.5,1055.7,600,1056.95,600,0,30600
MGL-II.NFO,07/01/2020,09:36:32,1056.5,1055.95,600,1058.6,600,0,30600
MGL-II.NFO,07/01/2020,09:36:36,1056.5,1055.5,600,1058.75,1200,0,30600
MGL-II.NFO,07/01/2020,09:36:41,1056.5,1056.1,600,1058.75,1200,0,30600
MGL-II.NFO,07/01/2020,09:36:46,1056.5,1055.7,600,1058.65,600,0,30600
MGL-II.NFO,07/01/2020,09:36:50,1056.5,1056.1,600,1058.65,600,0,30600
MGL-II.NFO,07/01/2020,09:36:55,1056.5,1055.55,600,1058.45,1800,0,30600
MGL-II.NFO,07/01/2020,09:37:00,1056.5,1055.9,600,1058.45,1800,0,30600
MGL-II.NFO,07/01/2020,09:37:04,1056.5,1056.05,600,1058.45,600,0,30600
MGL-II.NFO,07/01/2020,09:37:09,1056.5,1055.55,600,1058.85,1200,0,30600
MGL-II.NFO,07/01/2020,09:37:14,1056.5,1056,600,1058.45,1200,0,30600
MGL-II.NFO,07/01/2020,09:37:18,1056.5,1056,600,1058.25,1800,0,30600
MGL-II.NFO,07/01/2020,09:37:22,1056.5,1056.45,600,1059.6,1800,0,30600
MGL-II.NFO,07/01/2020,09:37:27,1056.5,1056.8,600,1059.4,1800,0,30600
MGL-II.NFO,07/01/2020,09:37:32,1056.5,1056.45,600,1059.3,1800,0,30600
MGL-II.NFO,07/01/2020,09:37:37,1056.5,1056.4,600,1059.1,2400,0,30600
MGL-II.NFO,07/01/2020,09:37:40,1056.5,1056.4,600,1059,1800,0,30600
MGL-II.NFO,07/01/2020,09:37:44,1056.5,1055.85,600,1058.6,1200,0,30600
MGL-II.NFO,07/01/2020,09:37:48,1056.5,1056.25,600,1058.75,600,0,30600
MGL-II.NFO,07/01/2020,09:37:52,1056.5,1056.65,600,1059.65,600,0,30600
MGL-II.NFO,07/01/2020,09:37:57,1056.5,1057.2,600,1060.5,600,0,30600
MGL-II.NFO,07/01/2020,09:38:01,1056.5,1057.3,600,1060.5,600,0,30600
MGL-II.NFO,07/01/2020,09:38:06,1056.5,1056.85,600,1060.4,1800,0,30600
MGL-II.NFO,07/01/2020,09:38:10,1056.5,1056.6,600,1059.85,1200,0,30600
MGL-II.NFO,07/01/2020,09:38:15,1056.5,1057.1,600,1059.85,1800,0,30600
MGL-II.NFO,07/01/2020,09:38:19,1056.5,1057.35,600,1059.85,1800,0,30600
MGL-II.NFO,07/01/2020,09:38:27,1056.5,1056.85,600,1059.85,600,0,30600
MGL-II.NFO,07/01/2020,09:38:31,1056.5,1057.35,600,1059.85,600,0,30600
MGL-II.NFO,07/01/2020,09:38:36,1056.5,1056.85,600,1059.85,600,0,30600
MGL-II.NFO,07/01/2020,09:38:40,1056.5,1057.45,600,1059.9,600,0,30600
MGL-II.NFO,07/01/2020,09:38:44,1056.5,1057.7,600,1059.9,600,0,30600
MGL-II.NFO,07/01/2020,09:38:49,1056.5,1057.1,1200,1059.9,600,0,30600
MGL-II.NFO,07/01/2020,09:38:53,1056.5,1057.65,600,1059.9,600,0,30600
MGL-II.NFO,07/01/2020,09:38:58,1056.5,1057.85,600,1060.4,1800,0,30600
MGL-II.NFO,07/01/2020,09:39:02,1056.5,1057.85,600,1060.25,600,0,30600
MGL-II.NFO,07/01/2020,09:39:10,1056.5,1058.15,600,1060.4,600,0,30600
MGL-II.NFO,07/01/2020,09:39:15,1056.5,1058.15,600,1061.2,600,0,30600
MGL-II.NFO,07/01/2020,09:39:20,1056.5,1058.7,600,1062,600,0,30600
MGL-II.NFO,07/01/2020,09:39:24,1056.5,1059.4,600,1062,600,0,30600
MGL-II.NFO,07/01/2020,09:39:29,1056.5,1059.5,600,1062,600,0,30600
MGL-II.NFO,07/01/2020,09:39:34,1056.5,1059.75,600,1062,600,0,30600
MGL-II.NFO,07/01/2020,09:39:38,1056.5,1059.4,600,1062,600,0,30600
MGL-II.NFO,07/01/2020,09:39:42,1056.5,1059.45,600,1062.05,600,0,30600
MGL-II.NFO,07/01/2020,09:39:46,1056.5,1059.3,600,1062.05,600,0,30600
MGL-II.NFO,07/01/2020,09:39:50,1056.5,1059.7,600,1062.05,600,0,30600
MGL-II.NFO,07/01/2020,09:39:54,1056.5,1058.45,600,1062.05,1200,0,30600
MGL-II.NFO,07/01/2020,09:39:58,1056.5,1059.05,600,1061.95,1200,0,30600
MGL-II.NFO,07/01/2020,09:40:02,1056.5,1059.2,600,1061.45,1200,0,30600
MGL-II.NFO,07/01/2020,09:40:07,1056.5,1059.4,600,1062.05,600,0,30600
MGL-II.NFO,07/01/2020,09:40:12,1056.5,1059.65,600,1062.05,600,0,30600
MGL-II.NFO,07/01/2020,09:40:18,1056.5,1059.8,600,1062.05,600,0,30600
MGL-II.NFO,07/01/2020,09:40:23,1056.5,1059.3,600,1062.05,600,0,30600
MGL-II.NFO,07/01/2020,09:40:28,1056.5,1059.65,600,1062.05,600,0,30600
MGL-II.NFO,07/01/2020,09:40:32,1056.5,1059.75,600,1062.05,600,0,30600
MGL-II.NFO,07/01/2020,09:40:37,1056.5,1059.85,600,1062.05,600,0,30600
MGL-II.NFO,07/01/2020,09:40:43,1056.5,1059.5,600,1062.75,600,0,30600
MGL-II.NFO,07/01/2020,09:40:47,1056.5,1060.3,600,1062.8,600,0,30600
MGL-II.NFO,07/01/2020,09:40:52,1056.5,1060.35,600,1063.9,600,0,30600
MGL-II.NFO,07/01/2020,09:40:56,1056.5,1060.15,600,1063.45,1800,0,30600
MGL-II.NFO,07/01/2020,09:41:01,1056.5,1060.05,600,1063.6,1800,0,30600
MGL-II.NFO,07/01/2020,09:41:07,1056.5,1060.65,600,1063.65,600,0,30600
MGL-II.NFO,07/01/2020,09:41:13,1056.5,1061.25,600,1063.7,1200,0,30600
MGL-II.NFO,07/01/2020,09:41:14,1056.5,1061.3,600,1063.7,600,0,30600
MGL-II.NFO,07/01/2020,09:41:17,1056.5,1061.3,600,1063.7,1200,0,30600
MGL-II.NFO,07/01/2020,09:41:18,1056.5,1060.95,600,1063.6,1200,0,30600
MGL-II.NFO,07/01/2020,09:41:19,1056.5,1061.05,600,1063.6,1200,0,30600
MGL-II.NFO,07/01/2020,09:41:20,1056.5,1060.6,600,1063.6,600,0,30600
MGL-II.NFO,07/01/2020,09:41:21,1056.5,1060.7,600,1063.6,600,0,30600
MGL-II.NFO,07/01/2020,09:41:22,1056.5,1060.9,600,1063.6,600,0,30600
MGL-II.NFO,07/01/2020,09:41:24,1056.5,1061,600,1063.6,600,0,30600
MGL-II.NFO,07/01/2020,09:41:25,1056.5,1061.1,600,1063.6,1200,0,30600
MGL-II.NFO,07/01/2020,09:41:26,1056.5,1061.15,600,1063.6,1200,0,30600
MGL-II.NFO,07/01/2020,09:41:27,1056.5,1061.2,600,1063.6,1200,0,30600
MGL-II.NFO,07/01/2020,09:41:27,1056.5,1061.2,600,1063.6,600,0,30600
MGL-II.NFO,07/01/2020,09:41:28,1056.5,1061.25,600,1063.6,600,0,30600
MGL-II.NFO,07/01/2020,09:41:31,1056.5,1060.65,600,1063.6,600,0,30600
MGL-II.NFO,07/01/2020,09:41:32,1056.5,1061.6,600,1064.4,600,0,30600
MGL-II.NFO,07/01/2020,09:41:33,1056.5,1061.8,600,1064.4,600,0,30600
MGL-II.NFO,07/01/2020,09:41:34,1056.5,1061.9,600,1064.4,600,0,30600
MGL-II.NFO,07/01/2020,09:41:35,1056.5,1062,600,1064.7,1200,0,30600
MGL-II.NFO,07/01/2020,09:41:36,1056.5,1062.1,600,1064.7,1200,0,30600
MGL-II.NFO,07/01/2020,09:41:37,1056.5,1061.9,600,1064.75,600,0,30600
MGL-II.NFO,07/01/2020,09:41:38,1056.5,1061.95,600,1064.75,1800,0,30600
MGL-II.NFO,07/01/2020,09:41:39,1056.5,1061,600,1064.65,1800,0,30600
MGL-II.NFO,07/01/2020,09:41:40,1056.5,1061.1,600,1064.65,2400,0,30600
MGL-II.NFO,07/01/2020,09:41:41,1056.5,1061.3,600,1064.45,1800,0,30600
MGL-II.NFO,07/01/2020,09:41:42,1056.5,1061.5,600,1064.45,1200,0,30600
MGL-II.NFO,07/01/2020,09:41:43,1056.5,1061.6,600,1064.45,1200,0,30600
MGL-II.NFO,07/01/2020,09:41:43,1056.5,1061.6,600,1064.45,1800,0,30600
MGL-II.NFO,07/01/2020,09:41:44,1056.5,1061.65,600,1064.2,600,0,30600
MGL-II.NFO,07/01/2020,09:41:45,1056.5,1061,600,1064.2,600,0,30600
MGL-II.NFO,07/01/2020,09:41:46,1056.5,1061.1,600,1064.2,600,0,30600
MGL-II.NFO,07/01/2020,09:41:47,1056.5,1061.2,600,1064.2,600,0,30600
MGL-II.NFO,07/01/2020,09:41:48,1056.5,1061.3,600,1064.2,600,0,30600
MGL-II.NFO,07/01/2020,09:41:49,1056.5,1061.4,600,1064.05,1200,0,30600
MGL-II.NFO,07/01/2020,09:41:50,1056.5,1061.45,600,1064.05,1200,0,30600
MGL-II.NFO,07/01/2020,09:41:51,1056.5,1061.45,600,1064,1800,0,30600
MGL-II.NFO,07/01/2020,09:41:59,1056.5,1061.5,600,1064,1800,0,30600
MGL-II.NFO,07/01/2020,09:42:00,1056.5,1060.65,1200,1064,1800,0,30600
MGL-II.NFO,07/01/2020,09:42:01,1056.5,1060.8,600,1064,1800,0,30600
MGL-II.NFO,07/01/2020,09:42:02,1056.5,1060.9,600,1064,1800,0,30600
MGL-II.NFO,07/01/2020,09:42:03,1056.5,1061.1,600,1064,1800,0,30600
MGL-II.NFO,07/01/2020,09:42:04,1056.5,1061.2,600,1064,1800,0,30600
MGL-II.NFO,07/01/2020,09:42:05,1056.5,1061.3,600,1064,1800,0,30600
MGL-II.NFO,07/01/2020,09:42:06,1056.5,1061.5,600,1064,1800,0,30600
MGL-II.NFO,07/01/2020,09:42:08,1056.5,1061.55,600,1064,1800,0,30600
MGL-II.NFO,07/01/2020,09:42:12,1056.5,1060.55,600,1064,1800,0,30600
MGL-II.NFO,07/01/2020,09:42:16,1056.5,1061.05,600,1064.05,1800,0,30600
MGL-II.NFO,07/01/2020,09:42:23,1056.5,1059.55,600,1062.6,600,0,30600
MGL-II.NFO,07/01/2020,09:42:30,1056.5,1060.3,600,1062.6,600,0,30600
MGL-II.NFO,07/01/2020,09:42:37,1056.5,1058.8,600,1062.05,600,0,30600
MGL-II.NFO,07/01/2020,09:42:43,1056.5,1059.3,600,1061.75,1800,0,30600
MGL-II.NFO,07/01/2020,09:42:50,1056.5,1058.9,600,1061.65,1800,0,30600
MGL-II.NFO,07/01/2020,09:42:56,1056.5,1057.25,600,1060.75,1800,0,30600
MGL-II.NFO,07/01/2020,09:43:02,1056.5,1057.45,600,1060.7,1200,0,30600
MGL-II.NFO,07/01/2020,09:43:08,1056.5,1057.55,600,1060.75,1200,0,30600
MGL-II.NFO,07/01/2020,09:43:12,1056.5,1058.35,600,1060.8,600,0,30600
MGL-II.NFO,07/01/2020,09:43:13,1056.5,1058.45,600,1060.8,600,0,30600
MGL-II.NFO,07/01/2020,09:43:14,1056.5,1058.55,600,1060.8,600,0,30600
MGL-II.NFO,07/01/2020,09:43:16,1056.5,1058.6,600,1060.8,600,0,30600
MGL-II.NFO,07/01/2020,09:43:22,1056.5,1058.7,600,1060.8,600,0,30600
MGL-II.NFO,07/01/2020,09:43:25,1056.5,1058.85,600,1061.6,600,0,30600
MGL-II.NFO,07/01/2020,09:43:26,1056.5,1058.85,600,1062.05,600,0,30600
MGL-II.NFO,07/01/2020,09:43:27,1056.5,1059.05,600,1062,600,0,30600
MGL-II.NFO,07/01/2020,09:43:28,1056.5,1059.15,600,1062,600,0,30600
MGL-II.NFO,07/01/2020,09:43:29,1056.5,1059.25,600,1062,600,0,30600
MGL-II.NFO,07/01/2020,09:43:30,1056.5,1059.35,600,1062,600,0,30600
MGL-II.NFO,07/01/2020,09:43:31,1056.5,1059.45,600,1062,600,0,30600
MGL-II.NFO,07/01/2020,09:43:32,1056.5,1059.5,600,1062,600,0,30600
MGL-II.NFO,07/01/2020,09:43:34,1056.5,1058.2,1200,1062,1800,0,30600
MGL-II.NFO,07/01/2020,09:43:35,1056.5,1058.2,1200,1061.6,1800,0,30600
MGL-II.NFO,07/01/2020,09:43:36,1056.5,1058.2,1200,1061.5,1800,0,30600
MGL-II.NFO,07/01/2020,09:43:37,1056.5,1058.2,1200,1061.35,1800,0,30600
MGL-II.NFO,07/01/2020,09:43:41,1056.5,1058.2,1200,1061.25,1800,0,30600
MGL-II.NFO,07/01/2020,09:43:43,1056.5,1058.25,600,1060.95,1800,0,30600
MGL-II.NFO,07/01/2020,09:43:45,1056.5,1058.25,600,1060.75,600,0,30600
MGL-II.NFO,07/01/2020,09:43:48,1056.5,1058.35,600,1060.9,600,0,30600
MGL-II.NFO,07/01/2020,09:43:49,1056.5,1058.45,600,1060.9,600,0,30600
MGL-II.NFO,07/01/2020,09:43:59,1056.5,1058.5,600,1060.8,600,0,30600
MGL-II.NFO,07/01/2020,09:44:00,1056.5,1058.5,600,1060.9,600,0,30600
MGL-II.NFO,07/01/2020,09:44:01,1056.5,1058.5,600,1061,600,0,30600
MGL-II.NFO,07/01/2020,09:44:02,1056.5,1058.55,600,1061,600,0,30600
MGL-II.NFO,07/01/2020,09:44:03,1056.5,1058.55,600,1061.05,1200,0,30600
MGL-II.NFO,07/01/2020,09:44:12,1056.5,1057.7,600,1060.95,600,0,30600
MGL-II.NFO,07/01/2020,09:44:18,1056.5,1058.3,600,1061,600,0,30600
MGL-II.NFO,07/01/2020,09:44:23,1056.5,1058.5,600,1061,1800,0,30600
MGL-II.NFO,07/01/2020,09:44:28,1056.5,1057.8,600,1060.7,600,0,30600
MGL-II.NFO,07/01/2020,09:44:34,1056.5,1058.4,600,1060.7,600,0,30600
MGL-II.NFO,07/01/2020,09:44:39,1056.5,1058.45,600,1060.7,600,0,30600
MGL-II.NFO,07/01/2020,09:44:53,1056.5,1057.7,600,1060.7,600,0,30600
MGL-II.NFO,07/01/2020,09:44:59,1056.5,1058.3,600,1060.7,600,0,30600
MGL-II.NFO,07/01/2020,09:45:04,1056.5,1057.55,600,1059.9,1200,0,30600
MGL-II.NFO,07/01/2020,09:45:11,1056.5,1057.6,600,1059.9,1200,0,30600
MGL-II.NFO,07/01/2020,09:45:30,1056.5,1057.2,600,1060,1800,0,30600
MGL-II.NFO,07/01/2020,09:45:36,1056.5,1056.75,600,1059.9,1800,0,30600
MGL-II.NFO,07/01/2020,09:45:42,1056.5,1057.35,600,1059.75,600,0,30600
MGL-II.NFO,07/01/2020,09:45:47,1056.5,1056.7,600,1059.75,600,0,30600
MGL-II.NFO,07/01/2020,09:45:53,1056.5,1057.3,600,1059.95,600,0,30600
MGL-II.NFO,07/01/2020,09:45:58,1056.5,1057.45,600,1059.95,600,0,30600
MGL-II.NFO,07/01/2020,09:46:04,1056.5,1057.55,600,1059.9,1200,0,30600
MGL-II.NFO,07/01/2020,09:46:15,1056.5,1056.95,600,1060.05,600,0,30600
MGL-II.NFO,07/01/2020,09:46:19,1056.5,1057.25,600,1060.05,1800,0,30600
MGL-II.NFO,07/01/2020,09:46:24,1056.5,1056.9,600,1059.7,1800,0,30600
MGL-II.NFO,07/01/2020,09:46:29,1056.5,1054.05,600,1057.7,600,0,30600
MGL-II.NFO,07/01/2020,09:46:34,1056.5,1053.8,1200,1057.5,1800,0,30600
MGL-II.NFO,07/01/2020,09:46:39,1056.5,1053.9,600,1057.15,600,0,30600
MGL-II.NFO,07/01/2020,09:46:44,1056.5,1054.5,600,1057.1,600,0,30600
MGL-II.NFO,07/01/2020,09:46:48,1056.5,1054.6,600,1057.1,600,0,30600
MGL-II.NFO,07/01/2020,09:46:53,1056.5,1054.65,600,1057.2,1200,0,30600
MGL-II.NFO,07/01/2020,09:46:57,1056.5,1054.1,600,1057.25,1200,0,30600
MGL-II.NFO,07/01/2020,09:47:02,1056.5,1054.6,600,1057.2,600,0,30600
MGL-II.NFO,07/01/2020,09:47:07,1056.5,1053.95,600,1057.15,1200,0,30600
MGL-II.NFO,07/01/2020,09:47:11,1056.5,1053.85,600,1057.15,600,0,30600
MGL-II.NFO,07/01/2020,09:47:12,1056.5,1053.95,600,1057.15,600,0,30600
MGL-II.NFO,07/01/2020,09:47:13,1056.5,1054.05,600,1057.15,600,0,30600
MGL-II.NFO,07/01/2020,09:47:14,1056.5,1054.15,600,1057.15,600,0,30600
MGL-II.NFO,07/01/2020,09:47:15,1056.5,1054.25,600,1057.15,600,0,30600
MGL-II.NFO,07/01/2020,09:47:15,1056.5,1054.35,600,1057.15,600,0,30600
MGL-II.NFO,07/01/2020,09:47:17,1056.5,1054.45,600,1057.15,600,0,30600
MGL-II.NFO,07/01/2020,09:47:17,1056.5,1054.55,600,1057.15,600,0,30600
MGL-II.NFO,07/01/2020,09:47:18,1056.5,1053.8,600,1057.15,600,0,30600
MGL-II.NFO,07/01/2020,09:47:20,1056.5,1053.9,600,1057.15,600,0,30600
MGL-II.NFO,07/01/2020,09:47:20,1056.5,1054,600,1057.15,600,0,30600
MGL-II.NFO,07/01/2020,09:47:21,1056.5,1054.1,600,1057.15,600,0,30600
MGL-II.NFO,07/01/2020,09:47:22,1056.5,1054.3,600,1057.15,600,0,30600
MGL-II.NFO,07/01/2020,09:47:24,1056.5,1053.75,1200,1057.15,600,0,30600
MGL-II.NFO,07/01/2020,09:47:24,1056.5,1053.9,600,1057.15,600,0,30600
MGL-II.NFO,07/01/2020,09:47:25,1056.5,1054,600,1057.15,600,0,30600
MGL-II.NFO,07/01/2020,09:47:27,1056.5,1054.1,600,1057.15,600,0,30600
MGL-II.NFO,07/01/2020,09:47:28,1056.5,1054.2,600,1057.15,600,0,30600
MGL-II.NFO,07/01/2020,09:47:29,1056.5,1054.3,600,1057.15,600,0,30600
MGL-II.NFO,07/01/2020,09:47:29,1056.5,1054.4,600,1057.15,1200,0,30600
MGL-II.NFO,07/01/2020,09:47:31,1056.5,1053.85,600,1057.15,1200,0,30600
MGL-II.NFO,07/01/2020,09:47:32,1056.5,1054.1,600,1057.15,1200,0,30600
MGL-II.NFO,07/01/2020,09:47:33,1056.5,1054.2,600,1057.15,1200,0,30600
MGL-II.NFO,07/01/2020,09:47:34,1056.5,1054.3,600,1057.15,1200,0,30600
MGL-II.NFO,07/01/2020,09:47:44,1056.5,1054.3,600,1057.15,1800,0,30600
MGL-II.NFO,07/01/2020,09:47:44,1056.5,1054.4,600,1057.15,1800,0,30600
MGL-II.NFO,07/01/2020,09:47:45,1056.5,1054.5,600,1057.15,1800,0,30600
MGL-II.NFO,07/01/2020,09:47:46,1056.5,1054.4,600,1057.15,1800,0,30600
MGL-II.NFO,07/01/2020,09:47:48,1056.5,1054.5,600,1057.15,1800,0,30600
MGL-II.NFO,07/01/2020,09:47:49,1056.5,1054.6,600,1057.15,1800,0,30600
MGL-II.NFO,07/01/2020,09:47:49,1056.5,1054.7,600,1057.15,1800,0,30600
MGL-II.NFO,07/01/2020,09:47:50,1056.5,1054.8,600,1057.15,1800,0,30600
MGL-II.NFO,07/01/2020,09:47:51,1056.5,1054.85,600,1057.15,1800,0,30600
MGL-II.NFO,07/01/2020,09:47:59,1056.5,1054.95,600,1057.15,1800,0,30600
MGL-II.NFO,07/01/2020,09:48:26,1056.5,1054.4,1200,1057.7,1800,0,30600
MGL-II.NFO,07/01/2020,09:48:29,1056.5,1054.8,600,1057.6,1800,0,30600
MGL-II.NFO,07/01/2020,09:48:33,1056.5,1055.1,600,1057.6,1800,0,30600
MGL-II.NFO,07/01/2020,09:48:38,1056.5,1054.4,600,1057.4,1800,0,30600
MGL-II.NFO,07/01/2020,09:48:42,1056.5,1054.8,600,1057.45,1200,0,30600
MGL-II.NFO,07/01/2020,09:48:47,1056.5,1054.65,600,1057.45,1800,0,30600
MGL-II.NFO,07/01/2020,09:48:51,1056.5,1054.4,600,1057.45,1800,0,30600
MGL-II.NFO,07/01/2020,09:48:55,1056.5,1054.8,600,1057.45,1800,0,30600
MGL-II.NFO,07/01/2020,09:48:59,1056.5,1055.05,600,1057.45,1800,0,30600
MGL-II.NFO,07/01/2020,09:49:03,1056.5,1054.8,600,1057.25,1800,0,30600
MGL-II.NFO,07/01/2020,09:49:08,1056.5,1055.05,600,1057.45,1200,0,30600
MGL-II.NFO,07/01/2020,09:49:18,1056.5,1054.5,600,1057.45,1800,0,30600
MGL-II.NFO,07/01/2020,09:49:23,1056.5,1055,600,1057.45,1800,0,30600
MGL-II.NFO,07/01/2020,09:49:29,1056.5,1054.95,600,1057.2,600,0,30600
MGL-II.NFO,07/01/2020,09:49:35,1056.5,1054.95,600,1057.15,1200,0,30600
MGL-II.NFO,07/01/2020,09:49:40,1056.5,1055,600,1057.15,1200,0,30600
MGL-II.NFO,07/01/2020,09:49:45,1056.5,1053.4,600,1056.1,1200,0,30600
MGL-II.NFO,07/01/2020,09:49:50,1056.5,1053.85,600,1056.1,1200,0,30600
MGL-II.NFO,07/01/2020,09:49:55,1056.5,1053.85,600,1055.9,1200,0,30600
MGL-II.NFO,07/01/2020,09:50:10,1056.5,1053.85,600,1055.15,600,0,30600
MGL-II.NFO,07/01/2020,09:50:16,1056.5,1052.65,600,1054.85,1200,0,30600
MGL-II.NFO,07/01/2020,09:50:20,1056.5,1052.95,600,1055.35,1800,0,30600
MGL-II.NFO,07/01/2020,09:50:25,1056.5,1052.95,600,1055.1,600,0,30600
MGL-II.NFO,07/01/2020,09:50:40,1056.5,1053.15,600,1055.45,1200,0,30600
MGL-II.NFO,07/01/2020,09:50:46,1056.5,1053.15,600,1055.45,1800,0,30600
MGL-II.NFO,07/01/2020,09:50:52,1056.5,1052.25,600,1054.45,600,0,30600
MGL-II.NFO,07/01/2020,09:50:56,1056.5,1050.95,600,1053.4,600,0,30600
MGL-II.NFO,07/01/2020,09:51:01,1056.5,1050.55,600,1053.75,1800,0,30600
MGL-II.NFO,07/01/2020,09:51:06,1056.5,1050.95,600,1053.8,1800,0,30600
MGL-II.NFO,07/01/2020,09:51:11,1056.5,1050.95,600,1054.35,600,0,30600
MGL-II.NFO,07/01/2020,09:51:12,1056.5,1051.15,600,1054.35,1800,0,30600
MGL-II.NFO,07/01/2020,09:51:13,1056.5,1050.55,600,1054.55,1800,0,30600
MGL-II.NFO,07/01/2020,09:51:14,1056.5,1050.55,600,1053.6,600,0,30600
MGL-II.NFO,07/01/2020,09:51:15,1056.5,1050.65,600,1053.3,600,0,30600
MGL-II.NFO,07/01/2020,09:51:16,1056.5,1050.75,600,1053.9,600,0,30600
MGL-II.NFO,07/01/2020,09:51:17,1056.5,1050.85,600,1053.9,1200,0,30600
MGL-II.NFO,07/01/2020,09:51:18,1056.5,1051.05,600,1054.5,1800,0,30600
MGL-II.NFO,07/01/2020,09:51:19,1056.5,1050.65,600,1053.85,600,0,30600
MGL-II.NFO,07/01/2020,09:51:20,1056.5,1050.9,600,1054.35,1800,0,30600
MGL-II.NFO,07/01/2020,09:51:21,1056.5,1049.85,1800,1054.05,1800,0,30600
MGL-II.NFO,07/01/2020,09:51:22,1056.5,1050.75,600,1054.55,1200,0,30600
MGL-II.NFO,07/01/2020,09:51:23,1056.5,1050.5,600,1053.95,600,0,30600
MGL-II.NFO,07/01/2020,09:51:24,1056.5,1050.6,1200,1054.35,1800,0,30600
MGL-II.NFO,07/01/2020,09:51:25,1056.5,1050.6,600,1054.05,1200,0,30600
MGL-II.NFO,07/01/2020,09:51:26,1056.5,1050.7,600,1054.1,1200,0,30600
MGL-II.NFO,07/01/2020,09:51:26,1056.5,1051.45,1200,1054.75,600,0,30600
MGL-II.NFO,07/01/2020,09:51:28,1056.5,1051.7,600,1054.75,600,0,30600
MGL-II.NFO,07/01/2020,09:51:29,1056.5,1051.65,600,1054.75,1200,0,30600
MGL-II.NFO,07/01/2020,09:51:30,1056.5,1051.75,600,1054.75,1800,0,30600
MGL-II.NFO,07/01/2020,09:51:31,1056.5,1051.85,600,1054.75,1800,0,30600
MGL-II.NFO,07/01/2020,09:51:32,1056.5,1051.95,600,1054.75,1800,0,30600
MGL-II.NFO,07/01/2020,09:51:34,1056.5,1051.65,600,1054.35,1800,0,30600
MGL-II.NFO,07/01/2020,09:51:34,1056.5,1051.75,600,1054.35,1800,0,30600
MGL-II.NFO,07/01/2020,09:51:36,1056.5,1051.75,600,1054.7,1800,0,30600
MGL-II.NFO,07/01/2020,09:51:37,1056.5,1051.85,600,1054.7,1800,0,30600
MGL-II.NFO,07/01/2020,09:51:37,1056.5,1051.95,600,1054.7,1200,0,30600
MGL-II.NFO,07/01/2020,09:51:38,1056.5,1051.95,600,1054.4,1200,0,30600
MGL-II.NFO,07/01/2020,09:51:40,1056.5,1052.05,600,1054.4,1200,0,30600
MGL-II.NFO,07/01/2020,09:51:41,1056.5,1052.15,600,1054.4,1200,0,30600
MGL-II.NFO,07/01/2020,09:51:42,1056.5,1051.7,600,1054.4,1200,0,30600
MGL-II.NFO,07/01/2020,09:51:43,1056.5,1051.8,600,1054.4,1200,0,30600
MGL-II.NFO,07/01/2020,09:51:44,1056.5,1051.9,600,1054.2,1800,0,30600
MGL-II.NFO,07/01/2020,09:51:46,1056.5,1051.6,600,1054.2,1800,0,30600
MGL-II.NFO,07/01/2020,09:51:47,1056.5,1051.9,600,1054.75,600,0,30600
MGL-II.NFO,07/01/2020,09:51:48,1056.5,1052,600,1054.75,600,0,30600
MGL-II.NFO,07/01/2020,09:51:48,1056.5,1051.7,600,1054.75,600,0,30600
MGL-II.NFO,07/01/2020,09:51:49,1056.5,1051.8,600,1054.75,600,0,30600
MGL-II.NFO,07/01/2020,09:51:50,1056.5,1051.9,600,1054.75,600,0,30600
MGL-II.NFO,07/01/2020,09:51:52,1056.5,1051.6,600,1054.75,600,0,30600
MGL-II.NFO,07/01/2020,09:51:52,1056.5,1051.8,1200,1054.75,1200,0,30600
MGL-II.NFO,07/01/2020,09:51:53,1056.5,1051.9,600,1054.75,600,0,30600
MGL-II.NFO,07/01/2020,09:51:54,1056.5,1052.1,600,1054.75,1200,0,30600
MGL-II.NFO,07/01/2020,09:51:56,1056.5,1052.2,600,1054.75,600,0,30600
MGL-II.NFO,07/01/2020,09:51:56,1056.5,1052.3,600,1054.75,600,0,30600
MGL-II.NFO,07/01/2020,09:51:57,1056.5,1052.4,600,1054.75,600,0,30600
MGL-II.NFO,07/01/2020,09:51:59,1056.5,1052.5,600,1054.75,600,0,30600
MGL-II.NFO,07/01/2020,09:52:00,1056.5,1051.45,600,1054.75,600,0,30600
MGL-II.NFO,07/01/2020,09:52:01,1056.5,1051.75,600,1054.75,600,0,30600
MGL-II.NFO,07/01/2020,09:52:02,1056.5,1051.75,600,1054.75,1800,0,30600
MGL-II.NFO,07/01/2020,09:52:03,1056.5,1051.85,600,1054.75,1800,0,30600
MGL-II.NFO,07/01/2020,09:52:04,1056.5,1052.05,600,1054.75,1800,0,30600
MGL-II.NFO,07/01/2020,09:52:05,1056.5,1052.15,600,1054.75,1800,0,30600
MGL-II.NFO,07/01/2020,09:52:05,1056.5,1052.2,600,1054.75,1800,0,30600
MGL-II.NFO,07/01/2020,09:52:07,1056.5,1052.3,600,1054.75,1800,0,30600
MGL-II.NFO,07/01/2020,09:52:11,1056.5,1052.3,600,1054.75,600,0,30600
MGL-II.NFO,07/01/2020,09:52:13,1056.5,1052.55,600,1055.5,1800,0,30600
MGL-II.NFO,07/01/2020,09:52:14,1056.5,1052.6,600,1055.4,1800,0,30600
MGL-II.NFO,07/01/2020,09:52:15,1056.5,1052.6,600,1054.95,600,0,30600
MGL-II.NFO,07/01/2020,09:52:20,1056.5,1052.6,600,1055.1,1200,0,30600
MGL-II.NFO,07/01/2020,09:52:24,1056.5,1052.6,600,1055,1800,0,30600
MGL-II.NFO,07/01/2020,09:52:26,1056.5,1051.65,600,1055,1800,0,30600
MGL-II.NFO,07/01/2020,09:52:27,1056.5,1051.85,600,1055,1800,0,30600
MGL-II.NFO,07/01/2020,09:52:28,1056.5,1051.95,600,1055,1800,0,30600
MGL-II.NFO,07/01/2020,09:52:28,1056.5,1052.05,600,1055,1800,0,30600
MGL-II.NFO,07/01/2020,09:52:29,1056.5,1051.55,1200,1055,1800,0,30600
MGL-II.NFO,07/01/2020,09:52:30,1056.5,1051.75,600,1055,1800,0,30600
MGL-II.NFO,07/01/2020,09:52:37,1056.5,1052.5,600,1055.5,1200,0,30600
MGL-II.NFO,07/01/2020,09:52:38,1056.5,1052.6,600,1055.5,1200,0,30600
MGL-II.NFO,07/01/2020,09:52:39,1056.5,1052.7,600,1055.5,1200,0,30600
MGL-II.NFO,07/01/2020,09:52:40,1056.5,1052.8,600,1055.5,1200,0,30600
MGL-II.NFO,07/01/2020,09:52:41,1056.5,1052.8,600,1055.4,1800,0,30600
MGL-II.NFO,07/01/2020,09:52:42,1056.5,1053,600,1055.2,600,0,30600
MGL-II.NFO,07/01/2020,09:52:43,1056.5,1053.05,600,1055.2,600,0,30600
MGL-II.NFO,07/01/2020,09:52:46,1056.5,1051.65,600,1054.7,1800,0,30600
MGL-II.NFO,07/01/2020,09:52:47,1056.5,1051.7,600,1054.8,600,0,30600
MGL-II.NFO,07/01/2020,09:52:47,1056.5,1051.7,600,1054.8,1800,0,30600
MGL-II.NFO,07/01/2020,09:52:49,1056.5,1052,600,1054.8,1800,0,30600
MGL-II.NFO,07/01/2020,09:52:50,1056.5,1052.1,600,1054.8,1800,0,30600
MGL-II.NFO,07/01/2020,09:52:51,1056.5,1052.1,600,1054.8,1200,0,30600
MGL-II.NFO,07/01/2020,09:52:52,1056.5,1052.3,600,1054.8,600,0,30600
MGL-II.NFO,07/01/2020,09:52:53,1056.5,1052.35,600,1054.8,1800,0,30600
MGL-II.NFO,07/01/2020,09:52:54,1056.5,1051.75,600,1054.75,600,0,30600
MGL-II.NFO,07/01/2020,09:52:55,1056.5,1051.85,600,1054.75,600,0,30600
MGL-II.NFO,07/01/2020,09:52:55,1056.5,1051.95,600,1054.75,600,0,30600
MGL-II.NFO,07/01/2020,09:52:57,1056.5,1052.05,600,1054.75,600,0,30600
MGL-II.NFO,07/01/2020,09:52:58,1056.5,1052.15,600,1054.75,600,0,30600
MGL-II.NFO,07/01/2020,09:52:59,1056.5,1051.55,1200,1054.6,600,0,30600
MGL-II.NFO,07/01/2020,09:53:00,1056.5,1051.55,600,1054.4,600,0,30600
MGL-II.NFO,07/01/2020,09:53:01,1056.5,1051.65,600,1054.4,600,0,30600
MGL-II.NFO,07/01/2020,09:53:02,1056.5,1051.55,600,1054.7,1200,0,30600
MGL-II.NFO,07/01/2020,09:53:03,1056.5,1051.55,600,1054.65,600,0,30600
MGL-II.NFO,07/01/2020,09:53:04,1056.5,1051.75,600,1054.65,600,0,30600
MGL-II.NFO,07/01/2020,09:53:05,1056.5,1051.85,600,1054.75,1200,0,30600
MGL-II.NFO,07/01/2020,09:53:06,1056.5,1052.05,600,1054.75,1200,0,30600
MGL-II.NFO,07/01/2020,09:53:07,1056.5,1052.15,600,1054.75,1200,0,30600
MGL-II.NFO,07/01/2020,09:53:08,1056.5,1051.85,1200,1055.1,1800,0,30600
MGL-II.NFO,07/01/2020,09:53:10,1056.5,1051.95,1200,1055.1,1800,0,30600
MGL-II.NFO,07/01/2020,09:53:11,1056.5,1051.95,1200,1055,1200,0,30600
MGL-II.NFO,07/01/2020,09:53:12,1056.5,1052.05,1200,1055.3,1200,0,30600
MGL-II.NFO,07/01/2020,09:53:14,1056.5,1052.25,600,1055.3,1800,0,30600
MGL-II.NFO,07/01/2020,09:53:19,1056.5,1051.8,600,1054.75,1800,0,30600
MGL-II.NFO,07/01/2020,09:53:24,1056.5,1051.5,600,1054.35,600,0,30600
MGL-II.NFO,07/01/2020,09:53:29,1056.5,1051.45,600,1054.2,600,0,30600
MGL-II.NFO,07/01/2020,09:53:34,1056.5,1051.6,600,1054.1,1800,0,30600
MGL-II.NFO,07/01/2020,09:53:39,1056.5,1051.75,600,1054.15,600,0,30600
MGL-II.NFO,07/01/2020,09:53:44,1056.5,1051.5,600,1054.05,1200,0,30600
MGL-II.NFO,07/01/2020,09:53:49,1056.5,1051.75,600,1054.05,600,0,30600
MGL-II.NFO,07/01/2020,09:53:54,1056.5,1051.95,600,1054.4,600,0,30600
MGL-II.NFO,07/01/2020,09:53:57,1056.5,1051.9,600,1054.4,600,0,30600
MGL-II.NFO,07/01/2020,09:54:06,1056.5,1051.65,600,1054.65,2400,0,30600
MGL-II.NFO,07/01/2020,09:54:11,1056.5,1051.85,600,1054.55,1800,0,30600
MGL-II.NFO,07/01/2020,09:54:15,1056.5,1051.85,600,1054.45,1800,0,30600
MGL-II.NFO,07/01/2020,09:54:20,1056.5,1051.85,600,1054.35,1800,0,30600
MGL-II.NFO,07/01/2020,09:54:24,1056.5,1051.55,600,1054.05,2400,0,30600
MGL-II.NFO,07/01/2020,09:54:29,1056.5,1051.25,600,1054.05,600,0,30600
MGL-II.NFO,07/01/2020,09:54:33,1056.5,1051.75,600,1054.2,1800,0,30600
MGL-II.NFO,07/01/2020,09:54:38,1056.5,1051.7,600,1055.2,1800,0,30600
MGL-II.NFO,07/01/2020,09:54:43,1056.5,1051.75,600,1054.5,1800,0,30600
MGL-II.NFO,07/01/2020,09:54:47,1056.5,1052.1,600,1054.5,1800,0,30600
MGL-II.NFO,07/01/2020,09:54:52,1056.5,1051.8,600,1054.3,1200,0,30600
MGL-II.NFO,07/01/2020,09:54:57,1056.5,1052.05,600,1054.4,600,0,30600
MGL-II.NFO,07/01/2020,09:55:01,1056.5,1052.4,600,1055.05,1200,0,30600
MGL-II.NFO,07/01/2020,09:55:06,1056.5,1052.8,600,1055.45,600,0,30600
MGL-II.NFO,07/01/2020,09:55:11,1056.5,1052.95,600,1055.45,1800,0,30600
MGL-II.NFO,07/01/2020,09:55:17,1056.5,1052.4,600,1055.35,1800,0,30600
MGL-II.NFO,07/01/2020,09:55:21,1056.5,1052.15,600,1055.25,1800,0,30600
MGL-II.NFO,07/01/2020,09:55:26,1056.5,1052.7,600,1055.15,1800,0,30600
MGL-II.NFO,07/01/2020,09:55:40,1056.5,1052.85,600,1055.2,600,0,30600
MGL-II.NFO,07/01/2020,09:55:45,1056.5,1053.1,600,1055.2,600,0,30600
MGL-II.NFO,07/01/2020,09:55:50,1056.5,1052.5,600,1055.35,1800,0,30600
MGL-II.NFO,07/01/2020,09:55:54,1056.5,1051.9,1200,1055.25,1800,0,30600
MGL-II.NFO,07/01/2020,09:55:59,1056.5,1052.4,600,1055.1,1200,0,30600
MGL-II.NFO,07/01/2020,09:56:04,1056.5,1052.45,600,1055.05,600,0,30600
MGL-II.NFO,07/01/2020,09:56:09,1056.5,1052.75,600,1055.05,600,0,30600
MGL-II.NFO,07/01/2020,09:56:14,1056.5,1052.7,600,1054.95,1200,0,30600
MGL-II.NFO,07/01/2020,09:56:19,1056.5,1051.85,600,1054.65,1800,0,30600
MGL-II.NFO,07/01/2020,09:56:25,1056.5,1052.15,600,1054.85,600,0,30600
MGL-II.NFO,07/01/2020,09:56:30,1056.5,1052.6,600,1054.85,600,0,30600
MGL-II.NFO,07/01/2020,09:56:36,1056.5,1052.7,600,1055.05,600,0,30600
MGL-II.NFO,07/01/2020,09:56:41,1056.5,1052.8,600,1055.05,600,0,30600
MGL-II.NFO,07/01/2020,09:56:45,1056.5,1052.35,600,1055.05,600,0,30600
MGL-II.NFO,07/01/2020,09:56:49,1056.5,1052.65,600,1055.05,600,0,30600
MGL-II.NFO,07/01/2020,09:56:54,1056.5,1052.5,600,1055,600,0,30600
MGL-II.NFO,07/01/2020,09:56:58,1056.5,1052.55,600,1055,600,0,30600
MGL-II.NFO,07/01/2020,09:57:12,1056.5,1052.65,600,1055,600,0,30600
MGL-II.NFO,07/01/2020,09:57:15,1056.5,1052.25,1800,1055,600,0,30600
MGL-II.NFO,07/01/2020,09:57:19,1056.5,1052.45,1200,1055,600,0,30600
MGL-II.NFO,07/01/2020,09:57:24,1056.5,1052.6,600,1055,1200,0,30600
MGL-II.NFO,07/01/2020,09:57:29,1056.5,1052.6,600,1055,600,0,30600
MGL-II.NFO,07/01/2020,09:57:33,1056.5,1052.6,600,1053.95,600,0,30600
MGL-II.NFO,07/01/2020,09:57:36,1056.5,1052.6,600,1054.7,600,0,30600
MGL-II.NFO,07/01/2020,09:57:58,1056.5,1052.6,600,1054.7,1200,0,30600
MGL-II.NFO,07/01/2020,09:58:03,1056.5,1052.6,600,1054.7,600,0,30600
MGL-II.NFO,07/01/2020,09:58:12,1056.5,1051.85,600,1054.7,1200,0,30600
MGL-II.NFO,07/01/2020,09:58:16,1056.5,1050.95,1200,1054.1,600,0,30600
MGL-II.NFO,07/01/2020,09:58:20,1056.5,1051.45,600,1054.2,600,0,30600
MGL-II.NFO,07/01/2020,09:58:25,1056.5,1051.8,600,1054.25,600,0,30600
MGL-II.NFO,07/01/2020,09:58:30,1056.5,1051.35,600,1054.35,1800,0,30600
MGL-II.NFO,07/01/2020,09:58:34,1056.5,1051.75,600,1054.3,600,0,30600
MGL-II.NFO,07/01/2020,09:58:37,1056.5,1051.85,600,1054.3,1800,0,30600
MGL-II.NFO,07/01/2020,09:58:42,1056.5,1051.3,600,1053.85,600,0,30600
MGL-II.NFO,07/01/2020,09:58:48,1056.5,1051.55,600,1053.8,1200,0,30600
MGL-II.NFO,07/01/2020,09:58:54,1056.5,1051.55,600,1053.8,600,0,30600
MGL-II.NFO,07/01/2020,09:59:00,1056.5,1051.75,600,1054.25,1800,0,30600
MGL-II.NFO,07/01/2020,09:59:05,1056.5,1051.3,600,1053.95,1800,0,30600
MGL-II.NFO,07/01/2020,09:59:11,1056.5,1051.45,600,1053.55,600,0,30600
MGL-II.NFO,07/01/2020,09:59:17,1056.5,1051.45,600,1052.7,600,0,30600
MGL-II.NFO,07/01/2020,09:59:38,1056.5,1051.45,600,1052.6,600,0,30600
MGL-II.NFO,07/01/2020,09:59:44,1056.5,1051.65,600,1054,1800,0,30600
MGL-II.NFO,07/01/2020,09:59:49,1056.5,1051.2,600,1053.6,1800,0,30600
MGL-II.NFO,07/01/2020,09:59:55,1056.5,1051.25,600,1053.6,1800,0,30600
MGL-II.NFO,07/01/2020,10:00:00,1056.5,1050.75,600,1052.1,600,0,30600
MGL-II.NFO,07/01/2020,10:00:05,1056.5,1050.4,600,1051.8,600,0,30600
MGL-II.NFO,07/01/2020,10:00:11,1056.5,1050.4,600,1052.6,1200,0,30600
MGL-II.NFO,07/01/2020,10:00:16,1056.5,1050.5,600,1051.55,600,0,30600
MGL-II.NFO,07/01/2020,10:00:22,1056.5,1050.6,600,1052.75,600,0,30600
MGL-II.NFO,07/01/2020,10:00:27,1056.5,1050.7,600,1053.05,600,0,30600
MGL-II.NFO,07/01/2020,10:00:38,1056.5,1050.7,600,1051.8,600,0,30600
MGL-II.NFO,07/01/2020,10:00:44,1056.5,1049.9,600,1052.55,600,0,30600
MGL-II.NFO,07/01/2020,10:00:52,1056.5,1049.9,600,1052.35,1800,0,30600
MGL-II.NFO,07/01/2020,10:00:58,1056.5,1049.4,1200,1051.85,600,0,30600
MGL-II.NFO,07/01/2020,10:01:04,1056.5,1049.65,1200,1053.1,2400,0,30600
MGL-II.NFO,07/01/2020,10:01:10,1056.5,1049.7,600,1052.7,2400,0,30600
MGL-II.NFO,07/01/2020,10:01:16,1056.5,1049.4,1200,1052.3,1800,0,30600
MGL-II.NFO,07/01/2020,10:01:23,1056.5,1049.7,600,1051.05,600,0,30600
MGL-II.NFO,07/01/2020,10:01:29,1056.5,1047.9,600,1050.7,600,0,30600
MGL-II.NFO,07/01/2020,10:01:35,1056.5,1047.9,600,1050.35,1200,0,30600
MGL-II.NFO,07/01/2020,10:01:41,1056.5,1048,600,1050.55,1200,0,30600
MGL-II.NFO,07/01/2020,10:01:47,1056.5,1047.55,600,1050.5,1800,0,30600
MGL-II.NFO,07/01/2020,10:01:52,1056.5,1047.85,600,1050.5,1800,0,30600
MGL-II.NFO,07/01/2020,10:01:57,1056.5,1047.85,600,1050.85,600,0,30600
MGL-II.NFO,07/01/2020,10:02:03,1056.5,1048.65,600,1051.3,600,0,30600
MGL-II.NFO,07/01/2020,10:02:08,1056.5,1048.75,600,1051.3,1200,0,30600
MGL-II.NFO,07/01/2020,10:02:14,1056.5,1049.1,600,1051.8,600,0,30600
MGL-II.NFO,07/01/2020,10:02:19,1056.5,1049.25,1200,1051.85,600,0,30600
MGL-II.NFO,07/01/2020,10:02:24,1056.5,1048.6,600,1051.5,600,0,30600
MGL-II.NFO,07/01/2020,10:02:30,1056.5,1048.6,600,1051.45,1200,0,30600
MGL-II.NFO,07/01/2020,10:02:47,1056.5,1048.7,1200,1051.85,600,0,30600
MGL-II.NFO,07/01/2020,10:02:51,1056.5,1049.3,600,1051.85,600,0,30600
MGL-II.NFO,07/01/2020,10:02:57,1056.5,1049.55,600,1051.85,600,0,30600
MGL-II.NFO,07/01/2020,10:03:02,1056.5,1049.5,600,1051.85,600,0,30600
MGL-II.NFO,07/01/2020,10:03:11,1056.5,1048.45,600,1051.85,1200,0,30600
MGL-II.NFO,07/01/2020,10:03:16,1056.5,1049.05,600,1051.85,1800,0,30600
MGL-II.NFO,07/01/2020,10:03:21,1056.5,1049.2,600,1051.85,1800,0,30600
MGL-II.NFO,07/01/2020,10:03:30,1056.5,1048.6,600,1051.85,1800,0,30600
MGL-II.NFO,07/01/2020,10:03:35,1056.5,1049.1,600,1051.85,1800,0,30600
MGL-II.NFO,07/01/2020,10:03:39,1056.5,1048.4,600,1051.85,1800,0,30600
MGL-II.NFO,07/01/2020,10:03:43,1056.5,1048.6,600,1051.85,1800,0,30600
MGL-II.NFO,07/01/2020,10:03:48,1056.5,1048.9,600,1051.85,1800,0,30600
MGL-II.NFO,07/01/2020,10:03:52,1056.5,1048.6,600,1051.65,1800,0,30600
MGL-II.NFO,07/01/2020,10:04:03,1056.5,1048.15,1200,1051.15,600,0,30600
MGL-II.NFO,07/01/2020,10:04:07,1056.5,1048.75,600,1051.15,600,0,30600
MGL-II.NFO,07/01/2020,10:04:12,1056.5,1048.6,600,1051.15,600,0,30600
MGL-II.NFO,07/01/2020,10:04:16,1056.5,1049.1,600,1051.6,600,0,30600
MGL-II.NFO,07/01/2020,10:04:20,1056.5,1049.05,600,1051.4,600,0,30600
MGL-II.NFO,07/01/2020,10:04:25,1056.5,1049.15,600,1051.4,600,0,30600
MGL-II.NFO,07/01/2020,10:04:33,1056.5,1049.55,600,1051.85,600,0,30600
MGL-II.NFO,07/01/2020,10:04:43,1056.5,1049.05,600,1051.85,600,0,30600
MGL-II.NFO,07/01/2020,10:04:48,1056.5,1048.2,600,1051.85,1800,0,30600
MGL-II.NFO,07/01/2020,10:04:52,1056.5,1048.7,600,1051.75,1800,0,30600
MGL-II.NFO,07/01/2020,10:05:01,1056.5,1048.5,600,1051.65,1800,0,30600
MGL-II.NFO,07/01/2020,10:05:06,1056.5,1048.95,600,1051.25,1200,0,30600
MGL-II.NFO,07/01/2020,10:05:10,1056.5,1048.45,600,1051.2,1800,0,30600
MGL-II.NFO,07/01/2020,10:05:14,1056.5,1048.5,600,1051.2,1800,0,30600
MGL-II.NFO,07/01/2020,10:05:39,1056.5,1048.5,600,1051.1,1800,0,30600
MGL-II.NFO,07/01/2020,10:05:45,1056.5,1048,600,1051.1,1800,0,30600
MGL-II.NFO,07/01/2020,10:05:51,1056.5,1048.6,600,1051.75,1800,0,30600
MGL-II.NFO,07/01/2020,10:05:56,1056.5,1048.95,600,1051.65,1800,0,30600
MGL-II.NFO,07/01/2020,10:06:02,1056.5,1047.5,2400,1051.55,1800,0,30600
MGL-II.NFO,07/01/2020,10:06:07,1056.5,1048.3,600,1051.35,2400,0,30600
MGL-II.NFO,07/01/2020,10:06:12,1056.5,1048.6,600,1051.25,1800,0,30600
MGL-II.NFO,07/01/2020,10:06:18,1056.5,1048.6,600,1051.15,1800,0,30600
MGL-II.NFO,07/01/2020,10:06:23,1056.5,1048.6,600,1051,600,0,30600
MGL-II.NFO,07/01/2020,10:06:29,1056.5,1048.6,600,1051,1800,0,30600
MGL-II.NFO,07/01/2020,10:06:35,1056.5,1048.35,600,1050.95,600,0,30600
MGL-II.NFO,07/01/2020,10:06:40,1056.5,1048.75,600,1051.15,600,0,30600
MGL-II.NFO,07/01/2020,10:06:46,1056.5,1048.2,600,1051.15,1800,0,30600
MGL-II.NFO,07/01/2020,10:06:52,1056.5,1048.6,600,1051.15,1800,0,30600
MGL-II.NFO,07/01/2020,10:06:57,1056.5,1048.6,600,1051.05,1800,0,30600
MGL-II.NFO,07/01/2020,10:07:08,1056.5,1048.35,600,1051.05,1800,0,30600
MGL-II.NFO,07/01/2020,10:07:14,1056.5,1048.6,600,1051.05,1800,0,30600
MGL-II.NFO,07/01/2020,10:07:19,1056.5,1048.2,600,1051.05,1800,0,30600
MGL-II.NFO,07/01/2020,10:07:25,1056.5,1048.45,600,1050.95,1800,0,30600
MGL-II.NFO,07/01/2020,10:07:56,1056.5,1047.7,600,1050.85,1200,0,30600
MGL-II.NFO,07/01/2020,10:08:01,1056.5,1048.3,600,1051.1,1200,0,30600
MGL-II.NFO,07/01/2020,10:08:05,1056.5,1048.65,600,1051.1,1200,0,30600
MGL-II.NFO,07/01/2020,10:08:10,1056.5,1048,600,1051.1,1200,0,30600
MGL-II.NFO,07/01/2020,10:08:14,1056.5,1048.5,600,1051.15,1200,0,30600
MGL-II.NFO,07/01/2020,10:08:19,1056.5,1047.65,600,1050.85,1800,0,30600
MGL-II.NFO,07/01/2020,10:08:23,1056.5,1048.15,600,1050.75,1800,0,30600
MGL-II.NFO,07/01/2020,10:08:28,1056.5,1048.2,600,1050.75,1800,0,30600
MGL-II.NFO,07/01/2020,10:08:33,1056.5,1047.95,600,1051.05,1200,0,30600
MGL-II.NFO,07/01/2020,10:08:39,1056.5,1048.55,600,1051.05,1200,0,30600
MGL-II.NFO,07/01/2020,10:08:44,1056.5,1048.6,600,1051.05,1200,0,30600
MGL-II.NFO,07/01/2020,10:08:48,1056.5,1048.7,600,1051.05,1200,0,30600
MGL-II.NFO,07/01/2020,10:08:56,1056.5,1047.7,600,1051.05,1200,0,30600
MGL-II.NFO,07/01/2020,10:09:00,1056.5,1048.3,600,1051.05,1800,0,30600
MGL-II.NFO,07/01/2020,10:09:05,1056.5,1047.6,600,1050.95,1800,0,30600
MGL-II.NFO,07/01/2020,10:09:09,1056.5,1047.5,600,1050.85,1800,0,30600
MGL-II.NFO,07/01/2020,10:09:13,1056.5,1048,600,1050.75,1800,0,30600
MGL-II.NFO,07/01/2020,10:09:18,1056.5,1048.15,600,1050.75,1800,0,30600
MGL-II.NFO,07/01/2020,10:09:22,1056.5,1048.15,600,1050.65,1800,0,30600
MGL-II.NFO,07/01/2020,10:09:26,1056.5,1048.4,600,1051.05,1800,0,30600
MGL-II.NFO,07/01/2020,10:09:31,1056.5,1048.45,600,1050.95,1800,0,30600
MGL-II.NFO,07/01/2020,10:09:35,1056.5,1047.85,600,1050.95,1800,0,30600
MGL-II.NFO,07/01/2020,10:09:39,1056.5,1048.25,600,1050.65,1200,0,30600
MGL-II.NFO,07/01/2020,10:09:43,1056.5,1048.3,600,1050.65,1200,0,30600
MGL-II.NFO,07/01/2020,10:09:47,1056.5,1048.3,600,1050.65,1800,0,30600
MGL-II.NFO,07/01/2020,10:09:52,1056.5,1048.3,600,1049.6,600,0,30600
MGL-II.NFO,07/01/2020,10:09:57,1056.5,1047.4,600,1048.6,600,0,30600
MGL-II.NFO,07/01/2020,10:10:02,1056.5,1047.4,600,1048.65,600,0,30600
MGL-II.NFO,07/01/2020,10:10:21,1056.5,1047.65,600,1050.05,1200,0,30600
MGL-II.NFO,07/01/2020,10:10:25,1056.5,1047.6,600,1050.05,1200,0,30600
MGL-II.NFO,07/01/2020,10:10:29,1056.5,1047.6,600,1050.05,1800,0,30600
MGL-II.NFO,07/01/2020,10:10:47,1056.5,1047.6,600,1049.95,1800,0,30600
MGL-II.NFO,07/01/2020,10:10:51,1056.5,1047.85,600,1050.6,1200,0,30600
MGL-II.NFO,07/01/2020,10:10:55,1056.5,1046.95,600,1050.5,1800,0,30600
MGL-II.NFO,07/01/2020,10:10:59,1056.5,1047.5,600,1050.3,1200,0,30600
MGL-II.NFO,07/01/2020,10:11:04,1056.5,1046.5,1800,1050.95,1800,0,30600
MGL-II.NFO,07/01/2020,10:11:08,1056.5,1047.1,600,1050.4,600,0,30600
MGL-II.NFO,07/01/2020,10:11:12,1056.5,1047.6,600,1050.4,1200,0,30600
MGL-II.NFO,07/01/2020,10:11:23,1056.5,1047.2,1200,1050.5,1200,0,30600
MGL-II.NFO,07/01/2020,10:11:29,1056.5,1047.7,600,1050.5,1800,0,30600
MGL-II.NFO,07/01/2020,10:11:34,1056.5,1048.2,600,1050.5,1800,0,30600
MGL-II.NFO,07/01/2020,10:11:39,1056.5,1047.8,600,1050.3,1200,0,30600
MGL-II.NFO,07/01/2020,10:11:44,1056.5,1048.15,600,1050.3,600,0,30600
MGL-II.NFO,07/01/2020,10:11:54,1056.5,1047.5,600,1050.3,600,0,30600
MGL-II.NFO,07/01/2020,10:12:00,1056.5,1047.45,600,1050.3,1200,0,30600
MGL-II.NFO,07/01/2020,10:12:05,1056.5,1048,600,1050.3,600,0,30600
MGL-II.NFO,07/01/2020,10:12:11,1056.5,1047.8,600,1050.3,600,0,30600
MGL-II.NFO,07/01/2020,10:12:17,1056.5,1048.3,600,1051.1,1800,0,30600
MGL-II.NFO,07/01/2020,10:12:22,1056.5,1047.8,600,1051.15,1800,0,30600
MGL-II.NFO,07/01/2020,10:12:26,1056.5,1048.3,600,1051.15,1800,0,30600
MGL-II.NFO,07/01/2020,10:12:31,1056.5,1048.75,600,1051.15,1800,0,30600
MGL-II.NFO,07/01/2020,10:12:40,1056.5,1047.9,600,1051.05,1800,0,30600
MGL-II.NFO,07/01/2020,10:12:45,1056.5,1047.7,600,1050.95,1800,0,30600
MGL-II.NFO,07/01/2020,10:12:50,1056.5,1048.2,600,1050.95,1800,0,30600
MGL-II.NFO,07/01/2020,10:12:55,1056.5,1048.5,600,1050.95,1200,0,30600
MGL-II.NFO,07/01/2020,10:13:01,1056.5,1048.7,600,1050.95,1200,0,30600
MGL-II.NFO,07/01/2020,10:13:06,1056.5,1048.5,600,1051.15,600,0,30600
MGL-II.NFO,07/01/2020,10:13:16,1056.5,1048.1,600,1051.2,600,0,30600
MGL-II.NFO,07/01/2020,10:13:22,1056.5,1048.5,600,1051.05,600,0,30600
MGL-II.NFO,07/01/2020,10:13:27,1056.5,1047.85,600,1050.45,1200,0,30600
MGL-II.NFO,07/01/2020,10:13:31,1056.5,1048.2,600,1050.45,1800,0,30600
MGL-II.NFO,07/01/2020,10:13:35,1056.5,1048.2,600,1050.45,1200,0,30600
MGL-II.NFO,07/01/2020,10:13:44,1056.5,1047.85,600,1051.05,2400,0,30600
MGL-II.NFO,07/01/2020,10:13:50,1056.5,1047.6,600,1051.25,1200,0,30600
MGL-II.NFO,07/01/2020,10:13:56,1056.5,1048.4,600,1051.25,1800,0,30600
MGL-II.NFO,07/01/2020,10:14:00,1056.5,1049,600,1051.4,600,0,30600
MGL-II.NFO,07/01/2020,10:14:05,1056.5,1048.9,600,1051.4,600,0,30600
MGL-II.NFO,07/01/2020,10:14:10,1056.5,1049.4,600,1051.95,1800,0,30600
MGL-II.NFO,07/01/2020,10:14:14,1056.5,1049.55,600,1051.95,1800,0,30600
MGL-II.NFO,07/01/2020,10:14:26,1056.5,1049.65,600,1051.95,1800,0,30600
MGL-II.NFO,07/01/2020,10:14:31,1056.5,1050.35,600,1053.4,1800,0,30600
MGL-II.NFO,07/01/2020,10:14:36,1056.5,1050.85,600,1053.4,1800,0,30600
MGL-II.NFO,07/01/2020,10:14:41,1056.5,1050.9,600,1053.4,1800,0,30600
MGL-II.NFO,07/01/2020,10:14:46,1056.5,1050.45,600,1053.2,1800,0,30600
MGL-II.NFO,07/01/2020,10:14:51,1056.5,1050.35,600,1053.2,1800,0,30600
MGL-II.NFO,07/01/2020,10:14:55,1056.5,1050.75,600,1053.2,1800,0,30600
MGL-II.NFO,07/01/2020,10:15:01,1056.5,1050.5,600,1053.2,1800,0,30600
MGL-II.NFO,07/01/2020,10:15:06,1056.5,1050.6,600,1054.1,600,0,30600
MGL-II.NFO,07/01/2020,10:15:11,1056.5,1050.8,600,1054,1800,0,30600
MGL-II.NFO,07/01/2020,10:15:16,1056.5,1050.75,600,1053.35,600,0,30600
MGL-II.NFO,07/01/2020,10:15:22,1056.5,1050.55,600,1053.25,1800,0,30600
MGL-II.NFO,07/01/2020,10:15:26,1056.5,1050.45,600,1053.25,1800,0,30600
MGL-II.NFO,07/01/2020,10:15:31,1056.5,1049.55,600,1052.65,600,0,30600
MGL-II.NFO,07/01/2020,10:15:36,1056.5,1049.6,600,1052.55,1800,0,30600
MGL-II.NFO,07/01/2020,10:15:40,1056.5,1048.95,600,1052.45,1800,0,30600
MGL-II.NFO,07/01/2020,10:15:46,1056.5,1049.45,600,1052.35,1200,0,30600
MGL-II.NFO,07/01/2020,10:15:52,1056.5,1049.2,600,1052.6,1800,0,30600
MGL-II.NFO,07/01/2020,10:15:58,1056.5,1049.8,600,1052.5,1800,0,30600
MGL-II.NFO,07/01/2020,10:16:02,1056.5,1049.5,600,1052.4,1800,0,30600
MGL-II.NFO,07/01/2020,10:16:07,1056.5,1049.45,600,1052.55,1800,0,30600
MGL-II.NFO,07/01/2020,10:16:11,1056.5,1050.15,600,1052.75,1200,0,30600
MGL-II.NFO,07/01/2020,10:16:20,1056.5,1050.3,600,1052.65,1200,0,30600
MGL-II.NFO,07/01/2020,10:16:24,1056.5,1050.25,600,1052.8,1800,0,30600
MGL-II.NFO,07/01/2020,10:16:34,1056.5,1050.3,600,1052.8,1800,0,30600
MGL-II.NFO,07/01/2020,10:16:39,1056.5,1050.05,600,1052.7,1800,0,30600
MGL-II.NFO,07/01/2020,10:16:45,1056.5,1050.25,600,1052.7,1800,0,30600
MGL-II.NFO,07/01/2020,10:16:49,1056.5,1050.2,600,1052.7,1800,0,30600
MGL-II.NFO,07/01/2020,10:16:58,1056.5,1049.65,600,1052.7,1800,0,30600
MGL-II.NFO,07/01/2020,10:17:02,1056.5,1049.6,600,1052.6,1800,0,30600
MGL-II.NFO,07/01/2020,10:17:06,1056.5,1049.9,600,1052.6,1800,0,30600
MGL-II.NFO,07/01/2020,10:17:11,1056.5,1050.15,600,1052.6,1800,0,30600
MGL-II.NFO,07/01/2020,10:17:16,1056.5,1049.75,600,1052.5,1800,0,30600
MGL-II.NFO,07/01/2020,10:17:19,1056.5,1049.9,600,1052.4,1800,0,30600
MGL-II.NFO,07/01/2020,10:17:23,1056.5,1050.15,600,1052.6,600,0,30600
MGL-II.NFO,07/01/2020,10:17:27,1056.5,1049.35,600,1052.5,600,0,30600
MGL-II.NFO,07/01/2020,10:17:37,1056.5,1049.45,600,1052.35,600,0,30600
MGL-II.NFO,07/01/2020,10:17:42,1056.5,1049.85,600,1052.35,600,0,30600
MGL-II.NFO,07/01/2020,10:17:47,1056.5,1049.3,600,1052.3,1200,0,30600
MGL-II.NFO,07/01/2020,10:17:52,1056.5,1049.8,600,1052.1,600,0,30600
MGL-II.NFO,07/01/2020,10:17:57,1056.5,1049.6,600,1052.15,600,0,30600
MGL-II.NFO,07/01/2020,10:18:01,1056.5,1049.4,600,1052.25,1800,0,30600
MGL-II.NFO,07/01/2020,10:18:06,1056.5,1049,600,1052.15,1800,0,30600
MGL-II.NFO,07/01/2020,10:18:10,1056.5,1049.4,600,1052.15,1800,0,30600
MGL-II.NFO,07/01/2020,10:18:14,1056.5,1049,600,1052.15,1800,0,30600
MGL-II.NFO,07/01/2020,10:18:18,1056.5,1049.5,600,1052.15,1800,0,30600
MGL-II.NFO,07/01/2020,10:18:22,1056.5,1049.25,600,1052.4,600,0,30600
MGL-II.NFO,07/01/2020,10:18:26,1056.5,1049.75,600,1052.4,600,0,30600
MGL-II.NFO,07/01/2020,10:18:30,1056.5,1049.45,600,1052.4,600,0,30600
MGL-II.NFO,07/01/2020,10:18:35,1056.5,1049.95,600,1052.75,600,0,30600
MGL-II.NFO,07/01/2020,10:18:40,1056.5,1049.05,600,1052.55,1800,0,30600
MGL-II.NFO,07/01/2020,10:18:46,1056.5,1049.75,600,1052.45,1800,0,30600
MGL-II.NFO,07/01/2020,10:18:51,1056.5,1049.65,600,1052.45,1800,0,30600
MGL-II.NFO,07/01/2020,10:18:56,1056.5,1049.7,600,1052.15,1200,0,30600
MGL-II.NFO,07/01/2020,10:19:05,1056.5,1049.8,600,1052.15,1200,0,30600
MGL-II.NFO,07/01/2020,10:19:19,1056.5,1049.35,600,1052.15,1800,0,30600
MGL-II.NFO,07/01/2020,10:19:24,1056.5,1049.75,600,1052.15,1800,0,30600
MGL-II.NFO,07/01/2020,10:19:28,1056.5,1049.3,600,1052.15,600,0,30600
MGL-II.NFO,07/01/2020,10:19:32,1056.5,1048.9,600,1052.15,1800,0,30600
MGL-II.NFO,07/01/2020,10:19:35,1056.5,1049.2,600,1052.15,1800,0,30600
MGL-II.NFO,07/01/2020,10:19:38,1056.5,1049.6,600,1052.15,1800,0,30600
MGL-II.NFO,07/01/2020,10:19:42,1056.5,1049.65,600,1052.15,1800,0,30600
MGL-II.NFO,07/01/2020,10:19:45,1056.5,1049,600,1052.15,1800,0,30600
MGL-II.NFO,07/01/2020,10:19:49,1056.5,1049.4,600,1052.15,1800,0,30600
MGL-II.NFO,07/01/2020,10:19:54,1056.5,1049.7,600,1052.15,600,0,30600
MGL-II.NFO,07/01/2020,10:19:58,1056.5,1049.9,600,1052.15,600,0,30600
MGL-II.NFO,07/01/2020,10:20:09,1056.5,1049.65,600,1052.15,600,0,30600
MGL-II.NFO,07/01/2020,10:20:14,1056.5,1049.95,600,1052.15,600,0,30600
MGL-II.NFO,07/01/2020,10:20:19,1056.5,1050.1,600,1052.2,600,0,30600
MGL-II.NFO,07/01/2020,10:20:36,1056.5,1049.7,600,1052.85,1800,0,30600
MGL-II.NFO,07/01/2020,10:20:40,1056.5,1049.7,600,1052.65,1800,0,30600
MGL-II.NFO,07/01/2020,10:20:45,1056.5,1049.65,600,1052.45,1800,0,30600
MGL-II.NFO,07/01/2020,10:20:49,1056.5,1049.8,600,1052.35,1800,0,30600
MGL-II.NFO,07/01/2020,10:20:53,1056.5,1049.3,600,1052.25,1800,0,30600
MGL-II.NFO,07/01/2020,10:20:56,1056.5,1049.7,600,1052.25,1800,0,30600
MGL-II.NFO,07/01/2020,10:21:00,1056.5,1049.35,600,1052.25,1800,0,30600
MGL-II.NFO,07/01/2020,10:21:04,1056.5,1049.1,600,1052.15,1800,0,30600
MGL-II.NFO,07/01/2020,10:21:08,1056.5,1049.5,600,1051.95,600,0,30600
MGL-II.NFO,07/01/2020,10:21:12,1056.5,1049,600,1051.95,1800,0,30600
MGL-II.NFO,07/01/2020,10:21:17,1056.5,1049.4,600,1051.95,1800,0,30600
MGL-II.NFO,07/01/2020,10:21:20,1056.5,1048.9,600,1051.95,1200,0,30600
MGL-II.NFO,07/01/2020,10:21:24,1056.5,1049.55,600,1051.95,1200,0,30600
MGL-II.NFO,07/01/2020,10:21:28,1056.5,1049.8,600,1051.95,1200,0,30600
MGL-II.NFO,07/01/2020,10:21:34,1056.5,1049.1,600,1051.95,1200,0,30600
MGL-II.NFO,07/01/2020,10:21:37,1056.5,1049.25,600,1051.45,1200,0,30600
MGL-II.NFO,07/01/2020,10:21:40,1056.5,1049.35,600,1050.65,600,0,30600
MGL-II.NFO,07/01/2020,10:21:58,1056.5,1049.35,600,1050.6,600,0,30600
MGL-II.NFO,07/01/2020,10:22:04,1056.5,1048.45,600,1051.3,600,0,30600
MGL-II.NFO,07/01/2020,10:22:08,1056.5,1048.55,600,1051.3,600,0,30600
MGL-II.NFO,07/01/2020,10:22:13,1056.5,1048.65,600,1051.3,600,0,30600
MGL-II.NFO,07/01/2020,10:22:16,1056.5,1048.65,600,1051.3,1800,0,30600
MGL-II.NFO,07/01/2020,10:22:32,1056.5,1048.65,600,1051.2,1800,0,30600
MGL-II.NFO,07/01/2020,10:22:45,1056.5,1047.35,600,1049.7,1200,0,30600
MGL-II.NFO,07/01/2020,10:23:00,1056.5,1047.35,600,1049.7,1800,0,30600
MGL-II.NFO,07/01/2020,10:23:05,1056.5,1047.6,600,1050.1,1800,0,30600
MGL-II.NFO,07/01/2020,10:23:10,1056.5,1047.75,600,1050.15,1800,0,30600
MGL-II.NFO,07/01/2020,10:23:19,1056.5,1047.15,600,1049.85,1800,0,30600
MGL-II.NFO,07/01/2020,10:23:22,1056.5,1047.4,600,1049.85,1800,0,30600
MGL-II.NFO,07/01/2020,10:23:26,1056.5,1047.75,600,1050.1,600,0,30600
MGL-II.NFO,07/01/2020,10:23:30,1056.5,1047.05,600,1050.1,1800,0,30600
MGL-II.NFO,07/01/2020,10:23:34,1056.5,1047.4,600,1049.6,1800,0,30600
MGL-II.NFO,07/01/2020,10:23:38,1056.5,1047.5,600,1050.05,1800,0,30600
MGL-II.NFO,07/01/2020,10:23:46,1056.5,1047.5,600,1048.65,600,0,30600
MGL-II.NFO,07/01/2020,10:24:23,1056.5,1047.95,600,1050.4,1200,0,30600
MGL-II.NFO,07/01/2020,10:24:27,1056.5,1048.1,600,1050.4,1200,0,30600
MGL-II.NFO,07/01/2020,10:24:30,1056.5,1047,600,1050.3,1200,0,30600
MGL-II.NFO,07/01/2020,10:24:34,1056.5,1047.4,600,1050.3,1200,0,30600
MGL-II.NFO,07/01/2020,10:24:37,1056.5,1047.8,600,1050.3,600,0,30600
MGL-II.NFO,07/01/2020,10:24:40,1056.5,1047,600,1050.35,1200,0,30600
MGL-II.NFO,07/01/2020,10:24:44,1056.5,1047.5,600,1050.4,600,0,30600
MGL-II.NFO,07/01/2020,10:24:47,1056.5,1047.8,600,1050.4,1200,0,30600
MGL-II.NFO,07/01/2020,10:24:50,1056.5,1047,600,1050.4,1800,0,30600
MGL-II.NFO,07/01/2020,10:24:53,1056.5,1047.4,600,1050.4,1200,0,30600
MGL-II.NFO,07/01/2020,10:24:56,1056.5,1047.8,600,1050.4,1200,0,30600
MGL-II.NFO,07/01/2020,10:24:59,1056.5,1047.75,600,1050.4,1200,0,30600
MGL-II.NFO,07/01/2020,10:25:03,1056.5,1047.85,600,1050.4,1200,0,30600
MGL-II.NFO,07/01/2020,10:25:09,1056.5,1047.8,600,1050.4,1800,0,30600
MGL-II.NFO,07/01/2020,10:25:15,1056.5,1047.45,600,1050.4,1800,0,30600
MGL-II.NFO,07/01/2020,10:25:19,1056.5,1047.95,600,1050.4,1800,0,30600
MGL-II.NFO,07/01/2020,10:25:23,1056.5,1047.9,600,1050.4,1800,0,30600
MGL-II.NFO,07/01/2020,10:25:31,1056.5,1048,600,1050.4,1800,0,30600
MGL-II.NFO,07/01/2020,10:25:36,1056.5,1047.7,600,1050.3,1800,0,30600
MGL-II.NFO,07/01/2020,10:25:41,1056.5,1047.8,600,1050.2,1200,0,30600
MGL-II.NFO,07/01/2020,10:25:46,1056.5,1047.2,600,1050.3,2400,0,30600
MGL-II.NFO,07/01/2020,10:25:52,1056.5,1047.8,600,1050.35,600,0,30600
MGL-II.NFO,07/01/2020,10:25:56,1056.5,1047.25,600,1050.35,600,0,30600
MGL-II.NFO,07/01/2020,10:26:01,1056.5,1047.65,600,1050.35,1800,0,30600
MGL-II.NFO,07/01/2020,10:26:04,1056.5,1046.7,3000,1050.35,1200,0,30600
MGL-II.NFO,07/01/2020,10:26:18,1056.5,1047.3,600,1050.35,1800,0,30600
MGL-II.NFO,07/01/2020,10:26:22,1056.5,1047.7,600,1050.15,600,0,30600
MGL-II.NFO,07/01/2020,10:26:25,1056.5,1047.85,600,1050.15,600,0,30600
MGL-II.NFO,07/01/2020,10:26:29,1056.5,1047.45,600,1050.15,600,0,30600
MGL-II.NFO,07/01/2020,10:26:32,1056.5,1047.75,600,1050.15,600,0,30600
MGL-II.NFO,07/01/2020,10:26:34,1056.5,1048,600,1050.15,600,0,30600
MGL-II.NFO,07/01/2020,10:26:45,1056.5,1047.5,600,1050.15,600,0,30600
MGL-II.NFO,07/01/2020,10:26:48,1056.5,1047.7,600,1050.15,600,0,30600
MGL-II.NFO,07/01/2020,10:26:52,1056.5,1047.5,600,1050.15,1800,0,30600
MGL-II.NFO,07/01/2020,10:26:56,1056.5,1047.65,600,1050.35,600,0,30600
MGL-II.NFO,07/01/2020,10:27:00,1056.5,1047.75,600,1050.35,600,0,30600
MGL-II.NFO,07/01/2020,10:27:03,1056.5,1047.6,600,1050.15,1200,0,30600
MGL-II.NFO,07/01/2020,10:27:13,1056.5,1047.7,600,1050.15,1800,0,30600
MGL-II.NFO,07/01/2020,10:27:17,1056.5,1047.8,600,1050.15,1200,0,30600
MGL-II.NFO,07/01/2020,10:27:20,1056.5,1047.35,600,1050.15,1200,0,30600
MGL-II.NFO,07/01/2020,10:27:23,1056.5,1047.75,600,1050.15,1200,0,30600
MGL-II.NFO,07/01/2020,10:27:27,1056.5,1047.9,600,1050.15,1200,0,30600
MGL-II.NFO,07/01/2020,10:27:37,1056.5,1047.55,600,1050.15,1200,0,30600
MGL-II.NFO,07/01/2020,10:27:41,1056.5,1047.75,600,1050.15,1200,0,30600
MGL-II.NFO,07/01/2020,10:27:55,1056.5,1048,600,1050.1,600,0,30600
MGL-II.NFO,07/01/2020,10:27:58,1056.5,1047.35,600,1050.1,600,0,30600
MGL-II.NFO,07/01/2020,10:28:01,1056.5,1047.6,600,1050.1,1200,0,30600
MGL-II.NFO,07/01/2020,10:28:04,1056.5,1047.7,600,1050.1,1800,0,30600
MGL-II.NFO,07/01/2020,10:28:07,1056.5,1047.3,600,1050.1,600,0,30600
MGL-II.NFO,07/01/2020,10:28:10,1056.5,1047.6,600,1050.1,600,0,30600
MGL-II.NFO,07/01/2020,10:28:14,1056.5,1046.7,1800,1050.1,600,0,30600
MGL-II.NFO,07/01/2020,10:28:17,1056.5,1047.1,600,1050.1,600,0,30600
MGL-II.NFO,07/01/2020,10:28:20,1056.5,1047.4,600,1049.8,1200,0,30600
MGL-II.NFO,07/01/2020,10:28:23,1056.5,1047.55,600,1049.8,1200,0,30600
MGL-II.NFO,07/01/2020,10:28:38,1056.5,1047.1,600,1050.3,600,0,30600
MGL-II.NFO,07/01/2020,10:28:41,1056.5,1047.4,600,1050.3,600,0,30600
MGL-II.NFO,07/01/2020,10:28:45,1056.5,1047.25,1800,1050.35,600,0,30600
MGL-II.NFO,07/01/2020,10:28:48,1056.5,1047.65,600,1050.15,600,0,30600
MGL-II.NFO,07/01/2020,10:28:51,1056.5,1047.75,600,1050.15,600,0,30600
MGL-II.NFO,07/01/2020,10:28:54,1056.5,1047.9,600,1050.15,600,0,30600
MGL-II.NFO,07/01/2020,10:29:00,1056.5,1048,600,1050.35,1200,0,30600
MGL-II.NFO,07/01/2020,10:29:04,1056.5,1048,600,1050.35,1800,0,30600
MGL-II.NFO,07/01/2020,10:29:57,1056.5,1047.6,600,1050.35,1800,0,30600
MGL-II.NFO,07/01/2020,10:30:00,1056.5,1047.2,600,1050.35,1800,0,30600
MGL-II.NFO,07/01/2020,10:30:03,1056.5,1047.6,600,1050.35,1800,0,30600
MGL-II.NFO,07/01/2020,10:30:06,1056.5,1047.7,600,1050.35,1800,0,30600
MGL-II.NFO,07/01/2020,10:30:09,1056.5,1047.7,600,1050.25,1800,0,30600
MGL-II.NFO,07/01/2020,10:30:14,1056.5,1047.35,600,1049.85,1800,0,30600
MGL-II.NFO,07/01/2020,10:30:25,1056.5,1047.45,600,1049.85,1800,0,30600
MGL-II.NFO,07/01/2020,10:30:28,1056.5,1047.1,600,1050.4,1200,0,30600
MGL-II.NFO,07/01/2020,10:30:30,1056.5,1047.5,600,1050.4,1200,0,30600
MGL-II.NFO,07/01/2020,10:30:33,1056.5,1047.7,600,1050.4,1200,0,30600
MGL-II.NFO,07/01/2020,10:30:36,1056.5,1047.95,600,1050.4,1200,0,30600
MGL-II.NFO,07/01/2020,10:30:41,1056.5,1047.95,600,1050.3,600,0,30600
MGL-II.NFO,07/01/2020,10:30:44,1056.5,1047.7,600,1050.25,600,0,30600
MGL-II.NFO,07/01/2020,10:30:55,1056.5,1047.3,600,1050.25,1200,0,30600
MGL-II.NFO,07/01/2020,10:30:58,1056.5,1047.6,600,1050.25,1200,0,30600
MGL-II.NFO,07/01/2020,10:31:01,1056.5,1047.9,600,1050.25,1200,0,30600
MGL-II.NFO,07/01/2020,10:31:04,1056.5,1047.4,600,1050.25,1200,0,30600
MGL-II.NFO,07/01/2020,10:31:06,1056.5,1047.7,600,1050.25,1200,0,30600
MGL-II.NFO,07/01/2020,10:31:09,1056.5,1047.9,600,1050.25,1200,0,30600
MGL-II.NFO,07/01/2020,10:31:14,1056.5,1047.55,600,1050.25,1200,0,30600
MGL-II.NFO,07/01/2020,10:31:17,1056.5,1047.9,600,1050.25,1200,0,30600
MGL-II.NFO,07/01/2020,10:31:26,1056.5,1047.55,600,1050.25,1200,0,30600
MGL-II.NFO,07/01/2020,10:31:29,1056.5,1047.75,600,1050.25,1200,0,30600
MGL-II.NFO,07/01/2020,10:31:32,1056.5,1047.4,600,1050.15,1800,0,30600
MGL-II.NFO,07/01/2020,10:31:35,1056.5,1047.4,600,1050.05,1800,0,30600
MGL-II.NFO,07/01/2020,10:31:39,1056.5,1047.4,600,1049.95,1800,0,30600
MGL-II.NFO,07/01/2020,10:32:00,1056.5,1047.4,600,1049.85,600,0,30600
MGL-II.NFO,07/01/2020,10:32:04,1056.5,1047.4,600,1049.9,600,0,30600
MGL-II.NFO,07/01/2020,10:32:39,1056.5,1047.5,600,1049.9,600,0,30600
MGL-II.NFO,07/01/2020,10:32:58,1056.5,1047.6,600,1049.9,600,0,30600
MGL-II.NFO,07/01/2020,10:33:06,1056.5,1047.6,600,1048.65,600,0,30600
MGL-II.NFO,07/01/2020,10:33:10,1056.5,1047.6,600,1050,600,0,30600
MGL-II.NFO,07/01/2020,10:33:12,1056.5,1046.9,600,1050,1200,0,30600
MGL-II.NFO,07/01/2020,10:33:15,1056.5,1047.2,600,1050,1200,0,30600
MGL-II.NFO,07/01/2020,10:33:18,1056.5,1047.5,600,1050,1200,0,30600
MGL-II.NFO,07/01/2020,10:33:22,1056.5,1047.55,600,1050,1200,0,30600
MGL-II.NFO,07/01/2020,10:33:50,1056.5,1047.65,600,1050,1200,0,30600
MGL-II.NFO,07/01/2020,10:34:04,1050,1048.2,1800,1052.4,1200,1200,32400
MGL-II.NFO,07/01/2020,10:34:04,1050,1048.2,1800,1052.4,1200,0,32400
MGL-II.NFO,07/01/2020,10:34:08,1050,1048.15,600,1051.8,1200,0,32400
MGL-II.NFO,07/01/2020,10:34:12,1050,1048.55,600,1051.7,1200,0,32400
MGL-II.NFO,07/01/2020,10:34:16,1050,1049.05,600,1051.6,1200,0,32400
MGL-II.NFO,07/01/2020,10:34:19,1050,1048.55,600,1051.6,1200,0,32400
MGL-II.NFO,07/01/2020,10:34:24,1050,1048.8,600,1052,1200,0,32400
MGL-II.NFO,07/01/2020,10:34:29,1050,1049.2,600,1052,1200,0,32400
MGL-II.NFO,07/01/2020,10:34:33,1050,1048.2,600,1052,1200,0,32400
MGL-II.NFO,07/01/2020,10:34:36,1050,1047.65,600,1051.4,1200,0,32400
MGL-II.NFO,07/01/2020,10:34:41,1050,1048.05,600,1051.4,1200,0,32400
MGL-II.NFO,07/01/2020,10:34:45,1050,1047.75,600,1051.55,1800,0,32400
MGL-II.NFO,07/01/2020,10:34:50,1050,1048.55,600,1051.75,1200,0,32400
MGL-II.NFO,07/01/2020,10:34:54,1050,1048.45,600,1051.75,1200,0,32400
MGL-II.NFO,07/01/2020,10:34:58,1050,1048.3,600,1051.55,1200,0,32400
MGL-II.NFO,07/01/2020,10:35:02,1050,1048.3,600,1051.45,1200,0,32400
MGL-II.NFO,07/01/2020,10:35:05,1050,1048.3,600,1051.35,1200,0,32400
MGL-II.NFO,07/01/2020,10:35:08,1050,1047.7,1200,1051.55,1200,0,32400
MGL-II.NFO,07/01/2020,10:35:11,1050,1048.15,600,1051.55,1200,0,32400
MGL-II.NFO,07/01/2020,10:35:13,1050,1048.25,600,1051.55,1200,0,32400
MGL-II.NFO,07/01/2020,10:35:19,1050,1047.75,600,1051.45,1200,0,32400
MGL-II.NFO,07/01/2020,10:35:21,1050,1048,600,1051.25,1200,0,32400
MGL-II.NFO,07/01/2020,10:35:22,1050,1048.1,600,1051.25,1200,0,32400
MGL-II.NFO,07/01/2020,10:35:23,1050,1048.2,600,1051.25,1200,0,32400
MGL-II.NFO,07/01/2020,10:35:25,1050,1048.3,600,1051.25,1200,0,32400
MGL-II.NFO,07/01/2020,10:35:26,1050,1048.4,600,1051.25,1200,0,32400
MGL-II.NFO,07/01/2020,10:35:32,1050,1047.9,600,1051.55,1200,0,32400
MGL-II.NFO,07/01/2020,10:35:32,1050,1047.1,600,1051.25,1200,0,32400
MGL-II.NFO,07/01/2020,10:35:33,1050,1047.45,600,1051.15,1200,0,32400
MGL-II.NFO,07/01/2020,10:35:35,1050,1047.65,600,1051.05,1200,0,32400
MGL-II.NFO,07/01/2020,10:35:37,1050,1047.75,600,1051.05,1200,0,32400
MGL-II.NFO,07/01/2020,10:35:38,1050,1047.25,600,1051.05,600,0,32400
MGL-II.NFO,07/01/2020,10:35:39,1050,1047.45,600,1051.05,600,0,32400
MGL-II.NFO,07/01/2020,10:35:40,1050,1047.55,600,1051.05,600,0,32400
MGL-II.NFO,07/01/2020,10:35:40,1050,1047.65,600,1051.05,600,0,32400
MGL-II.NFO,07/01/2020,10:35:41,1050,1047.75,600,1051.05,600,0,32400
MGL-II.NFO,07/01/2020,10:35:43,1050,1048.05,600,1051.05,600,0,32400
MGL-II.NFO,07/01/2020,10:35:44,1050,1048.15,600,1051.05,600,0,32400
MGL-II.NFO,07/01/2020,10:35:45,1050,1048.25,600,1051.05,600,0,32400
MGL-II.NFO,07/01/2020,10:35:46,1050,1048.35,600,1051.7,1200,0,32400
MGL-II.NFO,07/01/2020,10:35:48,1050,1048.55,600,1051.6,1200,0,32400
MGL-II.NFO,07/01/2020,10:35:48,1050,1048.65,600,1051.6,1200,0,32400
MGL-II.NFO,07/01/2020,10:35:49,1050,1048.75,600,1051.6,1200,0,32400
MGL-II.NFO,07/01/2020,10:35:50,1050,1048.85,600,1051.6,1200,0,32400
MGL-II.NFO,07/01/2020,10:35:52,1050,1048.95,600,1051.6,1200,0,32400
MGL-II.NFO,07/01/2020,10:35:52,1050,1049.05,600,1051.6,1200,0,32400
MGL-II.NFO,07/01/2020,10:35:55,1050,1049.25,600,1052,1200,0,32400
MGL-II.NFO,07/01/2020,10:35:56,1050,1049.35,600,1052,1200,0,32400
MGL-II.NFO,07/01/2020,10:35:57,1050,1049.4,600,1051.9,600,0,32400
MGL-II.NFO,07/01/2020,10:36:04,1050,1048.5,600,1051.8,1200,0,32400
MGL-II.NFO,07/01/2020,10:36:06,1050,1048.6,600,1051.8,1200,0,32400
MGL-II.NFO,07/01/2020,10:36:07,1050,1048.7,600,1051.8,1200,0,32400
MGL-II.NFO,07/01/2020,10:36:07,1050,1048.9,600,1051.8,1200,0,32400
MGL-II.NFO,07/01/2020,10:36:11,1050,1049,600,1051.8,1200,0,32400
MGL-II.NFO,07/01/2020,10:36:12,1050,1049.1,600,1051.8,1200,0,32400
MGL-II.NFO,07/01/2020,10:36:12,1050,1049.2,600,1051.8,1200,0,32400
MGL-II.NFO,07/01/2020,10:36:13,1050,1049.25,600,1051.8,1200,0,32400
MGL-II.NFO,07/01/2020,10:36:14,1050,1048.35,600,1051.8,1200,0,32400
MGL-II.NFO,07/01/2020,10:36:15,1050,1048.7,600,1051.8,1200,0,32400
MGL-II.NFO,07/01/2020,10:36:16,1050,1048.8,600,1051.8,1200,0,32400
MGL-II.NFO,07/01/2020,10:36:18,1050,1049,600,1051.8,1200,0,32400
MGL-II.NFO,07/01/2020,10:36:19,1050,1049.1,600,1051.8,1200,0,32400
MGL-II.NFO,07/01/2020,10:36:20,1050,1049.2,600,1051.8,1200,0,32400
MGL-II.NFO,07/01/2020,10:36:20,1050,1048.7,600,1051.8,1200,0,32400
MGL-II.NFO,07/01/2020,10:36:21,1050,1048.8,600,1051.8,1200,0,32400
MGL-II.NFO,07/01/2020,10:36:22,1050,1049,600,1051.8,1200,0,32400
MGL-II.NFO,07/01/2020,10:36:23,1050,1048.6,600,1051.8,1200,0,32400
MGL-II.NFO,07/01/2020,10:36:24,1050,1048.7,600,1051.8,1200,0,32400
MGL-II.NFO,07/01/2020,10:36:25,1050,1048.8,600,1051.8,1200,0,32400
MGL-II.NFO,07/01/2020,10:36:26,1050,1048.9,600,1051.8,1200,0,32400
MGL-II.NFO,07/01/2020,10:36:28,1050,1049,600,1051.8,1200,0,32400
MGL-II.NFO,07/01/2020,10:36:28,1050,1048.6,600,1051.8,1200,0,32400
MGL-II.NFO,07/01/2020,10:36:29,1050,1048.8,600,1051.8,1200,0,32400
MGL-II.NFO,07/01/2020,10:36:30,1050,1048.9,600,1051.8,1200,0,32400
MGL-II.NFO,07/01/2020,10:36:31,1050,1048.75,600,1051.8,1200,0,32400
MGL-II.NFO,07/01/2020,10:36:32,1050,1048.85,600,1051.8,1200,0,32400
MGL-II.NFO,07/01/2020,10:36:34,1050,1048.95,600,1051.8,1200,0,32400
MGL-II.NFO,07/01/2020,10:36:36,1050,1048.45,600,1051.8,1200,0,32400
MGL-II.NFO,07/01/2020,10:36:37,1050,1048.75,600,1051.8,1200,0,32400
MGL-II.NFO,07/01/2020,10:36:38,1050,1048.85,600,1051.8,1200,0,32400
MGL-II.NFO,07/01/2020,10:36:39,1050,1048.95,600,1051.8,1200,0,32400
MGL-II.NFO,07/01/2020,10:36:39,1050,1048.4,600,1051.8,1200,0,32400
MGL-II.NFO,07/01/2020,10:36:40,1050,1048.6,600,1051.8,1200,0,32400
MGL-II.NFO,07/01/2020,10:36:41,1050,1048.7,600,1051.8,1200,0,32400
MGL-II.NFO,07/01/2020,10:36:42,1050,1048.8,600,1051.8,1200,0,32400
MGL-II.NFO,07/01/2020,10:36:43,1050,1048.9,600,1051.8,1200,0,32400
MGL-II.NFO,07/01/2020,10:36:44,1050,1049,600,1051.8,1200,0,32400
MGL-II.NFO,07/01/2020,10:36:46,1050,1049.2,600,1051.8,1200,0,32400
MGL-II.NFO,07/01/2020,10:36:46,1050,1049.3,600,1051.8,1200,0,32400
MGL-II.NFO,07/01/2020,10:36:47,1050,1048.7,600,1051.8,1200,0,32400
MGL-II.NFO,07/01/2020,10:36:48,1050,1048.8,600,1051.8,1200,0,32400
MGL-II.NFO,07/01/2020,10:36:49,1050,1048.9,600,1051.8,1200,0,32400
MGL-II.NFO,07/01/2020,10:36:50,1050,1049,600,1051.8,1200,0,32400
MGL-II.NFO,07/01/2020,10:36:51,1050,1048.7,600,1051.8,1200,0,32400
MGL-II.NFO,07/01/2020,10:36:52,1050,1048.8,600,1051.8,1200,0,32400
MGL-II.NFO,07/01/2020,10:36:53,1050,1048.9,600,1051.8,1200,0,32400
MGL-II.NFO,07/01/2020,10:36:54,1050,1048.55,600,1051.8,1200,0,32400
MGL-II.NFO,07/01/2020,10:36:55,1050,1048.75,600,1051.8,1200,0,32400
MGL-II.NFO,07/01/2020,10:36:56,1050,1048.85,600,1051.75,600,0,32400
MGL-II.NFO,07/01/2020,10:36:57,1050,1049.05,600,1051.75,600,0,32400
MGL-II.NFO,07/01/2020,10:36:58,1050,1049.15,600,1051.75,600,0,32400
MGL-II.NFO,07/01/2020,10:36:59,1050,1048.4,600,1051.75,600,0,32400
MGL-II.NFO,07/01/2020,10:37:00,1050,1048.75,600,1051.75,600,0,32400
MGL-II.NFO,07/01/2020,10:37:01,1050,1048.85,600,1051.75,600,0,32400
MGL-II.NFO,07/01/2020,10:37:02,1050,1048.5,600,1051.75,1200,0,32400
MGL-II.NFO,07/01/2020,10:37:03,1050,1048.65,600,1051.75,1200,0,32400
MGL-II.NFO,07/01/2020,10:37:05,1050,1048.75,600,1051.75,1200,0,32400
MGL-II.NFO,07/01/2020,10:37:06,1050,1048.85,600,1051.75,1200,0,32400
MGL-II.NFO,07/01/2020,10:37:07,1050,1048.65,600,1051.75,1200,0,32400
MGL-II.NFO,07/01/2020,10:37:09,1050,1048.75,600,1051.75,1200,0,32400
MGL-II.NFO,07/01/2020,10:37:10,1050,1048.85,600,1051.75,1200,0,32400
MGL-II.NFO,07/01/2020,10:37:11,1050,1048.95,600,1051.75,1200,0,32400
MGL-II.NFO,07/01/2020,10:37:11,1050,1049.05,600,1051.75,1200,0,32400
MGL-II.NFO,07/01/2020,10:37:16,1050,1048.55,600,1051.75,1200,0,32400
MGL-II.NFO,07/01/2020,10:37:20,1050,1048.7,600,1051.75,1200,0,32400
MGL-II.NFO,07/01/2020,10:37:24,1050,1048.7,600,1051.65,1200,0,32400
MGL-II.NFO,07/01/2020,10:37:28,1050,1048.65,600,1054.3,2400,0,32400
MGL-II.NFO,07/01/2020,10:37:31,1050,1048.95,600,1053.8,2400,0,32400
MGL-II.NFO,07/01/2020,10:37:35,1050,1048.8,600,1053.2,2400,0,32400
MGL-II.NFO,07/01/2020,10:37:39,1050,1048.6,600,1052.6,2400,0,32400
MGL-II.NFO,07/01/2020,10:37:44,1050,1048.6,600,1051.7,600,0,32400
MGL-II.NFO,07/01/2020,10:37:47,1050,1049,600,1051.7,600,0,32400
MGL-II.NFO,07/01/2020,10:37:50,1050,1049.25,600,1051.75,1200,0,32400
MGL-II.NFO,07/01/2020,10:37:58,1050,1049.35,600,1051.75,600,0,32400
MGL-II.NFO,07/01/2020,10:38:14,1050,1049.45,600,1051.75,600,0,32400
MGL-II.NFO,07/01/2020,10:38:22,1050,1048.7,600,1051.75,1200,0,32400
MGL-II.NFO,07/01/2020,10:38:26,1050,1049.1,600,1051.75,1200,0,32400
MGL-II.NFO,07/01/2020,10:38:29,1050,1049.25,600,1051.75,1200,0,32400
MGL-II.NFO,07/01/2020,10:38:36,1050,1048.6,600,1051.75,1200,0,32400
MGL-II.NFO,07/01/2020,10:38:46,1050,1048.9,600,1051.75,1200,0,32400
MGL-II.NFO,07/01/2020,10:38:53,1050,1049.2,600,1051.7,600,0,32400
MGL-II.NFO,07/01/2020,10:38:55,1050,1049.35,600,1051.7,600,0,32400
MGL-II.NFO,07/01/2020,10:39:08,1050,1049.45,600,1051.7,600,0,32400
MGL-II.NFO,07/01/2020,10:39:20,1050,1049.45,600,1050.8,600,0,32400
MGL-II.NFO,07/01/2020,10:39:29,1050,1049.45,600,1051.7,600,0,32400
MGL-II.NFO,07/01/2020,10:39:41,1050,1049.55,600,1051.7,600,0,32400
MGL-II.NFO,07/01/2020,10:39:52,1050,1049.55,600,1050.65,600,0,32400
MGL-II.NFO,07/01/2020,10:40:07,1050,1049.05,600,1051.5,1200,0,32400
MGL-II.NFO,07/01/2020,10:40:11,1050,1049.55,600,1052.4,1200,0,32400
MGL-II.NFO,07/01/2020,10:40:15,1050,1049.9,600,1052.4,1200,0,32400
MGL-II.NFO,07/01/2020,10:40:28,1050,1049.3,600,1052.4,1200,0,32400
MGL-II.NFO,07/01/2020,10:40:31,1050,1049.6,600,1052.3,1200,0,32400
MGL-II.NFO,07/01/2020,10:40:34,1050,1049.75,600,1052.3,1200,0,32400
MGL-II.NFO,07/01/2020,10:40:37,1050,1049,600,1051.85,1200,0,32400
MGL-II.NFO,07/01/2020,10:40:40,1050,1049.3,600,1051.85,600,0,32400
MGL-II.NFO,07/01/2020,10:40:43,1050,1049.55,600,1051.85,600,0,32400
MGL-II.NFO,07/01/2020,10:40:46,1050,1049.55,600,1051.9,600,0,32400
MGL-II.NFO,07/01/2020,10:40:49,1050,1049.55,600,1051.9,1200,0,32400
MGL-II.NFO,07/01/2020,10:40:59,1050,1049,600,1052.15,1200,0,32400
MGL-II.NFO,07/01/2020,10:41:02,1050,1049.5,600,1052.15,1200,0,32400
MGL-II.NFO,07/01/2020,10:41:05,1050,1049.65,600,1052.15,1200,0,32400
MGL-II.NFO,07/01/2020,10:41:07,1050,1048.95,600,1052.3,1200,0,32400
MGL-II.NFO,07/01/2020,10:41:09,1050,1049.3,600,1052.3,1200,0,32400
MGL-II.NFO,07/01/2020,10:41:12,1050,1049.55,600,1050.65,600,0,32400
MGL-II.NFO,07/01/2020,10:41:31,1050,1049.15,600,1051.8,1200,0,32400
MGL-II.NFO,07/01/2020,10:41:34,1050,1049.3,600,1050.65,600,0,32400
MGL-II.NFO,07/01/2020,10:41:40,1050,1049.4,600,1051.6,600,0,32400
MGL-II.NFO,07/01/2020,10:41:52,1050,1049.5,600,1051.85,1200,0,32400
MGL-II.NFO,07/01/2020,10:41:55,1050,1049.6,600,1050.95,600,0,32400
MGL-II.NFO,07/01/2020,10:42:03,1050,1048.65,600,1051.75,600,0,32400
MGL-II.NFO,07/01/2020,10:42:06,1050,1049.05,600,1051.75,600,0,32400
MGL-II.NFO,07/01/2020,10:42:10,1050,1049.45,600,1051.75,600,0,32400
MGL-II.NFO,07/01/2020,10:42:13,1050,1049.4,600,1051.8,1200,0,32400
MGL-II.NFO,07/01/2020,10:42:16,1050,1049.4,600,1050.65,600,0,32400
MGL-II.NFO,07/01/2020,10:42:38,1050,1049.4,600,1050.7,600,0,32400
MGL-II.NFO,07/01/2020,10:42:41,1050,1049.4,600,1050.6,600,0,32400
MGL-II.NFO,07/01/2020,10:42:44,1050,1049.4,600,1050.65,600,0,32400
MGL-II.NFO,07/01/2020,10:43:08,1050,1049.65,600,1052.1,1200,0,32400
MGL-II.NFO,07/01/2020,10:43:10,1050,1049.4,600,1052.1,1200,0,32400
MGL-II.NFO,07/01/2020,10:43:13,1050,1049.55,600,1052,1200,0,32400
MGL-II.NFO,07/01/2020,10:43:15,1050,1049.55,600,1051.9,1200,0,32400
MGL-II.NFO,07/01/2020,10:43:22,1050,1049,600,1051.9,1200,0,32400
MGL-II.NFO,07/01/2020,10:43:26,1050,1049.4,600,1051.9,1200,0,32400
MGL-II.NFO,07/01/2020,10:43:30,1050,1049.55,600,1051.9,1200,0,32400
MGL-II.NFO,07/01/2020,10:43:36,1050,1049.55,600,1051.8,1200,0,32400
MGL-II.NFO,07/01/2020,10:43:40,1050,1048.3,600,1051.4,1200,0,32400
MGL-II.NFO,07/01/2020,10:43:45,1050,1048.3,600,1051.35,1200,0,32400
MGL-II.NFO,07/01/2020,10:43:49,1050,1047.95,600,1051.3,1200,0,32400
MGL-II.NFO,07/01/2020,10:43:53,1050,1048.35,600,1051.5,1200,0,32400
MGL-II.NFO,07/01/2020,10:43:56,1050,1048.65,600,1051.6,1200,0,32400
MGL-II.NFO,07/01/2020,10:43:59,1050,1049.05,600,1051.5,1200,0,32400
MGL-II.NFO,07/01/2020,10:44:03,1050,1049.25,600,1052.15,1200,0,32400
MGL-II.NFO,07/01/2020,10:44:06,1050,1049.65,600,1052.2,1200,0,32400
MGL-II.NFO,07/01/2020,10:44:10,1050,1049.85,600,1052.2,1200,0,32400
MGL-II.NFO,07/01/2020,10:44:18,1050,1049.05,600,1052.2,1200,0,32400
MGL-II.NFO,07/01/2020,10:44:21,1050,1049.4,600,1052.2,1200,0,32400
MGL-II.NFO,07/01/2020,10:44:24,1050,1049.7,600,1052.2,1200,0,32400
MGL-II.NFO,07/01/2020,10:44:27,1050,1049.75,600,1052.2,1200,0,32400
MGL-II.NFO,07/01/2020,10:44:30,1050,1049.05,600,1052.1,1200,0,32400
MGL-II.NFO,07/01/2020,10:44:33,1050,1049.35,600,1052,1200,0,32400
MGL-II.NFO,07/01/2020,10:44:36,1050,1049.6,600,1052,1200,0,32400
MGL-II.NFO,07/01/2020,10:44:43,1050,1049,600,1052.05,600,0,32400
MGL-II.NFO,07/01/2020,10:44:45,1050,1049.2,600,1051.95,1200,0,32400
MGL-II.NFO,07/01/2020,10:44:47,1050,1049.45,600,1051.95,1200,0,32400
MGL-II.NFO,07/01/2020,10:45:00,1050,1049.55,600,1051.75,1200,0,32400
MGL-II.NFO,07/01/2020,10:45:09,1050,1049.55,600,1051.8,1200,0,32400
MGL-II.NFO,07/01/2020,10:45:13,1050,1048.75,600,1052,600,0,32400
MGL-II.NFO,07/01/2020,10:45:17,1050,1049.4,600,1052.25,1200,0,32400
MGL-II.NFO,07/01/2020,10:45:20,1050,1049.65,600,1052.15,1200,0,32400
MGL-II.NFO,07/01/2020,10:45:26,1050,1049.2,600,1052.05,1200,0,32400
MGL-II.NFO,07/01/2020,10:45:29,1050,1049.6,600,1052.05,1200,0,32400
MGL-II.NFO,07/01/2020,10:45:32,1050,1049.75,600,1052.05,1200,0,32400
MGL-II.NFO,07/01/2020,10:45:35,1050,1049.05,600,1051.95,600,0,32400
MGL-II.NFO,07/01/2020,10:45:36,1050,1049.25,600,1051.95,600,0,32400
MGL-II.NFO,07/01/2020,10:45:39,1050,1049.55,600,1051.95,1200,0,32400
MGL-II.NFO,07/01/2020,10:45:42,1050,1049.7,600,1051.95,1200,0,32400
MGL-II.NFO,07/01/2020,10:45:44,1050,1049.2,600,1051.95,1200,0,32400
MGL-II.NFO,07/01/2020,10:45:48,1050,1049.5,600,1051.95,1200,0,32400
MGL-II.NFO,07/01/2020,10:45:51,1050,1049.65,600,1051.95,1200,0,32400
MGL-II.NFO,07/01/2020,10:45:58,1050,1049.75,600,1051,600,0,32400
MGL-II.NFO,07/01/2020,10:46:00,1050,1049.15,600,1051.85,1200,0,32400
MGL-II.NFO,07/01/2020,10:46:03,1050,1049.45,600,1051.85,1200,0,32400
MGL-II.NFO,07/01/2020,10:46:06,1050,1049.5,600,1051.85,1200,0,32400
MGL-II.NFO,07/01/2020,10:46:21,1050,1049.6,600,1051.85,1200,0,32400
MGL-II.NFO,07/01/2020,10:46:27,1050,1049.6,600,1050.95,600,0,32400
MGL-II.NFO,07/01/2020,10:46:35,1050,1049.6,600,1050.65,600,0,32400
MGL-II.NFO,07/01/2020,10:46:50,1050,1049.75,600,1052.15,600,0,32400
MGL-II.NFO,07/01/2020,10:46:53,1050,1049.9,600,1052.15,600,0,32400
MGL-II.NFO,07/01/2020,10:46:59,1050,1049.1,600,1052.05,600,0,32400
MGL-II.NFO,07/01/2020,10:47:02,1050,1049.4,600,1052.05,1200,0,32400
MGL-II.NFO,07/01/2020,10:47:04,1050,1049.8,600,1052.05,1200,0,32400
MGL-II.NFO,07/01/2020,10:47:07,1050,1049.05,600,1052.05,1200,0,32400
MGL-II.NFO,07/01/2020,10:47:10,1050,1049.45,600,1052.05,1200,0,32400
MGL-II.NFO,07/01/2020,10:47:13,1050,1049.3,600,1052.05,1200,0,32400
MGL-II.NFO,07/01/2020,10:47:18,1050,1049.8,600,1052.05,1200,0,32400
MGL-II.NFO,07/01/2020,10:47:24,1050,1049.85,600,1051.2,600,0,32400
MGL-II.NFO,07/01/2020,10:47:27,1050,1049.85,600,1052.05,600,0,32400
MGL-II.NFO,07/01/2020,10:47:34,1050,1049.45,600,1052.05,600,0,32400
MGL-II.NFO,07/01/2020,10:47:37,1050,1049.7,600,1052.05,1200,0,32400
MGL-II.NFO,07/01/2020,10:47:40,1050,1049.25,600,1052.05,1200,0,32400
MGL-II.NFO,07/01/2020,10:47:43,1050,1049.65,600,1051.95,1200,0,32400
MGL-II.NFO,07/01/2020,10:47:47,1050,1049.65,600,1052.4,600,0,32400
MGL-II.NFO,07/01/2020,10:47:51,1050,1050.05,600,1052.4,600,0,32400
MGL-II.NFO,07/01/2020,10:47:55,1050,1049.3,600,1052.4,600,0,32400
MGL-II.NFO,07/01/2020,10:47:58,1050,1049.75,600,1052.4,600,0,32400
MGL-II.NFO,07/01/2020,10:48:05,1050,1050.1,600,1052.4,600,0,32400
MGL-II.NFO,07/01/2020,10:48:09,1050,1049.75,600,1052.4,600,0,32400
MGL-II.NFO,07/01/2020,10:48:13,1050,1050,600,1052.4,600,0,32400
MGL-II.NFO,07/01/2020,10:48:17,1050,1050.2,600,1053,1200,0,32400
MGL-II.NFO,07/01/2020,10:48:20,1050,1049.8,600,1052.8,1200,0,32400
MGL-II.NFO,07/01/2020,10:48:23,1050,1050.1,600,1052.7,1200,0,32400
MGL-II.NFO,07/01/2020,10:48:25,1050,1050.1,600,1052.6,1200,0,32400
MGL-II.NFO,07/01/2020,10:48:30,1050,1049.8,600,1052.6,1200,0,32400
MGL-II.NFO,07/01/2020,10:48:33,1050,1049.35,600,1052.3,1200,0,32400
MGL-II.NFO,07/01/2020,10:48:39,1050,1049.7,600,1052.2,1200,0,32400
MGL-II.NFO,07/01/2020,10:48:43,1050,1049.3,1200,1052.35,1200,0,32400
MGL-II.NFO,07/01/2020,10:48:47,1050,1049.95,600,1052.35,1200,0,32400
MGL-II.NFO,07/01/2020,10:48:50,1050,1050,600,1052.35,1200,0,32400
MGL-II.NFO,07/01/2020,10:48:57,1050,1049.8,600,1052.4,1200,0,32400
MGL-II.NFO,07/01/2020,10:49:01,1050,1050.05,600,1052.4,1200,0,32400
MGL-II.NFO,07/01/2020,10:49:20,1050,1049.85,600,1052.3,1200,0,32400
MGL-II.NFO,07/01/2020,10:49:22,1050,1050,600,1052.2,1200,0,32400
MGL-II.NFO,07/01/2020,10:49:36,1050,1050.05,1800,1052.4,1200,0,32400
MGL-II.NFO,07/01/2020,10:49:42,1050,1050,1200,1052.4,1200,0,32400
MGL-II.NFO,07/01/2020,10:49:46,1050,1050.1,600,1052.35,600,0,32400
MGL-II.NFO,07/01/2020,10:49:49,1050,1050.1,1200,1052.35,1200,0,32400
MGL-II.NFO,07/01/2020,10:49:53,1050,1050.15,1200,1051.5,600,0,32400
MGL-II.NFO,07/01/2020,10:49:57,1050,1050.15,600,1052.25,600,0,32400
MGL-II.NFO,07/01/2020,10:50:03,1050,1050.2,1200,1052.25,600,0,32400
MGL-II.NFO,07/01/2020,10:50:09,1050,1050.2,1200,1051.5,600,0,32400
MGL-II.NFO,07/01/2020,10:50:13,1050,1050.2,600,1051.5,600,0,32400
MGL-II.NFO,07/01/2020,10:50:19,1050,1050.25,1200,1051.5,600,0,32400
MGL-II.NFO,07/01/2020,10:51:32,1050,1050.25,1200,1051.45,600,0,32400
MGL-II.NFO,07/01/2020,10:51:55,1050,1050.9,600,1053.1,600,0,32400
MGL-II.NFO,07/01/2020,10:52:03,1050,1050.9,600,1052.2,600,0,32400
MGL-II.NFO,07/01/2020,10:52:07,1050,1050.5,600,1053,600,0,32400
MGL-II.NFO,07/01/2020,10:52:11,1050,1050.75,1200,1053,600,0,32400
MGL-II.NFO,07/01/2020,10:52:19,1050,1050.75,600,1053,600,0,32400
MGL-II.NFO,07/01/2020,10:52:23,1050,1050.6,1200,1053,600,0,32400
MGL-II.NFO,07/01/2020,10:52:31,1050,1050.6,600,1053,600,0,32400
MGL-II.NFO,07/01/2020,10:52:39,1050,1050.6,1200,1053,600,0,32400
MGL-II.NFO,07/01/2020,10:52:44,1050,1050.7,600,1053,600,0,32400
MGL-II.NFO,07/01/2020,10:53:00,1050,1050.7,600,1053.1,600,0,32400
MGL-II.NFO,07/01/2020,10:53:06,1050,1050.55,600,1053,600,0,32400
MGL-II.NFO,07/01/2020,10:53:11,1050,1050.6,600,1052.9,600,0,32400
MGL-II.NFO,07/01/2020,10:53:18,1050,1049.65,600,1052.3,1200,0,32400
MGL-II.NFO,07/01/2020,10:53:33,1050,1049.75,600,1052.35,1200,0,32400
MGL-II.NFO,07/01/2020,10:53:38,1050,1049.75,600,1052.25,1200,0,32400
MGL-II.NFO,07/01/2020,10:53:44,1050,1049.65,1800,1052.25,1200,0,32400
MGL-II.NFO,07/01/2020,10:53:55,1050,1049.55,600,1052,600,0,32400
MGL-II.NFO,07/01/2020,10:54:00,1050,1049.55,600,1052,1200,0,32400
MGL-II.NFO,07/01/2020,10:54:09,1050,1049.65,600,1052,1200,0,32400
MGL-II.NFO,07/01/2020,10:54:14,1050,1049.75,600,1052,1200,0,32400
MGL-II.NFO,07/01/2020,10:54:24,1050,1049.8,600,1052.05,600,0,32400
MGL-II.NFO,07/01/2020,10:54:36,1050,1049.8,1200,1052.1,600,0,32400
MGL-II.NFO,07/01/2020,10:54:43,1050,1049.95,600,1052.1,600,0,32400
MGL-II.NFO,07/01/2020,10:54:47,1050,1049.95,600,1051.3,600,0,32400
MGL-II.NFO,07/01/2020,10:54:51,1050,1049.75,600,1052.2,1200,0,32400
MGL-II.NFO,07/01/2020,10:54:57,1050,1049.75,600,1052.4,600,0,32400
MGL-II.NFO,07/01/2020,10:55:01,1050,1050.1,600,1052.4,600,0,32400
MGL-II.NFO,07/01/2020,10:55:07,1050,1050.1,600,1051.4,600,0,32400
MGL-II.NFO,07/01/2020,10:55:11,1050,1049.85,600,1052.1,600,0,32400
MGL-II.NFO,07/01/2020,10:55:44,1050,1049.8,600,1052,600,0,32400
MGL-II.NFO,07/01/2020,10:56:02,1050,1049.85,600,1052,600,0,32400
MGL-II.NFO,07/01/2020,10:56:07,1050,1049.05,600,1051.6,1200,0,32400
MGL-II.NFO,07/01/2020,10:56:12,1050,1049.05,600,1051.5,1200,0,32400
MGL-II.NFO,07/01/2020,10:56:17,1050,1049.1,1200,1051.5,1200,0,32400
MGL-II.NFO,07/01/2020,10:56:20,1050,1049.05,600,1050.4,600,0,32400
MGL-II.NFO,07/01/2020,10:56:52,1050,1049.05,600,1051.3,1200,0,32400
MGL-II.NFO,07/01/2020,10:57:03,1050,1049.05,600,1050.4,600,0,32400
MGL-II.NFO,07/01/2020,10:57:08,1050,1049.05,600,1050.2,600,0,32400
