Ticker,Date,Time,LTP,BuyPrice,BuyQty,SellPrice,SellQty,LTQ,OpenInterest
PEL-II.NFO,07/01/2020,09:20:03,1491.5,1489.7,309,1493.6,309,309,39552
PEL-II.NFO,07/01/2020,09:20:03,1491.5,1489.7,309,1493.6,309,0,39552
PEL-II.NFO,07/01/2020,09:20:03,1491.5,1489.7,309,1493.6,309,0,39552
PEL-II.NFO,07/01/2020,09:20:03,1491.5,1489.7,309,1493.6,309,0,39552
PEL-II.NFO,07/01/2020,09:20:04,1491.5,1489.25,618,1492.6,309,0,39552
PEL-II.NFO,07/01/2020,09:20:05,1491.5,1489.25,618,1493.55,309,0,39552
PEL-II.NFO,07/01/2020,09:20:06,1491.5,1488.85,309,1493.65,309,0,39552
PEL-II.NFO,07/01/2020,09:20:07,1491.5,1488.95,309,1492.95,309,0,39552
PEL-II.NFO,07/01/2020,09:20:08,1491.5,1485.9,309,1492.6,309,0,39552
PEL-II.NFO,07/01/2020,09:20:09,1491.5,1488.5,309,1492.9,309,0,39552
PEL-II.NFO,07/01/2020,09:20:10,1491.5,1488.85,309,1492.9,309,0,39552
PEL-II.NFO,07/01/2020,09:20:11,1491.5,1488.3,309,1492.6,309,0,39552
PEL-II.NFO,07/01/2020,09:20:12,1491.5,1487.4,309,1492.8,618,0,39552
PEL-II.NFO,07/01/2020,09:20:13,1491.5,1488.6,618,1492.7,618,0,39552
PEL-II.NFO,07/01/2020,09:20:14,1491.5,1487.6,618,1492.7,618,0,39552
PEL-II.NFO,07/01/2020,09:20:15,1491.5,1488.8,618,1492.7,618,0,39552
PEL-II.NFO,07/01/2020,09:20:16,1491.5,1486.4,309,1492.7,618,0,39552
PEL-II.NFO,07/01/2020,09:20:17,1491.5,1488.8,618,1492.7,618,0,39552
PEL-II.NFO,07/01/2020,09:20:21,1491.5,1488.9,618,1492.7,618,0,39552
PEL-II.NFO,07/01/2020,09:20:23,1491.5,1488.55,309,1492.7,618,0,39552
PEL-II.NFO,07/01/2020,09:20:24,1491.5,1488.8,309,1492.7,618,0,39552
PEL-II.NFO,07/01/2020,09:20:25,1491.5,1488.8,309,1492.45,309,0,39552
PEL-II.NFO,07/01/2020,09:20:26,1491.5,1488.8,309,1492.5,618,0,39552
PEL-II.NFO,07/01/2020,09:20:30,1491.5,1487.6,309,1492.5,927,0,39552
PEL-II.NFO,07/01/2020,09:20:31,1491.5,1488.55,309,1492.5,927,0,39552
PEL-II.NFO,07/01/2020,09:20:32,1491.5,1488.1,309,1492.5,618,0,39552
PEL-II.NFO,07/01/2020,09:20:33,1491.5,1489.05,309,1492.5,618,0,39552
PEL-II.NFO,07/01/2020,09:20:34,1491.5,1486.1,309,1492.5,618,0,39552
PEL-II.NFO,07/01/2020,09:20:35,1491.5,1489.9,309,1492.7,309,0,39552
PEL-II.NFO,07/01/2020,09:20:36,1491.5,1488.55,309,1493.5,309,0,39552
PEL-II.NFO,07/01/2020,09:20:39,1491.5,1489.15,309,1493.1,309,0,39552
PEL-II.NFO,07/01/2020,09:20:40,1491.5,1489.85,309,1492.9,309,0,39552
PEL-II.NFO,07/01/2020,09:20:41,1491.5,1486.85,309,1492.5,309,0,39552
PEL-II.NFO,07/01/2020,09:20:43,1491.5,1489.1,309,1492.2,309,0,39552
PEL-II.NFO,07/01/2020,09:20:44,1491.5,1489.2,309,1492,309,0,39552
PEL-II.NFO,07/01/2020,09:20:46,1491.5,1489.2,309,1491.9,309,0,39552
PEL-II.NFO,07/01/2020,09:20:49,1491.5,1489.2,309,1491.8,309,0,39552
PEL-II.NFO,07/01/2020,09:20:50,1491.5,1489.2,309,1491.7,309,0,39552
PEL-II.NFO,07/01/2020,09:20:53,1491.5,1487.45,309,1491.9,309,0,39552
PEL-II.NFO,07/01/2020,09:20:54,1491.5,1488.4,618,1491.5,309,0,39552
PEL-II.NFO,07/01/2020,09:20:55,1491.5,1488.5,309,1492.4,309,0,39552
PEL-II.NFO,07/01/2020,09:20:56,1491.5,1489.1,309,1492.3,309,0,39552
PEL-II.NFO,07/01/2020,09:20:57,1491.5,1489.1,309,1492.1,309,0,39552
PEL-II.NFO,07/01/2020,09:20:58,1491.5,1489.1,309,1492,309,0,39552
PEL-II.NFO,07/01/2020,09:20:59,1491.5,1489.1,309,1491.7,309,0,39552
PEL-II.NFO,07/01/2020,09:21:00,1491.5,1489.1,309,1491.6,309,0,39552
PEL-II.NFO,07/01/2020,09:21:01,1491.5,1487.8,309,1491.35,309,0,39552
PEL-II.NFO,07/01/2020,09:21:02,1491.5,1486.8,618,1491.05,309,0,39552
PEL-II.NFO,07/01/2020,09:21:03,1491.5,1487.45,618,1491.35,309,0,39552
PEL-II.NFO,07/01/2020,09:21:04,1491.5,1487.7,309,1490.65,309,0,39552
PEL-II.NFO,07/01/2020,09:21:05,1491.5,1487.9,309,1491.05,309,0,39552
PEL-II.NFO,07/01/2020,09:21:06,1491.5,1489.2,309,1491.8,309,0,39552
PEL-II.NFO,07/01/2020,09:21:07,1491.5,1489.05,309,1492,309,0,39552
PEL-II.NFO,07/01/2020,09:21:08,1491.5,1489.55,309,1492.7,309,0,39552
PEL-II.NFO,07/01/2020,09:21:09,1491.5,1489.4,309,1493.45,309,0,39552
PEL-II.NFO,07/01/2020,09:21:11,1493.75,1491.6,309,1496.1,309,309,39552
PEL-II.NFO,07/01/2020,09:21:11,1493.75,1491.6,309,1496.1,309,0,39552
PEL-II.NFO,07/01/2020,09:21:12,1493.75,1490.05,309,1497.35,618,0,39552
PEL-II.NFO,07/01/2020,09:21:13,1493.75,1491.8,618,1495.55,309,0,39552
PEL-II.NFO,07/01/2020,09:21:14,1493.75,1491.9,618,1495.25,309,0,39552
PEL-II.NFO,07/01/2020,09:21:15,1493.75,1489.4,309,1495.45,309,0,39552
PEL-II.NFO,07/01/2020,09:21:16,1493.75,1491.75,309,1495.3,309,0,39552
PEL-II.NFO,07/01/2020,09:21:18,1493.75,1492.25,309,1495.6,309,0,39552
PEL-II.NFO,07/01/2020,09:21:19,1493.75,1492.25,309,1495.5,309,0,39552
PEL-II.NFO,07/01/2020,09:21:20,1493.75,1492.25,309,1495.3,309,0,39552
PEL-II.NFO,07/01/2020,09:21:21,1493.75,1491.45,309,1495.1,309,0,39552
PEL-II.NFO,07/01/2020,09:21:23,1493.75,1490.7,927,1495.2,309,0,39552
PEL-II.NFO,07/01/2020,09:21:24,1493.75,1491.1,309,1495.05,309,0,39552
PEL-II.NFO,07/01/2020,09:21:25,1493.75,1491.25,309,1494.4,309,0,39552
PEL-II.NFO,07/01/2020,09:21:26,1493.75,1491.1,309,1495.3,309,0,39552
PEL-II.NFO,07/01/2020,09:21:27,1493.75,1489.5,309,1495.25,309,0,39552
PEL-II.NFO,07/01/2020,09:21:28,1493.75,1489.85,309,1495,309,0,39552
PEL-II.NFO,07/01/2020,09:21:29,1493.75,1491.15,309,1495.1,309,0,39552
PEL-II.NFO,07/01/2020,09:21:30,1493.75,1492.15,309,1494.9,309,0,39552
PEL-II.NFO,07/01/2020,09:21:31,1493.75,1491.35,927,1494.9,309,0,39552
PEL-II.NFO,07/01/2020,09:21:32,1493.75,1491.45,618,1494.95,309,0,39552
PEL-II.NFO,07/01/2020,09:21:33,1493.75,1491.45,618,1494.55,309,0,39552
PEL-II.NFO,07/01/2020,09:21:35,1493.75,1491.45,618,1494.45,309,0,39552
PEL-II.NFO,07/01/2020,09:21:36,1493.75,1491.45,618,1494.35,309,0,39552
PEL-II.NFO,07/01/2020,09:21:37,1493.75,1491.45,618,1494.15,309,0,39552
PEL-II.NFO,07/01/2020,09:21:41,1493.75,1491.45,618,1494.05,309,0,39552
PEL-II.NFO,07/01/2020,09:21:42,1493.75,1488.85,618,1494.95,618,0,39552
PEL-II.NFO,07/01/2020,09:21:43,1493.75,1491.2,618,1494.95,618,0,39552
PEL-II.NFO,07/01/2020,09:21:44,1493.75,1491.4,309,1494.95,618,0,39552
PEL-II.NFO,07/01/2020,09:21:45,1493.75,1491.6,309,1494.95,618,0,39552
PEL-II.NFO,07/01/2020,09:21:46,1495,1493.25,309,1497.1,309,309,39552
PEL-II.NFO,07/01/2020,09:21:46,1495,1493.25,309,1497.1,309,0,39552
PEL-II.NFO,07/01/2020,09:21:47,1495,1491.5,309,1495.65,618,0,39552
PEL-II.NFO,07/01/2020,09:21:48,1495,1491.8,309,1495.65,618,0,39552
PEL-II.NFO,07/01/2020,09:21:50,1495,1491.85,309,1495.65,618,0,39552
PEL-II.NFO,07/01/2020,09:21:51,1495,1491.5,309,1495.55,927,0,39552
PEL-II.NFO,07/01/2020,09:21:52,1495,1492.1,309,1495.55,618,0,39552
PEL-II.NFO,07/01/2020,09:21:53,1495,1491.95,309,1496.2,309,0,39552
PEL-II.NFO,07/01/2020,09:21:54,1495,1490,309,1495.4,309,0,39552
PEL-II.NFO,07/01/2020,09:21:55,1495,1491.2,309,1495.2,618,0,39552
PEL-II.NFO,07/01/2020,09:21:56,1495,1491.55,309,1494.9,309,0,39552
PEL-II.NFO,07/01/2020,09:21:57,1495,1491.95,309,1495.5,309,0,39552
PEL-II.NFO,07/01/2020,09:21:58,1495,1492.25,309,1495.75,309,0,39552
PEL-II.NFO,07/01/2020,09:21:59,1495,1491.5,618,1496.65,309,0,39552
PEL-II.NFO,07/01/2020,09:22:00,1495,1492.2,309,1495.3,309,0,39552
PEL-II.NFO,07/01/2020,09:22:01,1495,1492.7,309,1495,309,0,39552
PEL-II.NFO,07/01/2020,09:22:02,1495,1492.7,309,1494.9,309,0,39552
PEL-II.NFO,07/01/2020,09:22:03,1495,1492.7,309,1495.15,309,0,39552
PEL-II.NFO,07/01/2020,09:22:04,1495,1489.95,309,1495.45,309,0,39552
PEL-II.NFO,07/01/2020,09:22:05,1495,1491.85,618,1496.9,618,0,39552
PEL-II.NFO,07/01/2020,09:22:06,1495,1492.15,927,1496.9,618,0,39552
PEL-II.NFO,07/01/2020,09:22:07,1495,1492.7,309,1496.95,309,0,39552
PEL-II.NFO,07/01/2020,09:22:08,1495,1492.7,309,1496.45,309,0,39552
PEL-II.NFO,07/01/2020,09:22:09,1495,1492.2,309,1495.05,309,0,39552
PEL-II.NFO,07/01/2020,09:22:10,1495,1490.45,309,1494.65,309,0,39552
PEL-II.NFO,07/01/2020,09:22:11,1495,1490.85,309,1495.2,309,0,39552
PEL-II.NFO,07/01/2020,09:22:12,1495,1491.55,309,1494.6,309,0,39552
PEL-II.NFO,07/01/2020,09:22:13,1495,1490.55,309,1494.1,309,0,39552
PEL-II.NFO,07/01/2020,09:22:15,1495,1490.55,309,1493.9,309,0,39552
PEL-II.NFO,07/01/2020,09:22:16,1495,1490.55,309,1493.7,309,0,39552
PEL-II.NFO,07/01/2020,09:22:17,1495,1489.5,618,1493.8,309,0,39552
PEL-II.NFO,07/01/2020,09:22:18,1495,1489.7,927,1493.8,309,0,39552
PEL-II.NFO,07/01/2020,09:22:19,1495,1489.7,927,1494.05,309,0,39552
PEL-II.NFO,07/01/2020,09:22:20,1495,1489.7,927,1494.1,309,0,39552
PEL-II.NFO,07/01/2020,09:22:21,1495,1489.7,927,1494.4,309,0,39552
PEL-II.NFO,07/01/2020,09:22:24,1495,1489.7,927,1493.95,309,0,39552
PEL-II.NFO,07/01/2020,09:22:25,1495,1489.7,927,1493.7,309,0,39552
PEL-II.NFO,07/01/2020,09:22:26,1495,1489.7,927,1493.3,309,0,39552
PEL-II.NFO,07/01/2020,09:22:27,1495,1486.6,927,1493.85,618,0,39552
PEL-II.NFO,07/01/2020,09:22:28,1495,1487.45,309,1492.7,927,0,39552
PEL-II.NFO,07/01/2020,09:22:29,1495,1489.9,309,1493.9,309,0,39552
PEL-II.NFO,07/01/2020,09:22:30,1495,1489.6,309,1494.1,618,0,39552
PEL-II.NFO,07/01/2020,09:22:31,1495,1489.6,309,1494.1,927,0,39552
PEL-II.NFO,07/01/2020,09:22:32,1495,1489.5,309,1494.25,309,0,39552
PEL-II.NFO,07/01/2020,09:22:33,1495,1489.3,309,1494.1,309,0,39552
PEL-II.NFO,07/01/2020,09:22:34,1495,1489.05,927,1493.15,309,0,39552
PEL-II.NFO,07/01/2020,09:22:35,1495,1489.25,618,1493.5,309,0,39552
PEL-II.NFO,07/01/2020,09:22:36,1495,1489.35,618,1493.6,309,0,39552
PEL-II.NFO,07/01/2020,09:22:37,1495,1489.45,618,1494.1,309,0,39552
PEL-II.NFO,07/01/2020,09:22:38,1495,1486.6,927,1493.85,309,0,39552
PEL-II.NFO,07/01/2020,09:22:39,1495,1486.6,927,1493.25,309,0,39552
PEL-II.NFO,07/01/2020,09:22:40,1495,1488.2,618,1494.2,309,0,39552
PEL-II.NFO,07/01/2020,09:22:41,1495,1489.45,927,1495.15,309,0,39552
PEL-II.NFO,07/01/2020,09:22:42,1495,1490.1,309,1494.5,309,0,39552
PEL-II.NFO,07/01/2020,09:22:43,1495,1489.4,618,1495.15,309,0,39552
PEL-II.NFO,07/01/2020,09:22:44,1495,1490.85,309,1495.15,309,0,39552
PEL-II.NFO,07/01/2020,09:22:45,1495,1490.25,309,1494.85,309,0,39552
PEL-II.NFO,07/01/2020,09:22:46,1495,1490.35,618,1494.75,309,0,39552
PEL-II.NFO,07/01/2020,09:22:47,1495,1488.75,309,1495.35,309,0,39552
PEL-II.NFO,07/01/2020,09:22:48,1495,1490.45,309,1494.45,309,0,39552
PEL-II.NFO,07/01/2020,09:22:49,1495,1489,309,1494.15,309,0,39552
PEL-II.NFO,07/01/2020,09:22:50,1495,1490.3,309,1494.55,309,0,39552
PEL-II.NFO,07/01/2020,09:22:51,1495,1490.25,309,1494.5,309,0,39552
PEL-II.NFO,07/01/2020,09:22:52,1495,1490,309,1494.5,309,0,39552
PEL-II.NFO,07/01/2020,09:22:53,1495,1490.35,309,1493.8,309,0,39552
PEL-II.NFO,07/01/2020,09:22:54,1495,1490.35,309,1494.2,309,0,39552
PEL-II.NFO,07/01/2020,09:22:55,1495,1490.35,309,1493.9,618,0,39552
PEL-II.NFO,07/01/2020,09:22:57,1495,1488.75,618,1493.55,309,0,39552
PEL-II.NFO,07/01/2020,09:22:58,1495,1489.5,309,1493.45,309,0,39552
PEL-II.NFO,07/01/2020,09:23:00,1495,1489.1,927,1493.25,309,0,39552
PEL-II.NFO,07/01/2020,09:23:01,1495,1489.6,309,1493.05,309,0,39552
PEL-II.NFO,07/01/2020,09:23:02,1495,1489.55,309,1493.15,309,0,39552
PEL-II.NFO,07/01/2020,09:23:03,1495,1489.25,309,1493.2,309,0,39552
PEL-II.NFO,07/01/2020,09:23:05,1495,1490.15,927,1494.75,309,0,39552
PEL-II.NFO,07/01/2020,09:23:06,1495,1489.2,309,1494.15,309,0,39552
PEL-II.NFO,07/01/2020,09:23:07,1495,1489.3,309,1494.8,309,0,39552
PEL-II.NFO,07/01/2020,09:23:08,1495,1489.5,927,1494.5,309,0,39552
PEL-II.NFO,07/01/2020,09:23:09,1495,1489.25,309,1494.2,309,0,39552
PEL-II.NFO,07/01/2020,09:23:10,1495,1489.7,309,1493.8,309,0,39552
PEL-II.NFO,07/01/2020,09:23:11,1495,1490.25,309,1493.7,309,0,39552
PEL-II.NFO,07/01/2020,09:23:12,1495,1490.25,309,1493.4,309,0,39552
PEL-II.NFO,07/01/2020,09:23:13,1495,1490.25,309,1493.5,309,0,39552
PEL-II.NFO,07/01/2020,09:23:14,1495,1488.6,309,1493.1,309,0,39552
PEL-II.NFO,07/01/2020,09:23:15,1495,1490.3,309,1493.7,309,0,39552
PEL-II.NFO,07/01/2020,09:23:16,1495,1488.9,309,1492.9,309,0,39552
PEL-II.NFO,07/01/2020,09:23:17,1495,1488.9,309,1492.7,309,0,39552
PEL-II.NFO,07/01/2020,09:23:18,1495,1488.5,309,1492.3,309,0,39552
PEL-II.NFO,07/01/2020,09:23:19,1495,1488.9,309,1492.2,309,0,39552
PEL-II.NFO,07/01/2020,09:23:20,1495,1488.9,309,1492.1,309,0,39552
PEL-II.NFO,07/01/2020,09:23:21,1495,1488.9,309,1492.75,309,0,39552
PEL-II.NFO,07/01/2020,09:23:22,1495,1488.9,309,1492.55,309,0,39552
PEL-II.NFO,07/01/2020,09:23:23,1495,1489.45,618,1494.85,309,0,39552
PEL-II.NFO,07/01/2020,09:23:24,1495,1489.45,927,1494.75,309,0,39552
PEL-II.NFO,07/01/2020,09:23:25,1495,1489.75,618,1494.95,618,0,39552
PEL-II.NFO,07/01/2020,09:23:26,1495,1490.05,309,1494.95,618,0,39552
PEL-II.NFO,07/01/2020,09:23:27,1495,1486.8,309,1494.5,309,0,39552
PEL-II.NFO,07/01/2020,09:23:28,1495,1489.45,309,1494.65,309,0,39552
PEL-II.NFO,07/01/2020,09:23:29,1495,1489.7,618,1494.25,309,0,39552
PEL-II.NFO,07/01/2020,09:23:30,1495,1487.4,309,1493.85,309,0,39552
PEL-II.NFO,07/01/2020,09:23:31,1495,1490.15,309,1493.95,309,0,39552
PEL-II.NFO,07/01/2020,09:23:32,1495,1490.15,309,1493.35,309,0,39552
PEL-II.NFO,07/01/2020,09:23:33,1495,1489.85,618,1494.4,309,0,39552
PEL-II.NFO,07/01/2020,09:23:34,1495,1489.85,927,1494.2,309,0,39552
PEL-II.NFO,07/01/2020,09:23:35,1495,1487.9,309,1494.35,309,0,39552
PEL-II.NFO,07/01/2020,09:23:36,1495,1489.55,927,1493.8,309,0,39552
PEL-II.NFO,07/01/2020,09:23:37,1495,1489.55,927,1494.45,309,0,39552
PEL-II.NFO,07/01/2020,09:23:38,1495,1489.9,927,1494.5,309,0,39552
PEL-II.NFO,07/01/2020,09:23:39,1495,1488.4,309,1494.25,309,0,39552
PEL-II.NFO,07/01/2020,09:23:40,1495,1489.85,618,1494.4,309,0,39552
PEL-II.NFO,07/01/2020,09:23:41,1495,1487.35,618,1494.3,309,0,39552
PEL-II.NFO,07/01/2020,09:23:42,1495,1490.45,618,1494.25,309,0,39552
PEL-II.NFO,07/01/2020,09:23:43,1495,1487.9,309,1494.1,309,0,39552
PEL-II.NFO,07/01/2020,09:23:44,1495,1488.45,927,1494.35,309,0,39552
PEL-II.NFO,07/01/2020,09:23:45,1495,1488.8,309,1494.45,309,0,39552
PEL-II.NFO,07/01/2020,09:23:46,1495,1489.15,618,1493.85,309,0,39552
PEL-II.NFO,07/01/2020,09:23:47,1495,1490.3,309,1494.2,309,0,39552
PEL-II.NFO,07/01/2020,09:23:48,1495,1490.35,309,1493.9,309,0,39552
PEL-II.NFO,07/01/2020,09:23:49,1495,1490.35,309,1493.6,309,0,39552
PEL-II.NFO,07/01/2020,09:23:51,1495,1490.3,309,1493.3,309,0,39552
PEL-II.NFO,07/01/2020,09:23:52,1495,1490.3,309,1493,309,0,39552
PEL-II.NFO,07/01/2020,09:23:53,1495,1488.9,309,1493.7,309,0,39552
PEL-II.NFO,07/01/2020,09:23:56,1495,1488.1,309,1493.35,309,0,39552
PEL-II.NFO,07/01/2020,09:23:57,1495,1489.15,309,1493.05,309,0,39552
PEL-II.NFO,07/01/2020,09:23:58,1495,1489.15,309,1492.95,309,0,39552
PEL-II.NFO,07/01/2020,09:23:59,1495,1489.05,309,1493.45,309,0,39552
PEL-II.NFO,07/01/2020,09:24:00,1495,1488.95,309,1493.4,309,0,39552
PEL-II.NFO,07/01/2020,09:24:01,1495,1489.75,309,1493.1,309,0,39552
PEL-II.NFO,07/01/2020,09:24:02,1495,1490.3,309,1493.65,309,0,39552
PEL-II.NFO,07/01/2020,09:24:03,1495,1490.3,309,1493.55,309,0,39552
PEL-II.NFO,07/01/2020,09:24:04,1495,1490.3,309,1492.95,309,0,39552
PEL-II.NFO,07/01/2020,09:24:05,1495,1490.3,309,1493.25,309,0,39552
PEL-II.NFO,07/01/2020,09:24:06,1495,1490.3,309,1492.95,309,0,39552
PEL-II.NFO,07/01/2020,09:24:07,1495,1488.75,309,1493.2,309,0,39552
PEL-II.NFO,07/01/2020,09:24:08,1495,1488.95,618,1493.3,309,0,39552
PEL-II.NFO,07/01/2020,09:24:10,1495,1488.95,927,1493.25,309,0,39552
PEL-II.NFO,07/01/2020,09:24:11,1495,1488.95,309,1492.95,309,0,39552
PEL-II.NFO,07/01/2020,09:24:13,1495,1488.85,618,1493.35,309,0,39552
PEL-II.NFO,07/01/2020,09:24:15,1495,1489.15,618,1492.95,309,0,39552
PEL-II.NFO,07/01/2020,09:24:16,1495,1489.15,618,1492.65,309,0,39552
PEL-II.NFO,07/01/2020,09:24:17,1495,1489.15,618,1493.45,309,0,39552
PEL-II.NFO,07/01/2020,09:24:18,1495,1489.2,309,1493.25,309,0,39552
PEL-II.NFO,07/01/2020,09:24:19,1495,1489.15,309,1493.45,309,0,39552
PEL-II.NFO,07/01/2020,09:24:20,1495,1489.25,309,1493.15,309,0,39552
PEL-II.NFO,07/01/2020,09:24:21,1495,1489.3,309,1493.2,309,0,39552
PEL-II.NFO,07/01/2020,09:24:22,1495,1489.35,309,1493.05,309,0,39552
PEL-II.NFO,07/01/2020,09:24:23,1495,1489.35,618,1492.95,309,0,39552
PEL-II.NFO,07/01/2020,09:24:24,1495,1489.6,618,1492.65,309,0,39552
PEL-II.NFO,07/01/2020,09:24:26,1495,1489.05,309,1493.1,309,0,39552
PEL-II.NFO,07/01/2020,09:24:29,1495,1489.35,618,1493,309,0,39552
PEL-II.NFO,07/01/2020,09:24:30,1495,1489.5,309,1493.65,309,0,39552
PEL-II.NFO,07/01/2020,09:24:31,1495,1489.7,309,1493.55,309,0,39552
PEL-II.NFO,07/01/2020,09:24:33,1495,1490,309,1493.05,309,0,39552
PEL-II.NFO,07/01/2020,09:24:34,1495,1489.05,309,1493.55,309,0,39552
PEL-II.NFO,07/01/2020,09:24:35,1495,1489.45,309,1492.85,309,0,39552
PEL-II.NFO,07/01/2020,09:24:37,1495,1489.55,309,1493.15,309,0,39552
PEL-II.NFO,07/01/2020,09:24:39,1495,1489.55,309,1492.75,309,0,39552
PEL-II.NFO,07/01/2020,09:24:41,1495,1488.85,618,1492.8,309,0,39552
PEL-II.NFO,07/01/2020,09:24:42,1495,1488.5,309,1491.75,309,0,39552
PEL-II.NFO,07/01/2020,09:24:43,1495,1488.5,309,1491.65,309,0,39552
PEL-II.NFO,07/01/2020,09:24:44,1495,1488.5,309,1492.1,309,0,39552
PEL-II.NFO,07/01/2020,09:24:45,1495,1488.5,309,1491.6,309,0,39552
PEL-II.NFO,07/01/2020,09:24:48,1495,1488.5,309,1491.65,309,0,39552
PEL-II.NFO,07/01/2020,09:24:51,1495,1488.5,309,1491.5,309,0,39552
PEL-II.NFO,07/01/2020,09:24:52,1495,1487.8,309,1490.95,309,0,39552
PEL-II.NFO,07/01/2020,09:24:53,1495,1487.8,309,1490.85,309,0,39552
PEL-II.NFO,07/01/2020,09:24:54,1495,1487.8,309,1490.7,618,0,39552
PEL-II.NFO,07/01/2020,09:24:55,1495,1487.8,309,1490.3,309,0,39552
PEL-II.NFO,07/01/2020,09:24:56,1495,1487.8,309,1490.2,309,0,39552
PEL-II.NFO,07/01/2020,09:24:59,1495,1487.8,309,1490.5,309,0,39552
PEL-II.NFO,07/01/2020,09:25:00,1495,1486.9,309,1490.3,309,0,39552
PEL-II.NFO,07/01/2020,09:25:01,1495,1487.95,618,1492.5,309,0,39552
PEL-II.NFO,07/01/2020,09:25:02,1495,1488.15,618,1492.15,309,0,39552
PEL-II.NFO,07/01/2020,09:25:03,1495,1488.45,618,1492.75,309,0,39552
PEL-II.NFO,07/01/2020,09:25:04,1495,1488.45,927,1492.45,309,0,39552
PEL-II.NFO,07/01/2020,09:25:06,1495,1490.1,309,1494,309,0,39552
PEL-II.NFO,07/01/2020,09:25:07,1495,1489.4,309,1494.2,309,0,39552
PEL-II.NFO,07/01/2020,09:25:08,1495,1490.15,309,1493.6,309,0,39552
PEL-II.NFO,07/01/2020,09:25:09,1495,1488.7,309,1493.85,309,0,39552
PEL-II.NFO,07/01/2020,09:25:10,1495,1489.75,309,1494,309,0,39552
PEL-II.NFO,07/01/2020,09:25:12,1495,1489.65,309,1493.95,309,0,39552
PEL-II.NFO,07/01/2020,09:25:13,1495,1489.65,309,1492.7,309,0,39552
PEL-II.NFO,07/01/2020,09:25:16,1495,1489.65,309,1492.6,309,0,39552
PEL-II.NFO,07/01/2020,09:25:17,1495,1489.65,309,1492.5,309,0,39552
PEL-II.NFO,07/01/2020,09:25:18,1495,1488.05,309,1492.1,309,0,39552
PEL-II.NFO,07/01/2020,09:25:19,1495,1489.15,309,1491.8,309,0,39552
PEL-II.NFO,07/01/2020,09:25:20,1495,1489.65,309,1494.1,309,0,39552
PEL-II.NFO,07/01/2020,09:25:21,1495,1490.65,309,1493.8,309,0,39552
PEL-II.NFO,07/01/2020,09:25:22,1495,1490.1,309,1493.75,618,0,39552
PEL-II.NFO,07/01/2020,09:25:23,1495,1489.8,309,1493.75,618,0,39552
PEL-II.NFO,07/01/2020,09:25:24,1495,1489.65,309,1493.75,618,0,39552
PEL-II.NFO,07/01/2020,09:25:25,1495,1489.5,309,1493.75,618,0,39552
PEL-II.NFO,07/01/2020,09:25:26,1495,1489.8,309,1493.75,618,0,39552
PEL-II.NFO,07/01/2020,09:25:28,1495,1487.4,618,1492.4,309,0,39552
PEL-II.NFO,07/01/2020,09:25:29,1495,1488.45,309,1492.2,309,0,39552
PEL-II.NFO,07/01/2020,09:25:30,1495,1488.55,927,1492.6,309,0,39552
PEL-II.NFO,07/01/2020,09:25:31,1495,1488.55,927,1492.3,309,0,39552
PEL-II.NFO,07/01/2020,09:25:32,1495,1488.75,618,1492.85,309,0,39552
PEL-II.NFO,07/01/2020,09:25:33,1495,1488.85,309,1492.75,309,0,39552
PEL-II.NFO,07/01/2020,09:25:35,1495,1489.15,309,1492.65,309,0,39552
PEL-II.NFO,07/01/2020,09:25:38,1495,1488.55,309,1491.65,309,0,39552
PEL-II.NFO,07/01/2020,09:25:39,1495,1488.55,309,1491.45,309,0,39552
PEL-II.NFO,07/01/2020,09:25:40,1495,1488.55,309,1493.7,618,0,39552
PEL-II.NFO,07/01/2020,09:25:41,1495,1487.1,309,1493.1,309,0,39552
PEL-II.NFO,07/01/2020,09:25:42,1495,1488.05,309,1493.15,309,0,39552
PEL-II.NFO,07/01/2020,09:25:43,1495,1489.45,927,1493.7,309,0,39552
PEL-II.NFO,07/01/2020,09:25:44,1495,1489.45,927,1493.6,309,0,39552
PEL-II.NFO,07/01/2020,09:25:45,1495,1489.45,618,1493.4,309,0,39552
PEL-II.NFO,07/01/2020,09:25:46,1495,1489.45,927,1493.2,309,0,39552
PEL-II.NFO,07/01/2020,09:25:47,1495,1489.15,927,1493.3,309,0,39552
PEL-II.NFO,07/01/2020,09:25:48,1495,1489.4,309,1493.7,309,0,39552
PEL-II.NFO,07/01/2020,09:25:49,1495,1489.85,309,1493,309,0,39552
PEL-II.NFO,07/01/2020,09:25:50,1495,1489.85,309,1493.6,309,0,39552
PEL-II.NFO,07/01/2020,09:25:52,1495,1489.95,309,1493.7,309,0,39552
PEL-II.NFO,07/01/2020,09:25:53,1495,1489.5,618,1493.6,309,0,39552
PEL-II.NFO,07/01/2020,09:25:54,1495,1489.6,618,1493.4,309,0,39552
PEL-II.NFO,07/01/2020,09:25:55,1495,1487.9,309,1492.65,618,0,39552
PEL-II.NFO,07/01/2020,09:25:56,1495,1488.2,309,1492.45,309,0,39552
PEL-II.NFO,07/01/2020,09:25:58,1495,1487.9,309,1492.15,309,0,39552
PEL-II.NFO,07/01/2020,09:25:59,1495,1487.8,309,1491.65,309,0,39552
PEL-II.NFO,07/01/2020,09:26:00,1495,1487.8,309,1491.25,309,0,39552
PEL-II.NFO,07/01/2020,09:26:01,1495,1487.8,309,1491.15,309,0,39552
PEL-II.NFO,07/01/2020,09:26:05,1495,1487.1,309,1491.1,309,0,39552
PEL-II.NFO,07/01/2020,09:26:07,1495,1487.1,309,1491,309,0,39552
PEL-II.NFO,07/01/2020,09:26:08,1495,1486.4,309,1491.1,309,0,39552
PEL-II.NFO,07/01/2020,09:26:10,1495,1486.9,618,1491.2,309,0,39552
PEL-II.NFO,07/01/2020,09:26:11,1495,1487.65,309,1491.6,309,0,39552
PEL-II.NFO,07/01/2020,09:26:12,1495,1487.6,309,1491.4,309,0,39552
PEL-II.NFO,07/01/2020,09:26:13,1495,1487.6,309,1491.3,309,0,39552
PEL-II.NFO,07/01/2020,09:26:14,1495,1487.6,309,1491.1,309,0,39552
PEL-II.NFO,07/01/2020,09:26:15,1495,1487.6,309,1491.4,309,0,39552
PEL-II.NFO,07/01/2020,09:26:18,1495,1487.6,309,1491.35,309,0,39552
PEL-II.NFO,07/01/2020,09:26:19,1495,1487.6,309,1491.15,309,0,39552
PEL-II.NFO,07/01/2020,09:26:20,1495,1487.15,309,1492.25,309,0,39552
PEL-II.NFO,07/01/2020,09:26:21,1495,1488.05,309,1491.85,309,0,39552
PEL-II.NFO,07/01/2020,09:26:22,1495,1488.15,927,1492.15,309,0,39552
PEL-II.NFO,07/01/2020,09:26:23,1495,1488.8,927,1493.25,309,0,39552
PEL-II.NFO,07/01/2020,09:26:24,1495,1488.8,927,1493.65,309,0,39552
PEL-II.NFO,07/01/2020,09:26:25,1495,1489.2,309,1493.35,309,0,39552
PEL-II.NFO,07/01/2020,09:26:26,1495,1491.4,309,1494.95,309,0,39552
PEL-II.NFO,07/01/2020,09:26:27,1495,1490.05,309,1494.95,309,0,39552
PEL-II.NFO,07/01/2020,09:26:28,1495,1490.25,618,1494.95,309,0,39552
PEL-II.NFO,07/01/2020,09:26:29,1495,1490.35,309,1494.95,309,0,39552
PEL-II.NFO,07/01/2020,09:26:30,1495,1490.7,618,1495,309,0,39552
PEL-II.NFO,07/01/2020,09:26:31,1495,1491.15,618,1495,309,0,39552
PEL-II.NFO,07/01/2020,09:26:32,1495,1490.35,309,1494.95,309,0,39552
PEL-II.NFO,07/01/2020,09:26:33,1495,1490.65,618,1494.95,309,0,39552
PEL-II.NFO,07/01/2020,09:26:34,1495,1490.75,618,1494.95,309,0,39552
PEL-II.NFO,07/01/2020,09:26:35,1495,1491.8,309,1494.95,309,0,39552
PEL-II.NFO,07/01/2020,09:26:36,1495,1492,309,1494.95,309,0,39552
PEL-II.NFO,07/01/2020,09:26:37,1495,1492.05,309,1494.95,309,0,39552
PEL-II.NFO,07/01/2020,09:26:38,1495,1492.1,309,1494.95,309,0,39552
PEL-II.NFO,07/01/2020,09:26:40,1495,1491.2,618,1494.95,309,0,39552
PEL-II.NFO,07/01/2020,09:26:41,1495,1491.4,309,1494.95,309,0,39552
PEL-II.NFO,07/01/2020,09:26:42,1495.9,1492.6,309,1499.9,309,927,39243
PEL-II.NFO,07/01/2020,09:26:42,1495.9,1492.6,309,1499.9,309,0,39243
PEL-II.NFO,07/01/2020,09:26:43,1495.9,1489.25,309,1498.55,309,0,39243
PEL-II.NFO,07/01/2020,09:26:44,1495.9,1490.9,309,1495.95,309,0,39243
PEL-II.NFO,07/01/2020,09:26:45,1495.9,1491.95,309,1497.4,618,0,39243
PEL-II.NFO,07/01/2020,09:26:46,1495.9,1491.95,309,1497.85,309,0,39243
PEL-II.NFO,07/01/2020,09:26:47,1495.9,1491.8,309,1498.3,309,0,39243
PEL-II.NFO,07/01/2020,09:26:48,1495.9,1492.2,927,1497.4,309,0,39243
PEL-II.NFO,07/01/2020,09:26:49,1495.9,1492.75,309,1496.9,309,0,39243
PEL-II.NFO,07/01/2020,09:26:50,1495.9,1492.75,309,1496.5,309,0,39243
PEL-II.NFO,07/01/2020,09:26:51,1495.9,1491.1,309,1496.3,309,0,39243
PEL-II.NFO,07/01/2020,09:26:52,1495.9,1492,309,1496.5,309,0,39243
PEL-II.NFO,07/01/2020,09:26:53,1495.9,1492.7,309,1496.1,309,0,39243
PEL-II.NFO,07/01/2020,09:26:54,1495.9,1492.1,309,1495.6,309,0,39243
PEL-II.NFO,07/01/2020,09:26:55,1495.9,1492.1,309,1495.5,309,0,39243
PEL-II.NFO,07/01/2020,09:26:56,1495.9,1491.65,309,1495.3,309,0,39243
PEL-II.NFO,07/01/2020,09:26:57,1495.9,1491.2,309,1495.7,618,0,39243
PEL-II.NFO,07/01/2020,09:26:58,1495.9,1490.1,927,1495.7,618,0,39243
PEL-II.NFO,07/01/2020,09:26:59,1495.9,1491.3,309,1495.7,618,0,39243
PEL-II.NFO,07/01/2020,09:27:00,1495.9,1491.2,309,1495.7,618,0,39243
PEL-II.NFO,07/01/2020,09:27:01,1495.9,1491,309,1495.45,309,0,39243
PEL-II.NFO,07/01/2020,09:27:02,1495.9,1489.35,309,1494.55,309,0,39243
PEL-II.NFO,07/01/2020,09:27:03,1495.9,1490.2,618,1494.45,309,0,39243
PEL-II.NFO,07/01/2020,09:27:07,1495.9,1490.5,618,1495.05,309,0,39243
PEL-II.NFO,07/01/2020,09:27:08,1495.9,1490.6,618,1494.75,309,0,39243
PEL-II.NFO,07/01/2020,09:27:09,1495.9,1490.6,618,1494.55,309,0,39243
PEL-II.NFO,07/01/2020,09:27:10,1495.9,1490.6,618,1495.05,309,0,39243
PEL-II.NFO,07/01/2020,09:27:11,1495.9,1490.85,309,1494.35,309,0,39243
PEL-II.NFO,07/01/2020,09:27:12,1495.9,1490.55,927,1494.55,309,0,39243
PEL-II.NFO,07/01/2020,09:27:13,1495.9,1490.55,927,1494.95,309,0,39243
PEL-II.NFO,07/01/2020,09:27:14,1495.9,1490.55,927,1494.25,309,0,39243
PEL-II.NFO,07/01/2020,09:27:15,1495.9,1490.55,927,1494.65,309,0,39243
PEL-II.NFO,07/01/2020,09:27:16,1495.9,1491.7,309,1496.1,309,0,39243
PEL-II.NFO,07/01/2020,09:27:17,1495.9,1491.5,309,1496.45,309,0,39243
PEL-II.NFO,07/01/2020,09:27:19,1495.9,1492.1,309,1496.05,309,0,39243
PEL-II.NFO,07/01/2020,09:27:20,1495.9,1492.1,309,1496.4,309,0,39243
PEL-II.NFO,07/01/2020,09:27:21,1495.9,1492.2,309,1495.75,309,0,39243
PEL-II.NFO,07/01/2020,09:27:22,1495.9,1492.25,618,1495.65,309,0,39243
PEL-II.NFO,07/01/2020,09:27:23,1495.9,1493.5,309,1497.65,309,0,39243
PEL-II.NFO,07/01/2020,09:27:24,1495.9,1492.7,309,1496.45,309,0,39243
PEL-II.NFO,07/01/2020,09:27:25,1495.9,1492.7,309,1496.35,309,0,39243
PEL-II.NFO,07/01/2020,09:27:26,1495.9,1490.9,927,1496.5,618,0,39243
PEL-II.NFO,07/01/2020,09:27:27,1495.9,1490.9,927,1495.7,309,0,39243
PEL-II.NFO,07/01/2020,09:27:28,1495.9,1491.75,309,1495.5,309,0,39243
PEL-II.NFO,07/01/2020,09:27:30,1495.9,1491.75,309,1495.2,309,0,39243
PEL-II.NFO,07/01/2020,09:27:31,1495.9,1492.05,309,1495.6,309,0,39243
PEL-II.NFO,07/01/2020,09:27:32,1495.9,1490.85,309,1495.6,309,0,39243
PEL-II.NFO,07/01/2020,09:27:33,1495.9,1491.8,309,1495.2,309,0,39243
PEL-II.NFO,07/01/2020,09:27:34,1495.9,1491.8,309,1495.1,309,0,39243
PEL-II.NFO,07/01/2020,09:27:35,1495.9,1492,309,1495.1,309,0,39243
PEL-II.NFO,07/01/2020,09:27:36,1495.9,1490.1,309,1495.6,309,0,39243
PEL-II.NFO,07/01/2020,09:27:37,1495.9,1490.8,618,1495.5,309,0,39243
PEL-II.NFO,07/01/2020,09:27:38,1495.9,1492.7,309,1497.25,309,0,39243
PEL-II.NFO,07/01/2020,09:27:39,1495.9,1491.8,309,1495.65,309,0,39243
PEL-II.NFO,07/01/2020,09:27:40,1495.9,1491.8,309,1495.7,309,0,39243
PEL-II.NFO,07/01/2020,09:27:41,1495.9,1491.35,618,1496.6,309,0,39243
PEL-II.NFO,07/01/2020,09:27:42,1495.9,1492.1,309,1496.2,309,0,39243
PEL-II.NFO,07/01/2020,09:27:43,1495.9,1492.05,618,1496.25,309,0,39243
PEL-II.NFO,07/01/2020,09:27:44,1495.9,1492.35,309,1496.05,309,0,39243
PEL-II.NFO,07/01/2020,09:27:45,1495.9,1491.25,309,1494.6,309,0,39243
PEL-II.NFO,07/01/2020,09:27:46,1495.9,1491.25,309,1495.15,309,0,39243
PEL-II.NFO,07/01/2020,09:27:47,1495.9,1490.75,309,1494.65,309,0,39243
PEL-II.NFO,07/01/2020,09:27:48,1495.9,1491.15,309,1495.45,618,0,39243
PEL-II.NFO,07/01/2020,09:27:49,1495.9,1491.3,309,1495.25,309,0,39243
PEL-II.NFO,07/01/2020,09:27:50,1495.9,1491.25,309,1495.05,309,0,39243
PEL-II.NFO,07/01/2020,09:27:51,1495.9,1491.25,309,1494.65,309,0,39243
PEL-II.NFO,07/01/2020,09:27:52,1495.9,1489.6,309,1495.05,309,0,39243
PEL-II.NFO,07/01/2020,09:27:53,1495.9,1490.05,618,1495.2,309,0,39243
PEL-II.NFO,07/01/2020,09:27:54,1495.9,1491.4,309,1495,309,0,39243
PEL-II.NFO,07/01/2020,09:27:55,1495.9,1491.4,309,1494.6,309,0,39243
PEL-II.NFO,07/01/2020,09:27:56,1495.9,1491.4,309,1494.4,309,0,39243
PEL-II.NFO,07/01/2020,09:27:57,1495.9,1491.1,309,1494.1,309,0,39243
PEL-II.NFO,07/01/2020,09:27:59,1495.9,1491.1,309,1494.65,309,0,39243
PEL-II.NFO,07/01/2020,09:28:00,1495.9,1491.1,309,1494.45,309,0,39243
PEL-II.NFO,07/01/2020,09:28:02,1495.9,1491.2,309,1494.25,309,0,39243
PEL-II.NFO,07/01/2020,09:28:03,1495.9,1491.2,309,1494.7,618,0,39243
PEL-II.NFO,07/01/2020,09:28:07,1495.9,1490,309,1494.05,309,0,39243
PEL-II.NFO,07/01/2020,09:28:08,1495.9,1489.3,618,1493.6,309,0,39243
PEL-II.NFO,07/01/2020,09:28:09,1495.9,1489.55,309,1493.85,309,0,39243
PEL-II.NFO,07/01/2020,09:28:10,1495.9,1490.1,309,1493.7,309,0,39243
PEL-II.NFO,07/01/2020,09:28:11,1495.9,1490.1,309,1493.8,309,0,39243
PEL-II.NFO,07/01/2020,09:28:12,1495.9,1490.1,309,1493.7,309,0,39243
PEL-II.NFO,07/01/2020,09:28:13,1495.9,1489.15,309,1493.25,309,0,39243
PEL-II.NFO,07/01/2020,09:28:14,1495.9,1489.5,309,1494.15,309,0,39243
PEL-II.NFO,07/01/2020,09:28:20,1495.9,1489.55,309,1493.75,309,0,39243
PEL-II.NFO,07/01/2020,09:28:21,1495.9,1489.55,309,1493.1,309,0,39243
PEL-II.NFO,07/01/2020,09:28:23,1495.9,1489.55,309,1493.4,309,0,39243
PEL-II.NFO,07/01/2020,09:28:25,1495.9,1489.55,309,1493.35,309,0,39243
PEL-II.NFO,07/01/2020,09:28:26,1495.9,1489.55,309,1493.3,309,0,39243
PEL-II.NFO,07/01/2020,09:28:27,1495.9,1489.1,309,1492.75,309,0,39243
PEL-II.NFO,07/01/2020,09:28:28,1495.9,1489.3,309,1492.85,309,0,39243
PEL-II.NFO,07/01/2020,09:28:29,1495.9,1487.35,309,1492.65,309,0,39243
PEL-II.NFO,07/01/2020,09:28:30,1495.9,1489.25,309,1492.7,309,0,39243
PEL-II.NFO,07/01/2020,09:28:31,1495.9,1489.25,309,1493.1,309,0,39243
PEL-II.NFO,07/01/2020,09:28:32,1495.9,1489.25,309,1492.9,309,0,39243
PEL-II.NFO,07/01/2020,09:28:33,1495.9,1488.65,618,1492.7,309,0,39243
PEL-II.NFO,07/01/2020,09:28:35,1495.9,1488.95,927,1492.2,309,0,39243
PEL-II.NFO,07/01/2020,09:28:37,1495.9,1489.05,309,1492.7,309,0,39243
PEL-II.NFO,07/01/2020,09:28:37,1495.9,1489.25,309,1493.25,309,0,39243
PEL-II.NFO,07/01/2020,09:28:38,1495.9,1489.25,309,1493.15,309,0,39243
PEL-II.NFO,07/01/2020,09:28:39,1495.9,1489.25,309,1493.05,309,0,39243
PEL-II.NFO,07/01/2020,09:28:40,1495.9,1489.25,309,1492.85,309,0,39243
PEL-II.NFO,07/01/2020,09:28:41,1495.9,1489.25,309,1493.2,309,0,39243
PEL-II.NFO,07/01/2020,09:28:43,1495.9,1489.05,309,1493,309,0,39243
PEL-II.NFO,07/01/2020,09:28:44,1495.9,1489.25,309,1493.05,309,0,39243
PEL-II.NFO,07/01/2020,09:28:46,1495.9,1489.05,618,1492.95,309,0,39243
PEL-II.NFO,07/01/2020,09:28:46,1495.9,1489.05,618,1492.85,309,0,39243
PEL-II.NFO,07/01/2020,09:28:47,1495.9,1489.25,309,1492.9,309,0,39243
PEL-II.NFO,07/01/2020,09:28:48,1495.9,1489.3,309,1493.15,309,0,39243
PEL-II.NFO,07/01/2020,09:28:49,1495.9,1489.3,309,1493.05,309,0,39243
PEL-II.NFO,07/01/2020,09:28:50,1495.9,1489.7,309,1492.9,309,0,39243
PEL-II.NFO,07/01/2020,09:28:51,1495.9,1489.7,618,1494.65,309,0,39243
PEL-II.NFO,07/01/2020,09:28:52,1495.9,1490.1,309,1494.3,309,0,39243
PEL-II.NFO,07/01/2020,09:28:53,1495.9,1490.1,309,1494,309,0,39243
PEL-II.NFO,07/01/2020,09:28:54,1495.9,1487.7,309,1493.6,309,0,39243
PEL-II.NFO,07/01/2020,09:28:55,1495.9,1489.75,309,1493.4,309,0,39243
PEL-II.NFO,07/01/2020,09:28:56,1495.9,1489.6,309,1493.65,309,0,39243
PEL-II.NFO,07/01/2020,09:28:57,1495.9,1489.7,309,1493.95,309,0,39243
PEL-II.NFO,07/01/2020,09:29:00,1495.9,1488.25,309,1493.9,309,0,39243
PEL-II.NFO,07/01/2020,09:29:02,1495.9,1489.7,618,1494.2,309,0,39243
PEL-II.NFO,07/01/2020,09:29:04,1495.9,1490.15,618,1494.3,309,0,39243
PEL-II.NFO,07/01/2020,09:29:06,1495.9,1490.15,927,1494.3,309,0,39243
PEL-II.NFO,07/01/2020,09:29:06,1495.9,1490.15,927,1494.2,309,0,39243
PEL-II.NFO,07/01/2020,09:29:07,1495.9,1490.15,927,1494.1,309,0,39243
PEL-II.NFO,07/01/2020,09:29:08,1495.9,1490.45,618,1494.3,309,0,39243
PEL-II.NFO,07/01/2020,09:29:09,1495.9,1490.65,309,1494.2,309,0,39243
PEL-II.NFO,07/01/2020,09:29:10,1495.9,1491.35,309,1494.55,309,0,39243
PEL-II.NFO,07/01/2020,09:29:13,1495.9,1491.35,309,1494.35,309,0,39243
PEL-II.NFO,07/01/2020,09:29:13,1495.9,1491.35,309,1494.05,309,0,39243
PEL-II.NFO,07/01/2020,09:29:15,1495.9,1491.35,309,1494.7,309,0,39243
PEL-II.NFO,07/01/2020,09:29:18,1495.9,1491.35,309,1494.4,309,0,39243
PEL-II.NFO,07/01/2020,09:29:20,1495.9,1491.35,309,1494.2,309,0,39243
PEL-II.NFO,07/01/2020,09:29:21,1495.9,1490.45,309,1494.15,309,0,39243
PEL-II.NFO,07/01/2020,09:29:24,1495.9,1490.45,309,1493.85,309,0,39243
PEL-II.NFO,07/01/2020,09:29:27,1495.9,1490.45,309,1494.35,309,0,39243
PEL-II.NFO,07/01/2020,09:29:27,1495.9,1490.45,309,1494.1,309,0,39243
PEL-II.NFO,07/01/2020,09:29:33,1495.9,1487.75,309,1494,309,0,39243
PEL-II.NFO,07/01/2020,09:29:33,1495.9,1490.25,309,1493.8,309,0,39243
PEL-II.NFO,07/01/2020,09:29:34,1495.9,1489.8,618,1493.6,309,0,39243
PEL-II.NFO,07/01/2020,09:29:36,1495.9,1490,309,1493.8,309,0,39243
PEL-II.NFO,07/01/2020,09:29:37,1495.9,1490.2,309,1494.3,309,0,39243
PEL-II.NFO,07/01/2020,09:29:40,1495.9,1490.2,309,1494.2,309,0,39243
PEL-II.NFO,07/01/2020,09:29:44,1495.9,1490.25,309,1493.75,309,0,39243
PEL-II.NFO,07/01/2020,09:29:46,1495.9,1489.8,309,1493.55,309,0,39243
PEL-II.NFO,07/01/2020,09:29:46,1495.9,1489.9,927,1493.95,309,0,39243
PEL-II.NFO,07/01/2020,09:29:47,1495.9,1489.9,927,1494.05,309,0,39243
PEL-II.NFO,07/01/2020,09:29:49,1495.9,1489.9,927,1493.85,309,0,39243
PEL-II.NFO,07/01/2020,09:29:50,1495.9,1489.9,927,1493.75,309,0,39243
PEL-II.NFO,07/01/2020,09:29:51,1495.9,1489.9,927,1493.85,309,0,39243
PEL-II.NFO,07/01/2020,09:29:54,1495.9,1489.9,927,1493.65,309,0,39243
PEL-II.NFO,07/01/2020,09:29:54,1495.9,1489.9,927,1494.05,309,0,39243
PEL-II.NFO,07/01/2020,09:29:55,1495.9,1489.9,927,1493.8,309,0,39243
PEL-II.NFO,07/01/2020,09:30:00,1495.9,1490.05,309,1494.05,309,0,39243
PEL-II.NFO,07/01/2020,09:30:01,1495.9,1490.35,618,1494.4,309,0,39243
PEL-II.NFO,07/01/2020,09:30:03,1495.9,1491.55,309,1495.1,309,0,39243
PEL-II.NFO,07/01/2020,09:30:04,1495.9,1492.2,309,1495.7,309,0,39243
PEL-II.NFO,07/01/2020,09:30:06,1495.9,1492.95,618,1495.95,309,0,39243
PEL-II.NFO,07/01/2020,09:30:07,1495.9,1492.7,618,1495.95,309,0,39243
PEL-II.NFO,07/01/2020,09:30:08,1495.9,1490.95,618,1495.4,309,0,39243
PEL-II.NFO,07/01/2020,09:30:09,1495.9,1491.45,309,1495.95,309,0,39243
PEL-II.NFO,07/01/2020,09:30:10,1495.9,1492.65,309,1495.95,309,0,39243
PEL-II.NFO,07/01/2020,09:30:11,1495.9,1489.1,618,1495.95,309,0,39243
PEL-II.NFO,07/01/2020,09:30:12,1495.9,1491,927,1495.9,309,0,39243
PEL-II.NFO,07/01/2020,09:30:13,1495.9,1492.05,309,1495.95,309,0,39243
PEL-II.NFO,07/01/2020,09:30:14,1495.9,1492.55,309,1495.85,309,0,39243
PEL-II.NFO,07/01/2020,09:30:15,1495.9,1489.3,618,1495.85,309,0,39243
PEL-II.NFO,07/01/2020,09:30:16,1495.9,1491.35,618,1495.25,309,0,39243
PEL-II.NFO,07/01/2020,09:30:17,1495.9,1491.1,309,1495.7,309,0,39243
PEL-II.NFO,07/01/2020,09:30:18,1495.9,1491.45,309,1495.7,309,0,39243
PEL-II.NFO,07/01/2020,09:30:19,1495.9,1491.55,927,1495.25,309,0,39243
PEL-II.NFO,07/01/2020,09:30:20,1495.9,1489.3,309,1495.6,309,0,39243
PEL-II.NFO,07/01/2020,09:30:21,1495.9,1490.75,618,1495.6,309,0,39243
PEL-II.NFO,07/01/2020,09:30:22,1495.9,1491.55,309,1495.2,309,0,39243
PEL-II.NFO,07/01/2020,09:30:26,1495.9,1489.7,309,1495.5,309,0,39243
PEL-II.NFO,07/01/2020,09:30:26,1495.9,1489.45,309,1495,309,0,39243
PEL-II.NFO,07/01/2020,09:30:27,1495.9,1490.75,309,1495.4,309,0,39243
PEL-II.NFO,07/01/2020,09:30:28,1495.9,1490.25,309,1495,309,0,39243
PEL-II.NFO,07/01/2020,09:30:29,1495.9,1490.9,309,1495.45,309,0,39243
PEL-II.NFO,07/01/2020,09:30:30,1495.9,1489.75,309,1495.2,618,0,39243
PEL-II.NFO,07/01/2020,09:30:31,1495.9,1490.7,309,1495.2,618,0,39243
PEL-II.NFO,07/01/2020,09:30:33,1495.9,1490.2,927,1495.2,618,0,39243
PEL-II.NFO,07/01/2020,09:30:34,1495.9,1490.65,309,1495.2,618,0,39243
PEL-II.NFO,07/01/2020,09:30:35,1495.9,1490.65,309,1494.95,309,0,39243
PEL-II.NFO,07/01/2020,09:30:36,1495.9,1490.55,309,1494.55,309,0,39243
PEL-II.NFO,07/01/2020,09:30:39,1495.9,1490.55,309,1494.35,309,0,39243
PEL-II.NFO,07/01/2020,09:30:42,1495.9,1493,618,1494.8,309,0,39243
PEL-II.NFO,07/01/2020,09:30:42,1495.9,1493,618,1494.7,309,0,39243
PEL-II.NFO,07/01/2020,09:30:43,1495.9,1493,618,1494.5,309,0,39243
PEL-II.NFO,07/01/2020,09:30:44,1495.9,1493,618,1494.7,309,0,39243
PEL-II.NFO,07/01/2020,09:30:45,1495.9,1493,618,1494.5,309,0,39243
PEL-II.NFO,07/01/2020,09:30:46,1495.9,1493,618,1495.35,309,0,39243
PEL-II.NFO,07/01/2020,09:30:47,1495.9,1493,618,1495.05,309,0,39243
PEL-II.NFO,07/01/2020,09:30:48,1495.9,1493,618,1494.9,309,0,39243
PEL-II.NFO,07/01/2020,09:30:51,1495.9,1493,618,1494.8,309,0,39243
PEL-II.NFO,07/01/2020,09:30:52,1495.9,1493,618,1494.85,309,0,39243
PEL-II.NFO,07/01/2020,09:30:53,1495.05,1491.15,309,1495.85,309,927,39243
PEL-II.NFO,07/01/2020,09:30:54,1495.05,1491.1,309,1495.85,309,0,39243
PEL-II.NFO,07/01/2020,09:30:55,1495.05,1491.4,309,1495.85,309,0,39243
PEL-II.NFO,07/01/2020,09:30:56,1495.05,1491.5,309,1495.85,309,0,39243
PEL-II.NFO,07/01/2020,09:30:57,1495.05,1490.85,309,1495.85,309,0,39243
PEL-II.NFO,07/01/2020,09:30:58,1495.05,1490.6,309,1495.85,309,0,39243
PEL-II.NFO,07/01/2020,09:30:59,1495.05,1491.45,309,1495.85,309,0,39243
PEL-II.NFO,07/01/2020,09:31:00,1495.05,1491.85,309,1495.85,309,0,39243
PEL-II.NFO,07/01/2020,09:31:01,1495.05,1492.05,309,1495.85,309,0,39243
PEL-II.NFO,07/01/2020,09:31:04,1495.05,1490.2,927,1495.85,309,0,39243
PEL-II.NFO,07/01/2020,09:31:05,1495.05,1491.95,618,1495.85,309,0,39243
PEL-II.NFO,07/01/2020,09:31:06,1495.05,1492.05,309,1495.85,309,0,39243
PEL-II.NFO,07/01/2020,09:31:07,1495.05,1492.35,309,1495.85,309,0,39243
PEL-II.NFO,07/01/2020,09:31:08,1495.05,1491.8,618,1495.85,309,0,39243
PEL-II.NFO,07/01/2020,09:31:09,1495.05,1492.6,309,1495.85,309,0,39243
PEL-II.NFO,07/01/2020,09:31:10,1495.05,1490.05,927,1495.85,309,0,39243
PEL-II.NFO,07/01/2020,09:31:11,1495.05,1492.2,309,1495.85,309,0,39243
PEL-II.NFO,07/01/2020,09:31:12,1495.05,1492.3,309,1495.85,309,0,39243
PEL-II.NFO,07/01/2020,09:31:13,1495.05,1493.1,309,1495.9,309,0,39243
PEL-II.NFO,07/01/2020,09:31:14,1495.05,1491.85,309,1495.9,309,0,39243
PEL-II.NFO,07/01/2020,09:31:15,1495.9,1494.45,309,1499.5,309,309,39243
PEL-II.NFO,07/01/2020,09:31:16,1495.9,1495.1,309,1499.45,309,0,39243
PEL-II.NFO,07/01/2020,09:31:17,1495.9,1494.95,309,1499.4,309,0,39243
PEL-II.NFO,07/01/2020,09:31:18,1495.9,1494.25,618,1498.45,309,0,39243
PEL-II.NFO,07/01/2020,09:31:19,1495.9,1494.25,618,1498.5,309,0,39243
PEL-II.NFO,07/01/2020,09:31:24,1495.9,1490,309,1497.7,309,0,39243
PEL-II.NFO,07/01/2020,09:31:24,1495.9,1490.15,309,1497.65,309,0,39243
PEL-II.NFO,07/01/2020,09:31:25,1495.9,1490.45,927,1497.65,618,0,39243
PEL-II.NFO,07/01/2020,09:31:26,1495.9,1492.4,309,1497.75,309,0,39243
PEL-II.NFO,07/01/2020,09:31:27,1495.9,1493.25,618,1497.75,309,0,39243
PEL-II.NFO,07/01/2020,09:31:28,1495.9,1489.8,309,1497.75,309,0,39243
PEL-II.NFO,07/01/2020,09:31:29,1495.9,1493.3,309,1497.75,618,0,39243
PEL-II.NFO,07/01/2020,09:31:30,1495.9,1493.15,309,1497.75,309,0,39243
PEL-II.NFO,07/01/2020,09:31:31,1495.9,1492.25,618,1498,309,0,39243
PEL-II.NFO,07/01/2020,09:31:32,1495.9,1493.05,927,1498.15,309,0,39243
PEL-II.NFO,07/01/2020,09:31:33,1495.9,1493,927,1497.65,309,0,39243
PEL-II.NFO,07/01/2020,09:31:34,1495.9,1493.45,618,1497.7,309,0,39243
PEL-II.NFO,07/01/2020,09:31:35,1495.9,1493.75,309,1498.75,309,0,39243
PEL-II.NFO,07/01/2020,09:31:36,1495.9,1494.2,618,1498.85,618,0,39243
PEL-II.NFO,07/01/2020,09:31:37,1495.9,1494.3,309,1499.4,309,0,39243
PEL-II.NFO,07/01/2020,09:31:38,1495.9,1494.15,618,1499.3,309,0,39243
PEL-II.NFO,07/01/2020,09:31:39,1495.9,1494.8,309,1499.3,309,0,39243
PEL-II.NFO,07/01/2020,09:31:40,1495.9,1493,309,1497.3,309,0,39243
PEL-II.NFO,07/01/2020,09:31:41,1495.9,1493.1,309,1497.7,309,0,39243
PEL-II.NFO,07/01/2020,09:31:43,1495.9,1491.85,309,1497.3,618,0,39243
PEL-II.NFO,07/01/2020,09:31:44,1495.9,1493,309,1497.3,618,0,39243
PEL-II.NFO,07/01/2020,09:31:45,1495.9,1493.2,309,1497.85,618,0,39243
PEL-II.NFO,07/01/2020,09:31:45,1495.9,1493.25,309,1497.8,309,0,39243
PEL-II.NFO,07/01/2020,09:31:46,1495.9,1493.25,309,1497.55,309,0,39243
PEL-II.NFO,07/01/2020,09:31:51,1495.9,1493.85,618,1498.35,309,0,39243
PEL-II.NFO,07/01/2020,09:31:52,1495.9,1493.3,309,1498.75,618,0,39243
PEL-II.NFO,07/01/2020,09:31:53,1495.9,1493.8,618,1498.75,618,0,39243
PEL-II.NFO,07/01/2020,09:31:54,1495.9,1494.5,309,1498.75,618,0,39243
PEL-II.NFO,07/01/2020,09:31:55,1495.9,1494.95,309,1498.7,309,0,39243
PEL-II.NFO,07/01/2020,09:31:56,1495.9,1494.9,309,1498.7,309,0,39243
PEL-II.NFO,07/01/2020,09:32:00,1495.9,1495.6,309,1499.75,309,0,39243
PEL-II.NFO,07/01/2020,09:32:01,1495.9,1492.9,309,1499.75,309,0,39243
PEL-II.NFO,07/01/2020,09:32:03,1495.9,1493.4,309,1499.7,618,0,39243
PEL-II.NFO,07/01/2020,09:32:03,1495.9,1493.65,309,1499.7,618,0,39243
PEL-II.NFO,07/01/2020,09:32:04,1495.9,1495.6,309,1499.6,309,0,39243
PEL-II.NFO,07/01/2020,09:32:06,1495.9,1495.2,309,1499.55,309,0,39243
PEL-II.NFO,07/01/2020,09:32:07,1495.9,1495.45,309,1499.55,309,0,39243
PEL-II.NFO,07/01/2020,09:32:09,1495.9,1495.55,309,1499.55,309,0,39243
PEL-II.NFO,07/01/2020,09:32:10,1495.9,1495.65,309,1499.55,309,0,39243
PEL-II.NFO,07/01/2020,09:32:11,1495.9,1495.6,309,1499.55,309,0,39243
PEL-II.NFO,07/01/2020,09:32:12,1495.9,1494.55,618,1499.55,309,0,39243
PEL-II.NFO,07/01/2020,09:32:13,1495.9,1495.7,309,1498.75,309,0,39243
PEL-II.NFO,07/01/2020,09:32:16,1495.9,1495.65,309,1498.75,309,0,39243
PEL-II.NFO,07/01/2020,09:32:20,1495.9,1495.1,618,1498.75,309,0,39243
PEL-II.NFO,07/01/2020,09:32:21,1495.9,1491.65,927,1499.75,309,0,39243
PEL-II.NFO,07/01/2020,09:32:21,1495.9,1492.45,309,1499.75,309,0,39243
PEL-II.NFO,07/01/2020,09:32:22,1495.9,1493.7,309,1498.95,309,0,39243
PEL-II.NFO,07/01/2020,09:32:23,1495.9,1493.95,309,1498.65,309,0,39243
PEL-II.NFO,07/01/2020,09:32:26,1495.9,1494.25,309,1498.65,309,0,39243
PEL-II.NFO,07/01/2020,09:32:31,1495.9,1494.25,309,1499.15,309,0,39243
PEL-II.NFO,07/01/2020,09:32:32,1495.9,1494.45,309,1498.95,618,0,39243
PEL-II.NFO,07/01/2020,09:32:34,1495.9,1494.55,309,1498.95,618,0,39243
PEL-II.NFO,07/01/2020,09:32:34,1495.9,1494.5,309,1498.95,618,0,39243
PEL-II.NFO,07/01/2020,09:32:35,1495.9,1494.3,618,1498.95,618,0,39243
PEL-II.NFO,07/01/2020,09:32:39,1495.9,1494.65,309,1498.95,618,0,39243
PEL-II.NFO,07/01/2020,09:32:42,1495.9,1494.6,309,1498.95,309,0,39243
PEL-II.NFO,07/01/2020,09:32:42,1495.9,1494.6,309,1499.05,309,0,39243
PEL-II.NFO,07/01/2020,09:32:43,1495.9,1494.6,309,1498.95,618,0,39243
PEL-II.NFO,07/01/2020,09:32:44,1495.9,1494.6,309,1498.75,309,0,39243
PEL-II.NFO,07/01/2020,09:32:45,1495.9,1494.65,309,1498.95,309,0,39243
PEL-II.NFO,07/01/2020,09:32:46,1495.9,1494.65,309,1498.85,618,0,39243
PEL-II.NFO,07/01/2020,09:32:49,1495.9,1492,309,1498.75,309,0,39243
PEL-II.NFO,07/01/2020,09:32:49,1495.9,1492.4,618,1498.55,309,0,39243
PEL-II.NFO,07/01/2020,09:32:50,1493.95,1492.85,309,1498,309,618,40170
PEL-II.NFO,07/01/2020,09:32:51,1493.95,1493.1,309,1497.65,309,0,40170
PEL-II.NFO,07/01/2020,09:32:52,1493.95,1493.1,309,1497.7,927,0,40170
PEL-II.NFO,07/01/2020,09:32:53,1493.95,1493.35,309,1498.05,309,0,40170
PEL-II.NFO,07/01/2020,09:32:54,1493.95,1493.4,309,1497.85,309,0,40170
PEL-II.NFO,07/01/2020,09:32:55,1493.95,1493.45,309,1498.2,309,0,40170
PEL-II.NFO,07/01/2020,09:32:56,1493.95,1493.75,309,1497.9,618,0,40170
PEL-II.NFO,07/01/2020,09:32:58,1493.95,1493.75,309,1497.7,309,0,40170
PEL-II.NFO,07/01/2020,09:32:58,1493.95,1494.05,309,1497.5,309,0,40170
PEL-II.NFO,07/01/2020,09:32:59,1493.95,1494.15,309,1497.9,309,0,40170
PEL-II.NFO,07/01/2020,09:33:00,1493.95,1494.25,618,1497.95,309,0,40170
PEL-II.NFO,07/01/2020,09:33:01,1493.95,1492.25,309,1498,309,0,40170
PEL-II.NFO,07/01/2020,09:33:02,1493.95,1492.95,309,1497.45,309,0,40170
PEL-II.NFO,07/01/2020,09:33:03,1493.95,1493.35,309,1497.85,618,0,40170
PEL-II.NFO,07/01/2020,09:33:05,1493.95,1493.4,309,1497.65,309,0,40170
PEL-II.NFO,07/01/2020,09:33:06,1493.95,1493.45,309,1497.65,618,0,40170
PEL-II.NFO,07/01/2020,09:33:07,1493.95,1492.35,309,1497.55,309,0,40170
PEL-II.NFO,07/01/2020,09:33:08,1493.95,1493.35,309,1497.8,618,0,40170
PEL-II.NFO,07/01/2020,09:33:09,1493.95,1493.4,309,1497.05,309,0,40170
PEL-II.NFO,07/01/2020,09:33:10,1493.95,1493.75,309,1497.8,309,0,40170
PEL-II.NFO,07/01/2020,09:33:17,1493.95,1493.1,309,1497.1,309,0,40170
PEL-II.NFO,07/01/2020,09:33:23,1493.95,1494.5,309,1497.9,309,0,40170
PEL-II.NFO,07/01/2020,09:33:30,1493.95,1494.1,309,1498,618,0,40170
PEL-II.NFO,07/01/2020,09:33:35,1493.95,1494,309,1498,618,0,40170
PEL-II.NFO,07/01/2020,09:33:40,1493.95,1492.75,309,1498,618,0,40170
PEL-II.NFO,07/01/2020,09:33:46,1493.95,1494.15,309,1497.55,309,0,40170
PEL-II.NFO,07/01/2020,09:33:51,1493.95,1494.25,618,1497.55,309,0,40170
PEL-II.NFO,07/01/2020,09:34:02,1497.55,1494.3,309,1497.1,309,309,40170
PEL-II.NFO,07/01/2020,09:34:02,1497.55,1494.3,309,1497.1,309,0,40170
PEL-II.NFO,07/01/2020,09:34:07,1497.55,1494.25,309,1497.1,309,0,40170
PEL-II.NFO,07/01/2020,09:34:13,1497.55,1494.3,309,1497.55,618,0,40170
PEL-II.NFO,07/01/2020,09:34:25,1497.55,1494.25,309,1496.75,309,0,40170
PEL-II.NFO,07/01/2020,09:34:31,1497.55,1494.25,309,1495.75,618,0,40170
PEL-II.NFO,07/01/2020,09:34:38,1497.55,1494.25,309,1496.7,927,0,40170
PEL-II.NFO,07/01/2020,09:34:44,1497.55,1494.25,309,1496.55,927,0,40170
PEL-II.NFO,07/01/2020,09:34:50,1497.55,1494.25,309,1495.75,927,0,40170
PEL-II.NFO,07/01/2020,09:34:55,1497.55,1494.25,309,1495.65,618,0,40170
PEL-II.NFO,07/01/2020,09:35:22,1497.55,1494.25,309,1495.7,309,0,40170
PEL-II.NFO,07/01/2020,09:35:28,1494.25,1490.85,309,1494.05,309,309,39861
PEL-II.NFO,07/01/2020,09:35:33,1490.85,1490.35,309,1493.85,309,309,39861
PEL-II.NFO,07/01/2020,09:35:33,1490.85,1490.35,309,1493.85,309,0,39861
PEL-II.NFO,07/01/2020,09:35:40,1490.85,1488.45,618,1491.7,309,0,39861
PEL-II.NFO,07/01/2020,09:35:48,1490.85,1488.2,618,1493.45,618,0,39861
PEL-II.NFO,07/01/2020,09:35:56,1490.85,1489.55,309,1494.1,927,0,39861
PEL-II.NFO,07/01/2020,09:36:03,1490.85,1489.25,309,1494.15,927,0,39861
PEL-II.NFO,07/01/2020,09:36:09,1490.85,1489.1,309,1493.85,309,0,39861
PEL-II.NFO,07/01/2020,09:36:11,1490.85,1488.85,618,1494.05,309,0,39861
PEL-II.NFO,07/01/2020,09:36:12,1490.85,1488.85,618,1493.85,309,0,39861
PEL-II.NFO,07/01/2020,09:36:13,1490.85,1489.4,309,1493.95,309,0,39861
PEL-II.NFO,07/01/2020,09:36:14,1490.85,1490,309,1494.05,309,0,39861
PEL-II.NFO,07/01/2020,09:36:15,1490.85,1490.2,309,1494.65,309,0,39861
PEL-II.NFO,07/01/2020,09:36:16,1490.85,1489.55,309,1494.05,309,0,39861
PEL-II.NFO,07/01/2020,09:36:17,1490.85,1490,309,1494.1,309,0,39861
PEL-II.NFO,07/01/2020,09:36:18,1490.85,1490.4,309,1494.1,309,0,39861
PEL-II.NFO,07/01/2020,09:36:19,1490.85,1490.1,309,1494.05,309,0,39861
PEL-II.NFO,07/01/2020,09:36:21,1490.85,1490.5,309,1494.55,309,0,39861
PEL-II.NFO,07/01/2020,09:36:21,1490.85,1490.7,309,1494.35,618,0,39861
PEL-II.NFO,07/01/2020,09:36:22,1490.85,1491,309,1494.6,618,0,39861
PEL-II.NFO,07/01/2020,09:36:23,1490.85,1490.35,309,1494.1,309,0,39861
PEL-II.NFO,07/01/2020,09:36:24,1490.85,1490.75,309,1494.4,618,0,39861
PEL-II.NFO,07/01/2020,09:36:25,1490.85,1490.85,309,1494.4,618,0,39861
PEL-II.NFO,07/01/2020,09:36:27,1490.85,1488.1,309,1495.1,309,0,39861
PEL-II.NFO,07/01/2020,09:36:28,1490.85,1488.8,618,1494.9,309,0,39861
PEL-II.NFO,07/01/2020,09:36:29,1490.85,1489.05,309,1495.8,309,0,39861
PEL-II.NFO,07/01/2020,09:36:30,1490.85,1489.5,309,1495,309,0,39861
PEL-II.NFO,07/01/2020,09:36:31,1490.85,1489.7,618,1494.85,309,0,39861
PEL-II.NFO,07/01/2020,09:36:32,1490.85,1490.15,309,1494.9,309,0,39861
PEL-II.NFO,07/01/2020,09:36:33,1490.85,1490.45,309,1494.9,309,0,39861
PEL-II.NFO,07/01/2020,09:36:34,1490.85,1491.35,309,1494.9,309,0,39861
PEL-II.NFO,07/01/2020,09:36:35,1490.85,1491.9,309,1494.9,309,0,39861
PEL-II.NFO,07/01/2020,09:36:37,1490.85,1492,309,1495,309,0,39861
PEL-II.NFO,07/01/2020,09:36:38,1490.85,1488.3,927,1495,309,0,39861
PEL-II.NFO,07/01/2020,09:36:39,1490.85,1489.75,309,1495.8,309,0,39861
PEL-II.NFO,07/01/2020,09:36:40,1490.85,1490.7,309,1496.25,618,0,39861
PEL-II.NFO,07/01/2020,09:36:41,1490.85,1492.35,309,1497.3,309,0,39861
PEL-II.NFO,07/01/2020,09:36:42,1490.85,1492.55,309,1496.8,618,0,39861
PEL-II.NFO,07/01/2020,09:36:44,1490.85,1492.25,309,1496.75,309,0,39861
PEL-II.NFO,07/01/2020,09:36:45,1490.85,1492.6,309,1496.85,927,0,39861
PEL-II.NFO,07/01/2020,09:36:46,1490.85,1492.8,309,1496.85,927,0,39861
PEL-II.NFO,07/01/2020,09:36:48,1490.85,1489.55,618,1496.85,1236,0,39861
PEL-II.NFO,07/01/2020,09:36:49,1490.85,1490.7,309,1496.65,309,0,39861
PEL-II.NFO,07/01/2020,09:36:50,1490.85,1491.95,618,1496.85,618,0,39861
PEL-II.NFO,07/01/2020,09:36:51,1490.85,1492.2,618,1496.15,309,0,39861
PEL-II.NFO,07/01/2020,09:36:52,1490.85,1492.8,309,1496.9,309,0,39861
PEL-II.NFO,07/01/2020,09:36:53,1490.85,1493,618,1497,618,0,39861
PEL-II.NFO,07/01/2020,09:36:54,1490.85,1493.25,618,1497.05,309,0,39861
PEL-II.NFO,07/01/2020,09:36:55,1490.85,1490.75,618,1496.85,309,0,39861
PEL-II.NFO,07/01/2020,09:36:56,1490.85,1491.4,309,1496.75,309,0,39861
PEL-II.NFO,07/01/2020,09:36:58,1490.85,1492.75,309,1496.25,309,0,39861
PEL-II.NFO,07/01/2020,09:37:00,1490.85,1493.2,309,1496.5,309,0,39861
PEL-II.NFO,07/01/2020,09:37:01,1490.85,1493.05,309,1496.45,309,0,39861
PEL-II.NFO,07/01/2020,09:37:02,1490.85,1492.95,309,1496.85,309,0,39861
PEL-II.NFO,07/01/2020,09:37:03,1490.85,1492.9,309,1496.4,309,0,39861
PEL-II.NFO,07/01/2020,09:37:04,1490.85,1490.55,309,1496.95,309,0,39861
PEL-II.NFO,07/01/2020,09:37:05,1490.85,1490.9,309,1496.55,309,0,39861
PEL-II.NFO,07/01/2020,09:37:06,1490.85,1491,618,1495.45,309,0,39861
PEL-II.NFO,07/01/2020,09:37:07,1490.85,1491.8,309,1495.05,618,0,39861
PEL-II.NFO,07/01/2020,09:37:09,1490.85,1491.55,309,1495.05,618,0,39861
PEL-II.NFO,07/01/2020,09:37:10,1490.85,1491.75,618,1495.05,618,0,39861
PEL-II.NFO,07/01/2020,09:37:11,1490.85,1490.45,309,1496.65,309,0,39861
PEL-II.NFO,07/01/2020,09:37:12,1490.85,1491.5,309,1495.5,309,0,39861
PEL-II.NFO,07/01/2020,09:37:14,1490.85,1491.7,309,1495.7,309,0,39861
PEL-II.NFO,07/01/2020,09:37:15,1490.85,1492.2,309,1496.1,618,0,39861
PEL-II.NFO,07/01/2020,09:37:16,1490.85,1489.95,618,1495.5,309,0,39861
PEL-II.NFO,07/01/2020,09:37:17,1490.85,1491.3,309,1495.9,309,0,39861
PEL-II.NFO,07/01/2020,09:37:18,1490.85,1491.55,309,1496.1,309,0,39861
PEL-II.NFO,07/01/2020,09:37:19,1490.85,1489.65,309,1495.25,309,0,39861
PEL-II.NFO,07/01/2020,09:37:20,1490.85,1491.75,309,1495.7,618,0,39861
PEL-II.NFO,07/01/2020,09:37:22,1490.85,1490.5,309,1494.9,618,0,39861
PEL-II.NFO,07/01/2020,09:37:23,1490.85,1490.9,309,1494.9,618,0,39861
PEL-II.NFO,07/01/2020,09:37:24,1490.85,1491.2,309,1494.7,309,0,39861
PEL-II.NFO,07/01/2020,09:37:25,1490.85,1491.15,309,1494.85,618,0,39861
PEL-II.NFO,07/01/2020,09:37:26,1490.85,1490,309,1494.85,618,0,39861
PEL-II.NFO,07/01/2020,09:37:27,1490.85,1490.65,309,1494.45,309,0,39861
PEL-II.NFO,07/01/2020,09:37:28,1490.85,1490.6,309,1494.8,927,0,39861
PEL-II.NFO,07/01/2020,09:37:30,1490.85,1490.4,309,1494.6,1236,0,39861
PEL-II.NFO,07/01/2020,09:37:31,1490.85,1490.5,309,1494.6,1236,0,39861
PEL-II.NFO,07/01/2020,09:37:32,1490.85,1490.7,309,1494.6,1236,0,39861
PEL-II.NFO,07/01/2020,09:37:35,1490.85,1490.8,309,1494.6,1236,0,39861
PEL-II.NFO,07/01/2020,09:37:35,1490.85,1489.05,309,1494.6,1236,0,39861
PEL-II.NFO,07/01/2020,09:37:36,1490.85,1489.4,618,1494.6,1236,0,39861
PEL-II.NFO,07/01/2020,09:37:37,1490.85,1489.8,309,1494.1,309,0,39861
PEL-II.NFO,07/01/2020,09:37:38,1490.85,1488.4,618,1493.8,927,0,39861
PEL-II.NFO,07/01/2020,09:37:39,1490.85,1488.9,309,1493.8,927,0,39861
PEL-II.NFO,07/01/2020,09:37:41,1490.85,1489,309,1493.65,927,0,39861
PEL-II.NFO,07/01/2020,09:37:41,1490.85,1489.05,309,1493.15,927,0,39861
PEL-II.NFO,07/01/2020,09:37:42,1490.85,1489.1,309,1493.65,927,0,39861
PEL-II.NFO,07/01/2020,09:37:43,1490.85,1489.15,309,1493.15,309,0,39861
PEL-II.NFO,07/01/2020,09:37:44,1490.85,1489.35,309,1493.15,618,0,39861
PEL-II.NFO,07/01/2020,09:37:45,1490.85,1486.95,309,1493.3,309,0,39861
PEL-II.NFO,07/01/2020,09:37:46,1490.85,1487.7,309,1493.65,309,0,39861
PEL-II.NFO,07/01/2020,09:37:47,1490.85,1488.45,309,1493.75,309,0,39861
PEL-II.NFO,07/01/2020,09:37:48,1490.85,1486.7,309,1492.95,309,0,39861
PEL-II.NFO,07/01/2020,09:37:50,1490.85,1488.6,309,1493.5,927,0,39861
PEL-II.NFO,07/01/2020,09:37:50,1490.85,1488.75,309,1493.5,927,0,39861
PEL-II.NFO,07/01/2020,09:37:51,1490.85,1489.65,309,1493.15,618,0,39861
PEL-II.NFO,07/01/2020,09:37:52,1490.85,1489.8,309,1493.15,309,0,39861
PEL-II.NFO,07/01/2020,09:37:53,1490.85,1489.65,309,1493.75,927,0,39861
PEL-II.NFO,07/01/2020,09:37:54,1490.85,1489.75,309,1493.65,309,0,39861
PEL-II.NFO,07/01/2020,09:37:56,1490.85,1489.95,309,1493.25,618,0,39861
PEL-II.NFO,07/01/2020,09:37:56,1490.85,1489.85,309,1492.95,618,0,39861
PEL-II.NFO,07/01/2020,09:37:57,1490.85,1489.75,309,1493.7,309,0,39861
PEL-II.NFO,07/01/2020,09:37:58,1490.85,1487.8,309,1493.6,927,0,39861
PEL-II.NFO,07/01/2020,09:37:59,1490.85,1488.35,309,1493.55,618,0,39861
PEL-II.NFO,07/01/2020,09:38:00,1490.85,1489.4,309,1493.5,618,0,39861
PEL-II.NFO,07/01/2020,09:38:01,1490.85,1490,309,1493.5,309,0,39861
PEL-II.NFO,07/01/2020,09:38:02,1490.85,1489.55,309,1493.45,618,0,39861
PEL-II.NFO,07/01/2020,09:38:04,1490.85,1489.5,309,1494.15,309,0,39861
PEL-II.NFO,07/01/2020,09:38:05,1490.85,1490,309,1493.5,927,0,39861
PEL-II.NFO,07/01/2020,09:38:07,1490.85,1489.95,309,1493.25,618,0,39861
PEL-II.NFO,07/01/2020,09:38:07,1490.85,1489.4,309,1493.6,309,0,39861
PEL-II.NFO,07/01/2020,09:38:08,1490.85,1489.55,309,1493.9,309,0,39861
PEL-II.NFO,07/01/2020,09:38:09,1490.85,1489.7,309,1493.75,927,0,39861
PEL-II.NFO,07/01/2020,09:38:10,1490.85,1489.85,618,1493,309,0,39861
PEL-II.NFO,07/01/2020,09:38:11,1490.85,1490.1,309,1493.6,309,0,39861
PEL-II.NFO,07/01/2020,09:38:12,1490.85,1487.25,618,1493,618,0,39861
PEL-II.NFO,07/01/2020,09:38:14,1490.85,1487.45,618,1493.4,309,0,39861
PEL-II.NFO,07/01/2020,09:38:14,1490.85,1487.45,618,1493.15,309,0,39861
PEL-II.NFO,07/01/2020,09:38:15,1490.85,1487.7,309,1492.65,309,0,39861
PEL-II.NFO,07/01/2020,09:38:16,1490.85,1488.3,309,1492.75,309,0,39861
PEL-II.NFO,07/01/2020,09:38:17,1490.85,1489.3,309,1492.55,309,0,39861
PEL-II.NFO,07/01/2020,09:38:20,1490.85,1489.5,309,1493.5,309,0,39861
PEL-II.NFO,07/01/2020,09:38:23,1490.85,1489.7,309,1492.9,309,0,39861
PEL-II.NFO,07/01/2020,09:38:24,1490.85,1488.85,309,1493,309,0,39861
PEL-II.NFO,07/01/2020,09:38:25,1490.85,1489.35,309,1493.6,927,0,39861
PEL-II.NFO,07/01/2020,09:38:26,1490.85,1489.55,309,1493.75,309,0,39861
PEL-II.NFO,07/01/2020,09:38:27,1490.85,1488.9,309,1493.35,309,0,39861
PEL-II.NFO,07/01/2020,09:38:28,1490.85,1489.05,618,1493.5,618,0,39861
PEL-II.NFO,07/01/2020,09:38:30,1490.85,1488.75,309,1493.3,618,0,39861
PEL-II.NFO,07/01/2020,09:38:30,1490.85,1487.45,618,1493.75,309,0,39861
PEL-II.NFO,07/01/2020,09:38:31,1490.85,1487.85,618,1493.3,618,0,39861
PEL-II.NFO,07/01/2020,09:38:33,1490.85,1488.1,309,1493.5,309,0,39861
PEL-II.NFO,07/01/2020,09:38:33,1490.85,1488.85,309,1493.4,618,0,39861
PEL-II.NFO,07/01/2020,09:38:34,1490.85,1489.55,309,1493.4,618,0,39861
PEL-II.NFO,07/01/2020,09:38:35,1490.85,1489.65,309,1493.4,618,0,39861
PEL-II.NFO,07/01/2020,09:38:37,1490.85,1489.65,309,1493.5,618,0,39861
PEL-II.NFO,07/01/2020,09:38:38,1490.85,1487.1,309,1493.3,618,0,39861
PEL-II.NFO,07/01/2020,09:38:39,1490.85,1489.2,309,1493.45,309,0,39861
PEL-II.NFO,07/01/2020,09:38:40,1490.85,1487.35,309,1493.15,309,0,39861
PEL-II.NFO,07/01/2020,09:38:41,1490.85,1487.5,309,1493.45,618,0,39861
PEL-II.NFO,07/01/2020,09:38:42,1490.85,1489.45,309,1493.6,618,0,39861
PEL-II.NFO,07/01/2020,09:38:43,1490.85,1487.45,309,1493.2,309,0,39861
PEL-II.NFO,07/01/2020,09:38:44,1490.85,1487.8,309,1493.1,618,0,39861
PEL-II.NFO,07/01/2020,09:38:45,1490.85,1488.2,309,1493.1,618,0,39861
PEL-II.NFO,07/01/2020,09:38:46,1490.85,1488.35,309,1493.1,618,0,39861
PEL-II.NFO,07/01/2020,09:38:47,1490.85,1488.6,618,1493.1,618,0,39861
PEL-II.NFO,07/01/2020,09:38:48,1490.85,1488.9,309,1493.1,618,0,39861
PEL-II.NFO,07/01/2020,09:38:49,1490.85,1489.05,309,1493.1,618,0,39861
PEL-II.NFO,07/01/2020,09:38:51,1490.85,1489.6,618,1494.15,309,0,39861
PEL-II.NFO,07/01/2020,09:38:52,1490.85,1489.7,309,1493.85,618,0,39861
PEL-II.NFO,07/01/2020,09:38:53,1490.85,1487.05,309,1493.3,309,0,39861
PEL-II.NFO,07/01/2020,09:38:54,1490.85,1488.35,309,1493.65,309,0,39861
PEL-II.NFO,07/01/2020,09:38:55,1490.85,1488.7,309,1493.7,309,0,39861
PEL-II.NFO,07/01/2020,09:38:56,1490.85,1488.75,618,1493.4,309,0,39861
PEL-II.NFO,07/01/2020,09:38:57,1490.85,1489.55,309,1493.6,309,0,39861
PEL-II.NFO,07/01/2020,09:38:59,1490.85,1489.1,309,1493.45,309,0,39861
PEL-II.NFO,07/01/2020,09:39:00,1490.85,1490.05,309,1493.35,309,0,39861
PEL-II.NFO,07/01/2020,09:39:01,1490.85,1489.65,618,1493.35,309,0,39861
PEL-II.NFO,07/01/2020,09:39:03,1490.85,1489.65,618,1493.8,618,0,39861
PEL-II.NFO,07/01/2020,09:39:04,1490.85,1486.85,309,1494,618,0,39861
PEL-II.NFO,07/01/2020,09:39:05,1490.85,1487.5,309,1494,927,0,39861
PEL-II.NFO,07/01/2020,09:39:06,1490.85,1488.5,309,1493.45,618,0,39861
PEL-II.NFO,07/01/2020,09:39:07,1490.85,1488.95,309,1493.3,618,0,39861
PEL-II.NFO,07/01/2020,09:39:10,1490.85,1489.55,309,1493.55,618,0,39861
PEL-II.NFO,07/01/2020,09:39:11,1490.85,1489.5,309,1493.5,309,0,39861
PEL-II.NFO,07/01/2020,09:39:12,1490.85,1486.85,309,1493.9,309,0,39861
PEL-II.NFO,07/01/2020,09:39:14,1490.85,1488.35,309,1493.85,309,0,39861
PEL-II.NFO,07/01/2020,09:39:15,1490.85,1489.35,309,1493.85,309,0,39861
PEL-II.NFO,07/01/2020,09:39:15,1490.85,1489.75,309,1494.6,309,0,39861
PEL-II.NFO,07/01/2020,09:39:16,1490.85,1489.95,309,1493.95,309,0,39861
PEL-II.NFO,07/01/2020,09:39:17,1490.85,1489.3,309,1493.35,309,0,39861
PEL-II.NFO,07/01/2020,09:39:19,1490.85,1489.35,309,1493.75,309,0,39861
PEL-II.NFO,07/01/2020,09:39:19,1490.85,1487.35,309,1493.75,618,0,39861
PEL-II.NFO,07/01/2020,09:39:20,1490.85,1488,309,1493.4,618,0,39861
PEL-II.NFO,07/01/2020,09:39:21,1490.85,1489.2,309,1493.3,309,0,39861
PEL-II.NFO,07/01/2020,09:39:23,1490.85,1489.1,309,1494.05,309,0,39861
PEL-II.NFO,07/01/2020,09:39:23,1490.85,1489.2,309,1493.85,309,0,39861
PEL-II.NFO,07/01/2020,09:39:25,1490.85,1489.95,309,1493.8,309,0,39861
PEL-II.NFO,07/01/2020,09:39:26,1490.85,1489.95,309,1493.55,618,0,39861
PEL-II.NFO,07/01/2020,09:39:27,1490.85,1488.55,309,1493.15,618,0,39861
PEL-II.NFO,07/01/2020,09:39:28,1490.85,1488.8,309,1493.7,309,0,39861
PEL-II.NFO,07/01/2020,09:39:29,1490.85,1488.55,309,1493.4,618,0,39861
PEL-II.NFO,07/01/2020,09:39:32,1490.85,1489.25,309,1492.65,309,0,39861
PEL-II.NFO,07/01/2020,09:39:34,1490.85,1489.2,309,1493.5,309,0,39861
PEL-II.NFO,07/01/2020,09:39:36,1490.85,1487.1,309,1492.9,309,0,39861
PEL-II.NFO,07/01/2020,09:39:36,1490.85,1487.25,309,1492.8,309,0,39861
PEL-II.NFO,07/01/2020,09:39:37,1490.85,1487.75,309,1493.1,618,0,39861
PEL-II.NFO,07/01/2020,09:39:38,1490.85,1488.15,309,1492.7,309,0,39861
PEL-II.NFO,07/01/2020,09:39:39,1490.85,1488.6,618,1492.95,309,0,39861
PEL-II.NFO,07/01/2020,09:39:40,1490.85,1488.4,309,1492,309,0,39861
PEL-II.NFO,07/01/2020,09:39:41,1490.85,1488.5,309,1491.95,618,0,39861
PEL-II.NFO,07/01/2020,09:39:43,1490.85,1487.8,618,1491.8,309,0,39861
PEL-II.NFO,07/01/2020,09:39:44,1490.85,1487.2,618,1491.95,309,0,39861
PEL-II.NFO,07/01/2020,09:39:45,1490.85,1488.6,618,1492.6,309,0,39861
PEL-II.NFO,07/01/2020,09:39:47,1490.85,1488.45,309,1491.95,309,0,39861
PEL-II.NFO,07/01/2020,09:39:48,1490.85,1488.55,618,1491.75,309,0,39861
PEL-II.NFO,07/01/2020,09:39:49,1490.85,1488.55,618,1491.9,309,0,39861
PEL-II.NFO,07/01/2020,09:39:51,1490.85,1488.55,618,1491.8,309,0,39861
PEL-II.NFO,07/01/2020,09:39:54,1490.85,1488.55,618,1492.35,618,0,39861
PEL-II.NFO,07/01/2020,09:40:00,1490.85,1488.75,309,1492,618,0,39861
PEL-II.NFO,07/01/2020,09:40:01,1490.85,1489.85,309,1493.55,309,0,39861
PEL-II.NFO,07/01/2020,09:40:01,1490.85,1490.15,618,1493.45,309,0,39861
PEL-II.NFO,07/01/2020,09:40:02,1490.85,1490.15,618,1494.1,927,0,39861
PEL-II.NFO,07/01/2020,09:40:03,1490.85,1490.15,618,1493.8,618,0,39861
PEL-II.NFO,07/01/2020,09:40:05,1490.85,1490.15,618,1493.7,309,0,39861
PEL-II.NFO,07/01/2020,09:40:06,1490.85,1487.6,309,1494.45,618,0,39861
PEL-II.NFO,07/01/2020,09:40:07,1490.85,1488.15,618,1494.7,618,0,39861
PEL-II.NFO,07/01/2020,09:40:09,1490.85,1490.85,309,1494.85,618,0,39861
PEL-II.NFO,07/01/2020,09:40:10,1490.85,1490.45,309,1494.45,618,0,39861
PEL-II.NFO,07/01/2020,09:40:11,1490.85,1490.5,309,1494.45,618,0,39861
PEL-II.NFO,07/01/2020,09:40:12,1490.85,1491.05,309,1494.45,618,0,39861
PEL-II.NFO,07/01/2020,09:40:13,1490.85,1487.7,309,1494.45,618,0,39861
PEL-II.NFO,07/01/2020,09:40:14,1490.85,1488.05,618,1494.45,618,0,39861
PEL-II.NFO,07/01/2020,09:40:15,1490.85,1488.4,309,1494.45,618,0,39861
PEL-II.NFO,07/01/2020,09:40:15,1490.85,1488.55,309,1494.45,618,0,39861
PEL-II.NFO,07/01/2020,09:40:17,1490.85,1490.55,309,1494.45,618,0,39861
PEL-II.NFO,07/01/2020,09:40:18,1490.85,1491.05,309,1494.45,618,0,39861
PEL-II.NFO,07/01/2020,09:40:19,1490.85,1490.85,309,1494.45,618,0,39861
PEL-II.NFO,07/01/2020,09:40:19,1490.85,1490.8,309,1494.45,618,0,39861
PEL-II.NFO,07/01/2020,09:40:20,1490.85,1491,309,1494.45,618,0,39861
PEL-II.NFO,07/01/2020,09:40:21,1490.85,1490.75,309,1494.9,309,0,39861
PEL-II.NFO,07/01/2020,09:40:22,1490.85,1490.65,309,1494.8,618,0,39861
PEL-II.NFO,07/01/2020,09:40:23,1490.85,1490.55,309,1494.6,309,0,39861
PEL-II.NFO,07/01/2020,09:40:24,1490.85,1487.75,309,1494.4,618,0,39861
PEL-II.NFO,07/01/2020,09:40:26,1490.85,1488.5,309,1494.35,618,0,39861
PEL-II.NFO,07/01/2020,09:40:27,1490.85,1488.75,309,1494.35,618,0,39861
PEL-II.NFO,07/01/2020,09:40:28,1490.85,1489.15,309,1494.35,618,0,39861
PEL-II.NFO,07/01/2020,09:40:29,1490.85,1489.45,309,1494.35,618,0,39861
PEL-II.NFO,07/01/2020,09:40:30,1490.85,1489.8,309,1494.35,618,0,39861
PEL-II.NFO,07/01/2020,09:40:30,1490.85,1490.65,309,1494.25,309,0,39861
PEL-II.NFO,07/01/2020,09:40:31,1490.85,1490.55,309,1494.4,618,0,39861
PEL-II.NFO,07/01/2020,09:40:37,1490.85,1490.8,309,1494.4,618,0,39861
PEL-II.NFO,07/01/2020,09:40:38,1490.85,1491,309,1494.4,618,0,39861
PEL-II.NFO,07/01/2020,09:40:39,1490.85,1488.85,309,1494.4,618,0,39861
PEL-II.NFO,07/01/2020,09:40:40,1490.85,1489.2,618,1494.4,618,0,39861
PEL-II.NFO,07/01/2020,09:40:41,1490.85,1489.45,309,1494.3,618,0,39861
PEL-II.NFO,07/01/2020,09:40:42,1490.85,1490.7,309,1494.45,309,0,39861
PEL-II.NFO,07/01/2020,09:40:44,1490.85,1489.95,618,1494.3,618,0,39861
PEL-II.NFO,07/01/2020,09:40:45,1490.85,1489.95,618,1494.5,309,0,39861
PEL-II.NFO,07/01/2020,09:40:46,1490.85,1490.4,309,1494.4,618,0,39861
PEL-II.NFO,07/01/2020,09:40:49,1490.85,1490.5,309,1494.4,618,0,39861
PEL-II.NFO,07/01/2020,09:40:52,1490.85,1490.9,309,1494.4,618,0,39861
PEL-II.NFO,07/01/2020,09:40:53,1490.85,1490.6,309,1494.5,618,0,39861
PEL-II.NFO,07/01/2020,09:40:53,1490.85,1490.7,309,1494.5,618,0,39861
PEL-II.NFO,07/01/2020,09:40:54,1490.85,1490.9,309,1494.5,618,0,39861
PEL-II.NFO,07/01/2020,09:40:55,1490.85,1491,309,1494.5,618,0,39861
PEL-II.NFO,07/01/2020,09:40:56,1490.85,1490.45,309,1494.45,309,0,39861
PEL-II.NFO,07/01/2020,09:40:57,1490.85,1490.55,309,1494.85,309,0,39861
PEL-II.NFO,07/01/2020,09:40:58,1490.85,1490.75,309,1494.5,618,0,39861
PEL-II.NFO,07/01/2020,09:40:59,1490.85,1491.05,309,1494.5,618,0,39861
PEL-II.NFO,07/01/2020,09:41:01,1490.85,1489.2,309,1494.9,927,0,39861
PEL-II.NFO,07/01/2020,09:41:02,1490.85,1489.75,309,1494.9,927,0,39861
PEL-II.NFO,07/01/2020,09:41:03,1490.85,1490.95,309,1494.9,927,0,39861
PEL-II.NFO,07/01/2020,09:41:04,1490.85,1491.25,309,1494.8,618,0,39861
PEL-II.NFO,07/01/2020,09:41:05,1490.85,1491.15,309,1494.8,618,0,39861
PEL-II.NFO,07/01/2020,09:41:05,1490.85,1491.35,309,1494.8,618,0,39861
PEL-II.NFO,07/01/2020,09:41:06,1490.85,1490.85,309,1494.8,618,0,39861
PEL-II.NFO,07/01/2020,09:41:07,1490.85,1490.7,309,1494.7,618,0,39861
PEL-II.NFO,07/01/2020,09:41:08,1490.85,1490.75,309,1494.7,618,0,39861
PEL-II.NFO,07/01/2020,09:41:13,1490.85,1490.85,309,1494.7,618,0,39861
PEL-II.NFO,07/01/2020,09:41:13,1490.85,1490.8,309,1494.7,618,0,39861
PEL-II.NFO,07/01/2020,09:41:14,1490.85,1490.85,309,1494.7,618,0,39861
PEL-II.NFO,07/01/2020,09:41:15,1490.85,1491.1,309,1494.7,618,0,39861
PEL-II.NFO,07/01/2020,09:41:16,1490.85,1489.6,309,1494.7,618,0,39861
PEL-II.NFO,07/01/2020,09:41:18,1490.85,1490.05,309,1494.7,618,0,39861
PEL-II.NFO,07/01/2020,09:41:19,1490.85,1490.55,309,1494.7,618,0,39861
PEL-II.NFO,07/01/2020,09:41:20,1490.85,1490.85,309,1494.7,618,0,39861
PEL-II.NFO,07/01/2020,09:41:21,1490.85,1491.15,309,1494.7,618,0,39861
PEL-II.NFO,07/01/2020,09:41:22,1490.85,1490.25,309,1494.7,618,0,39861
PEL-II.NFO,07/01/2020,09:41:22,1490.85,1490.6,309,1494.7,618,0,39861
PEL-II.NFO,07/01/2020,09:41:23,1490.85,1491,309,1494.7,618,0,39861
PEL-II.NFO,07/01/2020,09:41:24,1490.85,1490.95,309,1494.35,618,0,39861
PEL-II.NFO,07/01/2020,09:41:25,1490.85,1489.2,309,1494.35,618,0,39861
PEL-II.NFO,07/01/2020,09:41:26,1490.85,1489.45,618,1494.35,618,0,39861
PEL-II.NFO,07/01/2020,09:41:27,1490.85,1490.2,309,1494.75,309,0,39861
PEL-II.NFO,07/01/2020,09:41:28,1490.85,1490.4,309,1494.65,927,0,39861
PEL-II.NFO,07/01/2020,09:41:29,1490.85,1490.5,309,1494.3,309,0,39861
PEL-II.NFO,07/01/2020,09:41:30,1490.85,1490.5,309,1494.2,309,0,39861
PEL-II.NFO,07/01/2020,09:41:32,1490.85,1490.6,309,1494.3,309,0,39861
PEL-II.NFO,07/01/2020,09:41:34,1490.85,1489.05,618,1493.95,618,0,39861
PEL-II.NFO,07/01/2020,09:41:35,1490.85,1490.05,309,1494.4,309,0,39861
PEL-II.NFO,07/01/2020,09:41:36,1490.85,1490.7,309,1494.4,618,0,39861
PEL-II.NFO,07/01/2020,09:41:37,1490.85,1491.1,309,1494.4,618,0,39861
PEL-II.NFO,07/01/2020,09:41:37,1490.85,1491.2,309,1494.4,618,0,39861
PEL-II.NFO,07/01/2020,09:41:38,1490.85,1491,309,1494.65,309,0,39861
PEL-II.NFO,07/01/2020,09:41:40,1490.85,1490.9,309,1494.8,309,0,39861
PEL-II.NFO,07/01/2020,09:41:42,1490.85,1491.5,309,1495.6,618,0,39861
PEL-II.NFO,07/01/2020,09:41:43,1490.85,1491.2,309,1495.2,618,0,39861
PEL-II.NFO,07/01/2020,09:41:44,1490.85,1491.4,309,1495,309,0,39861
PEL-II.NFO,07/01/2020,09:41:45,1490.85,1491.35,309,1494.65,618,0,39861
PEL-II.NFO,07/01/2020,09:41:45,1490.85,1491.1,309,1494.65,618,0,39861
PEL-II.NFO,07/01/2020,09:41:46,1490.85,1491.35,309,1494.65,618,0,39861
PEL-II.NFO,07/01/2020,09:41:47,1490.85,1491.65,309,1494.65,618,0,39861
PEL-II.NFO,07/01/2020,09:41:49,1490.85,1490.05,309,1494.65,618,0,39861
PEL-II.NFO,07/01/2020,09:41:50,1490.85,1490.55,309,1494.65,618,0,39861
PEL-II.NFO,07/01/2020,09:41:51,1490.85,1491.45,309,1496.05,309,0,39861
PEL-II.NFO,07/01/2020,09:41:52,1490.85,1489.65,618,1494.55,618,0,39861
PEL-II.NFO,07/01/2020,09:41:53,1490.85,1490.1,309,1495.05,927,0,39861
PEL-II.NFO,07/01/2020,09:41:54,1490.85,1490.6,309,1494.5,309,0,39861
PEL-II.NFO,07/01/2020,09:41:54,1490.85,1490.8,309,1495.75,618,0,39861
PEL-II.NFO,07/01/2020,09:41:55,1490.85,1490.8,309,1494.9,618,0,39861
PEL-II.NFO,07/01/2020,09:41:56,1490.85,1490.1,618,1494.15,309,0,39861
PEL-II.NFO,07/01/2020,09:41:57,1490.85,1490.45,309,1494.9,927,0,39861
PEL-II.NFO,07/01/2020,09:41:58,1490.85,1490.55,309,1494.15,309,0,39861
PEL-II.NFO,07/01/2020,09:41:59,1490.85,1490.65,309,1494.05,618,0,39861
PEL-II.NFO,07/01/2020,09:42:03,1490.85,1489.4,618,1494.05,618,0,39861
PEL-II.NFO,07/01/2020,09:42:04,1490.85,1489.7,309,1494.05,618,0,39861
PEL-II.NFO,07/01/2020,09:42:04,1490.85,1489.85,309,1494.05,618,0,39861
PEL-II.NFO,07/01/2020,09:42:05,1490.85,1490.1,309,1494.05,618,0,39861
PEL-II.NFO,07/01/2020,09:42:06,1490.85,1490.3,309,1494.05,618,0,39861
PEL-II.NFO,07/01/2020,09:42:07,1490.85,1490.5,309,1494.05,618,0,39861
PEL-II.NFO,07/01/2020,09:42:09,1490.85,1490.4,309,1494.05,618,0,39861
PEL-II.NFO,07/01/2020,09:42:27,1490.85,1490.95,309,1496.1,309,0,39861
PEL-II.NFO,07/01/2020,09:42:27,1490.85,1490.95,309,1495.3,618,0,39861
PEL-II.NFO,07/01/2020,09:42:28,1490.85,1491.05,309,1495.1,309,0,39861
PEL-II.NFO,07/01/2020,09:42:30,1490.85,1489.4,309,1495,618,0,39861
PEL-II.NFO,07/01/2020,09:42:30,1490.85,1490.3,309,1495,927,0,39861
PEL-II.NFO,07/01/2020,09:42:31,1490.85,1490.7,309,1495.65,618,0,39861
PEL-II.NFO,07/01/2020,09:42:32,1490.85,1490.6,309,1494.9,309,0,39861
PEL-II.NFO,07/01/2020,09:42:33,1490.85,1490.8,309,1494.75,618,0,39861
PEL-II.NFO,07/01/2020,09:42:34,1490.85,1489.25,309,1493.75,309,0,39861
PEL-II.NFO,07/01/2020,09:42:35,1490.85,1489.5,309,1493.65,618,0,39861
PEL-II.NFO,07/01/2020,09:42:36,1490.85,1489.75,309,1493.65,618,0,39861
PEL-II.NFO,07/01/2020,09:42:38,1490.85,1490.2,309,1493.65,618,0,39861
PEL-II.NFO,07/01/2020,09:42:39,1490.85,1490.4,309,1493.65,618,0,39861
PEL-II.NFO,07/01/2020,09:42:40,1490.85,1490.5,309,1493.65,618,0,39861
PEL-II.NFO,07/01/2020,09:42:41,1490.85,1490.6,309,1493.65,618,0,39861
PEL-II.NFO,07/01/2020,09:42:43,1490.85,1489.35,309,1493.65,618,0,39861
PEL-II.NFO,07/01/2020,09:42:44,1490.85,1489.75,309,1493.65,618,0,39861
PEL-II.NFO,07/01/2020,09:42:47,1490.85,1488.85,309,1492.1,309,0,39861
PEL-II.NFO,07/01/2020,09:42:48,1490.85,1488.85,309,1492.65,618,0,39861
PEL-II.NFO,07/01/2020,09:42:49,1490.85,1488.85,309,1492.2,309,0,39861
PEL-II.NFO,07/01/2020,09:42:50,1490.85,1488.85,309,1492.85,309,0,39861
PEL-II.NFO,07/01/2020,09:42:51,1490.85,1488.85,309,1492.7,309,0,39861
PEL-II.NFO,07/01/2020,09:42:51,1490.85,1488.95,309,1492.8,309,0,39861
PEL-II.NFO,07/01/2020,09:42:53,1490.85,1489.05,309,1492.5,309,0,39861
PEL-II.NFO,07/01/2020,09:42:54,1490.85,1487.95,309,1492.5,309,0,39861
PEL-II.NFO,07/01/2020,09:42:55,1490.85,1488.7,309,1492.25,309,0,39861
PEL-II.NFO,07/01/2020,09:42:55,1490.85,1488.7,309,1492.3,309,0,39861
PEL-II.NFO,07/01/2020,09:42:57,1490.85,1488.9,309,1492.4,309,0,39861
PEL-II.NFO,07/01/2020,09:42:58,1490.85,1489,309,1492.45,309,0,39861
PEL-II.NFO,07/01/2020,09:42:59,1490.85,1489,309,1492.55,309,0,39861
PEL-II.NFO,07/01/2020,09:43:00,1490.85,1487.35,309,1491.25,309,0,39861
PEL-II.NFO,07/01/2020,09:43:01,1490.85,1487.45,309,1490.9,309,0,39861
PEL-II.NFO,07/01/2020,09:43:02,1490.85,1487.55,309,1491.2,309,0,39861
PEL-II.NFO,07/01/2020,09:43:03,1490.85,1486.9,618,1490.3,309,0,39861
PEL-II.NFO,07/01/2020,09:43:03,1490.85,1486.9,618,1490.95,309,0,39861
PEL-II.NFO,07/01/2020,09:43:04,1490.85,1487.05,618,1491.05,309,0,39861
PEL-II.NFO,07/01/2020,09:43:05,1490.85,1487.15,309,1491.05,309,0,39861
PEL-II.NFO,07/01/2020,09:43:06,1490.85,1487.25,309,1490.85,309,0,39861
PEL-II.NFO,07/01/2020,09:43:07,1490.85,1487.45,309,1491,309,0,39861
PEL-II.NFO,07/01/2020,09:43:08,1490.85,1486.4,618,1491.05,309,0,39861
PEL-II.NFO,07/01/2020,09:43:10,1490.85,1486.7,618,1490.3,309,0,39861
PEL-II.NFO,07/01/2020,09:43:10,1490.85,1486.7,618,1491.15,309,0,39861
PEL-II.NFO,07/01/2020,09:43:12,1490.85,1486.7,618,1490.85,309,0,39861
PEL-II.NFO,07/01/2020,09:43:13,1490.85,1487.05,309,1492.45,927,0,39861
PEL-II.NFO,07/01/2020,09:43:14,1490.85,1487.3,309,1492.3,309,0,39861
PEL-II.NFO,07/01/2020,09:43:15,1490.85,1487.6,618,1492.2,618,0,39861
PEL-II.NFO,07/01/2020,09:43:17,1490.85,1487.5,309,1491.65,618,0,39861
PEL-II.NFO,07/01/2020,09:43:18,1490.85,1487.6,309,1491.6,618,0,39861
PEL-II.NFO,07/01/2020,09:43:19,1490.85,1487.8,309,1491.55,309,0,39861
PEL-II.NFO,07/01/2020,09:43:20,1490.85,1487.8,309,1491.5,309,0,39861
PEL-II.NFO,07/01/2020,09:43:21,1490.85,1487.8,309,1491.75,309,0,39861
PEL-II.NFO,07/01/2020,09:43:22,1490.85,1487.8,309,1491.25,309,0,39861
PEL-II.NFO,07/01/2020,09:43:22,1490.85,1488.1,309,1491.4,309,0,39861
PEL-II.NFO,07/01/2020,09:43:23,1490.85,1488.2,309,1492.25,618,0,39861
PEL-II.NFO,07/01/2020,09:43:25,1490.85,1486.65,309,1491.55,309,0,39861
PEL-II.NFO,07/01/2020,09:43:26,1490.85,1486.8,309,1491.45,309,0,39861
PEL-II.NFO,07/01/2020,09:43:27,1490.85,1487.15,309,1491.7,309,0,39861
PEL-II.NFO,07/01/2020,09:43:28,1490.85,1487.25,618,1492.05,309,0,39861
PEL-II.NFO,07/01/2020,09:43:28,1490.85,1487.4,309,1491.95,1236,0,39861
PEL-II.NFO,07/01/2020,09:43:29,1490.85,1486.85,309,1490.75,309,0,39861
PEL-II.NFO,07/01/2020,09:43:30,1490.85,1486.25,309,1490.35,309,0,39861
PEL-II.NFO,07/01/2020,09:43:32,1490.85,1486.6,309,1490.45,309,0,39861
PEL-II.NFO,07/01/2020,09:43:32,1490.85,1486.8,309,1490.55,309,0,39861
PEL-II.NFO,07/01/2020,09:43:33,1490.85,1486.9,618,1490.35,309,0,39861
PEL-II.NFO,07/01/2020,09:43:37,1490.85,1486.9,618,1491,309,0,39861
PEL-II.NFO,07/01/2020,09:43:38,1490.85,1486.9,618,1490.65,309,0,39861
PEL-II.NFO,07/01/2020,09:43:39,1490.85,1486.9,618,1490.55,309,0,39861
PEL-II.NFO,07/01/2020,09:43:40,1490.85,1486.9,618,1490.35,309,0,39861
PEL-II.NFO,07/01/2020,09:43:42,1490.85,1486.9,618,1490.65,309,0,39861
PEL-II.NFO,07/01/2020,09:43:45,1490.85,1486.9,618,1490.55,309,0,39861
PEL-II.NFO,07/01/2020,09:43:45,1490.85,1486.9,618,1490.75,309,0,39861
PEL-II.NFO,07/01/2020,09:43:46,1490.85,1486.9,618,1490.65,309,0,39861
PEL-II.NFO,07/01/2020,09:43:47,1490.85,1486.9,618,1490.5,309,0,39861
PEL-II.NFO,07/01/2020,09:43:50,1490.85,1486.9,618,1490.4,309,0,39861
PEL-II.NFO,07/01/2020,09:43:51,1490.85,1486.9,618,1490.3,309,0,39861
PEL-II.NFO,07/01/2020,09:43:52,1490.85,1486.9,618,1490,309,0,39861
PEL-II.NFO,07/01/2020,09:43:53,1490.85,1486.9,618,1490.85,618,0,39861
PEL-II.NFO,07/01/2020,09:43:54,1490.85,1487.2,618,1491.9,309,0,39861
PEL-II.NFO,07/01/2020,09:43:55,1490.85,1487.4,309,1491.4,309,0,39861
PEL-II.NFO,07/01/2020,09:43:57,1490.85,1486,309,1490.85,309,0,39861
PEL-II.NFO,07/01/2020,09:43:58,1490.85,1486.25,309,1490.65,309,0,39861
PEL-II.NFO,07/01/2020,09:43:59,1490.85,1486.6,309,1491.3,309,0,39861
PEL-II.NFO,07/01/2020,09:44:00,1490.85,1487.05,618,1491.55,309,0,39861
PEL-II.NFO,07/01/2020,09:44:01,1490.85,1487.2,309,1491.9,309,0,39861
PEL-II.NFO,07/01/2020,09:44:02,1490.85,1487.9,309,1491.8,309,0,39861
PEL-II.NFO,07/01/2020,09:44:02,1490.85,1486.1,618,1491.7,309,0,39861
PEL-II.NFO,07/01/2020,09:44:03,1490.85,1486.35,309,1491.1,309,0,39861
PEL-II.NFO,07/01/2020,09:44:04,1490.85,1486.6,309,1491.35,309,0,39861
PEL-II.NFO,07/01/2020,09:44:05,1490.85,1486.8,618,1491.15,309,0,39861
PEL-II.NFO,07/01/2020,09:44:06,1490.85,1486.95,309,1491.45,309,0,39861
PEL-II.NFO,07/01/2020,09:44:07,1490.85,1487.15,618,1491.45,309,0,39861
PEL-II.NFO,07/01/2020,09:44:08,1490.85,1487.25,618,1491.3,309,0,39861
PEL-II.NFO,07/01/2020,09:44:09,1490.85,1487.45,618,1491.4,618,0,39861
PEL-II.NFO,07/01/2020,09:44:10,1490.85,1487.55,309,1491.2,309,0,39861
PEL-II.NFO,07/01/2020,09:44:12,1490.85,1487.75,309,1491.4,618,0,39861
PEL-II.NFO,07/01/2020,09:44:14,1490.85,1487.75,309,1491.2,309,0,39861
PEL-II.NFO,07/01/2020,09:44:14,1490.85,1486.45,309,1491.1,309,0,39861
PEL-II.NFO,07/01/2020,09:44:15,1490.85,1486.55,618,1491.2,309,0,39861
PEL-II.NFO,07/01/2020,09:44:16,1490.85,1486.7,309,1491.1,309,0,39861
PEL-II.NFO,07/01/2020,09:44:17,1490.85,1486.85,309,1491.45,309,0,39861
PEL-II.NFO,07/01/2020,09:44:18,1490.85,1486.95,618,1491.35,309,0,39861
PEL-II.NFO,07/01/2020,09:44:19,1490.85,1487.1,309,1491.15,309,0,39861
PEL-II.NFO,07/01/2020,09:44:20,1490.85,1487.35,309,1491.7,309,0,39861
PEL-II.NFO,07/01/2020,09:44:21,1490.85,1487.5,309,1491.6,309,0,39861
PEL-II.NFO,07/01/2020,09:44:22,1490.85,1487.75,309,1491.1,309,0,39861
PEL-II.NFO,07/01/2020,09:44:24,1490.85,1486.3,618,1491,1236,0,39861
PEL-II.NFO,07/01/2020,09:44:25,1490.85,1486.4,309,1491,927,0,39861
PEL-II.NFO,07/01/2020,09:44:25,1490.85,1486.5,309,1490.35,309,0,39861
PEL-II.NFO,07/01/2020,09:44:26,1490.85,1486.3,309,1490.05,309,0,39861
PEL-II.NFO,07/01/2020,09:44:27,1490.85,1486.4,309,1489.85,309,0,39861
PEL-II.NFO,07/01/2020,09:44:29,1490.85,1486,618,1491.25,309,0,39861
PEL-II.NFO,07/01/2020,09:44:30,1490.85,1486.45,309,1491.75,309,0,39861
PEL-II.NFO,07/01/2020,09:44:31,1490.85,1487.3,309,1491.4,309,0,39861
PEL-II.NFO,07/01/2020,09:44:32,1490.85,1487.35,309,1491.4,309,0,39861
PEL-II.NFO,07/01/2020,09:44:33,1490.85,1487.5,309,1491.35,309,0,39861
PEL-II.NFO,07/01/2020,09:44:34,1490.85,1488.85,618,1492.7,309,0,39861
PEL-II.NFO,07/01/2020,09:44:34,1490.85,1488.85,618,1493.95,927,0,39861
PEL-II.NFO,07/01/2020,09:44:35,1490.85,1489.4,309,1493.45,309,0,39861
PEL-II.NFO,07/01/2020,09:44:36,1490.85,1490.05,309,1493.7,618,0,39861
PEL-II.NFO,07/01/2020,09:44:37,1490.85,1490.6,309,1495.3,309,0,39861
PEL-II.NFO,07/01/2020,09:44:38,1490.85,1490.55,309,1494.75,309,0,39861
PEL-II.NFO,07/01/2020,09:44:39,1490.85,1490.65,309,1494.7,618,0,39861
PEL-II.NFO,07/01/2020,09:44:41,1490.85,1489.85,309,1494.7,927,0,39861
PEL-II.NFO,07/01/2020,09:44:42,1490.85,1490.95,309,1495.05,618,0,39861
PEL-II.NFO,07/01/2020,09:44:43,1490.85,1489.55,309,1494.8,618,0,39861
PEL-II.NFO,07/01/2020,09:44:43,1490.85,1489.85,309,1494.9,618,0,39861
PEL-II.NFO,07/01/2020,09:44:45,1490.85,1490.65,309,1494.9,618,0,39861
PEL-II.NFO,07/01/2020,09:44:46,1490.85,1490.75,309,1494.65,618,0,39861
PEL-II.NFO,07/01/2020,09:44:47,1490.85,1490.85,309,1494.5,618,0,39861
PEL-II.NFO,07/01/2020,09:44:48,1490.85,1489.25,309,1494.5,618,0,39861
PEL-II.NFO,07/01/2020,09:44:48,1490.85,1489.65,618,1494.5,927,0,39861
PEL-II.NFO,07/01/2020,09:44:50,1490.85,1490,618,1494.5,927,0,39861
PEL-II.NFO,07/01/2020,09:44:51,1490.85,1490.5,309,1494.5,927,0,39861
PEL-II.NFO,07/01/2020,09:44:52,1490.85,1490.6,309,1494.5,927,0,39861
PEL-II.NFO,07/01/2020,09:44:53,1490.85,1490.7,309,1495.35,1236,0,39861
PEL-II.NFO,07/01/2020,09:44:54,1490.85,1490.9,618,1495.35,927,0,39861
PEL-II.NFO,07/01/2020,09:44:56,1490.85,1489.9,309,1494.55,309,0,39861
PEL-II.NFO,07/01/2020,09:44:57,1490.85,1490.35,309,1494.2,309,0,39861
PEL-II.NFO,07/01/2020,09:44:58,1490.85,1490.45,309,1494.2,309,0,39861
PEL-II.NFO,07/01/2020,09:44:59,1490.85,1490.6,309,1494.2,309,0,39861
PEL-II.NFO,07/01/2020,09:44:59,1490.85,1490.75,309,1494.2,309,0,39861
PEL-II.NFO,07/01/2020,09:45:00,1490.85,1490.8,309,1495,309,0,39861
PEL-II.NFO,07/01/2020,09:45:01,1490.85,1490.8,309,1494.65,309,0,39861
PEL-II.NFO,07/01/2020,09:45:02,1490.85,1490.9,309,1495.2,618,0,39861
PEL-II.NFO,07/01/2020,09:45:03,1490.85,1490.45,309,1494.75,309,0,39861
PEL-II.NFO,07/01/2020,09:45:04,1490.85,1490.85,309,1495.4,618,0,39861
PEL-II.NFO,07/01/2020,09:45:05,1490.85,1491,309,1495.15,309,0,39861
PEL-II.NFO,07/01/2020,09:45:06,1490.85,1491.7,309,1496.1,618,0,39861
PEL-II.NFO,07/01/2020,09:45:07,1490.85,1491.1,309,1495.4,309,0,39861
PEL-II.NFO,07/01/2020,09:45:08,1490.85,1491.2,309,1494.5,309,0,39861
PEL-II.NFO,07/01/2020,09:45:09,1490.85,1488.95,309,1494.5,309,0,39861
PEL-II.NFO,07/01/2020,09:45:10,1490.85,1489.4,309,1494.5,309,0,39861
PEL-II.NFO,07/01/2020,09:45:11,1490.85,1490.75,309,1494.5,309,0,39861
PEL-II.NFO,07/01/2020,09:45:13,1490.85,1490.55,618,1494.55,309,0,39861
PEL-II.NFO,07/01/2020,09:45:14,1490.85,1490.65,309,1494.35,309,0,39861
PEL-II.NFO,07/01/2020,09:45:15,1490.85,1490.85,309,1494.35,309,0,39861
PEL-II.NFO,07/01/2020,09:45:16,1490.85,1488.85,309,1494.35,309,0,39861
PEL-II.NFO,07/01/2020,09:45:16,1490.85,1489.55,309,1494.35,309,0,39861
PEL-II.NFO,07/01/2020,09:45:17,1490.85,1489.7,309,1494.35,309,0,39861
PEL-II.NFO,07/01/2020,09:45:18,1490.85,1489.8,618,1494.35,309,0,39861
PEL-II.NFO,07/01/2020,09:45:19,1490.85,1490.05,618,1494.35,309,0,39861
PEL-II.NFO,07/01/2020,09:45:21,1490.85,1490.2,309,1494.35,309,0,39861
PEL-II.NFO,07/01/2020,09:45:21,1490.85,1490.35,309,1494.35,309,0,39861
PEL-II.NFO,07/01/2020,09:45:22,1490.85,1490.55,309,1494.35,309,0,39861
PEL-II.NFO,07/01/2020,09:45:23,1490.85,1490.65,309,1494.35,309,0,39861
PEL-II.NFO,07/01/2020,09:45:24,1490.85,1490.75,309,1494.35,309,0,39861
PEL-II.NFO,07/01/2020,09:45:25,1490.85,1490.85,309,1494.35,309,0,39861
PEL-II.NFO,07/01/2020,09:45:27,1490.85,1489.8,309,1494.35,309,0,39861
PEL-II.NFO,07/01/2020,09:45:28,1490.85,1490.45,309,1494.35,309,0,39861
PEL-II.NFO,07/01/2020,09:45:29,1490.85,1490.25,309,1494.35,309,0,39861
PEL-II.NFO,07/01/2020,09:45:30,1490.85,1490.6,309,1494.35,309,0,39861
PEL-II.NFO,07/01/2020,09:45:30,1490.85,1490.85,309,1494.35,309,0,39861
PEL-II.NFO,07/01/2020,09:45:32,1490.85,1491.1,618,1494.35,309,0,39861
PEL-II.NFO,07/01/2020,09:45:33,1490.85,1491.2,618,1494.35,309,0,39861
PEL-II.NFO,07/01/2020,09:45:34,1490.85,1491.35,309,1494.35,309,0,39861
PEL-II.NFO,07/01/2020,09:45:35,1490.85,1489.95,309,1494.35,309,0,39861
PEL-II.NFO,07/01/2020,09:45:36,1490.85,1490.4,309,1494.35,309,0,39861
PEL-II.NFO,07/01/2020,09:45:37,1490.85,1490.6,309,1494.5,309,0,39861
PEL-II.NFO,07/01/2020,09:45:38,1490.85,1490.8,309,1494.5,309,0,39861
PEL-II.NFO,07/01/2020,09:45:39,1490.85,1490.95,309,1494.5,309,0,39861
PEL-II.NFO,07/01/2020,09:45:40,1490.85,1489,309,1494.55,927,0,39861
PEL-II.NFO,07/01/2020,09:45:41,1490.85,1489.25,618,1494.55,927,0,39861
PEL-II.NFO,07/01/2020,09:45:43,1490.85,1489.4,309,1494.55,927,0,39861
PEL-II.NFO,07/01/2020,09:45:43,1490.85,1490.85,309,1494.55,927,0,39861
PEL-II.NFO,07/01/2020,09:45:44,1490.85,1490.95,309,1494.55,927,0,39861
PEL-II.NFO,07/01/2020,09:45:45,1490.85,1491.05,309,1494.55,927,0,39861
PEL-II.NFO,07/01/2020,09:45:48,1490.85,1491.1,309,1494.55,618,0,39861
PEL-II.NFO,07/01/2020,09:45:49,1490.85,1490.5,309,1494.55,927,0,39861
PEL-II.NFO,07/01/2020,09:45:50,1490.85,1490.1,618,1494.55,927,0,39861
PEL-II.NFO,07/01/2020,09:45:52,1490.85,1490.4,309,1494.55,927,0,39861
PEL-II.NFO,07/01/2020,09:45:53,1490.85,1491,309,1494.55,927,0,39861
PEL-II.NFO,07/01/2020,09:45:54,1490.85,1491.1,309,1494.55,927,0,39861
PEL-II.NFO,07/01/2020,09:45:55,1490.85,1491.2,309,1494.55,927,0,39861
PEL-II.NFO,07/01/2020,09:45:56,1490.85,1491.3,309,1494.55,927,0,39861
PEL-II.NFO,07/01/2020,09:45:57,1490.85,1491.4,309,1494.55,927,0,39861
PEL-II.NFO,07/01/2020,09:45:57,1490.85,1490.45,309,1494.55,927,0,39861
PEL-II.NFO,07/01/2020,09:45:58,1490.85,1490.8,309,1494.55,927,0,39861
PEL-II.NFO,07/01/2020,09:46:00,1490.85,1490.9,309,1494.55,927,0,39861
PEL-II.NFO,07/01/2020,09:46:01,1490.85,1491,309,1494.55,927,0,39861
PEL-II.NFO,07/01/2020,09:46:07,1490.85,1489.45,309,1494.05,309,0,39861
PEL-II.NFO,07/01/2020,09:46:08,1490.85,1490.2,309,1494,309,0,39861
PEL-II.NFO,07/01/2020,09:46:09,1490.85,1489.9,309,1493.7,309,0,39861
PEL-II.NFO,07/01/2020,09:46:10,1490.85,1490.05,309,1493.7,309,0,39861
PEL-II.NFO,07/01/2020,09:46:12,1490.85,1490.3,309,1493.7,309,0,39861
PEL-II.NFO,07/01/2020,09:46:15,1490.85,1490.25,309,1493.5,309,0,39861
PEL-II.NFO,07/01/2020,09:46:16,1490.85,1489.65,309,1493.7,309,0,39861
PEL-II.NFO,07/01/2020,09:46:18,1490.85,1489.35,309,1493.4,309,0,39861
PEL-II.NFO,07/01/2020,09:46:19,1490.85,1489.45,309,1493.5,618,0,39861
PEL-II.NFO,07/01/2020,09:46:20,1490.85,1489.65,309,1493.5,618,0,39861
PEL-II.NFO,07/01/2020,09:46:21,1490.85,1489.75,309,1493.5,618,0,39861
PEL-II.NFO,07/01/2020,09:46:22,1490.85,1488.75,309,1493.5,618,0,39861
PEL-II.NFO,07/01/2020,09:46:23,1490.85,1489.5,309,1493.5,618,0,39861
PEL-II.NFO,07/01/2020,09:46:24,1490.85,1489.55,309,1493.5,618,0,39861
PEL-II.NFO,07/01/2020,09:46:25,1490.85,1489.65,309,1493.5,618,0,39861
PEL-II.NFO,07/01/2020,09:46:26,1490.85,1489.85,309,1493.5,618,0,39861
PEL-II.NFO,07/01/2020,09:46:27,1490.85,1489.45,309,1493.2,309,0,39861
PEL-II.NFO,07/01/2020,09:46:29,1490.85,1489.4,309,1493.2,309,0,39861
PEL-II.NFO,07/01/2020,09:46:31,1490.85,1489.15,309,1493.25,309,0,39861
PEL-II.NFO,07/01/2020,09:46:31,1490.85,1489.4,309,1494.1,309,0,39861
PEL-II.NFO,07/01/2020,09:46:32,1490.85,1489.35,309,1493.7,309,0,39861
PEL-II.NFO,07/01/2020,09:46:33,1490.85,1489.35,309,1493.2,309,0,39861
PEL-II.NFO,07/01/2020,09:46:35,1490.85,1488.95,309,1493.75,309,0,39861
PEL-II.NFO,07/01/2020,09:46:36,1490.85,1489.15,309,1493.6,927,0,39861
PEL-II.NFO,07/01/2020,09:46:39,1490.85,1489.15,309,1493.35,618,0,39861
PEL-II.NFO,07/01/2020,09:46:40,1490.85,1489.25,309,1493.25,309,0,39861
PEL-II.NFO,07/01/2020,09:46:42,1490.85,1489.35,309,1493.05,309,0,39861
PEL-II.NFO,07/01/2020,09:46:43,1490.85,1489.45,309,1493.2,618,0,39861
PEL-II.NFO,07/01/2020,09:46:44,1490.85,1489.45,309,1493.25,927,0,39861
PEL-II.NFO,07/01/2020,09:46:45,1490.85,1489.55,309,1493.25,927,0,39861
PEL-II.NFO,07/01/2020,09:46:49,1490.85,1489.55,309,1492.9,618,0,39861
PEL-II.NFO,07/01/2020,09:46:50,1490.85,1489.35,309,1493.25,618,0,39861
PEL-II.NFO,07/01/2020,09:46:51,1490.85,1489.45,309,1493,309,0,39861
PEL-II.NFO,07/01/2020,09:46:55,1490.85,1489.45,309,1493.6,1236,0,39861
PEL-II.NFO,07/01/2020,09:46:56,1490.85,1487.7,618,1492.1,618,0,39861
PEL-II.NFO,07/01/2020,09:46:57,1490.85,1487.95,309,1492.1,618,0,39861
PEL-II.NFO,07/01/2020,09:46:58,1490.85,1488.05,309,1491.45,618,0,39861
PEL-II.NFO,07/01/2020,09:46:58,1490.85,1488.05,309,1491.6,309,0,39861
PEL-II.NFO,07/01/2020,09:46:59,1490.85,1488.25,309,1492.25,927,0,39861
PEL-II.NFO,07/01/2020,09:47:00,1490.85,1487.35,618,1491.45,309,0,39861
PEL-II.NFO,07/01/2020,09:47:01,1490.85,1487.7,309,1491.9,309,0,39861
PEL-II.NFO,07/01/2020,09:47:02,1490.85,1487.9,309,1491.6,309,0,39861
PEL-II.NFO,07/01/2020,09:47:03,1490.85,1487.9,618,1492.45,309,0,39861
PEL-II.NFO,07/01/2020,09:47:04,1490.85,1487.25,309,1492.15,618,0,39861
PEL-II.NFO,07/01/2020,09:47:05,1490.85,1487.6,618,1492,309,0,39861
PEL-II.NFO,07/01/2020,09:47:06,1490.85,1487.85,618,1493,309,0,39861
PEL-II.NFO,07/01/2020,09:47:07,1490.85,1487.8,309,1492.95,927,0,39861
PEL-II.NFO,07/01/2020,09:47:08,1490.85,1487.9,309,1491.85,309,0,39861
PEL-II.NFO,07/01/2020,09:47:09,1490.85,1488,309,1491.5,309,0,39861
PEL-II.NFO,07/01/2020,09:47:10,1490.85,1488.1,309,1491.5,309,0,39861
PEL-II.NFO,07/01/2020,09:47:11,1490.85,1488.2,309,1491.5,309,0,39861
PEL-II.NFO,07/01/2020,09:47:12,1490.85,1488.3,309,1491.5,309,0,39861
PEL-II.NFO,07/01/2020,09:47:13,1490.85,1486.95,309,1491.4,309,0,39861
PEL-II.NFO,07/01/2020,09:47:14,1490.85,1487.35,618,1491.35,618,0,39861
PEL-II.NFO,07/01/2020,09:47:15,1490.85,1487.35,618,1491.15,618,0,39861
PEL-II.NFO,07/01/2020,09:47:16,1490.85,1487.35,618,1491.4,618,0,39861
PEL-II.NFO,07/01/2020,09:47:17,1490.85,1487.35,618,1491.2,618,0,39861
PEL-II.NFO,07/01/2020,09:47:18,1490.85,1487.35,618,1491.05,309,0,39861
PEL-II.NFO,07/01/2020,09:47:20,1490.85,1487.35,618,1491,309,0,39861
PEL-II.NFO,07/01/2020,09:47:21,1490.85,1487.35,618,1491.05,618,0,39861
PEL-II.NFO,07/01/2020,09:47:22,1490.85,1487.35,618,1491,309,0,39861
PEL-II.NFO,07/01/2020,09:47:23,1490.85,1487.35,618,1491.05,309,0,39861
PEL-II.NFO,07/01/2020,09:47:24,1490.85,1487.35,618,1491.3,618,0,39861
PEL-II.NFO,07/01/2020,09:47:25,1490.85,1487.6,618,1491.2,309,0,39861
PEL-II.NFO,07/01/2020,09:47:26,1490.85,1486.1,309,1491.5,927,0,39861
PEL-II.NFO,07/01/2020,09:47:27,1490.85,1486.45,309,1491.2,618,0,39861
PEL-II.NFO,07/01/2020,09:47:28,1490.85,1487.3,309,1491.1,618,0,39861
PEL-II.NFO,07/01/2020,09:47:29,1490.85,1487.4,618,1491.1,618,0,39861
PEL-II.NFO,07/01/2020,09:47:30,1490.85,1487.5,309,1491.1,618,0,39861
PEL-II.NFO,07/01/2020,09:47:31,1490.85,1487.6,309,1491.1,618,0,39861
PEL-II.NFO,07/01/2020,09:47:32,1490.85,1487.7,309,1491.1,618,0,39861
PEL-II.NFO,07/01/2020,09:47:33,1490.85,1487.8,309,1491.1,618,0,39861
PEL-II.NFO,07/01/2020,09:47:34,1490.85,1486.45,618,1491.8,927,0,39861
PEL-II.NFO,07/01/2020,09:47:35,1490.85,1485.65,618,1489.25,309,0,39861
PEL-II.NFO,07/01/2020,09:47:36,1490.85,1485.15,309,1488.95,309,0,39861
PEL-II.NFO,07/01/2020,09:47:37,1490.85,1485.35,618,1490.4,618,0,39861
PEL-II.NFO,07/01/2020,09:47:39,1490.85,1485.55,309,1489.2,309,0,39861
PEL-II.NFO,07/01/2020,09:47:40,1490.85,1485.55,309,1489.45,618,0,39861
PEL-II.NFO,07/01/2020,09:47:42,1490.85,1485.65,309,1489.05,618,0,39861
PEL-II.NFO,07/01/2020,09:47:42,1490.85,1485.75,309,1489.05,618,0,39861
PEL-II.NFO,07/01/2020,09:47:43,1490.85,1485.5,618,1490.4,309,0,39861
PEL-II.NFO,07/01/2020,09:47:44,1490.85,1485.65,309,1490.2,309,0,39861
PEL-II.NFO,07/01/2020,09:47:45,1490.85,1486.25,309,1490.2,309,0,39861
PEL-II.NFO,07/01/2020,09:47:46,1490.85,1484.9,309,1490,309,0,39861
PEL-II.NFO,07/01/2020,09:47:47,1490.85,1485.75,618,1489.45,309,0,39861
PEL-II.NFO,07/01/2020,09:47:48,1490.85,1485.8,618,1489.45,309,0,39861
PEL-II.NFO,07/01/2020,09:47:49,1490.85,1486.25,309,1489.45,309,0,39861
PEL-II.NFO,07/01/2020,09:47:50,1490.85,1485.4,309,1489.5,618,0,39861
PEL-II.NFO,07/01/2020,09:47:51,1490.85,1485.65,618,1489.5,618,0,39861
PEL-II.NFO,07/01/2020,09:47:52,1490.85,1485.4,618,1489.2,618,0,39861
PEL-II.NFO,07/01/2020,09:47:53,1490.85,1485.55,309,1489.5,309,0,39861
PEL-II.NFO,07/01/2020,09:47:54,1490.85,1485.65,618,1489.5,309,0,39861
PEL-II.NFO,07/01/2020,09:47:55,1490.85,1485.75,618,1490.5,618,0,39861
PEL-II.NFO,07/01/2020,09:47:57,1490.85,1486.1,309,1490.5,618,0,39861
PEL-II.NFO,07/01/2020,09:47:58,1490.85,1486.2,618,1490.4,618,0,39861
PEL-II.NFO,07/01/2020,09:47:59,1490.85,1486.85,309,1490.3,309,0,39861
PEL-II.NFO,07/01/2020,09:48:00,1490.85,1485.8,309,1489.5,309,0,39861
PEL-II.NFO,07/01/2020,09:48:01,1490.85,1486,309,1489.5,309,0,39861
PEL-II.NFO,07/01/2020,09:48:02,1490.85,1484.8,309,1489.3,309,0,39861
PEL-II.NFO,07/01/2020,09:48:02,1490.85,1485.05,309,1489.3,309,0,39861
PEL-II.NFO,07/01/2020,09:48:03,1490.85,1485.45,618,1489.5,309,0,39861
PEL-II.NFO,07/01/2020,09:48:04,1490.85,1485.6,309,1489.5,309,0,39861
PEL-II.NFO,07/01/2020,09:48:05,1490.85,1486.05,618,1489.5,309,0,39861
PEL-II.NFO,07/01/2020,09:48:06,1490.85,1486.15,618,1489.5,309,0,39861
PEL-II.NFO,07/01/2020,09:48:07,1490.85,1486.4,309,1489.5,309,0,39861
PEL-II.NFO,07/01/2020,09:48:08,1490.85,1486.6,309,1489.5,309,0,39861
PEL-II.NFO,07/01/2020,09:48:09,1490.85,1486.7,309,1489.5,309,0,39861
PEL-II.NFO,07/01/2020,09:48:10,1490.85,1484.95,309,1489.5,309,0,39861
PEL-II.NFO,07/01/2020,09:48:12,1490.85,1485.25,309,1489.5,309,0,39861
PEL-II.NFO,07/01/2020,09:48:13,1490.85,1485.5,309,1489.5,309,0,39861
PEL-II.NFO,07/01/2020,09:48:14,1490.85,1485.6,309,1489,309,0,39861
PEL-II.NFO,07/01/2020,09:48:15,1490.85,1485.2,309,1488.85,309,0,39861
PEL-II.NFO,07/01/2020,09:48:16,1490.85,1485.35,618,1488.85,309,0,39861
PEL-II.NFO,07/01/2020,09:48:16,1490.85,1485.45,309,1488.75,309,0,39861
PEL-II.NFO,07/01/2020,09:48:17,1490.85,1485.55,309,1489.45,618,0,39861
PEL-II.NFO,07/01/2020,09:48:18,1490.85,1485.6,618,1489.5,309,0,39861
PEL-II.NFO,07/01/2020,09:48:20,1490.85,1485.85,618,1489.5,309,0,39861
PEL-II.NFO,07/01/2020,09:48:21,1490.85,1484.9,309,1490.5,309,0,39861
PEL-II.NFO,07/01/2020,09:48:22,1490.85,1485.95,309,1490.55,309,0,39861
PEL-II.NFO,07/01/2020,09:48:23,1490.85,1486.05,618,1490.45,309,0,39861
PEL-II.NFO,07/01/2020,09:48:24,1490.85,1486.5,309,1490.45,618,0,39861
PEL-II.NFO,07/01/2020,09:48:24,1490.85,1486.85,309,1491.1,618,0,39861
PEL-II.NFO,07/01/2020,09:48:25,1490.85,1487.1,618,1490.9,618,0,39861
PEL-II.NFO,07/01/2020,09:48:27,1490.85,1484.85,309,1490.5,618,0,39861
PEL-II.NFO,07/01/2020,09:48:29,1490.85,1485.3,309,1490.4,618,0,39861
PEL-II.NFO,07/01/2020,09:48:30,1490.85,1485.4,618,1490.3,618,0,39861
PEL-II.NFO,07/01/2020,09:48:31,1490.85,1485.75,309,1490.4,309,0,39861
PEL-II.NFO,07/01/2020,09:48:31,1490.85,1485.85,618,1490.4,309,0,39861
PEL-II.NFO,07/01/2020,09:48:32,1490.85,1486.1,309,1490.4,618,0,39861
PEL-II.NFO,07/01/2020,09:48:35,1490.85,1486.2,309,1490.4,618,0,39861
PEL-II.NFO,07/01/2020,09:48:35,1490.85,1486.3,309,1490.4,618,0,39861
PEL-II.NFO,07/01/2020,09:48:38,1490.85,1485.45,309,1489.6,309,0,39861
PEL-II.NFO,07/01/2020,09:48:39,1490.85,1485.6,309,1489.4,309,0,39861
PEL-II.NFO,07/01/2020,09:48:40,1490.85,1485.2,309,1489.5,618,0,39861
PEL-II.NFO,07/01/2020,09:48:41,1490.85,1485.4,309,1489.4,618,0,39861
PEL-II.NFO,07/01/2020,09:48:42,1490.85,1485.4,309,1489.35,309,0,39861
PEL-II.NFO,07/01/2020,09:48:42,1490.85,1485.5,309,1489.35,309,0,39861
PEL-II.NFO,07/01/2020,09:48:43,1490.85,1485.1,309,1489.3,309,0,39861
PEL-II.NFO,07/01/2020,09:48:44,1490.85,1485.8,309,1489.5,309,0,39861
PEL-II.NFO,07/01/2020,09:48:45,1490.85,1485.95,309,1490.45,309,0,39861
PEL-II.NFO,07/01/2020,09:48:47,1490.85,1486.2,309,1490.45,309,0,39861
PEL-II.NFO,07/01/2020,09:48:48,1490.85,1486.3,309,1491.15,309,0,39861
PEL-II.NFO,07/01/2020,09:48:49,1490.85,1484.9,309,1492.4,618,0,39861
PEL-II.NFO,07/01/2020,09:48:50,1490.85,1487.55,309,1492.35,309,0,39861
PEL-II.NFO,07/01/2020,09:48:51,1490.85,1488.25,618,1493.4,927,0,39861
PEL-II.NFO,07/01/2020,09:48:52,1490.85,1485.5,309,1492,309,0,39861
PEL-II.NFO,07/01/2020,09:48:53,1490.85,1486,309,1491.95,309,0,39861
PEL-II.NFO,07/01/2020,09:48:54,1490.85,1486.2,618,1491.6,309,0,39861
PEL-II.NFO,07/01/2020,09:48:55,1490.85,1486.3,618,1491.6,309,0,39861
PEL-II.NFO,07/01/2020,09:48:56,1490.85,1486.5,618,1491.6,309,0,39861
PEL-II.NFO,07/01/2020,09:48:57,1490.85,1487,618,1491.5,618,0,39861
PEL-II.NFO,07/01/2020,09:48:58,1490.85,1486.9,618,1491.25,309,0,39861
PEL-II.NFO,07/01/2020,09:49:00,1490.85,1487.2,309,1491.4,309,0,39861
PEL-II.NFO,07/01/2020,09:49:01,1490.85,1487.3,309,1491.15,309,0,39861
PEL-II.NFO,07/01/2020,09:49:02,1490.85,1487.4,309,1490.95,618,0,39861
PEL-II.NFO,07/01/2020,09:49:03,1490.85,1486.05,309,1490.5,309,0,39861
PEL-II.NFO,07/01/2020,09:49:04,1490.85,1486.15,309,1490.5,309,0,39861
PEL-II.NFO,07/01/2020,09:49:04,1490.85,1486.3,309,1490.5,309,0,39861
PEL-II.NFO,07/01/2020,09:49:06,1490.85,1486.45,309,1490.5,309,0,39861
PEL-II.NFO,07/01/2020,09:49:07,1490.85,1485.45,309,1490.5,309,0,39861
PEL-II.NFO,07/01/2020,09:49:08,1490.85,1485.75,309,1490.5,309,0,39861
PEL-II.NFO,07/01/2020,09:49:09,1490.85,1487.8,309,1491.85,618,0,39861
PEL-II.NFO,07/01/2020,09:49:10,1490.85,1486.05,309,1491.65,309,0,39861
PEL-II.NFO,07/01/2020,09:49:10,1490.85,1486.85,309,1491.55,309,0,39861
PEL-II.NFO,07/01/2020,09:49:11,1490.85,1487.2,309,1491.55,309,0,39861
PEL-II.NFO,07/01/2020,09:49:12,1490.85,1485.6,309,1490.5,309,0,39861
PEL-II.NFO,07/01/2020,09:49:13,1490.85,1485.7,618,1490.5,309,0,39861
PEL-II.NFO,07/01/2020,09:49:15,1490.85,1486.75,309,1492.15,309,0,39861
PEL-II.NFO,07/01/2020,09:49:16,1490.85,1487.4,309,1492,309,0,39861
PEL-II.NFO,07/01/2020,09:49:17,1490.85,1487.85,618,1492,309,0,39861
PEL-II.NFO,07/01/2020,09:49:17,1490.85,1487.95,309,1492,309,0,39861
PEL-II.NFO,07/01/2020,09:49:21,1490.85,1484.95,309,1492,309,0,39861
PEL-II.NFO,07/01/2020,09:49:21,1490.85,1485.2,309,1492,309,0,39861
PEL-II.NFO,07/01/2020,09:49:22,1490.85,1485.95,309,1492.25,309,0,39861
PEL-II.NFO,07/01/2020,09:49:23,1490.85,1486.1,309,1491.95,309,0,39861
PEL-II.NFO,07/01/2020,09:49:25,1490.85,1487.55,618,1492.6,309,0,39861
PEL-II.NFO,07/01/2020,09:49:25,1490.85,1485.3,309,1491.65,309,0,39861
PEL-II.NFO,07/01/2020,09:49:27,1490.85,1486.7,309,1491.8,309,0,39861
PEL-II.NFO,07/01/2020,09:49:28,1490.85,1487.1,309,1491.85,309,0,39861
PEL-II.NFO,07/01/2020,09:49:29,1490.85,1487.45,309,1491.35,309,0,39861
PEL-II.NFO,07/01/2020,09:49:29,1490.85,1487.7,309,1491.45,309,0,39861
PEL-II.NFO,07/01/2020,09:49:30,1490.85,1488.2,618,1491.35,309,0,39861
PEL-II.NFO,07/01/2020,09:49:31,1490.85,1485.1,618,1490.55,618,0,39861
PEL-II.NFO,07/01/2020,09:49:32,1490.85,1485.45,309,1491.55,309,0,39861
PEL-II.NFO,07/01/2020,09:49:33,1490.85,1486.5,309,1490.4,309,0,39861
PEL-II.NFO,07/01/2020,09:49:34,1490.85,1486.15,309,1490.95,309,0,39861
PEL-II.NFO,07/01/2020,09:49:35,1490.85,1486.4,309,1490.45,309,0,39861
PEL-II.NFO,07/01/2020,09:49:36,1490.85,1486.65,309,1491.3,927,0,39861
PEL-II.NFO,07/01/2020,09:49:38,1490.85,1486,309,1490.25,618,0,39861
PEL-II.NFO,07/01/2020,09:49:39,1490.85,1486.1,309,1490.2,309,0,39861
PEL-II.NFO,07/01/2020,09:49:40,1490.85,1486.2,309,1490.2,309,0,39861
PEL-II.NFO,07/01/2020,09:49:41,1490.85,1486.3,618,1490.25,309,0,39861
PEL-II.NFO,07/01/2020,09:49:42,1490.85,1486.5,618,1490.25,309,0,39861
PEL-II.NFO,07/01/2020,09:49:43,1490.85,1487.05,309,1492.45,618,0,39861
PEL-II.NFO,07/01/2020,09:49:43,1490.85,1487.5,309,1492.45,618,0,39861
PEL-II.NFO,07/01/2020,09:49:44,1490.85,1488.3,309,1492.8,309,0,39861
PEL-II.NFO,07/01/2020,09:49:45,1490.85,1488.4,618,1493.3,927,0,39861
PEL-II.NFO,07/01/2020,09:49:46,1490.85,1488.6,309,1493.3,618,0,39861
PEL-II.NFO,07/01/2020,09:49:47,1490.85,1488.7,618,1493.25,927,0,39861
PEL-II.NFO,07/01/2020,09:49:48,1490.85,1488.8,618,1493.2,927,0,39861
PEL-II.NFO,07/01/2020,09:49:50,1490.85,1487.55,618,1493.3,618,0,39861
PEL-II.NFO,07/01/2020,09:49:51,1490.85,1487.65,618,1493.3,618,0,39861
PEL-II.NFO,07/01/2020,09:49:52,1490.85,1487.95,309,1493.3,618,0,39861
PEL-II.NFO,07/01/2020,09:49:53,1490.85,1488.05,309,1493.3,618,0,39861
PEL-II.NFO,07/01/2020,09:49:53,1490.85,1488.3,309,1493.2,618,0,39861
PEL-II.NFO,07/01/2020,09:49:54,1490.85,1488.45,309,1493.2,618,0,39861
PEL-II.NFO,07/01/2020,09:49:55,1490.85,1488.9,309,1493.2,618,0,39861
PEL-II.NFO,07/01/2020,09:49:56,1490.85,1485.45,309,1493.2,927,0,39861
PEL-II.NFO,07/01/2020,09:49:57,1490.85,1488,309,1493.4,309,0,39861
PEL-II.NFO,07/01/2020,09:49:58,1490.85,1488.9,309,1493.15,927,0,39861
PEL-II.NFO,07/01/2020,09:49:59,1490.85,1489,309,1493.15,927,0,39861
PEL-II.NFO,07/01/2020,09:50:00,1490.85,1488.75,618,1493.15,927,0,39861
PEL-II.NFO,07/01/2020,09:50:01,1490.85,1489.4,309,1493.9,618,0,39861
PEL-II.NFO,07/01/2020,09:50:03,1490.85,1489.55,309,1493.9,618,0,39861
PEL-II.NFO,07/01/2020,09:50:04,1490.85,1489.65,309,1494,618,0,39861
PEL-II.NFO,07/01/2020,09:50:04,1490.85,1489.55,618,1494,618,0,39861
PEL-II.NFO,07/01/2020,09:50:05,1490.85,1489.65,618,1494,618,0,39861
PEL-II.NFO,07/01/2020,09:50:06,1490.85,1489.75,309,1493.95,927,0,39861
PEL-II.NFO,07/01/2020,09:50:07,1490.85,1489.85,309,1493.95,927,0,39861
PEL-II.NFO,07/01/2020,09:50:08,1490.85,1489.95,309,1493.95,927,0,39861
PEL-II.NFO,07/01/2020,09:50:09,1490.85,1490.15,309,1493.95,927,0,39861
PEL-II.NFO,07/01/2020,09:50:13,1490.85,1487.5,309,1493.95,927,0,39861
PEL-II.NFO,07/01/2020,09:50:14,1490.85,1488.35,309,1493.95,927,0,39861
PEL-II.NFO,07/01/2020,09:50:16,1490.85,1489,309,1493.95,927,0,39861
PEL-II.NFO,07/01/2020,09:50:17,1490.85,1489.1,618,1493.95,927,0,39861
PEL-II.NFO,07/01/2020,09:50:18,1490.85,1489.4,309,1493.95,927,0,39861
PEL-II.NFO,07/01/2020,09:50:19,1490.85,1489.5,309,1493.95,927,0,39861
PEL-II.NFO,07/01/2020,09:50:20,1490.85,1489.6,309,1493.95,927,0,39861
PEL-II.NFO,07/01/2020,09:50:21,1490.85,1489.7,309,1493.95,927,0,39861
PEL-II.NFO,07/01/2020,09:50:22,1490.85,1487.85,309,1493.95,927,0,39861
PEL-II.NFO,07/01/2020,09:50:22,1490.85,1488.4,309,1493.95,927,0,39861
PEL-II.NFO,07/01/2020,09:50:23,1490.85,1488.65,309,1493.95,927,0,39861
PEL-II.NFO,07/01/2020,09:50:25,1490.85,1487.7,309,1493.35,618,0,39861
PEL-II.NFO,07/01/2020,09:50:25,1490.85,1487.95,618,1493.35,618,0,39861
PEL-II.NFO,07/01/2020,09:50:26,1490.85,1488.1,309,1493.35,927,0,39861
PEL-II.NFO,07/01/2020,09:50:28,1490.85,1488.65,309,1493.9,927,0,39861
PEL-II.NFO,07/01/2020,09:50:28,1490.85,1488.85,309,1493.9,927,0,39861
PEL-II.NFO,07/01/2020,09:50:29,1490.85,1489.6,309,1493.9,927,0,39861
PEL-II.NFO,07/01/2020,09:50:30,1490.85,1489.7,309,1493.9,927,0,39861
PEL-II.NFO,07/01/2020,09:50:31,1490.85,1489.85,309,1493.9,927,0,39861
PEL-II.NFO,07/01/2020,09:50:32,1490.85,1490,309,1493.9,927,0,39861
PEL-II.NFO,07/01/2020,09:50:36,1490.85,1490.35,309,1494,618,0,39861
PEL-II.NFO,07/01/2020,09:50:37,1490.85,1490.4,309,1494,618,0,39861
PEL-II.NFO,07/01/2020,09:50:38,1490.85,1490.6,309,1494,618,0,39861
PEL-II.NFO,07/01/2020,09:50:39,1490.85,1490.7,309,1494,618,0,39861
PEL-II.NFO,07/01/2020,09:50:40,1490.85,1490.8,309,1494,618,0,39861
PEL-II.NFO,07/01/2020,09:50:42,1490.85,1487.8,309,1494.05,618,0,39861
PEL-II.NFO,07/01/2020,09:50:42,1490.85,1488.15,309,1494.05,618,0,39861
PEL-II.NFO,07/01/2020,09:50:44,1490.85,1488.75,618,1494.35,618,0,39861
PEL-II.NFO,07/01/2020,09:50:45,1490.85,1489.2,618,1494.35,618,0,39861
PEL-II.NFO,07/01/2020,09:50:46,1490.85,1489.85,309,1494.35,618,0,39861
PEL-II.NFO,07/01/2020,09:50:46,1490.85,1489.7,309,1494.35,618,0,39861
PEL-II.NFO,07/01/2020,09:50:47,1490.85,1490.7,309,1494.35,618,0,39861
PEL-II.NFO,07/01/2020,09:50:48,1490.85,1491.3,309,1494.35,618,0,39861
