Ticker,Date,Time,LTP,BuyPrice,BuyQty,SellPrice,SellQty,LTQ,OpenInterest
TATAMOTORS-II.NFO,07/01/2020,09:15:13,189,188.6,4300,189.2,4300,25800,1672700
TATAMOTORS-II.NFO,07/01/2020,09:15:13,189.15,188.6,4300,189.2,4300,0,1672700
TATAMOTORS-II.NFO,07/01/2020,09:15:13,189.15,188.6,4300,189.2,4300,0,1672700
TATAMOTORS-II.NFO,07/01/2020,09:15:13,188.8,188.6,4300,189.2,4300,0,1672700
TATAMOTORS-II.NFO,07/01/2020,09:15:24,189.9,189.75,8600,190.45,21500,8600,1672700
TATAMOTORS-II.NFO,07/01/2020,09:15:24,189.9,189.75,8600,190.45,21500,0,1672700
TATAMOTORS-II.NFO,07/01/2020,09:15:36,190.2,189.7,8600,190.2,8600,17200,1672700
TATAMOTORS-II.NFO,07/01/2020,09:15:36,190.2,189.7,8600,190.2,8600,0,1672700
TATAMOTORS-II.NFO,07/01/2020,09:15:48,190.1,189.7,4300,190.3,4300,4300,1672700
TATAMOTORS-II.NFO,07/01/2020,09:16:00,190.05,190.3,4300,190.5,4300,4300,1672700
TATAMOTORS-II.NFO,07/01/2020,09:16:12,190,189.95,4300,190.2,4300,4300,1672700
TATAMOTORS-II.NFO,07/01/2020,09:16:23,190.05,190.05,12900,190.1,4300,12900,1672700
TATAMOTORS-II.NFO,07/01/2020,09:16:34,190.1,190.35,12900,190.5,4300,4300,1672700
TATAMOTORS-II.NFO,07/01/2020,09:16:43,190.45,190.2,8600,190.4,4300,8600,1672700
TATAMOTORS-II.NFO,07/01/2020,09:16:43,190.45,190.2,8600,190.4,4300,0,1672700
TATAMOTORS-II.NFO,07/01/2020,09:16:53,190.5,190.55,4300,190.8,8600,8600,1672700
TATAMOTORS-II.NFO,07/01/2020,09:16:53,190.5,190.55,4300,190.8,8600,0,1672700
TATAMOTORS-II.NFO,07/01/2020,09:17:03,190.6,190.45,8600,190.65,4300,4300,1672700
TATAMOTORS-II.NFO,07/01/2020,09:17:03,190.6,190.45,8600,190.65,4300,0,1672700
TATAMOTORS-II.NFO,07/01/2020,09:17:12,190.6,190.55,8600,190.75,4300,0,1672700
TATAMOTORS-II.NFO,07/01/2020,09:17:13,190.6,190.55,4300,190.75,4300,0,1672700
TATAMOTORS-II.NFO,07/01/2020,09:17:16,190.6,190.5,4300,190.7,8600,0,1672700
TATAMOTORS-II.NFO,07/01/2020,09:17:16,190.6,190.5,4300,190.65,4300,0,1672700
TATAMOTORS-II.NFO,07/01/2020,09:17:18,190.6,190.45,8600,190.75,4300,0,1672700
TATAMOTORS-II.NFO,07/01/2020,09:17:19,190.6,190.45,8600,190.75,12900,0,1672700
TATAMOTORS-II.NFO,07/01/2020,09:17:20,190.6,190.5,8600,190.75,12900,0,1672700
TATAMOTORS-II.NFO,07/01/2020,09:17:22,190.5,190.4,4300,190.55,8600,4300,1672700
TATAMOTORS-II.NFO,07/01/2020,09:17:23,190.5,190.4,4300,190.7,12900,0,1681300
TATAMOTORS-II.NFO,07/01/2020,09:17:23,190.5,190.4,4300,190.6,8600,0,1681300
TATAMOTORS-II.NFO,07/01/2020,09:17:25,190.5,190.4,4300,190.55,8600,0,1681300
TATAMOTORS-II.NFO,07/01/2020,09:17:26,190.4,190.3,8600,190.6,12900,4300,1681300
TATAMOTORS-II.NFO,07/01/2020,09:17:27,190.4,190.3,8600,190.5,4300,0,1681300
TATAMOTORS-II.NFO,07/01/2020,09:17:29,190.4,190.25,12900,190.5,4300,0,1681300
TATAMOTORS-II.NFO,07/01/2020,09:17:30,190.4,190.2,4300,190.55,8600,0,1681300
TATAMOTORS-II.NFO,07/01/2020,09:17:31,190.4,190.2,4300,190.4,4300,0,1681300
TATAMOTORS-II.NFO,07/01/2020,09:17:33,190.4,190,8600,190.3,4300,0,1681300
TATAMOTORS-II.NFO,07/01/2020,09:17:34,190.4,190,4300,190.25,8600,0,1681300
TATAMOTORS-II.NFO,07/01/2020,09:17:36,190.4,190,4300,190.2,4300,0,1681300
TATAMOTORS-II.NFO,07/01/2020,09:17:37,190.4,190,8600,190.2,4300,0,1681300
TATAMOTORS-II.NFO,07/01/2020,09:17:38,190.4,190.05,4300,190.3,4300,0,1681300
TATAMOTORS-II.NFO,07/01/2020,09:17:39,190.3,190,8600,190.25,8600,4300,1681300
TATAMOTORS-II.NFO,07/01/2020,09:17:40,190.3,190.05,4300,190.25,8600,0,1681300
TATAMOTORS-II.NFO,07/01/2020,09:17:41,190.3,190,8600,190.25,8600,0,1681300
TATAMOTORS-II.NFO,07/01/2020,09:17:41,190.3,190,8600,190.2,4300,0,1681300
TATAMOTORS-II.NFO,07/01/2020,09:17:43,190.3,189.85,4300,190.1,8600,0,1681300
TATAMOTORS-II.NFO,07/01/2020,09:17:44,190.3,189.85,4300,190.1,4300,0,1681300
TATAMOTORS-II.NFO,07/01/2020,09:17:45,190.3,189.7,12900,189.95,4300,0,1681300
TATAMOTORS-II.NFO,07/01/2020,09:17:46,190.3,189.7,12900,190,8600,0,1681300
TATAMOTORS-II.NFO,07/01/2020,09:17:47,190.3,189.7,12900,189.95,4300,0,1681300
TATAMOTORS-II.NFO,07/01/2020,09:17:48,190.3,189.75,8600,189.95,4300,0,1681300
TATAMOTORS-II.NFO,07/01/2020,09:17:51,190.3,189.75,12900,189.95,4300,0,1681300
TATAMOTORS-II.NFO,07/01/2020,09:17:52,190.3,189.8,4300,189.95,4300,0,1681300
TATAMOTORS-II.NFO,07/01/2020,09:17:53,190.3,189.75,4300,189.95,4300,0,1681300
TATAMOTORS-II.NFO,07/01/2020,09:17:55,190.3,189.8,8600,190.05,4300,0,1681300
TATAMOTORS-II.NFO,07/01/2020,09:17:56,190.3,189.85,4300,190.05,4300,0,1681300
TATAMOTORS-II.NFO,07/01/2020,09:17:57,190.3,189.9,4300,190.05,4300,0,1681300
TATAMOTORS-II.NFO,07/01/2020,09:18:00,190.3,189.9,4300,190.1,4300,0,1681300
TATAMOTORS-II.NFO,07/01/2020,09:18:01,190.3,189.9,4300,190.1,8600,0,1681300
TATAMOTORS-II.NFO,07/01/2020,09:18:02,190.1,190.1,4300,190.3,8600,4300,1681300
TATAMOTORS-II.NFO,07/01/2020,09:18:03,190.1,190.1,8600,190.35,8600,0,1681300
TATAMOTORS-II.NFO,07/01/2020,09:18:04,190.1,190.05,4300,190.3,4300,0,1681300
TATAMOTORS-II.NFO,07/01/2020,09:18:05,190.1,190.1,4300,190.45,8600,0,1681300
TATAMOTORS-II.NFO,07/01/2020,09:18:06,190.1,190.15,4300,190.4,4300,0,1681300
TATAMOTORS-II.NFO,07/01/2020,09:18:09,190.1,190.05,4300,190.3,4300,0,1681300
TATAMOTORS-II.NFO,07/01/2020,09:18:10,190.1,190.15,4300,190.4,4300,0,1681300
TATAMOTORS-II.NFO,07/01/2020,09:18:11,190.1,190.2,8600,190.4,4300,0,1681300
TATAMOTORS-II.NFO,07/01/2020,09:18:12,190.1,190.2,4300,190.4,4300,0,1681300
TATAMOTORS-II.NFO,07/01/2020,09:18:21,190.1,190,8600,190.2,8600,0,1681300
TATAMOTORS-II.NFO,07/01/2020,09:18:30,190.1,190,4300,190.15,4300,0,1681300
TATAMOTORS-II.NFO,07/01/2020,09:18:39,189.8,189.6,4300,189.8,4300,4300,1681300
TATAMOTORS-II.NFO,07/01/2020,09:18:48,189.8,189.7,8600,189.9,4300,0,1681300
TATAMOTORS-II.NFO,07/01/2020,09:18:57,189.8,189.6,17200,189.8,8600,0,1681300
TATAMOTORS-II.NFO,07/01/2020,09:19:06,189.8,189.7,12900,189.8,4300,0,1681300
TATAMOTORS-II.NFO,07/01/2020,09:19:15,189.8,189.85,4300,190,4300,4300,1681300
TATAMOTORS-II.NFO,07/01/2020,09:19:23,189.8,190.05,4300,190.2,4300,0,1681300
TATAMOTORS-II.NFO,07/01/2020,09:19:32,189.8,190,8600,190.2,4300,0,1681300
TATAMOTORS-II.NFO,07/01/2020,09:19:40,189.8,190.1,4300,190.2,4300,0,1681300
TATAMOTORS-II.NFO,07/01/2020,09:19:48,190.2,190.05,8600,190.25,4300,4300,1681300
TATAMOTORS-II.NFO,07/01/2020,09:19:56,190.2,190.05,8600,190.3,8600,0,1681300
TATAMOTORS-II.NFO,07/01/2020,09:20:04,190.2,190.35,8600,190.6,4300,0,1681300
TATAMOTORS-II.NFO,07/01/2020,09:20:12,190.2,190.4,8600,190.6,4300,0,1681300
TATAMOTORS-II.NFO,07/01/2020,09:20:19,190.5,190.4,4300,190.6,4300,12900,1685600
TATAMOTORS-II.NFO,07/01/2020,09:20:27,190.7,190.4,8600,190.6,4300,4300,1685600
TATAMOTORS-II.NFO,07/01/2020,09:20:27,190.7,190.4,8600,190.6,4300,0,1685600
TATAMOTORS-II.NFO,07/01/2020,09:20:35,190.5,190.4,8600,190.65,12900,8600,1685600
TATAMOTORS-II.NFO,07/01/2020,09:20:42,190.5,190.45,4300,190.65,12900,0,1685600
TATAMOTORS-II.NFO,07/01/2020,09:20:50,190.55,190.55,4300,190.65,4300,4300,1685600
TATAMOTORS-II.NFO,07/01/2020,09:20:57,190.65,190.5,4300,190.75,4300,4300,1685600
TATAMOTORS-II.NFO,07/01/2020,09:21:05,190.65,190.4,4300,190.6,4300,0,1685600
TATAMOTORS-II.NFO,07/01/2020,09:21:12,190.45,190.35,4300,190.55,4300,4300,1685600
TATAMOTORS-II.NFO,07/01/2020,09:21:13,190.45,190.3,12900,190.5,8600,0,1685600
TATAMOTORS-II.NFO,07/01/2020,09:21:14,190.45,190.3,12900,190.55,8600,0,1685600
TATAMOTORS-II.NFO,07/01/2020,09:21:16,190.45,190.3,12900,190.5,4300,0,1685600
TATAMOTORS-II.NFO,07/01/2020,09:21:17,190.45,190.3,12900,190.55,8600,0,1685600
TATAMOTORS-II.NFO,07/01/2020,09:21:19,190.45,190.3,12900,190.5,4300,0,1685600
TATAMOTORS-II.NFO,07/01/2020,09:21:22,190.4,190.4,4300,190.6,4300,4300,1685600
TATAMOTORS-II.NFO,07/01/2020,09:21:23,190.4,190.35,8600,190.55,4300,0,1685600
TATAMOTORS-II.NFO,07/01/2020,09:21:25,190.4,190.35,4300,190.55,4300,0,1685600
TATAMOTORS-II.NFO,07/01/2020,09:21:26,190.4,190.3,4300,190.5,8600,0,1685600
TATAMOTORS-II.NFO,07/01/2020,09:21:27,190.4,190.2,4300,190.4,8600,0,1685600
TATAMOTORS-II.NFO,07/01/2020,09:21:28,190.4,190.1,4300,190.5,34400,0,1685600
TATAMOTORS-II.NFO,07/01/2020,09:21:29,190.4,190.1,4300,190.3,4300,0,1685600
TATAMOTORS-II.NFO,07/01/2020,09:21:32,190.4,190,4300,190.2,4300,0,1685600
TATAMOTORS-II.NFO,07/01/2020,09:21:33,190.4,190,8600,190.2,4300,0,1685600
TATAMOTORS-II.NFO,07/01/2020,09:21:34,190.4,190,8600,190.2,8600,0,1685600
TATAMOTORS-II.NFO,07/01/2020,09:21:35,190.4,190.05,8600,190.25,8600,0,1685600
TATAMOTORS-II.NFO,07/01/2020,09:21:36,190.4,190.05,4300,190.25,4300,0,1685600
TATAMOTORS-II.NFO,07/01/2020,09:21:37,190.4,189.95,12900,190.15,4300,0,1685600
TATAMOTORS-II.NFO,07/01/2020,09:21:38,190.4,189.95,4300,190.15,4300,0,1685600
TATAMOTORS-II.NFO,07/01/2020,09:21:41,190.4,190.05,4300,190.35,12900,0,1685600
TATAMOTORS-II.NFO,07/01/2020,09:21:42,190.4,190.15,4300,190.35,12900,0,1685600
TATAMOTORS-II.NFO,07/01/2020,09:21:45,190.4,190.15,4300,190.25,12900,0,1685600
TATAMOTORS-II.NFO,07/01/2020,09:21:46,190.4,190.15,4300,190.25,4300,0,1685600
TATAMOTORS-II.NFO,07/01/2020,09:21:48,190.25,190.05,4300,190.25,8600,4300,1685600
TATAMOTORS-II.NFO,07/01/2020,09:21:49,190.25,190.05,4300,190.25,8600,0,1685600
TATAMOTORS-II.NFO,07/01/2020,09:21:51,190.25,190.05,4300,190.3,4300,0,1685600
TATAMOTORS-II.NFO,07/01/2020,09:21:52,190.25,190.15,4300,190.3,4300,0,1685600
TATAMOTORS-II.NFO,07/01/2020,09:21:53,190.25,190.1,4300,190.3,4300,0,1685600
TATAMOTORS-II.NFO,07/01/2020,09:22:01,190.25,190.2,4300,190.4,8600,0,1685600
TATAMOTORS-II.NFO,07/01/2020,09:22:03,190.25,190.2,4300,190.45,4300,0,1685600
TATAMOTORS-II.NFO,07/01/2020,09:22:05,190.25,190.3,4300,190.55,12900,0,1685600
TATAMOTORS-II.NFO,07/01/2020,09:22:07,190.25,190.3,4300,190.55,17200,0,1685600
TATAMOTORS-II.NFO,07/01/2020,09:22:08,190.3,190.3,8600,190.5,4300,4300,1685600
TATAMOTORS-II.NFO,07/01/2020,09:22:09,190.3,190.2,8600,190.45,4300,0,1685600
TATAMOTORS-II.NFO,07/01/2020,09:22:10,190.3,190.25,8600,190.45,4300,0,1685600
TATAMOTORS-II.NFO,07/01/2020,09:22:11,190.3,190.15,4300,190.35,4300,0,1685600
TATAMOTORS-II.NFO,07/01/2020,09:22:25,190.3,190.2,4300,190.4,4300,0,1685600
TATAMOTORS-II.NFO,07/01/2020,09:22:32,190.3,190.15,8600,190.4,4300,0,1685600
TATAMOTORS-II.NFO,07/01/2020,09:22:39,190.3,190.15,4300,190.35,4300,0,1685600
TATAMOTORS-II.NFO,07/01/2020,09:22:46,190.35,189.9,4300,190.15,4300,4300,1685600
TATAMOTORS-II.NFO,07/01/2020,09:22:53,190.35,189.8,17200,190.1,4300,0,1685600
TATAMOTORS-II.NFO,07/01/2020,09:23:01,189.9,189.95,8600,190.2,4300,4300,1685600
TATAMOTORS-II.NFO,07/01/2020,09:23:08,189.9,190,4300,190.2,4300,0,1685600
TATAMOTORS-II.NFO,07/01/2020,09:23:16,189.9,189.9,8600,190.15,4300,0,1685600
TATAMOTORS-II.NFO,07/01/2020,09:23:23,190.1,190,4300,190.2,4300,4300,1711400
TATAMOTORS-II.NFO,07/01/2020,09:23:35,190,189.95,8600,190.15,4300,4300,1711400
TATAMOTORS-II.NFO,07/01/2020,09:23:41,189.85,189.65,8600,189.9,4300,4300,1711400
TATAMOTORS-II.NFO,07/01/2020,09:23:48,189.85,189.5,8600,189.75,4300,0,1711400
TATAMOTORS-II.NFO,07/01/2020,09:23:54,189.55,189.55,8600,189.8,4300,4300,1711400
TATAMOTORS-II.NFO,07/01/2020,09:24:01,189.55,189.7,8600,189.95,12900,0,1711400
TATAMOTORS-II.NFO,07/01/2020,09:24:08,189.55,189.7,8600,189.95,4300,0,1711400
TATAMOTORS-II.NFO,07/01/2020,09:24:15,189.55,189.75,8600,189.95,4300,0,1711400
TATAMOTORS-II.NFO,07/01/2020,09:24:29,189.95,189.75,8600,189.95,4300,4300,1711400
TATAMOTORS-II.NFO,07/01/2020,09:24:36,189.95,189.8,4300,189.95,4300,0,1711400
TATAMOTORS-II.NFO,07/01/2020,09:24:54,189.95,189.75,8600,189.95,4300,0,1711400
TATAMOTORS-II.NFO,07/01/2020,09:25:01,189.95,189.75,12900,189.95,4300,0,1711400
TATAMOTORS-II.NFO,07/01/2020,09:25:08,189.95,189.55,38700,189.95,8600,0,1711400
TATAMOTORS-II.NFO,07/01/2020,09:25:16,189.95,189.5,8600,189.7,8600,0,1711400
TATAMOTORS-II.NFO,07/01/2020,09:25:23,189.95,189.5,12900,189.7,8600,0,1711400
TATAMOTORS-II.NFO,07/01/2020,09:25:29,189.95,189.4,12900,189.6,4300,0,1711400
TATAMOTORS-II.NFO,07/01/2020,09:25:36,189.95,189.3,12900,189.5,4300,0,1711400
TATAMOTORS-II.NFO,07/01/2020,09:25:44,189.95,189.25,12900,189.45,4300,0,1711400
TATAMOTORS-II.NFO,07/01/2020,09:25:58,189.2,189.05,4300,189.25,8600,8600,1711400
TATAMOTORS-II.NFO,07/01/2020,09:26:08,189.3,189.05,21500,189.25,4300,4300,1711400
TATAMOTORS-II.NFO,07/01/2020,09:26:12,189.3,189.15,4300,189.45,12900,0,1711400
TATAMOTORS-II.NFO,07/01/2020,09:26:13,189.3,189.15,8600,189.45,12900,0,1711400
TATAMOTORS-II.NFO,07/01/2020,09:26:14,189.3,189.15,4300,189.4,12900,0,1711400
TATAMOTORS-II.NFO,07/01/2020,09:26:15,189.3,189.25,8600,189.55,21500,0,1711400
TATAMOTORS-II.NFO,07/01/2020,09:26:16,189.3,189.2,8600,189.55,25800,0,1711400
TATAMOTORS-II.NFO,07/01/2020,09:26:17,189.3,189.2,8600,189.4,4300,0,1711400
TATAMOTORS-II.NFO,07/01/2020,09:26:18,189.3,189.2,4300,189.45,4300,0,1711400
TATAMOTORS-II.NFO,07/01/2020,09:26:19,189.3,189.2,8600,189.4,8600,0,1711400
TATAMOTORS-II.NFO,07/01/2020,09:26:20,189.3,189.2,12900,189.4,8600,0,1711400
TATAMOTORS-II.NFO,07/01/2020,09:26:21,189.3,189.2,12900,189.5,21500,0,1711400
TATAMOTORS-II.NFO,07/01/2020,09:26:22,189.3,189.2,12900,189.4,4300,0,1711400
TATAMOTORS-II.NFO,07/01/2020,09:26:29,189.3,189.25,8600,189.45,4300,0,1711400
TATAMOTORS-II.NFO,07/01/2020,09:26:30,189.25,189.25,8600,189.45,4300,4300,1711400
TATAMOTORS-II.NFO,07/01/2020,09:26:31,189.25,189.25,8600,189.45,4300,0,1711400
TATAMOTORS-II.NFO,07/01/2020,09:26:32,189.25,189.3,8600,189.5,8600,0,1711400
TATAMOTORS-II.NFO,07/01/2020,09:26:35,189.25,189.25,8600,189.45,4300,0,1711400
TATAMOTORS-II.NFO,07/01/2020,09:26:39,189.25,189.25,8600,189.5,8600,0,1711400
TATAMOTORS-II.NFO,07/01/2020,09:26:40,189.25,189.25,17200,189.45,4300,0,1711400
TATAMOTORS-II.NFO,07/01/2020,09:26:41,189.25,189.25,8600,189.45,4300,0,1711400
TATAMOTORS-II.NFO,07/01/2020,09:26:46,189.25,189.2,4300,189.35,4300,0,1711400
TATAMOTORS-II.NFO,07/01/2020,09:26:47,189.25,189.2,4300,189.4,4300,0,1711400
TATAMOTORS-II.NFO,07/01/2020,09:26:48,189.25,189.25,8600,189.45,8600,0,1711400
TATAMOTORS-II.NFO,07/01/2020,09:26:50,189.25,189.25,8600,189.5,4300,0,1711400
TATAMOTORS-II.NFO,07/01/2020,09:26:51,189.25,189.25,8600,189.55,8600,0,1711400
TATAMOTORS-II.NFO,07/01/2020,09:26:52,189.25,189.25,8600,189.45,8600,0,1711400
TATAMOTORS-II.NFO,07/01/2020,09:26:54,189.25,189.25,8600,189.5,4300,0,1711400
TATAMOTORS-II.NFO,07/01/2020,09:26:55,189.25,189.25,8600,189.45,8600,0,1711400
TATAMOTORS-II.NFO,07/01/2020,09:26:56,189.25,189.25,8600,189.45,4300,0,1711400
TATAMOTORS-II.NFO,07/01/2020,09:26:57,189.25,189.2,4300,189.4,4300,0,1711400
TATAMOTORS-II.NFO,07/01/2020,09:27:01,189.25,189.25,8600,189.45,4300,0,1711400
TATAMOTORS-II.NFO,07/01/2020,09:27:02,189.25,189.25,17200,189.45,4300,0,1711400
TATAMOTORS-II.NFO,07/01/2020,09:27:04,189.25,189.25,17200,189.5,8600,0,1711400
TATAMOTORS-II.NFO,07/01/2020,09:27:09,189.25,189.2,4300,189.45,4300,0,1711400
TATAMOTORS-II.NFO,07/01/2020,09:27:10,189.25,189.25,8600,189.55,17200,0,1711400
TATAMOTORS-II.NFO,07/01/2020,09:27:11,189.25,189.25,8600,189.55,12900,0,1711400
TATAMOTORS-II.NFO,07/01/2020,09:27:15,189.25,189.25,8600,189.5,8600,0,1711400
TATAMOTORS-II.NFO,07/01/2020,09:27:22,189.25,189.3,8600,189.5,8600,0,1711400
TATAMOTORS-II.NFO,07/01/2020,09:27:35,189.3,189.25,47300,189.45,4300,4300,1711400
TATAMOTORS-II.NFO,07/01/2020,09:27:41,189.3,189.25,47300,189.45,4300,0,1711400
TATAMOTORS-II.NFO,07/01/2020,09:27:46,189.25,189.25,4300,189.35,12900,34400,1711400
TATAMOTORS-II.NFO,07/01/2020,09:27:52,189.25,189.25,4300,189.4,4300,0,1711400
TATAMOTORS-II.NFO,07/01/2020,09:28:09,189.25,189.2,8600,189.35,4300,12900,1711400
TATAMOTORS-II.NFO,07/01/2020,09:28:17,189.25,189.25,8600,189.45,4300,0,1711400
TATAMOTORS-II.NFO,07/01/2020,09:28:23,189.25,189.25,8600,189.45,4300,4300,1711400
TATAMOTORS-II.NFO,07/01/2020,09:28:29,189.25,189.2,8600,189.45,4300,0,1711400
TATAMOTORS-II.NFO,07/01/2020,09:28:35,189.25,189.25,8600,189.55,25800,0,1711400
TATAMOTORS-II.NFO,07/01/2020,09:28:41,189.25,189.2,8600,189.45,4300,4300,1711400
TATAMOTORS-II.NFO,07/01/2020,09:28:46,189.25,189.3,8600,189.5,4300,0,1711400
TATAMOTORS-II.NFO,07/01/2020,09:28:52,189.25,189.3,4300,189.5,4300,0,1711400
TATAMOTORS-II.NFO,07/01/2020,09:28:58,189.25,189.3,4300,189.45,4300,0,1711400
TATAMOTORS-II.NFO,07/01/2020,09:29:04,189.3,189.3,8600,189.5,4300,4300,1711400
TATAMOTORS-II.NFO,07/01/2020,09:29:11,189.3,189.35,4300,189.55,4300,0,1711400
TATAMOTORS-II.NFO,07/01/2020,09:29:17,189.35,189.15,12900,189.4,4300,4300,1745800
TATAMOTORS-II.NFO,07/01/2020,09:29:22,189.35,189.05,8600,189.3,4300,0,1745800
TATAMOTORS-II.NFO,07/01/2020,09:29:29,189,188.8,21500,189.15,4300,4300,1745800
TATAMOTORS-II.NFO,07/01/2020,09:29:35,189,188.85,8600,189.15,4300,0,1745800
TATAMOTORS-II.NFO,07/01/2020,09:29:41,189,188.9,12900,189.15,4300,0,1745800
TATAMOTORS-II.NFO,07/01/2020,09:29:48,188.9,189,4300,189.1,4300,4300,1745800
TATAMOTORS-II.NFO,07/01/2020,09:29:53,188.9,189,4300,189.15,4300,0,1745800
TATAMOTORS-II.NFO,07/01/2020,09:29:58,188.9,189.05,8600,189.2,4300,0,1745800
TATAMOTORS-II.NFO,07/01/2020,09:30:03,188.9,189.1,17200,189.5,12900,0,1745800
TATAMOTORS-II.NFO,07/01/2020,09:30:09,188.9,189.25,8600,189.5,12900,0,1745800
TATAMOTORS-II.NFO,07/01/2020,09:30:15,188.9,189.25,8600,189.55,4300,0,1745800
TATAMOTORS-II.NFO,07/01/2020,09:30:21,188.9,189.25,12900,189.5,12900,0,1745800
TATAMOTORS-II.NFO,07/01/2020,09:30:43,188.9,189.25,8600,189.5,12900,0,1745800
TATAMOTORS-II.NFO,07/01/2020,09:30:48,188.9,189.25,8600,189.45,12900,0,1745800
TATAMOTORS-II.NFO,07/01/2020,09:30:53,188.9,189.3,12900,189.5,4300,0,1745800
TATAMOTORS-II.NFO,07/01/2020,09:30:58,188.9,189.25,17200,189.5,4300,0,1745800
TATAMOTORS-II.NFO,07/01/2020,09:31:03,188.9,189.35,8600,189.6,12900,0,1745800
TATAMOTORS-II.NFO,07/01/2020,09:31:09,188.9,189.35,8600,189.5,4300,0,1745800
TATAMOTORS-II.NFO,07/01/2020,09:31:15,189.5,189.35,12900,189.6,4300,8600,1745800
TATAMOTORS-II.NFO,07/01/2020,09:31:21,189.5,189.3,17200,189.6,8600,0,1745800
TATAMOTORS-II.NFO,07/01/2020,09:31:27,189.6,189.4,12900,189.7,17200,4300,1745800
TATAMOTORS-II.NFO,07/01/2020,09:31:32,189.6,189.3,12900,189.6,21500,0,1745800
TATAMOTORS-II.NFO,07/01/2020,09:31:38,189.6,189.25,12900,189.45,4300,0,1745800
TATAMOTORS-II.NFO,07/01/2020,09:31:44,189.6,189.25,12900,189.5,4300,0,1745800
TATAMOTORS-II.NFO,07/01/2020,09:31:49,189.6,189.35,12900,189.6,8600,0,1745800
TATAMOTORS-II.NFO,07/01/2020,09:32:01,189.6,189.4,12900,189.6,4300,0,1745800
TATAMOTORS-II.NFO,07/01/2020,09:32:07,189.6,189.25,8600,189.5,12900,0,1745800
TATAMOTORS-II.NFO,07/01/2020,09:32:14,189.6,189.3,8600,189.5,4300,0,1745800
TATAMOTORS-II.NFO,07/01/2020,09:32:21,189.6,189.5,4300,189.75,4300,0,1745800
TATAMOTORS-II.NFO,07/01/2020,09:32:28,189.6,189.45,8600,189.7,4300,0,1745800
TATAMOTORS-II.NFO,07/01/2020,09:32:34,189.6,189.35,12900,189.6,8600,0,1745800
TATAMOTORS-II.NFO,07/01/2020,09:32:41,189.6,189.5,8600,189.75,4300,0,1745800
TATAMOTORS-II.NFO,07/01/2020,09:32:47,189.6,189.5,8600,189.75,8600,0,1745800
TATAMOTORS-II.NFO,07/01/2020,09:32:53,189.6,189.6,4300,189.7,4300,0,1745800
TATAMOTORS-II.NFO,07/01/2020,09:32:59,189.5,189.5,8600,189.7,4300,8600,1750100
TATAMOTORS-II.NFO,07/01/2020,09:33:04,189.5,189.4,8600,189.65,4300,0,1750100
TATAMOTORS-II.NFO,07/01/2020,09:33:11,189.5,189.45,8600,189.65,4300,0,1750100
TATAMOTORS-II.NFO,07/01/2020,09:33:17,189.5,189.4,8600,189.65,8600,0,1750100
TATAMOTORS-II.NFO,07/01/2020,09:33:23,189.5,189.35,8600,189.55,8600,0,1750100
TATAMOTORS-II.NFO,07/01/2020,09:33:30,189.5,189.35,8600,189.6,12900,0,1750100
TATAMOTORS-II.NFO,07/01/2020,09:33:35,189.5,189.4,8600,189.6,12900,0,1750100
TATAMOTORS-II.NFO,07/01/2020,09:33:40,189.5,189.35,8600,189.6,12900,0,1750100
TATAMOTORS-II.NFO,07/01/2020,09:33:51,189.5,189.35,8600,189.55,8600,0,1750100
TATAMOTORS-II.NFO,07/01/2020,09:33:57,189.5,189.45,8600,189.7,4300,0,1750100
TATAMOTORS-II.NFO,07/01/2020,09:34:02,189.5,189.4,12900,189.65,4300,0,1750100
TATAMOTORS-II.NFO,07/01/2020,09:34:07,189.5,189.35,8600,189.55,4300,0,1750100
TATAMOTORS-II.NFO,07/01/2020,09:34:13,189.5,189.35,12900,189.55,4300,0,1750100
TATAMOTORS-II.NFO,07/01/2020,09:34:18,189.5,189.4,12900,189.65,12900,0,1750100
TATAMOTORS-II.NFO,07/01/2020,09:34:25,189.5,189.3,8600,189.5,4300,0,1750100
TATAMOTORS-II.NFO,07/01/2020,09:34:31,189.5,189.2,8600,189.5,8600,0,1750100
TATAMOTORS-II.NFO,07/01/2020,09:34:38,189.5,189.2,12900,189.45,4300,0,1750100
TATAMOTORS-II.NFO,07/01/2020,09:34:50,189.5,189.3,12900,189.5,8600,0,1750100
TATAMOTORS-II.NFO,07/01/2020,09:34:55,189.5,189.25,12900,189.45,4300,0,1750100
TATAMOTORS-II.NFO,07/01/2020,09:35:00,189.5,189.3,4300,189.45,4300,0,1750100
TATAMOTORS-II.NFO,07/01/2020,09:35:06,189.25,189.3,8600,189.5,8600,4300,1750100
TATAMOTORS-II.NFO,07/01/2020,09:35:11,189.25,189.2,12900,189.45,4300,0,1750100
TATAMOTORS-II.NFO,07/01/2020,09:35:17,189.25,189.25,4300,189.45,4300,0,1750100
TATAMOTORS-II.NFO,07/01/2020,09:35:22,189.25,189.2,4300,189.45,12900,0,1750100
TATAMOTORS-II.NFO,07/01/2020,09:35:28,189.25,189.2,4300,189.35,4300,0,1750100
TATAMOTORS-II.NFO,07/01/2020,09:35:33,189.25,189.15,4300,189.35,4300,0,1750100
TATAMOTORS-II.NFO,07/01/2020,09:35:40,189.25,189,12900,189.25,4300,0,1750100
TATAMOTORS-II.NFO,07/01/2020,09:35:48,189.25,188.9,8600,189.1,4300,0,1750100
TATAMOTORS-II.NFO,07/01/2020,09:35:56,189.25,189.1,12900,189.35,34400,0,1750100
TATAMOTORS-II.NFO,07/01/2020,09:36:03,189.25,189.15,8600,189.35,4300,0,1750100
TATAMOTORS-II.NFO,07/01/2020,09:36:09,189.25,189.15,8600,189.3,4300,0,1750100
TATAMOTORS-II.NFO,07/01/2020,09:36:16,189.25,189.15,17200,189.35,4300,0,1750100
TATAMOTORS-II.NFO,07/01/2020,09:36:22,189.25,189.15,8600,189.3,4300,0,1750100
TATAMOTORS-II.NFO,07/01/2020,09:36:28,189.25,189.1,12900,189.3,4300,0,1750100
TATAMOTORS-II.NFO,07/01/2020,09:36:33,189.25,189.25,8600,189.45,4300,0,1750100
TATAMOTORS-II.NFO,07/01/2020,09:36:44,189.25,189.15,17200,189.4,4300,0,1750100
TATAMOTORS-II.NFO,07/01/2020,09:36:49,189.25,189.2,12900,189.4,4300,0,1750100
TATAMOTORS-II.NFO,07/01/2020,09:36:55,189.25,189.25,8600,189.45,4300,0,1750100
TATAMOTORS-II.NFO,07/01/2020,09:37:06,189.25,189.15,12900,189.4,4300,0,1750100
TATAMOTORS-II.NFO,07/01/2020,09:37:11,189.25,189.2,8600,189.4,4300,0,1750100
TATAMOTORS-II.NFO,07/01/2020,09:37:17,189.25,189.2,21500,189.45,4300,0,1750100
TATAMOTORS-II.NFO,07/01/2020,09:37:36,189.25,189.2,12900,189.4,4300,0,1750100
TATAMOTORS-II.NFO,07/01/2020,09:37:42,189.25,189.2,17200,189.5,12900,0,1750100
TATAMOTORS-II.NFO,07/01/2020,09:37:47,189.25,189.25,4300,189.5,12900,0,1750100
TATAMOTORS-II.NFO,07/01/2020,09:37:51,189.25,189.25,4300,189.4,4300,0,1750100
TATAMOTORS-II.NFO,07/01/2020,09:37:56,189.25,189.35,8600,189.5,4300,0,1750100
TATAMOTORS-II.NFO,07/01/2020,09:38:07,189.25,189.35,8600,189.6,12900,0,1750100
TATAMOTORS-II.NFO,07/01/2020,09:38:12,189.25,189.35,8600,189.6,17200,0,1750100
TATAMOTORS-II.NFO,07/01/2020,09:38:17,189.25,189.35,8600,189.55,4300,0,1750100
TATAMOTORS-II.NFO,07/01/2020,09:38:22,189.25,189.35,8600,189.5,4300,0,1750100
TATAMOTORS-II.NFO,07/01/2020,09:38:40,189.25,189.4,17200,189.6,4300,0,1750100
TATAMOTORS-II.NFO,07/01/2020,09:38:56,189.25,189.4,8600,189.55,4300,0,1750100
TATAMOTORS-II.NFO,07/01/2020,09:39:06,189.25,189.4,8600,189.6,4300,0,1750100
TATAMOTORS-II.NFO,07/01/2020,09:39:16,189.25,189.45,17200,189.65,4300,0,1750100
TATAMOTORS-II.NFO,07/01/2020,09:39:22,189.25,189.45,8600,189.6,4300,0,1750100
TATAMOTORS-II.NFO,07/01/2020,09:39:48,189.25,189.4,12900,189.6,4300,0,1750100
TATAMOTORS-II.NFO,07/01/2020,09:39:53,189.25,189.45,17200,189.6,4300,0,1750100
TATAMOTORS-II.NFO,07/01/2020,09:39:58,189.25,189.45,8600,189.6,4300,0,1750100
TATAMOTORS-II.NFO,07/01/2020,09:40:03,189.25,189.45,8600,189.6,8600,0,1750100
TATAMOTORS-II.NFO,07/01/2020,09:40:09,189.25,189.5,8600,189.65,4300,0,1750100
TATAMOTORS-II.NFO,07/01/2020,09:40:16,189.5,189.35,17200,189.6,4300,4300,1745800
TATAMOTORS-II.NFO,07/01/2020,09:40:22,189.5,189.25,12900,189.45,8600,0,1745800
TATAMOTORS-II.NFO,07/01/2020,09:40:27,189.5,189.4,8600,189.6,4300,0,1745800
TATAMOTORS-II.NFO,07/01/2020,09:40:33,189.5,189.35,12900,189.55,4300,0,1745800
TATAMOTORS-II.NFO,07/01/2020,09:40:39,189.5,189.25,12900,189.5,4300,0,1745800
TATAMOTORS-II.NFO,07/01/2020,09:40:44,189.5,189.35,12900,189.55,4300,0,1745800
TATAMOTORS-II.NFO,07/01/2020,09:40:50,189.5,189.4,8600,189.6,4300,0,1745800
TATAMOTORS-II.NFO,07/01/2020,09:40:55,189.5,189.4,12900,189.6,4300,0,1745800
TATAMOTORS-II.NFO,07/01/2020,09:41:06,189.5,189.4,8600,189.6,4300,0,1745800
TATAMOTORS-II.NFO,07/01/2020,09:41:27,189.5,189.35,21500,189.6,4300,0,1745800
TATAMOTORS-II.NFO,07/01/2020,09:41:42,189.5,189.4,4300,189.6,4300,0,1745800
TATAMOTORS-II.NFO,07/01/2020,09:41:53,189.5,189.35,21500,189.6,4300,0,1745800
TATAMOTORS-II.NFO,07/01/2020,09:42:00,189.5,189.35,21500,189.55,4300,0,1745800
TATAMOTORS-II.NFO,07/01/2020,09:42:28,189.5,189.4,4300,189.55,4300,0,1745800
TATAMOTORS-II.NFO,07/01/2020,09:42:35,189.5,189.45,8600,189.65,4300,0,1745800
TATAMOTORS-II.NFO,07/01/2020,09:42:42,189.5,189.35,8600,189.6,4300,0,1745800
TATAMOTORS-II.NFO,07/01/2020,09:42:49,189.5,189.3,8600,189.55,4300,0,1745800
TATAMOTORS-II.NFO,07/01/2020,09:43:02,189.5,189.35,4300,189.55,4300,0,1745800
TATAMOTORS-II.NFO,07/01/2020,09:43:08,189.5,189.3,8600,189.55,4300,0,1745800
TATAMOTORS-II.NFO,07/01/2020,09:43:28,189.5,189.3,8600,189.5,4300,0,1745800
TATAMOTORS-II.NFO,07/01/2020,09:43:33,189.5,189.2,4300,189.4,4300,0,1745800
TATAMOTORS-II.NFO,07/01/2020,09:43:38,189.5,189.15,8600,189.35,4300,0,1745800
TATAMOTORS-II.NFO,07/01/2020,09:43:43,189.5,189.2,4300,189.35,4300,0,1745800
TATAMOTORS-II.NFO,07/01/2020,09:43:48,189.5,189.15,12900,189.35,4300,0,1745800
TATAMOTORS-II.NFO,07/01/2020,09:43:53,189.5,189.15,8600,189.35,4300,0,1745800
TATAMOTORS-II.NFO,07/01/2020,09:44:05,189.5,189.2,17200,189.45,4300,0,1745800
TATAMOTORS-II.NFO,07/01/2020,09:44:11,189.5,189.15,12900,189.4,8600,0,1745800
TATAMOTORS-II.NFO,07/01/2020,09:44:17,189.5,189.15,17200,189.4,8600,0,1745800
TATAMOTORS-II.NFO,07/01/2020,09:44:22,189.5,189.2,12900,189.4,4300,0,1745800
TATAMOTORS-II.NFO,07/01/2020,09:44:28,189.5,189.15,12900,189.4,8600,0,1745800
TATAMOTORS-II.NFO,07/01/2020,09:44:33,189.5,189.2,8600,189.4,4300,0,1745800
TATAMOTORS-II.NFO,07/01/2020,09:44:37,189.5,189.15,12900,189.4,4300,0,1745800
TATAMOTORS-II.NFO,07/01/2020,09:44:42,189.5,189.2,8600,189.4,4300,0,1745800
TATAMOTORS-II.NFO,07/01/2020,09:44:47,189.5,189.1,4300,189.35,4300,0,1745800
TATAMOTORS-II.NFO,07/01/2020,09:44:52,189.5,189.1,17200,189.35,4300,0,1745800
TATAMOTORS-II.NFO,07/01/2020,09:44:57,189.5,189.1,17200,189.3,8600,0,1745800
TATAMOTORS-II.NFO,07/01/2020,09:45:02,189.5,189.1,17200,189.25,4300,0,1745800
TATAMOTORS-II.NFO,07/01/2020,09:45:09,189.5,189.25,8600,189.5,4300,0,1745800
TATAMOTORS-II.NFO,07/01/2020,09:45:16,189.5,189.35,4300,189.5,4300,0,1745800
TATAMOTORS-II.NFO,07/01/2020,09:45:23,189.5,189.2,17200,189.45,4300,0,1745800
TATAMOTORS-II.NFO,07/01/2020,09:45:30,189.5,189.25,4300,189.45,4300,0,1745800
TATAMOTORS-II.NFO,07/01/2020,09:45:35,189.5,189.25,4300,189.45,8600,0,1745800
TATAMOTORS-II.NFO,07/01/2020,09:45:40,189.5,189.2,17200,189.45,8600,0,1745800
TATAMOTORS-II.NFO,07/01/2020,09:45:52,189.5,189.3,21500,189.5,4300,0,1745800
TATAMOTORS-II.NFO,07/01/2020,09:45:57,189.5,189.35,8600,189.5,8600,0,1745800
TATAMOTORS-II.NFO,07/01/2020,09:46:02,189.5,189.35,12900,189.5,8600,0,1745800
TATAMOTORS-II.NFO,07/01/2020,09:46:23,189.5,189.4,8600,189.6,4300,4300,1750100
TATAMOTORS-II.NFO,07/01/2020,09:46:29,189.5,189.4,8600,189.6,4300,0,1750100
TATAMOTORS-II.NFO,07/01/2020,09:46:41,189.5,189.4,12900,189.6,4300,0,1750100
TATAMOTORS-II.NFO,07/01/2020,09:46:57,189.5,189.4,4300,189.6,4300,0,1750100
TATAMOTORS-II.NFO,07/01/2020,09:47:07,189.5,189.4,4300,189.6,8600,0,1750100
TATAMOTORS-II.NFO,07/01/2020,09:47:22,189.5,189.4,4300,189.6,4300,0,1750100
TATAMOTORS-II.NFO,07/01/2020,09:47:26,189.5,189.45,8600,189.6,4300,0,1750100
TATAMOTORS-II.NFO,07/01/2020,09:47:31,189.5,189.4,4300,189.6,4300,0,1750100
TATAMOTORS-II.NFO,07/01/2020,09:47:35,189.5,189.45,8600,189.6,4300,0,1750100
TATAMOTORS-II.NFO,07/01/2020,09:47:44,189.5,189.55,8600,189.7,4300,0,1750100
TATAMOTORS-II.NFO,07/01/2020,09:47:49,189.7,189.55,12900,189.75,4300,4300,1750100
TATAMOTORS-II.NFO,07/01/2020,09:47:53,189.7,189.5,12900,189.7,4300,0,1750100
TATAMOTORS-II.NFO,07/01/2020,09:47:58,189.7,189.55,8600,189.7,4300,0,1750100
TATAMOTORS-II.NFO,07/01/2020,09:48:03,189.7,189.5,17200,189.7,4300,0,1750100
TATAMOTORS-II.NFO,07/01/2020,09:48:08,189.7,189.55,12900,189.75,8600,0,1750100
TATAMOTORS-II.NFO,07/01/2020,09:48:12,189.7,189.6,8600,189.75,4300,0,1750100
TATAMOTORS-II.NFO,07/01/2020,09:48:17,189.7,189.6,8600,189.8,12900,0,1750100
TATAMOTORS-II.NFO,07/01/2020,09:48:27,189.7,189.65,8600,189.9,12900,0,1750100
TATAMOTORS-II.NFO,07/01/2020,09:48:33,189.7,189.55,21500,189.75,12900,0,1750100
TATAMOTORS-II.NFO,07/01/2020,09:48:45,189.7,189.55,12900,189.75,8600,0,1750100
TATAMOTORS-II.NFO,07/01/2020,09:48:51,189.75,189.8,4300,190,4300,8600,1750100
TATAMOTORS-II.NFO,07/01/2020,09:48:57,189.75,189.8,4300,189.95,4300,0,1750100
TATAMOTORS-II.NFO,07/01/2020,09:49:04,189.8,189.65,8600,189.85,4300,4300,1750100
TATAMOTORS-II.NFO,07/01/2020,09:49:10,189.8,189.75,4300,189.95,4300,0,1750100
TATAMOTORS-II.NFO,07/01/2020,09:49:16,189.8,189.7,12900,189.95,4300,0,1750100
TATAMOTORS-II.NFO,07/01/2020,09:49:21,189.7,189.5,12900,189.7,4300,12900,1750100
TATAMOTORS-II.NFO,07/01/2020,09:49:26,189.45,189.3,8600,189.5,4300,4300,1750100
TATAMOTORS-II.NFO,07/01/2020,09:49:33,189.4,189.3,4300,189.45,17200,4300,1750100
TATAMOTORS-II.NFO,07/01/2020,09:49:38,189.4,189.3,4300,189.5,8600,0,1750100
TATAMOTORS-II.NFO,07/01/2020,09:49:43,189.4,189.3,8600,189.5,8600,0,1750100
TATAMOTORS-II.NFO,07/01/2020,09:49:54,189.4,189.2,8600,189.4,4300,0,1750100
TATAMOTORS-II.NFO,07/01/2020,09:50:08,189.4,189.2,8600,189.4,8600,0,1750100
TATAMOTORS-II.NFO,07/01/2020,09:50:13,189.4,189.2,4300,189.4,4300,0,1750100
TATAMOTORS-II.NFO,07/01/2020,09:50:19,189.4,189.2,4300,189.4,8600,0,1750100
TATAMOTORS-II.NFO,07/01/2020,09:50:28,189.4,189.15,4300,189.4,8600,0,1750100
TATAMOTORS-II.NFO,07/01/2020,09:50:33,189.4,189.15,4300,189.4,4300,0,1750100
TATAMOTORS-II.NFO,07/01/2020,09:50:37,189.4,189.2,4300,189.4,4300,0,1750100
TATAMOTORS-II.NFO,07/01/2020,09:50:41,189.4,189.2,8600,189.4,4300,0,1750100
TATAMOTORS-II.NFO,07/01/2020,09:50:46,189.4,189.1,4300,189.25,4300,0,1750100
TATAMOTORS-II.NFO,07/01/2020,09:51:00,189.4,189.1,8600,189.35,8600,0,1750100
TATAMOTORS-II.NFO,07/01/2020,09:51:06,189.4,189.1,12900,189.3,4300,0,1750100
TATAMOTORS-II.NFO,07/01/2020,09:51:12,189.4,189.05,4300,189.3,12900,0,1750100
TATAMOTORS-II.NFO,07/01/2020,09:51:16,189.4,189.05,8600,189.2,8600,0,1750100
TATAMOTORS-II.NFO,07/01/2020,09:51:24,189.4,189.05,8600,189.2,4300,0,1750100
TATAMOTORS-II.NFO,07/01/2020,09:51:42,189.4,189.05,4300,189.2,4300,0,1750100
TATAMOTORS-II.NFO,07/01/2020,09:51:46,189.4,189,4300,189.2,4300,0,1750100
TATAMOTORS-II.NFO,07/01/2020,09:51:51,189.4,189,8600,189.2,4300,0,1750100
TATAMOTORS-II.NFO,07/01/2020,09:51:56,189.4,189,8600,189.15,8600,0,1750100
TATAMOTORS-II.NFO,07/01/2020,09:52:01,189.4,189,4300,189.15,8600,0,1750100
TATAMOTORS-II.NFO,07/01/2020,09:52:06,189.05,189,4300,189.05,4300,4300,1754400
TATAMOTORS-II.NFO,07/01/2020,09:52:11,189,188.9,8600,189.05,4300,4300,1754400
TATAMOTORS-II.NFO,07/01/2020,09:52:16,189,188.9,8600,189.05,4300,0,1754400
TATAMOTORS-II.NFO,07/01/2020,09:52:21,189,188.9,4300,189.05,4300,0,1754400
TATAMOTORS-II.NFO,07/01/2020,09:52:26,189,188.85,4300,189,4300,0,1754400
TATAMOTORS-II.NFO,07/01/2020,09:52:32,189,188.9,8600,189,4300,0,1754400
TATAMOTORS-II.NFO,07/01/2020,09:52:46,189,188.95,4300,189.1,4300,4300,1754400
TATAMOTORS-II.NFO,07/01/2020,09:52:50,189,188.95,4300,189.1,4300,0,1754400
TATAMOTORS-II.NFO,07/01/2020,09:52:55,189,189,4300,189.15,4300,0,1754400
TATAMOTORS-II.NFO,07/01/2020,09:52:59,189,188.95,4300,189.15,4300,0,1754400
TATAMOTORS-II.NFO,07/01/2020,09:53:05,189,188.95,4300,189.15,8600,0,1754400
TATAMOTORS-II.NFO,07/01/2020,09:53:12,189,188.95,4300,189.15,4300,0,1754400
TATAMOTORS-II.NFO,07/01/2020,09:53:18,189,188.95,4300,189.15,8600,0,1754400
TATAMOTORS-II.NFO,07/01/2020,09:53:23,189,188.95,8600,189.15,12900,0,1754400
TATAMOTORS-II.NFO,07/01/2020,09:53:28,189,188.95,12900,189.15,4300,0,1754400
TATAMOTORS-II.NFO,07/01/2020,09:53:32,189,188.9,8600,189.1,8600,0,1754400
TATAMOTORS-II.NFO,07/01/2020,09:53:37,189,188.85,8600,189.05,4300,0,1754400
TATAMOTORS-II.NFO,07/01/2020,09:53:42,189,188.9,12900,189.05,4300,0,1754400
TATAMOTORS-II.NFO,07/01/2020,09:53:52,189,188.9,12900,189.1,8600,0,1754400
TATAMOTORS-II.NFO,07/01/2020,09:54:08,189,188.9,12900,189.05,4300,0,1754400
TATAMOTORS-II.NFO,07/01/2020,09:54:24,188.8,188.65,4300,188.85,4300,4300,1754400
TATAMOTORS-II.NFO,07/01/2020,09:54:30,188.8,188.7,4300,188.9,8600,0,1754400
TATAMOTORS-II.NFO,07/01/2020,09:54:34,188.8,188.75,17200,188.9,4300,0,1754400
TATAMOTORS-II.NFO,07/01/2020,09:54:44,188.8,188.75,12900,188.95,4300,0,1754400
TATAMOTORS-II.NFO,07/01/2020,09:54:49,188.8,188.75,12900,188.95,8600,0,1754400
TATAMOTORS-II.NFO,07/01/2020,09:54:53,188.8,188.75,12900,188.9,4300,4300,1754400
TATAMOTORS-II.NFO,07/01/2020,09:54:59,189,188.8,4300,189.05,12900,8600,1754400
TATAMOTORS-II.NFO,07/01/2020,09:55:05,189,188.8,4300,189.05,8600,0,1754400
TATAMOTORS-II.NFO,07/01/2020,09:55:10,189,188.8,4300,189.1,12900,0,1754400
TATAMOTORS-II.NFO,07/01/2020,09:55:16,189,188.8,4300,189.05,12900,0,1754400
TATAMOTORS-II.NFO,07/01/2020,09:55:22,189,188.9,4300,189.1,4300,0,1754400
TATAMOTORS-II.NFO,07/01/2020,09:55:27,189,188.9,8600,189.1,4300,0,1754400
TATAMOTORS-II.NFO,07/01/2020,09:55:38,189,189,4300,189.15,8600,0,1754400
TATAMOTORS-II.NFO,07/01/2020,09:56:05,189,189,4300,189.15,4300,0,1754400
TATAMOTORS-II.NFO,07/01/2020,09:56:31,189,188.95,8600,189.15,4300,0,1754400
TATAMOTORS-II.NFO,07/01/2020,09:56:36,189,189.05,4300,189.15,4300,0,1754400
TATAMOTORS-II.NFO,07/01/2020,09:56:50,189,189,4300,189.15,4300,0,1754400
TATAMOTORS-II.NFO,07/01/2020,09:56:59,189,189,8600,189.15,4300,0,1754400
TATAMOTORS-II.NFO,07/01/2020,09:57:03,189,189,4300,189.15,4300,0,1754400
TATAMOTORS-II.NFO,07/01/2020,09:57:13,189,189,8600,189.15,4300,0,1754400
TATAMOTORS-II.NFO,07/01/2020,09:57:35,189,189.1,4300,189.15,4300,0,1754400
TATAMOTORS-II.NFO,07/01/2020,09:57:48,189,189.05,4300,189.15,4300,0,1754400
TATAMOTORS-II.NFO,07/01/2020,09:58:32,189,189.05,8600,189.15,4300,0,1754400
TATAMOTORS-II.NFO,07/01/2020,09:58:37,189,189.05,4300,189.15,4300,0,1754400
TATAMOTORS-II.NFO,07/01/2020,09:58:51,189,188.95,8600,189.15,4300,0,1754400
TATAMOTORS-II.NFO,07/01/2020,09:59:03,189,188.95,4300,189.1,8600,0,1754400
TATAMOTORS-II.NFO,07/01/2020,09:59:09,189,188.8,17200,189,4300,0,1754400
TATAMOTORS-II.NFO,07/01/2020,09:59:15,189,188.7,17200,188.9,4300,0,1754400
TATAMOTORS-II.NFO,07/01/2020,09:59:27,189,188.65,12900,188.85,4300,0,1754400
TATAMOTORS-II.NFO,07/01/2020,09:59:32,189,188.65,17200,188.85,4300,0,1754400
TATAMOTORS-II.NFO,07/01/2020,09:59:37,189,188.65,12900,188.85,4300,0,1754400
TATAMOTORS-II.NFO,07/01/2020,09:59:42,189,188.75,4300,188.9,4300,0,1754400
TATAMOTORS-II.NFO,07/01/2020,10:00:11,189,188.75,8600,188.9,4300,0,1754400
TATAMOTORS-II.NFO,07/01/2020,10:00:18,189,188.7,12900,188.9,4300,0,1754400
TATAMOTORS-II.NFO,07/01/2020,10:00:24,189,188.7,12900,188.9,8600,0,1754400
TATAMOTORS-II.NFO,07/01/2020,10:00:44,189,188.65,8600,188.85,4300,0,1754400
TATAMOTORS-II.NFO,07/01/2020,10:00:51,188.65,188.6,12900,188.8,4300,4300,1763000
TATAMOTORS-II.NFO,07/01/2020,10:00:51,188.65,188.6,12900,188.8,4300,0,1763000
TATAMOTORS-II.NFO,07/01/2020,10:01:03,188.65,188.65,8600,188.85,8600,0,1763000
TATAMOTORS-II.NFO,07/01/2020,10:01:10,188.65,188.7,4300,188.85,4300,0,1763000
TATAMOTORS-II.NFO,07/01/2020,10:01:16,188.65,188.65,8600,188.85,4300,0,1763000
TATAMOTORS-II.NFO,07/01/2020,10:01:23,188.65,188.65,4300,188.85,4300,4300,1763000
TATAMOTORS-II.NFO,07/01/2020,10:01:30,188.65,188.6,12900,188.8,4300,0,1763000
TATAMOTORS-II.NFO,07/01/2020,10:01:40,188.65,188.6,12900,188.8,8600,0,1763000
TATAMOTORS-II.NFO,07/01/2020,10:01:46,188.65,188.7,4300,188.8,8600,0,1763000
TATAMOTORS-II.NFO,07/01/2020,10:01:52,188.7,188.6,12900,188.8,8600,4300,1763000
TATAMOTORS-II.NFO,07/01/2020,10:01:58,188.7,188.6,12900,188.8,8600,0,1763000
TATAMOTORS-II.NFO,07/01/2020,10:02:03,188.6,188.55,8600,188.7,4300,4300,1763000
TATAMOTORS-II.NFO,07/01/2020,10:02:03,188.6,188.55,8600,188.7,4300,0,1763000
TATAMOTORS-II.NFO,07/01/2020,10:02:09,188.6,188.4,4300,188.55,4300,0,1763000
TATAMOTORS-II.NFO,07/01/2020,10:02:15,188.6,188.4,8600,188.6,4300,0,1763000
TATAMOTORS-II.NFO,07/01/2020,10:02:19,188.6,188.45,4300,188.65,4300,0,1763000
TATAMOTORS-II.NFO,07/01/2020,10:02:24,188.6,188.35,8600,188.6,8600,0,1763000
TATAMOTORS-II.NFO,07/01/2020,10:02:29,188.6,188.35,12900,188.65,12900,0,1763000
TATAMOTORS-II.NFO,07/01/2020,10:02:34,188.6,188.35,12900,188.55,4300,0,1763000
TATAMOTORS-II.NFO,07/01/2020,10:02:39,188.6,188.35,17200,188.55,4300,0,1763000
TATAMOTORS-II.NFO,07/01/2020,10:02:44,188.6,188.4,4300,188.55,4300,0,1763000
TATAMOTORS-II.NFO,07/01/2020,10:02:49,188.6,188.45,4300,188.6,4300,0,1763000
TATAMOTORS-II.NFO,07/01/2020,10:02:54,188.6,188.45,8600,188.65,4300,0,1763000
TATAMOTORS-II.NFO,07/01/2020,10:03:00,188.6,188.55,4300,188.8,25800,0,1763000
TATAMOTORS-II.NFO,07/01/2020,10:03:06,188.6,188.5,8600,188.75,4300,0,1763000
TATAMOTORS-II.NFO,07/01/2020,10:03:12,188.6,188.5,17200,188.8,17200,0,1763000
TATAMOTORS-II.NFO,07/01/2020,10:03:18,188.6,188.45,12900,188.7,4300,0,1763000
TATAMOTORS-II.NFO,07/01/2020,10:03:23,188.6,188.5,4300,188.7,4300,0,1763000
TATAMOTORS-II.NFO,07/01/2020,10:03:29,188.6,188.6,4300,188.7,4300,0,1763000
TATAMOTORS-II.NFO,07/01/2020,10:03:39,188.6,188.6,4300,188.75,8600,0,1763000
TATAMOTORS-II.NFO,07/01/2020,10:03:44,188.6,188.45,12900,188.65,4300,4300,1763000
TATAMOTORS-II.NFO,07/01/2020,10:03:55,188.6,188.4,12900,188.65,4300,0,1763000
TATAMOTORS-II.NFO,07/01/2020,10:04:07,188.6,188.4,12900,188.65,8600,0,1763000
TATAMOTORS-II.NFO,07/01/2020,10:04:12,188.6,188.35,12900,188.6,4300,0,1763000
TATAMOTORS-II.NFO,07/01/2020,10:04:17,188.4,188.4,4300,188.6,8600,4300,1763000
TATAMOTORS-II.NFO,07/01/2020,10:04:17,188.4,188.4,4300,188.6,8600,0,1763000
TATAMOTORS-II.NFO,07/01/2020,10:04:22,188.4,188.35,4300,188.6,4300,4300,1763000
TATAMOTORS-II.NFO,07/01/2020,10:04:27,188.4,188.3,12900,188.55,4300,0,1763000
TATAMOTORS-II.NFO,07/01/2020,10:04:32,188.4,188.4,4300,188.6,4300,0,1763000
TATAMOTORS-II.NFO,07/01/2020,10:04:43,188.4,188.5,8600,188.7,4300,0,1763000
TATAMOTORS-II.NFO,07/01/2020,10:04:48,188.4,188.45,4300,188.65,4300,0,1763000
TATAMOTORS-II.NFO,07/01/2020,10:04:53,188.4,188.4,4300,188.65,4300,0,1763000
TATAMOTORS-II.NFO,07/01/2020,10:04:58,188.4,188.45,8600,188.6,4300,0,1763000
TATAMOTORS-II.NFO,07/01/2020,10:05:04,188.4,188.25,4300,188.5,4300,0,1763000
TATAMOTORS-II.NFO,07/01/2020,10:05:09,188.4,188.2,17200,188.4,4300,0,1763000
TATAMOTORS-II.NFO,07/01/2020,10:05:23,188.4,188.2,21500,188.4,4300,0,1763000
TATAMOTORS-II.NFO,07/01/2020,10:05:28,188.4,188.15,17200,188.4,4300,0,1763000
TATAMOTORS-II.NFO,07/01/2020,10:05:35,188.4,188.15,8600,188.35,4300,0,1763000
TATAMOTORS-II.NFO,07/01/2020,10:05:42,188.4,188.15,4300,188.35,4300,0,1763000
TATAMOTORS-II.NFO,07/01/2020,10:05:47,188.4,188.15,8600,188.35,4300,0,1763000
TATAMOTORS-II.NFO,07/01/2020,10:05:54,188.4,188.15,12900,188.35,4300,0,1763000
TATAMOTORS-II.NFO,07/01/2020,10:05:59,188.4,188.2,4300,188.4,4300,0,1763000
TATAMOTORS-II.NFO,07/01/2020,10:06:05,188.4,188.2,12900,188.4,4300,0,1763000
TATAMOTORS-II.NFO,07/01/2020,10:06:11,188.4,188.3,12900,188.45,4300,0,1763000
TATAMOTORS-II.NFO,07/01/2020,10:06:17,188.4,188.35,12900,188.55,4300,0,1763000
TATAMOTORS-II.NFO,07/01/2020,10:06:29,188.4,188.45,8600,188.6,4300,0,1763000
TATAMOTORS-II.NFO,07/01/2020,10:06:34,188.4,188.5,4300,188.7,8600,0,1763000
TATAMOTORS-II.NFO,07/01/2020,10:06:39,188.4,188.45,12900,188.7,8600,0,1763000
TATAMOTORS-II.NFO,07/01/2020,10:06:44,188.4,188.45,12900,188.65,4300,0,1763000
TATAMOTORS-II.NFO,07/01/2020,10:06:49,188.45,188.4,4300,188.65,17200,4300,1763000
TATAMOTORS-II.NFO,07/01/2020,10:06:55,188.45,188.35,12900,188.65,17200,0,1763000
TATAMOTORS-II.NFO,07/01/2020,10:06:59,188.45,188.4,8600,188.65,17200,0,1763000
TATAMOTORS-II.NFO,07/01/2020,10:07:04,188.45,188.3,8600,188.55,12900,0,1763000
TATAMOTORS-II.NFO,07/01/2020,10:07:09,188.45,188.3,12900,188.5,4300,0,1763000
TATAMOTORS-II.NFO,07/01/2020,10:07:15,188.45,188.25,4300,188.45,4300,0,1763000
TATAMOTORS-II.NFO,07/01/2020,10:07:20,188.45,188.25,8600,188.4,4300,0,1763000
TATAMOTORS-II.NFO,07/01/2020,10:07:26,188.45,188.2,12900,188.4,4300,0,1763000
TATAMOTORS-II.NFO,07/01/2020,10:07:33,188.45,188.2,4300,188.4,4300,0,1763000
TATAMOTORS-II.NFO,07/01/2020,10:07:39,188.45,188.15,17200,188.35,8600,0,1763000
TATAMOTORS-II.NFO,07/01/2020,10:07:45,188.45,188.2,8600,188.4,4300,0,1763000
TATAMOTORS-II.NFO,07/01/2020,10:07:51,188.45,188.15,8600,188.4,4300,0,1763000
TATAMOTORS-II.NFO,07/01/2020,10:07:57,188.45,188.2,4300,188.4,17200,0,1763000
TATAMOTORS-II.NFO,07/01/2020,10:08:02,188.45,188.15,8600,188.4,8600,0,1763000
TATAMOTORS-II.NFO,07/01/2020,10:08:07,188.45,188.15,12900,188.35,4300,0,1763000
TATAMOTORS-II.NFO,07/01/2020,10:08:11,188.45,188.1,12900,188.35,4300,0,1763000
TATAMOTORS-II.NFO,07/01/2020,10:08:17,188.45,188.1,12900,188.3,4300,0,1763000
TATAMOTORS-II.NFO,07/01/2020,10:08:22,188.45,188.1,12900,188.3,8600,0,1763000
TATAMOTORS-II.NFO,07/01/2020,10:08:28,188.45,188.2,8600,188.4,12900,0,1763000
TATAMOTORS-II.NFO,07/01/2020,10:08:35,188.45,188.25,4300,188.45,8600,0,1763000
TATAMOTORS-II.NFO,07/01/2020,10:08:42,188.45,188.3,4300,188.45,4300,0,1763000
TATAMOTORS-II.NFO,07/01/2020,10:08:48,188.45,188.3,8600,188.45,4300,0,1763000
TATAMOTORS-II.NFO,07/01/2020,10:08:54,188.45,188.4,8600,188.6,4300,4300,1763000
TATAMOTORS-II.NFO,07/01/2020,10:08:59,188.45,188.45,12900,188.65,4300,0,1763000
TATAMOTORS-II.NFO,07/01/2020,10:09:05,188.45,188.45,8600,188.65,4300,0,1763000
TATAMOTORS-II.NFO,07/01/2020,10:09:15,188.45,188.4,4300,188.6,4300,0,1763000
TATAMOTORS-II.NFO,07/01/2020,10:09:21,188.45,188.35,4300,188.5,4300,0,1763000
TATAMOTORS-II.NFO,07/01/2020,10:09:26,188.45,188.3,12900,188.5,4300,0,1763000
TATAMOTORS-II.NFO,07/01/2020,10:09:31,188.45,188.2,8600,188.4,12900,0,1763000
TATAMOTORS-II.NFO,07/01/2020,10:09:36,188.45,188.15,8600,188.35,4300,0,1763000
TATAMOTORS-II.NFO,07/01/2020,10:09:46,188.45,188.2,8600,188.4,8600,0,1763000
TATAMOTORS-II.NFO,07/01/2020,10:09:51,188.45,188.2,12900,188.4,8600,0,1763000
TATAMOTORS-II.NFO,07/01/2020,10:09:56,188.45,188.25,8600,188.4,4300,0,1763000
TATAMOTORS-II.NFO,07/01/2020,10:10:03,188.45,188.3,8600,188.45,4300,0,1763000
TATAMOTORS-II.NFO,07/01/2020,10:10:10,188.45,188.3,8600,188.5,4300,0,1763000
TATAMOTORS-II.NFO,07/01/2020,10:10:16,188.45,188.25,12900,188.45,8600,0,1763000
TATAMOTORS-II.NFO,07/01/2020,10:10:22,188.45,188.2,17200,188.4,8600,0,1763000
TATAMOTORS-II.NFO,07/01/2020,10:10:27,188.45,188.25,12900,188.45,4300,0,1763000
TATAMOTORS-II.NFO,07/01/2020,10:10:32,188.45,188.3,12900,188.5,12900,0,1763000
TATAMOTORS-II.NFO,07/01/2020,10:10:36,188.45,188.25,12900,188.4,4300,0,1763000
TATAMOTORS-II.NFO,07/01/2020,10:10:41,188.45,188.2,8600,188.4,4300,0,1763000
TATAMOTORS-II.NFO,07/01/2020,10:10:46,188.45,188.25,8600,188.4,4300,0,1763000
TATAMOTORS-II.NFO,07/01/2020,10:10:51,188.45,188.2,8600,188.4,4300,0,1763000
TATAMOTORS-II.NFO,07/01/2020,10:11:00,188.45,188.25,8600,188.4,4300,0,1763000
TATAMOTORS-II.NFO,07/01/2020,10:11:10,188.45,188.2,8600,188.4,4300,0,1763000
TATAMOTORS-II.NFO,07/01/2020,10:11:21,188.45,188.2,12900,188.4,8600,0,1763000
TATAMOTORS-II.NFO,07/01/2020,10:11:36,188.45,188.25,4300,188.45,8600,0,1763000
TATAMOTORS-II.NFO,07/01/2020,10:11:43,188.45,188.2,8600,188.45,8600,0,1763000
TATAMOTORS-II.NFO,07/01/2020,10:11:49,188.45,188.2,8600,188.4,4300,0,1763000
TATAMOTORS-II.NFO,07/01/2020,10:11:54,188.45,188.25,8600,188.4,4300,0,1763000
TATAMOTORS-II.NFO,07/01/2020,10:12:01,188.45,188.25,4300,188.5,8600,0,1763000
TATAMOTORS-II.NFO,07/01/2020,10:12:07,188.45,188.35,8600,188.55,4300,0,1763000
TATAMOTORS-II.NFO,07/01/2020,10:12:18,188.45,188.3,8600,188.55,4300,0,1763000
TATAMOTORS-II.NFO,07/01/2020,10:12:23,188.45,188.35,4300,188.6,12900,0,1763000
TATAMOTORS-II.NFO,07/01/2020,10:12:28,188.45,188.35,4300,188.6,17200,0,1763000
TATAMOTORS-II.NFO,07/01/2020,10:12:34,188.45,188.35,4300,188.6,12900,0,1763000
TATAMOTORS-II.NFO,07/01/2020,10:12:39,188.45,188.3,8600,188.6,17200,0,1763000
TATAMOTORS-II.NFO,07/01/2020,10:12:50,188.45,188.35,4300,188.6,12900,0,1763000
TATAMOTORS-II.NFO,07/01/2020,10:12:55,188.45,188.4,8600,188.55,4300,0,1763000
TATAMOTORS-II.NFO,07/01/2020,10:13:01,188.45,188.4,12900,188.55,4300,0,1763000
TATAMOTORS-II.NFO,07/01/2020,10:13:07,188.45,188.4,8600,188.6,4300,0,1763000
TATAMOTORS-II.NFO,07/01/2020,10:13:25,188.45,188.45,8600,188.6,4300,0,1763000
TATAMOTORS-II.NFO,07/01/2020,10:13:32,188.45,188.5,8600,188.7,4300,0,1763000
TATAMOTORS-II.NFO,07/01/2020,10:13:42,188.45,188.65,8600,188.9,12900,0,1763000
TATAMOTORS-II.NFO,07/01/2020,10:13:48,188.45,188.65,8600,188.9,17200,0,1763000
TATAMOTORS-II.NFO,07/01/2020,10:13:54,188.45,188.6,4300,188.85,4300,0,1763000
TATAMOTORS-II.NFO,07/01/2020,10:14:00,188.45,188.6,12900,188.75,4300,0,1763000
TATAMOTORS-II.NFO,07/01/2020,10:14:05,188.45,188.65,4300,188.85,8600,0,1763000
TATAMOTORS-II.NFO,07/01/2020,10:14:10,188.45,188.65,4300,188.85,4300,0,1763000
TATAMOTORS-II.NFO,07/01/2020,10:14:21,188.45,188.7,4300,188.85,4300,0,1763000
TATAMOTORS-II.NFO,07/01/2020,10:14:27,188.45,188.6,8600,188.8,4300,0,1763000
TATAMOTORS-II.NFO,07/01/2020,10:14:39,188.45,188.6,4300,188.8,4300,0,1763000
TATAMOTORS-II.NFO,07/01/2020,10:14:50,188.45,188.65,8600,188.85,8600,0,1763000
TATAMOTORS-II.NFO,07/01/2020,10:14:55,188.45,188.85,8600,189.1,12900,0,1763000
TATAMOTORS-II.NFO,07/01/2020,10:15:01,188.45,188.7,4300,188.95,17200,0,1763000
TATAMOTORS-II.NFO,07/01/2020,10:15:08,188.45,188.7,12900,188.95,17200,0,1763000
TATAMOTORS-II.NFO,07/01/2020,10:15:13,188.45,188.7,12900,188.85,4300,0,1763000
TATAMOTORS-II.NFO,07/01/2020,10:15:18,188.45,188.7,12900,188.95,12900,0,1763000
TATAMOTORS-II.NFO,07/01/2020,10:15:23,188.45,188.75,8600,188.95,12900,0,1763000
TATAMOTORS-II.NFO,07/01/2020,10:15:28,188.45,188.75,4300,188.95,4300,0,1763000
TATAMOTORS-II.NFO,07/01/2020,10:15:33,188.45,188.65,12900,188.85,8600,0,1763000
TATAMOTORS-II.NFO,07/01/2020,10:15:39,188.45,188.7,8600,188.95,21500,0,1763000
TATAMOTORS-II.NFO,07/01/2020,10:15:44,188.45,188.6,4300,188.85,8600,0,1763000
TATAMOTORS-II.NFO,07/01/2020,10:15:50,188.45,188.5,12900,188.7,4300,0,1763000
TATAMOTORS-II.NFO,07/01/2020,10:16:01,188.45,188.55,4300,188.7,4300,0,1763000
TATAMOTORS-II.NFO,07/01/2020,10:16:06,188.45,188.5,12900,188.7,4300,0,1763000
TATAMOTORS-II.NFO,07/01/2020,10:16:19,188.45,188.55,8600,188.75,12900,0,1763000
TATAMOTORS-II.NFO,07/01/2020,10:16:23,188.45,188.65,4300,188.85,17200,0,1763000
TATAMOTORS-II.NFO,07/01/2020,10:16:28,188.45,188.6,4300,188.85,21500,0,1763000
TATAMOTORS-II.NFO,07/01/2020,10:16:38,188.45,188.6,8600,188.85,21500,0,1763000
TATAMOTORS-II.NFO,07/01/2020,10:16:43,188.45,188.55,8600,188.75,4300,0,1763000
TATAMOTORS-II.NFO,07/01/2020,10:16:48,188.45,188.6,8600,188.8,4300,0,1763000
TATAMOTORS-II.NFO,07/01/2020,10:16:53,188.45,188.7,8600,188.9,4300,0,1763000
TATAMOTORS-II.NFO,07/01/2020,10:16:58,188.45,188.75,8600,188.9,4300,0,1763000
TATAMOTORS-II.NFO,07/01/2020,10:17:04,188.45,188.75,8600,188.95,12900,0,1763000
TATAMOTORS-II.NFO,07/01/2020,10:17:10,188.45,188.8,12900,189,4300,0,1763000
TATAMOTORS-II.NFO,07/01/2020,10:17:21,188.45,188.7,4300,188.95,12900,0,1763000
TATAMOTORS-II.NFO,07/01/2020,10:17:25,188.45,188.8,12900,189,4300,0,1763000
TATAMOTORS-II.NFO,07/01/2020,10:17:30,188.45,188.65,8600,188.95,17200,0,1763000
TATAMOTORS-II.NFO,07/01/2020,10:17:36,188.45,188.65,8600,188.9,12900,0,1763000
TATAMOTORS-II.NFO,07/01/2020,10:17:45,188.45,188.7,4300,188.9,12900,0,1763000
TATAMOTORS-II.NFO,07/01/2020,10:17:49,188.45,188.65,12900,188.9,12900,0,1763000
TATAMOTORS-II.NFO,07/01/2020,10:17:53,188.45,188.65,4300,188.9,12900,0,1763000
TATAMOTORS-II.NFO,07/01/2020,10:17:57,188.45,188.7,4300,188.9,12900,0,1763000
TATAMOTORS-II.NFO,07/01/2020,10:18:13,188.45,188.7,4300,188.9,4300,0,1763000
TATAMOTORS-II.NFO,07/01/2020,10:18:21,188.45,188.75,4300,189,4300,0,1763000
TATAMOTORS-II.NFO,07/01/2020,10:18:24,188.45,188.75,8600,188.95,4300,0,1763000
TATAMOTORS-II.NFO,07/01/2020,10:18:27,188.45,188.75,12900,188.95,4300,0,1763000
TATAMOTORS-II.NFO,07/01/2020,10:18:31,188.45,188.75,4300,188.95,17200,0,1763000
TATAMOTORS-II.NFO,07/01/2020,10:18:37,188.45,188.7,8600,188.95,17200,0,1763000
TATAMOTORS-II.NFO,07/01/2020,10:19:01,188.45,188.75,8600,188.95,12900,0,1763000
TATAMOTORS-II.NFO,07/01/2020,10:19:05,188.45,188.7,8600,188.95,12900,0,1763000
TATAMOTORS-II.NFO,07/01/2020,10:19:13,188.45,188.9,12900,189.1,4300,0,1763000
TATAMOTORS-II.NFO,07/01/2020,10:19:23,188.45,189.05,4300,189.15,4300,0,1763000
TATAMOTORS-II.NFO,07/01/2020,10:19:28,189.15,189.05,17200,189.25,4300,4300,1763000
TATAMOTORS-II.NFO,07/01/2020,10:19:32,189.15,189.15,8600,189.4,21500,0,1763000
TATAMOTORS-II.NFO,07/01/2020,10:19:36,189.15,189.15,8600,189.35,4300,0,1763000
TATAMOTORS-II.NFO,07/01/2020,10:19:40,189.15,189.1,8600,189.3,4300,0,1763000
TATAMOTORS-II.NFO,07/01/2020,10:19:50,189.15,189.3,12900,189.5,4300,0,1763000
TATAMOTORS-II.NFO,07/01/2020,10:19:56,189.15,189.25,8600,189.5,4300,0,1763000
TATAMOTORS-II.NFO,07/01/2020,10:20:02,189.15,189.25,4300,189.45,4300,0,1763000
TATAMOTORS-II.NFO,07/01/2020,10:20:06,189.15,189.25,8600,189.5,4300,0,1763000
TATAMOTORS-II.NFO,07/01/2020,10:20:11,189.15,189.2,8600,189.4,4300,0,1763000
TATAMOTORS-II.NFO,07/01/2020,10:20:12,189.15,189.2,12900,189.4,4300,0,1763000
TATAMOTORS-II.NFO,07/01/2020,10:20:15,189.15,189.2,8600,189.4,4300,0,1763000
TATAMOTORS-II.NFO,07/01/2020,10:20:17,189.15,189.2,12900,189.4,8600,0,1763000
TATAMOTORS-II.NFO,07/01/2020,10:20:19,189.15,189.1,4300,189.35,8600,0,1763000
TATAMOTORS-II.NFO,07/01/2020,10:20:20,189.15,189.15,4300,189.35,8600,0,1763000
TATAMOTORS-II.NFO,07/01/2020,10:20:21,189.15,189.15,8600,189.35,8600,0,1763000
TATAMOTORS-II.NFO,07/01/2020,10:20:25,189.15,189.1,17200,189.3,8600,0,1763000
TATAMOTORS-II.NFO,07/01/2020,10:20:27,189.15,189.1,12900,189.3,8600,0,1763000
TATAMOTORS-II.NFO,07/01/2020,10:20:28,189.15,189.1,8600,189.3,4300,0,1763000
TATAMOTORS-II.NFO,07/01/2020,10:20:29,189.15,189.1,12900,189.3,4300,0,1763000
TATAMOTORS-II.NFO,07/01/2020,10:20:34,189.15,189.2,8600,189.4,4300,0,1763000
TATAMOTORS-II.NFO,07/01/2020,10:20:35,189.15,189.15,12900,189.35,4300,0,1763000
TATAMOTORS-II.NFO,07/01/2020,10:20:36,189.15,189.2,8600,189.4,8600,0,1763000
TATAMOTORS-II.NFO,07/01/2020,10:20:37,189.15,189.15,4300,189.4,8600,0,1763000
TATAMOTORS-II.NFO,07/01/2020,10:20:38,189.15,189.2,17200,189.4,4300,0,1763000
TATAMOTORS-II.NFO,07/01/2020,10:20:41,189.15,189.2,12900,189.4,4300,0,1763000
TATAMOTORS-II.NFO,07/01/2020,10:20:42,189.15,189.25,4300,189.45,4300,0,1763000
TATAMOTORS-II.NFO,07/01/2020,10:20:44,189.15,189.3,4300,189.5,4300,0,1763000
TATAMOTORS-II.NFO,07/01/2020,10:20:46,189.15,189.3,8600,189.5,4300,0,1763000
TATAMOTORS-II.NFO,07/01/2020,10:20:48,189.15,189.3,12900,189.5,4300,0,1763000
TATAMOTORS-II.NFO,07/01/2020,10:20:49,189.15,189.35,4300,189.5,4300,0,1763000
TATAMOTORS-II.NFO,07/01/2020,10:20:50,189.15,189.4,8600,189.6,12900,0,1763000
TATAMOTORS-II.NFO,07/01/2020,10:20:51,189.15,189.4,17200,189.6,12900,0,1763000
TATAMOTORS-II.NFO,07/01/2020,10:20:52,189.15,189.5,8600,189.65,4300,0,1763000
TATAMOTORS-II.NFO,07/01/2020,10:20:53,189.15,189.45,12900,189.65,4300,0,1763000
TATAMOTORS-II.NFO,07/01/2020,10:20:54,189.15,189.5,8600,189.7,12900,0,1763000
TATAMOTORS-II.NFO,07/01/2020,10:20:55,189.15,189.55,12900,189.75,8600,0,1763000
TATAMOTORS-II.NFO,07/01/2020,10:20:56,189.15,189.55,8600,189.75,4300,0,1763000
TATAMOTORS-II.NFO,07/01/2020,10:20:57,189.15,189.5,8600,189.75,12900,0,1763000
TATAMOTORS-II.NFO,07/01/2020,10:20:59,189.15,189.55,12900,189.75,12900,0,1763000
TATAMOTORS-II.NFO,07/01/2020,10:21:00,189.15,189.5,8600,189.75,17200,0,1763000
TATAMOTORS-II.NFO,07/01/2020,10:21:01,189.15,189.55,8600,189.75,12900,0,1763000
TATAMOTORS-II.NFO,07/01/2020,10:21:05,189.15,189.55,12900,189.75,12900,0,1763000
TATAMOTORS-II.NFO,07/01/2020,10:21:06,189.15,189.5,4300,189.75,12900,0,1763000
TATAMOTORS-II.NFO,07/01/2020,10:21:07,189.15,189.5,8600,189.75,12900,0,1763000
TATAMOTORS-II.NFO,07/01/2020,10:21:09,189.15,189.5,4300,189.75,12900,0,1763000
TATAMOTORS-II.NFO,07/01/2020,10:21:11,189.15,189.5,8600,189.75,12900,0,1763000
TATAMOTORS-II.NFO,07/01/2020,10:21:14,189.15,189.5,8600,189.75,17200,0,1763000
TATAMOTORS-II.NFO,07/01/2020,10:21:18,189.15,189.55,4300,189.75,12900,0,1763000
TATAMOTORS-II.NFO,07/01/2020,10:21:19,189.15,189.55,8600,189.75,12900,0,1763000
TATAMOTORS-II.NFO,07/01/2020,10:21:20,189.15,189.6,8600,189.8,12900,0,1763000
TATAMOTORS-II.NFO,07/01/2020,10:21:21,189.15,189.65,4300,189.85,4300,0,1763000
TATAMOTORS-II.NFO,07/01/2020,10:21:22,189.15,189.6,8600,189.85,12900,0,1763000
TATAMOTORS-II.NFO,07/01/2020,10:21:26,189.15,189.55,4300,189.85,17200,0,1763000
TATAMOTORS-II.NFO,07/01/2020,10:21:27,189.15,189.55,8600,189.75,4300,0,1763000
TATAMOTORS-II.NFO,07/01/2020,10:21:28,189.15,189.55,4300,189.8,12900,0,1763000
TATAMOTORS-II.NFO,07/01/2020,10:21:29,189.15,189.55,4300,189.8,17200,0,1763000
TATAMOTORS-II.NFO,07/01/2020,10:21:30,189.15,189.55,4300,189.8,12900,0,1763000
TATAMOTORS-II.NFO,07/01/2020,10:21:32,189.15,189.55,8600,189.7,4300,0,1763000
TATAMOTORS-II.NFO,07/01/2020,10:21:33,189.15,189.6,8600,189.8,12900,0,1763000
TATAMOTORS-II.NFO,07/01/2020,10:21:35,189.15,189.6,12900,189.8,12900,0,1763000
TATAMOTORS-II.NFO,07/01/2020,10:21:36,189.15,189.6,8600,189.85,4300,0,1763000
TATAMOTORS-II.NFO,07/01/2020,10:21:39,189.15,189.6,12900,189.8,12900,0,1763000
TATAMOTORS-II.NFO,07/01/2020,10:21:43,189.15,189.6,8600,189.8,12900,0,1763000
TATAMOTORS-II.NFO,07/01/2020,10:21:47,189.15,189.5,17200,189.7,4300,0,1763000
TATAMOTORS-II.NFO,07/01/2020,10:21:51,189.15,189.5,17200,189.7,12900,0,1763000
TATAMOTORS-II.NFO,07/01/2020,10:21:53,189.15,189.55,8600,189.75,4300,0,1763000
TATAMOTORS-II.NFO,07/01/2020,10:21:54,189.15,189.5,8600,189.75,4300,0,1763000
TATAMOTORS-II.NFO,07/01/2020,10:21:55,189.15,189.5,12900,189.75,12900,0,1763000
TATAMOTORS-II.NFO,07/01/2020,10:21:56,189.15,189.5,8600,189.75,12900,0,1763000
TATAMOTORS-II.NFO,07/01/2020,10:21:59,189.15,189.5,4300,189.75,12900,0,1763000
TATAMOTORS-II.NFO,07/01/2020,10:22:02,189.15,189.45,8600,189.75,12900,0,1763000
TATAMOTORS-II.NFO,07/01/2020,10:22:03,189.15,189.45,12900,189.75,17200,0,1763000
TATAMOTORS-II.NFO,07/01/2020,10:22:05,189.15,189.5,4300,189.75,17200,0,1763000
TATAMOTORS-II.NFO,07/01/2020,10:22:06,189.15,189.45,8600,189.75,17200,0,1763000
TATAMOTORS-II.NFO,07/01/2020,10:22:07,189.15,189.5,8600,189.75,17200,0,1763000
TATAMOTORS-II.NFO,07/01/2020,10:22:08,189.15,189.45,12900,189.75,17200,0,1763000
TATAMOTORS-II.NFO,07/01/2020,10:22:15,189.15,189.4,17200,189.6,4300,0,1763000
TATAMOTORS-II.NFO,07/01/2020,10:22:24,189.15,189.4,12900,189.6,4300,0,1763000
TATAMOTORS-II.NFO,07/01/2020,10:22:28,189.15,189.35,4300,189.55,4300,0,1763000
TATAMOTORS-II.NFO,07/01/2020,10:22:32,189.15,189.3,8600,189.55,4300,0,1763000
TATAMOTORS-II.NFO,07/01/2020,10:22:36,189.15,189.3,12900,189.5,8600,0,1763000
TATAMOTORS-II.NFO,07/01/2020,10:22:41,189.15,189.2,8600,189.45,8600,0,1763000
TATAMOTORS-II.NFO,07/01/2020,10:22:48,189.15,189.1,8600,189.3,17200,0,1763000
TATAMOTORS-II.NFO,07/01/2020,10:22:55,189.15,189,8600,189.2,4300,0,1763000
TATAMOTORS-II.NFO,07/01/2020,10:23:00,189.15,189.05,12900,189.3,8600,0,1763000
TATAMOTORS-II.NFO,07/01/2020,10:23:05,189.15,189.25,8600,189.4,4300,0,1763000
TATAMOTORS-II.NFO,07/01/2020,10:23:15,189.15,189.2,12900,189.45,4300,0,1763000
TATAMOTORS-II.NFO,07/01/2020,10:23:24,189.15,189.2,8600,189.45,4300,0,1763000
TATAMOTORS-II.NFO,07/01/2020,10:23:29,189.15,189.15,12900,189.35,4300,0,1763000
TATAMOTORS-II.NFO,07/01/2020,10:23:35,189.15,189.2,12900,189.4,4300,0,1763000
TATAMOTORS-II.NFO,07/01/2020,10:24:00,189.15,189.2,8600,189.4,4300,0,1763000
TATAMOTORS-II.NFO,07/01/2020,10:24:05,189.15,189.25,4300,189.4,4300,0,1763000
TATAMOTORS-II.NFO,07/01/2020,10:24:14,189.15,189.15,8600,189.35,12900,0,1763000
TATAMOTORS-II.NFO,07/01/2020,10:24:19,189.15,189.15,4300,189.4,17200,0,1763000
TATAMOTORS-II.NFO,07/01/2020,10:24:23,189.15,189.15,8600,189.35,4300,0,1763000
TATAMOTORS-II.NFO,07/01/2020,10:24:27,189.15,189.1,4300,189.3,4300,0,1763000
TATAMOTORS-II.NFO,07/01/2020,10:24:31,189.15,189.15,12900,189.3,4300,0,1763000
TATAMOTORS-II.NFO,07/01/2020,10:24:34,189.15,189.1,4300,189.3,4300,0,1763000
TATAMOTORS-II.NFO,07/01/2020,10:24:37,189.15,189.05,12900,189.25,4300,0,1763000
TATAMOTORS-II.NFO,07/01/2020,10:24:42,189.15,189.05,17200,189.25,4300,0,1763000
TATAMOTORS-II.NFO,07/01/2020,10:24:50,189.15,189.05,12900,189.3,12900,0,1763000
TATAMOTORS-II.NFO,07/01/2020,10:24:54,189.15,189.05,12900,189.2,4300,0,1763000
TATAMOTORS-II.NFO,07/01/2020,10:24:58,189.15,189.05,12900,189.25,4300,0,1763000
TATAMOTORS-II.NFO,07/01/2020,10:25:03,189.15,189,8600,189.25,17200,0,1763000
TATAMOTORS-II.NFO,07/01/2020,10:25:07,189.15,189,12900,189.25,17200,0,1763000
TATAMOTORS-II.NFO,07/01/2020,10:25:11,189.15,189,4300,189.25,17200,0,1763000
TATAMOTORS-II.NFO,07/01/2020,10:25:22,189.15,189,4300,189.15,4300,0,1763000
TATAMOTORS-II.NFO,07/01/2020,10:25:26,189.15,188.9,12900,189.15,8600,0,1763000
TATAMOTORS-II.NFO,07/01/2020,10:25:31,189.15,188.9,12900,189.15,4300,0,1763000
TATAMOTORS-II.NFO,07/01/2020,10:25:39,189.15,189,12900,189.15,4300,0,1763000
TATAMOTORS-II.NFO,07/01/2020,10:25:43,189.15,188.95,12900,189.15,4300,0,1763000
TATAMOTORS-II.NFO,07/01/2020,10:25:54,189.15,188.95,8600,189.15,4300,0,1763000
TATAMOTORS-II.NFO,07/01/2020,10:25:59,189.15,188.95,12900,189.15,4300,0,1763000
TATAMOTORS-II.NFO,07/01/2020,10:26:04,189.15,188.95,8600,189.15,4300,0,1763000
TATAMOTORS-II.NFO,07/01/2020,10:26:08,189.15,189,12900,189.15,4300,0,1763000
TATAMOTORS-II.NFO,07/01/2020,10:26:18,189.15,189,17200,189.15,4300,0,1763000
TATAMOTORS-II.NFO,07/01/2020,10:26:22,189.15,189,12900,189.15,4300,0,1763000
TATAMOTORS-II.NFO,07/01/2020,10:26:26,189.15,188.95,12900,189.15,4300,0,1763000
TATAMOTORS-II.NFO,07/01/2020,10:26:32,189.15,188.9,12900,189.15,4300,0,1763000
TATAMOTORS-II.NFO,07/01/2020,10:26:41,189.15,188.9,8600,189.15,4300,0,1763000
TATAMOTORS-II.NFO,07/01/2020,10:26:49,189.15,188.85,8600,189.1,12900,0,1763000
TATAMOTORS-II.NFO,07/01/2020,10:26:53,189.15,188.85,4300,189.05,4300,0,1763000
TATAMOTORS-II.NFO,07/01/2020,10:27:02,189.15,188.85,4300,189.05,8600,0,1763000
TATAMOTORS-II.NFO,07/01/2020,10:27:07,189.15,188.8,8600,189.05,8600,0,1763000
TATAMOTORS-II.NFO,07/01/2020,10:27:10,189.15,188.85,4300,189.05,8600,0,1763000
TATAMOTORS-II.NFO,07/01/2020,10:27:19,189.15,188.9,4300,189.1,4300,0,1763000
TATAMOTORS-II.NFO,07/01/2020,10:27:27,189.15,188.9,4300,189.15,4300,0,1763000
TATAMOTORS-II.NFO,07/01/2020,10:27:30,189.15,188.9,4300,189.1,4300,0,1763000
TATAMOTORS-II.NFO,07/01/2020,10:27:34,188.9,188.65,8600,188.85,8600,4300,1763000
TATAMOTORS-II.NFO,07/01/2020,10:27:38,188.9,188.65,8600,188.85,8600,0,1763000
TATAMOTORS-II.NFO,07/01/2020,10:27:43,188.9,188.5,8600,188.7,4300,0,1763000
TATAMOTORS-II.NFO,07/01/2020,10:27:47,188.9,188.45,4300,188.7,4300,0,1763000
TATAMOTORS-II.NFO,07/01/2020,10:27:56,188.9,188.45,4300,188.75,12900,0,1763000
TATAMOTORS-II.NFO,07/01/2020,10:28:00,188.9,188.45,4300,188.75,17200,0,1763000
TATAMOTORS-II.NFO,07/01/2020,10:28:14,188.9,188.5,4300,188.75,12900,0,1763000
TATAMOTORS-II.NFO,07/01/2020,10:28:19,188.9,188.5,4300,188.75,4300,0,1763000
TATAMOTORS-II.NFO,07/01/2020,10:28:23,188.9,188.6,4300,188.85,8600,0,1763000
TATAMOTORS-II.NFO,07/01/2020,10:28:28,188.9,188.6,4300,188.9,12900,0,1763000
TATAMOTORS-II.NFO,07/01/2020,10:28:32,188.9,188.6,12900,188.9,12900,0,1763000
TATAMOTORS-II.NFO,07/01/2020,10:28:37,188.9,188.7,4300,188.9,12900,0,1763000
TATAMOTORS-II.NFO,07/01/2020,10:29:04,188.9,188.7,4300,188.9,4300,0,1763000
TATAMOTORS-II.NFO,07/01/2020,10:29:25,188.9,188.65,4300,188.8,4300,0,1763000
TATAMOTORS-II.NFO,07/01/2020,10:29:29,188.9,188.45,17200,188.7,4300,0,1763000
TATAMOTORS-II.NFO,07/01/2020,10:29:33,188.9,188.4,17200,188.7,4300,0,1763000
TATAMOTORS-II.NFO,07/01/2020,10:29:37,188.9,188.4,25800,188.7,4300,0,1763000
TATAMOTORS-II.NFO,07/01/2020,10:29:53,188.9,188.5,4300,188.8,12900,0,1763000
TATAMOTORS-II.NFO,07/01/2020,10:30:02,188.9,188.5,4300,188.8,17200,0,1763000
TATAMOTORS-II.NFO,07/01/2020,10:30:06,188.9,188.5,4300,188.8,12900,0,1763000
TATAMOTORS-II.NFO,07/01/2020,10:30:09,188.9,188.5,4300,188.8,17200,0,1763000
TATAMOTORS-II.NFO,07/01/2020,10:30:12,188.9,188.5,4300,188.7,4300,0,1763000
TATAMOTORS-II.NFO,07/01/2020,10:30:16,188.9,188.5,4300,188.75,4300,0,1763000
TATAMOTORS-II.NFO,07/01/2020,10:30:22,188.9,188.6,4300,188.75,4300,0,1763000
TATAMOTORS-II.NFO,07/01/2020,10:30:33,188.9,188.55,4300,188.75,4300,0,1763000
TATAMOTORS-II.NFO,07/01/2020,10:31:36,188.9,188.55,4300,188.75,8600,0,1763000
TATAMOTORS-II.NFO,07/01/2020,10:31:40,188.9,188.55,4300,188.75,4300,0,1763000
TATAMOTORS-II.NFO,07/01/2020,10:31:44,188.9,188.5,4300,188.7,8600,0,1763000
TATAMOTORS-II.NFO,07/01/2020,10:31:48,188.9,188.45,4300,188.7,8600,0,1763000
TATAMOTORS-II.NFO,07/01/2020,10:31:52,188.9,188.35,4300,188.55,4300,0,1763000
TATAMOTORS-II.NFO,07/01/2020,10:32:15,188.9,188.35,4300,188.6,8600,0,1763000
TATAMOTORS-II.NFO,07/01/2020,10:32:20,188.9,188.25,4300,188.55,4300,0,1763000
TATAMOTORS-II.NFO,07/01/2020,10:32:29,188.9,188.25,4300,188.5,4300,0,1763000
TATAMOTORS-II.NFO,07/01/2020,10:32:33,188.9,188.25,12900,188.55,4300,0,1763000
TATAMOTORS-II.NFO,07/01/2020,10:32:38,188.9,188.25,4300,188.55,4300,0,1763000
TATAMOTORS-II.NFO,07/01/2020,10:32:42,188.9,188.35,4300,188.55,4300,0,1763000
TATAMOTORS-II.NFO,07/01/2020,10:33:12,188.9,188.25,12900,188.55,4300,0,1763000
TATAMOTORS-II.NFO,07/01/2020,10:33:15,188.9,188.35,4300,188.55,4300,0,1763000
TATAMOTORS-II.NFO,07/01/2020,10:33:22,188.9,188.35,12900,188.65,4300,0,1763000
TATAMOTORS-II.NFO,07/01/2020,10:33:26,188.9,188.45,4300,188.65,4300,0,1763000
TATAMOTORS-II.NFO,07/01/2020,10:33:37,188.9,188.45,4300,188.7,12900,0,1763000
TATAMOTORS-II.NFO,07/01/2020,10:33:44,188.55,188.5,12900,188.65,4300,4300,1763000
TATAMOTORS-II.NFO,07/01/2020,10:33:52,188.55,188.5,12900,188.65,4300,0,1763000
TATAMOTORS-II.NFO,07/01/2020,10:34:10,188.65,188.55,4300,188.8,8600,4300,1763000
TATAMOTORS-II.NFO,07/01/2020,10:34:13,188.65,188.55,4300,188.75,4300,0,1763000
TATAMOTORS-II.NFO,07/01/2020,10:34:26,188.65,188.55,4300,188.8,12900,0,1763000
TATAMOTORS-II.NFO,07/01/2020,10:34:30,188.65,188.65,4300,188.8,12900,0,1763000
TATAMOTORS-II.NFO,07/01/2020,10:34:34,188.65,188.55,25800,188.85,8600,0,1763000
TATAMOTORS-II.NFO,07/01/2020,10:34:37,188.65,188.65,4300,188.85,8600,0,1763000
TATAMOTORS-II.NFO,07/01/2020,10:34:51,188.65,188.65,25800,188.95,4300,0,1763000
TATAMOTORS-II.NFO,07/01/2020,10:35:27,188.65,188.7,4300,188.9,4300,0,1763000
TATAMOTORS-II.NFO,07/01/2020,10:35:35,188.65,188.6,17200,188.9,8600,0,1763000
TATAMOTORS-II.NFO,07/01/2020,10:35:38,188.65,188.6,25800,188.9,4300,0,1763000
TATAMOTORS-II.NFO,07/01/2020,10:35:51,188.65,188.6,17200,188.85,4300,0,1763000
TATAMOTORS-II.NFO,07/01/2020,10:36:47,188.65,188.6,25800,188.85,4300,0,1763000
TATAMOTORS-II.NFO,07/01/2020,10:37:01,188.65,188.6,25800,188.9,4300,0,1763000
TATAMOTORS-II.NFO,07/01/2020,10:37:05,188.65,188.6,17200,188.85,4300,0,1763000
TATAMOTORS-II.NFO,07/01/2020,10:37:13,188.65,188.55,4300,188.9,8600,0,1763000
TATAMOTORS-II.NFO,07/01/2020,10:37:16,188.65,188.55,4300,188.85,8600,0,1763000
TATAMOTORS-II.NFO,07/01/2020,10:37:19,188.65,188.45,4300,188.7,8600,0,1763000
TATAMOTORS-II.NFO,07/01/2020,10:37:23,188.65,188.45,17200,188.8,17200,0,1763000
TATAMOTORS-II.NFO,07/01/2020,10:37:26,188.65,188.45,17200,188.7,4300,0,1763000
TATAMOTORS-II.NFO,07/01/2020,10:37:49,188.65,188.5,4300,188.75,8600,0,1763000
TATAMOTORS-II.NFO,07/01/2020,10:37:52,188.65,188.5,4300,188.7,4300,0,1763000
TATAMOTORS-II.NFO,07/01/2020,10:38:03,188.65,188.6,4300,188.8,4300,0,1763000
TATAMOTORS-II.NFO,07/01/2020,10:38:06,188.65,188.6,4300,188.85,8600,0,1763000
TATAMOTORS-II.NFO,07/01/2020,10:38:12,188.65,188.6,4300,188.8,4300,0,1763000
TATAMOTORS-II.NFO,07/01/2020,10:38:22,188.65,188.5,38700,188.75,4300,0,1763000
TATAMOTORS-II.NFO,07/01/2020,10:38:29,188.65,188.5,17200,188.75,4300,0,1763000
TATAMOTORS-II.NFO,07/01/2020,10:38:35,188.65,188.5,25800,188.8,8600,0,1763000
TATAMOTORS-II.NFO,07/01/2020,10:38:46,188.65,188.6,4300,188.8,8600,0,1763000
TATAMOTORS-II.NFO,07/01/2020,10:38:59,188.65,188.55,4300,188.8,8600,0,1763000
TATAMOTORS-II.NFO,07/01/2020,10:39:08,188.65,188.55,4300,188.7,4300,0,1763000
TATAMOTORS-II.NFO,07/01/2020,10:39:12,188.65,188.55,4300,188.75,8600,0,1763000
TATAMOTORS-II.NFO,07/01/2020,10:39:17,188.65,188.55,4300,188.75,4300,0,1763000
TATAMOTORS-II.NFO,07/01/2020,10:39:25,188.65,188.55,4300,188.7,4300,0,1763000
TATAMOTORS-II.NFO,07/01/2020,10:39:32,188.65,188.45,17200,188.65,4300,0,1763000
TATAMOTORS-II.NFO,07/01/2020,10:39:46,188.65,188.4,4300,188.6,4300,0,1763000
TATAMOTORS-II.NFO,07/01/2020,10:39:49,188.65,188.4,4300,188.6,8600,0,1763000
TATAMOTORS-II.NFO,07/01/2020,10:39:52,188.65,188.4,4300,188.6,4300,0,1763000
TATAMOTORS-II.NFO,07/01/2020,10:40:08,188.65,188.5,4300,188.7,4300,0,1763000
TATAMOTORS-II.NFO,07/01/2020,10:40:18,188.65,188.4,25800,188.7,4300,0,1763000
TATAMOTORS-II.NFO,07/01/2020,10:40:26,188.65,188.4,25800,188.65,4300,0,1763000
TATAMOTORS-II.NFO,07/01/2020,10:40:30,188.65,188.45,4300,188.65,8600,0,1763000
TATAMOTORS-II.NFO,07/01/2020,10:40:37,188.65,188.4,4300,188.6,4300,0,1763000
TATAMOTORS-II.NFO,07/01/2020,10:40:41,188.65,188.4,4300,188.65,8600,0,1763000
TATAMOTORS-II.NFO,07/01/2020,10:40:54,188.65,188.5,4300,188.65,8600,0,1763000
TATAMOTORS-II.NFO,07/01/2020,10:40:57,188.65,188.4,25800,188.65,8600,0,1763000
TATAMOTORS-II.NFO,07/01/2020,10:41:24,188.65,188.6,4300,188.75,4300,0,1763000
TATAMOTORS-II.NFO,07/01/2020,10:41:30,188.65,188.6,4300,188.8,8600,0,1763000
TATAMOTORS-II.NFO,07/01/2020,10:41:50,188.65,188.6,4300,188.8,4300,0,1763000
TATAMOTORS-II.NFO,07/01/2020,10:42:02,188.65,188.65,4300,188.9,8600,0,1763000
TATAMOTORS-II.NFO,07/01/2020,10:42:16,188.65,188.65,12900,188.8,4300,4300,1767300
TATAMOTORS-II.NFO,07/01/2020,10:42:21,188.65,188.65,12900,188.8,4300,0,1767300
TATAMOTORS-II.NFO,07/01/2020,10:43:22,188.6,188.4,12900,188.65,4300,4300,1767300
TATAMOTORS-II.NFO,07/01/2020,10:43:26,188.65,188.5,12900,188.75,12900,4300,1767300
TATAMOTORS-II.NFO,07/01/2020,10:43:31,188.65,188.45,21500,188.75,12900,0,1767300
TATAMOTORS-II.NFO,07/01/2020,10:43:35,188.65,188.45,12900,188.75,12900,0,1767300
TATAMOTORS-II.NFO,07/01/2020,10:43:38,188.65,188.45,21500,188.75,12900,0,1767300
TATAMOTORS-II.NFO,07/01/2020,10:43:45,188.65,188.45,12900,188.75,12900,0,1767300
TATAMOTORS-II.NFO,07/01/2020,10:43:49,188.65,188.45,21500,188.75,17200,0,1767300
TATAMOTORS-II.NFO,07/01/2020,10:43:52,188.65,188.45,12900,188.65,4300,0,1767300
TATAMOTORS-II.NFO,07/01/2020,10:43:56,188.65,188.45,12900,188.7,4300,0,1767300
TATAMOTORS-II.NFO,07/01/2020,10:44:07,188.65,188.45,12900,188.65,4300,0,1767300
TATAMOTORS-II.NFO,07/01/2020,10:44:20,188.65,188.45,12900,188.65,8600,0,1767300
TATAMOTORS-II.NFO,07/01/2020,10:44:23,188.65,188.4,12900,188.65,4300,0,1767300
TATAMOTORS-II.NFO,07/01/2020,10:44:26,188.65,188.5,12900,188.7,4300,0,1767300
TATAMOTORS-II.NFO,07/01/2020,10:44:37,188.65,188.45,12900,188.65,4300,0,1767300
TATAMOTORS-II.NFO,07/01/2020,10:44:45,188.65,188.3,12900,188.5,4300,0,1767300
TATAMOTORS-II.NFO,07/01/2020,10:45:14,188.65,188.3,21500,188.55,8600,0,1767300
TATAMOTORS-II.NFO,07/01/2020,10:45:19,188.65,188.3,12900,188.5,8600,0,1767300
TATAMOTORS-II.NFO,07/01/2020,10:45:23,188.65,188.3,21500,188.6,12900,0,1767300
TATAMOTORS-II.NFO,07/01/2020,10:45:27,188.65,188.25,12900,188.55,12900,0,1767300
TATAMOTORS-II.NFO,07/01/2020,10:45:34,188.65,188.25,21500,188.55,12900,0,1767300
TATAMOTORS-II.NFO,07/01/2020,10:45:42,188.65,188.25,12900,188.55,12900,0,1767300
TATAMOTORS-II.NFO,07/01/2020,10:45:45,188.65,188.25,21500,188.55,12900,0,1767300
TATAMOTORS-II.NFO,07/01/2020,10:46:00,188.65,188.25,12900,188.55,12900,0,1767300
TATAMOTORS-II.NFO,07/01/2020,10:46:07,188.65,188.25,21500,188.55,12900,0,1767300
TATAMOTORS-II.NFO,07/01/2020,10:46:17,188.65,188.25,21500,188.55,4300,0,1767300
TATAMOTORS-II.NFO,07/01/2020,10:46:21,188.65,188.35,12900,188.55,4300,0,1767300
TATAMOTORS-II.NFO,07/01/2020,10:46:24,188.65,188.3,12900,188.5,4300,0,1767300
TATAMOTORS-II.NFO,07/01/2020,10:46:28,188.65,188.3,12900,188.6,17200,0,1767300
TATAMOTORS-II.NFO,07/01/2020,10:47:08,188.65,188.3,21500,188.6,17200,0,1767300
TATAMOTORS-II.NFO,07/01/2020,10:47:19,188.65,188.45,12900,188.7,12900,0,1767300
TATAMOTORS-II.NFO,07/01/2020,10:47:24,188.65,188.4,21500,188.7,12900,0,1767300
TATAMOTORS-II.NFO,07/01/2020,10:47:36,188.65,188.5,12900,188.7,12900,0,1767300
TATAMOTORS-II.NFO,07/01/2020,10:47:51,188.65,188.5,12900,188.7,4300,0,1767300
TATAMOTORS-II.NFO,07/01/2020,10:48:01,188.65,188.5,21500,188.75,12900,0,1767300
TATAMOTORS-II.NFO,07/01/2020,10:48:15,188.65,188.4,12900,188.75,17200,0,1767300
TATAMOTORS-II.NFO,07/01/2020,10:48:22,188.65,188.5,12900,188.75,12900,0,1767300
TATAMOTORS-II.NFO,07/01/2020,10:48:25,188.65,188.45,12900,188.75,12900,0,1767300
TATAMOTORS-II.NFO,07/01/2020,10:48:28,188.65,188.5,4300,188.75,12900,0,1767300
TATAMOTORS-II.NFO,07/01/2020,10:48:35,188.65,188.35,12900,188.55,4300,0,1767300
TATAMOTORS-II.NFO,07/01/2020,10:48:41,188.65,188.35,21500,188.6,4300,0,1767300
TATAMOTORS-II.NFO,07/01/2020,10:48:46,188.65,188.35,12900,188.6,4300,0,1767300
TATAMOTORS-II.NFO,07/01/2020,10:48:49,188.65,188.35,12900,188.55,4300,0,1767300
TATAMOTORS-II.NFO,07/01/2020,10:48:57,188.65,188.3,12900,188.55,4300,0,1767300
TATAMOTORS-II.NFO,07/01/2020,10:49:01,188.65,188.3,21500,188.55,4300,0,1767300
TATAMOTORS-II.NFO,07/01/2020,10:49:05,188.65,188.3,25800,188.55,4300,0,1767300
TATAMOTORS-II.NFO,07/01/2020,10:49:42,188.65,188.3,12900,188.5,4300,0,1767300
TATAMOTORS-II.NFO,07/01/2020,10:49:58,188.65,188.15,38700,188.4,4300,0,1767300
TATAMOTORS-II.NFO,07/01/2020,10:50:03,188.65,188.15,12900,188.35,4300,0,1767300
TATAMOTORS-II.NFO,07/01/2020,10:50:14,188.65,188.15,21500,188.35,4300,0,1767300
TATAMOTORS-II.NFO,07/01/2020,10:50:20,188.65,188.15,30100,188.5,8600,0,1767300
TATAMOTORS-II.NFO,07/01/2020,10:50:25,188.65,188.15,12900,188.35,4300,0,1767300
TATAMOTORS-II.NFO,07/01/2020,10:50:46,188.65,188.15,21500,188.4,4300,0,1767300
TATAMOTORS-II.NFO,07/01/2020,10:50:50,188.15,188.1,4300,188.25,4300,12900,1767300
TATAMOTORS-II.NFO,07/01/2020,10:50:50,188.15,188.1,4300,188.25,4300,0,1767300
TATAMOTORS-II.NFO,07/01/2020,10:50:55,188.15,188.1,4300,188.25,4300,0,1767300
TATAMOTORS-II.NFO,07/01/2020,10:50:59,188.15,188.2,4300,188.25,4300,0,1767300
TATAMOTORS-II.NFO,07/01/2020,10:51:07,188.2,188.15,4300,188.25,4300,8600,1767300
TATAMOTORS-II.NFO,07/01/2020,10:51:11,188.2,188.1,4300,188.25,4300,0,1767300
TATAMOTORS-II.NFO,07/01/2020,10:51:19,188.2,188.15,4300,188.25,4300,0,1767300
TATAMOTORS-II.NFO,07/01/2020,10:51:27,188.2,188.1,4300,188.25,4300,0,1767300
TATAMOTORS-II.NFO,07/01/2020,10:51:31,188.2,188.05,4300,188.2,4300,0,1767300
TATAMOTORS-II.NFO,07/01/2020,10:51:38,188.2,188.05,4300,188.25,4300,0,1767300
TATAMOTORS-II.NFO,07/01/2020,10:51:42,188.25,188.2,8600,188.4,12900,4300,1767300
TATAMOTORS-II.NFO,07/01/2020,10:51:47,188.25,188.2,8600,188.4,12900,0,1767300
TATAMOTORS-II.NFO,07/01/2020,10:51:55,188.25,188.1,4300,188.25,4300,0,1767300
TATAMOTORS-II.NFO,07/01/2020,10:52:00,188.25,188.05,17200,188.4,21500,0,1767300
TATAMOTORS-II.NFO,07/01/2020,10:52:03,188.25,188.1,4300,188.25,4300,0,1767300
TATAMOTORS-II.NFO,07/01/2020,10:52:17,188.25,188.15,8600,188.3,4300,0,1767300
TATAMOTORS-II.NFO,07/01/2020,10:52:22,188.25,188.05,25800,188.45,25800,0,1767300
TATAMOTORS-II.NFO,07/01/2020,10:52:26,188.25,188.2,8600,188.35,4300,0,1767300
TATAMOTORS-II.NFO,07/01/2020,10:52:38,188.25,188.25,8600,188.35,4300,0,1767300
TATAMOTORS-II.NFO,07/01/2020,10:52:43,188.25,188.25,8600,188.45,4300,0,1767300
TATAMOTORS-II.NFO,07/01/2020,10:52:47,188.25,188.3,8600,188.45,4300,0,1767300
TATAMOTORS-II.NFO,07/01/2020,10:52:51,188.25,188.25,8600,188.45,4300,0,1767300
TATAMOTORS-II.NFO,07/01/2020,10:53:01,188.25,188.2,8600,188.35,4300,0,1767300
TATAMOTORS-II.NFO,07/01/2020,10:53:08,188.25,188.15,8600,188.3,4300,0,1767300
TATAMOTORS-II.NFO,07/01/2020,10:53:27,188.25,188.2,8600,188.3,4300,0,1767300
TATAMOTORS-II.NFO,07/01/2020,10:53:32,188.25,188.2,8600,188.4,4300,0,1767300
TATAMOTORS-II.NFO,07/01/2020,10:53:37,188.15,188.05,12900,188.3,4300,8600,1775900
TATAMOTORS-II.NFO,07/01/2020,10:53:43,188.15,188.1,4300,188.3,4300,0,1775900
TATAMOTORS-II.NFO,07/01/2020,10:53:49,188.15,188.05,12900,188.3,4300,0,1775900
TATAMOTORS-II.NFO,07/01/2020,10:53:56,188.15,188,12900,188.25,4300,0,1775900
TATAMOTORS-II.NFO,07/01/2020,10:54:02,188.15,187.95,12900,188.2,4300,0,1775900
TATAMOTORS-II.NFO,07/01/2020,10:54:08,188.15,187.95,12900,188.15,4300,0,1775900
TATAMOTORS-II.NFO,07/01/2020,10:54:14,188.15,187.9,34400,188.2,4300,0,1775900
TATAMOTORS-II.NFO,07/01/2020,10:54:20,188.15,187.9,4300,188.1,12900,0,1775900
TATAMOTORS-II.NFO,07/01/2020,10:54:26,188.15,187.75,25800,188.1,12900,0,1775900
TATAMOTORS-II.NFO,07/01/2020,10:54:30,188.15,188,4300,188.2,4300,0,1775900
TATAMOTORS-II.NFO,07/01/2020,10:54:35,188.15,187.95,4300,188.15,4300,0,1775900
TATAMOTORS-II.NFO,07/01/2020,10:54:44,188.15,187.9,4300,188.1,4300,0,1775900
TATAMOTORS-II.NFO,07/01/2020,10:54:49,188.15,187.9,4300,188.05,4300,0,1775900
TATAMOTORS-II.NFO,07/01/2020,10:54:54,188.15,187.95,4300,188.05,4300,0,1775900
TATAMOTORS-II.NFO,07/01/2020,10:55:11,188.15,187.85,4300,188.05,4300,0,1775900
TATAMOTORS-II.NFO,07/01/2020,10:55:16,188.15,187.9,4300,188.05,4300,0,1775900
TATAMOTORS-II.NFO,07/01/2020,10:55:24,188.15,187.85,4300,188.05,4300,0,1775900
TATAMOTORS-II.NFO,07/01/2020,10:55:29,188.15,187.5,4300,187.65,4300,0,1775900
TATAMOTORS-II.NFO,07/01/2020,10:55:35,188.15,187.6,4300,187.75,4300,0,1775900
TATAMOTORS-II.NFO,07/01/2020,10:55:41,188.15,187.7,4300,187.9,4300,0,1775900
TATAMOTORS-II.NFO,07/01/2020,10:55:45,188.15,187.75,4300,187.9,4300,0,1775900
TATAMOTORS-II.NFO,07/01/2020,10:55:49,188.15,187.8,4300,187.95,4300,0,1775900
TATAMOTORS-II.NFO,07/01/2020,10:55:54,188.15,187.65,4300,187.85,8600,0,1775900
TATAMOTORS-II.NFO,07/01/2020,10:55:59,188.15,187.6,4300,187.9,4300,0,1775900
TATAMOTORS-II.NFO,07/01/2020,10:56:08,188.15,187.7,4300,187.9,4300,0,1775900
TATAMOTORS-II.NFO,07/01/2020,10:56:15,188.15,187.75,4300,187.9,4300,0,1775900
TATAMOTORS-II.NFO,07/01/2020,10:56:17,188.15,187.7,4300,187.9,4300,0,1775900
TATAMOTORS-II.NFO,07/01/2020,10:56:18,188.15,187.8,4300,188,21500,0,1775900
TATAMOTORS-II.NFO,07/01/2020,10:56:20,188.15,187.7,4300,187.9,4300,0,1775900
TATAMOTORS-II.NFO,07/01/2020,10:56:24,188.15,187.75,8600,187.9,4300,0,1775900
TATAMOTORS-II.NFO,07/01/2020,10:56:25,188.15,187.7,4300,187.9,4300,0,1775900
TATAMOTORS-II.NFO,07/01/2020,10:56:27,188.15,187.75,8600,187.95,4300,0,1775900
TATAMOTORS-II.NFO,07/01/2020,10:56:28,188.15,187.7,4300,187.9,4300,0,1775900
TATAMOTORS-II.NFO,07/01/2020,10:56:30,188.15,187.65,4300,187.9,4300,0,1775900
TATAMOTORS-II.NFO,07/01/2020,10:56:31,188.15,187.7,4300,187.9,4300,0,1775900
TATAMOTORS-II.NFO,07/01/2020,10:56:33,188.15,187.65,4300,187.9,4300,0,1775900
TATAMOTORS-II.NFO,07/01/2020,10:56:35,188.15,187.7,4300,187.9,4300,0,1775900
TATAMOTORS-II.NFO,07/01/2020,10:56:37,188.15,187.75,8600,187.95,8600,0,1775900
TATAMOTORS-II.NFO,07/01/2020,10:56:40,188.15,187.75,4300,187.95,8600,0,1775900
TATAMOTORS-II.NFO,07/01/2020,10:56:49,188.15,187.8,4300,188,12900,0,1775900
TATAMOTORS-II.NFO,07/01/2020,10:56:50,188.15,187.7,4300,188,12900,0,1775900
TATAMOTORS-II.NFO,07/01/2020,10:56:51,188.15,187.65,4300,187.9,4300,0,1775900
TATAMOTORS-II.NFO,07/01/2020,10:56:52,188.15,187.65,8600,187.85,8600,0,1775900
TATAMOTORS-II.NFO,07/01/2020,10:56:54,188.15,187.65,8600,187.85,4300,0,1775900
TATAMOTORS-II.NFO,07/01/2020,10:56:56,188.15,187.65,4300,187.9,12900,0,1775900
TATAMOTORS-II.NFO,07/01/2020,10:56:56,188.15,187.65,4300,187.9,17200,0,1775900
TATAMOTORS-II.NFO,07/01/2020,10:56:57,188.15,187.7,4300,187.9,12900,0,1775900
TATAMOTORS-II.NFO,07/01/2020,10:57:01,188.15,187.65,4300,187.9,12900,0,1775900
TATAMOTORS-II.NFO,07/01/2020,10:57:02,188.15,187.65,4300,187.9,17200,0,1775900
TATAMOTORS-II.NFO,07/01/2020,10:57:03,188.15,187.65,4300,187.9,12900,0,1775900
TATAMOTORS-II.NFO,07/01/2020,10:57:04,188.15,187.55,12900,187.9,12900,0,1775900
TATAMOTORS-II.NFO,07/01/2020,10:57:06,188.15,187.65,4300,187.9,12900,0,1775900
TATAMOTORS-II.NFO,07/01/2020,10:57:06,188.15,187.65,4300,187.9,17200,0,1775900
TATAMOTORS-II.NFO,07/01/2020,10:57:08,188.15,187.6,8600,187.8,4300,0,1775900
TATAMOTORS-II.NFO,07/01/2020,10:57:09,188.15,187.45,4300,187.75,8600,0,1775900
TATAMOTORS-II.NFO,07/01/2020,10:57:11,188.15,187.4,4300,187.7,4300,0,1775900
TATAMOTORS-II.NFO,07/01/2020,10:57:16,188.15,187.55,8600,187.75,4300,0,1775900
TATAMOTORS-II.NFO,07/01/2020,10:57:23,188.15,187.45,4300,187.75,4300,0,1775900
TATAMOTORS-II.NFO,07/01/2020,10:57:30,188.15,187.75,4300,187.95,4300,0,1775900
TATAMOTORS-II.NFO,07/01/2020,10:57:36,188.15,187.85,4300,188.05,4300,0,1775900
TATAMOTORS-II.NFO,07/01/2020,10:57:42,188.15,187.8,4300,188,4300,0,1775900
TATAMOTORS-II.NFO,07/01/2020,10:57:48,188,187.95,4300,188.15,4300,4300,1784500
TATAMOTORS-II.NFO,07/01/2020,10:57:48,188,187.95,4300,188.15,4300,0,1784500
TATAMOTORS-II.NFO,07/01/2020,10:57:53,188,187.95,4300,188.15,4300,0,1784500
TATAMOTORS-II.NFO,07/01/2020,10:58:02,188,187.8,8600,188,4300,0,1784500
TATAMOTORS-II.NFO,07/01/2020,10:58:12,188,187.85,4300,188.1,8600,0,1784500
TATAMOTORS-II.NFO,07/01/2020,10:58:17,188,187.95,8600,188.1,4300,0,1784500
TATAMOTORS-II.NFO,07/01/2020,10:58:23,188,187.9,8600,188.1,8600,0,1784500
TATAMOTORS-II.NFO,07/01/2020,10:58:34,188,187.95,4300,188.1,4300,0,1784500
TATAMOTORS-II.NFO,07/01/2020,10:58:39,188,187.9,4300,188.1,4300,0,1784500
TATAMOTORS-II.NFO,07/01/2020,10:58:45,188,187.8,4300,187.95,4300,0,1784500
TATAMOTORS-II.NFO,07/01/2020,10:58:56,188,187.65,4300,187.9,12900,0,1784500
TATAMOTORS-II.NFO,07/01/2020,10:59:02,188,187.75,8600,187.9,4300,0,1784500
TATAMOTORS-II.NFO,07/01/2020,10:59:13,188,187.7,8600,187.9,4300,0,1784500
TATAMOTORS-II.NFO,07/01/2020,10:59:18,188,187.65,8600,187.85,4300,0,1784500
TATAMOTORS-II.NFO,07/01/2020,10:59:28,188,187.7,4300,187.85,4300,0,1784500
TATAMOTORS-II.NFO,07/01/2020,10:59:39,188,187.75,8600,187.95,4300,0,1784500
TATAMOTORS-II.NFO,07/01/2020,10:59:45,188,187.65,8600,187.85,4300,0,1784500
TATAMOTORS-II.NFO,07/01/2020,10:59:51,188,187.65,4300,187.95,4300,0,1784500
TATAMOTORS-II.NFO,07/01/2020,10:59:55,188,187.8,8600,187.95,8600,0,1784500
TATAMOTORS-II.NFO,07/01/2020,11:00:01,188,187.8,8600,187.95,4300,0,1784500
TATAMOTORS-II.NFO,07/01/2020,11:00:13,188,187.7,4300,187.9,4300,0,1784500
TATAMOTORS-II.NFO,07/01/2020,11:00:20,188,187.6,4300,187.8,4300,0,1784500
TATAMOTORS-II.NFO,07/01/2020,11:00:26,188,187.6,8600,187.8,4300,0,1784500
TATAMOTORS-II.NFO,07/01/2020,11:00:34,188,187.55,8600,187.75,4300,0,1784500
TATAMOTORS-II.NFO,07/01/2020,11:00:41,188,187.55,4300,187.75,4300,0,1784500
TATAMOTORS-II.NFO,07/01/2020,11:00:47,188,187.5,8600,187.75,8600,0,1784500
TATAMOTORS-II.NFO,07/01/2020,11:00:53,188,187.5,4300,187.65,4300,0,1784500
TATAMOTORS-II.NFO,07/01/2020,11:01:01,187.5,187.3,8600,187.5,4300,4300,1788800
TATAMOTORS-II.NFO,07/01/2020,11:01:01,187.5,187.3,8600,187.5,4300,0,1788800
TATAMOTORS-II.NFO,07/01/2020,11:01:09,187.2,187.35,4300,187.5,4300,4300,1788800
TATAMOTORS-II.NFO,07/01/2020,11:01:09,187.2,187.35,4300,187.5,4300,0,1788800
TATAMOTORS-II.NFO,07/01/2020,11:01:17,187.2,187.3,4300,187.5,4300,0,1788800
TATAMOTORS-II.NFO,07/01/2020,11:01:24,187.2,187.25,4300,187.5,4300,0,1788800
TATAMOTORS-II.NFO,07/01/2020,11:01:31,187.2,187.35,8600,187.5,4300,0,1788800
TATAMOTORS-II.NFO,07/01/2020,11:01:39,187.2,187.4,8600,187.5,4300,0,1788800
TATAMOTORS-II.NFO,07/01/2020,11:01:46,187.65,187.5,4300,187.7,4300,8600,1788800
TATAMOTORS-II.NFO,07/01/2020,11:01:55,187.65,187.4,8600,187.6,4300,0,1788800
TATAMOTORS-II.NFO,07/01/2020,11:02:02,187.65,187.35,8600,187.55,4300,0,1788800
TATAMOTORS-II.NFO,07/01/2020,11:02:09,187.55,187.35,4300,187.65,8600,4300,1788800
TATAMOTORS-II.NFO,07/01/2020,11:02:12,187.55,187.4,4300,187.75,17200,0,1788800
TATAMOTORS-II.NFO,07/01/2020,11:02:14,187.55,187.4,4300,187.65,12900,0,1788800
TATAMOTORS-II.NFO,07/01/2020,11:02:15,187.55,187.4,4300,187.65,8600,0,1788800
TATAMOTORS-II.NFO,07/01/2020,11:02:16,187.55,187.4,8600,187.6,8600,0,1788800
TATAMOTORS-II.NFO,07/01/2020,11:02:17,187.55,187.45,4300,187.65,8600,0,1788800
TATAMOTORS-II.NFO,07/01/2020,11:02:21,187.55,187.4,4300,187.65,8600,0,1788800
TATAMOTORS-II.NFO,07/01/2020,11:02:21,187.55,187.45,4300,187.65,8600,0,1788800
TATAMOTORS-II.NFO,07/01/2020,11:02:25,187.55,187.4,4300,187.65,8600,0,1788800
TATAMOTORS-II.NFO,07/01/2020,11:02:26,187.55,187.45,4300,187.65,8600,0,1788800
TATAMOTORS-II.NFO,07/01/2020,11:02:28,187.55,187.4,4300,187.65,8600,0,1788800
TATAMOTORS-II.NFO,07/01/2020,11:02:29,187.55,187.4,8600,187.6,8600,0,1788800
TATAMOTORS-II.NFO,07/01/2020,11:02:30,187.55,187.4,4300,187.65,12900,0,1788800
TATAMOTORS-II.NFO,07/01/2020,11:02:35,187.55,187.35,4300,187.65,12900,0,1788800
TATAMOTORS-II.NFO,07/01/2020,11:02:36,187.55,187.35,8600,187.55,8600,0,1788800
TATAMOTORS-II.NFO,07/01/2020,11:02:40,187.55,187.4,4300,187.6,8600,0,1788800
TATAMOTORS-II.NFO,07/01/2020,11:02:41,187.55,187.35,4300,187.65,21500,0,1788800
TATAMOTORS-II.NFO,07/01/2020,11:02:42,187.55,187.35,8600,187.55,8600,0,1788800
TATAMOTORS-II.NFO,07/01/2020,11:02:56,187.55,187.3,4300,187.6,8600,0,1788800
TATAMOTORS-II.NFO,07/01/2020,11:02:59,187.55,187.4,4300,187.6,8600,0,1788800
TATAMOTORS-II.NFO,07/01/2020,11:03:00,187.55,187.3,4300,187.6,8600,0,1788800
TATAMOTORS-II.NFO,07/01/2020,11:03:02,187.55,187.4,4300,187.6,8600,0,1788800
TATAMOTORS-II.NFO,07/01/2020,11:03:02,187.55,187.3,4300,187.6,8600,0,1788800
TATAMOTORS-II.NFO,07/01/2020,11:03:05,187.55,187.25,4300,187.6,12900,0,1788800
TATAMOTORS-II.NFO,07/01/2020,11:03:05,187.55,187.25,8600,187.5,8600,0,1788800
TATAMOTORS-II.NFO,07/01/2020,11:03:06,187.55,187.3,8600,187.5,8600,0,1788800
TATAMOTORS-II.NFO,07/01/2020,11:03:07,187.55,187.3,8600,187.5,17200,0,1788800
TATAMOTORS-II.NFO,07/01/2020,11:03:10,187.55,187.3,8600,187.5,12900,0,1788800
TATAMOTORS-II.NFO,07/01/2020,11:03:16,187.55,187.3,4300,187.55,4300,0,1788800
TATAMOTORS-II.NFO,07/01/2020,11:03:22,187.55,187.3,4300,187.55,8600,0,1788800
TATAMOTORS-II.NFO,07/01/2020,11:03:34,187.55,187.3,8600,187.5,4300,0,1788800
TATAMOTORS-II.NFO,07/01/2020,11:03:40,187.55,187.2,4300,187.5,12900,0,1788800
TATAMOTORS-II.NFO,07/01/2020,11:03:48,187.55,187.3,4300,187.5,12900,0,1788800
TATAMOTORS-II.NFO,07/01/2020,11:04:01,187.55,187.3,4300,187.5,4300,0,1788800
TATAMOTORS-II.NFO,07/01/2020,11:04:08,187.55,187.25,8600,187.45,4300,0,1788800
TATAMOTORS-II.NFO,07/01/2020,11:04:14,187.55,187.25,4300,187.45,4300,0,1788800
TATAMOTORS-II.NFO,07/01/2020,11:04:21,187.55,187.3,8600,187.45,4300,0,1788800
TATAMOTORS-II.NFO,07/01/2020,11:04:27,187.55,187.2,4300,187.45,4300,0,1788800
TATAMOTORS-II.NFO,07/01/2020,11:04:40,187.55,187.25,4300,187.45,4300,0,1788800
TATAMOTORS-II.NFO,07/01/2020,11:04:47,187.55,187.2,4300,187.4,4300,0,1788800
TATAMOTORS-II.NFO,07/01/2020,11:04:54,187.55,187.3,4300,187.5,4300,0,1788800
TATAMOTORS-II.NFO,07/01/2020,11:05:02,187.55,187.2,4300,187.4,4300,0,1788800
TATAMOTORS-II.NFO,07/01/2020,11:05:08,187.55,187.15,8600,187.35,4300,0,1788800
TATAMOTORS-II.NFO,07/01/2020,11:05:15,187.55,187.2,4300,187.4,8600,0,1788800
TATAMOTORS-II.NFO,07/01/2020,11:05:22,187.55,187.25,8600,187.4,4300,0,1788800
TATAMOTORS-II.NFO,07/01/2020,11:05:28,187.55,187.2,4300,187.4,4300,0,1788800
TATAMOTORS-II.NFO,07/01/2020,11:05:34,187.55,187.3,4300,187.5,8600,0,1788800
TATAMOTORS-II.NFO,07/01/2020,11:05:41,187.55,187.4,4300,187.6,4300,0,1788800
TATAMOTORS-II.NFO,07/01/2020,11:05:54,187.55,187.55,4300,187.7,4300,0,1788800
TATAMOTORS-II.NFO,07/01/2020,11:06:01,187.55,187.65,4300,187.85,4300,0,1788800
TATAMOTORS-II.NFO,07/01/2020,11:06:08,187.55,187.7,4300,187.9,8600,0,1788800
TATAMOTORS-II.NFO,07/01/2020,11:06:21,187.55,187.65,8600,187.85,4300,0,1788800
TATAMOTORS-II.NFO,07/01/2020,11:06:28,187.55,187.5,4300,187.7,4300,0,1788800
TATAMOTORS-II.NFO,07/01/2020,11:06:34,187.55,187.55,4300,187.75,8600,0,1788800
TATAMOTORS-II.NFO,07/01/2020,11:06:44,187.55,187.5,4300,187.75,8600,0,1788800
TATAMOTORS-II.NFO,07/01/2020,11:06:49,187.55,187.55,4300,187.75,8600,0,1788800
TATAMOTORS-II.NFO,07/01/2020,11:07:00,187.55,187.6,8600,187.75,4300,0,1788800
TATAMOTORS-II.NFO,07/01/2020,11:07:06,187.55,187.45,4300,187.65,4300,0,1788800
TATAMOTORS-II.NFO,07/01/2020,11:07:11,187.55,187.4,4300,187.65,4300,0,1788800
TATAMOTORS-II.NFO,07/01/2020,11:07:16,187.55,187.45,4300,187.65,8600,0,1788800
TATAMOTORS-II.NFO,07/01/2020,11:07:22,187.55,187.55,4300,187.75,4300,4300,1784500
TATAMOTORS-II.NFO,07/01/2020,11:07:27,187.55,187.5,4300,187.7,4300,0,1784500
TATAMOTORS-II.NFO,07/01/2020,11:07:32,187.55,187.55,4300,187.75,12900,0,1784500
TATAMOTORS-II.NFO,07/01/2020,11:07:37,187.55,187.5,4300,187.75,12900,0,1784500
TATAMOTORS-II.NFO,07/01/2020,11:07:42,187.55,187.45,4300,187.65,4300,0,1784500
TATAMOTORS-II.NFO,07/01/2020,11:07:52,187.55,187.45,8600,187.65,4300,0,1784500
TATAMOTORS-II.NFO,07/01/2020,11:07:57,187.55,187.45,4300,187.7,8600,0,1784500
TATAMOTORS-II.NFO,07/01/2020,11:08:01,187.55,187.45,8600,187.65,4300,0,1784500
TATAMOTORS-II.NFO,07/01/2020,11:08:21,187.55,187.5,4300,187.65,4300,0,1784500
TATAMOTORS-II.NFO,07/01/2020,11:08:32,187.55,187.55,8600,187.75,4300,0,1784500
TATAMOTORS-II.NFO,07/01/2020,11:08:37,187.55,187.45,4300,187.7,12900,0,1784500
TATAMOTORS-II.NFO,07/01/2020,11:08:42,187.55,187.35,4300,187.55,4300,0,1784500
TATAMOTORS-II.NFO,07/01/2020,11:08:51,187.55,187.35,4300,187.6,8600,0,1784500
TATAMOTORS-II.NFO,07/01/2020,11:08:55,187.55,187.35,8600,187.55,4300,0,1784500
TATAMOTORS-II.NFO,07/01/2020,11:08:59,187.55,187.45,4300,187.65,4300,0,1784500
TATAMOTORS-II.NFO,07/01/2020,11:09:08,187.55,187.5,4300,187.7,4300,0,1784500
TATAMOTORS-II.NFO,07/01/2020,11:09:14,187.55,187.45,4300,187.7,4300,0,1784500
TATAMOTORS-II.NFO,07/01/2020,11:09:19,187.55,187.55,4300,187.7,4300,0,1784500
TATAMOTORS-II.NFO,07/01/2020,11:09:24,187.55,187.35,8600,187.5,4300,0,1784500
TATAMOTORS-II.NFO,07/01/2020,11:09:35,187.55,187.1,8600,187.3,12900,0,1784500
TATAMOTORS-II.NFO,07/01/2020,11:09:40,187.1,187,8600,187.2,4300,4300,1784500
TATAMOTORS-II.NFO,07/01/2020,11:09:40,187.1,187,8600,187.2,4300,0,1784500
TATAMOTORS-II.NFO,07/01/2020,11:09:46,187.1,187,8600,187.2,4300,0,1784500
TATAMOTORS-II.NFO,07/01/2020,11:09:50,187.1,186.95,17200,187.25,4300,0,1784500
TATAMOTORS-II.NFO,07/01/2020,11:09:54,187.1,187,4300,187.3,8600,0,1784500
TATAMOTORS-II.NFO,07/01/2020,11:09:58,187.1,187.25,4300,187.3,8600,0,1784500
TATAMOTORS-II.NFO,07/01/2020,11:10:01,187.3,187,8600,187.25,4300,4300,1784500
TATAMOTORS-II.NFO,07/01/2020,11:10:06,187.3,187.05,4300,187.3,4300,0,1784500
TATAMOTORS-II.NFO,07/01/2020,11:10:11,187.3,187,12900,187.25,4300,0,1784500
TATAMOTORS-II.NFO,07/01/2020,11:10:16,187.3,187.1,12900,187.3,4300,0,1784500
TATAMOTORS-II.NFO,07/01/2020,11:10:21,187.3,187.15,4300,187.3,4300,0,1784500
TATAMOTORS-II.NFO,07/01/2020,11:10:26,187.3,187.1,8600,187.3,4300,0,1784500
TATAMOTORS-II.NFO,07/01/2020,11:10:30,187.3,187.15,4300,187.45,21500,0,1784500
TATAMOTORS-II.NFO,07/01/2020,11:10:33,187.3,187.1,4300,187.35,4300,0,1784500
TATAMOTORS-II.NFO,07/01/2020,11:10:37,187.3,187.1,8600,187.35,4300,0,1784500
TATAMOTORS-II.NFO,07/01/2020,11:10:44,187.3,187.2,4300,187.4,8600,0,1784500
TATAMOTORS-II.NFO,07/01/2020,11:10:47,187.3,187.05,4300,187.3,4300,0,1784500
TATAMOTORS-II.NFO,07/01/2020,11:10:58,187.3,187.05,8600,187.25,4300,0,1784500
TATAMOTORS-II.NFO,07/01/2020,11:11:01,187.3,187,4300,187.25,12900,0,1784500
TATAMOTORS-II.NFO,07/01/2020,11:11:06,187.3,187,8600,187.2,4300,0,1784500
TATAMOTORS-II.NFO,07/01/2020,11:11:17,187,186.85,21500,187.15,17200,4300,1784500
TATAMOTORS-II.NFO,07/01/2020,11:11:17,187,186.85,21500,187.15,17200,0,1784500
TATAMOTORS-II.NFO,07/01/2020,11:11:24,187,186.8,4300,187,4300,0,1784500
TATAMOTORS-II.NFO,07/01/2020,11:11:32,187,186.65,8600,186.95,17200,0,1784500
TATAMOTORS-II.NFO,07/01/2020,11:11:40,187,186.7,4300,186.9,4300,0,1784500
TATAMOTORS-II.NFO,07/01/2020,11:11:47,187,186.85,4300,187.05,4300,0,1784500
TATAMOTORS-II.NFO,07/01/2020,11:11:53,187,186.9,8600,187.1,4300,0,1784500
TATAMOTORS-II.NFO,07/01/2020,11:12:00,187,186.75,4300,187.05,17200,0,1784500
TATAMOTORS-II.NFO,07/01/2020,11:12:09,187,186.8,12900,186.95,4300,0,1784500
TATAMOTORS-II.NFO,07/01/2020,11:12:16,187,186.8,4300,187.05,8600,0,1784500
TATAMOTORS-II.NFO,07/01/2020,11:12:23,187,186.8,8600,187,4300,0,1784500
TATAMOTORS-II.NFO,07/01/2020,11:12:28,187,186.8,8600,186.95,4300,0,1784500
TATAMOTORS-II.NFO,07/01/2020,11:12:34,187,186.9,8600,187.05,4300,0,1784500
TATAMOTORS-II.NFO,07/01/2020,11:12:40,187,186.9,8600,187.1,4300,0,1784500
TATAMOTORS-II.NFO,07/01/2020,11:12:56,187,186.9,4300,187.1,4300,0,1784500
TATAMOTORS-II.NFO,07/01/2020,11:13:11,187,186.8,4300,186.85,4300,0,1784500
TATAMOTORS-II.NFO,07/01/2020,11:13:16,187,186.8,4300,186.95,4300,0,1784500
TATAMOTORS-II.NFO,07/01/2020,11:13:33,186.8,186.6,8600,186.75,4300,4300,1784500
TATAMOTORS-II.NFO,07/01/2020,11:13:33,186.8,186.6,8600,186.75,4300,0,1784500
TATAMOTORS-II.NFO,07/01/2020,11:13:40,186.8,186.65,12900,186.8,4300,0,1784500
TATAMOTORS-II.NFO,07/01/2020,11:13:45,186.8,186.75,4300,186.9,4300,0,1784500
TATAMOTORS-II.NFO,07/01/2020,11:13:51,186.8,186.65,17200,186.85,4300,0,1784500
TATAMOTORS-II.NFO,07/01/2020,11:13:56,186.8,186.7,4300,186.85,4300,0,1784500
TATAMOTORS-II.NFO,07/01/2020,11:14:02,186.8,186.7,8600,186.9,4300,0,1784500
TATAMOTORS-II.NFO,07/01/2020,11:14:06,186.8,186.75,4300,186.9,4300,0,1784500
TATAMOTORS-II.NFO,07/01/2020,11:14:17,186.85,186.65,4300,186.85,4300,4300,1784500
TATAMOTORS-II.NFO,07/01/2020,11:14:22,186.85,186.6,8600,186.8,4300,0,1784500
TATAMOTORS-II.NFO,07/01/2020,11:14:27,186.85,186.6,4300,186.8,4300,0,1784500
TATAMOTORS-II.NFO,07/01/2020,11:14:36,186.85,186.55,4300,186.8,12900,0,1784500
TATAMOTORS-II.NFO,07/01/2020,11:14:41,186.85,186.5,4300,186.7,4300,0,1784500
TATAMOTORS-II.NFO,07/01/2020,11:14:45,186.85,186.45,12900,186.7,4300,0,1784500
TATAMOTORS-II.NFO,07/01/2020,11:14:50,186.85,186.5,4300,186.6,4300,0,1784500
TATAMOTORS-II.NFO,07/01/2020,11:15:01,186.85,186.5,4300,186.65,8600,0,1784500
TATAMOTORS-II.NFO,07/01/2020,11:15:08,186.5,186.4,8600,186.6,4300,4300,1788800
TATAMOTORS-II.NFO,07/01/2020,11:15:08,186.5,186.4,8600,186.6,4300,0,1788800
TATAMOTORS-II.NFO,07/01/2020,11:15:12,186.05,185.9,8600,186.2,4300,12900,1788800
TATAMOTORS-II.NFO,07/01/2020,11:15:12,186.05,185.9,8600,186.2,4300,0,1788800
TATAMOTORS-II.NFO,07/01/2020,11:15:13,186.05,186.05,4300,186.25,4300,0,1788800
TATAMOTORS-II.NFO,07/01/2020,11:15:14,186.05,186,8600,186.25,4300,0,1788800
TATAMOTORS-II.NFO,07/01/2020,11:15:15,186.05,186.1,4300,186.3,4300,0,1788800
TATAMOTORS-II.NFO,07/01/2020,11:15:17,186.05,186.2,4300,186.4,4300,0,1788800
TATAMOTORS-II.NFO,07/01/2020,11:15:18,186.05,186.15,12900,186.45,4300,0,1788800
TATAMOTORS-II.NFO,07/01/2020,11:15:21,186.05,186.25,4300,186.45,4300,0,1788800
TATAMOTORS-II.NFO,07/01/2020,11:15:22,186.05,186.2,12900,186.4,4300,0,1788800
TATAMOTORS-II.NFO,07/01/2020,11:15:23,186.05,186.2,4300,186.4,4300,0,1788800
TATAMOTORS-II.NFO,07/01/2020,11:15:24,186.05,186.25,8600,186.45,4300,0,1788800
TATAMOTORS-II.NFO,07/01/2020,11:15:25,186.05,186.2,4300,186.45,4300,0,1788800
TATAMOTORS-II.NFO,07/01/2020,11:15:26,186.05,186.15,12900,186.4,4300,0,1788800
TATAMOTORS-II.NFO,07/01/2020,11:15:28,186.05,186.3,17200,186.5,4300,0,1788800
TATAMOTORS-II.NFO,07/01/2020,11:15:29,186.05,186.45,4300,186.5,4300,0,1788800
TATAMOTORS-II.NFO,07/01/2020,11:15:31,186.45,186.25,8600,186.45,4300,4300,1788800
TATAMOTORS-II.NFO,07/01/2020,11:15:32,186.45,186.2,4300,186.45,4300,0,1788800
TATAMOTORS-II.NFO,07/01/2020,11:15:39,186.45,186.2,8600,186.45,4300,0,1788800
TATAMOTORS-II.NFO,07/01/2020,11:15:41,186.45,186.25,12900,186.45,4300,0,1788800
TATAMOTORS-II.NFO,07/01/2020,11:15:50,186.45,186.25,12900,186.5,8600,0,1788800
TATAMOTORS-II.NFO,07/01/2020,11:15:51,186.45,186.25,8600,186.5,8600,0,1788800
TATAMOTORS-II.NFO,07/01/2020,11:15:53,186.45,186.2,4300,186.45,4300,0,1788800
TATAMOTORS-II.NFO,07/01/2020,11:15:54,186.45,186.2,8600,186.45,4300,0,1788800
TATAMOTORS-II.NFO,07/01/2020,11:15:59,186.45,186.2,4300,186.45,4300,0,1788800
TATAMOTORS-II.NFO,07/01/2020,11:16:01,186.45,186.15,8600,186.35,4300,0,1788800
TATAMOTORS-II.NFO,07/01/2020,11:16:06,186.45,186.25,4300,186.5,4300,0,1788800
TATAMOTORS-II.NFO,07/01/2020,11:16:07,186.45,186.15,8600,186.55,8600,0,1788800
TATAMOTORS-II.NFO,07/01/2020,11:16:08,186.45,186.2,12900,186.5,12900,0,1788800
TATAMOTORS-II.NFO,07/01/2020,11:16:09,186.45,186.2,12900,186.5,17200,0,1788800
TATAMOTORS-II.NFO,07/01/2020,11:16:10,186.45,186.2,8600,186.5,17200,0,1788800
TATAMOTORS-II.NFO,07/01/2020,11:16:11,186.45,186.2,12900,186.45,4300,0,1788800
TATAMOTORS-II.NFO,07/01/2020,11:16:15,186.45,186.25,8600,186.45,4300,0,1788800
TATAMOTORS-II.NFO,07/01/2020,11:16:21,186.45,186.35,17200,186.5,4300,0,1788800
TATAMOTORS-II.NFO,07/01/2020,11:16:27,186.5,186.65,4300,186.85,4300,4300,1788800
TATAMOTORS-II.NFO,07/01/2020,11:16:33,186.75,186.5,12900,186.8,4300,8600,1788800
TATAMOTORS-II.NFO,07/01/2020,11:16:37,186.75,186.65,12900,186.9,12900,0,1788800
TATAMOTORS-II.NFO,07/01/2020,11:16:42,186.75,186.65,12900,186.9,8600,0,1788800
TATAMOTORS-II.NFO,07/01/2020,11:16:47,186.75,186.55,12900,186.8,4300,0,1788800
TATAMOTORS-II.NFO,07/01/2020,11:16:53,186.75,186.55,8600,186.75,4300,0,1788800
TATAMOTORS-II.NFO,07/01/2020,11:16:59,186.75,186.55,4300,186.75,4300,0,1788800
TATAMOTORS-II.NFO,07/01/2020,11:17:04,186.75,186.6,17200,186.75,4300,0,1788800
TATAMOTORS-II.NFO,07/01/2020,11:17:09,186.75,186.55,8600,186.75,4300,0,1788800
TATAMOTORS-II.NFO,07/01/2020,11:17:12,186.75,186.5,8600,186.75,4300,0,1788800
TATAMOTORS-II.NFO,07/01/2020,11:17:14,186.75,186.55,8600,186.75,4300,0,1788800
TATAMOTORS-II.NFO,07/01/2020,11:17:18,186.75,186.55,8600,186.7,4300,0,1788800
TATAMOTORS-II.NFO,07/01/2020,11:17:19,186.75,186.55,12900,186.7,4300,0,1788800
TATAMOTORS-II.NFO,07/01/2020,11:17:24,186.75,186.55,8600,186.7,4300,0,1788800
TATAMOTORS-II.NFO,07/01/2020,11:17:34,186.7,186.6,8600,186.85,8600,4300,1793100
TATAMOTORS-II.NFO,07/01/2020,11:17:35,186.7,186.65,8600,186.9,4300,0,1793100
TATAMOTORS-II.NFO,07/01/2020,11:17:40,186.7,186.65,4300,186.9,4300,0,1793100
TATAMOTORS-II.NFO,07/01/2020,11:17:41,186.7,186.65,4300,186.95,8600,0,1793100
TATAMOTORS-II.NFO,07/01/2020,11:17:42,186.7,186.65,8600,186.9,4300,0,1793100
TATAMOTORS-II.NFO,07/01/2020,11:17:45,186.7,186.65,4300,186.9,4300,0,1793100
TATAMOTORS-II.NFO,07/01/2020,11:17:47,186.7,186.65,4300,186.85,8600,0,1793100
TATAMOTORS-II.NFO,07/01/2020,11:17:48,186.7,186.65,8600,186.85,8600,0,1793100
TATAMOTORS-II.NFO,07/01/2020,11:17:50,186.7,186.65,8600,186.8,4300,0,1793100
TATAMOTORS-II.NFO,07/01/2020,11:17:53,186.7,186.6,17200,186.8,4300,0,1793100
TATAMOTORS-II.NFO,07/01/2020,11:17:56,186.7,186.6,8600,186.8,4300,0,1793100
TATAMOTORS-II.NFO,07/01/2020,11:17:57,186.7,186.65,8600,186.8,4300,0,1793100
TATAMOTORS-II.NFO,07/01/2020,11:17:58,186.7,186.6,8600,186.85,8600,0,1793100
TATAMOTORS-II.NFO,07/01/2020,11:17:59,186.7,186.6,21500,186.8,4300,0,1793100
TATAMOTORS-II.NFO,07/01/2020,11:18:06,186.7,186.6,17200,186.8,4300,0,1793100
TATAMOTORS-II.NFO,07/01/2020,11:18:08,186.7,186.6,17200,186.85,8600,0,1793100
TATAMOTORS-II.NFO,07/01/2020,11:18:10,186.7,186.65,8600,186.85,8600,0,1793100
TATAMOTORS-II.NFO,07/01/2020,11:18:17,186.7,186.6,17200,186.8,4300,0,1793100
TATAMOTORS-II.NFO,07/01/2020,11:18:26,186.7,186.55,8600,186.75,4300,0,1793100
TATAMOTORS-II.NFO,07/01/2020,11:18:31,186.7,186.55,12900,186.75,8600,0,1793100
TATAMOTORS-II.NFO,07/01/2020,11:18:43,186.7,186.65,8600,186.85,4300,0,1793100
TATAMOTORS-II.NFO,07/01/2020,11:18:51,186.7,186.6,21500,186.8,8600,0,1793100
TATAMOTORS-II.NFO,07/01/2020,11:18:57,186.7,186.6,17200,186.85,8600,0,1793100
TATAMOTORS-II.NFO,07/01/2020,11:19:03,186.7,186.65,8600,186.85,8600,0,1793100
TATAMOTORS-II.NFO,07/01/2020,11:19:09,186.7,186.6,12900,186.85,12900,0,1793100
TATAMOTORS-II.NFO,07/01/2020,11:19:14,186.7,186.5,8600,186.7,4300,0,1793100
TATAMOTORS-II.NFO,07/01/2020,11:19:22,186.7,186.1,12900,186.3,4300,0,1793100
TATAMOTORS-II.NFO,07/01/2020,11:19:30,186.7,186.3,8600,186.5,8600,0,1793100
TATAMOTORS-II.NFO,07/01/2020,11:19:37,186.7,186.45,8600,186.65,8600,0,1793100
TATAMOTORS-II.NFO,07/01/2020,11:19:41,186.7,186.55,17200,186.75,12900,0,1793100
TATAMOTORS-II.NFO,07/01/2020,11:19:48,186.7,186.5,4300,186.75,12900,0,1793100
TATAMOTORS-II.NFO,07/01/2020,11:19:53,186.7,186.55,4300,186.75,12900,0,1793100
TATAMOTORS-II.NFO,07/01/2020,11:19:57,186.7,186.55,8600,186.75,12900,0,1793100
TATAMOTORS-II.NFO,07/01/2020,11:20:00,186.7,186.55,17200,186.85,12900,0,1793100
TATAMOTORS-II.NFO,07/01/2020,11:20:06,186.7,186.45,8600,186.75,12900,0,1793100
TATAMOTORS-II.NFO,07/01/2020,11:20:11,186.7,186.55,4300,186.8,12900,0,1793100
TATAMOTORS-II.NFO,07/01/2020,11:20:12,186.7,186.65,4300,186.85,4300,0,1793100
TATAMOTORS-II.NFO,07/01/2020,11:20:13,186.7,186.65,12900,186.85,4300,0,1793100
TATAMOTORS-II.NFO,07/01/2020,11:20:25,186.7,186.75,8600,186.9,4300,0,1793100
TATAMOTORS-II.NFO,07/01/2020,11:20:27,186.7,186.8,8600,187.1,12900,0,1793100
TATAMOTORS-II.NFO,07/01/2020,11:20:28,186.7,186.8,12900,187.1,12900,0,1793100
TATAMOTORS-II.NFO,07/01/2020,11:20:29,186.7,186.75,8600,186.95,4300,0,1793100
TATAMOTORS-II.NFO,07/01/2020,11:20:32,186.7,186.75,4300,187,12900,0,1793100
TATAMOTORS-II.NFO,07/01/2020,11:20:34,186.7,186.8,12900,187,12900,0,1793100
TATAMOTORS-II.NFO,07/01/2020,11:20:35,186.7,186.75,4300,187,12900,0,1793100
TATAMOTORS-II.NFO,07/01/2020,11:20:36,186.7,186.8,8600,187.05,8600,0,1793100
TATAMOTORS-II.NFO,07/01/2020,11:20:37,186.7,186.75,4300,187,4300,0,1793100
TATAMOTORS-II.NFO,07/01/2020,11:20:38,186.7,186.75,8600,187,4300,0,1793100
TATAMOTORS-II.NFO,07/01/2020,11:20:39,186.7,186.8,8600,187,4300,0,1793100
TATAMOTORS-II.NFO,07/01/2020,11:20:40,186.7,186.75,12900,187,4300,0,1793100
TATAMOTORS-II.NFO,07/01/2020,11:20:41,186.7,186.8,4300,187.05,8600,0,1793100
TATAMOTORS-II.NFO,07/01/2020,11:20:44,186.7,186.8,8600,187,4300,0,1793100
TATAMOTORS-II.NFO,07/01/2020,11:20:45,186.7,186.8,12900,187,4300,0,1793100
TATAMOTORS-II.NFO,07/01/2020,11:20:49,186.7,186.8,8600,187.05,8600,0,1793100
TATAMOTORS-II.NFO,07/01/2020,11:20:53,186.7,186.8,8600,187.15,21500,0,1793100
TATAMOTORS-II.NFO,07/01/2020,11:20:55,186.7,186.8,8600,187.15,30100,0,1793100
TATAMOTORS-II.NFO,07/01/2020,11:20:56,186.7,186.8,8600,187.15,25800,0,1793100
TATAMOTORS-II.NFO,07/01/2020,11:20:57,186.7,186.85,8600,187.05,4300,0,1793100
TATAMOTORS-II.NFO,07/01/2020,11:20:58,186.7,186.8,8600,187.05,4300,0,1793100
TATAMOTORS-II.NFO,07/01/2020,11:21:00,186.7,186.85,8600,187.05,4300,0,1793100
