Ticker,Date,Time,LTP,BuyPrice,BuyQty,SellPrice,SellQty,LTQ,OpenInterest
TATACHEM-II.NFO,07/01/2020,09:25:16,673.75,673.05,900,676.75,900,1800,27000
TATACHEM-II.NFO,07/01/2020,09:25:16,674.2,673.05,900,676.75,900,0,27000
TATACHEM-II.NFO,07/01/2020,09:25:16,674.2,673.05,900,676.75,900,0,27000
TATACHEM-II.NFO,07/01/2020,09:25:16,673.75,673.05,900,676.75,900,0,27000
TATACHEM-II.NFO,07/01/2020,09:25:23,674.2,673.7,900,676.35,900,0,27000
TATACHEM-II.NFO,07/01/2020,09:25:29,674.2,674.15,900,675.85,900,0,27000
TATACHEM-II.NFO,07/01/2020,09:25:36,674.2,673.3,900,675.45,900,0,27000
TATACHEM-II.NFO,07/01/2020,09:25:44,674.2,673.5,900,675.35,900,0,27000
TATACHEM-II.NFO,07/01/2020,09:25:58,674.2,673.65,900,675.25,900,0,27000
TATACHEM-II.NFO,07/01/2020,09:26:08,674.2,672.45,1800,675.2,900,0,27000
TATACHEM-II.NFO,07/01/2020,09:26:16,674.2,672.6,900,675.5,900,0,27000
TATACHEM-II.NFO,07/01/2020,09:26:22,674.2,673,900,675.2,900,0,27000
TATACHEM-II.NFO,07/01/2020,09:26:28,674.2,673.65,900,675.8,900,0,27000
TATACHEM-II.NFO,07/01/2020,09:26:35,674.2,673.25,900,675.9,900,0,27000
TATACHEM-II.NFO,07/01/2020,09:26:42,674.2,672.95,900,675.9,900,0,27000
TATACHEM-II.NFO,07/01/2020,09:26:48,674.2,674.05,900,675.8,900,0,27000
TATACHEM-II.NFO,07/01/2020,09:26:54,674.2,673.25,900,675.85,900,0,27000
TATACHEM-II.NFO,07/01/2020,09:26:59,674.2,673.45,900,675.75,900,0,27000
TATACHEM-II.NFO,07/01/2020,09:27:04,674.2,673.75,900,675.8,900,0,27000
TATACHEM-II.NFO,07/01/2020,09:27:09,674.2,673.2,900,675.8,1800,0,27000
TATACHEM-II.NFO,07/01/2020,09:27:22,674.2,674.1,900,675.85,900,0,27000
TATACHEM-II.NFO,07/01/2020,09:27:29,674.2,673.95,900,675.85,900,0,27000
TATACHEM-II.NFO,07/01/2020,09:27:35,674.2,673.35,900,675.85,900,0,27000
TATACHEM-II.NFO,07/01/2020,09:27:41,674.2,673.85,900,675.65,900,0,27000
TATACHEM-II.NFO,07/01/2020,09:27:52,674.2,674.2,900,675.75,900,0,27000
TATACHEM-II.NFO,07/01/2020,09:28:09,674.2,673.5,900,676,900,0,27000
TATACHEM-II.NFO,07/01/2020,09:28:17,674.2,673.3,900,675.45,1800,0,27000
TATACHEM-II.NFO,07/01/2020,09:28:23,674.2,672.65,900,675.7,900,0,27000
TATACHEM-II.NFO,07/01/2020,09:28:29,674.2,672.65,900,675.7,1800,0,27000
TATACHEM-II.NFO,07/01/2020,09:28:35,674.2,673.45,900,675.8,900,0,27000
TATACHEM-II.NFO,07/01/2020,09:28:41,674.2,672.75,900,675.7,900,0,27000
TATACHEM-II.NFO,07/01/2020,09:28:46,674.2,673.15,900,675.9,900,0,27000
TATACHEM-II.NFO,07/01/2020,09:28:52,674.2,672.95,900,675.65,900,0,27000
TATACHEM-II.NFO,07/01/2020,09:28:58,674.2,673.25,900,675.05,900,0,27000
TATACHEM-II.NFO,07/01/2020,09:29:04,674.2,673.55,900,675.6,900,0,27000
TATACHEM-II.NFO,07/01/2020,09:29:11,674.2,673.15,900,675.55,900,0,27000
TATACHEM-II.NFO,07/01/2020,09:29:17,674.2,673.85,900,675.7,900,0,27000
TATACHEM-II.NFO,07/01/2020,09:29:22,674.2,672.75,1800,675.8,900,0,27000
TATACHEM-II.NFO,07/01/2020,09:29:29,674.2,674.05,900,675.9,900,0,27000
TATACHEM-II.NFO,07/01/2020,09:29:35,674.2,674.15,900,675.7,900,0,27000
TATACHEM-II.NFO,07/01/2020,09:29:41,674.2,673.25,900,675.9,900,0,27000
TATACHEM-II.NFO,07/01/2020,09:29:48,674.2,673.05,900,676,900,0,27000
TATACHEM-II.NFO,07/01/2020,09:29:53,674.2,673.65,900,675.45,900,0,27000
TATACHEM-II.NFO,07/01/2020,09:29:58,674.2,673.85,900,675.8,900,0,27000
TATACHEM-II.NFO,07/01/2020,09:30:03,674.2,673.4,900,675.7,900,0,27000
TATACHEM-II.NFO,07/01/2020,09:30:21,674.2,673.8,900,675.9,900,0,27000
TATACHEM-II.NFO,07/01/2020,09:30:27,674.2,673.6,900,675.7,900,0,27000
TATACHEM-II.NFO,07/01/2020,09:30:32,674.2,674.2,900,675.8,900,0,27000
TATACHEM-II.NFO,07/01/2020,09:30:37,674.2,673.85,900,677.2,900,0,27000
TATACHEM-II.NFO,07/01/2020,09:30:43,674.2,674.45,900,677.2,900,0,27000
TATACHEM-II.NFO,07/01/2020,09:30:48,674.2,674.8,900,677.25,900,0,27000
TATACHEM-II.NFO,07/01/2020,09:30:53,674.2,674.55,900,677.05,900,0,27000
TATACHEM-II.NFO,07/01/2020,09:30:58,674.2,675.25,900,677.15,900,0,27000
TATACHEM-II.NFO,07/01/2020,09:31:09,674.2,674.7,900,676.55,900,0,27000
TATACHEM-II.NFO,07/01/2020,09:31:15,674.2,674.05,900,675.95,900,0,27000
TATACHEM-II.NFO,07/01/2020,09:31:21,674.2,673.65,900,676.1,900,0,27000
TATACHEM-II.NFO,07/01/2020,09:31:27,674.2,673.7,900,676.1,1800,0,27000
TATACHEM-II.NFO,07/01/2020,09:31:32,674.2,674.75,900,676.45,900,0,27000
TATACHEM-II.NFO,07/01/2020,09:31:38,674.2,674.85,900,677.2,1800,0,27000
TATACHEM-II.NFO,07/01/2020,09:31:44,674.2,674.1,900,676.1,1800,0,27000
TATACHEM-II.NFO,07/01/2020,09:31:54,674.2,674.5,900,676.1,1800,0,27000
TATACHEM-II.NFO,07/01/2020,09:32:01,676.1,675.05,900,678,900,1800,27900
TATACHEM-II.NFO,07/01/2020,09:32:01,676.1,675.05,900,678,900,0,27900
TATACHEM-II.NFO,07/01/2020,09:32:07,676.1,675.8,900,677.8,1800,0,27900
TATACHEM-II.NFO,07/01/2020,09:32:14,676.1,675.8,900,678.05,900,0,27900
TATACHEM-II.NFO,07/01/2020,09:32:21,676.1,676.1,900,677.95,900,0,27900
TATACHEM-II.NFO,07/01/2020,09:32:28,676.1,676.2,900,677.75,900,0,27900
TATACHEM-II.NFO,07/01/2020,09:32:34,676.1,676.3,900,678.05,900,0,27900
TATACHEM-II.NFO,07/01/2020,09:32:41,676.1,676.15,900,677.95,900,0,27900
TATACHEM-II.NFO,07/01/2020,09:32:53,676.1,675.85,900,678,900,0,27900
TATACHEM-II.NFO,07/01/2020,09:32:59,678.2,675.75,900,679.95,900,3600,28800
TATACHEM-II.NFO,07/01/2020,09:32:59,678.2,675.75,900,679.95,900,0,28800
TATACHEM-II.NFO,07/01/2020,09:33:04,678.2,675.45,900,678.55,900,0,28800
TATACHEM-II.NFO,07/01/2020,09:33:17,678.2,675.45,900,677.5,900,0,28800
TATACHEM-II.NFO,07/01/2020,09:33:23,678.2,675.45,900,677.6,900,0,28800
TATACHEM-II.NFO,07/01/2020,09:33:30,678.2,675.4,900,677.5,900,0,28800
TATACHEM-II.NFO,07/01/2020,09:33:35,678.2,676.25,900,679,900,0,28800
TATACHEM-II.NFO,07/01/2020,09:33:46,678.2,676.75,900,679.25,900,0,28800
TATACHEM-II.NFO,07/01/2020,09:33:51,678.2,676.5,1800,678.75,900,0,28800
TATACHEM-II.NFO,07/01/2020,09:33:56,678.2,676.5,900,678.65,900,0,28800
TATACHEM-II.NFO,07/01/2020,09:34:02,678.2,676.85,900,679.1,900,0,28800
TATACHEM-II.NFO,07/01/2020,09:34:07,678.2,677.4,900,679.2,900,0,28800
TATACHEM-II.NFO,07/01/2020,09:34:12,678.2,676.2,900,679.1,900,0,28800
TATACHEM-II.NFO,07/01/2020,09:34:13,678.2,676.9,900,679,900,0,28800
TATACHEM-II.NFO,07/01/2020,09:34:20,678.2,676.3,900,678.8,900,0,28800
TATACHEM-II.NFO,07/01/2020,09:34:21,678.2,676.6,1800,679.2,900,0,28800
TATACHEM-II.NFO,07/01/2020,09:34:22,678.2,676.6,1800,678.9,900,0,28800
TATACHEM-II.NFO,07/01/2020,09:34:24,678.2,676.7,900,679.8,900,0,28800
TATACHEM-II.NFO,07/01/2020,09:34:25,678.2,676.05,900,679.45,900,0,28800
TATACHEM-II.NFO,07/01/2020,09:34:26,678.2,676.75,900,679.25,900,0,28800
TATACHEM-II.NFO,07/01/2020,09:34:27,678.2,676.95,1800,679.05,900,0,28800
TATACHEM-II.NFO,07/01/2020,09:34:28,678.2,676.95,1800,678.85,900,0,28800
TATACHEM-II.NFO,07/01/2020,09:34:30,678.2,676.25,900,679.4,900,0,28800
TATACHEM-II.NFO,07/01/2020,09:34:31,678.2,676.65,1800,679.05,900,0,28800
TATACHEM-II.NFO,07/01/2020,09:34:31,678.2,675.6,900,678.65,900,0,28800
TATACHEM-II.NFO,07/01/2020,09:34:32,678.2,676.5,900,679.5,900,0,28800
TATACHEM-II.NFO,07/01/2020,09:34:33,678.2,676.3,900,679.3,900,0,28800
TATACHEM-II.NFO,07/01/2020,09:34:34,678.2,676.55,1800,678.6,900,0,28800
TATACHEM-II.NFO,07/01/2020,09:34:35,678.2,675.65,900,679.15,900,0,28800
TATACHEM-II.NFO,07/01/2020,09:34:36,678.2,676.2,1800,678.65,900,0,28800
TATACHEM-II.NFO,07/01/2020,09:34:37,678.2,675.9,900,678.55,900,0,28800
TATACHEM-II.NFO,07/01/2020,09:34:38,678.2,676.4,900,679.25,900,0,28800
TATACHEM-II.NFO,07/01/2020,09:34:39,678.2,676.5,1800,679.15,900,0,28800
TATACHEM-II.NFO,07/01/2020,09:34:41,678.2,676.3,900,678.95,900,0,28800
TATACHEM-II.NFO,07/01/2020,09:34:42,678.2,675.55,900,679.65,900,0,28800
TATACHEM-II.NFO,07/01/2020,09:34:43,678.2,675.65,900,679.5,900,0,28800
TATACHEM-II.NFO,07/01/2020,09:34:45,678.2,676.45,1800,679.15,900,0,28800
TATACHEM-II.NFO,07/01/2020,09:34:45,678.2,676.1,900,678.75,900,0,28800
TATACHEM-II.NFO,07/01/2020,09:34:46,678.2,676.2,1800,679.05,900,0,28800
TATACHEM-II.NFO,07/01/2020,09:34:47,678.2,676.3,900,679.35,900,0,28800
TATACHEM-II.NFO,07/01/2020,09:34:48,678.2,676.35,1800,678.65,1800,0,28800
TATACHEM-II.NFO,07/01/2020,09:34:49,678.2,675.85,900,678.95,900,0,28800
TATACHEM-II.NFO,07/01/2020,09:34:50,678.2,676.15,900,679.8,900,0,28800
TATACHEM-II.NFO,07/01/2020,09:34:51,678.2,676.05,900,679.4,900,0,28800
TATACHEM-II.NFO,07/01/2020,09:34:52,678.2,676.5,1800,679.1,900,0,28800
TATACHEM-II.NFO,07/01/2020,09:34:58,678.2,675.9,900,679,900,0,28800
TATACHEM-II.NFO,07/01/2020,09:35:00,678.2,676.5,900,678.8,900,0,28800
TATACHEM-II.NFO,07/01/2020,09:35:00,678.2,675.45,900,679.75,900,0,28800
TATACHEM-II.NFO,07/01/2020,09:35:01,678.2,675.6,900,679.65,900,0,28800
TATACHEM-II.NFO,07/01/2020,09:35:02,678.2,676.25,900,678.85,900,0,28800
TATACHEM-II.NFO,07/01/2020,09:35:05,678.2,676.5,1800,679.65,900,0,28800
TATACHEM-II.NFO,07/01/2020,09:35:06,678.2,676.3,900,679.2,1800,0,28800
TATACHEM-II.NFO,07/01/2020,09:35:08,678.2,676.4,900,679.05,900,0,28800
TATACHEM-II.NFO,07/01/2020,09:35:16,678.2,675.95,900,678.95,900,0,28800
TATACHEM-II.NFO,07/01/2020,09:35:19,678.2,675.9,900,679.5,900,0,28800
TATACHEM-II.NFO,07/01/2020,09:35:20,678.2,676.3,1800,679,900,0,28800
TATACHEM-II.NFO,07/01/2020,09:35:21,678.2,676.15,900,678.7,900,0,28800
TATACHEM-II.NFO,07/01/2020,09:35:22,678.2,676.3,1800,679.35,900,0,28800
TATACHEM-II.NFO,07/01/2020,09:35:23,678.2,676.3,1800,679.25,1800,0,28800
TATACHEM-II.NFO,07/01/2020,09:35:24,678.2,675.9,900,678.7,900,0,28800
TATACHEM-II.NFO,07/01/2020,09:35:27,678.2,676.6,1800,679.65,900,0,28800
TATACHEM-II.NFO,07/01/2020,09:35:28,678.2,676.6,1800,679.45,900,0,28800
TATACHEM-II.NFO,07/01/2020,09:35:30,678.2,676.6,1800,679.35,900,0,28800
TATACHEM-II.NFO,07/01/2020,09:35:32,678.2,676.6,1800,679.25,900,0,28800
TATACHEM-II.NFO,07/01/2020,09:35:32,678.2,675.85,900,679.15,900,0,28800
TATACHEM-II.NFO,07/01/2020,09:35:33,678.2,676.55,1800,678.75,900,0,28800
TATACHEM-II.NFO,07/01/2020,09:35:37,678.2,676.55,1800,678.65,900,0,28800
TATACHEM-II.NFO,07/01/2020,09:35:44,678.2,675.6,900,678.55,900,0,28800
TATACHEM-II.NFO,07/01/2020,09:35:44,678.2,674.25,900,677.95,900,0,28800
TATACHEM-II.NFO,07/01/2020,09:35:45,678.2,675.1,900,678.55,900,0,28800
TATACHEM-II.NFO,07/01/2020,09:35:46,678.2,675.5,900,678.05,900,0,28800
TATACHEM-II.NFO,07/01/2020,09:35:47,678.2,675.7,1800,678.55,900,0,28800
TATACHEM-II.NFO,07/01/2020,09:35:48,678.2,675.7,1800,678.4,900,0,28800
TATACHEM-II.NFO,07/01/2020,09:35:49,678.2,675.1,900,678.1,900,0,28800
TATACHEM-II.NFO,07/01/2020,09:35:50,678.2,675.25,900,678.7,900,0,28800
TATACHEM-II.NFO,07/01/2020,09:35:51,678.2,674.85,900,678.4,900,0,28800
TATACHEM-II.NFO,07/01/2020,09:35:52,678.2,674.9,900,677.9,900,0,28800
TATACHEM-II.NFO,07/01/2020,09:35:54,678.2,675.35,900,678.3,900,0,28800
TATACHEM-II.NFO,07/01/2020,09:35:55,678.2,674.75,900,678,900,0,28800
TATACHEM-II.NFO,07/01/2020,09:35:55,678.2,675.05,900,677.9,900,0,28800
TATACHEM-II.NFO,07/01/2020,09:35:56,678.2,675.35,900,677.65,900,0,28800
TATACHEM-II.NFO,07/01/2020,09:35:57,678.2,674.45,900,678.25,900,0,28800
TATACHEM-II.NFO,07/01/2020,09:35:58,678.2,675.1,900,677.75,900,0,28800
TATACHEM-II.NFO,07/01/2020,09:35:59,678.2,675.1,1800,678.4,900,0,28800
TATACHEM-II.NFO,07/01/2020,09:36:00,678.2,674.9,900,677.95,900,0,28800
TATACHEM-II.NFO,07/01/2020,09:36:01,678.2,674.6,900,677.65,900,0,28800
TATACHEM-II.NFO,07/01/2020,09:36:02,678.2,674.4,900,678.25,900,0,28800
TATACHEM-II.NFO,07/01/2020,09:36:03,678.2,674.5,900,677.75,900,0,28800
TATACHEM-II.NFO,07/01/2020,09:36:04,678.2,675.5,1800,677.15,900,0,28800
TATACHEM-II.NFO,07/01/2020,09:36:06,678.2,675.2,900,678.1,900,0,28800
TATACHEM-II.NFO,07/01/2020,09:36:09,678.2,675.15,900,677.9,900,0,28800
TATACHEM-II.NFO,07/01/2020,09:36:10,678.2,675.25,900,678.55,900,0,28800
TATACHEM-II.NFO,07/01/2020,09:36:11,678.2,674.65,900,678.35,1800,0,28800
TATACHEM-II.NFO,07/01/2020,09:36:12,678.2,675.75,900,677.85,900,0,28800
TATACHEM-II.NFO,07/01/2020,09:36:17,678.2,674.2,900,677.75,900,0,28800
TATACHEM-II.NFO,07/01/2020,09:36:19,678.2,674.95,900,677.35,900,0,28800
TATACHEM-II.NFO,07/01/2020,09:36:24,678.2,675.05,900,677.15,900,0,28800
TATACHEM-II.NFO,07/01/2020,09:36:24,678.2,675.15,900,678.2,900,0,28800
TATACHEM-II.NFO,07/01/2020,09:36:33,678.2,675.75,900,678,900,0,28800
TATACHEM-II.NFO,07/01/2020,09:36:45,678.2,674.35,900,677.9,900,0,28800
TATACHEM-II.NFO,07/01/2020,09:36:45,678.2,674.75,900,678.7,900,0,28800
TATACHEM-II.NFO,07/01/2020,09:36:47,678.2,675.55,1800,678.2,900,0,28800
TATACHEM-II.NFO,07/01/2020,09:36:49,678.2,675.55,1800,678.1,900,0,28800
TATACHEM-II.NFO,07/01/2020,09:36:50,678.2,674.6,900,677.8,900,0,28800
TATACHEM-II.NFO,07/01/2020,09:36:58,678.2,675.6,900,677.7,900,0,28800
TATACHEM-II.NFO,07/01/2020,09:36:59,678.2,675.25,900,678.25,900,0,28800
TATACHEM-II.NFO,07/01/2020,09:37:07,678.2,675.55,1800,678.15,900,0,28800
TATACHEM-II.NFO,07/01/2020,09:37:09,678.2,675.55,1800,678.05,900,0,28800
TATACHEM-II.NFO,07/01/2020,09:37:17,678.2,675.55,1800,677.65,900,0,28800
TATACHEM-II.NFO,07/01/2020,09:37:21,678.2,675.7,1800,677.8,900,0,28800
TATACHEM-II.NFO,07/01/2020,09:37:26,678.2,674.7,900,677.4,900,0,28800
TATACHEM-II.NFO,07/01/2020,09:37:31,678.2,675.1,900,677.3,900,0,28800
TATACHEM-II.NFO,07/01/2020,09:37:42,678.2,675.4,900,678.1,900,0,28800
TATACHEM-II.NFO,07/01/2020,09:37:51,678.2,674.4,900,677.9,900,0,28800
TATACHEM-II.NFO,07/01/2020,09:37:56,678.2,675.65,900,678.1,900,0,28800
TATACHEM-II.NFO,07/01/2020,09:38:07,678.2,675.85,900,678,900,0,28800
TATACHEM-II.NFO,07/01/2020,09:38:12,678.2,674.9,900,678.1,900,0,28800
TATACHEM-II.NFO,07/01/2020,09:38:17,678.2,675.5,900,678,900,0,28800
TATACHEM-II.NFO,07/01/2020,09:38:22,678.2,674.4,900,677.7,900,0,28800
TATACHEM-II.NFO,07/01/2020,09:38:27,678.2,675.25,900,678.1,900,0,28800
TATACHEM-II.NFO,07/01/2020,09:38:40,678.2,675.55,900,678,900,0,28800
TATACHEM-II.NFO,07/01/2020,09:38:50,678.2,674.85,900,677.4,900,0,28800
TATACHEM-II.NFO,07/01/2020,09:38:56,678.2,675.2,900,678.1,900,0,28800
TATACHEM-II.NFO,07/01/2020,09:39:01,678.2,675.5,900,678,900,0,28800
TATACHEM-II.NFO,07/01/2020,09:39:06,678.2,675.9,1800,677.5,900,0,28800
TATACHEM-II.NFO,07/01/2020,09:39:11,678.2,675.9,1800,677.4,900,0,28800
TATACHEM-II.NFO,07/01/2020,09:39:16,678.2,675.45,900,678.65,900,0,28800
TATACHEM-II.NFO,07/01/2020,09:39:27,678.2,676.35,900,678.65,900,0,28800
TATACHEM-II.NFO,07/01/2020,09:39:48,678.2,676.1,900,678.55,900,0,28800
TATACHEM-II.NFO,07/01/2020,09:39:53,678.2,676.45,900,678.55,1800,0,28800
TATACHEM-II.NFO,07/01/2020,09:39:58,678.2,676.55,900,678.55,1800,0,28800
TATACHEM-II.NFO,07/01/2020,09:40:03,678.2,677.45,900,679.75,900,0,28800
TATACHEM-II.NFO,07/01/2020,09:40:09,678.2,677.55,900,679.45,900,0,28800
TATACHEM-II.NFO,07/01/2020,09:40:16,678.2,677.35,900,679.45,900,0,28800
TATACHEM-II.NFO,07/01/2020,09:40:22,678.2,677,1800,678.75,900,0,28800
TATACHEM-II.NFO,07/01/2020,09:40:27,678.2,677,1800,678.25,900,0,28800
TATACHEM-II.NFO,07/01/2020,09:40:33,678.2,676.4,900,679.15,900,0,28800
TATACHEM-II.NFO,07/01/2020,09:40:39,678.2,676.7,900,678.95,900,0,28800
TATACHEM-II.NFO,07/01/2020,09:40:44,678.2,676.75,1800,678.4,900,0,28800
TATACHEM-II.NFO,07/01/2020,09:40:50,678.2,676.75,1800,678.9,900,0,28800
TATACHEM-II.NFO,07/01/2020,09:40:55,678.2,676.75,1800,678.7,900,0,28800
TATACHEM-II.NFO,07/01/2020,09:41:00,678.2,676.55,1800,678.2,900,0,28800
TATACHEM-II.NFO,07/01/2020,09:41:06,678.35,676.7,900,680.3,900,900,30600
TATACHEM-II.NFO,07/01/2020,09:41:06,678.35,676.7,900,680.3,900,0,30600
TATACHEM-II.NFO,07/01/2020,09:41:12,678.35,677.65,900,680.35,900,0,30600
TATACHEM-II.NFO,07/01/2020,09:41:17,678.35,677.35,900,680.25,900,0,30600
TATACHEM-II.NFO,07/01/2020,09:41:22,678.35,677.1,900,680.05,900,0,30600
TATACHEM-II.NFO,07/01/2020,09:41:27,678.35,677.5,900,679.55,900,0,30600
TATACHEM-II.NFO,07/01/2020,09:41:33,678.35,677.2,900,679.15,900,0,30600
TATACHEM-II.NFO,07/01/2020,09:41:47,678.35,677.5,900,679.05,900,0,30600
TATACHEM-II.NFO,07/01/2020,09:41:53,678.35,677.8,900,680.15,900,0,30600
TATACHEM-II.NFO,07/01/2020,09:42:00,678.35,676.75,900,679.45,900,0,30600
TATACHEM-II.NFO,07/01/2020,09:42:08,678.35,676.9,900,679.25,900,0,30600
TATACHEM-II.NFO,07/01/2020,09:42:15,678.35,676.75,900,678.95,900,0,30600
TATACHEM-II.NFO,07/01/2020,09:42:22,678.35,675.85,900,678.75,900,0,30600
TATACHEM-II.NFO,07/01/2020,09:42:28,678.35,676.8,900,679.3,900,0,30600
TATACHEM-II.NFO,07/01/2020,09:42:35,678.35,676.55,900,678.7,900,0,30600
TATACHEM-II.NFO,07/01/2020,09:42:42,678.35,676.3,900,678.4,900,0,30600
TATACHEM-II.NFO,07/01/2020,09:42:49,678.35,676.6,900,678.7,900,0,30600
TATACHEM-II.NFO,07/01/2020,09:42:56,678.35,675.75,900,678.55,900,0,30600
TATACHEM-II.NFO,07/01/2020,09:43:02,678.35,676.65,1800,678.15,900,0,30600
TATACHEM-II.NFO,07/01/2020,09:43:08,678.35,676.25,1800,679.25,900,0,30600
TATACHEM-II.NFO,07/01/2020,09:43:12,678.35,676.4,1800,678.3,900,0,30600
TATACHEM-II.NFO,07/01/2020,09:43:17,678.35,676.4,1800,678.8,900,0,30600
TATACHEM-II.NFO,07/01/2020,09:43:22,678.35,676.4,1800,678.6,900,0,30600
TATACHEM-II.NFO,07/01/2020,09:43:28,678.35,676.4,1800,678.3,900,0,30600
TATACHEM-II.NFO,07/01/2020,09:43:33,678.35,676.4,1800,678.1,900,0,30600
TATACHEM-II.NFO,07/01/2020,09:43:38,678.35,675.55,900,677.7,900,0,30600
TATACHEM-II.NFO,07/01/2020,09:43:43,678.35,676,1800,677.9,900,0,30600
TATACHEM-II.NFO,07/01/2020,09:43:48,678.35,676,900,677.35,900,0,30600
TATACHEM-II.NFO,07/01/2020,09:43:53,678.35,675.75,900,678.4,900,0,30600
TATACHEM-II.NFO,07/01/2020,09:43:59,678.35,675.2,900,678,900,0,30600
TATACHEM-II.NFO,07/01/2020,09:44:05,678.35,676.1,1800,677.8,900,0,30600
TATACHEM-II.NFO,07/01/2020,09:44:11,678.35,675.75,900,677.6,900,0,30600
TATACHEM-II.NFO,07/01/2020,09:44:17,678.35,675.95,900,679.3,2700,0,30600
TATACHEM-II.NFO,07/01/2020,09:44:22,678.35,676.4,900,678.1,900,0,30600
TATACHEM-II.NFO,07/01/2020,09:44:28,678.35,676.25,1800,677.5,900,0,30600
TATACHEM-II.NFO,07/01/2020,09:44:33,678.35,675.55,900,678.6,900,0,30600
TATACHEM-II.NFO,07/01/2020,09:44:42,678.35,675.85,900,678.5,900,0,30600
TATACHEM-II.NFO,07/01/2020,09:44:52,678.35,676.25,1800,678,900,0,30600
TATACHEM-II.NFO,07/01/2020,09:44:57,678.35,676.15,1800,678.6,900,0,30600
TATACHEM-II.NFO,07/01/2020,09:45:02,678.35,676.15,1800,678.4,900,0,30600
TATACHEM-II.NFO,07/01/2020,09:45:09,678.35,676.15,1800,679.4,900,0,30600
TATACHEM-II.NFO,07/01/2020,09:45:16,678.35,676.15,1800,678.4,900,0,30600
TATACHEM-II.NFO,07/01/2020,09:45:40,678.35,676.15,1800,678.3,900,0,30600
TATACHEM-II.NFO,07/01/2020,09:45:52,678.35,676.15,1800,678.1,900,0,30600
TATACHEM-II.NFO,07/01/2020,09:45:57,678.35,676.15,1800,678,900,0,30600
TATACHEM-II.NFO,07/01/2020,09:46:02,678.35,676.15,1800,677.6,900,0,30600
TATACHEM-II.NFO,07/01/2020,09:46:08,678.35,676.15,1800,679.3,900,0,30600
TATACHEM-II.NFO,07/01/2020,09:46:18,678.35,676.15,1800,678.85,900,0,30600
TATACHEM-II.NFO,07/01/2020,09:46:23,678.35,676.15,1800,678.4,900,0,30600
TATACHEM-II.NFO,07/01/2020,09:46:29,678.35,676.15,1800,678.3,900,0,30600
TATACHEM-II.NFO,07/01/2020,09:46:35,678.35,676.15,1800,677.8,900,0,30600
TATACHEM-II.NFO,07/01/2020,09:46:41,678.35,676.15,1800,677.7,900,0,30600
TATACHEM-II.NFO,07/01/2020,09:46:46,678.35,676.15,1800,677.5,900,0,30600
TATACHEM-II.NFO,07/01/2020,09:47:02,678.35,676.15,1800,678.9,900,0,30600
TATACHEM-II.NFO,07/01/2020,09:47:07,678.35,676.15,1800,678.45,900,0,30600
TATACHEM-II.NFO,07/01/2020,09:47:12,678.35,676.15,1800,678.25,900,0,30600
TATACHEM-II.NFO,07/01/2020,09:47:35,678.35,676.15,1800,678.15,900,0,30600
TATACHEM-II.NFO,07/01/2020,09:47:40,678.35,676.15,1800,678.05,900,0,30600
TATACHEM-II.NFO,07/01/2020,09:47:44,678.35,676.15,1800,677.95,900,0,30600
TATACHEM-II.NFO,07/01/2020,09:48:17,678.35,675.2,900,677.65,900,0,30600
TATACHEM-II.NFO,07/01/2020,09:48:22,678.35,675.4,900,677.55,900,0,30600
TATACHEM-II.NFO,07/01/2020,09:48:27,678.35,675.6,900,677.45,900,0,30600
TATACHEM-II.NFO,07/01/2020,09:48:39,678.35,675.55,900,677.05,900,0,30600
TATACHEM-II.NFO,07/01/2020,09:48:45,678.35,675.75,1800,677.7,900,0,30600
TATACHEM-II.NFO,07/01/2020,09:48:51,678.35,675.75,1800,677.4,900,0,30600
TATACHEM-II.NFO,07/01/2020,09:48:57,678.35,675.75,1800,677.2,900,0,30600
TATACHEM-II.NFO,07/01/2020,09:49:04,678.35,675.75,1800,677.75,900,0,30600
TATACHEM-II.NFO,07/01/2020,09:49:10,678.35,675.1,900,677.5,900,0,30600
TATACHEM-II.NFO,07/01/2020,09:49:16,678.35,675.45,900,678,900,0,30600
TATACHEM-II.NFO,07/01/2020,09:49:21,678.35,674.85,900,677.65,900,0,30600
TATACHEM-II.NFO,07/01/2020,09:49:26,678.35,675.45,900,677.4,900,0,30600
TATACHEM-II.NFO,07/01/2020,09:49:33,678.35,674.6,900,677.1,900,0,30600
TATACHEM-II.NFO,07/01/2020,09:49:38,678.35,674.85,900,677.95,900,0,30600
TATACHEM-II.NFO,07/01/2020,09:49:43,678.35,675.25,900,677.85,900,0,30600
TATACHEM-II.NFO,07/01/2020,09:49:54,678.35,675.55,900,677.65,900,0,30600
TATACHEM-II.NFO,07/01/2020,09:50:03,678.35,676.05,1800,677.35,900,0,30600
TATACHEM-II.NFO,07/01/2020,09:50:08,678.35,676.05,1800,677.2,900,0,30600
TATACHEM-II.NFO,07/01/2020,09:50:13,678.35,674.85,900,677.9,900,0,30600
TATACHEM-II.NFO,07/01/2020,09:50:24,678.35,675.15,900,677.7,900,0,30600
TATACHEM-II.NFO,07/01/2020,09:50:28,678.35,675.05,900,678.1,900,0,30600
TATACHEM-II.NFO,07/01/2020,09:50:33,678.35,675.95,900,677.9,900,0,30600
TATACHEM-II.NFO,07/01/2020,09:50:37,678.35,675.7,900,677.6,900,0,30600
TATACHEM-II.NFO,07/01/2020,09:50:56,678.35,676,1800,677.3,900,0,30600
TATACHEM-II.NFO,07/01/2020,09:51:00,678.35,675,900,678,900,0,30600
TATACHEM-II.NFO,07/01/2020,09:51:06,678.35,675.9,1800,677.7,900,0,30600
TATACHEM-II.NFO,07/01/2020,09:51:12,678.35,675.1,900,677.6,900,0,30600
TATACHEM-II.NFO,07/01/2020,09:51:16,678.35,675.8,900,677.3,900,0,30600
TATACHEM-II.NFO,07/01/2020,09:51:24,678.35,674.75,900,677.9,900,0,30600
TATACHEM-II.NFO,07/01/2020,09:51:29,678.35,675.15,900,677.6,900,0,30600
TATACHEM-II.NFO,07/01/2020,09:52:01,678.35,674.8,900,678,1800,0,30600
TATACHEM-II.NFO,07/01/2020,09:52:11,678.35,675.2,900,677.7,900,0,30600
TATACHEM-II.NFO,07/01/2020,09:52:16,678.35,675.8,1800,677.4,900,0,30600
TATACHEM-II.NFO,07/01/2020,09:52:32,678.35,675.35,900,677,900,0,30600
TATACHEM-II.NFO,07/01/2020,09:52:46,678.35,675.75,1800,677.55,900,0,30600
TATACHEM-II.NFO,07/01/2020,09:52:50,678.35,675.75,1800,677.25,900,0,30600
TATACHEM-II.NFO,07/01/2020,09:52:59,678.35,674.3,900,677.65,900,0,30600
TATACHEM-II.NFO,07/01/2020,09:53:05,678.35,675.2,1800,677.45,900,0,30600
TATACHEM-II.NFO,07/01/2020,09:53:12,678.35,675.2,1800,677.25,900,0,30600
TATACHEM-II.NFO,07/01/2020,09:53:18,678.35,675.2,1800,677.55,900,0,30600
TATACHEM-II.NFO,07/01/2020,09:53:23,678.35,675.2,1800,676.8,900,0,30600
TATACHEM-II.NFO,07/01/2020,09:53:28,678.35,675.2,1800,677.75,900,0,30600
TATACHEM-II.NFO,07/01/2020,09:53:32,678.35,675.2,1800,677.65,1800,0,30600
TATACHEM-II.NFO,07/01/2020,09:53:37,678.35,675.2,1800,677.2,900,0,30600
TATACHEM-II.NFO,07/01/2020,09:53:42,678.35,675.2,1800,677.9,900,0,30600
TATACHEM-II.NFO,07/01/2020,09:53:47,678.35,675.2,1800,677.7,900,0,30600
TATACHEM-II.NFO,07/01/2020,09:53:52,678.35,675.2,1800,678.1,1800,0,30600
TATACHEM-II.NFO,07/01/2020,09:53:58,678.35,675.2,1800,678,900,0,30600
TATACHEM-II.NFO,07/01/2020,09:54:03,678.35,675.2,1800,677.65,900,0,30600
TATACHEM-II.NFO,07/01/2020,09:54:08,678.35,675.2,1800,677.55,900,0,30600
TATACHEM-II.NFO,07/01/2020,09:54:13,678.35,675.2,1800,677.35,900,0,30600
TATACHEM-II.NFO,07/01/2020,09:54:19,678.35,675.2,1800,677.25,900,0,30600
TATACHEM-II.NFO,07/01/2020,09:54:30,678.35,675.2,1800,677.6,900,0,30600
TATACHEM-II.NFO,07/01/2020,09:54:34,678.35,674.85,1800,676.75,900,0,30600
TATACHEM-II.NFO,07/01/2020,09:54:39,678.35,674.85,1800,676.55,900,0,30600
TATACHEM-II.NFO,07/01/2020,09:54:44,678.35,674.85,1800,676.95,900,0,30600
TATACHEM-II.NFO,07/01/2020,09:54:49,678.35,674.85,1800,677.3,900,0,30600
TATACHEM-II.NFO,07/01/2020,09:54:53,678.35,674.85,1800,676.8,900,0,30600
TATACHEM-II.NFO,07/01/2020,09:54:59,678.35,674.85,1800,677.45,900,0,30600
TATACHEM-II.NFO,07/01/2020,09:55:05,678.35,674.45,900,677.45,1800,0,30600
TATACHEM-II.NFO,07/01/2020,09:55:10,678.35,675.35,1800,677.65,900,0,30600
TATACHEM-II.NFO,07/01/2020,09:55:16,678.35,674.35,900,677.25,900,0,30600
TATACHEM-II.NFO,07/01/2020,09:55:22,678.35,675.1,900,677.6,900,0,30600
TATACHEM-II.NFO,07/01/2020,09:55:27,678.35,675.2,900,677.2,900,0,30600
TATACHEM-II.NFO,07/01/2020,09:55:33,678.35,675.1,900,676.75,900,0,30600
TATACHEM-II.NFO,07/01/2020,09:55:43,678.35,675.4,1800,677.35,900,0,30600
TATACHEM-II.NFO,07/01/2020,09:55:47,678.35,675.3,1800,677.85,900,0,30600
TATACHEM-II.NFO,07/01/2020,09:55:51,678.35,675.3,1800,677.65,900,0,30600
TATACHEM-II.NFO,07/01/2020,09:55:55,678.35,675.3,1800,677.05,900,0,30600
TATACHEM-II.NFO,07/01/2020,09:56:00,678.35,675.3,1800,676.75,900,0,30600
TATACHEM-II.NFO,07/01/2020,09:56:05,678.35,675.3,1800,676.9,900,0,30600
TATACHEM-II.NFO,07/01/2020,09:56:11,678.35,673.9,1800,676.9,900,0,30600
TATACHEM-II.NFO,07/01/2020,09:56:18,678.35,674.35,900,676.3,900,0,30600
TATACHEM-II.NFO,07/01/2020,09:56:25,678.35,674.55,900,676.4,900,0,30600
TATACHEM-II.NFO,07/01/2020,09:56:36,678.35,675.15,900,676.8,900,0,30600
TATACHEM-II.NFO,07/01/2020,09:56:46,678.35,674.05,900,676.7,900,0,30600
TATACHEM-II.NFO,07/01/2020,09:57:03,678.35,675.15,900,676.8,900,0,30600
TATACHEM-II.NFO,07/01/2020,09:57:13,678.35,674.05,900,676.7,900,0,30600
TATACHEM-II.NFO,07/01/2020,09:57:19,678.35,674.95,1800,677.2,900,0,30600
TATACHEM-II.NFO,07/01/2020,09:57:24,678.35,674.95,1800,677.05,900,0,30600
TATACHEM-II.NFO,07/01/2020,09:57:30,678.35,674.35,900,677.3,900,0,30600
TATACHEM-II.NFO,07/01/2020,09:57:35,678.35,674.45,900,677.15,900,0,30600
TATACHEM-II.NFO,07/01/2020,09:57:40,678.35,674.55,900,676.6,900,0,30600
TATACHEM-II.NFO,07/01/2020,09:57:56,678.35,674.95,1800,677.1,900,0,30600
TATACHEM-II.NFO,07/01/2020,09:58:02,678.35,674.05,900,677,900,0,30600
TATACHEM-II.NFO,07/01/2020,09:58:18,678.35,674.95,1800,677.15,900,0,30600
TATACHEM-II.NFO,07/01/2020,09:58:23,678.35,674.95,1800,676.95,900,0,30600
TATACHEM-II.NFO,07/01/2020,09:58:28,678.35,674.85,1800,676.55,900,0,30600
TATACHEM-II.NFO,07/01/2020,09:58:32,678.35,674.55,900,677.15,900,0,30600
TATACHEM-II.NFO,07/01/2020,09:58:41,678.35,674.95,1800,676.45,900,0,30600
TATACHEM-II.NFO,07/01/2020,09:58:46,678.35,674.05,900,677.65,900,0,30600
TATACHEM-II.NFO,07/01/2020,09:58:51,678.35,674.25,900,677.5,900,0,30600
TATACHEM-II.NFO,07/01/2020,09:58:57,678.35,674.95,1800,677.25,900,0,30600
TATACHEM-II.NFO,07/01/2020,09:59:03,678.35,674.55,900,677.35,900,0,30600
TATACHEM-II.NFO,07/01/2020,09:59:09,678.35,674.45,900,677.5,900,0,30600
TATACHEM-II.NFO,07/01/2020,09:59:15,678.35,674.35,900,676.85,900,0,30600
TATACHEM-II.NFO,07/01/2020,09:59:21,678.35,674.25,900,677.45,900,0,30600
TATACHEM-II.NFO,07/01/2020,09:59:27,678.35,674.95,1800,677,900,0,30600
TATACHEM-II.NFO,07/01/2020,09:59:32,678.35,674.95,1800,676.9,900,0,30600
TATACHEM-II.NFO,07/01/2020,09:59:37,678.35,674.95,1800,676.8,900,0,30600
TATACHEM-II.NFO,07/01/2020,09:59:42,678.35,674.95,1800,677.4,900,0,30600
TATACHEM-II.NFO,07/01/2020,09:59:46,678.35,674.95,1800,677,900,0,30600
TATACHEM-II.NFO,07/01/2020,09:59:50,678.35,674.95,1800,676.9,900,0,30600
TATACHEM-II.NFO,07/01/2020,09:59:54,678.35,674.95,1800,676.8,900,0,30600
TATACHEM-II.NFO,07/01/2020,10:00:03,678.35,673.65,900,676.15,900,0,30600
TATACHEM-II.NFO,07/01/2020,10:00:11,678.35,673.75,900,677.2,900,0,30600
TATACHEM-II.NFO,07/01/2020,10:00:18,678.35,674.45,900,676.8,900,0,30600
TATACHEM-II.NFO,07/01/2020,10:00:29,678.35,674.25,900,677.05,900,0,30600
TATACHEM-II.NFO,07/01/2020,10:00:34,678.35,673.85,900,676.3,900,0,30600
TATACHEM-II.NFO,07/01/2020,10:00:38,678.35,674.85,900,676.95,900,0,30600
TATACHEM-II.NFO,07/01/2020,10:00:44,674.85,674.25,900,677.2,900,900,31500
TATACHEM-II.NFO,07/01/2020,10:00:51,674.85,674.55,900,676.35,900,0,31500
TATACHEM-II.NFO,07/01/2020,10:00:58,674.85,673.5,1800,676.4,900,0,31500
TATACHEM-II.NFO,07/01/2020,10:01:03,674.85,673.5,1800,676.25,900,0,31500
TATACHEM-II.NFO,07/01/2020,10:01:10,674.85,673.5,1800,675.9,900,0,31500
TATACHEM-II.NFO,07/01/2020,10:01:16,674.85,672.95,1800,675.5,900,0,31500
TATACHEM-II.NFO,07/01/2020,10:01:23,674.85,673,900,674.15,900,0,31500
TATACHEM-II.NFO,07/01/2020,10:01:30,673,671.25,900,675.2,900,900,31500
TATACHEM-II.NFO,07/01/2020,10:01:30,673,671.25,900,675.2,900,0,31500
TATACHEM-II.NFO,07/01/2020,10:01:35,673,671.35,900,675.5,900,0,31500
TATACHEM-II.NFO,07/01/2020,10:01:40,673,671.4,1800,674.7,900,0,31500
TATACHEM-II.NFO,07/01/2020,10:01:46,673,671.5,900,674.8,900,0,31500
TATACHEM-II.NFO,07/01/2020,10:01:52,673,671.6,900,675.15,900,0,31500
TATACHEM-II.NFO,07/01/2020,10:01:58,673,671.7,900,674.95,900,0,31500
TATACHEM-II.NFO,07/01/2020,10:02:03,673,671.35,900,674.6,900,0,31500
TATACHEM-II.NFO,07/01/2020,10:02:09,673,671.45,900,674.1,900,0,31500
TATACHEM-II.NFO,07/01/2020,10:02:15,673,671.45,900,674.15,900,0,31500
TATACHEM-II.NFO,07/01/2020,10:02:19,673,671.45,900,675.05,900,0,31500
TATACHEM-II.NFO,07/01/2020,10:02:24,673,671.45,900,674.35,900,0,31500
TATACHEM-II.NFO,07/01/2020,10:02:29,673,671.35,900,675,900,0,31500
TATACHEM-II.NFO,07/01/2020,10:02:34,673,671.45,900,674.55,900,0,31500
TATACHEM-II.NFO,07/01/2020,10:02:39,673,671.25,900,674.9,900,0,31500
TATACHEM-II.NFO,07/01/2020,10:02:44,673,671.35,900,674.5,900,0,31500
TATACHEM-II.NFO,07/01/2020,10:02:49,673,671.35,900,675.1,900,0,31500
TATACHEM-II.NFO,07/01/2020,10:02:54,673,671.35,900,674.65,900,0,31500
TATACHEM-II.NFO,07/01/2020,10:03:00,673,671.35,900,674.15,900,0,31500
TATACHEM-II.NFO,07/01/2020,10:03:06,673,671.45,900,673.95,900,0,31500
TATACHEM-II.NFO,07/01/2020,10:03:12,673,671.35,900,674.55,900,0,31500
TATACHEM-II.NFO,07/01/2020,10:03:18,673,671.25,900,674.1,900,0,31500
TATACHEM-II.NFO,07/01/2020,10:03:23,673,671.25,900,674.8,900,0,31500
TATACHEM-II.NFO,07/01/2020,10:03:29,673,671.25,900,674.45,900,0,31500
TATACHEM-II.NFO,07/01/2020,10:03:34,673,671.25,900,674.2,900,0,31500
TATACHEM-II.NFO,07/01/2020,10:03:39,673,671.25,900,674.05,900,0,31500
TATACHEM-II.NFO,07/01/2020,10:03:44,673,671.25,900,673.6,900,0,31500
TATACHEM-II.NFO,07/01/2020,10:03:50,673,671.25,900,673.5,900,0,31500
TATACHEM-II.NFO,07/01/2020,10:03:55,673,671.25,900,674.45,900,0,31500
TATACHEM-II.NFO,07/01/2020,10:04:01,673,671.25,900,674.35,900,0,31500
TATACHEM-II.NFO,07/01/2020,10:04:07,673,671.25,900,673.8,900,0,31500
TATACHEM-II.NFO,07/01/2020,10:04:12,673,671.25,900,673.6,900,0,31500
TATACHEM-II.NFO,07/01/2020,10:04:22,673,671.25,900,674.3,900,0,31500
TATACHEM-II.NFO,07/01/2020,10:04:27,673,671.25,900,673.9,900,0,31500
TATACHEM-II.NFO,07/01/2020,10:04:32,673,671.25,900,673.8,900,0,31500
TATACHEM-II.NFO,07/01/2020,10:04:37,673,671.25,900,674.55,900,0,31500
TATACHEM-II.NFO,07/01/2020,10:04:43,673,671.25,900,674.35,900,0,31500
TATACHEM-II.NFO,07/01/2020,10:04:48,673,671.25,900,673.8,900,0,31500
TATACHEM-II.NFO,07/01/2020,10:04:53,673,671.25,900,673.7,900,0,31500
TATACHEM-II.NFO,07/01/2020,10:04:58,673,671.25,900,673.6,900,0,31500
TATACHEM-II.NFO,07/01/2020,10:05:04,673,671.25,900,674.45,900,0,31500
TATACHEM-II.NFO,07/01/2020,10:05:09,673,671.25,900,674.05,900,0,31500
TATACHEM-II.NFO,07/01/2020,10:05:15,673,671.25,900,673.75,900,0,31500
TATACHEM-II.NFO,07/01/2020,10:05:19,673,671.25,900,674.7,900,0,31500
TATACHEM-II.NFO,07/01/2020,10:05:28,673,671.25,900,674.2,900,0,31500
TATACHEM-II.NFO,07/01/2020,10:05:35,673,671.25,900,674.35,900,0,31500
TATACHEM-II.NFO,07/01/2020,10:05:42,673,671.25,900,674.25,900,0,31500
TATACHEM-II.NFO,07/01/2020,10:05:47,673,671.25,900,673.45,900,0,31500
TATACHEM-II.NFO,07/01/2020,10:05:54,673,671.25,900,673.35,900,0,31500
TATACHEM-II.NFO,07/01/2020,10:06:05,673,671.2,900,672.65,900,0,31500
TATACHEM-II.NFO,07/01/2020,10:06:11,673,671.2,900,673.05,900,0,31500
TATACHEM-II.NFO,07/01/2020,10:06:17,673,671.2,900,672.35,900,0,31500
TATACHEM-II.NFO,07/01/2020,10:06:23,673,671.2,900,673.3,900,0,31500
TATACHEM-II.NFO,07/01/2020,10:06:29,673,671.2,900,672.65,900,0,31500
TATACHEM-II.NFO,07/01/2020,10:06:34,673,671.2,1800,673.4,900,0,31500
TATACHEM-II.NFO,07/01/2020,10:06:39,673,671.2,1800,673.1,900,0,31500
TATACHEM-II.NFO,07/01/2020,10:06:44,673,671.2,900,672.75,900,0,31500
TATACHEM-II.NFO,07/01/2020,10:06:49,673,671.2,900,672.5,900,0,31500
TATACHEM-II.NFO,07/01/2020,10:06:55,673,671.2,1800,673.05,900,0,31500
TATACHEM-II.NFO,07/01/2020,10:06:59,673,671.2,1800,673.6,900,0,31500
TATACHEM-II.NFO,07/01/2020,10:07:04,673,671.2,1800,673.4,900,0,31500
TATACHEM-II.NFO,07/01/2020,10:07:09,673,671.2,1800,673.1,900,0,31500
TATACHEM-II.NFO,07/01/2020,10:07:15,673,671.2,900,672.7,900,0,31500
TATACHEM-II.NFO,07/01/2020,10:07:20,673,671.2,1800,672.45,900,0,31500
TATACHEM-II.NFO,07/01/2020,10:07:33,673,671.2,1800,673.3,900,0,31500
TATACHEM-II.NFO,07/01/2020,10:07:39,673,671.2,1800,673.15,900,0,31500
TATACHEM-II.NFO,07/01/2020,10:07:45,673,671.2,1800,673.9,900,0,31500
TATACHEM-II.NFO,07/01/2020,10:07:51,673,671.2,1800,673,900,0,31500
TATACHEM-II.NFO,07/01/2020,10:07:57,673,671.2,1800,674.2,900,0,31500
TATACHEM-II.NFO,07/01/2020,10:08:11,673,671.2,1800,674.1,900,0,31500
TATACHEM-II.NFO,07/01/2020,10:08:17,673,671.3,900,674.65,900,0,31500
TATACHEM-II.NFO,07/01/2020,10:08:22,673,671.25,900,674.45,900,0,31500
TATACHEM-II.NFO,07/01/2020,10:08:28,673,671.25,900,674.35,900,0,31500
TATACHEM-II.NFO,07/01/2020,10:08:35,673,671.25,900,674.15,900,0,31500
TATACHEM-II.NFO,07/01/2020,10:08:42,673,671.25,900,674.65,900,0,31500
TATACHEM-II.NFO,07/01/2020,10:08:48,673,671.7,900,673.75,900,0,31500
TATACHEM-II.NFO,07/01/2020,10:08:54,673,672.2,900,674.45,900,0,31500
TATACHEM-II.NFO,07/01/2020,10:09:05,673,671.25,900,674.25,900,0,31500
TATACHEM-II.NFO,07/01/2020,10:09:21,673,672.45,900,673.95,900,0,31500
TATACHEM-II.NFO,07/01/2020,10:09:26,673,672.25,900,674.5,900,0,31500
TATACHEM-II.NFO,07/01/2020,10:09:31,673,672.5,900,674.1,900,0,31500
TATACHEM-II.NFO,07/01/2020,10:09:36,673,671.35,900,674,900,0,31500
TATACHEM-II.NFO,07/01/2020,10:09:41,673,671.45,1800,674.45,900,0,31500
TATACHEM-II.NFO,07/01/2020,10:09:46,673,671.45,1800,674.15,900,0,31500
TATACHEM-II.NFO,07/01/2020,10:09:51,673,671.45,1800,673.95,900,0,31500
TATACHEM-II.NFO,07/01/2020,10:09:56,673,672,900,674.4,900,0,31500
TATACHEM-II.NFO,07/01/2020,10:10:03,673,672.1,900,675.1,900,0,31500
TATACHEM-II.NFO,07/01/2020,10:10:10,673,672.35,900,675.1,900,0,31500
TATACHEM-II.NFO,07/01/2020,10:10:22,673,672.85,900,675.2,900,0,31500
TATACHEM-II.NFO,07/01/2020,10:10:27,673,673.5,900,675.1,900,0,31500
TATACHEM-II.NFO,07/01/2020,10:10:32,673,671.95,900,675.75,900,0,31500
TATACHEM-II.NFO,07/01/2020,10:10:36,673,672.85,900,675.4,900,0,31500
TATACHEM-II.NFO,07/01/2020,10:10:41,673,673.3,900,674.7,900,0,31500
TATACHEM-II.NFO,07/01/2020,10:10:56,673,671.75,900,674.45,900,0,31500
TATACHEM-II.NFO,07/01/2020,10:11:00,673,672.2,900,675.85,900,0,31500
TATACHEM-II.NFO,07/01/2020,10:11:05,673,672.4,900,675.7,900,0,31500
TATACHEM-II.NFO,07/01/2020,10:11:10,673,672.75,900,675.65,900,0,31500
TATACHEM-II.NFO,07/01/2020,10:11:15,673,673.25,900,676.05,900,0,31500
TATACHEM-II.NFO,07/01/2020,10:11:21,673,673.4,900,675.35,900,0,31500
TATACHEM-II.NFO,07/01/2020,10:11:31,673,672.4,900,675.85,900,0,31500
TATACHEM-II.NFO,07/01/2020,10:11:36,673,673.65,900,675.95,900,0,31500
TATACHEM-II.NFO,07/01/2020,10:11:43,673,673.1,900,676.05,900,0,31500
TATACHEM-II.NFO,07/01/2020,10:11:49,673,672.7,1800,676.35,900,0,31500
TATACHEM-II.NFO,07/01/2020,10:11:54,673,674.25,900,676.45,900,0,31500
TATACHEM-II.NFO,07/01/2020,10:12:01,673,672.7,900,676.35,900,0,31500
TATACHEM-II.NFO,07/01/2020,10:12:07,673,672.95,900,676.65,900,0,31500
TATACHEM-II.NFO,07/01/2020,10:12:13,673,674,900,676.65,900,0,31500
TATACHEM-II.NFO,07/01/2020,10:12:18,673,672.75,900,676.45,900,0,31500
TATACHEM-II.NFO,07/01/2020,10:12:23,673,673.6,900,676.15,900,0,31500
TATACHEM-II.NFO,07/01/2020,10:12:28,673,673.8,900,676.05,900,0,31500
TATACHEM-II.NFO,07/01/2020,10:12:34,673,673.2,900,675.75,900,0,31500
TATACHEM-II.NFO,07/01/2020,10:12:44,673,672.95,900,675.25,900,0,31500
TATACHEM-II.NFO,07/01/2020,10:12:55,673,673.35,900,675.05,900,0,31500
TATACHEM-II.NFO,07/01/2020,10:13:01,673,673.55,900,674.95,900,0,31500
TATACHEM-II.NFO,07/01/2020,10:13:07,673,673.75,900,674.9,900,0,31500
TATACHEM-II.NFO,07/01/2020,10:13:19,673,673.7,900,675.95,900,0,31500
TATACHEM-II.NFO,07/01/2020,10:13:32,673,672.7,900,675.75,900,0,31500
TATACHEM-II.NFO,07/01/2020,10:13:42,673,672.9,900,675.65,900,0,31500
TATACHEM-II.NFO,07/01/2020,10:13:48,673,673.2,900,675.55,900,0,31500
TATACHEM-II.NFO,07/01/2020,10:13:54,673,673.6,900,675.35,900,0,31500
TATACHEM-II.NFO,07/01/2020,10:14:00,673,673.9,900,675.15,900,0,31500
TATACHEM-II.NFO,07/01/2020,10:14:16,673,672.55,1800,675,900,0,31500
TATACHEM-II.NFO,07/01/2020,10:14:21,673,672.5,900,676,900,0,31500
TATACHEM-II.NFO,07/01/2020,10:14:27,673,672.8,900,675.75,900,0,31500
TATACHEM-II.NFO,07/01/2020,10:14:33,673,672.5,900,675.2,900,0,31500
TATACHEM-II.NFO,07/01/2020,10:14:39,673,672.85,900,675.9,900,0,31500
TATACHEM-II.NFO,07/01/2020,10:14:45,673,673.75,900,675.5,900,0,31500
TATACHEM-II.NFO,07/01/2020,10:14:55,673,673.4,900,676.25,900,0,31500
TATACHEM-II.NFO,07/01/2020,10:15:08,673,673.25,900,676.1,900,0,31500
TATACHEM-II.NFO,07/01/2020,10:15:18,673,673.95,900,676.45,900,0,31500
TATACHEM-II.NFO,07/01/2020,10:15:23,673,673.25,900,675.95,900,0,31500
TATACHEM-II.NFO,07/01/2020,10:15:28,673,673.65,900,675.75,900,0,31500
TATACHEM-II.NFO,07/01/2020,10:15:33,673,672.85,900,676.7,900,0,31500
TATACHEM-II.NFO,07/01/2020,10:15:39,673,673,900,676.15,900,0,31500
TATACHEM-II.NFO,07/01/2020,10:15:44,673,673.4,900,675.95,900,0,31500
TATACHEM-II.NFO,07/01/2020,10:15:50,673,672.8,900,675.75,900,0,31500
TATACHEM-II.NFO,07/01/2020,10:15:56,673,673.6,900,675.25,900,0,31500
TATACHEM-II.NFO,07/01/2020,10:16:01,673,672.85,900,676.05,900,0,31500
TATACHEM-II.NFO,07/01/2020,10:16:06,673,673.45,900,675.65,900,0,31500
TATACHEM-II.NFO,07/01/2020,10:16:15,673,673.35,900,675.05,900,0,31500
TATACHEM-II.NFO,07/01/2020,10:16:19,673,673.55,900,676,1800,0,31500
TATACHEM-II.NFO,07/01/2020,10:16:23,673,673.05,900,675.45,900,0,31500
TATACHEM-II.NFO,07/01/2020,10:16:28,673,673.75,900,675.1,900,0,31500
TATACHEM-II.NFO,07/01/2020,10:16:38,673,673.5,900,676,900,0,31500
TATACHEM-II.NFO,07/01/2020,10:16:43,673,673.9,900,676.55,900,0,31500
TATACHEM-II.NFO,07/01/2020,10:16:48,673,672.6,900,676.25,900,0,31500
TATACHEM-II.NFO,07/01/2020,10:16:53,673,673.05,900,676.2,900,0,31500
TATACHEM-II.NFO,07/01/2020,10:16:58,673,672.6,900,676.75,900,0,31500
TATACHEM-II.NFO,07/01/2020,10:17:04,673,673.2,900,676.3,900,0,31500
TATACHEM-II.NFO,07/01/2020,10:17:36,673,673.45,900,676.35,900,0,31500
TATACHEM-II.NFO,07/01/2020,10:17:45,673,672.95,900,675.85,900,0,31500
TATACHEM-II.NFO,07/01/2020,10:17:49,673,673.3,900,676.95,900,0,31500
TATACHEM-II.NFO,07/01/2020,10:17:53,673,673.55,900,676.55,900,0,31500
TATACHEM-II.NFO,07/01/2020,10:17:57,673,673.65,900,676.05,900,0,31500
TATACHEM-II.NFO,07/01/2020,10:18:01,673,673.1,900,676.75,900,0,31500
TATACHEM-II.NFO,07/01/2020,10:18:05,673,673.65,900,676.3,900,0,31500
TATACHEM-II.NFO,07/01/2020,10:18:09,673,674.05,900,676.2,900,0,31500
TATACHEM-II.NFO,07/01/2020,10:18:13,673,673.75,900,676,1800,0,31500
TATACHEM-II.NFO,07/01/2020,10:18:17,673,673.85,900,676.65,900,0,31500
TATACHEM-II.NFO,07/01/2020,10:18:24,673,674.05,900,676.55,900,0,31500
TATACHEM-II.NFO,07/01/2020,10:18:37,673,673.1,900,676.45,900,0,31500
TATACHEM-II.NFO,07/01/2020,10:18:42,673,673.8,900,676.25,900,0,31500
TATACHEM-II.NFO,07/01/2020,10:18:47,673,673.25,900,676.35,900,0,31500
TATACHEM-II.NFO,07/01/2020,10:18:52,673,672.9,900,675.95,900,0,31500
TATACHEM-II.NFO,07/01/2020,10:19:05,673,673.85,900,676.55,900,0,31500
TATACHEM-II.NFO,07/01/2020,10:19:18,673,673.1,900,676.25,900,0,31500
TATACHEM-II.NFO,07/01/2020,10:19:23,673,673.7,900,675.85,900,0,31500
TATACHEM-II.NFO,07/01/2020,10:19:28,673,673.25,900,676.75,900,0,31500
TATACHEM-II.NFO,07/01/2020,10:19:32,673,673,900,676.4,900,0,31500
TATACHEM-II.NFO,07/01/2020,10:19:36,673,673.7,900,676,900,0,31500
TATACHEM-II.NFO,07/01/2020,10:19:45,673,673.9,900,676.35,900,0,31500
TATACHEM-II.NFO,07/01/2020,10:19:50,673,674,900,675.95,900,0,31500
TATACHEM-II.NFO,07/01/2020,10:19:56,673,673.8,900,676.35,900,0,31500
TATACHEM-II.NFO,07/01/2020,10:20:06,673,673.05,900,676.15,900,0,31500
TATACHEM-II.NFO,07/01/2020,10:20:16,673,672.7,900,676.55,900,0,31500
TATACHEM-II.NFO,07/01/2020,10:20:21,673,673.2,900,676.45,900,0,31500
TATACHEM-II.NFO,07/01/2020,10:20:25,673,673.5,900,676.35,900,0,31500
TATACHEM-II.NFO,07/01/2020,10:20:39,673,673.05,900,676.15,900,0,31500
TATACHEM-II.NFO,07/01/2020,10:20:42,673,673.6,900,676.65,900,0,31500
TATACHEM-II.NFO,07/01/2020,10:20:46,673,673.15,900,676.35,900,0,31500
TATACHEM-II.NFO,07/01/2020,10:20:51,673,673.95,900,676.15,900,0,31500
TATACHEM-II.NFO,07/01/2020,10:20:55,673,673.1,900,675.95,900,0,31500
TATACHEM-II.NFO,07/01/2020,10:20:59,673,673.85,900,676.25,900,0,31500
TATACHEM-II.NFO,07/01/2020,10:21:04,673,672.7,1800,676.15,900,0,31500
TATACHEM-II.NFO,07/01/2020,10:21:09,673,672.8,1800,676.55,900,0,31500
TATACHEM-II.NFO,07/01/2020,10:21:14,673,673.45,900,676.35,900,0,31500
TATACHEM-II.NFO,07/01/2020,10:21:23,673,674.15,900,676.15,900,0,31500
TATACHEM-II.NFO,07/01/2020,10:21:34,673,673.3,900,676.85,900,0,31500
TATACHEM-II.NFO,07/01/2020,10:21:39,673,674.25,900,676.55,900,0,31500
TATACHEM-II.NFO,07/01/2020,10:21:43,673,672.7,900,676.45,900,0,31500
TATACHEM-II.NFO,07/01/2020,10:21:47,673,673.15,900,676.15,900,0,31500
TATACHEM-II.NFO,07/01/2020,10:21:52,673,673.4,900,675.75,900,0,31500
TATACHEM-II.NFO,07/01/2020,10:21:57,673,673.8,900,675.65,900,0,31500
TATACHEM-II.NFO,07/01/2020,10:22:01,673,673.25,900,675.45,900,0,31500
TATACHEM-II.NFO,07/01/2020,10:22:05,673,672.9,900,676.4,900,0,31500
TATACHEM-II.NFO,07/01/2020,10:22:10,673,673.4,900,676.2,900,0,31500
TATACHEM-II.NFO,07/01/2020,10:22:15,673,672.75,900,675.9,900,0,31500
TATACHEM-II.NFO,07/01/2020,10:22:20,673,673.25,900,675.6,900,0,31500
TATACHEM-II.NFO,07/01/2020,10:22:28,673,673.95,900,676.8,900,0,31500
TATACHEM-II.NFO,07/01/2020,10:22:32,673,673.1,900,676.4,900,0,31500
TATACHEM-II.NFO,07/01/2020,10:22:48,673,672.85,900,676.1,900,0,31500
TATACHEM-II.NFO,07/01/2020,10:22:55,673,671.7,900,675,900,0,31500
TATACHEM-II.NFO,07/01/2020,10:23:00,673,671.75,900,674.6,900,0,31500
TATACHEM-II.NFO,07/01/2020,10:23:10,673,672.25,900,675.6,900,0,31500
TATACHEM-II.NFO,07/01/2020,10:23:15,673,671.75,900,675.3,900,0,31500
TATACHEM-II.NFO,07/01/2020,10:23:20,673,672.55,900,675.1,900,0,31500
TATACHEM-II.NFO,07/01/2020,10:23:24,673,672.95,900,674.8,900,0,31500
TATACHEM-II.NFO,07/01/2020,10:23:29,673,671.65,900,674.7,900,0,31500
TATACHEM-II.NFO,07/01/2020,10:23:35,673,671.8,900,675.6,900,0,31500
TATACHEM-II.NFO,07/01/2020,10:23:39,673,672.45,900,674,900,0,31500
TATACHEM-II.NFO,07/01/2020,10:23:44,673,672.5,900,675.15,900,0,31500
TATACHEM-II.NFO,07/01/2020,10:23:49,673,672.3,900,674.95,900,0,31500
TATACHEM-II.NFO,07/01/2020,10:23:54,673,671.8,900,674.25,900,0,31500
TATACHEM-II.NFO,07/01/2020,10:24:09,673,672.5,900,675.4,900,0,31500
TATACHEM-II.NFO,07/01/2020,10:24:14,673,672.1,900,674.9,900,0,31500
TATACHEM-II.NFO,07/01/2020,10:24:19,673,672.4,900,674.8,900,0,31500
TATACHEM-II.NFO,07/01/2020,10:24:23,673,672.35,900,674.3,900,0,31500
TATACHEM-II.NFO,07/01/2020,10:24:31,673,672.65,900,674.2,900,0,31500
TATACHEM-II.NFO,07/01/2020,10:24:54,673,672.45,900,674.5,900,0,31500
TATACHEM-II.NFO,07/01/2020,10:24:58,673,671.2,900,674,900,0,31500
TATACHEM-II.NFO,07/01/2020,10:25:03,673,671.8,900,674.45,900,0,31500
TATACHEM-II.NFO,07/01/2020,10:25:11,673,672.1,1800,674.9,900,0,31500
TATACHEM-II.NFO,07/01/2020,10:25:14,673,671.15,900,674.15,900,0,31500
TATACHEM-II.NFO,07/01/2020,10:25:18,673,670.9,900,673.85,900,0,31500
TATACHEM-II.NFO,07/01/2020,10:25:22,673,671.35,900,673.65,900,0,31500
TATACHEM-II.NFO,07/01/2020,10:25:26,673,671.75,900,673.45,900,0,31500
TATACHEM-II.NFO,07/01/2020,10:25:31,673,671.35,900,674.35,900,0,31500
TATACHEM-II.NFO,07/01/2020,10:25:35,673,670.95,900,673.95,900,0,31500
TATACHEM-II.NFO,07/01/2020,10:25:39,673,671.65,900,673.65,900,0,31500
TATACHEM-II.NFO,07/01/2020,10:25:49,673,671.45,900,674.25,900,0,31500
TATACHEM-II.NFO,07/01/2020,10:25:54,673,672.25,900,674.55,900,0,31500
TATACHEM-II.NFO,07/01/2020,10:25:59,673,670.95,900,674.05,900,0,31500
TATACHEM-II.NFO,07/01/2020,10:26:04,673,671.2,900,673.95,900,0,31500
TATACHEM-II.NFO,07/01/2020,10:26:08,673,671.4,900,673.85,900,0,31500
TATACHEM-II.NFO,07/01/2020,10:26:13,673,672.2,1800,673.65,900,0,31500
TATACHEM-II.NFO,07/01/2020,10:26:18,673,671.1,900,674.25,900,0,31500
TATACHEM-II.NFO,07/01/2020,10:26:22,673,671.8,900,674.05,900,0,31500
TATACHEM-II.NFO,07/01/2020,10:26:26,673,672.3,900,675.1,900,0,31500
TATACHEM-II.NFO,07/01/2020,10:26:29,673,671.95,900,674.8,900,0,31500
TATACHEM-II.NFO,07/01/2020,10:26:32,673,672.15,900,674.7,900,0,31500
TATACHEM-II.NFO,07/01/2020,10:26:36,673,672.3,900,675.4,900,0,31500
TATACHEM-II.NFO,07/01/2020,10:26:41,673,672.15,900,675,900,0,31500
TATACHEM-II.NFO,07/01/2020,10:26:45,673,672.65,900,674.9,900,0,31500
TATACHEM-II.NFO,07/01/2020,10:26:49,673,671.8,900,674.9,900,0,31500
TATACHEM-II.NFO,07/01/2020,10:26:58,673,672.1,900,674.8,900,0,31500
TATACHEM-II.NFO,07/01/2020,10:27:02,673,671.75,900,675.05,900,0,31500
TATACHEM-II.NFO,07/01/2020,10:27:07,673,672.85,900,675.75,900,0,31500
TATACHEM-II.NFO,07/01/2020,10:27:10,673,672.85,900,675.4,900,0,31500
TATACHEM-II.NFO,07/01/2020,10:27:12,673,671.85,900,675.2,900,0,31500
TATACHEM-II.NFO,07/01/2020,10:27:18,673,672.45,900,675.1,900,0,31500
TATACHEM-II.NFO,07/01/2020,10:27:20,673,672.95,900,675,900,0,31500
TATACHEM-II.NFO,07/01/2020,10:27:22,673,672.45,900,674.8,900,0,31500
TATACHEM-II.NFO,07/01/2020,10:27:23,673,672.7,900,675.6,900,0,31500
TATACHEM-II.NFO,07/01/2020,10:27:25,673,671.65,900,675.5,900,0,31500
TATACHEM-II.NFO,07/01/2020,10:27:26,673,672.55,900,675.1,900,0,31500
TATACHEM-II.NFO,07/01/2020,10:27:27,673,671.9,900,674.9,900,0,31500
TATACHEM-II.NFO,07/01/2020,10:27:31,673,671.55,900,675.7,900,0,31500
TATACHEM-II.NFO,07/01/2020,10:27:34,673,672.05,900,675.5,900,0,31500
TATACHEM-II.NFO,07/01/2020,10:27:34,673,672.1,900,675.3,900,0,31500
TATACHEM-II.NFO,07/01/2020,10:27:37,673,672.7,900,675.2,900,0,31500
TATACHEM-II.NFO,07/01/2020,10:27:38,673,671.55,900,675.8,900,0,31500
TATACHEM-II.NFO,07/01/2020,10:27:39,673,671.95,900,675.65,900,0,31500
TATACHEM-II.NFO,07/01/2020,10:27:44,673,672.15,900,675.55,900,0,31500
TATACHEM-II.NFO,07/01/2020,10:27:45,673,672.45,900,675.45,900,0,31500
TATACHEM-II.NFO,07/01/2020,10:27:49,673,671.6,900,675.25,900,0,31500
TATACHEM-II.NFO,07/01/2020,10:27:49,673,671.75,900,675.15,900,0,31500
TATACHEM-II.NFO,07/01/2020,10:27:51,673,672.05,900,674.95,900,0,31500
TATACHEM-II.NFO,07/01/2020,10:27:56,673,672.25,900,675.9,900,0,31500
TATACHEM-II.NFO,07/01/2020,10:27:57,673,671.6,900,675.6,900,0,31500
TATACHEM-II.NFO,07/01/2020,10:27:58,673,671.75,900,675.5,900,0,31500
TATACHEM-II.NFO,07/01/2020,10:27:59,673,672.55,900,675.3,900,0,31500
TATACHEM-II.NFO,07/01/2020,10:28:02,673,671.85,900,675.2,900,0,31500
TATACHEM-II.NFO,07/01/2020,10:28:05,673,672.15,900,675.1,900,0,31500
TATACHEM-II.NFO,07/01/2020,10:28:06,673,671.8,900,674.9,900,0,31500
TATACHEM-II.NFO,07/01/2020,10:28:07,673,673.1,900,674.8,1800,0,31500
TATACHEM-II.NFO,07/01/2020,10:28:10,673,672.6,900,675.75,900,0,31500
TATACHEM-II.NFO,07/01/2020,10:28:11,673,673,900,675.55,900,0,31500
TATACHEM-II.NFO,07/01/2020,10:28:37,673,671.9,900,675.35,900,0,31500
TATACHEM-II.NFO,07/01/2020,10:28:40,673,672.1,900,675.25,900,0,31500
TATACHEM-II.NFO,07/01/2020,10:28:50,673,672.3,900,675.15,900,0,31500
TATACHEM-II.NFO,07/01/2020,10:29:10,673,672.85,900,675.1,900,0,31500
TATACHEM-II.NFO,07/01/2020,10:29:17,673,671.6,900,675,900,0,31500
TATACHEM-II.NFO,07/01/2020,10:29:21,673,673.1,900,675.6,900,0,31500
TATACHEM-II.NFO,07/01/2020,10:29:25,673,671.65,900,675.5,900,0,31500
TATACHEM-II.NFO,07/01/2020,10:29:29,673,672.3,900,675.2,900,0,31500
TATACHEM-II.NFO,07/01/2020,10:29:33,673,672.7,900,675,900,0,31500
TATACHEM-II.NFO,07/01/2020,10:29:37,673,673.2,900,675.9,900,0,31500
TATACHEM-II.NFO,07/01/2020,10:29:40,673,672.15,900,675.7,900,0,31500
TATACHEM-II.NFO,07/01/2020,10:29:44,673,672.55,900,675.55,900,0,31500
TATACHEM-II.NFO,07/01/2020,10:29:47,673,671.75,900,675.35,900,0,31500
TATACHEM-II.NFO,07/01/2020,10:29:50,673,672,900,675.25,900,0,31500
TATACHEM-II.NFO,07/01/2020,10:29:53,673,672.35,900,675.05,900,0,31500
TATACHEM-II.NFO,07/01/2020,10:29:56,673,672.45,900,676.05,900,0,31500
TATACHEM-II.NFO,07/01/2020,10:29:58,673,672.65,900,675.95,900,0,31500
TATACHEM-II.NFO,07/01/2020,10:30:02,673,672.6,900,675.65,900,0,31500
TATACHEM-II.NFO,07/01/2020,10:30:06,673,673.1,900,675.35,900,0,31500
TATACHEM-II.NFO,07/01/2020,10:30:16,673,673.3,900,675.25,900,0,31500
TATACHEM-II.NFO,07/01/2020,10:30:19,673,671.85,900,675.05,900,0,31500
TATACHEM-II.NFO,07/01/2020,10:30:22,673,671.95,1800,675.85,900,0,31500
TATACHEM-II.NFO,07/01/2020,10:30:26,673,672.1,900,675.45,900,0,31500
TATACHEM-II.NFO,07/01/2020,10:30:30,673,672.9,900,675.25,900,0,31500
TATACHEM-II.NFO,07/01/2020,10:30:42,673,672.65,900,674.85,900,0,31500
TATACHEM-II.NFO,07/01/2020,10:30:45,673,671.75,900,675.4,900,0,31500
TATACHEM-II.NFO,07/01/2020,10:30:48,673,672.3,900,675.1,900,0,31500
TATACHEM-II.NFO,07/01/2020,10:30:52,673,672.5,900,675,900,0,31500
TATACHEM-II.NFO,07/01/2020,10:30:54,673,672.7,900,674.9,900,0,31500
TATACHEM-II.NFO,07/01/2020,10:30:59,673,672.9,900,675.85,1800,0,31500
TATACHEM-II.NFO,07/01/2020,10:31:07,673,673,900,675.75,900,0,31500
TATACHEM-II.NFO,07/01/2020,10:31:10,673,673.1,900,675.6,900,0,31500
TATACHEM-II.NFO,07/01/2020,10:31:13,673,671.8,900,675.25,900,0,31500
TATACHEM-II.NFO,07/01/2020,10:31:17,673,672.05,900,675.15,900,0,31500
TATACHEM-II.NFO,07/01/2020,10:31:21,673,672.6,900,674.85,900,0,31500
TATACHEM-II.NFO,07/01/2020,10:31:25,673,671.6,900,674.65,900,0,31500
TATACHEM-II.NFO,07/01/2020,10:31:28,673,672.35,900,675.4,900,0,31500
TATACHEM-II.NFO,07/01/2020,10:31:32,673,672.55,900,675.25,900,0,31500
TATACHEM-II.NFO,07/01/2020,10:31:44,673,672.75,900,675.15,900,0,31500
TATACHEM-II.NFO,07/01/2020,10:31:48,673,672.85,900,675,900,0,31500
TATACHEM-II.NFO,07/01/2020,10:31:56,673,672.25,900,674.8,900,0,31500
TATACHEM-II.NFO,07/01/2020,10:32:01,672.8,671.45,900,674.35,900,1800,30600
TATACHEM-II.NFO,07/01/2020,10:32:01,672.8,671.45,900,674.35,900,0,30600
TATACHEM-II.NFO,07/01/2020,10:32:06,672.8,674.7,900,675.65,1800,0,30600
TATACHEM-II.NFO,07/01/2020,10:32:10,672.8,674.8,900,675.8,900,0,30600
TATACHEM-II.NFO,07/01/2020,10:32:15,672.8,674.5,900,675.8,900,0,30600
TATACHEM-II.NFO,07/01/2020,10:32:20,672.8,673.8,900,675.7,900,0,30600
TATACHEM-II.NFO,07/01/2020,10:32:25,672.8,674.65,900,677.25,900,0,30600
TATACHEM-II.NFO,07/01/2020,10:32:29,674.4,672.1,900,674.75,900,1800,29700
TATACHEM-II.NFO,07/01/2020,10:32:33,674.4,672.2,1800,674.6,900,0,29700
TATACHEM-II.NFO,07/01/2020,10:32:38,674.4,672.3,900,675.15,900,0,29700
TATACHEM-II.NFO,07/01/2020,10:32:42,674.4,672.55,900,676.15,900,0,29700
TATACHEM-II.NFO,07/01/2020,10:32:47,674.4,672.65,900,675.3,900,0,29700
TATACHEM-II.NFO,07/01/2020,10:32:52,674.4,672.75,900,676.45,900,0,29700
TATACHEM-II.NFO,07/01/2020,10:32:56,674.4,672.6,900,675.75,900,0,29700
TATACHEM-II.NFO,07/01/2020,10:33:00,674.4,672.7,900,675.25,900,0,29700
TATACHEM-II.NFO,07/01/2020,10:33:04,674.4,672.7,900,675.1,1800,0,29700
TATACHEM-II.NFO,07/01/2020,10:33:07,674.4,672,900,674.75,900,0,29700
TATACHEM-II.NFO,07/01/2020,10:33:10,674.4,672.1,900,675.7,900,0,29700
TATACHEM-II.NFO,07/01/2020,10:33:12,674.4,672.3,900,675.35,900,0,29700
TATACHEM-II.NFO,07/01/2020,10:33:13,674.4,672,900,675.05,900,0,29700
TATACHEM-II.NFO,07/01/2020,10:33:14,674.4,672.2,900,675.4,900,0,29700
TATACHEM-II.NFO,07/01/2020,10:33:15,674.4,672,900,674.95,900,0,29700
TATACHEM-II.NFO,07/01/2020,10:33:16,674.4,672.1,900,675.6,900,0,29700
TATACHEM-II.NFO,07/01/2020,10:33:17,674.4,672.2,900,675.4,900,0,29700
TATACHEM-II.NFO,07/01/2020,10:33:18,674.4,672,900,674.8,900,0,29700
TATACHEM-II.NFO,07/01/2020,10:33:19,674.4,672,900,674.65,900,0,29700
TATACHEM-II.NFO,07/01/2020,10:33:20,674.4,672,900,675.4,900,0,29700
TATACHEM-II.NFO,07/01/2020,10:33:23,674.4,672,1800,675.6,900,0,29700
TATACHEM-II.NFO,07/01/2020,10:33:24,674.4,672.1,900,674.8,900,0,29700
TATACHEM-II.NFO,07/01/2020,10:33:25,674.4,672.2,900,674.6,900,0,29700
TATACHEM-II.NFO,07/01/2020,10:33:26,674.4,672,900,675.7,900,0,29700
TATACHEM-II.NFO,07/01/2020,10:33:28,674.4,672,900,674.8,900,0,29700
TATACHEM-II.NFO,07/01/2020,10:33:29,674.4,672.1,900,675.8,1800,0,29700
TATACHEM-II.NFO,07/01/2020,10:33:30,674.4,672.2,900,675.65,900,0,29700
TATACHEM-II.NFO,07/01/2020,10:33:31,674.4,672,900,675.25,900,0,29700
TATACHEM-II.NFO,07/01/2020,10:33:32,674.4,672.1,900,674.75,900,0,29700
TATACHEM-II.NFO,07/01/2020,10:33:34,674.4,672,900,675.5,900,0,29700
TATACHEM-II.NFO,07/01/2020,10:33:36,674.4,672,900,674.8,900,0,29700
TATACHEM-II.NFO,07/01/2020,10:33:43,674.4,672.1,900,675.6,900,0,29700
TATACHEM-II.NFO,07/01/2020,10:33:43,674.4,672.2,900,675.4,900,0,29700
TATACHEM-II.NFO,07/01/2020,10:33:44,674.4,672.3,900,675.2,900,0,29700
TATACHEM-II.NFO,07/01/2020,10:33:46,674.4,672.3,900,675.1,900,0,29700
TATACHEM-II.NFO,07/01/2020,10:33:48,674.4,672.3,900,674.7,900,0,29700
TATACHEM-II.NFO,07/01/2020,10:33:49,674.4,672.5,900,675.4,900,0,29700
TATACHEM-II.NFO,07/01/2020,10:33:54,674.4,672,900,674.95,900,0,29700
TATACHEM-II.NFO,07/01/2020,10:33:55,674.4,672.2,900,675.05,900,0,29700
TATACHEM-II.NFO,07/01/2020,10:33:56,674.4,672.1,900,674.65,900,0,29700
TATACHEM-II.NFO,07/01/2020,10:33:57,674.4,671.9,900,674.65,900,0,29700
TATACHEM-II.NFO,07/01/2020,10:33:58,674.4,672.1,900,675.35,900,0,29700
TATACHEM-II.NFO,07/01/2020,10:34:01,674.4,672.1,900,675.2,900,0,29700
TATACHEM-II.NFO,07/01/2020,10:34:08,674.4,672.2,900,674.9,900,0,29700
TATACHEM-II.NFO,07/01/2020,10:34:10,674.4,672.2,900,674.7,900,0,29700
TATACHEM-II.NFO,07/01/2020,10:34:11,674.4,672.2,900,675.65,900,0,29700
TATACHEM-II.NFO,07/01/2020,10:34:13,674.4,672,900,674.6,1800,0,29700
TATACHEM-II.NFO,07/01/2020,10:34:17,674.4,672.1,900,674.6,1800,0,29700
TATACHEM-II.NFO,07/01/2020,10:34:21,674.4,672.2,900,674.6,2700,0,29700
TATACHEM-II.NFO,07/01/2020,10:34:26,674.4,672,900,674.2,900,0,29700
TATACHEM-II.NFO,07/01/2020,10:34:30,674.4,672.1,900,675.25,900,0,29700
TATACHEM-II.NFO,07/01/2020,10:34:34,674.4,672.2,900,674.6,900,0,29700
TATACHEM-II.NFO,07/01/2020,10:34:37,674.4,672.8,900,676.4,900,0,29700
TATACHEM-II.NFO,07/01/2020,10:34:42,674.4,673,900,676.1,900,0,29700
TATACHEM-II.NFO,07/01/2020,10:34:47,674.4,672.65,900,674.7,900,0,29700
TATACHEM-II.NFO,07/01/2020,10:34:51,674.4,672.05,900,674.35,900,0,29700
TATACHEM-II.NFO,07/01/2020,10:34:56,674.4,672.6,900,674.55,900,0,29700
TATACHEM-II.NFO,07/01/2020,10:35:04,674.4,672.2,900,674.55,900,0,29700
TATACHEM-II.NFO,07/01/2020,10:35:07,674.4,672.3,900,674.6,900,0,29700
TATACHEM-II.NFO,07/01/2020,10:35:10,674.4,672.45,900,674.5,900,0,29700
TATACHEM-II.NFO,07/01/2020,10:35:14,674.4,672.65,900,674.4,2700,0,29700
TATACHEM-II.NFO,07/01/2020,10:35:17,674.4,672.75,900,674.4,1800,0,29700
TATACHEM-II.NFO,07/01/2020,10:35:21,674.4,673,900,674.3,900,0,29700
TATACHEM-II.NFO,07/01/2020,10:35:38,674.4,672.15,1800,674.8,900,0,29700
TATACHEM-II.NFO,07/01/2020,10:35:41,674.4,672.25,900,674.8,900,0,29700
TATACHEM-II.NFO,07/01/2020,10:35:43,674.4,672.95,900,675.85,900,0,29700
TATACHEM-II.NFO,07/01/2020,10:35:46,674.4,673.15,900,676.05,900,0,29700
TATACHEM-II.NFO,07/01/2020,10:35:51,674.4,673.4,900,675.65,900,0,29700
TATACHEM-II.NFO,07/01/2020,10:35:55,674.4,673.4,900,675.3,900,0,29700
TATACHEM-II.NFO,07/01/2020,10:35:58,674.4,672.8,900,674.85,900,0,29700
TATACHEM-II.NFO,07/01/2020,10:36:02,674.4,672.45,900,674.6,900,0,29700
TATACHEM-II.NFO,07/01/2020,10:36:12,674.4,672.6,900,674.3,900,0,29700
TATACHEM-II.NFO,07/01/2020,10:36:20,674.4,672.75,1800,675.25,900,0,29700
TATACHEM-II.NFO,07/01/2020,10:36:23,674.4,672.75,1800,674.65,900,0,29700
TATACHEM-II.NFO,07/01/2020,10:36:26,674.4,672.75,1800,675.25,1800,0,29700
TATACHEM-II.NFO,07/01/2020,10:36:28,674.4,672.75,1800,675.15,1800,0,29700
TATACHEM-II.NFO,07/01/2020,10:36:30,674.4,672.75,1800,674.9,900,0,29700
TATACHEM-II.NFO,07/01/2020,10:36:32,674.4,672.75,1800,674.4,900,0,29700
TATACHEM-II.NFO,07/01/2020,10:36:35,674.4,671.9,900,674.3,900,0,29700
TATACHEM-II.NFO,07/01/2020,10:36:38,674.4,672.55,900,674.15,900,0,29700
TATACHEM-II.NFO,07/01/2020,10:36:40,674.4,671.85,900,674.5,900,0,29700
TATACHEM-II.NFO,07/01/2020,10:36:43,674.4,672.45,900,674.3,900,0,29700
TATACHEM-II.NFO,07/01/2020,10:36:47,674.4,671.9,900,674.45,900,0,29700
TATACHEM-II.NFO,07/01/2020,10:36:53,674.4,672.95,900,674.05,1800,0,29700
TATACHEM-II.NFO,07/01/2020,10:36:57,674.4,672.35,900,675.1,900,0,29700
TATACHEM-II.NFO,07/01/2020,10:37:01,674.4,672.3,900,674.85,900,0,29700
TATACHEM-II.NFO,07/01/2020,10:37:05,674.4,672.7,900,675.5,900,0,29700
TATACHEM-II.NFO,07/01/2020,10:37:09,674.4,672.8,1800,674.35,900,0,29700
TATACHEM-II.NFO,07/01/2020,10:37:13,674.4,672.8,1800,674.6,900,0,29700
TATACHEM-II.NFO,07/01/2020,10:37:16,674.4,671.75,900,673.4,900,0,29700
TATACHEM-II.NFO,07/01/2020,10:37:23,674.4,671.85,1800,674.3,900,0,29700
TATACHEM-II.NFO,07/01/2020,10:37:26,674.4,671.85,1800,673.8,900,0,29700
TATACHEM-II.NFO,07/01/2020,10:37:30,674.4,671.85,900,673.65,900,0,29700
TATACHEM-II.NFO,07/01/2020,10:37:34,674.4,671.65,900,673.95,900,0,29700
TATACHEM-II.NFO,07/01/2020,10:37:37,674.4,671.85,1800,674,900,0,29700
TATACHEM-II.NFO,07/01/2020,10:37:41,674.4,671.85,1800,673.75,900,0,29700
TATACHEM-II.NFO,07/01/2020,10:37:52,674.4,670.85,900,673.1,900,0,29700
TATACHEM-II.NFO,07/01/2020,10:37:56,674.4,671.75,900,672.8,900,0,29700
TATACHEM-II.NFO,07/01/2020,10:38:09,674.4,671.25,900,673.25,900,0,29700
TATACHEM-II.NFO,07/01/2020,10:38:12,674.4,671.65,900,673,900,0,29700
TATACHEM-II.NFO,07/01/2020,10:38:15,674.4,671.9,900,672.95,900,0,29700
TATACHEM-II.NFO,07/01/2020,10:38:18,674.4,670.8,1800,673.4,900,0,29700
TATACHEM-II.NFO,07/01/2020,10:38:22,674.4,671.4,900,672.9,900,0,29700
TATACHEM-II.NFO,07/01/2020,10:38:26,674.4,671,900,672.9,900,0,29700
TATACHEM-II.NFO,07/01/2020,10:38:29,674.4,671.5,900,673.2,900,0,29700
TATACHEM-II.NFO,07/01/2020,10:38:32,674.4,670.95,1800,672.85,900,0,29700
TATACHEM-II.NFO,07/01/2020,10:38:35,674.4,671.05,900,672.9,900,0,29700
TATACHEM-II.NFO,07/01/2020,10:38:38,674.4,671.15,900,673.5,900,0,29700
TATACHEM-II.NFO,07/01/2020,10:38:46,674.4,671.5,900,673.3,900,0,29700
TATACHEM-II.NFO,07/01/2020,10:38:49,674.4,670.85,900,673.8,900,0,29700
TATACHEM-II.NFO,07/01/2020,10:38:52,674.4,670.8,900,674.1,900,0,29700
TATACHEM-II.NFO,07/01/2020,10:38:59,674.4,671.8,1800,673.85,900,0,29700
TATACHEM-II.NFO,07/01/2020,10:39:03,674.4,671.8,1800,673.4,900,0,29700
TATACHEM-II.NFO,07/01/2020,10:39:08,674.4,671.8,1800,673.7,900,0,29700
TATACHEM-II.NFO,07/01/2020,10:39:17,674.4,671.8,1800,673.4,900,0,29700
TATACHEM-II.NFO,07/01/2020,10:39:21,674.4,671.8,1800,672.9,900,0,29700
TATACHEM-II.NFO,07/01/2020,10:39:25,674.4,671.8,1800,673.8,900,0,29700
TATACHEM-II.NFO,07/01/2020,10:39:32,671.8,671.45,900,674.05,900,900,28800
TATACHEM-II.NFO,07/01/2020,10:39:32,671.8,671.45,900,674.05,900,0,28800
TATACHEM-II.NFO,07/01/2020,10:39:35,671.8,671.95,900,673.4,900,0,28800
TATACHEM-II.NFO,07/01/2020,10:39:38,671.8,671.15,900,673.1,900,0,28800
TATACHEM-II.NFO,07/01/2020,10:39:42,671.8,671.5,900,673.05,1800,0,28800
TATACHEM-II.NFO,07/01/2020,10:39:46,671.8,671.3,900,673.85,900,0,28800
TATACHEM-II.NFO,07/01/2020,10:39:52,671.8,671.95,900,673.05,900,0,28800
TATACHEM-II.NFO,07/01/2020,10:39:55,671.8,671.95,900,672.85,900,0,28800
TATACHEM-II.NFO,07/01/2020,10:39:58,671.8,670.95,900,673.8,1800,0,28800
TATACHEM-II.NFO,07/01/2020,10:40:02,671.8,671.15,900,673.55,900,0,28800
TATACHEM-II.NFO,07/01/2020,10:40:08,671.8,671.8,900,673.9,900,0,28800
TATACHEM-II.NFO,07/01/2020,10:40:14,671.8,671.35,900,673,900,0,28800
TATACHEM-II.NFO,07/01/2020,10:40:18,671.8,671.85,900,672.9,1800,0,28800
TATACHEM-II.NFO,07/01/2020,10:40:22,671.8,671.2,900,673.5,900,0,28800
TATACHEM-II.NFO,07/01/2020,10:40:26,671.8,672.05,900,673.7,900,0,28800
TATACHEM-II.NFO,07/01/2020,10:40:30,671.8,672.5,900,674.7,900,0,28800
TATACHEM-II.NFO,07/01/2020,10:40:34,671.8,671.95,900,673.5,900,0,28800
TATACHEM-II.NFO,07/01/2020,10:40:37,671.8,671.7,900,674,900,0,28800
TATACHEM-II.NFO,07/01/2020,10:40:41,671.8,671.65,900,674.1,900,0,28800
TATACHEM-II.NFO,07/01/2020,10:40:45,671.8,672,900,674.25,900,0,28800
TATACHEM-II.NFO,07/01/2020,10:40:49,671.8,671.45,1800,673.85,1800,0,28800
TATACHEM-II.NFO,07/01/2020,10:40:54,671.8,672.55,900,673.75,900,0,28800
TATACHEM-II.NFO,07/01/2020,10:40:57,671.8,671.7,900,674,900,0,28800
TATACHEM-II.NFO,07/01/2020,10:41:01,671.8,672.35,900,673.8,900,0,28800
TATACHEM-II.NFO,07/01/2020,10:41:04,671.8,672.25,900,673.8,900,0,28800
TATACHEM-II.NFO,07/01/2020,10:41:07,671.8,672.6,900,674.1,900,0,28800
TATACHEM-II.NFO,07/01/2020,10:41:10,671.8,672.4,900,673.9,900,0,28800
TATACHEM-II.NFO,07/01/2020,10:41:12,671.8,672.05,900,673.7,900,0,28800
TATACHEM-II.NFO,07/01/2020,10:41:13,671.8,672.3,900,675,900,0,28800
TATACHEM-II.NFO,07/01/2020,10:41:14,671.8,672.5,900,674.75,900,0,28800
TATACHEM-II.NFO,07/01/2020,10:41:15,671.8,672.65,900,674.45,900,0,28800
TATACHEM-II.NFO,07/01/2020,10:41:16,671.8,672.65,900,674.15,900,0,28800
TATACHEM-II.NFO,07/01/2020,10:41:17,671.8,672.65,900,674.05,900,0,28800
TATACHEM-II.NFO,07/01/2020,10:41:17,671.8,672.35,900,674.55,900,0,28800
TATACHEM-II.NFO,07/01/2020,10:41:18,671.8,672.7,900,674.25,900,0,28800
TATACHEM-II.NFO,07/01/2020,10:41:19,671.8,672.8,900,674.65,900,0,28800
TATACHEM-II.NFO,07/01/2020,10:41:20,671.8,672.75,900,674.75,900,0,28800
TATACHEM-II.NFO,07/01/2020,10:41:21,671.8,672.1,900,674.2,900,0,28800
TATACHEM-II.NFO,07/01/2020,10:41:22,671.8,672.35,900,673.9,900,0,28800
TATACHEM-II.NFO,07/01/2020,10:41:23,671.8,672.45,900,673.9,900,0,28800
TATACHEM-II.NFO,07/01/2020,10:41:24,671.8,672.8,900,674.75,900,0,28800
TATACHEM-II.NFO,07/01/2020,10:41:25,671.8,672.9,900,674.6,900,0,28800
TATACHEM-II.NFO,07/01/2020,10:41:27,671.8,672.3,900,674.45,900,0,28800
TATACHEM-II.NFO,07/01/2020,10:41:31,671.8,672.3,900,673.95,1800,0,28800
TATACHEM-II.NFO,07/01/2020,10:41:33,671.8,672.5,900,673.9,900,0,28800
TATACHEM-II.NFO,07/01/2020,10:41:34,671.8,672.25,900,673.85,900,0,28800
TATACHEM-II.NFO,07/01/2020,10:41:35,671.8,672.35,900,674.95,900,0,28800
TATACHEM-II.NFO,07/01/2020,10:41:41,671.8,672.75,900,674.6,1800,0,28800
TATACHEM-II.NFO,07/01/2020,10:41:41,671.8,672.8,900,674.5,1800,0,28800
TATACHEM-II.NFO,07/01/2020,10:41:42,671.8,672.8,900,674.4,1800,0,28800
TATACHEM-II.NFO,07/01/2020,10:41:43,671.8,672.8,900,674.3,1800,0,28800
TATACHEM-II.NFO,07/01/2020,10:41:44,671.8,672.8,900,674.15,900,0,28800
TATACHEM-II.NFO,07/01/2020,10:41:46,671.8,672.4,900,673.95,900,0,28800
TATACHEM-II.NFO,07/01/2020,10:41:46,671.8,672.5,900,673.85,1800,0,28800
TATACHEM-II.NFO,07/01/2020,10:41:47,671.8,672.6,900,673.85,1800,0,28800
TATACHEM-II.NFO,07/01/2020,10:41:49,671.8,672.25,900,673.75,900,0,28800
TATACHEM-II.NFO,07/01/2020,10:41:49,671.8,672.75,900,673.75,900,0,28800
TATACHEM-II.NFO,07/01/2020,10:41:51,671.8,672.25,900,673.75,900,0,28800
TATACHEM-II.NFO,07/01/2020,10:41:52,671.8,672.6,900,674.5,900,0,28800
TATACHEM-II.NFO,07/01/2020,10:41:55,671.8,672.3,900,674.05,900,0,28800
TATACHEM-II.NFO,07/01/2020,10:41:56,671.8,672.4,900,673.9,900,0,28800
TATACHEM-II.NFO,07/01/2020,10:41:57,671.8,672.7,900,674.5,900,0,28800
TATACHEM-II.NFO,07/01/2020,10:41:59,671.8,672.4,900,674.2,900,0,28800
TATACHEM-II.NFO,07/01/2020,10:42:00,671.8,672.7,900,673.8,900,0,28800
TATACHEM-II.NFO,07/01/2020,10:42:01,671.8,672.6,900,673.85,900,0,28800
TATACHEM-II.NFO,07/01/2020,10:42:02,671.8,672.8,900,674.5,900,0,28800
TATACHEM-II.NFO,07/01/2020,10:42:04,671.8,672.85,900,674.4,900,0,28800
TATACHEM-II.NFO,07/01/2020,10:42:06,671.8,672.2,1800,674.1,900,0,28800
TATACHEM-II.NFO,07/01/2020,10:42:06,671.8,672.75,900,674.8,900,0,28800
TATACHEM-II.NFO,07/01/2020,10:42:07,671.8,672.55,900,674.2,900,0,28800
TATACHEM-II.NFO,07/01/2020,10:42:09,671.8,672.85,900,675.15,900,0,28800
TATACHEM-II.NFO,07/01/2020,10:42:11,671.8,672.05,900,674.65,900,0,28800
TATACHEM-II.NFO,07/01/2020,10:42:11,671.8,672.2,900,674.55,900,0,28800
TATACHEM-II.NFO,07/01/2020,10:42:16,671.8,671.8,900,674.9,900,0,28800
TATACHEM-II.NFO,07/01/2020,10:42:21,671.8,672.25,900,674.5,900,0,28800
TATACHEM-II.NFO,07/01/2020,10:42:23,671.8,671.5,1800,674.05,1800,0,28800
TATACHEM-II.NFO,07/01/2020,10:42:26,671.8,671.8,900,673.8,900,0,28800
TATACHEM-II.NFO,07/01/2020,10:42:29,671.8,671.8,900,674,900,0,28800
TATACHEM-II.NFO,07/01/2020,10:42:33,671.8,672.2,900,673.8,1800,0,28800
TATACHEM-II.NFO,07/01/2020,10:42:37,671.8,671.6,900,673.65,1800,0,28800
TATACHEM-II.NFO,07/01/2020,10:42:40,671.8,672,900,674.65,900,0,28800
TATACHEM-II.NFO,07/01/2020,10:43:01,671.8,671.6,900,674,900,0,28800
TATACHEM-II.NFO,07/01/2020,10:43:03,671.8,671.4,900,674.05,900,0,28800
TATACHEM-II.NFO,07/01/2020,10:43:07,671.8,672.05,900,674,900,0,28800
TATACHEM-II.NFO,07/01/2020,10:43:10,671.8,671.5,900,673.4,1800,0,28800
TATACHEM-II.NFO,07/01/2020,10:43:13,671.8,670.95,900,674.45,900,0,28800
TATACHEM-II.NFO,07/01/2020,10:43:15,671.8,671.6,900,673.85,900,0,28800
TATACHEM-II.NFO,07/01/2020,10:43:17,671.8,671.25,1800,673.3,900,0,28800
TATACHEM-II.NFO,07/01/2020,10:43:20,671.8,672.1,900,673.65,900,0,28800
TATACHEM-II.NFO,07/01/2020,10:43:22,671.8,672.25,900,673.35,1800,0,28800
TATACHEM-II.NFO,07/01/2020,10:43:26,671.8,672.15,900,674.6,900,0,28800
TATACHEM-II.NFO,07/01/2020,10:43:35,671.8,672.4,900,674.1,900,0,28800
TATACHEM-II.NFO,07/01/2020,10:43:41,671.8,671.4,900,674.65,900,0,28800
TATACHEM-II.NFO,07/01/2020,10:43:45,671.8,671.65,900,674.75,900,0,28800
TATACHEM-II.NFO,07/01/2020,10:43:49,671.8,671.95,900,674.55,900,0,28800
TATACHEM-II.NFO,07/01/2020,10:43:52,671.8,672.5,900,673.6,900,0,28800
TATACHEM-II.NFO,07/01/2020,10:43:56,671.8,672.15,900,673.65,1800,0,28800
TATACHEM-II.NFO,07/01/2020,10:43:59,671.8,672.1,900,674.7,900,0,28800
TATACHEM-II.NFO,07/01/2020,10:44:07,671.8,671.85,900,673.9,900,0,28800
TATACHEM-II.NFO,07/01/2020,10:44:10,671.8,672.6,900,673.9,900,0,28800
TATACHEM-II.NFO,07/01/2020,10:44:12,671.8,672.05,900,673.65,1800,0,28800
TATACHEM-II.NFO,07/01/2020,10:44:14,671.8,672.25,900,673.65,2700,0,28800
TATACHEM-II.NFO,07/01/2020,10:44:15,671.8,672.6,900,673.65,2700,0,28800
TATACHEM-II.NFO,07/01/2020,10:44:17,671.8,671.45,1800,673.65,2700,0,28800
TATACHEM-II.NFO,07/01/2020,10:44:17,671.8,671.65,900,673.55,1800,0,28800
TATACHEM-II.NFO,07/01/2020,10:44:18,671.8,672.05,900,674.45,1800,0,28800
TATACHEM-II.NFO,07/01/2020,10:44:19,671.8,671.45,900,673.85,900,0,28800
TATACHEM-II.NFO,07/01/2020,10:44:21,671.8,672,900,674.5,900,0,28800
TATACHEM-II.NFO,07/01/2020,10:44:22,671.8,672.15,900,673.5,1800,0,28800
TATACHEM-II.NFO,07/01/2020,10:44:23,671.8,671.35,1800,675.1,900,0,28800
TATACHEM-II.NFO,07/01/2020,10:44:24,671.8,671.8,900,674.7,900,0,28800
TATACHEM-II.NFO,07/01/2020,10:44:28,671.8,672.85,900,675.3,900,0,28800
TATACHEM-II.NFO,07/01/2020,10:44:29,671.8,671.6,900,675,900,0,28800
TATACHEM-II.NFO,07/01/2020,10:44:33,671.8,672.35,900,674.3,900,0,28800
TATACHEM-II.NFO,07/01/2020,10:44:36,671.8,672.75,900,673.9,1800,0,28800
TATACHEM-II.NFO,07/01/2020,10:44:37,671.8,672.45,900,674.95,1800,0,28800
TATACHEM-II.NFO,07/01/2020,10:44:38,671.8,672.5,900,675.15,900,0,28800
TATACHEM-II.NFO,07/01/2020,10:44:39,671.8,671.8,900,675.45,900,0,28800
TATACHEM-II.NFO,07/01/2020,10:44:40,671.8,672.25,900,675.05,900,0,28800
TATACHEM-II.NFO,07/01/2020,10:44:41,671.8,672.3,900,674.75,900,0,28800
TATACHEM-II.NFO,07/01/2020,10:44:53,671.8,672.25,900,674.85,1800,0,28800
TATACHEM-II.NFO,07/01/2020,10:44:53,671.8,672.65,900,674.45,900,0,28800
TATACHEM-II.NFO,07/01/2020,10:44:54,671.8,671.7,900,674.15,900,0,28800
TATACHEM-II.NFO,07/01/2020,10:44:55,671.8,672.6,900,673.85,1800,0,28800
TATACHEM-II.NFO,07/01/2020,10:44:56,671.8,671.55,900,673.85,1800,0,28800
TATACHEM-II.NFO,07/01/2020,10:44:58,671.8,671.85,900,673.75,900,0,28800
TATACHEM-II.NFO,07/01/2020,10:44:58,671.8,672.2,900,673.95,900,0,28800
TATACHEM-II.NFO,07/01/2020,10:44:59,671.8,671.55,1800,674.55,900,0,28800
TATACHEM-II.NFO,07/01/2020,10:45:00,671.8,671.55,1800,674.4,900,0,28800
TATACHEM-II.NFO,07/01/2020,10:45:01,671.8,672.25,900,674.85,900,0,28800
TATACHEM-II.NFO,07/01/2020,10:45:02,671.8,672.8,900,674.25,900,0,28800
TATACHEM-II.NFO,07/01/2020,10:45:03,671.8,672.05,900,673.9,1800,0,28800
TATACHEM-II.NFO,07/01/2020,10:45:04,671.8,672.2,900,673.9,1800,0,28800
TATACHEM-II.NFO,07/01/2020,10:45:05,671.8,672.3,900,673.9,1800,0,28800
TATACHEM-II.NFO,07/01/2020,10:45:07,671.8,672.5,900,673.9,1800,0,28800
TATACHEM-II.NFO,07/01/2020,10:45:07,671.8,672.7,900,673.9,1800,0,28800
TATACHEM-II.NFO,07/01/2020,10:45:09,671.8,671.45,1800,673.9,2700,0,28800
TATACHEM-II.NFO,07/01/2020,10:45:09,671.8,671.9,900,673.9,2700,0,28800
TATACHEM-II.NFO,07/01/2020,10:45:11,671.8,672.1,900,673.9,1800,0,28800
TATACHEM-II.NFO,07/01/2020,10:45:11,671.8,672.25,900,674.9,900,0,28800
TATACHEM-II.NFO,07/01/2020,10:45:13,671.8,672.1,1800,674.3,900,0,28800
TATACHEM-II.NFO,07/01/2020,10:45:14,671.8,672.2,900,674.2,900,0,28800
TATACHEM-II.NFO,07/01/2020,10:45:14,671.8,672.3,900,674.05,900,0,28800
TATACHEM-II.NFO,07/01/2020,10:45:15,671.8,672.6,900,673.95,1800,0,28800
TATACHEM-II.NFO,07/01/2020,10:45:19,671.8,671.7,900,675,900,0,28800
TATACHEM-II.NFO,07/01/2020,10:45:20,671.8,672.9,900,674.95,900,0,28800
TATACHEM-II.NFO,07/01/2020,10:45:22,671.8,671.75,900,674.85,900,0,28800
TATACHEM-II.NFO,07/01/2020,10:45:22,671.8,672.7,900,674.3,1800,0,28800
TATACHEM-II.NFO,07/01/2020,10:45:23,671.8,672,900,674.15,1800,0,28800
TATACHEM-II.NFO,07/01/2020,10:45:24,671.8,672.6,900,674.7,900,0,28800
TATACHEM-II.NFO,07/01/2020,10:45:25,671.8,672.25,900,674.2,900,0,28800
TATACHEM-II.NFO,07/01/2020,10:45:26,671.8,672.75,900,674.85,900,0,28800
TATACHEM-II.NFO,07/01/2020,10:45:27,671.8,672.45,900,674.35,900,0,28800
TATACHEM-II.NFO,07/01/2020,10:45:28,671.8,672.65,900,674,900,0,28800
TATACHEM-II.NFO,07/01/2020,10:45:29,671.8,673,900,674.65,900,0,28800
TATACHEM-II.NFO,07/01/2020,10:45:30,671.8,672.5,900,674.35,900,0,28800
TATACHEM-II.NFO,07/01/2020,10:45:34,671.8,672.9,900,674.05,1800,0,28800
TATACHEM-II.NFO,07/01/2020,10:45:34,671.8,672.55,900,674.05,2700,0,28800
TATACHEM-II.NFO,07/01/2020,10:45:37,671.8,672.65,900,674.05,2700,0,28800
TATACHEM-II.NFO,07/01/2020,10:45:38,671.8,672.85,900,673.95,1800,0,28800
TATACHEM-II.NFO,07/01/2020,10:45:39,671.8,672.45,900,673.95,1800,0,28800
TATACHEM-II.NFO,07/01/2020,10:45:41,671.8,672.55,900,673.95,1800,0,28800
TATACHEM-II.NFO,07/01/2020,10:45:43,671.8,672.55,900,674.7,900,0,28800
TATACHEM-II.NFO,07/01/2020,10:45:44,671.8,672.8,900,674.15,1800,0,28800
TATACHEM-II.NFO,07/01/2020,10:45:46,671.8,672.65,900,673.9,900,0,28800
TATACHEM-II.NFO,07/01/2020,10:45:47,671.8,672.8,900,673.9,900,0,28800
TATACHEM-II.NFO,07/01/2020,10:45:48,671.8,672.9,900,673.9,900,0,28800
TATACHEM-II.NFO,07/01/2020,10:45:50,671.8,672.55,900,673.9,900,0,28800
TATACHEM-II.NFO,07/01/2020,10:45:51,671.8,672.65,900,673.9,900,0,28800
TATACHEM-II.NFO,07/01/2020,10:45:51,671.8,672.85,900,674.8,900,0,28800
TATACHEM-II.NFO,07/01/2020,10:45:52,671.8,672.75,900,674.2,900,0,28800
TATACHEM-II.NFO,07/01/2020,10:45:53,671.8,672.75,900,674.1,900,0,28800
TATACHEM-II.NFO,07/01/2020,10:45:54,671.8,672.75,900,673.85,900,0,28800
TATACHEM-II.NFO,07/01/2020,10:45:56,671.8,672.75,900,673.8,900,0,28800
TATACHEM-II.NFO,07/01/2020,10:45:57,671.8,672.55,900,674.8,900,0,28800
TATACHEM-II.NFO,07/01/2020,10:45:59,671.8,672.45,900,674.4,900,0,28800
TATACHEM-II.NFO,07/01/2020,10:46:00,671.8,672.65,900,674.15,900,0,28800
TATACHEM-II.NFO,07/01/2020,10:46:01,671.8,672.75,900,674.85,900,0,28800
TATACHEM-II.NFO,07/01/2020,10:46:02,671.8,672.7,900,674.2,900,0,28800
TATACHEM-II.NFO,07/01/2020,10:46:03,671.8,672.8,900,674.1,1800,0,28800
TATACHEM-II.NFO,07/01/2020,10:46:04,671.8,672.5,900,675,900,0,28800
TATACHEM-II.NFO,07/01/2020,10:46:04,671.8,672.6,900,674.4,900,0,28800
TATACHEM-II.NFO,07/01/2020,10:46:06,671.8,672.85,900,673.9,1800,0,28800
TATACHEM-II.NFO,07/01/2020,10:46:11,671.8,671.6,900,674.75,900,0,28800
TATACHEM-II.NFO,07/01/2020,10:46:11,671.8,671.95,900,674.45,900,0,28800
TATACHEM-II.NFO,07/01/2020,10:46:17,671.8,672.55,900,673.75,1800,0,28800
TATACHEM-II.NFO,07/01/2020,10:46:21,671.8,672.45,900,674.9,1800,0,28800
TATACHEM-II.NFO,07/01/2020,10:46:24,671.8,672.6,900,674.1,900,0,28800
TATACHEM-II.NFO,07/01/2020,10:46:28,671.8,672.95,900,674.5,900,0,28800
TATACHEM-II.NFO,07/01/2020,10:46:31,671.8,672.95,1800,674.75,900,0,28800
TATACHEM-II.NFO,07/01/2020,10:46:35,671.8,672.35,1800,674.6,900,0,28800
TATACHEM-II.NFO,07/01/2020,10:46:38,671.8,672.35,1800,674.2,900,0,28800
TATACHEM-II.NFO,07/01/2020,10:46:44,671.8,672.35,1800,674.35,900,0,28800
TATACHEM-II.NFO,07/01/2020,10:46:47,671.8,672.35,1800,674.5,900,0,28800
TATACHEM-II.NFO,07/01/2020,10:46:50,671.8,672.35,1800,674.25,900,0,28800
TATACHEM-II.NFO,07/01/2020,10:46:52,671.8,672.35,1800,673.95,900,0,28800
TATACHEM-II.NFO,07/01/2020,10:46:55,671.8,672.35,1800,674.55,900,0,28800
TATACHEM-II.NFO,07/01/2020,10:46:59,671.8,671.15,900,673.3,1800,0,28800
TATACHEM-II.NFO,07/01/2020,10:47:02,671.8,672.05,900,673.15,1800,0,28800
TATACHEM-II.NFO,07/01/2020,10:47:05,671.8,671.4,900,673.1,1800,0,28800
TATACHEM-II.NFO,07/01/2020,10:47:08,671.8,672.05,900,673.45,900,0,28800
TATACHEM-II.NFO,07/01/2020,10:47:14,671.8,671.8,900,673.05,2700,0,28800
TATACHEM-II.NFO,07/01/2020,10:47:19,671.8,671.3,900,673.55,1800,0,28800
TATACHEM-II.NFO,07/01/2020,10:47:24,671.8,671.8,900,673.8,900,0,28800
TATACHEM-II.NFO,07/01/2020,10:47:28,671.8,672.55,900,674.1,900,0,28800
TATACHEM-II.NFO,07/01/2020,10:47:32,671.8,671.5,900,673.7,1800,0,28800
TATACHEM-II.NFO,07/01/2020,10:47:36,671.8,672.25,900,673.7,1800,0,28800
TATACHEM-II.NFO,07/01/2020,10:47:39,671.8,671.3,900,673.7,1800,0,28800
TATACHEM-II.NFO,07/01/2020,10:47:43,671.8,671.85,900,673.7,1800,0,28800
TATACHEM-II.NFO,07/01/2020,10:47:47,671.8,671.7,900,673.7,1800,0,28800
TATACHEM-II.NFO,07/01/2020,10:47:51,671.8,672,900,674.4,900,0,28800
TATACHEM-II.NFO,07/01/2020,10:47:58,671.8,671.8,900,674.25,1800,0,28800
TATACHEM-II.NFO,07/01/2020,10:48:01,671.8,672.6,900,674,900,0,28800
TATACHEM-II.NFO,07/01/2020,10:48:06,671.8,672.25,900,673.8,1800,0,28800
TATACHEM-II.NFO,07/01/2020,10:48:10,671.8,671.85,900,673.8,1800,0,28800
TATACHEM-II.NFO,07/01/2020,10:48:15,671.8,672.35,900,673.7,900,0,28800
TATACHEM-II.NFO,07/01/2020,10:48:18,671.8,672.55,900,674.3,900,0,28800
TATACHEM-II.NFO,07/01/2020,10:48:22,671.8,671.75,1800,674.25,900,0,28800
TATACHEM-II.NFO,07/01/2020,10:48:25,671.8,671.75,1800,674.1,1800,0,28800
TATACHEM-II.NFO,07/01/2020,10:48:28,671.8,671.75,1800,673.7,900,0,28800
TATACHEM-II.NFO,07/01/2020,10:48:31,671.8,671.75,1800,673.9,900,0,28800
TATACHEM-II.NFO,07/01/2020,10:48:41,671.8,671.75,1800,673.65,1800,0,28800
TATACHEM-II.NFO,07/01/2020,10:48:46,671.8,671.75,1800,674.15,900,0,28800
TATACHEM-II.NFO,07/01/2020,10:48:49,671.8,671.75,1800,674.1,900,0,28800
TATACHEM-II.NFO,07/01/2020,10:48:53,671.8,671.75,1800,673.8,1800,0,28800
TATACHEM-II.NFO,07/01/2020,10:48:57,671.8,672.15,900,674.1,900,0,28800
TATACHEM-II.NFO,07/01/2020,10:49:01,671.8,672.25,900,674.1,900,0,28800
TATACHEM-II.NFO,07/01/2020,10:49:04,671.8,671.9,900,673.8,1800,0,28800
TATACHEM-II.NFO,07/01/2020,10:49:07,671.8,672.4,900,673.8,1800,0,28800
TATACHEM-II.NFO,07/01/2020,10:49:11,671.8,671.7,900,673.8,2700,0,28800
TATACHEM-II.NFO,07/01/2020,10:49:15,671.8,672.05,900,673.8,2700,0,28800
TATACHEM-II.NFO,07/01/2020,10:49:18,671.8,672.35,900,674.3,900,0,28800
TATACHEM-II.NFO,07/01/2020,10:49:24,671.8,671.5,900,673.7,1800,0,28800
TATACHEM-II.NFO,07/01/2020,10:49:28,671.8,672.2,900,673.7,1800,0,28800
TATACHEM-II.NFO,07/01/2020,10:49:31,671.8,672.35,900,673.7,1800,0,28800
TATACHEM-II.NFO,07/01/2020,10:49:39,671.8,671.4,900,673.7,1800,0,28800
TATACHEM-II.NFO,07/01/2020,10:49:42,671.8,671.45,900,673.75,2700,0,28800
TATACHEM-II.NFO,07/01/2020,10:49:46,671.8,672.1,900,673.9,900,0,28800
TATACHEM-II.NFO,07/01/2020,10:49:49,671.8,672.1,900,674.2,900,0,28800
TATACHEM-II.NFO,07/01/2020,10:49:58,671.8,671.8,900,673.6,1800,0,28800
TATACHEM-II.NFO,07/01/2020,10:50:03,671.8,672.1,900,674.3,900,0,28800
TATACHEM-II.NFO,07/01/2020,10:50:09,671.8,672.25,900,673.75,2700,0,28800
TATACHEM-II.NFO,07/01/2020,10:50:14,671.8,671.9,900,673.75,1800,0,28800
TATACHEM-II.NFO,07/01/2020,10:50:20,671.8,671.45,900,673.75,1800,0,28800
TATACHEM-II.NFO,07/01/2020,10:50:25,671.8,672.15,900,674.4,900,0,28800
TATACHEM-II.NFO,07/01/2020,10:50:30,671.8,672.3,900,674,900,0,28800
TATACHEM-II.NFO,07/01/2020,10:50:36,671.8,671.75,900,674.1,900,0,28800
TATACHEM-II.NFO,07/01/2020,10:50:41,671.8,672,900,674.3,900,0,28800
TATACHEM-II.NFO,07/01/2020,10:50:46,671.8,671.55,900,673.4,900,0,28800
TATACHEM-II.NFO,07/01/2020,10:50:50,671.8,671.85,900,674.3,900,0,28800
TATACHEM-II.NFO,07/01/2020,10:51:03,671.8,671.95,900,673.4,1800,0,28800
TATACHEM-II.NFO,07/01/2020,10:51:07,671.8,671.1,900,674.05,900,0,28800
TATACHEM-II.NFO,07/01/2020,10:51:11,671.8,671.7,900,673.65,900,0,28800
TATACHEM-II.NFO,07/01/2020,10:51:19,671.8,671.5,900,673.95,900,0,28800
TATACHEM-II.NFO,07/01/2020,10:51:23,671.8,671.45,900,673.3,1800,0,28800
TATACHEM-II.NFO,07/01/2020,10:51:27,671.8,671.4,900,673.55,900,0,28800
TATACHEM-II.NFO,07/01/2020,10:51:31,671.8,670.85,900,673.25,900,0,28800
TATACHEM-II.NFO,07/01/2020,10:51:38,671.8,671.75,900,673,1800,0,28800
TATACHEM-II.NFO,07/01/2020,10:51:42,671.8,671.2,900,673.5,900,0,28800
TATACHEM-II.NFO,07/01/2020,10:51:47,671.8,671.5,900,672.95,1800,0,28800
TATACHEM-II.NFO,07/01/2020,10:51:51,671.8,671.25,900,672.95,1800,0,28800
TATACHEM-II.NFO,07/01/2020,10:51:55,671.8,670.85,900,672.95,1800,0,28800
TATACHEM-II.NFO,07/01/2020,10:52:00,671.8,670.8,900,672.95,1800,0,28800
TATACHEM-II.NFO,07/01/2020,10:52:03,671.8,671.4,900,674.05,900,0,28800
TATACHEM-II.NFO,07/01/2020,10:52:12,671.8,671.7,900,672.95,2700,0,28800
TATACHEM-II.NFO,07/01/2020,10:52:17,671.8,670.95,900,673.15,900,0,28800
TATACHEM-II.NFO,07/01/2020,10:52:22,671.8,671.4,900,672.7,1800,0,28800
TATACHEM-II.NFO,07/01/2020,10:52:26,671.8,671,1800,672.75,900,0,28800
TATACHEM-II.NFO,07/01/2020,10:52:31,671.8,671.1,900,673.05,900,0,28800
TATACHEM-II.NFO,07/01/2020,10:52:35,671.8,670.6,900,672.2,900,0,28800
TATACHEM-II.NFO,07/01/2020,10:52:38,671.8,670.6,900,673.3,900,0,28800
TATACHEM-II.NFO,07/01/2020,10:52:43,671.8,670.35,900,672.8,900,0,28800
TATACHEM-II.NFO,07/01/2020,10:52:47,671.8,670.95,900,673.3,900,0,28800
TATACHEM-II.NFO,07/01/2020,10:52:51,671.8,671.05,900,673.5,900,0,28800
TATACHEM-II.NFO,07/01/2020,10:52:55,671.8,670.5,900,673,900,0,28800
TATACHEM-II.NFO,07/01/2020,10:53:01,671.8,670.7,900,672.5,1800,0,28800
TATACHEM-II.NFO,07/01/2020,10:53:08,671.8,670.45,900,672.8,900,0,28800
TATACHEM-II.NFO,07/01/2020,10:53:12,671.8,670.6,1800,672.6,900,0,28800
TATACHEM-II.NFO,07/01/2020,10:53:19,671.8,670.65,1800,672.4,900,0,28800
TATACHEM-II.NFO,07/01/2020,10:53:20,671.8,670.15,900,672.2,900,0,28800
TATACHEM-II.NFO,07/01/2020,10:53:21,671.8,670.45,900,673.25,1800,0,28800
TATACHEM-II.NFO,07/01/2020,10:53:23,671.8,670.75,900,673,900,0,28800
TATACHEM-II.NFO,07/01/2020,10:53:24,671.8,670.45,900,672.6,900,0,28800
TATACHEM-II.NFO,07/01/2020,10:53:25,671.8,670.55,1800,672.5,900,0,28800
TATACHEM-II.NFO,07/01/2020,10:53:27,671.8,670.55,1800,672.1,900,0,28800
TATACHEM-II.NFO,07/01/2020,10:53:30,671.8,670.55,1800,672.35,900,0,28800
TATACHEM-II.NFO,07/01/2020,10:53:31,671.8,670.55,1800,672.95,900,0,28800
TATACHEM-II.NFO,07/01/2020,10:53:39,671.8,670.55,1800,672.55,900,0,28800
TATACHEM-II.NFO,07/01/2020,10:53:40,671.8,670.55,1800,672.9,900,0,28800
TATACHEM-II.NFO,07/01/2020,10:53:42,671.8,670.55,1800,672.4,900,0,28800
TATACHEM-II.NFO,07/01/2020,10:53:42,671.8,670.55,1800,673,900,0,28800
TATACHEM-II.NFO,07/01/2020,10:53:43,671.8,670.55,1800,672.3,900,0,28800
TATACHEM-II.NFO,07/01/2020,10:53:45,671.8,670.55,1800,673.1,900,0,28800
TATACHEM-II.NFO,07/01/2020,10:53:47,671.8,670.55,1800,672.9,900,0,28800
TATACHEM-II.NFO,07/01/2020,10:53:49,671.8,670.2,900,672.3,900,0,28800
TATACHEM-II.NFO,07/01/2020,10:53:50,671.8,670.5,900,673.1,900,0,28800
TATACHEM-II.NFO,07/01/2020,10:53:51,671.8,670.55,1800,672.1,900,0,28800
TATACHEM-II.NFO,07/01/2020,10:53:52,671.8,670.35,900,672.75,900,0,28800
TATACHEM-II.NFO,07/01/2020,10:53:53,671.8,670.55,1800,672.2,900,0,28800
TATACHEM-II.NFO,07/01/2020,10:53:56,671.8,670.55,1800,672.9,900,0,28800
TATACHEM-II.NFO,07/01/2020,10:53:58,671.8,670.55,1800,672.7,900,0,28800
TATACHEM-II.NFO,07/01/2020,10:53:59,671.8,670.55,1800,672.5,900,0,28800
TATACHEM-II.NFO,07/01/2020,10:54:03,671.8,670.55,1800,672,900,0,28800
TATACHEM-II.NFO,07/01/2020,10:54:09,671.8,670.55,1800,672.8,900,0,28800
TATACHEM-II.NFO,07/01/2020,10:54:10,671.8,670.55,1800,672.65,900,0,28800
TATACHEM-II.NFO,07/01/2020,10:54:14,671.8,670.55,1800,672.75,900,0,28800
TATACHEM-II.NFO,07/01/2020,10:54:20,671.8,670.55,1800,673.05,900,0,28800
TATACHEM-II.NFO,07/01/2020,10:54:26,671.8,670.55,1800,672.05,900,0,28800
TATACHEM-II.NFO,07/01/2020,10:54:30,671.8,670.55,1800,673,900,0,28800
TATACHEM-II.NFO,07/01/2020,10:54:35,671.8,670.55,1800,672.9,1800,0,28800
TATACHEM-II.NFO,07/01/2020,10:54:39,671.8,670.55,1800,672.7,900,0,28800
TATACHEM-II.NFO,07/01/2020,10:54:44,671.8,670.55,1800,672.3,900,0,28800
TATACHEM-II.NFO,07/01/2020,10:54:49,671.8,670.55,1800,672,900,0,28800
TATACHEM-II.NFO,07/01/2020,10:54:54,671.8,670.55,1800,672.95,900,0,28800
TATACHEM-II.NFO,07/01/2020,10:54:58,671.8,670.55,1800,672.5,900,0,28800
TATACHEM-II.NFO,07/01/2020,10:55:02,671.8,670.55,1800,672.3,900,0,28800
TATACHEM-II.NFO,07/01/2020,10:55:07,671.8,670.55,1800,672,900,0,28800
TATACHEM-II.NFO,07/01/2020,10:55:11,671.8,670.55,1800,672.95,900,0,28800
TATACHEM-II.NFO,07/01/2020,10:55:16,671.8,670.55,1800,672.05,1800,0,28800
TATACHEM-II.NFO,07/01/2020,10:55:20,671.8,670.55,1800,672.05,900,0,28800
TATACHEM-II.NFO,07/01/2020,10:55:24,671.8,670.55,1800,672.05,1800,0,28800
TATACHEM-II.NFO,07/01/2020,10:55:35,671.8,670.55,1800,673.15,900,0,28800
TATACHEM-II.NFO,07/01/2020,10:55:41,671.8,670.55,1800,672.8,900,0,28800
TATACHEM-II.NFO,07/01/2020,10:55:45,671.8,670.55,1800,672.5,1800,0,28800
TATACHEM-II.NFO,07/01/2020,10:55:49,671.8,670.55,1800,672.35,900,0,28800
TATACHEM-II.NFO,07/01/2020,10:55:54,671.8,670.55,1800,673.75,900,0,28800
TATACHEM-II.NFO,07/01/2020,10:55:59,671.8,670.55,1800,673.35,900,0,28800
TATACHEM-II.NFO,07/01/2020,10:56:03,671.8,670.55,1800,672.55,900,0,28800
TATACHEM-II.NFO,07/01/2020,10:56:08,671.8,670.55,1800,673.05,900,0,28800
TATACHEM-II.NFO,07/01/2020,10:56:15,671.8,670.55,1800,672.1,900,0,28800
TATACHEM-II.NFO,07/01/2020,10:56:20,671.8,670.55,1800,673.3,900,0,28800
TATACHEM-II.NFO,07/01/2020,10:56:24,671.8,670.55,1800,673.2,1800,0,28800
TATACHEM-II.NFO,07/01/2020,10:56:28,671.8,670.55,1800,672.85,900,0,28800
TATACHEM-II.NFO,07/01/2020,10:56:33,671.8,670.55,1800,672.45,900,0,28800
TATACHEM-II.NFO,07/01/2020,10:56:38,671.8,670.55,1800,672.75,900,0,28800
TATACHEM-II.NFO,07/01/2020,10:56:52,671.8,670.55,1800,672.55,900,0,28800
TATACHEM-II.NFO,07/01/2020,10:56:57,671.8,670.55,1800,672.15,900,0,28800
TATACHEM-II.NFO,07/01/2020,10:57:01,671.8,670.55,1800,671.9,900,0,28800
TATACHEM-II.NFO,07/01/2020,10:57:05,671.8,670.55,1800,672.75,900,0,28800
TATACHEM-II.NFO,07/01/2020,10:57:09,671.8,670.55,1800,672.55,900,0,28800
TATACHEM-II.NFO,07/01/2020,10:57:16,671.8,670.55,1800,672.4,900,0,28800
TATACHEM-II.NFO,07/01/2020,10:57:23,671.8,669.55,900,672.15,900,0,28800
TATACHEM-II.NFO,07/01/2020,10:57:30,671.8,670.25,1800,672.05,900,0,28800
TATACHEM-II.NFO,07/01/2020,10:57:36,671.8,670.25,1800,671.85,900,0,28800
TATACHEM-II.NFO,07/01/2020,10:57:42,671.8,669.8,900,672.4,900,0,28800
TATACHEM-II.NFO,07/01/2020,10:57:48,671.8,670,1800,672.15,900,0,28800
TATACHEM-II.NFO,07/01/2020,10:57:53,671.8,669.95,1800,672.1,900,0,28800
TATACHEM-II.NFO,07/01/2020,10:57:57,671.8,669.95,1800,671.65,900,0,28800
TATACHEM-II.NFO,07/01/2020,10:58:13,671.8,669.95,1800,672.4,900,0,28800
TATACHEM-II.NFO,07/01/2020,10:58:14,671.8,669.95,1800,672.3,900,0,28800
TATACHEM-II.NFO,07/01/2020,10:58:17,671.8,669.95,1800,672.45,900,0,28800
TATACHEM-II.NFO,07/01/2020,10:58:19,671.8,669.95,1800,672.15,900,0,28800
TATACHEM-II.NFO,07/01/2020,10:58:19,671.8,669.95,1800,671.95,900,0,28800
TATACHEM-II.NFO,07/01/2020,10:58:20,671.8,669.95,1800,671.85,900,0,28800
TATACHEM-II.NFO,07/01/2020,10:58:21,671.8,669.95,1800,672.35,900,0,28800
TATACHEM-II.NFO,07/01/2020,10:58:23,671.8,669.95,1800,671.85,900,0,28800
TATACHEM-II.NFO,07/01/2020,10:58:24,671.8,669.95,1800,672.9,900,0,28800
TATACHEM-II.NFO,07/01/2020,10:58:26,671.8,669.95,1800,672.7,900,0,28800
TATACHEM-II.NFO,07/01/2020,10:58:32,671.8,669.95,1800,672.3,900,0,28800
TATACHEM-II.NFO,07/01/2020,10:58:33,671.8,669.95,1800,673,900,0,28800
TATACHEM-II.NFO,07/01/2020,10:58:34,671.8,669.95,1800,672.4,900,0,28800
TATACHEM-II.NFO,07/01/2020,10:58:39,671.8,669.95,1800,672.1,900,0,28800
TATACHEM-II.NFO,07/01/2020,10:58:41,671.8,669.95,1800,671.9,900,0,28800
TATACHEM-II.NFO,07/01/2020,10:58:45,671.8,669.95,1800,673.1,900,0,28800
TATACHEM-II.NFO,07/01/2020,10:58:47,671.8,669.95,1800,671.8,900,0,28800
TATACHEM-II.NFO,07/01/2020,10:58:52,671.8,669.95,1800,672.55,900,0,28800
TATACHEM-II.NFO,07/01/2020,10:58:56,671.8,669.95,1800,672.15,900,0,28800
TATACHEM-II.NFO,07/01/2020,10:58:58,671.8,669.95,1800,672.05,900,0,28800
TATACHEM-II.NFO,07/01/2020,10:58:59,671.8,669.95,1800,672.15,900,0,28800
TATACHEM-II.NFO,07/01/2020,10:59:00,671.8,669.95,1800,671.95,900,0,28800
TATACHEM-II.NFO,07/01/2020,10:59:06,671.8,669.95,1800,673.05,900,0,28800
TATACHEM-II.NFO,07/01/2020,10:59:13,671.8,669.95,1800,672.75,900,0,28800
TATACHEM-II.NFO,07/01/2020,10:59:18,671.8,669.95,1800,672.55,900,0,28800
TATACHEM-II.NFO,07/01/2020,10:59:22,671.8,669.95,1800,673.05,900,0,28800
TATACHEM-II.NFO,07/01/2020,10:59:28,671.8,669.95,1800,672.25,900,0,28800
TATACHEM-II.NFO,07/01/2020,10:59:33,671.8,669.8,900,673.05,900,0,28800
TATACHEM-II.NFO,07/01/2020,10:59:39,671.8,670.75,900,672.35,900,0,28800
TATACHEM-II.NFO,07/01/2020,10:59:45,671.8,670.5,900,672.25,900,0,28800
TATACHEM-II.NFO,07/01/2020,10:59:51,671.8,670.7,1800,672.4,900,0,28800
TATACHEM-II.NFO,07/01/2020,10:59:55,671.8,670.7,900,672.5,900,0,28800
TATACHEM-II.NFO,07/01/2020,11:00:01,671.8,670.45,900,673.2,900,0,28800
TATACHEM-II.NFO,07/01/2020,11:00:07,671.8,669.35,1800,672.1,900,0,28800
TATACHEM-II.NFO,07/01/2020,11:00:13,671.8,669.35,1800,672.25,900,0,28800
TATACHEM-II.NFO,07/01/2020,11:00:20,671.8,669.35,1800,671.8,900,0,28800
TATACHEM-II.NFO,07/01/2020,11:00:26,671.8,670.4,900,672.25,900,0,28800
TATACHEM-II.NFO,07/01/2020,11:00:34,671.8,669.55,900,672.7,900,0,28800
TATACHEM-II.NFO,07/01/2020,11:00:41,671.8,669.9,900,672.05,900,0,28800
TATACHEM-II.NFO,07/01/2020,11:00:47,671.8,669.6,900,672.25,900,0,28800
TATACHEM-II.NFO,07/01/2020,11:00:53,671.8,669.7,1800,671.3,900,0,28800
TATACHEM-II.NFO,07/01/2020,11:01:01,671.8,669.2,900,671,900,0,28800
TATACHEM-II.NFO,07/01/2020,11:01:09,671.8,669,900,671.55,1800,0,28800
TATACHEM-II.NFO,07/01/2020,11:01:17,671.8,669.3,900,671.25,900,0,28800
TATACHEM-II.NFO,07/01/2020,11:01:24,671.8,669.6,900,671.6,900,0,28800
TATACHEM-II.NFO,07/01/2020,11:01:31,671.8,669.2,900,672.15,900,0,28800
TATACHEM-II.NFO,07/01/2020,11:01:39,671.8,669,900,671.55,900,0,28800
TATACHEM-II.NFO,07/01/2020,11:01:46,671.8,669.3,900,671.2,900,0,28800
TATACHEM-II.NFO,07/01/2020,11:01:55,671.8,669.8,1800,672.3,900,0,28800
TATACHEM-II.NFO,07/01/2020,11:02:09,671.8,669.8,1800,671.4,900,0,28800
TATACHEM-II.NFO,07/01/2020,11:02:16,671.8,669.8,1800,671.2,900,0,28800
TATACHEM-II.NFO,07/01/2020,11:02:22,671.8,669.8,1800,671.4,900,0,28800
TATACHEM-II.NFO,07/01/2020,11:02:29,671.8,669.8,1800,671.2,900,0,28800
TATACHEM-II.NFO,07/01/2020,11:02:37,671.8,669.8,1800,671.05,900,0,28800
TATACHEM-II.NFO,07/01/2020,11:02:43,671.8,670,1800,671.2,900,0,28800
TATACHEM-II.NFO,07/01/2020,11:02:48,671.8,669.1,900,671.15,900,0,28800
TATACHEM-II.NFO,07/01/2020,11:02:56,671.8,669.6,900,672.05,900,0,28800
TATACHEM-II.NFO,07/01/2020,11:03:02,671.8,669.7,900,671.3,900,0,28800
TATACHEM-II.NFO,07/01/2020,11:03:09,671.8,669.25,900,672,900,0,28800
TATACHEM-II.NFO,07/01/2020,11:03:16,671.8,669.9,1800,671.5,900,0,28800
TATACHEM-II.NFO,07/01/2020,11:03:28,671.8,669.7,900,671.05,900,0,28800
TATACHEM-II.NFO,07/01/2020,11:03:40,671.8,669.7,1800,671.9,900,0,28800
TATACHEM-II.NFO,07/01/2020,11:03:48,671.8,669.3,900,671.7,900,0,28800
TATACHEM-II.NFO,07/01/2020,11:04:01,671.8,669.5,900,671.2,900,0,28800
TATACHEM-II.NFO,07/01/2020,11:04:08,671.8,669.9,1800,672,900,0,28800
TATACHEM-II.NFO,07/01/2020,11:04:14,671.8,668.85,1800,672.15,900,0,28800
TATACHEM-II.NFO,07/01/2020,11:04:21,671.8,668.85,1800,671.4,900,0,28800
TATACHEM-II.NFO,07/01/2020,11:04:27,671.8,668.85,1800,671.05,900,0,28800
TATACHEM-II.NFO,07/01/2020,11:04:33,671.8,668.85,1800,672,900,0,28800
TATACHEM-II.NFO,07/01/2020,11:04:40,671.8,668.85,1800,672.15,1800,0,28800
TATACHEM-II.NFO,07/01/2020,11:04:47,671.8,668.85,1800,671.65,900,0,28800
TATACHEM-II.NFO,07/01/2020,11:04:54,671.8,669.6,900,673.3,900,0,28800
TATACHEM-II.NFO,07/01/2020,11:05:02,671.8,670.25,1800,673.05,900,0,28800
TATACHEM-II.NFO,07/01/2020,11:05:08,671.8,670.25,1800,672.2,900,0,28800
TATACHEM-II.NFO,07/01/2020,11:05:15,671.8,670.25,1800,672.5,900,0,28800
TATACHEM-II.NFO,07/01/2020,11:05:22,671.8,670,1800,672.1,900,0,28800
TATACHEM-II.NFO,07/01/2020,11:05:28,671.8,669.9,1800,672.55,900,0,28800
TATACHEM-II.NFO,07/01/2020,11:05:34,671.8,670.95,900,673.35,1800,0,28800
TATACHEM-II.NFO,07/01/2020,11:05:41,671.8,670.45,900,673.75,900,0,28800
TATACHEM-II.NFO,07/01/2020,11:05:47,671.8,670.9,1800,672.95,1800,0,28800
TATACHEM-II.NFO,07/01/2020,11:05:54,671.8,670.9,1800,672.95,2700,0,28800
TATACHEM-II.NFO,07/01/2020,11:06:01,671.8,671.25,900,673.75,1800,0,28800
TATACHEM-II.NFO,07/01/2020,11:06:08,671.8,671.35,900,674.95,900,0,28800
TATACHEM-II.NFO,07/01/2020,11:06:12,671.8,671.55,900,674.6,1800,0,28800
TATACHEM-II.NFO,07/01/2020,11:06:13,671.8,672.35,900,675,900,0,28800
TATACHEM-II.NFO,07/01/2020,11:06:14,671.8,671.7,900,674.9,1800,0,28800
TATACHEM-II.NFO,07/01/2020,11:06:15,671.8,672.4,900,675.1,900,0,28800
TATACHEM-II.NFO,07/01/2020,11:06:18,671.8,671.7,900,675.3,900,0,28800
TATACHEM-II.NFO,07/01/2020,11:06:26,671.8,672.8,900,675.35,900,0,28800
TATACHEM-II.NFO,07/01/2020,11:06:27,671.8,671.65,900,674.95,900,0,28800
TATACHEM-II.NFO,07/01/2020,11:06:28,671.8,671.65,900,674.75,900,0,28800
TATACHEM-II.NFO,07/01/2020,11:06:30,671.8,671.85,900,673.55,1800,0,28800
TATACHEM-II.NFO,07/01/2020,11:06:30,671.8,671.2,900,674.05,900,0,28800
TATACHEM-II.NFO,07/01/2020,11:06:32,671.8,671.6,900,673.65,1800,0,28800
TATACHEM-II.NFO,07/01/2020,11:06:35,671.8,671.7,900,673.65,1800,0,28800
TATACHEM-II.NFO,07/01/2020,11:06:38,671.8,671.4,900,673.65,1800,0,28800
TATACHEM-II.NFO,07/01/2020,11:06:38,671.8,670.95,900,673.65,1800,0,28800
TATACHEM-II.NFO,07/01/2020,11:06:43,671.8,671.1,900,673.65,1800,0,28800
TATACHEM-II.NFO,07/01/2020,11:06:44,671.8,671.3,900,673.65,1800,0,28800
TATACHEM-II.NFO,07/01/2020,11:06:51,671.8,671.6,900,673.65,1800,0,28800
TATACHEM-II.NFO,07/01/2020,11:06:54,671.8,671.45,900,673.65,2700,0,28800
TATACHEM-II.NFO,07/01/2020,11:06:55,671.8,671.75,900,673.65,1800,0,28800
TATACHEM-II.NFO,07/01/2020,11:06:56,671.8,670.85,900,673.65,2700,0,28800
TATACHEM-II.NFO,07/01/2020,11:06:59,671.8,671.6,900,673.65,2700,0,28800
TATACHEM-II.NFO,07/01/2020,11:07:00,671.8,671.9,900,674.4,900,0,28800
TATACHEM-II.NFO,07/01/2020,11:07:09,671.8,670.75,900,674.05,900,0,28800
TATACHEM-II.NFO,07/01/2020,11:07:16,671.8,670.8,900,673.7,900,0,28800
TATACHEM-II.NFO,07/01/2020,11:07:22,671.8,671.55,900,673.5,1800,0,28800
TATACHEM-II.NFO,07/01/2020,11:07:27,671.8,670.9,1800,673.5,1800,0,28800
TATACHEM-II.NFO,07/01/2020,11:07:32,671.8,672.3,900,674.45,900,0,28800
TATACHEM-II.NFO,07/01/2020,11:07:37,671.8,672.6,900,674.3,1800,0,28800
TATACHEM-II.NFO,07/01/2020,11:07:42,671.8,671.3,900,675,900,0,28800
TATACHEM-II.NFO,07/01/2020,11:07:48,671.8,672.35,900,674.3,1800,0,28800
TATACHEM-II.NFO,07/01/2020,11:07:52,671.8,671.6,900,674.3,1800,0,28800
TATACHEM-II.NFO,07/01/2020,11:07:57,671.8,671.8,900,674.3,1800,0,28800
TATACHEM-II.NFO,07/01/2020,11:08:01,671.8,671.9,900,674.3,1800,0,28800
TATACHEM-II.NFO,07/01/2020,11:08:06,671.8,672.45,900,674.05,1800,0,28800
TATACHEM-II.NFO,07/01/2020,11:08:11,671.8,671.95,900,674.35,900,0,28800
TATACHEM-II.NFO,07/01/2020,11:08:16,671.8,671.45,900,673.95,1800,0,28800
TATACHEM-II.NFO,07/01/2020,11:08:21,671.8,672.4,900,673.85,1800,0,28800
TATACHEM-II.NFO,07/01/2020,11:08:37,671.8,671.1,900,673.6,1800,0,28800
TATACHEM-II.NFO,07/01/2020,11:08:42,671.8,671.55,900,673.6,1800,0,28800
TATACHEM-II.NFO,07/01/2020,11:08:47,671.8,672.05,900,674.2,900,0,28800
TATACHEM-II.NFO,07/01/2020,11:08:51,671.8,671.5,900,673.6,1800,0,28800
TATACHEM-II.NFO,07/01/2020,11:08:55,671.8,672,900,674.4,900,0,28800
TATACHEM-II.NFO,07/01/2020,11:09:04,671.8,671.35,900,673.9,900,0,28800
TATACHEM-II.NFO,07/01/2020,11:09:08,671.8,671.7,900,673.6,900,0,28800
TATACHEM-II.NFO,07/01/2020,11:09:14,671.8,672,900,673.95,900,0,28800
TATACHEM-II.NFO,07/01/2020,11:09:19,671.8,671.05,1800,673.65,900,0,28800
TATACHEM-II.NFO,07/01/2020,11:09:30,671.8,671.95,900,674.2,900,0,28800
TATACHEM-II.NFO,07/01/2020,11:09:35,671.8,671.4,900,673.8,900,0,28800
TATACHEM-II.NFO,07/01/2020,11:09:40,671.8,671.35,900,673.9,900,0,28800
TATACHEM-II.NFO,07/01/2020,11:09:46,671.8,671.5,900,673.8,900,0,28800
TATACHEM-II.NFO,07/01/2020,11:09:50,671.8,671.7,900,673.55,900,0,28800
TATACHEM-II.NFO,07/01/2020,11:09:58,671.8,671.9,900,674.5,900,0,28800
TATACHEM-II.NFO,07/01/2020,11:10:01,671.8,671.5,900,673.9,900,0,28800
TATACHEM-II.NFO,07/01/2020,11:10:21,671.8,671.35,900,674.6,900,0,28800
TATACHEM-II.NFO,07/01/2020,11:10:26,671.8,671.8,900,674.2,900,0,28800
TATACHEM-II.NFO,07/01/2020,11:10:30,671.8,671.55,900,673.75,900,0,28800
TATACHEM-II.NFO,07/01/2020,11:10:33,671.8,671.85,900,674.3,900,0,28800
TATACHEM-II.NFO,07/01/2020,11:10:40,671.8,671,1800,673.7,900,0,28800
TATACHEM-II.NFO,07/01/2020,11:10:44,671.8,671.75,900,673.3,1800,0,28800
TATACHEM-II.NFO,07/01/2020,11:10:47,671.8,671.95,900,674.3,900,0,28800
TATACHEM-II.NFO,07/01/2020,11:10:54,671.8,671.35,900,673.9,900,0,28800
TATACHEM-II.NFO,07/01/2020,11:11:06,671.8,671.15,900,673.2,1800,0,28800
TATACHEM-II.NFO,07/01/2020,11:11:11,671.8,671.2,900,673.55,900,0,28800
TATACHEM-II.NFO,07/01/2020,11:11:17,671.8,670.3,900,672.85,900,0,28800
TATACHEM-II.NFO,07/01/2020,11:11:24,671.8,670.45,900,672.95,1800,0,28800
TATACHEM-II.NFO,07/01/2020,11:11:32,671.8,670.55,900,673.05,900,0,28800
TATACHEM-II.NFO,07/01/2020,11:11:40,671.8,670.45,900,673.7,900,0,28800
TATACHEM-II.NFO,07/01/2020,11:11:47,671.8,671.1,900,673.1,900,0,28800
TATACHEM-II.NFO,07/01/2020,11:11:53,671.8,670.25,900,673.2,900,0,28800
TATACHEM-II.NFO,07/01/2020,11:12:00,671.8,670.1,900,672.25,900,0,28800
TATACHEM-II.NFO,07/01/2020,11:12:16,671.8,670.1,900,672.65,1800,0,28800
TATACHEM-II.NFO,07/01/2020,11:12:23,671.8,669.9,1800,673.35,900,0,28800
TATACHEM-II.NFO,07/01/2020,11:12:28,671.8,670.35,900,672.8,900,0,28800
TATACHEM-II.NFO,07/01/2020,11:12:34,671.8,671,900,672.25,900,0,28800
TATACHEM-II.NFO,07/01/2020,11:12:40,671.8,670.1,900,673.1,900,0,28800
TATACHEM-II.NFO,07/01/2020,11:12:45,671.8,670.05,900,673.45,900,0,28800
TATACHEM-II.NFO,07/01/2020,11:12:51,671.8,670.55,900,672.9,900,0,28800
TATACHEM-II.NFO,07/01/2020,11:13:11,671.8,669.15,900,671.9,900,0,28800
TATACHEM-II.NFO,07/01/2020,11:13:22,671.8,669.75,900,671.55,900,0,28800
TATACHEM-II.NFO,07/01/2020,11:13:28,671.8,669.65,900,672.75,900,0,28800
TATACHEM-II.NFO,07/01/2020,11:13:45,671.8,670.15,1800,671.4,900,0,28800
TATACHEM-II.NFO,07/01/2020,11:13:51,671.8,670.15,1800,671.85,900,0,28800
TATACHEM-II.NFO,07/01/2020,11:13:56,671.8,670.15,1800,672.25,900,0,28800
TATACHEM-II.NFO,07/01/2020,11:14:02,671.8,670.15,1800,672.05,900,0,28800
TATACHEM-II.NFO,07/01/2020,11:14:06,671.8,670.15,1800,671.9,900,0,28800
TATACHEM-II.NFO,07/01/2020,11:14:11,671.8,669.65,1800,672.05,900,0,28800
TATACHEM-II.NFO,07/01/2020,11:14:17,671.8,669.65,1800,671.2,900,0,28800
TATACHEM-II.NFO,07/01/2020,11:14:22,671.8,669.75,900,672.4,900,0,28800
TATACHEM-II.NFO,07/01/2020,11:14:27,671.8,669.1,900,672.3,900,0,28800
TATACHEM-II.NFO,07/01/2020,11:14:32,671.8,669.6,1800,671.7,900,0,28800
TATACHEM-II.NFO,07/01/2020,11:14:36,671.8,669.6,1800,671.5,900,0,28800
TATACHEM-II.NFO,07/01/2020,11:14:45,671.8,669.6,1800,671.4,900,0,28800
TATACHEM-II.NFO,07/01/2020,11:14:50,671.8,669.6,1800,671,900,0,28800
TATACHEM-II.NFO,07/01/2020,11:14:55,671.8,669.6,1800,672.3,900,0,28800
TATACHEM-II.NFO,07/01/2020,11:15:08,671.8,669.2,900,671.55,900,0,28800
TATACHEM-II.NFO,07/01/2020,11:15:20,671.8,669,1800,671.65,900,0,28800
TATACHEM-II.NFO,07/01/2020,11:15:53,671.8,669.1,900,670.95,900,0,28800
TATACHEM-II.NFO,07/01/2020,11:16:03,671.8,669.4,1800,671.85,900,0,28800
TATACHEM-II.NFO,07/01/2020,11:16:15,671.8,669,900,671.5,900,0,28800
TATACHEM-II.NFO,07/01/2020,11:16:21,671.8,669.1,1800,671.2,900,0,28800
TATACHEM-II.NFO,07/01/2020,11:16:27,671.8,669.1,1800,670.9,900,0,28800
TATACHEM-II.NFO,07/01/2020,11:16:33,671.8,669,900,672.1,900,0,28800
TATACHEM-II.NFO,07/01/2020,11:16:37,671.8,668.9,900,671.6,900,0,28800
TATACHEM-II.NFO,07/01/2020,11:16:42,671.8,669.5,1800,672.35,900,0,28800
TATACHEM-II.NFO,07/01/2020,11:16:47,671.8,668.85,1800,672.15,900,0,28800
TATACHEM-II.NFO,07/01/2020,11:16:53,671.8,668.85,1800,672.2,900,0,28800
TATACHEM-II.NFO,07/01/2020,11:16:59,671.8,668.85,1800,671.3,900,0,28800
TATACHEM-II.NFO,07/01/2020,11:17:09,671.8,668.85,1800,671.45,900,0,28800
TATACHEM-II.NFO,07/01/2020,11:17:14,671.8,668.85,1800,671.05,900,0,28800
TATACHEM-II.NFO,07/01/2020,11:17:20,671.8,668.85,1800,671.65,900,0,28800
TATACHEM-II.NFO,07/01/2020,11:17:36,671.8,668.85,1800,671.9,900,0,28800
TATACHEM-II.NFO,07/01/2020,11:17:43,671.8,669.1,900,672.4,900,0,28800
TATACHEM-II.NFO,07/01/2020,11:17:49,671.8,669,900,671.7,900,0,28800
TATACHEM-II.NFO,07/01/2020,11:18:03,671.8,669.4,900,672,900,0,28800
TATACHEM-II.NFO,07/01/2020,11:18:12,671.8,669.5,1800,672.1,900,0,28800
TATACHEM-II.NFO,07/01/2020,11:18:26,671.8,669.1,900,671.6,900,0,28800
TATACHEM-II.NFO,07/01/2020,11:18:36,671.8,669.5,900,671.3,1800,0,28800
TATACHEM-II.NFO,07/01/2020,11:18:43,671.8,669.4,900,671.3,1800,0,28800
TATACHEM-II.NFO,07/01/2020,11:18:51,671.8,669.7,900,672.35,900,0,28800
TATACHEM-II.NFO,07/01/2020,11:18:57,671.8,670.15,900,671.75,900,0,28800
TATACHEM-II.NFO,07/01/2020,11:19:03,671.8,669.6,900,671.4,900,0,28800
TATACHEM-II.NFO,07/01/2020,11:19:09,671.8,669.1,900,672.5,900,0,28800
TATACHEM-II.NFO,07/01/2020,11:19:22,671.8,669.4,900,671.3,900,0,28800
TATACHEM-II.NFO,07/01/2020,11:19:41,671.8,669.3,900,671.75,900,0,28800
TATACHEM-II.NFO,07/01/2020,11:19:48,671.8,669.7,900,671.75,900,0,28800
TATACHEM-II.NFO,07/01/2020,11:19:53,671.8,669.8,900,671.55,900,0,28800
TATACHEM-II.NFO,07/01/2020,11:19:57,671.8,669,900,671.4,900,0,28800
TATACHEM-II.NFO,07/01/2020,11:20:06,671.8,669,1800,671.45,900,0,28800
