Ticker,Date,Time,LTP,BuyPrice,BuyQty,SellPrice,SellQty,LTQ,OpenInterest
TVSMOTOR-II.NFO,07/01/2020,09:17:03,439.95,437.35,1350,440,1350,1350,94500
TVSMOTOR-II.NFO,07/01/2020,09:17:03,439.95,437.35,1350,440,1350,0,94500
TVSMOTOR-II.NFO,07/01/2020,09:17:03,439.95,437.35,1350,440,1350,0,94500
TVSMOTOR-II.NFO,07/01/2020,09:17:03,439.95,437.35,1350,440,1350,0,94500
TVSMOTOR-II.NFO,07/01/2020,09:17:12,439.95,437.85,1350,441.2,2700,0,94500
TVSMOTOR-II.NFO,07/01/2020,09:17:22,439.95,437.35,1350,440.8,1350,0,94500
TVSMOTOR-II.NFO,07/01/2020,09:17:32,439.95,437.25,1350,440.65,1350,0,94500
TVSMOTOR-II.NFO,07/01/2020,09:17:43,439.95,437.35,1350,440.35,1350,0,94500
TVSMOTOR-II.NFO,07/01/2020,09:17:53,439.95,437.45,1350,440.15,1350,0,94500
TVSMOTOR-II.NFO,07/01/2020,09:18:03,439.95,437.7,1350,440.05,1350,0,94500
TVSMOTOR-II.NFO,07/01/2020,09:18:12,439.95,438.05,1350,439.95,1350,0,94500
TVSMOTOR-II.NFO,07/01/2020,09:18:21,439.95,437.85,1350,439.9,1350,0,94500
TVSMOTOR-II.NFO,07/01/2020,09:18:30,439.95,437.05,1350,439.55,1350,0,94500
TVSMOTOR-II.NFO,07/01/2020,09:18:39,439.95,434.2,1350,438.65,2700,0,94500
TVSMOTOR-II.NFO,07/01/2020,09:18:48,439.95,434.3,1350,438.4,1350,0,94500
TVSMOTOR-II.NFO,07/01/2020,09:18:57,439.95,434.4,1350,437.85,1350,0,94500
TVSMOTOR-II.NFO,07/01/2020,09:19:15,439.95,435,1350,437.8,1350,0,94500
TVSMOTOR-II.NFO,07/01/2020,09:19:23,439.95,435.7,1350,438.7,1350,0,94500
TVSMOTOR-II.NFO,07/01/2020,09:19:32,439.95,435.8,1350,438.65,1350,0,94500
TVSMOTOR-II.NFO,07/01/2020,09:19:40,439.95,435.9,1350,438.4,1350,0,94500
TVSMOTOR-II.NFO,07/01/2020,09:19:48,439.95,436,1350,438.55,1350,0,94500
TVSMOTOR-II.NFO,07/01/2020,09:19:56,439.95,436.1,1350,438.85,1350,0,94500
TVSMOTOR-II.NFO,07/01/2020,09:20:04,439.95,436.3,1350,438.8,1350,0,94500
TVSMOTOR-II.NFO,07/01/2020,09:20:12,439.95,436.4,1350,439,1350,0,94500
TVSMOTOR-II.NFO,07/01/2020,09:20:19,439.95,436.35,1350,438.85,1350,0,94500
TVSMOTOR-II.NFO,07/01/2020,09:20:27,439.95,436.35,1350,438.75,1350,0,94500
TVSMOTOR-II.NFO,07/01/2020,09:20:35,439.95,436.35,1350,438.65,1350,0,94500
TVSMOTOR-II.NFO,07/01/2020,09:20:42,439.95,436.35,2700,438.7,1350,0,94500
TVSMOTOR-II.NFO,07/01/2020,09:20:50,439.95,436.45,1350,438.85,1350,0,94500
TVSMOTOR-II.NFO,07/01/2020,09:20:57,439.95,437.65,1350,438.85,1350,0,94500
TVSMOTOR-II.NFO,07/01/2020,09:21:05,439.95,437,2700,438.45,2700,0,94500
TVSMOTOR-II.NFO,07/01/2020,09:21:14,439.95,437,2700,438.7,1350,0,94500
TVSMOTOR-II.NFO,07/01/2020,09:21:22,439.95,437,2700,438.8,1350,0,94500
TVSMOTOR-II.NFO,07/01/2020,09:21:37,439.95,437,2700,438.7,2700,0,94500
TVSMOTOR-II.NFO,07/01/2020,09:21:45,439.95,437.35,1350,438.8,1350,0,94500
TVSMOTOR-II.NFO,07/01/2020,09:21:53,439.95,437.75,2700,438.8,1350,0,94500
TVSMOTOR-II.NFO,07/01/2020,09:22:01,439.95,437.75,1350,438.9,1350,0,94500
TVSMOTOR-II.NFO,07/01/2020,09:22:09,439.95,437.95,2700,439.55,1350,0,94500
TVSMOTOR-II.NFO,07/01/2020,09:22:17,439.95,437.95,2700,439.5,1350,0,94500
TVSMOTOR-II.NFO,07/01/2020,09:22:25,439.95,437.95,2700,439.4,1350,0,94500
TVSMOTOR-II.NFO,07/01/2020,09:22:32,439.95,437.95,2700,439.2,1350,0,94500
TVSMOTOR-II.NFO,07/01/2020,09:22:39,439.95,437.45,1350,438.95,1350,0,94500
TVSMOTOR-II.NFO,07/01/2020,09:22:46,439.95,435.6,1350,438.7,1350,0,94500
TVSMOTOR-II.NFO,07/01/2020,09:22:53,439.95,435.7,1350,438.25,1350,0,94500
TVSMOTOR-II.NFO,07/01/2020,09:23:01,439.95,435.8,2700,438.8,2700,0,94500
TVSMOTOR-II.NFO,07/01/2020,09:23:08,439.95,435.9,2700,438.6,2700,0,94500
TVSMOTOR-II.NFO,07/01/2020,09:23:16,439.95,436.4,1350,438.65,1350,0,94500
TVSMOTOR-II.NFO,07/01/2020,09:23:23,439.95,436.5,1350,438.7,1350,0,94500
TVSMOTOR-II.NFO,07/01/2020,09:23:29,439.95,437.6,1350,438.9,1350,0,94500
TVSMOTOR-II.NFO,07/01/2020,09:23:35,439.95,437.8,2700,438.9,2700,0,94500
TVSMOTOR-II.NFO,07/01/2020,09:23:41,439.95,437.8,2700,439.3,1350,0,94500
TVSMOTOR-II.NFO,07/01/2020,09:23:48,439.95,437.8,2700,438.9,1350,0,94500
TVSMOTOR-II.NFO,07/01/2020,09:24:01,439.95,437.8,2700,438.85,1350,0,94500
TVSMOTOR-II.NFO,07/01/2020,09:24:08,439.95,437.55,2700,439.15,1350,0,94500
TVSMOTOR-II.NFO,07/01/2020,09:24:15,439.95,437.55,2700,439,1350,0,94500
TVSMOTOR-II.NFO,07/01/2020,09:24:22,439.95,437.55,2700,438.45,1350,0,94500
TVSMOTOR-II.NFO,07/01/2020,09:24:29,439.95,437.55,2700,438,1350,0,94500
TVSMOTOR-II.NFO,07/01/2020,09:24:36,439.95,437.55,2700,438.45,1350,0,94500
TVSMOTOR-II.NFO,07/01/2020,09:24:42,439.95,437.4,2700,438.3,1350,0,94500
TVSMOTOR-II.NFO,07/01/2020,09:24:48,439.95,437.4,2700,438.35,1350,0,94500
TVSMOTOR-II.NFO,07/01/2020,09:24:54,439.95,437.4,2700,438.25,1350,0,94500
TVSMOTOR-II.NFO,07/01/2020,09:25:16,437.4,436.7,2700,437.95,1350,1350,94500
TVSMOTOR-II.NFO,07/01/2020,09:25:16,437.4,436.7,2700,437.95,1350,0,94500
TVSMOTOR-II.NFO,07/01/2020,09:25:23,437.4,436.7,2700,437.95,1350,0,94500
TVSMOTOR-II.NFO,07/01/2020,09:25:29,437.4,436.1,1350,437.25,1350,0,94500
TVSMOTOR-II.NFO,07/01/2020,09:25:36,437.4,436.3,2700,438.3,2700,0,94500
TVSMOTOR-II.NFO,07/01/2020,09:25:44,437.4,435.85,1350,437.85,1350,0,94500
TVSMOTOR-II.NFO,07/01/2020,09:25:58,437.4,435.8,2700,437.75,1350,0,94500
TVSMOTOR-II.NFO,07/01/2020,09:26:08,437.4,435.8,2700,437.65,1350,0,94500
TVSMOTOR-II.NFO,07/01/2020,09:26:16,437.4,436.65,1350,437.95,1350,0,94500
TVSMOTOR-II.NFO,07/01/2020,09:26:22,437.4,436.05,1350,437.95,1350,0,94500
TVSMOTOR-II.NFO,07/01/2020,09:26:28,437.4,435.95,2700,438.15,2700,0,94500
TVSMOTOR-II.NFO,07/01/2020,09:26:35,437.4,436.1,1350,438.3,1350,0,94500
TVSMOTOR-II.NFO,07/01/2020,09:26:42,437.4,437,1350,438.25,1350,0,94500
TVSMOTOR-II.NFO,07/01/2020,09:26:48,437.4,436.6,1350,438.15,1350,0,94500
TVSMOTOR-II.NFO,07/01/2020,09:26:54,437.4,436.6,1350,438.3,1350,0,94500
TVSMOTOR-II.NFO,07/01/2020,09:26:59,437.4,436.8,1350,438.25,2700,0,94500
TVSMOTOR-II.NFO,07/01/2020,09:27:04,437.4,436.5,1350,438.5,2700,0,94500
TVSMOTOR-II.NFO,07/01/2020,09:27:09,437.4,436.75,1350,438.2,1350,0,94500
TVSMOTOR-II.NFO,07/01/2020,09:27:15,437.4,436.3,1350,438.2,1350,0,94500
TVSMOTOR-II.NFO,07/01/2020,09:27:22,437.4,436.8,1350,437.4,2700,0,94500
TVSMOTOR-II.NFO,07/01/2020,09:27:29,437.4,437.1,1350,437.4,2700,0,94500
TVSMOTOR-II.NFO,07/01/2020,09:27:35,437.4,436.35,1350,437.4,2700,0,94500
TVSMOTOR-II.NFO,07/01/2020,09:27:41,437.4,435.85,1350,437.35,1350,0,94500
TVSMOTOR-II.NFO,07/01/2020,09:27:46,437.4,436.35,1350,437.35,1350,0,94500
TVSMOTOR-II.NFO,07/01/2020,09:27:52,437.4,436.3,1350,437.35,1350,0,94500
TVSMOTOR-II.NFO,07/01/2020,09:28:09,437,435.95,1350,437.35,1350,1350,94500
TVSMOTOR-II.NFO,07/01/2020,09:28:09,437,435.95,1350,437.35,1350,0,94500
TVSMOTOR-II.NFO,07/01/2020,09:28:17,437,435.2,1350,437.25,1350,0,94500
TVSMOTOR-II.NFO,07/01/2020,09:28:23,437,435.6,1350,437.15,1350,0,94500
TVSMOTOR-II.NFO,07/01/2020,09:28:29,437,436.25,1350,437.15,1350,0,94500
TVSMOTOR-II.NFO,07/01/2020,09:28:46,437,435.8,1350,436.7,1350,0,94500
TVSMOTOR-II.NFO,07/01/2020,09:28:52,437,434.5,1350,437.15,1350,0,94500
TVSMOTOR-II.NFO,07/01/2020,09:28:58,437,434.95,1350,436.95,1350,0,94500
TVSMOTOR-II.NFO,07/01/2020,09:29:04,437,435.1,1350,437.15,1350,0,94500
TVSMOTOR-II.NFO,07/01/2020,09:29:11,437,435.4,1350,437.15,1350,0,94500
TVSMOTOR-II.NFO,07/01/2020,09:29:17,437,435.85,1350,437.15,1350,0,94500
TVSMOTOR-II.NFO,07/01/2020,09:29:22,437,435.2,1350,437.05,1350,0,94500
TVSMOTOR-II.NFO,07/01/2020,09:29:29,437,434.7,1350,436.85,1350,0,94500
TVSMOTOR-II.NFO,07/01/2020,09:29:35,437,434.75,1350,436.6,1350,0,94500
TVSMOTOR-II.NFO,07/01/2020,09:29:41,437,435.5,2700,436.95,1350,0,94500
TVSMOTOR-II.NFO,07/01/2020,09:29:48,437,435.5,2700,437.15,2700,0,94500
TVSMOTOR-II.NFO,07/01/2020,09:29:53,437,435.25,1350,437.1,1350,0,94500
TVSMOTOR-II.NFO,07/01/2020,09:29:58,437,434.95,1350,436.8,1350,0,94500
TVSMOTOR-II.NFO,07/01/2020,09:30:03,437,435.5,2700,436.85,1350,0,94500
TVSMOTOR-II.NFO,07/01/2020,09:30:09,437,435.5,2700,436.85,2700,0,94500
TVSMOTOR-II.NFO,07/01/2020,09:30:21,437,435.5,2700,436.85,1350,0,94500
TVSMOTOR-II.NFO,07/01/2020,09:30:32,437,435.5,2700,437.2,1350,0,94500
TVSMOTOR-II.NFO,07/01/2020,09:30:37,437,435.5,2700,437,2700,0,94500
TVSMOTOR-II.NFO,07/01/2020,09:30:43,437,435.5,2700,436.9,1350,0,94500
TVSMOTOR-II.NFO,07/01/2020,09:30:48,437,435.5,2700,437.15,1350,0,94500
TVSMOTOR-II.NFO,07/01/2020,09:30:53,437,435.5,2700,436.95,1350,0,94500
TVSMOTOR-II.NFO,07/01/2020,09:30:58,437,435.5,2700,437.15,1350,0,94500
TVSMOTOR-II.NFO,07/01/2020,09:31:03,437,435.5,2700,437.35,1350,0,94500
TVSMOTOR-II.NFO,07/01/2020,09:31:09,437,436.2,1350,437.35,1350,0,94500
TVSMOTOR-II.NFO,07/01/2020,09:31:15,437,436.6,1350,437.35,1350,0,94500
TVSMOTOR-II.NFO,07/01/2020,09:31:21,437,435.9,1350,437.4,2700,0,94500
TVSMOTOR-II.NFO,07/01/2020,09:31:27,437,436.4,1350,437.4,2700,0,94500
TVSMOTOR-II.NFO,07/01/2020,09:31:33,437,436.8,1350,437.4,2700,0,94500
TVSMOTOR-II.NFO,07/01/2020,09:31:38,437,436.3,1350,437.4,2700,0,94500
TVSMOTOR-II.NFO,07/01/2020,09:31:44,437,436.6,1350,437.35,1350,0,94500
TVSMOTOR-II.NFO,07/01/2020,09:31:49,437,436.2,1350,437.35,1350,0,94500
TVSMOTOR-II.NFO,07/01/2020,09:31:55,437,436.4,1350,437.35,1350,0,94500
TVSMOTOR-II.NFO,07/01/2020,09:32:01,437,436.7,1350,437.35,1350,0,94500
TVSMOTOR-II.NFO,07/01/2020,09:32:07,437,436.7,1350,437.4,2700,0,94500
TVSMOTOR-II.NFO,07/01/2020,09:32:14,437,436.4,1350,437.35,1350,0,94500
TVSMOTOR-II.NFO,07/01/2020,09:32:21,437,436.3,1350,437.4,2700,0,94500
TVSMOTOR-II.NFO,07/01/2020,09:32:28,437,436.85,1350,437.4,2700,0,94500
TVSMOTOR-II.NFO,07/01/2020,09:32:34,437,436.95,1350,437.4,2700,0,94500
TVSMOTOR-II.NFO,07/01/2020,09:32:41,437,436.6,1350,437.4,2700,0,94500
TVSMOTOR-II.NFO,07/01/2020,09:32:47,437,437,1350,437.4,2700,0,94500
TVSMOTOR-II.NFO,07/01/2020,09:32:53,437,437.05,1350,437.4,2700,0,94500
TVSMOTOR-II.NFO,07/01/2020,09:32:59,437,437,1350,437.4,2700,0,94500
TVSMOTOR-II.NFO,07/01/2020,09:33:04,435.4,436,2700,438.1,2700,2700,95850
TVSMOTOR-II.NFO,07/01/2020,09:33:04,435.4,436,2700,438.1,2700,0,95850
TVSMOTOR-II.NFO,07/01/2020,09:33:11,435.4,436.25,1350,438,2700,0,95850
TVSMOTOR-II.NFO,07/01/2020,09:33:17,435.4,436.7,1350,438,2700,0,95850
TVSMOTOR-II.NFO,07/01/2020,09:33:23,435.4,436.5,1350,437.6,2700,0,95850
TVSMOTOR-II.NFO,07/01/2020,09:33:30,435.4,436.15,1350,437.75,2700,0,95850
TVSMOTOR-II.NFO,07/01/2020,09:33:35,435.4,436.3,1350,437.75,2700,0,95850
TVSMOTOR-II.NFO,07/01/2020,09:33:40,435.4,436.2,2700,437.75,2700,0,95850
TVSMOTOR-II.NFO,07/01/2020,09:33:57,435.4,436.35,1350,437.8,1350,0,95850
TVSMOTOR-II.NFO,07/01/2020,09:34:02,435.4,436.75,1350,437.8,1350,0,95850
TVSMOTOR-II.NFO,07/01/2020,09:34:07,435.4,435.5,1350,437.5,1350,0,95850
TVSMOTOR-II.NFO,07/01/2020,09:34:13,435.4,436.4,1350,437.6,2700,0,95850
TVSMOTOR-II.NFO,07/01/2020,09:34:19,435.4,436.25,1350,437.6,2700,0,95850
TVSMOTOR-II.NFO,07/01/2020,09:34:25,435.4,435.95,1350,437.6,2700,0,95850
TVSMOTOR-II.NFO,07/01/2020,09:34:31,435.4,436.55,1350,437.6,2700,0,95850
TVSMOTOR-II.NFO,07/01/2020,09:34:50,435.4,437,1350,437.55,1350,0,95850
TVSMOTOR-II.NFO,07/01/2020,09:34:55,435.4,437,1350,437.55,2700,0,95850
TVSMOTOR-II.NFO,07/01/2020,09:35:00,435.4,437,1350,437.55,1350,0,95850
TVSMOTOR-II.NFO,07/01/2020,09:35:33,435.4,437,1350,437.55,2700,0,95850
TVSMOTOR-II.NFO,07/01/2020,09:35:48,435.4,437,1350,437.7,1350,0,95850
TVSMOTOR-II.NFO,07/01/2020,09:35:56,435.4,437,1350,437.45,2700,0,95850
TVSMOTOR-II.NFO,07/01/2020,09:36:09,435.4,437,1350,437.9,1350,0,95850
TVSMOTOR-II.NFO,07/01/2020,09:36:16,435.4,437,1350,437.6,2700,0,95850
TVSMOTOR-II.NFO,07/01/2020,09:36:28,435.4,437.1,1350,437.85,2700,0,95850
TVSMOTOR-II.NFO,07/01/2020,09:36:33,435.4,437.2,1350,437.85,2700,0,95850
TVSMOTOR-II.NFO,07/01/2020,09:36:39,435.4,437.1,1350,438.05,1350,0,95850
TVSMOTOR-II.NFO,07/01/2020,09:36:44,435.4,437.2,1350,438.35,1350,0,95850
TVSMOTOR-II.NFO,07/01/2020,09:36:49,435.4,437.05,2700,438.3,1350,0,95850
TVSMOTOR-II.NFO,07/01/2020,09:36:55,435.4,437.05,2700,438.05,2700,0,95850
TVSMOTOR-II.NFO,07/01/2020,09:37:11,435.4,437.05,1350,437.8,1350,0,95850
TVSMOTOR-II.NFO,07/01/2020,09:37:17,435.4,437.05,1350,437.85,2700,0,95850
TVSMOTOR-II.NFO,07/01/2020,09:37:21,435.4,437.05,4050,437.75,1350,0,95850
TVSMOTOR-II.NFO,07/01/2020,09:37:26,435.4,437.05,1350,437.7,2700,0,95850
TVSMOTOR-II.NFO,07/01/2020,09:37:42,435.4,437.1,1350,437.75,1350,0,95850
TVSMOTOR-II.NFO,07/01/2020,09:37:56,435.4,437.15,1350,437.7,2700,0,95850
TVSMOTOR-II.NFO,07/01/2020,09:38:22,435.4,437.15,1350,437.7,1350,0,95850
TVSMOTOR-II.NFO,07/01/2020,09:38:27,435.4,437.15,1350,437.65,1350,0,95850
TVSMOTOR-II.NFO,07/01/2020,09:38:40,435.4,437.15,1350,437.7,1350,0,95850
TVSMOTOR-II.NFO,07/01/2020,09:38:50,435.4,437.15,1350,437.65,1350,0,95850
TVSMOTOR-II.NFO,07/01/2020,09:38:56,435.4,437.15,1350,437.65,2700,0,95850
TVSMOTOR-II.NFO,07/01/2020,09:39:01,435.4,437.15,1350,437.7,1350,0,95850
TVSMOTOR-II.NFO,07/01/2020,09:39:06,435.4,437.15,1350,437.65,1350,0,95850
TVSMOTOR-II.NFO,07/01/2020,09:39:16,435.4,437.4,1350,438.1,1350,0,95850
TVSMOTOR-II.NFO,07/01/2020,09:39:27,435.4,437.7,1350,438.1,1350,0,95850
TVSMOTOR-II.NFO,07/01/2020,09:39:32,437.7,435.8,2700,438.55,1350,1350,97200
TVSMOTOR-II.NFO,07/01/2020,09:39:37,437.7,435.9,2700,438.4,1350,0,97200
TVSMOTOR-II.NFO,07/01/2020,09:39:42,437.7,436,4050,438.3,1350,0,97200
TVSMOTOR-II.NFO,07/01/2020,09:39:48,437.7,437.35,1350,438.1,1350,0,97200
TVSMOTOR-II.NFO,07/01/2020,09:39:53,437.7,436.25,2700,438.35,1350,0,97200
TVSMOTOR-II.NFO,07/01/2020,09:39:58,437.7,436.9,1350,438,1350,0,97200
TVSMOTOR-II.NFO,07/01/2020,09:40:03,437.7,436.85,1350,438.1,1350,0,97200
TVSMOTOR-II.NFO,07/01/2020,09:40:09,437.7,437.4,1350,438.1,1350,0,97200
TVSMOTOR-II.NFO,07/01/2020,09:40:16,437.7,436.8,1350,438.45,1350,0,97200
TVSMOTOR-II.NFO,07/01/2020,09:40:22,437.7,436.2,1350,437.8,1350,0,97200
TVSMOTOR-II.NFO,07/01/2020,09:40:27,437.7,436.3,2700,438.1,1350,0,97200
TVSMOTOR-II.NFO,07/01/2020,09:40:33,437.7,436.3,2700,438,2700,0,97200
TVSMOTOR-II.NFO,07/01/2020,09:40:44,437.7,437.05,1350,438.5,1350,0,97200
TVSMOTOR-II.NFO,07/01/2020,09:40:50,437.7,436.8,1350,438.3,1350,0,97200
TVSMOTOR-II.NFO,07/01/2020,09:40:55,437.7,436.75,1350,438.25,1350,0,97200
TVSMOTOR-II.NFO,07/01/2020,09:41:00,437.7,436.6,1350,438.15,1350,0,97200
TVSMOTOR-II.NFO,07/01/2020,09:41:06,437.7,437.1,1350,438.05,1350,0,97200
TVSMOTOR-II.NFO,07/01/2020,09:41:12,437.7,437.35,1350,438.15,1350,0,97200
TVSMOTOR-II.NFO,07/01/2020,09:41:17,437.7,437.3,1350,438.1,1350,0,97200
TVSMOTOR-II.NFO,07/01/2020,09:41:22,437.7,436.9,1350,438.15,1350,0,97200
TVSMOTOR-II.NFO,07/01/2020,09:41:27,437.7,437.1,1350,438.35,1350,0,97200
TVSMOTOR-II.NFO,07/01/2020,09:41:37,437.7,437.15,1350,438.45,2700,0,97200
TVSMOTOR-II.NFO,07/01/2020,09:41:42,437.7,437.55,1350,438.6,1350,0,97200
TVSMOTOR-II.NFO,07/01/2020,09:41:53,437.7,437.2,1350,438.45,1350,0,97200
TVSMOTOR-II.NFO,07/01/2020,09:42:00,437.7,436.25,1350,438.7,1350,0,97200
TVSMOTOR-II.NFO,07/01/2020,09:42:08,437.7,436.9,1350,438.6,1350,0,97200
TVSMOTOR-II.NFO,07/01/2020,09:42:15,437.7,437.65,1350,438.7,1350,0,97200
TVSMOTOR-II.NFO,07/01/2020,09:42:22,437.7,437.7,1350,438.4,1350,0,97200
TVSMOTOR-II.NFO,07/01/2020,09:42:28,437.7,437.35,1350,438.9,1350,0,97200
TVSMOTOR-II.NFO,07/01/2020,09:42:35,437.7,437.25,1350,438.95,1350,0,97200
TVSMOTOR-II.NFO,07/01/2020,09:42:42,437.7,436.7,2700,438.5,1350,0,97200
TVSMOTOR-II.NFO,07/01/2020,09:42:49,437.7,436.4,2700,438.6,1350,0,97200
TVSMOTOR-II.NFO,07/01/2020,09:42:56,437.7,436.55,1350,438.35,1350,0,97200
TVSMOTOR-II.NFO,07/01/2020,09:43:08,437.7,436.2,2700,438.7,4050,0,97200
TVSMOTOR-II.NFO,07/01/2020,09:43:12,437.7,436.5,1350,438.3,2700,0,97200
TVSMOTOR-II.NFO,07/01/2020,09:43:17,437.7,436.75,1350,438.05,1350,0,97200
TVSMOTOR-II.NFO,07/01/2020,09:43:22,437.7,436.35,1350,438,1350,0,97200
TVSMOTOR-II.NFO,07/01/2020,09:43:28,437.7,436.65,1350,438.05,1350,0,97200
TVSMOTOR-II.NFO,07/01/2020,09:43:33,437.7,436.95,1350,438.15,1350,0,97200
TVSMOTOR-II.NFO,07/01/2020,09:43:38,437.7,436.7,1350,437.65,1350,0,97200
TVSMOTOR-II.NFO,07/01/2020,09:43:43,437.7,436.4,2700,438.1,1350,0,97200
TVSMOTOR-II.NFO,07/01/2020,09:43:48,437.7,436.4,2700,437.9,2700,0,97200
TVSMOTOR-II.NFO,07/01/2020,09:44:05,437.7,436.4,2700,437.9,4050,0,97200
TVSMOTOR-II.NFO,07/01/2020,09:44:17,437.7,436.4,2700,437.7,1350,0,97200
TVSMOTOR-II.NFO,07/01/2020,09:44:22,437.7,436.4,2700,437.75,2700,0,97200
TVSMOTOR-II.NFO,07/01/2020,09:44:28,437.7,436.4,2700,437.35,1350,0,97200
TVSMOTOR-II.NFO,07/01/2020,09:44:33,437.7,436.4,2700,437.7,2700,0,97200
TVSMOTOR-II.NFO,07/01/2020,09:44:37,437.7,436.4,2700,437.6,4050,0,97200
TVSMOTOR-II.NFO,07/01/2020,09:44:47,437.7,436.4,2700,437.4,1350,0,97200
TVSMOTOR-II.NFO,07/01/2020,09:44:52,437.7,436.4,2700,437.2,1350,0,97200
TVSMOTOR-II.NFO,07/01/2020,09:44:57,437.7,436.4,2700,437.6,1350,0,97200
TVSMOTOR-II.NFO,07/01/2020,09:45:02,437.7,436.4,2700,437.4,1350,0,97200
TVSMOTOR-II.NFO,07/01/2020,09:45:09,437.7,436.4,2700,437.9,2700,0,97200
TVSMOTOR-II.NFO,07/01/2020,09:45:17,437.7,436.4,2700,437.6,1350,0,97200
TVSMOTOR-II.NFO,07/01/2020,09:45:23,437.7,436.4,2700,437.5,1350,0,97200
TVSMOTOR-II.NFO,07/01/2020,09:45:30,437.7,436.4,2700,437.45,1350,0,97200
TVSMOTOR-II.NFO,07/01/2020,09:45:35,437.7,436.4,2700,437.8,2700,0,97200
TVSMOTOR-II.NFO,07/01/2020,09:45:40,437.7,436.4,2700,437.7,1350,0,97200
TVSMOTOR-II.NFO,07/01/2020,09:45:46,437.7,436.4,2700,437.45,1350,0,97200
TVSMOTOR-II.NFO,07/01/2020,09:45:52,437.7,436.4,2700,437.75,1350,0,97200
TVSMOTOR-II.NFO,07/01/2020,09:45:57,437.7,436.4,2700,437.25,1350,0,97200
TVSMOTOR-II.NFO,07/01/2020,09:46:02,437.7,436.4,2700,437.4,1350,0,97200
TVSMOTOR-II.NFO,07/01/2020,09:46:08,437.7,436.4,2700,437.5,1350,0,97200
TVSMOTOR-II.NFO,07/01/2020,09:46:18,437.7,435.9,1350,437.25,1350,0,97200
TVSMOTOR-II.NFO,07/01/2020,09:46:23,437.7,436.35,1350,437.35,1350,0,97200
TVSMOTOR-II.NFO,07/01/2020,09:46:29,437.7,435.45,4050,437.6,2700,0,97200
TVSMOTOR-II.NFO,07/01/2020,09:46:35,437.7,435.55,2700,438.1,2700,0,97200
TVSMOTOR-II.NFO,07/01/2020,09:46:41,437.7,436.4,2700,437.55,2700,0,97200
TVSMOTOR-II.NFO,07/01/2020,09:46:52,437.7,436.4,2700,438.1,2700,0,97200
TVSMOTOR-II.NFO,07/01/2020,09:46:57,437.7,436.4,2700,437.35,1350,0,97200
TVSMOTOR-II.NFO,07/01/2020,09:47:02,437.7,436.4,2700,437.4,2700,0,97200
TVSMOTOR-II.NFO,07/01/2020,09:47:07,437.7,436.4,2700,437.1,1350,0,97200
TVSMOTOR-II.NFO,07/01/2020,09:47:12,437.7,436.4,2700,438.05,4050,0,97200
TVSMOTOR-II.NFO,07/01/2020,09:47:12,437.7,436.4,2700,437.4,1350,0,97200
TVSMOTOR-II.NFO,07/01/2020,09:47:13,437.7,436.4,2700,437.6,1350,0,97200
TVSMOTOR-II.NFO,07/01/2020,09:47:15,437.7,436.4,2700,437.95,1350,0,97200
TVSMOTOR-II.NFO,07/01/2020,09:47:17,437.7,436.4,2700,437.6,1350,0,97200
TVSMOTOR-II.NFO,07/01/2020,09:47:18,437.7,436.4,2700,437.75,2700,0,97200
TVSMOTOR-II.NFO,07/01/2020,09:47:19,437.7,436.4,2700,437.75,4050,0,97200
TVSMOTOR-II.NFO,07/01/2020,09:47:24,437.7,436.4,2700,437.75,2700,0,97200
TVSMOTOR-II.NFO,07/01/2020,09:47:32,437.7,436.4,2700,437.75,4050,0,97200
TVSMOTOR-II.NFO,07/01/2020,09:47:32,437.7,436.4,2700,437.75,2700,0,97200
TVSMOTOR-II.NFO,07/01/2020,09:47:41,437.7,436.4,2700,437.7,1350,0,97200
TVSMOTOR-II.NFO,07/01/2020,09:47:41,437.7,436.4,2700,438.05,1350,0,97200
TVSMOTOR-II.NFO,07/01/2020,09:47:42,437.7,436.4,2700,437.75,2700,0,97200
TVSMOTOR-II.NFO,07/01/2020,09:47:47,437.7,436.4,2700,438,1350,0,97200
TVSMOTOR-II.NFO,07/01/2020,09:47:48,437.7,436.4,2700,437.8,1350,0,97200
TVSMOTOR-II.NFO,07/01/2020,09:47:50,437.7,436.4,2700,437.7,1350,0,97200
TVSMOTOR-II.NFO,07/01/2020,09:47:51,437.7,436.4,2700,438,2700,0,97200
TVSMOTOR-II.NFO,07/01/2020,09:47:53,437.7,436.4,2700,437.75,1350,0,97200
TVSMOTOR-II.NFO,07/01/2020,09:47:55,437.7,436.4,2700,437.95,2700,0,97200
TVSMOTOR-II.NFO,07/01/2020,09:47:55,437.7,436.4,2700,437.45,1350,0,97200
TVSMOTOR-II.NFO,07/01/2020,09:47:57,437.7,436.4,2700,437.5,1350,0,97200
TVSMOTOR-II.NFO,07/01/2020,09:47:58,437.7,436.4,2700,437.55,1350,0,97200
TVSMOTOR-II.NFO,07/01/2020,09:47:59,437.7,436.4,2700,437.25,1350,0,97200
TVSMOTOR-II.NFO,07/01/2020,09:48:02,437.7,436.4,2700,438.1,1350,0,97200
TVSMOTOR-II.NFO,07/01/2020,09:48:03,437.7,436.4,2700,437.65,1350,0,97200
TVSMOTOR-II.NFO,07/01/2020,09:48:06,437.7,436.4,2700,438.15,1350,0,97200
TVSMOTOR-II.NFO,07/01/2020,09:48:07,437.7,436.4,2700,437.35,1350,0,97200
TVSMOTOR-II.NFO,07/01/2020,09:48:08,437.7,436.4,2700,437.75,2700,0,97200
TVSMOTOR-II.NFO,07/01/2020,09:48:09,437.7,436.4,2700,437.6,2700,0,97200
TVSMOTOR-II.NFO,07/01/2020,09:48:10,437.7,436.4,2700,437.4,1350,0,97200
TVSMOTOR-II.NFO,07/01/2020,09:48:11,437.7,436.4,2700,437.35,1350,0,97200
TVSMOTOR-II.NFO,07/01/2020,09:48:12,437.7,436.4,2700,437.45,1350,0,97200
TVSMOTOR-II.NFO,07/01/2020,09:48:17,437.7,436.4,2700,437.6,4050,0,97200
TVSMOTOR-II.NFO,07/01/2020,09:48:27,437.7,436.4,2700,437.4,1350,0,97200
TVSMOTOR-II.NFO,07/01/2020,09:48:33,437.7,436.4,2700,437.65,4050,0,97200
TVSMOTOR-II.NFO,07/01/2020,09:48:39,437.7,436.4,2700,437.65,2700,0,97200
TVSMOTOR-II.NFO,07/01/2020,09:48:45,437.7,436.4,2700,437.55,2700,0,97200
TVSMOTOR-II.NFO,07/01/2020,09:48:57,437.7,436.4,2700,437.55,4050,0,97200
TVSMOTOR-II.NFO,07/01/2020,09:49:04,437.7,436.4,2700,437.75,2700,0,97200
TVSMOTOR-II.NFO,07/01/2020,09:49:10,437.7,436.4,2700,437.35,1350,0,97200
TVSMOTOR-II.NFO,07/01/2020,09:49:16,437.7,436.4,2700,437.6,2700,0,97200
TVSMOTOR-II.NFO,07/01/2020,09:49:21,437.7,436.4,2700,437.45,1350,0,97200
TVSMOTOR-II.NFO,07/01/2020,09:49:26,437.7,436.3,2700,437.1,1350,0,97200
TVSMOTOR-II.NFO,07/01/2020,09:49:33,437.7,436.3,2700,437.35,2700,0,97200
TVSMOTOR-II.NFO,07/01/2020,09:49:43,437.7,436.3,2700,437.35,1350,0,97200
TVSMOTOR-II.NFO,07/01/2020,09:49:49,437.7,436.3,2700,437.6,1350,0,97200
TVSMOTOR-II.NFO,07/01/2020,09:49:58,437.7,436.3,2700,437.45,2700,0,97200
TVSMOTOR-II.NFO,07/01/2020,09:50:03,437.7,436.3,2700,437.45,4050,0,97200
TVSMOTOR-II.NFO,07/01/2020,09:50:08,437.7,436.3,2700,437.45,2700,0,97200
TVSMOTOR-II.NFO,07/01/2020,09:50:12,437.7,436.3,2700,437.5,2700,0,97200
TVSMOTOR-II.NFO,07/01/2020,09:50:13,437.7,436.3,2700,437.4,4050,0,97200
TVSMOTOR-II.NFO,07/01/2020,09:50:16,437.7,436.3,2700,437.25,1350,0,97200
TVSMOTOR-II.NFO,07/01/2020,09:50:16,437.7,436.3,2700,437.55,1350,0,97200
TVSMOTOR-II.NFO,07/01/2020,09:50:17,437.7,436.3,2700,437.25,1350,0,97200
TVSMOTOR-II.NFO,07/01/2020,09:50:19,437.7,436.3,2700,437.7,2700,0,97200
TVSMOTOR-II.NFO,07/01/2020,09:50:20,437.7,436.3,2700,437.4,1350,0,97200
TVSMOTOR-II.NFO,07/01/2020,09:50:21,437.7,436.3,2700,437.25,1350,0,97200
TVSMOTOR-II.NFO,07/01/2020,09:50:22,437.7,436.3,2700,437.55,1350,0,97200
TVSMOTOR-II.NFO,07/01/2020,09:50:23,437.7,436.3,2700,437.65,1350,0,97200
TVSMOTOR-II.NFO,07/01/2020,09:50:24,437.7,436.3,2700,437.55,1350,0,97200
TVSMOTOR-II.NFO,07/01/2020,09:50:25,437.7,436.3,2700,437.45,1350,0,97200
TVSMOTOR-II.NFO,07/01/2020,09:50:27,437.7,436.3,2700,437.85,1350,0,97200
TVSMOTOR-II.NFO,07/01/2020,09:50:29,437.7,436.3,2700,437.6,1350,0,97200
TVSMOTOR-II.NFO,07/01/2020,09:50:31,437.7,436.3,2700,437.9,1350,0,97200
TVSMOTOR-II.NFO,07/01/2020,09:50:31,437.7,436.3,2700,437.5,1350,0,97200
TVSMOTOR-II.NFO,07/01/2020,09:50:32,437.7,436.3,2700,437.45,1350,0,97200
TVSMOTOR-II.NFO,07/01/2020,09:50:33,437.7,436.3,2700,437.5,1350,0,97200
TVSMOTOR-II.NFO,07/01/2020,09:50:35,437.7,436.3,2700,437.55,2700,0,97200
TVSMOTOR-II.NFO,07/01/2020,09:50:36,437.7,436.3,2700,437.25,1350,0,97200
TVSMOTOR-II.NFO,07/01/2020,09:50:37,437.7,436.1,1350,437.25,2700,0,97200
TVSMOTOR-II.NFO,07/01/2020,09:50:38,437.7,435.2,1350,436.85,1350,0,97200
TVSMOTOR-II.NFO,07/01/2020,09:50:39,437.7,435.75,1350,437.15,2700,0,97200
TVSMOTOR-II.NFO,07/01/2020,09:50:40,437.7,435.85,1350,436.95,1350,0,97200
TVSMOTOR-II.NFO,07/01/2020,09:50:42,437.7,435.9,2700,436.7,1350,0,97200
TVSMOTOR-II.NFO,07/01/2020,09:50:43,437.7,435.9,2700,436.75,1350,0,97200
TVSMOTOR-II.NFO,07/01/2020,09:50:44,437.7,435.9,2700,436.8,1350,0,97200
TVSMOTOR-II.NFO,07/01/2020,09:50:45,437.7,435.9,2700,437.5,2700,0,97200
TVSMOTOR-II.NFO,07/01/2020,09:50:45,437.7,435.9,2700,437.3,2700,0,97200
TVSMOTOR-II.NFO,07/01/2020,09:50:46,437.7,435.9,2700,437.15,1350,0,97200
TVSMOTOR-II.NFO,07/01/2020,09:50:48,437.7,435.9,2700,436.85,1350,0,97200
TVSMOTOR-II.NFO,07/01/2020,09:50:48,437.7,435.9,2700,437,1350,0,97200
TVSMOTOR-II.NFO,07/01/2020,09:50:49,437.7,435.9,2700,436.9,1350,0,97200
TVSMOTOR-II.NFO,07/01/2020,09:50:50,437.7,435.9,2700,436.85,1350,0,97200
TVSMOTOR-II.NFO,07/01/2020,09:50:58,437.7,435.9,2700,437.05,1350,0,97200
TVSMOTOR-II.NFO,07/01/2020,09:50:59,437.7,435.9,2700,436.95,1350,0,97200
TVSMOTOR-II.NFO,07/01/2020,09:51:02,437.7,435.9,2700,437.05,1350,0,97200
TVSMOTOR-II.NFO,07/01/2020,09:51:04,437.7,435.9,2700,436.9,1350,0,97200
TVSMOTOR-II.NFO,07/01/2020,09:51:05,437.7,435.9,2700,437,1350,0,97200
TVSMOTOR-II.NFO,07/01/2020,09:51:08,437.7,435.9,2700,436.7,1350,0,97200
TVSMOTOR-II.NFO,07/01/2020,09:51:12,437.7,435.9,2700,436.65,1350,0,97200
TVSMOTOR-II.NFO,07/01/2020,09:51:13,437.7,435.9,2700,437.05,2700,0,97200
TVSMOTOR-II.NFO,07/01/2020,09:51:14,437.7,435.9,2700,436.95,2700,0,97200
TVSMOTOR-II.NFO,07/01/2020,09:51:15,437.7,435.9,2700,436.9,2700,0,97200
TVSMOTOR-II.NFO,07/01/2020,09:51:18,437.7,435.9,2700,436.8,1350,0,97200
TVSMOTOR-II.NFO,07/01/2020,09:51:19,437.7,435.9,2700,436.75,1350,0,97200
TVSMOTOR-II.NFO,07/01/2020,09:51:21,437.7,435.9,2700,437.1,2700,0,97200
TVSMOTOR-II.NFO,07/01/2020,09:51:22,437.7,435.9,2700,436.85,1350,0,97200
TVSMOTOR-II.NFO,07/01/2020,09:51:25,437.7,435.9,2700,436.75,1350,0,97200
TVSMOTOR-II.NFO,07/01/2020,09:51:26,437.7,435.9,2700,436.7,1350,0,97200
TVSMOTOR-II.NFO,07/01/2020,09:51:28,437.7,435.9,2700,436.9,1350,0,97200
TVSMOTOR-II.NFO,07/01/2020,09:51:28,437.7,435.9,2700,437.5,2700,0,97200
TVSMOTOR-II.NFO,07/01/2020,09:51:29,437.7,435.9,2700,437.15,1350,0,97200
TVSMOTOR-II.NFO,07/01/2020,09:51:30,437.7,435.9,2700,436.9,2700,0,97200
TVSMOTOR-II.NFO,07/01/2020,09:51:55,437.7,435.9,2700,436.9,4050,0,97200
TVSMOTOR-II.NFO,07/01/2020,09:51:56,437.7,435.9,2700,436.9,2700,0,97200
TVSMOTOR-II.NFO,07/01/2020,09:51:58,437.7,435.9,2700,436.8,1350,0,97200
TVSMOTOR-II.NFO,07/01/2020,09:51:59,437.7,435.9,2700,436.95,1350,0,97200
TVSMOTOR-II.NFO,07/01/2020,09:52:00,437.7,435.9,2700,437.05,2700,0,97200
TVSMOTOR-II.NFO,07/01/2020,09:52:02,437.7,435.9,2700,436.9,4050,0,97200
TVSMOTOR-II.NFO,07/01/2020,09:52:03,437.7,435.9,2700,437.3,2700,0,97200
TVSMOTOR-II.NFO,07/01/2020,09:52:03,437.7,435.9,2700,437.45,2700,0,97200
TVSMOTOR-II.NFO,07/01/2020,09:52:04,437.7,435.9,2700,437.1,2700,0,97200
TVSMOTOR-II.NFO,07/01/2020,09:52:05,437.7,435.9,2700,437,2700,0,97200
TVSMOTOR-II.NFO,07/01/2020,09:52:08,437.7,435.9,2700,437.05,2700,0,97200
TVSMOTOR-II.NFO,07/01/2020,09:52:08,437.7,435.9,2700,437.1,1350,0,97200
TVSMOTOR-II.NFO,07/01/2020,09:52:09,437.7,435.9,2700,436.95,1350,0,97200
TVSMOTOR-II.NFO,07/01/2020,09:52:11,437.7,435.9,2700,437.25,1350,0,97200
TVSMOTOR-II.NFO,07/01/2020,09:52:16,437.7,435.9,2700,436.8,1350,0,97200
TVSMOTOR-II.NFO,07/01/2020,09:52:32,437.7,435.7,2700,436.45,4050,0,97200
TVSMOTOR-II.NFO,07/01/2020,09:53:05,437.7,435.4,2700,437,2700,0,97200
TVSMOTOR-II.NFO,07/01/2020,09:53:12,437.7,435.4,2700,436.2,1350,0,97200
TVSMOTOR-II.NFO,07/01/2020,09:53:18,437.7,435.4,1350,436.25,1350,0,97200
TVSMOTOR-II.NFO,07/01/2020,09:53:23,437.7,435.5,2700,436.25,1350,0,97200
TVSMOTOR-II.NFO,07/01/2020,09:53:28,437.7,435.5,2700,436.35,1350,0,97200
TVSMOTOR-II.NFO,07/01/2020,09:53:32,437.7,435.4,2700,436.4,4050,0,97200
TVSMOTOR-II.NFO,07/01/2020,09:53:37,437.7,435.4,2700,436.2,1350,0,97200
TVSMOTOR-II.NFO,07/01/2020,09:53:42,437.7,435.4,2700,436.25,1350,0,97200
TVSMOTOR-II.NFO,07/01/2020,09:53:47,437.7,435.4,2700,436.2,1350,0,97200
TVSMOTOR-II.NFO,07/01/2020,09:53:52,437.7,435.4,2700,436.3,1350,0,97200
TVSMOTOR-II.NFO,07/01/2020,09:53:58,437.7,435.4,2700,436.15,1350,0,97200
TVSMOTOR-II.NFO,07/01/2020,09:54:03,437.7,435.4,2700,436.5,2700,0,97200
TVSMOTOR-II.NFO,07/01/2020,09:54:08,437.7,435.4,2700,436.4,4050,0,97200
TVSMOTOR-II.NFO,07/01/2020,09:54:13,437.7,435.4,2700,436.4,2700,0,97200
TVSMOTOR-II.NFO,07/01/2020,09:54:24,437.7,435.4,2700,436.3,2700,0,97200
TVSMOTOR-II.NFO,07/01/2020,09:54:34,437.7,435.4,2700,436.1,1350,0,97200
TVSMOTOR-II.NFO,07/01/2020,09:54:39,437.7,435.4,2700,436.3,2700,0,97200
TVSMOTOR-II.NFO,07/01/2020,09:54:44,437.7,435.4,2700,436.1,1350,0,97200
TVSMOTOR-II.NFO,07/01/2020,09:54:49,437.7,435.45,1350,436.25,1350,0,97200
TVSMOTOR-II.NFO,07/01/2020,09:54:54,437.7,435.45,2700,436.15,1350,0,97200
TVSMOTOR-II.NFO,07/01/2020,09:55:10,437.7,435.45,2700,436.65,1350,0,97200
TVSMOTOR-II.NFO,07/01/2020,09:55:16,437.7,435.45,2700,436.6,1350,0,97200
TVSMOTOR-II.NFO,07/01/2020,09:55:27,437.7,435.45,2700,436.55,1350,0,97200
TVSMOTOR-II.NFO,07/01/2020,09:55:33,437.7,435.45,2700,436.75,1350,0,97200
TVSMOTOR-II.NFO,07/01/2020,09:55:43,437.7,435.45,2700,436.6,1350,0,97200
TVSMOTOR-II.NFO,07/01/2020,09:55:55,437.7,435.45,2700,436.55,1350,0,97200
TVSMOTOR-II.NFO,07/01/2020,09:56:00,437.7,435.45,2700,436.65,1350,0,97200
TVSMOTOR-II.NFO,07/01/2020,09:56:05,437.7,435.45,2700,436.55,1350,0,97200
TVSMOTOR-II.NFO,07/01/2020,09:56:11,437.7,435.45,2700,436.5,4050,0,97200
TVSMOTOR-II.NFO,07/01/2020,09:56:18,437.7,435.2,1350,436.2,4050,0,97200
TVSMOTOR-II.NFO,07/01/2020,09:56:25,437.7,434.75,1350,436.15,2700,0,97200
TVSMOTOR-II.NFO,07/01/2020,09:56:31,437.7,434.5,2700,435.45,1350,0,97200
TVSMOTOR-II.NFO,07/01/2020,09:56:36,437.7,434.5,2700,435.55,1350,0,97200
TVSMOTOR-II.NFO,07/01/2020,09:56:46,437.7,434.5,2700,435.4,1350,0,97200
TVSMOTOR-II.NFO,07/01/2020,09:56:50,437.7,434.5,2700,435.5,1350,0,97200
TVSMOTOR-II.NFO,07/01/2020,09:56:55,437.7,434.5,2700,435.55,1350,0,97200
TVSMOTOR-II.NFO,07/01/2020,09:57:13,437.7,434.5,2700,436.05,2700,0,97200
TVSMOTOR-II.NFO,07/01/2020,09:57:19,437.7,434.5,2700,435.35,1350,0,97200
TVSMOTOR-II.NFO,07/01/2020,09:57:30,437.7,434.5,2700,435.6,2700,0,97200
TVSMOTOR-II.NFO,07/01/2020,09:57:40,437.7,434.5,2700,435.45,2700,0,97200
TVSMOTOR-II.NFO,07/01/2020,09:58:23,437.7,434.5,2700,435.4,2700,0,97200
TVSMOTOR-II.NFO,07/01/2020,09:58:28,437.7,434.5,2700,435.45,2700,0,97200
TVSMOTOR-II.NFO,07/01/2020,09:58:37,437.7,434.5,2700,435.55,2700,0,97200
TVSMOTOR-II.NFO,07/01/2020,09:58:41,437.7,434.5,2700,435.25,1350,0,97200
TVSMOTOR-II.NFO,07/01/2020,09:58:51,437.7,432.65,2700,434.55,1350,0,97200
TVSMOTOR-II.NFO,07/01/2020,09:58:57,437.7,432.75,1350,434.6,1350,0,97200
TVSMOTOR-II.NFO,07/01/2020,09:59:03,437.7,432.85,1350,435.1,2700,0,97200
TVSMOTOR-II.NFO,07/01/2020,09:59:09,437.7,432.95,1350,435.05,2700,0,97200
TVSMOTOR-II.NFO,07/01/2020,09:59:15,437.7,433.05,1350,434.45,1350,0,97200
TVSMOTOR-II.NFO,07/01/2020,09:59:21,437.7,433.05,1350,434.4,1350,0,97200
TVSMOTOR-II.NFO,07/01/2020,09:59:27,437.7,433.05,1350,434.75,5400,0,97200
TVSMOTOR-II.NFO,07/01/2020,09:59:32,437.7,433.05,1350,434.65,4050,0,97200
TVSMOTOR-II.NFO,07/01/2020,09:59:42,437.7,433.15,1350,434.65,4050,0,97200
TVSMOTOR-II.NFO,07/01/2020,09:59:59,437.7,433.25,1350,434.65,2700,0,97200
TVSMOTOR-II.NFO,07/01/2020,10:00:03,437.7,432.8,1350,434.65,2700,0,97200
TVSMOTOR-II.NFO,07/01/2020,10:00:07,437.7,432.9,1350,434.45,1350,0,97200
TVSMOTOR-II.NFO,07/01/2020,10:00:11,437.7,433,1350,434.75,4050,0,97200
TVSMOTOR-II.NFO,07/01/2020,10:00:15,437.7,433.1,1350,434.5,1350,0,97200
TVSMOTOR-II.NFO,07/01/2020,10:00:18,437.7,432.5,2700,434.45,4050,0,97200
TVSMOTOR-II.NFO,07/01/2020,10:00:24,437.7,432.6,1350,434.45,2700,0,97200
TVSMOTOR-II.NFO,07/01/2020,10:00:29,437.7,432.7,1350,434.45,2700,0,97200
TVSMOTOR-II.NFO,07/01/2020,10:00:34,437.7,432.3,1350,434.45,4050,0,97200
TVSMOTOR-II.NFO,07/01/2020,10:00:39,437.7,432.4,1350,434.45,4050,0,97200
TVSMOTOR-II.NFO,07/01/2020,10:00:44,437.7,431.85,2700,433.9,2700,0,97200
TVSMOTOR-II.NFO,07/01/2020,10:00:51,437.7,431.65,1350,433.85,2700,0,97200
TVSMOTOR-II.NFO,07/01/2020,10:01:03,437.7,431.85,1350,433.75,1350,0,97200
TVSMOTOR-II.NFO,07/01/2020,10:01:10,437.7,431.95,1350,433.65,4050,0,97200
TVSMOTOR-II.NFO,07/01/2020,10:01:16,437.7,431.35,2700,433.55,4050,0,97200
TVSMOTOR-II.NFO,07/01/2020,10:01:23,437.7,431.45,2700,433.85,2700,0,97200
TVSMOTOR-II.NFO,07/01/2020,10:01:30,437.7,431.55,1350,433.65,4050,0,97200
TVSMOTOR-II.NFO,07/01/2020,10:01:35,437.7,431.65,1350,433.5,1350,0,97200
TVSMOTOR-II.NFO,07/01/2020,10:01:40,437.7,431.75,1350,433.55,2700,0,97200
TVSMOTOR-II.NFO,07/01/2020,10:01:46,437.7,431.85,1350,433.55,2700,0,97200
TVSMOTOR-II.NFO,07/01/2020,10:01:52,437.7,431.85,1350,433.45,4050,0,97200
TVSMOTOR-II.NFO,07/01/2020,10:01:58,437.7,431.85,1350,433.45,2700,0,97200
TVSMOTOR-II.NFO,07/01/2020,10:02:03,437.7,431.35,2700,433.35,1350,0,97200
TVSMOTOR-II.NFO,07/01/2020,10:02:09,437.7,431.55,1350,433.3,2700,0,97200
TVSMOTOR-II.NFO,07/01/2020,10:02:15,437.7,431.65,1350,433.3,2700,0,97200
TVSMOTOR-II.NFO,07/01/2020,10:02:19,437.7,431.65,1350,433.35,1350,0,97200
TVSMOTOR-II.NFO,07/01/2020,10:02:24,437.7,431.75,1350,433.5,1350,0,97200
TVSMOTOR-II.NFO,07/01/2020,10:02:29,437.7,431.85,1350,433.4,2700,0,97200
TVSMOTOR-II.NFO,07/01/2020,10:02:34,437.7,431.85,1350,433.45,2700,0,97200
TVSMOTOR-II.NFO,07/01/2020,10:02:40,437.7,431.95,1350,433.45,2700,0,97200
TVSMOTOR-II.NFO,07/01/2020,10:02:44,437.7,431.95,1350,433.8,1350,0,97200
TVSMOTOR-II.NFO,07/01/2020,10:02:49,437.7,432.05,1350,433.8,2700,0,97200
TVSMOTOR-II.NFO,07/01/2020,10:02:54,437.7,432.15,1350,433.95,1350,0,97200
TVSMOTOR-II.NFO,07/01/2020,10:03:00,437.7,432.15,1350,433.75,2700,0,97200
TVSMOTOR-II.NFO,07/01/2020,10:03:23,437.7,432.15,1350,433.8,2700,0,97200
TVSMOTOR-II.NFO,07/01/2020,10:03:29,437.7,432.15,1350,433.8,4050,0,97200
TVSMOTOR-II.NFO,07/01/2020,10:04:22,437.7,431.2,2700,433.8,4050,0,97200
TVSMOTOR-II.NFO,07/01/2020,10:04:32,437.7,431.95,1350,433.8,2700,0,97200
TVSMOTOR-II.NFO,07/01/2020,10:04:37,437.7,432.05,1350,433.7,1350,0,97200
TVSMOTOR-II.NFO,07/01/2020,10:04:43,437.7,432.15,1350,433.75,2700,0,97200
TVSMOTOR-II.NFO,07/01/2020,10:04:53,437.7,431.55,1350,433.65,2700,0,97200
TVSMOTOR-II.NFO,07/01/2020,10:04:58,437.7,431.65,1350,433.65,2700,0,97200
TVSMOTOR-II.NFO,07/01/2020,10:05:04,437.7,431.85,1350,433.65,2700,0,97200
TVSMOTOR-II.NFO,07/01/2020,10:05:09,437.7,431.95,1350,433.85,1350,0,97200
TVSMOTOR-II.NFO,07/01/2020,10:05:19,437.7,431.95,1350,433.75,2700,0,97200
TVSMOTOR-II.NFO,07/01/2020,10:05:28,437.7,431.95,1350,433.75,4050,0,97200
TVSMOTOR-II.NFO,07/01/2020,10:05:35,437.7,431.45,2700,433.55,2700,0,97200
TVSMOTOR-II.NFO,07/01/2020,10:05:42,437.7,431.65,1350,433.3,2700,0,97200
TVSMOTOR-II.NFO,07/01/2020,10:05:47,437.7,431.65,1350,433.75,2700,0,97200
TVSMOTOR-II.NFO,07/01/2020,10:05:59,437.7,431.95,1350,433.55,4050,0,97200
TVSMOTOR-II.NFO,07/01/2020,10:06:05,437.7,431.95,1350,433.55,2700,0,97200
TVSMOTOR-II.NFO,07/01/2020,10:06:11,437.7,431.95,1350,433.65,1350,0,97200
TVSMOTOR-II.NFO,07/01/2020,10:06:17,437.7,432.05,1350,433.6,1350,0,97200
TVSMOTOR-II.NFO,07/01/2020,10:06:23,437.7,432.15,1350,433.6,1350,0,97200
TVSMOTOR-II.NFO,07/01/2020,10:06:39,437.7,432.15,1350,433.55,1350,0,97200
TVSMOTOR-II.NFO,07/01/2020,10:06:44,437.7,430.45,1350,433.5,1350,0,97200
TVSMOTOR-II.NFO,07/01/2020,10:06:49,437.7,430.55,1350,432.5,2700,0,97200
TVSMOTOR-II.NFO,07/01/2020,10:06:55,437.7,430.65,1350,432.5,2700,0,97200
TVSMOTOR-II.NFO,07/01/2020,10:06:59,437.7,430.75,1350,432.7,2700,0,97200
TVSMOTOR-II.NFO,07/01/2020,10:07:04,437.7,430.85,1350,432.7,4050,0,97200
TVSMOTOR-II.NFO,07/01/2020,10:07:09,437.7,430.5,2700,432.6,2700,0,97200
TVSMOTOR-II.NFO,07/01/2020,10:07:15,437.7,430.6,1350,432.6,2700,0,97200
TVSMOTOR-II.NFO,07/01/2020,10:07:26,437.7,430.8,1350,432.5,2700,0,97200
TVSMOTOR-II.NFO,07/01/2020,10:07:33,437.7,430.9,1350,432.8,2700,0,97200
TVSMOTOR-II.NFO,07/01/2020,10:07:39,437.7,430.9,1350,432.85,2700,0,97200
TVSMOTOR-II.NFO,07/01/2020,10:07:45,437.7,431,1350,432.85,2700,0,97200
TVSMOTOR-II.NFO,07/01/2020,10:07:51,437.7,431.1,1350,432.85,2700,0,97200
TVSMOTOR-II.NFO,07/01/2020,10:07:57,437.7,431.1,1350,432.85,1350,0,97200
TVSMOTOR-II.NFO,07/01/2020,10:08:02,437.7,431.1,1350,432.75,1350,0,97200
TVSMOTOR-II.NFO,07/01/2020,10:08:07,437.7,431.2,1350,432.65,2700,0,97200
TVSMOTOR-II.NFO,07/01/2020,10:08:11,437.7,431.2,1350,432.75,2700,0,97200
TVSMOTOR-II.NFO,07/01/2020,10:08:17,437.7,431.2,1350,433.4,1350,0,97200
TVSMOTOR-II.NFO,07/01/2020,10:08:22,437.7,430.8,2700,433.2,1350,0,97200
TVSMOTOR-II.NFO,07/01/2020,10:08:28,437.7,431,1350,433.1,1350,0,97200
TVSMOTOR-II.NFO,07/01/2020,10:08:35,437.7,431.2,1350,433.3,2700,0,97200
TVSMOTOR-II.NFO,07/01/2020,10:08:42,437.7,431.3,1350,433.3,2700,0,97200
TVSMOTOR-II.NFO,07/01/2020,10:08:48,437.7,431.4,1350,433.45,2700,0,97200
TVSMOTOR-II.NFO,07/01/2020,10:08:54,437.7,431.5,1350,433.35,1350,0,97200
TVSMOTOR-II.NFO,07/01/2020,10:08:59,437.7,431.6,1350,433.4,4050,0,97200
TVSMOTOR-II.NFO,07/01/2020,10:09:05,437.7,431.2,2700,433.3,2700,0,97200
TVSMOTOR-II.NFO,07/01/2020,10:09:10,437.7,431.3,1350,433.3,2700,0,97200
TVSMOTOR-II.NFO,07/01/2020,10:09:15,437.7,431.4,1350,433.3,2700,0,97200
TVSMOTOR-II.NFO,07/01/2020,10:09:21,437.7,431.5,1350,433.25,2700,0,97200
TVSMOTOR-II.NFO,07/01/2020,10:09:26,437.7,430.95,1350,433.05,1350,0,97200
TVSMOTOR-II.NFO,07/01/2020,10:09:31,437.7,430.6,2700,433.05,2700,0,97200
TVSMOTOR-II.NFO,07/01/2020,10:09:36,437.7,430.7,2700,433.05,1350,0,97200
TVSMOTOR-II.NFO,07/01/2020,10:09:41,437.7,430.8,2700,433.05,2700,0,97200
TVSMOTOR-II.NFO,07/01/2020,10:09:46,437.7,430.9,2700,433.1,1350,0,97200
TVSMOTOR-II.NFO,07/01/2020,10:09:51,437.7,431,2700,433.3,1350,0,97200
TVSMOTOR-II.NFO,07/01/2020,10:09:56,437.7,431.1,1350,433.05,1350,0,97200
TVSMOTOR-II.NFO,07/01/2020,10:10:03,437.7,431.2,2700,433.4,2700,0,97200
TVSMOTOR-II.NFO,07/01/2020,10:10:10,437.7,431.3,1350,433.35,2700,0,97200
TVSMOTOR-II.NFO,07/01/2020,10:10:16,437.7,431.4,1350,433.7,2700,0,97200
TVSMOTOR-II.NFO,07/01/2020,10:10:22,437.7,431.4,1350,433.35,1350,0,97200
TVSMOTOR-II.NFO,07/01/2020,10:10:27,437.7,431.4,1350,433.3,1350,0,97200
TVSMOTOR-II.NFO,07/01/2020,10:10:32,437.7,431.5,1350,433.25,2700,0,97200
TVSMOTOR-II.NFO,07/01/2020,10:10:36,437.7,431.6,1350,433.7,2700,0,97200
TVSMOTOR-II.NFO,07/01/2020,10:10:41,437.7,431.7,1350,433.35,2700,0,97200
TVSMOTOR-II.NFO,07/01/2020,10:10:46,437.7,430.85,2700,433.35,2700,0,97200
TVSMOTOR-II.NFO,07/01/2020,10:10:51,437.7,430.95,2700,433.35,2700,0,97200
TVSMOTOR-II.NFO,07/01/2020,10:10:56,437.7,431.05,2700,433.45,2700,0,97200
TVSMOTOR-II.NFO,07/01/2020,10:11:05,437.7,431.25,2700,433.4,4050,0,97200
TVSMOTOR-II.NFO,07/01/2020,10:11:10,437.7,431.35,1350,433.4,4050,0,97200
TVSMOTOR-II.NFO,07/01/2020,10:11:15,437.7,431.45,1350,433.4,2700,0,97200
TVSMOTOR-II.NFO,07/01/2020,10:11:21,437.7,431.55,1350,433.35,2700,0,97200
TVSMOTOR-II.NFO,07/01/2020,10:11:26,437.7,431.65,1350,433.3,1350,0,97200
TVSMOTOR-II.NFO,07/01/2020,10:11:31,437.7,431.25,1350,433.4,2700,0,97200
TVSMOTOR-II.NFO,07/01/2020,10:11:36,437.7,431.45,1350,433.4,2700,0,97200
TVSMOTOR-II.NFO,07/01/2020,10:11:43,437.7,431.55,1350,433.5,2700,0,97200
TVSMOTOR-II.NFO,07/01/2020,10:11:54,437.7,431.65,1350,433.3,1350,0,97200
TVSMOTOR-II.NFO,07/01/2020,10:12:01,437.7,431.65,1350,433.3,2700,0,97200
TVSMOTOR-II.NFO,07/01/2020,10:12:07,437.7,430.8,1350,433.45,2700,0,97200
TVSMOTOR-II.NFO,07/01/2020,10:12:13,437.7,430.9,2700,433.35,2700,0,97200
TVSMOTOR-II.NFO,07/01/2020,10:12:18,437.7,431,2700,433.35,2700,0,97200
TVSMOTOR-II.NFO,07/01/2020,10:12:23,437.7,431.1,2700,433.35,2700,0,97200
TVSMOTOR-II.NFO,07/01/2020,10:12:28,437.7,431.2,2700,433.35,2700,0,97200
TVSMOTOR-II.NFO,07/01/2020,10:12:34,437.7,431.3,2700,433.35,2700,0,97200
TVSMOTOR-II.NFO,07/01/2020,10:12:39,437.7,431.4,1350,433.35,2700,0,97200
TVSMOTOR-II.NFO,07/01/2020,10:12:45,437.7,431.6,1350,433.35,2700,0,97200
TVSMOTOR-II.NFO,07/01/2020,10:12:50,437.7,431.6,1350,433.8,2700,0,97200
TVSMOTOR-II.NFO,07/01/2020,10:12:55,437.7,431.7,1350,433.4,1350,0,97200
TVSMOTOR-II.NFO,07/01/2020,10:13:01,437.7,431.8,1350,433.5,2700,0,97200
TVSMOTOR-II.NFO,07/01/2020,10:13:07,437.7,431.4,1350,433.5,4050,0,97200
TVSMOTOR-II.NFO,07/01/2020,10:13:12,437.7,431.5,1350,433.45,4050,0,97200
TVSMOTOR-II.NFO,07/01/2020,10:13:19,437.7,431.6,1350,433.4,1350,0,97200
TVSMOTOR-II.NFO,07/01/2020,10:13:25,437.7,431.7,1350,433.55,2700,0,97200
TVSMOTOR-II.NFO,07/01/2020,10:13:32,437.7,431.8,1350,433.55,2700,0,97200
TVSMOTOR-II.NFO,07/01/2020,10:13:37,437.7,431.9,1350,433.55,2700,0,97200
TVSMOTOR-II.NFO,07/01/2020,10:13:42,437.7,431.45,1350,433.55,2700,0,97200
TVSMOTOR-II.NFO,07/01/2020,10:13:48,437.7,431.55,2700,433.55,2700,0,97200
TVSMOTOR-II.NFO,07/01/2020,10:13:54,437.7,431.75,1350,433.55,2700,0,97200
TVSMOTOR-II.NFO,07/01/2020,10:14:00,437.7,431.85,1350,434.15,1350,0,97200
TVSMOTOR-II.NFO,07/01/2020,10:14:05,437.7,431.95,1350,433.85,2700,0,97200
TVSMOTOR-II.NFO,07/01/2020,10:14:10,437.7,432.05,1350,433.85,2700,0,97200
TVSMOTOR-II.NFO,07/01/2020,10:14:16,437.7,431.2,4050,433.85,1350,0,97200
TVSMOTOR-II.NFO,07/01/2020,10:14:21,437.7,431.3,2700,433.9,1350,0,97200
TVSMOTOR-II.NFO,07/01/2020,10:14:27,437.7,431.4,2700,433.9,1350,0,97200
TVSMOTOR-II.NFO,07/01/2020,10:14:33,437.7,431.5,2700,433.9,1350,0,97200
TVSMOTOR-II.NFO,07/01/2020,10:14:39,437.7,431.6,2700,433.85,2700,0,97200
TVSMOTOR-II.NFO,07/01/2020,10:14:45,437.7,431.7,2700,433.85,4050,0,97200
TVSMOTOR-II.NFO,07/01/2020,10:14:50,437.7,431.8,1350,433.75,1350,0,97200
TVSMOTOR-II.NFO,07/01/2020,10:14:55,437.7,431.9,1350,433.8,1350,0,97200
TVSMOTOR-II.NFO,07/01/2020,10:15:01,437.7,432,1350,433.8,2700,0,97200
TVSMOTOR-II.NFO,07/01/2020,10:15:08,437.7,432.1,1350,433.8,2700,0,97200
TVSMOTOR-II.NFO,07/01/2020,10:15:13,437.7,432.2,1350,433.8,2700,0,97200
TVSMOTOR-II.NFO,07/01/2020,10:15:23,437.7,431.95,1350,433.9,2700,0,97200
TVSMOTOR-II.NFO,07/01/2020,10:15:28,437.7,432.05,1350,433.9,2700,0,97200
TVSMOTOR-II.NFO,07/01/2020,10:15:39,437.7,432.15,1350,433.95,1350,0,97200
TVSMOTOR-II.NFO,07/01/2020,10:15:44,437.7,432.15,1350,433.8,2700,0,97200
TVSMOTOR-II.NFO,07/01/2020,10:15:50,437.7,431.45,2700,434.25,1350,0,97200
TVSMOTOR-II.NFO,07/01/2020,10:15:56,437.7,431.55,1350,433.7,2700,0,97200
TVSMOTOR-II.NFO,07/01/2020,10:16:01,437.7,431.65,1350,433.7,4050,0,97200
TVSMOTOR-II.NFO,07/01/2020,10:16:06,437.7,431.75,1350,433.65,2700,0,97200
TVSMOTOR-II.NFO,07/01/2020,10:16:11,437.7,431.85,1350,433.65,2700,0,97200
TVSMOTOR-II.NFO,07/01/2020,10:16:15,437.7,431.95,1350,433.65,2700,0,97200
TVSMOTOR-II.NFO,07/01/2020,10:16:28,437.7,431.15,2700,433.7,2700,0,97200
TVSMOTOR-II.NFO,07/01/2020,10:16:34,437.7,431.65,2700,433.8,2700,0,97200
TVSMOTOR-II.NFO,07/01/2020,10:16:38,437.7,431.75,1350,433.85,2700,0,97200
TVSMOTOR-II.NFO,07/01/2020,10:16:43,437.7,431.85,1350,434.05,1350,0,97200
TVSMOTOR-II.NFO,07/01/2020,10:16:48,437.7,431.95,1350,433.8,1350,0,97200
TVSMOTOR-II.NFO,07/01/2020,10:16:53,437.7,432.05,1350,434.35,4050,0,97200
TVSMOTOR-II.NFO,07/01/2020,10:16:58,437.7,432.15,1350,434.1,2700,0,97200
TVSMOTOR-II.NFO,07/01/2020,10:17:21,437.7,432.25,1350,434.25,1350,0,97200
TVSMOTOR-II.NFO,07/01/2020,10:17:25,437.7,432.25,1350,434.05,2700,0,97200
TVSMOTOR-II.NFO,07/01/2020,10:17:30,437.7,431.45,1350,433.75,4050,0,97200
TVSMOTOR-II.NFO,07/01/2020,10:17:36,437.7,431.15,2700,433.85,1350,0,97200
TVSMOTOR-II.NFO,07/01/2020,10:17:40,437.7,431.25,1350,433.6,2700,0,97200
TVSMOTOR-II.NFO,07/01/2020,10:17:45,437.7,431.35,1350,433.4,2700,0,97200
TVSMOTOR-II.NFO,07/01/2020,10:17:49,437.7,430.65,1350,432.9,4050,0,97200
TVSMOTOR-II.NFO,07/01/2020,10:17:53,437.7,430.75,1350,432.85,2700,0,97200
TVSMOTOR-II.NFO,07/01/2020,10:17:57,437.7,430.85,1350,432.7,2700,0,97200
TVSMOTOR-II.NFO,07/01/2020,10:18:01,437.7,430.85,1350,433.3,2700,0,97200
TVSMOTOR-II.NFO,07/01/2020,10:18:05,437.7,430.95,1350,432.8,2700,0,97200
TVSMOTOR-II.NFO,07/01/2020,10:18:09,437.7,430.95,1350,432.8,1350,0,97200
TVSMOTOR-II.NFO,07/01/2020,10:18:12,437.7,430.55,2700,432.9,4050,0,97200
TVSMOTOR-II.NFO,07/01/2020,10:18:13,437.7,430.75,1350,432.9,2700,0,97200
TVSMOTOR-II.NFO,07/01/2020,10:18:14,437.7,430.85,1350,432.95,4050,0,97200
TVSMOTOR-II.NFO,07/01/2020,10:18:15,437.7,430.85,1350,432.75,1350,0,97200
TVSMOTOR-II.NFO,07/01/2020,10:18:16,437.7,430.95,1350,433,2700,0,97200
TVSMOTOR-II.NFO,07/01/2020,10:18:17,437.7,431.05,1350,433,2700,0,97200
TVSMOTOR-II.NFO,07/01/2020,10:18:24,437.7,431.15,1350,433.1,1350,0,97200
TVSMOTOR-II.NFO,07/01/2020,10:18:25,437.7,431.15,1350,433.05,1350,0,97200
TVSMOTOR-II.NFO,07/01/2020,10:18:26,437.7,431.15,1350,433.1,2700,0,97200
TVSMOTOR-II.NFO,07/01/2020,10:18:30,437.7,430.4,2700,433.2,2700,0,97200
TVSMOTOR-II.NFO,07/01/2020,10:18:32,437.7,430.6,2700,433.2,2700,0,97200
TVSMOTOR-II.NFO,07/01/2020,10:18:34,437.7,430.8,2700,433.4,1350,0,97200
TVSMOTOR-II.NFO,07/01/2020,10:18:35,437.7,430.9,2700,433.1,1350,0,97200
TVSMOTOR-II.NFO,07/01/2020,10:18:37,437.7,431,1350,433,1350,0,97200
TVSMOTOR-II.NFO,07/01/2020,10:18:38,437.7,431.1,1350,432.95,2700,0,97200
TVSMOTOR-II.NFO,07/01/2020,10:18:39,437.7,430.7,1350,432.9,4050,0,97200
TVSMOTOR-II.NFO,07/01/2020,10:18:40,437.7,430.8,1350,432.8,2700,0,97200
TVSMOTOR-II.NFO,07/01/2020,10:18:41,437.7,431,1350,432.8,2700,0,97200
TVSMOTOR-II.NFO,07/01/2020,10:18:42,437.7,431,1350,432.75,1350,0,97200
TVSMOTOR-II.NFO,07/01/2020,10:18:43,437.7,431,1350,432.8,4050,0,97200
TVSMOTOR-II.NFO,07/01/2020,10:18:44,437.7,431,1350,432.85,2700,0,97200
TVSMOTOR-II.NFO,07/01/2020,10:18:45,437.7,431.1,1350,433.1,1350,0,97200
TVSMOTOR-II.NFO,07/01/2020,10:18:46,437.7,431.1,1350,433,2700,0,97200
TVSMOTOR-II.NFO,07/01/2020,10:18:48,437.7,431.1,1350,433.2,1350,0,97200
TVSMOTOR-II.NFO,07/01/2020,10:18:49,437.7,431.1,1350,433,2700,0,97200
TVSMOTOR-II.NFO,07/01/2020,10:18:51,437.7,431.1,1350,432.95,2700,0,97200
TVSMOTOR-II.NFO,07/01/2020,10:18:52,437.7,431.1,1350,433,2700,0,97200
TVSMOTOR-II.NFO,07/01/2020,10:18:53,437.7,431.1,1350,433,4050,0,97200
TVSMOTOR-II.NFO,07/01/2020,10:18:55,437.7,431.1,1350,432.9,2700,0,97200
TVSMOTOR-II.NFO,07/01/2020,10:18:56,437.7,431.1,1350,432.85,1350,0,97200
TVSMOTOR-II.NFO,07/01/2020,10:18:57,437.7,431.1,1350,432.9,1350,0,97200
TVSMOTOR-II.NFO,07/01/2020,10:18:59,437.7,431.1,1350,433,2700,0,97200
TVSMOTOR-II.NFO,07/01/2020,10:19:01,437.7,431.1,1350,433,1350,0,97200
TVSMOTOR-II.NFO,07/01/2020,10:19:02,437.7,431.2,1350,433.1,2700,0,97200
TVSMOTOR-II.NFO,07/01/2020,10:19:03,437.7,431.2,1350,433,1350,0,97200
TVSMOTOR-II.NFO,07/01/2020,10:19:05,437.7,431.2,1350,432.95,1350,0,97200
TVSMOTOR-II.NFO,07/01/2020,10:19:06,437.7,431.2,1350,433,1350,0,97200
TVSMOTOR-II.NFO,07/01/2020,10:19:08,437.7,431.2,1350,432.95,1350,0,97200
TVSMOTOR-II.NFO,07/01/2020,10:19:10,437.7,431.2,1350,433,1350,0,97200
TVSMOTOR-II.NFO,07/01/2020,10:19:11,437.7,431.2,1350,433.1,2700,0,97200
TVSMOTOR-II.NFO,07/01/2020,10:19:12,437.7,431.2,1350,433.1,4050,0,97200
TVSMOTOR-II.NFO,07/01/2020,10:19:13,437.7,431.2,1350,433,1350,0,97200
TVSMOTOR-II.NFO,07/01/2020,10:19:14,437.7,431.3,1350,433.1,2700,0,97200
TVSMOTOR-II.NFO,07/01/2020,10:19:15,437.7,431.3,1350,433.1,1350,0,97200
TVSMOTOR-II.NFO,07/01/2020,10:19:16,437.7,431.3,1350,433.1,2700,0,97200
TVSMOTOR-II.NFO,07/01/2020,10:19:17,437.7,431.3,1350,433.1,4050,0,97200
TVSMOTOR-II.NFO,07/01/2020,10:19:18,437.7,431.3,1350,433.1,1350,0,97200
TVSMOTOR-II.NFO,07/01/2020,10:19:20,437.7,431.3,1350,433.2,1350,0,97200
TVSMOTOR-II.NFO,07/01/2020,10:19:21,437.7,431.4,1350,433.3,2700,0,97200
TVSMOTOR-II.NFO,07/01/2020,10:19:32,437.7,431.4,1350,433.3,1350,0,97200
TVSMOTOR-II.NFO,07/01/2020,10:19:33,437.7,431.5,1350,433.3,1350,0,97200
TVSMOTOR-II.NFO,07/01/2020,10:19:34,437.7,431.5,1350,433.25,1350,0,97200
TVSMOTOR-II.NFO,07/01/2020,10:19:35,437.7,431.5,1350,433.1,1350,0,97200
TVSMOTOR-II.NFO,07/01/2020,10:19:36,437.7,431.5,1350,433.2,2700,0,97200
TVSMOTOR-II.NFO,07/01/2020,10:19:39,437.7,431.5,1350,433.35,1350,0,97200
TVSMOTOR-II.NFO,07/01/2020,10:19:40,437.7,431.5,1350,433.3,2700,0,97200
TVSMOTOR-II.NFO,07/01/2020,10:19:41,437.7,431.5,1350,433.3,4050,0,97200
TVSMOTOR-II.NFO,07/01/2020,10:19:42,437.7,431.5,1350,433.3,2700,0,97200
TVSMOTOR-II.NFO,07/01/2020,10:19:47,437.7,431.5,1350,433.3,4050,0,97200
TVSMOTOR-II.NFO,07/01/2020,10:19:49,437.7,431.5,1350,433.3,2700,0,97200
TVSMOTOR-II.NFO,07/01/2020,10:19:50,437.7,431.5,1350,433.5,2700,0,97200
TVSMOTOR-II.NFO,07/01/2020,10:19:51,437.7,430.7,2700,433.4,2700,0,97200
TVSMOTOR-II.NFO,07/01/2020,10:19:52,437.7,430.8,2700,433.4,2700,0,97200
TVSMOTOR-II.NFO,07/01/2020,10:19:53,437.7,430.9,2700,433.4,2700,0,97200
TVSMOTOR-II.NFO,07/01/2020,10:19:54,437.7,431,2700,433.4,2700,0,97200
TVSMOTOR-II.NFO,07/01/2020,10:19:55,437.7,431.1,2700,433.4,2700,0,97200
TVSMOTOR-II.NFO,07/01/2020,10:19:56,437.7,431.2,1350,433.4,2700,0,97200
TVSMOTOR-II.NFO,07/01/2020,10:19:57,437.7,431.3,1350,433.4,2700,0,97200
TVSMOTOR-II.NFO,07/01/2020,10:19:58,437.7,431.4,1350,433.4,4050,0,97200
TVSMOTOR-II.NFO,07/01/2020,10:19:59,437.7,431.5,1350,433.4,4050,0,97200
TVSMOTOR-II.NFO,07/01/2020,10:20:00,437.7,431.6,1350,433.3,2700,0,97200
TVSMOTOR-II.NFO,07/01/2020,10:20:02,437.7,431.6,1350,433.3,1350,0,97200
TVSMOTOR-II.NFO,07/01/2020,10:20:03,437.7,431.6,1350,433.3,2700,0,97200
TVSMOTOR-II.NFO,07/01/2020,10:20:04,437.7,431.6,1350,433.3,4050,0,97200
TVSMOTOR-II.NFO,07/01/2020,10:20:07,437.7,431.6,1350,433.3,2700,0,97200
TVSMOTOR-II.NFO,07/01/2020,10:20:08,437.7,431.6,1350,433.3,4050,0,97200
TVSMOTOR-II.NFO,07/01/2020,10:20:11,437.7,431.6,1350,433.3,1350,0,97200
TVSMOTOR-II.NFO,07/01/2020,10:20:16,437.7,431.6,1350,433.3,4050,0,97200
TVSMOTOR-II.NFO,07/01/2020,10:20:25,437.7,431.6,1350,433.3,2700,0,97200
TVSMOTOR-II.NFO,07/01/2020,10:20:30,437.7,431.6,1350,433.3,4050,0,97200
TVSMOTOR-II.NFO,07/01/2020,10:20:34,437.7,431.6,1350,433.3,2700,0,97200
TVSMOTOR-II.NFO,07/01/2020,10:20:39,437.7,431.6,1350,433.3,4050,0,97200
TVSMOTOR-II.NFO,07/01/2020,10:20:42,437.7,431.6,1350,433.2,2700,0,97200
TVSMOTOR-II.NFO,07/01/2020,10:20:51,437.7,430.95,1350,433.1,2700,0,97200
TVSMOTOR-II.NFO,07/01/2020,10:20:55,437.7,431.05,1350,433.1,2700,0,97200
TVSMOTOR-II.NFO,07/01/2020,10:20:59,437.7,431.15,1350,433.1,2700,0,97200
TVSMOTOR-II.NFO,07/01/2020,10:21:04,437.7,431.25,1350,433.1,2700,0,97200
TVSMOTOR-II.NFO,07/01/2020,10:21:09,437.7,431.35,1350,433.1,2700,0,97200
TVSMOTOR-II.NFO,07/01/2020,10:21:14,437.7,431.45,1350,433.1,2700,0,97200
TVSMOTOR-II.NFO,07/01/2020,10:21:18,437.7,431.45,1350,433.8,2700,0,97200
TVSMOTOR-II.NFO,07/01/2020,10:21:23,437.7,431.45,1350,433.45,2700,0,97200
TVSMOTOR-II.NFO,07/01/2020,10:21:29,437.7,431.45,1350,433.3,1350,0,97200
TVSMOTOR-II.NFO,07/01/2020,10:21:34,437.7,431.45,1350,433.3,2700,0,97200
TVSMOTOR-II.NFO,07/01/2020,10:21:39,437.7,430.9,2700,433.3,1350,0,97200
TVSMOTOR-II.NFO,07/01/2020,10:21:43,437.7,431,2700,433.3,1350,0,97200
TVSMOTOR-II.NFO,07/01/2020,10:21:47,437.7,431.1,2700,433.35,1350,0,97200
TVSMOTOR-II.NFO,07/01/2020,10:21:52,437.7,431.2,2700,433.35,2700,0,97200
TVSMOTOR-II.NFO,07/01/2020,10:21:57,437.7,431.3,1350,433.35,2700,0,97200
TVSMOTOR-II.NFO,07/01/2020,10:22:01,437.7,431.4,1350,433.35,2700,0,97200
TVSMOTOR-II.NFO,07/01/2020,10:22:05,437.7,431.5,1350,433.35,2700,0,97200
TVSMOTOR-II.NFO,07/01/2020,10:22:10,437.7,431.6,1350,433.3,4050,0,97200
TVSMOTOR-II.NFO,07/01/2020,10:22:15,437.7,431.7,1350,433.3,1350,0,97200
TVSMOTOR-II.NFO,07/01/2020,10:22:28,437.7,430.95,1350,432.9,2700,0,97200
TVSMOTOR-II.NFO,07/01/2020,10:22:32,437.7,431.05,1350,432.7,1350,0,97200
TVSMOTOR-II.NFO,07/01/2020,10:22:36,437.7,430.2,1350,432.2,2700,0,97200
TVSMOTOR-II.NFO,07/01/2020,10:22:41,437.7,430.3,1350,431.95,1350,0,97200
TVSMOTOR-II.NFO,07/01/2020,10:22:48,431.95,429.2,1350,430.7,2700,1350,97200
TVSMOTOR-II.NFO,07/01/2020,10:22:48,431.95,429.2,1350,430.7,2700,0,97200
TVSMOTOR-II.NFO,07/01/2020,10:22:55,431.95,429.5,1350,431.15,2700,0,97200
TVSMOTOR-II.NFO,07/01/2020,10:23:00,431.95,429.5,2700,431,1350,0,97200
TVSMOTOR-II.NFO,07/01/2020,10:23:05,431.95,429.5,2700,431.25,1350,0,97200
TVSMOTOR-II.NFO,07/01/2020,10:23:10,431.95,429.95,1350,431.25,1350,0,97200
TVSMOTOR-II.NFO,07/01/2020,10:23:11,431.95,430.35,2700,431.45,1350,0,97200
TVSMOTOR-II.NFO,07/01/2020,10:23:14,431.95,429.95,1350,431.5,1350,0,97200
TVSMOTOR-II.NFO,07/01/2020,10:23:15,431.95,430.05,1350,431.45,1350,0,97200
TVSMOTOR-II.NFO,07/01/2020,10:23:16,431.95,430.15,1350,431.45,1350,0,97200
TVSMOTOR-II.NFO,07/01/2020,10:23:17,431.95,430.35,2700,431.45,1350,0,97200
TVSMOTOR-II.NFO,07/01/2020,10:23:19,431.95,429.8,1350,431.7,1350,0,97200
TVSMOTOR-II.NFO,07/01/2020,10:23:20,431.95,429.95,1350,431.6,1350,0,97200
TVSMOTOR-II.NFO,07/01/2020,10:23:21,431.95,430.55,1350,431.55,1350,0,97200
TVSMOTOR-II.NFO,07/01/2020,10:23:22,431.95,430.05,1350,431.7,1350,0,97200
TVSMOTOR-II.NFO,07/01/2020,10:23:23,431.95,430.25,1350,431.85,2700,0,97200
TVSMOTOR-II.NFO,07/01/2020,10:23:24,431.95,430.4,1350,431.45,1350,0,97200
TVSMOTOR-II.NFO,07/01/2020,10:23:25,431.95,430.5,2700,431.7,1350,0,97200
TVSMOTOR-II.NFO,07/01/2020,10:23:26,431.95,429.8,1350,431.65,1350,0,97200
TVSMOTOR-II.NFO,07/01/2020,10:23:27,431.95,430,2700,431.65,1350,0,97200
TVSMOTOR-II.NFO,07/01/2020,10:23:28,431.95,430,2700,431.55,1350,0,97200
TVSMOTOR-II.NFO,07/01/2020,10:23:29,431.95,430,2700,431.45,1350,0,97200
TVSMOTOR-II.NFO,07/01/2020,10:23:30,431.95,430.25,1350,431.75,1350,0,97200
TVSMOTOR-II.NFO,07/01/2020,10:23:31,431.95,429.1,1350,431.3,1350,0,97200
TVSMOTOR-II.NFO,07/01/2020,10:23:32,431.95,429.85,1350,431.4,1350,0,97200
TVSMOTOR-II.NFO,07/01/2020,10:23:33,431.95,430.05,1350,431.65,1350,0,97200
TVSMOTOR-II.NFO,07/01/2020,10:23:36,431.95,430.35,2700,431.4,1350,0,97200
TVSMOTOR-II.NFO,07/01/2020,10:23:40,431.95,430.15,1350,431.4,1350,0,97200
TVSMOTOR-II.NFO,07/01/2020,10:23:41,431.95,430.45,1350,431.5,1350,0,97200
TVSMOTOR-II.NFO,07/01/2020,10:23:44,431.95,430.6,1350,431.5,1350,0,97200
TVSMOTOR-II.NFO,07/01/2020,10:23:48,431.95,430.65,2700,431.65,1350,0,97200
TVSMOTOR-II.NFO,07/01/2020,10:23:49,431.95,430.65,2700,431.8,1350,0,97200
TVSMOTOR-II.NFO,07/01/2020,10:23:50,431.95,430.65,2700,431.7,1350,0,97200
TVSMOTOR-II.NFO,07/01/2020,10:23:51,431.95,430.65,2700,431.85,1350,0,97200
TVSMOTOR-II.NFO,07/01/2020,10:23:52,431.95,430.65,2700,431.75,1350,0,97200
TVSMOTOR-II.NFO,07/01/2020,10:23:53,431.95,430.65,2700,431.6,1350,0,97200
TVSMOTOR-II.NFO,07/01/2020,10:24:00,431.95,430.65,2700,431.9,1350,0,97200
TVSMOTOR-II.NFO,07/01/2020,10:24:01,431.95,430.65,2700,431.8,1350,0,97200
TVSMOTOR-II.NFO,07/01/2020,10:24:02,431.95,430.65,2700,432,2700,0,97200
TVSMOTOR-II.NFO,07/01/2020,10:24:03,431.95,430.65,2700,431.9,1350,0,97200
TVSMOTOR-II.NFO,07/01/2020,10:24:04,431.95,430.65,2700,431.7,1350,0,97200
TVSMOTOR-II.NFO,07/01/2020,10:24:05,431.95,430.65,2700,431.95,2700,0,97200
TVSMOTOR-II.NFO,07/01/2020,10:24:19,431.95,430.2,1350,431.95,2700,0,97200
TVSMOTOR-II.NFO,07/01/2020,10:24:23,431.95,430.65,1350,431.95,2700,0,97200
TVSMOTOR-II.NFO,07/01/2020,10:24:27,431.95,430.95,2700,431.95,2700,0,97200
TVSMOTOR-II.NFO,07/01/2020,10:24:31,431.95,430.95,2700,432.8,2700,0,97200
TVSMOTOR-II.NFO,07/01/2020,10:24:34,431.95,430.95,2700,432.35,2700,0,97200
TVSMOTOR-II.NFO,07/01/2020,10:24:37,431.95,430.65,1350,431.85,1350,0,97200
TVSMOTOR-II.NFO,07/01/2020,10:24:42,431.95,430.2,1350,431.65,1350,0,97200
TVSMOTOR-II.NFO,07/01/2020,10:24:46,431.95,430.6,2700,432,2700,0,97200
TVSMOTOR-II.NFO,07/01/2020,10:24:50,431.95,430.6,2700,431.9,2700,0,97200
TVSMOTOR-II.NFO,07/01/2020,10:24:54,431.95,430.6,2700,431.7,1350,0,97200
TVSMOTOR-II.NFO,07/01/2020,10:24:58,431.95,430.5,2700,431.65,1350,0,97200
TVSMOTOR-II.NFO,07/01/2020,10:25:03,431.95,430.5,2700,431.35,1350,0,97200
TVSMOTOR-II.NFO,07/01/2020,10:25:07,431.95,430.5,2700,431.7,1350,0,97200
TVSMOTOR-II.NFO,07/01/2020,10:25:11,431.95,430.5,2700,431.6,1350,0,97200
TVSMOTOR-II.NFO,07/01/2020,10:25:14,431.95,430.5,2700,431.35,1350,0,97200
TVSMOTOR-II.NFO,07/01/2020,10:25:18,431.95,430.25,1350,431.25,1350,0,97200
TVSMOTOR-II.NFO,07/01/2020,10:25:23,431.95,430.35,2700,431.15,1350,0,97200
TVSMOTOR-II.NFO,07/01/2020,10:25:31,431.95,430.45,2700,431.4,1350,0,97200
TVSMOTOR-II.NFO,07/01/2020,10:25:35,431.95,430.15,1350,431.4,1350,0,97200
TVSMOTOR-II.NFO,07/01/2020,10:25:49,431.95,430.45,2700,431.6,4050,0,97200
TVSMOTOR-II.NFO,07/01/2020,10:25:54,431.95,429.95,1350,431.6,4050,0,97200
TVSMOTOR-II.NFO,07/01/2020,10:25:59,431.95,430.05,1350,431.6,4050,0,97200
TVSMOTOR-II.NFO,07/01/2020,10:26:04,431.95,430.25,2700,431.3,1350,0,97200
TVSMOTOR-II.NFO,07/01/2020,10:26:08,431.95,430.25,2700,431.75,1350,0,97200
TVSMOTOR-II.NFO,07/01/2020,10:26:13,431.95,430.25,2700,431.4,1350,0,97200
TVSMOTOR-II.NFO,07/01/2020,10:26:18,431.95,430.25,2700,431.35,1350,0,97200
TVSMOTOR-II.NFO,07/01/2020,10:26:22,431.95,429.8,1350,431.55,2700,0,97200
TVSMOTOR-II.NFO,07/01/2020,10:26:26,431.95,430.1,1350,431.55,2700,0,97200
TVSMOTOR-II.NFO,07/01/2020,10:26:32,431.95,429.65,1350,431.4,1350,0,97200
TVSMOTOR-II.NFO,07/01/2020,10:26:41,431.95,430.15,1350,431.2,1350,0,97200
TVSMOTOR-II.NFO,07/01/2020,10:26:49,431.95,429.9,1350,431,1350,0,97200
TVSMOTOR-II.NFO,07/01/2020,10:26:53,431.95,430.2,2700,430.9,1350,0,97200
TVSMOTOR-II.NFO,07/01/2020,10:27:02,431.95,429.9,1350,430.9,1350,0,97200
TVSMOTOR-II.NFO,07/01/2020,10:27:07,431.95,430.4,2700,431.25,1350,0,97200
TVSMOTOR-II.NFO,07/01/2020,10:27:23,431.95,430.4,2700,431.3,1350,0,97200
TVSMOTOR-II.NFO,07/01/2020,10:27:34,431.95,430.25,1350,431.15,1350,0,97200
TVSMOTOR-II.NFO,07/01/2020,10:27:38,431.95,430.35,2700,431.15,1350,0,97200
TVSMOTOR-II.NFO,07/01/2020,10:27:43,431.95,430.4,2700,431.15,1350,0,97200
TVSMOTOR-II.NFO,07/01/2020,10:27:52,431.95,430.45,1350,431.15,1350,0,97200
TVSMOTOR-II.NFO,07/01/2020,10:27:56,431.95,430.25,1350,431.15,1350,0,97200
TVSMOTOR-II.NFO,07/01/2020,10:28:04,431.95,430.35,2700,431.15,1350,0,97200
TVSMOTOR-II.NFO,07/01/2020,10:28:14,431.95,429.9,2700,431.25,1350,0,97200
TVSMOTOR-II.NFO,07/01/2020,10:28:19,431.95,430.05,1350,431.25,1350,0,97200
TVSMOTOR-II.NFO,07/01/2020,10:28:28,431.95,430.5,1350,431.6,1350,0,97200
TVSMOTOR-II.NFO,07/01/2020,10:28:32,431.95,430.7,1350,431.6,1350,0,97200
TVSMOTOR-II.NFO,07/01/2020,10:28:37,431.95,430.8,1350,431.6,1350,0,97200
TVSMOTOR-II.NFO,07/01/2020,10:28:40,431.95,430.35,1350,431.6,1350,0,97200
TVSMOTOR-II.NFO,07/01/2020,10:28:44,431.95,430.7,1350,431.55,1350,0,97200
TVSMOTOR-II.NFO,07/01/2020,10:28:50,431.95,430.75,1350,431.55,1350,0,97200
TVSMOTOR-II.NFO,07/01/2020,10:28:53,431.95,430.55,2700,431.35,1350,0,97200
TVSMOTOR-II.NFO,07/01/2020,10:29:10,431.95,430.35,1350,431.35,1350,0,97200
TVSMOTOR-II.NFO,07/01/2020,10:29:14,431.95,431,1350,431.75,2700,0,97200
TVSMOTOR-II.NFO,07/01/2020,10:29:17,431.95,430.55,2700,431.75,2700,0,97200
TVSMOTOR-II.NFO,07/01/2020,10:29:21,431.95,430.95,1350,431.7,2700,0,97200
TVSMOTOR-II.NFO,07/01/2020,10:29:25,431.95,430.3,1350,431.55,2700,0,97200
TVSMOTOR-II.NFO,07/01/2020,10:29:29,431.95,430.7,2700,431.5,1350,0,97200
TVSMOTOR-II.NFO,07/01/2020,10:29:40,431.95,430.6,1350,431.5,1350,0,97200
TVSMOTOR-II.NFO,07/01/2020,10:29:50,431.95,430.7,1350,431.5,1350,0,97200
TVSMOTOR-II.NFO,07/01/2020,10:29:56,431.95,430.6,1350,431.5,1350,0,97200
TVSMOTOR-II.NFO,07/01/2020,10:30:02,431.95,430.7,2700,431.5,1350,0,97200
TVSMOTOR-II.NFO,07/01/2020,10:30:06,431.95,430.4,1350,431,1350,0,97200
TVSMOTOR-II.NFO,07/01/2020,10:30:09,431.95,430.5,2700,431,1350,0,97200
TVSMOTOR-II.NFO,07/01/2020,10:30:22,431.95,430.5,2700,431.4,1350,0,97200
TVSMOTOR-II.NFO,07/01/2020,10:30:26,431.95,430.2,1350,431.4,1350,0,97200
TVSMOTOR-II.NFO,07/01/2020,10:30:30,431.95,430.5,2700,431.4,1350,0,97200
TVSMOTOR-II.NFO,07/01/2020,10:30:45,431.95,430.5,2700,431.45,1350,0,97200
TVSMOTOR-II.NFO,07/01/2020,10:31:21,431.95,430.5,2700,431.5,1350,0,97200
TVSMOTOR-II.NFO,07/01/2020,10:31:44,431.95,430.5,2700,431.4,1350,0,97200
TVSMOTOR-II.NFO,07/01/2020,10:31:52,431.95,430.5,2700,431.5,1350,0,97200
TVSMOTOR-II.NFO,07/01/2020,10:31:56,431.95,430.5,2700,431.4,1350,0,97200
TVSMOTOR-II.NFO,07/01/2020,10:32:01,431.95,430.25,1350,431.25,1350,0,97200
TVSMOTOR-II.NFO,07/01/2020,10:32:10,431.95,430.05,2700,431.15,2700,0,97200
TVSMOTOR-II.NFO,07/01/2020,10:32:15,431.95,430.05,2700,431.05,2700,0,97200
TVSMOTOR-II.NFO,07/01/2020,10:32:20,431.95,430.05,2700,431,1350,0,97200
TVSMOTOR-II.NFO,07/01/2020,10:32:38,431.95,430.05,2700,431,2700,0,97200
TVSMOTOR-II.NFO,07/01/2020,10:32:42,431.95,430.05,2700,431.05,1350,0,97200
TVSMOTOR-II.NFO,07/01/2020,10:32:52,431.95,430.05,2700,431.35,2700,0,97200
TVSMOTOR-II.NFO,07/01/2020,10:32:56,431.95,430.05,2700,431.25,1350,0,97200
TVSMOTOR-II.NFO,07/01/2020,10:33:00,431.95,430.05,2700,431.3,1350,0,97200
TVSMOTOR-II.NFO,07/01/2020,10:33:07,431.95,430.05,2700,431.2,1350,0,97200
TVSMOTOR-II.NFO,07/01/2020,10:33:10,431.95,430.05,2700,431.3,1350,0,97200
TVSMOTOR-II.NFO,07/01/2020,10:33:22,431.95,430.3,1350,431.3,1350,0,97200
TVSMOTOR-II.NFO,07/01/2020,10:33:26,431.95,430.5,1350,431.25,1350,0,97200
TVSMOTOR-II.NFO,07/01/2020,10:33:30,431.95,430.25,1350,431.25,1350,0,97200
TVSMOTOR-II.NFO,07/01/2020,10:33:37,431.95,430,2700,431.3,2700,0,97200
TVSMOTOR-II.NFO,07/01/2020,10:33:41,431.95,430,2700,431.15,1350,0,97200
TVSMOTOR-II.NFO,07/01/2020,10:33:49,431.95,430,2700,431.2,1350,0,97200
TVSMOTOR-II.NFO,07/01/2020,10:33:52,431.95,430,2700,431.25,1350,0,97200
TVSMOTOR-II.NFO,07/01/2020,10:34:01,431.95,430,2700,431.2,1350,0,97200
TVSMOTOR-II.NFO,07/01/2020,10:34:04,431.95,430,2700,431.1,1350,0,97200
TVSMOTOR-II.NFO,07/01/2020,10:34:21,431.95,430.35,1350,431.15,2700,0,97200
TVSMOTOR-II.NFO,07/01/2020,10:34:26,431.95,430.5,1350,431.25,1350,0,97200
TVSMOTOR-II.NFO,07/01/2020,10:34:30,431.95,430.45,1350,431.5,1350,0,97200
TVSMOTOR-II.NFO,07/01/2020,10:34:37,431.95,430.65,1350,431.45,1350,0,97200
TVSMOTOR-II.NFO,07/01/2020,10:34:42,431.95,430.6,1350,431.4,1350,0,97200
TVSMOTOR-II.NFO,07/01/2020,10:34:51,431.95,430.55,1350,431.35,1350,0,97200
TVSMOTOR-II.NFO,07/01/2020,10:34:57,431.95,430.5,1350,431.35,1350,0,97200
TVSMOTOR-II.NFO,07/01/2020,10:35:04,431.95,430.45,1350,431.3,1350,0,97200
TVSMOTOR-II.NFO,07/01/2020,10:35:14,431.95,430.45,1350,431.2,1350,0,97200
TVSMOTOR-II.NFO,07/01/2020,10:35:17,431.95,430.15,4050,431.3,1350,0,97200
TVSMOTOR-II.NFO,07/01/2020,10:35:21,431.95,430.45,1350,431.25,1350,0,97200
TVSMOTOR-II.NFO,07/01/2020,10:35:27,431.95,430.15,1350,431.3,1350,0,97200
TVSMOTOR-II.NFO,07/01/2020,10:35:31,431.95,430.5,1350,431.35,1350,0,97200
TVSMOTOR-II.NFO,07/01/2020,10:35:35,431.95,430.45,1350,431.25,1350,0,97200
TVSMOTOR-II.NFO,07/01/2020,10:35:38,431.95,430.5,1350,431.3,1350,0,97200
TVSMOTOR-II.NFO,07/01/2020,10:35:41,431.95,430.6,1350,431.3,1350,0,97200
TVSMOTOR-II.NFO,07/01/2020,10:35:43,431.95,430.3,1350,431.4,1350,0,97200
TVSMOTOR-II.NFO,07/01/2020,10:35:51,431.95,430.6,1350,431.55,2700,0,97200
TVSMOTOR-II.NFO,07/01/2020,10:35:55,431.95,430.7,1350,431.55,2700,0,97200
TVSMOTOR-II.NFO,07/01/2020,10:35:58,431.95,430.45,1350,431.55,2700,0,97200
TVSMOTOR-II.NFO,07/01/2020,10:36:05,431.95,430.5,2700,431.45,4050,0,97200
TVSMOTOR-II.NFO,07/01/2020,10:36:12,431.95,430.5,2700,431.3,1350,0,97200
TVSMOTOR-II.NFO,07/01/2020,10:36:20,431.95,430.5,2700,431.55,1350,0,97200
TVSMOTOR-II.NFO,07/01/2020,10:36:26,431.95,430.5,2700,431.5,1350,0,97200
TVSMOTOR-II.NFO,07/01/2020,10:36:32,431.95,430.5,2700,431.45,1350,0,97200
TVSMOTOR-II.NFO,07/01/2020,10:36:35,431.95,430.5,2700,431.35,1350,0,97200
TVSMOTOR-II.NFO,07/01/2020,10:36:40,431.95,430.5,2700,431.25,1350,0,97200
TVSMOTOR-II.NFO,07/01/2020,10:36:43,431.95,430.5,2700,431.4,2700,0,97200
TVSMOTOR-II.NFO,07/01/2020,10:36:47,431.95,430.5,2700,431.3,2700,0,97200
TVSMOTOR-II.NFO,07/01/2020,10:37:09,431.95,430.5,2700,431.3,4050,0,97200
TVSMOTOR-II.NFO,07/01/2020,10:37:19,431.95,430.35,2700,431.05,1350,0,97200
TVSMOTOR-II.NFO,07/01/2020,10:37:23,431.95,430.15,1350,430.95,1350,0,97200
TVSMOTOR-II.NFO,07/01/2020,10:37:30,431.95,430.25,2700,431.05,1350,0,97200
TVSMOTOR-II.NFO,07/01/2020,10:37:34,431.95,430.25,2700,430.95,1350,0,97200
TVSMOTOR-II.NFO,07/01/2020,10:37:37,431.95,430.25,2700,431.1,1350,0,97200
TVSMOTOR-II.NFO,07/01/2020,10:37:46,431.95,430.25,2700,431.05,1350,0,97200
TVSMOTOR-II.NFO,07/01/2020,10:37:49,431.95,430.25,2700,431.1,1350,0,97200
TVSMOTOR-II.NFO,07/01/2020,10:37:52,431.95,430.25,2700,431,1350,0,97200
TVSMOTOR-II.NFO,07/01/2020,10:38:00,431.95,430.25,2700,431.3,1350,0,97200
TVSMOTOR-II.NFO,07/01/2020,10:38:09,431.95,430.35,2700,431.55,1350,0,97200
TVSMOTOR-II.NFO,07/01/2020,10:38:12,431.95,430.5,1350,431.5,1350,0,97200
TVSMOTOR-II.NFO,07/01/2020,10:38:22,431.95,430.6,1350,431.55,1350,0,97200
TVSMOTOR-II.NFO,07/01/2020,10:38:26,431.95,430.55,1350,431.4,1350,0,97200
TVSMOTOR-II.NFO,07/01/2020,10:38:29,431.95,430.6,1350,431.4,1350,0,97200
TVSMOTOR-II.NFO,07/01/2020,10:38:40,431.95,430.65,2700,431.5,1350,0,97200
TVSMOTOR-II.NFO,07/01/2020,10:38:43,431.95,430.2,4050,431.5,2700,0,97200
TVSMOTOR-II.NFO,07/01/2020,10:38:46,431.95,430.65,1350,431.5,1350,0,97200
TVSMOTOR-II.NFO,07/01/2020,10:38:49,431.95,430.3,2700,431.45,1350,0,97200
TVSMOTOR-II.NFO,07/01/2020,10:38:52,431.95,430.4,2700,431.6,2700,0,97200
TVSMOTOR-II.NFO,07/01/2020,10:39:08,431.95,430.4,2700,431.45,1350,0,97200
TVSMOTOR-II.NFO,07/01/2020,10:39:12,431.95,430.4,2700,431.5,1350,0,97200
TVSMOTOR-II.NFO,07/01/2020,10:39:17,431.95,430.4,2700,431.45,1350,0,97200
TVSMOTOR-II.NFO,07/01/2020,10:39:21,431.95,430.4,2700,431.35,1350,0,97200
TVSMOTOR-II.NFO,07/01/2020,10:39:32,431.95,430.4,2700,431.45,2700,0,97200
TVSMOTOR-II.NFO,07/01/2020,10:39:35,431.95,430.4,2700,431.4,1350,0,97200
TVSMOTOR-II.NFO,07/01/2020,10:39:42,431.95,430.4,2700,431.3,1350,0,97200
TVSMOTOR-II.NFO,07/01/2020,10:39:46,431.95,430.05,1350,430.7,1350,0,97200
TVSMOTOR-II.NFO,07/01/2020,10:39:52,431.95,429.9,1350,430.95,1350,0,97200
TVSMOTOR-II.NFO,07/01/2020,10:39:55,431.95,430.15,1350,430.8,1350,0,97200
TVSMOTOR-II.NFO,07/01/2020,10:40:08,431.95,430.55,2700,431.35,1350,0,97200
TVSMOTOR-II.NFO,07/01/2020,10:40:14,431.95,430.45,1350,431.4,4050,0,97200
TVSMOTOR-II.NFO,07/01/2020,10:40:45,431.95,430.5,2700,431.4,4050,0,97200
TVSMOTOR-II.NFO,07/01/2020,10:40:49,431.95,430.4,1350,431.3,4050,0,97200
TVSMOTOR-II.NFO,07/01/2020,10:40:54,431.95,430.45,1350,431.3,4050,0,97200
TVSMOTOR-II.NFO,07/01/2020,10:40:57,431.95,430.1,1350,431.3,4050,0,97200
TVSMOTOR-II.NFO,07/01/2020,10:41:01,431.95,430.1,1350,431.3,2700,0,97200
TVSMOTOR-II.NFO,07/01/2020,10:41:04,431.95,430.3,1350,431.3,2700,0,97200
TVSMOTOR-II.NFO,07/01/2020,10:41:10,431.95,430.5,1350,431.3,2700,0,97200
TVSMOTOR-II.NFO,07/01/2020,10:41:24,431.95,430.15,2700,431.3,2700,0,97200
TVSMOTOR-II.NFO,07/01/2020,10:41:30,431.95,430.35,1350,431.3,2700,0,97200
TVSMOTOR-II.NFO,07/01/2020,10:41:36,431.95,430.6,1350,431.3,2700,0,97200
TVSMOTOR-II.NFO,07/01/2020,10:41:43,431.95,430.45,1350,431.3,2700,0,97200
TVSMOTOR-II.NFO,07/01/2020,10:41:50,431.95,430.4,1350,431.3,2700,0,97200
TVSMOTOR-II.NFO,07/01/2020,10:41:58,431.95,430.55,1350,431.3,2700,0,97200
TVSMOTOR-II.NFO,07/01/2020,10:42:07,431.95,430.45,1350,431.3,2700,0,97200
TVSMOTOR-II.NFO,07/01/2020,10:42:12,431.95,430.55,1350,431.3,2700,0,97200
TVSMOTOR-II.NFO,07/01/2020,10:42:23,431.95,430.4,1350,431.3,2700,0,97200
TVSMOTOR-II.NFO,07/01/2020,10:42:29,431.95,430.55,1350,431.3,2700,0,97200
TVSMOTOR-II.NFO,07/01/2020,10:42:37,431.95,430.35,1350,431.3,2700,0,97200
TVSMOTOR-II.NFO,07/01/2020,10:42:40,431.95,430.45,2700,431.3,2700,0,97200
TVSMOTOR-II.NFO,07/01/2020,10:43:15,431.95,430.45,2700,431.3,4050,0,97200
TVSMOTOR-II.NFO,07/01/2020,10:43:22,431.95,430.4,1350,431.1,1350,0,97200
TVSMOTOR-II.NFO,07/01/2020,10:43:26,431.95,430.5,1350,431.25,1350,0,97200
TVSMOTOR-II.NFO,07/01/2020,10:43:31,431.95,430.5,1350,431.15,1350,0,97200
TVSMOTOR-II.NFO,07/01/2020,10:43:35,431.95,430.15,1350,431.2,1350,0,97200
TVSMOTOR-II.NFO,07/01/2020,10:43:38,431.95,430.25,1350,431.15,1350,0,97200
TVSMOTOR-II.NFO,07/01/2020,10:43:45,431.95,430.35,1350,431.2,1350,0,97200
TVSMOTOR-II.NFO,07/01/2020,10:43:56,431.95,430.35,1350,431.15,1350,0,97200
TVSMOTOR-II.NFO,07/01/2020,10:43:59,431.95,430.35,1350,431.05,1350,0,97200
TVSMOTOR-II.NFO,07/01/2020,10:44:07,431.95,430.15,1350,431.05,1350,0,97200
TVSMOTOR-II.NFO,07/01/2020,10:44:10,431.95,430.4,1350,431.2,2700,0,97200
TVSMOTOR-II.NFO,07/01/2020,10:44:20,431.95,430.35,1350,431,1350,0,97200
TVSMOTOR-II.NFO,07/01/2020,10:44:34,431.95,430.05,1350,431.1,1350,0,97200
TVSMOTOR-II.NFO,07/01/2020,10:44:40,431.95,430.25,1350,431.1,1350,0,97200
TVSMOTOR-II.NFO,07/01/2020,10:44:48,431.95,430.3,1350,431,1350,0,97200
TVSMOTOR-II.NFO,07/01/2020,10:44:55,431.95,430.2,1350,430.85,1350,0,97200
TVSMOTOR-II.NFO,07/01/2020,10:44:58,431.95,429.9,1350,430.8,1350,0,97200
TVSMOTOR-II.NFO,07/01/2020,10:45:04,431.95,430.15,1350,430.8,1350,0,97200
TVSMOTOR-II.NFO,07/01/2020,10:45:09,431.95,430,2700,430.65,1350,0,97200
TVSMOTOR-II.NFO,07/01/2020,10:45:14,431.95,430,2700,430.85,1350,0,97200
TVSMOTOR-II.NFO,07/01/2020,10:45:19,431.95,430,2700,431.15,1350,0,97200
TVSMOTOR-II.NFO,07/01/2020,10:45:23,431.95,430,2700,431.2,2700,0,97200
TVSMOTOR-II.NFO,07/01/2020,10:45:27,431.95,430,2700,431.1,1350,0,97200
TVSMOTOR-II.NFO,07/01/2020,10:45:34,431.95,430,2700,431,1350,0,97200
TVSMOTOR-II.NFO,07/01/2020,10:45:40,431.95,430,2700,431.05,1350,0,97200
TVSMOTOR-II.NFO,07/01/2020,10:45:42,431.95,430,2700,430.9,1350,0,97200
TVSMOTOR-II.NFO,07/01/2020,10:45:45,431.95,430,2700,430.95,1350,0,97200
TVSMOTOR-II.NFO,07/01/2020,10:45:52,431.95,430,2700,430.9,1350,0,97200
TVSMOTOR-II.NFO,07/01/2020,10:45:56,431.95,430,2700,430.85,1350,0,97200
TVSMOTOR-II.NFO,07/01/2020,10:46:00,431.95,430,2700,430.9,1350,0,97200
TVSMOTOR-II.NFO,07/01/2020,10:46:07,431.95,430,2700,430.95,1350,0,97200
TVSMOTOR-II.NFO,07/01/2020,10:46:10,431.95,430,2700,430.9,1350,0,97200
TVSMOTOR-II.NFO,07/01/2020,10:46:14,431.95,430,2700,430.95,1350,0,97200
TVSMOTOR-II.NFO,07/01/2020,10:46:17,431.95,430,2700,430.9,1350,0,97200
TVSMOTOR-II.NFO,07/01/2020,10:46:21,431.95,430,2700,430.95,1350,0,97200
TVSMOTOR-II.NFO,07/01/2020,10:46:24,431.95,430,2700,431.1,2700,0,97200
TVSMOTOR-II.NFO,07/01/2020,10:46:28,431.95,430,2700,430.9,1350,0,97200
TVSMOTOR-II.NFO,07/01/2020,10:46:44,431.95,430,4050,431,1350,0,97200
TVSMOTOR-II.NFO,07/01/2020,10:46:47,431.95,430.15,1350,431,1350,0,97200
TVSMOTOR-II.NFO,07/01/2020,10:46:59,431.95,430.25,1350,431,1350,0,97200
TVSMOTOR-II.NFO,07/01/2020,10:47:02,431.95,430.3,1350,431,1350,0,97200
TVSMOTOR-II.NFO,07/01/2020,10:47:05,431.95,430.35,1350,431,1350,0,97200
TVSMOTOR-II.NFO,07/01/2020,10:47:19,431.95,430.1,2700,431.2,2700,0,97200
TVSMOTOR-II.NFO,07/01/2020,10:47:24,431.95,430.2,2700,431.1,1350,0,97200
TVSMOTOR-II.NFO,07/01/2020,10:47:32,431.95,430.2,2700,431.15,2700,0,97200
TVSMOTOR-II.NFO,07/01/2020,10:48:06,431.95,430.2,2700,431.25,1350,0,97200
TVSMOTOR-II.NFO,07/01/2020,10:48:10,431.95,430.2,2700,431.15,1350,0,97200
TVSMOTOR-II.NFO,07/01/2020,10:48:18,431.95,430.2,2700,431.25,1350,0,97200
TVSMOTOR-II.NFO,07/01/2020,10:48:22,431.95,430.2,2700,431.15,1350,0,97200
TVSMOTOR-II.NFO,07/01/2020,10:48:25,431.95,430.2,2700,431.2,1350,0,97200
TVSMOTOR-II.NFO,07/01/2020,10:48:31,431.95,430.2,2700,431.15,1350,0,97200
TVSMOTOR-II.NFO,07/01/2020,10:48:35,431.95,429.8,2700,430.55,1350,0,97200
TVSMOTOR-II.NFO,07/01/2020,10:48:41,431.95,429.8,2700,430.7,1350,0,97200
TVSMOTOR-II.NFO,07/01/2020,10:48:49,431.95,429.8,2700,430.6,1350,0,97200
TVSMOTOR-II.NFO,07/01/2020,10:48:57,431.95,429.6,1350,430.6,1350,0,97200
TVSMOTOR-II.NFO,07/01/2020,10:49:01,431.95,429.8,2700,430.6,1350,0,97200
TVSMOTOR-II.NFO,07/01/2020,10:49:11,431.95,429.8,2700,430.7,1350,0,97200
TVSMOTOR-II.NFO,07/01/2020,10:49:28,431.95,429.8,2700,430.6,1350,0,97200
TVSMOTOR-II.NFO,07/01/2020,10:49:42,431.95,429.75,1350,430.6,4050,0,97200
TVSMOTOR-II.NFO,07/01/2020,10:49:46,431.95,429.35,2700,430.6,4050,0,97200
TVSMOTOR-II.NFO,07/01/2020,10:49:58,431.95,429.35,2700,430.3,1350,0,97200
TVSMOTOR-II.NFO,07/01/2020,10:50:09,431.95,429.35,2700,430.25,1350,0,97200
TVSMOTOR-II.NFO,07/01/2020,10:50:14,431.95,429.35,2700,430.3,1350,0,97200
TVSMOTOR-II.NFO,07/01/2020,10:50:41,431.95,429.35,2700,430.2,1350,0,97200
TVSMOTOR-II.NFO,07/01/2020,10:50:50,431.95,429.35,2700,430.3,2700,0,97200
TVSMOTOR-II.NFO,07/01/2020,10:50:55,431.95,429.35,2700,430.3,4050,0,97200
TVSMOTOR-II.NFO,07/01/2020,10:51:03,431.95,429.35,2700,430.1,1350,0,97200
TVSMOTOR-II.NFO,07/01/2020,10:51:07,431.95,429.35,2700,430,1350,0,97200
TVSMOTOR-II.NFO,07/01/2020,10:51:19,431.95,429.05,2700,429.85,1350,0,97200
TVSMOTOR-II.NFO,07/01/2020,10:51:23,431.95,429.05,2700,430.05,2700,0,97200
TVSMOTOR-II.NFO,07/01/2020,10:51:27,431.95,429.05,2700,430.05,4050,0,97200
TVSMOTOR-II.NFO,07/01/2020,10:51:31,431.95,429.05,2700,429.85,1350,0,97200
TVSMOTOR-II.NFO,07/01/2020,10:51:38,431.95,429.05,2700,429.9,1350,0,97200
TVSMOTOR-II.NFO,07/01/2020,10:51:51,431.95,429.1,1350,429.85,1350,0,97200
TVSMOTOR-II.NFO,07/01/2020,10:51:55,431.95,429.05,1350,429.85,1350,0,97200
TVSMOTOR-II.NFO,07/01/2020,10:52:00,431.95,429.05,1350,430.35,1350,0,97200
TVSMOTOR-II.NFO,07/01/2020,10:52:07,431.95,429.05,1350,429.7,1350,0,97200
TVSMOTOR-II.NFO,07/01/2020,10:52:12,431.95,429.05,1350,429.65,1350,0,97200
TVSMOTOR-II.NFO,07/01/2020,10:52:17,431.95,429.1,1350,429.7,2700,0,97200
TVSMOTOR-II.NFO,07/01/2020,10:52:22,431.95,429.1,1350,429.65,1350,0,97200
TVSMOTOR-II.NFO,07/01/2020,10:52:26,431.95,429,1350,429.65,2700,0,97200
TVSMOTOR-II.NFO,07/01/2020,10:52:31,431.95,429.05,1350,429.65,1350,0,97200
TVSMOTOR-II.NFO,07/01/2020,10:52:35,431.95,429.05,1350,429.7,2700,0,97200
TVSMOTOR-II.NFO,07/01/2020,10:52:38,431.95,429.1,2700,429.8,2700,0,97200
TVSMOTOR-II.NFO,07/01/2020,10:52:43,431.95,429,1350,429.65,1350,0,97200
TVSMOTOR-II.NFO,07/01/2020,10:52:47,431.95,429,1350,429.55,2700,0,97200
TVSMOTOR-II.NFO,07/01/2020,10:52:51,431.95,429,1350,429.55,1350,0,97200
TVSMOTOR-II.NFO,07/01/2020,10:53:01,431.95,428,2700,429.1,1350,0,97200
TVSMOTOR-II.NFO,07/01/2020,10:53:08,431.95,428.1,2700,429.55,1350,0,97200
TVSMOTOR-II.NFO,07/01/2020,10:53:12,431.95,428.2,2700,429.3,1350,0,97200
TVSMOTOR-II.NFO,07/01/2020,10:53:13,431.95,428.3,1350,429.25,1350,0,97200
TVSMOTOR-II.NFO,07/01/2020,10:53:14,431.95,428.3,1350,429.2,1350,0,97200
TVSMOTOR-II.NFO,07/01/2020,10:53:15,431.95,428.3,1350,429.25,2700,0,97200
TVSMOTOR-II.NFO,07/01/2020,10:53:16,431.95,428.3,1350,429.15,1350,0,97200
TVSMOTOR-II.NFO,07/01/2020,10:53:36,431.95,428.3,1350,429.2,2700,0,97200
TVSMOTOR-II.NFO,07/01/2020,10:53:37,431.95,428.3,1350,429.2,1350,0,97200
TVSMOTOR-II.NFO,07/01/2020,10:53:39,431.95,428.4,1350,429.2,1350,0,97200
TVSMOTOR-II.NFO,07/01/2020,10:53:41,431.95,428.4,1350,429.2,2700,0,97200
TVSMOTOR-II.NFO,07/01/2020,10:53:42,431.95,428.35,1350,429.2,2700,0,97200
TVSMOTOR-II.NFO,07/01/2020,10:53:51,431.95,427.2,5400,429.05,2700,0,97200
TVSMOTOR-II.NFO,07/01/2020,10:53:52,431.95,427.2,5400,428.95,1350,0,97200
TVSMOTOR-II.NFO,07/01/2020,10:53:53,431.95,427.2,5400,429,1350,0,97200
TVSMOTOR-II.NFO,07/01/2020,10:53:54,431.95,427.2,5400,429.1,2700,0,97200
TVSMOTOR-II.NFO,07/01/2020,10:53:57,431.95,427.2,5400,429.1,1350,0,97200
TVSMOTOR-II.NFO,07/01/2020,10:53:58,431.95,427.2,5400,429.1,2700,0,97200
TVSMOTOR-II.NFO,07/01/2020,10:53:59,431.95,427.2,5400,429.1,1350,0,97200
TVSMOTOR-II.NFO,07/01/2020,10:54:01,431.95,427.2,5400,429.15,2700,0,97200
TVSMOTOR-II.NFO,07/01/2020,10:54:02,431.95,427.4,4050,429.25,1350,0,97200
TVSMOTOR-II.NFO,07/01/2020,10:54:03,431.95,427.5,4050,429.25,1350,0,97200
TVSMOTOR-II.NFO,07/01/2020,10:54:04,431.95,427.6,4050,429.25,1350,0,97200
TVSMOTOR-II.NFO,07/01/2020,10:54:06,431.95,427.8,4050,429.5,1350,0,97200
TVSMOTOR-II.NFO,07/01/2020,10:54:07,431.95,427.9,4050,429.6,2700,0,97200
TVSMOTOR-II.NFO,07/01/2020,10:54:08,431.95,428,4050,429.65,2700,0,97200
TVSMOTOR-II.NFO,07/01/2020,10:54:09,431.95,428.6,1350,429.65,1350,0,97200
TVSMOTOR-II.NFO,07/01/2020,10:54:10,431.95,428.6,1350,429.65,2700,0,97200
TVSMOTOR-II.NFO,07/01/2020,10:54:14,431.95,428.9,1350,429.65,2700,0,97200
TVSMOTOR-II.NFO,07/01/2020,10:54:20,431.95,429,1350,429.8,1350,0,97200
TVSMOTOR-II.NFO,07/01/2020,10:54:26,431.95,428.95,1350,429.75,1350,0,97200
TVSMOTOR-II.NFO,07/01/2020,10:54:30,431.95,428.9,1350,429.45,2700,0,97200
TVSMOTOR-II.NFO,07/01/2020,10:54:35,431.95,428.85,1350,429.4,1350,0,97200
TVSMOTOR-II.NFO,07/01/2020,10:54:39,431.95,428.1,2700,429.4,2700,0,97200
TVSMOTOR-II.NFO,07/01/2020,10:54:44,431.95,428.3,1350,429.4,2700,0,97200
TVSMOTOR-II.NFO,07/01/2020,10:54:49,431.95,428.4,1350,429.4,2700,0,97200
TVSMOTOR-II.NFO,07/01/2020,10:55:07,431.95,428.4,1350,429.3,2700,0,97200
TVSMOTOR-II.NFO,07/01/2020,10:55:11,431.95,428.4,1350,429.25,1350,0,97200
TVSMOTOR-II.NFO,07/01/2020,10:55:16,431.95,428.5,1350,429.4,1350,0,97200
TVSMOTOR-II.NFO,07/01/2020,10:55:29,431.95,428.05,2700,429.25,1350,0,97200
TVSMOTOR-II.NFO,07/01/2020,10:55:35,429.25,428.75,1350,429.5,1350,1350,98550
TVSMOTOR-II.NFO,07/01/2020,10:55:35,429.25,428.75,1350,429.5,1350,0,98550
TVSMOTOR-II.NFO,07/01/2020,10:55:41,429.25,428.9,1350,429.6,1350,0,98550
TVSMOTOR-II.NFO,07/01/2020,10:55:45,429.25,429.1,1350,429.85,1350,0,98550
TVSMOTOR-II.NFO,07/01/2020,10:55:49,429.25,429.2,1350,429.85,1350,0,98550
TVSMOTOR-II.NFO,07/01/2020,10:55:54,429.25,429.15,1350,430.05,1350,0,98550
TVSMOTOR-II.NFO,07/01/2020,10:56:03,429.25,428.95,2700,429.9,1350,0,98550
TVSMOTOR-II.NFO,07/01/2020,10:56:08,429.25,429.05,2700,429.95,1350,0,98550
TVSMOTOR-II.NFO,07/01/2020,10:56:12,429.25,428.95,1350,429.95,2700,0,98550
TVSMOTOR-II.NFO,07/01/2020,10:56:13,429.25,429.05,1350,429.95,1350,0,98550
TVSMOTOR-II.NFO,07/01/2020,10:56:13,429.25,428.95,1350,429.8,1350,0,98550
TVSMOTOR-II.NFO,07/01/2020,10:56:16,429.25,428.95,1350,429.95,1350,0,98550
TVSMOTOR-II.NFO,07/01/2020,10:56:17,429.25,428.8,2700,429.75,1350,0,98550
TVSMOTOR-II.NFO,07/01/2020,10:56:18,429.25,428.8,2700,429.8,1350,0,98550
TVSMOTOR-II.NFO,07/01/2020,10:56:19,429.25,428.95,1350,429.85,2700,0,98550
TVSMOTOR-II.NFO,07/01/2020,10:56:20,429.25,429.1,1350,430,1350,0,98550
TVSMOTOR-II.NFO,07/01/2020,10:56:21,429.25,428.8,2700,430,2700,0,98550
TVSMOTOR-II.NFO,07/01/2020,10:56:22,429.25,428.8,2700,429.9,1350,0,98550
TVSMOTOR-II.NFO,07/01/2020,10:56:23,429.25,428.8,2700,429.8,1350,0,98550
TVSMOTOR-II.NFO,07/01/2020,10:56:23,429.25,428.8,2700,429.95,1350,0,98550
TVSMOTOR-II.NFO,07/01/2020,10:56:24,429.25,428.8,2700,429.65,2700,0,98550
TVSMOTOR-II.NFO,07/01/2020,10:56:25,429.25,428.8,2700,429.9,2700,0,98550
TVSMOTOR-II.NFO,07/01/2020,10:56:26,429.25,428.8,2700,429.75,1350,0,98550
TVSMOTOR-II.NFO,07/01/2020,10:56:27,429.25,428.8,2700,429.85,4050,0,98550
TVSMOTOR-II.NFO,07/01/2020,10:56:29,429.25,428.8,2700,429.7,1350,0,98550
TVSMOTOR-II.NFO,07/01/2020,10:56:31,429.25,428.65,1350,429.85,1350,0,98550
TVSMOTOR-II.NFO,07/01/2020,10:56:32,429.25,428.65,1350,429.95,1350,0,98550
TVSMOTOR-II.NFO,07/01/2020,10:56:33,429.25,428.65,1350,429.85,1350,0,98550
TVSMOTOR-II.NFO,07/01/2020,10:56:34,429.25,428.5,1350,429.9,1350,0,98550
TVSMOTOR-II.NFO,07/01/2020,10:56:35,429.25,428.6,1350,429.9,1350,0,98550
TVSMOTOR-II.NFO,07/01/2020,10:56:37,429.25,428.65,2700,429.9,1350,0,98550
TVSMOTOR-II.NFO,07/01/2020,10:56:39,429.25,428.65,1350,429.8,1350,0,98550
TVSMOTOR-II.NFO,07/01/2020,10:56:40,429.25,428.6,2700,429.95,1350,0,98550
TVSMOTOR-II.NFO,07/01/2020,10:56:41,429.25,428.6,2700,430,2700,0,98550
TVSMOTOR-II.NFO,07/01/2020,10:56:42,429.25,428.7,2700,430,4050,0,98550
TVSMOTOR-II.NFO,07/01/2020,10:56:43,429.25,428.7,2700,429.95,1350,0,98550
TVSMOTOR-II.NFO,07/01/2020,10:56:45,429.25,428.7,2700,429.9,2700,0,98550
TVSMOTOR-II.NFO,07/01/2020,10:56:46,429.25,428.7,2700,429.95,2700,0,98550
TVSMOTOR-II.NFO,07/01/2020,10:56:47,429.25,428.7,2700,429.95,1350,0,98550
TVSMOTOR-II.NFO,07/01/2020,10:56:49,429.25,428.7,2700,429.9,1350,0,98550
TVSMOTOR-II.NFO,07/01/2020,10:56:50,429.25,428.7,2700,429.95,1350,0,98550
TVSMOTOR-II.NFO,07/01/2020,10:56:51,429.25,428.7,2700,429.75,1350,0,98550
TVSMOTOR-II.NFO,07/01/2020,10:56:52,429.25,428.7,2700,429.85,1350,0,98550
TVSMOTOR-II.NFO,07/01/2020,10:56:53,429.25,428.7,2700,429.75,1350,0,98550
TVSMOTOR-II.NFO,07/01/2020,10:56:55,429.25,428.4,2700,429.65,1350,0,98550
TVSMOTOR-II.NFO,07/01/2020,10:56:56,429.25,428.4,1350,429.9,1350,0,98550
TVSMOTOR-II.NFO,07/01/2020,10:56:57,429.25,428.55,1350,429.9,1350,0,98550
TVSMOTOR-II.NFO,07/01/2020,10:56:58,429.25,428.85,1350,429.95,2700,0,98550
TVSMOTOR-II.NFO,07/01/2020,10:56:59,429.25,428.75,1350,429.95,2700,0,98550
TVSMOTOR-II.NFO,07/01/2020,10:57:00,429.25,428.85,1350,429.95,2700,0,98550
TVSMOTOR-II.NFO,07/01/2020,10:57:02,429.25,428.85,1350,429.9,1350,0,98550
TVSMOTOR-II.NFO,07/01/2020,10:57:03,429.25,428.65,1350,429.9,1350,0,98550
TVSMOTOR-II.NFO,07/01/2020,10:57:04,429.25,428.6,2700,429.9,1350,0,98550
TVSMOTOR-II.NFO,07/01/2020,10:57:05,429.25,428.6,4050,429.95,1350,0,98550
TVSMOTOR-II.NFO,07/01/2020,10:57:06,429.25,428.75,1350,429.9,1350,0,98550
TVSMOTOR-II.NFO,07/01/2020,10:57:07,429.25,428.65,1350,429.85,2700,0,98550
TVSMOTOR-II.NFO,07/01/2020,10:57:08,429.25,428.45,1350,429.85,1350,0,98550
TVSMOTOR-II.NFO,07/01/2020,10:57:09,429.25,428.45,1350,429.55,1350,0,98550
TVSMOTOR-II.NFO,07/01/2020,10:57:10,429.25,428.5,1350,429.55,1350,0,98550
TVSMOTOR-II.NFO,07/01/2020,10:57:11,429.25,428.4,1350,429.65,2700,0,98550
TVSMOTOR-II.NFO,07/01/2020,10:57:12,429.25,428.25,2700,429.5,2700,0,98550
TVSMOTOR-II.NFO,07/01/2020,10:57:13,429.25,428.5,1350,429.5,2700,0,98550
TVSMOTOR-II.NFO,07/01/2020,10:57:15,429.25,428.6,1350,429.6,2700,0,98550
TVSMOTOR-II.NFO,07/01/2020,10:57:16,429.25,428.5,1350,429.5,1350,0,98550
TVSMOTOR-II.NFO,07/01/2020,10:57:16,429.25,428.4,1350,429.45,1350,0,98550
TVSMOTOR-II.NFO,07/01/2020,10:57:17,429.25,428.2,1350,429.5,2700,0,98550
TVSMOTOR-II.NFO,07/01/2020,10:57:18,429.25,428.3,1350,429.4,1350,0,98550
TVSMOTOR-II.NFO,07/01/2020,10:57:19,429.25,428.4,1350,429.25,1350,0,98550
TVSMOTOR-II.NFO,07/01/2020,10:57:22,429.25,428.3,1350,429.25,1350,0,98550
TVSMOTOR-II.NFO,07/01/2020,10:57:23,429.25,428.5,1350,429.3,1350,0,98550
TVSMOTOR-II.NFO,07/01/2020,10:57:24,429.25,428.5,1350,429.35,1350,0,98550
TVSMOTOR-II.NFO,07/01/2020,10:57:25,429.25,428.5,1350,429.4,1350,0,98550
TVSMOTOR-II.NFO,07/01/2020,10:57:26,429.25,428.3,1350,429.35,1350,0,98550
TVSMOTOR-II.NFO,07/01/2020,10:57:27,429.25,428.4,1350,429.3,1350,0,98550
TVSMOTOR-II.NFO,07/01/2020,10:57:28,429.25,428.35,1350,429.45,1350,0,98550
TVSMOTOR-II.NFO,07/01/2020,10:57:28,429.25,428.4,1350,429.45,1350,0,98550
TVSMOTOR-II.NFO,07/01/2020,10:57:29,429.25,428.55,1350,429.4,1350,0,98550
TVSMOTOR-II.NFO,07/01/2020,10:57:30,429.25,428.4,1350,429.45,1350,0,98550
TVSMOTOR-II.NFO,07/01/2020,10:57:31,429.25,428.6,1350,429.45,1350,0,98550
TVSMOTOR-II.NFO,07/01/2020,10:57:32,429.25,428.25,1350,429.45,1350,0,98550
TVSMOTOR-II.NFO,07/01/2020,10:57:33,429.25,428.3,2700,429.4,1350,0,98550
TVSMOTOR-II.NFO,07/01/2020,10:57:37,429,428.3,2700,429.1,1350,1350,98550
TVSMOTOR-II.NFO,07/01/2020,10:57:37,429,428.3,2700,429.1,1350,0,98550
TVSMOTOR-II.NFO,07/01/2020,10:57:39,429,428.15,1350,429.15,1350,0,98550
TVSMOTOR-II.NFO,07/01/2020,10:57:40,429,428.25,1350,429.1,1350,0,98550
TVSMOTOR-II.NFO,07/01/2020,10:57:41,429,428.35,1350,429.15,1350,0,98550
TVSMOTOR-II.NFO,07/01/2020,10:57:43,429,428.1,1350,429.2,1350,0,98550
TVSMOTOR-II.NFO,07/01/2020,10:57:44,429,428.3,1350,429.15,1350,0,98550
TVSMOTOR-II.NFO,07/01/2020,10:57:45,429,428.2,1350,429.1,1350,0,98550
TVSMOTOR-II.NFO,07/01/2020,10:57:46,429,428.3,1350,429.15,1350,0,98550
TVSMOTOR-II.NFO,07/01/2020,10:57:47,429,428.1,1350,429.25,1350,0,98550
TVSMOTOR-II.NFO,07/01/2020,10:57:48,429,428.3,1350,429.1,1350,0,98550
TVSMOTOR-II.NFO,07/01/2020,10:57:50,429,428.1,1350,429.1,1350,0,98550
TVSMOTOR-II.NFO,07/01/2020,10:57:50,429,428.2,1350,429.15,1350,0,98550
TVSMOTOR-II.NFO,07/01/2020,10:57:55,429,428.3,1350,429.1,1350,0,98550
TVSMOTOR-II.NFO,07/01/2020,10:57:56,429,428.45,1350,429.1,1350,0,98550
TVSMOTOR-II.NFO,07/01/2020,10:57:57,429,428.3,1350,429.1,1350,0,98550
TVSMOTOR-II.NFO,07/01/2020,10:58:01,429,428.1,1350,429.15,1350,0,98550
TVSMOTOR-II.NFO,07/01/2020,10:58:02,429,428.2,1350,429.1,1350,0,98550
TVSMOTOR-II.NFO,07/01/2020,10:58:03,429,428.3,1350,429.15,1350,0,98550
TVSMOTOR-II.NFO,07/01/2020,10:58:04,429,428.35,1350,429.15,1350,0,98550
TVSMOTOR-II.NFO,07/01/2020,10:58:06,429,428.35,1350,429.1,1350,0,98550
TVSMOTOR-II.NFO,07/01/2020,10:58:10,429,428.3,1350,429.1,1350,0,98550
TVSMOTOR-II.NFO,07/01/2020,10:58:11,429,428.4,1350,429.15,1350,0,98550
TVSMOTOR-II.NFO,07/01/2020,10:58:14,429,428.4,1350,429.1,1350,0,98550
TVSMOTOR-II.NFO,07/01/2020,10:58:19,429,428.35,1350,429.1,1350,0,98550
TVSMOTOR-II.NFO,07/01/2020,10:58:22,429,428.35,1350,429.15,1350,0,98550
TVSMOTOR-II.NFO,07/01/2020,10:58:32,429,428.1,1350,429.1,1350,0,98550
TVSMOTOR-II.NFO,07/01/2020,10:58:33,429,428.25,1350,429.15,1350,0,98550
TVSMOTOR-II.NFO,07/01/2020,10:58:41,429,428.35,1350,429.1,1350,0,98550
TVSMOTOR-II.NFO,07/01/2020,10:58:42,429,428.2,1350,429.1,1350,0,98550
TVSMOTOR-II.NFO,07/01/2020,10:58:45,429,428.3,1350,429.2,1350,0,98550
TVSMOTOR-II.NFO,07/01/2020,10:58:45,429,428.1,1350,429.1,1350,0,98550
TVSMOTOR-II.NFO,07/01/2020,10:58:46,429,428.2,1350,429.15,1350,0,98550
TVSMOTOR-II.NFO,07/01/2020,10:58:48,429,428.05,2700,429.15,1350,0,98550
TVSMOTOR-II.NFO,07/01/2020,10:58:49,429,428.3,1350,429.1,1350,0,98550
TVSMOTOR-II.NFO,07/01/2020,10:58:50,429,428.15,2700,429.1,1350,0,98550
TVSMOTOR-II.NFO,07/01/2020,10:58:55,429,428.15,2700,429.15,1350,0,98550
TVSMOTOR-II.NFO,07/01/2020,10:59:00,429,428.15,2700,429.1,1350,0,98550
TVSMOTOR-II.NFO,07/01/2020,10:59:01,429,428.15,2700,429.15,1350,0,98550
TVSMOTOR-II.NFO,07/01/2020,10:59:05,429,428.15,2700,429.1,1350,0,98550
TVSMOTOR-II.NFO,07/01/2020,10:59:07,429,428.15,2700,429.15,1350,0,98550
TVSMOTOR-II.NFO,07/01/2020,10:59:09,429,428.15,2700,429.1,1350,0,98550
TVSMOTOR-II.NFO,07/01/2020,10:59:11,429,428.15,2700,429.15,1350,0,98550
TVSMOTOR-II.NFO,07/01/2020,10:59:13,429,428.15,2700,429.1,1350,0,98550
TVSMOTOR-II.NFO,07/01/2020,10:59:28,429,428.15,2700,429.15,1350,0,98550
TVSMOTOR-II.NFO,07/01/2020,10:59:33,429,428.15,2700,429.1,1350,0,98550
TVSMOTOR-II.NFO,07/01/2020,10:59:45,429,428.15,2700,429,1350,0,98550
TVSMOTOR-II.NFO,07/01/2020,10:59:55,429,428.15,2700,429.05,1350,0,98550
TVSMOTOR-II.NFO,07/01/2020,11:00:01,429,428.15,2700,429.3,1350,0,98550
TVSMOTOR-II.NFO,07/01/2020,11:00:07,429,428.3,1350,429.1,1350,0,98550
TVSMOTOR-II.NFO,07/01/2020,11:00:13,429,428.2,1350,428.85,1350,0,98550
TVSMOTOR-II.NFO,07/01/2020,11:00:20,429,428.3,1350,429.05,1350,0,98550
TVSMOTOR-II.NFO,07/01/2020,11:00:26,429,428.2,2700,429.1,2700,0,98550
TVSMOTOR-II.NFO,07/01/2020,11:00:34,429,428.05,1350,428.95,1350,0,98550
TVSMOTOR-II.NFO,07/01/2020,11:00:41,429,428.2,1350,429,1350,0,98550
TVSMOTOR-II.NFO,07/01/2020,11:00:47,429,428.05,1350,428.95,1350,0,98550
TVSMOTOR-II.NFO,07/01/2020,11:01:01,429,427.95,1350,428.7,1350,0,98550
TVSMOTOR-II.NFO,07/01/2020,11:01:09,429,428.05,2700,428.9,1350,0,98550
TVSMOTOR-II.NFO,07/01/2020,11:01:17,429,428.35,1350,428.95,1350,0,98550
TVSMOTOR-II.NFO,07/01/2020,11:01:24,429,428.05,1350,428.75,1350,0,98550
TVSMOTOR-II.NFO,07/01/2020,11:01:31,429,427.95,1350,428.75,1350,0,98550
TVSMOTOR-II.NFO,07/01/2020,11:01:39,429,428.05,2700,428.85,1350,0,98550
TVSMOTOR-II.NFO,07/01/2020,11:01:46,429,428.35,4050,429.35,1350,0,98550
TVSMOTOR-II.NFO,07/01/2020,11:01:55,429,428.7,1350,429.85,2700,0,98550
TVSMOTOR-II.NFO,07/01/2020,11:02:02,429,428.85,1350,429.85,2700,0,98550
TVSMOTOR-II.NFO,07/01/2020,11:02:09,429,428.8,1350,429.95,2700,0,98550
TVSMOTOR-II.NFO,07/01/2020,11:02:12,429,428.85,2700,429.95,2700,0,98550
TVSMOTOR-II.NFO,07/01/2020,11:02:13,429,428.95,1350,429.95,2700,0,98550
TVSMOTOR-II.NFO,07/01/2020,11:02:14,429,428.85,1350,429.95,2700,0,98550
TVSMOTOR-II.NFO,07/01/2020,11:02:15,429,429.1,1350,429.95,2700,0,98550
TVSMOTOR-II.NFO,07/01/2020,11:02:16,429,429.15,1350,429.95,2700,0,98550
TVSMOTOR-II.NFO,07/01/2020,11:02:18,429,429.2,1350,429.95,2700,0,98550
TVSMOTOR-II.NFO,07/01/2020,11:02:22,429,429.05,1350,430.05,1350,0,98550
TVSMOTOR-II.NFO,07/01/2020,11:02:23,429,428.8,1350,430.1,2700,0,98550
TVSMOTOR-II.NFO,07/01/2020,11:02:24,429,428.95,1350,430.15,2700,0,98550
TVSMOTOR-II.NFO,07/01/2020,11:02:25,429,429,1350,430.15,2700,0,98550
TVSMOTOR-II.NFO,07/01/2020,11:02:26,429,429.2,1350,430.15,2700,0,98550
TVSMOTOR-II.NFO,07/01/2020,11:02:27,429,428.95,2700,430.15,2700,0,98550
TVSMOTOR-II.NFO,07/01/2020,11:02:28,429,429.1,1350,430.15,2700,0,98550
TVSMOTOR-II.NFO,07/01/2020,11:02:29,429,428.85,1350,430.15,2700,0,98550
TVSMOTOR-II.NFO,07/01/2020,11:02:30,429,428.95,1350,430.15,2700,0,98550
TVSMOTOR-II.NFO,07/01/2020,11:02:32,429,428.7,1350,430.15,2700,0,98550
TVSMOTOR-II.NFO,07/01/2020,11:02:34,429,428.75,4050,430.15,2700,0,98550
TVSMOTOR-II.NFO,07/01/2020,11:02:36,429,428.9,1350,430.15,4050,0,98550
TVSMOTOR-II.NFO,07/01/2020,11:02:37,429,429,1350,430.15,4050,0,98550
TVSMOTOR-II.NFO,07/01/2020,11:02:40,429,428.85,1350,430.15,4050,0,98550
TVSMOTOR-II.NFO,07/01/2020,11:02:41,429,428.8,1350,430,2700,0,98550
TVSMOTOR-II.NFO,07/01/2020,11:02:41,429,428.85,1350,430,2700,0,98550
TVSMOTOR-II.NFO,07/01/2020,11:02:43,429,428.7,2700,430,2700,0,98550
TVSMOTOR-II.NFO,07/01/2020,11:02:44,429,428.8,2700,430.1,2700,0,98550
TVSMOTOR-II.NFO,07/01/2020,11:02:45,429,428.9,2700,430.1,2700,0,98550
TVSMOTOR-II.NFO,07/01/2020,11:02:47,429,428.7,2700,430.1,4050,0,98550
TVSMOTOR-II.NFO,07/01/2020,11:02:51,429,428.7,2700,430,1350,0,98550
TVSMOTOR-II.NFO,07/01/2020,11:02:52,429,428.7,2700,429.95,2700,0,98550
TVSMOTOR-II.NFO,07/01/2020,11:02:54,429,428.8,2700,429.95,2700,0,98550
TVSMOTOR-II.NFO,07/01/2020,11:02:55,429,428.75,1350,429.95,2700,0,98550
TVSMOTOR-II.NFO,07/01/2020,11:02:56,429,428.85,1350,429.95,2700,0,98550
TVSMOTOR-II.NFO,07/01/2020,11:02:57,429,429,1350,429.95,2700,0,98550
TVSMOTOR-II.NFO,07/01/2020,11:02:58,429,428.8,1350,429.95,2700,0,98550
TVSMOTOR-II.NFO,07/01/2020,11:02:59,429,428.85,1350,429.95,2700,0,98550
TVSMOTOR-II.NFO,07/01/2020,11:03:00,429,428.7,2700,430,2700,0,98550
TVSMOTOR-II.NFO,07/01/2020,11:03:02,429,428.85,1350,430,2700,0,98550
TVSMOTOR-II.NFO,07/01/2020,11:03:03,429,428.8,2700,430,2700,0,98550
TVSMOTOR-II.NFO,07/01/2020,11:03:06,429,428.8,2700,430,4050,0,98550
TVSMOTOR-II.NFO,07/01/2020,11:03:08,429,428.6,2700,429.6,1350,0,98550
TVSMOTOR-II.NFO,07/01/2020,11:03:09,429,428.4,2700,429.7,1350,0,98550
TVSMOTOR-II.NFO,07/01/2020,11:03:10,429,428.35,2700,429.6,1350,0,98550
TVSMOTOR-II.NFO,07/01/2020,11:03:16,429,428.7,1350,429.75,1350,0,98550
TVSMOTOR-II.NFO,07/01/2020,11:03:22,429,428.55,2700,429.95,2700,0,98550
TVSMOTOR-II.NFO,07/01/2020,11:03:28,429,428.8,1350,430,2700,0,98550
TVSMOTOR-II.NFO,07/01/2020,11:03:34,429,428.75,1350,429.9,2700,0,98550
TVSMOTOR-II.NFO,07/01/2020,11:03:40,429,428.4,1350,429.75,1350,0,98550
TVSMOTOR-II.NFO,07/01/2020,11:03:48,429,428.65,1350,429.9,1350,0,98550
TVSMOTOR-II.NFO,07/01/2020,11:03:54,429,428.45,1350,429.9,2700,0,98550
TVSMOTOR-II.NFO,07/01/2020,11:04:01,429,428.75,2700,429.9,2700,0,98550
TVSMOTOR-II.NFO,07/01/2020,11:04:08,429,428.45,1350,429.8,2700,0,98550
TVSMOTOR-II.NFO,07/01/2020,11:04:12,429,428.65,1350,429.8,1350,0,98550
TVSMOTOR-II.NFO,07/01/2020,11:04:13,429,428.6,1350,429.8,1350,0,98550
TVSMOTOR-II.NFO,07/01/2020,11:04:14,429,428.45,1350,429.9,1350,0,98550
TVSMOTOR-II.NFO,07/01/2020,11:04:15,429,428.6,1350,429.8,1350,0,98550
TVSMOTOR-II.NFO,07/01/2020,11:04:16,429,428.7,1350,429.8,1350,0,98550
TVSMOTOR-II.NFO,07/01/2020,11:04:18,429,428.8,1350,429.8,1350,0,98550
TVSMOTOR-II.NFO,07/01/2020,11:04:25,429,428.85,1350,429.95,2700,0,98550
TVSMOTOR-II.NFO,07/01/2020,11:04:26,429,428.8,1350,429.95,2700,0,98550
TVSMOTOR-II.NFO,07/01/2020,11:04:27,429,428.85,1350,429.95,2700,0,98550
TVSMOTOR-II.NFO,07/01/2020,11:04:30,429,428.95,1350,430.05,1350,0,98550
TVSMOTOR-II.NFO,07/01/2020,11:04:31,429,428.95,1350,429.95,2700,0,98550
TVSMOTOR-II.NFO,07/01/2020,11:04:32,429,428.85,1350,429.95,4050,0,98550
TVSMOTOR-II.NFO,07/01/2020,11:04:35,429,428.4,1350,429.85,2700,0,98550
TVSMOTOR-II.NFO,07/01/2020,11:04:36,429,428.6,1350,429.85,2700,0,98550
TVSMOTOR-II.NFO,07/01/2020,11:04:36,429,428.55,1350,429.85,2700,0,98550
TVSMOTOR-II.NFO,07/01/2020,11:04:39,429,428.45,2700,429.9,2700,0,98550
TVSMOTOR-II.NFO,07/01/2020,11:04:40,429,428.5,1350,429.9,4050,0,98550
TVSMOTOR-II.NFO,07/01/2020,11:04:41,429,428.45,1350,429.9,2700,0,98550
TVSMOTOR-II.NFO,07/01/2020,11:04:42,429,428.7,1350,429.9,2700,0,98550
TVSMOTOR-II.NFO,07/01/2020,11:04:43,429,428.65,1350,429.9,2700,0,98550
TVSMOTOR-II.NFO,07/01/2020,11:04:44,429,428.75,1350,429.9,2700,0,98550
TVSMOTOR-II.NFO,07/01/2020,11:04:45,429,428.55,1350,429.9,4050,0,98550
TVSMOTOR-II.NFO,07/01/2020,11:04:46,429,428.35,1350,429.8,2700,0,98550
TVSMOTOR-II.NFO,07/01/2020,11:04:46,429,428.5,1350,429.75,2700,0,98550
TVSMOTOR-II.NFO,07/01/2020,11:04:47,429,428.35,2700,429.75,2700,0,98550
TVSMOTOR-II.NFO,07/01/2020,11:04:50,429,428.55,1350,429.75,2700,0,98550
TVSMOTOR-II.NFO,07/01/2020,11:04:51,429,428.5,1350,429.75,2700,0,98550
TVSMOTOR-II.NFO,07/01/2020,11:04:52,429,428.65,1350,430,4050,0,98550
TVSMOTOR-II.NFO,07/01/2020,11:04:53,429,428.95,1350,430,4050,0,98550
TVSMOTOR-II.NFO,07/01/2020,11:04:54,429,428.7,1350,429.75,1350,0,98550
TVSMOTOR-II.NFO,07/01/2020,11:04:55,429,428.55,1350,429.75,1350,0,98550
TVSMOTOR-II.NFO,07/01/2020,11:04:56,429,428.5,1350,429.9,1350,0,98550
TVSMOTOR-II.NFO,07/01/2020,11:04:57,429,428.7,1350,429.8,1350,0,98550
TVSMOTOR-II.NFO,07/01/2020,11:04:58,429,428.5,2700,430,2700,0,98550
TVSMOTOR-II.NFO,07/01/2020,11:04:59,429,428.6,1350,429.6,1350,0,98550
TVSMOTOR-II.NFO,07/01/2020,11:05:00,429,428.7,1350,429.6,1350,0,98550
TVSMOTOR-II.NFO,07/01/2020,11:05:01,429,428.7,1350,429.55,1350,0,98550
TVSMOTOR-II.NFO,07/01/2020,11:05:04,429,428.6,1350,429.8,1350,0,98550
TVSMOTOR-II.NFO,07/01/2020,11:05:05,429,428.7,1350,429.7,2700,0,98550
TVSMOTOR-II.NFO,07/01/2020,11:05:06,429,428.7,1350,429.5,1350,0,98550
TVSMOTOR-II.NFO,07/01/2020,11:05:06,429,428.8,1350,429.65,2700,0,98550
TVSMOTOR-II.NFO,07/01/2020,11:05:07,429,428.7,1350,429.6,1350,0,98550
TVSMOTOR-II.NFO,07/01/2020,11:05:10,429,428.7,1350,429.5,2700,0,98550
TVSMOTOR-II.NFO,07/01/2020,11:05:11,429,428.75,1350,429.5,2700,0,98550
TVSMOTOR-II.NFO,07/01/2020,11:05:13,429,428.65,1350,429.5,2700,0,98550
TVSMOTOR-II.NFO,07/01/2020,11:05:14,429,428.7,1350,429.6,1350,0,98550
TVSMOTOR-II.NFO,07/01/2020,11:05:15,429,428.6,1350,429.65,1350,0,98550
TVSMOTOR-II.NFO,07/01/2020,11:05:16,429,428.8,1350,429.7,2700,0,98550
TVSMOTOR-II.NFO,07/01/2020,11:05:17,429,428.7,1350,429.7,2700,0,98550
TVSMOTOR-II.NFO,07/01/2020,11:05:18,429,428.8,1350,429.7,2700,0,98550
TVSMOTOR-II.NFO,07/01/2020,11:05:19,429,428.65,1350,429.7,2700,0,98550
TVSMOTOR-II.NFO,07/01/2020,11:05:28,429,428.75,1350,429.7,2700,0,98550
TVSMOTOR-II.NFO,07/01/2020,11:05:29,429,428.8,1350,429.7,2700,0,98550
TVSMOTOR-II.NFO,07/01/2020,11:05:31,429,428.45,1350,429.7,2700,0,98550
TVSMOTOR-II.NFO,07/01/2020,11:05:32,429,428.5,1350,429.7,2700,0,98550
TVSMOTOR-II.NFO,07/01/2020,11:05:33,429,428.55,1350,429.7,2700,0,98550
TVSMOTOR-II.NFO,07/01/2020,11:05:34,429,428.7,1350,429.7,2700,0,98550
TVSMOTOR-II.NFO,07/01/2020,11:05:35,429,428.9,1350,429.7,2700,0,98550
TVSMOTOR-II.NFO,07/01/2020,11:05:36,429,428.45,1350,429.7,2700,0,98550
TVSMOTOR-II.NFO,07/01/2020,11:05:37,429,428.5,1350,429.7,2700,0,98550
TVSMOTOR-II.NFO,07/01/2020,11:05:39,429,428.4,1350,429.7,2700,0,98550
TVSMOTOR-II.NFO,07/01/2020,11:05:40,429,428.7,1350,429.7,2700,0,98550
TVSMOTOR-II.NFO,07/01/2020,11:05:41,429,428.55,1350,429.7,2700,0,98550
TVSMOTOR-II.NFO,07/01/2020,11:05:43,429,428.65,1350,429.7,2700,0,98550
TVSMOTOR-II.NFO,07/01/2020,11:05:46,429,428.75,1350,429.7,2700,0,98550
TVSMOTOR-II.NFO,07/01/2020,11:05:46,429,428.85,1350,429.7,2700,0,98550
TVSMOTOR-II.NFO,07/01/2020,11:05:48,429,428.55,1350,429.7,2700,0,98550
TVSMOTOR-II.NFO,07/01/2020,11:05:49,429,428.65,1350,429.7,2700,0,98550
TVSMOTOR-II.NFO,07/01/2020,11:05:49,429,428.8,1350,429.7,2700,0,98550
TVSMOTOR-II.NFO,07/01/2020,11:05:51,429,429.15,1350,430.1,1350,0,98550
TVSMOTOR-II.NFO,07/01/2020,11:05:51,429,429.1,1350,430,2700,0,98550
TVSMOTOR-II.NFO,07/01/2020,11:05:55,429,429.05,1350,430,2700,0,98550
TVSMOTOR-II.NFO,07/01/2020,11:05:57,429,429,1350,430,2700,0,98550
TVSMOTOR-II.NFO,07/01/2020,11:05:58,429,429.15,1350,430,2700,0,98550
TVSMOTOR-II.NFO,07/01/2020,11:05:58,429,429.25,1350,430,2700,0,98550
TVSMOTOR-II.NFO,07/01/2020,11:06:05,429,429.25,1350,430.5,1350,0,98550
TVSMOTOR-II.NFO,07/01/2020,11:06:06,429,429.45,1350,430.35,2700,0,98550
TVSMOTOR-II.NFO,07/01/2020,11:06:07,429,429.4,1350,430.35,2700,0,98550
TVSMOTOR-II.NFO,07/01/2020,11:06:08,429,429.35,1350,430.35,2700,0,98550
TVSMOTOR-II.NFO,07/01/2020,11:06:09,429,429.5,1350,430.35,2700,0,98550
TVSMOTOR-II.NFO,07/01/2020,11:06:10,429,429.35,2700,430.35,2700,0,98550
TVSMOTOR-II.NFO,07/01/2020,11:06:11,429,429.3,1350,430.35,2700,0,98550
TVSMOTOR-II.NFO,07/01/2020,11:06:21,429,429.2,2700,430.35,2700,0,98550
TVSMOTOR-II.NFO,07/01/2020,11:06:28,429,429.45,1350,430.6,2700,0,98550
TVSMOTOR-II.NFO,07/01/2020,11:06:39,429,429.25,1350,430.6,2700,0,98550
TVSMOTOR-II.NFO,07/01/2020,11:06:44,429,429.4,1350,430.6,2700,0,98550
TVSMOTOR-II.NFO,07/01/2020,11:06:49,429,429.3,1350,430.5,2700,0,98550
TVSMOTOR-II.NFO,07/01/2020,11:06:54,429,429.15,2700,430.5,2700,0,98550
TVSMOTOR-II.NFO,07/01/2020,11:07:00,429,429.35,2700,430.5,2700,0,98550
TVSMOTOR-II.NFO,07/01/2020,11:07:06,429,429.15,1350,430.5,2700,0,98550
TVSMOTOR-II.NFO,07/01/2020,11:07:11,429,429.3,1350,430.4,2700,0,98550
TVSMOTOR-II.NFO,07/01/2020,11:07:16,429,429.2,1350,430.4,2700,0,98550
TVSMOTOR-II.NFO,07/01/2020,11:07:22,429,429.15,2700,430.4,2700,0,98550
TVSMOTOR-II.NFO,07/01/2020,11:07:27,429,429.4,1350,430.4,2700,0,98550
TVSMOTOR-II.NFO,07/01/2020,11:07:32,429,429.35,1350,430.4,2700,0,98550
TVSMOTOR-II.NFO,07/01/2020,11:07:37,429,429.35,2700,430.4,2700,0,98550
TVSMOTOR-II.NFO,07/01/2020,11:08:06,429,429,1350,430.3,2700,0,98550
TVSMOTOR-II.NFO,07/01/2020,11:08:11,429,429.05,1350,430.3,4050,0,98550
TVSMOTOR-II.NFO,07/01/2020,11:08:16,429,429.1,4050,430.3,2700,0,98550
TVSMOTOR-II.NFO,07/01/2020,11:08:21,429,429.35,1350,430.35,2700,0,98550
TVSMOTOR-II.NFO,07/01/2020,11:08:26,429,429.5,1350,430.4,2700,0,98550
TVSMOTOR-II.NFO,07/01/2020,11:08:32,429,429.4,1350,430.4,2700,0,98550
TVSMOTOR-II.NFO,07/01/2020,11:08:37,429,429.35,1350,430.4,2700,0,98550
TVSMOTOR-II.NFO,07/01/2020,11:08:47,429,429.4,1350,430.4,2700,0,98550
TVSMOTOR-II.NFO,07/01/2020,11:08:51,429,429.5,1350,430.4,2700,0,98550
TVSMOTOR-II.NFO,07/01/2020,11:08:55,429,429.35,1350,430.4,2700,0,98550
TVSMOTOR-II.NFO,07/01/2020,11:08:59,429,429.2,1350,430.3,2700,0,98550
TVSMOTOR-II.NFO,07/01/2020,11:09:04,429,429.45,1350,430.3,2700,0,98550
TVSMOTOR-II.NFO,07/01/2020,11:09:08,429,429.4,1350,430.3,2700,0,98550
TVSMOTOR-II.NFO,07/01/2020,11:09:12,429,429.55,1350,430.3,2700,0,98550
TVSMOTOR-II.NFO,07/01/2020,11:09:13,429,429.45,1350,430.3,2700,0,98550
TVSMOTOR-II.NFO,07/01/2020,11:09:14,429,429.45,1350,430.3,4050,0,98550
TVSMOTOR-II.NFO,07/01/2020,11:09:17,429,429.2,1350,430.3,4050,0,98550
TVSMOTOR-II.NFO,07/01/2020,11:09:18,429,429.25,1350,430.3,4050,0,98550
TVSMOTOR-II.NFO,07/01/2020,11:09:21,429,429.35,1350,430.3,4050,0,98550
TVSMOTOR-II.NFO,07/01/2020,11:09:22,429,429.15,4050,430.3,4050,0,98550
TVSMOTOR-II.NFO,07/01/2020,11:09:22,429,429.15,2700,430.3,4050,0,98550
TVSMOTOR-II.NFO,07/01/2020,11:09:24,429,429.15,4050,430.3,4050,0,98550
TVSMOTOR-II.NFO,07/01/2020,11:09:25,429,429.3,1350,430.3,4050,0,98550
TVSMOTOR-II.NFO,07/01/2020,11:09:26,429,429.15,1350,430.3,4050,0,98550
TVSMOTOR-II.NFO,07/01/2020,11:09:27,429,429.3,1350,430.3,4050,0,98550
