Ticker,Date,Time,LTP,BuyPrice,BuyQty,SellPrice,SellQty,LTQ,OpenInterest
UJJIVAN-II.NFO,07/01/2020,09:16:00,340,339.15,1700,341.05,1700,1700,69700
UJJIVAN-II.NFO,07/01/2020,09:16:00,340,339.15,1700,341.05,1700,0,69700
UJJIVAN-II.NFO,07/01/2020,09:16:00,340,339.15,1700,341.05,1700,0,69700
UJJIVAN-II.NFO,07/01/2020,09:16:00,340,339.15,1700,341.05,1700,0,69700
UJJIVAN-II.NFO,07/01/2020,09:16:12,340,340,1700,341.8,3400,0,69700
UJJIVAN-II.NFO,07/01/2020,09:16:23,340,339.25,3400,341.2,1700,0,69700
UJJIVAN-II.NFO,07/01/2020,09:16:34,340,339.75,1700,341.4,1700,0,69700
UJJIVAN-II.NFO,07/01/2020,09:16:43,340,340,1700,341.6,3400,0,69700
UJJIVAN-II.NFO,07/01/2020,09:16:53,340,339.75,1700,340.8,1700,0,69700
UJJIVAN-II.NFO,07/01/2020,09:17:03,340,339.85,1700,340.85,1700,0,69700
UJJIVAN-II.NFO,07/01/2020,09:17:12,340.85,339.45,1700,341.1,1700,1700,68000
UJJIVAN-II.NFO,07/01/2020,09:17:12,340.85,339.45,1700,341.1,1700,0,68000
UJJIVAN-II.NFO,07/01/2020,09:17:22,339.75,339.5,1700,341,1700,1700,68000
UJJIVAN-II.NFO,07/01/2020,09:17:22,339.75,339.5,1700,341,1700,0,68000
UJJIVAN-II.NFO,07/01/2020,09:17:32,339.75,338.85,3400,340.65,1700,0,68000
UJJIVAN-II.NFO,07/01/2020,09:17:43,339.75,338.95,1700,340.8,1700,0,68000
UJJIVAN-II.NFO,07/01/2020,09:17:53,339.75,338.55,3400,340.7,1700,0,68000
UJJIVAN-II.NFO,07/01/2020,09:18:03,339.75,338.6,1700,340.1,1700,0,68000
UJJIVAN-II.NFO,07/01/2020,09:18:12,339.75,338.95,1700,340.4,1700,0,68000
UJJIVAN-II.NFO,07/01/2020,09:18:30,339.75,339.15,1700,340.8,5100,0,68000
UJJIVAN-II.NFO,07/01/2020,09:18:39,339.75,338.8,1700,340.3,1700,0,68000
UJJIVAN-II.NFO,07/01/2020,09:18:48,339.75,338.7,1700,340.3,3400,0,68000
UJJIVAN-II.NFO,07/01/2020,09:18:57,339.75,338.55,3400,340,3400,0,68000
UJJIVAN-II.NFO,07/01/2020,09:19:06,339.75,338.55,3400,339.75,1700,0,68000
UJJIVAN-II.NFO,07/01/2020,09:19:15,339.75,339,1700,340.3,1700,0,68000
UJJIVAN-II.NFO,07/01/2020,09:19:23,339.75,339.05,1700,340.65,1700,0,68000
UJJIVAN-II.NFO,07/01/2020,09:19:32,339.75,338.9,1700,340.35,1700,0,68000
UJJIVAN-II.NFO,07/01/2020,09:19:40,339.75,338.8,1700,340.05,1700,0,68000
UJJIVAN-II.NFO,07/01/2020,09:19:48,339.75,338.65,3400,340.4,1700,0,68000
UJJIVAN-II.NFO,07/01/2020,09:19:56,339.75,339,1700,340.35,1700,0,68000
UJJIVAN-II.NFO,07/01/2020,09:20:04,339.75,338.9,1700,340.55,1700,0,68000
UJJIVAN-II.NFO,07/01/2020,09:20:12,339.75,339,3400,340.4,1700,0,68000
UJJIVAN-II.NFO,07/01/2020,09:20:19,339.75,339,3400,340.6,1700,0,68000
UJJIVAN-II.NFO,07/01/2020,09:20:27,339.75,338.95,1700,340.4,1700,0,68000
UJJIVAN-II.NFO,07/01/2020,09:20:35,339.75,338.7,3400,340.1,1700,0,68000
UJJIVAN-II.NFO,07/01/2020,09:20:50,339.75,338.7,5100,340.55,1700,0,68000
UJJIVAN-II.NFO,07/01/2020,09:20:57,339.75,338.7,5100,340.25,1700,0,68000
UJJIVAN-II.NFO,07/01/2020,09:21:05,339.75,338.7,5100,340.65,1700,0,68000
UJJIVAN-II.NFO,07/01/2020,09:21:14,339.75,338.7,5100,340.45,1700,0,68000
UJJIVAN-II.NFO,07/01/2020,09:21:22,339.75,338.95,5100,340.8,1700,0,68000
UJJIVAN-II.NFO,07/01/2020,09:21:45,339.75,339.05,3400,340.75,1700,0,68000
UJJIVAN-II.NFO,07/01/2020,09:21:53,339.75,339.85,1700,340.6,1700,0,68000
UJJIVAN-II.NFO,07/01/2020,09:22:01,339.75,339.6,1700,340.6,1700,0,68000
UJJIVAN-II.NFO,07/01/2020,09:22:09,339.75,340,3400,341.55,3400,0,68000
UJJIVAN-II.NFO,07/01/2020,09:22:17,339.75,340.4,1700,341.4,1700,0,68000
UJJIVAN-II.NFO,07/01/2020,09:22:25,339.75,340.1,5100,341.2,3400,0,68000
UJJIVAN-II.NFO,07/01/2020,09:22:32,339.75,340.1,5100,341.5,1700,0,68000
UJJIVAN-II.NFO,07/01/2020,09:22:39,339.75,340.1,5100,341.65,1700,0,68000
UJJIVAN-II.NFO,07/01/2020,09:22:46,339.75,340.1,3400,341.35,3400,0,68000
UJJIVAN-II.NFO,07/01/2020,09:23:08,339.75,339.9,5100,341.9,3400,0,68000
UJJIVAN-II.NFO,07/01/2020,09:23:16,339.75,340.5,1700,341.35,3400,0,68000
UJJIVAN-II.NFO,07/01/2020,09:23:23,339.75,340.35,1700,341.2,3400,0,68000
UJJIVAN-II.NFO,07/01/2020,09:23:29,339.75,340.3,1700,341.2,3400,0,68000
UJJIVAN-II.NFO,07/01/2020,09:23:35,339.75,340.05,1700,341.2,3400,0,68000
UJJIVAN-II.NFO,07/01/2020,09:23:41,339.75,339.8,1700,341.2,3400,0,68000
UJJIVAN-II.NFO,07/01/2020,09:23:48,339.75,339.9,1700,341.2,3400,0,68000
UJJIVAN-II.NFO,07/01/2020,09:23:54,339.75,339.75,3400,341.2,3400,0,68000
UJJIVAN-II.NFO,07/01/2020,09:24:01,339.75,340.15,1700,341.2,3400,0,68000
UJJIVAN-II.NFO,07/01/2020,09:24:08,339.75,340.35,1700,341.2,3400,0,68000
UJJIVAN-II.NFO,07/01/2020,09:24:15,339.75,340.15,1700,341.5,1700,0,68000
UJJIVAN-II.NFO,07/01/2020,09:24:22,339.75,340.4,1700,341.65,1700,0,68000
UJJIVAN-II.NFO,07/01/2020,09:24:29,339.75,340,3400,341.2,3400,0,68000
UJJIVAN-II.NFO,07/01/2020,09:24:36,339.75,339.9,1700,341.05,1700,0,68000
UJJIVAN-II.NFO,07/01/2020,09:24:42,339.75,339.95,1700,341.25,1700,0,68000
UJJIVAN-II.NFO,07/01/2020,09:24:48,339.75,340.05,1700,341.05,1700,0,68000
UJJIVAN-II.NFO,07/01/2020,09:24:54,339.75,339.95,1700,340.65,1700,0,68000
UJJIVAN-II.NFO,07/01/2020,09:25:01,339.75,339.95,1700,341.4,1700,0,68000
UJJIVAN-II.NFO,07/01/2020,09:25:08,339.75,340.2,1700,341.1,3400,0,68000
UJJIVAN-II.NFO,07/01/2020,09:25:16,339.75,340.2,1700,341.6,1700,0,68000
UJJIVAN-II.NFO,07/01/2020,09:25:23,339.75,340.4,1700,341.3,1700,0,68000
UJJIVAN-II.NFO,07/01/2020,09:25:29,339.75,340.55,1700,341.5,1700,0,68000
UJJIVAN-II.NFO,07/01/2020,09:25:37,339.75,340.25,3400,341.9,1700,0,68000
UJJIVAN-II.NFO,07/01/2020,09:25:44,339.75,340.75,1700,341.6,3400,0,68000
UJJIVAN-II.NFO,07/01/2020,09:25:58,339.75,340.4,1700,341.6,3400,0,68000
UJJIVAN-II.NFO,07/01/2020,09:26:08,339.75,340.6,1700,341.6,3400,0,68000
UJJIVAN-II.NFO,07/01/2020,09:26:16,339.75,340.6,1700,341.35,1700,0,68000
UJJIVAN-II.NFO,07/01/2020,09:26:28,339.75,340.6,1700,341.25,3400,0,68000
UJJIVAN-II.NFO,07/01/2020,09:26:35,339.75,340.45,3400,341.7,3400,0,68000
UJJIVAN-II.NFO,07/01/2020,09:26:48,339.75,340.2,1700,341.25,3400,0,68000
UJJIVAN-II.NFO,07/01/2020,09:26:54,339.75,340.05,1700,341.25,3400,0,68000
UJJIVAN-II.NFO,07/01/2020,09:26:59,339.75,340,5100,341.25,3400,0,68000
UJJIVAN-II.NFO,07/01/2020,09:28:09,339.75,340,5100,341.3,3400,0,68000
UJJIVAN-II.NFO,07/01/2020,09:28:23,339.75,339.95,1700,340.85,3400,0,68000
UJJIVAN-II.NFO,07/01/2020,09:28:29,339.75,339.85,1700,340.85,1700,0,68000
UJJIVAN-II.NFO,07/01/2020,09:28:35,339.75,339.75,1700,340.75,1700,0,68000
UJJIVAN-II.NFO,07/01/2020,09:28:41,339.75,339.75,1700,341,1700,0,68000
UJJIVAN-II.NFO,07/01/2020,09:28:46,339.75,339.65,3400,340.95,1700,0,68000
UJJIVAN-II.NFO,07/01/2020,09:28:52,339.75,339.85,3400,341.15,3400,0,68000
UJJIVAN-II.NFO,07/01/2020,09:28:58,339.75,340.05,1700,341.15,3400,0,68000
UJJIVAN-II.NFO,07/01/2020,09:29:04,339.75,340.2,1700,341.35,1700,0,68000
UJJIVAN-II.NFO,07/01/2020,09:29:22,339.75,340.15,1700,341.5,1700,0,68000
UJJIVAN-II.NFO,07/01/2020,09:29:29,339.75,340.35,1700,341.3,3400,0,68000
UJJIVAN-II.NFO,07/01/2020,09:29:35,339.75,340.4,1700,341.3,3400,0,68000
UJJIVAN-II.NFO,07/01/2020,09:29:41,339.75,340.35,1700,341.3,3400,0,68000
UJJIVAN-II.NFO,07/01/2020,09:29:48,339.75,340.4,1700,341.3,3400,0,68000
UJJIVAN-II.NFO,07/01/2020,09:29:53,339.75,340.25,1700,341.3,3400,0,68000
UJJIVAN-II.NFO,07/01/2020,09:29:58,339.75,340.35,1700,341.3,3400,0,68000
UJJIVAN-II.NFO,07/01/2020,09:30:03,339.75,340.4,1700,341.3,3400,0,68000
UJJIVAN-II.NFO,07/01/2020,09:30:09,339.75,340.5,1700,341.3,3400,0,68000
UJJIVAN-II.NFO,07/01/2020,09:30:15,339.75,340.25,1700,341.3,3400,0,68000
UJJIVAN-II.NFO,07/01/2020,09:30:21,339.75,340.65,1700,341.5,3400,0,68000
UJJIVAN-II.NFO,07/01/2020,09:30:37,339.75,340.85,1700,341.85,1700,0,68000
UJJIVAN-II.NFO,07/01/2020,09:30:43,339.75,341.1,1700,341.7,1700,0,68000
UJJIVAN-II.NFO,07/01/2020,09:30:53,339.75,341.2,1700,342,1700,0,68000
UJJIVAN-II.NFO,07/01/2020,09:31:09,339.75,341.2,1700,341.8,1700,0,68000
UJJIVAN-II.NFO,07/01/2020,09:31:15,339.75,341,1700,342.1,3400,0,68000
UJJIVAN-II.NFO,07/01/2020,09:31:21,339.75,341.4,1700,342.1,3400,0,68000
UJJIVAN-II.NFO,07/01/2020,09:31:27,339.75,341.15,1700,342.05,3400,0,68000
UJJIVAN-II.NFO,07/01/2020,09:31:33,339.75,341.05,1700,342.05,3400,0,68000
UJJIVAN-II.NFO,07/01/2020,09:31:38,339.75,341.05,1700,342.1,3400,0,68000
UJJIVAN-II.NFO,07/01/2020,09:31:44,339.75,341.25,1700,342.1,3400,0,68000
UJJIVAN-II.NFO,07/01/2020,09:31:49,339.75,341,3400,342.1,1700,0,68000
UJJIVAN-II.NFO,07/01/2020,09:31:55,341.4,341.15,1700,342.5,3400,1700,69700
UJJIVAN-II.NFO,07/01/2020,09:31:55,341.4,341.15,1700,342.5,3400,0,69700
UJJIVAN-II.NFO,07/01/2020,09:32:01,341.4,341.05,3400,342.5,3400,0,69700
UJJIVAN-II.NFO,07/01/2020,09:32:07,341.4,341.05,5100,342.55,3400,0,69700
UJJIVAN-II.NFO,07/01/2020,09:32:28,341.4,341.05,5100,342.85,1700,0,69700
UJJIVAN-II.NFO,07/01/2020,09:32:34,341.4,341.05,5100,342.55,3400,0,69700
UJJIVAN-II.NFO,07/01/2020,09:32:41,341.4,341.05,3400,342.55,3400,0,69700
UJJIVAN-II.NFO,07/01/2020,09:32:47,341.4,341.05,5100,342.7,1700,0,69700
UJJIVAN-II.NFO,07/01/2020,09:32:53,341.4,341.05,5100,342.35,1700,0,69700
UJJIVAN-II.NFO,07/01/2020,09:32:59,341.4,341.05,5100,342.15,1700,0,69700
UJJIVAN-II.NFO,07/01/2020,09:33:04,341.4,341.05,5100,342.55,1700,0,69700
UJJIVAN-II.NFO,07/01/2020,09:33:11,341.4,340.85,3400,341.8,1700,0,69700
UJJIVAN-II.NFO,07/01/2020,09:33:17,341.4,340.85,3400,342,1700,0,69700
UJJIVAN-II.NFO,07/01/2020,09:33:23,341.4,340.6,1700,342,1700,0,69700
UJJIVAN-II.NFO,07/01/2020,09:33:30,341.4,340.7,1700,341.95,3400,0,69700
UJJIVAN-II.NFO,07/01/2020,09:33:35,341.4,340.8,1700,341.95,3400,0,69700
UJJIVAN-II.NFO,07/01/2020,09:33:40,341.4,340.95,1700,342.15,1700,0,69700
UJJIVAN-II.NFO,07/01/2020,09:33:46,341.4,340.7,1700,341.7,1700,0,69700
UJJIVAN-II.NFO,07/01/2020,09:33:51,341.4,340.8,1700,341.85,1700,0,69700
UJJIVAN-II.NFO,07/01/2020,09:33:57,341.4,340.95,1700,341.95,1700,0,69700
UJJIVAN-II.NFO,07/01/2020,09:34:02,341.4,340.95,1700,342.05,1700,0,69700
UJJIVAN-II.NFO,07/01/2020,09:34:07,341.4,340.75,1700,342.3,1700,0,69700
UJJIVAN-II.NFO,07/01/2020,09:34:13,341.4,340.75,1700,341.95,1700,0,69700
UJJIVAN-II.NFO,07/01/2020,09:34:19,341.4,340.9,1700,341.95,1700,0,69700
UJJIVAN-II.NFO,07/01/2020,09:34:25,341.4,340.95,1700,342.05,1700,0,69700
UJJIVAN-II.NFO,07/01/2020,09:34:31,341.4,340.5,3400,341.9,1700,0,69700
UJJIVAN-II.NFO,07/01/2020,09:34:44,341.4,340.5,3400,341.95,1700,0,69700
UJJIVAN-II.NFO,07/01/2020,09:35:00,341.4,340.5,5100,341.55,1700,0,69700
UJJIVAN-II.NFO,07/01/2020,09:35:06,341.4,340.5,5100,342.1,1700,0,69700
UJJIVAN-II.NFO,07/01/2020,09:35:11,341.4,340.5,5100,341.85,1700,0,69700
UJJIVAN-II.NFO,07/01/2020,09:35:17,341.4,340.5,5100,341.55,1700,0,69700
UJJIVAN-II.NFO,07/01/2020,09:35:22,341.4,340.5,5100,341.65,1700,0,69700
UJJIVAN-II.NFO,07/01/2020,09:35:28,341.4,340.5,5100,342.05,1700,0,69700
UJJIVAN-II.NFO,07/01/2020,09:35:33,341.4,340.5,3400,342,1700,0,69700
UJJIVAN-II.NFO,07/01/2020,09:35:40,341.4,340.5,3400,341.4,1700,0,69700
UJJIVAN-II.NFO,07/01/2020,09:35:48,341.4,340.5,3400,341.7,1700,0,69700
UJJIVAN-II.NFO,07/01/2020,09:35:56,341.4,340.5,3400,342,1700,0,69700
UJJIVAN-II.NFO,07/01/2020,09:36:03,341.4,340.5,5100,341.9,3400,0,69700
UJJIVAN-II.NFO,07/01/2020,09:36:09,341.4,340.5,3400,341.9,3400,0,69700
UJJIVAN-II.NFO,07/01/2020,09:36:16,341.4,340.5,5100,341.9,3400,0,69700
UJJIVAN-II.NFO,07/01/2020,09:38:01,341.4,340.5,3400,342.35,1700,0,69700
UJJIVAN-II.NFO,07/01/2020,09:38:07,341.4,340.5,3400,342.25,1700,0,69700
UJJIVAN-II.NFO,07/01/2020,09:38:17,341.4,340.5,3400,342.6,3400,0,69700
UJJIVAN-II.NFO,07/01/2020,09:38:22,341.4,340.5,3400,342.65,1700,0,69700
UJJIVAN-II.NFO,07/01/2020,09:38:27,341.4,340.6,3400,342.65,3400,0,69700
UJJIVAN-II.NFO,07/01/2020,09:38:35,341.4,340.8,3400,342.7,3400,0,69700
UJJIVAN-II.NFO,07/01/2020,09:38:40,341.4,340.8,3400,342.75,1700,0,69700
UJJIVAN-II.NFO,07/01/2020,09:39:01,341.4,340.8,3400,342.65,1700,0,69700
UJJIVAN-II.NFO,07/01/2020,09:39:06,341.4,340.8,3400,342.55,1700,0,69700
UJJIVAN-II.NFO,07/01/2020,09:39:16,341.4,340.8,3400,342.45,1700,0,69700
UJJIVAN-II.NFO,07/01/2020,09:39:22,341.4,340.8,3400,342.75,1700,0,69700
UJJIVAN-II.NFO,07/01/2020,09:39:27,341.4,340.8,3400,342.65,1700,0,69700
UJJIVAN-II.NFO,07/01/2020,09:39:32,341.4,340.8,3400,342.55,1700,0,69700
UJJIVAN-II.NFO,07/01/2020,09:39:48,341.4,340.8,3400,342.45,1700,0,69700
UJJIVAN-II.NFO,07/01/2020,09:40:09,341.4,341.1,1700,343,1700,0,69700
UJJIVAN-II.NFO,07/01/2020,09:40:16,341.4,341.1,1700,342.9,3400,0,69700
UJJIVAN-II.NFO,07/01/2020,09:40:22,341.4,341.1,1700,342.65,1700,0,69700
UJJIVAN-II.NFO,07/01/2020,09:40:27,341.4,341.1,1700,342.55,1700,0,69700
UJJIVAN-II.NFO,07/01/2020,09:40:33,341.4,340.55,1700,342.35,1700,0,69700
UJJIVAN-II.NFO,07/01/2020,09:40:39,341.4,340.7,3400,342.25,1700,0,69700
UJJIVAN-II.NFO,07/01/2020,09:40:50,341.4,340.7,3400,342.45,1700,0,69700
UJJIVAN-II.NFO,07/01/2020,09:40:55,341.4,340.7,3400,342.55,1700,0,69700
UJJIVAN-II.NFO,07/01/2020,09:41:00,341.4,340.7,3400,342.45,1700,0,69700
UJJIVAN-II.NFO,07/01/2020,09:41:06,341.4,340.7,3400,342.55,3400,0,69700
UJJIVAN-II.NFO,07/01/2020,09:41:12,341.4,340.7,3400,342.35,3400,0,69700
UJJIVAN-II.NFO,07/01/2020,09:41:17,341.4,340.7,3400,342.45,1700,0,69700
UJJIVAN-II.NFO,07/01/2020,09:41:22,341.4,340.7,3400,342.35,1700,0,69700
UJJIVAN-II.NFO,07/01/2020,09:41:27,341.4,340.7,3400,342.25,1700,0,69700
UJJIVAN-II.NFO,07/01/2020,09:41:42,341.4,340.7,3400,342.5,1700,0,69700
UJJIVAN-II.NFO,07/01/2020,09:41:53,341.4,340.7,3400,342.5,3400,0,69700
UJJIVAN-II.NFO,07/01/2020,09:42:00,341.4,341.05,1700,342.4,1700,0,69700
UJJIVAN-II.NFO,07/01/2020,09:42:08,341.4,341,1700,342.3,1700,0,69700
UJJIVAN-II.NFO,07/01/2020,09:42:15,341.4,341,1700,342.6,5100,0,69700
UJJIVAN-II.NFO,07/01/2020,09:42:22,341.4,341.05,1700,342.5,1700,0,69700
UJJIVAN-II.NFO,07/01/2020,09:42:28,341.4,341.05,1700,342.35,1700,0,69700
UJJIVAN-II.NFO,07/01/2020,09:42:35,341.4,341.05,1700,342.45,1700,0,69700
UJJIVAN-II.NFO,07/01/2020,09:42:42,341.4,341.05,1700,342.35,3400,0,69700
UJJIVAN-II.NFO,07/01/2020,09:42:49,341.4,341.05,1700,342.25,1700,0,69700
UJJIVAN-II.NFO,07/01/2020,09:42:56,341.4,341.05,1700,342,1700,0,69700
UJJIVAN-II.NFO,07/01/2020,09:43:02,341.4,341.05,1700,341.85,1700,0,69700
UJJIVAN-II.NFO,07/01/2020,09:43:08,341.4,341.05,1700,341.75,1700,0,69700
UJJIVAN-II.NFO,07/01/2020,09:43:12,341.4,341.05,1700,342.05,1700,0,69700
UJJIVAN-II.NFO,07/01/2020,09:43:17,341.4,341.05,1700,341.95,3400,0,69700
UJJIVAN-II.NFO,07/01/2020,09:44:11,341.4,341.05,1700,342.2,1700,0,69700
UJJIVAN-II.NFO,07/01/2020,09:44:17,341.4,341.05,1700,341.9,1700,0,69700
UJJIVAN-II.NFO,07/01/2020,09:44:22,341.4,341.05,1700,342.25,1700,0,69700
UJJIVAN-II.NFO,07/01/2020,09:44:33,341.4,341.05,1700,341.95,1700,0,69700
UJJIVAN-II.NFO,07/01/2020,09:44:47,341.4,341.05,1700,341.9,1700,0,69700
UJJIVAN-II.NFO,07/01/2020,09:44:52,341.4,341.05,1700,342,1700,0,69700
UJJIVAN-II.NFO,07/01/2020,09:44:57,341.4,341.05,1700,341.9,1700,0,69700
UJJIVAN-II.NFO,07/01/2020,09:45:02,341.4,341.05,1700,341.95,1700,0,69700
UJJIVAN-II.NFO,07/01/2020,09:45:09,341.4,341.25,1700,342.65,1700,0,69700
UJJIVAN-II.NFO,07/01/2020,09:45:17,341.4,341.6,1700,342.4,1700,0,69700
UJJIVAN-II.NFO,07/01/2020,09:45:30,341.4,341.6,1700,342.35,1700,0,69700
UJJIVAN-II.NFO,07/01/2020,09:45:35,341.4,341.65,1700,342.75,1700,0,69700
UJJIVAN-II.NFO,07/01/2020,09:45:40,341.4,341.4,1700,342.4,1700,0,69700
UJJIVAN-II.NFO,07/01/2020,09:45:46,341.4,341.45,1700,342.45,1700,0,69700
UJJIVAN-II.NFO,07/01/2020,09:45:57,341.4,341.5,1700,342.25,1700,0,69700
UJJIVAN-II.NFO,07/01/2020,09:46:02,341.4,341.15,1700,342.35,1700,0,69700
UJJIVAN-II.NFO,07/01/2020,09:46:08,341.4,341.45,1700,342.35,1700,0,69700
UJJIVAN-II.NFO,07/01/2020,09:46:13,341.4,341.2,1700,342.35,1700,0,69700
UJJIVAN-II.NFO,07/01/2020,09:46:35,341.4,341.3,1700,342.15,1700,0,69700
UJJIVAN-II.NFO,07/01/2020,09:46:41,341.4,341.35,1700,342.35,1700,0,69700
UJJIVAN-II.NFO,07/01/2020,09:46:46,341.4,341.05,1700,342.15,1700,0,69700
UJJIVAN-II.NFO,07/01/2020,09:47:07,341.4,341.2,1700,341.95,1700,0,69700
UJJIVAN-II.NFO,07/01/2020,09:47:12,341.4,341.2,1700,341.9,1700,0,69700
UJJIVAN-II.NFO,07/01/2020,09:47:17,341.4,341.05,1700,342.5,1700,0,69700
UJJIVAN-II.NFO,07/01/2020,09:47:31,341.4,341.25,1700,342.6,1700,0,69700
UJJIVAN-II.NFO,07/01/2020,09:47:35,341.4,341.15,1700,342.65,1700,0,69700
UJJIVAN-II.NFO,07/01/2020,09:47:40,341.4,341.35,1700,342.5,1700,0,69700
UJJIVAN-II.NFO,07/01/2020,09:47:44,341.4,341.35,1700,342.45,1700,0,69700
UJJIVAN-II.NFO,07/01/2020,09:47:49,341.4,341.3,1700,342.25,1700,0,69700
UJJIVAN-II.NFO,07/01/2020,09:47:58,341.4,341.2,1700,342.25,1700,0,69700
UJJIVAN-II.NFO,07/01/2020,09:48:03,341.4,341.35,1700,342.2,1700,0,69700
UJJIVAN-II.NFO,07/01/2020,09:48:08,341.4,341.45,1700,342.35,1700,0,69700
UJJIVAN-II.NFO,07/01/2020,09:48:27,341.4,341.4,1700,342.6,1700,0,69700
UJJIVAN-II.NFO,07/01/2020,09:48:39,341.4,341.05,3400,342.15,1700,0,69700
UJJIVAN-II.NFO,07/01/2020,09:48:51,341.4,341.05,3400,342.1,1700,0,69700
UJJIVAN-II.NFO,07/01/2020,09:49:10,341.4,341.05,3400,342.3,1700,0,69700
UJJIVAN-II.NFO,07/01/2020,09:49:16,341.4,341.05,3400,342.2,1700,0,69700
UJJIVAN-II.NFO,07/01/2020,09:49:21,341.4,341.05,5100,342.75,1700,0,69700
UJJIVAN-II.NFO,07/01/2020,09:49:26,341.4,341.05,5100,342.7,3400,0,69700
UJJIVAN-II.NFO,07/01/2020,09:49:33,341.4,341.05,5100,342.5,1700,0,69700
UJJIVAN-II.NFO,07/01/2020,09:49:38,341.4,341.05,5100,342.35,1700,0,69700
UJJIVAN-II.NFO,07/01/2020,09:49:43,341.4,341.05,5100,342.6,1700,0,69700
UJJIVAN-II.NFO,07/01/2020,09:49:49,341.4,341.05,8500,342.95,3400,0,69700
UJJIVAN-II.NFO,07/01/2020,09:49:54,341.4,341.15,5100,342.95,3400,0,69700
UJJIVAN-II.NFO,07/01/2020,09:49:58,341.4,341.25,5100,342.95,3400,0,69700
UJJIVAN-II.NFO,07/01/2020,09:50:03,341.4,341.25,8500,343,1700,0,69700
UJJIVAN-II.NFO,07/01/2020,09:50:08,341.4,342.2,1700,342.9,3400,0,69700
UJJIVAN-II.NFO,07/01/2020,09:50:13,341.4,342.15,1700,342.9,3400,0,69700
UJJIVAN-II.NFO,07/01/2020,09:50:24,341.4,341.75,3400,342.9,3400,0,69700
UJJIVAN-II.NFO,07/01/2020,09:50:33,341.4,341.85,1700,342.9,3400,0,69700
UJJIVAN-II.NFO,07/01/2020,09:50:37,341.4,341.95,1700,342.9,3400,0,69700
UJJIVAN-II.NFO,07/01/2020,09:50:42,341.4,341.75,1700,342.9,3400,0,69700
UJJIVAN-II.NFO,07/01/2020,09:50:46,341.4,341.85,1700,342.9,3400,0,69700
UJJIVAN-II.NFO,07/01/2020,09:50:51,341.4,341.55,3400,342.9,3400,0,69700
UJJIVAN-II.NFO,07/01/2020,09:50:56,341.4,341.9,1700,342.9,3400,0,69700
UJJIVAN-II.NFO,07/01/2020,09:51:00,341.4,341.7,1700,342.8,3400,0,69700
UJJIVAN-II.NFO,07/01/2020,09:51:06,341.4,341.65,1700,342.55,1700,0,69700
UJJIVAN-II.NFO,07/01/2020,09:51:12,341.4,341.6,1700,342.5,1700,0,69700
UJJIVAN-II.NFO,07/01/2020,09:51:16,341.4,341.55,1700,342.95,1700,0,69700
UJJIVAN-II.NFO,07/01/2020,09:51:20,341.4,341.6,1700,342.5,1700,0,69700
UJJIVAN-II.NFO,07/01/2020,09:51:24,341.4,341.6,1700,342.6,1700,0,69700
UJJIVAN-II.NFO,07/01/2020,09:51:29,341.4,341.55,1700,342.55,1700,0,69700
UJJIVAN-II.NFO,07/01/2020,09:51:33,341.4,341.55,1700,342.4,1700,0,69700
UJJIVAN-II.NFO,07/01/2020,09:51:37,341.4,341.55,1700,342.45,1700,0,69700
UJJIVAN-II.NFO,07/01/2020,09:51:46,341.4,341.75,1700,342.8,1700,0,69700
UJJIVAN-II.NFO,07/01/2020,09:51:51,341.4,341.75,1700,342.45,1700,0,69700
UJJIVAN-II.NFO,07/01/2020,09:51:56,341.4,341.65,1700,342.45,1700,0,69700
UJJIVAN-II.NFO,07/01/2020,09:52:01,341.4,341.55,1700,342.35,1700,0,69700
UJJIVAN-II.NFO,07/01/2020,09:52:06,341.4,341.55,1700,342.75,1700,0,69700
UJJIVAN-II.NFO,07/01/2020,09:52:11,341.4,341.65,1700,342.45,1700,0,69700
UJJIVAN-II.NFO,07/01/2020,09:52:16,341.4,341.65,1700,342.4,1700,0,69700
UJJIVAN-II.NFO,07/01/2020,09:52:21,341.4,341.75,1700,342.5,3400,0,69700
UJJIVAN-II.NFO,07/01/2020,09:52:32,341.4,341.65,1700,342.5,3400,0,69700
UJJIVAN-II.NFO,07/01/2020,09:52:55,341.4,341.75,1700,342.5,3400,0,69700
UJJIVAN-II.NFO,07/01/2020,09:52:59,341.4,341.65,1700,342.5,3400,0,69700
UJJIVAN-II.NFO,07/01/2020,09:53:05,341.4,341.75,1700,342.5,3400,0,69700
UJJIVAN-II.NFO,07/01/2020,09:53:12,341.4,341.55,1700,342.5,3400,0,69700
UJJIVAN-II.NFO,07/01/2020,09:54:08,341.4,341.5,1700,342.5,3400,0,69700
UJJIVAN-II.NFO,07/01/2020,09:54:13,341.4,341.2,1700,342.05,1700,0,69700
UJJIVAN-II.NFO,07/01/2020,09:54:19,341.4,341,1700,342.1,1700,0,69700
UJJIVAN-II.NFO,07/01/2020,09:54:24,341.4,341,1700,342,1700,0,69700
UJJIVAN-II.NFO,07/01/2020,09:54:30,341.4,341,1700,341.7,1700,0,69700
UJJIVAN-II.NFO,07/01/2020,09:54:44,341.4,341,1700,341.6,1700,0,69700
UJJIVAN-II.NFO,07/01/2020,09:54:49,341.4,341,1700,341.55,1700,0,69700
UJJIVAN-II.NFO,07/01/2020,09:54:54,341.4,341,1700,341.8,1700,0,69700
UJJIVAN-II.NFO,07/01/2020,09:54:59,341.4,341.05,1700,341.8,1700,0,69700
UJJIVAN-II.NFO,07/01/2020,09:55:05,341.4,341.05,1700,341.7,1700,0,69700
UJJIVAN-II.NFO,07/01/2020,09:55:10,341.4,341.05,3400,341.95,1700,0,69700
UJJIVAN-II.NFO,07/01/2020,09:55:16,341.4,341.05,1700,342.25,1700,0,69700
UJJIVAN-II.NFO,07/01/2020,09:55:22,341.4,341.1,1700,342.15,3400,0,69700
UJJIVAN-II.NFO,07/01/2020,09:55:38,341.4,341.05,1700,342.15,3400,0,69700
UJJIVAN-II.NFO,07/01/2020,09:56:05,341.4,341.1,1700,342.15,3400,0,69700
UJJIVAN-II.NFO,07/01/2020,09:56:11,341.4,341.05,3400,342.05,1700,0,69700
UJJIVAN-II.NFO,07/01/2020,09:56:18,341.4,341.05,3400,341.85,1700,0,69700
UJJIVAN-II.NFO,07/01/2020,09:56:31,341.4,341.05,3400,341.75,1700,0,69700
UJJIVAN-II.NFO,07/01/2020,09:56:36,341.4,341,1700,341.7,1700,0,69700
UJJIVAN-II.NFO,07/01/2020,09:56:41,341.4,341,1700,341.6,1700,0,69700
UJJIVAN-II.NFO,07/01/2020,09:56:46,341.4,341,1700,341.2,1700,0,69700
UJJIVAN-II.NFO,07/01/2020,09:56:59,341,340.2,1700,341.1,1700,1700,68000
UJJIVAN-II.NFO,07/01/2020,09:57:03,341,340.1,1700,341.3,1700,0,68000
UJJIVAN-II.NFO,07/01/2020,09:57:19,341,340.15,1700,341.5,1700,0,68000
UJJIVAN-II.NFO,07/01/2020,09:57:24,341,340.25,1700,341.2,1700,0,68000
UJJIVAN-II.NFO,07/01/2020,09:57:30,341,340.45,1700,341.7,1700,0,68000
UJJIVAN-II.NFO,07/01/2020,09:57:35,341,340.3,1700,341.75,3400,0,68000
UJJIVAN-II.NFO,07/01/2020,09:57:40,341,340.15,1700,341.75,3400,0,68000
UJJIVAN-II.NFO,07/01/2020,09:57:44,341,340.3,1700,341.65,3400,0,68000
UJJIVAN-II.NFO,07/01/2020,09:57:48,341,340.6,1700,341.65,3400,0,68000
UJJIVAN-II.NFO,07/01/2020,09:57:52,341,340.7,1700,341.65,3400,0,68000
UJJIVAN-II.NFO,07/01/2020,09:57:56,341,340.35,1700,341.65,3400,0,68000
UJJIVAN-II.NFO,07/01/2020,09:58:02,341,340.35,1700,341.75,1700,0,68000
UJJIVAN-II.NFO,07/01/2020,09:58:07,341,340.45,1700,341.2,1700,0,68000
UJJIVAN-II.NFO,07/01/2020,09:58:12,341,340.25,1700,341.45,1700,0,68000
UJJIVAN-II.NFO,07/01/2020,09:58:28,341,340.35,1700,341.65,1700,0,68000
UJJIVAN-II.NFO,07/01/2020,09:58:32,341,340.25,1700,341.1,1700,0,68000
UJJIVAN-II.NFO,07/01/2020,09:58:37,341,340.2,1700,341.55,1700,0,68000
UJJIVAN-II.NFO,07/01/2020,09:58:41,341,340.2,1700,341.4,1700,0,68000
UJJIVAN-II.NFO,07/01/2020,09:58:46,341,340.15,1700,341,1700,0,68000
UJJIVAN-II.NFO,07/01/2020,09:58:51,341,340.15,1700,341.05,1700,0,68000
UJJIVAN-II.NFO,07/01/2020,09:58:57,341,340.15,1700,341.3,1700,0,68000
UJJIVAN-II.NFO,07/01/2020,09:59:03,341,340.2,1700,341,1700,0,68000
UJJIVAN-II.NFO,07/01/2020,09:59:09,341,340.2,1700,341.6,1700,0,68000
UJJIVAN-II.NFO,07/01/2020,09:59:15,341,340.35,1700,341.15,1700,0,68000
UJJIVAN-II.NFO,07/01/2020,09:59:21,341,339.95,1700,340.95,1700,0,68000
UJJIVAN-II.NFO,07/01/2020,09:59:27,341,340.15,1700,341.2,1700,0,68000
UJJIVAN-II.NFO,07/01/2020,09:59:37,341,340.05,1700,340.9,1700,0,68000
UJJIVAN-II.NFO,07/01/2020,09:59:42,341,340.25,1700,340.85,1700,0,68000
UJJIVAN-II.NFO,07/01/2020,09:59:46,341,339.95,1700,340.85,1700,0,68000
UJJIVAN-II.NFO,07/01/2020,09:59:50,341,340.25,1700,340.85,1700,0,68000
UJJIVAN-II.NFO,07/01/2020,09:59:59,341,340.25,1700,341.2,1700,0,68000
UJJIVAN-II.NFO,07/01/2020,10:00:03,341,340.05,1700,341,1700,0,68000
UJJIVAN-II.NFO,07/01/2020,10:00:24,341,339.75,1700,340.7,1700,0,68000
UJJIVAN-II.NFO,07/01/2020,10:00:44,341,339.55,1700,340.8,1700,0,68000
UJJIVAN-II.NFO,07/01/2020,10:00:51,341,339.45,1700,340.6,1700,0,68000
UJJIVAN-II.NFO,07/01/2020,10:00:58,341,339.45,1700,340.4,1700,0,68000
UJJIVAN-II.NFO,07/01/2020,10:01:10,341,339.45,3400,340.4,1700,0,68000
UJJIVAN-II.NFO,07/01/2020,10:01:16,341,339.45,3400,340.3,1700,0,68000
UJJIVAN-II.NFO,07/01/2020,10:01:23,341,339.25,3400,340.3,1700,0,68000
UJJIVAN-II.NFO,07/01/2020,10:01:35,341,339.2,3400,340.25,1700,0,68000
UJJIVAN-II.NFO,07/01/2020,10:01:46,341,339.2,3400,340.05,1700,0,68000
UJJIVAN-II.NFO,07/01/2020,10:01:52,341,339.2,3400,340.4,1700,0,68000
UJJIVAN-II.NFO,07/01/2020,10:01:58,341,339.2,3400,340.05,1700,0,68000
UJJIVAN-II.NFO,07/01/2020,10:02:04,341,339.2,3400,340.4,1700,0,68000
UJJIVAN-II.NFO,07/01/2020,10:02:09,341,339.2,3400,340.2,1700,0,68000
UJJIVAN-II.NFO,07/01/2020,10:02:15,341,339.2,3400,340,1700,0,68000
UJJIVAN-II.NFO,07/01/2020,10:02:24,341,339.2,3400,340.3,1700,0,68000
UJJIVAN-II.NFO,07/01/2020,10:02:29,341,339.2,3400,340.2,1700,0,68000
UJJIVAN-II.NFO,07/01/2020,10:02:40,341,339.2,3400,340.4,1700,0,68000
UJJIVAN-II.NFO,07/01/2020,10:02:54,341,339.2,3400,340.2,1700,0,68000
UJJIVAN-II.NFO,07/01/2020,10:03:00,341,339.2,3400,340.3,1700,0,68000
UJJIVAN-II.NFO,07/01/2020,10:03:12,341,339.2,3400,340.35,1700,0,68000
UJJIVAN-II.NFO,07/01/2020,10:03:18,341,339.05,1700,339.9,1700,0,68000
UJJIVAN-II.NFO,07/01/2020,10:03:23,341,339.05,3400,339.9,1700,0,68000
UJJIVAN-II.NFO,07/01/2020,10:03:34,341,339.05,3400,340.35,1700,0,68000
UJJIVAN-II.NFO,07/01/2020,10:03:39,341,339.05,3400,340.15,1700,0,68000
UJJIVAN-II.NFO,07/01/2020,10:03:44,341,339.05,3400,340.05,1700,0,68000
UJJIVAN-II.NFO,07/01/2020,10:03:50,341,339.05,3400,340.25,1700,0,68000
UJJIVAN-II.NFO,07/01/2020,10:03:55,341,339.05,3400,340.4,1700,0,68000
UJJIVAN-II.NFO,07/01/2020,10:04:01,341,339.05,3400,339.95,1700,0,68000
UJJIVAN-II.NFO,07/01/2020,10:04:12,341,339.05,3400,340.2,1700,0,68000
UJJIVAN-II.NFO,07/01/2020,10:04:17,341,339.05,3400,339.9,1700,0,68000
UJJIVAN-II.NFO,07/01/2020,10:04:22,341,339.05,3400,340.05,1700,0,68000
UJJIVAN-II.NFO,07/01/2020,10:04:27,341,339.05,3400,339.95,1700,0,68000
UJJIVAN-II.NFO,07/01/2020,10:04:32,341,339.05,3400,339.8,1700,0,68000
UJJIVAN-II.NFO,07/01/2020,10:04:43,341,339.05,3400,339.9,1700,0,68000
UJJIVAN-II.NFO,07/01/2020,10:04:48,341,339.05,3400,340,1700,0,68000
UJJIVAN-II.NFO,07/01/2020,10:05:04,341,339.05,3400,339.8,1700,0,68000
UJJIVAN-II.NFO,07/01/2020,10:05:19,341,339.05,3400,340,1700,0,68000
UJJIVAN-II.NFO,07/01/2020,10:05:35,341,339,1700,339.9,1700,0,68000
UJJIVAN-II.NFO,07/01/2020,10:05:47,341,339,1700,339.8,1700,0,68000
UJJIVAN-II.NFO,07/01/2020,10:05:54,341,339,1700,339.55,1700,0,68000
UJJIVAN-II.NFO,07/01/2020,10:05:59,341,339,1700,340.05,1700,0,68000
UJJIVAN-II.NFO,07/01/2020,10:06:05,341,339,1700,339.85,1700,0,68000
UJJIVAN-II.NFO,07/01/2020,10:06:11,341,339,1700,339.6,1700,0,68000
UJJIVAN-II.NFO,07/01/2020,10:06:17,341,339,1700,339.4,1700,0,68000
UJJIVAN-II.NFO,07/01/2020,10:06:23,341,339,1700,339.6,1700,0,68000
UJJIVAN-II.NFO,07/01/2020,10:06:29,341,339,1700,339.65,1700,0,68000
UJJIVAN-II.NFO,07/01/2020,10:06:34,341,339,1700,339.55,1700,0,68000
UJJIVAN-II.NFO,07/01/2020,10:06:39,341,339,1700,339.4,1700,0,68000
UJJIVAN-II.NFO,07/01/2020,10:06:49,341,339,1700,339.8,1700,0,68000
UJJIVAN-II.NFO,07/01/2020,10:06:55,341,339,1700,339.45,1700,0,68000
UJJIVAN-II.NFO,07/01/2020,10:07:20,341,339,1700,339.6,1700,0,68000
UJJIVAN-II.NFO,07/01/2020,10:07:26,341,339,1700,339.4,1700,0,68000
UJJIVAN-II.NFO,07/01/2020,10:07:33,341,339,1700,339.35,1700,0,68000
UJJIVAN-II.NFO,07/01/2020,10:07:57,341,339,1700,339.65,1700,0,68000
UJJIVAN-II.NFO,07/01/2020,10:08:07,341,339,1700,339.55,1700,0,68000
UJJIVAN-II.NFO,07/01/2020,10:08:17,341,339,1700,339.45,1700,0,68000
UJJIVAN-II.NFO,07/01/2020,10:08:22,341,339,1700,339.55,1700,0,68000
UJJIVAN-II.NFO,07/01/2020,10:08:35,341,339.05,1700,339.85,3400,0,68000
UJJIVAN-II.NFO,07/01/2020,10:09:46,341,339,1700,339.55,1700,0,68000
UJJIVAN-II.NFO,07/01/2020,10:09:56,341,339,1700,339.6,1700,0,68000
UJJIVAN-II.NFO,07/01/2020,10:10:03,341,339,1700,339.55,1700,0,68000
UJJIVAN-II.NFO,07/01/2020,10:10:16,341,339,1700,339.8,1700,0,68000
UJJIVAN-II.NFO,07/01/2020,10:10:32,341,339,1700,339.5,1700,0,68000
UJJIVAN-II.NFO,07/01/2020,10:10:36,341,339,1700,339.6,1700,0,68000
UJJIVAN-II.NFO,07/01/2020,10:10:41,341,339,1700,339.5,1700,0,68000
UJJIVAN-II.NFO,07/01/2020,10:10:46,341,339,1700,339.55,1700,0,68000
UJJIVAN-II.NFO,07/01/2020,10:11:00,341,339,1700,339.5,1700,0,68000
UJJIVAN-II.NFO,07/01/2020,10:11:10,341,339,1700,339.55,1700,0,68000
UJJIVAN-II.NFO,07/01/2020,10:11:15,341,339.05,1700,339.75,1700,0,68000
UJJIVAN-II.NFO,07/01/2020,10:11:26,341,339.05,1700,339.9,1700,0,68000
UJJIVAN-II.NFO,07/01/2020,10:11:31,341,339.05,1700,339.75,1700,0,68000
UJJIVAN-II.NFO,07/01/2020,10:11:55,341,339.05,3400,340,3400,0,68000
UJJIVAN-II.NFO,07/01/2020,10:13:07,341,339.05,3400,340.3,1700,0,68000
UJJIVAN-II.NFO,07/01/2020,10:13:12,341,339.05,3400,340.1,3400,0,68000
UJJIVAN-II.NFO,07/01/2020,10:13:42,341,339.05,5100,340.1,3400,0,68000
UJJIVAN-II.NFO,07/01/2020,10:13:48,341,339.05,5100,340.55,1700,0,68000
UJJIVAN-II.NFO,07/01/2020,10:13:54,341,339.05,5100,340.4,1700,0,68000
UJJIVAN-II.NFO,07/01/2020,10:14:00,341,339.05,5100,340.3,1700,0,68000
UJJIVAN-II.NFO,07/01/2020,10:14:05,341,339.05,6800,340.4,1700,0,68000
UJJIVAN-II.NFO,07/01/2020,10:14:10,341,339.05,5100,340.3,1700,0,68000
UJJIVAN-II.NFO,07/01/2020,10:14:16,341,339.05,6800,340.35,1700,0,68000
UJJIVAN-II.NFO,07/01/2020,10:14:21,341,339.05,5100,340.2,1700,0,68000
UJJIVAN-II.NFO,07/01/2020,10:14:27,341,339.05,5100,340.25,1700,0,68000
UJJIVAN-II.NFO,07/01/2020,10:14:39,341,339.05,5100,340.35,1700,0,68000
UJJIVAN-II.NFO,07/01/2020,10:14:45,341,339.8,1700,340.6,1700,0,68000
UJJIVAN-II.NFO,07/01/2020,10:15:01,341,339.6,3400,340.3,1700,0,68000
UJJIVAN-II.NFO,07/01/2020,10:15:28,341,339.6,3400,340.45,1700,0,68000
UJJIVAN-II.NFO,07/01/2020,10:15:33,341,339.3,3400,340.3,1700,0,68000
UJJIVAN-II.NFO,07/01/2020,10:15:39,341,339.3,5100,340.4,1700,0,68000
UJJIVAN-II.NFO,07/01/2020,10:15:50,341,339.25,1700,340,1700,0,68000
UJJIVAN-II.NFO,07/01/2020,10:15:56,341,339.25,3400,340.4,1700,0,68000
UJJIVAN-II.NFO,07/01/2020,10:16:01,341,339.25,3400,340.25,1700,0,68000
UJJIVAN-II.NFO,07/01/2020,10:16:06,341,339.25,3400,340.15,1700,0,68000
UJJIVAN-II.NFO,07/01/2020,10:16:11,341,339.25,3400,340.2,1700,0,68000
UJJIVAN-II.NFO,07/01/2020,10:16:15,341,339.25,3400,340.05,1700,0,68000
UJJIVAN-II.NFO,07/01/2020,10:16:34,341,339.25,3400,340.2,1700,0,68000
UJJIVAN-II.NFO,07/01/2020,10:16:44,341,339.25,3400,340.15,1700,0,68000
UJJIVAN-II.NFO,07/01/2020,10:16:48,341,339.25,3400,340.2,1700,0,68000
UJJIVAN-II.NFO,07/01/2020,10:16:53,341,339.25,3400,340.1,1700,0,68000
UJJIVAN-II.NFO,07/01/2020,10:16:58,341,339.25,3400,340.35,1700,0,68000
UJJIVAN-II.NFO,07/01/2020,10:17:04,341,339.4,1700,340.2,1700,0,68000
UJJIVAN-II.NFO,07/01/2020,10:17:10,341,339.25,3400,340.35,1700,0,68000
UJJIVAN-II.NFO,07/01/2020,10:17:16,341,339.05,1700,339.8,1700,0,68000
UJJIVAN-II.NFO,07/01/2020,10:17:21,341,339.05,1700,339.7,1700,0,68000
UJJIVAN-II.NFO,07/01/2020,10:17:25,341,339.05,1700,340.1,1700,0,68000
UJJIVAN-II.NFO,07/01/2020,10:17:30,341,339.05,1700,339.7,1700,0,68000
UJJIVAN-II.NFO,07/01/2020,10:17:36,341,339.1,3400,340.15,1700,0,68000
UJJIVAN-II.NFO,07/01/2020,10:17:41,341,339.1,3400,339.95,1700,0,68000
UJJIVAN-II.NFO,07/01/2020,10:17:45,341,339.1,3400,340.1,1700,0,68000
UJJIVAN-II.NFO,07/01/2020,10:17:53,341,339.1,3400,339.9,1700,0,68000
UJJIVAN-II.NFO,07/01/2020,10:17:57,341,339.1,3400,340,1700,0,68000
UJJIVAN-II.NFO,07/01/2020,10:18:01,341,339.1,3400,340.1,1700,0,68000
UJJIVAN-II.NFO,07/01/2020,10:18:05,341,339.1,3400,340,1700,0,68000
UJJIVAN-II.NFO,07/01/2020,10:18:13,341,339.1,3400,339.9,1700,0,68000
UJJIVAN-II.NFO,07/01/2020,10:18:21,341,339.1,3400,340,1700,0,68000
UJJIVAN-II.NFO,07/01/2020,10:18:37,341,339.1,3400,340.15,1700,0,68000
UJJIVAN-II.NFO,07/01/2020,10:18:42,341,339.1,3400,340.25,1700,0,68000
UJJIVAN-II.NFO,07/01/2020,10:19:01,341,339.1,3400,340.15,1700,0,68000
UJJIVAN-II.NFO,07/01/2020,10:19:05,341,339.1,3400,340.05,1700,0,68000
UJJIVAN-II.NFO,07/01/2020,10:19:09,341,339.1,3400,340.15,1700,0,68000
UJJIVAN-II.NFO,07/01/2020,10:19:18,341,339.05,3400,340.05,1700,0,68000
UJJIVAN-II.NFO,07/01/2020,10:19:23,341,339.05,1700,340.05,1700,0,68000
UJJIVAN-II.NFO,07/01/2020,10:19:28,341,339,1700,339.85,1700,0,68000
UJJIVAN-II.NFO,07/01/2020,10:19:32,341,339,1700,339.65,1700,0,68000
UJJIVAN-II.NFO,07/01/2020,10:19:40,341,339,1700,339.85,1700,0,68000
UJJIVAN-II.NFO,07/01/2020,10:20:06,341,339,1700,339.65,1700,0,68000
UJJIVAN-II.NFO,07/01/2020,10:20:25,341,339,1700,339.55,1700,0,68000
UJJIVAN-II.NFO,07/01/2020,10:20:30,341,339,1700,339.75,3400,0,68000
UJJIVAN-II.NFO,07/01/2020,10:21:09,341,339.05,1700,339.75,3400,0,68000
UJJIVAN-II.NFO,07/01/2020,10:21:14,341,339,1700,339.75,3400,0,68000
UJJIVAN-II.NFO,07/01/2020,10:21:18,341,339.05,1700,339.75,3400,0,68000
UJJIVAN-II.NFO,07/01/2020,10:22:10,341,339.1,3400,339.95,1700,0,68000
UJJIVAN-II.NFO,07/01/2020,10:22:15,341,339.1,3400,339.85,1700,0,68000
UJJIVAN-II.NFO,07/01/2020,10:22:20,341,339.1,3400,340.05,1700,0,68000
UJJIVAN-II.NFO,07/01/2020,10:22:41,341,339.1,3400,339.9,1700,0,68000
UJJIVAN-II.NFO,07/01/2020,10:22:48,341,339,1700,339.6,1700,0,68000
UJJIVAN-II.NFO,07/01/2020,10:22:55,341,339,1700,340,3400,0,68000
UJJIVAN-II.NFO,07/01/2020,10:23:00,341,339,1700,339.75,1700,0,68000
UJJIVAN-II.NFO,07/01/2020,10:23:05,341,339.05,1700,339.6,1700,0,68000
UJJIVAN-II.NFO,07/01/2020,10:23:25,339.05,339.05,1700,339.95,1700,1700,68000
UJJIVAN-II.NFO,07/01/2020,10:23:25,339.05,339.05,1700,339.95,1700,0,68000
UJJIVAN-II.NFO,07/01/2020,10:23:29,339.05,339.05,1700,340.05,1700,0,68000
UJJIVAN-II.NFO,07/01/2020,10:23:35,339.05,339.05,1700,340.2,1700,0,68000
UJJIVAN-II.NFO,07/01/2020,10:23:39,339.05,339.05,1700,339.85,1700,0,68000
UJJIVAN-II.NFO,07/01/2020,10:23:44,339.05,339.05,1700,340,1700,0,68000
UJJIVAN-II.NFO,07/01/2020,10:23:49,339.05,339.05,1700,339.85,1700,0,68000
UJJIVAN-II.NFO,07/01/2020,10:23:54,339.05,339.05,1700,340,1700,0,68000
UJJIVAN-II.NFO,07/01/2020,10:23:57,339.05,339.05,1700,339.85,1700,0,68000
UJJIVAN-II.NFO,07/01/2020,10:24:00,339.05,339.05,1700,339.8,1700,0,68000
UJJIVAN-II.NFO,07/01/2020,10:24:05,339.05,339.05,1700,339.85,1700,0,68000
UJJIVAN-II.NFO,07/01/2020,10:24:14,339.05,339.05,1700,340,1700,0,68000
UJJIVAN-II.NFO,07/01/2020,10:24:19,339.05,339.05,1700,339.8,1700,0,68000
UJJIVAN-II.NFO,07/01/2020,10:24:37,339.05,339.05,1700,340,1700,0,68000
UJJIVAN-II.NFO,07/01/2020,10:24:46,339.05,339.05,1700,339.9,1700,0,68000
UJJIVAN-II.NFO,07/01/2020,10:24:50,339.05,339.05,1700,339.7,1700,0,68000
UJJIVAN-II.NFO,07/01/2020,10:24:54,339.05,339.05,1700,340,1700,0,68000
UJJIVAN-II.NFO,07/01/2020,10:24:58,339.05,339.05,1700,339.9,1700,0,68000
UJJIVAN-II.NFO,07/01/2020,10:25:03,339.05,339.05,1700,339.7,1700,0,68000
UJJIVAN-II.NFO,07/01/2020,10:25:23,339,338.4,3400,339.35,1700,1700,68000
UJJIVAN-II.NFO,07/01/2020,10:25:23,339,338.4,3400,339.35,1700,0,68000
UJJIVAN-II.NFO,07/01/2020,10:25:26,339,338,1700,339.4,1700,0,68000
UJJIVAN-II.NFO,07/01/2020,10:25:31,339,338.1,1700,339.25,1700,0,68000
UJJIVAN-II.NFO,07/01/2020,10:25:35,339,338.3,1700,339.2,1700,0,68000
UJJIVAN-II.NFO,07/01/2020,10:25:39,339,338,1700,339.2,1700,0,68000
UJJIVAN-II.NFO,07/01/2020,10:25:49,339,338.15,1700,338.95,1700,0,68000
UJJIVAN-II.NFO,07/01/2020,10:25:54,339,338.1,1700,338.95,1700,0,68000
UJJIVAN-II.NFO,07/01/2020,10:25:59,339,337.95,3400,339.35,3400,0,68000
UJJIVAN-II.NFO,07/01/2020,10:26:04,339,338.15,1700,339.1,1700,0,68000
UJJIVAN-II.NFO,07/01/2020,10:26:08,339,338.25,1700,339.15,3400,0,68000
UJJIVAN-II.NFO,07/01/2020,10:26:13,339,338.2,1700,339.15,3400,0,68000
UJJIVAN-II.NFO,07/01/2020,10:26:26,339,338.1,1700,339.15,3400,0,68000
UJJIVAN-II.NFO,07/01/2020,10:26:32,339,338.2,1700,339.15,3400,0,68000
UJJIVAN-II.NFO,07/01/2020,10:26:36,339,338.3,1700,339.15,3400,0,68000
UJJIVAN-II.NFO,07/01/2020,10:26:49,339,338.15,1700,339.15,3400,0,68000
UJJIVAN-II.NFO,07/01/2020,10:26:53,339,338.25,1700,339.15,3400,0,68000
UJJIVAN-II.NFO,07/01/2020,10:26:58,339,338.4,1700,339.15,3400,0,68000
UJJIVAN-II.NFO,07/01/2020,10:27:02,339,338.2,1700,339.15,3400,0,68000
UJJIVAN-II.NFO,07/01/2020,10:27:07,339,338.3,1700,339.15,3400,0,68000
UJJIVAN-II.NFO,07/01/2020,10:27:15,339,338.25,1700,339.15,3400,0,68000
UJJIVAN-II.NFO,07/01/2020,10:27:30,339,338.3,1700,339.15,3400,0,68000
UJJIVAN-II.NFO,07/01/2020,10:27:34,339,338.35,1700,339.15,3400,0,68000
UJJIVAN-II.NFO,07/01/2020,10:27:38,339,338.4,1700,339.15,3400,0,68000
UJJIVAN-II.NFO,07/01/2020,10:27:56,339,338.25,3400,339.15,3400,0,68000
UJJIVAN-II.NFO,07/01/2020,10:28:09,339,338.2,3400,339.25,1700,0,68000
UJJIVAN-II.NFO,07/01/2020,10:28:14,339,338.4,1700,339.1,1700,0,68000
UJJIVAN-II.NFO,07/01/2020,10:28:19,339,338.45,1700,339.1,1700,0,68000
UJJIVAN-II.NFO,07/01/2020,10:28:23,339,338.3,3400,339.2,1700,0,68000
UJJIVAN-II.NFO,07/01/2020,10:28:28,339,338.3,5100,339.4,1700,0,68000
UJJIVAN-II.NFO,07/01/2020,10:28:32,339,338.3,5100,339.3,1700,0,68000
UJJIVAN-II.NFO,07/01/2020,10:28:37,339,338.3,5100,339.4,1700,0,68000
UJJIVAN-II.NFO,07/01/2020,10:28:40,339,338.3,5100,339.65,1700,0,68000
UJJIVAN-II.NFO,07/01/2020,10:28:44,339,338.3,5100,339.45,1700,0,68000
UJJIVAN-II.NFO,07/01/2020,10:28:47,339,338.3,5100,339.7,1700,0,68000
UJJIVAN-II.NFO,07/01/2020,10:28:50,339,338.3,5100,339.6,1700,0,68000
UJJIVAN-II.NFO,07/01/2020,10:28:53,339,338.3,5100,339.45,1700,0,68000
UJJIVAN-II.NFO,07/01/2020,10:28:57,339,338.3,5100,339.4,1700,0,68000
UJJIVAN-II.NFO,07/01/2020,10:29:00,339,338.3,5100,339.45,1700,0,68000
UJJIVAN-II.NFO,07/01/2020,10:29:04,339,338.3,5100,339.5,1700,0,68000
UJJIVAN-II.NFO,07/01/2020,10:29:07,339,338.3,5100,339.75,1700,0,68000
UJJIVAN-II.NFO,07/01/2020,10:29:10,339,338.4,5100,339.55,1700,0,68000
UJJIVAN-II.NFO,07/01/2020,10:29:14,339,338.4,5100,339.85,1700,0,68000
UJJIVAN-II.NFO,07/01/2020,10:29:17,339,338.4,5100,339.75,1700,0,68000
UJJIVAN-II.NFO,07/01/2020,10:29:21,339,338.4,5100,339.65,1700,0,68000
UJJIVAN-II.NFO,07/01/2020,10:29:25,339,338.4,6800,339.75,1700,0,68000
UJJIVAN-II.NFO,07/01/2020,10:29:33,339,338.4,6800,339.65,1700,0,68000
UJJIVAN-II.NFO,07/01/2020,10:29:37,339,338.4,6800,340,1700,0,68000
UJJIVAN-II.NFO,07/01/2020,10:29:40,339,338.4,6800,339.65,1700,0,68000
UJJIVAN-II.NFO,07/01/2020,10:29:44,339,338.4,6800,339.8,1700,0,68000
UJJIVAN-II.NFO,07/01/2020,10:29:53,339,338.4,5100,339.45,1700,0,68000
UJJIVAN-II.NFO,07/01/2020,10:30:02,339,338.4,5100,339.5,1700,0,68000
UJJIVAN-II.NFO,07/01/2020,10:30:26,339,338.4,5100,339.4,1700,0,68000
UJJIVAN-II.NFO,07/01/2020,10:30:54,339,338.4,5100,339.45,1700,0,68000
UJJIVAN-II.NFO,07/01/2020,10:31:21,339,338.4,5100,339.35,1700,0,68000
UJJIVAN-II.NFO,07/01/2020,10:31:25,339,338.4,5100,339.4,1700,0,68000
UJJIVAN-II.NFO,07/01/2020,10:31:28,339,338.4,5100,339.35,1700,0,68000
UJJIVAN-II.NFO,07/01/2020,10:31:36,339,338.4,5100,339.5,1700,0,68000
UJJIVAN-II.NFO,07/01/2020,10:31:40,339,338.4,5100,339.35,1700,0,68000
UJJIVAN-II.NFO,07/01/2020,10:31:44,339,338.4,1700,339.15,1700,0,68000
UJJIVAN-II.NFO,07/01/2020,10:31:48,339,338.3,1700,339.35,1700,0,68000
UJJIVAN-II.NFO,07/01/2020,10:31:52,339,338.35,1700,339.15,1700,0,68000
UJJIVAN-II.NFO,07/01/2020,10:32:15,339,338.3,1700,339.35,1700,0,68000
UJJIVAN-II.NFO,07/01/2020,10:32:20,339,338.35,1700,339.15,1700,0,68000
UJJIVAN-II.NFO,07/01/2020,10:32:25,339,338.3,1700,339.15,1700,0,68000
UJJIVAN-II.NFO,07/01/2020,10:32:42,339,337.85,3400,338.95,1700,0,68000
UJJIVAN-II.NFO,07/01/2020,10:32:52,339,338.3,1700,338.9,1700,0,68000
UJJIVAN-II.NFO,07/01/2020,10:33:19,339,338.3,1700,339,1700,0,68000
UJJIVAN-II.NFO,07/01/2020,10:33:22,339,338.25,1700,338.9,1700,0,68000
UJJIVAN-II.NFO,07/01/2020,10:33:41,339,338.1,1700,338.9,1700,0,68000
UJJIVAN-II.NFO,07/01/2020,10:33:44,339,338.15,1700,338.9,1700,0,68000
UJJIVAN-II.NFO,07/01/2020,10:34:04,339,338.25,1700,339.25,1700,0,68000
UJJIVAN-II.NFO,07/01/2020,10:34:17,339,338.15,1700,339.15,1700,0,68000
UJJIVAN-II.NFO,07/01/2020,10:34:21,339,338,3400,338.85,1700,0,68000
UJJIVAN-II.NFO,07/01/2020,10:34:34,339,338,5100,339,1700,0,68000
UJJIVAN-II.NFO,07/01/2020,10:34:37,339,338,5100,339.1,1700,0,68000
UJJIVAN-II.NFO,07/01/2020,10:34:42,339,338,5100,339.3,3400,0,68000
UJJIVAN-II.NFO,07/01/2020,10:35:17,339,338,3400,339.35,1700,0,68000
UJJIVAN-II.NFO,07/01/2020,10:35:21,339,338,3400,339.2,1700,0,68000
UJJIVAN-II.NFO,07/01/2020,10:35:27,339,338,3400,339.05,1700,0,68000
UJJIVAN-II.NFO,07/01/2020,10:35:38,339,338,3400,339.25,1700,0,68000
UJJIVAN-II.NFO,07/01/2020,10:35:41,339,338,3400,339.1,1700,0,68000
UJJIVAN-II.NFO,07/01/2020,10:35:49,339,338,3400,338.9,1700,0,68000
UJJIVAN-II.NFO,07/01/2020,10:35:51,339,338,3400,339.15,1700,0,68000
UJJIVAN-II.NFO,07/01/2020,10:35:55,339,338,3400,338.8,1700,0,68000
UJJIVAN-II.NFO,07/01/2020,10:36:09,339,338,3400,338.7,1700,0,68000
UJJIVAN-II.NFO,07/01/2020,10:36:12,339,338,3400,338.9,1700,0,68000
UJJIVAN-II.NFO,07/01/2020,10:36:16,339,338,3400,338.8,1700,0,68000
UJJIVAN-II.NFO,07/01/2020,10:36:20,339,338,3400,339.15,1700,0,68000
UJJIVAN-II.NFO,07/01/2020,10:36:23,339,338,5100,338.9,1700,0,68000
UJJIVAN-II.NFO,07/01/2020,10:36:26,339,338.1,1700,338.85,1700,0,68000
UJJIVAN-II.NFO,07/01/2020,10:36:32,339,338,1700,338.9,1700,0,68000
UJJIVAN-II.NFO,07/01/2020,10:36:40,339,338.2,1700,338.85,1700,0,68000
UJJIVAN-II.NFO,07/01/2020,10:36:57,339,338.25,1700,338.95,1700,0,68000
UJJIVAN-II.NFO,07/01/2020,10:37:01,339,338.05,1700,338.9,1700,0,68000
UJJIVAN-II.NFO,07/01/2020,10:37:05,339,338.25,1700,338.85,1700,0,68000
UJJIVAN-II.NFO,07/01/2020,10:37:09,339,338.2,1700,339,1700,0,68000
UJJIVAN-II.NFO,07/01/2020,10:37:26,339,338.25,1700,339.3,1700,0,68000
UJJIVAN-II.NFO,07/01/2020,10:37:30,339,338.3,1700,339.1,1700,0,68000
UJJIVAN-II.NFO,07/01/2020,10:37:34,339,338.2,1700,339,1700,0,68000
UJJIVAN-II.NFO,07/01/2020,10:37:37,339,338.3,1700,339.1,1700,0,68000
UJJIVAN-II.NFO,07/01/2020,10:37:41,339,338.2,1700,338.85,1700,0,68000
UJJIVAN-II.NFO,07/01/2020,10:37:46,339,338.25,1700,339.1,1700,0,68000
UJJIVAN-II.NFO,07/01/2020,10:38:12,339,338.3,1700,339.35,1700,0,68000
UJJIVAN-II.NFO,07/01/2020,10:38:15,339,338.15,1700,339.05,1700,0,68000
UJJIVAN-II.NFO,07/01/2020,10:38:29,339,338.2,1700,338.85,1700,0,68000
UJJIVAN-II.NFO,07/01/2020,10:38:35,339,338.15,1700,339.2,1700,0,68000
UJJIVAN-II.NFO,07/01/2020,10:38:38,339,338.25,1700,339.05,1700,0,68000
UJJIVAN-II.NFO,07/01/2020,10:38:59,339,338.2,1700,339.25,1700,0,68000
UJJIVAN-II.NFO,07/01/2020,10:39:03,339,338.3,1700,339.05,1700,0,68000
UJJIVAN-II.NFO,07/01/2020,10:39:08,339,338.1,1700,339.2,1700,0,68000
UJJIVAN-II.NFO,07/01/2020,10:39:12,339,338.15,1700,338.85,1700,0,68000
UJJIVAN-II.NFO,07/01/2020,10:39:38,339,337.95,1700,338.7,1700,0,68000
UJJIVAN-II.NFO,07/01/2020,10:39:42,339,337.8,3400,339,1700,0,68000
UJJIVAN-II.NFO,07/01/2020,10:39:58,339,337.95,1700,339.2,1700,0,68000
UJJIVAN-II.NFO,07/01/2020,10:40:02,339,338.05,1700,338.8,1700,0,68000
UJJIVAN-II.NFO,07/01/2020,10:40:08,339,337.9,1700,338.8,1700,0,68000
UJJIVAN-II.NFO,07/01/2020,10:40:14,339,338.2,1700,338.9,1700,0,68000
UJJIVAN-II.NFO,07/01/2020,10:40:22,339,338.1,1700,339.15,1700,0,68000
UJJIVAN-II.NFO,07/01/2020,10:40:26,339,337.85,3400,338.85,1700,0,68000
UJJIVAN-II.NFO,07/01/2020,10:40:30,339,337.9,1700,338.95,1700,0,68000
UJJIVAN-II.NFO,07/01/2020,10:40:37,339,338.05,1700,338.85,1700,0,68000
UJJIVAN-II.NFO,07/01/2020,10:40:41,339,338,1700,338.85,1700,0,68000
UJJIVAN-II.NFO,07/01/2020,10:40:45,339,338.15,1700,338.95,1700,0,68000
UJJIVAN-II.NFO,07/01/2020,10:41:13,339,338.15,1700,338.9,1700,0,68000
UJJIVAN-II.NFO,07/01/2020,10:41:19,339,338.2,1700,339.05,1700,0,68000
UJJIVAN-II.NFO,07/01/2020,10:41:30,339,338.35,1700,339.45,1700,0,68000
UJJIVAN-II.NFO,07/01/2020,10:41:50,339,338.5,1700,339.15,1700,0,68000
UJJIVAN-II.NFO,07/01/2020,10:41:54,339,338.55,1700,339.25,1700,0,68000
UJJIVAN-II.NFO,07/01/2020,10:42:02,339,338.45,1700,339.15,1700,0,68000
UJJIVAN-II.NFO,07/01/2020,10:42:07,339,338.25,1700,339.25,1700,0,68000
UJJIVAN-II.NFO,07/01/2020,10:43:03,339,338.2,1700,339,1700,0,68000
UJJIVAN-II.NFO,07/01/2020,10:43:07,339,338.1,1700,339.3,1700,0,68000
UJJIVAN-II.NFO,07/01/2020,10:43:10,339,337.95,1700,339.05,1700,0,68000
UJJIVAN-II.NFO,07/01/2020,10:43:26,339,338.2,1700,339.3,1700,0,68000
UJJIVAN-II.NFO,07/01/2020,10:43:41,339,338.05,1700,338.85,1700,0,68000
UJJIVAN-II.NFO,07/01/2020,10:43:45,339,338.05,1700,339.05,1700,0,68000
UJJIVAN-II.NFO,07/01/2020,10:44:04,339,338,1700,338.85,1700,0,68000
UJJIVAN-II.NFO,07/01/2020,10:44:10,339,338.1,1700,338.95,1700,0,68000
UJJIVAN-II.NFO,07/01/2020,10:44:13,339,338.05,1700,338.85,1700,0,68000
UJJIVAN-II.NFO,07/01/2020,10:44:37,339,338.05,1700,339.05,3400,0,68000
UJJIVAN-II.NFO,07/01/2020,10:44:42,339,338.15,1700,339.05,3400,0,68000
UJJIVAN-II.NFO,07/01/2020,10:44:45,339,338.1,1700,339.05,3400,0,68000
UJJIVAN-II.NFO,07/01/2020,10:44:52,339,338.2,1700,339.05,3400,0,68000
UJJIVAN-II.NFO,07/01/2020,10:44:55,339,338.15,1700,339.05,3400,0,68000
UJJIVAN-II.NFO,07/01/2020,10:44:58,339,338.2,1700,339.05,3400,0,68000
UJJIVAN-II.NFO,07/01/2020,10:45:04,339,338.2,1700,339.1,1700,0,68000
UJJIVAN-II.NFO,07/01/2020,10:45:09,339,338.2,1700,338.75,1700,0,68000
UJJIVAN-II.NFO,07/01/2020,10:45:14,339,338.15,1700,339.15,5100,0,68000
UJJIVAN-II.NFO,07/01/2020,10:45:19,339,338.1,1700,338.85,1700,0,68000
UJJIVAN-II.NFO,07/01/2020,10:45:23,339,338.15,1700,339.05,1700,0,68000
UJJIVAN-II.NFO,07/01/2020,10:45:27,339,338.1,1700,338.9,1700,0,68000
UJJIVAN-II.NFO,07/01/2020,10:45:40,339,338.05,1700,338.9,1700,0,68000
UJJIVAN-II.NFO,07/01/2020,10:45:42,339,338.1,1700,339.25,1700,0,68000
UJJIVAN-II.NFO,07/01/2020,10:45:45,339,338.2,1700,339,1700,0,68000
UJJIVAN-II.NFO,07/01/2020,10:45:52,339,338.15,1700,338.8,1700,0,68000
UJJIVAN-II.NFO,07/01/2020,10:45:56,339,338.2,1700,338.8,1700,0,68000
UJJIVAN-II.NFO,07/01/2020,10:46:00,339,338.15,1700,338.8,1700,0,68000
UJJIVAN-II.NFO,07/01/2020,10:46:04,339,338.15,1700,338.75,1700,0,68000
UJJIVAN-II.NFO,07/01/2020,10:46:24,339,338.15,1700,338.95,1700,0,68000
UJJIVAN-II.NFO,07/01/2020,10:46:28,339,338.2,1700,338.75,1700,0,68000
UJJIVAN-II.NFO,07/01/2020,10:46:55,339,338.2,1700,338.85,1700,0,68000
UJJIVAN-II.NFO,07/01/2020,10:46:59,339,338.15,1700,338.75,1700,0,68000
UJJIVAN-II.NFO,07/01/2020,10:47:24,339,338.2,1700,338.8,1700,0,68000
UJJIVAN-II.NFO,07/01/2020,10:47:32,339,338.15,1700,338.95,1700,0,68000
UJJIVAN-II.NFO,07/01/2020,10:47:39,339,338.1,1700,338.85,1700,0,68000
UJJIVAN-II.NFO,07/01/2020,10:48:10,339,338.05,3400,339.05,3400,0,68000
UJJIVAN-II.NFO,07/01/2020,10:48:15,339,337.85,1700,338.7,1700,0,68000
UJJIVAN-II.NFO,07/01/2020,10:48:18,339,337.95,1700,338.95,1700,0,68000
UJJIVAN-II.NFO,07/01/2020,10:48:22,339,338,1700,338.75,1700,0,68000
UJJIVAN-II.NFO,07/01/2020,10:48:35,339,338,1700,339.15,3400,0,68000
UJJIVAN-II.NFO,07/01/2020,10:48:41,339,337.9,1700,338.9,1700,0,68000
UJJIVAN-II.NFO,07/01/2020,10:48:53,339,337.7,3400,338.85,1700,0,68000
UJJIVAN-II.NFO,07/01/2020,10:49:01,339,337.7,3400,338.65,1700,0,68000
UJJIVAN-II.NFO,07/01/2020,10:49:05,339,337.7,3400,338.7,1700,0,68000
UJJIVAN-II.NFO,07/01/2020,10:49:07,339,337.7,3400,338.6,1700,0,68000
UJJIVAN-II.NFO,07/01/2020,10:49:21,339,337.65,3400,338.4,1700,0,68000
UJJIVAN-II.NFO,07/01/2020,10:49:24,339,337.65,3400,338.7,1700,0,68000
UJJIVAN-II.NFO,07/01/2020,10:49:42,339,337.65,3400,338.5,1700,0,68000
UJJIVAN-II.NFO,07/01/2020,10:49:46,339,337.65,3400,338.4,1700,0,68000
UJJIVAN-II.NFO,07/01/2020,10:49:53,339,337.65,3400,338.3,1700,0,68000
UJJIVAN-II.NFO,07/01/2020,10:50:09,339,337.65,3400,338.4,1700,0,68000
UJJIVAN-II.NFO,07/01/2020,10:50:14,339,337.65,3400,338.6,1700,0,68000
UJJIVAN-II.NFO,07/01/2020,10:50:25,339,337.65,3400,338.4,1700,0,68000
UJJIVAN-II.NFO,07/01/2020,10:50:30,339,337.65,3400,338.45,1700,0,68000
UJJIVAN-II.NFO,07/01/2020,10:50:36,339,337.65,3400,338.6,1700,0,68000
UJJIVAN-II.NFO,07/01/2020,10:50:41,339,337.65,3400,338.3,1700,0,68000
UJJIVAN-II.NFO,07/01/2020,10:51:11,339,337.65,3400,338.45,1700,0,68000
UJJIVAN-II.NFO,07/01/2020,10:51:15,339,337.65,3400,338.35,1700,0,68000
UJJIVAN-II.NFO,07/01/2020,10:51:19,339,337.65,3400,338.55,1700,0,68000
UJJIVAN-II.NFO,07/01/2020,10:51:35,339,337.65,3400,338.4,1700,0,68000
UJJIVAN-II.NFO,07/01/2020,10:51:51,339,337.65,3400,338.65,1700,0,68000
UJJIVAN-II.NFO,07/01/2020,10:51:55,339,337.65,1700,338.2,1700,0,68000
UJJIVAN-II.NFO,07/01/2020,10:52:07,339,337.05,1700,337.95,1700,0,68000
UJJIVAN-II.NFO,07/01/2020,10:52:12,339,337.15,1700,338,1700,0,68000
UJJIVAN-II.NFO,07/01/2020,10:52:17,339,337.15,1700,338.25,1700,0,68000
UJJIVAN-II.NFO,07/01/2020,10:52:22,339,337,1700,338.05,1700,0,68000
UJJIVAN-II.NFO,07/01/2020,10:52:26,339,337.1,1700,338.25,1700,0,68000
UJJIVAN-II.NFO,07/01/2020,10:52:51,339,337.2,3400,338.05,1700,0,68000
UJJIVAN-II.NFO,07/01/2020,10:53:01,339,337.1,3400,338.05,1700,0,68000
UJJIVAN-II.NFO,07/01/2020,10:53:14,339,337.1,3400,337.95,1700,0,68000
UJJIVAN-II.NFO,07/01/2020,10:53:27,339,337.1,3400,337.85,1700,0,68000
UJJIVAN-II.NFO,07/01/2020,10:53:32,339,337.1,3400,338.1,1700,0,68000
UJJIVAN-II.NFO,07/01/2020,10:53:49,339,337.1,3400,337.9,1700,0,68000
UJJIVAN-II.NFO,07/01/2020,10:54:02,339,337.1,5100,338.4,3400,0,68000
UJJIVAN-II.NFO,07/01/2020,10:54:39,339,337.2,3400,338.3,3400,0,68000
UJJIVAN-II.NFO,07/01/2020,10:55:07,339,337.2,3400,338.05,1700,0,68000
UJJIVAN-II.NFO,07/01/2020,10:55:11,339,337.2,3400,337.95,1700,0,68000
UJJIVAN-II.NFO,07/01/2020,10:55:29,339,337.05,1700,337.85,1700,0,68000
UJJIVAN-II.NFO,07/01/2020,10:55:35,339,337.15,3400,337.8,1700,0,68000
UJJIVAN-II.NFO,07/01/2020,10:55:41,339,337.15,3400,338.1,1700,0,68000
UJJIVAN-II.NFO,07/01/2020,10:55:45,339,337.15,3400,337.85,1700,0,68000
UJJIVAN-II.NFO,07/01/2020,10:55:54,339,337.15,3400,337.9,1700,0,68000
UJJIVAN-II.NFO,07/01/2020,10:55:59,339,337.15,3400,337.8,1700,0,68000
UJJIVAN-II.NFO,07/01/2020,10:56:09,339,337.15,3400,337.85,1700,0,68000
UJJIVAN-II.NFO,07/01/2020,10:56:20,339,337.15,3400,338.3,1700,0,68000
UJJIVAN-II.NFO,07/01/2020,10:56:48,339,337.15,3400,338.1,1700,0,68000
UJJIVAN-II.NFO,07/01/2020,10:56:52,339,337.15,3400,338,1700,0,68000
UJJIVAN-II.NFO,07/01/2020,10:56:57,339,337.15,3400,337.8,1700,0,68000
UJJIVAN-II.NFO,07/01/2020,10:57:01,339,337.15,3400,338.1,1700,0,68000
UJJIVAN-II.NFO,07/01/2020,10:57:05,339,337.15,3400,338,1700,0,68000
UJJIVAN-II.NFO,07/01/2020,10:57:09,339,337.15,3400,337.8,1700,0,68000
UJJIVAN-II.NFO,07/01/2020,10:57:16,339,337.15,3400,337.75,1700,0,68000
UJJIVAN-II.NFO,07/01/2020,10:57:23,339,336.85,3400,337.8,1700,0,68000
UJJIVAN-II.NFO,07/01/2020,10:57:30,339,336.85,3400,337.9,1700,0,68000
UJJIVAN-II.NFO,07/01/2020,10:57:42,339,337,1700,337.8,1700,0,68000
UJJIVAN-II.NFO,07/01/2020,10:57:48,339,337.2,3400,338,3400,0,68000
UJJIVAN-II.NFO,07/01/2020,10:58:08,339,337.15,1700,338,3400,0,68000
UJJIVAN-II.NFO,07/01/2020,10:58:23,339,337,1700,338,3400,0,68000
UJJIVAN-II.NFO,07/01/2020,10:58:34,339,336.9,3400,337.85,1700,0,68000
UJJIVAN-II.NFO,07/01/2020,10:58:39,339,336.9,3400,337.65,1700,0,68000
UJJIVAN-II.NFO,07/01/2020,10:58:56,339,336.9,3400,337.9,1700,0,68000
UJJIVAN-II.NFO,07/01/2020,10:59:02,339,336.9,3400,337.8,1700,0,68000
UJJIVAN-II.NFO,07/01/2020,10:59:08,339,336.9,3400,337.9,1700,0,68000
UJJIVAN-II.NFO,07/01/2020,10:59:13,339,336.9,3400,337.8,1700,0,68000
UJJIVAN-II.NFO,07/01/2020,10:59:39,339,336.9,3400,337.7,1700,0,68000
UJJIVAN-II.NFO,07/01/2020,10:59:45,339,336.7,1700,337.8,3400,0,68000
UJJIVAN-II.NFO,07/01/2020,10:59:51,339,336.7,1700,337.7,1700,0,68000
UJJIVAN-II.NFO,07/01/2020,10:59:55,339,336.7,3400,337.5,1700,0,68000
UJJIVAN-II.NFO,07/01/2020,11:00:01,339,336.7,3400,337.4,1700,0,68000
UJJIVAN-II.NFO,07/01/2020,11:00:13,339,336.6,3400,337.4,1700,0,68000
UJJIVAN-II.NFO,07/01/2020,11:00:20,339,336.6,1700,337.35,1700,0,68000
UJJIVAN-II.NFO,07/01/2020,11:00:26,339,336.6,1700,337.25,1700,0,68000
UJJIVAN-II.NFO,07/01/2020,11:00:34,339,335.9,5100,337.35,1700,0,68000
UJJIVAN-II.NFO,07/01/2020,11:00:41,339,336,5100,337.55,1700,0,68000
UJJIVAN-II.NFO,07/01/2020,11:00:47,339,336,5100,337.45,1700,0,68000
UJJIVAN-II.NFO,07/01/2020,11:01:01,339,336,5100,337.35,1700,0,68000
UJJIVAN-II.NFO,07/01/2020,11:01:09,339,336,5100,337.45,1700,0,68000
UJJIVAN-II.NFO,07/01/2020,11:01:24,339,336,5100,337.35,1700,0,68000
UJJIVAN-II.NFO,07/01/2020,11:01:39,339,336.6,3400,337.25,1700,0,68000
UJJIVAN-II.NFO,07/01/2020,11:01:46,339,336.85,3400,337.65,1700,0,68000
UJJIVAN-II.NFO,07/01/2020,11:01:55,339,336.85,3400,337.7,1700,0,68000
UJJIVAN-II.NFO,07/01/2020,11:02:02,339,336.85,3400,337.6,1700,0,68000
UJJIVAN-II.NFO,07/01/2020,11:02:09,339,336.85,3400,337.95,1700,0,68000
UJJIVAN-II.NFO,07/01/2020,11:02:16,339,336.85,3400,337.75,1700,0,68000
UJJIVAN-II.NFO,07/01/2020,11:02:22,339,336.85,3400,337.65,1700,0,68000
UJJIVAN-II.NFO,07/01/2020,11:02:29,339,336.7,3400,337.45,1700,0,68000
UJJIVAN-II.NFO,07/01/2020,11:02:37,339,336.6,3400,337.85,1700,0,68000
UJJIVAN-II.NFO,07/01/2020,11:02:43,339,336.85,1700,337.8,1700,0,68000
UJJIVAN-II.NFO,07/01/2020,11:02:48,339,337,1700,337.9,1700,0,68000
UJJIVAN-II.NFO,07/01/2020,11:02:56,339,336.9,1700,337.8,1700,0,68000
UJJIVAN-II.NFO,07/01/2020,11:03:02,339,337.1,3400,338.25,3400,0,68000
UJJIVAN-II.NFO,07/01/2020,11:03:09,339,336.65,1700,337.95,1700,0,68000
UJJIVAN-II.NFO,07/01/2020,11:03:16,339,336.75,3400,337.9,1700,0,68000
UJJIVAN-II.NFO,07/01/2020,11:03:22,339,336.75,3400,337.95,1700,0,68000
UJJIVAN-II.NFO,07/01/2020,11:03:28,339,337.15,3400,338,3400,0,68000
UJJIVAN-II.NFO,07/01/2020,11:03:34,339,337.1,1700,338,3400,0,68000
UJJIVAN-II.NFO,07/01/2020,11:03:40,339,337.1,1700,337.8,1700,0,68000
UJJIVAN-II.NFO,07/01/2020,11:03:48,339,337.2,1700,338.05,1700,0,68000
UJJIVAN-II.NFO,07/01/2020,11:03:54,339,337.2,1700,337.95,1700,0,68000
UJJIVAN-II.NFO,07/01/2020,11:04:01,339,337.1,1700,337.85,1700,0,68000
UJJIVAN-II.NFO,07/01/2020,11:04:08,339,337,3400,337.8,1700,0,68000
UJJIVAN-II.NFO,07/01/2020,11:04:14,339,337,5100,337.95,1700,0,68000
UJJIVAN-II.NFO,07/01/2020,11:04:21,339,337,3400,337.85,1700,0,68000
UJJIVAN-II.NFO,07/01/2020,11:04:40,337.85,337.55,1700,338.9,1700,1700,66300
UJJIVAN-II.NFO,07/01/2020,11:04:40,337.85,337.55,1700,338.9,1700,0,66300
UJJIVAN-II.NFO,07/01/2020,11:04:47,337.85,337.7,1700,338.6,1700,0,66300
UJJIVAN-II.NFO,07/01/2020,11:04:54,337.85,337.75,1700,338.65,1700,0,66300
UJJIVAN-II.NFO,07/01/2020,11:05:02,337.85,337.7,3400,338.65,1700,0,66300
UJJIVAN-II.NFO,07/01/2020,11:05:08,337.85,337.7,5100,338.85,1700,0,66300
UJJIVAN-II.NFO,07/01/2020,11:05:15,337.85,337.25,1700,338.05,1700,0,66300
UJJIVAN-II.NFO,07/01/2020,11:05:22,337.85,337.35,1700,338.25,1700,0,66300
UJJIVAN-II.NFO,07/01/2020,11:05:34,337.85,337.35,1700,338.35,1700,0,66300
UJJIVAN-II.NFO,07/01/2020,11:05:41,337.85,337.25,1700,338.25,1700,0,66300
UJJIVAN-II.NFO,07/01/2020,11:05:54,337.85,337.6,1700,338.5,1700,0,66300
UJJIVAN-II.NFO,07/01/2020,11:06:08,337.85,337.85,1700,338.6,1700,0,66300
UJJIVAN-II.NFO,07/01/2020,11:06:28,337.85,337.65,1700,338.5,1700,0,66300
UJJIVAN-II.NFO,07/01/2020,11:06:44,337.85,336.95,3400,338.2,1700,0,66300
UJJIVAN-II.NFO,07/01/2020,11:06:49,337.85,336.95,3400,338,1700,0,66300
UJJIVAN-II.NFO,07/01/2020,11:07:06,337.85,336.95,3400,337.95,1700,0,66300
UJJIVAN-II.NFO,07/01/2020,11:07:16,337.85,336.95,3400,337.75,1700,0,66300
UJJIVAN-II.NFO,07/01/2020,11:07:27,337.85,336.95,3400,338,1700,0,66300
UJJIVAN-II.NFO,07/01/2020,11:07:37,337.85,336.95,3400,337.9,1700,0,66300
UJJIVAN-II.NFO,07/01/2020,11:07:42,337.85,336.95,3400,337.95,1700,0,66300
UJJIVAN-II.NFO,07/01/2020,11:08:11,337.85,336.95,3400,337.9,1700,0,66300
UJJIVAN-II.NFO,07/01/2020,11:08:16,337.85,336.95,3400,337.85,1700,0,66300
UJJIVAN-II.NFO,07/01/2020,11:08:26,337.85,336.95,3400,338.15,1700,0,66300
UJJIVAN-II.NFO,07/01/2020,11:08:32,337.85,336.95,1700,338.05,1700,0,66300
UJJIVAN-II.NFO,07/01/2020,11:08:37,337.85,336.55,1700,337.6,1700,0,66300
UJJIVAN-II.NFO,07/01/2020,11:08:42,337.85,336.75,1700,337.7,1700,0,66300
UJJIVAN-II.NFO,07/01/2020,11:08:47,337.85,336.65,1700,337.7,1700,0,66300
UJJIVAN-II.NFO,07/01/2020,11:08:51,337.85,336.75,1700,337.4,1700,0,66300
UJJIVAN-II.NFO,07/01/2020,11:08:55,337.85,336.75,1700,337.6,1700,0,66300
UJJIVAN-II.NFO,07/01/2020,11:09:08,337.85,336.75,1700,337.7,1700,0,66300
UJJIVAN-II.NFO,07/01/2020,11:09:14,337.85,336.85,1700,337.95,1700,0,66300
UJJIVAN-II.NFO,07/01/2020,11:09:19,337.85,336.7,3400,337.95,1700,0,66300
UJJIVAN-II.NFO,07/01/2020,11:09:24,337.85,336.7,3400,337.7,1700,0,66300
UJJIVAN-II.NFO,07/01/2020,11:09:30,337.85,336.7,3400,337.6,1700,0,66300
UJJIVAN-II.NFO,07/01/2020,11:09:35,337.85,336.7,3400,337.65,1700,0,66300
UJJIVAN-II.NFO,07/01/2020,11:09:40,337.85,336.7,3400,337.75,1700,0,66300
UJJIVAN-II.NFO,07/01/2020,11:09:54,337.85,336.7,3400,337.65,1700,0,66300
UJJIVAN-II.NFO,07/01/2020,11:10:06,337.85,336.7,3400,337.75,1700,0,66300
UJJIVAN-II.NFO,07/01/2020,11:10:11,337.85,336.7,3400,337.5,1700,0,66300
UJJIVAN-II.NFO,07/01/2020,11:10:16,337.85,336.7,3400,337.55,1700,0,66300
UJJIVAN-II.NFO,07/01/2020,11:10:21,337.85,336.7,3400,337.6,1700,0,66300
UJJIVAN-II.NFO,07/01/2020,11:10:26,337.85,336.7,3400,337.55,1700,0,66300
UJJIVAN-II.NFO,07/01/2020,11:10:30,337.85,336.7,3400,337.95,3400,0,66300
UJJIVAN-II.NFO,07/01/2020,11:10:33,337.85,336.7,3400,337.8,1700,0,66300
UJJIVAN-II.NFO,07/01/2020,11:10:37,337.85,336.7,3400,337.7,1700,0,66300
UJJIVAN-II.NFO,07/01/2020,11:10:44,337.85,336.7,3400,337.6,1700,0,66300
UJJIVAN-II.NFO,07/01/2020,11:10:47,337.85,336.7,3400,337.95,1700,0,66300
UJJIVAN-II.NFO,07/01/2020,11:10:58,337.85,336.7,5100,337.85,1700,0,66300
UJJIVAN-II.NFO,07/01/2020,11:11:06,337.85,336.7,3400,337.65,1700,0,66300
UJJIVAN-II.NFO,07/01/2020,11:11:11,337.85,336.7,3400,337.45,1700,0,66300
UJJIVAN-II.NFO,07/01/2020,11:11:17,337.85,336.6,3400,337.3,1700,0,66300
UJJIVAN-II.NFO,07/01/2020,11:11:24,337.85,336.4,3400,337.35,1700,0,66300
UJJIVAN-II.NFO,07/01/2020,11:11:32,337.85,336.25,3400,337.15,1700,0,66300
UJJIVAN-II.NFO,07/01/2020,11:11:40,337.85,336.05,1700,337.05,1700,0,66300
UJJIVAN-II.NFO,07/01/2020,11:11:47,337.85,336.15,1700,337.1,1700,0,66300
UJJIVAN-II.NFO,07/01/2020,11:11:53,337.85,336.25,3400,337.2,1700,0,66300
UJJIVAN-II.NFO,07/01/2020,11:12:00,337.85,336.05,3400,336.7,1700,0,66300
UJJIVAN-II.NFO,07/01/2020,11:12:09,337.85,336.05,3400,337,3400,0,66300
UJJIVAN-II.NFO,07/01/2020,11:12:45,337.85,336.05,3400,337.05,1700,0,66300
UJJIVAN-II.NFO,07/01/2020,11:12:51,337.85,336.05,3400,337.25,1700,0,66300
UJJIVAN-II.NFO,07/01/2020,11:12:56,337.85,336.05,3400,337,1700,0,66300
UJJIVAN-II.NFO,07/01/2020,11:13:06,337.85,336.05,3400,337.15,1700,0,66300
UJJIVAN-II.NFO,07/01/2020,11:13:11,337.85,336.05,3400,336.9,1700,0,66300
UJJIVAN-II.NFO,07/01/2020,11:13:16,337.85,336.05,3400,337.05,1700,0,66300
UJJIVAN-II.NFO,07/01/2020,11:13:28,337.85,336.05,3400,336.95,1700,0,66300
UJJIVAN-II.NFO,07/01/2020,11:13:40,337.85,336.05,3400,336.9,1700,0,66300
UJJIVAN-II.NFO,07/01/2020,11:14:06,337.85,336.05,3400,337,1700,0,66300
UJJIVAN-II.NFO,07/01/2020,11:14:11,337.85,336.05,3400,336.9,1700,0,66300
UJJIVAN-II.NFO,07/01/2020,11:14:17,337.85,336.05,5100,337.55,1700,0,66300
UJJIVAN-II.NFO,07/01/2020,11:14:22,337.85,336.05,5100,337.1,1700,0,66300
UJJIVAN-II.NFO,07/01/2020,11:14:45,337.85,336.05,5100,337.25,1700,0,66300
UJJIVAN-II.NFO,07/01/2020,11:14:50,337.85,336.05,5100,337.15,1700,0,66300
UJJIVAN-II.NFO,07/01/2020,11:15:01,337.85,336.05,5100,337.25,1700,0,66300
UJJIVAN-II.NFO,07/01/2020,11:15:08,337.85,336.05,5100,337,1700,0,66300
UJJIVAN-II.NFO,07/01/2020,11:15:14,337.85,336.05,5100,337.05,1700,0,66300
UJJIVAN-II.NFO,07/01/2020,11:15:20,337.85,336.05,5100,337.15,1700,0,66300
UJJIVAN-II.NFO,07/01/2020,11:15:25,337.85,336.05,3400,336.9,1700,0,66300
UJJIVAN-II.NFO,07/01/2020,11:15:31,337.85,336.05,3400,336.85,1700,0,66300
UJJIVAN-II.NFO,07/01/2020,11:15:36,337.85,336.05,3400,336.75,1700,0,66300
UJJIVAN-II.NFO,07/01/2020,11:15:45,337.85,336.05,3400,337.1,1700,0,66300
UJJIVAN-II.NFO,07/01/2020,11:15:49,337.85,336.05,3400,336.8,1700,0,66300
UJJIVAN-II.NFO,07/01/2020,11:15:58,337.85,336.05,3400,336.95,1700,0,66300
UJJIVAN-II.NFO,07/01/2020,11:16:03,337.85,336,1700,336.8,1700,0,66300
UJJIVAN-II.NFO,07/01/2020,11:16:09,337.85,335.9,1700,336.65,1700,0,66300
UJJIVAN-II.NFO,07/01/2020,11:16:15,337.85,336,1700,336.75,1700,0,66300
UJJIVAN-II.NFO,07/01/2020,11:16:21,337.85,335.9,3400,336.85,1700,0,66300
UJJIVAN-II.NFO,07/01/2020,11:16:28,337.85,335.9,3400,336.75,1700,0,66300
UJJIVAN-II.NFO,07/01/2020,11:16:33,337.85,335.9,3400,336.65,1700,0,66300
UJJIVAN-II.NFO,07/01/2020,11:16:42,337.85,335.9,3400,336.75,1700,0,66300
UJJIVAN-II.NFO,07/01/2020,11:17:09,336.65,335.9,3400,337.1,1700,1700,68000
UJJIVAN-II.NFO,07/01/2020,11:17:09,336.65,335.9,3400,337.1,1700,0,68000
UJJIVAN-II.NFO,07/01/2020,11:17:14,336.65,335.9,3400,336.9,1700,0,68000
UJJIVAN-II.NFO,07/01/2020,11:17:20,336.65,335.8,1700,337.25,1700,0,68000
UJJIVAN-II.NFO,07/01/2020,11:17:25,336.65,335.8,1700,337.15,1700,0,68000
UJJIVAN-II.NFO,07/01/2020,11:17:30,336.65,336.05,1700,336.8,1700,0,68000
UJJIVAN-II.NFO,07/01/2020,11:17:43,336.65,336,1700,337.05,1700,0,68000
UJJIVAN-II.NFO,07/01/2020,11:17:54,336.65,336.15,1700,337.1,1700,0,68000
UJJIVAN-II.NFO,07/01/2020,11:17:58,336.65,336.1,1700,336.65,1700,0,68000
UJJIVAN-II.NFO,07/01/2020,11:18:07,336.65,336,1700,337.1,1700,0,68000
UJJIVAN-II.NFO,07/01/2020,11:18:12,336.65,336.1,1700,337,5100,0,68000
UJJIVAN-II.NFO,07/01/2020,11:18:17,336.65,336.15,1700,337.2,1700,0,68000
UJJIVAN-II.NFO,07/01/2020,11:18:22,336.65,336.2,1700,337,1700,0,68000
UJJIVAN-II.NFO,07/01/2020,11:18:26,336.65,336.2,1700,337.35,1700,0,68000
UJJIVAN-II.NFO,07/01/2020,11:18:31,336.65,336.4,1700,337.1,1700,0,68000
UJJIVAN-II.NFO,07/01/2020,11:18:36,336.65,336.25,1700,337.35,1700,0,68000
UJJIVAN-II.NFO,07/01/2020,11:18:43,336.65,336.25,3400,337.35,1700,0,68000
UJJIVAN-II.NFO,07/01/2020,11:18:51,336.65,336.4,1700,337.2,1700,0,68000
UJJIVAN-II.NFO,07/01/2020,11:18:57,336.65,336.3,1700,337.15,1700,0,68000
UJJIVAN-II.NFO,07/01/2020,11:19:03,336.65,336.35,1700,337.4,1700,0,68000
UJJIVAN-II.NFO,07/01/2020,11:19:09,336.65,336.5,1700,337.15,1700,0,68000
UJJIVAN-II.NFO,07/01/2020,11:19:22,336.65,335.85,3400,337.15,3400,0,68000
UJJIVAN-II.NFO,07/01/2020,11:19:30,336.65,335.85,5100,337.3,1700,0,68000
UJJIVAN-II.NFO,07/01/2020,11:19:37,336.65,335.85,5100,337,1700,0,68000
UJJIVAN-II.NFO,07/01/2020,11:19:41,336.65,335.85,5100,336.9,1700,0,68000
UJJIVAN-II.NFO,07/01/2020,11:19:48,336.65,335.85,5100,337.15,1700,0,68000
UJJIVAN-II.NFO,07/01/2020,11:19:57,336.65,335.85,5100,337.05,1700,0,68000
UJJIVAN-II.NFO,07/01/2020,11:20:06,336.65,335.85,5100,336.95,1700,0,68000
UJJIVAN-II.NFO,07/01/2020,11:20:11,336.65,335.85,5100,337.05,1700,0,68000
UJJIVAN-II.NFO,07/01/2020,11:20:28,336.65,335.85,6800,337.25,1700,0,68000
UJJIVAN-II.NFO,07/01/2020,11:20:39,336.65,335.85,6800,337.35,1700,0,68000
UJJIVAN-II.NFO,07/01/2020,11:20:44,336.65,335.85,6800,337.15,1700,0,68000
UJJIVAN-II.NFO,07/01/2020,11:21:07,336.65,335.85,6800,337.45,1700,0,68000
UJJIVAN-II.NFO,07/01/2020,11:21:21,336.65,335.85,6800,337.15,1700,0,68000
UJJIVAN-II.NFO,07/01/2020,11:21:25,336.65,335.85,6800,337.35,1700,0,68000
UJJIVAN-II.NFO,07/01/2020,11:21:30,336.65,336.2,1700,336.95,1700,0,68000
UJJIVAN-II.NFO,07/01/2020,11:21:36,336.65,336.05,3400,336.95,1700,0,68000
UJJIVAN-II.NFO,07/01/2020,11:21:46,336.65,336.05,5100,337.15,1700,0,68000
UJJIVAN-II.NFO,07/01/2020,11:21:54,336.65,336.05,5100,337.35,1700,0,68000
UJJIVAN-II.NFO,07/01/2020,11:21:59,336.65,336.05,5100,337.15,1700,0,68000
UJJIVAN-II.NFO,07/01/2020,11:22:04,336.65,336.05,5100,337.05,1700,0,68000
UJJIVAN-II.NFO,07/01/2020,11:22:16,336.65,336.05,5100,337.4,1700,0,68000
UJJIVAN-II.NFO,07/01/2020,11:22:28,336.65,336.05,5100,337.3,1700,0,68000
UJJIVAN-II.NFO,07/01/2020,11:22:37,336.65,336.15,5100,337.15,1700,0,68000
UJJIVAN-II.NFO,07/01/2020,11:22:47,336.65,336.15,5100,337.3,1700,0,68000
UJJIVAN-II.NFO,07/01/2020,11:22:50,336.65,336.15,5100,337.45,1700,0,68000
UJJIVAN-II.NFO,07/01/2020,11:22:54,336.65,336.15,5100,337.4,1700,0,68000
UJJIVAN-II.NFO,07/01/2020,11:22:59,336.65,336.15,5100,337.35,1700,0,68000
UJJIVAN-II.NFO,07/01/2020,11:23:13,336.65,336.15,5100,337.05,1700,0,68000
UJJIVAN-II.NFO,07/01/2020,11:23:18,336.65,336.15,5100,337.5,1700,0,68000
UJJIVAN-II.NFO,07/01/2020,11:23:28,336.65,336.15,5100,337.3,1700,0,68000
UJJIVAN-II.NFO,07/01/2020,11:23:32,336.65,336.15,5100,337.4,1700,0,68000
UJJIVAN-II.NFO,07/01/2020,11:23:41,336.65,336.15,5100,337.55,1700,0,68000
UJJIVAN-II.NFO,07/01/2020,11:23:46,336.65,336.15,5100,337.45,1700,0,68000
UJJIVAN-II.NFO,07/01/2020,11:23:54,336.65,336.15,6800,337.5,1700,0,68000
UJJIVAN-II.NFO,07/01/2020,11:24:03,336.65,336.15,6800,337.55,1700,0,68000
UJJIVAN-II.NFO,07/01/2020,11:24:08,336.65,336.15,6800,337.35,1700,0,68000
UJJIVAN-II.NFO,07/01/2020,11:24:13,336.65,336.15,6800,337.7,1700,0,68000
UJJIVAN-II.NFO,07/01/2020,11:24:18,336.65,336.15,6800,337.55,1700,0,68000
UJJIVAN-II.NFO,07/01/2020,11:24:27,336.65,336.15,6800,337.45,1700,0,68000
UJJIVAN-II.NFO,07/01/2020,11:24:36,336.65,336.15,6800,337.35,1700,0,68000
UJJIVAN-II.NFO,07/01/2020,11:24:45,336.65,336.15,6800,337.55,1700,0,68000
UJJIVAN-II.NFO,07/01/2020,11:24:54,336.65,336.15,6800,337.45,1700,0,68000
UJJIVAN-II.NFO,07/01/2020,11:24:58,336.65,336.15,6800,337.35,1700,0,68000
UJJIVAN-II.NFO,07/01/2020,11:25:03,336.65,336.15,6800,337.75,1700,0,68000
UJJIVAN-II.NFO,07/01/2020,11:25:13,336.65,336.8,1700,337.75,1700,0,68000
UJJIVAN-II.NFO,07/01/2020,11:25:17,336.65,336.9,1700,338.05,1700,0,68000
UJJIVAN-II.NFO,07/01/2020,11:25:22,336.65,337,1700,337.8,1700,0,68000
UJJIVAN-II.NFO,07/01/2020,11:25:28,336.65,337.05,1700,338,1700,0,68000
UJJIVAN-II.NFO,07/01/2020,11:25:36,336.65,337,1700,337.7,3400,0,68000
UJJIVAN-II.NFO,07/01/2020,11:25:40,336.65,336.9,1700,337.7,3400,0,68000
UJJIVAN-II.NFO,07/01/2020,11:25:46,336.65,337.1,1700,338,1700,0,68000
UJJIVAN-II.NFO,07/01/2020,11:25:55,336.65,336.95,1700,337.9,1700,0,68000
UJJIVAN-II.NFO,07/01/2020,11:25:59,336.65,337.15,1700,337.8,3400,0,68000
UJJIVAN-II.NFO,07/01/2020,11:26:06,336.65,337.2,1700,337.8,3400,0,68000
UJJIVAN-II.NFO,07/01/2020,11:26:35,336.65,337.2,1700,337.9,1700,0,68000
UJJIVAN-II.NFO,07/01/2020,11:26:39,336.65,337.25,1700,337.8,1700,0,68000
UJJIVAN-II.NFO,07/01/2020,11:26:44,336.65,336.95,3400,337.75,1700,0,68000
UJJIVAN-II.NFO,07/01/2020,11:27:00,336.65,336.95,3400,337.55,1700,0,68000
UJJIVAN-II.NFO,07/01/2020,11:27:07,336.65,336.95,3400,337.85,1700,0,68000
UJJIVAN-II.NFO,07/01/2020,11:27:16,336.65,336.95,3400,337.65,1700,0,68000
UJJIVAN-II.NFO,07/01/2020,11:27:37,336.65,336.95,3400,337.75,1700,0,68000
UJJIVAN-II.NFO,07/01/2020,11:27:52,336.65,336.95,3400,337.85,3400,0,68000
UJJIVAN-II.NFO,07/01/2020,11:28:00,336.65,336.95,3400,337.9,3400,0,68000
UJJIVAN-II.NFO,07/01/2020,11:31:51,336.65,336.95,5100,337.9,3400,0,68000
UJJIVAN-II.NFO,07/01/2020,11:32:03,336.65,337.55,1700,338.3,3400,0,68000
UJJIVAN-II.NFO,07/01/2020,11:32:09,336.65,337.25,1700,338.3,3400,0,68000
UJJIVAN-II.NFO,07/01/2020,11:32:14,336.65,337.35,1700,338.3,3400,0,68000
UJJIVAN-II.NFO,07/01/2020,11:32:29,336.65,337.45,1700,338.3,3400,0,68000
UJJIVAN-II.NFO,07/01/2020,11:32:55,336.65,337.35,1700,338.3,3400,0,68000
UJJIVAN-II.NFO,07/01/2020,11:33:06,336.65,337.45,1700,338.3,3400,0,68000
UJJIVAN-II.NFO,07/01/2020,11:33:10,336.65,337.35,1700,338.3,3400,0,68000
UJJIVAN-II.NFO,07/01/2020,11:33:17,336.65,337.45,1700,338.3,3400,0,68000
UJJIVAN-II.NFO,07/01/2020,11:33:23,336.65,337.35,1700,338.3,3400,0,68000
UJJIVAN-II.NFO,07/01/2020,11:33:26,336.65,337.4,1700,338.3,3400,0,68000
UJJIVAN-II.NFO,07/01/2020,11:33:37,336.65,337.5,1700,338.3,3400,0,68000
UJJIVAN-II.NFO,07/01/2020,11:34:00,336.65,337.45,1700,338.3,3400,0,68000
UJJIVAN-II.NFO,07/01/2020,11:34:06,336.65,337.6,1700,338.45,3400,0,68000
UJJIVAN-II.NFO,07/01/2020,11:34:14,336.65,337.8,1700,338.45,3400,0,68000
UJJIVAN-II.NFO,07/01/2020,11:34:21,336.65,337.75,1700,338.45,3400,0,68000
UJJIVAN-II.NFO,07/01/2020,11:34:33,336.65,337.55,3400,338.8,3400,0,68000
UJJIVAN-II.NFO,07/01/2020,11:35:04,336.65,337.55,5100,338.7,3400,0,68000
UJJIVAN-II.NFO,07/01/2020,11:35:29,336.65,337.55,5100,338.8,3400,0,68000
UJJIVAN-II.NFO,07/01/2020,11:35:41,338.8,337.55,5100,339.4,1700,1700,68000
UJJIVAN-II.NFO,07/01/2020,11:35:47,338.8,337.55,5100,339.45,1700,0,68000
UJJIVAN-II.NFO,07/01/2020,11:35:58,338.8,338.15,1700,339.65,1700,0,68000
UJJIVAN-II.NFO,07/01/2020,11:36:03,338.8,338.3,1700,339.4,1700,0,68000
UJJIVAN-II.NFO,07/01/2020,11:36:12,338.8,338.25,1700,339.6,1700,0,68000
UJJIVAN-II.NFO,07/01/2020,11:36:17,338.8,338.25,1700,339.25,1700,0,68000
UJJIVAN-II.NFO,07/01/2020,11:36:22,338.8,338.3,1700,339.6,1700,0,68000
UJJIVAN-II.NFO,07/01/2020,11:36:27,338.8,338.2,1700,339.25,1700,0,68000
UJJIVAN-II.NFO,07/01/2020,11:36:33,338.8,338.3,1700,339.45,1700,0,68000
UJJIVAN-II.NFO,07/01/2020,11:36:38,338.8,338.25,1700,339.7,3400,0,68000
UJJIVAN-II.NFO,07/01/2020,11:36:43,338.8,337.9,3400,339.2,1700,0,68000
UJJIVAN-II.NFO,07/01/2020,11:36:49,338.8,338,1700,338.9,1700,0,68000
UJJIVAN-II.NFO,07/01/2020,11:36:55,338.8,338,1700,338.8,1700,0,68000
UJJIVAN-II.NFO,07/01/2020,11:37:02,338.8,337.8,1700,338.85,1700,0,68000
UJJIVAN-II.NFO,07/01/2020,11:37:08,338.8,337.7,1700,338.75,1700,0,68000
UJJIVAN-II.NFO,07/01/2020,11:37:28,338.8,337.85,1700,338.95,1700,0,68000
UJJIVAN-II.NFO,07/01/2020,11:37:30,338.8,337.75,1700,338.75,1700,0,68000
UJJIVAN-II.NFO,07/01/2020,11:37:32,338.8,337.6,1700,338.55,1700,0,68000
UJJIVAN-II.NFO,07/01/2020,11:37:38,338.8,337.7,1700,338.9,1700,0,68000
UJJIVAN-II.NFO,07/01/2020,11:37:39,338.8,337.9,1700,339.15,1700,0,68000
UJJIVAN-II.NFO,07/01/2020,11:37:40,338.8,337.8,1700,338.9,1700,0,68000
UJJIVAN-II.NFO,07/01/2020,11:37:42,338.8,337.8,1700,338.7,1700,0,68000
UJJIVAN-II.NFO,07/01/2020,11:37:47,338.8,337.55,3400,338.7,1700,0,68000
UJJIVAN-II.NFO,07/01/2020,11:37:51,338.8,337.55,3400,338.5,1700,0,68000
UJJIVAN-II.NFO,07/01/2020,11:38:07,338.8,337.55,3400,338.3,1700,0,68000
UJJIVAN-II.NFO,07/01/2020,11:38:08,338.8,337.55,3400,338.75,1700,0,68000
UJJIVAN-II.NFO,07/01/2020,11:38:09,338.8,337.55,3400,338.65,1700,0,68000
UJJIVAN-II.NFO,07/01/2020,11:38:10,338.8,337.55,3400,338.45,1700,0,68000
UJJIVAN-II.NFO,07/01/2020,11:38:18,338.8,337.55,3400,338.7,1700,0,68000
UJJIVAN-II.NFO,07/01/2020,11:38:22,338.8,337.55,3400,338.6,1700,0,68000
UJJIVAN-II.NFO,07/01/2020,11:38:26,338.8,337.55,3400,338.85,1700,0,68000
UJJIVAN-II.NFO,07/01/2020,11:38:30,338.8,337.55,3400,338.6,1700,0,68000
UJJIVAN-II.NFO,07/01/2020,11:38:49,338.8,337.55,3400,338.4,1700,0,68000
UJJIVAN-II.NFO,07/01/2020,11:38:56,338.8,337.55,3400,338.8,1700,0,68000
UJJIVAN-II.NFO,07/01/2020,11:38:59,338.8,337.55,3400,338.85,1700,0,68000
UJJIVAN-II.NFO,07/01/2020,11:39:03,338.8,337.55,3400,338.5,1700,0,68000
UJJIVAN-II.NFO,07/01/2020,11:39:13,338.8,337.55,3400,338.65,1700,0,68000
UJJIVAN-II.NFO,07/01/2020,11:39:17,338.8,337.55,3400,338.7,1700,0,68000
UJJIVAN-II.NFO,07/01/2020,11:39:21,338.8,337.55,3400,339,1700,0,68000
UJJIVAN-II.NFO,07/01/2020,11:39:27,338.8,337.55,3400,338.65,1700,0,68000
UJJIVAN-II.NFO,07/01/2020,11:39:32,338.8,337.55,3400,338.55,1700,0,68000
UJJIVAN-II.NFO,07/01/2020,11:39:37,338.8,337.55,3400,338.4,1700,0,68000
UJJIVAN-II.NFO,07/01/2020,11:39:46,338.8,337.55,3400,338.7,1700,0,68000
UJJIVAN-II.NFO,07/01/2020,11:39:53,338.8,337.15,3400,338.3,1700,0,68000
UJJIVAN-II.NFO,07/01/2020,11:40:01,338.8,337.15,3400,338.15,1700,0,68000
UJJIVAN-II.NFO,07/01/2020,11:40:13,338.8,337.15,3400,337.95,1700,0,68000
UJJIVAN-II.NFO,07/01/2020,11:40:17,338.8,337.15,3400,338.15,1700,0,68000
UJJIVAN-II.NFO,07/01/2020,11:40:27,338.8,337.15,3400,337.95,1700,0,68000
UJJIVAN-II.NFO,07/01/2020,11:40:55,338.8,337.15,3400,338,1700,0,68000
UJJIVAN-II.NFO,07/01/2020,11:41:02,338.8,337.15,3400,337.9,1700,0,68000
UJJIVAN-II.NFO,07/01/2020,11:41:10,338.8,336.9,3400,337.65,3400,0,68000
UJJIVAN-II.NFO,07/01/2020,11:41:15,338.8,336.65,3400,337.5,1700,0,68000
UJJIVAN-II.NFO,07/01/2020,11:41:19,338.8,336.65,3400,337.35,1700,0,68000
UJJIVAN-II.NFO,07/01/2020,11:41:33,338.8,336.65,3400,337.3,1700,0,68000
UJJIVAN-II.NFO,07/01/2020,11:41:36,338.8,336.65,3400,337.7,1700,0,68000
UJJIVAN-II.NFO,07/01/2020,11:41:39,338.8,336.65,3400,337.6,5100,0,68000
UJJIVAN-II.NFO,07/01/2020,11:41:52,338.8,336.65,3400,337.5,1700,0,68000
UJJIVAN-II.NFO,07/01/2020,11:41:54,338.8,336.65,3400,337.35,3400,0,68000
UJJIVAN-II.NFO,07/01/2020,11:41:58,338.8,336.65,3400,337.25,1700,0,68000
UJJIVAN-II.NFO,07/01/2020,11:42:06,338.8,336.45,1700,337.25,1700,0,68000
UJJIVAN-II.NFO,07/01/2020,11:42:14,338.8,336.55,1700,337.25,1700,0,68000
UJJIVAN-II.NFO,07/01/2020,11:42:18,338.8,336.65,1700,337.25,1700,0,68000
UJJIVAN-II.NFO,07/01/2020,11:42:21,338.8,336.55,1700,337.25,1700,0,68000
UJJIVAN-II.NFO,07/01/2020,11:42:41,338.8,336.65,3400,337.35,1700,0,68000
UJJIVAN-II.NFO,07/01/2020,11:42:50,338.8,336.55,1700,337.35,1700,0,68000
UJJIVAN-II.NFO,07/01/2020,11:42:54,338.8,336.65,3400,337.45,1700,0,68000
UJJIVAN-II.NFO,07/01/2020,11:43:05,338.8,336.65,3400,337.65,1700,0,68000
UJJIVAN-II.NFO,07/01/2020,11:43:09,338.8,336.65,3400,337.35,1700,0,68000
UJJIVAN-II.NFO,07/01/2020,11:43:23,338.8,336.65,3400,337.75,1700,0,68000
UJJIVAN-II.NFO,07/01/2020,11:43:31,338.8,336.65,3400,337.65,1700,0,68000
UJJIVAN-II.NFO,07/01/2020,11:43:46,338.8,336.65,5100,337.85,1700,0,68000
UJJIVAN-II.NFO,07/01/2020,11:43:50,338.8,336.65,5100,338,1700,0,68000
UJJIVAN-II.NFO,07/01/2020,11:44:04,338.8,336.65,5100,337.9,1700,0,68000
UJJIVAN-II.NFO,07/01/2020,11:44:20,338.8,336.65,5100,337.8,1700,0,68000
UJJIVAN-II.NFO,07/01/2020,11:44:24,338.8,336.65,5100,337.9,1700,0,68000
UJJIVAN-II.NFO,07/01/2020,11:44:44,338.8,336.65,3400,337.6,1700,0,68000
UJJIVAN-II.NFO,07/01/2020,11:44:48,338.8,336.65,3400,337.85,1700,0,68000
UJJIVAN-II.NFO,07/01/2020,11:45:09,338.8,336.65,3400,337.55,1700,0,68000
UJJIVAN-II.NFO,07/01/2020,11:45:20,338.8,336.65,3400,337.7,1700,0,68000
UJJIVAN-II.NFO,07/01/2020,11:45:27,338.8,336.65,3400,337.6,1700,0,68000
UJJIVAN-II.NFO,07/01/2020,11:45:37,338.8,336.65,3400,337.5,1700,0,68000
UJJIVAN-II.NFO,07/01/2020,11:45:54,338.8,336.65,3400,337.6,1700,0,68000
UJJIVAN-II.NFO,07/01/2020,11:46:07,338.8,336.65,3400,337.5,1700,0,68000
UJJIVAN-II.NFO,07/01/2020,11:46:29,338.8,336.65,3400,337.7,1700,0,68000
UJJIVAN-II.NFO,07/01/2020,11:46:35,338.8,336.65,3400,337.9,1700,0,68000
UJJIVAN-II.NFO,07/01/2020,11:46:38,338.8,336.65,3400,337.8,1700,0,68000
UJJIVAN-II.NFO,07/01/2020,11:46:56,338.8,336.65,3400,338,1700,0,68000
UJJIVAN-II.NFO,07/01/2020,11:46:58,338.8,336.65,3400,337.85,1700,0,68000
UJJIVAN-II.NFO,07/01/2020,11:47:01,338.8,336.65,3400,337.75,3400,0,68000
UJJIVAN-II.NFO,07/01/2020,11:47:07,338.8,336.65,5100,337.75,3400,0,68000
UJJIVAN-II.NFO,07/01/2020,11:47:31,338.8,336.65,3400,337.75,3400,0,68000
UJJIVAN-II.NFO,07/01/2020,11:47:54,338.8,336.65,5100,337.75,3400,0,68000
UJJIVAN-II.NFO,07/01/2020,11:47:58,338.8,336.65,3400,337.75,3400,0,68000
UJJIVAN-II.NFO,07/01/2020,11:48:25,338.8,336.65,3400,337.65,3400,0,68000
UJJIVAN-II.NFO,07/01/2020,11:49:09,338.8,336.65,3400,337.95,3400,0,68000
UJJIVAN-II.NFO,07/01/2020,11:49:12,338.8,336.65,3400,337.75,1700,0,68000
UJJIVAN-II.NFO,07/01/2020,11:49:15,338.8,336.65,3400,337.7,1700,0,68000
UJJIVAN-II.NFO,07/01/2020,11:49:24,338.8,336.65,3400,337.55,1700,0,68000
UJJIVAN-II.NFO,07/01/2020,11:49:28,338.8,336.65,3400,337.5,1700,0,68000
UJJIVAN-II.NFO,07/01/2020,11:49:32,338.8,336.65,3400,337.45,1700,0,68000
UJJIVAN-II.NFO,07/01/2020,11:49:36,338.8,336.65,3400,337.5,1700,0,68000
UJJIVAN-II.NFO,07/01/2020,11:49:40,338.8,336.1,3400,337.55,1700,0,68000
UJJIVAN-II.NFO,07/01/2020,11:49:43,338.8,336.1,1700,337.4,1700,0,68000
UJJIVAN-II.NFO,07/01/2020,11:49:46,338.8,336.1,1700,337.15,1700,0,68000
UJJIVAN-II.NFO,07/01/2020,11:49:51,338.8,336.1,3400,337.35,1700,0,68000
UJJIVAN-II.NFO,07/01/2020,11:49:58,338.8,336.1,3400,337.4,1700,0,68000
UJJIVAN-II.NFO,07/01/2020,11:50:18,338.8,336.05,1700,337.3,1700,0,68000
UJJIVAN-II.NFO,07/01/2020,11:50:28,338.8,336.05,3400,337.1,1700,0,68000
UJJIVAN-II.NFO,07/01/2020,11:50:34,338.8,336.05,1700,337.3,1700,0,68000
UJJIVAN-II.NFO,07/01/2020,11:50:46,338.8,336.05,1700,337.25,1700,0,68000
UJJIVAN-II.NFO,07/01/2020,11:50:49,338.8,336.05,1700,337.15,1700,0,68000
UJJIVAN-II.NFO,07/01/2020,11:50:52,338.8,336.05,1700,337.3,1700,0,68000
UJJIVAN-II.NFO,07/01/2020,11:51:03,338.8,336.05,3400,337.25,1700,0,68000
UJJIVAN-II.NFO,07/01/2020,11:51:13,338.8,336.1,1700,337.05,1700,0,68000
UJJIVAN-II.NFO,07/01/2020,11:51:18,338.8,336,1700,337.35,1700,0,68000
UJJIVAN-II.NFO,07/01/2020,11:51:23,338.8,336,3400,337.15,1700,0,68000
UJJIVAN-II.NFO,07/01/2020,11:51:33,338.8,336,3400,337.45,1700,0,68000
UJJIVAN-II.NFO,07/01/2020,11:51:38,338.8,336,3400,337.3,1700,0,68000
UJJIVAN-II.NFO,07/01/2020,11:51:42,338.8,336,3400,337.45,1700,0,68000
UJJIVAN-II.NFO,07/01/2020,11:51:46,338.8,336,3400,336.95,1700,0,68000
UJJIVAN-II.NFO,07/01/2020,11:51:51,338.8,336,3400,337.15,1700,0,68000
UJJIVAN-II.NFO,07/01/2020,11:51:56,338.8,336,3400,337.3,1700,0,68000
UJJIVAN-II.NFO,07/01/2020,11:52:00,338.8,336,3400,337.05,1700,0,68000
UJJIVAN-II.NFO,07/01/2020,11:52:30,338.8,336,3400,337.2,1700,0,68000
UJJIVAN-II.NFO,07/01/2020,11:53:01,338.8,336,3400,337.15,1700,0,68000
UJJIVAN-II.NFO,07/01/2020,11:53:10,338.8,336,3400,337.25,1700,0,68000
UJJIVAN-II.NFO,07/01/2020,11:53:26,338.8,336,3400,337.15,1700,0,68000
UJJIVAN-II.NFO,07/01/2020,11:53:29,338.8,336,3400,337.2,1700,0,68000
UJJIVAN-II.NFO,07/01/2020,11:53:33,338.8,336,3400,337.25,1700,0,68000
UJJIVAN-II.NFO,07/01/2020,11:53:39,338.8,336,3400,337,1700,0,68000
UJJIVAN-II.NFO,07/01/2020,11:53:45,338.8,336,3400,337.35,1700,0,68000
UJJIVAN-II.NFO,07/01/2020,11:53:47,338.8,336,1700,337.3,1700,0,68000
UJJIVAN-II.NFO,07/01/2020,11:53:50,338.8,336,1700,337.15,1700,0,68000
UJJIVAN-II.NFO,07/01/2020,11:54:10,338.8,335.85,3400,336.95,1700,0,68000
UJJIVAN-II.NFO,07/01/2020,11:54:14,338.8,335.85,3400,337.05,1700,0,68000
UJJIVAN-II.NFO,07/01/2020,11:54:18,338.8,335.85,3400,336.95,1700,0,68000
UJJIVAN-II.NFO,07/01/2020,11:54:22,338.8,335.85,3400,337.3,3400,0,68000
UJJIVAN-II.NFO,07/01/2020,11:54:26,338.8,335.85,3400,337.15,1700,0,68000
UJJIVAN-II.NFO,07/01/2020,11:54:29,338.8,335.85,3400,337,1700,0,68000
UJJIVAN-II.NFO,07/01/2020,11:54:43,338.8,335.85,3400,337.3,1700,0,68000
UJJIVAN-II.NFO,07/01/2020,11:54:45,338.8,335.85,3400,337.1,1700,0,68000
UJJIVAN-II.NFO,07/01/2020,11:54:55,338.8,335.85,3400,337.15,1700,0,68000
UJJIVAN-II.NFO,07/01/2020,11:54:58,338.8,335.85,3400,337.25,1700,0,68000
UJJIVAN-II.NFO,07/01/2020,11:55:02,338.8,335.85,3400,337.35,1700,0,68000
UJJIVAN-II.NFO,07/01/2020,11:55:06,338.8,335.85,3400,337.25,1700,0,68000
UJJIVAN-II.NFO,07/01/2020,11:55:09,338.8,335.85,3400,337.45,1700,0,68000
UJJIVAN-II.NFO,07/01/2020,11:55:12,338.8,335.85,3400,337.25,1700,0,68000
UJJIVAN-II.NFO,07/01/2020,11:55:16,338.8,335.85,3400,337,1700,0,68000
UJJIVAN-II.NFO,07/01/2020,11:55:22,338.8,335.85,3400,337.3,1700,0,68000
UJJIVAN-II.NFO,07/01/2020,11:55:29,338.8,335.85,3400,337.15,1700,0,68000
UJJIVAN-II.NFO,07/01/2020,11:55:38,338.8,335.85,1700,337,1700,0,68000
UJJIVAN-II.NFO,07/01/2020,11:55:42,338.8,335.85,1700,336.95,1700,0,68000
UJJIVAN-II.NFO,07/01/2020,11:55:45,338.8,335.85,1700,336.85,1700,0,68000
UJJIVAN-II.NFO,07/01/2020,11:55:48,338.8,335.85,3400,336.95,1700,0,68000
UJJIVAN-II.NFO,07/01/2020,11:55:51,338.8,335.85,3400,336.85,1700,0,68000
UJJIVAN-II.NFO,07/01/2020,11:56:07,338.8,335.85,1700,337.2,1700,0,68000
UJJIVAN-II.NFO,07/01/2020,11:56:11,338.8,335.85,3400,337,1700,0,68000
UJJIVAN-II.NFO,07/01/2020,11:56:14,338.8,335.85,3400,336.9,1700,0,68000
UJJIVAN-II.NFO,07/01/2020,11:56:28,338.8,335.85,3400,336.95,1700,0,68000
UJJIVAN-II.NFO,07/01/2020,11:56:33,338.8,335.85,3400,336.85,1700,0,68000
UJJIVAN-II.NFO,07/01/2020,11:56:36,338.8,335.85,3400,337.25,1700,0,68000
UJJIVAN-II.NFO,07/01/2020,11:56:40,338.8,335.95,3400,337.25,1700,0,68000
UJJIVAN-II.NFO,07/01/2020,11:56:47,338.8,335.95,3400,337.15,1700,0,68000
UJJIVAN-II.NFO,07/01/2020,11:56:50,338.8,335.95,3400,336.95,1700,0,68000
UJJIVAN-II.NFO,07/01/2020,11:56:53,338.8,335.95,3400,337.2,1700,0,68000
UJJIVAN-II.NFO,07/01/2020,11:56:56,338.8,335.9,3400,337,1700,0,68000
UJJIVAN-II.NFO,07/01/2020,11:57:10,338.8,335.95,1700,336.95,1700,0,68000
UJJIVAN-II.NFO,07/01/2020,11:57:14,338.8,335.95,3400,337.25,1700,0,68000
UJJIVAN-II.NFO,07/01/2020,11:57:17,338.8,335.95,3400,337.1,1700,0,68000
UJJIVAN-II.NFO,07/01/2020,11:57:24,338.8,335.95,3400,337.35,1700,0,68000
UJJIVAN-II.NFO,07/01/2020,11:57:29,338.8,335.95,3400,337.05,1700,0,68000
UJJIVAN-II.NFO,07/01/2020,11:57:38,338.8,335.9,1700,337.15,1700,0,68000
UJJIVAN-II.NFO,07/01/2020,11:57:43,338.8,335.9,1700,337.1,1700,0,68000
UJJIVAN-II.NFO,07/01/2020,11:57:47,338.8,335.9,1700,336.85,1700,0,68000
UJJIVAN-II.NFO,07/01/2020,11:57:54,338.8,335.9,1700,336.8,1700,0,68000
UJJIVAN-II.NFO,07/01/2020,11:58:03,338.8,335.9,1700,336.75,1700,0,68000
UJJIVAN-II.NFO,07/01/2020,11:58:07,338.8,335.9,1700,336.95,3400,0,68000
UJJIVAN-II.NFO,07/01/2020,11:58:11,338.8,335.9,1700,337.2,1700,0,68000
UJJIVAN-II.NFO,07/01/2020,11:58:15,338.8,335.85,1700,337.05,1700,0,68000
UJJIVAN-II.NFO,07/01/2020,11:58:19,338.8,335.85,1700,336.75,1700,0,68000
UJJIVAN-II.NFO,07/01/2020,11:58:23,338.8,335.85,1700,336.85,1700,0,68000
UJJIVAN-II.NFO,07/01/2020,11:58:30,338.8,335.85,1700,337.15,1700,0,68000
UJJIVAN-II.NFO,07/01/2020,11:58:34,338.8,335.85,1700,336.9,1700,0,68000
UJJIVAN-II.NFO,07/01/2020,11:58:38,338.8,335.85,1700,336.95,1700,0,68000
UJJIVAN-II.NFO,07/01/2020,11:58:42,338.8,335.85,1700,336.75,1700,0,68000
UJJIVAN-II.NFO,07/01/2020,11:58:45,338.8,335.85,1700,336.9,1700,0,68000
UJJIVAN-II.NFO,07/01/2020,11:58:50,338.8,335.85,1700,337,1700,0,68000
UJJIVAN-II.NFO,07/01/2020,11:58:54,338.8,335.85,1700,336.8,1700,0,68000
UJJIVAN-II.NFO,07/01/2020,11:59:04,338.8,335.85,1700,336.75,1700,0,68000
UJJIVAN-II.NFO,07/01/2020,11:59:07,338.8,335.85,1700,336.85,1700,0,68000
UJJIVAN-II.NFO,07/01/2020,11:59:10,338.8,335.85,1700,336.75,1700,0,68000
UJJIVAN-II.NFO,07/01/2020,11:59:14,338.8,335.85,1700,336.8,1700,0,68000
UJJIVAN-II.NFO,07/01/2020,11:59:17,338.8,335.85,1700,336.85,1700,0,68000
UJJIVAN-II.NFO,07/01/2020,11:59:29,338.8,335.85,1700,336.7,1700,0,68000
UJJIVAN-II.NFO,07/01/2020,11:59:33,338.8,335.85,1700,336.65,1700,0,68000
UJJIVAN-II.NFO,07/01/2020,11:59:37,338.8,335.95,1700,336.85,1700,0,68000
UJJIVAN-II.NFO,07/01/2020,11:59:45,338.8,335.95,1700,336.65,1700,0,68000
UJJIVAN-II.NFO,07/01/2020,12:00:05,338.8,335.65,1700,336.4,1700,0,68000
UJJIVAN-II.NFO,07/01/2020,12:00:08,338.8,335.65,1700,336.65,1700,0,68000
UJJIVAN-II.NFO,07/01/2020,12:00:13,338.8,335.65,3400,336.9,1700,0,68000
UJJIVAN-II.NFO,07/01/2020,12:00:16,338.8,335.65,3400,336.8,1700,0,68000
UJJIVAN-II.NFO,07/01/2020,12:00:42,338.8,335.65,3400,336.55,1700,0,68000
UJJIVAN-II.NFO,07/01/2020,12:00:52,338.8,335.65,1700,336.45,1700,0,68000
UJJIVAN-II.NFO,07/01/2020,12:01:04,338.8,335.6,3400,336.65,1700,0,68000
UJJIVAN-II.NFO,07/01/2020,12:01:07,338.8,335.6,3400,336.7,1700,0,68000
UJJIVAN-II.NFO,07/01/2020,12:01:20,338.8,335.6,1700,336.6,1700,0,68000
UJJIVAN-II.NFO,07/01/2020,12:01:35,338.8,335.65,1700,336.65,1700,0,68000
UJJIVAN-II.NFO,07/01/2020,12:01:56,338.8,335.65,1700,336.55,1700,0,68000
UJJIVAN-II.NFO,07/01/2020,12:02:13,338.8,335.65,1700,336.85,1700,0,68000
UJJIVAN-II.NFO,07/01/2020,12:02:16,338.8,335.65,1700,336.5,1700,0,68000
UJJIVAN-II.NFO,07/01/2020,12:02:19,338.8,335.65,1700,336.65,1700,0,68000
UJJIVAN-II.NFO,07/01/2020,12:02:25,338.8,335.65,1700,336.55,1700,0,68000
UJJIVAN-II.NFO,07/01/2020,12:02:40,338.8,335.65,3400,337.1,1700,0,68000
UJJIVAN-II.NFO,07/01/2020,12:02:47,338.8,335.65,3400,336.9,1700,0,68000
UJJIVAN-II.NFO,07/01/2020,12:02:53,338.8,335.65,3400,337.2,1700,0,68000
UJJIVAN-II.NFO,07/01/2020,12:02:58,338.8,335.65,3400,337.3,1700,0,68000
UJJIVAN-II.NFO,07/01/2020,12:03:03,338.8,335.65,3400,337.15,1700,0,68000
UJJIVAN-II.NFO,07/01/2020,12:03:08,338.8,335.65,5100,337.35,1700,0,68000
UJJIVAN-II.NFO,07/01/2020,12:03:14,338.8,335.65,3400,337.35,1700,0,68000
UJJIVAN-II.NFO,07/01/2020,12:03:20,338.8,335.65,3400,336.85,1700,0,68000
UJJIVAN-II.NFO,07/01/2020,12:03:25,338.8,335.65,3400,337.1,1700,0,68000
UJJIVAN-II.NFO,07/01/2020,12:03:32,338.8,335.65,3400,337,1700,0,68000
UJJIVAN-II.NFO,07/01/2020,12:03:36,338.8,335.65,3400,336.9,1700,0,68000
UJJIVAN-II.NFO,07/01/2020,12:03:41,338.8,335.65,3400,336.95,1700,0,68000
UJJIVAN-II.NFO,07/01/2020,12:03:45,338.8,335.65,3400,336.8,1700,0,68000
UJJIVAN-II.NFO,07/01/2020,12:03:56,338.8,335.65,3400,336.85,1700,0,68000
UJJIVAN-II.NFO,07/01/2020,12:04:06,338.8,335.65,3400,336.75,1700,0,68000
UJJIVAN-II.NFO,07/01/2020,12:04:12,338.8,335.65,3400,336.85,1700,0,68000
UJJIVAN-II.NFO,07/01/2020,12:04:22,338.8,335.65,3400,336.95,3400,0,68000
UJJIVAN-II.NFO,07/01/2020,12:05:05,338.8,335.65,5100,336.95,3400,0,68000
UJJIVAN-II.NFO,07/01/2020,12:05:58,338.8,335.65,5100,336.95,5100,0,68000
UJJIVAN-II.NFO,07/01/2020,12:06:01,338.8,335.65,5100,336.95,3400,0,68000
UJJIVAN-II.NFO,07/01/2020,12:08:12,338.8,335.75,5100,337.1,1700,0,68000
UJJIVAN-II.NFO,07/01/2020,12:08:18,338.8,335.85,5100,337.35,1700,0,68000
UJJIVAN-II.NFO,07/01/2020,12:08:24,338.8,335.85,5100,337.4,1700,0,68000
UJJIVAN-II.NFO,07/01/2020,12:08:30,338.8,335.85,5100,337.2,1700,0,68000
UJJIVAN-II.NFO,07/01/2020,12:08:35,338.8,335.85,5100,337.35,1700,0,68000
UJJIVAN-II.NFO,07/01/2020,12:08:42,338.8,335.85,5100,337.3,1700,0,68000
UJJIVAN-II.NFO,07/01/2020,12:08:49,338.8,335.85,3400,337.1,1700,0,68000
UJJIVAN-II.NFO,07/01/2020,12:08:52,338.8,335.85,3400,337,1700,0,68000
UJJIVAN-II.NFO,07/01/2020,12:08:56,338.8,335.85,3400,336.9,1700,0,68000
UJJIVAN-II.NFO,07/01/2020,12:09:03,338.8,335.85,3400,337.2,1700,0,68000
UJJIVAN-II.NFO,07/01/2020,12:09:07,338.8,335.85,3400,337.3,1700,0,68000
UJJIVAN-II.NFO,07/01/2020,12:09:09,338.8,335.85,3400,336.95,1700,0,68000
UJJIVAN-II.NFO,07/01/2020,12:09:21,338.8,335.85,3400,337,1700,0,68000
UJJIVAN-II.NFO,07/01/2020,12:09:29,338.8,335.85,3400,336.9,1700,0,68000
UJJIVAN-II.NFO,07/01/2020,12:09:32,338.8,335.85,3400,337.15,3400,0,68000
UJJIVAN-II.NFO,07/01/2020,12:10:07,338.8,335.85,3400,337.3,1700,0,68000
UJJIVAN-II.NFO,07/01/2020,12:10:10,338.8,335.85,3400,337,1700,0,68000
UJJIVAN-II.NFO,07/01/2020,12:10:38,338.8,335.85,3400,337.35,1700,0,68000
UJJIVAN-II.NFO,07/01/2020,12:10:45,338.8,335.85,3400,337.15,1700,0,68000
UJJIVAN-II.NFO,07/01/2020,12:11:14,338.8,335.85,3400,336.95,1700,0,68000
UJJIVAN-II.NFO,07/01/2020,12:11:31,338.8,335.85,3400,337.1,1700,0,68000
UJJIVAN-II.NFO,07/01/2020,12:11:34,338.8,335.9,3400,336.9,1700,0,68000
UJJIVAN-II.NFO,07/01/2020,12:11:37,338.8,335.85,1700,336.95,1700,0,68000
UJJIVAN-II.NFO,07/01/2020,12:11:45,338.8,335.85,1700,336.85,1700,0,68000
UJJIVAN-II.NFO,07/01/2020,12:11:49,338.8,335.85,1700,336.75,1700,0,68000
UJJIVAN-II.NFO,07/01/2020,12:11:51,338.8,335.85,1700,336.9,1700,0,68000
UJJIVAN-II.NFO,07/01/2020,12:11:54,338.8,335.85,1700,336.8,1700,0,68000
UJJIVAN-II.NFO,07/01/2020,12:12:20,338.8,335.85,3400,336.95,1700,0,68000
UJJIVAN-II.NFO,07/01/2020,12:12:22,338.8,335.85,3400,336.85,1700,0,68000
UJJIVAN-II.NFO,07/01/2020,12:12:24,338.8,335.85,1700,336.85,1700,0,68000
UJJIVAN-II.NFO,07/01/2020,12:12:28,338.8,335.85,1700,336.95,1700,0,68000
UJJIVAN-II.NFO,07/01/2020,12:12:31,338.8,335.85,1700,336.85,1700,0,68000
UJJIVAN-II.NFO,07/01/2020,12:12:33,338.8,335.85,1700,336.9,1700,0,68000
UJJIVAN-II.NFO,07/01/2020,12:12:57,338.8,335.85,1700,336.8,1700,0,68000
UJJIVAN-II.NFO,07/01/2020,12:13:00,338.8,335.85,1700,336.95,1700,0,68000
UJJIVAN-II.NFO,07/01/2020,12:13:13,338.8,335.85,3400,336.85,1700,0,68000
UJJIVAN-II.NFO,07/01/2020,12:13:26,338.8,335.85,1700,336.85,1700,0,68000
UJJIVAN-II.NFO,07/01/2020,12:13:32,338.8,335.85,1700,336.95,1700,0,68000
UJJIVAN-II.NFO,07/01/2020,12:13:37,338.8,335.85,1700,336.85,1700,0,68000
UJJIVAN-II.NFO,07/01/2020,12:13:45,338.8,335.85,1700,337,1700,0,68000
UJJIVAN-II.NFO,07/01/2020,12:13:49,338.8,335.85,1700,336.65,1700,0,68000
UJJIVAN-II.NFO,07/01/2020,12:14:02,338.8,335.6,1700,336.6,1700,0,68000
UJJIVAN-II.NFO,07/01/2020,12:14:08,338.8,335.6,1700,336.5,1700,0,68000
UJJIVAN-II.NFO,07/01/2020,12:14:14,338.8,335.6,1700,336.4,1700,0,68000
UJJIVAN-II.NFO,07/01/2020,12:14:29,338.8,335.6,1700,336.55,1700,0,68000
UJJIVAN-II.NFO,07/01/2020,12:14:33,338.8,335.6,1700,336.6,1700,0,68000
UJJIVAN-II.NFO,07/01/2020,12:14:36,338.8,335.6,1700,336.4,1700,0,68000
UJJIVAN-II.NFO,07/01/2020,12:14:42,338.8,335.6,1700,336.85,1700,0,68000
UJJIVAN-II.NFO,07/01/2020,12:14:45,338.8,335.6,1700,336.7,1700,0,68000
UJJIVAN-II.NFO,07/01/2020,12:14:54,338.8,335.6,3400,336.85,1700,0,68000
UJJIVAN-II.NFO,07/01/2020,12:14:57,338.8,335.5,1700,336.7,1700,0,68000
UJJIVAN-II.NFO,07/01/2020,12:15:00,338.8,335.45,1700,336.5,3400,0,68000
UJJIVAN-II.NFO,07/01/2020,12:15:04,338.8,335.35,3400,336.4,3400,0,68000
UJJIVAN-II.NFO,07/01/2020,12:15:07,338.8,335.35,1700,336.2,1700,0,68000
UJJIVAN-II.NFO,07/01/2020,12:15:10,338.8,335.15,1700,336.2,1700,0,68000
UJJIVAN-II.NFO,07/01/2020,12:15:22,338.8,335.15,1700,336.1,3400,0,68000
UJJIVAN-II.NFO,07/01/2020,12:15:41,338.8,335.15,1700,336.2,1700,0,68000
UJJIVAN-II.NFO,07/01/2020,12:15:45,338.8,335.15,1700,336.1,3400,0,68000
UJJIVAN-II.NFO,07/01/2020,12:15:53,338.8,335.15,1700,336.05,1700,0,68000
UJJIVAN-II.NFO,07/01/2020,12:15:57,338.8,335.15,1700,336.2,3400,0,68000
UJJIVAN-II.NFO,07/01/2020,12:16:02,338.8,335.15,1700,336.1,1700,0,68000
UJJIVAN-II.NFO,07/01/2020,12:16:06,338.8,335.35,1700,336.2,1700,0,68000
UJJIVAN-II.NFO,07/01/2020,12:16:55,338.8,335.15,3400,336.2,1700,0,68000
UJJIVAN-II.NFO,07/01/2020,12:17:11,338.8,335.15,3400,336.2,3400,0,68000
UJJIVAN-II.NFO,07/01/2020,12:17:16,338.8,335.15,1700,336.2,1700,0,68000
UJJIVAN-II.NFO,07/01/2020,12:17:18,338.8,335.15,1700,336.2,3400,0,68000
UJJIVAN-II.NFO,07/01/2020,12:17:32,338.8,335.15,3400,336.2,3400,0,68000
UJJIVAN-II.NFO,07/01/2020,12:17:42,338.8,335.15,3400,336.2,1700,0,68000
UJJIVAN-II.NFO,07/01/2020,12:18:08,338.8,335.15,1700,336.2,1700,0,68000
UJJIVAN-II.NFO,07/01/2020,12:18:10,338.8,335.15,3400,336.2,1700,0,68000
UJJIVAN-II.NFO,07/01/2020,12:18:22,338.8,335.15,3400,336.2,3400,0,68000
UJJIVAN-II.NFO,07/01/2020,12:18:36,338.8,335.15,1700,336.2,3400,0,68000
UJJIVAN-II.NFO,07/01/2020,12:18:41,338.8,335.15,3400,336.2,3400,0,68000
UJJIVAN-II.NFO,07/01/2020,12:19:09,338.8,335.15,3400,336.45,1700,0,68000
UJJIVAN-II.NFO,07/01/2020,12:19:14,338.8,335.15,5100,336.8,1700,0,68000
UJJIVAN-II.NFO,07/01/2020,12:19:18,338.8,335.15,5100,336.45,1700,0,68000
UJJIVAN-II.NFO,07/01/2020,12:19:45,338.8,335.15,5100,336.55,1700,0,68000
UJJIVAN-II.NFO,07/01/2020,12:19:54,338.8,335.15,5100,336.45,1700,0,68000
UJJIVAN-II.NFO,07/01/2020,12:19:58,338.8,335.15,5100,336.7,3400,0,68000
UJJIVAN-II.NFO,07/01/2020,12:20:02,338.8,335.15,5100,336.35,1700,0,68000
UJJIVAN-II.NFO,07/01/2020,12:20:06,338.8,335.15,5100,336.5,1700,0,68000
UJJIVAN-II.NFO,07/01/2020,12:20:16,338.8,335.15,5100,336.35,1700,0,68000
UJJIVAN-II.NFO,07/01/2020,12:20:21,338.8,335.15,3400,336.25,3400,0,68000
UJJIVAN-II.NFO,07/01/2020,12:20:34,338.8,335.25,3400,336.25,3400,0,68000
UJJIVAN-II.NFO,07/01/2020,12:21:05,338.8,335.25,3400,336.25,5100,0,68000
UJJIVAN-II.NFO,07/01/2020,12:21:35,338.8,335.25,3400,336.2,1700,0,68000
UJJIVAN-II.NFO,07/01/2020,12:22:34,338.8,335.25,3400,336.2,3400,0,68000
UJJIVAN-II.NFO,07/01/2020,12:22:51,338.8,335.15,3400,336.2,3400,0,68000
UJJIVAN-II.NFO,07/01/2020,12:23:16,338.8,335.15,3400,336.2,1700,0,68000
UJJIVAN-II.NFO,07/01/2020,12:23:38,338.8,335.15,3400,336.3,1700,0,68000
UJJIVAN-II.NFO,07/01/2020,12:23:43,338.8,335.15,5100,336.6,3400,0,68000
UJJIVAN-II.NFO,07/01/2020,12:23:45,338.8,335.15,5100,336.5,3400,0,68000
UJJIVAN-II.NFO,07/01/2020,12:25:42,338.8,335.35,1700,336.25,3400,0,68000
UJJIVAN-II.NFO,07/01/2020,12:25:52,338.8,335.35,3400,336.25,3400,0,68000
UJJIVAN-II.NFO,07/01/2020,12:25:56,338.8,335.1,1700,335.95,3400,0,68000
UJJIVAN-II.NFO,07/01/2020,12:26:01,338.8,335.1,1700,335.85,3400,0,68000
UJJIVAN-II.NFO,07/01/2020,12:26:05,338.8,335.1,1700,335.75,1700,0,68000
UJJIVAN-II.NFO,07/01/2020,12:26:09,338.8,335.1,1700,335.85,1700,0,68000
UJJIVAN-II.NFO,07/01/2020,12:26:21,338.8,335.1,1700,336,1700,0,68000
UJJIVAN-II.NFO,07/01/2020,12:26:30,338.8,335.1,1700,335.9,1700,0,68000
UJJIVAN-II.NFO,07/01/2020,12:26:33,338.8,335.15,1700,335.9,1700,0,68000
UJJIVAN-II.NFO,07/01/2020,12:26:59,338.8,335.1,1700,336,1700,0,68000
UJJIVAN-II.NFO,07/01/2020,12:27:03,338.8,335.1,1700,335.8,1700,0,68000
UJJIVAN-II.NFO,07/01/2020,12:27:06,338.8,335.1,1700,336,1700,0,68000
UJJIVAN-II.NFO,07/01/2020,12:27:10,338.8,335.1,1700,335.8,1700,0,68000
UJJIVAN-II.NFO,07/01/2020,12:27:14,335.1,334.15,1700,334.9,1700,1700,68000
UJJIVAN-II.NFO,07/01/2020,12:27:14,335.1,334.15,1700,334.9,1700,0,68000
UJJIVAN-II.NFO,07/01/2020,12:27:18,335.1,334.1,1700,334.8,1700,0,68000
UJJIVAN-II.NFO,07/01/2020,12:27:27,335.1,334.05,1700,334.7,1700,0,68000
UJJIVAN-II.NFO,07/01/2020,12:27:32,335.1,334,1700,334.65,1700,0,68000
UJJIVAN-II.NFO,07/01/2020,12:27:41,335.1,334.1,1700,335.1,3400,0,68000
UJJIVAN-II.NFO,07/01/2020,12:27:44,335.1,334.1,1700,334.9,1700,0,68000
UJJIVAN-II.NFO,07/01/2020,12:27:46,335.1,334.05,1700,334.75,1700,0,68000
UJJIVAN-II.NFO,07/01/2020,12:27:48,335.1,334.15,1700,334.7,1700,0,68000
UJJIVAN-II.NFO,07/01/2020,12:27:51,335.1,333.9,1700,334.65,1700,0,68000
UJJIVAN-II.NFO,07/01/2020,12:27:59,335.1,333.85,3400,334.5,1700,0,68000
UJJIVAN-II.NFO,07/01/2020,12:28:04,335.1,333.85,3400,334.7,1700,0,68000
UJJIVAN-II.NFO,07/01/2020,12:28:14,335.1,333.95,1700,334.5,1700,0,68000
UJJIVAN-II.NFO,07/01/2020,12:28:17,335.1,333.9,3400,334.6,1700,0,68000
UJJIVAN-II.NFO,07/01/2020,12:28:20,335.1,333.9,3400,334.9,3400,0,68000
UJJIVAN-II.NFO,07/01/2020,12:28:24,335.1,333.9,3400,334.75,1700,0,68000
UJJIVAN-II.NFO,07/01/2020,12:28:27,335.1,333.9,3400,334.7,1700,0,68000
UJJIVAN-II.NFO,07/01/2020,12:28:31,335.1,333.9,5100,334.7,1700,0,68000
UJJIVAN-II.NFO,07/01/2020,12:28:34,335.1,333.75,3400,334.75,1700,0,68000
UJJIVAN-II.NFO,07/01/2020,12:28:38,335.1,333.75,3400,334.65,1700,0,68000
UJJIVAN-II.NFO,07/01/2020,12:28:41,335.1,333.75,3400,334.6,1700,0,68000
UJJIVAN-II.NFO,07/01/2020,12:28:44,335.1,333.7,3400,334.35,1700,0,68000
UJJIVAN-II.NFO,07/01/2020,12:28:48,335.1,333.7,3400,334.3,1700,0,68000
UJJIVAN-II.NFO,07/01/2020,12:28:51,335.1,333.6,3400,334.25,1700,0,68000
UJJIVAN-II.NFO,07/01/2020,12:28:56,335.1,333.6,3400,334.75,1700,0,68000
UJJIVAN-II.NFO,07/01/2020,12:29:03,335.1,333.6,3400,334.4,1700,0,68000
UJJIVAN-II.NFO,07/01/2020,12:29:09,335.1,333.6,5100,334.45,1700,0,68000
UJJIVAN-II.NFO,07/01/2020,12:29:13,335.1,333.6,5100,334.65,1700,0,68000
UJJIVAN-II.NFO,07/01/2020,12:29:18,335.1,333.6,5100,334.45,1700,0,68000
UJJIVAN-II.NFO,07/01/2020,12:29:22,335.1,333.7,3400,334.55,1700,0,68000
UJJIVAN-II.NFO,07/01/2020,12:29:32,335.1,333.7,3400,334.45,1700,0,68000
UJJIVAN-II.NFO,07/01/2020,12:29:37,335.1,333.7,5100,334.45,1700,0,68000
UJJIVAN-II.NFO,07/01/2020,12:29:41,335.1,333.7,3400,334.6,1700,0,68000
UJJIVAN-II.NFO,07/01/2020,12:29:46,335.1,333.7,3400,334.8,1700,0,68000
UJJIVAN-II.NFO,07/01/2020,12:29:51,335.1,333.7,3400,334.65,1700,0,68000
UJJIVAN-II.NFO,07/01/2020,12:29:56,335.1,333.6,3400,334.45,1700,0,68000
UJJIVAN-II.NFO,07/01/2020,12:30:00,335.1,333.6,3400,334.4,1700,0,68000
UJJIVAN-II.NFO,07/01/2020,12:30:04,335.1,333.55,3400,334.3,1700,0,68000
UJJIVAN-II.NFO,07/01/2020,12:30:11,335.1,333.45,1700,334.1,1700,0,68000
UJJIVAN-II.NFO,07/01/2020,12:30:16,335.1,333.5,3400,334.2,1700,0,68000
UJJIVAN-II.NFO,07/01/2020,12:30:20,335.1,333.5,3400,334.3,1700,0,68000
UJJIVAN-II.NFO,07/01/2020,12:30:25,335.1,333.5,3400,334.2,1700,0,68000
UJJIVAN-II.NFO,07/01/2020,12:30:31,335.1,333.5,3400,334.4,1700,0,68000
UJJIVAN-II.NFO,07/01/2020,12:30:35,335.1,333.5,3400,334.35,1700,0,68000
UJJIVAN-II.NFO,07/01/2020,12:30:40,335.1,333.5,3400,334.25,1700,0,68000
UJJIVAN-II.NFO,07/01/2020,12:30:45,335.1,333.5,3400,334.45,1700,0,68000
UJJIVAN-II.NFO,07/01/2020,12:30:56,335.1,333.5,3400,334.85,3400,0,68000
UJJIVAN-II.NFO,07/01/2020,12:31:01,335.1,333.5,3400,334.7,1700,0,68000
UJJIVAN-II.NFO,07/01/2020,12:31:06,335.1,333.5,3400,334.45,1700,0,68000
UJJIVAN-II.NFO,07/01/2020,12:31:21,335.1,333.5,3400,334.35,1700,0,68000
UJJIVAN-II.NFO,07/01/2020,12:31:25,335.1,333.5,3400,334.6,3400,0,68000
UJJIVAN-II.NFO,07/01/2020,12:31:28,335.1,333.5,3400,334.45,1700,0,68000
UJJIVAN-II.NFO,07/01/2020,12:31:31,335.1,333.5,3400,334.35,1700,0,68000
UJJIVAN-II.NFO,07/01/2020,12:31:35,335.1,333.5,3400,334.3,1700,0,68000
UJJIVAN-II.NFO,07/01/2020,12:31:39,335.1,333.5,3400,334.4,1700,0,68000
UJJIVAN-II.NFO,07/01/2020,12:31:42,335.1,333.5,3400,334.3,1700,0,68000
UJJIVAN-II.NFO,07/01/2020,12:31:45,335.1,333.25,3400,334.05,1700,0,68000
UJJIVAN-II.NFO,07/01/2020,12:31:49,335.1,333.25,3400,334.2,1700,0,68000
UJJIVAN-II.NFO,07/01/2020,12:31:53,335.1,333.2,3400,333.8,1700,0,68000
UJJIVAN-II.NFO,07/01/2020,12:31:57,335.1,333.2,3400,333.85,1700,0,68000
UJJIVAN-II.NFO,07/01/2020,12:32:02,335.1,333.2,3400,334.1,1700,0,68000
UJJIVAN-II.NFO,07/01/2020,12:32:06,335.1,333.1,3400,333.95,1700,0,68000
UJJIVAN-II.NFO,07/01/2020,12:32:10,335.1,333.1,3400,334.05,1700,0,68000
UJJIVAN-II.NFO,07/01/2020,12:32:14,335.1,333.1,3400,333.85,1700,0,68000
UJJIVAN-II.NFO,07/01/2020,12:32:21,335.1,333.1,3400,333.75,1700,0,68000
UJJIVAN-II.NFO,07/01/2020,12:32:25,335.1,333.05,3400,333.85,1700,0,68000
UJJIVAN-II.NFO,07/01/2020,12:32:29,335.1,333,3400,333.65,1700,0,68000
UJJIVAN-II.NFO,07/01/2020,12:32:33,335.1,333,3400,333.8,3400,0,68000
UJJIVAN-II.NFO,07/01/2020,12:32:45,335.1,332.8,3400,333.7,3400,0,68000
UJJIVAN-II.NFO,07/01/2020,12:32:50,335.1,332.8,5100,333.85,1700,0,68000
UJJIVAN-II.NFO,07/01/2020,12:32:54,335.1,332.8,5100,333.7,1700,0,68000
UJJIVAN-II.NFO,07/01/2020,12:33:03,335.1,332.7,3400,333.45,1700,0,68000
UJJIVAN-II.NFO,07/01/2020,12:33:08,335.1,332.7,3400,333.5,1700,0,68000
UJJIVAN-II.NFO,07/01/2020,12:33:13,333.05,332.2,3400,333.7,3400,1700,68000
UJJIVAN-II.NFO,07/01/2020,12:33:13,333.05,332.2,3400,333.7,3400,0,68000
UJJIVAN-II.NFO,07/01/2020,12:33:16,333.05,332.45,1700,333.35,1700,0,68000
UJJIVAN-II.NFO,07/01/2020,12:33:20,333.05,332.45,1700,333.1,1700,0,68000
UJJIVAN-II.NFO,07/01/2020,12:33:23,333.05,332.4,1700,333,1700,0,68000
UJJIVAN-II.NFO,07/01/2020,12:33:31,333.05,332.45,1700,333.4,1700,0,68000
UJJIVAN-II.NFO,07/01/2020,12:33:35,333.05,332.4,1700,333.15,1700,0,68000
UJJIVAN-II.NFO,07/01/2020,12:33:46,333.05,332.45,1700,333.3,1700,0,68000
UJJIVAN-II.NFO,07/01/2020,12:33:49,333.05,332.45,1700,333.2,1700,0,68000
UJJIVAN-II.NFO,07/01/2020,12:33:54,333.05,332.45,1700,333.15,1700,0,68000
UJJIVAN-II.NFO,07/01/2020,12:33:57,333.05,332.35,1700,333.55,1700,0,68000
UJJIVAN-II.NFO,07/01/2020,12:34:00,333.05,332.2,1700,332.9,1700,0,68000
UJJIVAN-II.NFO,07/01/2020,12:34:04,333.05,332.6,1700,333.7,1700,0,68000
UJJIVAN-II.NFO,07/01/2020,12:34:08,333.05,332.65,1700,333.4,1700,0,68000
UJJIVAN-II.NFO,07/01/2020,12:34:12,333.05,332.35,1700,333.2,3400,0,68000
UJJIVAN-II.NFO,07/01/2020,12:34:15,333.05,332.3,1700,333.05,1700,0,68000
UJJIVAN-II.NFO,07/01/2020,12:34:19,333.05,332.25,3400,333.6,3400,0,68000
UJJIVAN-II.NFO,07/01/2020,12:34:23,333.05,332.25,3400,333.25,3400,0,68000
UJJIVAN-II.NFO,07/01/2020,12:34:36,333.05,332.85,1700,333.65,1700,0,68000
UJJIVAN-II.NFO,07/01/2020,12:34:41,333.05,332.8,1700,333.55,1700,0,68000
UJJIVAN-II.NFO,07/01/2020,12:34:49,333.05,332.8,1700,333.8,1700,0,68000
