Ticker,Date,Time,LTP,BuyPrice,BuyQty,SellPrice,SellQty,LTQ,OpenInterest
ADANIENT30JAN20190PE.NFO,07/01/2020,09:15:05,4.35,3.6,8000,5,4000,4000,268000
ADANIENT30JAN20190PE.NFO,07/01/2020,09:15:05,4.35,3.6,8000,5,4000,0,268000
ADANIENT30JAN20190PE.NFO,07/01/2020,09:15:05,4.35,3.6,8000,5,4000,0,268000
ADANIENT30JAN20190PE.NFO,07/01/2020,09:15:05,4.35,3.6,8000,5,4000,0,268000
ADANIENT30JAN20190PE.NFO,07/01/2020,09:15:15,4.35,3.45,12000,4.95,8000,0,268000
ADANIENT30JAN20190PE.NFO,07/01/2020,09:15:26,3.75,3.8,8000,4.65,4000,4000,268000
ADANIENT30JAN20190PE.NFO,07/01/2020,09:15:26,3.75,3.8,8000,4.65,4000,0,268000
ADANIENT30JAN20190PE.NFO,07/01/2020,09:15:38,3.8,3.6,4000,4.5,24000,4000,268000
ADANIENT30JAN20190PE.NFO,07/01/2020,09:15:51,3.8,3.45,8000,3.8,16000,0,268000
ADANIENT30JAN20190PE.NFO,07/01/2020,09:16:02,3.45,3.35,4000,3.8,28000,4000,268000
ADANIENT30JAN20190PE.NFO,07/01/2020,09:16:02,3.45,3.35,4000,3.8,28000,0,268000
ADANIENT30JAN20190PE.NFO,07/01/2020,09:16:13,3.45,3.35,8000,3.75,16000,0,268000
ADANIENT30JAN20190PE.NFO,07/01/2020,09:16:32,3.45,3.35,8000,3.75,8000,0,268000
ADANIENT30JAN20190PE.NFO,07/01/2020,09:16:50,3.45,3.35,8000,3.7,8000,0,268000
ADANIENT30JAN20190PE.NFO,07/01/2020,09:16:59,3.35,3.4,4000,3.7,8000,8000,268000
ADANIENT30JAN20190PE.NFO,07/01/2020,09:16:59,3.35,3.4,4000,3.7,8000,0,268000
ADANIENT30JAN20190PE.NFO,07/01/2020,09:17:06,3.35,3.4,4000,3.7,8000,0,268000
ADANIENT30JAN20190PE.NFO,07/01/2020,09:17:15,3.4,3.3,4000,3.7,8000,4000,268000
ADANIENT30JAN20190PE.NFO,07/01/2020,09:17:23,3.4,3.3,4000,3.7,8000,0,268000
ADANIENT30JAN20190PE.NFO,07/01/2020,09:17:50,3.55,3.45,8000,3.6,4000,4000,268000
ADANIENT30JAN20190PE.NFO,07/01/2020,09:17:58,3.55,3.45,8000,3.6,4000,0,268000
ADANIENT30JAN20190PE.NFO,07/01/2020,09:18:06,3.45,3.35,8000,3.6,4000,8000,268000
ADANIENT30JAN20190PE.NFO,07/01/2020,09:18:14,3.45,3.35,8000,3.6,4000,0,268000
ADANIENT30JAN20190PE.NFO,07/01/2020,09:18:22,3.6,3.35,8000,3.7,4000,4000,268000
ADANIENT30JAN20190PE.NFO,07/01/2020,09:18:29,3.6,3.35,8000,3.7,4000,0,268000
ADANIENT30JAN20190PE.NFO,07/01/2020,09:18:45,3.6,3.35,8000,3.7,8000,0,268000
ADANIENT30JAN20190PE.NFO,07/01/2020,09:18:52,3.6,3.35,8000,3.6,4000,0,268000
ADANIENT30JAN20190PE.NFO,07/01/2020,09:18:59,3.6,3.35,8000,3.65,8000,0,268000
ADANIENT30JAN20190PE.NFO,07/01/2020,09:19:07,3.6,3.35,8000,3.65,12000,0,268000
ADANIENT30JAN20190PE.NFO,07/01/2020,09:19:15,3.6,3.35,8000,3.65,8000,0,268000
ADANIENT30JAN20190PE.NFO,07/01/2020,09:19:23,3.6,3.35,4000,3.5,4000,0,268000
ADANIENT30JAN20190PE.NFO,07/01/2020,09:19:31,3.6,3.35,8000,3.55,4000,0,268000
ADANIENT30JAN20190PE.NFO,07/01/2020,09:19:38,3.6,3.35,8000,3.55,8000,0,268000
ADANIENT30JAN20190PE.NFO,07/01/2020,09:19:46,3.6,3.4,8000,3.55,8000,0,268000
ADANIENT30JAN20190PE.NFO,07/01/2020,09:19:54,3.6,3.4,4000,3.5,4000,0,268000
ADANIENT30JAN20190PE.NFO,07/01/2020,09:20:02,3.6,3.4,4000,3.5,8000,0,268000
ADANIENT30JAN20190PE.NFO,07/01/2020,09:20:18,3.4,3.3,8000,3.55,12000,4000,264000
ADANIENT30JAN20190PE.NFO,07/01/2020,09:20:26,3.4,3.3,4000,3.5,8000,0,264000
ADANIENT30JAN20190PE.NFO,07/01/2020,09:20:34,3.4,3.2,8000,3.5,12000,0,264000
ADANIENT30JAN20190PE.NFO,07/01/2020,09:21:11,3.4,3.2,8000,3.45,4000,0,264000
ADANIENT30JAN20190PE.NFO,07/01/2020,09:21:34,3.4,3.2,8000,3.45,8000,0,264000
ADANIENT30JAN20190PE.NFO,07/01/2020,09:21:41,3.45,3.2,8000,3.45,8000,4000,264000
ADANIENT30JAN20190PE.NFO,07/01/2020,09:21:48,3.45,3.2,8000,3.45,8000,0,264000
ADANIENT30JAN20190PE.NFO,07/01/2020,09:22:09,3.45,3.15,8000,3.4,8000,0,264000
ADANIENT30JAN20190PE.NFO,07/01/2020,09:22:38,3.45,3.15,8000,3.45,4000,0,264000
ADANIENT30JAN20190PE.NFO,07/01/2020,09:22:57,3.45,3.4,4000,3.45,4000,0,264000
ADANIENT30JAN20190PE.NFO,07/01/2020,09:23:03,3.4,3.25,4000,3.4,4000,4000,264000
ADANIENT30JAN20190PE.NFO,07/01/2020,09:23:30,3.4,3.25,4000,3.4,4000,0,264000
ADANIENT30JAN20190PE.NFO,07/01/2020,09:23:50,3.4,3.2,4000,3.4,4000,0,264000
ADANIENT30JAN20190PE.NFO,07/01/2020,09:24:04,3.4,3.2,4000,3.35,4000,0,264000
ADANIENT30JAN20190PE.NFO,07/01/2020,09:24:11,3.4,3.2,8000,3.4,4000,0,264000
ADANIENT30JAN20190PE.NFO,07/01/2020,09:24:18,3.4,3.2,4000,3.35,4000,0,264000
ADANIENT30JAN20190PE.NFO,07/01/2020,09:24:25,3.4,3.2,4000,3.4,12000,0,264000
ADANIENT30JAN20190PE.NFO,07/01/2020,09:24:32,3.4,3.15,8000,3.4,12000,0,264000
ADANIENT30JAN20190PE.NFO,07/01/2020,09:24:51,3.4,3.15,8000,3.35,8000,0,264000
ADANIENT30JAN20190PE.NFO,07/01/2020,09:24:57,3.4,3.15,8000,3.35,4000,0,264000
ADANIENT30JAN20190PE.NFO,07/01/2020,09:25:04,3.4,3.15,8000,3.35,16000,0,264000
ADANIENT30JAN20190PE.NFO,07/01/2020,09:25:11,3.4,3.15,12000,3.4,12000,0,264000
ADANIENT30JAN20190PE.NFO,07/01/2020,09:25:33,3.4,3.15,12000,3.35,8000,0,264000
ADANIENT30JAN20190PE.NFO,07/01/2020,09:25:40,3.4,3.15,12000,3.35,4000,0,264000
ADANIENT30JAN20190PE.NFO,07/01/2020,09:26:03,3.4,3.15,8000,3.35,16000,0,264000
ADANIENT30JAN20190PE.NFO,07/01/2020,09:26:18,3.4,3.15,4000,3.3,4000,0,264000
ADANIENT30JAN20190PE.NFO,07/01/2020,09:26:29,3.4,3.15,8000,3.3,4000,0,264000
ADANIENT30JAN20190PE.NFO,07/01/2020,09:26:36,3.4,3.15,4000,3.3,16000,0,264000
ADANIENT30JAN20190PE.NFO,07/01/2020,09:26:42,3.4,3.15,8000,3.3,4000,0,264000
ADANIENT30JAN20190PE.NFO,07/01/2020,09:27:03,3.4,3.15,4000,3.3,4000,0,264000
ADANIENT30JAN20190PE.NFO,07/01/2020,09:27:20,3.4,3.15,8000,3.3,4000,0,264000
ADANIENT30JAN20190PE.NFO,07/01/2020,09:27:27,3.4,3.15,4000,3.3,4000,0,264000
ADANIENT30JAN20190PE.NFO,07/01/2020,09:27:49,3.25,3.2,4000,3.35,12000,4000,268000
ADANIENT30JAN20190PE.NFO,07/01/2020,09:27:49,3.25,3.2,4000,3.35,12000,0,268000
ADANIENT30JAN20190PE.NFO,07/01/2020,09:28:02,3.25,3.2,4000,3.3,4000,0,268000
ADANIENT30JAN20190PE.NFO,07/01/2020,09:28:11,3.25,3.2,4000,3.35,16000,0,268000
ADANIENT30JAN20190PE.NFO,07/01/2020,09:28:23,3.25,3.15,4000,3.35,8000,0,268000
ADANIENT30JAN20190PE.NFO,07/01/2020,09:28:29,3.25,3.2,4000,3.3,4000,0,268000
ADANIENT30JAN20190PE.NFO,07/01/2020,09:28:34,3.25,3.2,4000,3.35,16000,0,268000
ADANIENT30JAN20190PE.NFO,07/01/2020,09:28:51,3.25,3.15,4000,3.3,8000,0,268000
ADANIENT30JAN20190PE.NFO,07/01/2020,09:29:03,3.25,3.15,4000,3.3,4000,0,268000
ADANIENT30JAN20190PE.NFO,07/01/2020,09:29:09,3.25,3.15,4000,3.3,8000,0,268000
ADANIENT30JAN20190PE.NFO,07/01/2020,09:29:32,3.25,3.2,4000,3.35,20000,0,268000
ADANIENT30JAN20190PE.NFO,07/01/2020,09:29:39,3.25,3.2,4000,3.35,16000,0,268000
ADANIENT30JAN20190PE.NFO,07/01/2020,09:29:46,3.1,3.15,4000,3.3,12000,40000,268000
ADANIENT30JAN20190PE.NFO,07/01/2020,09:29:46,3.1,3.15,4000,3.3,12000,0,268000
ADANIENT30JAN20190PE.NFO,07/01/2020,09:29:52,3.1,3.1,8000,3.3,12000,0,268000
ADANIENT30JAN20190PE.NFO,07/01/2020,09:29:57,3.1,3.1,8000,3.3,16000,0,268000
ADANIENT30JAN20190PE.NFO,07/01/2020,09:30:10,3.1,3.1,8000,3.3,20000,0,268000
ADANIENT30JAN20190PE.NFO,07/01/2020,09:30:17,3.1,3.1,8000,3.25,12000,0,268000
ADANIENT30JAN20190PE.NFO,07/01/2020,09:31:01,3.1,3.1,4000,3.2,4000,0,268000
ADANIENT30JAN20190PE.NFO,07/01/2020,09:31:08,3.1,3,8000,3.2,16000,0,268000
ADANIENT30JAN20190PE.NFO,07/01/2020,09:31:14,3.1,3,4000,3.15,8000,0,268000
ADANIENT30JAN20190PE.NFO,07/01/2020,09:31:20,3.1,3.05,4000,3.15,4000,0,268000
ADANIENT30JAN20190PE.NFO,07/01/2020,09:31:26,3.1,3,4000,3.15,4000,0,268000
ADANIENT30JAN20190PE.NFO,07/01/2020,09:31:36,3.1,3,4000,3.2,12000,0,268000
ADANIENT30JAN20190PE.NFO,07/01/2020,09:31:42,3.1,3.05,4000,3.2,16000,0,268000
ADANIENT30JAN20190PE.NFO,07/01/2020,09:31:47,3.1,3.05,4000,3.2,8000,0,268000
ADANIENT30JAN20190PE.NFO,07/01/2020,09:31:52,3.1,3.05,4000,3.2,20000,0,268000
ADANIENT30JAN20190PE.NFO,07/01/2020,09:32:12,3.1,3.05,8000,3.2,12000,0,268000
ADANIENT30JAN20190PE.NFO,07/01/2020,09:32:17,3.1,3,12000,3.15,4000,0,268000
ADANIENT30JAN20190PE.NFO,07/01/2020,09:32:30,3,3,4000,3.15,12000,4000,304000
ADANIENT30JAN20190PE.NFO,07/01/2020,09:32:30,3,3,4000,3.15,12000,0,304000
ADANIENT30JAN20190PE.NFO,07/01/2020,09:32:35,3,3,4000,3.15,4000,0,304000
ADANIENT30JAN20190PE.NFO,07/01/2020,09:33:15,3,2.95,8000,3.1,4000,0,304000
ADANIENT30JAN20190PE.NFO,07/01/2020,09:33:21,3,3,4000,3.15,8000,0,304000
ADANIENT30JAN20190PE.NFO,07/01/2020,09:33:26,3,2.95,8000,3.15,8000,0,304000
ADANIENT30JAN20190PE.NFO,07/01/2020,09:33:37,3,3,4000,3.1,4000,0,304000
ADANIENT30JAN20190PE.NFO,07/01/2020,09:33:42,3,3,4000,3.15,20000,0,304000
ADANIENT30JAN20190PE.NFO,07/01/2020,09:33:48,3,2.95,8000,3.1,4000,4000,304000
ADANIENT30JAN20190PE.NFO,07/01/2020,09:33:53,3,2.95,8000,3.1,4000,0,304000
ADANIENT30JAN20190PE.NFO,07/01/2020,09:34:08,3,3.05,4000,3.15,12000,0,304000
ADANIENT30JAN20190PE.NFO,07/01/2020,09:34:14,3.1,3,4000,3.15,16000,4000,304000
ADANIENT30JAN20190PE.NFO,07/01/2020,09:34:19,3.1,3,4000,3.15,16000,0,304000
ADANIENT30JAN20190PE.NFO,07/01/2020,09:34:24,3.1,3,12000,3.15,12000,0,304000
ADANIENT30JAN20190PE.NFO,07/01/2020,09:34:34,3.1,3,12000,3.15,4000,0,304000
ADANIENT30JAN20190PE.NFO,07/01/2020,09:34:49,3.1,3.05,4000,3.15,4000,0,304000
ADANIENT30JAN20190PE.NFO,07/01/2020,09:34:54,3.1,3.05,4000,3.15,8000,0,304000
ADANIENT30JAN20190PE.NFO,07/01/2020,09:35:04,3.1,3.05,4000,3.15,20000,0,304000
ADANIENT30JAN20190PE.NFO,07/01/2020,09:35:09,3.1,3.05,4000,3.15,16000,0,304000
ADANIENT30JAN20190PE.NFO,07/01/2020,09:35:14,3.1,3,4000,3.15,16000,0,304000
ADANIENT30JAN20190PE.NFO,07/01/2020,09:35:19,3.1,3,4000,3.15,12000,0,304000
ADANIENT30JAN20190PE.NFO,07/01/2020,09:35:35,3.1,3,8000,3.1,4000,0,304000
ADANIENT30JAN20190PE.NFO,07/01/2020,09:35:41,3.1,3.05,12000,3.2,4000,4000,300000
ADANIENT30JAN20190PE.NFO,07/01/2020,09:35:55,3.1,3,8000,3.15,12000,0,300000
ADANIENT30JAN20190PE.NFO,07/01/2020,09:36:02,3.1,3,8000,3.15,4000,0,300000
ADANIENT30JAN20190PE.NFO,07/01/2020,09:36:07,3.1,3.05,4000,3.15,4000,0,300000
ADANIENT30JAN20190PE.NFO,07/01/2020,09:36:13,3.1,3,12000,3.15,4000,0,300000
ADANIENT30JAN20190PE.NFO,07/01/2020,09:36:35,3.1,3.05,4000,3.15,4000,0,300000
ADANIENT30JAN20190PE.NFO,07/01/2020,09:36:50,3.1,3.05,4000,3.15,8000,0,300000
ADANIENT30JAN20190PE.NFO,07/01/2020,09:37:00,3.1,3.05,4000,3.15,4000,0,300000
ADANIENT30JAN20190PE.NFO,07/01/2020,09:37:10,3.1,3.05,8000,3.15,4000,0,300000
ADANIENT30JAN20190PE.NFO,07/01/2020,09:37:50,3.1,3.05,4000,3.15,4000,0,300000
ADANIENT30JAN20190PE.NFO,07/01/2020,09:37:54,3.1,3.05,8000,3.15,4000,0,300000
ADANIENT30JAN20190PE.NFO,07/01/2020,09:38:03,3.1,3.05,4000,3.15,12000,0,300000
ADANIENT30JAN20190PE.NFO,07/01/2020,09:38:17,3.1,3.05,4000,3.15,8000,0,300000
ADANIENT30JAN20190PE.NFO,07/01/2020,09:38:22,3.1,3.05,4000,3.15,12000,0,300000
ADANIENT30JAN20190PE.NFO,07/01/2020,09:38:27,3.1,3.05,4000,3.15,4000,0,300000
ADANIENT30JAN20190PE.NFO,07/01/2020,09:38:55,3.1,3.05,4000,3.15,8000,0,300000
ADANIENT30JAN20190PE.NFO,07/01/2020,09:39:04,3.1,3.05,4000,3.15,4000,0,300000
ADANIENT30JAN20190PE.NFO,07/01/2020,09:39:25,3.1,3.05,4000,3.15,16000,0,300000
ADANIENT30JAN20190PE.NFO,07/01/2020,09:39:36,3.05,3,8000,3.15,8000,4000,300000
ADANIENT30JAN20190PE.NFO,07/01/2020,09:39:40,3.05,3,8000,3.15,4000,0,300000
ADANIENT30JAN20190PE.NFO,07/01/2020,09:40:04,3.05,3,4000,3.15,16000,0,300000
ADANIENT30JAN20190PE.NFO,07/01/2020,09:40:21,3.05,3,8000,3.15,4000,0,300000
ADANIENT30JAN20190PE.NFO,07/01/2020,09:40:26,3.05,3,12000,3.15,4000,0,300000
ADANIENT30JAN20190PE.NFO,07/01/2020,09:40:31,3.05,3,16000,3.15,4000,0,300000
ADANIENT30JAN20190PE.NFO,07/01/2020,09:40:42,3.05,3.05,8000,3.2,16000,0,300000
ADANIENT30JAN20190PE.NFO,07/01/2020,09:40:46,3.05,3,8000,3.15,12000,0,300000
ADANIENT30JAN20190PE.NFO,07/01/2020,09:40:56,3.05,3,8000,3.1,4000,0,300000
ADANIENT30JAN20190PE.NFO,07/01/2020,09:41:11,3.05,3,16000,3.1,4000,0,300000
ADANIENT30JAN20190PE.NFO,07/01/2020,09:41:36,3.05,3,16000,3.15,16000,0,300000
ADANIENT30JAN20190PE.NFO,07/01/2020,09:41:50,3.05,3,16000,3.1,4000,0,300000
ADANIENT30JAN20190PE.NFO,07/01/2020,09:42:02,3.05,3,20000,3.15,4000,0,300000
ADANIENT30JAN20190PE.NFO,07/01/2020,09:42:08,3.05,3.1,4000,3.2,12000,0,300000
ADANIENT30JAN20190PE.NFO,07/01/2020,09:42:15,3.05,3.1,8000,3.2,12000,0,300000
ADANIENT30JAN20190PE.NFO,07/01/2020,09:42:28,3.05,3.1,8000,3.2,16000,0,300000
ADANIENT30JAN20190PE.NFO,07/01/2020,09:42:36,3.1,3.1,4000,3.2,12000,4000,292000
ADANIENT30JAN20190PE.NFO,07/01/2020,09:42:43,3.1,3.1,4000,3.2,12000,0,292000
ADANIENT30JAN20190PE.NFO,07/01/2020,09:42:55,3.1,3.1,12000,3.2,8000,0,292000
ADANIENT30JAN20190PE.NFO,07/01/2020,09:43:06,3.1,3.15,4000,3.2,4000,0,292000
ADANIENT30JAN20190PE.NFO,07/01/2020,09:43:23,3.1,3.15,8000,3.25,12000,0,292000
ADANIENT30JAN20190PE.NFO,07/01/2020,09:43:28,3.15,3.15,4000,3.25,12000,4000,292000
ADANIENT30JAN20190PE.NFO,07/01/2020,09:43:33,3.15,3.1,8000,3.2,4000,4000,292000
ADANIENT30JAN20190PE.NFO,07/01/2020,09:43:38,3.15,3.1,8000,3.25,12000,0,292000
ADANIENT30JAN20190PE.NFO,07/01/2020,09:43:52,3.15,3.1,8000,3.25,8000,0,292000
ADANIENT30JAN20190PE.NFO,07/01/2020,09:43:57,3.15,3.1,8000,3.2,4000,0,292000
ADANIENT30JAN20190PE.NFO,07/01/2020,09:44:14,3.15,3.1,4000,3.25,12000,0,292000
ADANIENT30JAN20190PE.NFO,07/01/2020,09:44:24,3.15,3.1,4000,3.2,4000,0,292000
ADANIENT30JAN20190PE.NFO,07/01/2020,09:44:30,3.15,3.05,8000,3.2,4000,0,292000
ADANIENT30JAN20190PE.NFO,07/01/2020,09:44:46,3.15,3.1,8000,3.25,4000,0,292000
ADANIENT30JAN20190PE.NFO,07/01/2020,09:44:52,3.15,3.1,8000,3.25,8000,0,292000
ADANIENT30JAN20190PE.NFO,07/01/2020,09:44:57,3.15,3.15,12000,3.3,12000,0,292000
ADANIENT30JAN20190PE.NFO,07/01/2020,09:45:02,3.15,3.1,4000,3.2,4000,0,292000
ADANIENT30JAN20190PE.NFO,07/01/2020,09:45:15,3.15,3.05,8000,3.2,12000,0,292000
ADANIENT30JAN20190PE.NFO,07/01/2020,09:45:26,3.15,3.05,8000,3.2,16000,0,292000
ADANIENT30JAN20190PE.NFO,07/01/2020,09:45:36,3.15,3.05,4000,3.2,12000,0,292000
ADANIENT30JAN20190PE.NFO,07/01/2020,09:45:41,3.15,3.05,4000,3.2,16000,0,292000
ADANIENT30JAN20190PE.NFO,07/01/2020,09:45:45,3.15,3.05,4000,3.2,12000,0,292000
ADANIENT30JAN20190PE.NFO,07/01/2020,09:45:55,3.15,3.05,4000,3.2,16000,0,292000
ADANIENT30JAN20190PE.NFO,07/01/2020,09:46:28,3.15,3.05,4000,3.2,12000,0,292000
ADANIENT30JAN20190PE.NFO,07/01/2020,09:47:02,3.15,3.05,4000,3.1,20000,0,292000
ADANIENT30JAN20190PE.NFO,07/01/2020,09:47:07,3.1,3.05,4000,3.1,16000,4000,292000
ADANIENT30JAN20190PE.NFO,07/01/2020,09:47:12,3.1,3.05,4000,3.1,16000,0,292000
ADANIENT30JAN20190PE.NFO,07/01/2020,09:47:25,3.1,3.05,4000,3.1,20000,0,292000
ADANIENT30JAN20190PE.NFO,07/01/2020,09:48:14,3.05,3,4000,3.05,4000,4000,296000
ADANIENT30JAN20190PE.NFO,07/01/2020,09:48:18,3.05,3,4000,3.1,24000,0,296000
ADANIENT30JAN20190PE.NFO,07/01/2020,09:48:26,3.05,3,4000,3.1,20000,0,296000
ADANIENT30JAN20190PE.NFO,07/01/2020,09:48:44,3.05,3,4000,3.1,16000,0,296000
ADANIENT30JAN20190PE.NFO,07/01/2020,09:49:00,3.05,3,4000,3.1,20000,0,296000
ADANIENT30JAN20190PE.NFO,07/01/2020,09:49:30,3.05,3,4000,3.1,16000,0,296000
ADANIENT30JAN20190PE.NFO,07/01/2020,09:49:41,3.05,3,4000,3.1,20000,0,296000
ADANIENT30JAN20190PE.NFO,07/01/2020,09:49:53,3.05,3,4000,3.1,16000,0,296000
ADANIENT30JAN20190PE.NFO,07/01/2020,09:49:56,3.05,3,4000,3.1,20000,0,296000
ADANIENT30JAN20190PE.NFO,07/01/2020,09:50:10,3.05,3,4000,3.1,16000,0,296000
ADANIENT30JAN20190PE.NFO,07/01/2020,09:50:32,3.05,3,4000,3.1,20000,0,296000
ADANIENT30JAN20190PE.NFO,07/01/2020,09:50:35,3.05,3,4000,3.1,16000,0,296000
ADANIENT30JAN20190PE.NFO,07/01/2020,09:50:40,3.05,3,8000,3.1,16000,0,296000
ADANIENT30JAN20190PE.NFO,07/01/2020,09:51:07,3.05,3,16000,3.1,16000,0,296000
ADANIENT30JAN20190PE.NFO,07/01/2020,09:51:12,3.05,3.05,8000,3.1,16000,0,296000
ADANIENT30JAN20190PE.NFO,07/01/2020,09:51:16,3.05,3.05,12000,3.1,16000,0,296000
ADANIENT30JAN20190PE.NFO,07/01/2020,09:51:25,3.05,3.05,4000,3.1,20000,0,296000
ADANIENT30JAN20190PE.NFO,07/01/2020,09:51:30,3.05,2.95,12000,3.05,4000,4000,296000
ADANIENT30JAN20190PE.NFO,07/01/2020,09:51:34,3.05,2.95,12000,3.05,4000,0,296000
ADANIENT30JAN20190PE.NFO,07/01/2020,09:52:01,3.05,2.95,8000,3.05,4000,0,296000
ADANIENT30JAN20190PE.NFO,07/01/2020,09:52:05,3.05,3,4000,3.1,32000,0,296000
ADANIENT30JAN20190PE.NFO,07/01/2020,09:52:10,3.05,2.95,12000,3.1,32000,0,296000
ADANIENT30JAN20190PE.NFO,07/01/2020,09:52:23,3.05,3,4000,3.1,20000,0,296000
ADANIENT30JAN20190PE.NFO,07/01/2020,09:52:38,3.05,2.95,16000,3.1,32000,0,296000
ADANIENT30JAN20190PE.NFO,07/01/2020,09:52:51,3.05,2.95,12000,3.1,32000,0,296000
ADANIENT30JAN20190PE.NFO,07/01/2020,09:53:03,3.05,2.95,4000,3.05,4000,0,296000
ADANIENT30JAN20190PE.NFO,07/01/2020,09:53:09,3.05,2.9,4000,3.05,20000,0,296000
ADANIENT30JAN20190PE.NFO,07/01/2020,09:53:14,3.05,2.9,4000,3,8000,0,296000
ADANIENT30JAN20190PE.NFO,07/01/2020,09:53:19,2.9,2.85,16000,3,12000,4000,296000
ADANIENT30JAN20190PE.NFO,07/01/2020,09:53:19,2.9,2.85,16000,3,12000,0,296000
ADANIENT30JAN20190PE.NFO,07/01/2020,09:53:24,2.85,2.85,12000,3,4000,16000,296000
ADANIENT30JAN20190PE.NFO,07/01/2020,09:53:24,2.85,2.85,12000,3,4000,0,296000
ADANIENT30JAN20190PE.NFO,07/01/2020,09:53:28,2.85,2.9,4000,3,4000,0,296000
ADANIENT30JAN20190PE.NFO,07/01/2020,09:53:45,2.85,2.8,8000,2.95,4000,0,296000
ADANIENT30JAN20190PE.NFO,07/01/2020,09:53:49,2.85,2.8,12000,2.95,4000,0,296000
ADANIENT30JAN20190PE.NFO,07/01/2020,09:53:59,2.85,2.8,8000,2.95,4000,0,296000
ADANIENT30JAN20190PE.NFO,07/01/2020,09:54:04,2.85,2.75,16000,2.9,4000,0,296000
ADANIENT30JAN20190PE.NFO,07/01/2020,09:54:09,2.85,2.75,16000,2.9,16000,0,296000
ADANIENT30JAN20190PE.NFO,07/01/2020,09:54:33,2.85,2.75,16000,2.9,12000,0,296000
ADANIENT30JAN20190PE.NFO,07/01/2020,09:54:37,2.85,2.75,16000,2.9,16000,0,296000
ADANIENT30JAN20190PE.NFO,07/01/2020,09:54:46,2.85,2.75,4000,2.85,4000,0,296000
ADANIENT30JAN20190PE.NFO,07/01/2020,09:54:50,2.85,2.7,12000,2.85,4000,0,296000
ADANIENT30JAN20190PE.NFO,07/01/2020,09:54:54,2.85,2.7,16000,2.85,4000,0,296000
ADANIENT30JAN20190PE.NFO,07/01/2020,09:54:58,2.85,2.7,16000,2.85,12000,0,296000
ADANIENT30JAN20190PE.NFO,07/01/2020,09:55:08,2.85,2.7,12000,2.85,4000,0,296000
ADANIENT30JAN20190PE.NFO,07/01/2020,09:55:13,2.85,2.7,12000,2.85,8000,0,296000
ADANIENT30JAN20190PE.NFO,07/01/2020,09:55:18,2.7,2.75,8000,2.9,20000,4000,296000
ADANIENT30JAN20190PE.NFO,07/01/2020,09:55:18,2.7,2.75,8000,2.9,20000,0,296000
ADANIENT30JAN20190PE.NFO,07/01/2020,09:55:22,2.7,2.75,8000,2.9,20000,0,296000
ADANIENT30JAN20190PE.NFO,07/01/2020,09:55:27,2.7,2.8,4000,2.95,20000,0,296000
ADANIENT30JAN20190PE.NFO,07/01/2020,09:55:31,2.7,2.8,4000,2.9,4000,0,296000
ADANIENT30JAN20190PE.NFO,07/01/2020,09:55:39,2.7,2.75,16000,2.9,12000,0,296000
ADANIENT30JAN20190PE.NFO,07/01/2020,09:55:52,2.7,2.8,4000,2.9,8000,0,296000
ADANIENT30JAN20190PE.NFO,07/01/2020,09:55:55,2.7,2.8,4000,2.9,4000,0,296000
ADANIENT30JAN20190PE.NFO,07/01/2020,09:56:22,2.7,2.8,4000,2.95,20000,0,296000
ADANIENT30JAN20190PE.NFO,07/01/2020,09:56:32,2.7,2.8,4000,2.95,12000,0,296000
ADANIENT30JAN20190PE.NFO,07/01/2020,09:56:35,2.7,2.8,12000,2.95,8000,0,296000
ADANIENT30JAN20190PE.NFO,07/01/2020,09:56:40,2.7,2.8,12000,2.95,12000,0,296000
ADANIENT30JAN20190PE.NFO,07/01/2020,09:56:45,2.7,2.8,12000,2.95,8000,0,296000
ADANIENT30JAN20190PE.NFO,07/01/2020,09:56:53,2.7,2.8,16000,2.95,8000,0,296000
ADANIENT30JAN20190PE.NFO,07/01/2020,09:57:15,2.7,2.85,4000,2.95,8000,0,296000
ADANIENT30JAN20190PE.NFO,07/01/2020,09:57:20,2.7,2.85,8000,2.95,8000,0,296000
ADANIENT30JAN20190PE.NFO,07/01/2020,09:57:31,2.7,2.85,4000,2.95,8000,0,296000
ADANIENT30JAN20190PE.NFO,07/01/2020,09:57:34,2.7,2.85,4000,2.95,12000,0,296000
ADANIENT30JAN20190PE.NFO,07/01/2020,09:57:50,2.7,2.85,4000,2.95,8000,0,296000
ADANIENT30JAN20190PE.NFO,07/01/2020,09:58:06,2.7,2.85,4000,2.95,12000,0,296000
ADANIENT30JAN20190PE.NFO,07/01/2020,09:59:04,2.7,2.85,4000,2.95,20000,0,296000
ADANIENT30JAN20190PE.NFO,07/01/2020,09:59:09,2.7,2.8,12000,2.95,20000,0,296000
ADANIENT30JAN20190PE.NFO,07/01/2020,09:59:14,2.7,2.8,12000,2.95,16000,0,296000
ADANIENT30JAN20190PE.NFO,07/01/2020,09:59:18,2.7,2.8,16000,2.95,8000,0,296000
ADANIENT30JAN20190PE.NFO,07/01/2020,09:59:37,2.7,2.85,8000,2.95,8000,0,296000
ADANIENT30JAN20190PE.NFO,07/01/2020,09:59:42,2.7,2.85,8000,2.95,12000,0,296000
ADANIENT30JAN20190PE.NFO,07/01/2020,09:59:54,2.7,2.85,8000,2.95,8000,0,296000
ADANIENT30JAN20190PE.NFO,07/01/2020,10:00:08,2.7,2.85,4000,2.95,8000,0,296000
ADANIENT30JAN20190PE.NFO,07/01/2020,10:00:17,2.7,2.85,4000,2.95,12000,0,296000
ADANIENT30JAN20190PE.NFO,07/01/2020,10:00:22,2.7,2.85,4000,2.95,8000,0,296000
ADANIENT30JAN20190PE.NFO,07/01/2020,10:00:45,2.7,2.85,12000,3,36000,0,296000
ADANIENT30JAN20190PE.NFO,07/01/2020,10:00:52,2.7,2.9,4000,3,36000,0,296000
ADANIENT30JAN20190PE.NFO,07/01/2020,10:01:03,2.7,2.9,4000,3,32000,0,296000
ADANIENT30JAN20190PE.NFO,07/01/2020,10:01:09,2.7,2.9,8000,3,24000,0,296000
ADANIENT30JAN20190PE.NFO,07/01/2020,10:01:45,2.7,2.9,8000,3,32000,0,296000
ADANIENT30JAN20190PE.NFO,07/01/2020,10:01:55,2.7,2.9,4000,3,32000,0,296000
ADANIENT30JAN20190PE.NFO,07/01/2020,10:02:06,2.7,2.9,4000,3,28000,0,296000
ADANIENT30JAN20190PE.NFO,07/01/2020,10:02:12,2.7,2.9,4000,3,24000,0,296000
ADANIENT30JAN20190PE.NFO,07/01/2020,10:02:17,2.7,2.85,12000,2.95,4000,0,296000
ADANIENT30JAN20190PE.NFO,07/01/2020,10:02:28,2.7,2.85,52000,3,36000,0,296000
ADANIENT30JAN20190PE.NFO,07/01/2020,10:02:51,2.7,2.85,48000,3,36000,0,296000
ADANIENT30JAN20190PE.NFO,07/01/2020,10:02:55,2.7,2.85,48000,3,40000,0,296000
ADANIENT30JAN20190PE.NFO,07/01/2020,10:03:13,2.7,2.85,52000,3,40000,0,296000
ADANIENT30JAN20190PE.NFO,07/01/2020,10:03:27,2.7,2.85,52000,3,36000,0,296000
ADANIENT30JAN20190PE.NFO,07/01/2020,10:03:37,2.7,2.85,52000,3,40000,0,296000
ADANIENT30JAN20190PE.NFO,07/01/2020,10:03:47,2.7,2.85,52000,3,36000,0,296000
ADANIENT30JAN20190PE.NFO,07/01/2020,10:03:56,2.7,2.85,52000,3,28000,0,296000
ADANIENT30JAN20190PE.NFO,07/01/2020,10:04:01,2.7,2.85,52000,3,24000,0,296000
ADANIENT30JAN20190PE.NFO,07/01/2020,10:04:15,2.7,2.85,56000,3,24000,0,296000
ADANIENT30JAN20190PE.NFO,07/01/2020,10:04:19,2.7,2.9,4000,3,24000,0,296000
ADANIENT30JAN20190PE.NFO,07/01/2020,10:04:27,3,3,80000,3.05,12000,44000,312000
ADANIENT30JAN20190PE.NFO,07/01/2020,10:04:32,3,3,80000,3.05,12000,0,312000
ADANIENT30JAN20190PE.NFO,07/01/2020,10:04:37,3,3,80000,3.05,8000,0,312000
ADANIENT30JAN20190PE.NFO,07/01/2020,10:04:49,3,3,80000,3.05,4000,0,312000
ADANIENT30JAN20190PE.NFO,07/01/2020,10:04:53,3,2.95,4000,3.05,4000,0,312000
ADANIENT30JAN20190PE.NFO,07/01/2020,10:05:09,3,2.9,4000,3,8000,0,312000
ADANIENT30JAN20190PE.NFO,07/01/2020,10:05:20,3,2.9,12000,3,8000,0,312000
ADANIENT30JAN20190PE.NFO,07/01/2020,10:05:23,3,2.9,8000,3,8000,0,312000
ADANIENT30JAN20190PE.NFO,07/01/2020,10:05:26,3,2.9,12000,3,8000,0,312000
ADANIENT30JAN20190PE.NFO,07/01/2020,10:05:36,3,2.95,4000,3.05,4000,4000,336000
ADANIENT30JAN20190PE.NFO,07/01/2020,10:05:42,3,2.95,4000,3.05,4000,0,336000
ADANIENT30JAN20190PE.NFO,07/01/2020,10:05:48,3,2.95,4000,3,4000,0,336000
ADANIENT30JAN20190PE.NFO,07/01/2020,10:05:53,3,3,92000,3.15,4000,4000,336000
ADANIENT30JAN20190PE.NFO,07/01/2020,10:05:58,3,3,92000,3.2,4000,0,336000
ADANIENT30JAN20190PE.NFO,07/01/2020,10:06:13,3,3,8000,3.2,4000,0,336000
ADANIENT30JAN20190PE.NFO,07/01/2020,10:06:25,3,3,12000,3.25,8000,0,336000
ADANIENT30JAN20190PE.NFO,07/01/2020,10:06:30,3,3,8000,3.25,8000,0,336000
ADANIENT30JAN20190PE.NFO,07/01/2020,10:06:36,3,3,12000,3.25,8000,0,336000
ADANIENT30JAN20190PE.NFO,07/01/2020,10:06:41,3,3.05,8000,3.25,4000,0,336000
ADANIENT30JAN20190PE.NFO,07/01/2020,10:06:57,3,3.05,4000,3.25,4000,0,336000
ADANIENT30JAN20190PE.NFO,07/01/2020,10:07:01,3,3.05,8000,3.25,8000,0,336000
ADANIENT30JAN20190PE.NFO,07/01/2020,10:07:07,3,3.05,8000,3.25,12000,0,336000
ADANIENT30JAN20190PE.NFO,07/01/2020,10:07:12,3,3.05,8000,3.2,4000,0,336000
ADANIENT30JAN20190PE.NFO,07/01/2020,10:07:38,3,3.05,8000,3.2,8000,0,336000
ADANIENT30JAN20190PE.NFO,07/01/2020,10:08:03,3,3.1,8000,3.2,4000,0,336000
ADANIENT30JAN20190PE.NFO,07/01/2020,10:08:22,3,3.1,8000,3.2,8000,0,336000
ADANIENT30JAN20190PE.NFO,07/01/2020,10:08:27,3,3.05,12000,3.2,4000,0,336000
ADANIENT30JAN20190PE.NFO,07/01/2020,10:08:31,3,3.1,8000,3.25,8000,0,336000
ADANIENT30JAN20190PE.NFO,07/01/2020,10:08:37,3,3.05,12000,3.2,4000,0,336000
ADANIENT30JAN20190PE.NFO,07/01/2020,10:08:46,3,3.05,12000,3.2,8000,0,336000
ADANIENT30JAN20190PE.NFO,07/01/2020,10:08:54,3,3,12000,3.2,8000,0,336000
ADANIENT30JAN20190PE.NFO,07/01/2020,10:09:03,3,3,20000,3.2,12000,0,336000
ADANIENT30JAN20190PE.NFO,07/01/2020,10:09:15,3,3,16000,3.2,8000,0,336000
ADANIENT30JAN20190PE.NFO,07/01/2020,10:09:20,3,3,20000,3.2,8000,0,336000
ADANIENT30JAN20190PE.NFO,07/01/2020,10:09:25,3,3,20000,3.2,4000,0,336000
ADANIENT30JAN20190PE.NFO,07/01/2020,10:09:30,3,3.05,8000,3.2,4000,0,336000
ADANIENT30JAN20190PE.NFO,07/01/2020,10:09:43,3,3,20000,3.2,16000,0,336000
ADANIENT30JAN20190PE.NFO,07/01/2020,10:10:07,3,3,8000,3.1,4000,0,336000
ADANIENT30JAN20190PE.NFO,07/01/2020,10:10:12,3,3,16000,3.15,4000,0,336000
ADANIENT30JAN20190PE.NFO,07/01/2020,10:10:18,3,3,20000,3.15,4000,0,336000
ADANIENT30JAN20190PE.NFO,07/01/2020,10:10:26,3,3,20000,3.15,8000,0,336000
ADANIENT30JAN20190PE.NFO,07/01/2020,10:10:34,3,3,12000,3.15,8000,0,336000
ADANIENT30JAN20190PE.NFO,07/01/2020,10:10:49,3,3,12000,3.15,12000,0,336000
ADANIENT30JAN20190PE.NFO,07/01/2020,10:10:55,3,3,12000,3.15,4000,0,336000
ADANIENT30JAN20190PE.NFO,07/01/2020,10:11:02,3,3,20000,3.15,4000,0,336000
ADANIENT30JAN20190PE.NFO,07/01/2020,10:11:05,3,3,12000,3.15,4000,0,336000
ADANIENT30JAN20190PE.NFO,07/01/2020,10:11:10,3,3,20000,3.15,4000,0,336000
ADANIENT30JAN20190PE.NFO,07/01/2020,10:11:38,3,3,12000,3.15,8000,0,336000
ADANIENT30JAN20190PE.NFO,07/01/2020,10:11:42,3,3,12000,3.15,12000,0,336000
ADANIENT30JAN20190PE.NFO,07/01/2020,10:11:54,3,3,12000,3.15,4000,0,336000
ADANIENT30JAN20190PE.NFO,07/01/2020,10:11:58,3,3,16000,3.15,4000,0,336000
ADANIENT30JAN20190PE.NFO,07/01/2020,10:12:02,3,3,16000,3.15,8000,0,336000
ADANIENT30JAN20190PE.NFO,07/01/2020,10:12:06,3,3,12000,3.15,8000,0,336000
ADANIENT30JAN20190PE.NFO,07/01/2020,10:12:18,3,3,8000,3.15,8000,0,336000
ADANIENT30JAN20190PE.NFO,07/01/2020,10:12:36,3,3,4000,3.15,16000,0,336000
ADANIENT30JAN20190PE.NFO,07/01/2020,10:12:55,3,3,8000,3.15,8000,0,336000
ADANIENT30JAN20190PE.NFO,07/01/2020,10:13:07,3,3,8000,3.15,12000,0,336000
ADANIENT30JAN20190PE.NFO,07/01/2020,10:13:12,3,3,8000,3.15,8000,0,336000
ADANIENT30JAN20190PE.NFO,07/01/2020,10:13:35,3,3,8000,3.15,4000,0,336000
ADANIENT30JAN20190PE.NFO,07/01/2020,10:13:56,3,3,4000,3.15,4000,0,336000
ADANIENT30JAN20190PE.NFO,07/01/2020,10:14:01,3,3,8000,3.15,4000,0,336000
ADANIENT30JAN20190PE.NFO,07/01/2020,10:14:11,3,3,12000,3.15,4000,0,336000
ADANIENT30JAN20190PE.NFO,07/01/2020,10:14:16,3,2.95,12000,3.1,8000,0,336000
ADANIENT30JAN20190PE.NFO,07/01/2020,10:14:26,3,2.95,8000,3.1,4000,0,336000
ADANIENT30JAN20190PE.NFO,07/01/2020,10:14:32,3,2.95,16000,3.15,16000,0,336000
ADANIENT30JAN20190PE.NFO,07/01/2020,10:14:36,3,3,4000,3.15,12000,0,336000
ADANIENT30JAN20190PE.NFO,07/01/2020,10:14:41,3,3,4000,3.1,4000,0,336000
ADANIENT30JAN20190PE.NFO,07/01/2020,10:15:05,3,3,4000,3.1,8000,0,336000
ADANIENT30JAN20190PE.NFO,07/01/2020,10:15:10,3,3,4000,3.1,4000,0,336000
ADANIENT30JAN20190PE.NFO,07/01/2020,10:15:15,3,3,4000,3.1,8000,0,336000
ADANIENT30JAN20190PE.NFO,07/01/2020,10:15:20,3,3,4000,3.1,12000,0,336000
ADANIENT30JAN20190PE.NFO,07/01/2020,10:15:26,3,3,4000,3.1,8000,0,336000
ADANIENT30JAN20190PE.NFO,07/01/2020,10:15:51,3,3,4000,3.1,4000,0,336000
ADANIENT30JAN20190PE.NFO,07/01/2020,10:16:01,3,3,8000,3.1,4000,0,336000
ADANIENT30JAN20190PE.NFO,07/01/2020,10:16:30,3,3,4000,3.1,4000,0,336000
ADANIENT30JAN20190PE.NFO,07/01/2020,10:16:39,3,3,12000,3.15,8000,0,336000
ADANIENT30JAN20190PE.NFO,07/01/2020,10:16:52,3,3,12000,3.1,4000,0,336000
ADANIENT30JAN20190PE.NFO,07/01/2020,10:17:00,3,3,8000,3.1,4000,0,336000
ADANIENT30JAN20190PE.NFO,07/01/2020,10:17:11,3,3,12000,3.15,8000,0,336000
ADANIENT30JAN20190PE.NFO,07/01/2020,10:17:19,3,3,12000,3.1,4000,0,336000
ADANIENT30JAN20190PE.NFO,07/01/2020,10:18:11,3,3,4000,3.1,8000,0,336000
ADANIENT30JAN20190PE.NFO,07/01/2020,10:18:19,3,3,4000,3.1,4000,0,336000
ADANIENT30JAN20190PE.NFO,07/01/2020,10:18:46,3,3,8000,3.1,4000,0,336000
ADANIENT30JAN20190PE.NFO,07/01/2020,10:18:56,3,3,12000,3.15,12000,0,336000
ADANIENT30JAN20190PE.NFO,07/01/2020,10:19:14,3,3,8000,3.15,12000,0,336000
ADANIENT30JAN20190PE.NFO,07/01/2020,10:19:28,3,3,12000,3.1,4000,0,336000
ADANIENT30JAN20190PE.NFO,07/01/2020,10:19:32,3,3,12000,3.15,12000,0,336000
ADANIENT30JAN20190PE.NFO,07/01/2020,10:19:41,3,3,12000,3.15,8000,0,336000
ADANIENT30JAN20190PE.NFO,07/01/2020,10:20:00,3,3,12000,3.15,4000,0,336000
ADANIENT30JAN20190PE.NFO,07/01/2020,10:20:50,3,3,8000,3.15,4000,0,336000
ADANIENT30JAN20190PE.NFO,07/01/2020,10:20:57,3,3.05,12000,3.2,4000,0,336000
ADANIENT30JAN20190PE.NFO,07/01/2020,10:21:04,3,3.05,12000,3.2,8000,0,336000
ADANIENT30JAN20190PE.NFO,07/01/2020,10:21:11,3,3.05,12000,3.2,12000,0,336000
ADANIENT30JAN20190PE.NFO,07/01/2020,10:21:19,3,3.05,12000,3.2,8000,0,336000
ADANIENT30JAN20190PE.NFO,07/01/2020,10:21:46,3,3.05,12000,3.2,12000,0,336000
ADANIENT30JAN20190PE.NFO,07/01/2020,10:21:50,3,3.05,12000,3.2,8000,0,336000
ADANIENT30JAN20190PE.NFO,07/01/2020,10:22:08,3,3.05,20000,3.2,8000,0,336000
ADANIENT30JAN20190PE.NFO,07/01/2020,10:22:13,3,3.05,20000,3.2,4000,0,336000
ADANIENT30JAN20190PE.NFO,07/01/2020,10:22:42,3,3.05,20000,3.25,16000,0,336000
ADANIENT30JAN20190PE.NFO,07/01/2020,10:22:49,3,3.05,20000,3.25,12000,0,336000
ADANIENT30JAN20190PE.NFO,07/01/2020,10:22:54,3,3.15,4000,3.25,4000,0,336000
ADANIENT30JAN20190PE.NFO,07/01/2020,10:23:10,3,3.1,12000,3.25,12000,0,336000
ADANIENT30JAN20190PE.NFO,07/01/2020,10:23:14,3,3.1,16000,3.25,12000,0,336000
ADANIENT30JAN20190PE.NFO,07/01/2020,10:23:18,3,3.1,12000,3.25,12000,0,336000
ADANIENT30JAN20190PE.NFO,07/01/2020,10:23:32,3,3.1,12000,3.25,4000,0,336000
ADANIENT30JAN20190PE.NFO,07/01/2020,10:23:37,3,3.1,12000,3.25,8000,0,336000
ADANIENT30JAN20190PE.NFO,07/01/2020,10:23:48,3,3.1,8000,3.25,4000,0,336000
ADANIENT30JAN20190PE.NFO,07/01/2020,10:23:53,3,3.1,16000,3.25,4000,0,336000
ADANIENT30JAN20190PE.NFO,07/01/2020,10:24:13,3,3.15,4000,3.25,4000,0,336000
ADANIENT30JAN20190PE.NFO,07/01/2020,10:24:17,3,3.1,16000,3.25,4000,0,336000
ADANIENT30JAN20190PE.NFO,07/01/2020,10:24:25,3,3.1,16000,3.25,8000,0,336000
ADANIENT30JAN20190PE.NFO,07/01/2020,10:24:42,3,3.1,16000,3.25,4000,0,336000
ADANIENT30JAN20190PE.NFO,07/01/2020,10:24:55,3,3.15,8000,3.25,4000,0,336000
ADANIENT30JAN20190PE.NFO,07/01/2020,10:24:59,3,3.1,16000,3.2,4000,0,336000
ADANIENT30JAN20190PE.NFO,07/01/2020,10:25:10,3,3.05,16000,3.15,4000,0,336000
ADANIENT30JAN20190PE.NFO,07/01/2020,10:25:23,3,3.05,16000,3.2,4000,0,336000
ADANIENT30JAN20190PE.NFO,07/01/2020,10:25:32,3,3.1,12000,3.2,4000,0,336000
ADANIENT30JAN20190PE.NFO,07/01/2020,10:25:38,3,3.1,12000,3.25,12000,0,336000
ADANIENT30JAN20190PE.NFO,07/01/2020,10:25:49,3,3.1,8000,3.2,4000,0,336000
ADANIENT30JAN20190PE.NFO,07/01/2020,10:25:58,3,3.1,4000,3.25,12000,0,336000
ADANIENT30JAN20190PE.NFO,07/01/2020,10:26:06,3,3.1,8000,3.25,12000,0,336000
ADANIENT30JAN20190PE.NFO,07/01/2020,10:26:23,3,3.1,8000,3.25,4000,0,336000
ADANIENT30JAN20190PE.NFO,07/01/2020,10:27:02,3,3.05,16000,3.2,4000,0,336000
ADANIENT30JAN20190PE.NFO,07/01/2020,10:27:06,3,3.05,12000,3.2,4000,0,336000
ADANIENT30JAN20190PE.NFO,07/01/2020,10:27:14,3,3.05,12000,3.2,8000,0,336000
ADANIENT30JAN20190PE.NFO,07/01/2020,10:27:17,3,3.05,12000,3.2,4000,0,336000
ADANIENT30JAN20190PE.NFO,07/01/2020,10:27:25,3,3,16000,3.2,12000,0,336000
ADANIENT30JAN20190PE.NFO,07/01/2020,10:27:33,3,3.05,8000,3.2,8000,0,336000
ADANIENT30JAN20190PE.NFO,07/01/2020,10:27:44,3,3,16000,3.2,16000,0,336000
ADANIENT30JAN20190PE.NFO,07/01/2020,10:27:47,3.05,3,12000,3.15,4000,4000,344000
ADANIENT30JAN20190PE.NFO,07/01/2020,10:27:54,3.05,3.05,4000,3.15,4000,0,344000
ADANIENT30JAN20190PE.NFO,07/01/2020,10:28:00,3.05,3.05,4000,3.2,12000,0,344000
ADANIENT30JAN20190PE.NFO,07/01/2020,10:28:08,3.05,3.05,4000,3.2,8000,0,344000
ADANIENT30JAN20190PE.NFO,07/01/2020,10:28:12,3.05,3,16000,3.15,4000,0,344000
ADANIENT30JAN20190PE.NFO,07/01/2020,10:28:20,3.05,3.05,8000,3.15,4000,0,344000
ADANIENT30JAN20190PE.NFO,07/01/2020,10:28:23,3.05,3.05,12000,3.2,4000,0,344000
ADANIENT30JAN20190PE.NFO,07/01/2020,10:28:28,3.1,3.05,12000,3.2,4000,4000,344000
ADANIENT30JAN20190PE.NFO,07/01/2020,10:28:32,3.1,3.1,12000,3.25,8000,0,344000
ADANIENT30JAN20190PE.NFO,07/01/2020,10:28:46,3.1,3.1,16000,3.25,8000,0,344000
ADANIENT30JAN20190PE.NFO,07/01/2020,10:29:04,3.1,3.1,16000,3.25,12000,0,344000
ADANIENT30JAN20190PE.NFO,07/01/2020,10:29:26,3.1,3.1,16000,3.25,8000,0,344000
ADANIENT30JAN20190PE.NFO,07/01/2020,10:29:48,3.1,3.1,12000,3.25,8000,0,344000
ADANIENT30JAN20190PE.NFO,07/01/2020,10:30:03,3.1,3.1,12000,3.25,12000,0,344000
ADANIENT30JAN20190PE.NFO,07/01/2020,10:30:09,3.1,3.1,12000,3.25,8000,0,344000
ADANIENT30JAN20190PE.NFO,07/01/2020,10:30:40,3.1,3.1,12000,3.25,12000,0,344000
ADANIENT30JAN20190PE.NFO,07/01/2020,10:32:05,3.1,3.1,16000,3.25,16000,0,344000
ADANIENT30JAN20190PE.NFO,07/01/2020,10:32:13,3.1,3.1,16000,3.25,12000,0,344000
ADANIENT30JAN20190PE.NFO,07/01/2020,10:32:23,3.1,3.1,16000,3.25,16000,0,344000
ADANIENT30JAN20190PE.NFO,07/01/2020,10:32:27,3.1,3.1,16000,3.25,12000,0,344000
ADANIENT30JAN20190PE.NFO,07/01/2020,10:32:43,3.1,3.1,12000,3.2,4000,0,344000
ADANIENT30JAN20190PE.NFO,07/01/2020,10:32:54,3.1,3.1,12000,3.25,12000,0,344000
ADANIENT30JAN20190PE.NFO,07/01/2020,10:33:15,3.1,3.1,12000,3.25,8000,0,344000
ADANIENT30JAN20190PE.NFO,07/01/2020,10:33:30,3.1,3.1,12000,3.2,4000,0,344000
ADANIENT30JAN20190PE.NFO,07/01/2020,10:33:35,3.1,3.1,12000,3.25,12000,0,344000
ADANIENT30JAN20190PE.NFO,07/01/2020,10:33:56,3.1,3.1,12000,3.25,8000,0,344000
ADANIENT30JAN20190PE.NFO,07/01/2020,10:33:59,3.1,3.1,16000,3.25,12000,0,344000
ADANIENT30JAN20190PE.NFO,07/01/2020,10:34:01,3.1,3.1,16000,3.25,8000,0,344000
ADANIENT30JAN20190PE.NFO,07/01/2020,10:34:22,3.1,3.1,12000,3.2,4000,0,344000
ADANIENT30JAN20190PE.NFO,07/01/2020,10:34:40,3.1,3.1,12000,3.2,4000,4000,340000
ADANIENT30JAN20190PE.NFO,07/01/2020,10:34:44,3.1,3.1,12000,3.2,4000,0,340000
ADANIENT30JAN20190PE.NFO,07/01/2020,10:34:55,3.1,3.05,16000,3.2,8000,0,340000
ADANIENT30JAN20190PE.NFO,07/01/2020,10:35:32,3.1,3.05,16000,3.15,4000,0,340000
ADANIENT30JAN20190PE.NFO,07/01/2020,10:35:35,3.1,3.1,12000,3.25,16000,0,340000
ADANIENT30JAN20190PE.NFO,07/01/2020,10:35:39,3.1,3.1,12000,3.25,12000,0,340000
ADANIENT30JAN20190PE.NFO,07/01/2020,10:35:42,3.1,3.1,12000,3.25,16000,0,340000
ADANIENT30JAN20190PE.NFO,07/01/2020,10:35:58,3.1,3.1,12000,3.25,12000,0,340000
ADANIENT30JAN20190PE.NFO,07/01/2020,10:36:08,3.1,3.1,16000,3.25,12000,0,340000
ADANIENT30JAN20190PE.NFO,07/01/2020,10:36:34,3.1,3.1,12000,3.2,4000,0,340000
ADANIENT30JAN20190PE.NFO,07/01/2020,10:36:41,3.1,3.1,16000,3.25,16000,0,340000
ADANIENT30JAN20190PE.NFO,07/01/2020,10:36:46,3.1,3.1,12000,3.2,4000,0,340000
ADANIENT30JAN20190PE.NFO,07/01/2020,10:37:04,3.1,3.1,8000,3.2,4000,0,340000
ADANIENT30JAN20190PE.NFO,07/01/2020,10:37:10,3.1,3.1,8000,3.2,8000,0,340000
ADANIENT30JAN20190PE.NFO,07/01/2020,10:37:17,3.1,3.1,8000,3.2,4000,0,340000
ADANIENT30JAN20190PE.NFO,07/01/2020,10:37:40,3.1,3.1,16000,3.2,4000,0,340000
ADANIENT30JAN20190PE.NFO,07/01/2020,10:37:55,3.1,3.1,12000,3.2,4000,0,340000
ADANIENT30JAN20190PE.NFO,07/01/2020,10:38:06,3.1,3.1,12000,3.2,8000,0,340000
ADANIENT30JAN20190PE.NFO,07/01/2020,10:38:14,3.1,3.1,12000,3.2,4000,0,340000
ADANIENT30JAN20190PE.NFO,07/01/2020,10:38:21,3.1,3.1,8000,3.2,8000,4000,340000
ADANIENT30JAN20190PE.NFO,07/01/2020,10:38:27,3.1,3.1,8000,3.2,8000,0,340000
ADANIENT30JAN20190PE.NFO,07/01/2020,10:38:38,3.1,3.1,12000,3.2,8000,0,340000
ADANIENT30JAN20190PE.NFO,07/01/2020,10:39:16,3.1,3.1,12000,3.2,4000,0,340000
ADANIENT30JAN20190PE.NFO,07/01/2020,10:39:38,3.1,3.15,12000,3.2,4000,0,340000
ADANIENT30JAN20190PE.NFO,07/01/2020,10:39:52,3.1,3.15,12000,3.2,8000,0,340000
ADANIENT30JAN20190PE.NFO,07/01/2020,10:39:55,3.1,3.15,12000,3.2,4000,0,340000
ADANIENT30JAN20190PE.NFO,07/01/2020,10:40:01,3.1,3.15,12000,3.2,8000,0,340000
ADANIENT30JAN20190PE.NFO,07/01/2020,10:40:04,3.1,3.15,8000,3.2,8000,0,340000
ADANIENT30JAN20190PE.NFO,07/01/2020,10:40:08,3.1,3.15,4000,3.2,8000,0,340000
ADANIENT30JAN20190PE.NFO,07/01/2020,10:40:11,3.1,3.1,12000,3.2,12000,0,340000
ADANIENT30JAN20190PE.NFO,07/01/2020,10:40:28,3.1,3.1,12000,3.2,8000,0,340000
ADANIENT30JAN20190PE.NFO,07/01/2020,10:40:41,3.1,3.1,12000,3.2,12000,0,340000
ADANIENT30JAN20190PE.NFO,07/01/2020,10:40:46,3.1,3.1,12000,3.2,8000,0,340000
ADANIENT30JAN20190PE.NFO,07/01/2020,10:40:52,3.1,3.1,12000,3.2,12000,0,340000
ADANIENT30JAN20190PE.NFO,07/01/2020,10:41:18,3.1,3.1,12000,3.2,8000,0,340000
ADANIENT30JAN20190PE.NFO,07/01/2020,10:41:21,3.1,3.1,12000,3.2,12000,0,340000
ADANIENT30JAN20190PE.NFO,07/01/2020,10:41:30,3.1,3.1,12000,3.2,8000,0,340000
ADANIENT30JAN20190PE.NFO,07/01/2020,10:42:04,3.1,3.1,12000,3.2,12000,0,340000
ADANIENT30JAN20190PE.NFO,07/01/2020,10:42:14,3.1,3.1,4000,3.2,12000,0,340000
ADANIENT30JAN20190PE.NFO,07/01/2020,10:42:17,3.1,3.1,8000,3.2,12000,0,340000
ADANIENT30JAN20190PE.NFO,07/01/2020,10:42:21,3.1,3.05,12000,3.15,4000,0,340000
ADANIENT30JAN20190PE.NFO,07/01/2020,10:42:34,3.1,3.1,8000,3.15,4000,0,340000
ADANIENT30JAN20190PE.NFO,07/01/2020,10:42:50,3.1,3.1,12000,3.2,12000,0,340000
ADANIENT30JAN20190PE.NFO,07/01/2020,10:43:25,3.1,3.1,8000,3.2,12000,0,340000
ADANIENT30JAN20190PE.NFO,07/01/2020,10:43:58,3.1,3.1,8000,3.2,8000,0,340000
ADANIENT30JAN20190PE.NFO,07/01/2020,10:44:02,3.1,3.1,12000,3.2,8000,0,340000
ADANIENT30JAN20190PE.NFO,07/01/2020,10:45:06,3.1,3.1,12000,3.2,12000,0,340000
ADANIENT30JAN20190PE.NFO,07/01/2020,10:45:28,3.1,3.1,12000,3.2,8000,0,340000
ADANIENT30JAN20190PE.NFO,07/01/2020,10:45:57,3.1,3.1,12000,3.2,12000,0,340000
ADANIENT30JAN20190PE.NFO,07/01/2020,10:46:13,3.1,3.1,12000,3.2,8000,0,340000
ADANIENT30JAN20190PE.NFO,07/01/2020,10:46:44,3.1,3.1,4000,3.2,12000,0,340000
ADANIENT30JAN20190PE.NFO,07/01/2020,10:46:58,3.1,3.05,12000,3.2,12000,0,340000
ADANIENT30JAN20190PE.NFO,07/01/2020,10:47:00,3.1,3.05,12000,3.15,4000,0,340000
ADANIENT30JAN20190PE.NFO,07/01/2020,10:47:26,3.1,3.05,12000,3.15,8000,0,340000
ADANIENT30JAN20190PE.NFO,07/01/2020,10:47:32,3.1,3.1,8000,3.15,4000,0,340000
ADANIENT30JAN20190PE.NFO,07/01/2020,10:48:01,3.1,3.05,12000,3.15,8000,0,340000
ADANIENT30JAN20190PE.NFO,07/01/2020,10:48:05,3.1,3.05,12000,3.15,12000,0,340000
ADANIENT30JAN20190PE.NFO,07/01/2020,10:48:21,3.1,3.05,12000,3.15,4000,0,340000
ADANIENT30JAN20190PE.NFO,07/01/2020,10:48:32,3.1,3.05,12000,3.15,8000,0,340000
ADANIENT30JAN20190PE.NFO,07/01/2020,10:48:37,3.1,3.05,12000,3.15,4000,0,340000
ADANIENT30JAN20190PE.NFO,07/01/2020,10:49:03,3.1,3.05,12000,3.15,8000,0,340000
ADANIENT30JAN20190PE.NFO,07/01/2020,10:49:18,3.1,3.05,12000,3.15,12000,0,340000
ADANIENT30JAN20190PE.NFO,07/01/2020,10:49:21,3.1,3.05,12000,3.15,8000,0,340000
ADANIENT30JAN20190PE.NFO,07/01/2020,10:49:25,3.1,3.05,12000,3.15,4000,0,340000
ADANIENT30JAN20190PE.NFO,07/01/2020,10:49:38,3.1,3.05,12000,3.15,8000,0,340000
ADANIENT30JAN20190PE.NFO,07/01/2020,10:49:42,3.1,3.05,12000,3.15,12000,0,340000
ADANIENT30JAN20190PE.NFO,07/01/2020,10:49:46,3.1,3.05,12000,3.15,4000,0,340000
ADANIENT30JAN20190PE.NFO,07/01/2020,10:49:54,3.1,3.05,12000,3.15,8000,0,340000
ADANIENT30JAN20190PE.NFO,07/01/2020,10:50:00,3.1,3.05,12000,3.15,4000,0,340000
ADANIENT30JAN20190PE.NFO,07/01/2020,10:50:18,3.1,3.1,4000,3.15,4000,0,340000
ADANIENT30JAN20190PE.NFO,07/01/2020,10:50:23,3.1,3.1,8000,3.15,4000,0,340000
ADANIENT30JAN20190PE.NFO,07/01/2020,10:50:31,3.1,3.1,12000,3.15,4000,0,340000
ADANIENT30JAN20190PE.NFO,07/01/2020,10:50:57,3.1,3.1,12000,3.2,12000,0,340000
ADANIENT30JAN20190PE.NFO,07/01/2020,10:51:13,3.1,3.1,12000,3.2,16000,0,340000
ADANIENT30JAN20190PE.NFO,07/01/2020,10:51:19,3.1,3.1,4000,3.2,16000,0,340000
ADANIENT30JAN20190PE.NFO,07/01/2020,10:51:40,3.1,3.1,8000,3.2,16000,0,340000
ADANIENT30JAN20190PE.NFO,07/01/2020,10:51:45,3.1,3.1,8000,3.2,12000,0,340000
ADANIENT30JAN20190PE.NFO,07/01/2020,10:51:49,3.1,3.1,8000,3.2,16000,0,340000
ADANIENT30JAN20190PE.NFO,07/01/2020,10:51:53,3.1,3.1,12000,3.2,16000,0,340000
ADANIENT30JAN20190PE.NFO,07/01/2020,10:51:58,3.1,3.1,12000,3.2,12000,0,340000
ADANIENT30JAN20190PE.NFO,07/01/2020,10:52:13,3.1,3.1,12000,3.2,8000,0,340000
ADANIENT30JAN20190PE.NFO,07/01/2020,10:52:18,3.1,3.1,12000,3.2,12000,0,340000
ADANIENT30JAN20190PE.NFO,07/01/2020,10:52:22,3.1,3.1,12000,3.2,8000,0,340000
ADANIENT30JAN20190PE.NFO,07/01/2020,10:52:38,3.1,3.15,12000,3.2,8000,0,340000
ADANIENT30JAN20190PE.NFO,07/01/2020,10:52:50,3.2,3.15,12000,3.25,8000,4000,340000
ADANIENT30JAN20190PE.NFO,07/01/2020,10:52:59,3.2,3.15,8000,3.25,8000,0,340000
ADANIENT30JAN20190PE.NFO,07/01/2020,10:53:06,3.2,3.15,12000,3.25,8000,0,340000
ADANIENT30JAN20190PE.NFO,07/01/2020,10:53:17,3.2,3.15,12000,3.25,4000,0,340000
ADANIENT30JAN20190PE.NFO,07/01/2020,10:53:42,3.2,3.15,12000,3.25,8000,0,340000
ADANIENT30JAN20190PE.NFO,07/01/2020,10:53:48,3.2,3.15,12000,3.25,4000,0,340000
ADANIENT30JAN20190PE.NFO,07/01/2020,10:53:54,3.2,3.2,8000,3.3,8000,0,340000
ADANIENT30JAN20190PE.NFO,07/01/2020,10:54:05,3.2,3.2,4000,3.3,8000,0,340000
ADANIENT30JAN20190PE.NFO,07/01/2020,10:54:10,3.2,3.2,12000,3.3,8000,0,340000
ADANIENT30JAN20190PE.NFO,07/01/2020,10:54:22,3.2,3.2,4000,3.3,12000,0,340000
ADANIENT30JAN20190PE.NFO,07/01/2020,10:54:47,3.2,3.15,16000,3.3,12000,0,340000
ADANIENT30JAN20190PE.NFO,07/01/2020,10:54:52,3.2,3.15,16000,3.25,4000,0,340000
ADANIENT30JAN20190PE.NFO,07/01/2020,10:55:02,3.2,3.15,16000,3.3,12000,0,340000
ADANIENT30JAN20190PE.NFO,07/01/2020,10:55:16,3.2,3.15,16000,3.25,4000,0,340000
ADANIENT30JAN20190PE.NFO,07/01/2020,10:55:30,3.2,3.15,16000,3.3,12000,0,340000
ADANIENT30JAN20190PE.NFO,07/01/2020,10:56:08,3.2,3.15,12000,3.25,4000,0,340000
ADANIENT30JAN20190PE.NFO,07/01/2020,10:56:13,3.2,3.15,12000,3.3,12000,0,340000
ADANIENT30JAN20190PE.NFO,07/01/2020,10:56:23,3.2,3.15,12000,3.25,4000,0,340000
ADANIENT30JAN20190PE.NFO,07/01/2020,10:57:11,3.2,3.2,4000,3.3,12000,0,340000
ADANIENT30JAN20190PE.NFO,07/01/2020,10:57:17,3.2,3.2,8000,3.3,12000,0,340000
ADANIENT30JAN20190PE.NFO,07/01/2020,10:57:24,3.2,3.2,4000,3.3,8000,0,340000
ADANIENT30JAN20190PE.NFO,07/01/2020,10:57:31,3.2,3.2,12000,3.3,8000,0,340000
ADANIENT30JAN20190PE.NFO,07/01/2020,10:57:42,3.2,3.2,12000,3.3,4000,0,340000
ADANIENT30JAN20190PE.NFO,07/01/2020,10:58:00,3.2,3.25,4000,3.35,12000,0,340000
ADANIENT30JAN20190PE.NFO,07/01/2020,10:58:10,3.2,3.25,4000,3.35,8000,0,340000
ADANIENT30JAN20190PE.NFO,07/01/2020,10:58:24,3.2,3.25,20000,3.35,4000,0,340000
ADANIENT30JAN20190PE.NFO,07/01/2020,10:58:30,3.2,3.3,4000,3.35,4000,0,340000
ADANIENT30JAN20190PE.NFO,07/01/2020,10:59:05,3.2,3.3,4000,3.4,12000,0,340000
ADANIENT30JAN20190PE.NFO,07/01/2020,10:59:23,3.2,3.3,16000,3.4,4000,0,340000
ADANIENT30JAN20190PE.NFO,07/01/2020,10:59:33,3.2,3.3,8000,3.4,8000,0,340000
ADANIENT30JAN20190PE.NFO,07/01/2020,11:00:12,3.2,3.35,8000,3.45,4000,0,340000
ADANIENT30JAN20190PE.NFO,07/01/2020,11:00:18,3.2,3.4,4000,3.5,32000,0,340000
ADANIENT30JAN20190PE.NFO,07/01/2020,11:00:24,3.2,3.35,4000,3.45,4000,0,340000
ADANIENT30JAN20190PE.NFO,07/01/2020,11:00:57,3.2,3.4,4000,3.5,24000,0,340000
ADANIENT30JAN20190PE.NFO,07/01/2020,11:01:04,3.2,3.4,4000,3.45,4000,0,340000
ADANIENT30JAN20190PE.NFO,07/01/2020,11:01:12,3.2,3.35,8000,3.45,4000,0,340000
ADANIENT30JAN20190PE.NFO,07/01/2020,11:01:39,3.2,3.35,4000,3.45,4000,0,340000
ADANIENT30JAN20190PE.NFO,07/01/2020,11:01:46,3.2,3.3,16000,3.4,4000,0,340000
ADANIENT30JAN20190PE.NFO,07/01/2020,11:01:53,3.2,3.3,8000,3.4,4000,0,340000
ADANIENT30JAN20190PE.NFO,07/01/2020,11:02:01,3.2,3.3,4000,3.4,4000,0,340000
ADANIENT30JAN20190PE.NFO,07/01/2020,11:02:20,3.2,3.3,4000,3.4,8000,0,340000
ADANIENT30JAN20190PE.NFO,07/01/2020,11:02:26,3.2,3.3,12000,3.45,12000,0,340000
ADANIENT30JAN20190PE.NFO,07/01/2020,11:02:44,3.2,3.3,12000,3.45,8000,0,340000
ADANIENT30JAN20190PE.NFO,07/01/2020,11:02:49,3.2,3.3,12000,3.45,4000,0,340000
ADANIENT30JAN20190PE.NFO,07/01/2020,11:02:55,3.2,3.3,16000,3.45,4000,0,340000
ADANIENT30JAN20190PE.NFO,07/01/2020,11:03:30,3.2,3.3,12000,3.45,4000,0,340000
ADANIENT30JAN20190PE.NFO,07/01/2020,11:03:35,3.2,3.3,16000,3.45,8000,0,340000
ADANIENT30JAN20190PE.NFO,07/01/2020,11:03:41,3.2,3.35,4000,3.45,4000,0,340000
ADANIENT30JAN20190PE.NFO,07/01/2020,11:03:47,3.2,3.3,16000,3.45,8000,0,340000
ADANIENT30JAN20190PE.NFO,07/01/2020,11:03:54,3.2,3.4,4000,3.45,4000,0,340000
ADANIENT30JAN20190PE.NFO,07/01/2020,11:03:59,3.4,3.3,12000,3.45,12000,4000,340000
ADANIENT30JAN20190PE.NFO,07/01/2020,11:04:05,3.4,3.3,12000,3.45,4000,0,340000
ADANIENT30JAN20190PE.NFO,07/01/2020,11:04:11,3.4,3.3,12000,3.45,12000,0,340000
ADANIENT30JAN20190PE.NFO,07/01/2020,11:04:17,3.4,3.3,12000,3.45,8000,0,340000
ADANIENT30JAN20190PE.NFO,07/01/2020,11:05:09,3.4,3.3,12000,3.45,12000,0,340000
ADANIENT30JAN20190PE.NFO,07/01/2020,11:05:14,3.4,3.35,8000,3.5,32000,0,340000
ADANIENT30JAN20190PE.NFO,07/01/2020,11:05:25,3.4,3.35,8000,3.5,28000,0,340000
ADANIENT30JAN20190PE.NFO,07/01/2020,11:05:36,3.4,3.35,8000,3.5,36000,0,340000
ADANIENT30JAN20190PE.NFO,07/01/2020,11:05:46,3.4,3.35,8000,3.45,4000,0,340000
ADANIENT30JAN20190PE.NFO,07/01/2020,11:05:52,3.4,3.35,4000,3.5,36000,0,340000
ADANIENT30JAN20190PE.NFO,07/01/2020,11:05:58,3.4,3.4,4000,3.45,4000,0,340000
ADANIENT30JAN20190PE.NFO,07/01/2020,11:06:23,3.4,3.4,4000,3.5,36000,0,340000
ADANIENT30JAN20190PE.NFO,07/01/2020,11:06:30,3.4,3.45,4000,3.5,32000,0,340000
ADANIENT30JAN20190PE.NFO,07/01/2020,11:06:49,3.4,3.35,8000,3.5,28000,0,340000
ADANIENT30JAN20190PE.NFO,07/01/2020,11:07:00,3.4,3.35,8000,3.45,4000,0,340000
ADANIENT30JAN20190PE.NFO,07/01/2020,11:07:06,3.4,3.35,8000,3.5,32000,0,340000
ADANIENT30JAN20190PE.NFO,07/01/2020,11:07:35,3.4,3.35,4000,3.45,4000,0,340000
ADANIENT30JAN20190PE.NFO,07/01/2020,11:07:40,3.4,3.35,4000,3.5,36000,0,340000
ADANIENT30JAN20190PE.NFO,07/01/2020,11:07:49,3.4,3.35,4000,3.5,32000,0,340000
ADANIENT30JAN20190PE.NFO,07/01/2020,11:07:54,3.4,3.3,8000,3.4,4000,0,340000
ADANIENT30JAN20190PE.NFO,07/01/2020,11:08:46,3.4,3.35,4000,3.4,4000,0,340000
ADANIENT30JAN20190PE.NFO,07/01/2020,11:08:51,3.4,3.3,8000,3.4,4000,0,340000
ADANIENT30JAN20190PE.NFO,07/01/2020,11:08:55,3.4,3.35,4000,3.4,4000,0,340000
ADANIENT30JAN20190PE.NFO,07/01/2020,11:09:00,3.4,3.35,4000,3.45,8000,4000,340000
ADANIENT30JAN20190PE.NFO,07/01/2020,11:09:05,3.4,3.35,8000,3.5,32000,0,340000
ADANIENT30JAN20190PE.NFO,07/01/2020,11:09:09,3.4,3.35,4000,3.45,8000,0,340000
ADANIENT30JAN20190PE.NFO,07/01/2020,11:09:23,3.4,3.3,12000,3.45,8000,0,340000
ADANIENT30JAN20190PE.NFO,07/01/2020,11:09:28,3.4,3.3,8000,3.45,8000,0,340000
ADANIENT30JAN20190PE.NFO,07/01/2020,11:09:32,3.4,3.3,8000,3.45,4000,0,340000
ADANIENT30JAN20190PE.NFO,07/01/2020,11:09:36,3.4,3.35,4000,3.45,4000,0,340000
ADANIENT30JAN20190PE.NFO,07/01/2020,11:09:40,3.4,3.3,8000,3.45,4000,0,340000
ADANIENT30JAN20190PE.NFO,07/01/2020,11:09:45,3.4,3.3,8000,3.45,12000,0,340000
ADANIENT30JAN20190PE.NFO,07/01/2020,11:09:49,3.4,3.35,4000,3.45,4000,0,340000
ADANIENT30JAN20190PE.NFO,07/01/2020,11:10:03,3.4,3.35,8000,3.5,32000,0,340000
ADANIENT30JAN20190PE.NFO,07/01/2020,11:10:26,3.4,3.35,8000,3.5,28000,0,340000
ADANIENT30JAN20190PE.NFO,07/01/2020,11:10:29,3.4,3.35,8000,3.5,32000,0,340000
ADANIENT30JAN20190PE.NFO,07/01/2020,11:10:41,3.4,3.35,8000,3.5,28000,0,340000
ADANIENT30JAN20190PE.NFO,07/01/2020,11:11:10,3.4,3.4,4000,3.5,24000,0,340000
ADANIENT30JAN20190PE.NFO,07/01/2020,11:11:48,3.4,3.45,4000,3.5,20000,0,340000
ADANIENT30JAN20190PE.NFO,07/01/2020,11:12:08,3.5,3.5,4000,3.55,4000,20000,340000
ADANIENT30JAN20190PE.NFO,07/01/2020,11:12:16,3.5,3.45,4000,3.55,4000,0,340000
ADANIENT30JAN20190PE.NFO,07/01/2020,11:12:22,3.5,3.45,12000,3.55,4000,0,340000
ADANIENT30JAN20190PE.NFO,07/01/2020,11:12:36,3.5,3.45,4000,3.55,8000,0,340000
ADANIENT30JAN20190PE.NFO,07/01/2020,11:12:42,3.5,3.4,12000,3.5,4000,0,340000
ADANIENT30JAN20190PE.NFO,07/01/2020,11:12:56,3.5,3.4,8000,3.5,4000,0,340000
ADANIENT30JAN20190PE.NFO,07/01/2020,11:13:00,3.5,3.45,4000,3.55,8000,0,340000
ADANIENT30JAN20190PE.NFO,07/01/2020,11:13:05,3.5,3.4,20000,3.55,8000,0,340000
ADANIENT30JAN20190PE.NFO,07/01/2020,11:13:12,3.5,3.45,4000,3.55,8000,0,340000
ADANIENT30JAN20190PE.NFO,07/01/2020,11:13:35,3.5,3.5,16000,3.6,4000,0,340000
ADANIENT30JAN20190PE.NFO,07/01/2020,11:13:41,3.5,3.55,4000,3.65,8000,0,340000
ADANIENT30JAN20190PE.NFO,07/01/2020,11:13:48,3.5,3.55,12000,3.65,4000,0,340000
ADANIENT30JAN20190PE.NFO,07/01/2020,11:13:54,3.5,3.55,16000,3.7,12000,0,340000
ADANIENT30JAN20190PE.NFO,07/01/2020,11:14:04,3.5,3.55,16000,3.7,8000,0,340000
ADANIENT30JAN20190PE.NFO,07/01/2020,11:14:16,3.5,3.6,4000,3.7,4000,0,340000
ADANIENT30JAN20190PE.NFO,07/01/2020,11:14:27,3.5,3.55,12000,3.7,16000,0,340000
ADANIENT30JAN20190PE.NFO,07/01/2020,11:14:42,3.5,3.6,4000,3.7,8000,0,340000
ADANIENT30JAN20190PE.NFO,07/01/2020,11:14:47,3.5,3.6,4000,3.7,16000,0,340000
ADANIENT30JAN20190PE.NFO,07/01/2020,11:14:51,3.5,3.55,8000,3.7,16000,0,340000
ADANIENT30JAN20190PE.NFO,07/01/2020,11:14:56,3.5,3.6,4000,3.7,16000,0,340000
ADANIENT30JAN20190PE.NFO,07/01/2020,11:15:03,3.5,3.6,4000,3.7,8000,0,340000
ADANIENT30JAN20190PE.NFO,07/01/2020,11:15:15,3.5,3.6,12000,3.7,4000,0,340000
ADANIENT30JAN20190PE.NFO,07/01/2020,11:15:20,3.5,3.6,16000,3.75,12000,0,340000
ADANIENT30JAN20190PE.NFO,07/01/2020,11:15:26,3.5,3.65,4000,3.75,12000,0,340000
ADANIENT30JAN20190PE.NFO,07/01/2020,11:15:39,3.5,3.65,8000,3.75,12000,0,340000
ADANIENT30JAN20190PE.NFO,07/01/2020,11:15:49,3.5,3.65,8000,3.75,8000,0,340000
ADANIENT30JAN20190PE.NFO,07/01/2020,11:16:06,3.5,3.65,12000,3.75,8000,0,340000
ADANIENT30JAN20190PE.NFO,07/01/2020,11:16:12,3.5,3.65,20000,3.8,12000,0,340000
ADANIENT30JAN20190PE.NFO,07/01/2020,11:16:18,3.5,3.6,20000,3.75,4000,0,340000
ADANIENT30JAN20190PE.NFO,07/01/2020,11:16:25,3.5,3.65,4000,3.75,8000,0,340000
ADANIENT30JAN20190PE.NFO,07/01/2020,11:16:30,3.5,3.6,20000,3.75,8000,0,340000
ADANIENT30JAN20190PE.NFO,07/01/2020,11:16:35,3.5,3.65,4000,3.75,8000,0,340000
ADANIENT30JAN20190PE.NFO,07/01/2020,11:16:44,3.5,3.6,12000,3.7,4000,0,340000
ADANIENT30JAN20190PE.NFO,07/01/2020,11:16:49,3.5,3.6,16000,3.7,8000,0,340000
ADANIENT30JAN20190PE.NFO,07/01/2020,11:16:56,3.5,3.55,4000,3.65,8000,0,340000
ADANIENT30JAN20190PE.NFO,07/01/2020,11:17:02,3.5,3.55,16000,3.7,16000,0,340000
ADANIENT30JAN20190PE.NFO,07/01/2020,11:17:11,3.5,3.55,4000,3.65,12000,0,340000
ADANIENT30JAN20190PE.NFO,07/01/2020,11:17:16,3.5,3.5,20000,3.6,4000,0,340000
ADANIENT30JAN20190PE.NFO,07/01/2020,11:17:30,3.5,3.55,8000,3.65,12000,0,340000
ADANIENT30JAN20190PE.NFO,07/01/2020,11:17:47,3.5,3.5,12000,3.6,4000,0,340000
ADANIENT30JAN20190PE.NFO,07/01/2020,11:17:52,3.5,3.55,4000,3.65,16000,0,340000
ADANIENT30JAN20190PE.NFO,07/01/2020,11:18:02,3.5,3.55,4000,3.65,12000,0,340000
ADANIENT30JAN20190PE.NFO,07/01/2020,11:18:07,3.5,3.55,4000,3.65,16000,0,340000
ADANIENT30JAN20190PE.NFO,07/01/2020,11:18:12,3.5,3.6,8000,3.7,8000,0,340000
ADANIENT30JAN20190PE.NFO,07/01/2020,11:18:30,3.7,3.6,12000,3.7,4000,4000,352000
ADANIENT30JAN20190PE.NFO,07/01/2020,11:18:35,3.7,3.6,16000,3.75,12000,4000,352000
ADANIENT30JAN20190PE.NFO,07/01/2020,11:18:41,3.7,3.65,4000,3.75,12000,0,352000
ADANIENT30JAN20190PE.NFO,07/01/2020,11:19:04,3.7,3.6,12000,3.7,4000,0,352000
ADANIENT30JAN20190PE.NFO,07/01/2020,11:19:10,3.7,3.65,4000,3.75,12000,0,352000
ADANIENT30JAN20190PE.NFO,07/01/2020,11:19:24,3.7,3.7,8000,3.8,8000,0,352000
ADANIENT30JAN20190PE.NFO,07/01/2020,11:19:46,3.7,3.65,12000,3.75,8000,0,352000
ADANIENT30JAN20190PE.NFO,07/01/2020,11:19:51,3.7,3.7,4000,3.75,8000,0,352000
ADANIENT30JAN20190PE.NFO,07/01/2020,11:20:00,3.7,3.7,4000,3.8,8000,0,352000
ADANIENT30JAN20190PE.NFO,07/01/2020,11:20:16,3.7,3.7,4000,3.8,12000,0,352000
ADANIENT30JAN20190PE.NFO,07/01/2020,11:20:21,3.7,3.7,4000,3.75,4000,0,352000
ADANIENT30JAN20190PE.NFO,07/01/2020,11:20:25,3.7,3.7,4000,3.8,8000,0,352000
ADANIENT30JAN20190PE.NFO,07/01/2020,11:20:30,3.7,3.65,16000,3.75,4000,0,352000
ADANIENT30JAN20190PE.NFO,07/01/2020,11:20:52,3.7,3.6,16000,3.7,4000,0,352000
ADANIENT30JAN20190PE.NFO,07/01/2020,11:20:57,3.7,3.65,16000,3.75,4000,0,352000
ADANIENT30JAN20190PE.NFO,07/01/2020,11:21:40,3.7,3.7,12000,3.8,8000,0,352000
ADANIENT30JAN20190PE.NFO,07/01/2020,11:21:45,3.7,3.65,16000,3.75,4000,0,352000
ADANIENT30JAN20190PE.NFO,07/01/2020,11:21:49,3.7,3.65,20000,3.8,12000,0,352000
ADANIENT30JAN20190PE.NFO,07/01/2020,11:21:57,3.7,3.65,20000,3.75,4000,0,352000
ADANIENT30JAN20190PE.NFO,07/01/2020,11:22:10,3.7,3.65,20000,3.8,12000,0,352000
ADANIENT30JAN20190PE.NFO,07/01/2020,11:22:26,3.7,3.65,16000,3.75,4000,0,352000
ADANIENT30JAN20190PE.NFO,07/01/2020,11:22:30,3.7,3.65,12000,3.75,4000,0,352000
ADANIENT30JAN20190PE.NFO,07/01/2020,11:22:43,3.7,3.65,12000,3.7,4000,0,352000
ADANIENT30JAN20190PE.NFO,07/01/2020,11:22:54,3.7,3.65,4000,3.7,4000,0,352000
ADANIENT30JAN20190PE.NFO,07/01/2020,11:23:09,3.7,3.65,8000,3.7,4000,0,352000
ADANIENT30JAN20190PE.NFO,07/01/2020,11:23:14,3.7,3.65,12000,3.7,4000,0,352000
ADANIENT30JAN20190PE.NFO,07/01/2020,11:23:19,3.7,3.65,8000,3.7,4000,0,352000
ADANIENT30JAN20190PE.NFO,07/01/2020,11:24:04,3.65,3.6,12000,3.65,4000,4000,352000
ADANIENT30JAN20190PE.NFO,07/01/2020,11:24:10,3.65,3.6,12000,3.65,4000,0,352000
ADANIENT30JAN20190PE.NFO,07/01/2020,11:24:20,3.65,3.6,8000,3.65,4000,0,352000
ADANIENT30JAN20190PE.NFO,07/01/2020,11:24:25,3.65,3.6,8000,3.7,12000,0,352000
ADANIENT30JAN20190PE.NFO,07/01/2020,11:24:29,3.65,3.6,4000,3.65,4000,0,352000
ADANIENT30JAN20190PE.NFO,07/01/2020,11:24:38,3.65,3.55,12000,3.65,8000,0,352000
ADANIENT30JAN20190PE.NFO,07/01/2020,11:24:47,3.65,3.55,8000,3.65,8000,0,352000
ADANIENT30JAN20190PE.NFO,07/01/2020,11:24:51,3.65,3.55,12000,3.6,4000,0,352000
ADANIENT30JAN20190PE.NFO,07/01/2020,11:24:55,3.65,3.55,12000,3.65,4000,0,352000
ADANIENT30JAN20190PE.NFO,07/01/2020,11:24:59,3.65,3.6,4000,3.65,4000,0,352000
ADANIENT30JAN20190PE.NFO,07/01/2020,11:25:14,3.65,3.6,8000,3.65,4000,0,352000
ADANIENT30JAN20190PE.NFO,07/01/2020,11:25:28,3.6,3.6,4000,3.7,4000,4000,352000
ADANIENT30JAN20190PE.NFO,07/01/2020,11:25:33,3.6,3.6,4000,3.7,4000,0,352000
ADANIENT30JAN20190PE.NFO,07/01/2020,11:25:41,3.6,3.55,4000,3.7,8000,0,352000
ADANIENT30JAN20190PE.NFO,07/01/2020,11:25:46,3.6,3.6,4000,3.7,8000,0,352000
ADANIENT30JAN20190PE.NFO,07/01/2020,11:25:50,3.6,3.6,4000,3.7,4000,0,352000
ADANIENT30JAN20190PE.NFO,07/01/2020,11:26:05,3.6,3.55,4000,3.65,4000,0,352000
ADANIENT30JAN20190PE.NFO,07/01/2020,11:26:26,3.55,3.5,8000,3.55,12000,4000,352000
ADANIENT30JAN20190PE.NFO,07/01/2020,11:26:30,3.5,3.45,8000,3.5,4000,8000,352000
ADANIENT30JAN20190PE.NFO,07/01/2020,11:26:36,3.5,3.45,8000,3.5,4000,0,352000
ADANIENT30JAN20190PE.NFO,07/01/2020,11:26:40,3.45,3.45,8000,3.6,4000,4000,364000
ADANIENT30JAN20190PE.NFO,07/01/2020,11:26:49,3.45,3.45,8000,3.6,4000,0,364000
ADANIENT30JAN20190PE.NFO,07/01/2020,11:26:53,3.45,3.4,8000,3.6,4000,0,364000
ADANIENT30JAN20190PE.NFO,07/01/2020,11:27:03,3.45,3.4,8000,3.6,8000,0,364000
ADANIENT30JAN20190PE.NFO,07/01/2020,11:27:47,3.45,3.4,8000,3.6,16000,0,364000
ADANIENT30JAN20190PE.NFO,07/01/2020,11:27:52,3.45,3.4,8000,3.6,20000,0,364000
ADANIENT30JAN20190PE.NFO,07/01/2020,11:28:11,3.45,3.4,4000,3.6,28000,0,364000
ADANIENT30JAN20190PE.NFO,07/01/2020,11:28:14,3.45,3.45,12000,3.65,4000,0,364000
ADANIENT30JAN20190PE.NFO,07/01/2020,11:28:17,3.45,3.45,20000,3.7,12000,0,364000
ADANIENT30JAN20190PE.NFO,07/01/2020,11:28:21,3.45,3.45,20000,3.8,16000,0,364000
ADANIENT30JAN20190PE.NFO,07/01/2020,11:28:25,3.45,3.45,20000,3.85,16000,0,364000
ADANIENT30JAN20190PE.NFO,07/01/2020,11:28:39,3.45,3.45,20000,3.8,12000,0,364000
ADANIENT30JAN20190PE.NFO,07/01/2020,11:28:41,3.45,3.45,20000,3.8,8000,0,364000
ADANIENT30JAN20190PE.NFO,07/01/2020,11:28:44,3.45,3.45,28000,3.8,4000,0,364000
ADANIENT30JAN20190PE.NFO,07/01/2020,11:28:47,3.45,3.45,28000,3.85,8000,0,364000
ADANIENT30JAN20190PE.NFO,07/01/2020,11:28:50,3.45,3.45,32000,3.85,8000,0,364000
ADANIENT30JAN20190PE.NFO,07/01/2020,11:28:57,3.45,3.45,32000,3.85,12000,0,364000
ADANIENT30JAN20190PE.NFO,07/01/2020,11:29:00,3.7,3.7,4000,3.9,8000,4000,364000
ADANIENT30JAN20190PE.NFO,07/01/2020,11:29:03,3.7,3.7,4000,3.9,8000,0,364000
ADANIENT30JAN20190PE.NFO,07/01/2020,11:29:20,3.7,3.7,8000,3.9,8000,0,364000
ADANIENT30JAN20190PE.NFO,07/01/2020,11:29:37,3.7,3.65,4000,3.85,4000,0,364000
ADANIENT30JAN20190PE.NFO,07/01/2020,11:29:45,3.7,3.6,4000,3.8,20000,0,364000
ADANIENT30JAN20190PE.NFO,07/01/2020,11:29:50,3.7,3.6,4000,3.8,12000,0,364000
ADANIENT30JAN20190PE.NFO,07/01/2020,11:29:53,3.7,3.6,4000,3.8,16000,0,364000
ADANIENT30JAN20190PE.NFO,07/01/2020,11:30:00,3.7,3.6,12000,3.8,16000,0,364000
ADANIENT30JAN20190PE.NFO,07/01/2020,11:30:04,3.7,3.6,12000,3.8,20000,0,364000
ADANIENT30JAN20190PE.NFO,07/01/2020,11:30:07,3.7,3.6,12000,3.8,16000,0,364000
ADANIENT30JAN20190PE.NFO,07/01/2020,11:30:11,3.7,3.6,12000,3.8,20000,0,364000
ADANIENT30JAN20190PE.NFO,07/01/2020,11:30:33,3.7,3.6,4000,3.8,16000,0,364000
ADANIENT30JAN20190PE.NFO,07/01/2020,11:30:36,3.7,3.6,4000,3.8,20000,0,364000
ADANIENT30JAN20190PE.NFO,07/01/2020,11:30:53,3.7,3.6,4000,3.8,16000,0,364000
ADANIENT30JAN20190PE.NFO,07/01/2020,11:30:55,3.7,3.55,4000,3.8,20000,0,364000
ADANIENT30JAN20190PE.NFO,07/01/2020,11:30:59,3.7,3.55,4000,3.75,12000,0,364000
ADANIENT30JAN20190PE.NFO,07/01/2020,11:31:05,3.7,3.5,12000,3.75,12000,0,364000
ADANIENT30JAN20190PE.NFO,07/01/2020,11:31:11,3.7,3.5,4000,3.7,12000,0,364000
ADANIENT30JAN20190PE.NFO,07/01/2020,11:31:28,3.7,3.5,4000,3.7,8000,0,364000
ADANIENT30JAN20190PE.NFO,07/01/2020,11:31:35,3.7,3.5,4000,3.7,12000,0,364000
ADANIENT30JAN20190PE.NFO,07/01/2020,11:31:45,3.7,3.5,4000,3.7,20000,0,364000
ADANIENT30JAN20190PE.NFO,07/01/2020,11:31:49,3.7,3.45,4000,3.7,20000,0,364000
ADANIENT30JAN20190PE.NFO,07/01/2020,11:32:01,3.7,3.45,4000,3.7,24000,0,364000
ADANIENT30JAN20190PE.NFO,07/01/2020,11:32:06,3.7,3.45,8000,3.7,12000,0,364000
ADANIENT30JAN20190PE.NFO,07/01/2020,11:32:16,3.7,3.45,8000,3.7,8000,0,364000
ADANIENT30JAN20190PE.NFO,07/01/2020,11:32:20,3.7,3.45,8000,3.7,12000,0,364000
ADANIENT30JAN20190PE.NFO,07/01/2020,11:32:24,3.7,3.45,8000,3.7,8000,0,364000
ADANIENT30JAN20190PE.NFO,07/01/2020,11:32:28,3.7,3.5,4000,3.7,4000,0,364000
ADANIENT30JAN20190PE.NFO,07/01/2020,11:33:04,3.7,3.5,4000,3.7,8000,0,364000
ADANIENT30JAN20190PE.NFO,07/01/2020,11:33:08,3.7,3.5,4000,3.7,16000,0,364000
ADANIENT30JAN20190PE.NFO,07/01/2020,11:33:11,3.7,3.4,8000,3.65,8000,0,364000
ADANIENT30JAN20190PE.NFO,07/01/2020,11:33:18,3.7,3.35,8000,3.6,20000,0,364000
ADANIENT30JAN20190PE.NFO,07/01/2020,11:33:22,3.7,3.35,8000,3.55,4000,0,364000
ADANIENT30JAN20190PE.NFO,07/01/2020,11:33:34,3.7,3.35,8000,3.55,8000,0,364000
ADANIENT30JAN20190PE.NFO,07/01/2020,11:33:59,3.7,3.3,8000,3.55,20000,0,364000
ADANIENT30JAN20190PE.NFO,07/01/2020,11:34:04,3.7,3.3,8000,3.55,8000,0,364000
ADANIENT30JAN20190PE.NFO,07/01/2020,11:34:10,3.7,3.3,8000,3.5,8000,0,364000
ADANIENT30JAN20190PE.NFO,07/01/2020,11:34:17,3.7,3.3,8000,3.5,4000,0,364000
ADANIENT30JAN20190PE.NFO,07/01/2020,11:34:57,3.7,3.35,4000,3.5,4000,0,364000
ADANIENT30JAN20190PE.NFO,07/01/2020,11:35:03,3.7,3.35,4000,3.5,12000,0,364000
ADANIENT30JAN20190PE.NFO,07/01/2020,11:35:14,3.7,3.35,8000,3.55,12000,0,364000
ADANIENT30JAN20190PE.NFO,07/01/2020,11:35:19,3.7,3.35,4000,3.5,4000,0,364000
ADANIENT30JAN20190PE.NFO,07/01/2020,11:35:35,3.7,3.3,8000,3.5,20000,0,364000
ADANIENT30JAN20190PE.NFO,07/01/2020,11:35:41,3.7,3.3,8000,3.5,8000,0,364000
ADANIENT30JAN20190PE.NFO,07/01/2020,11:36:00,3.7,3.3,8000,3.5,4000,0,364000
ADANIENT30JAN20190PE.NFO,07/01/2020,11:36:48,3.7,3.3,8000,3.55,16000,0,364000
ADANIENT30JAN20190PE.NFO,07/01/2020,11:36:54,3.7,3.3,8000,3.55,4000,0,364000
ADANIENT30JAN20190PE.NFO,07/01/2020,11:37:09,3.7,3.3,8000,3.55,8000,0,364000
ADANIENT30JAN20190PE.NFO,07/01/2020,11:37:22,3.7,3.3,8000,3.55,16000,0,364000
ADANIENT30JAN20190PE.NFO,07/01/2020,11:37:37,3.7,3.3,8000,3.55,20000,0,364000
ADANIENT30JAN20190PE.NFO,07/01/2020,11:37:42,3.7,3.3,8000,3.55,24000,0,364000
ADANIENT30JAN20190PE.NFO,07/01/2020,11:37:51,3.7,3.3,8000,3.55,16000,0,364000
ADANIENT30JAN20190PE.NFO,07/01/2020,11:38:00,3.7,3.3,8000,3.55,20000,0,364000
ADANIENT30JAN20190PE.NFO,07/01/2020,11:38:11,3.7,3.3,8000,3.55,16000,0,364000
ADANIENT30JAN20190PE.NFO,07/01/2020,11:38:15,3.7,3.3,8000,3.55,20000,0,364000
ADANIENT30JAN20190PE.NFO,07/01/2020,11:38:18,3.7,3.3,8000,3.55,16000,0,364000
ADANIENT30JAN20190PE.NFO,07/01/2020,11:38:22,3.7,3.3,8000,3.55,32000,0,364000
ADANIENT30JAN20190PE.NFO,07/01/2020,11:38:33,3.7,3.3,4000,3.5,8000,0,364000
ADANIENT30JAN20190PE.NFO,07/01/2020,11:38:36,3.7,3.3,4000,3.5,16000,0,364000
ADANIENT30JAN20190PE.NFO,07/01/2020,11:38:39,3.7,3.3,4000,3.5,8000,0,364000
ADANIENT30JAN20190PE.NFO,07/01/2020,11:39:07,3.7,3.3,4000,3.5,12000,0,364000
ADANIENT30JAN20190PE.NFO,07/01/2020,11:39:10,3.7,3.3,4000,3.5,8000,0,364000
ADANIENT30JAN20190PE.NFO,07/01/2020,11:39:32,3.7,3.35,8000,3.55,12000,0,364000
ADANIENT30JAN20190PE.NFO,07/01/2020,11:39:39,3.7,3.35,8000,3.55,16000,0,364000
ADANIENT30JAN20190PE.NFO,07/01/2020,11:39:43,3.7,3.35,8000,3.55,12000,0,364000
ADANIENT30JAN20190PE.NFO,07/01/2020,11:39:48,3.7,3.35,12000,3.55,4000,0,364000
ADANIENT30JAN20190PE.NFO,07/01/2020,11:39:55,3.7,3.35,4000,3.55,8000,0,364000
ADANIENT30JAN20190PE.NFO,07/01/2020,11:40:02,3.7,3.35,8000,3.6,16000,0,364000
ADANIENT30JAN20190PE.NFO,07/01/2020,11:40:11,3.7,3.35,8000,3.6,20000,0,364000
ADANIENT30JAN20190PE.NFO,07/01/2020,11:40:20,3.7,3.35,8000,3.6,12000,0,364000
ADANIENT30JAN20190PE.NFO,07/01/2020,11:40:31,3.7,3.4,4000,3.6,8000,0,364000
ADANIENT30JAN20190PE.NFO,07/01/2020,11:40:38,3.7,3.4,4000,3.6,4000,0,364000
ADANIENT30JAN20190PE.NFO,07/01/2020,11:40:49,3.7,3.4,4000,3.6,8000,0,364000
ADANIENT30JAN20190PE.NFO,07/01/2020,11:40:56,3.7,3.4,4000,3.6,12000,0,364000
ADANIENT30JAN20190PE.NFO,07/01/2020,11:40:59,3.7,3.4,4000,3.6,4000,0,364000
ADANIENT30JAN20190PE.NFO,07/01/2020,11:41:02,3.7,3.4,8000,3.6,4000,0,364000
ADANIENT30JAN20190PE.NFO,07/01/2020,11:41:07,3.7,3.4,4000,3.65,20000,0,364000
ADANIENT30JAN20190PE.NFO,07/01/2020,11:41:14,3.7,3.4,4000,3.6,8000,0,364000
ADANIENT30JAN20190PE.NFO,07/01/2020,11:41:21,3.7,3.4,4000,3.6,12000,0,364000
ADANIENT30JAN20190PE.NFO,07/01/2020,11:41:31,3.7,3.4,4000,3.6,16000,0,364000
ADANIENT30JAN20190PE.NFO,07/01/2020,11:41:34,3.7,3.4,4000,3.6,8000,0,364000
ADANIENT30JAN20190PE.NFO,07/01/2020,11:41:37,3.7,3.4,4000,3.6,12000,0,364000
ADANIENT30JAN20190PE.NFO,07/01/2020,11:41:42,3.7,3.4,4000,3.6,16000,0,364000
ADANIENT30JAN20190PE.NFO,07/01/2020,11:41:47,3.7,3.4,4000,3.6,24000,0,364000
ADANIENT30JAN20190PE.NFO,07/01/2020,11:41:52,3.7,3.4,4000,3.6,20000,0,364000
ADANIENT30JAN20190PE.NFO,07/01/2020,11:42:00,3.7,3.4,16000,3.6,4000,0,364000
ADANIENT30JAN20190PE.NFO,07/01/2020,11:42:15,3.7,3.4,4000,3.6,24000,0,364000
ADANIENT30JAN20190PE.NFO,07/01/2020,11:42:21,3.7,3.4,4000,3.6,20000,0,364000
ADANIENT30JAN20190PE.NFO,07/01/2020,11:42:32,3.7,3.4,4000,3.6,24000,0,364000
ADANIENT30JAN20190PE.NFO,07/01/2020,11:42:50,3.7,3.4,4000,3.6,20000,0,364000
ADANIENT30JAN20190PE.NFO,07/01/2020,11:43:00,3.7,3.4,4000,3.6,24000,0,364000
ADANIENT30JAN20190PE.NFO,07/01/2020,11:43:10,3.7,3.4,4000,3.6,28000,0,364000
ADANIENT30JAN20190PE.NFO,07/01/2020,11:43:13,3.7,3.4,4000,3.6,20000,0,364000
ADANIENT30JAN20190PE.NFO,07/01/2020,11:43:17,3.7,3.4,4000,3.6,24000,0,364000
ADANIENT30JAN20190PE.NFO,07/01/2020,11:43:24,3.7,3.4,4000,3.6,20000,0,364000
ADANIENT30JAN20190PE.NFO,07/01/2020,11:43:29,3.7,3.4,4000,3.6,24000,0,364000
ADANIENT30JAN20190PE.NFO,07/01/2020,11:43:41,3.7,3.4,4000,3.6,20000,0,364000
ADANIENT30JAN20190PE.NFO,07/01/2020,11:43:45,3.7,3.4,4000,3.6,24000,0,364000
ADANIENT30JAN20190PE.NFO,07/01/2020,11:44:28,3.7,3.4,4000,3.6,20000,0,364000
ADANIENT30JAN20190PE.NFO,07/01/2020,11:44:38,3.7,3.4,4000,3.6,16000,0,364000
ADANIENT30JAN20190PE.NFO,07/01/2020,11:44:45,3.7,3.4,8000,3.6,16000,0,364000
ADANIENT30JAN20190PE.NFO,07/01/2020,11:44:48,3.7,3.4,4000,3.6,16000,0,364000
ADANIENT30JAN20190PE.NFO,07/01/2020,11:44:51,3.7,3.4,4000,3.6,20000,0,364000
ADANIENT30JAN20190PE.NFO,07/01/2020,11:45:00,3.7,3.4,4000,3.6,24000,0,364000
ADANIENT30JAN20190PE.NFO,07/01/2020,11:45:09,3.7,3.45,4000,3.6,8000,0,364000
ADANIENT30JAN20190PE.NFO,07/01/2020,11:45:12,3.7,3.45,4000,3.6,4000,0,364000
ADANIENT30JAN20190PE.NFO,07/01/2020,11:45:14,3.7,3.45,8000,3.6,4000,0,364000
ADANIENT30JAN20190PE.NFO,07/01/2020,11:45:17,3.7,3.45,8000,3.6,8000,0,364000
ADANIENT30JAN20190PE.NFO,07/01/2020,11:45:24,3.7,3.45,8000,3.6,16000,0,364000
ADANIENT30JAN20190PE.NFO,07/01/2020,11:45:27,3.7,3.45,4000,3.6,16000,0,364000
ADANIENT30JAN20190PE.NFO,07/01/2020,11:45:31,3.7,3.45,4000,3.6,20000,0,364000
ADANIENT30JAN20190PE.NFO,07/01/2020,11:45:40,3.7,3.45,4000,3.6,24000,0,364000
ADANIENT30JAN20190PE.NFO,07/01/2020,11:45:46,3.7,3.45,8000,3.6,24000,0,364000
ADANIENT30JAN20190PE.NFO,07/01/2020,11:45:49,3.7,3.45,8000,3.6,16000,0,364000
ADANIENT30JAN20190PE.NFO,07/01/2020,11:45:53,3.7,3.45,4000,3.6,24000,0,364000
ADANIENT30JAN20190PE.NFO,07/01/2020,11:46:00,3.7,3.45,8000,3.6,16000,0,364000
ADANIENT30JAN20190PE.NFO,07/01/2020,11:46:02,3.7,3.45,4000,3.6,12000,0,364000
ADANIENT30JAN20190PE.NFO,07/01/2020,11:46:10,3.7,3.45,4000,3.6,16000,0,364000
ADANIENT30JAN20190PE.NFO,07/01/2020,11:46:18,3.7,3.45,4000,3.6,20000,0,364000
ADANIENT30JAN20190PE.NFO,07/01/2020,11:46:33,3.7,3.45,8000,3.6,20000,0,364000
ADANIENT30JAN20190PE.NFO,07/01/2020,11:46:35,3.7,3.45,4000,3.6,16000,0,364000
ADANIENT30JAN20190PE.NFO,07/01/2020,11:46:43,3.7,3.45,4000,3.6,20000,0,364000
ADANIENT30JAN20190PE.NFO,07/01/2020,11:47:10,3.7,3.45,4000,3.6,16000,0,364000
ADANIENT30JAN20190PE.NFO,07/01/2020,11:47:14,3.7,3.45,4000,3.6,20000,0,364000
ADANIENT30JAN20190PE.NFO,07/01/2020,11:47:17,3.7,3.45,8000,3.6,4000,0,364000
ADANIENT30JAN20190PE.NFO,07/01/2020,11:47:22,3.7,3.45,4000,3.6,16000,0,364000
ADANIENT30JAN20190PE.NFO,07/01/2020,11:47:36,3.7,3.5,4000,3.6,4000,0,364000
ADANIENT30JAN20190PE.NFO,07/01/2020,11:47:42,3.7,3.5,8000,3.65,20000,0,364000
ADANIENT30JAN20190PE.NFO,07/01/2020,11:48:04,3.7,3.5,8000,3.65,16000,0,364000
ADANIENT30JAN20190PE.NFO,07/01/2020,11:48:07,3.7,3.5,8000,3.65,20000,0,364000
ADANIENT30JAN20190PE.NFO,07/01/2020,11:48:10,3.7,3.5,8000,3.65,16000,0,364000
ADANIENT30JAN20190PE.NFO,07/01/2020,11:48:14,3.7,3.5,16000,3.7,16000,0,364000
ADANIENT30JAN20190PE.NFO,07/01/2020,11:48:21,3.7,3.5,16000,3.7,20000,0,364000
ADANIENT30JAN20190PE.NFO,07/01/2020,11:48:25,3.7,3.5,4000,3.65,8000,0,364000
ADANIENT30JAN20190PE.NFO,07/01/2020,11:48:46,3.7,3.5,8000,3.65,8000,0,364000
ADANIENT30JAN20190PE.NFO,07/01/2020,11:48:52,3.7,3.5,8000,3.65,4000,0,364000
ADANIENT30JAN20190PE.NFO,07/01/2020,11:48:58,3.7,3.5,4000,3.65,4000,0,364000
ADANIENT30JAN20190PE.NFO,07/01/2020,11:49:25,3.7,3.5,4000,3.65,8000,0,364000
ADANIENT30JAN20190PE.NFO,07/01/2020,11:49:39,3.7,3.5,8000,3.65,8000,0,364000
ADANIENT30JAN20190PE.NFO,07/01/2020,11:49:52,3.7,3.5,4000,3.65,8000,0,364000
ADANIENT30JAN20190PE.NFO,07/01/2020,11:50:09,3.7,3.5,8000,3.65,8000,0,364000
ADANIENT30JAN20190PE.NFO,07/01/2020,11:50:13,3.7,3.5,8000,3.65,16000,0,364000
ADANIENT30JAN20190PE.NFO,07/01/2020,11:50:18,3.7,3.5,8000,3.65,12000,0,364000
ADANIENT30JAN20190PE.NFO,07/01/2020,11:50:22,3.7,3.5,4000,3.65,20000,0,364000
ADANIENT30JAN20190PE.NFO,07/01/2020,11:50:27,3.7,3.45,4000,3.65,24000,0,364000
ADANIENT30JAN20190PE.NFO,07/01/2020,11:50:30,3.7,3.4,4000,3.55,16000,0,364000
ADANIENT30JAN20190PE.NFO,07/01/2020,11:50:34,3.7,3.4,4000,3.55,12000,0,364000
ADANIENT30JAN20190PE.NFO,07/01/2020,11:50:48,3.7,3.45,4000,3.55,4000,0,364000
ADANIENT30JAN20190PE.NFO,07/01/2020,11:50:51,3.7,3.4,4000,3.55,8000,0,364000
ADANIENT30JAN20190PE.NFO,07/01/2020,11:50:53,3.7,3.4,8000,3.55,8000,0,364000
ADANIENT30JAN20190PE.NFO,07/01/2020,11:51:05,3.7,3.35,8000,3.5,8000,0,364000
ADANIENT30JAN20190PE.NFO,07/01/2020,11:51:10,3.7,3.3,8000,3.45,4000,0,364000
ADANIENT30JAN20190PE.NFO,07/01/2020,11:51:31,3.7,3.3,4000,3.45,12000,0,364000
ADANIENT30JAN20190PE.NFO,07/01/2020,11:51:43,3.7,3.35,8000,3.5,12000,0,364000
ADANIENT30JAN20190PE.NFO,07/01/2020,11:51:56,3.7,3.35,12000,3.5,4000,0,364000
ADANIENT30JAN20190PE.NFO,07/01/2020,11:52:14,3.7,3.35,16000,3.5,4000,0,364000
ADANIENT30JAN20190PE.NFO,07/01/2020,11:52:23,3.7,3.35,20000,3.5,4000,0,364000
ADANIENT30JAN20190PE.NFO,07/01/2020,11:52:29,3.7,3.35,20000,3.55,12000,0,364000
ADANIENT30JAN20190PE.NFO,07/01/2020,11:52:38,3.7,3.35,20000,3.55,8000,0,364000
ADANIENT30JAN20190PE.NFO,07/01/2020,11:52:40,3.7,3.35,20000,3.55,12000,0,364000
ADANIENT30JAN20190PE.NFO,07/01/2020,11:52:52,3.7,3.45,4000,3.55,8000,0,364000
ADANIENT30JAN20190PE.NFO,07/01/2020,11:52:55,3.7,3.4,4000,3.55,12000,0,364000
ADANIENT30JAN20190PE.NFO,07/01/2020,11:52:58,3.7,3.4,4000,3.55,4000,0,364000
ADANIENT30JAN20190PE.NFO,07/01/2020,11:53:04,3.7,3.4,4000,3.55,8000,0,364000
ADANIENT30JAN20190PE.NFO,07/01/2020,11:53:10,3.7,3.4,4000,3.55,12000,0,364000
ADANIENT30JAN20190PE.NFO,07/01/2020,11:53:13,3.7,3.4,4000,3.55,16000,0,364000
ADANIENT30JAN20190PE.NFO,07/01/2020,11:53:19,3.7,3.4,4000,3.55,4000,0,364000
ADANIENT30JAN20190PE.NFO,07/01/2020,11:53:27,3.7,3.4,4000,3.55,8000,0,364000
ADANIENT30JAN20190PE.NFO,07/01/2020,11:53:30,3.7,3.4,12000,3.55,4000,0,364000
ADANIENT30JAN20190PE.NFO,07/01/2020,11:53:50,3.7,3.4,12000,3.55,8000,0,364000
ADANIENT30JAN20190PE.NFO,07/01/2020,11:53:55,3.7,3.4,12000,3.55,4000,0,364000
ADANIENT30JAN20190PE.NFO,07/01/2020,11:54:09,3.7,3.4,4000,3.55,8000,0,364000
ADANIENT30JAN20190PE.NFO,07/01/2020,11:54:15,3.7,3.4,12000,3.55,4000,0,364000
ADANIENT30JAN20190PE.NFO,07/01/2020,11:54:25,3.7,3.4,4000,3.55,8000,0,364000
ADANIENT30JAN20190PE.NFO,07/01/2020,11:54:44,3.7,3.4,4000,3.55,16000,0,364000
ADANIENT30JAN20190PE.NFO,07/01/2020,11:55:01,3.7,3.4,8000,3.55,4000,0,364000
ADANIENT30JAN20190PE.NFO,07/01/2020,11:55:21,3.7,3.4,8000,3.55,8000,0,364000
ADANIENT30JAN20190PE.NFO,07/01/2020,11:55:44,3.7,3.4,12000,3.55,8000,0,364000
ADANIENT30JAN20190PE.NFO,07/01/2020,11:56:07,3.7,3.45,4000,3.6,16000,0,364000
ADANIENT30JAN20190PE.NFO,07/01/2020,11:56:10,3.7,3.45,4000,3.6,20000,0,364000
ADANIENT30JAN20190PE.NFO,07/01/2020,11:56:14,3.7,3.45,4000,3.6,12000,0,364000
ADANIENT30JAN20190PE.NFO,07/01/2020,11:56:16,3.7,3.45,4000,3.6,16000,0,364000
ADANIENT30JAN20190PE.NFO,07/01/2020,11:56:23,3.7,3.45,4000,3.6,20000,0,364000
ADANIENT30JAN20190PE.NFO,07/01/2020,11:56:48,3.7,3.45,4000,3.6,16000,0,364000
ADANIENT30JAN20190PE.NFO,07/01/2020,11:56:51,3.7,3.45,4000,3.6,20000,0,364000
ADANIENT30JAN20190PE.NFO,07/01/2020,11:57:12,3.7,3.45,4000,3.6,16000,0,364000
ADANIENT30JAN20190PE.NFO,07/01/2020,11:57:23,3.7,3.45,4000,3.6,20000,0,364000
ADANIENT30JAN20190PE.NFO,07/01/2020,11:57:32,3.7,3.45,4000,3.6,16000,0,364000
ADANIENT30JAN20190PE.NFO,07/01/2020,11:57:36,3.7,3.45,12000,3.6,4000,0,364000
ADANIENT30JAN20190PE.NFO,07/01/2020,11:57:40,3.7,3.45,8000,3.6,4000,0,364000
ADANIENT30JAN20190PE.NFO,07/01/2020,11:57:46,3.7,3.5,4000,3.6,4000,0,364000
ADANIENT30JAN20190PE.NFO,07/01/2020,11:57:50,3.7,3.5,8000,3.65,16000,0,364000
ADANIENT30JAN20190PE.NFO,07/01/2020,11:58:12,3.7,3.5,4000,3.6,4000,0,364000
ADANIENT30JAN20190PE.NFO,07/01/2020,11:58:38,3.7,3.5,4000,3.6,8000,0,364000
ADANIENT30JAN20190PE.NFO,07/01/2020,11:58:48,3.7,3.45,8000,3.6,16000,0,364000
ADANIENT30JAN20190PE.NFO,07/01/2020,11:58:54,3.7,3.45,8000,3.6,20000,0,364000
ADANIENT30JAN20190PE.NFO,07/01/2020,11:59:06,3.7,3.45,8000,3.6,16000,0,364000
ADANIENT30JAN20190PE.NFO,07/01/2020,11:59:27,3.7,3.5,4000,3.6,4000,0,364000
ADANIENT30JAN20190PE.NFO,07/01/2020,11:59:30,3.7,3.45,8000,3.6,16000,0,364000
ADANIENT30JAN20190PE.NFO,07/01/2020,11:59:37,3.7,3.45,8000,3.6,12000,0,364000
ADANIENT30JAN20190PE.NFO,07/01/2020,11:59:51,3.7,3.5,4000,3.6,4000,0,364000
ADANIENT30JAN20190PE.NFO,07/01/2020,12:00:12,3.7,3.5,8000,3.65,16000,0,364000
ADANIENT30JAN20190PE.NFO,07/01/2020,12:00:30,3.7,3.5,8000,3.65,20000,0,364000
ADANIENT30JAN20190PE.NFO,07/01/2020,12:02:19,3.7,3.5,4000,3.65,8000,0,364000
ADANIENT30JAN20190PE.NFO,07/01/2020,12:02:21,3.7,3.5,4000,3.65,12000,0,364000
ADANIENT30JAN20190PE.NFO,07/01/2020,12:02:26,3.7,3.5,4000,3.65,8000,0,364000
ADANIENT30JAN20190PE.NFO,07/01/2020,12:02:31,3.7,3.5,4000,3.6,4000,0,364000
ADANIENT30JAN20190PE.NFO,07/01/2020,12:02:38,3.7,3.45,4000,3.6,12000,0,364000
ADANIENT30JAN20190PE.NFO,07/01/2020,12:02:44,3.7,3.45,4000,3.6,16000,0,364000
ADANIENT30JAN20190PE.NFO,07/01/2020,12:02:49,3.7,3.5,4000,3.6,8000,0,364000
ADANIENT30JAN20190PE.NFO,07/01/2020,12:03:05,3.7,3.5,4000,3.65,12000,0,364000
ADANIENT30JAN20190PE.NFO,07/01/2020,12:03:10,3.7,3.55,4000,3.65,8000,0,364000
ADANIENT30JAN20190PE.NFO,07/01/2020,12:03:25,3.7,3.55,4000,3.65,4000,0,364000
ADANIENT30JAN20190PE.NFO,07/01/2020,12:03:32,3.7,3.5,4000,3.65,4000,0,364000
ADANIENT30JAN20190PE.NFO,07/01/2020,12:03:38,3.7,3.55,4000,3.65,4000,0,364000
ADANIENT30JAN20190PE.NFO,07/01/2020,12:03:41,3.7,3.5,4000,3.65,8000,0,364000
ADANIENT30JAN20190PE.NFO,07/01/2020,12:04:28,3.7,3.5,4000,3.6,4000,0,364000
ADANIENT30JAN20190PE.NFO,07/01/2020,12:04:31,3.7,3.45,4000,3.6,4000,0,364000
ADANIENT30JAN20190PE.NFO,07/01/2020,12:04:34,3.7,3.5,4000,3.6,4000,0,364000
ADANIENT30JAN20190PE.NFO,07/01/2020,12:04:45,3.7,3.5,4000,3.6,8000,0,364000
ADANIENT30JAN20190PE.NFO,07/01/2020,12:04:48,3.7,3.5,4000,3.6,12000,0,364000
ADANIENT30JAN20190PE.NFO,07/01/2020,12:04:51,3.7,3.5,4000,3.6,4000,0,364000
ADANIENT30JAN20190PE.NFO,07/01/2020,12:04:53,3.7,3.5,4000,3.65,8000,0,364000
ADANIENT30JAN20190PE.NFO,07/01/2020,12:04:59,3.7,3.5,4000,3.65,12000,0,364000
ADANIENT30JAN20190PE.NFO,07/01/2020,12:05:05,3.7,3.5,4000,3.6,8000,0,364000
ADANIENT30JAN20190PE.NFO,07/01/2020,12:05:10,3.7,3.5,4000,3.6,4000,0,364000
ADANIENT30JAN20190PE.NFO,07/01/2020,12:05:13,3.7,3.5,4000,3.6,8000,0,364000
ADANIENT30JAN20190PE.NFO,07/01/2020,12:05:16,3.7,3.5,4000,3.6,4000,0,364000
ADANIENT30JAN20190PE.NFO,07/01/2020,12:05:18,3.7,3.5,4000,3.6,8000,0,364000
ADANIENT30JAN20190PE.NFO,07/01/2020,12:05:23,3.7,3.5,4000,3.6,4000,0,364000
ADANIENT30JAN20190PE.NFO,07/01/2020,12:05:25,3.7,3.5,4000,3.6,8000,0,364000
ADANIENT30JAN20190PE.NFO,07/01/2020,12:05:31,3.7,3.5,4000,3.6,4000,0,364000
ADANIENT30JAN20190PE.NFO,07/01/2020,12:05:34,3.7,3.5,4000,3.6,12000,0,364000
ADANIENT30JAN20190PE.NFO,07/01/2020,12:05:39,3.7,3.5,4000,3.6,8000,0,364000
ADANIENT30JAN20190PE.NFO,07/01/2020,12:05:54,3.7,3.5,4000,3.65,8000,0,364000
ADANIENT30JAN20190PE.NFO,07/01/2020,12:06:09,3.7,3.55,4000,3.65,12000,0,364000
ADANIENT30JAN20190PE.NFO,07/01/2020,12:06:18,3.7,3.5,4000,3.65,12000,0,364000
ADANIENT30JAN20190PE.NFO,07/01/2020,12:06:31,3.7,3.55,4000,3.65,8000,0,364000
ADANIENT30JAN20190PE.NFO,07/01/2020,12:06:34,3.7,3.5,4000,3.6,4000,0,364000
ADANIENT30JAN20190PE.NFO,07/01/2020,12:07:01,3.7,3.5,8000,3.65,12000,0,364000
ADANIENT30JAN20190PE.NFO,07/01/2020,12:07:04,3.7,3.5,4000,3.6,12000,0,364000
ADANIENT30JAN20190PE.NFO,07/01/2020,12:07:13,3.7,3.5,4000,3.6,8000,0,364000
ADANIENT30JAN20190PE.NFO,07/01/2020,12:07:15,3.7,3.45,8000,3.6,12000,0,364000
ADANIENT30JAN20190PE.NFO,07/01/2020,12:07:24,3.7,3.5,4000,3.6,8000,0,364000
ADANIENT30JAN20190PE.NFO,07/01/2020,12:07:29,3.7,3.5,4000,3.6,12000,0,364000
ADANIENT30JAN20190PE.NFO,07/01/2020,12:07:40,3.7,3.45,8000,3.6,12000,0,364000
ADANIENT30JAN20190PE.NFO,07/01/2020,12:07:43,3.7,3.5,4000,3.6,12000,0,364000
ADANIENT30JAN20190PE.NFO,07/01/2020,12:07:56,3.7,3.45,4000,3.6,12000,0,364000
ADANIENT30JAN20190PE.NFO,07/01/2020,12:08:13,3.7,3.45,4000,3.55,4000,0,364000
ADANIENT30JAN20190PE.NFO,07/01/2020,12:08:20,3.7,3.4,4000,3.55,8000,0,364000
ADANIENT30JAN20190PE.NFO,07/01/2020,12:08:27,3.7,3.45,4000,3.55,8000,0,364000
ADANIENT30JAN20190PE.NFO,07/01/2020,12:08:33,3.7,3.4,4000,3.55,12000,0,364000
ADANIENT30JAN20190PE.NFO,07/01/2020,12:08:55,3.7,3.4,4000,3.55,8000,0,364000
ADANIENT30JAN20190PE.NFO,07/01/2020,12:09:08,3.7,3.4,4000,3.55,12000,0,364000
ADANIENT30JAN20190PE.NFO,07/01/2020,12:09:32,3.7,3.45,4000,3.55,8000,0,364000
ADANIENT30JAN20190PE.NFO,07/01/2020,12:09:38,3.7,3.5,4000,3.6,8000,0,364000
ADANIENT30JAN20190PE.NFO,07/01/2020,12:09:53,3.7,3.45,4000,3.6,8000,0,364000
ADANIENT30JAN20190PE.NFO,07/01/2020,12:09:58,3.7,3.5,4000,3.6,4000,0,364000
ADANIENT30JAN20190PE.NFO,07/01/2020,12:10:00,3.7,3.5,4000,3.6,8000,0,364000
ADANIENT30JAN20190PE.NFO,07/01/2020,12:10:21,3.7,3.45,4000,3.6,4000,0,364000
ADANIENT30JAN20190PE.NFO,07/01/2020,12:10:24,3.7,3.45,4000,3.6,8000,0,364000
ADANIENT30JAN20190PE.NFO,07/01/2020,12:10:30,3.7,3.5,4000,3.6,8000,0,364000
ADANIENT30JAN20190PE.NFO,07/01/2020,12:10:39,3.7,3.45,4000,3.6,8000,0,364000
ADANIENT30JAN20190PE.NFO,07/01/2020,12:10:42,3.7,3.45,8000,3.6,8000,0,364000
ADANIENT30JAN20190PE.NFO,07/01/2020,12:10:44,3.7,3.45,4000,3.6,8000,0,364000
ADANIENT30JAN20190PE.NFO,07/01/2020,12:11:01,3.7,3.45,4000,3.6,4000,0,364000
ADANIENT30JAN20190PE.NFO,07/01/2020,12:11:04,3.7,3.45,4000,3.6,8000,0,364000
ADANIENT30JAN20190PE.NFO,07/01/2020,12:11:25,3.7,3.5,4000,3.6,8000,0,364000
ADANIENT30JAN20190PE.NFO,07/01/2020,12:11:44,3.7,3.45,4000,3.6,8000,0,364000
ADANIENT30JAN20190PE.NFO,07/01/2020,12:11:50,3.7,3.45,4000,3.55,4000,0,364000
ADANIENT30JAN20190PE.NFO,07/01/2020,12:12:06,3.7,3.45,4000,3.6,12000,0,364000
ADANIENT30JAN20190PE.NFO,07/01/2020,12:12:13,3.7,3.45,4000,3.6,8000,0,364000
ADANIENT30JAN20190PE.NFO,07/01/2020,12:12:33,3.7,3.5,4000,3.6,4000,0,364000
ADANIENT30JAN20190PE.NFO,07/01/2020,12:12:51,3.7,3.45,4000,3.6,8000,0,364000
ADANIENT30JAN20190PE.NFO,07/01/2020,12:13:08,3.7,3.4,4000,3.55,4000,0,364000
ADANIENT30JAN20190PE.NFO,07/01/2020,12:13:22,3.7,3.4,4000,3.55,8000,0,364000
ADANIENT30JAN20190PE.NFO,07/01/2020,12:13:26,3.7,3.45,4000,3.55,4000,0,364000
ADANIENT30JAN20190PE.NFO,07/01/2020,12:13:35,3.7,3.4,4000,3.55,4000,0,364000
ADANIENT30JAN20190PE.NFO,07/01/2020,12:13:43,3.7,3.45,4000,3.55,8000,0,364000
ADANIENT30JAN20190PE.NFO,07/01/2020,12:13:55,3.7,3.4,4000,3.55,8000,0,364000
ADANIENT30JAN20190PE.NFO,07/01/2020,12:13:58,3.7,3.45,4000,3.55,4000,0,364000
ADANIENT30JAN20190PE.NFO,07/01/2020,12:14:03,3.7,3.45,8000,3.6,8000,0,364000
ADANIENT30JAN20190PE.NFO,07/01/2020,12:14:47,3.7,3.45,4000,3.55,4000,0,364000
ADANIENT30JAN20190PE.NFO,07/01/2020,12:14:50,3.7,3.45,4000,3.6,8000,0,364000
ADANIENT30JAN20190PE.NFO,07/01/2020,12:15:19,3.7,3.45,4000,3.6,4000,0,364000
ADANIENT30JAN20190PE.NFO,07/01/2020,12:15:37,3.7,3.5,4000,3.65,8000,0,364000
ADANIENT30JAN20190PE.NFO,07/01/2020,12:15:41,3.7,3.5,4000,3.6,4000,0,364000
ADANIENT30JAN20190PE.NFO,07/01/2020,12:15:44,3.7,3.45,4000,3.6,4000,0,364000
ADANIENT30JAN20190PE.NFO,07/01/2020,12:15:47,3.7,3.5,4000,3.65,8000,0,364000
ADANIENT30JAN20190PE.NFO,07/01/2020,12:16:12,3.7,3.55,4000,3.65,4000,0,364000
ADANIENT30JAN20190PE.NFO,07/01/2020,12:16:15,3.7,3.5,4000,3.65,8000,0,364000
ADANIENT30JAN20190PE.NFO,07/01/2020,12:16:19,3.7,3.55,4000,3.65,4000,0,364000
ADANIENT30JAN20190PE.NFO,07/01/2020,12:16:24,3.7,3.55,4000,3.65,8000,0,364000
ADANIENT30JAN20190PE.NFO,07/01/2020,12:16:32,3.7,3.55,4000,3.65,4000,0,364000
ADANIENT30JAN20190PE.NFO,07/01/2020,12:16:38,3.7,3.55,4000,3.65,8000,0,364000
ADANIENT30JAN20190PE.NFO,07/01/2020,12:16:40,3.7,3.55,4000,3.65,4000,0,364000
ADANIENT30JAN20190PE.NFO,07/01/2020,12:16:46,3.7,3.55,4000,3.65,8000,0,364000
ADANIENT30JAN20190PE.NFO,07/01/2020,12:17:49,3.7,3.55,4000,3.65,4000,0,364000
ADANIENT30JAN20190PE.NFO,07/01/2020,12:17:58,3.7,3.55,4000,3.65,8000,0,364000
ADANIENT30JAN20190PE.NFO,07/01/2020,12:18:13,3.7,3.5,4000,3.65,8000,0,364000
ADANIENT30JAN20190PE.NFO,07/01/2020,12:18:48,3.7,3.45,4000,3.65,8000,0,364000
ADANIENT30JAN20190PE.NFO,07/01/2020,12:19:05,3.7,3.45,4000,3.6,12000,0,364000
ADANIENT30JAN20190PE.NFO,07/01/2020,12:19:10,3.7,3.4,4000,3.6,12000,0,364000
ADANIENT30JAN20190PE.NFO,07/01/2020,12:19:14,3.7,3.4,4000,3.6,20000,0,364000
ADANIENT30JAN20190PE.NFO,07/01/2020,12:19:24,3.7,3.4,8000,3.6,8000,0,364000
ADANIENT30JAN20190PE.NFO,07/01/2020,12:19:36,3.7,3.4,4000,3.6,20000,0,364000
ADANIENT30JAN20190PE.NFO,07/01/2020,12:19:54,3.7,3.35,8000,3.6,16000,0,364000
ADANIENT30JAN20190PE.NFO,07/01/2020,12:20:08,3.7,3.4,4000,3.6,20000,0,364000
ADANIENT30JAN20190PE.NFO,07/01/2020,12:20:11,3.7,3.35,4000,3.6,20000,0,364000
ADANIENT30JAN20190PE.NFO,07/01/2020,12:20:13,3.7,3.4,4000,3.6,20000,0,364000
ADANIENT30JAN20190PE.NFO,07/01/2020,12:20:31,3.7,3.35,8000,3.6,16000,0,364000
ADANIENT30JAN20190PE.NFO,07/01/2020,12:20:54,3.7,3.4,4000,3.6,20000,0,364000
ADANIENT30JAN20190PE.NFO,07/01/2020,12:21:04,3.7,3.35,8000,3.6,16000,0,364000
ADANIENT30JAN20190PE.NFO,07/01/2020,12:21:11,3.7,3.4,4000,3.6,20000,0,364000
ADANIENT30JAN20190PE.NFO,07/01/2020,12:21:30,3.7,3.4,4000,3.6,16000,0,364000
ADANIENT30JAN20190PE.NFO,07/01/2020,12:21:40,3.7,3.4,4000,3.6,20000,0,364000
ADANIENT30JAN20190PE.NFO,07/01/2020,12:21:55,3.7,3.4,4000,3.6,16000,0,364000
ADANIENT30JAN20190PE.NFO,07/01/2020,12:22:16,3.7,3.4,4000,3.6,20000,0,364000
ADANIENT30JAN20190PE.NFO,07/01/2020,12:22:49,3.7,3.4,4000,3.6,16000,0,364000
ADANIENT30JAN20190PE.NFO,07/01/2020,12:23:10,3.7,3.4,4000,3.6,20000,0,364000
ADANIENT30JAN20190PE.NFO,07/01/2020,12:23:41,3.7,3.4,4000,3.6,16000,0,364000
ADANIENT30JAN20190PE.NFO,07/01/2020,12:23:51,3.7,3.35,8000,3.6,20000,0,364000
ADANIENT30JAN20190PE.NFO,07/01/2020,12:24:03,3.7,3.4,4000,3.6,16000,0,364000
ADANIENT30JAN20190PE.NFO,07/01/2020,12:24:05,3.7,3.4,4000,3.6,20000,0,364000
ADANIENT30JAN20190PE.NFO,07/01/2020,12:24:14,3.7,3.35,4000,3.55,12000,0,364000
ADANIENT30JAN20190PE.NFO,07/01/2020,12:24:19,3.7,3.35,4000,3.55,8000,0,364000
ADANIENT30JAN20190PE.NFO,07/01/2020,12:24:25,3.7,3.35,12000,3.55,4000,0,364000
ADANIENT30JAN20190PE.NFO,07/01/2020,12:24:40,3.7,3.35,12000,3.55,8000,0,364000
ADANIENT30JAN20190PE.NFO,07/01/2020,12:24:43,3.7,3.35,12000,3.55,4000,0,364000
ADANIENT30JAN20190PE.NFO,07/01/2020,12:24:46,3.7,3.35,12000,3.55,8000,0,364000
ADANIENT30JAN20190PE.NFO,07/01/2020,12:25:42,3.7,3.35,8000,3.55,8000,0,364000
ADANIENT30JAN20190PE.NFO,07/01/2020,12:25:46,3.7,3.4,4000,3.55,4000,0,364000
ADANIENT30JAN20190PE.NFO,07/01/2020,12:25:55,3.7,3.35,8000,3.55,8000,0,364000
ADANIENT30JAN20190PE.NFO,07/01/2020,12:26:01,3.7,3.3,8000,3.55,8000,0,364000
ADANIENT30JAN20190PE.NFO,07/01/2020,12:26:04,3.7,3.35,8000,3.55,8000,0,364000
ADANIENT30JAN20190PE.NFO,07/01/2020,12:26:08,3.7,3.35,4000,3.55,8000,0,364000
ADANIENT30JAN20190PE.NFO,07/01/2020,12:26:11,3.7,3.35,4000,3.55,4000,0,364000
ADANIENT30JAN20190PE.NFO,07/01/2020,12:26:15,3.7,3.35,4000,3.55,12000,0,364000
ADANIENT30JAN20190PE.NFO,07/01/2020,12:26:31,3.7,3.35,8000,3.55,4000,0,364000
ADANIENT30JAN20190PE.NFO,07/01/2020,12:26:34,3.7,3.4,4000,3.55,4000,0,364000
ADANIENT30JAN20190PE.NFO,07/01/2020,12:26:42,3.7,3.35,8000,3.6,16000,0,364000
ADANIENT30JAN20190PE.NFO,07/01/2020,12:26:49,3.7,3.4,8000,3.6,16000,0,364000
ADANIENT30JAN20190PE.NFO,07/01/2020,12:26:51,3.7,3.4,8000,3.6,8000,0,364000
ADANIENT30JAN20190PE.NFO,07/01/2020,12:26:54,3.7,3.4,8000,3.6,4000,0,364000
ADANIENT30JAN20190PE.NFO,07/01/2020,12:26:57,3.7,3.4,12000,3.6,4000,0,364000
ADANIENT30JAN20190PE.NFO,07/01/2020,12:27:24,3.7,3.4,12000,3.6,8000,0,364000
ADANIENT30JAN20190PE.NFO,07/01/2020,12:27:45,3.7,3.45,4000,3.6,8000,0,364000
ADANIENT30JAN20190PE.NFO,07/01/2020,12:28:03,3.7,3.45,4000,3.6,4000,0,364000
ADANIENT30JAN20190PE.NFO,07/01/2020,12:28:06,3.7,3.4,12000,3.6,4000,0,364000
ADANIENT30JAN20190PE.NFO,07/01/2020,12:28:27,3.7,3.4,12000,3.6,8000,0,364000
ADANIENT30JAN20190PE.NFO,07/01/2020,12:28:49,3.7,3.5,4000,3.6,4000,0,364000
ADANIENT30JAN20190PE.NFO,07/01/2020,12:28:55,3.7,3.5,4000,3.65,4000,0,364000
ADANIENT30JAN20190PE.NFO,07/01/2020,12:29:07,3.7,3.5,8000,3.65,4000,0,364000
ADANIENT30JAN20190PE.NFO,07/01/2020,12:29:21,3.7,3.45,8000,3.65,8000,0,364000
ADANIENT30JAN20190PE.NFO,07/01/2020,12:29:33,3.7,3.45,12000,3.65,8000,0,364000
ADANIENT30JAN20190PE.NFO,07/01/2020,12:29:53,3.7,3.45,8000,3.65,8000,0,364000
ADANIENT30JAN20190PE.NFO,07/01/2020,12:29:57,3.7,3.45,12000,3.65,12000,0,364000
ADANIENT30JAN20190PE.NFO,07/01/2020,12:30:01,3.7,3.4,8000,3.65,12000,0,364000
ADANIENT30JAN20190PE.NFO,07/01/2020,12:30:06,3.7,3.45,12000,3.65,4000,0,364000
ADANIENT30JAN20190PE.NFO,07/01/2020,12:30:11,3.7,3.45,12000,3.65,8000,0,364000
ADANIENT30JAN20190PE.NFO,07/01/2020,12:30:16,3.7,3.45,12000,3.65,12000,0,364000
ADANIENT30JAN20190PE.NFO,07/01/2020,12:30:21,3.7,3.45,12000,3.65,4000,0,364000
ADANIENT30JAN20190PE.NFO,07/01/2020,12:30:33,3.7,3.45,12000,3.65,12000,0,364000
ADANIENT30JAN20190PE.NFO,07/01/2020,12:30:45,3.7,3.45,12000,3.65,8000,0,364000
ADANIENT30JAN20190PE.NFO,07/01/2020,12:30:58,3.7,3.45,12000,3.65,12000,0,364000
ADANIENT30JAN20190PE.NFO,07/01/2020,12:31:05,3.7,3.45,8000,3.65,12000,0,364000
ADANIENT30JAN20190PE.NFO,07/01/2020,12:31:28,3.7,3.45,4000,3.65,12000,0,364000
ADANIENT30JAN20190PE.NFO,07/01/2020,12:31:41,3.7,3.45,8000,3.65,12000,0,364000
ADANIENT30JAN20190PE.NFO,07/01/2020,12:32:06,3.7,3.45,8000,3.65,8000,0,364000
ADANIENT30JAN20190PE.NFO,07/01/2020,12:32:34,3.7,3.45,12000,3.7,8000,0,364000
ADANIENT30JAN20190PE.NFO,07/01/2020,12:32:40,3.7,3.45,12000,3.65,4000,0,364000
ADANIENT30JAN20190PE.NFO,07/01/2020,12:32:57,3.7,3.45,8000,3.65,12000,0,364000
ADANIENT30JAN20190PE.NFO,07/01/2020,12:33:09,3.7,3.45,4000,3.65,8000,0,364000
ADANIENT30JAN20190PE.NFO,07/01/2020,12:33:14,3.4,3.35,4000,3.6,4000,40000,368000
ADANIENT30JAN20190PE.NFO,07/01/2020,12:33:18,3.4,3.35,4000,3.6,8000,0,368000
ADANIENT30JAN20190PE.NFO,07/01/2020,12:33:21,3.4,3.35,4000,3.6,12000,0,368000
ADANIENT30JAN20190PE.NFO,07/01/2020,12:33:29,3.4,3.35,4000,3.55,4000,0,368000
ADANIENT30JAN20190PE.NFO,07/01/2020,12:33:51,3.4,3.35,4000,3.55,8000,0,368000
ADANIENT30JAN20190PE.NFO,07/01/2020,12:34:00,3.4,3.35,4000,3.6,8000,0,368000
ADANIENT30JAN20190PE.NFO,07/01/2020,12:34:07,3.4,3.35,4000,3.6,12000,0,368000
ADANIENT30JAN20190PE.NFO,07/01/2020,12:34:19,3.4,3.35,4000,3.6,8000,0,368000
ADANIENT30JAN20190PE.NFO,07/01/2020,12:34:30,3.4,3.35,4000,3.6,12000,0,368000
ADANIENT30JAN20190PE.NFO,07/01/2020,12:34:35,3.4,3.35,4000,3.55,4000,0,368000
ADANIENT30JAN20190PE.NFO,07/01/2020,12:34:48,3.4,3.35,4000,3.55,8000,0,368000
ADANIENT30JAN20190PE.NFO,07/01/2020,12:35:03,3.4,3.3,4000,3.55,12000,0,368000
ADANIENT30JAN20190PE.NFO,07/01/2020,12:35:17,3.4,3.3,4000,3.55,16000,0,368000
ADANIENT30JAN20190PE.NFO,07/01/2020,12:35:28,3.4,3.25,8000,3.5,4000,0,368000
ADANIENT30JAN20190PE.NFO,07/01/2020,12:35:30,3.4,3.3,4000,3.5,8000,0,368000
ADANIENT30JAN20190PE.NFO,07/01/2020,12:35:37,3.4,3.3,4000,3.5,4000,0,368000
ADANIENT30JAN20190PE.NFO,07/01/2020,12:35:55,3.4,3.25,8000,3.5,12000,0,368000
ADANIENT30JAN20190PE.NFO,07/01/2020,12:36:26,3.4,3.25,8000,3.5,4000,0,368000
ADANIENT30JAN20190PE.NFO,07/01/2020,12:36:29,3.4,3.3,4000,3.5,8000,0,368000
ADANIENT30JAN20190PE.NFO,07/01/2020,12:36:50,3.4,3.3,4000,3.5,12000,0,368000
ADANIENT30JAN20190PE.NFO,07/01/2020,12:36:59,3.4,3.25,8000,3.5,12000,0,368000
ADANIENT30JAN20190PE.NFO,07/01/2020,12:37:05,3.4,3.3,4000,3.5,12000,0,368000
ADANIENT30JAN20190PE.NFO,07/01/2020,12:37:18,3.4,3.25,8000,3.5,12000,0,368000
ADANIENT30JAN20190PE.NFO,07/01/2020,12:37:27,3.4,3.3,4000,3.5,16000,0,368000
ADANIENT30JAN20190PE.NFO,07/01/2020,12:37:36,3.4,3.3,4000,3.5,20000,0,368000
ADANIENT30JAN20190PE.NFO,07/01/2020,12:37:56,3.4,3.25,4000,3.5,16000,0,368000
ADANIENT30JAN20190PE.NFO,07/01/2020,12:38:00,3.4,3.25,4000,3.5,20000,0,368000
ADANIENT30JAN20190PE.NFO,07/01/2020,12:38:06,3.4,3.25,4000,3.45,12000,0,368000
ADANIENT30JAN20190PE.NFO,07/01/2020,12:38:30,3.4,3.25,4000,3.45,16000,0,368000
ADANIENT30JAN20190PE.NFO,07/01/2020,12:38:45,3.4,3.25,4000,3.45,12000,0,368000
ADANIENT30JAN20190PE.NFO,07/01/2020,12:38:49,3.4,3.25,4000,3.45,16000,0,368000
ADANIENT30JAN20190PE.NFO,07/01/2020,12:39:35,3.4,3.25,4000,3.45,12000,0,368000
ADANIENT30JAN20190PE.NFO,07/01/2020,12:39:55,3.4,3.25,4000,3.45,16000,0,368000
ADANIENT30JAN20190PE.NFO,07/01/2020,12:40:19,3.4,3.25,4000,3.45,12000,0,368000
ADANIENT30JAN20190PE.NFO,07/01/2020,12:40:44,3.4,3.25,4000,3.45,16000,0,368000
ADANIENT30JAN20190PE.NFO,07/01/2020,12:40:59,3.4,3.25,4000,3.45,12000,0,368000
ADANIENT30JAN20190PE.NFO,07/01/2020,12:41:13,3.4,3.25,4000,3.45,16000,0,368000
ADANIENT30JAN20190PE.NFO,07/01/2020,12:41:51,3.4,3.25,4000,3.45,20000,0,368000
ADANIENT30JAN20190PE.NFO,07/01/2020,12:41:54,3.4,3.25,4000,3.45,16000,0,368000
ADANIENT30JAN20190PE.NFO,07/01/2020,12:42:28,3.4,3.25,4000,3.45,12000,0,368000
ADANIENT30JAN20190PE.NFO,07/01/2020,12:42:37,3.4,3.25,4000,3.45,8000,0,368000
ADANIENT30JAN20190PE.NFO,07/01/2020,12:43:04,3.4,3.25,8000,3.45,8000,0,368000
ADANIENT30JAN20190PE.NFO,07/01/2020,12:43:12,3.4,3.25,8000,3.45,12000,0,368000
ADANIENT30JAN20190PE.NFO,07/01/2020,12:43:35,3.4,3.25,4000,3.45,12000,0,368000
ADANIENT30JAN20190PE.NFO,07/01/2020,12:43:40,3.4,3.25,4000,3.45,20000,0,368000
ADANIENT30JAN20190PE.NFO,07/01/2020,12:43:57,3.4,3.25,4000,3.45,12000,0,368000
ADANIENT30JAN20190PE.NFO,07/01/2020,12:44:03,3.4,3.25,4000,3.45,8000,0,368000
ADANIENT30JAN20190PE.NFO,07/01/2020,12:44:16,3.4,3.25,4000,3.45,12000,0,368000
ADANIENT30JAN20190PE.NFO,07/01/2020,12:44:31,3.4,3.25,4000,3.4,4000,0,368000
ADANIENT30JAN20190PE.NFO,07/01/2020,12:44:53,3.4,3.25,4000,3.4,8000,0,368000
ADANIENT30JAN20190PE.NFO,07/01/2020,12:45:02,3.4,3.3,4000,3.45,8000,0,368000
ADANIENT30JAN20190PE.NFO,07/01/2020,12:45:06,3.4,3.25,12000,3.45,12000,0,368000
ADANIENT30JAN20190PE.NFO,07/01/2020,12:45:10,3.4,3.25,12000,3.45,8000,0,368000
ADANIENT30JAN20190PE.NFO,07/01/2020,12:45:16,3.4,3.3,4000,3.45,8000,0,368000
ADANIENT30JAN20190PE.NFO,07/01/2020,12:45:24,3.4,3.25,12000,3.45,8000,0,368000
ADANIENT30JAN20190PE.NFO,07/01/2020,12:45:28,3.4,3.3,4000,3.45,12000,0,368000
ADANIENT30JAN20190PE.NFO,07/01/2020,12:45:35,3.4,3.3,4000,3.45,8000,0,368000
ADANIENT30JAN20190PE.NFO,07/01/2020,12:45:37,3.4,3.25,12000,3.45,8000,0,368000
ADANIENT30JAN20190PE.NFO,07/01/2020,12:45:48,3.4,3.25,12000,3.45,12000,0,368000
ADANIENT30JAN20190PE.NFO,07/01/2020,12:46:19,3.4,3.25,8000,3.45,12000,0,368000
ADANIENT30JAN20190PE.NFO,07/01/2020,12:46:33,3.4,3.25,12000,3.45,12000,0,368000
ADANIENT30JAN20190PE.NFO,07/01/2020,12:46:42,3.4,3.25,8000,3.45,12000,0,368000
ADANIENT30JAN20190PE.NFO,07/01/2020,12:46:53,3.4,3.25,12000,3.45,12000,0,368000
ADANIENT30JAN20190PE.NFO,07/01/2020,12:46:57,3.4,3.25,8000,3.45,12000,0,368000
ADANIENT30JAN20190PE.NFO,07/01/2020,12:47:16,3.4,3.25,8000,3.4,8000,0,368000
ADANIENT30JAN20190PE.NFO,07/01/2020,12:47:38,3.4,3.25,8000,3.4,20000,0,368000
ADANIENT30JAN20190PE.NFO,07/01/2020,12:47:49,3.4,3.25,8000,3.4,16000,0,368000
ADANIENT30JAN20190PE.NFO,07/01/2020,12:48:22,3.4,3.25,4000,3.4,16000,0,368000
ADANIENT30JAN20190PE.NFO,07/01/2020,12:48:55,3.4,3.25,4000,3.4,20000,0,368000
ADANIENT30JAN20190PE.NFO,07/01/2020,12:48:58,3.4,3.25,4000,3.4,16000,0,368000
ADANIENT30JAN20190PE.NFO,07/01/2020,12:49:56,3.4,3.25,4000,3.4,20000,0,368000
ADANIENT30JAN20190PE.NFO,07/01/2020,12:50:05,3.4,3.25,4000,3.4,16000,0,368000
ADANIENT30JAN20190PE.NFO,07/01/2020,12:53:41,3.4,3.25,4000,3.4,20000,0,368000
ADANIENT30JAN20190PE.NFO,07/01/2020,12:53:47,3.4,3.25,4000,3.4,16000,0,368000
ADANIENT30JAN20190PE.NFO,07/01/2020,12:55:23,3.4,3.25,4000,3.4,8000,0,368000
ADANIENT30JAN20190PE.NFO,07/01/2020,12:55:34,3.4,3.25,4000,3.4,12000,0,368000
ADANIENT30JAN20190PE.NFO,07/01/2020,12:55:49,3.4,3.25,4000,3.4,16000,0,368000
ADANIENT30JAN20190PE.NFO,07/01/2020,12:55:51,3.4,3.25,4000,3.4,12000,0,368000
ADANIENT30JAN20190PE.NFO,07/01/2020,12:56:05,3.4,3.25,4000,3.4,4000,0,368000
ADANIENT30JAN20190PE.NFO,07/01/2020,12:56:07,3.4,3.25,4000,3.4,8000,0,368000
ADANIENT30JAN20190PE.NFO,07/01/2020,12:56:30,3.4,3.25,4000,3.4,12000,0,368000
ADANIENT30JAN20190PE.NFO,07/01/2020,12:56:33,3.4,3.25,4000,3.4,16000,0,368000
ADANIENT30JAN20190PE.NFO,07/01/2020,12:57:00,3.4,3.25,4000,3.4,12000,0,368000
ADANIENT30JAN20190PE.NFO,07/01/2020,12:57:49,3.4,3.25,4000,3.35,4000,0,368000
ADANIENT30JAN20190PE.NFO,07/01/2020,12:57:54,3.4,3.25,4000,3.35,12000,0,368000
ADANIENT30JAN20190PE.NFO,07/01/2020,12:58:01,3.25,3.1,16000,3.3,16000,4000,388000
ADANIENT30JAN20190PE.NFO,07/01/2020,12:58:05,3.25,3.1,12000,3.3,20000,0,388000
ADANIENT30JAN20190PE.NFO,07/01/2020,12:58:09,3.25,3.1,8000,3.3,20000,0,388000
ADANIENT30JAN20190PE.NFO,07/01/2020,12:58:23,3.25,3.1,4000,3.25,12000,0,388000
ADANIENT30JAN20190PE.NFO,07/01/2020,12:58:40,3.25,3.1,4000,3.25,16000,0,388000
ADANIENT30JAN20190PE.NFO,07/01/2020,12:58:43,3.25,3.1,4000,3.25,20000,0,388000
ADANIENT30JAN20190PE.NFO,07/01/2020,12:58:47,3.25,3.1,4000,3.25,8000,0,388000
ADANIENT30JAN20190PE.NFO,07/01/2020,12:58:51,3.25,3.1,4000,3.25,12000,0,388000
ADANIENT30JAN20190PE.NFO,07/01/2020,12:59:09,3.25,3.1,4000,3.25,20000,0,388000
ADANIENT30JAN20190PE.NFO,07/01/2020,12:59:23,3.25,3.1,4000,3.25,24000,0,388000
ADANIENT30JAN20190PE.NFO,07/01/2020,12:59:37,3.25,3.1,4000,3.25,12000,0,388000
ADANIENT30JAN20190PE.NFO,07/01/2020,12:59:45,3.25,3.1,4000,3.2,12000,0,388000
ADANIENT30JAN20190PE.NFO,07/01/2020,12:59:57,3.25,3.1,4000,3.2,16000,0,388000
ADANIENT30JAN20190PE.NFO,07/01/2020,13:00:01,3.25,3.1,4000,3.25,16000,0,388000
ADANIENT30JAN20190PE.NFO,07/01/2020,13:00:05,3.25,3.1,8000,3.25,16000,0,388000
ADANIENT30JAN20190PE.NFO,07/01/2020,13:00:12,3.25,3.1,8000,3.25,8000,0,388000
ADANIENT30JAN20190PE.NFO,07/01/2020,13:00:20,3.25,3.2,4000,3.35,12000,0,388000
ADANIENT30JAN20190PE.NFO,07/01/2020,13:00:27,3.25,3.2,4000,3.35,20000,0,388000
ADANIENT30JAN20190PE.NFO,07/01/2020,13:00:32,3.25,3.15,4000,3.3,12000,0,388000
ADANIENT30JAN20190PE.NFO,07/01/2020,13:00:47,3.25,3.15,4000,3.25,4000,0,388000
ADANIENT30JAN20190PE.NFO,07/01/2020,13:00:57,3.25,3.2,4000,3.3,8000,0,388000
ADANIENT30JAN20190PE.NFO,07/01/2020,13:01:08,3.25,3.2,4000,3.35,8000,0,388000
ADANIENT30JAN20190PE.NFO,07/01/2020,13:01:14,3.25,3.2,4000,3.35,12000,0,388000
ADANIENT30JAN20190PE.NFO,07/01/2020,13:01:19,3.25,3.2,4000,3.35,8000,0,388000
ADANIENT30JAN20190PE.NFO,07/01/2020,13:01:25,3.25,3.2,4000,3.3,4000,0,388000
ADANIENT30JAN20190PE.NFO,07/01/2020,13:01:31,3.25,3.2,4000,3.35,12000,0,388000
ADANIENT30JAN20190PE.NFO,07/01/2020,13:01:37,3.25,3.2,4000,3.35,8000,0,388000
ADANIENT30JAN20190PE.NFO,07/01/2020,13:02:03,3.25,3.2,4000,3.3,4000,0,388000
ADANIENT30JAN20190PE.NFO,07/01/2020,13:02:09,3.25,3.2,4000,3.35,16000,0,388000
ADANIENT30JAN20190PE.NFO,07/01/2020,13:02:23,3.25,3.2,4000,3.35,8000,0,388000
ADANIENT30JAN20190PE.NFO,07/01/2020,13:02:40,3.25,3.25,4000,3.35,4000,0,388000
ADANIENT30JAN20190PE.NFO,07/01/2020,13:02:51,3.25,3.2,4000,3.35,4000,0,388000
ADANIENT30JAN20190PE.NFO,07/01/2020,13:03:05,3.25,3.2,4000,3.35,8000,0,388000
ADANIENT30JAN20190PE.NFO,07/01/2020,13:03:09,3.25,3.2,4000,3.35,4000,0,388000
ADANIENT30JAN20190PE.NFO,07/01/2020,13:03:21,3.25,3.2,4000,3.35,8000,0,388000
ADANIENT30JAN20190PE.NFO,07/01/2020,13:03:25,3.25,3.2,4000,3.35,4000,0,388000
ADANIENT30JAN20190PE.NFO,07/01/2020,13:03:32,3.25,3.2,4000,3.35,12000,0,388000
ADANIENT30JAN20190PE.NFO,07/01/2020,13:03:41,3.25,3.2,4000,3.35,4000,0,388000
ADANIENT30JAN20190PE.NFO,07/01/2020,13:03:58,3.25,3.2,4000,3.35,12000,0,388000
ADANIENT30JAN20190PE.NFO,07/01/2020,13:04:02,3.25,3.2,4000,3.35,8000,0,388000
ADANIENT30JAN20190PE.NFO,07/01/2020,13:04:10,3.25,3.2,4000,3.35,4000,0,388000
ADANIENT30JAN20190PE.NFO,07/01/2020,13:04:49,3.25,3.25,4000,3.4,4000,0,388000
ADANIENT30JAN20190PE.NFO,07/01/2020,13:05:20,3.25,3.3,4000,3.4,4000,0,388000
ADANIENT30JAN20190PE.NFO,07/01/2020,13:05:26,3.25,3.3,4000,3.45,4000,0,388000
ADANIENT30JAN20190PE.NFO,07/01/2020,13:05:42,3.25,3.3,4000,3.45,12000,0,388000
ADANIENT30JAN20190PE.NFO,07/01/2020,13:05:52,3.25,3.3,4000,3.45,4000,0,388000
ADANIENT30JAN20190PE.NFO,07/01/2020,13:06:18,3.45,3.35,4000,3.5,8000,4000,388000
ADANIENT30JAN20190PE.NFO,07/01/2020,13:06:23,3.45,3.4,4000,3.5,8000,0,388000
ADANIENT30JAN20190PE.NFO,07/01/2020,13:06:32,3.45,3.4,4000,3.5,4000,0,388000
ADANIENT30JAN20190PE.NFO,07/01/2020,13:06:41,3.45,3.4,4000,3.55,8000,0,388000
ADANIENT30JAN20190PE.NFO,07/01/2020,13:07:01,3.45,3.4,4000,3.6,8000,0,388000
ADANIENT30JAN20190PE.NFO,07/01/2020,13:07:06,3.45,3.4,4000,3.55,4000,0,388000
ADANIENT30JAN20190PE.NFO,07/01/2020,13:07:11,3.45,3.4,4000,3.6,4000,0,388000
ADANIENT30JAN20190PE.NFO,07/01/2020,13:07:16,3.45,3.4,8000,3.55,8000,0,388000
ADANIENT30JAN20190PE.NFO,07/01/2020,13:07:40,3.45,3.4,8000,3.6,8000,0,388000
ADANIENT30JAN20190PE.NFO,07/01/2020,13:07:48,3.45,3.4,8000,3.6,4000,0,388000
ADANIENT30JAN20190PE.NFO,07/01/2020,13:07:53,3.45,3.4,8000,3.6,8000,0,388000
ADANIENT30JAN20190PE.NFO,07/01/2020,13:07:58,3.45,3.45,4000,3.6,4000,0,388000
ADANIENT30JAN20190PE.NFO,07/01/2020,13:08:22,3.45,3.5,4000,3.6,4000,0,388000
ADANIENT30JAN20190PE.NFO,07/01/2020,13:08:29,3.45,3.45,4000,3.6,4000,0,388000
ADANIENT30JAN20190PE.NFO,07/01/2020,13:08:43,3.45,3.5,4000,3.6,4000,0,388000
ADANIENT30JAN20190PE.NFO,07/01/2020,13:09:12,3.65,3.5,4000,3.65,4000,4000,388000
ADANIENT30JAN20190PE.NFO,07/01/2020,13:09:18,3.65,3.55,4000,3.7,8000,4000,388000
ADANIENT30JAN20190PE.NFO,07/01/2020,13:09:25,3.65,3.6,4000,3.75,4000,0,388000
ADANIENT30JAN20190PE.NFO,07/01/2020,13:09:31,3.65,3.55,12000,3.75,4000,0,388000
ADANIENT30JAN20190PE.NFO,07/01/2020,13:09:37,3.65,3.6,4000,3.75,4000,0,388000
ADANIENT30JAN20190PE.NFO,07/01/2020,13:09:48,3.65,3.55,8000,3.7,4000,0,388000
ADANIENT30JAN20190PE.NFO,07/01/2020,13:09:55,3.65,3.55,4000,3.7,4000,0,388000
ADANIENT30JAN20190PE.NFO,07/01/2020,13:10:01,3.65,3.55,8000,3.7,4000,0,388000
ADANIENT30JAN20190PE.NFO,07/01/2020,13:10:12,3.65,3.6,4000,3.75,4000,0,388000
ADANIENT30JAN20190PE.NFO,07/01/2020,13:10:17,3.65,3.65,4000,3.75,4000,0,388000
ADANIENT30JAN20190PE.NFO,07/01/2020,13:10:22,3.65,3.6,4000,3.75,4000,0,388000
ADANIENT30JAN20190PE.NFO,07/01/2020,13:10:53,3.65,3.6,8000,3.75,4000,0,388000
ADANIENT30JAN20190PE.NFO,07/01/2020,13:11:34,3.65,3.6,4000,3.75,4000,0,388000
ADANIENT30JAN20190PE.NFO,07/01/2020,13:11:38,3.65,3.55,8000,3.75,12000,0,388000
ADANIENT30JAN20190PE.NFO,07/01/2020,13:11:42,3.65,3.55,8000,3.7,4000,0,388000
ADANIENT30JAN20190PE.NFO,07/01/2020,13:11:47,3.65,3.6,4000,3.75,8000,0,388000
ADANIENT30JAN20190PE.NFO,07/01/2020,13:12:07,3.65,3.6,4000,3.75,4000,0,388000
ADANIENT30JAN20190PE.NFO,07/01/2020,13:12:13,3.65,3.6,4000,3.75,8000,0,388000
ADANIENT30JAN20190PE.NFO,07/01/2020,13:12:18,3.65,3.6,8000,3.75,8000,0,388000
ADANIENT30JAN20190PE.NFO,07/01/2020,13:12:23,3.65,3.65,4000,3.75,8000,0,388000
ADANIENT30JAN20190PE.NFO,07/01/2020,13:12:40,3.65,3.65,4000,3.75,4000,0,388000
ADANIENT30JAN20190PE.NFO,07/01/2020,13:12:49,3.65,3.7,4000,3.8,8000,0,388000
ADANIENT30JAN20190PE.NFO,07/01/2020,13:12:54,3.65,3.7,4000,3.8,4000,0,388000
ADANIENT30JAN20190PE.NFO,07/01/2020,13:13:03,3.65,3.75,4000,3.85,4000,0,388000
ADANIENT30JAN20190PE.NFO,07/01/2020,13:13:17,3.65,3.65,4000,3.75,12000,0,388000
ADANIENT30JAN20190PE.NFO,07/01/2020,13:13:21,3.65,3.65,4000,3.8,16000,0,388000
ADANIENT30JAN20190PE.NFO,07/01/2020,13:13:25,3.65,3.65,4000,3.75,8000,0,388000
ADANIENT30JAN20190PE.NFO,07/01/2020,13:13:29,3.65,3.65,4000,3.75,4000,0,388000
ADANIENT30JAN20190PE.NFO,07/01/2020,13:13:33,3.65,3.55,4000,3.7,12000,0,388000
ADANIENT30JAN20190PE.NFO,07/01/2020,13:13:42,3.65,3.6,4000,3.7,4000,0,388000
ADANIENT30JAN20190PE.NFO,07/01/2020,13:13:50,3.65,3.6,8000,3.75,4000,0,388000
ADANIENT30JAN20190PE.NFO,07/01/2020,13:13:56,3.65,3.6,8000,3.75,8000,0,388000
ADANIENT30JAN20190PE.NFO,07/01/2020,13:14:01,3.65,3.6,4000,3.7,4000,0,388000
ADANIENT30JAN20190PE.NFO,07/01/2020,13:14:06,3.65,3.6,8000,3.7,4000,0,388000
ADANIENT30JAN20190PE.NFO,07/01/2020,13:14:11,3.65,3.6,4000,3.7,4000,0,388000
ADANIENT30JAN20190PE.NFO,07/01/2020,13:14:16,3.65,3.6,4000,3.7,8000,0,388000
ADANIENT30JAN20190PE.NFO,07/01/2020,13:14:22,3.65,3.55,8000,3.7,8000,0,388000
ADANIENT30JAN20190PE.NFO,07/01/2020,13:14:37,3.65,3.55,8000,3.7,16000,0,388000
