Ticker,Date,Time,LTP,BuyPrice,BuyQty,SellPrice,SellQty,LTQ,OpenInterest
ADANIENT30JAN20210CE.NFO,07/01/2020,09:24:04,6.05,6,4000,6.1,4000,4000,256000
ADANIENT30JAN20210CE.NFO,07/01/2020,09:24:04,6.05,6,4000,6.1,4000,0,256000
ADANIENT30JAN20210CE.NFO,07/01/2020,09:24:04,6.05,6,4000,6.1,4000,0,256000
ADANIENT30JAN20210CE.NFO,07/01/2020,09:24:04,6.05,6,4000,6.1,4000,0,256000
ADANIENT30JAN20210CE.NFO,07/01/2020,09:24:11,6.05,5.9,4000,6.1,4000,0,256000
ADANIENT30JAN20210CE.NFO,07/01/2020,09:24:18,6.05,5.95,4000,6.1,4000,0,256000
ADANIENT30JAN20210CE.NFO,07/01/2020,09:24:25,6.05,5.95,4000,6.1,8000,0,256000
ADANIENT30JAN20210CE.NFO,07/01/2020,09:24:51,6.05,5.95,12000,6.1,4000,0,256000
ADANIENT30JAN20210CE.NFO,07/01/2020,09:24:57,6.05,5.9,8000,6.1,4000,0,256000
ADANIENT30JAN20210CE.NFO,07/01/2020,09:25:04,6.05,6,4000,6.1,4000,0,256000
ADANIENT30JAN20210CE.NFO,07/01/2020,09:25:11,6.05,5.9,8000,6.1,4000,0,256000
ADANIENT30JAN20210CE.NFO,07/01/2020,09:25:26,6.05,5.9,8000,6.1,8000,0,256000
ADANIENT30JAN20210CE.NFO,07/01/2020,09:25:33,6.05,5.9,8000,6.1,4000,0,256000
ADANIENT30JAN20210CE.NFO,07/01/2020,09:26:03,6.05,5.9,12000,6.1,4000,0,256000
ADANIENT30JAN20210CE.NFO,07/01/2020,09:26:11,6.05,6,4000,6.1,4000,0,256000
ADANIENT30JAN20210CE.NFO,07/01/2020,09:26:18,6.05,5.95,8000,6.1,4000,0,256000
ADANIENT30JAN20210CE.NFO,07/01/2020,09:26:23,6.05,6,4000,6.1,4000,0,256000
ADANIENT30JAN20210CE.NFO,07/01/2020,09:26:29,6.05,5.95,8000,6.1,4000,0,256000
ADANIENT30JAN20210CE.NFO,07/01/2020,09:26:36,6.1,6.05,8000,6.3,8000,4000,260000
ADANIENT30JAN20210CE.NFO,07/01/2020,09:26:36,6.1,6.05,8000,6.3,8000,0,260000
ADANIENT30JAN20210CE.NFO,07/01/2020,09:26:42,6.1,6,4000,6.2,4000,0,260000
ADANIENT30JAN20210CE.NFO,07/01/2020,09:26:48,6.1,5.95,8000,6.2,4000,0,260000
ADANIENT30JAN20210CE.NFO,07/01/2020,09:26:58,6.1,5.95,8000,6.2,8000,0,260000
ADANIENT30JAN20210CE.NFO,07/01/2020,09:27:03,6.1,5.95,8000,6.2,4000,0,260000
ADANIENT30JAN20210CE.NFO,07/01/2020,09:27:14,6.1,5.95,8000,6.2,8000,0,260000
ADANIENT30JAN20210CE.NFO,07/01/2020,09:27:20,6.1,5.95,8000,6.2,12000,0,260000
ADANIENT30JAN20210CE.NFO,07/01/2020,09:27:33,6.1,5.95,8000,6.15,4000,0,260000
ADANIENT30JAN20210CE.NFO,07/01/2020,09:28:02,6.1,5.9,8000,6.05,4000,0,260000
ADANIENT30JAN20210CE.NFO,07/01/2020,09:28:11,6.1,5.9,8000,6.1,12000,0,260000
ADANIENT30JAN20210CE.NFO,07/01/2020,09:28:17,6.1,5.9,8000,6.1,16000,0,260000
ADANIENT30JAN20210CE.NFO,07/01/2020,09:28:29,6.1,5.9,8000,6.1,8000,0,260000
ADANIENT30JAN20210CE.NFO,07/01/2020,09:28:34,6.1,5.9,4000,6.05,4000,0,260000
ADANIENT30JAN20210CE.NFO,07/01/2020,09:28:45,6.1,5.85,12000,6.05,4000,0,260000
ADANIENT30JAN20210CE.NFO,07/01/2020,09:28:51,6.1,5.9,20000,6.1,4000,0,260000
ADANIENT30JAN20210CE.NFO,07/01/2020,09:28:57,6.1,5.9,20000,6.1,8000,0,260000
ADANIENT30JAN20210CE.NFO,07/01/2020,09:29:03,6.1,5.9,12000,6.1,8000,0,260000
ADANIENT30JAN20210CE.NFO,07/01/2020,09:29:09,6.1,5.9,16000,6.1,8000,0,260000
ADANIENT30JAN20210CE.NFO,07/01/2020,09:29:15,6.1,5.9,12000,6.1,4000,0,260000
ADANIENT30JAN20210CE.NFO,07/01/2020,09:29:21,6.1,5.9,8000,6.1,4000,0,260000
ADANIENT30JAN20210CE.NFO,07/01/2020,09:29:27,6.1,5.9,12000,6.1,8000,0,260000
ADANIENT30JAN20210CE.NFO,07/01/2020,09:29:32,6.1,5.9,4000,6.05,8000,0,260000
ADANIENT30JAN20210CE.NFO,07/01/2020,09:29:39,6.1,5.9,4000,6.05,4000,0,260000
ADANIENT30JAN20210CE.NFO,07/01/2020,09:29:57,6.1,5.9,8000,6.1,8000,0,260000
ADANIENT30JAN20210CE.NFO,07/01/2020,09:30:03,6.1,5.95,8000,6.1,4000,0,260000
ADANIENT30JAN20210CE.NFO,07/01/2020,09:30:10,6.1,5.95,4000,6.15,8000,0,260000
ADANIENT30JAN20210CE.NFO,07/01/2020,09:30:17,6.1,6,4000,6.15,12000,0,260000
ADANIENT30JAN20210CE.NFO,07/01/2020,09:30:24,6.1,6,4000,6.15,8000,0,260000
ADANIENT30JAN20210CE.NFO,07/01/2020,09:30:30,6.1,6,4000,6.15,12000,0,260000
ADANIENT30JAN20210CE.NFO,07/01/2020,09:30:35,6.1,6,4000,6.1,4000,0,260000
ADANIENT30JAN20210CE.NFO,07/01/2020,09:30:56,6.1,5.95,4000,6.1,4000,0,260000
ADANIENT30JAN20210CE.NFO,07/01/2020,09:31:01,6.1,6,8000,6.2,8000,0,260000
ADANIENT30JAN20210CE.NFO,07/01/2020,09:31:08,6.1,6.05,8000,6.25,12000,0,260000
ADANIENT30JAN20210CE.NFO,07/01/2020,09:31:14,6.1,6.15,4000,6.3,12000,0,260000
ADANIENT30JAN20210CE.NFO,07/01/2020,09:31:20,6.1,6.1,8000,6.25,16000,0,260000
ADANIENT30JAN20210CE.NFO,07/01/2020,09:31:26,6.1,6.1,8000,6.25,4000,0,260000
ADANIENT30JAN20210CE.NFO,07/01/2020,09:31:31,6.1,6.1,8000,6.25,8000,0,260000
ADANIENT30JAN20210CE.NFO,07/01/2020,09:31:47,6.1,6.05,4000,6.2,8000,0,260000
ADANIENT30JAN20210CE.NFO,07/01/2020,09:31:52,6.1,6.05,20000,6.25,8000,0,260000
ADANIENT30JAN20210CE.NFO,07/01/2020,09:32:01,6.1,6.05,20000,6.25,4000,0,260000
ADANIENT30JAN20210CE.NFO,07/01/2020,09:32:06,6.1,6.05,20000,6.25,8000,0,260000
ADANIENT30JAN20210CE.NFO,07/01/2020,09:32:12,6.1,6.05,4000,6.25,16000,0,260000
ADANIENT30JAN20210CE.NFO,07/01/2020,09:32:17,6.1,6.1,4000,6.25,4000,0,260000
ADANIENT30JAN20210CE.NFO,07/01/2020,09:32:30,6.1,6.1,4000,6.3,12000,0,260000
ADANIENT30JAN20210CE.NFO,07/01/2020,09:32:35,6.1,6.1,4000,6.25,12000,0,260000
ADANIENT30JAN20210CE.NFO,07/01/2020,09:32:53,6.1,6.1,4000,6.25,16000,0,260000
ADANIENT30JAN20210CE.NFO,07/01/2020,09:32:58,6.1,6.1,4000,6.25,12000,0,260000
ADANIENT30JAN20210CE.NFO,07/01/2020,09:33:21,6.1,6.15,4000,6.25,8000,0,260000
ADANIENT30JAN20210CE.NFO,07/01/2020,09:33:37,6.1,6.15,4000,6.25,4000,0,260000
ADANIENT30JAN20210CE.NFO,07/01/2020,09:33:53,6.1,6.15,4000,6.3,8000,0,260000
ADANIENT30JAN20210CE.NFO,07/01/2020,09:34:03,6.1,6.15,4000,6.25,4000,0,260000
ADANIENT30JAN20210CE.NFO,07/01/2020,09:34:08,6.1,6.1,4000,6.2,4000,0,260000
ADANIENT30JAN20210CE.NFO,07/01/2020,09:34:14,6.1,6.1,4000,6.25,8000,0,260000
ADANIENT30JAN20210CE.NFO,07/01/2020,09:34:24,6.1,6.05,4000,6.2,4000,0,260000
ADANIENT30JAN20210CE.NFO,07/01/2020,09:34:34,6.1,6,4000,6.15,8000,0,260000
ADANIENT30JAN20210CE.NFO,07/01/2020,09:34:39,6.1,6,4000,6.15,12000,0,260000
ADANIENT30JAN20210CE.NFO,07/01/2020,09:34:54,6.1,6,4000,6.15,4000,0,260000
ADANIENT30JAN20210CE.NFO,07/01/2020,09:34:59,6.1,6,4000,6.2,16000,0,260000
ADANIENT30JAN20210CE.NFO,07/01/2020,09:35:04,6.1,6.05,8000,6.25,8000,0,260000
ADANIENT30JAN20210CE.NFO,07/01/2020,09:35:19,6.1,6.05,8000,6.2,4000,0,260000
ADANIENT30JAN20210CE.NFO,07/01/2020,09:35:29,6.1,6.05,4000,6.2,16000,0,260000
ADANIENT30JAN20210CE.NFO,07/01/2020,09:35:35,6.1,6,4000,6.15,12000,0,260000
ADANIENT30JAN20210CE.NFO,07/01/2020,09:35:41,6.1,5.9,4000,6.1,20000,0,260000
ADANIENT30JAN20210CE.NFO,07/01/2020,09:35:55,6.1,6.05,4000,6.15,4000,0,260000
ADANIENT30JAN20210CE.NFO,07/01/2020,09:36:02,6.1,6,4000,6.15,4000,0,260000
ADANIENT30JAN20210CE.NFO,07/01/2020,09:36:07,6.1,6.05,4000,6.2,16000,0,260000
ADANIENT30JAN20210CE.NFO,07/01/2020,09:36:50,6.1,6,4000,6.2,12000,0,260000
ADANIENT30JAN20210CE.NFO,07/01/2020,09:37:05,6.1,6.05,4000,6.2,16000,0,260000
ADANIENT30JAN20210CE.NFO,07/01/2020,09:37:10,6.1,6,4000,6.15,16000,0,260000
ADANIENT30JAN20210CE.NFO,07/01/2020,09:38:03,6.1,6,12000,6.2,16000,0,260000
ADANIENT30JAN20210CE.NFO,07/01/2020,09:38:08,6.1,6,16000,6.25,16000,0,260000
ADANIENT30JAN20210CE.NFO,07/01/2020,09:38:12,6.1,6.05,4000,6.2,12000,0,260000
ADANIENT30JAN20210CE.NFO,07/01/2020,09:38:22,6.1,6.05,4000,6.2,8000,0,260000
ADANIENT30JAN20210CE.NFO,07/01/2020,09:38:27,6.1,6.05,4000,6.2,12000,0,260000
ADANIENT30JAN20210CE.NFO,07/01/2020,09:38:46,6.1,6,8000,6.2,16000,0,260000
ADANIENT30JAN20210CE.NFO,07/01/2020,09:38:51,6.1,6.05,4000,6.2,12000,0,260000
ADANIENT30JAN20210CE.NFO,07/01/2020,09:38:55,6.1,6,8000,6.2,12000,0,260000
ADANIENT30JAN20210CE.NFO,07/01/2020,09:39:25,6.1,6.05,20000,6.3,16000,0,260000
ADANIENT30JAN20210CE.NFO,07/01/2020,09:39:36,6.1,6,8000,6.2,4000,0,260000
ADANIENT30JAN20210CE.NFO,07/01/2020,09:39:40,6.1,6.05,4000,6.2,8000,0,260000
ADANIENT30JAN20210CE.NFO,07/01/2020,09:39:54,6.1,6,8000,6.2,12000,0,260000
ADANIENT30JAN20210CE.NFO,07/01/2020,09:39:58,6.1,6.05,4000,6.2,16000,0,260000
ADANIENT30JAN20210CE.NFO,07/01/2020,09:40:04,6.1,6.05,8000,6.2,4000,0,260000
ADANIENT30JAN20210CE.NFO,07/01/2020,09:40:21,6.1,6.05,4000,6.2,16000,0,260000
ADANIENT30JAN20210CE.NFO,07/01/2020,09:40:31,6.1,6,8000,6.15,8000,0,260000
ADANIENT30JAN20210CE.NFO,07/01/2020,09:40:37,6.1,6,4000,6.15,16000,0,260000
ADANIENT30JAN20210CE.NFO,07/01/2020,09:40:47,6.1,6.05,4000,6.2,16000,0,260000
ADANIENT30JAN20210CE.NFO,07/01/2020,09:40:56,6.1,6.05,8000,6.2,4000,0,260000
ADANIENT30JAN20210CE.NFO,07/01/2020,09:42:02,6.1,6,8000,6.15,12000,0,260000
ADANIENT30JAN20210CE.NFO,07/01/2020,09:42:08,6.1,6,8000,6.1,4000,0,260000
ADANIENT30JAN20210CE.NFO,07/01/2020,09:42:22,6.1,6,4000,6.1,4000,0,260000
ADANIENT30JAN20210CE.NFO,07/01/2020,09:42:29,6.1,6,8000,6.15,12000,0,260000
ADANIENT30JAN20210CE.NFO,07/01/2020,09:42:36,6.1,6,12000,6.15,16000,0,260000
ADANIENT30JAN20210CE.NFO,07/01/2020,09:42:49,6.1,6,4000,6.15,16000,0,260000
ADANIENT30JAN20210CE.NFO,07/01/2020,09:43:12,6.1,6,4000,6.15,12000,0,260000
ADANIENT30JAN20210CE.NFO,07/01/2020,09:43:23,6.1,6,4000,6.1,8000,0,260000
ADANIENT30JAN20210CE.NFO,07/01/2020,09:43:28,6.1,5.95,8000,6.1,8000,0,260000
ADANIENT30JAN20210CE.NFO,07/01/2020,09:43:33,6.1,5.95,4000,6.1,8000,0,260000
ADANIENT30JAN20210CE.NFO,07/01/2020,09:43:52,6.1,5.9,8000,6.05,4000,0,260000
ADANIENT30JAN20210CE.NFO,07/01/2020,09:43:57,6.1,5.95,4000,6.1,12000,0,260000
ADANIENT30JAN20210CE.NFO,07/01/2020,09:44:03,6.1,5.95,4000,6.1,8000,0,260000
ADANIENT30JAN20210CE.NFO,07/01/2020,09:44:08,6.1,5.9,12000,6.1,12000,0,260000
ADANIENT30JAN20210CE.NFO,07/01/2020,09:44:14,6.1,5.95,4000,6.1,12000,0,260000
ADANIENT30JAN20210CE.NFO,07/01/2020,09:44:46,6.1,5.9,4000,6,8000,0,260000
ADANIENT30JAN20210CE.NFO,07/01/2020,09:44:57,5.9,5.75,8000,5.95,16000,4000,256000
ADANIENT30JAN20210CE.NFO,07/01/2020,09:44:57,5.9,5.75,8000,5.95,16000,0,256000
ADANIENT30JAN20210CE.NFO,07/01/2020,09:45:03,5.9,5.85,16000,6.1,12000,0,256000
ADANIENT30JAN20210CE.NFO,07/01/2020,09:45:08,5.9,5.95,4000,6.15,16000,0,256000
ADANIENT30JAN20210CE.NFO,07/01/2020,09:45:15,5.9,5.9,4000,6.1,12000,0,256000
ADANIENT30JAN20210CE.NFO,07/01/2020,09:45:21,5.9,5.9,4000,6.1,8000,0,256000
ADANIENT30JAN20210CE.NFO,07/01/2020,09:45:26,5.9,5.95,4000,6.1,4000,0,256000
ADANIENT30JAN20210CE.NFO,07/01/2020,09:45:36,5.9,5.95,4000,6.1,16000,0,256000
ADANIENT30JAN20210CE.NFO,07/01/2020,09:46:04,5.9,5.9,8000,6.1,24000,0,256000
ADANIENT30JAN20210CE.NFO,07/01/2020,09:46:13,5.9,5.9,16000,6.1,12000,0,256000
ADANIENT30JAN20210CE.NFO,07/01/2020,09:46:54,5.9,5.9,8000,6.05,4000,0,256000
ADANIENT30JAN20210CE.NFO,07/01/2020,09:46:58,5.9,5.95,4000,6.1,24000,0,256000
ADANIENT30JAN20210CE.NFO,07/01/2020,09:47:07,5.9,5.95,4000,6.05,4000,0,256000
ADANIENT30JAN20210CE.NFO,07/01/2020,09:47:21,5.9,5.95,4000,6.1,28000,0,256000
ADANIENT30JAN20210CE.NFO,07/01/2020,09:47:42,5.9,5.95,4000,6.1,8000,0,256000
ADANIENT30JAN20210CE.NFO,07/01/2020,09:48:01,5.9,5.95,12000,6.1,8000,0,256000
ADANIENT30JAN20210CE.NFO,07/01/2020,09:48:06,5.9,6,4000,6.1,8000,0,256000
ADANIENT30JAN20210CE.NFO,07/01/2020,09:48:10,5.9,6,4000,6.1,12000,0,256000
ADANIENT30JAN20210CE.NFO,07/01/2020,09:48:14,5.9,6.05,4000,6.1,8000,0,256000
ADANIENT30JAN20210CE.NFO,07/01/2020,09:48:18,5.9,6,4000,6.1,8000,0,256000
ADANIENT30JAN20210CE.NFO,07/01/2020,09:48:26,5.9,6.05,4000,6.1,8000,0,256000
ADANIENT30JAN20210CE.NFO,07/01/2020,09:48:51,5.9,6,4000,6.1,8000,0,256000
ADANIENT30JAN20210CE.NFO,07/01/2020,09:49:20,5.9,6.05,4000,6.1,8000,0,256000
ADANIENT30JAN20210CE.NFO,07/01/2020,09:49:30,5.9,6,4000,6.1,12000,0,256000
ADANIENT30JAN20210CE.NFO,07/01/2020,09:49:36,5.9,6,4000,6.1,8000,0,256000
ADANIENT30JAN20210CE.NFO,07/01/2020,09:49:41,5.9,6,8000,6.1,8000,0,256000
ADANIENT30JAN20210CE.NFO,07/01/2020,09:49:46,5.9,6,4000,6.1,8000,0,256000
ADANIENT30JAN20210CE.NFO,07/01/2020,09:49:56,5.9,6.05,4000,6.1,8000,0,256000
ADANIENT30JAN20210CE.NFO,07/01/2020,09:50:06,5.9,6,4000,6.1,8000,0,256000
ADANIENT30JAN20210CE.NFO,07/01/2020,09:50:18,5.9,6,4000,6.1,12000,0,256000
ADANIENT30JAN20210CE.NFO,07/01/2020,09:50:22,5.9,6,4000,6.1,8000,0,256000
ADANIENT30JAN20210CE.NFO,07/01/2020,09:50:35,5.9,6,4000,6.1,16000,0,256000
ADANIENT30JAN20210CE.NFO,07/01/2020,09:50:50,5.9,5.95,4000,6.05,4000,0,256000
ADANIENT30JAN20210CE.NFO,07/01/2020,09:51:07,5.9,5.9,8000,6.05,8000,0,256000
ADANIENT30JAN20210CE.NFO,07/01/2020,09:51:12,5.9,5.9,8000,6,4000,0,256000
ADANIENT30JAN20210CE.NFO,07/01/2020,09:51:17,5.9,5.9,12000,6.05,8000,0,256000
ADANIENT30JAN20210CE.NFO,07/01/2020,09:51:25,5.9,5.95,4000,6.05,4000,0,256000
ADANIENT30JAN20210CE.NFO,07/01/2020,09:51:30,5.9,6.05,4000,6.1,8000,0,256000
ADANIENT30JAN20210CE.NFO,07/01/2020,09:51:42,5.9,6.05,8000,6.1,8000,0,256000
ADANIENT30JAN20210CE.NFO,07/01/2020,09:51:46,5.9,6.05,16000,6.1,8000,0,256000
ADANIENT30JAN20210CE.NFO,07/01/2020,09:51:54,6.1,6.05,12000,6.2,8000,8000,260000
ADANIENT30JAN20210CE.NFO,07/01/2020,09:52:01,6.1,6.05,12000,6.2,8000,0,260000
ADANIENT30JAN20210CE.NFO,07/01/2020,09:52:05,6.1,6.05,4000,6.2,8000,0,260000
ADANIENT30JAN20210CE.NFO,07/01/2020,09:52:10,6.1,6.05,12000,6.15,4000,0,260000
ADANIENT30JAN20210CE.NFO,07/01/2020,09:52:23,6.1,6.05,4000,6.2,8000,0,260000
ADANIENT30JAN20210CE.NFO,07/01/2020,09:52:29,6.1,6.05,4000,6.15,4000,0,260000
ADANIENT30JAN20210CE.NFO,07/01/2020,09:52:34,6.1,6.05,4000,6.15,8000,0,260000
ADANIENT30JAN20210CE.NFO,07/01/2020,09:52:38,6.1,6.05,12000,6.2,8000,0,260000
ADANIENT30JAN20210CE.NFO,07/01/2020,09:52:43,6.1,6.1,4000,6.2,8000,0,260000
ADANIENT30JAN20210CE.NFO,07/01/2020,09:52:47,6.1,6.1,4000,6.2,4000,0,260000
ADANIENT30JAN20210CE.NFO,07/01/2020,09:53:03,6.1,6.1,12000,6.2,4000,0,260000
ADANIENT30JAN20210CE.NFO,07/01/2020,09:53:09,6.2,6.2,12000,6.35,4000,4000,260000
ADANIENT30JAN20210CE.NFO,07/01/2020,09:53:09,6.2,6.2,12000,6.35,4000,0,260000
ADANIENT30JAN20210CE.NFO,07/01/2020,09:53:14,6.2,6.3,4000,6.35,4000,0,260000
ADANIENT30JAN20210CE.NFO,07/01/2020,09:53:24,6.3,6.2,4000,6.35,8000,4000,260000
ADANIENT30JAN20210CE.NFO,07/01/2020,09:53:24,6.3,6.2,4000,6.35,8000,0,260000
ADANIENT30JAN20210CE.NFO,07/01/2020,09:53:28,6.3,6.2,4000,6.35,8000,0,260000
ADANIENT30JAN20210CE.NFO,07/01/2020,09:53:37,6.3,6.2,8000,6.35,8000,0,260000
ADANIENT30JAN20210CE.NFO,07/01/2020,09:53:41,6.3,6.2,4000,6.35,8000,0,260000
ADANIENT30JAN20210CE.NFO,07/01/2020,09:53:45,6.3,6.3,4000,6.35,4000,0,260000
ADANIENT30JAN20210CE.NFO,07/01/2020,09:54:04,6.5,6.35,4000,6.5,8000,8000,260000
ADANIENT30JAN20210CE.NFO,07/01/2020,09:54:04,6.5,6.35,4000,6.5,8000,0,260000
ADANIENT30JAN20210CE.NFO,07/01/2020,09:54:09,6.5,6.35,4000,6.55,4000,0,260000
ADANIENT30JAN20210CE.NFO,07/01/2020,09:54:14,6.5,6.35,4000,6.55,8000,0,260000
ADANIENT30JAN20210CE.NFO,07/01/2020,09:54:19,6.5,6.35,4000,6.55,4000,0,260000
ADANIENT30JAN20210CE.NFO,07/01/2020,09:54:23,6.5,6.4,4000,6.55,4000,0,260000
ADANIENT30JAN20210CE.NFO,07/01/2020,09:54:33,6.5,6.35,8000,6.5,4000,0,260000
ADANIENT30JAN20210CE.NFO,07/01/2020,09:54:37,6.5,6.4,4000,6.5,4000,0,260000
ADANIENT30JAN20210CE.NFO,07/01/2020,09:54:46,6.5,6.5,4000,6.6,4000,0,260000
ADANIENT30JAN20210CE.NFO,07/01/2020,09:54:54,6.5,6.5,4000,6.55,4000,0,260000
ADANIENT30JAN20210CE.NFO,07/01/2020,09:54:58,6.5,6.5,4000,6.65,4000,0,260000
ADANIENT30JAN20210CE.NFO,07/01/2020,09:55:08,6.5,6.5,4000,6.6,4000,0,260000
ADANIENT30JAN20210CE.NFO,07/01/2020,09:55:13,6.5,6.5,4000,6.65,16000,0,260000
ADANIENT30JAN20210CE.NFO,07/01/2020,09:55:18,6.5,6.45,4000,6.6,4000,4000,260000
ADANIENT30JAN20210CE.NFO,07/01/2020,09:55:22,6.5,6.45,4000,6.6,4000,0,260000
ADANIENT30JAN20210CE.NFO,07/01/2020,09:55:27,6.5,6.4,4000,6.5,16000,0,260000
ADANIENT30JAN20210CE.NFO,07/01/2020,09:55:31,6.5,6.4,4000,6.5,8000,0,260000
ADANIENT30JAN20210CE.NFO,07/01/2020,09:55:39,6.5,6.4,4000,6.55,12000,0,260000
ADANIENT30JAN20210CE.NFO,07/01/2020,09:55:44,6.5,6.4,4000,6.55,8000,0,260000
ADANIENT30JAN20210CE.NFO,07/01/2020,09:55:52,6.5,6.35,4000,6.5,8000,4000,260000
ADANIENT30JAN20210CE.NFO,07/01/2020,09:55:55,6.5,6.45,8000,6.5,12000,0,260000
ADANIENT30JAN20210CE.NFO,07/01/2020,09:56:07,6.5,6.45,8000,6.5,16000,0,260000
ADANIENT30JAN20210CE.NFO,07/01/2020,09:56:12,6.5,6.4,8000,6.5,16000,0,260000
ADANIENT30JAN20210CE.NFO,07/01/2020,09:56:32,6.5,6.4,8000,6.45,4000,0,260000
ADANIENT30JAN20210CE.NFO,07/01/2020,09:56:40,6.5,6.4,8000,6.5,16000,0,260000
ADANIENT30JAN20210CE.NFO,07/01/2020,09:56:53,6.5,6.4,8000,6.45,8000,0,260000
ADANIENT30JAN20210CE.NFO,07/01/2020,09:56:57,6.5,6.4,8000,6.45,4000,0,260000
ADANIENT30JAN20210CE.NFO,07/01/2020,09:57:06,6.5,6.4,8000,6.45,8000,0,260000
ADANIENT30JAN20210CE.NFO,07/01/2020,09:57:15,6.5,6.35,4000,6.45,8000,0,260000
ADANIENT30JAN20210CE.NFO,07/01/2020,09:57:20,6.5,6.35,4000,6.4,4000,0,260000
ADANIENT30JAN20210CE.NFO,07/01/2020,09:57:24,6.5,6.3,12000,6.45,8000,0,260000
ADANIENT30JAN20210CE.NFO,07/01/2020,09:57:31,6.5,6.35,4000,6.45,12000,0,260000
ADANIENT30JAN20210CE.NFO,07/01/2020,09:57:34,6.5,6.3,12000,6.45,8000,0,260000
ADANIENT30JAN20210CE.NFO,07/01/2020,09:57:36,6.5,6.35,4000,6.45,8000,0,260000
ADANIENT30JAN20210CE.NFO,07/01/2020,09:57:44,6.5,6.4,8000,6.45,8000,0,260000
ADANIENT30JAN20210CE.NFO,07/01/2020,09:57:50,6.5,6.4,8000,6.45,12000,0,260000
ADANIENT30JAN20210CE.NFO,07/01/2020,09:58:02,6.4,6.4,4000,6.45,12000,4000,264000
ADANIENT30JAN20210CE.NFO,07/01/2020,09:58:06,6.4,6.3,4000,6.45,8000,4000,264000
ADANIENT30JAN20210CE.NFO,07/01/2020,09:58:10,6.4,6.3,4000,6.45,8000,0,264000
ADANIENT30JAN20210CE.NFO,07/01/2020,09:58:43,6.3,6.25,8000,6.45,8000,4000,264000
ADANIENT30JAN20210CE.NFO,07/01/2020,09:58:48,6.3,6.25,4000,6.4,4000,0,264000
ADANIENT30JAN20210CE.NFO,07/01/2020,09:58:54,6.3,6.25,4000,6.4,8000,0,264000
ADANIENT30JAN20210CE.NFO,07/01/2020,09:59:04,6.3,6.25,4000,6.45,16000,0,264000
ADANIENT30JAN20210CE.NFO,07/01/2020,09:59:09,6.3,6.25,8000,6.45,8000,0,264000
ADANIENT30JAN20210CE.NFO,07/01/2020,09:59:14,6.3,6.25,8000,6.45,12000,0,264000
ADANIENT30JAN20210CE.NFO,07/01/2020,09:59:18,6.3,6.25,4000,6.4,8000,0,264000
ADANIENT30JAN20210CE.NFO,07/01/2020,09:59:27,6.3,6.25,4000,6.4,16000,0,264000
ADANIENT30JAN20210CE.NFO,07/01/2020,09:59:47,6.3,6.25,4000,6.4,12000,0,264000
ADANIENT30JAN20210CE.NFO,07/01/2020,09:59:54,6.3,6.25,4000,6.4,16000,0,264000
ADANIENT30JAN20210CE.NFO,07/01/2020,10:00:08,6.3,6.2,4000,6.4,16000,0,264000
ADANIENT30JAN20210CE.NFO,07/01/2020,10:00:22,6.3,6.15,12000,6.35,8000,0,264000
ADANIENT30JAN20210CE.NFO,07/01/2020,10:00:31,6.3,6.15,4000,6.35,12000,0,264000
ADANIENT30JAN20210CE.NFO,07/01/2020,10:00:45,6.3,6.1,8000,6.3,12000,0,264000
ADANIENT30JAN20210CE.NFO,07/01/2020,10:00:58,6.3,6.1,8000,6.3,8000,0,264000
ADANIENT30JAN20210CE.NFO,07/01/2020,10:01:03,6.3,6.1,8000,6.25,4000,0,264000
ADANIENT30JAN20210CE.NFO,07/01/2020,10:01:09,6.3,6.05,4000,6.25,8000,0,264000
ADANIENT30JAN20210CE.NFO,07/01/2020,10:01:15,6.3,6,4000,6.2,8000,0,264000
ADANIENT30JAN20210CE.NFO,07/01/2020,10:01:27,6.3,6,4000,6.15,4000,0,264000
ADANIENT30JAN20210CE.NFO,07/01/2020,10:01:33,6.3,6,4000,6.2,8000,0,264000
ADANIENT30JAN20210CE.NFO,07/01/2020,10:01:45,6.3,6,4000,6.2,4000,0,264000
ADANIENT30JAN20210CE.NFO,07/01/2020,10:01:51,6.3,6.05,12000,6.25,8000,0,264000
ADANIENT30JAN20210CE.NFO,07/01/2020,10:01:55,6.3,6.05,4000,6.2,4000,0,264000
ADANIENT30JAN20210CE.NFO,07/01/2020,10:02:06,6.3,6.05,4000,6.2,8000,0,264000
ADANIENT30JAN20210CE.NFO,07/01/2020,10:02:17,6.3,6.05,12000,6.25,12000,0,264000
ADANIENT30JAN20210CE.NFO,07/01/2020,10:02:23,6.3,6.1,8000,6.2,4000,0,264000
ADANIENT30JAN20210CE.NFO,07/01/2020,10:02:33,6.3,6.05,8000,6.2,4000,0,264000
ADANIENT30JAN20210CE.NFO,07/01/2020,10:02:38,6.3,6.1,4000,6.25,8000,0,264000
ADANIENT30JAN20210CE.NFO,07/01/2020,10:02:43,6.3,6.05,8000,6.2,4000,0,264000
ADANIENT30JAN20210CE.NFO,07/01/2020,10:02:51,6.3,6.05,8000,6.2,8000,0,264000
ADANIENT30JAN20210CE.NFO,07/01/2020,10:02:55,6.3,6.1,4000,6.2,4000,0,264000
ADANIENT30JAN20210CE.NFO,07/01/2020,10:03:13,6.3,6.1,8000,6.2,4000,0,264000
ADANIENT30JAN20210CE.NFO,07/01/2020,10:03:27,6.3,6.1,4000,6.2,12000,0,264000
ADANIENT30JAN20210CE.NFO,07/01/2020,10:03:37,6.3,6.05,8000,6.2,8000,0,264000
ADANIENT30JAN20210CE.NFO,07/01/2020,10:03:47,6.3,6.1,4000,6.2,12000,0,264000
ADANIENT30JAN20210CE.NFO,07/01/2020,10:03:56,6.2,6.1,4000,6.25,4000,40000,264000
ADANIENT30JAN20210CE.NFO,07/01/2020,10:04:01,6.2,6.1,4000,6.25,4000,0,264000
ADANIENT30JAN20210CE.NFO,07/01/2020,10:04:19,6.2,6.05,12000,6.3,12000,0,264000
ADANIENT30JAN20210CE.NFO,07/01/2020,10:04:27,6.2,6.1,4000,6.25,4000,0,264000
ADANIENT30JAN20210CE.NFO,07/01/2020,10:04:32,6.2,6.1,4000,6.3,8000,0,264000
ADANIENT30JAN20210CE.NFO,07/01/2020,10:04:37,6.2,6.1,4000,6.3,4000,0,264000
ADANIENT30JAN20210CE.NFO,07/01/2020,10:04:45,6.2,6.1,8000,6.3,4000,0,264000
ADANIENT30JAN20210CE.NFO,07/01/2020,10:04:57,6.2,6.15,4000,6.3,4000,0,264000
ADANIENT30JAN20210CE.NFO,07/01/2020,10:05:05,6.2,6.15,4000,6.35,4000,0,264000
ADANIENT30JAN20210CE.NFO,07/01/2020,10:05:09,6.2,6.2,20000,6.4,8000,0,264000
ADANIENT30JAN20210CE.NFO,07/01/2020,10:05:13,6.2,6.2,8000,6.4,8000,0,264000
ADANIENT30JAN20210CE.NFO,07/01/2020,10:05:17,6.2,6.3,8000,6.4,8000,0,264000
ADANIENT30JAN20210CE.NFO,07/01/2020,10:05:20,6.2,6.3,8000,6.4,12000,0,264000
ADANIENT30JAN20210CE.NFO,07/01/2020,10:05:23,6.4,6.4,28000,6.6,4000,12000,264000
ADANIENT30JAN20210CE.NFO,07/01/2020,10:05:26,6.4,6.4,28000,6.6,4000,0,264000
ADANIENT30JAN20210CE.NFO,07/01/2020,10:05:36,6.4,6.4,28000,6.55,4000,0,264000
ADANIENT30JAN20210CE.NFO,07/01/2020,10:05:48,6.55,6.55,16000,6.65,4000,8000,264000
ADANIENT30JAN20210CE.NFO,07/01/2020,10:05:48,6.55,6.55,16000,6.65,4000,0,264000
ADANIENT30JAN20210CE.NFO,07/01/2020,10:05:53,6.55,6.55,16000,6.65,4000,0,264000
ADANIENT30JAN20210CE.NFO,07/01/2020,10:05:58,6.55,6.55,12000,6.65,4000,4000,264000
ADANIENT30JAN20210CE.NFO,07/01/2020,10:06:03,6.55,6.6,4000,6.7,4000,0,264000
ADANIENT30JAN20210CE.NFO,07/01/2020,10:06:25,6.55,6.55,4000,6.65,4000,0,264000
ADANIENT30JAN20210CE.NFO,07/01/2020,10:06:41,6.55,6.5,4000,6.6,4000,0,264000
ADANIENT30JAN20210CE.NFO,07/01/2020,10:07:01,6.55,6.55,4000,6.6,4000,0,264000
ADANIENT30JAN20210CE.NFO,07/01/2020,10:07:07,6.55,6.5,4000,6.75,8000,4000,264000
ADANIENT30JAN20210CE.NFO,07/01/2020,10:07:12,6.55,6.55,4000,6.75,8000,0,264000
ADANIENT30JAN20210CE.NFO,07/01/2020,10:07:17,6.55,6.5,4000,6.75,8000,0,264000
ADANIENT30JAN20210CE.NFO,07/01/2020,10:07:33,6.55,6.5,4000,6.75,4000,0,264000
ADANIENT30JAN20210CE.NFO,07/01/2020,10:07:38,6.55,6.55,4000,6.8,8000,0,264000
ADANIENT30JAN20210CE.NFO,07/01/2020,10:07:48,6.55,6.5,4000,6.7,4000,0,264000
ADANIENT30JAN20210CE.NFO,07/01/2020,10:08:03,6.55,6.45,4000,6.7,8000,0,264000
ADANIENT30JAN20210CE.NFO,07/01/2020,10:08:37,6.55,6.5,4000,6.75,8000,4000,280000
ADANIENT30JAN20210CE.NFO,07/01/2020,10:08:42,6.55,6.5,4000,6.75,8000,0,280000
ADANIENT30JAN20210CE.NFO,07/01/2020,10:08:46,6.55,6.5,4000,6.65,4000,0,280000
ADANIENT30JAN20210CE.NFO,07/01/2020,10:08:54,6.55,6.55,4000,6.75,4000,0,280000
ADANIENT30JAN20210CE.NFO,07/01/2020,10:09:30,6.55,6.5,4000,6.75,4000,0,280000
ADANIENT30JAN20210CE.NFO,07/01/2020,10:09:35,6.55,6.5,4000,6.7,4000,0,280000
ADANIENT30JAN20210CE.NFO,07/01/2020,10:09:39,6.55,6.5,4000,6.7,8000,0,280000
ADANIENT30JAN20210CE.NFO,07/01/2020,10:09:43,6.55,6.55,8000,6.75,4000,0,280000
ADANIENT30JAN20210CE.NFO,07/01/2020,10:10:07,6.55,6.65,8000,6.85,8000,0,280000
ADANIENT30JAN20210CE.NFO,07/01/2020,10:10:13,6.55,6.6,4000,6.8,12000,0,280000
ADANIENT30JAN20210CE.NFO,07/01/2020,10:10:18,6.55,6.55,8000,6.75,4000,0,280000
ADANIENT30JAN20210CE.NFO,07/01/2020,10:10:22,6.55,6.55,4000,6.75,4000,0,280000
ADANIENT30JAN20210CE.NFO,07/01/2020,10:10:26,6.55,6.6,4000,6.75,4000,0,280000
ADANIENT30JAN20210CE.NFO,07/01/2020,10:10:34,6.55,6.6,12000,6.8,4000,0,280000
ADANIENT30JAN20210CE.NFO,07/01/2020,10:10:39,6.55,6.6,8000,6.8,4000,0,280000
ADANIENT30JAN20210CE.NFO,07/01/2020,10:10:42,6.55,6.6,8000,6.8,8000,0,280000
ADANIENT30JAN20210CE.NFO,07/01/2020,10:10:49,6.55,6.6,8000,6.8,4000,0,280000
ADANIENT30JAN20210CE.NFO,07/01/2020,10:10:52,6.55,6.6,8000,6.8,8000,0,280000
ADANIENT30JAN20210CE.NFO,07/01/2020,10:11:02,6.55,6.6,4000,6.8,8000,0,280000
ADANIENT30JAN20210CE.NFO,07/01/2020,10:11:14,6.55,6.55,8000,6.75,4000,0,280000
ADANIENT30JAN20210CE.NFO,07/01/2020,10:11:22,6.55,6.55,8000,6.75,8000,0,280000
ADANIENT30JAN20210CE.NFO,07/01/2020,10:11:38,6.55,6.6,4000,6.8,8000,0,280000
ADANIENT30JAN20210CE.NFO,07/01/2020,10:11:42,6.55,6.6,16000,6.8,4000,0,280000
ADANIENT30JAN20210CE.NFO,07/01/2020,10:11:50,6.55,6.6,12000,6.8,4000,0,280000
ADANIENT30JAN20210CE.NFO,07/01/2020,10:11:54,6.55,6.6,4000,6.8,8000,0,280000
ADANIENT30JAN20210CE.NFO,07/01/2020,10:12:02,6.55,6.55,12000,6.75,4000,0,280000
ADANIENT30JAN20210CE.NFO,07/01/2020,10:12:10,6.55,6.55,12000,6.8,8000,0,280000
ADANIENT30JAN20210CE.NFO,07/01/2020,10:12:22,6.55,6.55,12000,6.75,4000,0,280000
ADANIENT30JAN20210CE.NFO,07/01/2020,10:12:27,6.55,6.55,12000,6.8,8000,0,280000
ADANIENT30JAN20210CE.NFO,07/01/2020,10:12:31,6.55,6.6,4000,6.8,8000,0,280000
ADANIENT30JAN20210CE.NFO,07/01/2020,10:12:40,6.55,6.55,4000,6.75,8000,0,280000
ADANIENT30JAN20210CE.NFO,07/01/2020,10:13:12,6.55,6.55,12000,6.75,4000,0,280000
ADANIENT30JAN20210CE.NFO,07/01/2020,10:13:16,6.55,6.55,4000,6.75,8000,0,280000
ADANIENT30JAN20210CE.NFO,07/01/2020,10:13:21,6.55,6.55,16000,6.75,4000,0,280000
ADANIENT30JAN20210CE.NFO,07/01/2020,10:13:25,6.55,6.55,4000,6.75,4000,0,280000
ADANIENT30JAN20210CE.NFO,07/01/2020,10:13:35,6.55,6.55,8000,6.75,4000,0,280000
ADANIENT30JAN20210CE.NFO,07/01/2020,10:13:51,6.55,6.55,16000,6.8,8000,0,280000
ADANIENT30JAN20210CE.NFO,07/01/2020,10:13:56,6.55,6.55,12000,6.75,4000,0,280000
ADANIENT30JAN20210CE.NFO,07/01/2020,10:14:16,6.55,6.6,12000,6.8,4000,0,280000
ADANIENT30JAN20210CE.NFO,07/01/2020,10:14:22,6.55,6.6,12000,6.85,16000,0,280000
ADANIENT30JAN20210CE.NFO,07/01/2020,10:14:32,6.55,6.6,8000,6.8,8000,0,280000
ADANIENT30JAN20210CE.NFO,07/01/2020,10:14:36,6.55,6.6,4000,6.8,8000,0,280000
ADANIENT30JAN20210CE.NFO,07/01/2020,10:14:46,6.55,6.6,4000,6.8,4000,0,280000
ADANIENT30JAN20210CE.NFO,07/01/2020,10:14:51,6.55,6.6,4000,6.8,12000,0,280000
ADANIENT30JAN20210CE.NFO,07/01/2020,10:14:55,6.55,6.6,8000,6.8,12000,0,280000
ADANIENT30JAN20210CE.NFO,07/01/2020,10:15:05,6.55,6.6,8000,6.8,8000,0,280000
ADANIENT30JAN20210CE.NFO,07/01/2020,10:15:10,6.55,6.55,12000,6.8,8000,0,280000
ADANIENT30JAN20210CE.NFO,07/01/2020,10:15:15,6.55,6.6,4000,6.8,8000,0,280000
ADANIENT30JAN20210CE.NFO,07/01/2020,10:15:20,6.55,6.6,12000,6.8,4000,0,280000
ADANIENT30JAN20210CE.NFO,07/01/2020,10:15:26,6.55,6.6,4000,6.8,8000,0,280000
ADANIENT30JAN20210CE.NFO,07/01/2020,10:15:51,6.55,6.55,4000,6.75,12000,0,280000
ADANIENT30JAN20210CE.NFO,07/01/2020,10:15:56,6.55,6.55,4000,6.75,4000,0,280000
ADANIENT30JAN20210CE.NFO,07/01/2020,10:16:01,6.55,6.55,4000,6.75,8000,0,280000
ADANIENT30JAN20210CE.NFO,07/01/2020,10:16:30,6.55,6.55,4000,6.75,4000,0,280000
ADANIENT30JAN20210CE.NFO,07/01/2020,10:16:35,6.55,6.55,8000,6.75,8000,0,280000
ADANIENT30JAN20210CE.NFO,07/01/2020,10:16:52,6.55,6.55,8000,6.75,4000,0,280000
ADANIENT30JAN20210CE.NFO,07/01/2020,10:17:00,6.55,6.55,16000,6.75,4000,0,280000
ADANIENT30JAN20210CE.NFO,07/01/2020,10:17:11,6.55,6.5,12000,6.75,8000,0,280000
ADANIENT30JAN20210CE.NFO,07/01/2020,10:17:19,6.55,6.55,4000,6.75,8000,0,280000
ADANIENT30JAN20210CE.NFO,07/01/2020,10:17:32,6.55,6.5,16000,6.75,8000,0,280000
ADANIENT30JAN20210CE.NFO,07/01/2020,10:17:40,6.55,6.5,16000,6.75,12000,0,280000
ADANIENT30JAN20210CE.NFO,07/01/2020,10:18:11,6.55,6.55,12000,6.8,8000,0,280000
ADANIENT30JAN20210CE.NFO,07/01/2020,10:18:19,6.55,6.55,4000,6.75,8000,0,280000
ADANIENT30JAN20210CE.NFO,07/01/2020,10:18:32,6.55,6.55,4000,6.75,4000,0,280000
ADANIENT30JAN20210CE.NFO,07/01/2020,10:18:36,6.55,6.55,8000,6.75,4000,0,280000
ADANIENT30JAN20210CE.NFO,07/01/2020,10:18:46,6.55,6.55,12000,6.75,4000,0,280000
ADANIENT30JAN20210CE.NFO,07/01/2020,10:18:56,6.55,6.55,4000,6.7,4000,0,280000
ADANIENT30JAN20210CE.NFO,07/01/2020,10:19:01,6.55,6.55,4000,6.75,12000,0,280000
ADANIENT30JAN20210CE.NFO,07/01/2020,10:19:28,6.55,6.55,8000,6.75,4000,0,280000
ADANIENT30JAN20210CE.NFO,07/01/2020,10:19:56,6.55,6.55,8000,6.75,8000,0,280000
ADANIENT30JAN20210CE.NFO,07/01/2020,10:20:04,6.55,6.55,4000,6.75,8000,0,280000
ADANIENT30JAN20210CE.NFO,07/01/2020,10:20:18,6.55,6.55,8000,6.75,8000,0,280000
ADANIENT30JAN20210CE.NFO,07/01/2020,10:20:29,6.55,6.55,4000,6.75,8000,0,280000
ADANIENT30JAN20210CE.NFO,07/01/2020,10:20:34,6.55,6.55,4000,6.75,12000,0,280000
ADANIENT30JAN20210CE.NFO,07/01/2020,10:20:37,6.55,6.55,4000,6.7,4000,0,280000
ADANIENT30JAN20210CE.NFO,07/01/2020,10:20:50,6.55,6.5,12000,6.7,8000,0,280000
ADANIENT30JAN20210CE.NFO,07/01/2020,10:20:57,6.55,6.45,4000,6.65,8000,0,280000
ADANIENT30JAN20210CE.NFO,07/01/2020,10:21:08,6.55,6.45,8000,6.65,8000,0,280000
ADANIENT30JAN20210CE.NFO,07/01/2020,10:21:11,6.55,6.45,12000,6.65,8000,0,280000
ADANIENT30JAN20210CE.NFO,07/01/2020,10:21:24,6.55,6.4,12000,6.65,12000,0,280000
ADANIENT30JAN20210CE.NFO,07/01/2020,10:21:31,6.55,6.45,4000,6.65,12000,0,280000
ADANIENT30JAN20210CE.NFO,07/01/2020,10:21:50,6.55,6.45,4000,6.65,8000,0,280000
ADANIENT30JAN20210CE.NFO,07/01/2020,10:21:55,6.55,6.45,4000,6.65,12000,0,280000
ADANIENT30JAN20210CE.NFO,07/01/2020,10:22:08,6.55,6.4,12000,6.6,4000,0,280000
ADANIENT30JAN20210CE.NFO,07/01/2020,10:22:21,6.55,6.4,4000,6.6,8000,0,280000
ADANIENT30JAN20210CE.NFO,07/01/2020,10:22:29,6.55,6.4,4000,6.6,4000,0,280000
ADANIENT30JAN20210CE.NFO,07/01/2020,10:22:33,6.55,6.4,4000,6.6,8000,0,280000
ADANIENT30JAN20210CE.NFO,07/01/2020,10:22:42,6.55,6.35,8000,6.55,4000,0,280000
ADANIENT30JAN20210CE.NFO,07/01/2020,10:22:49,6.55,6.35,4000,6.55,12000,0,280000
ADANIENT30JAN20210CE.NFO,07/01/2020,10:22:54,6.55,6.25,4000,6.45,4000,0,280000
ADANIENT30JAN20210CE.NFO,07/01/2020,10:23:05,6.55,6.25,8000,6.5,12000,0,280000
ADANIENT30JAN20210CE.NFO,07/01/2020,10:23:10,6.55,6.3,8000,6.55,12000,0,280000
ADANIENT30JAN20210CE.NFO,07/01/2020,10:23:27,6.55,6.25,16000,6.55,12000,0,280000
ADANIENT30JAN20210CE.NFO,07/01/2020,10:23:32,6.55,6.3,4000,6.55,8000,0,280000
ADANIENT30JAN20210CE.NFO,07/01/2020,10:23:37,6.55,6.3,12000,6.55,8000,0,280000
ADANIENT30JAN20210CE.NFO,07/01/2020,10:23:41,6.55,6.3,8000,6.5,4000,0,280000
ADANIENT30JAN20210CE.NFO,07/01/2020,10:23:48,6.55,6.35,4000,6.55,8000,0,280000
ADANIENT30JAN20210CE.NFO,07/01/2020,10:23:53,6.55,6.3,4000,6.55,8000,0,280000
ADANIENT30JAN20210CE.NFO,07/01/2020,10:24:13,6.55,6.3,4000,6.5,4000,0,280000
ADANIENT30JAN20210CE.NFO,07/01/2020,10:24:17,6.55,6.3,4000,6.55,8000,0,280000
ADANIENT30JAN20210CE.NFO,07/01/2020,10:24:25,6.55,6.3,4000,6.55,4000,0,280000
ADANIENT30JAN20210CE.NFO,07/01/2020,10:24:32,6.55,6.3,8000,6.55,4000,0,280000
ADANIENT30JAN20210CE.NFO,07/01/2020,10:24:42,6.55,6.3,8000,6.55,8000,0,280000
ADANIENT30JAN20210CE.NFO,07/01/2020,10:24:55,6.55,6.25,8000,6.5,4000,0,280000
ADANIENT30JAN20210CE.NFO,07/01/2020,10:24:59,6.55,6.35,4000,6.55,4000,0,280000
ADANIENT30JAN20210CE.NFO,07/01/2020,10:25:10,6.55,6.4,4000,6.65,12000,0,280000
ADANIENT30JAN20210CE.NFO,07/01/2020,10:25:14,6.55,6.4,4000,6.65,8000,0,280000
ADANIENT30JAN20210CE.NFO,07/01/2020,10:25:18,6.55,6.45,8000,6.65,4000,0,280000
ADANIENT30JAN20210CE.NFO,07/01/2020,10:25:23,6.55,6.4,4000,6.65,8000,0,280000
ADANIENT30JAN20210CE.NFO,07/01/2020,10:25:28,6.55,6.45,4000,6.65,4000,0,280000
ADANIENT30JAN20210CE.NFO,07/01/2020,10:25:32,6.55,6.35,8000,6.6,8000,0,280000
ADANIENT30JAN20210CE.NFO,07/01/2020,10:25:38,6.55,6.35,16000,6.6,4000,0,280000
ADANIENT30JAN20210CE.NFO,07/01/2020,10:25:44,6.55,6.4,4000,6.6,4000,0,280000
ADANIENT30JAN20210CE.NFO,07/01/2020,10:25:49,6.55,6.4,4000,6.65,12000,0,280000
ADANIENT30JAN20210CE.NFO,07/01/2020,10:25:54,6.55,6.4,8000,6.65,12000,0,280000
ADANIENT30JAN20210CE.NFO,07/01/2020,10:26:02,6.55,6.4,4000,6.65,8000,0,280000
ADANIENT30JAN20210CE.NFO,07/01/2020,10:26:06,6.55,6.4,8000,6.65,8000,0,280000
ADANIENT30JAN20210CE.NFO,07/01/2020,10:26:32,6.55,6.4,8000,6.65,4000,0,280000
ADANIENT30JAN20210CE.NFO,07/01/2020,10:26:42,6.55,6.4,12000,6.65,4000,0,280000
ADANIENT30JAN20210CE.NFO,07/01/2020,10:26:52,6.55,6.4,8000,6.65,4000,0,280000
ADANIENT30JAN20210CE.NFO,07/01/2020,10:26:55,6.55,6.4,4000,6.55,4000,0,280000
ADANIENT30JAN20210CE.NFO,07/01/2020,10:27:02,6.55,6.45,8000,6.65,4000,4000,280000
ADANIENT30JAN20210CE.NFO,07/01/2020,10:27:06,6.55,6.45,12000,6.75,12000,0,276000
ADANIENT30JAN20210CE.NFO,07/01/2020,10:27:17,6.55,6.5,16000,6.75,4000,0,276000
ADANIENT30JAN20210CE.NFO,07/01/2020,10:27:25,6.55,6.6,8000,6.85,12000,0,276000
ADANIENT30JAN20210CE.NFO,07/01/2020,10:27:33,6.55,6.55,8000,6.8,8000,0,276000
ADANIENT30JAN20210CE.NFO,07/01/2020,10:27:36,6.55,6.6,4000,6.8,8000,0,276000
ADANIENT30JAN20210CE.NFO,07/01/2020,10:27:40,6.55,6.6,4000,6.85,12000,0,276000
ADANIENT30JAN20210CE.NFO,07/01/2020,10:27:44,6.55,6.6,16000,6.85,12000,0,276000
ADANIENT30JAN20210CE.NFO,07/01/2020,10:27:47,6.55,6.6,20000,6.85,4000,0,276000
ADANIENT30JAN20210CE.NFO,07/01/2020,10:27:54,6.55,6.6,4000,6.8,4000,0,276000
ADANIENT30JAN20210CE.NFO,07/01/2020,10:27:57,6.55,6.6,8000,6.85,12000,0,276000
ADANIENT30JAN20210CE.NFO,07/01/2020,10:28:00,6.55,6.6,16000,6.8,4000,0,276000
ADANIENT30JAN20210CE.NFO,07/01/2020,10:28:12,6.85,6.65,8000,6.9,8000,4000,276000
ADANIENT30JAN20210CE.NFO,07/01/2020,10:28:12,6.85,6.65,8000,6.9,8000,0,276000
ADANIENT30JAN20210CE.NFO,07/01/2020,10:28:20,6.85,6.6,4000,6.85,8000,0,276000
ADANIENT30JAN20210CE.NFO,07/01/2020,10:28:28,6.85,6.65,4000,6.8,12000,0,276000
ADANIENT30JAN20210CE.NFO,07/01/2020,10:28:32,6.65,6.45,8000,6.7,4000,4000,276000
ADANIENT30JAN20210CE.NFO,07/01/2020,10:28:36,6.65,6.45,8000,6.7,4000,0,276000
ADANIENT30JAN20210CE.NFO,07/01/2020,10:28:40,6.65,6.45,8000,6.7,12000,0,276000
ADANIENT30JAN20210CE.NFO,07/01/2020,10:28:46,6.65,6.45,12000,6.7,12000,0,276000
ADANIENT30JAN20210CE.NFO,07/01/2020,10:28:59,6.65,6.45,8000,6.7,12000,0,276000
ADANIENT30JAN20210CE.NFO,07/01/2020,10:29:04,6.65,6.5,4000,6.7,12000,0,276000
ADANIENT30JAN20210CE.NFO,07/01/2020,10:29:08,6.65,6.45,12000,6.7,8000,0,276000
ADANIENT30JAN20210CE.NFO,07/01/2020,10:29:10,6.65,6.5,4000,6.7,8000,0,276000
ADANIENT30JAN20210CE.NFO,07/01/2020,10:29:14,6.65,6.5,4000,6.7,4000,0,276000
ADANIENT30JAN20210CE.NFO,07/01/2020,10:29:26,6.65,6.45,12000,6.7,12000,0,276000
ADANIENT30JAN20210CE.NFO,07/01/2020,10:29:30,6.65,6.5,4000,6.7,12000,0,276000
ADANIENT30JAN20210CE.NFO,07/01/2020,10:29:37,6.65,6.5,4000,6.7,8000,0,276000
ADANIENT30JAN20210CE.NFO,07/01/2020,10:29:41,6.65,6.5,4000,6.7,4000,0,276000
ADANIENT30JAN20210CE.NFO,07/01/2020,10:29:45,6.65,6.5,8000,6.7,4000,0,276000
ADANIENT30JAN20210CE.NFO,07/01/2020,10:29:48,6.65,6.5,8000,6.7,8000,0,276000
ADANIENT30JAN20210CE.NFO,07/01/2020,10:30:09,6.65,6.5,12000,6.7,8000,0,276000
ADANIENT30JAN20210CE.NFO,07/01/2020,10:30:29,6.65,6.5,12000,6.7,4000,0,276000
ADANIENT30JAN20210CE.NFO,07/01/2020,10:30:32,6.65,6.5,8000,6.7,4000,0,276000
ADANIENT30JAN20210CE.NFO,07/01/2020,10:30:36,6.65,6.5,12000,6.7,4000,0,276000
ADANIENT30JAN20210CE.NFO,07/01/2020,10:30:53,6.65,6.5,4000,6.7,8000,0,276000
ADANIENT30JAN20210CE.NFO,07/01/2020,10:31:04,6.65,6.5,4000,6.65,4000,0,276000
ADANIENT30JAN20210CE.NFO,07/01/2020,10:31:29,6.65,6.5,8000,6.65,4000,0,276000
ADANIENT30JAN20210CE.NFO,07/01/2020,10:32:05,6.65,6.5,8000,6.7,12000,0,276000
ADANIENT30JAN20210CE.NFO,07/01/2020,10:32:13,6.65,6.5,4000,6.7,8000,0,276000
ADANIENT30JAN20210CE.NFO,07/01/2020,10:32:23,6.65,6.5,12000,6.7,8000,0,276000
ADANIENT30JAN20210CE.NFO,07/01/2020,10:32:31,6.65,6.5,4000,6.7,8000,0,276000
ADANIENT30JAN20210CE.NFO,07/01/2020,10:32:43,6.65,6.5,16000,6.7,4000,0,276000
ADANIENT30JAN20210CE.NFO,07/01/2020,10:32:54,6.65,6.5,16000,6.65,4000,0,276000
ADANIENT30JAN20210CE.NFO,07/01/2020,10:33:04,6.65,6.5,12000,6.65,4000,0,276000
ADANIENT30JAN20210CE.NFO,07/01/2020,10:33:10,6.65,6.5,16000,6.65,4000,0,276000
ADANIENT30JAN20210CE.NFO,07/01/2020,10:33:30,6.65,6.55,4000,6.7,8000,0,276000
ADANIENT30JAN20210CE.NFO,07/01/2020,10:33:35,6.65,6.5,16000,6.7,8000,0,276000
ADANIENT30JAN20210CE.NFO,07/01/2020,10:33:47,6.65,6.5,16000,6.65,4000,0,276000
ADANIENT30JAN20210CE.NFO,07/01/2020,10:33:53,6.65,6.55,4000,6.65,4000,0,276000
ADANIENT30JAN20210CE.NFO,07/01/2020,10:34:01,6.65,6.5,16000,6.7,8000,0,276000
ADANIENT30JAN20210CE.NFO,07/01/2020,10:34:22,6.65,6.55,4000,6.7,4000,0,276000
ADANIENT30JAN20210CE.NFO,07/01/2020,10:34:55,6.65,6.6,4000,6.75,4000,0,276000
ADANIENT30JAN20210CE.NFO,07/01/2020,10:34:58,6.65,6.6,16000,6.8,8000,0,276000
ADANIENT30JAN20210CE.NFO,07/01/2020,10:35:00,6.65,6.55,12000,6.75,4000,0,276000
ADANIENT30JAN20210CE.NFO,07/01/2020,10:35:03,6.65,6.6,12000,6.75,4000,0,276000
ADANIENT30JAN20210CE.NFO,07/01/2020,10:35:06,6.65,6.6,8000,6.8,8000,0,276000
ADANIENT30JAN20210CE.NFO,07/01/2020,10:35:08,6.65,6.55,12000,6.75,4000,0,276000
ADANIENT30JAN20210CE.NFO,07/01/2020,10:35:11,6.65,6.6,8000,6.8,8000,0,276000
ADANIENT30JAN20210CE.NFO,07/01/2020,10:35:13,6.65,6.6,8000,6.75,4000,0,276000
ADANIENT30JAN20210CE.NFO,07/01/2020,10:35:19,6.65,6.6,12000,6.8,8000,0,276000
ADANIENT30JAN20210CE.NFO,07/01/2020,10:35:23,6.65,6.6,12000,6.75,4000,0,276000
ADANIENT30JAN20210CE.NFO,07/01/2020,10:35:32,6.65,6.55,8000,6.75,12000,0,276000
ADANIENT30JAN20210CE.NFO,07/01/2020,10:35:35,6.65,6.5,16000,6.75,8000,0,276000
ADANIENT30JAN20210CE.NFO,07/01/2020,10:35:39,6.65,6.55,4000,6.7,4000,0,276000
ADANIENT30JAN20210CE.NFO,07/01/2020,10:35:42,6.65,6.5,16000,6.7,4000,0,276000
ADANIENT30JAN20210CE.NFO,07/01/2020,10:36:19,6.65,6.55,4000,6.7,8000,0,276000
ADANIENT30JAN20210CE.NFO,07/01/2020,10:36:28,6.65,6.5,16000,6.7,4000,0,276000
ADANIENT30JAN20210CE.NFO,07/01/2020,10:36:34,6.65,6.55,4000,6.7,4000,0,276000
ADANIENT30JAN20210CE.NFO,07/01/2020,10:36:39,6.65,6.5,16000,6.75,12000,0,276000
ADANIENT30JAN20210CE.NFO,07/01/2020,10:36:41,6.65,6.55,4000,6.7,4000,0,276000
ADANIENT30JAN20210CE.NFO,07/01/2020,10:36:46,6.65,6.55,16000,6.75,8000,0,276000
ADANIENT30JAN20210CE.NFO,07/01/2020,10:37:02,6.65,6.6,4000,6.75,4000,0,276000
ADANIENT30JAN20210CE.NFO,07/01/2020,10:37:17,6.65,6.55,12000,6.7,4000,0,276000
ADANIENT30JAN20210CE.NFO,07/01/2020,10:37:20,6.65,6.55,12000,6.75,4000,0,276000
ADANIENT30JAN20210CE.NFO,07/01/2020,10:37:40,6.65,6.5,8000,6.7,4000,0,276000
ADANIENT30JAN20210CE.NFO,07/01/2020,10:37:55,6.65,6.55,4000,6.7,4000,0,276000
ADANIENT30JAN20210CE.NFO,07/01/2020,10:38:35,6.7,6.5,16000,6.75,8000,4000,272000
ADANIENT30JAN20210CE.NFO,07/01/2020,10:38:38,6.7,6.5,4000,6.7,4000,0,272000
ADANIENT30JAN20210CE.NFO,07/01/2020,10:38:40,6.7,6.5,16000,6.75,8000,0,272000
ADANIENT30JAN20210CE.NFO,07/01/2020,10:38:42,6.7,6.5,8000,6.7,4000,0,272000
ADANIENT30JAN20210CE.NFO,07/01/2020,10:38:49,6.7,6.5,4000,6.7,4000,0,272000
ADANIENT30JAN20210CE.NFO,07/01/2020,10:38:59,6.7,6.5,4000,6.7,8000,0,272000
ADANIENT30JAN20210CE.NFO,07/01/2020,10:39:03,6.7,6.5,12000,6.75,8000,0,272000
ADANIENT30JAN20210CE.NFO,07/01/2020,10:39:06,6.7,6.5,4000,6.7,8000,0,272000
ADANIENT30JAN20210CE.NFO,07/01/2020,10:39:16,6.7,6.5,4000,6.65,4000,0,272000
ADANIENT30JAN20210CE.NFO,07/01/2020,10:39:21,6.7,6.5,4000,6.7,8000,0,272000
ADANIENT30JAN20210CE.NFO,07/01/2020,10:39:38,6.7,6.5,4000,6.65,8000,0,272000
ADANIENT30JAN20210CE.NFO,07/01/2020,10:39:40,6.7,6.5,4000,6.6,4000,0,272000
ADANIENT30JAN20210CE.NFO,07/01/2020,10:39:49,6.7,6.5,4000,6.55,8000,0,272000
ADANIENT30JAN20210CE.NFO,07/01/2020,10:39:59,6.7,6.5,4000,6.6,8000,0,272000
ADANIENT30JAN20210CE.NFO,07/01/2020,10:40:11,6.6,6.5,8000,6.6,4000,4000,272000
ADANIENT30JAN20210CE.NFO,07/01/2020,10:40:14,6.6,6.55,4000,6.7,12000,4000,272000
ADANIENT30JAN20210CE.NFO,07/01/2020,10:40:17,6.6,6.55,4000,6.7,12000,0,272000
ADANIENT30JAN20210CE.NFO,07/01/2020,10:40:19,6.6,6.5,8000,6.7,12000,0,272000
ADANIENT30JAN20210CE.NFO,07/01/2020,10:40:31,6.6,6.5,4000,6.65,4000,0,272000
ADANIENT30JAN20210CE.NFO,07/01/2020,10:40:41,6.6,6.5,8000,6.7,12000,0,272000
ADANIENT30JAN20210CE.NFO,07/01/2020,10:40:43,6.6,6.5,4000,6.7,12000,0,272000
ADANIENT30JAN20210CE.NFO,07/01/2020,10:40:46,6.6,6.5,4000,6.7,8000,0,272000
ADANIENT30JAN20210CE.NFO,07/01/2020,10:40:52,6.6,6.5,4000,6.7,12000,0,272000
ADANIENT30JAN20210CE.NFO,07/01/2020,10:40:56,6.6,6.5,12000,6.7,8000,0,272000
ADANIENT30JAN20210CE.NFO,07/01/2020,10:40:59,6.6,6.5,8000,6.7,8000,0,272000
ADANIENT30JAN20210CE.NFO,07/01/2020,10:41:09,6.6,6.5,8000,6.65,4000,0,272000
ADANIENT30JAN20210CE.NFO,07/01/2020,10:41:21,6.6,6.55,4000,6.65,4000,0,272000
ADANIENT30JAN20210CE.NFO,07/01/2020,10:41:26,6.6,6.5,16000,6.7,12000,0,272000
ADANIENT30JAN20210CE.NFO,07/01/2020,10:41:37,6.6,6.55,4000,6.7,4000,0,272000
ADANIENT30JAN20210CE.NFO,07/01/2020,10:41:47,6.6,6.5,12000,6.7,8000,0,272000
ADANIENT30JAN20210CE.NFO,07/01/2020,10:42:04,6.6,6.55,4000,6.75,8000,0,272000
ADANIENT30JAN20210CE.NFO,07/01/2020,10:42:11,6.6,6.55,4000,6.75,4000,0,272000
ADANIENT30JAN20210CE.NFO,07/01/2020,10:42:14,6.6,6.55,8000,6.75,4000,0,272000
ADANIENT30JAN20210CE.NFO,07/01/2020,10:42:17,6.6,6.55,4000,6.75,4000,0,272000
ADANIENT30JAN20210CE.NFO,07/01/2020,10:42:21,6.6,6.55,16000,6.8,4000,0,272000
ADANIENT30JAN20210CE.NFO,07/01/2020,10:42:24,6.6,6.55,12000,6.8,4000,0,272000
ADANIENT30JAN20210CE.NFO,07/01/2020,10:42:34,6.6,6.55,4000,6.8,4000,0,272000
ADANIENT30JAN20210CE.NFO,07/01/2020,10:42:50,6.6,6.5,4000,6.7,8000,0,272000
ADANIENT30JAN20210CE.NFO,07/01/2020,10:42:57,6.6,6.5,4000,6.7,4000,0,272000
ADANIENT30JAN20210CE.NFO,07/01/2020,10:43:01,6.6,6.5,8000,6.75,4000,0,272000
ADANIENT30JAN20210CE.NFO,07/01/2020,10:43:04,6.6,6.5,8000,6.7,4000,0,272000
ADANIENT30JAN20210CE.NFO,07/01/2020,10:43:18,6.6,6.5,8000,6.75,8000,0,272000
ADANIENT30JAN20210CE.NFO,07/01/2020,10:43:25,6.6,6.55,4000,6.75,4000,0,272000
ADANIENT30JAN20210CE.NFO,07/01/2020,10:43:34,6.6,6.5,16000,6.7,4000,0,272000
ADANIENT30JAN20210CE.NFO,07/01/2020,10:43:40,6.6,6.5,8000,6.75,8000,0,272000
ADANIENT30JAN20210CE.NFO,07/01/2020,10:44:00,6.6,6.5,8000,6.7,4000,0,272000
ADANIENT30JAN20210CE.NFO,07/01/2020,10:44:09,6.6,6.5,12000,6.75,8000,0,272000
ADANIENT30JAN20210CE.NFO,07/01/2020,10:45:01,6.6,6.5,4000,6.7,8000,0,272000
ADANIENT30JAN20210CE.NFO,07/01/2020,10:45:06,6.6,6.5,16000,6.75,8000,0,272000
ADANIENT30JAN20210CE.NFO,07/01/2020,10:45:28,6.6,6.5,16000,6.7,4000,0,272000
ADANIENT30JAN20210CE.NFO,07/01/2020,10:46:44,6.6,6.55,12000,6.7,4000,0,272000
ADANIENT30JAN20210CE.NFO,07/01/2020,10:46:50,6.6,6.55,16000,6.7,4000,0,272000
ADANIENT30JAN20210CE.NFO,07/01/2020,10:46:58,6.6,6.55,20000,6.7,4000,0,272000
ADANIENT30JAN20210CE.NFO,07/01/2020,10:47:01,6.6,6.55,16000,6.7,4000,0,272000
ADANIENT30JAN20210CE.NFO,07/01/2020,10:47:03,6.6,6.55,12000,6.7,4000,0,272000
ADANIENT30JAN20210CE.NFO,07/01/2020,10:47:17,6.7,6.6,8000,6.8,8000,4000,268000
ADANIENT30JAN20210CE.NFO,07/01/2020,10:47:22,6.7,6.6,4000,6.75,4000,0,268000
ADANIENT30JAN20210CE.NFO,07/01/2020,10:47:26,6.7,6.6,16000,6.8,8000,0,268000
ADANIENT30JAN20210CE.NFO,07/01/2020,10:47:29,6.7,6.55,12000,6.75,8000,0,268000
ADANIENT30JAN20210CE.NFO,07/01/2020,10:47:55,6.7,6.55,12000,6.75,4000,0,268000
ADANIENT30JAN20210CE.NFO,07/01/2020,10:48:01,6.7,6.6,8000,6.8,12000,0,268000
ADANIENT30JAN20210CE.NFO,07/01/2020,10:48:21,6.7,6.6,4000,6.8,4000,0,268000
ADANIENT30JAN20210CE.NFO,07/01/2020,10:48:25,6.7,6.6,8000,6.8,4000,0,268000
ADANIENT30JAN20210CE.NFO,07/01/2020,10:48:28,6.7,6.6,12000,6.8,8000,0,268000
ADANIENT30JAN20210CE.NFO,07/01/2020,10:48:56,6.7,6.6,8000,6.75,4000,0,268000
ADANIENT30JAN20210CE.NFO,07/01/2020,10:49:00,6.7,6.6,4000,6.7,12000,0,268000
ADANIENT30JAN20210CE.NFO,07/01/2020,10:49:03,6.7,6.6,16000,6.75,12000,0,268000
ADANIENT30JAN20210CE.NFO,07/01/2020,10:49:21,6.7,6.6,16000,6.7,12000,0,268000
ADANIENT30JAN20210CE.NFO,07/01/2020,10:49:25,6.7,6.6,12000,6.75,12000,0,268000
ADANIENT30JAN20210CE.NFO,07/01/2020,10:49:29,6.7,6.6,16000,6.75,12000,0,268000
ADANIENT30JAN20210CE.NFO,07/01/2020,10:49:35,6.7,6.6,12000,6.75,12000,0,268000
ADANIENT30JAN20210CE.NFO,07/01/2020,10:49:42,6.7,6.65,4000,6.75,12000,0,268000
ADANIENT30JAN20210CE.NFO,07/01/2020,10:49:46,6.7,6.6,16000,6.75,12000,0,268000
ADANIENT30JAN20210CE.NFO,07/01/2020,10:50:00,6.7,6.6,12000,6.75,12000,0,268000
ADANIENT30JAN20210CE.NFO,07/01/2020,10:50:06,6.7,6.6,4000,6.7,12000,0,268000
ADANIENT30JAN20210CE.NFO,07/01/2020,10:50:12,6.7,6.55,16000,6.7,12000,0,268000
ADANIENT30JAN20210CE.NFO,07/01/2020,10:50:18,6.7,6.55,16000,6.65,12000,0,268000
ADANIENT30JAN20210CE.NFO,07/01/2020,10:50:23,6.7,6.55,16000,6.7,12000,0,268000
ADANIENT30JAN20210CE.NFO,07/01/2020,10:50:27,6.7,6.55,4000,6.7,16000,0,268000
ADANIENT30JAN20210CE.NFO,07/01/2020,10:50:31,6.7,6.5,20000,6.65,12000,0,268000
ADANIENT30JAN20210CE.NFO,07/01/2020,10:50:44,6.7,6.55,4000,6.65,12000,0,268000
ADANIENT30JAN20210CE.NFO,07/01/2020,10:50:57,6.7,6.5,8000,6.6,4000,0,268000
ADANIENT30JAN20210CE.NFO,07/01/2020,10:51:16,6.7,6.55,4000,6.65,12000,0,268000
ADANIENT30JAN20210CE.NFO,07/01/2020,10:51:19,6.7,6.6,4000,6.7,12000,0,268000
ADANIENT30JAN20210CE.NFO,07/01/2020,10:51:23,6.7,6.55,8000,6.7,12000,0,268000
ADANIENT30JAN20210CE.NFO,07/01/2020,10:51:30,6.7,6.55,4000,6.65,12000,0,268000
ADANIENT30JAN20210CE.NFO,07/01/2020,10:51:40,6.7,6.55,8000,6.65,12000,0,268000
ADANIENT30JAN20210CE.NFO,07/01/2020,10:51:49,6.7,6.55,4000,6.65,12000,0,268000
ADANIENT30JAN20210CE.NFO,07/01/2020,10:52:22,6.7,6.5,8000,6.6,16000,0,268000
ADANIENT30JAN20210CE.NFO,07/01/2020,10:52:33,6.5,6.5,4000,6.55,12000,4000,268000
ADANIENT30JAN20210CE.NFO,07/01/2020,10:52:38,6.5,6.45,4000,6.55,12000,4000,268000
ADANIENT30JAN20210CE.NFO,07/01/2020,10:52:43,6.5,6.45,4000,6.55,12000,0,268000
ADANIENT30JAN20210CE.NFO,07/01/2020,10:52:50,6.5,6.4,20000,6.55,16000,0,268000
ADANIENT30JAN20210CE.NFO,07/01/2020,10:52:59,6.5,6.4,16000,6.5,12000,0,268000
ADANIENT30JAN20210CE.NFO,07/01/2020,10:53:17,6.5,6.4,8000,6.5,16000,0,268000
ADANIENT30JAN20210CE.NFO,07/01/2020,10:53:32,6.5,6.4,8000,6.5,12000,0,268000
ADANIENT30JAN20210CE.NFO,07/01/2020,10:53:37,6.5,6.4,8000,6.5,16000,0,268000
ADANIENT30JAN20210CE.NFO,07/01/2020,10:53:42,6.5,6.4,8000,6.5,12000,0,268000
ADANIENT30JAN20210CE.NFO,07/01/2020,10:53:48,6.5,6.4,12000,6.5,16000,0,268000
ADANIENT30JAN20210CE.NFO,07/01/2020,10:53:54,6.4,6.35,4000,6.45,16000,8000,268000
ADANIENT30JAN20210CE.NFO,07/01/2020,10:54:00,6.4,6.35,4000,6.45,16000,0,268000
ADANIENT30JAN20210CE.NFO,07/01/2020,10:54:10,6.4,6.35,4000,6.45,4000,0,268000
ADANIENT30JAN20210CE.NFO,07/01/2020,10:54:22,6.4,6.35,12000,6.5,16000,0,268000
ADANIENT30JAN20210CE.NFO,07/01/2020,10:54:33,6.4,6.35,12000,6.5,12000,0,268000
ADANIENT30JAN20210CE.NFO,07/01/2020,10:54:47,6.4,6.4,16000,6.55,12000,0,268000
ADANIENT30JAN20210CE.NFO,07/01/2020,10:55:16,6.4,6.4,12000,6.5,4000,0,268000
ADANIENT30JAN20210CE.NFO,07/01/2020,10:55:21,6.4,6.4,8000,6.5,4000,0,268000
ADANIENT30JAN20210CE.NFO,07/01/2020,10:55:25,6.4,6.35,16000,6.5,12000,0,268000
ADANIENT30JAN20210CE.NFO,07/01/2020,10:55:30,6.4,6.35,16000,6.45,4000,0,268000
ADANIENT30JAN20210CE.NFO,07/01/2020,10:55:41,6.4,6.4,4000,6.5,4000,0,268000
ADANIENT30JAN20210CE.NFO,07/01/2020,10:56:08,6.4,6.35,16000,6.5,16000,0,268000
ADANIENT30JAN20210CE.NFO,07/01/2020,10:56:14,6.4,6.4,8000,6.5,12000,0,268000
ADANIENT30JAN20210CE.NFO,07/01/2020,10:56:23,6.4,6.4,16000,6.55,12000,0,268000
ADANIENT30JAN20210CE.NFO,07/01/2020,10:56:28,6.4,6.45,4000,6.55,4000,0,268000
ADANIENT30JAN20210CE.NFO,07/01/2020,10:56:33,6.4,6.45,4000,6.6,16000,0,268000
ADANIENT30JAN20210CE.NFO,07/01/2020,10:56:38,6.4,6.45,8000,6.6,16000,0,268000
ADANIENT30JAN20210CE.NFO,07/01/2020,10:56:46,6.4,6.45,4000,6.6,12000,0,268000
ADANIENT30JAN20210CE.NFO,07/01/2020,10:56:49,6.4,6.45,8000,6.6,12000,0,268000
ADANIENT30JAN20210CE.NFO,07/01/2020,10:56:54,6.4,6.4,16000,6.55,12000,0,268000
ADANIENT30JAN20210CE.NFO,07/01/2020,10:57:11,6.4,6.35,8000,6.5,16000,0,268000
ADANIENT30JAN20210CE.NFO,07/01/2020,10:57:31,6.4,6.35,4000,6.5,12000,0,268000
ADANIENT30JAN20210CE.NFO,07/01/2020,10:57:37,6.4,6.35,8000,6.45,4000,0,268000
ADANIENT30JAN20210CE.NFO,07/01/2020,10:57:42,6.4,6.3,12000,6.45,12000,0,268000
ADANIENT30JAN20210CE.NFO,07/01/2020,10:57:47,6.4,6.35,8000,6.45,12000,0,268000
ADANIENT30JAN20210CE.NFO,07/01/2020,10:57:56,6.4,6.3,12000,6.4,12000,0,268000
ADANIENT30JAN20210CE.NFO,07/01/2020,10:58:00,6.4,6.3,8000,6.4,12000,0,268000
ADANIENT30JAN20210CE.NFO,07/01/2020,10:58:05,6.4,6.3,4000,6.4,12000,0,268000
ADANIENT30JAN20210CE.NFO,07/01/2020,10:58:10,6.4,6.3,4000,6.35,12000,0,268000
ADANIENT30JAN20210CE.NFO,07/01/2020,10:58:24,6.4,6.25,8000,6.35,12000,0,268000
ADANIENT30JAN20210CE.NFO,07/01/2020,10:58:55,6.4,6.2,12000,6.3,12000,0,268000
ADANIENT30JAN20210CE.NFO,07/01/2020,10:59:05,6.4,6.2,8000,6.3,12000,0,268000
ADANIENT30JAN20210CE.NFO,07/01/2020,10:59:17,6.4,6.15,12000,6.3,12000,0,268000
ADANIENT30JAN20210CE.NFO,07/01/2020,10:59:23,6.4,6.15,8000,6.25,12000,0,268000
ADANIENT30JAN20210CE.NFO,07/01/2020,10:59:33,6.4,6.2,8000,6.3,12000,0,268000
ADANIENT30JAN20210CE.NFO,07/01/2020,10:59:44,6.4,6.15,12000,6.25,12000,0,268000
ADANIENT30JAN20210CE.NFO,07/01/2020,11:00:12,6.4,6.05,12000,6.2,20000,0,268000
ADANIENT30JAN20210CE.NFO,07/01/2020,11:00:18,6.4,6,16000,6.15,20000,0,268000
ADANIENT30JAN20210CE.NFO,07/01/2020,11:00:24,6.05,6,20000,6.1,4000,4000,276000
ADANIENT30JAN20210CE.NFO,07/01/2020,11:00:31,6.05,6,16000,6.1,4000,0,276000
ADANIENT30JAN20210CE.NFO,07/01/2020,11:00:50,6.05,6,8000,6.1,4000,0,276000
ADANIENT30JAN20210CE.NFO,07/01/2020,11:00:57,6.05,5.95,4000,6.05,16000,0,276000
ADANIENT30JAN20210CE.NFO,07/01/2020,11:01:04,6.05,6,4000,6.1,16000,0,276000
ADANIENT30JAN20210CE.NFO,07/01/2020,11:01:12,6.05,6,8000,6.1,16000,0,276000
ADANIENT30JAN20210CE.NFO,07/01/2020,11:01:46,6.1,6.1,8000,6.2,20000,4000,276000
ADANIENT30JAN20210CE.NFO,07/01/2020,11:01:53,6.1,6.1,12000,6.2,8000,0,276000
ADANIENT30JAN20210CE.NFO,07/01/2020,11:02:07,6.1,6.15,4000,6.2,8000,0,276000
ADANIENT30JAN20210CE.NFO,07/01/2020,11:02:26,6.1,6.1,8000,6.2,8000,0,276000
ADANIENT30JAN20210CE.NFO,07/01/2020,11:02:33,6.1,6.1,4000,6.2,8000,0,276000
ADANIENT30JAN20210CE.NFO,07/01/2020,11:02:44,6.1,6.1,8000,6.2,8000,0,276000
ADANIENT30JAN20210CE.NFO,07/01/2020,11:02:49,6.1,6.1,4000,6.2,8000,0,276000
ADANIENT30JAN20210CE.NFO,07/01/2020,11:02:56,6.1,6.05,16000,6.2,8000,0,276000
ADANIENT30JAN20210CE.NFO,07/01/2020,11:03:02,6.1,6.1,4000,6.2,8000,0,276000
ADANIENT30JAN20210CE.NFO,07/01/2020,11:03:07,6.1,6.05,12000,6.2,4000,0,276000
ADANIENT30JAN20210CE.NFO,07/01/2020,11:03:14,6.1,6.05,16000,6.25,8000,0,276000
ADANIENT30JAN20210CE.NFO,07/01/2020,11:03:25,6.1,6.1,4000,6.2,4000,0,276000
ADANIENT30JAN20210CE.NFO,07/01/2020,11:03:30,6.1,6.1,4000,6.25,4000,0,276000
ADANIENT30JAN20210CE.NFO,07/01/2020,11:03:35,6.1,6.05,16000,6.2,4000,0,276000
ADANIENT30JAN20210CE.NFO,07/01/2020,11:03:41,6.1,6.05,8000,6.2,8000,0,276000
ADANIENT30JAN20210CE.NFO,07/01/2020,11:03:47,6.2,6.1,8000,6.25,4000,4000,268000
ADANIENT30JAN20210CE.NFO,07/01/2020,11:03:54,6.2,6.1,8000,6.25,4000,0,268000
ADANIENT30JAN20210CE.NFO,07/01/2020,11:03:59,6.2,6.1,16000,6.3,8000,0,268000
ADANIENT30JAN20210CE.NFO,07/01/2020,11:04:05,6.2,6.1,8000,6.25,8000,0,268000
ADANIENT30JAN20210CE.NFO,07/01/2020,11:04:11,6.2,6.1,8000,6.25,4000,0,268000
ADANIENT30JAN20210CE.NFO,07/01/2020,11:04:17,6.2,6.1,12000,6.25,4000,0,268000
ADANIENT30JAN20210CE.NFO,07/01/2020,11:04:28,6.2,6.1,8000,6.25,4000,0,268000
ADANIENT30JAN20210CE.NFO,07/01/2020,11:04:40,6.2,6.1,12000,6.25,4000,0,268000
ADANIENT30JAN20210CE.NFO,07/01/2020,11:04:46,6.2,6.1,8000,6.3,16000,0,268000
ADANIENT30JAN20210CE.NFO,07/01/2020,11:04:52,6.1,6.1,4000,6.25,8000,4000,268000
ADANIENT30JAN20210CE.NFO,07/01/2020,11:04:58,6.1,6.1,4000,6.25,8000,0,268000
ADANIENT30JAN20210CE.NFO,07/01/2020,11:05:09,6.1,6.1,4000,6.25,4000,0,268000
ADANIENT30JAN20210CE.NFO,07/01/2020,11:05:14,6.1,6.05,4000,6.2,8000,0,268000
ADANIENT30JAN20210CE.NFO,07/01/2020,11:05:30,6.1,6,8000,6.2,8000,0,268000
ADANIENT30JAN20210CE.NFO,07/01/2020,11:05:36,6.1,6,12000,6.2,8000,0,268000
ADANIENT30JAN20210CE.NFO,07/01/2020,11:05:41,6.1,6,16000,6.2,16000,0,268000
ADANIENT30JAN20210CE.NFO,07/01/2020,11:05:46,6.1,6,12000,6.2,16000,0,268000
ADANIENT30JAN20210CE.NFO,07/01/2020,11:05:52,6.1,6.05,12000,6.2,8000,0,268000
ADANIENT30JAN20210CE.NFO,07/01/2020,11:05:58,6.1,6.05,16000,6.2,8000,0,268000
ADANIENT30JAN20210CE.NFO,07/01/2020,11:06:17,6.1,6.05,12000,6.2,8000,0,268000
ADANIENT30JAN20210CE.NFO,07/01/2020,11:06:24,6.1,6.1,4000,6.2,16000,0,268000
ADANIENT30JAN20210CE.NFO,07/01/2020,11:06:43,6.1,6.1,4000,6.2,12000,0,268000
ADANIENT30JAN20210CE.NFO,07/01/2020,11:06:49,6.1,6.1,4000,6.2,16000,0,268000
ADANIENT30JAN20210CE.NFO,07/01/2020,11:07:00,6.1,6.1,4000,6.2,12000,0,268000
ADANIENT30JAN20210CE.NFO,07/01/2020,11:07:06,6.1,6.1,4000,6.2,16000,0,268000
ADANIENT30JAN20210CE.NFO,07/01/2020,11:07:11,6.1,6.05,8000,6.2,8000,4000,272000
ADANIENT30JAN20210CE.NFO,07/01/2020,11:07:16,6.1,6.05,8000,6.2,8000,0,272000
ADANIENT30JAN20210CE.NFO,07/01/2020,11:07:45,6.1,6.05,12000,6.2,8000,0,272000
ADANIENT30JAN20210CE.NFO,07/01/2020,11:07:49,6.1,6.1,4000,6.2,8000,0,272000
ADANIENT30JAN20210CE.NFO,07/01/2020,11:07:54,6.1,6.1,8000,6.2,8000,0,272000
ADANIENT30JAN20210CE.NFO,07/01/2020,11:08:02,6.1,6.1,4000,6.2,8000,0,272000
ADANIENT30JAN20210CE.NFO,07/01/2020,11:08:14,6.1,6.05,12000,6.2,8000,0,272000
ADANIENT30JAN20210CE.NFO,07/01/2020,11:08:42,6.1,6.05,8000,6.2,8000,0,272000
ADANIENT30JAN20210CE.NFO,07/01/2020,11:08:55,6.1,6,12000,6.2,12000,0,272000
ADANIENT30JAN20210CE.NFO,07/01/2020,11:09:00,6.1,5.95,12000,6.15,8000,0,272000
ADANIENT30JAN20210CE.NFO,07/01/2020,11:09:05,6.1,6,4000,6.15,4000,0,272000
ADANIENT30JAN20210CE.NFO,07/01/2020,11:09:09,6.1,6.05,12000,6.2,8000,0,272000
ADANIENT30JAN20210CE.NFO,07/01/2020,11:09:23,6.1,6.05,8000,6.1,8000,0,272000
ADANIENT30JAN20210CE.NFO,07/01/2020,11:09:37,6.1,6,8000,6.1,8000,0,272000
ADANIENT30JAN20210CE.NFO,07/01/2020,11:09:40,6.1,6.05,8000,6.1,8000,0,272000
ADANIENT30JAN20210CE.NFO,07/01/2020,11:09:45,6.1,6.05,12000,6.1,8000,0,272000
ADANIENT30JAN20210CE.NFO,07/01/2020,11:09:49,6.1,6,12000,6.1,8000,0,272000
ADANIENT30JAN20210CE.NFO,07/01/2020,11:10:03,6.1,5.95,12000,6.1,8000,0,272000
ADANIENT30JAN20210CE.NFO,07/01/2020,11:11:10,6.1,5.9,12000,6.1,16000,0,272000
ADANIENT30JAN20210CE.NFO,07/01/2020,11:11:16,6,5.85,12000,6.05,4000,4000,276000
ADANIENT30JAN20210CE.NFO,07/01/2020,11:11:37,6,5.9,4000,6.05,8000,0,276000
ADANIENT30JAN20210CE.NFO,07/01/2020,11:11:43,6,5.9,4000,6.1,16000,0,276000
ADANIENT30JAN20210CE.NFO,07/01/2020,11:11:48,6,5.9,4000,6.05,8000,0,276000
ADANIENT30JAN20210CE.NFO,07/01/2020,11:12:00,6,5.85,4000,6.05,12000,0,276000
ADANIENT30JAN20210CE.NFO,07/01/2020,11:12:08,6,5.8,4000,6,12000,0,276000
ADANIENT30JAN20210CE.NFO,07/01/2020,11:12:16,6,5.85,4000,6.05,12000,0,276000
ADANIENT30JAN20210CE.NFO,07/01/2020,11:12:22,6,5.8,8000,6.05,12000,0,276000
ADANIENT30JAN20210CE.NFO,07/01/2020,11:12:29,6,5.85,8000,6.1,20000,0,276000
ADANIENT30JAN20210CE.NFO,07/01/2020,11:12:36,6,5.9,4000,6.1,12000,0,276000
ADANIENT30JAN20210CE.NFO,07/01/2020,11:12:42,6,5.95,4000,6.1,8000,0,276000
ADANIENT30JAN20210CE.NFO,07/01/2020,11:12:56,6,6,4000,6.1,8000,0,276000
ADANIENT30JAN20210CE.NFO,07/01/2020,11:13:00,6,5.9,4000,6.05,4000,0,276000
ADANIENT30JAN20210CE.NFO,07/01/2020,11:13:06,6,5.9,8000,6.1,12000,0,276000
ADANIENT30JAN20210CE.NFO,07/01/2020,11:13:12,6,5.9,4000,6.05,4000,0,276000
ADANIENT30JAN20210CE.NFO,07/01/2020,11:13:35,6,5.75,8000,6,12000,0,276000
ADANIENT30JAN20210CE.NFO,07/01/2020,11:13:41,6,5.7,8000,5.95,12000,0,276000
ADANIENT30JAN20210CE.NFO,07/01/2020,11:13:48,6,5.7,4000,5.9,12000,0,276000
ADANIENT30JAN20210CE.NFO,07/01/2020,11:13:54,6,5.65,16000,5.9,12000,0,276000
ADANIENT30JAN20210CE.NFO,07/01/2020,11:13:59,6,5.65,12000,5.9,20000,0,276000
ADANIENT30JAN20210CE.NFO,07/01/2020,11:14:16,6,5.65,8000,5.85,8000,0,276000
ADANIENT30JAN20210CE.NFO,07/01/2020,11:14:22,6,5.65,4000,5.85,4000,0,276000
ADANIENT30JAN20210CE.NFO,07/01/2020,11:14:27,6,5.65,8000,5.9,20000,0,276000
ADANIENT30JAN20210CE.NFO,07/01/2020,11:14:32,6,5.7,4000,5.9,20000,0,276000
ADANIENT30JAN20210CE.NFO,07/01/2020,11:14:38,6,5.65,8000,5.9,20000,0,276000
ADANIENT30JAN20210CE.NFO,07/01/2020,11:14:42,6,5.65,12000,5.9,8000,0,276000
ADANIENT30JAN20210CE.NFO,07/01/2020,11:14:47,6,5.7,12000,5.95,8000,0,276000
ADANIENT30JAN20210CE.NFO,07/01/2020,11:14:51,6,5.75,4000,5.95,8000,0,276000
ADANIENT30JAN20210CE.NFO,07/01/2020,11:14:57,6,5.75,4000,5.95,4000,0,276000
ADANIENT30JAN20210CE.NFO,07/01/2020,11:15:03,6,5.7,16000,5.95,8000,0,276000
ADANIENT30JAN20210CE.NFO,07/01/2020,11:15:09,6,5.65,12000,5.9,4000,0,276000
ADANIENT30JAN20210CE.NFO,07/01/2020,11:15:15,6,5.7,8000,5.9,4000,0,276000
ADANIENT30JAN20210CE.NFO,07/01/2020,11:15:20,6,5.7,4000,5.9,4000,0,276000
ADANIENT30JAN20210CE.NFO,07/01/2020,11:15:26,6,5.65,4000,5.9,8000,0,276000
ADANIENT30JAN20210CE.NFO,07/01/2020,11:15:31,6,5.7,4000,5.9,4000,0,276000
ADANIENT30JAN20210CE.NFO,07/01/2020,11:15:35,6,5.65,8000,5.9,4000,0,276000
ADANIENT30JAN20210CE.NFO,07/01/2020,11:15:39,6,5.7,4000,5.9,4000,0,276000
ADANIENT30JAN20210CE.NFO,07/01/2020,11:15:44,6,5.65,4000,5.9,8000,0,276000
ADANIENT30JAN20210CE.NFO,07/01/2020,11:15:49,6,5.65,16000,5.9,4000,0,276000
ADANIENT30JAN20210CE.NFO,07/01/2020,11:15:59,6,5.65,8000,5.9,4000,0,276000
ADANIENT30JAN20210CE.NFO,07/01/2020,11:16:12,6,5.6,4000,5.85,12000,0,276000
ADANIENT30JAN20210CE.NFO,07/01/2020,11:16:18,6,5.7,4000,5.85,4000,0,276000
ADANIENT30JAN20210CE.NFO,07/01/2020,11:16:30,6,5.7,12000,5.85,4000,0,276000
ADANIENT30JAN20210CE.NFO,07/01/2020,11:16:35,6,5.7,4000,5.85,4000,0,276000
ADANIENT30JAN20210CE.NFO,07/01/2020,11:16:40,6,5.65,16000,5.85,8000,0,276000
ADANIENT30JAN20210CE.NFO,07/01/2020,11:16:44,6,5.75,4000,5.85,4000,0,276000
ADANIENT30JAN20210CE.NFO,07/01/2020,11:16:49,5.85,5.75,4000,5.9,4000,4000,276000
ADANIENT30JAN20210CE.NFO,07/01/2020,11:16:49,5.85,5.75,4000,5.9,4000,0,276000
ADANIENT30JAN20210CE.NFO,07/01/2020,11:16:56,5.85,5.85,4000,6.05,4000,0,276000
ADANIENT30JAN20210CE.NFO,07/01/2020,11:17:02,5.85,5.8,4000,6,4000,0,276000
ADANIENT30JAN20210CE.NFO,07/01/2020,11:17:07,5.85,5.85,4000,6,4000,0,276000
ADANIENT30JAN20210CE.NFO,07/01/2020,11:17:11,5.85,5.9,4000,6.05,4000,0,276000
ADANIENT30JAN20210CE.NFO,07/01/2020,11:17:16,5.85,5.85,16000,6.1,12000,0,276000
ADANIENT30JAN20210CE.NFO,07/01/2020,11:17:26,5.85,5.9,4000,6.1,12000,0,276000
ADANIENT30JAN20210CE.NFO,07/01/2020,11:17:30,5.85,5.85,4000,6.05,4000,0,276000
ADANIENT30JAN20210CE.NFO,07/01/2020,11:17:36,5.85,5.9,8000,6.1,12000,0,276000
ADANIENT30JAN20210CE.NFO,07/01/2020,11:17:42,5.85,5.85,16000,6.1,12000,0,276000
ADANIENT30JAN20210CE.NFO,07/01/2020,11:17:47,5.85,5.9,16000,6.1,8000,0,276000
ADANIENT30JAN20210CE.NFO,07/01/2020,11:17:52,5.85,5.9,8000,6.1,12000,0,276000
ADANIENT30JAN20210CE.NFO,07/01/2020,11:18:12,5.85,5.8,4000,5.95,4000,0,276000
ADANIENT30JAN20210CE.NFO,07/01/2020,11:18:16,5.85,5.8,8000,6,4000,0,276000
ADANIENT30JAN20210CE.NFO,07/01/2020,11:18:25,5.85,5.85,4000,6,4000,0,276000
ADANIENT30JAN20210CE.NFO,07/01/2020,11:18:30,5.85,5.8,12000,6,4000,0,276000
ADANIENT30JAN20210CE.NFO,07/01/2020,11:18:35,5.85,5.85,4000,6.05,4000,0,276000
ADANIENT30JAN20210CE.NFO,07/01/2020,11:18:41,5.85,5.8,8000,6.05,4000,0,276000
ADANIENT30JAN20210CE.NFO,07/01/2020,11:18:48,5.85,5.85,4000,6.05,4000,0,276000
ADANIENT30JAN20210CE.NFO,07/01/2020,11:18:53,5.85,5.85,8000,6.05,4000,0,276000
ADANIENT30JAN20210CE.NFO,07/01/2020,11:18:58,5.85,5.85,4000,6.05,4000,0,276000
ADANIENT30JAN20210CE.NFO,07/01/2020,11:19:04,5.85,5.9,4000,6.1,8000,0,276000
ADANIENT30JAN20210CE.NFO,07/01/2020,11:19:10,5.85,5.85,12000,6.1,12000,0,276000
ADANIENT30JAN20210CE.NFO,07/01/2020,11:19:16,5.85,5.85,4000,6.05,4000,0,276000
ADANIENT30JAN20210CE.NFO,07/01/2020,11:19:24,5.85,5.75,4000,6,8000,0,276000
ADANIENT30JAN20210CE.NFO,07/01/2020,11:19:33,5.85,5.8,4000,6.05,8000,0,276000
ADANIENT30JAN20210CE.NFO,07/01/2020,11:19:46,5.85,5.85,4000,6.1,16000,0,276000
ADANIENT30JAN20210CE.NFO,07/01/2020,11:19:51,5.85,5.8,16000,6.05,4000,0,276000
ADANIENT30JAN20210CE.NFO,07/01/2020,11:19:56,5.85,5.8,20000,6.05,4000,0,276000
ADANIENT30JAN20210CE.NFO,07/01/2020,11:20:00,5.85,5.8,16000,6.05,4000,0,276000
ADANIENT30JAN20210CE.NFO,07/01/2020,11:20:05,5.85,5.75,4000,6,4000,0,276000
ADANIENT30JAN20210CE.NFO,07/01/2020,11:20:10,5.85,5.75,8000,6,4000,0,276000
ADANIENT30JAN20210CE.NFO,07/01/2020,11:20:16,5.85,5.8,8000,6.05,4000,0,276000
ADANIENT30JAN20210CE.NFO,07/01/2020,11:20:30,5.85,5.85,8000,6.1,16000,0,276000
ADANIENT30JAN20210CE.NFO,07/01/2020,11:20:52,5.85,5.95,4000,6.1,8000,0,276000
ADANIENT30JAN20210CE.NFO,07/01/2020,11:20:57,5.85,5.85,12000,6.05,4000,0,276000
ADANIENT30JAN20210CE.NFO,07/01/2020,11:21:02,5.85,5.85,4000,6.05,4000,0,276000
ADANIENT30JAN20210CE.NFO,07/01/2020,11:21:07,5.85,5.9,4000,6.1,12000,0,276000
ADANIENT30JAN20210CE.NFO,07/01/2020,11:21:29,5.85,5.85,8000,6.05,4000,0,276000
ADANIENT30JAN20210CE.NFO,07/01/2020,11:21:40,5.85,5.8,8000,6.05,8000,0,276000
ADANIENT30JAN20210CE.NFO,07/01/2020,11:21:45,5.85,5.85,12000,6.05,4000,0,276000
ADANIENT30JAN20210CE.NFO,07/01/2020,11:21:49,5.85,5.85,8000,6.05,4000,0,276000
ADANIENT30JAN20210CE.NFO,07/01/2020,11:22:18,5.85,5.85,4000,6.05,4000,0,276000
ADANIENT30JAN20210CE.NFO,07/01/2020,11:22:30,5.85,5.9,8000,6.1,12000,0,276000
ADANIENT30JAN20210CE.NFO,07/01/2020,11:22:43,5.85,5.9,8000,6.1,8000,0,276000
ADANIENT30JAN20210CE.NFO,07/01/2020,11:22:47,5.85,5.9,8000,6.1,12000,0,276000
ADANIENT30JAN20210CE.NFO,07/01/2020,11:22:54,5.85,5.95,4000,6.1,8000,0,276000
ADANIENT30JAN20210CE.NFO,07/01/2020,11:23:04,5.85,6,4000,6.1,12000,0,276000
ADANIENT30JAN20210CE.NFO,07/01/2020,11:23:09,5.85,5.95,4000,6.1,12000,0,276000
ADANIENT30JAN20210CE.NFO,07/01/2020,11:23:14,5.85,5.9,4000,6.1,12000,0,276000
ADANIENT30JAN20210CE.NFO,07/01/2020,11:23:49,5.85,5.95,8000,6.1,8000,0,276000
ADANIENT30JAN20210CE.NFO,07/01/2020,11:24:04,5.85,5.95,16000,6.1,8000,0,276000
ADANIENT30JAN20210CE.NFO,07/01/2020,11:24:10,5.85,6,8000,6.1,8000,0,276000
ADANIENT30JAN20210CE.NFO,07/01/2020,11:24:15,5.85,6,4000,6.1,8000,0,276000
ADANIENT30JAN20210CE.NFO,07/01/2020,11:24:25,5.85,6.05,4000,6.1,8000,0,276000
ADANIENT30JAN20210CE.NFO,07/01/2020,11:24:38,6.1,6.05,8000,6.1,4000,4000,272000
ADANIENT30JAN20210CE.NFO,07/01/2020,11:24:47,6.1,6.05,8000,6.2,4000,4000,272000
ADANIENT30JAN20210CE.NFO,07/01/2020,11:24:51,6.1,6.05,8000,6.2,4000,0,272000
ADANIENT30JAN20210CE.NFO,07/01/2020,11:24:59,6.1,6,16000,6.2,4000,0,272000
ADANIENT30JAN20210CE.NFO,07/01/2020,11:25:05,6.1,6.05,8000,6.2,4000,0,272000
ADANIENT30JAN20210CE.NFO,07/01/2020,11:25:10,6.1,6.05,4000,6.2,4000,0,272000
ADANIENT30JAN20210CE.NFO,07/01/2020,11:25:14,6.1,6.05,8000,6.2,4000,0,272000
ADANIENT30JAN20210CE.NFO,07/01/2020,11:25:23,6.1,6.05,4000,6.2,4000,0,272000
ADANIENT30JAN20210CE.NFO,07/01/2020,11:25:33,6.1,6.05,16000,6.25,4000,0,272000
ADANIENT30JAN20210CE.NFO,07/01/2020,11:25:41,6.1,6.1,4000,6.25,4000,0,272000
ADANIENT30JAN20210CE.NFO,07/01/2020,11:25:46,6.1,6.05,12000,6.25,4000,0,272000
ADANIENT30JAN20210CE.NFO,07/01/2020,11:25:50,6.1,6.05,12000,6.2,4000,0,272000
ADANIENT30JAN20210CE.NFO,07/01/2020,11:25:54,6.1,6.05,12000,6.25,4000,0,272000
ADANIENT30JAN20210CE.NFO,07/01/2020,11:26:05,6.1,6.1,12000,6.3,8000,0,272000
ADANIENT30JAN20210CE.NFO,07/01/2020,11:26:14,6.1,6.1,16000,6.3,8000,0,272000
ADANIENT30JAN20210CE.NFO,07/01/2020,11:26:26,6.1,6.1,12000,6.25,4000,0,272000
ADANIENT30JAN20210CE.NFO,07/01/2020,11:26:30,6.1,6.15,4000,6.3,4000,0,272000
ADANIENT30JAN20210CE.NFO,07/01/2020,11:26:36,6.1,6.15,8000,6.35,8000,0,272000
ADANIENT30JAN20210CE.NFO,07/01/2020,11:26:40,6.1,6.15,4000,6.3,12000,0,272000
ADANIENT30JAN20210CE.NFO,07/01/2020,11:26:49,6.1,6.15,8000,6.3,4000,0,272000
ADANIENT30JAN20210CE.NFO,07/01/2020,11:26:53,6.1,6.15,16000,6.35,8000,0,272000
ADANIENT30JAN20210CE.NFO,07/01/2020,11:26:59,6.1,6.15,16000,6.3,4000,0,272000
ADANIENT30JAN20210CE.NFO,07/01/2020,11:27:08,6.1,6.15,12000,6.3,4000,0,272000
ADANIENT30JAN20210CE.NFO,07/01/2020,11:27:11,6.1,6.15,16000,6.3,4000,0,272000
ADANIENT30JAN20210CE.NFO,07/01/2020,11:27:15,6.15,6.15,4000,6.3,4000,8000,264000
ADANIENT30JAN20210CE.NFO,07/01/2020,11:27:18,6.15,6.15,4000,6.3,4000,0,264000
ADANIENT30JAN20210CE.NFO,07/01/2020,11:27:24,6.15,6.1,8000,6.3,8000,0,264000
ADANIENT30JAN20210CE.NFO,07/01/2020,11:27:34,6.15,6.1,8000,6.3,12000,0,264000
ADANIENT30JAN20210CE.NFO,07/01/2020,11:27:37,6.15,6.1,4000,6.3,12000,0,264000
ADANIENT30JAN20210CE.NFO,07/01/2020,11:27:44,6.15,6.05,4000,6.3,12000,0,264000
ADANIENT30JAN20210CE.NFO,07/01/2020,11:27:47,6.15,6.1,4000,6.3,8000,0,264000
ADANIENT30JAN20210CE.NFO,07/01/2020,11:27:49,6.15,6.1,8000,6.3,8000,0,264000
ADANIENT30JAN20210CE.NFO,07/01/2020,11:28:09,6.15,6.1,8000,6.35,4000,0,264000
ADANIENT30JAN20210CE.NFO,07/01/2020,11:28:14,6.15,5.95,8000,6.2,4000,0,264000
ADANIENT30JAN20210CE.NFO,07/01/2020,11:28:17,6.15,5.9,4000,6.1,4000,0,264000
ADANIENT30JAN20210CE.NFO,07/01/2020,11:28:21,6.15,5.75,8000,6,8000,0,264000
ADANIENT30JAN20210CE.NFO,07/01/2020,11:28:25,6.15,5.65,8000,5.9,4000,0,264000
ADANIENT30JAN20210CE.NFO,07/01/2020,11:28:33,6.15,5.7,4000,5.9,4000,0,264000
ADANIENT30JAN20210CE.NFO,07/01/2020,11:28:39,6.15,5.7,4000,5.95,8000,0,264000
ADANIENT30JAN20210CE.NFO,07/01/2020,11:28:42,6.15,5.7,4000,5.95,4000,0,264000
ADANIENT30JAN20210CE.NFO,07/01/2020,11:28:44,6.15,5.65,4000,5.9,8000,0,264000
ADANIENT30JAN20210CE.NFO,07/01/2020,11:28:47,6.15,5.6,8000,5.85,12000,0,264000
ADANIENT30JAN20210CE.NFO,07/01/2020,11:28:50,6.15,5.6,4000,5.85,12000,0,264000
ADANIENT30JAN20210CE.NFO,07/01/2020,11:28:57,6.15,5.6,12000,5.85,12000,0,264000
ADANIENT30JAN20210CE.NFO,07/01/2020,11:29:00,6.15,5.5,4000,5.7,4000,0,264000
ADANIENT30JAN20210CE.NFO,07/01/2020,11:29:05,6.15,5.5,4000,5.7,8000,0,264000
ADANIENT30JAN20210CE.NFO,07/01/2020,11:29:23,6.15,5.5,8000,5.7,8000,0,264000
ADANIENT30JAN20210CE.NFO,07/01/2020,11:29:26,5.7,5.5,8000,5.7,4000,4000,264000
ADANIENT30JAN20210CE.NFO,07/01/2020,11:29:26,5.7,5.5,8000,5.7,4000,0,264000
ADANIENT30JAN20210CE.NFO,07/01/2020,11:29:30,5.7,5.5,8000,5.75,12000,0,264000
ADANIENT30JAN20210CE.NFO,07/01/2020,11:29:34,5.7,5.55,4000,5.75,16000,0,264000
ADANIENT30JAN20210CE.NFO,07/01/2020,11:29:37,5.7,5.55,4000,5.8,16000,0,264000
ADANIENT30JAN20210CE.NFO,07/01/2020,11:29:45,5.7,5.7,8000,5.95,16000,0,264000
ADANIENT30JAN20210CE.NFO,07/01/2020,11:29:50,5.7,5.7,4000,5.85,4000,0,264000
ADANIENT30JAN20210CE.NFO,07/01/2020,11:29:54,5.7,5.7,4000,5.9,12000,0,264000
ADANIENT30JAN20210CE.NFO,07/01/2020,11:30:00,5.7,5.7,8000,5.95,12000,0,264000
ADANIENT30JAN20210CE.NFO,07/01/2020,11:30:04,5.7,5.7,8000,5.95,16000,0,264000
ADANIENT30JAN20210CE.NFO,07/01/2020,11:30:16,5.7,5.7,12000,5.95,16000,0,264000
ADANIENT30JAN20210CE.NFO,07/01/2020,11:30:20,5.7,5.7,4000,5.95,16000,0,264000
ADANIENT30JAN20210CE.NFO,07/01/2020,11:30:27,5.7,5.7,4000,5.95,12000,0,264000
ADANIENT30JAN20210CE.NFO,07/01/2020,11:30:31,5.7,5.7,8000,5.9,4000,0,264000
ADANIENT30JAN20210CE.NFO,07/01/2020,11:30:35,5.7,5.7,8000,5.95,12000,0,264000
ADANIENT30JAN20210CE.NFO,07/01/2020,11:30:36,5.7,5.7,8000,5.95,8000,0,264000
ADANIENT30JAN20210CE.NFO,07/01/2020,11:30:45,5.7,5.7,8000,5.95,4000,0,264000
ADANIENT30JAN20210CE.NFO,07/01/2020,11:30:50,5.7,5.7,12000,5.95,4000,0,264000
ADANIENT30JAN20210CE.NFO,07/01/2020,11:30:53,5.7,5.7,12000,5.95,8000,0,264000
ADANIENT30JAN20210CE.NFO,07/01/2020,11:30:55,5.7,5.75,4000,5.9,4000,0,264000
ADANIENT30JAN20210CE.NFO,07/01/2020,11:30:59,5.7,5.8,4000,6,12000,0,264000
ADANIENT30JAN20210CE.NFO,07/01/2020,11:31:11,5.7,5.8,8000,6,4000,0,264000
ADANIENT30JAN20210CE.NFO,07/01/2020,11:31:28,5.7,5.8,8000,6,8000,0,264000
ADANIENT30JAN20210CE.NFO,07/01/2020,11:31:31,5.7,5.8,4000,6,8000,0,264000
ADANIENT30JAN20210CE.NFO,07/01/2020,11:31:49,5.7,5.85,4000,6,4000,0,264000
ADANIENT30JAN20210CE.NFO,07/01/2020,11:32:06,5.7,5.8,4000,6,4000,0,264000
ADANIENT30JAN20210CE.NFO,07/01/2020,11:32:20,5.7,5.8,8000,6,4000,0,264000
ADANIENT30JAN20210CE.NFO,07/01/2020,11:32:28,5.7,5.8,4000,6,12000,0,264000
ADANIENT30JAN20210CE.NFO,07/01/2020,11:32:32,5.7,5.75,8000,5.95,4000,0,264000
ADANIENT30JAN20210CE.NFO,07/01/2020,11:32:57,5.7,5.75,8000,6,12000,0,264000
ADANIENT30JAN20210CE.NFO,07/01/2020,11:33:04,5.7,5.75,8000,5.95,4000,0,264000
ADANIENT30JAN20210CE.NFO,07/01/2020,11:33:08,5.7,5.75,8000,6,12000,0,264000
ADANIENT30JAN20210CE.NFO,07/01/2020,11:33:11,5.7,5.85,12000,6,4000,0,264000
ADANIENT30JAN20210CE.NFO,07/01/2020,11:33:18,6,5.95,8000,6.15,4000,4000,264000
ADANIENT30JAN20210CE.NFO,07/01/2020,11:33:22,6,5.95,12000,6.2,8000,0,264000
ADANIENT30JAN20210CE.NFO,07/01/2020,11:33:26,6,5.95,12000,6.2,4000,0,264000
ADANIENT30JAN20210CE.NFO,07/01/2020,11:33:29,6,5.95,12000,6.25,8000,0,264000
ADANIENT30JAN20210CE.NFO,07/01/2020,11:33:34,6,5.95,12000,6.2,4000,0,264000
ADANIENT30JAN20210CE.NFO,07/01/2020,11:33:38,6,5.95,12000,6.25,8000,0,264000
ADANIENT30JAN20210CE.NFO,07/01/2020,11:33:49,6,5.95,12000,6.2,4000,0,264000
ADANIENT30JAN20210CE.NFO,07/01/2020,11:33:59,6,6.05,4000,6.3,8000,0,264000
ADANIENT30JAN20210CE.NFO,07/01/2020,11:34:04,6,6,4000,6.25,8000,0,264000
ADANIENT30JAN20210CE.NFO,07/01/2020,11:34:17,6,6,8000,6.25,8000,0,264000
ADANIENT30JAN20210CE.NFO,07/01/2020,11:34:35,6,6.1,4000,6.25,8000,0,264000
ADANIENT30JAN20210CE.NFO,07/01/2020,11:34:52,6,6.1,4000,6.2,8000,0,264000
ADANIENT30JAN20210CE.NFO,07/01/2020,11:34:57,6,6.1,4000,6.25,4000,0,264000
ADANIENT30JAN20210CE.NFO,07/01/2020,11:35:03,6,6.1,8000,6.25,8000,0,264000
ADANIENT30JAN20210CE.NFO,07/01/2020,11:35:14,6,6.05,4000,6.2,8000,0,264000
ADANIENT30JAN20210CE.NFO,07/01/2020,11:35:19,6,6.1,4000,6.25,4000,0,264000
ADANIENT30JAN20210CE.NFO,07/01/2020,11:35:35,6,6.1,4000,6.3,4000,0,264000
ADANIENT30JAN20210CE.NFO,07/01/2020,11:35:41,6,6.1,4000,6.3,8000,0,264000
ADANIENT30JAN20210CE.NFO,07/01/2020,11:36:00,6,6.1,4000,6.25,4000,0,264000
ADANIENT30JAN20210CE.NFO,07/01/2020,11:36:05,6,6.1,8000,6.3,4000,0,264000
ADANIENT30JAN20210CE.NFO,07/01/2020,11:36:33,6,6.05,4000,6.25,4000,0,264000
ADANIENT30JAN20210CE.NFO,07/01/2020,11:36:42,6,6.05,4000,6.2,4000,0,264000
ADANIENT30JAN20210CE.NFO,07/01/2020,11:36:48,6,6.05,4000,6.25,4000,0,264000
ADANIENT30JAN20210CE.NFO,07/01/2020,11:36:54,6,6,8000,6.2,4000,0,264000
ADANIENT30JAN20210CE.NFO,07/01/2020,11:37:05,6,6,4000,6.2,4000,0,264000
ADANIENT30JAN20210CE.NFO,07/01/2020,11:37:17,6,6,4000,6.2,8000,0,264000
ADANIENT30JAN20210CE.NFO,07/01/2020,11:37:22,6,6,4000,6.2,4000,0,264000
ADANIENT30JAN20210CE.NFO,07/01/2020,11:37:42,6,6,4000,6.25,8000,0,264000
ADANIENT30JAN20210CE.NFO,07/01/2020,11:37:46,6,6,4000,6.2,4000,0,264000
ADANIENT30JAN20210CE.NFO,07/01/2020,11:37:51,6,6,4000,6.2,8000,0,264000
ADANIENT30JAN20210CE.NFO,07/01/2020,11:37:56,6,6,8000,6.2,8000,0,264000
ADANIENT30JAN20210CE.NFO,07/01/2020,11:38:11,6,6,4000,6.2,8000,0,264000
ADANIENT30JAN20210CE.NFO,07/01/2020,11:38:22,6,6.05,12000,6.25,8000,0,264000
ADANIENT30JAN20210CE.NFO,07/01/2020,11:38:33,6,6.05,8000,6.25,8000,0,264000
ADANIENT30JAN20210CE.NFO,07/01/2020,11:38:36,6,6.1,4000,6.3,12000,0,264000
ADANIENT30JAN20210CE.NFO,07/01/2020,11:38:39,6,6.05,4000,6.25,4000,0,264000
ADANIENT30JAN20210CE.NFO,07/01/2020,11:38:43,6,6.05,8000,6.2,4000,0,264000
ADANIENT30JAN20210CE.NFO,07/01/2020,11:38:48,6,6.05,4000,6.25,8000,0,264000
ADANIENT30JAN20210CE.NFO,07/01/2020,11:38:52,6,6.05,4000,6.25,4000,0,264000
ADANIENT30JAN20210CE.NFO,07/01/2020,11:38:56,6,6.05,8000,6.25,8000,0,264000
ADANIENT30JAN20210CE.NFO,07/01/2020,11:39:07,6,6.05,8000,6.2,4000,0,264000
ADANIENT30JAN20210CE.NFO,07/01/2020,11:39:10,6,6.05,4000,6.2,4000,0,264000
ADANIENT30JAN20210CE.NFO,07/01/2020,11:39:24,6,6,4000,6.15,8000,0,264000
ADANIENT30JAN20210CE.NFO,07/01/2020,11:39:28,6,6,4000,6.15,4000,0,264000
ADANIENT30JAN20210CE.NFO,07/01/2020,11:39:32,6,5.95,4000,6.1,4000,0,264000
ADANIENT30JAN20210CE.NFO,07/01/2020,11:39:43,6,5.9,4000,6.1,8000,0,264000
ADANIENT30JAN20210CE.NFO,07/01/2020,11:39:48,6,5.9,4000,6.05,4000,0,264000
ADANIENT30JAN20210CE.NFO,07/01/2020,11:40:02,6,5.85,4000,6,4000,0,264000
ADANIENT30JAN20210CE.NFO,07/01/2020,11:40:07,6,5.85,4000,6,8000,0,264000
ADANIENT30JAN20210CE.NFO,07/01/2020,11:40:11,6,5.85,4000,6,4000,0,264000
ADANIENT30JAN20210CE.NFO,07/01/2020,11:40:20,6,5.8,4000,6,8000,0,264000
ADANIENT30JAN20210CE.NFO,07/01/2020,11:40:31,6,5.8,4000,5.95,8000,0,264000
ADANIENT30JAN20210CE.NFO,07/01/2020,11:40:46,6,5.8,8000,5.95,8000,0,264000
ADANIENT30JAN20210CE.NFO,07/01/2020,11:40:53,6,5.75,4000,5.95,8000,0,264000
ADANIENT30JAN20210CE.NFO,07/01/2020,11:40:56,6,5.8,4000,5.95,8000,0,264000
ADANIENT30JAN20210CE.NFO,07/01/2020,11:40:59,6,5.75,4000,5.9,4000,0,264000
ADANIENT30JAN20210CE.NFO,07/01/2020,11:41:08,6,5.75,8000,5.9,8000,0,264000
ADANIENT30JAN20210CE.NFO,07/01/2020,11:41:14,6,5.8,4000,5.95,8000,0,264000
ADANIENT30JAN20210CE.NFO,07/01/2020,11:41:18,6,5.75,4000,5.95,8000,0,264000
ADANIENT30JAN20210CE.NFO,07/01/2020,11:41:21,6,5.8,4000,5.95,8000,0,264000
ADANIENT30JAN20210CE.NFO,07/01/2020,11:41:23,6,5.75,4000,5.95,8000,0,264000
ADANIENT30JAN20210CE.NFO,07/01/2020,11:41:26,6,5.75,4000,5.9,4000,0,264000
ADANIENT30JAN20210CE.NFO,07/01/2020,11:41:31,6,5.8,4000,5.9,4000,0,264000
ADANIENT30JAN20210CE.NFO,07/01/2020,11:41:34,6,5.75,4000,5.9,8000,0,264000
ADANIENT30JAN20210CE.NFO,07/01/2020,11:42:00,6,5.7,4000,5.85,4000,0,264000
ADANIENT30JAN20210CE.NFO,07/01/2020,11:42:04,6,5.75,4000,5.85,4000,0,264000
ADANIENT30JAN20210CE.NFO,07/01/2020,11:42:08,6,5.7,4000,5.85,4000,0,264000
ADANIENT30JAN20210CE.NFO,07/01/2020,11:42:16,6,5.75,8000,5.9,4000,0,264000
ADANIENT30JAN20210CE.NFO,07/01/2020,11:42:21,6,5.7,4000,5.9,8000,0,264000
ADANIENT30JAN20210CE.NFO,07/01/2020,11:42:28,6,5.7,4000,5.85,4000,0,264000
ADANIENT30JAN20210CE.NFO,07/01/2020,11:42:32,6,5.75,4000,5.9,4000,0,264000
ADANIENT30JAN20210CE.NFO,07/01/2020,11:42:46,6,5.75,8000,5.9,4000,0,264000
ADANIENT30JAN20210CE.NFO,07/01/2020,11:42:54,6,5.75,4000,5.9,4000,0,264000
ADANIENT30JAN20210CE.NFO,07/01/2020,11:43:10,6,5.75,4000,5.95,8000,0,264000
ADANIENT30JAN20210CE.NFO,07/01/2020,11:43:13,6,5.75,4000,5.9,4000,0,264000
ADANIENT30JAN20210CE.NFO,07/01/2020,11:43:29,6,5.75,8000,5.9,4000,0,264000
ADANIENT30JAN20210CE.NFO,07/01/2020,11:43:38,6,5.75,4000,5.9,12000,0,264000
ADANIENT30JAN20210CE.NFO,07/01/2020,11:43:41,6,5.75,4000,5.9,8000,0,264000
ADANIENT30JAN20210CE.NFO,07/01/2020,11:43:45,6,5.75,4000,5.9,12000,0,264000
ADANIENT30JAN20210CE.NFO,07/01/2020,11:43:51,6,5.75,4000,5.9,4000,0,264000
ADANIENT30JAN20210CE.NFO,07/01/2020,11:43:55,6,5.75,4000,5.9,12000,0,264000
ADANIENT30JAN20210CE.NFO,07/01/2020,11:44:28,6,5.7,4000,5.9,8000,0,264000
ADANIENT30JAN20210CE.NFO,07/01/2020,11:44:31,6,5.65,4000,5.85,4000,0,264000
ADANIENT30JAN20210CE.NFO,07/01/2020,11:44:34,6,5.7,4000,5.9,12000,0,264000
ADANIENT30JAN20210CE.NFO,07/01/2020,11:44:38,6,5.6,12000,5.85,8000,0,264000
ADANIENT30JAN20210CE.NFO,07/01/2020,11:44:42,6,5.6,16000,5.85,12000,0,264000
ADANIENT30JAN20210CE.NFO,07/01/2020,11:44:48,6,5.6,12000,5.85,8000,0,264000
ADANIENT30JAN20210CE.NFO,07/01/2020,11:44:51,6,5.6,12000,5.85,12000,0,264000
ADANIENT30JAN20210CE.NFO,07/01/2020,11:44:54,6,5.6,12000,5.8,4000,0,264000
ADANIENT30JAN20210CE.NFO,07/01/2020,11:45:09,6,5.6,4000,5.75,4000,0,264000
ADANIENT30JAN20210CE.NFO,07/01/2020,11:45:12,6,5.6,4000,5.75,8000,0,264000
ADANIENT30JAN20210CE.NFO,07/01/2020,11:45:14,6,5.55,4000,5.75,12000,0,264000
ADANIENT30JAN20210CE.NFO,07/01/2020,11:45:17,6,5.55,4000,5.75,16000,0,264000
ADANIENT30JAN20210CE.NFO,07/01/2020,11:45:24,6,5.55,4000,5.75,12000,0,264000
ADANIENT30JAN20210CE.NFO,07/01/2020,11:45:27,6,5.55,4000,5.75,8000,0,264000
ADANIENT30JAN20210CE.NFO,07/01/2020,11:45:31,6,5.55,4000,5.75,16000,0,264000
ADANIENT30JAN20210CE.NFO,07/01/2020,11:45:41,6,5.55,4000,5.75,8000,0,264000
ADANIENT30JAN20210CE.NFO,07/01/2020,11:45:49,6,5.55,4000,5.75,12000,0,264000
ADANIENT30JAN20210CE.NFO,07/01/2020,11:45:53,6,5.55,4000,5.75,8000,0,264000
ADANIENT30JAN20210CE.NFO,07/01/2020,11:46:00,6,5.55,4000,5.75,16000,0,264000
ADANIENT30JAN20210CE.NFO,07/01/2020,11:46:02,6,5.55,4000,5.7,4000,0,264000
ADANIENT30JAN20210CE.NFO,07/01/2020,11:46:04,6,5.55,4000,5.75,12000,0,264000
ADANIENT30JAN20210CE.NFO,07/01/2020,11:46:38,6,5.55,4000,5.7,4000,0,264000
ADANIENT30JAN20210CE.NFO,07/01/2020,11:46:43,6,5.55,4000,5.75,12000,0,264000
ADANIENT30JAN20210CE.NFO,07/01/2020,11:47:07,6,5.55,8000,5.7,4000,0,264000
ADANIENT30JAN20210CE.NFO,07/01/2020,11:47:14,6,5.55,8000,5.75,12000,0,264000
ADANIENT30JAN20210CE.NFO,07/01/2020,11:47:17,6,5.55,4000,5.7,8000,0,264000
ADANIENT30JAN20210CE.NFO,07/01/2020,11:47:22,6,5.55,4000,5.75,12000,0,264000
ADANIENT30JAN20210CE.NFO,07/01/2020,11:47:36,6,5.55,4000,5.7,12000,0,264000
ADANIENT30JAN20210CE.NFO,07/01/2020,11:47:39,6,5.55,4000,5.7,8000,0,264000
ADANIENT30JAN20210CE.NFO,07/01/2020,11:47:42,6,5.5,4000,5.7,12000,0,264000
ADANIENT30JAN20210CE.NFO,07/01/2020,11:47:52,6,5.55,4000,5.7,12000,0,264000
ADANIENT30JAN20210CE.NFO,07/01/2020,11:48:00,6,5.5,8000,5.65,4000,0,264000
ADANIENT30JAN20210CE.NFO,07/01/2020,11:48:07,6,5.55,4000,5.7,12000,0,264000
ADANIENT30JAN20210CE.NFO,07/01/2020,11:48:10,6,5.5,8000,5.65,8000,0,264000
ADANIENT30JAN20210CE.NFO,07/01/2020,11:48:14,6,5.5,4000,5.6,4000,0,264000
ADANIENT30JAN20210CE.NFO,07/01/2020,11:48:25,6,5.5,4000,5.65,8000,0,264000
ADANIENT30JAN20210CE.NFO,07/01/2020,11:48:46,6,5.55,4000,5.65,8000,0,264000
ADANIENT30JAN20210CE.NFO,07/01/2020,11:50:13,6,5.55,4000,5.65,4000,0,264000
ADANIENT30JAN20210CE.NFO,07/01/2020,11:50:18,6,5.55,4000,5.65,8000,0,264000
ADANIENT30JAN20210CE.NFO,07/01/2020,11:50:23,6,5.5,8000,5.65,4000,0,264000
ADANIENT30JAN20210CE.NFO,07/01/2020,11:50:27,6,5.55,4000,5.7,4000,0,264000
ADANIENT30JAN20210CE.NFO,07/01/2020,11:50:30,6,5.65,8000,5.85,12000,0,264000
ADANIENT30JAN20210CE.NFO,07/01/2020,11:50:34,6,5.65,8000,5.8,8000,0,264000
ADANIENT30JAN20210CE.NFO,07/01/2020,11:50:42,6,5.65,12000,5.8,8000,0,264000
ADANIENT30JAN20210CE.NFO,07/01/2020,11:50:48,6,5.6,4000,5.8,8000,0,264000
ADANIENT30JAN20210CE.NFO,07/01/2020,11:50:51,6,5.65,4000,5.8,8000,0,264000
ADANIENT30JAN20210CE.NFO,07/01/2020,11:51:01,6,5.65,4000,5.8,4000,0,264000
ADANIENT30JAN20210CE.NFO,07/01/2020,11:51:05,6,5.75,8000,5.9,4000,0,264000
ADANIENT30JAN20210CE.NFO,07/01/2020,11:51:10,6,5.8,4000,5.95,8000,0,264000
ADANIENT30JAN20210CE.NFO,07/01/2020,11:51:19,5.8,5.8,4000,5.95,8000,4000,264000
ADANIENT30JAN20210CE.NFO,07/01/2020,11:51:23,5.8,5.8,4000,5.95,4000,0,264000
ADANIENT30JAN20210CE.NFO,07/01/2020,11:51:27,5.8,5.8,4000,5.95,8000,0,264000
ADANIENT30JAN20210CE.NFO,07/01/2020,11:51:31,5.8,5.85,4000,6,8000,0,264000
ADANIENT30JAN20210CE.NFO,07/01/2020,11:51:36,5.8,5.8,12000,6,8000,0,264000
ADANIENT30JAN20210CE.NFO,07/01/2020,11:51:40,5.8,5.8,8000,5.95,4000,0,264000
ADANIENT30JAN20210CE.NFO,07/01/2020,11:51:43,5.8,5.75,4000,5.9,4000,0,264000
ADANIENT30JAN20210CE.NFO,07/01/2020,11:51:47,5.8,5.65,8000,5.85,8000,0,264000
ADANIENT30JAN20210CE.NFO,07/01/2020,11:51:53,5.8,5.65,8000,5.85,12000,0,264000
ADANIENT30JAN20210CE.NFO,07/01/2020,11:52:03,5.8,5.65,16000,5.85,8000,0,264000
ADANIENT30JAN20210CE.NFO,07/01/2020,11:52:06,5.8,5.65,16000,5.85,12000,0,264000
ADANIENT30JAN20210CE.NFO,07/01/2020,11:52:14,5.8,5.65,8000,5.85,12000,0,264000
ADANIENT30JAN20210CE.NFO,07/01/2020,11:52:18,5.8,5.7,4000,5.85,12000,0,264000
ADANIENT30JAN20210CE.NFO,07/01/2020,11:52:21,5.8,5.65,12000,5.85,12000,0,264000
ADANIENT30JAN20210CE.NFO,07/01/2020,11:52:29,5.8,5.65,4000,5.85,16000,0,264000
ADANIENT30JAN20210CE.NFO,07/01/2020,11:52:38,5.8,5.65,8000,5.75,4000,0,264000
ADANIENT30JAN20210CE.NFO,07/01/2020,11:52:40,5.8,5.6,12000,5.8,4000,0,264000
ADANIENT30JAN20210CE.NFO,07/01/2020,11:52:49,5.8,5.6,8000,5.75,4000,0,264000
ADANIENT30JAN20210CE.NFO,07/01/2020,11:52:52,5.8,5.65,4000,5.8,4000,0,264000
ADANIENT30JAN20210CE.NFO,07/01/2020,11:52:55,5.8,5.7,4000,5.8,4000,0,264000
ADANIENT30JAN20210CE.NFO,07/01/2020,11:52:58,5.8,5.65,4000,5.8,4000,0,264000
ADANIENT30JAN20210CE.NFO,07/01/2020,11:53:10,5.8,5.7,4000,5.8,4000,0,264000
ADANIENT30JAN20210CE.NFO,07/01/2020,11:53:13,5.8,5.65,4000,5.85,8000,0,264000
ADANIENT30JAN20210CE.NFO,07/01/2020,11:53:16,5.8,5.65,12000,5.85,8000,0,264000
ADANIENT30JAN20210CE.NFO,07/01/2020,11:53:19,5.8,5.65,8000,5.8,4000,0,264000
ADANIENT30JAN20210CE.NFO,07/01/2020,11:53:23,5.8,5.6,8000,5.8,12000,0,264000
ADANIENT30JAN20210CE.NFO,07/01/2020,11:53:33,5.8,5.6,8000,5.8,8000,0,264000
ADANIENT30JAN20210CE.NFO,07/01/2020,11:53:36,5.8,5.6,8000,5.75,4000,0,264000
ADANIENT30JAN20210CE.NFO,07/01/2020,11:53:47,5.8,5.6,8000,5.8,12000,0,264000
ADANIENT30JAN20210CE.NFO,07/01/2020,11:53:50,5.8,5.6,8000,5.75,4000,0,264000
ADANIENT30JAN20210CE.NFO,07/01/2020,11:53:52,5.8,5.65,4000,5.8,8000,0,264000
ADANIENT30JAN20210CE.NFO,07/01/2020,11:53:55,5.8,5.6,4000,5.75,8000,0,264000
ADANIENT30JAN20210CE.NFO,07/01/2020,11:53:57,5.8,5.6,4000,5.75,12000,0,264000
ADANIENT30JAN20210CE.NFO,07/01/2020,11:54:04,5.8,5.6,4000,5.75,8000,0,264000
ADANIENT30JAN20210CE.NFO,07/01/2020,11:54:09,5.8,5.6,4000,5.75,4000,0,264000
ADANIENT30JAN20210CE.NFO,07/01/2020,11:54:11,5.8,5.6,8000,5.75,4000,0,264000
ADANIENT30JAN20210CE.NFO,07/01/2020,11:54:15,5.8,5.55,4000,5.75,16000,0,264000
ADANIENT30JAN20210CE.NFO,07/01/2020,11:54:18,5.8,5.6,4000,5.75,8000,0,264000
ADANIENT30JAN20210CE.NFO,07/01/2020,11:54:25,5.8,5.6,8000,5.75,8000,0,264000
ADANIENT30JAN20210CE.NFO,07/01/2020,11:54:28,5.8,5.6,8000,5.75,12000,0,264000
ADANIENT30JAN20210CE.NFO,07/01/2020,11:54:31,5.8,5.6,4000,5.75,12000,0,264000
ADANIENT30JAN20210CE.NFO,07/01/2020,11:54:34,5.8,5.6,8000,5.75,12000,0,264000
ADANIENT30JAN20210CE.NFO,07/01/2020,11:54:44,5.8,5.6,4000,5.8,12000,0,264000
ADANIENT30JAN20210CE.NFO,07/01/2020,11:54:49,5.8,5.6,8000,5.8,12000,0,264000
ADANIENT30JAN20210CE.NFO,07/01/2020,11:55:01,5.8,5.6,4000,5.7,4000,0,264000
ADANIENT30JAN20210CE.NFO,07/01/2020,11:55:08,5.8,5.6,4000,5.75,12000,0,264000
ADANIENT30JAN20210CE.NFO,07/01/2020,11:55:12,5.8,5.6,4000,5.7,4000,0,264000
ADANIENT30JAN20210CE.NFO,07/01/2020,11:55:18,5.8,5.6,4000,5.75,8000,0,264000
ADANIENT30JAN20210CE.NFO,07/01/2020,11:55:21,5.8,5.65,4000,5.75,12000,0,264000
ADANIENT30JAN20210CE.NFO,07/01/2020,11:55:24,5.8,5.65,4000,5.7,4000,0,264000
ADANIENT30JAN20210CE.NFO,07/01/2020,11:55:27,5.65,5.55,4000,5.7,4000,4000,268000
ADANIENT30JAN20210CE.NFO,07/01/2020,11:55:27,5.65,5.55,4000,5.7,4000,0,268000
ADANIENT30JAN20210CE.NFO,07/01/2020,11:55:30,5.65,5.55,4000,5.7,4000,0,268000
ADANIENT30JAN20210CE.NFO,07/01/2020,11:55:47,5.65,5.55,12000,5.7,4000,0,268000
ADANIENT30JAN20210CE.NFO,07/01/2020,11:56:07,5.65,5.5,12000,5.65,4000,0,268000
ADANIENT30JAN20210CE.NFO,07/01/2020,11:56:10,5.65,5.5,12000,5.7,4000,0,268000
ADANIENT30JAN20210CE.NFO,07/01/2020,11:56:12,5.65,5.55,4000,5.7,4000,0,268000
ADANIENT30JAN20210CE.NFO,07/01/2020,11:56:14,5.65,5.5,12000,5.65,8000,0,268000
ADANIENT30JAN20210CE.NFO,07/01/2020,11:56:21,5.65,5.5,12000,5.7,8000,0,268000
ADANIENT30JAN20210CE.NFO,07/01/2020,11:56:23,5.65,5.55,4000,5.7,4000,0,268000
ADANIENT30JAN20210CE.NFO,07/01/2020,11:56:49,5.65,5.5,12000,5.65,4000,0,268000
ADANIENT30JAN20210CE.NFO,07/01/2020,11:56:51,5.65,5.55,4000,5.7,4000,0,268000
ADANIENT30JAN20210CE.NFO,07/01/2020,11:57:12,5.65,5.5,12000,5.65,4000,0,268000
ADANIENT30JAN20210CE.NFO,07/01/2020,11:57:20,5.65,5.5,12000,5.7,12000,0,268000
ADANIENT30JAN20210CE.NFO,07/01/2020,11:57:23,5.65,5.55,4000,5.7,8000,0,268000
ADANIENT30JAN20210CE.NFO,07/01/2020,11:57:26,5.65,5.55,4000,5.75,16000,0,268000
ADANIENT30JAN20210CE.NFO,07/01/2020,11:57:32,5.65,5.55,4000,5.65,4000,0,268000
ADANIENT30JAN20210CE.NFO,07/01/2020,11:57:36,5.65,5.5,4000,5.65,4000,0,268000
ADANIENT30JAN20210CE.NFO,07/01/2020,11:57:40,5.65,5.5,12000,5.7,12000,0,268000
ADANIENT30JAN20210CE.NFO,07/01/2020,11:57:46,5.65,5.5,4000,5.65,4000,0,268000
ADANIENT30JAN20210CE.NFO,07/01/2020,11:57:50,5.65,5.5,4000,5.65,16000,0,268000
ADANIENT30JAN20210CE.NFO,07/01/2020,11:58:12,5.65,5.5,4000,5.7,16000,0,268000
ADANIENT30JAN20210CE.NFO,07/01/2020,11:58:48,5.65,5.55,4000,5.7,4000,0,268000
ADANIENT30JAN20210CE.NFO,07/01/2020,11:59:18,5.65,5.55,4000,5.7,8000,0,268000
ADANIENT30JAN20210CE.NFO,07/01/2020,11:59:27,5.65,5.55,4000,5.7,12000,0,268000
ADANIENT30JAN20210CE.NFO,07/01/2020,11:59:30,5.65,5.55,4000,5.7,4000,0,268000
ADANIENT30JAN20210CE.NFO,07/01/2020,11:59:37,5.65,5.55,4000,5.7,12000,0,268000
ADANIENT30JAN20210CE.NFO,07/01/2020,11:59:47,5.65,5.55,4000,5.65,4000,0,268000
ADANIENT30JAN20210CE.NFO,07/01/2020,12:00:12,5.65,5.5,8000,5.6,4000,0,268000
ADANIENT30JAN20210CE.NFO,07/01/2020,12:00:30,5.65,5.5,8000,5.65,8000,0,268000
ADANIENT30JAN20210CE.NFO,07/01/2020,12:01:10,5.65,5.5,8000,5.65,4000,0,268000
ADANIENT30JAN20210CE.NFO,07/01/2020,12:01:23,5.65,5.5,8000,5.7,12000,0,268000
ADANIENT30JAN20210CE.NFO,07/01/2020,12:01:56,5.65,5.55,4000,5.7,12000,0,268000
ADANIENT30JAN20210CE.NFO,07/01/2020,12:01:58,5.65,5.5,12000,5.7,12000,0,268000
ADANIENT30JAN20210CE.NFO,07/01/2020,12:02:03,5.65,5.55,4000,5.7,12000,0,268000
ADANIENT30JAN20210CE.NFO,07/01/2020,12:02:19,5.65,5.55,4000,5.7,8000,0,268000
ADANIENT30JAN20210CE.NFO,07/01/2020,12:02:21,5.65,5.5,20000,5.7,8000,0,268000
ADANIENT30JAN20210CE.NFO,07/01/2020,12:02:24,5.65,5.55,4000,5.7,8000,0,268000
ADANIENT30JAN20210CE.NFO,07/01/2020,12:02:38,5.65,5.6,8000,5.8,8000,0,268000
ADANIENT30JAN20210CE.NFO,07/01/2020,12:02:44,5.65,5.65,8000,5.85,8000,0,268000
ADANIENT30JAN20210CE.NFO,07/01/2020,12:02:49,5.65,5.6,8000,5.8,8000,0,268000
ADANIENT30JAN20210CE.NFO,07/01/2020,12:03:05,5.65,5.55,12000,5.75,4000,0,268000
ADANIENT30JAN20210CE.NFO,07/01/2020,12:03:14,5.65,5.55,4000,5.7,4000,0,268000
ADANIENT30JAN20210CE.NFO,07/01/2020,12:03:21,5.65,5.55,8000,5.75,8000,0,268000
ADANIENT30JAN20210CE.NFO,07/01/2020,12:03:25,5.65,5.55,4000,5.7,4000,0,268000
ADANIENT30JAN20210CE.NFO,07/01/2020,12:03:29,5.65,5.5,20000,5.7,8000,0,268000
ADANIENT30JAN20210CE.NFO,07/01/2020,12:03:38,5.65,5.5,12000,5.7,8000,0,268000
ADANIENT30JAN20210CE.NFO,07/01/2020,12:03:41,5.65,5.6,4000,5.75,8000,0,268000
ADANIENT30JAN20210CE.NFO,07/01/2020,12:03:48,5.65,5.55,4000,5.7,4000,0,268000
ADANIENT30JAN20210CE.NFO,07/01/2020,12:03:54,5.65,5.55,8000,5.75,8000,0,268000
ADANIENT30JAN20210CE.NFO,07/01/2020,12:04:15,5.65,5.55,16000,5.75,8000,0,268000
ADANIENT30JAN20210CE.NFO,07/01/2020,12:04:18,5.65,5.6,4000,5.75,4000,0,268000
ADANIENT30JAN20210CE.NFO,07/01/2020,12:04:28,5.65,5.6,16000,5.8,8000,0,268000
ADANIENT30JAN20210CE.NFO,07/01/2020,12:04:37,5.65,5.65,4000,5.8,8000,0,268000
ADANIENT30JAN20210CE.NFO,07/01/2020,12:04:53,5.65,5.6,4000,5.75,4000,0,268000
ADANIENT30JAN20210CE.NFO,07/01/2020,12:04:59,5.65,5.6,8000,5.75,4000,0,268000
ADANIENT30JAN20210CE.NFO,07/01/2020,12:05:05,5.65,5.65,4000,5.8,8000,0,268000
ADANIENT30JAN20210CE.NFO,07/01/2020,12:05:54,5.65,5.6,4000,5.75,8000,0,268000
ADANIENT30JAN20210CE.NFO,07/01/2020,12:05:58,5.65,5.6,4000,5.8,8000,0,268000
ADANIENT30JAN20210CE.NFO,07/01/2020,12:06:01,5.65,5.6,4000,5.75,4000,0,268000
ADANIENT30JAN20210CE.NFO,07/01/2020,12:06:04,5.65,5.6,4000,5.8,8000,0,268000
ADANIENT30JAN20210CE.NFO,07/01/2020,12:06:18,5.65,5.65,4000,5.8,4000,0,268000
ADANIENT30JAN20210CE.NFO,07/01/2020,12:06:50,5.65,5.65,4000,5.8,12000,0,268000
ADANIENT30JAN20210CE.NFO,07/01/2020,12:06:52,5.65,5.65,4000,5.8,8000,0,268000
ADANIENT30JAN20210CE.NFO,07/01/2020,12:07:56,5.65,5.7,4000,5.85,8000,0,268000
ADANIENT30JAN20210CE.NFO,07/01/2020,12:08:05,5.65,5.65,16000,5.85,8000,0,268000
ADANIENT30JAN20210CE.NFO,07/01/2020,12:08:09,5.65,5.7,8000,5.85,8000,0,268000
ADANIENT30JAN20210CE.NFO,07/01/2020,12:08:20,5.65,5.75,8000,5.9,4000,0,268000
ADANIENT30JAN20210CE.NFO,07/01/2020,12:08:27,5.65,5.7,16000,5.85,4000,0,268000
ADANIENT30JAN20210CE.NFO,07/01/2020,12:08:33,5.65,5.75,12000,5.9,4000,0,268000
ADANIENT30JAN20210CE.NFO,07/01/2020,12:08:51,5.65,5.75,12000,5.95,8000,0,268000
ADANIENT30JAN20210CE.NFO,07/01/2020,12:08:55,5.65,5.75,12000,5.9,4000,0,268000
ADANIENT30JAN20210CE.NFO,07/01/2020,12:09:05,5.65,5.75,12000,5.95,8000,0,268000
ADANIENT30JAN20210CE.NFO,07/01/2020,12:09:14,5.65,5.75,12000,5.9,4000,0,268000
ADANIENT30JAN20210CE.NFO,07/01/2020,12:09:20,5.65,5.75,12000,5.95,8000,0,268000
ADANIENT30JAN20210CE.NFO,07/01/2020,12:09:23,5.65,5.75,12000,5.9,4000,0,268000
ADANIENT30JAN20210CE.NFO,07/01/2020,12:09:26,5.65,5.75,20000,5.9,4000,0,268000
ADANIENT30JAN20210CE.NFO,07/01/2020,12:09:32,5.65,5.7,16000,5.85,4000,0,268000
ADANIENT30JAN20210CE.NFO,07/01/2020,12:09:38,5.65,5.7,8000,5.85,8000,0,268000
ADANIENT30JAN20210CE.NFO,07/01/2020,12:09:51,5.65,5.65,16000,5.75,4000,0,268000
ADANIENT30JAN20210CE.NFO,07/01/2020,12:10:00,5.65,5.65,16000,5.8,4000,0,268000
ADANIENT30JAN20210CE.NFO,07/01/2020,12:10:30,5.65,5.65,12000,5.8,4000,0,268000
ADANIENT30JAN20210CE.NFO,07/01/2020,12:10:32,5.65,5.7,4000,5.85,8000,0,268000
ADANIENT30JAN20210CE.NFO,07/01/2020,12:10:42,5.65,5.65,16000,5.85,12000,0,268000
ADANIENT30JAN20210CE.NFO,07/01/2020,12:10:44,5.65,5.7,4000,5.8,4000,0,268000
ADANIENT30JAN20210CE.NFO,07/01/2020,12:11:01,5.65,5.7,8000,5.85,4000,0,268000
ADANIENT30JAN20210CE.NFO,07/01/2020,12:11:04,5.65,5.7,8000,5.85,8000,0,268000
ADANIENT30JAN20210CE.NFO,07/01/2020,12:11:21,5.65,5.7,8000,5.85,4000,0,268000
ADANIENT30JAN20210CE.NFO,07/01/2020,12:11:50,5.65,5.7,16000,5.9,8000,0,268000
ADANIENT30JAN20210CE.NFO,07/01/2020,12:12:06,5.65,5.7,16000,5.85,4000,0,268000
ADANIENT30JAN20210CE.NFO,07/01/2020,12:12:13,5.65,5.7,8000,5.85,4000,0,268000
ADANIENT30JAN20210CE.NFO,07/01/2020,12:12:18,5.65,5.7,8000,5.85,8000,0,268000
ADANIENT30JAN20210CE.NFO,07/01/2020,12:13:08,5.65,5.75,8000,5.9,4000,0,268000
ADANIENT30JAN20210CE.NFO,07/01/2020,12:13:22,5.65,5.75,16000,5.95,8000,0,268000
ADANIENT30JAN20210CE.NFO,07/01/2020,12:13:26,5.65,5.75,8000,5.9,4000,0,268000
ADANIENT30JAN20210CE.NFO,07/01/2020,12:13:58,5.65,5.75,4000,5.85,4000,0,268000
ADANIENT30JAN20210CE.NFO,07/01/2020,12:14:03,5.65,5.7,4000,5.85,12000,0,268000
ADANIENT30JAN20210CE.NFO,07/01/2020,12:14:18,5.65,5.7,8000,5.85,4000,0,268000
ADANIENT30JAN20210CE.NFO,07/01/2020,12:14:47,5.65,5.7,16000,5.85,4000,0,268000
ADANIENT30JAN20210CE.NFO,07/01/2020,12:14:50,5.65,5.7,8000,5.85,4000,0,268000
ADANIENT30JAN20210CE.NFO,07/01/2020,12:15:37,5.65,5.6,16000,5.8,12000,0,268000
ADANIENT30JAN20210CE.NFO,07/01/2020,12:15:41,5.65,5.65,8000,5.8,12000,0,268000
ADANIENT30JAN20210CE.NFO,07/01/2020,12:15:44,5.65,5.65,16000,5.85,8000,0,268000
ADANIENT30JAN20210CE.NFO,07/01/2020,12:15:47,5.65,5.65,8000,5.8,12000,0,268000
ADANIENT30JAN20210CE.NFO,07/01/2020,12:15:54,5.65,5.65,8000,5.8,8000,0,268000
ADANIENT30JAN20210CE.NFO,07/01/2020,12:16:09,5.65,5.65,8000,5.8,12000,0,268000
ADANIENT30JAN20210CE.NFO,07/01/2020,12:16:12,5.65,5.65,4000,5.8,12000,0,268000
ADANIENT30JAN20210CE.NFO,07/01/2020,12:16:15,5.65,5.65,8000,5.8,12000,0,268000
ADANIENT30JAN20210CE.NFO,07/01/2020,12:16:17,5.65,5.65,8000,5.8,8000,0,268000
ADANIENT30JAN20210CE.NFO,07/01/2020,12:16:19,5.65,5.7,4000,5.8,4000,0,268000
ADANIENT30JAN20210CE.NFO,07/01/2020,12:17:33,5.65,5.7,8000,5.8,4000,0,268000
ADANIENT30JAN20210CE.NFO,07/01/2020,12:18:06,5.65,5.7,8000,5.75,4000,0,268000
ADANIENT30JAN20210CE.NFO,07/01/2020,12:18:13,5.7,5.7,4000,5.8,4000,4000,264000
ADANIENT30JAN20210CE.NFO,07/01/2020,12:18:30,5.7,5.7,4000,5.8,4000,0,264000
ADANIENT30JAN20210CE.NFO,07/01/2020,12:18:54,5.7,5.7,4000,5.8,8000,0,264000
ADANIENT30JAN20210CE.NFO,07/01/2020,12:19:05,5.8,5.75,12000,5.9,4000,4000,264000
ADANIENT30JAN20210CE.NFO,07/01/2020,12:19:10,5.8,5.75,12000,5.9,4000,0,264000
ADANIENT30JAN20210CE.NFO,07/01/2020,12:19:14,5.8,5.8,4000,5.9,4000,0,264000
ADANIENT30JAN20210CE.NFO,07/01/2020,12:19:24,5.8,5.75,4000,5.85,4000,0,264000
ADANIENT30JAN20210CE.NFO,07/01/2020,12:19:26,5.8,5.75,4000,5.9,4000,0,264000
ADANIENT30JAN20210CE.NFO,07/01/2020,12:19:36,5.8,5.8,8000,5.9,4000,0,264000
ADANIENT30JAN20210CE.NFO,07/01/2020,12:19:42,5.8,5.8,8000,5.95,4000,0,264000
ADANIENT30JAN20210CE.NFO,07/01/2020,12:19:47,5.8,5.8,4000,5.9,4000,0,264000
ADANIENT30JAN20210CE.NFO,07/01/2020,12:20:38,5.8,5.75,8000,5.85,4000,0,264000
ADANIENT30JAN20210CE.NFO,07/01/2020,12:20:54,5.8,5.8,4000,5.9,4000,0,264000
ADANIENT30JAN20210CE.NFO,07/01/2020,12:21:04,5.8,5.75,4000,5.85,4000,0,264000
ADANIENT30JAN20210CE.NFO,07/01/2020,12:21:11,5.8,5.8,4000,5.9,4000,0,264000
ADANIENT30JAN20210CE.NFO,07/01/2020,12:21:25,5.8,5.75,4000,5.85,4000,0,264000
ADANIENT30JAN20210CE.NFO,07/01/2020,12:21:40,5.8,5.75,8000,5.9,4000,0,264000
ADANIENT30JAN20210CE.NFO,07/01/2020,12:21:55,5.8,5.75,4000,5.85,4000,0,264000
ADANIENT30JAN20210CE.NFO,07/01/2020,12:22:05,5.8,5.7,4000,5.85,8000,0,264000
ADANIENT30JAN20210CE.NFO,07/01/2020,12:22:10,5.8,5.7,4000,5.9,4000,0,264000
ADANIENT30JAN20210CE.NFO,07/01/2020,12:22:16,5.8,5.7,4000,5.85,4000,0,264000
ADANIENT30JAN20210CE.NFO,07/01/2020,12:22:33,5.8,5.75,4000,5.85,4000,0,264000
ADANIENT30JAN20210CE.NFO,07/01/2020,12:22:36,5.8,5.7,4000,5.85,4000,0,264000
ADANIENT30JAN20210CE.NFO,07/01/2020,12:23:34,5.85,5.7,4000,5.9,4000,4000,264000
ADANIENT30JAN20210CE.NFO,07/01/2020,12:23:41,5.85,5.7,4000,5.85,4000,0,264000
ADANIENT30JAN20210CE.NFO,07/01/2020,12:23:49,5.85,5.75,4000,5.9,4000,0,264000
ADANIENT30JAN20210CE.NFO,07/01/2020,12:23:51,5.85,5.7,4000,5.9,4000,0,264000
ADANIENT30JAN20210CE.NFO,07/01/2020,12:24:08,5.85,5.75,8000,5.9,4000,0,264000
ADANIENT30JAN20210CE.NFO,07/01/2020,12:24:14,5.85,5.8,4000,5.95,4000,0,264000
ADANIENT30JAN20210CE.NFO,07/01/2020,12:24:19,5.85,5.75,4000,5.95,8000,0,264000
ADANIENT30JAN20210CE.NFO,07/01/2020,12:24:25,5.85,5.75,4000,5.95,4000,0,264000
ADANIENT30JAN20210CE.NFO,07/01/2020,12:24:43,5.85,5.75,4000,5.9,4000,0,264000
ADANIENT30JAN20210CE.NFO,07/01/2020,12:25:09,5.85,5.75,4000,5.95,4000,0,264000
ADANIENT30JAN20210CE.NFO,07/01/2020,12:25:38,5.85,5.75,4000,6,8000,0,264000
ADANIENT30JAN20210CE.NFO,07/01/2020,12:25:42,5.85,5.75,4000,5.95,4000,0,264000
ADANIENT30JAN20210CE.NFO,07/01/2020,12:26:04,5.85,5.75,4000,5.95,8000,0,264000
ADANIENT30JAN20210CE.NFO,07/01/2020,12:26:31,5.85,5.7,4000,5.95,8000,0,264000
ADANIENT30JAN20210CE.NFO,07/01/2020,12:26:34,5.85,5.75,4000,5.9,4000,0,264000
ADANIENT30JAN20210CE.NFO,07/01/2020,12:26:42,5.85,5.7,4000,5.9,4000,0,264000
ADANIENT30JAN20210CE.NFO,07/01/2020,12:26:47,5.85,5.7,4000,5.9,8000,0,264000
ADANIENT30JAN20210CE.NFO,07/01/2020,12:26:49,5.85,5.7,4000,5.9,4000,0,264000
ADANIENT30JAN20210CE.NFO,07/01/2020,12:26:51,5.85,5.7,4000,5.9,8000,0,264000
ADANIENT30JAN20210CE.NFO,07/01/2020,12:26:54,5.85,5.7,4000,5.85,4000,0,264000
ADANIENT30JAN20210CE.NFO,07/01/2020,12:26:57,5.85,5.65,4000,5.85,4000,0,264000
ADANIENT30JAN20210CE.NFO,07/01/2020,12:27:07,5.85,5.65,4000,5.85,8000,0,264000
ADANIENT30JAN20210CE.NFO,07/01/2020,12:27:19,5.85,5.65,8000,5.85,8000,0,264000
ADANIENT30JAN20210CE.NFO,07/01/2020,12:27:41,5.85,5.7,4000,5.85,8000,0,264000
ADANIENT30JAN20210CE.NFO,07/01/2020,12:28:01,5.85,5.65,12000,5.85,4000,0,264000
ADANIENT30JAN20210CE.NFO,07/01/2020,12:28:03,5.85,5.7,4000,5.85,8000,0,264000
ADANIENT30JAN20210CE.NFO,07/01/2020,12:28:55,5.85,5.65,4000,5.8,8000,0,264000
ADANIENT30JAN20210CE.NFO,07/01/2020,12:29:01,5.85,5.6,4000,5.75,4000,0,264000
ADANIENT30JAN20210CE.NFO,07/01/2020,12:29:07,5.85,5.6,4000,5.75,8000,0,264000
ADANIENT30JAN20210CE.NFO,07/01/2020,12:29:15,5.85,5.65,4000,5.8,8000,0,264000
ADANIENT30JAN20210CE.NFO,07/01/2020,12:29:21,5.85,5.65,8000,5.8,8000,0,264000
ADANIENT30JAN20210CE.NFO,07/01/2020,12:29:29,5.85,5.65,8000,5.85,8000,0,264000
ADANIENT30JAN20210CE.NFO,07/01/2020,12:30:01,5.85,5.75,4000,5.85,4000,0,264000
ADANIENT30JAN20210CE.NFO,07/01/2020,12:30:06,5.85,5.7,4000,5.85,8000,0,264000
ADANIENT30JAN20210CE.NFO,07/01/2020,12:30:21,5.85,5.65,4000,5.8,4000,0,264000
ADANIENT30JAN20210CE.NFO,07/01/2020,12:30:33,5.85,5.7,8000,5.85,8000,0,264000
ADANIENT30JAN20210CE.NFO,07/01/2020,12:30:45,5.85,5.65,8000,5.8,4000,0,264000
ADANIENT30JAN20210CE.NFO,07/01/2020,12:30:53,5.85,5.75,4000,5.85,8000,0,264000
ADANIENT30JAN20210CE.NFO,07/01/2020,12:32:06,5.85,5.7,4000,5.85,8000,0,264000
ADANIENT30JAN20210CE.NFO,07/01/2020,12:32:12,5.85,5.7,4000,5.8,4000,0,264000
ADANIENT30JAN20210CE.NFO,07/01/2020,12:32:27,5.85,5.65,4000,5.8,8000,0,264000
ADANIENT30JAN20210CE.NFO,07/01/2020,12:32:34,5.85,5.6,4000,5.75,4000,0,264000
ADANIENT30JAN20210CE.NFO,07/01/2020,12:32:40,5.85,5.65,8000,5.8,4000,0,264000
ADANIENT30JAN20210CE.NFO,07/01/2020,12:32:49,5.85,5.65,8000,5.8,8000,0,264000
ADANIENT30JAN20210CE.NFO,07/01/2020,12:32:53,5.85,5.65,4000,5.8,8000,0,264000
ADANIENT30JAN20210CE.NFO,07/01/2020,12:32:57,5.85,5.6,8000,5.8,4000,0,264000
ADANIENT30JAN20210CE.NFO,07/01/2020,12:33:00,5.85,5.65,4000,5.8,8000,0,264000
ADANIENT30JAN20210CE.NFO,07/01/2020,12:33:09,5.85,5.65,4000,5.8,4000,0,264000
ADANIENT30JAN20210CE.NFO,07/01/2020,12:33:14,5.85,5.7,4000,5.85,8000,0,264000
ADANIENT30JAN20210CE.NFO,07/01/2020,12:34:00,5.85,5.65,4000,5.8,4000,0,264000
ADANIENT30JAN20210CE.NFO,07/01/2020,12:34:10,5.85,5.65,8000,5.85,8000,0,264000
ADANIENT30JAN20210CE.NFO,07/01/2020,12:34:21,5.85,5.65,8000,5.85,12000,0,264000
ADANIENT30JAN20210CE.NFO,07/01/2020,12:34:24,5.85,5.65,8000,5.8,4000,0,264000
ADANIENT30JAN20210CE.NFO,07/01/2020,12:34:30,5.85,5.7,4000,5.85,4000,0,264000
ADANIENT30JAN20210CE.NFO,07/01/2020,12:34:35,5.85,5.75,4000,5.9,12000,0,264000
ADANIENT30JAN20210CE.NFO,07/01/2020,12:34:39,5.85,5.65,8000,5.9,12000,0,264000
ADANIENT30JAN20210CE.NFO,07/01/2020,12:34:42,5.85,5.7,4000,5.9,12000,0,264000
ADANIENT30JAN20210CE.NFO,07/01/2020,12:35:03,5.85,5.75,4000,5.9,4000,0,264000
ADANIENT30JAN20210CE.NFO,07/01/2020,12:35:13,5.85,5.7,4000,5.9,4000,0,264000
ADANIENT30JAN20210CE.NFO,07/01/2020,12:35:17,5.7,5.65,4000,5.85,4000,4000,268000
ADANIENT30JAN20210CE.NFO,07/01/2020,12:35:19,5.7,5.65,4000,5.85,4000,0,268000
ADANIENT30JAN20210CE.NFO,07/01/2020,12:35:26,5.7,5.65,4000,5.9,8000,0,268000
ADANIENT30JAN20210CE.NFO,07/01/2020,12:35:28,5.7,5.65,4000,5.9,4000,0,268000
ADANIENT30JAN20210CE.NFO,07/01/2020,12:35:42,5.7,5.65,4000,5.9,8000,0,268000
ADANIENT30JAN20210CE.NFO,07/01/2020,12:35:45,5.7,5.65,4000,5.85,4000,0,268000
ADANIENT30JAN20210CE.NFO,07/01/2020,12:35:48,5.7,5.65,4000,5.9,12000,0,268000
ADANIENT30JAN20210CE.NFO,07/01/2020,12:35:52,5.7,5.65,4000,5.9,8000,0,268000
ADANIENT30JAN20210CE.NFO,07/01/2020,12:35:55,5.7,5.65,4000,5.9,4000,0,268000
ADANIENT30JAN20210CE.NFO,07/01/2020,12:36:17,5.7,5.65,4000,5.9,8000,0,268000
ADANIENT30JAN20210CE.NFO,07/01/2020,12:36:26,5.7,5.6,4000,5.85,8000,0,268000
ADANIENT30JAN20210CE.NFO,07/01/2020,12:36:36,5.7,5.6,4000,5.85,12000,0,268000
ADANIENT30JAN20210CE.NFO,07/01/2020,12:36:50,5.7,5.6,4000,5.85,16000,0,268000
ADANIENT30JAN20210CE.NFO,07/01/2020,12:36:55,5.7,5.6,4000,5.8,4000,0,268000
ADANIENT30JAN20210CE.NFO,07/01/2020,12:36:57,5.7,5.6,4000,5.85,16000,0,268000
ADANIENT30JAN20210CE.NFO,07/01/2020,12:36:59,5.7,5.6,4000,5.85,12000,0,268000
ADANIENT30JAN20210CE.NFO,07/01/2020,12:37:05,5.7,5.6,4000,5.85,16000,0,268000
ADANIENT30JAN20210CE.NFO,07/01/2020,12:37:18,5.7,5.6,4000,5.85,12000,0,268000
ADANIENT30JAN20210CE.NFO,07/01/2020,12:37:33,5.7,5.6,4000,5.85,16000,0,268000
ADANIENT30JAN20210CE.NFO,07/01/2020,12:37:36,5.7,5.6,4000,5.85,8000,0,268000
ADANIENT30JAN20210CE.NFO,07/01/2020,12:37:58,5.7,5.6,4000,5.85,12000,0,268000
ADANIENT30JAN20210CE.NFO,07/01/2020,12:38:00,5.7,5.6,4000,5.85,16000,0,268000
ADANIENT30JAN20210CE.NFO,07/01/2020,12:38:02,5.7,5.6,4000,5.8,4000,0,268000
ADANIENT30JAN20210CE.NFO,07/01/2020,12:38:06,5.7,5.6,4000,5.85,8000,0,268000
ADANIENT30JAN20210CE.NFO,07/01/2020,12:38:10,5.7,5.55,4000,5.8,4000,0,268000
ADANIENT30JAN20210CE.NFO,07/01/2020,12:38:16,5.7,5.6,8000,5.8,4000,0,268000
ADANIENT30JAN20210CE.NFO,07/01/2020,12:38:18,5.7,5.6,4000,5.85,12000,0,268000
ADANIENT30JAN20210CE.NFO,07/01/2020,12:38:25,5.7,5.6,4000,5.85,8000,0,268000
ADANIENT30JAN20210CE.NFO,07/01/2020,12:38:28,5.7,5.6,4000,5.85,12000,0,268000
ADANIENT30JAN20210CE.NFO,07/01/2020,12:38:36,5.7,5.55,4000,5.85,12000,0,268000
