Ticker,Date,Time,LTP,BuyPrice,BuyQty,SellPrice,SellQty,LTQ,OpenInterest
ADANIPOWER30JAN2062CE.NFO,07/01/2020,09:21:03,2.65,2.4,50000,2.75,10000,10000,180000
ADANIPOWER30JAN2062CE.NFO,07/01/2020,09:21:03,2.65,2.4,50000,2.75,10000,0,180000
ADANIPOWER30JAN2062CE.NFO,07/01/2020,09:21:03,2.65,2.4,50000,2.75,10000,0,180000
ADANIPOWER30JAN2062CE.NFO,07/01/2020,09:21:03,2.65,2.4,50000,2.75,10000,0,180000
ADANIPOWER30JAN2062CE.NFO,07/01/2020,09:21:11,2.65,2.45,10000,2.6,10000,0,180000
ADANIPOWER30JAN2062CE.NFO,07/01/2020,09:21:33,2.65,2.55,10000,2.6,10000,0,180000
ADANIPOWER30JAN2062CE.NFO,07/01/2020,09:21:40,2.55,2.4,10000,2.7,20000,10000,180000
ADANIPOWER30JAN2062CE.NFO,07/01/2020,09:21:40,2.55,2.4,10000,2.7,20000,0,180000
ADANIPOWER30JAN2062CE.NFO,07/01/2020,09:21:48,2.55,2.4,10000,2.7,20000,0,180000
ADANIPOWER30JAN2062CE.NFO,07/01/2020,09:22:50,2.4,2.35,20000,2.5,10000,10000,180000
ADANIPOWER30JAN2062CE.NFO,07/01/2020,09:22:50,2.4,2.35,20000,2.5,10000,0,180000
ADANIPOWER30JAN2062CE.NFO,07/01/2020,09:22:56,2.4,2.35,20000,2.5,10000,0,180000
ADANIPOWER30JAN2062CE.NFO,07/01/2020,09:23:03,2.4,2.35,20000,2.5,20000,0,180000
ADANIPOWER30JAN2062CE.NFO,07/01/2020,09:23:09,2.4,2.35,20000,2.55,20000,0,180000
ADANIPOWER30JAN2062CE.NFO,07/01/2020,09:23:23,2.4,2.35,10000,2.55,20000,0,180000
ADANIPOWER30JAN2062CE.NFO,07/01/2020,09:23:29,2.4,2.35,20000,2.55,20000,0,180000
ADANIPOWER30JAN2062CE.NFO,07/01/2020,09:24:03,2.4,2.35,20000,2.5,20000,0,180000
ADANIPOWER30JAN2062CE.NFO,07/01/2020,09:24:17,2.4,2.35,20000,2.55,20000,0,180000
ADANIPOWER30JAN2062CE.NFO,07/01/2020,09:24:38,2.4,2.3,10000,2.5,20000,0,180000
ADANIPOWER30JAN2062CE.NFO,07/01/2020,09:24:51,2.4,2.3,10000,2.45,10000,0,180000
ADANIPOWER30JAN2062CE.NFO,07/01/2020,09:25:03,2.4,2.25,10000,2.45,20000,0,180000
ADANIPOWER30JAN2062CE.NFO,07/01/2020,09:25:32,2.4,2.3,20000,2.5,20000,0,180000
ADANIPOWER30JAN2062CE.NFO,07/01/2020,09:25:40,2.4,2.3,10000,2.5,20000,0,180000
ADANIPOWER30JAN2062CE.NFO,07/01/2020,09:25:49,2.4,2.3,80000,2.6,20000,0,180000
ADANIPOWER30JAN2062CE.NFO,07/01/2020,09:26:03,2.4,2.3,20000,2.5,20000,0,180000
ADANIPOWER30JAN2062CE.NFO,07/01/2020,09:26:41,2.4,2.4,10000,2.5,20000,0,180000
ADANIPOWER30JAN2062CE.NFO,07/01/2020,09:27:44,2.4,2.45,10000,2.5,20000,0,180000
ADANIPOWER30JAN2062CE.NFO,07/01/2020,09:28:00,2.45,2.3,20000,2.45,20000,10000,200000
ADANIPOWER30JAN2062CE.NFO,07/01/2020,09:28:10,2.45,2.25,10000,2.4,10000,0,200000
ADANIPOWER30JAN2062CE.NFO,07/01/2020,09:28:28,2.45,2.3,20000,2.45,10000,0,200000
ADANIPOWER30JAN2062CE.NFO,07/01/2020,09:28:44,2.45,2.25,10000,2.4,10000,0,200000
ADANIPOWER30JAN2062CE.NFO,07/01/2020,09:29:38,2.45,2.2,10000,2.35,10000,0,200000
ADANIPOWER30JAN2062CE.NFO,07/01/2020,09:29:45,2.45,2.15,10000,2.3,10000,0,200000
ADANIPOWER30JAN2062CE.NFO,07/01/2020,09:29:51,2.45,2.15,30000,2.3,10000,0,200000
ADANIPOWER30JAN2062CE.NFO,07/01/2020,09:29:57,2.45,2.2,10000,2.35,10000,0,200000
ADANIPOWER30JAN2062CE.NFO,07/01/2020,09:30:10,2.45,2.25,10000,2.35,10000,0,200000
ADANIPOWER30JAN2062CE.NFO,07/01/2020,09:30:16,2.35,2.2,10000,2.4,30000,10000,200000
ADANIPOWER30JAN2062CE.NFO,07/01/2020,09:30:16,2.35,2.2,10000,2.4,30000,0,200000
ADANIPOWER30JAN2062CE.NFO,07/01/2020,09:31:07,2.35,2.25,20000,2.4,20000,0,210000
ADANIPOWER30JAN2062CE.NFO,07/01/2020,09:31:13,2.35,2.25,10000,2.4,10000,0,210000
ADANIPOWER30JAN2062CE.NFO,07/01/2020,09:31:36,2.35,2.3,10000,2.4,10000,0,210000
ADANIPOWER30JAN2062CE.NFO,07/01/2020,09:31:52,2.35,2.3,20000,2.4,10000,0,210000
ADANIPOWER30JAN2062CE.NFO,07/01/2020,09:32:06,2.35,2.3,30000,2.4,10000,0,210000
ADANIPOWER30JAN2062CE.NFO,07/01/2020,09:32:35,2.35,2.3,20000,2.4,10000,0,210000
ADANIPOWER30JAN2062CE.NFO,07/01/2020,09:32:40,2.35,2.3,20000,2.45,30000,0,210000
ADANIPOWER30JAN2062CE.NFO,07/01/2020,09:32:46,2.35,2.3,20000,2.4,10000,0,210000
ADANIPOWER30JAN2062CE.NFO,07/01/2020,09:33:03,2.35,2.3,10000,2.4,10000,0,210000
ADANIPOWER30JAN2062CE.NFO,07/01/2020,09:33:09,2.35,2.3,10000,2.4,20000,0,210000
ADANIPOWER30JAN2062CE.NFO,07/01/2020,09:33:48,2.35,2.3,20000,2.45,30000,0,210000
ADANIPOWER30JAN2062CE.NFO,07/01/2020,09:34:02,2.35,2.3,20000,2.4,10000,0,210000
ADANIPOWER30JAN2062CE.NFO,07/01/2020,09:35:28,2.35,2.3,10000,2.35,20000,0,210000
ADANIPOWER30JAN2062CE.NFO,07/01/2020,09:35:40,2.3,2.2,30000,2.35,10000,10000,220000
ADANIPOWER30JAN2062CE.NFO,07/01/2020,09:35:40,2.3,2.2,30000,2.35,10000,0,220000
ADANIPOWER30JAN2062CE.NFO,07/01/2020,09:35:48,2.3,2.2,40000,2.3,10000,0,220000
ADANIPOWER30JAN2062CE.NFO,07/01/2020,09:37:00,2.3,2.25,20000,2.3,10000,0,220000
ADANIPOWER30JAN2062CE.NFO,07/01/2020,09:37:09,2.3,2.2,30000,2.3,10000,0,220000
ADANIPOWER30JAN2062CE.NFO,07/01/2020,09:37:19,2.3,2.25,30000,2.3,10000,0,220000
ADANIPOWER30JAN2062CE.NFO,07/01/2020,09:37:45,2.3,2.25,40000,2.3,10000,0,220000
ADANIPOWER30JAN2062CE.NFO,07/01/2020,09:38:35,2.3,2.25,10000,2.3,10000,0,220000
ADANIPOWER30JAN2062CE.NFO,07/01/2020,09:38:40,2.3,2.25,20000,2.3,10000,0,220000
ADANIPOWER30JAN2062CE.NFO,07/01/2020,09:39:18,2.25,2.25,20000,2.35,20000,10000,230000
ADANIPOWER30JAN2062CE.NFO,07/01/2020,09:39:18,2.25,2.25,20000,2.35,20000,0,230000
ADANIPOWER30JAN2062CE.NFO,07/01/2020,09:39:30,2.25,2.25,20000,2.35,10000,0,230000
ADANIPOWER30JAN2062CE.NFO,07/01/2020,09:39:44,2.35,2.25,20000,2.35,10000,10000,230000
ADANIPOWER30JAN2062CE.NFO,07/01/2020,09:39:50,2.35,2.25,20000,2.35,10000,0,230000
ADANIPOWER30JAN2062CE.NFO,07/01/2020,09:40:09,2.35,2.25,30000,2.35,10000,0,230000
ADANIPOWER30JAN2062CE.NFO,07/01/2020,09:40:20,2.35,2.25,30000,2.3,20000,0,230000
ADANIPOWER30JAN2062CE.NFO,07/01/2020,09:40:36,2.35,2.25,30000,2.35,10000,0,230000
ADANIPOWER30JAN2062CE.NFO,07/01/2020,09:40:51,2.35,2.3,10000,2.4,10000,0,230000
ADANIPOWER30JAN2062CE.NFO,07/01/2020,09:41:05,2.35,2.3,20000,2.4,10000,0,230000
ADANIPOWER30JAN2062CE.NFO,07/01/2020,09:41:44,2.35,2.3,10000,2.4,10000,0,230000
ADANIPOWER30JAN2062CE.NFO,07/01/2020,09:41:49,2.35,2.35,40000,2.45,10000,0,230000
ADANIPOWER30JAN2062CE.NFO,07/01/2020,09:41:55,2.35,2.3,40000,2.45,10000,0,230000
ADANIPOWER30JAN2062CE.NFO,07/01/2020,09:42:01,2.35,2.3,30000,2.45,10000,0,230000
ADANIPOWER30JAN2062CE.NFO,07/01/2020,09:42:15,2.35,2.3,30000,2.4,10000,0,230000
ADANIPOWER30JAN2062CE.NFO,07/01/2020,09:42:28,2.35,2.3,30000,2.45,10000,0,230000
ADANIPOWER30JAN2062CE.NFO,07/01/2020,09:42:48,2.35,2.3,30000,2.45,20000,0,230000
ADANIPOWER30JAN2062CE.NFO,07/01/2020,09:43:17,2.35,2.3,30000,2.45,30000,0,230000
ADANIPOWER30JAN2062CE.NFO,07/01/2020,09:43:27,2.35,2.3,30000,2.45,20000,0,230000
ADANIPOWER30JAN2062CE.NFO,07/01/2020,09:43:52,2.35,2.3,30000,2.45,10000,0,230000
ADANIPOWER30JAN2062CE.NFO,07/01/2020,09:44:02,2.35,2.35,40000,2.5,10000,0,230000
ADANIPOWER30JAN2062CE.NFO,07/01/2020,09:44:18,2.35,2.3,30000,2.5,20000,0,230000
ADANIPOWER30JAN2062CE.NFO,07/01/2020,09:44:34,2.35,2.3,50000,2.5,20000,0,230000
ADANIPOWER30JAN2062CE.NFO,07/01/2020,09:45:07,2.35,2.35,30000,2.45,10000,0,230000
ADANIPOWER30JAN2062CE.NFO,07/01/2020,09:45:14,2.35,2.35,30000,2.5,10000,0,230000
ADANIPOWER30JAN2062CE.NFO,07/01/2020,09:45:36,2.35,2.35,30000,2.5,20000,0,230000
ADANIPOWER30JAN2062CE.NFO,07/01/2020,09:45:45,2.35,2.35,30000,2.45,10000,0,230000
ADANIPOWER30JAN2062CE.NFO,07/01/2020,09:45:55,2.35,2.35,20000,2.45,10000,0,230000
ADANIPOWER30JAN2062CE.NFO,07/01/2020,09:46:08,2.35,2.35,20000,2.45,20000,0,230000
ADANIPOWER30JAN2062CE.NFO,07/01/2020,09:46:22,2.35,2.3,20000,2.4,30000,0,230000
ADANIPOWER30JAN2062CE.NFO,07/01/2020,09:46:34,2.35,2.3,20000,2.4,20000,0,230000
ADANIPOWER30JAN2062CE.NFO,07/01/2020,09:46:45,2.35,2.3,20000,2.4,10000,0,230000
ADANIPOWER30JAN2062CE.NFO,07/01/2020,09:47:16,2.35,2.3,20000,2.45,30000,0,230000
ADANIPOWER30JAN2062CE.NFO,07/01/2020,09:47:20,2.35,2.3,20000,2.4,30000,0,230000
ADANIPOWER30JAN2062CE.NFO,07/01/2020,09:47:37,2.35,2.25,30000,2.35,20000,0,230000
ADANIPOWER30JAN2062CE.NFO,07/01/2020,09:47:46,2.35,2.3,30000,2.4,20000,0,230000
ADANIPOWER30JAN2062CE.NFO,07/01/2020,09:48:10,2.35,2.3,20000,2.4,20000,0,230000
ADANIPOWER30JAN2062CE.NFO,07/01/2020,09:48:17,2.35,2.3,20000,2.4,10000,0,230000
ADANIPOWER30JAN2062CE.NFO,07/01/2020,09:50:49,2.35,2.3,10000,2.4,30000,0,230000
ADANIPOWER30JAN2062CE.NFO,07/01/2020,09:50:54,2.35,2.3,20000,2.4,10000,0,230000
ADANIPOWER30JAN2062CE.NFO,07/01/2020,09:51:03,2.35,2.3,10000,2.4,30000,0,230000
ADANIPOWER30JAN2062CE.NFO,07/01/2020,09:51:07,2.35,2.3,20000,2.4,10000,0,230000
ADANIPOWER30JAN2062CE.NFO,07/01/2020,09:51:16,2.35,2.25,20000,2.35,10000,0,230000
ADANIPOWER30JAN2062CE.NFO,07/01/2020,09:51:34,2.35,2.3,10000,2.35,10000,0,230000
ADANIPOWER30JAN2062CE.NFO,07/01/2020,09:51:42,2.35,2.25,10000,2.35,10000,0,230000
ADANIPOWER30JAN2062CE.NFO,07/01/2020,09:52:09,2.35,2.25,10000,2.35,20000,0,230000
ADANIPOWER30JAN2062CE.NFO,07/01/2020,09:52:28,2.35,2.2,10000,2.3,10000,0,230000
ADANIPOWER30JAN2062CE.NFO,07/01/2020,09:52:47,2.35,2.2,20000,2.3,10000,0,230000
ADANIPOWER30JAN2062CE.NFO,07/01/2020,09:53:02,2.35,2.2,10000,2.3,10000,0,230000
ADANIPOWER30JAN2062CE.NFO,07/01/2020,09:53:44,2.35,2.2,20000,2.3,10000,0,230000
ADANIPOWER30JAN2062CE.NFO,07/01/2020,09:54:28,2.35,2.25,10000,2.3,10000,0,230000
ADANIPOWER30JAN2062CE.NFO,07/01/2020,09:54:37,2.35,2.2,20000,2.3,10000,0,230000
ADANIPOWER30JAN2062CE.NFO,07/01/2020,09:54:46,2.35,2.2,10000,2.3,10000,0,230000
ADANIPOWER30JAN2062CE.NFO,07/01/2020,09:55:02,2.35,2.2,10000,2.25,20000,0,230000
ADANIPOWER30JAN2062CE.NFO,07/01/2020,09:55:31,2.35,2.2,10000,2.3,10000,0,230000
ADANIPOWER30JAN2062CE.NFO,07/01/2020,09:55:44,2.35,2.25,10000,2.35,30000,0,230000
ADANIPOWER30JAN2062CE.NFO,07/01/2020,09:56:06,2.35,2.2,10000,2.3,10000,0,230000
ADANIPOWER30JAN2062CE.NFO,07/01/2020,09:56:12,2.35,2.2,20000,2.3,10000,0,230000
ADANIPOWER30JAN2062CE.NFO,07/01/2020,09:57:43,2.35,2.25,10000,2.35,30000,0,230000
ADANIPOWER30JAN2062CE.NFO,07/01/2020,09:58:09,2.35,2.2,30000,2.3,10000,0,230000
ADANIPOWER30JAN2062CE.NFO,07/01/2020,09:58:13,2.35,2.2,20000,2.3,10000,0,230000
ADANIPOWER30JAN2062CE.NFO,07/01/2020,09:58:33,2.35,2.2,30000,2.3,10000,0,230000
ADANIPOWER30JAN2062CE.NFO,07/01/2020,09:58:38,2.35,2.2,20000,2.3,10000,0,230000
ADANIPOWER30JAN2062CE.NFO,07/01/2020,10:00:03,2.35,2.2,30000,2.3,10000,0,230000
ADANIPOWER30JAN2062CE.NFO,07/01/2020,10:01:20,2.35,2.2,20000,2.3,10000,0,230000
ADANIPOWER30JAN2062CE.NFO,07/01/2020,10:01:27,2.35,2.2,20000,2.3,20000,0,230000
ADANIPOWER30JAN2062CE.NFO,07/01/2020,10:01:45,2.35,2.2,10000,2.3,20000,0,230000
ADANIPOWER30JAN2062CE.NFO,07/01/2020,10:02:22,2.35,2.2,20000,2.3,20000,0,230000
ADANIPOWER30JAN2062CE.NFO,07/01/2020,10:02:27,2.35,2.2,10000,2.3,20000,0,230000
ADANIPOWER30JAN2062CE.NFO,07/01/2020,10:03:27,2.35,2.2,20000,2.3,20000,0,230000
ADANIPOWER30JAN2062CE.NFO,07/01/2020,10:03:37,2.35,2.2,10000,2.3,20000,0,230000
ADANIPOWER30JAN2062CE.NFO,07/01/2020,10:04:05,2.35,2.2,30000,2.3,10000,0,230000
ADANIPOWER30JAN2062CE.NFO,07/01/2020,10:04:14,2.35,2.2,20000,2.3,10000,0,230000
ADANIPOWER30JAN2062CE.NFO,07/01/2020,10:04:27,2.35,2.2,40000,2.3,10000,0,230000
ADANIPOWER30JAN2062CE.NFO,07/01/2020,10:04:37,2.35,2.2,20000,2.3,10000,0,230000
ADANIPOWER30JAN2062CE.NFO,07/01/2020,10:05:29,2.35,2.2,30000,2.3,10000,0,230000
ADANIPOWER30JAN2062CE.NFO,07/01/2020,10:05:53,2.35,2.2,20000,2.3,10000,0,230000
ADANIPOWER30JAN2062CE.NFO,07/01/2020,10:06:07,2.35,2.2,20000,2.3,20000,0,230000
ADANIPOWER30JAN2062CE.NFO,07/01/2020,10:08:22,2.35,2.2,40000,2.3,20000,0,230000
ADANIPOWER30JAN2062CE.NFO,07/01/2020,10:08:31,2.35,2.2,40000,2.25,10000,0,230000
ADANIPOWER30JAN2062CE.NFO,07/01/2020,10:08:46,2.35,2.2,40000,2.3,20000,0,230000
ADANIPOWER30JAN2062CE.NFO,07/01/2020,10:10:06,2.35,2.2,40000,2.3,10000,0,230000
ADANIPOWER30JAN2062CE.NFO,07/01/2020,10:10:48,2.35,2.2,40000,2.3,20000,0,230000
ADANIPOWER30JAN2062CE.NFO,07/01/2020,10:10:55,2.2,2.2,10000,2.3,30000,30000,230000
ADANIPOWER30JAN2062CE.NFO,07/01/2020,10:10:55,2.2,2.2,10000,2.3,30000,0,230000
ADANIPOWER30JAN2062CE.NFO,07/01/2020,10:10:58,2.2,2.2,20000,2.3,30000,0,230000
ADANIPOWER30JAN2062CE.NFO,07/01/2020,10:11:01,2.2,2.2,10000,2.3,30000,0,230000
ADANIPOWER30JAN2062CE.NFO,07/01/2020,10:11:05,2.2,2.2,20000,2.3,30000,0,230000
ADANIPOWER30JAN2062CE.NFO,07/01/2020,10:12:06,2.2,2.25,20000,2.3,10000,0,230000
ADANIPOWER30JAN2062CE.NFO,07/01/2020,10:12:14,2.2,2.2,30000,2.3,20000,0,230000
ADANIPOWER30JAN2062CE.NFO,07/01/2020,10:12:21,2.2,2.2,30000,2.3,10000,0,230000
ADANIPOWER30JAN2062CE.NFO,07/01/2020,10:12:26,2.2,2.25,20000,2.35,40000,0,230000
ADANIPOWER30JAN2062CE.NFO,07/01/2020,10:12:31,2.2,2.3,20000,2.35,10000,0,230000
ADANIPOWER30JAN2062CE.NFO,07/01/2020,10:12:36,2.2,2.3,30000,2.35,10000,0,230000
ADANIPOWER30JAN2062CE.NFO,07/01/2020,10:12:40,2.2,2.25,30000,2.35,20000,0,230000
ADANIPOWER30JAN2062CE.NFO,07/01/2020,10:12:47,2.2,2.25,30000,2.35,30000,0,230000
ADANIPOWER30JAN2062CE.NFO,07/01/2020,10:12:59,2.2,2.25,30000,2.35,40000,0,230000
ADANIPOWER30JAN2062CE.NFO,07/01/2020,10:13:11,2.2,2.2,40000,2.3,10000,0,230000
ADANIPOWER30JAN2062CE.NFO,07/01/2020,10:13:38,2.2,2.25,30000,2.35,50000,0,230000
ADANIPOWER30JAN2062CE.NFO,07/01/2020,10:13:50,2.2,2.25,30000,2.35,40000,0,230000
ADANIPOWER30JAN2062CE.NFO,07/01/2020,10:14:05,2.2,2.25,30000,2.35,50000,0,230000
ADANIPOWER30JAN2062CE.NFO,07/01/2020,10:14:21,2.2,2.2,70000,2.3,10000,0,230000
ADANIPOWER30JAN2062CE.NFO,07/01/2020,10:14:26,2.2,2.2,60000,2.3,10000,0,230000
ADANIPOWER30JAN2062CE.NFO,07/01/2020,10:14:31,2.2,2.2,50000,2.3,10000,0,230000
ADANIPOWER30JAN2062CE.NFO,07/01/2020,10:14:41,2.2,2.2,40000,2.3,50000,0,230000
ADANIPOWER30JAN2062CE.NFO,07/01/2020,10:14:55,2.2,2.2,40000,2.3,40000,0,230000
ADANIPOWER30JAN2062CE.NFO,07/01/2020,10:15:44,2.2,2.2,30000,2.3,40000,0,230000
ADANIPOWER30JAN2062CE.NFO,07/01/2020,10:15:50,2.2,2.2,30000,2.3,50000,0,230000
ADANIPOWER30JAN2062CE.NFO,07/01/2020,10:16:47,2.2,2.15,70000,2.3,50000,0,230000
ADANIPOWER30JAN2062CE.NFO,07/01/2020,10:16:51,2.2,2.2,20000,2.3,50000,0,230000
ADANIPOWER30JAN2062CE.NFO,07/01/2020,10:17:19,2.2,2.2,20000,2.3,40000,0,230000
ADANIPOWER30JAN2062CE.NFO,07/01/2020,10:17:36,2.2,2.2,30000,2.3,40000,0,230000
ADANIPOWER30JAN2062CE.NFO,07/01/2020,10:18:14,2.2,2.2,30000,2.3,30000,0,230000
ADANIPOWER30JAN2062CE.NFO,07/01/2020,10:18:19,2.2,2.2,30000,2.3,40000,0,230000
ADANIPOWER30JAN2062CE.NFO,07/01/2020,10:18:23,2.2,2.2,20000,2.3,40000,0,230000
ADANIPOWER30JAN2062CE.NFO,07/01/2020,10:19:59,2.2,2.2,20000,2.3,60000,0,230000
ADANIPOWER30JAN2062CE.NFO,07/01/2020,10:21:55,2.2,2.2,40000,2.3,60000,0,230000
ADANIPOWER30JAN2062CE.NFO,07/01/2020,10:22:48,2.2,2.15,60000,2.25,30000,0,230000
ADANIPOWER30JAN2062CE.NFO,07/01/2020,10:22:59,2.2,2.2,40000,2.3,40000,0,230000
ADANIPOWER30JAN2062CE.NFO,07/01/2020,10:23:17,2.2,2.2,60000,2.3,30000,0,230000
ADANIPOWER30JAN2062CE.NFO,07/01/2020,10:23:27,2.2,2.2,40000,2.3,40000,0,230000
ADANIPOWER30JAN2062CE.NFO,07/01/2020,10:24:31,2.2,2.15,60000,2.3,40000,0,230000
ADANIPOWER30JAN2062CE.NFO,07/01/2020,10:24:41,2.2,2.2,40000,2.3,40000,0,230000
ADANIPOWER30JAN2062CE.NFO,07/01/2020,10:25:23,2.2,2.15,60000,2.3,40000,0,230000
ADANIPOWER30JAN2062CE.NFO,07/01/2020,10:26:18,2.2,2.15,50000,2.25,40000,0,230000
ADANIPOWER30JAN2062CE.NFO,07/01/2020,10:26:22,2.2,2.15,60000,2.25,10000,0,230000
ADANIPOWER30JAN2062CE.NFO,07/01/2020,10:26:29,2.2,2.15,60000,2.3,40000,0,230000
ADANIPOWER30JAN2062CE.NFO,07/01/2020,10:26:31,2.2,2.15,60000,2.25,10000,0,230000
ADANIPOWER30JAN2062CE.NFO,07/01/2020,10:27:29,2.2,2.2,40000,2.3,40000,0,230000
ADANIPOWER30JAN2062CE.NFO,07/01/2020,10:27:33,2.2,2.15,60000,2.25,10000,0,230000
ADANIPOWER30JAN2062CE.NFO,07/01/2020,10:28:27,2.2,2.15,60000,2.3,40000,0,230000
ADANIPOWER30JAN2062CE.NFO,07/01/2020,10:28:31,2.2,2.2,20000,2.3,40000,0,230000
ADANIPOWER30JAN2062CE.NFO,07/01/2020,10:29:04,2.2,2.2,40000,2.3,40000,0,230000
ADANIPOWER30JAN2062CE.NFO,07/01/2020,10:30:39,2.2,2.15,60000,2.25,20000,0,230000
ADANIPOWER30JAN2062CE.NFO,07/01/2020,10:30:53,2.2,2.2,20000,2.25,10000,0,230000
ADANIPOWER30JAN2062CE.NFO,07/01/2020,10:31:00,2.2,2.15,60000,2.25,20000,0,230000
ADANIPOWER30JAN2062CE.NFO,07/01/2020,10:37:39,2.2,2.15,60000,2.25,40000,0,230000
ADANIPOWER30JAN2062CE.NFO,07/01/2020,10:37:46,2.2,2.1,60000,2.25,40000,0,230000
ADANIPOWER30JAN2062CE.NFO,07/01/2020,10:38:08,2.2,2.15,40000,2.25,40000,0,230000
ADANIPOWER30JAN2062CE.NFO,07/01/2020,10:38:10,2.2,2.1,60000,2.25,40000,0,230000
ADANIPOWER30JAN2062CE.NFO,07/01/2020,10:39:34,2.2,2.1,60000,2.2,10000,0,230000
ADANIPOWER30JAN2062CE.NFO,07/01/2020,10:39:43,2.2,2.1,60000,2.25,50000,0,230000
ADANIPOWER30JAN2062CE.NFO,07/01/2020,10:41:49,2.2,2.1,60000,2.2,30000,0,230000
ADANIPOWER30JAN2062CE.NFO,07/01/2020,10:41:54,2.2,2.1,60000,2.25,50000,0,230000
ADANIPOWER30JAN2062CE.NFO,07/01/2020,10:43:06,2.2,2.1,60000,2.25,40000,0,230000
ADANIPOWER30JAN2062CE.NFO,07/01/2020,10:46:01,2.2,2.1,60000,2.25,50000,0,230000
ADANIPOWER30JAN2062CE.NFO,07/01/2020,10:46:16,2.2,2.1,60000,2.25,40000,0,230000
ADANIPOWER30JAN2062CE.NFO,07/01/2020,10:47:05,2.2,2.1,60000,2.2,10000,0,230000
ADANIPOWER30JAN2062CE.NFO,07/01/2020,10:47:17,2.2,2.15,30000,2.25,40000,0,230000
ADANIPOWER30JAN2062CE.NFO,07/01/2020,10:48:16,2.2,2.15,40000,2.25,40000,0,230000
ADANIPOWER30JAN2062CE.NFO,07/01/2020,10:48:36,2.2,2.15,50000,2.25,40000,0,230000
ADANIPOWER30JAN2062CE.NFO,07/01/2020,10:49:25,2.2,2.15,40000,2.25,40000,0,230000
ADANIPOWER30JAN2062CE.NFO,07/01/2020,10:49:41,2.2,2.1,60000,2.2,10000,0,230000
ADANIPOWER30JAN2062CE.NFO,07/01/2020,10:49:59,2.2,2.05,60000,2.15,50000,0,230000
ADANIPOWER30JAN2062CE.NFO,07/01/2020,10:50:17,2.2,2.05,60000,2.15,30000,0,230000
ADANIPOWER30JAN2062CE.NFO,07/01/2020,10:50:27,2.2,2.05,50000,2.15,50000,0,230000
ADANIPOWER30JAN2062CE.NFO,07/01/2020,10:51:01,2.2,2,60000,2.1,40000,0,230000
ADANIPOWER30JAN2062CE.NFO,07/01/2020,10:51:05,2.2,2,60000,2.1,10000,0,230000
ADANIPOWER30JAN2062CE.NFO,07/01/2020,10:51:26,2.2,2,60000,2.1,40000,0,230000
ADANIPOWER30JAN2062CE.NFO,07/01/2020,10:51:40,2.2,2,40000,2.1,40000,0,230000
ADANIPOWER30JAN2062CE.NFO,07/01/2020,10:51:44,2.2,2,40000,2.1,10000,0,230000
ADANIPOWER30JAN2062CE.NFO,07/01/2020,10:51:52,2.2,2,40000,2.1,40000,0,230000
ADANIPOWER30JAN2062CE.NFO,07/01/2020,10:52:32,2.2,1.95,40000,2.05,10000,0,230000
ADANIPOWER30JAN2062CE.NFO,07/01/2020,10:52:54,2.2,2,30000,2.1,40000,0,230000
ADANIPOWER30JAN2062CE.NFO,07/01/2020,10:52:59,2.2,1.95,40000,2.05,10000,0,230000
ADANIPOWER30JAN2062CE.NFO,07/01/2020,10:53:17,2.2,2,20000,2.05,10000,0,230000
ADANIPOWER30JAN2062CE.NFO,07/01/2020,10:53:22,2.2,1.95,40000,2.05,10000,0,230000
ADANIPOWER30JAN2062CE.NFO,07/01/2020,10:53:27,2.2,1.95,40000,2.05,40000,0,230000
ADANIPOWER30JAN2062CE.NFO,07/01/2020,10:53:32,2.2,1.95,40000,2.05,10000,0,230000
ADANIPOWER30JAN2062CE.NFO,07/01/2020,10:54:10,2,1.95,40000,2.05,10000,10000,220000
ADANIPOWER30JAN2062CE.NFO,07/01/2020,10:54:10,2,1.95,40000,2.05,10000,0,220000
ADANIPOWER30JAN2062CE.NFO,07/01/2020,10:54:27,2,1.95,50000,2.05,20000,0,220000
ADANIPOWER30JAN2062CE.NFO,07/01/2020,10:55:50,2,1.95,50000,2.05,40000,0,220000
ADANIPOWER30JAN2062CE.NFO,07/01/2020,10:55:55,2,1.95,20000,2,10000,0,220000
ADANIPOWER30JAN2062CE.NFO,07/01/2020,10:56:03,2,1.9,60000,2,40000,0,220000
ADANIPOWER30JAN2062CE.NFO,07/01/2020,10:56:18,2,1.95,60000,2.05,40000,0,220000
ADANIPOWER30JAN2062CE.NFO,07/01/2020,10:56:38,2,1.95,20000,2.05,40000,0,220000
ADANIPOWER30JAN2062CE.NFO,07/01/2020,10:56:53,2,1.95,60000,2.05,40000,0,220000
ADANIPOWER30JAN2062CE.NFO,07/01/2020,10:57:23,2,1.9,60000,2,10000,0,220000
ADANIPOWER30JAN2062CE.NFO,07/01/2020,10:57:52,2,1.9,40000,2,10000,0,220000
ADANIPOWER30JAN2062CE.NFO,07/01/2020,10:58:29,2,1.9,40000,2,20000,0,220000
ADANIPOWER30JAN2062CE.NFO,07/01/2020,10:59:05,2,1.9,40000,2,10000,0,220000
ADANIPOWER30JAN2062CE.NFO,07/01/2020,10:59:11,2,1.9,40000,2,40000,0,220000
ADANIPOWER30JAN2062CE.NFO,07/01/2020,10:59:59,2,1.9,40000,2,20000,0,220000
ADANIPOWER30JAN2062CE.NFO,07/01/2020,11:00:24,2,1.85,40000,1.95,10000,0,220000
ADANIPOWER30JAN2062CE.NFO,07/01/2020,11:00:30,2,1.85,30000,1.95,10000,0,220000
ADANIPOWER30JAN2062CE.NFO,07/01/2020,11:00:37,2,1.85,40000,1.95,20000,0,220000
ADANIPOWER30JAN2062CE.NFO,07/01/2020,11:00:43,2,1.85,30000,1.95,20000,0,220000
ADANIPOWER30JAN2062CE.NFO,07/01/2020,11:00:49,2,1.85,30000,1.95,30000,0,220000
ADANIPOWER30JAN2062CE.NFO,07/01/2020,11:00:56,2,1.85,40000,1.95,30000,0,220000
ADANIPOWER30JAN2062CE.NFO,07/01/2020,11:01:11,1.9,1.85,40000,1.95,20000,10000,210000
ADANIPOWER30JAN2062CE.NFO,07/01/2020,11:01:11,1.9,1.85,40000,1.95,20000,0,210000
ADANIPOWER30JAN2062CE.NFO,07/01/2020,11:01:18,1.9,1.85,40000,1.95,20000,0,210000
ADANIPOWER30JAN2062CE.NFO,07/01/2020,11:01:31,1.9,1.85,60000,1.95,20000,0,210000
ADANIPOWER30JAN2062CE.NFO,07/01/2020,11:01:45,1.9,1.85,60000,1.95,10000,0,210000
ADANIPOWER30JAN2062CE.NFO,07/01/2020,11:02:19,1.9,1.85,60000,2,10000,0,210000
ADANIPOWER30JAN2062CE.NFO,07/01/2020,11:02:32,1.9,1.85,60000,1.95,10000,0,210000
ADANIPOWER30JAN2062CE.NFO,07/01/2020,11:03:01,1.9,1.85,60000,2,10000,0,210000
ADANIPOWER30JAN2062CE.NFO,07/01/2020,11:03:13,1.9,1.85,60000,1.95,10000,0,210000
ADANIPOWER30JAN2062CE.NFO,07/01/2020,11:03:59,1.9,1.85,60000,2,10000,0,210000
ADANIPOWER30JAN2062CE.NFO,07/01/2020,11:04:16,1.9,1.85,60000,1.95,10000,0,210000
ADANIPOWER30JAN2062CE.NFO,07/01/2020,11:04:51,1.9,1.85,40000,1.95,10000,0,210000
ADANIPOWER30JAN2062CE.NFO,07/01/2020,11:05:08,1.9,1.8,70000,1.95,20000,0,210000
ADANIPOWER30JAN2062CE.NFO,07/01/2020,11:05:14,1.9,1.8,70000,1.95,10000,0,210000
ADANIPOWER30JAN2062CE.NFO,07/01/2020,11:05:35,1.9,1.85,50000,1.95,10000,0,210000
ADANIPOWER30JAN2062CE.NFO,07/01/2020,11:05:40,1.9,1.85,60000,1.95,10000,0,210000
ADANIPOWER30JAN2062CE.NFO,07/01/2020,11:06:09,1.9,1.9,60000,2,10000,0,210000
ADANIPOWER30JAN2062CE.NFO,07/01/2020,11:06:16,1.9,1.95,50000,2.05,10000,0,210000
ADANIPOWER30JAN2062CE.NFO,07/01/2020,11:06:23,1.9,1.9,60000,2.05,10000,0,210000
ADANIPOWER30JAN2062CE.NFO,07/01/2020,11:06:29,1.9,1.95,20000,2.05,10000,0,210000
ADANIPOWER30JAN2062CE.NFO,07/01/2020,11:06:48,1.9,1.95,50000,2.05,10000,0,210000
ADANIPOWER30JAN2062CE.NFO,07/01/2020,11:08:42,2,1.95,40000,2.1,10000,10000,220000
ADANIPOWER30JAN2062CE.NFO,07/01/2020,11:08:54,2,1.9,60000,2.1,10000,0,220000
ADANIPOWER30JAN2062CE.NFO,07/01/2020,11:09:00,2,1.9,40000,2.1,10000,0,220000
ADANIPOWER30JAN2062CE.NFO,07/01/2020,11:09:40,2,1.95,20000,2.1,20000,0,220000
ADANIPOWER30JAN2062CE.NFO,07/01/2020,11:09:48,2,1.9,40000,2.1,10000,0,220000
ADANIPOWER30JAN2062CE.NFO,07/01/2020,11:09:52,2,1.95,40000,2.1,10000,0,220000
ADANIPOWER30JAN2062CE.NFO,07/01/2020,11:10:03,2,1.9,50000,2.1,10000,0,220000
ADANIPOWER30JAN2062CE.NFO,07/01/2020,11:10:07,2,1.95,40000,2.1,10000,0,220000
ADANIPOWER30JAN2062CE.NFO,07/01/2020,11:10:12,2,1.9,60000,2.1,10000,0,220000
ADANIPOWER30JAN2062CE.NFO,07/01/2020,11:10:16,2,1.95,20000,2.1,10000,0,220000
ADANIPOWER30JAN2062CE.NFO,07/01/2020,11:10:45,2,1.95,30000,2.1,10000,0,220000
ADANIPOWER30JAN2062CE.NFO,07/01/2020,11:10:48,2,1.95,20000,2.1,10000,0,220000
ADANIPOWER30JAN2062CE.NFO,07/01/2020,11:10:55,2,1.95,30000,2.1,10000,0,220000
ADANIPOWER30JAN2062CE.NFO,07/01/2020,11:11:09,2,1.9,60000,2.1,30000,0,220000
ADANIPOWER30JAN2062CE.NFO,07/01/2020,11:11:29,2,1.95,20000,2.1,30000,0,220000
ADANIPOWER30JAN2062CE.NFO,07/01/2020,11:11:53,2,1.9,60000,2.1,50000,0,220000
ADANIPOWER30JAN2062CE.NFO,07/01/2020,11:11:59,2,1.9,40000,2.1,50000,0,220000
ADANIPOWER30JAN2062CE.NFO,07/01/2020,11:12:21,2,1.9,40000,2.1,70000,0,220000
ADANIPOWER30JAN2062CE.NFO,07/01/2020,11:12:28,2,1.95,20000,2.1,70000,0,220000
ADANIPOWER30JAN2062CE.NFO,07/01/2020,11:12:35,2,1.9,40000,2.1,50000,0,220000
ADANIPOWER30JAN2062CE.NFO,07/01/2020,11:13:00,2,1.9,40000,2.1,30000,0,220000
ADANIPOWER30JAN2062CE.NFO,07/01/2020,11:13:11,2,1.9,40000,2.1,70000,0,220000
ADANIPOWER30JAN2062CE.NFO,07/01/2020,11:13:17,2,1.9,40000,2.1,50000,0,220000
ADANIPOWER30JAN2062CE.NFO,07/01/2020,11:13:23,2,1.9,40000,2.1,30000,0,220000
ADANIPOWER30JAN2062CE.NFO,07/01/2020,11:13:29,2,1.95,20000,2.1,30000,0,220000
ADANIPOWER30JAN2062CE.NFO,07/01/2020,11:13:34,2,1.9,40000,2.1,70000,0,220000
ADANIPOWER30JAN2062CE.NFO,07/01/2020,11:13:41,2,1.9,40000,2.1,50000,0,220000
ADANIPOWER30JAN2062CE.NFO,07/01/2020,11:13:53,2,1.9,40000,2.1,70000,0,220000
ADANIPOWER30JAN2062CE.NFO,07/01/2020,11:14:09,2,1.9,40000,2.1,50000,0,220000
ADANIPOWER30JAN2062CE.NFO,07/01/2020,11:14:32,2,1.9,50000,2.1,30000,0,220000
ADANIPOWER30JAN2062CE.NFO,07/01/2020,11:14:46,2,1.9,40000,2.1,30000,0,220000
ADANIPOWER30JAN2062CE.NFO,07/01/2020,11:14:51,2,1.95,40000,2.1,30000,0,220000
ADANIPOWER30JAN2062CE.NFO,07/01/2020,11:15:02,2,1.9,40000,2.1,30000,0,220000
ADANIPOWER30JAN2062CE.NFO,07/01/2020,11:15:09,2,1.9,40000,2.1,50000,0,220000
ADANIPOWER30JAN2062CE.NFO,07/01/2020,11:15:15,2,1.95,20000,2.1,30000,0,220000
ADANIPOWER30JAN2062CE.NFO,07/01/2020,11:15:20,2,1.95,20000,2.1,50000,0,220000
ADANIPOWER30JAN2062CE.NFO,07/01/2020,11:15:59,2,1.85,60000,2,10000,0,220000
ADANIPOWER30JAN2062CE.NFO,07/01/2020,11:16:24,2,1.85,60000,2,20000,0,220000
ADANIPOWER30JAN2062CE.NFO,07/01/2020,11:16:30,2,1.85,40000,1.95,10000,0,220000
ADANIPOWER30JAN2062CE.NFO,07/01/2020,11:16:49,2,1.85,50000,1.95,10000,0,220000
ADANIPOWER30JAN2062CE.NFO,07/01/2020,11:16:55,2,1.85,50000,2,20000,0,220000
ADANIPOWER30JAN2062CE.NFO,07/01/2020,11:17:11,2,1.85,50000,1.95,10000,0,220000
ADANIPOWER30JAN2062CE.NFO,07/01/2020,11:17:15,2,1.85,50000,2,30000,0,220000
ADANIPOWER30JAN2062CE.NFO,07/01/2020,11:17:52,2,1.9,20000,2,30000,0,220000
ADANIPOWER30JAN2062CE.NFO,07/01/2020,11:17:57,2,1.85,60000,2,30000,0,220000
ADANIPOWER30JAN2062CE.NFO,07/01/2020,11:18:01,2,1.9,10000,2,30000,0,220000
ADANIPOWER30JAN2062CE.NFO,07/01/2020,11:18:07,2,1.9,40000,2,30000,0,220000
ADANIPOWER30JAN2062CE.NFO,07/01/2020,11:18:16,2,1.9,50000,2,30000,0,220000
ADANIPOWER30JAN2062CE.NFO,07/01/2020,11:18:20,2,1.9,10000,2,30000,0,220000
ADANIPOWER30JAN2062CE.NFO,07/01/2020,11:18:40,2,1.9,40000,2,30000,0,220000
ADANIPOWER30JAN2062CE.NFO,07/01/2020,11:19:23,2,1.85,50000,1.95,30000,0,220000
ADANIPOWER30JAN2062CE.NFO,07/01/2020,11:19:32,2,1.9,30000,1.95,10000,0,220000
ADANIPOWER30JAN2062CE.NFO,07/01/2020,11:19:39,2,1.9,30000,2,30000,0,220000
ADANIPOWER30JAN2062CE.NFO,07/01/2020,11:19:56,2,1.9,10000,2,30000,0,220000
ADANIPOWER30JAN2062CE.NFO,07/01/2020,11:20:04,2,1.9,10000,1.95,30000,0,220000
ADANIPOWER30JAN2062CE.NFO,07/01/2020,11:20:10,2,1.85,70000,1.95,30000,0,220000
ADANIPOWER30JAN2062CE.NFO,07/01/2020,11:20:15,2,1.9,10000,2,30000,0,220000
ADANIPOWER30JAN2062CE.NFO,07/01/2020,11:20:39,2,1.9,70000,2,30000,0,220000
ADANIPOWER30JAN2062CE.NFO,07/01/2020,11:20:45,2,1.9,50000,2,30000,0,220000
ADANIPOWER30JAN2062CE.NFO,07/01/2020,11:21:07,2,1.9,70000,2,30000,0,220000
ADANIPOWER30JAN2062CE.NFO,07/01/2020,11:21:28,2,1.9,10000,1.95,10000,0,220000
ADANIPOWER30JAN2062CE.NFO,07/01/2020,11:21:34,2,1.9,10000,1.95,30000,0,220000
ADANIPOWER30JAN2062CE.NFO,07/01/2020,11:22:43,2,1.9,30000,2,10000,0,220000
ADANIPOWER30JAN2062CE.NFO,07/01/2020,11:22:54,2,1.9,50000,2,10000,0,220000
ADANIPOWER30JAN2062CE.NFO,07/01/2020,11:22:58,2,1.9,50000,2,20000,0,220000
ADANIPOWER30JAN2062CE.NFO,07/01/2020,11:23:03,2,1.9,10000,2,10000,0,220000
ADANIPOWER30JAN2062CE.NFO,07/01/2020,11:23:08,2,1.9,30000,2,10000,0,220000
ADANIPOWER30JAN2062CE.NFO,07/01/2020,11:23:26,2,1.9,50000,2,20000,0,220000
ADANIPOWER30JAN2062CE.NFO,07/01/2020,11:23:30,2,1.9,70000,2.05,10000,0,220000
ADANIPOWER30JAN2062CE.NFO,07/01/2020,11:23:39,2,1.95,50000,2.05,10000,0,220000
ADANIPOWER30JAN2062CE.NFO,07/01/2020,11:23:44,2,1.95,30000,2.05,10000,0,220000
ADANIPOWER30JAN2062CE.NFO,07/01/2020,11:23:48,2,1.9,60000,2.05,20000,0,220000
ADANIPOWER30JAN2062CE.NFO,07/01/2020,11:23:53,2,1.95,20000,2.05,20000,0,220000
ADANIPOWER30JAN2062CE.NFO,07/01/2020,11:23:58,2,1.95,30000,2.05,20000,0,220000
ADANIPOWER30JAN2062CE.NFO,07/01/2020,11:24:03,2,1.95,30000,2.05,10000,0,220000
ADANIPOWER30JAN2062CE.NFO,07/01/2020,11:24:09,2,1.95,30000,2.05,20000,0,220000
ADANIPOWER30JAN2062CE.NFO,07/01/2020,11:24:19,2,1.9,70000,2.05,20000,0,220000
ADANIPOWER30JAN2062CE.NFO,07/01/2020,11:24:25,2,1.95,30000,2.05,20000,0,220000
ADANIPOWER30JAN2062CE.NFO,07/01/2020,11:24:29,2,1.95,20000,2.05,10000,0,220000
ADANIPOWER30JAN2062CE.NFO,07/01/2020,11:24:34,2,2,10000,2.05,10000,10000,210000
ADANIPOWER30JAN2062CE.NFO,07/01/2020,11:24:55,2,1.95,60000,2.05,10000,0,210000
ADANIPOWER30JAN2062CE.NFO,07/01/2020,11:26:48,2,1.95,30000,2.05,10000,0,210000
ADANIPOWER30JAN2062CE.NFO,07/01/2020,11:27:02,2,1.95,10000,2.05,10000,0,210000
ADANIPOWER30JAN2062CE.NFO,07/01/2020,11:27:08,2,1.95,30000,2.05,10000,0,210000
ADANIPOWER30JAN2062CE.NFO,07/01/2020,11:27:14,2,1.95,10000,2.05,10000,0,210000
ADANIPOWER30JAN2062CE.NFO,07/01/2020,11:27:17,2,1.95,30000,2.05,10000,0,210000
ADANIPOWER30JAN2062CE.NFO,07/01/2020,11:27:27,2,1.95,40000,2.05,10000,0,210000
ADANIPOWER30JAN2062CE.NFO,07/01/2020,11:28:24,2,1.95,60000,2.05,10000,0,210000
ADANIPOWER30JAN2062CE.NFO,07/01/2020,11:28:28,2,1.95,30000,2.05,10000,0,210000
ADANIPOWER30JAN2062CE.NFO,07/01/2020,11:28:44,2,1.95,10000,2.05,10000,0,210000
ADANIPOWER30JAN2062CE.NFO,07/01/2020,11:28:53,2,1.95,30000,2.05,10000,0,210000
ADANIPOWER30JAN2062CE.NFO,07/01/2020,11:29:03,2,1.95,10000,2.05,10000,0,210000
ADANIPOWER30JAN2062CE.NFO,07/01/2020,11:30:38,2,1.95,10000,2.1,10000,0,210000
ADANIPOWER30JAN2062CE.NFO,07/01/2020,11:33:29,2,1.95,50000,2.1,10000,0,210000
ADANIPOWER30JAN2062CE.NFO,07/01/2020,11:33:34,2,1.95,30000,2.1,10000,0,210000
ADANIPOWER30JAN2062CE.NFO,07/01/2020,11:34:09,2,1.95,50000,2.1,10000,0,210000
ADANIPOWER30JAN2062CE.NFO,07/01/2020,11:34:22,2,1.95,60000,2.15,10000,0,210000
ADANIPOWER30JAN2062CE.NFO,07/01/2020,11:35:02,2,2,40000,2.2,10000,0,210000
ADANIPOWER30JAN2062CE.NFO,07/01/2020,11:35:29,2,2.05,20000,2.2,10000,0,210000
ADANIPOWER30JAN2062CE.NFO,07/01/2020,11:35:40,2,2.05,40000,2.15,10000,0,210000
ADANIPOWER30JAN2062CE.NFO,07/01/2020,11:36:18,2,2.05,50000,2.15,10000,0,210000
ADANIPOWER30JAN2062CE.NFO,07/01/2020,11:36:32,2,2.05,20000,2.15,10000,0,210000
ADANIPOWER30JAN2062CE.NFO,07/01/2020,11:36:37,2,2.1,10000,2.15,10000,0,210000
ADANIPOWER30JAN2062CE.NFO,07/01/2020,11:36:53,2.1,2,20000,2.1,10000,10000,220000
ADANIPOWER30JAN2062CE.NFO,07/01/2020,11:36:59,2.1,2,50000,2.1,10000,0,220000
ADANIPOWER30JAN2062CE.NFO,07/01/2020,11:37:05,2.1,2.05,20000,2.15,10000,0,220000
ADANIPOWER30JAN2062CE.NFO,07/01/2020,11:37:17,2.1,2,60000,2.1,10000,0,220000
ADANIPOWER30JAN2062CE.NFO,07/01/2020,11:37:21,2.1,2,50000,2.1,10000,0,220000
ADANIPOWER30JAN2062CE.NFO,07/01/2020,11:37:36,2.1,2,40000,2.1,10000,0,220000
ADANIPOWER30JAN2062CE.NFO,07/01/2020,11:37:41,2.1,2,20000,2.1,10000,0,220000
ADANIPOWER30JAN2062CE.NFO,07/01/2020,11:38:06,2.1,2,50000,2.1,10000,0,220000
ADANIPOWER30JAN2062CE.NFO,07/01/2020,11:38:29,2.1,2,40000,2.1,10000,0,220000
ADANIPOWER30JAN2062CE.NFO,07/01/2020,11:38:33,2.1,2,20000,2.1,10000,0,220000
ADANIPOWER30JAN2062CE.NFO,07/01/2020,11:39:03,2.1,2,40000,2.1,10000,0,220000
ADANIPOWER30JAN2062CE.NFO,07/01/2020,11:39:13,2.1,2,50000,2.1,10000,0,220000
ADANIPOWER30JAN2062CE.NFO,07/01/2020,11:39:17,2.1,2,20000,2.1,10000,0,220000
ADANIPOWER30JAN2062CE.NFO,07/01/2020,11:39:55,2.1,1.95,80000,2.05,10000,0,220000
ADANIPOWER30JAN2062CE.NFO,07/01/2020,11:40:06,2.1,1.95,70000,2.05,10000,0,220000
ADANIPOWER30JAN2062CE.NFO,07/01/2020,11:40:11,2.1,2,20000,2.05,10000,0,220000
ADANIPOWER30JAN2062CE.NFO,07/01/2020,11:40:15,2.1,1.95,80000,2.1,10000,0,220000
ADANIPOWER30JAN2062CE.NFO,07/01/2020,11:40:26,2.1,1.95,80000,2.05,10000,0,220000
ADANIPOWER30JAN2062CE.NFO,07/01/2020,11:40:52,2.1,1.95,50000,2.05,10000,0,220000
ADANIPOWER30JAN2062CE.NFO,07/01/2020,11:40:56,2.1,1.95,10000,2,10000,0,220000
ADANIPOWER30JAN2062CE.NFO,07/01/2020,11:40:59,2.1,1.95,50000,2.05,10000,0,220000
ADANIPOWER30JAN2062CE.NFO,07/01/2020,11:42:03,2.1,1.95,30000,2.05,10000,0,220000
ADANIPOWER30JAN2062CE.NFO,07/01/2020,11:43:20,2.1,2,10000,2.05,10000,0,220000
ADANIPOWER30JAN2062CE.NFO,07/01/2020,11:44:12,2.1,2,30000,2.05,10000,0,220000
ADANIPOWER30JAN2062CE.NFO,07/01/2020,11:45:30,2.1,2,10000,2.05,10000,0,220000
ADANIPOWER30JAN2062CE.NFO,07/01/2020,11:47:35,2,1.95,10000,2.1,10000,10000,230000
ADANIPOWER30JAN2062CE.NFO,07/01/2020,11:47:52,2,1.95,30000,2.1,10000,0,230000
ADANIPOWER30JAN2062CE.NFO,07/01/2020,11:47:54,2,1.95,10000,2.1,10000,0,230000
ADANIPOWER30JAN2062CE.NFO,07/01/2020,11:47:57,2,1.95,30000,2.1,10000,0,230000
ADANIPOWER30JAN2062CE.NFO,07/01/2020,11:49:22,2,1.95,50000,2.1,10000,0,230000
ADANIPOWER30JAN2062CE.NFO,07/01/2020,11:50:37,2,1.95,10000,2.1,10000,0,230000
ADANIPOWER30JAN2062CE.NFO,07/01/2020,11:51:31,2,1.95,30000,2.1,10000,0,230000
ADANIPOWER30JAN2062CE.NFO,07/01/2020,11:53:10,2,1.95,50000,2.1,10000,0,230000
ADANIPOWER30JAN2062CE.NFO,07/01/2020,11:53:30,2,1.95,30000,2.1,10000,0,230000
ADANIPOWER30JAN2062CE.NFO,07/01/2020,11:54:28,2,1.95,50000,2.1,10000,0,230000
ADANIPOWER30JAN2062CE.NFO,07/01/2020,11:54:39,2,1.95,30000,2.1,10000,0,230000
ADANIPOWER30JAN2062CE.NFO,07/01/2020,11:56:16,2,1.95,50000,2.1,10000,0,230000
ADANIPOWER30JAN2062CE.NFO,07/01/2020,11:56:45,2,2,10000,2.1,10000,0,230000
ADANIPOWER30JAN2062CE.NFO,07/01/2020,11:57:54,2,2,10000,2.05,10000,0,230000
ADANIPOWER30JAN2062CE.NFO,07/01/2020,11:59:05,2,1.95,20000,2.1,10000,10000,230000
ADANIPOWER30JAN2062CE.NFO,07/01/2020,11:59:20,2,1.9,60000,2.1,10000,0,240000
ADANIPOWER30JAN2062CE.NFO,07/01/2020,12:00:06,2,1.9,60000,2,10000,0,240000
ADANIPOWER30JAN2062CE.NFO,07/01/2020,12:01:15,2,1.9,60000,2.1,10000,0,240000
ADANIPOWER30JAN2062CE.NFO,07/01/2020,12:01:34,2,1.95,20000,2.1,20000,0,240000
ADANIPOWER30JAN2062CE.NFO,07/01/2020,12:01:43,2,1.95,20000,2,10000,0,240000
ADANIPOWER30JAN2062CE.NFO,07/01/2020,12:01:49,2,1.95,40000,2,10000,0,240000
ADANIPOWER30JAN2062CE.NFO,07/01/2020,12:02:00,2,1.95,20000,2,10000,0,240000
ADANIPOWER30JAN2062CE.NFO,07/01/2020,12:03:05,2,1.9,60000,2,10000,0,240000
ADANIPOWER30JAN2062CE.NFO,07/01/2020,12:04:50,2,1.95,20000,2,10000,0,240000
ADANIPOWER30JAN2062CE.NFO,07/01/2020,12:07:17,2,1.95,40000,2,10000,0,240000
ADANIPOWER30JAN2062CE.NFO,07/01/2020,12:10:36,2,1.95,40000,2.05,10000,10000,240000
ADANIPOWER30JAN2062CE.NFO,07/01/2020,12:10:41,2,1.95,40000,2.1,10000,0,240000
ADANIPOWER30JAN2062CE.NFO,07/01/2020,12:12:45,2,1.95,40000,2.1,30000,0,240000
ADANIPOWER30JAN2062CE.NFO,07/01/2020,12:13:21,2,1.95,60000,2.1,30000,0,240000
ADANIPOWER30JAN2062CE.NFO,07/01/2020,12:13:35,2,1.95,40000,2.1,30000,0,240000
ADANIPOWER30JAN2062CE.NFO,07/01/2020,12:13:55,2,2,20000,2.1,30000,0,240000
ADANIPOWER30JAN2062CE.NFO,07/01/2020,12:14:08,2,1.95,40000,2.1,30000,0,240000
ADANIPOWER30JAN2062CE.NFO,07/01/2020,12:18:33,2,1.9,60000,2.1,30000,0,240000
ADANIPOWER30JAN2062CE.NFO,07/01/2020,12:19:41,2,1.95,40000,2.1,30000,0,240000
ADANIPOWER30JAN2062CE.NFO,07/01/2020,12:19:53,2,1.95,20000,2.1,30000,0,240000
ADANIPOWER30JAN2062CE.NFO,07/01/2020,12:19:57,2,1.9,60000,2.1,30000,0,240000
ADANIPOWER30JAN2062CE.NFO,07/01/2020,12:21:00,2,1.95,40000,2.1,30000,0,240000
ADANIPOWER30JAN2062CE.NFO,07/01/2020,12:21:11,2,1.9,60000,2.1,30000,0,240000
ADANIPOWER30JAN2062CE.NFO,07/01/2020,12:22:26,2,1.95,20000,2.1,30000,0,240000
ADANIPOWER30JAN2062CE.NFO,07/01/2020,12:22:54,2,1.9,60000,2.1,30000,0,240000
ADANIPOWER30JAN2062CE.NFO,07/01/2020,12:29:00,2,1.9,50000,2.1,30000,0,240000
ADANIPOWER30JAN2062CE.NFO,07/01/2020,12:29:24,2,1.9,20000,2.1,30000,0,240000
ADANIPOWER30JAN2062CE.NFO,07/01/2020,12:29:29,2,1.85,60000,2.1,10000,0,240000
ADANIPOWER30JAN2062CE.NFO,07/01/2020,12:29:33,2,1.85,60000,2.05,30000,0,240000
ADANIPOWER30JAN2062CE.NFO,07/01/2020,12:32:06,2,1.9,10000,2.05,30000,0,240000
ADANIPOWER30JAN2062CE.NFO,07/01/2020,12:33:00,2,1.9,30000,2.05,30000,0,240000
ADANIPOWER30JAN2062CE.NFO,07/01/2020,12:34:10,2,1.95,10000,2.05,30000,0,240000
ADANIPOWER30JAN2062CE.NFO,07/01/2020,12:34:23,2,1.9,30000,2.05,30000,0,240000
ADANIPOWER30JAN2062CE.NFO,07/01/2020,12:35:03,2,1.9,60000,2.1,20000,0,240000
ADANIPOWER30JAN2062CE.NFO,07/01/2020,12:35:36,2,1.9,30000,2.05,30000,0,240000
ADANIPOWER30JAN2062CE.NFO,07/01/2020,12:36:01,2,1.9,50000,2.05,30000,0,240000
ADANIPOWER30JAN2062CE.NFO,07/01/2020,12:36:04,2,1.9,30000,2.05,30000,0,240000
ADANIPOWER30JAN2062CE.NFO,07/01/2020,12:37:13,2,1.9,50000,2.05,30000,0,240000
ADANIPOWER30JAN2062CE.NFO,07/01/2020,12:37:40,2,1.9,60000,2.05,30000,0,240000
ADANIPOWER30JAN2062CE.NFO,07/01/2020,12:38:02,2,1.9,70000,2.05,30000,0,240000
ADANIPOWER30JAN2062CE.NFO,07/01/2020,12:38:18,2,1.9,70000,2.1,20000,0,240000
ADANIPOWER30JAN2062CE.NFO,07/01/2020,12:38:33,2,1.9,70000,2.05,30000,0,240000
ADANIPOWER30JAN2062CE.NFO,07/01/2020,12:40:10,2,1.95,40000,2.05,30000,0,240000
ADANIPOWER30JAN2062CE.NFO,07/01/2020,12:41:02,2,1.95,20000,2.05,30000,0,240000
ADANIPOWER30JAN2062CE.NFO,07/01/2020,12:42:14,2,1.95,40000,2.1,20000,0,240000
ADANIPOWER30JAN2062CE.NFO,07/01/2020,12:42:23,2,1.95,20000,2.1,20000,0,240000
ADANIPOWER30JAN2062CE.NFO,07/01/2020,12:43:44,2,1.95,20000,2.05,30000,0,240000
ADANIPOWER30JAN2062CE.NFO,07/01/2020,12:44:17,2,1.95,20000,2,10000,0,240000
ADANIPOWER30JAN2062CE.NFO,07/01/2020,12:44:27,2,1.95,20000,2.05,20000,0,240000
ADANIPOWER30JAN2062CE.NFO,07/01/2020,12:44:31,2,1.95,20000,2.1,20000,0,240000
ADANIPOWER30JAN2062CE.NFO,07/01/2020,12:45:47,2,1.95,50000,2.1,20000,0,240000
ADANIPOWER30JAN2062CE.NFO,07/01/2020,12:45:53,2,2,20000,2.1,20000,0,240000
ADANIPOWER30JAN2062CE.NFO,07/01/2020,12:45:59,2,2,40000,2.15,10000,0,240000
ADANIPOWER30JAN2062CE.NFO,07/01/2020,12:46:26,2,2,50000,2.15,10000,0,240000
ADANIPOWER30JAN2062CE.NFO,07/01/2020,12:47:01,2,2,50000,2.1,10000,0,240000
ADANIPOWER30JAN2062CE.NFO,07/01/2020,12:47:08,2,2,50000,2.05,10000,0,240000
ADANIPOWER30JAN2062CE.NFO,07/01/2020,12:47:12,2.05,2.05,20000,2.15,10000,10000,240000
ADANIPOWER30JAN2062CE.NFO,07/01/2020,12:47:15,2.05,2.05,20000,2.15,10000,0,240000
ADANIPOWER30JAN2062CE.NFO,07/01/2020,12:47:20,2.05,2,30000,2.15,10000,0,240000
ADANIPOWER30JAN2062CE.NFO,07/01/2020,12:47:25,2.05,2,50000,2.15,10000,0,240000
ADANIPOWER30JAN2062CE.NFO,07/01/2020,12:47:38,2.05,2,30000,2.15,10000,0,240000
ADANIPOWER30JAN2062CE.NFO,07/01/2020,12:47:42,2.05,2,50000,2.15,10000,0,240000
ADANIPOWER30JAN2062CE.NFO,07/01/2020,12:49:09,2.05,2,40000,2.15,10000,0,240000
ADANIPOWER30JAN2062CE.NFO,07/01/2020,12:50:48,2.05,2,50000,2.15,10000,0,240000
ADANIPOWER30JAN2062CE.NFO,07/01/2020,12:50:51,2.05,2,40000,2.15,10000,0,240000
ADANIPOWER30JAN2062CE.NFO,07/01/2020,12:51:13,2.05,2.05,20000,2.15,10000,0,240000
ADANIPOWER30JAN2062CE.NFO,07/01/2020,12:51:15,2.05,2,50000,2.15,10000,0,240000
ADANIPOWER30JAN2062CE.NFO,07/01/2020,12:51:40,2.05,2.05,20000,2.15,10000,0,240000
ADANIPOWER30JAN2062CE.NFO,07/01/2020,12:52:10,2.05,2,50000,2.15,10000,0,240000
ADANIPOWER30JAN2062CE.NFO,07/01/2020,12:52:57,2.05,2,20000,2.15,10000,0,240000
ADANIPOWER30JAN2062CE.NFO,07/01/2020,12:54:46,2.05,2,20000,2.15,20000,0,240000
ADANIPOWER30JAN2062CE.NFO,07/01/2020,12:59:48,2.05,2,20000,2.1,30000,0,240000
ADANIPOWER30JAN2062CE.NFO,07/01/2020,13:00:19,1.9,1.95,20000,2.1,30000,10000,240000
ADANIPOWER30JAN2062CE.NFO,07/01/2020,13:00:26,1.9,1.95,20000,2.1,30000,0,240000
ADANIPOWER30JAN2062CE.NFO,07/01/2020,13:01:07,1.9,1.9,60000,2.1,30000,0,240000
ADANIPOWER30JAN2062CE.NFO,07/01/2020,13:01:13,1.9,1.9,60000,2.05,30000,0,240000
ADANIPOWER30JAN2062CE.NFO,07/01/2020,13:01:42,1.9,1.9,50000,2.05,30000,0,240000
ADANIPOWER30JAN2062CE.NFO,07/01/2020,13:02:47,1.9,1.95,20000,2.05,30000,0,240000
ADANIPOWER30JAN2062CE.NFO,07/01/2020,13:03:31,1.9,1.9,60000,2.05,30000,0,240000
ADANIPOWER30JAN2062CE.NFO,07/01/2020,13:03:35,1.9,1.9,50000,2.05,30000,0,240000
ADANIPOWER30JAN2062CE.NFO,07/01/2020,13:04:48,1.9,1.9,40000,2.05,30000,0,240000
ADANIPOWER30JAN2062CE.NFO,07/01/2020,13:05:19,1.9,1.9,20000,2,20000,0,240000
ADANIPOWER30JAN2062CE.NFO,07/01/2020,13:05:57,1.9,1.9,20000,2,10000,0,240000
ADANIPOWER30JAN2062CE.NFO,07/01/2020,13:07:57,1.9,1.85,50000,2,10000,0,240000
ADANIPOWER30JAN2062CE.NFO,07/01/2020,13:08:03,1.9,1.9,20000,2,10000,0,240000
ADANIPOWER30JAN2062CE.NFO,07/01/2020,13:08:09,1.9,1.85,30000,2,10000,0,240000
ADANIPOWER30JAN2062CE.NFO,07/01/2020,13:08:15,1.9,1.8,70000,2,10000,0,240000
ADANIPOWER30JAN2062CE.NFO,07/01/2020,13:08:21,1.9,1.85,10000,2,10000,0,240000
ADANIPOWER30JAN2062CE.NFO,07/01/2020,13:08:29,1.9,1.85,50000,2,10000,0,240000
ADANIPOWER30JAN2062CE.NFO,07/01/2020,13:08:36,1.9,1.85,30000,2,10000,0,240000
ADANIPOWER30JAN2062CE.NFO,07/01/2020,13:08:42,1.9,1.8,50000,2,10000,0,240000
ADANIPOWER30JAN2062CE.NFO,07/01/2020,13:09:00,1.9,1.85,30000,2,10000,0,240000
ADANIPOWER30JAN2062CE.NFO,07/01/2020,13:09:05,1.9,1.8,50000,2,10000,0,240000
ADANIPOWER30JAN2062CE.NFO,07/01/2020,13:09:18,1.9,1.85,30000,2,10000,0,240000
ADANIPOWER30JAN2062CE.NFO,07/01/2020,13:10:06,1.9,1.8,50000,2,10000,0,240000
ADANIPOWER30JAN2062CE.NFO,07/01/2020,13:10:31,1.9,1.85,30000,2,10000,0,240000
ADANIPOWER30JAN2062CE.NFO,07/01/2020,13:10:57,1.9,1.85,20000,2,10000,0,240000
ADANIPOWER30JAN2062CE.NFO,07/01/2020,13:11:02,1.9,1.8,50000,2,10000,0,240000
ADANIPOWER30JAN2062CE.NFO,07/01/2020,13:11:38,1.9,1.85,30000,2,10000,0,240000
ADANIPOWER30JAN2062CE.NFO,07/01/2020,13:13:55,1.9,1.8,50000,2,10000,0,240000
ADANIPOWER30JAN2062CE.NFO,07/01/2020,13:14:01,1.9,1.85,30000,2,10000,0,240000
ADANIPOWER30JAN2062CE.NFO,07/01/2020,13:14:05,1.9,1.8,50000,2,10000,0,240000
ADANIPOWER30JAN2062CE.NFO,07/01/2020,13:14:15,1.9,1.85,10000,2,10000,0,240000
ADANIPOWER30JAN2062CE.NFO,07/01/2020,13:14:19,1.9,1.85,30000,2,10000,0,240000
ADANIPOWER30JAN2062CE.NFO,07/01/2020,13:14:26,1.9,1.8,50000,2,10000,0,240000
ADANIPOWER30JAN2062CE.NFO,07/01/2020,13:15:30,1.9,1.8,40000,2,10000,0,240000
ADANIPOWER30JAN2062CE.NFO,07/01/2020,13:15:42,1.9,1.8,40000,2,30000,0,240000
ADANIPOWER30JAN2062CE.NFO,07/01/2020,13:15:48,1.9,1.8,30000,2,30000,0,240000
ADANIPOWER30JAN2062CE.NFO,07/01/2020,13:15:54,1.9,1.8,30000,2,50000,0,240000
ADANIPOWER30JAN2062CE.NFO,07/01/2020,13:16:04,1.9,1.8,40000,2,10000,0,240000
ADANIPOWER30JAN2062CE.NFO,07/01/2020,13:16:44,1.9,1.8,40000,2,30000,0,240000
ADANIPOWER30JAN2062CE.NFO,07/01/2020,13:17:04,1.9,1.8,20000,2,30000,0,240000
ADANIPOWER30JAN2062CE.NFO,07/01/2020,13:17:14,1.9,1.8,10000,2,30000,0,240000
ADANIPOWER30JAN2062CE.NFO,07/01/2020,13:17:17,1.9,1.8,20000,2,30000,0,240000
ADANIPOWER30JAN2062CE.NFO,07/01/2020,13:17:49,1.9,1.8,10000,2,30000,0,240000
ADANIPOWER30JAN2062CE.NFO,07/01/2020,13:17:59,1.9,1.8,20000,2,30000,0,240000
ADANIPOWER30JAN2062CE.NFO,07/01/2020,13:18:04,1.9,1.8,10000,2,30000,0,240000
ADANIPOWER30JAN2062CE.NFO,07/01/2020,13:18:28,1.9,1.8,20000,2,30000,0,240000
ADANIPOWER30JAN2062CE.NFO,07/01/2020,13:19:48,1.9,1.8,10000,2,30000,0,240000
ADANIPOWER30JAN2062CE.NFO,07/01/2020,13:20:04,1.9,1.8,40000,2,30000,0,240000
ADANIPOWER30JAN2062CE.NFO,07/01/2020,13:20:07,1.9,1.8,40000,2,10000,0,240000
ADANIPOWER30JAN2062CE.NFO,07/01/2020,13:20:17,1.9,1.8,50000,2,10000,0,240000
ADANIPOWER30JAN2062CE.NFO,07/01/2020,13:21:01,1.9,1.8,60000,2,10000,0,240000
ADANIPOWER30JAN2062CE.NFO,07/01/2020,13:21:07,1.9,1.8,20000,2,90000,0,240000
ADANIPOWER30JAN2062CE.NFO,07/01/2020,13:21:20,1.9,1.8,20000,2,50000,0,240000
ADANIPOWER30JAN2062CE.NFO,07/01/2020,13:21:27,1.9,1.8,20000,2,30000,0,240000
ADANIPOWER30JAN2062CE.NFO,07/01/2020,13:22:25,1.9,1.8,10000,2,30000,0,240000
ADANIPOWER30JAN2062CE.NFO,07/01/2020,13:22:29,1.9,1.8,40000,2,30000,0,240000
ADANIPOWER30JAN2062CE.NFO,07/01/2020,13:22:40,1.9,1.8,10000,2,30000,0,240000
ADANIPOWER30JAN2062CE.NFO,07/01/2020,13:22:49,1.9,1.8,30000,2,30000,0,240000
ADANIPOWER30JAN2062CE.NFO,07/01/2020,13:23:21,1.9,1.8,10000,2,90000,0,240000
ADANIPOWER30JAN2062CE.NFO,07/01/2020,13:23:26,1.9,1.8,10000,2,50000,0,240000
ADANIPOWER30JAN2062CE.NFO,07/01/2020,13:24:15,1.9,1.8,10000,2,30000,0,240000
ADANIPOWER30JAN2062CE.NFO,07/01/2020,13:25:23,1.9,1.8,30000,2,30000,0,240000
ADANIPOWER30JAN2062CE.NFO,07/01/2020,13:25:34,1.9,1.8,40000,2,30000,0,240000
ADANIPOWER30JAN2062CE.NFO,07/01/2020,13:25:49,1.9,1.8,30000,2,30000,0,240000
ADANIPOWER30JAN2062CE.NFO,07/01/2020,13:26:14,1.9,1.8,40000,2,30000,0,240000
ADANIPOWER30JAN2062CE.NFO,07/01/2020,13:26:19,1.9,1.8,30000,2,30000,0,240000
ADANIPOWER30JAN2062CE.NFO,07/01/2020,13:26:34,1.9,1.8,10000,2,30000,0,240000
ADANIPOWER30JAN2062CE.NFO,07/01/2020,13:26:43,1.9,1.8,40000,2,30000,0,240000
ADANIPOWER30JAN2062CE.NFO,07/01/2020,13:27:33,1.9,1.8,30000,2,50000,0,240000
ADANIPOWER30JAN2062CE.NFO,07/01/2020,13:27:38,1.9,1.8,30000,2,30000,0,240000
ADANIPOWER30JAN2062CE.NFO,07/01/2020,13:27:43,1.9,1.8,30000,2,50000,0,240000
ADANIPOWER30JAN2062CE.NFO,07/01/2020,13:27:54,1.9,1.8,10000,2,50000,0,240000
ADANIPOWER30JAN2062CE.NFO,07/01/2020,13:28:05,1.9,1.8,10000,2,90000,0,240000
ADANIPOWER30JAN2062CE.NFO,07/01/2020,13:28:10,1.9,1.8,10000,2,70000,0,240000
ADANIPOWER30JAN2062CE.NFO,07/01/2020,13:28:23,1.9,1.8,10000,2,90000,0,240000
ADANIPOWER30JAN2062CE.NFO,07/01/2020,13:28:48,1.8,1.7,60000,2,110000,10000,240000
ADANIPOWER30JAN2062CE.NFO,07/01/2020,13:28:48,1.8,1.7,60000,2,110000,0,240000
ADANIPOWER30JAN2062CE.NFO,07/01/2020,13:28:55,1.8,1.7,60000,2,110000,0,240000
ADANIPOWER30JAN2062CE.NFO,07/01/2020,13:29:08,1.8,1.7,60000,2,120000,0,240000
ADANIPOWER30JAN2062CE.NFO,07/01/2020,13:29:20,1.8,1.7,10000,2,160000,0,240000
ADANIPOWER30JAN2062CE.NFO,07/01/2020,13:29:41,1.8,1.7,30000,2,160000,0,240000
ADANIPOWER30JAN2062CE.NFO,07/01/2020,13:29:54,1.8,1.7,10000,2,160000,0,240000
ADANIPOWER30JAN2062CE.NFO,07/01/2020,13:30:21,1.8,1.65,40000,2,160000,0,240000
ADANIPOWER30JAN2062CE.NFO,07/01/2020,13:30:26,1.8,1.65,40000,1.85,40000,0,240000
ADANIPOWER30JAN2062CE.NFO,07/01/2020,13:30:32,1.8,1.65,30000,1.9,100000,0,240000
ADANIPOWER30JAN2062CE.NFO,07/01/2020,13:30:48,1.8,1.65,40000,1.9,80000,0,240000
ADANIPOWER30JAN2062CE.NFO,07/01/2020,13:31:02,1.8,1.65,30000,1.9,60000,0,240000
ADANIPOWER30JAN2062CE.NFO,07/01/2020,13:31:08,1.8,1.65,30000,1.9,80000,0,240000
ADANIPOWER30JAN2062CE.NFO,07/01/2020,13:31:44,1.8,1.7,10000,1.9,80000,0,240000
ADANIPOWER30JAN2062CE.NFO,07/01/2020,13:31:51,1.7,1.65,20000,1.85,50000,10000,250000
ADANIPOWER30JAN2062CE.NFO,07/01/2020,13:31:51,1.7,1.65,20000,1.85,50000,0,250000
ADANIPOWER30JAN2062CE.NFO,07/01/2020,13:31:59,1.7,1.65,30000,1.85,30000,0,250000
ADANIPOWER30JAN2062CE.NFO,07/01/2020,13:32:07,1.7,1.65,30000,1.85,50000,0,250000
ADANIPOWER30JAN2062CE.NFO,07/01/2020,13:32:13,1.7,1.65,30000,1.85,30000,0,250000
ADANIPOWER30JAN2062CE.NFO,07/01/2020,13:32:25,1.7,1.65,20000,1.85,70000,0,250000
ADANIPOWER30JAN2062CE.NFO,07/01/2020,13:32:40,1.7,1.6,60000,1.85,90000,0,250000
ADANIPOWER30JAN2062CE.NFO,07/01/2020,13:32:46,1.7,1.6,60000,1.85,110000,0,250000
ADANIPOWER30JAN2062CE.NFO,07/01/2020,13:32:52,1.7,1.6,50000,1.85,90000,0,250000
ADANIPOWER30JAN2062CE.NFO,07/01/2020,13:32:58,1.7,1.6,60000,1.85,90000,0,250000
ADANIPOWER30JAN2062CE.NFO,07/01/2020,13:33:09,1.7,1.6,60000,1.85,70000,0,250000
ADANIPOWER30JAN2062CE.NFO,07/01/2020,13:33:13,1.7,1.65,20000,1.85,70000,0,250000
ADANIPOWER30JAN2062CE.NFO,07/01/2020,13:33:38,1.7,1.65,30000,1.85,50000,0,250000
ADANIPOWER30JAN2062CE.NFO,07/01/2020,13:33:43,1.7,1.65,40000,1.85,30000,0,250000
ADANIPOWER30JAN2062CE.NFO,07/01/2020,13:33:55,1.7,1.7,30000,1.85,30000,0,250000
ADANIPOWER30JAN2062CE.NFO,07/01/2020,13:34:00,1.7,1.65,50000,1.85,30000,0,250000
ADANIPOWER30JAN2062CE.NFO,07/01/2020,13:34:05,1.7,1.7,20000,1.85,30000,0,250000
ADANIPOWER30JAN2062CE.NFO,07/01/2020,13:34:10,1.7,1.65,50000,1.85,30000,0,250000
ADANIPOWER30JAN2062CE.NFO,07/01/2020,13:34:25,1.7,1.7,20000,1.85,30000,0,250000
ADANIPOWER30JAN2062CE.NFO,07/01/2020,13:34:40,1.7,1.7,20000,1.85,10000,0,250000
ADANIPOWER30JAN2062CE.NFO,07/01/2020,13:34:47,1.7,1.7,20000,1.85,30000,0,250000
ADANIPOWER30JAN2062CE.NFO,07/01/2020,13:34:52,1.7,1.7,40000,1.85,30000,0,250000
ADANIPOWER30JAN2062CE.NFO,07/01/2020,13:34:59,1.7,1.7,40000,1.85,10000,0,250000
ADANIPOWER30JAN2062CE.NFO,07/01/2020,13:35:18,1.7,1.75,20000,1.85,10000,0,250000
ADANIPOWER30JAN2062CE.NFO,07/01/2020,13:35:23,1.7,1.7,40000,1.85,10000,0,250000
ADANIPOWER30JAN2062CE.NFO,07/01/2020,13:35:36,1.7,1.75,20000,1.85,10000,0,250000
ADANIPOWER30JAN2062CE.NFO,07/01/2020,13:36:24,1.7,1.75,30000,1.85,10000,0,250000
ADANIPOWER30JAN2062CE.NFO,07/01/2020,13:36:31,1.7,1.75,20000,1.85,10000,0,250000
ADANIPOWER30JAN2062CE.NFO,07/01/2020,13:36:38,1.7,1.7,40000,1.85,10000,0,250000
ADANIPOWER30JAN2062CE.NFO,07/01/2020,13:36:58,1.7,1.75,20000,1.85,10000,0,250000
ADANIPOWER30JAN2062CE.NFO,07/01/2020,13:38:13,1.7,1.75,40000,1.95,70000,0,250000
ADANIPOWER30JAN2062CE.NFO,07/01/2020,13:38:19,1.7,1.75,30000,1.95,70000,0,250000
ADANIPOWER30JAN2062CE.NFO,07/01/2020,13:38:25,1.7,1.75,30000,1.95,50000,0,250000
ADANIPOWER30JAN2062CE.NFO,07/01/2020,13:38:30,1.7,1.75,20000,1.95,50000,0,250000
ADANIPOWER30JAN2062CE.NFO,07/01/2020,13:38:36,1.7,1.75,20000,1.95,130000,0,250000
ADANIPOWER30JAN2062CE.NFO,07/01/2020,13:38:41,1.7,1.75,20000,1.95,90000,0,250000
ADANIPOWER30JAN2062CE.NFO,07/01/2020,13:38:49,1.7,1.75,20000,1.95,50000,0,250000
ADANIPOWER30JAN2062CE.NFO,07/01/2020,13:38:59,1.7,1.75,20000,1.95,30000,0,250000
ADANIPOWER30JAN2062CE.NFO,07/01/2020,13:39:04,1.7,1.75,20000,1.95,50000,0,250000
ADANIPOWER30JAN2062CE.NFO,07/01/2020,13:39:13,1.7,1.75,20000,1.95,90000,0,250000
ADANIPOWER30JAN2062CE.NFO,07/01/2020,13:39:16,1.7,1.75,20000,1.95,130000,0,250000
ADANIPOWER30JAN2062CE.NFO,07/01/2020,13:39:43,1.7,1.7,40000,1.95,130000,0,250000
ADANIPOWER30JAN2062CE.NFO,07/01/2020,13:39:53,1.7,1.75,20000,1.95,130000,0,250000
ADANIPOWER30JAN2062CE.NFO,07/01/2020,13:40:53,1.7,1.75,20000,1.95,50000,0,250000
ADANIPOWER30JAN2062CE.NFO,07/01/2020,13:41:30,1.7,1.75,20000,1.95,130000,0,250000
ADANIPOWER30JAN2062CE.NFO,07/01/2020,13:42:23,1.7,1.75,20000,1.95,50000,0,250000
ADANIPOWER30JAN2062CE.NFO,07/01/2020,13:42:43,1.7,1.75,40000,1.95,50000,0,250000
ADANIPOWER30JAN2062CE.NFO,07/01/2020,13:43:20,1.7,1.75,30000,1.95,50000,0,250000
ADANIPOWER30JAN2062CE.NFO,07/01/2020,13:43:53,1.7,1.75,20000,1.95,130000,0,250000
ADANIPOWER30JAN2062CE.NFO,07/01/2020,13:44:25,1.7,1.75,30000,1.95,90000,0,250000
ADANIPOWER30JAN2062CE.NFO,07/01/2020,13:44:41,1.7,1.75,20000,1.95,130000,0,250000
ADANIPOWER30JAN2062CE.NFO,07/01/2020,13:45:09,1.7,1.75,30000,1.95,90000,0,250000
ADANIPOWER30JAN2062CE.NFO,07/01/2020,13:45:30,1.7,1.75,30000,1.95,100000,0,250000
ADANIPOWER30JAN2062CE.NFO,07/01/2020,13:45:45,1.7,1.8,20000,1.95,20000,0,250000
ADANIPOWER30JAN2062CE.NFO,07/01/2020,13:46:19,1.7,1.8,30000,1.95,20000,0,250000
ADANIPOWER30JAN2062CE.NFO,07/01/2020,13:46:36,1.7,1.8,20000,1.95,20000,0,250000
ADANIPOWER30JAN2062CE.NFO,07/01/2020,13:46:45,1.7,1.8,40000,1.95,10000,0,250000
ADANIPOWER30JAN2062CE.NFO,07/01/2020,13:47:01,1.7,1.8,60000,1.95,10000,0,250000
ADANIPOWER30JAN2062CE.NFO,07/01/2020,13:48:48,1.7,1.85,50000,1.95,10000,0,250000
ADANIPOWER30JAN2062CE.NFO,07/01/2020,13:49:57,1.7,1.85,60000,1.95,10000,0,250000
ADANIPOWER30JAN2062CE.NFO,07/01/2020,13:50:08,1.7,1.9,30000,1.95,10000,0,250000
ADANIPOWER30JAN2062CE.NFO,07/01/2020,13:50:28,1.7,1.9,50000,1.95,10000,0,250000
ADANIPOWER30JAN2062CE.NFO,07/01/2020,13:50:34,1.95,1.95,10000,2,20000,10000,260000
ADANIPOWER30JAN2062CE.NFO,07/01/2020,13:50:40,1.95,1.95,10000,2,20000,0,260000
ADANIPOWER30JAN2062CE.NFO,07/01/2020,13:51:01,1.95,1.9,30000,2,20000,10000,260000
ADANIPOWER30JAN2062CE.NFO,07/01/2020,13:51:19,1.95,1.85,30000,2,20000,0,260000
ADANIPOWER30JAN2062CE.NFO,07/01/2020,13:51:34,1.95,1.85,30000,1.95,20000,0,260000
ADANIPOWER30JAN2062CE.NFO,07/01/2020,13:53:19,1.95,1.85,30000,1.95,30000,0,260000
ADANIPOWER30JAN2062CE.NFO,07/01/2020,13:53:46,1.95,1.8,30000,1.9,30000,0,260000
ADANIPOWER30JAN2062CE.NFO,07/01/2020,13:54:00,1.95,1.8,10000,1.85,20000,0,260000
ADANIPOWER30JAN2062CE.NFO,07/01/2020,13:54:10,1.95,1.8,10000,1.9,30000,0,260000
ADANIPOWER30JAN2062CE.NFO,07/01/2020,13:54:26,1.95,1.8,30000,1.9,30000,0,260000
ADANIPOWER30JAN2062CE.NFO,07/01/2020,13:55:01,1.95,1.75,30000,1.9,30000,0,260000
ADANIPOWER30JAN2062CE.NFO,07/01/2020,13:55:07,1.95,1.8,30000,1.9,30000,0,260000
ADANIPOWER30JAN2062CE.NFO,07/01/2020,13:56:14,1.95,1.75,30000,1.85,20000,0,260000
ADANIPOWER30JAN2062CE.NFO,07/01/2020,13:56:18,1.95,1.8,10000,1.85,20000,0,260000
ADANIPOWER30JAN2062CE.NFO,07/01/2020,13:56:25,1.95,1.75,20000,1.85,20000,0,260000
ADANIPOWER30JAN2062CE.NFO,07/01/2020,13:56:40,1.95,1.7,20000,1.85,20000,0,260000
ADANIPOWER30JAN2062CE.NFO,07/01/2020,13:56:59,1.95,1.75,30000,1.85,20000,0,260000
ADANIPOWER30JAN2062CE.NFO,07/01/2020,13:57:54,1.95,1.75,30000,1.85,40000,0,260000
ADANIPOWER30JAN2062CE.NFO,07/01/2020,13:58:06,1.95,1.75,30000,1.85,50000,0,260000
ADANIPOWER30JAN2062CE.NFO,07/01/2020,13:58:18,1.95,1.7,20000,1.85,50000,0,260000
ADANIPOWER30JAN2062CE.NFO,07/01/2020,13:58:48,1.95,1.7,20000,1.85,40000,0,260000
ADANIPOWER30JAN2062CE.NFO,07/01/2020,13:59:46,1.95,1.75,20000,1.85,40000,0,260000
ADANIPOWER30JAN2062CE.NFO,07/01/2020,13:59:50,1.95,1.7,30000,1.8,20000,0,260000
ADANIPOWER30JAN2062CE.NFO,07/01/2020,14:00:06,1.95,1.7,40000,1.8,20000,0,260000
ADANIPOWER30JAN2062CE.NFO,07/01/2020,14:00:13,1.95,1.7,60000,1.8,20000,0,260000
ADANIPOWER30JAN2062CE.NFO,07/01/2020,14:00:45,1.95,1.75,20000,1.8,20000,0,260000
ADANIPOWER30JAN2062CE.NFO,07/01/2020,14:01:15,1.95,1.75,20000,1.85,40000,0,260000
ADANIPOWER30JAN2062CE.NFO,07/01/2020,14:02:49,1.95,1.75,20000,1.85,50000,0,260000
ADANIPOWER30JAN2062CE.NFO,07/01/2020,14:02:55,1.95,1.75,50000,1.85,30000,0,260000
ADANIPOWER30JAN2062CE.NFO,07/01/2020,14:03:32,1.95,1.8,20000,1.85,30000,0,260000
ADANIPOWER30JAN2062CE.NFO,07/01/2020,14:03:40,1.95,1.8,20000,1.85,10000,0,260000
ADANIPOWER30JAN2062CE.NFO,07/01/2020,14:03:55,1.95,1.8,50000,1.9,20000,0,260000
ADANIPOWER30JAN2062CE.NFO,07/01/2020,14:04:01,1.95,1.8,20000,1.85,10000,0,260000
ADANIPOWER30JAN2062CE.NFO,07/01/2020,14:07:04,1.95,1.75,50000,1.85,20000,0,260000
ADANIPOWER30JAN2062CE.NFO,07/01/2020,14:07:49,1.95,1.75,20000,1.85,20000,0,260000
ADANIPOWER30JAN2062CE.NFO,07/01/2020,14:08:00,1.95,1.75,20000,1.85,10000,0,260000
ADANIPOWER30JAN2062CE.NFO,07/01/2020,14:08:16,1.95,1.75,50000,1.85,10000,0,260000
ADANIPOWER30JAN2062CE.NFO,07/01/2020,14:08:26,1.95,1.75,50000,1.85,20000,0,260000
ADANIPOWER30JAN2062CE.NFO,07/01/2020,14:08:39,1.95,1.75,20000,1.85,20000,0,260000
ADANIPOWER30JAN2062CE.NFO,07/01/2020,14:08:44,1.95,1.75,20000,1.8,10000,0,260000
ADANIPOWER30JAN2062CE.NFO,07/01/2020,14:08:58,1.95,1.7,60000,1.85,20000,0,260000
ADANIPOWER30JAN2062CE.NFO,07/01/2020,14:09:17,1.95,1.75,20000,1.85,20000,0,260000
ADANIPOWER30JAN2062CE.NFO,07/01/2020,14:09:41,1.95,1.75,30000,1.85,20000,0,260000
ADANIPOWER30JAN2062CE.NFO,07/01/2020,14:09:46,1.95,1.75,50000,1.85,20000,0,260000
ADANIPOWER30JAN2062CE.NFO,07/01/2020,14:09:52,1.95,1.75,30000,1.85,20000,0,260000
ADANIPOWER30JAN2062CE.NFO,07/01/2020,14:09:59,1.95,1.8,20000,1.85,10000,0,260000
ADANIPOWER30JAN2062CE.NFO,07/01/2020,14:10:21,1.95,1.75,50000,1.85,20000,0,260000
ADANIPOWER30JAN2062CE.NFO,07/01/2020,14:13:18,1.95,1.8,40000,1.9,40000,0,260000
ADANIPOWER30JAN2062CE.NFO,07/01/2020,14:13:54,1.95,1.8,40000,1.9,20000,0,260000
ADANIPOWER30JAN2062CE.NFO,07/01/2020,14:14:34,1.95,1.8,20000,1.9,20000,0,260000
ADANIPOWER30JAN2062CE.NFO,07/01/2020,14:14:38,1.95,1.8,40000,1.9,20000,0,260000
ADANIPOWER30JAN2062CE.NFO,07/01/2020,14:17:41,1.95,1.8,20000,1.9,20000,0,260000
ADANIPOWER30JAN2062CE.NFO,07/01/2020,14:17:57,1.95,1.8,40000,1.9,40000,0,260000
ADANIPOWER30JAN2062CE.NFO,07/01/2020,14:18:17,1.95,1.8,20000,1.9,20000,0,260000
ADANIPOWER30JAN2062CE.NFO,07/01/2020,14:18:47,1.95,1.8,40000,1.95,30000,0,260000
ADANIPOWER30JAN2062CE.NFO,07/01/2020,14:18:56,1.95,1.8,40000,1.95,20000,0,260000
ADANIPOWER30JAN2062CE.NFO,07/01/2020,14:19:01,1.95,1.8,40000,1.9,10000,0,260000
ADANIPOWER30JAN2062CE.NFO,07/01/2020,14:19:41,1.95,1.8,40000,1.95,20000,0,260000
ADANIPOWER30JAN2062CE.NFO,07/01/2020,14:19:56,1.95,1.8,40000,1.95,40000,0,260000
ADANIPOWER30JAN2062CE.NFO,07/01/2020,14:20:11,1.95,1.8,40000,1.95,20000,0,260000
ADANIPOWER30JAN2062CE.NFO,07/01/2020,14:21:04,1.95,1.8,50000,1.95,20000,0,260000
ADANIPOWER30JAN2062CE.NFO,07/01/2020,14:21:09,1.95,1.8,50000,1.95,10000,0,260000
ADANIPOWER30JAN2062CE.NFO,07/01/2020,14:21:13,1.95,1.8,40000,1.95,10000,0,260000
ADANIPOWER30JAN2062CE.NFO,07/01/2020,14:21:51,1.95,1.8,50000,1.95,20000,0,260000
ADANIPOWER30JAN2062CE.NFO,07/01/2020,14:22:11,1.95,1.8,50000,2,20000,0,260000
ADANIPOWER30JAN2062CE.NFO,07/01/2020,14:23:11,1.95,1.8,50000,2,40000,0,260000
ADANIPOWER30JAN2062CE.NFO,07/01/2020,14:23:27,1.95,1.8,50000,2,20000,0,260000
ADANIPOWER30JAN2062CE.NFO,07/01/2020,14:23:37,1.95,1.9,40000,2,20000,0,260000
ADANIPOWER30JAN2062CE.NFO,07/01/2020,14:23:46,1.95,1.9,40000,2,40000,0,260000
ADANIPOWER30JAN2062CE.NFO,07/01/2020,14:24:12,1.95,1.9,20000,2,40000,0,260000
ADANIPOWER30JAN2062CE.NFO,07/01/2020,14:24:19,1.95,1.85,20000,2,40000,0,260000
ADANIPOWER30JAN2062CE.NFO,07/01/2020,14:24:29,1.95,1.9,20000,2,50000,0,260000
ADANIPOWER30JAN2062CE.NFO,07/01/2020,14:24:47,1.95,1.85,50000,1.95,20000,0,260000
ADANIPOWER30JAN2062CE.NFO,07/01/2020,14:25:33,1.95,1.85,50000,1.95,10000,0,260000
ADANIPOWER30JAN2062CE.NFO,07/01/2020,14:26:23,1.95,1.85,50000,1.95,20000,0,260000
ADANIPOWER30JAN2062CE.NFO,07/01/2020,14:26:27,1.95,1.85,50000,1.95,10000,0,260000
ADANIPOWER30JAN2062CE.NFO,07/01/2020,14:27:10,1.95,1.9,20000,1.95,10000,0,250000
ADANIPOWER30JAN2062CE.NFO,07/01/2020,14:28:19,1.95,1.85,50000,1.95,20000,0,250000
ADANIPOWER30JAN2062CE.NFO,07/01/2020,14:28:23,1.95,1.9,20000,1.95,10000,0,250000
ADANIPOWER30JAN2062CE.NFO,07/01/2020,14:29:10,1.95,1.9,50000,2,60000,0,250000
ADANIPOWER30JAN2062CE.NFO,07/01/2020,14:29:28,1.95,1.9,20000,1.95,20000,0,250000
ADANIPOWER30JAN2062CE.NFO,07/01/2020,14:29:54,1.95,1.9,20000,2,20000,0,250000
ADANIPOWER30JAN2062CE.NFO,07/01/2020,14:30:03,1.95,1.9,60000,2,20000,0,250000
ADANIPOWER30JAN2062CE.NFO,07/01/2020,14:30:14,1.95,1.95,20000,2,20000,0,250000
ADANIPOWER30JAN2062CE.NFO,07/01/2020,14:30:31,1.95,1.95,60000,2,10000,0,250000
ADANIPOWER30JAN2062CE.NFO,07/01/2020,14:30:39,2,2,10000,2.05,20000,10000,250000
ADANIPOWER30JAN2062CE.NFO,07/01/2020,14:30:48,2,2,10000,2.05,20000,0,250000
ADANIPOWER30JAN2062CE.NFO,07/01/2020,14:31:04,2,2,50000,2.05,10000,0,250000
ADANIPOWER30JAN2062CE.NFO,07/01/2020,14:31:11,2,2,60000,2.05,10000,0,250000
ADANIPOWER30JAN2062CE.NFO,07/01/2020,14:31:19,2,2,50000,2.05,10000,0,250000
ADANIPOWER30JAN2062CE.NFO,07/01/2020,14:31:38,2,2,40000,2.05,10000,0,250000
ADANIPOWER30JAN2062CE.NFO,07/01/2020,14:31:56,2,2,20000,2.05,10000,0,250000
ADANIPOWER30JAN2062CE.NFO,07/01/2020,14:32:09,2,2,60000,2.05,10000,0,250000
ADANIPOWER30JAN2062CE.NFO,07/01/2020,14:32:44,2,2,50000,2.05,10000,0,250000
ADANIPOWER30JAN2062CE.NFO,07/01/2020,14:32:49,2.05,2.05,30000,2.1,10000,10000,250000
ADANIPOWER30JAN2062CE.NFO,07/01/2020,14:32:54,2.05,2.05,10000,2.1,10000,0,250000
ADANIPOWER30JAN2062CE.NFO,07/01/2020,14:33:18,2.05,2.05,30000,2.1,10000,0,250000
ADANIPOWER30JAN2062CE.NFO,07/01/2020,14:33:24,2.05,2.05,10000,2.1,10000,0,250000
ADANIPOWER30JAN2062CE.NFO,07/01/2020,14:33:30,2.05,2,40000,2.1,20000,0,250000
ADANIPOWER30JAN2062CE.NFO,07/01/2020,14:33:42,2.05,2,60000,2.1,20000,0,250000
ADANIPOWER30JAN2062CE.NFO,07/01/2020,14:34:35,2.05,2,50000,2.1,20000,0,250000
ADANIPOWER30JAN2062CE.NFO,07/01/2020,14:34:41,2.05,2,20000,2.1,20000,0,250000
ADANIPOWER30JAN2062CE.NFO,07/01/2020,14:34:45,2.05,2,40000,2.1,20000,0,250000
ADANIPOWER30JAN2062CE.NFO,07/01/2020,14:34:50,2.05,2,20000,2.1,20000,0,250000
ADANIPOWER30JAN2062CE.NFO,07/01/2020,14:34:56,2.05,2,40000,2.1,20000,0,250000
ADANIPOWER30JAN2062CE.NFO,07/01/2020,14:35:06,2.05,2,10000,2.1,20000,0,250000
ADANIPOWER30JAN2062CE.NFO,07/01/2020,14:35:12,2.05,2,20000,2.1,20000,0,250000
ADANIPOWER30JAN2062CE.NFO,07/01/2020,14:35:32,2.05,2,60000,2.1,20000,0,250000
ADANIPOWER30JAN2062CE.NFO,07/01/2020,14:35:48,2.05,2,50000,2.1,20000,0,250000
ADANIPOWER30JAN2062CE.NFO,07/01/2020,14:36:04,2.05,2,50000,2.1,10000,0,250000
ADANIPOWER30JAN2062CE.NFO,07/01/2020,14:36:09,2.05,2,60000,2.1,10000,0,250000
ADANIPOWER30JAN2062CE.NFO,07/01/2020,14:36:15,2.05,2,50000,2.1,10000,0,250000
ADANIPOWER30JAN2062CE.NFO,07/01/2020,14:36:50,2.05,2,50000,2.1,30000,0,250000
ADANIPOWER30JAN2062CE.NFO,07/01/2020,14:37:54,2.05,2,60000,2.1,30000,0,250000
ADANIPOWER30JAN2062CE.NFO,07/01/2020,14:39:53,2.05,2,40000,2.1,10000,0,250000
ADANIPOWER30JAN2062CE.NFO,07/01/2020,14:39:57,2.05,2,60000,2.1,30000,0,250000
ADANIPOWER30JAN2062CE.NFO,07/01/2020,14:40:08,2.05,2,60000,2.1,40000,0,250000
ADANIPOWER30JAN2062CE.NFO,07/01/2020,14:40:19,2.05,2,60000,2.1,30000,0,250000
ADANIPOWER30JAN2062CE.NFO,07/01/2020,14:40:52,2.05,2,60000,2.1,40000,0,250000
ADANIPOWER30JAN2062CE.NFO,07/01/2020,14:41:32,2.05,2,40000,2.1,40000,0,250000
ADANIPOWER30JAN2062CE.NFO,07/01/2020,14:41:36,2.05,2,60000,2.1,40000,0,250000
ADANIPOWER30JAN2062CE.NFO,07/01/2020,14:41:55,2.05,2,60000,2.1,30000,0,250000
ADANIPOWER30JAN2062CE.NFO,07/01/2020,14:42:29,2.05,2,60000,2.1,40000,0,250000
ADANIPOWER30JAN2062CE.NFO,07/01/2020,14:42:38,2.05,2,40000,2.1,40000,0,250000
ADANIPOWER30JAN2062CE.NFO,07/01/2020,14:43:26,2.05,1.95,60000,2.05,20000,0,250000
ADANIPOWER30JAN2062CE.NFO,07/01/2020,14:45:18,2.05,1.95,60000,2.05,30000,0,250000
ADANIPOWER30JAN2062CE.NFO,07/01/2020,14:45:54,2.05,1.95,40000,2.05,20000,0,250000
ADANIPOWER30JAN2062CE.NFO,07/01/2020,14:46:06,2.05,1.95,40000,2.05,30000,0,250000
ADANIPOWER30JAN2062CE.NFO,07/01/2020,14:46:33,2.05,1.95,40000,2.05,20000,0,250000
ADANIPOWER30JAN2062CE.NFO,07/01/2020,14:46:52,2.05,1.95,40000,2.05,30000,0,250000
ADANIPOWER30JAN2062CE.NFO,07/01/2020,14:47:52,2.05,1.95,60000,2.05,30000,0,250000
ADANIPOWER30JAN2062CE.NFO,07/01/2020,14:49:01,2.05,1.95,40000,2.05,30000,0,250000
ADANIPOWER30JAN2062CE.NFO,07/01/2020,14:50:10,2.05,1.95,40000,2,10000,0,250000
ADANIPOWER30JAN2062CE.NFO,07/01/2020,14:50:35,2.05,1.95,30000,2,10000,0,250000
ADANIPOWER30JAN2062CE.NFO,07/01/2020,14:50:40,2.05,1.9,60000,2,10000,0,250000
ADANIPOWER30JAN2062CE.NFO,07/01/2020,14:50:59,2.05,1.95,30000,2,10000,0,250000
ADANIPOWER30JAN2062CE.NFO,07/01/2020,14:51:03,2.05,1.9,60000,2,10000,0,250000
ADANIPOWER30JAN2062CE.NFO,07/01/2020,14:52:55,2.05,1.95,30000,2,10000,0,250000
ADANIPOWER30JAN2062CE.NFO,07/01/2020,14:53:05,2.05,1.95,40000,2,10000,0,250000
ADANIPOWER30JAN2062CE.NFO,07/01/2020,14:53:58,2.05,2,20000,2.05,20000,0,250000
ADANIPOWER30JAN2062CE.NFO,07/01/2020,14:54:21,2.05,1.95,60000,2.05,20000,0,250000
ADANIPOWER30JAN2062CE.NFO,07/01/2020,14:54:40,2.05,2,60000,2.05,20000,0,250000
ADANIPOWER30JAN2062CE.NFO,07/01/2020,14:54:51,2.05,2,60000,2.1,50000,0,250000
ADANIPOWER30JAN2062CE.NFO,07/01/2020,14:54:55,2.05,2,40000,2.1,60000,0,250000
ADANIPOWER30JAN2062CE.NFO,07/01/2020,14:55:00,2.05,2,10000,2.05,20000,0,250000
ADANIPOWER30JAN2062CE.NFO,07/01/2020,14:58:47,2.05,2,10000,2.05,30000,0,250000
ADANIPOWER30JAN2062CE.NFO,07/01/2020,14:59:07,2.05,1.95,60000,2.05,40000,0,250000
ADANIPOWER30JAN2062CE.NFO,07/01/2020,14:59:46,2.05,1.95,70000,2.05,40000,0,250000
ADANIPOWER30JAN2062CE.NFO,07/01/2020,15:00:06,2.05,2,40000,2.05,40000,0,250000
ADANIPOWER30JAN2062CE.NFO,07/01/2020,15:00:49,2.05,1.95,70000,2.05,40000,0,250000
ADANIPOWER30JAN2062CE.NFO,07/01/2020,15:05:00,2.05,1.95,60000,2,20000,0,250000
ADANIPOWER30JAN2062CE.NFO,07/01/2020,15:05:04,2.05,1.95,60000,2.05,40000,0,250000
ADANIPOWER30JAN2062CE.NFO,07/01/2020,15:06:05,2.05,2,20000,2.05,40000,0,250000
ADANIPOWER30JAN2062CE.NFO,07/01/2020,15:06:44,2.05,2.05,10000,2.1,40000,10000,230000
ADANIPOWER30JAN2062CE.NFO,07/01/2020,15:06:47,2.05,2,70000,2.1,40000,0,230000
ADANIPOWER30JAN2062CE.NFO,07/01/2020,15:06:51,2.05,2.05,20000,2.1,30000,0,230000
ADANIPOWER30JAN2062CE.NFO,07/01/2020,15:06:59,2.05,2,70000,2.1,40000,0,230000
ADANIPOWER30JAN2062CE.NFO,07/01/2020,15:07:13,2.05,2,50000,2.1,40000,0,230000
ADANIPOWER30JAN2062CE.NFO,07/01/2020,15:07:23,2.05,2,40000,2.1,40000,0,230000
ADANIPOWER30JAN2062CE.NFO,07/01/2020,15:07:37,2.05,2,40000,2.05,10000,0,230000
ADANIPOWER30JAN2062CE.NFO,07/01/2020,15:07:41,2.05,2,40000,2.05,30000,0,230000
ADANIPOWER30JAN2062CE.NFO,07/01/2020,15:08:18,2.05,2,20000,2.05,30000,0,230000
ADANIPOWER30JAN2062CE.NFO,07/01/2020,15:08:25,2.05,2,10000,2.05,30000,0,230000
ADANIPOWER30JAN2062CE.NFO,07/01/2020,15:08:38,2.05,1.95,70000,2.05,30000,0,230000
ADANIPOWER30JAN2062CE.NFO,07/01/2020,15:09:35,2.05,2,40000,2.05,30000,0,230000
ADANIPOWER30JAN2062CE.NFO,07/01/2020,15:09:40,2.05,2,70000,2.05,10000,0,230000
ADANIPOWER30JAN2062CE.NFO,07/01/2020,15:09:45,2.05,2,70000,2.1,20000,10000,220000
ADANIPOWER30JAN2062CE.NFO,07/01/2020,15:09:51,2.05,2,70000,2.1,20000,0,220000
ADANIPOWER30JAN2062CE.NFO,07/01/2020,15:09:55,2.05,2.05,60000,2.15,40000,0,220000
ADANIPOWER30JAN2062CE.NFO,07/01/2020,15:10:05,2.05,2.05,70000,2.15,20000,0,220000
ADANIPOWER30JAN2062CE.NFO,07/01/2020,15:10:42,2.05,2.1,20000,2.15,20000,0,220000
ADANIPOWER30JAN2062CE.NFO,07/01/2020,15:10:47,2.05,2.05,70000,2.15,20000,0,220000
ADANIPOWER30JAN2062CE.NFO,07/01/2020,15:10:52,2.05,2.1,70000,2.2,20000,0,220000
ADANIPOWER30JAN2062CE.NFO,07/01/2020,15:11:10,2.05,2.15,10000,2.2,20000,0,220000
ADANIPOWER30JAN2062CE.NFO,07/01/2020,15:11:16,2.05,2.15,60000,2.25,20000,0,220000
ADANIPOWER30JAN2062CE.NFO,07/01/2020,15:11:22,2.05,2.15,50000,2.25,40000,0,220000
ADANIPOWER30JAN2062CE.NFO,07/01/2020,15:11:28,2.05,2.15,50000,2.25,30000,0,220000
ADANIPOWER30JAN2062CE.NFO,07/01/2020,15:11:42,2.05,2.2,10000,2.25,20000,0,220000
ADANIPOWER30JAN2062CE.NFO,07/01/2020,15:11:48,2.05,2.2,10000,2.3,50000,0,220000
ADANIPOWER30JAN2062CE.NFO,07/01/2020,15:11:53,2.05,2.2,20000,2.3,30000,0,220000
ADANIPOWER30JAN2062CE.NFO,07/01/2020,15:11:59,2.05,2.2,20000,2.3,50000,0,220000
ADANIPOWER30JAN2062CE.NFO,07/01/2020,15:12:04,2.05,2.2,10000,2.3,50000,0,220000
ADANIPOWER30JAN2062CE.NFO,07/01/2020,15:12:19,2.05,2.1,40000,2.3,60000,0,220000
ADANIPOWER30JAN2062CE.NFO,07/01/2020,15:12:24,2.05,2.1,40000,2.25,40000,0,220000
ADANIPOWER30JAN2062CE.NFO,07/01/2020,15:12:29,2.05,2.1,40000,2.25,50000,0,220000
ADANIPOWER30JAN2062CE.NFO,07/01/2020,15:12:34,2.05,2.05,40000,2.25,60000,0,220000
ADANIPOWER30JAN2062CE.NFO,07/01/2020,15:12:39,2.05,2.05,60000,2.2,20000,0,220000
ADANIPOWER30JAN2062CE.NFO,07/01/2020,15:12:52,2.2,2.05,60000,2.2,10000,10000,210000
ADANIPOWER30JAN2062CE.NFO,07/01/2020,15:12:56,2.2,2.05,40000,2.2,10000,0,210000
ADANIPOWER30JAN2062CE.NFO,07/01/2020,15:13:12,2.2,2.05,40000,2.2,20000,0,210000
ADANIPOWER30JAN2062CE.NFO,07/01/2020,15:13:17,2.2,2.05,30000,2.2,20000,0,210000
ADANIPOWER30JAN2062CE.NFO,07/01/2020,15:13:39,2.2,2.05,30000,2.25,50000,0,210000
ADANIPOWER30JAN2062CE.NFO,07/01/2020,15:13:44,2.2,2.05,30000,2.2,20000,0,210000
ADANIPOWER30JAN2062CE.NFO,07/01/2020,15:13:49,2.2,2.1,20000,2.2,50000,0,210000
ADANIPOWER30JAN2062CE.NFO,07/01/2020,15:13:54,2.2,2.1,10000,2.2,50000,0,210000
ADANIPOWER30JAN2062CE.NFO,07/01/2020,15:14:11,2.2,2.05,30000,2.2,50000,0,210000
ADANIPOWER30JAN2062CE.NFO,07/01/2020,15:14:23,2.2,2.05,30000,2.15,50000,0,210000
ADANIPOWER30JAN2062CE.NFO,07/01/2020,15:14:45,2.2,2,30000,2.15,50000,0,210000
ADANIPOWER30JAN2062CE.NFO,07/01/2020,15:14:50,2.2,2.05,30000,2.15,50000,0,210000
ADANIPOWER30JAN2062CE.NFO,07/01/2020,15:15:00,2.2,2,30000,2.15,60000,0,210000
ADANIPOWER30JAN2062CE.NFO,07/01/2020,15:15:30,2.2,2.05,30000,2.15,60000,0,210000
ADANIPOWER30JAN2062CE.NFO,07/01/2020,15:15:37,2.2,2.05,10000,2.1,20000,0,210000
ADANIPOWER30JAN2062CE.NFO,07/01/2020,15:16:03,2.2,2,50000,2.1,20000,0,210000
ADANIPOWER30JAN2062CE.NFO,07/01/2020,15:16:10,2.2,2,50000,2.1,30000,0,210000
ADANIPOWER30JAN2062CE.NFO,07/01/2020,15:16:45,2.2,2,30000,2.1,30000,0,210000
ADANIPOWER30JAN2062CE.NFO,07/01/2020,15:16:50,2.2,2,30000,2.1,60000,0,210000
ADANIPOWER30JAN2062CE.NFO,07/01/2020,15:17:07,2.2,2,30000,2.1,30000,0,210000
ADANIPOWER30JAN2062CE.NFO,07/01/2020,15:17:18,2.2,2,30000,2.1,40000,0,210000
ADANIPOWER30JAN2062CE.NFO,07/01/2020,15:17:46,2.2,2,30000,2.1,30000,0,210000
ADANIPOWER30JAN2062CE.NFO,07/01/2020,15:18:12,2.2,2,30000,2.1,20000,0,210000
ADANIPOWER30JAN2062CE.NFO,07/01/2020,15:18:17,2.2,2,30000,2.1,40000,0,210000
ADANIPOWER30JAN2062CE.NFO,07/01/2020,15:18:44,2.2,2,40000,2.1,10000,0,210000
ADANIPOWER30JAN2062CE.NFO,07/01/2020,15:19:24,2.2,2,10000,2.1,10000,0,210000
ADANIPOWER30JAN2062CE.NFO,07/01/2020,15:19:29,2.2,2,10000,2.05,10000,0,210000
ADANIPOWER30JAN2062CE.NFO,07/01/2020,15:19:34,2.2,2,40000,2.1,10000,0,210000
ADANIPOWER30JAN2062CE.NFO,07/01/2020,15:20:12,2.2,2,30000,2.1,10000,0,210000
ADANIPOWER30JAN2062CE.NFO,07/01/2020,15:20:19,2.2,1.95,40000,2.05,10000,0,210000
ADANIPOWER30JAN2062CE.NFO,07/01/2020,15:20:51,2.2,1.95,30000,2.05,10000,0,210000
ADANIPOWER30JAN2062CE.NFO,07/01/2020,15:21:00,2.2,1.95,40000,2.05,10000,0,210000
ADANIPOWER30JAN2062CE.NFO,07/01/2020,15:21:06,2.2,1.95,40000,2.05,30000,0,210000
ADANIPOWER30JAN2062CE.NFO,07/01/2020,15:21:12,2.2,1.95,40000,2.05,10000,0,210000
ADANIPOWER30JAN2062CE.NFO,07/01/2020,15:21:26,2.2,1.95,30000,2.1,10000,0,210000
ADANIPOWER30JAN2062CE.NFO,07/01/2020,15:21:32,2.2,1.95,30000,2.05,20000,0,210000
ADANIPOWER30JAN2062CE.NFO,07/01/2020,15:21:37,2.2,1.95,30000,2.1,10000,0,210000
ADANIPOWER30JAN2062CE.NFO,07/01/2020,15:21:41,2.2,1.95,30000,2.05,10000,0,210000
ADANIPOWER30JAN2062CE.NFO,07/01/2020,15:21:46,2.2,1.95,30000,2.05,20000,0,210000
ADANIPOWER30JAN2062CE.NFO,07/01/2020,15:21:56,2.2,1.95,40000,2.05,20000,0,210000
ADANIPOWER30JAN2062CE.NFO,07/01/2020,15:23:43,2.2,2,30000,2.1,30000,0,210000
ADANIPOWER30JAN2062CE.NFO,07/01/2020,15:23:49,2.2,2,40000,2.1,30000,0,210000
ADANIPOWER30JAN2062CE.NFO,07/01/2020,15:23:54,2.2,2.05,30000,2.15,40000,0,210000
ADANIPOWER30JAN2062CE.NFO,07/01/2020,15:24:22,2.2,2.05,30000,2.15,30000,0,210000
ADANIPOWER30JAN2062CE.NFO,07/01/2020,15:24:26,2.2,2,40000,2.15,30000,0,210000
ADANIPOWER30JAN2062CE.NFO,07/01/2020,15:24:32,2.2,2,40000,2.1,30000,0,210000
ADANIPOWER30JAN2062CE.NFO,07/01/2020,15:25:00,2.2,2,30000,2.1,30000,0,210000
ADANIPOWER30JAN2062CE.NFO,07/01/2020,15:25:26,2.2,2,40000,2.1,30000,0,210000
ADANIPOWER30JAN2062CE.NFO,07/01/2020,15:25:31,2.2,2,30000,2.1,30000,0,210000
ADANIPOWER30JAN2062CE.NFO,07/01/2020,15:26:16,2.2,2,30000,2.1,40000,0,210000
ADANIPOWER30JAN2062CE.NFO,07/01/2020,15:26:43,2.2,2,20000,2.1,30000,0,210000
ADANIPOWER30JAN2062CE.NFO,07/01/2020,15:26:48,2.2,2,20000,2.1,10000,0,210000
ADANIPOWER30JAN2062CE.NFO,07/01/2020,15:27:02,2.2,2,20000,2.2,30000,0,210000
ADANIPOWER30JAN2062CE.NFO,07/01/2020,15:27:08,2.2,2,30000,2.2,30000,0,210000
ADANIPOWER30JAN2062CE.NFO,07/01/2020,15:27:23,2.2,1.9,40000,2.05,10000,0,210000
ADANIPOWER30JAN2062CE.NFO,07/01/2020,15:27:28,2.2,1.95,20000,2.05,10000,0,210000
ADANIPOWER30JAN2062CE.NFO,07/01/2020,15:27:36,2.2,1.95,20000,2.1,10000,0,210000
ADANIPOWER30JAN2062CE.NFO,07/01/2020,15:27:45,2.2,1.8,80000,2.05,10000,0,210000
ADANIPOWER30JAN2062CE.NFO,07/01/2020,15:28:15,2.2,1.8,40000,2.05,10000,0,210000
ADANIPOWER30JAN2062CE.NFO,07/01/2020,15:29:03,2.2,1.6,10000,2.1,10000,0,210000
ADANIPOWER30JAN2062CE.NFO,07/01/2020,15:29:10,2.2,1.75,40000,2.05,10000,0,210000
ADANIPOWER30JAN2062CE.NFO,07/01/2020,15:29:18,2.2,1.75,20000,2.05,10000,0,210000
ADANIPOWER30JAN2062CE.NFO,07/01/2020,15:29:31,2.2,1.75,40000,2.05,10000,0,210000
ADANIPOWER30JAN2062CE.NFO,07/01/2020,15:29:48,2.2,1.75,40000,2,10000,0,210000
ADANIPOWER30JAN2062CE.NFO,07/01/2020,15:29:54,2.2,1.75,20000,2,10000,0,210000
