Ticker,Date,Time,LTP,BuyPrice,BuyQty,SellPrice,SellQty,LTQ,OpenInterest
ADANIENT30JAN20210PE.NFO,07/01/2020,10:02:23,11.4,11.3,4000,11.5,4000,4000,184000
ADANIENT30JAN20210PE.NFO,07/01/2020,10:02:23,11.4,11.3,4000,11.5,4000,0,184000
ADANIENT30JAN20210PE.NFO,07/01/2020,10:02:23,11.4,11.3,4000,11.5,4000,0,184000
ADANIENT30JAN20210PE.NFO,07/01/2020,10:02:23,11.4,11.3,4000,11.5,4000,0,184000
ADANIENT30JAN20210PE.NFO,07/01/2020,10:02:28,11.4,11.3,4000,11.5,4000,0,184000
ADANIENT30JAN20210PE.NFO,07/01/2020,10:02:47,11.4,11.05,4000,11.5,4000,0,184000
ADANIENT30JAN20210PE.NFO,07/01/2020,10:02:51,11.4,11.05,4000,11.4,4000,0,184000
ADANIENT30JAN20210PE.NFO,07/01/2020,10:03:42,11.4,11.05,4000,11.35,4000,0,184000
ADANIENT30JAN20210PE.NFO,07/01/2020,10:03:47,11.4,11.05,4000,11.4,4000,0,184000
ADANIENT30JAN20210PE.NFO,07/01/2020,10:03:56,11.4,11.05,4000,11.45,4000,0,184000
ADANIENT30JAN20210PE.NFO,07/01/2020,10:04:01,11.4,11.05,8000,11.5,8000,0,184000
ADANIENT30JAN20210PE.NFO,07/01/2020,10:04:05,11.4,11.05,4000,11.45,4000,0,184000
ADANIENT30JAN20210PE.NFO,07/01/2020,10:04:10,11.4,11.05,8000,11.5,8000,0,184000
ADANIENT30JAN20210PE.NFO,07/01/2020,10:04:19,11.4,11.1,4000,11.5,4000,0,184000
ADANIENT30JAN20210PE.NFO,07/01/2020,10:04:37,11.4,11.05,4000,11.55,8000,0,184000
ADANIENT30JAN20210PE.NFO,07/01/2020,10:05:01,11.4,11.1,4000,11.55,8000,0,184000
ADANIENT30JAN20210PE.NFO,07/01/2020,10:05:05,11.4,11.05,4000,11.55,12000,0,184000
ADANIENT30JAN20210PE.NFO,07/01/2020,10:05:09,11.4,10.9,4000,11.4,8000,0,184000
ADANIENT30JAN20210PE.NFO,07/01/2020,10:05:13,11.4,10.95,4000,11.4,8000,0,184000
ADANIENT30JAN20210PE.NFO,07/01/2020,10:05:17,11.4,11,4000,11.4,8000,0,184000
ADANIENT30JAN20210PE.NFO,07/01/2020,10:05:23,11.4,11.05,4000,11.35,4000,0,184000
ADANIENT30JAN20210PE.NFO,07/01/2020,10:05:26,11.4,10.95,8000,11.5,4000,0,184000
ADANIENT30JAN20210PE.NFO,07/01/2020,10:05:30,11.4,11.15,8000,11.4,4000,0,184000
ADANIENT30JAN20210PE.NFO,07/01/2020,10:05:36,11.4,11.4,12000,11.6,4000,8000,188000
ADANIENT30JAN20210PE.NFO,07/01/2020,10:05:42,11.4,11.2,4000,11.6,4000,0,188000
ADANIENT30JAN20210PE.NFO,07/01/2020,10:05:48,11.4,10.95,32000,11.55,4000,0,188000
ADANIENT30JAN20210PE.NFO,07/01/2020,10:05:53,11.4,11.25,4000,11.45,4000,0,188000
ADANIENT30JAN20210PE.NFO,07/01/2020,10:05:58,11.45,11.1,4000,11.7,4000,4000,188000
ADANIENT30JAN20210PE.NFO,07/01/2020,10:05:58,11.45,11.1,4000,11.7,4000,0,188000
ADANIENT30JAN20210PE.NFO,07/01/2020,10:06:03,11.45,11.05,4000,11.7,4000,0,188000
ADANIENT30JAN20210PE.NFO,07/01/2020,10:06:25,11.45,11.1,4000,11.9,12000,0,188000
ADANIENT30JAN20210PE.NFO,07/01/2020,10:06:30,11.45,11,4000,11.9,12000,0,188000
ADANIENT30JAN20210PE.NFO,07/01/2020,10:06:41,11.45,11.25,4000,11.9,12000,0,188000
ADANIENT30JAN20210PE.NFO,07/01/2020,10:06:52,11.45,11.2,4000,11.9,4000,0,188000
ADANIENT30JAN20210PE.NFO,07/01/2020,10:07:01,11.45,11.05,4000,11.9,4000,0,188000
ADANIENT30JAN20210PE.NFO,07/01/2020,10:07:12,11.45,11.2,4000,11.9,4000,0,188000
ADANIENT30JAN20210PE.NFO,07/01/2020,10:07:23,11.45,11.35,4000,11.9,4000,0,188000
ADANIENT30JAN20210PE.NFO,07/01/2020,10:07:28,11.45,11.15,4000,11.9,4000,0,188000
ADANIENT30JAN20210PE.NFO,07/01/2020,10:07:38,11.45,11.05,4000,11.9,4000,0,188000
ADANIENT30JAN20210PE.NFO,07/01/2020,10:07:48,11.45,11.3,4000,11.9,4000,0,188000
ADANIENT30JAN20210PE.NFO,07/01/2020,10:07:53,11.45,11.25,4000,11.9,4000,0,188000
ADANIENT30JAN20210PE.NFO,07/01/2020,10:07:58,11.45,11.4,4000,11.9,4000,0,188000
ADANIENT30JAN20210PE.NFO,07/01/2020,10:08:03,11.45,11.25,8000,11.9,4000,0,188000
ADANIENT30JAN20210PE.NFO,07/01/2020,10:08:07,11.45,11.35,4000,11.9,4000,0,188000
ADANIENT30JAN20210PE.NFO,07/01/2020,10:08:12,11.45,11.45,4000,11.9,4000,0,188000
ADANIENT30JAN20210PE.NFO,07/01/2020,10:08:54,11.45,11.4,8000,11.9,4000,0,188000
ADANIENT30JAN20210PE.NFO,07/01/2020,10:08:59,11.45,11.4,8000,11.9,12000,0,188000
ADANIENT30JAN20210PE.NFO,07/01/2020,10:09:08,11.45,11.4,8000,11.9,4000,0,188000
ADANIENT30JAN20210PE.NFO,07/01/2020,10:09:30,11.45,11.45,4000,11.9,4000,0,188000
ADANIENT30JAN20210PE.NFO,07/01/2020,10:09:35,11.45,11.4,8000,11.9,4000,0,188000
ADANIENT30JAN20210PE.NFO,07/01/2020,10:09:39,11.45,11.4,8000,11.95,12000,0,188000
ADANIENT30JAN20210PE.NFO,07/01/2020,10:09:43,11.45,11.4,4000,11.85,4000,0,188000
ADANIENT30JAN20210PE.NFO,07/01/2020,10:10:01,11.45,11.35,4000,11.8,4000,0,188000
ADANIENT30JAN20210PE.NFO,07/01/2020,10:10:07,11.45,11.1,8000,11.8,12000,0,188000
ADANIENT30JAN20210PE.NFO,07/01/2020,10:10:13,11.45,11.1,8000,11.65,4000,0,188000
ADANIENT30JAN20210PE.NFO,07/01/2020,10:10:18,11.45,11.1,4000,11.75,4000,0,188000
ADANIENT30JAN20210PE.NFO,07/01/2020,10:10:22,11.45,11.2,4000,11.85,12000,0,188000
ADANIENT30JAN20210PE.NFO,07/01/2020,10:10:26,11.45,11.15,4000,11.75,4000,0,188000
ADANIENT30JAN20210PE.NFO,07/01/2020,10:10:34,11.45,11.15,4000,11.7,4000,0,188000
ADANIENT30JAN20210PE.NFO,07/01/2020,10:10:39,11.45,11.2,4000,11.7,8000,0,188000
ADANIENT30JAN20210PE.NFO,07/01/2020,10:10:42,11.45,11.1,4000,11.8,4000,0,188000
ADANIENT30JAN20210PE.NFO,07/01/2020,10:10:45,11.45,11.2,4000,11.65,4000,0,188000
ADANIENT30JAN20210PE.NFO,07/01/2020,10:10:49,11.45,11,8000,11.85,4000,0,188000
ADANIENT30JAN20210PE.NFO,07/01/2020,10:10:52,11.45,11.15,4000,11.65,4000,0,188000
ADANIENT30JAN20210PE.NFO,07/01/2020,10:10:55,11.45,11.1,4000,11.75,4000,0,188000
ADANIENT30JAN20210PE.NFO,07/01/2020,10:10:59,11.45,10.95,8000,11.8,4000,0,188000
ADANIENT30JAN20210PE.NFO,07/01/2020,10:11:02,11.45,11.25,4000,11.7,8000,0,188000
ADANIENT30JAN20210PE.NFO,07/01/2020,10:11:05,11.45,11.05,4000,11.65,4000,0,188000
ADANIENT30JAN20210PE.NFO,07/01/2020,10:11:10,11.45,11.15,8000,11.75,4000,0,188000
ADANIENT30JAN20210PE.NFO,07/01/2020,10:11:14,11.45,11.15,8000,11.8,4000,0,188000
ADANIENT30JAN20210PE.NFO,07/01/2020,10:11:18,11.45,11.15,8000,11.7,4000,0,188000
ADANIENT30JAN20210PE.NFO,07/01/2020,10:11:22,11.45,11.15,8000,11.75,4000,0,188000
ADANIENT30JAN20210PE.NFO,07/01/2020,10:11:26,11.45,11.15,8000,11.8,4000,0,188000
ADANIENT30JAN20210PE.NFO,07/01/2020,10:11:30,11.45,11.15,8000,11.75,4000,0,188000
ADANIENT30JAN20210PE.NFO,07/01/2020,10:11:33,11.45,11.15,8000,11.8,4000,0,188000
ADANIENT30JAN20210PE.NFO,07/01/2020,10:11:38,11.45,11.15,8000,11.7,4000,0,188000
ADANIENT30JAN20210PE.NFO,07/01/2020,10:11:42,11.45,11.15,8000,11.65,4000,0,188000
ADANIENT30JAN20210PE.NFO,07/01/2020,10:11:46,11.45,11.15,8000,11.75,4000,0,188000
ADANIENT30JAN20210PE.NFO,07/01/2020,10:11:50,11.45,11.15,8000,11.6,4000,0,188000
ADANIENT30JAN20210PE.NFO,07/01/2020,10:11:54,11.45,11.05,8000,11.75,4000,0,188000
ADANIENT30JAN20210PE.NFO,07/01/2020,10:11:58,11.45,11.1,4000,11.65,4000,0,188000
ADANIENT30JAN20210PE.NFO,07/01/2020,10:12:02,11.45,11.15,8000,11.7,8000,0,188000
ADANIENT30JAN20210PE.NFO,07/01/2020,10:13:51,11.45,10.95,4000,11.7,8000,0,188000
ADANIENT30JAN20210PE.NFO,07/01/2020,10:13:56,11.45,11.15,4000,11.7,8000,0,188000
ADANIENT30JAN20210PE.NFO,07/01/2020,10:14:01,11.45,11.15,8000,11.7,8000,0,188000
ADANIENT30JAN20210PE.NFO,07/01/2020,10:14:06,11.45,10.95,8000,11.7,8000,0,188000
ADANIENT30JAN20210PE.NFO,07/01/2020,10:14:11,11.45,11.25,8000,11.7,8000,0,188000
ADANIENT30JAN20210PE.NFO,07/01/2020,10:14:16,11.45,11.05,4000,11.55,4000,0,188000
ADANIENT30JAN20210PE.NFO,07/01/2020,10:14:22,11.45,11.05,4000,11.75,4000,0,188000
ADANIENT30JAN20210PE.NFO,07/01/2020,10:14:32,11.45,11.2,4000,11.65,8000,0,188000
ADANIENT30JAN20210PE.NFO,07/01/2020,10:14:36,11.45,11.1,4000,11.8,4000,0,188000
ADANIENT30JAN20210PE.NFO,07/01/2020,10:14:41,11.45,10.95,4000,11.7,4000,0,188000
ADANIENT30JAN20210PE.NFO,07/01/2020,10:14:46,11.45,11.05,4000,11.65,4000,0,188000
ADANIENT30JAN20210PE.NFO,07/01/2020,10:14:51,11.45,11.05,8000,11.85,4000,0,188000
ADANIENT30JAN20210PE.NFO,07/01/2020,10:14:55,11.45,10.95,4000,11.75,4000,0,188000
ADANIENT30JAN20210PE.NFO,07/01/2020,10:15:05,11.45,11.1,4000,11.75,4000,0,188000
ADANIENT30JAN20210PE.NFO,07/01/2020,10:15:10,11.45,11.15,4000,11.65,4000,0,188000
ADANIENT30JAN20210PE.NFO,07/01/2020,10:15:15,11.45,10.95,4000,11.8,4000,0,188000
ADANIENT30JAN20210PE.NFO,07/01/2020,10:15:20,11.45,10.95,4000,11.7,8000,0,188000
ADANIENT30JAN20210PE.NFO,07/01/2020,10:15:26,11.45,11.1,4000,11.7,8000,0,188000
ADANIENT30JAN20210PE.NFO,07/01/2020,10:15:31,11.45,11.05,4000,11.7,8000,0,188000
ADANIENT30JAN20210PE.NFO,07/01/2020,10:15:36,11.45,11.1,4000,11.7,8000,0,188000
ADANIENT30JAN20210PE.NFO,07/01/2020,10:15:40,11.45,10.95,4000,11.7,8000,0,188000
ADANIENT30JAN20210PE.NFO,07/01/2020,10:15:45,11.45,11.05,4000,11.7,8000,0,188000
ADANIENT30JAN20210PE.NFO,07/01/2020,10:15:51,11.45,11.15,4000,11.9,4000,0,188000
ADANIENT30JAN20210PE.NFO,07/01/2020,10:15:56,11.45,11.05,8000,11.75,4000,0,188000
ADANIENT30JAN20210PE.NFO,07/01/2020,10:16:01,11.45,11.05,8000,11.85,4000,0,188000
ADANIENT30JAN20210PE.NFO,07/01/2020,10:16:06,11.45,11,8000,11.75,4000,0,188000
ADANIENT30JAN20210PE.NFO,07/01/2020,10:16:10,11.45,11.15,4000,11.7,4000,0,188000
ADANIENT30JAN20210PE.NFO,07/01/2020,10:16:15,11.45,11.15,8000,11.75,4000,0,188000
ADANIENT30JAN20210PE.NFO,07/01/2020,10:16:18,11.45,11.15,8000,11.7,4000,0,188000
ADANIENT30JAN20210PE.NFO,07/01/2020,10:16:22,11.45,11.2,8000,11.7,4000,0,188000
ADANIENT30JAN20210PE.NFO,07/01/2020,10:16:26,11.45,11.25,4000,11.8,4000,0,188000
ADANIENT30JAN20210PE.NFO,07/01/2020,10:16:30,11.45,11.25,4000,11.75,4000,0,188000
ADANIENT30JAN20210PE.NFO,07/01/2020,10:16:35,11.45,11.25,4000,11.7,4000,0,188000
ADANIENT30JAN20210PE.NFO,07/01/2020,10:16:39,11.45,11,4000,11.85,4000,0,188000
ADANIENT30JAN20210PE.NFO,07/01/2020,10:16:43,11.45,11.25,4000,11.7,4000,0,188000
ADANIENT30JAN20210PE.NFO,07/01/2020,10:16:47,11.45,11.15,8000,11.7,4000,0,188000
ADANIENT30JAN20210PE.NFO,07/01/2020,10:16:52,11.45,11.1,4000,11.7,4000,0,188000
ADANIENT30JAN20210PE.NFO,07/01/2020,10:16:56,11.45,11.15,4000,11.75,4000,0,188000
ADANIENT30JAN20210PE.NFO,07/01/2020,10:17:00,11.45,11.05,8000,11.75,4000,0,188000
ADANIENT30JAN20210PE.NFO,07/01/2020,10:17:04,11.45,11.05,4000,11.8,4000,0,188000
ADANIENT30JAN20210PE.NFO,07/01/2020,10:17:07,11.45,11.05,4000,11.65,4000,0,188000
ADANIENT30JAN20210PE.NFO,07/01/2020,10:17:11,11.45,11.1,4000,11.65,4000,0,188000
ADANIENT30JAN20210PE.NFO,07/01/2020,10:17:15,11.45,11.15,8000,11.75,4000,0,188000
ADANIENT30JAN20210PE.NFO,07/01/2020,10:17:19,11.45,11.15,8000,11.65,4000,0,188000
ADANIENT30JAN20210PE.NFO,07/01/2020,10:17:23,11.45,11.15,8000,11.7,4000,0,188000
ADANIENT30JAN20210PE.NFO,07/01/2020,10:17:27,11.45,11.15,8000,11.8,4000,0,188000
ADANIENT30JAN20210PE.NFO,07/01/2020,10:17:32,11.45,11.15,8000,11.65,4000,0,188000
ADANIENT30JAN20210PE.NFO,07/01/2020,10:17:36,11.45,11.15,8000,11.7,4000,0,188000
ADANIENT30JAN20210PE.NFO,07/01/2020,10:17:40,11.45,11.15,8000,11.65,4000,0,188000
ADANIENT30JAN20210PE.NFO,07/01/2020,10:17:44,11.45,11.15,8000,11.7,4000,0,188000
ADANIENT30JAN20210PE.NFO,07/01/2020,10:17:56,11.45,11.15,8000,11.65,4000,0,188000
ADANIENT30JAN20210PE.NFO,07/01/2020,10:18:03,11.45,11.15,8000,11.7,4000,0,188000
ADANIENT30JAN20210PE.NFO,07/01/2020,10:18:07,11.45,11.15,8000,11.65,4000,0,188000
ADANIENT30JAN20210PE.NFO,07/01/2020,10:18:11,11.45,11.15,8000,11.8,4000,0,188000
ADANIENT30JAN20210PE.NFO,07/01/2020,10:18:15,11.45,11.15,4000,11.65,4000,0,188000
ADANIENT30JAN20210PE.NFO,07/01/2020,10:18:19,11.45,11.25,4000,11.65,4000,0,188000
ADANIENT30JAN20210PE.NFO,07/01/2020,10:18:23,11.45,11.2,4000,11.55,4000,0,188000
ADANIENT30JAN20210PE.NFO,07/01/2020,10:18:27,11.45,11.15,8000,11.75,4000,0,188000
ADANIENT30JAN20210PE.NFO,07/01/2020,10:18:32,11.45,10.95,8000,11.75,4000,0,188000
ADANIENT30JAN20210PE.NFO,07/01/2020,10:18:36,11.45,11.15,4000,11.7,4000,0,188000
ADANIENT30JAN20210PE.NFO,07/01/2020,10:18:41,11.45,10.95,4000,11.65,4000,0,188000
ADANIENT30JAN20210PE.NFO,07/01/2020,10:18:46,11.45,11.05,8000,11.6,4000,0,188000
ADANIENT30JAN20210PE.NFO,07/01/2020,10:18:51,11.45,10.95,8000,11.8,4000,0,188000
ADANIENT30JAN20210PE.NFO,07/01/2020,10:18:56,11.45,10.95,16000,11.8,4000,0,188000
ADANIENT30JAN20210PE.NFO,07/01/2020,10:19:01,11.45,11.25,4000,11.75,4000,0,188000
ADANIENT30JAN20210PE.NFO,07/01/2020,10:19:10,11.45,11.2,8000,11.8,4000,0,188000
ADANIENT30JAN20210PE.NFO,07/01/2020,10:19:14,11.45,11.1,8000,11.7,4000,0,188000
ADANIENT30JAN20210PE.NFO,07/01/2020,10:19:18,11.45,11.2,8000,11.7,4000,0,188000
ADANIENT30JAN20210PE.NFO,07/01/2020,10:19:23,11.45,11,12000,11.8,4000,0,188000
ADANIENT30JAN20210PE.NFO,07/01/2020,10:19:28,11.45,11.05,4000,11.75,4000,0,188000
ADANIENT30JAN20210PE.NFO,07/01/2020,10:19:37,11.45,11.2,4000,11.9,4000,0,188000
ADANIENT30JAN20210PE.NFO,07/01/2020,10:19:41,11.45,11.15,8000,11.75,4000,0,188000
ADANIENT30JAN20210PE.NFO,07/01/2020,10:19:46,11.45,11,8000,11.75,4000,0,188000
ADANIENT30JAN20210PE.NFO,07/01/2020,10:19:51,11.45,11.15,8000,11.7,8000,0,188000
ADANIENT30JAN20210PE.NFO,07/01/2020,10:20:04,11.45,11,8000,11.8,4000,0,188000
ADANIENT30JAN20210PE.NFO,07/01/2020,10:20:09,11.45,11.15,4000,11.75,4000,0,188000
ADANIENT30JAN20210PE.NFO,07/01/2020,10:20:18,11.45,11.15,8000,11.75,4000,0,188000
ADANIENT30JAN20210PE.NFO,07/01/2020,10:20:22,11.45,11.2,4000,11.7,4000,0,188000
ADANIENT30JAN20210PE.NFO,07/01/2020,10:20:25,11.45,11.25,4000,11.7,4000,0,188000
ADANIENT30JAN20210PE.NFO,07/01/2020,10:20:34,11.45,11.15,8000,11.7,4000,0,188000
ADANIENT30JAN20210PE.NFO,07/01/2020,10:20:37,11.45,11.2,4000,11.9,4000,0,188000
ADANIENT30JAN20210PE.NFO,07/01/2020,10:20:41,11.45,11.3,4000,11.75,4000,0,188000
ADANIENT30JAN20210PE.NFO,07/01/2020,10:20:46,11.45,11,8000,11.8,4000,0,188000
ADANIENT30JAN20210PE.NFO,07/01/2020,10:20:50,11.45,10.95,12000,11.7,4000,0,188000
ADANIENT30JAN20210PE.NFO,07/01/2020,10:20:54,11.45,11.25,4000,11.8,4000,0,188000
ADANIENT30JAN20210PE.NFO,07/01/2020,10:20:57,11.45,11.35,4000,11.85,4000,0,188000
ADANIENT30JAN20210PE.NFO,07/01/2020,10:21:00,11.45,11.45,4000,11.85,8000,0,188000
ADANIENT30JAN20210PE.NFO,07/01/2020,10:21:04,11.45,11.35,4000,11.85,8000,0,188000
ADANIENT30JAN20210PE.NFO,07/01/2020,10:21:08,11.45,11.2,8000,11.85,8000,0,188000
ADANIENT30JAN20210PE.NFO,07/01/2020,10:21:28,11.45,11.4,4000,11.95,4000,0,188000
ADANIENT30JAN20210PE.NFO,07/01/2020,10:21:35,11.45,11.5,4000,11.95,4000,0,188000
ADANIENT30JAN20210PE.NFO,07/01/2020,10:21:43,11.45,11.5,4000,12.05,4000,0,188000
ADANIENT30JAN20210PE.NFO,07/01/2020,10:21:46,11.45,11.4,8000,11.85,4000,0,188000
ADANIENT30JAN20210PE.NFO,07/01/2020,10:21:55,11.45,11.45,4000,11.9,4000,0,188000
ADANIENT30JAN20210PE.NFO,07/01/2020,10:22:13,11.45,11.45,8000,11.95,8000,0,188000
ADANIENT30JAN20210PE.NFO,07/01/2020,10:22:17,11.45,11.45,8000,11.95,4000,0,188000
ADANIENT30JAN20210PE.NFO,07/01/2020,10:22:29,11.45,11.45,8000,12.05,4000,0,188000
ADANIENT30JAN20210PE.NFO,07/01/2020,10:22:33,11.45,11.45,8000,11.95,4000,0,188000
ADANIENT30JAN20210PE.NFO,07/01/2020,10:22:37,11.45,11.45,8000,11.9,4000,0,188000
ADANIENT30JAN20210PE.NFO,07/01/2020,10:22:42,11.45,11.5,4000,11.9,4000,0,188000
ADANIENT30JAN20210PE.NFO,07/01/2020,10:22:49,11.45,11.5,8000,12.05,4000,0,188000
ADANIENT30JAN20210PE.NFO,07/01/2020,10:22:54,11.45,11.65,4000,12.3,4000,0,188000
ADANIENT30JAN20210PE.NFO,07/01/2020,10:22:59,11.45,11.65,12000,12.25,4000,0,188000
ADANIENT30JAN20210PE.NFO,07/01/2020,10:23:05,11.45,11.55,8000,12.15,8000,0,188000
ADANIENT30JAN20210PE.NFO,07/01/2020,10:23:10,11.45,11.45,8000,12.15,8000,0,188000
ADANIENT30JAN20210PE.NFO,07/01/2020,10:23:14,11.45,11.45,8000,12.1,4000,0,188000
ADANIENT30JAN20210PE.NFO,07/01/2020,10:23:18,11.45,11.55,4000,12.25,4000,0,188000
ADANIENT30JAN20210PE.NFO,07/01/2020,10:23:22,11.45,11.55,4000,12.2,4000,0,188000
ADANIENT30JAN20210PE.NFO,07/01/2020,10:23:27,11.45,11.55,8000,12,4000,0,188000
ADANIENT30JAN20210PE.NFO,07/01/2020,10:23:32,11.45,11.6,4000,12.05,4000,0,188000
ADANIENT30JAN20210PE.NFO,07/01/2020,10:23:37,11.45,11.55,4000,12.05,4000,0,188000
ADANIENT30JAN20210PE.NFO,07/01/2020,10:23:41,11.45,11.4,8000,12.05,4000,0,188000
ADANIENT30JAN20210PE.NFO,07/01/2020,10:23:48,11.45,11.4,4000,12.05,4000,0,188000
ADANIENT30JAN20210PE.NFO,07/01/2020,10:23:53,11.45,11.4,8000,12.05,4000,0,188000
ADANIENT30JAN20210PE.NFO,07/01/2020,10:24:13,11.45,11.5,8000,12.05,4000,0,188000
ADANIENT30JAN20210PE.NFO,07/01/2020,10:24:17,11.45,11.3,12000,12.05,4000,0,188000
ADANIENT30JAN20210PE.NFO,07/01/2020,10:24:21,11.45,11.45,8000,12.05,4000,0,188000
ADANIENT30JAN20210PE.NFO,07/01/2020,10:24:25,11.45,11.35,4000,12.05,4000,0,188000
ADANIENT30JAN20210PE.NFO,07/01/2020,10:24:29,11.45,11.4,4000,12.05,4000,0,188000
ADANIENT30JAN20210PE.NFO,07/01/2020,10:24:32,11.45,11.55,4000,12.05,4000,0,188000
ADANIENT30JAN20210PE.NFO,07/01/2020,10:24:35,11.45,11.4,8000,12.05,4000,0,188000
ADANIENT30JAN20210PE.NFO,07/01/2020,10:24:38,11.45,11.3,4000,12.05,4000,0,188000
ADANIENT30JAN20210PE.NFO,07/01/2020,10:24:42,11.45,11.3,4000,12.05,8000,0,188000
ADANIENT30JAN20210PE.NFO,07/01/2020,10:24:45,11.45,11.5,4000,12.05,8000,0,188000
ADANIENT30JAN20210PE.NFO,07/01/2020,10:24:48,11.45,11.55,4000,12.05,8000,0,188000
ADANIENT30JAN20210PE.NFO,07/01/2020,10:24:55,11.45,11.5,8000,12.05,8000,0,188000
ADANIENT30JAN20210PE.NFO,07/01/2020,10:24:59,11.45,11.5,4000,12,4000,0,188000
ADANIENT30JAN20210PE.NFO,07/01/2020,10:25:03,11.45,11.4,4000,12.05,4000,0,188000
ADANIENT30JAN20210PE.NFO,07/01/2020,10:25:07,11.45,11.3,8000,12.05,4000,0,188000
ADANIENT30JAN20210PE.NFO,07/01/2020,10:25:10,11.45,11.25,4000,11.95,8000,0,188000
ADANIENT30JAN20210PE.NFO,07/01/2020,10:25:14,11.45,11.4,4000,11.9,4000,0,188000
ADANIENT30JAN20210PE.NFO,07/01/2020,10:25:18,11.45,11.4,4000,11.85,4000,0,188000
ADANIENT30JAN20210PE.NFO,07/01/2020,10:25:23,11.45,11.3,4000,12,4000,0,188000
ADANIENT30JAN20210PE.NFO,07/01/2020,10:25:28,11.45,11.2,4000,11.9,4000,0,188000
ADANIENT30JAN20210PE.NFO,07/01/2020,10:25:32,11.45,11.45,4000,12,8000,0,188000
ADANIENT30JAN20210PE.NFO,07/01/2020,10:25:38,11.45,11.4,8000,12,4000,0,188000
ADANIENT30JAN20210PE.NFO,07/01/2020,10:25:44,11.45,11.2,12000,12,4000,0,188000
ADANIENT30JAN20210PE.NFO,07/01/2020,10:25:49,11.45,11.45,4000,11.9,4000,0,188000
ADANIENT30JAN20210PE.NFO,07/01/2020,10:25:54,11.45,11.45,4000,11.95,4000,0,188000
ADANIENT30JAN20210PE.NFO,07/01/2020,10:25:58,11.45,11.45,4000,12.05,4000,0,188000
ADANIENT30JAN20210PE.NFO,07/01/2020,10:26:02,11.45,11.2,12000,12.05,4000,0,188000
ADANIENT30JAN20210PE.NFO,07/01/2020,10:26:06,11.45,11.3,8000,12.05,4000,0,188000
ADANIENT30JAN20210PE.NFO,07/01/2020,10:26:15,11.45,11.5,4000,12.05,4000,0,188000
ADANIENT30JAN20210PE.NFO,07/01/2020,10:26:19,11.45,11.4,8000,12.05,4000,0,188000
ADANIENT30JAN20210PE.NFO,07/01/2020,10:26:23,11.45,11.45,4000,12.05,4000,0,188000
ADANIENT30JAN20210PE.NFO,07/01/2020,10:26:26,11.45,11.35,8000,12.05,4000,0,188000
ADANIENT30JAN20210PE.NFO,07/01/2020,10:26:29,11.45,11.45,4000,12.05,4000,0,188000
ADANIENT30JAN20210PE.NFO,07/01/2020,10:26:32,11.45,11.25,8000,12.05,4000,0,188000
ADANIENT30JAN20210PE.NFO,07/01/2020,10:26:35,11.45,11.5,4000,12.05,4000,0,188000
ADANIENT30JAN20210PE.NFO,07/01/2020,10:26:38,11.45,11.45,4000,12.05,4000,0,188000
ADANIENT30JAN20210PE.NFO,07/01/2020,10:26:46,11.45,11.5,4000,12.05,4000,0,188000
ADANIENT30JAN20210PE.NFO,07/01/2020,10:26:49,11.45,11.25,8000,12.05,4000,0,188000
ADANIENT30JAN20210PE.NFO,07/01/2020,10:26:52,11.45,11.45,4000,12.05,4000,0,188000
ADANIENT30JAN20210PE.NFO,07/01/2020,10:26:55,11.45,11.4,4000,12.05,8000,0,188000
ADANIENT30JAN20210PE.NFO,07/01/2020,10:26:58,11.45,11.25,4000,12.05,8000,0,188000
ADANIENT30JAN20210PE.NFO,07/01/2020,10:27:02,11.45,11.25,8000,11.95,4000,0,188000
ADANIENT30JAN20210PE.NFO,07/01/2020,10:27:06,11.45,11.25,8000,11.9,4000,0,188000
ADANIENT30JAN20210PE.NFO,07/01/2020,10:27:14,11.45,11.2,4000,11.85,8000,0,188000
ADANIENT30JAN20210PE.NFO,07/01/2020,10:27:17,11.45,11.25,4000,11.85,8000,0,188000
ADANIENT30JAN20210PE.NFO,07/01/2020,10:27:22,11.45,11.1,8000,11.85,8000,0,188000
ADANIENT30JAN20210PE.NFO,07/01/2020,10:27:25,11.45,11.1,8000,11.7,4000,0,188000
ADANIENT30JAN20210PE.NFO,07/01/2020,10:27:33,11.45,11.1,8000,11.9,4000,0,188000
ADANIENT30JAN20210PE.NFO,07/01/2020,10:27:36,11.45,11.1,8000,11.75,4000,0,188000
ADANIENT30JAN20210PE.NFO,07/01/2020,10:27:40,11.45,11.05,4000,11.75,4000,0,188000
ADANIENT30JAN20210PE.NFO,07/01/2020,10:27:44,11.45,11.1,8000,11.65,4000,0,188000
ADANIENT30JAN20210PE.NFO,07/01/2020,10:27:47,11.45,11.1,8000,11.75,4000,0,188000
ADANIENT30JAN20210PE.NFO,07/01/2020,10:27:50,11.45,11.15,4000,11.75,4000,0,188000
ADANIENT30JAN20210PE.NFO,07/01/2020,10:27:54,11.45,11.2,4000,11.8,4000,0,188000
ADANIENT30JAN20210PE.NFO,07/01/2020,10:27:57,11.45,11.15,8000,11.65,4000,0,188000
ADANIENT30JAN20210PE.NFO,07/01/2020,10:28:00,11.45,11.15,4000,11.8,4000,0,188000
ADANIENT30JAN20210PE.NFO,07/01/2020,10:28:04,11.45,11.15,4000,11.75,4000,0,188000
ADANIENT30JAN20210PE.NFO,07/01/2020,10:28:08,11.45,10.95,8000,11.7,4000,0,188000
ADANIENT30JAN20210PE.NFO,07/01/2020,10:28:12,11.45,11.1,4000,11.55,4000,0,188000
ADANIENT30JAN20210PE.NFO,07/01/2020,10:28:16,11.45,11.1,8000,11.7,4000,0,188000
ADANIENT30JAN20210PE.NFO,07/01/2020,10:28:20,11.45,11.35,4000,11.6,4000,0,188000
ADANIENT30JAN20210PE.NFO,07/01/2020,10:28:23,11.45,11.3,4000,11.75,4000,0,188000
ADANIENT30JAN20210PE.NFO,07/01/2020,10:28:28,11.45,11.25,8000,11.9,4000,0,188000
ADANIENT30JAN20210PE.NFO,07/01/2020,10:28:32,11.45,11.3,4000,11.85,4000,0,188000
ADANIENT30JAN20210PE.NFO,07/01/2020,10:28:36,11.45,11.25,8000,11.95,4000,0,188000
ADANIENT30JAN20210PE.NFO,07/01/2020,10:28:40,11.45,11.2,8000,11.95,4000,0,188000
ADANIENT30JAN20210PE.NFO,07/01/2020,10:28:43,11.45,11.5,4000,12,4000,0,188000
ADANIENT30JAN20210PE.NFO,07/01/2020,10:28:46,11.45,11.2,8000,11.95,4000,0,188000
ADANIENT30JAN20210PE.NFO,07/01/2020,10:28:49,11.45,11.5,4000,12.05,4000,0,188000
ADANIENT30JAN20210PE.NFO,07/01/2020,10:28:52,11.45,11.35,4000,11.95,4000,0,188000
ADANIENT30JAN20210PE.NFO,07/01/2020,10:28:55,11.45,11.2,12000,12,4000,0,188000
ADANIENT30JAN20210PE.NFO,07/01/2020,10:28:57,11.45,11.3,4000,11.95,4000,0,188000
ADANIENT30JAN20210PE.NFO,07/01/2020,10:28:59,11.45,11.45,4000,12.05,4000,0,188000
ADANIENT30JAN20210PE.NFO,07/01/2020,10:29:01,11.45,11.4,4000,11.9,4000,0,188000
ADANIENT30JAN20210PE.NFO,07/01/2020,10:29:04,11.45,11.3,8000,11.9,4000,0,188000
ADANIENT30JAN20210PE.NFO,07/01/2020,10:29:08,11.45,11.2,8000,11.9,4000,0,188000
ADANIENT30JAN20210PE.NFO,07/01/2020,10:29:10,11.45,11.35,4000,11.95,4000,0,188000
ADANIENT30JAN20210PE.NFO,07/01/2020,10:29:12,11.45,11.4,8000,12,4000,0,188000
ADANIENT30JAN20210PE.NFO,07/01/2020,10:29:14,11.45,11.2,12000,11.9,4000,0,188000
ADANIENT30JAN20210PE.NFO,07/01/2020,10:29:20,11.45,11.35,4000,11.95,4000,0,188000
ADANIENT30JAN20210PE.NFO,07/01/2020,10:29:23,11.45,11.5,4000,11.85,8000,0,188000
ADANIENT30JAN20210PE.NFO,07/01/2020,10:29:26,11.45,11.5,4000,12,4000,0,188000
ADANIENT30JAN20210PE.NFO,07/01/2020,10:29:30,11.45,11.35,4000,11.95,4000,0,188000
ADANIENT30JAN20210PE.NFO,07/01/2020,10:29:34,11.45,11.35,8000,12,4000,0,188000
ADANIENT30JAN20210PE.NFO,07/01/2020,10:29:37,11.45,11.45,4000,11.9,4000,0,188000
ADANIENT30JAN20210PE.NFO,07/01/2020,10:29:41,11.45,11.25,8000,11.95,4000,0,188000
ADANIENT30JAN20210PE.NFO,07/01/2020,10:29:45,11.45,11.35,8000,12,4000,0,188000
ADANIENT30JAN20210PE.NFO,07/01/2020,10:29:48,11.45,11.45,4000,11.95,4000,0,188000
ADANIENT30JAN20210PE.NFO,07/01/2020,10:29:51,11.45,11.45,4000,12,4000,0,188000
ADANIENT30JAN20210PE.NFO,07/01/2020,10:29:54,11.45,11.35,8000,12,4000,0,188000
ADANIENT30JAN20210PE.NFO,07/01/2020,10:29:56,11.45,11.45,4000,12,4000,0,188000
ADANIENT30JAN20210PE.NFO,07/01/2020,10:29:59,11.45,11.45,8000,12,4000,0,188000
ADANIENT30JAN20210PE.NFO,07/01/2020,10:30:32,11.45,11.4,4000,12,4000,0,188000
ADANIENT30JAN20210PE.NFO,07/01/2020,10:30:36,11.45,11.4,8000,12,4000,0,188000
ADANIENT30JAN20210PE.NFO,07/01/2020,10:30:43,11.45,11.3,12000,12,4000,0,188000
ADANIENT30JAN20210PE.NFO,07/01/2020,10:30:47,11.45,11.5,4000,12,4000,0,188000
ADANIENT30JAN20210PE.NFO,07/01/2020,10:30:56,11.45,11.6,8000,12,4000,0,188000
ADANIENT30JAN20210PE.NFO,07/01/2020,10:31:00,11.45,11.5,8000,12,4000,0,188000
ADANIENT30JAN20210PE.NFO,07/01/2020,10:31:29,11.45,11.3,20000,12,8000,0,188000
ADANIENT30JAN20210PE.NFO,07/01/2020,10:31:34,11.45,11.6,4000,12,8000,0,188000
ADANIENT30JAN20210PE.NFO,07/01/2020,10:31:41,11.45,11.4,12000,12,8000,0,188000
ADANIENT30JAN20210PE.NFO,07/01/2020,10:31:45,11.45,11.65,4000,12,8000,0,188000
ADANIENT30JAN20210PE.NFO,07/01/2020,10:31:53,11.45,11.6,8000,12,8000,0,188000
ADANIENT30JAN20210PE.NFO,07/01/2020,10:32:23,11.45,11.6,4000,12,8000,0,188000
ADANIENT30JAN20210PE.NFO,07/01/2020,10:32:31,11.45,11.6,8000,12,8000,0,188000
ADANIENT30JAN20210PE.NFO,07/01/2020,10:32:43,11.45,11.55,8000,12,8000,0,188000
ADANIENT30JAN20210PE.NFO,07/01/2020,10:34:22,11.45,11.5,8000,12,8000,0,188000
ADANIENT30JAN20210PE.NFO,07/01/2020,10:34:55,11.45,11.45,4000,11.9,4000,0,188000
ADANIENT30JAN20210PE.NFO,07/01/2020,10:34:58,11.45,11.4,8000,11.85,4000,0,188000
ADANIENT30JAN20210PE.NFO,07/01/2020,10:35:00,11.45,11.45,12000,11.9,4000,0,188000
ADANIENT30JAN20210PE.NFO,07/01/2020,10:35:03,11.45,11.45,4000,11.9,4000,0,188000
ADANIENT30JAN20210PE.NFO,07/01/2020,10:35:06,11.45,11.45,4000,11.85,4000,0,188000
ADANIENT30JAN20210PE.NFO,07/01/2020,10:35:08,11.45,11.45,8000,11.9,4000,0,188000
ADANIENT30JAN20210PE.NFO,07/01/2020,10:35:11,11.45,11.45,4000,11.9,4000,0,188000
ADANIENT30JAN20210PE.NFO,07/01/2020,10:35:16,11.45,11.45,4000,11.85,4000,0,188000
ADANIENT30JAN20210PE.NFO,07/01/2020,10:35:19,11.45,11.45,4000,11.9,4000,0,188000
ADANIENT30JAN20210PE.NFO,07/01/2020,10:35:32,11.45,11.5,8000,11.95,4000,0,188000
ADANIENT30JAN20210PE.NFO,07/01/2020,10:35:35,11.45,11.5,8000,12.1,12000,0,188000
ADANIENT30JAN20210PE.NFO,07/01/2020,10:35:39,11.45,11.55,4000,11.95,4000,0,188000
ADANIENT30JAN20210PE.NFO,07/01/2020,10:35:48,11.45,11.5,8000,12,4000,0,188000
ADANIENT30JAN20210PE.NFO,07/01/2020,10:35:50,11.45,11.55,4000,11.95,4000,0,188000
ADANIENT30JAN20210PE.NFO,07/01/2020,10:35:52,11.45,11.55,4000,12,4000,0,188000
ADANIENT30JAN20210PE.NFO,07/01/2020,10:35:55,11.45,11.55,4000,11.95,4000,0,188000
ADANIENT30JAN20210PE.NFO,07/01/2020,10:35:58,11.45,11.5,8000,12,4000,0,188000
ADANIENT30JAN20210PE.NFO,07/01/2020,10:36:01,11.45,11.55,4000,11.95,4000,0,188000
ADANIENT30JAN20210PE.NFO,07/01/2020,10:36:04,11.45,11.55,4000,12,4000,0,188000
ADANIENT30JAN20210PE.NFO,07/01/2020,10:36:08,11.45,11.55,8000,11.95,4000,0,188000
ADANIENT30JAN20210PE.NFO,07/01/2020,10:36:13,11.45,11.6,4000,11.95,4000,0,188000
ADANIENT30JAN20210PE.NFO,07/01/2020,10:36:19,11.45,11.55,8000,12,4000,0,188000
ADANIENT30JAN20210PE.NFO,07/01/2020,10:36:22,11.45,11.6,4000,11.95,4000,0,188000
ADANIENT30JAN20210PE.NFO,07/01/2020,10:36:28,11.45,11.6,4000,12,4000,0,188000
ADANIENT30JAN20210PE.NFO,07/01/2020,10:36:30,11.45,11.55,8000,12,4000,0,188000
ADANIENT30JAN20210PE.NFO,07/01/2020,10:36:32,11.45,11.6,4000,12,4000,0,188000
ADANIENT30JAN20210PE.NFO,07/01/2020,10:36:34,11.45,11.55,4000,11.95,4000,0,188000
ADANIENT30JAN20210PE.NFO,07/01/2020,10:36:37,11.45,11.55,4000,11.9,4000,0,188000
ADANIENT30JAN20210PE.NFO,07/01/2020,10:36:39,11.45,11.55,12000,11.95,4000,0,188000
ADANIENT30JAN20210PE.NFO,07/01/2020,10:36:41,11.45,11.55,8000,12,4000,0,188000
ADANIENT30JAN20210PE.NFO,07/01/2020,10:36:43,11.45,11.6,4000,11.95,4000,0,188000
ADANIENT30JAN20210PE.NFO,07/01/2020,10:36:46,11.45,11.55,4000,12,12000,0,188000
ADANIENT30JAN20210PE.NFO,07/01/2020,10:36:48,11.45,11.55,4000,11.9,4000,0,188000
ADANIENT30JAN20210PE.NFO,07/01/2020,10:36:56,11.45,11.55,4000,11.85,4000,0,188000
ADANIENT30JAN20210PE.NFO,07/01/2020,10:36:58,11.45,11.55,4000,11.9,4000,0,188000
ADANIENT30JAN20210PE.NFO,07/01/2020,10:37:02,11.45,11.5,4000,11.9,4000,0,188000
ADANIENT30JAN20210PE.NFO,07/01/2020,10:37:04,11.45,11.5,4000,11.85,4000,0,188000
ADANIENT30JAN20210PE.NFO,07/01/2020,10:37:07,11.45,11.5,4000,11.9,4000,0,188000
ADANIENT30JAN20210PE.NFO,07/01/2020,10:37:14,11.45,11.5,4000,11.95,4000,0,188000
ADANIENT30JAN20210PE.NFO,07/01/2020,10:37:17,11.45,11.5,4000,11.9,4000,0,188000
ADANIENT30JAN20210PE.NFO,07/01/2020,10:37:29,11.45,11.5,4000,11.95,4000,0,188000
ADANIENT30JAN20210PE.NFO,07/01/2020,10:37:34,11.45,11.5,4000,11.9,4000,0,188000
ADANIENT30JAN20210PE.NFO,07/01/2020,10:37:36,11.45,11.5,4000,11.95,4000,0,188000
ADANIENT30JAN20210PE.NFO,07/01/2020,10:37:40,11.45,11.55,16000,12,4000,0,188000
ADANIENT30JAN20210PE.NFO,07/01/2020,10:37:43,11.45,11.6,4000,12,4000,0,188000
ADANIENT30JAN20210PE.NFO,07/01/2020,10:37:46,11.45,11.6,4000,11.95,4000,0,188000
ADANIENT30JAN20210PE.NFO,07/01/2020,10:37:49,11.45,11.55,8000,12.05,4000,0,188000
ADANIENT30JAN20210PE.NFO,07/01/2020,10:37:51,11.45,11.6,4000,12.05,4000,0,188000
ADANIENT30JAN20210PE.NFO,07/01/2020,10:37:55,11.45,11.6,4000,11.95,4000,0,188000
ADANIENT30JAN20210PE.NFO,07/01/2020,10:37:59,11.45,11.6,4000,12,4000,0,188000
ADANIENT30JAN20210PE.NFO,07/01/2020,10:38:06,11.45,11.6,4000,11.95,4000,0,188000
ADANIENT30JAN20210PE.NFO,07/01/2020,10:38:17,11.45,11.6,4000,12,4000,0,188000
ADANIENT30JAN20210PE.NFO,07/01/2020,10:38:19,11.45,11.6,4000,11.95,4000,0,188000
ADANIENT30JAN20210PE.NFO,07/01/2020,10:38:24,11.45,11.6,4000,12,4000,0,188000
ADANIENT30JAN20210PE.NFO,07/01/2020,10:38:27,11.45,11.6,4000,11.95,4000,0,188000
ADANIENT30JAN20210PE.NFO,07/01/2020,10:38:33,11.45,11.55,4000,11.95,4000,0,188000
ADANIENT30JAN20210PE.NFO,07/01/2020,10:38:35,11.45,11.55,8000,12.05,4000,0,188000
ADANIENT30JAN20210PE.NFO,07/01/2020,10:38:38,11.45,11.6,4000,12.05,4000,0,188000
ADANIENT30JAN20210PE.NFO,07/01/2020,10:38:40,11.45,11.6,4000,12,4000,0,188000
ADANIENT30JAN20210PE.NFO,07/01/2020,10:38:42,11.45,11.55,8000,12,4000,0,188000
ADANIENT30JAN20210PE.NFO,07/01/2020,10:38:44,11.45,11.6,4000,12,4000,0,188000
ADANIENT30JAN20210PE.NFO,07/01/2020,10:38:47,11.45,11.6,4000,12.1,4000,0,188000
ADANIENT30JAN20210PE.NFO,07/01/2020,10:38:49,11.45,11.6,8000,12.05,4000,0,188000
ADANIENT30JAN20210PE.NFO,07/01/2020,10:38:52,11.45,11.65,4000,12.05,4000,0,188000
ADANIENT30JAN20210PE.NFO,07/01/2020,10:38:53,11.45,11.6,8000,12.05,4000,0,188000
ADANIENT30JAN20210PE.NFO,07/01/2020,10:38:55,11.45,11.65,4000,12,4000,0,188000
ADANIENT30JAN20210PE.NFO,07/01/2020,10:38:57,11.45,11.65,8000,12,4000,0,188000
ADANIENT30JAN20210PE.NFO,07/01/2020,10:39:03,11.45,11.65,4000,12,4000,0,188000
ADANIENT30JAN20210PE.NFO,07/01/2020,10:39:06,11.45,11.65,4000,12.05,4000,0,188000
ADANIENT30JAN20210PE.NFO,07/01/2020,10:39:13,11.45,11.65,8000,12.1,4000,0,188000
ADANIENT30JAN20210PE.NFO,07/01/2020,10:39:16,11.45,11.7,8000,12.1,4000,0,188000
ADANIENT30JAN20210PE.NFO,07/01/2020,10:39:25,11.45,11.7,8000,12.05,4000,0,188000
ADANIENT30JAN20210PE.NFO,07/01/2020,10:39:32,11.45,11.7,8000,12.1,4000,0,188000
ADANIENT30JAN20210PE.NFO,07/01/2020,10:39:35,11.45,11.7,8000,12.05,4000,0,188000
ADANIENT30JAN20210PE.NFO,07/01/2020,10:39:38,11.45,11.8,4000,12.2,4000,0,188000
ADANIENT30JAN20210PE.NFO,07/01/2020,10:39:40,11.45,11.8,4000,12.15,4000,0,188000
ADANIENT30JAN20210PE.NFO,07/01/2020,10:39:43,11.45,11.8,4000,12.2,4000,0,188000
ADANIENT30JAN20210PE.NFO,07/01/2020,10:39:46,11.45,11.8,4000,12.15,4000,0,188000
ADANIENT30JAN20210PE.NFO,07/01/2020,10:39:52,11.45,11.75,4000,12.15,4000,0,188000
ADANIENT30JAN20210PE.NFO,07/01/2020,10:39:55,11.45,11.75,8000,12.15,4000,0,188000
ADANIENT30JAN20210PE.NFO,07/01/2020,10:40:01,11.45,11.75,12000,12.1,4000,0,188000
ADANIENT30JAN20210PE.NFO,07/01/2020,10:40:04,11.45,11.75,4000,12.15,4000,0,188000
ADANIENT30JAN20210PE.NFO,07/01/2020,10:40:11,11.45,11.65,4000,12,8000,0,188000
ADANIENT30JAN20210PE.NFO,07/01/2020,10:40:17,11.45,11.65,4000,12,4000,0,188000
ADANIENT30JAN20210PE.NFO,07/01/2020,10:40:19,11.45,11.65,8000,12.25,12000,0,188000
ADANIENT30JAN20210PE.NFO,07/01/2020,10:40:28,11.45,11.65,12000,12.25,12000,0,188000
ADANIENT30JAN20210PE.NFO,07/01/2020,10:40:41,11.45,11.65,8000,12.25,28000,0,188000
ADANIENT30JAN20210PE.NFO,07/01/2020,10:40:46,11.45,11.65,8000,12.25,12000,0,188000
ADANIENT30JAN20210PE.NFO,07/01/2020,10:40:52,11.45,11.65,8000,12.25,28000,0,188000
ADANIENT30JAN20210PE.NFO,07/01/2020,10:40:56,11.45,11.65,4000,12.25,28000,0,188000
ADANIENT30JAN20210PE.NFO,07/01/2020,10:41:06,11.45,11.65,4000,12.05,4000,0,188000
ADANIENT30JAN20210PE.NFO,07/01/2020,10:41:09,11.45,11.65,4000,12,4000,0,188000
ADANIENT30JAN20210PE.NFO,07/01/2020,10:41:13,11.45,11.65,4000,12.05,4000,0,188000
ADANIENT30JAN20210PE.NFO,07/01/2020,10:41:18,11.45,11.65,4000,12.1,4000,0,188000
ADANIENT30JAN20210PE.NFO,07/01/2020,10:41:21,11.45,11.65,4000,12.05,4000,0,188000
ADANIENT30JAN20210PE.NFO,07/01/2020,10:41:26,11.45,11.65,4000,12.1,4000,0,188000
ADANIENT30JAN20210PE.NFO,07/01/2020,10:41:30,11.45,11.65,4000,12.05,4000,0,188000
ADANIENT30JAN20210PE.NFO,07/01/2020,10:41:33,11.45,11.65,4000,12.1,4000,0,188000
ADANIENT30JAN20210PE.NFO,07/01/2020,10:41:42,11.45,11.65,4000,12.05,4000,0,188000
ADANIENT30JAN20210PE.NFO,07/01/2020,10:41:47,11.45,11.65,4000,12.1,4000,0,188000
ADANIENT30JAN20210PE.NFO,07/01/2020,10:41:52,11.45,11.65,4000,12.05,4000,0,188000
ADANIENT30JAN20210PE.NFO,07/01/2020,10:41:55,11.45,11.65,4000,12.1,4000,0,188000
ADANIENT30JAN20210PE.NFO,07/01/2020,10:41:57,11.45,11.65,4000,12.05,4000,0,188000
ADANIENT30JAN20210PE.NFO,07/01/2020,10:42:00,11.45,11.65,4000,12.1,4000,0,188000
ADANIENT30JAN20210PE.NFO,07/01/2020,10:42:04,11.45,11.65,4000,12.05,4000,0,188000
ADANIENT30JAN20210PE.NFO,07/01/2020,10:42:11,11.45,11.65,4000,12.1,4000,0,188000
ADANIENT30JAN20210PE.NFO,07/01/2020,10:42:14,11.45,11.6,4000,12.1,4000,0,188000
ADANIENT30JAN20210PE.NFO,07/01/2020,10:42:21,11.45,11.55,4000,12.1,20000,0,188000
ADANIENT30JAN20210PE.NFO,07/01/2020,10:42:24,11.45,11.55,4000,12.1,12000,0,188000
ADANIENT30JAN20210PE.NFO,07/01/2020,10:42:34,11.45,11.55,12000,12.1,12000,0,188000
ADANIENT30JAN20210PE.NFO,07/01/2020,10:42:50,11.45,11.65,8000,12.1,4000,0,188000
ADANIENT30JAN20210PE.NFO,07/01/2020,10:43:18,11.45,11.65,4000,12.25,28000,0,188000
ADANIENT30JAN20210PE.NFO,07/01/2020,10:43:19,11.45,11.65,4000,12.1,4000,0,188000
ADANIENT30JAN20210PE.NFO,07/01/2020,10:43:21,11.45,11.65,4000,12.05,4000,0,188000
ADANIENT30JAN20210PE.NFO,07/01/2020,10:43:25,11.45,11.6,4000,12.05,4000,0,188000
ADANIENT30JAN20210PE.NFO,07/01/2020,10:43:29,11.45,11.6,4000,12,4000,0,188000
ADANIENT30JAN20210PE.NFO,07/01/2020,10:43:34,11.45,11.6,4000,12.1,4000,0,188000
ADANIENT30JAN20210PE.NFO,07/01/2020,10:43:40,11.45,11.6,4000,12.05,4000,0,188000
ADANIENT30JAN20210PE.NFO,07/01/2020,10:43:47,11.45,11.6,4000,12.1,4000,0,188000
ADANIENT30JAN20210PE.NFO,07/01/2020,10:43:50,11.45,11.6,4000,12.05,4000,0,188000
ADANIENT30JAN20210PE.NFO,07/01/2020,10:43:58,11.45,11.6,4000,12.1,4000,0,188000
ADANIENT30JAN20210PE.NFO,07/01/2020,10:44:02,11.45,11.6,4000,12.05,4000,0,188000
ADANIENT30JAN20210PE.NFO,07/01/2020,10:44:09,11.45,11.6,4000,12.1,4000,0,188000
ADANIENT30JAN20210PE.NFO,07/01/2020,10:44:12,11.45,11.6,4000,12.05,4000,0,188000
ADANIENT30JAN20210PE.NFO,07/01/2020,10:44:17,11.45,11.6,4000,12.1,4000,0,188000
ADANIENT30JAN20210PE.NFO,07/01/2020,10:44:19,11.45,11.6,4000,12.05,4000,0,188000
ADANIENT30JAN20210PE.NFO,07/01/2020,10:44:22,11.45,11.6,4000,12.1,4000,0,188000
ADANIENT30JAN20210PE.NFO,07/01/2020,10:44:35,11.45,11.6,4000,12.05,4000,0,188000
ADANIENT30JAN20210PE.NFO,07/01/2020,10:44:38,11.45,11.6,4000,12.1,4000,0,188000
ADANIENT30JAN20210PE.NFO,07/01/2020,10:44:41,11.45,11.6,4000,12.05,4000,0,188000
ADANIENT30JAN20210PE.NFO,07/01/2020,10:44:44,11.45,11.6,4000,12.1,4000,0,188000
ADANIENT30JAN20210PE.NFO,07/01/2020,10:44:48,11.45,11.6,4000,12.05,4000,0,188000
ADANIENT30JAN20210PE.NFO,07/01/2020,10:44:50,11.45,11.6,4000,12.1,4000,0,188000
ADANIENT30JAN20210PE.NFO,07/01/2020,10:44:52,11.45,11.6,4000,12.05,4000,0,188000
ADANIENT30JAN20210PE.NFO,07/01/2020,10:44:54,11.45,11.6,4000,12.1,4000,0,188000
ADANIENT30JAN20210PE.NFO,07/01/2020,10:44:57,11.45,11.6,4000,12.05,4000,0,188000
ADANIENT30JAN20210PE.NFO,07/01/2020,10:45:01,11.45,11.65,8000,12.15,4000,0,188000
ADANIENT30JAN20210PE.NFO,07/01/2020,10:45:06,11.45,11.65,4000,12.15,4000,0,188000
ADANIENT30JAN20210PE.NFO,07/01/2020,10:45:10,11.45,11.65,4000,12.1,4000,0,188000
ADANIENT30JAN20210PE.NFO,07/01/2020,10:45:14,11.45,11.65,4000,12.05,4000,0,188000
ADANIENT30JAN20210PE.NFO,07/01/2020,10:45:18,11.45,11.65,4000,12.1,4000,0,188000
ADANIENT30JAN20210PE.NFO,07/01/2020,10:45:28,11.45,11.65,4000,12.05,4000,0,188000
ADANIENT30JAN20210PE.NFO,07/01/2020,10:45:35,11.45,11.65,4000,12.1,4000,0,188000
ADANIENT30JAN20210PE.NFO,07/01/2020,10:45:40,11.45,11.65,4000,12.05,4000,0,188000
ADANIENT30JAN20210PE.NFO,07/01/2020,10:45:42,11.45,11.65,4000,12.1,4000,0,188000
ADANIENT30JAN20210PE.NFO,07/01/2020,10:45:46,11.45,11.65,4000,12.05,4000,0,188000
ADANIENT30JAN20210PE.NFO,07/01/2020,10:45:49,11.45,11.65,4000,12.1,4000,0,188000
ADANIENT30JAN20210PE.NFO,07/01/2020,10:45:55,11.45,11.65,4000,12.05,4000,0,188000
ADANIENT30JAN20210PE.NFO,07/01/2020,10:46:10,11.45,11.65,4000,12.1,4000,0,188000
ADANIENT30JAN20210PE.NFO,07/01/2020,10:46:13,11.45,11.65,4000,12.05,4000,0,188000
ADANIENT30JAN20210PE.NFO,07/01/2020,10:46:16,11.45,11.65,4000,12.1,4000,0,188000
ADANIENT30JAN20210PE.NFO,07/01/2020,10:46:30,11.45,11.65,4000,12.05,4000,0,188000
ADANIENT30JAN20210PE.NFO,07/01/2020,10:46:41,11.45,11.65,4000,12.1,4000,0,188000
ADANIENT30JAN20210PE.NFO,07/01/2020,10:46:44,11.45,11.6,4000,12,4000,0,188000
ADANIENT30JAN20210PE.NFO,07/01/2020,10:46:47,11.45,11.6,4000,12,8000,0,188000
ADANIENT30JAN20210PE.NFO,07/01/2020,10:46:58,11.45,11.5,4000,12,8000,0,188000
ADANIENT30JAN20210PE.NFO,07/01/2020,10:47:01,11.45,11.55,4000,12,8000,0,188000
ADANIENT30JAN20210PE.NFO,07/01/2020,10:47:03,11.45,11.55,4000,11.95,4000,0,188000
ADANIENT30JAN20210PE.NFO,07/01/2020,10:47:11,11.45,11.55,4000,12,4000,0,188000
ADANIENT30JAN20210PE.NFO,07/01/2020,10:47:17,11.45,11.5,4000,11.9,4000,0,188000
ADANIENT30JAN20210PE.NFO,07/01/2020,10:47:22,11.45,11.55,4000,11.95,4000,0,188000
ADANIENT30JAN20210PE.NFO,07/01/2020,10:47:29,11.45,11.6,4000,12,4000,0,188000
ADANIENT30JAN20210PE.NFO,07/01/2020,10:47:32,11.45,11.6,4000,12,8000,0,188000
ADANIENT30JAN20210PE.NFO,07/01/2020,10:48:01,11.45,11.5,4000,12,8000,0,188000
ADANIENT30JAN20210PE.NFO,07/01/2020,10:48:37,11.45,11.55,4000,12,8000,0,188000
ADANIENT30JAN20210PE.NFO,07/01/2020,10:49:12,11.45,11.55,4000,12,4000,0,188000
ADANIENT30JAN20210PE.NFO,07/01/2020,10:49:18,11.45,11.45,4000,12,4000,0,188000
ADANIENT30JAN20210PE.NFO,07/01/2020,10:49:25,11.45,11.5,4000,12,4000,0,188000
ADANIENT30JAN20210PE.NFO,07/01/2020,10:49:32,11.45,11.5,4000,12.05,12000,0,188000
ADANIENT30JAN20210PE.NFO,07/01/2020,10:49:35,11.45,11.5,4000,11.95,4000,0,188000
ADANIENT30JAN20210PE.NFO,07/01/2020,10:49:42,11.45,11.45,4000,11.95,4000,0,188000
ADANIENT30JAN20210PE.NFO,07/01/2020,10:49:46,11.45,11.5,4000,12.05,12000,0,188000
ADANIENT30JAN20210PE.NFO,07/01/2020,10:49:54,11.45,11.5,4000,12.05,20000,0,188000
ADANIENT30JAN20210PE.NFO,07/01/2020,10:50:00,11.45,11.45,4000,12,4000,0,188000
ADANIENT30JAN20210PE.NFO,07/01/2020,10:50:06,11.45,11.5,8000,12,4000,0,188000
ADANIENT30JAN20210PE.NFO,07/01/2020,10:50:18,11.45,11.55,4000,12,4000,0,188000
ADANIENT30JAN20210PE.NFO,07/01/2020,10:50:27,11.45,11.6,4000,12.05,4000,0,188000
ADANIENT30JAN20210PE.NFO,07/01/2020,10:50:39,11.45,11.6,4000,12.15,20000,0,188000
ADANIENT30JAN20210PE.NFO,07/01/2020,10:50:47,11.45,11.6,4000,12.15,12000,0,188000
ADANIENT30JAN20210PE.NFO,07/01/2020,10:50:57,11.45,11.6,8000,12.15,4000,0,188000
ADANIENT30JAN20210PE.NFO,07/01/2020,10:51:01,11.45,11.65,4000,12.15,4000,0,188000
ADANIENT30JAN20210PE.NFO,07/01/2020,10:51:16,11.45,11.65,4000,12.1,4000,0,188000
ADANIENT30JAN20210PE.NFO,07/01/2020,10:51:19,11.45,11.55,4000,12.1,4000,0,188000
ADANIENT30JAN20210PE.NFO,07/01/2020,10:51:23,11.45,11.55,4000,12,4000,0,188000
ADANIENT30JAN20210PE.NFO,07/01/2020,10:51:30,11.45,11.65,4000,12.05,4000,0,188000
ADANIENT30JAN20210PE.NFO,07/01/2020,10:51:40,11.45,11.6,4000,12.05,4000,0,188000
ADANIENT30JAN20210PE.NFO,07/01/2020,10:51:45,11.45,11.6,4000,12,4000,0,188000
ADANIENT30JAN20210PE.NFO,07/01/2020,10:51:49,11.45,11.6,4000,12.05,4000,0,188000
ADANIENT30JAN20210PE.NFO,07/01/2020,10:51:53,11.45,11.6,4000,12,4000,0,188000
ADANIENT30JAN20210PE.NFO,07/01/2020,10:51:58,11.45,11.6,8000,12.1,4000,0,188000
ADANIENT30JAN20210PE.NFO,07/01/2020,10:52:08,11.45,11.6,8000,12.05,4000,0,188000
ADANIENT30JAN20210PE.NFO,07/01/2020,10:52:13,11.45,11.6,8000,12.1,4000,0,188000
ADANIENT30JAN20210PE.NFO,07/01/2020,10:52:18,11.45,11.6,8000,12.05,4000,0,188000
ADANIENT30JAN20210PE.NFO,07/01/2020,10:52:22,11.45,11.7,4000,12.25,32000,0,188000
ADANIENT30JAN20210PE.NFO,07/01/2020,10:52:28,11.45,11.7,8000,12.1,4000,0,188000
ADANIENT30JAN20210PE.NFO,07/01/2020,10:52:38,11.45,11.8,4000,12.2,4000,0,188000
ADANIENT30JAN20210PE.NFO,07/01/2020,10:52:55,11.45,11.8,8000,12.25,4000,0,188000
ADANIENT30JAN20210PE.NFO,07/01/2020,10:52:59,11.45,11.8,8000,12.2,4000,0,188000
ADANIENT30JAN20210PE.NFO,07/01/2020,10:53:06,11.45,11.8,4000,12.2,4000,0,188000
ADANIENT30JAN20210PE.NFO,07/01/2020,10:53:12,11.45,11.75,8000,12.25,4000,0,188000
ADANIENT30JAN20210PE.NFO,07/01/2020,10:53:17,11.45,11.85,4000,12.3,4000,0,188000
ADANIENT30JAN20210PE.NFO,07/01/2020,10:53:27,11.45,11.8,4000,12.3,4000,0,188000
ADANIENT30JAN20210PE.NFO,07/01/2020,10:53:32,11.45,11.8,4000,12.25,4000,0,188000
ADANIENT30JAN20210PE.NFO,07/01/2020,10:53:37,11.45,11.85,4000,12.25,4000,0,188000
ADANIENT30JAN20210PE.NFO,07/01/2020,10:53:48,11.45,11.85,4000,12.3,4000,0,188000
ADANIENT30JAN20210PE.NFO,07/01/2020,10:53:54,11.45,11.9,4000,12.3,4000,0,188000
ADANIENT30JAN20210PE.NFO,07/01/2020,10:54:05,11.45,11.9,4000,12.25,4000,0,188000
ADANIENT30JAN20210PE.NFO,07/01/2020,10:54:10,11.45,11.9,8000,12.3,4000,0,188000
ADANIENT30JAN20210PE.NFO,07/01/2020,10:54:16,11.45,11.9,4000,12.3,4000,0,188000
ADANIENT30JAN20210PE.NFO,07/01/2020,10:54:22,11.45,11.8,4000,12.3,4000,0,188000
ADANIENT30JAN20210PE.NFO,07/01/2020,10:54:38,11.45,11.8,4000,12.25,4000,0,188000
ADANIENT30JAN20210PE.NFO,07/01/2020,10:54:43,11.45,11.8,4000,12.3,4000,0,188000
ADANIENT30JAN20210PE.NFO,07/01/2020,10:54:47,11.45,11.75,4000,12.2,4000,0,188000
ADANIENT30JAN20210PE.NFO,07/01/2020,10:55:11,11.45,11.8,4000,12.2,4000,0,188000
ADANIENT30JAN20210PE.NFO,07/01/2020,10:55:25,11.45,11.8,4000,12.3,4000,0,188000
ADANIENT30JAN20210PE.NFO,07/01/2020,10:55:30,11.45,11.8,8000,12.3,4000,0,188000
ADANIENT30JAN20210PE.NFO,07/01/2020,10:55:35,11.45,11.8,12000,12.3,4000,0,188000
ADANIENT30JAN20210PE.NFO,07/01/2020,10:55:41,11.45,11.8,4000,12.3,4000,0,188000
ADANIENT30JAN20210PE.NFO,07/01/2020,10:56:14,11.45,11.8,4000,12.25,4000,0,188000
ADANIENT30JAN20210PE.NFO,07/01/2020,10:56:28,11.45,11.7,4000,12.25,4000,0,188000
ADANIENT30JAN20210PE.NFO,07/01/2020,10:56:54,11.45,11.7,12000,12.25,4000,0,188000
ADANIENT30JAN20210PE.NFO,07/01/2020,10:57:11,11.45,11.8,12000,12.3,4000,0,188000
ADANIENT30JAN20210PE.NFO,07/01/2020,10:57:17,11.45,11.8,16000,12.3,4000,0,188000
ADANIENT30JAN20210PE.NFO,07/01/2020,10:57:24,11.45,11.8,12000,12.35,4000,0,188000
ADANIENT30JAN20210PE.NFO,07/01/2020,10:57:31,11.45,11.85,8000,12.35,4000,0,188000
ADANIENT30JAN20210PE.NFO,07/01/2020,10:57:37,11.45,11.85,12000,12.35,4000,0,188000
ADANIENT30JAN20210PE.NFO,07/01/2020,10:57:42,11.45,11.85,8000,12.35,4000,0,188000
ADANIENT30JAN20210PE.NFO,07/01/2020,10:57:47,11.45,11.9,4000,12.35,4000,0,188000
ADANIENT30JAN20210PE.NFO,07/01/2020,10:57:56,11.45,11.9,8000,12.35,4000,0,188000
ADANIENT30JAN20210PE.NFO,07/01/2020,10:58:00,11.45,11.95,4000,12.5,60000,0,188000
ADANIENT30JAN20210PE.NFO,07/01/2020,10:58:05,11.45,11.95,12000,12.5,40000,0,188000
ADANIENT30JAN20210PE.NFO,07/01/2020,10:58:10,11.45,12,4000,12.5,16000,0,188000
ADANIENT30JAN20210PE.NFO,07/01/2020,10:58:24,11.45,12.05,4000,12.5,4000,0,188000
ADANIENT30JAN20210PE.NFO,07/01/2020,10:58:55,11.45,12.05,12000,12.5,4000,0,188000
ADANIENT30JAN20210PE.NFO,07/01/2020,10:59:05,11.45,12.05,12000,12.8,84000,0,188000
ADANIENT30JAN20210PE.NFO,07/01/2020,10:59:12,11.45,12.1,4000,12.8,84000,0,188000
ADANIENT30JAN20210PE.NFO,07/01/2020,10:59:17,11.45,12.1,12000,12.7,28000,0,188000
ADANIENT30JAN20210PE.NFO,07/01/2020,10:59:23,11.45,12.2,4000,12.65,4000,0,188000
ADANIENT30JAN20210PE.NFO,07/01/2020,10:59:33,11.45,12.15,4000,12.6,4000,0,188000
ADANIENT30JAN20210PE.NFO,07/01/2020,10:59:44,11.45,12.15,8000,12.65,4000,0,188000
ADANIENT30JAN20210PE.NFO,07/01/2020,10:59:49,11.45,12.15,4000,12.65,4000,0,188000
ADANIENT30JAN20210PE.NFO,07/01/2020,10:59:54,11.45,12.15,4000,12.65,8000,0,188000
ADANIENT30JAN20210PE.NFO,07/01/2020,11:00:06,11.45,12.15,8000,12.65,8000,0,188000
ADANIENT30JAN20210PE.NFO,07/01/2020,11:00:12,11.45,12.3,4000,12.65,4000,0,188000
ADANIENT30JAN20210PE.NFO,07/01/2020,11:00:18,11.45,12.4,4000,12.65,4000,0,188000
ADANIENT30JAN20210PE.NFO,07/01/2020,11:00:24,11.45,12.35,4000,12.65,4000,0,188000
ADANIENT30JAN20210PE.NFO,07/01/2020,11:00:57,11.45,12.5,4000,12.65,4000,0,188000
ADANIENT30JAN20210PE.NFO,07/01/2020,11:01:04,11.45,12.4,8000,12.65,4000,0,188000
ADANIENT30JAN20210PE.NFO,07/01/2020,11:01:12,11.45,12.4,4000,12.65,4000,0,188000
ADANIENT30JAN20210PE.NFO,07/01/2020,11:01:46,11.45,12.3,4000,12.6,4000,0,188000
ADANIENT30JAN20210PE.NFO,07/01/2020,11:01:53,11.45,12.25,4000,12.6,4000,0,188000
ADANIENT30JAN20210PE.NFO,07/01/2020,11:02:07,11.45,12.15,4000,12.6,4000,0,188000
ADANIENT30JAN20210PE.NFO,07/01/2020,11:02:26,11.45,12.2,4000,12.6,4000,0,188000
ADANIENT30JAN20210PE.NFO,07/01/2020,11:02:33,11.45,12.25,4000,12.6,4000,0,188000
ADANIENT30JAN20210PE.NFO,07/01/2020,11:02:44,11.45,12.2,4000,12.6,4000,0,188000
ADANIENT30JAN20210PE.NFO,07/01/2020,11:02:49,11.45,12.25,4000,12.6,4000,0,188000
ADANIENT30JAN20210PE.NFO,07/01/2020,11:02:56,11.45,12.25,4000,12.65,4000,0,188000
ADANIENT30JAN20210PE.NFO,07/01/2020,11:03:07,11.45,12.35,4000,12.65,4000,0,188000
ADANIENT30JAN20210PE.NFO,07/01/2020,11:03:14,11.45,12.25,4000,12.65,4000,0,188000
ADANIENT30JAN20210PE.NFO,07/01/2020,11:03:41,11.45,12.3,4000,12.65,4000,0,188000
ADANIENT30JAN20210PE.NFO,07/01/2020,11:03:47,12.3,12.25,4000,12.6,4000,4000,192000
ADANIENT30JAN20210PE.NFO,07/01/2020,11:03:47,12.3,12.25,4000,12.6,4000,0,192000
ADANIENT30JAN20210PE.NFO,07/01/2020,11:03:54,12.3,12.25,4000,12.6,4000,0,192000
ADANIENT30JAN20210PE.NFO,07/01/2020,11:04:58,12.3,12.25,4000,12.65,4000,0,192000
ADANIENT30JAN20210PE.NFO,07/01/2020,11:05:09,12.3,12.25,4000,12.6,4000,0,192000
ADANIENT30JAN20210PE.NFO,07/01/2020,11:05:14,12.3,12.35,12000,12.65,4000,0,192000
ADANIENT30JAN20210PE.NFO,07/01/2020,11:05:36,12.45,12.35,4000,12.85,4000,4000,192000
ADANIENT30JAN20210PE.NFO,07/01/2020,11:05:36,12.45,12.35,4000,12.85,4000,0,192000
ADANIENT30JAN20210PE.NFO,07/01/2020,11:05:41,12.45,12.35,4000,12.85,4000,0,192000
ADANIENT30JAN20210PE.NFO,07/01/2020,11:05:46,12.45,12.35,4000,12.75,4000,0,192000
ADANIENT30JAN20210PE.NFO,07/01/2020,11:05:52,12.45,12.25,4000,12.75,4000,0,192000
ADANIENT30JAN20210PE.NFO,07/01/2020,11:05:58,12.45,12.25,8000,12.75,4000,0,192000
ADANIENT30JAN20210PE.NFO,07/01/2020,11:06:24,12.45,12.3,12000,12.75,4000,0,192000
ADANIENT30JAN20210PE.NFO,07/01/2020,11:06:49,12.45,12.35,4000,12.75,4000,0,192000
ADANIENT30JAN20210PE.NFO,07/01/2020,11:06:55,12.45,12.35,8000,12.75,4000,0,192000
ADANIENT30JAN20210PE.NFO,07/01/2020,11:07:00,12.45,12.35,4000,12.75,4000,0,192000
ADANIENT30JAN20210PE.NFO,07/01/2020,11:07:06,12.45,12.35,8000,12.75,4000,0,192000
ADANIENT30JAN20210PE.NFO,07/01/2020,11:07:11,12.45,12.3,4000,12.75,4000,0,192000
ADANIENT30JAN20210PE.NFO,07/01/2020,11:07:54,12.45,12.2,8000,12.75,4000,0,192000
ADANIENT30JAN20210PE.NFO,07/01/2020,11:08:46,12.45,12.3,4000,12.75,4000,0,192000
ADANIENT30JAN20210PE.NFO,07/01/2020,11:09:00,12.45,12.4,4000,12.85,4000,0,192000
ADANIENT30JAN20210PE.NFO,07/01/2020,11:09:09,12.45,12.05,4000,12.75,4000,0,192000
ADANIENT30JAN20210PE.NFO,07/01/2020,11:09:14,12.45,12.15,4000,12.75,4000,0,192000
ADANIENT30JAN20210PE.NFO,07/01/2020,11:09:18,12.45,11.95,8000,12.75,4000,0,192000
ADANIENT30JAN20210PE.NFO,07/01/2020,11:09:37,12.45,11.95,8000,12.8,4000,0,192000
ADANIENT30JAN20210PE.NFO,07/01/2020,11:09:40,12.45,11.95,8000,12.75,4000,0,192000
ADANIENT30JAN20210PE.NFO,07/01/2020,11:09:55,12.45,12.2,4000,12.75,4000,0,192000
ADANIENT30JAN20210PE.NFO,07/01/2020,11:09:59,12.45,12.15,4000,12.75,4000,0,192000
ADANIENT30JAN20210PE.NFO,07/01/2020,11:10:03,12.45,12.25,4000,12.9,4000,0,192000
ADANIENT30JAN20210PE.NFO,07/01/2020,11:11:03,12.45,12.3,4000,12.9,4000,0,192000
ADANIENT30JAN20210PE.NFO,07/01/2020,11:11:10,12.45,12.4,4000,12.9,4000,0,192000
ADANIENT30JAN20210PE.NFO,07/01/2020,11:11:16,12.45,12.45,4000,13,4000,0,192000
ADANIENT30JAN20210PE.NFO,07/01/2020,11:11:23,12.45,12.5,8000,13,4000,0,192000
ADANIENT30JAN20210PE.NFO,07/01/2020,11:11:48,12.45,12.55,4000,13.15,28000,0,192000
ADANIENT30JAN20210PE.NFO,07/01/2020,11:11:54,12.45,12.5,4000,13.15,4000,0,192000
ADANIENT30JAN20210PE.NFO,07/01/2020,11:12:00,12.45,12.55,4000,13.15,4000,0,192000
ADANIENT30JAN20210PE.NFO,07/01/2020,11:12:08,12.45,12.7,4000,13.15,4000,0,192000
ADANIENT30JAN20210PE.NFO,07/01/2020,11:12:16,12.45,12.65,4000,13.15,4000,0,192000
ADANIENT30JAN20210PE.NFO,07/01/2020,11:12:22,12.45,12.6,4000,13.15,28000,0,192000
ADANIENT30JAN20210PE.NFO,07/01/2020,11:12:29,12.45,12.55,4000,13.15,36000,0,192000
ADANIENT30JAN20210PE.NFO,07/01/2020,11:12:36,12.45,12.5,4000,13.05,28000,0,192000
ADANIENT30JAN20210PE.NFO,07/01/2020,11:12:42,12.45,12.5,8000,13,4000,0,192000
ADANIENT30JAN20210PE.NFO,07/01/2020,11:12:47,12.45,12.45,4000,13,12000,0,192000
ADANIENT30JAN20210PE.NFO,07/01/2020,11:12:51,12.45,12.45,4000,12.9,4000,0,192000
ADANIENT30JAN20210PE.NFO,07/01/2020,11:12:56,12.45,12.45,8000,12.9,4000,0,192000
ADANIENT30JAN20210PE.NFO,07/01/2020,11:13:00,12.45,12.5,4000,13.05,24000,0,192000
ADANIENT30JAN20210PE.NFO,07/01/2020,11:13:06,12.45,12.5,8000,12.95,4000,0,192000
ADANIENT30JAN20210PE.NFO,07/01/2020,11:13:12,12.45,12.55,8000,13,4000,0,192000
ADANIENT30JAN20210PE.NFO,07/01/2020,11:13:35,12.45,12.75,4000,13.15,4000,0,192000
ADANIENT30JAN20210PE.NFO,07/01/2020,11:13:41,12.45,12.8,8000,13.3,4000,0,192000
ADANIENT30JAN20210PE.NFO,07/01/2020,11:13:48,12.45,12.9,4000,13.3,4000,0,192000
ADANIENT30JAN20210PE.NFO,07/01/2020,11:13:54,12.45,12.85,8000,13.5,36000,0,192000
ADANIENT30JAN20210PE.NFO,07/01/2020,11:14:10,12.45,12.85,4000,13.5,36000,0,192000
ADANIENT30JAN20210PE.NFO,07/01/2020,11:14:16,12.45,12.95,4000,13.5,36000,0,192000
ADANIENT30JAN20210PE.NFO,07/01/2020,11:14:27,12.45,12.9,4000,13.5,44000,0,192000
ADANIENT30JAN20210PE.NFO,07/01/2020,11:14:32,12.45,12.9,4000,13.5,36000,0,192000
ADANIENT30JAN20210PE.NFO,07/01/2020,11:14:38,12.45,12.9,4000,13.4,4000,0,192000
ADANIENT30JAN20210PE.NFO,07/01/2020,11:14:42,12.45,12.9,8000,13.4,4000,0,192000
ADANIENT30JAN20210PE.NFO,07/01/2020,11:14:47,12.45,12.9,4000,13.4,20000,0,192000
ADANIENT30JAN20210PE.NFO,07/01/2020,11:15:03,12.45,12.9,8000,13.4,4000,0,192000
ADANIENT30JAN20210PE.NFO,07/01/2020,11:15:09,12.45,12.9,8000,13.65,36000,0,192000
ADANIENT30JAN20210PE.NFO,07/01/2020,11:15:15,12.45,12.95,8000,13.65,52000,0,192000
ADANIENT30JAN20210PE.NFO,07/01/2020,11:15:20,12.45,12.95,4000,13.65,44000,0,192000
ADANIENT30JAN20210PE.NFO,07/01/2020,11:15:26,12.45,13,8000,13.55,28000,0,192000
ADANIENT30JAN20210PE.NFO,07/01/2020,11:15:31,12.45,13,8000,13.55,20000,0,192000
ADANIENT30JAN20210PE.NFO,07/01/2020,11:15:44,12.45,13.05,8000,13.55,20000,0,192000
ADANIENT30JAN20210PE.NFO,07/01/2020,11:15:49,12.45,13.05,4000,13.55,20000,0,192000
ADANIENT30JAN20210PE.NFO,07/01/2020,11:15:54,12.45,13.05,4000,13.55,28000,0,192000
ADANIENT30JAN20210PE.NFO,07/01/2020,11:15:59,12.45,13.05,8000,13.55,20000,0,192000
ADANIENT30JAN20210PE.NFO,07/01/2020,11:16:12,12.45,13.15,4000,13.6,4000,0,192000
ADANIENT30JAN20210PE.NFO,07/01/2020,11:16:18,12.45,13.05,4000,13.6,20000,0,192000
ADANIENT30JAN20210PE.NFO,07/01/2020,11:16:25,12.45,13.05,4000,13.6,44000,0,192000
ADANIENT30JAN20210PE.NFO,07/01/2020,11:16:30,12.45,13.05,4000,13.5,12000,0,192000
ADANIENT30JAN20210PE.NFO,07/01/2020,11:16:35,12.45,13.05,4000,13.5,4000,0,192000
ADANIENT30JAN20210PE.NFO,07/01/2020,11:16:44,12.45,12.95,8000,13.4,4000,0,192000
ADANIENT30JAN20210PE.NFO,07/01/2020,11:16:49,12.45,12.95,4000,13.5,24000,0,192000
ADANIENT30JAN20210PE.NFO,07/01/2020,11:16:56,12.45,12.75,4000,13.3,12000,0,192000
ADANIENT30JAN20210PE.NFO,07/01/2020,11:17:02,12.45,12.8,8000,13.3,4000,0,192000
ADANIENT30JAN20210PE.NFO,07/01/2020,11:17:07,12.45,12.85,4000,13.3,4000,0,192000
ADANIENT30JAN20210PE.NFO,07/01/2020,11:17:11,12.45,12.75,4000,13.3,4000,0,192000
ADANIENT30JAN20210PE.NFO,07/01/2020,11:17:16,12.45,12.7,8000,13.3,28000,0,192000
ADANIENT30JAN20210PE.NFO,07/01/2020,11:17:30,12.45,12.8,4000,13.3,28000,0,192000
ADANIENT30JAN20210PE.NFO,07/01/2020,11:17:36,12.45,12.75,4000,13.3,28000,0,192000
ADANIENT30JAN20210PE.NFO,07/01/2020,11:17:42,12.45,12.75,4000,13.3,20000,0,192000
ADANIENT30JAN20210PE.NFO,07/01/2020,11:17:47,12.45,12.65,4000,13.2,12000,0,192000
ADANIENT30JAN20210PE.NFO,07/01/2020,11:17:52,12.45,12.7,8000,13.2,4000,0,192000
ADANIENT30JAN20210PE.NFO,07/01/2020,11:17:57,12.45,12.7,4000,13.2,4000,0,192000
ADANIENT30JAN20210PE.NFO,07/01/2020,11:18:02,12.45,12.7,8000,13.2,4000,0,192000
ADANIENT30JAN20210PE.NFO,07/01/2020,11:18:07,12.45,12.7,8000,13.2,20000,0,192000
ADANIENT30JAN20210PE.NFO,07/01/2020,11:18:12,12.45,12.9,4000,13.45,24000,0,192000
ADANIENT30JAN20210PE.NFO,07/01/2020,11:18:16,12.45,12.8,8000,13.45,20000,0,192000
ADANIENT30JAN20210PE.NFO,07/01/2020,11:18:21,12.45,12.85,4000,13.45,36000,0,192000
ADANIENT30JAN20210PE.NFO,07/01/2020,11:18:25,12.45,12.85,4000,13.45,28000,0,192000
ADANIENT30JAN20210PE.NFO,07/01/2020,11:18:35,12.45,12.9,8000,13.35,4000,0,192000
ADANIENT30JAN20210PE.NFO,07/01/2020,11:18:41,12.45,12.9,4000,13.35,12000,0,192000
ADANIENT30JAN20210PE.NFO,07/01/2020,11:18:48,12.45,12.9,4000,13.35,4000,0,192000
ADANIENT30JAN20210PE.NFO,07/01/2020,11:18:53,12.45,12.9,4000,13.35,12000,0,192000
ADANIENT30JAN20210PE.NFO,07/01/2020,11:18:58,12.45,12.9,4000,13.35,4000,0,192000
ADANIENT30JAN20210PE.NFO,07/01/2020,11:19:04,12.45,12.8,4000,13.35,36000,0,192000
ADANIENT30JAN20210PE.NFO,07/01/2020,11:19:10,12.45,12.8,4000,13.35,12000,0,192000
ADANIENT30JAN20210PE.NFO,07/01/2020,11:19:16,12.45,12.9,8000,13.35,4000,0,192000
ADANIENT30JAN20210PE.NFO,07/01/2020,11:19:24,12.45,13,4000,13.6,20000,0,192000
ADANIENT30JAN20210PE.NFO,07/01/2020,11:19:33,12.45,13,8000,13.55,28000,0,192000
ADANIENT30JAN20210PE.NFO,07/01/2020,11:19:46,12.45,12.95,8000,13.55,28000,0,192000
ADANIENT30JAN20210PE.NFO,07/01/2020,11:20:05,12.45,13.05,8000,13.55,20000,0,192000
ADANIENT30JAN20210PE.NFO,07/01/2020,11:20:16,12.45,12.95,4000,13.55,28000,0,192000
ADANIENT30JAN20210PE.NFO,07/01/2020,11:20:30,12.45,12.95,4000,13.55,36000,0,192000
ADANIENT30JAN20210PE.NFO,07/01/2020,11:20:52,12.45,12.85,4000,13.35,28000,0,192000
ADANIENT30JAN20210PE.NFO,07/01/2020,11:20:57,12.45,12.95,8000,13.5,28000,0,192000
ADANIENT30JAN20210PE.NFO,07/01/2020,11:21:07,12.45,12.95,4000,13.5,28000,0,192000
ADANIENT30JAN20210PE.NFO,07/01/2020,11:21:12,12.45,12.95,4000,13.5,36000,0,192000
ADANIENT30JAN20210PE.NFO,07/01/2020,11:21:20,12.45,12.95,4000,13.5,28000,0,192000
ADANIENT30JAN20210PE.NFO,07/01/2020,11:21:24,12.45,12.95,4000,13.5,36000,0,192000
ADANIENT30JAN20210PE.NFO,07/01/2020,11:21:29,12.45,12.95,8000,13.5,20000,0,192000
ADANIENT30JAN20210PE.NFO,07/01/2020,11:21:40,12.45,13,8000,13.5,16000,0,192000
ADANIENT30JAN20210PE.NFO,07/01/2020,11:21:45,12.45,13,4000,13.45,20000,0,192000
ADANIENT30JAN20210PE.NFO,07/01/2020,11:22:30,12.45,12.9,4000,13.45,20000,0,192000
ADANIENT30JAN20210PE.NFO,07/01/2020,11:22:39,12.45,12.9,4000,13.45,28000,0,192000
ADANIENT30JAN20210PE.NFO,07/01/2020,11:23:40,12.45,12.9,4000,13.45,20000,0,192000
ADANIENT30JAN20210PE.NFO,07/01/2020,11:23:49,12.45,12.9,4000,13.45,28000,0,192000
ADANIENT30JAN20210PE.NFO,07/01/2020,11:24:04,12.45,12.75,4000,13.35,20000,0,192000
ADANIENT30JAN20210PE.NFO,07/01/2020,11:24:10,12.45,12.75,4000,13.3,20000,0,192000
ADANIENT30JAN20210PE.NFO,07/01/2020,11:24:25,12.45,12.75,4000,13.25,12000,0,192000
ADANIENT30JAN20210PE.NFO,07/01/2020,11:24:29,12.45,12.75,4000,13.25,20000,0,192000
ADANIENT30JAN20210PE.NFO,07/01/2020,11:24:34,12.45,12.75,4000,13.2,4000,0,192000
ADANIENT30JAN20210PE.NFO,07/01/2020,11:24:38,12.45,12.75,4000,13.15,8000,0,192000
ADANIENT30JAN20210PE.NFO,07/01/2020,11:24:47,12.75,12.6,4000,13.2,16000,4000,192000
ADANIENT30JAN20210PE.NFO,07/01/2020,11:24:47,12.75,12.6,4000,13.2,16000,0,192000
ADANIENT30JAN20210PE.NFO,07/01/2020,11:24:51,12.75,12.6,4000,13.2,16000,0,184000
ADANIENT30JAN20210PE.NFO,07/01/2020,11:24:55,12.75,12.6,8000,13.2,16000,0,184000
ADANIENT30JAN20210PE.NFO,07/01/2020,11:24:59,12.75,12.6,8000,13.4,40000,0,184000
ADANIENT30JAN20210PE.NFO,07/01/2020,11:25:05,12.75,12.6,8000,13.3,24000,0,184000
ADANIENT30JAN20210PE.NFO,07/01/2020,11:25:10,12.75,12.6,8000,13.3,20000,0,184000
ADANIENT30JAN20210PE.NFO,07/01/2020,11:25:33,12.75,12.6,8000,13.15,4000,0,184000
ADANIENT30JAN20210PE.NFO,07/01/2020,11:25:41,12.75,12.6,8000,13.05,4000,0,184000
ADANIENT30JAN20210PE.NFO,07/01/2020,11:25:46,12.75,12.6,8000,13.15,12000,0,184000
ADANIENT30JAN20210PE.NFO,07/01/2020,11:25:50,12.75,12.6,8000,13.1,4000,0,184000
ADANIENT30JAN20210PE.NFO,07/01/2020,11:25:54,12.75,12.6,8000,13.15,8000,0,184000
ADANIENT30JAN20210PE.NFO,07/01/2020,11:26:05,12.75,12.55,4000,13.1,12000,0,184000
ADANIENT30JAN20210PE.NFO,07/01/2020,11:26:30,12.75,12.5,4000,13,4000,0,184000
ADANIENT30JAN20210PE.NFO,07/01/2020,11:26:36,12.75,12.45,8000,12.95,4000,0,184000
ADANIENT30JAN20210PE.NFO,07/01/2020,11:26:40,12.75,12.5,4000,13.05,4000,0,184000
ADANIENT30JAN20210PE.NFO,07/01/2020,11:26:45,12.75,12.5,4000,12.95,4000,0,184000
ADANIENT30JAN20210PE.NFO,07/01/2020,11:26:49,12.75,12.45,8000,13,4000,0,184000
ADANIENT30JAN20210PE.NFO,07/01/2020,11:26:53,12.75,12.45,8000,12.95,4000,0,184000
ADANIENT30JAN20210PE.NFO,07/01/2020,11:26:59,12.75,12.45,4000,12.95,4000,0,184000
ADANIENT30JAN20210PE.NFO,07/01/2020,11:27:15,12.75,12.15,4000,12.95,4000,0,184000
ADANIENT30JAN20210PE.NFO,07/01/2020,11:27:18,12.75,11.9,36000,12.95,4000,0,184000
ADANIENT30JAN20210PE.NFO,07/01/2020,11:27:28,12.75,11.9,36000,12.9,4000,0,184000
ADANIENT30JAN20210PE.NFO,07/01/2020,11:27:31,12.75,11.9,36000,12.95,4000,0,184000
ADANIENT30JAN20210PE.NFO,07/01/2020,11:27:44,12.75,12,24000,12.9,4000,0,184000
ADANIENT30JAN20210PE.NFO,07/01/2020,11:27:47,12.75,12,12000,12.9,4000,0,184000
ADANIENT30JAN20210PE.NFO,07/01/2020,11:27:55,12.75,12,12000,12.8,4000,0,184000
ADANIENT30JAN20210PE.NFO,07/01/2020,11:28:02,12.75,12,12000,12.85,4000,0,184000
ADANIENT30JAN20210PE.NFO,07/01/2020,11:28:04,12.75,12,12000,12.8,4000,0,184000
ADANIENT30JAN20210PE.NFO,07/01/2020,11:28:09,12.75,11.9,16000,12.85,4000,0,184000
ADANIENT30JAN20210PE.NFO,07/01/2020,11:28:11,12.75,11.9,16000,12.75,4000,0,184000
ADANIENT30JAN20210PE.NFO,07/01/2020,11:28:14,12.75,12,32000,13,4000,0,184000
ADANIENT30JAN20210PE.NFO,07/01/2020,11:28:17,12.75,12.1,44000,13.05,4000,0,184000
ADANIENT30JAN20210PE.NFO,07/01/2020,11:28:21,12.75,12.25,68000,13.35,4000,0,184000
ADANIENT30JAN20210PE.NFO,07/01/2020,11:28:25,12.75,12.4,44000,13.45,4000,0,184000
ADANIENT30JAN20210PE.NFO,07/01/2020,11:28:28,12.75,12.4,44000,13.35,4000,0,184000
ADANIENT30JAN20210PE.NFO,07/01/2020,11:28:31,12.75,12.4,44000,13.4,4000,0,184000
ADANIENT30JAN20210PE.NFO,07/01/2020,11:28:33,12.75,12.5,28000,13.35,4000,0,184000
ADANIENT30JAN20210PE.NFO,07/01/2020,11:28:36,12.75,12.55,4000,13.4,4000,0,184000
ADANIENT30JAN20210PE.NFO,07/01/2020,11:28:39,12.75,12.5,8000,13.35,4000,0,184000
ADANIENT30JAN20210PE.NFO,07/01/2020,11:28:42,12.75,12.55,4000,13.55,16000,0,184000
ADANIENT30JAN20210PE.NFO,07/01/2020,11:28:44,12.75,12.55,20000,13.3,4000,0,184000
ADANIENT30JAN20210PE.NFO,07/01/2020,11:28:47,12.75,12.6,48000,13.35,4000,0,184000
ADANIENT30JAN20210PE.NFO,07/01/2020,11:28:50,12.75,12.6,56000,13.5,4000,0,184000
ADANIENT30JAN20210PE.NFO,07/01/2020,11:28:53,12.75,12.6,40000,13.4,4000,0,184000
ADANIENT30JAN20210PE.NFO,07/01/2020,11:28:57,12.75,12.6,40000,13.45,4000,0,184000
ADANIENT30JAN20210PE.NFO,07/01/2020,11:29:00,12.75,12.7,40000,13.8,12000,0,184000
ADANIENT30JAN20210PE.NFO,07/01/2020,11:29:03,12.75,12.8,36000,13.65,4000,0,184000
ADANIENT30JAN20210PE.NFO,07/01/2020,11:29:05,12.75,12.8,36000,13.7,4000,0,184000
ADANIENT30JAN20210PE.NFO,07/01/2020,11:29:16,12.75,12.8,36000,13.8,12000,0,184000
ADANIENT30JAN20210PE.NFO,07/01/2020,11:29:20,12.75,12.8,36000,13.7,4000,0,184000
ADANIENT30JAN20210PE.NFO,07/01/2020,11:29:26,12.75,12.9,28000,13.65,4000,0,184000
ADANIENT30JAN20210PE.NFO,07/01/2020,11:29:34,12.75,12.9,28000,13.65,8000,0,184000
ADANIENT30JAN20210PE.NFO,07/01/2020,11:29:37,12.75,12.75,16000,13.5,4000,0,184000
ADANIENT30JAN20210PE.NFO,07/01/2020,11:29:41,12.75,12.7,24000,13.55,4000,0,184000
ADANIENT30JAN20210PE.NFO,07/01/2020,11:29:45,12.75,12.25,64000,13.35,4000,0,184000
ADANIENT30JAN20210PE.NFO,07/01/2020,11:29:50,12.75,12.4,56000,13.5,4000,0,184000
ADANIENT30JAN20210PE.NFO,07/01/2020,11:29:54,12.75,12.45,28000,13.3,4000,0,184000
ADANIENT30JAN20210PE.NFO,07/01/2020,11:30:00,12.75,12.5,12000,13.3,4000,0,184000
ADANIENT30JAN20210PE.NFO,07/01/2020,11:30:04,12.75,12.5,12000,13.3,8000,0,184000
ADANIENT30JAN20210PE.NFO,07/01/2020,11:30:08,12.75,12.5,20000,13.3,8000,0,184000
ADANIENT30JAN20210PE.NFO,07/01/2020,11:30:16,12.75,12.5,28000,13.3,8000,0,184000
ADANIENT30JAN20210PE.NFO,07/01/2020,11:30:27,12.75,12.5,28000,13.3,4000,0,184000
ADANIENT30JAN20210PE.NFO,07/01/2020,11:30:29,12.75,12.5,28000,13.25,4000,0,184000
ADANIENT30JAN20210PE.NFO,07/01/2020,11:30:31,12.75,12.5,28000,13.3,4000,0,184000
ADANIENT30JAN20210PE.NFO,07/01/2020,11:30:33,12.75,12.5,20000,13.4,4000,0,184000
ADANIENT30JAN20210PE.NFO,07/01/2020,11:30:35,12.75,12.5,20000,13.25,4000,0,184000
ADANIENT30JAN20210PE.NFO,07/01/2020,11:30:36,12.75,12.5,20000,13.35,4000,0,184000
ADANIENT30JAN20210PE.NFO,07/01/2020,11:30:38,12.75,12.5,20000,13.25,4000,0,184000
ADANIENT30JAN20210PE.NFO,07/01/2020,11:30:43,12.75,12.5,12000,13.35,4000,0,184000
ADANIENT30JAN20210PE.NFO,07/01/2020,11:30:45,12.75,12.5,12000,13.2,4000,0,184000
ADANIENT30JAN20210PE.NFO,07/01/2020,11:30:47,12.75,12.5,12000,13.35,4000,0,184000
ADANIENT30JAN20210PE.NFO,07/01/2020,11:30:50,12.75,12.5,12000,13.2,4000,0,184000
ADANIENT30JAN20210PE.NFO,07/01/2020,11:30:53,12.75,12.5,12000,13.2,8000,0,184000
ADANIENT30JAN20210PE.NFO,07/01/2020,11:30:55,12.75,12.4,36000,13.15,4000,0,184000
ADANIENT30JAN20210PE.NFO,07/01/2020,11:30:57,12.75,12.4,36000,13.3,4000,0,184000
ADANIENT30JAN20210PE.NFO,07/01/2020,11:30:59,12.75,12.4,4000,13.1,8000,0,184000
ADANIENT30JAN20210PE.NFO,07/01/2020,11:31:05,12.75,12.4,12000,13.1,8000,0,184000
ADANIENT30JAN20210PE.NFO,07/01/2020,11:31:11,12.75,12.25,12000,13,8000,0,184000
ADANIENT30JAN20210PE.NFO,07/01/2020,11:31:16,12.75,12.25,20000,13,8000,0,184000
ADANIENT30JAN20210PE.NFO,07/01/2020,11:31:28,12.75,12.3,16000,13,4000,0,184000
ADANIENT30JAN20210PE.NFO,07/01/2020,11:31:41,12.75,12.4,4000,13,8000,0,184000
ADANIENT30JAN20210PE.NFO,07/01/2020,11:31:45,12.75,12.35,4000,12.95,4000,0,184000
ADANIENT30JAN20210PE.NFO,07/01/2020,11:31:49,12.75,12.25,4000,12.9,4000,0,184000
ADANIENT30JAN20210PE.NFO,07/01/2020,11:31:55,12.75,12.25,4000,12.9,8000,0,184000
ADANIENT30JAN20210PE.NFO,07/01/2020,11:32:01,12.75,12.15,12000,12.9,4000,0,184000
ADANIENT30JAN20210PE.NFO,07/01/2020,11:32:06,12.75,12.25,12000,12.9,4000,0,184000
ADANIENT30JAN20210PE.NFO,07/01/2020,11:32:16,12.75,12.35,4000,12.95,4000,0,184000
ADANIENT30JAN20210PE.NFO,07/01/2020,11:32:20,12.75,12.35,4000,12.95,8000,0,184000
ADANIENT30JAN20210PE.NFO,07/01/2020,11:32:28,12.75,12.3,8000,12.95,4000,0,184000
ADANIENT30JAN20210PE.NFO,07/01/2020,11:32:32,12.75,12.35,20000,13,8000,0,184000
ADANIENT30JAN20210PE.NFO,07/01/2020,11:32:57,12.75,12.4,12000,13,8000,0,184000
ADANIENT30JAN20210PE.NFO,07/01/2020,11:33:04,12.75,12.3,32000,13,8000,0,184000
ADANIENT30JAN20210PE.NFO,07/01/2020,11:33:08,12.75,12.35,4000,12.95,4000,0,184000
ADANIENT30JAN20210PE.NFO,07/01/2020,11:33:11,12.75,12.2,4000,12.85,8000,0,184000
ADANIENT30JAN20210PE.NFO,07/01/2020,11:33:18,12.75,12.1,4000,12.65,4000,0,184000
ADANIENT30JAN20210PE.NFO,07/01/2020,11:33:22,12.75,12.05,4000,12.55,4000,0,184000
ADANIENT30JAN20210PE.NFO,07/01/2020,11:33:29,12.75,12,8000,12.55,4000,0,184000
ADANIENT30JAN20210PE.NFO,07/01/2020,11:33:49,12.75,12,8000,12.55,8000,0,184000
ADANIENT30JAN20210PE.NFO,07/01/2020,11:33:59,12.75,11.85,16000,12.45,4000,0,184000
ADANIENT30JAN20210PE.NFO,07/01/2020,11:34:04,12.75,11.9,20000,12.6,8000,0,184000
ADANIENT30JAN20210PE.NFO,07/01/2020,11:34:10,12.75,11.9,8000,12.5,8000,0,184000
ADANIENT30JAN20210PE.NFO,07/01/2020,11:34:17,12.75,11.9,16000,12.5,4000,0,184000
ADANIENT30JAN20210PE.NFO,07/01/2020,11:34:23,12.75,11.9,8000,12.5,4000,0,184000
ADANIENT30JAN20210PE.NFO,07/01/2020,11:34:35,12.75,11.95,12000,12.5,4000,0,184000
ADANIENT30JAN20210PE.NFO,07/01/2020,11:34:52,12.75,12,16000,12.5,4000,0,184000
ADANIENT30JAN20210PE.NFO,07/01/2020,11:34:57,12.75,12,4000,12.5,4000,0,184000
ADANIENT30JAN20210PE.NFO,07/01/2020,11:35:03,12.75,11.85,24000,12.5,4000,0,184000
ADANIENT30JAN20210PE.NFO,07/01/2020,11:35:14,12.75,11.9,8000,12.5,4000,0,184000
ADANIENT30JAN20210PE.NFO,07/01/2020,11:35:19,12.75,11.9,8000,12.5,8000,0,184000
ADANIENT30JAN20210PE.NFO,07/01/2020,11:35:35,12.75,11.75,24000,12.4,4000,0,184000
ADANIENT30JAN20210PE.NFO,07/01/2020,11:35:41,12.75,11.75,32000,12.4,4000,0,184000
ADANIENT30JAN20210PE.NFO,07/01/2020,11:35:50,12.75,11.75,24000,12.4,4000,0,184000
ADANIENT30JAN20210PE.NFO,07/01/2020,11:35:55,12.75,11.75,32000,12.4,4000,0,184000
ADANIENT30JAN20210PE.NFO,07/01/2020,11:36:23,12.75,11.85,16000,12.4,4000,0,184000
ADANIENT30JAN20210PE.NFO,07/01/2020,11:36:42,12.75,11.85,24000,12.4,4000,0,184000
ADANIENT30JAN20210PE.NFO,07/01/2020,11:36:54,12.75,11.85,24000,12.55,4000,0,184000
ADANIENT30JAN20210PE.NFO,07/01/2020,11:37:37,12.75,11.85,32000,12.55,4000,0,184000
ADANIENT30JAN20210PE.NFO,07/01/2020,11:37:42,12.75,11.9,12000,12.55,4000,0,184000
ADANIENT30JAN20210PE.NFO,07/01/2020,11:37:46,12.75,11.9,20000,12.55,4000,0,184000
ADANIENT30JAN20210PE.NFO,07/01/2020,11:37:51,12.75,11.95,28000,12.55,4000,0,184000
ADANIENT30JAN20210PE.NFO,07/01/2020,11:38:00,12.75,11.95,20000,12.55,4000,0,184000
ADANIENT30JAN20210PE.NFO,07/01/2020,11:38:07,12.75,11.9,16000,12.55,4000,0,184000
ADANIENT30JAN20210PE.NFO,07/01/2020,11:38:11,12.75,11.9,4000,12.55,4000,0,184000
ADANIENT30JAN20210PE.NFO,07/01/2020,11:38:15,12.75,11.95,16000,12.55,4000,0,184000
ADANIENT30JAN20210PE.NFO,07/01/2020,11:38:19,12.75,11.95,8000,12.55,8000,0,184000
ADANIENT30JAN20210PE.NFO,07/01/2020,11:38:22,12.75,11.8,36000,12.55,8000,0,184000
ADANIENT30JAN20210PE.NFO,07/01/2020,11:38:33,12.75,11.85,12000,12.45,4000,0,184000
ADANIENT30JAN20210PE.NFO,07/01/2020,11:38:36,12.75,11.85,8000,12.45,4000,0,184000
ADANIENT30JAN20210PE.NFO,07/01/2020,11:38:43,12.75,11.9,4000,12.45,4000,0,184000
ADANIENT30JAN20210PE.NFO,07/01/2020,11:39:07,12.75,11.85,8000,12.45,4000,0,184000
ADANIENT30JAN20210PE.NFO,07/01/2020,11:39:10,12.75,11.9,4000,12.45,4000,0,184000
ADANIENT30JAN20210PE.NFO,07/01/2020,11:39:24,12.75,11.9,28000,12.45,4000,0,184000
ADANIENT30JAN20210PE.NFO,07/01/2020,11:39:32,12.75,11.9,36000,12.5,4000,0,184000
ADANIENT30JAN20210PE.NFO,07/01/2020,11:39:43,12.75,11.95,28000,12.5,4000,0,184000
ADANIENT30JAN20210PE.NFO,07/01/2020,11:39:48,12.75,12.05,24000,12.6,4000,0,184000
ADANIENT30JAN20210PE.NFO,07/01/2020,11:40:02,12.75,12.1,12000,12.6,4000,0,184000
ADANIENT30JAN20210PE.NFO,07/01/2020,11:40:07,12.75,12.1,8000,12.65,4000,0,184000
ADANIENT30JAN20210PE.NFO,07/01/2020,11:40:31,12.75,12.15,28000,12.75,4000,0,184000
ADANIENT30JAN20210PE.NFO,07/01/2020,11:40:35,12.75,12.2,12000,12.75,4000,0,184000
ADANIENT30JAN20210PE.NFO,07/01/2020,11:40:56,12.75,12.2,8000,12.75,4000,0,184000
ADANIENT30JAN20210PE.NFO,07/01/2020,11:40:59,12.75,12.2,16000,12.75,4000,0,184000
ADANIENT30JAN20210PE.NFO,07/01/2020,11:41:08,12.75,12.2,16000,12.8,8000,0,184000
ADANIENT30JAN20210PE.NFO,07/01/2020,11:41:14,12.75,12.25,4000,12.8,8000,0,184000
ADANIENT30JAN20210PE.NFO,07/01/2020,11:41:18,12.75,12.2,8000,12.8,8000,0,184000
ADANIENT30JAN20210PE.NFO,07/01/2020,11:41:21,12.75,12.25,4000,12.8,8000,0,184000
ADANIENT30JAN20210PE.NFO,07/01/2020,11:41:23,12.75,12.2,8000,12.7,4000,0,184000
ADANIENT30JAN20210PE.NFO,07/01/2020,11:41:26,12.75,12.2,24000,12.7,4000,0,184000
ADANIENT30JAN20210PE.NFO,07/01/2020,11:41:31,12.75,12.25,12000,12.7,4000,0,184000
ADANIENT30JAN20210PE.NFO,07/01/2020,11:41:34,12.75,12.25,4000,12.8,8000,0,184000
ADANIENT30JAN20210PE.NFO,07/01/2020,11:41:40,12.75,12.2,8000,12.8,8000,0,184000
ADANIENT30JAN20210PE.NFO,07/01/2020,11:41:45,12.75,12.2,16000,12.8,8000,0,184000
ADANIENT30JAN20210PE.NFO,07/01/2020,11:41:47,12.75,12.2,8000,12.8,8000,0,184000
ADANIENT30JAN20210PE.NFO,07/01/2020,11:41:54,12.75,12.2,16000,12.8,8000,0,184000
ADANIENT30JAN20210PE.NFO,07/01/2020,11:42:00,12.75,12.25,12000,12.8,4000,0,184000
ADANIENT30JAN20210PE.NFO,07/01/2020,11:42:08,12.75,12.25,20000,12.8,4000,0,184000
ADANIENT30JAN20210PE.NFO,07/01/2020,11:42:16,12.75,12.2,16000,12.7,4000,0,184000
ADANIENT30JAN20210PE.NFO,07/01/2020,11:42:28,12.75,12.25,20000,12.8,4000,0,184000
ADANIENT30JAN20210PE.NFO,07/01/2020,11:42:32,12.75,12.2,16000,12.8,8000,0,184000
ADANIENT30JAN20210PE.NFO,07/01/2020,11:42:50,12.75,12.25,4000,12.8,8000,0,184000
ADANIENT30JAN20210PE.NFO,07/01/2020,11:43:00,12.75,12.2,16000,12.7,4000,0,184000
ADANIENT30JAN20210PE.NFO,07/01/2020,11:43:04,12.75,12.15,20000,12.7,4000,0,184000
ADANIENT30JAN20210PE.NFO,07/01/2020,11:43:07,12.75,12.15,28000,12.7,4000,0,184000
ADANIENT30JAN20210PE.NFO,07/01/2020,11:43:10,12.75,12.15,16000,12.7,4000,0,184000
ADANIENT30JAN20210PE.NFO,07/01/2020,11:43:13,12.75,12.2,20000,12.7,4000,0,184000
ADANIENT30JAN20210PE.NFO,07/01/2020,11:43:24,12.75,12.25,8000,12.7,4000,0,184000
ADANIENT30JAN20210PE.NFO,07/01/2020,11:43:26,12.75,12.4,4000,12.7,4000,0,184000
ADANIENT30JAN20210PE.NFO,07/01/2020,11:43:29,12.75,12.25,4000,12.7,4000,0,184000
ADANIENT30JAN20210PE.NFO,07/01/2020,11:44:42,12.75,12.25,4000,12.75,4000,0,184000
ADANIENT30JAN20210PE.NFO,07/01/2020,11:44:51,12.75,12.25,4000,12.75,8000,0,184000
ADANIENT30JAN20210PE.NFO,07/01/2020,11:44:54,12.75,12.25,4000,12.75,4000,0,184000
ADANIENT30JAN20210PE.NFO,07/01/2020,11:44:57,12.75,12.25,4000,12.75,8000,0,184000
ADANIENT30JAN20210PE.NFO,07/01/2020,11:45:09,12.75,12.35,4000,12.8,4000,0,184000
ADANIENT30JAN20210PE.NFO,07/01/2020,11:45:12,12.75,12.3,8000,12.8,4000,0,184000
ADANIENT30JAN20210PE.NFO,07/01/2020,11:45:14,12.75,12.3,8000,12.85,4000,0,184000
ADANIENT30JAN20210PE.NFO,07/01/2020,11:45:21,12.75,12.3,8000,12.85,8000,0,184000
ADANIENT30JAN20210PE.NFO,07/01/2020,11:45:41,12.75,12.3,8000,12.8,4000,0,184000
ADANIENT30JAN20210PE.NFO,07/01/2020,11:45:43,12.75,12.3,8000,12.8,8000,0,184000
ADANIENT30JAN20210PE.NFO,07/01/2020,11:45:49,12.75,12.3,8000,12.8,4000,0,184000
ADANIENT30JAN20210PE.NFO,07/01/2020,11:45:53,12.75,12.3,8000,12.8,8000,0,184000
ADANIENT30JAN20210PE.NFO,07/01/2020,11:46:00,12.75,12.3,16000,12.8,4000,0,184000
ADANIENT30JAN20210PE.NFO,07/01/2020,11:46:57,12.75,12.4,4000,12.8,4000,0,184000
ADANIENT30JAN20210PE.NFO,07/01/2020,11:47:10,12.75,12.55,4000,12.8,4000,0,184000
ADANIENT30JAN20210PE.NFO,07/01/2020,11:47:14,12.75,12.6,8000,12.8,4000,0,184000
ADANIENT30JAN20210PE.NFO,07/01/2020,11:47:17,12.75,12.7,4000,12.8,4000,0,184000
ADANIENT30JAN20210PE.NFO,07/01/2020,11:47:19,12.75,12.65,8000,12.8,4000,0,184000
ADANIENT30JAN20210PE.NFO,07/01/2020,11:47:22,12.75,12.65,4000,12.8,4000,0,184000
ADANIENT30JAN20210PE.NFO,07/01/2020,11:47:36,12.75,12.65,8000,12.8,4000,0,184000
ADANIENT30JAN20210PE.NFO,07/01/2020,11:47:42,12.75,12.65,8000,12.95,4000,0,184000
ADANIENT30JAN20210PE.NFO,07/01/2020,11:48:00,12.75,12.7,8000,12.95,4000,0,184000
ADANIENT30JAN20210PE.NFO,07/01/2020,11:48:04,12.75,12.75,4000,12.95,4000,0,184000
ADANIENT30JAN20210PE.NFO,07/01/2020,11:48:10,12.75,12.8,4000,12.95,4000,0,184000
ADANIENT30JAN20210PE.NFO,07/01/2020,11:48:14,12.75,12.8,8000,12.95,4000,0,184000
ADANIENT30JAN20210PE.NFO,07/01/2020,11:48:18,12.75,12.85,8000,13.2,4000,0,184000
ADANIENT30JAN20210PE.NFO,07/01/2020,11:48:25,12.75,12.75,8000,13.2,4000,0,184000
ADANIENT30JAN20210PE.NFO,07/01/2020,11:48:28,12.75,12.8,4000,13.2,4000,0,184000
ADANIENT30JAN20210PE.NFO,07/01/2020,11:48:52,12.75,12.85,4000,13.2,4000,0,184000
ADANIENT30JAN20210PE.NFO,07/01/2020,11:48:55,12.75,12.8,8000,13.2,4000,0,184000
ADANIENT30JAN20210PE.NFO,07/01/2020,11:48:58,12.75,12.85,4000,13.2,4000,0,184000
ADANIENT30JAN20210PE.NFO,07/01/2020,11:50:13,12.75,12.8,8000,13.2,4000,0,184000
ADANIENT30JAN20210PE.NFO,07/01/2020,11:50:18,12.75,12.85,4000,13.2,4000,0,184000
ADANIENT30JAN20210PE.NFO,07/01/2020,11:50:23,12.75,12.6,4000,13.2,4000,0,184000
ADANIENT30JAN20210PE.NFO,07/01/2020,11:50:27,12.75,12.55,4000,13.2,4000,0,184000
ADANIENT30JAN20210PE.NFO,07/01/2020,11:50:30,12.75,12.55,4000,13.1,4000,0,184000
ADANIENT30JAN20210PE.NFO,07/01/2020,11:50:34,12.75,12.55,8000,13.1,4000,0,184000
ADANIENT30JAN20210PE.NFO,07/01/2020,11:51:05,12.75,12.45,4000,13,4000,0,184000
ADANIENT30JAN20210PE.NFO,07/01/2020,11:51:10,12.75,12.35,4000,12.9,4000,0,184000
ADANIENT30JAN20210PE.NFO,07/01/2020,11:51:31,12.75,12.25,8000,12.8,4000,0,184000
ADANIENT30JAN20210PE.NFO,07/01/2020,11:51:43,12.75,12.25,8000,13,4000,0,184000
ADANIENT30JAN20210PE.NFO,07/01/2020,11:53:10,12.75,12.15,4000,13,4000,0,184000
ADANIENT30JAN20210PE.NFO,07/01/2020,11:53:13,12.75,12.2,4000,13,4000,0,184000
ADANIENT30JAN20210PE.NFO,07/01/2020,11:53:16,12.75,12.4,4000,13,4000,0,184000
ADANIENT30JAN20210PE.NFO,07/01/2020,11:53:19,12.75,12.2,4000,13,4000,0,184000
ADANIENT30JAN20210PE.NFO,07/01/2020,11:53:27,12.75,12.35,4000,13,4000,0,184000
ADANIENT30JAN20210PE.NFO,07/01/2020,11:53:30,12.75,12.4,4000,13,4000,0,184000
ADANIENT30JAN20210PE.NFO,07/01/2020,11:53:33,12.75,12.4,4000,13.2,4000,0,184000
ADANIENT30JAN20210PE.NFO,07/01/2020,11:53:36,12.75,12.35,8000,13.1,4000,0,184000
ADANIENT30JAN20210PE.NFO,07/01/2020,11:53:47,12.75,12.35,8000,13.1,8000,0,184000
ADANIENT30JAN20210PE.NFO,07/01/2020,11:54:11,12.75,12.35,8000,12.95,4000,0,184000
ADANIENT30JAN20210PE.NFO,07/01/2020,11:55:27,12.75,12.35,8000,13,8000,0,184000
ADANIENT30JAN20210PE.NFO,07/01/2020,11:55:50,12.75,12.35,8000,12.9,4000,0,184000
ADANIENT30JAN20210PE.NFO,07/01/2020,11:55:56,12.75,12.35,8000,12.95,4000,0,184000
ADANIENT30JAN20210PE.NFO,07/01/2020,11:56:07,12.75,12.35,8000,13.05,4000,0,184000
ADANIENT30JAN20210PE.NFO,07/01/2020,11:56:12,12.75,12.35,8000,13,4000,0,184000
ADANIENT30JAN20210PE.NFO,07/01/2020,11:56:14,12.75,12.4,8000,13.05,4000,0,184000
ADANIENT30JAN20210PE.NFO,07/01/2020,11:56:16,12.75,12.5,8000,13.05,8000,0,184000
ADANIENT30JAN20210PE.NFO,07/01/2020,11:56:21,12.75,12.65,8000,13.05,4000,0,184000
ADANIENT30JAN20210PE.NFO,07/01/2020,11:56:23,12.75,12.7,4000,13.05,4000,0,184000
ADANIENT30JAN20210PE.NFO,07/01/2020,11:56:34,12.75,12.65,4000,13.05,4000,0,184000
ADANIENT30JAN20210PE.NFO,07/01/2020,11:56:49,12.75,12.7,4000,13.05,4000,0,184000
ADANIENT30JAN20210PE.NFO,07/01/2020,11:56:51,12.75,12.65,4000,13.05,4000,0,184000
ADANIENT30JAN20210PE.NFO,07/01/2020,11:57:12,12.75,12.65,8000,13.05,4000,0,184000
ADANIENT30JAN20210PE.NFO,07/01/2020,11:57:14,12.75,12.7,4000,13.05,4000,0,184000
ADANIENT30JAN20210PE.NFO,07/01/2020,11:57:23,12.75,12.65,4000,13,8000,0,184000
ADANIENT30JAN20210PE.NFO,07/01/2020,11:57:32,12.75,12.65,8000,13,8000,0,184000
ADANIENT30JAN20210PE.NFO,07/01/2020,11:57:36,12.75,12.65,8000,13.05,4000,0,184000
ADANIENT30JAN20210PE.NFO,07/01/2020,11:57:40,12.75,12.7,4000,13.05,4000,0,184000
ADANIENT30JAN20210PE.NFO,07/01/2020,11:57:43,12.75,12.65,8000,13.05,4000,0,184000
ADANIENT30JAN20210PE.NFO,07/01/2020,11:57:50,12.75,12.75,8000,13.1,8000,0,184000
ADANIENT30JAN20210PE.NFO,07/01/2020,11:57:54,12.75,12.75,4000,13.1,8000,0,184000
ADANIENT30JAN20210PE.NFO,07/01/2020,11:58:06,12.75,12.8,4000,13.1,8000,0,184000
ADANIENT30JAN20210PE.NFO,07/01/2020,11:58:12,12.75,12.7,4000,13.1,8000,0,184000
ADANIENT30JAN20210PE.NFO,07/01/2020,11:58:15,12.75,12.7,4000,13,4000,0,184000
ADANIENT30JAN20210PE.NFO,07/01/2020,11:58:18,12.75,12.7,4000,13.05,4000,0,184000
ADANIENT30JAN20210PE.NFO,07/01/2020,11:58:22,12.75,12.7,4000,13,4000,0,184000
ADANIENT30JAN20210PE.NFO,07/01/2020,11:58:27,12.75,12.7,4000,13.25,4000,0,184000
ADANIENT30JAN20210PE.NFO,07/01/2020,11:58:30,12.75,12.7,4000,13.15,8000,0,184000
ADANIENT30JAN20210PE.NFO,07/01/2020,11:59:27,12.75,12.75,4000,13.15,8000,0,184000
ADANIENT30JAN20210PE.NFO,07/01/2020,11:59:30,12.75,12.7,4000,13.15,8000,0,184000
ADANIENT30JAN20210PE.NFO,07/01/2020,11:59:47,12.75,12.75,4000,13.15,8000,0,184000
ADANIENT30JAN20210PE.NFO,07/01/2020,12:00:12,12.75,12.8,4000,13.15,8000,0,184000
ADANIENT30JAN20210PE.NFO,07/01/2020,12:00:17,12.75,12.75,8000,13.15,8000,0,184000
ADANIENT30JAN20210PE.NFO,07/01/2020,12:00:21,12.75,12.8,4000,13.15,8000,0,184000
ADANIENT30JAN20210PE.NFO,07/01/2020,12:01:10,12.75,12.75,4000,13.15,8000,0,184000
ADANIENT30JAN20210PE.NFO,07/01/2020,12:01:20,12.75,12.8,4000,13.15,8000,0,184000
ADANIENT30JAN20210PE.NFO,07/01/2020,12:01:23,12.75,12.75,4000,13.15,8000,0,184000
ADANIENT30JAN20210PE.NFO,07/01/2020,12:02:19,12.75,12.8,4000,13.15,8000,0,184000
ADANIENT30JAN20210PE.NFO,07/01/2020,12:02:21,12.75,12.75,4000,13.15,4000,0,184000
ADANIENT30JAN20210PE.NFO,07/01/2020,12:02:31,12.75,12.45,4000,13.15,4000,0,184000
ADANIENT30JAN20210PE.NFO,07/01/2020,12:02:38,12.75,12.5,4000,13.15,4000,0,184000
ADANIENT30JAN20210PE.NFO,07/01/2020,12:02:44,12.75,12.5,8000,13.15,4000,0,184000
ADANIENT30JAN20210PE.NFO,07/01/2020,12:02:49,12.75,12.6,4000,13.15,4000,0,184000
ADANIENT30JAN20210PE.NFO,07/01/2020,12:03:02,12.75,12.55,8000,13.15,4000,0,184000
ADANIENT30JAN20210PE.NFO,07/01/2020,12:03:05,12.75,12.35,4000,13.15,4000,0,184000
ADANIENT30JAN20210PE.NFO,07/01/2020,12:03:10,12.75,12.35,4000,13.35,4000,0,184000
ADANIENT30JAN20210PE.NFO,07/01/2020,12:03:14,12.75,12.5,4000,13.35,4000,0,184000
ADANIENT30JAN20210PE.NFO,07/01/2020,12:03:18,12.75,12.7,4000,13.35,4000,0,184000
ADANIENT30JAN20210PE.NFO,07/01/2020,12:03:21,12.75,12.7,8000,13.35,4000,0,184000
ADANIENT30JAN20210PE.NFO,07/01/2020,12:03:25,12.75,12.8,4000,13.35,4000,0,184000
ADANIENT30JAN20210PE.NFO,07/01/2020,12:03:29,12.75,12.75,8000,13.35,4000,0,184000
ADANIENT30JAN20210PE.NFO,07/01/2020,12:03:41,12.75,12.75,4000,13.35,4000,0,184000
ADANIENT30JAN20210PE.NFO,07/01/2020,12:03:48,12.75,12.8,4000,13.35,4000,0,184000
ADANIENT30JAN20210PE.NFO,07/01/2020,12:04:03,12.75,12.8,4000,13.35,8000,0,184000
ADANIENT30JAN20210PE.NFO,07/01/2020,12:04:15,12.75,12.75,4000,13.35,8000,0,184000
ADANIENT30JAN20210PE.NFO,07/01/2020,12:04:18,12.75,12.75,4000,13.25,8000,0,184000
ADANIENT30JAN20210PE.NFO,07/01/2020,12:04:28,12.75,12.7,4000,13.25,8000,0,184000
ADANIENT30JAN20210PE.NFO,07/01/2020,12:04:53,12.75,12.75,4000,13.25,8000,0,184000
ADANIENT30JAN20210PE.NFO,07/01/2020,12:04:59,12.75,12.7,4000,13.25,8000,0,184000
ADANIENT30JAN20210PE.NFO,07/01/2020,12:05:05,12.75,12.7,4000,13.35,16000,0,184000
ADANIENT30JAN20210PE.NFO,07/01/2020,12:05:10,12.75,12.7,4000,13.3,12000,0,184000
ADANIENT30JAN20210PE.NFO,07/01/2020,12:05:16,12.75,12.7,4000,13.15,4000,0,184000
ADANIENT30JAN20210PE.NFO,07/01/2020,12:05:18,12.75,12.7,4000,13.2,4000,0,184000
ADANIENT30JAN20210PE.NFO,07/01/2020,12:05:21,12.75,12.7,4000,13.15,4000,0,184000
ADANIENT30JAN20210PE.NFO,07/01/2020,12:05:25,12.75,12.7,4000,13.3,12000,0,184000
ADANIENT30JAN20210PE.NFO,07/01/2020,12:05:54,12.75,12.75,4000,13.3,4000,0,184000
ADANIENT30JAN20210PE.NFO,07/01/2020,12:06:18,12.75,12.7,4000,13.2,4000,0,184000
ADANIENT30JAN20210PE.NFO,07/01/2020,12:06:47,12.75,12.65,4000,13.2,4000,0,184000
ADANIENT30JAN20210PE.NFO,07/01/2020,12:06:50,12.75,12.7,4000,13.2,4000,0,184000
ADANIENT30JAN20210PE.NFO,07/01/2020,12:07:01,12.75,12.65,4000,13.2,4000,0,184000
ADANIENT30JAN20210PE.NFO,07/01/2020,12:07:56,12.75,12.65,4000,13.15,4000,0,184000
ADANIENT30JAN20210PE.NFO,07/01/2020,12:08:09,12.75,12.6,4000,13.15,4000,0,184000
ADANIENT30JAN20210PE.NFO,07/01/2020,12:08:13,12.75,12.55,4000,13.05,4000,0,184000
ADANIENT30JAN20210PE.NFO,07/01/2020,12:08:20,12.75,12.45,8000,13.05,4000,0,184000
ADANIENT30JAN20210PE.NFO,07/01/2020,12:09:26,12.75,12.45,8000,13,4000,0,184000
ADANIENT30JAN20210PE.NFO,07/01/2020,12:09:29,12.75,12.45,8000,13.05,8000,0,184000
ADANIENT30JAN20210PE.NFO,07/01/2020,12:09:32,12.75,12.45,8000,12.9,4000,0,184000
ADANIENT30JAN20210PE.NFO,07/01/2020,12:09:35,12.75,12.45,8000,12.95,8000,0,184000
ADANIENT30JAN20210PE.NFO,07/01/2020,12:09:38,12.75,12.45,8000,12.9,4000,0,184000
ADANIENT30JAN20210PE.NFO,07/01/2020,12:09:51,12.75,12.45,8000,13,4000,0,184000
ADANIENT30JAN20210PE.NFO,07/01/2020,12:10:02,12.75,12.45,8000,13.05,8000,0,184000
ADANIENT30JAN20210PE.NFO,07/01/2020,12:11:01,12.75,12.45,8000,12.95,8000,0,184000
ADANIENT30JAN20210PE.NFO,07/01/2020,12:11:50,12.75,12.45,8000,12.85,4000,0,184000
ADANIENT30JAN20210PE.NFO,07/01/2020,12:11:55,12.75,12.45,8000,12.9,4000,0,184000
ADANIENT30JAN20210PE.NFO,07/01/2020,12:13:08,12.75,12.2,4000,12.85,4000,0,184000
ADANIENT30JAN20210PE.NFO,07/01/2020,12:13:16,12.75,12.4,4000,12.85,4000,0,184000
ADANIENT30JAN20210PE.NFO,07/01/2020,12:13:22,12.75,12.5,4000,12.85,4000,0,184000
ADANIENT30JAN20210PE.NFO,07/01/2020,12:13:26,12.75,12.55,4000,12.85,4000,0,184000
ADANIENT30JAN20210PE.NFO,07/01/2020,12:13:31,12.75,12.55,4000,12.9,4000,0,184000
ADANIENT30JAN20210PE.NFO,07/01/2020,12:13:35,12.75,12.55,4000,12.85,4000,0,184000
ADANIENT30JAN20210PE.NFO,07/01/2020,12:13:46,12.75,12.55,4000,12.9,4000,0,184000
ADANIENT30JAN20210PE.NFO,07/01/2020,12:13:52,12.75,12.55,4000,12.85,4000,0,184000
ADANIENT30JAN20210PE.NFO,07/01/2020,12:13:55,12.75,12.55,4000,12.9,4000,0,184000
ADANIENT30JAN20210PE.NFO,07/01/2020,12:13:58,12.75,12.55,4000,12.85,4000,0,184000
ADANIENT30JAN20210PE.NFO,07/01/2020,12:14:03,12.75,12.6,8000,12.95,8000,0,184000
ADANIENT30JAN20210PE.NFO,07/01/2020,12:14:09,12.75,12.6,4000,12.95,8000,0,184000
ADANIENT30JAN20210PE.NFO,07/01/2020,12:14:13,12.75,12.6,8000,12.95,8000,0,184000
ADANIENT30JAN20210PE.NFO,07/01/2020,12:14:18,12.75,12.6,4000,12.95,8000,0,184000
ADANIENT30JAN20210PE.NFO,07/01/2020,12:14:47,12.75,12.55,4000,12.9,4000,0,184000
ADANIENT30JAN20210PE.NFO,07/01/2020,12:14:50,12.75,12.6,4000,12.95,8000,0,184000
ADANIENT30JAN20210PE.NFO,07/01/2020,12:14:58,12.75,12.65,4000,12.95,8000,0,184000
ADANIENT30JAN20210PE.NFO,07/01/2020,12:15:02,12.75,12.6,4000,12.95,8000,0,184000
ADANIENT30JAN20210PE.NFO,07/01/2020,12:15:19,12.75,12.6,8000,12.95,8000,0,184000
ADANIENT30JAN20210PE.NFO,07/01/2020,12:15:24,12.75,12.6,4000,12.95,8000,0,184000
ADANIENT30JAN20210PE.NFO,07/01/2020,12:15:37,12.75,12.65,8000,13,4000,0,184000
ADANIENT30JAN20210PE.NFO,07/01/2020,12:15:41,12.75,12.65,4000,13,4000,0,184000
ADANIENT30JAN20210PE.NFO,07/01/2020,12:15:47,12.75,12.65,8000,13,4000,0,184000
ADANIENT30JAN20210PE.NFO,07/01/2020,12:19:05,12.75,12.55,4000,13,8000,0,184000
ADANIENT30JAN20210PE.NFO,07/01/2020,12:19:21,12.75,12.55,4000,12.9,4000,0,184000
ADANIENT30JAN20210PE.NFO,07/01/2020,12:19:24,12.75,12.6,4000,12.9,4000,0,184000
ADANIENT30JAN20210PE.NFO,07/01/2020,12:19:36,12.75,12.25,4000,12.9,4000,0,184000
ADANIENT30JAN20210PE.NFO,07/01/2020,12:19:42,12.75,12.5,4000,12.9,4000,0,184000
ADANIENT30JAN20210PE.NFO,07/01/2020,12:19:47,12.75,12.55,4000,12.9,4000,0,184000
ADANIENT30JAN20210PE.NFO,07/01/2020,12:20:25,12.75,12.5,4000,12.9,4000,0,184000
ADANIENT30JAN20210PE.NFO,07/01/2020,12:20:31,12.75,12.55,4000,12.9,4000,0,184000
ADANIENT30JAN20210PE.NFO,07/01/2020,12:20:45,12.75,12.55,4000,12.85,4000,0,184000
ADANIENT30JAN20210PE.NFO,07/01/2020,12:20:54,12.75,12.5,4000,12.85,4000,0,184000
ADANIENT30JAN20210PE.NFO,07/01/2020,12:20:57,12.75,12.5,4000,12.9,4000,0,184000
ADANIENT30JAN20210PE.NFO,07/01/2020,12:21:01,12.75,12.25,4000,12.85,4000,0,184000
ADANIENT30JAN20210PE.NFO,07/01/2020,12:21:07,12.75,12.15,4000,12.95,8000,0,184000
ADANIENT30JAN20210PE.NFO,07/01/2020,12:21:09,12.75,12.15,4000,12.9,4000,0,184000
ADANIENT30JAN20210PE.NFO,07/01/2020,12:21:11,12.75,12.25,4000,12.9,4000,0,184000
ADANIENT30JAN20210PE.NFO,07/01/2020,12:21:14,12.75,12.2,4000,12.85,4000,0,184000
ADANIENT30JAN20210PE.NFO,07/01/2020,12:21:17,12.75,12.25,4000,12.9,4000,0,184000
ADANIENT30JAN20210PE.NFO,07/01/2020,12:21:19,12.75,12.2,4000,12.85,4000,0,184000
ADANIENT30JAN20210PE.NFO,07/01/2020,12:21:22,12.75,12.25,4000,12.9,4000,0,184000
ADANIENT30JAN20210PE.NFO,07/01/2020,12:21:25,12.75,12.15,4000,12.85,4000,0,184000
ADANIENT30JAN20210PE.NFO,07/01/2020,12:21:28,12.75,12.15,4000,12.9,4000,0,184000
ADANIENT30JAN20210PE.NFO,07/01/2020,12:21:30,12.75,12.1,8000,12.9,4000,0,184000
ADANIENT30JAN20210PE.NFO,07/01/2020,12:21:33,12.75,12.15,4000,12.9,4000,0,184000
ADANIENT30JAN20210PE.NFO,07/01/2020,12:21:46,12.75,12.15,4000,12.85,4000,0,184000
ADANIENT30JAN20210PE.NFO,07/01/2020,12:21:49,12.75,12.15,4000,12.9,4000,0,184000
ADANIENT30JAN20210PE.NFO,07/01/2020,12:21:51,12.75,12.15,4000,12.85,4000,0,184000
ADANIENT30JAN20210PE.NFO,07/01/2020,12:21:53,12.75,12.15,4000,12.9,4000,0,184000
ADANIENT30JAN20210PE.NFO,07/01/2020,12:21:55,12.75,12.15,4000,12.85,4000,0,184000
ADANIENT30JAN20210PE.NFO,07/01/2020,12:21:58,12.75,12.15,4000,12.9,4000,0,184000
ADANIENT30JAN20210PE.NFO,07/01/2020,12:22:02,12.75,12.15,12000,12.85,4000,0,184000
ADANIENT30JAN20210PE.NFO,07/01/2020,12:22:07,12.75,12.15,12000,12.9,4000,0,184000
ADANIENT30JAN20210PE.NFO,07/01/2020,12:22:10,12.75,12.15,12000,12.85,4000,0,184000
ADANIENT30JAN20210PE.NFO,07/01/2020,12:22:13,12.75,12.15,12000,12.9,4000,0,184000
ADANIENT30JAN20210PE.NFO,07/01/2020,12:22:16,12.75,12.1,8000,12.85,4000,0,184000
ADANIENT30JAN20210PE.NFO,07/01/2020,12:22:18,12.75,12.1,8000,12.9,4000,0,184000
ADANIENT30JAN20210PE.NFO,07/01/2020,12:22:19,12.75,12.1,8000,12.85,4000,0,184000
ADANIENT30JAN20210PE.NFO,07/01/2020,12:22:23,12.75,12.1,8000,12.9,4000,0,184000
ADANIENT30JAN20210PE.NFO,07/01/2020,12:22:24,12.75,12.1,8000,12.85,4000,0,184000
ADANIENT30JAN20210PE.NFO,07/01/2020,12:22:28,12.75,12.1,8000,12.9,4000,0,184000
ADANIENT30JAN20210PE.NFO,07/01/2020,12:22:33,12.75,12.15,4000,12.9,4000,0,184000
ADANIENT30JAN20210PE.NFO,07/01/2020,12:22:36,12.75,12.1,8000,12.9,4000,0,184000
ADANIENT30JAN20210PE.NFO,07/01/2020,12:22:41,12.75,12.1,8000,12.85,4000,0,184000
ADANIENT30JAN20210PE.NFO,07/01/2020,12:22:45,12.75,12.1,8000,12.9,4000,0,184000
ADANIENT30JAN20210PE.NFO,07/01/2020,12:22:49,12.75,12.15,12000,12.9,4000,0,184000
ADANIENT30JAN20210PE.NFO,07/01/2020,12:23:04,12.75,12.15,12000,12.85,4000,0,184000
ADANIENT30JAN20210PE.NFO,07/01/2020,12:23:07,12.75,12.15,12000,12.9,4000,0,184000
ADANIENT30JAN20210PE.NFO,07/01/2020,12:23:20,12.75,12.1,8000,12.8,4000,0,184000
ADANIENT30JAN20210PE.NFO,07/01/2020,12:23:25,12.75,12.1,8000,12.8,8000,0,184000
ADANIENT30JAN20210PE.NFO,07/01/2020,12:23:41,12.75,12.15,12000,12.8,4000,0,184000
ADANIENT30JAN20210PE.NFO,07/01/2020,12:23:51,12.75,12.1,12000,12.8,8000,0,184000
ADANIENT30JAN20210PE.NFO,07/01/2020,12:24:03,12.75,12.1,20000,12.8,8000,0,184000
ADANIENT30JAN20210PE.NFO,07/01/2020,12:24:08,12.75,12.1,12000,12.8,8000,0,184000
ADANIENT30JAN20210PE.NFO,07/01/2020,12:24:14,12.75,11.95,52000,12.7,8000,0,184000
ADANIENT30JAN20210PE.NFO,07/01/2020,12:24:19,12.75,11.95,48000,12.7,4000,0,184000
ADANIENT30JAN20210PE.NFO,07/01/2020,12:24:25,12.75,12.1,12000,12.7,4000,0,184000
ADANIENT30JAN20210PE.NFO,07/01/2020,12:25:38,12.75,12.1,8000,12.7,4000,0,184000
ADANIENT30JAN20210PE.NFO,07/01/2020,12:25:42,12.75,12.05,28000,12.7,4000,0,184000
ADANIENT30JAN20210PE.NFO,07/01/2020,12:25:46,12.75,12.05,44000,12.7,4000,0,184000
ADANIENT30JAN20210PE.NFO,07/01/2020,12:25:55,12.75,12.05,28000,12.7,4000,0,184000
ADANIENT30JAN20210PE.NFO,07/01/2020,12:26:08,12.75,12.05,44000,12.7,4000,0,184000
ADANIENT30JAN20210PE.NFO,07/01/2020,12:26:42,12.75,12.1,48000,12.7,4000,0,184000
ADANIENT30JAN20210PE.NFO,07/01/2020,12:26:49,12.75,12.1,48000,12.85,8000,0,184000
ADANIENT30JAN20210PE.NFO,07/01/2020,12:26:51,12.75,12.1,48000,12.85,4000,0,184000
ADANIENT30JAN20210PE.NFO,07/01/2020,12:27:02,12.75,12.15,52000,12.85,4000,0,184000
ADANIENT30JAN20210PE.NFO,07/01/2020,12:27:19,12.75,12.4,4000,12.85,4000,0,184000
ADANIENT30JAN20210PE.NFO,07/01/2020,12:27:22,12.75,12.5,8000,12.85,4000,0,184000
ADANIENT30JAN20210PE.NFO,07/01/2020,12:27:24,12.75,12.65,8000,12.85,4000,0,184000
ADANIENT30JAN20210PE.NFO,07/01/2020,12:27:26,12.75,12.65,4000,12.85,4000,0,184000
ADANIENT30JAN20210PE.NFO,07/01/2020,12:28:03,12.75,12.65,8000,12.85,4000,0,184000
ADANIENT30JAN20210PE.NFO,07/01/2020,12:28:20,12.75,12.35,4000,12.85,4000,0,184000
ADANIENT30JAN20210PE.NFO,07/01/2020,12:28:24,12.75,12.55,4000,12.85,4000,0,184000
ADANIENT30JAN20210PE.NFO,07/01/2020,12:28:27,12.75,12.65,8000,12.85,4000,0,184000
ADANIENT30JAN20210PE.NFO,07/01/2020,12:28:55,12.75,12.75,8000,13.1,4000,0,184000
ADANIENT30JAN20210PE.NFO,07/01/2020,12:29:07,12.75,12.8,8000,13.1,4000,0,184000
ADANIENT30JAN20210PE.NFO,07/01/2020,12:29:15,12.75,12.8,4000,13.1,4000,0,184000
ADANIENT30JAN20210PE.NFO,07/01/2020,12:29:29,12.75,12.75,4000,13.1,4000,0,184000
ADANIENT30JAN20210PE.NFO,07/01/2020,12:29:57,12.75,12.8,4000,13.1,4000,0,184000
ADANIENT30JAN20210PE.NFO,07/01/2020,12:30:01,12.75,12.75,4000,13.1,4000,0,184000
ADANIENT30JAN20210PE.NFO,07/01/2020,12:30:11,12.75,12.8,4000,13.1,4000,0,184000
ADANIENT30JAN20210PE.NFO,07/01/2020,12:30:16,12.75,12.75,4000,13.1,4000,0,184000
ADANIENT30JAN20210PE.NFO,07/01/2020,12:30:21,12.75,12.8,4000,13.1,4000,0,184000
ADANIENT30JAN20210PE.NFO,07/01/2020,12:30:33,12.75,12.75,4000,13.1,4000,0,184000
ADANIENT30JAN20210PE.NFO,07/01/2020,12:30:45,12.75,12.8,4000,13.1,4000,0,184000
ADANIENT30JAN20210PE.NFO,07/01/2020,12:30:53,12.75,12.75,4000,13.1,4000,0,184000
ADANIENT30JAN20210PE.NFO,07/01/2020,12:32:12,12.75,12.8,4000,13.1,4000,0,184000
ADANIENT30JAN20210PE.NFO,07/01/2020,12:32:27,12.75,12.85,4000,13.35,4000,0,184000
ADANIENT30JAN20210PE.NFO,07/01/2020,12:32:34,12.75,12.9,4000,13.35,4000,0,184000
ADANIENT30JAN20210PE.NFO,07/01/2020,12:32:40,12.75,12.85,4000,13.35,4000,0,184000
ADANIENT30JAN20210PE.NFO,07/01/2020,12:32:49,12.75,12.8,8000,13.35,4000,0,184000
ADANIENT30JAN20210PE.NFO,07/01/2020,12:32:57,12.75,12.75,8000,13.35,4000,0,184000
ADANIENT30JAN20210PE.NFO,07/01/2020,12:33:05,12.75,12.55,4000,13.35,4000,0,184000
ADANIENT30JAN20210PE.NFO,07/01/2020,12:33:09,12.75,12.6,8000,13.35,4000,0,184000
ADANIENT30JAN20210PE.NFO,07/01/2020,12:33:14,12.75,12.65,8000,13.35,4000,0,184000
ADANIENT30JAN20210PE.NFO,07/01/2020,12:33:29,12.75,12.65,4000,13.25,4000,0,184000
ADANIENT30JAN20210PE.NFO,07/01/2020,12:34:00,12.75,12.65,8000,13.25,4000,0,184000
ADANIENT30JAN20210PE.NFO,07/01/2020,12:34:30,12.75,12.65,4000,13.25,4000,0,184000
ADANIENT30JAN20210PE.NFO,07/01/2020,12:34:35,12.75,12.6,4000,13.25,4000,0,184000
ADANIENT30JAN20210PE.NFO,07/01/2020,12:34:48,12.75,12.6,4000,13.4,44000,0,184000
ADANIENT30JAN20210PE.NFO,07/01/2020,12:34:51,12.75,12.6,4000,13.25,4000,0,184000
ADANIENT30JAN20210PE.NFO,07/01/2020,12:34:54,12.75,12.6,4000,13.2,4000,0,184000
ADANIENT30JAN20210PE.NFO,07/01/2020,12:34:59,12.75,12.6,4000,13.25,4000,0,184000
ADANIENT30JAN20210PE.NFO,07/01/2020,12:35:03,12.75,12.55,8000,13.1,4000,0,184000
ADANIENT30JAN20210PE.NFO,07/01/2020,12:35:06,12.75,12.3,4000,13.2,8000,0,184000
ADANIENT30JAN20210PE.NFO,07/01/2020,12:35:09,12.75,12.25,4000,13.2,8000,0,184000
ADANIENT30JAN20210PE.NFO,07/01/2020,12:35:17,12.75,12.2,4000,13.2,8000,0,184000
ADANIENT30JAN20210PE.NFO,07/01/2020,12:35:22,12.75,12.15,8000,13.05,4000,0,184000
ADANIENT30JAN20210PE.NFO,07/01/2020,12:35:24,12.75,12.15,8000,13.3,64000,0,184000
ADANIENT30JAN20210PE.NFO,07/01/2020,12:35:26,12.75,12.15,8000,13.05,4000,0,184000
ADANIENT30JAN20210PE.NFO,07/01/2020,12:35:28,12.75,12.05,40000,13.05,4000,0,184000
ADANIENT30JAN20210PE.NFO,07/01/2020,12:35:45,12.75,12.15,16000,13,4000,0,184000
ADANIENT30JAN20210PE.NFO,07/01/2020,12:35:50,12.75,12.15,16000,13.15,16000,0,184000
ADANIENT30JAN20210PE.NFO,07/01/2020,12:35:52,12.75,12.15,16000,13,4000,0,184000
ADANIENT30JAN20210PE.NFO,07/01/2020,12:35:55,12.75,12.15,8000,13.05,8000,0,184000
ADANIENT30JAN20210PE.NFO,07/01/2020,12:36:26,12.75,12.15,32000,13.25,16000,0,184000
ADANIENT30JAN20210PE.NFO,07/01/2020,12:36:29,12.75,12.15,16000,13,4000,0,184000
ADANIENT30JAN20210PE.NFO,07/01/2020,12:36:31,12.75,12.15,16000,13.25,12000,0,184000
ADANIENT30JAN20210PE.NFO,07/01/2020,12:36:33,12.75,12.15,16000,13,4000,0,184000
ADANIENT30JAN20210PE.NFO,07/01/2020,12:36:36,12.75,12.15,16000,13.15,8000,0,184000
ADANIENT30JAN20210PE.NFO,07/01/2020,12:37:36,12.75,12.15,16000,13.05,8000,0,184000
ADANIENT30JAN20210PE.NFO,07/01/2020,12:37:40,12.75,12.15,8000,13.05,8000,0,184000
ADANIENT30JAN20210PE.NFO,07/01/2020,12:38:06,12.75,12.15,8000,12.9,4000,0,184000
ADANIENT30JAN20210PE.NFO,07/01/2020,12:38:10,12.75,12.15,8000,12.95,8000,0,184000
ADANIENT30JAN20210PE.NFO,07/01/2020,12:38:13,12.75,12.15,8000,13,8000,0,184000
ADANIENT30JAN20210PE.NFO,07/01/2020,12:38:16,12.75,12.15,8000,12.9,4000,0,184000
ADANIENT30JAN20210PE.NFO,07/01/2020,12:38:21,12.75,12.15,8000,12.9,8000,0,184000
ADANIENT30JAN20210PE.NFO,07/01/2020,12:38:45,12.75,12.15,8000,12.85,4000,0,184000
ADANIENT30JAN20210PE.NFO,07/01/2020,12:38:49,12.75,12.15,8000,12.85,8000,0,184000
ADANIENT30JAN20210PE.NFO,07/01/2020,12:39:00,12.75,12.15,8000,13,8000,0,184000
ADANIENT30JAN20210PE.NFO,07/01/2020,12:39:55,12.75,12.15,8000,12.9,8000,0,184000
ADANIENT30JAN20210PE.NFO,07/01/2020,12:41:21,12.75,12.2,12000,12.9,8000,0,184000
ADANIENT30JAN20210PE.NFO,07/01/2020,12:41:55,12.75,12.2,16000,12.9,8000,0,184000
ADANIENT30JAN20210PE.NFO,07/01/2020,12:42:28,12.75,12.25,4000,12.9,8000,0,184000
ADANIENT30JAN20210PE.NFO,07/01/2020,12:42:37,12.75,12.25,8000,12.9,8000,0,184000
ADANIENT30JAN20210PE.NFO,07/01/2020,12:42:57,12.75,12.2,8000,12.9,8000,0,184000
ADANIENT30JAN20210PE.NFO,07/01/2020,12:43:40,12.75,12.2,8000,12.8,4000,0,184000
ADANIENT30JAN20210PE.NFO,07/01/2020,12:43:44,12.75,12.2,8000,12.9,8000,0,184000
ADANIENT30JAN20210PE.NFO,07/01/2020,12:44:52,12.75,12.05,24000,12.9,8000,0,184000
ADANIENT30JAN20210PE.NFO,07/01/2020,12:45:02,12.75,12.15,4000,12.9,8000,0,184000
ADANIENT30JAN20210PE.NFO,07/01/2020,12:45:06,12.75,12.15,4000,12.85,4000,0,184000
ADANIENT30JAN20210PE.NFO,07/01/2020,12:45:08,12.75,12.15,4000,13,8000,0,184000
ADANIENT30JAN20210PE.NFO,07/01/2020,12:45:16,12.75,12.1,24000,13,4000,0,184000
ADANIENT30JAN20210PE.NFO,07/01/2020,12:45:19,12.75,12.15,4000,13,8000,0,184000
ADANIENT30JAN20210PE.NFO,07/01/2020,12:45:31,12.75,12.1,24000,13,8000,0,184000
ADANIENT30JAN20210PE.NFO,07/01/2020,12:45:33,12.75,12.1,32000,13,8000,0,184000
ADANIENT30JAN20210PE.NFO,07/01/2020,12:45:35,12.75,12.15,28000,12.85,4000,0,184000
ADANIENT30JAN20210PE.NFO,07/01/2020,12:45:37,12.75,12.15,36000,13.1,8000,0,184000
ADANIENT30JAN20210PE.NFO,07/01/2020,12:45:39,12.75,12.15,36000,13.25,28000,0,184000
ADANIENT30JAN20210PE.NFO,07/01/2020,12:45:42,12.75,12.15,36000,12.95,4000,0,184000
ADANIENT30JAN20210PE.NFO,07/01/2020,12:45:44,12.75,12.15,36000,13.25,28000,0,184000
ADANIENT30JAN20210PE.NFO,07/01/2020,12:45:48,12.75,12.15,20000,12.95,8000,0,184000
ADANIENT30JAN20210PE.NFO,07/01/2020,12:45:54,12.75,12,36000,13.1,16000,0,184000
ADANIENT30JAN20210PE.NFO,07/01/2020,12:45:59,12.75,12,36000,12.9,4000,0,184000
ADANIENT30JAN20210PE.NFO,07/01/2020,12:46:03,12.75,12,36000,12.85,4000,0,184000
ADANIENT30JAN20210PE.NFO,07/01/2020,12:46:06,12.75,12,36000,12.9,4000,0,184000
ADANIENT30JAN20210PE.NFO,07/01/2020,12:46:09,12.75,12,36000,13.1,8000,0,184000
ADANIENT30JAN20210PE.NFO,07/01/2020,12:46:12,12.75,12,36000,13,4000,0,184000
ADANIENT30JAN20210PE.NFO,07/01/2020,12:46:15,12.75,12,36000,12.9,4000,0,184000
ADANIENT30JAN20210PE.NFO,07/01/2020,12:46:19,12.75,12,28000,13.05,4000,0,184000
ADANIENT30JAN20210PE.NFO,07/01/2020,12:46:23,12.75,12,28000,12.9,4000,0,184000
ADANIENT30JAN20210PE.NFO,07/01/2020,12:46:26,12.75,12,28000,13.05,4000,0,184000
ADANIENT30JAN20210PE.NFO,07/01/2020,12:46:31,12.75,12,28000,13.1,8000,0,184000
ADANIENT30JAN20210PE.NFO,07/01/2020,12:46:33,12.75,12,28000,12.9,4000,0,184000
ADANIENT30JAN20210PE.NFO,07/01/2020,12:46:36,12.75,12,28000,13.1,8000,0,184000
ADANIENT30JAN20210PE.NFO,07/01/2020,12:46:39,12.75,12,28000,12.9,4000,0,184000
ADANIENT30JAN20210PE.NFO,07/01/2020,12:46:42,12.75,12,28000,13.1,8000,0,184000
ADANIENT30JAN20210PE.NFO,07/01/2020,12:46:53,12.75,12,28000,12.85,4000,0,184000
ADANIENT30JAN20210PE.NFO,07/01/2020,12:46:57,12.75,12,28000,13,4000,0,184000
ADANIENT30JAN20210PE.NFO,07/01/2020,12:47:02,12.75,12,28000,12.85,4000,0,184000
ADANIENT30JAN20210PE.NFO,07/01/2020,12:47:05,12.75,12,28000,12.95,4000,0,184000
ADANIENT30JAN20210PE.NFO,07/01/2020,12:47:08,12.75,12,28000,13,4000,0,184000
ADANIENT30JAN20210PE.NFO,07/01/2020,12:47:12,12.75,12,28000,12.9,4000,0,184000
ADANIENT30JAN20210PE.NFO,07/01/2020,12:47:21,12.75,12,28000,13.05,12000,0,184000
ADANIENT30JAN20210PE.NFO,07/01/2020,12:47:31,12.75,12,20000,12.85,4000,0,184000
ADANIENT30JAN20210PE.NFO,07/01/2020,12:47:34,12.75,12,20000,12.8,4000,0,184000
ADANIENT30JAN20210PE.NFO,07/01/2020,12:47:38,12.75,11.95,20000,12.8,4000,0,184000
ADANIENT30JAN20210PE.NFO,07/01/2020,12:47:42,12.75,11.95,20000,12.95,8000,0,184000
ADANIENT30JAN20210PE.NFO,07/01/2020,12:47:46,12.75,11.95,20000,12.8,4000,0,184000
ADANIENT30JAN20210PE.NFO,07/01/2020,12:47:49,12.75,11.95,20000,13,12000,0,184000
ADANIENT30JAN20210PE.NFO,07/01/2020,12:47:55,12.75,11.95,20000,12.75,4000,0,184000
ADANIENT30JAN20210PE.NFO,07/01/2020,12:47:58,12.75,11.95,20000,12.8,4000,0,184000
ADANIENT30JAN20210PE.NFO,07/01/2020,12:48:01,12.75,11.95,16000,12.9,8000,0,184000
ADANIENT30JAN20210PE.NFO,07/01/2020,12:48:06,12.75,12,4000,12.85,8000,0,184000
ADANIENT30JAN20210PE.NFO,07/01/2020,12:48:11,12.75,11.95,16000,12.85,4000,0,184000
ADANIENT30JAN20210PE.NFO,07/01/2020,12:48:17,12.75,12,4000,12.7,4000,0,184000
ADANIENT30JAN20210PE.NFO,07/01/2020,12:48:22,12.75,12,12000,13,12000,0,184000
ADANIENT30JAN20210PE.NFO,07/01/2020,12:48:26,12.75,12,20000,12.75,4000,0,184000
ADANIENT30JAN20210PE.NFO,07/01/2020,12:48:30,12.75,12,20000,12.9,4000,0,184000
ADANIENT30JAN20210PE.NFO,07/01/2020,12:48:34,12.75,12,20000,13,16000,0,184000
ADANIENT30JAN20210PE.NFO,07/01/2020,12:48:37,12.75,12,16000,12.75,4000,0,184000
ADANIENT30JAN20210PE.NFO,07/01/2020,12:48:40,12.75,12,16000,12.9,8000,0,184000
ADANIENT30JAN20210PE.NFO,07/01/2020,12:48:43,12.75,12,16000,13,4000,0,184000
ADANIENT30JAN20210PE.NFO,07/01/2020,12:48:51,12.75,12,16000,12.8,4000,0,184000
ADANIENT30JAN20210PE.NFO,07/01/2020,12:48:55,12.75,11.95,16000,12.8,8000,0,184000
ADANIENT30JAN20210PE.NFO,07/01/2020,12:49:17,12.75,11.95,16000,12.9,4000,0,184000
ADANIENT30JAN20210PE.NFO,07/01/2020,12:49:24,12.75,11.95,16000,12.65,4000,0,184000
ADANIENT30JAN20210PE.NFO,07/01/2020,12:49:27,12.75,11.95,16000,12.8,4000,0,184000
ADANIENT30JAN20210PE.NFO,07/01/2020,12:49:29,12.75,11.95,16000,12.95,4000,0,184000
ADANIENT30JAN20210PE.NFO,07/01/2020,12:49:31,12.75,11.95,16000,12.85,4000,0,184000
ADANIENT30JAN20210PE.NFO,07/01/2020,12:49:33,12.75,11.95,16000,12.7,4000,0,184000
ADANIENT30JAN20210PE.NFO,07/01/2020,12:49:35,12.75,11.95,16000,12.95,4000,0,184000
ADANIENT30JAN20210PE.NFO,07/01/2020,12:49:37,12.75,11.95,16000,12.85,4000,0,184000
ADANIENT30JAN20210PE.NFO,07/01/2020,12:49:39,12.75,11.95,16000,12.95,4000,0,184000
ADANIENT30JAN20210PE.NFO,07/01/2020,12:49:41,12.75,11.95,16000,12.75,4000,0,184000
ADANIENT30JAN20210PE.NFO,07/01/2020,12:49:43,12.75,11.95,16000,12.7,4000,0,184000
