Ticker,Date,Time,LTP,BuyPrice,BuyQty,SellPrice,SellQty,LTQ,OpenInterest
ADANIENT30JAN20215CE.NFO,07/01/2020,09:19:07,4.5,4.45,12000,4.8,4000,4000,240000
ADANIENT30JAN20215CE.NFO,07/01/2020,09:19:07,4.5,4.45,12000,4.8,4000,0,240000
ADANIENT30JAN20215CE.NFO,07/01/2020,09:19:07,4.5,4.45,12000,4.8,4000,0,240000
ADANIENT30JAN20215CE.NFO,07/01/2020,09:19:07,4.5,4.45,12000,4.8,4000,0,240000
ADANIENT30JAN20215CE.NFO,07/01/2020,09:19:23,4.5,4.55,12000,4.95,4000,0,240000
ADANIENT30JAN20215CE.NFO,07/01/2020,09:19:31,4.5,4.6,4000,4.95,4000,0,240000
ADANIENT30JAN20215CE.NFO,07/01/2020,09:19:38,4.5,4.6,20000,5,4000,0,240000
ADANIENT30JAN20215CE.NFO,07/01/2020,09:19:46,4.5,4.6,4000,4.95,4000,0,240000
ADANIENT30JAN20215CE.NFO,07/01/2020,09:19:54,4.5,4.6,4000,4.95,8000,0,240000
ADANIENT30JAN20215CE.NFO,07/01/2020,09:20:02,4.5,4.65,4000,4.9,4000,0,240000
ADANIENT30JAN20215CE.NFO,07/01/2020,09:20:10,4.5,4.65,4000,4.9,8000,0,240000
ADANIENT30JAN20215CE.NFO,07/01/2020,09:20:18,4.5,4.65,4000,4.9,4000,0,240000
ADANIENT30JAN20215CE.NFO,07/01/2020,09:20:34,4.5,4.65,4000,4.95,12000,0,240000
ADANIENT30JAN20215CE.NFO,07/01/2020,09:20:41,4.5,4.65,4000,4.9,4000,0,240000
ADANIENT30JAN20215CE.NFO,07/01/2020,09:20:49,4.5,4.65,4000,4.9,8000,0,240000
ADANIENT30JAN20215CE.NFO,07/01/2020,09:20:56,4.65,4.5,4000,4.95,12000,4000,240000
ADANIENT30JAN20215CE.NFO,07/01/2020,09:20:56,4.65,4.5,4000,4.95,12000,0,240000
ADANIENT30JAN20215CE.NFO,07/01/2020,09:21:04,4.65,4.5,4000,4.85,12000,0,240000
ADANIENT30JAN20215CE.NFO,07/01/2020,09:21:11,4.65,4.5,4000,4.85,8000,0,240000
ADANIENT30JAN20215CE.NFO,07/01/2020,09:21:19,4.65,4.55,4000,4.85,4000,0,240000
ADANIENT30JAN20215CE.NFO,07/01/2020,09:21:27,4.65,4.5,4000,4.85,12000,0,240000
ADANIENT30JAN20215CE.NFO,07/01/2020,09:21:41,4.65,4.5,4000,4.8,4000,0,240000
ADANIENT30JAN20215CE.NFO,07/01/2020,09:22:09,4.65,4.4,12000,4.8,8000,0,240000
ADANIENT30JAN20215CE.NFO,07/01/2020,09:22:17,4.65,4.45,8000,4.75,4000,0,240000
ADANIENT30JAN20215CE.NFO,07/01/2020,09:22:24,4.65,4.5,4000,4.8,8000,0,240000
ADANIENT30JAN20215CE.NFO,07/01/2020,09:22:31,4.65,4.45,4000,4.75,4000,0,240000
ADANIENT30JAN20215CE.NFO,07/01/2020,09:22:38,4.65,4.35,4000,4.7,8000,0,240000
ADANIENT30JAN20215CE.NFO,07/01/2020,09:22:45,4.65,4.3,4000,4.65,4000,0,240000
ADANIENT30JAN20215CE.NFO,07/01/2020,09:22:51,4.65,4.35,4000,4.65,4000,0,240000
ADANIENT30JAN20215CE.NFO,07/01/2020,09:22:57,4.65,4.35,4000,4.6,16000,0,240000
ADANIENT30JAN20215CE.NFO,07/01/2020,09:23:03,4.65,4.4,4000,4.65,8000,0,240000
ADANIENT30JAN20215CE.NFO,07/01/2020,09:23:10,4.65,4.4,4000,4.6,4000,0,240000
ADANIENT30JAN20215CE.NFO,07/01/2020,09:23:17,4.65,4.4,4000,4.6,8000,0,240000
ADANIENT30JAN20215CE.NFO,07/01/2020,09:23:24,4.65,4.35,4000,4.6,8000,0,240000
ADANIENT30JAN20215CE.NFO,07/01/2020,09:23:30,4.65,4.35,4000,4.6,12000,0,240000
ADANIENT30JAN20215CE.NFO,07/01/2020,09:23:37,4.65,4.35,4000,4.6,16000,0,240000
ADANIENT30JAN20215CE.NFO,07/01/2020,09:23:44,4.65,4.3,4000,4.55,4000,0,240000
ADANIENT30JAN20215CE.NFO,07/01/2020,09:23:50,4.65,4.25,4000,4.55,4000,0,240000
ADANIENT30JAN20215CE.NFO,07/01/2020,09:23:57,4.65,4.3,4000,4.55,4000,0,240000
ADANIENT30JAN20215CE.NFO,07/01/2020,09:24:04,4.65,4.3,4000,4.6,8000,0,240000
ADANIENT30JAN20215CE.NFO,07/01/2020,09:24:11,4.65,4.25,4000,4.5,8000,0,240000
ADANIENT30JAN20215CE.NFO,07/01/2020,09:24:25,4.65,4.25,4000,4.45,4000,0,240000
ADANIENT30JAN20215CE.NFO,07/01/2020,09:24:45,4.65,4.25,4000,4.5,8000,0,240000
ADANIENT30JAN20215CE.NFO,07/01/2020,09:24:51,4.65,4.25,4000,4.55,4000,0,240000
ADANIENT30JAN20215CE.NFO,07/01/2020,09:24:57,4.65,4.2,4000,4.45,4000,0,240000
ADANIENT30JAN20215CE.NFO,07/01/2020,09:25:04,4.65,4.2,4000,4.55,12000,0,240000
ADANIENT30JAN20215CE.NFO,07/01/2020,09:25:11,4.65,4.2,4000,4.5,12000,0,240000
ADANIENT30JAN20215CE.NFO,07/01/2020,09:25:26,4.65,4.2,4000,4.4,4000,0,240000
ADANIENT30JAN20215CE.NFO,07/01/2020,09:25:33,4.65,4.25,4000,4.5,4000,0,240000
ADANIENT30JAN20215CE.NFO,07/01/2020,09:25:40,4.65,4.15,4000,4.5,8000,0,240000
ADANIENT30JAN20215CE.NFO,07/01/2020,09:25:51,4.65,4.2,4000,4.5,4000,0,240000
ADANIENT30JAN20215CE.NFO,07/01/2020,09:26:03,4.65,4.25,4000,4.5,4000,0,240000
ADANIENT30JAN20215CE.NFO,07/01/2020,09:26:18,4.65,4.25,4000,4.55,8000,0,240000
ADANIENT30JAN20215CE.NFO,07/01/2020,09:26:29,4.65,4.3,4000,4.5,4000,0,240000
ADANIENT30JAN20215CE.NFO,07/01/2020,09:26:36,4.65,4.35,4000,4.6,8000,0,240000
ADANIENT30JAN20215CE.NFO,07/01/2020,09:26:42,4.65,4.3,4000,4.55,16000,0,240000
ADANIENT30JAN20215CE.NFO,07/01/2020,09:26:48,4.65,4.3,4000,4.55,12000,0,240000
ADANIENT30JAN20215CE.NFO,07/01/2020,09:26:53,4.65,4.3,4000,4.55,4000,0,240000
ADANIENT30JAN20215CE.NFO,07/01/2020,09:26:58,4.65,4.3,4000,4.55,12000,0,240000
ADANIENT30JAN20215CE.NFO,07/01/2020,09:27:03,4.65,4.25,4000,4.5,4000,0,240000
ADANIENT30JAN20215CE.NFO,07/01/2020,09:27:14,4.65,4.3,4000,4.5,4000,0,240000
ADANIENT30JAN20215CE.NFO,07/01/2020,09:27:20,4.65,4.25,4000,4.5,4000,0,240000
ADANIENT30JAN20215CE.NFO,07/01/2020,09:27:49,4.65,4.2,4000,4.45,4000,0,240000
ADANIENT30JAN20215CE.NFO,07/01/2020,09:28:02,4.65,4.25,4000,4.4,8000,0,240000
ADANIENT30JAN20215CE.NFO,07/01/2020,09:28:11,4.65,4.2,4000,4.4,8000,0,240000
ADANIENT30JAN20215CE.NFO,07/01/2020,09:28:17,4.65,4.2,4000,4.4,4000,0,240000
ADANIENT30JAN20215CE.NFO,07/01/2020,09:28:23,4.65,4.15,4000,4.4,4000,0,240000
ADANIENT30JAN20215CE.NFO,07/01/2020,09:28:29,4.65,4.2,4000,4.4,4000,0,240000
ADANIENT30JAN20215CE.NFO,07/01/2020,09:28:34,4.65,4.2,4000,4.35,4000,0,240000
ADANIENT30JAN20215CE.NFO,07/01/2020,09:28:40,4.65,4.15,4000,4.35,4000,0,240000
ADANIENT30JAN20215CE.NFO,07/01/2020,09:28:51,4.65,4.2,4000,4.4,8000,0,240000
ADANIENT30JAN20215CE.NFO,07/01/2020,09:29:03,4.65,4.2,4000,4.35,4000,0,240000
ADANIENT30JAN20215CE.NFO,07/01/2020,09:29:09,4.65,4.25,4000,4.35,4000,0,240000
ADANIENT30JAN20215CE.NFO,07/01/2020,09:29:15,4.65,4.25,4000,4.4,4000,0,240000
ADANIENT30JAN20215CE.NFO,07/01/2020,09:29:21,4.65,4.2,4000,4.4,4000,0,240000
ADANIENT30JAN20215CE.NFO,07/01/2020,09:29:27,4.65,4.25,4000,4.4,4000,0,240000
ADANIENT30JAN20215CE.NFO,07/01/2020,09:29:32,4.65,4.15,4000,4.35,8000,0,240000
ADANIENT30JAN20215CE.NFO,07/01/2020,09:29:39,4.65,4.15,4000,4.4,8000,0,240000
ADANIENT30JAN20215CE.NFO,07/01/2020,09:29:52,4.65,4.2,4000,4.4,8000,0,240000
ADANIENT30JAN20215CE.NFO,07/01/2020,09:29:57,4.65,4.25,4000,4.45,8000,0,240000
ADANIENT30JAN20215CE.NFO,07/01/2020,09:30:03,4.65,4.25,4000,4.45,4000,0,240000
ADANIENT30JAN20215CE.NFO,07/01/2020,09:30:10,4.65,4.25,8000,4.45,8000,0,240000
ADANIENT30JAN20215CE.NFO,07/01/2020,09:30:35,4.65,4.2,4000,4.45,12000,0,240000
ADANIENT30JAN20215CE.NFO,07/01/2020,09:30:45,4.65,4.25,4000,4.45,8000,0,240000
ADANIENT30JAN20215CE.NFO,07/01/2020,09:30:56,4.65,4.2,4000,4.45,8000,0,240000
ADANIENT30JAN20215CE.NFO,07/01/2020,09:31:01,4.65,4.25,4000,4.5,4000,0,240000
ADANIENT30JAN20215CE.NFO,07/01/2020,09:31:08,4.65,4.35,8000,4.55,4000,0,240000
ADANIENT30JAN20215CE.NFO,07/01/2020,09:31:14,4.65,4.4,4000,4.6,12000,0,240000
ADANIENT30JAN20215CE.NFO,07/01/2020,09:31:20,4.65,4.35,8000,4.55,8000,0,240000
ADANIENT30JAN20215CE.NFO,07/01/2020,09:31:26,4.65,4.35,8000,4.55,4000,0,240000
ADANIENT30JAN20215CE.NFO,07/01/2020,09:31:37,4.65,4.35,8000,4.55,8000,0,240000
ADANIENT30JAN20215CE.NFO,07/01/2020,09:31:47,4.65,4.3,4000,4.55,8000,0,240000
ADANIENT30JAN20215CE.NFO,07/01/2020,09:31:52,4.65,4.35,12000,4.55,8000,0,240000
ADANIENT30JAN20215CE.NFO,07/01/2020,09:32:12,4.65,4.35,4000,4.55,12000,0,240000
ADANIENT30JAN20215CE.NFO,07/01/2020,09:32:17,4.65,4.4,4000,4.55,8000,0,240000
ADANIENT30JAN20215CE.NFO,07/01/2020,09:32:23,4.65,4.4,4000,4.55,4000,0,240000
ADANIENT30JAN20215CE.NFO,07/01/2020,09:32:30,4.65,4.35,4000,4.55,4000,0,240000
ADANIENT30JAN20215CE.NFO,07/01/2020,09:32:35,4.65,4.35,4000,4.55,12000,0,240000
ADANIENT30JAN20215CE.NFO,07/01/2020,09:33:21,4.65,4.35,8000,4.55,12000,0,240000
ADANIENT30JAN20215CE.NFO,07/01/2020,09:33:26,4.65,4.35,4000,4.55,12000,0,240000
ADANIENT30JAN20215CE.NFO,07/01/2020,09:33:37,4.65,4.35,4000,4.55,4000,0,240000
ADANIENT30JAN20215CE.NFO,07/01/2020,09:33:48,4.65,4.4,4000,4.55,4000,0,240000
ADANIENT30JAN20215CE.NFO,07/01/2020,09:33:53,4.65,4.45,4000,4.55,4000,0,240000
ADANIENT30JAN20215CE.NFO,07/01/2020,09:34:03,4.65,4.35,4000,4.55,8000,0,240000
ADANIENT30JAN20215CE.NFO,07/01/2020,09:34:08,4.65,4.35,4000,4.5,8000,0,240000
ADANIENT30JAN20215CE.NFO,07/01/2020,09:34:14,4.65,4.35,4000,4.55,12000,0,240000
ADANIENT30JAN20215CE.NFO,07/01/2020,09:34:24,4.65,4.35,4000,4.55,16000,0,240000
ADANIENT30JAN20215CE.NFO,07/01/2020,09:34:34,4.65,4.3,4000,4.5,16000,0,240000
ADANIENT30JAN20215CE.NFO,07/01/2020,09:34:39,4.65,4.25,4000,4.45,4000,0,240000
ADANIENT30JAN20215CE.NFO,07/01/2020,09:34:54,4.65,4.3,8000,4.5,12000,0,240000
ADANIENT30JAN20215CE.NFO,07/01/2020,09:35:04,4.65,4.35,8000,4.5,4000,0,240000
ADANIENT30JAN20215CE.NFO,07/01/2020,09:35:29,4.65,4.3,8000,4.5,12000,0,240000
ADANIENT30JAN20215CE.NFO,07/01/2020,09:35:35,4.65,4.25,4000,4.45,4000,0,240000
ADANIENT30JAN20215CE.NFO,07/01/2020,09:35:41,4.65,4.2,4000,4.4,4000,0,240000
ADANIENT30JAN20215CE.NFO,07/01/2020,09:35:55,4.65,4.3,4000,4.5,12000,0,240000
ADANIENT30JAN20215CE.NFO,07/01/2020,09:36:02,4.65,4.3,8000,4.5,12000,0,240000
ADANIENT30JAN20215CE.NFO,07/01/2020,09:36:19,4.65,4.3,8000,4.5,8000,0,240000
ADANIENT30JAN20215CE.NFO,07/01/2020,09:36:35,4.65,4.3,8000,4.5,4000,0,240000
ADANIENT30JAN20215CE.NFO,07/01/2020,09:37:00,4.65,4.3,8000,4.45,12000,0,240000
ADANIENT30JAN20215CE.NFO,07/01/2020,09:37:05,4.65,4.3,8000,4.5,4000,0,240000
ADANIENT30JAN20215CE.NFO,07/01/2020,09:37:10,4.65,4.25,4000,4.45,8000,0,240000
ADANIENT30JAN20215CE.NFO,07/01/2020,09:37:15,4.65,4.3,4000,4.45,12000,0,240000
ADANIENT30JAN20215CE.NFO,07/01/2020,09:37:19,4.65,4.25,4000,4.45,12000,0,240000
ADANIENT30JAN20215CE.NFO,07/01/2020,09:37:25,4.65,4.25,8000,4.45,12000,0,240000
ADANIENT30JAN20215CE.NFO,07/01/2020,09:38:03,4.65,4.3,8000,4.45,4000,0,240000
ADANIENT30JAN20215CE.NFO,07/01/2020,09:38:08,4.65,4.35,4000,4.5,4000,0,240000
ADANIENT30JAN20215CE.NFO,07/01/2020,09:38:18,4.65,4.3,8000,4.45,4000,0,240000
ADANIENT30JAN20215CE.NFO,07/01/2020,09:38:22,4.65,4.3,4000,4.45,4000,0,240000
ADANIENT30JAN20215CE.NFO,07/01/2020,09:38:27,4.65,4.3,4000,4.45,8000,0,240000
ADANIENT30JAN20215CE.NFO,07/01/2020,09:39:25,4.65,4.4,4000,4.55,4000,0,240000
ADANIENT30JAN20215CE.NFO,07/01/2020,09:39:36,4.4,4.3,8000,4.5,4000,4000,240000
ADANIENT30JAN20215CE.NFO,07/01/2020,09:39:36,4.4,4.3,8000,4.5,4000,0,240000
ADANIENT30JAN20215CE.NFO,07/01/2020,09:39:40,4.4,4.3,8000,4.45,4000,0,240000
ADANIENT30JAN20215CE.NFO,07/01/2020,09:40:04,4.4,4.3,8000,4.5,4000,0,240000
ADANIENT30JAN20215CE.NFO,07/01/2020,09:40:21,4.4,4.3,4000,4.45,4000,0,240000
ADANIENT30JAN20215CE.NFO,07/01/2020,09:40:26,4.4,4.3,8000,4.5,4000,0,240000
ADANIENT30JAN20215CE.NFO,07/01/2020,09:40:31,4.4,4.3,4000,4.45,4000,0,240000
ADANIENT30JAN20215CE.NFO,07/01/2020,09:40:37,4.4,4.25,8000,4.45,4000,0,240000
ADANIENT30JAN20215CE.NFO,07/01/2020,09:40:47,4.4,4.3,8000,4.5,4000,0,240000
ADANIENT30JAN20215CE.NFO,07/01/2020,09:40:56,4.4,4.35,8000,4.55,8000,0,240000
ADANIENT30JAN20215CE.NFO,07/01/2020,09:41:16,4.4,4.35,4000,4.55,8000,0,240000
ADANIENT30JAN20215CE.NFO,07/01/2020,09:42:02,4.4,4.3,4000,4.5,16000,0,240000
ADANIENT30JAN20215CE.NFO,07/01/2020,09:42:08,4.4,4.3,4000,4.5,20000,0,240000
ADANIENT30JAN20215CE.NFO,07/01/2020,09:42:22,4.4,4.3,4000,4.45,4000,0,240000
ADANIENT30JAN20215CE.NFO,07/01/2020,09:42:29,4.4,4.3,8000,4.5,4000,0,240000
ADANIENT30JAN20215CE.NFO,07/01/2020,09:42:36,4.4,4.3,8000,4.5,12000,0,240000
ADANIENT30JAN20215CE.NFO,07/01/2020,09:42:43,4.4,4.3,12000,4.5,12000,0,240000
ADANIENT30JAN20215CE.NFO,07/01/2020,09:42:49,4.4,4.3,12000,4.5,8000,0,240000
ADANIENT30JAN20215CE.NFO,07/01/2020,09:43:01,4.4,4.3,12000,4.5,4000,0,240000
ADANIENT30JAN20215CE.NFO,07/01/2020,09:43:06,4.4,4.3,8000,4.5,4000,0,240000
ADANIENT30JAN20215CE.NFO,07/01/2020,09:43:12,4.4,4.3,12000,4.5,4000,0,240000
ADANIENT30JAN20215CE.NFO,07/01/2020,09:43:23,4.4,4.3,4000,4.5,4000,0,240000
ADANIENT30JAN20215CE.NFO,07/01/2020,09:43:28,4.4,4.3,8000,4.5,4000,0,240000
ADANIENT30JAN20215CE.NFO,07/01/2020,09:43:33,4.4,4.3,4000,4.5,4000,4000,236000
ADANIENT30JAN20215CE.NFO,07/01/2020,09:43:42,4.4,4.3,4000,4.5,4000,0,236000
ADANIENT30JAN20215CE.NFO,07/01/2020,09:43:52,4.4,4.3,4000,4.45,8000,0,236000
ADANIENT30JAN20215CE.NFO,07/01/2020,09:43:57,4.4,4.3,4000,4.45,12000,0,236000
ADANIENT30JAN20215CE.NFO,07/01/2020,09:44:03,4.4,4.3,8000,4.5,8000,0,236000
ADANIENT30JAN20215CE.NFO,07/01/2020,09:44:08,4.4,4.25,4000,4.45,12000,0,236000
ADANIENT30JAN20215CE.NFO,07/01/2020,09:44:19,4.4,4.25,8000,4.45,12000,0,236000
ADANIENT30JAN20215CE.NFO,07/01/2020,09:44:24,4.4,4.3,4000,4.45,12000,0,236000
ADANIENT30JAN20215CE.NFO,07/01/2020,09:44:30,4.4,4.3,4000,4.5,8000,0,236000
ADANIENT30JAN20215CE.NFO,07/01/2020,09:44:35,4.4,4.25,4000,4.5,12000,0,236000
ADANIENT30JAN20215CE.NFO,07/01/2020,09:44:41,4.4,4.25,4000,4.5,16000,0,236000
ADANIENT30JAN20215CE.NFO,07/01/2020,09:44:46,4.4,4.2,8000,4.35,4000,0,236000
ADANIENT30JAN20215CE.NFO,07/01/2020,09:44:52,4.4,4.2,8000,4.4,4000,0,236000
ADANIENT30JAN20215CE.NFO,07/01/2020,09:44:57,4.4,4.15,4000,4.35,8000,0,236000
ADANIENT30JAN20215CE.NFO,07/01/2020,09:45:03,4.4,4.25,8000,4.45,4000,0,236000
ADANIENT30JAN20215CE.NFO,07/01/2020,09:45:08,4.4,4.3,4000,4.5,8000,0,236000
ADANIENT30JAN20215CE.NFO,07/01/2020,09:45:15,4.4,4.25,4000,4.45,8000,0,236000
ADANIENT30JAN20215CE.NFO,07/01/2020,09:45:21,4.4,4.25,4000,4.45,4000,0,236000
ADANIENT30JAN20215CE.NFO,07/01/2020,09:45:26,4.4,4.3,4000,4.45,4000,0,236000
ADANIENT30JAN20215CE.NFO,07/01/2020,09:45:32,4.4,4.25,4000,4.45,4000,0,236000
ADANIENT30JAN20215CE.NFO,07/01/2020,09:46:13,4.4,4.25,8000,4.5,8000,0,236000
ADANIENT30JAN20215CE.NFO,07/01/2020,09:46:28,4.4,4.25,4000,4.45,8000,0,236000
ADANIENT30JAN20215CE.NFO,07/01/2020,09:46:45,4.4,4.25,4000,4.45,16000,0,236000
ADANIENT30JAN20215CE.NFO,07/01/2020,09:46:58,4.4,4.25,4000,4.4,4000,0,236000
ADANIENT30JAN20215CE.NFO,07/01/2020,09:47:02,4.4,4.25,4000,4.45,4000,0,236000
ADANIENT30JAN20215CE.NFO,07/01/2020,09:47:07,4.4,4.25,4000,4.45,12000,0,236000
ADANIENT30JAN20215CE.NFO,07/01/2020,09:47:12,4.4,4.25,4000,4.4,4000,0,236000
ADANIENT30JAN20215CE.NFO,07/01/2020,09:47:21,4.4,4.25,4000,4.45,8000,0,236000
ADANIENT30JAN20215CE.NFO,07/01/2020,09:47:42,4.4,4.25,12000,4.5,8000,0,236000
ADANIENT30JAN20215CE.NFO,07/01/2020,09:48:01,4.4,4.3,4000,4.5,12000,0,236000
ADANIENT30JAN20215CE.NFO,07/01/2020,09:48:06,4.4,4.3,8000,4.5,16000,0,236000
ADANIENT30JAN20215CE.NFO,07/01/2020,09:48:14,4.4,4.35,4000,4.55,8000,0,236000
ADANIENT30JAN20215CE.NFO,07/01/2020,09:48:18,4.4,4.3,4000,4.5,16000,0,236000
ADANIENT30JAN20215CE.NFO,07/01/2020,09:48:22,4.4,4.3,4000,4.45,4000,0,236000
ADANIENT30JAN20215CE.NFO,07/01/2020,09:48:30,4.4,4.3,4000,4.5,4000,0,236000
ADANIENT30JAN20215CE.NFO,07/01/2020,09:48:39,4.4,4.3,4000,4.5,8000,0,236000
ADANIENT30JAN20215CE.NFO,07/01/2020,09:49:30,4.4,4.3,4000,4.45,4000,0,236000
ADANIENT30JAN20215CE.NFO,07/01/2020,09:49:36,4.4,4.3,4000,4.5,8000,0,236000
ADANIENT30JAN20215CE.NFO,07/01/2020,09:49:41,4.4,4.3,4000,4.5,12000,0,236000
ADANIENT30JAN20215CE.NFO,07/01/2020,09:49:53,4.4,4.3,4000,4.5,8000,0,236000
ADANIENT30JAN20215CE.NFO,07/01/2020,09:50:06,4.4,4.3,8000,4.5,8000,0,236000
ADANIENT30JAN20215CE.NFO,07/01/2020,09:50:10,4.4,4.3,8000,4.5,16000,0,236000
ADANIENT30JAN20215CE.NFO,07/01/2020,09:50:18,4.4,4.3,4000,4.45,4000,0,236000
ADANIENT30JAN20215CE.NFO,07/01/2020,09:50:40,4.4,4.35,4000,4.45,4000,0,236000
ADANIENT30JAN20215CE.NFO,07/01/2020,09:50:50,4.4,4.35,4000,4.45,8000,0,236000
ADANIENT30JAN20215CE.NFO,07/01/2020,09:51:03,4.4,4.35,4000,4.45,4000,0,236000
ADANIENT30JAN20215CE.NFO,07/01/2020,09:51:07,4.4,4.35,4000,4.45,8000,0,236000
ADANIENT30JAN20215CE.NFO,07/01/2020,09:51:25,4.4,4.35,4000,4.5,8000,0,236000
ADANIENT30JAN20215CE.NFO,07/01/2020,09:51:30,4.4,4.4,8000,4.55,8000,0,236000
ADANIENT30JAN20215CE.NFO,07/01/2020,09:51:34,4.4,4.4,4000,4.5,4000,0,236000
ADANIENT30JAN20215CE.NFO,07/01/2020,09:51:42,4.4,4.4,4000,4.55,8000,0,236000
ADANIENT30JAN20215CE.NFO,07/01/2020,09:52:19,4.4,4.4,8000,4.55,8000,0,236000
ADANIENT30JAN20215CE.NFO,07/01/2020,09:52:23,4.4,4.35,4000,4.5,4000,0,236000
ADANIENT30JAN20215CE.NFO,07/01/2020,09:52:29,4.4,4.35,8000,4.5,4000,0,236000
ADANIENT30JAN20215CE.NFO,07/01/2020,09:52:34,4.4,4.35,8000,4.5,8000,0,236000
ADANIENT30JAN20215CE.NFO,07/01/2020,09:52:38,4.4,4.4,4000,4.55,8000,0,236000
ADANIENT30JAN20215CE.NFO,07/01/2020,09:52:43,4.4,4.35,16000,4.5,4000,0,236000
ADANIENT30JAN20215CE.NFO,07/01/2020,09:52:47,4.4,4.4,4000,4.55,8000,0,236000
ADANIENT30JAN20215CE.NFO,07/01/2020,09:52:59,4.4,4.4,4000,4.55,4000,0,236000
ADANIENT30JAN20215CE.NFO,07/01/2020,09:53:03,4.4,4.45,4000,4.55,4000,0,236000
ADANIENT30JAN20215CE.NFO,07/01/2020,09:53:09,4.55,4.5,12000,4.7,4000,4000,236000
ADANIENT30JAN20215CE.NFO,07/01/2020,09:53:14,4.55,4.5,12000,4.7,4000,0,236000
ADANIENT30JAN20215CE.NFO,07/01/2020,09:53:24,4.55,4.5,4000,4.65,8000,0,236000
ADANIENT30JAN20215CE.NFO,07/01/2020,09:53:32,4.55,4.5,4000,4.65,4000,0,236000
ADANIENT30JAN20215CE.NFO,07/01/2020,09:53:37,4.55,4.5,4000,4.65,8000,0,236000
ADANIENT30JAN20215CE.NFO,07/01/2020,09:53:45,4.55,4.55,8000,4.75,4000,0,236000
ADANIENT30JAN20215CE.NFO,07/01/2020,09:53:54,4.55,4.55,8000,4.75,8000,0,236000
ADANIENT30JAN20215CE.NFO,07/01/2020,09:53:59,4.55,4.55,8000,4.75,4000,0,236000
ADANIENT30JAN20215CE.NFO,07/01/2020,09:54:04,4.55,4.6,4000,4.75,4000,0,236000
ADANIENT30JAN20215CE.NFO,07/01/2020,09:54:09,4.55,4.6,4000,4.8,4000,0,236000
ADANIENT30JAN20215CE.NFO,07/01/2020,09:54:14,4.55,4.6,4000,4.75,4000,0,236000
ADANIENT30JAN20215CE.NFO,07/01/2020,09:54:37,4.55,4.65,4000,4.8,8000,0,236000
ADANIENT30JAN20215CE.NFO,07/01/2020,09:54:46,4.55,4.7,4000,4.85,4000,0,236000
ADANIENT30JAN20215CE.NFO,07/01/2020,09:54:50,4.55,4.7,4000,4.85,8000,0,236000
ADANIENT30JAN20215CE.NFO,07/01/2020,09:54:54,4.55,4.65,4000,4.8,4000,0,236000
ADANIENT30JAN20215CE.NFO,07/01/2020,09:55:02,4.55,4.7,4000,4.85,4000,0,236000
ADANIENT30JAN20215CE.NFO,07/01/2020,09:55:08,4.55,4.65,4000,4.8,8000,0,236000
ADANIENT30JAN20215CE.NFO,07/01/2020,09:55:13,4.55,4.65,4000,4.8,4000,0,236000
ADANIENT30JAN20215CE.NFO,07/01/2020,09:55:18,4.55,4.6,4000,4.8,4000,0,236000
ADANIENT30JAN20215CE.NFO,07/01/2020,09:55:27,4.55,4.5,4000,4.7,4000,0,236000
ADANIENT30JAN20215CE.NFO,07/01/2020,09:55:31,4.55,4.55,4000,4.7,4000,0,236000
ADANIENT30JAN20215CE.NFO,07/01/2020,09:55:39,4.55,4.6,4000,4.75,4000,0,236000
ADANIENT30JAN20215CE.NFO,07/01/2020,09:55:52,4.55,4.55,8000,4.75,12000,0,236000
ADANIENT30JAN20215CE.NFO,07/01/2020,09:55:55,4.55,4.55,8000,4.7,4000,0,236000
ADANIENT30JAN20215CE.NFO,07/01/2020,09:55:59,4.55,4.55,8000,4.75,12000,0,236000
ADANIENT30JAN20215CE.NFO,07/01/2020,09:56:03,4.55,4.6,4000,4.7,4000,0,236000
ADANIENT30JAN20215CE.NFO,07/01/2020,09:56:07,4.55,4.55,8000,4.75,12000,0,236000
ADANIENT30JAN20215CE.NFO,07/01/2020,09:56:12,4.55,4.6,4000,4.7,4000,0,236000
ADANIENT30JAN20215CE.NFO,07/01/2020,09:56:17,4.55,4.55,8000,4.7,4000,0,236000
ADANIENT30JAN20215CE.NFO,07/01/2020,09:56:22,4.55,4.6,4000,4.75,8000,0,236000
ADANIENT30JAN20215CE.NFO,07/01/2020,09:56:27,4.55,4.6,4000,4.7,4000,0,236000
ADANIENT30JAN20215CE.NFO,07/01/2020,09:56:32,4.55,4.55,8000,4.7,4000,0,236000
ADANIENT30JAN20215CE.NFO,07/01/2020,09:56:36,4.55,4.55,12000,4.7,4000,0,236000
ADANIENT30JAN20215CE.NFO,07/01/2020,09:56:45,4.55,4.55,12000,4.75,8000,0,236000
ADANIENT30JAN20215CE.NFO,07/01/2020,09:56:53,4.55,4.55,12000,4.7,4000,0,236000
ADANIENT30JAN20215CE.NFO,07/01/2020,09:57:11,4.55,4.6,4000,4.7,4000,0,236000
ADANIENT30JAN20215CE.NFO,07/01/2020,09:57:20,4.55,4.55,8000,4.7,8000,0,236000
ADANIENT30JAN20215CE.NFO,07/01/2020,09:57:24,4.55,4.6,4000,4.7,4000,0,236000
ADANIENT30JAN20215CE.NFO,07/01/2020,09:57:34,4.55,4.6,8000,4.7,4000,0,236000
ADANIENT30JAN20215CE.NFO,07/01/2020,09:57:50,4.55,4.6,8000,4.7,8000,0,236000
ADANIENT30JAN20215CE.NFO,07/01/2020,09:57:57,4.55,4.6,8000,4.65,8000,0,236000
ADANIENT30JAN20215CE.NFO,07/01/2020,09:58:02,4.55,4.6,4000,4.65,8000,0,236000
ADANIENT30JAN20215CE.NFO,07/01/2020,09:58:06,4.6,4.55,12000,4.7,4000,8000,236000
ADANIENT30JAN20215CE.NFO,07/01/2020,09:58:10,4.6,4.55,12000,4.75,4000,0,236000
ADANIENT30JAN20215CE.NFO,07/01/2020,09:58:21,4.6,4.55,12000,4.7,4000,0,236000
ADANIENT30JAN20215CE.NFO,07/01/2020,09:58:25,4.6,4.55,12000,4.65,4000,0,236000
ADANIENT30JAN20215CE.NFO,07/01/2020,09:58:29,4.6,4.55,12000,4.6,8000,0,236000
ADANIENT30JAN20215CE.NFO,07/01/2020,09:58:43,4.6,4.55,8000,4.6,8000,0,236000
ADANIENT30JAN20215CE.NFO,07/01/2020,09:58:48,4.6,4.55,4000,4.6,8000,0,236000
ADANIENT30JAN20215CE.NFO,07/01/2020,09:59:09,4.6,4.55,8000,4.6,8000,0,236000
ADANIENT30JAN20215CE.NFO,07/01/2020,09:59:37,4.6,4.5,8000,4.6,8000,0,236000
ADANIENT30JAN20215CE.NFO,07/01/2020,09:59:42,4.55,4.45,16000,4.65,4000,8000,240000
ADANIENT30JAN20215CE.NFO,07/01/2020,09:59:47,4.55,4.45,16000,4.65,4000,0,240000
ADANIENT30JAN20215CE.NFO,07/01/2020,10:00:08,4.55,4.45,12000,4.65,4000,0,240000
ADANIENT30JAN20215CE.NFO,07/01/2020,10:00:13,4.55,4.5,4000,4.65,4000,0,240000
ADANIENT30JAN20215CE.NFO,07/01/2020,10:00:22,4.55,4.5,4000,4.6,8000,0,240000
ADANIENT30JAN20215CE.NFO,07/01/2020,10:00:31,4.55,4.5,4000,4.6,12000,0,240000
ADANIENT30JAN20215CE.NFO,07/01/2020,10:00:36,4.55,4.4,8000,4.6,8000,0,240000
ADANIENT30JAN20215CE.NFO,07/01/2020,10:00:45,4.55,4.45,4000,4.55,4000,0,240000
ADANIENT30JAN20215CE.NFO,07/01/2020,10:00:58,4.55,4.4,8000,4.6,12000,0,240000
ADANIENT30JAN20215CE.NFO,07/01/2020,10:01:03,4.55,4.4,4000,4.55,8000,0,240000
ADANIENT30JAN20215CE.NFO,07/01/2020,10:01:09,4.55,4.35,4000,4.55,16000,0,240000
ADANIENT30JAN20215CE.NFO,07/01/2020,10:01:15,4.55,4.35,4000,4.5,12000,0,240000
ADANIENT30JAN20215CE.NFO,07/01/2020,10:01:21,4.55,4.3,4000,4.5,12000,0,240000
ADANIENT30JAN20215CE.NFO,07/01/2020,10:01:27,4.55,4.3,4000,4.5,16000,0,240000
ADANIENT30JAN20215CE.NFO,07/01/2020,10:01:33,4.55,4.25,8000,4.55,16000,0,240000
ADANIENT30JAN20215CE.NFO,07/01/2020,10:01:39,4.55,4.3,4000,4.55,16000,0,240000
ADANIENT30JAN20215CE.NFO,07/01/2020,10:01:45,4.55,4.25,8000,4.55,16000,0,240000
ADANIENT30JAN20215CE.NFO,07/01/2020,10:01:51,4.55,4.25,8000,4.55,12000,0,240000
ADANIENT30JAN20215CE.NFO,07/01/2020,10:01:55,4.55,4.25,8000,4.55,16000,0,240000
ADANIENT30JAN20215CE.NFO,07/01/2020,10:02:17,4.55,4.25,8000,4.55,8000,0,240000
ADANIENT30JAN20215CE.NFO,07/01/2020,10:02:23,4.55,4.35,4000,4.55,4000,0,240000
ADANIENT30JAN20215CE.NFO,07/01/2020,10:02:43,4.55,4.35,4000,4.55,8000,0,240000
ADANIENT30JAN20215CE.NFO,07/01/2020,10:02:51,4.55,4.35,4000,4.55,12000,0,240000
ADANIENT30JAN20215CE.NFO,07/01/2020,10:02:55,4.55,4.35,4000,4.55,8000,0,240000
ADANIENT30JAN20215CE.NFO,07/01/2020,10:03:08,4.55,4.35,4000,4.55,12000,0,240000
ADANIENT30JAN20215CE.NFO,07/01/2020,10:03:13,4.55,4.35,4000,4.5,4000,0,240000
ADANIENT30JAN20215CE.NFO,07/01/2020,10:03:32,4.55,4.35,4000,4.5,8000,0,240000
ADANIENT30JAN20215CE.NFO,07/01/2020,10:03:56,4.5,4.3,8000,4.5,4000,4000,244000
ADANIENT30JAN20215CE.NFO,07/01/2020,10:04:01,4.5,4.3,4000,4.5,4000,0,244000
ADANIENT30JAN20215CE.NFO,07/01/2020,10:04:05,4.5,4.3,8000,4.55,8000,0,244000
ADANIENT30JAN20215CE.NFO,07/01/2020,10:04:19,4.5,4.3,12000,4.55,8000,0,244000
ADANIENT30JAN20215CE.NFO,07/01/2020,10:04:23,4.5,4.35,4000,4.55,8000,0,244000
ADANIENT30JAN20215CE.NFO,07/01/2020,10:04:27,4.5,4.4,4000,4.5,4000,0,244000
ADANIENT30JAN20215CE.NFO,07/01/2020,10:04:32,4.5,4.35,8000,4.55,4000,0,244000
ADANIENT30JAN20215CE.NFO,07/01/2020,10:04:37,4.5,4.4,4000,4.55,4000,0,244000
ADANIENT30JAN20215CE.NFO,07/01/2020,10:04:42,4.5,4.4,8000,4.6,4000,0,244000
ADANIENT30JAN20215CE.NFO,07/01/2020,10:04:45,4.6,4.4,4000,4.65,12000,32000,244000
ADANIENT30JAN20215CE.NFO,07/01/2020,10:04:49,4.6,4.4,4000,4.65,12000,0,244000
ADANIENT30JAN20215CE.NFO,07/01/2020,10:05:05,4.6,4.45,4000,4.65,8000,0,244000
ADANIENT30JAN20215CE.NFO,07/01/2020,10:05:09,4.6,4.5,8000,4.75,8000,0,244000
ADANIENT30JAN20215CE.NFO,07/01/2020,10:05:13,4.6,4.5,8000,4.7,8000,0,244000
ADANIENT30JAN20215CE.NFO,07/01/2020,10:05:20,4.6,4.45,8000,4.65,4000,0,244000
ADANIENT30JAN20215CE.NFO,07/01/2020,10:05:23,4.6,4.65,48000,4.8,4000,0,244000
ADANIENT30JAN20215CE.NFO,07/01/2020,10:05:26,4.6,4.65,48000,4.85,8000,0,244000
ADANIENT30JAN20215CE.NFO,07/01/2020,10:05:48,4.6,4.7,4000,4.9,8000,0,244000
ADANIENT30JAN20215CE.NFO,07/01/2020,10:05:58,4.6,4.85,36000,4.95,4000,0,244000
ADANIENT30JAN20215CE.NFO,07/01/2020,10:06:03,4.9,4.9,32000,5,12000,4000,228000
ADANIENT30JAN20215CE.NFO,07/01/2020,10:06:03,4.9,4.9,32000,5,12000,0,228000
ADANIENT30JAN20215CE.NFO,07/01/2020,10:06:08,4.9,4.9,32000,5,8000,0,228000
ADANIENT30JAN20215CE.NFO,07/01/2020,10:06:13,4.9,4.85,4000,5,20000,0,228000
ADANIENT30JAN20215CE.NFO,07/01/2020,10:06:21,4.9,4.85,4000,5,12000,0,228000
ADANIENT30JAN20215CE.NFO,07/01/2020,10:06:25,4.9,4.85,4000,4.95,4000,0,228000
ADANIENT30JAN20215CE.NFO,07/01/2020,10:06:41,4.9,4.8,4000,4.95,16000,0,228000
ADANIENT30JAN20215CE.NFO,07/01/2020,10:06:52,4.9,4.8,4000,4.95,8000,0,228000
ADANIENT30JAN20215CE.NFO,07/01/2020,10:07:01,4.9,4.85,4000,4.95,4000,0,228000
ADANIENT30JAN20215CE.NFO,07/01/2020,10:07:07,4.9,4.8,4000,4.95,8000,0,228000
ADANIENT30JAN20215CE.NFO,07/01/2020,10:07:12,4.9,4.8,4000,4.95,12000,0,228000
ADANIENT30JAN20215CE.NFO,07/01/2020,10:07:17,4.9,4.8,4000,4.95,4000,0,228000
ADANIENT30JAN20215CE.NFO,07/01/2020,10:07:23,4.9,4.75,4000,4.95,12000,0,228000
ADANIENT30JAN20215CE.NFO,07/01/2020,10:07:38,4.9,4.8,4000,4.95,12000,0,228000
ADANIENT30JAN20215CE.NFO,07/01/2020,10:07:43,4.9,4.8,4000,4.95,8000,0,228000
ADANIENT30JAN20215CE.NFO,07/01/2020,10:07:48,4.9,4.75,4000,4.95,12000,0,228000
ADANIENT30JAN20215CE.NFO,07/01/2020,10:07:53,4.9,4.75,4000,4.9,4000,0,228000
ADANIENT30JAN20215CE.NFO,07/01/2020,10:07:58,4.9,4.75,4000,4.95,8000,0,228000
ADANIENT30JAN20215CE.NFO,07/01/2020,10:08:03,4.9,4.7,4000,4.9,4000,0,228000
ADANIENT30JAN20215CE.NFO,07/01/2020,10:08:22,4.9,4.7,4000,4.9,8000,0,228000
ADANIENT30JAN20215CE.NFO,07/01/2020,10:08:27,4.9,4.75,4000,4.9,8000,0,228000
ADANIENT30JAN20215CE.NFO,07/01/2020,10:08:31,4.9,4.7,4000,4.85,4000,0,228000
ADANIENT30JAN20215CE.NFO,07/01/2020,10:08:37,4.85,4.75,4000,4.95,8000,4000,224000
ADANIENT30JAN20215CE.NFO,07/01/2020,10:08:42,4.85,4.75,4000,4.95,8000,0,224000
ADANIENT30JAN20215CE.NFO,07/01/2020,10:08:50,4.85,4.75,4000,4.95,12000,0,224000
ADANIENT30JAN20215CE.NFO,07/01/2020,10:08:54,4.85,4.8,4000,5,8000,0,224000
ADANIENT30JAN20215CE.NFO,07/01/2020,10:09:08,4.85,4.8,4000,4.95,4000,0,224000
ADANIENT30JAN20215CE.NFO,07/01/2020,10:09:20,4.85,4.8,4000,5,4000,0,224000
ADANIENT30JAN20215CE.NFO,07/01/2020,10:09:25,4.85,4.8,4000,4.95,4000,0,224000
ADANIENT30JAN20215CE.NFO,07/01/2020,10:09:30,4.85,4.75,4000,4.95,4000,0,224000
ADANIENT30JAN20215CE.NFO,07/01/2020,10:09:35,4.85,4.75,4000,4.95,12000,0,224000
ADANIENT30JAN20215CE.NFO,07/01/2020,10:09:39,4.85,4.75,4000,4.95,16000,0,224000
ADANIENT30JAN20215CE.NFO,07/01/2020,10:09:43,4.85,4.8,4000,5,4000,0,224000
ADANIENT30JAN20215CE.NFO,07/01/2020,10:09:51,4.8,4.8,4000,5,4000,4000,224000
ADANIENT30JAN20215CE.NFO,07/01/2020,10:10:07,4.8,4.9,4000,5.1,12000,0,224000
ADANIENT30JAN20215CE.NFO,07/01/2020,10:10:13,4.8,4.85,4000,5,4000,0,224000
ADANIENT30JAN20215CE.NFO,07/01/2020,10:10:34,4.8,4.85,12000,5.05,4000,0,224000
ADANIENT30JAN20215CE.NFO,07/01/2020,10:10:39,4.8,4.85,12000,5.05,8000,0,224000
ADANIENT30JAN20215CE.NFO,07/01/2020,10:10:49,4.8,4.85,12000,5.05,4000,0,224000
ADANIENT30JAN20215CE.NFO,07/01/2020,10:10:55,4.8,4.85,4000,5.05,8000,0,224000
ADANIENT30JAN20215CE.NFO,07/01/2020,10:10:59,4.8,4.85,8000,5.05,8000,0,224000
ADANIENT30JAN20215CE.NFO,07/01/2020,10:11:02,4.8,4.85,4000,4.95,4000,0,224000
ADANIENT30JAN20215CE.NFO,07/01/2020,10:11:05,4.8,4.85,4000,5,4000,0,224000
ADANIENT30JAN20215CE.NFO,07/01/2020,10:11:14,4.8,4.8,12000,5,8000,0,224000
ADANIENT30JAN20215CE.NFO,07/01/2020,10:11:26,4.8,4.85,4000,5,8000,0,224000
ADANIENT30JAN20215CE.NFO,07/01/2020,10:11:33,4.8,4.85,4000,5,12000,0,224000
ADANIENT30JAN20215CE.NFO,07/01/2020,10:11:38,4.8,4.85,12000,5.05,8000,0,224000
ADANIENT30JAN20215CE.NFO,07/01/2020,10:11:42,4.8,4.85,12000,5.05,4000,0,224000
ADANIENT30JAN20215CE.NFO,07/01/2020,10:11:50,4.8,4.85,12000,5.05,8000,0,224000
ADANIENT30JAN20215CE.NFO,07/01/2020,10:11:54,4.8,4.85,8000,5,4000,0,224000
ADANIENT30JAN20215CE.NFO,07/01/2020,10:11:58,4.8,4.85,4000,5,4000,0,224000
ADANIENT30JAN20215CE.NFO,07/01/2020,10:12:06,4.8,4.85,4000,5.05,8000,0,224000
ADANIENT30JAN20215CE.NFO,07/01/2020,10:12:10,4.8,4.85,4000,5,4000,0,224000
ADANIENT30JAN20215CE.NFO,07/01/2020,10:12:14,4.8,4.85,8000,5,4000,0,224000
ADANIENT30JAN20215CE.NFO,07/01/2020,10:12:22,4.8,4.85,8000,5.05,8000,0,224000
ADANIENT30JAN20215CE.NFO,07/01/2020,10:12:27,4.8,4.85,8000,5,4000,0,224000
ADANIENT30JAN20215CE.NFO,07/01/2020,10:12:31,4.8,4.85,12000,5.05,8000,0,224000
ADANIENT30JAN20215CE.NFO,07/01/2020,10:12:40,4.8,4.8,12000,5,4000,0,224000
ADANIENT30JAN20215CE.NFO,07/01/2020,10:12:51,4.8,4.8,12000,4.95,4000,0,224000
ADANIENT30JAN20215CE.NFO,07/01/2020,10:12:55,4.8,4.85,4000,5,4000,0,224000
ADANIENT30JAN20215CE.NFO,07/01/2020,10:13:12,4.8,4.85,4000,5,8000,0,224000
ADANIENT30JAN20215CE.NFO,07/01/2020,10:13:16,4.8,4.8,12000,5,12000,0,224000
ADANIENT30JAN20215CE.NFO,07/01/2020,10:13:21,4.8,4.85,4000,5,4000,0,224000
ADANIENT30JAN20215CE.NFO,07/01/2020,10:13:25,4.8,4.8,12000,5,8000,0,224000
ADANIENT30JAN20215CE.NFO,07/01/2020,10:13:35,4.8,4.8,12000,5,4000,0,224000
ADANIENT30JAN20215CE.NFO,07/01/2020,10:13:42,4.8,4.8,12000,5,12000,0,224000
ADANIENT30JAN20215CE.NFO,07/01/2020,10:13:46,4.8,4.8,12000,5,4000,0,224000
ADANIENT30JAN20215CE.NFO,07/01/2020,10:13:51,4.8,4.85,4000,5.05,8000,0,224000
ADANIENT30JAN20215CE.NFO,07/01/2020,10:13:56,4.8,4.85,4000,5,4000,0,224000
ADANIENT30JAN20215CE.NFO,07/01/2020,10:14:01,4.8,4.85,4000,5,8000,0,224000
ADANIENT30JAN20215CE.NFO,07/01/2020,10:14:11,4.8,4.8,12000,4.95,4000,0,224000
ADANIENT30JAN20215CE.NFO,07/01/2020,10:14:16,4.8,4.9,12000,5.05,4000,0,224000
ADANIENT30JAN20215CE.NFO,07/01/2020,10:14:26,4.8,4.9,8000,5.05,4000,0,224000
ADANIENT30JAN20215CE.NFO,07/01/2020,10:14:32,4.8,4.85,8000,5.05,8000,0,224000
ADANIENT30JAN20215CE.NFO,07/01/2020,10:14:46,4.8,4.85,8000,5,4000,0,224000
ADANIENT30JAN20215CE.NFO,07/01/2020,10:14:55,4.8,4.85,8000,5,8000,0,224000
ADANIENT30JAN20215CE.NFO,07/01/2020,10:15:00,4.8,4.85,4000,5,8000,0,224000
ADANIENT30JAN20215CE.NFO,07/01/2020,10:15:20,4.8,4.85,12000,5,4000,0,224000
ADANIENT30JAN20215CE.NFO,07/01/2020,10:15:26,4.8,4.85,4000,5,4000,0,224000
ADANIENT30JAN20215CE.NFO,07/01/2020,10:15:45,4.8,4.85,8000,5,4000,0,224000
ADANIENT30JAN20215CE.NFO,07/01/2020,10:15:51,4.8,4.8,12000,4.95,4000,0,224000
ADANIENT30JAN20215CE.NFO,07/01/2020,10:16:01,4.8,4.8,8000,5,12000,0,224000
ADANIENT30JAN20215CE.NFO,07/01/2020,10:16:30,4.8,4.8,12000,4.95,4000,0,224000
ADANIENT30JAN20215CE.NFO,07/01/2020,10:16:35,4.8,4.8,12000,5,12000,0,224000
ADANIENT30JAN20215CE.NFO,07/01/2020,10:16:47,4.8,4.8,12000,4.95,4000,0,224000
ADANIENT30JAN20215CE.NFO,07/01/2020,10:16:52,4.8,4.8,12000,5,8000,0,224000
ADANIENT30JAN20215CE.NFO,07/01/2020,10:16:56,4.8,4.8,12000,4.95,4000,0,224000
ADANIENT30JAN20215CE.NFO,07/01/2020,10:17:00,4.8,4.85,4000,5,8000,0,224000
ADANIENT30JAN20215CE.NFO,07/01/2020,10:17:11,4.8,4.8,12000,4.95,4000,0,224000
ADANIENT30JAN20215CE.NFO,07/01/2020,10:17:19,4.8,4.8,12000,5,12000,0,224000
ADANIENT30JAN20215CE.NFO,07/01/2020,10:17:32,4.8,4.8,12000,4.95,4000,0,224000
ADANIENT30JAN20215CE.NFO,07/01/2020,10:17:40,4.8,4.8,12000,5,8000,0,224000
ADANIENT30JAN20215CE.NFO,07/01/2020,10:17:44,4.8,4.8,12000,4.95,4000,0,224000
ADANIENT30JAN20215CE.NFO,07/01/2020,10:18:11,4.8,4.85,4000,5,4000,0,224000
ADANIENT30JAN20215CE.NFO,07/01/2020,10:18:19,4.8,4.85,4000,5,8000,0,224000
ADANIENT30JAN20215CE.NFO,07/01/2020,10:18:23,4.8,4.85,4000,4.95,4000,0,224000
ADANIENT30JAN20215CE.NFO,07/01/2020,10:18:36,4.8,4.85,4000,5,12000,0,224000
ADANIENT30JAN20215CE.NFO,07/01/2020,10:18:41,4.8,4.85,4000,4.95,4000,0,224000
ADANIENT30JAN20215CE.NFO,07/01/2020,10:18:56,4.8,4.8,4000,4.95,4000,0,224000
ADANIENT30JAN20215CE.NFO,07/01/2020,10:19:06,4.8,4.8,8000,4.95,4000,0,224000
ADANIENT30JAN20215CE.NFO,07/01/2020,10:19:14,4.8,4.8,12000,4.95,4000,0,224000
ADANIENT30JAN20215CE.NFO,07/01/2020,10:19:18,4.8,4.8,8000,4.95,4000,0,224000
ADANIENT30JAN20215CE.NFO,07/01/2020,10:19:28,4.8,4.8,12000,5,8000,0,224000
ADANIENT30JAN20215CE.NFO,07/01/2020,10:19:41,4.8,4.8,8000,4.95,4000,0,224000
ADANIENT30JAN20215CE.NFO,07/01/2020,10:19:51,4.8,4.8,12000,5,8000,0,224000
ADANIENT30JAN20215CE.NFO,07/01/2020,10:19:56,4.8,4.8,12000,4.95,4000,0,224000
ADANIENT30JAN20215CE.NFO,07/01/2020,10:20:04,4.8,4.8,12000,5,12000,0,224000
ADANIENT30JAN20215CE.NFO,07/01/2020,10:20:30,4.8,4.8,8000,4.95,4000,0,224000
ADANIENT30JAN20215CE.NFO,07/01/2020,10:20:37,4.8,4.8,4000,4.95,4000,0,224000
ADANIENT30JAN20215CE.NFO,07/01/2020,10:20:50,4.8,4.8,4000,4.95,8000,0,224000
ADANIENT30JAN20215CE.NFO,07/01/2020,10:20:57,4.8,4.75,4000,4.9,8000,0,224000
ADANIENT30JAN20215CE.NFO,07/01/2020,10:21:04,4.8,4.7,12000,4.9,8000,0,224000
ADANIENT30JAN20215CE.NFO,07/01/2020,10:21:08,4.8,4.75,4000,4.9,12000,0,224000
ADANIENT30JAN20215CE.NFO,07/01/2020,10:21:11,4.8,4.75,4000,4.9,4000,0,224000
ADANIENT30JAN20215CE.NFO,07/01/2020,10:21:19,4.8,4.75,8000,4.9,4000,0,224000
ADANIENT30JAN20215CE.NFO,07/01/2020,10:21:24,4.8,4.7,12000,4.9,12000,0,224000
ADANIENT30JAN20215CE.NFO,07/01/2020,10:21:31,4.8,4.7,12000,4.9,4000,0,224000
ADANIENT30JAN20215CE.NFO,07/01/2020,10:22:08,4.8,4.7,8000,4.9,4000,0,224000
ADANIENT30JAN20215CE.NFO,07/01/2020,10:22:13,4.8,4.7,4000,4.85,8000,0,224000
ADANIENT30JAN20215CE.NFO,07/01/2020,10:22:17,4.8,4.65,12000,4.85,8000,0,224000
ADANIENT30JAN20215CE.NFO,07/01/2020,10:22:21,4.8,4.7,12000,4.85,8000,0,224000
ADANIENT30JAN20215CE.NFO,07/01/2020,10:22:42,4.8,4.65,8000,4.85,16000,0,224000
ADANIENT30JAN20215CE.NFO,07/01/2020,10:22:49,4.8,4.65,4000,4.8,8000,0,224000
ADANIENT30JAN20215CE.NFO,07/01/2020,10:22:54,4.8,4.55,12000,4.75,12000,0,224000
ADANIENT30JAN20215CE.NFO,07/01/2020,10:23:05,4.8,4.6,8000,4.75,8000,0,224000
ADANIENT30JAN20215CE.NFO,07/01/2020,10:23:10,4.8,4.6,12000,4.8,8000,0,224000
ADANIENT30JAN20215CE.NFO,07/01/2020,10:23:27,4.8,4.65,4000,4.8,8000,0,224000
ADANIENT30JAN20215CE.NFO,07/01/2020,10:23:44,4.8,4.6,12000,4.8,8000,0,224000
ADANIENT30JAN20215CE.NFO,07/01/2020,10:23:48,4.8,4.65,4000,4.85,4000,0,224000
ADANIENT30JAN20215CE.NFO,07/01/2020,10:23:53,4.8,4.6,12000,4.8,8000,0,224000
ADANIENT30JAN20215CE.NFO,07/01/2020,10:24:02,4.8,4.6,12000,4.8,12000,0,224000
ADANIENT30JAN20215CE.NFO,07/01/2020,10:24:09,4.8,4.65,4000,4.8,8000,0,224000
ADANIENT30JAN20215CE.NFO,07/01/2020,10:24:13,4.8,4.6,8000,4.8,12000,0,224000
ADANIENT30JAN20215CE.NFO,07/01/2020,10:24:17,4.8,4.65,4000,4.8,12000,0,224000
ADANIENT30JAN20215CE.NFO,07/01/2020,10:24:21,4.8,4.6,12000,4.75,4000,0,224000
ADANIENT30JAN20215CE.NFO,07/01/2020,10:24:29,4.8,4.65,4000,4.8,4000,0,224000
ADANIENT30JAN20215CE.NFO,07/01/2020,10:24:38,4.8,4.6,12000,4.75,4000,0,224000
ADANIENT30JAN20215CE.NFO,07/01/2020,10:24:42,4.8,4.65,4000,4.75,4000,0,224000
ADANIENT30JAN20215CE.NFO,07/01/2020,10:24:55,4.8,4.6,8000,4.75,4000,0,224000
ADANIENT30JAN20215CE.NFO,07/01/2020,10:24:59,4.8,4.65,8000,4.8,4000,0,224000
ADANIENT30JAN20215CE.NFO,07/01/2020,10:25:10,4.8,4.7,24000,4.9,8000,0,224000
ADANIENT30JAN20215CE.NFO,07/01/2020,10:25:14,4.8,4.7,20000,4.9,16000,0,224000
ADANIENT30JAN20215CE.NFO,07/01/2020,10:25:18,4.8,4.7,12000,4.9,4000,0,224000
ADANIENT30JAN20215CE.NFO,07/01/2020,10:25:23,4.8,4.7,12000,4.9,8000,0,224000
ADANIENT30JAN20215CE.NFO,07/01/2020,10:25:28,4.8,4.75,4000,4.9,4000,0,224000
ADANIENT30JAN20215CE.NFO,07/01/2020,10:25:32,4.8,4.65,12000,4.9,8000,0,224000
ADANIENT30JAN20215CE.NFO,07/01/2020,10:25:38,4.8,4.7,4000,4.85,4000,0,224000
ADANIENT30JAN20215CE.NFO,07/01/2020,10:25:54,4.8,4.7,12000,4.9,8000,0,224000
ADANIENT30JAN20215CE.NFO,07/01/2020,10:26:02,4.8,4.7,8000,4.9,4000,0,224000
ADANIENT30JAN20215CE.NFO,07/01/2020,10:26:10,4.8,4.7,4000,4.9,4000,0,224000
ADANIENT30JAN20215CE.NFO,07/01/2020,10:26:26,4.8,4.7,4000,4.9,12000,0,224000
ADANIENT30JAN20215CE.NFO,07/01/2020,10:26:42,4.8,4.7,4000,4.9,16000,0,224000
ADANIENT30JAN20215CE.NFO,07/01/2020,10:26:46,4.8,4.7,8000,4.9,16000,0,224000
ADANIENT30JAN20215CE.NFO,07/01/2020,10:27:02,4.8,4.75,12000,4.95,4000,0,224000
ADANIENT30JAN20215CE.NFO,07/01/2020,10:27:06,4.8,4.75,16000,4.95,4000,0,224000
ADANIENT30JAN20215CE.NFO,07/01/2020,10:27:17,4.8,4.8,16000,5,8000,0,224000
ADANIENT30JAN20215CE.NFO,07/01/2020,10:27:22,4.8,4.8,8000,4.95,4000,0,224000
ADANIENT30JAN20215CE.NFO,07/01/2020,10:27:25,4.8,4.85,12000,5,4000,0,224000
ADANIENT30JAN20215CE.NFO,07/01/2020,10:27:33,4.8,4.85,4000,5,4000,0,224000
ADANIENT30JAN20215CE.NFO,07/01/2020,10:27:36,4.8,4.85,8000,5,4000,0,224000
ADANIENT30JAN20215CE.NFO,07/01/2020,10:27:40,4.8,4.85,12000,5,4000,0,224000
ADANIENT30JAN20215CE.NFO,07/01/2020,10:27:44,4.8,4.9,4000,5,4000,0,224000
ADANIENT30JAN20215CE.NFO,07/01/2020,10:27:54,4.8,4.85,12000,5,4000,0,224000
ADANIENT30JAN20215CE.NFO,07/01/2020,10:28:12,5,4.9,8000,5.05,4000,4000,216000
ADANIENT30JAN20215CE.NFO,07/01/2020,10:28:12,5,4.9,8000,5.05,4000,0,216000
ADANIENT30JAN20215CE.NFO,07/01/2020,10:28:16,5,4.9,4000,5.05,4000,0,216000
ADANIENT30JAN20215CE.NFO,07/01/2020,10:28:20,5,4.85,8000,5.05,4000,0,216000
ADANIENT30JAN20215CE.NFO,07/01/2020,10:28:23,5,4.85,4000,5,4000,0,216000
ADANIENT30JAN20215CE.NFO,07/01/2020,10:28:32,5,4.75,8000,4.95,12000,0,216000
ADANIENT30JAN20215CE.NFO,07/01/2020,10:28:40,5,4.75,12000,4.95,12000,0,216000
ADANIENT30JAN20215CE.NFO,07/01/2020,10:28:46,5,4.75,8000,4.95,12000,0,216000
ADANIENT30JAN20215CE.NFO,07/01/2020,10:28:55,5,4.75,4000,4.95,8000,0,216000
ADANIENT30JAN20215CE.NFO,07/01/2020,10:29:04,5,4.75,8000,4.95,8000,0,216000
ADANIENT30JAN20215CE.NFO,07/01/2020,10:29:08,5,4.75,8000,4.95,4000,0,216000
ADANIENT30JAN20215CE.NFO,07/01/2020,10:29:10,5,4.75,12000,4.95,4000,0,216000
ADANIENT30JAN20215CE.NFO,07/01/2020,10:29:14,5,4.8,4000,4.95,4000,0,216000
ADANIENT30JAN20215CE.NFO,07/01/2020,10:29:17,5,4.75,16000,4.95,4000,0,216000
ADANIENT30JAN20215CE.NFO,07/01/2020,10:29:26,5,4.8,4000,4.95,4000,0,216000
ADANIENT30JAN20215CE.NFO,07/01/2020,10:29:45,5,4.75,12000,4.95,4000,0,216000
ADANIENT30JAN20215CE.NFO,07/01/2020,10:29:48,5,4.8,4000,4.95,8000,0,216000
ADANIENT30JAN20215CE.NFO,07/01/2020,10:29:56,5,4.75,12000,4.95,8000,0,216000
ADANIENT30JAN20215CE.NFO,07/01/2020,10:29:59,5,4.8,4000,4.95,8000,0,216000
ADANIENT30JAN20215CE.NFO,07/01/2020,10:30:03,5,4.8,4000,4.95,4000,0,216000
ADANIENT30JAN20215CE.NFO,07/01/2020,10:30:32,5,4.8,8000,4.95,4000,0,216000
ADANIENT30JAN20215CE.NFO,07/01/2020,10:30:53,5,4.75,8000,4.95,4000,0,216000
ADANIENT30JAN20215CE.NFO,07/01/2020,10:31:00,5,4.75,12000,4.95,4000,0,216000
ADANIENT30JAN20215CE.NFO,07/01/2020,10:31:04,5,4.75,8000,4.95,4000,0,216000
ADANIENT30JAN20215CE.NFO,07/01/2020,10:31:07,5,4.8,4000,4.95,4000,0,216000
ADANIENT30JAN20215CE.NFO,07/01/2020,10:31:10,5,4.75,8000,4.95,4000,0,216000
ADANIENT30JAN20215CE.NFO,07/01/2020,10:31:41,5,4.75,8000,4.95,8000,0,216000
ADANIENT30JAN20215CE.NFO,07/01/2020,10:31:45,5,4.75,8000,4.9,4000,0,216000
ADANIENT30JAN20215CE.NFO,07/01/2020,10:31:49,5,4.75,12000,4.95,4000,0,216000
ADANIENT30JAN20215CE.NFO,07/01/2020,10:31:53,5,4.75,16000,4.95,4000,0,216000
ADANIENT30JAN20215CE.NFO,07/01/2020,10:32:05,5,4.8,4000,4.95,4000,0,216000
ADANIENT30JAN20215CE.NFO,07/01/2020,10:32:13,5,4.75,16000,4.95,4000,0,216000
ADANIENT30JAN20215CE.NFO,07/01/2020,10:32:23,5,4.8,4000,4.95,4000,0,216000
ADANIENT30JAN20215CE.NFO,07/01/2020,10:32:31,5,4.75,16000,4.95,4000,0,216000
ADANIENT30JAN20215CE.NFO,07/01/2020,10:32:39,5,4.75,16000,4.95,8000,0,216000
ADANIENT30JAN20215CE.NFO,07/01/2020,10:32:43,5,4.8,12000,5,4000,0,216000
ADANIENT30JAN20215CE.NFO,07/01/2020,10:32:50,5,4.8,16000,5,4000,0,216000
ADANIENT30JAN20215CE.NFO,07/01/2020,10:32:58,5,4.8,12000,5,4000,0,216000
ADANIENT30JAN20215CE.NFO,07/01/2020,10:33:04,5,4.8,12000,4.95,4000,0,216000
ADANIENT30JAN20215CE.NFO,07/01/2020,10:33:10,5,4.8,12000,5,4000,0,216000
ADANIENT30JAN20215CE.NFO,07/01/2020,10:33:56,5,4.85,4000,5,8000,0,216000
ADANIENT30JAN20215CE.NFO,07/01/2020,10:33:59,5,4.8,8000,5,12000,0,216000
ADANIENT30JAN20215CE.NFO,07/01/2020,10:34:22,5,4.8,12000,5,12000,0,216000
ADANIENT30JAN20215CE.NFO,07/01/2020,10:34:55,5,4.85,16000,5.05,4000,0,216000
ADANIENT30JAN20215CE.NFO,07/01/2020,10:35:00,5,4.85,12000,5.05,4000,0,216000
ADANIENT30JAN20215CE.NFO,07/01/2020,10:35:19,5,4.9,4000,5.05,4000,0,216000
ADANIENT30JAN20215CE.NFO,07/01/2020,10:35:32,5,4.85,4000,5,8000,0,216000
ADANIENT30JAN20215CE.NFO,07/01/2020,10:35:35,5,4.8,12000,5,8000,0,216000
ADANIENT30JAN20215CE.NFO,07/01/2020,10:35:52,5,4.8,8000,5,8000,0,216000
ADANIENT30JAN20215CE.NFO,07/01/2020,10:36:08,5,4.8,8000,5,12000,0,216000
ADANIENT30JAN20215CE.NFO,07/01/2020,10:36:28,5,4.8,12000,5,12000,0,216000
ADANIENT30JAN20215CE.NFO,07/01/2020,10:36:35,5,4.8,12000,5,8000,0,216000
ADANIENT30JAN20215CE.NFO,07/01/2020,10:36:41,5,4.8,12000,5,12000,0,216000
ADANIENT30JAN20215CE.NFO,07/01/2020,10:36:46,5,4.85,4000,5,8000,0,216000
ADANIENT30JAN20215CE.NFO,07/01/2020,10:36:58,5,4.85,8000,5,8000,0,216000
ADANIENT30JAN20215CE.NFO,07/01/2020,10:37:02,5,4.85,16000,5.05,4000,0,216000
ADANIENT30JAN20215CE.NFO,07/01/2020,10:37:17,5,4.85,16000,5.05,12000,0,216000
ADANIENT30JAN20215CE.NFO,07/01/2020,10:37:20,5,4.85,16000,5.05,8000,0,216000
ADANIENT30JAN20215CE.NFO,07/01/2020,10:37:23,5,4.85,8000,5.05,8000,0,216000
ADANIENT30JAN20215CE.NFO,07/01/2020,10:37:34,5,4.85,8000,5.05,12000,0,216000
ADANIENT30JAN20215CE.NFO,07/01/2020,10:37:40,5,4.8,8000,5,16000,0,216000
ADANIENT30JAN20215CE.NFO,07/01/2020,10:37:43,5,4.8,8000,5,12000,0,216000
ADANIENT30JAN20215CE.NFO,07/01/2020,10:37:46,5,4.8,8000,5,8000,0,216000
ADANIENT30JAN20215CE.NFO,07/01/2020,10:37:49,5,4.8,8000,5,4000,0,216000
ADANIENT30JAN20215CE.NFO,07/01/2020,10:37:55,5,4.8,12000,5,4000,0,216000
ADANIENT30JAN20215CE.NFO,07/01/2020,10:37:59,5,4.8,16000,5,4000,0,216000
ADANIENT30JAN20215CE.NFO,07/01/2020,10:38:33,5,4.8,16000,5,8000,0,216000
ADANIENT30JAN20215CE.NFO,07/01/2020,10:38:35,5,4.8,20000,5,8000,0,216000
ADANIENT30JAN20215CE.NFO,07/01/2020,10:38:38,5,4.8,8000,4.95,4000,0,216000
ADANIENT30JAN20215CE.NFO,07/01/2020,10:38:40,5,4.8,8000,5,16000,0,216000
ADANIENT30JAN20215CE.NFO,07/01/2020,10:38:42,5,4.8,4000,4.95,4000,0,216000
ADANIENT30JAN20215CE.NFO,07/01/2020,10:38:49,5,4.75,16000,4.95,4000,0,216000
ADANIENT30JAN20215CE.NFO,07/01/2020,10:38:59,5,4.75,12000,4.95,4000,0,216000
ADANIENT30JAN20215CE.NFO,07/01/2020,10:39:03,5,4.8,8000,5,16000,0,216000
ADANIENT30JAN20215CE.NFO,07/01/2020,10:39:06,5,4.75,12000,4.95,8000,0,216000
ADANIENT30JAN20215CE.NFO,07/01/2020,10:39:10,5,4.75,12000,4.95,12000,0,216000
ADANIENT30JAN20215CE.NFO,07/01/2020,10:39:13,5,4.75,12000,4.95,16000,0,216000
ADANIENT30JAN20215CE.NFO,07/01/2020,10:39:16,5,4.75,4000,4.95,8000,0,216000
ADANIENT30JAN20215CE.NFO,07/01/2020,10:39:21,5,4.75,8000,4.95,8000,0,216000
ADANIENT30JAN20215CE.NFO,07/01/2020,10:39:38,5,4.7,12000,4.9,12000,0,216000
ADANIENT30JAN20215CE.NFO,07/01/2020,10:39:52,5,4.75,4000,4.9,8000,0,216000
ADANIENT30JAN20215CE.NFO,07/01/2020,10:39:55,5,4.7,12000,4.9,12000,0,216000
ADANIENT30JAN20215CE.NFO,07/01/2020,10:40:01,5,4.75,4000,4.9,12000,0,216000
ADANIENT30JAN20215CE.NFO,07/01/2020,10:40:04,5,4.75,4000,4.95,12000,0,216000
ADANIENT30JAN20215CE.NFO,07/01/2020,10:40:08,5,4.75,12000,4.95,12000,0,216000
ADANIENT30JAN20215CE.NFO,07/01/2020,10:40:11,5,4.8,12000,4.95,4000,0,216000
ADANIENT30JAN20215CE.NFO,07/01/2020,10:40:14,5,4.8,12000,4.95,8000,0,216000
ADANIENT30JAN20215CE.NFO,07/01/2020,10:40:17,5,4.8,12000,4.95,4000,0,216000
ADANIENT30JAN20215CE.NFO,07/01/2020,10:40:19,5,4.8,4000,4.95,8000,0,216000
ADANIENT30JAN20215CE.NFO,07/01/2020,10:40:22,5,4.8,4000,4.95,4000,0,216000
ADANIENT30JAN20215CE.NFO,07/01/2020,10:40:28,5,4.75,12000,4.95,8000,0,216000
ADANIENT30JAN20215CE.NFO,07/01/2020,10:40:41,5,4.75,12000,4.95,4000,0,216000
ADANIENT30JAN20215CE.NFO,07/01/2020,10:40:46,5,4.75,8000,4.95,4000,0,216000
ADANIENT30JAN20215CE.NFO,07/01/2020,10:40:52,5,4.75,12000,4.95,4000,0,216000
ADANIENT30JAN20215CE.NFO,07/01/2020,10:40:56,5,4.8,8000,4.95,4000,0,216000
ADANIENT30JAN20215CE.NFO,07/01/2020,10:41:18,5,4.8,12000,4.95,4000,0,216000
ADANIENT30JAN20215CE.NFO,07/01/2020,10:41:21,5,4.8,16000,5,12000,0,216000
ADANIENT30JAN20215CE.NFO,07/01/2020,10:41:47,5,4.8,12000,4.95,4000,0,216000
ADANIENT30JAN20215CE.NFO,07/01/2020,10:41:49,5,4.8,16000,4.95,4000,0,216000
ADANIENT30JAN20215CE.NFO,07/01/2020,10:41:52,5,4.8,12000,4.95,4000,0,216000
ADANIENT30JAN20215CE.NFO,07/01/2020,10:41:57,5,4.8,16000,4.95,4000,0,216000
ADANIENT30JAN20215CE.NFO,07/01/2020,10:42:04,5,4.85,4000,5,8000,0,216000
ADANIENT30JAN20215CE.NFO,07/01/2020,10:42:11,5,4.8,12000,5,4000,0,216000
ADANIENT30JAN20215CE.NFO,07/01/2020,10:42:17,5,4.8,12000,4.95,4000,0,216000
ADANIENT30JAN20215CE.NFO,07/01/2020,10:42:21,5,4.85,16000,4.95,4000,0,216000
ADANIENT30JAN20215CE.NFO,07/01/2020,10:42:24,5,4.85,4000,4.95,4000,0,216000
ADANIENT30JAN20215CE.NFO,07/01/2020,10:42:34,5,4.8,12000,4.95,4000,0,216000
ADANIENT30JAN20215CE.NFO,07/01/2020,10:42:50,5,4.75,12000,4.95,12000,0,216000
ADANIENT30JAN20215CE.NFO,07/01/2020,10:43:01,5,4.8,8000,4.95,8000,0,216000
ADANIENT30JAN20215CE.NFO,07/01/2020,10:43:04,5,4.8,8000,4.95,4000,0,216000
ADANIENT30JAN20215CE.NFO,07/01/2020,10:43:18,5,4.8,8000,4.95,8000,0,216000
ADANIENT30JAN20215CE.NFO,07/01/2020,10:43:37,5,4.8,12000,4.95,8000,0,216000
ADANIENT30JAN20215CE.NFO,07/01/2020,10:43:40,5,4.8,4000,4.95,8000,0,216000
ADANIENT30JAN20215CE.NFO,07/01/2020,10:43:44,5,4.8,8000,4.95,8000,0,216000
ADANIENT30JAN20215CE.NFO,07/01/2020,10:43:58,5,4.8,4000,4.95,4000,0,216000
ADANIENT30JAN20215CE.NFO,07/01/2020,10:44:09,5,4.8,8000,4.95,4000,0,216000
ADANIENT30JAN20215CE.NFO,07/01/2020,10:45:10,5,4.8,12000,4.95,4000,0,216000
ADANIENT30JAN20215CE.NFO,07/01/2020,10:45:28,5,4.8,8000,4.95,4000,0,216000
ADANIENT30JAN20215CE.NFO,07/01/2020,10:46:02,5,4.8,4000,4.95,4000,0,216000
ADANIENT30JAN20215CE.NFO,07/01/2020,10:46:28,5,4.8,4000,4.95,8000,0,216000
ADANIENT30JAN20215CE.NFO,07/01/2020,10:46:44,5,4.85,4000,4.95,4000,0,216000
ADANIENT30JAN20215CE.NFO,07/01/2020,10:46:58,4.95,4.9,4000,5,4000,4000,216000
ADANIENT30JAN20215CE.NFO,07/01/2020,10:47:01,4.95,4.85,12000,5,4000,0,216000
ADANIENT30JAN20215CE.NFO,07/01/2020,10:47:03,4.95,4.85,16000,5,4000,0,216000
ADANIENT30JAN20215CE.NFO,07/01/2020,10:47:06,4.95,4.85,12000,5,4000,0,216000
ADANIENT30JAN20215CE.NFO,07/01/2020,10:47:11,4.95,4.85,4000,5,8000,0,216000
ADANIENT30JAN20215CE.NFO,07/01/2020,10:47:17,4.95,4.85,12000,4.95,4000,0,216000
ADANIENT30JAN20215CE.NFO,07/01/2020,10:47:22,4.95,4.85,8000,5,4000,0,216000
ADANIENT30JAN20215CE.NFO,07/01/2020,10:47:26,4.95,4.85,16000,5,4000,0,216000
ADANIENT30JAN20215CE.NFO,07/01/2020,10:47:29,4.95,4.85,4000,5,4000,0,216000
ADANIENT30JAN20215CE.NFO,07/01/2020,10:47:55,4.95,4.85,4000,4.95,4000,0,216000
ADANIENT30JAN20215CE.NFO,07/01/2020,10:48:01,4.95,4.85,12000,5.05,4000,0,216000
ADANIENT30JAN20215CE.NFO,07/01/2020,10:48:05,4.95,4.9,4000,5.05,4000,0,216000
ADANIENT30JAN20215CE.NFO,07/01/2020,10:48:12,4.95,4.85,12000,5,4000,0,216000
ADANIENT30JAN20215CE.NFO,07/01/2020,10:48:21,4.95,4.85,4000,5,8000,0,216000
ADANIENT30JAN20215CE.NFO,07/01/2020,10:48:25,4.95,4.85,8000,5.05,4000,0,216000
ADANIENT30JAN20215CE.NFO,07/01/2020,10:48:32,4.95,4.9,4000,5.05,4000,0,216000
ADANIENT30JAN20215CE.NFO,07/01/2020,10:48:37,4.95,4.85,8000,5,4000,0,216000
ADANIENT30JAN20215CE.NFO,07/01/2020,10:48:42,4.95,4.9,4000,5,8000,0,216000
ADANIENT30JAN20215CE.NFO,07/01/2020,10:48:46,4.95,4.85,12000,5,4000,0,216000
ADANIENT30JAN20215CE.NFO,07/01/2020,10:49:03,4.95,4.85,16000,5,4000,0,216000
ADANIENT30JAN20215CE.NFO,07/01/2020,10:49:18,4.95,4.9,4000,5.05,4000,0,216000
ADANIENT30JAN20215CE.NFO,07/01/2020,10:49:21,4.95,4.9,4000,5,4000,0,216000
ADANIENT30JAN20215CE.NFO,07/01/2020,10:49:25,4.95,4.85,16000,4.95,4000,0,216000
ADANIENT30JAN20215CE.NFO,07/01/2020,10:49:29,4.95,4.85,16000,5.05,20000,0,216000
ADANIENT30JAN20215CE.NFO,07/01/2020,10:49:32,4.95,4.9,4000,5.05,4000,0,216000
ADANIENT30JAN20215CE.NFO,07/01/2020,10:49:35,4.95,4.85,16000,5.05,4000,0,216000
ADANIENT30JAN20215CE.NFO,07/01/2020,10:49:42,4.95,4.9,8000,5.05,4000,0,216000
ADANIENT30JAN20215CE.NFO,07/01/2020,10:49:46,4.95,4.9,4000,5.05,4000,0,216000
ADANIENT30JAN20215CE.NFO,07/01/2020,10:49:54,4.95,4.9,4000,5,4000,0,216000
ADANIENT30JAN20215CE.NFO,07/01/2020,10:50:06,4.95,4.85,8000,4.95,4000,0,216000
ADANIENT30JAN20215CE.NFO,07/01/2020,10:50:12,4.95,4.85,4000,5,4000,0,216000
ADANIENT30JAN20215CE.NFO,07/01/2020,10:50:27,4.95,4.8,16000,4.95,4000,0,216000
ADANIENT30JAN20215CE.NFO,07/01/2020,10:50:31,4.95,4.8,12000,4.95,4000,0,216000
ADANIENT30JAN20215CE.NFO,07/01/2020,10:50:39,4.95,4.8,12000,4.95,12000,0,216000
ADANIENT30JAN20215CE.NFO,07/01/2020,10:50:47,4.95,4.8,8000,4.95,12000,0,216000
ADANIENT30JAN20215CE.NFO,07/01/2020,10:50:57,4.95,4.75,20000,4.95,16000,0,216000
ADANIENT30JAN20215CE.NFO,07/01/2020,10:51:16,4.95,4.8,4000,4.95,16000,0,216000
ADANIENT30JAN20215CE.NFO,07/01/2020,10:51:19,4.95,4.85,4000,5,4000,0,216000
ADANIENT30JAN20215CE.NFO,07/01/2020,10:51:30,4.95,4.8,8000,4.95,8000,0,216000
ADANIENT30JAN20215CE.NFO,07/01/2020,10:51:40,4.95,4.85,4000,4.95,4000,0,216000
ADANIENT30JAN20215CE.NFO,07/01/2020,10:51:45,4.95,4.85,4000,5,4000,0,216000
ADANIENT30JAN20215CE.NFO,07/01/2020,10:51:58,4.95,4.8,8000,4.9,4000,0,216000
ADANIENT30JAN20215CE.NFO,07/01/2020,10:52:22,4.95,4.75,12000,4.85,4000,0,216000
ADANIENT30JAN20215CE.NFO,07/01/2020,10:52:50,4.95,4.7,12000,4.8,4000,0,216000
ADANIENT30JAN20215CE.NFO,07/01/2020,10:52:59,4.95,4.7,12000,4.85,4000,0,216000
ADANIENT30JAN20215CE.NFO,07/01/2020,10:53:06,4.95,4.7,12000,4.8,4000,0,216000
ADANIENT30JAN20215CE.NFO,07/01/2020,10:53:17,4.95,4.65,16000,4.75,4000,0,216000
ADANIENT30JAN20215CE.NFO,07/01/2020,10:53:27,4.95,4.7,4000,4.8,4000,0,216000
ADANIENT30JAN20215CE.NFO,07/01/2020,10:53:32,4.95,4.7,12000,4.85,4000,0,216000
ADANIENT30JAN20215CE.NFO,07/01/2020,10:53:37,4.95,4.7,4000,4.8,4000,0,216000
ADANIENT30JAN20215CE.NFO,07/01/2020,10:53:42,4.95,4.75,4000,4.85,12000,0,216000
ADANIENT30JAN20215CE.NFO,07/01/2020,10:53:48,4.95,4.75,4000,4.85,8000,0,216000
ADANIENT30JAN20215CE.NFO,07/01/2020,10:53:54,4.65,4.65,4000,4.7,4000,8000,216000
ADANIENT30JAN20215CE.NFO,07/01/2020,10:54:00,4.65,4.65,8000,4.7,4000,0,216000
ADANIENT30JAN20215CE.NFO,07/01/2020,10:54:05,4.65,4.65,12000,4.7,4000,0,216000
ADANIENT30JAN20215CE.NFO,07/01/2020,10:54:10,4.65,4.65,16000,4.7,4000,0,216000
ADANIENT30JAN20215CE.NFO,07/01/2020,10:54:16,4.7,4.65,16000,4.75,4000,4000,216000
ADANIENT30JAN20215CE.NFO,07/01/2020,10:54:22,4.7,4.7,8000,4.8,4000,0,216000
ADANIENT30JAN20215CE.NFO,07/01/2020,10:54:43,4.7,4.7,8000,4.85,4000,0,216000
ADANIENT30JAN20215CE.NFO,07/01/2020,10:54:47,4.7,4.75,4000,4.9,4000,0,216000
ADANIENT30JAN20215CE.NFO,07/01/2020,10:55:02,4.7,4.75,8000,4.9,4000,0,216000
ADANIENT30JAN20215CE.NFO,07/01/2020,10:55:07,4.7,4.75,4000,4.9,4000,0,216000
ADANIENT30JAN20215CE.NFO,07/01/2020,10:55:11,4.7,4.7,20000,4.85,4000,0,216000
ADANIENT30JAN20215CE.NFO,07/01/2020,10:55:25,4.7,4.7,16000,4.85,4000,0,216000
ADANIENT30JAN20215CE.NFO,07/01/2020,10:55:30,4.7,4.7,4000,4.85,8000,0,216000
ADANIENT30JAN20215CE.NFO,07/01/2020,10:55:35,4.7,4.7,8000,4.8,4000,0,216000
ADANIENT30JAN20215CE.NFO,07/01/2020,10:55:41,4.7,4.7,16000,4.85,12000,0,216000
ADANIENT30JAN20215CE.NFO,07/01/2020,10:56:14,4.7,4.7,20000,4.85,12000,0,216000
ADANIENT30JAN20215CE.NFO,07/01/2020,10:56:23,4.7,4.75,4000,4.9,4000,0,216000
ADANIENT30JAN20215CE.NFO,07/01/2020,10:56:28,4.7,4.75,12000,4.9,8000,0,216000
ADANIENT30JAN20215CE.NFO,07/01/2020,10:56:43,4.7,4.75,8000,4.9,8000,0,216000
ADANIENT30JAN20215CE.NFO,07/01/2020,10:56:54,4.7,4.7,20000,4.9,12000,0,216000
ADANIENT30JAN20215CE.NFO,07/01/2020,10:57:03,4.7,4.7,20000,4.9,8000,0,216000
ADANIENT30JAN20215CE.NFO,07/01/2020,10:57:11,4.7,4.7,8000,4.85,4000,0,216000
ADANIENT30JAN20215CE.NFO,07/01/2020,10:57:17,4.7,4.7,4000,4.85,4000,0,216000
ADANIENT30JAN20215CE.NFO,07/01/2020,10:57:24,4.7,4.7,12000,4.85,12000,0,216000
ADANIENT30JAN20215CE.NFO,07/01/2020,10:57:37,4.7,4.7,4000,4.85,16000,0,216000
ADANIENT30JAN20215CE.NFO,07/01/2020,10:57:42,4.7,4.65,16000,4.8,4000,0,216000
ADANIENT30JAN20215CE.NFO,07/01/2020,10:57:47,4.7,4.7,4000,4.8,4000,0,216000
ADANIENT30JAN20215CE.NFO,07/01/2020,10:57:56,4.7,4.65,8000,4.8,4000,0,216000
ADANIENT30JAN20215CE.NFO,07/01/2020,10:58:00,4.7,4.65,4000,4.8,4000,0,216000
ADANIENT30JAN20215CE.NFO,07/01/2020,10:58:05,4.7,4.6,20000,4.75,4000,0,216000
ADANIENT30JAN20215CE.NFO,07/01/2020,10:58:10,4.7,4.65,4000,4.75,4000,0,216000
ADANIENT30JAN20215CE.NFO,07/01/2020,10:58:14,4.7,4.6,20000,4.75,4000,0,216000
ADANIENT30JAN20215CE.NFO,07/01/2020,10:58:24,4.7,4.6,12000,4.75,16000,0,216000
ADANIENT30JAN20215CE.NFO,07/01/2020,10:58:30,4.7,4.6,12000,4.75,12000,0,216000
ADANIENT30JAN20215CE.NFO,07/01/2020,10:58:35,4.7,4.6,12000,4.75,8000,0,216000
ADANIENT30JAN20215CE.NFO,07/01/2020,10:58:55,4.7,4.6,8000,4.75,16000,0,216000
ADANIENT30JAN20215CE.NFO,07/01/2020,10:59:00,4.7,4.6,4000,4.75,12000,0,216000
ADANIENT30JAN20215CE.NFO,07/01/2020,10:59:05,4.7,4.6,4000,4.75,16000,0,216000
ADANIENT30JAN20215CE.NFO,07/01/2020,10:59:12,4.7,4.6,4000,4.7,4000,0,216000
ADANIENT30JAN20215CE.NFO,07/01/2020,10:59:17,4.7,4.6,4000,4.7,8000,0,216000
ADANIENT30JAN20215CE.NFO,07/01/2020,10:59:23,4.7,4.6,4000,4.7,16000,0,216000
ADANIENT30JAN20215CE.NFO,07/01/2020,10:59:33,4.7,4.6,4000,4.7,4000,0,216000
ADANIENT30JAN20215CE.NFO,07/01/2020,10:59:44,4.7,4.55,12000,4.7,12000,0,216000
ADANIENT30JAN20215CE.NFO,07/01/2020,10:59:54,4.7,4.55,8000,4.65,4000,0,216000
ADANIENT30JAN20215CE.NFO,07/01/2020,11:00:12,4.55,4.45,16000,4.6,8000,4000,216000
ADANIENT30JAN20215CE.NFO,07/01/2020,11:00:18,4.55,4.4,20000,4.55,12000,0,216000
ADANIENT30JAN20215CE.NFO,07/01/2020,11:00:25,4.55,4.4,20000,4.55,4000,0,216000
ADANIENT30JAN20215CE.NFO,07/01/2020,11:00:31,4.55,4.4,20000,4.55,8000,0,216000
ADANIENT30JAN20215CE.NFO,07/01/2020,11:00:57,4.55,4.4,4000,4.5,8000,0,216000
ADANIENT30JAN20215CE.NFO,07/01/2020,11:01:12,4.55,4.4,20000,4.55,8000,0,216000
ADANIENT30JAN20215CE.NFO,07/01/2020,11:01:19,4.55,4.4,16000,4.55,8000,0,216000
ADANIENT30JAN20215CE.NFO,07/01/2020,11:01:46,4.55,4.5,8000,4.6,4000,0,216000
ADANIENT30JAN20215CE.NFO,07/01/2020,11:01:53,4.55,4.5,8000,4.65,8000,0,216000
ADANIENT30JAN20215CE.NFO,07/01/2020,11:02:07,4.55,4.55,4000,4.65,8000,0,216000
ADANIENT30JAN20215CE.NFO,07/01/2020,11:02:14,4.55,4.5,16000,4.65,8000,0,216000
ADANIENT30JAN20215CE.NFO,07/01/2020,11:02:26,4.55,4.5,8000,4.65,8000,0,216000
ADANIENT30JAN20215CE.NFO,07/01/2020,11:02:33,4.55,4.5,4000,4.6,4000,0,216000
ADANIENT30JAN20215CE.NFO,07/01/2020,11:02:56,4.55,4.5,4000,4.6,8000,0,216000
ADANIENT30JAN20215CE.NFO,07/01/2020,11:03:02,4.55,4.5,4000,4.6,4000,0,216000
ADANIENT30JAN20215CE.NFO,07/01/2020,11:03:07,4.55,4.5,4000,4.6,8000,0,216000
ADANIENT30JAN20215CE.NFO,07/01/2020,11:03:19,4.55,4.5,4000,4.6,4000,0,216000
ADANIENT30JAN20215CE.NFO,07/01/2020,11:03:41,4.55,4.5,4000,4.6,12000,0,216000
ADANIENT30JAN20215CE.NFO,07/01/2020,11:03:47,4.55,4.5,4000,4.6,4000,0,216000
ADANIENT30JAN20215CE.NFO,07/01/2020,11:03:59,4.55,4.5,8000,4.65,8000,0,216000
ADANIENT30JAN20215CE.NFO,07/01/2020,11:04:05,4.55,4.5,4000,4.6,8000,0,216000
ADANIENT30JAN20215CE.NFO,07/01/2020,11:04:52,4.55,4.5,4000,4.65,12000,0,216000
ADANIENT30JAN20215CE.NFO,07/01/2020,11:04:58,4.55,4.45,16000,4.6,4000,0,216000
ADANIENT30JAN20215CE.NFO,07/01/2020,11:05:09,4.55,4.5,4000,4.65,12000,0,216000
ADANIENT30JAN20215CE.NFO,07/01/2020,11:05:15,4.55,4.4,20000,4.55,4000,0,216000
ADANIENT30JAN20215CE.NFO,07/01/2020,11:05:20,4.55,4.4,20000,4.55,8000,0,216000
ADANIENT30JAN20215CE.NFO,07/01/2020,11:05:30,4.55,4.4,20000,4.55,4000,0,216000
ADANIENT30JAN20215CE.NFO,07/01/2020,11:05:36,4.55,4.4,20000,4.55,8000,0,216000
ADANIENT30JAN20215CE.NFO,07/01/2020,11:05:41,4.55,4.45,4000,4.55,4000,0,216000
ADANIENT30JAN20215CE.NFO,07/01/2020,11:05:46,4.55,4.4,20000,4.55,4000,0,216000
ADANIENT30JAN20215CE.NFO,07/01/2020,11:05:52,4.55,4.5,4000,4.6,4000,0,216000
ADANIENT30JAN20215CE.NFO,07/01/2020,11:06:10,4.55,4.45,12000,4.6,8000,0,216000
ADANIENT30JAN20215CE.NFO,07/01/2020,11:06:49,4.55,4.45,8000,4.55,4000,0,216000
ADANIENT30JAN20215CE.NFO,07/01/2020,11:06:55,4.45,4.4,16000,4.55,4000,8000,216000
ADANIENT30JAN20215CE.NFO,07/01/2020,11:07:00,4.45,4.45,4000,4.6,8000,0,216000
ADANIENT30JAN20215CE.NFO,07/01/2020,11:07:06,4.45,4.4,16000,4.55,4000,0,216000
ADANIENT30JAN20215CE.NFO,07/01/2020,11:07:11,4.45,4.45,12000,4.6,4000,0,216000
ADANIENT30JAN20215CE.NFO,07/01/2020,11:07:45,4.45,4.45,8000,4.6,4000,0,216000
ADANIENT30JAN20215CE.NFO,07/01/2020,11:07:54,4.45,4.45,12000,4.6,4000,0,216000
ADANIENT30JAN20215CE.NFO,07/01/2020,11:08:14,4.45,4.45,12000,4.6,8000,0,216000
ADANIENT30JAN20215CE.NFO,07/01/2020,11:08:42,4.45,4.45,12000,4.6,12000,0,216000
ADANIENT30JAN20215CE.NFO,07/01/2020,11:08:46,4.45,4.4,16000,4.55,4000,0,216000
ADANIENT30JAN20215CE.NFO,07/01/2020,11:08:51,4.45,4.45,12000,4.6,8000,0,216000
ADANIENT30JAN20215CE.NFO,07/01/2020,11:08:55,4.45,4.4,16000,4.55,4000,0,216000
ADANIENT30JAN20215CE.NFO,07/01/2020,11:09:00,4.45,4.4,4000,4.55,12000,0,216000
ADANIENT30JAN20215CE.NFO,07/01/2020,11:09:05,4.45,4.4,12000,4.5,4000,0,216000
ADANIENT30JAN20215CE.NFO,07/01/2020,11:09:09,4.45,4.45,12000,4.6,4000,0,216000
ADANIENT30JAN20215CE.NFO,07/01/2020,11:09:23,4.45,4.45,8000,4.6,4000,0,216000
ADANIENT30JAN20215CE.NFO,07/01/2020,11:09:28,4.45,4.45,12000,4.6,4000,0,216000
ADANIENT30JAN20215CE.NFO,07/01/2020,11:09:32,4.45,4.45,8000,4.6,4000,0,216000
ADANIENT30JAN20215CE.NFO,07/01/2020,11:09:37,4.45,4.45,4000,4.6,4000,0,216000
ADANIENT30JAN20215CE.NFO,07/01/2020,11:09:40,4.45,4.45,12000,4.6,8000,0,216000
ADANIENT30JAN20215CE.NFO,07/01/2020,11:09:49,4.45,4.4,16000,4.55,4000,0,216000
ADANIENT30JAN20215CE.NFO,07/01/2020,11:10:03,4.45,4.4,12000,4.55,12000,0,216000
ADANIENT30JAN20215CE.NFO,07/01/2020,11:10:08,4.45,4.4,8000,4.55,12000,0,216000
ADANIENT30JAN20215CE.NFO,07/01/2020,11:10:26,4.45,4.4,8000,4.5,4000,0,216000
ADANIENT30JAN20215CE.NFO,07/01/2020,11:10:41,4.45,4.4,8000,4.55,8000,0,216000
ADANIENT30JAN20215CE.NFO,07/01/2020,11:10:56,4.45,4.4,12000,4.55,8000,0,216000
ADANIENT30JAN20215CE.NFO,07/01/2020,11:11:10,4.45,4.4,4000,4.5,12000,0,216000
ADANIENT30JAN20215CE.NFO,07/01/2020,11:11:16,4.45,4.4,4000,4.45,4000,0,216000
ADANIENT30JAN20215CE.NFO,07/01/2020,11:11:30,4.45,4.4,4000,4.45,8000,0,216000
ADANIENT30JAN20215CE.NFO,07/01/2020,11:11:37,4.45,4.4,4000,4.45,4000,0,216000
ADANIENT30JAN20215CE.NFO,07/01/2020,11:11:43,4.45,4.4,4000,4.5,12000,0,216000
ADANIENT30JAN20215CE.NFO,07/01/2020,11:11:48,4.45,4.4,4000,4.45,4000,0,216000
ADANIENT30JAN20215CE.NFO,07/01/2020,11:11:54,4.45,4.4,4000,4.45,8000,0,216000
ADANIENT30JAN20215CE.NFO,07/01/2020,11:12:08,4.4,4.3,4000,4.45,16000,4000,216000
ADANIENT30JAN20215CE.NFO,07/01/2020,11:12:16,4.4,4.3,8000,4.45,8000,0,216000
ADANIENT30JAN20215CE.NFO,07/01/2020,11:12:22,4.4,4.3,4000,4.45,8000,0,216000
ADANIENT30JAN20215CE.NFO,07/01/2020,11:12:36,4.4,4.35,4000,4.5,4000,0,216000
ADANIENT30JAN20215CE.NFO,07/01/2020,11:12:42,4.4,4.35,8000,4.5,12000,0,216000
ADANIENT30JAN20215CE.NFO,07/01/2020,11:12:51,4.4,4.4,4000,4.5,8000,0,216000
ADANIENT30JAN20215CE.NFO,07/01/2020,11:12:56,4.4,4.4,4000,4.5,4000,0,216000
ADANIENT30JAN20215CE.NFO,07/01/2020,11:13:00,4.4,4.35,4000,4.5,8000,0,216000
ADANIENT30JAN20215CE.NFO,07/01/2020,11:13:06,4.4,4.35,8000,4.45,4000,0,216000
ADANIENT30JAN20215CE.NFO,07/01/2020,11:13:12,4.4,4.35,4000,4.45,4000,0,216000
ADANIENT30JAN20215CE.NFO,07/01/2020,11:13:18,4.4,4.3,8000,4.45,4000,0,216000
ADANIENT30JAN20215CE.NFO,07/01/2020,11:13:24,4.4,4.35,4000,4.45,4000,0,216000
ADANIENT30JAN20215CE.NFO,07/01/2020,11:13:29,4.4,4.3,8000,4.45,8000,0,216000
ADANIENT30JAN20215CE.NFO,07/01/2020,11:13:35,4.4,4.25,4000,4.4,8000,0,216000
ADANIENT30JAN20215CE.NFO,07/01/2020,11:13:41,4.4,4.2,8000,4.35,4000,0,216000
ADANIENT30JAN20215CE.NFO,07/01/2020,11:13:48,4.4,4.15,8000,4.35,20000,0,216000
ADANIENT30JAN20215CE.NFO,07/01/2020,11:13:54,4.4,4.15,8000,4.3,4000,0,216000
ADANIENT30JAN20215CE.NFO,07/01/2020,11:14:16,4.4,4.15,8000,4.3,12000,0,216000
ADANIENT30JAN20215CE.NFO,07/01/2020,11:14:22,4.4,4.15,4000,4.3,4000,0,216000
ADANIENT30JAN20215CE.NFO,07/01/2020,11:14:27,4.4,4.15,8000,4.3,4000,0,216000
ADANIENT30JAN20215CE.NFO,07/01/2020,11:14:47,4.4,4.2,4000,4.35,8000,0,216000
ADANIENT30JAN20215CE.NFO,07/01/2020,11:15:03,4.4,4.2,4000,4.35,4000,0,216000
ADANIENT30JAN20215CE.NFO,07/01/2020,11:15:09,4.4,4.15,4000,4.3,12000,0,216000
ADANIENT30JAN20215CE.NFO,07/01/2020,11:15:15,4.4,4.2,4000,4.3,8000,0,216000
ADANIENT30JAN20215CE.NFO,07/01/2020,11:15:20,4.4,4.2,4000,4.3,4000,0,216000
ADANIENT30JAN20215CE.NFO,07/01/2020,11:15:26,4.4,4.15,12000,4.3,4000,0,216000
ADANIENT30JAN20215CE.NFO,07/01/2020,11:15:31,4.4,4.15,16000,4.3,4000,0,216000
ADANIENT30JAN20215CE.NFO,07/01/2020,11:15:44,4.4,4.15,8000,4.3,8000,0,216000
ADANIENT30JAN20215CE.NFO,07/01/2020,11:15:49,4.4,4.15,16000,4.3,8000,0,216000
ADANIENT30JAN20215CE.NFO,07/01/2020,11:15:59,4.4,4.15,12000,4.3,8000,0,216000
ADANIENT30JAN20215CE.NFO,07/01/2020,11:16:12,4.4,4.1,8000,4.25,4000,0,216000
ADANIENT30JAN20215CE.NFO,07/01/2020,11:16:18,4.4,4.15,16000,4.3,4000,0,216000
ADANIENT30JAN20215CE.NFO,07/01/2020,11:16:44,4.4,4.2,12000,4.35,4000,0,216000
ADANIENT30JAN20215CE.NFO,07/01/2020,11:16:49,4.4,4.2,8000,4.35,4000,0,216000
ADANIENT30JAN20215CE.NFO,07/01/2020,11:16:56,4.4,4.3,12000,4.45,4000,0,216000
ADANIENT30JAN20215CE.NFO,07/01/2020,11:17:02,4.4,4.25,12000,4.4,4000,0,216000
ADANIENT30JAN20215CE.NFO,07/01/2020,11:17:07,4.4,4.3,4000,4.4,4000,0,216000
ADANIENT30JAN20215CE.NFO,07/01/2020,11:17:11,4.4,4.3,12000,4.45,8000,0,216000
ADANIENT30JAN20215CE.NFO,07/01/2020,11:17:16,4.4,4.35,4000,4.45,4000,0,216000
ADANIENT30JAN20215CE.NFO,07/01/2020,11:17:30,4.4,4.3,4000,4.45,8000,0,216000
ADANIENT30JAN20215CE.NFO,07/01/2020,11:17:36,4.4,4.35,8000,4.45,4000,0,216000
ADANIENT30JAN20215CE.NFO,07/01/2020,11:17:42,4.4,4.35,4000,4.45,4000,0,216000
ADANIENT30JAN20215CE.NFO,07/01/2020,11:17:47,4.4,4.35,12000,4.5,8000,0,216000
ADANIENT30JAN20215CE.NFO,07/01/2020,11:17:52,4.4,4.35,8000,4.45,4000,0,216000
ADANIENT30JAN20215CE.NFO,07/01/2020,11:17:57,4.4,4.35,4000,4.5,4000,0,216000
ADANIENT30JAN20215CE.NFO,07/01/2020,11:18:12,4.4,4.3,4000,4.4,4000,0,216000
ADANIENT30JAN20215CE.NFO,07/01/2020,11:18:16,4.4,4.3,4000,4.45,4000,0,216000
ADANIENT30JAN20215CE.NFO,07/01/2020,11:18:21,4.4,4.3,4000,4.4,4000,0,216000
ADANIENT30JAN20215CE.NFO,07/01/2020,11:18:41,4.4,4.3,4000,4.45,4000,0,216000
ADANIENT30JAN20215CE.NFO,07/01/2020,11:18:48,4.4,4.3,8000,4.45,4000,0,216000
ADANIENT30JAN20215CE.NFO,07/01/2020,11:18:58,4.4,4.3,8000,4.45,8000,0,216000
ADANIENT30JAN20215CE.NFO,07/01/2020,11:19:04,4.4,4.35,8000,4.5,12000,0,216000
ADANIENT30JAN20215CE.NFO,07/01/2020,11:19:16,4.4,4.3,8000,4.4,4000,0,216000
ADANIENT30JAN20215CE.NFO,07/01/2020,11:19:24,4.4,4.2,12000,4.35,4000,0,216000
ADANIENT30JAN20215CE.NFO,07/01/2020,11:19:33,4.4,4.25,8000,4.35,4000,0,216000
ADANIENT30JAN20215CE.NFO,07/01/2020,11:19:39,4.4,4.3,4000,4.4,8000,0,216000
ADANIENT30JAN20215CE.NFO,07/01/2020,11:19:51,4.4,4.3,4000,4.4,4000,0,216000
ADANIENT30JAN20215CE.NFO,07/01/2020,11:20:05,4.4,4.25,4000,4.4,8000,0,216000
ADANIENT30JAN20215CE.NFO,07/01/2020,11:20:16,4.4,4.3,4000,4.4,4000,0,216000
ADANIENT30JAN20215CE.NFO,07/01/2020,11:20:30,4.4,4.3,8000,4.4,4000,0,216000
ADANIENT30JAN20215CE.NFO,07/01/2020,11:20:52,4.4,4.35,8000,4.5,4000,4000,220000
ADANIENT30JAN20215CE.NFO,07/01/2020,11:20:57,4.4,4.3,8000,4.45,12000,0,220000
ADANIENT30JAN20215CE.NFO,07/01/2020,11:21:07,4.4,4.35,4000,4.45,8000,0,220000
ADANIENT30JAN20215CE.NFO,07/01/2020,11:21:29,4.4,4.3,12000,4.45,8000,0,220000
ADANIENT30JAN20215CE.NFO,07/01/2020,11:21:35,4.4,4.35,4000,4.45,12000,0,220000
ADANIENT30JAN20215CE.NFO,07/01/2020,11:21:40,4.4,4.3,4000,4.45,4000,0,220000
ADANIENT30JAN20215CE.NFO,07/01/2020,11:21:45,4.4,4.3,16000,4.45,12000,0,220000
ADANIENT30JAN20215CE.NFO,07/01/2020,11:21:53,4.4,4.3,12000,4.45,12000,0,220000
ADANIENT30JAN20215CE.NFO,07/01/2020,11:22:26,4.4,4.3,12000,4.45,8000,0,220000
ADANIENT30JAN20215CE.NFO,07/01/2020,11:22:30,4.4,4.35,4000,4.5,4000,0,220000
ADANIENT30JAN20215CE.NFO,07/01/2020,11:22:43,4.4,4.35,8000,4.5,4000,0,220000
ADANIENT30JAN20215CE.NFO,07/01/2020,11:22:54,4.4,4.35,12000,4.5,8000,0,220000
ADANIENT30JAN20215CE.NFO,07/01/2020,11:22:59,4.4,4.4,4000,4.5,8000,0,220000
ADANIENT30JAN20215CE.NFO,07/01/2020,11:23:04,4.4,4.35,12000,4.5,8000,0,220000
ADANIENT30JAN20215CE.NFO,07/01/2020,11:23:14,4.4,4.35,4000,4.45,4000,0,220000
ADANIENT30JAN20215CE.NFO,07/01/2020,11:23:19,4.4,4.35,4000,4.5,4000,0,220000
ADANIENT30JAN20215CE.NFO,07/01/2020,11:23:49,4.4,4.35,12000,4.5,4000,0,220000
ADANIENT30JAN20215CE.NFO,07/01/2020,11:24:04,4.4,4.4,12000,4.55,8000,0,220000
ADANIENT30JAN20215CE.NFO,07/01/2020,11:24:25,4.4,4.45,4000,4.55,8000,0,220000
ADANIENT30JAN20215CE.NFO,07/01/2020,11:24:29,4.4,4.45,4000,4.55,4000,0,220000
ADANIENT30JAN20215CE.NFO,07/01/2020,11:24:34,4.4,4.45,8000,4.6,4000,0,220000
ADANIENT30JAN20215CE.NFO,07/01/2020,11:24:38,4.4,4.45,12000,4.6,4000,0,220000
ADANIENT30JAN20215CE.NFO,07/01/2020,11:24:47,4.4,4.45,12000,4.6,16000,0,220000
ADANIENT30JAN20215CE.NFO,07/01/2020,11:24:51,4.4,4.45,8000,4.6,16000,0,220000
ADANIENT30JAN20215CE.NFO,07/01/2020,11:24:59,4.4,4.45,4000,4.6,8000,0,220000
ADANIENT30JAN20215CE.NFO,07/01/2020,11:25:10,4.4,4.4,12000,4.6,8000,0,220000
ADANIENT30JAN20215CE.NFO,07/01/2020,11:25:14,4.4,4.45,8000,4.6,8000,0,220000
ADANIENT30JAN20215CE.NFO,07/01/2020,11:25:33,4.4,4.5,4000,4.65,4000,0,220000
ADANIENT30JAN20215CE.NFO,07/01/2020,11:25:37,4.4,4.5,4000,4.6,4000,0,220000
ADANIENT30JAN20215CE.NFO,07/01/2020,11:25:41,4.4,4.5,4000,4.65,4000,0,220000
ADANIENT30JAN20215CE.NFO,07/01/2020,11:25:46,4.4,4.5,4000,4.65,8000,0,220000
ADANIENT30JAN20215CE.NFO,07/01/2020,11:25:50,4.4,4.5,4000,4.6,4000,0,220000
ADANIENT30JAN20215CE.NFO,07/01/2020,11:26:02,4.4,4.5,4000,4.65,4000,0,220000
ADANIENT30JAN20215CE.NFO,07/01/2020,11:26:05,4.4,4.5,12000,4.65,4000,0,220000
ADANIENT30JAN20215CE.NFO,07/01/2020,11:26:14,4.4,4.5,8000,4.65,4000,0,220000
ADANIENT30JAN20215CE.NFO,07/01/2020,11:26:18,4.4,4.5,12000,4.65,4000,0,220000
ADANIENT30JAN20215CE.NFO,07/01/2020,11:26:26,4.4,4.5,4000,4.65,4000,0,220000
ADANIENT30JAN20215CE.NFO,07/01/2020,11:26:30,4.4,4.55,4000,4.7,4000,0,220000
ADANIENT30JAN20215CE.NFO,07/01/2020,11:26:40,4.4,4.5,8000,4.65,4000,0,220000
ADANIENT30JAN20215CE.NFO,07/01/2020,11:26:49,4.4,4.55,4000,4.7,8000,0,220000
ADANIENT30JAN20215CE.NFO,07/01/2020,11:26:53,4.4,4.55,4000,4.7,4000,0,220000
ADANIENT30JAN20215CE.NFO,07/01/2020,11:26:59,4.4,4.55,4000,4.7,8000,0,220000
ADANIENT30JAN20215CE.NFO,07/01/2020,11:27:15,4.4,4.5,4000,4.7,12000,0,220000
ADANIENT30JAN20215CE.NFO,07/01/2020,11:27:24,4.4,4.5,4000,4.65,4000,0,220000
ADANIENT30JAN20215CE.NFO,07/01/2020,11:27:37,4.4,4.45,4000,4.65,8000,0,220000
ADANIENT30JAN20215CE.NFO,07/01/2020,11:27:47,4.4,4.5,4000,4.65,8000,0,220000
ADANIENT30JAN20215CE.NFO,07/01/2020,11:27:52,4.4,4.5,4000,4.65,4000,0,220000
ADANIENT30JAN20215CE.NFO,07/01/2020,11:28:09,4.4,4.5,4000,4.75,12000,0,220000
ADANIENT30JAN20215CE.NFO,07/01/2020,11:28:11,4.4,4.5,4000,4.7,4000,0,220000
ADANIENT30JAN20215CE.NFO,07/01/2020,11:28:14,4.4,4.4,4000,4.55,4000,0,220000
ADANIENT30JAN20215CE.NFO,07/01/2020,11:28:17,4.4,4.35,4000,4.5,8000,0,220000
ADANIENT30JAN20215CE.NFO,07/01/2020,11:28:21,4.4,4.2,4000,4.45,12000,0,220000
ADANIENT30JAN20215CE.NFO,07/01/2020,11:28:25,4.4,4.15,4000,4.4,20000,0,220000
ADANIENT30JAN20215CE.NFO,07/01/2020,11:28:33,4.4,4.1,8000,4.4,20000,0,220000
ADANIENT30JAN20215CE.NFO,07/01/2020,11:28:36,4.4,4.15,4000,4.4,20000,0,220000
ADANIENT30JAN20215CE.NFO,07/01/2020,11:28:39,4.4,4.15,4000,4.4,16000,0,220000
ADANIENT30JAN20215CE.NFO,07/01/2020,11:28:42,4.4,4.1,4000,4.35,4000,0,220000
ADANIENT30JAN20215CE.NFO,07/01/2020,11:28:44,4.4,4.1,8000,4.35,8000,0,220000
ADANIENT30JAN20215CE.NFO,07/01/2020,11:28:47,4.4,4.05,8000,4.3,8000,0,220000
ADANIENT30JAN20215CE.NFO,07/01/2020,11:28:50,4.4,4.1,4000,4.3,4000,0,220000
ADANIENT30JAN20215CE.NFO,07/01/2020,11:28:53,4.4,4.05,4000,4.3,4000,0,220000
ADANIENT30JAN20215CE.NFO,07/01/2020,11:28:57,4.4,4.05,4000,4.3,8000,0,220000
ADANIENT30JAN20215CE.NFO,07/01/2020,11:29:00,4.4,3.95,4000,4.15,4000,0,220000
ADANIENT30JAN20215CE.NFO,07/01/2020,11:29:03,4.4,3.95,4000,4.2,8000,0,220000
ADANIENT30JAN20215CE.NFO,07/01/2020,11:29:05,4.4,3.95,4000,4.2,12000,0,220000
ADANIENT30JAN20215CE.NFO,07/01/2020,11:29:09,4.4,3.95,4000,4.15,4000,0,220000
ADANIENT30JAN20215CE.NFO,07/01/2020,11:29:13,4.4,3.95,4000,4.2,12000,0,220000
ADANIENT30JAN20215CE.NFO,07/01/2020,11:29:30,4.4,4,4000,4.2,4000,0,220000
ADANIENT30JAN20215CE.NFO,07/01/2020,11:29:34,4.4,3.95,4000,4.2,4000,0,220000
ADANIENT30JAN20215CE.NFO,07/01/2020,11:29:37,4.4,4,8000,4.25,8000,0,220000
ADANIENT30JAN20215CE.NFO,07/01/2020,11:29:41,4.4,4,4000,4.25,16000,0,220000
ADANIENT30JAN20215CE.NFO,07/01/2020,11:29:45,4.4,4.15,4000,4.35,12000,0,220000
ADANIENT30JAN20215CE.NFO,07/01/2020,11:29:50,4.4,4.1,4000,4.3,4000,0,220000
ADANIENT30JAN20215CE.NFO,07/01/2020,11:29:54,4.4,4.1,4000,4.35,8000,0,220000
ADANIENT30JAN20215CE.NFO,07/01/2020,11:30:00,4.4,4.15,4000,4.35,4000,0,220000
ADANIENT30JAN20215CE.NFO,07/01/2020,11:30:16,4.4,4.15,4000,4.35,8000,0,220000
ADANIENT30JAN20215CE.NFO,07/01/2020,11:30:36,4.4,4.15,4000,4.35,4000,0,220000
ADANIENT30JAN20215CE.NFO,07/01/2020,11:30:55,4.4,4.2,4000,4.4,12000,0,220000
ADANIENT30JAN20215CE.NFO,07/01/2020,11:30:59,4.4,4.2,4000,4.4,4000,0,220000
ADANIENT30JAN20215CE.NFO,07/01/2020,11:31:11,4.4,4.25,4000,4.45,8000,0,220000
ADANIENT30JAN20215CE.NFO,07/01/2020,11:31:28,4.4,4.25,4000,4.4,4000,0,220000
ADANIENT30JAN20215CE.NFO,07/01/2020,11:31:31,4.4,4.2,4000,4.45,8000,0,220000
ADANIENT30JAN20215CE.NFO,07/01/2020,11:31:35,4.4,4.2,4000,4.45,12000,0,220000
ADANIENT30JAN20215CE.NFO,07/01/2020,11:31:38,4.4,4.2,4000,4.45,8000,0,220000
ADANIENT30JAN20215CE.NFO,07/01/2020,11:31:41,4.4,4.2,4000,4.45,16000,0,220000
ADANIENT30JAN20215CE.NFO,07/01/2020,11:31:45,4.4,4.2,8000,4.45,8000,0,220000
ADANIENT30JAN20215CE.NFO,07/01/2020,11:31:49,4.4,4.25,4000,4.5,8000,0,220000
ADANIENT30JAN20215CE.NFO,07/01/2020,11:31:55,4.4,4.25,4000,4.5,4000,0,220000
ADANIENT30JAN20215CE.NFO,07/01/2020,11:32:01,4.4,4.25,4000,4.5,8000,0,220000
ADANIENT30JAN20215CE.NFO,07/01/2020,11:32:06,4.4,4.2,8000,4.45,4000,0,220000
ADANIENT30JAN20215CE.NFO,07/01/2020,11:32:12,4.4,4.2,4000,4.45,4000,0,220000
ADANIENT30JAN20215CE.NFO,07/01/2020,11:32:16,4.4,4.2,4000,4.4,4000,0,220000
ADANIENT30JAN20215CE.NFO,07/01/2020,11:32:20,4.4,4.2,4000,4.45,12000,0,220000
ADANIENT30JAN20215CE.NFO,07/01/2020,11:32:24,4.4,4.2,4000,4.4,4000,0,220000
ADANIENT30JAN20215CE.NFO,07/01/2020,11:32:28,4.4,4.15,4000,4.4,4000,0,220000
ADANIENT30JAN20215CE.NFO,07/01/2020,11:32:32,4.4,4.15,4000,4.4,8000,0,220000
ADANIENT30JAN20215CE.NFO,07/01/2020,11:32:57,4.4,4.15,4000,4.4,12000,0,220000
ADANIENT30JAN20215CE.NFO,07/01/2020,11:33:01,4.4,4.15,8000,4.4,4000,0,220000
ADANIENT30JAN20215CE.NFO,07/01/2020,11:33:04,4.4,4.15,4000,4.4,12000,0,220000
ADANIENT30JAN20215CE.NFO,07/01/2020,11:33:08,4.4,4.15,4000,4.4,4000,0,220000
ADANIENT30JAN20215CE.NFO,07/01/2020,11:33:11,4.4,4.3,4000,4.5,12000,0,220000
ADANIENT30JAN20215CE.NFO,07/01/2020,11:33:18,4.4,4.3,12000,4.55,4000,0,220000
ADANIENT30JAN20215CE.NFO,07/01/2020,11:33:22,4.4,4.35,4000,4.6,8000,0,220000
ADANIENT30JAN20215CE.NFO,07/01/2020,11:33:26,4.4,4.35,8000,4.55,4000,0,220000
ADANIENT30JAN20215CE.NFO,07/01/2020,11:33:29,4.4,4.35,8000,4.6,8000,0,220000
ADANIENT30JAN20215CE.NFO,07/01/2020,11:33:34,4.4,4.35,8000,4.6,16000,0,220000
ADANIENT30JAN20215CE.NFO,07/01/2020,11:33:38,4.4,4.35,4000,4.6,12000,0,220000
ADANIENT30JAN20215CE.NFO,07/01/2020,11:33:53,4.4,4.35,4000,4.55,4000,0,220000
ADANIENT30JAN20215CE.NFO,07/01/2020,11:33:59,4.4,4.4,4000,4.6,4000,0,220000
ADANIENT30JAN20215CE.NFO,07/01/2020,11:34:04,4.4,4.35,4000,4.6,8000,0,220000
ADANIENT30JAN20215CE.NFO,07/01/2020,11:34:10,4.4,4.35,4000,4.6,4000,0,220000
ADANIENT30JAN20215CE.NFO,07/01/2020,11:34:17,4.4,4.35,4000,4.6,8000,0,220000
ADANIENT30JAN20215CE.NFO,07/01/2020,11:34:35,4.4,4.35,4000,4.6,12000,0,220000
ADANIENT30JAN20215CE.NFO,07/01/2020,11:34:41,4.4,4.4,4000,4.55,4000,0,220000
ADANIENT30JAN20215CE.NFO,07/01/2020,11:34:57,4.4,4.25,4000,4.6,4000,0,220000
ADANIENT30JAN20215CE.NFO,07/01/2020,11:35:03,4.4,4.35,4000,4.65,12000,0,220000
ADANIENT30JAN20215CE.NFO,07/01/2020,11:35:09,4.4,4.45,4000,4.6,4000,0,220000
ADANIENT30JAN20215CE.NFO,07/01/2020,11:35:14,4.4,4.4,8000,4.6,12000,0,220000
ADANIENT30JAN20215CE.NFO,07/01/2020,11:35:19,4.4,4.4,8000,4.65,8000,0,220000
ADANIENT30JAN20215CE.NFO,07/01/2020,11:35:25,4.4,4.45,4000,4.65,8000,0,220000
ADANIENT30JAN20215CE.NFO,07/01/2020,11:35:35,4.4,4.45,4000,4.7,12000,0,220000
ADANIENT30JAN20215CE.NFO,07/01/2020,11:35:41,4.4,4.45,4000,4.65,12000,0,220000
ADANIENT30JAN20215CE.NFO,07/01/2020,11:35:46,4.4,4.45,4000,4.65,8000,0,220000
ADANIENT30JAN20215CE.NFO,07/01/2020,11:36:00,4.4,4.4,8000,4.6,4000,0,220000
ADANIENT30JAN20215CE.NFO,07/01/2020,11:36:05,4.4,4.4,8000,4.65,12000,0,220000
ADANIENT30JAN20215CE.NFO,07/01/2020,11:36:14,4.4,4.4,8000,4.6,4000,0,220000
ADANIENT30JAN20215CE.NFO,07/01/2020,11:36:18,4.4,4.4,8000,4.65,12000,0,220000
ADANIENT30JAN20215CE.NFO,07/01/2020,11:36:23,4.4,4.45,4000,4.65,12000,0,220000
ADANIENT30JAN20215CE.NFO,07/01/2020,11:36:28,4.4,4.45,4000,4.6,4000,0,220000
ADANIENT30JAN20215CE.NFO,07/01/2020,11:36:33,4.4,4.4,8000,4.6,4000,0,220000
ADANIENT30JAN20215CE.NFO,07/01/2020,11:36:37,4.4,4.4,8000,4.6,8000,0,220000
ADANIENT30JAN20215CE.NFO,07/01/2020,11:36:42,4.4,4.4,8000,4.55,4000,0,220000
ADANIENT30JAN20215CE.NFO,07/01/2020,11:36:48,4.4,4.4,8000,4.6,4000,0,220000
ADANIENT30JAN20215CE.NFO,07/01/2020,11:36:54,4.4,4.4,4000,4.6,12000,0,220000
ADANIENT30JAN20215CE.NFO,07/01/2020,11:37:05,4.4,4.4,8000,4.6,12000,0,220000
ADANIENT30JAN20215CE.NFO,07/01/2020,11:37:09,4.4,4.4,4000,4.6,12000,0,220000
ADANIENT30JAN20215CE.NFO,07/01/2020,11:37:13,4.4,4.4,4000,4.55,4000,0,220000
ADANIENT30JAN20215CE.NFO,07/01/2020,11:37:31,4.4,4.4,4000,4.6,8000,0,220000
ADANIENT30JAN20215CE.NFO,07/01/2020,11:37:37,4.4,4.4,4000,4.55,4000,0,220000
ADANIENT30JAN20215CE.NFO,07/01/2020,11:37:51,4.4,4.4,4000,4.55,8000,0,220000
ADANIENT30JAN20215CE.NFO,07/01/2020,11:38:11,4.4,4.4,4000,4.55,4000,0,220000
ADANIENT30JAN20215CE.NFO,07/01/2020,11:38:15,4.4,4.4,4000,4.55,8000,0,220000
ADANIENT30JAN20215CE.NFO,07/01/2020,11:38:19,4.4,4.45,4000,4.55,4000,0,220000
ADANIENT30JAN20215CE.NFO,07/01/2020,11:38:26,4.4,4.45,4000,4.6,4000,0,220000
ADANIENT30JAN20215CE.NFO,07/01/2020,11:38:39,4.4,4.45,4000,4.6,8000,0,220000
ADANIENT30JAN20215CE.NFO,07/01/2020,11:38:43,4.4,4.45,4000,4.55,4000,0,220000
ADANIENT30JAN20215CE.NFO,07/01/2020,11:38:52,4.4,4.25,12000,4.6,12000,0,220000
ADANIENT30JAN20215CE.NFO,07/01/2020,11:38:56,4.4,4.35,4000,4.55,4000,0,220000
ADANIENT30JAN20215CE.NFO,07/01/2020,11:39:07,4.4,4.35,4000,4.6,12000,0,220000
ADANIENT30JAN20215CE.NFO,07/01/2020,11:39:10,4.4,4.35,4000,4.55,4000,0,220000
ADANIENT30JAN20215CE.NFO,07/01/2020,11:39:24,4.4,4.3,4000,4.55,12000,0,220000
ADANIENT30JAN20215CE.NFO,07/01/2020,11:39:32,4.4,4.3,4000,4.5,4000,0,220000
ADANIENT30JAN20215CE.NFO,07/01/2020,11:39:36,4.4,4.25,4000,4.55,16000,0,220000
ADANIENT30JAN20215CE.NFO,07/01/2020,11:39:39,4.4,4.25,4000,4.5,4000,0,220000
ADANIENT30JAN20215CE.NFO,07/01/2020,11:39:43,4.4,4.3,4000,4.5,8000,0,220000
ADANIENT30JAN20215CE.NFO,07/01/2020,11:39:48,4.4,4.2,4000,4.45,4000,0,220000
ADANIENT30JAN20215CE.NFO,07/01/2020,11:40:02,4.4,4.2,4000,4.45,8000,0,220000
ADANIENT30JAN20215CE.NFO,07/01/2020,11:40:07,4.4,4.2,4000,4.4,4000,0,220000
ADANIENT30JAN20215CE.NFO,07/01/2020,11:40:15,4.4,4.2,4000,4.45,12000,0,220000
ADANIENT30JAN20215CE.NFO,07/01/2020,11:40:20,4.4,4.15,4000,4.4,4000,0,220000
ADANIENT30JAN20215CE.NFO,07/01/2020,11:40:31,4.4,4.1,4000,4.35,4000,0,220000
ADANIENT30JAN20215CE.NFO,07/01/2020,11:40:35,4.4,4.15,4000,4.35,4000,0,220000
ADANIENT30JAN20215CE.NFO,07/01/2020,11:40:38,4.4,4.2,8000,4.4,8000,0,220000
ADANIENT30JAN20215CE.NFO,07/01/2020,11:40:42,4.4,4.2,4000,4.4,8000,0,220000
ADANIENT30JAN20215CE.NFO,07/01/2020,11:40:46,4.4,4.2,4000,4.35,4000,0,220000
ADANIENT30JAN20215CE.NFO,07/01/2020,11:40:49,4.4,4.15,4000,4.35,4000,0,220000
ADANIENT30JAN20215CE.NFO,07/01/2020,11:41:02,4.4,4.1,4000,4.35,4000,0,220000
ADANIENT30JAN20215CE.NFO,07/01/2020,11:41:08,4.4,4.1,4000,4.35,8000,0,220000
ADANIENT30JAN20215CE.NFO,07/01/2020,11:41:14,4.4,4.1,8000,4.35,8000,0,220000
ADANIENT30JAN20215CE.NFO,07/01/2020,11:41:34,4.4,4.1,4000,4.3,4000,0,220000
ADANIENT30JAN20215CE.NFO,07/01/2020,11:41:45,4.4,4.15,4000,4.35,4000,0,220000
ADANIENT30JAN20215CE.NFO,07/01/2020,11:41:47,4.4,4.15,8000,4.35,4000,0,220000
ADANIENT30JAN20215CE.NFO,07/01/2020,11:41:52,4.4,4.1,4000,4.35,4000,0,220000
ADANIENT30JAN20215CE.NFO,07/01/2020,11:41:54,4.4,4.15,4000,4.35,8000,0,220000
ADANIENT30JAN20215CE.NFO,07/01/2020,11:42:00,4.4,4.1,4000,4.3,4000,0,220000
ADANIENT30JAN20215CE.NFO,07/01/2020,11:42:08,4.4,4.05,4000,4.3,4000,0,220000
ADANIENT30JAN20215CE.NFO,07/01/2020,11:42:16,4.4,4.1,4000,4.35,4000,0,220000
ADANIENT30JAN20215CE.NFO,07/01/2020,11:42:21,4.4,4.1,4000,4.35,12000,0,220000
ADANIENT30JAN20215CE.NFO,07/01/2020,11:42:28,4.4,4.1,4000,4.3,4000,0,220000
ADANIENT30JAN20215CE.NFO,07/01/2020,11:42:32,4.4,4.1,4000,4.35,4000,0,220000
ADANIENT30JAN20215CE.NFO,07/01/2020,11:42:46,4.4,4.1,4000,4.35,8000,0,220000
ADANIENT30JAN20215CE.NFO,07/01/2020,11:42:54,4.4,4.1,8000,4.35,8000,0,220000
ADANIENT30JAN20215CE.NFO,07/01/2020,11:43:00,4.4,4.1,8000,4.35,4000,0,220000
ADANIENT30JAN20215CE.NFO,07/01/2020,11:43:10,4.4,4.1,12000,4.35,4000,0,220000
ADANIENT30JAN20215CE.NFO,07/01/2020,11:43:13,4.4,4.1,8000,4.35,12000,0,220000
ADANIENT30JAN20215CE.NFO,07/01/2020,11:43:24,4.4,4.15,4000,4.35,12000,0,220000
ADANIENT30JAN20215CE.NFO,07/01/2020,11:43:29,4.4,4.1,4000,4.35,12000,0,220000
ADANIENT30JAN20215CE.NFO,07/01/2020,11:43:32,4.4,4.1,4000,4.35,16000,0,220000
ADANIENT30JAN20215CE.NFO,07/01/2020,11:43:41,4.4,4.1,4000,4.35,12000,0,220000
ADANIENT30JAN20215CE.NFO,07/01/2020,11:43:45,4.4,4.1,4000,4.35,16000,0,220000
ADANIENT30JAN20215CE.NFO,07/01/2020,11:43:51,4.4,4.1,8000,4.35,16000,0,220000
ADANIENT30JAN20215CE.NFO,07/01/2020,11:43:55,4.4,4.1,4000,4.35,16000,0,220000
ADANIENT30JAN20215CE.NFO,07/01/2020,11:44:01,4.4,4.1,4000,4.3,4000,0,220000
ADANIENT30JAN20215CE.NFO,07/01/2020,11:44:04,4.4,4.1,8000,4.3,4000,0,220000
ADANIENT30JAN20215CE.NFO,07/01/2020,11:44:06,4.4,4.1,4000,4.35,8000,0,220000
ADANIENT30JAN20215CE.NFO,07/01/2020,11:44:25,4.4,4.05,4000,4.3,4000,0,220000
ADANIENT30JAN20215CE.NFO,07/01/2020,11:44:28,4.4,4.1,4000,4.3,4000,0,220000
ADANIENT30JAN20215CE.NFO,07/01/2020,11:44:31,4.4,4.05,4000,4.3,4000,0,220000
ADANIENT30JAN20215CE.NFO,07/01/2020,11:44:34,4.4,4.1,4000,4.3,4000,0,220000
ADANIENT30JAN20215CE.NFO,07/01/2020,11:44:38,4.4,4,8000,4.3,4000,0,220000
ADANIENT30JAN20215CE.NFO,07/01/2020,11:44:42,4.4,4.05,4000,4.3,12000,0,220000
ADANIENT30JAN20215CE.NFO,07/01/2020,11:44:48,4.4,4.05,4000,4.3,8000,0,220000
ADANIENT30JAN20215CE.NFO,07/01/2020,11:44:54,4.4,4.05,4000,4.3,12000,0,220000
ADANIENT30JAN20215CE.NFO,07/01/2020,11:45:09,4.4,4,4000,4.2,4000,0,220000
ADANIENT30JAN20215CE.NFO,07/01/2020,11:45:12,4.4,4,4000,4.25,8000,0,220000
ADANIENT30JAN20215CE.NFO,07/01/2020,11:45:14,4.4,3.9,8000,4.25,12000,0,220000
ADANIENT30JAN20215CE.NFO,07/01/2020,11:45:17,4.4,3.9,8000,4.2,8000,0,220000
ADANIENT30JAN20215CE.NFO,07/01/2020,11:45:24,4.4,3.9,8000,4.2,4000,0,220000
ADANIENT30JAN20215CE.NFO,07/01/2020,11:45:49,4.4,3.9,8000,4.15,4000,0,220000
ADANIENT30JAN20215CE.NFO,07/01/2020,11:45:53,4.4,3.9,8000,4.2,8000,0,220000
ADANIENT30JAN20215CE.NFO,07/01/2020,11:46:02,4.4,3.9,8000,4.2,16000,0,220000
ADANIENT30JAN20215CE.NFO,07/01/2020,11:46:10,4.4,3.9,8000,4.2,12000,0,220000
ADANIENT30JAN20215CE.NFO,07/01/2020,11:46:53,4.4,3.9,8000,4.2,16000,0,220000
ADANIENT30JAN20215CE.NFO,07/01/2020,11:46:57,4.4,4,4000,4.2,16000,0,220000
ADANIENT30JAN20215CE.NFO,07/01/2020,11:47:00,4.4,4.05,4000,4.2,16000,0,220000
ADANIENT30JAN20215CE.NFO,07/01/2020,11:47:07,4.4,4,4000,4.2,16000,0,220000
ADANIENT30JAN20215CE.NFO,07/01/2020,11:47:14,4.4,4.05,4000,4.2,12000,0,220000
ADANIENT30JAN20215CE.NFO,07/01/2020,11:47:17,4.4,4,8000,4.2,12000,0,220000
ADANIENT30JAN20215CE.NFO,07/01/2020,11:47:36,4.4,4,8000,4.15,4000,0,220000
ADANIENT30JAN20215CE.NFO,07/01/2020,11:47:42,4.4,3.95,8000,4.15,8000,0,220000
ADANIENT30JAN20215CE.NFO,07/01/2020,11:47:52,4.4,4,4000,4.15,12000,0,220000
ADANIENT30JAN20215CE.NFO,07/01/2020,11:48:14,4.4,3.95,8000,4.1,8000,0,220000
ADANIENT30JAN20215CE.NFO,07/01/2020,11:48:18,4.4,3.9,8000,4.1,8000,0,220000
ADANIENT30JAN20215CE.NFO,07/01/2020,11:48:25,4.4,4,4000,4.1,4000,0,220000
ADANIENT30JAN20215CE.NFO,07/01/2020,11:48:52,4.4,3.95,8000,4.1,8000,0,220000
ADANIENT30JAN20215CE.NFO,07/01/2020,11:50:13,4.4,4,4000,4.1,4000,0,220000
ADANIENT30JAN20215CE.NFO,07/01/2020,11:50:18,4.4,3.95,8000,4.1,8000,0,220000
ADANIENT30JAN20215CE.NFO,07/01/2020,11:50:23,4.4,4,4000,4.15,12000,0,220000
ADANIENT30JAN20215CE.NFO,07/01/2020,11:50:27,4.4,4,8000,4.15,4000,0,220000
ADANIENT30JAN20215CE.NFO,07/01/2020,11:50:30,4.4,4.1,12000,4.25,4000,0,220000
ADANIENT30JAN20215CE.NFO,07/01/2020,11:50:34,4.4,4.05,8000,4.25,12000,0,220000
ADANIENT30JAN20215CE.NFO,07/01/2020,11:50:38,4.4,4.1,4000,4.25,12000,0,220000
ADANIENT30JAN20215CE.NFO,07/01/2020,11:50:48,4.4,4.05,8000,4.25,8000,0,220000
ADANIENT30JAN20215CE.NFO,07/01/2020,11:50:51,4.4,4.1,4000,4.25,8000,0,220000
ADANIENT30JAN20215CE.NFO,07/01/2020,11:51:05,4.4,4.15,8000,4.3,4000,0,220000
ADANIENT30JAN20215CE.NFO,07/01/2020,11:51:10,4.4,4.2,12000,4.35,4000,0,220000
ADANIENT30JAN20215CE.NFO,07/01/2020,11:51:27,4.4,4.2,12000,4.35,8000,0,220000
ADANIENT30JAN20215CE.NFO,07/01/2020,11:51:31,4.4,4.25,8000,4.4,8000,0,220000
ADANIENT30JAN20215CE.NFO,07/01/2020,11:51:43,4.4,4.15,8000,4.3,4000,0,220000
ADANIENT30JAN20215CE.NFO,07/01/2020,11:51:47,4.4,4.1,8000,4.3,12000,0,220000
ADANIENT30JAN20215CE.NFO,07/01/2020,11:51:53,4.4,4.15,4000,4.3,12000,0,220000
ADANIENT30JAN20215CE.NFO,07/01/2020,11:51:56,4.4,4.1,8000,4.3,12000,0,220000
ADANIENT30JAN20215CE.NFO,07/01/2020,11:52:03,4.4,4.15,4000,4.3,12000,0,220000
ADANIENT30JAN20215CE.NFO,07/01/2020,11:52:21,4.4,4.1,8000,4.3,12000,0,220000
ADANIENT30JAN20215CE.NFO,07/01/2020,11:52:29,4.4,4.1,8000,4.25,4000,0,220000
ADANIENT30JAN20215CE.NFO,07/01/2020,11:52:38,4.4,4.1,4000,4.25,4000,0,220000
ADANIENT30JAN20215CE.NFO,07/01/2020,11:52:40,4.4,4.05,8000,4.25,4000,0,220000
ADANIENT30JAN20215CE.NFO,07/01/2020,11:52:52,4.4,4.1,4000,4.25,4000,0,220000
ADANIENT30JAN20215CE.NFO,07/01/2020,11:52:55,4.4,4.15,4000,4.3,12000,0,220000
ADANIENT30JAN20215CE.NFO,07/01/2020,11:52:58,4.4,4.1,4000,4.25,4000,0,220000
ADANIENT30JAN20215CE.NFO,07/01/2020,11:53:01,4.4,4.05,8000,4.25,8000,0,220000
ADANIENT30JAN20215CE.NFO,07/01/2020,11:53:04,4.4,4.1,12000,4.25,4000,0,220000
ADANIENT30JAN20215CE.NFO,07/01/2020,11:53:10,4.4,4.15,4000,4.25,4000,0,220000
ADANIENT30JAN20215CE.NFO,07/01/2020,11:53:13,4.4,4.1,8000,4.25,4000,0,220000
ADANIENT30JAN20215CE.NFO,07/01/2020,11:53:23,4.4,4.05,12000,4.25,8000,0,220000
ADANIENT30JAN20215CE.NFO,07/01/2020,11:53:30,4.4,4.05,8000,4.2,4000,0,220000
ADANIENT30JAN20215CE.NFO,07/01/2020,11:53:33,4.4,4.05,8000,4.2,8000,0,220000
ADANIENT30JAN20215CE.NFO,07/01/2020,11:53:47,4.4,4.05,8000,4.2,12000,0,220000
ADANIENT30JAN20215CE.NFO,07/01/2020,11:53:50,4.4,4.05,8000,4.25,16000,0,220000
ADANIENT30JAN20215CE.NFO,07/01/2020,11:53:52,4.4,4.1,4000,4.25,16000,0,220000
ADANIENT30JAN20215CE.NFO,07/01/2020,11:53:55,4.4,4.05,8000,4.2,8000,0,220000
ADANIENT30JAN20215CE.NFO,07/01/2020,11:54:04,4.4,4.05,8000,4.2,4000,0,220000
ADANIENT30JAN20215CE.NFO,07/01/2020,11:54:11,4.4,4.1,4000,4.2,4000,0,220000
ADANIENT30JAN20215CE.NFO,07/01/2020,11:54:15,4.4,4,8000,4.2,8000,0,220000
ADANIENT30JAN20215CE.NFO,07/01/2020,11:54:18,4.4,4.05,8000,4.2,8000,0,220000
ADANIENT30JAN20215CE.NFO,07/01/2020,11:54:44,4.4,4.1,4000,4.2,4000,0,220000
ADANIENT30JAN20215CE.NFO,07/01/2020,11:54:49,4.4,4.1,4000,4.25,16000,0,220000
ADANIENT30JAN20215CE.NFO,07/01/2020,11:55:01,4.4,4.05,8000,4.2,4000,0,220000
ADANIENT30JAN20215CE.NFO,07/01/2020,11:55:21,4.4,4.1,4000,4.2,8000,0,220000
ADANIENT30JAN20215CE.NFO,07/01/2020,11:55:27,4.1,4,8000,4.15,4000,4000,220000
ADANIENT30JAN20215CE.NFO,07/01/2020,11:55:27,4.1,4,8000,4.15,4000,0,220000
ADANIENT30JAN20215CE.NFO,07/01/2020,11:55:33,4.1,4.05,4000,4.2,8000,0,220000
ADANIENT30JAN20215CE.NFO,07/01/2020,11:55:47,4.1,4.05,8000,4.15,4000,0,220000
ADANIENT30JAN20215CE.NFO,07/01/2020,11:55:50,4.1,4.05,8000,4.2,8000,0,220000
ADANIENT30JAN20215CE.NFO,07/01/2020,11:56:07,4.1,4,8000,4.15,4000,0,220000
ADANIENT30JAN20215CE.NFO,07/01/2020,11:56:14,4.1,4,8000,4.15,8000,0,220000
ADANIENT30JAN20215CE.NFO,07/01/2020,11:56:21,4.1,4.05,4000,4.15,4000,0,220000
ADANIENT30JAN20215CE.NFO,07/01/2020,11:56:23,4.1,4,8000,4.15,4000,0,220000
ADANIENT30JAN20215CE.NFO,07/01/2020,11:56:49,4.1,4.05,4000,4.15,4000,0,220000
ADANIENT30JAN20215CE.NFO,07/01/2020,11:56:51,4.1,4,8000,4.15,4000,0,220000
ADANIENT30JAN20215CE.NFO,07/01/2020,11:57:09,4.1,4.05,4000,4.15,4000,0,220000
ADANIENT30JAN20215CE.NFO,07/01/2020,11:57:12,4.1,4,8000,4.15,4000,0,220000
ADANIENT30JAN20215CE.NFO,07/01/2020,11:57:17,4.1,4.05,4000,4.15,4000,0,220000
ADANIENT30JAN20215CE.NFO,07/01/2020,11:57:23,4.1,4,8000,4.15,8000,0,220000
ADANIENT30JAN20215CE.NFO,07/01/2020,11:57:36,4.1,3.95,8000,4.15,16000,0,220000
ADANIENT30JAN20215CE.NFO,07/01/2020,11:57:40,4.1,4,8000,4.15,12000,0,220000
ADANIENT30JAN20215CE.NFO,07/01/2020,11:57:46,4.1,4,4000,4.15,12000,0,220000
ADANIENT30JAN20215CE.NFO,07/01/2020,11:57:50,4.1,3.95,8000,4.1,8000,0,220000
ADANIENT30JAN20215CE.NFO,07/01/2020,11:57:54,4.1,4,4000,4.1,4000,0,220000
ADANIENT30JAN20215CE.NFO,07/01/2020,11:58:06,4.1,3.95,8000,4.1,12000,0,220000
ADANIENT30JAN20215CE.NFO,07/01/2020,11:58:12,4.1,4,4000,4.15,8000,0,220000
ADANIENT30JAN20215CE.NFO,07/01/2020,11:58:18,4.1,3.95,8000,4.15,8000,0,220000
ADANIENT30JAN20215CE.NFO,07/01/2020,11:58:32,4.1,4,4000,4.15,4000,0,220000
ADANIENT30JAN20215CE.NFO,07/01/2020,11:58:48,4.1,4.05,4000,4.15,4000,0,220000
ADANIENT30JAN20215CE.NFO,07/01/2020,11:59:13,4.1,4.05,4000,4.15,8000,0,220000
ADANIENT30JAN20215CE.NFO,07/01/2020,11:59:27,4.1,4,4000,4.15,8000,0,220000
ADANIENT30JAN20215CE.NFO,07/01/2020,11:59:30,4.1,4.05,4000,4.15,4000,0,220000
ADANIENT30JAN20215CE.NFO,07/01/2020,11:59:37,4.1,4.05,4000,4.15,8000,0,220000
ADANIENT30JAN20215CE.NFO,07/01/2020,11:59:47,4.1,4,4000,4.15,8000,0,220000
ADANIENT30JAN20215CE.NFO,07/01/2020,11:59:55,4.1,4,12000,4.15,8000,0,220000
ADANIENT30JAN20215CE.NFO,07/01/2020,12:00:12,4.1,4,4000,4.1,4000,0,220000
ADANIENT30JAN20215CE.NFO,07/01/2020,12:00:30,4.1,4,4000,4.15,12000,0,220000
ADANIENT30JAN20215CE.NFO,07/01/2020,12:01:20,4.1,4,4000,4.15,8000,0,220000
ADANIENT30JAN20215CE.NFO,07/01/2020,12:01:23,4.1,4.05,4000,4.15,4000,0,220000
ADANIENT30JAN20215CE.NFO,07/01/2020,12:01:58,4.1,4,12000,4.15,4000,0,220000
ADANIENT30JAN20215CE.NFO,07/01/2020,12:02:19,4.1,4.05,4000,4.15,4000,0,220000
ADANIENT30JAN20215CE.NFO,07/01/2020,12:02:21,4.1,4,12000,4.15,4000,0,220000
ADANIENT30JAN20215CE.NFO,07/01/2020,12:02:24,4.1,4.05,4000,4.15,8000,0,220000
ADANIENT30JAN20215CE.NFO,07/01/2020,12:02:31,4.1,4.05,4000,4.2,8000,0,220000
ADANIENT30JAN20215CE.NFO,07/01/2020,12:02:38,4.1,4.1,4000,4.2,4000,0,220000
ADANIENT30JAN20215CE.NFO,07/01/2020,12:02:44,4.1,4.1,12000,4.25,8000,0,220000
ADANIENT30JAN20215CE.NFO,07/01/2020,12:02:49,4.1,4.05,12000,4.2,4000,0,220000
ADANIENT30JAN20215CE.NFO,07/01/2020,12:03:05,4.1,4.05,8000,4.15,4000,0,220000
ADANIENT30JAN20215CE.NFO,07/01/2020,12:03:10,4.1,4.05,4000,4.15,4000,0,220000
ADANIENT30JAN20215CE.NFO,07/01/2020,12:03:18,4.1,4,12000,4.15,4000,0,220000
ADANIENT30JAN20215CE.NFO,07/01/2020,12:03:21,4.1,4.05,4000,4.15,4000,0,220000
ADANIENT30JAN20215CE.NFO,07/01/2020,12:03:25,4.1,4,12000,4.15,4000,0,220000
ADANIENT30JAN20215CE.NFO,07/01/2020,12:03:29,4.1,4.05,4000,4.15,8000,0,220000
ADANIENT30JAN20215CE.NFO,07/01/2020,12:03:41,4.1,4.05,4000,4.15,4000,0,220000
ADANIENT30JAN20215CE.NFO,07/01/2020,12:04:15,4.1,4.05,12000,4.2,8000,0,220000
ADANIENT30JAN20215CE.NFO,07/01/2020,12:04:28,4.1,4.05,12000,4.2,4000,0,220000
ADANIENT30JAN20215CE.NFO,07/01/2020,12:04:37,4.1,4.1,12000,4.25,8000,0,220000
ADANIENT30JAN20215CE.NFO,07/01/2020,12:04:51,4.1,4.1,8000,4.2,4000,0,220000
ADANIENT30JAN20215CE.NFO,07/01/2020,12:04:53,4.1,4.05,12000,4.2,4000,0,220000
ADANIENT30JAN20215CE.NFO,07/01/2020,12:05:05,4.1,4.1,12000,4.25,8000,0,220000
ADANIENT30JAN20215CE.NFO,07/01/2020,12:05:10,4.1,4.05,12000,4.2,4000,0,220000
ADANIENT30JAN20215CE.NFO,07/01/2020,12:05:13,4.1,4.1,12000,4.25,8000,0,220000
ADANIENT30JAN20215CE.NFO,07/01/2020,12:05:16,4.1,4.05,12000,4.2,4000,0,220000
ADANIENT30JAN20215CE.NFO,07/01/2020,12:05:18,4.1,4.1,12000,4.25,8000,0,220000
ADANIENT30JAN20215CE.NFO,07/01/2020,12:05:23,4.1,4.05,12000,4.2,4000,0,220000
ADANIENT30JAN20215CE.NFO,07/01/2020,12:05:25,4.1,4.1,12000,4.25,8000,0,220000
ADANIENT30JAN20215CE.NFO,07/01/2020,12:05:31,4.1,4.1,8000,4.2,4000,0,220000
ADANIENT30JAN20215CE.NFO,07/01/2020,12:05:34,4.1,4.1,12000,4.25,8000,0,220000
ADANIENT30JAN20215CE.NFO,07/01/2020,12:05:39,4.1,4.1,8000,4.2,4000,0,220000
ADANIENT30JAN20215CE.NFO,07/01/2020,12:05:54,4.1,4.05,12000,4.15,4000,0,220000
ADANIENT30JAN20215CE.NFO,07/01/2020,12:06:18,4.1,4.1,4000,4.2,4000,0,220000
ADANIENT30JAN20215CE.NFO,07/01/2020,12:06:47,4.1,4.1,12000,4.25,4000,0,220000
ADANIENT30JAN20215CE.NFO,07/01/2020,12:06:50,4.1,4.1,12000,4.2,4000,0,220000
ADANIENT30JAN20215CE.NFO,07/01/2020,12:07:04,4.1,4.1,12000,4.25,4000,0,220000
ADANIENT30JAN20215CE.NFO,07/01/2020,12:07:07,4.1,4.1,12000,4.2,4000,0,220000
ADANIENT30JAN20215CE.NFO,07/01/2020,12:07:13,4.1,4.1,12000,4.25,8000,0,220000
ADANIENT30JAN20215CE.NFO,07/01/2020,12:07:15,4.1,4.1,12000,4.25,4000,0,220000
ADANIENT30JAN20215CE.NFO,07/01/2020,12:07:24,4.1,4.1,12000,4.25,8000,0,220000
ADANIENT30JAN20215CE.NFO,07/01/2020,12:07:40,4.1,4.1,12000,4.25,4000,0,220000
ADANIENT30JAN20215CE.NFO,07/01/2020,12:07:56,4.1,4.15,4000,4.25,4000,0,220000
ADANIENT30JAN20215CE.NFO,07/01/2020,12:08:13,4.1,4.15,12000,4.25,4000,0,220000
ADANIENT30JAN20215CE.NFO,07/01/2020,12:08:20,4.1,4.2,4000,4.3,4000,0,220000
ADANIENT30JAN20215CE.NFO,07/01/2020,12:08:27,4.1,4.15,12000,4.25,4000,0,220000
ADANIENT30JAN20215CE.NFO,07/01/2020,12:08:33,4.1,4.2,4000,4.3,4000,0,220000
ADANIENT30JAN20215CE.NFO,07/01/2020,12:08:41,4.1,4.2,12000,4.3,4000,0,220000
ADANIENT30JAN20215CE.NFO,07/01/2020,12:08:55,4.1,4.2,4000,4.3,4000,0,220000
ADANIENT30JAN20215CE.NFO,07/01/2020,12:09:08,4.1,4.2,4000,4.3,8000,0,220000
ADANIENT30JAN20215CE.NFO,07/01/2020,12:09:17,4.1,4.2,4000,4.35,8000,0,220000
ADANIENT30JAN20215CE.NFO,07/01/2020,12:09:20,4.1,4.2,4000,4.3,4000,0,220000
ADANIENT30JAN20215CE.NFO,07/01/2020,12:09:26,4.1,4.2,12000,4.35,4000,0,220000
ADANIENT30JAN20215CE.NFO,07/01/2020,12:09:32,4.1,4.15,12000,4.25,4000,0,220000
ADANIENT30JAN20215CE.NFO,07/01/2020,12:09:38,4.1,4.15,4000,4.25,4000,0,220000
ADANIENT30JAN20215CE.NFO,07/01/2020,12:09:51,4.1,4.1,12000,4.2,4000,0,220000
ADANIENT30JAN20215CE.NFO,07/01/2020,12:10:00,4.1,4.15,4000,4.2,4000,0,220000
ADANIENT30JAN20215CE.NFO,07/01/2020,12:10:04,4.1,4.15,4000,4.25,4000,0,220000
ADANIENT30JAN20215CE.NFO,07/01/2020,12:10:21,4.1,4.1,12000,4.25,4000,0,220000
ADANIENT30JAN20215CE.NFO,07/01/2020,12:10:24,4.1,4.15,4000,4.25,4000,0,220000
ADANIENT30JAN20215CE.NFO,07/01/2020,12:11:01,4.1,4.15,4000,4.3,4000,0,220000
ADANIENT30JAN20215CE.NFO,07/01/2020,12:11:04,4.1,4.15,4000,4.25,4000,0,220000
ADANIENT30JAN20215CE.NFO,07/01/2020,12:11:25,4.1,4.15,12000,4.25,4000,0,220000
ADANIENT30JAN20215CE.NFO,07/01/2020,12:12:04,4.1,4.15,12000,4.3,4000,0,220000
ADANIENT30JAN20215CE.NFO,07/01/2020,12:12:06,4.1,4.15,12000,4.25,4000,0,220000
ADANIENT30JAN20215CE.NFO,07/01/2020,12:12:33,4.1,4.15,4000,4.25,4000,0,220000
ADANIENT30JAN20215CE.NFO,07/01/2020,12:13:08,4.1,4.2,4000,4.3,4000,0,220000
ADANIENT30JAN20215CE.NFO,07/01/2020,12:13:22,4.1,4.2,12000,4.3,4000,0,220000
ADANIENT30JAN20215CE.NFO,07/01/2020,12:13:26,4.1,4.2,4000,4.3,4000,0,220000
ADANIENT30JAN20215CE.NFO,07/01/2020,12:13:58,4.1,4.15,12000,4.25,4000,0,220000
ADANIENT30JAN20215CE.NFO,07/01/2020,12:14:03,4.1,4.15,4000,4.25,4000,0,220000
ADANIENT30JAN20215CE.NFO,07/01/2020,12:14:09,4.1,4.15,12000,4.25,4000,0,220000
ADANIENT30JAN20215CE.NFO,07/01/2020,12:14:13,4.1,4.15,4000,4.25,4000,0,220000
ADANIENT30JAN20215CE.NFO,07/01/2020,12:14:18,4.1,4.15,12000,4.25,4000,0,220000
ADANIENT30JAN20215CE.NFO,07/01/2020,12:14:47,4.1,4.15,12000,4.3,4000,0,220000
ADANIENT30JAN20215CE.NFO,07/01/2020,12:14:50,4.1,4.15,12000,4.25,4000,0,220000
ADANIENT30JAN20215CE.NFO,07/01/2020,12:14:58,4.1,4.15,4000,4.25,4000,0,220000
ADANIENT30JAN20215CE.NFO,07/01/2020,12:15:02,4.1,4.15,12000,4.25,4000,0,220000
ADANIENT30JAN20215CE.NFO,07/01/2020,12:15:37,4.1,4.1,12000,4.2,4000,0,220000
ADANIENT30JAN20215CE.NFO,07/01/2020,12:15:44,4.1,4.15,4000,4.25,8000,0,220000
ADANIENT30JAN20215CE.NFO,07/01/2020,12:15:47,4.1,4.1,12000,4.2,4000,0,220000
ADANIENT30JAN20215CE.NFO,07/01/2020,12:16:02,4.1,4.15,4000,4.25,8000,0,220000
ADANIENT30JAN20215CE.NFO,07/01/2020,12:16:12,4.1,4.1,12000,4.25,8000,0,220000
ADANIENT30JAN20215CE.NFO,07/01/2020,12:16:15,4.1,4.15,4000,4.25,8000,0,220000
ADANIENT30JAN20215CE.NFO,07/01/2020,12:16:17,4.1,4.15,4000,4.25,4000,0,220000
ADANIENT30JAN20215CE.NFO,07/01/2020,12:16:22,4.1,4.15,4000,4.25,8000,0,220000
ADANIENT30JAN20215CE.NFO,07/01/2020,12:16:24,4.1,4.15,4000,4.25,4000,0,220000
ADANIENT30JAN20215CE.NFO,07/01/2020,12:16:32,4.1,4.1,12000,4.2,4000,0,220000
ADANIENT30JAN20215CE.NFO,07/01/2020,12:16:34,4.1,4.1,12000,4.25,8000,0,220000
ADANIENT30JAN20215CE.NFO,07/01/2020,12:16:38,4.1,4.15,4000,4.25,8000,0,220000
ADANIENT30JAN20215CE.NFO,07/01/2020,12:16:46,4.1,4.15,4000,4.25,4000,0,220000
ADANIENT30JAN20215CE.NFO,07/01/2020,12:17:00,4.1,4.15,4000,4.25,8000,0,220000
ADANIENT30JAN20215CE.NFO,07/01/2020,12:18:09,4.1,4.15,4000,4.25,4000,0,220000
ADANIENT30JAN20215CE.NFO,07/01/2020,12:18:30,4.1,4.15,8000,4.25,4000,0,220000
ADANIENT30JAN20215CE.NFO,07/01/2020,12:19:05,4.1,4.25,4000,4.35,4000,0,220000
ADANIENT30JAN20215CE.NFO,07/01/2020,12:19:21,4.1,4.25,4000,4.35,8000,0,220000
ADANIENT30JAN20215CE.NFO,07/01/2020,12:19:24,4.1,4.2,8000,4.35,8000,0,220000
ADANIENT30JAN20215CE.NFO,07/01/2020,12:19:36,4.1,4.25,4000,4.35,4000,0,220000
ADANIENT30JAN20215CE.NFO,07/01/2020,12:19:42,4.1,4.25,4000,4.4,8000,0,220000
ADANIENT30JAN20215CE.NFO,07/01/2020,12:19:47,4.1,4.25,4000,4.35,8000,0,220000
ADANIENT30JAN20215CE.NFO,07/01/2020,12:20:11,4.1,4.25,4000,4.35,4000,0,220000
ADANIENT30JAN20215CE.NFO,07/01/2020,12:20:13,4.1,4.25,4000,4.35,8000,0,220000
ADANIENT30JAN20215CE.NFO,07/01/2020,12:20:25,4.1,4.25,4000,4.35,4000,0,220000
ADANIENT30JAN20215CE.NFO,07/01/2020,12:20:28,4.1,4.25,4000,4.4,8000,0,220000
ADANIENT30JAN20215CE.NFO,07/01/2020,12:20:31,4.1,4.25,4000,4.35,8000,0,220000
ADANIENT30JAN20215CE.NFO,07/01/2020,12:20:54,4.1,4.25,4000,4.4,8000,0,220000
ADANIENT30JAN20215CE.NFO,07/01/2020,12:20:57,4.1,4.25,4000,4.35,4000,0,220000
ADANIENT30JAN20215CE.NFO,07/01/2020,12:21:04,4.1,4.2,4000,4.3,4000,0,220000
ADANIENT30JAN20215CE.NFO,07/01/2020,12:21:11,4.1,4.25,4000,4.35,4000,0,220000
ADANIENT30JAN20215CE.NFO,07/01/2020,12:21:28,4.1,4.2,4000,4.3,4000,0,220000
ADANIENT30JAN20215CE.NFO,07/01/2020,12:21:30,4.1,4.15,4000,4.3,4000,0,220000
ADANIENT30JAN20215CE.NFO,07/01/2020,12:21:40,4.1,4.2,4000,4.35,4000,0,220000
ADANIENT30JAN20215CE.NFO,07/01/2020,12:21:42,4.1,4.2,4000,4.3,4000,0,220000
ADANIENT30JAN20215CE.NFO,07/01/2020,12:21:55,4.1,4.15,4000,4.3,4000,0,220000
ADANIENT30JAN20215CE.NFO,07/01/2020,12:22:16,4.1,4.15,4000,4.35,4000,0,220000
ADANIENT30JAN20215CE.NFO,07/01/2020,12:22:19,4.1,4.15,4000,4.3,4000,0,220000
ADANIENT30JAN20215CE.NFO,07/01/2020,12:22:33,4.1,4.2,4000,4.3,4000,0,220000
ADANIENT30JAN20215CE.NFO,07/01/2020,12:22:36,4.1,4.15,4000,4.3,4000,0,220000
ADANIENT30JAN20215CE.NFO,07/01/2020,12:24:08,4.1,4.2,4000,4.3,4000,0,220000
ADANIENT30JAN20215CE.NFO,07/01/2020,12:24:14,4.1,4.25,4000,4.35,4000,0,220000
ADANIENT30JAN20215CE.NFO,07/01/2020,12:24:25,4.1,4.2,4000,4.35,4000,0,220000
ADANIENT30JAN20215CE.NFO,07/01/2020,12:24:32,4.1,4.2,8000,4.3,4000,0,220000
ADANIENT30JAN20215CE.NFO,07/01/2020,12:24:43,4.1,4.2,4000,4.3,4000,0,220000
ADANIENT30JAN20215CE.NFO,07/01/2020,12:24:56,4.1,4.2,4000,4.35,4000,0,220000
ADANIENT30JAN20215CE.NFO,07/01/2020,12:25:09,4.1,4.2,8000,4.35,4000,0,220000
ADANIENT30JAN20215CE.NFO,07/01/2020,12:25:16,4.1,4.2,8000,4.35,12000,0,220000
ADANIENT30JAN20215CE.NFO,07/01/2020,12:25:38,4.1,4.25,4000,4.35,12000,0,220000
ADANIENT30JAN20215CE.NFO,07/01/2020,12:25:42,4.1,4.25,4000,4.35,4000,0,220000
ADANIENT30JAN20215CE.NFO,07/01/2020,12:25:50,4.1,4.2,8000,4.35,4000,0,220000
ADANIENT30JAN20215CE.NFO,07/01/2020,12:25:55,4.1,4.25,4000,4.35,4000,0,220000
ADANIENT30JAN20215CE.NFO,07/01/2020,12:26:11,4.1,4.2,8000,4.3,4000,0,220000
ADANIENT30JAN20215CE.NFO,07/01/2020,12:26:15,4.1,4.25,4000,4.35,8000,0,220000
ADANIENT30JAN20215CE.NFO,07/01/2020,12:26:31,4.1,4.2,4000,4.35,4000,0,220000
ADANIENT30JAN20215CE.NFO,07/01/2020,12:26:34,4.1,4.2,4000,4.3,4000,0,220000
ADANIENT30JAN20215CE.NFO,07/01/2020,12:26:47,4.1,4.15,4000,4.3,4000,0,220000
ADANIENT30JAN20215CE.NFO,07/01/2020,12:26:51,4.1,4.15,4000,4.3,8000,0,220000
ADANIENT30JAN20215CE.NFO,07/01/2020,12:26:54,4.1,4.15,4000,4.25,4000,0,220000
ADANIENT30JAN20215CE.NFO,07/01/2020,12:26:57,4.1,4.15,4000,4.3,8000,0,220000
ADANIENT30JAN20215CE.NFO,07/01/2020,12:27:02,4.1,4.15,4000,4.25,4000,0,220000
ADANIENT30JAN20215CE.NFO,07/01/2020,12:27:07,4.1,4.1,4000,4.25,4000,0,220000
ADANIENT30JAN20215CE.NFO,07/01/2020,12:27:19,4.1,4.15,4000,4.25,8000,0,220000
ADANIENT30JAN20215CE.NFO,07/01/2020,12:27:26,4.1,4.15,8000,4.3,4000,0,220000
ADANIENT30JAN20215CE.NFO,07/01/2020,12:27:29,4.1,4.15,8000,4.3,8000,0,220000
ADANIENT30JAN20215CE.NFO,07/01/2020,12:28:03,4.1,4.15,4000,4.3,8000,0,216000
ADANIENT30JAN20215CE.NFO,07/01/2020,12:28:20,4.1,4.15,4000,4.25,4000,0,216000
ADANIENT30JAN20215CE.NFO,07/01/2020,12:28:24,4.1,4.15,4000,4.3,8000,0,216000
ADANIENT30JAN20215CE.NFO,07/01/2020,12:28:27,4.1,4.15,4000,4.3,4000,0,216000
ADANIENT30JAN20215CE.NFO,07/01/2020,12:28:55,4.1,4.1,4000,4.25,16000,0,216000
ADANIENT30JAN20215CE.NFO,07/01/2020,12:29:01,4.1,4.1,4000,4.25,20000,0,216000
ADANIENT30JAN20215CE.NFO,07/01/2020,12:29:15,4.1,4.1,8000,4.25,8000,0,216000
ADANIENT30JAN20215CE.NFO,07/01/2020,12:29:21,4.1,4.15,4000,4.25,8000,0,216000
ADANIENT30JAN20215CE.NFO,07/01/2020,12:29:29,4.1,4.15,4000,4.3,8000,0,216000
ADANIENT30JAN20215CE.NFO,07/01/2020,12:29:57,4.1,4.15,4000,4.25,4000,0,216000
ADANIENT30JAN20215CE.NFO,07/01/2020,12:30:01,4.1,4.15,8000,4.3,8000,0,216000
ADANIENT30JAN20215CE.NFO,07/01/2020,12:30:06,4.1,4.15,4000,4.25,4000,0,216000
ADANIENT30JAN20215CE.NFO,07/01/2020,12:30:16,4.1,4.15,8000,4.3,8000,0,216000
ADANIENT30JAN20215CE.NFO,07/01/2020,12:30:21,4.1,4.15,4000,4.3,8000,0,216000
ADANIENT30JAN20215CE.NFO,07/01/2020,12:30:33,4.1,4.15,8000,4.3,8000,0,216000
