Ticker,Date,Time,LTP,BuyPrice,BuyQty,SellPrice,SellQty,LTQ,OpenInterest
AMBUJACEM30JAN20205PE.NFO,07/01/2020,09:16:23,6.45,6.45,10000,7.3,7500,2500,92500
AMBUJACEM30JAN20205PE.NFO,07/01/2020,09:16:23,6.45,6.45,10000,7.3,7500,0,92500
AMBUJACEM30JAN20205PE.NFO,07/01/2020,09:16:23,6.45,6.45,10000,7.3,7500,0,92500
AMBUJACEM30JAN20205PE.NFO,07/01/2020,09:16:23,6.45,6.45,10000,7.3,7500,0,92500
AMBUJACEM30JAN20205PE.NFO,07/01/2020,09:16:32,6.1,5.55,2500,7,2500,2500,92500
AMBUJACEM30JAN20205PE.NFO,07/01/2020,09:16:32,6.1,5.55,2500,7,2500,0,92500
AMBUJACEM30JAN20205PE.NFO,07/01/2020,09:16:41,6.1,5.9,15000,7.45,2500,0,92500
AMBUJACEM30JAN20205PE.NFO,07/01/2020,09:16:51,6.1,6.25,2500,7.65,2500,0,92500
AMBUJACEM30JAN20205PE.NFO,07/01/2020,09:16:59,6.1,6.35,37500,7.9,2500,0,92500
AMBUJACEM30JAN20205PE.NFO,07/01/2020,09:17:07,6.1,5.9,15000,7.25,2500,0,92500
AMBUJACEM30JAN20205PE.NFO,07/01/2020,09:17:16,6.1,5.95,42500,7.4,2500,0,92500
AMBUJACEM30JAN20205PE.NFO,07/01/2020,09:17:24,6.1,5.95,35000,7.4,5000,0,92500
AMBUJACEM30JAN20205PE.NFO,07/01/2020,09:17:33,6.1,6.05,20000,7.4,2500,0,92500
AMBUJACEM30JAN20205PE.NFO,07/01/2020,09:17:42,6.1,6.1,5000,7.3,2500,0,92500
AMBUJACEM30JAN20205PE.NFO,07/01/2020,09:17:51,6.1,6.05,5000,7.3,2500,0,92500
AMBUJACEM30JAN20205PE.NFO,07/01/2020,09:17:59,6.1,5.85,2500,7.3,10000,0,92500
AMBUJACEM30JAN20205PE.NFO,07/01/2020,09:18:07,6.1,5.95,10000,7.3,2500,0,92500
AMBUJACEM30JAN20205PE.NFO,07/01/2020,09:18:14,6.1,6.05,2500,7.3,5000,0,92500
AMBUJACEM30JAN20205PE.NFO,07/01/2020,09:18:22,6.1,6.05,12500,7.3,2500,0,92500
AMBUJACEM30JAN20205PE.NFO,07/01/2020,09:18:30,6.1,5.8,12500,7.15,2500,0,92500
AMBUJACEM30JAN20205PE.NFO,07/01/2020,09:18:38,6.1,6.05,2500,7.2,2500,0,92500
AMBUJACEM30JAN20205PE.NFO,07/01/2020,09:18:45,6.1,6.1,2500,7.25,2500,0,92500
AMBUJACEM30JAN20205PE.NFO,07/01/2020,09:18:53,6.1,6.05,5000,7.35,12500,0,92500
AMBUJACEM30JAN20205PE.NFO,07/01/2020,09:19:00,6.1,6.05,17500,7.35,12500,0,92500
AMBUJACEM30JAN20205PE.NFO,07/01/2020,09:19:08,6.1,6.1,2500,7.35,12500,0,92500
AMBUJACEM30JAN20205PE.NFO,07/01/2020,09:19:24,6.1,5.95,5000,7.35,12500,0,92500
AMBUJACEM30JAN20205PE.NFO,07/01/2020,09:19:31,6.1,5.95,15000,7.35,12500,0,92500
AMBUJACEM30JAN20205PE.NFO,07/01/2020,09:19:39,6.1,6,5000,7.1,2500,0,92500
AMBUJACEM30JAN20205PE.NFO,07/01/2020,09:19:47,6.1,6,10000,7.1,2500,0,92500
AMBUJACEM30JAN20205PE.NFO,07/01/2020,09:19:55,6.1,5.95,25000,7.05,2500,0,92500
AMBUJACEM30JAN20205PE.NFO,07/01/2020,09:20:03,6.1,5.95,5000,6.95,2500,0,92500
AMBUJACEM30JAN20205PE.NFO,07/01/2020,09:20:10,6.1,6,15000,7.05,2500,0,92500
AMBUJACEM30JAN20205PE.NFO,07/01/2020,09:20:18,6.1,5.95,10000,7.05,5000,0,92500
AMBUJACEM30JAN20205PE.NFO,07/01/2020,09:20:26,6.1,5.95,5000,7,2500,0,92500
AMBUJACEM30JAN20205PE.NFO,07/01/2020,09:20:42,6.1,6,2500,7.05,2500,0,92500
AMBUJACEM30JAN20205PE.NFO,07/01/2020,09:20:49,6.1,6,20000,7.1,2500,0,92500
AMBUJACEM30JAN20205PE.NFO,07/01/2020,09:20:57,6.1,5.95,10000,7.1,2500,0,92500
AMBUJACEM30JAN20205PE.NFO,07/01/2020,09:21:04,6.1,6.1,27500,7.3,2500,0,92500
AMBUJACEM30JAN20205PE.NFO,07/01/2020,09:21:12,6.1,6.1,27500,6.85,2500,0,92500
AMBUJACEM30JAN20205PE.NFO,07/01/2020,09:21:20,6.1,6.2,2500,7.1,2500,0,92500
AMBUJACEM30JAN20205PE.NFO,07/01/2020,09:21:27,6.1,6.2,2500,7.3,2500,0,92500
AMBUJACEM30JAN20205PE.NFO,07/01/2020,09:21:34,6.1,6.3,2500,7.35,2500,0,92500
AMBUJACEM30JAN20205PE.NFO,07/01/2020,09:21:55,6.1,6.3,2500,7.4,2500,0,92500
AMBUJACEM30JAN20205PE.NFO,07/01/2020,09:22:02,6.1,6.15,2500,7.2,2500,0,92500
AMBUJACEM30JAN20205PE.NFO,07/01/2020,09:22:10,6.1,6.15,22500,7.25,2500,0,92500
AMBUJACEM30JAN20205PE.NFO,07/01/2020,09:22:17,6.1,6.15,45000,7.3,2500,0,92500
AMBUJACEM30JAN20205PE.NFO,07/01/2020,09:22:24,6.1,6.35,2500,7.25,2500,0,92500
AMBUJACEM30JAN20205PE.NFO,07/01/2020,09:22:31,6.1,6.25,2500,7.3,5000,0,92500
AMBUJACEM30JAN20205PE.NFO,07/01/2020,09:22:39,6.1,6.25,22500,7.35,2500,0,92500
AMBUJACEM30JAN20205PE.NFO,07/01/2020,09:22:45,6.1,6.25,20000,7.45,2500,0,92500
AMBUJACEM30JAN20205PE.NFO,07/01/2020,09:22:51,6.1,6.25,2500,7.4,2500,0,92500
AMBUJACEM30JAN20205PE.NFO,07/01/2020,09:22:57,6.1,6.4,2500,7.55,2500,0,92500
AMBUJACEM30JAN20205PE.NFO,07/01/2020,09:23:04,6.1,6.4,2500,7.5,2500,0,92500
AMBUJACEM30JAN20205PE.NFO,07/01/2020,09:23:11,6.1,6.5,2500,7.55,2500,0,92500
AMBUJACEM30JAN20205PE.NFO,07/01/2020,09:23:18,6.1,6.3,17500,7.55,2500,0,92500
AMBUJACEM30JAN20205PE.NFO,07/01/2020,09:23:24,6.1,6.5,2500,7.15,5000,0,92500
AMBUJACEM30JAN20205PE.NFO,07/01/2020,09:23:30,7.2,6.55,5000,7.25,2500,2500,95000
AMBUJACEM30JAN20205PE.NFO,07/01/2020,09:23:30,7.2,6.55,5000,7.25,2500,0,95000
AMBUJACEM30JAN20205PE.NFO,07/01/2020,09:23:37,7.2,6.55,5000,7.2,2500,0,95000
AMBUJACEM30JAN20205PE.NFO,07/01/2020,09:23:44,7.2,6.6,5000,7.25,2500,0,95000
AMBUJACEM30JAN20205PE.NFO,07/01/2020,09:23:50,7.2,6.65,2500,7.3,2500,0,95000
AMBUJACEM30JAN20205PE.NFO,07/01/2020,09:23:57,7.2,6.55,2500,7.2,2500,0,95000
AMBUJACEM30JAN20205PE.NFO,07/01/2020,09:24:04,7.2,6.55,2500,7.25,2500,0,95000
AMBUJACEM30JAN20205PE.NFO,07/01/2020,09:24:11,7.2,6.6,22500,7.45,2500,0,95000
AMBUJACEM30JAN20205PE.NFO,07/01/2020,09:24:18,7.2,6.6,45000,7.4,2500,0,95000
AMBUJACEM30JAN20205PE.NFO,07/01/2020,09:24:25,7.2,6.6,50000,7.55,2500,0,95000
AMBUJACEM30JAN20205PE.NFO,07/01/2020,09:24:32,7.2,6.6,50000,7.6,5000,0,95000
AMBUJACEM30JAN20205PE.NFO,07/01/2020,09:24:39,7.2,6.6,50000,7.55,2500,0,95000
AMBUJACEM30JAN20205PE.NFO,07/01/2020,09:24:45,7.2,6.8,2500,7.6,2500,0,95000
AMBUJACEM30JAN20205PE.NFO,07/01/2020,09:24:52,7.2,6.85,15000,7.6,2500,0,95000
AMBUJACEM30JAN20205PE.NFO,07/01/2020,09:24:58,7.2,6.9,2500,7.55,2500,0,95000
AMBUJACEM30JAN20205PE.NFO,07/01/2020,09:25:05,7.2,6.85,5000,7.55,2500,0,95000
AMBUJACEM30JAN20205PE.NFO,07/01/2020,09:25:12,7.2,6.9,2500,7.55,2500,0,95000
AMBUJACEM30JAN20205PE.NFO,07/01/2020,09:25:19,7.2,6.9,2500,7.6,2500,0,95000
AMBUJACEM30JAN20205PE.NFO,07/01/2020,09:25:26,7.2,7.1,2500,7.75,2500,0,95000
AMBUJACEM30JAN20205PE.NFO,07/01/2020,09:25:52,7.2,7.15,2500,7.75,2500,0,95000
AMBUJACEM30JAN20205PE.NFO,07/01/2020,09:26:04,7.2,7.2,2500,8.05,2500,0,95000
AMBUJACEM30JAN20205PE.NFO,07/01/2020,09:26:12,7.2,6.95,5000,7.7,2500,0,95000
AMBUJACEM30JAN20205PE.NFO,07/01/2020,09:26:18,7.2,7,2500,7.65,2500,0,95000
AMBUJACEM30JAN20205PE.NFO,07/01/2020,09:26:24,7.2,7.05,2500,7.65,2500,0,95000
AMBUJACEM30JAN20205PE.NFO,07/01/2020,09:26:29,7.2,6.9,2500,7.6,2500,0,95000
AMBUJACEM30JAN20205PE.NFO,07/01/2020,09:26:36,7.2,6.85,5000,7.55,2500,0,95000
AMBUJACEM30JAN20205PE.NFO,07/01/2020,09:26:42,7.2,6.9,5000,7.6,2500,0,95000
AMBUJACEM30JAN20205PE.NFO,07/01/2020,09:26:48,7.2,6.95,5000,7.6,2500,0,95000
AMBUJACEM30JAN20205PE.NFO,07/01/2020,09:27:03,7.2,7.05,7500,7.75,2500,0,95000
AMBUJACEM30JAN20205PE.NFO,07/01/2020,09:27:09,7.2,7.15,2500,7.75,2500,0,95000
AMBUJACEM30JAN20205PE.NFO,07/01/2020,09:27:14,7.2,7.1,5000,7.55,5000,0,95000
AMBUJACEM30JAN20205PE.NFO,07/01/2020,09:27:21,7.2,6.85,5000,7.45,5000,0,95000
AMBUJACEM30JAN20205PE.NFO,07/01/2020,09:27:27,7.2,6.95,5000,7.45,5000,0,95000
AMBUJACEM30JAN20205PE.NFO,07/01/2020,09:27:33,7.2,6.9,2500,7.4,2500,0,95000
AMBUJACEM30JAN20205PE.NFO,07/01/2020,09:27:39,7.2,6.95,7500,7.5,5000,0,95000
AMBUJACEM30JAN20205PE.NFO,07/01/2020,09:27:44,7.2,6.95,5000,7.45,5000,0,95000
AMBUJACEM30JAN20205PE.NFO,07/01/2020,09:28:03,7.2,6.95,5000,7.45,2500,0,95000
AMBUJACEM30JAN20205PE.NFO,07/01/2020,09:28:11,7.2,6.95,2500,7.4,7500,0,95000
AMBUJACEM30JAN20205PE.NFO,07/01/2020,09:28:17,7.2,7.05,2500,7.35,5000,0,95000
AMBUJACEM30JAN20205PE.NFO,07/01/2020,09:28:23,7.2,6.9,2500,7.35,7500,0,95000
AMBUJACEM30JAN20205PE.NFO,07/01/2020,09:28:29,7.2,6.9,5000,7.35,7500,0,95000
AMBUJACEM30JAN20205PE.NFO,07/01/2020,09:28:35,7.2,6.9,5000,7.35,5000,0,95000
AMBUJACEM30JAN20205PE.NFO,07/01/2020,09:28:57,7.2,6.9,5000,7.3,5000,0,95000
AMBUJACEM30JAN20205PE.NFO,07/01/2020,09:29:03,7.2,6.8,2500,7.25,5000,0,95000
AMBUJACEM30JAN20205PE.NFO,07/01/2020,09:29:10,7.2,6.75,2500,7.2,5000,0,95000
AMBUJACEM30JAN20205PE.NFO,07/01/2020,09:29:15,7.2,6.65,5000,7.25,7500,0,95000
AMBUJACEM30JAN20205PE.NFO,07/01/2020,09:29:21,7.2,6.65,2500,7.2,5000,0,95000
AMBUJACEM30JAN20205PE.NFO,07/01/2020,09:29:27,7.2,6.85,5000,7.3,7500,0,95000
AMBUJACEM30JAN20205PE.NFO,07/01/2020,09:29:52,7.2,6.85,5000,7.35,7500,0,95000
AMBUJACEM30JAN20205PE.NFO,07/01/2020,09:29:58,7.2,7,5000,7.45,7500,0,95000
AMBUJACEM30JAN20205PE.NFO,07/01/2020,09:30:04,7.2,6.85,12500,7.45,5000,0,95000
AMBUJACEM30JAN20205PE.NFO,07/01/2020,09:30:11,7.2,7.1,2500,7.45,7500,0,95000
AMBUJACEM30JAN20205PE.NFO,07/01/2020,09:30:17,7.2,7.15,2500,7.35,5000,0,95000
AMBUJACEM30JAN20205PE.NFO,07/01/2020,09:30:24,7.2,7.15,2500,7.3,5000,0,95000
AMBUJACEM30JAN20205PE.NFO,07/01/2020,09:30:30,7.2,7.1,2500,7.3,5000,0,95000
AMBUJACEM30JAN20205PE.NFO,07/01/2020,09:30:35,7.2,7.05,2500,7.25,5000,0,95000
AMBUJACEM30JAN20205PE.NFO,07/01/2020,09:30:40,7.2,6.95,2500,7.15,5000,0,95000
AMBUJACEM30JAN20205PE.NFO,07/01/2020,09:30:46,7.2,6.95,2500,7.15,2500,0,95000
AMBUJACEM30JAN20205PE.NFO,07/01/2020,09:31:01,7.2,6.95,2500,7.15,5000,0,95000
AMBUJACEM30JAN20205PE.NFO,07/01/2020,09:31:08,7.2,6.95,5000,7.15,5000,0,95000
AMBUJACEM30JAN20205PE.NFO,07/01/2020,09:31:14,7.2,6.95,5000,7.1,5000,0,95000
AMBUJACEM30JAN20205PE.NFO,07/01/2020,09:31:20,7.2,7,5000,7.15,2500,0,95000
AMBUJACEM30JAN20205PE.NFO,07/01/2020,09:31:26,7.2,7.05,5000,7.2,2500,0,95000
AMBUJACEM30JAN20205PE.NFO,07/01/2020,09:31:32,7.2,7.1,5000,7.3,7500,0,95000
AMBUJACEM30JAN20205PE.NFO,07/01/2020,09:31:37,7.2,7.05,5000,7.25,5000,0,95000
AMBUJACEM30JAN20205PE.NFO,07/01/2020,09:31:48,7.2,7,5000,7.15,2500,0,95000
AMBUJACEM30JAN20205PE.NFO,07/01/2020,09:32:02,7.2,7,5000,7.2,7500,0,95000
AMBUJACEM30JAN20205PE.NFO,07/01/2020,09:32:07,7.2,6.95,5000,7.15,7500,0,95000
AMBUJACEM30JAN20205PE.NFO,07/01/2020,09:32:17,7.2,6.95,5000,7.1,5000,0,95000
AMBUJACEM30JAN20205PE.NFO,07/01/2020,09:32:24,7.2,6.95,2500,7.05,5000,0,95000
AMBUJACEM30JAN20205PE.NFO,07/01/2020,09:32:30,6.9,6.85,5000,7,5000,2500,92500
AMBUJACEM30JAN20205PE.NFO,07/01/2020,09:32:36,6.9,6.8,5000,7,10000,0,92500
AMBUJACEM30JAN20205PE.NFO,07/01/2020,09:32:41,6.9,6.85,2500,7,5000,0,92500
AMBUJACEM30JAN20205PE.NFO,07/01/2020,09:32:48,6.9,6.75,5000,6.95,5000,0,92500
AMBUJACEM30JAN20205PE.NFO,07/01/2020,09:32:59,6.9,6.8,5000,6.95,5000,0,92500
AMBUJACEM30JAN20205PE.NFO,07/01/2020,09:33:04,6.9,6.9,2500,7.05,5000,0,92500
AMBUJACEM30JAN20205PE.NFO,07/01/2020,09:33:21,6.9,6.95,2500,7.2,5000,0,92500
AMBUJACEM30JAN20205PE.NFO,07/01/2020,09:33:27,6.9,6.95,2500,7.3,5000,0,92500
AMBUJACEM30JAN20205PE.NFO,07/01/2020,09:33:32,6.9,6.95,2500,7.15,2500,0,92500
AMBUJACEM30JAN20205PE.NFO,07/01/2020,09:33:38,6.9,6.95,5000,7.45,5000,0,92500
AMBUJACEM30JAN20205PE.NFO,07/01/2020,09:33:48,6.9,6.95,5000,7.55,5000,0,92500
AMBUJACEM30JAN20205PE.NFO,07/01/2020,09:33:54,6.9,7,5000,7.6,7500,0,92500
AMBUJACEM30JAN20205PE.NFO,07/01/2020,09:33:58,6.9,7,5000,7.55,7500,0,92500
AMBUJACEM30JAN20205PE.NFO,07/01/2020,09:34:03,6.9,6.95,5000,7.45,5000,0,92500
AMBUJACEM30JAN20205PE.NFO,07/01/2020,09:34:14,6.9,6.95,2500,7.15,5000,0,92500
AMBUJACEM30JAN20205PE.NFO,07/01/2020,09:34:24,6.9,7,5000,7.2,5000,0,92500
AMBUJACEM30JAN20205PE.NFO,07/01/2020,09:34:29,6.9,7.05,2500,7.2,2500,0,92500
AMBUJACEM30JAN20205PE.NFO,07/01/2020,09:34:45,6.9,7,5000,7.2,5000,0,92500
AMBUJACEM30JAN20205PE.NFO,07/01/2020,09:34:59,6.9,7,5000,7.2,7500,0,92500
AMBUJACEM30JAN20205PE.NFO,07/01/2020,09:35:14,6.9,6.95,5000,7.15,5000,0,92500
AMBUJACEM30JAN20205PE.NFO,07/01/2020,09:35:19,6.9,6.95,5000,7.15,7500,0,92500
AMBUJACEM30JAN20205PE.NFO,07/01/2020,09:35:30,6.9,7,5000,7.2,5000,0,92500
AMBUJACEM30JAN20205PE.NFO,07/01/2020,09:35:35,6.9,7.05,5000,7.25,2500,0,92500
AMBUJACEM30JAN20205PE.NFO,07/01/2020,09:35:41,6.9,7.1,5000,7.3,2500,0,92500
AMBUJACEM30JAN20205PE.NFO,07/01/2020,09:35:48,6.9,7.15,2500,7.3,2500,0,92500
AMBUJACEM30JAN20205PE.NFO,07/01/2020,09:35:55,6.9,7.2,2500,7.3,2500,0,92500
AMBUJACEM30JAN20205PE.NFO,07/01/2020,09:36:02,7.15,6.95,2500,7.2,7500,2500,92500
AMBUJACEM30JAN20205PE.NFO,07/01/2020,09:36:08,7.15,7,2500,7.2,5000,0,92500
AMBUJACEM30JAN20205PE.NFO,07/01/2020,09:36:19,7.15,6.95,2500,7.15,2500,0,92500
AMBUJACEM30JAN20205PE.NFO,07/01/2020,09:36:40,7.15,7,2500,7.2,7500,0,92500
AMBUJACEM30JAN20205PE.NFO,07/01/2020,09:36:45,7.15,6.9,2500,7.1,7500,0,92500
AMBUJACEM30JAN20205PE.NFO,07/01/2020,09:36:50,7.15,6.8,2500,7.05,10000,0,92500
AMBUJACEM30JAN20205PE.NFO,07/01/2020,09:37:10,7.15,6.85,2500,7.05,7500,0,92500
AMBUJACEM30JAN20205PE.NFO,07/01/2020,09:37:30,7.15,6.9,2500,7.1,7500,0,92500
AMBUJACEM30JAN20205PE.NFO,07/01/2020,09:37:40,7.15,6.85,2500,7.1,7500,0,92500
AMBUJACEM30JAN20205PE.NFO,07/01/2020,09:37:45,7.15,6.85,2500,7.05,2500,0,92500
AMBUJACEM30JAN20205PE.NFO,07/01/2020,09:37:50,7.15,6.85,2500,7.1,7500,0,92500
AMBUJACEM30JAN20205PE.NFO,07/01/2020,09:37:54,7.15,6.9,2500,7.1,5000,0,92500
AMBUJACEM30JAN20205PE.NFO,07/01/2020,09:37:59,7.15,6.95,2500,7.15,7500,0,92500
AMBUJACEM30JAN20205PE.NFO,07/01/2020,09:38:03,6.95,6.7,2500,6.9,5000,2500,92500
AMBUJACEM30JAN20205PE.NFO,07/01/2020,09:38:08,6.95,6.65,2500,6.8,2500,0,92500
AMBUJACEM30JAN20205PE.NFO,07/01/2020,09:38:13,6.95,6.65,2500,6.85,7500,0,92500
AMBUJACEM30JAN20205PE.NFO,07/01/2020,09:38:27,6.95,6.65,2500,6.85,5000,0,92500
AMBUJACEM30JAN20205PE.NFO,07/01/2020,09:38:36,6.95,6.55,2500,6.75,5000,0,92500
AMBUJACEM30JAN20205PE.NFO,07/01/2020,09:38:41,6.95,6.55,2500,6.8,5000,0,92500
AMBUJACEM30JAN20205PE.NFO,07/01/2020,09:38:51,6.95,6.55,2500,6.8,10000,0,92500
AMBUJACEM30JAN20205PE.NFO,07/01/2020,09:38:55,6.95,6.5,2500,6.7,2500,0,92500
AMBUJACEM30JAN20205PE.NFO,07/01/2020,09:39:00,6.95,6.5,2500,6.7,7500,0,92500
AMBUJACEM30JAN20205PE.NFO,07/01/2020,09:39:05,6.95,6.5,2500,6.7,2500,0,92500
AMBUJACEM30JAN20205PE.NFO,07/01/2020,09:39:09,6.95,6.55,2500,6.75,5000,0,92500
AMBUJACEM30JAN20205PE.NFO,07/01/2020,09:39:14,6.95,6.5,2500,6.7,2500,0,92500
AMBUJACEM30JAN20205PE.NFO,07/01/2020,09:39:25,6.95,6.35,2500,6.65,5000,0,92500
AMBUJACEM30JAN20205PE.NFO,07/01/2020,09:39:31,6.95,6.4,5000,6.75,5000,0,92500
AMBUJACEM30JAN20205PE.NFO,07/01/2020,09:39:36,6.95,6.5,2500,6.75,5000,0,92500
AMBUJACEM30JAN20205PE.NFO,07/01/2020,09:39:40,6.95,6.55,2500,6.75,5000,0,92500
AMBUJACEM30JAN20205PE.NFO,07/01/2020,09:39:45,6.95,6.55,2500,6.75,7500,0,92500
AMBUJACEM30JAN20205PE.NFO,07/01/2020,09:40:04,6.95,6.55,2500,6.75,5000,0,92500
AMBUJACEM30JAN20205PE.NFO,07/01/2020,09:40:10,6.95,6.5,2500,6.75,7500,0,92500
AMBUJACEM30JAN20205PE.NFO,07/01/2020,09:40:15,6.95,6.55,2500,6.75,5000,0,92500
AMBUJACEM30JAN20205PE.NFO,07/01/2020,09:40:27,6.95,6.5,2500,6.75,7500,0,92500
AMBUJACEM30JAN20205PE.NFO,07/01/2020,09:40:37,6.95,6.55,2500,6.75,2500,0,92500
AMBUJACEM30JAN20205PE.NFO,07/01/2020,09:40:42,6.95,6.6,2500,6.85,7500,0,92500
AMBUJACEM30JAN20205PE.NFO,07/01/2020,09:40:47,6.95,6.6,2500,6.85,5000,0,92500
AMBUJACEM30JAN20205PE.NFO,07/01/2020,09:40:51,6.95,6.65,2500,6.9,5000,0,92500
AMBUJACEM30JAN20205PE.NFO,07/01/2020,09:41:01,6.95,6.6,2500,6.8,5000,0,92500
AMBUJACEM30JAN20205PE.NFO,07/01/2020,09:41:16,6.95,6.6,2500,6.8,2500,0,92500
AMBUJACEM30JAN20205PE.NFO,07/01/2020,09:41:21,6.95,6.55,2500,6.8,10000,0,92500
AMBUJACEM30JAN20205PE.NFO,07/01/2020,09:41:50,6.95,6.55,2500,6.75,2500,0,92500
AMBUJACEM30JAN20205PE.NFO,07/01/2020,09:41:56,6.95,6.55,5000,6.85,2500,0,92500
AMBUJACEM30JAN20205PE.NFO,07/01/2020,09:42:02,6.95,6.65,2500,6.9,2500,0,92500
AMBUJACEM30JAN20205PE.NFO,07/01/2020,09:42:09,6.95,6.6,2500,6.8,2500,0,92500
AMBUJACEM30JAN20205PE.NFO,07/01/2020,09:42:29,6.95,6.6,2500,6.8,5000,0,92500
AMBUJACEM30JAN20205PE.NFO,07/01/2020,09:42:37,6.95,6.6,2500,6.8,2500,0,92500
AMBUJACEM30JAN20205PE.NFO,07/01/2020,09:42:49,6.95,6.6,5000,6.9,5000,0,92500
AMBUJACEM30JAN20205PE.NFO,07/01/2020,09:42:55,6.95,6.7,5000,6.95,2500,0,92500
AMBUJACEM30JAN20205PE.NFO,07/01/2020,09:43:01,6.95,6.75,2500,6.95,2500,0,92500
AMBUJACEM30JAN20205PE.NFO,07/01/2020,09:43:07,6.95,6.65,2500,6.95,2500,0,92500
AMBUJACEM30JAN20205PE.NFO,07/01/2020,09:43:13,6.95,6.75,2500,6.95,2500,0,92500
AMBUJACEM30JAN20205PE.NFO,07/01/2020,09:43:18,6.95,6.75,2500,7,2500,0,92500
AMBUJACEM30JAN20205PE.NFO,07/01/2020,09:43:42,6.95,6.9,2500,7.1,5000,0,92500
AMBUJACEM30JAN20205PE.NFO,07/01/2020,09:44:09,6.95,6.9,2500,7.1,2500,0,92500
AMBUJACEM30JAN20205PE.NFO,07/01/2020,09:44:30,6.95,6.95,2500,7.15,2500,0,92500
AMBUJACEM30JAN20205PE.NFO,07/01/2020,09:44:36,6.95,6.9,2500,7.15,7500,0,92500
AMBUJACEM30JAN20205PE.NFO,07/01/2020,09:44:41,6.95,6.95,2500,7.15,2500,0,92500
AMBUJACEM30JAN20205PE.NFO,07/01/2020,09:44:47,6.95,7,2500,7.2,2500,0,92500
AMBUJACEM30JAN20205PE.NFO,07/01/2020,09:44:58,6.95,7.2,2500,7.35,2500,0,92500
AMBUJACEM30JAN20205PE.NFO,07/01/2020,09:45:03,6.95,7.15,2500,7.35,2500,0,92500
AMBUJACEM30JAN20205PE.NFO,07/01/2020,09:45:08,6.95,7.1,2500,7.3,2500,0,92500
AMBUJACEM30JAN20205PE.NFO,07/01/2020,09:45:15,6.95,7.05,2500,7.25,2500,0,92500
AMBUJACEM30JAN20205PE.NFO,07/01/2020,09:45:21,6.95,7,2500,7.25,2500,0,92500
AMBUJACEM30JAN20205PE.NFO,07/01/2020,09:45:37,6.95,6.95,2500,7.25,5000,0,92500
AMBUJACEM30JAN20205PE.NFO,07/01/2020,09:45:46,6.95,6.95,2500,7.15,2500,0,92500
AMBUJACEM30JAN20205PE.NFO,07/01/2020,09:45:55,6.95,6.9,2500,7.15,2500,0,92500
AMBUJACEM30JAN20205PE.NFO,07/01/2020,09:46:09,6.95,6.9,2500,7.15,5000,0,92500
AMBUJACEM30JAN20205PE.NFO,07/01/2020,09:46:29,6.95,6.95,2500,7.15,2500,0,92500
AMBUJACEM30JAN20205PE.NFO,07/01/2020,09:47:21,6.95,6.9,2500,7.15,5000,0,92500
AMBUJACEM30JAN20205PE.NFO,07/01/2020,09:47:25,6.95,6.9,2500,7.15,7500,0,92500
AMBUJACEM30JAN20205PE.NFO,07/01/2020,09:47:33,6.95,6.9,2500,7.1,2500,0,92500
AMBUJACEM30JAN20205PE.NFO,07/01/2020,09:48:06,6.95,6.95,2500,7.15,7500,0,92500
AMBUJACEM30JAN20205PE.NFO,07/01/2020,09:48:11,6.95,6.9,2500,7.15,10000,0,92500
AMBUJACEM30JAN20205PE.NFO,07/01/2020,09:48:34,6.95,6.95,2500,7.15,7500,0,92500
AMBUJACEM30JAN20205PE.NFO,07/01/2020,09:48:40,6.95,6.95,2500,7.15,2500,0,92500
AMBUJACEM30JAN20205PE.NFO,07/01/2020,09:49:05,6.95,6.95,2500,7.2,7500,0,92500
AMBUJACEM30JAN20205PE.NFO,07/01/2020,09:49:13,6.95,7,2500,7.2,2500,0,92500
AMBUJACEM30JAN20205PE.NFO,07/01/2020,09:49:17,6.95,6.8,2500,7.05,5000,0,92500
AMBUJACEM30JAN20205PE.NFO,07/01/2020,09:49:31,6.95,6.9,2500,7.1,2500,0,92500
AMBUJACEM30JAN20205PE.NFO,07/01/2020,09:50:10,6.95,6.9,2500,7.1,7500,0,92500
AMBUJACEM30JAN20205PE.NFO,07/01/2020,09:50:18,6.95,6.9,2500,7.1,2500,0,92500
AMBUJACEM30JAN20205PE.NFO,07/01/2020,09:50:26,6.95,6.9,2500,7.1,5000,0,92500
AMBUJACEM30JAN20205PE.NFO,07/01/2020,09:50:45,6.95,6.9,2500,7.15,5000,0,92500
AMBUJACEM30JAN20205PE.NFO,07/01/2020,09:50:50,6.95,6.95,2500,7.15,7500,0,92500
AMBUJACEM30JAN20205PE.NFO,07/01/2020,09:50:54,6.95,6.95,2500,7.15,5000,0,92500
AMBUJACEM30JAN20205PE.NFO,07/01/2020,09:50:59,6.95,6.9,2500,7.1,2500,0,92500
AMBUJACEM30JAN20205PE.NFO,07/01/2020,09:51:08,6.95,6.95,2500,7.15,7500,0,92500
AMBUJACEM30JAN20205PE.NFO,07/01/2020,09:51:17,6.95,6.95,2500,7.15,5000,0,92500
AMBUJACEM30JAN20205PE.NFO,07/01/2020,09:52:10,6.95,7,2500,7.2,2500,0,92500
AMBUJACEM30JAN20205PE.NFO,07/01/2020,09:52:15,6.95,7.05,2500,7.3,5000,0,92500
AMBUJACEM30JAN20205PE.NFO,07/01/2020,09:52:24,6.95,7.15,2500,7.35,2500,0,92500
AMBUJACEM30JAN20205PE.NFO,07/01/2020,09:52:29,6.95,7.2,2500,7.45,7500,0,92500
AMBUJACEM30JAN20205PE.NFO,07/01/2020,09:52:48,6.95,7.25,2500,7.45,7500,0,92500
AMBUJACEM30JAN20205PE.NFO,07/01/2020,09:52:52,6.95,7.2,2500,7.45,5000,0,92500
AMBUJACEM30JAN20205PE.NFO,07/01/2020,09:52:56,6.95,7.3,2500,7.5,2500,0,92500
AMBUJACEM30JAN20205PE.NFO,07/01/2020,09:52:59,6.95,7.25,2500,7.5,7500,0,92500
AMBUJACEM30JAN20205PE.NFO,07/01/2020,09:53:03,6.95,7.35,2500,7.55,2500,0,92500
AMBUJACEM30JAN20205PE.NFO,07/01/2020,09:53:09,6.95,7.45,2500,7.7,2500,0,92500
AMBUJACEM30JAN20205PE.NFO,07/01/2020,09:54:47,6.95,7.55,2500,7.75,2500,0,92500
AMBUJACEM30JAN20205PE.NFO,07/01/2020,09:54:51,6.95,7.5,2500,7.75,5000,0,92500
AMBUJACEM30JAN20205PE.NFO,07/01/2020,09:55:03,6.95,7.45,2500,7.7,2500,0,92500
AMBUJACEM30JAN20205PE.NFO,07/01/2020,09:55:08,6.95,7.4,2500,7.65,5000,0,92500
AMBUJACEM30JAN20205PE.NFO,07/01/2020,09:55:13,6.95,7.45,2500,7.65,2500,0,92500
AMBUJACEM30JAN20205PE.NFO,07/01/2020,09:55:18,6.95,7.4,5000,7.65,2500,0,92500
AMBUJACEM30JAN20205PE.NFO,07/01/2020,09:55:23,6.95,7.45,2500,7.65,2500,0,92500
AMBUJACEM30JAN20205PE.NFO,07/01/2020,09:56:07,6.95,7.5,2500,7.7,2500,0,92500
AMBUJACEM30JAN20205PE.NFO,07/01/2020,09:56:17,6.95,7.45,2500,7.7,2500,0,92500
AMBUJACEM30JAN20205PE.NFO,07/01/2020,09:56:36,6.95,7.45,2500,7.7,5000,0,92500
AMBUJACEM30JAN20205PE.NFO,07/01/2020,09:56:53,6.95,7.5,2500,7.7,2500,0,92500
AMBUJACEM30JAN20205PE.NFO,07/01/2020,09:57:02,6.95,7.55,2500,7.8,2500,0,92500
AMBUJACEM30JAN20205PE.NFO,07/01/2020,09:57:07,6.95,7.5,2500,7.75,2500,0,92500
AMBUJACEM30JAN20205PE.NFO,07/01/2020,09:57:11,6.95,7.5,5000,7.8,2500,0,92500
AMBUJACEM30JAN20205PE.NFO,07/01/2020,09:57:16,6.95,7.55,2500,7.8,2500,0,92500
AMBUJACEM30JAN20205PE.NFO,07/01/2020,09:57:20,6.95,7.55,2500,7.8,5000,0,92500
AMBUJACEM30JAN20205PE.NFO,07/01/2020,09:58:18,6.95,7.5,2500,7.75,2500,0,92500
AMBUJACEM30JAN20205PE.NFO,07/01/2020,09:58:25,6.95,7.55,2500,7.8,2500,0,92500
AMBUJACEM30JAN20205PE.NFO,07/01/2020,09:58:29,6.95,7.5,2500,7.75,5000,0,92500
AMBUJACEM30JAN20205PE.NFO,07/01/2020,09:58:34,6.95,7.5,2500,7.75,7500,0,92500
AMBUJACEM30JAN20205PE.NFO,07/01/2020,09:58:38,6.95,7.4,2500,7.65,5000,0,92500
AMBUJACEM30JAN20205PE.NFO,07/01/2020,09:58:43,6.95,7.4,2500,7.65,2500,0,92500
AMBUJACEM30JAN20205PE.NFO,07/01/2020,09:58:48,6.95,7.55,2500,7.75,2500,0,92500
AMBUJACEM30JAN20205PE.NFO,07/01/2020,09:59:04,6.95,7.55,2500,7.8,2500,0,92500
AMBUJACEM30JAN20205PE.NFO,07/01/2020,09:59:09,6.95,7.55,2500,7.75,2500,0,92500
AMBUJACEM30JAN20205PE.NFO,07/01/2020,09:59:23,6.95,7.55,2500,7.8,2500,0,92500
AMBUJACEM30JAN20205PE.NFO,07/01/2020,09:59:28,6.95,7.6,2500,7.8,2500,0,92500
AMBUJACEM30JAN20205PE.NFO,07/01/2020,09:59:32,6.95,7.6,2500,7.85,5000,0,92500
AMBUJACEM30JAN20205PE.NFO,07/01/2020,10:00:00,6.95,7.55,2500,7.85,5000,0,92500
AMBUJACEM30JAN20205PE.NFO,07/01/2020,10:00:08,6.95,7.6,2500,7.85,2500,0,92500
AMBUJACEM30JAN20205PE.NFO,07/01/2020,10:00:13,6.95,7.55,2500,7.85,5000,0,92500
AMBUJACEM30JAN20205PE.NFO,07/01/2020,10:00:17,6.95,7.55,2500,7.8,5000,0,92500
AMBUJACEM30JAN20205PE.NFO,07/01/2020,10:00:27,6.95,7.55,2500,7.85,2500,0,92500
AMBUJACEM30JAN20205PE.NFO,07/01/2020,10:00:32,6.95,7.6,2500,7.9,2500,0,92500
AMBUJACEM30JAN20205PE.NFO,07/01/2020,10:00:36,6.95,7.6,2500,8,2500,0,92500
AMBUJACEM30JAN20205PE.NFO,07/01/2020,10:00:40,6.95,7.6,2500,7.9,2500,0,92500
AMBUJACEM30JAN20205PE.NFO,07/01/2020,10:00:46,6.95,7.6,2500,7.85,2500,0,92500
AMBUJACEM30JAN20205PE.NFO,07/01/2020,10:00:52,6.95,7.65,2500,8.2,2500,0,92500
AMBUJACEM30JAN20205PE.NFO,07/01/2020,10:00:58,6.95,7.65,2500,8,2500,0,92500
AMBUJACEM30JAN20205PE.NFO,07/01/2020,10:01:04,6.95,7.7,2500,7.9,2500,0,92500
AMBUJACEM30JAN20205PE.NFO,07/01/2020,10:01:10,6.95,7.55,2500,7.85,2500,0,92500
AMBUJACEM30JAN20205PE.NFO,07/01/2020,10:01:15,6.95,7.6,2500,7.9,2500,0,92500
AMBUJACEM30JAN20205PE.NFO,07/01/2020,10:02:06,6.95,7.6,2500,8.1,2500,0,92500
AMBUJACEM30JAN20205PE.NFO,07/01/2020,10:02:12,6.95,7.6,2500,8,2500,0,92500
AMBUJACEM30JAN20205PE.NFO,07/01/2020,10:02:18,6.95,7.6,2500,8.1,2500,0,92500
AMBUJACEM30JAN20205PE.NFO,07/01/2020,10:02:23,6.95,7.6,2500,7.95,2500,0,92500
AMBUJACEM30JAN20205PE.NFO,07/01/2020,10:02:28,6.95,7.6,2500,8,2500,0,92500
AMBUJACEM30JAN20205PE.NFO,07/01/2020,10:02:34,6.95,7.6,2500,8.15,2500,0,92500
AMBUJACEM30JAN20205PE.NFO,07/01/2020,10:02:38,6.95,7.65,2500,8.05,2500,0,92500
AMBUJACEM30JAN20205PE.NFO,07/01/2020,10:02:43,6.95,7.6,2500,8.05,2500,0,92500
AMBUJACEM30JAN20205PE.NFO,07/01/2020,10:02:47,6.95,7.6,2500,8,2500,0,92500
AMBUJACEM30JAN20205PE.NFO,07/01/2020,10:02:51,6.95,7.6,2500,8.25,5000,0,92500
AMBUJACEM30JAN20205PE.NFO,07/01/2020,10:02:55,6.95,7.6,2500,7.9,2500,0,92500
AMBUJACEM30JAN20205PE.NFO,07/01/2020,10:02:59,6.95,7.6,2500,8.15,2500,0,92500
AMBUJACEM30JAN20205PE.NFO,07/01/2020,10:03:13,6.95,7.6,2500,8.05,2500,0,92500
AMBUJACEM30JAN20205PE.NFO,07/01/2020,10:03:19,6.95,7.6,2500,8,2500,0,92500
AMBUJACEM30JAN20205PE.NFO,07/01/2020,10:03:23,6.95,7.6,2500,8.15,2500,0,92500
AMBUJACEM30JAN20205PE.NFO,07/01/2020,10:03:28,6.95,7.6,2500,8.05,2500,0,92500
AMBUJACEM30JAN20205PE.NFO,07/01/2020,10:03:33,6.95,7.6,5000,8.15,2500,0,92500
AMBUJACEM30JAN20205PE.NFO,07/01/2020,10:03:38,6.95,7.65,2500,8.3,2500,0,92500
AMBUJACEM30JAN20205PE.NFO,07/01/2020,10:03:47,6.95,7.65,2500,8.1,2500,0,92500
AMBUJACEM30JAN20205PE.NFO,07/01/2020,10:03:52,6.95,7.65,2500,8.15,2500,0,92500
AMBUJACEM30JAN20205PE.NFO,07/01/2020,10:03:57,6.95,7.65,2500,8.2,2500,0,92500
AMBUJACEM30JAN20205PE.NFO,07/01/2020,10:04:01,6.95,7.6,2500,8.05,2500,0,92500
AMBUJACEM30JAN20205PE.NFO,07/01/2020,10:04:06,6.95,7.6,5000,8.25,2500,0,92500
AMBUJACEM30JAN20205PE.NFO,07/01/2020,10:04:10,6.95,7.65,2500,8.15,2500,0,92500
AMBUJACEM30JAN20205PE.NFO,07/01/2020,10:04:15,6.95,7.65,2500,7.95,2500,0,92500
AMBUJACEM30JAN20205PE.NFO,07/01/2020,10:04:53,6.95,7.55,2500,7.85,2500,0,92500
AMBUJACEM30JAN20205PE.NFO,07/01/2020,10:05:02,6.95,7.65,2500,7.95,2500,0,92500
AMBUJACEM30JAN20205PE.NFO,07/01/2020,10:05:30,6.95,7.6,2500,8.1,2500,0,92500
AMBUJACEM30JAN20205PE.NFO,07/01/2020,10:05:36,6.95,7.75,2500,8.4,2500,0,92500
AMBUJACEM30JAN20205PE.NFO,07/01/2020,10:05:42,6.95,7.75,2500,8.15,2500,0,92500
AMBUJACEM30JAN20205PE.NFO,07/01/2020,10:06:21,6.95,7.8,2500,8.15,5000,0,92500
AMBUJACEM30JAN20205PE.NFO,07/01/2020,10:06:31,6.95,7.8,2500,8.1,2500,0,92500
AMBUJACEM30JAN20205PE.NFO,07/01/2020,10:06:46,6.95,7.8,2500,8.15,5000,0,92500
AMBUJACEM30JAN20205PE.NFO,07/01/2020,10:07:02,6.95,7.8,2500,8.2,2500,0,92500
AMBUJACEM30JAN20205PE.NFO,07/01/2020,10:07:13,6.95,7.8,2500,8.15,2500,0,92500
AMBUJACEM30JAN20205PE.NFO,07/01/2020,10:07:28,6.95,7.7,2500,8.1,5000,0,92500
AMBUJACEM30JAN20205PE.NFO,07/01/2020,10:07:38,6.95,7.7,2500,8.05,2500,0,92500
AMBUJACEM30JAN20205PE.NFO,07/01/2020,10:08:23,6.95,7.65,2500,8,5000,0,92500
AMBUJACEM30JAN20205PE.NFO,07/01/2020,10:08:37,6.95,7.65,2500,8,2500,0,92500
AMBUJACEM30JAN20205PE.NFO,07/01/2020,10:08:46,6.95,7.65,2500,7.95,2500,0,92500
AMBUJACEM30JAN20205PE.NFO,07/01/2020,10:08:51,6.95,7.65,2500,8,2500,0,92500
AMBUJACEM30JAN20205PE.NFO,07/01/2020,10:08:55,6.95,7.65,2500,7.95,2500,0,92500
AMBUJACEM30JAN20205PE.NFO,07/01/2020,10:08:59,6.95,7.55,2500,7.85,2500,0,92500
AMBUJACEM30JAN20205PE.NFO,07/01/2020,10:09:03,6.95,7.55,2500,7.9,2500,0,92500
AMBUJACEM30JAN20205PE.NFO,07/01/2020,10:09:21,6.95,7.55,2500,7.9,5000,0,92500
AMBUJACEM30JAN20205PE.NFO,07/01/2020,10:09:26,6.95,7.55,2500,7.9,2500,0,92500
AMBUJACEM30JAN20205PE.NFO,07/01/2020,10:09:39,6.95,7.7,2500,8,2500,0,92500
AMBUJACEM30JAN20205PE.NFO,07/01/2020,10:09:43,6.95,7.7,2500,8,5000,0,92500
AMBUJACEM30JAN20205PE.NFO,07/01/2020,10:09:56,6.95,7.6,2500,7.9,5000,0,92500
AMBUJACEM30JAN20205PE.NFO,07/01/2020,10:10:02,6.95,7.55,2500,7.9,2500,0,92500
AMBUJACEM30JAN20205PE.NFO,07/01/2020,10:10:08,6.95,7.5,2500,7.9,2500,0,92500
AMBUJACEM30JAN20205PE.NFO,07/01/2020,10:10:13,6.95,7.55,2500,7.85,5000,0,92500
AMBUJACEM30JAN20205PE.NFO,07/01/2020,10:10:22,6.95,7.5,2500,7.8,2500,0,92500
AMBUJACEM30JAN20205PE.NFO,07/01/2020,10:10:26,6.95,7.5,2500,7.85,2500,0,92500
AMBUJACEM30JAN20205PE.NFO,07/01/2020,10:10:30,6.95,7.5,2500,7.8,2500,0,92500
AMBUJACEM30JAN20205PE.NFO,07/01/2020,10:11:34,6.95,7.55,2500,7.85,5000,0,92500
AMBUJACEM30JAN20205PE.NFO,07/01/2020,10:11:38,6.95,7.55,2500,7.8,2500,0,92500
AMBUJACEM30JAN20205PE.NFO,07/01/2020,10:11:42,6.95,7.55,2500,7.85,2500,0,92500
AMBUJACEM30JAN20205PE.NFO,07/01/2020,10:11:50,6.95,7.5,2500,7.8,2500,0,92500
AMBUJACEM30JAN20205PE.NFO,07/01/2020,10:12:56,6.95,7.55,2500,7.85,5000,0,92500
AMBUJACEM30JAN20205PE.NFO,07/01/2020,10:13:08,6.95,7.6,2500,7.95,2500,0,92500
AMBUJACEM30JAN20205PE.NFO,07/01/2020,10:13:12,6.95,7.6,2500,7.9,2500,0,92500
AMBUJACEM30JAN20205PE.NFO,07/01/2020,10:13:51,6.95,7.6,2500,7.9,5000,0,92500
AMBUJACEM30JAN20205PE.NFO,07/01/2020,10:13:57,6.95,7.5,2500,8,2500,0,92500
AMBUJACEM30JAN20205PE.NFO,07/01/2020,10:14:01,6.95,7.55,2500,8,2500,0,92500
AMBUJACEM30JAN20205PE.NFO,07/01/2020,10:14:06,6.95,7.55,2500,7.9,5000,0,92500
AMBUJACEM30JAN20205PE.NFO,07/01/2020,10:14:16,6.95,7.55,2500,7.85,2500,0,92500
AMBUJACEM30JAN20205PE.NFO,07/01/2020,10:14:22,6.95,7.55,2500,7.85,5000,0,92500
AMBUJACEM30JAN20205PE.NFO,07/01/2020,10:14:46,6.95,7.55,2500,7.9,5000,0,92500
AMBUJACEM30JAN20205PE.NFO,07/01/2020,10:15:36,6.95,7.55,2500,7.9,2500,0,92500
AMBUJACEM30JAN20205PE.NFO,07/01/2020,10:15:51,6.95,7.55,2500,7.85,2500,0,92500
AMBUJACEM30JAN20205PE.NFO,07/01/2020,10:16:15,6.95,7.5,2500,7.8,5000,0,92500
AMBUJACEM30JAN20205PE.NFO,07/01/2020,10:16:18,6.95,7.5,2500,7.85,2500,0,92500
AMBUJACEM30JAN20205PE.NFO,07/01/2020,10:16:26,6.95,7.55,2500,7.95,2500,0,92500
AMBUJACEM30JAN20205PE.NFO,07/01/2020,10:17:11,6.95,7.55,2500,7.9,2500,0,92500
AMBUJACEM30JAN20205PE.NFO,07/01/2020,10:17:24,6.95,7.6,2500,7.9,2500,0,92500
AMBUJACEM30JAN20205PE.NFO,07/01/2020,10:18:03,6.95,7.65,2500,8.05,2500,0,92500
AMBUJACEM30JAN20205PE.NFO,07/01/2020,10:18:42,6.95,7.6,2500,8.05,2500,0,92500
AMBUJACEM30JAN20205PE.NFO,07/01/2020,10:19:42,6.95,7.6,2500,8,2500,0,92500
AMBUJACEM30JAN20205PE.NFO,07/01/2020,10:19:51,6.95,7.6,2500,7.95,7500,0,92500
AMBUJACEM30JAN20205PE.NFO,07/01/2020,10:20:09,6.95,7.55,2500,7.95,7500,0,92500
AMBUJACEM30JAN20205PE.NFO,07/01/2020,10:20:34,6.95,7.5,2500,7.9,2500,0,92500
AMBUJACEM30JAN20205PE.NFO,07/01/2020,10:20:50,6.95,7.5,2500,7.85,5000,0,92500
AMBUJACEM30JAN20205PE.NFO,07/01/2020,10:20:54,6.95,7.45,2500,7.85,5000,0,92500
AMBUJACEM30JAN20205PE.NFO,07/01/2020,10:21:04,6.95,7.45,2500,7.8,5000,0,92500
AMBUJACEM30JAN20205PE.NFO,07/01/2020,10:21:08,6.95,7.4,2500,7.8,2500,0,92500
AMBUJACEM30JAN20205PE.NFO,07/01/2020,10:21:16,6.95,7.4,2500,7.75,2500,0,92500
AMBUJACEM30JAN20205PE.NFO,07/01/2020,10:21:20,6.95,7.4,2500,7.75,5000,0,92500
AMBUJACEM30JAN20205PE.NFO,07/01/2020,10:21:47,6.95,7.4,2500,7.75,2500,0,92500
AMBUJACEM30JAN20205PE.NFO,07/01/2020,10:22:04,6.95,7.45,2500,7.8,2500,0,92500
AMBUJACEM30JAN20205PE.NFO,07/01/2020,10:22:08,6.95,7.5,2500,7.85,2500,0,92500
AMBUJACEM30JAN20205PE.NFO,07/01/2020,10:22:38,6.95,7.55,5000,7.95,5000,0,92500
AMBUJACEM30JAN20205PE.NFO,07/01/2020,10:22:43,6.95,7.6,2500,7.9,2500,0,92500
AMBUJACEM30JAN20205PE.NFO,07/01/2020,10:22:49,6.95,7.6,2500,8,2500,0,92500
AMBUJACEM30JAN20205PE.NFO,07/01/2020,10:23:05,6.95,7.6,2500,8,5000,0,92500
AMBUJACEM30JAN20205PE.NFO,07/01/2020,10:24:38,6.95,7.65,5000,8,2500,0,92500
AMBUJACEM30JAN20205PE.NFO,07/01/2020,10:24:42,6.95,7.7,2500,8,2500,0,92500
AMBUJACEM30JAN20205PE.NFO,07/01/2020,10:24:45,6.95,7.7,2500,8.05,2500,0,92500
AMBUJACEM30JAN20205PE.NFO,07/01/2020,10:25:28,6.95,7.75,2500,8.05,2500,0,92500
AMBUJACEM30JAN20205PE.NFO,07/01/2020,10:25:44,6.95,7.75,2500,8.1,2500,0,92500
AMBUJACEM30JAN20205PE.NFO,07/01/2020,10:25:49,6.95,7.75,2500,8.1,5000,0,92500
AMBUJACEM30JAN20205PE.NFO,07/01/2020,10:26:15,6.95,7.8,2500,8.15,2500,0,92500
AMBUJACEM30JAN20205PE.NFO,07/01/2020,10:26:52,6.95,7.9,2500,8.15,2500,0,92500
AMBUJACEM30JAN20205PE.NFO,07/01/2020,10:26:56,6.95,7.8,2500,8.15,2500,0,92500
AMBUJACEM30JAN20205PE.NFO,07/01/2020,10:27:10,6.95,7.8,2500,8.15,5000,0,92500
AMBUJACEM30JAN20205PE.NFO,07/01/2020,10:27:18,6.95,7.8,2500,8.15,2500,0,92500
AMBUJACEM30JAN20205PE.NFO,07/01/2020,10:28:46,6.95,7.8,2500,8.15,5000,0,92500
AMBUJACEM30JAN20205PE.NFO,07/01/2020,10:29:41,6.95,7.8,2500,8.15,2500,0,92500
AMBUJACEM30JAN20205PE.NFO,07/01/2020,10:29:54,6.95,7.8,2500,8.15,5000,0,92500
AMBUJACEM30JAN20205PE.NFO,07/01/2020,10:30:12,6.95,7.75,2500,8.15,2500,0,92500
AMBUJACEM30JAN20205PE.NFO,07/01/2020,10:30:20,6.95,7.8,2500,8.15,5000,0,92500
AMBUJACEM30JAN20205PE.NFO,07/01/2020,10:30:32,6.95,7.75,2500,8.15,2500,0,92500
AMBUJACEM30JAN20205PE.NFO,07/01/2020,10:30:36,6.95,7.8,2500,8.15,5000,0,92500
AMBUJACEM30JAN20205PE.NFO,07/01/2020,10:30:50,6.95,7.8,2500,8.15,2500,0,92500
AMBUJACEM30JAN20205PE.NFO,07/01/2020,10:30:54,6.95,7.85,2500,8.2,2500,0,92500
AMBUJACEM30JAN20205PE.NFO,07/01/2020,10:31:00,6.95,7.85,2500,8.2,5000,0,92500
AMBUJACEM30JAN20205PE.NFO,07/01/2020,10:32:01,6.95,7.85,2500,8.25,2500,0,92500
AMBUJACEM30JAN20205PE.NFO,07/01/2020,10:32:14,6.95,7.85,5000,8.25,2500,0,92500
AMBUJACEM30JAN20205PE.NFO,07/01/2020,10:32:18,8.25,8,2500,8.55,2500,2500,92500
AMBUJACEM30JAN20205PE.NFO,07/01/2020,10:32:18,8.25,8,2500,8.55,2500,0,92500
AMBUJACEM30JAN20205PE.NFO,07/01/2020,10:32:23,8.25,8,2500,8.75,2500,0,92500
AMBUJACEM30JAN20205PE.NFO,07/01/2020,10:32:28,8.25,8,2500,8.95,12500,0,92500
AMBUJACEM30JAN20205PE.NFO,07/01/2020,10:32:32,8.25,8,2500,8.85,2500,0,92500
AMBUJACEM30JAN20205PE.NFO,07/01/2020,10:32:36,8.25,8,2500,8.95,20000,0,92500
AMBUJACEM30JAN20205PE.NFO,07/01/2020,10:32:39,8.25,8,2500,8.95,12500,0,92500
AMBUJACEM30JAN20205PE.NFO,07/01/2020,10:32:43,8.25,7.9,2500,8.85,7500,0,92500
AMBUJACEM30JAN20205PE.NFO,07/01/2020,10:32:47,8.25,7.9,2500,8.8,2500,0,92500
AMBUJACEM30JAN20205PE.NFO,07/01/2020,10:32:50,8.25,7.9,2500,8.7,2500,0,92500
AMBUJACEM30JAN20205PE.NFO,07/01/2020,10:32:54,8.25,7.85,2500,8.8,10000,0,92500
AMBUJACEM30JAN20205PE.NFO,07/01/2020,10:32:58,8.25,7.85,2500,8.8,2500,0,92500
AMBUJACEM30JAN20205PE.NFO,07/01/2020,10:33:01,8.25,7.85,2500,8.65,2500,0,92500
AMBUJACEM30JAN20205PE.NFO,07/01/2020,10:33:07,8.25,7.85,2500,8.8,2500,0,92500
AMBUJACEM30JAN20205PE.NFO,07/01/2020,10:33:10,8.25,7.85,2500,8.9,2500,0,92500
AMBUJACEM30JAN20205PE.NFO,07/01/2020,10:33:18,8.25,7.8,2500,8.6,2500,0,92500
AMBUJACEM30JAN20205PE.NFO,07/01/2020,10:33:21,8.25,7.8,2500,8.65,5000,0,92500
AMBUJACEM30JAN20205PE.NFO,07/01/2020,10:33:23,8.25,7.8,2500,8.6,2500,0,92500
AMBUJACEM30JAN20205PE.NFO,07/01/2020,10:33:26,8.25,7.75,2500,8.7,10000,0,92500
AMBUJACEM30JAN20205PE.NFO,07/01/2020,10:33:28,8.25,7.75,2500,8.55,2500,0,92500
AMBUJACEM30JAN20205PE.NFO,07/01/2020,10:33:30,8.25,7.75,2500,8.75,5000,0,92500
AMBUJACEM30JAN20205PE.NFO,07/01/2020,10:33:53,8.25,7.75,2500,8.55,2500,0,92500
AMBUJACEM30JAN20205PE.NFO,07/01/2020,10:33:56,8.25,7.75,2500,8.75,2500,0,92500
AMBUJACEM30JAN20205PE.NFO,07/01/2020,10:33:59,8.25,7.75,2500,8.5,2500,0,92500
AMBUJACEM30JAN20205PE.NFO,07/01/2020,10:34:02,8.25,7.75,2500,8.8,2500,0,92500
AMBUJACEM30JAN20205PE.NFO,07/01/2020,10:34:05,8.25,7.75,2500,8.7,2500,0,92500
AMBUJACEM30JAN20205PE.NFO,07/01/2020,10:34:08,8.25,7.75,2500,8.6,2500,0,92500
AMBUJACEM30JAN20205PE.NFO,07/01/2020,10:34:11,8.25,7.75,2500,8.6,10000,0,92500
AMBUJACEM30JAN20205PE.NFO,07/01/2020,10:34:13,8.25,7.75,2500,8.75,2500,0,92500
AMBUJACEM30JAN20205PE.NFO,07/01/2020,10:34:16,8.25,7.75,2500,8.5,2500,0,92500
AMBUJACEM30JAN20205PE.NFO,07/01/2020,10:34:19,8.25,7.75,2500,8.6,10000,0,92500
AMBUJACEM30JAN20205PE.NFO,07/01/2020,10:34:22,8.25,7.75,2500,8.65,5000,0,92500
AMBUJACEM30JAN20205PE.NFO,07/01/2020,10:34:28,8.25,7.75,2500,8.5,2500,0,92500
AMBUJACEM30JAN20205PE.NFO,07/01/2020,10:34:31,8.25,7.75,2500,8.55,2500,0,92500
AMBUJACEM30JAN20205PE.NFO,07/01/2020,10:34:40,8.25,7.75,2500,8.6,2500,0,92500
AMBUJACEM30JAN20205PE.NFO,07/01/2020,10:34:44,8.25,7.75,2500,8.7,2500,0,92500
AMBUJACEM30JAN20205PE.NFO,07/01/2020,10:34:48,8.25,7.75,2500,8.6,2500,0,92500
AMBUJACEM30JAN20205PE.NFO,07/01/2020,10:34:55,8.25,7.75,2500,8.7,2500,0,92500
AMBUJACEM30JAN20205PE.NFO,07/01/2020,10:35:08,8.25,7.75,2500,8.5,2500,0,92500
AMBUJACEM30JAN20205PE.NFO,07/01/2020,10:35:11,8.25,7.75,2500,8.6,2500,0,92500
AMBUJACEM30JAN20205PE.NFO,07/01/2020,10:35:13,8.25,7.75,2500,8.7,2500,0,92500
AMBUJACEM30JAN20205PE.NFO,07/01/2020,10:35:19,8.25,7.75,2500,8.6,2500,0,92500
AMBUJACEM30JAN20205PE.NFO,07/01/2020,10:35:21,8.25,7.75,2500,8.6,5000,0,92500
AMBUJACEM30JAN20205PE.NFO,07/01/2020,10:35:23,8.25,7.75,2500,8.4,2500,0,92500
AMBUJACEM30JAN20205PE.NFO,07/01/2020,10:35:25,8.25,7.75,2500,8.45,5000,0,92500
AMBUJACEM30JAN20205PE.NFO,07/01/2020,10:35:32,8.25,7.75,2500,8.7,10000,0,92500
AMBUJACEM30JAN20205PE.NFO,07/01/2020,10:35:35,8.25,7.75,2500,8.8,17500,0,92500
AMBUJACEM30JAN20205PE.NFO,07/01/2020,10:35:39,8.25,7.75,2500,8.45,2500,0,92500
AMBUJACEM30JAN20205PE.NFO,07/01/2020,10:35:43,8.25,7.75,2500,8.55,7500,0,92500
AMBUJACEM30JAN20205PE.NFO,07/01/2020,10:35:45,8.25,7.75,2500,8.45,5000,0,92500
AMBUJACEM30JAN20205PE.NFO,07/01/2020,10:35:48,8.25,7.75,2500,8.5,2500,0,92500
AMBUJACEM30JAN20205PE.NFO,07/01/2020,10:35:50,8.25,7.75,2500,8.7,12500,0,92500
AMBUJACEM30JAN20205PE.NFO,07/01/2020,10:35:52,8.25,7.75,2500,8.5,5000,0,92500
AMBUJACEM30JAN20205PE.NFO,07/01/2020,10:35:55,8.25,7.75,2500,8.65,10000,0,92500
AMBUJACEM30JAN20205PE.NFO,07/01/2020,10:35:58,8.25,7.75,2500,8.45,5000,0,92500
AMBUJACEM30JAN20205PE.NFO,07/01/2020,10:36:01,8.25,7.75,2500,8.4,2500,0,92500
AMBUJACEM30JAN20205PE.NFO,07/01/2020,10:36:10,8.25,7.75,2500,8.65,12500,0,92500
AMBUJACEM30JAN20205PE.NFO,07/01/2020,10:36:13,8.25,7.75,2500,8.4,2500,0,92500
AMBUJACEM30JAN20205PE.NFO,07/01/2020,10:36:16,8.25,7.75,2500,8.55,5000,0,92500
AMBUJACEM30JAN20205PE.NFO,07/01/2020,10:36:19,8.25,7.75,2500,8.75,15000,0,92500
AMBUJACEM30JAN20205PE.NFO,07/01/2020,10:36:22,8.25,7.75,2500,8.55,5000,0,92500
AMBUJACEM30JAN20205PE.NFO,07/01/2020,10:36:30,8.25,7.75,2500,8.65,5000,0,92500
AMBUJACEM30JAN20205PE.NFO,07/01/2020,10:36:32,8.25,7.75,2500,8.55,2500,0,92500
AMBUJACEM30JAN20205PE.NFO,07/01/2020,10:36:35,8.25,7.75,2500,8.5,2500,0,92500
AMBUJACEM30JAN20205PE.NFO,07/01/2020,10:36:41,8.25,7.75,2500,8.65,5000,0,92500
AMBUJACEM30JAN20205PE.NFO,07/01/2020,10:36:43,8.25,7.75,2500,8.55,5000,0,92500
AMBUJACEM30JAN20205PE.NFO,07/01/2020,10:36:46,8.25,7.75,2500,8.6,5000,0,92500
AMBUJACEM30JAN20205PE.NFO,07/01/2020,10:36:49,8.25,7.75,2500,8.8,15000,0,92500
AMBUJACEM30JAN20205PE.NFO,07/01/2020,10:36:50,8.25,7.75,2500,8.55,2500,0,92500
AMBUJACEM30JAN20205PE.NFO,07/01/2020,10:36:52,8.25,7.75,2500,8.85,22500,0,92500
AMBUJACEM30JAN20205PE.NFO,07/01/2020,10:36:54,8.25,7.75,2500,8.75,15000,0,92500
AMBUJACEM30JAN20205PE.NFO,07/01/2020,10:36:56,8.25,7.75,2500,8.55,2500,0,92500
AMBUJACEM30JAN20205PE.NFO,07/01/2020,10:36:58,8.25,7.75,2500,8.5,2500,0,92500
AMBUJACEM30JAN20205PE.NFO,07/01/2020,10:37:00,8.25,7.75,2500,8.7,10000,0,92500
AMBUJACEM30JAN20205PE.NFO,07/01/2020,10:37:02,8.25,7.75,2500,8.6,5000,0,92500
AMBUJACEM30JAN20205PE.NFO,07/01/2020,10:37:04,8.25,7.75,2500,8.75,17500,0,92500
AMBUJACEM30JAN20205PE.NFO,07/01/2020,10:37:08,8.25,7.75,2500,8.55,2500,0,92500
AMBUJACEM30JAN20205PE.NFO,07/01/2020,10:37:10,8.25,7.75,2500,8.5,2500,0,92500
AMBUJACEM30JAN20205PE.NFO,07/01/2020,10:37:12,8.25,7.75,2500,8.6,2500,0,92500
AMBUJACEM30JAN20205PE.NFO,07/01/2020,10:37:14,8.25,7.75,2500,8.8,15000,0,92500
AMBUJACEM30JAN20205PE.NFO,07/01/2020,10:37:17,8.25,7.75,2500,8.6,2500,0,92500
AMBUJACEM30JAN20205PE.NFO,07/01/2020,10:37:20,8.25,7.75,2500,8.65,2500,0,92500
AMBUJACEM30JAN20205PE.NFO,07/01/2020,10:37:26,8.25,7.75,2500,8.9,2500,0,92500
AMBUJACEM30JAN20205PE.NFO,07/01/2020,10:38:21,8.25,7.75,2500,8.85,2500,0,92500
AMBUJACEM30JAN20205PE.NFO,07/01/2020,10:38:57,8.25,7.75,2500,8.6,7500,0,92500
AMBUJACEM30JAN20205PE.NFO,07/01/2020,10:39:03,8.25,7.75,2500,8.85,2500,0,92500
AMBUJACEM30JAN20205PE.NFO,07/01/2020,10:39:21,8.25,7.8,2500,8.85,2500,0,92500
AMBUJACEM30JAN20205PE.NFO,07/01/2020,10:39:50,8.25,7.8,2500,8.8,15000,0,92500
AMBUJACEM30JAN20205PE.NFO,07/01/2020,10:39:52,8.25,7.8,2500,8.55,2500,0,92500
AMBUJACEM30JAN20205PE.NFO,07/01/2020,10:39:55,8.25,7.8,2500,8.7,12500,0,92500
AMBUJACEM30JAN20205PE.NFO,07/01/2020,10:39:57,8.25,7.8,2500,8.55,2500,0,92500
AMBUJACEM30JAN20205PE.NFO,07/01/2020,10:40:01,8.25,7.8,2500,8.8,15000,0,92500
AMBUJACEM30JAN20205PE.NFO,07/01/2020,10:40:04,8.25,7.8,2500,8.6,2500,0,92500
AMBUJACEM30JAN20205PE.NFO,07/01/2020,10:40:08,8.25,7.8,2500,8.7,12500,0,92500
AMBUJACEM30JAN20205PE.NFO,07/01/2020,10:40:12,8.25,7.8,2500,8.6,2500,0,92500
AMBUJACEM30JAN20205PE.NFO,07/01/2020,10:40:17,8.25,7.8,2500,8.75,15000,0,92500
AMBUJACEM30JAN20205PE.NFO,07/01/2020,10:40:19,8.25,7.8,2500,8.5,2500,0,92500
AMBUJACEM30JAN20205PE.NFO,07/01/2020,10:40:21,8.25,7.8,2500,8.7,12500,0,92500
AMBUJACEM30JAN20205PE.NFO,07/01/2020,10:40:24,8.25,7.8,2500,8.55,2500,0,92500
AMBUJACEM30JAN20205PE.NFO,07/01/2020,10:40:26,8.25,7.8,2500,8.6,2500,0,92500
AMBUJACEM30JAN20205PE.NFO,07/01/2020,10:40:28,8.25,7.8,2500,8.8,15000,0,92500
AMBUJACEM30JAN20205PE.NFO,07/01/2020,10:40:33,8.25,7.8,2500,8.7,12500,0,92500
AMBUJACEM30JAN20205PE.NFO,07/01/2020,10:40:35,8.25,7.8,2500,8.55,2500,0,92500
AMBUJACEM30JAN20205PE.NFO,07/01/2020,10:40:37,8.25,7.8,2500,8.75,12500,0,92500
AMBUJACEM30JAN20205PE.NFO,07/01/2020,10:40:41,8.25,7.8,2500,8.55,5000,0,92500
AMBUJACEM30JAN20205PE.NFO,07/01/2020,10:40:43,8.25,7.8,2500,8.8,17500,0,92500
AMBUJACEM30JAN20205PE.NFO,07/01/2020,10:40:46,8.25,7.8,2500,8.6,2500,0,92500
AMBUJACEM30JAN20205PE.NFO,07/01/2020,10:40:49,8.25,7.8,2500,8.7,10000,0,92500
AMBUJACEM30JAN20205PE.NFO,07/01/2020,10:40:56,8.25,7.8,2500,8.6,2500,0,92500
AMBUJACEM30JAN20205PE.NFO,07/01/2020,10:40:59,8.25,7.8,2500,8.75,15000,0,92500
AMBUJACEM30JAN20205PE.NFO,07/01/2020,10:41:03,8.25,7.8,2500,8.55,5000,0,92500
AMBUJACEM30JAN20205PE.NFO,07/01/2020,10:41:10,8.25,7.8,2500,8.5,2500,0,92500
AMBUJACEM30JAN20205PE.NFO,07/01/2020,10:41:18,8.25,7.8,2500,8.55,2500,0,92500
AMBUJACEM30JAN20205PE.NFO,07/01/2020,10:41:21,8.25,7.8,2500,8.5,2500,0,92500
AMBUJACEM30JAN20205PE.NFO,07/01/2020,10:41:26,8.25,7.8,2500,8.75,12500,0,92500
AMBUJACEM30JAN20205PE.NFO,07/01/2020,10:41:30,8.25,7.8,2500,8.7,10000,0,92500
AMBUJACEM30JAN20205PE.NFO,07/01/2020,10:41:33,8.25,7.8,2500,8.8,15000,0,92500
AMBUJACEM30JAN20205PE.NFO,07/01/2020,10:41:37,8.25,7.8,2500,8.6,5000,0,92500
AMBUJACEM30JAN20205PE.NFO,07/01/2020,10:41:49,8.25,7.8,2500,8.75,12500,0,92500
AMBUJACEM30JAN20205PE.NFO,07/01/2020,10:41:52,8.25,7.8,2500,8.55,5000,0,92500
AMBUJACEM30JAN20205PE.NFO,07/01/2020,10:43:55,8.25,7.85,2500,8.6,2500,0,92500
AMBUJACEM30JAN20205PE.NFO,07/01/2020,10:43:58,8.25,7.85,2500,8.65,2500,0,92500
AMBUJACEM30JAN20205PE.NFO,07/01/2020,10:44:03,8.25,7.85,2500,8.7,2500,0,92500
AMBUJACEM30JAN20205PE.NFO,07/01/2020,10:44:05,8.25,7.85,2500,8.85,10000,0,92500
AMBUJACEM30JAN20205PE.NFO,07/01/2020,10:44:12,8.25,7.85,2500,8.7,2500,0,92500
AMBUJACEM30JAN20205PE.NFO,07/01/2020,10:44:14,8.25,7.85,2500,8.75,10000,0,92500
AMBUJACEM30JAN20205PE.NFO,07/01/2020,10:44:20,8.25,7.85,2500,8.75,7500,0,92500
AMBUJACEM30JAN20205PE.NFO,07/01/2020,10:44:22,8.25,7.85,2500,8.85,10000,0,92500
AMBUJACEM30JAN20205PE.NFO,07/01/2020,10:44:25,8.25,7.85,2500,8.65,2500,0,92500
AMBUJACEM30JAN20205PE.NFO,07/01/2020,10:44:27,8.25,7.85,2500,8.8,10000,0,92500
AMBUJACEM30JAN20205PE.NFO,07/01/2020,10:44:29,8.25,7.85,2500,8.65,2500,0,92500
AMBUJACEM30JAN20205PE.NFO,07/01/2020,10:44:32,8.25,7.85,2500,8.85,2500,0,92500
AMBUJACEM30JAN20205PE.NFO,07/01/2020,10:44:36,8.25,7.85,2500,8.85,10000,0,92500
AMBUJACEM30JAN20205PE.NFO,07/01/2020,10:44:39,8.25,7.85,2500,8.65,2500,0,92500
AMBUJACEM30JAN20205PE.NFO,07/01/2020,10:44:41,8.25,7.85,2500,8.75,10000,0,92500
AMBUJACEM30JAN20205PE.NFO,07/01/2020,10:44:44,8.25,7.85,2500,8.85,10000,0,92500
AMBUJACEM30JAN20205PE.NFO,07/01/2020,10:44:52,8.25,7.85,2500,8.75,10000,0,92500
AMBUJACEM30JAN20205PE.NFO,07/01/2020,10:44:54,8.25,7.85,2500,8.85,10000,0,92500
AMBUJACEM30JAN20205PE.NFO,07/01/2020,10:44:56,8.25,7.85,2500,8.65,2500,0,92500
AMBUJACEM30JAN20205PE.NFO,07/01/2020,10:44:57,8.25,7.85,2500,8.9,7500,0,92500
AMBUJACEM30JAN20205PE.NFO,07/01/2020,10:45:02,8.25,7.85,2500,8.95,10000,0,92500
AMBUJACEM30JAN20205PE.NFO,07/01/2020,10:45:10,8.25,7.9,2500,8.95,10000,0,92500
AMBUJACEM30JAN20205PE.NFO,07/01/2020,10:45:22,8.25,7.9,2500,8.8,2500,0,92500
AMBUJACEM30JAN20205PE.NFO,07/01/2020,10:45:26,8.25,7.9,2500,9,10000,0,92500
AMBUJACEM30JAN20205PE.NFO,07/01/2020,10:45:35,8.25,8,2500,8.8,2500,0,92500
AMBUJACEM30JAN20205PE.NFO,07/01/2020,10:45:53,8.25,8,2500,8.7,2500,0,92500
AMBUJACEM30JAN20205PE.NFO,07/01/2020,10:46:44,8.25,7.95,2500,8.7,2500,0,92500
AMBUJACEM30JAN20205PE.NFO,07/01/2020,10:47:18,8.25,7.95,2500,8.85,2500,0,92500
AMBUJACEM30JAN20205PE.NFO,07/01/2020,10:47:23,8.25,7.95,2500,8.65,2500,0,92500
AMBUJACEM30JAN20205PE.NFO,07/01/2020,10:48:05,8.25,7.85,2500,8.8,2500,0,92500
AMBUJACEM30JAN20205PE.NFO,07/01/2020,10:48:08,8.25,7.85,2500,8.6,2500,0,92500
AMBUJACEM30JAN20205PE.NFO,07/01/2020,10:48:37,8.25,7.95,2500,8.75,2500,0,92500
AMBUJACEM30JAN20205PE.NFO,07/01/2020,10:48:46,8.25,7.95,2500,8.85,2500,0,92500
AMBUJACEM30JAN20205PE.NFO,07/01/2020,10:49:03,8.25,7.95,2500,8.6,2500,0,92500
AMBUJACEM30JAN20205PE.NFO,07/01/2020,10:49:10,8.25,7.95,2500,8.8,17500,0,92500
AMBUJACEM30JAN20205PE.NFO,07/01/2020,10:49:12,8.25,7.95,2500,8.9,2500,0,92500
AMBUJACEM30JAN20205PE.NFO,07/01/2020,10:49:15,8.25,7.95,2500,8.8,17500,0,92500
AMBUJACEM30JAN20205PE.NFO,07/01/2020,10:49:19,8.25,8,2500,9,10000,0,92500
AMBUJACEM30JAN20205PE.NFO,07/01/2020,10:50:44,8.25,8.05,2500,9,2500,0,92500
AMBUJACEM30JAN20205PE.NFO,07/01/2020,10:51:49,8.25,8.05,2500,8.85,5000,0,92500
AMBUJACEM30JAN20205PE.NFO,07/01/2020,10:51:53,8.25,8.05,2500,8.95,10000,0,92500
AMBUJACEM30JAN20205PE.NFO,07/01/2020,10:52:28,8.25,8.1,2500,9.05,12500,0,92500
AMBUJACEM30JAN20205PE.NFO,07/01/2020,10:52:34,8.25,8.2,2500,9.05,2500,0,92500
AMBUJACEM30JAN20205PE.NFO,07/01/2020,10:53:18,8.25,8.2,2500,9.1,2500,0,92500
AMBUJACEM30JAN20205PE.NFO,07/01/2020,10:53:55,8.25,8.25,2500,9.25,10000,0,92500
AMBUJACEM30JAN20205PE.NFO,07/01/2020,10:54:16,8.25,8.25,2500,9.25,2500,0,92500
AMBUJACEM30JAN20205PE.NFO,07/01/2020,10:54:43,8.25,8.25,2500,9.35,27500,0,92500
AMBUJACEM30JAN20205PE.NFO,07/01/2020,10:54:48,8.25,8.25,2500,9.25,7500,0,92500
AMBUJACEM30JAN20205PE.NFO,07/01/2020,10:54:53,8.25,8.2,2500,9.25,17500,0,92500
AMBUJACEM30JAN20205PE.NFO,07/01/2020,10:54:57,8.25,8.15,2500,9.25,17500,0,92500
AMBUJACEM30JAN20205PE.NFO,07/01/2020,10:55:07,8.25,8.1,2500,9.15,42500,0,92500
AMBUJACEM30JAN20205PE.NFO,07/01/2020,10:55:16,8.25,8.1,2500,8.9,2500,0,92500
AMBUJACEM30JAN20205PE.NFO,07/01/2020,10:55:21,8.25,8.1,2500,8.85,2500,0,92500
AMBUJACEM30JAN20205PE.NFO,07/01/2020,10:55:25,8.25,8.1,2500,9,5000,0,92500
AMBUJACEM30JAN20205PE.NFO,07/01/2020,10:55:30,8.25,8.1,2500,8.95,2500,0,92500
AMBUJACEM30JAN20205PE.NFO,07/01/2020,10:55:35,8.25,8.1,2500,9,10000,0,92500
AMBUJACEM30JAN20205PE.NFO,07/01/2020,10:55:41,8.25,8.05,2500,9,12500,0,92500
AMBUJACEM30JAN20205PE.NFO,07/01/2020,10:55:46,8.25,8.05,2500,8.9,2500,0,92500
AMBUJACEM30JAN20205PE.NFO,07/01/2020,10:55:51,8.25,8.05,2500,9,10000,0,92500
AMBUJACEM30JAN20205PE.NFO,07/01/2020,10:55:56,8.25,8.05,2500,8.75,2500,0,92500
AMBUJACEM30JAN20205PE.NFO,07/01/2020,10:55:59,8.25,8.05,2500,8.85,5000,0,92500
AMBUJACEM30JAN20205PE.NFO,07/01/2020,10:56:14,8.25,8.05,2500,9.05,5000,0,92500
AMBUJACEM30JAN20205PE.NFO,07/01/2020,10:56:19,8.25,8.05,2500,8.9,10000,0,92500
AMBUJACEM30JAN20205PE.NFO,07/01/2020,10:56:23,8.25,8.05,2500,8.85,5000,0,92500
AMBUJACEM30JAN20205PE.NFO,07/01/2020,10:56:28,8.25,8.05,2500,8.85,7500,0,92500
AMBUJACEM30JAN20205PE.NFO,07/01/2020,10:56:33,8.25,8.05,2500,8.8,2500,0,92500
AMBUJACEM30JAN20205PE.NFO,07/01/2020,10:56:38,8.25,8.05,2500,8.95,10000,0,92500
AMBUJACEM30JAN20205PE.NFO,07/01/2020,10:56:43,8.25,8.05,2500,8.9,2500,0,92500
AMBUJACEM30JAN20205PE.NFO,07/01/2020,10:56:47,8.25,8.05,2500,8.9,10000,0,92500
AMBUJACEM30JAN20205PE.NFO,07/01/2020,10:56:50,8.25,8.05,2500,8.9,2500,0,92500
AMBUJACEM30JAN20205PE.NFO,07/01/2020,10:56:54,8.25,8.05,2500,8.9,5000,0,92500
AMBUJACEM30JAN20205PE.NFO,07/01/2020,10:56:59,8.25,8.05,2500,9,10000,0,92500
AMBUJACEM30JAN20205PE.NFO,07/01/2020,10:57:03,8.25,8.05,2500,9.1,2500,0,92500
AMBUJACEM30JAN20205PE.NFO,07/01/2020,10:57:07,8.25,8.05,2500,9.1,5000,0,92500
AMBUJACEM30JAN20205PE.NFO,07/01/2020,10:57:18,8.25,8.1,2500,9.1,5000,0,92500
AMBUJACEM30JAN20205PE.NFO,07/01/2020,10:57:25,8.25,8.1,2500,9,2500,0,92500
AMBUJACEM30JAN20205PE.NFO,07/01/2020,10:57:31,8.25,8.1,2500,9,10000,0,92500
AMBUJACEM30JAN20205PE.NFO,07/01/2020,10:57:37,8.25,8.1,2500,9.1,2500,0,92500
AMBUJACEM30JAN20205PE.NFO,07/01/2020,10:57:42,8.25,8.1,2500,8.95,2500,0,92500
AMBUJACEM30JAN20205PE.NFO,07/01/2020,10:57:52,8.25,8.1,2500,9,2500,0,92500
AMBUJACEM30JAN20205PE.NFO,07/01/2020,10:58:01,8.25,8.1,2500,9.15,5000,0,92500
AMBUJACEM30JAN20205PE.NFO,07/01/2020,10:58:05,8.25,8.1,2500,9.05,5000,0,92500
AMBUJACEM30JAN20205PE.NFO,07/01/2020,10:58:10,8.25,8.15,2500,9.15,10000,0,92500
AMBUJACEM30JAN20205PE.NFO,07/01/2020,10:58:15,8.25,8.15,2500,9.15,2500,0,92500
AMBUJACEM30JAN20205PE.NFO,07/01/2020,10:58:24,8.25,8.15,2500,9.2,2500,0,92500
AMBUJACEM30JAN20205PE.NFO,07/01/2020,10:58:30,8.25,8.15,2500,9.15,2500,0,92500
AMBUJACEM30JAN20205PE.NFO,07/01/2020,10:58:40,8.25,8.15,2500,9.1,2500,0,92500
AMBUJACEM30JAN20205PE.NFO,07/01/2020,10:58:45,8.25,8.15,2500,9.15,2500,0,92500
AMBUJACEM30JAN20205PE.NFO,07/01/2020,10:58:55,8.25,8.15,2500,9.1,2500,0,92500
AMBUJACEM30JAN20205PE.NFO,07/01/2020,10:59:00,8.25,8.15,2500,9.15,2500,0,92500
AMBUJACEM30JAN20205PE.NFO,07/01/2020,10:59:06,8.25,8.15,2500,9.05,2500,0,92500
AMBUJACEM30JAN20205PE.NFO,07/01/2020,10:59:12,8.25,8.15,2500,9,2500,0,92500
AMBUJACEM30JAN20205PE.NFO,07/01/2020,10:59:23,8.25,8.25,2500,9.2,15000,0,92500
AMBUJACEM30JAN20205PE.NFO,07/01/2020,10:59:28,8.25,8.25,2500,9.15,12500,0,92500
AMBUJACEM30JAN20205PE.NFO,07/01/2020,10:59:34,8.25,8.25,2500,9.1,5000,0,92500
AMBUJACEM30JAN20205PE.NFO,07/01/2020,10:59:39,8.25,8.25,2500,9.15,12500,0,92500
AMBUJACEM30JAN20205PE.NFO,07/01/2020,10:59:55,8.25,8.25,2500,9.1,2500,0,92500
AMBUJACEM30JAN20205PE.NFO,07/01/2020,11:00:06,8.25,8.25,2500,9.2,17500,0,92500
AMBUJACEM30JAN20205PE.NFO,07/01/2020,11:00:12,8.25,8.25,2500,9.15,15000,0,92500
AMBUJACEM30JAN20205PE.NFO,07/01/2020,11:00:19,8.25,8.25,2500,9,2500,0,92500
AMBUJACEM30JAN20205PE.NFO,07/01/2020,11:00:25,8.25,8.25,2500,9.1,2500,0,92500
AMBUJACEM30JAN20205PE.NFO,07/01/2020,11:00:31,8.25,8.3,2500,9.1,5000,0,92500
AMBUJACEM30JAN20205PE.NFO,07/01/2020,11:00:44,8.25,8.3,2500,9.15,2500,0,92500
AMBUJACEM30JAN20205PE.NFO,07/01/2020,11:01:05,8.25,8.35,2500,9.3,7500,0,92500
AMBUJACEM30JAN20205PE.NFO,07/01/2020,11:01:33,8.25,8.35,2500,9.2,5000,0,92500
AMBUJACEM30JAN20205PE.NFO,07/01/2020,11:01:46,8.25,8.3,2500,9.2,5000,0,92500
AMBUJACEM30JAN20205PE.NFO,07/01/2020,11:01:54,8.25,8.3,2500,9.2,2500,0,92500
AMBUJACEM30JAN20205PE.NFO,07/01/2020,11:02:07,8.25,8.3,2500,9.15,2500,0,92500
AMBUJACEM30JAN20205PE.NFO,07/01/2020,11:02:14,8.25,8.3,2500,9.25,2500,0,92500
AMBUJACEM30JAN20205PE.NFO,07/01/2020,11:02:50,8.25,8.4,2500,9.35,2500,0,92500
AMBUJACEM30JAN20205PE.NFO,07/01/2020,11:02:56,8.25,8.4,2500,9.4,2500,0,92500
AMBUJACEM30JAN20205PE.NFO,07/01/2020,11:03:25,8.25,8.4,2500,9.45,2500,0,92500
AMBUJACEM30JAN20205PE.NFO,07/01/2020,11:03:30,8.25,8.4,2500,9.35,2500,0,92500
AMBUJACEM30JAN20205PE.NFO,07/01/2020,11:03:35,8.25,8.4,2500,9.4,2500,0,92500
AMBUJACEM30JAN20205PE.NFO,07/01/2020,11:03:41,8.25,8.45,2500,9.45,2500,0,92500
AMBUJACEM30JAN20205PE.NFO,07/01/2020,11:03:48,8.25,8.45,2500,9.35,2500,0,92500
AMBUJACEM30JAN20205PE.NFO,07/01/2020,11:03:54,8.25,8.45,2500,9.4,5000,0,92500
AMBUJACEM30JAN20205PE.NFO,07/01/2020,11:04:00,8.25,8.35,2500,9.2,2500,0,92500
AMBUJACEM30JAN20205PE.NFO,07/01/2020,11:04:05,8.25,8.35,2500,9.25,2500,0,92500
AMBUJACEM30JAN20205PE.NFO,07/01/2020,11:04:11,8.25,8.35,2500,9.25,10000,0,92500
AMBUJACEM30JAN20205PE.NFO,07/01/2020,11:04:17,8.25,8.35,2500,9.3,2500,0,92500
AMBUJACEM30JAN20205PE.NFO,07/01/2020,11:04:29,8.25,8.35,2500,9.4,2500,0,92500
AMBUJACEM30JAN20205PE.NFO,07/01/2020,11:04:40,8.25,8.4,2500,9.3,2500,0,92500
AMBUJACEM30JAN20205PE.NFO,07/01/2020,11:04:46,8.25,8.45,2500,9.3,5000,0,92500
AMBUJACEM30JAN20205PE.NFO,07/01/2020,11:06:10,8.25,8.35,2500,9.1,2500,0,92500
AMBUJACEM30JAN20205PE.NFO,07/01/2020,11:06:18,8.25,8.35,2500,9.35,12500,0,92500
AMBUJACEM30JAN20205PE.NFO,07/01/2020,11:06:24,8.25,8.35,2500,9.25,7500,0,92500
AMBUJACEM30JAN20205PE.NFO,07/01/2020,11:06:30,8.25,8.35,2500,9.3,10000,0,92500
AMBUJACEM30JAN20205PE.NFO,07/01/2020,11:06:35,8.25,8.35,2500,9.2,12500,0,92500
AMBUJACEM30JAN20205PE.NFO,07/01/2020,11:06:38,8.25,8.35,2500,9.15,2500,0,92500
AMBUJACEM30JAN20205PE.NFO,07/01/2020,11:06:43,8.25,8.35,2500,9.1,2500,0,92500
AMBUJACEM30JAN20205PE.NFO,07/01/2020,11:06:49,8.25,8.35,2500,9.25,2500,0,92500
AMBUJACEM30JAN20205PE.NFO,07/01/2020,11:06:55,8.25,8.35,2500,9.3,2500,0,92500
AMBUJACEM30JAN20205PE.NFO,07/01/2020,11:07:00,8.25,8.45,2500,9.45,20000,0,92500
AMBUJACEM30JAN20205PE.NFO,07/01/2020,11:07:06,8.25,8.45,2500,9.3,2500,0,92500
AMBUJACEM30JAN20205PE.NFO,07/01/2020,11:07:11,8.25,8.45,2500,9.35,2500,0,92500
AMBUJACEM30JAN20205PE.NFO,07/01/2020,11:07:16,8.25,8.45,2500,9.3,2500,0,92500
AMBUJACEM30JAN20205PE.NFO,07/01/2020,11:07:26,8.25,8.45,2500,9.35,2500,0,92500
AMBUJACEM30JAN20205PE.NFO,07/01/2020,11:07:30,8.25,8.45,2500,9.45,5000,0,92500
AMBUJACEM30JAN20205PE.NFO,07/01/2020,11:07:40,8.25,8.35,2500,9.45,5000,0,92500
AMBUJACEM30JAN20205PE.NFO,07/01/2020,11:07:45,8.25,8.45,2500,9.35,2500,0,92500
AMBUJACEM30JAN20205PE.NFO,07/01/2020,11:07:54,8.25,8.45,2500,9.45,2500,0,92500
AMBUJACEM30JAN20205PE.NFO,07/01/2020,11:07:58,8.25,8.45,2500,9.4,2500,0,92500
AMBUJACEM30JAN20205PE.NFO,07/01/2020,11:08:02,8.25,8.45,2500,9.45,2500,0,92500
AMBUJACEM30JAN20205PE.NFO,07/01/2020,11:08:11,8.25,8.5,2500,9.5,2500,0,92500
AMBUJACEM30JAN20205PE.NFO,07/01/2020,11:08:15,8.25,8.5,2500,9.4,2500,0,92500
AMBUJACEM30JAN20205PE.NFO,07/01/2020,11:08:19,8.25,8.45,2500,9.5,2500,0,92500
AMBUJACEM30JAN20205PE.NFO,07/01/2020,11:09:10,8.25,8.45,2500,9.45,7500,0,92500
AMBUJACEM30JAN20205PE.NFO,07/01/2020,11:09:19,8.25,8.45,2500,9.55,22500,0,92500
AMBUJACEM30JAN20205PE.NFO,07/01/2020,11:09:28,8.25,8.5,2500,9.35,2500,0,92500
AMBUJACEM30JAN20205PE.NFO,07/01/2020,11:09:37,8.25,8.5,2500,9.55,2500,0,92500
AMBUJACEM30JAN20205PE.NFO,07/01/2020,11:09:41,8.25,8.5,2500,9.55,10000,0,92500
AMBUJACEM30JAN20205PE.NFO,07/01/2020,11:09:56,8.25,8.5,2500,9.45,5000,0,92500
AMBUJACEM30JAN20205PE.NFO,07/01/2020,11:09:59,8.25,8.5,2500,9.55,2500,0,92500
AMBUJACEM30JAN20205PE.NFO,07/01/2020,11:10:04,8.25,8.5,2500,9.45,7500,0,92500
AMBUJACEM30JAN20205PE.NFO,07/01/2020,11:10:08,8.25,8.5,2500,9.35,2500,0,92500
AMBUJACEM30JAN20205PE.NFO,07/01/2020,11:10:13,8.25,8.5,2500,9.4,5000,0,92500
AMBUJACEM30JAN20205PE.NFO,07/01/2020,11:10:22,8.25,8.5,2500,9.4,2500,0,92500
AMBUJACEM30JAN20205PE.NFO,07/01/2020,11:10:26,8.25,8.45,2500,9.3,2500,0,92500
AMBUJACEM30JAN20205PE.NFO,07/01/2020,11:10:30,8.25,8.7,5000,9.15,2500,0,92500
AMBUJACEM30JAN20205PE.NFO,07/01/2020,11:10:33,8.25,8.6,2500,9.1,5000,0,92500
AMBUJACEM30JAN20205PE.NFO,07/01/2020,11:10:41,8.25,8.6,2500,9.1,2500,0,92500
AMBUJACEM30JAN20205PE.NFO,07/01/2020,11:10:49,8.25,8.6,2500,9.15,5000,0,92500
AMBUJACEM30JAN20205PE.NFO,07/01/2020,11:10:52,8.25,8.6,2500,9.15,2500,0,92500
AMBUJACEM30JAN20205PE.NFO,07/01/2020,11:11:17,8.25,8.65,2500,9.2,2500,0,92500
AMBUJACEM30JAN20205PE.NFO,07/01/2020,11:11:23,8.25,8.7,5000,9.2,2500,0,92500
AMBUJACEM30JAN20205PE.NFO,07/01/2020,11:11:30,8.25,8.8,5000,9.3,2500,0,92500
AMBUJACEM30JAN20205PE.NFO,07/01/2020,11:11:37,8.25,8.85,2500,9.35,5000,0,92500
AMBUJACEM30JAN20205PE.NFO,07/01/2020,11:11:49,8.25,8.75,2500,9.25,2500,0,92500
AMBUJACEM30JAN20205PE.NFO,07/01/2020,11:11:54,8.25,8.65,2500,9.25,5000,0,92500
AMBUJACEM30JAN20205PE.NFO,07/01/2020,11:12:00,8.25,8.85,5000,9.35,5000,0,92500
AMBUJACEM30JAN20205PE.NFO,07/01/2020,11:12:09,8.25,8.8,7500,9.35,2500,0,92500
AMBUJACEM30JAN20205PE.NFO,07/01/2020,11:12:36,8.25,8.8,2500,9.3,2500,0,92500
AMBUJACEM30JAN20205PE.NFO,07/01/2020,11:13:12,8.25,8.85,2500,9.35,2500,0,92500
AMBUJACEM30JAN20205PE.NFO,07/01/2020,11:13:24,8.25,8.8,2500,9.3,2500,0,92500
AMBUJACEM30JAN20205PE.NFO,07/01/2020,11:13:30,8.25,8.75,2500,9.3,2500,0,92500
AMBUJACEM30JAN20205PE.NFO,07/01/2020,11:13:48,8.25,8.8,5000,9.3,2500,0,92500
AMBUJACEM30JAN20205PE.NFO,07/01/2020,11:13:54,8.25,8.75,2500,9.3,2500,0,92500
AMBUJACEM30JAN20205PE.NFO,07/01/2020,11:14:04,8.25,8.75,2500,9.2,2500,0,92500
AMBUJACEM30JAN20205PE.NFO,07/01/2020,11:14:10,8.25,8.75,2500,9.25,2500,0,92500
AMBUJACEM30JAN20205PE.NFO,07/01/2020,11:14:16,8.25,8.75,2500,9.2,2500,0,92500
AMBUJACEM30JAN20205PE.NFO,07/01/2020,11:14:28,8.25,8.75,2500,9.25,2500,0,92500
AMBUJACEM30JAN20205PE.NFO,07/01/2020,11:15:03,8.25,8.8,5000,9.3,2500,0,92500
AMBUJACEM30JAN20205PE.NFO,07/01/2020,11:15:16,8.25,8.85,2500,9.3,2500,0,92500
AMBUJACEM30JAN20205PE.NFO,07/01/2020,11:15:21,8.25,8.8,2500,9.3,2500,0,92500
AMBUJACEM30JAN20205PE.NFO,07/01/2020,11:15:26,8.25,8.75,2500,9.3,5000,0,92500
AMBUJACEM30JAN20205PE.NFO,07/01/2020,11:15:36,8.25,8.8,5000,9.3,2500,0,92500
AMBUJACEM30JAN20205PE.NFO,07/01/2020,11:15:40,8.25,8.85,2500,9.35,2500,0,92500
AMBUJACEM30JAN20205PE.NFO,07/01/2020,11:15:44,8.25,8.85,2500,9.35,5000,0,92500
AMBUJACEM30JAN20205PE.NFO,07/01/2020,11:16:06,8.25,8.85,2500,9.4,5000,0,92500
AMBUJACEM30JAN20205PE.NFO,07/01/2020,11:16:19,8.25,8.85,2500,9.35,2500,0,92500
AMBUJACEM30JAN20205PE.NFO,07/01/2020,11:16:31,8.25,8.8,2500,9.3,2500,0,92500
AMBUJACEM30JAN20205PE.NFO,07/01/2020,11:16:35,8.25,8.75,2500,9.25,5000,0,92500
AMBUJACEM30JAN20205PE.NFO,07/01/2020,11:16:50,8.25,8.75,2500,9.3,5000,0,92500
AMBUJACEM30JAN20205PE.NFO,07/01/2020,11:17:02,8.25,8.75,2500,9.25,5000,0,92500
AMBUJACEM30JAN20205PE.NFO,07/01/2020,11:17:16,8.25,8.75,2500,9.25,2500,0,92500
AMBUJACEM30JAN20205PE.NFO,07/01/2020,11:17:26,8.25,8.65,2500,9.2,5000,0,92500
AMBUJACEM30JAN20205PE.NFO,07/01/2020,11:17:36,8.25,8.55,2500,9.15,5000,0,92500
AMBUJACEM30JAN20205PE.NFO,07/01/2020,11:17:57,8.25,8.55,2500,9.1,2500,0,92500
AMBUJACEM30JAN20205PE.NFO,07/01/2020,11:18:08,8.25,8.55,2500,9.15,5000,0,92500
AMBUJACEM30JAN20205PE.NFO,07/01/2020,11:18:21,8.25,8.55,2500,9.1,5000,0,92500
AMBUJACEM30JAN20205PE.NFO,07/01/2020,11:18:26,8.25,8.55,2500,9.1,2500,0,92500
AMBUJACEM30JAN20205PE.NFO,07/01/2020,11:18:30,8.25,8.6,2500,9.15,5000,0,92500
AMBUJACEM30JAN20205PE.NFO,07/01/2020,11:18:42,8.25,8.5,2500,9.15,5000,0,92500
AMBUJACEM30JAN20205PE.NFO,07/01/2020,11:19:04,8.25,8.5,2500,9.1,2500,0,92500
AMBUJACEM30JAN20205PE.NFO,07/01/2020,11:19:16,8.25,8.85,2500,9.4,5000,0,92500
AMBUJACEM30JAN20205PE.NFO,07/01/2020,11:19:25,8.25,8.9,2500,9.45,2500,0,92500
AMBUJACEM30JAN20205PE.NFO,07/01/2020,11:19:33,8.25,8.9,2500,9.45,5000,0,92500
AMBUJACEM30JAN20205PE.NFO,07/01/2020,11:19:46,8.25,8.8,2500,9.4,5000,0,92500
AMBUJACEM30JAN20205PE.NFO,07/01/2020,11:19:51,8.25,8.75,2500,9.25,2500,0,92500
AMBUJACEM30JAN20205PE.NFO,07/01/2020,11:19:57,8.25,8.75,2500,9.3,2500,0,92500
AMBUJACEM30JAN20205PE.NFO,07/01/2020,11:20:06,8.25,8.75,2500,9.3,5000,0,92500
AMBUJACEM30JAN20205PE.NFO,07/01/2020,11:20:11,8.25,8.75,2500,9.3,2500,0,92500
AMBUJACEM30JAN20205PE.NFO,07/01/2020,11:20:16,8.25,8.75,2500,9.3,5000,0,92500
AMBUJACEM30JAN20205PE.NFO,07/01/2020,11:20:30,8.25,8.75,2500,9.25,2500,0,92500
AMBUJACEM30JAN20205PE.NFO,07/01/2020,11:20:35,8.25,8.65,2500,9.2,5000,0,92500
AMBUJACEM30JAN20205PE.NFO,07/01/2020,11:21:02,8.25,8.65,2500,9.2,2500,0,92500
AMBUJACEM30JAN20205PE.NFO,07/01/2020,11:21:07,8.25,8.7,2500,9.25,5000,0,92500
AMBUJACEM30JAN20205PE.NFO,07/01/2020,11:21:12,8.25,8.65,2500,9.2,2500,0,92500
AMBUJACEM30JAN20205PE.NFO,07/01/2020,11:21:16,8.25,8.7,2500,9.2,2500,0,92500
AMBUJACEM30JAN20205PE.NFO,07/01/2020,11:21:20,8.25,8.7,2500,9.15,2500,0,92500
AMBUJACEM30JAN20205PE.NFO,07/01/2020,11:21:24,8.25,8.6,2500,9.1,2500,0,92500
AMBUJACEM30JAN20205PE.NFO,07/01/2020,11:21:29,8.25,8.65,5000,9.2,2500,0,92500
AMBUJACEM30JAN20205PE.NFO,07/01/2020,11:21:35,8.25,8.65,5000,9.25,5000,0,92500
AMBUJACEM30JAN20205PE.NFO,07/01/2020,11:21:50,8.25,8.7,2500,9.25,5000,0,92500
AMBUJACEM30JAN20205PE.NFO,07/01/2020,11:22:18,8.25,8.8,10000,9.25,2500,0,92500
AMBUJACEM30JAN20205PE.NFO,07/01/2020,11:22:22,8.25,8.85,2500,9.3,2500,0,92500
AMBUJACEM30JAN20205PE.NFO,07/01/2020,11:22:26,8.25,8.85,2500,9.4,5000,0,92500
AMBUJACEM30JAN20205PE.NFO,07/01/2020,11:22:31,8.25,8.9,2500,9.4,2500,0,92500
AMBUJACEM30JAN20205PE.NFO,07/01/2020,11:22:35,8.25,8.95,2500,9.4,2500,0,92500
AMBUJACEM30JAN20205PE.NFO,07/01/2020,11:22:44,8.25,8.9,2500,9.4,2500,0,92500
AMBUJACEM30JAN20205PE.NFO,07/01/2020,11:22:47,8.25,8.95,2500,9.45,5000,0,92500
AMBUJACEM30JAN20205PE.NFO,07/01/2020,11:22:55,8.25,8.9,2500,9.45,5000,0,92500
AMBUJACEM30JAN20205PE.NFO,07/01/2020,11:23:04,8.25,8.9,2500,9.45,2500,0,92500
AMBUJACEM30JAN20205PE.NFO,07/01/2020,11:23:09,8.25,8.95,2500,9.5,5000,0,92500
AMBUJACEM30JAN20205PE.NFO,07/01/2020,11:23:14,8.25,8.9,2500,9.5,5000,0,92500
AMBUJACEM30JAN20205PE.NFO,07/01/2020,11:23:27,8.25,8.95,2500,9.45,2500,0,92500
AMBUJACEM30JAN20205PE.NFO,07/01/2020,11:23:31,8.25,8.9,2500,9.45,2500,0,92500
AMBUJACEM30JAN20205PE.NFO,07/01/2020,11:23:36,8.25,8.9,2500,9.45,5000,0,92500
AMBUJACEM30JAN20205PE.NFO,07/01/2020,11:23:40,8.25,9.05,2500,9.45,5000,0,92500
AMBUJACEM30JAN20205PE.NFO,07/01/2020,11:23:45,8.25,9.05,2500,9.4,2500,0,92500
AMBUJACEM30JAN20205PE.NFO,07/01/2020,11:23:58,8.25,8.9,2500,9.4,2500,0,92500
AMBUJACEM30JAN20205PE.NFO,07/01/2020,11:24:10,8.25,8.8,2500,9.4,5000,0,92500
AMBUJACEM30JAN20205PE.NFO,07/01/2020,11:24:20,8.25,8.8,2500,9.35,2500,0,92500
AMBUJACEM30JAN20205PE.NFO,07/01/2020,11:24:25,8.25,8.85,2500,9.35,2500,0,92500
AMBUJACEM30JAN20205PE.NFO,07/01/2020,11:24:30,8.25,8.85,2500,9.35,5000,0,92500
AMBUJACEM30JAN20205PE.NFO,07/01/2020,11:24:35,8.25,8.8,2500,9.3,2500,0,92500
AMBUJACEM30JAN20205PE.NFO,07/01/2020,11:24:39,8.25,8.8,2500,9.35,5000,0,92500
AMBUJACEM30JAN20205PE.NFO,07/01/2020,11:24:47,8.25,8.75,2500,9.3,2500,0,92500
AMBUJACEM30JAN20205PE.NFO,07/01/2020,11:24:56,8.25,8.8,7500,9.35,5000,0,92500
AMBUJACEM30JAN20205PE.NFO,07/01/2020,11:25:00,8.25,8.8,5000,9.35,5000,0,92500
AMBUJACEM30JAN20205PE.NFO,07/01/2020,11:25:10,8.25,8.8,7500,9.4,5000,0,92500
AMBUJACEM30JAN20205PE.NFO,07/01/2020,11:25:23,8.25,8.8,7500,9.35,2500,0,92500
AMBUJACEM30JAN20205PE.NFO,07/01/2020,11:25:28,8.25,8.85,2500,9.4,5000,0,92500
AMBUJACEM30JAN20205PE.NFO,07/01/2020,11:25:33,8.25,8.75,2500,9.3,5000,0,92500
AMBUJACEM30JAN20205PE.NFO,07/01/2020,11:26:27,8.25,8.7,2500,9.2,2500,0,92500
AMBUJACEM30JAN20205PE.NFO,07/01/2020,11:26:36,8.25,8.55,2500,9.1,5000,0,92500
AMBUJACEM30JAN20205PE.NFO,07/01/2020,11:26:40,8.25,8.5,10000,9.1,5000,0,92500
AMBUJACEM30JAN20205PE.NFO,07/01/2020,11:26:45,8.25,8.6,2500,9.1,5000,0,92500
AMBUJACEM30JAN20205PE.NFO,07/01/2020,11:26:53,8.25,8.6,2500,9.1,2500,0,92500
AMBUJACEM30JAN20205PE.NFO,07/01/2020,11:27:18,8.25,8.65,2500,9.1,2500,0,92500
AMBUJACEM30JAN20205PE.NFO,07/01/2020,11:27:28,8.25,8.65,5000,9.2,2500,0,92500
AMBUJACEM30JAN20205PE.NFO,07/01/2020,11:27:34,8.25,8.65,5000,9.2,5000,0,92500
AMBUJACEM30JAN20205PE.NFO,07/01/2020,11:28:21,8.25,8.7,2500,9.25,5000,0,92500
AMBUJACEM30JAN20205PE.NFO,07/01/2020,11:28:25,8.25,8.7,2500,9.2,2500,0,92500
AMBUJACEM30JAN20205PE.NFO,07/01/2020,11:29:06,8.25,8.7,2500,9.25,2500,0,92500
AMBUJACEM30JAN20205PE.NFO,07/01/2020,11:29:34,8.25,8.7,2500,9.2,2500,0,92500
AMBUJACEM30JAN20205PE.NFO,07/01/2020,11:31:31,8.25,8.7,2500,9.15,2500,0,92500
AMBUJACEM30JAN20205PE.NFO,07/01/2020,11:31:35,8.25,8.65,2500,9.1,2500,0,92500
AMBUJACEM30JAN20205PE.NFO,07/01/2020,11:31:41,8.25,8.65,2500,9.15,2500,0,92500
AMBUJACEM30JAN20205PE.NFO,07/01/2020,11:32:07,8.25,8.65,2500,9.1,2500,0,92500
AMBUJACEM30JAN20205PE.NFO,07/01/2020,11:32:32,8.25,8.55,2500,9.05,2500,0,92500
AMBUJACEM30JAN20205PE.NFO,07/01/2020,11:32:51,8.25,8.55,2500,9.1,2500,0,92500
AMBUJACEM30JAN20205PE.NFO,07/01/2020,11:33:04,8.25,8.55,2500,9.05,2500,0,92500
AMBUJACEM30JAN20205PE.NFO,07/01/2020,11:33:30,8.25,8.55,2500,9,2500,0,92500
AMBUJACEM30JAN20205PE.NFO,07/01/2020,11:33:34,8.25,8.55,2500,9.05,2500,0,92500
AMBUJACEM30JAN20205PE.NFO,07/01/2020,11:33:42,8.25,8.5,2500,9,2500,0,92500
AMBUJACEM30JAN20205PE.NFO,07/01/2020,11:33:46,8.25,8.5,2500,8.95,2500,0,92500
AMBUJACEM30JAN20205PE.NFO,07/01/2020,11:33:50,8.25,8.4,2500,8.95,2500,0,92500
AMBUJACEM30JAN20205PE.NFO,07/01/2020,11:33:59,8.25,8.4,2500,8.9,2500,0,92500
AMBUJACEM30JAN20205PE.NFO,07/01/2020,11:34:10,8.25,8.4,2500,8.85,2500,0,92500
AMBUJACEM30JAN20205PE.NFO,07/01/2020,11:34:29,8.25,8.4,2500,8.9,2500,0,92500
AMBUJACEM30JAN20205PE.NFO,07/01/2020,11:34:47,8.25,8.5,2500,8.95,2500,0,92500
AMBUJACEM30JAN20205PE.NFO,07/01/2020,11:34:58,8.25,8.4,2500,8.95,2500,0,92500
AMBUJACEM30JAN20205PE.NFO,07/01/2020,11:35:09,8.25,8.4,2500,8.9,2500,0,92500
AMBUJACEM30JAN20205PE.NFO,07/01/2020,11:36:00,8.25,8.4,2500,8.85,2500,0,92500
AMBUJACEM30JAN20205PE.NFO,07/01/2020,11:36:18,8.25,8.35,2500,8.85,2500,0,92500
AMBUJACEM30JAN20205PE.NFO,07/01/2020,11:36:23,8.25,8.4,2500,8.9,2500,0,92500
AMBUJACEM30JAN20205PE.NFO,07/01/2020,11:36:54,8.25,8.5,2500,9,2500,0,92500
AMBUJACEM30JAN20205PE.NFO,07/01/2020,11:37:00,8.25,8.5,2500,8.95,2500,0,92500
AMBUJACEM30JAN20205PE.NFO,07/01/2020,11:37:13,8.25,8.5,2500,8.95,5000,0,92500
AMBUJACEM30JAN20205PE.NFO,07/01/2020,11:37:17,8.25,8.5,2500,8.9,2500,0,92500
AMBUJACEM30JAN20205PE.NFO,07/01/2020,11:37:22,8.25,8.5,2500,8.95,2500,0,92500
AMBUJACEM30JAN20205PE.NFO,07/01/2020,11:37:52,8.25,8.5,2500,9,5000,0,92500
AMBUJACEM30JAN20205PE.NFO,07/01/2020,11:38:00,8.25,8.5,2500,9,2500,0,92500
AMBUJACEM30JAN20205PE.NFO,07/01/2020,11:38:52,8.25,8.5,2500,9.05,2500,0,92500
AMBUJACEM30JAN20205PE.NFO,07/01/2020,11:39:04,8.25,8.55,5000,9.05,5000,0,92500
AMBUJACEM30JAN20205PE.NFO,07/01/2020,11:39:14,8.25,8.55,2500,9.05,2500,0,92500
AMBUJACEM30JAN20205PE.NFO,07/01/2020,11:39:24,8.25,8.7,2500,9.2,5000,0,92500
AMBUJACEM30JAN20205PE.NFO,07/01/2020,11:39:32,8.25,8.7,2500,9.2,2500,0,92500
AMBUJACEM30JAN20205PE.NFO,07/01/2020,11:39:56,8.25,8.75,5000,9.3,7500,0,92500
AMBUJACEM30JAN20205PE.NFO,07/01/2020,11:40:02,8.25,8.75,5000,9.3,5000,0,92500
AMBUJACEM30JAN20205PE.NFO,07/01/2020,11:40:12,8.25,8.75,5000,9.3,2500,0,92500
AMBUJACEM30JAN20205PE.NFO,07/01/2020,11:40:23,8.25,8.75,5000,9.35,2500,0,92500
AMBUJACEM30JAN20205PE.NFO,07/01/2020,11:40:27,8.25,8.75,2500,9.3,2500,0,92500
AMBUJACEM30JAN20205PE.NFO,07/01/2020,11:40:46,8.25,8.8,2500,9.3,2500,0,92500
AMBUJACEM30JAN20205PE.NFO,07/01/2020,11:41:05,8.25,8.85,2500,9.35,2500,0,92500
AMBUJACEM30JAN20205PE.NFO,07/01/2020,11:41:11,8.25,8.8,2500,9.3,2500,0,92500
AMBUJACEM30JAN20205PE.NFO,07/01/2020,11:41:42,8.25,8.8,2500,9.35,2500,0,92500
AMBUJACEM30JAN20205PE.NFO,07/01/2020,11:42:08,8.25,8.85,2500,9.4,2500,0,92500
AMBUJACEM30JAN20205PE.NFO,07/01/2020,11:43:07,8.25,8.85,2500,9.35,2500,0,92500
AMBUJACEM30JAN20205PE.NFO,07/01/2020,11:43:35,8.25,8.95,2500,9.4,2500,0,92500
AMBUJACEM30JAN20205PE.NFO,07/01/2020,11:43:45,8.25,8.85,5000,9.4,2500,0,92500
AMBUJACEM30JAN20205PE.NFO,07/01/2020,11:43:58,8.25,8.95,2500,9.4,2500,0,92500
AMBUJACEM30JAN20205PE.NFO,07/01/2020,11:44:01,8.25,8.85,2500,9.4,2500,0,92500
AMBUJACEM30JAN20205PE.NFO,07/01/2020,11:44:13,8.25,8.95,2500,9.4,2500,0,92500
AMBUJACEM30JAN20205PE.NFO,07/01/2020,11:44:25,8.25,8.85,2500,9.4,2500,0,92500
AMBUJACEM30JAN20205PE.NFO,07/01/2020,11:44:28,8.25,8.9,2500,9.4,2500,0,92500
AMBUJACEM30JAN20205PE.NFO,07/01/2020,11:44:31,8.25,8.9,2500,9.45,5000,0,92500
AMBUJACEM30JAN20205PE.NFO,07/01/2020,11:44:48,8.25,8.9,2500,9.4,2500,0,92500
AMBUJACEM30JAN20205PE.NFO,07/01/2020,11:45:21,8.25,9,2500,9.5,2500,0,92500
AMBUJACEM30JAN20205PE.NFO,07/01/2020,11:45:38,8.25,9,2500,9.7,2500,0,92500
AMBUJACEM30JAN20205PE.NFO,07/01/2020,11:45:41,8.25,9,2500,9.9,2500,0,92500
AMBUJACEM30JAN20205PE.NFO,07/01/2020,11:45:43,8.25,9,2500,10.05,10000,0,92500
AMBUJACEM30JAN20205PE.NFO,07/01/2020,11:45:47,8.25,9,2500,10,5000,0,92500
AMBUJACEM30JAN20205PE.NFO,07/01/2020,11:45:49,8.25,9,2500,10.2,2500,0,92500
AMBUJACEM30JAN20205PE.NFO,07/01/2020,11:45:53,8.25,8.85,2500,10.2,2500,0,92500
AMBUJACEM30JAN20205PE.NFO,07/01/2020,11:45:56,8.25,8.9,2500,10.2,2500,0,92500
AMBUJACEM30JAN20205PE.NFO,07/01/2020,11:46:18,8.25,8.85,2500,10.2,2500,0,92500
AMBUJACEM30JAN20205PE.NFO,07/01/2020,11:46:22,8.25,8.9,2500,9.8,7500,0,92500
AMBUJACEM30JAN20205PE.NFO,07/01/2020,11:46:43,8.25,8.85,2500,9.8,7500,0,92500
AMBUJACEM30JAN20205PE.NFO,07/01/2020,11:46:48,8.25,8.9,2500,9.75,2500,0,92500
AMBUJACEM30JAN20205PE.NFO,07/01/2020,11:46:50,8.25,8.9,2500,10.15,2500,0,92500
AMBUJACEM30JAN20205PE.NFO,07/01/2020,11:46:58,8.25,8.9,2500,10.05,2500,0,92500
AMBUJACEM30JAN20205PE.NFO,07/01/2020,11:47:00,8.25,8.9,2500,9.9,2500,0,92500
AMBUJACEM30JAN20205PE.NFO,07/01/2020,11:47:02,8.25,8.9,2500,9.8,2500,0,92500
AMBUJACEM30JAN20205PE.NFO,07/01/2020,11:47:05,8.25,8.9,2500,9.65,2500,0,92500
AMBUJACEM30JAN20205PE.NFO,07/01/2020,11:47:07,8.25,8.9,2500,9.5,2500,0,92500
AMBUJACEM30JAN20205PE.NFO,07/01/2020,11:47:11,8.25,8.9,2500,9.5,5000,0,92500
AMBUJACEM30JAN20205PE.NFO,07/01/2020,11:47:32,8.25,8.9,2500,9.55,5000,0,92500
AMBUJACEM30JAN20205PE.NFO,07/01/2020,11:48:25,8.25,9.1,2500,9.6,5000,0,92500
AMBUJACEM30JAN20205PE.NFO,07/01/2020,11:48:28,8.25,9,2500,9.6,5000,0,92500
AMBUJACEM30JAN20205PE.NFO,07/01/2020,11:48:32,8.25,9.1,2500,9.6,5000,0,92500
AMBUJACEM30JAN20205PE.NFO,07/01/2020,11:48:38,8.25,9,2500,9.65,5000,0,92500
AMBUJACEM30JAN20205PE.NFO,07/01/2020,11:49:01,8.25,9.1,2500,9.65,5000,0,92500
AMBUJACEM30JAN20205PE.NFO,07/01/2020,11:49:17,8.25,9.05,2500,9.65,5000,0,92500
AMBUJACEM30JAN20205PE.NFO,07/01/2020,11:49:22,8.25,9.05,2500,9.7,5000,0,92500
AMBUJACEM30JAN20205PE.NFO,07/01/2020,11:49:25,8.25,9,2500,9.65,2500,0,92500
AMBUJACEM30JAN20205PE.NFO,07/01/2020,11:49:45,8.25,9,2500,9.7,5000,0,92500
AMBUJACEM30JAN20205PE.NFO,07/01/2020,11:49:50,8.25,9.05,2500,9.7,5000,0,92500
AMBUJACEM30JAN20205PE.NFO,07/01/2020,11:49:52,8.25,9.05,2500,9.75,5000,0,92500
AMBUJACEM30JAN20205PE.NFO,07/01/2020,11:49:55,8.25,9.1,2500,9.75,5000,0,92500
AMBUJACEM30JAN20205PE.NFO,07/01/2020,11:49:58,8.25,9.15,2500,9.8,5000,0,92500
AMBUJACEM30JAN20205PE.NFO,07/01/2020,11:50:02,8.25,9.2,2500,9.8,5000,0,92500
AMBUJACEM30JAN20205PE.NFO,07/01/2020,11:50:06,8.25,9.2,2500,9.85,5000,0,92500
AMBUJACEM30JAN20205PE.NFO,07/01/2020,11:50:10,8.25,9.15,2500,9.85,5000,0,92500
AMBUJACEM30JAN20205PE.NFO,07/01/2020,11:50:13,8.25,9.2,2500,9.85,5000,0,92500
AMBUJACEM30JAN20205PE.NFO,07/01/2020,11:50:18,8.25,9.2,2500,9.8,2500,0,92500
AMBUJACEM30JAN20205PE.NFO,07/01/2020,11:50:23,8.25,9.3,2500,10,2500,0,92500
AMBUJACEM30JAN20205PE.NFO,07/01/2020,11:50:31,8.25,9.3,2500,9.95,2500,0,92500
AMBUJACEM30JAN20205PE.NFO,07/01/2020,11:50:35,8.25,9.3,2500,9.95,5000,0,92500
AMBUJACEM30JAN20205PE.NFO,07/01/2020,11:50:38,8.25,9.25,2500,9.9,5000,0,92500
AMBUJACEM30JAN20205PE.NFO,07/01/2020,11:50:42,8.25,9.25,2500,9.8,2500,0,92500
AMBUJACEM30JAN20205PE.NFO,07/01/2020,11:50:45,8.25,9.15,2500,9.8,2500,0,92500
AMBUJACEM30JAN20205PE.NFO,07/01/2020,11:50:48,8.25,9.3,2500,9.9,5000,0,92500
AMBUJACEM30JAN20205PE.NFO,07/01/2020,11:50:51,8.25,9.3,2500,9.85,2500,0,92500
AMBUJACEM30JAN20205PE.NFO,07/01/2020,11:50:54,8.25,9.3,2500,9.9,2500,0,92500
AMBUJACEM30JAN20205PE.NFO,07/01/2020,11:51:10,8.25,9.25,7500,9.9,5000,0,92500
AMBUJACEM30JAN20205PE.NFO,07/01/2020,11:51:14,8.25,9.3,2500,9.85,2500,0,92500
AMBUJACEM30JAN20205PE.NFO,07/01/2020,11:51:17,8.25,9.25,2500,9.8,2500,0,92500
AMBUJACEM30JAN20205PE.NFO,07/01/2020,11:51:20,8.25,9.2,2500,9.8,2500,0,92500
AMBUJACEM30JAN20205PE.NFO,07/01/2020,11:51:23,8.25,9.2,2500,9.85,2500,0,92500
AMBUJACEM30JAN20205PE.NFO,07/01/2020,11:51:44,8.25,9.25,2500,9.85,2500,0,92500
AMBUJACEM30JAN20205PE.NFO,07/01/2020,11:51:47,8.25,9.2,2500,9.85,2500,0,92500
AMBUJACEM30JAN20205PE.NFO,07/01/2020,11:51:50,8.25,9.25,2500,9.85,2500,0,92500
AMBUJACEM30JAN20205PE.NFO,07/01/2020,11:52:00,8.25,9.3,2500,9.85,2500,0,92500
AMBUJACEM30JAN20205PE.NFO,07/01/2020,11:52:21,8.25,9.3,2500,9.85,5000,0,92500
AMBUJACEM30JAN20205PE.NFO,07/01/2020,11:52:24,8.25,9.3,2500,9.8,2500,0,92500
AMBUJACEM30JAN20205PE.NFO,07/01/2020,11:52:26,8.25,9.2,2500,9.8,2500,0,92500
AMBUJACEM30JAN20205PE.NFO,07/01/2020,11:52:31,8.25,9.25,2500,9.8,2500,0,92500
AMBUJACEM30JAN20205PE.NFO,07/01/2020,11:52:35,8.25,9.25,2500,9.85,2500,0,92500
AMBUJACEM30JAN20205PE.NFO,07/01/2020,11:52:55,8.25,9.15,2500,9.75,2500,0,92500
AMBUJACEM30JAN20205PE.NFO,07/01/2020,11:53:01,8.25,9.2,2500,9.8,5000,0,92500
AMBUJACEM30JAN20205PE.NFO,07/01/2020,11:53:07,8.25,9.15,2500,9.75,5000,0,92500
AMBUJACEM30JAN20205PE.NFO,07/01/2020,11:53:10,8.25,9.1,2500,9.75,2500,0,92500
AMBUJACEM30JAN20205PE.NFO,07/01/2020,11:53:14,8.25,9.2,2500,9.75,2500,0,92500
AMBUJACEM30JAN20205PE.NFO,07/01/2020,11:53:23,8.25,9.2,2500,9.8,5000,0,92500
AMBUJACEM30JAN20205PE.NFO,07/01/2020,11:53:27,8.25,9.2,2500,9.8,2500,0,92500
AMBUJACEM30JAN20205PE.NFO,07/01/2020,11:53:39,8.25,9.2,2500,9.75,2500,0,92500
AMBUJACEM30JAN20205PE.NFO,07/01/2020,11:53:44,8.25,9.25,2500,9.7,5000,0,92500
AMBUJACEM30JAN20205PE.NFO,07/01/2020,11:53:47,8.25,9.15,2500,9.7,5000,0,92500
AMBUJACEM30JAN20205PE.NFO,07/01/2020,11:53:52,8.25,9.15,2500,9.7,2500,0,92500
AMBUJACEM30JAN20205PE.NFO,07/01/2020,11:53:55,8.25,9.25,2500,9.7,2500,0,92500
AMBUJACEM30JAN20205PE.NFO,07/01/2020,11:54:00,8.25,9.15,2500,9.7,2500,0,92500
AMBUJACEM30JAN20205PE.NFO,07/01/2020,11:54:15,8.25,9.1,2500,9.7,2500,0,92500
AMBUJACEM30JAN20205PE.NFO,07/01/2020,11:54:25,8.25,9.05,2500,9.65,2500,0,92500
AMBUJACEM30JAN20205PE.NFO,07/01/2020,11:54:28,8.25,9,2500,9.65,2500,0,92500
AMBUJACEM30JAN20205PE.NFO,07/01/2020,11:54:39,8.25,8.95,2500,9.55,5000,0,92500
AMBUJACEM30JAN20205PE.NFO,07/01/2020,11:54:51,8.25,8.95,2500,9.55,2500,0,92500
AMBUJACEM30JAN20205PE.NFO,07/01/2020,11:54:53,8.25,8.9,2500,9.55,2500,0,92500
AMBUJACEM30JAN20205PE.NFO,07/01/2020,11:54:55,8.25,8.95,2500,9.55,5000,0,92500
AMBUJACEM30JAN20205PE.NFO,07/01/2020,11:55:18,8.25,8.95,2500,9.5,2500,0,92500
AMBUJACEM30JAN20205PE.NFO,07/01/2020,11:55:21,8.25,8.9,2500,9.5,2500,0,92500
AMBUJACEM30JAN20205PE.NFO,07/01/2020,11:55:24,8.25,8.95,2500,9.5,2500,0,92500
AMBUJACEM30JAN20205PE.NFO,07/01/2020,11:56:04,8.25,8.9,2500,9.5,2500,0,92500
AMBUJACEM30JAN20205PE.NFO,07/01/2020,11:56:07,8.25,8.95,2500,9.5,2500,0,92500
AMBUJACEM30JAN20205PE.NFO,07/01/2020,11:56:16,8.25,8.9,2500,9.5,2500,0,92500
AMBUJACEM30JAN20205PE.NFO,07/01/2020,11:56:21,8.25,8.95,2500,9.5,2500,0,92500
AMBUJACEM30JAN20205PE.NFO,07/01/2020,11:56:23,8.25,8.9,2500,9.5,2500,0,92500
AMBUJACEM30JAN20205PE.NFO,07/01/2020,11:56:27,8.25,8.95,2500,9.5,2500,0,92500
AMBUJACEM30JAN20205PE.NFO,07/01/2020,11:56:43,8.25,8.95,2500,9.8,2500,0,92500
AMBUJACEM30JAN20205PE.NFO,07/01/2020,11:56:46,8.25,8.95,2500,9.6,2500,0,92500
AMBUJACEM30JAN20205PE.NFO,07/01/2020,11:56:49,8.25,8.95,2500,9.65,2500,0,92500
AMBUJACEM30JAN20205PE.NFO,07/01/2020,11:56:52,8.25,8.95,2500,9.5,2500,0,92500
AMBUJACEM30JAN20205PE.NFO,07/01/2020,11:57:06,8.25,8.95,2500,9.65,2500,0,92500
AMBUJACEM30JAN20205PE.NFO,07/01/2020,11:57:09,8.25,8.95,2500,9.6,2500,0,92500
AMBUJACEM30JAN20205PE.NFO,07/01/2020,11:57:12,8.25,8.95,2500,9.5,2500,0,92500
AMBUJACEM30JAN20205PE.NFO,07/01/2020,11:58:35,8.25,8.95,2500,9.5,5000,0,92500
AMBUJACEM30JAN20205PE.NFO,07/01/2020,11:59:40,8.25,8.85,2500,9.45,5000,0,92500
AMBUJACEM30JAN20205PE.NFO,07/01/2020,11:59:44,8.25,8.85,2500,9.4,2500,0,92500
AMBUJACEM30JAN20205PE.NFO,07/01/2020,11:59:51,8.25,8.85,5000,9.4,5000,0,92500
AMBUJACEM30JAN20205PE.NFO,07/01/2020,11:59:56,8.25,8.85,2500,9.4,2500,0,92500
AMBUJACEM30JAN20205PE.NFO,07/01/2020,12:00:53,8.25,8.8,5000,9.35,2500,0,92500
AMBUJACEM30JAN20205PE.NFO,07/01/2020,12:01:10,8.25,8.8,7500,9.35,2500,0,92500
AMBUJACEM30JAN20205PE.NFO,07/01/2020,12:01:13,8.25,8.8,7500,9.4,5000,0,92500
AMBUJACEM30JAN20205PE.NFO,07/01/2020,12:01:28,8.25,8.9,5000,9.4,2500,0,92500
AMBUJACEM30JAN20205PE.NFO,07/01/2020,12:01:31,8.25,9,2500,9.5,5000,0,92500
AMBUJACEM30JAN20205PE.NFO,07/01/2020,12:01:35,8.25,8.9,7500,9.5,5000,0,92500
AMBUJACEM30JAN20205PE.NFO,07/01/2020,12:01:38,8.25,9,2500,9.55,2500,0,92500
AMBUJACEM30JAN20205PE.NFO,07/01/2020,12:01:40,8.25,9,2500,9.6,5000,0,92500
AMBUJACEM30JAN20205PE.NFO,07/01/2020,12:01:43,8.25,9,2500,9.6,2500,0,92500
AMBUJACEM30JAN20205PE.NFO,07/01/2020,12:02:21,8.25,9.05,2500,9.65,2500,0,92500
AMBUJACEM30JAN20205PE.NFO,07/01/2020,12:02:29,8.25,9.1,2500,9.65,2500,0,92500
AMBUJACEM30JAN20205PE.NFO,07/01/2020,12:02:32,8.25,9,2500,9.6,2500,0,92500
AMBUJACEM30JAN20205PE.NFO,07/01/2020,12:02:44,8.25,8.9,2500,9.5,2500,0,92500
AMBUJACEM30JAN20205PE.NFO,07/01/2020,12:02:58,8.25,8.9,2500,9.55,5000,0,92500
AMBUJACEM30JAN20205PE.NFO,07/01/2020,12:03:02,8.25,8.95,2500,9.55,2500,0,92500
AMBUJACEM30JAN20205PE.NFO,07/01/2020,12:03:26,8.25,8.95,2500,9.55,5000,0,92500
AMBUJACEM30JAN20205PE.NFO,07/01/2020,12:03:29,8.25,9,2500,9.55,2500,0,92500
AMBUJACEM30JAN20205PE.NFO,07/01/2020,12:03:32,8.25,9.05,2500,9.6,2500,0,92500
AMBUJACEM30JAN20205PE.NFO,07/01/2020,12:03:35,8.25,9,2500,9.6,2500,0,92500
AMBUJACEM30JAN20205PE.NFO,07/01/2020,12:03:39,8.25,9.1,2500,9.6,2500,0,92500
AMBUJACEM30JAN20205PE.NFO,07/01/2020,12:03:42,8.25,9.1,2500,9.65,2500,0,92500
AMBUJACEM30JAN20205PE.NFO,07/01/2020,12:03:55,8.25,9,2500,9.6,2500,0,92500
AMBUJACEM30JAN20205PE.NFO,07/01/2020,12:04:08,8.25,9,2500,9.65,5000,0,92500
AMBUJACEM30JAN20205PE.NFO,07/01/2020,12:04:10,8.25,9.05,10000,9.65,5000,0,92500
AMBUJACEM30JAN20205PE.NFO,07/01/2020,12:04:16,8.25,9.05,7500,9.65,5000,0,92500
AMBUJACEM30JAN20205PE.NFO,07/01/2020,12:05:05,8.25,9,5000,9.6,2500,0,92500
AMBUJACEM30JAN20205PE.NFO,07/01/2020,12:05:10,8.25,9,2500,9.6,2500,0,92500
AMBUJACEM30JAN20205PE.NFO,07/01/2020,12:05:13,8.25,9.05,2500,9.6,2500,0,92500
AMBUJACEM30JAN20205PE.NFO,07/01/2020,12:05:36,8.25,9.05,2500,9.65,2500,0,92500
AMBUJACEM30JAN20205PE.NFO,07/01/2020,12:05:39,8.25,9.1,7500,9.7,5000,0,92500
AMBUJACEM30JAN20205PE.NFO,07/01/2020,12:05:42,8.25,9.15,2500,9.65,2500,0,92500
AMBUJACEM30JAN20205PE.NFO,07/01/2020,12:05:44,8.25,9.15,2500,9.7,5000,0,92500
AMBUJACEM30JAN20205PE.NFO,07/01/2020,12:05:47,8.25,9.15,2500,9.75,2500,0,92500
AMBUJACEM30JAN20205PE.NFO,07/01/2020,12:05:54,8.25,9.25,2500,9.85,5000,0,92500
AMBUJACEM30JAN20205PE.NFO,07/01/2020,12:05:58,8.25,9.25,10000,9.85,2500,0,92500
AMBUJACEM30JAN20205PE.NFO,07/01/2020,12:06:18,8.25,9.2,2500,9.8,5000,0,92500
AMBUJACEM30JAN20205PE.NFO,07/01/2020,12:06:21,8.25,9.2,2500,9.75,2500,0,92500
AMBUJACEM30JAN20205PE.NFO,07/01/2020,12:06:24,8.25,9.15,2500,9.75,2500,0,92500
AMBUJACEM30JAN20205PE.NFO,07/01/2020,12:06:26,8.25,9.1,2500,9.75,5000,0,92500
AMBUJACEM30JAN20205PE.NFO,07/01/2020,12:06:29,8.25,9.15,2500,9.8,2500,0,92500
AMBUJACEM30JAN20205PE.NFO,07/01/2020,12:06:31,8.25,9.15,2500,9.8,5000,0,92500
AMBUJACEM30JAN20205PE.NFO,07/01/2020,12:06:34,8.25,9.15,2500,9.75,2500,0,92500
AMBUJACEM30JAN20205PE.NFO,07/01/2020,12:06:36,8.25,9.1,2500,9.75,2500,0,92500
AMBUJACEM30JAN20205PE.NFO,07/01/2020,12:06:41,8.25,9.15,2500,9.75,5000,0,92500
AMBUJACEM30JAN20205PE.NFO,07/01/2020,12:06:47,8.25,9.25,2500,9.75,5000,0,92500
AMBUJACEM30JAN20205PE.NFO,07/01/2020,12:07:01,8.25,9.15,2500,9.75,5000,0,92500
AMBUJACEM30JAN20205PE.NFO,07/01/2020,12:07:04,8.25,9.15,2500,9.7,2500,0,92500
AMBUJACEM30JAN20205PE.NFO,07/01/2020,12:07:11,8.25,9.15,2500,9.75,5000,0,92500
AMBUJACEM30JAN20205PE.NFO,07/01/2020,12:07:13,8.25,9.15,2500,9.75,2500,0,92500
AMBUJACEM30JAN20205PE.NFO,07/01/2020,12:07:24,8.25,9.15,2500,9.75,5000,0,92500
AMBUJACEM30JAN20205PE.NFO,07/01/2020,12:07:32,8.25,9.15,2500,9.7,2500,0,92500
AMBUJACEM30JAN20205PE.NFO,07/01/2020,12:07:43,8.25,9.15,5000,9.7,2500,0,92500
AMBUJACEM30JAN20205PE.NFO,07/01/2020,12:08:09,8.25,9.1,2500,9.7,5000,0,92500
AMBUJACEM30JAN20205PE.NFO,07/01/2020,12:08:14,8.25,9.05,7500,9.65,2500,0,92500
AMBUJACEM30JAN20205PE.NFO,07/01/2020,12:08:21,8.25,8.85,2500,9.8,2500,0,92500
AMBUJACEM30JAN20205PE.NFO,07/01/2020,12:08:27,8.25,8.9,2500,9.45,2500,0,92500
AMBUJACEM30JAN20205PE.NFO,07/01/2020,12:08:44,8.25,8.85,7500,9.45,2500,0,92500
AMBUJACEM30JAN20205PE.NFO,07/01/2020,12:08:51,8.25,8.9,2500,9.45,2500,0,92500
AMBUJACEM30JAN20205PE.NFO,07/01/2020,12:08:55,8.25,9,2500,9.45,2500,0,92500
AMBUJACEM30JAN20205PE.NFO,07/01/2020,12:09:17,8.25,9,2500,9.5,2500,0,92500
AMBUJACEM30JAN20205PE.NFO,07/01/2020,12:09:20,8.25,8.85,10000,9.5,2500,0,92500
AMBUJACEM30JAN20205PE.NFO,07/01/2020,12:09:26,8.25,8.85,2500,9.45,2500,0,92500
AMBUJACEM30JAN20205PE.NFO,07/01/2020,12:09:45,8.25,8.85,2500,9.5,2500,0,92500
AMBUJACEM30JAN20205PE.NFO,07/01/2020,12:09:51,8.25,8.85,2500,9.5,5000,0,92500
AMBUJACEM30JAN20205PE.NFO,07/01/2020,12:10:07,8.25,8.95,2500,9.5,5000,0,92500
AMBUJACEM30JAN20205PE.NFO,07/01/2020,12:10:30,8.25,8.9,2500,9.5,5000,0,92500
AMBUJACEM30JAN20205PE.NFO,07/01/2020,12:10:49,8.25,8.85,5000,9.4,2500,0,92500
AMBUJACEM30JAN20205PE.NFO,07/01/2020,12:10:56,8.25,8.8,2500,9.4,5000,0,92500
AMBUJACEM30JAN20205PE.NFO,07/01/2020,12:10:58,8.25,8.8,2500,9.4,2500,0,92500
AMBUJACEM30JAN20205PE.NFO,07/01/2020,12:11:04,8.25,8.8,2500,9.4,5000,0,92500
AMBUJACEM30JAN20205PE.NFO,07/01/2020,12:11:14,8.25,8.8,2500,9.35,2500,0,92500
AMBUJACEM30JAN20205PE.NFO,07/01/2020,12:11:18,8.25,8.8,2500,9.4,2500,0,92500
AMBUJACEM30JAN20205PE.NFO,07/01/2020,12:11:25,8.25,8.8,2500,9.35,2500,0,92500
AMBUJACEM30JAN20205PE.NFO,07/01/2020,12:11:42,8.25,8.8,2500,9.35,5000,0,92500
AMBUJACEM30JAN20205PE.NFO,07/01/2020,12:12:01,8.25,8.8,2500,9.35,2500,0,92500
AMBUJACEM30JAN20205PE.NFO,07/01/2020,12:12:36,8.25,8.8,2500,9.35,5000,0,92500
AMBUJACEM30JAN20205PE.NFO,07/01/2020,12:12:43,8.25,8.8,2500,9.35,2500,0,92500
AMBUJACEM30JAN20205PE.NFO,07/01/2020,12:12:46,8.25,8.9,2500,9.4,5000,0,92500
AMBUJACEM30JAN20205PE.NFO,07/01/2020,12:12:49,8.25,8.85,2500,9.4,5000,0,92500
AMBUJACEM30JAN20205PE.NFO,07/01/2020,12:13:09,8.25,8.75,2500,9.5,2500,0,92500
AMBUJACEM30JAN20205PE.NFO,07/01/2020,12:13:16,8.25,8.75,2500,9.55,5000,0,92500
AMBUJACEM30JAN20205PE.NFO,07/01/2020,12:13:22,8.25,8.75,2500,9.3,2500,0,92500
AMBUJACEM30JAN20205PE.NFO,07/01/2020,12:13:27,8.25,8.75,2500,9.3,5000,0,92500
AMBUJACEM30JAN20205PE.NFO,07/01/2020,12:13:36,8.25,8.7,2500,9.3,5000,0,92500
AMBUJACEM30JAN20205PE.NFO,07/01/2020,12:13:46,8.25,8.7,2500,9.3,2500,0,92500
AMBUJACEM30JAN20205PE.NFO,07/01/2020,12:13:53,8.25,8.75,2500,9.3,2500,0,92500
AMBUJACEM30JAN20205PE.NFO,07/01/2020,12:14:04,8.25,8.85,2500,9.45,5000,0,92500
AMBUJACEM30JAN20205PE.NFO,07/01/2020,12:14:09,8.25,9,2500,9.55,2500,0,92500
AMBUJACEM30JAN20205PE.NFO,07/01/2020,12:14:18,8.25,8.95,2500,9.5,2500,0,92500
AMBUJACEM30JAN20205PE.NFO,07/01/2020,12:14:31,8.25,8.95,2500,9.55,5000,0,92500
AMBUJACEM30JAN20205PE.NFO,07/01/2020,12:14:35,8.25,8.95,2500,9.5,2500,0,92500
AMBUJACEM30JAN20205PE.NFO,07/01/2020,12:14:37,8.25,8.95,2500,9.55,5000,0,92500
AMBUJACEM30JAN20205PE.NFO,07/01/2020,12:15:20,8.25,9,2500,9.6,2500,0,92500
AMBUJACEM30JAN20205PE.NFO,07/01/2020,12:15:24,8.25,8.95,2500,9.6,5000,0,92500
AMBUJACEM30JAN20205PE.NFO,07/01/2020,12:15:30,8.25,9,2500,9.6,5000,0,92500
AMBUJACEM30JAN20205PE.NFO,07/01/2020,12:15:35,8.25,9.05,2500,9.6,5000,0,92500
AMBUJACEM30JAN20205PE.NFO,07/01/2020,12:15:38,8.25,9,2500,9.6,5000,0,92500
AMBUJACEM30JAN20205PE.NFO,07/01/2020,12:15:41,8.25,9,2500,9.55,2500,0,92500
AMBUJACEM30JAN20205PE.NFO,07/01/2020,12:15:45,8.25,9,5000,9.6,2500,0,92500
AMBUJACEM30JAN20205PE.NFO,07/01/2020,12:15:47,8.25,9,10000,9.55,2500,0,92500
AMBUJACEM30JAN20205PE.NFO,07/01/2020,12:15:51,8.25,9,5000,9.6,2500,0,92500
AMBUJACEM30JAN20205PE.NFO,07/01/2020,12:15:58,8.25,9,2500,9.6,2500,0,92500
AMBUJACEM30JAN20205PE.NFO,07/01/2020,12:16:05,8.25,9.1,7500,9.6,2500,0,92500
AMBUJACEM30JAN20205PE.NFO,07/01/2020,12:16:07,8.25,9,7500,9.6,2500,0,92500
AMBUJACEM30JAN20205PE.NFO,07/01/2020,12:16:10,8.25,9.1,7500,9.6,2500,0,92500
AMBUJACEM30JAN20205PE.NFO,07/01/2020,12:16:17,8.25,9.1,2500,9.6,2500,0,92500
AMBUJACEM30JAN20205PE.NFO,07/01/2020,12:16:22,8.25,9.05,2500,9.6,2500,0,92500
AMBUJACEM30JAN20205PE.NFO,07/01/2020,12:16:27,8.25,9.05,2500,9.65,2500,0,92500
AMBUJACEM30JAN20205PE.NFO,07/01/2020,12:16:32,8.25,9.15,2500,9.7,5000,0,92500
AMBUJACEM30JAN20205PE.NFO,07/01/2020,12:16:38,8.25,9.15,2500,9.7,2500,0,92500
AMBUJACEM30JAN20205PE.NFO,07/01/2020,12:16:40,8.25,9.15,2500,9.9,2500,0,92500
AMBUJACEM30JAN20205PE.NFO,07/01/2020,12:16:42,8.25,9.15,2500,10,2500,0,92500
AMBUJACEM30JAN20205PE.NFO,07/01/2020,12:16:47,8.25,9.15,2500,10.4,25000,0,92500
AMBUJACEM30JAN20205PE.NFO,07/01/2020,12:16:50,8.25,9,2500,10.4,25000,0,92500
AMBUJACEM30JAN20205PE.NFO,07/01/2020,12:16:53,8.25,9.15,2500,10.4,20000,0,92500
AMBUJACEM30JAN20205PE.NFO,07/01/2020,12:17:06,8.25,9.1,2500,10.4,20000,0,92500
AMBUJACEM30JAN20205PE.NFO,07/01/2020,12:17:08,8.25,9.2,2500,10.4,20000,0,92500
AMBUJACEM30JAN20205PE.NFO,07/01/2020,12:17:14,8.25,9.05,10000,10.4,20000,0,92500
AMBUJACEM30JAN20205PE.NFO,07/01/2020,12:17:20,8.25,9.05,2500,10.4,20000,0,92500
AMBUJACEM30JAN20205PE.NFO,07/01/2020,12:17:35,8.25,9.15,2500,10.4,20000,0,92500
AMBUJACEM30JAN20205PE.NFO,07/01/2020,12:17:38,8.25,9.15,2500,10.1,5000,0,92500
AMBUJACEM30JAN20205PE.NFO,07/01/2020,12:17:41,8.25,9.15,2500,10.25,17500,0,92500
AMBUJACEM30JAN20205PE.NFO,07/01/2020,12:17:42,8.25,9.15,2500,10.1,2500,0,92500
AMBUJACEM30JAN20205PE.NFO,07/01/2020,12:17:44,8.25,9.15,2500,10.35,25000,0,92500
AMBUJACEM30JAN20205PE.NFO,07/01/2020,12:17:47,8.25,9.15,2500,10.25,17500,0,92500
AMBUJACEM30JAN20205PE.NFO,07/01/2020,12:17:49,8.25,9.15,2500,10.1,2500,0,92500
AMBUJACEM30JAN20205PE.NFO,07/01/2020,12:17:51,8.25,9.15,2500,10.15,10000,0,92500
AMBUJACEM30JAN20205PE.NFO,07/01/2020,12:17:53,8.25,9.15,2500,10.35,25000,0,92500
AMBUJACEM30JAN20205PE.NFO,07/01/2020,12:17:55,8.25,9.15,2500,10.15,7500,0,92500
AMBUJACEM30JAN20205PE.NFO,07/01/2020,12:17:56,8.25,9.15,2500,10.1,2500,0,92500
AMBUJACEM30JAN20205PE.NFO,07/01/2020,12:17:58,8.25,9.15,2500,10.25,17500,0,92500
AMBUJACEM30JAN20205PE.NFO,07/01/2020,12:18:00,8.25,9.15,2500,10.15,7500,0,92500
AMBUJACEM30JAN20205PE.NFO,07/01/2020,12:18:02,8.25,9.05,10000,10.15,12500,0,92500
AMBUJACEM30JAN20205PE.NFO,07/01/2020,12:18:04,8.25,9.05,10000,10.05,5000,0,92500
AMBUJACEM30JAN20205PE.NFO,07/01/2020,12:18:06,8.25,9.05,10000,10.25,22500,0,92500
AMBUJACEM30JAN20205PE.NFO,07/01/2020,12:18:09,8.25,9.05,10000,10.05,5000,0,92500
AMBUJACEM30JAN20205PE.NFO,07/01/2020,12:18:13,8.25,9.05,10000,10.2,12500,0,92500
AMBUJACEM30JAN20205PE.NFO,07/01/2020,12:18:16,8.25,9.05,10000,10.05,2500,0,92500
AMBUJACEM30JAN20205PE.NFO,07/01/2020,12:18:19,8.25,9.05,10000,10.2,12500,0,92500
AMBUJACEM30JAN20205PE.NFO,07/01/2020,12:18:22,8.25,9.05,10000,10.05,2500,0,92500
AMBUJACEM30JAN20205PE.NFO,07/01/2020,12:18:25,8.25,8.95,2500,10.05,2500,0,92500
AMBUJACEM30JAN20205PE.NFO,07/01/2020,12:18:28,8.25,8.95,2500,10.35,25000,0,92500
AMBUJACEM30JAN20205PE.NFO,07/01/2020,12:18:31,8.25,9,2500,10.35,25000,0,92500
AMBUJACEM30JAN20205PE.NFO,07/01/2020,12:18:34,8.25,9,2500,10.05,10000,0,92500
AMBUJACEM30JAN20205PE.NFO,07/01/2020,12:18:36,8.25,8.95,2500,10.35,25000,0,92500
AMBUJACEM30JAN20205PE.NFO,07/01/2020,12:18:38,8.25,8.95,2500,10.25,25000,0,92500
AMBUJACEM30JAN20205PE.NFO,07/01/2020,12:18:40,8.25,9.1,2500,10.05,10000,0,92500
AMBUJACEM30JAN20205PE.NFO,07/01/2020,12:18:42,8.25,9.1,2500,10.25,25000,0,92500
AMBUJACEM30JAN20205PE.NFO,07/01/2020,12:18:45,8.25,9.1,2500,10,2500,0,92500
AMBUJACEM30JAN20205PE.NFO,07/01/2020,12:18:48,8.25,9.1,2500,10.15,25000,0,92500
AMBUJACEM30JAN20205PE.NFO,07/01/2020,12:18:50,8.25,9.1,2500,10.3,25000,0,92500
AMBUJACEM30JAN20205PE.NFO,07/01/2020,12:18:52,8.25,9,5000,10.2,25000,0,92500
AMBUJACEM30JAN20205PE.NFO,07/01/2020,12:18:54,8.25,9.15,2500,10.35,25000,0,92500
AMBUJACEM30JAN20205PE.NFO,07/01/2020,12:18:55,8.25,9.15,2500,10.25,25000,0,92500
AMBUJACEM30JAN20205PE.NFO,07/01/2020,12:18:56,8.25,9.15,2500,10.1,2500,0,92500
AMBUJACEM30JAN20205PE.NFO,07/01/2020,12:18:57,8.25,9.15,2500,10.4,2500,0,92500
AMBUJACEM30JAN20205PE.NFO,07/01/2020,12:19:05,8.25,8.95,2500,10.4,2500,0,92500
AMBUJACEM30JAN20205PE.NFO,07/01/2020,12:19:10,8.25,9,2500,10.2,2500,0,92500
AMBUJACEM30JAN20205PE.NFO,07/01/2020,12:19:14,8.25,9,2500,10.05,2500,0,92500
AMBUJACEM30JAN20205PE.NFO,07/01/2020,12:19:17,8.25,9,2500,9.9,2500,0,92500
AMBUJACEM30JAN20205PE.NFO,07/01/2020,12:19:19,8.25,8.85,2500,9.85,2500,0,92500
AMBUJACEM30JAN20205PE.NFO,07/01/2020,12:19:22,8.25,8.85,2500,9.65,2500,0,92500
AMBUJACEM30JAN20205PE.NFO,07/01/2020,12:19:24,8.25,8.85,2500,9.5,2500,0,92500
AMBUJACEM30JAN20205PE.NFO,07/01/2020,12:19:27,8.25,8.85,2500,9.5,5000,0,92500
AMBUJACEM30JAN20205PE.NFO,07/01/2020,12:19:29,8.25,8.85,2500,9.45,2500,0,92500
AMBUJACEM30JAN20205PE.NFO,07/01/2020,12:19:36,8.25,8.75,2500,9.6,2500,0,92500
AMBUJACEM30JAN20205PE.NFO,07/01/2020,12:19:43,8.25,8.75,2500,10.05,2500,0,92500
AMBUJACEM30JAN20205PE.NFO,07/01/2020,12:19:47,8.25,8.8,2500,9.8,2500,0,92500
AMBUJACEM30JAN20205PE.NFO,07/01/2020,12:19:51,8.25,8.9,2500,9.65,2500,0,92500
AMBUJACEM30JAN20205PE.NFO,07/01/2020,12:19:54,8.25,8.9,2500,9.5,2500,0,92500
AMBUJACEM30JAN20205PE.NFO,07/01/2020,12:19:58,8.25,8.9,2500,9.45,2500,0,92500
AMBUJACEM30JAN20205PE.NFO,07/01/2020,12:20:11,8.25,8.9,2500,9.45,5000,0,92500
AMBUJACEM30JAN20205PE.NFO,07/01/2020,12:20:18,8.25,8.9,2500,9.45,2500,0,92500
AMBUJACEM30JAN20205PE.NFO,07/01/2020,12:20:25,8.25,8.9,2500,9.45,5000,0,92500
AMBUJACEM30JAN20205PE.NFO,07/01/2020,12:20:50,8.25,8.8,2500,9.4,5000,0,92500
AMBUJACEM30JAN20205PE.NFO,07/01/2020,12:20:54,8.25,8.85,2500,9.35,2500,0,92500
AMBUJACEM30JAN20205PE.NFO,07/01/2020,12:21:01,8.25,8.75,2500,9.35,2500,0,92500
AMBUJACEM30JAN20205PE.NFO,07/01/2020,12:21:25,8.25,8.8,2500,9.35,2500,0,92500
AMBUJACEM30JAN20205PE.NFO,07/01/2020,12:21:47,8.25,8.85,2500,9.4,2500,0,92500
AMBUJACEM30JAN20205PE.NFO,07/01/2020,12:21:49,8.25,8.75,2500,9.35,2500,0,92500
AMBUJACEM30JAN20205PE.NFO,07/01/2020,12:21:59,8.25,8.85,2500,9.4,2500,0,92500
AMBUJACEM30JAN20205PE.NFO,07/01/2020,12:22:55,8.25,8.8,2500,9.5,2500,0,92500
AMBUJACEM30JAN20205PE.NFO,07/01/2020,12:23:00,8.25,8.8,2500,9.4,2500,0,92500
AMBUJACEM30JAN20205PE.NFO,07/01/2020,12:23:20,8.25,8.8,2500,9.4,5000,0,92500
AMBUJACEM30JAN20205PE.NFO,07/01/2020,12:23:25,8.25,8.75,2500,9.35,2500,0,92500
AMBUJACEM30JAN20205PE.NFO,07/01/2020,12:23:28,8.25,8.75,2500,9.4,5000,0,92500
AMBUJACEM30JAN20205PE.NFO,07/01/2020,12:23:31,8.25,8.8,2500,9.4,5000,0,92500
AMBUJACEM30JAN20205PE.NFO,07/01/2020,12:23:34,8.25,8.75,2500,9.4,5000,0,92500
AMBUJACEM30JAN20205PE.NFO,07/01/2020,12:23:42,8.25,8.75,2500,9.35,2500,0,92500
AMBUJACEM30JAN20205PE.NFO,07/01/2020,12:23:53,8.25,8.8,2500,9.35,2500,0,92500
AMBUJACEM30JAN20205PE.NFO,07/01/2020,12:23:55,8.25,8.75,2500,9.35,2500,0,92500
AMBUJACEM30JAN20205PE.NFO,07/01/2020,12:24:19,8.25,8.8,2500,9.35,2500,0,92500
AMBUJACEM30JAN20205PE.NFO,07/01/2020,12:24:37,8.25,8.8,2500,9.4,5000,0,92500
AMBUJACEM30JAN20205PE.NFO,07/01/2020,12:24:40,8.25,8.8,2500,9.35,2500,0,92500
AMBUJACEM30JAN20205PE.NFO,07/01/2020,12:24:46,8.25,8.75,2500,9.3,2500,0,92500
AMBUJACEM30JAN20205PE.NFO,07/01/2020,12:25:32,8.25,8.75,2500,9.35,2500,0,92500
AMBUJACEM30JAN20205PE.NFO,07/01/2020,12:25:43,8.25,8.7,2500,9.3,2500,0,92500
AMBUJACEM30JAN20205PE.NFO,07/01/2020,12:25:48,8.25,8.75,2500,9.3,2500,0,92500
AMBUJACEM30JAN20205PE.NFO,07/01/2020,12:26:01,8.25,8.8,2500,9.35,2500,0,92500
AMBUJACEM30JAN20205PE.NFO,07/01/2020,12:26:11,8.25,8.7,2500,9.3,2500,0,92500
AMBUJACEM30JAN20205PE.NFO,07/01/2020,12:26:15,8.25,8.75,2500,9.35,5000,0,92500
AMBUJACEM30JAN20205PE.NFO,07/01/2020,12:26:21,8.25,8.7,2500,9.35,5000,0,92500
AMBUJACEM30JAN20205PE.NFO,07/01/2020,12:26:23,8.25,8.7,2500,9.3,2500,0,92500
AMBUJACEM30JAN20205PE.NFO,07/01/2020,12:26:58,8.25,8.75,2500,9.3,2500,0,92500
AMBUJACEM30JAN20205PE.NFO,07/01/2020,12:27:02,8.25,8.75,2500,9.35,5000,0,92500
AMBUJACEM30JAN20205PE.NFO,07/01/2020,12:27:13,8.25,8.7,2500,9.35,5000,0,92500
AMBUJACEM30JAN20205PE.NFO,07/01/2020,12:27:16,8.25,8.75,2500,9.35,5000,0,92500
AMBUJACEM30JAN20205PE.NFO,07/01/2020,12:27:19,8.25,8.7,2500,9.3,2500,0,92500
AMBUJACEM30JAN20205PE.NFO,07/01/2020,12:27:22,8.25,8.75,2500,9.3,2500,0,92500
AMBUJACEM30JAN20205PE.NFO,07/01/2020,12:27:24,8.25,8.7,2500,9.3,2500,0,92500
AMBUJACEM30JAN20205PE.NFO,07/01/2020,12:27:31,8.25,8.75,2500,9.3,2500,0,92500
AMBUJACEM30JAN20205PE.NFO,07/01/2020,12:27:34,8.25,8.7,2500,9.3,5000,0,92500
AMBUJACEM30JAN20205PE.NFO,07/01/2020,12:27:36,8.25,8.75,2500,9.3,5000,0,92500
AMBUJACEM30JAN20205PE.NFO,07/01/2020,12:27:41,8.25,8.7,2500,9.3,5000,0,92500
AMBUJACEM30JAN20205PE.NFO,07/01/2020,12:27:45,8.25,8.75,2500,9.3,5000,0,92500
AMBUJACEM30JAN20205PE.NFO,07/01/2020,12:27:47,8.25,8.7,2500,9.3,5000,0,92500
AMBUJACEM30JAN20205PE.NFO,07/01/2020,12:27:56,8.25,8.75,2500,9.3,5000,0,92500
AMBUJACEM30JAN20205PE.NFO,07/01/2020,12:27:57,8.25,8.7,2500,9.3,5000,0,92500
AMBUJACEM30JAN20205PE.NFO,07/01/2020,12:28:06,8.25,8.75,2500,9.3,5000,0,92500
AMBUJACEM30JAN20205PE.NFO,07/01/2020,12:28:20,8.25,8.75,2500,9.5,2500,0,92500
AMBUJACEM30JAN20205PE.NFO,07/01/2020,12:28:24,8.25,8.75,2500,9.3,2500,0,92500
AMBUJACEM30JAN20205PE.NFO,07/01/2020,12:28:29,8.25,8.75,2500,9.3,5000,0,92500
AMBUJACEM30JAN20205PE.NFO,07/01/2020,12:28:49,8.25,8.85,2500,9.3,5000,0,92500
AMBUJACEM30JAN20205PE.NFO,07/01/2020,12:28:55,8.25,8.8,2500,9.35,2500,0,92500
AMBUJACEM30JAN20205PE.NFO,07/01/2020,12:29:01,8.25,9,5000,9.5,5000,0,92500
AMBUJACEM30JAN20205PE.NFO,07/01/2020,12:29:07,8.25,8.95,2500,9.5,2500,0,92500
AMBUJACEM30JAN20205PE.NFO,07/01/2020,12:29:30,8.25,9.05,2500,9.6,2500,0,92500
AMBUJACEM30JAN20205PE.NFO,07/01/2020,12:29:33,8.25,9.2,2500,9.8,5000,0,92500
AMBUJACEM30JAN20205PE.NFO,07/01/2020,12:29:37,8.25,9.2,2500,9.75,2500,0,92500
AMBUJACEM30JAN20205PE.NFO,07/01/2020,12:29:40,8.25,9.15,2500,9.7,2500,0,92500
AMBUJACEM30JAN20205PE.NFO,07/01/2020,12:29:44,8.25,9.15,2500,9.7,5000,0,92500
AMBUJACEM30JAN20205PE.NFO,07/01/2020,12:29:47,8.25,9.1,2500,9.7,5000,0,92500
AMBUJACEM30JAN20205PE.NFO,07/01/2020,12:29:50,8.25,9.05,2500,9.7,5000,0,92500
AMBUJACEM30JAN20205PE.NFO,07/01/2020,12:29:57,8.25,9.1,2500,9.7,2500,0,92500
AMBUJACEM30JAN20205PE.NFO,07/01/2020,12:30:01,8.25,9.1,2500,9.7,5000,0,92500
AMBUJACEM30JAN20205PE.NFO,07/01/2020,12:30:06,8.25,9.15,2500,9.7,5000,0,92500
AMBUJACEM30JAN20205PE.NFO,07/01/2020,12:30:12,8.25,9.1,2500,9.7,5000,0,92500
AMBUJACEM30JAN20205PE.NFO,07/01/2020,12:30:17,8.25,9.1,2500,9.65,5000,0,92500
AMBUJACEM30JAN20205PE.NFO,07/01/2020,12:30:42,8.25,9.05,2500,9.65,5000,0,92500
AMBUJACEM30JAN20205PE.NFO,07/01/2020,12:30:49,8.25,9,2500,9.65,5000,0,92500
AMBUJACEM30JAN20205PE.NFO,07/01/2020,12:30:58,8.25,9.05,2500,9.65,5000,0,92500
AMBUJACEM30JAN20205PE.NFO,07/01/2020,12:31:02,8.25,9,2500,9.65,5000,0,92500
AMBUJACEM30JAN20205PE.NFO,07/01/2020,12:31:21,8.25,9.05,2500,9.65,5000,0,92500
AMBUJACEM30JAN20205PE.NFO,07/01/2020,12:31:31,8.25,9.05,2500,9.6,2500,0,92500
AMBUJACEM30JAN20205PE.NFO,07/01/2020,12:31:50,8.25,9.15,2500,9.6,2500,0,92500
AMBUJACEM30JAN20205PE.NFO,07/01/2020,12:31:52,8.25,9.15,2500,9.65,5000,0,92500
AMBUJACEM30JAN20205PE.NFO,07/01/2020,12:31:58,8.25,9.05,2500,9.65,5000,0,92500
AMBUJACEM30JAN20205PE.NFO,07/01/2020,12:32:02,8.25,9.15,2500,9.6,2500,0,92500
AMBUJACEM30JAN20205PE.NFO,07/01/2020,12:32:06,8.25,9.15,2500,9.65,5000,0,92500
AMBUJACEM30JAN20205PE.NFO,07/01/2020,12:32:09,8.25,9.1,2500,9.7,2500,0,92500
AMBUJACEM30JAN20205PE.NFO,07/01/2020,12:32:16,8.25,9.2,2500,9.75,5000,0,92500
AMBUJACEM30JAN20205PE.NFO,07/01/2020,12:32:22,8.25,9.2,2500,10.05,2500,0,92500
AMBUJACEM30JAN20205PE.NFO,07/01/2020,12:32:27,8.25,9.2,2500,10.15,5000,0,92500
AMBUJACEM30JAN20205PE.NFO,07/01/2020,12:32:30,8.25,9.2,2500,10,2500,0,92500
AMBUJACEM30JAN20205PE.NFO,07/01/2020,12:32:35,8.25,9.2,2500,10.25,7500,0,92500
AMBUJACEM30JAN20205PE.NFO,07/01/2020,12:32:41,8.25,9.2,2500,10.4,25000,0,92500
AMBUJACEM30JAN20205PE.NFO,07/01/2020,12:32:57,8.25,9.2,2500,10.4,20000,0,92500
AMBUJACEM30JAN20205PE.NFO,07/01/2020,12:33:01,8.25,9.05,2500,10.4,15000,0,92500
AMBUJACEM30JAN20205PE.NFO,07/01/2020,12:33:15,8.25,8.95,10000,10.35,17500,0,92500
AMBUJACEM30JAN20205PE.NFO,07/01/2020,12:34:05,8.25,9.05,2500,10.35,17500,0,92500
AMBUJACEM30JAN20205PE.NFO,07/01/2020,12:34:30,8.25,9.05,5000,10.35,17500,0,92500
AMBUJACEM30JAN20205PE.NFO,07/01/2020,12:34:36,8.25,8.95,5000,10.35,17500,0,92500
AMBUJACEM30JAN20205PE.NFO,07/01/2020,12:34:56,8.25,9.05,2500,10.35,17500,0,92500
AMBUJACEM30JAN20205PE.NFO,07/01/2020,12:35:34,8.25,9.15,2500,10.35,17500,0,92500
AMBUJACEM30JAN20205PE.NFO,07/01/2020,12:35:39,8.25,9.05,2500,10.35,17500,0,92500
AMBUJACEM30JAN20205PE.NFO,07/01/2020,12:35:48,8.25,9.1,2500,10.35,17500,0,92500
AMBUJACEM30JAN20205PE.NFO,07/01/2020,12:35:52,8.25,9.1,2500,10.4,10000,0,92500
AMBUJACEM30JAN20205PE.NFO,07/01/2020,12:35:57,8.25,9.05,2500,10.4,10000,0,92500
AMBUJACEM30JAN20205PE.NFO,07/01/2020,12:35:59,8.25,9,2500,10.4,10000,0,92500
AMBUJACEM30JAN20205PE.NFO,07/01/2020,12:36:04,8.25,9.05,2500,10.4,10000,0,92500
AMBUJACEM30JAN20205PE.NFO,07/01/2020,12:36:07,8.25,9.05,10000,10.4,10000,0,92500
AMBUJACEM30JAN20205PE.NFO,07/01/2020,12:36:23,8.25,9.05,12500,10.4,10000,0,92500
AMBUJACEM30JAN20205PE.NFO,07/01/2020,12:37:03,8.25,9.05,10000,10.4,10000,0,92500
AMBUJACEM30JAN20205PE.NFO,07/01/2020,12:37:08,8.25,9.05,2500,10.4,10000,0,92500
AMBUJACEM30JAN20205PE.NFO,07/01/2020,12:37:48,8.25,9,2500,10.4,10000,0,92500
AMBUJACEM30JAN20205PE.NFO,07/01/2020,12:38:16,8.25,8.95,2500,10.4,10000,0,92500
AMBUJACEM30JAN20205PE.NFO,07/01/2020,12:38:19,8.25,8.95,10000,10.4,10000,0,92500
AMBUJACEM30JAN20205PE.NFO,07/01/2020,12:38:22,8.25,8.95,10000,10.1,7500,0,92500
AMBUJACEM30JAN20205PE.NFO,07/01/2020,12:38:25,8.25,8.95,2500,9.8,5000,0,92500
AMBUJACEM30JAN20205PE.NFO,07/01/2020,12:38:28,8.25,8.95,2500,9.65,2500,0,92500
AMBUJACEM30JAN20205PE.NFO,07/01/2020,12:38:31,8.25,8.95,2500,9.55,2500,0,92500
AMBUJACEM30JAN20205PE.NFO,07/01/2020,12:38:34,8.25,8.9,2500,9.5,2500,0,92500
AMBUJACEM30JAN20205PE.NFO,07/01/2020,12:38:38,8.25,8.85,2500,9.5,2500,0,92500
AMBUJACEM30JAN20205PE.NFO,07/01/2020,12:38:40,8.25,8.9,2500,9.8,2500,0,92500
AMBUJACEM30JAN20205PE.NFO,07/01/2020,12:38:43,8.25,8.85,2500,9.75,2500,0,92500
AMBUJACEM30JAN20205PE.NFO,07/01/2020,12:38:45,8.25,8.9,2500,9.75,2500,0,92500
AMBUJACEM30JAN20205PE.NFO,07/01/2020,12:38:50,8.25,8.85,2500,9.75,2500,0,92500
AMBUJACEM30JAN20205PE.NFO,07/01/2020,12:38:53,8.25,8.9,2500,9.75,2500,0,92500
AMBUJACEM30JAN20205PE.NFO,07/01/2020,12:39:06,8.25,8.9,2500,9.65,2500,0,92500
AMBUJACEM30JAN20205PE.NFO,07/01/2020,12:39:09,8.25,8.85,2500,9.55,5000,0,92500
AMBUJACEM30JAN20205PE.NFO,07/01/2020,12:39:15,8.25,8.9,2500,9.5,2500,0,92500
AMBUJACEM30JAN20205PE.NFO,07/01/2020,12:39:21,8.25,9,2500,9.5,2500,0,92500
AMBUJACEM30JAN20205PE.NFO,07/01/2020,12:39:44,8.25,8.9,2500,9.5,2500,0,92500
AMBUJACEM30JAN20205PE.NFO,07/01/2020,12:40:01,8.25,8.9,2500,9.5,5000,0,92500
AMBUJACEM30JAN20205PE.NFO,07/01/2020,12:40:13,8.25,8.9,2500,9.5,2500,0,92500
AMBUJACEM30JAN20205PE.NFO,07/01/2020,12:40:38,8.25,8.9,2500,9.5,5000,0,92500
AMBUJACEM30JAN20205PE.NFO,07/01/2020,12:40:40,8.25,8.9,2500,9.5,2500,0,92500
AMBUJACEM30JAN20205PE.NFO,07/01/2020,12:41:06,8.25,8.9,2500,9.45,2500,0,92500
AMBUJACEM30JAN20205PE.NFO,07/01/2020,12:41:29,8.25,8.8,12500,9.45,2500,0,92500
AMBUJACEM30JAN20205PE.NFO,07/01/2020,12:41:31,8.25,8.9,20000,9.5,5000,0,92500
AMBUJACEM30JAN20205PE.NFO,07/01/2020,12:41:33,8.25,8.9,12500,9.5,5000,0,92500
AMBUJACEM30JAN20205PE.NFO,07/01/2020,12:41:38,8.25,8.85,2500,9.45,2500,0,92500
AMBUJACEM30JAN20205PE.NFO,07/01/2020,12:42:23,8.25,8.85,2500,9.5,2500,0,92500
AMBUJACEM30JAN20205PE.NFO,07/01/2020,12:42:25,8.25,8.95,2500,9.5,2500,0,92500
AMBUJACEM30JAN20205PE.NFO,07/01/2020,12:42:54,8.25,8.9,2500,9.6,2500,0,92500
AMBUJACEM30JAN20205PE.NFO,07/01/2020,12:42:57,8.25,8.9,2500,10.4,22500,0,92500
AMBUJACEM30JAN20205PE.NFO,07/01/2020,12:43:01,8.25,8.85,2500,10.2,22500,0,92500
AMBUJACEM30JAN20205PE.NFO,07/01/2020,12:43:04,8.25,8.9,2500,9.9,12500,0,92500
AMBUJACEM30JAN20205PE.NFO,07/01/2020,12:43:07,8.25,8.9,2500,9.75,5000,0,92500
AMBUJACEM30JAN20205PE.NFO,07/01/2020,12:43:10,8.25,8.9,2500,9.6,2500,0,92500
AMBUJACEM30JAN20205PE.NFO,07/01/2020,12:43:12,8.25,8.9,2500,9.45,2500,0,92500
AMBUJACEM30JAN20205PE.NFO,07/01/2020,12:43:44,8.25,8.85,2500,9.45,2500,0,92500
