Ticker,Date,Time,LTP,BuyPrice,BuyQty,SellPrice,SellQty,LTQ,OpenInterest
AMBUJACEM30JAN20210CE.NFO,07/01/2020,09:16:23,2.45,2.4,5000,2.95,2500,2500,515000
AMBUJACEM30JAN20210CE.NFO,07/01/2020,09:16:23,2.45,2.4,5000,2.95,2500,0,515000
AMBUJACEM30JAN20210CE.NFO,07/01/2020,09:16:23,2.45,2.4,5000,2.95,2500,0,515000
AMBUJACEM30JAN20210CE.NFO,07/01/2020,09:16:23,2.45,2.4,5000,2.95,2500,0,515000
AMBUJACEM30JAN20210CE.NFO,07/01/2020,09:16:32,2.8,2.75,2500,3,5000,2500,515000
AMBUJACEM30JAN20210CE.NFO,07/01/2020,09:16:32,2.8,2.75,2500,3,5000,0,515000
AMBUJACEM30JAN20210CE.NFO,07/01/2020,09:16:41,2.9,2.6,2500,2.95,5000,5000,515000
AMBUJACEM30JAN20210CE.NFO,07/01/2020,09:16:41,2.9,2.6,2500,2.95,5000,0,515000
AMBUJACEM30JAN20210CE.NFO,07/01/2020,09:16:51,2.7,2.7,2500,2.9,5000,2500,515000
AMBUJACEM30JAN20210CE.NFO,07/01/2020,09:16:59,2.7,2.45,2500,2.9,10000,2500,515000
AMBUJACEM30JAN20210CE.NFO,07/01/2020,09:17:07,2.6,2.55,2500,2.85,2500,7500,515000
AMBUJACEM30JAN20210CE.NFO,07/01/2020,09:17:16,2.6,2.55,2500,2.8,5000,0,515000
AMBUJACEM30JAN20210CE.NFO,07/01/2020,09:17:24,2.6,2.55,2500,2.85,5000,0,515000
AMBUJACEM30JAN20210CE.NFO,07/01/2020,09:17:33,2.6,2.5,2500,2.75,5000,0,515000
AMBUJACEM30JAN20210CE.NFO,07/01/2020,09:17:51,2.6,2.5,2500,2.6,2500,0,515000
AMBUJACEM30JAN20210CE.NFO,07/01/2020,09:17:59,2.6,2.5,5000,2.7,2500,2500,522500
AMBUJACEM30JAN20210CE.NFO,07/01/2020,09:18:07,2.5,2.5,5000,2.7,2500,2500,522500
AMBUJACEM30JAN20210CE.NFO,07/01/2020,09:18:14,2.5,2.5,2500,2.65,2500,0,522500
AMBUJACEM30JAN20210CE.NFO,07/01/2020,09:18:22,2.5,2.5,2500,2.65,5000,0,522500
AMBUJACEM30JAN20210CE.NFO,07/01/2020,09:18:30,2.65,2.55,2500,2.7,2500,2500,522500
AMBUJACEM30JAN20210CE.NFO,07/01/2020,09:18:38,2.7,2.5,2500,2.75,5000,2500,522500
AMBUJACEM30JAN20210CE.NFO,07/01/2020,09:18:45,2.7,2.55,2500,2.7,2500,0,522500
AMBUJACEM30JAN20210CE.NFO,07/01/2020,09:18:53,2.7,2.45,5000,2.7,2500,0,522500
AMBUJACEM30JAN20210CE.NFO,07/01/2020,09:19:00,2.7,2.5,2500,2.7,5000,0,522500
AMBUJACEM30JAN20210CE.NFO,07/01/2020,09:19:08,2.7,2.5,2500,2.65,2500,0,522500
AMBUJACEM30JAN20210CE.NFO,07/01/2020,09:19:16,2.7,2.5,2500,2.7,5000,0,522500
AMBUJACEM30JAN20210CE.NFO,07/01/2020,09:19:24,2.5,2.45,2500,2.7,7500,2500,522500
AMBUJACEM30JAN20210CE.NFO,07/01/2020,09:19:31,2.5,2.45,2500,2.7,7500,0,522500
AMBUJACEM30JAN20210CE.NFO,07/01/2020,09:19:47,2.5,2.45,2500,2.65,2500,0,522500
AMBUJACEM30JAN20210CE.NFO,07/01/2020,09:20:03,2.5,2.5,2500,2.65,2500,0,522500
AMBUJACEM30JAN20210CE.NFO,07/01/2020,09:20:10,2.5,2.5,5000,2.7,7500,0,522500
AMBUJACEM30JAN20210CE.NFO,07/01/2020,09:20:18,2.5,2.5,5000,2.6,2500,0,522500
AMBUJACEM30JAN20210CE.NFO,07/01/2020,09:20:34,2.5,2.5,7500,2.55,2500,0,522500
AMBUJACEM30JAN20210CE.NFO,07/01/2020,09:20:42,2.55,2.5,5000,2.6,2500,2500,520000
AMBUJACEM30JAN20210CE.NFO,07/01/2020,09:20:49,2.55,2.5,5000,2.6,2500,0,520000
AMBUJACEM30JAN20210CE.NFO,07/01/2020,09:21:04,2.55,2.5,5000,2.6,5000,0,520000
AMBUJACEM30JAN20210CE.NFO,07/01/2020,09:21:12,2.55,2.5,5000,2.6,2500,0,520000
AMBUJACEM30JAN20210CE.NFO,07/01/2020,09:21:20,2.55,2.5,5000,2.55,2500,0,520000
AMBUJACEM30JAN20210CE.NFO,07/01/2020,09:22:02,2.5,2.5,2500,2.55,2500,2500,520000
AMBUJACEM30JAN20210CE.NFO,07/01/2020,09:22:10,2.5,2.5,2500,2.55,2500,0,520000
AMBUJACEM30JAN20210CE.NFO,07/01/2020,09:22:17,2.5,2.45,2500,2.55,5000,2500,520000
AMBUJACEM30JAN20210CE.NFO,07/01/2020,09:22:24,2.5,2.45,2500,2.55,5000,0,520000
AMBUJACEM30JAN20210CE.NFO,07/01/2020,09:22:31,2.5,2.45,2500,2.5,2500,0,520000
AMBUJACEM30JAN20210CE.NFO,07/01/2020,09:22:57,2.5,2.45,2500,2.55,5000,0,520000
AMBUJACEM30JAN20210CE.NFO,07/01/2020,09:23:24,2.45,2.4,2500,2.45,2500,2500,520000
AMBUJACEM30JAN20210CE.NFO,07/01/2020,09:23:30,2.4,2.25,2500,2.4,7500,2500,520000
AMBUJACEM30JAN20210CE.NFO,07/01/2020,09:23:30,2.4,2.25,2500,2.4,7500,0,520000
AMBUJACEM30JAN20210CE.NFO,07/01/2020,09:23:37,2.4,2.25,2500,2.4,5000,0,520000
AMBUJACEM30JAN20210CE.NFO,07/01/2020,09:23:44,2.4,2.2,5000,2.4,5000,0,520000
AMBUJACEM30JAN20210CE.NFO,07/01/2020,09:23:50,2.25,2.2,5000,2.35,2500,2500,520000
AMBUJACEM30JAN20210CE.NFO,07/01/2020,09:23:50,2.25,2.2,5000,2.35,2500,0,520000
AMBUJACEM30JAN20210CE.NFO,07/01/2020,09:23:57,2.25,2.2,5000,2.35,2500,0,520000
AMBUJACEM30JAN20210CE.NFO,07/01/2020,09:24:11,2.25,2.15,2500,2.3,5000,0,520000
AMBUJACEM30JAN20210CE.NFO,07/01/2020,09:24:18,2.25,2.15,2500,2.25,2500,0,520000
AMBUJACEM30JAN20210CE.NFO,07/01/2020,09:24:25,2.25,2.15,2500,2.2,2500,0,520000
AMBUJACEM30JAN20210CE.NFO,07/01/2020,09:24:32,2.15,2,5000,2.15,2500,2500,520000
AMBUJACEM30JAN20210CE.NFO,07/01/2020,09:24:32,2.15,2,5000,2.15,2500,0,520000
AMBUJACEM30JAN20210CE.NFO,07/01/2020,09:24:45,2.15,2,2500,2.15,10000,0,520000
AMBUJACEM30JAN20210CE.NFO,07/01/2020,09:24:52,2.15,2,10000,2.15,7500,0,520000
AMBUJACEM30JAN20210CE.NFO,07/01/2020,09:24:58,2.15,2,5000,2.1,2500,0,520000
AMBUJACEM30JAN20210CE.NFO,07/01/2020,09:25:05,2.15,2,10000,2.1,2500,0,520000
AMBUJACEM30JAN20210CE.NFO,07/01/2020,09:25:19,2.15,2,7500,2.1,2500,0,520000
AMBUJACEM30JAN20210CE.NFO,07/01/2020,09:25:26,2,1.95,2500,2.05,2500,2500,520000
AMBUJACEM30JAN20210CE.NFO,07/01/2020,09:25:26,2,1.95,2500,2.05,2500,0,520000
AMBUJACEM30JAN20210CE.NFO,07/01/2020,09:25:33,2,1.95,2500,2.05,2500,2500,520000
AMBUJACEM30JAN20210CE.NFO,07/01/2020,09:25:41,2,1.95,7500,2.1,5000,0,520000
AMBUJACEM30JAN20210CE.NFO,07/01/2020,09:25:52,2,1.95,2500,2.05,2500,0,520000
AMBUJACEM30JAN20210CE.NFO,07/01/2020,09:26:04,2,1.95,2500,2.1,7500,0,520000
AMBUJACEM30JAN20210CE.NFO,07/01/2020,09:26:12,2,1.95,10000,2.1,2500,0,520000
AMBUJACEM30JAN20210CE.NFO,07/01/2020,09:26:29,2,2,2500,2.1,5000,0,520000
AMBUJACEM30JAN20210CE.NFO,07/01/2020,09:26:36,2,2.05,2500,2.1,2500,0,520000
AMBUJACEM30JAN20210CE.NFO,07/01/2020,09:26:42,2,2.05,2500,2.15,5000,0,520000
AMBUJACEM30JAN20210CE.NFO,07/01/2020,09:26:48,2,2,5000,2.15,5000,0,520000
AMBUJACEM30JAN20210CE.NFO,07/01/2020,09:26:53,2,2.05,2500,2.15,5000,0,520000
AMBUJACEM30JAN20210CE.NFO,07/01/2020,09:26:58,2,1.95,10000,2.15,5000,0,520000
AMBUJACEM30JAN20210CE.NFO,07/01/2020,09:27:03,2,1.95,2500,2.1,10000,0,520000
AMBUJACEM30JAN20210CE.NFO,07/01/2020,09:27:14,2,1.95,2500,2.1,7500,0,520000
AMBUJACEM30JAN20210CE.NFO,07/01/2020,09:27:21,2,2,2500,2.1,2500,0,520000
AMBUJACEM30JAN20210CE.NFO,07/01/2020,09:27:33,2,2,10000,2.15,2500,0,520000
AMBUJACEM30JAN20210CE.NFO,07/01/2020,09:27:44,2,2,5000,2.15,2500,0,520000
AMBUJACEM30JAN20210CE.NFO,07/01/2020,09:28:03,2,2,7500,2.15,5000,0,520000
AMBUJACEM30JAN20210CE.NFO,07/01/2020,09:28:11,2,2,7500,2.1,2500,0,520000
AMBUJACEM30JAN20210CE.NFO,07/01/2020,09:28:17,2,2.05,5000,2.15,2500,0,520000
AMBUJACEM30JAN20210CE.NFO,07/01/2020,09:28:23,2,2.05,7500,2.15,2500,0,520000
AMBUJACEM30JAN20210CE.NFO,07/01/2020,09:28:29,2,2.05,5000,2.1,2500,0,520000
AMBUJACEM30JAN20210CE.NFO,07/01/2020,09:28:35,2.05,2.05,2500,2.1,2500,2500,515000
AMBUJACEM30JAN20210CE.NFO,07/01/2020,09:28:45,2.05,2.05,2500,2.1,2500,0,515000
AMBUJACEM30JAN20210CE.NFO,07/01/2020,09:28:57,2.05,2.05,7500,2.1,2500,0,515000
AMBUJACEM30JAN20210CE.NFO,07/01/2020,09:29:03,2.1,2.05,7500,2.15,2500,2500,515000
AMBUJACEM30JAN20210CE.NFO,07/01/2020,09:29:10,2.1,2.1,5000,2.25,2500,0,515000
AMBUJACEM30JAN20210CE.NFO,07/01/2020,09:29:15,2.1,2.1,5000,2.2,2500,0,515000
AMBUJACEM30JAN20210CE.NFO,07/01/2020,09:29:27,2.1,2.05,7500,2.2,7500,0,515000
AMBUJACEM30JAN20210CE.NFO,07/01/2020,09:29:39,2.1,2.05,10000,2.15,2500,0,515000
AMBUJACEM30JAN20210CE.NFO,07/01/2020,09:29:46,2.1,2.05,10000,2.2,5000,0,515000
AMBUJACEM30JAN20210CE.NFO,07/01/2020,09:29:52,2.1,2.05,7500,2.15,2500,0,515000
AMBUJACEM30JAN20210CE.NFO,07/01/2020,09:29:58,2.15,2.05,2500,2.2,10000,2500,512500
AMBUJACEM30JAN20210CE.NFO,07/01/2020,09:30:04,2.15,2.05,2500,2.2,10000,0,512500
AMBUJACEM30JAN20210CE.NFO,07/01/2020,09:30:17,2.15,2.05,10000,2.2,5000,0,512500
AMBUJACEM30JAN20210CE.NFO,07/01/2020,09:30:24,2.15,2.1,2500,2.2,5000,0,512500
AMBUJACEM30JAN20210CE.NFO,07/01/2020,09:30:35,2.15,2.1,7500,2.2,2500,0,512500
AMBUJACEM30JAN20210CE.NFO,07/01/2020,09:30:40,2.15,2.15,7500,2.3,2500,0,512500
AMBUJACEM30JAN20210CE.NFO,07/01/2020,09:30:46,2.15,2.15,2500,2.25,2500,0,512500
AMBUJACEM30JAN20210CE.NFO,07/01/2020,09:30:56,2.15,2.15,5000,2.3,5000,0,512500
AMBUJACEM30JAN20210CE.NFO,07/01/2020,09:31:01,2.15,2.15,5000,2.3,2500,0,512500
AMBUJACEM30JAN20210CE.NFO,07/01/2020,09:31:08,2.15,2.2,2500,2.3,2500,0,512500
AMBUJACEM30JAN20210CE.NFO,07/01/2020,09:31:14,2.15,2.2,2500,2.3,5000,0,512500
AMBUJACEM30JAN20210CE.NFO,07/01/2020,09:31:20,2.15,2.2,5000,2.3,7500,0,512500
AMBUJACEM30JAN20210CE.NFO,07/01/2020,09:31:26,2.15,2.2,2500,2.25,2500,0,512500
AMBUJACEM30JAN20210CE.NFO,07/01/2020,09:31:32,2.2,2.1,10000,2.25,7500,2500,512500
AMBUJACEM30JAN20210CE.NFO,07/01/2020,09:31:37,2.2,2.1,12500,2.2,2500,0,512500
AMBUJACEM30JAN20210CE.NFO,07/01/2020,09:31:43,2.2,2.15,2500,2.25,5000,2500,512500
AMBUJACEM30JAN20210CE.NFO,07/01/2020,09:31:48,2.2,2.2,2500,2.3,7500,0,512500
AMBUJACEM30JAN20210CE.NFO,07/01/2020,09:32:07,2.2,2.2,2500,2.3,5000,0,512500
AMBUJACEM30JAN20210CE.NFO,07/01/2020,09:32:17,2.2,2.2,2500,2.3,2500,0,512500
AMBUJACEM30JAN20210CE.NFO,07/01/2020,09:32:24,2.2,2.25,2500,2.35,7500,0,512500
AMBUJACEM30JAN20210CE.NFO,07/01/2020,09:32:30,2.2,2.25,5000,2.35,2500,0,512500
AMBUJACEM30JAN20210CE.NFO,07/01/2020,09:32:48,2.2,2.3,2500,2.4,2500,0,512500
AMBUJACEM30JAN20210CE.NFO,07/01/2020,09:32:59,2.2,2.3,2500,2.4,5000,0,512500
AMBUJACEM30JAN20210CE.NFO,07/01/2020,09:33:04,2.2,2.25,2500,2.4,7500,0,512500
AMBUJACEM30JAN20210CE.NFO,07/01/2020,09:33:21,2.2,2.2,2500,2.35,7500,0,512500
AMBUJACEM30JAN20210CE.NFO,07/01/2020,09:33:27,2.2,2.2,5000,2.35,7500,0,512500
AMBUJACEM30JAN20210CE.NFO,07/01/2020,09:33:32,2.2,2.2,5000,2.35,5000,0,512500
AMBUJACEM30JAN20210CE.NFO,07/01/2020,09:33:38,2.2,2.2,2500,2.35,2500,0,512500
AMBUJACEM30JAN20210CE.NFO,07/01/2020,09:33:54,2.2,2.2,2500,2.35,5000,0,512500
AMBUJACEM30JAN20210CE.NFO,07/01/2020,09:33:58,2.2,2.2,2500,2.3,2500,0,512500
AMBUJACEM30JAN20210CE.NFO,07/01/2020,09:34:09,2.2,2.2,2500,2.35,2500,0,512500
AMBUJACEM30JAN20210CE.NFO,07/01/2020,09:34:14,2.2,2.2,2500,2.35,5000,0,512500
AMBUJACEM30JAN20210CE.NFO,07/01/2020,09:34:24,2.2,2.2,2500,2.35,7500,0,512500
AMBUJACEM30JAN20210CE.NFO,07/01/2020,09:34:29,2.2,2.15,7500,2.3,2500,0,512500
AMBUJACEM30JAN20210CE.NFO,07/01/2020,09:34:45,2.2,2.2,2500,2.3,5000,0,512500
AMBUJACEM30JAN20210CE.NFO,07/01/2020,09:35:14,2.2,2.2,2500,2.3,2500,0,512500
AMBUJACEM30JAN20210CE.NFO,07/01/2020,09:35:19,2.2,2.2,2500,2.35,10000,0,512500
AMBUJACEM30JAN20210CE.NFO,07/01/2020,09:35:30,2.2,2.2,2500,2.3,2500,0,512500
AMBUJACEM30JAN20210CE.NFO,07/01/2020,09:35:35,2.2,2.15,5000,2.3,5000,0,512500
AMBUJACEM30JAN20210CE.NFO,07/01/2020,09:35:41,2.2,2.15,5000,2.25,2500,0,512500
AMBUJACEM30JAN20210CE.NFO,07/01/2020,09:35:48,2.2,2.1,7500,2.25,5000,0,512500
AMBUJACEM30JAN20210CE.NFO,07/01/2020,09:36:02,2.2,2.25,2500,2.35,5000,0,512500
AMBUJACEM30JAN20210CE.NFO,07/01/2020,09:36:08,2.2,2.2,2500,2.3,2500,0,512500
AMBUJACEM30JAN20210CE.NFO,07/01/2020,09:36:13,2.2,2.25,2500,2.3,2500,0,512500
AMBUJACEM30JAN20210CE.NFO,07/01/2020,09:36:50,2.2,2.3,2500,2.4,5000,0,512500
AMBUJACEM30JAN20210CE.NFO,07/01/2020,09:37:06,2.2,2.25,2500,2.4,5000,0,512500
AMBUJACEM30JAN20210CE.NFO,07/01/2020,09:37:10,2.2,2.25,2500,2.35,2500,0,512500
AMBUJACEM30JAN20210CE.NFO,07/01/2020,09:37:30,2.2,2.25,2500,2.4,10000,0,512500
AMBUJACEM30JAN20210CE.NFO,07/01/2020,09:37:35,2.2,2.25,2500,2.35,2500,0,512500
AMBUJACEM30JAN20210CE.NFO,07/01/2020,09:37:54,2.2,2.25,2500,2.35,5000,0,512500
AMBUJACEM30JAN20210CE.NFO,07/01/2020,09:37:59,2.2,2.25,2500,2.35,7500,0,512500
AMBUJACEM30JAN20210CE.NFO,07/01/2020,09:38:03,2.35,2.3,10000,2.45,5000,2500,512500
AMBUJACEM30JAN20210CE.NFO,07/01/2020,09:38:08,2.35,2.3,10000,2.45,2500,0,512500
AMBUJACEM30JAN20210CE.NFO,07/01/2020,09:38:13,2.35,2.35,2500,2.5,10000,0,512500
AMBUJACEM30JAN20210CE.NFO,07/01/2020,09:38:18,2.35,2.35,5000,2.5,10000,0,512500
AMBUJACEM30JAN20210CE.NFO,07/01/2020,09:38:23,2.35,2.35,5000,2.45,2500,0,512500
AMBUJACEM30JAN20210CE.NFO,07/01/2020,09:38:27,2.35,2.35,5000,2.5,10000,0,512500
AMBUJACEM30JAN20210CE.NFO,07/01/2020,09:38:36,2.35,2.35,7500,2.5,5000,0,512500
AMBUJACEM30JAN20210CE.NFO,07/01/2020,09:38:41,2.35,2.35,10000,2.5,5000,0,512500
AMBUJACEM30JAN20210CE.NFO,07/01/2020,09:38:51,2.45,2.35,10000,2.5,7500,2500,512500
AMBUJACEM30JAN20210CE.NFO,07/01/2020,09:38:55,2.45,2.45,2500,2.5,5000,0,512500
AMBUJACEM30JAN20210CE.NFO,07/01/2020,09:39:00,2.45,2.45,2500,2.5,2500,0,512500
AMBUJACEM30JAN20210CE.NFO,07/01/2020,09:39:25,2.45,2.4,10000,2.5,2500,0,512500
AMBUJACEM30JAN20210CE.NFO,07/01/2020,09:39:31,2.45,2.4,5000,2.5,2500,0,512500
AMBUJACEM30JAN20210CE.NFO,07/01/2020,09:39:40,2.45,2.4,5000,2.5,5000,0,512500
AMBUJACEM30JAN20210CE.NFO,07/01/2020,09:39:50,2.45,2.45,2500,2.5,2500,0,512500
AMBUJACEM30JAN20210CE.NFO,07/01/2020,09:40:04,2.45,2.45,2500,2.5,5000,2500,512500
AMBUJACEM30JAN20210CE.NFO,07/01/2020,09:40:10,2.45,2.45,2500,2.5,2500,0,512500
AMBUJACEM30JAN20210CE.NFO,07/01/2020,09:40:15,2.45,2.4,2500,2.5,2500,0,512500
AMBUJACEM30JAN20210CE.NFO,07/01/2020,09:40:21,2.45,2.4,2500,2.45,2500,0,512500
AMBUJACEM30JAN20210CE.NFO,07/01/2020,09:40:51,2.45,2.4,2500,2.45,5000,0,512500
AMBUJACEM30JAN20210CE.NFO,07/01/2020,09:40:56,2.45,2.35,2500,2.45,7500,0,512500
AMBUJACEM30JAN20210CE.NFO,07/01/2020,09:41:01,2.45,2.35,5000,2.45,2500,2500,512500
AMBUJACEM30JAN20210CE.NFO,07/01/2020,09:41:06,2.45,2.35,5000,2.45,2500,0,512500
AMBUJACEM30JAN20210CE.NFO,07/01/2020,09:41:16,2.45,2.4,2500,2.5,7500,0,512500
AMBUJACEM30JAN20210CE.NFO,07/01/2020,09:41:40,2.45,2.35,5000,2.5,5000,0,512500
AMBUJACEM30JAN20210CE.NFO,07/01/2020,09:41:45,2.45,2.4,2500,2.5,7500,0,512500
AMBUJACEM30JAN20210CE.NFO,07/01/2020,09:41:50,2.45,2.35,7500,2.5,7500,0,512500
AMBUJACEM30JAN20210CE.NFO,07/01/2020,09:41:56,2.45,2.4,2500,2.5,10000,0,512500
AMBUJACEM30JAN20210CE.NFO,07/01/2020,09:42:02,2.45,2.35,5000,2.45,2500,2500,515000
AMBUJACEM30JAN20210CE.NFO,07/01/2020,09:42:09,2.45,2.35,5000,2.5,7500,0,515000
AMBUJACEM30JAN20210CE.NFO,07/01/2020,09:42:16,2.45,2.4,2500,2.5,7500,0,515000
AMBUJACEM30JAN20210CE.NFO,07/01/2020,09:42:37,2.45,2.45,2500,2.5,7500,0,515000
AMBUJACEM30JAN20210CE.NFO,07/01/2020,09:42:43,2.45,2.4,5000,2.5,7500,0,515000
AMBUJACEM30JAN20210CE.NFO,07/01/2020,09:42:49,2.45,2.4,2500,2.5,12500,0,515000
AMBUJACEM30JAN20210CE.NFO,07/01/2020,09:42:55,2.45,2.35,2500,2.45,10000,0,515000
AMBUJACEM30JAN20210CE.NFO,07/01/2020,09:43:42,2.45,2.35,2500,2.4,7500,0,515000
AMBUJACEM30JAN20210CE.NFO,07/01/2020,09:43:48,2.45,2.3,2500,2.4,10000,0,515000
AMBUJACEM30JAN20210CE.NFO,07/01/2020,09:43:52,2.45,2.3,5000,2.4,10000,0,515000
AMBUJACEM30JAN20210CE.NFO,07/01/2020,09:43:58,2.45,2.3,2500,2.4,10000,0,515000
AMBUJACEM30JAN20210CE.NFO,07/01/2020,09:44:30,2.45,2.3,2500,2.35,5000,0,515000
AMBUJACEM30JAN20210CE.NFO,07/01/2020,09:44:36,2.45,2.3,2500,2.4,7500,0,515000
AMBUJACEM30JAN20210CE.NFO,07/01/2020,09:44:41,2.45,2.3,2500,2.35,2500,0,515000
AMBUJACEM30JAN20210CE.NFO,07/01/2020,09:44:47,2.45,2.3,2500,2.35,7500,0,515000
AMBUJACEM30JAN20210CE.NFO,07/01/2020,09:44:58,2.3,2.2,2500,2.25,2500,2500,512500
AMBUJACEM30JAN20210CE.NFO,07/01/2020,09:45:03,2.3,2.2,5000,2.3,10000,0,512500
AMBUJACEM30JAN20210CE.NFO,07/01/2020,09:45:08,2.3,2.25,2500,2.35,10000,0,512500
AMBUJACEM30JAN20210CE.NFO,07/01/2020,09:45:21,2.3,2.25,2500,2.35,5000,0,512500
AMBUJACEM30JAN20210CE.NFO,07/01/2020,09:45:27,2.3,2.25,2500,2.35,2500,0,512500
AMBUJACEM30JAN20210CE.NFO,07/01/2020,09:45:37,2.3,2.25,2500,2.4,5000,0,512500
AMBUJACEM30JAN20210CE.NFO,07/01/2020,09:45:50,2.3,2.3,2500,2.4,5000,0,512500
AMBUJACEM30JAN20210CE.NFO,07/01/2020,09:46:00,2.3,2.3,2500,2.4,2500,0,512500
AMBUJACEM30JAN20210CE.NFO,07/01/2020,09:46:09,2.3,2.25,2500,2.4,5000,0,512500
AMBUJACEM30JAN20210CE.NFO,07/01/2020,09:46:29,2.3,2.3,2500,2.4,10000,0,512500
AMBUJACEM30JAN20210CE.NFO,07/01/2020,09:46:35,2.3,2.25,2500,2.4,10000,2500,512500
AMBUJACEM30JAN20210CE.NFO,07/01/2020,09:46:50,2.3,2.25,2500,2.35,2500,0,512500
AMBUJACEM30JAN20210CE.NFO,07/01/2020,09:47:21,2.3,2.25,5000,2.35,2500,0,512500
AMBUJACEM30JAN20210CE.NFO,07/01/2020,09:47:42,2.3,2.3,2500,2.4,10000,0,512500
AMBUJACEM30JAN20210CE.NFO,07/01/2020,09:47:48,2.3,2.25,5000,2.35,2500,0,512500
AMBUJACEM30JAN20210CE.NFO,07/01/2020,09:47:52,2.35,2.25,5000,2.4,10000,2500,507500
AMBUJACEM30JAN20210CE.NFO,07/01/2020,09:47:56,2.35,2.25,5000,2.4,10000,0,507500
AMBUJACEM30JAN20210CE.NFO,07/01/2020,09:48:01,2.35,2.3,2500,2.4,10000,0,507500
AMBUJACEM30JAN20210CE.NFO,07/01/2020,09:48:06,2.35,2.25,5000,2.4,10000,0,507500
AMBUJACEM30JAN20210CE.NFO,07/01/2020,09:48:11,2.35,2.25,2500,2.4,10000,0,507500
AMBUJACEM30JAN20210CE.NFO,07/01/2020,09:48:14,2.35,2.3,2500,2.4,10000,0,507500
AMBUJACEM30JAN20210CE.NFO,07/01/2020,09:48:34,2.35,2.25,5000,2.4,10000,0,507500
AMBUJACEM30JAN20210CE.NFO,07/01/2020,09:48:40,2.35,2.25,2500,2.4,10000,0,507500
AMBUJACEM30JAN20210CE.NFO,07/01/2020,09:48:44,2.35,2.25,2500,2.35,5000,0,507500
AMBUJACEM30JAN20210CE.NFO,07/01/2020,09:48:56,2.35,2.25,2500,2.35,2500,0,507500
AMBUJACEM30JAN20210CE.NFO,07/01/2020,09:49:05,2.35,2.25,2500,2.35,7500,0,507500
AMBUJACEM30JAN20210CE.NFO,07/01/2020,09:49:17,2.35,2.3,5000,2.45,10000,2500,507500
AMBUJACEM30JAN20210CE.NFO,07/01/2020,09:49:31,2.35,2.3,2500,2.4,7500,0,507500
AMBUJACEM30JAN20210CE.NFO,07/01/2020,09:49:42,2.35,2.25,5000,2.35,2500,0,507500
AMBUJACEM30JAN20210CE.NFO,07/01/2020,09:49:59,2.35,2.3,2500,2.35,2500,0,507500
AMBUJACEM30JAN20210CE.NFO,07/01/2020,09:50:22,2.35,2.25,5000,2.35,2500,0,507500
AMBUJACEM30JAN20210CE.NFO,07/01/2020,09:50:32,2.35,2.25,7500,2.35,2500,0,507500
AMBUJACEM30JAN20210CE.NFO,07/01/2020,09:50:50,2.35,2.3,2500,2.4,12500,2500,510000
AMBUJACEM30JAN20210CE.NFO,07/01/2020,09:50:59,2.35,2.3,2500,2.4,10000,0,510000
AMBUJACEM30JAN20210CE.NFO,07/01/2020,09:51:08,2.35,2.3,2500,2.4,12500,0,510000
AMBUJACEM30JAN20210CE.NFO,07/01/2020,09:51:34,2.35,2.25,7500,2.4,15000,0,510000
AMBUJACEM30JAN20210CE.NFO,07/01/2020,09:51:43,2.35,2.25,7500,2.35,2500,0,510000
AMBUJACEM30JAN20210CE.NFO,07/01/2020,09:51:50,2.35,2.25,7500,2.35,5000,0,510000
AMBUJACEM30JAN20210CE.NFO,07/01/2020,09:52:10,2.35,2.25,2500,2.35,7500,0,510000
AMBUJACEM30JAN20210CE.NFO,07/01/2020,09:52:15,2.35,2.25,2500,2.3,5000,0,510000
AMBUJACEM30JAN20210CE.NFO,07/01/2020,09:52:24,2.25,2.2,5000,2.3,7500,2500,510000
AMBUJACEM30JAN20210CE.NFO,07/01/2020,09:52:29,2.25,2.2,2500,2.25,5000,0,510000
AMBUJACEM30JAN20210CE.NFO,07/01/2020,09:52:56,2.25,2.2,2500,2.25,7500,0,510000
AMBUJACEM30JAN20210CE.NFO,07/01/2020,09:53:03,2.2,2.1,5000,2.2,2500,2500,510000
AMBUJACEM30JAN20210CE.NFO,07/01/2020,09:53:09,2.2,2.05,2500,2.15,2500,0,510000
AMBUJACEM30JAN20210CE.NFO,07/01/2020,09:53:19,2.2,2.05,2500,2.15,5000,0,510000
AMBUJACEM30JAN20210CE.NFO,07/01/2020,09:53:28,2.2,2.05,2500,2.15,2500,0,510000
AMBUJACEM30JAN20210CE.NFO,07/01/2020,09:53:32,2.2,2.05,2500,2.15,7500,0,510000
AMBUJACEM30JAN20210CE.NFO,07/01/2020,09:53:37,2.2,2.05,2500,2.15,5000,0,510000
AMBUJACEM30JAN20210CE.NFO,07/01/2020,09:53:41,2.2,2.05,2500,2.15,7500,0,510000
AMBUJACEM30JAN20210CE.NFO,07/01/2020,09:54:04,2.2,2.05,2500,2.1,2500,0,510000
AMBUJACEM30JAN20210CE.NFO,07/01/2020,09:54:10,2.2,2.05,2500,2.15,12500,0,510000
AMBUJACEM30JAN20210CE.NFO,07/01/2020,09:54:14,2.2,2.05,2500,2.15,10000,0,510000
AMBUJACEM30JAN20210CE.NFO,07/01/2020,09:54:29,2.2,2.05,2500,2.1,2500,0,510000
AMBUJACEM30JAN20210CE.NFO,07/01/2020,09:55:03,2.2,2.05,2500,2.15,10000,0,510000
AMBUJACEM30JAN20210CE.NFO,07/01/2020,09:55:13,2.2,2.05,2500,2.15,7500,0,510000
AMBUJACEM30JAN20210CE.NFO,07/01/2020,09:55:18,2.2,2.05,5000,2.15,7500,0,510000
AMBUJACEM30JAN20210CE.NFO,07/01/2020,09:55:27,2.2,2.05,2500,2.15,7500,0,510000
AMBUJACEM30JAN20210CE.NFO,07/01/2020,09:55:31,2.1,2.05,2500,2.15,7500,2500,510000
AMBUJACEM30JAN20210CE.NFO,07/01/2020,09:55:39,2.1,2.05,2500,2.15,7500,0,510000
AMBUJACEM30JAN20210CE.NFO,07/01/2020,09:55:44,2.1,2.05,5000,2.15,7500,0,510000
AMBUJACEM30JAN20210CE.NFO,07/01/2020,09:55:49,2.1,2.05,2500,2.15,7500,0,510000
AMBUJACEM30JAN20210CE.NFO,07/01/2020,09:56:07,2.1,2.05,2500,2.15,10000,0,510000
AMBUJACEM30JAN20210CE.NFO,07/01/2020,09:56:17,2.1,2.05,2500,2.15,7500,0,510000
AMBUJACEM30JAN20210CE.NFO,07/01/2020,09:56:49,2.1,2.05,2500,2.1,2500,0,510000
AMBUJACEM30JAN20210CE.NFO,07/01/2020,09:57:02,2.1,2,2500,2.1,5000,0,510000
AMBUJACEM30JAN20210CE.NFO,07/01/2020,09:57:07,2.1,2.05,2500,2.1,5000,0,510000
AMBUJACEM30JAN20210CE.NFO,07/01/2020,09:57:11,2.1,2,2500,2.1,5000,0,510000
AMBUJACEM30JAN20210CE.NFO,07/01/2020,09:57:24,2.1,2,2500,2.1,10000,0,510000
AMBUJACEM30JAN20210CE.NFO,07/01/2020,09:57:28,2.1,2,2500,2.1,5000,0,510000
AMBUJACEM30JAN20210CE.NFO,07/01/2020,09:57:41,2.1,2,2500,2.1,2500,2500,510000
AMBUJACEM30JAN20210CE.NFO,07/01/2020,09:57:46,2.1,2.05,2500,2.1,2500,0,510000
AMBUJACEM30JAN20210CE.NFO,07/01/2020,09:57:53,2.1,2,5000,2.1,2500,0,510000
AMBUJACEM30JAN20210CE.NFO,07/01/2020,09:58:02,2.1,2.05,2500,2.1,2500,0,510000
AMBUJACEM30JAN20210CE.NFO,07/01/2020,09:58:25,2.1,2,5000,2.1,2500,0,510000
AMBUJACEM30JAN20210CE.NFO,07/01/2020,09:58:29,2.1,2.05,2500,2.1,2500,0,510000
AMBUJACEM30JAN20210CE.NFO,07/01/2020,09:58:34,2.1,2.05,2500,2.15,10000,0,510000
AMBUJACEM30JAN20210CE.NFO,07/01/2020,09:58:38,2.1,2.05,5000,2.15,5000,0,510000
AMBUJACEM30JAN20210CE.NFO,07/01/2020,09:58:43,2.1,2.05,2500,2.15,5000,0,510000
AMBUJACEM30JAN20210CE.NFO,07/01/2020,09:58:48,2.1,2,5000,2.1,2500,0,510000
AMBUJACEM30JAN20210CE.NFO,07/01/2020,09:59:09,2.1,2.05,2500,2.15,7500,2500,510000
AMBUJACEM30JAN20210CE.NFO,07/01/2020,09:59:14,2.1,2.05,2500,2.15,7500,0,510000
AMBUJACEM30JAN20210CE.NFO,07/01/2020,09:59:32,2.1,2.05,2500,2.15,10000,0,510000
AMBUJACEM30JAN20210CE.NFO,07/01/2020,09:59:42,2.1,2.05,2500,2.15,7500,0,510000
AMBUJACEM30JAN20210CE.NFO,07/01/2020,09:59:51,2.1,2.05,5000,2.15,7500,0,510000
AMBUJACEM30JAN20210CE.NFO,07/01/2020,10:00:08,2.1,2.05,2500,2.1,2500,0,510000
AMBUJACEM30JAN20210CE.NFO,07/01/2020,10:00:13,2.1,2.05,5000,2.15,7500,0,510000
AMBUJACEM30JAN20210CE.NFO,07/01/2020,10:00:32,2.1,2.05,5000,2.1,2500,0,510000
AMBUJACEM30JAN20210CE.NFO,07/01/2020,10:00:52,2.1,2.05,2500,2.15,7500,0,510000
AMBUJACEM30JAN20210CE.NFO,07/01/2020,10:00:58,2.1,2.05,2500,2.1,2500,0,510000
AMBUJACEM30JAN20210CE.NFO,07/01/2020,10:01:04,2.1,2.05,5000,2.15,10000,0,510000
AMBUJACEM30JAN20210CE.NFO,07/01/2020,10:01:10,2.1,2.05,5000,2.15,7500,0,510000
AMBUJACEM30JAN20210CE.NFO,07/01/2020,10:01:34,2.1,2.05,5000,2.15,5000,0,510000
AMBUJACEM30JAN20210CE.NFO,07/01/2020,10:02:12,2.1,2.05,5000,2.15,7500,0,510000
AMBUJACEM30JAN20210CE.NFO,07/01/2020,10:02:18,2.1,2.05,2500,2.15,7500,0,510000
AMBUJACEM30JAN20210CE.NFO,07/01/2020,10:03:33,2.1,2,7500,2.15,7500,0,510000
AMBUJACEM30JAN20210CE.NFO,07/01/2020,10:03:38,2.1,2.05,2500,2.15,7500,0,510000
AMBUJACEM30JAN20210CE.NFO,07/01/2020,10:03:57,2.1,2,7500,2.1,2500,0,510000
AMBUJACEM30JAN20210CE.NFO,07/01/2020,10:04:15,2.1,2,5000,2.1,7500,0,510000
AMBUJACEM30JAN20210CE.NFO,07/01/2020,10:04:32,2.1,2,7500,2.1,7500,0,510000
AMBUJACEM30JAN20210CE.NFO,07/01/2020,10:04:53,2.1,2.05,2500,2.15,10000,0,510000
AMBUJACEM30JAN20210CE.NFO,07/01/2020,10:05:02,2.1,2,5000,2.1,5000,0,510000
AMBUJACEM30JAN20210CE.NFO,07/01/2020,10:05:30,2.1,2,5000,2.1,7500,0,510000
AMBUJACEM30JAN20210CE.NFO,07/01/2020,10:05:36,2,1.95,2500,2.05,5000,2500,512500
AMBUJACEM30JAN20210CE.NFO,07/01/2020,10:05:42,2,1.95,2500,2,2500,0,512500
AMBUJACEM30JAN20210CE.NFO,07/01/2020,10:07:13,2,1.95,5000,2,2500,0,512500
AMBUJACEM30JAN20210CE.NFO,07/01/2020,10:07:17,1.95,1.95,5000,2,2500,2500,512500
AMBUJACEM30JAN20210CE.NFO,07/01/2020,10:07:17,1.95,1.95,5000,2,2500,0,512500
AMBUJACEM30JAN20210CE.NFO,07/01/2020,10:07:28,1.95,1.95,2500,2,2500,5000,512500
AMBUJACEM30JAN20210CE.NFO,07/01/2020,10:07:33,1.95,1.95,2500,2,2500,0,512500
AMBUJACEM30JAN20210CE.NFO,07/01/2020,10:08:17,1.95,1.9,10000,2,2500,0,512500
AMBUJACEM30JAN20210CE.NFO,07/01/2020,10:08:23,2,1.95,7500,2.05,5000,2500,512500
AMBUJACEM30JAN20210CE.NFO,07/01/2020,10:08:27,2,1.95,7500,2.05,5000,0,512500
AMBUJACEM30JAN20210CE.NFO,07/01/2020,10:08:37,2,1.95,7500,2.05,2500,0,512500
AMBUJACEM30JAN20210CE.NFO,07/01/2020,10:08:42,2,1.95,10000,2.05,2500,0,512500
AMBUJACEM30JAN20210CE.NFO,07/01/2020,10:08:51,2,1.95,7500,2.05,2500,0,512500
AMBUJACEM30JAN20210CE.NFO,07/01/2020,10:08:59,2,2,5000,2.1,7500,0,512500
AMBUJACEM30JAN20210CE.NFO,07/01/2020,10:09:21,2,2,5000,2.1,10000,0,512500
AMBUJACEM30JAN20210CE.NFO,07/01/2020,10:09:26,2,2,5000,2.1,7500,0,512500
AMBUJACEM30JAN20210CE.NFO,07/01/2020,10:09:39,2,1.95,5000,2.05,5000,0,512500
AMBUJACEM30JAN20210CE.NFO,07/01/2020,10:09:56,2,2,2500,2.1,7500,0,512500
AMBUJACEM30JAN20210CE.NFO,07/01/2020,10:11:14,2,2,7500,2.1,5000,0,512500
AMBUJACEM30JAN20210CE.NFO,07/01/2020,10:11:22,2,2,5000,2.1,5000,0,512500
AMBUJACEM30JAN20210CE.NFO,07/01/2020,10:11:30,2,2,5000,2.1,7500,0,512500
AMBUJACEM30JAN20210CE.NFO,07/01/2020,10:11:38,2,2,5000,2.1,5000,0,512500
AMBUJACEM30JAN20210CE.NFO,07/01/2020,10:12:41,2,2,5000,2.1,7500,0,512500
AMBUJACEM30JAN20210CE.NFO,07/01/2020,10:13:57,2,2,7500,2.1,7500,0,512500
AMBUJACEM30JAN20210CE.NFO,07/01/2020,10:14:17,2,2,5000,2.1,7500,0,512500
AMBUJACEM30JAN20210CE.NFO,07/01/2020,10:14:22,2,2,5000,2.1,5000,0,512500
AMBUJACEM30JAN20210CE.NFO,07/01/2020,10:14:37,2,2,5000,2.1,7500,0,512500
AMBUJACEM30JAN20210CE.NFO,07/01/2020,10:15:16,2,2,5000,2.1,5000,0,512500
AMBUJACEM30JAN20210CE.NFO,07/01/2020,10:16:15,2,2.05,2500,2.1,5000,0,512500
AMBUJACEM30JAN20210CE.NFO,07/01/2020,10:16:18,2,2.05,2500,2.1,2500,0,512500
AMBUJACEM30JAN20210CE.NFO,07/01/2020,10:16:26,2,2,2500,2.1,5000,0,512500
AMBUJACEM30JAN20210CE.NFO,07/01/2020,10:17:00,2,2,5000,2.1,5000,0,512500
AMBUJACEM30JAN20210CE.NFO,07/01/2020,10:17:19,2,2,2500,2.1,5000,0,512500
AMBUJACEM30JAN20210CE.NFO,07/01/2020,10:19:23,2,2,5000,2.1,5000,0,512500
AMBUJACEM30JAN20210CE.NFO,07/01/2020,10:19:42,2,2,2500,2.1,10000,0,512500
AMBUJACEM30JAN20210CE.NFO,07/01/2020,10:19:51,2,2.05,2500,2.1,5000,0,512500
AMBUJACEM30JAN20210CE.NFO,07/01/2020,10:20:14,2,2,5000,2.1,5000,0,512500
AMBUJACEM30JAN20210CE.NFO,07/01/2020,10:20:34,2,2.05,2500,2.1,5000,0,512500
AMBUJACEM30JAN20210CE.NFO,07/01/2020,10:20:54,2,2.05,2500,2.1,2500,0,512500
AMBUJACEM30JAN20210CE.NFO,07/01/2020,10:21:16,2.1,2.05,5000,2.15,5000,2500,512500
AMBUJACEM30JAN20210CE.NFO,07/01/2020,10:21:20,2.1,2.1,2500,2.15,5000,0,512500
AMBUJACEM30JAN20210CE.NFO,07/01/2020,10:21:55,2.1,2.1,2500,2.15,7500,0,512500
AMBUJACEM30JAN20210CE.NFO,07/01/2020,10:21:59,2.1,2.05,2500,2.15,7500,0,512500
AMBUJACEM30JAN20210CE.NFO,07/01/2020,10:22:04,2.1,2.05,2500,2.15,10000,0,512500
AMBUJACEM30JAN20210CE.NFO,07/01/2020,10:22:38,2.1,2,2500,2.1,5000,0,512500
AMBUJACEM30JAN20210CE.NFO,07/01/2020,10:22:43,2.1,2,2500,2.1,7500,0,512500
AMBUJACEM30JAN20210CE.NFO,07/01/2020,10:23:10,2.1,2,2500,2.1,2500,0,512500
AMBUJACEM30JAN20210CE.NFO,07/01/2020,10:23:33,2.1,2,2500,2.1,7500,0,512500
AMBUJACEM30JAN20210CE.NFO,07/01/2020,10:23:58,2.1,2,2500,2.1,10000,0,512500
AMBUJACEM30JAN20210CE.NFO,07/01/2020,10:24:21,2.1,2,2500,2.1,7500,0,512500
AMBUJACEM30JAN20210CE.NFO,07/01/2020,10:24:26,2.1,2,5000,2.1,7500,0,512500
AMBUJACEM30JAN20210CE.NFO,07/01/2020,10:24:38,2.1,2.05,2500,2.1,10000,0,512500
AMBUJACEM30JAN20210CE.NFO,07/01/2020,10:24:45,2.05,2,2500,2.1,10000,2500,512500
AMBUJACEM30JAN20210CE.NFO,07/01/2020,10:24:59,2.05,2,2500,2.1,7500,0,512500
AMBUJACEM30JAN20210CE.NFO,07/01/2020,10:25:11,2.05,2,2500,2.1,10000,0,512500
AMBUJACEM30JAN20210CE.NFO,07/01/2020,10:26:15,2.05,1.95,5000,2.05,5000,0,512500
AMBUJACEM30JAN20210CE.NFO,07/01/2020,10:26:19,2.05,1.95,5000,2.05,2500,0,512500
AMBUJACEM30JAN20210CE.NFO,07/01/2020,10:26:23,2.05,1.95,5000,2.05,5000,0,512500
AMBUJACEM30JAN20210CE.NFO,07/01/2020,10:26:52,2.05,1.95,5000,2.05,7500,0,512500
AMBUJACEM30JAN20210CE.NFO,07/01/2020,10:26:56,2.05,1.95,5000,2.05,5000,0,512500
AMBUJACEM30JAN20210CE.NFO,07/01/2020,10:27:06,2.05,1.95,5000,2.05,2500,0,512500
AMBUJACEM30JAN20210CE.NFO,07/01/2020,10:27:10,2.05,2,2500,2.05,2500,0,512500
AMBUJACEM30JAN20210CE.NFO,07/01/2020,10:27:18,2.05,1.95,5000,2.05,2500,0,512500
AMBUJACEM30JAN20210CE.NFO,07/01/2020,10:28:08,2.05,1.95,5000,2.05,5000,0,512500
AMBUJACEM30JAN20210CE.NFO,07/01/2020,10:29:02,2.05,1.95,5000,2.05,2500,0,512500
AMBUJACEM30JAN20210CE.NFO,07/01/2020,10:29:41,2.05,1.95,5000,2.05,5000,0,512500
AMBUJACEM30JAN20210CE.NFO,07/01/2020,10:30:12,2.05,1.95,2500,2.05,2500,0,512500
AMBUJACEM30JAN20210CE.NFO,07/01/2020,10:30:16,2.05,1.95,5000,2.05,5000,0,512500
AMBUJACEM30JAN20210CE.NFO,07/01/2020,10:30:43,2.05,1.95,5000,2.05,2500,0,512500
AMBUJACEM30JAN20210CE.NFO,07/01/2020,10:30:50,2.05,1.95,2500,2.05,7500,0,512500
AMBUJACEM30JAN20210CE.NFO,07/01/2020,10:31:00,2.05,1.95,2500,2.05,5000,0,512500
AMBUJACEM30JAN20210CE.NFO,07/01/2020,10:31:23,2.05,1.95,5000,2.05,5000,0,512500
AMBUJACEM30JAN20210CE.NFO,07/01/2020,10:32:01,2.05,1.95,2500,2.05,5000,0,512500
AMBUJACEM30JAN20210CE.NFO,07/01/2020,10:32:14,2.05,1.9,12500,2,5000,0,512500
AMBUJACEM30JAN20210CE.NFO,07/01/2020,10:32:18,2.05,1.9,5000,1.95,2500,0,512500
AMBUJACEM30JAN20210CE.NFO,07/01/2020,10:32:43,2.05,1.9,10000,2,5000,0,512500
AMBUJACEM30JAN20210CE.NFO,07/01/2020,10:32:50,2.05,1.9,12500,2,5000,0,512500
AMBUJACEM30JAN20210CE.NFO,07/01/2020,10:32:54,2.05,1.9,12500,2,2500,0,512500
AMBUJACEM30JAN20210CE.NFO,07/01/2020,10:33:18,2.05,1.95,5000,2.05,5000,0,512500
AMBUJACEM30JAN20210CE.NFO,07/01/2020,10:33:26,2.05,1.95,7500,2.05,5000,0,512500
AMBUJACEM30JAN20210CE.NFO,07/01/2020,10:34:02,2.05,1.95,5000,2.05,5000,0,512500
AMBUJACEM30JAN20210CE.NFO,07/01/2020,10:34:13,1.95,1.95,2500,2.05,5000,2500,512500
AMBUJACEM30JAN20210CE.NFO,07/01/2020,10:35:06,1.95,1.95,7500,2.05,5000,0,512500
AMBUJACEM30JAN20210CE.NFO,07/01/2020,10:35:19,1.95,1.95,7500,2,2500,0,512500
AMBUJACEM30JAN20210CE.NFO,07/01/2020,10:35:58,1.95,1.95,5000,2,2500,0,512500
AMBUJACEM30JAN20210CE.NFO,07/01/2020,10:38:13,1.95,1.9,10000,1.95,2500,0,512500
AMBUJACEM30JAN20210CE.NFO,07/01/2020,10:38:15,1.95,1.9,12500,1.95,2500,0,512500
AMBUJACEM30JAN20210CE.NFO,07/01/2020,10:38:56,1.95,1.9,12500,2,7500,2500,512500
AMBUJACEM30JAN20210CE.NFO,07/01/2020,10:39:07,1.95,1.9,12500,2,7500,0,512500
AMBUJACEM30JAN20210CE.NFO,07/01/2020,10:40:01,1.95,1.9,10000,2,7500,0,512500
AMBUJACEM30JAN20210CE.NFO,07/01/2020,10:40:04,1.95,1.9,12500,2,7500,0,512500
AMBUJACEM30JAN20210CE.NFO,07/01/2020,10:40:24,1.95,1.95,2500,2,7500,0,512500
AMBUJACEM30JAN20210CE.NFO,07/01/2020,10:42:24,2,1.95,2500,2,5000,2500,515000
AMBUJACEM30JAN20210CE.NFO,07/01/2020,10:42:42,2,1.95,2500,2,5000,0,515000
AMBUJACEM30JAN20210CE.NFO,07/01/2020,10:43:55,1.95,1.9,7500,2,5000,2500,515000
AMBUJACEM30JAN20210CE.NFO,07/01/2020,10:44:27,1.95,1.9,7500,2,5000,0,515000
AMBUJACEM30JAN20210CE.NFO,07/01/2020,10:44:57,1.95,1.9,7500,1.95,2500,0,515000
AMBUJACEM30JAN20210CE.NFO,07/01/2020,10:45:02,1.95,1.9,7500,2,5000,0,515000
AMBUJACEM30JAN20210CE.NFO,07/01/2020,10:45:06,1.95,1.9,5000,2,5000,0,515000
AMBUJACEM30JAN20210CE.NFO,07/01/2020,10:45:32,1.95,1.9,5000,1.95,2500,0,515000
AMBUJACEM30JAN20210CE.NFO,07/01/2020,10:45:53,1.95,1.9,10000,1.95,2500,0,515000
AMBUJACEM30JAN20210CE.NFO,07/01/2020,10:48:37,1.95,1.9,7500,1.95,2500,0,515000
AMBUJACEM30JAN20210CE.NFO,07/01/2020,10:49:10,1.9,1.9,5000,1.95,2500,2500,512500
AMBUJACEM30JAN20210CE.NFO,07/01/2020,10:49:10,1.9,1.9,5000,1.95,2500,0,512500
AMBUJACEM30JAN20210CE.NFO,07/01/2020,10:49:15,1.9,1.9,5000,1.95,2500,0,512500
AMBUJACEM30JAN20210CE.NFO,07/01/2020,10:49:19,1.9,1.9,2500,1.95,2500,0,512500
AMBUJACEM30JAN20210CE.NFO,07/01/2020,10:49:32,1.9,1.9,2500,1.95,5000,0,512500
AMBUJACEM30JAN20210CE.NFO,07/01/2020,10:50:07,1.9,1.9,2500,1.95,2500,0,512500
AMBUJACEM30JAN20210CE.NFO,07/01/2020,10:51:16,1.95,1.9,2500,2,5000,2500,512500
AMBUJACEM30JAN20210CE.NFO,07/01/2020,10:51:23,1.95,1.9,2500,2,5000,0,512500
AMBUJACEM30JAN20210CE.NFO,07/01/2020,10:52:28,1.95,1.9,5000,2,5000,0,512500
AMBUJACEM30JAN20210CE.NFO,07/01/2020,10:53:00,1.95,1.9,5000,1.95,2500,0,512500
AMBUJACEM30JAN20210CE.NFO,07/01/2020,10:53:43,1.95,1.9,5000,2,5000,0,512500
AMBUJACEM30JAN20210CE.NFO,07/01/2020,10:54:28,1.95,1.9,5000,2,2500,0,512500
AMBUJACEM30JAN20210CE.NFO,07/01/2020,10:54:53,1.95,1.9,7500,2,2500,0,512500
AMBUJACEM30JAN20210CE.NFO,07/01/2020,10:55:12,1.95,1.9,7500,2,5000,0,512500
AMBUJACEM30JAN20210CE.NFO,07/01/2020,10:55:41,1.95,1.9,7500,2,2500,0,512500
AMBUJACEM30JAN20210CE.NFO,07/01/2020,10:55:46,1.95,1.95,2500,2,2500,0,512500
AMBUJACEM30JAN20210CE.NFO,07/01/2020,10:55:56,1.95,1.95,2500,2,5000,0,512500
AMBUJACEM30JAN20210CE.NFO,07/01/2020,10:56:03,1.95,1.9,7500,2,2500,0,512500
AMBUJACEM30JAN20210CE.NFO,07/01/2020,10:56:08,1.95,1.9,7500,2,5000,0,512500
AMBUJACEM30JAN20210CE.NFO,07/01/2020,10:56:28,1.95,1.95,2500,2,5000,0,512500
AMBUJACEM30JAN20210CE.NFO,07/01/2020,10:58:30,1.95,1.9,7500,2,5000,2500,512500
AMBUJACEM30JAN20210CE.NFO,07/01/2020,10:58:35,1.95,1.9,7500,2,5000,0,512500
AMBUJACEM30JAN20210CE.NFO,07/01/2020,10:59:06,1.95,1.9,7500,1.95,2500,0,512500
AMBUJACEM30JAN20210CE.NFO,07/01/2020,10:59:18,1.95,1.9,5000,1.95,2500,0,512500
AMBUJACEM30JAN20210CE.NFO,07/01/2020,11:00:12,1.95,1.9,7500,1.95,5000,0,512500
AMBUJACEM30JAN20210CE.NFO,07/01/2020,11:00:25,1.95,1.9,5000,1.95,5000,0,512500
AMBUJACEM30JAN20210CE.NFO,07/01/2020,11:00:44,1.95,1.9,5000,1.95,7500,0,512500
AMBUJACEM30JAN20210CE.NFO,07/01/2020,11:01:39,1.95,1.9,5000,1.95,10000,0,512500
AMBUJACEM30JAN20210CE.NFO,07/01/2020,11:01:46,1.95,1.9,5000,1.95,7500,0,512500
AMBUJACEM30JAN20210CE.NFO,07/01/2020,11:02:01,1.95,1.9,5000,1.95,10000,0,512500
AMBUJACEM30JAN20210CE.NFO,07/01/2020,11:02:50,1.9,1.9,2500,1.95,10000,2500,512500
AMBUJACEM30JAN20210CE.NFO,07/01/2020,11:02:56,1.9,1.9,2500,1.95,10000,0,512500
AMBUJACEM30JAN20210CE.NFO,07/01/2020,11:03:14,1.9,1.85,2500,1.95,12500,2500,512500
AMBUJACEM30JAN20210CE.NFO,07/01/2020,11:03:20,1.9,1.85,2500,1.9,2500,0,512500
AMBUJACEM30JAN20210CE.NFO,07/01/2020,11:03:41,1.9,1.8,5000,1.9,7500,0,512500
AMBUJACEM30JAN20210CE.NFO,07/01/2020,11:03:48,1.9,1.8,5000,1.9,5000,0,512500
AMBUJACEM30JAN20210CE.NFO,07/01/2020,11:04:00,1.9,1.85,7500,1.95,12500,0,512500
AMBUJACEM30JAN20210CE.NFO,07/01/2020,11:04:05,1.9,1.85,5000,1.95,12500,0,512500
AMBUJACEM30JAN20210CE.NFO,07/01/2020,11:04:17,1.9,1.8,7500,1.9,2500,0,512500
AMBUJACEM30JAN20210CE.NFO,07/01/2020,11:04:23,1.9,1.8,5000,1.9,2500,0,512500
AMBUJACEM30JAN20210CE.NFO,07/01/2020,11:04:46,1.9,1.8,5000,1.9,5000,0,512500
AMBUJACEM30JAN20210CE.NFO,07/01/2020,11:04:52,1.9,1.8,2500,1.9,5000,0,512500
AMBUJACEM30JAN20210CE.NFO,07/01/2020,11:04:58,1.9,1.8,5000,1.9,5000,0,512500
AMBUJACEM30JAN20210CE.NFO,07/01/2020,11:05:03,1.9,1.8,2500,1.9,5000,0,512500
AMBUJACEM30JAN20210CE.NFO,07/01/2020,11:05:21,1.9,1.8,5000,1.9,5000,0,512500
AMBUJACEM30JAN20210CE.NFO,07/01/2020,11:06:04,1.9,1.8,2500,1.9,5000,0,512500
AMBUJACEM30JAN20210CE.NFO,07/01/2020,11:06:10,1.9,1.85,2500,1.95,12500,0,512500
AMBUJACEM30JAN20210CE.NFO,07/01/2020,11:06:43,1.9,1.8,10000,1.9,2500,0,512500
AMBUJACEM30JAN20210CE.NFO,07/01/2020,11:07:00,1.9,1.8,2500,1.9,5000,0,512500
AMBUJACEM30JAN20210CE.NFO,07/01/2020,11:07:11,1.9,1.8,2500,1.9,10000,0,512500
AMBUJACEM30JAN20210CE.NFO,07/01/2020,11:07:40,1.9,1.8,7500,1.9,10000,0,512500
AMBUJACEM30JAN20210CE.NFO,07/01/2020,11:07:45,1.9,1.8,2500,1.9,10000,0,512500
AMBUJACEM30JAN20210CE.NFO,07/01/2020,11:08:19,1.9,1.8,2500,1.9,7500,0,512500
AMBUJACEM30JAN20210CE.NFO,07/01/2020,11:08:32,1.9,1.8,5000,1.9,7500,0,512500
AMBUJACEM30JAN20210CE.NFO,07/01/2020,11:09:37,1.9,1.8,2500,1.9,7500,0,512500
AMBUJACEM30JAN20210CE.NFO,07/01/2020,11:09:41,1.9,1.8,5000,1.9,7500,0,512500
AMBUJACEM30JAN20210CE.NFO,07/01/2020,11:10:08,1.9,1.8,5000,1.9,10000,0,512500
AMBUJACEM30JAN20210CE.NFO,07/01/2020,11:10:30,1.9,1.7,10000,1.8,5000,0,512500
AMBUJACEM30JAN20210CE.NFO,07/01/2020,11:10:33,1.9,1.75,5000,1.85,7500,0,512500
AMBUJACEM30JAN20210CE.NFO,07/01/2020,11:10:41,1.9,1.75,2500,1.85,7500,0,512500
AMBUJACEM30JAN20210CE.NFO,07/01/2020,11:10:45,1.9,1.75,5000,1.85,7500,0,512500
AMBUJACEM30JAN20210CE.NFO,07/01/2020,11:10:49,1.85,1.75,5000,1.85,5000,2500,512500
AMBUJACEM30JAN20210CE.NFO,07/01/2020,11:10:49,1.85,1.75,5000,1.85,5000,0,512500
AMBUJACEM30JAN20210CE.NFO,07/01/2020,11:11:03,1.85,1.75,10000,1.85,5000,0,512500
AMBUJACEM30JAN20210CE.NFO,07/01/2020,11:11:17,1.85,1.75,5000,1.85,5000,0,512500
AMBUJACEM30JAN20210CE.NFO,07/01/2020,11:11:23,1.85,1.7,15000,1.8,2500,0,512500
AMBUJACEM30JAN20210CE.NFO,07/01/2020,11:11:30,1.85,1.75,2500,1.8,5000,0,512500
AMBUJACEM30JAN20210CE.NFO,07/01/2020,11:11:37,1.75,1.7,5000,1.8,2500,2500,512500
AMBUJACEM30JAN20210CE.NFO,07/01/2020,11:11:37,1.75,1.7,5000,1.8,2500,0,512500
AMBUJACEM30JAN20210CE.NFO,07/01/2020,11:11:43,1.75,1.7,5000,1.8,2500,0,512500
AMBUJACEM30JAN20210CE.NFO,07/01/2020,11:11:49,1.75,1.7,12500,1.85,5000,0,512500
AMBUJACEM30JAN20210CE.NFO,07/01/2020,11:11:54,1.75,1.7,15000,1.85,5000,0,512500
AMBUJACEM30JAN20210CE.NFO,07/01/2020,11:12:00,1.8,1.7,10000,1.8,2500,2500,510000
AMBUJACEM30JAN20210CE.NFO,07/01/2020,11:12:09,1.8,1.7,7500,1.8,2500,0,510000
AMBUJACEM30JAN20210CE.NFO,07/01/2020,11:12:29,1.8,1.75,2500,1.8,2500,0,510000
AMBUJACEM30JAN20210CE.NFO,07/01/2020,11:13:24,1.8,1.7,7500,1.8,2500,0,510000
AMBUJACEM30JAN20210CE.NFO,07/01/2020,11:13:54,1.8,1.75,2500,1.8,2500,0,510000
AMBUJACEM30JAN20210CE.NFO,07/01/2020,11:14:04,1.8,1.75,5000,1.85,7500,0,510000
AMBUJACEM30JAN20210CE.NFO,07/01/2020,11:14:10,1.8,1.75,5000,1.85,5000,0,510000
AMBUJACEM30JAN20210CE.NFO,07/01/2020,11:14:33,1.8,1.75,7500,1.85,5000,0,510000
AMBUJACEM30JAN20210CE.NFO,07/01/2020,11:15:03,1.8,1.75,5000,1.8,2500,0,510000
AMBUJACEM30JAN20210CE.NFO,07/01/2020,11:15:10,1.8,1.7,7500,1.85,7500,2500,510000
AMBUJACEM30JAN20210CE.NFO,07/01/2020,11:15:16,1.8,1.7,7500,1.8,2500,0,510000
AMBUJACEM30JAN20210CE.NFO,07/01/2020,11:15:21,1.8,1.75,2500,1.85,7500,0,510000
AMBUJACEM30JAN20210CE.NFO,07/01/2020,11:15:40,1.8,1.7,7500,1.8,5000,0,510000
AMBUJACEM30JAN20210CE.NFO,07/01/2020,11:15:44,1.8,1.7,7500,1.8,2500,0,510000
AMBUJACEM30JAN20210CE.NFO,07/01/2020,11:16:06,1.8,1.7,7500,1.8,5000,0,510000
AMBUJACEM30JAN20210CE.NFO,07/01/2020,11:16:25,1.8,1.75,2500,1.8,2500,0,510000
AMBUJACEM30JAN20210CE.NFO,07/01/2020,11:16:31,1.8,1.75,5000,1.85,5000,0,510000
AMBUJACEM30JAN20210CE.NFO,07/01/2020,11:16:35,1.8,1.75,7500,1.85,5000,0,510000
AMBUJACEM30JAN20210CE.NFO,07/01/2020,11:17:02,1.8,1.75,5000,1.85,5000,0,510000
AMBUJACEM30JAN20210CE.NFO,07/01/2020,11:17:12,1.8,1.75,5000,1.85,2500,0,510000
AMBUJACEM30JAN20210CE.NFO,07/01/2020,11:17:26,1.8,1.75,7500,1.85,2500,0,510000
AMBUJACEM30JAN20210CE.NFO,07/01/2020,11:17:36,1.8,1.8,5000,1.9,10000,0,510000
AMBUJACEM30JAN20210CE.NFO,07/01/2020,11:17:53,1.8,1.8,2500,1.9,10000,0,510000
AMBUJACEM30JAN20210CE.NFO,07/01/2020,11:17:57,1.8,1.8,5000,1.9,10000,0,510000
AMBUJACEM30JAN20210CE.NFO,07/01/2020,11:18:21,1.8,1.8,5000,1.9,7500,0,510000
AMBUJACEM30JAN20210CE.NFO,07/01/2020,11:18:26,1.8,1.8,5000,1.9,10000,0,510000
AMBUJACEM30JAN20210CE.NFO,07/01/2020,11:18:30,1.8,1.8,2500,1.9,10000,0,510000
AMBUJACEM30JAN20210CE.NFO,07/01/2020,11:18:48,1.8,1.8,5000,1.9,10000,0,510000
AMBUJACEM30JAN20210CE.NFO,07/01/2020,11:18:53,1.8,1.8,2500,1.9,10000,0,510000
AMBUJACEM30JAN20210CE.NFO,07/01/2020,11:19:16,1.8,1.75,2500,1.85,5000,2500,507500
AMBUJACEM30JAN20210CE.NFO,07/01/2020,11:19:25,1.8,1.7,5000,1.8,5000,0,507500
AMBUJACEM30JAN20210CE.NFO,07/01/2020,11:19:33,1.8,1.7,7500,1.8,5000,0,507500
AMBUJACEM30JAN20210CE.NFO,07/01/2020,11:19:40,1.8,1.7,10000,1.8,5000,0,507500
AMBUJACEM30JAN20210CE.NFO,07/01/2020,11:19:46,1.8,1.75,2500,1.85,7500,0,507500
AMBUJACEM30JAN20210CE.NFO,07/01/2020,11:19:51,1.8,1.75,5000,1.85,7500,0,507500
AMBUJACEM30JAN20210CE.NFO,07/01/2020,11:19:57,1.8,1.75,2500,1.85,7500,0,507500
AMBUJACEM30JAN20210CE.NFO,07/01/2020,11:20:35,1.8,1.8,2500,1.9,7500,0,507500
AMBUJACEM30JAN20210CE.NFO,07/01/2020,11:20:40,1.8,1.8,2500,1.9,5000,0,507500
AMBUJACEM30JAN20210CE.NFO,07/01/2020,11:21:02,1.8,1.75,7500,1.85,5000,0,507500
AMBUJACEM30JAN20210CE.NFO,07/01/2020,11:21:12,1.8,1.75,7500,1.85,2500,0,507500
AMBUJACEM30JAN20210CE.NFO,07/01/2020,11:21:16,1.8,1.8,2500,1.85,2500,0,507500
AMBUJACEM30JAN20210CE.NFO,07/01/2020,11:21:20,1.8,1.8,5000,1.9,5000,0,507500
AMBUJACEM30JAN20210CE.NFO,07/01/2020,11:21:24,1.8,1.8,7500,1.9,5000,0,507500
AMBUJACEM30JAN20210CE.NFO,07/01/2020,11:21:29,1.8,1.8,2500,1.85,2500,0,507500
AMBUJACEM30JAN20210CE.NFO,07/01/2020,11:21:35,1.8,1.8,5000,1.85,2500,0,507500
AMBUJACEM30JAN20210CE.NFO,07/01/2020,11:21:50,1.8,1.8,2500,1.85,2500,0,507500
AMBUJACEM30JAN20210CE.NFO,07/01/2020,11:21:54,1.8,1.75,7500,1.85,2500,0,507500
AMBUJACEM30JAN20210CE.NFO,07/01/2020,11:22:02,1.85,1.75,7500,1.85,2500,2500,507500
AMBUJACEM30JAN20210CE.NFO,07/01/2020,11:22:06,1.85,1.8,2500,1.9,7500,0,507500
AMBUJACEM30JAN20210CE.NFO,07/01/2020,11:22:18,1.85,1.75,7500,1.85,5000,0,507500
AMBUJACEM30JAN20210CE.NFO,07/01/2020,11:22:26,1.85,1.75,2500,1.8,2500,0,507500
AMBUJACEM30JAN20210CE.NFO,07/01/2020,11:22:31,1.85,1.75,2500,1.8,5000,0,507500
AMBUJACEM30JAN20210CE.NFO,07/01/2020,11:23:09,1.85,1.7,7500,1.8,7500,0,507500
AMBUJACEM30JAN20210CE.NFO,07/01/2020,11:23:27,1.85,1.75,2500,1.8,5000,0,507500
AMBUJACEM30JAN20210CE.NFO,07/01/2020,11:23:45,1.85,1.75,2500,1.85,7500,0,507500
AMBUJACEM30JAN20210CE.NFO,07/01/2020,11:24:10,1.85,1.75,5000,1.85,7500,0,507500
AMBUJACEM30JAN20210CE.NFO,07/01/2020,11:24:16,1.85,1.8,2500,1.85,7500,0,507500
AMBUJACEM30JAN20210CE.NFO,07/01/2020,11:24:39,1.85,1.8,2500,1.85,5000,0,507500
AMBUJACEM30JAN20210CE.NFO,07/01/2020,11:24:43,1.85,1.8,2500,1.85,7500,0,507500
AMBUJACEM30JAN20210CE.NFO,07/01/2020,11:24:52,1.85,1.8,5000,1.85,7500,0,507500
AMBUJACEM30JAN20210CE.NFO,07/01/2020,11:24:56,1.85,1.8,2500,1.85,7500,0,507500
AMBUJACEM30JAN20210CE.NFO,07/01/2020,11:25:00,1.85,1.8,2500,1.85,5000,2500,510000
AMBUJACEM30JAN20210CE.NFO,07/01/2020,11:25:10,1.85,1.8,2500,1.85,5000,0,510000
AMBUJACEM30JAN20210CE.NFO,07/01/2020,11:25:28,1.85,1.8,2500,1.85,2500,0,510000
AMBUJACEM30JAN20210CE.NFO,07/01/2020,11:25:33,1.85,1.8,5000,1.9,5000,0,510000
AMBUJACEM30JAN20210CE.NFO,07/01/2020,11:26:31,1.85,1.8,7500,1.9,5000,0,510000
AMBUJACEM30JAN20210CE.NFO,07/01/2020,11:26:36,1.85,1.85,5000,1.95,7500,0,510000
AMBUJACEM30JAN20210CE.NFO,07/01/2020,11:27:24,1.85,1.85,2500,1.9,2500,0,510000
AMBUJACEM30JAN20210CE.NFO,07/01/2020,11:27:28,1.85,1.8,7500,1.9,2500,0,510000
AMBUJACEM30JAN20210CE.NFO,07/01/2020,11:27:41,1.85,1.8,5000,1.9,2500,0,510000
AMBUJACEM30JAN20210CE.NFO,07/01/2020,11:28:17,1.85,1.8,7500,1.9,2500,0,510000
AMBUJACEM30JAN20210CE.NFO,07/01/2020,11:28:21,1.85,1.8,2500,1.9,2500,0,510000
AMBUJACEM30JAN20210CE.NFO,07/01/2020,11:29:13,1.85,1.8,5000,1.9,5000,0,510000
AMBUJACEM30JAN20210CE.NFO,07/01/2020,11:29:23,1.85,1.8,5000,1.9,2500,0,510000
AMBUJACEM30JAN20210CE.NFO,07/01/2020,11:29:41,1.85,1.8,5000,1.9,5000,0,510000
AMBUJACEM30JAN20210CE.NFO,07/01/2020,11:29:50,1.85,1.8,5000,1.9,2500,0,510000
AMBUJACEM30JAN20210CE.NFO,07/01/2020,11:30:04,1.85,1.8,2500,1.85,2500,0,510000
AMBUJACEM30JAN20210CE.NFO,07/01/2020,11:31:05,1.85,1.8,2500,1.9,2500,0,510000
AMBUJACEM30JAN20210CE.NFO,07/01/2020,11:31:31,1.85,1.8,5000,1.9,2500,0,510000
AMBUJACEM30JAN20210CE.NFO,07/01/2020,11:31:41,1.85,1.8,2500,1.9,2500,0,510000
AMBUJACEM30JAN20210CE.NFO,07/01/2020,11:32:07,1.85,1.8,7500,1.9,2500,0,510000
AMBUJACEM30JAN20210CE.NFO,07/01/2020,11:32:17,1.85,1.8,5000,1.9,2500,0,510000
AMBUJACEM30JAN20210CE.NFO,07/01/2020,11:32:28,1.85,1.8,5000,1.9,2500,2500,512500
AMBUJACEM30JAN20210CE.NFO,07/01/2020,11:32:32,1.85,1.85,2500,1.9,2500,0,512500
AMBUJACEM30JAN20210CE.NFO,07/01/2020,11:32:37,1.85,1.8,7500,1.9,2500,0,512500
AMBUJACEM30JAN20210CE.NFO,07/01/2020,11:33:42,1.85,1.85,5000,1.95,5000,0,512500
AMBUJACEM30JAN20210CE.NFO,07/01/2020,11:33:50,1.85,1.85,10000,1.95,5000,0,512500
AMBUJACEM30JAN20210CE.NFO,07/01/2020,11:34:04,1.85,1.85,7500,1.95,5000,0,512500
AMBUJACEM30JAN20210CE.NFO,07/01/2020,11:34:29,1.85,1.8,7500,1.9,2500,0,512500
AMBUJACEM30JAN20210CE.NFO,07/01/2020,11:34:58,1.85,1.8,10000,1.9,2500,0,512500
AMBUJACEM30JAN20210CE.NFO,07/01/2020,11:36:19,1.85,1.85,2500,1.9,2500,0,512500
AMBUJACEM30JAN20210CE.NFO,07/01/2020,11:36:23,1.85,1.8,7500,1.9,2500,0,512500
AMBUJACEM30JAN20210CE.NFO,07/01/2020,11:36:33,1.85,1.8,7500,1.9,5000,0,512500
AMBUJACEM30JAN20210CE.NFO,07/01/2020,11:36:48,1.85,1.8,10000,1.9,5000,0,512500
AMBUJACEM30JAN20210CE.NFO,07/01/2020,11:36:54,1.85,1.8,7500,1.9,5000,0,512500
AMBUJACEM30JAN20210CE.NFO,07/01/2020,11:37:00,1.85,1.8,10000,1.9,5000,0,512500
AMBUJACEM30JAN20210CE.NFO,07/01/2020,11:37:47,1.85,1.8,10000,1.9,7500,0,512500
AMBUJACEM30JAN20210CE.NFO,07/01/2020,11:37:52,1.85,1.8,5000,1.9,7500,2500,510000
AMBUJACEM30JAN20210CE.NFO,07/01/2020,11:38:00,1.85,1.8,5000,1.9,7500,0,510000
AMBUJACEM30JAN20210CE.NFO,07/01/2020,11:38:07,1.85,1.8,7500,1.9,7500,0,510000
AMBUJACEM30JAN20210CE.NFO,07/01/2020,11:38:11,1.85,1.8,5000,1.9,7500,0,510000
AMBUJACEM30JAN20210CE.NFO,07/01/2020,11:38:48,1.85,1.8,2500,1.9,7500,0,510000
AMBUJACEM30JAN20210CE.NFO,07/01/2020,11:38:52,1.85,1.8,5000,1.9,7500,0,510000
AMBUJACEM30JAN20210CE.NFO,07/01/2020,11:39:17,1.85,1.8,2500,1.9,7500,0,510000
AMBUJACEM30JAN20210CE.NFO,07/01/2020,11:39:24,1.85,1.75,2500,1.85,5000,0,510000
AMBUJACEM30JAN20210CE.NFO,07/01/2020,11:40:02,1.85,1.8,2500,1.85,2500,2500,510000
AMBUJACEM30JAN20210CE.NFO,07/01/2020,11:40:12,1.85,1.8,2500,1.85,2500,0,510000
AMBUJACEM30JAN20210CE.NFO,07/01/2020,11:40:27,1.85,1.8,2500,1.9,2500,0,510000
AMBUJACEM30JAN20210CE.NFO,07/01/2020,11:41:14,1.85,1.8,5000,1.9,2500,0,510000
AMBUJACEM30JAN20210CE.NFO,07/01/2020,11:41:38,1.85,1.8,2500,1.9,2500,0,510000
AMBUJACEM30JAN20210CE.NFO,07/01/2020,11:41:40,1.85,1.85,2500,1.9,2500,0,510000
AMBUJACEM30JAN20210CE.NFO,07/01/2020,11:42:32,1.85,1.75,5000,1.9,2500,2500,512500
AMBUJACEM30JAN20210CE.NFO,07/01/2020,11:43:04,1.85,1.75,5000,1.9,2500,0,512500
AMBUJACEM30JAN20210CE.NFO,07/01/2020,11:43:07,1.85,1.8,2500,1.9,2500,0,512500
AMBUJACEM30JAN20210CE.NFO,07/01/2020,11:43:35,1.85,1.75,5000,1.9,2500,0,512500
AMBUJACEM30JAN20210CE.NFO,07/01/2020,11:43:58,1.85,1.75,5000,1.9,5000,0,512500
AMBUJACEM30JAN20210CE.NFO,07/01/2020,11:45:21,1.85,1.75,2500,1.85,2500,0,512500
AMBUJACEM30JAN20210CE.NFO,07/01/2020,11:45:35,1.85,1.75,5000,1.9,5000,0,512500
AMBUJACEM30JAN20210CE.NFO,07/01/2020,11:45:41,1.85,1.75,5000,1.85,2500,0,512500
AMBUJACEM30JAN20210CE.NFO,07/01/2020,11:45:53,1.85,1.8,2500,1.85,2500,0,512500
AMBUJACEM30JAN20210CE.NFO,07/01/2020,11:46:00,1.85,1.8,2500,1.9,2500,0,512500
AMBUJACEM30JAN20210CE.NFO,07/01/2020,11:46:25,1.85,1.8,5000,1.9,2500,0,512500
AMBUJACEM30JAN20210CE.NFO,07/01/2020,11:46:36,1.85,1.8,2500,1.9,2500,0,512500
AMBUJACEM30JAN20210CE.NFO,07/01/2020,11:46:48,1.85,1.8,2500,1.9,5000,0,512500
AMBUJACEM30JAN20210CE.NFO,07/01/2020,11:46:58,1.85,1.8,2500,1.9,7500,0,512500
AMBUJACEM30JAN20210CE.NFO,07/01/2020,11:47:32,1.85,1.75,5000,1.9,7500,0,512500
AMBUJACEM30JAN20210CE.NFO,07/01/2020,11:47:39,1.85,1.75,7500,1.9,7500,0,512500
AMBUJACEM30JAN20210CE.NFO,07/01/2020,11:47:42,1.85,1.75,7500,1.85,2500,0,512500
AMBUJACEM30JAN20210CE.NFO,07/01/2020,11:48:04,1.85,1.75,7500,1.9,7500,0,512500
AMBUJACEM30JAN20210CE.NFO,07/01/2020,11:48:25,1.85,1.75,7500,1.85,5000,0,512500
AMBUJACEM30JAN20210CE.NFO,07/01/2020,11:48:38,1.85,1.75,7500,1.85,7500,0,512500
AMBUJACEM30JAN20210CE.NFO,07/01/2020,11:49:01,1.85,1.75,7500,1.85,10000,0,512500
AMBUJACEM30JAN20210CE.NFO,07/01/2020,11:49:17,1.85,1.75,2500,1.85,10000,0,512500
AMBUJACEM30JAN20210CE.NFO,07/01/2020,11:49:22,1.85,1.75,2500,1.85,7500,0,512500
AMBUJACEM30JAN20210CE.NFO,07/01/2020,11:49:50,1.85,1.75,2500,1.85,10000,0,512500
AMBUJACEM30JAN20210CE.NFO,07/01/2020,11:49:52,1.85,1.7,7500,1.85,10000,0,512500
AMBUJACEM30JAN20210CE.NFO,07/01/2020,11:49:58,1.85,1.7,5000,1.8,2500,0,512500
AMBUJACEM30JAN20210CE.NFO,07/01/2020,11:50:23,1.85,1.65,7500,1.8,2500,0,512500
AMBUJACEM30JAN20210CE.NFO,07/01/2020,11:50:27,1.85,1.65,10000,1.75,2500,0,512500
AMBUJACEM30JAN20210CE.NFO,07/01/2020,11:50:42,1.85,1.7,2500,1.8,5000,0,512500
AMBUJACEM30JAN20210CE.NFO,07/01/2020,11:50:48,1.85,1.7,2500,1.75,2500,0,512500
AMBUJACEM30JAN20210CE.NFO,07/01/2020,11:50:51,1.85,1.65,7500,1.75,2500,0,512500
AMBUJACEM30JAN20210CE.NFO,07/01/2020,11:51:10,1.85,1.7,2500,1.75,2500,0,512500
AMBUJACEM30JAN20210CE.NFO,07/01/2020,11:51:17,1.85,1.7,5000,1.8,2500,0,512500
AMBUJACEM30JAN20210CE.NFO,07/01/2020,11:51:23,1.85,1.7,5000,1.8,5000,0,512500
AMBUJACEM30JAN20210CE.NFO,07/01/2020,11:51:32,1.85,1.7,5000,1.8,2500,0,512500
AMBUJACEM30JAN20210CE.NFO,07/01/2020,11:52:16,1.85,1.7,5000,1.8,5000,0,512500
AMBUJACEM30JAN20210CE.NFO,07/01/2020,11:52:18,1.85,1.7,2500,1.8,5000,0,512500
AMBUJACEM30JAN20210CE.NFO,07/01/2020,11:52:55,1.85,1.75,2500,1.85,7500,0,512500
AMBUJACEM30JAN20210CE.NFO,07/01/2020,11:53:01,1.85,1.75,2500,1.8,2500,0,512500
AMBUJACEM30JAN20210CE.NFO,07/01/2020,11:53:07,1.85,1.75,2500,1.85,7500,0,512500
AMBUJACEM30JAN20210CE.NFO,07/01/2020,11:53:10,1.85,1.8,2500,1.85,5000,0,512500
AMBUJACEM30JAN20210CE.NFO,07/01/2020,11:53:23,1.85,1.8,2500,1.85,7500,0,512500
AMBUJACEM30JAN20210CE.NFO,07/01/2020,11:53:30,1.8,1.75,2500,1.85,7500,2500,512500
AMBUJACEM30JAN20210CE.NFO,07/01/2020,11:53:36,1.8,1.75,2500,1.85,5000,0,512500
AMBUJACEM30JAN20210CE.NFO,07/01/2020,11:53:39,1.8,1.75,5000,1.85,5000,0,512500
AMBUJACEM30JAN20210CE.NFO,07/01/2020,11:54:28,1.8,1.8,2500,1.85,2500,0,512500
AMBUJACEM30JAN20210CE.NFO,07/01/2020,11:54:39,1.8,1.8,5000,1.85,2500,0,512500
AMBUJACEM30JAN20210CE.NFO,07/01/2020,11:54:53,1.8,1.8,7500,1.85,2500,0,512500
AMBUJACEM30JAN20210CE.NFO,07/01/2020,11:56:37,1.8,1.8,7500,1.9,5000,0,512500
AMBUJACEM30JAN20210CE.NFO,07/01/2020,11:57:02,1.8,1.8,7500,1.85,5000,0,512500
AMBUJACEM30JAN20210CE.NFO,07/01/2020,11:57:06,1.8,1.8,5000,1.85,5000,0,512500
AMBUJACEM30JAN20210CE.NFO,07/01/2020,11:57:09,1.8,1.8,7500,1.9,5000,0,512500
AMBUJACEM30JAN20210CE.NFO,07/01/2020,11:57:20,1.8,1.8,10000,1.85,10000,0,512500
AMBUJACEM30JAN20210CE.NFO,07/01/2020,11:57:23,1.8,1.8,10000,1.9,5000,0,512500
AMBUJACEM30JAN20210CE.NFO,07/01/2020,11:58:35,1.8,1.8,7500,1.9,5000,0,512500
AMBUJACEM30JAN20210CE.NFO,07/01/2020,11:58:45,1.8,1.85,2500,1.9,5000,0,512500
AMBUJACEM30JAN20210CE.NFO,07/01/2020,11:59:06,1.8,1.8,5000,1.9,5000,0,512500
AMBUJACEM30JAN20210CE.NFO,07/01/2020,11:59:27,1.8,1.8,7500,1.9,5000,0,512500
AMBUJACEM30JAN20210CE.NFO,07/01/2020,12:00:55,1.9,1.8,10000,1.9,2500,2500,510000
AMBUJACEM30JAN20210CE.NFO,07/01/2020,12:00:59,1.9,1.8,10000,1.9,2500,0,510000
AMBUJACEM30JAN20210CE.NFO,07/01/2020,12:01:28,1.9,1.8,7500,1.9,2500,0,510000
AMBUJACEM30JAN20210CE.NFO,07/01/2020,12:01:31,1.9,1.8,2500,1.85,2500,0,510000
AMBUJACEM30JAN20210CE.NFO,07/01/2020,12:01:35,1.9,1.8,5000,1.9,5000,0,510000
AMBUJACEM30JAN20210CE.NFO,07/01/2020,12:01:38,1.9,1.8,2500,1.85,2500,0,510000
AMBUJACEM30JAN20210CE.NFO,07/01/2020,12:01:40,1.9,1.8,2500,1.85,5000,0,510000
AMBUJACEM30JAN20210CE.NFO,07/01/2020,12:01:43,1.9,1.8,2500,1.85,2500,0,510000
AMBUJACEM30JAN20210CE.NFO,07/01/2020,12:02:21,1.9,1.8,2500,1.85,5000,0,510000
AMBUJACEM30JAN20210CE.NFO,07/01/2020,12:02:32,1.9,1.8,2500,1.9,2500,0,510000
AMBUJACEM30JAN20210CE.NFO,07/01/2020,12:02:38,1.9,1.8,5000,1.9,5000,0,510000
AMBUJACEM30JAN20210CE.NFO,07/01/2020,12:03:32,1.9,1.8,2500,1.85,2500,0,510000
AMBUJACEM30JAN20210CE.NFO,07/01/2020,12:03:55,1.9,1.8,2500,1.9,5000,0,510000
AMBUJACEM30JAN20210CE.NFO,07/01/2020,12:04:00,1.9,1.8,2500,1.85,2500,0,510000
AMBUJACEM30JAN20210CE.NFO,07/01/2020,12:04:08,1.9,1.8,2500,1.85,5000,0,510000
AMBUJACEM30JAN20210CE.NFO,07/01/2020,12:05:05,1.9,1.8,2500,1.85,2500,0,510000
AMBUJACEM30JAN20210CE.NFO,07/01/2020,12:05:10,1.9,1.8,2500,1.85,5000,0,510000
AMBUJACEM30JAN20210CE.NFO,07/01/2020,12:05:44,1.9,1.8,2500,1.85,7500,0,510000
AMBUJACEM30JAN20210CE.NFO,07/01/2020,12:05:54,1.8,1.75,2500,1.85,5000,2500,510000
AMBUJACEM30JAN20210CE.NFO,07/01/2020,12:05:58,1.8,1.7,5000,1.85,5000,0,510000
AMBUJACEM30JAN20210CE.NFO,07/01/2020,12:06:18,1.8,1.75,5000,1.85,2500,0,510000
AMBUJACEM30JAN20210CE.NFO,07/01/2020,12:06:29,1.8,1.75,2500,1.85,2500,0,510000
AMBUJACEM30JAN20210CE.NFO,07/01/2020,12:06:31,1.8,1.75,5000,1.85,2500,0,510000
AMBUJACEM30JAN20210CE.NFO,07/01/2020,12:07:07,1.8,1.75,7500,1.85,2500,0,510000
AMBUJACEM30JAN20210CE.NFO,07/01/2020,12:07:16,1.8,1.75,7500,1.85,5000,0,510000
AMBUJACEM30JAN20210CE.NFO,07/01/2020,12:07:22,1.8,1.75,5000,1.85,5000,0,510000
AMBUJACEM30JAN20210CE.NFO,07/01/2020,12:08:21,1.85,1.8,5000,1.9,2500,2500,510000
AMBUJACEM30JAN20210CE.NFO,07/01/2020,12:08:27,1.85,1.8,5000,1.95,5000,0,510000
AMBUJACEM30JAN20210CE.NFO,07/01/2020,12:08:33,1.85,1.8,5000,1.9,2500,0,510000
AMBUJACEM30JAN20210CE.NFO,07/01/2020,12:08:44,1.85,1.8,5000,1.95,5000,0,510000
AMBUJACEM30JAN20210CE.NFO,07/01/2020,12:08:55,1.85,1.8,5000,1.9,2500,0,510000
AMBUJACEM30JAN20210CE.NFO,07/01/2020,12:10:56,1.85,1.8,7500,1.9,2500,0,510000
AMBUJACEM30JAN20210CE.NFO,07/01/2020,12:10:58,1.85,1.8,5000,1.9,2500,0,510000
AMBUJACEM30JAN20210CE.NFO,07/01/2020,12:11:42,1.85,1.8,7500,1.9,2500,0,510000
AMBUJACEM30JAN20210CE.NFO,07/01/2020,12:12:01,1.85,1.8,2500,1.9,5000,0,510000
AMBUJACEM30JAN20210CE.NFO,07/01/2020,12:12:36,1.85,1.8,5000,1.9,5000,0,510000
AMBUJACEM30JAN20210CE.NFO,07/01/2020,12:12:43,1.85,1.8,2500,1.9,5000,0,510000
AMBUJACEM30JAN20210CE.NFO,07/01/2020,12:12:46,1.85,1.8,5000,1.9,5000,0,510000
AMBUJACEM30JAN20210CE.NFO,07/01/2020,12:12:58,1.85,1.8,2500,1.9,5000,0,510000
AMBUJACEM30JAN20210CE.NFO,07/01/2020,12:13:22,1.85,1.8,7500,1.9,2500,0,510000
AMBUJACEM30JAN20210CE.NFO,07/01/2020,12:13:36,1.85,1.8,5000,1.9,2500,0,510000
AMBUJACEM30JAN20210CE.NFO,07/01/2020,12:14:04,1.85,1.75,15000,1.9,5000,0,510000
AMBUJACEM30JAN20210CE.NFO,07/01/2020,12:14:09,1.85,1.75,10000,1.85,2500,0,510000
AMBUJACEM30JAN20210CE.NFO,07/01/2020,12:14:18,1.85,1.8,2500,1.9,5000,0,510000
AMBUJACEM30JAN20210CE.NFO,07/01/2020,12:14:31,1.85,1.75,15000,1.9,5000,0,510000
AMBUJACEM30JAN20210CE.NFO,07/01/2020,12:14:41,1.85,1.8,2500,1.9,5000,0,510000
AMBUJACEM30JAN20210CE.NFO,07/01/2020,12:15:20,1.85,1.75,15000,1.9,5000,0,510000
AMBUJACEM30JAN20210CE.NFO,07/01/2020,12:15:24,1.85,1.8,2500,1.9,5000,0,510000
AMBUJACEM30JAN20210CE.NFO,07/01/2020,12:16:48,1.85,1.8,2500,1.9,2500,0,510000
AMBUJACEM30JAN20210CE.NFO,07/01/2020,12:16:50,1.85,1.8,5000,1.9,2500,0,510000
AMBUJACEM30JAN20210CE.NFO,07/01/2020,12:17:14,1.85,1.8,7500,1.9,2500,0,510000
AMBUJACEM30JAN20210CE.NFO,07/01/2020,12:17:35,1.85,1.8,5000,1.9,2500,0,510000
AMBUJACEM30JAN20210CE.NFO,07/01/2020,12:17:41,1.85,1.8,5000,1.9,5000,0,510000
AMBUJACEM30JAN20210CE.NFO,07/01/2020,12:18:45,1.85,1.8,7500,1.9,5000,0,510000
AMBUJACEM30JAN20210CE.NFO,07/01/2020,12:19:05,1.85,1.8,7500,1.9,2500,0,510000
AMBUJACEM30JAN20210CE.NFO,07/01/2020,12:19:19,1.85,1.85,7500,1.9,2500,0,510000
AMBUJACEM30JAN20210CE.NFO,07/01/2020,12:19:24,1.85,1.85,5000,1.9,2500,0,510000
AMBUJACEM30JAN20210CE.NFO,07/01/2020,12:19:29,1.85,1.85,7500,1.9,2500,0,510000
AMBUJACEM30JAN20210CE.NFO,07/01/2020,12:19:36,1.85,1.85,5000,1.9,2500,0,510000
AMBUJACEM30JAN20210CE.NFO,07/01/2020,12:19:43,1.85,1.85,7500,1.9,2500,0,510000
AMBUJACEM30JAN20210CE.NFO,07/01/2020,12:19:54,1.85,1.8,7500,1.9,2500,0,510000
AMBUJACEM30JAN20210CE.NFO,07/01/2020,12:20:50,1.85,1.8,10000,1.9,2500,0,510000
AMBUJACEM30JAN20210CE.NFO,07/01/2020,12:21:25,1.9,1.85,5000,1.95,5000,2500,512500
AMBUJACEM30JAN20210CE.NFO,07/01/2020,12:21:28,1.9,1.85,5000,1.95,2500,0,512500
AMBUJACEM30JAN20210CE.NFO,07/01/2020,12:21:33,1.9,1.85,5000,1.95,5000,0,512500
AMBUJACEM30JAN20210CE.NFO,07/01/2020,12:21:36,1.9,1.85,5000,1.95,2500,0,512500
AMBUJACEM30JAN20210CE.NFO,07/01/2020,12:21:47,1.9,1.8,7500,1.95,5000,0,512500
AMBUJACEM30JAN20210CE.NFO,07/01/2020,12:21:49,1.9,1.85,5000,1.95,5000,0,512500
AMBUJACEM30JAN20210CE.NFO,07/01/2020,12:21:59,1.9,1.8,7500,1.95,5000,0,512500
AMBUJACEM30JAN20210CE.NFO,07/01/2020,12:22:55,1.9,1.85,2500,1.95,5000,0,512500
AMBUJACEM30JAN20210CE.NFO,07/01/2020,12:23:00,1.9,1.9,2500,1.95,5000,0,512500
AMBUJACEM30JAN20210CE.NFO,07/01/2020,12:23:20,1.9,1.9,2500,1.95,2500,0,512500
AMBUJACEM30JAN20210CE.NFO,07/01/2020,12:23:28,1.9,1.9,2500,1.95,5000,0,512500
AMBUJACEM30JAN20210CE.NFO,07/01/2020,12:23:39,1.9,1.9,2500,1.95,2500,0,512500
AMBUJACEM30JAN20210CE.NFO,07/01/2020,12:23:49,1.9,1.85,5000,1.95,2500,0,512500
AMBUJACEM30JAN20210CE.NFO,07/01/2020,12:24:37,1.9,1.85,5000,1.95,5000,0,512500
AMBUJACEM30JAN20210CE.NFO,07/01/2020,12:26:21,1.9,1.85,5000,1.95,2500,0,512500
AMBUJACEM30JAN20210CE.NFO,07/01/2020,12:27:02,1.9,1.85,5000,1.95,5000,0,512500
AMBUJACEM30JAN20210CE.NFO,07/01/2020,12:28:35,1.9,1.85,2500,1.9,2500,0,512500
AMBUJACEM30JAN20210CE.NFO,07/01/2020,12:28:38,1.9,1.85,2500,1.95,5000,0,512500
AMBUJACEM30JAN20210CE.NFO,07/01/2020,12:28:39,1.9,1.85,5000,1.95,5000,0,512500
AMBUJACEM30JAN20210CE.NFO,07/01/2020,12:28:43,1.9,1.85,2500,1.9,2500,0,512500
AMBUJACEM30JAN20210CE.NFO,07/01/2020,12:28:49,1.9,1.8,5000,1.9,2500,0,512500
AMBUJACEM30JAN20210CE.NFO,07/01/2020,12:28:51,1.9,1.8,2500,1.9,2500,0,512500
AMBUJACEM30JAN20210CE.NFO,07/01/2020,12:29:25,1.9,1.75,12500,1.9,2500,0,512500
AMBUJACEM30JAN20210CE.NFO,07/01/2020,12:29:33,1.9,1.75,10000,1.85,2500,0,512500
AMBUJACEM30JAN20210CE.NFO,07/01/2020,12:29:40,1.9,1.75,10000,1.9,2500,0,512500
AMBUJACEM30JAN20210CE.NFO,07/01/2020,12:29:57,1.9,1.8,2500,1.9,2500,0,512500
AMBUJACEM30JAN20210CE.NFO,07/01/2020,12:30:01,1.9,1.75,10000,1.9,2500,0,512500
AMBUJACEM30JAN20210CE.NFO,07/01/2020,12:30:12,1.9,1.75,12500,1.9,2500,0,512500
AMBUJACEM30JAN20210CE.NFO,07/01/2020,12:30:17,1.9,1.8,2500,1.9,2500,0,512500
AMBUJACEM30JAN20210CE.NFO,07/01/2020,12:30:26,1.9,1.75,12500,1.9,2500,0,512500
AMBUJACEM30JAN20210CE.NFO,07/01/2020,12:30:33,1.9,1.8,2500,1.9,2500,0,512500
AMBUJACEM30JAN20210CE.NFO,07/01/2020,12:31:31,1.9,1.8,5000,1.9,2500,0,512500
AMBUJACEM30JAN20210CE.NFO,07/01/2020,12:31:50,1.9,1.8,2500,1.9,2500,0,512500
AMBUJACEM30JAN20210CE.NFO,07/01/2020,12:32:41,1.9,1.85,2500,1.95,5000,0,512500
AMBUJACEM30JAN20210CE.NFO,07/01/2020,12:33:01,1.9,1.85,2500,1.95,2500,0,512500
AMBUJACEM30JAN20210CE.NFO,07/01/2020,12:33:05,1.9,1.8,7500,1.95,2500,0,512500
AMBUJACEM30JAN20210CE.NFO,07/01/2020,12:33:38,1.9,1.85,2500,1.95,2500,0,512500
AMBUJACEM30JAN20210CE.NFO,07/01/2020,12:33:57,1.9,1.8,7500,1.95,2500,0,512500
AMBUJACEM30JAN20210CE.NFO,07/01/2020,12:34:05,1.9,1.8,5000,1.95,2500,0,512500
AMBUJACEM30JAN20210CE.NFO,07/01/2020,12:34:16,1.9,1.85,2500,1.95,2500,0,512500
AMBUJACEM30JAN20210CE.NFO,07/01/2020,12:34:30,1.9,1.8,10000,1.95,2500,0,512500
AMBUJACEM30JAN20210CE.NFO,07/01/2020,12:34:39,1.9,1.85,2500,1.95,2500,0,512500
AMBUJACEM30JAN20210CE.NFO,07/01/2020,12:35:52,1.9,1.85,2500,1.95,5000,0,512500
AMBUJACEM30JAN20210CE.NFO,07/01/2020,12:35:55,1.9,1.85,2500,1.95,2500,0,512500
AMBUJACEM30JAN20210CE.NFO,07/01/2020,12:36:26,1.9,1.85,2500,1.95,5000,0,512500
AMBUJACEM30JAN20210CE.NFO,07/01/2020,12:36:42,1.9,1.85,2500,1.95,2500,0,512500
AMBUJACEM30JAN20210CE.NFO,07/01/2020,12:37:07,1.9,1.8,10000,1.95,2500,0,512500
AMBUJACEM30JAN20210CE.NFO,07/01/2020,12:37:08,1.9,1.85,2500,1.95,2500,0,512500
AMBUJACEM30JAN20210CE.NFO,07/01/2020,12:37:28,1.9,1.9,2500,1.95,2500,0,512500
AMBUJACEM30JAN20210CE.NFO,07/01/2020,12:37:40,1.9,1.85,2500,1.95,2500,0,512500
AMBUJACEM30JAN20210CE.NFO,07/01/2020,12:37:48,1.9,1.85,5000,1.95,2500,0,512500
AMBUJACEM30JAN20210CE.NFO,07/01/2020,12:37:57,1.9,1.9,2500,1.95,2500,0,512500
AMBUJACEM30JAN20210CE.NFO,07/01/2020,12:39:21,1.9,1.9,2500,1.95,5000,0,512500
AMBUJACEM30JAN20210CE.NFO,07/01/2020,12:39:44,1.9,1.9,2500,1.95,2500,0,512500
AMBUJACEM30JAN20210CE.NFO,07/01/2020,12:39:58,1.9,1.9,2500,1.95,5000,0,512500
AMBUJACEM30JAN20210CE.NFO,07/01/2020,12:40:01,1.9,1.9,2500,1.95,2500,0,512500
AMBUJACEM30JAN20210CE.NFO,07/01/2020,12:40:13,1.9,1.9,2500,1.95,5000,0,512500
AMBUJACEM30JAN20210CE.NFO,07/01/2020,12:40:38,1.9,1.9,2500,1.95,2500,0,512500
AMBUJACEM30JAN20210CE.NFO,07/01/2020,12:40:40,1.9,1.9,2500,1.95,5000,0,512500
AMBUJACEM30JAN20210CE.NFO,07/01/2020,12:41:06,1.9,1.9,2500,1.95,2500,0,512500
AMBUJACEM30JAN20210CE.NFO,07/01/2020,12:41:31,1.9,1.9,2500,1.95,5000,0,512500
AMBUJACEM30JAN20210CE.NFO,07/01/2020,12:43:44,1.9,1.85,5000,1.95,5000,2500,512500
AMBUJACEM30JAN20210CE.NFO,07/01/2020,12:44:21,1.9,1.85,5000,1.95,5000,0,512500
AMBUJACEM30JAN20210CE.NFO,07/01/2020,12:45:21,1.9,1.85,2500,1.95,5000,0,512500
AMBUJACEM30JAN20210CE.NFO,07/01/2020,12:45:45,1.9,1.9,2500,1.95,5000,0,512500
AMBUJACEM30JAN20210CE.NFO,07/01/2020,12:45:54,1.95,1.9,2500,2,2500,2500,512500
AMBUJACEM30JAN20210CE.NFO,07/01/2020,12:46:00,1.95,1.9,2500,2,2500,0,512500
AMBUJACEM30JAN20210CE.NFO,07/01/2020,12:46:06,1.95,1.85,5000,2,2500,0,512500
AMBUJACEM30JAN20210CE.NFO,07/01/2020,12:46:09,1.95,1.9,2500,2,2500,0,512500
AMBUJACEM30JAN20210CE.NFO,07/01/2020,12:46:39,1.95,1.9,5000,2,2500,0,512500
AMBUJACEM30JAN20210CE.NFO,07/01/2020,12:49:10,1.95,1.9,5000,1.95,5000,0,512500
AMBUJACEM30JAN20210CE.NFO,07/01/2020,12:50:25,1.95,1.9,5000,1.95,7500,0,512500
AMBUJACEM30JAN20210CE.NFO,07/01/2020,12:50:52,1.95,1.9,5000,1.95,5000,0,512500
AMBUJACEM30JAN20210CE.NFO,07/01/2020,12:50:58,1.95,1.9,5000,1.95,2500,0,512500
AMBUJACEM30JAN20210CE.NFO,07/01/2020,12:51:59,1.95,1.9,7500,1.95,2500,0,512500
AMBUJACEM30JAN20210CE.NFO,07/01/2020,12:52:24,1.95,1.9,5000,1.95,2500,0,512500
AMBUJACEM30JAN20210CE.NFO,07/01/2020,12:52:32,1.95,1.9,2500,1.95,2500,0,512500
AMBUJACEM30JAN20210CE.NFO,07/01/2020,12:55:34,1.95,1.9,2500,2,5000,2500,510000
AMBUJACEM30JAN20210CE.NFO,07/01/2020,12:55:57,2,1.9,2500,2.05,2500,2500,510000
AMBUJACEM30JAN20210CE.NFO,07/01/2020,12:55:59,2,1.9,2500,2.05,2500,0,510000
AMBUJACEM30JAN20210CE.NFO,07/01/2020,12:56:01,2,1.95,2500,2.05,2500,0,510000
AMBUJACEM30JAN20210CE.NFO,07/01/2020,12:57:54,1.95,1.9,2500,2,2500,2500,512500
AMBUJACEM30JAN20210CE.NFO,07/01/2020,12:57:57,1.95,1.9,2500,2,2500,0,512500
AMBUJACEM30JAN20210CE.NFO,07/01/2020,12:58:01,1.95,1.9,2500,2,5000,0,512500
AMBUJACEM30JAN20210CE.NFO,07/01/2020,12:58:10,1.95,1.9,2500,1.95,2500,0,512500
AMBUJACEM30JAN20210CE.NFO,07/01/2020,12:58:15,1.95,1.9,2500,2,5000,0,512500
AMBUJACEM30JAN20210CE.NFO,07/01/2020,12:58:23,1.95,1.9,2500,2,2500,0,512500
AMBUJACEM30JAN20210CE.NFO,07/01/2020,12:59:57,1.95,1.9,2500,2,5000,0,512500
AMBUJACEM30JAN20210CE.NFO,07/01/2020,13:00:05,1.95,1.9,2500,1.95,2500,0,512500
AMBUJACEM30JAN20210CE.NFO,07/01/2020,13:00:12,1.95,1.85,2500,1.95,2500,0,512500
AMBUJACEM30JAN20210CE.NFO,07/01/2020,13:01:53,1.95,1.85,2500,2,5000,0,512500
AMBUJACEM30JAN20210CE.NFO,07/01/2020,13:01:58,1.95,1.85,2500,1.95,2500,0,512500
AMBUJACEM30JAN20210CE.NFO,07/01/2020,13:02:04,1.95,1.85,2500,2,5000,0,512500
AMBUJACEM30JAN20210CE.NFO,07/01/2020,13:02:41,1.95,1.9,2500,2,5000,0,512500
AMBUJACEM30JAN20210CE.NFO,07/01/2020,13:03:02,1.95,1.9,2500,1.95,2500,0,512500
AMBUJACEM30JAN20210CE.NFO,07/01/2020,13:04:49,1.95,1.85,2500,1.95,2500,0,512500
AMBUJACEM30JAN20210CE.NFO,07/01/2020,13:05:42,1.95,1.85,2500,2,5000,0,512500
AMBUJACEM30JAN20210CE.NFO,07/01/2020,13:07:25,1.95,1.9,2500,2,5000,0,512500
AMBUJACEM30JAN20210CE.NFO,07/01/2020,13:07:58,1.95,1.85,2500,2,5000,0,512500
AMBUJACEM30JAN20210CE.NFO,07/01/2020,13:08:37,1.85,1.8,5000,1.95,5000,2500,515000
AMBUJACEM30JAN20210CE.NFO,07/01/2020,13:08:43,1.85,1.8,5000,2,5000,0,515000
AMBUJACEM30JAN20210CE.NFO,07/01/2020,13:08:55,1.85,1.85,2500,1.95,2500,0,515000
AMBUJACEM30JAN20210CE.NFO,07/01/2020,13:09:12,1.85,1.85,2500,2,5000,0,515000
AMBUJACEM30JAN20210CE.NFO,07/01/2020,13:09:19,1.85,1.85,2500,1.95,2500,0,515000
AMBUJACEM30JAN20210CE.NFO,07/01/2020,13:09:31,1.9,1.85,2500,1.95,2500,2500,517500
AMBUJACEM30JAN20210CE.NFO,07/01/2020,13:09:38,1.9,1.85,2500,1.95,2500,0,517500
AMBUJACEM30JAN20210CE.NFO,07/01/2020,13:09:43,1.9,1.85,2500,1.9,2500,0,517500
AMBUJACEM30JAN20210CE.NFO,07/01/2020,13:10:01,1.9,1.85,5000,2,5000,0,517500
AMBUJACEM30JAN20210CE.NFO,07/01/2020,13:11:11,1.9,1.85,5000,1.95,2500,0,517500
AMBUJACEM30JAN20210CE.NFO,07/01/2020,13:11:38,1.9,1.85,2500,2,5000,0,517500
AMBUJACEM30JAN20210CE.NFO,07/01/2020,13:11:47,1.9,1.85,2500,1.95,2500,2500,517500
AMBUJACEM30JAN20210CE.NFO,07/01/2020,13:11:56,1.9,1.85,2500,2,5000,0,517500
AMBUJACEM30JAN20210CE.NFO,07/01/2020,13:13:21,1.9,1.85,2500,1.95,2500,0,517500
AMBUJACEM30JAN20210CE.NFO,07/01/2020,13:13:25,1.9,1.85,2500,2,5000,0,517500
AMBUJACEM30JAN20210CE.NFO,07/01/2020,13:13:46,1.9,1.85,2500,1.95,2500,0,517500
AMBUJACEM30JAN20210CE.NFO,07/01/2020,13:14:06,1.9,1.85,2500,2,2500,0,517500
AMBUJACEM30JAN20210CE.NFO,07/01/2020,13:14:12,1.9,1.9,2500,2,2500,0,517500
AMBUJACEM30JAN20210CE.NFO,07/01/2020,13:14:34,1.9,1.85,2500,1.95,2500,0,517500
AMBUJACEM30JAN20210CE.NFO,07/01/2020,13:14:37,1.9,1.85,2500,2,5000,0,517500
AMBUJACEM30JAN20210CE.NFO,07/01/2020,13:14:44,1.9,1.85,5000,1.95,2500,0,517500
AMBUJACEM30JAN20210CE.NFO,07/01/2020,13:15:17,1.9,1.85,5000,2,5000,0,517500
AMBUJACEM30JAN20210CE.NFO,07/01/2020,13:15:24,1.9,1.85,5000,1.95,2500,0,517500
AMBUJACEM30JAN20210CE.NFO,07/01/2020,13:15:49,1.9,1.85,5000,2,5000,0,517500
AMBUJACEM30JAN20210CE.NFO,07/01/2020,13:16:05,1.9,1.85,5000,1.95,2500,0,517500
AMBUJACEM30JAN20210CE.NFO,07/01/2020,13:16:27,1.9,1.85,5000,2,5000,0,517500
AMBUJACEM30JAN20210CE.NFO,07/01/2020,13:17:27,1.9,1.85,2500,2,10000,0,517500
AMBUJACEM30JAN20210CE.NFO,07/01/2020,13:17:33,1.9,1.85,2500,1.95,2500,0,517500
AMBUJACEM30JAN20210CE.NFO,07/01/2020,13:17:45,1.9,1.85,2500,2,7500,0,517500
AMBUJACEM30JAN20210CE.NFO,07/01/2020,13:17:51,1.9,1.85,2500,1.95,2500,0,517500
AMBUJACEM30JAN20210CE.NFO,07/01/2020,13:18:05,1.9,1.85,2500,2,7500,0,517500
AMBUJACEM30JAN20210CE.NFO,07/01/2020,13:18:14,1.9,1.85,2500,1.95,2500,0,517500
AMBUJACEM30JAN20210CE.NFO,07/01/2020,13:18:54,1.9,1.85,5000,2,5000,0,517500
AMBUJACEM30JAN20210CE.NFO,07/01/2020,13:19:07,1.9,1.85,7500,2,5000,0,517500
AMBUJACEM30JAN20210CE.NFO,07/01/2020,13:19:17,1.9,1.9,2500,2,5000,0,517500
AMBUJACEM30JAN20210CE.NFO,07/01/2020,13:19:26,1.9,1.85,2500,2,5000,0,517500
AMBUJACEM30JAN20210CE.NFO,07/01/2020,13:19:29,1.9,1.85,5000,1.95,2500,0,517500
AMBUJACEM30JAN20210CE.NFO,07/01/2020,13:19:38,1.9,1.85,7500,2,5000,0,517500
AMBUJACEM30JAN20210CE.NFO,07/01/2020,13:19:49,1.9,1.9,2500,2,5000,0,517500
AMBUJACEM30JAN20210CE.NFO,07/01/2020,13:19:57,1.9,1.95,2500,2,5000,0,517500
AMBUJACEM30JAN20210CE.NFO,07/01/2020,13:20:22,1.9,1.95,2500,2,2500,0,517500
AMBUJACEM30JAN20210CE.NFO,07/01/2020,13:21:02,1.95,1.9,2500,2,2500,2500,520000
AMBUJACEM30JAN20210CE.NFO,07/01/2020,13:21:21,1.95,1.9,2500,2,2500,0,520000
AMBUJACEM30JAN20210CE.NFO,07/01/2020,13:21:28,1.95,1.9,2500,2,5000,0,520000
AMBUJACEM30JAN20210CE.NFO,07/01/2020,13:21:36,1.95,1.9,2500,2,2500,0,520000
AMBUJACEM30JAN20210CE.NFO,07/01/2020,13:21:44,1.95,1.9,2500,2,7500,0,520000
AMBUJACEM30JAN20210CE.NFO,07/01/2020,13:21:48,1.95,1.85,2500,2,7500,0,520000
AMBUJACEM30JAN20210CE.NFO,07/01/2020,13:21:52,1.95,1.85,2500,2,5000,0,520000
AMBUJACEM30JAN20210CE.NFO,07/01/2020,13:22:16,1.95,1.8,7500,2,5000,0,520000
AMBUJACEM30JAN20210CE.NFO,07/01/2020,13:22:21,1.95,1.85,2500,2,5000,0,520000
AMBUJACEM30JAN20210CE.NFO,07/01/2020,13:22:35,1.95,1.85,2500,1.95,2500,0,520000
AMBUJACEM30JAN20210CE.NFO,07/01/2020,13:24:05,1.95,1.8,5000,1.95,2500,0,520000
AMBUJACEM30JAN20210CE.NFO,07/01/2020,13:24:26,1.95,1.85,2500,1.95,2500,0,520000
AMBUJACEM30JAN20210CE.NFO,07/01/2020,13:28:50,1.95,1.8,5000,1.95,2500,0,520000
AMBUJACEM30JAN20210CE.NFO,07/01/2020,13:29:35,1.95,1.85,2500,1.95,2500,0,520000
AMBUJACEM30JAN20210CE.NFO,07/01/2020,13:29:43,1.95,1.8,5000,1.95,5000,0,520000
AMBUJACEM30JAN20210CE.NFO,07/01/2020,13:30:08,1.95,1.85,2500,1.95,2500,0,520000
AMBUJACEM30JAN20210CE.NFO,07/01/2020,13:30:13,1.95,1.8,5000,1.95,2500,0,520000
AMBUJACEM30JAN20210CE.NFO,07/01/2020,13:30:21,1.95,1.8,7500,1.95,2500,0,520000
AMBUJACEM30JAN20210CE.NFO,07/01/2020,13:31:53,1.95,1.85,5000,1.95,2500,0,520000
AMBUJACEM30JAN20210CE.NFO,07/01/2020,13:32:14,1.95,1.8,7500,1.95,2500,0,520000
AMBUJACEM30JAN20210CE.NFO,07/01/2020,13:32:41,1.95,1.85,2500,1.95,2500,0,520000
AMBUJACEM30JAN20210CE.NFO,07/01/2020,13:33:14,1.95,1.8,7500,1.95,2500,0,520000
AMBUJACEM30JAN20210CE.NFO,07/01/2020,13:33:39,1.95,1.85,2500,1.95,2500,0,520000
AMBUJACEM30JAN20210CE.NFO,07/01/2020,13:33:56,1.95,1.8,5000,1.95,2500,0,520000
AMBUJACEM30JAN20210CE.NFO,07/01/2020,13:34:26,1.95,1.8,7500,1.95,2500,0,520000
AMBUJACEM30JAN20210CE.NFO,07/01/2020,13:34:48,1.95,1.85,2500,1.95,2500,0,520000
AMBUJACEM30JAN20210CE.NFO,07/01/2020,13:35:00,1.95,1.8,10000,1.95,2500,0,520000
AMBUJACEM30JAN20210CE.NFO,07/01/2020,13:35:07,1.95,1.8,7500,1.95,2500,0,520000
AMBUJACEM30JAN20210CE.NFO,07/01/2020,13:35:13,1.95,1.8,5000,1.95,2500,0,520000
AMBUJACEM30JAN20210CE.NFO,07/01/2020,13:35:31,1.95,1.8,7500,1.95,2500,0,520000
AMBUJACEM30JAN20210CE.NFO,07/01/2020,13:36:28,1.95,1.85,2500,1.95,2500,0,520000
AMBUJACEM30JAN20210CE.NFO,07/01/2020,13:36:43,1.95,1.8,5000,1.95,2500,0,520000
AMBUJACEM30JAN20210CE.NFO,07/01/2020,13:36:59,1.95,1.85,2500,1.95,2500,0,520000
AMBUJACEM30JAN20210CE.NFO,07/01/2020,13:37:58,1.95,1.8,10000,1.95,2500,0,520000
AMBUJACEM30JAN20210CE.NFO,07/01/2020,13:38:03,1.95,1.85,2500,1.95,2500,0,520000
AMBUJACEM30JAN20210CE.NFO,07/01/2020,13:38:15,1.95,1.8,10000,1.95,2500,0,520000
AMBUJACEM30JAN20210CE.NFO,07/01/2020,13:38:31,1.95,1.85,2500,1.95,2500,0,520000
AMBUJACEM30JAN20210CE.NFO,07/01/2020,13:38:46,1.95,1.85,2500,1.95,5000,0,520000
AMBUJACEM30JAN20210CE.NFO,07/01/2020,13:42:35,1.95,1.85,5000,1.95,5000,0,520000
AMBUJACEM30JAN20210CE.NFO,07/01/2020,13:42:40,1.95,1.85,2500,1.95,5000,0,520000
AMBUJACEM30JAN20210CE.NFO,07/01/2020,13:42:43,1.95,1.85,7500,1.95,5000,0,520000
AMBUJACEM30JAN20210CE.NFO,07/01/2020,13:43:02,1.95,1.85,5000,1.95,5000,0,520000
AMBUJACEM30JAN20210CE.NFO,07/01/2020,13:43:39,1.95,1.85,2500,1.95,5000,0,520000
AMBUJACEM30JAN20210CE.NFO,07/01/2020,13:44:23,1.95,1.85,5000,1.95,5000,0,520000
AMBUJACEM30JAN20210CE.NFO,07/01/2020,13:44:44,1.95,1.85,2500,1.95,5000,0,520000
AMBUJACEM30JAN20210CE.NFO,07/01/2020,13:45:10,1.95,1.85,5000,1.95,5000,0,520000
AMBUJACEM30JAN20210CE.NFO,07/01/2020,13:45:27,1.95,1.85,7500,1.95,5000,0,520000
AMBUJACEM30JAN20210CE.NFO,07/01/2020,13:45:31,1.95,1.85,5000,1.95,5000,0,520000
AMBUJACEM30JAN20210CE.NFO,07/01/2020,13:45:35,1.95,1.85,7500,1.95,5000,0,520000
AMBUJACEM30JAN20210CE.NFO,07/01/2020,13:45:46,1.95,1.9,2500,1.95,5000,0,520000
AMBUJACEM30JAN20210CE.NFO,07/01/2020,13:45:52,1.95,1.85,7500,1.95,5000,0,520000
AMBUJACEM30JAN20210CE.NFO,07/01/2020,13:46:01,1.95,1.85,5000,1.95,5000,0,520000
AMBUJACEM30JAN20210CE.NFO,07/01/2020,13:46:46,1.95,1.9,2500,1.95,5000,0,520000
AMBUJACEM30JAN20210CE.NFO,07/01/2020,13:48:13,1.95,1.9,5000,1.95,5000,0,520000
AMBUJACEM30JAN20210CE.NFO,07/01/2020,13:49:17,1.95,1.9,2500,1.95,5000,0,520000
AMBUJACEM30JAN20210CE.NFO,07/01/2020,13:49:34,1.9,1.85,5000,1.9,5000,2500,520000
AMBUJACEM30JAN20210CE.NFO,07/01/2020,13:49:40,1.9,1.9,2500,1.95,5000,0,520000
AMBUJACEM30JAN20210CE.NFO,07/01/2020,13:49:44,1.85,1.85,5000,1.95,5000,2500,520000
AMBUJACEM30JAN20210CE.NFO,07/01/2020,13:49:48,1.85,1.85,2500,1.95,5000,0,520000
AMBUJACEM30JAN20210CE.NFO,07/01/2020,13:49:52,1.85,1.85,2500,1.9,2500,0,520000
AMBUJACEM30JAN20210CE.NFO,07/01/2020,13:49:58,1.85,1.8,10000,1.95,5000,0,520000
AMBUJACEM30JAN20210CE.NFO,07/01/2020,13:50:15,1.85,1.85,2500,1.95,5000,0,520000
AMBUJACEM30JAN20210CE.NFO,07/01/2020,13:50:41,1.85,1.85,10000,1.95,5000,0,520000
AMBUJACEM30JAN20210CE.NFO,07/01/2020,13:51:09,1.85,1.85,7500,1.95,5000,0,520000
AMBUJACEM30JAN20210CE.NFO,07/01/2020,13:51:14,1.85,1.85,5000,1.95,5000,0,520000
AMBUJACEM30JAN20210CE.NFO,07/01/2020,13:51:30,1.85,1.85,7500,1.95,5000,0,520000
AMBUJACEM30JAN20210CE.NFO,07/01/2020,13:51:40,1.85,1.85,5000,1.95,5000,0,520000
AMBUJACEM30JAN20210CE.NFO,07/01/2020,13:51:45,1.85,1.85,7500,1.95,5000,0,520000
AMBUJACEM30JAN20210CE.NFO,07/01/2020,13:52:00,1.85,1.85,5000,1.95,5000,0,520000
AMBUJACEM30JAN20210CE.NFO,07/01/2020,13:52:05,1.85,1.85,2500,1.95,5000,0,520000
AMBUJACEM30JAN20210CE.NFO,07/01/2020,13:52:29,1.85,1.8,15000,1.9,2500,0,520000
AMBUJACEM30JAN20210CE.NFO,07/01/2020,13:53:32,1.85,1.8,12500,1.95,5000,0,520000
AMBUJACEM30JAN20210CE.NFO,07/01/2020,13:53:35,1.85,1.8,10000,1.95,5000,0,520000
AMBUJACEM30JAN20210CE.NFO,07/01/2020,13:53:40,1.85,1.8,15000,1.95,5000,0,520000
AMBUJACEM30JAN20210CE.NFO,07/01/2020,13:53:55,1.85,1.8,7500,1.95,5000,0,520000
AMBUJACEM30JAN20210CE.NFO,07/01/2020,13:54:06,1.85,1.8,10000,1.95,5000,0,520000
AMBUJACEM30JAN20210CE.NFO,07/01/2020,13:54:15,1.85,1.8,15000,1.95,5000,0,520000
AMBUJACEM30JAN20210CE.NFO,07/01/2020,13:54:55,1.85,1.8,12500,1.95,5000,0,520000
AMBUJACEM30JAN20210CE.NFO,07/01/2020,13:55:02,1.85,1.8,15000,1.95,5000,0,520000
AMBUJACEM30JAN20210CE.NFO,07/01/2020,13:55:44,1.85,1.8,17500,1.95,5000,0,520000
AMBUJACEM30JAN20210CE.NFO,07/01/2020,13:55:55,1.85,1.8,15000,1.95,5000,0,520000
AMBUJACEM30JAN20210CE.NFO,07/01/2020,13:56:26,1.85,1.85,5000,1.95,5000,0,520000
AMBUJACEM30JAN20210CE.NFO,07/01/2020,13:56:30,1.85,1.85,5000,1.95,7500,0,520000
AMBUJACEM30JAN20210CE.NFO,07/01/2020,13:56:51,1.85,1.85,7500,1.95,7500,0,520000
AMBUJACEM30JAN20210CE.NFO,07/01/2020,13:57:30,1.85,1.8,15000,1.95,7500,0,520000
AMBUJACEM30JAN20210CE.NFO,07/01/2020,13:57:34,1.85,1.85,2500,1.95,7500,0,520000
AMBUJACEM30JAN20210CE.NFO,07/01/2020,13:57:50,1.85,1.85,5000,1.95,7500,0,520000
AMBUJACEM30JAN20210CE.NFO,07/01/2020,13:57:59,1.85,1.85,2500,1.95,7500,0,520000
AMBUJACEM30JAN20210CE.NFO,07/01/2020,13:58:12,1.85,1.85,5000,1.95,7500,0,520000
AMBUJACEM30JAN20210CE.NFO,07/01/2020,13:58:18,1.85,1.85,2500,1.95,7500,0,520000
AMBUJACEM30JAN20210CE.NFO,07/01/2020,13:58:26,1.85,1.8,15000,1.95,7500,0,520000
AMBUJACEM30JAN20210CE.NFO,07/01/2020,13:58:54,1.85,1.85,5000,1.95,7500,0,520000
AMBUJACEM30JAN20210CE.NFO,07/01/2020,13:59:11,1.85,1.85,7500,1.95,7500,0,520000
AMBUJACEM30JAN20210CE.NFO,07/01/2020,13:59:18,1.85,1.85,7500,1.95,10000,0,520000
AMBUJACEM30JAN20210CE.NFO,07/01/2020,13:59:44,1.85,1.85,5000,1.95,10000,0,520000
AMBUJACEM30JAN20210CE.NFO,07/01/2020,13:59:51,1.85,1.85,7500,1.95,10000,0,520000
AMBUJACEM30JAN20210CE.NFO,07/01/2020,14:00:10,1.85,1.85,7500,1.95,7500,0,520000
AMBUJACEM30JAN20210CE.NFO,07/01/2020,14:01:03,1.85,1.85,7500,1.95,5000,0,520000
AMBUJACEM30JAN20210CE.NFO,07/01/2020,14:01:23,1.85,1.85,7500,1.9,2500,0,520000
AMBUJACEM30JAN20210CE.NFO,07/01/2020,14:01:59,1.85,1.85,5000,1.9,2500,0,520000
AMBUJACEM30JAN20210CE.NFO,07/01/2020,14:02:10,1.85,1.85,7500,1.9,2500,0,520000
AMBUJACEM30JAN20210CE.NFO,07/01/2020,14:02:49,1.9,1.85,7500,1.95,5000,2500,522500
AMBUJACEM30JAN20210CE.NFO,07/01/2020,14:02:56,1.9,1.85,7500,1.95,5000,0,522500
AMBUJACEM30JAN20210CE.NFO,07/01/2020,14:03:14,1.9,1.85,10000,1.95,5000,0,522500
AMBUJACEM30JAN20210CE.NFO,07/01/2020,14:03:36,1.9,1.85,7500,1.95,5000,0,522500
AMBUJACEM30JAN20210CE.NFO,07/01/2020,14:03:41,1.9,1.85,10000,1.95,5000,0,522500
AMBUJACEM30JAN20210CE.NFO,07/01/2020,14:04:23,1.9,1.85,7500,1.95,5000,0,522500
AMBUJACEM30JAN20210CE.NFO,07/01/2020,14:04:28,1.9,1.85,5000,1.95,5000,0,522500
AMBUJACEM30JAN20210CE.NFO,07/01/2020,14:04:36,1.9,1.85,7500,1.95,5000,0,522500
AMBUJACEM30JAN20210CE.NFO,07/01/2020,14:04:52,1.9,1.9,2500,1.95,5000,0,522500
AMBUJACEM30JAN20210CE.NFO,07/01/2020,14:05:04,1.9,1.85,5000,1.95,5000,0,522500
AMBUJACEM30JAN20210CE.NFO,07/01/2020,14:05:16,1.9,1.85,5000,1.9,2500,0,522500
AMBUJACEM30JAN20210CE.NFO,07/01/2020,14:05:22,1.9,1.85,7500,1.9,2500,0,522500
AMBUJACEM30JAN20210CE.NFO,07/01/2020,14:05:37,1.9,1.85,5000,1.9,2500,0,522500
AMBUJACEM30JAN20210CE.NFO,07/01/2020,14:05:41,1.9,1.85,5000,1.95,2500,2500,520000
AMBUJACEM30JAN20210CE.NFO,07/01/2020,14:06:03,1.9,1.85,5000,1.95,2500,0,520000
AMBUJACEM30JAN20210CE.NFO,07/01/2020,14:07:10,1.9,1.85,7500,1.95,2500,0,520000
AMBUJACEM30JAN20210CE.NFO,07/01/2020,14:07:26,1.9,1.85,5000,1.95,2500,0,520000
AMBUJACEM30JAN20210CE.NFO,07/01/2020,14:07:42,1.9,1.85,7500,1.95,2500,0,520000
AMBUJACEM30JAN20210CE.NFO,07/01/2020,14:07:50,1.9,1.85,5000,1.95,2500,0,520000
AMBUJACEM30JAN20210CE.NFO,07/01/2020,14:07:58,1.9,1.85,7500,1.95,2500,0,520000
AMBUJACEM30JAN20210CE.NFO,07/01/2020,14:09:47,1.9,1.9,5000,1.95,2500,0,520000
AMBUJACEM30JAN20210CE.NFO,07/01/2020,14:10:00,1.95,1.95,2500,2,7500,2500,520000
AMBUJACEM30JAN20210CE.NFO,07/01/2020,14:10:07,1.95,1.95,2500,2,5000,0,520000
AMBUJACEM30JAN20210CE.NFO,07/01/2020,14:10:18,1.95,1.9,2500,2,5000,0,520000
AMBUJACEM30JAN20210CE.NFO,07/01/2020,14:10:21,1.95,1.9,5000,2,5000,0,520000
AMBUJACEM30JAN20210CE.NFO,07/01/2020,14:10:25,1.95,1.9,2500,2,5000,0,520000
AMBUJACEM30JAN20210CE.NFO,07/01/2020,14:10:38,1.95,1.9,2500,2,7500,0,520000
AMBUJACEM30JAN20210CE.NFO,07/01/2020,14:10:54,1.95,1.9,5000,2,7500,0,520000
AMBUJACEM30JAN20210CE.NFO,07/01/2020,14:10:59,1.95,1.9,5000,2,5000,0,520000
AMBUJACEM30JAN20210CE.NFO,07/01/2020,14:11:00,1.95,1.95,2500,2,5000,0,520000
AMBUJACEM30JAN20210CE.NFO,07/01/2020,14:11:04,1.95,1.95,5000,2,5000,0,520000
AMBUJACEM30JAN20210CE.NFO,07/01/2020,14:11:29,1.95,1.95,2500,2,5000,0,520000
AMBUJACEM30JAN20210CE.NFO,07/01/2020,14:12:13,1.95,1.95,2500,2,2500,0,520000
AMBUJACEM30JAN20210CE.NFO,07/01/2020,14:12:44,2,1.95,2500,2.05,2500,2500,520000
AMBUJACEM30JAN20210CE.NFO,07/01/2020,14:12:54,2,1.95,5000,2.1,5000,0,520000
AMBUJACEM30JAN20210CE.NFO,07/01/2020,14:13:03,2,1.95,5000,2,2500,0,520000
AMBUJACEM30JAN20210CE.NFO,07/01/2020,14:13:12,2,1.95,2500,2,2500,0,520000
AMBUJACEM30JAN20210CE.NFO,07/01/2020,14:13:15,2,1.95,5000,2,2500,0,520000
AMBUJACEM30JAN20210CE.NFO,07/01/2020,14:13:51,2,1.95,2500,2,2500,0,520000
AMBUJACEM30JAN20210CE.NFO,07/01/2020,14:13:54,2,1.95,2500,2.05,2500,2500,520000
AMBUJACEM30JAN20210CE.NFO,07/01/2020,14:14:10,2,1.95,5000,2.1,2500,0,520000
AMBUJACEM30JAN20210CE.NFO,07/01/2020,14:14:18,2,1.95,7500,2.1,2500,0,520000
AMBUJACEM30JAN20210CE.NFO,07/01/2020,14:14:28,2.1,2,2500,2.15,5000,2500,520000
AMBUJACEM30JAN20210CE.NFO,07/01/2020,14:14:31,2.1,2,2500,2.15,5000,0,520000
AMBUJACEM30JAN20210CE.NFO,07/01/2020,14:14:47,2.1,2,5000,2.15,5000,0,520000
AMBUJACEM30JAN20210CE.NFO,07/01/2020,14:14:53,2.1,2,2500,2.15,5000,0,520000
AMBUJACEM30JAN20210CE.NFO,07/01/2020,14:15:01,2.1,2,2500,2.15,5000,2500,520000
AMBUJACEM30JAN20210CE.NFO,07/01/2020,14:15:07,2.1,2,2500,2.15,5000,0,520000
AMBUJACEM30JAN20210CE.NFO,07/01/2020,14:15:11,2.1,2.1,2500,2.15,5000,0,520000
AMBUJACEM30JAN20210CE.NFO,07/01/2020,14:15:21,2.15,2.05,2500,2.15,2500,2500,525000
AMBUJACEM30JAN20210CE.NFO,07/01/2020,14:15:27,2.15,2.05,2500,2.15,2500,0,525000
AMBUJACEM30JAN20210CE.NFO,07/01/2020,14:15:38,2.15,2.05,5000,2.15,2500,0,525000
AMBUJACEM30JAN20210CE.NFO,07/01/2020,14:15:43,2.15,2,2500,2.15,2500,0,525000
AMBUJACEM30JAN20210CE.NFO,07/01/2020,14:15:47,2.15,2,2500,2.2,5000,0,525000
AMBUJACEM30JAN20210CE.NFO,07/01/2020,14:15:51,2.15,2,2500,2.2,7500,2500,525000
AMBUJACEM30JAN20210CE.NFO,07/01/2020,14:15:54,2.15,2,2500,2.15,2500,0,525000
AMBUJACEM30JAN20210CE.NFO,07/01/2020,14:16:02,2.15,2,2500,2.15,7500,0,525000
AMBUJACEM30JAN20210CE.NFO,07/01/2020,14:16:08,2.15,2,2500,2.1,2500,0,525000
AMBUJACEM30JAN20210CE.NFO,07/01/2020,14:16:23,2.1,2.05,2500,2.15,5000,2500,525000
AMBUJACEM30JAN20210CE.NFO,07/01/2020,14:16:30,2.1,2.05,2500,2.15,5000,0,525000
AMBUJACEM30JAN20210CE.NFO,07/01/2020,14:16:37,2.1,2.05,5000,2.15,5000,0,525000
AMBUJACEM30JAN20210CE.NFO,07/01/2020,14:16:41,2.1,2.05,2500,2.15,2500,0,525000
AMBUJACEM30JAN20210CE.NFO,07/01/2020,14:16:46,2.1,2,5000,2.15,2500,2500,525000
AMBUJACEM30JAN20210CE.NFO,07/01/2020,14:16:55,2.1,2,5000,2.15,2500,0,525000
AMBUJACEM30JAN20210CE.NFO,07/01/2020,14:17:02,2.1,2.05,2500,2.2,2500,0,525000
AMBUJACEM30JAN20210CE.NFO,07/01/2020,14:17:05,2.1,2.05,2500,2.15,2500,0,525000
AMBUJACEM30JAN20210CE.NFO,07/01/2020,14:17:09,2.1,2.05,2500,2.2,2500,0,525000
AMBUJACEM30JAN20210CE.NFO,07/01/2020,14:17:13,2.1,2.05,2500,2.15,2500,0,525000
AMBUJACEM30JAN20210CE.NFO,07/01/2020,14:17:21,2.1,2.05,2500,2.2,2500,0,525000
AMBUJACEM30JAN20210CE.NFO,07/01/2020,14:17:27,2.1,2.05,2500,2.15,2500,0,525000
AMBUJACEM30JAN20210CE.NFO,07/01/2020,14:17:31,2.1,2.1,2500,2.2,2500,0,525000
AMBUJACEM30JAN20210CE.NFO,07/01/2020,14:17:55,2.1,2.1,2500,2.2,5000,0,525000
AMBUJACEM30JAN20210CE.NFO,07/01/2020,14:17:58,2.2,2.1,2500,2.25,7500,2500,525000
AMBUJACEM30JAN20210CE.NFO,07/01/2020,14:18:03,2.2,2.1,2500,2.25,7500,0,525000
AMBUJACEM30JAN20210CE.NFO,07/01/2020,14:18:34,2.2,2.15,2500,2.25,5000,0,525000
AMBUJACEM30JAN20210CE.NFO,07/01/2020,14:18:52,2.2,2.1,2500,2.25,5000,0,525000
AMBUJACEM30JAN20210CE.NFO,07/01/2020,14:18:58,2.2,2.15,2500,2.25,5000,0,525000
AMBUJACEM30JAN20210CE.NFO,07/01/2020,14:19:08,2.2,2.2,2500,2.25,5000,0,525000
AMBUJACEM30JAN20210CE.NFO,07/01/2020,14:20:16,2.2,2.15,2500,2.25,2500,2500,525000
AMBUJACEM30JAN20210CE.NFO,07/01/2020,14:20:20,2.2,2.15,2500,2.25,2500,0,525000
AMBUJACEM30JAN20210CE.NFO,07/01/2020,14:20:35,2.2,2.1,7500,2.25,2500,0,525000
AMBUJACEM30JAN20210CE.NFO,07/01/2020,14:20:41,2.2,2.1,5000,2.2,2500,0,525000
AMBUJACEM30JAN20210CE.NFO,07/01/2020,14:20:44,2.2,2.1,2500,2.2,2500,0,525000
AMBUJACEM30JAN20210CE.NFO,07/01/2020,14:20:52,2.2,2.1,5000,2.2,2500,0,525000
AMBUJACEM30JAN20210CE.NFO,07/01/2020,14:20:56,2.2,2.1,7500,2.2,2500,0,525000
AMBUJACEM30JAN20210CE.NFO,07/01/2020,14:21:01,2.2,2.1,10000,2.2,2500,0,525000
AMBUJACEM30JAN20210CE.NFO,07/01/2020,14:21:05,2.2,2.1,7500,2.25,2500,2500,525000
AMBUJACEM30JAN20210CE.NFO,07/01/2020,14:21:10,2.2,2.15,5000,2.25,2500,0,525000
AMBUJACEM30JAN20210CE.NFO,07/01/2020,14:21:14,2.2,2.15,2500,2.25,2500,0,525000
AMBUJACEM30JAN20210CE.NFO,07/01/2020,14:21:23,2.2,2.1,5000,2.25,2500,0,525000
AMBUJACEM30JAN20210CE.NFO,07/01/2020,14:21:26,2.2,2.15,2500,2.25,2500,0,525000
AMBUJACEM30JAN20210CE.NFO,07/01/2020,14:21:30,2.2,2.1,5000,2.25,2500,0,525000
AMBUJACEM30JAN20210CE.NFO,07/01/2020,14:21:34,2.2,2.2,2500,2.25,2500,0,525000
AMBUJACEM30JAN20210CE.NFO,07/01/2020,14:21:44,2.25,2.15,2500,2.3,2500,2500,522500
AMBUJACEM30JAN20210CE.NFO,07/01/2020,14:21:53,2.25,2.2,2500,2.3,2500,0,522500
AMBUJACEM30JAN20210CE.NFO,07/01/2020,14:22:09,2.25,2.15,2500,2.3,2500,0,522500
AMBUJACEM30JAN20210CE.NFO,07/01/2020,14:22:20,2.25,2.15,2500,2.25,2500,0,522500
AMBUJACEM30JAN20210CE.NFO,07/01/2020,14:22:23,2.25,2.15,2500,2.3,2500,0,522500
AMBUJACEM30JAN20210CE.NFO,07/01/2020,14:22:28,2.25,2.15,2500,2.3,5000,0,522500
AMBUJACEM30JAN20210CE.NFO,07/01/2020,14:22:33,2.25,2.15,2500,2.25,2500,0,522500
AMBUJACEM30JAN20210CE.NFO,07/01/2020,14:22:41,2.25,2.15,2500,2.3,5000,0,522500
AMBUJACEM30JAN20210CE.NFO,07/01/2020,14:22:50,2.25,2.15,2500,2.25,2500,0,522500
AMBUJACEM30JAN20210CE.NFO,07/01/2020,14:22:58,2.25,2.15,2500,2.3,2500,2500,522500
AMBUJACEM30JAN20210CE.NFO,07/01/2020,14:23:01,2.25,2.15,2500,2.25,2500,0,522500
AMBUJACEM30JAN20210CE.NFO,07/01/2020,14:23:09,2.2,2.15,2500,2.25,2500,2500,522500
AMBUJACEM30JAN20210CE.NFO,07/01/2020,14:23:24,2.2,2.15,2500,2.25,2500,0,522500
AMBUJACEM30JAN20210CE.NFO,07/01/2020,14:24:26,2.2,2.1,5000,2.25,2500,0,522500
AMBUJACEM30JAN20210CE.NFO,07/01/2020,14:24:34,2.2,2.1,5000,2.2,2500,0,522500
AMBUJACEM30JAN20210CE.NFO,07/01/2020,14:24:39,2.2,2.15,2500,2.25,2500,2500,527500
AMBUJACEM30JAN20210CE.NFO,07/01/2020,14:24:48,2.2,2.1,5000,2.25,2500,0,527500
AMBUJACEM30JAN20210CE.NFO,07/01/2020,14:25:00,2.2,2.15,2500,2.25,2500,0,527500
AMBUJACEM30JAN20210CE.NFO,07/01/2020,14:25:19,2.2,2.1,7500,2.25,2500,0,527500
AMBUJACEM30JAN20210CE.NFO,07/01/2020,14:25:23,2.2,2.15,2500,2.25,2500,0,527500
AMBUJACEM30JAN20210CE.NFO,07/01/2020,14:25:26,2.2,2.15,2500,2.25,5000,0,527500
AMBUJACEM30JAN20210CE.NFO,07/01/2020,14:25:36,2.2,2.1,7500,2.25,5000,0,527500
AMBUJACEM30JAN20210CE.NFO,07/01/2020,14:25:40,2.2,2.15,2500,2.25,5000,0,527500
AMBUJACEM30JAN20210CE.NFO,07/01/2020,14:25:44,2.2,2.1,7500,2.25,5000,0,527500
AMBUJACEM30JAN20210CE.NFO,07/01/2020,14:25:47,2.2,2.15,2500,2.25,5000,0,527500
AMBUJACEM30JAN20210CE.NFO,07/01/2020,14:25:50,2.2,2.1,7500,2.25,5000,0,527500
AMBUJACEM30JAN20210CE.NFO,07/01/2020,14:25:59,2.2,2.1,5000,2.25,5000,0,527500
AMBUJACEM30JAN20210CE.NFO,07/01/2020,14:26:02,2.2,2.1,7500,2.25,5000,0,527500
AMBUJACEM30JAN20210CE.NFO,07/01/2020,14:26:10,2.2,2.1,5000,2.25,5000,0,527500
AMBUJACEM30JAN20210CE.NFO,07/01/2020,14:26:15,2.2,2.1,5000,2.25,7500,0,527500
AMBUJACEM30JAN20210CE.NFO,07/01/2020,14:26:20,2.2,2.1,5000,2.25,5000,0,527500
AMBUJACEM30JAN20210CE.NFO,07/01/2020,14:26:24,2.2,2.1,5000,2.2,2500,0,527500
AMBUJACEM30JAN20210CE.NFO,07/01/2020,14:26:28,2.2,2.1,2500,2.25,5000,0,527500
AMBUJACEM30JAN20210CE.NFO,07/01/2020,14:27:12,2.2,2.1,5000,2.25,5000,0,527500
AMBUJACEM30JAN20210CE.NFO,07/01/2020,14:27:32,2.2,2.15,2500,2.25,5000,0,527500
AMBUJACEM30JAN20210CE.NFO,07/01/2020,14:28:28,2.25,2.15,2500,2.25,2500,2500,525000
AMBUJACEM30JAN20210CE.NFO,07/01/2020,14:28:31,2.25,2.15,2500,2.25,2500,0,525000
AMBUJACEM30JAN20210CE.NFO,07/01/2020,14:29:06,2.25,2.15,2500,2.25,5000,0,525000
AMBUJACEM30JAN20210CE.NFO,07/01/2020,14:29:19,2.25,2.15,2500,2.2,2500,0,525000
AMBUJACEM30JAN20210CE.NFO,07/01/2020,14:29:24,2.25,2.15,2500,2.2,5000,0,525000
AMBUJACEM30JAN20210CE.NFO,07/01/2020,14:30:08,2.25,2.15,2500,2.2,2500,0,525000
AMBUJACEM30JAN20210CE.NFO,07/01/2020,14:30:32,2.25,2.15,2500,2.25,5000,0,525000
AMBUJACEM30JAN20210CE.NFO,07/01/2020,14:30:41,2.25,2.2,2500,2.25,5000,0,525000
AMBUJACEM30JAN20210CE.NFO,07/01/2020,14:31:05,2.25,2.15,2500,2.25,2500,2500,525000
AMBUJACEM30JAN20210CE.NFO,07/01/2020,14:31:13,2.25,2.2,2500,2.3,5000,0,525000
AMBUJACEM30JAN20210CE.NFO,07/01/2020,14:31:33,2.25,2.2,2500,2.3,2500,0,525000
AMBUJACEM30JAN20210CE.NFO,07/01/2020,14:32:05,2.3,2.25,2500,2.35,5000,2500,525000
AMBUJACEM30JAN20210CE.NFO,07/01/2020,14:32:10,2.3,2.25,2500,2.35,5000,0,525000
AMBUJACEM30JAN20210CE.NFO,07/01/2020,14:32:22,2.4,2.25,2500,2.4,2500,5000,525000
AMBUJACEM30JAN20210CE.NFO,07/01/2020,14:32:28,2.4,2.3,2500,2.4,2500,0,525000
AMBUJACEM30JAN20210CE.NFO,07/01/2020,14:32:33,2.4,2.3,5000,2.45,2500,0,525000
AMBUJACEM30JAN20210CE.NFO,07/01/2020,14:32:45,2.4,2.35,2500,2.45,2500,0,525000
AMBUJACEM30JAN20210CE.NFO,07/01/2020,14:32:55,2.4,2.3,5000,2.45,5000,0,525000
AMBUJACEM30JAN20210CE.NFO,07/01/2020,14:33:00,2.4,2.3,2500,2.4,5000,0,525000
AMBUJACEM30JAN20210CE.NFO,07/01/2020,14:33:07,2.4,2.25,2500,2.35,2500,0,525000
AMBUJACEM30JAN20210CE.NFO,07/01/2020,14:33:19,2.4,2.3,2500,2.35,2500,0,525000
AMBUJACEM30JAN20210CE.NFO,07/01/2020,14:33:25,2.4,2.25,2500,2.3,2500,0,525000
AMBUJACEM30JAN20210CE.NFO,07/01/2020,14:33:31,2.4,2.25,2500,2.35,2500,0,525000
AMBUJACEM30JAN20210CE.NFO,07/01/2020,14:33:38,2.4,2.25,2500,2.3,2500,0,525000
AMBUJACEM30JAN20210CE.NFO,07/01/2020,14:33:43,2.4,2.2,2500,2.25,2500,0,525000
AMBUJACEM30JAN20210CE.NFO,07/01/2020,14:33:49,2.2,2.15,2500,2.2,2500,2500,525000
AMBUJACEM30JAN20210CE.NFO,07/01/2020,14:33:55,2.2,2.15,2500,2.2,2500,0,525000
AMBUJACEM30JAN20210CE.NFO,07/01/2020,14:34:15,2.2,2.1,2500,2.2,2500,0,525000
AMBUJACEM30JAN20210CE.NFO,07/01/2020,14:34:19,2.15,2.1,2500,2.2,2500,2500,525000
AMBUJACEM30JAN20210CE.NFO,07/01/2020,14:34:23,2.15,2.1,2500,2.25,2500,0,525000
AMBUJACEM30JAN20210CE.NFO,07/01/2020,14:34:31,2.15,2.1,5000,2.3,2500,0,525000
AMBUJACEM30JAN20210CE.NFO,07/01/2020,14:34:46,2.15,2.15,2500,2.3,2500,0,525000
AMBUJACEM30JAN20210CE.NFO,07/01/2020,14:34:51,2.15,2.15,2500,2.3,5000,0,525000
AMBUJACEM30JAN20210CE.NFO,07/01/2020,14:35:13,2.15,2.15,2500,2.35,5000,0,525000
AMBUJACEM30JAN20210CE.NFO,07/01/2020,14:35:18,2.15,2.2,2500,2.35,2500,0,525000
AMBUJACEM30JAN20210CE.NFO,07/01/2020,14:35:27,2.15,2.2,2500,2.4,5000,0,525000
AMBUJACEM30JAN20210CE.NFO,07/01/2020,14:35:33,2.15,2.2,2500,2.35,2500,0,525000
AMBUJACEM30JAN20210CE.NFO,07/01/2020,14:35:49,2.15,2.25,5000,2.4,5000,0,525000
AMBUJACEM30JAN20210CE.NFO,07/01/2020,14:35:53,2.4,2.35,5000,2.5,7500,2500,525000
AMBUJACEM30JAN20210CE.NFO,07/01/2020,14:35:57,2.4,2.35,2500,2.45,2500,0,525000
AMBUJACEM30JAN20210CE.NFO,07/01/2020,14:36:11,2.4,2.35,5000,2.5,7500,5000,525000
AMBUJACEM30JAN20210CE.NFO,07/01/2020,14:36:16,2.4,2.35,5000,2.5,7500,0,525000
AMBUJACEM30JAN20210CE.NFO,07/01/2020,14:36:25,2.5,2.4,2500,2.5,2500,2500,525000
AMBUJACEM30JAN20210CE.NFO,07/01/2020,14:36:30,2.5,2.45,7500,2.55,2500,2500,525000
AMBUJACEM30JAN20210CE.NFO,07/01/2020,14:36:35,2.5,2.45,2500,2.55,2500,0,525000
AMBUJACEM30JAN20210CE.NFO,07/01/2020,14:36:45,2.5,2.4,2500,2.55,2500,0,525000
AMBUJACEM30JAN20210CE.NFO,07/01/2020,14:36:51,2.5,2.4,7500,2.55,2500,0,525000
AMBUJACEM30JAN20210CE.NFO,07/01/2020,14:36:56,2.5,2.4,2500,2.55,2500,0,525000
AMBUJACEM30JAN20210CE.NFO,07/01/2020,14:37:10,2.5,2.4,5000,2.55,2500,0,525000
AMBUJACEM30JAN20210CE.NFO,07/01/2020,14:37:14,2.5,2.35,2500,2.5,2500,0,525000
AMBUJACEM30JAN20210CE.NFO,07/01/2020,14:37:20,2.5,2.3,5000,2.5,5000,0,525000
AMBUJACEM30JAN20210CE.NFO,07/01/2020,14:37:24,2.5,2.3,7500,2.45,2500,0,525000
AMBUJACEM30JAN20210CE.NFO,07/01/2020,14:37:29,2.5,2.35,5000,2.45,2500,0,525000
AMBUJACEM30JAN20210CE.NFO,07/01/2020,14:37:40,2.5,2.35,5000,2.45,5000,0,525000
AMBUJACEM30JAN20210CE.NFO,07/01/2020,14:37:46,2.5,2.35,5000,2.4,2500,0,525000
AMBUJACEM30JAN20210CE.NFO,07/01/2020,14:37:55,2.35,2.3,5000,2.4,2500,2500,525000
AMBUJACEM30JAN20210CE.NFO,07/01/2020,14:38:03,2.35,2.35,2500,2.45,5000,0,525000
AMBUJACEM30JAN20210CE.NFO,07/01/2020,14:38:08,2.35,2.35,5000,2.45,5000,0,525000
AMBUJACEM30JAN20210CE.NFO,07/01/2020,14:38:12,2.35,2.35,5000,2.45,7500,0,525000
AMBUJACEM30JAN20210CE.NFO,07/01/2020,14:38:16,2.35,2.35,2500,2.45,7500,0,525000
AMBUJACEM30JAN20210CE.NFO,07/01/2020,14:38:25,2.35,2.3,2500,2.4,2500,0,525000
AMBUJACEM30JAN20210CE.NFO,07/01/2020,14:38:31,2.35,2.35,2500,2.45,10000,0,525000
AMBUJACEM30JAN20210CE.NFO,07/01/2020,14:38:37,2.35,2.35,2500,2.45,7500,0,525000
AMBUJACEM30JAN20210CE.NFO,07/01/2020,14:38:41,2.45,2.3,2500,2.45,5000,5000,525000
AMBUJACEM30JAN20210CE.NFO,07/01/2020,14:38:49,2.45,2.35,2500,2.45,2500,0,525000
AMBUJACEM30JAN20210CE.NFO,07/01/2020,14:38:55,2.45,2.4,2500,2.45,2500,0,525000
AMBUJACEM30JAN20210CE.NFO,07/01/2020,14:39:00,2.45,2.4,2500,2.5,2500,2500,525000
AMBUJACEM30JAN20210CE.NFO,07/01/2020,14:39:06,2.45,2.4,2500,2.5,2500,0,525000
AMBUJACEM30JAN20210CE.NFO,07/01/2020,14:39:11,2.4,2.35,2500,2.45,2500,2500,525000
AMBUJACEM30JAN20210CE.NFO,07/01/2020,14:39:15,2.4,2.3,2500,2.45,5000,0,525000
AMBUJACEM30JAN20210CE.NFO,07/01/2020,14:39:21,2.4,2.35,2500,2.45,2500,0,525000
AMBUJACEM30JAN20210CE.NFO,07/01/2020,14:39:40,2.45,2.35,2500,2.4,2500,2500,517500
AMBUJACEM30JAN20210CE.NFO,07/01/2020,14:39:44,2.4,2.3,2500,2.45,2500,2500,517500
AMBUJACEM30JAN20210CE.NFO,07/01/2020,14:39:49,2.4,2.35,2500,2.45,2500,0,517500
AMBUJACEM30JAN20210CE.NFO,07/01/2020,14:39:58,2.4,2.3,2500,2.45,2500,0,517500
AMBUJACEM30JAN20210CE.NFO,07/01/2020,14:40:03,2.4,2.35,2500,2.45,5000,0,517500
AMBUJACEM30JAN20210CE.NFO,07/01/2020,14:40:09,2.4,2.3,2500,2.4,2500,0,517500
AMBUJACEM30JAN20210CE.NFO,07/01/2020,14:40:15,2.4,2.3,5000,2.4,2500,0,517500
AMBUJACEM30JAN20210CE.NFO,07/01/2020,14:40:25,2.4,2.35,5000,2.45,5000,0,517500
AMBUJACEM30JAN20210CE.NFO,07/01/2020,14:40:28,2.4,2.35,2500,2.45,2500,0,517500
AMBUJACEM30JAN20210CE.NFO,07/01/2020,14:40:33,2.4,2.35,2500,2.45,5000,0,517500
AMBUJACEM30JAN20210CE.NFO,07/01/2020,14:40:41,2.4,2.35,5000,2.45,5000,0,517500
AMBUJACEM30JAN20210CE.NFO,07/01/2020,14:40:53,2.4,2.35,5000,2.45,2500,0,517500
AMBUJACEM30JAN20210CE.NFO,07/01/2020,14:40:57,2.4,2.4,5000,2.45,2500,0,517500
AMBUJACEM30JAN20210CE.NFO,07/01/2020,14:41:00,2.4,2.4,2500,2.45,2500,0,517500
AMBUJACEM30JAN20210CE.NFO,07/01/2020,14:41:13,2.45,2.4,2500,2.45,2500,2500,517500
AMBUJACEM30JAN20210CE.NFO,07/01/2020,14:41:16,2.45,2.4,2500,2.45,2500,0,517500
AMBUJACEM30JAN20210CE.NFO,07/01/2020,14:41:23,2.45,2.4,5000,2.45,5000,0,517500
AMBUJACEM30JAN20210CE.NFO,07/01/2020,14:41:41,2.45,2.4,5000,2.5,2500,2500,517500
AMBUJACEM30JAN20210CE.NFO,07/01/2020,14:41:46,2.5,2.45,2500,2.55,5000,2500,517500
AMBUJACEM30JAN20210CE.NFO,07/01/2020,14:41:49,2.5,2.45,2500,2.55,5000,0,517500
AMBUJACEM30JAN20210CE.NFO,07/01/2020,14:41:52,2.5,2.4,5000,2.55,5000,0,517500
AMBUJACEM30JAN20210CE.NFO,07/01/2020,14:41:56,2.5,2.45,2500,2.55,5000,0,517500
AMBUJACEM30JAN20210CE.NFO,07/01/2020,14:42:00,2.5,2.5,5000,2.6,7500,0,517500
AMBUJACEM30JAN20210CE.NFO,07/01/2020,14:42:05,2.5,2.55,2500,2.6,7500,0,517500
AMBUJACEM30JAN20210CE.NFO,07/01/2020,14:42:09,2.5,2.55,2500,2.6,2500,0,517500
AMBUJACEM30JAN20210CE.NFO,07/01/2020,14:42:13,2.5,2.55,5000,2.6,2500,0,517500
AMBUJACEM30JAN20210CE.NFO,07/01/2020,14:42:17,2.6,2.55,5000,2.65,2500,2500,517500
AMBUJACEM30JAN20210CE.NFO,07/01/2020,14:42:21,2.6,2.55,5000,2.65,2500,0,517500
AMBUJACEM30JAN20210CE.NFO,07/01/2020,14:42:30,2.65,2.55,2500,2.7,10000,2500,517500
AMBUJACEM30JAN20210CE.NFO,07/01/2020,14:42:35,2.65,2.6,2500,2.7,10000,0,517500
AMBUJACEM30JAN20210CE.NFO,07/01/2020,14:42:54,2.6,2.55,2500,2.65,2500,2500,517500
AMBUJACEM30JAN20210CE.NFO,07/01/2020,14:43:02,2.6,2.5,7500,2.65,7500,0,517500
AMBUJACEM30JAN20210CE.NFO,07/01/2020,14:43:06,2.6,2.55,2500,2.6,2500,0,517500
AMBUJACEM30JAN20210CE.NFO,07/01/2020,14:43:10,2.55,2.5,2500,2.6,2500,5000,517500
AMBUJACEM30JAN20210CE.NFO,07/01/2020,14:43:14,2.55,2.5,2500,2.6,2500,0,517500
AMBUJACEM30JAN20210CE.NFO,07/01/2020,14:43:32,2.55,2.5,5000,2.65,2500,0,517500
AMBUJACEM30JAN20210CE.NFO,07/01/2020,14:43:38,2.55,2.45,2500,2.6,2500,0,517500
AMBUJACEM30JAN20210CE.NFO,07/01/2020,14:43:44,2.55,2.4,2500,2.55,2500,0,517500
AMBUJACEM30JAN20210CE.NFO,07/01/2020,14:43:52,2.55,2.4,5000,2.55,5000,0,517500
AMBUJACEM30JAN20210CE.NFO,07/01/2020,14:43:57,2.55,2.4,5000,2.55,2500,0,517500
AMBUJACEM30JAN20210CE.NFO,07/01/2020,14:44:18,2.55,2.4,5000,2.5,2500,0,517500
AMBUJACEM30JAN20210CE.NFO,07/01/2020,14:44:34,2.55,2.4,2500,2.45,2500,0,517500
AMBUJACEM30JAN20210CE.NFO,07/01/2020,14:44:39,2.55,2.35,2500,2.45,2500,0,517500
AMBUJACEM30JAN20210CE.NFO,07/01/2020,14:44:43,2.55,2.3,5000,2.45,2500,0,517500
AMBUJACEM30JAN20210CE.NFO,07/01/2020,14:45:05,2.55,2.3,2500,2.45,2500,0,517500
AMBUJACEM30JAN20210CE.NFO,07/01/2020,14:45:12,2.55,2.3,2500,2.35,2500,0,517500
AMBUJACEM30JAN20210CE.NFO,07/01/2020,14:45:19,2.3,2.2,2500,2.35,2500,2500,517500
AMBUJACEM30JAN20210CE.NFO,07/01/2020,14:45:27,2.3,2.15,5000,2.35,2500,0,517500
AMBUJACEM30JAN20210CE.NFO,07/01/2020,14:45:33,2.3,2.15,5000,2.3,2500,0,517500
AMBUJACEM30JAN20210CE.NFO,07/01/2020,14:45:39,2.3,2.15,2500,2.3,2500,0,517500
AMBUJACEM30JAN20210CE.NFO,07/01/2020,14:45:44,2.2,2.1,2500,2.25,5000,2500,522500
AMBUJACEM30JAN20210CE.NFO,07/01/2020,14:45:49,2.2,2,2500,2.2,2500,0,522500
AMBUJACEM30JAN20210CE.NFO,07/01/2020,14:45:54,2.2,2.05,2500,2.2,2500,0,522500
AMBUJACEM30JAN20210CE.NFO,07/01/2020,14:46:01,2.2,2.1,2500,2.2,2500,0,522500
AMBUJACEM30JAN20210CE.NFO,07/01/2020,14:46:07,2.2,2.1,5000,2.2,2500,0,522500
AMBUJACEM30JAN20210CE.NFO,07/01/2020,14:46:13,2.2,2,7500,2.2,2500,2500,522500
AMBUJACEM30JAN20210CE.NFO,07/01/2020,14:46:19,2.2,2.05,5000,2.2,2500,0,522500
AMBUJACEM30JAN20210CE.NFO,07/01/2020,14:46:29,2.2,2.05,7500,2.2,2500,0,522500
AMBUJACEM30JAN20210CE.NFO,07/01/2020,14:46:35,2.2,2.05,7500,2.25,5000,0,522500
AMBUJACEM30JAN20210CE.NFO,07/01/2020,14:46:48,2.2,2.1,5000,2.25,5000,0,522500
AMBUJACEM30JAN20210CE.NFO,07/01/2020,14:46:58,2.2,2.15,2500,2.25,2500,0,522500
AMBUJACEM30JAN20210CE.NFO,07/01/2020,14:47:02,2.2,2.2,2500,2.25,5000,0,522500
AMBUJACEM30JAN20210CE.NFO,07/01/2020,14:47:07,2.2,2.1,5000,2.25,5000,2500,522500
AMBUJACEM30JAN20210CE.NFO,07/01/2020,14:47:12,2.2,2.1,5000,2.25,5000,0,522500
AMBUJACEM30JAN20210CE.NFO,07/01/2020,14:47:25,2.2,2.1,7500,2.25,5000,0,522500
AMBUJACEM30JAN20210CE.NFO,07/01/2020,14:47:30,2.2,2.1,10000,2.25,5000,0,522500
AMBUJACEM30JAN20210CE.NFO,07/01/2020,14:47:48,2.2,2.1,10000,2.25,2500,0,522500
AMBUJACEM30JAN20210CE.NFO,07/01/2020,14:47:52,2.2,2.15,2500,2.25,5000,0,522500
AMBUJACEM30JAN20210CE.NFO,07/01/2020,14:47:56,2.2,2.15,5000,2.25,5000,0,522500
AMBUJACEM30JAN20210CE.NFO,07/01/2020,14:48:07,2.2,2.15,2500,2.25,5000,0,522500
AMBUJACEM30JAN20210CE.NFO,07/01/2020,14:48:59,2.2,2.15,5000,2.25,5000,0,522500
AMBUJACEM30JAN20210CE.NFO,07/01/2020,14:49:02,2.2,2.1,5000,2.2,2500,0,522500
AMBUJACEM30JAN20210CE.NFO,07/01/2020,14:49:07,2.2,2.15,2500,2.25,5000,0,522500
AMBUJACEM30JAN20210CE.NFO,07/01/2020,14:49:11,2.2,2.1,5000,2.25,5000,0,522500
AMBUJACEM30JAN20210CE.NFO,07/01/2020,14:49:15,2.2,2.1,5000,2.2,2500,0,522500
AMBUJACEM30JAN20210CE.NFO,07/01/2020,14:49:56,2.2,2.1,7500,2.2,2500,0,522500
AMBUJACEM30JAN20210CE.NFO,07/01/2020,14:50:01,2.2,2.15,5000,2.2,2500,0,522500
AMBUJACEM30JAN20210CE.NFO,07/01/2020,14:51:42,2.2,2.15,2500,2.2,2500,0,522500
AMBUJACEM30JAN20210CE.NFO,07/01/2020,14:51:46,2.2,2.1,5000,2.2,2500,0,522500
AMBUJACEM30JAN20210CE.NFO,07/01/2020,14:51:50,2.2,2.1,5000,2.2,5000,0,522500
AMBUJACEM30JAN20210CE.NFO,07/01/2020,14:51:57,2.2,2.1,2500,2.2,5000,0,522500
AMBUJACEM30JAN20210CE.NFO,07/01/2020,14:52:06,2.2,2.1,5000,2.2,5000,0,522500
AMBUJACEM30JAN20210CE.NFO,07/01/2020,14:52:15,2.2,2.1,2500,2.2,5000,0,522500
AMBUJACEM30JAN20210CE.NFO,07/01/2020,14:52:28,2.2,2.1,5000,2.2,5000,0,522500
AMBUJACEM30JAN20210CE.NFO,07/01/2020,14:52:34,2.2,2.1,2500,2.2,5000,0,522500
AMBUJACEM30JAN20210CE.NFO,07/01/2020,14:52:40,2.2,2.1,5000,2.2,5000,0,522500
AMBUJACEM30JAN20210CE.NFO,07/01/2020,14:52:46,2.2,2.1,2500,2.2,5000,0,522500
AMBUJACEM30JAN20210CE.NFO,07/01/2020,14:52:55,2.2,2.1,5000,2.2,5000,0,522500
AMBUJACEM30JAN20210CE.NFO,07/01/2020,14:53:00,2.1,2.05,7500,2.2,2500,2500,520000
AMBUJACEM30JAN20210CE.NFO,07/01/2020,14:53:06,2.1,2.05,7500,2.25,5000,0,520000
AMBUJACEM30JAN20210CE.NFO,07/01/2020,14:53:11,2.1,2.05,7500,2.25,2500,0,520000
AMBUJACEM30JAN20210CE.NFO,07/01/2020,14:53:16,2.1,2.05,12500,2.25,5000,0,520000
AMBUJACEM30JAN20210CE.NFO,07/01/2020,14:53:22,2.1,2.1,10000,2.25,5000,0,520000
AMBUJACEM30JAN20210CE.NFO,07/01/2020,14:53:29,2.1,2.15,2500,2.25,5000,0,520000
AMBUJACEM30JAN20210CE.NFO,07/01/2020,14:53:35,2.1,2.15,2500,2.2,2500,0,520000
AMBUJACEM30JAN20210CE.NFO,07/01/2020,14:53:52,2.1,2.15,5000,2.2,2500,0,520000
AMBUJACEM30JAN20210CE.NFO,07/01/2020,14:54:34,2.1,2.15,2500,2.2,2500,0,520000
AMBUJACEM30JAN20210CE.NFO,07/01/2020,14:54:56,2.1,2.15,2500,2.2,5000,0,520000
AMBUJACEM30JAN20210CE.NFO,07/01/2020,14:55:09,2.15,2.1,5000,2.25,2500,2500,522500
AMBUJACEM30JAN20210CE.NFO,07/01/2020,14:55:14,2.15,2.1,2500,2.25,2500,0,522500
AMBUJACEM30JAN20210CE.NFO,07/01/2020,14:55:18,2.15,2.1,2500,2.2,2500,0,522500
AMBUJACEM30JAN20210CE.NFO,07/01/2020,14:55:21,2.15,2.1,2500,2.25,2500,0,522500
AMBUJACEM30JAN20210CE.NFO,07/01/2020,14:55:25,2.15,2.05,15000,2.25,2500,0,522500
AMBUJACEM30JAN20210CE.NFO,07/01/2020,14:55:30,2.15,2.1,5000,2.25,2500,0,522500
AMBUJACEM30JAN20210CE.NFO,07/01/2020,14:55:34,2.15,2.1,5000,2.2,2500,0,522500
AMBUJACEM30JAN20210CE.NFO,07/01/2020,14:55:41,2.15,2.1,5000,2.2,5000,0,522500
AMBUJACEM30JAN20210CE.NFO,07/01/2020,14:55:47,2.15,2.1,5000,2.2,2500,0,522500
AMBUJACEM30JAN20210CE.NFO,07/01/2020,14:55:50,2.15,2.1,5000,2.2,5000,0,522500
AMBUJACEM30JAN20210CE.NFO,07/01/2020,14:55:53,2.15,2.1,5000,2.2,2500,0,522500
AMBUJACEM30JAN20210CE.NFO,07/01/2020,14:56:05,2.15,2.1,5000,2.2,5000,0,522500
AMBUJACEM30JAN20210CE.NFO,07/01/2020,14:56:31,2.15,2.1,2500,2.2,5000,0,522500
AMBUJACEM30JAN20210CE.NFO,07/01/2020,14:57:12,2.15,2.1,2500,2.15,2500,0,522500
AMBUJACEM30JAN20210CE.NFO,07/01/2020,14:57:37,2.15,2.1,5000,2.15,2500,0,522500
AMBUJACEM30JAN20210CE.NFO,07/01/2020,14:57:44,2.15,2.1,5000,2.2,2500,0,522500
AMBUJACEM30JAN20210CE.NFO,07/01/2020,14:58:00,2.15,2.1,10000,2.2,2500,0,522500
AMBUJACEM30JAN20210CE.NFO,07/01/2020,14:58:04,2.15,2.1,10000,2.25,2500,0,522500
AMBUJACEM30JAN20210CE.NFO,07/01/2020,14:58:10,2.15,2.1,10000,2.2,2500,0,522500
AMBUJACEM30JAN20210CE.NFO,07/01/2020,14:58:59,2.15,2.15,2500,2.2,2500,0,522500
AMBUJACEM30JAN20210CE.NFO,07/01/2020,14:59:24,2.15,2.15,2500,2.2,5000,0,522500
