Ticker,Date,Time,LTP,BuyPrice,BuyQty,SellPrice,SellQty,LTQ,OpenInterest
AMBUJACEM30JAN20200CE.NFO,07/01/2020,09:15:15,5.25,5.55,2500,6.55,7500,2500,317500
AMBUJACEM30JAN20200CE.NFO,07/01/2020,09:15:15,5.25,5.55,2500,6.55,7500,0,317500
AMBUJACEM30JAN20200CE.NFO,07/01/2020,09:15:15,5.25,5.55,2500,6.55,7500,0,317500
AMBUJACEM30JAN20200CE.NFO,07/01/2020,09:15:15,5.25,5.55,2500,6.55,7500,0,317500
AMBUJACEM30JAN20200CE.NFO,07/01/2020,09:15:27,5.9,5.75,2500,6.1,5000,5000,317500
AMBUJACEM30JAN20200CE.NFO,07/01/2020,09:15:27,5.9,5.75,2500,6.1,5000,0,317500
AMBUJACEM30JAN20200CE.NFO,07/01/2020,09:15:39,5.9,5.75,2500,5.95,5000,0,317500
AMBUJACEM30JAN20200CE.NFO,07/01/2020,09:15:51,5.9,5.6,10000,5.85,2500,0,317500
AMBUJACEM30JAN20200CE.NFO,07/01/2020,09:16:03,5.9,5.75,5000,5.85,2500,0,317500
AMBUJACEM30JAN20200CE.NFO,07/01/2020,09:16:13,5.85,5.95,2500,6.25,5000,2500,317500
AMBUJACEM30JAN20200CE.NFO,07/01/2020,09:16:23,6.5,6.4,2500,6.6,2500,22500,317500
AMBUJACEM30JAN20200CE.NFO,07/01/2020,09:16:23,6.5,6.4,2500,6.6,2500,0,317500
AMBUJACEM30JAN20200CE.NFO,07/01/2020,09:16:32,6.5,7.05,2500,7.15,2500,0,317500
AMBUJACEM30JAN20200CE.NFO,07/01/2020,09:16:41,6.75,6.6,2500,6.95,5000,2500,317500
AMBUJACEM30JAN20200CE.NFO,07/01/2020,09:16:41,6.75,6.6,2500,6.95,5000,0,317500
AMBUJACEM30JAN20200CE.NFO,07/01/2020,09:16:51,6.75,6.3,2500,6.6,2500,0,317500
AMBUJACEM30JAN20200CE.NFO,07/01/2020,09:16:59,6.4,6.3,2500,6.5,2500,5000,317500
AMBUJACEM30JAN20200CE.NFO,07/01/2020,09:17:07,6.5,6.65,2500,6.75,5000,2500,317500
AMBUJACEM30JAN20200CE.NFO,07/01/2020,09:17:24,6.6,6.55,2500,6.75,5000,2500,302500
AMBUJACEM30JAN20200CE.NFO,07/01/2020,09:17:33,6.6,6.55,2500,6.75,5000,0,302500
AMBUJACEM30JAN20200CE.NFO,07/01/2020,09:17:42,6.6,6.45,7500,6.75,5000,0,302500
AMBUJACEM30JAN20200CE.NFO,07/01/2020,09:17:51,6.6,6.45,7500,6.6,2500,0,302500
AMBUJACEM30JAN20200CE.NFO,07/01/2020,09:17:59,6.65,6.55,5000,6.75,2500,7500,302500
AMBUJACEM30JAN20200CE.NFO,07/01/2020,09:18:07,6.65,6.55,5000,6.75,2500,0,302500
AMBUJACEM30JAN20200CE.NFO,07/01/2020,09:18:22,6.65,6.55,2500,6.75,2500,0,302500
AMBUJACEM30JAN20200CE.NFO,07/01/2020,09:18:30,6.75,6.6,5000,6.9,2500,2500,302500
AMBUJACEM30JAN20200CE.NFO,07/01/2020,09:18:38,6.75,6.6,2500,6.95,5000,0,302500
AMBUJACEM30JAN20200CE.NFO,07/01/2020,09:18:45,6.75,6.55,2500,6.85,2500,0,302500
AMBUJACEM30JAN20200CE.NFO,07/01/2020,09:18:53,6.75,6.5,5000,6.8,5000,0,302500
AMBUJACEM30JAN20200CE.NFO,07/01/2020,09:19:00,6.75,6.5,10000,6.8,5000,0,302500
AMBUJACEM30JAN20200CE.NFO,07/01/2020,09:19:08,6.75,6.5,10000,6.75,2500,0,302500
AMBUJACEM30JAN20200CE.NFO,07/01/2020,09:19:16,6.75,6.5,5000,6.7,2500,0,302500
AMBUJACEM30JAN20200CE.NFO,07/01/2020,09:19:24,6.75,6.65,2500,6.8,2500,0,302500
AMBUJACEM30JAN20200CE.NFO,07/01/2020,09:19:39,6.75,6.65,2500,6.8,5000,0,302500
AMBUJACEM30JAN20200CE.NFO,07/01/2020,09:19:47,6.75,6.55,5000,6.8,2500,0,302500
AMBUJACEM30JAN20200CE.NFO,07/01/2020,09:19:55,6.75,6.6,5000,6.8,5000,0,302500
AMBUJACEM30JAN20200CE.NFO,07/01/2020,09:20:03,6.75,6.6,5000,6.8,2500,0,302500
AMBUJACEM30JAN20200CE.NFO,07/01/2020,09:20:10,6.75,6.6,2500,6.75,2500,0,302500
AMBUJACEM30JAN20200CE.NFO,07/01/2020,09:20:18,6.75,6.6,5000,6.75,2500,2500,295000
AMBUJACEM30JAN20200CE.NFO,07/01/2020,09:20:26,6.6,6.6,2500,6.75,2500,2500,295000
AMBUJACEM30JAN20200CE.NFO,07/01/2020,09:20:34,6.6,6.6,2500,6.75,2500,0,295000
AMBUJACEM30JAN20200CE.NFO,07/01/2020,09:20:42,6.6,6.55,2500,6.7,2500,0,295000
AMBUJACEM30JAN20200CE.NFO,07/01/2020,09:20:49,6.6,6.5,2500,6.7,2500,0,295000
AMBUJACEM30JAN20200CE.NFO,07/01/2020,09:20:57,6.6,6.5,5000,6.7,2500,0,295000
AMBUJACEM30JAN20200CE.NFO,07/01/2020,09:21:04,6.6,6.35,7500,6.6,2500,0,295000
AMBUJACEM30JAN20200CE.NFO,07/01/2020,09:21:12,6.6,6.35,2500,6.5,2500,0,295000
AMBUJACEM30JAN20200CE.NFO,07/01/2020,09:21:20,6.6,6.45,2500,6.5,2500,0,295000
AMBUJACEM30JAN20200CE.NFO,07/01/2020,09:21:27,6.5,6.4,5000,6.65,2500,2500,295000
AMBUJACEM30JAN20200CE.NFO,07/01/2020,09:21:34,6.5,6.35,2500,6.65,7500,0,295000
AMBUJACEM30JAN20200CE.NFO,07/01/2020,09:21:41,6.5,6.3,2500,6.55,2500,0,295000
AMBUJACEM30JAN20200CE.NFO,07/01/2020,09:22:02,6.6,6.45,5000,6.7,7500,5000,295000
AMBUJACEM30JAN20200CE.NFO,07/01/2020,09:22:10,6.6,6.35,5000,6.6,2500,0,295000
AMBUJACEM30JAN20200CE.NFO,07/01/2020,09:22:17,6.6,6.3,2500,6.5,2500,0,295000
AMBUJACEM30JAN20200CE.NFO,07/01/2020,09:22:24,6.6,6.35,2500,6.55,2500,0,295000
AMBUJACEM30JAN20200CE.NFO,07/01/2020,09:22:31,6.6,6.35,2500,6.55,7500,0,295000
AMBUJACEM30JAN20200CE.NFO,07/01/2020,09:22:39,6.6,6.25,5000,6.45,2500,0,295000
AMBUJACEM30JAN20200CE.NFO,07/01/2020,09:22:45,6.6,6.2,2500,6.5,2500,0,295000
AMBUJACEM30JAN20200CE.NFO,07/01/2020,09:22:51,6.5,6.25,10000,6.6,7500,2500,295000
AMBUJACEM30JAN20200CE.NFO,07/01/2020,09:22:57,6.5,6.3,2500,6.6,7500,0,295000
AMBUJACEM30JAN20200CE.NFO,07/01/2020,09:23:04,6.5,6.3,5000,6.4,2500,0,295000
AMBUJACEM30JAN20200CE.NFO,07/01/2020,09:23:11,6.35,6.25,5000,6.5,2500,5000,295000
AMBUJACEM30JAN20200CE.NFO,07/01/2020,09:23:18,6.35,6.3,2500,6.55,2500,0,295000
AMBUJACEM30JAN20200CE.NFO,07/01/2020,09:23:24,6.35,6.25,2500,6.5,2500,0,295000
AMBUJACEM30JAN20200CE.NFO,07/01/2020,09:23:30,6.35,6.15,2500,6.4,2500,0,295000
AMBUJACEM30JAN20200CE.NFO,07/01/2020,09:23:50,6.15,6.05,2500,6.2,2500,2500,285000
AMBUJACEM30JAN20200CE.NFO,07/01/2020,09:23:57,6.15,6.1,2500,6.2,2500,0,285000
AMBUJACEM30JAN20200CE.NFO,07/01/2020,09:24:04,6.15,6.05,2500,6.2,2500,0,285000
AMBUJACEM30JAN20200CE.NFO,07/01/2020,09:24:11,6.15,5.9,2500,6.15,2500,0,285000
AMBUJACEM30JAN20200CE.NFO,07/01/2020,09:24:18,6.15,5.85,2500,6.15,2500,0,285000
AMBUJACEM30JAN20200CE.NFO,07/01/2020,09:24:25,6.15,5.75,7500,6.15,2500,0,285000
AMBUJACEM30JAN20200CE.NFO,07/01/2020,09:24:32,6.15,5.7,7500,6.05,2500,0,285000
AMBUJACEM30JAN20200CE.NFO,07/01/2020,09:24:39,6.15,5.75,7500,6.05,2500,0,285000
AMBUJACEM30JAN20200CE.NFO,07/01/2020,09:24:45,6.15,5.7,2500,5.95,2500,0,285000
AMBUJACEM30JAN20200CE.NFO,07/01/2020,09:24:52,6.15,5.75,2500,6,2500,0,285000
AMBUJACEM30JAN20200CE.NFO,07/01/2020,09:25:26,5.65,5.6,2500,5.8,5000,2500,285000
AMBUJACEM30JAN20200CE.NFO,07/01/2020,09:25:33,5.65,5.55,2500,5.75,2500,0,285000
AMBUJACEM30JAN20200CE.NFO,07/01/2020,09:25:41,5.65,5.55,5000,5.75,2500,2500,285000
AMBUJACEM30JAN20200CE.NFO,07/01/2020,09:25:52,5.65,5.6,5000,5.75,2500,0,285000
AMBUJACEM30JAN20200CE.NFO,07/01/2020,09:26:12,5.65,5.6,12500,5.8,2500,0,285000
AMBUJACEM30JAN20200CE.NFO,07/01/2020,09:26:18,5.65,5.65,2500,5.8,2500,0,285000
AMBUJACEM30JAN20200CE.NFO,07/01/2020,09:26:29,5.65,5.65,7500,5.9,7500,0,285000
AMBUJACEM30JAN20200CE.NFO,07/01/2020,09:26:36,5.65,5.7,7500,5.9,2500,0,285000
AMBUJACEM30JAN20200CE.NFO,07/01/2020,09:26:48,5.65,5.65,7500,5.85,2500,0,285000
AMBUJACEM30JAN20200CE.NFO,07/01/2020,09:27:03,5.65,5.55,7500,5.75,2500,0,285000
AMBUJACEM30JAN20200CE.NFO,07/01/2020,09:27:14,5.65,5.6,2500,5.8,7500,0,285000
AMBUJACEM30JAN20200CE.NFO,07/01/2020,09:27:21,5.65,5.7,2500,5.9,7500,0,285000
AMBUJACEM30JAN20200CE.NFO,07/01/2020,09:27:33,6,5.75,5000,6.1,2500,12500,282500
AMBUJACEM30JAN20200CE.NFO,07/01/2020,09:27:39,6,5.7,5000,6.05,2500,0,282500
AMBUJACEM30JAN20200CE.NFO,07/01/2020,09:27:44,6,5.75,5000,6.1,2500,0,282500
AMBUJACEM30JAN20200CE.NFO,07/01/2020,09:28:03,6.1,5.75,5000,6.1,7500,5000,282500
AMBUJACEM30JAN20200CE.NFO,07/01/2020,09:28:11,5.8,5.8,10000,6,2500,2500,282500
AMBUJACEM30JAN20200CE.NFO,07/01/2020,09:28:17,5.8,5.8,10000,6.1,7500,0,282500
AMBUJACEM30JAN20200CE.NFO,07/01/2020,09:28:29,5.8,5.8,7500,6,2500,0,282500
AMBUJACEM30JAN20200CE.NFO,07/01/2020,09:28:35,5.8,5.8,5000,6.05,5000,0,282500
AMBUJACEM30JAN20200CE.NFO,07/01/2020,09:28:40,5.8,5.8,5000,6,5000,0,282500
AMBUJACEM30JAN20200CE.NFO,07/01/2020,09:28:51,5.8,5.8,7500,6,5000,0,282500
AMBUJACEM30JAN20200CE.NFO,07/01/2020,09:28:57,5.8,5.85,5000,6,2500,0,282500
AMBUJACEM30JAN20200CE.NFO,07/01/2020,09:29:03,6,5.9,7500,6.15,2500,2500,282500
AMBUJACEM30JAN20200CE.NFO,07/01/2020,09:29:10,6,5.95,5000,6.15,2500,0,282500
AMBUJACEM30JAN20200CE.NFO,07/01/2020,09:29:21,6,5.95,5000,6.1,7500,0,282500
AMBUJACEM30JAN20200CE.NFO,07/01/2020,09:29:27,6,5.85,5000,6.05,2500,0,282500
AMBUJACEM30JAN20200CE.NFO,07/01/2020,09:29:46,6,5.9,5000,6.05,2500,0,282500
AMBUJACEM30JAN20200CE.NFO,07/01/2020,09:29:52,6,5.85,5000,6.05,2500,0,282500
AMBUJACEM30JAN20200CE.NFO,07/01/2020,09:29:58,5.85,5.8,5000,5.95,2500,2500,295000
AMBUJACEM30JAN20200CE.NFO,07/01/2020,09:30:04,5.85,5.85,2500,5.95,2500,0,295000
AMBUJACEM30JAN20200CE.NFO,07/01/2020,09:30:11,5.85,5.85,2500,6,2500,0,295000
AMBUJACEM30JAN20200CE.NFO,07/01/2020,09:30:17,5.85,5.85,5000,6,5000,0,295000
AMBUJACEM30JAN20200CE.NFO,07/01/2020,09:30:24,5.85,5.85,7500,6,5000,0,295000
AMBUJACEM30JAN20200CE.NFO,07/01/2020,09:30:35,5.85,5.9,2500,6,5000,0,295000
AMBUJACEM30JAN20200CE.NFO,07/01/2020,09:30:40,6,6,7500,6.2,2500,5000,295000
AMBUJACEM30JAN20200CE.NFO,07/01/2020,09:30:45,6,6,5000,6.2,2500,0,295000
AMBUJACEM30JAN20200CE.NFO,07/01/2020,09:31:08,6,6.05,2500,6.2,2500,0,295000
AMBUJACEM30JAN20200CE.NFO,07/01/2020,09:31:14,6,6.05,7500,6.2,5000,0,295000
AMBUJACEM30JAN20200CE.NFO,07/01/2020,09:31:20,6,6,2500,6.2,10000,0,295000
AMBUJACEM30JAN20200CE.NFO,07/01/2020,09:31:26,6,5.95,5000,6.15,5000,0,295000
AMBUJACEM30JAN20200CE.NFO,07/01/2020,09:31:32,6,5.9,5000,6.05,2500,0,295000
AMBUJACEM30JAN20200CE.NFO,07/01/2020,09:31:37,6,5.95,5000,6.15,2500,0,295000
AMBUJACEM30JAN20200CE.NFO,07/01/2020,09:31:48,6,6,5000,6.15,2500,0,295000
AMBUJACEM30JAN20200CE.NFO,07/01/2020,09:31:57,6,6,5000,6.2,5000,0,295000
AMBUJACEM30JAN20200CE.NFO,07/01/2020,09:32:02,6,6,5000,6.15,2500,0,295000
AMBUJACEM30JAN20200CE.NFO,07/01/2020,09:32:07,6,6.05,2500,6.2,2500,0,295000
AMBUJACEM30JAN20200CE.NFO,07/01/2020,09:32:17,6,6.05,7500,6.2,2500,0,295000
AMBUJACEM30JAN20200CE.NFO,07/01/2020,09:32:24,6,6.1,2500,6.2,2500,0,295000
AMBUJACEM30JAN20200CE.NFO,07/01/2020,09:32:30,6.2,6.15,5000,6.35,7500,2500,287500
AMBUJACEM30JAN20200CE.NFO,07/01/2020,09:32:36,6.2,6.15,7500,6.35,5000,0,287500
AMBUJACEM30JAN20200CE.NFO,07/01/2020,09:32:41,6.2,6.15,5000,6.35,5000,0,287500
AMBUJACEM30JAN20200CE.NFO,07/01/2020,09:32:48,6.2,6.25,2500,6.45,2500,0,287500
AMBUJACEM30JAN20200CE.NFO,07/01/2020,09:32:59,6.2,6.2,7500,6.45,2500,0,287500
AMBUJACEM30JAN20200CE.NFO,07/01/2020,09:33:04,6.2,6.15,5000,6.4,2500,0,287500
AMBUJACEM30JAN20200CE.NFO,07/01/2020,09:33:21,6.2,6.1,5000,6.35,2500,0,287500
AMBUJACEM30JAN20200CE.NFO,07/01/2020,09:33:27,6.2,6.1,7500,6.35,2500,0,287500
AMBUJACEM30JAN20200CE.NFO,07/01/2020,09:33:43,6.2,6.1,2500,6.35,2500,0,287500
AMBUJACEM30JAN20200CE.NFO,07/01/2020,09:33:54,6.2,6.1,2500,6.3,5000,0,287500
AMBUJACEM30JAN20200CE.NFO,07/01/2020,09:34:14,6.2,6.15,12500,6.4,2500,0,287500
AMBUJACEM30JAN20200CE.NFO,07/01/2020,09:34:24,6.2,6.15,12500,6.35,2500,0,287500
AMBUJACEM30JAN20200CE.NFO,07/01/2020,09:34:29,6.2,6.15,12500,6.3,2500,0,287500
AMBUJACEM30JAN20200CE.NFO,07/01/2020,09:34:59,6.15,6.15,7500,6.25,2500,5000,287500
AMBUJACEM30JAN20200CE.NFO,07/01/2020,09:35:04,6.15,6.15,7500,6.25,2500,0,287500
AMBUJACEM30JAN20200CE.NFO,07/01/2020,09:35:14,6.15,6.15,7500,6.35,2500,0,287500
AMBUJACEM30JAN20200CE.NFO,07/01/2020,09:35:30,6.15,6.15,7500,6.25,2500,0,287500
AMBUJACEM30JAN20200CE.NFO,07/01/2020,09:35:35,6.15,6.1,2500,6.2,2500,7500,287500
AMBUJACEM30JAN20200CE.NFO,07/01/2020,09:35:41,6.15,6.1,2500,6.2,5000,0,287500
AMBUJACEM30JAN20200CE.NFO,07/01/2020,09:35:48,6.1,5.95,5000,6.15,2500,2500,287500
AMBUJACEM30JAN20200CE.NFO,07/01/2020,09:35:55,6.1,5.95,2500,6.15,2500,0,287500
AMBUJACEM30JAN20200CE.NFO,07/01/2020,09:36:02,6.15,6.1,5000,6.35,5000,2500,287500
AMBUJACEM30JAN20200CE.NFO,07/01/2020,09:36:08,6.15,6.1,5000,6.3,2500,0,287500
AMBUJACEM30JAN20200CE.NFO,07/01/2020,09:36:19,6.15,6.1,5000,6.25,2500,0,287500
AMBUJACEM30JAN20200CE.NFO,07/01/2020,09:36:40,6.15,6.1,2500,6.3,5000,0,287500
AMBUJACEM30JAN20200CE.NFO,07/01/2020,09:36:45,6.15,6.15,7500,6.35,2500,0,287500
AMBUJACEM30JAN20200CE.NFO,07/01/2020,09:36:50,6.15,6.25,2500,6.45,2500,0,287500
AMBUJACEM30JAN20200CE.NFO,07/01/2020,09:37:05,6.15,6.25,5000,6.4,2500,0,287500
AMBUJACEM30JAN20200CE.NFO,07/01/2020,09:37:10,6.15,6.2,7500,6.45,5000,0,287500
AMBUJACEM30JAN20200CE.NFO,07/01/2020,09:37:20,6.15,6.2,7500,6.4,2500,0,287500
AMBUJACEM30JAN20200CE.NFO,07/01/2020,09:37:30,6.15,6.2,2500,6.35,2500,0,287500
AMBUJACEM30JAN20200CE.NFO,07/01/2020,09:37:59,6.15,6.15,2500,6.3,2500,0,287500
AMBUJACEM30JAN20200CE.NFO,07/01/2020,09:38:03,6.4,6.35,10000,6.55,2500,2500,287500
AMBUJACEM30JAN20200CE.NFO,07/01/2020,09:38:08,6.4,6.4,7500,6.6,7500,0,287500
AMBUJACEM30JAN20200CE.NFO,07/01/2020,09:38:36,6.4,6.45,10000,6.6,5000,0,287500
AMBUJACEM30JAN20200CE.NFO,07/01/2020,09:38:41,6.6,6.45,7500,6.6,2500,2500,295000
AMBUJACEM30JAN20200CE.NFO,07/01/2020,09:38:46,6.6,6.45,7500,6.6,2500,0,295000
AMBUJACEM30JAN20200CE.NFO,07/01/2020,09:38:51,6.6,6.5,2500,6.6,2500,0,295000
AMBUJACEM30JAN20200CE.NFO,07/01/2020,09:38:55,6.6,6.55,2500,6.7,2500,2500,295000
AMBUJACEM30JAN20200CE.NFO,07/01/2020,09:39:00,6.6,6.55,5000,6.75,5000,0,295000
AMBUJACEM30JAN20200CE.NFO,07/01/2020,09:39:04,6.6,6.55,2500,6.75,5000,0,295000
AMBUJACEM30JAN20200CE.NFO,07/01/2020,09:39:09,6.6,6.5,5000,6.7,2500,0,295000
AMBUJACEM30JAN20200CE.NFO,07/01/2020,09:39:14,6.6,6.55,2500,6.7,2500,0,295000
AMBUJACEM30JAN20200CE.NFO,07/01/2020,09:39:25,6.6,6.6,5000,6.75,2500,0,295000
AMBUJACEM30JAN20200CE.NFO,07/01/2020,09:39:31,6.6,6.55,2500,6.7,2500,0,295000
AMBUJACEM30JAN20200CE.NFO,07/01/2020,09:39:40,6.6,6.5,7500,6.7,2500,0,295000
AMBUJACEM30JAN20200CE.NFO,07/01/2020,09:40:10,6.6,6.55,2500,6.7,2500,0,295000
AMBUJACEM30JAN20200CE.NFO,07/01/2020,09:40:15,6.6,6.5,7500,6.7,2500,0,295000
AMBUJACEM30JAN20200CE.NFO,07/01/2020,09:40:21,6.6,6.5,2500,6.7,2500,0,295000
AMBUJACEM30JAN20200CE.NFO,07/01/2020,09:40:37,6.6,6.5,2500,6.7,5000,0,295000
AMBUJACEM30JAN20200CE.NFO,07/01/2020,09:40:42,6.6,6.45,2500,6.65,2500,0,295000
AMBUJACEM30JAN20200CE.NFO,07/01/2020,09:40:47,6.6,6.4,7500,6.65,2500,0,295000
AMBUJACEM30JAN20200CE.NFO,07/01/2020,09:40:51,6.6,6.4,2500,6.6,2500,0,295000
AMBUJACEM30JAN20200CE.NFO,07/01/2020,09:41:01,6.6,6.6,10000,6.65,2500,2500,295000
AMBUJACEM30JAN20200CE.NFO,07/01/2020,09:41:06,6.6,6.6,7500,6.7,2500,2500,295000
AMBUJACEM30JAN20200CE.NFO,07/01/2020,09:41:16,6.6,6.6,7500,6.7,2500,0,295000
AMBUJACEM30JAN20200CE.NFO,07/01/2020,09:41:21,6.6,6.6,5000,6.75,5000,2500,285000
AMBUJACEM30JAN20200CE.NFO,07/01/2020,09:41:50,6.6,6.6,5000,6.75,2500,0,285000
AMBUJACEM30JAN20200CE.NFO,07/01/2020,09:41:56,6.6,6.6,2500,6.75,5000,2500,285000
AMBUJACEM30JAN20200CE.NFO,07/01/2020,09:42:02,6.6,6.4,5000,6.7,5000,2500,285000
AMBUJACEM30JAN20200CE.NFO,07/01/2020,09:42:09,6.6,6.45,10000,6.7,2500,0,285000
AMBUJACEM30JAN20200CE.NFO,07/01/2020,09:42:37,6.6,6.5,2500,6.7,2500,0,285000
AMBUJACEM30JAN20200CE.NFO,07/01/2020,09:42:49,6.6,6.45,2500,6.7,2500,0,285000
AMBUJACEM30JAN20200CE.NFO,07/01/2020,09:42:55,6.6,6.35,5000,6.55,2500,0,285000
AMBUJACEM30JAN20200CE.NFO,07/01/2020,09:43:01,6.6,6.35,2500,6.55,2500,0,285000
AMBUJACEM30JAN20200CE.NFO,07/01/2020,09:43:18,6.6,6.3,2500,6.55,2500,0,285000
AMBUJACEM30JAN20200CE.NFO,07/01/2020,09:43:42,6.6,6.25,2500,6.4,2500,0,285000
AMBUJACEM30JAN20200CE.NFO,07/01/2020,09:44:09,6.4,6.2,2500,6.45,5000,2500,285000
AMBUJACEM30JAN20200CE.NFO,07/01/2020,09:44:19,6.45,6.2,2500,6.5,5000,2500,292500
AMBUJACEM30JAN20200CE.NFO,07/01/2020,09:44:25,6.45,6.2,2500,6.5,5000,0,292500
AMBUJACEM30JAN20200CE.NFO,07/01/2020,09:44:30,6.45,6.2,2500,6.45,5000,0,292500
AMBUJACEM30JAN20200CE.NFO,07/01/2020,09:44:47,6.45,6.15,2500,6.35,5000,0,292500
AMBUJACEM30JAN20200CE.NFO,07/01/2020,09:44:58,6.15,6,2500,6.2,5000,2500,292500
AMBUJACEM30JAN20200CE.NFO,07/01/2020,09:45:03,6.15,6,5000,6.25,5000,0,292500
AMBUJACEM30JAN20200CE.NFO,07/01/2020,09:45:08,6.25,6.1,2500,6.4,7500,5000,292500
AMBUJACEM30JAN20200CE.NFO,07/01/2020,09:45:15,6.25,6.05,5000,6.35,5000,0,292500
AMBUJACEM30JAN20200CE.NFO,07/01/2020,09:45:21,6.25,6.15,2500,6.35,5000,0,292500
AMBUJACEM30JAN20200CE.NFO,07/01/2020,09:45:27,6.25,6.15,2500,6.4,5000,0,292500
AMBUJACEM30JAN20200CE.NFO,07/01/2020,09:45:37,6.25,6.2,2500,6.45,7500,0,292500
AMBUJACEM30JAN20200CE.NFO,07/01/2020,09:45:41,6.25,6.2,2500,6.45,5000,0,292500
AMBUJACEM30JAN20200CE.NFO,07/01/2020,09:45:50,6.25,6.25,2500,6.5,5000,0,292500
AMBUJACEM30JAN20200CE.NFO,07/01/2020,09:46:29,6.25,6.2,2500,6.45,5000,0,292500
AMBUJACEM30JAN20200CE.NFO,07/01/2020,09:47:21,6.25,6.2,2500,6.45,2500,0,292500
AMBUJACEM30JAN20200CE.NFO,07/01/2020,09:47:42,6.25,6.2,5000,6.45,2500,0,292500
AMBUJACEM30JAN20200CE.NFO,07/01/2020,09:48:01,6.25,6.25,2500,6.5,5000,0,292500
AMBUJACEM30JAN20200CE.NFO,07/01/2020,09:48:06,6.25,6.2,2500,6.5,2500,0,292500
AMBUJACEM30JAN20200CE.NFO,07/01/2020,09:48:11,6.25,6.25,5000,6.55,5000,0,292500
AMBUJACEM30JAN20200CE.NFO,07/01/2020,09:48:34,6.25,6.2,5000,6.5,2500,0,292500
AMBUJACEM30JAN20200CE.NFO,07/01/2020,09:48:40,6.25,6.2,2500,6.5,2500,0,292500
AMBUJACEM30JAN20200CE.NFO,07/01/2020,09:48:44,6.25,6.2,2500,6.6,5000,0,292500
AMBUJACEM30JAN20200CE.NFO,07/01/2020,09:49:05,6.25,6.2,7500,6.6,7500,0,292500
AMBUJACEM30JAN20200CE.NFO,07/01/2020,09:49:16,6.4,6.3,5000,6.75,2500,5000,295000
AMBUJACEM30JAN20200CE.NFO,07/01/2020,09:49:20,6.4,6.3,5000,6.75,2500,0,295000
AMBUJACEM30JAN20200CE.NFO,07/01/2020,09:49:31,6.4,6.25,2500,6.75,7500,0,295000
AMBUJACEM30JAN20200CE.NFO,07/01/2020,09:49:42,6.4,6.25,2500,6.65,5000,0,295000
AMBUJACEM30JAN20200CE.NFO,07/01/2020,09:49:50,6.4,6.25,2500,6.7,2500,0,295000
AMBUJACEM30JAN20200CE.NFO,07/01/2020,09:49:53,6.4,6.25,2500,6.65,5000,0,295000
AMBUJACEM30JAN20200CE.NFO,07/01/2020,09:50:06,6.4,6.3,7500,6.7,2500,0,295000
AMBUJACEM30JAN20200CE.NFO,07/01/2020,09:50:22,6.4,6.3,7500,6.65,2500,0,295000
AMBUJACEM30JAN20200CE.NFO,07/01/2020,09:50:45,6.4,6.3,7500,6.55,2500,0,295000
AMBUJACEM30JAN20200CE.NFO,07/01/2020,09:50:50,6.3,6.3,5000,6.65,5000,2500,295000
AMBUJACEM30JAN20200CE.NFO,07/01/2020,09:50:54,6.3,6.3,5000,6.65,5000,0,295000
AMBUJACEM30JAN20200CE.NFO,07/01/2020,09:51:39,6.3,6.3,5000,6.5,2500,0,295000
AMBUJACEM30JAN20200CE.NFO,07/01/2020,09:52:10,6.3,6.2,2500,6.5,2500,2500,295000
AMBUJACEM30JAN20200CE.NFO,07/01/2020,09:52:15,6.3,6.15,2500,6.45,2500,0,295000
AMBUJACEM30JAN20200CE.NFO,07/01/2020,09:52:24,6.3,6.05,5000,6.45,2500,0,295000
AMBUJACEM30JAN20200CE.NFO,07/01/2020,09:52:29,6.3,6,2500,6.4,5000,0,295000
AMBUJACEM30JAN20200CE.NFO,07/01/2020,09:52:56,6.3,5.95,5000,6.35,27500,0,295000
AMBUJACEM30JAN20200CE.NFO,07/01/2020,09:52:59,6.3,6,2500,6.4,5000,0,295000
AMBUJACEM30JAN20200CE.NFO,07/01/2020,09:53:03,6.3,5.9,2500,6.4,7500,0,295000
AMBUJACEM30JAN20200CE.NFO,07/01/2020,09:53:09,6.3,5.8,2500,6.35,12500,0,295000
AMBUJACEM30JAN20200CE.NFO,07/01/2020,09:53:19,6.3,5.8,2500,6.3,17500,0,295000
AMBUJACEM30JAN20200CE.NFO,07/01/2020,09:53:28,6.3,5.8,5000,6.3,20000,0,295000
AMBUJACEM30JAN20200CE.NFO,07/01/2020,09:53:54,6.3,5.8,5000,6.2,10000,0,295000
AMBUJACEM30JAN20200CE.NFO,07/01/2020,09:54:04,6.3,5.75,2500,6,25000,0,295000
AMBUJACEM30JAN20200CE.NFO,07/01/2020,09:54:10,6.3,5.7,5000,6,25000,0,295000
AMBUJACEM30JAN20200CE.NFO,07/01/2020,09:54:47,6.3,5.65,2500,6,25000,0,295000
AMBUJACEM30JAN20200CE.NFO,07/01/2020,09:54:50,6.3,5.7,5000,6,25000,0,295000
AMBUJACEM30JAN20200CE.NFO,07/01/2020,09:55:03,6.3,5.7,7500,6,25000,0,295000
AMBUJACEM30JAN20200CE.NFO,07/01/2020,09:55:08,6.3,5.75,2500,6,25000,0,295000
AMBUJACEM30JAN20200CE.NFO,07/01/2020,09:56:07,6.3,5.7,2500,6,25000,0,295000
AMBUJACEM30JAN20200CE.NFO,07/01/2020,09:56:13,6.3,5.75,2500,6.1,5000,0,295000
AMBUJACEM30JAN20200CE.NFO,07/01/2020,09:56:17,6.3,5.75,2500,6.2,2500,0,295000
AMBUJACEM30JAN20200CE.NFO,07/01/2020,09:56:27,6.3,5.75,5000,6.2,5000,0,295000
AMBUJACEM30JAN20200CE.NFO,07/01/2020,09:56:36,6.3,5.75,5000,6.2,2500,0,295000
AMBUJACEM30JAN20200CE.NFO,07/01/2020,09:57:02,5.75,5.7,2500,6.05,5000,2500,300000
AMBUJACEM30JAN20200CE.NFO,07/01/2020,09:57:07,5.75,5.7,5000,6.15,7500,0,300000
AMBUJACEM30JAN20200CE.NFO,07/01/2020,09:57:11,5.75,5.7,5000,6.1,5000,0,300000
AMBUJACEM30JAN20200CE.NFO,07/01/2020,09:57:20,5.75,5.7,5000,6.1,2500,0,300000
AMBUJACEM30JAN20200CE.NFO,07/01/2020,09:57:24,5.75,5.7,5000,6.1,12500,0,300000
AMBUJACEM30JAN20200CE.NFO,07/01/2020,09:57:28,5.75,5.7,5000,6.1,10000,0,300000
AMBUJACEM30JAN20200CE.NFO,07/01/2020,09:57:34,5.75,5.7,5000,6.15,5000,0,300000
AMBUJACEM30JAN20200CE.NFO,07/01/2020,09:58:07,5.75,5.75,5000,6.15,2500,0,300000
AMBUJACEM30JAN20200CE.NFO,07/01/2020,09:58:18,5.75,5.75,5000,6.1,2500,0,300000
AMBUJACEM30JAN20200CE.NFO,07/01/2020,09:58:21,5.75,5.75,5000,6.2,5000,0,300000
AMBUJACEM30JAN20200CE.NFO,07/01/2020,09:58:34,5.75,5.75,10000,6.2,5000,0,300000
AMBUJACEM30JAN20200CE.NFO,07/01/2020,09:58:38,5.75,5.8,5000,6.25,2500,0,300000
AMBUJACEM30JAN20200CE.NFO,07/01/2020,09:58:43,5.75,5.8,10000,6.25,2500,0,300000
AMBUJACEM30JAN20200CE.NFO,07/01/2020,09:58:48,5.8,5.8,5000,6.2,2500,2500,300000
AMBUJACEM30JAN20200CE.NFO,07/01/2020,09:58:54,5.8,5.8,5000,6.2,2500,0,300000
AMBUJACEM30JAN20200CE.NFO,07/01/2020,09:59:09,5.9,5.8,5000,6.15,2500,2500,300000
AMBUJACEM30JAN20200CE.NFO,07/01/2020,09:59:14,5.9,5.8,5000,6.25,2500,0,300000
AMBUJACEM30JAN20200CE.NFO,07/01/2020,09:59:19,5.9,5.8,5000,6.2,2500,0,300000
AMBUJACEM30JAN20200CE.NFO,07/01/2020,09:59:23,5.8,5.8,2500,6.15,2500,2500,300000
AMBUJACEM30JAN20200CE.NFO,07/01/2020,09:59:28,5.8,5.75,5000,6.1,2500,2500,307500
AMBUJACEM30JAN20200CE.NFO,07/01/2020,09:59:32,5.8,5.8,2500,6.2,7500,2500,307500
AMBUJACEM30JAN20200CE.NFO,07/01/2020,09:59:37,5.8,5.8,2500,6.2,7500,0,307500
AMBUJACEM30JAN20200CE.NFO,07/01/2020,10:00:04,5.8,5.8,2500,6.1,5000,0,307500
AMBUJACEM30JAN20200CE.NFO,07/01/2020,10:00:08,5.8,5.8,2500,6.1,2500,0,307500
AMBUJACEM30JAN20200CE.NFO,07/01/2020,10:00:13,5.8,5.8,2500,6.2,7500,0,307500
AMBUJACEM30JAN20200CE.NFO,07/01/2020,10:00:17,5.8,5.8,2500,6.1,2500,0,307500
AMBUJACEM30JAN20200CE.NFO,07/01/2020,10:00:22,5.8,5.8,2500,6.05,2500,0,307500
AMBUJACEM30JAN20200CE.NFO,07/01/2020,10:00:40,5.8,5.75,5000,6.1,2500,2500,307500
AMBUJACEM30JAN20200CE.NFO,07/01/2020,10:00:46,5.8,5.75,5000,6.1,2500,0,307500
AMBUJACEM30JAN20200CE.NFO,07/01/2020,10:00:52,5.75,5.7,2500,6.05,2500,5000,307500
AMBUJACEM30JAN20200CE.NFO,07/01/2020,10:00:58,5.75,5.7,2500,6,2500,0,307500
AMBUJACEM30JAN20200CE.NFO,07/01/2020,10:01:04,5.75,5.75,2500,6.05,2500,0,307500
AMBUJACEM30JAN20200CE.NFO,07/01/2020,10:02:01,5.75,5.75,2500,6.1,2500,0,307500
AMBUJACEM30JAN20200CE.NFO,07/01/2020,10:02:06,5.75,5.7,2500,6.1,2500,0,307500
AMBUJACEM30JAN20200CE.NFO,07/01/2020,10:02:38,5.75,5.7,5000,6.1,2500,0,307500
AMBUJACEM30JAN20200CE.NFO,07/01/2020,10:03:33,5.75,5.7,2500,6.1,2500,0,307500
AMBUJACEM30JAN20200CE.NFO,07/01/2020,10:04:49,5.75,5.7,5000,6.05,5000,0,307500
AMBUJACEM30JAN20200CE.NFO,07/01/2020,10:04:53,5.75,5.75,5000,6.1,2500,0,307500
AMBUJACEM30JAN20200CE.NFO,07/01/2020,10:05:02,5.75,5.7,2500,6,2500,0,307500
AMBUJACEM30JAN20200CE.NFO,07/01/2020,10:05:06,5.75,5.7,2500,6,7500,0,307500
AMBUJACEM30JAN20200CE.NFO,07/01/2020,10:05:30,5.75,5.7,2500,5.95,2500,0,307500
AMBUJACEM30JAN20200CE.NFO,07/01/2020,10:05:36,5.5,5.55,2500,5.85,5000,5000,317500
AMBUJACEM30JAN20200CE.NFO,07/01/2020,10:05:42,5.5,5.55,2500,5.85,7500,0,317500
AMBUJACEM30JAN20200CE.NFO,07/01/2020,10:05:54,5.5,5.55,5000,5.85,7500,0,317500
AMBUJACEM30JAN20200CE.NFO,07/01/2020,10:06:08,5.5,5.55,5000,5.9,2500,0,317500
AMBUJACEM30JAN20200CE.NFO,07/01/2020,10:06:13,5.5,5.55,5000,5.85,2500,0,317500
AMBUJACEM30JAN20200CE.NFO,07/01/2020,10:06:21,5.5,5.5,2500,5.85,2500,0,317500
AMBUJACEM30JAN20200CE.NFO,07/01/2020,10:06:31,5.5,5.5,2500,5.8,2500,0,317500
AMBUJACEM30JAN20200CE.NFO,07/01/2020,10:06:36,5.5,5.5,5000,5.9,2500,0,317500
AMBUJACEM30JAN20200CE.NFO,07/01/2020,10:06:41,5.5,5.5,5000,5.85,2500,0,317500
AMBUJACEM30JAN20200CE.NFO,07/01/2020,10:06:46,5.5,5.5,5000,5.85,5000,0,317500
AMBUJACEM30JAN20200CE.NFO,07/01/2020,10:06:52,5.5,5.5,5000,5.8,5000,0,317500
AMBUJACEM30JAN20200CE.NFO,07/01/2020,10:06:57,5.5,5.45,2500,5.8,2500,0,317500
AMBUJACEM30JAN20200CE.NFO,07/01/2020,10:07:23,5.5,5.5,5000,5.8,5000,0,317500
AMBUJACEM30JAN20200CE.NFO,07/01/2020,10:07:28,5.5,5.5,2500,5.75,2500,0,317500
AMBUJACEM30JAN20200CE.NFO,07/01/2020,10:07:33,5.5,5.4,7500,5.8,2500,0,317500
AMBUJACEM30JAN20200CE.NFO,07/01/2020,10:07:53,5.5,5.4,7500,5.75,2500,0,317500
AMBUJACEM30JAN20200CE.NFO,07/01/2020,10:07:59,5.5,5.45,5000,5.8,2500,0,317500
AMBUJACEM30JAN20200CE.NFO,07/01/2020,10:08:23,5.5,5.5,2500,5.9,5000,0,317500
AMBUJACEM30JAN20200CE.NFO,07/01/2020,10:08:27,5.5,5.5,2500,5.9,2500,0,317500
AMBUJACEM30JAN20200CE.NFO,07/01/2020,10:08:37,5.5,5.5,7500,5.95,2500,0,317500
AMBUJACEM30JAN20200CE.NFO,07/01/2020,10:08:59,5.5,5.6,2500,5.95,2500,0,317500
AMBUJACEM30JAN20200CE.NFO,07/01/2020,10:09:26,5.5,5.6,5000,5.95,2500,0,317500
AMBUJACEM30JAN20200CE.NFO,07/01/2020,10:09:30,5.5,5.6,2500,5.95,2500,0,317500
AMBUJACEM30JAN20200CE.NFO,07/01/2020,10:09:35,5.5,5.6,5000,5.95,2500,0,317500
AMBUJACEM30JAN20200CE.NFO,07/01/2020,10:09:39,5.5,5.55,2500,5.9,2500,0,317500
AMBUJACEM30JAN20200CE.NFO,07/01/2020,10:09:56,5.5,5.55,5000,5.95,2500,0,317500
AMBUJACEM30JAN20200CE.NFO,07/01/2020,10:10:02,5.5,5.6,2500,5.95,2500,0,317500
AMBUJACEM30JAN20200CE.NFO,07/01/2020,10:10:08,5.5,5.65,2500,6,2500,0,317500
AMBUJACEM30JAN20200CE.NFO,07/01/2020,10:10:13,5.5,5.6,2500,6,2500,0,317500
AMBUJACEM30JAN20200CE.NFO,07/01/2020,10:10:18,5.5,5.6,5000,6,2500,0,317500
AMBUJACEM30JAN20200CE.NFO,07/01/2020,10:10:22,5.5,5.65,2500,6,2500,0,317500
AMBUJACEM30JAN20200CE.NFO,07/01/2020,10:10:26,5.5,5.65,5000,6,2500,0,317500
AMBUJACEM30JAN20200CE.NFO,07/01/2020,10:10:30,5.5,5.65,2500,6,2500,0,317500
AMBUJACEM30JAN20200CE.NFO,07/01/2020,10:11:30,5.5,5.65,5000,6,2500,0,317500
AMBUJACEM30JAN20200CE.NFO,07/01/2020,10:11:34,5.5,5.65,2500,5.95,2500,0,317500
AMBUJACEM30JAN20200CE.NFO,07/01/2020,10:11:38,5.5,5.65,2500,6,2500,0,317500
AMBUJACEM30JAN20200CE.NFO,07/01/2020,10:11:50,5.5,5.65,5000,6,2500,0,317500
AMBUJACEM30JAN20200CE.NFO,07/01/2020,10:11:54,5.5,5.65,7500,6,2500,0,317500
AMBUJACEM30JAN20200CE.NFO,07/01/2020,10:12:23,5.5,5.65,5000,6,2500,0,317500
AMBUJACEM30JAN20200CE.NFO,07/01/2020,10:12:56,5.5,5.6,5000,5.8,2500,0,317500
AMBUJACEM30JAN20200CE.NFO,07/01/2020,10:13:07,5.5,5.55,7500,5.75,2500,0,317500
AMBUJACEM30JAN20200CE.NFO,07/01/2020,10:13:17,5.5,5.55,7500,5.9,2500,0,317500
AMBUJACEM30JAN20200CE.NFO,07/01/2020,10:13:21,5.5,5.6,5000,5.9,5000,0,317500
AMBUJACEM30JAN20200CE.NFO,07/01/2020,10:13:57,5.5,5.65,2500,5.95,2500,0,317500
AMBUJACEM30JAN20200CE.NFO,07/01/2020,10:14:01,5.5,5.6,2500,5.95,5000,0,317500
AMBUJACEM30JAN20200CE.NFO,07/01/2020,10:14:16,5.5,5.65,2500,6,2500,0,317500
AMBUJACEM30JAN20200CE.NFO,07/01/2020,10:14:32,5.5,5.65,5000,6,2500,0,317500
AMBUJACEM30JAN20200CE.NFO,07/01/2020,10:14:46,5.5,5.6,2500,5.95,2500,0,317500
AMBUJACEM30JAN20200CE.NFO,07/01/2020,10:15:16,5.5,5.65,5000,6,2500,0,317500
AMBUJACEM30JAN20200CE.NFO,07/01/2020,10:16:01,5.5,5.65,2500,6,2500,0,317500
AMBUJACEM30JAN20200CE.NFO,07/01/2020,10:16:15,5.5,5.65,7500,6,2500,0,317500
AMBUJACEM30JAN20200CE.NFO,07/01/2020,10:16:26,5.5,5.6,2500,5.95,2500,0,317500
AMBUJACEM30JAN20200CE.NFO,07/01/2020,10:17:00,5.5,5.65,5000,5.95,2500,0,317500
AMBUJACEM30JAN20200CE.NFO,07/01/2020,10:17:11,5.5,5.65,2500,6,2500,0,317500
AMBUJACEM30JAN20200CE.NFO,07/01/2020,10:17:19,5.5,5.65,2500,5.95,2500,0,317500
AMBUJACEM30JAN20200CE.NFO,07/01/2020,10:18:03,5.5,5.6,2500,5.95,2500,0,317500
AMBUJACEM30JAN20200CE.NFO,07/01/2020,10:18:07,5.5,5.55,2500,5.95,2500,0,317500
AMBUJACEM30JAN20200CE.NFO,07/01/2020,10:18:19,5.5,5.55,2500,5.95,5000,0,317500
AMBUJACEM30JAN20200CE.NFO,07/01/2020,10:18:24,5.5,5.55,7500,5.95,5000,0,317500
AMBUJACEM30JAN20200CE.NFO,07/01/2020,10:18:42,5.5,5.6,2500,5.95,5000,0,317500
AMBUJACEM30JAN20200CE.NFO,07/01/2020,10:18:47,5.5,5.6,2500,5.95,2500,0,317500
AMBUJACEM30JAN20200CE.NFO,07/01/2020,10:19:51,5.5,5.6,5000,6,2500,0,317500
AMBUJACEM30JAN20200CE.NFO,07/01/2020,10:20:34,5.5,5.65,2500,6.05,2500,0,317500
AMBUJACEM30JAN20200CE.NFO,07/01/2020,10:20:41,5.5,5.65,5000,6,2500,0,317500
AMBUJACEM30JAN20200CE.NFO,07/01/2020,10:20:50,5.5,5.7,2500,6,2500,0,317500
AMBUJACEM30JAN20200CE.NFO,07/01/2020,10:20:54,5.5,5.7,5000,6.1,2500,0,317500
AMBUJACEM30JAN20200CE.NFO,07/01/2020,10:21:55,5.5,5.7,2500,6.05,5000,0,317500
AMBUJACEM30JAN20200CE.NFO,07/01/2020,10:22:08,5.5,5.65,2500,6,5000,0,317500
AMBUJACEM30JAN20200CE.NFO,07/01/2020,10:22:38,5.5,5.6,2500,5.95,2500,0,317500
AMBUJACEM30JAN20200CE.NFO,07/01/2020,10:22:49,5.5,5.55,2500,5.95,2500,0,317500
AMBUJACEM30JAN20200CE.NFO,07/01/2020,10:23:05,5.5,5.6,2500,5.95,2500,0,317500
AMBUJACEM30JAN20200CE.NFO,07/01/2020,10:23:10,5.5,5.6,5000,6,2500,0,317500
AMBUJACEM30JAN20200CE.NFO,07/01/2020,10:23:33,5.5,5.6,5000,5.95,2500,0,317500
AMBUJACEM30JAN20200CE.NFO,07/01/2020,10:23:37,5.5,5.7,2500,5.95,2500,0,317500
AMBUJACEM30JAN20200CE.NFO,07/01/2020,10:24:13,5.5,5.7,2500,5.95,5000,0,317500
AMBUJACEM30JAN20200CE.NFO,07/01/2020,10:24:59,5.7,5.5,2500,5.7,2500,2500,322500
AMBUJACEM30JAN20200CE.NFO,07/01/2020,10:25:03,5.7,5.5,2500,5.7,2500,0,322500
AMBUJACEM30JAN20200CE.NFO,07/01/2020,10:25:28,5.7,5.55,2500,5.7,2500,0,322500
AMBUJACEM30JAN20200CE.NFO,07/01/2020,10:25:44,5.7,5.55,2500,5.7,5000,0,322500
AMBUJACEM30JAN20200CE.NFO,07/01/2020,10:25:58,5.7,5.5,5000,5.7,5000,0,322500
AMBUJACEM30JAN20200CE.NFO,07/01/2020,10:26:15,5.7,5.5,2500,5.65,2500,0,322500
AMBUJACEM30JAN20200CE.NFO,07/01/2020,10:26:19,5.7,5.45,2500,5.65,2500,0,322500
AMBUJACEM30JAN20200CE.NFO,07/01/2020,10:26:23,5.7,5.5,2500,5.65,2500,0,322500
AMBUJACEM30JAN20200CE.NFO,07/01/2020,10:28:24,5.7,5.45,7500,5.65,2500,0,322500
AMBUJACEM30JAN20200CE.NFO,07/01/2020,10:28:46,5.7,5.5,2500,5.65,2500,0,322500
AMBUJACEM30JAN20200CE.NFO,07/01/2020,10:29:41,5.7,5.45,5000,5.65,2500,0,322500
AMBUJACEM30JAN20200CE.NFO,07/01/2020,10:30:43,5.7,5.5,2500,5.65,2500,0,322500
AMBUJACEM30JAN20200CE.NFO,07/01/2020,10:30:50,5.7,5.4,5000,5.6,2500,0,322500
AMBUJACEM30JAN20200CE.NFO,07/01/2020,10:30:54,5.7,5.4,2500,5.65,2500,0,322500
AMBUJACEM30JAN20200CE.NFO,07/01/2020,10:31:00,5.7,5.45,5000,5.65,2500,0,322500
AMBUJACEM30JAN20200CE.NFO,07/01/2020,10:31:10,5.7,5.45,5000,5.6,5000,0,322500
AMBUJACEM30JAN20200CE.NFO,07/01/2020,10:31:19,5.7,5.45,2500,5.6,5000,0,322500
AMBUJACEM30JAN20200CE.NFO,07/01/2020,10:31:21,5.7,5.45,7500,5.6,5000,0,322500
AMBUJACEM30JAN20200CE.NFO,07/01/2020,10:31:58,5.7,5.4,5000,5.6,5000,0,322500
AMBUJACEM30JAN20200CE.NFO,07/01/2020,10:31:58,5.7,5.4,5000,5.55,2500,0,322500
AMBUJACEM30JAN20200CE.NFO,07/01/2020,10:32:00,5.7,5.4,2500,5.55,2500,0,322500
AMBUJACEM30JAN20200CE.NFO,07/01/2020,10:32:12,5.7,5.35,5000,5.55,2500,0,322500
AMBUJACEM30JAN20200CE.NFO,07/01/2020,10:32:18,5.4,5.25,5000,5.45,2500,2500,322500
AMBUJACEM30JAN20200CE.NFO,07/01/2020,10:32:23,5.4,5.25,5000,5.45,2500,0,322500
AMBUJACEM30JAN20200CE.NFO,07/01/2020,10:32:43,5.4,5.3,5000,5.45,2500,0,322500
AMBUJACEM30JAN20200CE.NFO,07/01/2020,10:32:50,5.4,5.35,5000,5.55,2500,0,322500
AMBUJACEM30JAN20200CE.NFO,07/01/2020,10:33:18,5.4,5.4,5000,5.6,5000,0,322500
AMBUJACEM30JAN20200CE.NFO,07/01/2020,10:33:23,5.4,5.45,5000,5.6,5000,0,322500
AMBUJACEM30JAN20200CE.NFO,07/01/2020,10:33:56,5.4,5.45,5000,5.6,7500,0,322500
AMBUJACEM30JAN20200CE.NFO,07/01/2020,10:33:59,5.4,5.45,5000,5.6,5000,0,322500
AMBUJACEM30JAN20200CE.NFO,07/01/2020,10:34:02,5.4,5.45,5000,5.6,7500,0,322500
AMBUJACEM30JAN20200CE.NFO,07/01/2020,10:34:51,5.4,5.45,5000,5.6,5000,0,322500
AMBUJACEM30JAN20200CE.NFO,07/01/2020,10:35:00,5.4,5.45,2500,5.6,5000,0,322500
AMBUJACEM30JAN20200CE.NFO,07/01/2020,10:35:11,5.4,5.45,5000,5.6,5000,0,322500
AMBUJACEM30JAN20200CE.NFO,07/01/2020,10:35:19,5.4,5.45,5000,5.55,2500,0,322500
AMBUJACEM30JAN20200CE.NFO,07/01/2020,10:35:52,5.4,5.45,5000,5.6,7500,0,322500
AMBUJACEM30JAN20200CE.NFO,07/01/2020,10:36:13,5.4,5.45,5000,5.55,2500,0,322500
AMBUJACEM30JAN20200CE.NFO,07/01/2020,10:36:16,5.4,5.4,2500,5.55,2500,0,322500
AMBUJACEM30JAN20200CE.NFO,07/01/2020,10:38:13,5.4,5.4,2500,5.45,2500,0,322500
AMBUJACEM30JAN20200CE.NFO,07/01/2020,10:38:14,5.4,5.35,7500,5.45,2500,0,322500
AMBUJACEM30JAN20200CE.NFO,07/01/2020,10:38:36,5.4,5.35,7500,5.5,2500,0,322500
AMBUJACEM30JAN20200CE.NFO,07/01/2020,10:38:42,5.4,5.35,7500,5.45,2500,0,322500
AMBUJACEM30JAN20200CE.NFO,07/01/2020,10:38:56,5.4,5.35,7500,5.55,5000,0,322500
AMBUJACEM30JAN20200CE.NFO,07/01/2020,10:39:21,5.4,5.35,7500,5.5,2500,0,322500
AMBUJACEM30JAN20200CE.NFO,07/01/2020,10:39:35,5.4,5.35,5000,5.5,2500,0,322500
AMBUJACEM30JAN20200CE.NFO,07/01/2020,10:41:26,5.4,5.35,7500,5.5,2500,0,322500
AMBUJACEM30JAN20200CE.NFO,07/01/2020,10:41:49,5.4,5.35,7500,5.5,5000,0,322500
AMBUJACEM30JAN20200CE.NFO,07/01/2020,10:41:55,5.4,5.4,5000,5.5,2500,0,322500
AMBUJACEM30JAN20200CE.NFO,07/01/2020,10:42:27,5.4,5.4,5000,5.55,5000,0,322500
AMBUJACEM30JAN20200CE.NFO,07/01/2020,10:42:50,5.4,5.4,5000,5.5,2500,0,322500
AMBUJACEM30JAN20200CE.NFO,07/01/2020,10:43:01,5.4,5.35,10000,5.55,5000,0,322500
AMBUJACEM30JAN20200CE.NFO,07/01/2020,10:43:55,5.5,5.35,2500,5.5,2500,2500,322500
AMBUJACEM30JAN20200CE.NFO,07/01/2020,10:44:10,5.5,5.35,2500,5.5,2500,0,322500
AMBUJACEM30JAN20200CE.NFO,07/01/2020,10:44:57,5.5,5.3,5000,5.45,2500,0,322500
AMBUJACEM30JAN20200CE.NFO,07/01/2020,10:45:02,5.5,5.3,2500,5.5,5000,0,322500
AMBUJACEM30JAN20200CE.NFO,07/01/2020,10:45:32,5.5,5.3,2500,5.45,5000,0,322500
AMBUJACEM30JAN20200CE.NFO,07/01/2020,10:45:53,5.5,5.3,7500,5.45,2500,0,322500
AMBUJACEM30JAN20200CE.NFO,07/01/2020,10:46:44,5.5,5.35,5000,5.45,2500,0,322500
AMBUJACEM30JAN20200CE.NFO,07/01/2020,10:48:05,5.5,5.35,7500,5.45,2500,0,322500
AMBUJACEM30JAN20200CE.NFO,07/01/2020,10:48:25,5.5,5.4,5000,5.5,10000,0,322500
AMBUJACEM30JAN20200CE.NFO,07/01/2020,10:48:37,5.4,5.3,5000,5.45,7500,2500,320000
AMBUJACEM30JAN20200CE.NFO,07/01/2020,10:49:10,5.4,5.35,5000,5.4,2500,2500,320000
AMBUJACEM30JAN20200CE.NFO,07/01/2020,10:49:12,5.4,5.35,5000,5.4,2500,0,320000
AMBUJACEM30JAN20200CE.NFO,07/01/2020,10:49:19,5.35,5.25,5000,5.4,5000,2500,320000
AMBUJACEM30JAN20200CE.NFO,07/01/2020,10:49:38,5.35,5.3,2500,5.4,5000,0,320000
AMBUJACEM30JAN20200CE.NFO,07/01/2020,10:49:42,5.35,5.25,7500,5.4,2500,0,320000
AMBUJACEM30JAN20200CE.NFO,07/01/2020,10:49:46,5.35,5.25,10000,5.4,2500,0,320000
AMBUJACEM30JAN20200CE.NFO,07/01/2020,10:49:50,5.35,5.3,5000,5.4,2500,0,320000
AMBUJACEM30JAN20200CE.NFO,07/01/2020,10:50:07,5.35,5.3,2500,5.4,2500,0,320000
AMBUJACEM30JAN20200CE.NFO,07/01/2020,10:50:39,5.35,5.25,7500,5.4,5000,0,320000
AMBUJACEM30JAN20200CE.NFO,07/01/2020,10:50:44,5.35,5.3,2500,5.4,5000,0,320000
AMBUJACEM30JAN20200CE.NFO,07/01/2020,10:50:54,5.35,5.25,5000,5.4,7500,0,320000
AMBUJACEM30JAN20200CE.NFO,07/01/2020,10:51:13,5.35,5.25,5000,5.4,10000,0,320000
AMBUJACEM30JAN20200CE.NFO,07/01/2020,10:51:16,5.35,5.25,5000,5.4,7500,0,320000
AMBUJACEM30JAN20200CE.NFO,07/01/2020,10:51:23,5.35,5.3,2500,5.4,5000,0,320000
AMBUJACEM30JAN20200CE.NFO,07/01/2020,10:51:58,5.35,5.25,5000,5.4,7500,0,320000
AMBUJACEM30JAN20200CE.NFO,07/01/2020,10:52:28,5.35,5.2,5000,5.35,5000,0,320000
AMBUJACEM30JAN20200CE.NFO,07/01/2020,10:52:34,5.35,5.2,5000,5.3,2500,0,320000
AMBUJACEM30JAN20200CE.NFO,07/01/2020,10:52:39,5.35,5.2,5000,5.35,2500,0,320000
AMBUJACEM30JAN20200CE.NFO,07/01/2020,10:53:00,5.35,5.15,5000,5.35,5000,0,320000
AMBUJACEM30JAN20200CE.NFO,07/01/2020,10:53:06,5.35,5.15,5000,5.3,2500,0,320000
AMBUJACEM30JAN20200CE.NFO,07/01/2020,10:53:55,5.35,5.15,5000,5.3,5000,0,320000
AMBUJACEM30JAN20200CE.NFO,07/01/2020,10:54:28,5.35,5.2,2500,5.3,2500,0,320000
AMBUJACEM30JAN20200CE.NFO,07/01/2020,10:54:33,5.35,5.2,5000,5.3,2500,0,320000
AMBUJACEM30JAN20200CE.NFO,07/01/2020,10:54:48,5.35,5.2,5000,5.35,2500,0,320000
AMBUJACEM30JAN20200CE.NFO,07/01/2020,10:54:53,5.35,5.25,5000,5.35,2500,0,320000
AMBUJACEM30JAN20200CE.NFO,07/01/2020,10:55:07,5.35,5.3,5000,5.4,5000,0,320000
AMBUJACEM30JAN20200CE.NFO,07/01/2020,10:55:21,5.35,5.3,5000,5.4,2500,0,320000
AMBUJACEM30JAN20200CE.NFO,07/01/2020,10:55:25,5.35,5.3,5000,5.45,5000,0,320000
AMBUJACEM30JAN20200CE.NFO,07/01/2020,10:55:30,5.35,5.3,5000,5.4,2500,0,320000
AMBUJACEM30JAN20200CE.NFO,07/01/2020,10:55:35,5.35,5.3,5000,5.45,2500,0,320000
AMBUJACEM30JAN20200CE.NFO,07/01/2020,10:55:41,5.35,5.35,5000,5.45,2500,0,320000
AMBUJACEM30JAN20200CE.NFO,07/01/2020,10:55:51,5.35,5.3,5000,5.45,2500,0,320000
AMBUJACEM30JAN20200CE.NFO,07/01/2020,10:56:03,5.35,5.35,5000,5.45,2500,0,320000
AMBUJACEM30JAN20200CE.NFO,07/01/2020,10:56:14,5.35,5.3,5000,5.45,2500,0,320000
AMBUJACEM30JAN20200CE.NFO,07/01/2020,10:56:59,5.35,5.25,5000,5.4,2500,0,320000
AMBUJACEM30JAN20200CE.NFO,07/01/2020,10:57:18,5.35,5.25,5000,5.4,5000,0,320000
AMBUJACEM30JAN20200CE.NFO,07/01/2020,10:57:25,5.35,5.25,5000,5.4,2500,0,320000
AMBUJACEM30JAN20200CE.NFO,07/01/2020,10:57:31,5.35,5.25,5000,5.35,2500,0,320000
AMBUJACEM30JAN20200CE.NFO,07/01/2020,10:57:48,5.35,5.25,5000,5.35,5000,0,320000
AMBUJACEM30JAN20200CE.NFO,07/01/2020,10:58:10,5.35,5.2,5000,5.35,5000,0,320000
AMBUJACEM30JAN20200CE.NFO,07/01/2020,10:58:30,5.35,5.2,5000,5.3,2500,0,320000
AMBUJACEM30JAN20200CE.NFO,07/01/2020,10:58:55,5.35,5.2,5000,5.35,7500,0,320000
AMBUJACEM30JAN20200CE.NFO,07/01/2020,10:59:06,5.35,5.2,5000,5.3,2500,0,320000
AMBUJACEM30JAN20200CE.NFO,07/01/2020,10:59:12,5.35,5.2,5000,5.35,7500,0,320000
AMBUJACEM30JAN20200CE.NFO,07/01/2020,10:59:18,5.35,5.2,5000,5.3,2500,0,320000
AMBUJACEM30JAN20200CE.NFO,07/01/2020,11:00:06,5.3,5.25,2500,5.35,2500,2500,317500
AMBUJACEM30JAN20200CE.NFO,07/01/2020,11:00:12,5.3,5.25,2500,5.35,2500,0,317500
AMBUJACEM30JAN20200CE.NFO,07/01/2020,11:00:25,5.3,5.25,2500,5.35,5000,0,317500
AMBUJACEM30JAN20200CE.NFO,07/01/2020,11:00:31,5.3,5.2,5000,5.35,5000,0,317500
AMBUJACEM30JAN20200CE.NFO,07/01/2020,11:00:38,5.3,5.25,2500,5.35,5000,0,317500
AMBUJACEM30JAN20200CE.NFO,07/01/2020,11:00:44,5.2,5.15,7500,5.3,2500,7500,317500
AMBUJACEM30JAN20200CE.NFO,07/01/2020,11:00:44,5.2,5.15,7500,5.3,2500,0,317500
AMBUJACEM30JAN20200CE.NFO,07/01/2020,11:00:57,5.2,5.15,7500,5.3,2500,0,317500
AMBUJACEM30JAN20200CE.NFO,07/01/2020,11:01:05,5.2,5.15,2500,5.25,5000,0,317500
AMBUJACEM30JAN20200CE.NFO,07/01/2020,11:01:13,5.2,5.1,5000,5.25,5000,0,317500
AMBUJACEM30JAN20200CE.NFO,07/01/2020,11:01:33,5.2,5.1,5000,5.3,7500,0,317500
AMBUJACEM30JAN20200CE.NFO,07/01/2020,11:01:39,5.2,5.1,7500,5.3,7500,0,317500
AMBUJACEM30JAN20200CE.NFO,07/01/2020,11:01:46,5.2,5.15,5000,5.25,2500,0,317500
AMBUJACEM30JAN20200CE.NFO,07/01/2020,11:01:54,5.2,5.15,5000,5.3,2500,0,317500
AMBUJACEM30JAN20200CE.NFO,07/01/2020,11:02:14,5.2,5.15,5000,5.3,5000,0,317500
AMBUJACEM30JAN20200CE.NFO,07/01/2020,11:02:26,5.2,5.15,5000,5.25,2500,0,317500
AMBUJACEM30JAN20200CE.NFO,07/01/2020,11:02:39,5.2,5.15,2500,5.25,2500,0,317500
AMBUJACEM30JAN20200CE.NFO,07/01/2020,11:02:50,5.2,5.1,7500,5.25,2500,0,317500
AMBUJACEM30JAN20200CE.NFO,07/01/2020,11:02:56,5.2,5.05,5000,5.2,5000,0,317500
AMBUJACEM30JAN20200CE.NFO,07/01/2020,11:03:08,5.2,5.05,7500,5.2,5000,0,317500
AMBUJACEM30JAN20200CE.NFO,07/01/2020,11:03:14,5.2,5.1,2500,5.2,5000,0,317500
AMBUJACEM30JAN20200CE.NFO,07/01/2020,11:03:30,5.2,5.05,5000,5.2,7500,0,317500
AMBUJACEM30JAN20200CE.NFO,07/01/2020,11:03:41,5.2,5.05,2500,5.2,7500,0,317500
AMBUJACEM30JAN20200CE.NFO,07/01/2020,11:03:48,5.2,5.05,5000,5.2,7500,0,317500
AMBUJACEM30JAN20200CE.NFO,07/01/2020,11:04:00,5.2,5.1,7500,5.25,5000,0,317500
AMBUJACEM30JAN20200CE.NFO,07/01/2020,11:04:05,5.2,5.1,5000,5.25,5000,0,317500
AMBUJACEM30JAN20200CE.NFO,07/01/2020,11:04:11,5.2,5.1,5000,5.25,2500,0,317500
AMBUJACEM30JAN20200CE.NFO,07/01/2020,11:04:17,5.2,5.05,7500,5.25,10000,0,317500
AMBUJACEM30JAN20200CE.NFO,07/01/2020,11:04:35,5.2,5.05,5000,5.15,5000,0,317500
AMBUJACEM30JAN20200CE.NFO,07/01/2020,11:04:46,5.2,5,7500,5.15,5000,0,317500
AMBUJACEM30JAN20200CE.NFO,07/01/2020,11:04:58,5.2,5.05,2500,5.15,5000,0,317500
AMBUJACEM30JAN20200CE.NFO,07/01/2020,11:05:03,5.2,5,7500,5.15,5000,0,317500
AMBUJACEM30JAN20200CE.NFO,07/01/2020,11:05:21,5.2,5.05,2500,5.15,5000,0,317500
AMBUJACEM30JAN20200CE.NFO,07/01/2020,11:05:41,5.2,5.1,2500,5.15,2500,0,317500
AMBUJACEM30JAN20200CE.NFO,07/01/2020,11:05:59,5.2,5.1,2500,5.2,2500,0,317500
AMBUJACEM30JAN20200CE.NFO,07/01/2020,11:06:10,5.2,5.1,7500,5.25,2500,0,317500
AMBUJACEM30JAN20200CE.NFO,07/01/2020,11:06:18,5.1,5.1,7500,5.25,2500,2500,315000
AMBUJACEM30JAN20200CE.NFO,07/01/2020,11:06:18,5.1,5.1,7500,5.25,2500,0,315000
AMBUJACEM30JAN20200CE.NFO,07/01/2020,11:06:24,5.1,5.1,2500,5.2,2500,0,315000
AMBUJACEM30JAN20200CE.NFO,07/01/2020,11:06:35,5.1,5.1,2500,5.25,5000,0,315000
AMBUJACEM30JAN20200CE.NFO,07/01/2020,11:06:43,5.1,5.05,7500,5.2,7500,0,315000
AMBUJACEM30JAN20200CE.NFO,07/01/2020,11:07:00,5.1,5,7500,5.2,10000,0,315000
AMBUJACEM30JAN20200CE.NFO,07/01/2020,11:07:40,5.1,5.05,10000,5.2,2500,0,315000
AMBUJACEM30JAN20200CE.NFO,07/01/2020,11:07:45,5.1,5,7500,5.2,12500,0,315000
AMBUJACEM30JAN20200CE.NFO,07/01/2020,11:08:07,5.1,5,2500,5.15,2500,0,315000
AMBUJACEM30JAN20200CE.NFO,07/01/2020,11:08:15,5.1,5,5000,5.15,2500,0,315000
AMBUJACEM30JAN20200CE.NFO,07/01/2020,11:08:26,5.1,5,7500,5.2,5000,0,315000
AMBUJACEM30JAN20200CE.NFO,07/01/2020,11:08:32,5.1,5.05,2500,5.2,2500,0,315000
AMBUJACEM30JAN20200CE.NFO,07/01/2020,11:09:05,5.2,5.05,5000,5.25,5000,2500,315000
AMBUJACEM30JAN20200CE.NFO,07/01/2020,11:09:19,5.2,5.05,5000,5.2,2500,0,315000
AMBUJACEM30JAN20200CE.NFO,07/01/2020,11:09:37,5.2,5,5000,5.15,5000,0,315000
AMBUJACEM30JAN20200CE.NFO,07/01/2020,11:09:41,5.2,5.05,2500,5.2,5000,0,315000
AMBUJACEM30JAN20200CE.NFO,07/01/2020,11:10:13,5.2,5.05,2500,5.15,2500,0,315000
AMBUJACEM30JAN20200CE.NFO,07/01/2020,11:10:22,5.05,5.05,2500,5.2,7500,2500,315000
AMBUJACEM30JAN20200CE.NFO,07/01/2020,11:10:22,5.05,5.05,2500,5.2,7500,0,315000
AMBUJACEM30JAN20200CE.NFO,07/01/2020,11:10:26,5.05,5.05,7500,5.15,2500,0,315000
AMBUJACEM30JAN20200CE.NFO,07/01/2020,11:10:30,4.95,4.85,7500,4.95,2500,5000,315000
AMBUJACEM30JAN20200CE.NFO,07/01/2020,11:10:30,4.95,4.85,7500,4.95,2500,0,315000
AMBUJACEM30JAN20200CE.NFO,07/01/2020,11:10:33,4.95,4.95,2500,5.05,2500,0,315000
AMBUJACEM30JAN20200CE.NFO,07/01/2020,11:10:41,4.95,4.9,7500,5,2500,0,315000
AMBUJACEM30JAN20200CE.NFO,07/01/2020,11:10:49,4.95,4.9,7500,5.05,2500,0,315000
AMBUJACEM30JAN20200CE.NFO,07/01/2020,11:10:52,4.95,4.9,10000,5.05,2500,0,315000
AMBUJACEM30JAN20200CE.NFO,07/01/2020,11:10:56,4.95,4.9,10000,5.05,5000,0,315000
AMBUJACEM30JAN20200CE.NFO,07/01/2020,11:11:23,4.95,4.9,2500,4.95,2500,0,315000
AMBUJACEM30JAN20200CE.NFO,07/01/2020,11:11:30,4.9,4.8,5000,4.95,10000,2500,315000
AMBUJACEM30JAN20200CE.NFO,07/01/2020,11:11:30,4.9,4.8,5000,4.95,10000,0,315000
AMBUJACEM30JAN20200CE.NFO,07/01/2020,11:11:37,4.9,4.75,10000,4.95,7500,0,315000
AMBUJACEM30JAN20200CE.NFO,07/01/2020,11:11:49,4.9,4.85,5000,4.95,2500,0,315000
AMBUJACEM30JAN20200CE.NFO,07/01/2020,11:11:54,4.95,4.85,10000,5,2500,2500,317500
AMBUJACEM30JAN20200CE.NFO,07/01/2020,11:12:00,4.95,4.8,5000,4.9,2500,0,317500
AMBUJACEM30JAN20200CE.NFO,07/01/2020,11:12:09,4.75,4.8,2500,4.95,15000,20000,317500
AMBUJACEM30JAN20200CE.NFO,07/01/2020,11:12:09,4.75,4.8,2500,4.95,15000,0,317500
AMBUJACEM30JAN20200CE.NFO,07/01/2020,11:12:22,4.75,4.8,2500,4.95,15000,0,317500
AMBUJACEM30JAN20200CE.NFO,07/01/2020,11:13:12,4.75,4.8,5000,4.95,17500,0,317500
AMBUJACEM30JAN20200CE.NFO,07/01/2020,11:13:24,4.75,4.8,7500,4.95,10000,0,317500
AMBUJACEM30JAN20200CE.NFO,07/01/2020,11:13:30,4.75,4.8,7500,4.95,7500,0,317500
AMBUJACEM30JAN20200CE.NFO,07/01/2020,11:13:54,4.75,4.8,7500,4.95,5000,0,317500
AMBUJACEM30JAN20200CE.NFO,07/01/2020,11:14:04,4.75,4.85,5000,5,2500,0,317500
AMBUJACEM30JAN20200CE.NFO,07/01/2020,11:14:10,4.75,4.85,5000,4.95,2500,0,317500
AMBUJACEM30JAN20200CE.NFO,07/01/2020,11:14:16,4.75,4.85,5000,5,7500,0,317500
AMBUJACEM30JAN20200CE.NFO,07/01/2020,11:14:28,4.75,4.85,2500,5,7500,0,317500
AMBUJACEM30JAN20200CE.NFO,07/01/2020,11:14:42,4.75,4.85,2500,4.95,2500,0,317500
AMBUJACEM30JAN20200CE.NFO,07/01/2020,11:15:03,4.75,4.8,5000,4.95,10000,0,317500
AMBUJACEM30JAN20200CE.NFO,07/01/2020,11:15:10,4.75,4.8,5000,4.9,2500,0,317500
AMBUJACEM30JAN20200CE.NFO,07/01/2020,11:15:16,4.75,4.8,7500,4.85,2500,0,317500
AMBUJACEM30JAN20200CE.NFO,07/01/2020,11:15:21,4.75,4.8,7500,4.95,5000,0,317500
AMBUJACEM30JAN20200CE.NFO,07/01/2020,11:15:26,4.75,4.85,2500,4.95,5000,0,317500
AMBUJACEM30JAN20200CE.NFO,07/01/2020,11:15:36,4.75,4.8,7500,4.9,2500,0,317500
AMBUJACEM30JAN20200CE.NFO,07/01/2020,11:15:39,4.75,4.8,2500,4.9,12500,0,317500
AMBUJACEM30JAN20200CE.NFO,07/01/2020,11:15:44,4.75,4.8,7500,4.9,2500,0,317500
AMBUJACEM30JAN20200CE.NFO,07/01/2020,11:16:06,4.75,4.8,2500,4.85,2500,0,317500
AMBUJACEM30JAN20200CE.NFO,07/01/2020,11:16:19,4.75,4.8,2500,4.9,5000,0,317500
AMBUJACEM30JAN20200CE.NFO,07/01/2020,11:16:31,4.9,4.8,7500,4.95,2500,2500,297500
AMBUJACEM30JAN20200CE.NFO,07/01/2020,11:16:35,4.9,4.85,5000,5,5000,0,297500
AMBUJACEM30JAN20200CE.NFO,07/01/2020,11:16:50,4.9,4.85,2500,4.95,5000,0,297500
AMBUJACEM30JAN20200CE.NFO,07/01/2020,11:17:02,4.9,4.85,5000,5,2500,0,297500
AMBUJACEM30JAN20200CE.NFO,07/01/2020,11:17:26,4.9,4.9,5000,5.05,10000,0,297500
AMBUJACEM30JAN20200CE.NFO,07/01/2020,11:17:36,4.9,4.95,5000,5.1,2500,0,297500
AMBUJACEM30JAN20200CE.NFO,07/01/2020,11:18:08,4.9,4.95,5000,5.05,2500,0,297500
AMBUJACEM30JAN20200CE.NFO,07/01/2020,11:18:30,4.9,4.95,2500,5.05,2500,0,297500
AMBUJACEM30JAN20200CE.NFO,07/01/2020,11:18:35,4.9,5,2500,5.1,5000,0,297500
AMBUJACEM30JAN20200CE.NFO,07/01/2020,11:18:42,5.1,5,2500,5.15,10000,2500,297500
AMBUJACEM30JAN20200CE.NFO,07/01/2020,11:19:04,5.1,5,2500,5.1,2500,0,297500
AMBUJACEM30JAN20200CE.NFO,07/01/2020,11:19:16,5,4.75,7500,4.95,10000,2500,297500
AMBUJACEM30JAN20200CE.NFO,07/01/2020,11:19:25,5,4.7,7500,4.9,12500,0,297500
AMBUJACEM30JAN20200CE.NFO,07/01/2020,11:19:33,5,4.75,2500,4.9,12500,0,297500
AMBUJACEM30JAN20200CE.NFO,07/01/2020,11:19:40,5,4.75,7500,4.9,5000,0,297500
AMBUJACEM30JAN20200CE.NFO,07/01/2020,11:19:46,5,4.8,2500,4.95,7500,0,297500
AMBUJACEM30JAN20200CE.NFO,07/01/2020,11:19:51,5,4.85,7500,5,5000,0,297500
AMBUJACEM30JAN20200CE.NFO,07/01/2020,11:19:57,5,4.85,5000,4.95,2500,0,297500
AMBUJACEM30JAN20200CE.NFO,07/01/2020,11:20:06,5,4.85,2500,4.95,2500,0,297500
AMBUJACEM30JAN20200CE.NFO,07/01/2020,11:20:35,5,4.9,5000,5.05,5000,0,297500
AMBUJACEM30JAN20200CE.NFO,07/01/2020,11:20:52,5.05,4.9,7500,5.1,10000,2500,297500
AMBUJACEM30JAN20200CE.NFO,07/01/2020,11:20:58,5.05,4.9,7500,5.1,10000,0,297500
AMBUJACEM30JAN20200CE.NFO,07/01/2020,11:21:02,5.05,4.9,5000,5.05,7500,0,297500
AMBUJACEM30JAN20200CE.NFO,07/01/2020,11:21:12,5.05,4.9,2500,5.05,7500,0,297500
AMBUJACEM30JAN20200CE.NFO,07/01/2020,11:21:20,5.05,4.95,2500,5.1,10000,0,297500
AMBUJACEM30JAN20200CE.NFO,07/01/2020,11:21:24,5.05,4.95,7500,5.1,2500,0,297500
AMBUJACEM30JAN20200CE.NFO,07/01/2020,11:21:29,5.05,4.9,7500,5.05,5000,0,297500
AMBUJACEM30JAN20200CE.NFO,07/01/2020,11:22:18,5.05,4.9,2500,5.05,12500,0,297500
AMBUJACEM30JAN20200CE.NFO,07/01/2020,11:22:22,5.05,4.85,2500,5,10000,0,297500
AMBUJACEM30JAN20200CE.NFO,07/01/2020,11:22:26,5.05,4.8,2500,4.95,12500,0,297500
AMBUJACEM30JAN20200CE.NFO,07/01/2020,11:22:31,5.05,4.8,2500,4.9,2500,0,297500
AMBUJACEM30JAN20200CE.NFO,07/01/2020,11:22:44,5.05,4.8,2500,4.9,5000,0,297500
AMBUJACEM30JAN20200CE.NFO,07/01/2020,11:22:50,5.05,4.8,2500,4.9,7500,0,297500
AMBUJACEM30JAN20200CE.NFO,07/01/2020,11:22:55,5.05,4.8,2500,4.9,5000,0,297500
AMBUJACEM30JAN20200CE.NFO,07/01/2020,11:22:59,5.05,4.75,10000,4.9,10000,0,297500
AMBUJACEM30JAN20200CE.NFO,07/01/2020,11:23:09,5.05,4.8,2500,4.85,2500,0,297500
AMBUJACEM30JAN20200CE.NFO,07/01/2020,11:23:14,5.05,4.75,7500,4.9,10000,0,297500
AMBUJACEM30JAN20200CE.NFO,07/01/2020,11:23:27,5.05,4.8,2500,4.9,10000,0,297500
AMBUJACEM30JAN20200CE.NFO,07/01/2020,11:23:31,4.8,4.75,10000,4.9,10000,2500,297500
AMBUJACEM30JAN20200CE.NFO,07/01/2020,11:23:36,4.8,4.75,10000,4.9,5000,0,297500
AMBUJACEM30JAN20200CE.NFO,07/01/2020,11:23:40,4.8,4.8,2500,4.9,5000,0,297500
AMBUJACEM30JAN20200CE.NFO,07/01/2020,11:23:45,4.8,4.8,7500,4.9,2500,0,297500
AMBUJACEM30JAN20200CE.NFO,07/01/2020,11:23:49,4.8,4.8,7500,4.95,10000,0,297500
AMBUJACEM30JAN20200CE.NFO,07/01/2020,11:23:54,4.8,4.8,7500,4.9,2500,0,297500
AMBUJACEM30JAN20200CE.NFO,07/01/2020,11:24:16,4.8,4.8,5000,4.9,2500,0,297500
AMBUJACEM30JAN20200CE.NFO,07/01/2020,11:24:20,4.8,4.85,2500,4.95,7500,0,297500
AMBUJACEM30JAN20200CE.NFO,07/01/2020,11:24:30,4.8,4.85,2500,4.95,2500,0,297500
AMBUJACEM30JAN20200CE.NFO,07/01/2020,11:24:35,4.8,4.9,2500,4.95,2500,0,297500
AMBUJACEM30JAN20200CE.NFO,07/01/2020,11:24:39,4.8,4.85,7500,4.95,2500,0,297500
AMBUJACEM30JAN20200CE.NFO,07/01/2020,11:24:52,4.8,4.85,7500,5,10000,0,297500
AMBUJACEM30JAN20200CE.NFO,07/01/2020,11:25:10,4.8,4.8,10000,4.95,2500,0,297500
AMBUJACEM30JAN20200CE.NFO,07/01/2020,11:25:23,4.9,4.8,10000,4.95,2500,2500,300000
AMBUJACEM30JAN20200CE.NFO,07/01/2020,11:25:28,4.9,4.85,2500,4.95,5000,0,300000
AMBUJACEM30JAN20200CE.NFO,07/01/2020,11:25:33,4.9,4.85,10000,5,2500,0,300000
AMBUJACEM30JAN20200CE.NFO,07/01/2020,11:26:02,4.9,4.85,10000,5.05,10000,0,300000
AMBUJACEM30JAN20200CE.NFO,07/01/2020,11:26:27,5,4.9,7500,5.05,2500,2500,300000
AMBUJACEM30JAN20200CE.NFO,07/01/2020,11:26:31,5,4.95,2500,5.1,7500,0,300000
AMBUJACEM30JAN20200CE.NFO,07/01/2020,11:26:36,5,5,7500,5.15,2500,0,300000
AMBUJACEM30JAN20200CE.NFO,07/01/2020,11:26:45,5,5,5000,5.1,2500,0,300000
AMBUJACEM30JAN20200CE.NFO,07/01/2020,11:26:53,5,5,2500,5.1,2500,0,300000
AMBUJACEM30JAN20200CE.NFO,07/01/2020,11:27:18,5,5,2500,5.15,7500,0,300000
AMBUJACEM30JAN20200CE.NFO,07/01/2020,11:27:24,5,5,2500,5.1,7500,0,300000
AMBUJACEM30JAN20200CE.NFO,07/01/2020,11:27:28,5,4.95,2500,5.1,7500,0,300000
AMBUJACEM30JAN20200CE.NFO,07/01/2020,11:28:21,5,4.9,5000,5.05,7500,0,300000
AMBUJACEM30JAN20200CE.NFO,07/01/2020,11:29:41,5,4.95,2500,5.05,5000,0,300000
AMBUJACEM30JAN20200CE.NFO,07/01/2020,11:30:08,5,4.9,2500,5,2500,0,300000
AMBUJACEM30JAN20200CE.NFO,07/01/2020,11:31:05,5,4.9,7500,5.05,7500,0,300000
AMBUJACEM30JAN20200CE.NFO,07/01/2020,11:31:20,5,4.9,2500,5.05,10000,0,300000
AMBUJACEM30JAN20200CE.NFO,07/01/2020,11:31:24,5,4.9,5000,5.05,10000,0,300000
AMBUJACEM30JAN20200CE.NFO,07/01/2020,11:31:28,5,4.95,2500,5.05,7500,0,300000
AMBUJACEM30JAN20200CE.NFO,07/01/2020,11:31:31,5,4.95,5000,5.1,10000,0,300000
AMBUJACEM30JAN20200CE.NFO,07/01/2020,11:31:35,5,4.95,5000,5.1,7500,0,300000
AMBUJACEM30JAN20200CE.NFO,07/01/2020,11:31:41,5,4.95,2500,5.1,7500,0,300000
AMBUJACEM30JAN20200CE.NFO,07/01/2020,11:31:45,5,4.95,2500,5.05,2500,0,300000
AMBUJACEM30JAN20200CE.NFO,07/01/2020,11:31:56,5,4.95,2500,5.1,10000,0,300000
AMBUJACEM30JAN20200CE.NFO,07/01/2020,11:32:17,5,4.95,5000,5.05,2500,0,300000
AMBUJACEM30JAN20200CE.NFO,07/01/2020,11:32:32,5.05,5,5000,5.15,7500,2500,300000
AMBUJACEM30JAN20200CE.NFO,07/01/2020,11:32:48,5.05,5,2500,5.15,7500,0,300000
AMBUJACEM30JAN20200CE.NFO,07/01/2020,11:32:51,5.05,4.95,7500,5.1,2500,0,300000
AMBUJACEM30JAN20200CE.NFO,07/01/2020,11:33:04,5.05,5,2500,5.1,2500,0,300000
AMBUJACEM30JAN20200CE.NFO,07/01/2020,11:33:11,5.05,5,5000,5.1,2500,0,300000
AMBUJACEM30JAN20200CE.NFO,07/01/2020,11:33:22,5.05,5,2500,5.1,2500,0,300000
AMBUJACEM30JAN20200CE.NFO,07/01/2020,11:33:30,5.05,5.05,2500,5.15,5000,0,300000
AMBUJACEM30JAN20200CE.NFO,07/01/2020,11:33:34,5.05,5,5000,5.15,5000,0,300000
AMBUJACEM30JAN20200CE.NFO,07/01/2020,11:33:42,5.05,5.05,5000,5.2,10000,0,300000
AMBUJACEM30JAN20200CE.NFO,07/01/2020,11:33:50,5.05,5.1,2500,5.2,2500,0,300000
AMBUJACEM30JAN20200CE.NFO,07/01/2020,11:33:59,5.05,5.15,2500,5.2,2500,0,300000
AMBUJACEM30JAN20200CE.NFO,07/01/2020,11:34:04,5.05,5.1,2500,5.2,2500,0,300000
AMBUJACEM30JAN20200CE.NFO,07/01/2020,11:34:29,5.05,5.05,5000,5.2,5000,0,300000
AMBUJACEM30JAN20200CE.NFO,07/01/2020,11:34:42,5.05,5.05,2500,5.15,2500,0,300000
AMBUJACEM30JAN20200CE.NFO,07/01/2020,11:34:47,5.05,5,5000,5.15,5000,0,300000
AMBUJACEM30JAN20200CE.NFO,07/01/2020,11:35:03,5.05,5,5000,5.15,2500,0,300000
AMBUJACEM30JAN20200CE.NFO,07/01/2020,11:35:09,5.1,5.05,2500,5.15,2500,2500,300000
AMBUJACEM30JAN20200CE.NFO,07/01/2020,11:35:30,5.1,5.05,2500,5.15,2500,0,300000
AMBUJACEM30JAN20200CE.NFO,07/01/2020,11:36:23,5.15,5,5000,5.15,2500,2500,300000
AMBUJACEM30JAN20200CE.NFO,07/01/2020,11:36:28,5.15,5.05,2500,5.2,7500,0,300000
AMBUJACEM30JAN20200CE.NFO,07/01/2020,11:36:48,5.2,5.05,5000,5.2,2500,5000,300000
AMBUJACEM30JAN20200CE.NFO,07/01/2020,11:36:54,5.2,5,2500,5.15,2500,0,300000
AMBUJACEM30JAN20200CE.NFO,07/01/2020,11:37:00,5.2,5,5000,5.15,2500,0,300000
AMBUJACEM30JAN20200CE.NFO,07/01/2020,11:37:13,5.2,5,7500,5.15,2500,0,300000
AMBUJACEM30JAN20200CE.NFO,07/01/2020,11:37:22,5.2,4.95,7500,5.1,2500,0,300000
AMBUJACEM30JAN20200CE.NFO,07/01/2020,11:37:31,5.2,5,2500,5.1,2500,0,300000
AMBUJACEM30JAN20200CE.NFO,07/01/2020,11:37:47,5.2,5,5000,5.15,5000,0,300000
AMBUJACEM30JAN20200CE.NFO,07/01/2020,11:37:51,5.2,4.95,7500,5.1,2500,0,300000
AMBUJACEM30JAN20200CE.NFO,07/01/2020,11:38:07,5.2,5,2500,5.1,2500,0,300000
AMBUJACEM30JAN20200CE.NFO,07/01/2020,11:38:15,5.2,4.95,7500,5.1,2500,0,300000
AMBUJACEM30JAN20200CE.NFO,07/01/2020,11:39:24,5.2,4.85,5000,5,5000,0,300000
AMBUJACEM30JAN20200CE.NFO,07/01/2020,11:39:32,5.2,4.85,2500,5,5000,0,300000
AMBUJACEM30JAN20200CE.NFO,07/01/2020,11:39:56,5.2,4.8,5000,4.95,5000,0,300000
AMBUJACEM30JAN20200CE.NFO,07/01/2020,11:40:02,5.2,4.8,5000,4.9,2500,0,300000
AMBUJACEM30JAN20200CE.NFO,07/01/2020,11:40:27,5.2,4.85,2500,4.9,2500,0,300000
AMBUJACEM30JAN20200CE.NFO,07/01/2020,11:40:38,5.2,4.85,2500,5,2500,0,300000
AMBUJACEM30JAN20200CE.NFO,07/01/2020,11:40:46,5.2,4.85,2500,4.95,2500,0,300000
AMBUJACEM30JAN20200CE.NFO,07/01/2020,11:41:05,5.2,4.8,2500,4.9,2500,0,300000
AMBUJACEM30JAN20200CE.NFO,07/01/2020,11:41:11,5.2,4.85,2500,4.95,2500,0,300000
AMBUJACEM30JAN20200CE.NFO,07/01/2020,11:41:14,5.2,4.85,5000,5,2500,0,300000
AMBUJACEM30JAN20200CE.NFO,07/01/2020,11:41:38,5.2,4.85,2500,4.95,2500,0,300000
AMBUJACEM30JAN20200CE.NFO,07/01/2020,11:41:48,5.2,4.8,7500,5,2500,0,300000
AMBUJACEM30JAN20200CE.NFO,07/01/2020,11:41:54,5.2,4.85,2500,4.95,2500,0,300000
AMBUJACEM30JAN20200CE.NFO,07/01/2020,11:42:08,5.2,4.8,7500,4.95,2500,0,300000
AMBUJACEM30JAN20200CE.NFO,07/01/2020,11:42:32,4.9,4.8,5000,4.95,2500,2500,302500
AMBUJACEM30JAN20200CE.NFO,07/01/2020,11:43:04,4.9,4.85,2500,4.95,2500,0,302500
AMBUJACEM30JAN20200CE.NFO,07/01/2020,11:43:07,4.9,4.85,5000,4.95,2500,0,302500
AMBUJACEM30JAN20200CE.NFO,07/01/2020,11:43:17,4.9,4.85,2500,4.95,2500,0,302500
AMBUJACEM30JAN20200CE.NFO,07/01/2020,11:43:35,4.9,4.8,5000,4.9,2500,0,302500
AMBUJACEM30JAN20200CE.NFO,07/01/2020,11:43:45,4.9,4.85,2500,4.95,2500,0,302500
AMBUJACEM30JAN20200CE.NFO,07/01/2020,11:43:58,4.9,4.8,5000,4.9,2500,0,302500
AMBUJACEM30JAN20200CE.NFO,07/01/2020,11:44:01,4.9,4.8,2500,4.9,2500,0,302500
AMBUJACEM30JAN20200CE.NFO,07/01/2020,11:44:10,4.9,4.8,5000,4.9,2500,0,302500
AMBUJACEM30JAN20200CE.NFO,07/01/2020,11:44:31,4.9,4.8,2500,4.9,2500,0,302500
AMBUJACEM30JAN20200CE.NFO,07/01/2020,11:44:48,4.9,4.8,5000,4.9,2500,0,302500
AMBUJACEM30JAN20200CE.NFO,07/01/2020,11:44:51,4.9,4.8,7500,4.9,2500,0,302500
AMBUJACEM30JAN20200CE.NFO,07/01/2020,11:45:21,4.9,4.8,2500,4.85,2500,0,302500
AMBUJACEM30JAN20200CE.NFO,07/01/2020,11:45:38,4.85,4.8,2500,4.9,5000,2500,302500
AMBUJACEM30JAN20200CE.NFO,07/01/2020,11:45:41,4.85,4.8,2500,4.9,5000,0,302500
AMBUJACEM30JAN20200CE.NFO,07/01/2020,11:45:53,4.85,4.8,5000,4.95,2500,0,302500
AMBUJACEM30JAN20200CE.NFO,07/01/2020,11:46:00,4.85,4.85,2500,4.95,5000,0,302500
AMBUJACEM30JAN20200CE.NFO,07/01/2020,11:46:18,4.85,4.85,2500,5,2500,0,302500
AMBUJACEM30JAN20200CE.NFO,07/01/2020,11:46:22,4.85,4.85,2500,5,5000,0,302500
AMBUJACEM30JAN20200CE.NFO,07/01/2020,11:46:25,4.85,4.85,2500,5,2500,0,302500
AMBUJACEM30JAN20200CE.NFO,07/01/2020,11:46:38,4.85,4.85,2500,5.05,7500,0,302500
AMBUJACEM30JAN20200CE.NFO,07/01/2020,11:46:48,4.85,4.85,2500,5.05,12500,0,302500
AMBUJACEM30JAN20200CE.NFO,07/01/2020,11:46:50,4.85,4.8,7500,5.05,10000,0,302500
AMBUJACEM30JAN20200CE.NFO,07/01/2020,11:46:56,4.85,4.8,7500,5,7500,0,302500
AMBUJACEM30JAN20200CE.NFO,07/01/2020,11:46:58,4.85,4.8,7500,4.95,2500,0,302500
AMBUJACEM30JAN20200CE.NFO,07/01/2020,11:47:32,4.85,4.75,10000,4.95,5000,0,302500
AMBUJACEM30JAN20200CE.NFO,07/01/2020,11:47:57,4.75,4.75,7500,4.9,2500,2500,302500
AMBUJACEM30JAN20200CE.NFO,07/01/2020,11:48:04,4.75,4.75,7500,4.9,2500,0,302500
AMBUJACEM30JAN20200CE.NFO,07/01/2020,11:48:25,4.75,4.7,7500,4.9,7500,0,302500
AMBUJACEM30JAN20200CE.NFO,07/01/2020,11:49:01,4.75,4.7,7500,4.85,7500,0,302500
AMBUJACEM30JAN20200CE.NFO,07/01/2020,11:49:17,4.75,4.7,5000,4.85,7500,0,302500
AMBUJACEM30JAN20200CE.NFO,07/01/2020,11:49:22,4.75,4.7,2500,4.85,5000,0,302500
AMBUJACEM30JAN20200CE.NFO,07/01/2020,11:49:39,4.75,4.75,2500,4.85,2500,0,302500
AMBUJACEM30JAN20200CE.NFO,07/01/2020,11:49:50,4.75,4.75,2500,4.85,5000,0,302500
AMBUJACEM30JAN20200CE.NFO,07/01/2020,11:49:52,4.75,4.75,2500,4.8,5000,0,302500
AMBUJACEM30JAN20200CE.NFO,07/01/2020,11:49:58,4.75,4.65,2500,4.8,5000,2500,302500
AMBUJACEM30JAN20200CE.NFO,07/01/2020,11:50:02,4.75,4.6,7500,4.75,2500,0,302500
AMBUJACEM30JAN20200CE.NFO,07/01/2020,11:50:18,4.75,4.6,2500,4.7,2500,0,302500
AMBUJACEM30JAN20200CE.NFO,07/01/2020,11:50:23,4.75,4.55,2500,4.65,2500,0,302500
AMBUJACEM30JAN20200CE.NFO,07/01/2020,11:50:42,4.75,4.6,2500,4.7,2500,0,302500
AMBUJACEM30JAN20200CE.NFO,07/01/2020,11:50:45,4.75,4.55,7500,4.7,2500,0,302500
AMBUJACEM30JAN20200CE.NFO,07/01/2020,11:50:48,4.75,4.55,2500,4.65,2500,0,302500
AMBUJACEM30JAN20200CE.NFO,07/01/2020,11:51:17,4.75,4.6,2500,4.7,2500,0,302500
AMBUJACEM30JAN20200CE.NFO,07/01/2020,11:51:56,4.7,4.6,2500,4.7,2500,2500,305000
AMBUJACEM30JAN20200CE.NFO,07/01/2020,11:51:56,4.7,4.6,2500,4.7,2500,0,305000
AMBUJACEM30JAN20200CE.NFO,07/01/2020,11:52:00,4.7,4.6,2500,4.7,2500,0,305000
AMBUJACEM30JAN20200CE.NFO,07/01/2020,11:52:16,4.7,4.55,7500,4.7,7500,0,305000
AMBUJACEM30JAN20200CE.NFO,07/01/2020,11:52:18,4.7,4.6,2500,4.7,5000,0,305000
AMBUJACEM30JAN20200CE.NFO,07/01/2020,11:52:26,4.7,4.6,7500,4.75,7500,0,305000
AMBUJACEM30JAN20200CE.NFO,07/01/2020,11:52:31,4.7,4.65,2500,4.7,2500,0,305000
AMBUJACEM30JAN20200CE.NFO,07/01/2020,11:52:35,4.7,4.55,7500,4.7,2500,0,305000
AMBUJACEM30JAN20200CE.NFO,07/01/2020,11:52:38,4.7,4.65,2500,4.7,2500,0,305000
AMBUJACEM30JAN20200CE.NFO,07/01/2020,11:52:55,4.7,4.65,2500,4.75,2500,0,305000
AMBUJACEM30JAN20200CE.NFO,07/01/2020,11:53:07,4.7,4.65,10000,4.8,5000,0,305000
AMBUJACEM30JAN20200CE.NFO,07/01/2020,11:53:10,4.7,4.65,10000,4.8,7500,0,305000
AMBUJACEM30JAN20200CE.NFO,07/01/2020,11:53:16,4.7,4.65,10000,4.8,2500,0,305000
AMBUJACEM30JAN20200CE.NFO,07/01/2020,11:53:27,4.7,4.65,2500,4.75,2500,0,305000
AMBUJACEM30JAN20200CE.NFO,07/01/2020,11:53:36,4.7,4.65,5000,4.8,7500,0,305000
AMBUJACEM30JAN20200CE.NFO,07/01/2020,11:53:39,4.7,4.65,10000,4.8,5000,0,305000
AMBUJACEM30JAN20200CE.NFO,07/01/2020,11:53:41,4.7,4.7,2500,4.8,5000,0,305000
AMBUJACEM30JAN20200CE.NFO,07/01/2020,11:53:44,4.7,4.75,2500,4.85,7500,0,305000
AMBUJACEM30JAN20200CE.NFO,07/01/2020,11:53:47,4.7,4.7,7500,4.85,7500,0,305000
AMBUJACEM30JAN20200CE.NFO,07/01/2020,11:53:55,4.7,4.7,5000,4.8,2500,0,305000
AMBUJACEM30JAN20200CE.NFO,07/01/2020,11:54:00,4.7,4.7,7500,4.8,2500,0,305000
AMBUJACEM30JAN20200CE.NFO,07/01/2020,11:54:15,4.7,4.7,2500,4.85,7500,0,305000
AMBUJACEM30JAN20200CE.NFO,07/01/2020,11:54:22,4.7,4.75,2500,4.85,7500,0,305000
AMBUJACEM30JAN20200CE.NFO,07/01/2020,11:54:25,4.7,4.75,2500,4.85,2500,0,305000
AMBUJACEM30JAN20200CE.NFO,07/01/2020,11:54:28,4.7,4.75,5000,4.9,7500,0,305000
AMBUJACEM30JAN20200CE.NFO,07/01/2020,11:54:37,4.7,4.8,2500,4.9,5000,0,305000
AMBUJACEM30JAN20200CE.NFO,07/01/2020,11:54:39,4.7,4.8,7500,4.95,5000,0,305000
AMBUJACEM30JAN20200CE.NFO,07/01/2020,11:54:51,4.7,4.8,2500,4.9,2500,0,305000
AMBUJACEM30JAN20200CE.NFO,07/01/2020,11:54:53,4.7,4.8,5000,4.95,5000,0,305000
AMBUJACEM30JAN20200CE.NFO,07/01/2020,11:54:55,4.7,4.85,2500,4.95,5000,0,305000
AMBUJACEM30JAN20200CE.NFO,07/01/2020,11:55:01,4.7,4.8,7500,4.95,5000,0,305000
AMBUJACEM30JAN20200CE.NFO,07/01/2020,11:55:18,4.7,4.85,2500,4.95,2500,0,305000
AMBUJACEM30JAN20200CE.NFO,07/01/2020,11:55:24,4.7,4.8,7500,4.95,5000,0,305000
AMBUJACEM30JAN20200CE.NFO,07/01/2020,11:56:04,4.7,4.8,7500,4.95,2500,0,305000
AMBUJACEM30JAN20200CE.NFO,07/01/2020,11:56:07,4.7,4.8,7500,4.95,5000,0,305000
AMBUJACEM30JAN20200CE.NFO,07/01/2020,11:56:16,4.7,4.85,2500,4.95,2500,0,305000
AMBUJACEM30JAN20200CE.NFO,07/01/2020,11:56:37,4.7,4.8,7500,4.95,2500,0,305000
AMBUJACEM30JAN20200CE.NFO,07/01/2020,11:56:40,4.7,4.85,2500,4.95,2500,0,305000
AMBUJACEM30JAN20200CE.NFO,07/01/2020,11:57:02,4.7,4.8,7500,4.95,2500,0,305000
AMBUJACEM30JAN20200CE.NFO,07/01/2020,11:57:04,4.7,4.85,2500,4.95,2500,0,305000
AMBUJACEM30JAN20200CE.NFO,07/01/2020,11:57:09,4.7,4.8,7500,4.95,2500,0,305000
AMBUJACEM30JAN20200CE.NFO,07/01/2020,11:57:20,4.7,4.85,2500,4.95,2500,0,305000
AMBUJACEM30JAN20200CE.NFO,07/01/2020,11:57:54,4.7,4.8,7500,4.95,2500,0,305000
AMBUJACEM30JAN20200CE.NFO,07/01/2020,11:58:06,4.7,4.85,2500,4.95,2500,0,305000
AMBUJACEM30JAN20200CE.NFO,07/01/2020,11:58:43,4.7,4.8,7500,4.95,2500,0,305000
AMBUJACEM30JAN20200CE.NFO,07/01/2020,11:59:15,4.7,4.85,2500,4.9,2500,0,305000
AMBUJACEM30JAN20200CE.NFO,07/01/2020,11:59:24,4.7,4.8,5000,4.9,2500,0,305000
AMBUJACEM30JAN20200CE.NFO,07/01/2020,11:59:40,4.9,4.9,2500,5,2500,2500,307500
AMBUJACEM30JAN20200CE.NFO,07/01/2020,11:59:42,4.9,4.9,2500,5,2500,0,307500
AMBUJACEM30JAN20200CE.NFO,07/01/2020,12:00:53,4.9,4.9,5000,5.05,5000,0,307500
AMBUJACEM30JAN20200CE.NFO,07/01/2020,12:00:59,4.9,4.95,2500,5.05,5000,0,307500
AMBUJACEM30JAN20200CE.NFO,07/01/2020,12:01:13,4.9,4.9,2500,5,2500,0,307500
AMBUJACEM30JAN20200CE.NFO,07/01/2020,12:01:20,4.9,4.9,5000,5,2500,0,307500
AMBUJACEM30JAN20200CE.NFO,07/01/2020,12:01:31,4.9,4.9,2500,4.95,2500,0,307500
AMBUJACEM30JAN20200CE.NFO,07/01/2020,12:01:35,4.9,4.85,2500,4.95,2500,2500,305000
AMBUJACEM30JAN20200CE.NFO,07/01/2020,12:01:38,4.9,4.8,2500,4.9,2500,0,305000
AMBUJACEM30JAN20200CE.NFO,07/01/2020,12:01:40,4.9,4.75,2500,4.9,5000,0,305000
AMBUJACEM30JAN20200CE.NFO,07/01/2020,12:01:43,4.9,4.75,5000,4.9,5000,0,305000
AMBUJACEM30JAN20200CE.NFO,07/01/2020,12:02:21,4.9,4.75,2500,4.85,5000,0,305000
AMBUJACEM30JAN20200CE.NFO,07/01/2020,12:02:24,4.9,4.7,7500,4.85,5000,0,305000
AMBUJACEM30JAN20200CE.NFO,07/01/2020,12:02:26,4.9,4.75,2500,4.85,2500,0,305000
AMBUJACEM30JAN20200CE.NFO,07/01/2020,12:02:32,4.9,4.75,7500,4.9,2500,0,305000
AMBUJACEM30JAN20200CE.NFO,07/01/2020,12:02:38,4.9,4.8,7500,4.95,5000,0,305000
AMBUJACEM30JAN20200CE.NFO,07/01/2020,12:02:44,4.9,4.8,7500,4.95,7500,0,305000
AMBUJACEM30JAN20200CE.NFO,07/01/2020,12:02:50,4.9,4.8,5000,4.95,7500,0,305000
AMBUJACEM30JAN20200CE.NFO,07/01/2020,12:02:58,4.9,4.8,2500,4.95,7500,0,305000
AMBUJACEM30JAN20200CE.NFO,07/01/2020,12:03:29,4.9,4.8,2500,4.9,2500,0,305000
AMBUJACEM30JAN20200CE.NFO,07/01/2020,12:03:32,4.9,4.75,2500,4.9,7500,0,305000
AMBUJACEM30JAN20200CE.NFO,07/01/2020,12:03:39,4.9,4.75,2500,4.85,2500,0,305000
AMBUJACEM30JAN20200CE.NFO,07/01/2020,12:03:48,4.9,4.75,2500,4.85,5000,0,305000
AMBUJACEM30JAN20200CE.NFO,07/01/2020,12:03:55,4.9,4.8,2500,4.9,7500,0,305000
AMBUJACEM30JAN20200CE.NFO,07/01/2020,12:04:00,4.9,4.75,2500,4.9,7500,0,305000
AMBUJACEM30JAN20200CE.NFO,07/01/2020,12:04:10,4.9,4.75,2500,4.85,2500,0,305000
AMBUJACEM30JAN20200CE.NFO,07/01/2020,12:05:05,4.9,4.75,5000,4.9,7500,0,305000
AMBUJACEM30JAN20200CE.NFO,07/01/2020,12:05:10,4.9,4.75,2500,4.9,7500,0,305000
AMBUJACEM30JAN20200CE.NFO,07/01/2020,12:05:36,4.9,4.75,2500,4.85,5000,0,305000
AMBUJACEM30JAN20200CE.NFO,07/01/2020,12:05:39,4.9,4.7,5000,4.8,2500,0,305000
AMBUJACEM30JAN20200CE.NFO,07/01/2020,12:05:44,4.9,4.7,2500,4.8,2500,0,305000
AMBUJACEM30JAN20200CE.NFO,07/01/2020,12:05:47,4.9,4.65,7500,4.8,7500,0,305000
AMBUJACEM30JAN20200CE.NFO,07/01/2020,12:05:54,4.9,4.65,2500,4.75,2500,0,305000
AMBUJACEM30JAN20200CE.NFO,07/01/2020,12:05:58,4.9,4.65,2500,4.75,5000,0,305000
AMBUJACEM30JAN20200CE.NFO,07/01/2020,12:06:18,4.9,4.7,2500,4.8,5000,0,305000
AMBUJACEM30JAN20200CE.NFO,07/01/2020,12:06:24,4.9,4.65,10000,4.8,2500,0,305000
AMBUJACEM30JAN20200CE.NFO,07/01/2020,12:06:26,4.9,4.7,5000,4.8,2500,0,305000
AMBUJACEM30JAN20200CE.NFO,07/01/2020,12:06:29,4.9,4.65,7500,4.8,7500,0,305000
AMBUJACEM30JAN20200CE.NFO,07/01/2020,12:06:31,4.9,4.7,2500,4.8,2500,0,305000
AMBUJACEM30JAN20200CE.NFO,07/01/2020,12:07:11,4.9,4.65,10000,4.8,2500,0,305000
AMBUJACEM30JAN20200CE.NFO,07/01/2020,12:07:13,4.9,4.65,10000,4.8,7500,0,305000
AMBUJACEM30JAN20200CE.NFO,07/01/2020,12:07:18,4.9,4.65,10000,4.8,5000,0,305000
AMBUJACEM30JAN20200CE.NFO,07/01/2020,12:07:24,4.9,4.7,2500,4.8,2500,0,305000
AMBUJACEM30JAN20200CE.NFO,07/01/2020,12:07:32,4.9,4.65,10000,4.8,2500,0,305000
AMBUJACEM30JAN20200CE.NFO,07/01/2020,12:07:46,4.65,4.7,2500,4.85,7500,2500,307500
AMBUJACEM30JAN20200CE.NFO,07/01/2020,12:07:46,4.65,4.7,2500,4.85,7500,0,307500
AMBUJACEM30JAN20200CE.NFO,07/01/2020,12:08:00,4.65,4.7,2500,4.85,7500,0,307500
AMBUJACEM30JAN20200CE.NFO,07/01/2020,12:08:14,4.65,4.75,2500,4.9,7500,0,307500
AMBUJACEM30JAN20200CE.NFO,07/01/2020,12:08:21,4.65,4.85,2500,5,5000,0,307500
AMBUJACEM30JAN20200CE.NFO,07/01/2020,12:08:27,4.65,4.9,2500,5.05,10000,0,307500
AMBUJACEM30JAN20200CE.NFO,07/01/2020,12:08:33,4.65,4.85,7500,5.05,10000,0,307500
AMBUJACEM30JAN20200CE.NFO,07/01/2020,12:08:44,4.65,4.9,2500,5.05,10000,0,307500
AMBUJACEM30JAN20200CE.NFO,07/01/2020,12:08:55,4.65,4.9,2500,5.05,7500,0,307500
AMBUJACEM30JAN20200CE.NFO,07/01/2020,12:09:02,4.65,4.85,7500,5.05,7500,0,307500
AMBUJACEM30JAN20200CE.NFO,07/01/2020,12:09:05,4.65,4.9,2500,5.05,7500,0,307500
AMBUJACEM30JAN20200CE.NFO,07/01/2020,12:09:17,4.65,4.85,2500,5,7500,0,307500
AMBUJACEM30JAN20200CE.NFO,07/01/2020,12:09:26,4.65,4.9,2500,5.05,7500,0,307500
AMBUJACEM30JAN20200CE.NFO,07/01/2020,12:09:32,4.65,4.9,2500,5,5000,0,307500
AMBUJACEM30JAN20200CE.NFO,07/01/2020,12:09:35,4.65,4.9,2500,5.05,7500,0,307500
AMBUJACEM30JAN20200CE.NFO,07/01/2020,12:09:45,4.65,4.85,2500,5,5000,0,307500
AMBUJACEM30JAN20200CE.NFO,07/01/2020,12:10:49,4.65,4.9,5000,5.05,5000,0,307500
AMBUJACEM30JAN20200CE.NFO,07/01/2020,12:11:04,4.65,4.9,2500,5,2500,0,307500
AMBUJACEM30JAN20200CE.NFO,07/01/2020,12:11:07,4.65,4.85,7500,5,2500,0,307500
AMBUJACEM30JAN20200CE.NFO,07/01/2020,12:11:37,4.65,4.9,2500,5,5000,0,307500
AMBUJACEM30JAN20200CE.NFO,07/01/2020,12:11:42,4.65,4.9,2500,5,2500,0,307500
AMBUJACEM30JAN20200CE.NFO,07/01/2020,12:11:45,4.65,4.85,7500,5,2500,0,307500
AMBUJACEM30JAN20200CE.NFO,07/01/2020,12:11:48,4.65,4.9,2500,5,2500,0,307500
AMBUJACEM30JAN20200CE.NFO,07/01/2020,12:11:51,4.65,4.85,7500,5,2500,0,307500
AMBUJACEM30JAN20200CE.NFO,07/01/2020,12:11:55,4.65,4.9,2500,5,2500,0,307500
AMBUJACEM30JAN20200CE.NFO,07/01/2020,12:12:00,4.65,4.85,7500,5.05,7500,0,307500
AMBUJACEM30JAN20200CE.NFO,07/01/2020,12:12:01,4.65,4.9,2500,5,5000,0,307500
AMBUJACEM30JAN20200CE.NFO,07/01/2020,12:12:36,4.65,4.85,5000,5,2500,0,307500
AMBUJACEM30JAN20200CE.NFO,07/01/2020,12:12:43,4.65,4.9,2500,5,5000,0,307500
AMBUJACEM30JAN20200CE.NFO,07/01/2020,12:12:46,4.65,4.85,2500,4.95,2500,0,307500
AMBUJACEM30JAN20200CE.NFO,07/01/2020,12:13:09,4.65,4.9,2500,5,2500,0,307500
AMBUJACEM30JAN20200CE.NFO,07/01/2020,12:13:22,4.65,4.9,5000,5.05,5000,0,307500
AMBUJACEM30JAN20200CE.NFO,07/01/2020,12:13:46,4.65,4.9,2500,5.05,5000,0,307500
AMBUJACEM30JAN20200CE.NFO,07/01/2020,12:14:04,4.65,4.8,2500,4.95,5000,0,307500
AMBUJACEM30JAN20200CE.NFO,07/01/2020,12:14:09,4.65,4.7,5000,4.85,2500,0,307500
AMBUJACEM30JAN20200CE.NFO,07/01/2020,12:14:14,4.65,4.75,2500,4.85,2500,0,307500
AMBUJACEM30JAN20200CE.NFO,07/01/2020,12:14:18,4.65,4.8,2500,4.9,2500,0,307500
AMBUJACEM30JAN20200CE.NFO,07/01/2020,12:14:28,4.65,4.75,5000,4.9,2500,0,307500
AMBUJACEM30JAN20200CE.NFO,07/01/2020,12:14:31,4.65,4.75,2500,4.9,7500,0,307500
AMBUJACEM30JAN20200CE.NFO,07/01/2020,12:14:35,4.65,4.8,2500,4.9,2500,0,307500
AMBUJACEM30JAN20200CE.NFO,07/01/2020,12:14:44,4.65,4.75,5000,4.9,2500,0,307500
AMBUJACEM30JAN20200CE.NFO,07/01/2020,12:14:51,4.9,4.75,5000,4.95,10000,2500,307500
AMBUJACEM30JAN20200CE.NFO,07/01/2020,12:14:54,4.9,4.75,5000,4.95,10000,0,307500
AMBUJACEM30JAN20200CE.NFO,07/01/2020,12:14:56,4.9,4.8,2500,4.95,10000,0,307500
AMBUJACEM30JAN20200CE.NFO,07/01/2020,12:15:06,4.9,4.75,5000,4.95,10000,0,307500
AMBUJACEM30JAN20200CE.NFO,07/01/2020,12:15:20,4.9,4.7,5000,4.85,5000,0,307500
AMBUJACEM30JAN20200CE.NFO,07/01/2020,12:15:24,4.9,4.75,2500,4.9,10000,0,307500
AMBUJACEM30JAN20200CE.NFO,07/01/2020,12:15:35,4.9,4.75,2500,4.9,7500,0,307500
AMBUJACEM30JAN20200CE.NFO,07/01/2020,12:15:41,4.9,4.75,7500,4.9,5000,0,307500
AMBUJACEM30JAN20200CE.NFO,07/01/2020,12:15:47,4.9,4.75,7500,4.9,7500,0,307500
AMBUJACEM30JAN20200CE.NFO,07/01/2020,12:15:50,4.9,4.75,5000,4.9,7500,0,307500
AMBUJACEM30JAN20200CE.NFO,07/01/2020,12:15:58,4.9,4.75,2500,4.85,5000,0,307500
AMBUJACEM30JAN20200CE.NFO,07/01/2020,12:16:17,4.9,4.75,2500,4.9,7500,0,307500
AMBUJACEM30JAN20200CE.NFO,07/01/2020,12:16:24,4.9,4.75,2500,4.9,10000,0,307500
AMBUJACEM30JAN20200CE.NFO,07/01/2020,12:16:27,4.9,4.75,2500,4.85,5000,0,307500
AMBUJACEM30JAN20200CE.NFO,07/01/2020,12:16:38,4.9,4.75,2500,4.85,2500,0,307500
AMBUJACEM30JAN20200CE.NFO,07/01/2020,12:16:47,4.9,4.75,2500,4.9,5000,0,307500
AMBUJACEM30JAN20200CE.NFO,07/01/2020,12:17:02,4.9,4.75,5000,4.9,5000,0,307500
AMBUJACEM30JAN20200CE.NFO,07/01/2020,12:17:04,4.9,4.75,2500,4.9,5000,0,307500
AMBUJACEM30JAN20200CE.NFO,07/01/2020,12:17:14,4.9,4.75,2500,4.95,2500,0,307500
AMBUJACEM30JAN20200CE.NFO,07/01/2020,12:17:20,4.9,4.8,2500,4.95,5000,0,307500
AMBUJACEM30JAN20200CE.NFO,07/01/2020,12:17:38,4.9,4.8,2500,4.95,7500,0,307500
AMBUJACEM30JAN20200CE.NFO,07/01/2020,12:17:55,4.9,4.75,5000,4.95,7500,0,307500
AMBUJACEM30JAN20200CE.NFO,07/01/2020,12:18:02,4.9,4.8,2500,4.95,7500,0,307500
AMBUJACEM30JAN20200CE.NFO,07/01/2020,12:18:25,4.9,4.85,2500,5,5000,0,307500
AMBUJACEM30JAN20200CE.NFO,07/01/2020,12:18:40,4.9,4.8,2500,5,7500,0,307500
AMBUJACEM30JAN20200CE.NFO,07/01/2020,12:18:42,4.9,4.8,2500,4.9,2500,0,307500
AMBUJACEM30JAN20200CE.NFO,07/01/2020,12:18:45,4.9,4.75,7500,4.9,2500,0,307500
AMBUJACEM30JAN20200CE.NFO,07/01/2020,12:18:52,4.9,4.8,2500,4.95,7500,0,307500
AMBUJACEM30JAN20200CE.NFO,07/01/2020,12:19:05,4.9,4.8,2500,4.95,5000,0,307500
AMBUJACEM30JAN20200CE.NFO,07/01/2020,12:19:10,4.9,4.85,2500,4.95,5000,0,307500
AMBUJACEM30JAN20200CE.NFO,07/01/2020,12:19:14,4.9,4.8,7500,4.95,5000,0,307500
AMBUJACEM30JAN20200CE.NFO,07/01/2020,12:19:19,4.95,4.9,2500,5.05,5000,2500,310000
AMBUJACEM30JAN20200CE.NFO,07/01/2020,12:19:22,4.95,4.9,2500,5.05,5000,0,310000
AMBUJACEM30JAN20200CE.NFO,07/01/2020,12:19:36,4.95,4.9,5000,5.1,7500,0,310000
AMBUJACEM30JAN20200CE.NFO,07/01/2020,12:19:42,4.95,4.9,7500,5.1,7500,0,310000
AMBUJACEM30JAN20200CE.NFO,07/01/2020,12:19:47,4.95,4.95,2500,5.1,7500,0,310000
AMBUJACEM30JAN20200CE.NFO,07/01/2020,12:19:51,4.95,4.9,5000,5.05,2500,0,310000
AMBUJACEM30JAN20200CE.NFO,07/01/2020,12:19:54,4.95,4.85,5000,5,5000,0,310000
AMBUJACEM30JAN20200CE.NFO,07/01/2020,12:19:58,4.95,4.9,2500,5.05,7500,0,310000
AMBUJACEM30JAN20200CE.NFO,07/01/2020,12:20:01,4.95,4.9,5000,5.05,7500,0,310000
AMBUJACEM30JAN20200CE.NFO,07/01/2020,12:20:04,4.95,4.9,2500,5.05,7500,0,310000
AMBUJACEM30JAN20200CE.NFO,07/01/2020,12:20:11,4.95,4.9,5000,5.05,7500,0,310000
AMBUJACEM30JAN20200CE.NFO,07/01/2020,12:20:18,4.95,4.9,2500,5.05,7500,0,310000
AMBUJACEM30JAN20200CE.NFO,07/01/2020,12:20:50,4.95,4.95,2500,5.1,7500,0,310000
AMBUJACEM30JAN20200CE.NFO,07/01/2020,12:20:54,4.95,4.95,5000,5.1,7500,0,310000
AMBUJACEM30JAN20200CE.NFO,07/01/2020,12:21:01,4.95,4.95,2500,5.1,7500,0,310000
AMBUJACEM30JAN20200CE.NFO,07/01/2020,12:21:07,4.95,5,2500,5.1,5000,0,310000
AMBUJACEM30JAN20200CE.NFO,07/01/2020,12:21:36,4.95,4.95,2500,5.1,5000,0,310000
AMBUJACEM30JAN20200CE.NFO,07/01/2020,12:21:47,4.95,4.9,2500,5.05,5000,0,310000
AMBUJACEM30JAN20200CE.NFO,07/01/2020,12:21:49,4.95,4.95,2500,5.1,7500,0,310000
AMBUJACEM30JAN20200CE.NFO,07/01/2020,12:21:59,4.95,4.9,5000,5.05,2500,0,310000
AMBUJACEM30JAN20200CE.NFO,07/01/2020,12:23:10,4.95,4.9,7500,5.1,10000,0,310000
AMBUJACEM30JAN20200CE.NFO,07/01/2020,12:23:20,4.95,4.95,5000,5.1,7500,0,310000
AMBUJACEM30JAN20200CE.NFO,07/01/2020,12:23:34,4.95,5,2500,5.1,5000,0,310000
AMBUJACEM30JAN20200CE.NFO,07/01/2020,12:24:08,4.95,5,5000,5.1,5000,0,310000
AMBUJACEM30JAN20200CE.NFO,07/01/2020,12:24:46,4.95,5.05,2500,5.15,5000,0,310000
AMBUJACEM30JAN20200CE.NFO,07/01/2020,12:25:02,4.95,5,10000,5.15,5000,0,310000
AMBUJACEM30JAN20200CE.NFO,07/01/2020,12:25:12,4.95,5.05,2500,5.15,5000,0,310000
AMBUJACEM30JAN20200CE.NFO,07/01/2020,12:25:22,4.95,5.1,2500,5.15,5000,0,310000
AMBUJACEM30JAN20200CE.NFO,07/01/2020,12:25:25,4.95,5.1,2500,5.15,7500,0,310000
AMBUJACEM30JAN20200CE.NFO,07/01/2020,12:25:32,5.1,5,2500,5.15,7500,2500,310000
AMBUJACEM30JAN20200CE.NFO,07/01/2020,12:25:43,5.1,5.05,2500,5.15,5000,0,310000
AMBUJACEM30JAN20200CE.NFO,07/01/2020,12:25:55,5.1,5,5000,5.15,7500,0,310000
AMBUJACEM30JAN20200CE.NFO,07/01/2020,12:26:11,5.1,5.05,2500,5.15,5000,0,310000
AMBUJACEM30JAN20200CE.NFO,07/01/2020,12:26:25,5.1,5,5000,5.15,7500,0,310000
AMBUJACEM30JAN20200CE.NFO,07/01/2020,12:26:40,5.1,5.05,2500,5.15,7500,0,310000
AMBUJACEM30JAN20200CE.NFO,07/01/2020,12:27:02,5.1,5,5000,5.15,7500,0,310000
AMBUJACEM30JAN20200CE.NFO,07/01/2020,12:27:19,5.1,5.05,2500,5.1,2500,0,310000
AMBUJACEM30JAN20200CE.NFO,07/01/2020,12:27:27,5.05,5,2500,5.1,2500,2500,312500
AMBUJACEM30JAN20200CE.NFO,07/01/2020,12:27:34,5.05,5,2500,5.05,2500,0,312500
AMBUJACEM30JAN20200CE.NFO,07/01/2020,12:27:47,5,4.95,5000,5.1,2500,2500,312500
AMBUJACEM30JAN20200CE.NFO,07/01/2020,12:27:49,5,4.95,5000,5.1,2500,0,312500
AMBUJACEM30JAN20200CE.NFO,07/01/2020,12:27:56,5,4.95,2500,5.1,2500,0,312500
AMBUJACEM30JAN20200CE.NFO,07/01/2020,12:28:06,5,4.95,5000,5.1,2500,0,312500
AMBUJACEM30JAN20200CE.NFO,07/01/2020,12:28:35,5,4.95,5000,5.1,5000,0,312500
AMBUJACEM30JAN20200CE.NFO,07/01/2020,12:28:37,5,4.95,5000,5.1,2500,0,312500
AMBUJACEM30JAN20200CE.NFO,07/01/2020,12:28:43,5,4.95,5000,5.1,5000,0,312500
AMBUJACEM30JAN20200CE.NFO,07/01/2020,12:28:49,5,4.95,2500,5.05,5000,0,312500
AMBUJACEM30JAN20200CE.NFO,07/01/2020,12:28:55,5,4.95,2500,5,2500,0,312500
AMBUJACEM30JAN20200CE.NFO,07/01/2020,12:29:01,4.95,4.8,2500,4.9,2500,2500,312500
AMBUJACEM30JAN20200CE.NFO,07/01/2020,12:29:07,4.95,4.8,2500,4.95,7500,0,312500
AMBUJACEM30JAN20200CE.NFO,07/01/2020,12:29:30,4.95,4.75,2500,4.85,2500,0,312500
AMBUJACEM30JAN20200CE.NFO,07/01/2020,12:29:33,4.8,4.7,75000,4.75,2500,2500,312500
AMBUJACEM30JAN20200CE.NFO,07/01/2020,12:29:37,4.8,4.7,75000,4.8,5000,0,312500
AMBUJACEM30JAN20200CE.NFO,07/01/2020,12:29:40,4.8,4.7,75000,4.8,2500,0,312500
AMBUJACEM30JAN20200CE.NFO,07/01/2020,12:30:12,4.75,4.7,75000,4.85,5000,2500,317500
AMBUJACEM30JAN20200CE.NFO,07/01/2020,12:30:26,4.75,4.7,80000,4.9,5000,0,317500
AMBUJACEM30JAN20200CE.NFO,07/01/2020,12:30:30,4.75,4.7,80000,4.85,2500,0,317500
AMBUJACEM30JAN20200CE.NFO,07/01/2020,12:30:36,4.75,4.7,80000,4.9,7500,0,317500
AMBUJACEM30JAN20200CE.NFO,07/01/2020,12:30:42,4.75,4.75,2500,4.9,7500,0,317500
AMBUJACEM30JAN20200CE.NFO,07/01/2020,12:31:09,4.75,4.75,2500,4.9,5000,0,317500
AMBUJACEM30JAN20200CE.NFO,07/01/2020,12:31:31,4.75,4.75,5000,4.9,5000,0,317500
AMBUJACEM30JAN20200CE.NFO,07/01/2020,12:31:34,4.75,4.75,5000,4.9,2500,0,317500
AMBUJACEM30JAN20200CE.NFO,07/01/2020,12:31:50,4.75,4.75,5000,4.9,7500,0,317500
AMBUJACEM30JAN20200CE.NFO,07/01/2020,12:32:02,4.75,4.75,7500,4.9,7500,0,317500
AMBUJACEM30JAN20200CE.NFO,07/01/2020,12:32:06,4.75,4.75,5000,4.9,7500,0,317500
AMBUJACEM30JAN20200CE.NFO,07/01/2020,12:32:09,4.7,4.7,75000,4.85,7500,2500,317500
AMBUJACEM30JAN20200CE.NFO,07/01/2020,12:32:16,4.7,4.7,72500,4.85,7500,0,317500
AMBUJACEM30JAN20200CE.NFO,07/01/2020,12:32:34,4.85,4.7,72500,4.85,5000,2500,317500
AMBUJACEM30JAN20200CE.NFO,07/01/2020,12:32:41,4.85,4.7,72500,4.85,5000,0,317500
AMBUJACEM30JAN20200CE.NFO,07/01/2020,12:32:53,4.85,4.7,72500,4.85,2500,0,317500
AMBUJACEM30JAN20200CE.NFO,07/01/2020,12:32:57,4.85,4.7,77500,4.85,2500,0,317500
AMBUJACEM30JAN20200CE.NFO,07/01/2020,12:33:01,4.85,4.75,5000,4.9,2500,0,317500
AMBUJACEM30JAN20200CE.NFO,07/01/2020,12:33:05,4.85,4.8,2500,4.95,2500,0,317500
AMBUJACEM30JAN20200CE.NFO,07/01/2020,12:33:15,4.85,4.75,7500,4.95,5000,0,317500
AMBUJACEM30JAN20200CE.NFO,07/01/2020,12:33:22,4.85,4.8,2500,4.95,2500,0,317500
AMBUJACEM30JAN20200CE.NFO,07/01/2020,12:33:38,4.85,4.8,7500,4.95,2500,0,317500
AMBUJACEM30JAN20200CE.NFO,07/01/2020,12:33:46,4.85,4.8,5000,4.95,2500,0,317500
AMBUJACEM30JAN20200CE.NFO,07/01/2020,12:33:57,4.85,4.8,2500,4.95,2500,0,317500
AMBUJACEM30JAN20200CE.NFO,07/01/2020,12:34:04,4.85,4.8,2500,4.9,2500,0,317500
AMBUJACEM30JAN20200CE.NFO,07/01/2020,12:34:30,4.85,4.8,2500,4.95,2500,0,317500
AMBUJACEM30JAN20200CE.NFO,07/01/2020,12:34:51,4.85,4.8,2500,4.85,2500,0,317500
AMBUJACEM30JAN20200CE.NFO,07/01/2020,12:34:56,4.85,4.75,77500,4.85,2500,0,317500
AMBUJACEM30JAN20200CE.NFO,07/01/2020,12:35:34,4.85,4.8,2500,4.85,2500,0,317500
AMBUJACEM30JAN20200CE.NFO,07/01/2020,12:35:39,4.85,4.75,77500,4.85,2500,0,317500
AMBUJACEM30JAN20200CE.NFO,07/01/2020,12:35:52,4.75,4.75,70000,4.85,2500,2500,317500
AMBUJACEM30JAN20200CE.NFO,07/01/2020,12:35:55,4.75,4.75,70000,4.85,2500,0,317500
AMBUJACEM30JAN20200CE.NFO,07/01/2020,12:35:57,4.75,4.75,75000,4.85,2500,0,317500
AMBUJACEM30JAN20200CE.NFO,07/01/2020,12:36:07,4.75,4.75,72500,4.85,2500,0,317500
AMBUJACEM30JAN20200CE.NFO,07/01/2020,12:36:23,4.75,4.75,70000,4.8,2500,0,317500
AMBUJACEM30JAN20200CE.NFO,07/01/2020,12:36:29,4.75,4.75,70000,4.85,2500,0,317500
AMBUJACEM30JAN20200CE.NFO,07/01/2020,12:36:36,4.75,4.75,70000,4.8,2500,0,317500
AMBUJACEM30JAN20200CE.NFO,07/01/2020,12:36:42,4.75,4.75,72500,4.85,2500,0,317500
AMBUJACEM30JAN20200CE.NFO,07/01/2020,12:36:47,4.75,4.75,70000,4.85,2500,0,317500
AMBUJACEM30JAN20200CE.NFO,07/01/2020,12:37:03,4.75,4.8,2500,4.85,2500,0,317500
AMBUJACEM30JAN20200CE.NFO,07/01/2020,12:37:07,4.75,4.75,75000,4.85,2500,0,317500
AMBUJACEM30JAN20200CE.NFO,07/01/2020,12:37:08,4.75,4.8,2500,4.85,2500,0,317500
AMBUJACEM30JAN20200CE.NFO,07/01/2020,12:37:48,4.85,4.8,5000,4.95,2500,2500,317500
AMBUJACEM30JAN20200CE.NFO,07/01/2020,12:37:51,4.85,4.8,5000,4.95,2500,0,317500
AMBUJACEM30JAN20200CE.NFO,07/01/2020,12:38:06,4.85,4.8,7500,4.95,2500,0,317500
AMBUJACEM30JAN20200CE.NFO,07/01/2020,12:38:19,4.85,4.85,2500,5,2500,0,317500
AMBUJACEM30JAN20200CE.NFO,07/01/2020,12:38:25,4.85,4.85,7500,5.05,2500,0,317500
AMBUJACEM30JAN20200CE.NFO,07/01/2020,12:38:34,4.85,4.9,5000,5.05,2500,0,317500
AMBUJACEM30JAN20200CE.NFO,07/01/2020,12:39:18,4.85,4.9,2500,5,2500,0,317500
AMBUJACEM30JAN20200CE.NFO,07/01/2020,12:39:21,4.85,4.9,2500,5.05,5000,0,317500
AMBUJACEM30JAN20200CE.NFO,07/01/2020,12:39:25,4.85,4.9,75000,5.05,5000,0,317500
AMBUJACEM30JAN20200CE.NFO,07/01/2020,12:39:39,4.85,4.9,75000,5.05,2500,0,317500
AMBUJACEM30JAN20200CE.NFO,07/01/2020,12:39:47,4.85,4.9,77500,5.05,2500,0,317500
AMBUJACEM30JAN20200CE.NFO,07/01/2020,12:42:25,4.85,4.9,75000,5.05,2500,0,317500
AMBUJACEM30JAN20200CE.NFO,07/01/2020,12:42:41,4.85,4.9,72500,5,2500,0,317500
AMBUJACEM30JAN20200CE.NFO,07/01/2020,12:42:54,4.85,4.9,75000,5.05,2500,0,317500
AMBUJACEM30JAN20200CE.NFO,07/01/2020,12:43:07,4.85,4.9,77500,5.05,2500,0,317500
AMBUJACEM30JAN20200CE.NFO,07/01/2020,12:45:08,4.85,4.9,75000,5.05,2500,0,317500
AMBUJACEM30JAN20200CE.NFO,07/01/2020,12:45:33,4.85,4.9,72500,5.05,2500,0,317500
AMBUJACEM30JAN20200CE.NFO,07/01/2020,12:45:48,4.85,4.9,72500,5,2500,0,317500
AMBUJACEM30JAN20200CE.NFO,07/01/2020,12:45:54,4.85,4.95,2500,5.1,5000,0,317500
AMBUJACEM30JAN20200CE.NFO,07/01/2020,12:46:15,5,4.9,80000,5.05,2500,2500,317500
AMBUJACEM30JAN20200CE.NFO,07/01/2020,12:46:20,5,4.9,80000,5.05,2500,0,317500
AMBUJACEM30JAN20200CE.NFO,07/01/2020,12:46:58,5,4.95,5000,5.05,2500,0,317500
AMBUJACEM30JAN20200CE.NFO,07/01/2020,12:47:16,5,4.9,80000,5.05,5000,0,317500
AMBUJACEM30JAN20200CE.NFO,07/01/2020,12:48:07,5,4.95,7500,5.1,7500,0,317500
AMBUJACEM30JAN20200CE.NFO,07/01/2020,12:48:11,5,4.95,7500,5.1,5000,0,317500
AMBUJACEM30JAN20200CE.NFO,07/01/2020,12:48:17,5.1,4.95,7500,5.1,2500,2500,315000
AMBUJACEM30JAN20200CE.NFO,07/01/2020,12:48:22,5.1,5,2500,5.1,2500,0,315000
AMBUJACEM30JAN20200CE.NFO,07/01/2020,12:48:30,5.1,4.9,80000,5.1,5000,0,315000
AMBUJACEM30JAN20200CE.NFO,07/01/2020,12:48:37,5.1,4.95,2500,5.1,5000,0,315000
AMBUJACEM30JAN20200CE.NFO,07/01/2020,12:49:02,5.1,4.9,72500,5.05,2500,0,315000
AMBUJACEM30JAN20200CE.NFO,07/01/2020,12:49:14,5.1,4.9,72500,5,2500,0,315000
AMBUJACEM30JAN20200CE.NFO,07/01/2020,12:49:20,5.05,5.05,62500,5.1,2500,7500,315000
AMBUJACEM30JAN20200CE.NFO,07/01/2020,12:49:24,5.05,5.05,62500,5.1,2500,0,315000
AMBUJACEM30JAN20200CE.NFO,07/01/2020,12:49:50,5.05,4.9,72500,5.1,2500,0,315000
AMBUJACEM30JAN20200CE.NFO,07/01/2020,12:50:05,5.05,4.9,70000,5.1,2500,0,315000
AMBUJACEM30JAN20200CE.NFO,07/01/2020,12:50:10,5.05,4.9,67500,5.1,2500,0,315000
AMBUJACEM30JAN20200CE.NFO,07/01/2020,12:50:38,5.05,4.95,2500,5.1,5000,0,315000
AMBUJACEM30JAN20200CE.NFO,07/01/2020,12:50:40,5.05,4.9,75000,5.1,5000,0,315000
AMBUJACEM30JAN20200CE.NFO,07/01/2020,12:50:52,4.95,4.95,5000,5.1,2500,2500,315000
AMBUJACEM30JAN20200CE.NFO,07/01/2020,12:50:55,5.1,5.1,55000,5.15,2500,7500,315000
AMBUJACEM30JAN20200CE.NFO,07/01/2020,12:50:58,5.1,5.1,55000,5.15,2500,0,315000
AMBUJACEM30JAN20200CE.NFO,07/01/2020,12:51:01,5.1,5.1,52500,5.2,5000,2500,330000
AMBUJACEM30JAN20200CE.NFO,07/01/2020,12:51:11,5.1,5.1,52500,5.2,5000,0,330000
AMBUJACEM30JAN20200CE.NFO,07/01/2020,12:51:13,5.1,5.1,50000,5.2,5000,2500,330000
AMBUJACEM30JAN20200CE.NFO,07/01/2020,12:51:16,5.1,5.1,50000,5.2,5000,0,330000
AMBUJACEM30JAN20200CE.NFO,07/01/2020,12:51:59,5.1,5.1,50000,5.2,2500,0,330000
AMBUJACEM30JAN20200CE.NFO,07/01/2020,12:52:24,5.1,5.1,50000,5.2,5000,0,330000
AMBUJACEM30JAN20200CE.NFO,07/01/2020,12:52:41,5.1,5.1,50000,5.2,2500,0,330000
AMBUJACEM30JAN20200CE.NFO,07/01/2020,12:52:44,5.1,5.1,50000,5.2,5000,0,330000
AMBUJACEM30JAN20200CE.NFO,07/01/2020,12:53:18,5.1,5.1,47500,5.2,5000,2500,330000
AMBUJACEM30JAN20200CE.NFO,07/01/2020,12:53:27,5.1,5.1,47500,5.2,5000,0,330000
AMBUJACEM30JAN20200CE.NFO,07/01/2020,12:53:47,5.1,5.1,50000,5.2,5000,0,330000
AMBUJACEM30JAN20200CE.NFO,07/01/2020,12:54:24,5.1,5.1,50000,5.2,2500,0,330000
AMBUJACEM30JAN20200CE.NFO,07/01/2020,12:54:28,5.1,5.1,50000,5.2,7500,0,330000
AMBUJACEM30JAN20200CE.NFO,07/01/2020,12:55:17,5.1,5.1,47500,5.2,7500,0,330000
AMBUJACEM30JAN20200CE.NFO,07/01/2020,12:55:34,5.1,5.1,50000,5.2,7500,0,330000
AMBUJACEM30JAN20200CE.NFO,07/01/2020,12:56:19,5.1,5.1,50000,5.2,5000,0,330000
AMBUJACEM30JAN20200CE.NFO,07/01/2020,12:56:49,5.1,5.1,50000,5.15,2500,0,330000
AMBUJACEM30JAN20200CE.NFO,07/01/2020,12:57:06,5.1,5.1,50000,5.2,5000,0,330000
AMBUJACEM30JAN20200CE.NFO,07/01/2020,12:57:23,5.1,5.1,50000,5.2,7500,0,330000
AMBUJACEM30JAN20200CE.NFO,07/01/2020,12:57:40,5.1,5.1,47500,5.2,7500,0,330000
AMBUJACEM30JAN20200CE.NFO,07/01/2020,12:57:45,5.1,5.1,45000,5.2,7500,2500,337500
AMBUJACEM30JAN20200CE.NFO,07/01/2020,12:57:54,5.1,5.1,40000,5.2,7500,5000,337500
AMBUJACEM30JAN20200CE.NFO,07/01/2020,12:57:57,5.1,5.1,40000,5.2,7500,0,337500
AMBUJACEM30JAN20200CE.NFO,07/01/2020,12:58:10,5.1,5.1,37500,5.2,7500,2500,337500
AMBUJACEM30JAN20200CE.NFO,07/01/2020,12:58:15,5.1,5.1,37500,5.2,7500,0,337500
AMBUJACEM30JAN20200CE.NFO,07/01/2020,12:59:14,5.1,5,2500,5.15,2500,0,337500
AMBUJACEM30JAN20200CE.NFO,07/01/2020,12:59:23,5.1,4.95,2500,5.15,2500,0,337500
AMBUJACEM30JAN20200CE.NFO,07/01/2020,13:00:12,5.1,4.9,5000,5.15,2500,0,337500
AMBUJACEM30JAN20200CE.NFO,07/01/2020,13:00:21,5.1,4.85,2500,5.15,2500,0,337500
AMBUJACEM30JAN20200CE.NFO,07/01/2020,13:00:27,5.1,4.9,2500,5.15,2500,0,337500
AMBUJACEM30JAN20200CE.NFO,07/01/2020,13:00:37,5.1,4.85,2500,5.15,2500,0,337500
AMBUJACEM30JAN20200CE.NFO,07/01/2020,13:00:48,5.1,4.9,2500,5.15,2500,0,337500
AMBUJACEM30JAN20200CE.NFO,07/01/2020,13:01:02,5.1,4.85,2500,5.15,2500,0,337500
AMBUJACEM30JAN20200CE.NFO,07/01/2020,13:01:08,5.1,4.85,2500,5.05,2500,0,337500
AMBUJACEM30JAN20200CE.NFO,07/01/2020,13:02:04,5.1,4.85,2500,5,5000,0,337500
AMBUJACEM30JAN20200CE.NFO,07/01/2020,13:02:14,5.1,4.85,2500,5,2500,0,337500
AMBUJACEM30JAN20200CE.NFO,07/01/2020,13:07:11,5.1,4.8,7500,5,7500,0,337500
AMBUJACEM30JAN20200CE.NFO,07/01/2020,13:07:25,5.1,4.8,7500,4.95,5000,0,337500
AMBUJACEM30JAN20200CE.NFO,07/01/2020,13:07:34,5.1,4.8,7500,4.95,2500,0,337500
AMBUJACEM30JAN20200CE.NFO,07/01/2020,13:08:22,5.1,4.8,5000,4.95,2500,0,337500
AMBUJACEM30JAN20200CE.NFO,07/01/2020,13:08:37,4.7,4.7,35000,4.8,5000,7500,345000
AMBUJACEM30JAN20200CE.NFO,07/01/2020,13:08:43,4.7,4.7,37500,4.8,5000,0,345000
AMBUJACEM30JAN20200CE.NFO,07/01/2020,13:08:55,4.7,4.7,37500,4.8,2500,0,345000
AMBUJACEM30JAN20200CE.NFO,07/01/2020,13:09:01,4.75,4.7,37500,4.85,2500,2500,352500
AMBUJACEM30JAN20200CE.NFO,07/01/2020,13:09:12,4.75,4.7,37500,4.85,2500,0,352500
AMBUJACEM30JAN20200CE.NFO,07/01/2020,13:09:38,4.75,4.7,37500,4.8,2500,0,352500
AMBUJACEM30JAN20200CE.NFO,07/01/2020,13:09:49,4.75,4.7,40000,4.8,2500,0,352500
AMBUJACEM30JAN20200CE.NFO,07/01/2020,13:09:56,4.8,4.75,5000,4.95,7500,2500,352500
AMBUJACEM30JAN20200CE.NFO,07/01/2020,13:10:01,4.8,4.75,5000,4.95,7500,0,352500
AMBUJACEM30JAN20200CE.NFO,07/01/2020,13:10:07,4.8,4.75,2500,4.95,2500,0,352500
AMBUJACEM30JAN20200CE.NFO,07/01/2020,13:11:56,4.8,4.75,5000,4.95,2500,0,352500
AMBUJACEM30JAN20200CE.NFO,07/01/2020,13:12:07,4.8,4.8,2500,4.95,2500,0,352500
AMBUJACEM30JAN20200CE.NFO,07/01/2020,13:12:27,4.8,4.75,2500,4.9,2500,0,352500
AMBUJACEM30JAN20200CE.NFO,07/01/2020,13:12:45,4.8,4.75,12500,4.95,7500,0,352500
AMBUJACEM30JAN20200CE.NFO,07/01/2020,13:12:50,4.8,4.75,15000,4.95,7500,0,352500
AMBUJACEM30JAN20200CE.NFO,07/01/2020,13:13:00,4.8,4.75,5000,4.95,7500,0,352500
AMBUJACEM30JAN20200CE.NFO,07/01/2020,13:13:21,4.8,4.75,2500,4.9,2500,0,352500
AMBUJACEM30JAN20200CE.NFO,07/01/2020,13:13:25,4.8,4.8,2500,4.9,2500,0,352500
AMBUJACEM30JAN20200CE.NFO,07/01/2020,13:13:29,4.8,4.8,2500,4.95,2500,0,352500
AMBUJACEM30JAN20200CE.NFO,07/01/2020,13:13:34,4.8,4.8,5000,5,5000,0,352500
AMBUJACEM30JAN20200CE.NFO,07/01/2020,13:13:50,4.8,4.8,2500,5,10000,0,352500
AMBUJACEM30JAN20200CE.NFO,07/01/2020,13:14:06,4.8,4.85,2500,5,2500,0,352500
AMBUJACEM30JAN20200CE.NFO,07/01/2020,13:14:12,4.8,4.85,2500,5.05,5000,0,352500
AMBUJACEM30JAN20200CE.NFO,07/01/2020,13:14:16,4.8,4.85,5000,5.05,5000,0,352500
AMBUJACEM30JAN20200CE.NFO,07/01/2020,13:14:34,4.8,4.85,2500,5,5000,0,352500
AMBUJACEM30JAN20200CE.NFO,07/01/2020,13:15:24,4.8,4.85,2500,5,2500,0,352500
AMBUJACEM30JAN20200CE.NFO,07/01/2020,13:15:37,4.8,4.85,5000,5,2500,0,352500
AMBUJACEM30JAN20200CE.NFO,07/01/2020,13:15:49,4.8,4.85,2500,4.95,2500,0,352500
AMBUJACEM30JAN20200CE.NFO,07/01/2020,13:16:16,4.8,4.85,5000,5,2500,0,352500
AMBUJACEM30JAN20200CE.NFO,07/01/2020,13:16:27,4.8,4.85,2500,4.95,2500,0,352500
AMBUJACEM30JAN20200CE.NFO,07/01/2020,13:17:05,4.8,4.8,5000,4.9,2500,0,352500
AMBUJACEM30JAN20200CE.NFO,07/01/2020,13:17:45,4.8,4.8,2500,4.9,2500,0,352500
AMBUJACEM30JAN20200CE.NFO,07/01/2020,13:18:14,4.8,4.8,5000,4.9,2500,0,352500
AMBUJACEM30JAN20200CE.NFO,07/01/2020,13:18:35,4.8,4.8,2500,4.9,2500,2500,350000
AMBUJACEM30JAN20200CE.NFO,07/01/2020,13:18:54,4.9,4.85,5000,5,7500,2500,350000
AMBUJACEM30JAN20200CE.NFO,07/01/2020,13:19:01,4.9,4.85,7500,5,2500,0,350000
AMBUJACEM30JAN20200CE.NFO,07/01/2020,13:19:07,4.9,4.9,2500,5,2500,0,350000
AMBUJACEM30JAN20200CE.NFO,07/01/2020,13:19:21,4.9,4.85,5000,4.95,2500,0,350000
AMBUJACEM30JAN20200CE.NFO,07/01/2020,13:19:29,4.9,4.85,7500,5,7500,0,350000
AMBUJACEM30JAN20200CE.NFO,07/01/2020,13:19:38,4.9,4.9,2500,5,2500,0,350000
AMBUJACEM30JAN20200CE.NFO,07/01/2020,13:20:01,4.9,4.9,7500,5,2500,0,350000
AMBUJACEM30JAN20200CE.NFO,07/01/2020,13:20:04,4.9,4.95,2500,5,2500,0,350000
AMBUJACEM30JAN20200CE.NFO,07/01/2020,13:20:18,4.9,4.9,5000,5,2500,0,350000
AMBUJACEM30JAN20200CE.NFO,07/01/2020,13:20:46,4.9,4.9,7500,5,2500,0,350000
AMBUJACEM30JAN20200CE.NFO,07/01/2020,13:20:49,4.9,4.9,10000,5,2500,0,350000
AMBUJACEM30JAN20200CE.NFO,07/01/2020,13:20:52,4.9,4.9,7500,5,2500,0,350000
AMBUJACEM30JAN20200CE.NFO,07/01/2020,13:20:55,4.9,4.9,5000,5,2500,0,350000
AMBUJACEM30JAN20200CE.NFO,07/01/2020,13:21:02,4.95,4.9,2500,5,2500,2500,345000
AMBUJACEM30JAN20200CE.NFO,07/01/2020,13:21:08,4.95,4.9,2500,5,2500,0,345000
AMBUJACEM30JAN20200CE.NFO,07/01/2020,13:21:14,4.95,4.85,7500,5,2500,0,345000
AMBUJACEM30JAN20200CE.NFO,07/01/2020,13:21:21,4.95,4.85,5000,5,7500,0,345000
AMBUJACEM30JAN20200CE.NFO,07/01/2020,13:21:28,4.95,4.9,2500,5,10000,0,345000
AMBUJACEM30JAN20200CE.NFO,07/01/2020,13:21:32,4.95,4.9,2500,5,7500,0,345000
AMBUJACEM30JAN20200CE.NFO,07/01/2020,13:21:44,4.9,4.85,2500,5,10000,2500,345000
AMBUJACEM30JAN20200CE.NFO,07/01/2020,13:21:48,4.9,4.85,2500,5,10000,0,345000
AMBUJACEM30JAN20200CE.NFO,07/01/2020,13:22:16,4.9,4.75,7500,4.95,7500,0,345000
AMBUJACEM30JAN20200CE.NFO,07/01/2020,13:22:21,4.9,4.8,2500,4.95,7500,0,345000
AMBUJACEM30JAN20200CE.NFO,07/01/2020,13:22:50,4.9,4.8,2500,4.9,2500,0,345000
AMBUJACEM30JAN20200CE.NFO,07/01/2020,13:23:12,4.9,4.75,7500,4.9,2500,0,345000
AMBUJACEM30JAN20200CE.NFO,07/01/2020,13:23:17,4.9,4.8,2500,4.9,2500,0,345000
AMBUJACEM30JAN20200CE.NFO,07/01/2020,13:24:26,4.9,4.75,5000,4.9,2500,0,345000
AMBUJACEM30JAN20200CE.NFO,07/01/2020,13:24:29,4.9,4.8,2500,4.9,7500,0,345000
AMBUJACEM30JAN20200CE.NFO,07/01/2020,13:24:39,4.9,4.8,2500,4.9,2500,0,345000
AMBUJACEM30JAN20200CE.NFO,07/01/2020,13:24:58,4.9,4.75,7500,4.9,2500,0,345000
AMBUJACEM30JAN20200CE.NFO,07/01/2020,13:25:08,4.9,4.85,2500,4.9,2500,0,345000
AMBUJACEM30JAN20200CE.NFO,07/01/2020,13:25:45,4.9,4.8,2500,4.9,2500,0,345000
AMBUJACEM30JAN20200CE.NFO,07/01/2020,13:26:44,4.9,4.85,2500,5,5000,0,345000
AMBUJACEM30JAN20200CE.NFO,07/01/2020,13:27:11,4.9,4.9,2500,5,5000,0,345000
AMBUJACEM30JAN20200CE.NFO,07/01/2020,13:28:56,4.9,4.75,2500,4.9,2500,2500,347500
AMBUJACEM30JAN20200CE.NFO,07/01/2020,13:29:09,4.9,4.75,2500,4.9,2500,0,347500
AMBUJACEM30JAN20200CE.NFO,07/01/2020,13:29:22,4.9,4.7,40000,4.9,2500,0,347500
AMBUJACEM30JAN20200CE.NFO,07/01/2020,13:29:28,4.9,4.75,2500,4.9,2500,0,347500
AMBUJACEM30JAN20200CE.NFO,07/01/2020,13:30:27,4.9,4.7,35000,4.9,7500,0,347500
AMBUJACEM30JAN20200CE.NFO,07/01/2020,13:30:43,4.9,4.75,2500,4.9,7500,0,347500
AMBUJACEM30JAN20200CE.NFO,07/01/2020,13:31:16,4.9,4.7,35000,4.9,7500,0,347500
AMBUJACEM30JAN20200CE.NFO,07/01/2020,13:31:33,4.9,4.75,5000,4.9,7500,0,347500
AMBUJACEM30JAN20200CE.NFO,07/01/2020,13:31:40,4.9,4.75,2500,4.9,7500,0,347500
AMBUJACEM30JAN20200CE.NFO,07/01/2020,13:31:45,4.9,4.8,2500,4.9,2500,0,347500
AMBUJACEM30JAN20200CE.NFO,07/01/2020,13:31:53,4.9,4.8,10000,4.95,2500,0,347500
AMBUJACEM30JAN20200CE.NFO,07/01/2020,13:32:01,4.8,4.8,2500,4.9,5000,2500,350000
AMBUJACEM30JAN20200CE.NFO,07/01/2020,13:32:08,4.8,4.8,2500,4.9,5000,0,350000
AMBUJACEM30JAN20200CE.NFO,07/01/2020,13:32:14,4.8,4.75,5000,4.9,7500,0,350000
AMBUJACEM30JAN20200CE.NFO,07/01/2020,13:32:41,4.8,4.75,7500,4.9,7500,0,350000
AMBUJACEM30JAN20200CE.NFO,07/01/2020,13:32:53,4.8,4.75,7500,4.9,10000,0,350000
AMBUJACEM30JAN20200CE.NFO,07/01/2020,13:33:05,4.8,4.8,2500,4.9,10000,0,350000
AMBUJACEM30JAN20200CE.NFO,07/01/2020,13:33:18,4.8,4.8,2500,4.9,7500,0,350000
AMBUJACEM30JAN20200CE.NFO,07/01/2020,13:33:29,4.8,4.8,2500,4.9,10000,0,350000
AMBUJACEM30JAN20200CE.NFO,07/01/2020,13:33:39,4.8,4.75,5000,4.9,10000,0,350000
AMBUJACEM30JAN20200CE.NFO,07/01/2020,13:33:44,4.8,4.8,2500,4.9,5000,0,350000
AMBUJACEM30JAN20200CE.NFO,07/01/2020,13:33:56,4.8,4.75,5000,4.9,5000,0,350000
AMBUJACEM30JAN20200CE.NFO,07/01/2020,13:35:59,4.8,4.8,2500,4.9,5000,0,350000
AMBUJACEM30JAN20200CE.NFO,07/01/2020,13:36:43,4.8,4.75,5000,4.9,5000,0,350000
AMBUJACEM30JAN20200CE.NFO,07/01/2020,13:37:51,4.8,4.8,2500,4.9,2500,0,350000
AMBUJACEM30JAN20200CE.NFO,07/01/2020,13:37:54,4.8,4.75,7500,4.9,2500,0,350000
AMBUJACEM30JAN20200CE.NFO,07/01/2020,13:38:07,4.8,4.8,2500,4.9,2500,0,350000
AMBUJACEM30JAN20200CE.NFO,07/01/2020,13:38:15,4.8,4.75,7500,4.9,2500,0,350000
AMBUJACEM30JAN20200CE.NFO,07/01/2020,13:38:26,4.8,4.8,2500,4.9,2500,0,350000
AMBUJACEM30JAN20200CE.NFO,07/01/2020,13:38:54,4.8,4.75,7500,4.9,2500,0,350000
AMBUJACEM30JAN20200CE.NFO,07/01/2020,13:39:00,4.8,4.8,2500,4.9,2500,0,350000
AMBUJACEM30JAN20200CE.NFO,07/01/2020,13:39:14,4.8,4.8,5000,4.9,2500,0,350000
AMBUJACEM30JAN20200CE.NFO,07/01/2020,13:39:30,4.8,4.75,7500,4.9,2500,0,350000
AMBUJACEM30JAN20200CE.NFO,07/01/2020,13:39:35,4.8,4.8,2500,4.9,2500,0,350000
AMBUJACEM30JAN20200CE.NFO,07/01/2020,13:39:44,4.8,4.75,5000,4.9,2500,0,350000
AMBUJACEM30JAN20200CE.NFO,07/01/2020,13:39:54,4.8,4.8,2500,4.9,2500,0,350000
AMBUJACEM30JAN20200CE.NFO,07/01/2020,13:40:02,4.8,4.75,5000,4.9,5000,0,350000
AMBUJACEM30JAN20200CE.NFO,07/01/2020,13:40:49,4.8,4.8,2500,4.9,5000,0,350000
AMBUJACEM30JAN20200CE.NFO,07/01/2020,13:40:59,4.8,4.8,2500,4.9,2500,0,350000
AMBUJACEM30JAN20200CE.NFO,07/01/2020,13:41:31,4.8,4.8,7500,4.9,2500,0,350000
AMBUJACEM30JAN20200CE.NFO,07/01/2020,13:41:46,4.8,4.8,42500,4.9,2500,0,350000
AMBUJACEM30JAN20200CE.NFO,07/01/2020,13:41:51,4.8,4.85,2500,4.9,2500,0,350000
AMBUJACEM30JAN20200CE.NFO,07/01/2020,13:41:57,4.8,4.8,40000,4.9,2500,0,350000
AMBUJACEM30JAN20200CE.NFO,07/01/2020,13:42:02,4.8,4.8,42500,4.9,2500,0,350000
AMBUJACEM30JAN20200CE.NFO,07/01/2020,13:42:06,4.8,4.8,35000,4.9,2500,0,350000
AMBUJACEM30JAN20200CE.NFO,07/01/2020,13:42:30,4.8,4.85,2500,4.9,2500,0,350000
AMBUJACEM30JAN20200CE.NFO,07/01/2020,13:42:35,4.8,4.8,37500,4.9,2500,0,350000
AMBUJACEM30JAN20200CE.NFO,07/01/2020,13:42:43,4.8,4.85,2500,4.9,2500,0,350000
AMBUJACEM30JAN20200CE.NFO,07/01/2020,13:43:02,4.8,4.8,42500,4.9,2500,0,350000
AMBUJACEM30JAN20200CE.NFO,07/01/2020,13:43:12,4.8,4.85,2500,4.9,2500,0,350000
AMBUJACEM30JAN20200CE.NFO,07/01/2020,13:44:03,4.8,4.8,35000,4.9,2500,0,350000
AMBUJACEM30JAN20200CE.NFO,07/01/2020,13:44:09,4.8,4.85,2500,4.9,2500,0,350000
AMBUJACEM30JAN20200CE.NFO,07/01/2020,13:44:12,4.8,4.8,37500,4.9,2500,0,350000
AMBUJACEM30JAN20200CE.NFO,07/01/2020,13:44:44,4.8,4.8,35000,4.9,2500,0,350000
AMBUJACEM30JAN20200CE.NFO,07/01/2020,13:45:10,4.8,4.85,2500,4.9,2500,0,350000
AMBUJACEM30JAN20200CE.NFO,07/01/2020,13:45:35,4.9,4.9,5000,5,2500,2500,347500
AMBUJACEM30JAN20200CE.NFO,07/01/2020,13:45:40,4.9,4.9,5000,5,2500,0,347500
AMBUJACEM30JAN20200CE.NFO,07/01/2020,13:45:57,4.9,4.9,2500,5,2500,0,347500
AMBUJACEM30JAN20200CE.NFO,07/01/2020,13:46:31,4.9,4.9,2500,5,5000,0,347500
AMBUJACEM30JAN20200CE.NFO,07/01/2020,13:46:46,4.9,4.95,2500,5,2500,0,347500
AMBUJACEM30JAN20200CE.NFO,07/01/2020,13:46:55,4.9,4.9,10000,5,2500,0,347500
AMBUJACEM30JAN20200CE.NFO,07/01/2020,13:47:02,4.9,4.9,7500,5,2500,0,347500
AMBUJACEM30JAN20200CE.NFO,07/01/2020,13:47:21,4.9,4.9,10000,5,2500,0,347500
AMBUJACEM30JAN20200CE.NFO,07/01/2020,13:47:37,4.9,4.9,5000,5,2500,0,347500
AMBUJACEM30JAN20200CE.NFO,07/01/2020,13:47:57,4.9,4.95,2500,5,2500,0,347500
AMBUJACEM30JAN20200CE.NFO,07/01/2020,13:48:43,4.9,4.9,5000,5,2500,0,347500
AMBUJACEM30JAN20200CE.NFO,07/01/2020,13:49:01,4.9,4.95,2500,5,2500,0,347500
AMBUJACEM30JAN20200CE.NFO,07/01/2020,13:49:17,4.9,4.9,5000,5,2500,0,347500
AMBUJACEM30JAN20200CE.NFO,07/01/2020,13:49:40,4.9,4.95,2500,5,2500,0,347500
AMBUJACEM30JAN20200CE.NFO,07/01/2020,13:49:44,4.9,4.9,7500,5,2500,0,347500
AMBUJACEM30JAN20200CE.NFO,07/01/2020,13:49:52,4.9,4.9,5000,5,2500,0,347500
AMBUJACEM30JAN20200CE.NFO,07/01/2020,13:49:58,4.9,4.9,7500,5,2500,0,347500
AMBUJACEM30JAN20200CE.NFO,07/01/2020,13:50:04,4.9,4.9,5000,5,2500,0,347500
AMBUJACEM30JAN20200CE.NFO,07/01/2020,13:50:15,4.9,4.9,7500,5,2500,0,347500
AMBUJACEM30JAN20200CE.NFO,07/01/2020,13:50:22,4.9,4.9,10000,5,2500,0,347500
AMBUJACEM30JAN20200CE.NFO,07/01/2020,13:50:30,4.9,4.95,2500,5,2500,0,347500
AMBUJACEM30JAN20200CE.NFO,07/01/2020,13:50:41,4.9,4.95,5000,5,2500,0,347500
AMBUJACEM30JAN20200CE.NFO,07/01/2020,13:51:02,4.9,4.95,2500,5,2500,0,347500
AMBUJACEM30JAN20200CE.NFO,07/01/2020,13:51:20,4.9,4.9,10000,5,2500,0,347500
AMBUJACEM30JAN20200CE.NFO,07/01/2020,13:51:26,4.9,4.95,2500,5,2500,0,347500
AMBUJACEM30JAN20200CE.NFO,07/01/2020,13:52:00,4.9,4.9,15000,5,2500,0,347500
AMBUJACEM30JAN20200CE.NFO,07/01/2020,13:52:05,4.9,4.9,17500,5,2500,0,347500
AMBUJACEM30JAN20200CE.NFO,07/01/2020,13:52:10,4.9,4.9,15000,5,2500,0,347500
AMBUJACEM30JAN20200CE.NFO,07/01/2020,13:52:15,4.9,4.95,2500,5,2500,0,347500
AMBUJACEM30JAN20200CE.NFO,07/01/2020,13:53:32,4.95,4.9,5000,4.95,2500,2500,345000
AMBUJACEM30JAN20200CE.NFO,07/01/2020,13:53:35,4.95,4.9,5000,4.95,2500,0,345000
AMBUJACEM30JAN20200CE.NFO,07/01/2020,13:53:40,4.95,4.9,5000,5,2500,0,345000
AMBUJACEM30JAN20200CE.NFO,07/01/2020,13:53:48,4.95,4.9,5000,4.95,2500,0,345000
AMBUJACEM30JAN20200CE.NFO,07/01/2020,13:53:55,4.9,4.8,42500,4.95,2500,5000,345000
AMBUJACEM30JAN20200CE.NFO,07/01/2020,13:54:01,4.9,4.8,42500,4.95,2500,0,345000
AMBUJACEM30JAN20200CE.NFO,07/01/2020,13:54:06,4.9,4.85,5000,4.95,2500,0,345000
AMBUJACEM30JAN20200CE.NFO,07/01/2020,13:54:11,4.9,4.85,10000,4.95,2500,0,345000
AMBUJACEM30JAN20200CE.NFO,07/01/2020,13:54:15,4.9,4.85,10000,5,2500,0,345000
AMBUJACEM30JAN20200CE.NFO,07/01/2020,13:54:48,4.9,4.85,10000,4.95,2500,0,345000
AMBUJACEM30JAN20200CE.NFO,07/01/2020,13:54:52,4.9,4.85,12500,5,2500,0,345000
AMBUJACEM30JAN20200CE.NFO,07/01/2020,13:54:55,4.9,4.85,5000,4.95,2500,0,345000
AMBUJACEM30JAN20200CE.NFO,07/01/2020,13:55:02,4.9,4.85,12500,5,7500,0,345000
AMBUJACEM30JAN20200CE.NFO,07/01/2020,13:55:08,4.9,4.9,5000,5,2500,0,345000
AMBUJACEM30JAN20200CE.NFO,07/01/2020,13:55:24,4.9,4.9,2500,5,2500,0,345000
AMBUJACEM30JAN20200CE.NFO,07/01/2020,13:55:44,4.9,4.9,7500,5,2500,0,345000
AMBUJACEM30JAN20200CE.NFO,07/01/2020,13:55:59,4.9,4.9,5000,5,2500,0,345000
AMBUJACEM30JAN20200CE.NFO,07/01/2020,13:56:10,5,4.9,5000,5.05,2500,2500,350000
AMBUJACEM30JAN20200CE.NFO,07/01/2020,13:56:15,5,4.9,5000,5.05,2500,0,350000
AMBUJACEM30JAN20200CE.NFO,07/01/2020,13:56:26,5,4.95,5000,5.1,5000,0,350000
AMBUJACEM30JAN20200CE.NFO,07/01/2020,13:56:36,5,5,2500,5.1,2500,0,350000
AMBUJACEM30JAN20200CE.NFO,07/01/2020,13:56:48,5,5,2500,5.1,5000,0,350000
AMBUJACEM30JAN20200CE.NFO,07/01/2020,13:56:51,5,5,5000,5.1,2500,2500,350000
AMBUJACEM30JAN20200CE.NFO,07/01/2020,13:57:04,5,5,5000,5.1,2500,0,350000
AMBUJACEM30JAN20200CE.NFO,07/01/2020,13:57:22,5,5,2500,5.1,2500,0,350000
AMBUJACEM30JAN20200CE.NFO,07/01/2020,13:57:30,5,4.95,5000,5.05,2500,0,350000
AMBUJACEM30JAN20200CE.NFO,07/01/2020,13:57:46,5,4.95,10000,5.1,7500,0,350000
AMBUJACEM30JAN20200CE.NFO,07/01/2020,13:57:54,5,5,2500,5.1,2500,0,350000
AMBUJACEM30JAN20200CE.NFO,07/01/2020,13:58:26,5,5,2500,5.1,5000,0,350000
AMBUJACEM30JAN20200CE.NFO,07/01/2020,13:58:44,5,4.95,2500,5.05,2500,0,350000
AMBUJACEM30JAN20200CE.NFO,07/01/2020,13:58:54,5,4.95,7500,5.1,7500,0,350000
AMBUJACEM30JAN20200CE.NFO,07/01/2020,13:59:18,5.1,5,7500,5.15,10000,2500,347500
AMBUJACEM30JAN20200CE.NFO,07/01/2020,13:59:26,5.1,5,7500,5.15,10000,0,347500
AMBUJACEM30JAN20200CE.NFO,07/01/2020,13:59:44,5.1,5,2500,5.15,10000,0,347500
AMBUJACEM30JAN20200CE.NFO,07/01/2020,14:00:40,5.1,5,5000,5.15,10000,0,347500
AMBUJACEM30JAN20200CE.NFO,07/01/2020,14:00:46,5.1,5,7500,5.15,10000,0,347500
AMBUJACEM30JAN20200CE.NFO,07/01/2020,14:01:08,5.1,5,5000,5.15,10000,0,347500
AMBUJACEM30JAN20200CE.NFO,07/01/2020,14:01:44,5.1,5,7500,5.15,10000,0,347500
AMBUJACEM30JAN20200CE.NFO,07/01/2020,14:01:57,5.1,5,5000,5.15,10000,0,347500
AMBUJACEM30JAN20200CE.NFO,07/01/2020,14:01:59,5.1,5,2500,5.15,10000,0,347500
AMBUJACEM30JAN20200CE.NFO,07/01/2020,14:02:25,5.1,5,7500,5.15,10000,0,347500
AMBUJACEM30JAN20200CE.NFO,07/01/2020,14:02:29,5.1,5,5000,5.15,10000,0,347500
AMBUJACEM30JAN20200CE.NFO,07/01/2020,14:02:49,5.05,5,7500,5.15,2500,2500,345000
AMBUJACEM30JAN20200CE.NFO,07/01/2020,14:02:56,5.05,5,7500,5.15,2500,0,345000
