Ticker,Date,Time,LTP,BuyPrice,BuyQty,SellPrice,SellQty,LTQ,OpenInterest
APOLLOTYRE30JAN20185CE.NFO,07/01/2020,09:25:19,0.7,0.55,3000,0.8,9000,3000,144000
APOLLOTYRE30JAN20185CE.NFO,07/01/2020,09:25:19,0.7,0.55,3000,0.8,9000,0,144000
APOLLOTYRE30JAN20185CE.NFO,07/01/2020,09:25:19,0.7,0.55,3000,0.8,9000,0,144000
APOLLOTYRE30JAN20185CE.NFO,07/01/2020,09:25:19,0.7,0.55,3000,0.8,9000,0,144000
APOLLOTYRE30JAN20185CE.NFO,07/01/2020,09:25:27,0.7,0.55,3000,0.8,6000,0,144000
APOLLOTYRE30JAN20185CE.NFO,07/01/2020,09:27:14,0.7,0.55,3000,0.8,9000,0,144000
APOLLOTYRE30JAN20185CE.NFO,07/01/2020,09:27:21,0.7,0.55,3000,0.7,9000,0,144000
APOLLOTYRE30JAN20185CE.NFO,07/01/2020,09:27:34,0.7,0.55,3000,0.7,6000,0,144000
APOLLOTYRE30JAN20185CE.NFO,07/01/2020,09:29:10,0.7,0.5,3000,0.7,6000,0,144000
APOLLOTYRE30JAN20185CE.NFO,07/01/2020,09:29:33,0.7,0.5,6000,0.7,6000,0,144000
APOLLOTYRE30JAN20185CE.NFO,07/01/2020,09:31:02,0.7,0.5,6000,0.7,3000,0,144000
APOLLOTYRE30JAN20185CE.NFO,07/01/2020,09:31:08,0.7,0.5,6000,0.75,12000,0,144000
APOLLOTYRE30JAN20185CE.NFO,07/01/2020,09:31:53,0.7,0.55,3000,0.75,12000,0,144000
APOLLOTYRE30JAN20185CE.NFO,07/01/2020,09:32:17,0.7,0.55,3000,0.75,9000,0,144000
APOLLOTYRE30JAN20185CE.NFO,07/01/2020,09:32:24,0.7,0.55,6000,0.75,9000,0,144000
APOLLOTYRE30JAN20185CE.NFO,07/01/2020,09:32:42,0.7,0.55,6000,0.75,12000,0,144000
APOLLOTYRE30JAN20185CE.NFO,07/01/2020,09:32:48,0.7,0.55,6000,0.7,9000,0,144000
APOLLOTYRE30JAN20185CE.NFO,07/01/2020,09:32:54,0.7,0.55,6000,0.75,12000,0,144000
APOLLOTYRE30JAN20185CE.NFO,07/01/2020,09:32:59,0.7,0.55,6000,0.7,6000,0,144000
APOLLOTYRE30JAN20185CE.NFO,07/01/2020,09:33:04,0.7,0.55,6000,0.75,12000,0,144000
APOLLOTYRE30JAN20185CE.NFO,07/01/2020,09:33:10,0.7,0.55,6000,0.7,6000,0,144000
APOLLOTYRE30JAN20185CE.NFO,07/01/2020,09:33:43,0.7,0.55,6000,0.75,12000,0,144000
APOLLOTYRE30JAN20185CE.NFO,07/01/2020,09:33:49,0.7,0.55,6000,0.7,9000,0,144000
APOLLOTYRE30JAN20185CE.NFO,07/01/2020,09:33:54,0.7,0.55,6000,0.7,6000,0,144000
APOLLOTYRE30JAN20185CE.NFO,07/01/2020,09:34:04,0.7,0.55,6000,0.7,3000,0,144000
APOLLOTYRE30JAN20185CE.NFO,07/01/2020,09:34:09,0.7,0.55,6000,0.7,6000,0,144000
APOLLOTYRE30JAN20185CE.NFO,07/01/2020,09:35:09,0.7,0.55,6000,0.7,3000,0,144000
APOLLOTYRE30JAN20185CE.NFO,07/01/2020,09:35:55,0.7,0.55,3000,0.75,9000,0,144000
APOLLOTYRE30JAN20185CE.NFO,07/01/2020,09:36:02,0.7,0.6,3000,0.9,3000,0,144000
APOLLOTYRE30JAN20185CE.NFO,07/01/2020,09:36:19,0.7,0.55,3000,0.8,6000,0,144000
APOLLOTYRE30JAN20185CE.NFO,07/01/2020,09:36:25,0.7,0.6,3000,1,6000,0,144000
APOLLOTYRE30JAN20185CE.NFO,07/01/2020,09:37:35,0.7,0.6,3000,0.85,3000,0,144000
APOLLOTYRE30JAN20185CE.NFO,07/01/2020,09:37:46,0.7,0.6,3000,0.9,3000,0,144000
APOLLOTYRE30JAN20185CE.NFO,07/01/2020,09:37:50,0.7,0.6,3000,1.15,3000,0,144000
APOLLOTYRE30JAN20185CE.NFO,07/01/2020,09:38:46,0.7,0.6,3000,1.05,3000,0,144000
APOLLOTYRE30JAN20185CE.NFO,07/01/2020,09:39:31,0.7,0.6,3000,1,3000,0,144000
APOLLOTYRE30JAN20185CE.NFO,07/01/2020,09:39:41,0.7,0.6,3000,0.95,3000,0,144000
APOLLOTYRE30JAN20185CE.NFO,07/01/2020,09:39:45,0.7,0.6,3000,1,3000,0,144000
APOLLOTYRE30JAN20185CE.NFO,07/01/2020,09:39:51,0.7,0.6,3000,0.95,3000,0,144000
APOLLOTYRE30JAN20185CE.NFO,07/01/2020,09:40:15,0.7,0.6,3000,1,3000,0,144000
APOLLOTYRE30JAN20185CE.NFO,07/01/2020,09:42:16,0.7,0.6,3000,0.95,3000,0,144000
APOLLOTYRE30JAN20185CE.NFO,07/01/2020,09:42:22,0.7,0.6,3000,1,3000,0,144000
APOLLOTYRE30JAN20185CE.NFO,07/01/2020,09:42:29,0.7,0.6,3000,1.05,3000,0,144000
APOLLOTYRE30JAN20185CE.NFO,07/01/2020,09:42:37,0.7,0.6,3000,0.9,6000,0,144000
APOLLOTYRE30JAN20185CE.NFO,07/01/2020,09:42:55,0.7,0.55,3000,0.9,6000,0,144000
APOLLOTYRE30JAN20185CE.NFO,07/01/2020,09:43:38,0.7,0.55,3000,0.9,3000,0,144000
APOLLOTYRE30JAN20185CE.NFO,07/01/2020,09:43:52,0.7,0.6,3000,0.9,3000,0,144000
APOLLOTYRE30JAN20185CE.NFO,07/01/2020,09:44:42,0.7,0.55,3000,0.9,6000,0,144000
APOLLOTYRE30JAN20185CE.NFO,07/01/2020,09:44:52,0.7,0.6,3000,0.9,6000,0,144000
APOLLOTYRE30JAN20185CE.NFO,07/01/2020,09:45:09,0.7,0.6,3000,0.9,3000,0,144000
APOLLOTYRE30JAN20185CE.NFO,07/01/2020,09:46:35,0.7,0.6,3000,0.9,6000,0,144000
APOLLOTYRE30JAN20185CE.NFO,07/01/2020,09:46:46,0.7,0.6,3000,0.9,3000,0,144000
APOLLOTYRE30JAN20185CE.NFO,07/01/2020,09:47:48,0.7,0.6,3000,0.9,6000,0,144000
APOLLOTYRE30JAN20185CE.NFO,07/01/2020,09:53:00,0.7,0.55,3000,0.9,6000,0,144000
APOLLOTYRE30JAN20185CE.NFO,07/01/2020,09:53:04,0.7,0.6,3000,0.9,6000,0,144000
APOLLOTYRE30JAN20185CE.NFO,07/01/2020,09:57:20,0.7,0.6,3000,0.8,3000,0,144000
APOLLOTYRE30JAN20185CE.NFO,07/01/2020,09:59:10,0.7,0.6,3000,0.8,3000,3000,141000
APOLLOTYRE30JAN20185CE.NFO,07/01/2020,09:59:23,0.7,0.6,3000,0.7,12000,0,141000
APOLLOTYRE30JAN20185CE.NFO,07/01/2020,10:01:22,0.7,0.55,3000,0.7,12000,0,141000
APOLLOTYRE30JAN20185CE.NFO,07/01/2020,10:09:35,0.7,0.55,3000,0.7,9000,0,141000
APOLLOTYRE30JAN20185CE.NFO,07/01/2020,10:09:39,0.7,0.55,3000,0.7,12000,0,141000
APOLLOTYRE30JAN20185CE.NFO,07/01/2020,10:09:57,0.7,0.6,3000,0.7,9000,0,141000
APOLLOTYRE30JAN20185CE.NFO,07/01/2020,10:10:56,0.7,0.6,3000,0.7,12000,0,141000
APOLLOTYRE30JAN20185CE.NFO,07/01/2020,10:19:42,0.7,0.6,3000,0.7,9000,0,141000
APOLLOTYRE30JAN20185CE.NFO,07/01/2020,10:20:00,0.7,0.6,3000,0.7,12000,0,141000
APOLLOTYRE30JAN20185CE.NFO,07/01/2020,10:20:05,0.7,0.6,3000,0.7,9000,0,141000
APOLLOTYRE30JAN20185CE.NFO,07/01/2020,10:20:09,0.7,0.6,3000,0.7,12000,0,141000
APOLLOTYRE30JAN20185CE.NFO,07/01/2020,10:20:14,0.7,0.6,3000,0.7,9000,0,141000
APOLLOTYRE30JAN20185CE.NFO,07/01/2020,10:20:18,0.7,0.6,3000,0.7,12000,0,141000
APOLLOTYRE30JAN20185CE.NFO,07/01/2020,10:20:46,0.7,0.6,3000,0.7,9000,0,141000
APOLLOTYRE30JAN20185CE.NFO,07/01/2020,10:20:54,0.7,0.6,3000,0.7,12000,0,141000
APOLLOTYRE30JAN20185CE.NFO,07/01/2020,10:21:04,0.7,0.6,3000,0.7,9000,0,141000
APOLLOTYRE30JAN20185CE.NFO,07/01/2020,10:21:12,0.7,0.6,3000,0.7,12000,0,141000
APOLLOTYRE30JAN20185CE.NFO,07/01/2020,10:22:43,0.7,0.55,3000,0.65,9000,0,141000
APOLLOTYRE30JAN20185CE.NFO,07/01/2020,10:22:49,0.7,0.55,3000,0.7,12000,0,141000
APOLLOTYRE30JAN20185CE.NFO,07/01/2020,10:28:08,0.7,0.55,3000,0.75,3000,0,141000
APOLLOTYRE30JAN20185CE.NFO,07/01/2020,10:28:16,0.7,0.55,3000,0.7,3000,0,141000
APOLLOTYRE30JAN20185CE.NFO,07/01/2020,10:28:28,0.7,0.55,3000,0.75,3000,0,141000
APOLLOTYRE30JAN20185CE.NFO,07/01/2020,10:28:32,0.7,0.55,3000,0.7,3000,0,141000
APOLLOTYRE30JAN20185CE.NFO,07/01/2020,10:28:43,0.7,0.55,3000,0.75,3000,0,141000
APOLLOTYRE30JAN20185CE.NFO,07/01/2020,10:28:50,0.7,0.55,3000,0.7,3000,0,141000
APOLLOTYRE30JAN20185CE.NFO,07/01/2020,10:28:52,0.7,0.55,3000,0.75,3000,0,141000
APOLLOTYRE30JAN20185CE.NFO,07/01/2020,10:28:55,0.7,0.55,3000,0.7,3000,0,141000
APOLLOTYRE30JAN20185CE.NFO,07/01/2020,10:29:02,0.7,0.55,3000,0.75,3000,0,141000
APOLLOTYRE30JAN20185CE.NFO,07/01/2020,10:29:05,0.7,0.55,3000,0.7,3000,0,141000
APOLLOTYRE30JAN20185CE.NFO,07/01/2020,10:29:08,0.7,0.55,3000,0.75,3000,0,141000
APOLLOTYRE30JAN20185CE.NFO,07/01/2020,10:29:12,0.7,0.55,3000,0.7,3000,0,141000
APOLLOTYRE30JAN20185CE.NFO,07/01/2020,10:29:15,0.7,0.55,3000,0.75,3000,0,141000
APOLLOTYRE30JAN20185CE.NFO,07/01/2020,10:29:51,0.7,0.55,3000,0.7,3000,0,141000
APOLLOTYRE30JAN20185CE.NFO,07/01/2020,10:29:59,0.7,0.55,3000,0.75,3000,0,141000
APOLLOTYRE30JAN20185CE.NFO,07/01/2020,10:30:17,0.7,0.55,3000,0.7,3000,0,141000
APOLLOTYRE30JAN20185CE.NFO,07/01/2020,10:30:24,0.7,0.55,3000,0.75,3000,0,141000
APOLLOTYRE30JAN20185CE.NFO,07/01/2020,10:30:26,0.7,0.55,3000,0.7,3000,0,141000
APOLLOTYRE30JAN20185CE.NFO,07/01/2020,10:30:29,0.7,0.55,3000,0.75,3000,0,141000
APOLLOTYRE30JAN20185CE.NFO,07/01/2020,10:30:32,0.7,0.55,3000,0.7,3000,0,141000
APOLLOTYRE30JAN20185CE.NFO,07/01/2020,10:30:36,0.7,0.55,3000,0.75,3000,0,141000
APOLLOTYRE30JAN20185CE.NFO,07/01/2020,10:30:40,0.7,0.55,3000,0.7,3000,0,141000
APOLLOTYRE30JAN20185CE.NFO,07/01/2020,10:30:43,0.7,0.55,3000,0.8,3000,0,141000
APOLLOTYRE30JAN20185CE.NFO,07/01/2020,10:31:57,0.7,0.55,3000,0.7,3000,0,141000
APOLLOTYRE30JAN20185CE.NFO,07/01/2020,10:32:01,0.7,0.55,3000,0.75,3000,0,141000
APOLLOTYRE30JAN20185CE.NFO,07/01/2020,10:32:06,0.7,0.55,3000,0.7,3000,0,141000
APOLLOTYRE30JAN20185CE.NFO,07/01/2020,10:32:09,0.7,0.55,3000,0.75,3000,0,141000
APOLLOTYRE30JAN20185CE.NFO,07/01/2020,10:32:23,0.7,0.55,3000,0.8,3000,0,141000
APOLLOTYRE30JAN20185CE.NFO,07/01/2020,10:32:28,0.7,0.55,3000,0.75,3000,0,141000
APOLLOTYRE30JAN20185CE.NFO,07/01/2020,10:32:32,0.7,0.55,3000,0.7,3000,0,141000
APOLLOTYRE30JAN20185CE.NFO,07/01/2020,10:32:36,0.7,0.55,3000,0.75,3000,0,141000
APOLLOTYRE30JAN20185CE.NFO,07/01/2020,10:32:50,0.7,0.55,3000,0.7,3000,0,141000
APOLLOTYRE30JAN20185CE.NFO,07/01/2020,10:33:07,0.7,0.55,3000,0.75,3000,0,141000
APOLLOTYRE30JAN20185CE.NFO,07/01/2020,10:33:13,0.7,0.55,3000,0.7,3000,0,141000
APOLLOTYRE30JAN20185CE.NFO,07/01/2020,10:33:15,0.7,0.55,3000,0.8,3000,0,141000
APOLLOTYRE30JAN20185CE.NFO,07/01/2020,10:33:36,0.7,0.55,3000,0.7,3000,0,141000
APOLLOTYRE30JAN20185CE.NFO,07/01/2020,10:33:39,0.7,0.55,3000,0.75,3000,0,141000
APOLLOTYRE30JAN20185CE.NFO,07/01/2020,10:33:42,0.7,0.55,3000,0.7,3000,0,141000
APOLLOTYRE30JAN20185CE.NFO,07/01/2020,10:33:44,0.7,0.55,3000,0.75,3000,0,141000
APOLLOTYRE30JAN20185CE.NFO,07/01/2020,10:33:56,0.7,0.55,3000,0.7,3000,0,141000
APOLLOTYRE30JAN20185CE.NFO,07/01/2020,10:34:08,0.7,0.55,3000,0.75,3000,0,141000
APOLLOTYRE30JAN20185CE.NFO,07/01/2020,10:34:11,0.7,0.55,3000,0.7,3000,0,141000
APOLLOTYRE30JAN20185CE.NFO,07/01/2020,10:34:22,0.7,0.55,3000,0.75,3000,0,141000
APOLLOTYRE30JAN20185CE.NFO,07/01/2020,10:34:26,0.7,0.55,3000,0.7,3000,0,141000
APOLLOTYRE30JAN20185CE.NFO,07/01/2020,10:34:34,0.7,0.55,3000,0.75,3000,0,141000
APOLLOTYRE30JAN20185CE.NFO,07/01/2020,10:34:37,0.7,0.55,3000,0.7,3000,0,141000
APOLLOTYRE30JAN20185CE.NFO,07/01/2020,10:34:40,0.7,0.55,3000,0.75,3000,0,141000
APOLLOTYRE30JAN20185CE.NFO,07/01/2020,10:34:51,0.7,0.55,3000,0.7,3000,0,141000
APOLLOTYRE30JAN20185CE.NFO,07/01/2020,10:35:11,0.7,0.55,3000,0.75,3000,0,141000
APOLLOTYRE30JAN20185CE.NFO,07/01/2020,10:35:14,0.7,0.55,3000,0.7,3000,0,141000
APOLLOTYRE30JAN20185CE.NFO,07/01/2020,10:35:19,0.7,0.55,3000,0.75,3000,0,141000
APOLLOTYRE30JAN20185CE.NFO,07/01/2020,10:35:21,0.7,0.55,3000,0.7,3000,0,141000
APOLLOTYRE30JAN20185CE.NFO,07/01/2020,10:35:25,0.7,0.55,3000,0.75,3000,0,141000
APOLLOTYRE30JAN20185CE.NFO,07/01/2020,10:35:29,0.7,0.55,3000,0.7,3000,0,141000
APOLLOTYRE30JAN20185CE.NFO,07/01/2020,10:35:39,0.7,0.55,3000,0.75,3000,0,141000
APOLLOTYRE30JAN20185CE.NFO,07/01/2020,10:35:43,0.7,0.55,3000,0.7,3000,0,141000
APOLLOTYRE30JAN20185CE.NFO,07/01/2020,10:35:48,0.7,0.55,3000,0.75,3000,0,141000
APOLLOTYRE30JAN20185CE.NFO,07/01/2020,10:35:52,0.7,0.55,3000,0.7,3000,0,141000
APOLLOTYRE30JAN20185CE.NFO,07/01/2020,10:35:55,0.7,0.55,3000,0.75,3000,0,141000
APOLLOTYRE30JAN20185CE.NFO,07/01/2020,10:35:58,0.7,0.55,3000,0.7,3000,0,141000
APOLLOTYRE30JAN20185CE.NFO,07/01/2020,10:36:04,0.7,0.55,3000,0.75,3000,0,141000
APOLLOTYRE30JAN20185CE.NFO,07/01/2020,10:36:22,0.7,0.55,3000,0.7,3000,0,141000
APOLLOTYRE30JAN20185CE.NFO,07/01/2020,10:36:28,0.7,0.55,3000,0.75,3000,0,141000
APOLLOTYRE30JAN20185CE.NFO,07/01/2020,10:36:39,0.7,0.55,3000,0.7,3000,0,141000
APOLLOTYRE30JAN20185CE.NFO,07/01/2020,10:36:41,0.7,0.55,3000,0.75,3000,0,141000
APOLLOTYRE30JAN20185CE.NFO,07/01/2020,10:36:46,0.7,0.55,3000,0.7,3000,0,141000
APOLLOTYRE30JAN20185CE.NFO,07/01/2020,10:36:49,0.7,0.55,3000,0.75,3000,0,141000
APOLLOTYRE30JAN20185CE.NFO,07/01/2020,10:36:54,0.7,0.55,3000,0.7,3000,0,141000
APOLLOTYRE30JAN20185CE.NFO,07/01/2020,10:36:56,0.7,0.55,3000,0.75,3000,0,141000
APOLLOTYRE30JAN20185CE.NFO,07/01/2020,10:37:02,0.7,0.55,3000,0.7,3000,0,141000
APOLLOTYRE30JAN20185CE.NFO,07/01/2020,10:37:26,0.7,0.55,3000,0.75,3000,0,141000
APOLLOTYRE30JAN20185CE.NFO,07/01/2020,10:37:29,0.7,0.55,3000,0.7,3000,0,141000
APOLLOTYRE30JAN20185CE.NFO,07/01/2020,10:37:32,0.7,0.55,3000,0.75,3000,0,141000
APOLLOTYRE30JAN20185CE.NFO,07/01/2020,10:37:34,0.7,0.55,3000,0.7,3000,0,141000
APOLLOTYRE30JAN20185CE.NFO,07/01/2020,10:37:49,0.7,0.55,3000,0.75,3000,0,141000
APOLLOTYRE30JAN20185CE.NFO,07/01/2020,10:37:53,0.7,0.55,3000,0.7,3000,0,141000
APOLLOTYRE30JAN20185CE.NFO,07/01/2020,10:38:09,0.7,0.55,3000,0.75,3000,0,141000
APOLLOTYRE30JAN20185CE.NFO,07/01/2020,10:38:17,0.7,0.55,3000,0.7,3000,0,141000
APOLLOTYRE30JAN20185CE.NFO,07/01/2020,10:38:19,0.7,0.55,3000,0.75,3000,0,141000
APOLLOTYRE30JAN20185CE.NFO,07/01/2020,10:38:30,0.7,0.55,3000,0.7,3000,0,141000
APOLLOTYRE30JAN20185CE.NFO,07/01/2020,10:38:33,0.7,0.55,3000,0.75,3000,0,141000
APOLLOTYRE30JAN20185CE.NFO,07/01/2020,10:38:36,0.7,0.55,3000,0.7,3000,0,141000
APOLLOTYRE30JAN20185CE.NFO,07/01/2020,10:38:38,0.7,0.55,3000,0.75,3000,0,141000
APOLLOTYRE30JAN20185CE.NFO,07/01/2020,10:38:45,0.7,0.55,3000,0.7,3000,0,141000
APOLLOTYRE30JAN20185CE.NFO,07/01/2020,10:38:47,0.7,0.55,3000,0.75,3000,0,141000
APOLLOTYRE30JAN20185CE.NFO,07/01/2020,10:38:53,0.7,0.55,3000,0.7,3000,0,141000
APOLLOTYRE30JAN20185CE.NFO,07/01/2020,10:39:03,0.7,0.55,3000,0.75,3000,0,141000
APOLLOTYRE30JAN20185CE.NFO,07/01/2020,10:39:13,0.7,0.55,3000,0.7,3000,0,141000
APOLLOTYRE30JAN20185CE.NFO,07/01/2020,10:39:17,0.7,0.55,3000,0.75,3000,0,141000
APOLLOTYRE30JAN20185CE.NFO,07/01/2020,10:39:26,0.7,0.55,3000,0.7,3000,0,141000
APOLLOTYRE30JAN20185CE.NFO,07/01/2020,10:39:29,0.7,0.55,3000,0.75,3000,0,141000
APOLLOTYRE30JAN20185CE.NFO,07/01/2020,10:39:32,0.7,0.55,3000,0.7,3000,0,141000
APOLLOTYRE30JAN20185CE.NFO,07/01/2020,10:39:35,0.7,0.55,3000,0.75,3000,0,141000
APOLLOTYRE30JAN20185CE.NFO,07/01/2020,10:39:41,0.7,0.55,3000,0.7,3000,0,141000
APOLLOTYRE30JAN20185CE.NFO,07/01/2020,10:39:44,0.7,0.55,3000,0.75,3000,0,141000
APOLLOTYRE30JAN20185CE.NFO,07/01/2020,10:39:46,0.7,0.55,3000,0.7,3000,0,141000
APOLLOTYRE30JAN20185CE.NFO,07/01/2020,10:39:53,0.7,0.55,3000,0.75,3000,0,141000
APOLLOTYRE30JAN20185CE.NFO,07/01/2020,10:40:04,0.7,0.55,3000,0.8,3000,0,141000
APOLLOTYRE30JAN20185CE.NFO,07/01/2020,10:40:08,0.7,0.55,3000,0.7,3000,0,141000
APOLLOTYRE30JAN20185CE.NFO,07/01/2020,10:40:12,0.7,0.55,3000,0.75,3000,0,141000
APOLLOTYRE30JAN20185CE.NFO,07/01/2020,10:40:15,0.7,0.55,3000,0.7,3000,0,141000
APOLLOTYRE30JAN20185CE.NFO,07/01/2020,10:40:17,0.7,0.55,3000,0.75,3000,0,141000
APOLLOTYRE30JAN20185CE.NFO,07/01/2020,10:40:19,0.7,0.55,3000,0.7,3000,0,141000
APOLLOTYRE30JAN20185CE.NFO,07/01/2020,10:40:26,0.7,0.55,3000,0.75,3000,0,141000
APOLLOTYRE30JAN20185CE.NFO,07/01/2020,10:40:29,0.7,0.55,3000,0.7,3000,0,141000
APOLLOTYRE30JAN20185CE.NFO,07/01/2020,10:40:31,0.7,0.55,3000,0.75,3000,0,141000
APOLLOTYRE30JAN20185CE.NFO,07/01/2020,10:40:33,0.7,0.55,3000,0.7,3000,0,141000
APOLLOTYRE30JAN20185CE.NFO,07/01/2020,10:40:43,0.7,0.55,3000,0.75,3000,0,141000
APOLLOTYRE30JAN20185CE.NFO,07/01/2020,10:40:46,0.7,0.55,3000,0.7,3000,0,141000
APOLLOTYRE30JAN20185CE.NFO,07/01/2020,10:40:49,0.7,0.55,3000,0.75,3000,0,141000
APOLLOTYRE30JAN20185CE.NFO,07/01/2020,10:40:52,0.7,0.55,3000,0.7,3000,0,141000
APOLLOTYRE30JAN20185CE.NFO,07/01/2020,10:40:56,0.7,0.55,3000,0.75,3000,0,141000
APOLLOTYRE30JAN20185CE.NFO,07/01/2020,10:40:59,0.7,0.55,3000,0.7,3000,0,141000
APOLLOTYRE30JAN20185CE.NFO,07/01/2020,10:41:06,0.7,0.55,3000,0.75,3000,0,141000
APOLLOTYRE30JAN20185CE.NFO,07/01/2020,10:41:14,0.7,0.55,3000,0.7,3000,0,141000
APOLLOTYRE30JAN20185CE.NFO,07/01/2020,10:41:26,0.7,0.55,3000,0.75,3000,0,141000
APOLLOTYRE30JAN20185CE.NFO,07/01/2020,10:41:30,0.7,0.55,3000,0.75,6000,0,141000
APOLLOTYRE30JAN20185CE.NFO,07/01/2020,10:41:34,0.7,0.6,3000,0.75,6000,0,141000
APOLLOTYRE30JAN20185CE.NFO,07/01/2020,10:42:04,0.7,0.6,3000,0.8,3000,0,141000
APOLLOTYRE30JAN20185CE.NFO,07/01/2020,10:46:47,0.7,0.6,3000,0.7,3000,0,141000
APOLLOTYRE30JAN20185CE.NFO,07/01/2020,10:46:55,0.7,0.6,3000,0.75,3000,0,141000
APOLLOTYRE30JAN20185CE.NFO,07/01/2020,10:46:58,0.7,0.6,3000,0.7,3000,0,141000
APOLLOTYRE30JAN20185CE.NFO,07/01/2020,10:47:01,0.7,0.6,3000,0.75,3000,0,141000
APOLLOTYRE30JAN20185CE.NFO,07/01/2020,10:47:09,0.7,0.6,3000,0.7,3000,0,141000
APOLLOTYRE30JAN20185CE.NFO,07/01/2020,10:47:11,0.7,0.6,3000,0.75,3000,0,141000
APOLLOTYRE30JAN20185CE.NFO,07/01/2020,10:47:18,0.7,0.6,3000,0.7,3000,0,141000
APOLLOTYRE30JAN20185CE.NFO,07/01/2020,10:47:23,0.7,0.6,3000,0.75,6000,0,141000
APOLLOTYRE30JAN20185CE.NFO,07/01/2020,10:47:29,0.7,0.6,3000,0.75,3000,0,141000
APOLLOTYRE30JAN20185CE.NFO,07/01/2020,10:47:32,0.7,0.6,3000,0.75,6000,0,141000
APOLLOTYRE30JAN20185CE.NFO,07/01/2020,10:49:42,0.7,0.6,3000,0.7,3000,0,141000
APOLLOTYRE30JAN20185CE.NFO,07/01/2020,10:49:46,0.7,0.6,3000,0.75,3000,0,141000
APOLLOTYRE30JAN20185CE.NFO,07/01/2020,10:49:51,0.7,0.6,3000,0.7,3000,0,141000
APOLLOTYRE30JAN20185CE.NFO,07/01/2020,10:50:01,0.7,0.6,3000,0.75,6000,0,141000
APOLLOTYRE30JAN20185CE.NFO,07/01/2020,10:52:04,0.7,0.6,3000,0.75,3000,0,141000
APOLLOTYRE30JAN20185CE.NFO,07/01/2020,10:52:13,0.7,0.6,3000,0.75,6000,0,141000
APOLLOTYRE30JAN20185CE.NFO,07/01/2020,10:57:25,0.7,0.55,3000,0.7,3000,0,141000
APOLLOTYRE30JAN20185CE.NFO,07/01/2020,10:57:32,0.7,0.55,3000,0.75,3000,0,141000
APOLLOTYRE30JAN20185CE.NFO,07/01/2020,10:57:42,0.7,0.55,3000,0.7,3000,0,141000
APOLLOTYRE30JAN20185CE.NFO,07/01/2020,10:57:48,0.7,0.55,3000,0.75,3000,0,141000
APOLLOTYRE30JAN20185CE.NFO,07/01/2020,10:58:10,0.7,0.55,3000,0.7,3000,0,141000
APOLLOTYRE30JAN20185CE.NFO,07/01/2020,10:58:15,0.7,0.55,3000,0.75,3000,0,141000
APOLLOTYRE30JAN20185CE.NFO,07/01/2020,10:58:19,0.7,0.55,3000,0.8,3000,0,141000
APOLLOTYRE30JAN20185CE.NFO,07/01/2020,10:58:35,0.55,0.55,3000,0.8,3000,3000,141000
APOLLOTYRE30JAN20185CE.NFO,07/01/2020,10:58:35,0.55,0.55,3000,0.8,3000,0,141000
APOLLOTYRE30JAN20185CE.NFO,07/01/2020,10:58:40,0.55,0.55,3000,0.7,12000,0,141000
APOLLOTYRE30JAN20185CE.NFO,07/01/2020,10:58:45,0.55,0.55,3000,0.7,15000,0,141000
APOLLOTYRE30JAN20185CE.NFO,07/01/2020,10:59:06,0.55,0.55,3000,0.7,12000,0,141000
APOLLOTYRE30JAN20185CE.NFO,07/01/2020,11:01:47,0.55,0.55,3000,0.7,9000,0,141000
APOLLOTYRE30JAN20185CE.NFO,07/01/2020,11:02:01,0.55,0.55,3000,0.7,12000,0,141000
APOLLOTYRE30JAN20185CE.NFO,07/01/2020,11:02:08,0.55,0.55,3000,0.7,9000,0,141000
APOLLOTYRE30JAN20185CE.NFO,07/01/2020,11:02:20,0.55,0.55,3000,0.7,12000,0,141000
APOLLOTYRE30JAN20185CE.NFO,07/01/2020,11:03:48,0.55,0.5,9000,0.7,12000,0,141000
APOLLOTYRE30JAN20185CE.NFO,07/01/2020,11:05:52,0.55,0.55,3000,0.7,12000,0,141000
APOLLOTYRE30JAN20185CE.NFO,07/01/2020,11:06:11,0.55,0.55,3000,0.7,9000,0,141000
APOLLOTYRE30JAN20185CE.NFO,07/01/2020,11:06:18,0.55,0.55,3000,0.7,12000,0,141000
APOLLOTYRE30JAN20185CE.NFO,07/01/2020,11:06:24,0.55,0.55,3000,0.7,9000,0,141000
APOLLOTYRE30JAN20185CE.NFO,07/01/2020,11:06:30,0.55,0.55,3000,0.7,12000,0,141000
APOLLOTYRE30JAN20185CE.NFO,07/01/2020,11:06:39,0.55,0.55,6000,0.7,12000,0,141000
APOLLOTYRE30JAN20185CE.NFO,07/01/2020,11:07:26,0.55,0.55,3000,0.7,12000,0,141000
APOLLOTYRE30JAN20185CE.NFO,07/01/2020,11:08:11,0.55,0.55,3000,0.7,9000,0,141000
APOLLOTYRE30JAN20185CE.NFO,07/01/2020,11:09:29,0.55,0.55,3000,0.7,12000,0,141000
APOLLOTYRE30JAN20185CE.NFO,07/01/2020,11:09:45,0.55,0.55,3000,0.7,9000,0,141000
APOLLOTYRE30JAN20185CE.NFO,07/01/2020,11:10:49,0.55,0.55,3000,0.7,12000,0,141000
APOLLOTYRE30JAN20185CE.NFO,07/01/2020,11:11:17,0.55,0.55,3000,0.7,9000,0,141000
APOLLOTYRE30JAN20185CE.NFO,07/01/2020,11:12:16,0.55,0.55,3000,0.7,6000,0,141000
APOLLOTYRE30JAN20185CE.NFO,07/01/2020,11:13:48,0.55,0.55,3000,0.7,9000,0,141000
APOLLOTYRE30JAN20185CE.NFO,07/01/2020,11:14:05,0.55,0.55,3000,0.7,6000,0,141000
APOLLOTYRE30JAN20185CE.NFO,07/01/2020,11:14:10,0.55,0.55,3000,0.7,9000,0,141000
APOLLOTYRE30JAN20185CE.NFO,07/01/2020,11:16:06,0.55,0.55,3000,0.7,6000,0,141000
APOLLOTYRE30JAN20185CE.NFO,07/01/2020,11:16:57,0.55,0.55,3000,0.7,9000,0,141000
APOLLOTYRE30JAN20185CE.NFO,07/01/2020,11:20:35,0.55,0.55,3000,0.7,6000,0,141000
APOLLOTYRE30JAN20185CE.NFO,07/01/2020,11:20:40,0.55,0.55,3000,0.7,9000,0,141000
APOLLOTYRE30JAN20185CE.NFO,07/01/2020,11:33:59,0.55,0.55,3000,0.7,6000,0,141000
APOLLOTYRE30JAN20185CE.NFO,07/01/2020,11:34:04,0.55,0.55,3000,0.7,9000,0,141000
APOLLOTYRE30JAN20185CE.NFO,07/01/2020,11:34:10,0.55,0.55,3000,0.7,3000,0,141000
APOLLOTYRE30JAN20185CE.NFO,07/01/2020,11:34:23,0.55,0.55,3000,0.7,6000,0,141000
APOLLOTYRE30JAN20185CE.NFO,07/01/2020,11:34:29,0.55,0.55,3000,0.7,3000,0,141000
APOLLOTYRE30JAN20185CE.NFO,07/01/2020,11:34:42,0.55,0.55,3000,0.7,6000,0,141000
APOLLOTYRE30JAN20185CE.NFO,07/01/2020,11:35:51,0.55,0.55,3000,0.7,3000,0,141000
APOLLOTYRE30JAN20185CE.NFO,07/01/2020,11:35:55,0.55,0.55,3000,0.7,6000,0,141000
APOLLOTYRE30JAN20185CE.NFO,07/01/2020,11:39:44,0.55,0.5,9000,0.7,6000,0,141000
APOLLOTYRE30JAN20185CE.NFO,07/01/2020,11:47:07,0.55,0.55,3000,0.7,6000,0,141000
APOLLOTYRE30JAN20185CE.NFO,07/01/2020,11:48:14,0.55,0.5,9000,0.7,6000,0,141000
APOLLOTYRE30JAN20185CE.NFO,07/01/2020,11:50:06,0.55,0.5,9000,0.65,9000,0,141000
APOLLOTYRE30JAN20185CE.NFO,07/01/2020,11:50:13,0.55,0.5,9000,0.65,12000,0,141000
APOLLOTYRE30JAN20185CE.NFO,07/01/2020,11:50:42,0.55,0.5,9000,0.65,9000,0,141000
APOLLOTYRE30JAN20185CE.NFO,07/01/2020,11:50:54,0.55,0.5,9000,0.65,12000,0,141000
APOLLOTYRE30JAN20185CE.NFO,07/01/2020,11:51:06,0.55,0.5,9000,0.65,9000,0,141000
APOLLOTYRE30JAN20185CE.NFO,07/01/2020,11:55:05,0.55,0.5,9000,0.65,12000,0,141000
APOLLOTYRE30JAN20185CE.NFO,07/01/2020,11:55:12,0.55,0.5,9000,0.65,9000,0,141000
APOLLOTYRE30JAN20185CE.NFO,07/01/2020,11:55:50,0.55,0.5,9000,0.65,12000,0,141000
APOLLOTYRE30JAN20185CE.NFO,07/01/2020,11:55:54,0.55,0.5,9000,0.65,9000,0,141000
APOLLOTYRE30JAN20185CE.NFO,07/01/2020,11:56:04,0.55,0.5,9000,0.65,12000,0,141000
APOLLOTYRE30JAN20185CE.NFO,07/01/2020,11:58:48,0.55,0.5,9000,0.65,9000,0,141000
APOLLOTYRE30JAN20185CE.NFO,07/01/2020,11:58:54,0.55,0.5,9000,0.65,12000,0,141000
APOLLOTYRE30JAN20185CE.NFO,07/01/2020,11:58:56,0.55,0.5,9000,0.65,9000,0,141000
APOLLOTYRE30JAN20185CE.NFO,07/01/2020,11:59:03,0.55,0.5,9000,0.65,12000,0,141000
APOLLOTYRE30JAN20185CE.NFO,07/01/2020,12:02:09,0.55,0.5,6000,0.65,12000,0,141000
APOLLOTYRE30JAN20185CE.NFO,07/01/2020,12:04:57,0.55,0.5,6000,0.65,9000,0,141000
APOLLOTYRE30JAN20185CE.NFO,07/01/2020,12:05:50,0.55,0.5,6000,0.65,12000,0,141000
APOLLOTYRE30JAN20185CE.NFO,07/01/2020,12:07:18,0.55,0.5,6000,0.65,9000,0,141000
APOLLOTYRE30JAN20185CE.NFO,07/01/2020,12:07:34,0.55,0.5,6000,0.65,12000,0,141000
APOLLOTYRE30JAN20185CE.NFO,07/01/2020,12:08:05,0.55,0.5,6000,0.65,9000,0,141000
APOLLOTYRE30JAN20185CE.NFO,07/01/2020,12:08:41,0.55,0.5,6000,0.65,12000,0,141000
APOLLOTYRE30JAN20185CE.NFO,07/01/2020,12:08:47,0.55,0.5,6000,0.65,9000,0,141000
APOLLOTYRE30JAN20185CE.NFO,07/01/2020,12:09:05,0.55,0.5,6000,0.65,12000,0,141000
APOLLOTYRE30JAN20185CE.NFO,07/01/2020,12:09:45,0.55,0.5,6000,0.75,3000,0,141000
APOLLOTYRE30JAN20185CE.NFO,07/01/2020,12:09:48,0.55,0.5,6000,0.7,3000,0,141000
APOLLOTYRE30JAN20185CE.NFO,07/01/2020,12:09:51,0.55,0.5,6000,0.75,3000,0,141000
APOLLOTYRE30JAN20185CE.NFO,07/01/2020,12:09:54,0.55,0.5,6000,0.7,3000,0,141000
APOLLOTYRE30JAN20185CE.NFO,07/01/2020,12:09:56,0.55,0.5,6000,0.75,3000,0,141000
APOLLOTYRE30JAN20185CE.NFO,07/01/2020,12:09:58,0.55,0.5,6000,0.7,3000,0,141000
APOLLOTYRE30JAN20185CE.NFO,07/01/2020,12:10:00,0.55,0.5,6000,0.75,3000,0,141000
APOLLOTYRE30JAN20185CE.NFO,07/01/2020,12:10:05,0.55,0.5,6000,0.7,3000,0,141000
APOLLOTYRE30JAN20185CE.NFO,07/01/2020,12:10:09,0.55,0.5,6000,0.75,3000,0,141000
APOLLOTYRE30JAN20185CE.NFO,07/01/2020,12:10:16,0.55,0.5,6000,0.7,3000,0,141000
APOLLOTYRE30JAN20185CE.NFO,07/01/2020,12:10:19,0.55,0.5,6000,0.75,3000,0,141000
APOLLOTYRE30JAN20185CE.NFO,07/01/2020,12:10:27,0.55,0.5,6000,0.7,3000,0,141000
APOLLOTYRE30JAN20185CE.NFO,07/01/2020,12:10:30,0.55,0.5,6000,0.75,3000,0,141000
APOLLOTYRE30JAN20185CE.NFO,07/01/2020,12:10:32,0.55,0.5,6000,0.7,3000,0,141000
APOLLOTYRE30JAN20185CE.NFO,07/01/2020,12:10:37,0.55,0.5,6000,0.75,3000,0,141000
APOLLOTYRE30JAN20185CE.NFO,07/01/2020,12:10:42,0.55,0.5,6000,0.7,3000,0,141000
APOLLOTYRE30JAN20185CE.NFO,07/01/2020,12:10:46,0.55,0.5,6000,0.75,3000,0,141000
APOLLOTYRE30JAN20185CE.NFO,07/01/2020,12:10:49,0.55,0.5,6000,0.7,3000,0,141000
APOLLOTYRE30JAN20185CE.NFO,07/01/2020,12:10:52,0.55,0.5,6000,0.75,3000,0,141000
APOLLOTYRE30JAN20185CE.NFO,07/01/2020,12:10:58,0.55,0.5,6000,0.7,3000,0,141000
APOLLOTYRE30JAN20185CE.NFO,07/01/2020,12:10:59,0.55,0.5,6000,0.75,3000,0,141000
APOLLOTYRE30JAN20185CE.NFO,07/01/2020,12:11:04,0.55,0.5,6000,0.7,3000,0,141000
APOLLOTYRE30JAN20185CE.NFO,07/01/2020,12:11:14,0.55,0.5,6000,0.75,3000,0,141000
APOLLOTYRE30JAN20185CE.NFO,07/01/2020,12:11:18,0.55,0.5,6000,0.65,3000,0,141000
APOLLOTYRE30JAN20185CE.NFO,07/01/2020,12:13:09,0.55,0.5,6000,0.7,3000,0,141000
APOLLOTYRE30JAN20185CE.NFO,07/01/2020,12:13:17,0.55,0.5,6000,0.65,3000,0,141000
APOLLOTYRE30JAN20185CE.NFO,07/01/2020,12:14:22,0.55,0.5,6000,0.7,3000,0,141000
APOLLOTYRE30JAN20185CE.NFO,07/01/2020,12:15:45,0.55,0.5,6000,0.65,3000,0,141000
APOLLOTYRE30JAN20185CE.NFO,07/01/2020,12:15:51,0.55,0.5,6000,0.7,3000,0,141000
APOLLOTYRE30JAN20185CE.NFO,07/01/2020,12:17:34,0.55,0.5,6000,0.65,3000,0,141000
APOLLOTYRE30JAN20185CE.NFO,07/01/2020,12:19:05,0.55,0.5,6000,0.7,6000,0,141000
APOLLOTYRE30JAN20185CE.NFO,07/01/2020,12:19:37,0.55,0.5,6000,0.7,3000,0,141000
APOLLOTYRE30JAN20185CE.NFO,07/01/2020,12:19:43,0.55,0.5,6000,0.7,6000,0,141000
APOLLOTYRE30JAN20185CE.NFO,07/01/2020,12:20:48,0.55,0.55,3000,0.7,6000,0,141000
APOLLOTYRE30JAN20185CE.NFO,07/01/2020,12:21:11,0.55,0.55,3000,0.65,3000,0,141000
APOLLOTYRE30JAN20185CE.NFO,07/01/2020,12:21:47,0.55,0.55,3000,0.7,6000,0,141000
APOLLOTYRE30JAN20185CE.NFO,07/01/2020,12:21:56,0.55,0.55,3000,0.65,3000,0,141000
APOLLOTYRE30JAN20185CE.NFO,07/01/2020,12:22:28,0.55,0.55,3000,0.7,6000,0,141000
APOLLOTYRE30JAN20185CE.NFO,07/01/2020,12:22:50,0.55,0.55,3000,0.65,3000,0,141000
APOLLOTYRE30JAN20185CE.NFO,07/01/2020,12:23:21,0.55,0.55,3000,0.7,6000,0,141000
APOLLOTYRE30JAN20185CE.NFO,07/01/2020,12:25:32,0.55,0.55,3000,0.7,3000,0,141000
APOLLOTYRE30JAN20185CE.NFO,07/01/2020,12:28:24,0.55,0.55,3000,0.7,6000,0,141000
APOLLOTYRE30JAN20185CE.NFO,07/01/2020,12:28:51,0.55,0.55,3000,0.65,3000,0,141000
APOLLOTYRE30JAN20185CE.NFO,07/01/2020,12:32:35,0.55,0.5,6000,0.65,3000,0,141000
APOLLOTYRE30JAN20185CE.NFO,07/01/2020,12:34:01,0.55,0.5,6000,0.7,3000,0,141000
APOLLOTYRE30JAN20185CE.NFO,07/01/2020,12:35:09,0.55,0.5,6000,0.7,6000,0,141000
APOLLOTYRE30JAN20185CE.NFO,07/01/2020,12:36:47,0.55,0.5,6000,0.65,3000,0,141000
APOLLOTYRE30JAN20185CE.NFO,07/01/2020,12:37:23,0.55,0.5,6000,0.7,6000,0,141000
APOLLOTYRE30JAN20185CE.NFO,07/01/2020,12:38:07,0.55,0.55,3000,0.7,6000,0,141000
APOLLOTYRE30JAN20185CE.NFO,07/01/2020,12:39:15,0.55,0.55,3000,0.65,3000,0,141000
APOLLOTYRE30JAN20185CE.NFO,07/01/2020,12:39:34,0.55,0.55,3000,0.7,6000,0,141000
APOLLOTYRE30JAN20185CE.NFO,07/01/2020,12:39:39,0.55,0.55,3000,0.65,3000,0,141000
APOLLOTYRE30JAN20185CE.NFO,07/01/2020,12:39:44,0.55,0.55,3000,0.7,6000,0,141000
APOLLOTYRE30JAN20185CE.NFO,07/01/2020,12:40:20,0.55,0.55,3000,0.65,3000,0,141000
APOLLOTYRE30JAN20185CE.NFO,07/01/2020,13:00:12,0.55,0.55,3000,0.7,3000,0,141000
APOLLOTYRE30JAN20185CE.NFO,07/01/2020,13:00:21,0.55,0.5,6000,0.7,3000,0,141000
APOLLOTYRE30JAN20185CE.NFO,07/01/2020,13:00:27,0.55,0.5,6000,0.65,3000,0,141000
APOLLOTYRE30JAN20185CE.NFO,07/01/2020,13:13:46,0.55,0.5,6000,0.7,3000,0,141000
APOLLOTYRE30JAN20185CE.NFO,07/01/2020,13:13:50,0.55,0.5,6000,0.65,3000,0,141000
APOLLOTYRE30JAN20185CE.NFO,07/01/2020,13:19:21,0.55,0.5,6000,0.7,3000,0,141000
APOLLOTYRE30JAN20185CE.NFO,07/01/2020,13:20:01,0.55,0.5,6000,0.65,3000,0,141000
APOLLOTYRE30JAN20185CE.NFO,07/01/2020,13:34:48,0.55,0.5,6000,0.65,6000,0,141000
APOLLOTYRE30JAN20185CE.NFO,07/01/2020,13:35:01,0.55,0.5,6000,0.65,3000,0,141000
APOLLOTYRE30JAN20185CE.NFO,07/01/2020,13:35:46,0.55,0.5,6000,0.6,6000,0,141000
APOLLOTYRE30JAN20185CE.NFO,07/01/2020,13:35:55,0.55,0.5,6000,0.55,3000,0,141000
APOLLOTYRE30JAN20185CE.NFO,07/01/2020,13:35:59,0.55,0.5,6000,0.6,6000,0,141000
APOLLOTYRE30JAN20185CE.NFO,07/01/2020,13:36:08,0.55,0.5,6000,0.6,3000,0,141000
APOLLOTYRE30JAN20185CE.NFO,07/01/2020,13:36:17,0.55,0.5,3000,0.6,3000,0,141000
APOLLOTYRE30JAN20185CE.NFO,07/01/2020,13:40:17,0.55,0.5,3000,0.6,6000,0,141000
APOLLOTYRE30JAN20185CE.NFO,07/01/2020,13:47:21,0.55,0.5,3000,0.55,3000,0,141000
APOLLOTYRE30JAN20185CE.NFO,07/01/2020,13:48:04,0.55,0.5,3000,0.6,6000,0,141000
APOLLOTYRE30JAN20185CE.NFO,07/01/2020,13:48:55,0.55,0.5,3000,0.6,3000,0,141000
APOLLOTYRE30JAN20185CE.NFO,07/01/2020,13:49:01,0.55,0.5,3000,0.6,6000,0,141000
APOLLOTYRE30JAN20185CE.NFO,07/01/2020,13:49:07,0.55,0.55,3000,0.6,3000,0,141000
APOLLOTYRE30JAN20185CE.NFO,07/01/2020,13:49:17,0.55,0.5,3000,0.6,6000,0,141000
APOLLOTYRE30JAN20185CE.NFO,07/01/2020,13:49:21,0.55,0.55,3000,0.6,3000,0,141000
APOLLOTYRE30JAN20185CE.NFO,07/01/2020,13:49:28,0.55,0.5,3000,0.6,3000,0,141000
APOLLOTYRE30JAN20185CE.NFO,07/01/2020,13:49:52,0.55,0.5,3000,0.6,6000,0,141000
APOLLOTYRE30JAN20185CE.NFO,07/01/2020,13:52:10,0.55,0.5,3000,0.6,3000,0,141000
APOLLOTYRE30JAN20185CE.NFO,07/01/2020,13:52:15,0.55,0.5,3000,0.6,6000,0,141000
APOLLOTYRE30JAN20185CE.NFO,07/01/2020,13:52:33,0.55,0.5,3000,0.6,3000,0,141000
APOLLOTYRE30JAN20185CE.NFO,07/01/2020,13:52:37,0.55,0.5,3000,0.6,6000,0,141000
APOLLOTYRE30JAN20185CE.NFO,07/01/2020,14:04:47,0.55,0.5,3000,0.6,3000,0,141000
APOLLOTYRE30JAN20185CE.NFO,07/01/2020,14:05:01,0.55,0.5,3000,0.6,6000,0,141000
APOLLOTYRE30JAN20185CE.NFO,07/01/2020,14:05:13,0.55,0.5,3000,0.6,3000,0,141000
APOLLOTYRE30JAN20185CE.NFO,07/01/2020,14:05:24,0.55,0.5,3000,0.6,6000,0,141000
APOLLOTYRE30JAN20185CE.NFO,07/01/2020,14:05:26,0.55,0.5,3000,0.6,3000,0,141000
APOLLOTYRE30JAN20185CE.NFO,07/01/2020,14:05:28,0.55,0.5,3000,0.6,6000,0,141000
APOLLOTYRE30JAN20185CE.NFO,07/01/2020,14:15:01,0.55,0.5,3000,0.6,3000,0,141000
APOLLOTYRE30JAN20185CE.NFO,07/01/2020,14:15:16,0.55,0.5,3000,0.6,6000,0,141000
APOLLOTYRE30JAN20185CE.NFO,07/01/2020,14:30:33,0.55,0.5,3000,0.6,3000,0,141000
APOLLOTYRE30JAN20185CE.NFO,07/01/2020,14:31:52,0.55,0.5,3000,0.6,6000,0,141000
APOLLOTYRE30JAN20185CE.NFO,07/01/2020,14:31:58,0.55,0.5,3000,0.6,3000,0,141000
APOLLOTYRE30JAN20185CE.NFO,07/01/2020,14:32:39,0.55,0.5,3000,0.6,6000,0,141000
APOLLOTYRE30JAN20185CE.NFO,07/01/2020,14:32:55,0.55,0.5,3000,0.6,3000,0,141000
APOLLOTYRE30JAN20185CE.NFO,07/01/2020,14:33:26,0.55,0.5,3000,0.6,6000,0,141000
APOLLOTYRE30JAN20185CE.NFO,07/01/2020,14:34:27,0.55,0.5,3000,0.6,3000,0,141000
APOLLOTYRE30JAN20185CE.NFO,07/01/2020,14:34:46,0.55,0.5,3000,0.6,6000,0,141000
APOLLOTYRE30JAN20185CE.NFO,07/01/2020,14:35:02,0.55,0.5,3000,0.6,3000,0,141000
APOLLOTYRE30JAN20185CE.NFO,07/01/2020,14:35:07,0.55,0.5,3000,0.6,6000,0,141000
APOLLOTYRE30JAN20185CE.NFO,07/01/2020,14:36:26,0.55,0.5,3000,0.6,3000,0,141000
APOLLOTYRE30JAN20185CE.NFO,07/01/2020,14:36:31,0.55,0.5,3000,0.6,6000,0,141000
APOLLOTYRE30JAN20185CE.NFO,07/01/2020,14:37:05,0.55,0.5,3000,0.6,3000,0,141000
APOLLOTYRE30JAN20185CE.NFO,07/01/2020,14:37:46,0.55,0.5,3000,0.6,6000,0,141000
APOLLOTYRE30JAN20185CE.NFO,07/01/2020,14:39:29,0.55,0.5,3000,0.6,3000,0,141000
APOLLOTYRE30JAN20185CE.NFO,07/01/2020,14:40:20,0.55,0.5,3000,0.6,6000,0,141000
APOLLOTYRE30JAN20185CE.NFO,07/01/2020,14:42:09,0.55,0.5,3000,0.6,3000,0,141000
APOLLOTYRE30JAN20185CE.NFO,07/01/2020,14:42:30,0.55,0.5,3000,0.6,6000,0,141000
APOLLOTYRE30JAN20185CE.NFO,07/01/2020,14:42:35,0.55,0.5,3000,0.6,3000,0,141000
APOLLOTYRE30JAN20185CE.NFO,07/01/2020,14:42:45,0.55,0.5,3000,0.6,6000,0,141000
APOLLOTYRE30JAN20185CE.NFO,07/01/2020,14:42:54,0.55,0.5,3000,0.6,3000,0,141000
APOLLOTYRE30JAN20185CE.NFO,07/01/2020,14:43:53,0.55,0.5,3000,0.6,6000,0,141000
APOLLOTYRE30JAN20185CE.NFO,07/01/2020,14:43:57,0.55,0.5,3000,0.6,3000,0,141000
APOLLOTYRE30JAN20185CE.NFO,07/01/2020,14:45:12,0.55,0.5,3000,0.6,6000,0,141000
APOLLOTYRE30JAN20185CE.NFO,07/01/2020,14:53:06,0.55,0.5,3000,0.6,3000,0,141000
APOLLOTYRE30JAN20185CE.NFO,07/01/2020,14:54:28,0.55,0.5,3000,0.6,6000,0,141000
APOLLOTYRE30JAN20185CE.NFO,07/01/2020,14:54:46,0.55,0.5,3000,0.6,3000,0,141000
APOLLOTYRE30JAN20185CE.NFO,07/01/2020,14:56:24,0.55,0.5,3000,0.6,6000,0,141000
APOLLOTYRE30JAN20185CE.NFO,07/01/2020,14:58:52,0.55,0.5,3000,0.6,3000,0,141000
APOLLOTYRE30JAN20185CE.NFO,07/01/2020,14:59:03,0.55,0.5,3000,0.6,6000,0,141000
APOLLOTYRE30JAN20185CE.NFO,07/01/2020,15:01:46,0.55,0.5,3000,0.6,3000,0,141000
APOLLOTYRE30JAN20185CE.NFO,07/01/2020,15:01:50,0.55,0.5,3000,0.6,6000,0,141000
APOLLOTYRE30JAN20185CE.NFO,07/01/2020,15:03:23,0.55,0.5,3000,0.6,3000,0,141000
APOLLOTYRE30JAN20185CE.NFO,07/01/2020,15:03:31,0.55,0.5,3000,0.6,6000,0,141000
APOLLOTYRE30JAN20185CE.NFO,07/01/2020,15:04:41,0.55,0.5,3000,0.6,3000,0,141000
APOLLOTYRE30JAN20185CE.NFO,07/01/2020,15:04:49,0.55,0.5,3000,0.6,6000,0,141000
APOLLOTYRE30JAN20185CE.NFO,07/01/2020,15:06:16,0.55,0.5,3000,0.6,3000,0,141000
APOLLOTYRE30JAN20185CE.NFO,07/01/2020,15:06:21,0.55,0.5,3000,0.6,6000,0,141000
APOLLOTYRE30JAN20185CE.NFO,07/01/2020,15:06:52,0.55,0.5,3000,0.6,3000,0,141000
APOLLOTYRE30JAN20185CE.NFO,07/01/2020,15:07:25,0.55,0.5,3000,0.6,6000,0,141000
APOLLOTYRE30JAN20185CE.NFO,07/01/2020,15:07:35,0.55,0.5,6000,0.6,6000,0,141000
APOLLOTYRE30JAN20185CE.NFO,07/01/2020,15:07:38,0.55,0.5,6000,0.6,3000,0,141000
APOLLOTYRE30JAN20185CE.NFO,07/01/2020,15:08:31,0.55,0.5,6000,0.6,6000,0,141000
APOLLOTYRE30JAN20185CE.NFO,07/01/2020,15:12:11,0.55,0.5,6000,0.6,3000,0,141000
APOLLOTYRE30JAN20185CE.NFO,07/01/2020,15:12:16,0.55,0.5,6000,0.6,6000,0,141000
APOLLOTYRE30JAN20185CE.NFO,07/01/2020,15:13:21,0.55,0.5,6000,0.6,3000,0,141000
APOLLOTYRE30JAN20185CE.NFO,07/01/2020,15:13:50,0.55,0.5,6000,0.6,6000,0,141000
APOLLOTYRE30JAN20185CE.NFO,07/01/2020,15:19:03,0.55,0.5,6000,0.6,3000,0,141000
APOLLOTYRE30JAN20185CE.NFO,07/01/2020,15:19:10,0.55,0.5,6000,0.6,6000,0,141000
APOLLOTYRE30JAN20185CE.NFO,07/01/2020,15:19:15,0.55,0.5,6000,0.6,3000,0,141000
APOLLOTYRE30JAN20185CE.NFO,07/01/2020,15:19:20,0.55,0.5,6000,0.6,6000,0,141000
APOLLOTYRE30JAN20185CE.NFO,07/01/2020,15:21:33,0.55,0.5,6000,0.6,3000,0,141000
APOLLOTYRE30JAN20185CE.NFO,07/01/2020,15:22:45,0.55,0.5,6000,0.6,6000,0,141000
APOLLOTYRE30JAN20185CE.NFO,07/01/2020,15:23:02,0.55,0.5,6000,0.6,3000,0,141000
APOLLOTYRE30JAN20185CE.NFO,07/01/2020,15:23:21,0.55,0.5,6000,0.6,6000,0,141000
APOLLOTYRE30JAN20185CE.NFO,07/01/2020,15:25:37,0.55,0.5,9000,0.6,6000,0,141000
