Ticker,Date,Time,LTP,BuyPrice,BuyQty,SellPrice,SellQty,LTQ,OpenInterest
APOLLOHOSP30JAN201420PE.NFO,07/01/2020,09:31:08,13.5,13.5,500,13.55,500,500,28500
APOLLOHOSP30JAN201420PE.NFO,07/01/2020,09:31:08,13.5,13.5,500,13.55,500,0,28500
APOLLOHOSP30JAN201420PE.NFO,07/01/2020,09:31:08,13.5,13.5,500,13.55,500,0,28500
APOLLOHOSP30JAN201420PE.NFO,07/01/2020,09:31:08,13.5,13.5,500,13.55,500,0,28500
APOLLOHOSP30JAN201420PE.NFO,07/01/2020,09:31:14,13.5,13.5,1000,13.7,1000,0,28500
APOLLOHOSP30JAN201420PE.NFO,07/01/2020,09:31:21,13.5,13.5,1000,13.6,500,0,28500
APOLLOHOSP30JAN201420PE.NFO,07/01/2020,09:31:27,13.5,13.5,1000,13.7,1000,0,28500
APOLLOHOSP30JAN201420PE.NFO,07/01/2020,09:31:48,13.5,13.35,1000,13.7,500,1000,28500
APOLLOHOSP30JAN201420PE.NFO,07/01/2020,09:31:53,13.5,13.3,500,13.7,1000,0,28500
APOLLOHOSP30JAN201420PE.NFO,07/01/2020,09:31:57,13.5,13.3,1000,13.7,1000,0,28500
APOLLOHOSP30JAN201420PE.NFO,07/01/2020,09:32:02,13.5,13.3,500,13.7,1000,0,28500
APOLLOHOSP30JAN201420PE.NFO,07/01/2020,09:32:07,13.5,13.35,500,13.7,1000,0,28500
APOLLOHOSP30JAN201420PE.NFO,07/01/2020,09:32:12,13.5,13.2,1500,13.6,1000,0,28500
APOLLOHOSP30JAN201420PE.NFO,07/01/2020,09:32:17,13.5,13.05,1000,13.6,1500,0,28500
APOLLOHOSP30JAN201420PE.NFO,07/01/2020,09:32:24,13.5,12.9,500,13.6,1500,0,28500
APOLLOHOSP30JAN201420PE.NFO,07/01/2020,09:32:30,12.9,12.9,500,13.2,500,500,28500
APOLLOHOSP30JAN201420PE.NFO,07/01/2020,09:32:30,12.9,12.9,500,13.2,500,0,28500
APOLLOHOSP30JAN201420PE.NFO,07/01/2020,09:32:36,12.9,12.9,500,13.25,1000,0,28500
APOLLOHOSP30JAN201420PE.NFO,07/01/2020,09:32:41,13.3,13.05,500,13.4,1000,500,28500
APOLLOHOSP30JAN201420PE.NFO,07/01/2020,09:32:48,13.3,13.2,500,13.6,1000,0,28500
APOLLOHOSP30JAN201420PE.NFO,07/01/2020,09:32:53,13.3,12.95,1000,13.3,500,0,28500
APOLLOHOSP30JAN201420PE.NFO,07/01/2020,09:32:59,13.3,13.1,500,13.35,500,0,28500
APOLLOHOSP30JAN201420PE.NFO,07/01/2020,09:33:04,13.3,13.05,500,13.35,500,0,28500
APOLLOHOSP30JAN201420PE.NFO,07/01/2020,09:33:10,13.5,13.15,1000,13.5,500,500,28500
APOLLOHOSP30JAN201420PE.NFO,07/01/2020,09:33:15,13.5,13.15,1000,13.65,1000,0,28500
APOLLOHOSP30JAN201420PE.NFO,07/01/2020,09:33:21,13.5,13.2,1000,13.65,1000,0,28500
APOLLOHOSP30JAN201420PE.NFO,07/01/2020,09:33:27,13.5,13.3,500,13.7,500,0,28500
APOLLOHOSP30JAN201420PE.NFO,07/01/2020,09:33:54,13.5,13.3,1000,13.7,500,0,28500
APOLLOHOSP30JAN201420PE.NFO,07/01/2020,09:33:58,13.5,13.55,500,14.2,1000,0,28500
APOLLOHOSP30JAN201420PE.NFO,07/01/2020,09:34:04,13.5,13.7,1000,14.2,1000,0,28500
APOLLOHOSP30JAN201420PE.NFO,07/01/2020,09:34:14,13.5,13.7,500,14.2,1000,0,28500
APOLLOHOSP30JAN201420PE.NFO,07/01/2020,09:34:24,13.5,13.8,500,14.2,500,0,28500
APOLLOHOSP30JAN201420PE.NFO,07/01/2020,09:34:29,13.5,13.8,500,14.3,1000,0,28500
APOLLOHOSP30JAN201420PE.NFO,07/01/2020,09:34:54,13.5,13.9,1000,14.4,1500,0,28500
APOLLOHOSP30JAN201420PE.NFO,07/01/2020,09:34:59,13.5,13.9,1000,14.4,1000,0,28500
APOLLOHOSP30JAN201420PE.NFO,07/01/2020,09:35:04,13.5,13.9,500,14.4,1000,0,28500
APOLLOHOSP30JAN201420PE.NFO,07/01/2020,09:35:24,13.5,13.9,1000,14.4,1000,0,28500
APOLLOHOSP30JAN201420PE.NFO,07/01/2020,09:35:41,13.5,14,1000,14.5,1000,0,28500
APOLLOHOSP30JAN201420PE.NFO,07/01/2020,09:35:49,13.5,14.1,1000,14.55,500,0,28500
APOLLOHOSP30JAN201420PE.NFO,07/01/2020,09:35:55,13.5,14.1,500,14.55,500,0,28500
APOLLOHOSP30JAN201420PE.NFO,07/01/2020,09:36:02,13.5,14.05,500,14.55,1000,0,28500
APOLLOHOSP30JAN201420PE.NFO,07/01/2020,09:36:08,13.5,14.15,1000,14.65,500,0,28500
APOLLOHOSP30JAN201420PE.NFO,07/01/2020,09:36:13,13.5,14.05,500,14.7,1000,0,28500
APOLLOHOSP30JAN201420PE.NFO,07/01/2020,09:36:25,13.5,14.1,500,14.7,1000,0,28500
APOLLOHOSP30JAN201420PE.NFO,07/01/2020,09:36:31,13.5,14.1,1000,14.7,1000,0,28500
APOLLOHOSP30JAN201420PE.NFO,07/01/2020,09:36:35,13.5,14.2,1000,14.7,500,0,28500
APOLLOHOSP30JAN201420PE.NFO,07/01/2020,09:37:06,13.5,14.2,500,14.7,500,0,28500
APOLLOHOSP30JAN201420PE.NFO,07/01/2020,09:37:15,13.5,14.2,500,14.8,500,0,28500
APOLLOHOSP30JAN201420PE.NFO,07/01/2020,09:37:35,13.5,14.2,1000,14.8,500,0,28500
APOLLOHOSP30JAN201420PE.NFO,07/01/2020,09:37:40,13.5,14.3,1000,14.85,500,0,28500
APOLLOHOSP30JAN201420PE.NFO,07/01/2020,09:37:46,13.5,14.4,1000,14.9,500,0,28500
APOLLOHOSP30JAN201420PE.NFO,07/01/2020,09:37:50,13.5,14.4,1000,14.95,500,0,28500
APOLLOHOSP30JAN201420PE.NFO,07/01/2020,09:37:54,13.5,14.4,1000,15,500,0,28500
APOLLOHOSP30JAN201420PE.NFO,07/01/2020,09:38:03,13.5,14.4,1000,15.1,500,0,28500
APOLLOHOSP30JAN201420PE.NFO,07/01/2020,09:38:08,13.5,14.4,1500,15.15,1000,0,28500
APOLLOHOSP30JAN201420PE.NFO,07/01/2020,09:38:13,13.5,14.4,1000,15.15,500,0,28500
APOLLOHOSP30JAN201420PE.NFO,07/01/2020,09:38:23,13.5,14.4,1500,15.15,500,0,28500
APOLLOHOSP30JAN201420PE.NFO,07/01/2020,09:38:32,13.5,14.8,1000,15.7,1000,0,28500
APOLLOHOSP30JAN201420PE.NFO,07/01/2020,09:38:36,13.5,15.05,1000,17.75,500,0,28500
APOLLOHOSP30JAN201420PE.NFO,07/01/2020,09:38:41,13.5,15.35,500,16.3,1000,0,28500
APOLLOHOSP30JAN201420PE.NFO,07/01/2020,09:38:46,13.5,15.3,500,16.3,1000,0,28500
APOLLOHOSP30JAN201420PE.NFO,07/01/2020,09:38:51,13.5,15.35,1000,16.3,1000,0,28500
APOLLOHOSP30JAN201420PE.NFO,07/01/2020,09:38:55,13.5,15.25,1000,16.1,1000,0,28500
APOLLOHOSP30JAN201420PE.NFO,07/01/2020,09:39:00,13.5,15.3,1000,16.1,1000,0,28500
APOLLOHOSP30JAN201420PE.NFO,07/01/2020,09:39:09,13.5,15.3,500,16.1,1000,0,28500
APOLLOHOSP30JAN201420PE.NFO,07/01/2020,09:39:14,13.5,15.25,1000,16.1,1000,0,28500
APOLLOHOSP30JAN201420PE.NFO,07/01/2020,09:39:19,13.5,15.25,500,16.1,1000,0,28500
APOLLOHOSP30JAN201420PE.NFO,07/01/2020,09:39:25,13.5,15.15,500,16,1000,0,28500
APOLLOHOSP30JAN201420PE.NFO,07/01/2020,09:39:31,13.5,15.05,1000,16,1000,0,28500
APOLLOHOSP30JAN201420PE.NFO,07/01/2020,09:39:36,13.5,15.25,500,16,1000,0,28500
APOLLOHOSP30JAN201420PE.NFO,07/01/2020,09:39:41,13.5,15.3,500,16,1000,0,28500
APOLLOHOSP30JAN201420PE.NFO,07/01/2020,09:39:45,13.5,15.3,1000,16,1000,0,28500
APOLLOHOSP30JAN201420PE.NFO,07/01/2020,09:40:21,13.5,15.4,500,16,1000,0,28500
APOLLOHOSP30JAN201420PE.NFO,07/01/2020,09:40:37,13.5,15.5,1000,16.25,1000,0,28500
APOLLOHOSP30JAN201420PE.NFO,07/01/2020,09:40:42,13.5,15.45,500,16.25,1000,0,28500
APOLLOHOSP30JAN201420PE.NFO,07/01/2020,09:40:47,13.5,15.4,500,16.25,1000,0,28500
APOLLOHOSP30JAN201420PE.NFO,07/01/2020,09:41:06,13.5,15.4,1000,16.25,1000,0,28500
APOLLOHOSP30JAN201420PE.NFO,07/01/2020,09:41:27,13.5,15.35,500,16.15,1000,0,28500
APOLLOHOSP30JAN201420PE.NFO,07/01/2020,09:41:36,13.5,15.25,500,16.15,1000,0,28500
APOLLOHOSP30JAN201420PE.NFO,07/01/2020,09:41:40,13.5,15.15,500,15.95,1000,0,28500
APOLLOHOSP30JAN201420PE.NFO,07/01/2020,09:41:56,13.5,15.25,1000,15.95,1000,0,28500
APOLLOHOSP30JAN201420PE.NFO,07/01/2020,09:42:02,13.5,15.3,1000,15.95,1000,0,28500
APOLLOHOSP30JAN201420PE.NFO,07/01/2020,09:42:09,13.5,15.4,500,15.95,500,0,28500
APOLLOHOSP30JAN201420PE.NFO,07/01/2020,09:42:16,13.5,15.25,500,16,1000,0,28500
APOLLOHOSP30JAN201420PE.NFO,07/01/2020,09:42:29,13.5,15.25,1000,16,1000,0,28500
APOLLOHOSP30JAN201420PE.NFO,07/01/2020,09:42:37,13.5,15.3,1000,16,1000,0,28500
APOLLOHOSP30JAN201420PE.NFO,07/01/2020,09:42:43,13.5,15.35,500,16,1000,0,28500
APOLLOHOSP30JAN201420PE.NFO,07/01/2020,09:42:49,13.5,15.35,500,15.9,1000,0,28500
APOLLOHOSP30JAN201420PE.NFO,07/01/2020,09:42:55,13.5,15.3,500,15.9,500,0,28500
APOLLOHOSP30JAN201420PE.NFO,07/01/2020,09:43:01,15.3,15.35,500,15.9,500,500,29000
APOLLOHOSP30JAN201420PE.NFO,07/01/2020,09:43:01,15.3,15.35,500,15.9,500,0,29000
APOLLOHOSP30JAN201420PE.NFO,07/01/2020,09:43:07,15.3,15.1,1000,15.8,1000,0,29000
APOLLOHOSP30JAN201420PE.NFO,07/01/2020,09:43:23,15.3,15.1,500,15.7,500,0,29000
APOLLOHOSP30JAN201420PE.NFO,07/01/2020,09:43:28,15.3,15.1,500,15.8,500,0,29000
APOLLOHOSP30JAN201420PE.NFO,07/01/2020,09:43:42,15.3,15.2,500,15.8,500,0,29000
APOLLOHOSP30JAN201420PE.NFO,07/01/2020,09:43:48,15.3,15.15,1000,15.8,1000,0,29000
APOLLOHOSP30JAN201420PE.NFO,07/01/2020,09:43:52,15.3,15.15,500,15.8,1000,0,29000
APOLLOHOSP30JAN201420PE.NFO,07/01/2020,09:44:03,15.3,15.15,1000,15.8,1000,0,29000
APOLLOHOSP30JAN201420PE.NFO,07/01/2020,09:44:30,15.3,15.15,500,15.8,1000,0,29000
APOLLOHOSP30JAN201420PE.NFO,07/01/2020,09:45:15,15.3,15.05,500,15.8,1000,0,29000
APOLLOHOSP30JAN201420PE.NFO,07/01/2020,09:46:00,15.3,15.05,1000,15.8,1000,0,29000
APOLLOHOSP30JAN201420PE.NFO,07/01/2020,09:46:09,15.3,15.3,500,17,500,0,29000
APOLLOHOSP30JAN201420PE.NFO,07/01/2020,09:46:14,15.3,15.25,1000,15.9,1000,0,29000
APOLLOHOSP30JAN201420PE.NFO,07/01/2020,09:46:18,15.3,15.2,500,15.8,1000,0,29000
APOLLOHOSP30JAN201420PE.NFO,07/01/2020,09:46:29,15.3,15.2,500,15.8,500,0,29000
APOLLOHOSP30JAN201420PE.NFO,07/01/2020,09:46:35,15.3,15.2,500,15.9,500,0,29000
APOLLOHOSP30JAN201420PE.NFO,07/01/2020,09:46:40,15.3,15.3,1000,16.05,1000,0,29000
APOLLOHOSP30JAN201420PE.NFO,07/01/2020,09:46:45,15.3,15.3,500,15.95,1000,0,29000
APOLLOHOSP30JAN201420PE.NFO,07/01/2020,09:46:50,15.3,15.2,500,15.95,500,0,29000
APOLLOHOSP30JAN201420PE.NFO,07/01/2020,09:46:55,15.3,15.2,500,15.95,1000,0,29000
APOLLOHOSP30JAN201420PE.NFO,07/01/2020,09:46:59,15.3,15.2,500,15.85,1000,0,29000
APOLLOHOSP30JAN201420PE.NFO,07/01/2020,09:47:07,15.3,15.3,500,15.9,500,0,29000
APOLLOHOSP30JAN201420PE.NFO,07/01/2020,09:47:12,15.3,15.3,500,15.95,1000,0,29000
APOLLOHOSP30JAN201420PE.NFO,07/01/2020,09:47:16,15.3,15.3,500,15.9,1000,0,29000
APOLLOHOSP30JAN201420PE.NFO,07/01/2020,09:47:21,15.3,15.2,500,15.85,1500,0,29000
APOLLOHOSP30JAN201420PE.NFO,07/01/2020,09:47:25,15.3,15.2,500,15.85,500,0,29000
APOLLOHOSP30JAN201420PE.NFO,07/01/2020,09:47:29,15.3,15.15,500,15.7,1000,0,29000
APOLLOHOSP30JAN201420PE.NFO,07/01/2020,09:47:33,15.3,15.2,500,15.7,1000,0,29000
APOLLOHOSP30JAN201420PE.NFO,07/01/2020,09:47:38,15.3,13.6,500,15.6,1000,0,29000
APOLLOHOSP30JAN201420PE.NFO,07/01/2020,09:47:42,15.3,14.15,1000,15.15,500,0,29000
APOLLOHOSP30JAN201420PE.NFO,07/01/2020,09:47:48,15.3,14.15,1000,15.05,1000,0,29000
APOLLOHOSP30JAN201420PE.NFO,07/01/2020,09:47:52,15.3,14.15,1000,14.75,500,0,29000
APOLLOHOSP30JAN201420PE.NFO,07/01/2020,09:47:57,14.15,13.8,1000,14.4,1500,500,28500
APOLLOHOSP30JAN201420PE.NFO,07/01/2020,09:48:02,14.15,13.8,500,14.25,500,0,28500
APOLLOHOSP30JAN201420PE.NFO,07/01/2020,09:48:06,14.15,13.65,500,14.05,500,0,28500
APOLLOHOSP30JAN201420PE.NFO,07/01/2020,09:48:11,14.15,13.5,1500,13.9,500,0,28500
APOLLOHOSP30JAN201420PE.NFO,07/01/2020,09:48:14,14.15,13.55,1000,13.95,500,0,28500
APOLLOHOSP30JAN201420PE.NFO,07/01/2020,09:48:18,14.15,13.6,500,14,500,0,28500
APOLLOHOSP30JAN201420PE.NFO,07/01/2020,09:48:22,14.15,13.55,1000,13.95,500,0,28500
APOLLOHOSP30JAN201420PE.NFO,07/01/2020,09:48:27,14.15,13.55,500,13.9,500,0,28500
APOLLOHOSP30JAN201420PE.NFO,07/01/2020,09:48:30,13.55,13.5,500,13.7,500,500,28500
APOLLOHOSP30JAN201420PE.NFO,07/01/2020,09:48:35,13.55,13.2,500,13.7,500,1000,28500
APOLLOHOSP30JAN201420PE.NFO,07/01/2020,09:48:40,13.55,13.3,2000,13.85,500,0,28500
APOLLOHOSP30JAN201420PE.NFO,07/01/2020,09:48:44,13.9,13.45,500,14.15,1000,500,28500
APOLLOHOSP30JAN201420PE.NFO,07/01/2020,09:48:48,13.9,13.45,500,14.15,1000,0,28500
APOLLOHOSP30JAN201420PE.NFO,07/01/2020,09:48:52,13.9,13.4,500,14.15,1000,0,28500
APOLLOHOSP30JAN201420PE.NFO,07/01/2020,09:49:00,13.9,13.3,500,14.15,1000,0,28500
APOLLOHOSP30JAN201420PE.NFO,07/01/2020,09:49:05,13.9,13.15,1000,13.95,1000,0,28500
APOLLOHOSP30JAN201420PE.NFO,07/01/2020,09:49:17,13.9,13.15,2000,13.95,1000,0,28500
APOLLOHOSP30JAN201420PE.NFO,07/01/2020,09:49:20,13.9,13.35,1000,13.95,1000,0,28500
APOLLOHOSP30JAN201420PE.NFO,07/01/2020,09:49:31,13.9,13.3,500,13.95,1000,0,28500
APOLLOHOSP30JAN201420PE.NFO,07/01/2020,09:49:37,13.9,13.4,1000,14,500,0,28500
APOLLOHOSP30JAN201420PE.NFO,07/01/2020,09:49:42,13.9,13.4,1000,14,1000,0,28500
APOLLOHOSP30JAN201420PE.NFO,07/01/2020,09:49:46,13.9,13.4,500,14,1000,0,28500
APOLLOHOSP30JAN201420PE.NFO,07/01/2020,09:50:10,13.9,13.5,1000,14.05,500,0,28500
APOLLOHOSP30JAN201420PE.NFO,07/01/2020,09:50:14,13.9,13.85,1000,14.65,500,0,28500
APOLLOHOSP30JAN201420PE.NFO,07/01/2020,09:50:18,13.9,13.95,500,15,1000,0,28500
APOLLOHOSP30JAN201420PE.NFO,07/01/2020,09:50:22,13.9,13.95,500,14.8,1000,0,28500
APOLLOHOSP30JAN201420PE.NFO,07/01/2020,09:50:26,13.9,13.85,500,14.8,1000,0,28500
APOLLOHOSP30JAN201420PE.NFO,07/01/2020,09:50:29,13.9,13.9,1000,14.8,1000,0,28500
APOLLOHOSP30JAN201420PE.NFO,07/01/2020,09:50:32,13.9,13.9,500,14.8,1000,0,28500
APOLLOHOSP30JAN201420PE.NFO,07/01/2020,09:50:35,13.9,14,500,14.8,1000,0,28500
APOLLOHOSP30JAN201420PE.NFO,07/01/2020,09:50:40,13.9,14.05,1000,14.8,1000,0,28500
APOLLOHOSP30JAN201420PE.NFO,07/01/2020,09:50:50,13.9,14.05,500,14.8,1000,0,28500
APOLLOHOSP30JAN201420PE.NFO,07/01/2020,09:50:54,13.9,14.05,1000,14.45,500,0,28500
APOLLOHOSP30JAN201420PE.NFO,07/01/2020,09:50:59,13.9,14.15,1500,14.65,1000,0,28500
APOLLOHOSP30JAN201420PE.NFO,07/01/2020,09:51:03,13.9,14.1,1000,14.65,1000,0,28500
APOLLOHOSP30JAN201420PE.NFO,07/01/2020,09:51:12,13.9,14.35,500,14.75,500,0,28500
APOLLOHOSP30JAN201420PE.NFO,07/01/2020,09:51:17,13.9,14.7,1000,16.4,1000,0,28500
APOLLOHOSP30JAN201420PE.NFO,07/01/2020,09:51:21,13.9,14.65,1000,15.5,1000,0,28500
APOLLOHOSP30JAN201420PE.NFO,07/01/2020,09:51:26,13.9,14.5,500,15,500,0,28500
APOLLOHOSP30JAN201420PE.NFO,07/01/2020,09:51:30,13.9,14.6,500,15.05,1000,0,28500
APOLLOHOSP30JAN201420PE.NFO,07/01/2020,09:51:39,13.9,14.6,1000,15.05,1000,0,28500
APOLLOHOSP30JAN201420PE.NFO,07/01/2020,09:51:43,13.9,14.6,500,15.05,1000,0,28500
APOLLOHOSP30JAN201420PE.NFO,07/01/2020,09:51:50,13.9,14.55,1000,15.05,1000,0,28500
APOLLOHOSP30JAN201420PE.NFO,07/01/2020,09:51:54,13.9,14.65,1000,15.05,500,0,28500
APOLLOHOSP30JAN201420PE.NFO,07/01/2020,09:51:58,13.9,14.55,1000,15.05,1000,0,28500
APOLLOHOSP30JAN201420PE.NFO,07/01/2020,09:52:02,13.9,14.7,500,15.15,1000,0,28500
APOLLOHOSP30JAN201420PE.NFO,07/01/2020,09:52:06,13.9,14.65,500,15.15,1000,0,28500
APOLLOHOSP30JAN201420PE.NFO,07/01/2020,09:52:11,13.9,15.3,500,15.95,1000,0,28500
APOLLOHOSP30JAN201420PE.NFO,07/01/2020,09:52:19,13.9,15.1,500,15.95,1000,0,28500
APOLLOHOSP30JAN201420PE.NFO,07/01/2020,09:52:29,13.9,15.05,500,15.95,1000,0,28500
APOLLOHOSP30JAN201420PE.NFO,07/01/2020,09:52:56,13.9,14.95,1000,15.95,1000,0,28500
APOLLOHOSP30JAN201420PE.NFO,07/01/2020,09:53:24,15.95,15.05,1000,15.8,1000,500,29500
APOLLOHOSP30JAN201420PE.NFO,07/01/2020,09:53:24,15.95,15.05,1000,15.8,1000,0,29500
APOLLOHOSP30JAN201420PE.NFO,07/01/2020,09:53:28,15.95,15.2,500,15.7,500,0,29500
APOLLOHOSP30JAN201420PE.NFO,07/01/2020,09:53:45,15.95,15.1,1000,15.7,500,0,29500
APOLLOHOSP30JAN201420PE.NFO,07/01/2020,09:53:50,15.95,15.15,500,15.7,500,0,29500
APOLLOHOSP30JAN201420PE.NFO,07/01/2020,09:53:54,15.95,15.2,500,15.7,500,0,29500
APOLLOHOSP30JAN201420PE.NFO,07/01/2020,09:53:59,15.95,15.05,500,15.75,1000,0,29500
APOLLOHOSP30JAN201420PE.NFO,07/01/2020,09:54:04,15.95,15.3,500,15.75,500,0,29500
APOLLOHOSP30JAN201420PE.NFO,07/01/2020,09:54:14,15.95,15.35,1000,15.85,500,0,29500
APOLLOHOSP30JAN201420PE.NFO,07/01/2020,09:54:19,15.95,15.2,1000,15.85,1000,0,29500
APOLLOHOSP30JAN201420PE.NFO,07/01/2020,09:54:24,15.95,15.15,500,15.85,1000,0,29500
APOLLOHOSP30JAN201420PE.NFO,07/01/2020,09:54:29,15.95,15.1,1000,15.85,1000,0,29500
APOLLOHOSP30JAN201420PE.NFO,07/01/2020,09:54:33,15.95,15.2,500,15.85,1000,0,29500
APOLLOHOSP30JAN201420PE.NFO,07/01/2020,09:54:38,15.95,15.15,500,15.85,1000,0,29500
APOLLOHOSP30JAN201420PE.NFO,07/01/2020,09:54:42,15.95,15.1,500,15.85,1000,0,29500
APOLLOHOSP30JAN201420PE.NFO,07/01/2020,09:54:51,15.95,15.15,1000,15.85,1000,0,29500
APOLLOHOSP30JAN201420PE.NFO,07/01/2020,09:54:55,15.95,15.15,500,15.85,1000,0,29500
APOLLOHOSP30JAN201420PE.NFO,07/01/2020,09:55:13,15.95,15.2,1000,15.85,1000,0,29500
APOLLOHOSP30JAN201420PE.NFO,07/01/2020,09:55:18,15.95,15.25,500,15.85,1000,0,29500
APOLLOHOSP30JAN201420PE.NFO,07/01/2020,09:55:31,15.95,15.2,1000,15.85,1000,0,29500
APOLLOHOSP30JAN201420PE.NFO,07/01/2020,09:55:55,15.95,15.2,500,15.85,1000,0,29500
APOLLOHOSP30JAN201420PE.NFO,07/01/2020,09:55:59,15.95,15.15,500,15.85,1000,0,29500
APOLLOHOSP30JAN201420PE.NFO,07/01/2020,09:56:03,15.95,14.95,500,15.85,1000,0,29500
APOLLOHOSP30JAN201420PE.NFO,07/01/2020,09:56:07,15.95,15.05,500,15.85,1000,0,29500
APOLLOHOSP30JAN201420PE.NFO,07/01/2020,09:56:36,15.95,15.2,500,15.85,1000,0,29500
APOLLOHOSP30JAN201420PE.NFO,07/01/2020,09:56:40,15.95,15.15,500,15.85,1000,0,29500
APOLLOHOSP30JAN201420PE.NFO,07/01/2020,09:56:58,15.95,15.05,500,15.85,1000,0,29500
APOLLOHOSP30JAN201420PE.NFO,07/01/2020,09:57:07,15.95,14.9,1000,15.85,1000,0,29500
APOLLOHOSP30JAN201420PE.NFO,07/01/2020,09:57:11,15.95,15.05,1000,15.85,1000,0,29500
APOLLOHOSP30JAN201420PE.NFO,07/01/2020,09:57:20,15.95,15.15,1000,15.85,1000,0,29500
APOLLOHOSP30JAN201420PE.NFO,07/01/2020,09:57:39,15.95,15.15,500,15.85,1000,0,29500
APOLLOHOSP30JAN201420PE.NFO,07/01/2020,09:58:02,15.95,15.15,1000,15.85,1000,0,29500
APOLLOHOSP30JAN201420PE.NFO,07/01/2020,09:58:10,15.95,15.2,500,15.85,1000,0,29500
APOLLOHOSP30JAN201420PE.NFO,07/01/2020,09:58:18,15.95,15.15,1000,15.85,1000,0,29500
APOLLOHOSP30JAN201420PE.NFO,07/01/2020,09:58:21,15.95,15.1,1000,15.85,1000,0,29500
APOLLOHOSP30JAN201420PE.NFO,07/01/2020,09:58:34,15.95,15.05,1000,15.85,1000,0,29500
APOLLOHOSP30JAN201420PE.NFO,07/01/2020,09:58:43,15.95,15.05,500,15.85,1000,0,29500
APOLLOHOSP30JAN201420PE.NFO,07/01/2020,09:58:54,15.95,15.35,1000,16.05,500,0,29500
APOLLOHOSP30JAN201420PE.NFO,07/01/2020,09:58:59,15.95,15.4,500,15.95,1000,0,29500
APOLLOHOSP30JAN201420PE.NFO,07/01/2020,09:59:28,15.95,15.45,500,15.95,1000,0,29500
APOLLOHOSP30JAN201420PE.NFO,07/01/2020,09:59:32,15.95,15.4,1000,15.95,1000,0,29500
APOLLOHOSP30JAN201420PE.NFO,07/01/2020,09:59:51,15.95,15.35,1000,15.95,1000,0,29500
APOLLOHOSP30JAN201420PE.NFO,07/01/2020,09:59:54,15.95,15.3,1000,15.95,1000,0,29500
APOLLOHOSP30JAN201420PE.NFO,07/01/2020,09:59:57,15.95,15.35,500,15.95,1000,0,29500
APOLLOHOSP30JAN201420PE.NFO,07/01/2020,10:00:00,15.95,15.15,1000,15.95,1000,0,29500
APOLLOHOSP30JAN201420PE.NFO,07/01/2020,10:00:04,15.95,15.2,500,15.95,1000,0,29500
APOLLOHOSP30JAN201420PE.NFO,07/01/2020,10:00:08,15.95,15.25,500,15.95,1000,0,29500
APOLLOHOSP30JAN201420PE.NFO,07/01/2020,10:00:13,15.95,15.15,1000,15.95,1000,0,29500
APOLLOHOSP30JAN201420PE.NFO,07/01/2020,10:00:18,15.95,15.2,500,15.95,1000,0,29500
APOLLOHOSP30JAN201420PE.NFO,07/01/2020,10:00:46,15.95,15.05,1500,15.95,1000,0,29500
APOLLOHOSP30JAN201420PE.NFO,07/01/2020,10:02:06,15.95,15.25,500,15.95,1000,0,29500
APOLLOHOSP30JAN201420PE.NFO,07/01/2020,10:02:12,15.95,15.15,500,15.95,1000,0,29500
APOLLOHOSP30JAN201420PE.NFO,07/01/2020,10:02:18,15.95,15.25,500,15.95,1000,0,29500
APOLLOHOSP30JAN201420PE.NFO,07/01/2020,10:02:23,15.95,15.2,500,15.95,1000,0,29500
APOLLOHOSP30JAN201420PE.NFO,07/01/2020,10:02:34,15.95,15.25,500,15.95,1000,0,29500
APOLLOHOSP30JAN201420PE.NFO,07/01/2020,10:02:38,15.95,15.15,1000,15.95,1000,0,29500
APOLLOHOSP30JAN201420PE.NFO,07/01/2020,10:02:43,15.95,15.2,500,15.95,1000,0,29500
APOLLOHOSP30JAN201420PE.NFO,07/01/2020,10:02:51,15.95,15.25,500,15.95,1000,0,29500
APOLLOHOSP30JAN201420PE.NFO,07/01/2020,10:02:59,15.95,15.2,500,15.95,1000,0,29500
APOLLOHOSP30JAN201420PE.NFO,07/01/2020,10:03:08,15.95,15.25,500,15.95,1000,0,29500
APOLLOHOSP30JAN201420PE.NFO,07/01/2020,10:03:13,15.95,15.2,500,15.95,1000,0,29500
APOLLOHOSP30JAN201420PE.NFO,07/01/2020,10:03:19,15.95,15.25,500,15.95,1000,0,29500
APOLLOHOSP30JAN201420PE.NFO,07/01/2020,10:03:28,15.95,15.2,500,15.95,1000,0,29500
APOLLOHOSP30JAN201420PE.NFO,07/01/2020,10:03:33,15.95,15.35,500,15.95,1000,0,29500
APOLLOHOSP30JAN201420PE.NFO,07/01/2020,10:03:57,15.95,15.3,500,15.95,1000,0,29500
APOLLOHOSP30JAN201420PE.NFO,07/01/2020,10:04:06,15.95,15.15,500,15.95,1000,0,29500
APOLLOHOSP30JAN201420PE.NFO,07/01/2020,10:04:19,15.95,15.1,500,15.95,1000,0,29500
APOLLOHOSP30JAN201420PE.NFO,07/01/2020,10:04:38,15.95,15.15,500,15.95,1000,0,29500
APOLLOHOSP30JAN201420PE.NFO,07/01/2020,10:04:42,15.95,15.3,500,15.95,1000,0,29500
APOLLOHOSP30JAN201420PE.NFO,07/01/2020,10:05:02,15.95,15.35,500,15.95,1000,0,29500
APOLLOHOSP30JAN201420PE.NFO,07/01/2020,10:05:06,15.95,15.45,500,15.95,1000,0,29500
APOLLOHOSP30JAN201420PE.NFO,07/01/2020,10:05:10,15.95,15.45,1000,15.95,1000,0,29500
APOLLOHOSP30JAN201420PE.NFO,07/01/2020,10:05:13,15.95,15.5,500,15.95,1000,0,29500
APOLLOHOSP30JAN201420PE.NFO,07/01/2020,10:05:17,15.95,15.45,500,15.95,1000,0,29500
APOLLOHOSP30JAN201420PE.NFO,07/01/2020,10:05:20,15.95,15.4,500,15.95,1000,0,29500
APOLLOHOSP30JAN201420PE.NFO,07/01/2020,10:05:30,15.95,15.4,500,15.85,1000,0,29500
APOLLOHOSP30JAN201420PE.NFO,07/01/2020,10:05:36,15.95,15.45,500,15.85,500,0,29500
APOLLOHOSP30JAN201420PE.NFO,07/01/2020,10:05:42,15.95,15.4,500,15.8,1000,0,29500
APOLLOHOSP30JAN201420PE.NFO,07/01/2020,10:05:48,15.95,15.4,500,15.8,500,0,29500
APOLLOHOSP30JAN201420PE.NFO,07/01/2020,10:05:54,15.95,15.35,500,15.8,1000,0,29500
APOLLOHOSP30JAN201420PE.NFO,07/01/2020,10:06:08,15.95,15.4,500,15.8,500,0,29500
APOLLOHOSP30JAN201420PE.NFO,07/01/2020,10:06:13,15.95,15.4,500,15.85,500,0,29500
APOLLOHOSP30JAN201420PE.NFO,07/01/2020,10:06:26,15.95,15.45,500,15.9,1000,0,29500
APOLLOHOSP30JAN201420PE.NFO,07/01/2020,10:06:31,15.95,15.4,1000,15.9,1000,0,29500
APOLLOHOSP30JAN201420PE.NFO,07/01/2020,10:06:36,15.95,15.45,500,15.9,1000,0,29500
APOLLOHOSP30JAN201420PE.NFO,07/01/2020,10:06:46,15.95,15.4,1000,15.9,1000,0,29500
APOLLOHOSP30JAN201420PE.NFO,07/01/2020,10:07:02,15.95,15.35,500,15.9,1000,0,29500
APOLLOHOSP30JAN201420PE.NFO,07/01/2020,10:07:13,15.95,15.35,1000,15.9,1000,0,29500
APOLLOHOSP30JAN201420PE.NFO,07/01/2020,10:07:17,15.95,15.4,500,15.9,1000,0,29500
APOLLOHOSP30JAN201420PE.NFO,07/01/2020,10:07:23,15.95,15.35,1000,15.9,1000,0,29500
APOLLOHOSP30JAN201420PE.NFO,07/01/2020,10:07:33,15.95,15.3,500,15.9,1000,0,29500
APOLLOHOSP30JAN201420PE.NFO,07/01/2020,10:07:43,15.95,15.35,1000,15.9,1000,0,29500
APOLLOHOSP30JAN201420PE.NFO,07/01/2020,10:07:53,15.95,15.4,500,15.9,1000,0,29500
APOLLOHOSP30JAN201420PE.NFO,07/01/2020,10:07:59,15.95,15.4,1000,15.9,1000,0,29500
APOLLOHOSP30JAN201420PE.NFO,07/01/2020,10:08:03,15.95,15.4,500,15.9,1000,0,29500
APOLLOHOSP30JAN201420PE.NFO,07/01/2020,10:08:08,15.95,15.4,1000,15.9,1000,0,29500
APOLLOHOSP30JAN201420PE.NFO,07/01/2020,10:08:12,15.95,15.45,500,15.9,500,0,29500
APOLLOHOSP30JAN201420PE.NFO,07/01/2020,10:08:17,15.95,15.4,500,15.9,1000,0,29500
APOLLOHOSP30JAN201420PE.NFO,07/01/2020,10:08:32,15.95,15.35,1000,15.9,1000,0,29500
APOLLOHOSP30JAN201420PE.NFO,07/01/2020,10:08:42,15.95,15.4,500,15.9,1000,0,29500
APOLLOHOSP30JAN201420PE.NFO,07/01/2020,10:08:59,15.95,15.35,500,15.9,1000,0,29500
APOLLOHOSP30JAN201420PE.NFO,07/01/2020,10:10:13,15.95,15.3,1000,15.9,1000,0,29500
APOLLOHOSP30JAN201420PE.NFO,07/01/2020,10:10:30,15.95,15.35,500,15.9,1000,0,29500
APOLLOHOSP30JAN201420PE.NFO,07/01/2020,10:10:34,15.95,15.3,500,15.5,500,0,29500
APOLLOHOSP30JAN201420PE.NFO,07/01/2020,10:10:39,15.95,15.35,500,15.5,500,0,29500
APOLLOHOSP30JAN201420PE.NFO,07/01/2020,10:10:46,15.95,15.3,500,15.5,500,0,29500
APOLLOHOSP30JAN201420PE.NFO,07/01/2020,10:10:49,15.95,15.25,500,15.5,500,0,29500
APOLLOHOSP30JAN201420PE.NFO,07/01/2020,10:11:02,15.95,15.2,500,15.5,500,0,29500
APOLLOHOSP30JAN201420PE.NFO,07/01/2020,10:11:06,15.95,15.15,1000,15.5,500,0,29500
APOLLOHOSP30JAN201420PE.NFO,07/01/2020,10:11:10,15.75,15.6,500,16,500,1000,29500
APOLLOHOSP30JAN201420PE.NFO,07/01/2020,10:11:14,15.75,15.65,500,16,500,0,29500
APOLLOHOSP30JAN201420PE.NFO,07/01/2020,10:11:19,15.75,15.75,1000,16.15,500,0,29500
APOLLOHOSP30JAN201420PE.NFO,07/01/2020,10:11:22,15.75,15.75,1500,16.2,500,0,29500
APOLLOHOSP30JAN201420PE.NFO,07/01/2020,10:11:26,15.75,15.85,500,16.2,500,0,29500
APOLLOHOSP30JAN201420PE.NFO,07/01/2020,10:11:38,15.75,15.8,500,16.1,500,0,29500
APOLLOHOSP30JAN201420PE.NFO,07/01/2020,10:11:50,15.75,15.8,1000,16.2,500,0,29500
APOLLOHOSP30JAN201420PE.NFO,07/01/2020,10:12:03,15.75,15.9,500,16.3,500,0,29500
APOLLOHOSP30JAN201420PE.NFO,07/01/2020,10:12:18,15.75,16.05,1500,16.45,500,0,29500
APOLLOHOSP30JAN201420PE.NFO,07/01/2020,10:12:23,15.75,16,1500,16.45,500,0,29500
APOLLOHOSP30JAN201420PE.NFO,07/01/2020,10:12:27,15.75,16.05,1000,16.7,1000,0,29500
APOLLOHOSP30JAN201420PE.NFO,07/01/2020,10:12:32,15.75,16.05,1000,16.6,500,0,29500
APOLLOHOSP30JAN201420PE.NFO,07/01/2020,10:12:41,15.75,16.15,1500,16.25,500,0,29500
APOLLOHOSP30JAN201420PE.NFO,07/01/2020,10:12:45,15.75,16.05,500,16.25,500,0,29500
APOLLOHOSP30JAN201420PE.NFO,07/01/2020,10:12:48,15.75,16.05,1000,16.25,500,0,29500
APOLLOHOSP30JAN201420PE.NFO,07/01/2020,10:12:52,15.75,16.1,500,16.25,500,0,29500
APOLLOHOSP30JAN201420PE.NFO,07/01/2020,10:13:04,15.75,16.2,500,16.25,500,0,29500
APOLLOHOSP30JAN201420PE.NFO,07/01/2020,10:13:12,15.75,16.15,500,16.25,500,0,29500
APOLLOHOSP30JAN201420PE.NFO,07/01/2020,10:13:21,16.15,16.1,500,16.25,1000,500,30000
APOLLOHOSP30JAN201420PE.NFO,07/01/2020,10:13:21,16.15,16.1,500,16.25,1000,0,30000
APOLLOHOSP30JAN201420PE.NFO,07/01/2020,10:13:25,16.1,15.95,1500,16.25,1000,500,30000
APOLLOHOSP30JAN201420PE.NFO,07/01/2020,10:13:29,16.1,15.85,1500,16.25,1000,0,30000
APOLLOHOSP30JAN201420PE.NFO,07/01/2020,10:13:35,16.1,15.9,1000,16.25,1000,0,30000
APOLLOHOSP30JAN201420PE.NFO,07/01/2020,10:13:46,16.1,15.95,500,16.25,1000,0,30000
APOLLOHOSP30JAN201420PE.NFO,07/01/2020,10:13:51,16.1,15.9,1000,16.25,1000,0,30000
APOLLOHOSP30JAN201420PE.NFO,07/01/2020,10:13:57,16.1,15.9,1000,16,500,0,30000
APOLLOHOSP30JAN201420PE.NFO,07/01/2020,10:14:01,16,15.9,1000,16.25,500,500,30000
APOLLOHOSP30JAN201420PE.NFO,07/01/2020,10:14:06,16,15.9,1000,16.25,500,0,30000
APOLLOHOSP30JAN201420PE.NFO,07/01/2020,10:14:11,16,15.95,1000,16.25,500,0,30000
APOLLOHOSP30JAN201420PE.NFO,07/01/2020,10:14:17,16,15.95,500,16.25,500,0,30000
APOLLOHOSP30JAN201420PE.NFO,07/01/2020,10:14:27,16,15.95,1000,16.25,500,0,30000
APOLLOHOSP30JAN201420PE.NFO,07/01/2020,10:14:32,16,16,1000,16.25,500,0,30000
APOLLOHOSP30JAN201420PE.NFO,07/01/2020,10:14:42,16,16,1500,16.25,500,0,30000
APOLLOHOSP30JAN201420PE.NFO,07/01/2020,10:14:55,16,16,1000,16.25,500,0,30000
APOLLOHOSP30JAN201420PE.NFO,07/01/2020,10:15:00,16,16,2000,16.6,1000,500,30000
APOLLOHOSP30JAN201420PE.NFO,07/01/2020,10:15:05,16,16.1,1500,16.6,500,0,30000
APOLLOHOSP30JAN201420PE.NFO,07/01/2020,10:15:11,16,16.15,500,16.6,500,0,30000
APOLLOHOSP30JAN201420PE.NFO,07/01/2020,10:15:21,16,16,1500,16.6,500,0,30000
APOLLOHOSP30JAN201420PE.NFO,07/01/2020,10:15:40,16,16,1000,16.6,500,0,30000
APOLLOHOSP30JAN201420PE.NFO,07/01/2020,10:15:45,16,16,1500,16.6,500,0,30000
APOLLOHOSP30JAN201420PE.NFO,07/01/2020,10:15:51,16,16.05,1500,16.6,500,0,30000
APOLLOHOSP30JAN201420PE.NFO,07/01/2020,10:16:22,16,16.15,500,16.6,500,0,30000
APOLLOHOSP30JAN201420PE.NFO,07/01/2020,10:16:48,16,16.15,1000,16.6,500,0,30000
APOLLOHOSP30JAN201420PE.NFO,07/01/2020,10:17:32,16,16,500,16.5,500,0,30000
APOLLOHOSP30JAN201420PE.NFO,07/01/2020,10:17:37,16,15.9,500,16.4,500,0,30000
APOLLOHOSP30JAN201420PE.NFO,07/01/2020,10:18:42,16,16,1500,16.6,500,0,30000
APOLLOHOSP30JAN201420PE.NFO,07/01/2020,10:19:33,16,16.15,1000,16.6,500,0,30000
APOLLOHOSP30JAN201420PE.NFO,07/01/2020,10:19:42,16,16.15,1500,16.6,500,0,30000
APOLLOHOSP30JAN201420PE.NFO,07/01/2020,10:20:09,16,16.05,1000,16.6,500,0,30000
APOLLOHOSP30JAN201420PE.NFO,07/01/2020,10:20:14,16,16,1000,16.6,500,0,30000
APOLLOHOSP30JAN201420PE.NFO,07/01/2020,10:20:22,16,16,1500,16.6,500,0,30000
APOLLOHOSP30JAN201420PE.NFO,07/01/2020,10:20:26,16,15.55,500,16.25,500,0,30000
APOLLOHOSP30JAN201420PE.NFO,07/01/2020,10:20:30,16,15.6,1500,16,500,0,30000
APOLLOHOSP30JAN201420PE.NFO,07/01/2020,10:20:34,16,15.6,1000,16.05,500,0,30000
APOLLOHOSP30JAN201420PE.NFO,07/01/2020,10:20:37,16,15.55,1500,16,500,0,30000
APOLLOHOSP30JAN201420PE.NFO,07/01/2020,10:20:41,16,15.55,1000,15.9,500,0,30000
APOLLOHOSP30JAN201420PE.NFO,07/01/2020,10:20:46,16,15.6,500,16,500,0,30000
APOLLOHOSP30JAN201420PE.NFO,07/01/2020,10:20:50,16,15.55,500,15.9,500,0,30000
APOLLOHOSP30JAN201420PE.NFO,07/01/2020,10:20:54,16,15.6,500,15.95,500,0,30000
APOLLOHOSP30JAN201420PE.NFO,07/01/2020,10:21:00,16,15.6,500,15.9,500,0,30000
APOLLOHOSP30JAN201420PE.NFO,07/01/2020,10:21:16,16,15.55,1000,15.9,500,0,30000
APOLLOHOSP30JAN201420PE.NFO,07/01/2020,10:21:20,16,15.55,1000,15.9,1000,0,30000
APOLLOHOSP30JAN201420PE.NFO,07/01/2020,10:21:28,16,15.55,500,15.9,1000,0,30000
APOLLOHOSP30JAN201420PE.NFO,07/01/2020,10:21:32,16,15.5,500,15.85,1000,0,30000
APOLLOHOSP30JAN201420PE.NFO,07/01/2020,10:21:36,16,15.5,1000,15.8,500,0,30000
APOLLOHOSP30JAN201420PE.NFO,07/01/2020,10:21:43,16,15.75,1000,16.15,1000,0,30000
APOLLOHOSP30JAN201420PE.NFO,07/01/2020,10:21:55,16,15.9,500,16.35,500,0,30000
APOLLOHOSP30JAN201420PE.NFO,07/01/2020,10:21:59,16,15.95,500,16.4,500,0,30000
APOLLOHOSP30JAN201420PE.NFO,07/01/2020,10:22:29,16,15.85,1500,16.4,500,0,30000
APOLLOHOSP30JAN201420PE.NFO,07/01/2020,10:22:34,16,15.95,500,16.4,500,0,30000
APOLLOHOSP30JAN201420PE.NFO,07/01/2020,10:22:55,16,15.95,1000,16.5,500,0,30000
APOLLOHOSP30JAN201420PE.NFO,07/01/2020,10:23:00,16,15.95,1500,16.5,500,0,30000
APOLLOHOSP30JAN201420PE.NFO,07/01/2020,10:23:05,16,15.95,1000,16.5,500,0,30000
APOLLOHOSP30JAN201420PE.NFO,07/01/2020,10:23:10,16,15.95,500,16.45,500,0,30000
APOLLOHOSP30JAN201420PE.NFO,07/01/2020,10:23:14,16,16.05,500,16.6,500,0,30000
APOLLOHOSP30JAN201420PE.NFO,07/01/2020,10:23:18,16,16.05,500,16.55,500,0,30000
APOLLOHOSP30JAN201420PE.NFO,07/01/2020,10:23:49,16,15.85,500,16.45,1000,0,30000
APOLLOHOSP30JAN201420PE.NFO,07/01/2020,10:23:53,16,15.9,500,16.4,500,0,30000
APOLLOHOSP30JAN201420PE.NFO,07/01/2020,10:23:58,16,16,500,16.45,500,0,30000
APOLLOHOSP30JAN201420PE.NFO,07/01/2020,10:24:21,16,15.95,500,16.45,500,0,30000
APOLLOHOSP30JAN201420PE.NFO,07/01/2020,10:24:26,16,15.95,1000,16.45,500,0,30000
APOLLOHOSP30JAN201420PE.NFO,07/01/2020,10:24:32,16,15.95,500,16.45,500,0,30000
APOLLOHOSP30JAN201420PE.NFO,07/01/2020,10:24:52,16,15.95,1500,16.45,500,0,30000
APOLLOHOSP30JAN201420PE.NFO,07/01/2020,10:25:03,16,16,500,16.45,500,0,30000
APOLLOHOSP30JAN201420PE.NFO,07/01/2020,10:25:19,16,15.95,500,16.35,500,0,30000
APOLLOHOSP30JAN201420PE.NFO,07/01/2020,10:25:23,16,15.95,1000,16.35,500,0,30000
APOLLOHOSP30JAN201420PE.NFO,07/01/2020,10:25:28,16,15.95,500,16.35,500,0,30000
APOLLOHOSP30JAN201420PE.NFO,07/01/2020,10:25:39,16,15.95,1000,16.35,500,0,30000
APOLLOHOSP30JAN201420PE.NFO,07/01/2020,10:25:44,16,15.95,500,16.35,500,0,30000
APOLLOHOSP30JAN201420PE.NFO,07/01/2020,10:26:11,16,15.85,500,16.25,500,0,30000
APOLLOHOSP30JAN201420PE.NFO,07/01/2020,10:26:23,16,15.85,1000,16.25,500,0,30000
APOLLOHOSP30JAN201420PE.NFO,07/01/2020,10:26:26,16,15.85,500,16.25,500,0,30000
APOLLOHOSP30JAN201420PE.NFO,07/01/2020,10:26:32,16,15.8,500,16.25,500,0,30000
APOLLOHOSP30JAN201420PE.NFO,07/01/2020,10:26:35,16,15.8,1000,16.25,500,0,30000
APOLLOHOSP30JAN201420PE.NFO,07/01/2020,10:26:38,16,15.8,1000,16.15,500,0,30000
APOLLOHOSP30JAN201420PE.NFO,07/01/2020,10:26:49,16,15.75,1000,16.15,500,0,30000
APOLLOHOSP30JAN201420PE.NFO,07/01/2020,10:27:03,16,15.75,500,16.15,500,0,30000
APOLLOHOSP30JAN201420PE.NFO,07/01/2020,10:27:22,16,15.65,500,16.15,500,0,30000
APOLLOHOSP30JAN201420PE.NFO,07/01/2020,10:27:34,16,15.65,500,16.1,500,0,30000
APOLLOHOSP30JAN201420PE.NFO,07/01/2020,10:27:37,16,15.65,500,16.05,500,0,30000
APOLLOHOSP30JAN201420PE.NFO,07/01/2020,10:27:50,16,15.65,1000,16.05,500,0,30000
APOLLOHOSP30JAN201420PE.NFO,07/01/2020,10:27:57,16,15.65,1500,16.05,500,0,30000
APOLLOHOSP30JAN201420PE.NFO,07/01/2020,10:28:12,16,15.65,1000,16.05,500,0,30000
APOLLOHOSP30JAN201420PE.NFO,07/01/2020,10:28:24,16,15.65,500,16.05,500,0,30000
APOLLOHOSP30JAN201420PE.NFO,07/01/2020,10:28:40,16,15.65,1000,16.05,500,0,30000
APOLLOHOSP30JAN201420PE.NFO,07/01/2020,10:29:05,16,15.5,1000,15.85,500,0,30000
APOLLOHOSP30JAN201420PE.NFO,07/01/2020,10:29:38,16,15.6,1000,15.95,500,0,30000
APOLLOHOSP30JAN201420PE.NFO,07/01/2020,10:29:45,16,15.6,500,15.95,500,0,30000
APOLLOHOSP30JAN201420PE.NFO,07/01/2020,10:29:49,16,15.5,500,15.95,500,0,30000
APOLLOHOSP30JAN201420PE.NFO,07/01/2020,10:30:07,16,15.45,500,15.85,500,0,30000
APOLLOHOSP30JAN201420PE.NFO,07/01/2020,10:30:12,16,15.45,500,15.9,500,0,30000
APOLLOHOSP30JAN201420PE.NFO,07/01/2020,10:30:17,16,15.45,500,15.8,500,0,30000
APOLLOHOSP30JAN201420PE.NFO,07/01/2020,10:30:32,16,15.45,500,15.85,500,0,30000
APOLLOHOSP30JAN201420PE.NFO,07/01/2020,10:31:00,16,15.5,1000,15.85,500,0,30000
APOLLOHOSP30JAN201420PE.NFO,07/01/2020,10:31:13,16,15.45,500,15.85,500,0,30000
APOLLOHOSP30JAN201420PE.NFO,07/01/2020,10:31:26,16,15.25,500,15.65,500,0,30000
APOLLOHOSP30JAN201420PE.NFO,07/01/2020,10:31:30,16,15.35,500,15.75,500,0,30000
APOLLOHOSP30JAN201420PE.NFO,07/01/2020,10:31:53,16,15.2,500,15.65,500,0,30000
APOLLOHOSP30JAN201420PE.NFO,07/01/2020,10:31:57,16,15.25,1000,15.65,500,0,30000
APOLLOHOSP30JAN201420PE.NFO,07/01/2020,10:32:01,16,15.25,500,15.65,500,0,30000
APOLLOHOSP30JAN201420PE.NFO,07/01/2020,10:32:09,16,15.2,500,15.65,500,0,30000
APOLLOHOSP30JAN201420PE.NFO,07/01/2020,10:32:54,16,15.4,500,15.8,500,0,30000
APOLLOHOSP30JAN201420PE.NFO,07/01/2020,10:32:58,16,15.35,500,15.75,500,0,30000
APOLLOHOSP30JAN201420PE.NFO,07/01/2020,10:33:04,16,15.3,500,15.75,500,0,30000
APOLLOHOSP30JAN201420PE.NFO,07/01/2020,10:33:10,16,15.35,500,15.75,500,0,30000
APOLLOHOSP30JAN201420PE.NFO,07/01/2020,10:33:13,16,15.3,500,15.75,500,0,30000
APOLLOHOSP30JAN201420PE.NFO,07/01/2020,10:33:15,16,15.35,500,15.75,500,0,30000
APOLLOHOSP30JAN201420PE.NFO,07/01/2020,10:33:18,16,15.3,500,15.75,500,0,30000
APOLLOHOSP30JAN201420PE.NFO,07/01/2020,10:33:26,16,15.35,500,15.75,500,0,30000
APOLLOHOSP30JAN201420PE.NFO,07/01/2020,10:33:30,16,15.4,500,15.75,500,0,30000
APOLLOHOSP30JAN201420PE.NFO,07/01/2020,10:33:33,16,15.35,500,15.75,500,0,30000
APOLLOHOSP30JAN201420PE.NFO,07/01/2020,10:33:36,16,15.35,1000,15.75,500,0,30000
APOLLOHOSP30JAN201420PE.NFO,07/01/2020,10:33:42,16,15.3,500,15.75,500,0,30000
APOLLOHOSP30JAN201420PE.NFO,07/01/2020,10:33:47,16,15.35,500,15.75,500,0,30000
APOLLOHOSP30JAN201420PE.NFO,07/01/2020,10:33:50,16,15.3,500,15.75,500,0,30000
APOLLOHOSP30JAN201420PE.NFO,07/01/2020,10:34:31,16,15.35,1000,15.75,500,0,30000
APOLLOHOSP30JAN201420PE.NFO,07/01/2020,10:34:34,16,15.35,500,15.75,500,0,30000
APOLLOHOSP30JAN201420PE.NFO,07/01/2020,10:34:40,16,15.25,500,15.7,500,0,30000
APOLLOHOSP30JAN201420PE.NFO,07/01/2020,10:34:44,16,15.25,1000,15.65,500,0,30000
APOLLOHOSP30JAN201420PE.NFO,07/01/2020,10:34:58,16,15.25,500,15.65,500,0,30000
APOLLOHOSP30JAN201420PE.NFO,07/01/2020,10:35:00,16,15.25,1000,15.65,500,0,30000
APOLLOHOSP30JAN201420PE.NFO,07/01/2020,10:35:19,16,15.25,500,15.65,500,0,30000
APOLLOHOSP30JAN201420PE.NFO,07/01/2020,10:35:29,16,15.3,500,15.75,500,0,30000
APOLLOHOSP30JAN201420PE.NFO,07/01/2020,10:35:39,16,15.35,500,15.75,500,0,30000
APOLLOHOSP30JAN201420PE.NFO,07/01/2020,10:35:45,16,15.25,500,15.65,500,0,30000
APOLLOHOSP30JAN201420PE.NFO,07/01/2020,10:35:48,16,15.15,500,15.55,500,0,30000
APOLLOHOSP30JAN201420PE.NFO,07/01/2020,10:36:56,16,15.1,500,15.45,500,0,30000
APOLLOHOSP30JAN201420PE.NFO,07/01/2020,10:36:58,16,15.05,500,15.45,500,0,30000
APOLLOHOSP30JAN201420PE.NFO,07/01/2020,10:37:00,16,15.1,500,15.45,500,0,30000
APOLLOHOSP30JAN201420PE.NFO,07/01/2020,10:37:10,16,15.15,500,15.55,500,0,30000
APOLLOHOSP30JAN201420PE.NFO,07/01/2020,10:37:14,16,15.15,1000,15.55,500,0,30000
APOLLOHOSP30JAN201420PE.NFO,07/01/2020,10:37:20,16,15.25,500,15.65,500,0,30000
APOLLOHOSP30JAN201420PE.NFO,07/01/2020,10:37:26,16,15.2,500,15.65,500,0,30000
APOLLOHOSP30JAN201420PE.NFO,07/01/2020,10:37:47,16,15.15,500,15.45,500,0,30000
APOLLOHOSP30JAN201420PE.NFO,07/01/2020,10:37:49,16,15.25,500,15.45,500,0,30000
APOLLOHOSP30JAN201420PE.NFO,07/01/2020,10:37:53,16,15.15,500,15.45,500,0,30000
APOLLOHOSP30JAN201420PE.NFO,07/01/2020,10:37:59,16,15.1,500,15.45,500,0,30000
APOLLOHOSP30JAN201420PE.NFO,07/01/2020,10:38:09,16,15.15,500,15.65,1000,0,30000
APOLLOHOSP30JAN201420PE.NFO,07/01/2020,10:38:11,16,15.15,500,15.55,500,0,30000
APOLLOHOSP30JAN201420PE.NFO,07/01/2020,10:38:45,16,15.2,500,15.55,500,0,30000
APOLLOHOSP30JAN201420PE.NFO,07/01/2020,10:38:50,16,15.1,500,15.5,500,0,30000
APOLLOHOSP30JAN201420PE.NFO,07/01/2020,10:38:52,16,15.1,500,15.45,500,0,30000
APOLLOHOSP30JAN201420PE.NFO,07/01/2020,10:38:54,16,15.15,500,15.55,500,0,30000
APOLLOHOSP30JAN201420PE.NFO,07/01/2020,10:39:10,16,15.1,500,15.45,500,0,30000
APOLLOHOSP30JAN201420PE.NFO,07/01/2020,10:39:13,16,15.15,1000,15.55,500,0,30000
APOLLOHOSP30JAN201420PE.NFO,07/01/2020,10:39:21,16,15.15,500,15.55,500,0,30000
APOLLOHOSP30JAN201420PE.NFO,07/01/2020,10:39:35,16,15.2,500,15.55,500,0,30000
APOLLOHOSP30JAN201420PE.NFO,07/01/2020,10:39:41,16,15.1,500,15.55,500,0,30000
APOLLOHOSP30JAN201420PE.NFO,07/01/2020,10:39:46,16,15.25,500,15.55,500,0,30000
APOLLOHOSP30JAN201420PE.NFO,07/01/2020,10:39:50,16,15.35,500,15.75,500,0,30000
APOLLOHOSP30JAN201420PE.NFO,07/01/2020,10:39:53,16,15.25,500,15.65,500,0,30000
APOLLOHOSP30JAN201420PE.NFO,07/01/2020,10:39:57,16,15.25,1000,15.65,500,0,30000
APOLLOHOSP30JAN201420PE.NFO,07/01/2020,10:40:04,16,15.25,500,15.65,500,0,30000
APOLLOHOSP30JAN201420PE.NFO,07/01/2020,10:40:08,16,15.2,500,15.55,500,0,30000
APOLLOHOSP30JAN201420PE.NFO,07/01/2020,10:40:49,16,15.25,500,15.45,500,0,30000
APOLLOHOSP30JAN201420PE.NFO,07/01/2020,10:40:52,16,15.15,500,15.45,500,0,30000
APOLLOHOSP30JAN201420PE.NFO,07/01/2020,10:40:59,16,15.1,500,15.45,500,0,30000
APOLLOHOSP30JAN201420PE.NFO,07/01/2020,10:41:03,16,15.15,500,15.45,500,0,30000
APOLLOHOSP30JAN201420PE.NFO,07/01/2020,10:41:14,16,15.1,500,15.45,500,0,30000
APOLLOHOSP30JAN201420PE.NFO,07/01/2020,10:41:37,16,15.25,500,15.45,500,0,30000
APOLLOHOSP30JAN201420PE.NFO,07/01/2020,10:41:57,16,15,1500,15.35,500,0,30000
APOLLOHOSP30JAN201420PE.NFO,07/01/2020,10:42:01,16,15.2,500,15.45,500,0,30000
APOLLOHOSP30JAN201420PE.NFO,07/01/2020,10:42:04,16,15.2,500,15.55,500,0,30000
APOLLOHOSP30JAN201420PE.NFO,07/01/2020,10:42:07,16,15.2,500,15.5,500,0,30000
APOLLOHOSP30JAN201420PE.NFO,07/01/2020,10:42:24,16,15.2,500,15.6,500,0,30000
APOLLOHOSP30JAN201420PE.NFO,07/01/2020,10:42:27,16,15.2,500,15.5,500,0,30000
APOLLOHOSP30JAN201420PE.NFO,07/01/2020,10:42:31,16,15.15,500,15.5,500,0,30000
APOLLOHOSP30JAN201420PE.NFO,07/01/2020,10:43:04,16,15.2,500,15.5,500,0,30000
APOLLOHOSP30JAN201420PE.NFO,07/01/2020,10:43:11,16,15.15,500,15.5,500,0,30000
APOLLOHOSP30JAN201420PE.NFO,07/01/2020,10:43:41,16,15.1,1000,15.5,500,0,30000
APOLLOHOSP30JAN201420PE.NFO,07/01/2020,10:43:44,16,15.2,500,15.65,500,0,30000
APOLLOHOSP30JAN201420PE.NFO,07/01/2020,10:43:53,16,15.1,500,15.55,500,0,30000
APOLLOHOSP30JAN201420PE.NFO,07/01/2020,10:44:03,16,15.1,1000,15.55,500,0,30000
APOLLOHOSP30JAN201420PE.NFO,07/01/2020,10:44:10,16,15.05,1000,15.55,500,0,30000
APOLLOHOSP30JAN201420PE.NFO,07/01/2020,10:44:12,16,15.1,500,15.55,500,0,30000
APOLLOHOSP30JAN201420PE.NFO,07/01/2020,10:44:14,16,15.1,1500,15.55,500,0,30000
APOLLOHOSP30JAN201420PE.NFO,07/01/2020,10:44:29,16,15.15,1000,15.65,500,0,30000
APOLLOHOSP30JAN201420PE.NFO,07/01/2020,10:45:02,16,15.2,500,15.65,500,0,30000
APOLLOHOSP30JAN201420PE.NFO,07/01/2020,10:45:06,16,15.15,1000,15.65,500,0,30000
APOLLOHOSP30JAN201420PE.NFO,07/01/2020,10:45:10,16,15.3,500,15.65,500,0,30000
APOLLOHOSP30JAN201420PE.NFO,07/01/2020,10:45:14,16,15.15,500,15.55,500,0,30000
APOLLOHOSP30JAN201420PE.NFO,07/01/2020,10:45:29,16,15.1,1500,15.55,500,0,30000
APOLLOHOSP30JAN201420PE.NFO,07/01/2020,10:46:08,16,15.35,500,15.75,500,0,30000
APOLLOHOSP30JAN201420PE.NFO,07/01/2020,10:46:11,16,15.45,500,15.85,500,0,30000
APOLLOHOSP30JAN201420PE.NFO,07/01/2020,10:46:13,16,15.45,500,15.95,1000,0,30000
APOLLOHOSP30JAN201420PE.NFO,07/01/2020,10:46:16,16,15.45,500,15.95,500,0,30000
APOLLOHOSP30JAN201420PE.NFO,07/01/2020,10:46:22,16,15.45,500,15.85,500,0,30000
APOLLOHOSP30JAN201420PE.NFO,07/01/2020,10:47:26,16,15.4,1000,15.85,500,0,30000
APOLLOHOSP30JAN201420PE.NFO,07/01/2020,10:47:34,16,15.4,500,15.85,500,0,30000
APOLLOHOSP30JAN201420PE.NFO,07/01/2020,10:48:13,16,15.65,500,15.95,500,0,30000
APOLLOHOSP30JAN201420PE.NFO,07/01/2020,10:48:37,16,15.65,500,16.05,500,0,30000
APOLLOHOSP30JAN201420PE.NFO,07/01/2020,10:48:42,16,15.65,500,16.1,500,0,30000
APOLLOHOSP30JAN201420PE.NFO,07/01/2020,10:48:49,16,15.65,500,16.05,500,0,30000
APOLLOHOSP30JAN201420PE.NFO,07/01/2020,10:49:50,16,15.6,500,15.95,500,0,30000
APOLLOHOSP30JAN201420PE.NFO,07/01/2020,10:50:07,16,15.55,1000,15.95,500,0,30000
APOLLOHOSP30JAN201420PE.NFO,07/01/2020,10:50:35,16,15.7,500,15.95,500,0,30000
APOLLOHOSP30JAN201420PE.NFO,07/01/2020,10:50:39,16,15.55,1000,15.95,500,0,30000
APOLLOHOSP30JAN201420PE.NFO,07/01/2020,10:50:54,16,15.5,1000,15.95,500,0,30000
APOLLOHOSP30JAN201420PE.NFO,07/01/2020,10:51:01,16,15.55,1000,15.95,500,0,30000
APOLLOHOSP30JAN201420PE.NFO,07/01/2020,10:51:06,16,15.55,500,15.95,500,0,30000
APOLLOHOSP30JAN201420PE.NFO,07/01/2020,10:51:10,16,15.6,500,15.95,500,0,30000
APOLLOHOSP30JAN201420PE.NFO,07/01/2020,10:51:13,16,15.55,500,15.95,500,0,30000
APOLLOHOSP30JAN201420PE.NFO,07/01/2020,10:51:45,16,15.6,500,15.95,500,0,30000
APOLLOHOSP30JAN201420PE.NFO,07/01/2020,10:51:49,16,15.55,500,15.95,500,0,30000
APOLLOHOSP30JAN201420PE.NFO,07/01/2020,10:52:13,16,15.6,500,15.95,500,0,30000
APOLLOHOSP30JAN201420PE.NFO,07/01/2020,10:52:34,16,15.55,500,15.95,500,0,30000
APOLLOHOSP30JAN201420PE.NFO,07/01/2020,10:52:51,16,15.75,500,16.05,500,0,30000
APOLLOHOSP30JAN201420PE.NFO,07/01/2020,10:52:55,16,15.7,500,16.15,500,0,30000
APOLLOHOSP30JAN201420PE.NFO,07/01/2020,10:53:00,16,15.7,500,16.1,500,0,30000
APOLLOHOSP30JAN201420PE.NFO,07/01/2020,10:53:12,16,15.75,500,16.15,500,0,30000
APOLLOHOSP30JAN201420PE.NFO,07/01/2020,10:53:18,16,15.85,500,16.25,500,0,30000
APOLLOHOSP30JAN201420PE.NFO,07/01/2020,10:53:23,16,15.75,500,16.2,500,0,30000
APOLLOHOSP30JAN201420PE.NFO,07/01/2020,10:53:28,16,15.75,500,16.15,500,0,30000
APOLLOHOSP30JAN201420PE.NFO,07/01/2020,10:53:33,16,15.8,500,16.15,500,0,30000
APOLLOHOSP30JAN201420PE.NFO,07/01/2020,10:53:38,16,15.8,500,16.2,500,0,30000
APOLLOHOSP30JAN201420PE.NFO,07/01/2020,10:53:49,16,15.85,500,16.2,500,0,30000
APOLLOHOSP30JAN201420PE.NFO,07/01/2020,10:53:55,16,15.9,500,16.25,500,0,30000
APOLLOHOSP30JAN201420PE.NFO,07/01/2020,10:54:00,16,15.9,500,16.2,1000,0,30000
APOLLOHOSP30JAN201420PE.NFO,07/01/2020,10:54:28,16,15.9,500,16.25,500,0,30000
APOLLOHOSP30JAN201420PE.NFO,07/01/2020,10:54:33,16,15.9,500,16.2,500,0,30000
APOLLOHOSP30JAN201420PE.NFO,07/01/2020,10:54:38,16,15.9,500,16.2,1000,0,30000
APOLLOHOSP30JAN201420PE.NFO,07/01/2020,10:54:43,16,15.8,500,16.2,1000,0,30000
APOLLOHOSP30JAN201420PE.NFO,07/01/2020,10:54:53,16,15.75,500,16.2,1000,0,30000
APOLLOHOSP30JAN201420PE.NFO,07/01/2020,10:54:57,16,15.85,500,16.3,500,0,30000
APOLLOHOSP30JAN201420PE.NFO,07/01/2020,10:55:02,16,15.8,500,16.25,500,0,30000
APOLLOHOSP30JAN201420PE.NFO,07/01/2020,10:55:07,16,15.8,500,16.3,500,0,30000
APOLLOHOSP30JAN201420PE.NFO,07/01/2020,10:55:12,16,15.9,500,16.25,500,0,30000
APOLLOHOSP30JAN201420PE.NFO,07/01/2020,10:55:16,16,16.2,1500,16.25,500,0,30000
APOLLOHOSP30JAN201420PE.NFO,07/01/2020,10:56:00,16.2,15.6,500,16.05,500,1500,30000
APOLLOHOSP30JAN201420PE.NFO,07/01/2020,10:56:00,16.2,15.6,500,16.05,500,0,30000
APOLLOHOSP30JAN201420PE.NFO,07/01/2020,10:56:04,16.2,15.8,1500,16.05,500,0,30000
APOLLOHOSP30JAN201420PE.NFO,07/01/2020,10:56:14,16.2,15.75,1500,16.05,500,0,30000
APOLLOHOSP30JAN201420PE.NFO,07/01/2020,10:56:23,16.2,15.8,1500,16.05,500,0,30000
APOLLOHOSP30JAN201420PE.NFO,07/01/2020,10:57:31,16.2,15.85,1500,16.05,500,0,30000
APOLLOHOSP30JAN201420PE.NFO,07/01/2020,10:57:42,16.2,15.95,1500,16.2,500,0,30000
APOLLOHOSP30JAN201420PE.NFO,07/01/2020,10:58:10,16.2,16.05,1500,16.3,500,0,30000
APOLLOHOSP30JAN201420PE.NFO,07/01/2020,10:58:15,16.2,16,1500,16.3,500,0,30000
APOLLOHOSP30JAN201420PE.NFO,07/01/2020,10:58:24,16.2,16.05,1500,16.3,500,0,30000
APOLLOHOSP30JAN201420PE.NFO,07/01/2020,10:58:55,16.2,16.1,1500,16.3,500,0,30000
APOLLOHOSP30JAN201420PE.NFO,07/01/2020,10:59:12,16.2,16.2,1500,16.5,1000,0,30000
APOLLOHOSP30JAN201420PE.NFO,07/01/2020,10:59:28,16.2,16.2,1500,16.5,500,0,30000
APOLLOHOSP30JAN201420PE.NFO,07/01/2020,10:59:44,16.2,16.2,1500,16.5,1000,0,30000
APOLLOHOSP30JAN201420PE.NFO,07/01/2020,10:59:50,16.2,16,1000,16.5,1000,0,30000
APOLLOHOSP30JAN201420PE.NFO,07/01/2020,11:00:00,16.2,16,1000,16.5,500,0,30000
APOLLOHOSP30JAN201420PE.NFO,07/01/2020,11:00:12,16.55,16.05,2000,16.7,500,1000,31500
APOLLOHOSP30JAN201420PE.NFO,07/01/2020,11:00:12,16.55,16.05,2000,16.7,500,0,31500
APOLLOHOSP30JAN201420PE.NFO,07/01/2020,11:00:19,16.55,16.05,1500,16.7,500,0,31500
APOLLOHOSP30JAN201420PE.NFO,07/01/2020,11:00:25,16.55,16.05,2000,16.7,500,0,31500
APOLLOHOSP30JAN201420PE.NFO,07/01/2020,11:00:31,16.55,16.05,1500,16.7,500,0,31500
APOLLOHOSP30JAN201420PE.NFO,07/01/2020,11:00:38,16.55,16.05,2000,16.75,1000,0,31500
APOLLOHOSP30JAN201420PE.NFO,07/01/2020,11:01:05,16.55,16.25,1500,16.9,500,0,31500
APOLLOHOSP30JAN201420PE.NFO,07/01/2020,11:01:13,16.55,16.25,1500,16.95,500,0,31500
APOLLOHOSP30JAN201420PE.NFO,07/01/2020,11:01:26,16.55,16.25,1500,17,500,0,31500
APOLLOHOSP30JAN201420PE.NFO,07/01/2020,11:01:39,16.55,16.4,1500,17,500,0,31500
APOLLOHOSP30JAN201420PE.NFO,07/01/2020,11:01:46,16.55,16.25,1000,16.95,1000,0,31500
APOLLOHOSP30JAN201420PE.NFO,07/01/2020,11:02:20,16.55,16.25,1500,17,500,0,31500
APOLLOHOSP30JAN201420PE.NFO,07/01/2020,11:02:33,16.55,16.3,500,17.15,500,0,31500
APOLLOHOSP30JAN201420PE.NFO,07/01/2020,11:02:39,16.55,16.5,1500,17.15,500,0,31500
APOLLOHOSP30JAN201420PE.NFO,07/01/2020,11:02:45,16.55,16.55,1500,17.15,500,0,31500
APOLLOHOSP30JAN201420PE.NFO,07/01/2020,11:02:56,16.55,16.65,500,17.2,500,0,31500
APOLLOHOSP30JAN201420PE.NFO,07/01/2020,11:03:02,16.55,16.55,1000,17.2,1000,0,31500
APOLLOHOSP30JAN201420PE.NFO,07/01/2020,11:03:15,16.55,16.65,500,17.2,1000,0,31500
APOLLOHOSP30JAN201420PE.NFO,07/01/2020,11:03:48,16.55,16.65,1000,17.2,1000,0,31500
APOLLOHOSP30JAN201420PE.NFO,07/01/2020,11:03:54,16.55,16.65,1000,17.25,500,0,31500
APOLLOHOSP30JAN201420PE.NFO,07/01/2020,11:04:11,16.55,16.75,500,17.25,500,0,31500
APOLLOHOSP30JAN201420PE.NFO,07/01/2020,11:04:17,16.55,16.65,1000,17.25,500,0,31500
APOLLOHOSP30JAN201420PE.NFO,07/01/2020,11:05:03,16.55,16.75,1000,17.25,500,0,31500
APOLLOHOSP30JAN201420PE.NFO,07/01/2020,11:05:21,16.55,16.75,500,17.25,500,0,31500
APOLLOHOSP30JAN201420PE.NFO,07/01/2020,11:05:52,16.55,16.5,1000,17.25,500,0,31500
APOLLOHOSP30JAN201420PE.NFO,07/01/2020,11:05:59,16.55,16.55,1000,17.25,500,0,31500
APOLLOHOSP30JAN201420PE.NFO,07/01/2020,11:06:18,16.55,16.65,500,17.25,500,0,31500
APOLLOHOSP30JAN201420PE.NFO,07/01/2020,11:06:24,16.55,16.75,500,17.25,500,0,31500
APOLLOHOSP30JAN201420PE.NFO,07/01/2020,11:06:30,16.55,16.75,1000,17.25,500,0,31500
APOLLOHOSP30JAN201420PE.NFO,07/01/2020,11:06:49,16.55,16.9,500,17.25,500,0,31500
APOLLOHOSP30JAN201420PE.NFO,07/01/2020,11:07:54,16.55,16.8,1000,17.25,500,0,31500
APOLLOHOSP30JAN201420PE.NFO,07/01/2020,11:07:58,16.55,16.8,1500,17.25,500,0,31500
APOLLOHOSP30JAN201420PE.NFO,07/01/2020,11:08:07,16.55,17.05,500,18.2,500,0,31500
APOLLOHOSP30JAN201420PE.NFO,07/01/2020,11:08:11,16.55,17,500,17.95,1000,0,31500
APOLLOHOSP30JAN201420PE.NFO,07/01/2020,11:08:22,16.55,16.75,1000,17.85,1000,0,31500
APOLLOHOSP30JAN201420PE.NFO,07/01/2020,11:08:26,16.55,16.75,500,17.85,1000,0,31500
APOLLOHOSP30JAN201420PE.NFO,07/01/2020,11:08:32,16.55,16.65,1000,17.75,1000,0,31500
APOLLOHOSP30JAN201420PE.NFO,07/01/2020,11:08:37,16.55,16.75,500,17.75,1000,0,31500
APOLLOHOSP30JAN201420PE.NFO,07/01/2020,11:08:55,16.55,16.75,1000,17.75,1000,0,31500
APOLLOHOSP30JAN201420PE.NFO,07/01/2020,11:09:05,16.55,16.9,500,17.75,1000,0,31500
APOLLOHOSP30JAN201420PE.NFO,07/01/2020,11:09:19,16.55,16.9,1000,17.75,1000,0,31500
APOLLOHOSP30JAN201420PE.NFO,07/01/2020,11:09:56,16.55,16.95,500,17.75,1000,0,31500
APOLLOHOSP30JAN201420PE.NFO,07/01/2020,11:10:00,16.55,16.9,500,17.75,1000,0,31500
APOLLOHOSP30JAN201420PE.NFO,07/01/2020,11:10:08,16.55,16.85,500,17.75,1000,0,31500
APOLLOHOSP30JAN201420PE.NFO,07/01/2020,11:10:13,16.55,16.95,1000,17.75,1000,0,31500
APOLLOHOSP30JAN201420PE.NFO,07/01/2020,11:10:22,16.55,16.85,1000,17.75,1000,0,31500
APOLLOHOSP30JAN201420PE.NFO,07/01/2020,11:10:26,16.55,16.95,500,17.75,1000,0,31500
APOLLOHOSP30JAN201420PE.NFO,07/01/2020,11:10:30,16.55,16.95,1000,17.75,1000,0,31500
APOLLOHOSP30JAN201420PE.NFO,07/01/2020,11:10:46,16.55,16.9,500,17.75,1000,0,31500
APOLLOHOSP30JAN201420PE.NFO,07/01/2020,11:11:17,16.55,16.4,500,17.75,1000,0,31500
APOLLOHOSP30JAN201420PE.NFO,07/01/2020,11:11:23,16.55,16.35,500,17.75,1000,0,31500
APOLLOHOSP30JAN201420PE.NFO,07/01/2020,11:11:49,16.55,16.45,500,17.75,1000,0,31500
APOLLOHOSP30JAN201420PE.NFO,07/01/2020,11:12:00,16.55,16.55,500,17.75,1000,0,31500
APOLLOHOSP30JAN201420PE.NFO,07/01/2020,11:12:16,16.55,16.4,500,17.75,1000,0,31500
APOLLOHOSP30JAN201420PE.NFO,07/01/2020,11:12:29,16.55,16.4,2000,17.75,1000,0,31500
APOLLOHOSP30JAN201420PE.NFO,07/01/2020,11:12:56,16.55,16.6,1500,17.75,1000,0,31500
APOLLOHOSP30JAN201420PE.NFO,07/01/2020,11:13:12,16.55,16.65,1000,17.75,1000,0,31500
APOLLOHOSP30JAN201420PE.NFO,07/01/2020,11:13:30,16.55,16.95,1000,17.9,500,0,31500
APOLLOHOSP30JAN201420PE.NFO,07/01/2020,11:13:36,16.55,17,500,17.9,500,0,31500
APOLLOHOSP30JAN201420PE.NFO,07/01/2020,11:13:42,16.55,16.85,1000,17.9,500,0,31500
APOLLOHOSP30JAN201420PE.NFO,07/01/2020,11:13:48,16.55,16.9,500,17.9,500,0,31500
APOLLOHOSP30JAN201420PE.NFO,07/01/2020,11:13:54,16.55,16.85,1000,17.9,500,0,31500
APOLLOHOSP30JAN201420PE.NFO,07/01/2020,11:13:59,16.55,16.8,1000,17.9,500,0,31500
APOLLOHOSP30JAN201420PE.NFO,07/01/2020,11:14:22,16.55,16.85,1000,17.9,500,0,31500
APOLLOHOSP30JAN201420PE.NFO,07/01/2020,11:14:52,16.55,16.85,500,17.9,500,0,31500
APOLLOHOSP30JAN201420PE.NFO,07/01/2020,11:14:57,16.55,16.8,500,17.9,500,0,31500
APOLLOHOSP30JAN201420PE.NFO,07/01/2020,11:15:10,16.55,16.95,500,17.9,500,0,31500
APOLLOHOSP30JAN201420PE.NFO,07/01/2020,11:15:16,16.55,16.85,1000,17.9,500,0,31500
APOLLOHOSP30JAN201420PE.NFO,07/01/2020,11:15:31,16.55,16.8,1000,17.9,500,0,31500
APOLLOHOSP30JAN201420PE.NFO,07/01/2020,11:15:54,16.55,16.15,500,17.9,500,0,31500
APOLLOHOSP30JAN201420PE.NFO,07/01/2020,11:16:50,16.55,16.05,500,17.9,500,0,31500
APOLLOHOSP30JAN201420PE.NFO,07/01/2020,11:19:16,16.55,15.95,500,17.9,500,0,31500
APOLLOHOSP30JAN201420PE.NFO,07/01/2020,11:20:00,16.55,15.95,1000,17.9,500,0,31500
APOLLOHOSP30JAN201420PE.NFO,07/01/2020,11:20:11,16.55,15.95,500,17.9,500,0,31500
APOLLOHOSP30JAN201420PE.NFO,07/01/2020,11:20:16,16.55,15.9,1000,17.9,500,0,31500
APOLLOHOSP30JAN201420PE.NFO,07/01/2020,11:20:21,16.55,15.95,1000,17.9,500,0,31500
APOLLOHOSP30JAN201420PE.NFO,07/01/2020,11:20:40,16.55,15.75,500,17.7,1000,0,31500
APOLLOHOSP30JAN201420PE.NFO,07/01/2020,11:20:52,16.55,15.7,500,17.7,1000,0,31500
APOLLOHOSP30JAN201420PE.NFO,07/01/2020,11:20:58,16.55,15.7,1000,17.7,1000,0,31500
APOLLOHOSP30JAN201420PE.NFO,07/01/2020,11:21:02,16.55,15.6,500,17.55,1000,0,31500
APOLLOHOSP30JAN201420PE.NFO,07/01/2020,11:21:41,16.55,15.8,1000,17.55,1000,0,31500
APOLLOHOSP30JAN201420PE.NFO,07/01/2020,11:21:46,16.55,15.75,1000,17.55,1000,0,31500
APOLLOHOSP30JAN201420PE.NFO,07/01/2020,11:21:50,16.55,15.8,500,17.55,1000,0,31500
APOLLOHOSP30JAN201420PE.NFO,07/01/2020,11:22:02,16.55,15.75,1000,17.55,1000,0,31500
APOLLOHOSP30JAN201420PE.NFO,07/01/2020,11:22:22,16.55,15.7,1000,17.55,1000,0,31500
APOLLOHOSP30JAN201420PE.NFO,07/01/2020,11:22:35,16.55,15.75,1000,17.55,1000,0,31500
APOLLOHOSP30JAN201420PE.NFO,07/01/2020,11:22:44,16.55,15.8,1000,17.55,1000,0,31500
APOLLOHOSP30JAN201420PE.NFO,07/01/2020,11:23:04,16.55,15.85,500,17.55,1000,0,31500
APOLLOHOSP30JAN201420PE.NFO,07/01/2020,11:23:09,16.55,15.8,1000,17.55,1000,0,31500
APOLLOHOSP30JAN201420PE.NFO,07/01/2020,11:23:40,16.55,15.8,500,17.55,1000,0,31500
APOLLOHOSP30JAN201420PE.NFO,07/01/2020,11:23:49,16.55,15.8,1000,17.55,1000,0,31500
APOLLOHOSP30JAN201420PE.NFO,07/01/2020,11:24:05,16.55,15.8,1500,17.55,1000,0,31500
APOLLOHOSP30JAN201420PE.NFO,07/01/2020,11:24:10,16.55,15.8,500,17.55,1000,0,31500
APOLLOHOSP30JAN201420PE.NFO,07/01/2020,11:24:16,16.55,15.8,1000,17.55,1000,0,31500
APOLLOHOSP30JAN201420PE.NFO,07/01/2020,11:24:52,16.55,15.85,500,17.55,1000,0,31500
APOLLOHOSP30JAN201420PE.NFO,07/01/2020,11:24:56,16.55,15.8,1000,17.55,1000,0,31500
APOLLOHOSP30JAN201420PE.NFO,07/01/2020,11:25:28,16.55,15.95,1000,17.55,1000,0,31500
APOLLOHOSP30JAN201420PE.NFO,07/01/2020,11:26:18,16.55,16,1000,17.55,1000,0,31500
APOLLOHOSP30JAN201420PE.NFO,07/01/2020,11:27:31,16.55,16,500,17.55,1000,0,31500
APOLLOHOSP30JAN201420PE.NFO,07/01/2020,11:27:38,16.55,15.95,1000,17.55,1000,0,31500
APOLLOHOSP30JAN201420PE.NFO,07/01/2020,11:27:41,16.55,15.95,500,17.55,1000,0,31500
APOLLOHOSP30JAN201420PE.NFO,07/01/2020,11:27:56,16.55,15.85,1000,17.55,1000,0,31500
APOLLOHOSP30JAN201420PE.NFO,07/01/2020,11:28:04,16.55,15.85,500,17.55,1000,0,31500
APOLLOHOSP30JAN201420PE.NFO,07/01/2020,11:28:12,16.55,15.8,1500,17.55,1000,0,31500
APOLLOHOSP30JAN201420PE.NFO,07/01/2020,11:28:18,16.55,15.8,1000,17.55,1000,0,31500
APOLLOHOSP30JAN201420PE.NFO,07/01/2020,11:28:33,16.55,15.9,500,17.55,1000,0,31500
APOLLOHOSP30JAN201420PE.NFO,07/01/2020,11:28:36,16.55,15.85,500,17.55,1000,0,31500
APOLLOHOSP30JAN201420PE.NFO,07/01/2020,11:29:03,16.55,15.85,1000,17.55,1000,0,31500
APOLLOHOSP30JAN201420PE.NFO,07/01/2020,11:29:20,16.55,15.85,500,17.55,1000,0,31500
APOLLOHOSP30JAN201420PE.NFO,07/01/2020,11:29:41,16.55,15.95,500,17.55,1000,0,31500
APOLLOHOSP30JAN201420PE.NFO,07/01/2020,11:29:45,16.55,16,1000,17.55,1000,0,31500
APOLLOHOSP30JAN201420PE.NFO,07/01/2020,11:29:50,16.55,15.85,1000,17.55,1000,0,31500
APOLLOHOSP30JAN201420PE.NFO,07/01/2020,11:31:05,16.55,15.9,1000,17.55,1000,0,31500
APOLLOHOSP30JAN201420PE.NFO,07/01/2020,11:32:01,16.55,15.65,500,17.55,1000,0,31500
APOLLOHOSP30JAN201420PE.NFO,07/01/2020,11:32:07,16.55,15.65,1000,17.55,1000,0,31500
APOLLOHOSP30JAN201420PE.NFO,07/01/2020,11:32:12,16.55,15.75,500,17.55,1000,0,31500
APOLLOHOSP30JAN201420PE.NFO,07/01/2020,11:32:17,16.55,15.8,1000,17.55,1000,0,31500
APOLLOHOSP30JAN201420PE.NFO,07/01/2020,11:32:33,16.55,15.9,500,17.55,1000,0,31500
APOLLOHOSP30JAN201420PE.NFO,07/01/2020,11:32:37,16.55,15.85,1000,17.55,1000,0,31500
APOLLOHOSP30JAN201420PE.NFO,07/01/2020,11:32:41,16.55,15.85,500,17.55,1000,0,31500
APOLLOHOSP30JAN201420PE.NFO,07/01/2020,11:32:45,16.55,15.8,500,17.55,1000,0,31500
APOLLOHOSP30JAN201420PE.NFO,07/01/2020,11:32:54,16.55,15.8,1000,17.55,1000,0,31500
APOLLOHOSP30JAN201420PE.NFO,07/01/2020,11:33:05,16.55,15.85,1000,17.55,1000,0,31500
APOLLOHOSP30JAN201420PE.NFO,07/01/2020,11:33:22,16.55,15.8,1000,17.55,1000,0,31500
APOLLOHOSP30JAN201420PE.NFO,07/01/2020,11:33:39,16.55,15.85,1500,17.55,1000,0,31500
APOLLOHOSP30JAN201420PE.NFO,07/01/2020,11:33:50,16.55,15.85,1000,17.55,1000,0,31500
APOLLOHOSP30JAN201420PE.NFO,07/01/2020,11:33:59,16.55,15.95,1000,17.55,1000,0,31500
APOLLOHOSP30JAN201420PE.NFO,07/01/2020,11:34:10,16.55,15.9,1000,17.55,1000,0,31500
APOLLOHOSP30JAN201420PE.NFO,07/01/2020,11:34:17,16.55,15.85,1000,17.55,1000,0,31500
APOLLOHOSP30JAN201420PE.NFO,07/01/2020,11:35:03,16.55,15.7,500,17.55,1000,0,31500
APOLLOHOSP30JAN201420PE.NFO,07/01/2020,11:35:09,16.55,15.65,1000,17.55,1000,0,31500
APOLLOHOSP30JAN201420PE.NFO,07/01/2020,11:36:05,16.55,15.7,1000,17.45,1000,0,31500
APOLLOHOSP30JAN201420PE.NFO,07/01/2020,11:36:14,16.55,15.65,1000,17.45,1000,0,31500
APOLLOHOSP30JAN201420PE.NFO,07/01/2020,11:36:33,16.55,15.65,1000,17.45,1500,0,31500
APOLLOHOSP30JAN201420PE.NFO,07/01/2020,11:36:38,16.55,15.65,1000,17.45,1000,0,31500
APOLLOHOSP30JAN201420PE.NFO,07/01/2020,11:36:54,16.55,16,500,17.45,1000,0,31500
APOLLOHOSP30JAN201420PE.NFO,07/01/2020,11:37:00,16.55,15.9,500,17.45,1000,0,31500
APOLLOHOSP30JAN201420PE.NFO,07/01/2020,11:37:05,16.55,15.95,500,17.45,1000,0,31500
APOLLOHOSP30JAN201420PE.NFO,07/01/2020,11:37:10,16.55,15.9,1000,17.45,1000,0,31500
APOLLOHOSP30JAN201420PE.NFO,07/01/2020,11:37:18,16.55,15.95,1000,17.45,1000,0,31500
APOLLOHOSP30JAN201420PE.NFO,07/01/2020,11:37:32,16.55,15.95,500,17.45,1000,0,31500
APOLLOHOSP30JAN201420PE.NFO,07/01/2020,11:37:37,16.55,15.9,500,17.45,1000,0,31500
APOLLOHOSP30JAN201420PE.NFO,07/01/2020,11:37:42,16.55,15.85,1000,17.45,1000,0,31500
APOLLOHOSP30JAN201420PE.NFO,07/01/2020,11:37:47,16.55,15.95,1000,17.45,1000,0,31500
APOLLOHOSP30JAN201420PE.NFO,07/01/2020,11:38:22,16.55,16,1000,17.45,1000,0,31500
APOLLOHOSP30JAN201420PE.NFO,07/01/2020,11:38:33,16.55,16,1500,17.45,1000,0,31500
APOLLOHOSP30JAN201420PE.NFO,07/01/2020,11:38:44,16.55,16.15,500,17.45,1000,0,31500
APOLLOHOSP30JAN201420PE.NFO,07/01/2020,11:39:14,16.55,16,1500,17.45,1000,0,31500
APOLLOHOSP30JAN201420PE.NFO,07/01/2020,11:40:42,16.55,16,1000,17.45,1000,0,31500
APOLLOHOSP30JAN201420PE.NFO,07/01/2020,11:40:46,16.55,16,1500,17.45,1000,0,31500
APOLLOHOSP30JAN201420PE.NFO,07/01/2020,11:40:56,16.55,16,2000,17.45,1000,0,31500
APOLLOHOSP30JAN201420PE.NFO,07/01/2020,11:41:14,16.55,16.15,1000,17.45,1000,0,31500
APOLLOHOSP30JAN201420PE.NFO,07/01/2020,11:41:18,16.55,16.1,1000,17.45,1000,0,31500
APOLLOHOSP30JAN201420PE.NFO,07/01/2020,11:41:23,16.55,16.15,500,17.45,1000,0,31500
APOLLOHOSP30JAN201420PE.NFO,07/01/2020,11:42:16,16.55,16.15,1500,17.45,1000,0,31500
APOLLOHOSP30JAN201420PE.NFO,07/01/2020,11:42:24,16.55,16.15,500,17.45,1000,0,31500
APOLLOHOSP30JAN201420PE.NFO,07/01/2020,11:42:42,16.55,16.05,2000,17.45,1000,0,31500
APOLLOHOSP30JAN201420PE.NFO,07/01/2020,11:42:46,16.55,16,1500,17.45,1000,0,31500
APOLLOHOSP30JAN201420PE.NFO,07/01/2020,11:42:55,16.55,16.05,1500,17.45,1000,0,31500
APOLLOHOSP30JAN201420PE.NFO,07/01/2020,11:43:00,16.55,16.15,1000,17.45,1000,0,31500
APOLLOHOSP30JAN201420PE.NFO,07/01/2020,11:43:04,16.55,16.05,1500,17.45,1000,0,31500
APOLLOHOSP30JAN201420PE.NFO,07/01/2020,11:43:13,16.55,16.15,500,17.45,1000,0,31500
APOLLOHOSP30JAN201420PE.NFO,07/01/2020,11:43:17,16.55,16.05,1500,17.45,1000,0,31500
APOLLOHOSP30JAN201420PE.NFO,07/01/2020,11:43:41,16.55,16.05,1000,17.45,1000,0,31500
APOLLOHOSP30JAN201420PE.NFO,07/01/2020,11:43:45,16.55,16,1000,17.45,1000,0,31500
APOLLOHOSP30JAN201420PE.NFO,07/01/2020,11:44:35,16.55,16.1,500,17.45,1000,0,31500
APOLLOHOSP30JAN201420PE.NFO,07/01/2020,11:44:39,16.55,16.15,500,17.45,1000,0,31500
APOLLOHOSP30JAN201420PE.NFO,07/01/2020,11:44:45,16.55,16.05,1500,17.45,1000,0,31500
APOLLOHOSP30JAN201420PE.NFO,07/01/2020,11:44:48,16.55,16.15,500,17.45,1000,0,31500
APOLLOHOSP30JAN201420PE.NFO,07/01/2020,11:44:57,16.55,16.15,1000,17.45,1000,0,31500
APOLLOHOSP30JAN201420PE.NFO,07/01/2020,11:45:00,16.55,16.15,500,17.45,1000,0,31500
APOLLOHOSP30JAN201420PE.NFO,07/01/2020,11:45:12,16.55,16.05,2000,17.45,1000,0,31500
APOLLOHOSP30JAN201420PE.NFO,07/01/2020,11:45:35,16.55,16.1,1000,17.45,1000,0,31500
APOLLOHOSP30JAN201420PE.NFO,07/01/2020,11:45:38,16.55,16.15,500,17.45,1000,0,31500
APOLLOHOSP30JAN201420PE.NFO,07/01/2020,11:46:18,16.55,16.1,500,17.45,1000,0,31500
APOLLOHOSP30JAN201420PE.NFO,07/01/2020,11:46:25,16.55,16.15,500,17.45,1000,0,31500
APOLLOHOSP30JAN201420PE.NFO,07/01/2020,11:46:27,16.55,16.1,500,17.45,1000,0,31500
APOLLOHOSP30JAN201420PE.NFO,07/01/2020,11:46:36,16.55,16.15,500,17.45,1000,0,31500
APOLLOHOSP30JAN201420PE.NFO,07/01/2020,11:46:53,16.55,16.1,500,17.45,1000,0,31500
APOLLOHOSP30JAN201420PE.NFO,07/01/2020,11:47:02,16.55,16.15,500,17.45,1000,0,31500
APOLLOHOSP30JAN201420PE.NFO,07/01/2020,11:47:05,16.55,16.1,500,17.45,1000,0,31500
APOLLOHOSP30JAN201420PE.NFO,07/01/2020,11:47:07,16.55,16.15,500,17.45,1000,0,31500
APOLLOHOSP30JAN201420PE.NFO,07/01/2020,11:47:11,16.55,16.1,500,17.45,1000,0,31500
APOLLOHOSP30JAN201420PE.NFO,07/01/2020,11:47:20,16.55,16.15,500,17.45,1000,0,31500
APOLLOHOSP30JAN201420PE.NFO,07/01/2020,11:47:28,16.55,16.1,500,17.45,1000,0,31500
APOLLOHOSP30JAN201420PE.NFO,07/01/2020,11:47:45,16.55,16.15,500,17.45,1000,0,31500
APOLLOHOSP30JAN201420PE.NFO,07/01/2020,11:47:48,16.55,16.1,500,17.45,1000,0,31500
APOLLOHOSP30JAN201420PE.NFO,07/01/2020,11:47:50,16.55,16.15,500,17.45,1000,0,31500
APOLLOHOSP30JAN201420PE.NFO,07/01/2020,11:47:52,16.55,16.2,500,17.45,1000,0,31500
APOLLOHOSP30JAN201420PE.NFO,07/01/2020,11:48:01,16.55,16.25,500,17.45,1000,0,31500
APOLLOHOSP30JAN201420PE.NFO,07/01/2020,11:48:04,16.55,16.15,500,17.45,1000,0,31500
APOLLOHOSP30JAN201420PE.NFO,07/01/2020,11:48:07,16.55,16.25,500,17.45,1000,0,31500
APOLLOHOSP30JAN201420PE.NFO,07/01/2020,11:48:18,17.45,16.25,500,17.45,500,500,32000
APOLLOHOSP30JAN201420PE.NFO,07/01/2020,11:48:18,17.45,16.25,500,17.45,500,0,32000
APOLLOHOSP30JAN201420PE.NFO,07/01/2020,11:48:25,17.45,16.25,1500,17.45,500,0,32000
APOLLOHOSP30JAN201420PE.NFO,07/01/2020,11:48:28,17.45,16.3,1000,17.45,500,0,32000
APOLLOHOSP30JAN201420PE.NFO,07/01/2020,11:49:42,17.45,16.4,1000,17.45,500,0,32000
APOLLOHOSP30JAN201420PE.NFO,07/01/2020,11:50:27,17.45,16.4,500,17.45,500,0,32000
APOLLOHOSP30JAN201420PE.NFO,07/01/2020,11:53:27,17.45,16.3,1000,17.45,500,0,32000
APOLLOHOSP30JAN201420PE.NFO,07/01/2020,11:53:34,17.45,16.4,500,17.45,500,0,32000
APOLLOHOSP30JAN201420PE.NFO,07/01/2020,11:53:41,17.45,16.5,1000,17.45,500,0,32000
APOLLOHOSP30JAN201420PE.NFO,07/01/2020,11:53:44,17.45,16.5,1500,17.45,500,0,32000
APOLLOHOSP30JAN201420PE.NFO,07/01/2020,11:53:47,17.45,16.5,1000,17.45,500,0,32000
APOLLOHOSP30JAN201420PE.NFO,07/01/2020,11:55:21,17.45,16.85,500,18.25,1000,0,32000
APOLLOHOSP30JAN201420PE.NFO,07/01/2020,11:55:25,17.45,16.9,1000,18.25,1000,0,32000
APOLLOHOSP30JAN201420PE.NFO,07/01/2020,11:56:01,17.45,16.75,1500,18.25,1000,0,32000
APOLLOHOSP30JAN201420PE.NFO,07/01/2020,11:56:19,17.45,16.75,500,18.25,1000,0,32000
APOLLOHOSP30JAN201420PE.NFO,07/01/2020,11:56:21,17.45,16.75,1000,18.25,1000,0,32000
APOLLOHOSP30JAN201420PE.NFO,07/01/2020,11:56:23,17.45,16.8,1000,18.25,1000,0,32000
APOLLOHOSP30JAN201420PE.NFO,07/01/2020,11:56:37,17.45,16.75,500,18.25,1000,0,32000
APOLLOHOSP30JAN201420PE.NFO,07/01/2020,11:56:43,17.45,16.65,2000,18.25,1000,0,32000
APOLLOHOSP30JAN201420PE.NFO,07/01/2020,11:56:46,17.45,16.65,1500,18.25,1000,0,32000
APOLLOHOSP30JAN201420PE.NFO,07/01/2020,11:56:55,17.45,16.65,1000,18.25,1000,0,32000
APOLLOHOSP30JAN201420PE.NFO,07/01/2020,11:57:17,17.45,16.65,500,18.25,1000,0,32000
APOLLOHOSP30JAN201420PE.NFO,07/01/2020,11:57:23,17.45,16.65,1000,18.25,1000,0,32000
APOLLOHOSP30JAN201420PE.NFO,07/01/2020,11:57:29,17.45,16.65,500,18.25,1000,0,32000
APOLLOHOSP30JAN201420PE.NFO,07/01/2020,11:57:32,17.45,16.65,1000,18.25,1000,0,32000
APOLLOHOSP30JAN201420PE.NFO,07/01/2020,11:57:54,17.45,16.65,1500,18.25,1000,0,32000
APOLLOHOSP30JAN201420PE.NFO,07/01/2020,11:58:32,17.45,16.65,1000,18.25,1000,0,32000
APOLLOHOSP30JAN201420PE.NFO,07/01/2020,11:58:54,17.45,16.65,1000,18.25,1500,0,32000
APOLLOHOSP30JAN201420PE.NFO,07/01/2020,11:58:56,17.45,16.65,1000,18.25,1000,0,32000
APOLLOHOSP30JAN201420PE.NFO,07/01/2020,12:01:31,17.45,16.75,1500,18.25,1000,0,32000
APOLLOHOSP30JAN201420PE.NFO,07/01/2020,12:02:32,17.45,16.75,1000,18.25,1000,0,32000
APOLLOHOSP30JAN201420PE.NFO,07/01/2020,12:02:38,17.45,16.7,500,18.25,1000,0,32000
APOLLOHOSP30JAN201420PE.NFO,07/01/2020,12:02:50,17.45,16.8,500,18.25,1000,0,32000
APOLLOHOSP30JAN201420PE.NFO,07/01/2020,12:03:26,17.45,16.8,1000,18.25,1000,0,32000
APOLLOHOSP30JAN201420PE.NFO,07/01/2020,12:04:24,17.45,16.8,500,18.25,1000,0,32000
APOLLOHOSP30JAN201420PE.NFO,07/01/2020,12:04:29,17.45,16.8,1000,18.25,1000,0,32000
APOLLOHOSP30JAN201420PE.NFO,07/01/2020,12:04:34,17.45,16.8,500,18.25,1000,0,32000
APOLLOHOSP30JAN201420PE.NFO,07/01/2020,12:04:57,17.45,16.8,1000,18.25,1000,0,32000
APOLLOHOSP30JAN201420PE.NFO,07/01/2020,12:05:34,17.45,16.8,1000,17.95,1000,0,32000
APOLLOHOSP30JAN201420PE.NFO,07/01/2020,12:05:36,17.45,16.8,1000,17.75,1000,0,32000
APOLLOHOSP30JAN201420PE.NFO,07/01/2020,12:05:39,17.45,16.8,1000,17.5,500,0,32000
APOLLOHOSP30JAN201420PE.NFO,07/01/2020,12:05:59,17.45,16.8,1000,17.5,1000,0,32000
APOLLOHOSP30JAN201420PE.NFO,07/01/2020,12:06:47,17.45,16.9,1500,18.8,1000,0,32000
APOLLOHOSP30JAN201420PE.NFO,07/01/2020,12:06:50,17.45,16.9,1500,18.4,1000,0,32000
APOLLOHOSP30JAN201420PE.NFO,07/01/2020,12:06:52,17.45,16.9,1500,18.3,1000,0,32000
APOLLOHOSP30JAN201420PE.NFO,07/01/2020,12:06:57,17.45,16.9,1500,18.2,1000,0,32000
APOLLOHOSP30JAN201420PE.NFO,07/01/2020,12:06:59,17.45,16.9,1500,18,1000,0,32000
APOLLOHOSP30JAN201420PE.NFO,07/01/2020,12:07:01,17.45,16.9,1500,17.7,500,0,32000
APOLLOHOSP30JAN201420PE.NFO,07/01/2020,12:07:04,17.45,16.9,1500,17.65,500,0,32000
APOLLOHOSP30JAN201420PE.NFO,07/01/2020,12:07:16,17.45,16.75,1000,17.65,1000,0,32000
APOLLOHOSP30JAN201420PE.NFO,07/01/2020,12:07:27,17.45,16.75,1000,17.65,500,0,32000
APOLLOHOSP30JAN201420PE.NFO,07/01/2020,12:07:32,17.45,16.75,1000,17.65,1000,0,32000
APOLLOHOSP30JAN201420PE.NFO,07/01/2020,12:08:14,17.45,16.75,500,17.65,1000,0,32000
APOLLOHOSP30JAN201420PE.NFO,07/01/2020,12:08:21,17.45,16.7,500,17.65,1000,0,32000
APOLLOHOSP30JAN201420PE.NFO,07/01/2020,12:09:20,17.45,16.65,500,17.65,1000,0,32000
APOLLOHOSP30JAN201420PE.NFO,07/01/2020,12:09:58,17.45,16.75,500,17.65,1000,0,32000
APOLLOHOSP30JAN201420PE.NFO,07/01/2020,12:10:02,17.45,16.7,500,17.65,1000,0,32000
APOLLOHOSP30JAN201420PE.NFO,07/01/2020,12:10:16,17.45,16.6,500,17.65,1000,0,32000
APOLLOHOSP30JAN201420PE.NFO,07/01/2020,12:10:37,17.45,16.4,1000,17.65,1000,0,32000
APOLLOHOSP30JAN201420PE.NFO,07/01/2020,12:11:48,17.45,16.5,1000,17.65,1000,0,32000
APOLLOHOSP30JAN201420PE.NFO,07/01/2020,12:11:58,17.45,16.4,500,17.65,1000,0,32000
APOLLOHOSP30JAN201420PE.NFO,07/01/2020,12:12:13,17.45,16.45,1000,17.65,1000,0,32000
APOLLOHOSP30JAN201420PE.NFO,07/01/2020,12:12:15,17.45,16.45,500,17.65,1000,0,32000
APOLLOHOSP30JAN201420PE.NFO,07/01/2020,12:12:25,17.45,16.4,500,17.65,1000,0,32000
APOLLOHOSP30JAN201420PE.NFO,07/01/2020,12:12:36,17.45,16.45,500,17.65,1000,0,32000
APOLLOHOSP30JAN201420PE.NFO,07/01/2020,12:13:09,17.45,16.35,500,17.65,1000,0,32000
APOLLOHOSP30JAN201420PE.NFO,07/01/2020,12:13:31,17.45,16.35,500,17.65,500,0,32000
APOLLOHOSP30JAN201420PE.NFO,07/01/2020,12:13:46,17.45,16.35,1000,17.65,500,0,32000
APOLLOHOSP30JAN201420PE.NFO,07/01/2020,12:13:50,17.45,16.45,1000,17.65,500,0,32000
APOLLOHOSP30JAN201420PE.NFO,07/01/2020,12:13:53,17.45,16.55,1000,17.65,500,0,32000
APOLLOHOSP30JAN201420PE.NFO,07/01/2020,12:14:09,17.45,16.55,1500,17.65,500,0,32000
APOLLOHOSP30JAN201420PE.NFO,07/01/2020,12:14:54,17.45,16.55,2000,17.65,500,0,32000
APOLLOHOSP30JAN201420PE.NFO,07/01/2020,12:17:27,17.45,16.65,2000,17.65,500,0,32000
APOLLOHOSP30JAN201420PE.NFO,07/01/2020,12:17:31,17.45,16.65,2000,17.7,500,0,32000
APOLLOHOSP30JAN201420PE.NFO,07/01/2020,12:17:39,17.45,16.65,2500,17.7,500,0,32000
APOLLOHOSP30JAN201420PE.NFO,07/01/2020,12:17:52,17.45,16.65,2500,17.75,500,0,32000
APOLLOHOSP30JAN201420PE.NFO,07/01/2020,12:18:59,17.45,16.75,2500,17.8,500,0,32000
APOLLOHOSP30JAN201420PE.NFO,07/01/2020,12:19:00,17.45,16.75,2500,17.85,500,0,32000
APOLLOHOSP30JAN201420PE.NFO,07/01/2020,12:19:36,17.45,16.75,2000,17.85,500,0,32000
APOLLOHOSP30JAN201420PE.NFO,07/01/2020,12:19:43,17.45,16.75,2500,17.85,500,0,32000
APOLLOHOSP30JAN201420PE.NFO,07/01/2020,12:19:54,17.45,16.75,2500,17.9,500,0,32000
APOLLOHOSP30JAN201420PE.NFO,07/01/2020,12:20:01,17.45,17.05,1500,17.95,500,0,32000
APOLLOHOSP30JAN201420PE.NFO,07/01/2020,12:20:14,17.45,17.05,500,17.95,500,0,32000
APOLLOHOSP30JAN201420PE.NFO,07/01/2020,12:20:22,17.45,17.05,1000,17.95,500,0,32000
APOLLOHOSP30JAN201420PE.NFO,07/01/2020,12:21:38,17.05,16.5,500,17.65,500,500,32000
APOLLOHOSP30JAN201420PE.NFO,07/01/2020,12:21:40,17.05,16.5,500,17.65,500,0,32000
APOLLOHOSP30JAN201420PE.NFO,07/01/2020,12:21:42,17.05,16.55,1000,17.65,500,0,32000
APOLLOHOSP30JAN201420PE.NFO,07/01/2020,12:21:44,17.05,16.55,2500,17.65,500,0,32000
APOLLOHOSP30JAN201420PE.NFO,07/01/2020,12:21:51,17.05,16.75,1000,17.65,500,0,32000
APOLLOHOSP30JAN201420PE.NFO,07/01/2020,12:21:53,17.05,16.75,500,17.65,500,0,32000
APOLLOHOSP30JAN201420PE.NFO,07/01/2020,12:21:59,17.05,16.75,1000,17.65,500,0,32000
APOLLOHOSP30JAN201420PE.NFO,07/01/2020,12:22:13,17.05,16.75,500,17.65,500,0,32000
APOLLOHOSP30JAN201420PE.NFO,07/01/2020,12:22:21,17.05,16.75,1000,17.65,500,0,32000
APOLLOHOSP30JAN201420PE.NFO,07/01/2020,12:22:24,17.05,16.75,2000,17.65,500,0,32000
APOLLOHOSP30JAN201420PE.NFO,07/01/2020,12:22:39,17.05,16.7,500,17.65,500,0,32000
APOLLOHOSP30JAN201420PE.NFO,07/01/2020,12:22:45,17.05,16.3,2000,17.55,1000,0,32000
APOLLOHOSP30JAN201420PE.NFO,07/01/2020,12:22:55,17.05,16.4,2500,17.55,1000,0,32000
APOLLOHOSP30JAN201420PE.NFO,07/01/2020,12:23:12,17.05,16.55,1500,17.55,1000,0,32000
APOLLOHOSP30JAN201420PE.NFO,07/01/2020,12:23:25,17.05,16.6,1000,17.55,1000,0,32000
APOLLOHOSP30JAN201420PE.NFO,07/01/2020,12:23:31,17.05,16.55,1500,17.55,1000,0,32000
APOLLOHOSP30JAN201420PE.NFO,07/01/2020,12:23:34,17.05,16.6,500,17.55,1000,0,32000
APOLLOHOSP30JAN201420PE.NFO,07/01/2020,12:23:37,17.05,16.6,1500,17.55,1000,0,32000
APOLLOHOSP30JAN201420PE.NFO,07/01/2020,12:23:47,17.05,16.7,500,17.55,1000,0,32000
APOLLOHOSP30JAN201420PE.NFO,07/01/2020,12:23:50,17.05,16.6,1000,17.55,1000,0,32000
APOLLOHOSP30JAN201420PE.NFO,07/01/2020,12:23:53,17.05,16.7,500,17.55,1000,0,32000
APOLLOHOSP30JAN201420PE.NFO,07/01/2020,12:23:56,17.05,16.65,500,17.55,1000,0,32000
APOLLOHOSP30JAN201420PE.NFO,07/01/2020,12:23:58,17.05,16.65,1000,17.55,1000,0,32000
APOLLOHOSP30JAN201420PE.NFO,07/01/2020,12:24:00,17.05,16.95,500,19.35,500,0,32000
APOLLOHOSP30JAN201420PE.NFO,07/01/2020,12:24:03,17.05,17,1500,18.4,1000,0,32000
APOLLOHOSP30JAN201420PE.NFO,07/01/2020,12:24:05,17.05,16.95,1500,18.4,1000,0,32000
APOLLOHOSP30JAN201420PE.NFO,07/01/2020,12:24:08,17.05,16.95,1000,18.2,1000,0,32000
APOLLOHOSP30JAN201420PE.NFO,07/01/2020,12:24:10,17.05,17.15,500,18.2,1000,0,32000
APOLLOHOSP30JAN201420PE.NFO,07/01/2020,12:24:15,17.05,17.1,500,18.2,1500,0,32000
APOLLOHOSP30JAN201420PE.NFO,07/01/2020,12:24:19,17.05,17.2,500,18.2,1000,0,32000
APOLLOHOSP30JAN201420PE.NFO,07/01/2020,12:24:22,17.05,17.2,1000,18.2,1000,0,32000
APOLLOHOSP30JAN201420PE.NFO,07/01/2020,12:24:25,17.05,17.2,1500,18.2,1000,0,32000
APOLLOHOSP30JAN201420PE.NFO,07/01/2020,12:24:29,17.05,17.3,1500,18.2,1000,0,32000
APOLLOHOSP30JAN201420PE.NFO,07/01/2020,12:24:32,17.05,17.4,500,18.2,1000,0,32000
APOLLOHOSP30JAN201420PE.NFO,07/01/2020,12:24:37,17.05,17.45,1000,18.2,1000,0,32000
APOLLOHOSP30JAN201420PE.NFO,07/01/2020,12:24:43,17.05,17.3,1000,18.2,1000,0,32000
APOLLOHOSP30JAN201420PE.NFO,07/01/2020,12:24:46,17.05,17.3,1500,18.2,1000,0,32000
APOLLOHOSP30JAN201420PE.NFO,07/01/2020,12:25:02,17.05,17.35,1000,18.2,1000,0,32000
APOLLOHOSP30JAN201420PE.NFO,07/01/2020,12:25:07,17.05,17.4,500,18.2,1000,0,32000
APOLLOHOSP30JAN201420PE.NFO,07/01/2020,12:25:10,17.05,17.35,500,18.2,1000,0,32000
APOLLOHOSP30JAN201420PE.NFO,07/01/2020,12:25:14,17.05,17.3,1500,18.2,1000,0,32000
APOLLOHOSP30JAN201420PE.NFO,07/01/2020,12:25:23,17.05,17.3,1000,18.2,1000,0,32000
APOLLOHOSP30JAN201420PE.NFO,07/01/2020,12:25:25,17.05,17.25,1000,18,500,0,32000
APOLLOHOSP30JAN201420PE.NFO,07/01/2020,12:25:27,17.05,17.25,1000,17.95,500,0,32000
APOLLOHOSP30JAN201420PE.NFO,07/01/2020,12:25:36,17.05,17.3,2500,18.05,500,0,32000
APOLLOHOSP30JAN201420PE.NFO,07/01/2020,12:25:55,17.05,17.3,1000,18.05,1000,0,32000
APOLLOHOSP30JAN201420PE.NFO,07/01/2020,12:25:58,17.05,17.25,1000,18.05,1000,0,32000
APOLLOHOSP30JAN201420PE.NFO,07/01/2020,12:26:47,17.05,17.25,500,18.05,1000,0,32000
APOLLOHOSP30JAN201420PE.NFO,07/01/2020,12:27:07,17.05,17.15,1000,18.05,1000,0,32000
APOLLOHOSP30JAN201420PE.NFO,07/01/2020,12:27:27,17.05,17.15,1500,18.05,1000,0,32000
APOLLOHOSP30JAN201420PE.NFO,07/01/2020,12:28:20,17.05,17.15,1500,18.05,1000,0,32500
APOLLOHOSP30JAN201420PE.NFO,07/01/2020,12:29:30,17.05,17.25,2500,18.2,1000,0,32500
APOLLOHOSP30JAN201420PE.NFO,07/01/2020,12:29:33,17.05,17.25,2500,18.05,500,0,32500
APOLLOHOSP30JAN201420PE.NFO,07/01/2020,12:29:37,17.05,17.25,2500,18.1,500,0,32500
APOLLOHOSP30JAN201420PE.NFO,07/01/2020,12:29:41,17.05,17.25,2500,18.1,1000,0,32500
APOLLOHOSP30JAN201420PE.NFO,07/01/2020,12:30:42,17.05,17.5,500,18.1,500,0,32500
APOLLOHOSP30JAN201420PE.NFO,07/01/2020,12:30:45,17.05,17.5,1500,18.3,500,0,32500
APOLLOHOSP30JAN201420PE.NFO,07/01/2020,12:30:53,17.05,17.5,1500,18.3,1000,0,32500
APOLLOHOSP30JAN201420PE.NFO,07/01/2020,12:31:18,17.05,17.5,1500,18.3,500,0,32500
APOLLOHOSP30JAN201420PE.NFO,07/01/2020,12:31:25,17.05,17.5,1500,18.3,1000,0,32500
APOLLOHOSP30JAN201420PE.NFO,07/01/2020,12:31:31,17.05,17.5,1500,18.3,500,0,32500
APOLLOHOSP30JAN201420PE.NFO,07/01/2020,12:31:55,17.05,17.5,1500,18.3,1000,0,32500
APOLLOHOSP30JAN201420PE.NFO,07/01/2020,12:32:49,17.05,17.5,1500,18.3,500,0,32500
APOLLOHOSP30JAN201420PE.NFO,07/01/2020,12:33:18,17.05,17.5,1000,18.3,500,0,32500
APOLLOHOSP30JAN201420PE.NFO,07/01/2020,12:33:22,17.05,17.5,1000,18.3,1000,0,32500
APOLLOHOSP30JAN201420PE.NFO,07/01/2020,12:33:43,17.05,17.5,1500,18.3,1000,0,32500
APOLLOHOSP30JAN201420PE.NFO,07/01/2020,12:34:30,17.05,17.5,1000,18.3,1000,0,32500
APOLLOHOSP30JAN201420PE.NFO,07/01/2020,12:34:36,17.05,17.45,1000,18.3,1000,0,32500
APOLLOHOSP30JAN201420PE.NFO,07/01/2020,12:34:48,17.05,17.3,1000,18.3,1000,0,32500
APOLLOHOSP30JAN201420PE.NFO,07/01/2020,12:34:56,17.05,17.3,500,18.3,1000,0,32500
APOLLOHOSP30JAN201420PE.NFO,07/01/2020,12:35:07,17.05,17.3,1000,18.3,1000,0,32500
APOLLOHOSP30JAN201420PE.NFO,07/01/2020,12:37:03,17.05,17.3,1500,18.3,1000,0,32500
APOLLOHOSP30JAN201420PE.NFO,07/01/2020,12:37:18,17.05,17.3,1000,18.3,1000,0,32500
APOLLOHOSP30JAN201420PE.NFO,07/01/2020,12:37:36,17.05,17.25,500,18.3,1000,0,32500
APOLLOHOSP30JAN201420PE.NFO,07/01/2020,12:37:45,17.2,17.15,500,18.3,1000,500,32500
APOLLOHOSP30JAN201420PE.NFO,07/01/2020,12:37:48,17.2,17.15,500,18.3,1000,0,32500
APOLLOHOSP30JAN201420PE.NFO,07/01/2020,12:38:25,17.2,16.85,500,18.3,1000,0,32500
APOLLOHOSP30JAN201420PE.NFO,07/01/2020,12:38:45,17.2,16.75,500,18.3,1000,0,32500
APOLLOHOSP30JAN201420PE.NFO,07/01/2020,12:39:03,17.2,16.85,1000,18.3,1000,0,32500
APOLLOHOSP30JAN201420PE.NFO,07/01/2020,12:39:06,17.2,16.8,1000,18.3,1000,0,32500
APOLLOHOSP30JAN201420PE.NFO,07/01/2020,12:39:21,17.2,16.95,1000,18.3,1000,0,32500
APOLLOHOSP30JAN201420PE.NFO,07/01/2020,12:39:25,17.2,17,1000,18.3,1000,0,32500
APOLLOHOSP30JAN201420PE.NFO,07/01/2020,12:39:37,17.2,17,500,18.3,1000,0,32500
APOLLOHOSP30JAN201420PE.NFO,07/01/2020,12:39:39,17.2,17,1000,18.3,1000,0,32500
APOLLOHOSP30JAN201420PE.NFO,07/01/2020,12:39:41,17.2,16.95,1000,18.3,1000,0,32500
APOLLOHOSP30JAN201420PE.NFO,07/01/2020,12:40:11,17.2,16.9,500,18.3,1000,0,32500
APOLLOHOSP30JAN201420PE.NFO,07/01/2020,12:40:23,17.2,16.85,1500,18.3,1000,0,32500
APOLLOHOSP30JAN201420PE.NFO,07/01/2020,12:40:35,17.2,16.85,1000,18.3,1000,0,32500
APOLLOHOSP30JAN201420PE.NFO,07/01/2020,12:40:49,17.2,16.75,1000,18.3,1000,0,32500
APOLLOHOSP30JAN201420PE.NFO,07/01/2020,12:41:09,17.2,16.75,500,18.3,1000,0,32500
APOLLOHOSP30JAN201420PE.NFO,07/01/2020,12:41:16,17.2,16.75,1000,18.3,1000,0,32500
APOLLOHOSP30JAN201420PE.NFO,07/01/2020,12:41:29,17.2,16.75,500,18.3,1000,0,32500
APOLLOHOSP30JAN201420PE.NFO,07/01/2020,12:41:51,17.2,16.7,500,18.3,1000,0,32500
APOLLOHOSP30JAN201420PE.NFO,07/01/2020,12:41:55,17.2,16.65,500,18.3,1000,0,32500
APOLLOHOSP30JAN201420PE.NFO,07/01/2020,12:42:15,17.2,16.6,500,18.3,1000,0,32500
APOLLOHOSP30JAN201420PE.NFO,07/01/2020,12:42:21,17.2,16.55,500,18.3,1000,0,32500
APOLLOHOSP30JAN201420PE.NFO,07/01/2020,12:42:25,17.2,16.6,500,18.3,1000,0,32500
APOLLOHOSP30JAN201420PE.NFO,07/01/2020,12:42:54,17.2,16.6,500,18.3,500,0,32500
APOLLOHOSP30JAN201420PE.NFO,07/01/2020,12:42:57,17.2,16.65,500,18,1000,0,32500
APOLLOHOSP30JAN201420PE.NFO,07/01/2020,12:43:01,17.2,16.65,500,17.7,1000,0,32500
APOLLOHOSP30JAN201420PE.NFO,07/01/2020,12:43:04,17.2,16.6,500,17.35,1000,0,32500
APOLLOHOSP30JAN201420PE.NFO,07/01/2020,12:43:15,17.2,16.55,500,17.35,1000,0,32500
APOLLOHOSP30JAN201420PE.NFO,07/01/2020,12:43:22,17.2,16.5,500,17.35,1000,0,32500
APOLLOHOSP30JAN201420PE.NFO,07/01/2020,12:44:43,17.2,16.45,500,17.35,1000,0,32500
APOLLOHOSP30JAN201420PE.NFO,07/01/2020,12:46:27,17.2,16.65,500,17.4,500,0,32500
APOLLOHOSP30JAN201420PE.NFO,07/01/2020,12:46:31,17.2,16.65,500,17.45,1000,0,32500
APOLLOHOSP30JAN201420PE.NFO,07/01/2020,12:46:36,17.2,16.6,500,17.45,1000,0,32500
APOLLOHOSP30JAN201420PE.NFO,07/01/2020,12:46:46,17.2,16.6,1000,17.45,1000,0,32500
APOLLOHOSP30JAN201420PE.NFO,07/01/2020,12:47:16,17.2,16.65,1000,17.45,1000,0,32500
APOLLOHOSP30JAN201420PE.NFO,07/01/2020,12:47:35,17.2,16.5,500,17.45,1000,0,32500
APOLLOHOSP30JAN201420PE.NFO,07/01/2020,12:48:22,17.2,16.45,500,17.45,1000,0,32500
APOLLOHOSP30JAN201420PE.NFO,07/01/2020,12:48:26,17.2,16.4,1000,17.45,1000,0,32500
APOLLOHOSP30JAN201420PE.NFO,07/01/2020,12:48:37,17.2,16.3,1000,17.45,1000,0,32500
APOLLOHOSP30JAN201420PE.NFO,07/01/2020,12:49:02,17.2,16.5,500,17.45,1000,0,32500
APOLLOHOSP30JAN201420PE.NFO,07/01/2020,12:49:20,17.2,16.45,500,17.45,1000,0,32500
APOLLOHOSP30JAN201420PE.NFO,07/01/2020,12:49:27,17.2,16.5,500,17.45,1000,0,32500
APOLLOHOSP30JAN201420PE.NFO,07/01/2020,12:49:29,17.2,16.45,500,17.45,1000,0,32500
APOLLOHOSP30JAN201420PE.NFO,07/01/2020,12:49:37,17.2,16.5,500,17.45,1000,0,32500
APOLLOHOSP30JAN201420PE.NFO,07/01/2020,12:49:39,17.2,16.45,500,17.45,1000,0,32500
APOLLOHOSP30JAN201420PE.NFO,07/01/2020,12:49:41,17.2,16.5,500,17.45,1000,0,32500
APOLLOHOSP30JAN201420PE.NFO,07/01/2020,12:49:52,17.2,16.45,500,17.45,1000,0,32500
APOLLOHOSP30JAN201420PE.NFO,07/01/2020,12:49:54,17.2,16.5,500,17.45,1000,0,32500
APOLLOHOSP30JAN201420PE.NFO,07/01/2020,12:49:56,17.2,16.45,500,17.45,1000,0,32500
APOLLOHOSP30JAN201420PE.NFO,07/01/2020,12:50:05,17.2,16.5,500,17.45,1000,0,32500
APOLLOHOSP30JAN201420PE.NFO,07/01/2020,12:50:07,17.2,16.45,500,17.45,1000,0,32500
APOLLOHOSP30JAN201420PE.NFO,07/01/2020,12:50:10,17.2,16.5,500,17.45,1000,0,32500
APOLLOHOSP30JAN201420PE.NFO,07/01/2020,12:50:33,17.2,16.45,500,17.45,1000,0,32500
APOLLOHOSP30JAN201420PE.NFO,07/01/2020,12:50:36,17.2,16.5,500,17.45,1000,0,32500
APOLLOHOSP30JAN201420PE.NFO,07/01/2020,12:50:38,17.2,16.45,500,17.45,1000,0,32500
APOLLOHOSP30JAN201420PE.NFO,07/01/2020,12:50:40,17.2,16.55,1000,17.45,1000,0,32500
APOLLOHOSP30JAN201420PE.NFO,07/01/2020,12:51:53,17.2,16.5,500,17.45,1000,0,32500
APOLLOHOSP30JAN201420PE.NFO,07/01/2020,12:51:59,17.2,16.45,500,17.45,1000,0,32500
APOLLOHOSP30JAN201420PE.NFO,07/01/2020,12:52:18,17.2,16.5,500,17.45,1000,0,32500
APOLLOHOSP30JAN201420PE.NFO,07/01/2020,12:52:29,17.2,16.4,1000,17.45,1000,0,32500
APOLLOHOSP30JAN201420PE.NFO,07/01/2020,12:52:38,17.2,16.4,500,17.45,1000,0,32500
APOLLOHOSP30JAN201420PE.NFO,07/01/2020,12:52:47,17.2,16.35,500,17.45,1000,0,32500
APOLLOHOSP30JAN201420PE.NFO,07/01/2020,12:52:51,17.2,16.45,500,17.45,1000,0,32500
APOLLOHOSP30JAN201420PE.NFO,07/01/2020,12:52:53,17.2,16.6,500,17.45,1000,0,32500
APOLLOHOSP30JAN201420PE.NFO,07/01/2020,12:53:00,17.2,16.5,500,17.45,1000,0,32500
APOLLOHOSP30JAN201420PE.NFO,07/01/2020,12:53:14,17.2,16.45,500,17.45,1000,0,32500
APOLLOHOSP30JAN201420PE.NFO,07/01/2020,12:53:18,17.2,16.45,1000,17.45,1000,0,32500
APOLLOHOSP30JAN201420PE.NFO,07/01/2020,12:54:14,17.2,16.45,500,17.45,1000,0,32500
APOLLOHOSP30JAN201420PE.NFO,07/01/2020,12:54:22,17.2,16.1,1000,17.45,1000,0,32500
APOLLOHOSP30JAN201420PE.NFO,07/01/2020,12:54:50,17.2,16.2,500,17.45,1000,0,32500
APOLLOHOSP30JAN201420PE.NFO,07/01/2020,12:55:02,17.2,16,500,17.45,1000,0,32500
APOLLOHOSP30JAN201420PE.NFO,07/01/2020,12:55:13,17.2,16.15,500,17.45,1000,0,32500
APOLLOHOSP30JAN201420PE.NFO,07/01/2020,12:55:15,17.2,16.05,1500,17.45,1000,0,32500
APOLLOHOSP30JAN201420PE.NFO,07/01/2020,12:55:24,17.2,16.05,1000,17.45,1000,0,32500
APOLLOHOSP30JAN201420PE.NFO,07/01/2020,12:56:23,17.2,16.2,500,17.45,1000,0,32500
APOLLOHOSP30JAN201420PE.NFO,07/01/2020,12:56:33,17.2,16.2,500,17.45,500,0,32500
APOLLOHOSP30JAN201420PE.NFO,07/01/2020,12:56:37,17.2,16.2,500,17.05,1000,0,32500
APOLLOHOSP30JAN201420PE.NFO,07/01/2020,12:56:40,17.2,16.05,1500,16.7,500,0,32500
APOLLOHOSP30JAN201420PE.NFO,07/01/2020,12:56:46,17.2,16.25,500,16.85,1000,0,32500
APOLLOHOSP30JAN201420PE.NFO,07/01/2020,12:56:49,17.2,16.15,1500,16.85,1000,0,32500
APOLLOHOSP30JAN201420PE.NFO,07/01/2020,12:58:51,17.2,16.15,500,16.85,1000,0,32500
APOLLOHOSP30JAN201420PE.NFO,07/01/2020,12:59:09,17.2,16.1,500,16.85,1000,0,32500
APOLLOHOSP30JAN201420PE.NFO,07/01/2020,12:59:12,17.2,16.15,500,16.85,1000,0,32500
APOLLOHOSP30JAN201420PE.NFO,07/01/2020,12:59:17,17.2,16.2,500,16.85,1000,0,32500
APOLLOHOSP30JAN201420PE.NFO,07/01/2020,12:59:20,17.2,16.1,500,16.85,1000,0,32500
APOLLOHOSP30JAN201420PE.NFO,07/01/2020,12:59:32,17.2,16.15,500,16.85,1000,0,32500
APOLLOHOSP30JAN201420PE.NFO,07/01/2020,12:59:35,17.2,16.2,500,16.85,1000,0,32500
APOLLOHOSP30JAN201420PE.NFO,07/01/2020,12:59:41,17.2,16.15,1000,16.85,1000,0,32500
APOLLOHOSP30JAN201420PE.NFO,07/01/2020,12:59:52,17.2,16.2,500,16.85,1000,0,32500
APOLLOHOSP30JAN201420PE.NFO,07/01/2020,12:59:57,17.2,16.3,500,16.85,1000,0,32500
APOLLOHOSP30JAN201420PE.NFO,07/01/2020,13:00:01,17.2,16.2,1000,16.85,1000,0,32500
APOLLOHOSP30JAN201420PE.NFO,07/01/2020,13:00:06,17.2,16.35,500,16.85,1000,0,32500
APOLLOHOSP30JAN201420PE.NFO,07/01/2020,13:00:12,17.2,16.45,500,17.35,1000,0,32500
APOLLOHOSP30JAN201420PE.NFO,07/01/2020,13:00:21,17.2,16.25,500,17,1000,0,32500
APOLLOHOSP30JAN201420PE.NFO,07/01/2020,13:00:27,17.2,16.3,1500,17,1000,0,32500
APOLLOHOSP30JAN201420PE.NFO,07/01/2020,13:00:32,17.2,16.3,1000,17,1000,0,32500
APOLLOHOSP30JAN201420PE.NFO,07/01/2020,13:01:19,17.2,16.3,1500,17,1000,0,32500
APOLLOHOSP30JAN201420PE.NFO,07/01/2020,13:01:25,17.2,16.3,1000,17,1000,0,32500
APOLLOHOSP30JAN201420PE.NFO,07/01/2020,13:01:37,17.2,16.2,500,17,1000,0,32500
APOLLOHOSP30JAN201420PE.NFO,07/01/2020,13:01:43,17.2,16.15,500,17,1000,0,32500
APOLLOHOSP30JAN201420PE.NFO,07/01/2020,13:01:48,17.2,16.1,500,17,1000,0,32500
APOLLOHOSP30JAN201420PE.NFO,07/01/2020,13:01:53,17.2,16.15,500,17,1000,0,32500
APOLLOHOSP30JAN201420PE.NFO,07/01/2020,13:02:10,17.2,16.1,500,17,1000,0,32500
APOLLOHOSP30JAN201420PE.NFO,07/01/2020,13:02:14,17.2,16.15,500,17,1000,0,32500
APOLLOHOSP30JAN201420PE.NFO,07/01/2020,13:02:18,17.2,16.05,1000,17,1000,0,32500
APOLLOHOSP30JAN201420PE.NFO,07/01/2020,13:02:28,17.2,16.15,500,17,1000,0,32500
APOLLOHOSP30JAN201420PE.NFO,07/01/2020,13:02:37,17.2,16.05,1000,17,1000,0,32500
APOLLOHOSP30JAN201420PE.NFO,07/01/2020,13:02:41,17.2,16.1,500,17,1000,0,32500
APOLLOHOSP30JAN201420PE.NFO,07/01/2020,13:02:43,17.2,16.2,500,17,1000,0,32500
APOLLOHOSP30JAN201420PE.NFO,07/01/2020,13:02:47,17.2,16.15,500,17,1000,0,32500
APOLLOHOSP30JAN201420PE.NFO,07/01/2020,13:02:51,17.2,16.1,500,17,1000,0,32500
APOLLOHOSP30JAN201420PE.NFO,07/01/2020,13:03:02,17.2,16.2,500,17,1000,0,32500
APOLLOHOSP30JAN201420PE.NFO,07/01/2020,13:03:05,17.2,16.15,1000,17,1000,0,32500
APOLLOHOSP30JAN201420PE.NFO,07/01/2020,13:03:51,17.2,16.2,500,17,1000,0,32500
APOLLOHOSP30JAN201420PE.NFO,07/01/2020,13:04:02,17.2,16.2,1000,17,1000,0,32500
APOLLOHOSP30JAN201420PE.NFO,07/01/2020,13:04:17,17.2,16.2,500,17,1000,0,32500
APOLLOHOSP30JAN201420PE.NFO,07/01/2020,13:04:24,17.2,16.2,1000,17,1000,0,32500
APOLLOHOSP30JAN201420PE.NFO,07/01/2020,13:04:35,17.2,16.2,500,17,1000,0,32500
APOLLOHOSP30JAN201420PE.NFO,07/01/2020,13:04:40,17.2,16.2,1000,17,1000,0,32500
APOLLOHOSP30JAN201420PE.NFO,07/01/2020,13:05:14,17.2,16.25,500,17,1000,0,32500
APOLLOHOSP30JAN201420PE.NFO,07/01/2020,13:05:42,17.2,16.25,500,17,500,0,32500
APOLLOHOSP30JAN201420PE.NFO,07/01/2020,13:05:47,17.2,16.2,1000,17,500,0,32500
APOLLOHOSP30JAN201420PE.NFO,07/01/2020,13:05:52,17.2,16.25,500,17,500,0,32500
APOLLOHOSP30JAN201420PE.NFO,07/01/2020,13:05:58,17.2,16.4,500,17.85,1000,0,32500
APOLLOHOSP30JAN201420PE.NFO,07/01/2020,13:06:13,17.2,16.4,1500,17.85,1000,0,32500
APOLLOHOSP30JAN201420PE.NFO,07/01/2020,13:06:18,17.2,16.4,1000,17.85,1000,0,32500
APOLLOHOSP30JAN201420PE.NFO,07/01/2020,13:06:32,17.2,16.5,500,17.85,1000,0,32500
APOLLOHOSP30JAN201420PE.NFO,07/01/2020,13:06:42,17.2,16.35,1000,17.85,1000,0,32500
APOLLOHOSP30JAN201420PE.NFO,07/01/2020,13:06:46,17.2,16.3,1000,17.85,1000,0,32500
APOLLOHOSP30JAN201420PE.NFO,07/01/2020,13:06:51,17.2,16.35,500,17.85,1000,0,32500
APOLLOHOSP30JAN201420PE.NFO,07/01/2020,13:06:56,17.2,16.45,500,17.85,1000,0,32500
APOLLOHOSP30JAN201420PE.NFO,07/01/2020,13:07:02,17.2,16.4,500,17.85,1000,0,32500
APOLLOHOSP30JAN201420PE.NFO,07/01/2020,13:07:06,17.2,16.45,500,17.85,1000,0,32500
APOLLOHOSP30JAN201420PE.NFO,07/01/2020,13:07:11,17.2,16.4,500,17.85,1000,0,32500
APOLLOHOSP30JAN201420PE.NFO,07/01/2020,13:07:34,17.2,16.25,1000,17.85,1000,0,32500
APOLLOHOSP30JAN201420PE.NFO,07/01/2020,13:08:04,17.2,16.35,500,17.85,1000,0,32500
APOLLOHOSP30JAN201420PE.NFO,07/01/2020,13:08:30,17.2,16.55,1500,17.85,1000,0,32500
APOLLOHOSP30JAN201420PE.NFO,07/01/2020,13:08:37,17.2,16.55,1000,17.85,1000,0,32500
APOLLOHOSP30JAN201420PE.NFO,07/01/2020,13:08:43,17.2,16.55,1500,17.85,1000,0,32500
APOLLOHOSP30JAN201420PE.NFO,07/01/2020,13:08:55,17.2,16.65,1500,17.85,1000,0,32500
APOLLOHOSP30JAN201420PE.NFO,07/01/2020,13:09:12,17.2,16.65,1000,17.85,1000,0,32500
APOLLOHOSP30JAN201420PE.NFO,07/01/2020,13:09:19,17.2,16.65,2000,17.85,1000,0,32500
APOLLOHOSP30JAN201420PE.NFO,07/01/2020,13:09:38,17.2,16.85,1500,17.85,1000,0,32500
APOLLOHOSP30JAN201420PE.NFO,07/01/2020,13:09:43,17.2,16.95,500,17.85,1000,0,32500
APOLLOHOSP30JAN201420PE.NFO,07/01/2020,13:09:56,17.2,16.85,500,17.85,1000,0,32500
APOLLOHOSP30JAN201420PE.NFO,07/01/2020,13:10:31,17.2,16.85,1000,17.85,1000,0,32500
APOLLOHOSP30JAN201420PE.NFO,07/01/2020,13:10:36,17.85,16.85,1000,17.85,500,500,32000
APOLLOHOSP30JAN201420PE.NFO,07/01/2020,13:10:36,17.85,16.85,1000,17.85,500,0,32000
APOLLOHOSP30JAN201420PE.NFO,07/01/2020,13:10:44,17.85,16.95,1000,17.85,500,0,32000
APOLLOHOSP30JAN201420PE.NFO,07/01/2020,13:10:53,17.85,17.05,1000,17.9,500,0,32000
APOLLOHOSP30JAN201420PE.NFO,07/01/2020,13:10:58,17.85,17.05,1000,17.95,500,0,32000
APOLLOHOSP30JAN201420PE.NFO,07/01/2020,13:11:11,17.85,17.05,1500,17.95,500,0,32000
APOLLOHOSP30JAN201420PE.NFO,07/01/2020,13:11:30,17.85,17.05,1000,17.95,500,0,32000
APOLLOHOSP30JAN201420PE.NFO,07/01/2020,13:11:34,17.85,17.05,1500,17.95,500,0,32000
APOLLOHOSP30JAN201420PE.NFO,07/01/2020,13:11:38,17.85,17.15,500,18,500,0,32000
APOLLOHOSP30JAN201420PE.NFO,07/01/2020,13:11:43,17.85,17.05,500,18,500,0,32000
APOLLOHOSP30JAN201420PE.NFO,07/01/2020,13:12:50,17.85,17.05,1000,18,500,0,32000
APOLLOHOSP30JAN201420PE.NFO,07/01/2020,13:12:54,17.85,17.15,1500,18,500,0,32000
APOLLOHOSP30JAN201420PE.NFO,07/01/2020,13:13:17,17.85,17.15,1500,18.05,500,0,32000
APOLLOHOSP30JAN201420PE.NFO,07/01/2020,13:13:46,17.85,17.15,1000,18.05,500,0,32000
APOLLOHOSP30JAN201420PE.NFO,07/01/2020,13:13:50,17.85,17.15,1500,18.1,500,0,32000
APOLLOHOSP30JAN201420PE.NFO,07/01/2020,13:14:06,17.85,17.15,1500,18.15,500,0,32000
APOLLOHOSP30JAN201420PE.NFO,07/01/2020,13:15:17,17.85,17.25,500,18.25,500,0,32000
APOLLOHOSP30JAN201420PE.NFO,07/01/2020,13:15:24,17.85,17.2,500,18.25,500,0,32000
APOLLOHOSP30JAN201420PE.NFO,07/01/2020,13:15:43,17.85,17.2,1000,18.25,500,0,32000
APOLLOHOSP30JAN201420PE.NFO,07/01/2020,13:15:55,17.85,17.15,1000,18.25,500,0,32000
APOLLOHOSP30JAN201420PE.NFO,07/01/2020,13:16:16,17.85,17.3,1000,18.25,500,0,32000
APOLLOHOSP30JAN201420PE.NFO,07/01/2020,13:16:22,17.85,17.35,1000,18.25,500,0,32000
APOLLOHOSP30JAN201420PE.NFO,07/01/2020,13:16:27,17.85,17.3,500,18.25,500,0,32000
APOLLOHOSP30JAN201420PE.NFO,07/01/2020,13:16:40,17.85,17.3,1000,18.25,500,0,32000
APOLLOHOSP30JAN201420PE.NFO,07/01/2020,13:16:51,17.85,17.45,500,18.25,500,0,32000
APOLLOHOSP30JAN201420PE.NFO,07/01/2020,13:16:56,17.85,17.4,1000,18.25,500,0,32000
APOLLOHOSP30JAN201420PE.NFO,07/01/2020,13:17:51,17.85,17.3,1000,18.25,500,0,32000
APOLLOHOSP30JAN201420PE.NFO,07/01/2020,13:17:56,17.85,17.35,1000,18.25,500,0,32000
APOLLOHOSP30JAN201420PE.NFO,07/01/2020,13:18:05,17.85,17.45,1000,18.25,500,0,32000
APOLLOHOSP30JAN201420PE.NFO,07/01/2020,13:18:29,17.85,17.4,1000,18.25,500,0,32000
APOLLOHOSP30JAN201420PE.NFO,07/01/2020,13:19:34,17.85,17.3,1000,18.25,500,0,32000
APOLLOHOSP30JAN201420PE.NFO,07/01/2020,13:20:08,17.85,17.2,1000,18.25,500,0,32000
APOLLOHOSP30JAN201420PE.NFO,07/01/2020,13:20:31,17.85,17.25,1500,18.25,500,0,32000
APOLLOHOSP30JAN201420PE.NFO,07/01/2020,13:21:14,17.85,17.4,500,18.25,500,0,32000
APOLLOHOSP30JAN201420PE.NFO,07/01/2020,13:21:28,17.85,17.3,1500,18.25,500,0,32000
APOLLOHOSP30JAN201420PE.NFO,07/01/2020,13:21:40,17.85,17.3,1000,18.25,500,0,32000
APOLLOHOSP30JAN201420PE.NFO,07/01/2020,13:22:16,17.85,17.3,1500,18.25,500,0,32000
APOLLOHOSP30JAN201420PE.NFO,07/01/2020,13:22:26,17.85,17.35,500,18.25,500,0,32000
APOLLOHOSP30JAN201420PE.NFO,07/01/2020,13:22:41,17.85,17.4,500,18.25,500,0,32000
APOLLOHOSP30JAN201420PE.NFO,07/01/2020,13:22:55,17.85,17.35,500,18.25,500,0,32000
APOLLOHOSP30JAN201420PE.NFO,07/01/2020,13:22:59,17.85,17.3,1000,18.25,500,0,32000
APOLLOHOSP30JAN201420PE.NFO,07/01/2020,13:23:17,17.85,17.35,500,18.25,500,0,32000
APOLLOHOSP30JAN201420PE.NFO,07/01/2020,13:23:22,17.85,17.4,500,18.25,500,0,32000
APOLLOHOSP30JAN201420PE.NFO,07/01/2020,13:23:32,17.85,17.35,500,18.25,500,0,32000
APOLLOHOSP30JAN201420PE.NFO,07/01/2020,13:23:42,17.85,17.4,500,18.25,500,0,32000
APOLLOHOSP30JAN201420PE.NFO,07/01/2020,13:23:50,17.85,17.5,500,18.25,500,0,32000
APOLLOHOSP30JAN201420PE.NFO,07/01/2020,13:24:05,17.85,17.45,1000,18.25,500,0,32000
APOLLOHOSP30JAN201420PE.NFO,07/01/2020,13:24:10,17.85,17.35,1000,18.25,500,0,32000
APOLLOHOSP30JAN201420PE.NFO,07/01/2020,13:24:16,17.85,17.4,1500,18.25,500,0,32000
APOLLOHOSP30JAN201420PE.NFO,07/01/2020,13:24:46,17.85,17.4,1500,18.3,500,0,32000
APOLLOHOSP30JAN201420PE.NFO,07/01/2020,13:25:08,17.85,17.3,1500,18.3,500,0,32000
APOLLOHOSP30JAN201420PE.NFO,07/01/2020,13:25:13,17.85,17.4,1000,18.3,500,0,32000
APOLLOHOSP30JAN201420PE.NFO,07/01/2020,13:25:18,17.85,17.7,500,19.05,1000,0,32000
APOLLOHOSP30JAN201420PE.NFO,07/01/2020,13:28:23,17.85,17.7,500,19.05,1500,0,32000
APOLLOHOSP30JAN201420PE.NFO,07/01/2020,13:28:28,17.85,17.7,500,19.05,1000,0,32000
APOLLOHOSP30JAN201420PE.NFO,07/01/2020,13:30:27,17.85,17.7,500,18.65,1000,0,32000
APOLLOHOSP30JAN201420PE.NFO,07/01/2020,13:32:47,17.85,17.7,1000,18.65,1000,0,32000
APOLLOHOSP30JAN201420PE.NFO,07/01/2020,13:32:59,17.85,17.75,500,18.65,1000,0,32000
APOLLOHOSP30JAN201420PE.NFO,07/01/2020,13:33:05,17.85,17.75,500,18.45,500,0,32000
APOLLOHOSP30JAN201420PE.NFO,07/01/2020,13:33:29,17.85,17.7,1000,18.45,500,0,32000
APOLLOHOSP30JAN201420PE.NFO,07/01/2020,13:34:01,17.85,17.7,500,18.35,500,0,32000
APOLLOHOSP30JAN201420PE.NFO,07/01/2020,13:36:59,17.85,17.75,500,18.35,500,0,32000
APOLLOHOSP30JAN201420PE.NFO,07/01/2020,13:37:05,17.85,17.7,500,18.35,500,0,32000
APOLLOHOSP30JAN201420PE.NFO,07/01/2020,13:37:29,17.85,17.7,1000,18.35,500,0,32000
APOLLOHOSP30JAN201420PE.NFO,07/01/2020,13:37:34,17.85,17.75,1000,18.85,1000,0,32000
APOLLOHOSP30JAN201420PE.NFO,07/01/2020,13:37:47,17.85,17.8,500,18.85,1000,0,32000
APOLLOHOSP30JAN201420PE.NFO,07/01/2020,13:37:51,17.85,17.75,500,18.85,1000,0,32000
APOLLOHOSP30JAN201420PE.NFO,07/01/2020,13:38:07,17.85,17.7,500,18.85,1000,0,32000
APOLLOHOSP30JAN201420PE.NFO,07/01/2020,13:38:15,17.85,17.75,500,18.85,1000,0,32000
APOLLOHOSP30JAN201420PE.NFO,07/01/2020,13:39:35,17.85,17.7,500,18.75,1000,0,32000
APOLLOHOSP30JAN201420PE.NFO,07/01/2020,13:39:45,17.85,17.7,1000,18.75,1000,0,32000
APOLLOHOSP30JAN201420PE.NFO,07/01/2020,13:39:50,17.85,17.75,500,18.75,1000,0,32000
APOLLOHOSP30JAN201420PE.NFO,07/01/2020,13:39:54,17.85,17.8,1500,18.75,1000,0,32000
APOLLOHOSP30JAN201420PE.NFO,07/01/2020,13:40:17,17.85,17.75,500,18.75,1000,0,32000
APOLLOHOSP30JAN201420PE.NFO,07/01/2020,13:40:55,17.85,17.7,1000,18.75,1000,0,32000
APOLLOHOSP30JAN201420PE.NFO,07/01/2020,13:41:12,17.85,17.75,500,18.75,1000,0,32000
APOLLOHOSP30JAN201420PE.NFO,07/01/2020,13:41:17,17.85,17.75,1000,18.75,1000,0,32000
APOLLOHOSP30JAN201420PE.NFO,07/01/2020,13:41:21,17.85,17.75,500,18.75,1000,0,32000
APOLLOHOSP30JAN201420PE.NFO,07/01/2020,13:41:35,17.85,17.75,1000,18.75,1000,0,32000
APOLLOHOSP30JAN201420PE.NFO,07/01/2020,13:41:42,17.85,17.75,500,18.75,1000,0,32000
APOLLOHOSP30JAN201420PE.NFO,07/01/2020,13:41:57,17.85,17.75,1000,18.75,1000,0,32000
APOLLOHOSP30JAN201420PE.NFO,07/01/2020,13:42:07,17.85,17.75,500,18.75,1000,0,32000
APOLLOHOSP30JAN201420PE.NFO,07/01/2020,13:42:12,17.85,17.75,1000,18.75,1000,0,32000
APOLLOHOSP30JAN201420PE.NFO,07/01/2020,13:42:17,17.85,17.75,500,18.75,1000,0,32000
APOLLOHOSP30JAN201420PE.NFO,07/01/2020,13:43:34,17.85,17.8,1000,18.75,1000,0,32000
APOLLOHOSP30JAN201420PE.NFO,07/01/2020,13:45:10,17.85,17.75,500,18.75,1000,0,32000
APOLLOHOSP30JAN201420PE.NFO,07/01/2020,13:45:46,17.85,17.7,500,18.75,1000,0,32000
APOLLOHOSP30JAN201420PE.NFO,07/01/2020,13:45:52,17.85,17.7,1000,18.75,1000,0,32000
APOLLOHOSP30JAN201420PE.NFO,07/01/2020,13:46:47,17.85,17.7,500,18.75,1000,0,32000
APOLLOHOSP30JAN201420PE.NFO,07/01/2020,13:47:21,17.7,17,500,17.85,1000,500,32000
APOLLOHOSP30JAN201420PE.NFO,07/01/2020,13:47:27,17.7,17,500,17.85,1000,0,32000
APOLLOHOSP30JAN201420PE.NFO,07/01/2020,13:47:32,17.7,16.75,1000,17.85,1000,0,32000
APOLLOHOSP30JAN201420PE.NFO,07/01/2020,13:47:37,17.7,16.8,1000,17.85,1000,0,32000
APOLLOHOSP30JAN201420PE.NFO,07/01/2020,13:48:44,17.7,17,1000,17.85,1000,0,32000
APOLLOHOSP30JAN201420PE.NFO,07/01/2020,13:49:07,17.7,17.05,1000,17.85,1000,0,32000
APOLLOHOSP30JAN201420PE.NFO,07/01/2020,13:49:12,17.7,17,1000,17.85,1000,0,32000
APOLLOHOSP30JAN201420PE.NFO,07/01/2020,13:49:40,17.7,17,500,17.85,1000,0,32000
APOLLOHOSP30JAN201420PE.NFO,07/01/2020,13:50:41,17.7,16.9,500,17.85,1000,0,32000
APOLLOHOSP30JAN201420PE.NFO,07/01/2020,13:50:49,17.7,16.9,1000,17.85,1000,0,32000
APOLLOHOSP30JAN201420PE.NFO,07/01/2020,13:51:50,17.7,16.9,1500,17.85,1000,0,32000
APOLLOHOSP30JAN201420PE.NFO,07/01/2020,13:52:00,17.7,17,500,17.85,1000,0,32000
APOLLOHOSP30JAN201420PE.NFO,07/01/2020,13:52:05,17.7,17,1000,17.85,1000,0,32000
APOLLOHOSP30JAN201420PE.NFO,07/01/2020,13:53:48,17.7,17.15,1000,17.85,500,0,32000
APOLLOHOSP30JAN201420PE.NFO,07/01/2020,13:53:55,17.7,17.25,1000,18.75,1000,0,32000
APOLLOHOSP30JAN201420PE.NFO,07/01/2020,13:54:01,17.7,17.25,1000,18.55,1000,0,32000
APOLLOHOSP30JAN201420PE.NFO,07/01/2020,13:55:14,17.7,17.25,1000,18.45,1000,0,32000
APOLLOHOSP30JAN201420PE.NFO,07/01/2020,13:57:40,17.7,17.4,1000,18.45,1000,0,32000
APOLLOHOSP30JAN201420PE.NFO,07/01/2020,13:59:53,17.7,17.55,1000,18.35,1000,0,32000
APOLLOHOSP30JAN201420PE.NFO,07/01/2020,14:00:52,17.7,17.5,500,18.35,1000,0,32000
APOLLOHOSP30JAN201420PE.NFO,07/01/2020,14:01:03,17.7,17.5,1000,18.35,1000,0,32000
APOLLOHOSP30JAN201420PE.NFO,07/01/2020,14:01:45,17.7,17.5,500,18.35,1000,0,32000
APOLLOHOSP30JAN201420PE.NFO,07/01/2020,14:02:19,17.7,17.5,1000,18.35,1000,0,32000
APOLLOHOSP30JAN201420PE.NFO,07/01/2020,14:02:29,17.7,17.5,500,18.35,1000,0,32000
APOLLOHOSP30JAN201420PE.NFO,07/01/2020,14:03:09,17.7,17.35,500,18.35,1000,0,32000
APOLLOHOSP30JAN201420PE.NFO,07/01/2020,14:03:14,17.7,17.3,1000,18.35,1000,0,32000
APOLLOHOSP30JAN201420PE.NFO,07/01/2020,14:03:33,17.7,17.15,1000,18.35,1000,0,32000
APOLLOHOSP30JAN201420PE.NFO,07/01/2020,14:03:57,17.7,17.25,1000,18.35,1000,0,32000
APOLLOHOSP30JAN201420PE.NFO,07/01/2020,14:06:40,17.7,17.3,1500,18.35,1000,0,32000
APOLLOHOSP30JAN201420PE.NFO,07/01/2020,14:06:46,17.7,17.3,1000,18.35,1000,0,32000
APOLLOHOSP30JAN201420PE.NFO,07/01/2020,14:06:55,17.7,17.25,1000,18.35,1000,0,32000
APOLLOHOSP30JAN201420PE.NFO,07/01/2020,14:07:31,17.7,17.3,1500,18.35,1000,0,32000
APOLLOHOSP30JAN201420PE.NFO,07/01/2020,14:07:37,17.7,17.3,1000,18.35,1000,0,32000
APOLLOHOSP30JAN201420PE.NFO,07/01/2020,14:08:09,17.7,17.4,1000,18.35,1000,0,32000
APOLLOHOSP30JAN201420PE.NFO,07/01/2020,14:08:13,17.7,17.4,500,18.35,1000,0,32000
APOLLOHOSP30JAN201420PE.NFO,07/01/2020,14:08:20,17.7,17.3,500,18.35,1000,0,32000
APOLLOHOSP30JAN201420PE.NFO,07/01/2020,14:08:24,17.7,17.3,1000,18.35,1000,0,32000
APOLLOHOSP30JAN201420PE.NFO,07/01/2020,14:08:29,17.7,17.3,500,18.35,1000,0,32000
APOLLOHOSP30JAN201420PE.NFO,07/01/2020,14:08:32,17.7,17.2,500,18.35,1000,0,32000
APOLLOHOSP30JAN201420PE.NFO,07/01/2020,14:08:45,17.7,17.05,500,18.35,1000,0,32000
APOLLOHOSP30JAN201420PE.NFO,07/01/2020,14:09:25,17.7,16.8,500,18.35,1000,0,32000
APOLLOHOSP30JAN201420PE.NFO,07/01/2020,14:09:53,17.7,16.65,500,18.35,1000,0,32000
APOLLOHOSP30JAN201420PE.NFO,07/01/2020,14:12:54,17.7,16.65,1000,18.35,1000,0,32000
APOLLOHOSP30JAN201420PE.NFO,07/01/2020,14:12:57,17.7,16.65,500,18.35,1000,0,32000
APOLLOHOSP30JAN201420PE.NFO,07/01/2020,14:13:35,17.7,16.6,1000,18.35,1000,0,32000
APOLLOHOSP30JAN201420PE.NFO,07/01/2020,14:13:59,17.7,16.6,1000,18.35,1500,0,32000
APOLLOHOSP30JAN201420PE.NFO,07/01/2020,14:14:04,17.7,16.6,1000,18.35,1000,0,32000
APOLLOHOSP30JAN201420PE.NFO,07/01/2020,14:15:58,17.7,16.55,500,18.35,1000,0,32000
APOLLOHOSP30JAN201420PE.NFO,07/01/2020,14:16:13,17.7,16.55,1000,18.35,1000,0,32000
APOLLOHOSP30JAN201420PE.NFO,07/01/2020,14:16:41,17.7,16.55,500,18.35,1000,0,32000
APOLLOHOSP30JAN201420PE.NFO,07/01/2020,14:16:46,17.7,16.5,500,18.35,1000,0,32000
APOLLOHOSP30JAN201420PE.NFO,07/01/2020,14:16:55,17.7,16.5,1000,18.35,1000,0,32000
APOLLOHOSP30JAN201420PE.NFO,07/01/2020,14:17:09,17.7,16.5,500,18.35,1000,0,32000
APOLLOHOSP30JAN201420PE.NFO,07/01/2020,14:17:17,17.7,16.6,500,18.35,1000,0,32000
APOLLOHOSP30JAN201420PE.NFO,07/01/2020,14:17:27,17.7,16.55,2000,18.35,1000,0,32000
APOLLOHOSP30JAN201420PE.NFO,07/01/2020,14:17:52,17.7,16.55,1500,18.35,1000,0,32000
APOLLOHOSP30JAN201420PE.NFO,07/01/2020,14:18:24,17.7,16.55,1500,18.35,1500,0,32000
APOLLOHOSP30JAN201420PE.NFO,07/01/2020,14:18:34,17.7,16.55,1500,18.35,1000,0,32000
APOLLOHOSP30JAN201420PE.NFO,07/01/2020,14:20:16,17.7,16.55,1500,18.35,1500,0,32000
APOLLOHOSP30JAN201420PE.NFO,07/01/2020,14:20:20,17.7,16.55,1500,18.35,1000,0,32000
APOLLOHOSP30JAN201420PE.NFO,07/01/2020,14:21:05,17.7,16.65,500,18.35,1000,0,32000
APOLLOHOSP30JAN201420PE.NFO,07/01/2020,14:23:30,17.7,16.65,1000,18.35,1000,0,32000
APOLLOHOSP30JAN201420PE.NFO,07/01/2020,14:23:38,17.7,16.65,1500,18.35,1000,0,32000
APOLLOHOSP30JAN201420PE.NFO,07/01/2020,14:24:13,17.7,16.75,500,18.25,1000,0,32000
APOLLOHOSP30JAN201420PE.NFO,07/01/2020,14:24:20,17.7,16.65,1500,18.25,1000,0,32000
APOLLOHOSP30JAN201420PE.NFO,07/01/2020,14:24:26,17.7,16.75,500,18.25,1000,0,32000
APOLLOHOSP30JAN201420PE.NFO,07/01/2020,14:24:34,17.7,16.65,1500,18.25,1000,0,32000
APOLLOHOSP30JAN201420PE.NFO,07/01/2020,14:25:11,17.7,16.75,1000,18.25,1000,0,32000
APOLLOHOSP30JAN201420PE.NFO,07/01/2020,14:25:33,17.7,16.65,1000,18.25,1000,0,32000
APOLLOHOSP30JAN201420PE.NFO,07/01/2020,14:27:12,17.7,16.55,1000,18.25,1000,0,32000
APOLLOHOSP30JAN201420PE.NFO,07/01/2020,14:27:23,17.7,16.65,1500,18.25,1000,0,32000
APOLLOHOSP30JAN201420PE.NFO,07/01/2020,14:28:13,17.7,16.65,1500,18.25,1000,0,32500
APOLLOHOSP30JAN201420PE.NFO,07/01/2020,14:29:55,17.7,16.75,1500,18.25,1000,0,32500
APOLLOHOSP30JAN201420PE.NFO,07/01/2020,14:30:00,17.7,16.75,1500,18.25,1500,0,32500
APOLLOHOSP30JAN201420PE.NFO,07/01/2020,14:30:08,17.7,16.75,1500,18.25,1000,0,32500
APOLLOHOSP30JAN201420PE.NFO,07/01/2020,14:30:11,17.7,16.75,1500,18.25,1500,0,32500
APOLLOHOSP30JAN201420PE.NFO,07/01/2020,14:30:32,17.7,16.65,500,18.25,1500,0,32500
APOLLOHOSP30JAN201420PE.NFO,07/01/2020,14:30:41,17.7,16.55,1500,18.25,1000,0,32500
APOLLOHOSP30JAN201420PE.NFO,07/01/2020,14:30:49,17.7,16.55,1000,18.25,1000,0,32500
APOLLOHOSP30JAN201420PE.NFO,07/01/2020,14:30:58,17.7,16.55,1500,18.25,1000,0,32500
APOLLOHOSP30JAN201420PE.NFO,07/01/2020,14:31:20,17.7,16.55,1500,18.15,1000,0,32500
APOLLOHOSP30JAN201420PE.NFO,07/01/2020,14:31:52,17.7,16.55,1000,18.15,1000,0,32500
APOLLOHOSP30JAN201420PE.NFO,07/01/2020,14:32:05,17.7,16.55,1500,18.15,1000,0,32500
