Ticker,Date,Time,LTP,BuyPrice,BuyQty,SellPrice,SellQty,LTQ,OpenInterest
APOLLOHOSP30JAN201520PE.NFO,07/01/2020,10:37:47,58,55.75,1500,59.25,500,500,2500
APOLLOHOSP30JAN201520PE.NFO,07/01/2020,10:37:47,58,55.75,1500,59.25,500,0,2500
APOLLOHOSP30JAN201520PE.NFO,07/01/2020,10:37:47,58,55.75,1500,59.25,500,0,2500
APOLLOHOSP30JAN201520PE.NFO,07/01/2020,10:37:47,58,55.75,1500,59.25,500,0,2500
APOLLOHOSP30JAN201520PE.NFO,07/01/2020,10:37:49,58,55.75,1500,59.3,500,0,2500
APOLLOHOSP30JAN201520PE.NFO,07/01/2020,10:37:53,58,54.4,6500,59.3,500,0,2500
APOLLOHOSP30JAN201520PE.NFO,07/01/2020,10:37:55,58,54.4,9500,59.3,500,0,2500
APOLLOHOSP30JAN201520PE.NFO,07/01/2020,10:38:03,58,54.45,12000,59.3,500,0,2500
APOLLOHOSP30JAN201520PE.NFO,07/01/2020,10:38:09,58,54.85,11000,59.5,500,0,2500
APOLLOHOSP30JAN201520PE.NFO,07/01/2020,10:38:11,58,55.1,11500,59.5,500,0,2500
APOLLOHOSP30JAN201520PE.NFO,07/01/2020,10:38:13,58,55.25,11000,59.5,500,0,2500
APOLLOHOSP30JAN201520PE.NFO,07/01/2020,10:38:15,58,55.45,9000,59.5,500,0,2500
APOLLOHOSP30JAN201520PE.NFO,07/01/2020,10:38:17,58,55.7,3500,59.5,500,0,2500
APOLLOHOSP30JAN201520PE.NFO,07/01/2020,10:38:19,58,55.85,2000,59.5,500,0,2500
APOLLOHOSP30JAN201520PE.NFO,07/01/2020,10:38:27,58,55.85,1500,59.5,500,0,2500
APOLLOHOSP30JAN201520PE.NFO,07/01/2020,10:38:38,58,55.85,1000,59.4,500,0,2500
APOLLOHOSP30JAN201520PE.NFO,07/01/2020,10:38:45,58,56.05,500,59.5,500,0,2500
APOLLOHOSP30JAN201520PE.NFO,07/01/2020,10:38:50,58,55.6,3000,59.35,1000,0,2500
APOLLOHOSP30JAN201520PE.NFO,07/01/2020,10:38:52,58,55.6,3000,59.25,500,0,2500
APOLLOHOSP30JAN201520PE.NFO,07/01/2020,10:38:53,58,55.6,3000,59.2,500,0,2500
APOLLOHOSP30JAN201520PE.NFO,07/01/2020,10:38:54,58,55.65,1500,59.45,500,0,2500
APOLLOHOSP30JAN201520PE.NFO,07/01/2020,10:39:10,58,56.1,500,59.25,500,0,2500
APOLLOHOSP30JAN201520PE.NFO,07/01/2020,10:39:13,58,55.7,2000,59.4,500,0,2500
APOLLOHOSP30JAN201520PE.NFO,07/01/2020,10:39:21,58,55.7,1500,59.4,500,0,2500
APOLLOHOSP30JAN201520PE.NFO,07/01/2020,10:39:35,58,56,1000,59.5,500,0,2500
APOLLOHOSP30JAN201520PE.NFO,07/01/2020,10:39:38,58,56,1000,59.6,500,0,2500
APOLLOHOSP30JAN201520PE.NFO,07/01/2020,10:39:41,58,56,1000,59.4,500,0,2500
APOLLOHOSP30JAN201520PE.NFO,07/01/2020,10:39:50,58,56.25,1000,59.85,500,0,2500
APOLLOHOSP30JAN201520PE.NFO,07/01/2020,10:39:53,58,55.6,7500,59.75,1000,0,2500
APOLLOHOSP30JAN201520PE.NFO,07/01/2020,10:39:55,58,55.7,6500,59.75,1000,0,2500
APOLLOHOSP30JAN201520PE.NFO,07/01/2020,10:39:57,58,56,2500,59.75,1000,0,2500
APOLLOHOSP30JAN201520PE.NFO,07/01/2020,10:39:59,58,56.2,2000,59.75,1000,0,2500
APOLLOHOSP30JAN201520PE.NFO,07/01/2020,10:40:01,58,56.45,500,59.75,1000,0,2500
APOLLOHOSP30JAN201520PE.NFO,07/01/2020,10:40:04,58,56.25,1500,59.75,1000,0,2500
APOLLOHOSP30JAN201520PE.NFO,07/01/2020,10:40:08,58,55.75,500,59.65,1000,0,2500
APOLLOHOSP30JAN201520PE.NFO,07/01/2020,10:40:12,58,55.6,2500,59.65,1000,0,2500
APOLLOHOSP30JAN201520PE.NFO,07/01/2020,10:40:29,58,55.6,2500,59.55,1000,0,2500
APOLLOHOSP30JAN201520PE.NFO,07/01/2020,10:40:37,58,55.6,2500,59.5,500,0,2500
APOLLOHOSP30JAN201520PE.NFO,07/01/2020,10:40:49,58,55.6,1500,59.4,500,0,2500
APOLLOHOSP30JAN201520PE.NFO,07/01/2020,10:40:52,58,55.6,2500,59.4,500,0,2500
APOLLOHOSP30JAN201520PE.NFO,07/01/2020,10:40:59,58,55.6,2500,59.35,1000,0,2500
APOLLOHOSP30JAN201520PE.NFO,07/01/2020,10:41:03,58,55.6,2500,59.45,500,0,2500
APOLLOHOSP30JAN201520PE.NFO,07/01/2020,10:41:10,58,55.6,1500,59.45,500,0,2500
APOLLOHOSP30JAN201520PE.NFO,07/01/2020,10:41:14,58,55.6,2500,59.35,500,0,2500
APOLLOHOSP30JAN201520PE.NFO,07/01/2020,10:41:47,58,55.6,2500,59.4,1000,0,2500
APOLLOHOSP30JAN201520PE.NFO,07/01/2020,10:41:52,58,55.6,2500,59.35,500,0,2500
APOLLOHOSP30JAN201520PE.NFO,07/01/2020,10:41:57,58,55,9500,59.25,1000,0,2500
APOLLOHOSP30JAN201520PE.NFO,07/01/2020,10:42:01,58,55,9500,59.35,1000,0,2500
APOLLOHOSP30JAN201520PE.NFO,07/01/2020,10:42:04,58,55,9500,59.6,1500,0,2500
APOLLOHOSP30JAN201520PE.NFO,07/01/2020,10:42:24,58,55,9500,59.75,500,0,2500
APOLLOHOSP30JAN201520PE.NFO,07/01/2020,10:42:27,58,55,9500,59.65,500,0,2500
APOLLOHOSP30JAN201520PE.NFO,07/01/2020,10:42:31,58,55,9500,59.5,500,0,2500
APOLLOHOSP30JAN201520PE.NFO,07/01/2020,10:42:35,58,55,9500,59.55,1000,0,2500
APOLLOHOSP30JAN201520PE.NFO,07/01/2020,10:42:39,58,55.35,11500,59.55,500,0,2500
APOLLOHOSP30JAN201520PE.NFO,07/01/2020,10:43:01,58,55.35,11500,59.5,1000,0,2500
APOLLOHOSP30JAN201520PE.NFO,07/01/2020,10:43:04,58,55.4,9000,59.45,1000,0,2500
APOLLOHOSP30JAN201520PE.NFO,07/01/2020,10:43:11,58,55.45,6500,59.4,500,0,2500
APOLLOHOSP30JAN201520PE.NFO,07/01/2020,10:43:16,58,55.5,5000,59.4,500,0,2500
APOLLOHOSP30JAN201520PE.NFO,07/01/2020,10:43:25,58,55.6,4000,59.4,500,0,2500
APOLLOHOSP30JAN201520PE.NFO,07/01/2020,10:43:34,58,55.6,4000,59.35,1000,0,2500
APOLLOHOSP30JAN201520PE.NFO,07/01/2020,10:43:41,58,55.85,1000,59.35,1000,0,2500
APOLLOHOSP30JAN201520PE.NFO,07/01/2020,10:43:44,58,56.15,1000,59.65,500,0,2500
APOLLOHOSP30JAN201520PE.NFO,07/01/2020,10:43:47,58,56.4,500,59.75,500,0,2500
APOLLOHOSP30JAN201520PE.NFO,07/01/2020,10:43:50,58,56.4,500,59.65,500,0,2500
APOLLOHOSP30JAN201520PE.NFO,07/01/2020,10:43:53,58,55.9,2000,59.5,500,0,2500
APOLLOHOSP30JAN201520PE.NFO,07/01/2020,10:43:55,58,56.1,1500,59.45,500,0,2500
APOLLOHOSP30JAN201520PE.NFO,07/01/2020,10:43:58,58,55.85,1500,59.45,500,0,2500
APOLLOHOSP30JAN201520PE.NFO,07/01/2020,10:44:00,58,56.05,1500,59.45,500,0,2500
APOLLOHOSP30JAN201520PE.NFO,07/01/2020,10:44:03,58,56.3,500,59.45,500,0,2500
APOLLOHOSP30JAN201520PE.NFO,07/01/2020,10:44:05,58,56.05,1500,59.45,500,0,2500
APOLLOHOSP30JAN201520PE.NFO,07/01/2020,10:44:07,58,56.15,1500,59.45,500,0,2500
APOLLOHOSP30JAN201520PE.NFO,07/01/2020,10:44:10,58,55.95,1000,59.35,500,0,2500
APOLLOHOSP30JAN201520PE.NFO,07/01/2020,10:44:12,58,56.15,500,59.55,500,0,2500
APOLLOHOSP30JAN201520PE.NFO,07/01/2020,10:44:27,58,56.15,500,59.75,500,0,2500
APOLLOHOSP30JAN201520PE.NFO,07/01/2020,10:44:29,58,56.15,500,59.65,500,0,2500
APOLLOHOSP30JAN201520PE.NFO,07/01/2020,10:45:10,58,56.25,500,59.75,500,0,2500
APOLLOHOSP30JAN201520PE.NFO,07/01/2020,10:45:14,58,56.25,500,59.55,500,0,2500
APOLLOHOSP30JAN201520PE.NFO,07/01/2020,10:45:40,58,56.25,500,59.65,500,0,2500
APOLLOHOSP30JAN201520PE.NFO,07/01/2020,10:46:08,58,56.6,500,60.15,500,0,2500
APOLLOHOSP30JAN201520PE.NFO,07/01/2020,10:46:11,58,56.3,8500,60.5,1000,0,2500
APOLLOHOSP30JAN201520PE.NFO,07/01/2020,10:46:13,58,56.6,3500,60.5,500,0,2500
APOLLOHOSP30JAN201520PE.NFO,07/01/2020,10:46:16,58,56.85,500,60.5,500,0,2500
APOLLOHOSP30JAN201520PE.NFO,07/01/2020,10:46:19,58,56.7,500,60.5,500,0,2500
APOLLOHOSP30JAN201520PE.NFO,07/01/2020,10:46:22,58,56.6,1500,60.4,500,0,2500
APOLLOHOSP30JAN201520PE.NFO,07/01/2020,10:46:28,58,56.75,500,60.4,500,0,2500
APOLLOHOSP30JAN201520PE.NFO,07/01/2020,10:46:35,58,56.85,500,60.4,500,0,2500
APOLLOHOSP30JAN201520PE.NFO,07/01/2020,10:46:38,58,56.8,1500,60.4,500,0,2500
APOLLOHOSP30JAN201520PE.NFO,07/01/2020,10:46:41,58,56.75,500,60.4,500,0,2500
APOLLOHOSP30JAN201520PE.NFO,07/01/2020,10:46:44,58,56.75,1500,60.4,500,0,2500
APOLLOHOSP30JAN201520PE.NFO,07/01/2020,10:46:47,58,56.8,500,60.4,500,0,2500
APOLLOHOSP30JAN201520PE.NFO,07/01/2020,10:46:50,58,56.7,500,60.4,500,0,2500
APOLLOHOSP30JAN201520PE.NFO,07/01/2020,10:46:58,58,56.7,500,60.5,500,0,2500
APOLLOHOSP30JAN201520PE.NFO,07/01/2020,10:47:01,58,56.8,500,60.5,500,0,2500
APOLLOHOSP30JAN201520PE.NFO,07/01/2020,10:47:03,58,56.7,500,60.5,500,0,2500
APOLLOHOSP30JAN201520PE.NFO,07/01/2020,10:47:23,58,56.4,5500,60.5,500,0,2500
APOLLOHOSP30JAN201520PE.NFO,07/01/2020,10:47:26,58,56.7,1500,60.5,500,0,2500
APOLLOHOSP30JAN201520PE.NFO,07/01/2020,10:47:29,58,56.85,500,60.5,500,0,2500
APOLLOHOSP30JAN201520PE.NFO,07/01/2020,10:47:32,58,56.65,500,60.5,500,0,2500
APOLLOHOSP30JAN201520PE.NFO,07/01/2020,10:47:36,58,56.75,500,60.5,500,0,2500
APOLLOHOSP30JAN201520PE.NFO,07/01/2020,10:47:41,58,56.7,1500,60.5,500,0,2500
APOLLOHOSP30JAN201520PE.NFO,07/01/2020,10:47:44,58,56.75,500,60.5,500,0,2500
APOLLOHOSP30JAN201520PE.NFO,07/01/2020,10:48:00,58,56.85,500,60.5,500,0,2500
APOLLOHOSP30JAN201520PE.NFO,07/01/2020,10:48:02,58,56.75,500,60.5,500,0,2500
APOLLOHOSP30JAN201520PE.NFO,07/01/2020,10:48:08,58,56.85,500,60.5,500,0,2500
APOLLOHOSP30JAN201520PE.NFO,07/01/2020,10:48:13,58,56.85,3500,61.15,500,0,2500
APOLLOHOSP30JAN201520PE.NFO,07/01/2020,10:48:17,58,57,1500,61.15,500,0,2500
APOLLOHOSP30JAN201520PE.NFO,07/01/2020,10:48:37,58,57.15,1000,61.5,500,0,2500
APOLLOHOSP30JAN201520PE.NFO,07/01/2020,10:48:42,58,57.25,1000,61.5,500,0,2500
APOLLOHOSP30JAN201520PE.NFO,07/01/2020,10:48:53,58,57.2,500,61.5,500,0,2500
APOLLOHOSP30JAN201520PE.NFO,07/01/2020,10:49:04,58,57.25,1500,61.5,500,0,2500
APOLLOHOSP30JAN201520PE.NFO,07/01/2020,10:49:50,58,56.95,1000,61.5,500,0,2500
APOLLOHOSP30JAN201520PE.NFO,07/01/2020,10:50:01,58,57,500,61.5,500,0,2500
APOLLOHOSP30JAN201520PE.NFO,07/01/2020,10:50:07,58,56.75,5500,61.5,500,0,2500
APOLLOHOSP30JAN201520PE.NFO,07/01/2020,10:50:23,58,56.75,3500,61.5,500,0,2500
APOLLOHOSP30JAN201520PE.NFO,07/01/2020,10:50:27,58,57,2500,61.5,500,0,2500
APOLLOHOSP30JAN201520PE.NFO,07/01/2020,10:50:31,58,57.35,500,61.5,500,0,2500
APOLLOHOSP30JAN201520PE.NFO,07/01/2020,10:50:35,58,57.15,500,61.5,500,0,2500
APOLLOHOSP30JAN201520PE.NFO,07/01/2020,10:50:40,58,57,1500,61.5,500,0,2500
APOLLOHOSP30JAN201520PE.NFO,07/01/2020,10:50:54,58,56.95,500,61.5,500,0,2500
APOLLOHOSP30JAN201520PE.NFO,07/01/2020,10:50:58,58,56.95,1500,61.5,500,0,2500
APOLLOHOSP30JAN201520PE.NFO,07/01/2020,10:51:01,58,56.95,3500,61.5,500,0,2500
APOLLOHOSP30JAN201520PE.NFO,07/01/2020,10:51:13,58,57,4500,61.5,500,0,2500
APOLLOHOSP30JAN201520PE.NFO,07/01/2020,10:51:16,58,57.3,1500,61.5,500,0,2500
APOLLOHOSP30JAN201520PE.NFO,07/01/2020,10:51:19,58,57.25,500,61.5,500,0,2500
APOLLOHOSP30JAN201520PE.NFO,07/01/2020,10:51:23,58,57.5,1500,61.5,500,0,2500
APOLLOHOSP30JAN201520PE.NFO,07/01/2020,10:51:26,58,57.8,500,61.5,500,0,2500
APOLLOHOSP30JAN201520PE.NFO,07/01/2020,10:51:30,58,57.3,4000,61.5,500,0,2500
APOLLOHOSP30JAN201520PE.NFO,07/01/2020,10:51:34,58,57.8,500,61.5,500,0,2500
APOLLOHOSP30JAN201520PE.NFO,07/01/2020,10:51:37,58,57.4,2000,61.5,500,0,2500
APOLLOHOSP30JAN201520PE.NFO,07/01/2020,10:51:41,58,57.8,500,61.5,500,0,2500
APOLLOHOSP30JAN201520PE.NFO,07/01/2020,10:51:45,58,57.5,1500,61.5,500,0,2500
APOLLOHOSP30JAN201520PE.NFO,07/01/2020,10:51:49,58,57.8,500,61.5,500,0,2500
APOLLOHOSP30JAN201520PE.NFO,07/01/2020,10:51:53,58,57.6,1000,61.5,500,0,2500
APOLLOHOSP30JAN201520PE.NFO,07/01/2020,10:51:59,58,57.3,2000,61.5,500,0,2500
APOLLOHOSP30JAN201520PE.NFO,07/01/2020,10:52:04,58,57.9,500,61.5,500,0,2500
APOLLOHOSP30JAN201520PE.NFO,07/01/2020,10:52:09,58,57.5,1500,61.5,500,0,2500
APOLLOHOSP30JAN201520PE.NFO,07/01/2020,10:52:13,58,57.3,2000,61.5,500,0,2500
APOLLOHOSP30JAN201520PE.NFO,07/01/2020,10:52:18,58,57.8,500,61.5,500,0,2500
APOLLOHOSP30JAN201520PE.NFO,07/01/2020,10:52:23,58,57.45,500,61.5,500,0,2500
APOLLOHOSP30JAN201520PE.NFO,07/01/2020,10:52:28,58,57.25,2000,63.85,500,0,2500
APOLLOHOSP30JAN201520PE.NFO,07/01/2020,10:52:34,58,57.25,2000,63.75,500,0,2500
APOLLOHOSP30JAN201520PE.NFO,07/01/2020,10:52:51,58,57.65,1500,63.75,500,0,2500
APOLLOHOSP30JAN201520PE.NFO,07/01/2020,10:52:55,58,57.25,3500,63.75,500,0,2500
APOLLOHOSP30JAN201520PE.NFO,07/01/2020,10:53:00,58,57.4,2500,64.9,5000,0,2500
APOLLOHOSP30JAN201520PE.NFO,07/01/2020,10:53:06,58,57.55,3500,64.25,1000,0,2500
APOLLOHOSP30JAN201520PE.NFO,07/01/2020,10:53:12,58,58,500,64,1000,0,2500
APOLLOHOSP30JAN201520PE.NFO,07/01/2020,10:53:18,58,58.05,1500,64,1000,0,2500
APOLLOHOSP30JAN201520PE.NFO,07/01/2020,10:53:23,58,56.8,8500,64,1000,0,2500
APOLLOHOSP30JAN201520PE.NFO,07/01/2020,10:53:28,58,57.05,10500,64,1000,0,2500
APOLLOHOSP30JAN201520PE.NFO,07/01/2020,10:53:33,58,57.65,2500,64,1000,0,2500
APOLLOHOSP30JAN201520PE.NFO,07/01/2020,10:53:38,58,57.8,1500,64,1000,0,2500
APOLLOHOSP30JAN201520PE.NFO,07/01/2020,10:53:49,58,57.75,2500,64,1000,0,2500
APOLLOHOSP30JAN201520PE.NFO,07/01/2020,10:53:55,58,58.15,500,64,1000,0,2500
APOLLOHOSP30JAN201520PE.NFO,07/01/2020,10:54:00,58,58.1,500,64,1000,0,2500
APOLLOHOSP30JAN201520PE.NFO,07/01/2020,10:54:11,58,57.8,1500,64,1000,0,2500
APOLLOHOSP30JAN201520PE.NFO,07/01/2020,10:54:17,58,57.95,1500,64,1000,0,2500
APOLLOHOSP30JAN201520PE.NFO,07/01/2020,10:54:22,58,58,1500,64,500,0,2500
APOLLOHOSP30JAN201520PE.NFO,07/01/2020,10:54:28,58,57.8,2500,64.4,1000,0,2500
APOLLOHOSP30JAN201520PE.NFO,07/01/2020,10:54:33,58,57.95,2500,64.1,500,0,2500
APOLLOHOSP30JAN201520PE.NFO,07/01/2020,10:54:38,58,58.1,500,63.85,500,0,2500
APOLLOHOSP30JAN201520PE.NFO,07/01/2020,10:54:43,58,58.3,500,63.55,500,0,2500
APOLLOHOSP30JAN201520PE.NFO,07/01/2020,10:54:48,58,58.15,1500,63.3,500,0,2500
APOLLOHOSP30JAN201520PE.NFO,07/01/2020,10:54:53,58,58.05,2500,63.05,500,0,2500
APOLLOHOSP30JAN201520PE.NFO,07/01/2020,10:54:57,58,58.55,1000,62.9,500,0,2500
APOLLOHOSP30JAN201520PE.NFO,07/01/2020,10:55:02,58,57.05,12000,62.9,500,0,2500
APOLLOHOSP30JAN201520PE.NFO,07/01/2020,10:55:07,58,57.65,3000,62.9,500,0,2500
APOLLOHOSP30JAN201520PE.NFO,07/01/2020,10:55:12,58,58.05,1500,62.9,500,0,2500
APOLLOHOSP30JAN201520PE.NFO,07/01/2020,10:55:16,58,58.35,1500,62.9,500,0,2500
APOLLOHOSP30JAN201520PE.NFO,07/01/2020,10:55:21,58,57.75,500,62.9,500,0,2500
APOLLOHOSP30JAN201520PE.NFO,07/01/2020,10:55:30,58,57.9,1500,62.9,500,0,2500
APOLLOHOSP30JAN201520PE.NFO,07/01/2020,10:55:35,58,58.25,500,62.9,500,0,2500
APOLLOHOSP30JAN201520PE.NFO,07/01/2020,10:55:41,58,57.75,500,62.9,500,0,2500
APOLLOHOSP30JAN201520PE.NFO,07/01/2020,10:55:51,58,57.65,1500,62.9,500,0,2500
APOLLOHOSP30JAN201520PE.NFO,07/01/2020,10:56:00,58,56.65,4500,62.85,500,0,2500
APOLLOHOSP30JAN201520PE.NFO,07/01/2020,10:56:04,58,56.65,5500,62.85,500,0,2500
APOLLOHOSP30JAN201520PE.NFO,07/01/2020,10:56:08,58,56.9,2500,62.85,500,0,2500
APOLLOHOSP30JAN201520PE.NFO,07/01/2020,10:56:14,58,56.95,500,62.85,500,0,2500
APOLLOHOSP30JAN201520PE.NFO,07/01/2020,10:56:19,58,56.75,1500,62.85,500,0,2500
APOLLOHOSP30JAN201520PE.NFO,07/01/2020,10:56:23,58,56.75,7500,62.85,500,0,2500
APOLLOHOSP30JAN201520PE.NFO,07/01/2020,10:56:28,58,57.2,1500,62.85,500,0,2500
APOLLOHOSP30JAN201520PE.NFO,07/01/2020,10:56:33,58,57.15,500,62.85,500,0,2500
APOLLOHOSP30JAN201520PE.NFO,07/01/2020,10:57:18,58,57.15,500,64.05,500,0,2500
APOLLOHOSP30JAN201520PE.NFO,07/01/2020,10:57:25,58,57.1,1000,65.1,12000,0,2500
APOLLOHOSP30JAN201520PE.NFO,07/01/2020,10:57:31,58,57.05,500,64.35,1500,0,2500
APOLLOHOSP30JAN201520PE.NFO,07/01/2020,10:57:37,58,57.05,500,64.45,500,0,2500
APOLLOHOSP30JAN201520PE.NFO,07/01/2020,10:57:42,58,57.3,5500,64.45,500,0,2500
APOLLOHOSP30JAN201520PE.NFO,07/01/2020,10:57:48,58,57.9,2000,64.45,500,0,2500
APOLLOHOSP30JAN201520PE.NFO,07/01/2020,10:57:52,58,57.8,2500,64.45,500,0,2500
APOLLOHOSP30JAN201520PE.NFO,07/01/2020,10:57:56,58,58.15,500,64.45,500,0,2500
APOLLOHOSP30JAN201520PE.NFO,07/01/2020,10:58:01,58,57.9,2000,64.45,500,0,2500
APOLLOHOSP30JAN201520PE.NFO,07/01/2020,10:58:05,58,57.85,2500,64.45,500,0,2500
APOLLOHOSP30JAN201520PE.NFO,07/01/2020,10:58:15,58,58.25,500,64.45,500,0,2500
APOLLOHOSP30JAN201520PE.NFO,07/01/2020,10:58:19,58,58.05,2500,64.45,500,0,2500
APOLLOHOSP30JAN201520PE.NFO,07/01/2020,10:58:24,58,58.4,500,64.45,500,0,2500
APOLLOHOSP30JAN201520PE.NFO,07/01/2020,10:58:30,58,58.15,2000,64.45,500,0,2500
APOLLOHOSP30JAN201520PE.NFO,07/01/2020,10:58:35,58,58.25,2000,64.45,500,0,2500
APOLLOHOSP30JAN201520PE.NFO,07/01/2020,10:58:40,58,58.15,2500,64.45,500,0,2500
APOLLOHOSP30JAN201520PE.NFO,07/01/2020,10:58:45,58,58.15,2500,64.75,1500,0,2500
APOLLOHOSP30JAN201520PE.NFO,07/01/2020,10:58:51,58,57.9,500,64.75,1500,0,2500
APOLLOHOSP30JAN201520PE.NFO,07/01/2020,10:58:55,58,57.9,1500,64.65,500,0,2500
APOLLOHOSP30JAN201520PE.NFO,07/01/2020,10:59:06,58,58,1500,64.65,500,0,2500
APOLLOHOSP30JAN201520PE.NFO,07/01/2020,10:59:12,58,58,1500,64.7,500,0,2500
APOLLOHOSP30JAN201520PE.NFO,07/01/2020,10:59:18,58,58,1500,64.8,1000,0,2500
APOLLOHOSP30JAN201520PE.NFO,07/01/2020,10:59:23,58,58,1500,65,4000,0,2500
APOLLOHOSP30JAN201520PE.NFO,07/01/2020,10:59:50,58,58.05,1500,65,4000,0,2500
APOLLOHOSP30JAN201520PE.NFO,07/01/2020,11:00:00,58,57.7,6500,64.9,500,0,2500
APOLLOHOSP30JAN201520PE.NFO,07/01/2020,11:00:06,58,57.7,6500,65.75,4500,0,2500
APOLLOHOSP30JAN201520PE.NFO,07/01/2020,11:00:12,58,57.7,9500,65.65,10500,0,2500
APOLLOHOSP30JAN201520PE.NFO,07/01/2020,11:00:19,58,57.9,5500,65,5500,0,2500
APOLLOHOSP30JAN201520PE.NFO,07/01/2020,11:00:25,58,58.45,500,65.25,7000,0,2500
APOLLOHOSP30JAN201520PE.NFO,07/01/2020,11:00:32,58,57.95,2500,65.2,10000,0,2500
APOLLOHOSP30JAN201520PE.NFO,07/01/2020,11:00:38,58,57.95,2500,65.1,9000,0,2500
APOLLOHOSP30JAN201520PE.NFO,07/01/2020,11:00:44,58,57.95,2500,65.05,3500,0,2500
APOLLOHOSP30JAN201520PE.NFO,07/01/2020,11:00:51,58,58.1,2500,65,1000,0,2500
APOLLOHOSP30JAN201520PE.NFO,07/01/2020,11:00:57,58,58.45,500,65,1000,0,2500
APOLLOHOSP30JAN201520PE.NFO,07/01/2020,11:01:05,58,58.4,1500,66.35,11500,0,2500
APOLLOHOSP30JAN201520PE.NFO,07/01/2020,11:01:13,58,58.4,1500,66.05,10500,0,2500
APOLLOHOSP30JAN201520PE.NFO,07/01/2020,11:01:19,58,58.85,2500,65.9,10000,0,2500
APOLLOHOSP30JAN201520PE.NFO,07/01/2020,11:01:26,58,58.65,3000,65.4,2500,0,2500
APOLLOHOSP30JAN201520PE.NFO,07/01/2020,11:01:33,58,59.25,1500,65.35,1000,0,2500
APOLLOHOSP30JAN201520PE.NFO,07/01/2020,11:01:40,58,59.95,500,65.35,1000,0,2500
APOLLOHOSP30JAN201520PE.NFO,07/01/2020,11:01:46,58,59,1000,65.25,2500,0,2500
APOLLOHOSP30JAN201520PE.NFO,07/01/2020,11:01:54,58,58.55,2500,65.15,4000,0,2500
APOLLOHOSP30JAN201520PE.NFO,07/01/2020,11:02:01,58,59.25,1000,65.1,1500,0,2500
APOLLOHOSP30JAN201520PE.NFO,07/01/2020,11:02:07,58,58.6,2000,65.1,1500,0,2500
APOLLOHOSP30JAN201520PE.NFO,07/01/2020,11:02:14,58,57.55,2500,65.2,2000,0,2500
APOLLOHOSP30JAN201520PE.NFO,07/01/2020,11:02:20,58,58.15,1500,65.3,3000,0,2500
APOLLOHOSP30JAN201520PE.NFO,07/01/2020,11:02:26,58,58.75,1500,65.3,2000,0,2500
APOLLOHOSP30JAN201520PE.NFO,07/01/2020,11:02:33,58,58.05,4500,66.15,8000,0,2500
APOLLOHOSP30JAN201520PE.NFO,07/01/2020,11:02:39,58,58.7,2500,66.1,8000,0,2500
APOLLOHOSP30JAN201520PE.NFO,07/01/2020,11:02:45,58,58.7,500,66.1,8000,0,2500
APOLLOHOSP30JAN201520PE.NFO,07/01/2020,11:02:50,58,58.7,1500,66.1,8000,0,2500
APOLLOHOSP30JAN201520PE.NFO,07/01/2020,11:02:56,58,58.15,3500,66.05,8000,0,2500
APOLLOHOSP30JAN201520PE.NFO,07/01/2020,11:03:02,58,58.15,2500,66.05,8000,0,2500
APOLLOHOSP30JAN201520PE.NFO,07/01/2020,11:03:08,58,58.15,3500,66.05,8000,0,2500
APOLLOHOSP30JAN201520PE.NFO,07/01/2020,11:03:15,58,58.15,4500,66.05,8000,0,2500
APOLLOHOSP30JAN201520PE.NFO,07/01/2020,11:03:25,58,58.2,4500,66.05,7000,0,2500
APOLLOHOSP30JAN201520PE.NFO,07/01/2020,11:03:41,58,58.55,2500,66,7500,0,2500
APOLLOHOSP30JAN201520PE.NFO,07/01/2020,11:03:48,58,58.7,500,66,7500,0,2500
APOLLOHOSP30JAN201520PE.NFO,07/01/2020,11:03:54,58,58.6,1500,66,7500,0,2500
APOLLOHOSP30JAN201520PE.NFO,07/01/2020,11:04:00,58,57.85,6500,65.95,8500,0,2500
APOLLOHOSP30JAN201520PE.NFO,07/01/2020,11:04:05,58,58.35,3500,65.95,8500,0,2500
APOLLOHOSP30JAN201520PE.NFO,07/01/2020,11:04:11,58,58.85,2500,65.95,4000,0,2500
APOLLOHOSP30JAN201520PE.NFO,07/01/2020,11:04:17,58,59,500,65.95,4000,0,2500
APOLLOHOSP30JAN201520PE.NFO,07/01/2020,11:04:23,58,58.3,6500,65.9,4000,0,2500
APOLLOHOSP30JAN201520PE.NFO,07/01/2020,11:04:29,58,58.8,1500,65.85,4500,0,2500
APOLLOHOSP30JAN201520PE.NFO,07/01/2020,11:04:35,58,58.85,1500,65.8,4000,0,2500
APOLLOHOSP30JAN201520PE.NFO,07/01/2020,11:04:41,58,59.05,1500,65.8,4000,0,2500
APOLLOHOSP30JAN201520PE.NFO,07/01/2020,11:04:46,58,58.75,2500,65.8,4000,0,2500
APOLLOHOSP30JAN201520PE.NFO,07/01/2020,11:04:52,58,59.35,1500,65.8,4000,0,2500
APOLLOHOSP30JAN201520PE.NFO,07/01/2020,11:04:58,58,59.05,2000,65.8,4000,0,2500
APOLLOHOSP30JAN201520PE.NFO,07/01/2020,11:05:03,58,59.55,1000,65.8,4000,0,2500
APOLLOHOSP30JAN201520PE.NFO,07/01/2020,11:05:09,58,59.2,3000,65.6,1000,0,2500
APOLLOHOSP30JAN201520PE.NFO,07/01/2020,11:05:15,58,58.85,2500,65.4,1000,0,2500
APOLLOHOSP30JAN201520PE.NFO,07/01/2020,11:05:21,58,59.45,1000,65.15,500,0,2500
APOLLOHOSP30JAN201520PE.NFO,07/01/2020,11:05:26,58,58.4,3500,65.1,500,0,2500
APOLLOHOSP30JAN201520PE.NFO,07/01/2020,11:05:31,58,58.9,2000,65.1,500,0,2500
APOLLOHOSP30JAN201520PE.NFO,07/01/2020,11:05:36,58,58.7,500,65.1,500,0,2500
APOLLOHOSP30JAN201520PE.NFO,07/01/2020,11:05:52,58,58.05,1500,65,2000,0,2500
APOLLOHOSP30JAN201520PE.NFO,07/01/2020,11:05:59,58,58.55,500,65,1000,0,2500
APOLLOHOSP30JAN201520PE.NFO,07/01/2020,11:06:04,58,58.25,500,65,1000,0,2500
APOLLOHOSP30JAN201520PE.NFO,07/01/2020,11:06:11,58,58.1,1500,65,2000,0,2500
APOLLOHOSP30JAN201520PE.NFO,07/01/2020,11:06:18,58,58.1,3500,65,2000,0,2500
APOLLOHOSP30JAN201520PE.NFO,07/01/2020,11:06:24,58,58.1,5500,65,1000,0,2500
APOLLOHOSP30JAN201520PE.NFO,07/01/2020,11:06:30,58,58.25,6500,65,1000,0,2500
APOLLOHOSP30JAN201520PE.NFO,07/01/2020,11:06:35,58,58.55,3500,65,1000,0,2500
APOLLOHOSP30JAN201520PE.NFO,07/01/2020,11:06:39,58,58.95,1500,65,1000,0,2500
APOLLOHOSP30JAN201520PE.NFO,07/01/2020,11:06:43,58,58.6,2500,65,1000,0,2500
APOLLOHOSP30JAN201520PE.NFO,07/01/2020,11:06:49,58,58.6,3500,65,1000,0,2500
APOLLOHOSP30JAN201520PE.NFO,07/01/2020,11:07:40,58,58.6,2500,65,1000,0,2500
APOLLOHOSP30JAN201520PE.NFO,07/01/2020,11:07:45,58,58.75,1500,65,1000,0,2500
APOLLOHOSP30JAN201520PE.NFO,07/01/2020,11:07:50,58,59.05,1500,65,1000,0,2500
APOLLOHOSP30JAN201520PE.NFO,07/01/2020,11:07:54,58,59.3,500,65,1000,0,2500
APOLLOHOSP30JAN201520PE.NFO,07/01/2020,11:07:58,58,58.6,4500,65,1000,0,2500
APOLLOHOSP30JAN201520PE.NFO,07/01/2020,11:08:02,58,58.95,2500,65,1000,0,2500
APOLLOHOSP30JAN201520PE.NFO,07/01/2020,11:08:07,58,59.45,2500,65,1000,0,2500
APOLLOHOSP30JAN201520PE.NFO,07/01/2020,11:08:11,58,59.95,1500,65,1000,0,2500
APOLLOHOSP30JAN201520PE.NFO,07/01/2020,11:08:15,58,60.25,1000,65,1000,0,2500
APOLLOHOSP30JAN201520PE.NFO,07/01/2020,11:08:19,58,59,6500,65,1000,0,2500
APOLLOHOSP30JAN201520PE.NFO,07/01/2020,11:08:22,58,59.5,1000,65,1000,0,2500
APOLLOHOSP30JAN201520PE.NFO,07/01/2020,11:08:27,58,58.3,3500,65,1000,0,2500
APOLLOHOSP30JAN201520PE.NFO,07/01/2020,11:08:32,58,58.9,2000,65,1000,0,2500
APOLLOHOSP30JAN201520PE.NFO,07/01/2020,11:08:37,58,58.5,500,65,1000,0,2500
APOLLOHOSP30JAN201520PE.NFO,07/01/2020,11:08:55,58,58.5,3500,65,1000,0,2500
APOLLOHOSP30JAN201520PE.NFO,07/01/2020,11:09:01,58,58.5,4500,65,1000,0,2500
APOLLOHOSP30JAN201520PE.NFO,07/01/2020,11:09:05,58,58.5,5500,65,1000,0,2500
APOLLOHOSP30JAN201520PE.NFO,07/01/2020,11:09:24,58,59.05,1500,65,1000,0,2500
APOLLOHOSP30JAN201520PE.NFO,07/01/2020,11:09:28,58,59.35,1500,65,1000,0,2500
APOLLOHOSP30JAN201520PE.NFO,07/01/2020,11:09:33,58,58.95,500,65,1000,0,2500
APOLLOHOSP30JAN201520PE.NFO,07/01/2020,11:09:41,58,58.95,3500,65,1000,0,2500
APOLLOHOSP30JAN201520PE.NFO,07/01/2020,11:09:56,58,58.25,8500,65,1000,0,2500
APOLLOHOSP30JAN201520PE.NFO,07/01/2020,11:10:08,58,58.25,9000,64.9,500,0,2500
APOLLOHOSP30JAN201520PE.NFO,07/01/2020,11:10:13,58,58.25,9000,64.65,500,0,2500
APOLLOHOSP30JAN201520PE.NFO,07/01/2020,11:10:17,58,58.25,9000,64.45,500,0,2500
APOLLOHOSP30JAN201520PE.NFO,07/01/2020,11:10:22,58,58.3,9500,64.15,500,0,2500
APOLLOHOSP30JAN201520PE.NFO,07/01/2020,11:10:26,58,58.3,10500,63.9,500,0,2500
APOLLOHOSP30JAN201520PE.NFO,07/01/2020,11:10:30,58,58.3,10500,63.75,500,0,2500
APOLLOHOSP30JAN201520PE.NFO,07/01/2020,11:10:33,58,58.3,10500,63.85,500,0,2500
APOLLOHOSP30JAN201520PE.NFO,07/01/2020,11:10:52,58,58.3,10500,63.65,500,0,2500
APOLLOHOSP30JAN201520PE.NFO,07/01/2020,11:11:03,58,58.95,3000,63.65,500,0,2500
APOLLOHOSP30JAN201520PE.NFO,07/01/2020,11:11:10,58,59.5,2000,66.35,500,0,2500
APOLLOHOSP30JAN201520PE.NFO,07/01/2020,11:11:17,58,58.25,4000,65.1,1000,0,2500
APOLLOHOSP30JAN201520PE.NFO,07/01/2020,11:11:23,58,58.05,5000,64.6,500,0,2500
APOLLOHOSP30JAN201520PE.NFO,07/01/2020,11:11:30,58,58.05,6000,64.3,500,0,2500
APOLLOHOSP30JAN201520PE.NFO,07/01/2020,11:11:37,58,58.05,6000,63.95,500,0,2500
APOLLOHOSP30JAN201520PE.NFO,07/01/2020,11:11:43,58,58.05,6000,63.65,500,0,2500
APOLLOHOSP30JAN201520PE.NFO,07/01/2020,11:11:49,58,58.1,5500,63.4,500,0,2500
APOLLOHOSP30JAN201520PE.NFO,07/01/2020,11:11:54,58,58.1,3500,63.1,500,0,2500
APOLLOHOSP30JAN201520PE.NFO,07/01/2020,11:12:00,58,58.1,8500,62.95,500,0,2500
APOLLOHOSP30JAN201520PE.NFO,07/01/2020,11:12:09,58,58.1,6500,65.65,1500,0,2500
APOLLOHOSP30JAN201520PE.NFO,07/01/2020,11:12:16,58,58.1,5500,65.6,2000,0,2500
APOLLOHOSP30JAN201520PE.NFO,07/01/2020,11:12:22,58,58.1,5500,65.4,2000,0,2500
APOLLOHOSP30JAN201520PE.NFO,07/01/2020,11:12:29,58,58.1,9500,65.1,500,0,2500
APOLLOHOSP30JAN201520PE.NFO,07/01/2020,11:12:36,58,58.1,10500,64.7,500,0,2500
APOLLOHOSP30JAN201520PE.NFO,07/01/2020,11:12:42,58,58.1,9500,64.4,500,0,2500
APOLLOHOSP30JAN201520PE.NFO,07/01/2020,11:12:47,58,58.1,10500,64.15,500,0,2500
APOLLOHOSP30JAN201520PE.NFO,07/01/2020,11:12:51,58,58.1,10500,63.9,500,0,2500
APOLLOHOSP30JAN201520PE.NFO,07/01/2020,11:12:56,58,58.1,10500,63.65,500,0,2500
APOLLOHOSP30JAN201520PE.NFO,07/01/2020,11:13:01,58,58.1,10500,63.5,500,0,2500
APOLLOHOSP30JAN201520PE.NFO,07/01/2020,11:13:12,58,58.1,10500,63.55,1000,0,2500
APOLLOHOSP30JAN201520PE.NFO,07/01/2020,11:13:18,58,58.1,10500,63.5,500,0,2500
APOLLOHOSP30JAN201520PE.NFO,07/01/2020,11:13:24,58,58.1,10500,63.8,500,0,2500
APOLLOHOSP30JAN201520PE.NFO,07/01/2020,11:13:30,58,58.1,10500,64.55,500,0,2500
APOLLOHOSP30JAN201520PE.NFO,07/01/2020,11:13:36,58,58.1,10500,64.6,500,0,2500
APOLLOHOSP30JAN201520PE.NFO,07/01/2020,11:13:42,58,58.1,10500,64.4,500,0,2500
APOLLOHOSP30JAN201520PE.NFO,07/01/2020,11:13:48,58,60,5500,64.4,500,0,2500
APOLLOHOSP30JAN201520PE.NFO,07/01/2020,11:13:54,58,60.05,2500,64.3,500,0,2500
APOLLOHOSP30JAN201520PE.NFO,07/01/2020,11:13:59,58,60.05,1000,64.3,1000,0,2500
APOLLOHOSP30JAN201520PE.NFO,07/01/2020,11:14:05,58,60.05,4000,64.2,500,0,2500
APOLLOHOSP30JAN201520PE.NFO,07/01/2020,11:14:10,58,60.05,4000,64.15,500,0,2500
APOLLOHOSP30JAN201520PE.NFO,07/01/2020,11:14:16,58,60.05,4000,64.2,500,0,2500
APOLLOHOSP30JAN201520PE.NFO,07/01/2020,11:14:42,58,60.05,4000,64.3,500,0,2500
APOLLOHOSP30JAN201520PE.NFO,07/01/2020,11:14:52,58,60.05,4000,64.2,500,0,2500
APOLLOHOSP30JAN201520PE.NFO,07/01/2020,11:15:10,58,60.05,5000,64.45,500,0,2500
APOLLOHOSP30JAN201520PE.NFO,07/01/2020,11:15:16,58,60.05,5000,64.25,500,0,2500
APOLLOHOSP30JAN201520PE.NFO,07/01/2020,11:15:21,58,60.1,5500,64.25,500,0,2500
APOLLOHOSP30JAN201520PE.NFO,07/01/2020,11:15:31,58,60.1,4500,64.15,500,0,2500
APOLLOHOSP30JAN201520PE.NFO,07/01/2020,11:15:36,58,60.1,3500,64.15,500,0,2500
APOLLOHOSP30JAN201520PE.NFO,07/01/2020,11:15:55,58,58.15,4000,64,500,0,2500
APOLLOHOSP30JAN201520PE.NFO,07/01/2020,11:16:00,58,58.15,4000,63.7,500,0,2500
APOLLOHOSP30JAN201520PE.NFO,07/01/2020,11:16:06,58,58.15,3000,63.35,500,0,2500
APOLLOHOSP30JAN201520PE.NFO,07/01/2020,11:16:12,58,58.15,3000,63.05,500,0,2500
APOLLOHOSP30JAN201520PE.NFO,07/01/2020,11:16:19,58,58.15,2000,62.7,500,0,2500
APOLLOHOSP30JAN201520PE.NFO,07/01/2020,11:16:25,58,58.2,3500,62.35,500,0,2500
APOLLOHOSP30JAN201520PE.NFO,07/01/2020,11:16:31,58,58.35,3500,62.25,500,0,2500
APOLLOHOSP30JAN201520PE.NFO,07/01/2020,11:16:36,58,58.35,3500,62.2,500,0,2500
APOLLOHOSP30JAN201520PE.NFO,07/01/2020,11:16:50,58,58.55,3500,62.35,500,0,2500
APOLLOHOSP30JAN201520PE.NFO,07/01/2020,11:16:56,58,57.85,5500,62.25,500,0,2500
APOLLOHOSP30JAN201520PE.NFO,07/01/2020,11:17:02,58,57.9,6000,62.25,1000,0,2500
APOLLOHOSP30JAN201520PE.NFO,07/01/2020,11:17:07,58,58.15,3000,62.25,1000,0,2500
APOLLOHOSP30JAN201520PE.NFO,07/01/2020,11:17:12,58,58.3,2500,62.25,1000,0,2500
APOLLOHOSP30JAN201520PE.NFO,07/01/2020,11:17:37,58,58.05,4000,62.25,1000,0,2500
APOLLOHOSP30JAN201520PE.NFO,07/01/2020,11:17:48,58,58.2,3000,64.9,1000,0,2500
APOLLOHOSP30JAN201520PE.NFO,07/01/2020,11:17:53,58,58.2,3000,64.85,1000,0,2500
APOLLOHOSP30JAN201520PE.NFO,07/01/2020,11:18:02,58,58.25,4500,64.85,1000,0,2500
APOLLOHOSP30JAN201520PE.NFO,07/01/2020,11:18:08,58,58,4000,64.85,1000,0,2500
APOLLOHOSP30JAN201520PE.NFO,07/01/2020,11:18:12,58,58.3,3000,64.85,1000,0,2500
APOLLOHOSP30JAN201520PE.NFO,07/01/2020,11:18:42,58,58.4,3000,66,7500,0,2500
APOLLOHOSP30JAN201520PE.NFO,07/01/2020,11:18:48,58,58.4,3000,65.25,1500,0,2500
APOLLOHOSP30JAN201520PE.NFO,07/01/2020,11:18:53,58,58.4,3000,65,1000,0,2500
APOLLOHOSP30JAN201520PE.NFO,07/01/2020,11:18:59,58,58.4,3000,65.65,3500,0,2500
APOLLOHOSP30JAN201520PE.NFO,07/01/2020,11:19:04,58,58.4,3000,65.25,1500,0,2500
APOLLOHOSP30JAN201520PE.NFO,07/01/2020,11:19:10,58,58.45,2500,65,1000,0,2500
APOLLOHOSP30JAN201520PE.NFO,07/01/2020,11:19:16,58,58.15,3000,65,1000,0,2500
APOLLOHOSP30JAN201520PE.NFO,07/01/2020,11:19:25,58,58.35,2500,65,1000,0,2500
APOLLOHOSP30JAN201520PE.NFO,07/01/2020,11:19:33,58,58.35,2500,65.2,1500,0,2500
APOLLOHOSP30JAN201520PE.NFO,07/01/2020,11:19:40,58,58.35,2500,65.15,1000,0,2500
APOLLOHOSP30JAN201520PE.NFO,07/01/2020,11:19:46,58,58.4,1000,65.3,1500,0,2500
APOLLOHOSP30JAN201520PE.NFO,07/01/2020,11:19:52,58,58.4,1000,65.1,500,0,2500
APOLLOHOSP30JAN201520PE.NFO,07/01/2020,11:19:57,58,58.4,1000,64.9,500,0,2500
APOLLOHOSP30JAN201520PE.NFO,07/01/2020,11:20:00,58,58.5,1500,64.65,500,0,2500
APOLLOHOSP30JAN201520PE.NFO,07/01/2020,11:20:06,58,57.8,9500,64.4,500,0,2500
APOLLOHOSP30JAN201520PE.NFO,07/01/2020,11:20:11,58,58,4000,64.1,500,0,2500
APOLLOHOSP30JAN201520PE.NFO,07/01/2020,11:20:17,58,58,3000,63.9,500,0,2500
APOLLOHOSP30JAN201520PE.NFO,07/01/2020,11:20:21,58,58.1,5000,63.7,500,0,2500
APOLLOHOSP30JAN201520PE.NFO,07/01/2020,11:20:25,58,58.1,5000,63.55,500,0,2500
APOLLOHOSP30JAN201520PE.NFO,07/01/2020,11:20:31,58,58.1,5000,63.3,500,0,2500
APOLLOHOSP30JAN201520PE.NFO,07/01/2020,11:20:35,58,58.1,5000,63,500,0,2500
APOLLOHOSP30JAN201520PE.NFO,07/01/2020,11:20:40,58,57.15,4500,62.7,500,0,2500
APOLLOHOSP30JAN201520PE.NFO,07/01/2020,11:20:46,58,57.3,3000,62.4,500,0,2500
APOLLOHOSP30JAN201520PE.NFO,07/01/2020,11:20:52,58,57.3,3000,62.1,500,0,2500
APOLLOHOSP30JAN201520PE.NFO,07/01/2020,11:20:58,58,58,1000,61.75,500,0,2500
APOLLOHOSP30JAN201520PE.NFO,07/01/2020,11:21:02,58,56.75,3500,61.55,500,0,2500
APOLLOHOSP30JAN201520PE.NFO,07/01/2020,11:21:07,58,57.25,1500,61.3,500,0,2500
APOLLOHOSP30JAN201520PE.NFO,07/01/2020,11:21:12,58,57.65,1000,61.1,500,0,2500
APOLLOHOSP30JAN201520PE.NFO,07/01/2020,11:21:17,58,57.45,1000,60.95,500,0,2500
APOLLOHOSP30JAN201520PE.NFO,07/01/2020,11:21:20,58,57.75,1000,60.95,500,0,2500
APOLLOHOSP30JAN201520PE.NFO,07/01/2020,11:21:25,58,57.65,1000,60.95,500,0,2500
APOLLOHOSP30JAN201520PE.NFO,07/01/2020,11:21:29,58,57.25,1000,60.95,500,0,2500
APOLLOHOSP30JAN201520PE.NFO,07/01/2020,11:21:41,58,57.9,3000,61.45,500,0,2500
APOLLOHOSP30JAN201520PE.NFO,07/01/2020,11:21:46,58,57.6,2500,61.45,500,0,2500
APOLLOHOSP30JAN201520PE.NFO,07/01/2020,11:21:50,58,57.6,1500,61.45,500,0,2500
APOLLOHOSP30JAN201520PE.NFO,07/01/2020,11:22:06,58,57.6,1500,61.35,500,0,2500
APOLLOHOSP30JAN201520PE.NFO,07/01/2020,11:22:22,58,56.8,6500,61.15,500,0,2500
APOLLOHOSP30JAN201520PE.NFO,07/01/2020,11:22:35,58,57.15,9500,61.35,500,0,2500
APOLLOHOSP30JAN201520PE.NFO,07/01/2020,11:22:40,58,57.45,3500,61.35,500,0,2500
APOLLOHOSP30JAN201520PE.NFO,07/01/2020,11:22:44,58,57.8,1500,61.45,500,0,2500
APOLLOHOSP30JAN201520PE.NFO,07/01/2020,11:22:55,58,57.8,1500,61.45,1000,0,2500
APOLLOHOSP30JAN201520PE.NFO,07/01/2020,11:22:59,58,57.8,2500,61.55,1000,0,2500
APOLLOHOSP30JAN201520PE.NFO,07/01/2020,11:23:27,58,57.8,1500,61.55,1000,0,2500
APOLLOHOSP30JAN201520PE.NFO,07/01/2020,11:23:49,58,57.8,1500,61.65,500,0,2500
APOLLOHOSP30JAN201520PE.NFO,07/01/2020,11:23:54,58,57.8,1500,61.55,500,0,2500
APOLLOHOSP30JAN201520PE.NFO,07/01/2020,11:24:05,58,57.55,1500,61.55,500,0,2500
APOLLOHOSP30JAN201520PE.NFO,07/01/2020,11:24:10,58,57.55,1500,61.45,500,0,2500
APOLLOHOSP30JAN201520PE.NFO,07/01/2020,11:24:16,58,58.2,2000,61.65,1000,0,2500
APOLLOHOSP30JAN201520PE.NFO,07/01/2020,11:24:20,58,57.65,3500,61.65,1000,0,2500
APOLLOHOSP30JAN201520PE.NFO,07/01/2020,11:24:25,58,58.15,1500,61.65,1000,0,2500
APOLLOHOSP30JAN201520PE.NFO,07/01/2020,11:24:30,58,57.9,2000,61.65,1000,0,2500
APOLLOHOSP30JAN201520PE.NFO,07/01/2020,11:24:35,58,58.4,500,61.65,1000,0,2500
APOLLOHOSP30JAN201520PE.NFO,07/01/2020,11:24:39,58,58.2,500,61.65,1000,0,2500
APOLLOHOSP30JAN201520PE.NFO,07/01/2020,11:24:43,58,56.9,3500,61.65,1000,0,2500
APOLLOHOSP30JAN201520PE.NFO,07/01/2020,11:24:47,58,57.4,3000,61.65,1000,0,2500
APOLLOHOSP30JAN201520PE.NFO,07/01/2020,11:24:52,58,57.9,3500,61.65,500,0,2500
APOLLOHOSP30JAN201520PE.NFO,07/01/2020,11:24:56,58,57.55,2500,61.65,1000,0,2500
APOLLOHOSP30JAN201520PE.NFO,07/01/2020,11:25:18,58,57.55,1500,61.65,1000,0,2500
APOLLOHOSP30JAN201520PE.NFO,07/01/2020,11:25:28,58,57.75,3500,61.85,500,0,2500
APOLLOHOSP30JAN201520PE.NFO,07/01/2020,11:25:33,58,57.75,5500,61.85,500,0,2500
APOLLOHOSP30JAN201520PE.NFO,07/01/2020,11:25:42,58,57.75,5500,61.95,1000,0,2500
APOLLOHOSP30JAN201520PE.NFO,07/01/2020,11:26:11,58,57.75,6500,61.95,500,0,2500
APOLLOHOSP30JAN201520PE.NFO,07/01/2020,11:26:18,58,57.75,8500,62.15,500,0,2500
APOLLOHOSP30JAN201520PE.NFO,07/01/2020,11:26:36,58,57.75,6500,62.15,1000,0,2500
APOLLOHOSP30JAN201520PE.NFO,07/01/2020,11:27:28,58,58.3,3500,62.15,1000,0,2500
APOLLOHOSP30JAN201520PE.NFO,07/01/2020,11:27:31,58,58.5,2000,62.15,1000,0,2500
APOLLOHOSP30JAN201520PE.NFO,07/01/2020,11:27:34,58,58.8,1000,62.15,1000,0,2500
APOLLOHOSP30JAN201520PE.NFO,07/01/2020,11:27:38,58,58.25,3500,62.15,1000,0,2500
APOLLOHOSP30JAN201520PE.NFO,07/01/2020,11:27:41,58,58.65,1500,62.15,1000,0,2500
APOLLOHOSP30JAN201520PE.NFO,07/01/2020,11:27:44,58,58.8,500,62.15,1000,0,2500
APOLLOHOSP30JAN201520PE.NFO,07/01/2020,11:27:47,58,58.25,3500,62.15,1000,0,2500
APOLLOHOSP30JAN201520PE.NFO,07/01/2020,11:27:49,58,58.65,1500,62.15,1000,0,2500
APOLLOHOSP30JAN201520PE.NFO,07/01/2020,11:27:52,58,58.45,2500,62.15,1000,0,2500
APOLLOHOSP30JAN201520PE.NFO,07/01/2020,11:27:56,58,57.55,5500,62.15,1000,0,2500
APOLLOHOSP30JAN201520PE.NFO,07/01/2020,11:27:59,58,57.85,3500,62.15,1000,0,2500
APOLLOHOSP30JAN201520PE.NFO,07/01/2020,11:28:02,58,58.15,2000,62.15,1000,0,2500
APOLLOHOSP30JAN201520PE.NFO,07/01/2020,11:28:04,58,58.35,1000,62.1,500,0,2500
APOLLOHOSP30JAN201520PE.NFO,07/01/2020,11:28:07,58,58.55,500,62,500,0,2500
APOLLOHOSP30JAN201520PE.NFO,07/01/2020,11:28:09,58,57.8,2000,61.9,500,0,2500
APOLLOHOSP30JAN201520PE.NFO,07/01/2020,11:28:12,58,58,1500,61.8,500,0,2500
APOLLOHOSP30JAN201520PE.NFO,07/01/2020,11:28:14,58,58.2,1000,61.8,500,0,2500
APOLLOHOSP30JAN201520PE.NFO,07/01/2020,11:28:18,58,57.8,500,61.8,500,0,2500
APOLLOHOSP30JAN201520PE.NFO,07/01/2020,11:28:31,58,57.25,2500,61.7,500,0,2500
APOLLOHOSP30JAN201520PE.NFO,07/01/2020,11:28:33,58,57.25,8500,61.9,500,0,2500
APOLLOHOSP30JAN201520PE.NFO,07/01/2020,11:28:36,58,57.25,4500,61.8,500,0,2500
APOLLOHOSP30JAN201520PE.NFO,07/01/2020,11:29:03,58,57.25,6500,61.8,500,0,2500
APOLLOHOSP30JAN201520PE.NFO,07/01/2020,11:29:20,58,57.3,5500,64.45,500,0,2500
APOLLOHOSP30JAN201520PE.NFO,07/01/2020,11:29:23,58,57.3,5500,65,2500,0,2500
APOLLOHOSP30JAN201520PE.NFO,07/01/2020,11:29:27,58,57.3,5500,64.6,500,0,2500
APOLLOHOSP30JAN201520PE.NFO,07/01/2020,11:29:31,58,57.3,5500,64.65,500,0,2500
APOLLOHOSP30JAN201520PE.NFO,07/01/2020,11:29:34,58,57.3,5500,64.65,1000,0,2500
APOLLOHOSP30JAN201520PE.NFO,07/01/2020,11:29:41,58,57.7,7500,64.4,500,0,2500
APOLLOHOSP30JAN201520PE.NFO,07/01/2020,11:29:45,58,58,5500,64.2,500,0,2500
APOLLOHOSP30JAN201520PE.NFO,07/01/2020,11:29:50,58,56.8,9500,63.95,500,0,2500
APOLLOHOSP30JAN201520PE.NFO,07/01/2020,11:29:54,58,56.8,9500,63.75,500,0,2500
APOLLOHOSP30JAN201520PE.NFO,07/01/2020,11:29:57,58,56.95,10500,63.6,500,0,2500
APOLLOHOSP30JAN201520PE.NFO,07/01/2020,11:30:01,58,57.15,9500,63.45,500,0,2500
APOLLOHOSP30JAN201520PE.NFO,07/01/2020,11:30:04,58,57.55,7500,63.3,500,0,2500
APOLLOHOSP30JAN201520PE.NFO,07/01/2020,11:30:08,58,57.85,4500,63.1,500,0,2500
APOLLOHOSP30JAN201520PE.NFO,07/01/2020,11:30:11,58,58.1,1500,62.95,500,0,2500
APOLLOHOSP30JAN201520PE.NFO,07/01/2020,11:30:16,58,57.8,1500,62.8,500,0,2500
APOLLOHOSP30JAN201520PE.NFO,07/01/2020,11:30:20,58,57.8,1500,62.6,500,0,2500
APOLLOHOSP30JAN201520PE.NFO,07/01/2020,11:30:24,58,57.8,1500,62.4,500,0,2500
APOLLOHOSP30JAN201520PE.NFO,07/01/2020,11:30:27,58,57.8,1500,62.25,500,0,2500
APOLLOHOSP30JAN201520PE.NFO,07/01/2020,11:30:29,58,57.8,1500,62.15,500,0,2500
APOLLOHOSP30JAN201520PE.NFO,07/01/2020,11:30:31,58,57.8,1500,62.1,500,0,2500
APOLLOHOSP30JAN201520PE.NFO,07/01/2020,11:30:33,58,57.8,1500,61.9,500,0,2500
APOLLOHOSP30JAN201520PE.NFO,07/01/2020,11:30:35,58,57.8,1500,61.85,500,0,2500
APOLLOHOSP30JAN201520PE.NFO,07/01/2020,11:30:36,58,57.8,1500,61.8,500,0,2500
APOLLOHOSP30JAN201520PE.NFO,07/01/2020,11:30:57,58,57.95,2000,61.8,500,0,2500
APOLLOHOSP30JAN201520PE.NFO,07/01/2020,11:30:59,58,58.05,2000,61.8,500,0,2500
APOLLOHOSP30JAN201520PE.NFO,07/01/2020,11:31:05,58,58.4,2000,64.45,500,0,2500
APOLLOHOSP30JAN201520PE.NFO,07/01/2020,11:31:11,58,58.8,500,64.15,500,0,2500
APOLLOHOSP30JAN201520PE.NFO,07/01/2020,11:31:16,58,58.8,500,63.85,500,0,2500
APOLLOHOSP30JAN201520PE.NFO,07/01/2020,11:31:21,58,58.8,500,63.6,500,0,2500
APOLLOHOSP30JAN201520PE.NFO,07/01/2020,11:31:24,58,58.8,500,63.5,500,0,2500
APOLLOHOSP30JAN201520PE.NFO,07/01/2020,11:31:28,58,58.8,500,63.4,500,0,2500
APOLLOHOSP30JAN201520PE.NFO,07/01/2020,11:31:32,58,58.8,500,63.25,500,0,2500
APOLLOHOSP30JAN201520PE.NFO,07/01/2020,11:31:35,58,58.8,500,63.05,500,0,2500
APOLLOHOSP30JAN201520PE.NFO,07/01/2020,11:31:38,58,58.8,500,63,500,0,2500
APOLLOHOSP30JAN201520PE.NFO,07/01/2020,11:31:41,58,58.8,500,62.95,500,0,2500
APOLLOHOSP30JAN201520PE.NFO,07/01/2020,11:31:45,58,58.8,500,62.7,500,0,2500
APOLLOHOSP30JAN201520PE.NFO,07/01/2020,11:31:49,58,57.9,3000,63.95,500,0,2500
APOLLOHOSP30JAN201520PE.NFO,07/01/2020,11:31:56,58,58.7,2000,64.35,500,0,2500
APOLLOHOSP30JAN201520PE.NFO,07/01/2020,11:32:01,58,58.5,500,64.05,500,0,2500
APOLLOHOSP30JAN201520PE.NFO,07/01/2020,11:32:07,58,57.45,3500,63.75,500,0,2500
APOLLOHOSP30JAN201520PE.NFO,07/01/2020,11:32:12,58,57.55,3500,63.45,500,0,2500
APOLLOHOSP30JAN201520PE.NFO,07/01/2020,11:32:21,58,57.9,1500,63.05,500,0,2500
APOLLOHOSP30JAN201520PE.NFO,07/01/2020,11:32:24,58,57.9,1500,62.85,500,0,2500
APOLLOHOSP30JAN201520PE.NFO,07/01/2020,11:32:28,58,57.9,1500,62.65,500,0,2500
APOLLOHOSP30JAN201520PE.NFO,07/01/2020,11:32:33,58,56.5,10500,62.4,500,0,2500
APOLLOHOSP30JAN201520PE.NFO,07/01/2020,11:32:37,58,56.5,10500,62.3,500,0,2500
APOLLOHOSP30JAN201520PE.NFO,07/01/2020,11:32:41,58,56.5,10500,62.05,500,0,2500
APOLLOHOSP30JAN201520PE.NFO,07/01/2020,11:32:45,58,56.7,8500,61.75,500,0,2500
APOLLOHOSP30JAN201520PE.NFO,07/01/2020,11:32:48,58,57,6500,61.65,500,0,2500
APOLLOHOSP30JAN201520PE.NFO,07/01/2020,11:32:51,58,57.3,6500,61.65,500,0,2500
APOLLOHOSP30JAN201520PE.NFO,07/01/2020,11:32:54,58,57.5,4500,61.65,500,0,2500
APOLLOHOSP30JAN201520PE.NFO,07/01/2020,11:32:57,58,57.7,2500,61.65,500,0,2500
APOLLOHOSP30JAN201520PE.NFO,07/01/2020,11:33:01,58,57.75,1500,61.65,500,0,2500
APOLLOHOSP30JAN201520PE.NFO,07/01/2020,11:33:05,58,57.95,1500,61.65,500,0,2500
APOLLOHOSP30JAN201520PE.NFO,07/01/2020,11:33:11,58,57.95,1500,61.75,500,0,2500
APOLLOHOSP30JAN201520PE.NFO,07/01/2020,11:33:22,58,57.85,1500,61.65,500,0,2500
APOLLOHOSP30JAN201520PE.NFO,07/01/2020,11:33:26,58,57.8,500,61.65,500,0,2500
APOLLOHOSP30JAN201520PE.NFO,07/01/2020,11:33:39,58,58.1,500,61.85,500,0,2500
APOLLOHOSP30JAN201520PE.NFO,07/01/2020,11:33:50,58,58.1,500,61.75,500,0,2500
APOLLOHOSP30JAN201520PE.NFO,07/01/2020,11:33:53,58,57.6,3500,61.65,500,0,2500
APOLLOHOSP30JAN201520PE.NFO,07/01/2020,11:33:59,58,57.95,4500,65.05,1000,0,2500
APOLLOHOSP30JAN201520PE.NFO,07/01/2020,11:34:04,58,58.3,500,64.9,1000,0,2500
APOLLOHOSP30JAN201520PE.NFO,07/01/2020,11:34:10,58,57.95,1500,64.45,1000,0,2500
APOLLOHOSP30JAN201520PE.NFO,07/01/2020,11:34:17,58,58.05,1500,64.2,500,0,2500
APOLLOHOSP30JAN201520PE.NFO,07/01/2020,11:34:23,58,58.05,1500,63.8,500,0,2500
APOLLOHOSP30JAN201520PE.NFO,07/01/2020,11:34:29,58,57.25,7500,63.5,500,0,2500
APOLLOHOSP30JAN201520PE.NFO,07/01/2020,11:34:36,58,57.95,1500,64.5,500,0,2500
APOLLOHOSP30JAN201520PE.NFO,07/01/2020,11:34:42,58,57.9,1500,64,500,0,2500
APOLLOHOSP30JAN201520PE.NFO,07/01/2020,11:34:47,58,57.95,1500,63.4,500,0,2500
APOLLOHOSP30JAN201520PE.NFO,07/01/2020,11:34:52,58,57.9,1500,63.45,1000,0,2500
APOLLOHOSP30JAN201520PE.NFO,07/01/2020,11:34:58,58,57.95,1500,63.45,1000,0,2500
APOLLOHOSP30JAN201520PE.NFO,07/01/2020,11:35:03,58,57.4,3000,63.2,500,0,2500
APOLLOHOSP30JAN201520PE.NFO,07/01/2020,11:35:09,58,57.4,3000,62.95,1000,0,2500
APOLLOHOSP30JAN201520PE.NFO,07/01/2020,11:36:14,58,57.4,1500,62.95,1000,0,2500
APOLLOHOSP30JAN201520PE.NFO,07/01/2020,11:36:23,58,57.6,500,62.95,1000,0,2500
APOLLOHOSP30JAN201520PE.NFO,07/01/2020,11:36:33,58,57.6,500,62.7,500,0,2500
APOLLOHOSP30JAN201520PE.NFO,07/01/2020,11:36:38,58,57.6,500,62.5,500,0,2500
APOLLOHOSP30JAN201520PE.NFO,07/01/2020,11:36:42,58,57.6,500,62.25,500,0,2500
APOLLOHOSP30JAN201520PE.NFO,07/01/2020,11:36:48,58,57.6,500,62,500,0,2500
APOLLOHOSP30JAN201520PE.NFO,07/01/2020,11:36:54,58,57.95,2500,61.95,500,0,2500
APOLLOHOSP30JAN201520PE.NFO,07/01/2020,11:37:00,58,57.2,8500,61.85,500,0,2500
APOLLOHOSP30JAN201520PE.NFO,07/01/2020,11:37:05,58,57.7,2500,61.95,500,0,2500
APOLLOHOSP30JAN201520PE.NFO,07/01/2020,11:37:10,58,58.05,500,61.95,500,0,2500
APOLLOHOSP30JAN201520PE.NFO,07/01/2020,11:37:13,58,57.95,500,61.95,500,0,2500
APOLLOHOSP30JAN201520PE.NFO,07/01/2020,11:37:18,58,57.7,1500,62,500,0,2500
APOLLOHOSP30JAN201520PE.NFO,07/01/2020,11:37:22,58,58.05,3500,62,500,0,2500
APOLLOHOSP30JAN201520PE.NFO,07/01/2020,11:37:27,58,58.55,500,63.2,500,0,2500
APOLLOHOSP30JAN201520PE.NFO,07/01/2020,11:37:32,58,58.4,1000,64,500,0,2500
APOLLOHOSP30JAN201520PE.NFO,07/01/2020,11:37:37,58,58.4,500,63.5,500,0,2500
APOLLOHOSP30JAN201520PE.NFO,07/01/2020,11:37:42,58,57.7,1000,63.25,1000,0,2500
APOLLOHOSP30JAN201520PE.NFO,07/01/2020,11:37:47,58,58,2500,63.25,1000,0,2500
APOLLOHOSP30JAN201520PE.NFO,07/01/2020,11:37:52,58,58.05,2000,63.25,1000,0,2500
APOLLOHOSP30JAN201520PE.NFO,07/01/2020,11:38:11,58,58.05,3000,63.25,1000,0,2500
APOLLOHOSP30JAN201520PE.NFO,07/01/2020,11:38:15,58,58.05,2000,63.25,1000,0,2500
APOLLOHOSP30JAN201520PE.NFO,07/01/2020,11:38:22,58,58.05,3000,63.25,1000,0,2500
APOLLOHOSP30JAN201520PE.NFO,07/01/2020,11:38:33,58,58.05,9000,63.25,1000,0,2500
APOLLOHOSP30JAN201520PE.NFO,07/01/2020,11:39:14,58,58.05,3000,63.25,1000,0,2500
APOLLOHOSP30JAN201520PE.NFO,07/01/2020,11:40:02,58,58.05,5000,63.25,1000,0,2500
APOLLOHOSP30JAN201520PE.NFO,07/01/2020,11:40:12,58,58.05,3000,63.25,1000,0,2500
APOLLOHOSP30JAN201520PE.NFO,07/01/2020,11:40:16,58,59,1500,63.25,1000,0,2500
APOLLOHOSP30JAN201520PE.NFO,07/01/2020,11:40:20,58,59.2,1000,63.25,1000,0,2500
APOLLOHOSP30JAN201520PE.NFO,07/01/2020,11:40:42,58,59.2,500,64.1,500,0,2500
APOLLOHOSP30JAN201520PE.NFO,07/01/2020,11:40:46,58,59.2,500,63.7,500,0,2500
APOLLOHOSP30JAN201520PE.NFO,07/01/2020,11:40:49,58,59.2,500,65.15,1000,0,2500
APOLLOHOSP30JAN201520PE.NFO,07/01/2020,11:40:53,58,59.2,500,64.85,500,0,2500
APOLLOHOSP30JAN201520PE.NFO,07/01/2020,11:40:56,58,59.2,500,64.55,500,0,2500
APOLLOHOSP30JAN201520PE.NFO,07/01/2020,11:40:59,58,59.2,500,64.25,500,0,2500
APOLLOHOSP30JAN201520PE.NFO,07/01/2020,11:41:02,58,59.2,500,63.95,500,0,2500
APOLLOHOSP30JAN201520PE.NFO,07/01/2020,11:41:05,58,59.2,500,63.9,1000,0,2500
APOLLOHOSP30JAN201520PE.NFO,07/01/2020,11:42:16,58,58.25,8000,63.7,500,0,2500
APOLLOHOSP30JAN201520PE.NFO,07/01/2020,11:42:18,58,59.05,500,63.55,500,0,2500
APOLLOHOSP30JAN201520PE.NFO,07/01/2020,11:42:21,58,58.65,4500,63.45,500,0,2500
APOLLOHOSP30JAN201520PE.NFO,07/01/2020,11:42:24,58,57.65,10500,63.25,500,0,2500
APOLLOHOSP30JAN201520PE.NFO,07/01/2020,11:42:28,58,58.05,8500,63.05,500,0,2500
APOLLOHOSP30JAN201520PE.NFO,07/01/2020,11:42:32,58,58.45,5500,62.9,500,0,2500
APOLLOHOSP30JAN201520PE.NFO,07/01/2020,11:42:36,58,58.8,500,62.75,500,0,2500
APOLLOHOSP30JAN201520PE.NFO,07/01/2020,11:42:46,58,58.6,1500,62.7,500,0,2500
APOLLOHOSP30JAN201520PE.NFO,07/01/2020,11:42:50,58,58.6,1500,62.65,500,0,2500
APOLLOHOSP30JAN201520PE.NFO,07/01/2020,11:42:55,58,58.7,500,62.75,1000,0,2500
APOLLOHOSP30JAN201520PE.NFO,07/01/2020,11:43:00,58,59,1500,62.85,1000,0,2500
APOLLOHOSP30JAN201520PE.NFO,07/01/2020,11:43:04,58,58.5,2500,62.85,1000,0,2500
APOLLOHOSP30JAN201520PE.NFO,07/01/2020,11:43:07,58,58.65,500,62.85,1000,0,2500
APOLLOHOSP30JAN201520PE.NFO,07/01/2020,11:43:11,58,58.75,500,62.85,1000,0,2500
APOLLOHOSP30JAN201520PE.NFO,07/01/2020,11:43:13,58,58.7,500,62.8,1000,0,2500
APOLLOHOSP30JAN201520PE.NFO,07/01/2020,11:43:41,58,58,7500,64.05,500,0,2500
APOLLOHOSP30JAN201520PE.NFO,07/01/2020,11:43:45,58,58.5,2500,63.65,500,0,2500
APOLLOHOSP30JAN201520PE.NFO,07/01/2020,11:43:48,58,58.65,500,63.5,1000,0,2500
APOLLOHOSP30JAN201520PE.NFO,07/01/2020,11:43:51,58,58.3,1500,63.5,1000,0,2500
APOLLOHOSP30JAN201520PE.NFO,07/01/2020,11:44:04,58,58.45,1000,63.5,1000,0,2500
APOLLOHOSP30JAN201520PE.NFO,07/01/2020,11:44:07,58,58.75,1500,63.5,1000,0,2500
APOLLOHOSP30JAN201520PE.NFO,07/01/2020,11:44:10,58,58.75,500,63.5,1000,0,2500
APOLLOHOSP30JAN201520PE.NFO,07/01/2020,11:44:13,58,58.4,1000,63.5,1000,0,2500
APOLLOHOSP30JAN201520PE.NFO,07/01/2020,11:44:17,58,58.45,1500,63.5,1000,0,2500
APOLLOHOSP30JAN201520PE.NFO,07/01/2020,11:44:19,58,58.65,1500,63.5,1000,0,2500
APOLLOHOSP30JAN201520PE.NFO,07/01/2020,11:44:25,58,57.65,8500,63.5,1000,0,2500
APOLLOHOSP30JAN201520PE.NFO,07/01/2020,11:44:28,58,57.85,10500,63.5,1000,0,2500
APOLLOHOSP30JAN201520PE.NFO,07/01/2020,11:44:31,58,58.15,8500,63.5,1000,0,2500
APOLLOHOSP30JAN201520PE.NFO,07/01/2020,11:44:35,58,58.55,2500,63.5,1000,0,2500
APOLLOHOSP30JAN201520PE.NFO,07/01/2020,11:44:39,58,58.65,1500,63.5,1000,0,2500
APOLLOHOSP30JAN201520PE.NFO,07/01/2020,11:44:42,58,58.85,500,63.5,1000,0,2500
APOLLOHOSP30JAN201520PE.NFO,07/01/2020,11:44:45,58,58.5,2500,63.5,1000,0,2500
APOLLOHOSP30JAN201520PE.NFO,07/01/2020,11:44:48,58,58.9,2000,63.5,1000,0,2500
APOLLOHOSP30JAN201520PE.NFO,07/01/2020,11:44:51,58,59.2,1000,63.5,1000,0,2500
APOLLOHOSP30JAN201520PE.NFO,07/01/2020,11:44:54,58,57.65,11000,63.5,1000,0,2500
APOLLOHOSP30JAN201520PE.NFO,07/01/2020,11:44:57,58,59.15,2500,63.5,1000,0,2500
APOLLOHOSP30JAN201520PE.NFO,07/01/2020,11:45:00,58,58.65,2500,63.5,1000,0,2500
APOLLOHOSP30JAN201520PE.NFO,07/01/2020,11:45:03,58,58.55,2500,63.5,1000,0,2500
APOLLOHOSP30JAN201520PE.NFO,07/01/2020,11:45:06,58,58.35,4500,63.5,1000,0,2500
APOLLOHOSP30JAN201520PE.NFO,07/01/2020,11:45:09,58,58.55,2500,63.5,1000,0,2500
APOLLOHOSP30JAN201520PE.NFO,07/01/2020,11:45:12,58,58.5,1000,63.5,1000,0,2500
APOLLOHOSP30JAN201520PE.NFO,07/01/2020,11:45:13,58,58.55,1500,63.5,1000,0,2500
APOLLOHOSP30JAN201520PE.NFO,07/01/2020,11:45:35,58,58.7,500,63.5,1000,0,2500
APOLLOHOSP30JAN201520PE.NFO,07/01/2020,11:45:36,58,58.7,1500,63.5,1000,0,2500
APOLLOHOSP30JAN201520PE.NFO,07/01/2020,11:45:49,58,58.7,500,63.5,1000,0,2500
APOLLOHOSP30JAN201520PE.NFO,07/01/2020,11:45:49,58,57.65,10500,63.4,1000,0,2500
APOLLOHOSP30JAN201520PE.NFO,07/01/2020,11:45:51,58,57.85,9500,63.4,1000,0,2500
APOLLOHOSP30JAN201520PE.NFO,07/01/2020,11:45:53,58,57.95,10500,63.4,1000,0,2500
APOLLOHOSP30JAN201520PE.NFO,07/01/2020,11:45:54,58,58.05,8500,63.4,1000,0,2500
APOLLOHOSP30JAN201520PE.NFO,07/01/2020,11:45:55,58,58.1,5500,63.4,1000,0,2500
APOLLOHOSP30JAN201520PE.NFO,07/01/2020,11:45:56,58,58.15,5500,63.4,1000,0,2500
APOLLOHOSP30JAN201520PE.NFO,07/01/2020,11:45:56,58,58.25,4500,63.4,1000,0,2500
APOLLOHOSP30JAN201520PE.NFO,07/01/2020,11:45:57,58,58.35,2500,63.4,1000,0,2500
APOLLOHOSP30JAN201520PE.NFO,07/01/2020,11:45:58,58,58.45,2500,63.4,1000,0,2500
APOLLOHOSP30JAN201520PE.NFO,07/01/2020,11:45:59,58,58.55,2500,63.4,1000,0,2500
APOLLOHOSP30JAN201520PE.NFO,07/01/2020,11:46:00,58,58.6,1500,63.4,1000,0,2500
APOLLOHOSP30JAN201520PE.NFO,07/01/2020,11:46:12,58,58.7,1500,63.4,1000,0,2500
APOLLOHOSP30JAN201520PE.NFO,07/01/2020,11:46:13,58,58.75,1500,63.4,1000,0,2500
APOLLOHOSP30JAN201520PE.NFO,07/01/2020,11:46:15,58,58.55,2500,63.4,1000,0,2500
APOLLOHOSP30JAN201520PE.NFO,07/01/2020,11:46:18,58,58.6,500,63.4,1000,0,2500
APOLLOHOSP30JAN201520PE.NFO,07/01/2020,11:46:51,58,58.3,2500,63.4,1000,0,2500
APOLLOHOSP30JAN201520PE.NFO,07/01/2020,11:46:53,58,58.55,500,63.4,1000,0,2500
APOLLOHOSP30JAN201520PE.NFO,07/01/2020,11:47:48,58,58.95,1500,63.4,1000,0,2500
APOLLOHOSP30JAN201520PE.NFO,07/01/2020,11:47:50,58,59.25,500,63.4,1000,0,2500
APOLLOHOSP30JAN201520PE.NFO,07/01/2020,11:47:52,58,59.45,500,63.4,1000,0,2500
APOLLOHOSP30JAN201520PE.NFO,07/01/2020,11:47:55,58,59.6,500,63.4,1000,0,2500
APOLLOHOSP30JAN201520PE.NFO,07/01/2020,11:47:57,58,58.65,7500,63.4,1000,0,2500
APOLLOHOSP30JAN201520PE.NFO,07/01/2020,11:48:01,58,58.95,5500,63.4,1000,0,2500
APOLLOHOSP30JAN201520PE.NFO,07/01/2020,11:48:04,58,59.3,500,63.4,1000,0,2500
APOLLOHOSP30JAN201520PE.NFO,07/01/2020,11:48:07,58,58.8,2500,63.4,1000,0,2500
APOLLOHOSP30JAN201520PE.NFO,07/01/2020,11:48:10,58,58.95,1500,63.4,1000,0,2500
APOLLOHOSP30JAN201520PE.NFO,07/01/2020,11:48:25,58,58.85,4500,63.4,1000,0,2500
APOLLOHOSP30JAN201520PE.NFO,07/01/2020,11:48:29,58,59.05,2500,63.4,1000,0,2500
APOLLOHOSP30JAN201520PE.NFO,07/01/2020,11:48:32,58,59.1,500,63.4,1000,0,2500
APOLLOHOSP30JAN201520PE.NFO,07/01/2020,11:48:35,58,59.15,1500,63.4,1000,0,2500
APOLLOHOSP30JAN201520PE.NFO,07/01/2020,11:48:39,58,59.2,500,63.4,1000,0,2500
APOLLOHOSP30JAN201520PE.NFO,07/01/2020,11:48:49,58,59.3,500,63.4,1000,0,2500
APOLLOHOSP30JAN201520PE.NFO,07/01/2020,11:48:52,58,58.55,5500,63.4,1000,0,2500
APOLLOHOSP30JAN201520PE.NFO,07/01/2020,11:48:55,58,58.75,3500,63.4,1000,0,2500
APOLLOHOSP30JAN201520PE.NFO,07/01/2020,11:48:58,58,59.15,1500,63.4,1000,0,2500
APOLLOHOSP30JAN201520PE.NFO,07/01/2020,11:49:01,58,59.15,500,63.4,1000,0,2500
APOLLOHOSP30JAN201520PE.NFO,07/01/2020,11:49:04,58,59.1,1500,63.4,1000,0,2500
APOLLOHOSP30JAN201520PE.NFO,07/01/2020,11:49:06,58,59.05,500,63.4,1000,0,2500
APOLLOHOSP30JAN201520PE.NFO,07/01/2020,11:49:34,58,59.1,1500,63.4,1000,0,2500
APOLLOHOSP30JAN201520PE.NFO,07/01/2020,11:49:37,58,59.15,500,63.4,1000,0,2500
APOLLOHOSP30JAN201520PE.NFO,07/01/2020,11:49:39,58,59.05,500,63.4,1000,0,2500
APOLLOHOSP30JAN201520PE.NFO,07/01/2020,11:49:42,58,59.3,2500,63.4,1000,0,2500
APOLLOHOSP30JAN201520PE.NFO,07/01/2020,11:49:45,58,59.55,500,63.4,1000,0,2500
APOLLOHOSP30JAN201520PE.NFO,07/01/2020,11:49:50,58,59.4,1500,63.4,1000,0,2500
APOLLOHOSP30JAN201520PE.NFO,07/01/2020,11:49:52,58,59.55,500,63.4,1000,0,2500
APOLLOHOSP30JAN201520PE.NFO,07/01/2020,11:49:55,58,59.5,1500,63.4,1000,0,2500
APOLLOHOSP30JAN201520PE.NFO,07/01/2020,11:49:58,58,59.55,500,63.4,1000,0,2500
APOLLOHOSP30JAN201520PE.NFO,07/01/2020,11:50:02,58,59.35,500,63.4,1000,0,2500
APOLLOHOSP30JAN201520PE.NFO,07/01/2020,11:50:13,58,59.65,500,63.4,1000,0,2500
APOLLOHOSP30JAN201520PE.NFO,07/01/2020,11:50:18,58,59.25,1500,63.4,1000,0,2500
APOLLOHOSP30JAN201520PE.NFO,07/01/2020,11:50:23,58,59.35,500,63.4,1000,0,2500
APOLLOHOSP30JAN201520PE.NFO,07/01/2020,11:50:27,58,59,3500,63.4,1000,0,2500
APOLLOHOSP30JAN201520PE.NFO,07/01/2020,11:50:31,58,59.4,500,63.4,1000,0,2500
APOLLOHOSP30JAN201520PE.NFO,07/01/2020,11:50:35,58,59.35,500,63.4,1000,0,2500
APOLLOHOSP30JAN201520PE.NFO,07/01/2020,11:50:38,58,59.4,2500,63.4,1000,0,2500
APOLLOHOSP30JAN201520PE.NFO,07/01/2020,11:50:42,58,59.8,2000,63.4,1000,0,2500
APOLLOHOSP30JAN201520PE.NFO,07/01/2020,11:50:46,58,60.15,500,63.4,1000,0,2500
APOLLOHOSP30JAN201520PE.NFO,07/01/2020,11:50:49,58,59.1,5500,63.4,1000,0,2500
APOLLOHOSP30JAN201520PE.NFO,07/01/2020,11:50:51,58,59.3,4500,63.4,1000,0,2500
APOLLOHOSP30JAN201520PE.NFO,07/01/2020,11:50:54,58,59.6,2000,63.4,1000,0,2500
APOLLOHOSP30JAN201520PE.NFO,07/01/2020,11:50:58,58,59.9,1500,63.4,1000,0,2500
APOLLOHOSP30JAN201520PE.NFO,07/01/2020,11:51:02,58,59.4,4000,63.4,1000,0,2500
APOLLOHOSP30JAN201520PE.NFO,07/01/2020,11:51:06,58,59.9,1500,63.4,1000,0,2500
APOLLOHOSP30JAN201520PE.NFO,07/01/2020,11:51:10,58,59.3,5500,63.4,1000,0,2500
APOLLOHOSP30JAN201520PE.NFO,07/01/2020,11:51:14,58,59.7,2500,63.4,1000,0,2500
APOLLOHOSP30JAN201520PE.NFO,07/01/2020,11:51:17,58,60,1000,63.4,1000,0,2500
APOLLOHOSP30JAN201520PE.NFO,07/01/2020,11:51:20,58,59.4,4500,63.4,1000,0,2500
APOLLOHOSP30JAN201520PE.NFO,07/01/2020,11:51:23,58,59.8,2000,63.4,1000,0,2500
APOLLOHOSP30JAN201520PE.NFO,07/01/2020,11:51:27,58,60.15,500,63.4,1000,0,2500
APOLLOHOSP30JAN201520PE.NFO,07/01/2020,11:51:32,58,59.8,2000,63.4,1000,0,2500
APOLLOHOSP30JAN201520PE.NFO,07/01/2020,11:51:36,58,59.15,2500,63.4,1000,0,2500
APOLLOHOSP30JAN201520PE.NFO,07/01/2020,11:51:40,58,59.5,500,63.4,1000,0,2500
APOLLOHOSP30JAN201520PE.NFO,07/01/2020,11:51:44,58,59,2500,63.4,1000,0,2500
APOLLOHOSP30JAN201520PE.NFO,07/01/2020,11:51:47,58,59.4,1500,63.4,1000,0,2500
APOLLOHOSP30JAN201520PE.NFO,07/01/2020,11:51:50,58,59.2,1500,63.4,1000,0,2500
APOLLOHOSP30JAN201520PE.NFO,07/01/2020,11:51:53,58,59.4,1500,63.4,1000,0,2500
APOLLOHOSP30JAN201520PE.NFO,07/01/2020,11:51:56,58,59.3,1500,63.4,1000,0,2500
APOLLOHOSP30JAN201520PE.NFO,07/01/2020,11:52:00,58,59.2,1500,63.4,1000,0,2500
APOLLOHOSP30JAN201520PE.NFO,07/01/2020,11:52:03,58,59.3,1500,63.4,1000,0,2500
APOLLOHOSP30JAN201520PE.NFO,07/01/2020,11:52:06,58,59.45,500,63.4,1000,0,2500
APOLLOHOSP30JAN201520PE.NFO,07/01/2020,11:52:08,58,59.05,1500,63.4,1000,0,2500
APOLLOHOSP30JAN201520PE.NFO,07/01/2020,11:52:10,58,59.25,1500,63.4,1000,0,2500
APOLLOHOSP30JAN201520PE.NFO,07/01/2020,11:52:12,58,59.45,1500,63.4,1000,0,2500
APOLLOHOSP30JAN201520PE.NFO,07/01/2020,11:52:14,58,58.9,2500,63.4,1000,0,2500
APOLLOHOSP30JAN201520PE.NFO,07/01/2020,11:52:16,58,59.15,1500,63.4,1000,0,2500
APOLLOHOSP30JAN201520PE.NFO,07/01/2020,11:52:18,58,59.25,1500,63.4,1000,0,2500
APOLLOHOSP30JAN201520PE.NFO,07/01/2020,11:52:21,58,59.45,1500,63.4,1000,0,2500
APOLLOHOSP30JAN201520PE.NFO,07/01/2020,11:52:24,58,59.15,1500,63.4,1000,0,2500
APOLLOHOSP30JAN201520PE.NFO,07/01/2020,11:52:26,58,59.45,1500,63.4,1000,0,2500
APOLLOHOSP30JAN201520PE.NFO,07/01/2020,11:52:29,58,58.7,4500,63.4,1000,0,2500
APOLLOHOSP30JAN201520PE.NFO,07/01/2020,11:52:31,58,59,1500,63.4,1000,0,2500
APOLLOHOSP30JAN201520PE.NFO,07/01/2020,11:52:35,58,59.3,1500,63.4,1000,0,2500
APOLLOHOSP30JAN201520PE.NFO,07/01/2020,11:52:38,58,59.45,500,63.4,1000,0,2500
APOLLOHOSP30JAN201520PE.NFO,07/01/2020,11:52:41,58,59.15,1500,63.4,1000,0,2500
APOLLOHOSP30JAN201520PE.NFO,07/01/2020,11:52:43,58,59.35,1500,63.4,1000,0,2500
APOLLOHOSP30JAN201520PE.NFO,07/01/2020,11:52:45,58,59.5,500,63.4,1000,0,2500
APOLLOHOSP30JAN201520PE.NFO,07/01/2020,11:52:49,58,58.95,1500,63.4,1000,0,2500
APOLLOHOSP30JAN201520PE.NFO,07/01/2020,11:52:52,58,59.25,1500,63.4,1000,0,2500
APOLLOHOSP30JAN201520PE.NFO,07/01/2020,11:52:55,58,58.8,3500,63.4,1000,0,2500
APOLLOHOSP30JAN201520PE.NFO,07/01/2020,11:52:59,58,59.1,1500,63.4,1000,0,2500
APOLLOHOSP30JAN201520PE.NFO,07/01/2020,11:53:01,58,59.4,1500,63.4,1000,0,2500
APOLLOHOSP30JAN201520PE.NFO,07/01/2020,11:53:04,58,58.8,3500,63.4,1000,0,2500
APOLLOHOSP30JAN201520PE.NFO,07/01/2020,11:53:07,58,59.2,1500,63.4,1000,0,2500
APOLLOHOSP30JAN201520PE.NFO,07/01/2020,11:53:10,58,58.9,500,64.75,500,0,2500
APOLLOHOSP30JAN201520PE.NFO,07/01/2020,11:53:14,58,58.9,1500,64.35,500,0,2500
APOLLOHOSP30JAN201520PE.NFO,07/01/2020,11:53:20,58,59.45,500,63.95,500,0,2500
APOLLOHOSP30JAN201520PE.NFO,07/01/2020,11:53:23,58,59.05,1500,65.4,500,0,2500
APOLLOHOSP30JAN201520PE.NFO,07/01/2020,11:53:27,58,58.1,10500,65.15,1000,0,2500
APOLLOHOSP30JAN201520PE.NFO,07/01/2020,11:53:30,58,58.5,9500,65.15,1000,0,2500
APOLLOHOSP30JAN201520PE.NFO,07/01/2020,11:53:34,58,58.8,7500,65.15,1000,0,2500
APOLLOHOSP30JAN201520PE.NFO,07/01/2020,11:53:36,58,59.1,1500,65.15,1000,0,2500
APOLLOHOSP30JAN201520PE.NFO,07/01/2020,11:53:39,58,59.25,500,65.15,1000,0,2500
APOLLOHOSP30JAN201520PE.NFO,07/01/2020,11:53:41,58,59.2,5500,65.15,1000,0,2500
APOLLOHOSP30JAN201520PE.NFO,07/01/2020,11:53:44,58,59.5,1500,65.15,1000,0,2500
APOLLOHOSP30JAN201520PE.NFO,07/01/2020,11:53:47,58,59.75,500,65.15,1000,0,2500
APOLLOHOSP30JAN201520PE.NFO,07/01/2020,11:53:50,58,59.4,500,65.15,1000,0,2500
APOLLOHOSP30JAN201520PE.NFO,07/01/2020,11:54:11,58,59.55,4000,65.15,1000,0,2500
APOLLOHOSP30JAN201520PE.NFO,07/01/2020,11:54:15,58,59.95,2000,65.15,1000,0,2500
APOLLOHOSP30JAN201520PE.NFO,07/01/2020,11:54:19,58,60.35,500,65.15,1000,0,2500
APOLLOHOSP30JAN201520PE.NFO,07/01/2020,11:54:22,58,59.65,4000,65.15,1000,0,2500
APOLLOHOSP30JAN201520PE.NFO,07/01/2020,11:54:25,58,59.95,2000,65.15,1000,0,2500
APOLLOHOSP30JAN201520PE.NFO,07/01/2020,11:54:28,58,60.35,500,65.15,1000,0,2500
APOLLOHOSP30JAN201520PE.NFO,07/01/2020,11:54:31,58,59.45,4000,65.15,1000,0,2500
APOLLOHOSP30JAN201520PE.NFO,07/01/2020,11:54:34,58,59.85,2000,65.15,1000,0,2500
APOLLOHOSP30JAN201520PE.NFO,07/01/2020,11:54:37,58,60.15,1000,65.15,1000,0,2500
APOLLOHOSP30JAN201520PE.NFO,07/01/2020,11:54:39,58,60.4,500,65.15,1000,0,2500
APOLLOHOSP30JAN201520PE.NFO,07/01/2020,11:54:42,58,59.55,4000,65.15,1000,0,2500
APOLLOHOSP30JAN201520PE.NFO,07/01/2020,11:54:44,58,59.85,2000,65.15,1000,0,2500
APOLLOHOSP30JAN201520PE.NFO,07/01/2020,11:54:46,58,60.05,1500,65.15,1000,0,2500
APOLLOHOSP30JAN201520PE.NFO,07/01/2020,11:54:48,58,60.15,1000,65.15,1000,0,2500
APOLLOHOSP30JAN201520PE.NFO,07/01/2020,11:54:50,58,60.35,500,65.15,1000,0,2500
APOLLOHOSP30JAN201520PE.NFO,07/01/2020,11:54:51,58,59.45,2500,65.15,1000,0,2500
APOLLOHOSP30JAN201520PE.NFO,07/01/2020,11:54:54,58,59.65,1500,65,500,0,2500
APOLLOHOSP30JAN201520PE.NFO,07/01/2020,11:54:55,58,59.85,1500,64.95,1000,0,2500
APOLLOHOSP30JAN201520PE.NFO,07/01/2020,11:54:58,58,59.4,1500,64.95,1000,0,2500
APOLLOHOSP30JAN201520PE.NFO,07/01/2020,11:55:01,58,59.45,1500,64.95,1000,0,2500
APOLLOHOSP30JAN201520PE.NFO,07/01/2020,11:55:05,58,59.85,1500,64.95,1000,0,2500
APOLLOHOSP30JAN201520PE.NFO,07/01/2020,11:55:09,58,59.45,500,64.95,1000,0,2500
APOLLOHOSP30JAN201520PE.NFO,07/01/2020,11:55:12,58,59.15,4500,64.95,1000,0,2500
APOLLOHOSP30JAN201520PE.NFO,07/01/2020,11:55:15,58,59.4,2500,64.95,1000,0,2500
APOLLOHOSP30JAN201520PE.NFO,07/01/2020,11:55:18,58,59.8,1500,64.95,1000,0,2500
APOLLOHOSP30JAN201520PE.NFO,07/01/2020,11:55:21,58,60.1,5500,64.95,1000,0,2500
APOLLOHOSP30JAN201520PE.NFO,07/01/2020,11:55:25,58,60.35,1500,64.95,1000,0,2500
APOLLOHOSP30JAN201520PE.NFO,07/01/2020,11:55:27,58,59.5,10500,64.95,1000,0,2500
APOLLOHOSP30JAN201520PE.NFO,07/01/2020,11:55:30,58,59.9,8500,64.95,1000,0,2500
APOLLOHOSP30JAN201520PE.NFO,07/01/2020,11:55:34,58,60.3,1500,64.95,1000,0,2500
APOLLOHOSP30JAN201520PE.NFO,07/01/2020,11:55:36,58,60.25,500,64.95,1000,0,2500
APOLLOHOSP30JAN201520PE.NFO,07/01/2020,11:55:47,58,60.45,500,64.95,1000,0,2500
APOLLOHOSP30JAN201520PE.NFO,07/01/2020,11:55:50,58,59.15,10500,64.95,1000,0,2500
APOLLOHOSP30JAN201520PE.NFO,07/01/2020,11:55:52,58,59.45,2500,64.95,1000,0,2500
APOLLOHOSP30JAN201520PE.NFO,07/01/2020,11:55:54,58,59.65,9500,64.95,1000,0,2500
APOLLOHOSP30JAN201520PE.NFO,07/01/2020,11:55:56,58,59.75,10500,64.95,1000,0,2500
APOLLOHOSP30JAN201520PE.NFO,07/01/2020,11:55:59,58,59.95,7500,64.95,1000,0,2500
APOLLOHOSP30JAN201520PE.NFO,07/01/2020,11:56:01,58,60.2,500,64.95,1000,0,2500
APOLLOHOSP30JAN201520PE.NFO,07/01/2020,11:56:04,58,60.15,1500,64.95,1000,0,2500
APOLLOHOSP30JAN201520PE.NFO,07/01/2020,11:56:08,58,60.1,1500,64.95,1000,0,2500
APOLLOHOSP30JAN201520PE.NFO,07/01/2020,11:56:10,58,60.35,500,64.95,1000,0,2500
APOLLOHOSP30JAN201520PE.NFO,07/01/2020,11:56:12,58,60.1,1500,64.95,1000,0,2500
APOLLOHOSP30JAN201520PE.NFO,07/01/2020,11:56:14,58,60.2,1500,64.95,1000,0,2500
APOLLOHOSP30JAN201520PE.NFO,07/01/2020,11:56:16,58,60.35,500,64.95,1000,0,2500
APOLLOHOSP30JAN201520PE.NFO,07/01/2020,11:56:19,58,58.9,10500,64.9,500,0,2500
APOLLOHOSP30JAN201520PE.NFO,07/01/2020,11:56:21,58,59.5,10500,64.85,1000,0,2500
APOLLOHOSP30JAN201520PE.NFO,07/01/2020,11:56:23,58,59.7,9500,64.85,1000,0,2500
APOLLOHOSP30JAN201520PE.NFO,07/01/2020,11:56:25,58,59.9,7500,64.85,1000,0,2500
APOLLOHOSP30JAN201520PE.NFO,07/01/2020,11:56:27,58,60.2,1500,64.85,1000,0,2500
APOLLOHOSP30JAN201520PE.NFO,07/01/2020,11:56:30,58,60.5,1500,64.85,1000,0,2500
APOLLOHOSP30JAN201520PE.NFO,07/01/2020,11:56:34,58,60.25,1500,64.85,1000,0,2500
APOLLOHOSP30JAN201520PE.NFO,07/01/2020,11:56:37,58,59,10500,64.65,1000,0,2500
APOLLOHOSP30JAN201520PE.NFO,07/01/2020,11:56:40,58,59.2,10500,64.65,1000,0,2500
APOLLOHOSP30JAN201520PE.NFO,07/01/2020,11:56:43,58,59.5,5500,64.65,1000,0,2500
APOLLOHOSP30JAN201520PE.NFO,07/01/2020,11:56:46,58,59.8,1500,64.65,1000,0,2500
APOLLOHOSP30JAN201520PE.NFO,07/01/2020,11:56:49,58,60,1500,64.65,1000,0,2500
APOLLOHOSP30JAN201520PE.NFO,07/01/2020,11:56:52,58,59.7,1500,64.65,1000,0,2500
APOLLOHOSP30JAN201520PE.NFO,07/01/2020,11:56:54,58,59.9,1500,64.65,1000,0,2500
APOLLOHOSP30JAN201520PE.NFO,07/01/2020,11:56:55,58,59.65,1500,64.6,500,0,2500
APOLLOHOSP30JAN201520PE.NFO,07/01/2020,11:56:58,58,58.6,9500,64.4,500,0,2500
APOLLOHOSP30JAN201520PE.NFO,07/01/2020,11:57:00,58,58.8,10500,64.35,1000,0,2500
APOLLOHOSP30JAN201520PE.NFO,07/01/2020,11:57:02,58,59,10500,64.35,1000,0,2500
APOLLOHOSP30JAN201520PE.NFO,07/01/2020,11:57:04,58,59.3,8500,64.35,1000,0,2500
APOLLOHOSP30JAN201520PE.NFO,07/01/2020,11:57:06,58,59.5,7500,64.35,1000,0,2500
APOLLOHOSP30JAN201520PE.NFO,07/01/2020,11:57:09,58,59.9,1500,64.35,1000,0,2500
APOLLOHOSP30JAN201520PE.NFO,07/01/2020,11:57:13,58,58.5,10500,64.3,500,0,2500
APOLLOHOSP30JAN201520PE.NFO,07/01/2020,11:57:14,58,58.6,10500,64.25,1000,0,2500
APOLLOHOSP30JAN201520PE.NFO,07/01/2020,11:57:15,58,58.7,10500,64.25,1000,0,2500
APOLLOHOSP30JAN201520PE.NFO,07/01/2020,11:57:16,58,58.8,10500,64.25,1000,0,2500
APOLLOHOSP30JAN201520PE.NFO,07/01/2020,11:57:18,58,59,9500,64.25,1000,0,2500
APOLLOHOSP30JAN201520PE.NFO,07/01/2020,11:57:18,58,59,10500,64.25,1000,0,2500
APOLLOHOSP30JAN201520PE.NFO,07/01/2020,11:57:20,58,59.1,6500,64.25,1000,0,2500
APOLLOHOSP30JAN201520PE.NFO,07/01/2020,11:57:21,58,59.2,8500,64.25,1000,0,2500
APOLLOHOSP30JAN201520PE.NFO,07/01/2020,11:57:21,58,59.3,7500,64.25,1000,0,2500
APOLLOHOSP30JAN201520PE.NFO,07/01/2020,11:57:23,58,59.4,5500,64.25,1000,0,2500
APOLLOHOSP30JAN201520PE.NFO,07/01/2020,11:57:24,58,59.5,6500,64.25,1000,0,2500
APOLLOHOSP30JAN201520PE.NFO,07/01/2020,11:57:25,58,59.6,4500,64.25,1000,0,2500
APOLLOHOSP30JAN201520PE.NFO,07/01/2020,11:57:26,58,59.7,4500,64.25,1000,0,2500
APOLLOHOSP30JAN201520PE.NFO,07/01/2020,11:57:27,58,59.8,3000,64.25,1000,0,2500
APOLLOHOSP30JAN201520PE.NFO,07/01/2020,11:57:28,58,60,3000,64.25,1000,0,2500
APOLLOHOSP30JAN201520PE.NFO,07/01/2020,11:57:29,58,60.1,3000,64.25,1000,0,2500
APOLLOHOSP30JAN201520PE.NFO,07/01/2020,11:57:31,58,60.2,2500,64.25,1000,0,2500
APOLLOHOSP30JAN201520PE.NFO,07/01/2020,11:57:32,58,60.4,2000,64.25,1000,0,2500
APOLLOHOSP30JAN201520PE.NFO,07/01/2020,11:57:34,58,60.5,1500,64.25,1000,0,2500
APOLLOHOSP30JAN201520PE.NFO,07/01/2020,11:57:34,58,60.7,500,64.25,1000,0,2500
APOLLOHOSP30JAN201520PE.NFO,07/01/2020,11:57:36,58,60.75,500,64.25,1000,0,2500
APOLLOHOSP30JAN201520PE.NFO,07/01/2020,11:57:37,58,59.75,2500,64.25,1000,0,2500
APOLLOHOSP30JAN201520PE.NFO,07/01/2020,11:57:38,58,59.85,2500,64.25,1000,0,2500
APOLLOHOSP30JAN201520PE.NFO,07/01/2020,11:57:39,58,59.95,2500,64.25,1000,0,2500
APOLLOHOSP30JAN201520PE.NFO,07/01/2020,11:57:41,58,60.15,2500,64.25,1000,0,2500
APOLLOHOSP30JAN201520PE.NFO,07/01/2020,11:57:43,58,60.25,2500,64.25,1000,0,2500
APOLLOHOSP30JAN201520PE.NFO,07/01/2020,11:57:44,58,60.35,2500,64.25,1000,0,2500
APOLLOHOSP30JAN201520PE.NFO,07/01/2020,11:57:45,58,60.45,2500,64.25,1000,0,2500
APOLLOHOSP30JAN201520PE.NFO,07/01/2020,11:57:45,58,60.55,2000,64.25,1000,0,2500
APOLLOHOSP30JAN201520PE.NFO,07/01/2020,11:57:46,58,60.65,1000,64.25,1000,0,2500
APOLLOHOSP30JAN201520PE.NFO,07/01/2020,11:57:48,58,59.65,9000,64.25,1000,0,2500
APOLLOHOSP30JAN201520PE.NFO,07/01/2020,11:57:49,58,59.9,1500,64.25,1000,0,2500
APOLLOHOSP30JAN201520PE.NFO,07/01/2020,11:57:50,58,60,1500,64.25,1000,0,2500
APOLLOHOSP30JAN201520PE.NFO,07/01/2020,11:57:52,58,60.1,1500,64.25,1000,0,2500
APOLLOHOSP30JAN201520PE.NFO,07/01/2020,11:57:53,58,60.25,500,64.25,1000,0,2500
APOLLOHOSP30JAN201520PE.NFO,07/01/2020,11:57:54,58,59.75,2500,64.25,1000,0,2500
APOLLOHOSP30JAN201520PE.NFO,07/01/2020,11:57:55,58,59.85,2500,64.25,1000,0,2500
APOLLOHOSP30JAN201520PE.NFO,07/01/2020,11:57:56,58,59.95,1500,64.25,1000,0,2500
APOLLOHOSP30JAN201520PE.NFO,07/01/2020,11:57:57,58,60.05,1500,64.25,1000,0,2500
APOLLOHOSP30JAN201520PE.NFO,07/01/2020,11:57:59,58,60.15,1500,64.25,1000,0,2500
APOLLOHOSP30JAN201520PE.NFO,07/01/2020,11:58:00,58,60.25,1500,64.25,1000,0,2500
APOLLOHOSP30JAN201520PE.NFO,07/01/2020,11:58:01,58,60.3,500,64.25,1000,0,2500
APOLLOHOSP30JAN201520PE.NFO,07/01/2020,11:58:02,58,59.95,500,64.25,1000,0,2500
APOLLOHOSP30JAN201520PE.NFO,07/01/2020,11:58:04,58,60,1500,64.25,1000,0,2500
APOLLOHOSP30JAN201520PE.NFO,07/01/2020,11:58:05,58,60.1,1500,64.25,1000,0,2500
APOLLOHOSP30JAN201520PE.NFO,07/01/2020,11:58:06,58,60.2,1500,64.25,1000,0,2500
APOLLOHOSP30JAN201520PE.NFO,07/01/2020,11:58:06,58,60.25,500,64.25,1000,0,2500
APOLLOHOSP30JAN201520PE.NFO,07/01/2020,11:58:08,58,60.15,1500,64.25,1000,0,2500
APOLLOHOSP30JAN201520PE.NFO,07/01/2020,11:58:09,58,60.25,1500,64.25,1000,0,2500
APOLLOHOSP30JAN201520PE.NFO,07/01/2020,11:58:10,58,60.3,500,64.25,1000,0,2500
APOLLOHOSP30JAN201520PE.NFO,07/01/2020,11:58:11,58,60.05,1500,64.25,1000,0,2500
APOLLOHOSP30JAN201520PE.NFO,07/01/2020,11:58:12,58,60.15,1500,64.25,1000,0,2500
APOLLOHOSP30JAN201520PE.NFO,07/01/2020,11:58:13,58,60.25,1500,64.25,1000,0,2500
APOLLOHOSP30JAN201520PE.NFO,07/01/2020,11:58:16,58,59.95,3500,64.25,1000,0,2500
APOLLOHOSP30JAN201520PE.NFO,07/01/2020,11:58:18,58,60.2,500,64.25,1000,0,2500
APOLLOHOSP30JAN201520PE.NFO,07/01/2020,11:58:20,58,59.95,2500,64.25,1000,0,2500
APOLLOHOSP30JAN201520PE.NFO,07/01/2020,11:58:23,58,60.1,1500,64.25,1000,0,2500
APOLLOHOSP30JAN201520PE.NFO,07/01/2020,11:58:25,58,60.25,500,64.25,1000,0,2500
APOLLOHOSP30JAN201520PE.NFO,07/01/2020,11:58:27,58,60.4,1500,64.25,1000,0,2500
APOLLOHOSP30JAN201520PE.NFO,07/01/2020,11:58:30,58,60.25,1500,64.25,1000,0,2500
APOLLOHOSP30JAN201520PE.NFO,07/01/2020,11:58:32,58,59.25,1500,64.25,1000,0,2500
APOLLOHOSP30JAN201520PE.NFO,07/01/2020,11:58:35,58,59.4,10500,64.25,1000,0,2500
APOLLOHOSP30JAN201520PE.NFO,07/01/2020,11:58:36,58,59.6,3500,64.25,1000,0,2500
APOLLOHOSP30JAN201520PE.NFO,07/01/2020,11:58:38,58,59.8,1500,64.25,1000,0,2500
APOLLOHOSP30JAN201520PE.NFO,07/01/2020,11:58:41,58,60,1500,64.25,1000,0,2500
APOLLOHOSP30JAN201520PE.NFO,07/01/2020,11:58:43,58,59.75,1500,64.25,1000,0,2500
APOLLOHOSP30JAN201520PE.NFO,07/01/2020,11:58:45,58,59.95,1500,64.25,1000,0,2500
APOLLOHOSP30JAN201520PE.NFO,07/01/2020,11:58:48,58,59.6,5500,64.25,1000,0,2500
APOLLOHOSP30JAN201520PE.NFO,07/01/2020,11:58:52,58,59.9,1500,64.25,1000,0,2500
APOLLOHOSP30JAN201520PE.NFO,07/01/2020,11:58:54,58,59.85,2500,64.25,1000,0,2500
APOLLOHOSP30JAN201520PE.NFO,07/01/2020,11:58:56,58,59.55,1500,64.25,1000,0,2500
APOLLOHOSP30JAN201520PE.NFO,07/01/2020,11:58:58,58,59.55,3500,64.25,1000,0,2500
APOLLOHOSP30JAN201520PE.NFO,07/01/2020,11:59:00,58,59.8,1500,64.25,1000,0,2500
APOLLOHOSP30JAN201520PE.NFO,07/01/2020,11:59:03,58,59.7,500,64.25,1000,0,2500
APOLLOHOSP30JAN201520PE.NFO,07/01/2020,11:59:08,58,59.65,1500,64.25,1000,0,2500
APOLLOHOSP30JAN201520PE.NFO,07/01/2020,11:59:10,58,59.85,1500,64.25,1000,0,2500
APOLLOHOSP30JAN201520PE.NFO,07/01/2020,11:59:13,58,58.7,10500,64.15,1000,0,2500
APOLLOHOSP30JAN201520PE.NFO,07/01/2020,11:59:16,58,59,10500,64.15,1000,0,2500
APOLLOHOSP30JAN201520PE.NFO,07/01/2020,11:59:18,58,59.2,10500,64.15,1000,0,2500
APOLLOHOSP30JAN201520PE.NFO,07/01/2020,11:59:21,58,59.6,4500,64.15,1000,0,2500
APOLLOHOSP30JAN201520PE.NFO,07/01/2020,11:59:24,58,59.9,1500,64.15,1000,0,2500
APOLLOHOSP30JAN201520PE.NFO,07/01/2020,11:59:28,58,60.15,500,64.15,1000,0,2500
APOLLOHOSP30JAN201520PE.NFO,07/01/2020,11:59:30,58,60.15,1500,64.15,1000,0,2500
APOLLOHOSP30JAN201520PE.NFO,07/01/2020,11:59:33,58,59.95,1500,64.15,1000,0,2500
APOLLOHOSP30JAN201520PE.NFO,07/01/2020,11:59:35,58,60.15,1500,64.15,1000,0,2500
APOLLOHOSP30JAN201520PE.NFO,07/01/2020,11:59:37,58,59.9,500,64.15,1000,0,2500
APOLLOHOSP30JAN201520PE.NFO,07/01/2020,11:59:51,58,60.15,1500,64.15,1000,0,2500
APOLLOHOSP30JAN201520PE.NFO,07/01/2020,11:59:56,58,60.2,500,64.15,1000,0,2500
APOLLOHOSP30JAN201520PE.NFO,07/01/2020,11:59:58,58,59.9,500,64.15,1000,0,2500
APOLLOHOSP30JAN201520PE.NFO,07/01/2020,12:00:06,58,60.15,1500,64.15,1000,0,2500
APOLLOHOSP30JAN201520PE.NFO,07/01/2020,12:00:12,58,60.05,1500,64.15,1000,0,2500
APOLLOHOSP30JAN201520PE.NFO,07/01/2020,12:00:15,58,59.9,500,64.15,1000,0,2500
APOLLOHOSP30JAN201520PE.NFO,07/01/2020,12:00:18,58,60.15,4500,64.15,1000,0,2500
APOLLOHOSP30JAN201520PE.NFO,07/01/2020,12:00:21,58,60.55,500,64.15,1000,0,2500
APOLLOHOSP30JAN201520PE.NFO,07/01/2020,12:00:38,58,60,1500,64.15,1000,0,2500
APOLLOHOSP30JAN201520PE.NFO,07/01/2020,12:00:41,58,59.85,500,64.15,1000,0,2500
APOLLOHOSP30JAN201520PE.NFO,07/01/2020,12:00:43,58,60.1,1500,64.15,1000,0,2500
APOLLOHOSP30JAN201520PE.NFO,07/01/2020,12:00:45,58,60.15,500,64.15,1000,0,2500
APOLLOHOSP30JAN201520PE.NFO,07/01/2020,12:00:47,58,60.1,1500,64.15,1000,0,2500
APOLLOHOSP30JAN201520PE.NFO,07/01/2020,12:00:50,58,59.85,1500,64.15,1000,0,2500
APOLLOHOSP30JAN201520PE.NFO,07/01/2020,12:00:53,58,59.95,1500,64.15,1000,0,2500
APOLLOHOSP30JAN201520PE.NFO,07/01/2020,12:00:55,58,59.85,1500,64.15,1000,0,2500
APOLLOHOSP30JAN201520PE.NFO,07/01/2020,12:01:05,58,60.1,500,64.15,1000,0,2500
APOLLOHOSP30JAN201520PE.NFO,07/01/2020,12:01:08,58,60.05,1500,64.15,1000,0,2500
APOLLOHOSP30JAN201520PE.NFO,07/01/2020,12:01:11,58,59.85,1500,64.15,1000,0,2500
APOLLOHOSP30JAN201520PE.NFO,07/01/2020,12:01:13,58,59.95,1500,64.15,1000,0,2500
APOLLOHOSP30JAN201520PE.NFO,07/01/2020,12:01:20,58,59.75,3500,64.15,1000,0,2500
APOLLOHOSP30JAN201520PE.NFO,07/01/2020,12:01:23,58,60.05,1500,64.15,1000,0,2500
APOLLOHOSP30JAN201520PE.NFO,07/01/2020,12:01:26,58,60,1500,64,500,0,2500
APOLLOHOSP30JAN201520PE.NFO,07/01/2020,12:01:28,58,60.25,500,64,500,0,2500
APOLLOHOSP30JAN201520PE.NFO,07/01/2020,12:01:31,58,60.6,1500,64.4,1000,0,2500
APOLLOHOSP30JAN201520PE.NFO,07/01/2020,12:01:35,58,60.8,1500,64.4,1000,0,2500
APOLLOHOSP30JAN201520PE.NFO,07/01/2020,12:01:38,58,59.65,10500,64.4,1000,0,2500
APOLLOHOSP30JAN201520PE.NFO,07/01/2020,12:01:41,58,59.85,7500,64.4,1000,0,2500
APOLLOHOSP30JAN201520PE.NFO,07/01/2020,12:01:43,58,60.15,1500,64.4,1000,0,2500
APOLLOHOSP30JAN201520PE.NFO,07/01/2020,12:01:45,58,60.35,1500,64.4,1000,0,2500
APOLLOHOSP30JAN201520PE.NFO,07/01/2020,12:01:47,58,60.5,500,64.4,1000,0,2500
APOLLOHOSP30JAN201520PE.NFO,07/01/2020,12:01:49,58,60.15,1500,64.4,1000,0,2500
APOLLOHOSP30JAN201520PE.NFO,07/01/2020,12:01:52,58,60.25,1500,64.4,1000,0,2500
APOLLOHOSP30JAN201520PE.NFO,07/01/2020,12:01:53,58,60.35,1500,64.4,1000,0,2500
APOLLOHOSP30JAN201520PE.NFO,07/01/2020,12:01:54,58,60.6,500,64.4,1000,0,2500
APOLLOHOSP30JAN201520PE.NFO,07/01/2020,12:01:56,58,60.15,500,64.4,1000,0,2500
APOLLOHOSP30JAN201520PE.NFO,07/01/2020,12:01:58,58,60.3,1500,64.4,1000,0,2500
APOLLOHOSP30JAN201520PE.NFO,07/01/2020,12:02:01,58,60.55,500,64.4,1000,0,2500
APOLLOHOSP30JAN201520PE.NFO,07/01/2020,12:02:03,58,60.25,1500,64.4,1000,0,2500
APOLLOHOSP30JAN201520PE.NFO,07/01/2020,12:02:05,58,60.45,1500,64.4,1000,0,2500
APOLLOHOSP30JAN201520PE.NFO,07/01/2020,12:02:17,58,60.5,500,64.4,1000,0,2500
APOLLOHOSP30JAN201520PE.NFO,07/01/2020,12:02:19,58,60.1,500,64.4,1000,0,2500
APOLLOHOSP30JAN201520PE.NFO,07/01/2020,12:02:32,58,58.9,10500,64.35,500,0,2500
APOLLOHOSP30JAN201520PE.NFO,07/01/2020,12:02:38,58,59.6,1500,64.1,1000,0,2500
APOLLOHOSP30JAN201520PE.NFO,07/01/2020,12:02:44,58,59.8,1500,64.1,1000,0,2500
APOLLOHOSP30JAN201520PE.NFO,07/01/2020,12:02:50,58,59.65,7500,64.1,1000,0,2500
APOLLOHOSP30JAN201520PE.NFO,07/01/2020,12:02:55,58,60.15,1500,64.2,1000,0,2500
APOLLOHOSP30JAN201520PE.NFO,07/01/2020,12:02:58,58,58.8,10500,64.2,500,0,2500
APOLLOHOSP30JAN201520PE.NFO,07/01/2020,12:03:02,58,59,9500,64.2,500,0,2500
APOLLOHOSP30JAN201520PE.NFO,07/01/2020,12:03:06,58,59.4,10500,65.7,500,0,2500
APOLLOHOSP30JAN201520PE.NFO,07/01/2020,12:03:10,58,60.4,500,65.2,500,0,2500
APOLLOHOSP30JAN201520PE.NFO,07/01/2020,12:03:14,58,60.3,1500,64.9,1000,0,2500
APOLLOHOSP30JAN201520PE.NFO,07/01/2020,12:03:18,58,60.2,1500,64.9,1000,0,2500
APOLLOHOSP30JAN201520PE.NFO,07/01/2020,12:03:21,58,60.3,1500,64.9,1000,0,2500
APOLLOHOSP30JAN201520PE.NFO,07/01/2020,12:03:26,58,60.45,1500,64.9,1000,0,2500
APOLLOHOSP30JAN201520PE.NFO,07/01/2020,12:03:29,58,60.7,500,64.9,1000,0,2500
APOLLOHOSP30JAN201520PE.NFO,07/01/2020,12:03:32,58,60.5,1500,64.9,1000,0,2500
APOLLOHOSP30JAN201520PE.NFO,07/01/2020,12:03:35,58,60.25,1500,64.9,1000,0,2500
APOLLOHOSP30JAN201520PE.NFO,07/01/2020,12:03:39,58,60.55,1500,64.9,1000,0,2500
APOLLOHOSP30JAN201520PE.NFO,07/01/2020,12:03:42,58,60.25,1500,64.9,1000,0,2500
APOLLOHOSP30JAN201520PE.NFO,07/01/2020,12:03:45,58,60.6,500,64.9,1000,0,2500
APOLLOHOSP30JAN201520PE.NFO,07/01/2020,12:03:48,58,60.45,1500,64.9,1000,0,2500
APOLLOHOSP30JAN201520PE.NFO,07/01/2020,12:03:50,58,60.6,500,64.9,1000,0,2500
APOLLOHOSP30JAN201520PE.NFO,07/01/2020,12:03:52,58,60.45,1500,64.9,1000,0,2500
APOLLOHOSP30JAN201520PE.NFO,07/01/2020,12:03:55,58,60.6,500,64.9,1000,0,2500
APOLLOHOSP30JAN201520PE.NFO,07/01/2020,12:03:57,58,60.45,1500,64.9,1000,0,2500
APOLLOHOSP30JAN201520PE.NFO,07/01/2020,12:04:00,58,60.2,500,64.9,1000,0,2500
APOLLOHOSP30JAN201520PE.NFO,07/01/2020,12:04:06,58,60.45,1500,64.9,1000,0,2500
APOLLOHOSP30JAN201520PE.NFO,07/01/2020,12:04:08,58,60.2,500,64.9,1000,0,2500
APOLLOHOSP30JAN201520PE.NFO,07/01/2020,12:04:22,58,59.9,2500,64.6,1000,0,2500
APOLLOHOSP30JAN201520PE.NFO,07/01/2020,12:04:24,58,60.05,1500,64.6,1000,0,2500
APOLLOHOSP30JAN201520PE.NFO,07/01/2020,12:04:27,58,60.15,1500,64.6,1000,0,2500
APOLLOHOSP30JAN201520PE.NFO,07/01/2020,12:04:29,58,60.4,500,64.6,1000,0,2500
APOLLOHOSP30JAN201520PE.NFO,07/01/2020,12:04:31,58,60.2,1500,64.6,1000,0,2500
APOLLOHOSP30JAN201520PE.NFO,07/01/2020,12:04:34,58,60.35,500,64.6,1000,0,2500
APOLLOHOSP30JAN201520PE.NFO,07/01/2020,12:04:37,58,60.15,1500,64.6,1000,0,2500
APOLLOHOSP30JAN201520PE.NFO,07/01/2020,12:04:42,58,60.35,1500,64.6,1000,0,2500
APOLLOHOSP30JAN201520PE.NFO,07/01/2020,12:04:45,58,60.1,500,64.6,1000,0,2500
APOLLOHOSP30JAN201520PE.NFO,07/01/2020,12:04:57,58,60.1,7500,64.6,1000,0,2500
APOLLOHOSP30JAN201520PE.NFO,07/01/2020,12:04:59,58,60.1,4500,64.6,1000,0,2500
APOLLOHOSP30JAN201520PE.NFO,07/01/2020,12:05:02,58,60.45,1500,64.6,1000,0,2500
APOLLOHOSP30JAN201520PE.NFO,07/01/2020,12:05:06,58,60.7,500,64.6,1000,0,2500
APOLLOHOSP30JAN201520PE.NFO,07/01/2020,12:05:10,58,60.3,500,64.6,1000,0,2500
APOLLOHOSP30JAN201520PE.NFO,07/01/2020,12:05:13,58,60.15,2500,64.6,1000,0,2500
APOLLOHOSP30JAN201520PE.NFO,07/01/2020,12:05:21,58,60.5,1500,64.6,1000,0,2500
APOLLOHOSP30JAN201520PE.NFO,07/01/2020,12:05:23,58,59.75,8500,64.6,1000,0,2500
APOLLOHOSP30JAN201520PE.NFO,07/01/2020,12:05:25,58,59.95,5500,64.6,1000,0,2500
APOLLOHOSP30JAN201520PE.NFO,07/01/2020,12:05:27,58,60.15,1500,64.6,1000,0,2500
APOLLOHOSP30JAN201520PE.NFO,07/01/2020,12:05:29,58,60.35,1500,64.6,1000,0,2500
APOLLOHOSP30JAN201520PE.NFO,07/01/2020,12:05:31,58,60.15,500,64.6,1000,0,2500
APOLLOHOSP30JAN201520PE.NFO,07/01/2020,12:05:34,58,60.2,2500,64.45,500,0,2500
APOLLOHOSP30JAN201520PE.NFO,07/01/2020,12:05:36,58,60.4,1500,64.35,500,0,2500
APOLLOHOSP30JAN201520PE.NFO,07/01/2020,12:05:39,58,60.35,2500,64.2,1000,0,2500
APOLLOHOSP30JAN201520PE.NFO,07/01/2020,12:05:42,58,60.6,3500,64.15,500,0,2500
APOLLOHOSP30JAN201520PE.NFO,07/01/2020,12:05:44,58,61,1000,64.1,500,0,2500
APOLLOHOSP30JAN201520PE.NFO,07/01/2020,12:05:47,58,60.95,1500,64.1,500,0,2500
APOLLOHOSP30JAN201520PE.NFO,07/01/2020,12:05:50,58,60.35,3500,64.1,500,0,2500
APOLLOHOSP30JAN201520PE.NFO,07/01/2020,12:05:54,58,60.85,1500,64.1,500,0,2500
APOLLOHOSP30JAN201520PE.NFO,07/01/2020,12:05:59,58,60.6,2500,64.1,500,0,2500
APOLLOHOSP30JAN201520PE.NFO,07/01/2020,12:06:02,58,60.9,1500,64.1,500,0,2500
APOLLOHOSP30JAN201520PE.NFO,07/01/2020,12:06:04,58,61.1,500,64.1,500,0,2500
APOLLOHOSP30JAN201520PE.NFO,07/01/2020,12:06:09,58,60.6,2500,64.1,500,0,2500
APOLLOHOSP30JAN201520PE.NFO,07/01/2020,12:06:11,58,60.8,2000,64.1,500,0,2500
APOLLOHOSP30JAN201520PE.NFO,07/01/2020,12:06:13,58,60.9,1500,64.1,500,0,2500
APOLLOHOSP30JAN201520PE.NFO,07/01/2020,12:06:15,58,61,1000,64.1,500,0,2500
APOLLOHOSP30JAN201520PE.NFO,07/01/2020,12:06:18,58,60.6,2500,64.1,500,0,2500
APOLLOHOSP30JAN201520PE.NFO,07/01/2020,12:06:21,58,60.9,1500,64.1,500,0,2500
APOLLOHOSP30JAN201520PE.NFO,07/01/2020,12:06:24,58,61.15,500,64.1,500,0,2500
APOLLOHOSP30JAN201520PE.NFO,07/01/2020,12:06:26,58,60.7,2000,64.1,500,0,2500
APOLLOHOSP30JAN201520PE.NFO,07/01/2020,12:06:29,58,61,1000,64.1,500,0,2500
APOLLOHOSP30JAN201520PE.NFO,07/01/2020,12:06:32,58,61.15,500,64.1,500,0,2500
APOLLOHOSP30JAN201520PE.NFO,07/01/2020,12:06:34,58,60.7,2000,64.1,500,0,2500
APOLLOHOSP30JAN201520PE.NFO,07/01/2020,12:06:36,58,60.8,2000,64.1,500,0,2500
APOLLOHOSP30JAN201520PE.NFO,07/01/2020,12:06:39,58,60.45,500,64.1,500,0,2500
APOLLOHOSP30JAN201520PE.NFO,07/01/2020,12:06:47,58,60.95,2500,64.65,500,0,2500
APOLLOHOSP30JAN201520PE.NFO,07/01/2020,12:06:50,58,61,500,64.65,500,0,2500
APOLLOHOSP30JAN201520PE.NFO,07/01/2020,12:07:04,58,60.65,2500,64.65,500,0,2500
APOLLOHOSP30JAN201520PE.NFO,07/01/2020,12:07:07,58,60.8,500,64.65,500,0,2500
APOLLOHOSP30JAN201520PE.NFO,07/01/2020,12:07:14,58,60.55,2500,64.6,500,0,2500
APOLLOHOSP30JAN201520PE.NFO,07/01/2020,12:07:16,58,60.25,1500,64.45,500,0,2500
APOLLOHOSP30JAN201520PE.NFO,07/01/2020,12:07:18,58,60.3,1500,64.25,500,0,2500
APOLLOHOSP30JAN201520PE.NFO,07/01/2020,12:07:20,58,60.45,6500,64.5,500,0,2500
APOLLOHOSP30JAN201520PE.NFO,07/01/2020,12:07:22,58,60.6,1500,64.6,500,0,2500
APOLLOHOSP30JAN201520PE.NFO,07/01/2020,12:07:27,58,60.85,2500,64.6,500,0,2500
APOLLOHOSP30JAN201520PE.NFO,07/01/2020,12:07:30,58,61,500,64.6,500,0,2500
APOLLOHOSP30JAN201520PE.NFO,07/01/2020,12:07:32,58,60.65,1500,64.55,1000,0,2500
APOLLOHOSP30JAN201520PE.NFO,07/01/2020,12:07:40,58,60.65,1500,64.5,500,0,2500
APOLLOHOSP30JAN201520PE.NFO,07/01/2020,12:07:50,58,60.65,1500,64.4,500,0,2500
APOLLOHOSP30JAN201520PE.NFO,07/01/2020,12:07:53,58,59.65,10500,64.4,500,0,2500
APOLLOHOSP30JAN201520PE.NFO,07/01/2020,12:07:56,58,59.95,9500,64.35,500,0,2500
APOLLOHOSP30JAN201520PE.NFO,07/01/2020,12:08:00,58,60.3,1500,64.3,500,0,2500
APOLLOHOSP30JAN201520PE.NFO,07/01/2020,12:08:05,58,60.4,500,64.3,500,0,2500
APOLLOHOSP30JAN201520PE.NFO,07/01/2020,12:08:09,58,60.4,1500,64.3,500,0,2500
APOLLOHOSP30JAN201520PE.NFO,07/01/2020,12:08:14,58,59,10500,64.1,500,0,2500
APOLLOHOSP30JAN201520PE.NFO,07/01/2020,12:08:21,58,59,10500,63.95,500,0,2500
APOLLOHOSP30JAN201520PE.NFO,07/01/2020,12:08:27,58,59,10500,64.05,1000,0,2500
APOLLOHOSP30JAN201520PE.NFO,07/01/2020,12:08:55,58,59,10500,64.3,1000,0,2500
APOLLOHOSP30JAN201520PE.NFO,07/01/2020,12:09:05,58,60.35,4500,64.3,1000,0,2500
APOLLOHOSP30JAN201520PE.NFO,07/01/2020,12:09:11,58,60.45,3500,64.25,500,0,2500
APOLLOHOSP30JAN201520PE.NFO,07/01/2020,12:09:14,58,60.45,5500,64.3,1000,0,2500
APOLLOHOSP30JAN201520PE.NFO,07/01/2020,12:09:17,58,60.55,3000,64.2,1000,0,2500
APOLLOHOSP30JAN201520PE.NFO,07/01/2020,12:09:20,58,59.2,13500,64.1,1000,0,2500
APOLLOHOSP30JAN201520PE.NFO,07/01/2020,12:09:54,58,59.65,12500,64,1000,0,2500
APOLLOHOSP30JAN201520PE.NFO,07/01/2020,12:09:56,58,59.95,10500,64,1000,0,2500
APOLLOHOSP30JAN201520PE.NFO,07/01/2020,12:09:58,58,60.25,6500,64.1,1000,0,2500
APOLLOHOSP30JAN201520PE.NFO,07/01/2020,12:10:02,58,60.3,1000,64.1,1000,0,2500
APOLLOHOSP30JAN201520PE.NFO,07/01/2020,12:10:16,58,59.55,11000,63.9,1000,0,2500
APOLLOHOSP30JAN201520PE.NFO,07/01/2020,12:10:19,58,59.55,11000,63.8,1000,0,2500
APOLLOHOSP30JAN201520PE.NFO,07/01/2020,12:10:24,58,59.55,11000,63.7,1000,0,2500
APOLLOHOSP30JAN201520PE.NFO,07/01/2020,12:10:37,58,59.7,1500,63.55,500,0,2500
APOLLOHOSP30JAN201520PE.NFO,07/01/2020,12:10:39,58,59.7,1500,63.5,1500,0,2500
APOLLOHOSP30JAN201520PE.NFO,07/01/2020,12:11:09,58,59.75,3000,63.4,1500,0,2500
APOLLOHOSP30JAN201520PE.NFO,07/01/2020,12:11:14,58,59.85,1000,63.4,1500,0,2500
APOLLOHOSP30JAN201520PE.NFO,07/01/2020,12:11:48,58,59.95,1000,63.4,1500,0,2500
APOLLOHOSP30JAN201520PE.NFO,07/01/2020,12:11:58,58,58.4,10500,63.25,500,0,2500
APOLLOHOSP30JAN201520PE.NFO,07/01/2020,12:12:00,58,58.4,10500,63.2,1500,0,2500
APOLLOHOSP30JAN201520PE.NFO,07/01/2020,12:12:13,58,58.4,10500,63.3,1000,0,2500
APOLLOHOSP30JAN201520PE.NFO,07/01/2020,12:12:25,58,58.4,10500,63.2,1000,0,2500
APOLLOHOSP30JAN201520PE.NFO,07/01/2020,12:12:28,58,58.4,10500,63.1,1000,0,2500
APOLLOHOSP30JAN201520PE.NFO,07/01/2020,12:12:30,58,58.4,10500,63.2,1000,0,2500
APOLLOHOSP30JAN201520PE.NFO,07/01/2020,12:12:36,58,58.4,10500,63.3,1000,0,2500
APOLLOHOSP30JAN201520PE.NFO,07/01/2020,12:12:46,58,58.4,10500,63.5,1000,0,2500
APOLLOHOSP30JAN201520PE.NFO,07/01/2020,12:12:51,58,58.4,10500,63.4,1000,0,2500
APOLLOHOSP30JAN201520PE.NFO,07/01/2020,12:13:09,58,58.4,10500,64.55,500,0,2500
APOLLOHOSP30JAN201520PE.NFO,07/01/2020,12:13:16,58,58.4,10500,63.95,500,0,2500
APOLLOHOSP30JAN201520PE.NFO,07/01/2020,12:13:22,58,58.4,10500,63.4,1500,0,2500
APOLLOHOSP30JAN201520PE.NFO,07/01/2020,12:13:31,58,58.8,8500,63.4,1000,0,2500
APOLLOHOSP30JAN201520PE.NFO,07/01/2020,12:13:36,58,59.3,5500,64.65,500,0,2500
APOLLOHOSP30JAN201520PE.NFO,07/01/2020,12:13:39,58,59.45,1500,64.65,500,0,2500
APOLLOHOSP30JAN201520PE.NFO,07/01/2020,12:13:43,58,59.45,1500,66.45,500,0,2500
APOLLOHOSP30JAN201520PE.NFO,07/01/2020,12:13:50,58,59.55,1500,66.45,2500,0,2500
APOLLOHOSP30JAN201520PE.NFO,07/01/2020,12:13:53,58,59.65,1500,66.45,2500,0,2500
APOLLOHOSP30JAN201520PE.NFO,07/01/2020,12:13:59,58,59.75,500,66.45,2500,0,2500
APOLLOHOSP30JAN201520PE.NFO,07/01/2020,12:14:04,58,59.75,1500,66.45,2500,0,2500
APOLLOHOSP30JAN201520PE.NFO,07/01/2020,12:14:14,58,59.85,500,66.45,2500,0,2500
APOLLOHOSP30JAN201520PE.NFO,07/01/2020,12:14:18,58,59.85,3000,66.45,2500,0,2500
APOLLOHOSP30JAN201520PE.NFO,07/01/2020,12:14:22,58,60.25,2000,66.45,2500,0,2500
APOLLOHOSP30JAN201520PE.NFO,07/01/2020,12:14:26,58,59.8,4500,66.45,2500,0,2500
APOLLOHOSP30JAN201520PE.NFO,07/01/2020,12:14:28,58,60.1,2000,66.45,2500,0,2500
APOLLOHOSP30JAN201520PE.NFO,07/01/2020,12:14:31,58,60.4,1000,66.45,2500,0,2500
APOLLOHOSP30JAN201520PE.NFO,07/01/2020,12:14:35,58,60,2500,66.45,2500,0,2500
APOLLOHOSP30JAN201520PE.NFO,07/01/2020,12:14:37,58,60.2,2000,66.45,2500,0,2500
APOLLOHOSP30JAN201520PE.NFO,07/01/2020,12:14:39,58,60.5,1500,66.45,2500,0,2500
APOLLOHOSP30JAN201520PE.NFO,07/01/2020,12:14:41,58,60.65,500,66.45,2500,0,2500
APOLLOHOSP30JAN201520PE.NFO,07/01/2020,12:14:44,58,59.5,4500,66.45,2500,0,2500
APOLLOHOSP30JAN201520PE.NFO,07/01/2020,12:14:47,58,59.9,1500,66.45,2500,0,2500
APOLLOHOSP30JAN201520PE.NFO,07/01/2020,12:14:51,58,60,500,66.45,2500,0,2500
APOLLOHOSP30JAN201520PE.NFO,07/01/2020,12:14:54,58,58.75,9500,66.45,2500,0,2500
APOLLOHOSP30JAN201520PE.NFO,07/01/2020,12:14:56,58,58.95,7500,66.45,2500,0,2500
APOLLOHOSP30JAN201520PE.NFO,07/01/2020,12:14:58,58,59.35,4500,66.45,2500,0,2500
APOLLOHOSP30JAN201520PE.NFO,07/01/2020,12:15:02,58,59.75,1500,66.45,2500,0,2500
APOLLOHOSP30JAN201520PE.NFO,07/01/2020,12:15:06,58,60,500,66.45,2500,0,2500
APOLLOHOSP30JAN201520PE.NFO,07/01/2020,12:15:09,58,60.1,1500,66.45,2500,0,2500
APOLLOHOSP30JAN201520PE.NFO,07/01/2020,12:15:13,58,59.55,3500,66.45,2500,0,2500
APOLLOHOSP30JAN201520PE.NFO,07/01/2020,12:15:16,58,59.85,2500,66.45,2500,0,2500
APOLLOHOSP30JAN201520PE.NFO,07/01/2020,12:15:20,58,59.6,1500,66.45,2500,0,2500
APOLLOHOSP30JAN201520PE.NFO,07/01/2020,12:15:24,58,60.05,1500,66.45,2500,0,2500
APOLLOHOSP30JAN201520PE.NFO,07/01/2020,12:15:27,58,59.55,1500,66.75,4500,0,2500
APOLLOHOSP30JAN201520PE.NFO,07/01/2020,12:15:30,58,59.9,1500,66.75,4500,0,2500
APOLLOHOSP30JAN201520PE.NFO,07/01/2020,12:15:33,58,60.1,1500,66.75,4500,0,2500
APOLLOHOSP30JAN201520PE.NFO,07/01/2020,12:15:35,58,60.05,1500,66.75,4500,0,2500
APOLLOHOSP30JAN201520PE.NFO,07/01/2020,12:15:38,58,60.2,500,66.75,4500,0,2500
APOLLOHOSP30JAN201520PE.NFO,07/01/2020,12:15:41,58,59.8,1500,66.75,5500,0,2500
APOLLOHOSP30JAN201520PE.NFO,07/01/2020,12:15:45,58,60.05,500,66.75,3500,0,2500
APOLLOHOSP30JAN201520PE.NFO,07/01/2020,12:15:47,58,59.6,1500,66.7,4000,0,2500
APOLLOHOSP30JAN201520PE.NFO,07/01/2020,12:15:51,58,59.9,1500,66.7,4000,0,2500
APOLLOHOSP30JAN201520PE.NFO,07/01/2020,12:15:54,58,59.6,500,66.7,4000,0,2500
APOLLOHOSP30JAN201520PE.NFO,07/01/2020,12:16:12,58,59.6,500,66.7,3000,0,2500
APOLLOHOSP30JAN201520PE.NFO,07/01/2020,12:16:17,58,59.6,500,66.65,3500,0,2500
APOLLOHOSP30JAN201520PE.NFO,07/01/2020,12:16:32,58,59.85,1500,66.65,3500,0,2500
APOLLOHOSP30JAN201520PE.NFO,07/01/2020,12:16:34,58,60.05,1500,66.65,3500,0,2500
APOLLOHOSP30JAN201520PE.NFO,07/01/2020,12:16:36,58,60.1,500,66.65,3500,0,2500
APOLLOHOSP30JAN201520PE.NFO,07/01/2020,12:16:38,58,59.6,500,66.65,3500,0,2500
APOLLOHOSP30JAN201520PE.NFO,07/01/2020,12:16:40,58,59.6,500,66.55,2500,0,2500
APOLLOHOSP30JAN201520PE.NFO,07/01/2020,12:16:42,58,59.65,1500,66.55,2500,0,2500
APOLLOHOSP30JAN201520PE.NFO,07/01/2020,12:16:44,58,59.95,1500,66.55,2500,0,2500
APOLLOHOSP30JAN201520PE.NFO,07/01/2020,12:16:47,58,60.1,500,66.55,2500,0,2500
APOLLOHOSP30JAN201520PE.NFO,07/01/2020,12:16:48,58,59.6,500,66.55,2500,0,2500
APOLLOHOSP30JAN201520PE.NFO,07/01/2020,12:17:06,58,59.85,1500,66.35,500,0,2500
APOLLOHOSP30JAN201520PE.NFO,07/01/2020,12:17:08,58,60.05,1500,66.35,500,0,2500
APOLLOHOSP30JAN201520PE.NFO,07/01/2020,12:17:10,58,60.2,500,66.35,500,0,2500
APOLLOHOSP30JAN201520PE.NFO,07/01/2020,12:17:12,58,59.75,1500,66.35,500,0,2500
APOLLOHOSP30JAN201520PE.NFO,07/01/2020,12:17:14,58,59.85,2500,66.4,500,0,2500
APOLLOHOSP30JAN201520PE.NFO,07/01/2020,12:17:15,58,60.05,2500,66.3,500,0,2500
APOLLOHOSP30JAN201520PE.NFO,07/01/2020,12:17:17,58,60.25,2000,66.35,500,0,2500
APOLLOHOSP30JAN201520PE.NFO,07/01/2020,12:17:20,58,60.55,1000,66.5,2000,0,2500
APOLLOHOSP30JAN201520PE.NFO,07/01/2020,12:17:23,58,60.8,500,66.5,2000,0,2500
APOLLOHOSP30JAN201520PE.NFO,07/01/2020,12:17:25,58,59.85,1500,66.45,1000,0,2500
APOLLOHOSP30JAN201520PE.NFO,07/01/2020,12:17:27,58,60.05,1500,67.1,5500,0,2500
APOLLOHOSP30JAN201520PE.NFO,07/01/2020,12:17:29,58,59.35,1500,67.1,5500,0,2500
APOLLOHOSP30JAN201520PE.NFO,07/01/2020,12:17:31,58,59.6,1500,66.85,6500,0,2500
APOLLOHOSP30JAN201520PE.NFO,07/01/2020,12:17:34,58,59.7,1500,66.85,6500,0,2500
APOLLOHOSP30JAN201520PE.NFO,07/01/2020,12:17:35,58,60,1500,66.85,6500,0,2500
APOLLOHOSP30JAN201520PE.NFO,07/01/2020,12:17:37,58,60.1,1500,66.85,6500,0,2500
APOLLOHOSP30JAN201520PE.NFO,07/01/2020,12:17:39,58,60.25,500,66.85,5500,0,2500
APOLLOHOSP30JAN201520PE.NFO,07/01/2020,12:17:41,58,59.6,500,66.85,5500,0,2500
APOLLOHOSP30JAN201520PE.NFO,07/01/2020,12:17:43,58,59.85,1500,66.85,5500,0,2500
APOLLOHOSP30JAN201520PE.NFO,07/01/2020,12:17:44,58,60.15,1500,66.85,5500,0,2500
APOLLOHOSP30JAN201520PE.NFO,07/01/2020,12:17:47,58,59.65,1500,66.85,5500,0,2500
APOLLOHOSP30JAN201520PE.NFO,07/01/2020,12:17:49,58,59.85,1500,66.85,5500,0,2500
APOLLOHOSP30JAN201520PE.NFO,07/01/2020,12:17:52,58,60.25,1500,66.85,5500,0,2500
APOLLOHOSP30JAN201520PE.NFO,07/01/2020,12:17:53,58,60.35,1500,66.85,5500,0,2500
APOLLOHOSP30JAN201520PE.NFO,07/01/2020,12:17:55,58,60.4,500,66.85,5500,0,2500
APOLLOHOSP30JAN201520PE.NFO,07/01/2020,12:17:57,58,59.85,1500,66.85,5500,0,2500
APOLLOHOSP30JAN201520PE.NFO,07/01/2020,12:17:58,58,59.95,1500,66.85,5500,0,2500
APOLLOHOSP30JAN201520PE.NFO,07/01/2020,12:18:00,58,60.25,1500,66.85,5500,0,2500
APOLLOHOSP30JAN201520PE.NFO,07/01/2020,12:18:02,58,60.35,1500,66.85,7500,0,2500
APOLLOHOSP30JAN201520PE.NFO,07/01/2020,12:18:04,58,59.9,1500,66.85,7500,0,2500
APOLLOHOSP30JAN201520PE.NFO,07/01/2020,12:18:06,58,60.1,1500,66.85,7500,0,2500
APOLLOHOSP30JAN201520PE.NFO,07/01/2020,12:18:09,58,60.4,1500,66.85,7500,0,2500
APOLLOHOSP30JAN201520PE.NFO,07/01/2020,12:18:11,58,59.9,1500,66.75,7500,0,2500
APOLLOHOSP30JAN201520PE.NFO,07/01/2020,12:18:14,58,60.1,1500,66.75,5500,0,2500
APOLLOHOSP30JAN201520PE.NFO,07/01/2020,12:18:16,58,60.45,500,66.75,5500,0,2500
APOLLOHOSP30JAN201520PE.NFO,07/01/2020,12:18:19,58,59.75,500,66.75,5500,0,2500
APOLLOHOSP30JAN201520PE.NFO,07/01/2020,12:18:25,58,59.75,1500,66.75,5500,0,2500
APOLLOHOSP30JAN201520PE.NFO,07/01/2020,12:18:28,58,60.1,1500,66.75,4500,0,2500
APOLLOHOSP30JAN201520PE.NFO,07/01/2020,12:18:31,58,60.2,1500,66.75,4500,0,2500
APOLLOHOSP30JAN201520PE.NFO,07/01/2020,12:18:34,58,60.55,500,66.75,4000,0,2500
APOLLOHOSP30JAN201520PE.NFO,07/01/2020,12:18:36,58,60.15,1500,66.7,4500,0,2500
APOLLOHOSP30JAN201520PE.NFO,07/01/2020,12:18:38,58,60.35,1500,66.7,4000,0,2500
APOLLOHOSP30JAN201520PE.NFO,07/01/2020,12:18:40,58,60.45,1500,66.7,4000,0,2500
APOLLOHOSP30JAN201520PE.NFO,07/01/2020,12:18:42,58,60.1,500,66.65,4500,0,2500
APOLLOHOSP30JAN201520PE.NFO,07/01/2020,12:18:45,58,60.35,1500,66.65,4000,0,2500
APOLLOHOSP30JAN201520PE.NFO,07/01/2020,12:18:48,58,60.5,500,66.65,4000,0,2500
APOLLOHOSP30JAN201520PE.NFO,07/01/2020,12:18:50,58,60,500,66.65,4000,0,2500
APOLLOHOSP30JAN201520PE.NFO,07/01/2020,12:18:59,58,60.25,1500,66.6,2000,0,2500
APOLLOHOSP30JAN201520PE.NFO,07/01/2020,12:19:00,58,60.35,1500,67.1,5000,0,2500
APOLLOHOSP30JAN201520PE.NFO,07/01/2020,12:19:02,58,60.5,500,67.1,5000,0,2500
APOLLOHOSP30JAN201520PE.NFO,07/01/2020,12:19:05,58,60,2500,67.05,6000,0,2500
APOLLOHOSP30JAN201520PE.NFO,07/01/2020,12:19:10,58,60.5,1500,66.95,6000,0,2500
APOLLOHOSP30JAN201520PE.NFO,07/01/2020,12:19:14,58,59.55,3500,66.7,4000,0,2500
APOLLOHOSP30JAN201520PE.NFO,07/01/2020,12:19:17,58,59.85,1500,66.7,4000,0,2500
APOLLOHOSP30JAN201520PE.NFO,07/01/2020,12:19:19,58,60.05,1500,66.7,4000,0,2500
APOLLOHOSP30JAN201520PE.NFO,07/01/2020,12:19:22,58,60.25,1500,66.7,5000,0,2500
APOLLOHOSP30JAN201520PE.NFO,07/01/2020,12:19:24,58,60.55,1500,66.7,5000,0,2500
APOLLOHOSP30JAN201520PE.NFO,07/01/2020,12:19:27,58,60.1,1500,66.65,4500,0,2500
APOLLOHOSP30JAN201520PE.NFO,07/01/2020,12:19:29,58,60.2,1500,66.65,3000,0,2500
APOLLOHOSP30JAN201520PE.NFO,07/01/2020,12:19:31,58,60.5,1500,66.65,3000,0,2500
APOLLOHOSP30JAN201520PE.NFO,07/01/2020,12:19:34,58,60.05,1500,66.65,2000,0,2500
APOLLOHOSP30JAN201520PE.NFO,07/01/2020,12:19:36,58,59.8,2500,66.65,2000,0,2500
APOLLOHOSP30JAN201520PE.NFO,07/01/2020,12:19:43,58,60.3,1500,66.65,2000,0,2500
APOLLOHOSP30JAN201520PE.NFO,07/01/2020,12:19:47,58,60.1,1500,66.65,2000,0,2500
APOLLOHOSP30JAN201520PE.NFO,07/01/2020,12:19:51,58,60.5,1500,66.65,2000,0,2500
APOLLOHOSP30JAN201520PE.NFO,07/01/2020,12:19:54,58,60.1,1500,66.65,3000,0,2500
APOLLOHOSP30JAN201520PE.NFO,07/01/2020,12:20:02,58,60.5,1500,67.25,5500,0,2500
APOLLOHOSP30JAN201520PE.NFO,07/01/2020,12:20:04,58,60.7,1500,67.25,5500,0,2500
APOLLOHOSP30JAN201520PE.NFO,07/01/2020,12:20:08,58,60.95,500,67.25,5000,0,2500
APOLLOHOSP30JAN201520PE.NFO,07/01/2020,12:20:11,58,60.05,1500,67.2,4500,0,2500
APOLLOHOSP30JAN201520PE.NFO,07/01/2020,12:20:14,58,59.6,3500,66.65,2000,0,2500
APOLLOHOSP30JAN201520PE.NFO,07/01/2020,12:20:18,58,60,1500,66.65,2000,0,2500
APOLLOHOSP30JAN201520PE.NFO,07/01/2020,12:20:22,58,60.5,1500,67,4000,0,2500
APOLLOHOSP30JAN201520PE.NFO,07/01/2020,12:20:25,58,59.2,5500,66.95,3500,0,2500
APOLLOHOSP30JAN201520PE.NFO,07/01/2020,12:20:28,58,59.5,3500,66.95,3500,0,2500
APOLLOHOSP30JAN201520PE.NFO,07/01/2020,12:20:31,58,59.9,2500,66.95,6500,0,2500
APOLLOHOSP30JAN201520PE.NFO,07/01/2020,12:20:34,58,60.1,1500,66.95,5500,0,2500
APOLLOHOSP30JAN201520PE.NFO,07/01/2020,12:20:36,58,60.4,1500,66.95,5500,0,2500
APOLLOHOSP30JAN201520PE.NFO,07/01/2020,12:20:38,58,60.6,1500,66.95,5500,0,2500
APOLLOHOSP30JAN201520PE.NFO,07/01/2020,12:20:40,58,60,1500,66.95,5500,0,2500
APOLLOHOSP30JAN201520PE.NFO,07/01/2020,12:20:43,58,60.2,1500,66.95,5500,0,2500
APOLLOHOSP30JAN201520PE.NFO,07/01/2020,12:20:45,58,60.5,1500,66.95,5500,0,2500
APOLLOHOSP30JAN201520PE.NFO,07/01/2020,12:20:48,58,60.8,1500,66.85,7000,0,2500
APOLLOHOSP30JAN201520PE.NFO,07/01/2020,12:20:51,58,60.1,1500,66.8,3000,0,2500
APOLLOHOSP30JAN201520PE.NFO,07/01/2020,12:20:54,58,60.4,1500,66.8,3000,0,2500
APOLLOHOSP30JAN201520PE.NFO,07/01/2020,12:20:57,58,60.75,500,66.8,4000,0,2500
APOLLOHOSP30JAN201520PE.NFO,07/01/2020,12:21:01,58,60.3,1500,66.75,3000,0,2500
APOLLOHOSP30JAN201520PE.NFO,07/01/2020,12:21:05,58,60.7,1500,66.75,3000,0,2500
APOLLOHOSP30JAN201520PE.NFO,07/01/2020,12:21:07,58,60.1,1500,66.75,3000,0,2500
APOLLOHOSP30JAN201520PE.NFO,07/01/2020,12:21:09,58,60.3,1500,66.75,3000,0,2500
APOLLOHOSP30JAN201520PE.NFO,07/01/2020,12:21:11,58,60.5,1500,66.75,3000,0,2500
APOLLOHOSP30JAN201520PE.NFO,07/01/2020,12:21:14,58,60.7,1500,66.75,3000,0,2500
APOLLOHOSP30JAN201520PE.NFO,07/01/2020,12:21:17,58,60,1500,66.75,3000,0,2500
APOLLOHOSP30JAN201520PE.NFO,07/01/2020,12:21:19,58,60.3,1500,66.75,3000,0,2500
APOLLOHOSP30JAN201520PE.NFO,07/01/2020,12:21:22,58,60.5,1500,66.75,3000,0,2500
APOLLOHOSP30JAN201520PE.NFO,07/01/2020,12:21:25,58,60.1,1500,66.75,3000,0,2500
APOLLOHOSP30JAN201520PE.NFO,07/01/2020,12:21:28,58,60.3,1500,66.75,3000,0,2500
APOLLOHOSP30JAN201520PE.NFO,07/01/2020,12:21:31,58,60.5,1500,66.75,3000,0,2500
APOLLOHOSP30JAN201520PE.NFO,07/01/2020,12:21:33,58,60.75,500,66.75,3000,0,2500
APOLLOHOSP30JAN201520PE.NFO,07/01/2020,12:21:36,58,60.2,1500,66.75,3000,0,2500
APOLLOHOSP30JAN201520PE.NFO,07/01/2020,12:21:38,58,58.25,3500,65.8,7500,0,2500
APOLLOHOSP30JAN201520PE.NFO,07/01/2020,12:21:40,58,58.45,2500,65.6,6500,0,2500
APOLLOHOSP30JAN201520PE.NFO,07/01/2020,12:21:42,58,58.75,1500,65.5,5500,0,2500
APOLLOHOSP30JAN201520PE.NFO,07/01/2020,12:21:44,58,58.95,2500,66.4,7500,0,2500
APOLLOHOSP30JAN201520PE.NFO,07/01/2020,12:21:47,58,59.15,1500,66.4,7500,0,2500
APOLLOHOSP30JAN201520PE.NFO,07/01/2020,12:21:49,58,59.45,1500,66.4,7000,0,2500
APOLLOHOSP30JAN201520PE.NFO,07/01/2020,12:21:51,58,59.65,1500,66.4,6000,0,2500
APOLLOHOSP30JAN201520PE.NFO,07/01/2020,12:21:53,58,59.85,1500,66.4,8000,0,2500
APOLLOHOSP30JAN201520PE.NFO,07/01/2020,12:21:56,58,60.15,1500,66.4,8000,0,2500
APOLLOHOSP30JAN201520PE.NFO,07/01/2020,12:21:59,58,60.45,1500,66.4,8000,0,2500
APOLLOHOSP30JAN201520PE.NFO,07/01/2020,12:22:03,58,59.15,1500,66.35,8500,0,2500
APOLLOHOSP30JAN201520PE.NFO,07/01/2020,12:22:05,58,59.45,1500,66.35,8500,0,2500
APOLLOHOSP30JAN201520PE.NFO,07/01/2020,12:22:07,58,59.65,1500,66.35,8500,0,2500
APOLLOHOSP30JAN201520PE.NFO,07/01/2020,12:22:10,58,59.95,1500,66.35,8500,0,2500
APOLLOHOSP30JAN201520PE.NFO,07/01/2020,12:22:13,58,60.25,1500,66.15,7500,0,2500
APOLLOHOSP30JAN201520PE.NFO,07/01/2020,12:22:16,58,60.35,1500,66.05,7000,0,2500
APOLLOHOSP30JAN201520PE.NFO,07/01/2020,12:22:18,58,60.55,1500,66.05,7000,0,2500
APOLLOHOSP30JAN201520PE.NFO,07/01/2020,12:22:19,58,60.75,1500,66.05,7000,0,2500
APOLLOHOSP30JAN201520PE.NFO,07/01/2020,12:22:21,58,60.95,1500,66.05,7000,0,2500
APOLLOHOSP30JAN201520PE.NFO,07/01/2020,12:22:23,58,61.15,1500,66.05,7000,0,2500
APOLLOHOSP30JAN201520PE.NFO,07/01/2020,12:22:24,58,61.3,500,66.05,7000,0,2500
APOLLOHOSP30JAN201520PE.NFO,07/01/2020,12:22:26,58,59.75,2500,66.05,6000,0,2500
APOLLOHOSP30JAN201520PE.NFO,07/01/2020,12:22:28,58,60.55,1500,66.05,6000,0,2500
APOLLOHOSP30JAN201520PE.NFO,07/01/2020,12:22:29,58,60.6,1500,66.05,6000,0,2500
APOLLOHOSP30JAN201520PE.NFO,07/01/2020,12:22:31,58,60.8,1500,66.05,8000,0,2500
APOLLOHOSP30JAN201520PE.NFO,07/01/2020,12:22:33,58,61,1500,66.05,8000,0,2500
APOLLOHOSP30JAN201520PE.NFO,07/01/2020,12:22:34,58,59.2,2500,66.05,8000,0,2500
APOLLOHOSP30JAN201520PE.NFO,07/01/2020,12:22:37,58,59.4,2500,66,7500,0,2500
APOLLOHOSP30JAN201520PE.NFO,07/01/2020,12:22:39,58,59.5,2500,65.95,8500,0,2500
APOLLOHOSP30JAN201520PE.NFO,07/01/2020,12:22:43,58,59.55,500,65.1,8000,0,2500
APOLLOHOSP30JAN201520PE.NFO,07/01/2020,12:22:45,58,58.15,2500,65.05,9000,0,2500
APOLLOHOSP30JAN201520PE.NFO,07/01/2020,12:22:50,58,58.15,2500,65.05,8000,0,2500
APOLLOHOSP30JAN201520PE.NFO,07/01/2020,12:22:55,58,58.35,3500,64.7,5500,0,2500
APOLLOHOSP30JAN201520PE.NFO,07/01/2020,12:23:00,58,58.35,3500,64.45,4500,0,2500
APOLLOHOSP30JAN201520PE.NFO,07/01/2020,12:23:04,58,58.35,3500,64.2,2500,0,2500
APOLLOHOSP30JAN201520PE.NFO,07/01/2020,12:23:07,58,58.45,3500,64.1,1000,0,2500
APOLLOHOSP30JAN201520PE.NFO,07/01/2020,12:23:10,58,58.75,3500,64.1,2000,0,2500
APOLLOHOSP30JAN201520PE.NFO,07/01/2020,12:23:12,58,59.05,1500,64.05,2000,0,2500
APOLLOHOSP30JAN201520PE.NFO,07/01/2020,12:23:16,58,59.3,500,64,2000,0,2500
APOLLOHOSP30JAN201520PE.NFO,07/01/2020,12:23:20,58,59.1,1500,64,2000,0,2500
APOLLOHOSP30JAN201520PE.NFO,07/01/2020,12:23:25,58,59.2,1500,64,1000,0,2500
APOLLOHOSP30JAN201520PE.NFO,07/01/2020,12:23:28,58,59.5,1500,64,1000,0,2500
APOLLOHOSP30JAN201520PE.NFO,07/01/2020,12:23:31,58,59.15,1500,64,1000,0,2500
APOLLOHOSP30JAN201520PE.NFO,07/01/2020,12:23:34,58,59.45,1500,64,2000,0,2500
APOLLOHOSP30JAN201520PE.NFO,07/01/2020,12:23:37,58,59,2500,64,1000,0,2500
APOLLOHOSP30JAN201520PE.NFO,07/01/2020,12:23:39,58,59.2,1500,64,1000,0,2500
APOLLOHOSP30JAN201520PE.NFO,07/01/2020,12:23:42,58,59.4,1500,64,1000,0,2500
APOLLOHOSP30JAN201520PE.NFO,07/01/2020,12:23:44,58,59.65,500,64,1000,0,2500
APOLLOHOSP30JAN201520PE.NFO,07/01/2020,12:23:47,58,59.35,1500,64,1000,0,2500
APOLLOHOSP30JAN201520PE.NFO,07/01/2020,12:23:50,58,59.6,500,64,2000,0,2500
APOLLOHOSP30JAN201520PE.NFO,07/01/2020,12:23:52,58,59.05,1500,64,2000,0,2500
APOLLOHOSP30JAN201520PE.NFO,07/01/2020,12:23:53,58,59.15,1500,64,1000,0,2500
APOLLOHOSP30JAN201520PE.NFO,07/01/2020,12:23:56,58,59.55,1500,64,2000,0,2500
APOLLOHOSP30JAN201520PE.NFO,07/01/2020,12:23:58,58,58.9,500,64,2000,0,2500
APOLLOHOSP30JAN201520PE.NFO,07/01/2020,12:24:00,58,59.25,4500,64.1,500,0,2500
APOLLOHOSP30JAN201520PE.NFO,07/01/2020,12:24:03,58,59.55,3500,65.15,1000,0,2500
APOLLOHOSP30JAN201520PE.NFO,07/01/2020,12:24:08,58,59.85,1500,65.15,3000,0,2500
APOLLOHOSP30JAN201520PE.NFO,07/01/2020,12:24:10,58,60.05,2500,65.15,2000,0,2500
APOLLOHOSP30JAN201520PE.NFO,07/01/2020,12:24:15,58,58.65,4500,65.15,2000,0,2500
APOLLOHOSP30JAN201520PE.NFO,07/01/2020,12:24:19,58,58.85,4500,66.1,5000,0,2500
APOLLOHOSP30JAN201520PE.NFO,07/01/2020,12:24:22,58,59.25,4500,66.1,4000,0,2500
APOLLOHOSP30JAN201520PE.NFO,07/01/2020,12:24:25,58,59.55,4500,66.1,4000,0,2500
APOLLOHOSP30JAN201520PE.NFO,07/01/2020,12:24:27,58,59.75,4500,66.1,4000,0,2500
APOLLOHOSP30JAN201520PE.NFO,07/01/2020,12:24:29,58,59.95,4500,66.1,3000,0,2500
APOLLOHOSP30JAN201520PE.NFO,07/01/2020,12:24:32,58,60.25,4500,66.1,3000,0,2500
APOLLOHOSP30JAN201520PE.NFO,07/01/2020,12:24:37,58,60.55,3500,66.1,2000,0,2500
APOLLOHOSP30JAN201520PE.NFO,07/01/2020,12:24:40,58,60.85,2500,66.1,2000,0,2500
APOLLOHOSP30JAN201520PE.NFO,07/01/2020,12:24:43,58,60.55,1500,66.1,3000,0,2500
APOLLOHOSP30JAN201520PE.NFO,07/01/2020,12:24:46,58,60.55,1500,66.1,2000,0,2500
APOLLOHOSP30JAN201520PE.NFO,07/01/2020,12:24:50,58,60.55,1500,66.1,3000,0,2500
APOLLOHOSP30JAN201520PE.NFO,07/01/2020,12:24:56,58,60.55,1500,66.1,4000,0,2500
APOLLOHOSP30JAN201520PE.NFO,07/01/2020,12:24:58,58,60.9,1500,66.1,4000,0,2500
APOLLOHOSP30JAN201520PE.NFO,07/01/2020,12:25:02,58,60.9,1500,66.1,3000,0,2500
APOLLOHOSP30JAN201520PE.NFO,07/01/2020,12:25:06,58,60.9,1500,66.1,4000,0,2500
APOLLOHOSP30JAN201520PE.NFO,07/01/2020,12:25:10,58,60.9,1500,66.05,3500,0,2500
APOLLOHOSP30JAN201520PE.NFO,07/01/2020,12:25:23,58,61,1500,66.05,4500,0,2500
APOLLOHOSP30JAN201520PE.NFO,07/01/2020,12:25:25,58,61.1,1500,65.95,3500,0,2500
APOLLOHOSP30JAN201520PE.NFO,07/01/2020,12:25:27,58,61.1,1500,65.85,1500,0,2500
