Ticker,Date,Time,LTP,BuyPrice,BuyQty,SellPrice,SellQty,LTQ,OpenInterest
ASHOKLEY27FEB2085CE.NFO,07/01/2020,09:53:45,4,3.75,8000,4.15,8000,8000,112000
ASHOKLEY27FEB2085CE.NFO,07/01/2020,09:53:45,4,3.75,8000,4.15,8000,0,112000
ASHOKLEY27FEB2085CE.NFO,07/01/2020,09:53:45,4,3.75,8000,4.15,8000,0,112000
ASHOKLEY27FEB2085CE.NFO,07/01/2020,09:53:45,4,3.75,8000,4.15,8000,0,112000
ASHOKLEY27FEB2085CE.NFO,07/01/2020,09:53:49,4,3.75,8000,4.4,24000,0,112000
ASHOKLEY27FEB2085CE.NFO,07/01/2020,09:53:54,4,3.75,8000,4.2,8000,0,112000
ASHOKLEY27FEB2085CE.NFO,07/01/2020,09:54:04,4,3.75,8000,4.25,8000,0,112000
ASHOKLEY27FEB2085CE.NFO,07/01/2020,09:54:14,4,3.75,8000,4.2,16000,0,112000
ASHOKLEY27FEB2085CE.NFO,07/01/2020,09:54:19,4,3.75,8000,4.15,8000,0,112000
ASHOKLEY27FEB2085CE.NFO,07/01/2020,09:54:23,4,3.75,8000,4.1,8000,0,112000
ASHOKLEY27FEB2085CE.NFO,07/01/2020,09:56:17,4,3.75,16000,4.1,8000,0,112000
ASHOKLEY27FEB2085CE.NFO,07/01/2020,09:57:02,4,3.65,16000,4.05,8000,0,112000
ASHOKLEY27FEB2085CE.NFO,07/01/2020,09:57:15,4,3.7,8000,4,8000,0,112000
ASHOKLEY27FEB2085CE.NFO,07/01/2020,09:57:53,4,3.7,8000,4.05,8000,0,112000
ASHOKLEY27FEB2085CE.NFO,07/01/2020,09:57:57,4,3.7,8000,4,8000,0,112000
ASHOKLEY27FEB2085CE.NFO,07/01/2020,09:58:21,4,3.7,16000,4,8000,0,112000
ASHOKLEY27FEB2085CE.NFO,07/01/2020,09:58:33,4,3.7,8000,4,8000,0,112000
ASHOKLEY27FEB2085CE.NFO,07/01/2020,09:58:43,4,3.7,8000,3.95,8000,0,112000
ASHOKLEY27FEB2085CE.NFO,07/01/2020,09:59:14,4,3.65,8000,3.95,8000,0,112000
ASHOKLEY27FEB2085CE.NFO,07/01/2020,09:59:27,4,3.65,16000,3.95,8000,0,112000
ASHOKLEY27FEB2085CE.NFO,07/01/2020,10:00:08,4,3.65,8000,3.95,8000,0,112000
ASHOKLEY27FEB2085CE.NFO,07/01/2020,10:00:17,4,3.65,8000,3.9,8000,0,112000
ASHOKLEY27FEB2085CE.NFO,07/01/2020,10:00:22,4,3.65,8000,3.95,8000,0,112000
ASHOKLEY27FEB2085CE.NFO,07/01/2020,10:00:58,4,3.5,8000,3.9,8000,0,112000
ASHOKLEY27FEB2085CE.NFO,07/01/2020,10:01:27,4,3.6,8000,3.9,8000,0,112000
ASHOKLEY27FEB2085CE.NFO,07/01/2020,10:01:33,4,3.55,16000,3.9,8000,0,112000
ASHOKLEY27FEB2085CE.NFO,07/01/2020,10:01:39,4,3.5,8000,3.9,8000,0,112000
ASHOKLEY27FEB2085CE.NFO,07/01/2020,10:02:28,4,3.55,8000,3.9,8000,0,112000
ASHOKLEY27FEB2085CE.NFO,07/01/2020,10:03:32,4,3.5,8000,3.9,8000,0,112000
ASHOKLEY27FEB2085CE.NFO,07/01/2020,10:03:52,4,3.35,8000,3.9,8000,0,112000
ASHOKLEY27FEB2085CE.NFO,07/01/2020,10:03:56,4,3.45,8000,3.9,8000,0,112000
ASHOKLEY27FEB2085CE.NFO,07/01/2020,10:04:10,4,3.5,8000,3.9,8000,0,112000
ASHOKLEY27FEB2085CE.NFO,07/01/2020,10:04:42,4,3.55,8000,4.25,136000,0,112000
ASHOKLEY27FEB2085CE.NFO,07/01/2020,10:04:53,4,3.5,8000,4.25,136000,0,112000
ASHOKLEY27FEB2085CE.NFO,07/01/2020,10:05:26,4,3.5,8000,4.15,40000,0,112000
ASHOKLEY27FEB2085CE.NFO,07/01/2020,10:05:36,4,3.45,8000,4.05,8000,0,112000
ASHOKLEY27FEB2085CE.NFO,07/01/2020,10:05:47,4,3.5,8000,4.05,8000,0,112000
ASHOKLEY27FEB2085CE.NFO,07/01/2020,10:06:36,4,3.5,8000,4,8000,0,112000
ASHOKLEY27FEB2085CE.NFO,07/01/2020,10:06:46,4,3.45,8000,4,8000,0,112000
ASHOKLEY27FEB2085CE.NFO,07/01/2020,10:06:52,4,3.5,8000,4,8000,0,112000
ASHOKLEY27FEB2085CE.NFO,07/01/2020,10:07:12,4,3.45,8000,3.95,8000,0,112000
ASHOKLEY27FEB2085CE.NFO,07/01/2020,10:07:23,4,3.55,8000,3.95,8000,0,112000
ASHOKLEY27FEB2085CE.NFO,07/01/2020,10:07:33,4,3.5,8000,3.95,8000,0,112000
ASHOKLEY27FEB2085CE.NFO,07/01/2020,10:07:43,4,3.15,8000,3.95,8000,0,112000
ASHOKLEY27FEB2085CE.NFO,07/01/2020,10:07:48,4,3.25,8000,3.95,8000,0,112000
ASHOKLEY27FEB2085CE.NFO,07/01/2020,10:07:53,4,3.45,8000,3.95,8000,0,112000
ASHOKLEY27FEB2085CE.NFO,07/01/2020,10:07:58,4,3.15,8000,3.95,8000,0,112000
ASHOKLEY27FEB2085CE.NFO,07/01/2020,10:08:03,4,3.25,8000,3.95,8000,0,112000
ASHOKLEY27FEB2085CE.NFO,07/01/2020,10:08:07,4,3.45,8000,3.95,8000,0,112000
ASHOKLEY27FEB2085CE.NFO,07/01/2020,10:08:17,4,3.25,8000,3.95,8000,0,112000
ASHOKLEY27FEB2085CE.NFO,07/01/2020,10:08:22,4,3.45,8000,3.95,8000,0,112000
ASHOKLEY27FEB2085CE.NFO,07/01/2020,10:08:37,4,3.5,8000,3.95,8000,0,112000
ASHOKLEY27FEB2085CE.NFO,07/01/2020,10:08:50,4,3.15,8000,3.95,8000,0,112000
ASHOKLEY27FEB2085CE.NFO,07/01/2020,10:08:54,4,3.35,8000,3.95,8000,0,112000
ASHOKLEY27FEB2085CE.NFO,07/01/2020,10:08:58,4,3.45,8000,3.95,8000,0,112000
ASHOKLEY27FEB2085CE.NFO,07/01/2020,10:09:03,4,3.35,8000,3.95,8000,0,112000
ASHOKLEY27FEB2085CE.NFO,07/01/2020,10:09:12,4,3.05,8000,3.95,8000,0,112000
ASHOKLEY27FEB2085CE.NFO,07/01/2020,10:09:15,4,3.25,8000,3.95,8000,0,112000
ASHOKLEY27FEB2085CE.NFO,07/01/2020,10:09:20,4,3.35,8000,3.95,8000,0,112000
ASHOKLEY27FEB2085CE.NFO,07/01/2020,10:09:25,4,3.5,8000,3.95,8000,0,112000
ASHOKLEY27FEB2085CE.NFO,07/01/2020,10:09:30,4,3.55,16000,3.95,8000,0,112000
ASHOKLEY27FEB2085CE.NFO,07/01/2020,10:10:34,4,3.6,8000,3.95,8000,0,112000
ASHOKLEY27FEB2085CE.NFO,07/01/2020,10:10:45,4,3.65,8000,4.15,32000,0,112000
ASHOKLEY27FEB2085CE.NFO,07/01/2020,10:10:49,4,3.65,8000,4.1,24000,0,112000
ASHOKLEY27FEB2085CE.NFO,07/01/2020,10:10:55,4,3.65,8000,4.05,8000,0,112000
ASHOKLEY27FEB2085CE.NFO,07/01/2020,10:12:10,4,3.65,8000,4.15,40000,0,112000
ASHOKLEY27FEB2085CE.NFO,07/01/2020,10:12:18,4,3.65,8000,4.15,8000,0,112000
ASHOKLEY27FEB2085CE.NFO,07/01/2020,10:12:22,4,3.65,16000,4.15,8000,0,112000
ASHOKLEY27FEB2085CE.NFO,07/01/2020,10:12:36,4,3.7,8000,4.15,8000,0,112000
ASHOKLEY27FEB2085CE.NFO,07/01/2020,10:14:31,4,3.7,16000,4.15,8000,0,112000
ASHOKLEY27FEB2085CE.NFO,07/01/2020,10:14:36,4,3.7,8000,4.15,8000,0,112000
ASHOKLEY27FEB2085CE.NFO,07/01/2020,10:14:41,4,3.7,16000,4.15,8000,0,112000
ASHOKLEY27FEB2085CE.NFO,07/01/2020,10:14:51,4,3.7,8000,4.15,8000,0,112000
ASHOKLEY27FEB2085CE.NFO,07/01/2020,10:16:22,4,3.7,8000,4,8000,0,112000
ASHOKLEY27FEB2085CE.NFO,07/01/2020,10:18:31,4,3.65,8000,4,8000,0,112000
ASHOKLEY27FEB2085CE.NFO,07/01/2020,10:18:41,4,3.7,8000,4,8000,0,112000
ASHOKLEY27FEB2085CE.NFO,07/01/2020,10:20:04,4,3.75,8000,4,8000,0,112000
ASHOKLEY27FEB2085CE.NFO,07/01/2020,10:20:18,4,3.75,8000,4.05,8000,0,112000
ASHOKLEY27FEB2085CE.NFO,07/01/2020,10:20:22,4,3.75,8000,4.05,16000,0,112000
ASHOKLEY27FEB2085CE.NFO,07/01/2020,10:22:12,4,3.75,8000,4,8000,0,112000
ASHOKLEY27FEB2085CE.NFO,07/01/2020,10:24:13,4,3.65,8000,3.95,8000,0,112000
ASHOKLEY27FEB2085CE.NFO,07/01/2020,10:24:21,4,3.65,8000,3.9,8000,0,112000
ASHOKLEY27FEB2085CE.NFO,07/01/2020,10:24:29,4,3.7,8000,3.95,8000,0,112000
ASHOKLEY27FEB2085CE.NFO,07/01/2020,10:25:38,4,3.55,16000,3.95,8000,0,112000
ASHOKLEY27FEB2085CE.NFO,07/01/2020,10:26:38,4,3.55,16000,3.9,8000,0,112000
ASHOKLEY27FEB2085CE.NFO,07/01/2020,10:30:09,4,3.6,8000,3.9,8000,0,112000
ASHOKLEY27FEB2085CE.NFO,07/01/2020,10:32:22,4,3.15,8000,3.9,8000,0,112000
ASHOKLEY27FEB2085CE.NFO,07/01/2020,10:32:27,4,3.5,16000,3.9,8000,0,112000
ASHOKLEY27FEB2085CE.NFO,07/01/2020,10:32:39,4,3.55,16000,3.9,8000,0,112000
ASHOKLEY27FEB2085CE.NFO,07/01/2020,10:32:50,4,3.6,8000,3.9,8000,0,112000
ASHOKLEY27FEB2085CE.NFO,07/01/2020,10:34:31,4,3.6,8000,4,8000,0,112000
ASHOKLEY27FEB2085CE.NFO,07/01/2020,10:36:34,4,3.65,8000,4,8000,0,112000
ASHOKLEY27FEB2085CE.NFO,07/01/2020,10:39:06,4,3.7,8000,4,8000,0,112000
ASHOKLEY27FEB2085CE.NFO,07/01/2020,10:39:35,4,3.7,8000,3.95,8000,0,112000
ASHOKLEY27FEB2085CE.NFO,07/01/2020,10:39:52,4,3.65,8000,3.95,8000,0,112000
ASHOKLEY27FEB2085CE.NFO,07/01/2020,10:41:09,4,3.7,8000,3.95,8000,0,112000
ASHOKLEY27FEB2085CE.NFO,07/01/2020,10:44:19,4,3.75,8000,3.95,8000,0,112000
ASHOKLEY27FEB2085CE.NFO,07/01/2020,10:44:29,4,3.75,8000,3.9,8000,0,112000
ASHOKLEY27FEB2085CE.NFO,07/01/2020,10:44:41,4,3.7,8000,3.9,8000,0,112000
ASHOKLEY27FEB2085CE.NFO,07/01/2020,10:44:50,4,3.7,8000,3.95,8000,0,112000
ASHOKLEY27FEB2085CE.NFO,07/01/2020,10:45:01,4,3.7,8000,3.9,8000,0,112000
ASHOKLEY27FEB2085CE.NFO,07/01/2020,10:45:10,4,3.7,8000,3.85,8000,0,112000
ASHOKLEY27FEB2085CE.NFO,07/01/2020,10:45:22,4,3.7,8000,3.9,8000,0,112000
ASHOKLEY27FEB2085CE.NFO,07/01/2020,10:46:58,4,3.7,8000,4.2,136000,0,112000
ASHOKLEY27FEB2085CE.NFO,07/01/2020,10:52:08,4,3.45,8000,4.2,136000,0,112000
ASHOKLEY27FEB2085CE.NFO,07/01/2020,10:52:13,4,3.45,8000,3.8,8000,0,112000
ASHOKLEY27FEB2085CE.NFO,07/01/2020,10:52:50,4,3.5,8000,3.8,8000,0,112000
ASHOKLEY27FEB2085CE.NFO,07/01/2020,10:53:06,4,3.5,8000,3.85,8000,0,112000
ASHOKLEY27FEB2085CE.NFO,07/01/2020,10:54:43,4,3.5,8000,3.85,40000,0,112000
ASHOKLEY27FEB2085CE.NFO,07/01/2020,10:54:47,4,3.5,8000,3.85,8000,0,112000
ASHOKLEY27FEB2085CE.NFO,07/01/2020,10:55:16,4,3.5,8000,3.85,40000,0,112000
ASHOKLEY27FEB2085CE.NFO,07/01/2020,10:55:41,4,3.5,8000,3.85,8000,0,112000
ASHOKLEY27FEB2085CE.NFO,07/01/2020,10:55:46,4,3.5,8000,3.8,8000,0,112000
ASHOKLEY27FEB2085CE.NFO,07/01/2020,10:55:56,4,3.5,8000,3.75,8000,0,112000
ASHOKLEY27FEB2085CE.NFO,07/01/2020,10:56:03,4,3.5,8000,3.8,8000,0,112000
ASHOKLEY27FEB2085CE.NFO,07/01/2020,10:57:06,4,3.35,16000,3.8,8000,0,112000
ASHOKLEY27FEB2085CE.NFO,07/01/2020,10:57:11,4,3.45,8000,3.8,8000,0,112000
ASHOKLEY27FEB2085CE.NFO,07/01/2020,10:57:31,4,3.45,8000,3.75,8000,0,112000
ASHOKLEY27FEB2085CE.NFO,07/01/2020,11:00:24,4,3.45,8000,3.7,8000,0,112000
ASHOKLEY27FEB2085CE.NFO,07/01/2020,11:00:56,4,3.3,16000,3.7,8000,0,112000
ASHOKLEY27FEB2085CE.NFO,07/01/2020,11:01:04,4,3.3,8000,3.7,8000,0,112000
ASHOKLEY27FEB2085CE.NFO,07/01/2020,11:01:39,4,3.3,8000,3.65,8000,0,112000
ASHOKLEY27FEB2085CE.NFO,07/01/2020,11:02:00,4,3.35,8000,3.7,8000,0,112000
ASHOKLEY27FEB2085CE.NFO,07/01/2020,11:02:20,4,3.45,8000,3.7,8000,0,112000
ASHOKLEY27FEB2085CE.NFO,07/01/2020,11:02:26,4,3.45,8000,3.75,8000,0,112000
ASHOKLEY27FEB2085CE.NFO,07/01/2020,11:02:39,4,3.45,8000,3.7,8000,0,112000
ASHOKLEY27FEB2085CE.NFO,07/01/2020,11:02:49,4,3.45,8000,3.75,8000,0,112000
ASHOKLEY27FEB2085CE.NFO,07/01/2020,11:02:55,4,3.45,8000,3.7,8000,0,112000
ASHOKLEY27FEB2085CE.NFO,07/01/2020,11:03:47,4,3.4,8000,3.7,8000,0,112000
ASHOKLEY27FEB2085CE.NFO,07/01/2020,11:03:54,4,3.4,8000,3.6,8000,0,112000
ASHOKLEY27FEB2085CE.NFO,07/01/2020,11:05:58,4,3.4,8000,3.85,88000,0,112000
ASHOKLEY27FEB2085CE.NFO,07/01/2020,11:06:03,4,3.4,8000,3.85,8000,0,112000
ASHOKLEY27FEB2085CE.NFO,07/01/2020,11:06:10,4,3.4,8000,3.75,8000,0,112000
ASHOKLEY27FEB2085CE.NFO,07/01/2020,11:06:23,4,3.4,8000,3.7,8000,0,112000
ASHOKLEY27FEB2085CE.NFO,07/01/2020,11:07:25,4,3.4,16000,3.7,8000,0,112000
ASHOKLEY27FEB2085CE.NFO,07/01/2020,11:09:36,4,3.4,8000,3.7,8000,0,112000
ASHOKLEY27FEB2085CE.NFO,07/01/2020,11:11:16,4,3.4,8000,3.65,8000,0,112000
ASHOKLEY27FEB2085CE.NFO,07/01/2020,11:11:30,4,3.4,8000,3.6,8000,0,112000
ASHOKLEY27FEB2085CE.NFO,07/01/2020,11:12:22,4,3.4,8000,3.55,8000,0,112000
ASHOKLEY27FEB2085CE.NFO,07/01/2020,11:12:46,4,3.4,8000,3.6,8000,0,112000
ASHOKLEY27FEB2085CE.NFO,07/01/2020,11:13:29,4,3.35,8000,3.6,8000,0,112000
ASHOKLEY27FEB2085CE.NFO,07/01/2020,11:14:16,4,3.35,16000,3.6,8000,0,112000
ASHOKLEY27FEB2085CE.NFO,07/01/2020,11:14:22,4,3.35,8000,3.9,136000,0,112000
ASHOKLEY27FEB2085CE.NFO,07/01/2020,11:14:27,4,3.35,16000,3.9,104000,0,112000
ASHOKLEY27FEB2085CE.NFO,07/01/2020,11:14:56,4,3.35,8000,3.9,120000,0,112000
ASHOKLEY27FEB2085CE.NFO,07/01/2020,11:15:20,4,3.35,8000,3.9,136000,0,112000
ASHOKLEY27FEB2085CE.NFO,07/01/2020,11:16:25,4,3.4,8000,3.9,136000,0,112000
ASHOKLEY27FEB2085CE.NFO,07/01/2020,11:17:02,4,3.4,8000,3.9,120000,0,112000
ASHOKLEY27FEB2085CE.NFO,07/01/2020,11:17:11,4,3.4,8000,3.9,136000,0,112000
ASHOKLEY27FEB2085CE.NFO,07/01/2020,11:17:36,4,3.4,8000,3.9,104000,0,112000
ASHOKLEY27FEB2085CE.NFO,07/01/2020,11:17:47,4,3.4,8000,3.9,136000,0,112000
ASHOKLEY27FEB2085CE.NFO,07/01/2020,11:17:57,4,3.4,8000,3.9,104000,0,112000
ASHOKLEY27FEB2085CE.NFO,07/01/2020,11:19:16,4,3.4,8000,3.9,120000,0,112000
ASHOKLEY27FEB2085CE.NFO,07/01/2020,11:19:24,4,3.4,8000,3.9,104000,0,112000
ASHOKLEY27FEB2085CE.NFO,07/01/2020,11:20:30,4,3.4,16000,3.9,88000,0,112000
ASHOKLEY27FEB2085CE.NFO,07/01/2020,11:21:02,4,3.4,16000,3.9,72000,0,112000
ASHOKLEY27FEB2085CE.NFO,07/01/2020,11:21:16,4,3.4,16000,3.9,56000,0,112000
ASHOKLEY27FEB2085CE.NFO,07/01/2020,11:21:20,4,3.4,16000,3.9,72000,0,112000
ASHOKLEY27FEB2085CE.NFO,07/01/2020,11:22:05,4,3.4,16000,3.9,24000,0,112000
ASHOKLEY27FEB2085CE.NFO,07/01/2020,11:22:10,4,3.4,16000,3.9,72000,0,112000
ASHOKLEY27FEB2085CE.NFO,07/01/2020,11:22:26,4,3.5,8000,3.9,72000,0,112000
ASHOKLEY27FEB2085CE.NFO,07/01/2020,11:22:30,4,3.5,8000,3.9,24000,0,112000
ASHOKLEY27FEB2085CE.NFO,07/01/2020,11:23:14,4,3.5,8000,3.9,40000,0,112000
ASHOKLEY27FEB2085CE.NFO,07/01/2020,11:23:19,4,3.5,8000,3.9,24000,0,112000
ASHOKLEY27FEB2085CE.NFO,07/01/2020,11:23:26,4,3.5,8000,3.9,40000,0,112000
ASHOKLEY27FEB2085CE.NFO,07/01/2020,11:23:35,4,3.5,8000,3.8,8000,0,112000
ASHOKLEY27FEB2085CE.NFO,07/01/2020,11:23:58,4,3.5,16000,3.8,8000,0,112000
ASHOKLEY27FEB2085CE.NFO,07/01/2020,11:24:09,4,3.5,16000,3.9,8000,0,112000
ASHOKLEY27FEB2085CE.NFO,07/01/2020,11:24:15,4,3.5,16000,3.8,8000,0,112000
ASHOKLEY27FEB2085CE.NFO,07/01/2020,11:24:20,4,3.55,8000,3.8,8000,0,112000
ASHOKLEY27FEB2085CE.NFO,07/01/2020,11:24:38,4,3.55,8000,3.85,8000,0,112000
ASHOKLEY27FEB2085CE.NFO,07/01/2020,11:25:10,4,3.55,8000,3.8,8000,0,112000
ASHOKLEY27FEB2085CE.NFO,07/01/2020,11:25:14,4,3.55,8000,3.75,8000,0,112000
ASHOKLEY27FEB2085CE.NFO,07/01/2020,11:25:22,4,3.55,8000,3.8,8000,0,112000
ASHOKLEY27FEB2085CE.NFO,07/01/2020,11:28:07,4,3.55,8000,3.85,8000,0,112000
ASHOKLEY27FEB2085CE.NFO,07/01/2020,11:28:11,4,3.55,8000,3.8,8000,0,112000
ASHOKLEY27FEB2085CE.NFO,07/01/2020,11:28:17,4,3.55,8000,3.75,8000,0,112000
ASHOKLEY27FEB2085CE.NFO,07/01/2020,11:28:25,4,3.55,8000,3.8,8000,0,112000
ASHOKLEY27FEB2085CE.NFO,07/01/2020,11:31:37,4,3.55,8000,4.4,136000,0,112000
ASHOKLEY27FEB2085CE.NFO,07/01/2020,11:32:16,4,3.55,8000,4,56000,0,112000
ASHOKLEY27FEB2085CE.NFO,07/01/2020,11:32:24,4,3.55,16000,4,40000,0,112000
ASHOKLEY27FEB2085CE.NFO,07/01/2020,11:32:28,4,3.55,16000,4,88000,0,112000
ASHOKLEY27FEB2085CE.NFO,07/01/2020,11:32:32,4,3.55,16000,3.9,8000,0,112000
ASHOKLEY27FEB2085CE.NFO,07/01/2020,11:32:41,4,3.6,8000,3.9,8000,0,112000
ASHOKLEY27FEB2085CE.NFO,07/01/2020,11:33:01,4,3.55,8000,3.9,8000,0,112000
ASHOKLEY27FEB2085CE.NFO,07/01/2020,11:33:49,4,3.55,16000,3.9,8000,0,112000
ASHOKLEY27FEB2085CE.NFO,07/01/2020,11:34:04,4,3.55,16000,3.95,8000,0,112000
ASHOKLEY27FEB2085CE.NFO,07/01/2020,11:34:10,4,3.65,8000,3.9,8000,0,112000
ASHOKLEY27FEB2085CE.NFO,07/01/2020,11:34:23,4,3.65,8000,3.95,8000,0,112000
ASHOKLEY27FEB2085CE.NFO,07/01/2020,11:34:35,4,3.65,8000,3.9,8000,0,112000
ASHOKLEY27FEB2085CE.NFO,07/01/2020,11:34:46,4,3.65,8000,3.95,8000,0,112000
ASHOKLEY27FEB2085CE.NFO,07/01/2020,11:35:50,4,3.65,8000,3.9,8000,0,112000
ASHOKLEY27FEB2085CE.NFO,07/01/2020,11:35:55,4,3.65,8000,3.95,8000,0,112000
ASHOKLEY27FEB2085CE.NFO,07/01/2020,11:36:33,4,3.65,8000,3.9,8000,0,112000
ASHOKLEY27FEB2085CE.NFO,07/01/2020,11:36:42,4,3.6,8000,3.85,8000,0,112000
ASHOKLEY27FEB2085CE.NFO,07/01/2020,11:36:54,4,3.6,8000,3.8,8000,0,112000
ASHOKLEY27FEB2085CE.NFO,07/01/2020,11:38:15,4,3.6,8000,3.9,8000,0,112000
ASHOKLEY27FEB2085CE.NFO,07/01/2020,11:38:30,4,3.6,8000,3.9,16000,0,112000
ASHOKLEY27FEB2085CE.NFO,07/01/2020,11:38:43,4,3.6,8000,3.9,8000,0,112000
ASHOKLEY27FEB2085CE.NFO,07/01/2020,11:40:31,4,3.5,8000,3.9,8000,0,112000
ASHOKLEY27FEB2085CE.NFO,07/01/2020,11:40:35,4,3.55,8000,3.9,8000,0,112000
ASHOKLEY27FEB2085CE.NFO,07/01/2020,11:43:17,4,3.5,8000,3.9,8000,0,112000
ASHOKLEY27FEB2085CE.NFO,07/01/2020,11:43:45,4,3.55,8000,4.35,136000,0,112000
ASHOKLEY27FEB2085CE.NFO,07/01/2020,11:44:45,4,3.6,8000,4.35,136000,0,112000
ASHOKLEY27FEB2085CE.NFO,07/01/2020,11:47:17,4,3.6,8000,4.15,136000,0,112000
ASHOKLEY27FEB2085CE.NFO,07/01/2020,11:50:57,4,3.6,8000,4.15,144000,0,112000
ASHOKLEY27FEB2085CE.NFO,07/01/2020,11:51:31,4,3.6,8000,4.15,136000,0,112000
ASHOKLEY27FEB2085CE.NFO,07/01/2020,11:51:56,4,3.6,8000,4.15,144000,0,112000
ASHOKLEY27FEB2085CE.NFO,07/01/2020,11:52:55,4,3.6,8000,4.15,136000,0,112000
ASHOKLEY27FEB2085CE.NFO,07/01/2020,11:53:47,4,3.6,8000,4.15,144000,0,112000
ASHOKLEY27FEB2085CE.NFO,07/01/2020,11:56:21,4,3.6,8000,4,104000,0,112000
ASHOKLEY27FEB2085CE.NFO,07/01/2020,11:56:55,4,3.15,8000,3.8,8000,0,112000
ASHOKLEY27FEB2085CE.NFO,07/01/2020,11:57:02,4,3.25,8000,3.8,8000,0,112000
ASHOKLEY27FEB2085CE.NFO,07/01/2020,11:57:09,4,3.35,8000,3.8,8000,0,112000
ASHOKLEY27FEB2085CE.NFO,07/01/2020,11:57:14,4,3.45,8000,3.8,8000,0,112000
ASHOKLEY27FEB2085CE.NFO,07/01/2020,11:57:23,4,3.5,8000,3.8,8000,0,112000
ASHOKLEY27FEB2085CE.NFO,07/01/2020,11:57:26,4,3.2,8000,3.8,8000,0,112000
ASHOKLEY27FEB2085CE.NFO,07/01/2020,11:57:32,4,3.2,16000,3.8,8000,0,112000
ASHOKLEY27FEB2085CE.NFO,07/01/2020,11:57:54,4,3.45,8000,3.8,8000,0,112000
ASHOKLEY27FEB2085CE.NFO,07/01/2020,11:57:57,4,3.5,8000,3.8,8000,0,112000
ASHOKLEY27FEB2085CE.NFO,07/01/2020,11:58:30,4,3.25,8000,3.8,8000,0,112000
ASHOKLEY27FEB2085CE.NFO,07/01/2020,12:03:10,4,3.3,8000,3.8,8000,0,112000
ASHOKLEY27FEB2085CE.NFO,07/01/2020,12:03:32,4,3.3,8000,3.75,8000,0,112000
ASHOKLEY27FEB2085CE.NFO,07/01/2020,12:03:38,4,3.3,8000,3.7,8000,0,112000
ASHOKLEY27FEB2085CE.NFO,07/01/2020,12:05:42,4,3.3,8000,3.95,72000,0,112000
ASHOKLEY27FEB2085CE.NFO,07/01/2020,12:05:47,4,3.3,8000,3.95,88000,0,112000
ASHOKLEY27FEB2085CE.NFO,07/01/2020,12:05:54,4,3.3,8000,3.95,104000,0,112000
ASHOKLEY27FEB2085CE.NFO,07/01/2020,12:06:09,4,3.35,8000,3.95,104000,0,112000
ASHOKLEY27FEB2085CE.NFO,07/01/2020,12:06:11,4,3.35,8000,3.95,72000,0,112000
ASHOKLEY27FEB2085CE.NFO,07/01/2020,12:06:15,4,3.35,8000,3.95,88000,0,112000
ASHOKLEY27FEB2085CE.NFO,07/01/2020,12:06:18,4,3.35,8000,3.95,72000,0,112000
ASHOKLEY27FEB2085CE.NFO,07/01/2020,12:06:21,4,3.35,8000,3.95,104000,0,112000
ASHOKLEY27FEB2085CE.NFO,07/01/2020,12:06:38,4,3.35,8000,3.95,72000,0,112000
ASHOKLEY27FEB2085CE.NFO,07/01/2020,12:06:41,4,3.35,8000,3.95,104000,0,112000
ASHOKLEY27FEB2085CE.NFO,07/01/2020,12:06:47,4,3.35,8000,3.95,72000,0,112000
ASHOKLEY27FEB2085CE.NFO,07/01/2020,12:06:59,4,3.35,8000,3.95,88000,0,112000
ASHOKLEY27FEB2085CE.NFO,07/01/2020,12:07:13,4,3.35,8000,3.95,72000,0,112000
ASHOKLEY27FEB2085CE.NFO,07/01/2020,12:07:20,4,3.35,8000,3.95,88000,0,112000
ASHOKLEY27FEB2085CE.NFO,07/01/2020,12:07:29,4,3.35,8000,3.95,120000,0,112000
ASHOKLEY27FEB2085CE.NFO,07/01/2020,12:07:32,4,3.35,8000,3.95,88000,0,112000
ASHOKLEY27FEB2085CE.NFO,07/01/2020,12:07:35,4,3.35,8000,3.95,72000,0,112000
ASHOKLEY27FEB2085CE.NFO,07/01/2020,12:08:00,4,3.4,8000,3.95,72000,0,112000
ASHOKLEY27FEB2085CE.NFO,07/01/2020,12:08:13,4,3.45,8000,3.95,72000,0,112000
ASHOKLEY27FEB2085CE.NFO,07/01/2020,12:08:33,4,3.45,8000,3.95,104000,0,112000
ASHOKLEY27FEB2085CE.NFO,07/01/2020,12:08:41,4,3.45,8000,3.95,72000,0,112000
ASHOKLEY27FEB2085CE.NFO,07/01/2020,12:09:20,4,3.45,8000,3.95,88000,0,112000
ASHOKLEY27FEB2085CE.NFO,07/01/2020,12:09:32,4,3.45,8000,3.95,104000,0,112000
ASHOKLEY27FEB2085CE.NFO,07/01/2020,12:09:38,4,3.45,8000,3.95,56000,0,112000
ASHOKLEY27FEB2085CE.NFO,07/01/2020,12:09:42,4,3.45,8000,3.95,104000,0,112000
ASHOKLEY27FEB2085CE.NFO,07/01/2020,12:10:44,4,3.45,8000,3.95,88000,0,112000
ASHOKLEY27FEB2085CE.NFO,07/01/2020,12:11:53,4,3.45,8000,3.95,72000,0,112000
ASHOKLEY27FEB2085CE.NFO,07/01/2020,12:12:04,4,3.45,8000,3.95,56000,0,112000
ASHOKLEY27FEB2085CE.NFO,07/01/2020,12:12:42,4,3.45,8000,3.95,88000,0,112000
ASHOKLEY27FEB2085CE.NFO,07/01/2020,12:13:08,4,3.45,8000,3.95,32000,0,112000
ASHOKLEY27FEB2085CE.NFO,07/01/2020,12:14:03,4,2.95,8000,3.95,64000,0,112000
ASHOKLEY27FEB2085CE.NFO,07/01/2020,12:15:02,4,2.95,8000,3.9,24000,0,112000
ASHOKLEY27FEB2085CE.NFO,07/01/2020,12:15:27,4,2.95,8000,3.65,8000,0,112000
ASHOKLEY27FEB2085CE.NFO,07/01/2020,12:15:32,4,2.95,8000,3.6,8000,0,112000
ASHOKLEY27FEB2085CE.NFO,07/01/2020,12:15:41,4,3.05,8000,3.8,8000,0,112000
ASHOKLEY27FEB2085CE.NFO,07/01/2020,12:16:02,4,3.05,8000,3.75,8000,0,112000
ASHOKLEY27FEB2085CE.NFO,07/01/2020,12:16:15,4,3.15,8000,3.75,8000,0,112000
ASHOKLEY27FEB2085CE.NFO,07/01/2020,12:16:19,4,3.3,8000,3.75,8000,0,112000
ASHOKLEY27FEB2085CE.NFO,07/01/2020,12:18:36,4,3.35,8000,3.75,8000,0,112000
ASHOKLEY27FEB2085CE.NFO,07/01/2020,12:21:04,4,3.4,8000,3.75,8000,0,112000
ASHOKLEY27FEB2085CE.NFO,07/01/2020,12:21:53,3.4,2.95,136000,3.75,8000,8000,112000
ASHOKLEY27FEB2085CE.NFO,07/01/2020,12:21:53,3.4,2.95,136000,3.75,8000,0,112000
ASHOKLEY27FEB2085CE.NFO,07/01/2020,12:22:05,3.4,3.05,136000,3.7,8000,0,112000
ASHOKLEY27FEB2085CE.NFO,07/01/2020,12:22:13,3.4,3.25,56000,3.7,8000,0,112000
ASHOKLEY27FEB2085CE.NFO,07/01/2020,12:22:16,3.4,3.4,8000,3.75,8000,0,112000
ASHOKLEY27FEB2085CE.NFO,07/01/2020,12:23:04,3.4,3.4,8000,3.7,8000,0,112000
ASHOKLEY27FEB2085CE.NFO,07/01/2020,12:23:15,3.4,3.4,8000,3.65,8000,0,112000
ASHOKLEY27FEB2085CE.NFO,07/01/2020,12:23:25,3.4,3.4,8000,3.6,8000,0,112000
ASHOKLEY27FEB2085CE.NFO,07/01/2020,12:23:39,3.4,3.4,8000,3.65,8000,0,112000
ASHOKLEY27FEB2085CE.NFO,07/01/2020,12:23:49,3.4,3.4,8000,3.75,8000,0,112000
ASHOKLEY27FEB2085CE.NFO,07/01/2020,12:24:58,3.4,3.4,8000,4.5,8000,0,112000
ASHOKLEY27FEB2085CE.NFO,07/01/2020,12:25:04,3.4,3.4,8000,4.4,8000,0,112000
ASHOKLEY27FEB2085CE.NFO,07/01/2020,12:25:10,3.4,3.4,8000,4.3,8000,0,112000
ASHOKLEY27FEB2085CE.NFO,07/01/2020,12:25:14,3.4,3.4,8000,4.15,8000,0,112000
ASHOKLEY27FEB2085CE.NFO,07/01/2020,12:25:18,3.4,3.4,8000,3.95,8000,0,112000
ASHOKLEY27FEB2085CE.NFO,07/01/2020,12:25:21,3.4,3.4,8000,3.9,8000,0,112000
ASHOKLEY27FEB2085CE.NFO,07/01/2020,12:25:38,3.4,3.4,8000,3.85,8000,0,112000
ASHOKLEY27FEB2085CE.NFO,07/01/2020,12:25:46,3.4,3.45,8000,3.85,8000,0,112000
ASHOKLEY27FEB2085CE.NFO,07/01/2020,12:25:52,3.4,3.45,8000,3.8,8000,0,112000
ASHOKLEY27FEB2085CE.NFO,07/01/2020,12:26:04,3.4,3.5,8000,3.8,8000,0,112000
ASHOKLEY27FEB2085CE.NFO,07/01/2020,12:26:07,3.4,3.5,8000,3.75,8000,0,112000
ASHOKLEY27FEB2085CE.NFO,07/01/2020,12:26:18,3.4,3.4,8000,3.75,8000,0,112000
ASHOKLEY27FEB2085CE.NFO,07/01/2020,12:26:40,3.4,3.4,8000,3.7,8000,0,112000
ASHOKLEY27FEB2085CE.NFO,07/01/2020,12:26:44,3.4,3.4,8000,3.6,8000,0,112000
ASHOKLEY27FEB2085CE.NFO,07/01/2020,12:27:15,3.4,3.4,8000,3.65,8000,0,112000
ASHOKLEY27FEB2085CE.NFO,07/01/2020,12:28:27,3.4,3.4,8000,3.65,8000,0,120000
ASHOKLEY27FEB2085CE.NFO,07/01/2020,12:29:01,3.4,3.25,8000,3.6,8000,0,120000
ASHOKLEY27FEB2085CE.NFO,07/01/2020,12:29:07,3.4,3.3,8000,3.6,8000,0,120000
ASHOKLEY27FEB2085CE.NFO,07/01/2020,12:29:15,3.4,3.3,8000,3.55,8000,0,120000
ASHOKLEY27FEB2085CE.NFO,07/01/2020,12:29:40,3.4,3.3,8000,3.5,8000,0,120000
ASHOKLEY27FEB2085CE.NFO,07/01/2020,12:29:44,3.4,3.3,8000,3.55,8000,0,120000
ASHOKLEY27FEB2085CE.NFO,07/01/2020,12:31:01,3.4,3.35,8000,3.55,8000,0,120000
ASHOKLEY27FEB2085CE.NFO,07/01/2020,12:31:05,3.4,3.4,8000,3.6,8000,0,120000
ASHOKLEY27FEB2085CE.NFO,07/01/2020,12:31:41,3.4,3.35,8000,3.6,8000,0,120000
ASHOKLEY27FEB2085CE.NFO,07/01/2020,12:32:34,3.4,3.35,8000,3.55,8000,0,120000
ASHOKLEY27FEB2085CE.NFO,07/01/2020,12:34:10,3.4,3.3,8000,3.55,8000,0,120000
ASHOKLEY27FEB2085CE.NFO,07/01/2020,12:34:30,3.4,3.3,8000,3.85,56000,0,120000
ASHOKLEY27FEB2085CE.NFO,07/01/2020,12:35:24,3.4,3.35,8000,3.85,40000,0,120000
ASHOKLEY27FEB2085CE.NFO,07/01/2020,12:36:59,3.4,3.35,8000,3.85,24000,0,120000
ASHOKLEY27FEB2085CE.NFO,07/01/2020,12:37:26,3.4,3.35,8000,3.85,40000,0,120000
ASHOKLEY27FEB2085CE.NFO,07/01/2020,12:37:40,3.4,3.35,8000,3.85,24000,0,120000
ASHOKLEY27FEB2085CE.NFO,07/01/2020,12:38:43,3.4,3.4,8000,3.85,24000,0,120000
ASHOKLEY27FEB2085CE.NFO,07/01/2020,12:38:56,3.4,3.4,8000,3.85,8000,0,120000
ASHOKLEY27FEB2085CE.NFO,07/01/2020,12:39:24,3.4,3.4,8000,3.85,24000,0,120000
ASHOKLEY27FEB2085CE.NFO,07/01/2020,12:40:08,3.4,3.4,8000,3.85,8000,0,120000
ASHOKLEY27FEB2085CE.NFO,07/01/2020,12:40:39,3.4,3.45,8000,3.85,8000,0,120000
ASHOKLEY27FEB2085CE.NFO,07/01/2020,12:41:02,3.4,3.45,8000,3.85,40000,0,120000
ASHOKLEY27FEB2085CE.NFO,07/01/2020,12:41:33,3.4,3.45,8000,3.8,8000,0,120000
ASHOKLEY27FEB2085CE.NFO,07/01/2020,12:42:28,3.4,3.45,8000,3.75,8000,0,120000
ASHOKLEY27FEB2085CE.NFO,07/01/2020,12:42:44,3.4,3.45,8000,3.7,8000,0,120000
ASHOKLEY27FEB2085CE.NFO,07/01/2020,12:43:04,3.4,3.45,8000,3.8,8000,0,120000
ASHOKLEY27FEB2085CE.NFO,07/01/2020,12:45:30,3.4,3.45,8000,3.9,8000,0,120000
ASHOKLEY27FEB2085CE.NFO,07/01/2020,12:45:42,3.4,3.45,8000,3.9,40000,0,120000
ASHOKLEY27FEB2085CE.NFO,07/01/2020,12:46:09,3.4,3.45,8000,3.9,8000,0,120000
ASHOKLEY27FEB2085CE.NFO,07/01/2020,12:46:15,3.4,3.45,40000,4.5,8000,0,120000
ASHOKLEY27FEB2085CE.NFO,07/01/2020,12:46:19,3.4,3.55,8000,4.5,8000,0,120000
ASHOKLEY27FEB2085CE.NFO,07/01/2020,12:46:23,3.4,3.55,8000,4.4,8000,0,120000
ASHOKLEY27FEB2085CE.NFO,07/01/2020,12:46:26,3.4,3.55,8000,4.3,8000,0,120000
ASHOKLEY27FEB2085CE.NFO,07/01/2020,12:46:31,3.4,3.6,8000,4.3,8000,0,120000
ASHOKLEY27FEB2085CE.NFO,07/01/2020,12:46:39,3.4,3.55,8000,4.2,8000,0,120000
ASHOKLEY27FEB2085CE.NFO,07/01/2020,12:46:49,3.4,3.55,8000,4.1,8000,0,120000
ASHOKLEY27FEB2085CE.NFO,07/01/2020,12:46:57,3.4,3.55,8000,4.05,8000,0,120000
ASHOKLEY27FEB2085CE.NFO,07/01/2020,12:48:22,3.4,3.55,8000,4.1,8000,0,120000
ASHOKLEY27FEB2085CE.NFO,07/01/2020,12:48:34,3.4,3.55,8000,4.05,8000,0,120000
ASHOKLEY27FEB2085CE.NFO,07/01/2020,12:48:51,3.4,3.55,8000,4,8000,0,120000
ASHOKLEY27FEB2085CE.NFO,07/01/2020,12:49:06,3.4,3.6,8000,4,8000,0,120000
ASHOKLEY27FEB2085CE.NFO,07/01/2020,12:49:13,3.4,3.6,8000,3.95,8000,0,120000
ASHOKLEY27FEB2085CE.NFO,07/01/2020,12:49:20,3.4,3.6,8000,3.9,8000,0,120000
ASHOKLEY27FEB2085CE.NFO,07/01/2020,12:51:51,3.4,3.6,8000,3.95,8000,0,120000
ASHOKLEY27FEB2085CE.NFO,07/01/2020,12:55:00,3.4,3.6,8000,3.9,8000,0,120000
ASHOKLEY27FEB2085CE.NFO,07/01/2020,12:57:49,3.4,3.5,8000,3.9,8000,0,120000
ASHOKLEY27FEB2085CE.NFO,07/01/2020,12:58:31,3.4,3.5,8000,4.5,8000,0,120000
ASHOKLEY27FEB2085CE.NFO,07/01/2020,12:59:23,3.4,3.55,8000,4.5,8000,0,120000
ASHOKLEY27FEB2085CE.NFO,07/01/2020,13:09:18,3.4,3.55,8000,4,8000,0,120000
ASHOKLEY27FEB2085CE.NFO,07/01/2020,13:09:25,3.4,3.55,8000,4,40000,0,120000
ASHOKLEY27FEB2085CE.NFO,07/01/2020,13:09:31,3.4,3.55,8000,4,56000,0,120000
ASHOKLEY27FEB2085CE.NFO,07/01/2020,13:09:37,3.4,3.55,8000,4,40000,0,120000
ASHOKLEY27FEB2085CE.NFO,07/01/2020,13:10:44,3.4,3.55,8000,4,24000,0,120000
ASHOKLEY27FEB2085CE.NFO,07/01/2020,13:10:57,3.4,3.55,8000,3.9,8000,0,120000
ASHOKLEY27FEB2085CE.NFO,07/01/2020,13:11:42,3.4,3.55,8000,3.95,8000,0,120000
ASHOKLEY27FEB2085CE.NFO,07/01/2020,13:13:37,3.4,3.55,8000,3.9,8000,0,120000
ASHOKLEY27FEB2085CE.NFO,07/01/2020,13:13:56,3.4,3.15,136000,3.9,8000,0,120000
ASHOKLEY27FEB2085CE.NFO,07/01/2020,13:14:01,3.4,3.45,8000,3.9,8000,0,120000
ASHOKLEY27FEB2085CE.NFO,07/01/2020,13:14:06,3.4,3.5,8000,3.9,8000,0,120000
ASHOKLEY27FEB2085CE.NFO,07/01/2020,13:15:42,3.4,3.45,8000,3.9,8000,0,120000
ASHOKLEY27FEB2085CE.NFO,07/01/2020,13:16:56,3.4,3.45,8000,3.85,8000,0,120000
ASHOKLEY27FEB2085CE.NFO,07/01/2020,13:18:00,3.4,3.45,8000,3.8,8000,0,120000
ASHOKLEY27FEB2085CE.NFO,07/01/2020,13:21:14,3.4,3.2,120000,3.75,8000,0,120000
ASHOKLEY27FEB2085CE.NFO,07/01/2020,13:21:27,3.4,3.35,8000,3.75,8000,0,120000
ASHOKLEY27FEB2085CE.NFO,07/01/2020,13:21:39,3.4,3.4,8000,3.75,8000,0,120000
ASHOKLEY27FEB2085CE.NFO,07/01/2020,13:24:38,3.4,3.4,8000,4.45,8000,0,120000
ASHOKLEY27FEB2085CE.NFO,07/01/2020,13:24:53,3.4,3.4,8000,4.35,8000,0,120000
ASHOKLEY27FEB2085CE.NFO,07/01/2020,13:25:03,3.4,3.4,8000,4,24000,0,120000
ASHOKLEY27FEB2085CE.NFO,07/01/2020,13:26:15,3.4,3.45,8000,4,8000,0,120000
ASHOKLEY27FEB2085CE.NFO,07/01/2020,13:26:34,3.4,3.5,8000,4,8000,0,120000
ASHOKLEY27FEB2085CE.NFO,07/01/2020,13:27:55,3.4,3.5,8000,3.95,8000,0,120000
ASHOKLEY27FEB2085CE.NFO,07/01/2020,13:29:03,3.4,3.5,8000,3.95,24000,0,120000
ASHOKLEY27FEB2085CE.NFO,07/01/2020,13:29:15,3.4,3.5,8000,3.95,40000,0,120000
ASHOKLEY27FEB2085CE.NFO,07/01/2020,13:29:55,3.4,3.35,8000,3.8,8000,0,120000
ASHOKLEY27FEB2085CE.NFO,07/01/2020,13:30:56,3.4,3.35,8000,3.75,8000,0,120000
ASHOKLEY27FEB2085CE.NFO,07/01/2020,13:31:52,3.4,3.35,8000,3.8,8000,0,120000
ASHOKLEY27FEB2085CE.NFO,07/01/2020,13:32:47,3.4,3.35,8000,3.75,8000,0,120000
ASHOKLEY27FEB2085CE.NFO,07/01/2020,13:35:06,3.4,3.35,8000,3.8,8000,0,120000
ASHOKLEY27FEB2085CE.NFO,07/01/2020,13:35:19,3.4,3.35,24000,3.8,8000,0,120000
ASHOKLEY27FEB2085CE.NFO,07/01/2020,13:35:24,3.4,3.35,8000,3.8,8000,0,120000
ASHOKLEY27FEB2085CE.NFO,07/01/2020,13:35:51,3.4,3.35,24000,3.8,8000,0,120000
ASHOKLEY27FEB2085CE.NFO,07/01/2020,13:36:07,3.4,3.35,8000,3.8,8000,0,120000
ASHOKLEY27FEB2085CE.NFO,07/01/2020,13:36:32,3.4,3.35,24000,3.8,8000,0,120000
ASHOKLEY27FEB2085CE.NFO,07/01/2020,13:36:43,3.4,3.35,8000,3.75,8000,0,120000
ASHOKLEY27FEB2085CE.NFO,07/01/2020,13:36:49,3.4,3.35,56000,3.75,8000,0,120000
ASHOKLEY27FEB2085CE.NFO,07/01/2020,13:37:04,3.4,3.4,8000,3.75,8000,0,120000
ASHOKLEY27FEB2085CE.NFO,07/01/2020,13:38:14,3.4,3.45,8000,3.75,8000,0,120000
ASHOKLEY27FEB2085CE.NFO,07/01/2020,13:38:46,3.4,3.4,8000,3.75,8000,0,120000
ASHOKLEY27FEB2085CE.NFO,07/01/2020,13:41:04,3.4,3.45,8000,3.75,8000,0,120000
ASHOKLEY27FEB2085CE.NFO,07/01/2020,13:41:16,3.4,3.4,8000,3.75,8000,0,120000
ASHOKLEY27FEB2085CE.NFO,07/01/2020,13:41:42,3.4,3.45,8000,3.75,8000,0,120000
ASHOKLEY27FEB2085CE.NFO,07/01/2020,13:43:16,3.4,3.5,8000,3.75,8000,0,120000
ASHOKLEY27FEB2085CE.NFO,07/01/2020,13:43:27,3.4,3.5,8000,3.7,8000,0,120000
ASHOKLEY27FEB2085CE.NFO,07/01/2020,13:43:42,3.4,3.45,8000,3.7,8000,0,120000
ASHOKLEY27FEB2085CE.NFO,07/01/2020,13:45:10,3.4,3.5,8000,3.7,8000,0,120000
ASHOKLEY27FEB2085CE.NFO,07/01/2020,13:45:46,3.4,3.5,8000,3.75,8000,0,120000
ASHOKLEY27FEB2085CE.NFO,07/01/2020,13:45:56,3.4,3.5,8000,3.7,8000,0,120000
ASHOKLEY27FEB2085CE.NFO,07/01/2020,13:46:54,3.4,3.5,8000,3.9,8000,0,120000
ASHOKLEY27FEB2085CE.NFO,07/01/2020,13:47:02,3.4,3.5,8000,3.8,8000,0,120000
ASHOKLEY27FEB2085CE.NFO,07/01/2020,13:50:14,3.4,3.5,8000,3.9,8000,0,120000
ASHOKLEY27FEB2085CE.NFO,07/01/2020,13:53:47,3.4,3.45,8000,3.9,8000,0,120000
ASHOKLEY27FEB2085CE.NFO,07/01/2020,13:55:34,3.4,3.45,8000,4.45,8000,0,120000
ASHOKLEY27FEB2085CE.NFO,07/01/2020,13:56:22,3.4,3.5,8000,4.45,8000,0,120000
ASHOKLEY27FEB2085CE.NFO,07/01/2020,13:57:50,3.4,3.5,8000,4,24000,0,120000
ASHOKLEY27FEB2085CE.NFO,07/01/2020,13:57:59,3.4,3.5,8000,3.8,8000,0,120000
ASHOKLEY27FEB2085CE.NFO,07/01/2020,13:58:07,3.4,3.5,8000,3.85,8000,0,120000
ASHOKLEY27FEB2085CE.NFO,07/01/2020,13:58:10,3.4,3.55,8000,3.85,8000,0,120000
ASHOKLEY27FEB2085CE.NFO,07/01/2020,13:58:44,3.4,3.25,120000,3.85,8000,0,120000
ASHOKLEY27FEB2085CE.NFO,07/01/2020,14:00:45,3.4,3.25,120000,3.95,8000,0,120000
ASHOKLEY27FEB2085CE.NFO,07/01/2020,14:00:52,3.4,3.25,120000,3.85,8000,0,120000
ASHOKLEY27FEB2085CE.NFO,07/01/2020,14:02:22,3.4,3.35,24000,3.85,8000,0,120000
ASHOKLEY27FEB2085CE.NFO,07/01/2020,14:02:29,3.4,3.45,8000,3.85,8000,0,120000
ASHOKLEY27FEB2085CE.NFO,07/01/2020,14:03:22,3.4,3.5,8000,3.85,8000,0,120000
ASHOKLEY27FEB2085CE.NFO,07/01/2020,14:03:41,3.4,3.5,8000,3.9,8000,0,120000
ASHOKLEY27FEB2085CE.NFO,07/01/2020,14:03:47,3.4,3.5,8000,3.95,8000,0,120000
ASHOKLEY27FEB2085CE.NFO,07/01/2020,14:04:28,3.4,3.5,24000,3.95,8000,0,120000
ASHOKLEY27FEB2085CE.NFO,07/01/2020,14:04:41,3.4,3.5,24000,3.9,8000,0,120000
ASHOKLEY27FEB2085CE.NFO,07/01/2020,14:04:44,3.4,3.55,8000,3.9,8000,0,120000
ASHOKLEY27FEB2085CE.NFO,07/01/2020,14:04:52,3.4,3.55,8000,3.85,8000,0,120000
ASHOKLEY27FEB2085CE.NFO,07/01/2020,14:06:03,3.4,3.55,8000,3.8,8000,0,120000
ASHOKLEY27FEB2085CE.NFO,07/01/2020,14:06:28,3.4,3.55,8000,3.95,8000,0,120000
ASHOKLEY27FEB2085CE.NFO,07/01/2020,14:06:33,3.4,3.55,8000,3.85,8000,0,120000
ASHOKLEY27FEB2085CE.NFO,07/01/2020,14:08:09,3.4,3.55,8000,3.8,8000,0,120000
ASHOKLEY27FEB2085CE.NFO,07/01/2020,14:08:13,3.4,3.35,120000,3.8,8000,0,120000
ASHOKLEY27FEB2085CE.NFO,07/01/2020,14:09:34,3.4,3.35,120000,3.75,8000,0,120000
ASHOKLEY27FEB2085CE.NFO,07/01/2020,14:10:00,3.4,3.35,136000,4.55,8000,0,120000
ASHOKLEY27FEB2085CE.NFO,07/01/2020,14:10:24,3.4,3.35,120000,4.55,8000,0,120000
ASHOKLEY27FEB2085CE.NFO,07/01/2020,14:10:49,3.4,3.35,136000,4.55,8000,0,120000
ASHOKLEY27FEB2085CE.NFO,07/01/2020,14:11:43,3.4,3.35,136000,4.45,8000,0,120000
ASHOKLEY27FEB2085CE.NFO,07/01/2020,14:14:53,3.4,3.45,88000,4.45,8000,0,120000
ASHOKLEY27FEB2085CE.NFO,07/01/2020,14:14:56,3.4,3.55,8000,4.45,8000,0,120000
ASHOKLEY27FEB2085CE.NFO,07/01/2020,14:15:00,3.4,3.6,8000,4.45,8000,0,120000
ASHOKLEY27FEB2085CE.NFO,07/01/2020,14:15:38,3.4,3.65,8000,4.45,8000,0,120000
ASHOKLEY27FEB2085CE.NFO,07/01/2020,14:16:20,3.4,3.65,8000,3.95,8000,0,120000
ASHOKLEY27FEB2085CE.NFO,07/01/2020,14:19:53,3.4,3.65,8000,4.45,8000,0,120000
ASHOKLEY27FEB2085CE.NFO,07/01/2020,14:20:06,3.4,3.65,8000,4.3,8000,0,120000
ASHOKLEY27FEB2085CE.NFO,07/01/2020,14:20:11,3.4,3.65,8000,4.2,8000,0,120000
ASHOKLEY27FEB2085CE.NFO,07/01/2020,14:21:34,3.4,3.65,8000,4,8000,0,120000
ASHOKLEY27FEB2085CE.NFO,07/01/2020,14:24:12,3.4,3.65,8000,3.95,8000,0,120000
ASHOKLEY27FEB2085CE.NFO,07/01/2020,14:25:11,3.4,3.65,8000,4.55,8000,0,120000
ASHOKLEY27FEB2085CE.NFO,07/01/2020,14:31:04,3.4,3.75,8000,4.55,8000,0,120000
ASHOKLEY27FEB2085CE.NFO,07/01/2020,14:31:26,3.4,3.75,8000,4.45,8000,0,120000
ASHOKLEY27FEB2085CE.NFO,07/01/2020,14:31:32,3.4,3.75,8000,4.4,8000,0,120000
ASHOKLEY27FEB2085CE.NFO,07/01/2020,14:31:46,3.4,3.75,8000,4,8000,0,120000
ASHOKLEY27FEB2085CE.NFO,07/01/2020,14:32:49,3.4,3.45,136000,3.95,8000,0,120000
ASHOKLEY27FEB2085CE.NFO,07/01/2020,14:33:12,3.4,3.45,136000,4,8000,0,120000
ASHOKLEY27FEB2085CE.NFO,07/01/2020,14:33:19,3.4,3.45,136000,4.1,8000,0,120000
ASHOKLEY27FEB2085CE.NFO,07/01/2020,14:34:14,3.4,3.45,136000,4.05,8000,0,120000
ASHOKLEY27FEB2085CE.NFO,07/01/2020,14:35:07,3.4,3.45,136000,4,8000,0,120000
ASHOKLEY27FEB2085CE.NFO,07/01/2020,14:35:21,3.4,3.55,24000,4,8000,0,120000
ASHOKLEY27FEB2085CE.NFO,07/01/2020,14:35:32,3.4,3.6,8000,3.95,8000,0,120000
ASHOKLEY27FEB2085CE.NFO,07/01/2020,14:36:51,3.4,3.6,24000,3.95,8000,0,120000
ASHOKLEY27FEB2085CE.NFO,07/01/2020,14:37:24,3.4,3.6,8000,4.35,8000,0,120000
ASHOKLEY27FEB2085CE.NFO,07/01/2020,14:38:48,3.4,3.65,8000,4.35,88000,0,120000
ASHOKLEY27FEB2085CE.NFO,07/01/2020,14:39:35,3.4,3.65,8000,4.35,72000,0,120000
ASHOKLEY27FEB2085CE.NFO,07/01/2020,14:40:24,3.4,3.65,8000,4.35,88000,0,120000
ASHOKLEY27FEB2085CE.NFO,07/01/2020,14:41:56,3.4,3.65,8000,4.25,8000,0,120000
ASHOKLEY27FEB2085CE.NFO,07/01/2020,14:42:04,3.4,3.65,8000,4.2,8000,0,120000
ASHOKLEY27FEB2085CE.NFO,07/01/2020,14:43:27,3.4,3.65,8000,4.15,8000,0,120000
ASHOKLEY27FEB2085CE.NFO,07/01/2020,14:45:26,3.4,3.65,8000,4.1,8000,0,120000
ASHOKLEY27FEB2085CE.NFO,07/01/2020,14:45:33,3.4,3.65,8000,3.8,8000,0,120000
ASHOKLEY27FEB2085CE.NFO,07/01/2020,14:45:43,3.4,3,136000,3.8,8000,0,120000
ASHOKLEY27FEB2085CE.NFO,07/01/2020,14:46:13,3.4,3.45,56000,3.8,8000,0,120000
ASHOKLEY27FEB2085CE.NFO,07/01/2020,14:46:24,3.4,3.5,8000,3.8,8000,0,120000
ASHOKLEY27FEB2085CE.NFO,07/01/2020,14:48:28,3.4,3.5,8000,3.85,8000,0,120000
ASHOKLEY27FEB2085CE.NFO,07/01/2020,14:50:18,3.4,3.5,24000,3.85,8000,0,120000
ASHOKLEY27FEB2085CE.NFO,07/01/2020,14:52:59,3.4,3.5,24000,3.8,8000,0,120000
ASHOKLEY27FEB2085CE.NFO,07/01/2020,14:53:10,3.4,3.5,40000,4.05,8000,0,120000
ASHOKLEY27FEB2085CE.NFO,07/01/2020,14:53:15,3.4,3.5,88000,3.95,8000,0,120000
ASHOKLEY27FEB2085CE.NFO,07/01/2020,14:53:22,3.4,3.55,24000,3.95,8000,0,120000
ASHOKLEY27FEB2085CE.NFO,07/01/2020,14:53:34,3.4,3.55,8000,3.95,8000,0,120000
ASHOKLEY27FEB2085CE.NFO,07/01/2020,14:53:40,3.4,3.55,8000,3.9,8000,0,120000
ASHOKLEY27FEB2085CE.NFO,07/01/2020,14:55:21,3.4,3.55,8000,3.85,8000,0,120000
ASHOKLEY27FEB2085CE.NFO,07/01/2020,14:59:08,3.4,3.55,8000,3.8,8000,0,120000
ASHOKLEY27FEB2085CE.NFO,07/01/2020,14:59:17,3.4,3.55,8000,4.05,8000,0,120000
ASHOKLEY27FEB2085CE.NFO,07/01/2020,14:59:35,3.4,3.55,8000,3.95,8000,0,120000
ASHOKLEY27FEB2085CE.NFO,07/01/2020,14:59:41,3.4,3.55,8000,3.9,8000,0,120000
ASHOKLEY27FEB2085CE.NFO,07/01/2020,15:00:07,3.4,3.55,72000,3.9,8000,0,120000
ASHOKLEY27FEB2085CE.NFO,07/01/2020,15:00:15,3.4,3.55,56000,3.9,8000,0,120000
ASHOKLEY27FEB2085CE.NFO,07/01/2020,15:00:22,3.4,3.55,8000,3.9,8000,0,120000
ASHOKLEY27FEB2085CE.NFO,07/01/2020,15:01:28,3.4,3.6,8000,3.9,8000,0,120000
ASHOKLEY27FEB2085CE.NFO,07/01/2020,15:04:52,3.4,3.65,8000,3.9,8000,0,120000
ASHOKLEY27FEB2085CE.NFO,07/01/2020,15:05:57,3.4,3.65,8000,4.1,8000,0,120000
ASHOKLEY27FEB2085CE.NFO,07/01/2020,15:06:06,3.4,3.65,8000,4,8000,0,120000
ASHOKLEY27FEB2085CE.NFO,07/01/2020,15:06:10,3.4,3.7,8000,4,8000,0,120000
ASHOKLEY27FEB2085CE.NFO,07/01/2020,15:06:15,3.4,3.7,8000,3.95,8000,0,120000
ASHOKLEY27FEB2085CE.NFO,07/01/2020,15:07:59,3.4,3.7,8000,3.9,8000,0,120000
ASHOKLEY27FEB2085CE.NFO,07/01/2020,15:13:00,3.4,3.7,8000,4.3,8000,0,120000
ASHOKLEY27FEB2085CE.NFO,07/01/2020,15:13:08,3.4,3.7,8000,4,8000,0,120000
ASHOKLEY27FEB2085CE.NFO,07/01/2020,15:15:24,3.4,3.7,8000,4.05,8000,0,120000
ASHOKLEY27FEB2085CE.NFO,07/01/2020,15:15:31,3.4,3.7,8000,4,8000,0,120000
ASHOKLEY27FEB2085CE.NFO,07/01/2020,15:15:38,3.4,3.75,8000,4,8000,0,120000
ASHOKLEY27FEB2085CE.NFO,07/01/2020,15:15:45,3.4,3.8,8000,4,8000,0,120000
ASHOKLEY27FEB2085CE.NFO,07/01/2020,15:15:52,3.4,3.8,8000,4.05,8000,0,120000
ASHOKLEY27FEB2085CE.NFO,07/01/2020,15:16:39,3.4,3.8,8000,4,8000,0,120000
ASHOKLEY27FEB2085CE.NFO,07/01/2020,15:16:51,3.4,3.75,8000,3.95,8000,0,120000
ASHOKLEY27FEB2085CE.NFO,07/01/2020,15:17:13,3.4,3.8,8000,3.95,8000,0,120000
ASHOKLEY27FEB2085CE.NFO,07/01/2020,15:17:24,3.4,3.75,8000,3.95,8000,0,120000
ASHOKLEY27FEB2085CE.NFO,07/01/2020,15:17:52,3.4,3.75,8000,4,8000,0,120000
ASHOKLEY27FEB2085CE.NFO,07/01/2020,15:19:15,3.4,3.75,8000,4.05,8000,0,120000
ASHOKLEY27FEB2085CE.NFO,07/01/2020,15:19:30,3.4,3.75,8000,4,8000,0,120000
ASHOKLEY27FEB2085CE.NFO,07/01/2020,15:22:38,3.4,3.8,8000,4,8000,0,120000
ASHOKLEY27FEB2085CE.NFO,07/01/2020,15:23:26,3.4,3.6,120000,4,8000,0,120000
ASHOKLEY27FEB2085CE.NFO,07/01/2020,15:23:32,3.4,3.75,8000,4,8000,0,120000
ASHOKLEY27FEB2085CE.NFO,07/01/2020,15:26:12,3.4,3.7,72000,4,8000,0,120000
ASHOKLEY27FEB2085CE.NFO,07/01/2020,15:26:16,3.4,3.75,8000,4,8000,0,120000
ASHOKLEY27FEB2085CE.NFO,07/01/2020,15:26:22,3.4,3.75,8000,3.95,8000,0,120000
ASHOKLEY27FEB2085CE.NFO,07/01/2020,15:26:35,3.4,3.8,8000,3.95,8000,0,120000
ASHOKLEY27FEB2085CE.NFO,07/01/2020,15:26:39,3.4,3.75,8000,3.95,8000,0,120000
ASHOKLEY27FEB2085CE.NFO,07/01/2020,15:27:55,3.4,3.75,8000,3.95,16000,0,120000
ASHOKLEY27FEB2085CE.NFO,07/01/2020,15:28:26,3.4,3.7,8000,3.95,16000,0,120000
ASHOKLEY27FEB2085CE.NFO,07/01/2020,15:29:19,3.4,3.75,8000,3.95,16000,0,120000
