Ticker,Date,Time,LTP,BuyPrice,BuyQty,SellPrice,SellQty,LTQ,OpenInterest
ASHOKLEY30JAN2080PE.NFO,07/01/2020,09:15:16,2.25,2.25,8000,2.5,16000,16000,2080000
ASHOKLEY30JAN2080PE.NFO,07/01/2020,09:15:16,2.2,2.25,8000,2.5,16000,0,2080000
ASHOKLEY30JAN2080PE.NFO,07/01/2020,09:15:16,2.25,2.25,8000,2.5,16000,0,2080000
ASHOKLEY30JAN2080PE.NFO,07/01/2020,09:15:16,2.2,2.25,8000,2.5,16000,0,2080000
ASHOKLEY30JAN2080PE.NFO,07/01/2020,09:15:27,2.3,2.25,8000,2.35,8000,16000,2080000
ASHOKLEY30JAN2080PE.NFO,07/01/2020,09:15:27,2.3,2.25,8000,2.35,8000,0,2080000
ASHOKLEY30JAN2080PE.NFO,07/01/2020,09:15:39,2.15,2.2,8000,2.25,8000,24000,2080000
ASHOKLEY30JAN2080PE.NFO,07/01/2020,09:15:39,2.15,2.2,8000,2.25,8000,0,2080000
ASHOKLEY30JAN2080PE.NFO,07/01/2020,09:15:52,2.15,2.15,8000,2.25,96000,0,2080000
ASHOKLEY30JAN2080PE.NFO,07/01/2020,09:16:03,2.2,2.1,56000,2.2,56000,8000,2080000
ASHOKLEY30JAN2080PE.NFO,07/01/2020,09:16:14,2.15,2.1,40000,2.2,40000,16000,2080000
ASHOKLEY30JAN2080PE.NFO,07/01/2020,09:16:23,2.15,2.1,32000,2.15,8000,0,2080000
ASHOKLEY30JAN2080PE.NFO,07/01/2020,09:16:33,2.15,2.1,56000,2.2,40000,0,2080000
ASHOKLEY30JAN2080PE.NFO,07/01/2020,09:16:42,2.05,2.05,32000,2.15,48000,16000,2080000
ASHOKLEY30JAN2080PE.NFO,07/01/2020,09:16:42,2.05,2.05,32000,2.15,48000,0,2080000
ASHOKLEY30JAN2080PE.NFO,07/01/2020,09:16:51,2.05,2,80000,2.1,48000,0,2080000
ASHOKLEY30JAN2080PE.NFO,07/01/2020,09:17:00,2.05,1.95,80000,2.05,24000,8000,2080000
ASHOKLEY30JAN2080PE.NFO,07/01/2020,09:17:07,2.05,1.95,88000,2.05,48000,0,2080000
ASHOKLEY30JAN2080PE.NFO,07/01/2020,09:17:16,1.95,1.9,80000,1.95,8000,8000,2096000
ASHOKLEY30JAN2080PE.NFO,07/01/2020,09:17:16,1.95,1.9,80000,1.95,8000,0,2096000
ASHOKLEY30JAN2080PE.NFO,07/01/2020,09:17:25,1.95,1.9,24000,1.95,8000,8000,2096000
ASHOKLEY30JAN2080PE.NFO,07/01/2020,09:17:33,1.9,1.9,8000,2,24000,8000,2096000
ASHOKLEY30JAN2080PE.NFO,07/01/2020,09:17:33,1.9,1.9,8000,2,24000,0,2096000
ASHOKLEY30JAN2080PE.NFO,07/01/2020,09:17:42,1.9,1.9,48000,1.95,16000,0,2096000
ASHOKLEY30JAN2080PE.NFO,07/01/2020,09:17:51,1.9,1.9,40000,2,64000,0,2096000
ASHOKLEY30JAN2080PE.NFO,07/01/2020,09:17:59,1.95,1.9,40000,2,40000,8000,2096000
ASHOKLEY30JAN2080PE.NFO,07/01/2020,09:18:07,2,1.9,56000,2,32000,8000,2096000
ASHOKLEY30JAN2080PE.NFO,07/01/2020,09:18:15,2,1.9,64000,2,40000,0,2096000
ASHOKLEY30JAN2080PE.NFO,07/01/2020,09:18:23,2,1.9,72000,2,40000,0,2096000
ASHOKLEY30JAN2080PE.NFO,07/01/2020,09:18:30,2,1.95,32000,2.05,48000,0,2096000
ASHOKLEY30JAN2080PE.NFO,07/01/2020,09:18:38,2.05,2,8000,2.1,48000,48000,2096000
ASHOKLEY30JAN2080PE.NFO,07/01/2020,09:18:46,2.05,2,16000,2.1,32000,0,2096000
ASHOKLEY30JAN2080PE.NFO,07/01/2020,09:18:53,2.05,2,24000,2.1,40000,0,2096000
ASHOKLEY30JAN2080PE.NFO,07/01/2020,09:19:08,2.05,2,8000,2.05,8000,0,2096000
ASHOKLEY30JAN2080PE.NFO,07/01/2020,09:19:16,2.05,1.95,56000,2.05,32000,56000,2096000
ASHOKLEY30JAN2080PE.NFO,07/01/2020,09:19:24,2.05,2,24000,2.05,24000,0,2096000
ASHOKLEY30JAN2080PE.NFO,07/01/2020,09:19:32,2,2,24000,2.05,16000,16000,2096000
ASHOKLEY30JAN2080PE.NFO,07/01/2020,09:19:39,2,2,16000,2.05,72000,8000,2096000
ASHOKLEY30JAN2080PE.NFO,07/01/2020,09:19:47,2,1.95,56000,2.05,72000,8000,2096000
ASHOKLEY30JAN2080PE.NFO,07/01/2020,09:19:55,2,1.95,48000,2,24000,0,2096000
ASHOKLEY30JAN2080PE.NFO,07/01/2020,09:20:03,2,1.95,48000,2,8000,16000,2096000
ASHOKLEY30JAN2080PE.NFO,07/01/2020,09:20:11,2,1.95,88000,2.05,104000,8000,2096000
ASHOKLEY30JAN2080PE.NFO,07/01/2020,09:20:19,2.05,1.95,96000,2.05,72000,24000,2032000
ASHOKLEY30JAN2080PE.NFO,07/01/2020,09:20:27,2.05,1.95,96000,2,16000,0,2032000
ASHOKLEY30JAN2080PE.NFO,07/01/2020,09:20:35,2.05,1.95,56000,2,32000,0,2032000
ASHOKLEY30JAN2080PE.NFO,07/01/2020,09:20:42,2.05,1.95,40000,2,64000,0,2032000
ASHOKLEY30JAN2080PE.NFO,07/01/2020,09:20:50,2.05,1.95,16000,2,72000,0,2032000
ASHOKLEY30JAN2080PE.NFO,07/01/2020,09:20:57,2.05,1.95,16000,2,88000,0,2032000
ASHOKLEY30JAN2080PE.NFO,07/01/2020,09:21:05,2.05,1.95,24000,2,96000,0,2032000
ASHOKLEY30JAN2080PE.NFO,07/01/2020,09:21:12,2.05,1.95,8000,2,96000,0,2032000
ASHOKLEY30JAN2080PE.NFO,07/01/2020,09:21:20,2,1.95,8000,2,88000,8000,2032000
ASHOKLEY30JAN2080PE.NFO,07/01/2020,09:21:28,2,1.95,8000,2,88000,0,2032000
ASHOKLEY30JAN2080PE.NFO,07/01/2020,09:21:41,2,1.95,8000,2,96000,0,2032000
ASHOKLEY30JAN2080PE.NFO,07/01/2020,09:21:49,1.95,1.9,24000,1.95,64000,8000,2032000
ASHOKLEY30JAN2080PE.NFO,07/01/2020,09:22:02,1.95,1.9,48000,1.95,48000,32000,2032000
ASHOKLEY30JAN2080PE.NFO,07/01/2020,09:22:10,1.95,1.9,96000,2,104000,0,2032000
ASHOKLEY30JAN2080PE.NFO,07/01/2020,09:22:18,1.95,1.9,120000,2,96000,0,2032000
ASHOKLEY30JAN2080PE.NFO,07/01/2020,09:22:39,1.95,1.95,64000,2,32000,0,2032000
ASHOKLEY30JAN2080PE.NFO,07/01/2020,09:22:45,2,1.95,72000,2,8000,24000,2032000
ASHOKLEY30JAN2080PE.NFO,07/01/2020,09:22:51,2,1.95,64000,2.05,128000,8000,2032000
ASHOKLEY30JAN2080PE.NFO,07/01/2020,09:22:58,2,1.95,56000,2,72000,0,2032000
ASHOKLEY30JAN2080PE.NFO,07/01/2020,09:23:04,2,1.95,56000,2,56000,0,2032000
ASHOKLEY30JAN2080PE.NFO,07/01/2020,09:23:11,2,1.95,64000,2.05,120000,0,2032000
ASHOKLEY30JAN2080PE.NFO,07/01/2020,09:23:18,2,1.95,64000,2.05,128000,0,2032000
ASHOKLEY30JAN2080PE.NFO,07/01/2020,09:23:31,2,1.95,96000,2.05,104000,0,2032000
ASHOKLEY30JAN2080PE.NFO,07/01/2020,09:23:38,2,1.95,112000,2.05,96000,0,2032000
ASHOKLEY30JAN2080PE.NFO,07/01/2020,09:23:44,2,1.95,112000,2.05,104000,0,2032000
ASHOKLEY30JAN2080PE.NFO,07/01/2020,09:23:51,2,2,24000,2.05,24000,0,2032000
ASHOKLEY30JAN2080PE.NFO,07/01/2020,09:23:57,2,2,24000,2.05,32000,0,2032000
ASHOKLEY30JAN2080PE.NFO,07/01/2020,09:24:05,2,2,56000,2.1,144000,0,2032000
ASHOKLEY30JAN2080PE.NFO,07/01/2020,09:24:19,2,2,64000,2.1,152000,0,2032000
ASHOKLEY30JAN2080PE.NFO,07/01/2020,09:24:26,2,2,48000,2.05,16000,8000,2032000
ASHOKLEY30JAN2080PE.NFO,07/01/2020,09:24:45,2,1.95,128000,2.05,48000,8000,2032000
ASHOKLEY30JAN2080PE.NFO,07/01/2020,09:24:52,2,1.95,128000,2.05,80000,0,2032000
ASHOKLEY30JAN2080PE.NFO,07/01/2020,09:24:58,2,1.95,112000,2.05,80000,0,2032000
ASHOKLEY30JAN2080PE.NFO,07/01/2020,09:25:05,2,1.95,104000,2.05,96000,0,2032000
ASHOKLEY30JAN2080PE.NFO,07/01/2020,09:25:20,2,1.95,72000,2.05,112000,0,2032000
ASHOKLEY30JAN2080PE.NFO,07/01/2020,09:25:27,2,1.95,64000,2,24000,0,2032000
ASHOKLEY30JAN2080PE.NFO,07/01/2020,09:25:34,2,1.95,112000,2.05,104000,8000,2032000
ASHOKLEY30JAN2080PE.NFO,07/01/2020,09:25:41,2,1.95,136000,2.05,80000,0,2032000
ASHOKLEY30JAN2080PE.NFO,07/01/2020,09:25:53,2,1.95,104000,2.05,104000,0,2032000
ASHOKLEY30JAN2080PE.NFO,07/01/2020,09:26:04,2,2,32000,2.05,40000,0,2032000
ASHOKLEY30JAN2080PE.NFO,07/01/2020,09:26:12,2,2,8000,2.05,112000,0,2032000
ASHOKLEY30JAN2080PE.NFO,07/01/2020,09:26:24,2,2,16000,2.05,112000,0,2032000
ASHOKLEY30JAN2080PE.NFO,07/01/2020,09:26:29,2,2,16000,2.05,104000,0,2032000
ASHOKLEY30JAN2080PE.NFO,07/01/2020,09:26:36,2,1.95,104000,2.05,112000,8000,2032000
ASHOKLEY30JAN2080PE.NFO,07/01/2020,09:26:43,2,1.95,96000,2.05,104000,0,2032000
ASHOKLEY30JAN2080PE.NFO,07/01/2020,09:26:49,2,2,16000,2.05,96000,0,2032000
ASHOKLEY30JAN2080PE.NFO,07/01/2020,09:26:58,2,2,16000,2.05,112000,0,2032000
ASHOKLEY30JAN2080PE.NFO,07/01/2020,09:27:03,2,2,8000,2.05,112000,0,2032000
ASHOKLEY30JAN2080PE.NFO,07/01/2020,09:27:09,2,2,32000,2.05,80000,0,2032000
ASHOKLEY30JAN2080PE.NFO,07/01/2020,09:27:21,2,2,64000,2.05,8000,0,2032000
ASHOKLEY30JAN2080PE.NFO,07/01/2020,09:27:28,2,2,88000,2.05,8000,0,2032000
ASHOKLEY30JAN2080PE.NFO,07/01/2020,09:28:03,2,2,88000,2.1,128000,0,2032000
ASHOKLEY30JAN2080PE.NFO,07/01/2020,09:28:23,2,2,88000,2.1,120000,0,2032000
ASHOKLEY30JAN2080PE.NFO,07/01/2020,09:28:35,2,2,88000,2.1,112000,0,2032000
ASHOKLEY30JAN2080PE.NFO,07/01/2020,09:28:51,2,2,88000,2.05,16000,0,2032000
ASHOKLEY30JAN2080PE.NFO,07/01/2020,09:29:10,2,2,48000,2.05,40000,8000,2032000
ASHOKLEY30JAN2080PE.NFO,07/01/2020,09:29:16,2.05,2,88000,2.1,80000,8000,1976000
ASHOKLEY30JAN2080PE.NFO,07/01/2020,09:29:22,2.05,2,120000,2.1,88000,0,1976000
ASHOKLEY30JAN2080PE.NFO,07/01/2020,09:29:27,2.05,2.05,24000,2.1,72000,0,1976000
ASHOKLEY30JAN2080PE.NFO,07/01/2020,09:29:33,2.05,2.05,64000,2.1,40000,0,1976000
ASHOKLEY30JAN2080PE.NFO,07/01/2020,09:29:40,2.05,2.05,56000,2.1,40000,0,1976000
ASHOKLEY30JAN2080PE.NFO,07/01/2020,09:29:47,2.05,2.05,88000,2.15,104000,0,1976000
ASHOKLEY30JAN2080PE.NFO,07/01/2020,09:29:53,2.05,2.1,16000,2.15,96000,0,1976000
ASHOKLEY30JAN2080PE.NFO,07/01/2020,09:29:58,2.05,2.05,80000,2.15,104000,0,1976000
ASHOKLEY30JAN2080PE.NFO,07/01/2020,09:30:11,2.1,2.05,80000,2.15,104000,8000,1976000
ASHOKLEY30JAN2080PE.NFO,07/01/2020,09:30:18,2.05,2,88000,2.1,40000,8000,1976000
ASHOKLEY30JAN2080PE.NFO,07/01/2020,09:30:30,2.05,2,80000,2.1,88000,0,1976000
ASHOKLEY30JAN2080PE.NFO,07/01/2020,09:30:35,2.05,2,72000,2.1,88000,0,1976000
ASHOKLEY30JAN2080PE.NFO,07/01/2020,09:30:51,2.05,2,40000,2.05,32000,0,1976000
ASHOKLEY30JAN2080PE.NFO,07/01/2020,09:30:56,2.05,1.95,104000,2,16000,0,1976000
ASHOKLEY30JAN2080PE.NFO,07/01/2020,09:31:02,2.05,1.95,88000,2,24000,0,1976000
ASHOKLEY30JAN2080PE.NFO,07/01/2020,09:31:08,1.95,1.95,72000,2,24000,16000,1976000
ASHOKLEY30JAN2080PE.NFO,07/01/2020,09:31:15,1.95,1.95,24000,2,56000,16000,1976000
ASHOKLEY30JAN2080PE.NFO,07/01/2020,09:31:21,1.95,1.95,32000,2,48000,0,1976000
ASHOKLEY30JAN2080PE.NFO,07/01/2020,09:31:27,1.95,1.95,40000,2,48000,0,1976000
ASHOKLEY30JAN2080PE.NFO,07/01/2020,09:31:32,1.95,1.95,32000,2,48000,0,1976000
ASHOKLEY30JAN2080PE.NFO,07/01/2020,09:31:37,1.95,1.95,24000,2,64000,0,1976000
ASHOKLEY30JAN2080PE.NFO,07/01/2020,09:31:43,1.95,1.95,24000,2,48000,0,1976000
ASHOKLEY30JAN2080PE.NFO,07/01/2020,09:31:48,1.95,1.95,40000,2,64000,0,1976000
ASHOKLEY30JAN2080PE.NFO,07/01/2020,09:31:53,1.95,1.95,16000,2,72000,0,1976000
ASHOKLEY30JAN2080PE.NFO,07/01/2020,09:32:02,1.95,1.95,16000,2,80000,0,1976000
ASHOKLEY30JAN2080PE.NFO,07/01/2020,09:32:07,1.95,1.95,16000,2,112000,0,1976000
ASHOKLEY30JAN2080PE.NFO,07/01/2020,09:32:12,1.95,1.9,144000,2,80000,0,1976000
ASHOKLEY30JAN2080PE.NFO,07/01/2020,09:32:24,1.95,1.9,104000,1.95,24000,0,1976000
ASHOKLEY30JAN2080PE.NFO,07/01/2020,09:32:31,1.95,1.9,88000,1.95,64000,0,1976000
ASHOKLEY30JAN2080PE.NFO,07/01/2020,09:32:36,1.95,1.9,40000,1.95,24000,0,1976000
ASHOKLEY30JAN2080PE.NFO,07/01/2020,09:32:42,1.95,1.9,64000,1.95,32000,0,1976000
ASHOKLEY30JAN2080PE.NFO,07/01/2020,09:32:48,1.95,1.9,96000,2,80000,0,1976000
ASHOKLEY30JAN2080PE.NFO,07/01/2020,09:32:59,1.95,1.95,16000,2,80000,0,1976000
ASHOKLEY30JAN2080PE.NFO,07/01/2020,09:33:10,1.95,1.9,120000,2,80000,0,1976000
ASHOKLEY30JAN2080PE.NFO,07/01/2020,09:33:15,1.95,1.9,128000,2,80000,0,1976000
ASHOKLEY30JAN2080PE.NFO,07/01/2020,09:33:27,1.95,1.95,8000,2,72000,0,1976000
ASHOKLEY30JAN2080PE.NFO,07/01/2020,09:33:33,1.95,1.9,120000,2,72000,0,1976000
ASHOKLEY30JAN2080PE.NFO,07/01/2020,09:33:38,1.95,1.95,16000,2,72000,0,1976000
ASHOKLEY30JAN2080PE.NFO,07/01/2020,09:34:04,1.95,1.9,136000,2,80000,0,1976000
ASHOKLEY30JAN2080PE.NFO,07/01/2020,09:34:14,1.95,1.95,32000,2,56000,0,1976000
ASHOKLEY30JAN2080PE.NFO,07/01/2020,09:34:35,1.95,2,32000,2.05,48000,0,1976000
ASHOKLEY30JAN2080PE.NFO,07/01/2020,09:34:40,2.05,2,48000,2.05,24000,24000,2008000
ASHOKLEY30JAN2080PE.NFO,07/01/2020,09:34:54,2.05,2,40000,2.05,24000,8000,2008000
ASHOKLEY30JAN2080PE.NFO,07/01/2020,09:34:59,2.05,2,40000,2.05,24000,0,2008000
ASHOKLEY30JAN2080PE.NFO,07/01/2020,09:35:19,2.05,2,40000,2.05,16000,0,2008000
ASHOKLEY30JAN2080PE.NFO,07/01/2020,09:35:24,2.05,2,48000,2.05,16000,0,2008000
ASHOKLEY30JAN2080PE.NFO,07/01/2020,09:35:30,2.05,2,72000,2.1,72000,0,2008000
ASHOKLEY30JAN2080PE.NFO,07/01/2020,09:35:42,2.05,2.05,8000,2.1,56000,0,2008000
ASHOKLEY30JAN2080PE.NFO,07/01/2020,09:35:49,2.05,2.05,56000,2.15,88000,0,2008000
ASHOKLEY30JAN2080PE.NFO,07/01/2020,09:35:56,2.05,2,96000,2.1,56000,0,2008000
ASHOKLEY30JAN2080PE.NFO,07/01/2020,09:36:02,2.05,2.05,32000,2.1,48000,0,2008000
ASHOKLEY30JAN2080PE.NFO,07/01/2020,09:36:08,2.05,2.05,16000,2.1,48000,0,2008000
ASHOKLEY30JAN2080PE.NFO,07/01/2020,09:36:13,2.05,2,88000,2.1,64000,8000,1984000
ASHOKLEY30JAN2080PE.NFO,07/01/2020,09:36:19,2.05,2,88000,2.1,64000,0,1984000
ASHOKLEY30JAN2080PE.NFO,07/01/2020,09:36:25,2.05,2,88000,2.1,72000,0,1984000
ASHOKLEY30JAN2080PE.NFO,07/01/2020,09:36:31,2.05,2,88000,2.1,64000,0,1984000
ASHOKLEY30JAN2080PE.NFO,07/01/2020,09:36:35,2.05,2,96000,2.1,64000,0,1984000
ASHOKLEY30JAN2080PE.NFO,07/01/2020,09:36:40,2.05,2,104000,2.1,72000,0,1984000
ASHOKLEY30JAN2080PE.NFO,07/01/2020,09:36:46,2.05,2.05,8000,2.1,72000,0,1984000
ASHOKLEY30JAN2080PE.NFO,07/01/2020,09:36:55,2.05,2,104000,2.1,72000,8000,1984000
ASHOKLEY30JAN2080PE.NFO,07/01/2020,09:37:01,2.05,2,104000,2.1,64000,0,1984000
ASHOKLEY30JAN2080PE.NFO,07/01/2020,09:37:11,2.05,2,104000,2.1,56000,0,1984000
ASHOKLEY30JAN2080PE.NFO,07/01/2020,09:37:20,2.05,2,80000,2.1,96000,0,1984000
ASHOKLEY30JAN2080PE.NFO,07/01/2020,09:37:54,2.05,2,72000,2.1,96000,0,1984000
ASHOKLEY30JAN2080PE.NFO,07/01/2020,09:38:23,2.05,2,48000,2.05,32000,0,1984000
ASHOKLEY30JAN2080PE.NFO,07/01/2020,09:38:27,2.05,2,64000,2.05,40000,0,1984000
ASHOKLEY30JAN2080PE.NFO,07/01/2020,09:38:37,2.05,2,72000,2.05,16000,0,1984000
ASHOKLEY30JAN2080PE.NFO,07/01/2020,09:38:41,2.05,2,80000,2.05,16000,0,1984000
ASHOKLEY30JAN2080PE.NFO,07/01/2020,09:38:51,2.05,2,72000,2.05,16000,0,1984000
ASHOKLEY30JAN2080PE.NFO,07/01/2020,09:38:55,2.05,2,72000,2.05,24000,0,1984000
ASHOKLEY30JAN2080PE.NFO,07/01/2020,09:39:00,2.05,2,64000,2.05,24000,0,1984000
ASHOKLEY30JAN2080PE.NFO,07/01/2020,09:39:05,2,2,56000,2.05,24000,8000,1984000
ASHOKLEY30JAN2080PE.NFO,07/01/2020,09:39:09,2,2,56000,2.05,24000,0,1984000
ASHOKLEY30JAN2080PE.NFO,07/01/2020,09:39:14,2,2,32000,2.05,32000,0,1984000
ASHOKLEY30JAN2080PE.NFO,07/01/2020,09:39:20,2,2,8000,2.05,56000,16000,1984000
ASHOKLEY30JAN2080PE.NFO,07/01/2020,09:39:25,2,2,16000,2.05,56000,0,1984000
ASHOKLEY30JAN2080PE.NFO,07/01/2020,09:39:31,2,2,24000,2.05,40000,0,1984000
ASHOKLEY30JAN2080PE.NFO,07/01/2020,09:39:45,2,2,72000,2.05,8000,0,1984000
ASHOKLEY30JAN2080PE.NFO,07/01/2020,09:39:51,2,2,80000,2.05,8000,0,1984000
ASHOKLEY30JAN2080PE.NFO,07/01/2020,09:39:59,2,2,72000,2.05,8000,0,1984000
ASHOKLEY30JAN2080PE.NFO,07/01/2020,09:40:04,2,2,32000,2.05,16000,0,1984000
ASHOKLEY30JAN2080PE.NFO,07/01/2020,09:40:15,2,2,32000,2.05,24000,0,1984000
ASHOKLEY30JAN2080PE.NFO,07/01/2020,09:40:27,2,2,48000,2.1,88000,0,1984000
ASHOKLEY30JAN2080PE.NFO,07/01/2020,09:40:32,2.05,2,56000,2.1,88000,8000,1984000
ASHOKLEY30JAN2080PE.NFO,07/01/2020,09:40:47,2.05,2,48000,2.1,96000,0,1984000
ASHOKLEY30JAN2080PE.NFO,07/01/2020,09:41:01,2.05,2,32000,2.05,24000,0,1984000
ASHOKLEY30JAN2080PE.NFO,07/01/2020,09:41:16,2.05,2,32000,2.05,40000,16000,1984000
ASHOKLEY30JAN2080PE.NFO,07/01/2020,09:41:21,2.05,2,32000,2.05,24000,0,1984000
ASHOKLEY30JAN2080PE.NFO,07/01/2020,09:41:27,2.05,1.95,168000,2.05,48000,0,1984000
ASHOKLEY30JAN2080PE.NFO,07/01/2020,09:41:32,2.05,2,16000,2.05,56000,0,1984000
ASHOKLEY30JAN2080PE.NFO,07/01/2020,09:41:36,2.05,2,8000,2.05,56000,0,1984000
ASHOKLEY30JAN2080PE.NFO,07/01/2020,09:42:09,2.05,2,8000,2.05,48000,0,1984000
ASHOKLEY30JAN2080PE.NFO,07/01/2020,09:42:22,2,1.95,168000,2.05,40000,8000,1984000
ASHOKLEY30JAN2080PE.NFO,07/01/2020,09:42:29,2,1.95,168000,2.05,32000,0,1984000
ASHOKLEY30JAN2080PE.NFO,07/01/2020,09:42:37,2,1.95,152000,2.05,72000,0,1984000
ASHOKLEY30JAN2080PE.NFO,07/01/2020,09:42:43,2,1.95,152000,2.05,64000,8000,1984000
ASHOKLEY30JAN2080PE.NFO,07/01/2020,09:42:50,2,2,16000,2.05,72000,0,1984000
ASHOKLEY30JAN2080PE.NFO,07/01/2020,09:43:01,2,2,56000,2.05,48000,0,1984000
ASHOKLEY30JAN2080PE.NFO,07/01/2020,09:43:07,2,2,72000,2.05,24000,0,1984000
ASHOKLEY30JAN2080PE.NFO,07/01/2020,09:43:13,2,2,80000,2.05,24000,0,1984000
ASHOKLEY30JAN2080PE.NFO,07/01/2020,09:43:38,2,2,72000,2.05,24000,0,1984000
ASHOKLEY30JAN2080PE.NFO,07/01/2020,09:43:53,2,2,64000,2.05,24000,0,1984000
ASHOKLEY30JAN2080PE.NFO,07/01/2020,09:43:58,2,2,64000,2.05,40000,0,1984000
ASHOKLEY30JAN2080PE.NFO,07/01/2020,09:44:03,2,2,64000,2.05,48000,0,1984000
ASHOKLEY30JAN2080PE.NFO,07/01/2020,09:44:09,2,2,24000,2.05,112000,0,1984000
ASHOKLEY30JAN2080PE.NFO,07/01/2020,09:44:14,2,1.95,128000,2.05,104000,0,1984000
ASHOKLEY30JAN2080PE.NFO,07/01/2020,09:44:19,2,1.95,136000,2.05,88000,0,1984000
ASHOKLEY30JAN2080PE.NFO,07/01/2020,09:44:25,2,1.95,120000,2.05,104000,8000,1984000
ASHOKLEY30JAN2080PE.NFO,07/01/2020,09:44:30,2,1.95,112000,2.05,112000,0,1984000
ASHOKLEY30JAN2080PE.NFO,07/01/2020,09:44:36,2,1.95,48000,2,24000,0,1984000
ASHOKLEY30JAN2080PE.NFO,07/01/2020,09:44:42,2,1.95,64000,2,16000,0,1984000
ASHOKLEY30JAN2080PE.NFO,07/01/2020,09:44:47,2,1.95,72000,2,16000,0,1984000
ASHOKLEY30JAN2080PE.NFO,07/01/2020,09:44:52,2,1.95,88000,2,16000,0,1984000
ASHOKLEY30JAN2080PE.NFO,07/01/2020,09:44:58,2,1.95,96000,2.05,112000,0,1984000
ASHOKLEY30JAN2080PE.NFO,07/01/2020,09:45:03,2,1.95,72000,2,24000,0,1984000
ASHOKLEY30JAN2080PE.NFO,07/01/2020,09:45:09,2,1.95,8000,2,96000,0,1984000
ASHOKLEY30JAN2080PE.NFO,07/01/2020,09:45:22,1.95,1.9,144000,2,96000,8000,1984000
ASHOKLEY30JAN2080PE.NFO,07/01/2020,09:45:27,1.95,1.9,136000,2,96000,0,1984000
ASHOKLEY30JAN2080PE.NFO,07/01/2020,09:45:32,1.95,1.9,160000,2,80000,0,1984000
ASHOKLEY30JAN2080PE.NFO,07/01/2020,09:45:42,1.95,1.95,24000,2,80000,0,1984000
ASHOKLEY30JAN2080PE.NFO,07/01/2020,09:45:51,1.95,1.9,152000,2,88000,0,1984000
ASHOKLEY30JAN2080PE.NFO,07/01/2020,09:46:04,1.9,1.85,56000,1.9,40000,48000,1984000
ASHOKLEY30JAN2080PE.NFO,07/01/2020,09:46:09,1.9,1.85,16000,1.9,64000,0,1984000
ASHOKLEY30JAN2080PE.NFO,07/01/2020,09:46:14,1.85,1.8,152000,1.9,104000,16000,1984000
ASHOKLEY30JAN2080PE.NFO,07/01/2020,09:46:14,1.85,1.8,152000,1.9,104000,0,1984000
ASHOKLEY30JAN2080PE.NFO,07/01/2020,09:46:19,1.85,1.8,120000,1.9,88000,8000,1984000
ASHOKLEY30JAN2080PE.NFO,07/01/2020,09:46:24,1.85,1.8,112000,1.85,16000,8000,1984000
ASHOKLEY30JAN2080PE.NFO,07/01/2020,09:46:29,1.85,1.8,104000,1.85,24000,0,1984000
ASHOKLEY30JAN2080PE.NFO,07/01/2020,09:46:35,1.85,1.8,152000,1.9,96000,24000,1984000
ASHOKLEY30JAN2080PE.NFO,07/01/2020,09:46:40,1.85,1.8,136000,1.9,96000,0,1984000
ASHOKLEY30JAN2080PE.NFO,07/01/2020,09:46:55,1.85,1.8,152000,1.9,96000,0,1984000
ASHOKLEY30JAN2080PE.NFO,07/01/2020,09:46:59,1.85,1.8,144000,1.9,96000,0,1984000
ASHOKLEY30JAN2080PE.NFO,07/01/2020,09:47:02,1.85,1.8,136000,1.9,96000,0,1984000
ASHOKLEY30JAN2080PE.NFO,07/01/2020,09:47:12,1.85,1.8,168000,1.9,96000,0,1984000
ASHOKLEY30JAN2080PE.NFO,07/01/2020,09:47:17,1.85,1.85,16000,1.9,72000,0,1984000
ASHOKLEY30JAN2080PE.NFO,07/01/2020,09:47:21,1.85,1.85,24000,1.9,56000,0,1984000
ASHOKLEY30JAN2080PE.NFO,07/01/2020,09:47:25,1.85,1.85,24000,1.9,48000,0,1984000
ASHOKLEY30JAN2080PE.NFO,07/01/2020,09:47:34,1.9,1.85,24000,1.9,40000,8000,1992000
ASHOKLEY30JAN2080PE.NFO,07/01/2020,09:47:38,1.9,1.8,152000,1.9,48000,0,1992000
ASHOKLEY30JAN2080PE.NFO,07/01/2020,09:47:43,1.9,1.8,160000,1.9,56000,0,1992000
ASHOKLEY30JAN2080PE.NFO,07/01/2020,09:47:48,1.9,1.85,48000,1.9,48000,0,1992000
ASHOKLEY30JAN2080PE.NFO,07/01/2020,09:47:57,1.9,1.85,24000,1.9,64000,0,1992000
ASHOKLEY30JAN2080PE.NFO,07/01/2020,09:48:02,1.9,1.8,136000,1.9,80000,0,1992000
ASHOKLEY30JAN2080PE.NFO,07/01/2020,09:48:06,1.9,1.85,16000,1.9,72000,0,1992000
ASHOKLEY30JAN2080PE.NFO,07/01/2020,09:48:11,1.9,1.8,152000,1.9,56000,0,1992000
ASHOKLEY30JAN2080PE.NFO,07/01/2020,09:48:14,1.9,1.85,16000,1.9,56000,0,1992000
ASHOKLEY30JAN2080PE.NFO,07/01/2020,09:48:18,1.9,1.8,160000,1.9,56000,0,1992000
ASHOKLEY30JAN2080PE.NFO,07/01/2020,09:48:27,1.9,1.85,56000,1.9,40000,8000,1992000
ASHOKLEY30JAN2080PE.NFO,07/01/2020,09:48:30,1.9,1.85,56000,1.9,40000,0,1992000
ASHOKLEY30JAN2080PE.NFO,07/01/2020,09:48:35,1.9,1.85,48000,1.9,40000,0,1992000
ASHOKLEY30JAN2080PE.NFO,07/01/2020,09:48:40,1.9,1.85,72000,1.9,24000,0,1992000
ASHOKLEY30JAN2080PE.NFO,07/01/2020,09:48:48,1.9,1.85,72000,1.95,96000,0,1992000
ASHOKLEY30JAN2080PE.NFO,07/01/2020,09:48:52,1.9,1.85,88000,1.9,32000,0,1992000
ASHOKLEY30JAN2080PE.NFO,07/01/2020,09:49:05,1.9,1.85,72000,1.9,32000,0,1992000
ASHOKLEY30JAN2080PE.NFO,07/01/2020,09:49:13,1.9,1.85,40000,1.9,40000,0,1992000
ASHOKLEY30JAN2080PE.NFO,07/01/2020,09:49:20,1.9,1.85,64000,1.95,104000,0,1992000
ASHOKLEY30JAN2080PE.NFO,07/01/2020,09:49:25,1.9,1.85,64000,1.95,96000,0,1992000
ASHOKLEY30JAN2080PE.NFO,07/01/2020,09:49:37,1.9,1.85,64000,1.95,88000,0,1992000
ASHOKLEY30JAN2080PE.NFO,07/01/2020,09:49:42,1.9,1.85,72000,1.95,88000,0,1992000
ASHOKLEY30JAN2080PE.NFO,07/01/2020,09:49:53,1.9,1.85,80000,1.9,8000,0,1992000
ASHOKLEY30JAN2080PE.NFO,07/01/2020,09:50:10,1.9,1.85,88000,1.9,8000,0,1992000
ASHOKLEY30JAN2080PE.NFO,07/01/2020,09:50:18,1.9,1.9,8000,1.95,56000,8000,2008000
ASHOKLEY30JAN2080PE.NFO,07/01/2020,09:50:22,1.9,1.85,112000,1.95,56000,0,2008000
ASHOKLEY30JAN2080PE.NFO,07/01/2020,09:50:26,1.9,1.9,32000,1.95,56000,0,2008000
ASHOKLEY30JAN2080PE.NFO,07/01/2020,09:50:35,1.9,1.9,32000,1.95,40000,0,2008000
ASHOKLEY30JAN2080PE.NFO,07/01/2020,09:50:45,1.9,1.9,40000,1.95,40000,0,2008000
ASHOKLEY30JAN2080PE.NFO,07/01/2020,09:50:50,1.9,1.9,40000,1.95,56000,0,2008000
ASHOKLEY30JAN2080PE.NFO,07/01/2020,09:50:55,1.9,1.9,24000,1.95,64000,0,2008000
ASHOKLEY30JAN2080PE.NFO,07/01/2020,09:50:59,1.9,1.9,32000,1.95,72000,0,2008000
ASHOKLEY30JAN2080PE.NFO,07/01/2020,09:51:04,1.9,1.9,40000,1.95,88000,0,2008000
ASHOKLEY30JAN2080PE.NFO,07/01/2020,09:51:08,1.9,1.9,40000,1.95,80000,0,2008000
ASHOKLEY30JAN2080PE.NFO,07/01/2020,09:51:12,1.9,1.9,24000,1.95,80000,0,2008000
ASHOKLEY30JAN2080PE.NFO,07/01/2020,09:51:21,1.9,1.9,24000,1.95,72000,0,2008000
ASHOKLEY30JAN2080PE.NFO,07/01/2020,09:51:30,1.9,1.9,32000,1.95,72000,0,2008000
ASHOKLEY30JAN2080PE.NFO,07/01/2020,09:51:50,1.95,1.9,32000,1.95,48000,8000,2008000
ASHOKLEY30JAN2080PE.NFO,07/01/2020,09:52:15,1.95,1.9,56000,1.95,32000,24000,2008000
ASHOKLEY30JAN2080PE.NFO,07/01/2020,09:52:24,1.95,1.9,64000,1.95,24000,0,2008000
ASHOKLEY30JAN2080PE.NFO,07/01/2020,09:52:29,1.95,1.9,96000,1.95,16000,0,2008000
ASHOKLEY30JAN2080PE.NFO,07/01/2020,09:52:52,1.95,1.9,80000,1.95,40000,0,2008000
ASHOKLEY30JAN2080PE.NFO,07/01/2020,09:52:56,1.95,1.9,80000,1.95,48000,0,2008000
ASHOKLEY30JAN2080PE.NFO,07/01/2020,09:53:04,1.95,1.9,88000,1.95,16000,8000,2008000
ASHOKLEY30JAN2080PE.NFO,07/01/2020,09:53:10,1.95,1.9,88000,1.95,24000,8000,2008000
ASHOKLEY30JAN2080PE.NFO,07/01/2020,09:53:15,1.95,1.9,88000,1.95,24000,0,2008000
ASHOKLEY30JAN2080PE.NFO,07/01/2020,09:53:19,1.95,1.9,80000,1.95,24000,0,2008000
ASHOKLEY30JAN2080PE.NFO,07/01/2020,09:53:24,1.95,1.9,88000,1.95,24000,0,2008000
ASHOKLEY30JAN2080PE.NFO,07/01/2020,09:53:37,1.95,1.9,96000,1.95,24000,0,2008000
ASHOKLEY30JAN2080PE.NFO,07/01/2020,09:53:45,1.95,1.9,96000,1.95,16000,0,2008000
ASHOKLEY30JAN2080PE.NFO,07/01/2020,09:53:50,1.95,1.9,96000,1.95,24000,0,2008000
ASHOKLEY30JAN2080PE.NFO,07/01/2020,09:53:55,1.95,1.9,96000,1.95,16000,16000,2032000
ASHOKLEY30JAN2080PE.NFO,07/01/2020,09:53:59,1.95,1.9,96000,1.95,8000,0,2032000
ASHOKLEY30JAN2080PE.NFO,07/01/2020,09:54:05,1.95,1.9,96000,2,120000,0,2032000
ASHOKLEY30JAN2080PE.NFO,07/01/2020,09:54:10,1.95,1.9,112000,2,112000,0,2032000
ASHOKLEY30JAN2080PE.NFO,07/01/2020,09:54:14,1.95,1.95,32000,2,56000,0,2032000
ASHOKLEY30JAN2080PE.NFO,07/01/2020,09:54:24,1.95,1.95,96000,2,16000,0,2032000
ASHOKLEY30JAN2080PE.NFO,07/01/2020,09:54:29,1.95,1.95,88000,2,40000,0,2032000
ASHOKLEY30JAN2080PE.NFO,07/01/2020,09:54:33,1.95,1.95,88000,2,16000,0,2032000
ASHOKLEY30JAN2080PE.NFO,07/01/2020,09:54:38,1.95,1.95,104000,2,16000,0,2032000
ASHOKLEY30JAN2080PE.NFO,07/01/2020,09:54:42,1.95,1.95,112000,2,16000,0,2032000
ASHOKLEY30JAN2080PE.NFO,07/01/2020,09:54:47,2,1.95,112000,2.05,112000,16000,2032000
ASHOKLEY30JAN2080PE.NFO,07/01/2020,09:54:55,2,1.95,112000,2.05,104000,0,2032000
ASHOKLEY30JAN2080PE.NFO,07/01/2020,09:54:59,2,1.95,120000,2,16000,0,2032000
ASHOKLEY30JAN2080PE.NFO,07/01/2020,09:55:03,2,1.95,112000,2,32000,0,2032000
ASHOKLEY30JAN2080PE.NFO,07/01/2020,09:55:09,2,1.95,88000,2,40000,8000,2032000
ASHOKLEY30JAN2080PE.NFO,07/01/2020,09:55:13,2,1.95,88000,2,40000,0,2032000
ASHOKLEY30JAN2080PE.NFO,07/01/2020,09:55:18,2,1.95,128000,2,40000,0,2032000
ASHOKLEY30JAN2080PE.NFO,07/01/2020,09:55:27,2,1.95,136000,2,40000,0,2032000
ASHOKLEY30JAN2080PE.NFO,07/01/2020,09:55:31,2,1.95,112000,2,40000,0,2032000
ASHOKLEY30JAN2080PE.NFO,07/01/2020,09:55:35,2,1.95,88000,2,40000,0,2032000
ASHOKLEY30JAN2080PE.NFO,07/01/2020,09:55:40,2,1.95,72000,2,40000,0,2032000
ASHOKLEY30JAN2080PE.NFO,07/01/2020,09:55:49,2,1.95,112000,2,32000,0,2032000
ASHOKLEY30JAN2080PE.NFO,07/01/2020,09:55:52,2,1.95,120000,2,32000,0,2032000
ASHOKLEY30JAN2080PE.NFO,07/01/2020,09:55:56,2,1.95,80000,2,32000,0,2032000
ASHOKLEY30JAN2080PE.NFO,07/01/2020,09:55:59,2,1.95,96000,2,32000,0,2032000
ASHOKLEY30JAN2080PE.NFO,07/01/2020,09:56:08,2,1.95,120000,2.05,88000,16000,2032000
ASHOKLEY30JAN2080PE.NFO,07/01/2020,09:56:17,2,1.95,120000,2.05,80000,0,2032000
ASHOKLEY30JAN2080PE.NFO,07/01/2020,09:56:27,2,1.95,128000,2.05,80000,0,2032000
ASHOKLEY30JAN2080PE.NFO,07/01/2020,09:56:49,2,2,16000,2.05,80000,8000,2008000
ASHOKLEY30JAN2080PE.NFO,07/01/2020,09:56:53,2,2,16000,2.05,56000,0,2008000
ASHOKLEY30JAN2080PE.NFO,07/01/2020,09:57:03,2.05,2.05,24000,2.1,48000,24000,2008000
ASHOKLEY30JAN2080PE.NFO,07/01/2020,09:57:07,2.05,2.05,24000,2.1,48000,0,2008000
ASHOKLEY30JAN2080PE.NFO,07/01/2020,09:57:24,2.05,2.05,40000,2.1,24000,0,2008000
ASHOKLEY30JAN2080PE.NFO,07/01/2020,09:57:28,2.05,2.05,40000,2.1,40000,0,2008000
ASHOKLEY30JAN2080PE.NFO,07/01/2020,09:57:31,2.05,2.05,32000,2.1,56000,0,2008000
ASHOKLEY30JAN2080PE.NFO,07/01/2020,09:57:41,2.05,2.05,40000,2.1,56000,0,2008000
ASHOKLEY30JAN2080PE.NFO,07/01/2020,09:57:47,2.05,2.05,40000,2.1,64000,0,2008000
ASHOKLEY30JAN2080PE.NFO,07/01/2020,09:57:50,2.05,2.05,40000,2.1,72000,0,2008000
ASHOKLEY30JAN2080PE.NFO,07/01/2020,09:58:30,2.05,2.05,40000,2.1,80000,0,2008000
ASHOKLEY30JAN2080PE.NFO,07/01/2020,09:58:34,2.05,2.05,56000,2.1,32000,0,2008000
ASHOKLEY30JAN2080PE.NFO,07/01/2020,09:58:39,2.1,2.05,120000,2.15,88000,16000,2008000
ASHOKLEY30JAN2080PE.NFO,07/01/2020,09:58:43,2.1,2.1,56000,2.15,24000,0,2008000
ASHOKLEY30JAN2080PE.NFO,07/01/2020,09:58:49,2.1,2.1,72000,2.15,24000,0,2008000
ASHOKLEY30JAN2080PE.NFO,07/01/2020,09:58:54,2.1,2.1,72000,2.15,32000,0,2008000
ASHOKLEY30JAN2080PE.NFO,07/01/2020,09:59:00,2.1,2.1,40000,2.15,64000,8000,2008000
ASHOKLEY30JAN2080PE.NFO,07/01/2020,09:59:04,2.1,2.1,72000,2.15,48000,0,2008000
ASHOKLEY30JAN2080PE.NFO,07/01/2020,09:59:10,2.1,2.1,48000,2.15,64000,0,2008000
ASHOKLEY30JAN2080PE.NFO,07/01/2020,09:59:19,2.1,2.1,48000,2.15,56000,0,2008000
ASHOKLEY30JAN2080PE.NFO,07/01/2020,09:59:23,2.1,2.1,48000,2.15,64000,0,2008000
ASHOKLEY30JAN2080PE.NFO,07/01/2020,09:59:28,2.1,2.1,40000,2.15,64000,0,2008000
ASHOKLEY30JAN2080PE.NFO,07/01/2020,09:59:32,2.1,2.05,104000,2.15,80000,32000,1992000
ASHOKLEY30JAN2080PE.NFO,07/01/2020,09:59:37,2.1,2.05,104000,2.15,80000,0,1992000
ASHOKLEY30JAN2080PE.NFO,07/01/2020,09:59:43,2.1,2.05,104000,2.15,88000,0,1992000
ASHOKLEY30JAN2080PE.NFO,07/01/2020,09:59:47,2.1,2.05,104000,2.15,80000,0,1992000
ASHOKLEY30JAN2080PE.NFO,07/01/2020,09:59:54,2.1,2.05,104000,2.15,88000,0,1992000
ASHOKLEY30JAN2080PE.NFO,07/01/2020,10:00:00,2.1,2.05,104000,2.15,96000,0,1992000
ASHOKLEY30JAN2080PE.NFO,07/01/2020,10:00:04,2.1,2.05,80000,2.1,16000,0,1992000
ASHOKLEY30JAN2080PE.NFO,07/01/2020,10:00:09,2.1,2.05,112000,2.15,80000,0,1992000
ASHOKLEY30JAN2080PE.NFO,07/01/2020,10:00:13,2.15,2.1,16000,2.15,104000,8000,1992000
ASHOKLEY30JAN2080PE.NFO,07/01/2020,10:00:28,2.15,2.1,40000,2.15,64000,0,1992000
ASHOKLEY30JAN2080PE.NFO,07/01/2020,10:00:32,2.15,2.1,40000,2.15,72000,0,1992000
ASHOKLEY30JAN2080PE.NFO,07/01/2020,10:00:36,2.15,2.1,48000,2.15,72000,0,1992000
ASHOKLEY30JAN2080PE.NFO,07/01/2020,10:00:40,2.15,2.1,64000,2.15,24000,0,1992000
ASHOKLEY30JAN2080PE.NFO,07/01/2020,10:00:46,2.15,2.1,72000,2.15,24000,0,1992000
ASHOKLEY30JAN2080PE.NFO,07/01/2020,10:00:58,2.15,2.15,16000,2.2,56000,8000,1992000
ASHOKLEY30JAN2080PE.NFO,07/01/2020,10:01:04,2.15,2.15,16000,2.2,56000,0,1992000
ASHOKLEY30JAN2080PE.NFO,07/01/2020,10:01:10,2.15,2.1,128000,2.2,72000,8000,1992000
ASHOKLEY30JAN2080PE.NFO,07/01/2020,10:01:16,2.15,2.1,112000,2.2,80000,0,1992000
ASHOKLEY30JAN2080PE.NFO,07/01/2020,10:01:22,2.15,2.1,120000,2.2,96000,0,1992000
ASHOKLEY30JAN2080PE.NFO,07/01/2020,10:01:28,2.15,2.1,120000,2.2,80000,0,1992000
ASHOKLEY30JAN2080PE.NFO,07/01/2020,10:01:34,2.15,2.15,16000,2.2,72000,0,1992000
ASHOKLEY30JAN2080PE.NFO,07/01/2020,10:01:40,2.15,2.15,32000,2.2,72000,0,1992000
ASHOKLEY30JAN2080PE.NFO,07/01/2020,10:01:46,2.15,2.15,48000,2.2,72000,0,1992000
ASHOKLEY30JAN2080PE.NFO,07/01/2020,10:01:51,2.15,2.15,40000,2.2,80000,8000,1992000
ASHOKLEY30JAN2080PE.NFO,07/01/2020,10:02:01,2.15,2.15,56000,2.2,80000,0,1992000
ASHOKLEY30JAN2080PE.NFO,07/01/2020,10:02:07,2.2,2.15,64000,2.2,56000,32000,1992000
ASHOKLEY30JAN2080PE.NFO,07/01/2020,10:02:12,2.2,2.15,64000,2.2,56000,0,1992000
ASHOKLEY30JAN2080PE.NFO,07/01/2020,10:02:23,2.15,2.1,96000,2.2,88000,32000,1992000
ASHOKLEY30JAN2080PE.NFO,07/01/2020,10:02:29,2.15,2.1,104000,2.15,8000,0,1992000
ASHOKLEY30JAN2080PE.NFO,07/01/2020,10:02:34,2.15,2.1,104000,2.2,96000,0,1992000
ASHOKLEY30JAN2080PE.NFO,07/01/2020,10:02:39,2.15,2.1,104000,2.2,88000,0,1992000
ASHOKLEY30JAN2080PE.NFO,07/01/2020,10:02:43,2.15,2.1,104000,2.2,96000,0,1992000
ASHOKLEY30JAN2080PE.NFO,07/01/2020,10:02:59,2.15,2.1,104000,2.15,8000,0,1992000
ASHOKLEY30JAN2080PE.NFO,07/01/2020,10:03:04,2.15,2.1,104000,2.15,16000,0,1992000
ASHOKLEY30JAN2080PE.NFO,07/01/2020,10:03:14,2.15,2.1,128000,2.2,72000,8000,1992000
ASHOKLEY30JAN2080PE.NFO,07/01/2020,10:03:19,2.15,2.1,104000,2.15,8000,0,1960000
ASHOKLEY30JAN2080PE.NFO,07/01/2020,10:03:28,2.1,2.1,88000,2.15,8000,8000,1960000
ASHOKLEY30JAN2080PE.NFO,07/01/2020,10:03:33,2.15,2.15,48000,2.2,56000,8000,1960000
ASHOKLEY30JAN2080PE.NFO,07/01/2020,10:03:48,2.2,2.15,128000,2.2,16000,8000,1960000
ASHOKLEY30JAN2080PE.NFO,07/01/2020,10:03:52,2.2,2.2,16000,2.25,96000,16000,1960000
ASHOKLEY30JAN2080PE.NFO,07/01/2020,10:03:57,2.2,2.15,120000,2.2,8000,16000,1960000
ASHOKLEY30JAN2080PE.NFO,07/01/2020,10:04:01,2.2,2.15,120000,2.25,104000,0,1960000
ASHOKLEY30JAN2080PE.NFO,07/01/2020,10:04:06,2.2,2.15,120000,2.25,72000,0,1960000
ASHOKLEY30JAN2080PE.NFO,07/01/2020,10:04:11,2.2,2.15,112000,2.25,64000,16000,1960000
ASHOKLEY30JAN2080PE.NFO,07/01/2020,10:04:15,2.2,2.15,112000,2.25,72000,0,1960000
ASHOKLEY30JAN2080PE.NFO,07/01/2020,10:04:19,2.2,2.15,120000,2.25,80000,0,1960000
ASHOKLEY30JAN2080PE.NFO,07/01/2020,10:04:23,2.2,2.15,112000,2.25,80000,0,1960000
ASHOKLEY30JAN2080PE.NFO,07/01/2020,10:04:28,2.2,2.15,88000,2.2,16000,0,1960000
ASHOKLEY30JAN2080PE.NFO,07/01/2020,10:04:33,2.15,2.15,56000,2.2,16000,8000,1960000
ASHOKLEY30JAN2080PE.NFO,07/01/2020,10:04:42,2.15,2.15,48000,2.2,24000,0,1960000
ASHOKLEY30JAN2080PE.NFO,07/01/2020,10:04:46,2.15,2.15,48000,2.2,32000,0,1960000
ASHOKLEY30JAN2080PE.NFO,07/01/2020,10:04:49,2.15,2.15,56000,2.2,32000,0,1960000
ASHOKLEY30JAN2080PE.NFO,07/01/2020,10:05:02,2.15,2.15,80000,2.2,16000,0,1960000
ASHOKLEY30JAN2080PE.NFO,07/01/2020,10:05:14,2.15,2.15,96000,2.2,16000,0,1960000
ASHOKLEY30JAN2080PE.NFO,07/01/2020,10:05:21,2.15,2.15,96000,2.25,120000,0,1960000
ASHOKLEY30JAN2080PE.NFO,07/01/2020,10:05:24,2.15,2.15,88000,2.2,16000,0,1960000
ASHOKLEY30JAN2080PE.NFO,07/01/2020,10:05:36,2.15,2.2,56000,2.25,16000,0,1960000
ASHOKLEY30JAN2080PE.NFO,07/01/2020,10:05:48,2.2,2.15,104000,2.2,16000,8000,1968000
ASHOKLEY30JAN2080PE.NFO,07/01/2020,10:06:09,2.2,2.15,128000,2.25,40000,16000,1968000
ASHOKLEY30JAN2080PE.NFO,07/01/2020,10:06:13,2.2,2.15,120000,2.25,40000,0,1968000
ASHOKLEY30JAN2080PE.NFO,07/01/2020,10:06:21,2.2,2.2,8000,2.25,40000,0,1968000
ASHOKLEY30JAN2080PE.NFO,07/01/2020,10:06:26,2.2,2.2,40000,2.3,136000,0,1968000
ASHOKLEY30JAN2080PE.NFO,07/01/2020,10:06:31,2.2,2.2,56000,2.25,16000,0,1968000
ASHOKLEY30JAN2080PE.NFO,07/01/2020,10:06:36,2.2,2.2,40000,2.25,16000,0,1968000
ASHOKLEY30JAN2080PE.NFO,07/01/2020,10:06:41,2.2,2.2,64000,2.25,16000,0,1968000
ASHOKLEY30JAN2080PE.NFO,07/01/2020,10:06:47,2.2,2.2,72000,2.3,112000,0,1968000
ASHOKLEY30JAN2080PE.NFO,07/01/2020,10:06:52,2.2,2.2,72000,2.3,120000,0,1968000
ASHOKLEY30JAN2080PE.NFO,07/01/2020,10:06:57,2.2,2.2,72000,2.3,128000,0,1968000
ASHOKLEY30JAN2080PE.NFO,07/01/2020,10:07:02,2.2,2.2,80000,2.3,152000,0,1968000
ASHOKLEY30JAN2080PE.NFO,07/01/2020,10:07:08,2.2,2.2,88000,2.3,128000,0,1968000
ASHOKLEY30JAN2080PE.NFO,07/01/2020,10:07:13,2.25,2.2,96000,2.3,120000,8000,1968000
ASHOKLEY30JAN2080PE.NFO,07/01/2020,10:07:18,2.25,2.25,48000,2.3,40000,0,1968000
ASHOKLEY30JAN2080PE.NFO,07/01/2020,10:07:23,2.25,2.25,56000,2.3,16000,0,1968000
ASHOKLEY30JAN2080PE.NFO,07/01/2020,10:07:33,2.3,2.3,56000,2.35,16000,8000,1968000
ASHOKLEY30JAN2080PE.NFO,07/01/2020,10:07:38,2.3,2.3,72000,2.4,144000,0,1968000
ASHOKLEY30JAN2080PE.NFO,07/01/2020,10:07:43,2.3,2.3,72000,2.4,136000,0,1968000
ASHOKLEY30JAN2080PE.NFO,07/01/2020,10:07:48,2.3,2.3,72000,2.35,16000,0,1968000
ASHOKLEY30JAN2080PE.NFO,07/01/2020,10:07:54,2.3,2.3,40000,2.35,40000,0,1968000
ASHOKLEY30JAN2080PE.NFO,07/01/2020,10:07:59,2.3,2.3,40000,2.35,48000,0,1968000
ASHOKLEY30JAN2080PE.NFO,07/01/2020,10:08:04,2.3,2.3,40000,2.35,48000,16000,1968000
ASHOKLEY30JAN2080PE.NFO,07/01/2020,10:08:08,2.3,2.3,40000,2.35,48000,0,1968000
ASHOKLEY30JAN2080PE.NFO,07/01/2020,10:08:12,2.3,2.3,40000,2.35,40000,24000,1968000
ASHOKLEY30JAN2080PE.NFO,07/01/2020,10:08:12,2.35,2.3,40000,2.35,40000,0,1968000
ASHOKLEY30JAN2080PE.NFO,07/01/2020,10:08:18,2.3,2.3,24000,2.35,40000,0,1968000
ASHOKLEY30JAN2080PE.NFO,07/01/2020,10:08:23,2.3,2.3,24000,2.35,56000,0,1968000
ASHOKLEY30JAN2080PE.NFO,07/01/2020,10:08:27,2.3,2.25,64000,2.35,88000,8000,1976000
ASHOKLEY30JAN2080PE.NFO,07/01/2020,10:08:32,2.3,2.25,40000,2.3,24000,0,1976000
ASHOKLEY30JAN2080PE.NFO,07/01/2020,10:08:37,2.3,2.25,48000,2.3,24000,0,1976000
ASHOKLEY30JAN2080PE.NFO,07/01/2020,10:08:42,2.3,2.25,48000,2.3,32000,0,1976000
ASHOKLEY30JAN2080PE.NFO,07/01/2020,10:08:46,2.3,2.25,56000,2.3,32000,0,1976000
ASHOKLEY30JAN2080PE.NFO,07/01/2020,10:09:03,2.3,2.25,24000,2.3,32000,0,1976000
ASHOKLEY30JAN2080PE.NFO,07/01/2020,10:09:12,2.3,2.25,24000,2.3,24000,0,1976000
ASHOKLEY30JAN2080PE.NFO,07/01/2020,10:09:21,2.3,2.25,24000,2.3,32000,0,1976000
ASHOKLEY30JAN2080PE.NFO,07/01/2020,10:09:31,2.3,2.25,24000,2.3,24000,0,1976000
ASHOKLEY30JAN2080PE.NFO,07/01/2020,10:09:35,2.3,2.25,24000,2.3,32000,0,1976000
ASHOKLEY30JAN2080PE.NFO,07/01/2020,10:09:44,2.3,2.25,24000,2.3,48000,0,1976000
ASHOKLEY30JAN2080PE.NFO,07/01/2020,10:10:02,2.25,2.2,88000,2.3,88000,8000,1976000
ASHOKLEY30JAN2080PE.NFO,07/01/2020,10:10:08,2.25,2.2,88000,2.25,8000,0,1976000
ASHOKLEY30JAN2080PE.NFO,07/01/2020,10:10:13,2.25,2.2,112000,2.3,56000,8000,1976000
ASHOKLEY30JAN2080PE.NFO,07/01/2020,10:10:26,2.25,2.2,96000,2.3,96000,0,1976000
ASHOKLEY30JAN2080PE.NFO,07/01/2020,10:10:34,2.25,2.2,72000,2.25,24000,0,1976000
ASHOKLEY30JAN2080PE.NFO,07/01/2020,10:10:49,2.25,2.2,40000,2.25,40000,0,1976000
ASHOKLEY30JAN2080PE.NFO,07/01/2020,10:10:52,2.2,2.2,24000,2.25,40000,16000,1976000
ASHOKLEY30JAN2080PE.NFO,07/01/2020,10:10:56,2.2,2.2,24000,2.25,40000,0,1976000
ASHOKLEY30JAN2080PE.NFO,07/01/2020,10:10:59,2.2,2.2,16000,2.25,56000,0,1976000
ASHOKLEY30JAN2080PE.NFO,07/01/2020,10:11:10,2.2,2.2,24000,2.25,56000,0,1976000
ASHOKLEY30JAN2080PE.NFO,07/01/2020,10:11:26,2.2,2.2,16000,2.25,56000,0,1976000
ASHOKLEY30JAN2080PE.NFO,07/01/2020,10:11:42,2.2,2.2,8000,2.25,80000,0,1976000
ASHOKLEY30JAN2080PE.NFO,07/01/2020,10:12:11,2.2,2.2,8000,2.25,88000,0,1976000
ASHOKLEY30JAN2080PE.NFO,07/01/2020,10:12:18,2.2,2.15,72000,2.2,16000,0,1976000
ASHOKLEY30JAN2080PE.NFO,07/01/2020,10:12:23,2.2,2.15,40000,2.2,40000,0,1976000
ASHOKLEY30JAN2080PE.NFO,07/01/2020,10:12:27,2.2,2.15,48000,2.2,40000,0,1976000
ASHOKLEY30JAN2080PE.NFO,07/01/2020,10:12:45,2.2,2.15,88000,2.25,88000,0,1976000
ASHOKLEY30JAN2080PE.NFO,07/01/2020,10:12:48,2.2,2.2,8000,2.25,96000,0,1976000
ASHOKLEY30JAN2080PE.NFO,07/01/2020,10:12:52,2.2,2.15,80000,2.2,8000,8000,1984000
ASHOKLEY30JAN2080PE.NFO,07/01/2020,10:12:56,2.2,2.15,80000,2.2,8000,0,1984000
ASHOKLEY30JAN2080PE.NFO,07/01/2020,10:13:00,2.15,2.15,64000,2.2,24000,16000,1984000
ASHOKLEY30JAN2080PE.NFO,07/01/2020,10:13:08,2.15,2.15,64000,2.2,24000,0,1984000
ASHOKLEY30JAN2080PE.NFO,07/01/2020,10:13:12,2.15,2.15,80000,2.2,24000,0,1984000
ASHOKLEY30JAN2080PE.NFO,07/01/2020,10:13:17,2.15,2.15,88000,2.2,24000,0,1984000
ASHOKLEY30JAN2080PE.NFO,07/01/2020,10:13:25,2.15,2.15,104000,2.2,16000,0,1984000
ASHOKLEY30JAN2080PE.NFO,07/01/2020,10:13:32,2.15,2.15,88000,2.2,16000,0,1984000
ASHOKLEY30JAN2080PE.NFO,07/01/2020,10:13:36,2.15,2.15,72000,2.2,24000,0,1984000
ASHOKLEY30JAN2080PE.NFO,07/01/2020,10:13:46,2.15,2.15,56000,2.2,48000,0,1984000
ASHOKLEY30JAN2080PE.NFO,07/01/2020,10:13:52,2.15,2.15,64000,2.2,32000,0,1984000
ASHOKLEY30JAN2080PE.NFO,07/01/2020,10:13:57,2.15,2.15,72000,2.2,32000,0,1984000
ASHOKLEY30JAN2080PE.NFO,07/01/2020,10:14:01,2.15,2.15,72000,2.2,16000,0,1984000
ASHOKLEY30JAN2080PE.NFO,07/01/2020,10:14:11,2.15,2.15,16000,2.2,48000,0,1984000
ASHOKLEY30JAN2080PE.NFO,07/01/2020,10:14:17,2.15,2.1,104000,2.2,48000,16000,1984000
ASHOKLEY30JAN2080PE.NFO,07/01/2020,10:14:22,2.15,2.1,128000,2.2,48000,0,1984000
ASHOKLEY30JAN2080PE.NFO,07/01/2020,10:14:27,2.15,2.1,104000,2.2,64000,0,1984000
ASHOKLEY30JAN2080PE.NFO,07/01/2020,10:14:32,2.15,2.1,88000,2.2,104000,0,1984000
ASHOKLEY30JAN2080PE.NFO,07/01/2020,10:14:42,2.15,2.15,8000,2.2,72000,0,1984000
ASHOKLEY30JAN2080PE.NFO,07/01/2020,10:14:46,2.15,2.15,16000,2.2,72000,0,1984000
ASHOKLEY30JAN2080PE.NFO,07/01/2020,10:14:51,2.15,2.15,16000,2.2,48000,0,1984000
ASHOKLEY30JAN2080PE.NFO,07/01/2020,10:15:06,2.15,2.15,32000,2.2,48000,0,1984000
ASHOKLEY30JAN2080PE.NFO,07/01/2020,10:15:11,2.15,2.15,24000,2.2,48000,0,1984000
ASHOKLEY30JAN2080PE.NFO,07/01/2020,10:15:16,2.15,2.1,120000,2.2,48000,0,1984000
ASHOKLEY30JAN2080PE.NFO,07/01/2020,10:15:21,2.15,2.1,136000,2.2,48000,0,1984000
ASHOKLEY30JAN2080PE.NFO,07/01/2020,10:15:26,2.15,2.1,112000,2.2,64000,0,1984000
ASHOKLEY30JAN2080PE.NFO,07/01/2020,10:15:31,2.15,2.1,128000,2.2,72000,0,1984000
ASHOKLEY30JAN2080PE.NFO,07/01/2020,10:15:41,2.15,2.15,24000,2.2,56000,0,1984000
ASHOKLEY30JAN2080PE.NFO,07/01/2020,10:15:51,2.15,2.15,32000,2.2,40000,8000,1992000
ASHOKLEY30JAN2080PE.NFO,07/01/2020,10:15:57,2.15,2.15,32000,2.2,40000,24000,1992000
ASHOKLEY30JAN2080PE.NFO,07/01/2020,10:16:06,2.15,2.15,24000,2.2,40000,8000,1992000
ASHOKLEY30JAN2080PE.NFO,07/01/2020,10:16:18,2.15,2.15,24000,2.2,40000,0,1992000
ASHOKLEY30JAN2080PE.NFO,07/01/2020,10:16:22,2.15,2.15,56000,2.2,24000,0,1992000
ASHOKLEY30JAN2080PE.NFO,07/01/2020,10:16:31,2.2,2.2,8000,2.25,104000,8000,1992000
ASHOKLEY30JAN2080PE.NFO,07/01/2020,10:16:35,2.2,2.15,56000,2.2,56000,8000,1992000
ASHOKLEY30JAN2080PE.NFO,07/01/2020,10:16:40,2.2,2.15,72000,2.2,24000,0,1992000
ASHOKLEY30JAN2080PE.NFO,07/01/2020,10:16:44,2.2,2.15,72000,2.2,16000,0,1992000
ASHOKLEY30JAN2080PE.NFO,07/01/2020,10:16:48,2.2,2.15,104000,2.25,64000,16000,1992000
ASHOKLEY30JAN2080PE.NFO,07/01/2020,10:16:52,2.2,2.2,32000,2.25,40000,0,1992000
ASHOKLEY30JAN2080PE.NFO,07/01/2020,10:16:57,2.2,2.2,32000,2.25,56000,0,1992000
ASHOKLEY30JAN2080PE.NFO,07/01/2020,10:17:07,2.2,2.2,40000,2.25,56000,0,1992000
ASHOKLEY30JAN2080PE.NFO,07/01/2020,10:17:11,2.2,2.2,40000,2.25,64000,0,1992000
ASHOKLEY30JAN2080PE.NFO,07/01/2020,10:17:20,2.2,2.2,24000,2.25,72000,0,1992000
ASHOKLEY30JAN2080PE.NFO,07/01/2020,10:17:28,2.2,2.2,24000,2.25,80000,0,1992000
ASHOKLEY30JAN2080PE.NFO,07/01/2020,10:17:41,2.2,2.2,24000,2.25,72000,0,1992000
ASHOKLEY30JAN2080PE.NFO,07/01/2020,10:17:56,2.25,2.2,72000,2.25,24000,8000,1984000
ASHOKLEY30JAN2080PE.NFO,07/01/2020,10:18:03,2.25,2.2,72000,2.25,24000,0,1984000
ASHOKLEY30JAN2080PE.NFO,07/01/2020,10:18:11,2.25,2.2,64000,2.25,40000,0,1984000
ASHOKLEY30JAN2080PE.NFO,07/01/2020,10:18:15,2.25,2.2,64000,2.25,32000,0,1984000
ASHOKLEY30JAN2080PE.NFO,07/01/2020,10:18:20,2.25,2.2,72000,2.25,32000,0,1984000
ASHOKLEY30JAN2080PE.NFO,07/01/2020,10:19:06,2.25,2.2,104000,2.25,8000,8000,1984000
ASHOKLEY30JAN2080PE.NFO,07/01/2020,10:19:10,2.25,2.2,96000,2.25,8000,0,1984000
ASHOKLEY30JAN2080PE.NFO,07/01/2020,10:19:46,2.25,2.2,88000,2.25,32000,0,1984000
ASHOKLEY30JAN2080PE.NFO,07/01/2020,10:19:56,2.25,2.2,72000,2.25,32000,0,1984000
ASHOKLEY30JAN2080PE.NFO,07/01/2020,10:20:00,2.25,2.2,72000,2.25,56000,0,1984000
ASHOKLEY30JAN2080PE.NFO,07/01/2020,10:20:05,2.2,2.15,96000,2.25,96000,16000,1984000
ASHOKLEY30JAN2080PE.NFO,07/01/2020,10:20:09,2.2,2.15,96000,2.25,88000,0,1984000
ASHOKLEY30JAN2080PE.NFO,07/01/2020,10:20:14,2.2,2.15,88000,2.25,104000,0,1984000
ASHOKLEY30JAN2080PE.NFO,07/01/2020,10:20:18,2.2,2.15,88000,2.25,88000,0,1984000
ASHOKLEY30JAN2080PE.NFO,07/01/2020,10:20:22,2.2,2.15,88000,2.25,104000,0,1984000
ASHOKLEY30JAN2080PE.NFO,07/01/2020,10:20:26,2.2,2.15,88000,2.25,128000,0,1984000
ASHOKLEY30JAN2080PE.NFO,07/01/2020,10:20:30,2.2,2.15,96000,2.25,112000,0,1984000
ASHOKLEY30JAN2080PE.NFO,07/01/2020,10:20:37,2.2,2.15,88000,2.25,112000,0,1984000
ASHOKLEY30JAN2080PE.NFO,07/01/2020,10:20:54,2.2,2.15,88000,2.25,120000,0,1984000
ASHOKLEY30JAN2080PE.NFO,07/01/2020,10:21:04,2.2,2.15,72000,2.2,32000,0,1984000
ASHOKLEY30JAN2080PE.NFO,07/01/2020,10:21:12,2.2,2.15,88000,2.25,112000,0,1984000
ASHOKLEY30JAN2080PE.NFO,07/01/2020,10:21:16,2.2,2.15,88000,2.25,120000,0,1984000
ASHOKLEY30JAN2080PE.NFO,07/01/2020,10:21:20,2.2,2.15,72000,2.2,48000,0,1984000
ASHOKLEY30JAN2080PE.NFO,07/01/2020,10:21:51,2.2,2.15,80000,2.2,24000,0,1984000
ASHOKLEY30JAN2080PE.NFO,07/01/2020,10:22:00,2.2,2.15,96000,2.25,112000,0,1984000
ASHOKLEY30JAN2080PE.NFO,07/01/2020,10:22:04,2.2,2.15,88000,2.25,112000,0,1984000
ASHOKLEY30JAN2080PE.NFO,07/01/2020,10:22:08,2.2,2.15,88000,2.25,120000,0,1984000
ASHOKLEY30JAN2080PE.NFO,07/01/2020,10:22:13,2.2,2.15,88000,2.25,112000,0,1984000
ASHOKLEY30JAN2080PE.NFO,07/01/2020,10:22:25,2.2,2.15,96000,2.25,112000,0,1984000
ASHOKLEY30JAN2080PE.NFO,07/01/2020,10:22:38,2.2,2.15,104000,2.25,72000,0,1984000
ASHOKLEY30JAN2080PE.NFO,07/01/2020,10:22:43,2.2,2.2,32000,2.25,56000,0,1984000
ASHOKLEY30JAN2080PE.NFO,07/01/2020,10:22:50,2.2,2.2,32000,2.25,64000,0,1984000
ASHOKLEY30JAN2080PE.NFO,07/01/2020,10:22:55,2.2,2.2,32000,2.25,56000,0,1984000
ASHOKLEY30JAN2080PE.NFO,07/01/2020,10:23:00,2.2,2.2,48000,2.25,56000,0,1984000
ASHOKLEY30JAN2080PE.NFO,07/01/2020,10:23:05,2.2,2.2,40000,2.25,56000,0,1984000
ASHOKLEY30JAN2080PE.NFO,07/01/2020,10:23:22,2.2,2.2,40000,2.25,64000,0,1984000
ASHOKLEY30JAN2080PE.NFO,07/01/2020,10:23:28,2.2,2.2,16000,2.25,72000,0,1984000
ASHOKLEY30JAN2080PE.NFO,07/01/2020,10:23:49,2.2,2.2,16000,2.25,64000,0,1984000
ASHOKLEY30JAN2080PE.NFO,07/01/2020,10:23:54,2.2,2.2,32000,2.25,56000,0,1984000
ASHOKLEY30JAN2080PE.NFO,07/01/2020,10:24:14,2.25,2.2,96000,2.3,120000,8000,1984000
ASHOKLEY30JAN2080PE.NFO,07/01/2020,10:24:17,2.25,2.2,88000,2.3,128000,0,1984000
ASHOKLEY30JAN2080PE.NFO,07/01/2020,10:24:22,2.25,2.2,88000,2.3,120000,0,1984000
ASHOKLEY30JAN2080PE.NFO,07/01/2020,10:24:26,2.25,2.2,88000,2.3,96000,0,1984000
ASHOKLEY30JAN2080PE.NFO,07/01/2020,10:24:29,2.25,2.2,88000,2.25,72000,0,1984000
ASHOKLEY30JAN2080PE.NFO,07/01/2020,10:25:19,2.25,2.2,88000,2.25,32000,40000,1984000
ASHOKLEY30JAN2080PE.NFO,07/01/2020,10:25:24,2.25,2.2,88000,2.25,32000,0,1984000
ASHOKLEY30JAN2080PE.NFO,07/01/2020,10:25:33,2.25,2.25,8000,2.3,96000,32000,1984000
ASHOKLEY30JAN2080PE.NFO,07/01/2020,10:25:39,2.25,2.2,96000,2.3,96000,0,1984000
ASHOKLEY30JAN2080PE.NFO,07/01/2020,10:25:44,2.25,2.2,96000,2.3,88000,0,1984000
ASHOKLEY30JAN2080PE.NFO,07/01/2020,10:25:49,2.25,2.2,96000,2.3,96000,0,1984000
ASHOKLEY30JAN2080PE.NFO,07/01/2020,10:25:54,2.25,2.2,88000,2.25,8000,0,1984000
ASHOKLEY30JAN2080PE.NFO,07/01/2020,10:25:58,2.25,2.25,16000,2.3,96000,0,1984000
ASHOKLEY30JAN2080PE.NFO,07/01/2020,10:26:56,2.25,2.2,88000,2.25,8000,24000,1960000
ASHOKLEY30JAN2080PE.NFO,07/01/2020,10:26:59,2.25,2.2,96000,2.25,8000,0,1960000
ASHOKLEY30JAN2080PE.NFO,07/01/2020,10:27:03,2.25,2.2,88000,2.25,8000,0,1960000
ASHOKLEY30JAN2080PE.NFO,07/01/2020,10:28:01,2.25,2.2,88000,2.25,16000,0,1960000
ASHOKLEY30JAN2080PE.NFO,07/01/2020,10:28:04,2.25,2.2,112000,2.25,16000,0,1960000
ASHOKLEY30JAN2080PE.NFO,07/01/2020,10:28:08,2.25,2.25,16000,2.3,104000,8000,1960000
ASHOKLEY30JAN2080PE.NFO,07/01/2020,10:28:28,2.25,2.2,96000,2.25,8000,16000,1960000
ASHOKLEY30JAN2080PE.NFO,07/01/2020,10:28:32,2.25,2.2,96000,2.3,96000,0,1960000
ASHOKLEY30JAN2080PE.NFO,07/01/2020,10:28:36,2.25,2.2,96000,2.3,120000,0,1960000
ASHOKLEY30JAN2080PE.NFO,07/01/2020,10:28:40,2.25,2.2,96000,2.3,112000,0,1960000
ASHOKLEY30JAN2080PE.NFO,07/01/2020,10:28:43,2.25,2.2,96000,2.3,120000,0,1960000
ASHOKLEY30JAN2080PE.NFO,07/01/2020,10:28:50,2.25,2.2,96000,2.25,16000,0,1960000
ASHOKLEY30JAN2080PE.NFO,07/01/2020,10:28:57,2.25,2.2,96000,2.3,120000,0,1960000
ASHOKLEY30JAN2080PE.NFO,07/01/2020,10:28:59,2.25,2.2,96000,2.3,112000,0,1960000
ASHOKLEY30JAN2080PE.NFO,07/01/2020,10:29:05,2.25,2.2,96000,2.25,16000,0,1960000
ASHOKLEY30JAN2080PE.NFO,07/01/2020,10:29:10,2.25,2.2,96000,2.3,112000,0,1960000
ASHOKLEY30JAN2080PE.NFO,07/01/2020,10:29:17,2.25,2.2,96000,2.25,16000,0,1960000
ASHOKLEY30JAN2080PE.NFO,07/01/2020,10:29:20,2.25,2.2,96000,2.3,112000,0,1960000
ASHOKLEY30JAN2080PE.NFO,07/01/2020,10:29:51,2.25,2.2,96000,2.25,16000,0,1960000
ASHOKLEY30JAN2080PE.NFO,07/01/2020,10:29:54,2.25,2.2,96000,2.3,112000,0,1960000
ASHOKLEY30JAN2080PE.NFO,07/01/2020,10:29:56,2.25,2.2,96000,2.3,120000,0,1960000
ASHOKLEY30JAN2080PE.NFO,07/01/2020,10:30:13,2.25,2.2,88000,2.3,112000,0,1960000
ASHOKLEY30JAN2080PE.NFO,07/01/2020,10:30:17,2.25,2.2,96000,2.3,120000,0,1960000
ASHOKLEY30JAN2080PE.NFO,07/01/2020,10:30:26,2.25,2.2,96000,2.25,16000,0,1960000
ASHOKLEY30JAN2080PE.NFO,07/01/2020,10:30:29,2.25,2.2,96000,2.3,120000,0,1960000
ASHOKLEY30JAN2080PE.NFO,07/01/2020,10:30:40,2.25,2.2,96000,2.25,16000,0,1960000
ASHOKLEY30JAN2080PE.NFO,07/01/2020,10:30:51,2.25,2.2,96000,2.3,112000,0,1960000
ASHOKLEY30JAN2080PE.NFO,07/01/2020,10:31:13,2.25,2.2,56000,2.25,8000,0,1960000
ASHOKLEY30JAN2080PE.NFO,07/01/2020,10:31:26,2.25,2.2,72000,2.25,16000,0,1960000
ASHOKLEY30JAN2080PE.NFO,07/01/2020,10:31:34,2.25,2.2,72000,2.3,120000,0,1960000
ASHOKLEY30JAN2080PE.NFO,07/01/2020,10:31:38,2.25,2.2,80000,2.3,120000,0,1960000
ASHOKLEY30JAN2080PE.NFO,07/01/2020,10:31:54,2.25,2.2,96000,2.3,112000,0,1960000
ASHOKLEY30JAN2080PE.NFO,07/01/2020,10:31:57,2.25,2.2,96000,2.3,120000,0,1960000
ASHOKLEY30JAN2080PE.NFO,07/01/2020,10:32:06,2.25,2.2,96000,2.3,112000,0,1960000
ASHOKLEY30JAN2080PE.NFO,07/01/2020,10:32:09,2.25,2.2,96000,2.3,120000,0,1960000
ASHOKLEY30JAN2080PE.NFO,07/01/2020,10:32:18,2.25,2.25,40000,2.3,32000,0,1960000
ASHOKLEY30JAN2080PE.NFO,07/01/2020,10:32:23,2.3,2.25,48000,2.35,96000,24000,1968000
ASHOKLEY30JAN2080PE.NFO,07/01/2020,10:32:28,2.3,2.25,32000,2.3,16000,0,1968000
ASHOKLEY30JAN2080PE.NFO,07/01/2020,10:32:32,2.3,2.2,80000,2.3,80000,0,1968000
ASHOKLEY30JAN2080PE.NFO,07/01/2020,10:32:40,2.3,2.2,80000,2.25,8000,0,1968000
ASHOKLEY30JAN2080PE.NFO,07/01/2020,10:32:43,2.3,2.2,80000,2.25,16000,0,1968000
ASHOKLEY30JAN2080PE.NFO,07/01/2020,10:32:50,2.3,2.2,88000,2.3,96000,0,1968000
ASHOKLEY30JAN2080PE.NFO,07/01/2020,10:32:54,2.3,2.2,88000,2.3,104000,0,1968000
ASHOKLEY30JAN2080PE.NFO,07/01/2020,10:32:58,2.3,2.2,80000,2.25,16000,0,1968000
ASHOKLEY30JAN2080PE.NFO,07/01/2020,10:33:01,2.3,2.2,80000,2.3,96000,0,1968000
ASHOKLEY30JAN2080PE.NFO,07/01/2020,10:33:05,2.3,2.2,80000,2.25,16000,0,1968000
ASHOKLEY30JAN2080PE.NFO,07/01/2020,10:33:07,2.3,2.2,80000,2.3,96000,0,1968000
ASHOKLEY30JAN2080PE.NFO,07/01/2020,10:33:10,2.3,2.2,88000,2.3,104000,0,1968000
ASHOKLEY30JAN2080PE.NFO,07/01/2020,10:33:15,2.3,2.25,8000,2.3,88000,0,1968000
ASHOKLEY30JAN2080PE.NFO,07/01/2020,10:33:18,2.3,2.25,8000,2.3,80000,0,1968000
ASHOKLEY30JAN2080PE.NFO,07/01/2020,10:34:11,2.3,2.25,16000,2.3,40000,0,1968000
ASHOKLEY30JAN2080PE.NFO,07/01/2020,10:34:13,2.3,2.25,16000,2.3,32000,0,1968000
ASHOKLEY30JAN2080PE.NFO,07/01/2020,10:34:22,2.3,2.25,16000,2.3,40000,0,1968000
ASHOKLEY30JAN2080PE.NFO,07/01/2020,10:34:26,2.3,2.25,8000,2.3,80000,0,1968000
ASHOKLEY30JAN2080PE.NFO,07/01/2020,10:34:28,2.3,2.25,8000,2.3,88000,0,1968000
ASHOKLEY30JAN2080PE.NFO,07/01/2020,10:34:31,2.25,2.2,88000,2.25,16000,8000,1992000
ASHOKLEY30JAN2080PE.NFO,07/01/2020,10:34:34,2.25,2.2,88000,2.25,16000,0,1992000
ASHOKLEY30JAN2080PE.NFO,07/01/2020,10:34:37,2.25,2.2,80000,2.25,16000,0,1992000
ASHOKLEY30JAN2080PE.NFO,07/01/2020,10:35:11,2.25,2.2,80000,2.25,24000,0,1992000
ASHOKLEY30JAN2080PE.NFO,07/01/2020,10:35:25,2.25,2.2,80000,2.25,32000,0,1992000
ASHOKLEY30JAN2080PE.NFO,07/01/2020,10:35:36,2.25,2.2,72000,2.25,32000,0,1992000
ASHOKLEY30JAN2080PE.NFO,07/01/2020,10:35:50,2.25,2.2,88000,2.25,24000,0,1992000
ASHOKLEY30JAN2080PE.NFO,07/01/2020,10:36:16,2.25,2.2,80000,2.25,24000,0,1992000
ASHOKLEY30JAN2080PE.NFO,07/01/2020,10:36:35,2.25,2.2,48000,2.25,48000,0,1992000
ASHOKLEY30JAN2080PE.NFO,07/01/2020,10:36:39,2.25,2.2,48000,2.25,40000,0,1992000
ASHOKLEY30JAN2080PE.NFO,07/01/2020,10:36:46,2.25,2.2,40000,2.25,40000,0,1992000
ASHOKLEY30JAN2080PE.NFO,07/01/2020,10:36:56,2.25,2.2,40000,2.25,32000,0,1992000
ASHOKLEY30JAN2080PE.NFO,07/01/2020,10:37:10,2.25,2.2,48000,2.25,32000,0,1992000
ASHOKLEY30JAN2080PE.NFO,07/01/2020,10:37:14,2.25,2.2,40000,2.25,32000,0,1992000
ASHOKLEY30JAN2080PE.NFO,07/01/2020,10:37:21,2.25,2.2,88000,2.25,24000,0,1992000
ASHOKLEY30JAN2080PE.NFO,07/01/2020,10:37:23,2.25,2.2,88000,2.25,16000,0,1992000
ASHOKLEY30JAN2080PE.NFO,07/01/2020,10:37:29,2.25,2.2,80000,2.25,16000,0,1992000
ASHOKLEY30JAN2080PE.NFO,07/01/2020,10:37:34,2.25,2.2,88000,2.25,16000,0,1992000
ASHOKLEY30JAN2080PE.NFO,07/01/2020,10:37:40,2.25,2.2,80000,2.25,16000,0,1992000
ASHOKLEY30JAN2080PE.NFO,07/01/2020,10:39:03,2.25,2.2,72000,2.3,112000,8000,1992000
ASHOKLEY30JAN2080PE.NFO,07/01/2020,10:39:07,2.25,2.2,72000,2.3,88000,0,1992000
ASHOKLEY30JAN2080PE.NFO,07/01/2020,10:39:10,2.25,2.2,72000,2.3,80000,0,1992000
ASHOKLEY30JAN2080PE.NFO,07/01/2020,10:39:21,2.25,2.2,88000,2.3,80000,0,1992000
ASHOKLEY30JAN2080PE.NFO,07/01/2020,10:39:26,2.25,2.25,16000,2.3,56000,0,1992000
ASHOKLEY30JAN2080PE.NFO,07/01/2020,10:39:41,2.25,2.25,32000,2.3,16000,0,1992000
ASHOKLEY30JAN2080PE.NFO,07/01/2020,10:39:46,2.25,2.25,24000,2.3,16000,0,1992000
ASHOKLEY30JAN2080PE.NFO,07/01/2020,10:39:50,2.25,2.25,16000,2.3,56000,0,1992000
ASHOKLEY30JAN2080PE.NFO,07/01/2020,10:40:19,2.25,2.25,16000,2.3,40000,0,1992000
ASHOKLEY30JAN2080PE.NFO,07/01/2020,10:40:22,2.25,2.25,16000,2.3,56000,0,1992000
ASHOKLEY30JAN2080PE.NFO,07/01/2020,10:40:56,2.25,2.25,16000,2.3,64000,0,1992000
ASHOKLEY30JAN2080PE.NFO,07/01/2020,10:41:10,2.25,2.2,88000,2.3,80000,0,1992000
ASHOKLEY30JAN2080PE.NFO,07/01/2020,10:41:21,2.25,2.2,72000,2.25,8000,0,1992000
ASHOKLEY30JAN2080PE.NFO,07/01/2020,10:41:26,2.25,2.2,72000,2.3,80000,0,1992000
ASHOKLEY30JAN2080PE.NFO,07/01/2020,10:41:30,2.25,2.2,80000,2.3,80000,0,1992000
ASHOKLEY30JAN2080PE.NFO,07/01/2020,10:41:49,2.25,2.2,80000,2.3,88000,0,1992000
ASHOKLEY30JAN2080PE.NFO,07/01/2020,10:41:52,2.25,2.2,56000,2.25,24000,0,1992000
ASHOKLEY30JAN2080PE.NFO,07/01/2020,10:41:58,2.25,2.2,56000,2.25,40000,0,1992000
ASHOKLEY30JAN2080PE.NFO,07/01/2020,10:42:07,2.25,2.2,56000,2.25,16000,0,1992000
ASHOKLEY30JAN2080PE.NFO,07/01/2020,10:42:14,2.25,2.2,64000,2.3,120000,0,1992000
ASHOKLEY30JAN2080PE.NFO,07/01/2020,10:42:17,2.25,2.2,64000,2.3,112000,0,1992000
ASHOKLEY30JAN2080PE.NFO,07/01/2020,10:42:19,2.25,2.2,64000,2.25,8000,0,1992000
ASHOKLEY30JAN2080PE.NFO,07/01/2020,10:42:27,2.25,2.2,56000,2.25,56000,0,1992000
ASHOKLEY30JAN2080PE.NFO,07/01/2020,10:42:31,2.25,2.2,56000,2.25,48000,0,1992000
ASHOKLEY30JAN2080PE.NFO,07/01/2020,10:42:51,2.25,2.2,56000,2.25,32000,0,1992000
ASHOKLEY30JAN2080PE.NFO,07/01/2020,10:42:53,2.25,2.2,48000,2.25,56000,0,1992000
ASHOKLEY30JAN2080PE.NFO,07/01/2020,10:43:37,2.25,2.2,48000,2.25,40000,0,1992000
ASHOKLEY30JAN2080PE.NFO,07/01/2020,10:43:44,2.25,2.2,48000,2.25,48000,0,1992000
ASHOKLEY30JAN2080PE.NFO,07/01/2020,10:43:50,2.25,2.2,48000,2.25,56000,0,1992000
ASHOKLEY30JAN2080PE.NFO,07/01/2020,10:43:55,2.25,2.2,48000,2.25,64000,0,1992000
ASHOKLEY30JAN2080PE.NFO,07/01/2020,10:44:05,2.25,2.2,48000,2.25,56000,0,1992000
ASHOKLEY30JAN2080PE.NFO,07/01/2020,10:44:25,2.25,2.2,56000,2.25,8000,0,1992000
ASHOKLEY30JAN2080PE.NFO,07/01/2020,10:44:44,2.25,2.2,56000,2.25,16000,0,1992000
ASHOKLEY30JAN2080PE.NFO,07/01/2020,10:44:46,2.25,2.2,56000,2.25,24000,0,1992000
ASHOKLEY30JAN2080PE.NFO,07/01/2020,10:45:02,2.25,2.2,56000,2.25,40000,0,1992000
ASHOKLEY30JAN2080PE.NFO,07/01/2020,10:45:10,2.25,2.2,80000,2.3,88000,8000,1992000
ASHOKLEY30JAN2080PE.NFO,07/01/2020,10:45:18,2.25,2.2,72000,2.3,112000,0,1992000
ASHOKLEY30JAN2080PE.NFO,07/01/2020,10:45:22,2.25,2.2,104000,2.25,8000,0,1992000
ASHOKLEY30JAN2080PE.NFO,07/01/2020,10:45:32,2.25,2.2,128000,2.3,80000,8000,1992000
ASHOKLEY30JAN2080PE.NFO,07/01/2020,10:45:35,2.25,2.2,128000,2.3,80000,0,1992000
ASHOKLEY30JAN2080PE.NFO,07/01/2020,10:46:28,2.25,2.2,128000,2.3,104000,0,1992000
ASHOKLEY30JAN2080PE.NFO,07/01/2020,10:46:35,2.25,2.2,120000,2.3,104000,0,1992000
ASHOKLEY30JAN2080PE.NFO,07/01/2020,10:46:47,2.25,2.2,112000,2.3,88000,0,1992000
ASHOKLEY30JAN2080PE.NFO,07/01/2020,10:46:53,2.25,2.2,112000,2.3,104000,0,1992000
ASHOKLEY30JAN2080PE.NFO,07/01/2020,10:47:18,2.25,2.2,96000,2.3,112000,0,1992000
ASHOKLEY30JAN2080PE.NFO,07/01/2020,10:47:26,2.25,2.2,96000,2.3,120000,0,1992000
ASHOKLEY30JAN2080PE.NFO,07/01/2020,10:47:36,2.25,2.2,96000,2.3,144000,0,1992000
ASHOKLEY30JAN2080PE.NFO,07/01/2020,10:47:44,2.25,2.2,96000,2.3,152000,0,1992000
ASHOKLEY30JAN2080PE.NFO,07/01/2020,10:48:02,2.25,2.2,96000,2.3,144000,0,1992000
ASHOKLEY30JAN2080PE.NFO,07/01/2020,10:48:38,2.3,2.25,88000,2.3,16000,8000,1992000
ASHOKLEY30JAN2080PE.NFO,07/01/2020,10:48:42,2.3,2.25,80000,2.3,16000,0,1992000
ASHOKLEY30JAN2080PE.NFO,07/01/2020,10:49:00,2.3,2.25,88000,2.3,16000,0,1992000
ASHOKLEY30JAN2080PE.NFO,07/01/2020,10:49:04,2.3,2.25,80000,2.3,16000,0,1992000
ASHOKLEY30JAN2080PE.NFO,07/01/2020,10:49:10,2.3,2.25,88000,2.3,16000,0,1992000
ASHOKLEY30JAN2080PE.NFO,07/01/2020,10:49:12,2.3,2.25,96000,2.3,16000,0,1992000
ASHOKLEY30JAN2080PE.NFO,07/01/2020,10:49:15,2.3,2.25,88000,2.3,16000,0,1992000
ASHOKLEY30JAN2080PE.NFO,07/01/2020,10:49:19,2.3,2.25,88000,2.3,24000,0,1992000
ASHOKLEY30JAN2080PE.NFO,07/01/2020,10:49:35,2.3,2.25,88000,2.3,16000,0,1992000
ASHOKLEY30JAN2080PE.NFO,07/01/2020,10:49:46,2.3,2.25,96000,2.3,16000,0,1992000
ASHOKLEY30JAN2080PE.NFO,07/01/2020,10:49:51,2.3,2.25,96000,2.35,152000,0,1992000
ASHOKLEY30JAN2080PE.NFO,07/01/2020,10:49:55,2.3,2.3,24000,2.35,120000,0,1992000
ASHOKLEY30JAN2080PE.NFO,07/01/2020,10:50:07,2.3,2.3,48000,2.35,48000,0,1992000
ASHOKLEY30JAN2080PE.NFO,07/01/2020,10:50:18,2.3,2.3,32000,2.35,48000,0,1992000
ASHOKLEY30JAN2080PE.NFO,07/01/2020,10:50:23,2.3,2.3,40000,2.35,24000,0,1992000
ASHOKLEY30JAN2080PE.NFO,07/01/2020,10:50:28,2.3,2.3,32000,2.35,24000,0,1992000
ASHOKLEY30JAN2080PE.NFO,07/01/2020,10:50:35,2.3,2.3,40000,2.35,24000,0,1992000
ASHOKLEY30JAN2080PE.NFO,07/01/2020,10:51:23,2.3,2.3,40000,2.35,16000,0,1992000
ASHOKLEY30JAN2080PE.NFO,07/01/2020,10:51:41,2.3,2.3,40000,2.35,24000,0,1992000
ASHOKLEY30JAN2080PE.NFO,07/01/2020,10:52:04,2.3,2.3,32000,2.35,24000,0,1992000
ASHOKLEY30JAN2080PE.NFO,07/01/2020,10:52:09,2.45,2.4,40000,2.45,8000,24000,1984000
ASHOKLEY30JAN2080PE.NFO,07/01/2020,10:52:09,2.45,2.4,40000,2.45,8000,0,1984000
ASHOKLEY30JAN2080PE.NFO,07/01/2020,10:52:14,2.45,2.4,24000,2.45,32000,0,1984000
ASHOKLEY30JAN2080PE.NFO,07/01/2020,10:52:23,2.45,2.4,32000,2.45,72000,0,1984000
ASHOKLEY30JAN2080PE.NFO,07/01/2020,10:52:34,2.4,2.35,80000,2.45,72000,8000,1984000
ASHOKLEY30JAN2080PE.NFO,07/01/2020,10:52:43,2.4,2.35,80000,2.45,72000,0,1984000
ASHOKLEY30JAN2080PE.NFO,07/01/2020,10:52:47,2.4,2.35,80000,2.45,80000,0,1984000
ASHOKLEY30JAN2080PE.NFO,07/01/2020,10:52:51,2.4,2.35,80000,2.45,80000,8000,1984000
ASHOKLEY30JAN2080PE.NFO,07/01/2020,10:52:55,2.4,2.35,64000,2.4,16000,0,1984000
ASHOKLEY30JAN2080PE.NFO,07/01/2020,10:53:06,2.4,2.35,72000,2.45,88000,0,1984000
ASHOKLEY30JAN2080PE.NFO,07/01/2020,10:53:18,2.4,2.35,80000,2.45,80000,8000,1984000
ASHOKLEY30JAN2080PE.NFO,07/01/2020,10:53:23,2.4,2.35,80000,2.45,72000,0,1984000
ASHOKLEY30JAN2080PE.NFO,07/01/2020,10:53:28,2.4,2.35,80000,2.45,24000,0,1984000
ASHOKLEY30JAN2080PE.NFO,07/01/2020,10:53:33,2.4,2.35,80000,2.45,72000,8000,1968000
ASHOKLEY30JAN2080PE.NFO,07/01/2020,10:53:43,2.4,2.35,72000,2.45,56000,0,1968000
ASHOKLEY30JAN2080PE.NFO,07/01/2020,10:53:49,2.4,2.35,72000,2.45,96000,0,1968000
ASHOKLEY30JAN2080PE.NFO,07/01/2020,10:53:55,2.4,2.35,72000,2.45,88000,0,1968000
ASHOKLEY30JAN2080PE.NFO,07/01/2020,10:54:11,2.4,2.35,72000,2.45,96000,0,1968000
ASHOKLEY30JAN2080PE.NFO,07/01/2020,10:54:17,2.4,2.35,64000,2.45,112000,0,1968000
ASHOKLEY30JAN2080PE.NFO,07/01/2020,10:54:28,2.4,2.35,72000,2.45,56000,0,1968000
ASHOKLEY30JAN2080PE.NFO,07/01/2020,10:54:38,2.4,2.4,32000,2.45,48000,0,1968000
ASHOKLEY30JAN2080PE.NFO,07/01/2020,10:54:43,2.4,2.4,40000,2.45,32000,0,1968000
ASHOKLEY30JAN2080PE.NFO,07/01/2020,10:54:48,2.45,2.4,8000,2.45,32000,8000,1968000
ASHOKLEY30JAN2080PE.NFO,07/01/2020,10:54:53,2.45,2.35,80000,2.45,120000,0,1968000
ASHOKLEY30JAN2080PE.NFO,07/01/2020,10:55:12,2.45,2.4,8000,2.45,128000,0,1968000
ASHOKLEY30JAN2080PE.NFO,07/01/2020,10:55:17,2.45,2.4,32000,2.45,48000,0,1968000
ASHOKLEY30JAN2080PE.NFO,07/01/2020,10:55:21,2.45,2.4,32000,2.45,56000,0,1968000
ASHOKLEY30JAN2080PE.NFO,07/01/2020,10:55:25,2.45,2.4,32000,2.45,48000,0,1968000
ASHOKLEY30JAN2080PE.NFO,07/01/2020,10:55:30,2.45,2.4,40000,2.45,48000,0,1968000
ASHOKLEY30JAN2080PE.NFO,07/01/2020,10:55:42,2.45,2.4,32000,2.45,48000,0,1968000
ASHOKLEY30JAN2080PE.NFO,07/01/2020,10:56:04,2.45,2.4,48000,2.45,56000,8000,1968000
ASHOKLEY30JAN2080PE.NFO,07/01/2020,10:56:08,2.45,2.4,48000,2.45,56000,0,1968000
ASHOKLEY30JAN2080PE.NFO,07/01/2020,10:56:14,2.45,2.4,48000,2.45,88000,0,1968000
ASHOKLEY30JAN2080PE.NFO,07/01/2020,10:56:19,2.45,2.4,24000,2.45,96000,0,1968000
ASHOKLEY30JAN2080PE.NFO,07/01/2020,10:56:33,2.45,2.4,56000,2.45,24000,8000,1960000
ASHOKLEY30JAN2080PE.NFO,07/01/2020,10:56:43,2.45,2.4,56000,2.45,40000,0,1960000
ASHOKLEY30JAN2080PE.NFO,07/01/2020,10:56:54,2.45,2.4,72000,2.45,16000,0,1960000
ASHOKLEY30JAN2080PE.NFO,07/01/2020,10:57:03,2.45,2.4,72000,2.45,24000,0,1960000
ASHOKLEY30JAN2080PE.NFO,07/01/2020,10:57:07,2.45,2.4,72000,2.5,144000,0,1960000
ASHOKLEY30JAN2080PE.NFO,07/01/2020,10:57:12,2.45,2.45,24000,2.5,136000,8000,1960000
ASHOKLEY30JAN2080PE.NFO,07/01/2020,10:57:18,2.45,2.4,96000,2.5,152000,0,1960000
ASHOKLEY30JAN2080PE.NFO,07/01/2020,10:57:25,2.45,2.45,16000,2.5,136000,0,1960000
ASHOKLEY30JAN2080PE.NFO,07/01/2020,10:57:32,2.45,2.45,40000,2.5,144000,0,1960000
ASHOKLEY30JAN2080PE.NFO,07/01/2020,10:57:37,2.45,2.45,40000,2.5,136000,0,1960000
ASHOKLEY30JAN2080PE.NFO,07/01/2020,10:57:42,2.45,2.45,64000,2.5,80000,0,1960000
ASHOKLEY30JAN2080PE.NFO,07/01/2020,10:57:48,2.45,2.45,64000,2.5,104000,0,1960000
ASHOKLEY30JAN2080PE.NFO,07/01/2020,10:58:01,2.45,2.45,64000,2.5,96000,0,1960000
ASHOKLEY30JAN2080PE.NFO,07/01/2020,10:58:05,2.45,2.45,64000,2.5,112000,0,1960000
ASHOKLEY30JAN2080PE.NFO,07/01/2020,10:58:30,2.45,2.45,64000,2.5,96000,0,1960000
ASHOKLEY30JAN2080PE.NFO,07/01/2020,10:58:56,2.45,2.45,40000,2.5,128000,8000,1960000
ASHOKLEY30JAN2080PE.NFO,07/01/2020,10:59:00,2.45,2.45,40000,2.5,144000,0,1960000
ASHOKLEY30JAN2080PE.NFO,07/01/2020,10:59:06,2.45,2.45,40000,2.5,128000,0,1960000
ASHOKLEY30JAN2080PE.NFO,07/01/2020,10:59:12,2.45,2.45,24000,2.5,128000,0,1960000
ASHOKLEY30JAN2080PE.NFO,07/01/2020,10:59:18,2.5,2.45,48000,2.5,96000,8000,1960000
ASHOKLEY30JAN2080PE.NFO,07/01/2020,10:59:18,2.5,2.45,48000,2.5,96000,0,1960000
ASHOKLEY30JAN2080PE.NFO,07/01/2020,10:59:39,2.5,2.45,56000,2.5,88000,8000,1944000
ASHOKLEY30JAN2080PE.NFO,07/01/2020,11:00:00,2.5,2.4,72000,2.5,152000,0,1944000
ASHOKLEY30JAN2080PE.NFO,07/01/2020,11:00:12,2.5,2.45,24000,2.5,80000,0,1944000
ASHOKLEY30JAN2080PE.NFO,07/01/2020,11:00:19,2.5,2.45,32000,2.5,64000,0,1944000
ASHOKLEY30JAN2080PE.NFO,07/01/2020,11:00:32,2.5,2.45,16000,2.5,88000,0,1944000
ASHOKLEY30JAN2080PE.NFO,07/01/2020,11:00:44,2.5,2.45,16000,2.5,80000,0,1944000
ASHOKLEY30JAN2080PE.NFO,07/01/2020,11:00:51,2.5,2.45,48000,2.5,16000,8000,1944000
ASHOKLEY30JAN2080PE.NFO,07/01/2020,11:01:05,2.5,2.5,48000,2.6,168000,16000,1944000
ASHOKLEY30JAN2080PE.NFO,07/01/2020,11:01:13,2.5,2.5,48000,2.55,16000,8000,1944000
ASHOKLEY30JAN2080PE.NFO,07/01/2020,11:01:20,2.5,2.5,80000,2.6,152000,0,1944000
ASHOKLEY30JAN2080PE.NFO,07/01/2020,11:01:26,2.5,2.5,56000,2.55,16000,0,1944000
ASHOKLEY30JAN2080PE.NFO,07/01/2020,11:01:33,2.5,2.5,64000,2.6,152000,8000,1944000
ASHOKLEY30JAN2080PE.NFO,07/01/2020,11:01:40,2.55,2.5,88000,2.6,160000,8000,1944000
ASHOKLEY30JAN2080PE.NFO,07/01/2020,11:01:40,2.55,2.5,88000,2.6,160000,0,1944000
ASHOKLEY30JAN2080PE.NFO,07/01/2020,11:01:47,2.5,2.45,80000,2.55,64000,8000,1944000
ASHOKLEY30JAN2080PE.NFO,07/01/2020,11:01:54,2.5,2.45,64000,2.5,8000,0,1944000
ASHOKLEY30JAN2080PE.NFO,07/01/2020,11:02:01,2.5,2.45,48000,2.5,32000,0,1944000
ASHOKLEY30JAN2080PE.NFO,07/01/2020,11:02:08,2.45,2.4,64000,2.5,64000,16000,1944000
ASHOKLEY30JAN2080PE.NFO,07/01/2020,11:02:14,2.5,2.4,64000,2.5,72000,16000,1944000
ASHOKLEY30JAN2080PE.NFO,07/01/2020,11:02:21,2.5,2.4,64000,2.5,112000,0,1944000
ASHOKLEY30JAN2080PE.NFO,07/01/2020,11:02:33,2.45,2.4,72000,2.5,96000,8000,1944000
ASHOKLEY30JAN2080PE.NFO,07/01/2020,11:02:39,2.45,2.4,72000,2.5,96000,0,1944000
ASHOKLEY30JAN2080PE.NFO,07/01/2020,11:02:45,2.45,2.4,72000,2.5,112000,0,1944000
ASHOKLEY30JAN2080PE.NFO,07/01/2020,11:02:50,2.45,2.4,72000,2.5,96000,0,1944000
ASHOKLEY30JAN2080PE.NFO,07/01/2020,11:02:56,2.45,2.4,88000,2.5,88000,0,1944000
ASHOKLEY30JAN2080PE.NFO,07/01/2020,11:03:02,2.45,2.4,64000,2.5,96000,0,1944000
ASHOKLEY30JAN2080PE.NFO,07/01/2020,11:03:08,2.45,2.4,88000,2.5,88000,0,1944000
ASHOKLEY30JAN2080PE.NFO,07/01/2020,11:03:15,2.45,2.45,16000,2.5,72000,0,1944000
ASHOKLEY30JAN2080PE.NFO,07/01/2020,11:03:30,2.45,2.45,40000,2.5,56000,0,1944000
ASHOKLEY30JAN2080PE.NFO,07/01/2020,11:03:35,2.45,2.45,64000,2.5,8000,0,1944000
ASHOKLEY30JAN2080PE.NFO,07/01/2020,11:03:41,2.5,2.5,16000,2.55,24000,8000,1952000
ASHOKLEY30JAN2080PE.NFO,07/01/2020,11:03:48,2.5,2.5,24000,2.55,56000,0,1952000
ASHOKLEY30JAN2080PE.NFO,07/01/2020,11:03:54,2.5,2.5,80000,2.6,152000,0,1952000
ASHOKLEY30JAN2080PE.NFO,07/01/2020,11:04:00,2.5,2.5,56000,2.6,160000,0,1952000
ASHOKLEY30JAN2080PE.NFO,07/01/2020,11:04:06,2.5,2.5,80000,2.6,152000,0,1952000
ASHOKLEY30JAN2080PE.NFO,07/01/2020,11:04:11,2.6,2.55,16000,2.6,48000,16000,1952000
ASHOKLEY30JAN2080PE.NFO,07/01/2020,11:04:11,2.6,2.55,16000,2.6,48000,0,1952000
ASHOKLEY30JAN2080PE.NFO,07/01/2020,11:04:17,2.6,2.55,56000,2.6,56000,0,1952000
ASHOKLEY30JAN2080PE.NFO,07/01/2020,11:04:23,2.6,2.55,16000,2.6,56000,0,1952000
ASHOKLEY30JAN2080PE.NFO,07/01/2020,11:04:29,2.6,2.55,72000,2.6,40000,32000,1952000
ASHOKLEY30JAN2080PE.NFO,07/01/2020,11:04:35,2.6,2.55,80000,2.6,8000,0,1952000
ASHOKLEY30JAN2080PE.NFO,07/01/2020,11:04:52,2.6,2.55,40000,2.6,32000,0,1952000
ASHOKLEY30JAN2080PE.NFO,07/01/2020,11:04:58,2.55,2.5,80000,2.6,96000,16000,1952000
ASHOKLEY30JAN2080PE.NFO,07/01/2020,11:05:04,2.55,2.55,16000,2.6,88000,0,1952000
ASHOKLEY30JAN2080PE.NFO,07/01/2020,11:05:09,2.55,2.55,16000,2.6,96000,0,1952000
ASHOKLEY30JAN2080PE.NFO,07/01/2020,11:05:15,2.55,2.55,32000,2.6,48000,0,1952000
ASHOKLEY30JAN2080PE.NFO,07/01/2020,11:05:31,2.55,2.55,32000,2.6,32000,8000,1952000
ASHOKLEY30JAN2080PE.NFO,07/01/2020,11:05:36,2.55,2.55,16000,2.6,64000,0,1952000
ASHOKLEY30JAN2080PE.NFO,07/01/2020,11:05:47,2.55,2.55,8000,2.6,64000,0,1952000
ASHOKLEY30JAN2080PE.NFO,07/01/2020,11:05:53,2.55,2.5,88000,2.6,80000,0,1952000
ASHOKLEY30JAN2080PE.NFO,07/01/2020,11:05:59,2.55,2.5,48000,2.55,40000,0,1952000
ASHOKLEY30JAN2080PE.NFO,07/01/2020,11:06:04,2.55,2.5,16000,2.55,40000,0,1952000
ASHOKLEY30JAN2080PE.NFO,07/01/2020,11:06:11,2.55,2.5,16000,2.55,64000,8000,1928000
ASHOKLEY30JAN2080PE.NFO,07/01/2020,11:06:18,2.55,2.5,56000,2.55,48000,0,1928000
ASHOKLEY30JAN2080PE.NFO,07/01/2020,11:06:24,2.55,2.5,112000,2.6,64000,0,1928000
ASHOKLEY30JAN2080PE.NFO,07/01/2020,11:06:30,2.55,2.5,112000,2.6,48000,0,1928000
ASHOKLEY30JAN2080PE.NFO,07/01/2020,11:06:35,2.55,2.5,88000,2.55,16000,0,1928000
ASHOKLEY30JAN2080PE.NFO,07/01/2020,11:06:39,2.55,2.5,112000,2.6,64000,0,1928000
ASHOKLEY30JAN2080PE.NFO,07/01/2020,11:06:44,2.55,2.5,104000,2.6,80000,0,1928000
ASHOKLEY30JAN2080PE.NFO,07/01/2020,11:06:50,2.55,2.5,88000,2.55,24000,0,1928000
ASHOKLEY30JAN2080PE.NFO,07/01/2020,11:06:55,2.55,2.5,32000,2.55,32000,0,1928000
ASHOKLEY30JAN2080PE.NFO,07/01/2020,11:07:06,2.55,2.5,56000,2.55,16000,0,1928000
ASHOKLEY30JAN2080PE.NFO,07/01/2020,11:07:26,2.55,2.5,40000,2.55,16000,0,1928000
ASHOKLEY30JAN2080PE.NFO,07/01/2020,11:07:35,2.55,2.5,64000,2.55,16000,0,1928000
ASHOKLEY30JAN2080PE.NFO,07/01/2020,11:07:54,2.55,2.55,16000,2.6,48000,0,1928000
ASHOKLEY30JAN2080PE.NFO,07/01/2020,11:08:03,2.55,2.5,120000,2.6,56000,8000,1928000
ASHOKLEY30JAN2080PE.NFO,07/01/2020,11:08:07,2.55,2.5,112000,2.6,56000,0,1928000
ASHOKLEY30JAN2080PE.NFO,07/01/2020,11:08:27,2.55,2.5,112000,2.6,64000,0,1928000
ASHOKLEY30JAN2080PE.NFO,07/01/2020,11:08:32,2.55,2.5,104000,2.6,64000,0,1928000
ASHOKLEY30JAN2080PE.NFO,07/01/2020,11:08:43,2.55,2.5,112000,2.6,80000,0,1928000
ASHOKLEY30JAN2080PE.NFO,07/01/2020,11:09:01,2.55,2.5,120000,2.6,80000,0,1928000
ASHOKLEY30JAN2080PE.NFO,07/01/2020,11:09:06,2.55,2.5,112000,2.6,80000,0,1928000
ASHOKLEY30JAN2080PE.NFO,07/01/2020,11:09:15,2.55,2.5,120000,2.6,80000,0,1928000
ASHOKLEY30JAN2080PE.NFO,07/01/2020,11:09:19,2.55,2.5,112000,2.6,80000,0,1928000
ASHOKLEY30JAN2080PE.NFO,07/01/2020,11:09:24,2.55,2.5,120000,2.6,56000,0,1928000
ASHOKLEY30JAN2080PE.NFO,07/01/2020,11:09:29,2.55,2.55,56000,2.6,40000,0,1928000
ASHOKLEY30JAN2080PE.NFO,07/01/2020,11:09:33,2.55,2.55,64000,2.6,40000,0,1928000
ASHOKLEY30JAN2080PE.NFO,07/01/2020,11:09:37,2.55,2.55,64000,2.6,16000,0,1928000
ASHOKLEY30JAN2080PE.NFO,07/01/2020,11:09:41,2.6,2.55,112000,2.65,112000,8000,1928000
ASHOKLEY30JAN2080PE.NFO,07/01/2020,11:09:53,2.6,2.55,104000,2.65,120000,0,1928000
ASHOKLEY30JAN2080PE.NFO,07/01/2020,11:09:56,2.6,2.55,104000,2.65,128000,0,1928000
ASHOKLEY30JAN2080PE.NFO,07/01/2020,11:10:00,2.6,2.55,80000,2.65,128000,0,1928000
ASHOKLEY30JAN2080PE.NFO,07/01/2020,11:10:04,2.6,2.55,104000,2.65,120000,0,1928000
ASHOKLEY30JAN2080PE.NFO,07/01/2020,11:10:08,2.6,2.55,104000,2.65,104000,0,1928000
ASHOKLEY30JAN2080PE.NFO,07/01/2020,11:10:13,2.6,2.6,8000,2.65,88000,0,1928000
ASHOKLEY30JAN2080PE.NFO,07/01/2020,11:10:18,2.6,2.55,96000,2.65,64000,0,1928000
ASHOKLEY30JAN2080PE.NFO,07/01/2020,11:10:22,2.6,2.55,72000,2.6,24000,0,1928000
ASHOKLEY30JAN2080PE.NFO,07/01/2020,11:10:30,2.6,2.55,72000,2.65,88000,0,1928000
ASHOKLEY30JAN2080PE.NFO,07/01/2020,11:10:33,2.6,2.55,96000,2.65,88000,0,1928000
ASHOKLEY30JAN2080PE.NFO,07/01/2020,11:11:03,2.6,2.55,88000,2.65,88000,0,1928000
ASHOKLEY30JAN2080PE.NFO,07/01/2020,11:11:10,2.6,2.55,96000,2.65,88000,0,1928000
ASHOKLEY30JAN2080PE.NFO,07/01/2020,11:11:17,2.6,2.6,16000,2.65,64000,0,1928000
ASHOKLEY30JAN2080PE.NFO,07/01/2020,11:11:31,2.6,2.6,96000,2.7,112000,0,1928000
ASHOKLEY30JAN2080PE.NFO,07/01/2020,11:11:37,2.6,2.6,104000,2.7,112000,0,1928000
ASHOKLEY30JAN2080PE.NFO,07/01/2020,11:11:49,2.6,2.6,88000,2.65,16000,0,1928000
ASHOKLEY30JAN2080PE.NFO,07/01/2020,11:11:54,2.6,2.6,96000,2.7,112000,0,1928000
ASHOKLEY30JAN2080PE.NFO,07/01/2020,11:12:09,2.6,2.65,16000,2.7,64000,0,1928000
ASHOKLEY30JAN2080PE.NFO,07/01/2020,11:12:16,2.7,2.6,112000,2.7,80000,8000,1936000
ASHOKLEY30JAN2080PE.NFO,07/01/2020,11:12:16,2.7,2.6,112000,2.7,80000,0,1936000
ASHOKLEY30JAN2080PE.NFO,07/01/2020,11:12:22,2.7,2.6,112000,2.7,80000,0,1936000
ASHOKLEY30JAN2080PE.NFO,07/01/2020,11:12:36,2.7,2.6,96000,2.65,8000,0,1936000
ASHOKLEY30JAN2080PE.NFO,07/01/2020,11:12:42,2.7,2.6,96000,2.65,16000,0,1936000
ASHOKLEY30JAN2080PE.NFO,07/01/2020,11:12:52,2.7,2.6,96000,2.7,96000,0,1936000
ASHOKLEY30JAN2080PE.NFO,07/01/2020,11:13:12,2.7,2.6,104000,2.7,96000,0,1936000
ASHOKLEY30JAN2080PE.NFO,07/01/2020,11:13:18,2.7,2.65,24000,2.7,16000,0,1936000
ASHOKLEY30JAN2080PE.NFO,07/01/2020,11:13:24,2.7,2.65,24000,2.75,56000,0,1936000
ASHOKLEY30JAN2080PE.NFO,07/01/2020,11:13:30,2.7,2.65,32000,2.75,56000,0,1936000
ASHOKLEY30JAN2080PE.NFO,07/01/2020,11:13:36,2.7,2.65,64000,2.75,48000,0,1936000
ASHOKLEY30JAN2080PE.NFO,07/01/2020,11:13:42,2.7,2.65,72000,2.7,8000,0,1936000
ASHOKLEY30JAN2080PE.NFO,07/01/2020,11:13:48,2.7,2.65,24000,2.7,24000,0,1936000
ASHOKLEY30JAN2080PE.NFO,07/01/2020,11:14:00,2.7,2.65,24000,2.7,16000,0,1936000
ASHOKLEY30JAN2080PE.NFO,07/01/2020,11:14:05,2.7,2.65,16000,2.7,16000,0,1936000
ASHOKLEY30JAN2080PE.NFO,07/01/2020,11:14:17,2.7,2.6,96000,2.7,24000,0,1936000
ASHOKLEY30JAN2080PE.NFO,07/01/2020,11:14:23,2.7,2.65,56000,2.7,24000,0,1936000
ASHOKLEY30JAN2080PE.NFO,07/01/2020,11:14:28,2.7,2.65,16000,2.7,24000,0,1936000
ASHOKLEY30JAN2080PE.NFO,07/01/2020,11:14:33,2.7,2.6,96000,2.7,24000,0,1936000
ASHOKLEY30JAN2080PE.NFO,07/01/2020,11:14:38,2.7,2.6,104000,2.7,24000,0,1936000
ASHOKLEY30JAN2080PE.NFO,07/01/2020,11:14:52,2.7,2.65,8000,2.7,24000,0,1936000
ASHOKLEY30JAN2080PE.NFO,07/01/2020,11:14:57,2.7,2.65,40000,2.7,8000,0,1936000
ASHOKLEY30JAN2080PE.NFO,07/01/2020,11:15:04,2.7,2.65,48000,2.7,8000,0,1936000
ASHOKLEY30JAN2080PE.NFO,07/01/2020,11:15:21,2.7,2.65,64000,2.7,8000,0,1936000
ASHOKLEY30JAN2080PE.NFO,07/01/2020,11:15:31,2.7,2.65,88000,2.7,24000,48000,1928000
ASHOKLEY30JAN2080PE.NFO,07/01/2020,11:15:36,2.7,2.65,96000,2.7,24000,0,1928000
ASHOKLEY30JAN2080PE.NFO,07/01/2020,11:15:49,2.65,2.65,24000,2.7,16000,32000,1928000
ASHOKLEY30JAN2080PE.NFO,07/01/2020,11:15:55,2.65,2.65,24000,2.7,32000,0,1928000
ASHOKLEY30JAN2080PE.NFO,07/01/2020,11:16:00,2.65,2.65,24000,2.7,40000,0,1928000
ASHOKLEY30JAN2080PE.NFO,07/01/2020,11:16:12,2.65,2.65,24000,2.7,32000,0,1928000
ASHOKLEY30JAN2080PE.NFO,07/01/2020,11:16:25,2.65,2.65,8000,2.7,48000,8000,1928000
ASHOKLEY30JAN2080PE.NFO,07/01/2020,11:16:31,2.65,2.6,64000,2.65,8000,0,1928000
ASHOKLEY30JAN2080PE.NFO,07/01/2020,11:16:36,2.65,2.6,64000,2.7,88000,0,1928000
ASHOKLEY30JAN2080PE.NFO,07/01/2020,11:16:40,2.65,2.6,64000,2.7,96000,0,1928000
ASHOKLEY30JAN2080PE.NFO,07/01/2020,11:16:50,2.65,2.6,64000,2.7,40000,0,1928000
ASHOKLEY30JAN2080PE.NFO,07/01/2020,11:16:57,2.65,2.65,24000,2.7,24000,0,1928000
ASHOKLEY30JAN2080PE.NFO,07/01/2020,11:17:03,2.65,2.6,64000,2.7,40000,0,1928000
ASHOKLEY30JAN2080PE.NFO,07/01/2020,11:17:07,2.65,2.6,64000,2.7,72000,0,1928000
ASHOKLEY30JAN2080PE.NFO,07/01/2020,11:17:12,2.65,2.6,64000,2.65,8000,0,1928000
ASHOKLEY30JAN2080PE.NFO,07/01/2020,11:17:16,2.65,2.6,64000,2.7,88000,0,1928000
ASHOKLEY30JAN2080PE.NFO,07/01/2020,11:17:21,2.65,2.6,64000,2.65,8000,0,1928000
ASHOKLEY30JAN2080PE.NFO,07/01/2020,11:17:37,2.65,2.6,32000,2.65,8000,0,1928000
ASHOKLEY30JAN2080PE.NFO,07/01/2020,11:17:43,2.65,2.6,32000,2.65,16000,0,1928000
ASHOKLEY30JAN2080PE.NFO,07/01/2020,11:17:48,2.65,2.6,32000,2.65,8000,0,1928000
ASHOKLEY30JAN2080PE.NFO,07/01/2020,11:18:13,2.65,2.6,32000,2.65,16000,0,1928000
ASHOKLEY30JAN2080PE.NFO,07/01/2020,11:18:35,2.65,2.6,32000,2.65,8000,0,1928000
ASHOKLEY30JAN2080PE.NFO,07/01/2020,11:18:42,2.65,2.55,56000,2.65,16000,0,1928000
ASHOKLEY30JAN2080PE.NFO,07/01/2020,11:18:48,2.65,2.55,56000,2.65,32000,0,1928000
ASHOKLEY30JAN2080PE.NFO,07/01/2020,11:18:53,2.65,2.55,56000,2.65,40000,0,1928000
ASHOKLEY30JAN2080PE.NFO,07/01/2020,11:18:59,2.65,2.55,56000,2.65,32000,0,1928000
ASHOKLEY30JAN2080PE.NFO,07/01/2020,11:19:05,2.65,2.55,56000,2.65,72000,0,1928000
ASHOKLEY30JAN2080PE.NFO,07/01/2020,11:19:11,2.65,2.55,56000,2.6,8000,0,1928000
ASHOKLEY30JAN2080PE.NFO,07/01/2020,11:19:16,2.65,2.55,56000,2.65,32000,0,1928000
ASHOKLEY30JAN2080PE.NFO,07/01/2020,11:19:25,2.65,2.55,56000,2.65,16000,0,1928000
ASHOKLEY30JAN2080PE.NFO,07/01/2020,11:19:40,2.65,2.55,56000,2.65,32000,0,1928000
ASHOKLEY30JAN2080PE.NFO,07/01/2020,11:19:46,2.65,2.55,56000,2.6,8000,0,1928000
ASHOKLEY30JAN2080PE.NFO,07/01/2020,11:19:57,2.65,2.55,56000,2.65,88000,0,1928000
ASHOKLEY30JAN2080PE.NFO,07/01/2020,11:20:06,2.65,2.55,56000,2.6,8000,0,1928000
ASHOKLEY30JAN2080PE.NFO,07/01/2020,11:20:21,2.65,2.55,56000,2.6,16000,0,1928000
ASHOKLEY30JAN2080PE.NFO,07/01/2020,11:20:31,2.5,2.5,40000,2.6,80000,24000,1944000
ASHOKLEY30JAN2080PE.NFO,07/01/2020,11:20:35,2.5,2.5,40000,2.55,8000,0,1944000
ASHOKLEY30JAN2080PE.NFO,07/01/2020,11:20:40,2.5,2.5,40000,2.6,80000,0,1944000
ASHOKLEY30JAN2080PE.NFO,07/01/2020,11:20:46,2.5,2.5,40000,2.55,16000,0,1944000
ASHOKLEY30JAN2080PE.NFO,07/01/2020,11:21:03,2.5,2.45,48000,2.55,40000,8000,1960000
ASHOKLEY30JAN2080PE.NFO,07/01/2020,11:21:12,2.5,2.45,48000,2.55,80000,0,1960000
ASHOKLEY30JAN2080PE.NFO,07/01/2020,11:21:17,2.5,2.45,32000,2.5,8000,0,1960000
ASHOKLEY30JAN2080PE.NFO,07/01/2020,11:21:21,2.5,2.45,32000,2.55,80000,0,1960000
ASHOKLEY30JAN2080PE.NFO,07/01/2020,11:21:25,2.5,2.45,32000,2.55,88000,0,1960000
ASHOKLEY30JAN2080PE.NFO,07/01/2020,11:21:30,2.5,2.45,32000,2.55,56000,8000,1960000
ASHOKLEY30JAN2080PE.NFO,07/01/2020,11:21:35,2.5,2.45,32000,2.55,56000,0,1960000
ASHOKLEY30JAN2080PE.NFO,07/01/2020,11:21:41,2.5,2.45,32000,2.55,80000,0,1960000
ASHOKLEY30JAN2080PE.NFO,07/01/2020,11:21:50,2.5,2.45,32000,2.55,88000,0,1960000
ASHOKLEY30JAN2080PE.NFO,07/01/2020,11:21:54,2.5,2.45,32000,2.55,80000,0,1960000
ASHOKLEY30JAN2080PE.NFO,07/01/2020,11:21:58,2.5,2.45,32000,2.55,88000,0,1960000
ASHOKLEY30JAN2080PE.NFO,07/01/2020,11:22:26,2.5,2.45,32000,2.5,16000,0,1960000
ASHOKLEY30JAN2080PE.NFO,07/01/2020,11:22:31,2.5,2.45,32000,2.55,88000,0,1960000
ASHOKLEY30JAN2080PE.NFO,07/01/2020,11:22:55,2.5,2.45,24000,2.55,88000,0,1960000
ASHOKLEY30JAN2080PE.NFO,07/01/2020,11:22:59,2.5,2.45,24000,2.5,8000,0,1960000
ASHOKLEY30JAN2080PE.NFO,07/01/2020,11:23:04,2.5,2.4,88000,2.5,80000,0,1960000
ASHOKLEY30JAN2080PE.NFO,07/01/2020,11:23:14,2.5,2.4,96000,2.5,64000,0,1960000
ASHOKLEY30JAN2080PE.NFO,07/01/2020,11:23:19,2.5,2.4,88000,2.5,88000,0,1960000
ASHOKLEY30JAN2080PE.NFO,07/01/2020,11:23:49,2.5,2.4,96000,2.5,88000,0,1960000
ASHOKLEY30JAN2080PE.NFO,07/01/2020,11:23:59,2.5,2.4,88000,2.5,88000,0,1960000
ASHOKLEY30JAN2080PE.NFO,07/01/2020,11:24:05,2.5,2.4,24000,2.45,24000,0,1960000
ASHOKLEY30JAN2080PE.NFO,07/01/2020,11:24:10,2.5,2.4,72000,2.45,24000,0,1960000
ASHOKLEY30JAN2080PE.NFO,07/01/2020,11:24:16,2.5,2.4,32000,2.45,24000,0,1960000
ASHOKLEY30JAN2080PE.NFO,07/01/2020,11:24:25,2.45,2.4,40000,2.45,16000,8000,1952000
ASHOKLEY30JAN2080PE.NFO,07/01/2020,11:24:30,2.45,2.4,48000,2.5,96000,8000,1952000
ASHOKLEY30JAN2080PE.NFO,07/01/2020,11:24:39,2.45,2.4,48000,2.5,96000,0,1952000
ASHOKLEY30JAN2080PE.NFO,07/01/2020,11:24:43,2.45,2.4,56000,2.5,80000,0,1952000
ASHOKLEY30JAN2080PE.NFO,07/01/2020,11:24:48,2.45,2.4,56000,2.5,72000,0,1952000
ASHOKLEY30JAN2080PE.NFO,07/01/2020,11:24:56,2.45,2.4,88000,2.5,72000,0,1952000
ASHOKLEY30JAN2080PE.NFO,07/01/2020,11:25:05,2.45,2.45,8000,2.5,72000,0,1952000
ASHOKLEY30JAN2080PE.NFO,07/01/2020,11:25:10,2.45,2.45,8000,2.5,32000,0,1952000
ASHOKLEY30JAN2080PE.NFO,07/01/2020,11:25:15,2.45,2.45,32000,2.55,88000,0,1952000
ASHOKLEY30JAN2080PE.NFO,07/01/2020,11:25:18,2.45,2.45,40000,2.55,88000,0,1952000
ASHOKLEY30JAN2080PE.NFO,07/01/2020,11:25:23,2.45,2.45,40000,2.55,72000,0,1952000
ASHOKLEY30JAN2080PE.NFO,07/01/2020,11:25:28,2.45,2.45,56000,2.55,64000,0,1952000
ASHOKLEY30JAN2080PE.NFO,07/01/2020,11:25:51,2.45,2.5,16000,2.55,56000,0,1952000
ASHOKLEY30JAN2080PE.NFO,07/01/2020,11:26:02,2.5,2.45,56000,2.5,8000,8000,1952000
ASHOKLEY30JAN2080PE.NFO,07/01/2020,11:26:06,2.5,2.45,56000,2.5,8000,0,1952000
ASHOKLEY30JAN2080PE.NFO,07/01/2020,11:26:15,2.5,2.45,64000,2.5,8000,0,1952000
ASHOKLEY30JAN2080PE.NFO,07/01/2020,11:26:22,2.5,2.45,56000,2.5,8000,0,1952000
ASHOKLEY30JAN2080PE.NFO,07/01/2020,11:26:31,2.5,2.45,56000,2.55,80000,0,1952000
ASHOKLEY30JAN2080PE.NFO,07/01/2020,11:26:45,2.5,2.45,56000,2.55,64000,0,1952000
ASHOKLEY30JAN2080PE.NFO,07/01/2020,11:26:49,2.5,2.45,56000,2.55,40000,0,1952000
ASHOKLEY30JAN2080PE.NFO,07/01/2020,11:26:59,2.5,2.45,56000,2.55,56000,0,1952000
ASHOKLEY30JAN2080PE.NFO,07/01/2020,11:27:38,2.5,2.45,56000,2.55,64000,0,1952000
ASHOKLEY30JAN2080PE.NFO,07/01/2020,11:27:41,2.5,2.45,56000,2.55,56000,0,1952000
ASHOKLEY30JAN2080PE.NFO,07/01/2020,11:28:02,2.5,2.45,40000,2.5,40000,0,1952000
ASHOKLEY30JAN2080PE.NFO,07/01/2020,11:28:04,2.5,2.45,56000,2.5,32000,0,1952000
ASHOKLEY30JAN2080PE.NFO,07/01/2020,11:28:33,2.5,2.45,56000,2.55,72000,0,1952000
ASHOKLEY30JAN2080PE.NFO,07/01/2020,11:28:37,2.5,2.45,56000,2.5,32000,0,1952000
ASHOKLEY30JAN2080PE.NFO,07/01/2020,11:28:39,2.5,2.45,56000,2.55,80000,0,1952000
ASHOKLEY30JAN2080PE.NFO,07/01/2020,11:28:45,2.5,2.45,56000,2.55,80000,8000,1968000
ASHOKLEY30JAN2080PE.NFO,07/01/2020,11:28:47,2.5,2.45,56000,2.55,80000,0,1968000
ASHOKLEY30JAN2080PE.NFO,07/01/2020,11:28:50,2.5,2.45,56000,2.5,8000,0,1968000
ASHOKLEY30JAN2080PE.NFO,07/01/2020,11:28:54,2.5,2.45,56000,2.55,96000,0,1968000
ASHOKLEY30JAN2080PE.NFO,07/01/2020,11:29:10,2.5,2.45,56000,2.55,88000,0,1968000
ASHOKLEY30JAN2080PE.NFO,07/01/2020,11:29:13,2.5,2.45,56000,2.55,80000,0,1968000
ASHOKLEY30JAN2080PE.NFO,07/01/2020,11:29:20,2.5,2.45,56000,2.55,64000,0,1968000
ASHOKLEY30JAN2080PE.NFO,07/01/2020,11:29:31,2.5,2.45,56000,2.55,56000,0,1968000
ASHOKLEY30JAN2080PE.NFO,07/01/2020,11:29:34,2.5,2.45,56000,2.55,64000,0,1968000
ASHOKLEY30JAN2080PE.NFO,07/01/2020,11:29:46,2.5,2.45,48000,2.55,64000,0,1968000
ASHOKLEY30JAN2080PE.NFO,07/01/2020,11:29:54,2.5,2.45,48000,2.55,72000,0,1968000
ASHOKLEY30JAN2080PE.NFO,07/01/2020,11:30:04,2.5,2.45,48000,2.5,8000,0,1968000
ASHOKLEY30JAN2080PE.NFO,07/01/2020,11:30:16,2.5,2.45,48000,2.55,80000,0,1968000
ASHOKLEY30JAN2080PE.NFO,07/01/2020,11:30:35,2.5,2.45,48000,2.55,72000,0,1968000
ASHOKLEY30JAN2080PE.NFO,07/01/2020,11:30:36,2.5,2.45,48000,2.55,80000,0,1968000
ASHOKLEY30JAN2080PE.NFO,07/01/2020,11:30:38,2.5,2.45,40000,2.5,40000,0,1968000
ASHOKLEY30JAN2080PE.NFO,07/01/2020,11:30:57,2.5,2.45,24000,2.5,48000,0,1968000
ASHOKLEY30JAN2080PE.NFO,07/01/2020,11:31:06,2.5,2.4,56000,2.5,64000,0,1968000
ASHOKLEY30JAN2080PE.NFO,07/01/2020,11:31:28,2.5,2.4,64000,2.5,64000,0,1968000
ASHOKLEY30JAN2080PE.NFO,07/01/2020,11:31:32,2.5,2.4,56000,2.5,64000,0,1968000
ASHOKLEY30JAN2080PE.NFO,07/01/2020,11:32:01,2.5,2.4,88000,2.5,64000,0,1968000
ASHOKLEY30JAN2080PE.NFO,07/01/2020,11:32:07,2.5,2.4,80000,2.5,88000,0,1968000
ASHOKLEY30JAN2080PE.NFO,07/01/2020,11:32:12,2.5,2.4,80000,2.5,72000,0,1968000
ASHOKLEY30JAN2080PE.NFO,07/01/2020,11:32:24,2.5,2.4,72000,2.45,8000,0,1968000
ASHOKLEY30JAN2080PE.NFO,07/01/2020,11:32:28,2.5,2.4,64000,2.5,80000,0,1968000
ASHOKLEY30JAN2080PE.NFO,07/01/2020,11:32:33,2.5,2.4,64000,2.5,88000,0,1968000
ASHOKLEY30JAN2080PE.NFO,07/01/2020,11:32:37,2.5,2.4,72000,2.5,96000,0,1968000
ASHOKLEY30JAN2080PE.NFO,07/01/2020,11:32:41,2.5,2.4,80000,2.5,72000,0,1968000
ASHOKLEY30JAN2080PE.NFO,07/01/2020,11:33:30,2.5,2.4,80000,2.5,80000,0,1968000
ASHOKLEY30JAN2080PE.NFO,07/01/2020,11:33:39,2.5,2.4,80000,2.5,72000,0,1968000
ASHOKLEY30JAN2080PE.NFO,07/01/2020,11:33:50,2.5,2.4,48000,2.45,48000,0,1968000
ASHOKLEY30JAN2080PE.NFO,07/01/2020,11:33:53,2.5,2.4,56000,2.45,48000,0,1968000
ASHOKLEY30JAN2080PE.NFO,07/01/2020,11:33:59,2.5,2.4,16000,2.45,64000,0,1968000
ASHOKLEY30JAN2080PE.NFO,07/01/2020,11:34:04,2.4,2.35,112000,2.4,8000,16000,1968000
ASHOKLEY30JAN2080PE.NFO,07/01/2020,11:34:10,2.4,2.35,48000,2.4,40000,0,1968000
ASHOKLEY30JAN2080PE.NFO,07/01/2020,11:34:17,2.4,2.35,80000,2.4,40000,0,1968000
ASHOKLEY30JAN2080PE.NFO,07/01/2020,11:34:23,2.4,2.35,72000,2.45,88000,0,1968000
ASHOKLEY30JAN2080PE.NFO,07/01/2020,11:34:29,2.4,2.35,72000,2.45,80000,0,1968000
ASHOKLEY30JAN2080PE.NFO,07/01/2020,11:34:36,2.4,2.35,72000,2.45,96000,0,1968000
ASHOKLEY30JAN2080PE.NFO,07/01/2020,11:34:42,2.4,2.35,80000,2.45,72000,0,1968000
ASHOKLEY30JAN2080PE.NFO,07/01/2020,11:34:47,2.4,2.35,72000,2.45,72000,0,1968000
ASHOKLEY30JAN2080PE.NFO,07/01/2020,11:35:04,2.4,2.35,72000,2.45,80000,0,1968000
ASHOKLEY30JAN2080PE.NFO,07/01/2020,11:35:09,2.4,2.35,72000,2.4,8000,0,1968000
ASHOKLEY30JAN2080PE.NFO,07/01/2020,11:35:14,2.4,2.35,72000,2.45,96000,0,1968000
ASHOKLEY30JAN2080PE.NFO,07/01/2020,11:35:20,2.4,2.35,64000,2.45,96000,0,1968000
ASHOKLEY30JAN2080PE.NFO,07/01/2020,11:35:26,2.4,2.35,64000,2.45,104000,0,1968000
ASHOKLEY30JAN2080PE.NFO,07/01/2020,11:35:30,2.4,2.35,40000,2.4,16000,0,1968000
ASHOKLEY30JAN2080PE.NFO,07/01/2020,11:35:36,2.4,2.35,48000,2.4,16000,0,1968000
ASHOKLEY30JAN2080PE.NFO,07/01/2020,11:35:41,2.4,2.35,24000,2.4,56000,0,1968000
ASHOKLEY30JAN2080PE.NFO,07/01/2020,11:36:00,2.4,2.35,48000,2.4,48000,0,1968000
ASHOKLEY30JAN2080PE.NFO,07/01/2020,11:36:05,2.4,2.35,32000,2.4,48000,0,1968000
ASHOKLEY30JAN2080PE.NFO,07/01/2020,11:36:10,2.4,2.35,48000,2.4,48000,0,1968000
ASHOKLEY30JAN2080PE.NFO,07/01/2020,11:36:19,2.4,2.35,72000,2.4,32000,16000,1968000
ASHOKLEY30JAN2080PE.NFO,07/01/2020,11:36:24,2.4,2.35,80000,2.4,32000,0,1968000
ASHOKLEY30JAN2080PE.NFO,07/01/2020,11:36:33,2.4,2.35,72000,2.45,80000,0,1968000
ASHOKLEY30JAN2080PE.NFO,07/01/2020,11:36:42,2.45,2.4,32000,2.45,32000,32000,1968000
ASHOKLEY30JAN2080PE.NFO,07/01/2020,11:36:48,2.45,2.4,48000,2.45,24000,0,1968000
ASHOKLEY30JAN2080PE.NFO,07/01/2020,11:36:55,2.45,2.4,56000,2.45,24000,0,1968000
ASHOKLEY30JAN2080PE.NFO,07/01/2020,11:37:01,2.45,2.4,80000,2.5,64000,0,1968000
ASHOKLEY30JAN2080PE.NFO,07/01/2020,11:37:06,2.45,2.4,80000,2.45,16000,0,1968000
ASHOKLEY30JAN2080PE.NFO,07/01/2020,11:37:10,2.45,2.4,80000,2.5,80000,0,1968000
ASHOKLEY30JAN2080PE.NFO,07/01/2020,11:37:27,2.45,2.4,56000,2.45,40000,0,1968000
ASHOKLEY30JAN2080PE.NFO,07/01/2020,11:37:52,2.45,2.4,56000,2.45,48000,0,1968000
ASHOKLEY30JAN2080PE.NFO,07/01/2020,11:38:07,2.45,2.4,24000,2.45,48000,0,1968000
ASHOKLEY30JAN2080PE.NFO,07/01/2020,11:38:11,2.45,2.35,72000,2.45,72000,0,1968000
ASHOKLEY30JAN2080PE.NFO,07/01/2020,11:38:15,2.45,2.35,56000,2.4,40000,0,1968000
ASHOKLEY30JAN2080PE.NFO,07/01/2020,11:38:19,2.45,2.35,72000,2.4,16000,0,1968000
ASHOKLEY30JAN2080PE.NFO,07/01/2020,11:38:48,2.45,2.35,72000,2.45,64000,0,1968000
ASHOKLEY30JAN2080PE.NFO,07/01/2020,11:38:52,2.45,2.35,64000,2.4,40000,0,1968000
ASHOKLEY30JAN2080PE.NFO,07/01/2020,11:38:56,2.45,2.35,72000,2.4,16000,0,1968000
ASHOKLEY30JAN2080PE.NFO,07/01/2020,11:39:04,2.45,2.35,64000,2.4,40000,0,1968000
ASHOKLEY30JAN2080PE.NFO,07/01/2020,11:39:11,2.45,2.35,72000,2.4,40000,0,1968000
ASHOKLEY30JAN2080PE.NFO,07/01/2020,11:39:25,2.45,2.35,72000,2.45,64000,0,1968000
ASHOKLEY30JAN2080PE.NFO,07/01/2020,11:39:32,2.35,2.35,80000,2.45,72000,8000,2000000
ASHOKLEY30JAN2080PE.NFO,07/01/2020,11:39:36,2.35,2.35,80000,2.45,64000,0,2000000
ASHOKLEY30JAN2080PE.NFO,07/01/2020,11:39:56,2.35,2.4,32000,2.45,40000,0,2000000
ASHOKLEY30JAN2080PE.NFO,07/01/2020,11:40:07,2.35,2.4,32000,2.45,32000,0,2000000
ASHOKLEY30JAN2080PE.NFO,07/01/2020,11:40:12,2.35,2.4,32000,2.45,40000,0,2000000
ASHOKLEY30JAN2080PE.NFO,07/01/2020,11:40:16,2.35,2.35,80000,2.45,40000,0,2000000
ASHOKLEY30JAN2080PE.NFO,07/01/2020,11:40:23,2.35,2.35,88000,2.45,64000,0,2000000
ASHOKLEY30JAN2080PE.NFO,07/01/2020,11:40:28,2.35,2.35,88000,2.45,56000,0,2000000
ASHOKLEY30JAN2080PE.NFO,07/01/2020,11:40:31,2.35,2.35,88000,2.45,64000,0,2000000
ASHOKLEY30JAN2080PE.NFO,07/01/2020,11:40:53,2.35,2.35,80000,2.45,64000,0,2000000
ASHOKLEY30JAN2080PE.NFO,07/01/2020,11:41:08,2.35,2.35,88000,2.45,64000,0,2000000
ASHOKLEY30JAN2080PE.NFO,07/01/2020,11:41:11,2.35,2.35,80000,2.45,64000,0,2000000
ASHOKLEY30JAN2080PE.NFO,07/01/2020,11:41:35,2.35,2.35,80000,2.45,56000,0,2000000
ASHOKLEY30JAN2080PE.NFO,07/01/2020,11:41:54,2.35,2.35,88000,2.45,56000,0,2000000
ASHOKLEY30JAN2080PE.NFO,07/01/2020,11:42:04,2.35,2.35,80000,2.45,56000,0,2000000
ASHOKLEY30JAN2080PE.NFO,07/01/2020,11:42:13,2.35,2.35,88000,2.45,56000,0,2000000
ASHOKLEY30JAN2080PE.NFO,07/01/2020,11:42:16,2.35,2.35,80000,2.45,56000,0,2000000
ASHOKLEY30JAN2080PE.NFO,07/01/2020,11:42:32,2.35,2.4,8000,2.45,56000,0,2000000
ASHOKLEY30JAN2080PE.NFO,07/01/2020,11:42:36,2.35,2.35,80000,2.45,64000,0,2000000
ASHOKLEY30JAN2080PE.NFO,07/01/2020,11:43:14,2.35,2.4,8000,2.45,32000,0,2000000
ASHOKLEY30JAN2080PE.NFO,07/01/2020,11:43:17,2.35,2.4,8000,2.45,48000,0,2000000
ASHOKLEY30JAN2080PE.NFO,07/01/2020,11:43:29,2.35,2.4,32000,2.45,48000,0,2000000
ASHOKLEY30JAN2080PE.NFO,07/01/2020,11:43:32,2.35,2.4,24000,2.45,48000,0,2000000
ASHOKLEY30JAN2080PE.NFO,07/01/2020,11:43:41,2.35,2.4,16000,2.45,48000,0,2000000
ASHOKLEY30JAN2080PE.NFO,07/01/2020,11:43:45,2.35,2.35,80000,2.45,72000,0,2000000
ASHOKLEY30JAN2080PE.NFO,07/01/2020,11:45:17,2.35,2.35,80000,2.45,64000,0,2000000
ASHOKLEY30JAN2080PE.NFO,07/01/2020,11:45:21,2.35,2.4,8000,2.45,64000,0,2000000
ASHOKLEY30JAN2080PE.NFO,07/01/2020,11:45:31,2.35,2.4,24000,2.45,32000,0,2000000
ASHOKLEY30JAN2080PE.NFO,07/01/2020,11:45:35,2.35,2.4,48000,2.45,32000,0,2000000
ASHOKLEY30JAN2080PE.NFO,07/01/2020,11:46:15,2.35,2.4,56000,2.45,32000,0,2000000
ASHOKLEY30JAN2080PE.NFO,07/01/2020,11:46:19,2.35,2.4,56000,2.5,96000,0,2000000
ASHOKLEY30JAN2080PE.NFO,07/01/2020,11:46:22,2.35,2.4,72000,2.5,88000,0,2000000
ASHOKLEY30JAN2080PE.NFO,07/01/2020,11:46:25,2.35,2.4,72000,2.5,80000,0,2000000
ASHOKLEY30JAN2080PE.NFO,07/01/2020,11:47:39,2.35,2.4,80000,2.5,80000,0,2000000
ASHOKLEY30JAN2080PE.NFO,07/01/2020,11:47:43,2.35,2.4,72000,2.5,80000,0,2000000
ASHOKLEY30JAN2080PE.NFO,07/01/2020,11:47:48,2.35,2.45,24000,2.5,80000,0,2000000
ASHOKLEY30JAN2080PE.NFO,07/01/2020,11:47:50,2.35,2.45,24000,2.5,88000,0,2000000
ASHOKLEY30JAN2080PE.NFO,07/01/2020,11:47:55,2.35,2.45,24000,2.5,80000,0,2000000
ASHOKLEY30JAN2080PE.NFO,07/01/2020,11:48:04,2.35,2.45,24000,2.5,72000,0,2000000
ASHOKLEY30JAN2080PE.NFO,07/01/2020,11:48:07,2.35,2.45,40000,2.5,64000,0,2000000
ASHOKLEY30JAN2080PE.NFO,07/01/2020,11:48:14,2.35,2.45,48000,2.5,64000,0,2000000
ASHOKLEY30JAN2080PE.NFO,07/01/2020,11:48:18,2.35,2.45,56000,2.5,64000,0,2000000
ASHOKLEY30JAN2080PE.NFO,07/01/2020,11:48:25,2.35,2.45,64000,2.5,48000,0,2000000
ASHOKLEY30JAN2080PE.NFO,07/01/2020,11:49:47,2.35,2.45,64000,2.5,64000,0,2000000
ASHOKLEY30JAN2080PE.NFO,07/01/2020,11:49:58,2.5,2.45,64000,2.5,56000,8000,1992000
ASHOKLEY30JAN2080PE.NFO,07/01/2020,11:50:02,2.5,2.45,64000,2.5,72000,0,1992000
ASHOKLEY30JAN2080PE.NFO,07/01/2020,11:50:10,2.5,2.45,32000,2.5,72000,0,1992000
ASHOKLEY30JAN2080PE.NFO,07/01/2020,11:50:13,2.5,2.45,48000,2.5,72000,0,1992000
ASHOKLEY30JAN2080PE.NFO,07/01/2020,11:50:23,2.5,2.45,64000,2.5,64000,0,1992000
ASHOKLEY30JAN2080PE.NFO,07/01/2020,11:50:35,2.5,2.45,64000,2.5,72000,0,1992000
ASHOKLEY30JAN2080PE.NFO,07/01/2020,11:50:38,2.5,2.45,64000,2.5,64000,0,1992000
ASHOKLEY30JAN2080PE.NFO,07/01/2020,11:50:58,2.5,2.5,16000,2.55,48000,8000,1992000
ASHOKLEY30JAN2080PE.NFO,07/01/2020,11:51:02,2.55,2.45,80000,2.55,48000,8000,1992000
ASHOKLEY30JAN2080PE.NFO,07/01/2020,11:51:06,2.55,2.45,80000,2.55,48000,0,1992000
ASHOKLEY30JAN2080PE.NFO,07/01/2020,11:51:11,2.55,2.45,80000,2.55,80000,0,1992000
ASHOKLEY30JAN2080PE.NFO,07/01/2020,11:51:32,2.55,2.45,48000,2.5,72000,0,1992000
ASHOKLEY30JAN2080PE.NFO,07/01/2020,11:51:40,2.55,2.45,56000,2.5,72000,0,1992000
ASHOKLEY30JAN2080PE.NFO,07/01/2020,11:51:44,2.55,2.45,56000,2.5,64000,0,1992000
ASHOKLEY30JAN2080PE.NFO,07/01/2020,11:51:50,2.55,2.45,80000,2.55,72000,0,1992000
ASHOKLEY30JAN2080PE.NFO,07/01/2020,11:51:57,2.55,2.45,80000,2.55,56000,0,1992000
ASHOKLEY30JAN2080PE.NFO,07/01/2020,11:52:10,2.55,2.45,80000,2.55,64000,8000,1992000
ASHOKLEY30JAN2080PE.NFO,07/01/2020,11:52:24,2.55,2.45,80000,2.55,64000,0,1992000
ASHOKLEY30JAN2080PE.NFO,07/01/2020,11:52:26,2.55,2.45,80000,2.55,72000,0,1992000
ASHOKLEY30JAN2080PE.NFO,07/01/2020,11:52:35,2.55,2.45,80000,2.55,64000,0,1992000
ASHOKLEY30JAN2080PE.NFO,07/01/2020,11:52:43,2.55,2.5,16000,2.55,64000,0,1992000
ASHOKLEY30JAN2080PE.NFO,07/01/2020,11:52:45,2.55,2.5,16000,2.55,72000,0,1992000
ASHOKLEY30JAN2080PE.NFO,07/01/2020,11:52:52,2.5,2.45,80000,2.55,72000,8000,1992000
ASHOKLEY30JAN2080PE.NFO,07/01/2020,11:52:55,2.5,2.45,80000,2.55,72000,0,1992000
ASHOKLEY30JAN2080PE.NFO,07/01/2020,11:52:59,2.5,2.45,72000,2.5,8000,0,1992000
ASHOKLEY30JAN2080PE.NFO,07/01/2020,11:53:02,2.5,2.45,48000,2.55,72000,0,1992000
ASHOKLEY30JAN2080PE.NFO,07/01/2020,11:53:04,2.5,2.45,40000,2.5,8000,0,1992000
ASHOKLEY30JAN2080PE.NFO,07/01/2020,11:53:11,2.5,2.45,48000,2.55,72000,0,1992000
ASHOKLEY30JAN2080PE.NFO,07/01/2020,11:53:14,2.5,2.45,40000,2.5,16000,0,1992000
ASHOKLEY30JAN2080PE.NFO,07/01/2020,11:53:34,2.45,2.45,40000,2.5,16000,8000,1992000
ASHOKLEY30JAN2080PE.NFO,07/01/2020,11:53:48,2.45,2.45,40000,2.55,72000,0,1992000
ASHOKLEY30JAN2080PE.NFO,07/01/2020,11:53:50,2.45,2.45,40000,2.55,80000,0,1992000
ASHOKLEY30JAN2080PE.NFO,07/01/2020,11:53:52,2.45,2.45,40000,2.55,64000,0,1992000
ASHOKLEY30JAN2080PE.NFO,07/01/2020,11:53:58,2.45,2.45,40000,2.5,8000,0,1992000
ASHOKLEY30JAN2080PE.NFO,07/01/2020,11:54:00,2.45,2.45,40000,2.55,72000,0,1992000
ASHOKLEY30JAN2080PE.NFO,07/01/2020,11:54:02,2.45,2.45,40000,2.55,64000,0,1992000
ASHOKLEY30JAN2080PE.NFO,07/01/2020,11:54:06,2.45,2.45,40000,2.5,8000,0,1992000
ASHOKLEY30JAN2080PE.NFO,07/01/2020,11:54:11,2.45,2.45,40000,2.55,64000,0,1992000
ASHOKLEY30JAN2080PE.NFO,07/01/2020,11:54:22,2.45,2.45,40000,2.55,72000,0,1992000
ASHOKLEY30JAN2080PE.NFO,07/01/2020,11:54:29,2.45,2.45,40000,2.5,8000,0,1992000
ASHOKLEY30JAN2080PE.NFO,07/01/2020,11:54:39,2.45,2.45,40000,2.55,64000,0,1992000
ASHOKLEY30JAN2080PE.NFO,07/01/2020,11:54:42,2.45,2.45,40000,2.55,72000,0,1992000
ASHOKLEY30JAN2080PE.NFO,07/01/2020,11:54:44,2.45,2.45,40000,2.55,64000,0,1992000
ASHOKLEY30JAN2080PE.NFO,07/01/2020,11:54:48,2.45,2.45,40000,2.55,72000,0,1992000
ASHOKLEY30JAN2080PE.NFO,07/01/2020,11:54:50,2.45,2.45,40000,2.55,64000,0,1992000
ASHOKLEY30JAN2080PE.NFO,07/01/2020,11:54:51,2.45,2.45,40000,2.5,8000,0,1992000
ASHOKLEY30JAN2080PE.NFO,07/01/2020,11:54:54,2.45,2.45,40000,2.55,72000,0,1992000
ASHOKLEY30JAN2080PE.NFO,07/01/2020,11:55:05,2.5,2.45,40000,2.55,64000,8000,1992000
ASHOKLEY30JAN2080PE.NFO,07/01/2020,11:56:04,2.5,2.45,40000,2.55,64000,0,1992000
ASHOKLEY30JAN2080PE.NFO,07/01/2020,11:56:40,2.5,2.5,48000,2.55,56000,0,1992000
ASHOKLEY30JAN2080PE.NFO,07/01/2020,11:56:49,2.5,2.5,48000,2.55,64000,0,1992000
ASHOKLEY30JAN2080PE.NFO,07/01/2020,11:57:33,2.5,2.5,56000,2.55,48000,0,1992000
ASHOKLEY30JAN2080PE.NFO,07/01/2020,11:57:44,2.5,2.5,56000,2.55,40000,0,1992000
ASHOKLEY30JAN2080PE.NFO,07/01/2020,11:57:46,2.55,2.5,80000,2.6,88000,8000,1984000
ASHOKLEY30JAN2080PE.NFO,07/01/2020,11:58:03,2.55,2.5,80000,2.55,16000,0,1984000
ASHOKLEY30JAN2080PE.NFO,07/01/2020,11:58:13,2.55,2.5,96000,2.55,16000,8000,1984000
ASHOKLEY30JAN2080PE.NFO,07/01/2020,11:58:16,2.55,2.5,88000,2.55,16000,0,1984000
ASHOKLEY30JAN2080PE.NFO,07/01/2020,11:58:22,2.55,2.5,88000,2.55,8000,0,1984000
ASHOKLEY30JAN2080PE.NFO,07/01/2020,11:58:54,2.55,2.5,80000,2.6,72000,0,1984000
ASHOKLEY30JAN2080PE.NFO,07/01/2020,11:58:56,2.55,2.5,80000,2.6,80000,0,1984000
ASHOKLEY30JAN2080PE.NFO,07/01/2020,11:59:00,2.55,2.5,80000,2.6,72000,0,1984000
ASHOKLEY30JAN2080PE.NFO,07/01/2020,11:59:03,2.55,2.5,80000,2.6,80000,0,1984000
ASHOKLEY30JAN2080PE.NFO,07/01/2020,11:59:13,2.55,2.5,80000,2.6,72000,0,1984000
ASHOKLEY30JAN2080PE.NFO,07/01/2020,11:59:52,2.55,2.5,72000,2.6,72000,0,1984000
ASHOKLEY30JAN2080PE.NFO,07/01/2020,12:00:15,2.55,2.55,8000,2.6,72000,0,1984000
ASHOKLEY30JAN2080PE.NFO,07/01/2020,12:00:30,2.55,2.55,8000,2.6,64000,0,1984000
ASHOKLEY30JAN2080PE.NFO,07/01/2020,12:00:41,2.55,2.55,8000,2.6,72000,0,1984000
ASHOKLEY30JAN2080PE.NFO,07/01/2020,12:00:45,2.55,2.55,8000,2.6,64000,0,1984000
ASHOKLEY30JAN2080PE.NFO,07/01/2020,12:00:50,2.55,2.55,8000,2.6,72000,0,1984000
ASHOKLEY30JAN2080PE.NFO,07/01/2020,12:00:53,2.55,2.55,8000,2.6,64000,0,1984000
ASHOKLEY30JAN2080PE.NFO,07/01/2020,12:00:55,2.55,2.55,8000,2.6,72000,0,1984000
ASHOKLEY30JAN2080PE.NFO,07/01/2020,12:00:59,2.55,2.5,72000,2.6,80000,0,1984000
ASHOKLEY30JAN2080PE.NFO,07/01/2020,12:01:05,2.55,2.5,72000,2.6,72000,0,1984000
ASHOKLEY30JAN2080PE.NFO,07/01/2020,12:01:08,2.55,2.5,64000,2.6,72000,0,1984000
ASHOKLEY30JAN2080PE.NFO,07/01/2020,12:01:13,2.55,2.5,64000,2.6,80000,0,1984000
ASHOKLEY30JAN2080PE.NFO,07/01/2020,12:01:16,2.55,2.5,64000,2.55,24000,0,1984000
ASHOKLEY30JAN2080PE.NFO,07/01/2020,12:01:18,2.55,2.5,72000,2.6,80000,0,1984000
ASHOKLEY30JAN2080PE.NFO,07/01/2020,12:01:20,2.55,2.5,72000,2.6,72000,0,1984000
ASHOKLEY30JAN2080PE.NFO,07/01/2020,12:02:01,2.55,2.5,72000,2.6,80000,0,1984000
ASHOKLEY30JAN2080PE.NFO,07/01/2020,12:02:05,2.55,2.5,72000,2.6,72000,0,1984000
ASHOKLEY30JAN2080PE.NFO,07/01/2020,12:02:24,2.55,2.5,64000,2.55,16000,0,1984000
ASHOKLEY30JAN2080PE.NFO,07/01/2020,12:02:38,2.55,2.5,40000,2.55,56000,0,1984000
ASHOKLEY30JAN2080PE.NFO,07/01/2020,12:03:06,2.55,2.5,40000,2.55,48000,0,1984000
ASHOKLEY30JAN2080PE.NFO,07/01/2020,12:03:10,2.55,2.55,8000,2.6,72000,0,1984000
ASHOKLEY30JAN2080PE.NFO,07/01/2020,12:03:18,2.55,2.55,8000,2.6,80000,0,1984000
ASHOKLEY30JAN2080PE.NFO,07/01/2020,12:03:26,2.55,2.5,72000,2.6,80000,8000,1984000
ASHOKLEY30JAN2080PE.NFO,07/01/2020,12:03:29,2.55,2.5,72000,2.6,72000,0,1984000
ASHOKLEY30JAN2080PE.NFO,07/01/2020,12:03:32,2.55,2.55,8000,2.6,72000,0,1984000
ASHOKLEY30JAN2080PE.NFO,07/01/2020,12:03:35,2.55,2.55,8000,2.6,64000,0,1984000
ASHOKLEY30JAN2080PE.NFO,07/01/2020,12:03:45,2.55,2.55,8000,2.6,80000,0,1984000
ASHOKLEY30JAN2080PE.NFO,07/01/2020,12:04:00,2.55,2.55,8000,2.6,88000,0,1984000
ASHOKLEY30JAN2080PE.NFO,07/01/2020,12:04:04,2.55,2.55,8000,2.6,80000,0,1984000
ASHOKLEY30JAN2080PE.NFO,07/01/2020,12:04:16,2.55,2.5,72000,2.6,88000,0,1984000
ASHOKLEY30JAN2080PE.NFO,07/01/2020,12:04:19,2.55,2.5,80000,2.6,88000,0,1984000
ASHOKLEY30JAN2080PE.NFO,07/01/2020,12:04:31,2.55,2.55,8000,2.6,88000,0,1984000
ASHOKLEY30JAN2080PE.NFO,07/01/2020,12:04:34,2.6,2.55,40000,2.6,32000,40000,1984000
ASHOKLEY30JAN2080PE.NFO,07/01/2020,12:04:37,2.6,2.55,48000,2.6,16000,16000,1984000
ASHOKLEY30JAN2080PE.NFO,07/01/2020,12:04:40,2.6,2.55,48000,2.6,48000,0,1984000
ASHOKLEY30JAN2080PE.NFO,07/01/2020,12:04:43,2.6,2.55,24000,2.6,48000,0,1984000
ASHOKLEY30JAN2080PE.NFO,07/01/2020,12:04:54,2.6,2.55,24000,2.6,56000,0,1984000
ASHOKLEY30JAN2080PE.NFO,07/01/2020,12:05:27,2.6,2.55,8000,2.6,48000,0,1984000
ASHOKLEY30JAN2080PE.NFO,07/01/2020,12:05:36,2.6,2.5,80000,2.6,48000,0,1984000
ASHOKLEY30JAN2080PE.NFO,07/01/2020,12:05:39,2.6,2.55,8000,2.6,48000,0,1984000
ASHOKLEY30JAN2080PE.NFO,07/01/2020,12:06:07,2.6,2.5,88000,2.6,56000,0,1984000
ASHOKLEY30JAN2080PE.NFO,07/01/2020,12:06:09,2.6,2.5,80000,2.6,56000,0,1984000
ASHOKLEY30JAN2080PE.NFO,07/01/2020,12:06:11,2.55,2.5,80000,2.6,56000,8000,1976000
ASHOKLEY30JAN2080PE.NFO,07/01/2020,12:06:13,2.55,2.5,72000,2.6,80000,0,1976000
ASHOKLEY30JAN2080PE.NFO,07/01/2020,12:06:19,2.55,2.5,72000,2.6,72000,0,1976000
ASHOKLEY30JAN2080PE.NFO,07/01/2020,12:06:21,2.55,2.5,80000,2.6,72000,0,1976000
ASHOKLEY30JAN2080PE.NFO,07/01/2020,12:06:32,2.55,2.5,80000,2.6,80000,0,1976000
ASHOKLEY30JAN2080PE.NFO,07/01/2020,12:06:36,2.5,2.5,56000,2.6,72000,24000,1976000
ASHOKLEY30JAN2080PE.NFO,07/01/2020,12:06:39,2.5,2.5,48000,2.6,72000,0,1976000
ASHOKLEY30JAN2080PE.NFO,07/01/2020,12:06:41,2.5,2.5,32000,2.55,8000,0,1976000
ASHOKLEY30JAN2080PE.NFO,07/01/2020,12:06:43,2.5,2.5,40000,2.6,72000,0,1976000
ASHOKLEY30JAN2080PE.NFO,07/01/2020,12:06:50,2.5,2.5,48000,2.6,72000,0,1976000
ASHOKLEY30JAN2080PE.NFO,07/01/2020,12:06:55,2.5,2.5,48000,2.6,80000,0,1976000
ASHOKLEY30JAN2080PE.NFO,07/01/2020,12:06:59,2.5,2.45,56000,2.55,64000,8000,1976000
ASHOKLEY30JAN2080PE.NFO,07/01/2020,12:07:01,2.5,2.5,16000,2.55,16000,0,1976000
ASHOKLEY30JAN2080PE.NFO,07/01/2020,12:07:07,2.55,2.5,56000,2.6,72000,16000,1976000
ASHOKLEY30JAN2080PE.NFO,07/01/2020,12:07:11,2.55,2.5,48000,2.6,72000,0,1976000
ASHOKLEY30JAN2080PE.NFO,07/01/2020,12:07:14,2.55,2.5,48000,2.6,80000,0,1976000
ASHOKLEY30JAN2080PE.NFO,07/01/2020,12:07:16,2.55,2.5,40000,2.55,16000,0,1976000
ASHOKLEY30JAN2080PE.NFO,07/01/2020,12:07:18,2.55,2.5,48000,2.55,16000,0,1976000
ASHOKLEY30JAN2080PE.NFO,07/01/2020,12:07:20,2.55,2.5,48000,2.6,72000,0,1976000
ASHOKLEY30JAN2080PE.NFO,07/01/2020,12:07:22,2.55,2.5,56000,2.6,72000,0,1976000
ASHOKLEY30JAN2080PE.NFO,07/01/2020,12:07:27,2.55,2.55,8000,2.6,64000,0,1976000
ASHOKLEY30JAN2080PE.NFO,07/01/2020,12:07:30,2.55,2.5,72000,2.6,56000,0,1976000
ASHOKLEY30JAN2080PE.NFO,07/01/2020,12:07:32,2.55,2.5,64000,2.6,72000,0,1976000
ASHOKLEY30JAN2080PE.NFO,07/01/2020,12:07:38,2.55,2.5,56000,2.6,72000,0,1976000
ASHOKLEY30JAN2080PE.NFO,07/01/2020,12:07:40,2.55,2.5,48000,2.6,72000,0,1976000
ASHOKLEY30JAN2080PE.NFO,07/01/2020,12:07:43,2.55,2.5,40000,2.6,72000,0,1976000
ASHOKLEY30JAN2080PE.NFO,07/01/2020,12:07:46,2.55,2.5,32000,2.55,40000,0,1976000
ASHOKLEY30JAN2080PE.NFO,07/01/2020,12:07:53,2.55,2.5,24000,2.55,32000,0,1976000
ASHOKLEY30JAN2080PE.NFO,07/01/2020,12:07:56,2.55,2.45,64000,2.55,64000,0,1976000
ASHOKLEY30JAN2080PE.NFO,07/01/2020,12:08:00,2.55,2.5,32000,2.55,40000,0,1976000
ASHOKLEY30JAN2080PE.NFO,07/01/2020,12:08:05,2.55,2.5,32000,2.6,80000,0,1976000
ASHOKLEY30JAN2080PE.NFO,07/01/2020,12:08:09,2.55,2.5,32000,2.6,72000,0,1976000
ASHOKLEY30JAN2080PE.NFO,07/01/2020,12:08:41,2.55,2.5,32000,2.55,16000,0,1976000
ASHOKLEY30JAN2080PE.NFO,07/01/2020,12:08:47,2.55,2.5,24000,2.55,40000,0,1976000
ASHOKLEY30JAN2080PE.NFO,07/01/2020,12:08:51,2.55,2.45,56000,2.55,72000,0,1976000
ASHOKLEY30JAN2080PE.NFO,07/01/2020,12:09:02,2.55,2.45,56000,2.55,64000,0,1976000
ASHOKLEY30JAN2080PE.NFO,07/01/2020,12:09:05,2.55,2.45,64000,2.55,64000,0,1976000
ASHOKLEY30JAN2080PE.NFO,07/01/2020,12:09:11,2.55,2.5,8000,2.55,56000,0,1976000
ASHOKLEY30JAN2080PE.NFO,07/01/2020,12:09:14,2.55,2.45,56000,2.55,56000,0,1976000
ASHOKLEY30JAN2080PE.NFO,07/01/2020,12:09:17,2.55,2.5,32000,2.55,16000,0,1976000
ASHOKLEY30JAN2080PE.NFO,07/01/2020,12:09:20,2.55,2.5,32000,2.55,32000,0,1976000
ASHOKLEY30JAN2080PE.NFO,07/01/2020,12:09:23,2.55,2.5,48000,2.6,72000,0,1976000
ASHOKLEY30JAN2080PE.NFO,07/01/2020,12:09:32,2.55,2.5,32000,2.55,40000,0,1976000
ASHOKLEY30JAN2080PE.NFO,07/01/2020,12:09:35,2.55,2.45,56000,2.55,40000,0,1976000
ASHOKLEY30JAN2080PE.NFO,07/01/2020,12:09:38,2.55,2.45,48000,2.55,80000,0,1976000
ASHOKLEY30JAN2080PE.NFO,07/01/2020,12:09:42,2.55,2.45,48000,2.55,64000,0,1976000
ASHOKLEY30JAN2080PE.NFO,07/01/2020,12:09:48,2.55,2.45,56000,2.55,48000,0,1976000
ASHOKLEY30JAN2080PE.NFO,07/01/2020,12:09:51,2.55,2.45,48000,2.55,48000,0,1976000
ASHOKLEY30JAN2080PE.NFO,07/01/2020,12:10:09,2.55,2.45,48000,2.55,64000,0,1976000
ASHOKLEY30JAN2080PE.NFO,07/01/2020,12:10:44,2.55,2.45,48000,2.55,72000,0,1976000
ASHOKLEY30JAN2080PE.NFO,07/01/2020,12:11:22,2.55,2.45,48000,2.55,80000,0,1976000
ASHOKLEY30JAN2080PE.NFO,07/01/2020,12:11:30,2.55,2.45,48000,2.55,88000,0,1976000
ASHOKLEY30JAN2080PE.NFO,07/01/2020,12:11:32,2.55,2.45,48000,2.55,96000,0,1976000
ASHOKLEY30JAN2080PE.NFO,07/01/2020,12:11:34,2.55,2.45,48000,2.5,8000,0,1976000
ASHOKLEY30JAN2080PE.NFO,07/01/2020,12:11:53,2.55,2.45,48000,2.55,80000,0,1976000
ASHOKLEY30JAN2080PE.NFO,07/01/2020,12:12:02,2.55,2.45,48000,2.55,96000,0,1976000
ASHOKLEY30JAN2080PE.NFO,07/01/2020,12:12:15,2.55,2.45,48000,2.5,8000,0,1976000
ASHOKLEY30JAN2080PE.NFO,07/01/2020,12:12:26,2.55,2.45,56000,2.5,8000,0,1976000
ASHOKLEY30JAN2080PE.NFO,07/01/2020,12:12:31,2.55,2.45,48000,2.5,8000,0,1976000
ASHOKLEY30JAN2080PE.NFO,07/01/2020,12:12:36,2.55,2.45,56000,2.5,8000,0,1976000
