Ticker,Date,Time,LTP,BuyPrice,BuyQty,SellPrice,SellQty,LTQ,OpenInterest
ASIANPAINT30JAN201800PE.NFO,07/01/2020,09:15:28,71.9,69.45,1200,81.9,6000,600,53400
ASIANPAINT30JAN201800PE.NFO,07/01/2020,09:15:28,71.9,69.45,1200,81.9,6000,0,53400
ASIANPAINT30JAN201800PE.NFO,07/01/2020,09:15:28,71.9,69.45,1200,81.9,6000,0,53400
ASIANPAINT30JAN201800PE.NFO,07/01/2020,09:15:28,71.9,69.45,1200,81.9,6000,0,53400
ASIANPAINT30JAN201800PE.NFO,07/01/2020,09:15:39,71.9,69.5,1800,81.9,9600,0,53400
ASIANPAINT30JAN201800PE.NFO,07/01/2020,09:15:52,71.9,70.5,3600,79.6,3600,0,53400
ASIANPAINT30JAN201800PE.NFO,07/01/2020,09:16:03,71.9,70.6,7200,78.6,1800,0,53400
ASIANPAINT30JAN201800PE.NFO,07/01/2020,09:16:14,71.9,70.6,3600,77.25,1800,0,53400
ASIANPAINT30JAN201800PE.NFO,07/01/2020,09:16:23,71.9,70.6,8400,77.9,600,0,53400
ASIANPAINT30JAN201800PE.NFO,07/01/2020,09:16:33,71.9,70.75,600,78.75,2400,0,53400
ASIANPAINT30JAN201800PE.NFO,07/01/2020,09:16:42,71.9,71.1,600,79.55,600,0,53400
ASIANPAINT30JAN201800PE.NFO,07/01/2020,09:16:51,71.9,72.3,6000,78.7,1800,0,53400
ASIANPAINT30JAN201800PE.NFO,07/01/2020,09:17:00,71.9,72.85,3600,80.4,600,0,53400
ASIANPAINT30JAN201800PE.NFO,07/01/2020,09:17:08,71.9,73.05,3600,79.6,600,0,53400
ASIANPAINT30JAN201800PE.NFO,07/01/2020,09:17:16,73.05,70.05,3600,76.55,600,600,53400
ASIANPAINT30JAN201800PE.NFO,07/01/2020,09:17:16,73.05,70.05,3600,76.55,600,0,53400
ASIANPAINT30JAN201800PE.NFO,07/01/2020,09:17:25,73.05,70.15,1200,78.9,1800,0,53400
ASIANPAINT30JAN201800PE.NFO,07/01/2020,09:17:33,73.05,70.7,6000,77.95,1800,0,53400
ASIANPAINT30JAN201800PE.NFO,07/01/2020,09:17:43,73.05,70.7,7200,77.15,600,0,53400
ASIANPAINT30JAN201800PE.NFO,07/01/2020,09:17:51,73.05,70.7,9600,77.15,600,0,53400
ASIANPAINT30JAN201800PE.NFO,07/01/2020,09:17:59,73.05,70.85,8400,78.2,600,0,53400
ASIANPAINT30JAN201800PE.NFO,07/01/2020,09:18:07,73.05,70.9,8400,77.6,600,0,53400
ASIANPAINT30JAN201800PE.NFO,07/01/2020,09:18:15,73.05,71,6000,78.55,600,0,53400
ASIANPAINT30JAN201800PE.NFO,07/01/2020,09:18:23,73.05,71.1,8400,77.65,1200,0,53400
ASIANPAINT30JAN201800PE.NFO,07/01/2020,09:18:30,73.05,71.15,8400,77.65,1200,0,53400
ASIANPAINT30JAN201800PE.NFO,07/01/2020,09:18:38,73.05,72,7200,78.75,600,0,53400
ASIANPAINT30JAN201800PE.NFO,07/01/2020,09:18:46,73.05,72.2,3600,78.15,600,0,53400
ASIANPAINT30JAN201800PE.NFO,07/01/2020,09:18:53,73.05,72.4,4200,78.15,600,0,53400
ASIANPAINT30JAN201800PE.NFO,07/01/2020,09:19:00,73.05,72.5,6000,78.15,600,0,53400
ASIANPAINT30JAN201800PE.NFO,07/01/2020,09:19:08,73.05,72.55,6000,77.9,600,0,53400
ASIANPAINT30JAN201800PE.NFO,07/01/2020,09:19:16,73.05,72.55,3600,77.7,600,0,53400
ASIANPAINT30JAN201800PE.NFO,07/01/2020,09:19:24,73.05,72.55,3600,77.35,1200,0,53400
ASIANPAINT30JAN201800PE.NFO,07/01/2020,09:19:32,73.05,72.6,1200,76.85,600,0,53400
ASIANPAINT30JAN201800PE.NFO,07/01/2020,09:19:39,73.05,72.6,3600,77.65,600,0,53400
ASIANPAINT30JAN201800PE.NFO,07/01/2020,09:19:48,73.05,71.35,7200,77.35,600,0,53400
ASIANPAINT30JAN201800PE.NFO,07/01/2020,09:19:55,73.05,72.55,4200,78.1,600,0,53400
ASIANPAINT30JAN201800PE.NFO,07/01/2020,09:20:03,73.05,70.8,9000,77.45,600,0,53400
ASIANPAINT30JAN201800PE.NFO,07/01/2020,09:20:11,73.05,70.8,9000,77.9,1800,0,53400
ASIANPAINT30JAN201800PE.NFO,07/01/2020,09:20:19,73.05,70.9,9000,77.6,1200,0,53400
ASIANPAINT30JAN201800PE.NFO,07/01/2020,09:20:27,73.05,71,9000,77.3,600,0,53400
ASIANPAINT30JAN201800PE.NFO,07/01/2020,09:20:35,73.05,71.2,9000,77.05,600,0,53400
ASIANPAINT30JAN201800PE.NFO,07/01/2020,09:20:42,73.05,71.2,7800,77.45,1200,0,53400
ASIANPAINT30JAN201800PE.NFO,07/01/2020,09:20:50,73.05,71.4,2400,76.45,600,0,53400
ASIANPAINT30JAN201800PE.NFO,07/01/2020,09:20:57,73.05,71.4,2400,76.85,1200,0,53400
ASIANPAINT30JAN201800PE.NFO,07/01/2020,09:21:05,73.05,71.7,4800,76.9,600,0,53400
ASIANPAINT30JAN201800PE.NFO,07/01/2020,09:21:13,73.05,71.95,1200,76.5,600,0,53400
ASIANPAINT30JAN201800PE.NFO,07/01/2020,09:21:20,73.05,72.05,2400,76.85,600,0,53400
ASIANPAINT30JAN201800PE.NFO,07/01/2020,09:21:28,76.6,70.95,6600,76.8,600,600,52800
ASIANPAINT30JAN201800PE.NFO,07/01/2020,09:21:28,76.6,70.95,6600,76.8,600,0,52800
ASIANPAINT30JAN201800PE.NFO,07/01/2020,09:21:34,76.6,71.1,6000,76.55,600,0,52800
ASIANPAINT30JAN201800PE.NFO,07/01/2020,09:21:42,76.6,69.85,6000,75.35,600,0,52800
ASIANPAINT30JAN201800PE.NFO,07/01/2020,09:21:49,76.6,69.85,2400,75.2,600,0,52800
ASIANPAINT30JAN201800PE.NFO,07/01/2020,09:21:56,76.6,69.85,1200,74.05,600,0,52800
ASIANPAINT30JAN201800PE.NFO,07/01/2020,09:22:02,76.6,69.85,4800,75.45,600,0,52800
ASIANPAINT30JAN201800PE.NFO,07/01/2020,09:22:10,76.6,69.9,1200,74.45,600,0,52800
ASIANPAINT30JAN201800PE.NFO,07/01/2020,09:22:18,76.6,69.2,6600,75.15,4800,0,52800
ASIANPAINT30JAN201800PE.NFO,07/01/2020,09:22:25,76.6,69.2,6000,74.65,600,0,52800
ASIANPAINT30JAN201800PE.NFO,07/01/2020,09:22:32,76.6,69.2,6000,74.3,600,0,52800
ASIANPAINT30JAN201800PE.NFO,07/01/2020,09:22:39,76.6,69.3,6600,74.45,600,0,52800
ASIANPAINT30JAN201800PE.NFO,07/01/2020,09:22:45,76.6,69.8,6000,75.2,600,0,52800
ASIANPAINT30JAN201800PE.NFO,07/01/2020,09:22:52,76.6,70.3,6000,76.3,600,0,52800
ASIANPAINT30JAN201800PE.NFO,07/01/2020,09:22:58,76.6,70.3,6000,75.95,600,0,52800
ASIANPAINT30JAN201800PE.NFO,07/01/2020,09:23:04,76.6,70.3,4800,76.1,600,0,52800
ASIANPAINT30JAN201800PE.NFO,07/01/2020,09:23:11,76.6,70.3,4800,75.1,600,0,52800
ASIANPAINT30JAN201800PE.NFO,07/01/2020,09:23:18,76.6,70.3,4800,75.25,600,0,52800
ASIANPAINT30JAN201800PE.NFO,07/01/2020,09:23:25,76.6,70.5,4800,76.25,600,0,52800
ASIANPAINT30JAN201800PE.NFO,07/01/2020,09:23:31,76.6,70,5400,76.1,600,0,52800
ASIANPAINT30JAN201800PE.NFO,07/01/2020,09:23:38,76.6,70.25,5400,76.2,3000,0,52800
ASIANPAINT30JAN201800PE.NFO,07/01/2020,09:23:44,76.6,70.45,4800,75.95,600,0,52800
ASIANPAINT30JAN201800PE.NFO,07/01/2020,09:23:51,76.6,70.85,3600,76.5,3000,0,52800
ASIANPAINT30JAN201800PE.NFO,07/01/2020,09:23:58,76.6,70.05,4800,76.1,3000,0,52800
ASIANPAINT30JAN201800PE.NFO,07/01/2020,09:24:05,76.6,68.7,7200,74.75,600,0,52800
ASIANPAINT30JAN201800PE.NFO,07/01/2020,09:24:12,76.6,69.45,4800,74.55,600,0,52800
ASIANPAINT30JAN201800PE.NFO,07/01/2020,09:24:19,76.6,69.5,4800,75.6,600,0,52800
ASIANPAINT30JAN201800PE.NFO,07/01/2020,09:24:26,76.6,69.5,4800,75.3,600,0,52800
ASIANPAINT30JAN201800PE.NFO,07/01/2020,09:24:33,76.6,69.55,2400,74.9,600,0,52800
ASIANPAINT30JAN201800PE.NFO,07/01/2020,09:24:39,76.6,69.55,3600,76.1,3000,0,52800
ASIANPAINT30JAN201800PE.NFO,07/01/2020,09:24:45,76.6,69.7,3600,75.1,600,0,52800
ASIANPAINT30JAN201800PE.NFO,07/01/2020,09:24:52,76.6,69.7,3600,75.5,600,0,52800
ASIANPAINT30JAN201800PE.NFO,07/01/2020,09:24:58,76.6,69.75,3600,76.4,4200,0,52800
ASIANPAINT30JAN201800PE.NFO,07/01/2020,09:25:05,76.6,69.75,3600,75.3,600,0,52800
ASIANPAINT30JAN201800PE.NFO,07/01/2020,09:25:12,76.6,69.85,2400,74.55,600,0,52800
ASIANPAINT30JAN201800PE.NFO,07/01/2020,09:25:20,76.6,69.9,3600,75.25,600,0,52800
ASIANPAINT30JAN201800PE.NFO,07/01/2020,09:25:27,76.6,69.9,2400,74.7,600,0,52800
ASIANPAINT30JAN201800PE.NFO,07/01/2020,09:25:34,76.6,69.95,3600,75.05,600,0,52800
ASIANPAINT30JAN201800PE.NFO,07/01/2020,09:25:41,76.6,69.95,3600,75.3,600,0,52800
ASIANPAINT30JAN201800PE.NFO,07/01/2020,09:25:53,76.6,70.25,2400,75.5,600,0,52800
ASIANPAINT30JAN201800PE.NFO,07/01/2020,09:26:04,76.6,70.65,2400,76.35,1200,0,52800
ASIANPAINT30JAN201800PE.NFO,07/01/2020,09:26:12,76.6,69.15,3600,75.1,600,0,52800
ASIANPAINT30JAN201800PE.NFO,07/01/2020,09:26:19,76.6,69.5,600,75.7,600,0,52800
ASIANPAINT30JAN201800PE.NFO,07/01/2020,09:26:24,76.6,69.85,3000,75.7,1200,0,52800
ASIANPAINT30JAN201800PE.NFO,07/01/2020,09:26:29,76.6,68.75,5400,74.8,600,0,52800
ASIANPAINT30JAN201800PE.NFO,07/01/2020,09:26:37,76.6,69,3000,74.9,600,0,52800
ASIANPAINT30JAN201800PE.NFO,07/01/2020,09:26:43,76.6,69.5,4200,75.2,600,0,52800
ASIANPAINT30JAN201800PE.NFO,07/01/2020,09:26:49,76.6,69.6,3600,75.7,1800,0,52800
ASIANPAINT30JAN201800PE.NFO,07/01/2020,09:26:54,76.6,69.7,2400,75.55,600,0,52800
ASIANPAINT30JAN201800PE.NFO,07/01/2020,09:26:59,76.6,69.7,2400,75.1,600,0,52800
ASIANPAINT30JAN201800PE.NFO,07/01/2020,09:27:03,76.6,69.75,2400,75.2,600,0,52800
ASIANPAINT30JAN201800PE.NFO,07/01/2020,09:27:09,76.6,69.8,2400,75.5,600,0,52800
ASIANPAINT30JAN201800PE.NFO,07/01/2020,09:27:14,76.6,69.8,2400,75.3,600,0,52800
ASIANPAINT30JAN201800PE.NFO,07/01/2020,09:27:21,76.6,70.25,1200,75.75,600,0,52800
ASIANPAINT30JAN201800PE.NFO,07/01/2020,09:27:28,76.6,69.9,6600,75.75,600,0,52800
ASIANPAINT30JAN201800PE.NFO,07/01/2020,09:27:34,76.6,70.6,3000,75.75,600,0,52800
ASIANPAINT30JAN201800PE.NFO,07/01/2020,09:27:39,76.6,70.6,6600,75.75,600,0,52800
ASIANPAINT30JAN201800PE.NFO,07/01/2020,09:27:45,76.6,70.9,2400,75.75,600,0,52800
ASIANPAINT30JAN201800PE.NFO,07/01/2020,09:27:50,76.6,71.1,2400,75.75,600,0,52800
ASIANPAINT30JAN201800PE.NFO,07/01/2020,09:28:04,76.6,70,2400,75.95,600,0,52800
ASIANPAINT30JAN201800PE.NFO,07/01/2020,09:28:12,76.6,70,4800,76.15,600,0,52800
ASIANPAINT30JAN201800PE.NFO,07/01/2020,09:28:18,76,70.05,6600,76,600,1200,52200
ASIANPAINT30JAN201800PE.NFO,07/01/2020,09:28:30,76,70.05,9000,76,600,0,52200
ASIANPAINT30JAN201800PE.NFO,07/01/2020,09:28:46,76,70.15,9000,76,600,0,52200
ASIANPAINT30JAN201800PE.NFO,07/01/2020,09:28:52,76,70.3,9000,77.25,1800,1200,52200
ASIANPAINT30JAN201800PE.NFO,07/01/2020,09:28:58,76,70.3,9000,77.25,600,0,52200
ASIANPAINT30JAN201800PE.NFO,07/01/2020,09:29:03,76,70.8,9000,77.75,1800,0,52200
ASIANPAINT30JAN201800PE.NFO,07/01/2020,09:29:10,76,70.8,9000,77.95,3000,0,52200
ASIANPAINT30JAN201800PE.NFO,07/01/2020,09:29:16,76,70.8,9000,77.6,1800,0,52200
ASIANPAINT30JAN201800PE.NFO,07/01/2020,09:29:22,76,70.8,9000,77.7,1800,0,52200
ASIANPAINT30JAN201800PE.NFO,07/01/2020,09:29:27,76,70.8,9000,77.75,600,0,52200
ASIANPAINT30JAN201800PE.NFO,07/01/2020,09:29:33,76,70.8,9000,78.5,7200,0,52200
ASIANPAINT30JAN201800PE.NFO,07/01/2020,09:29:40,76,71.1,7800,77.95,3000,0,52200
ASIANPAINT30JAN201800PE.NFO,07/01/2020,09:29:47,76,71.1,6600,77.65,4200,0,52200
ASIANPAINT30JAN201800PE.NFO,07/01/2020,09:29:53,76,71.1,6600,77.65,3000,0,52200
ASIANPAINT30JAN201800PE.NFO,07/01/2020,09:29:58,76,72.4,600,78.2,2400,0,52200
ASIANPAINT30JAN201800PE.NFO,07/01/2020,09:30:04,76,72.35,1200,77.9,2400,0,52200
ASIANPAINT30JAN201800PE.NFO,07/01/2020,09:30:11,76,72.2,1200,78.15,6600,0,52200
ASIANPAINT30JAN201800PE.NFO,07/01/2020,09:30:18,76,71.9,600,78.15,3000,0,52200
ASIANPAINT30JAN201800PE.NFO,07/01/2020,09:30:24,76,72.25,1800,78.2,1800,0,52200
ASIANPAINT30JAN201800PE.NFO,07/01/2020,09:30:41,76,72.25,3000,78.15,1800,0,52200
ASIANPAINT30JAN201800PE.NFO,07/01/2020,09:30:51,76,72.25,5400,78.2,600,0,52200
ASIANPAINT30JAN201800PE.NFO,07/01/2020,09:30:56,76,72.25,6600,78.2,600,0,52200
ASIANPAINT30JAN201800PE.NFO,07/01/2020,09:31:02,76,72.25,6600,78.2,1800,0,52200
ASIANPAINT30JAN201800PE.NFO,07/01/2020,09:31:09,76,72.55,9000,79.3,6600,0,52200
ASIANPAINT30JAN201800PE.NFO,07/01/2020,09:31:15,76,72.55,4200,78.6,1800,0,52200
ASIANPAINT30JAN201800PE.NFO,07/01/2020,09:31:21,76,72.55,1800,78.45,1800,0,52200
ASIANPAINT30JAN201800PE.NFO,07/01/2020,09:31:32,76,72.55,1800,78.4,1200,0,52200
ASIANPAINT30JAN201800PE.NFO,07/01/2020,09:31:37,76,72.55,1800,78.8,5400,0,52200
ASIANPAINT30JAN201800PE.NFO,07/01/2020,09:31:43,76,72.55,1800,78.4,1800,0,52200
ASIANPAINT30JAN201800PE.NFO,07/01/2020,09:31:58,76,72.55,1800,78.4,3000,0,52200
ASIANPAINT30JAN201800PE.NFO,07/01/2020,09:32:02,76,72.55,1800,78.4,1800,0,52200
ASIANPAINT30JAN201800PE.NFO,07/01/2020,09:32:12,76,72.55,600,78.4,1800,0,52200
ASIANPAINT30JAN201800PE.NFO,07/01/2020,09:32:24,76,72.55,600,78.25,1800,0,52200
ASIANPAINT30JAN201800PE.NFO,07/01/2020,09:32:42,76,70.9,7800,77.7,3600,0,52200
ASIANPAINT30JAN201800PE.NFO,07/01/2020,09:32:48,76,70.9,9000,77.7,1800,0,52200
ASIANPAINT30JAN201800PE.NFO,07/01/2020,09:32:54,76,71.1,7800,77.7,3000,0,52200
ASIANPAINT30JAN201800PE.NFO,07/01/2020,09:32:59,76,71.85,600,77.7,3000,0,52200
ASIANPAINT30JAN201800PE.NFO,07/01/2020,09:33:04,76,71.75,3000,77.7,1800,0,52200
ASIANPAINT30JAN201800PE.NFO,07/01/2020,09:33:10,76,70.5,8400,77.6,1800,0,52200
ASIANPAINT30JAN201800PE.NFO,07/01/2020,09:33:15,76,71.85,600,77.6,1800,0,52200
ASIANPAINT30JAN201800PE.NFO,07/01/2020,09:33:21,76,71.85,1800,77.6,1800,0,52200
ASIANPAINT30JAN201800PE.NFO,07/01/2020,09:33:27,76,71.3,7800,77.8,1800,0,52200
ASIANPAINT30JAN201800PE.NFO,07/01/2020,09:33:33,76,71.3,7800,77.65,1800,0,52200
ASIANPAINT30JAN201800PE.NFO,07/01/2020,09:33:38,76,71.3,6600,77.45,1800,0,52200
ASIANPAINT30JAN201800PE.NFO,07/01/2020,09:33:43,76,71.3,7800,77.45,1800,0,52200
ASIANPAINT30JAN201800PE.NFO,07/01/2020,09:34:04,76,71.3,5400,77.35,1800,0,52200
ASIANPAINT30JAN201800PE.NFO,07/01/2020,09:34:09,76,70.25,7800,76.65,1800,0,52200
ASIANPAINT30JAN201800PE.NFO,07/01/2020,09:34:14,76,70.25,9000,76.55,600,0,52200
ASIANPAINT30JAN201800PE.NFO,07/01/2020,09:34:19,76,70.25,9000,77,600,0,52200
ASIANPAINT30JAN201800PE.NFO,07/01/2020,09:34:24,76,70.75,9000,77.4,1800,0,52200
ASIANPAINT30JAN201800PE.NFO,07/01/2020,09:34:35,76,70.75,9000,77.55,1200,0,52200
ASIANPAINT30JAN201800PE.NFO,07/01/2020,09:34:40,76,71.05,9000,78.1,3000,0,52200
ASIANPAINT30JAN201800PE.NFO,07/01/2020,09:34:45,76,71.05,9000,78.1,4200,0,52200
ASIANPAINT30JAN201800PE.NFO,07/01/2020,09:34:49,76,71.05,7800,77.75,3000,0,52200
ASIANPAINT30JAN201800PE.NFO,07/01/2020,09:34:54,76,71.05,7800,77.45,1200,0,52200
ASIANPAINT30JAN201800PE.NFO,07/01/2020,09:34:59,76,71.05,7800,77.65,1800,0,52200
ASIANPAINT30JAN201800PE.NFO,07/01/2020,09:35:05,76,71.05,9000,77.55,1200,0,52200
ASIANPAINT30JAN201800PE.NFO,07/01/2020,09:35:10,76,71.05,9000,78.25,1800,0,52200
ASIANPAINT30JAN201800PE.NFO,07/01/2020,09:35:15,76,72.05,7800,78.7,600,0,52200
ASIANPAINT30JAN201800PE.NFO,07/01/2020,09:35:19,76,72.05,7800,78.55,1200,0,52200
ASIANPAINT30JAN201800PE.NFO,07/01/2020,09:35:24,76,72.55,1800,78.5,1800,0,52200
ASIANPAINT30JAN201800PE.NFO,07/01/2020,09:35:30,76,70.35,9000,78.8,1200,0,52200
ASIANPAINT30JAN201800PE.NFO,07/01/2020,09:35:35,76,70.35,9000,78.75,3000,0,52200
ASIANPAINT30JAN201800PE.NFO,07/01/2020,09:35:42,76,72.05,9000,78.85,3000,0,52200
ASIANPAINT30JAN201800PE.NFO,07/01/2020,09:35:49,76,72.5,4200,78.75,1200,0,52200
ASIANPAINT30JAN201800PE.NFO,07/01/2020,09:35:56,76,72.75,600,78.6,1800,0,52200
ASIANPAINT30JAN201800PE.NFO,07/01/2020,09:36:02,76,72.15,3000,78.3,1200,0,52200
ASIANPAINT30JAN201800PE.NFO,07/01/2020,09:36:08,76,71.95,3000,78.3,2400,0,52200
ASIANPAINT30JAN201800PE.NFO,07/01/2020,09:36:13,76,71.95,5400,78.1,1200,0,52200
ASIANPAINT30JAN201800PE.NFO,07/01/2020,09:36:20,76,71.95,4200,78.3,1200,0,52200
ASIANPAINT30JAN201800PE.NFO,07/01/2020,09:36:25,76,71.95,5400,78.3,1200,0,52200
ASIANPAINT30JAN201800PE.NFO,07/01/2020,09:36:31,76,71.95,5400,78.2,3000,0,52200
ASIANPAINT30JAN201800PE.NFO,07/01/2020,09:36:36,76,71.95,3000,78.2,1200,0,52200
ASIANPAINT30JAN201800PE.NFO,07/01/2020,09:36:40,76,71.95,6600,78.15,1800,0,52200
ASIANPAINT30JAN201800PE.NFO,07/01/2020,09:36:46,76,71.95,5400,78.1,1800,0,52200
ASIANPAINT30JAN201800PE.NFO,07/01/2020,09:36:50,76,71.95,5400,78.05,1200,0,52200
ASIANPAINT30JAN201800PE.NFO,07/01/2020,09:36:56,76,71.95,6600,78.25,1200,0,52200
ASIANPAINT30JAN201800PE.NFO,07/01/2020,09:37:01,76,71.95,7800,78.35,1800,0,52200
ASIANPAINT30JAN201800PE.NFO,07/01/2020,09:37:06,76,71.95,6600,78.3,1800,0,52200
ASIANPAINT30JAN201800PE.NFO,07/01/2020,09:37:11,76,71.95,5400,78.3,1800,0,52200
ASIANPAINT30JAN201800PE.NFO,07/01/2020,09:37:15,76,71.95,6600,78.3,3000,0,52200
ASIANPAINT30JAN201800PE.NFO,07/01/2020,09:37:25,76,71.95,7800,78.35,600,0,52200
ASIANPAINT30JAN201800PE.NFO,07/01/2020,09:37:35,76,71.95,3000,77.7,600,0,52200
ASIANPAINT30JAN201800PE.NFO,07/01/2020,09:37:40,76,71.95,600,77.6,1200,0,52200
ASIANPAINT30JAN201800PE.NFO,07/01/2020,09:37:46,76,70.4,9000,77.25,600,0,52200
ASIANPAINT30JAN201800PE.NFO,07/01/2020,09:37:51,76,70.4,9000,77,1200,0,52200
ASIANPAINT30JAN201800PE.NFO,07/01/2020,09:37:54,76,70.4,9000,77,2400,0,52200
ASIANPAINT30JAN201800PE.NFO,07/01/2020,09:37:59,76,70.4,7800,76.4,600,0,52200
ASIANPAINT30JAN201800PE.NFO,07/01/2020,09:38:04,76,70.4,6600,76.3,600,0,52200
ASIANPAINT30JAN201800PE.NFO,07/01/2020,09:38:08,76,70.4,7800,76.35,1200,0,52200
ASIANPAINT30JAN201800PE.NFO,07/01/2020,09:38:13,76,70.4,9000,76.45,600,0,52200
ASIANPAINT30JAN201800PE.NFO,07/01/2020,09:38:18,76,70.4,7800,75.9,600,0,52200
ASIANPAINT30JAN201800PE.NFO,07/01/2020,09:38:28,76,70.4,7800,76.3,600,0,52200
ASIANPAINT30JAN201800PE.NFO,07/01/2020,09:38:32,76,71.05,3600,76.35,600,0,52200
ASIANPAINT30JAN201800PE.NFO,07/01/2020,09:38:37,76,71,2400,76.35,600,0,52200
ASIANPAINT30JAN201800PE.NFO,07/01/2020,09:38:41,76,71,2400,76.3,600,0,52200
ASIANPAINT30JAN201800PE.NFO,07/01/2020,09:38:46,76,70.7,7800,75.75,600,0,52200
ASIANPAINT30JAN201800PE.NFO,07/01/2020,09:38:51,76,70.65,2400,76.15,600,0,52200
ASIANPAINT30JAN201800PE.NFO,07/01/2020,09:38:56,76,70.5,4800,75.9,600,0,52200
ASIANPAINT30JAN201800PE.NFO,07/01/2020,09:39:00,76,68.95,9000,75.85,600,0,52200
ASIANPAINT30JAN201800PE.NFO,07/01/2020,09:39:12,76,68.95,9000,75.9,600,0,52200
ASIANPAINT30JAN201800PE.NFO,07/01/2020,09:39:13,76,68.95,9000,75.85,1200,0,52200
ASIANPAINT30JAN201800PE.NFO,07/01/2020,09:39:14,76,68.95,9000,75.7,1200,0,52200
ASIANPAINT30JAN201800PE.NFO,07/01/2020,09:39:15,76,68.95,9000,75.8,1200,0,52200
ASIANPAINT30JAN201800PE.NFO,07/01/2020,09:39:18,76,68.95,9000,75.7,1200,0,52200
ASIANPAINT30JAN201800PE.NFO,07/01/2020,09:39:19,76,68.95,9000,75.75,1200,0,52200
ASIANPAINT30JAN201800PE.NFO,07/01/2020,09:39:20,76,68.95,9000,75.8,1200,0,52200
ASIANPAINT30JAN201800PE.NFO,07/01/2020,09:39:21,76,68.95,9000,75.65,1200,0,52200
ASIANPAINT30JAN201800PE.NFO,07/01/2020,09:39:27,76,69.05,9000,75.65,1200,0,52200
ASIANPAINT30JAN201800PE.NFO,07/01/2020,09:39:34,76,69.05,9000,75.6,1200,0,52200
ASIANPAINT30JAN201800PE.NFO,07/01/2020,09:39:34,76,69.05,9000,75.55,1200,0,52200
ASIANPAINT30JAN201800PE.NFO,07/01/2020,09:39:35,76,69.05,9000,75.5,600,0,52200
ASIANPAINT30JAN201800PE.NFO,07/01/2020,09:39:40,76,69.05,9000,75.95,600,0,52200
ASIANPAINT30JAN201800PE.NFO,07/01/2020,09:39:42,76,69.05,9000,75.9,600,0,52200
ASIANPAINT30JAN201800PE.NFO,07/01/2020,09:39:44,76,69.55,9000,75.95,600,0,52200
ASIANPAINT30JAN201800PE.NFO,07/01/2020,09:39:45,76,69.55,9000,75.9,600,0,52200
ASIANPAINT30JAN201800PE.NFO,07/01/2020,09:39:46,76,69.55,9000,75.95,600,0,52200
ASIANPAINT30JAN201800PE.NFO,07/01/2020,09:39:48,76,69.55,9000,75.9,600,0,52200
ASIANPAINT30JAN201800PE.NFO,07/01/2020,09:39:48,76,69.55,9000,75.9,1800,0,52200
ASIANPAINT30JAN201800PE.NFO,07/01/2020,09:39:54,76,69.55,9000,75.8,600,0,52200
ASIANPAINT30JAN201800PE.NFO,07/01/2020,09:39:55,76,69.55,9000,75.9,600,0,52200
ASIANPAINT30JAN201800PE.NFO,07/01/2020,09:39:56,76,70.05,7800,75.95,1200,0,52200
ASIANPAINT30JAN201800PE.NFO,07/01/2020,09:39:57,76,70.05,7800,75.95,600,0,52200
ASIANPAINT30JAN201800PE.NFO,07/01/2020,09:39:58,76,70.05,9000,75.95,1200,0,52200
ASIANPAINT30JAN201800PE.NFO,07/01/2020,09:40:00,76,70.05,9000,75.95,600,0,52200
ASIANPAINT30JAN201800PE.NFO,07/01/2020,09:40:01,76,70.05,5400,75.85,600,0,52200
ASIANPAINT30JAN201800PE.NFO,07/01/2020,09:40:02,76,70.05,5400,75.7,1200,0,52200
ASIANPAINT30JAN201800PE.NFO,07/01/2020,09:40:04,76,71,600,75.7,1200,0,52200
ASIANPAINT30JAN201800PE.NFO,07/01/2020,09:40:05,76,71,600,75.75,1200,0,52200
ASIANPAINT30JAN201800PE.NFO,07/01/2020,09:40:06,76,71,600,75.7,1200,0,52200
ASIANPAINT30JAN201800PE.NFO,07/01/2020,09:40:07,76,71,600,75.75,1200,0,52200
ASIANPAINT30JAN201800PE.NFO,07/01/2020,09:40:08,76,71,600,75.55,1200,0,52200
ASIANPAINT30JAN201800PE.NFO,07/01/2020,09:40:09,76,71,600,75.5,1800,0,52200
ASIANPAINT30JAN201800PE.NFO,07/01/2020,09:40:10,76,71.1,600,76,600,0,52200
ASIANPAINT30JAN201800PE.NFO,07/01/2020,09:40:11,76,71.05,600,76,600,0,52200
ASIANPAINT30JAN201800PE.NFO,07/01/2020,09:40:15,76,71.15,7800,76,600,0,52200
ASIANPAINT30JAN201800PE.NFO,07/01/2020,09:40:22,76,71.25,9000,77.4,600,0,52200
ASIANPAINT30JAN201800PE.NFO,07/01/2020,09:40:27,76,71.1,4200,77.3,1200,0,52200
ASIANPAINT30JAN201800PE.NFO,07/01/2020,09:40:32,76,71.2,9000,77.4,600,0,52200
ASIANPAINT30JAN201800PE.NFO,07/01/2020,09:40:42,76,71.55,7800,77.4,600,0,52200
ASIANPAINT30JAN201800PE.NFO,07/01/2020,09:40:47,76,71.6,5400,77.4,600,0,52200
ASIANPAINT30JAN201800PE.NFO,07/01/2020,09:40:52,76,71.6,7800,77.4,600,0,52200
ASIANPAINT30JAN201800PE.NFO,07/01/2020,09:40:56,76,72.05,4200,77.4,600,0,52200
ASIANPAINT30JAN201800PE.NFO,07/01/2020,09:41:01,76,72.55,4200,78.2,600,0,52200
ASIANPAINT30JAN201800PE.NFO,07/01/2020,09:41:06,76,72.55,9000,78.85,600,0,52200
ASIANPAINT30JAN201800PE.NFO,07/01/2020,09:41:12,76,72.55,9000,79.3,600,0,52200
ASIANPAINT30JAN201800PE.NFO,07/01/2020,09:41:16,76,72.55,9000,79.15,600,0,52200
ASIANPAINT30JAN201800PE.NFO,07/01/2020,09:41:17,76,72.55,9000,79.15,1800,0,52200
ASIANPAINT30JAN201800PE.NFO,07/01/2020,09:41:19,76,72.55,9000,79.05,600,0,52200
ASIANPAINT30JAN201800PE.NFO,07/01/2020,09:41:20,76,72.55,9000,78.95,600,0,52200
ASIANPAINT30JAN201800PE.NFO,07/01/2020,09:41:21,76,72.55,7800,78.65,1800,0,52200
ASIANPAINT30JAN201800PE.NFO,07/01/2020,09:41:22,76,72.55,9000,78.6,600,0,52200
ASIANPAINT30JAN201800PE.NFO,07/01/2020,09:41:23,76,72.55,7800,78.6,1200,0,52200
ASIANPAINT30JAN201800PE.NFO,07/01/2020,09:41:25,76,73.05,600,78.6,600,0,52200
ASIANPAINT30JAN201800PE.NFO,07/01/2020,09:41:26,76,73.05,4200,78.6,600,0,52200
ASIANPAINT30JAN201800PE.NFO,07/01/2020,09:41:27,76,73.05,5400,78.6,600,0,52200
ASIANPAINT30JAN201800PE.NFO,07/01/2020,09:41:28,76,73.5,3600,79,600,0,52200
ASIANPAINT30JAN201800PE.NFO,07/01/2020,09:41:30,76,73.5,3000,79,600,0,52200
ASIANPAINT30JAN201800PE.NFO,07/01/2020,09:41:31,76,73.85,600,79,600,0,52200
ASIANPAINT30JAN201800PE.NFO,07/01/2020,09:41:34,76,73.85,600,78.95,1200,0,52200
ASIANPAINT30JAN201800PE.NFO,07/01/2020,09:41:35,76,74.05,600,78.95,1200,0,52200
ASIANPAINT30JAN201800PE.NFO,07/01/2020,09:41:37,76,74.05,600,79,600,0,52200
ASIANPAINT30JAN201800PE.NFO,07/01/2020,09:41:39,76,74.05,600,78.95,1200,0,52200
ASIANPAINT30JAN201800PE.NFO,07/01/2020,09:41:47,76,74.5,600,78.95,1200,0,52200
ASIANPAINT30JAN201800PE.NFO,07/01/2020,09:42:08,76,74.5,600,78.7,1200,0,52200
ASIANPAINT30JAN201800PE.NFO,07/01/2020,09:42:09,76,74.5,600,78.65,1200,0,52200
ASIANPAINT30JAN201800PE.NFO,07/01/2020,09:42:11,76,74.5,600,78.55,600,0,52200
ASIANPAINT30JAN201800PE.NFO,07/01/2020,09:42:16,76,74.5,600,78.55,1800,0,52200
ASIANPAINT30JAN201800PE.NFO,07/01/2020,09:42:22,76,74.5,600,78.55,600,0,52200
ASIANPAINT30JAN201800PE.NFO,07/01/2020,09:42:29,76,75,600,78.55,600,0,52200
ASIANPAINT30JAN201800PE.NFO,07/01/2020,09:42:37,76,75,600,78.3,1200,0,52200
ASIANPAINT30JAN201800PE.NFO,07/01/2020,09:42:44,76,75,600,78.2,600,0,52200
ASIANPAINT30JAN201800PE.NFO,07/01/2020,09:42:50,76,75,600,78.4,1200,0,52200
ASIANPAINT30JAN201800PE.NFO,07/01/2020,09:43:07,76,75.5,600,78.5,1200,0,52200
ASIANPAINT30JAN201800PE.NFO,07/01/2020,09:43:13,76,75.5,600,79.7,600,0,52200
ASIANPAINT30JAN201800PE.NFO,07/01/2020,09:43:23,76,75.5,600,79.6,1200,0,52200
ASIANPAINT30JAN201800PE.NFO,07/01/2020,09:43:29,76,75.5,600,79.55,600,0,52200
ASIANPAINT30JAN201800PE.NFO,07/01/2020,09:43:38,76,75.95,600,81.15,600,0,52200
ASIANPAINT30JAN201800PE.NFO,07/01/2020,09:43:48,76,75.9,600,80.95,1200,0,52200
ASIANPAINT30JAN201800PE.NFO,07/01/2020,09:43:53,76,75.55,600,80.65,1200,0,52200
ASIANPAINT30JAN201800PE.NFO,07/01/2020,09:44:03,76,75.5,600,79.95,1200,0,52200
ASIANPAINT30JAN201800PE.NFO,07/01/2020,09:44:09,76,75.5,600,79.9,1200,0,52200
ASIANPAINT30JAN201800PE.NFO,07/01/2020,09:44:12,76,75.5,600,80.1,1200,0,52200
ASIANPAINT30JAN201800PE.NFO,07/01/2020,09:44:13,76,75.55,600,80.1,1200,0,52200
ASIANPAINT30JAN201800PE.NFO,07/01/2020,09:44:15,76,75.5,600,80.05,1200,0,52200
ASIANPAINT30JAN201800PE.NFO,07/01/2020,09:44:16,76,75.5,600,80.1,1200,0,52200
ASIANPAINT30JAN201800PE.NFO,07/01/2020,09:44:17,76,75.5,600,80,1200,0,52200
ASIANPAINT30JAN201800PE.NFO,07/01/2020,09:44:20,76,75.5,600,79.9,1200,0,52200
ASIANPAINT30JAN201800PE.NFO,07/01/2020,09:44:21,76,75.55,600,80.1,1200,0,52200
ASIANPAINT30JAN201800PE.NFO,07/01/2020,09:44:22,76,75.75,600,80.7,1200,0,52200
ASIANPAINT30JAN201800PE.NFO,07/01/2020,09:44:23,76,75.7,600,80.7,1200,0,52200
ASIANPAINT30JAN201800PE.NFO,07/01/2020,09:44:24,76,76,600,80.7,1200,0,52200
ASIANPAINT30JAN201800PE.NFO,07/01/2020,09:44:26,76,76.1,600,80.7,1200,0,52200
ASIANPAINT30JAN201800PE.NFO,07/01/2020,09:44:33,76,75.55,1800,80.7,1200,0,52200
ASIANPAINT30JAN201800PE.NFO,07/01/2020,09:44:35,76,75.65,600,80.6,1200,0,52200
ASIANPAINT30JAN201800PE.NFO,07/01/2020,09:44:36,76,75.85,600,80.7,1200,0,52200
ASIANPAINT30JAN201800PE.NFO,07/01/2020,09:44:39,76,76.05,600,80.7,1200,0,52200
ASIANPAINT30JAN201800PE.NFO,07/01/2020,09:44:42,76,76.4,600,81.1,1200,0,52200
ASIANPAINT30JAN201800PE.NFO,07/01/2020,09:44:44,76,76.4,600,81.2,1200,0,52200
ASIANPAINT30JAN201800PE.NFO,07/01/2020,09:44:45,76,76.4,600,81.1,1200,0,52200
ASIANPAINT30JAN201800PE.NFO,07/01/2020,09:44:46,76,76.4,600,81.2,1200,0,52200
ASIANPAINT30JAN201800PE.NFO,07/01/2020,09:44:47,76,76.4,600,81.1,1200,0,52200
ASIANPAINT30JAN201800PE.NFO,07/01/2020,09:44:49,76,75.55,5400,80.9,1200,0,52200
ASIANPAINT30JAN201800PE.NFO,07/01/2020,09:44:49,76,75.7,2400,80.9,1200,0,52200
ASIANPAINT30JAN201800PE.NFO,07/01/2020,09:44:50,76,76.05,600,80.8,1200,0,52200
ASIANPAINT30JAN201800PE.NFO,07/01/2020,09:44:51,76,75.8,600,80.7,1200,0,52200
ASIANPAINT30JAN201800PE.NFO,07/01/2020,09:44:52,76,75.8,600,80.6,1200,0,52200
ASIANPAINT30JAN201800PE.NFO,07/01/2020,09:44:54,76,75.8,600,80.35,1200,0,52200
ASIANPAINT30JAN201800PE.NFO,07/01/2020,09:44:55,76,75.8,600,80.3,1200,0,52200
ASIANPAINT30JAN201800PE.NFO,07/01/2020,09:45:01,76,75.8,600,80.25,1200,0,52200
ASIANPAINT30JAN201800PE.NFO,07/01/2020,09:45:02,76,75.8,600,80.3,1200,0,52200
ASIANPAINT30JAN201800PE.NFO,07/01/2020,09:45:03,76,75.8,600,80.25,1200,0,52200
ASIANPAINT30JAN201800PE.NFO,07/01/2020,09:45:04,76,75.6,600,80.35,1200,0,52200
ASIANPAINT30JAN201800PE.NFO,07/01/2020,09:45:05,76,75.6,600,80.3,1200,0,52200
ASIANPAINT30JAN201800PE.NFO,07/01/2020,09:45:06,76,75.6,600,80.25,1200,0,52200
ASIANPAINT30JAN201800PE.NFO,07/01/2020,09:45:10,76,75.6,600,80.3,1200,0,52200
ASIANPAINT30JAN201800PE.NFO,07/01/2020,09:45:12,76,75.6,600,80.25,1200,0,52200
ASIANPAINT30JAN201800PE.NFO,07/01/2020,09:45:16,76,75.6,600,80.2,1200,0,52200
ASIANPAINT30JAN201800PE.NFO,07/01/2020,09:45:22,76,75.5,600,80,1200,0,52200
ASIANPAINT30JAN201800PE.NFO,07/01/2020,09:45:27,76,75.5,600,79.9,1200,0,52200
ASIANPAINT30JAN201800PE.NFO,07/01/2020,09:45:32,76,75.5,600,79.85,1200,0,52200
ASIANPAINT30JAN201800PE.NFO,07/01/2020,09:45:37,76,75.55,600,79.65,1200,0,52200
ASIANPAINT30JAN201800PE.NFO,07/01/2020,09:45:42,76,75.5,600,79.55,1200,0,52200
ASIANPAINT30JAN201800PE.NFO,07/01/2020,09:45:46,76,75.65,600,80.2,1200,0,52200
ASIANPAINT30JAN201800PE.NFO,07/01/2020,09:45:51,76,75.65,600,80.4,1200,0,52200
ASIANPAINT30JAN201800PE.NFO,07/01/2020,09:45:56,76,75.65,600,80.45,1200,0,52200
ASIANPAINT30JAN201800PE.NFO,07/01/2020,09:46:00,76,76,600,80.6,1200,0,52200
ASIANPAINT30JAN201800PE.NFO,07/01/2020,09:46:04,76,75.55,4200,80.9,1200,0,52200
ASIANPAINT30JAN201800PE.NFO,07/01/2020,09:46:09,76,75.65,9000,81.3,1200,0,52200
ASIANPAINT30JAN201800PE.NFO,07/01/2020,09:46:12,76,75.65,6600,81.25,1200,0,52200
ASIANPAINT30JAN201800PE.NFO,07/01/2020,09:46:13,76,75.65,5400,81.25,1200,0,52200
ASIANPAINT30JAN201800PE.NFO,07/01/2020,09:46:14,76,75.65,4200,81.2,1200,0,52200
ASIANPAINT30JAN201800PE.NFO,07/01/2020,09:46:15,76,75.65,5400,81.2,1200,0,52200
ASIANPAINT30JAN201800PE.NFO,07/01/2020,09:46:16,76,75.65,5400,81.15,1200,0,52200
ASIANPAINT30JAN201800PE.NFO,07/01/2020,09:46:17,76,75.65,4200,81.1,1200,0,52200
ASIANPAINT30JAN201800PE.NFO,07/01/2020,09:46:19,76,75.65,5400,81.1,1200,0,52200
ASIANPAINT30JAN201800PE.NFO,07/01/2020,09:46:20,76,75.65,4200,81,1200,0,52200
ASIANPAINT30JAN201800PE.NFO,07/01/2020,09:46:21,76,75.65,5400,81,1200,0,52200
ASIANPAINT30JAN201800PE.NFO,07/01/2020,09:46:22,76,75.75,1800,81,1200,0,52200
ASIANPAINT30JAN201800PE.NFO,07/01/2020,09:46:22,76,75.75,3000,81,1200,0,52200
ASIANPAINT30JAN201800PE.NFO,07/01/2020,09:46:23,76,75.75,4200,81,1200,0,52200
ASIANPAINT30JAN201800PE.NFO,07/01/2020,09:46:25,76,75.75,1800,81.1,1200,0,52200
ASIANPAINT30JAN201800PE.NFO,07/01/2020,09:46:27,76,75.75,1800,81.2,1200,0,52200
ASIANPAINT30JAN201800PE.NFO,07/01/2020,09:46:28,76,75.75,4200,81.1,1200,0,52200
ASIANPAINT30JAN201800PE.NFO,07/01/2020,09:46:29,76,75.75,5400,81.2,1200,0,52200
ASIANPAINT30JAN201800PE.NFO,07/01/2020,09:46:30,76,75.85,4200,81.2,1200,0,52200
ASIANPAINT30JAN201800PE.NFO,07/01/2020,09:46:32,76,75.85,600,81.2,1200,0,52200
ASIANPAINT30JAN201800PE.NFO,07/01/2020,09:46:33,76,75.85,5400,81.2,1800,0,52200
ASIANPAINT30JAN201800PE.NFO,07/01/2020,09:46:34,76,75.85,4200,81.15,600,0,52200
ASIANPAINT30JAN201800PE.NFO,07/01/2020,09:46:35,76,76.05,600,81.1,1200,0,52200
ASIANPAINT30JAN201800PE.NFO,07/01/2020,09:46:36,76,76.05,3000,81.1,1200,0,52200
ASIANPAINT30JAN201800PE.NFO,07/01/2020,09:46:37,76,76.05,1800,81.05,1200,0,52200
ASIANPAINT30JAN201800PE.NFO,07/01/2020,09:46:38,76,76.05,1800,81,600,0,52200
ASIANPAINT30JAN201800PE.NFO,07/01/2020,09:46:39,76,76.05,1800,81.15,600,0,52200
ASIANPAINT30JAN201800PE.NFO,07/01/2020,09:46:43,76,76.05,3000,81.25,1200,0,52200
ASIANPAINT30JAN201800PE.NFO,07/01/2020,09:46:44,76,76.05,1800,81.05,600,0,52200
ASIANPAINT30JAN201800PE.NFO,07/01/2020,09:46:45,76,76.05,1800,81.15,1200,0,52200
ASIANPAINT30JAN201800PE.NFO,07/01/2020,09:46:46,76,76.05,1800,81.1,600,0,52200
ASIANPAINT30JAN201800PE.NFO,07/01/2020,09:46:47,76,76.05,1800,81.05,1200,0,52200
ASIANPAINT30JAN201800PE.NFO,07/01/2020,09:46:48,76,76.05,1800,81,600,0,52200
ASIANPAINT30JAN201800PE.NFO,07/01/2020,09:46:49,76,76.05,3000,81,600,0,52200
ASIANPAINT30JAN201800PE.NFO,07/01/2020,09:46:50,76,76.05,1800,81,600,0,52200
ASIANPAINT30JAN201800PE.NFO,07/01/2020,09:46:51,76,76.05,3000,81,600,0,52200
ASIANPAINT30JAN201800PE.NFO,07/01/2020,09:46:54,76,76.05,3000,81,1200,0,52200
ASIANPAINT30JAN201800PE.NFO,07/01/2020,09:46:58,76,76.05,3000,81.1,1200,0,52200
ASIANPAINT30JAN201800PE.NFO,07/01/2020,09:46:59,76,76.05,3000,81.05,1200,0,52200
ASIANPAINT30JAN201800PE.NFO,07/01/2020,09:47:00,76,76.05,3000,81.15,1200,0,52200
ASIANPAINT30JAN201800PE.NFO,07/01/2020,09:47:02,76,76.05,4200,81.25,1200,0,52200
ASIANPAINT30JAN201800PE.NFO,07/01/2020,09:47:03,76,76.05,3000,81.15,1200,0,52200
ASIANPAINT30JAN201800PE.NFO,07/01/2020,09:47:05,76,76.05,3000,80.95,1200,0,52200
ASIANPAINT30JAN201800PE.NFO,07/01/2020,09:47:06,76,76.05,3000,80.9,1200,0,52200
ASIANPAINT30JAN201800PE.NFO,07/01/2020,09:47:09,76,75.6,600,79.85,1200,0,52200
ASIANPAINT30JAN201800PE.NFO,07/01/2020,09:47:10,76,75.55,600,79.85,1200,0,52200
ASIANPAINT30JAN201800PE.NFO,07/01/2020,09:47:10,76,75.6,600,79.85,1200,0,52200
ASIANPAINT30JAN201800PE.NFO,07/01/2020,09:47:13,76,75.55,600,79.75,1200,0,52200
ASIANPAINT30JAN201800PE.NFO,07/01/2020,09:47:14,76,75.55,600,79.8,1200,0,52200
ASIANPAINT30JAN201800PE.NFO,07/01/2020,09:47:16,76,75.6,600,79.85,1200,0,52200
ASIANPAINT30JAN201800PE.NFO,07/01/2020,09:47:17,76,75.6,600,79.75,1200,0,52200
ASIANPAINT30JAN201800PE.NFO,07/01/2020,09:47:18,76,75.55,600,79.75,1200,0,52200
ASIANPAINT30JAN201800PE.NFO,07/01/2020,09:47:19,76,75.55,600,79.8,1200,0,52200
ASIANPAINT30JAN201800PE.NFO,07/01/2020,09:47:22,76,75.55,600,79.9,1200,0,52200
ASIANPAINT30JAN201800PE.NFO,07/01/2020,09:47:23,76,75.55,600,79.75,1200,0,52200
ASIANPAINT30JAN201800PE.NFO,07/01/2020,09:47:27,76,75.55,600,79.65,1200,0,52200
ASIANPAINT30JAN201800PE.NFO,07/01/2020,09:47:28,76,75.55,600,79.75,1200,0,52200
ASIANPAINT30JAN201800PE.NFO,07/01/2020,09:47:29,76,75.5,600,79.2,1200,0,52200
ASIANPAINT30JAN201800PE.NFO,07/01/2020,09:47:29,76,75.5,600,79.1,1200,0,52200
ASIANPAINT30JAN201800PE.NFO,07/01/2020,09:47:32,76,75.5,600,79.2,1200,0,52200
ASIANPAINT30JAN201800PE.NFO,07/01/2020,09:47:33,76,75.5,600,79.3,1200,0,52200
ASIANPAINT30JAN201800PE.NFO,07/01/2020,09:47:35,76,75.5,600,79.25,1200,0,52200
ASIANPAINT30JAN201800PE.NFO,07/01/2020,09:47:36,76,75.5,600,79.3,1200,0,52200
ASIANPAINT30JAN201800PE.NFO,07/01/2020,09:47:39,76,75.5,600,79.1,1200,0,52200
ASIANPAINT30JAN201800PE.NFO,07/01/2020,09:47:40,76,75.5,600,79.2,1200,0,52200
ASIANPAINT30JAN201800PE.NFO,07/01/2020,09:47:41,76,75.5,600,79.15,1200,0,52200
ASIANPAINT30JAN201800PE.NFO,07/01/2020,09:47:42,76,75.5,600,78.95,1200,0,52200
ASIANPAINT30JAN201800PE.NFO,07/01/2020,09:47:43,76,75.5,600,79.1,1200,0,52200
ASIANPAINT30JAN201800PE.NFO,07/01/2020,09:47:44,76,75.5,600,79.15,1200,0,52200
ASIANPAINT30JAN201800PE.NFO,07/01/2020,09:47:44,76,75.5,600,79.05,1200,0,52200
ASIANPAINT30JAN201800PE.NFO,07/01/2020,09:47:45,76,75.5,600,79.1,1200,0,52200
ASIANPAINT30JAN201800PE.NFO,07/01/2020,09:47:47,76,75.5,600,79.15,1200,0,52200
ASIANPAINT30JAN201800PE.NFO,07/01/2020,09:47:50,76,75.5,600,79.2,1200,0,52200
ASIANPAINT30JAN201800PE.NFO,07/01/2020,09:47:52,76,75.5,600,78.95,1200,0,52200
ASIANPAINT30JAN201800PE.NFO,07/01/2020,09:47:55,76,75.5,600,79.2,1200,0,52200
ASIANPAINT30JAN201800PE.NFO,07/01/2020,09:47:56,76,75.5,600,79.45,1200,0,52200
ASIANPAINT30JAN201800PE.NFO,07/01/2020,09:47:57,76,75.5,600,79.35,1200,0,52200
ASIANPAINT30JAN201800PE.NFO,07/01/2020,09:47:59,76,75.5,600,79.5,1200,0,52200
ASIANPAINT30JAN201800PE.NFO,07/01/2020,09:48:00,76,75.5,600,79.4,1200,0,52200
ASIANPAINT30JAN201800PE.NFO,07/01/2020,09:48:02,76,75.5,600,79.5,1200,0,52200
ASIANPAINT30JAN201800PE.NFO,07/01/2020,09:48:05,76,75.5,600,79.3,1200,0,52200
ASIANPAINT30JAN201800PE.NFO,07/01/2020,09:48:06,76,75.5,600,79.4,1200,0,52200
ASIANPAINT30JAN201800PE.NFO,07/01/2020,09:48:09,76,75.5,600,79.35,1200,0,52200
ASIANPAINT30JAN201800PE.NFO,07/01/2020,09:48:09,76,75.5,600,79.4,1200,0,52200
ASIANPAINT30JAN201800PE.NFO,07/01/2020,09:48:12,76,75.5,600,79.35,1200,0,52200
ASIANPAINT30JAN201800PE.NFO,07/01/2020,09:48:14,76,75.5,600,79.4,1200,0,52200
ASIANPAINT30JAN201800PE.NFO,07/01/2020,09:48:15,76,75.5,600,79.35,1200,0,52200
ASIANPAINT30JAN201800PE.NFO,07/01/2020,09:48:16,76,75.5,600,79.2,1200,0,52200
ASIANPAINT30JAN201800PE.NFO,07/01/2020,09:48:17,76,75.5,600,79.25,1200,0,52200
ASIANPAINT30JAN201800PE.NFO,07/01/2020,09:48:20,76,75.5,600,79.3,1200,0,52200
ASIANPAINT30JAN201800PE.NFO,07/01/2020,09:48:21,76,75.5,600,79.2,1200,0,52200
ASIANPAINT30JAN201800PE.NFO,07/01/2020,09:48:23,76,75.5,600,78.85,1200,0,52200
ASIANPAINT30JAN201800PE.NFO,07/01/2020,09:48:29,76,75.5,600,78.45,1200,0,52200
ASIANPAINT30JAN201800PE.NFO,07/01/2020,09:48:30,76,75.5,600,78.3,1200,0,52200
ASIANPAINT30JAN201800PE.NFO,07/01/2020,09:48:31,76,75.5,600,78.4,1200,0,52200
ASIANPAINT30JAN201800PE.NFO,07/01/2020,09:48:32,76,75.5,600,78.5,1200,0,52200
ASIANPAINT30JAN201800PE.NFO,07/01/2020,09:48:34,76,75.5,600,78.75,1200,0,52200
ASIANPAINT30JAN201800PE.NFO,07/01/2020,09:48:35,76,75.5,600,78.7,1200,0,52200
ASIANPAINT30JAN201800PE.NFO,07/01/2020,09:48:38,76,75.5,600,78.65,1200,0,52200
ASIANPAINT30JAN201800PE.NFO,07/01/2020,09:48:39,76,75.5,600,78.75,1200,0,52200
ASIANPAINT30JAN201800PE.NFO,07/01/2020,09:48:41,76,75.5,600,78.85,1200,0,52200
ASIANPAINT30JAN201800PE.NFO,07/01/2020,09:48:42,76,75.5,600,78.8,1200,0,52200
ASIANPAINT30JAN201800PE.NFO,07/01/2020,09:48:43,76,75.5,600,78.95,1200,0,52200
ASIANPAINT30JAN201800PE.NFO,07/01/2020,09:48:47,76,75.5,600,79.05,1200,0,52200
ASIANPAINT30JAN201800PE.NFO,07/01/2020,09:48:48,76,75.5,600,78.95,1200,0,52200
ASIANPAINT30JAN201800PE.NFO,07/01/2020,09:48:49,76,75.5,600,79,1200,0,52200
ASIANPAINT30JAN201800PE.NFO,07/01/2020,09:48:50,76,76,600,78.85,1200,0,52200
ASIANPAINT30JAN201800PE.NFO,07/01/2020,09:48:55,76,76,600,79.05,1200,0,52200
ASIANPAINT30JAN201800PE.NFO,07/01/2020,09:48:56,76,76,600,78.6,1200,0,52200
ASIANPAINT30JAN201800PE.NFO,07/01/2020,09:48:57,76,76,600,78.7,1200,0,52200
ASIANPAINT30JAN201800PE.NFO,07/01/2020,09:48:58,76,76,600,78.3,1200,0,52200
ASIANPAINT30JAN201800PE.NFO,07/01/2020,09:49:01,76,76,600,78.4,1200,0,52200
ASIANPAINT30JAN201800PE.NFO,07/01/2020,09:49:03,76,76,600,78.3,1200,0,52200
ASIANPAINT30JAN201800PE.NFO,07/01/2020,09:49:05,76,76,600,78.2,1200,0,52200
ASIANPAINT30JAN201800PE.NFO,07/01/2020,09:49:10,76,76,600,78.25,1200,0,52200
ASIANPAINT30JAN201800PE.NFO,07/01/2020,09:49:11,76,76,600,78.2,1200,0,52200
ASIANPAINT30JAN201800PE.NFO,07/01/2020,09:49:13,76,76,600,78.25,1200,0,52200
ASIANPAINT30JAN201800PE.NFO,07/01/2020,09:49:17,76,76,600,78.2,1200,0,52200
ASIANPAINT30JAN201800PE.NFO,07/01/2020,09:49:20,76,76,600,78.3,1200,0,52200
ASIANPAINT30JAN201800PE.NFO,07/01/2020,09:49:25,76,76,600,78.45,1200,0,52200
ASIANPAINT30JAN201800PE.NFO,07/01/2020,09:49:31,76,72.4,600,77.05,1200,600,50400
ASIANPAINT30JAN201800PE.NFO,07/01/2020,09:49:37,76,72.9,600,77.35,600,0,50400
ASIANPAINT30JAN201800PE.NFO,07/01/2020,09:49:42,76,72.7,600,77.1,600,0,50400
ASIANPAINT30JAN201800PE.NFO,07/01/2020,09:49:46,76,72.15,3600,76.95,1200,0,50400
ASIANPAINT30JAN201800PE.NFO,07/01/2020,09:49:50,76,72.6,600,76.85,600,0,50400
ASIANPAINT30JAN201800PE.NFO,07/01/2020,09:49:56,76,72.6,600,76.85,1800,0,50400
ASIANPAINT30JAN201800PE.NFO,07/01/2020,09:50:02,76,72.8,600,76.85,1800,0,50400
ASIANPAINT30JAN201800PE.NFO,07/01/2020,09:50:10,76,72.9,600,76.5,600,0,50400
ASIANPAINT30JAN201800PE.NFO,07/01/2020,09:50:36,76,72.75,600,76.5,600,0,50400
ASIANPAINT30JAN201800PE.NFO,07/01/2020,09:50:40,76,73.1,600,76.6,600,0,50400
ASIANPAINT30JAN201800PE.NFO,07/01/2020,09:50:46,76.6,73.3,600,77.25,600,600,50400
ASIANPAINT30JAN201800PE.NFO,07/01/2020,09:50:50,76.6,73.3,600,77.25,600,0,50400
ASIANPAINT30JAN201800PE.NFO,07/01/2020,09:50:55,76.6,73.3,600,77,600,0,50400
ASIANPAINT30JAN201800PE.NFO,07/01/2020,09:51:08,76.6,73.3,600,76.55,600,0,50400
ASIANPAINT30JAN201800PE.NFO,07/01/2020,09:51:21,76.6,71.45,600,75.15,600,0,50400
ASIANPAINT30JAN201800PE.NFO,07/01/2020,09:51:26,76.6,71.65,600,75.15,600,0,50400
ASIANPAINT30JAN201800PE.NFO,07/01/2020,09:51:30,76.6,71.85,600,75.15,600,0,50400
ASIANPAINT30JAN201800PE.NFO,07/01/2020,09:51:50,76.6,71,600,74.75,600,0,50400
ASIANPAINT30JAN201800PE.NFO,07/01/2020,09:52:02,76.6,71,600,74.3,600,0,50400
ASIANPAINT30JAN201800PE.NFO,07/01/2020,09:52:15,76.6,71,600,74.8,600,0,50400
ASIANPAINT30JAN201800PE.NFO,07/01/2020,09:52:19,76.6,71.1,600,74.8,600,0,50400
ASIANPAINT30JAN201800PE.NFO,07/01/2020,09:52:24,76.6,71.2,600,74.8,600,0,50400
ASIANPAINT30JAN201800PE.NFO,07/01/2020,09:52:29,76.6,71.3,600,74.8,600,0,50400
ASIANPAINT30JAN201800PE.NFO,07/01/2020,09:52:34,76.6,71.4,600,74.45,1200,0,50400
ASIANPAINT30JAN201800PE.NFO,07/01/2020,09:52:39,76.6,71.6,600,75.05,1200,0,50400
ASIANPAINT30JAN201800PE.NFO,07/01/2020,09:52:43,76.6,71.05,600,74.4,1200,0,50400
ASIANPAINT30JAN201800PE.NFO,07/01/2020,09:52:48,76.6,71.05,600,74.2,1200,0,50400
ASIANPAINT30JAN201800PE.NFO,07/01/2020,09:52:52,76.6,71.05,600,74.15,1200,0,50400
ASIANPAINT30JAN201800PE.NFO,07/01/2020,09:52:56,76.6,71.05,600,74.25,1200,0,50400
ASIANPAINT30JAN201800PE.NFO,07/01/2020,09:53:00,76.6,71.35,600,74.5,1200,0,50400
ASIANPAINT30JAN201800PE.NFO,07/01/2020,09:53:04,76.6,71.45,600,74.75,1200,0,50400
ASIANPAINT30JAN201800PE.NFO,07/01/2020,09:53:10,76.6,71.45,600,74.8,1200,0,50400
ASIANPAINT30JAN201800PE.NFO,07/01/2020,09:53:15,76.6,71.45,600,74.65,1800,0,50400
ASIANPAINT30JAN201800PE.NFO,07/01/2020,09:53:19,76.6,71.45,600,74.65,600,0,50400
ASIANPAINT30JAN201800PE.NFO,07/01/2020,09:53:24,76.6,71.55,600,74.9,600,0,50400
ASIANPAINT30JAN201800PE.NFO,07/01/2020,09:53:29,76.6,71.65,600,74.95,1200,0,50400
ASIANPAINT30JAN201800PE.NFO,07/01/2020,09:53:33,76.6,71.85,600,75.05,1200,0,50400
ASIANPAINT30JAN201800PE.NFO,07/01/2020,09:53:37,76.6,71.85,600,75,1200,0,50400
ASIANPAINT30JAN201800PE.NFO,07/01/2020,09:53:46,76.6,71.4,600,74.85,600,0,50400
ASIANPAINT30JAN201800PE.NFO,07/01/2020,09:53:55,76.6,71.4,600,74.5,1200,0,50400
ASIANPAINT30JAN201800PE.NFO,07/01/2020,09:54:00,76.6,70.9,600,73.95,600,0,50400
ASIANPAINT30JAN201800PE.NFO,07/01/2020,09:54:05,76.6,70.4,600,73.8,1200,0,50400
ASIANPAINT30JAN201800PE.NFO,07/01/2020,09:54:10,76.6,70.6,600,74.1,1800,0,50400
ASIANPAINT30JAN201800PE.NFO,07/01/2020,09:54:19,76.6,70.7,600,74,600,0,50400
ASIANPAINT30JAN201800PE.NFO,07/01/2020,09:54:24,76.6,70.8,600,74.05,600,0,50400
ASIANPAINT30JAN201800PE.NFO,07/01/2020,09:54:34,76.6,70.9,600,74.05,600,0,50400
ASIANPAINT30JAN201800PE.NFO,07/01/2020,09:54:38,76.6,71.1,600,74.3,600,0,50400
ASIANPAINT30JAN201800PE.NFO,07/01/2020,09:54:43,76.6,69.7,6000,74.4,600,0,50400
ASIANPAINT30JAN201800PE.NFO,07/01/2020,09:54:47,76.6,70.1,8400,74.6,1800,0,50400
ASIANPAINT30JAN201800PE.NFO,07/01/2020,09:54:51,76.6,70.1,9600,74.4,600,0,50400
ASIANPAINT30JAN201800PE.NFO,07/01/2020,09:54:55,76.6,70.1,8400,74.3,600,0,50400
ASIANPAINT30JAN201800PE.NFO,07/01/2020,09:54:59,76.6,70.1,9600,74.3,600,0,50400
ASIANPAINT30JAN201800PE.NFO,07/01/2020,09:55:09,76.6,70.2,3000,74.6,600,0,50400
ASIANPAINT30JAN201800PE.NFO,07/01/2020,09:55:13,76.6,70.2,9600,74.6,600,0,50400
ASIANPAINT30JAN201800PE.NFO,07/01/2020,09:55:18,76.6,70.2,8400,74.4,600,0,50400
ASIANPAINT30JAN201800PE.NFO,07/01/2020,09:55:27,76.6,70.2,9600,74.4,600,0,50400
ASIANPAINT30JAN201800PE.NFO,07/01/2020,09:55:35,76.6,70.2,8400,74.4,600,0,50400
ASIANPAINT30JAN201800PE.NFO,07/01/2020,09:55:40,76.6,70.2,7200,74.4,600,0,50400
ASIANPAINT30JAN201800PE.NFO,07/01/2020,09:55:45,76.6,70.2,3600,74.4,600,0,50400
ASIANPAINT30JAN201800PE.NFO,07/01/2020,09:55:49,76.6,70.2,8400,74.4,600,0,50400
ASIANPAINT30JAN201800PE.NFO,07/01/2020,09:55:59,76.6,70.2,9600,74.4,600,0,50400
ASIANPAINT30JAN201800PE.NFO,07/01/2020,09:56:08,76.6,70.2,10800,75.05,600,0,50400
ASIANPAINT30JAN201800PE.NFO,07/01/2020,09:56:13,76.6,70.2,9600,75.05,2400,0,50400
ASIANPAINT30JAN201800PE.NFO,07/01/2020,09:56:18,76.6,70.2,9600,74.9,600,0,50400
ASIANPAINT30JAN201800PE.NFO,07/01/2020,09:56:22,76.6,70.4,9600,74.9,600,0,50400
ASIANPAINT30JAN201800PE.NFO,07/01/2020,09:56:27,76.6,70.5,9600,74.9,600,0,50400
ASIANPAINT30JAN201800PE.NFO,07/01/2020,09:56:32,76.6,71.4,600,74.9,600,0,50400
ASIANPAINT30JAN201800PE.NFO,07/01/2020,09:56:36,76.6,71.35,600,74.9,600,0,50400
ASIANPAINT30JAN201800PE.NFO,07/01/2020,09:56:40,76.6,71,600,74.8,600,0,50400
ASIANPAINT30JAN201800PE.NFO,07/01/2020,09:56:45,76.6,71.55,600,74.8,600,0,50400
ASIANPAINT30JAN201800PE.NFO,07/01/2020,09:56:49,76.6,71.85,600,74.8,600,0,50400
ASIANPAINT30JAN201800PE.NFO,07/01/2020,09:56:54,76.6,71.95,600,74.8,600,0,50400
ASIANPAINT30JAN201800PE.NFO,07/01/2020,09:56:58,76.6,71.45,600,74.8,600,0,50400
ASIANPAINT30JAN201800PE.NFO,07/01/2020,09:57:03,76.6,71.6,600,75.1,600,0,50400
ASIANPAINT30JAN201800PE.NFO,07/01/2020,09:57:07,76.6,71.7,600,75.1,600,0,50400
ASIANPAINT30JAN201800PE.NFO,07/01/2020,09:57:11,76.6,70.45,9600,75,600,0,50400
ASIANPAINT30JAN201800PE.NFO,07/01/2020,09:57:20,76.6,71.7,600,75,600,0,50400
ASIANPAINT30JAN201800PE.NFO,07/01/2020,09:57:24,76.6,71.9,600,75,600,0,50400
ASIANPAINT30JAN201800PE.NFO,07/01/2020,09:57:36,76.6,72.05,600,75,600,0,50400
ASIANPAINT30JAN201800PE.NFO,07/01/2020,09:57:47,76.6,71.85,600,75,600,0,50400
ASIANPAINT30JAN201800PE.NFO,07/01/2020,09:57:50,76.6,70.5,10800,75,600,0,50400
ASIANPAINT30JAN201800PE.NFO,07/01/2020,09:57:54,76.6,71.95,600,75.8,600,0,50400
ASIANPAINT30JAN201800PE.NFO,07/01/2020,09:57:57,76.6,71.95,600,75.7,1800,0,50400
ASIANPAINT30JAN201800PE.NFO,07/01/2020,09:58:03,76.6,71.95,600,75.5,600,0,50400
ASIANPAINT30JAN201800PE.NFO,07/01/2020,09:58:10,76.6,71.95,600,75.4,600,0,50400
ASIANPAINT30JAN201800PE.NFO,07/01/2020,09:58:14,76.6,71.95,600,75.4,1800,0,50400
ASIANPAINT30JAN201800PE.NFO,07/01/2020,09:58:18,76.6,71.55,600,75.3,600,0,50400
ASIANPAINT30JAN201800PE.NFO,07/01/2020,09:58:25,76.6,70.45,10800,75.3,600,0,50400
ASIANPAINT30JAN201800PE.NFO,07/01/2020,09:58:34,76.6,71.9,600,75.3,600,0,50400
ASIANPAINT30JAN201800PE.NFO,07/01/2020,09:58:39,76.6,72.4,600,75.3,600,0,50400
ASIANPAINT30JAN201800PE.NFO,07/01/2020,09:58:43,76.6,72.05,600,75.3,600,0,50400
ASIANPAINT30JAN201800PE.NFO,07/01/2020,09:58:49,76.6,71.75,1200,75.3,600,0,50400
ASIANPAINT30JAN201800PE.NFO,07/01/2020,09:58:54,76.6,71.75,2400,75.3,600,0,50400
ASIANPAINT30JAN201800PE.NFO,07/01/2020,09:59:00,76.6,71.75,600,75.3,600,0,50400
ASIANPAINT30JAN201800PE.NFO,07/01/2020,09:59:05,76.6,71.85,600,75.3,600,0,50400
ASIANPAINT30JAN201800PE.NFO,07/01/2020,09:59:28,76.6,72.15,600,75.3,600,0,50400
ASIANPAINT30JAN201800PE.NFO,07/01/2020,09:59:32,76.6,72.45,600,75.3,600,0,50400
ASIANPAINT30JAN201800PE.NFO,07/01/2020,09:59:37,76.6,72,600,75.45,600,0,50400
ASIANPAINT30JAN201800PE.NFO,07/01/2020,09:59:43,76.6,71.75,600,75.3,600,0,50400
ASIANPAINT30JAN201800PE.NFO,07/01/2020,09:59:47,76.6,71.75,600,75.2,600,0,50400
ASIANPAINT30JAN201800PE.NFO,07/01/2020,09:59:51,76.6,72,600,75.2,600,0,50400
ASIANPAINT30JAN201800PE.NFO,07/01/2020,10:00:00,76.6,72.1,600,75.2,600,0,50400
ASIANPAINT30JAN201800PE.NFO,07/01/2020,10:00:04,76.6,72.3,600,75.2,600,0,50400
ASIANPAINT30JAN201800PE.NFO,07/01/2020,10:00:18,76.6,72.7,600,75.55,600,0,50400
ASIANPAINT30JAN201800PE.NFO,07/01/2020,10:00:23,76.6,71.45,9600,75.55,600,0,50400
ASIANPAINT30JAN201800PE.NFO,07/01/2020,10:00:28,76.6,71.45,9600,76.3,600,0,50400
ASIANPAINT30JAN201800PE.NFO,07/01/2020,10:00:32,76.6,71.95,1200,75.85,600,0,50400
ASIANPAINT30JAN201800PE.NFO,07/01/2020,10:00:36,76.6,71.95,2400,75.85,600,0,50400
ASIANPAINT30JAN201800PE.NFO,07/01/2020,10:00:40,76.6,71.95,1200,75.85,600,0,50400
ASIANPAINT30JAN201800PE.NFO,07/01/2020,10:00:53,76.6,71.95,7200,75.85,600,0,50400
ASIANPAINT30JAN201800PE.NFO,07/01/2020,10:00:59,76.6,71.95,9600,75.85,600,0,50400
ASIANPAINT30JAN201800PE.NFO,07/01/2020,10:01:04,76.6,71.95,7200,75.85,600,0,50400
ASIANPAINT30JAN201800PE.NFO,07/01/2020,10:01:10,76.6,71.95,2400,75.85,600,0,50400
ASIANPAINT30JAN201800PE.NFO,07/01/2020,10:01:16,76.6,72.55,1800,76.3,600,0,50400
ASIANPAINT30JAN201800PE.NFO,07/01/2020,10:01:22,76.6,73.4,600,76.3,600,0,50400
ASIANPAINT30JAN201800PE.NFO,07/01/2020,10:01:28,76.6,73.5,600,76.3,600,0,50400
ASIANPAINT30JAN201800PE.NFO,07/01/2020,10:01:40,76.6,73.6,600,76.75,600,0,50400
ASIANPAINT30JAN201800PE.NFO,07/01/2020,10:01:46,76.6,73.6,600,76.65,600,0,50400
ASIANPAINT30JAN201800PE.NFO,07/01/2020,10:01:51,76.6,73.6,1800,76.65,600,0,50400
ASIANPAINT30JAN201800PE.NFO,07/01/2020,10:01:56,76.6,73.6,600,76.65,600,0,50400
ASIANPAINT30JAN201800PE.NFO,07/01/2020,10:02:01,76.6,73.8,600,76.65,600,0,50400
ASIANPAINT30JAN201800PE.NFO,07/01/2020,10:02:07,76.6,73.9,600,76.65,600,0,50400
ASIANPAINT30JAN201800PE.NFO,07/01/2020,10:02:12,76.6,72.5,4800,76.3,600,0,50400
ASIANPAINT30JAN201800PE.NFO,07/01/2020,10:02:29,76.6,73.75,600,76.2,600,0,50400
ASIANPAINT30JAN201800PE.NFO,07/01/2020,10:02:34,76.6,73.1,600,76.2,600,0,50400
ASIANPAINT30JAN201800PE.NFO,07/01/2020,10:02:43,76.6,73.2,1800,76.2,600,0,50400
ASIANPAINT30JAN201800PE.NFO,07/01/2020,10:02:47,76.6,73.35,1800,76.75,600,0,50400
ASIANPAINT30JAN201800PE.NFO,07/01/2020,10:02:51,76.6,73.4,1200,76.65,600,0,50400
ASIANPAINT30JAN201800PE.NFO,07/01/2020,10:02:55,76.6,72.95,600,76.4,600,0,50400
ASIANPAINT30JAN201800PE.NFO,07/01/2020,10:02:59,76.6,72.95,2400,76.3,600,0,50400
ASIANPAINT30JAN201800PE.NFO,07/01/2020,10:03:08,76.6,73.25,2400,76.3,600,0,50400
ASIANPAINT30JAN201800PE.NFO,07/01/2020,10:03:14,76.6,73.35,2400,76.3,600,0,50400
ASIANPAINT30JAN201800PE.NFO,07/01/2020,10:03:23,76.6,71.8,12600,76.3,600,0,50400
ASIANPAINT30JAN201800PE.NFO,07/01/2020,10:03:28,76.6,73.2,1800,76.3,600,0,50400
ASIANPAINT30JAN201800PE.NFO,07/01/2020,10:03:38,76.6,73.2,1200,76.3,600,0,50400
ASIANPAINT30JAN201800PE.NFO,07/01/2020,10:03:43,76.6,72.4,4800,76.3,600,0,50400
ASIANPAINT30JAN201800PE.NFO,07/01/2020,10:03:48,76.6,72.4,9600,76.3,600,0,50400
ASIANPAINT30JAN201800PE.NFO,07/01/2020,10:04:01,76.6,72.4,8400,76.3,600,0,50400
ASIANPAINT30JAN201800PE.NFO,07/01/2020,10:04:06,76.6,72.4,9600,76.85,600,0,50400
ASIANPAINT30JAN201800PE.NFO,07/01/2020,10:04:15,76.6,72.4,4800,76.3,600,0,50400
ASIANPAINT30JAN201800PE.NFO,07/01/2020,10:04:33,76.6,72.4,4800,76.15,600,0,50400
ASIANPAINT30JAN201800PE.NFO,07/01/2020,10:04:42,76.6,72.4,9600,76.15,600,0,50400
ASIANPAINT30JAN201800PE.NFO,07/01/2020,10:05:02,76.6,72.4,9600,76.9,1800,0,50400
ASIANPAINT30JAN201800PE.NFO,07/01/2020,10:05:06,76.6,72.4,9600,76.8,600,0,50400
ASIANPAINT30JAN201800PE.NFO,07/01/2020,10:05:24,76.6,72.4,9600,76.8,2400,0,50400
ASIANPAINT30JAN201800PE.NFO,07/01/2020,10:05:27,76.6,72.4,9600,76.8,600,0,50400
ASIANPAINT30JAN201800PE.NFO,07/01/2020,10:05:48,76.6,72.4,6000,76.5,600,0,50400
ASIANPAINT30JAN201800PE.NFO,07/01/2020,10:05:54,76.6,72.4,7200,76.5,600,0,50400
ASIANPAINT30JAN201800PE.NFO,07/01/2020,10:05:59,76.6,72.4,6000,76.5,600,0,50400
ASIANPAINT30JAN201800PE.NFO,07/01/2020,10:06:09,76.6,72.4,6000,76.4,600,0,50400
ASIANPAINT30JAN201800PE.NFO,07/01/2020,10:06:13,76.6,72.85,4200,76.4,600,0,50400
ASIANPAINT30JAN201800PE.NFO,07/01/2020,10:06:17,76.6,73.55,1200,77,600,0,50400
ASIANPAINT30JAN201800PE.NFO,07/01/2020,10:06:21,76.6,73.35,1800,77,1200,0,50400
ASIANPAINT30JAN201800PE.NFO,07/01/2020,10:06:26,76.6,73.05,1800,76.75,1200,0,50400
ASIANPAINT30JAN201800PE.NFO,07/01/2020,10:06:31,76.6,73.35,2400,76.75,1200,0,50400
ASIANPAINT30JAN201800PE.NFO,07/01/2020,10:06:37,76.6,73.45,1200,76.75,600,0,50400
ASIANPAINT30JAN201800PE.NFO,07/01/2020,10:06:42,76.6,73.5,2400,76.75,600,0,50400
ASIANPAINT30JAN201800PE.NFO,07/01/2020,10:06:47,76.6,73.85,1200,76.75,600,0,50400
ASIANPAINT30JAN201800PE.NFO,07/01/2020,10:06:52,76.6,73.85,2400,76.75,600,0,50400
ASIANPAINT30JAN201800PE.NFO,07/01/2020,10:06:57,76.6,74,600,77.3,600,0,50400
ASIANPAINT30JAN201800PE.NFO,07/01/2020,10:07:02,76.6,74.55,1800,78,600,0,50400
ASIANPAINT30JAN201800PE.NFO,07/01/2020,10:07:08,76.6,74.7,600,77.9,600,0,50400
ASIANPAINT30JAN201800PE.NFO,07/01/2020,10:07:13,76.6,74.95,600,77.9,600,0,50400
ASIANPAINT30JAN201800PE.NFO,07/01/2020,10:07:18,76.6,73.25,9600,77.7,1200,0,50400
ASIANPAINT30JAN201800PE.NFO,07/01/2020,10:07:23,76.6,73.25,9600,77.6,600,0,50400
ASIANPAINT30JAN201800PE.NFO,07/01/2020,10:07:33,76.6,73.25,10800,79.05,600,0,50400
ASIANPAINT30JAN201800PE.NFO,07/01/2020,10:07:39,76.6,75.5,5400,79.05,600,0,50400
ASIANPAINT30JAN201800PE.NFO,07/01/2020,10:07:43,76.6,74.75,5400,77.85,600,0,50400
ASIANPAINT30JAN201800PE.NFO,07/01/2020,10:07:48,76.6,74.2,1200,77.85,1200,0,50400
ASIANPAINT30JAN201800PE.NFO,07/01/2020,10:07:54,76.6,74.55,1200,77.65,600,0,50400
ASIANPAINT30JAN201800PE.NFO,07/01/2020,10:07:59,76.6,74.5,1800,77.65,600,0,50400
ASIANPAINT30JAN201800PE.NFO,07/01/2020,10:08:04,76.6,74.8,2400,78.45,600,0,50400
ASIANPAINT30JAN201800PE.NFO,07/01/2020,10:08:08,76.6,75.2,1800,78.35,600,0,50400
ASIANPAINT30JAN201800PE.NFO,07/01/2020,10:08:12,76.6,73.65,10800,78.35,600,0,50400
ASIANPAINT30JAN201800PE.NFO,07/01/2020,10:08:13,76.6,73.65,9600,78.05,600,0,50400
ASIANPAINT30JAN201800PE.NFO,07/01/2020,10:08:14,76.6,73.65,9600,77.95,600,0,50400
ASIANPAINT30JAN201800PE.NFO,07/01/2020,10:08:15,76.6,73.65,9600,77.75,600,0,50400
ASIANPAINT30JAN201800PE.NFO,07/01/2020,10:08:19,76.6,73.65,7200,77.75,600,0,50400
ASIANPAINT30JAN201800PE.NFO,07/01/2020,10:08:20,76.6,73.65,9600,77.75,1800,0,50400
ASIANPAINT30JAN201800PE.NFO,07/01/2020,10:08:21,76.6,73.65,9600,77.75,600,0,50400
ASIANPAINT30JAN201800PE.NFO,07/01/2020,10:08:24,76.6,73.65,8400,77.75,600,0,50400
ASIANPAINT30JAN201800PE.NFO,07/01/2020,10:08:26,76.6,73.65,9600,77.75,600,0,50400
ASIANPAINT30JAN201800PE.NFO,07/01/2020,10:08:28,76.6,73.65,7200,77.75,600,0,50400
ASIANPAINT30JAN201800PE.NFO,07/01/2020,10:08:29,76.6,73.65,9600,77.75,600,0,50400
ASIANPAINT30JAN201800PE.NFO,07/01/2020,10:08:33,76.6,73.65,9600,77.75,1200,0,50400
ASIANPAINT30JAN201800PE.NFO,07/01/2020,10:08:37,76.6,73.65,8400,77.75,1200,0,50400
ASIANPAINT30JAN201800PE.NFO,07/01/2020,10:08:38,76.6,73.65,9600,77.75,1200,0,50400
ASIANPAINT30JAN201800PE.NFO,07/01/2020,10:08:40,76.6,73.65,9600,77.75,600,0,50400
ASIANPAINT30JAN201800PE.NFO,07/01/2020,10:08:44,76.6,73.65,8400,77.65,600,0,50400
ASIANPAINT30JAN201800PE.NFO,07/01/2020,10:08:45,76.6,73.65,7200,77.65,600,0,50400
ASIANPAINT30JAN201800PE.NFO,07/01/2020,10:08:50,76.6,73.65,7200,77.55,600,0,50400
ASIANPAINT30JAN201800PE.NFO,07/01/2020,10:08:51,76.6,73.65,7200,77.45,600,0,50400
ASIANPAINT30JAN201800PE.NFO,07/01/2020,10:08:57,76.6,73.65,9600,77.45,600,0,50400
ASIANPAINT30JAN201800PE.NFO,07/01/2020,10:08:58,76.6,73.65,7200,77.45,600,0,50400
ASIANPAINT30JAN201800PE.NFO,07/01/2020,10:09:01,76.6,73.75,9600,78.15,600,0,50400
ASIANPAINT30JAN201800PE.NFO,07/01/2020,10:09:02,76.6,73.75,7200,78.15,1800,0,50400
ASIANPAINT30JAN201800PE.NFO,07/01/2020,10:09:04,76.6,73.75,9600,77.9,600,0,50400
ASIANPAINT30JAN201800PE.NFO,07/01/2020,10:09:08,76.6,73.75,9600,77.65,600,0,50400
ASIANPAINT30JAN201800PE.NFO,07/01/2020,10:09:31,76.6,73.75,8400,77.65,600,0,50400
ASIANPAINT30JAN201800PE.NFO,07/01/2020,10:09:35,76.6,74.25,2400,77.65,600,0,50400
ASIANPAINT30JAN201800PE.NFO,07/01/2020,10:09:39,76.6,74.3,1200,77.65,600,0,50400
ASIANPAINT30JAN201800PE.NFO,07/01/2020,10:09:44,76.6,74,7200,77.65,600,0,50400
ASIANPAINT30JAN201800PE.NFO,07/01/2020,10:09:48,76.6,74.05,600,77.65,600,0,50400
ASIANPAINT30JAN201800PE.NFO,07/01/2020,10:09:52,76.6,74.05,1800,77.65,600,0,50400
ASIANPAINT30JAN201800PE.NFO,07/01/2020,10:09:57,76.6,74.05,4200,77.65,600,0,50400
ASIANPAINT30JAN201800PE.NFO,07/01/2020,10:10:02,76.6,73.85,1200,76.4,600,0,50400
ASIANPAINT30JAN201800PE.NFO,07/01/2020,10:10:08,76.6,72.65,5400,76.1,600,0,50400
ASIANPAINT30JAN201800PE.NFO,07/01/2020,10:10:13,76.6,72.8,1800,76,600,0,50400
ASIANPAINT30JAN201800PE.NFO,07/01/2020,10:10:18,76.6,72.8,3000,76,600,0,50400
ASIANPAINT30JAN201800PE.NFO,07/01/2020,10:10:22,76.6,72.85,1800,76,600,0,50400
ASIANPAINT30JAN201800PE.NFO,07/01/2020,10:10:26,76.6,73.15,4200,76.55,600,0,50400
ASIANPAINT30JAN201800PE.NFO,07/01/2020,10:10:30,76.6,73.2,4200,76.35,600,0,50400
ASIANPAINT30JAN201800PE.NFO,07/01/2020,10:10:35,76.6,72.85,5400,76.25,600,0,50400
ASIANPAINT30JAN201800PE.NFO,07/01/2020,10:10:39,76.6,72.85,4200,76.05,600,0,50400
ASIANPAINT30JAN201800PE.NFO,07/01/2020,10:10:42,76.6,73.1,3000,75.85,600,0,50400
ASIANPAINT30JAN201800PE.NFO,07/01/2020,10:10:46,76.6,73.1,1800,75.85,600,0,50400
ASIANPAINT30JAN201800PE.NFO,07/01/2020,10:10:49,76.6,72.85,1200,75.85,600,0,50400
ASIANPAINT30JAN201800PE.NFO,07/01/2020,10:10:52,76.6,72.6,5400,75.85,600,0,50400
ASIANPAINT30JAN201800PE.NFO,07/01/2020,10:10:59,76.6,72.7,4200,75.85,600,0,50400
ASIANPAINT30JAN201800PE.NFO,07/01/2020,10:11:02,76.6,72.7,3000,75.85,600,0,50400
ASIANPAINT30JAN201800PE.NFO,07/01/2020,10:11:06,76.6,72.35,5400,75.85,1200,0,50400
ASIANPAINT30JAN201800PE.NFO,07/01/2020,10:11:10,76.6,72.45,5400,75.85,1200,0,50400
ASIANPAINT30JAN201800PE.NFO,07/01/2020,10:11:30,76.6,72.45,1800,75.75,1200,0,50400
ASIANPAINT30JAN201800PE.NFO,07/01/2020,10:11:34,76.6,71.6,9000,75.75,1200,0,50400
ASIANPAINT30JAN201800PE.NFO,07/01/2020,10:11:38,76.6,71.6,6600,75.5,1200,0,50400
ASIANPAINT30JAN201800PE.NFO,07/01/2020,10:11:42,76.6,71.6,9000,75.2,600,0,50400
ASIANPAINT30JAN201800PE.NFO,07/01/2020,10:11:47,76.6,71.7,6600,75.2,600,0,50400
ASIANPAINT30JAN201800PE.NFO,07/01/2020,10:11:54,76.6,71.8,5400,75.1,1200,0,50400
ASIANPAINT30JAN201800PE.NFO,07/01/2020,10:12:23,76.6,71.85,4800,75,1200,0,50400
ASIANPAINT30JAN201800PE.NFO,07/01/2020,10:12:28,76.6,71.9,5400,75,600,0,50400
ASIANPAINT30JAN201800PE.NFO,07/01/2020,10:12:37,76.6,71.9,4200,75,600,0,50400
ASIANPAINT30JAN201800PE.NFO,07/01/2020,10:12:45,76.6,71.9,3000,75,600,0,50400
ASIANPAINT30JAN201800PE.NFO,07/01/2020,10:12:48,76.6,71.9,1800,75,600,0,50400
ASIANPAINT30JAN201800PE.NFO,07/01/2020,10:12:52,76.6,71.05,6600,74.6,600,0,50400
ASIANPAINT30JAN201800PE.NFO,07/01/2020,10:12:56,76.6,71.25,1800,74.6,600,0,50400
ASIANPAINT30JAN201800PE.NFO,07/01/2020,10:13:00,76.6,71.25,9000,74.65,600,0,50400
ASIANPAINT30JAN201800PE.NFO,07/01/2020,10:13:08,76.6,71.45,6600,74.75,600,0,50400
ASIANPAINT30JAN201800PE.NFO,07/01/2020,10:13:12,76.6,71.55,6600,74.75,600,0,50400
ASIANPAINT30JAN201800PE.NFO,07/01/2020,10:13:17,76.6,71.55,5400,74.75,600,0,50400
ASIANPAINT30JAN201800PE.NFO,07/01/2020,10:13:21,76.6,71.55,5400,74.75,1200,0,50400
ASIANPAINT30JAN201800PE.NFO,07/01/2020,10:13:36,76.6,71.55,5400,74.65,600,0,50400
ASIANPAINT30JAN201800PE.NFO,07/01/2020,10:13:39,76.6,71.55,6600,74.65,600,0,50400
ASIANPAINT30JAN201800PE.NFO,07/01/2020,10:13:46,76.6,71.55,5400,74.55,600,0,50400
ASIANPAINT30JAN201800PE.NFO,07/01/2020,10:13:52,76.6,71.55,1200,74.55,1200,0,50400
ASIANPAINT30JAN201800PE.NFO,07/01/2020,10:14:07,76.6,70.3,9600,74.55,1200,0,50400
ASIANPAINT30JAN201800PE.NFO,07/01/2020,10:14:11,76.6,70.5,3000,74.2,600,0,50400
ASIANPAINT30JAN201800PE.NFO,07/01/2020,10:14:17,76.6,70.5,6600,74.05,1200,0,50400
ASIANPAINT30JAN201800PE.NFO,07/01/2020,10:14:22,76.6,70.7,6600,74.05,1200,0,50400
ASIANPAINT30JAN201800PE.NFO,07/01/2020,10:14:27,76.6,70.9,6600,73.85,600,0,50400
ASIANPAINT30JAN201800PE.NFO,07/01/2020,10:14:32,76.6,70.9,5400,73.85,600,0,50400
ASIANPAINT30JAN201800PE.NFO,07/01/2020,10:14:37,76.6,70.9,5400,73.85,1200,0,50400
ASIANPAINT30JAN201800PE.NFO,07/01/2020,10:14:42,76.6,70.9,4200,73.85,1200,0,50400
ASIANPAINT30JAN201800PE.NFO,07/01/2020,10:14:46,76.6,70.9,6600,73.85,600,0,50400
ASIANPAINT30JAN201800PE.NFO,07/01/2020,10:14:51,76.6,70.9,5400,73.85,600,0,50400
ASIANPAINT30JAN201800PE.NFO,07/01/2020,10:14:56,76.6,71,9000,74.3,600,0,50400
ASIANPAINT30JAN201800PE.NFO,07/01/2020,10:15:00,76.6,71,9000,74.25,600,0,50400
ASIANPAINT30JAN201800PE.NFO,07/01/2020,10:15:06,76.6,71.1,5400,74.1,600,0,50400
ASIANPAINT30JAN201800PE.NFO,07/01/2020,10:15:11,76.6,71.2,6600,74.3,600,0,50400
ASIANPAINT30JAN201800PE.NFO,07/01/2020,10:15:16,76.6,71.2,5400,74.25,600,0,50400
ASIANPAINT30JAN201800PE.NFO,07/01/2020,10:15:21,76.6,71.2,5400,74.3,600,0,50400
ASIANPAINT30JAN201800PE.NFO,07/01/2020,10:15:26,76.6,71.2,4200,74.2,1200,0,50400
ASIANPAINT30JAN201800PE.NFO,07/01/2020,10:15:31,76.6,71.3,5400,74.2,600,0,50400
ASIANPAINT30JAN201800PE.NFO,07/01/2020,10:15:41,76.6,71.35,3000,74.1,1200,0,50400
ASIANPAINT30JAN201800PE.NFO,07/01/2020,10:15:45,76.6,71.4,4200,74,600,0,50400
ASIANPAINT30JAN201800PE.NFO,07/01/2020,10:15:52,76.6,71.5,5400,74.3,600,0,50400
ASIANPAINT30JAN201800PE.NFO,07/01/2020,10:15:57,76.6,70.3,9600,74,1200,0,50400
ASIANPAINT30JAN201800PE.NFO,07/01/2020,10:16:06,76.6,71.2,7800,74.1,600,0,50400
ASIANPAINT30JAN201800PE.NFO,07/01/2020,10:16:11,76.6,71.3,5400,74.1,600,0,50400
ASIANPAINT30JAN201800PE.NFO,07/01/2020,10:16:26,76.6,71.5,3000,74.1,600,0,50400
ASIANPAINT30JAN201800PE.NFO,07/01/2020,10:16:31,76.6,71.5,4200,74.1,600,0,50400
ASIANPAINT30JAN201800PE.NFO,07/01/2020,10:16:35,76.6,71.5,3000,74.1,600,0,50400
ASIANPAINT30JAN201800PE.NFO,07/01/2020,10:16:40,76.6,71.5,6600,74.3,600,0,50400
ASIANPAINT30JAN201800PE.NFO,07/01/2020,10:16:44,76.6,71.5,4200,74.3,1200,0,50400
ASIANPAINT30JAN201800PE.NFO,07/01/2020,10:16:48,76.6,71.5,3000,74.3,1800,0,50400
ASIANPAINT30JAN201800PE.NFO,07/01/2020,10:16:52,76.6,70.1,9600,73.9,600,0,50400
ASIANPAINT30JAN201800PE.NFO,07/01/2020,10:16:57,76.6,70.1,10800,74.05,600,0,50400
ASIANPAINT30JAN201800PE.NFO,07/01/2020,10:17:00,76.6,70.1,10800,74,600,0,50400
ASIANPAINT30JAN201800PE.NFO,07/01/2020,10:17:08,76.6,70.1,10800,73.95,600,0,50400
ASIANPAINT30JAN201800PE.NFO,07/01/2020,10:17:11,76.6,70.1,10800,74,600,0,50400
ASIANPAINT30JAN201800PE.NFO,07/01/2020,10:17:16,76.6,70.1,10800,74.15,600,0,50400
ASIANPAINT30JAN201800PE.NFO,07/01/2020,10:17:20,76.6,70.1,10800,74.45,600,0,50400
ASIANPAINT30JAN201800PE.NFO,07/01/2020,10:17:32,76.6,71.65,7200,74.6,600,0,50400
ASIANPAINT30JAN201800PE.NFO,07/01/2020,10:17:37,76.6,71.65,3600,74.6,600,0,50400
ASIANPAINT30JAN201800PE.NFO,07/01/2020,10:17:41,76.6,71.7,3600,74.6,600,0,50400
ASIANPAINT30JAN201800PE.NFO,07/01/2020,10:17:53,76.6,70.55,10800,74.4,600,0,50400
ASIANPAINT30JAN201800PE.NFO,07/01/2020,10:17:56,76.6,70.55,10800,74.2,600,0,50400
ASIANPAINT30JAN201800PE.NFO,07/01/2020,10:17:59,76.6,70.55,10800,74.45,600,0,50400
ASIANPAINT30JAN201800PE.NFO,07/01/2020,10:18:04,76.6,70.55,10800,74.4,1200,0,50400
ASIANPAINT30JAN201800PE.NFO,07/01/2020,10:18:28,76.6,71.25,6600,74.4,1200,0,50400
ASIANPAINT30JAN201800PE.NFO,07/01/2020,10:18:37,76.6,71.25,7800,74.4,1200,0,50400
ASIANPAINT30JAN201800PE.NFO,07/01/2020,10:18:42,76.6,71.5,6600,74.4,600,0,50400
ASIANPAINT30JAN201800PE.NFO,07/01/2020,10:18:47,76.6,71.65,2400,74.4,600,0,50400
ASIANPAINT30JAN201800PE.NFO,07/01/2020,10:18:52,76.6,71.9,2400,74.4,600,0,50400
ASIANPAINT30JAN201800PE.NFO,07/01/2020,10:18:57,76.6,72,2400,75.1,600,0,50400
ASIANPAINT30JAN201800PE.NFO,07/01/2020,10:19:07,76.6,72.05,4200,75.1,600,0,50400
ASIANPAINT30JAN201800PE.NFO,07/01/2020,10:19:10,76.6,72.05,6600,75.1,600,0,50400
ASIANPAINT30JAN201800PE.NFO,07/01/2020,10:19:14,76.6,72.25,3000,75.1,600,0,50400
ASIANPAINT30JAN201800PE.NFO,07/01/2020,10:19:19,76.6,72.35,3600,75.1,600,0,50400
ASIANPAINT30JAN201800PE.NFO,07/01/2020,10:19:24,76.6,72.7,1800,75.1,600,0,50400
ASIANPAINT30JAN201800PE.NFO,07/01/2020,10:19:29,76.6,72.5,2400,75.1,600,0,50400
ASIANPAINT30JAN201800PE.NFO,07/01/2020,10:19:33,76.6,72.05,5400,75.1,600,0,50400
ASIANPAINT30JAN201800PE.NFO,07/01/2020,10:19:38,76.6,72.45,4200,75.1,600,0,50400
ASIANPAINT30JAN201800PE.NFO,07/01/2020,10:19:42,76.6,72.55,3000,75.1,600,0,50400
ASIANPAINT30JAN201800PE.NFO,07/01/2020,10:20:05,76.6,72.6,2400,75.1,600,0,50400
ASIANPAINT30JAN201800PE.NFO,07/01/2020,10:20:09,76.6,72.65,7200,75.7,600,0,50400
ASIANPAINT30JAN201800PE.NFO,07/01/2020,10:20:18,76.6,72.65,7200,75.7,1200,0,50400
ASIANPAINT30JAN201800PE.NFO,07/01/2020,10:20:22,76.6,72.65,7200,75.7,600,0,50400
ASIANPAINT30JAN201800PE.NFO,07/01/2020,10:20:30,76.6,72.65,7200,75.7,1200,0,50400
ASIANPAINT30JAN201800PE.NFO,07/01/2020,10:20:41,76.6,72.75,7200,75.7,600,0,50400
ASIANPAINT30JAN201800PE.NFO,07/01/2020,10:20:46,76.6,72.75,8400,75.7,600,0,50400
ASIANPAINT30JAN201800PE.NFO,07/01/2020,10:20:51,76.6,72.75,7200,75.7,600,0,50400
ASIANPAINT30JAN201800PE.NFO,07/01/2020,10:20:57,76.6,72.75,7200,75.7,1200,0,50400
ASIANPAINT30JAN201800PE.NFO,07/01/2020,10:21:00,76.6,72.85,3600,75.7,600,0,50400
ASIANPAINT30JAN201800PE.NFO,07/01/2020,10:21:04,76.6,72.85,4800,75.7,600,0,50400
ASIANPAINT30JAN201800PE.NFO,07/01/2020,10:21:08,76.6,72.85,3600,75.7,600,0,50400
ASIANPAINT30JAN201800PE.NFO,07/01/2020,10:21:16,76.6,72.95,6000,75.7,600,0,50400
ASIANPAINT30JAN201800PE.NFO,07/01/2020,10:21:20,76.6,72.95,3600,75.7,600,0,50400
ASIANPAINT30JAN201800PE.NFO,07/01/2020,10:21:25,76.6,72.95,2400,75.7,600,0,50400
ASIANPAINT30JAN201800PE.NFO,07/01/2020,10:21:43,76.6,72.95,3600,75.7,600,0,50400
ASIANPAINT30JAN201800PE.NFO,07/01/2020,10:22:04,76.6,72.95,2400,75.7,600,0,50400
ASIANPAINT30JAN201800PE.NFO,07/01/2020,10:22:08,76.6,73.35,1800,76.35,600,0,50400
ASIANPAINT30JAN201800PE.NFO,07/01/2020,10:22:13,76.6,73.4,1800,76.25,600,0,50400
ASIANPAINT30JAN201800PE.NFO,07/01/2020,10:22:17,76.6,72.95,1200,75.95,1200,0,50400
ASIANPAINT30JAN201800PE.NFO,07/01/2020,10:22:22,76.6,73,2400,75.95,600,0,50400
ASIANPAINT30JAN201800PE.NFO,07/01/2020,10:22:25,76.6,72.8,3000,75.65,600,0,50400
ASIANPAINT30JAN201800PE.NFO,07/01/2020,10:22:29,76.6,73.15,1800,75.65,600,0,50400
ASIANPAINT30JAN201800PE.NFO,07/01/2020,10:22:34,76.6,73.35,600,75.65,600,0,50400
ASIANPAINT30JAN201800PE.NFO,07/01/2020,10:22:38,76.6,73.35,1800,76.2,600,0,50400
ASIANPAINT30JAN201800PE.NFO,07/01/2020,10:22:43,76.6,73.15,1800,75.8,600,0,50400
ASIANPAINT30JAN201800PE.NFO,07/01/2020,10:22:50,76.6,73.45,1200,75.8,600,0,50400
ASIANPAINT30JAN201800PE.NFO,07/01/2020,10:22:55,76.6,73.05,3000,75.75,600,0,50400
ASIANPAINT30JAN201800PE.NFO,07/01/2020,10:23:00,76.6,73.1,1800,75.75,600,0,50400
ASIANPAINT30JAN201800PE.NFO,07/01/2020,10:23:06,76.6,72.6,3000,75.65,600,0,50400
ASIANPAINT30JAN201800PE.NFO,07/01/2020,10:23:10,76.6,72.6,3000,75.55,600,0,50400
ASIANPAINT30JAN201800PE.NFO,07/01/2020,10:23:14,76.6,72.75,1200,75.55,600,0,50400
ASIANPAINT30JAN201800PE.NFO,07/01/2020,10:23:18,76.6,72.9,6000,76.2,600,0,50400
ASIANPAINT30JAN201800PE.NFO,07/01/2020,10:23:22,76.6,72.9,3600,75.9,600,0,50400
ASIANPAINT30JAN201800PE.NFO,07/01/2020,10:23:28,76.6,72.9,3600,75.8,600,0,50400
ASIANPAINT30JAN201800PE.NFO,07/01/2020,10:23:37,76.6,73.1,1800,75.8,600,0,50400
ASIANPAINT30JAN201800PE.NFO,07/01/2020,10:23:41,76.6,73.25,1200,75.9,600,0,50400
ASIANPAINT30JAN201800PE.NFO,07/01/2020,10:23:49,76.6,73.05,2400,75.8,600,0,50400
ASIANPAINT30JAN201800PE.NFO,07/01/2020,10:23:54,76.6,73.15,1200,75.8,600,0,50400
ASIANPAINT30JAN201800PE.NFO,07/01/2020,10:24:10,76.6,72.45,6000,75.65,600,0,50400
ASIANPAINT30JAN201800PE.NFO,07/01/2020,10:24:14,76.6,72.45,6000,75.8,600,0,50400
ASIANPAINT30JAN201800PE.NFO,07/01/2020,10:24:18,76.6,72.45,6000,75.6,600,0,50400
ASIANPAINT30JAN201800PE.NFO,07/01/2020,10:24:22,76.6,72.45,6000,75.5,600,0,50400
ASIANPAINT30JAN201800PE.NFO,07/01/2020,10:24:29,76.6,72.55,6000,75.5,600,0,50400
ASIANPAINT30JAN201800PE.NFO,07/01/2020,10:24:45,76.6,72.55,6000,75.5,1200,0,50400
ASIANPAINT30JAN201800PE.NFO,07/01/2020,10:24:52,76.6,72.55,3600,75.5,600,0,50400
ASIANPAINT30JAN201800PE.NFO,07/01/2020,10:24:55,76.6,72.55,6000,75.5,600,0,50400
ASIANPAINT30JAN201800PE.NFO,07/01/2020,10:24:59,76.6,72.55,7200,75.5,600,0,50400
ASIANPAINT30JAN201800PE.NFO,07/01/2020,10:25:04,76.6,72.55,6000,75.5,600,0,50400
ASIANPAINT30JAN201800PE.NFO,07/01/2020,10:25:11,76.6,72.55,6000,75.5,1200,0,50400
ASIANPAINT30JAN201800PE.NFO,07/01/2020,10:25:15,76.6,72.55,4800,75.5,1200,0,50400
ASIANPAINT30JAN201800PE.NFO,07/01/2020,10:25:19,76.6,72.55,6000,75.5,600,0,50400
ASIANPAINT30JAN201800PE.NFO,07/01/2020,10:25:24,76.6,72.55,2400,75.5,1200,0,50400
ASIANPAINT30JAN201800PE.NFO,07/01/2020,10:25:28,76.6,72.55,4800,75.5,1200,0,50400
ASIANPAINT30JAN201800PE.NFO,07/01/2020,10:25:33,76.6,72.55,4800,75.4,600,0,50400
ASIANPAINT30JAN201800PE.NFO,07/01/2020,10:25:39,76.6,72.55,6000,75.4,600,0,50400
ASIANPAINT30JAN201800PE.NFO,07/01/2020,10:25:44,76.6,72.55,3600,75.4,600,0,50400
ASIANPAINT30JAN201800PE.NFO,07/01/2020,10:25:54,76.6,72.55,4800,75.4,600,0,50400
ASIANPAINT30JAN201800PE.NFO,07/01/2020,10:25:58,76.6,72.55,6000,75.4,600,0,50400
ASIANPAINT30JAN201800PE.NFO,07/01/2020,10:26:02,76.6,72.55,4800,75.4,1200,0,50400
ASIANPAINT30JAN201800PE.NFO,07/01/2020,10:26:06,76.6,72.55,1200,75.4,1200,0,50400
ASIANPAINT30JAN201800PE.NFO,07/01/2020,10:26:15,76.6,72.55,3600,75.4,1200,0,50400
ASIANPAINT30JAN201800PE.NFO,07/01/2020,10:26:19,76.6,72.65,3600,75.4,600,0,50400
ASIANPAINT30JAN201800PE.NFO,07/01/2020,10:26:27,76.6,72.65,1200,75.4,600,0,50400
ASIANPAINT30JAN201800PE.NFO,07/01/2020,10:26:29,76.6,72.65,3600,75.4,600,0,50400
ASIANPAINT30JAN201800PE.NFO,07/01/2020,10:26:38,76.6,72.65,1200,75.4,600,0,50400
ASIANPAINT30JAN201800PE.NFO,07/01/2020,10:26:43,76.6,72.65,3600,75.4,600,0,50400
ASIANPAINT30JAN201800PE.NFO,07/01/2020,10:26:46,76.6,72.65,4800,75.4,600,0,50400
ASIANPAINT30JAN201800PE.NFO,07/01/2020,10:26:49,76.6,72.75,3600,75.4,600,0,50400
ASIANPAINT30JAN201800PE.NFO,07/01/2020,10:26:52,76.6,72.75,1200,75.4,600,0,50400
ASIANPAINT30JAN201800PE.NFO,07/01/2020,10:26:56,76.6,72.95,600,75.4,600,0,50400
ASIANPAINT30JAN201800PE.NFO,07/01/2020,10:27:03,76.6,72.85,600,75.4,600,0,50400
ASIANPAINT30JAN201800PE.NFO,07/01/2020,10:27:07,76.6,72.95,600,75.4,600,0,50400
ASIANPAINT30JAN201800PE.NFO,07/01/2020,10:27:14,76.6,73.55,600,76.15,600,0,50400
ASIANPAINT30JAN201800PE.NFO,07/01/2020,10:27:18,76.6,73.8,600,76.15,600,0,50400
ASIANPAINT30JAN201800PE.NFO,07/01/2020,10:27:22,76.6,73,600,76.05,1200,0,50400
ASIANPAINT30JAN201800PE.NFO,07/01/2020,10:27:26,76.6,73.6,600,76.1,600,0,50400
ASIANPAINT30JAN201800PE.NFO,07/01/2020,10:27:30,76.6,73.8,600,76.1,600,0,50400
ASIANPAINT30JAN201800PE.NFO,07/01/2020,10:28:01,76.6,73.85,600,76.85,600,0,50400
ASIANPAINT30JAN201800PE.NFO,07/01/2020,10:28:04,76.6,73.95,600,76.85,600,0,50400
ASIANPAINT30JAN201800PE.NFO,07/01/2020,10:28:13,76.6,74.05,600,76.85,600,0,50400
ASIANPAINT30JAN201800PE.NFO,07/01/2020,10:28:16,76.6,73.5,3600,76.65,600,0,50400
ASIANPAINT30JAN201800PE.NFO,07/01/2020,10:28:17,76.6,73.5,3600,76.55,600,0,50400
ASIANPAINT30JAN201800PE.NFO,07/01/2020,10:28:18,76.6,73.5,6000,76.55,600,0,50400
ASIANPAINT30JAN201800PE.NFO,07/01/2020,10:28:19,76.6,73.5,4800,76.45,600,0,50400
ASIANPAINT30JAN201800PE.NFO,07/01/2020,10:28:20,76.6,73.5,6000,76.45,600,0,50400
ASIANPAINT30JAN201800PE.NFO,07/01/2020,10:28:21,76.6,73.5,4800,76.45,600,0,50400
ASIANPAINT30JAN201800PE.NFO,07/01/2020,10:28:22,76.6,73.5,6000,77.3,600,0,50400
ASIANPAINT30JAN201800PE.NFO,07/01/2020,10:28:23,76.6,73.5,7200,77.1,600,0,50400
ASIANPAINT30JAN201800PE.NFO,07/01/2020,10:28:24,76.6,73.5,6000,76.9,600,0,50400
ASIANPAINT30JAN201800PE.NFO,07/01/2020,10:28:30,76.6,73.5,6000,76.8,600,0,50400
ASIANPAINT30JAN201800PE.NFO,07/01/2020,10:28:32,76.6,73.5,7200,76.8,600,0,50400
ASIANPAINT30JAN201800PE.NFO,07/01/2020,10:28:32,76.6,73.5,6000,76.8,600,0,50400
ASIANPAINT30JAN201800PE.NFO,07/01/2020,10:28:33,76.6,73.5,6000,76.55,600,0,50400
ASIANPAINT30JAN201800PE.NFO,07/01/2020,10:28:34,76.6,73.5,6000,76.45,600,0,50400
ASIANPAINT30JAN201800PE.NFO,07/01/2020,10:28:35,76.6,73.5,8400,77.25,600,0,50400
ASIANPAINT30JAN201800PE.NFO,07/01/2020,10:28:36,76.6,73.5,3600,77.15,600,0,50400
ASIANPAINT30JAN201800PE.NFO,07/01/2020,10:28:37,76.6,73.5,4800,77.15,600,0,50400
ASIANPAINT30JAN201800PE.NFO,07/01/2020,10:28:39,76.6,73.5,7200,77.15,600,0,50400
ASIANPAINT30JAN201800PE.NFO,07/01/2020,10:28:40,76.6,73.5,4800,77.15,600,0,50400
ASIANPAINT30JAN201800PE.NFO,07/01/2020,10:28:41,76.6,73.6,3600,77.15,600,0,50400
ASIANPAINT30JAN201800PE.NFO,07/01/2020,10:28:42,76.6,73.6,1200,77.15,600,0,50400
ASIANPAINT30JAN201800PE.NFO,07/01/2020,10:28:43,76.6,73.6,4800,77.15,600,0,50400
ASIANPAINT30JAN201800PE.NFO,07/01/2020,10:28:45,76.6,73.6,3600,77.15,600,0,50400
ASIANPAINT30JAN201800PE.NFO,07/01/2020,10:28:46,76.6,73.6,6000,77.15,600,0,50400
ASIANPAINT30JAN201800PE.NFO,07/01/2020,10:28:48,76.6,73.6,8400,77.15,600,0,50400
ASIANPAINT30JAN201800PE.NFO,07/01/2020,10:28:48,76.6,73.6,9600,77.15,600,0,50400
ASIANPAINT30JAN201800PE.NFO,07/01/2020,10:28:49,76.6,73.6,4800,77.15,600,0,50400
ASIANPAINT30JAN201800PE.NFO,07/01/2020,10:28:51,76.6,73.6,6000,77.15,600,0,50400
ASIANPAINT30JAN201800PE.NFO,07/01/2020,10:28:55,76.6,73.6,4800,77.15,600,0,50400
ASIANPAINT30JAN201800PE.NFO,07/01/2020,10:28:57,76.6,73.6,7200,77.15,600,0,50400
ASIANPAINT30JAN201800PE.NFO,07/01/2020,10:28:58,76.6,73.6,6000,77.15,600,0,50400
ASIANPAINT30JAN201800PE.NFO,07/01/2020,10:28:59,76.6,73.6,4800,77.15,600,0,50400
ASIANPAINT30JAN201800PE.NFO,07/01/2020,10:29:00,76.6,73.6,9600,77.15,600,0,50400
ASIANPAINT30JAN201800PE.NFO,07/01/2020,10:29:01,76.6,73.6,8400,77.15,600,0,50400
ASIANPAINT30JAN201800PE.NFO,07/01/2020,10:29:02,76.6,73.6,9600,77.15,600,0,50400
ASIANPAINT30JAN201800PE.NFO,07/01/2020,10:29:04,76.6,73.6,3600,77.15,600,0,50400
ASIANPAINT30JAN201800PE.NFO,07/01/2020,10:29:05,76.6,73.6,2400,77.15,600,0,50400
ASIANPAINT30JAN201800PE.NFO,07/01/2020,10:29:06,76.6,73.6,1200,77.15,600,0,50400
ASIANPAINT30JAN201800PE.NFO,07/01/2020,10:29:07,76.6,73.6,4800,77.15,600,0,50400
ASIANPAINT30JAN201800PE.NFO,07/01/2020,10:29:09,76.6,73.6,3600,77.15,600,0,50400
ASIANPAINT30JAN201800PE.NFO,07/01/2020,10:29:11,76.6,73.6,4800,77.15,600,0,50400
ASIANPAINT30JAN201800PE.NFO,07/01/2020,10:29:12,76.6,73.6,9600,77.15,600,0,50400
ASIANPAINT30JAN201800PE.NFO,07/01/2020,10:29:20,76.6,73.6,8400,77.15,600,0,50400
ASIANPAINT30JAN201800PE.NFO,07/01/2020,10:29:23,76.6,73.6,9600,77.15,600,0,50400
ASIANPAINT30JAN201800PE.NFO,07/01/2020,10:29:27,76.6,73.6,10800,77.15,600,0,50400
ASIANPAINT30JAN201800PE.NFO,07/01/2020,10:29:31,76.6,74.25,600,77.15,600,0,50400
ASIANPAINT30JAN201800PE.NFO,07/01/2020,10:29:34,76.6,74.4,600,77.55,600,0,50400
ASIANPAINT30JAN201800PE.NFO,07/01/2020,10:29:38,76.6,74.75,600,77.25,600,0,50400
ASIANPAINT30JAN201800PE.NFO,07/01/2020,10:29:42,76.6,74.85,600,77.25,600,0,50400
ASIANPAINT30JAN201800PE.NFO,07/01/2020,10:29:56,76.6,75.5,600,77.9,600,0,50400
ASIANPAINT30JAN201800PE.NFO,07/01/2020,10:30:00,76.6,75.85,600,77.9,600,0,50400
ASIANPAINT30JAN201800PE.NFO,07/01/2020,10:30:03,76.6,75.05,600,77.8,600,0,50400
ASIANPAINT30JAN201800PE.NFO,07/01/2020,10:30:07,76.6,74.25,2400,77.35,600,0,50400
ASIANPAINT30JAN201800PE.NFO,07/01/2020,10:30:10,76.6,74.25,4800,77.4,600,0,50400
ASIANPAINT30JAN201800PE.NFO,07/01/2020,10:30:12,76.6,74.25,3600,77.6,600,0,50400
ASIANPAINT30JAN201800PE.NFO,07/01/2020,10:30:13,76.6,74.25,9600,77.6,600,0,50400
ASIANPAINT30JAN201800PE.NFO,07/01/2020,10:30:14,76.6,74.25,2400,77.6,600,0,50400
ASIANPAINT30JAN201800PE.NFO,07/01/2020,10:30:15,76.6,74.25,4800,77.6,600,0,50400
ASIANPAINT30JAN201800PE.NFO,07/01/2020,10:30:16,76.6,74.45,600,77.6,600,0,50400
ASIANPAINT30JAN201800PE.NFO,07/01/2020,10:30:17,76.6,73.45,10800,77.5,600,0,50400
ASIANPAINT30JAN201800PE.NFO,07/01/2020,10:30:18,76.6,73.45,10800,77.4,600,0,50400
ASIANPAINT30JAN201800PE.NFO,07/01/2020,10:30:19,76.6,73.55,10800,78.1,600,0,50400
ASIANPAINT30JAN201800PE.NFO,07/01/2020,10:30:20,76.6,73.55,10800,77.4,600,0,50400
ASIANPAINT30JAN201800PE.NFO,07/01/2020,10:30:21,76.6,73.55,10800,77.3,600,0,50400
ASIANPAINT30JAN201800PE.NFO,07/01/2020,10:30:22,76.6,73.55,10800,78.05,600,0,50400
ASIANPAINT30JAN201800PE.NFO,07/01/2020,10:30:23,76.6,73.55,10800,78.25,600,0,50400
ASIANPAINT30JAN201800PE.NFO,07/01/2020,10:30:24,76.6,73.55,10800,77.55,600,0,50400
ASIANPAINT30JAN201800PE.NFO,07/01/2020,10:30:25,76.6,73.75,9600,77.5,600,0,50400
ASIANPAINT30JAN201800PE.NFO,07/01/2020,10:30:26,76.6,73.75,10800,77.5,600,0,50400
ASIANPAINT30JAN201800PE.NFO,07/01/2020,10:30:29,76.6,73.75,9600,77.5,600,0,50400
ASIANPAINT30JAN201800PE.NFO,07/01/2020,10:30:30,76.6,73.75,10800,77.5,600,0,50400
ASIANPAINT30JAN201800PE.NFO,07/01/2020,10:30:31,76.6,73.95,10800,77.5,600,0,50400
ASIANPAINT30JAN201800PE.NFO,07/01/2020,10:30:32,76.6,75,600,78.1,600,0,50400
ASIANPAINT30JAN201800PE.NFO,07/01/2020,10:30:33,76.6,74.4,2400,77.8,600,0,50400
ASIANPAINT30JAN201800PE.NFO,07/01/2020,10:30:34,76.6,74.4,3600,77.8,600,0,50400
ASIANPAINT30JAN201800PE.NFO,07/01/2020,10:30:35,76.6,74.4,2400,77.8,600,0,50400
ASIANPAINT30JAN201800PE.NFO,07/01/2020,10:30:36,76.6,74.4,4800,77.8,600,0,50400
ASIANPAINT30JAN201800PE.NFO,07/01/2020,10:30:39,76.6,74.4,3600,77.8,600,0,50400
ASIANPAINT30JAN201800PE.NFO,07/01/2020,10:30:40,76.6,74.4,6000,77.8,600,0,50400
ASIANPAINT30JAN201800PE.NFO,07/01/2020,10:30:41,76.6,74.4,8400,77.8,600,0,50400
ASIANPAINT30JAN201800PE.NFO,07/01/2020,10:30:43,76.6,74.4,3600,77.8,600,0,50400
ASIANPAINT30JAN201800PE.NFO,07/01/2020,10:30:44,76.6,74.75,600,77.7,600,0,50400
ASIANPAINT30JAN201800PE.NFO,07/01/2020,10:30:45,76.6,74.15,7200,77.7,600,0,50400
ASIANPAINT30JAN201800PE.NFO,07/01/2020,10:30:45,76.6,74.15,9600,77.7,600,0,50400
ASIANPAINT30JAN201800PE.NFO,07/01/2020,10:30:47,76.6,74.15,7200,77.4,600,0,50400
ASIANPAINT30JAN201800PE.NFO,07/01/2020,10:30:47,76.6,74.15,4800,78.25,600,0,50400
ASIANPAINT30JAN201800PE.NFO,07/01/2020,10:30:48,76.6,74.15,6000,78.25,600,0,50400
ASIANPAINT30JAN201800PE.NFO,07/01/2020,10:30:49,76.6,74.15,9600,78.25,600,0,50400
ASIANPAINT30JAN201800PE.NFO,07/01/2020,10:30:50,76.6,74.25,10800,78.25,600,0,50400
ASIANPAINT30JAN201800PE.NFO,07/01/2020,10:30:58,76.6,74.9,4200,78.05,600,0,50400
ASIANPAINT30JAN201800PE.NFO,07/01/2020,10:30:59,76.6,74.9,3000,78.05,600,0,50400
ASIANPAINT30JAN201800PE.NFO,07/01/2020,10:31:00,76.6,75,3000,78.05,600,0,50400
ASIANPAINT30JAN201800PE.NFO,07/01/2020,10:31:01,76.6,75,600,77.95,600,0,50400
ASIANPAINT30JAN201800PE.NFO,07/01/2020,10:31:04,76.6,75.1,600,77.95,600,0,50400
ASIANPAINT30JAN201800PE.NFO,07/01/2020,10:31:14,76.6,75.1,600,77.95,1200,0,50400
ASIANPAINT30JAN201800PE.NFO,07/01/2020,10:31:14,76.6,75.1,600,77.95,600,0,50400
ASIANPAINT30JAN201800PE.NFO,07/01/2020,10:31:17,76.6,75.1,600,77.95,1200,0,50400
ASIANPAINT30JAN201800PE.NFO,07/01/2020,10:31:19,76.6,75.1,600,77.95,600,0,50400
ASIANPAINT30JAN201800PE.NFO,07/01/2020,10:31:29,76.6,75.2,1800,77.95,600,0,50400
ASIANPAINT30JAN201800PE.NFO,07/01/2020,10:31:30,76.6,75.2,600,77.95,600,0,50400
ASIANPAINT30JAN201800PE.NFO,07/01/2020,10:31:36,76.6,75.4,600,78.45,600,0,50400
ASIANPAINT30JAN201800PE.NFO,07/01/2020,10:31:59,76.6,75.55,3000,78.45,600,0,50400
ASIANPAINT30JAN201800PE.NFO,07/01/2020,10:31:59,76.6,75.65,600,78.45,600,0,50400
ASIANPAINT30JAN201800PE.NFO,07/01/2020,10:32:00,76.6,75.8,1800,78.45,600,0,50400
ASIANPAINT30JAN201800PE.NFO,07/01/2020,10:32:01,76.6,76,1800,79.4,1200,0,50400
ASIANPAINT30JAN201800PE.NFO,07/01/2020,10:32:03,76.6,76.1,600,79.4,1200,0,50400
ASIANPAINT30JAN201800PE.NFO,07/01/2020,10:32:03,76.6,76.1,1800,79.4,1200,0,50400
ASIANPAINT30JAN201800PE.NFO,07/01/2020,10:32:23,76.6,76.1,3000,79.4,1200,0,50400
ASIANPAINT30JAN201800PE.NFO,07/01/2020,10:32:28,76.6,76.1,600,79.4,1200,0,50400
ASIANPAINT30JAN201800PE.NFO,07/01/2020,10:32:36,76.6,76.25,600,79.4,2400,0,50400
ASIANPAINT30JAN201800PE.NFO,07/01/2020,10:32:43,76.6,75.75,3600,78.7,600,0,50400
ASIANPAINT30JAN201800PE.NFO,07/01/2020,10:32:47,76.6,75.75,3600,78.6,600,0,50400
ASIANPAINT30JAN201800PE.NFO,07/01/2020,10:32:50,76.6,75.85,600,78.5,600,0,50400
ASIANPAINT30JAN201800PE.NFO,07/01/2020,10:32:54,76.6,75.9,1800,78.5,600,0,50400
ASIANPAINT30JAN201800PE.NFO,07/01/2020,10:32:58,76.6,75.95,600,78.5,600,0,50400
ASIANPAINT30JAN201800PE.NFO,07/01/2020,10:33:01,76.6,75.9,600,78.5,600,0,50400
ASIANPAINT30JAN201800PE.NFO,07/01/2020,10:33:05,76.6,76,1800,78.5,600,0,50400
ASIANPAINT30JAN201800PE.NFO,07/01/2020,10:33:07,76.6,75.75,3600,78.5,600,0,50400
ASIANPAINT30JAN201800PE.NFO,07/01/2020,10:33:10,76.6,75.75,3600,79.1,600,0,50400
ASIANPAINT30JAN201800PE.NFO,07/01/2020,10:33:12,76.6,75.75,3600,79,600,0,50400
ASIANPAINT30JAN201800PE.NFO,07/01/2020,10:33:15,76.6,75.75,3600,78.9,600,0,50400
ASIANPAINT30JAN201800PE.NFO,07/01/2020,10:33:16,76.6,75.75,3600,78.8,600,0,50400
ASIANPAINT30JAN201800PE.NFO,07/01/2020,10:33:17,76.6,75.75,3600,78.8,1200,0,50400
ASIANPAINT30JAN201800PE.NFO,07/01/2020,10:33:20,76.6,75.75,3600,78.8,600,0,50400
ASIANPAINT30JAN201800PE.NFO,07/01/2020,10:33:20,76.6,75.75,3600,78.75,600,0,50400
ASIANPAINT30JAN201800PE.NFO,07/01/2020,10:33:21,76.6,75.75,3600,79.35,600,0,50400
ASIANPAINT30JAN201800PE.NFO,07/01/2020,10:33:22,76.6,75.75,3600,78.95,600,0,50400
ASIANPAINT30JAN201800PE.NFO,07/01/2020,10:33:23,76.6,75.75,3600,78.85,600,0,50400
ASIANPAINT30JAN201800PE.NFO,07/01/2020,10:33:24,76.6,75.75,3600,78.75,600,0,50400
ASIANPAINT30JAN201800PE.NFO,07/01/2020,10:33:30,76.6,75.75,2400,78.75,600,0,50400
ASIANPAINT30JAN201800PE.NFO,07/01/2020,10:33:32,76.6,75.75,4800,78.75,600,0,50400
ASIANPAINT30JAN201800PE.NFO,07/01/2020,10:33:33,76.6,75.75,3600,78.75,1200,0,50400
ASIANPAINT30JAN201800PE.NFO,07/01/2020,10:33:35,76.6,75.75,7200,78.75,600,0,50400
ASIANPAINT30JAN201800PE.NFO,07/01/2020,10:33:36,76.6,75.85,4800,79.55,600,0,50400
ASIANPAINT30JAN201800PE.NFO,07/01/2020,10:33:36,76.6,75.85,6000,79.25,1200,0,50400
ASIANPAINT30JAN201800PE.NFO,07/01/2020,10:33:37,76.6,75.85,7200,79.25,600,0,50400
ASIANPAINT30JAN201800PE.NFO,07/01/2020,10:33:38,76.6,75.85,8400,79.25,600,0,50400
ASIANPAINT30JAN201800PE.NFO,07/01/2020,10:33:41,76.6,75.85,8400,79.95,600,0,50400
ASIANPAINT30JAN201800PE.NFO,07/01/2020,10:33:42,76.6,75.85,8400,79.35,600,0,50400
ASIANPAINT30JAN201800PE.NFO,07/01/2020,10:33:45,76.6,75.85,6000,79.25,1200,0,50400
ASIANPAINT30JAN201800PE.NFO,07/01/2020,10:33:49,76.6,75.85,4800,79.25,1200,0,50400
ASIANPAINT30JAN201800PE.NFO,07/01/2020,10:33:50,76.6,75.85,3600,79.25,1200,0,50400
ASIANPAINT30JAN201800PE.NFO,07/01/2020,10:33:53,76.6,75.85,1200,79.25,1200,0,50400
ASIANPAINT30JAN201800PE.NFO,07/01/2020,10:33:55,76.6,75.85,600,79.25,1200,0,50400
ASIANPAINT30JAN201800PE.NFO,07/01/2020,10:33:56,76.6,75.85,600,79.05,1200,0,50400
ASIANPAINT30JAN201800PE.NFO,07/01/2020,10:33:59,76.6,75.85,1800,79.05,1200,0,50400
ASIANPAINT30JAN201800PE.NFO,07/01/2020,10:34:00,76.6,75.85,600,78.95,600,0,50400
ASIANPAINT30JAN201800PE.NFO,07/01/2020,10:34:04,76.6,75.85,600,78.7,600,0,50400
ASIANPAINT30JAN201800PE.NFO,07/01/2020,10:34:32,76.6,75.85,1800,78.7,600,0,50400
ASIANPAINT30JAN201800PE.NFO,07/01/2020,10:34:34,76.6,75.85,600,78.7,600,0,50400
ASIANPAINT30JAN201800PE.NFO,07/01/2020,10:34:37,76.6,75.85,1800,78.7,600,0,50400
ASIANPAINT30JAN201800PE.NFO,07/01/2020,10:34:40,76.6,75.85,600,78.7,600,0,50400
ASIANPAINT30JAN201800PE.NFO,07/01/2020,10:34:51,76.6,75.95,600,79.05,600,0,50400
ASIANPAINT30JAN201800PE.NFO,07/01/2020,10:34:55,76.6,75.85,600,79.05,600,0,50400
ASIANPAINT30JAN201800PE.NFO,07/01/2020,10:34:58,76.6,75.95,1800,79.05,600,0,50400
ASIANPAINT30JAN201800PE.NFO,07/01/2020,10:35:00,76.6,75.95,600,79.05,600,0,50400
ASIANPAINT30JAN201800PE.NFO,07/01/2020,10:35:03,76.6,76.15,600,79.05,600,0,50400
ASIANPAINT30JAN201800PE.NFO,07/01/2020,10:35:09,76.6,75.25,4800,79.05,600,0,50400
ASIANPAINT30JAN201800PE.NFO,07/01/2020,10:35:11,76.6,75.25,6000,79.05,600,0,50400
ASIANPAINT30JAN201800PE.NFO,07/01/2020,10:35:14,76.6,75.25,3600,79.05,600,0,50400
ASIANPAINT30JAN201800PE.NFO,07/01/2020,10:35:17,76.6,75.25,3600,78.95,600,0,50400
ASIANPAINT30JAN201800PE.NFO,07/01/2020,10:35:25,76.6,75.25,7200,78.95,600,0,50400
ASIANPAINT30JAN201800PE.NFO,07/01/2020,10:35:29,76.6,75.25,4800,78.95,600,0,50400
ASIANPAINT30JAN201800PE.NFO,07/01/2020,10:35:32,76.6,76.05,1800,78.95,600,0,50400
ASIANPAINT30JAN201800PE.NFO,07/01/2020,10:35:36,76.6,76,600,78.95,600,0,50400
ASIANPAINT30JAN201800PE.NFO,07/01/2020,10:36:04,76.6,76.25,600,78.95,600,0,50400
ASIANPAINT30JAN201800PE.NFO,07/01/2020,10:36:08,76.6,76.05,3600,78.95,600,0,50400
ASIANPAINT30JAN201800PE.NFO,07/01/2020,10:36:10,76.6,76.3,600,78.95,600,0,50400
ASIANPAINT30JAN201800PE.NFO,07/01/2020,10:36:16,76.6,76.05,1800,78.95,600,0,50400
ASIANPAINT30JAN201800PE.NFO,07/01/2020,10:36:19,76.6,75.3,8400,78.95,600,0,50400
ASIANPAINT30JAN201800PE.NFO,07/01/2020,10:36:22,76.6,75.3,9600,78.95,600,0,50400
ASIANPAINT30JAN201800PE.NFO,07/01/2020,10:36:35,76.6,75.3,10800,78.95,600,0,50400
ASIANPAINT30JAN201800PE.NFO,07/01/2020,10:36:37,76.6,75.3,9600,78.95,600,0,50400
ASIANPAINT30JAN201800PE.NFO,07/01/2020,10:36:41,76.6,75.3,10800,78.95,600,0,50400
ASIANPAINT30JAN201800PE.NFO,07/01/2020,10:36:44,76.6,75.3,9600,78.95,600,0,50400
ASIANPAINT30JAN201800PE.NFO,07/01/2020,10:36:49,76.6,75.3,10800,78.95,600,0,50400
ASIANPAINT30JAN201800PE.NFO,07/01/2020,10:36:50,76.6,75.3,9600,78.95,600,0,50400
ASIANPAINT30JAN201800PE.NFO,07/01/2020,10:37:00,76.6,75.3,10800,78.95,600,0,50400
ASIANPAINT30JAN201800PE.NFO,07/01/2020,10:37:05,76.6,75.3,10800,79.6,600,0,50400
ASIANPAINT30JAN201800PE.NFO,07/01/2020,10:37:08,76.6,75.3,9600,78.9,600,0,50400
ASIANPAINT30JAN201800PE.NFO,07/01/2020,10:37:10,76.6,75.3,9600,78.85,600,0,50400
ASIANPAINT30JAN201800PE.NFO,07/01/2020,10:37:12,76.6,75.3,10800,78.95,600,0,50400
ASIANPAINT30JAN201800PE.NFO,07/01/2020,10:37:14,76.6,75.3,10800,79.75,600,0,50400
ASIANPAINT30JAN201800PE.NFO,07/01/2020,10:37:18,76.6,75.3,10800,79.5,600,0,50400
ASIANPAINT30JAN201800PE.NFO,07/01/2020,10:37:21,76.6,75.3,10800,79.9,600,0,50400
ASIANPAINT30JAN201800PE.NFO,07/01/2020,10:37:23,76.6,75.3,10800,79.8,600,0,50400
ASIANPAINT30JAN201800PE.NFO,07/01/2020,10:37:26,76.6,75.3,10800,79.3,600,0,50400
ASIANPAINT30JAN201800PE.NFO,07/01/2020,10:37:29,76.6,75.5,8400,79.8,1200,0,50400
ASIANPAINT30JAN201800PE.NFO,07/01/2020,10:37:32,76.6,75.5,9600,79.8,1200,0,50400
ASIANPAINT30JAN201800PE.NFO,07/01/2020,10:37:37,76.6,75.5,10800,79.8,1200,0,50400
ASIANPAINT30JAN201800PE.NFO,07/01/2020,10:37:44,76.6,75.5,8400,79.8,1200,0,50400
ASIANPAINT30JAN201800PE.NFO,07/01/2020,10:37:49,76.6,75.5,9000,79.7,1200,0,50400
ASIANPAINT30JAN201800PE.NFO,07/01/2020,10:37:51,76.6,75.5,6600,78.85,600,0,50400
ASIANPAINT30JAN201800PE.NFO,07/01/2020,10:37:53,76.6,75.5,6600,78.8,600,0,50400
ASIANPAINT30JAN201800PE.NFO,07/01/2020,10:37:56,76.6,75.5,5400,78.7,600,0,50400
ASIANPAINT30JAN201800PE.NFO,07/01/2020,10:37:59,76.6,75.5,5400,79.05,600,0,50400
ASIANPAINT30JAN201800PE.NFO,07/01/2020,10:38:03,76.6,75.5,5400,79.4,600,0,50400
ASIANPAINT30JAN201800PE.NFO,07/01/2020,10:38:06,76.6,75.5,5400,79.3,600,0,50400
ASIANPAINT30JAN201800PE.NFO,07/01/2020,10:38:09,76.6,75.5,6600,79.15,600,0,50400
ASIANPAINT30JAN201800PE.NFO,07/01/2020,10:38:11,76.6,75.5,6600,78.9,600,0,50400
ASIANPAINT30JAN201800PE.NFO,07/01/2020,10:38:13,76.6,75.5,6600,79.15,600,0,50400
ASIANPAINT30JAN201800PE.NFO,07/01/2020,10:38:15,76.6,75.5,5400,78.85,600,0,50400
ASIANPAINT30JAN201800PE.NFO,07/01/2020,10:38:17,76.6,75.5,5400,78.75,600,0,50400
ASIANPAINT30JAN201800PE.NFO,07/01/2020,10:38:20,76.6,75.5,5400,78.65,600,0,50400
ASIANPAINT30JAN201800PE.NFO,07/01/2020,10:38:21,76.6,75.5,5400,78.55,600,0,50400
ASIANPAINT30JAN201800PE.NFO,07/01/2020,10:38:24,76.6,75.5,5400,78.45,600,0,50400
ASIANPAINT30JAN201800PE.NFO,07/01/2020,10:38:30,76.6,75.75,3000,78.45,600,0,50400
ASIANPAINT30JAN201800PE.NFO,07/01/2020,10:38:33,76.6,75.75,1800,78.45,600,0,50400
ASIANPAINT30JAN201800PE.NFO,07/01/2020,10:38:38,76.6,75.75,600,78.45,600,0,50400
ASIANPAINT30JAN201800PE.NFO,07/01/2020,10:38:45,76.6,75.75,5400,78.45,600,0,50400
ASIANPAINT30JAN201800PE.NFO,07/01/2020,10:38:47,76.6,75.75,3000,78.45,600,0,50400
ASIANPAINT30JAN201800PE.NFO,07/01/2020,10:38:50,76.6,75.75,1800,78.45,600,0,50400
ASIANPAINT30JAN201800PE.NFO,07/01/2020,10:38:52,76.6,75.75,3000,78.45,600,0,50400
ASIANPAINT30JAN201800PE.NFO,07/01/2020,10:38:54,76.6,75.75,4200,78.45,600,0,50400
ASIANPAINT30JAN201800PE.NFO,07/01/2020,10:38:56,76.6,75.85,2400,78.45,600,0,50400
ASIANPAINT30JAN201800PE.NFO,07/01/2020,10:39:00,76.6,75.9,4800,78.45,600,0,50400
ASIANPAINT30JAN201800PE.NFO,07/01/2020,10:39:03,76.6,75.8,4800,78.45,600,0,50400
ASIANPAINT30JAN201800PE.NFO,07/01/2020,10:39:21,76.6,75.9,2400,78.45,600,0,50400
ASIANPAINT30JAN201800PE.NFO,07/01/2020,10:39:26,76.6,75.75,3000,78.45,600,0,50400
ASIANPAINT30JAN201800PE.NFO,07/01/2020,10:39:38,76.6,75.75,5400,78.45,600,0,50400
ASIANPAINT30JAN201800PE.NFO,07/01/2020,10:39:44,76.6,75.75,3000,78.45,600,0,50400
ASIANPAINT30JAN201800PE.NFO,07/01/2020,10:39:50,76.6,75.75,600,78.45,600,0,50400
ASIANPAINT30JAN201800PE.NFO,07/01/2020,10:39:55,76.6,75.75,1800,78.45,600,0,50400
ASIANPAINT30JAN201800PE.NFO,07/01/2020,10:39:57,76.6,75.75,600,78.45,600,0,50400
ASIANPAINT30JAN201800PE.NFO,07/01/2020,10:40:01,76.6,75.75,1800,78.45,600,0,50400
ASIANPAINT30JAN201800PE.NFO,07/01/2020,10:40:05,76.6,75.75,600,78.45,600,0,50400
ASIANPAINT30JAN201800PE.NFO,07/01/2020,10:40:08,76.6,75.75,1800,78.45,600,0,50400
ASIANPAINT30JAN201800PE.NFO,07/01/2020,10:40:15,76.6,75.75,4200,78.45,600,0,50400
ASIANPAINT30JAN201800PE.NFO,07/01/2020,10:40:26,76.6,75.85,1800,78.45,600,0,50400
ASIANPAINT30JAN201800PE.NFO,07/01/2020,10:40:31,76.6,75.85,600,78.45,600,0,50400
ASIANPAINT30JAN201800PE.NFO,07/01/2020,10:40:33,76.6,76.05,600,78.9,600,0,50400
ASIANPAINT30JAN201800PE.NFO,07/01/2020,10:40:35,76.6,76.05,3000,78.9,600,0,50400
ASIANPAINT30JAN201800PE.NFO,07/01/2020,10:40:37,76.6,76.05,600,78.9,600,0,50400
ASIANPAINT30JAN201800PE.NFO,07/01/2020,10:40:46,76.6,76.05,600,78.9,1200,0,50400
ASIANPAINT30JAN201800PE.NFO,07/01/2020,10:40:49,76.6,76.15,1800,78.9,600,0,50400
ASIANPAINT30JAN201800PE.NFO,07/01/2020,10:40:52,76.6,76.15,600,78.9,600,0,50400
ASIANPAINT30JAN201800PE.NFO,07/01/2020,10:40:56,76.6,76.15,600,78.9,1200,0,50400
ASIANPAINT30JAN201800PE.NFO,07/01/2020,10:40:59,76.6,76.05,600,78.9,600,0,50400
ASIANPAINT30JAN201800PE.NFO,07/01/2020,10:41:03,76.6,75.8,3000,78.9,1200,0,50400
ASIANPAINT30JAN201800PE.NFO,07/01/2020,10:41:06,76.6,75.55,4200,78.7,600,0,50400
ASIANPAINT30JAN201800PE.NFO,07/01/2020,10:41:10,76.6,75.75,1800,78.6,600,0,50400
ASIANPAINT30JAN201800PE.NFO,07/01/2020,10:41:18,76.6,76.1,600,79.15,1200,0,50400
ASIANPAINT30JAN201800PE.NFO,07/01/2020,10:41:21,76.6,76.15,600,79.15,1200,0,50400
ASIANPAINT30JAN201800PE.NFO,07/01/2020,10:41:26,76.6,75.6,4200,79.15,1200,0,50400
ASIANPAINT30JAN201800PE.NFO,07/01/2020,10:41:31,76.6,75.8,1800,79.15,1200,0,50400
ASIANPAINT30JAN201800PE.NFO,07/01/2020,10:41:34,76.6,75.8,600,79.05,1200,0,50400
ASIANPAINT30JAN201800PE.NFO,07/01/2020,10:41:40,76.6,75.8,1800,78.95,600,0,50400
ASIANPAINT30JAN201800PE.NFO,07/01/2020,10:41:43,76.6,75.8,600,78.95,1200,0,50400
ASIANPAINT30JAN201800PE.NFO,07/01/2020,10:41:49,76.6,75.6,600,78.95,1200,0,50400
ASIANPAINT30JAN201800PE.NFO,07/01/2020,10:41:52,76.6,75.6,1800,78.95,1200,0,50400
ASIANPAINT30JAN201800PE.NFO,07/01/2020,10:41:55,76.6,75.7,600,78.8,1200,0,50400
ASIANPAINT30JAN201800PE.NFO,07/01/2020,10:42:04,76.6,75.7,600,78.8,600,0,50400
ASIANPAINT30JAN201800PE.NFO,07/01/2020,10:42:08,76.6,75.7,1800,78.8,600,0,50400
ASIANPAINT30JAN201800PE.NFO,07/01/2020,10:42:11,76.6,75.7,600,78.55,600,0,50400
ASIANPAINT30JAN201800PE.NFO,07/01/2020,10:42:14,76.6,75.7,4200,78.75,600,0,50400
ASIANPAINT30JAN201800PE.NFO,07/01/2020,10:42:17,76.6,75.55,1800,78.75,600,0,50400
ASIANPAINT30JAN201800PE.NFO,07/01/2020,10:42:19,76.6,75.55,4200,78.55,600,0,50400
ASIANPAINT30JAN201800PE.NFO,07/01/2020,10:42:22,76.6,75.55,1800,78.55,600,0,50400
ASIANPAINT30JAN201800PE.NFO,07/01/2020,10:42:24,76.6,75.75,600,79.1,600,0,50400
ASIANPAINT30JAN201800PE.NFO,07/01/2020,10:42:27,76.6,75.75,1800,79,600,0,50400
ASIANPAINT30JAN201800PE.NFO,07/01/2020,10:42:31,76.6,75.85,600,78.65,600,0,50400
ASIANPAINT30JAN201800PE.NFO,07/01/2020,10:42:35,76.6,76.25,600,79.15,600,0,50400
ASIANPAINT30JAN201800PE.NFO,07/01/2020,10:42:39,76.6,76.35,600,79.15,600,0,50400
ASIANPAINT30JAN201800PE.NFO,07/01/2020,10:42:48,76.6,76.45,600,79.15,600,0,50400
ASIANPAINT30JAN201800PE.NFO,07/01/2020,10:43:09,76.6,76.45,1800,79.15,600,0,50400
ASIANPAINT30JAN201800PE.NFO,07/01/2020,10:43:11,76.6,76.45,600,79.15,600,0,50400
ASIANPAINT30JAN201800PE.NFO,07/01/2020,10:43:13,76.6,76.55,600,79.15,600,0,50400
ASIANPAINT30JAN201800PE.NFO,07/01/2020,10:43:16,76.6,76.15,600,79.15,600,0,50400
ASIANPAINT30JAN201800PE.NFO,07/01/2020,10:43:18,76.6,76.3,600,79.1,600,0,50400
ASIANPAINT30JAN201800PE.NFO,07/01/2020,10:43:23,76.6,76.4,600,79.1,600,0,50400
ASIANPAINT30JAN201800PE.NFO,07/01/2020,10:43:29,76.6,76.3,3000,79.1,600,0,50400
ASIANPAINT30JAN201800PE.NFO,07/01/2020,10:43:32,76.6,76.3,4200,79.3,600,0,50400
ASIANPAINT30JAN201800PE.NFO,07/01/2020,10:43:35,76.6,76.3,600,79.3,600,0,50400
ASIANPAINT30JAN201800PE.NFO,07/01/2020,10:43:37,76.6,76.3,4200,79.3,600,0,50400
ASIANPAINT30JAN201800PE.NFO,07/01/2020,10:43:41,76.6,76.3,1800,79.2,600,0,50400
ASIANPAINT30JAN201800PE.NFO,07/01/2020,10:43:50,76.6,76.3,600,79.2,600,0,50400
ASIANPAINT30JAN201800PE.NFO,07/01/2020,10:44:05,76.6,76.3,600,79.2,1200,0,50400
ASIANPAINT30JAN201800PE.NFO,07/01/2020,10:44:10,76.6,76.5,600,79.2,1200,0,50400
ASIANPAINT30JAN201800PE.NFO,07/01/2020,10:44:17,76.6,76.5,600,79.2,600,0,50400
ASIANPAINT30JAN201800PE.NFO,07/01/2020,10:44:22,76.6,76.5,600,79.2,1200,0,50400
ASIANPAINT30JAN201800PE.NFO,07/01/2020,10:44:27,76.6,76.5,600,79.2,600,0,50400
ASIANPAINT30JAN201800PE.NFO,07/01/2020,10:44:29,76.6,76.55,600,79.2,600,0,50400
ASIANPAINT30JAN201800PE.NFO,07/01/2020,10:44:32,76.6,76.55,1800,79.85,600,0,50400
ASIANPAINT30JAN201800PE.NFO,07/01/2020,10:44:36,76.6,76.55,4200,79.85,600,0,50400
ASIANPAINT30JAN201800PE.NFO,07/01/2020,10:44:39,76.6,76.55,1800,80.2,600,0,50400
ASIANPAINT30JAN201800PE.NFO,07/01/2020,10:44:42,76.6,76.65,1800,79.9,1200,0,50400
ASIANPAINT30JAN201800PE.NFO,07/01/2020,10:44:48,76.6,76.65,4200,79.9,600,0,50400
ASIANPAINT30JAN201800PE.NFO,07/01/2020,10:44:50,76.6,76.65,1800,79.9,1200,0,50400
ASIANPAINT30JAN201800PE.NFO,07/01/2020,10:44:54,76.6,76.65,4200,79.9,1200,0,50400
ASIANPAINT30JAN201800PE.NFO,07/01/2020,10:44:56,76.6,76.65,1800,79.9,1200,0,50400
ASIANPAINT30JAN201800PE.NFO,07/01/2020,10:45:02,76.6,76.75,4200,79.9,600,0,50400
ASIANPAINT30JAN201800PE.NFO,07/01/2020,10:45:07,76.6,76.75,4200,80.05,600,0,50400
ASIANPAINT30JAN201800PE.NFO,07/01/2020,10:45:10,76.6,76.75,600,79.8,600,0,50400
ASIANPAINT30JAN201800PE.NFO,07/01/2020,10:45:15,76.6,76.75,1200,80,600,0,50400
ASIANPAINT30JAN201800PE.NFO,07/01/2020,10:45:18,76.6,76.75,1200,79.8,600,0,50400
ASIANPAINT30JAN201800PE.NFO,07/01/2020,10:45:22,76.6,76.75,2400,79.55,600,0,50400
ASIANPAINT30JAN201800PE.NFO,07/01/2020,10:45:26,76.6,76.75,3600,79.8,600,0,50400
ASIANPAINT30JAN201800PE.NFO,07/01/2020,10:45:29,76.6,76.75,4800,79.85,600,0,50400
ASIANPAINT30JAN201800PE.NFO,07/01/2020,10:45:32,76.6,76.75,2400,79.85,1200,0,50400
ASIANPAINT30JAN201800PE.NFO,07/01/2020,10:45:37,76.6,76.75,1200,79.85,600,0,50400
ASIANPAINT30JAN201800PE.NFO,07/01/2020,10:45:40,76.6,76.75,2400,80.15,600,0,50400
ASIANPAINT30JAN201800PE.NFO,07/01/2020,10:45:42,76.6,76.75,3600,79.8,600,0,50400
ASIANPAINT30JAN201800PE.NFO,07/01/2020,10:45:44,76.6,76.75,4800,79.7,600,0,50400
ASIANPAINT30JAN201800PE.NFO,07/01/2020,10:45:47,76.6,76.75,1200,79.6,600,0,50400
ASIANPAINT30JAN201800PE.NFO,07/01/2020,10:45:53,76.6,76.75,1200,79.5,600,0,50400
ASIANPAINT30JAN201800PE.NFO,07/01/2020,10:46:02,76.6,76.75,1200,79.7,600,0,50400
ASIANPAINT30JAN201800PE.NFO,07/01/2020,10:46:05,76.6,76.75,4800,79.7,600,0,50400
ASIANPAINT30JAN201800PE.NFO,07/01/2020,10:46:08,76.6,76.75,2400,79.6,600,0,50400
ASIANPAINT30JAN201800PE.NFO,07/01/2020,10:46:11,76.6,76.75,1200,79.6,600,0,50400
ASIANPAINT30JAN201800PE.NFO,07/01/2020,10:46:12,76.6,76.75,2400,79.5,600,0,50400
ASIANPAINT30JAN201800PE.NFO,07/01/2020,10:46:13,76.6,76.75,1200,79.5,600,0,50400
ASIANPAINT30JAN201800PE.NFO,07/01/2020,10:46:15,76.6,76.75,2400,79.5,600,0,50400
ASIANPAINT30JAN201800PE.NFO,07/01/2020,10:46:16,76.6,76.75,1200,79.85,600,0,50400
ASIANPAINT30JAN201800PE.NFO,07/01/2020,10:46:17,76.6,76.75,1200,79.75,600,0,50400
ASIANPAINT30JAN201800PE.NFO,07/01/2020,10:46:24,76.6,76.75,2400,79.75,600,0,50400
ASIANPAINT30JAN201800PE.NFO,07/01/2020,10:46:25,76.6,76.75,1200,79.75,600,0,50400
ASIANPAINT30JAN201800PE.NFO,07/01/2020,10:46:31,76.6,76.75,1200,79.65,600,0,50400
ASIANPAINT30JAN201800PE.NFO,07/01/2020,10:46:33,76.6,76.75,600,79.65,600,0,50400
ASIANPAINT30JAN201800PE.NFO,07/01/2020,10:46:37,76.6,76.8,600,79.65,600,0,50400
ASIANPAINT30JAN201800PE.NFO,07/01/2020,10:46:41,76.6,76.8,600,79.55,1200,0,50400
ASIANPAINT30JAN201800PE.NFO,07/01/2020,10:46:42,76.6,76.8,600,79.55,600,0,50400
ASIANPAINT30JAN201800PE.NFO,07/01/2020,10:46:47,76.6,76.8,600,79.55,1200,0,50400
ASIANPAINT30JAN201800PE.NFO,07/01/2020,10:46:48,76.6,76.8,600,79.55,600,0,50400
ASIANPAINT30JAN201800PE.NFO,07/01/2020,10:46:49,76.6,76.75,600,79.55,600,0,50400
ASIANPAINT30JAN201800PE.NFO,07/01/2020,10:46:50,76.6,76.75,600,79.45,600,0,50400
ASIANPAINT30JAN201800PE.NFO,07/01/2020,10:46:58,76.6,76.8,600,79.45,600,0,50400
ASIANPAINT30JAN201800PE.NFO,07/01/2020,10:47:01,76.6,76.75,600,79.45,600,0,50400
ASIANPAINT30JAN201800PE.NFO,07/01/2020,10:47:05,76.6,76.8,600,79.45,600,0,50400
ASIANPAINT30JAN201800PE.NFO,07/01/2020,10:47:06,76.6,76.75,600,79.45,600,0,50400
ASIANPAINT30JAN201800PE.NFO,07/01/2020,10:47:11,76.6,76.9,1200,79.85,600,0,50400
ASIANPAINT30JAN201800PE.NFO,07/01/2020,10:47:13,76.6,76.8,600,79.85,600,0,50400
ASIANPAINT30JAN201800PE.NFO,07/01/2020,10:47:15,76.6,76.75,600,79.75,600,0,50400
ASIANPAINT30JAN201800PE.NFO,07/01/2020,10:47:16,76.6,76.75,600,79.65,600,0,50400
ASIANPAINT30JAN201800PE.NFO,07/01/2020,10:47:18,76.6,76.8,600,79.65,600,0,50400
ASIANPAINT30JAN201800PE.NFO,07/01/2020,10:47:19,76.6,76.9,600,79.65,600,0,50400
ASIANPAINT30JAN201800PE.NFO,07/01/2020,10:47:28,76.6,77,600,80.05,600,0,50400
ASIANPAINT30JAN201800PE.NFO,07/01/2020,10:47:30,76.6,76.8,3600,79.85,600,0,50400
ASIANPAINT30JAN201800PE.NFO,07/01/2020,10:47:31,76.6,77,600,79.85,600,0,50400
ASIANPAINT30JAN201800PE.NFO,07/01/2020,10:47:39,76.6,76.95,600,80.2,600,0,50400
ASIANPAINT30JAN201800PE.NFO,07/01/2020,10:47:40,76.6,77.1,600,80,600,0,50400
ASIANPAINT30JAN201800PE.NFO,07/01/2020,10:47:41,76.6,77.1,600,79.9,600,0,50400
ASIANPAINT30JAN201800PE.NFO,07/01/2020,10:47:47,76.6,77.1,600,79.9,1200,0,50400
ASIANPAINT30JAN201800PE.NFO,07/01/2020,10:47:48,76.6,77.1,600,79.9,600,0,50400
ASIANPAINT30JAN201800PE.NFO,07/01/2020,10:47:52,76.6,77.2,600,79.9,600,0,50400
ASIANPAINT30JAN201800PE.NFO,07/01/2020,10:47:56,76.6,77.25,600,79.9,600,0,50400
ASIANPAINT30JAN201800PE.NFO,07/01/2020,10:48:08,76.6,78.65,600,81.35,600,0,50400
ASIANPAINT30JAN201800PE.NFO,07/01/2020,10:48:11,76.6,78.4,600,81.35,600,0,50400
ASIANPAINT30JAN201800PE.NFO,07/01/2020,10:48:13,76.6,78.55,600,81.35,600,0,50400
ASIANPAINT30JAN201800PE.NFO,07/01/2020,10:48:17,76.6,78.85,600,81.85,600,0,50400
ASIANPAINT30JAN201800PE.NFO,07/01/2020,10:48:21,76.6,78,10800,81.85,600,0,50400
ASIANPAINT30JAN201800PE.NFO,07/01/2020,10:48:25,76.6,78,10800,81.95,600,0,50400
ASIANPAINT30JAN201800PE.NFO,07/01/2020,10:48:29,76.6,78.2,8400,82.1,600,0,50400
ASIANPAINT30JAN201800PE.NFO,07/01/2020,10:48:32,76.6,78.2,9600,81.9,600,0,50400
ASIANPAINT30JAN201800PE.NFO,07/01/2020,10:48:38,76.6,78.2,8400,81,600,0,50400
ASIANPAINT30JAN201800PE.NFO,07/01/2020,10:49:07,81,79.1,1800,82,600,600,49800
ASIANPAINT30JAN201800PE.NFO,07/01/2020,10:49:07,81,79.1,1800,82,600,0,49800
ASIANPAINT30JAN201800PE.NFO,07/01/2020,10:49:10,81,78.7,4800,82.35,600,0,49800
ASIANPAINT30JAN201800PE.NFO,07/01/2020,10:49:12,81,78.7,4800,81.9,600,0,49800
ASIANPAINT30JAN201800PE.NFO,07/01/2020,10:49:14,81,78.7,6000,82.5,600,0,49800
ASIANPAINT30JAN201800PE.NFO,07/01/2020,10:49:16,81,78.7,9600,82.5,600,0,49800
ASIANPAINT30JAN201800PE.NFO,07/01/2020,10:49:17,81,78.7,8400,82.5,600,0,49800
ASIANPAINT30JAN201800PE.NFO,07/01/2020,10:49:18,81,78.7,6000,82.5,600,0,49800
ASIANPAINT30JAN201800PE.NFO,07/01/2020,10:49:22,81,78.7,6000,82.3,600,0,49800
ASIANPAINT30JAN201800PE.NFO,07/01/2020,10:49:22,81,78.7,6000,82.2,600,0,49800
ASIANPAINT30JAN201800PE.NFO,07/01/2020,10:49:23,81,78.7,4800,81.6,600,0,49800
ASIANPAINT30JAN201800PE.NFO,07/01/2020,10:49:35,81,78.7,1800,81.4,600,0,49800
ASIANPAINT30JAN201800PE.NFO,07/01/2020,10:49:36,81,78.7,600,81.4,600,0,49800
ASIANPAINT30JAN201800PE.NFO,07/01/2020,10:49:37,81,78.4,600,81,600,0,49800
ASIANPAINT30JAN201800PE.NFO,07/01/2020,10:49:40,81,78,4800,81,600,0,49800
ASIANPAINT30JAN201800PE.NFO,07/01/2020,10:49:41,81,78,4800,81.5,600,0,49800
ASIANPAINT30JAN201800PE.NFO,07/01/2020,10:49:42,81,78,4800,81,600,0,49800
ASIANPAINT30JAN201800PE.NFO,07/01/2020,10:49:43,81,78,7200,81.4,600,0,49800
ASIANPAINT30JAN201800PE.NFO,07/01/2020,10:49:44,81,78,7200,81.95,600,0,49800
ASIANPAINT30JAN201800PE.NFO,07/01/2020,10:49:45,81,78,8400,81.35,600,0,49800
ASIANPAINT30JAN201800PE.NFO,07/01/2020,10:49:46,81,78,8400,81.3,600,0,49800
ASIANPAINT30JAN201800PE.NFO,07/01/2020,10:49:47,81,78,7200,81.45,600,0,49800
ASIANPAINT30JAN201800PE.NFO,07/01/2020,10:49:48,81,78,8400,81.45,600,0,49800
ASIANPAINT30JAN201800PE.NFO,07/01/2020,10:49:50,81,78,4800,81.1,600,0,49800
ASIANPAINT30JAN201800PE.NFO,07/01/2020,10:49:52,81,78,6000,81.45,600,0,49800
ASIANPAINT30JAN201800PE.NFO,07/01/2020,10:49:52,81,78,6000,81.15,600,0,49800
ASIANPAINT30JAN201800PE.NFO,07/01/2020,10:49:53,81,78,4800,81.65,600,0,49800
ASIANPAINT30JAN201800PE.NFO,07/01/2020,10:49:54,81,78,4800,81.55,600,0,49800
ASIANPAINT30JAN201800PE.NFO,07/01/2020,10:49:56,81,78,4800,81.65,600,0,49800
ASIANPAINT30JAN201800PE.NFO,07/01/2020,10:49:57,81,78,4800,81.1,600,0,49800
ASIANPAINT30JAN201800PE.NFO,07/01/2020,10:49:59,81,78,6000,81.1,600,0,49800
ASIANPAINT30JAN201800PE.NFO,07/01/2020,10:50:00,81,78,4800,81.1,1200,0,49800
ASIANPAINT30JAN201800PE.NFO,07/01/2020,10:50:02,81,78,7200,81.1,600,0,49800
ASIANPAINT30JAN201800PE.NFO,07/01/2020,10:50:03,81,78,7200,81.1,1200,0,49800
ASIANPAINT30JAN201800PE.NFO,07/01/2020,10:50:04,81,78,4800,81.1,1200,0,49800
ASIANPAINT30JAN201800PE.NFO,07/01/2020,10:50:08,81,78,6000,81.1,1200,0,49800
ASIANPAINT30JAN201800PE.NFO,07/01/2020,10:50:09,81,78,4800,81.1,1200,0,49800
