Ticker,Date,Time,LTP,BuyPrice,BuyQty,SellPrice,SellQty,LTQ,OpenInterest
ASIANPAINT30JAN201820CE.NFO,07/01/2020,09:15:06,13,9.7,4200,17.85,3600,600,114600
ASIANPAINT30JAN201820CE.NFO,07/01/2020,09:15:06,13,9.7,4200,17.85,3600,0,114600
ASIANPAINT30JAN201820CE.NFO,07/01/2020,09:15:06,13,9.7,4200,17.85,3600,0,114600
ASIANPAINT30JAN201820CE.NFO,07/01/2020,09:15:06,13,9.7,4200,17.85,3600,0,114600
ASIANPAINT30JAN201820CE.NFO,07/01/2020,09:15:16,13,11.45,4200,20.9,5400,0,114600
ASIANPAINT30JAN201820CE.NFO,07/01/2020,09:15:28,13,13.2,1800,20.9,6600,0,114600
ASIANPAINT30JAN201820CE.NFO,07/01/2020,09:15:39,13,13.2,5400,20.9,7800,0,114600
ASIANPAINT30JAN201820CE.NFO,07/01/2020,09:15:52,13.7,13.2,3000,20.9,9000,600,114600
ASIANPAINT30JAN201820CE.NFO,07/01/2020,09:15:52,13.7,13.2,3000,20.9,9000,0,114600
ASIANPAINT30JAN201820CE.NFO,07/01/2020,09:16:03,13.7,13.25,4200,18.8,600,0,114600
ASIANPAINT30JAN201820CE.NFO,07/01/2020,09:16:14,13.7,13.75,1800,17.45,600,0,114600
ASIANPAINT30JAN201820CE.NFO,07/01/2020,09:16:23,13.7,13.75,3000,17.35,600,0,114600
ASIANPAINT30JAN201820CE.NFO,07/01/2020,09:16:33,13.7,13.75,600,17.15,600,0,114600
ASIANPAINT30JAN201820CE.NFO,07/01/2020,09:16:42,13.7,13.25,600,16.75,600,0,114600
ASIANPAINT30JAN201820CE.NFO,07/01/2020,09:16:51,13.7,13.8,600,16.45,600,0,114600
ASIANPAINT30JAN201820CE.NFO,07/01/2020,09:17:00,13.8,13.75,600,16.45,600,600,114600
ASIANPAINT30JAN201820CE.NFO,07/01/2020,09:17:00,13.8,13.75,600,16.45,600,0,114600
ASIANPAINT30JAN201820CE.NFO,07/01/2020,09:17:08,13.8,13.75,600,16.45,600,0,114600
ASIANPAINT30JAN201820CE.NFO,07/01/2020,09:17:16,13.8,13.8,4200,16.8,600,0,114600
ASIANPAINT30JAN201820CE.NFO,07/01/2020,09:17:25,13.8,13.85,600,16.8,600,0,114600
ASIANPAINT30JAN201820CE.NFO,07/01/2020,09:17:33,13.8,13.75,600,16.6,600,0,114600
ASIANPAINT30JAN201820CE.NFO,07/01/2020,09:17:43,13.8,13.75,1800,16.6,600,0,114600
ASIANPAINT30JAN201820CE.NFO,07/01/2020,09:17:51,13.8,13.75,600,16.6,600,0,114600
ASIANPAINT30JAN201820CE.NFO,07/01/2020,09:17:59,13.8,13.75,600,16.45,600,0,114600
ASIANPAINT30JAN201820CE.NFO,07/01/2020,09:18:15,13.8,13.75,1800,16.35,600,0,114600
ASIANPAINT30JAN201820CE.NFO,07/01/2020,09:18:23,13.8,13.75,600,16.35,600,0,114600
ASIANPAINT30JAN201820CE.NFO,07/01/2020,09:18:38,13.8,13.75,600,16.15,600,0,114600
ASIANPAINT30JAN201820CE.NFO,07/01/2020,09:18:46,13.8,13.75,600,16.05,600,0,114600
ASIANPAINT30JAN201820CE.NFO,07/01/2020,09:19:00,13.8,13.75,600,15.95,600,0,114600
ASIANPAINT30JAN201820CE.NFO,07/01/2020,09:19:32,13.8,13.75,600,15.85,600,0,114600
ASIANPAINT30JAN201820CE.NFO,07/01/2020,09:19:55,13.8,13.75,600,15.75,600,0,114600
ASIANPAINT30JAN201820CE.NFO,07/01/2020,09:20:27,13.8,13.75,600,15.65,600,0,114600
ASIANPAINT30JAN201820CE.NFO,07/01/2020,09:21:13,13.8,13.85,600,15.65,600,0,114600
ASIANPAINT30JAN201820CE.NFO,07/01/2020,09:21:20,14.65,13.85,600,15.65,600,600,114600
ASIANPAINT30JAN201820CE.NFO,07/01/2020,09:21:20,14.65,13.85,600,15.65,600,0,114600
ASIANPAINT30JAN201820CE.NFO,07/01/2020,09:21:28,14.65,13.85,600,15.65,600,0,114600
ASIANPAINT30JAN201820CE.NFO,07/01/2020,09:21:42,14.65,13.9,600,15.65,600,0,114600
ASIANPAINT30JAN201820CE.NFO,07/01/2020,09:21:49,14.65,13.9,1800,15.65,600,0,114600
ASIANPAINT30JAN201820CE.NFO,07/01/2020,09:21:56,14.65,13.95,1200,15.65,600,0,114600
ASIANPAINT30JAN201820CE.NFO,07/01/2020,09:22:02,14.65,13.75,1800,15.65,600,0,114600
ASIANPAINT30JAN201820CE.NFO,07/01/2020,09:22:10,14.65,13.85,1800,15.65,600,0,114600
ASIANPAINT30JAN201820CE.NFO,07/01/2020,09:22:18,14.65,13.8,600,15.65,600,0,114600
ASIANPAINT30JAN201820CE.NFO,07/01/2020,09:22:25,14.65,13.95,1200,15.65,600,0,114600
ASIANPAINT30JAN201820CE.NFO,07/01/2020,09:22:32,14.65,14,1200,15.65,600,0,114600
ASIANPAINT30JAN201820CE.NFO,07/01/2020,09:22:39,14.65,13.8,1200,15.65,600,0,114600
ASIANPAINT30JAN201820CE.NFO,07/01/2020,09:22:45,14.65,13.8,600,15.55,600,0,114600
ASIANPAINT30JAN201820CE.NFO,07/01/2020,09:22:52,14.65,13.75,600,15.2,600,0,114600
ASIANPAINT30JAN201820CE.NFO,07/01/2020,09:22:58,14.65,13.75,1200,15.2,600,600,114600
ASIANPAINT30JAN201820CE.NFO,07/01/2020,09:23:04,14.65,13.85,600,15.2,600,0,114600
ASIANPAINT30JAN201820CE.NFO,07/01/2020,09:23:11,14.65,13.8,600,15.2,600,0,114600
ASIANPAINT30JAN201820CE.NFO,07/01/2020,09:23:18,14.65,13.75,2400,15.2,600,0,114600
ASIANPAINT30JAN201820CE.NFO,07/01/2020,09:23:25,14.65,13.8,1200,15.1,600,0,114600
ASIANPAINT30JAN201820CE.NFO,07/01/2020,09:23:51,14.65,13.8,600,15,600,0,114600
ASIANPAINT30JAN201820CE.NFO,07/01/2020,09:23:58,14.65,13.8,1200,15,600,0,114600
ASIANPAINT30JAN201820CE.NFO,07/01/2020,09:24:05,14.65,14,600,15,600,0,114600
ASIANPAINT30JAN201820CE.NFO,07/01/2020,09:24:12,14.65,13.95,1800,15,600,0,114600
ASIANPAINT30JAN201820CE.NFO,07/01/2020,09:24:26,14.65,13.95,600,15,600,0,114600
ASIANPAINT30JAN201820CE.NFO,07/01/2020,09:24:33,14.65,13.95,1800,15,600,0,114600
ASIANPAINT30JAN201820CE.NFO,07/01/2020,09:24:45,14.65,13.9,2400,15,600,0,114600
ASIANPAINT30JAN201820CE.NFO,07/01/2020,09:24:52,14.65,13.9,1200,15,600,0,114600
ASIANPAINT30JAN201820CE.NFO,07/01/2020,09:25:05,14.65,13.9,1200,14.45,600,0,114600
ASIANPAINT30JAN201820CE.NFO,07/01/2020,09:25:12,14.65,13.9,1800,14.45,600,0,114600
ASIANPAINT30JAN201820CE.NFO,07/01/2020,09:25:20,14.65,13.9,600,14.45,600,0,114600
ASIANPAINT30JAN201820CE.NFO,07/01/2020,09:25:27,14.65,13.9,1200,14.45,600,0,114600
ASIANPAINT30JAN201820CE.NFO,07/01/2020,09:25:34,14.65,13.9,600,14.45,600,0,114600
ASIANPAINT30JAN201820CE.NFO,07/01/2020,09:26:04,14.65,13.75,600,14.45,600,0,114600
ASIANPAINT30JAN201820CE.NFO,07/01/2020,09:26:12,14.65,13.9,600,14.45,600,0,114600
ASIANPAINT30JAN201820CE.NFO,07/01/2020,09:26:30,14.65,13.9,1200,14.45,600,0,114600
ASIANPAINT30JAN201820CE.NFO,07/01/2020,09:26:37,14.45,14.05,600,14.5,1200,600,114600
ASIANPAINT30JAN201820CE.NFO,07/01/2020,09:26:43,14.45,13.95,600,14.5,1200,0,114600
ASIANPAINT30JAN201820CE.NFO,07/01/2020,09:27:09,14.45,13.9,600,14.5,1200,0,114600
ASIANPAINT30JAN201820CE.NFO,07/01/2020,09:27:21,14.45,13.75,1200,14.4,600,0,114600
ASIANPAINT30JAN201820CE.NFO,07/01/2020,09:27:28,14.45,13.75,1200,14.5,1200,0,114600
ASIANPAINT30JAN201820CE.NFO,07/01/2020,09:27:34,14.45,13.75,600,14.3,600,0,114600
ASIANPAINT30JAN201820CE.NFO,07/01/2020,09:27:39,14.45,13.8,600,14.3,600,0,114600
ASIANPAINT30JAN201820CE.NFO,07/01/2020,09:27:50,14.45,13.8,600,14.2,600,0,114600
ASIANPAINT30JAN201820CE.NFO,07/01/2020,09:28:04,14.2,13.8,1200,14.45,600,600,114600
ASIANPAINT30JAN201820CE.NFO,07/01/2020,09:28:12,14.2,13.8,600,14.35,600,0,114600
ASIANPAINT30JAN201820CE.NFO,07/01/2020,09:28:18,14.2,13.75,1200,14.35,600,0,114600
ASIANPAINT30JAN201820CE.NFO,07/01/2020,09:28:30,14.2,13.75,600,14.25,600,0,114600
ASIANPAINT30JAN201820CE.NFO,07/01/2020,09:28:52,14.2,13.8,600,14.25,600,0,114600
ASIANPAINT30JAN201820CE.NFO,07/01/2020,09:28:58,14.2,14,3000,14.25,600,0,114600
ASIANPAINT30JAN201820CE.NFO,07/01/2020,09:29:03,14,13.8,2400,14.15,600,3000,114600
ASIANPAINT30JAN201820CE.NFO,07/01/2020,09:29:10,14,13.8,2400,14.15,600,0,114600
ASIANPAINT30JAN201820CE.NFO,07/01/2020,09:29:33,13.8,13.8,1800,14.15,600,600,117000
ASIANPAINT30JAN201820CE.NFO,07/01/2020,09:29:40,13.8,13.8,1800,14.15,600,0,117000
ASIANPAINT30JAN201820CE.NFO,07/01/2020,09:29:47,13.8,13.8,2400,14.2,600,0,117000
ASIANPAINT30JAN201820CE.NFO,07/01/2020,09:29:53,13.8,13.8,1800,14.15,600,0,117000
ASIANPAINT30JAN201820CE.NFO,07/01/2020,09:30:24,13.8,13.8,1800,14.05,600,0,117000
ASIANPAINT30JAN201820CE.NFO,07/01/2020,09:30:56,13.8,13.8,1800,13.95,600,0,117000
ASIANPAINT30JAN201820CE.NFO,07/01/2020,09:31:09,13.8,13.75,600,13.85,600,1800,117000
ASIANPAINT30JAN201820CE.NFO,07/01/2020,09:31:15,13.8,13.75,600,13.85,600,600,117000
ASIANPAINT30JAN201820CE.NFO,07/01/2020,09:31:21,13.8,13.75,600,13.9,600,600,117000
ASIANPAINT30JAN201820CE.NFO,07/01/2020,09:31:27,13.9,13.75,1200,14.05,600,600,117000
ASIANPAINT30JAN201820CE.NFO,07/01/2020,09:31:37,13.75,13.7,2400,14.05,1200,600,117000
ASIANPAINT30JAN201820CE.NFO,07/01/2020,09:31:43,13.75,13.7,3000,14.1,600,0,117000
ASIANPAINT30JAN201820CE.NFO,07/01/2020,09:31:58,13.75,13.7,3000,14.05,600,0,117000
ASIANPAINT30JAN201820CE.NFO,07/01/2020,09:32:24,13.75,13.7,3000,14.1,600,0,117000
ASIANPAINT30JAN201820CE.NFO,07/01/2020,09:32:42,13.75,13.9,1800,14.3,600,0,117000
ASIANPAINT30JAN201820CE.NFO,07/01/2020,09:32:48,13.75,13.85,600,14.25,600,0,117000
ASIANPAINT30JAN201820CE.NFO,07/01/2020,09:32:54,13.75,13.85,1800,14.25,600,0,117000
ASIANPAINT30JAN201820CE.NFO,07/01/2020,09:32:59,13.75,13.85,1800,14.3,600,0,117000
ASIANPAINT30JAN201820CE.NFO,07/01/2020,09:33:04,13.75,13.85,1800,14.3,1200,0,117000
ASIANPAINT30JAN201820CE.NFO,07/01/2020,09:33:10,13.75,13.85,1800,14.35,600,0,117000
ASIANPAINT30JAN201820CE.NFO,07/01/2020,09:33:15,13.75,13.85,1800,14.3,2400,0,117000
ASIANPAINT30JAN201820CE.NFO,07/01/2020,09:33:21,13.75,13.85,1800,14.25,600,0,117000
ASIANPAINT30JAN201820CE.NFO,07/01/2020,09:33:27,13.75,13.85,600,14.25,600,0,117000
ASIANPAINT30JAN201820CE.NFO,07/01/2020,09:33:33,13.75,13.85,1200,14.25,600,0,117000
ASIANPAINT30JAN201820CE.NFO,07/01/2020,09:33:38,13.75,13.95,1200,14.3,600,0,117000
ASIANPAINT30JAN201820CE.NFO,07/01/2020,09:33:58,13.75,13.95,1800,14.35,1200,0,117000
ASIANPAINT30JAN201820CE.NFO,07/01/2020,09:34:04,13.75,13.95,1800,14.35,600,0,117000
ASIANPAINT30JAN201820CE.NFO,07/01/2020,09:34:09,13.75,14.15,1800,14.5,600,0,117000
ASIANPAINT30JAN201820CE.NFO,07/01/2020,09:34:14,13.75,14.15,600,14.5,1200,0,117000
ASIANPAINT30JAN201820CE.NFO,07/01/2020,09:34:19,13.75,14,600,14.35,1200,0,117000
ASIANPAINT30JAN201820CE.NFO,07/01/2020,09:34:24,13.75,13.95,1800,14.35,1200,0,117000
ASIANPAINT30JAN201820CE.NFO,07/01/2020,09:34:29,13.75,13.95,1200,14.35,1200,0,117000
ASIANPAINT30JAN201820CE.NFO,07/01/2020,09:34:35,14,13.85,600,14.2,600,600,118200
ASIANPAINT30JAN201820CE.NFO,07/01/2020,09:34:40,14,13.8,1200,14.15,600,0,118200
ASIANPAINT30JAN201820CE.NFO,07/01/2020,09:34:49,14,13.95,1200,14.3,600,0,118200
ASIANPAINT30JAN201820CE.NFO,07/01/2020,09:35:05,14,13.9,1200,14.25,1200,0,118200
ASIANPAINT30JAN201820CE.NFO,07/01/2020,09:35:10,14,13.75,1200,14.25,2400,0,118200
ASIANPAINT30JAN201820CE.NFO,07/01/2020,09:35:15,14,13.7,1800,14.05,1800,0,118200
ASIANPAINT30JAN201820CE.NFO,07/01/2020,09:35:19,14,13.7,2400,14.1,1800,0,118200
ASIANPAINT30JAN201820CE.NFO,07/01/2020,09:35:24,14,13.7,2400,14,600,600,116400
ASIANPAINT30JAN201820CE.NFO,07/01/2020,09:35:30,14,13.7,1800,13.9,600,0,116400
ASIANPAINT30JAN201820CE.NFO,07/01/2020,09:35:35,14,13.7,2400,14,600,0,116400
ASIANPAINT30JAN201820CE.NFO,07/01/2020,09:35:42,14,13.7,1800,14.05,1800,0,116400
ASIANPAINT30JAN201820CE.NFO,07/01/2020,09:35:49,14,13.7,2400,14.1,1800,0,116400
ASIANPAINT30JAN201820CE.NFO,07/01/2020,09:36:02,14,13.8,600,14.1,600,600,116400
ASIANPAINT30JAN201820CE.NFO,07/01/2020,09:36:08,14,13.85,600,14.2,600,0,116400
ASIANPAINT30JAN201820CE.NFO,07/01/2020,09:36:13,14,13.85,1200,14.2,600,0,116400
ASIANPAINT30JAN201820CE.NFO,07/01/2020,09:36:20,14,13.85,600,14.2,600,0,116400
ASIANPAINT30JAN201820CE.NFO,07/01/2020,09:36:25,14,13.85,600,14.15,600,0,116400
ASIANPAINT30JAN201820CE.NFO,07/01/2020,09:36:31,14,13.9,600,14.25,600,0,116400
ASIANPAINT30JAN201820CE.NFO,07/01/2020,09:36:36,14,13.85,600,14.2,600,0,116400
ASIANPAINT30JAN201820CE.NFO,07/01/2020,09:36:50,14,13.85,600,14.15,600,0,116400
ASIANPAINT30JAN201820CE.NFO,07/01/2020,09:36:56,14,13.8,600,14.15,600,0,116400
ASIANPAINT30JAN201820CE.NFO,07/01/2020,09:37:01,14,13.8,600,14.1,600,0,116400
ASIANPAINT30JAN201820CE.NFO,07/01/2020,09:37:06,14,13.8,600,14.15,600,0,116400
ASIANPAINT30JAN201820CE.NFO,07/01/2020,09:37:25,14,13.65,600,14.1,2400,0,116400
ASIANPAINT30JAN201820CE.NFO,07/01/2020,09:37:30,14,13.65,1200,14.05,600,0,116400
ASIANPAINT30JAN201820CE.NFO,07/01/2020,09:37:35,14.05,13.8,600,14.25,600,600,116400
ASIANPAINT30JAN201820CE.NFO,07/01/2020,09:37:40,14.05,13.85,600,14.25,1200,0,116400
ASIANPAINT30JAN201820CE.NFO,07/01/2020,09:37:46,14.05,13.85,1800,14.3,600,0,116400
ASIANPAINT30JAN201820CE.NFO,07/01/2020,09:37:51,14.05,13.85,1800,14.35,600,0,116400
ASIANPAINT30JAN201820CE.NFO,07/01/2020,09:37:54,14.05,14,600,14.45,600,0,116400
ASIANPAINT30JAN201820CE.NFO,07/01/2020,09:37:59,14.05,13.95,1200,14.45,600,0,116400
ASIANPAINT30JAN201820CE.NFO,07/01/2020,09:38:04,14.05,14,600,14.45,600,0,116400
ASIANPAINT30JAN201820CE.NFO,07/01/2020,09:38:08,14.05,13.95,600,14.45,600,0,116400
ASIANPAINT30JAN201820CE.NFO,07/01/2020,09:38:13,14.05,13.9,1200,14.45,1200,0,116400
ASIANPAINT30JAN201820CE.NFO,07/01/2020,09:38:32,14.05,13.95,600,14.45,1200,0,116400
ASIANPAINT30JAN201820CE.NFO,07/01/2020,09:38:37,14.05,13.9,1200,14.45,1200,0,116400
ASIANPAINT30JAN201820CE.NFO,07/01/2020,09:38:46,14.05,13.85,600,14.45,1200,0,116400
ASIANPAINT30JAN201820CE.NFO,07/01/2020,09:38:51,14.05,13.9,1200,14.45,600,0,116400
ASIANPAINT30JAN201820CE.NFO,07/01/2020,09:38:56,14.05,13.9,1200,14.45,1200,0,116400
ASIANPAINT30JAN201820CE.NFO,07/01/2020,09:39:00,14.05,13.95,1200,14.45,600,0,116400
ASIANPAINT30JAN201820CE.NFO,07/01/2020,09:39:05,14.05,14,1200,14.45,600,0,116400
ASIANPAINT30JAN201820CE.NFO,07/01/2020,09:39:14,14.05,14.05,1200,14.45,600,0,116400
ASIANPAINT30JAN201820CE.NFO,07/01/2020,09:39:25,14.05,14.15,600,14.5,1200,0,116400
ASIANPAINT30JAN201820CE.NFO,07/01/2020,09:39:31,14.5,14.6,3600,14.7,600,1200,117000
ASIANPAINT30JAN201820CE.NFO,07/01/2020,09:39:36,14.5,14.25,600,14.6,600,0,117000
ASIANPAINT30JAN201820CE.NFO,07/01/2020,09:39:41,14.5,14.05,600,14.5,600,0,117000
ASIANPAINT30JAN201820CE.NFO,07/01/2020,09:39:46,14.5,14.1,600,14.55,600,0,117000
ASIANPAINT30JAN201820CE.NFO,07/01/2020,09:39:51,14.5,14.1,1200,14.55,600,0,117000
ASIANPAINT30JAN201820CE.NFO,07/01/2020,09:39:55,14.55,14.15,600,14.6,600,1800,117000
ASIANPAINT30JAN201820CE.NFO,07/01/2020,09:39:59,14.55,14.1,1200,14.55,600,0,117000
ASIANPAINT30JAN201820CE.NFO,07/01/2020,09:40:04,14.55,14.25,1200,14.65,600,0,117000
ASIANPAINT30JAN201820CE.NFO,07/01/2020,09:40:10,14.55,14.2,600,14.65,600,0,117000
ASIANPAINT30JAN201820CE.NFO,07/01/2020,09:40:15,14.55,13.65,600,14.2,1200,0,117000
ASIANPAINT30JAN201820CE.NFO,07/01/2020,09:40:22,14.55,13.65,1200,14.5,600,0,117000
ASIANPAINT30JAN201820CE.NFO,07/01/2020,09:40:27,14.55,13.85,600,14.25,1200,0,117000
ASIANPAINT30JAN201820CE.NFO,07/01/2020,09:40:32,14.55,13.75,600,14.15,600,0,117000
ASIANPAINT30JAN201820CE.NFO,07/01/2020,09:40:37,14.55,13.75,600,14.2,600,0,117000
ASIANPAINT30JAN201820CE.NFO,07/01/2020,09:40:42,14.55,13.75,600,14.15,600,0,117000
ASIANPAINT30JAN201820CE.NFO,07/01/2020,09:40:47,14.55,13.75,1800,14.25,1200,0,117000
ASIANPAINT30JAN201820CE.NFO,07/01/2020,09:40:52,14.55,13.75,1200,14.25,2400,0,117000
ASIANPAINT30JAN201820CE.NFO,07/01/2020,09:41:01,14.55,13.45,1800,14.25,3000,0,117000
ASIANPAINT30JAN201820CE.NFO,07/01/2020,09:41:06,14.55,13.1,1200,13.6,600,0,117000
ASIANPAINT30JAN201820CE.NFO,07/01/2020,09:41:16,14.55,13.2,600,13.65,600,0,117000
ASIANPAINT30JAN201820CE.NFO,07/01/2020,09:41:21,14.55,13.3,600,13.75,600,0,117000
ASIANPAINT30JAN201820CE.NFO,07/01/2020,09:41:27,14.55,13.4,600,13.75,600,0,117000
ASIANPAINT30JAN201820CE.NFO,07/01/2020,09:42:09,13.75,13.5,600,13.9,600,600,120000
ASIANPAINT30JAN201820CE.NFO,07/01/2020,09:42:16,13.75,13.5,600,13.9,600,0,120000
ASIANPAINT30JAN201820CE.NFO,07/01/2020,09:42:29,13.75,13.5,1800,13.95,600,0,120000
ASIANPAINT30JAN201820CE.NFO,07/01/2020,09:42:37,13.75,13.6,1800,14.1,600,0,120000
ASIANPAINT30JAN201820CE.NFO,07/01/2020,09:42:44,13.75,13.6,1800,14.05,600,0,120000
ASIANPAINT30JAN201820CE.NFO,07/01/2020,09:42:50,13.75,13.6,600,14,600,0,120000
ASIANPAINT30JAN201820CE.NFO,07/01/2020,09:43:07,13.75,13.6,1200,14.1,1200,0,120000
ASIANPAINT30JAN201820CE.NFO,07/01/2020,09:43:13,13.75,13.2,600,14.1,2400,0,120000
ASIANPAINT30JAN201820CE.NFO,07/01/2020,09:43:18,13.75,13.3,600,14.1,2400,0,120000
ASIANPAINT30JAN201820CE.NFO,07/01/2020,09:43:23,13.75,13.4,600,14.1,2400,0,120000
ASIANPAINT30JAN201820CE.NFO,07/01/2020,09:43:33,13.75,13.5,1200,14.1,2400,0,120000
ASIANPAINT30JAN201820CE.NFO,07/01/2020,09:43:38,13.75,12.85,600,13.3,1200,0,120000
ASIANPAINT30JAN201820CE.NFO,07/01/2020,09:43:42,13.75,12.95,600,13.3,1200,0,120000
ASIANPAINT30JAN201820CE.NFO,07/01/2020,09:43:48,13.75,13.05,600,13.3,1200,0,120000
ASIANPAINT30JAN201820CE.NFO,07/01/2020,09:43:53,13.75,13.05,600,13.35,600,0,120000
ASIANPAINT30JAN201820CE.NFO,07/01/2020,09:43:58,13.75,13.1,600,13.35,600,0,120000
ASIANPAINT30JAN201820CE.NFO,07/01/2020,09:44:03,13.75,13.2,600,13.55,600,0,120000
ASIANPAINT30JAN201820CE.NFO,07/01/2020,09:44:09,13.75,13.25,600,13.7,1800,0,120000
ASIANPAINT30JAN201820CE.NFO,07/01/2020,09:44:14,13.75,13.2,1200,13.7,2400,0,120000
ASIANPAINT30JAN201820CE.NFO,07/01/2020,09:44:19,13.75,13.25,1200,13.7,2400,0,120000
ASIANPAINT30JAN201820CE.NFO,07/01/2020,09:44:25,13.75,13.1,1200,13.7,2400,0,120000
ASIANPAINT30JAN201820CE.NFO,07/01/2020,09:44:30,13.75,13.15,600,13.7,2400,0,120000
ASIANPAINT30JAN201820CE.NFO,07/01/2020,09:44:42,13.75,13,1200,13.7,2400,0,120000
ASIANPAINT30JAN201820CE.NFO,07/01/2020,09:44:58,13.75,13.1,1200,13.7,2400,0,120000
ASIANPAINT30JAN201820CE.NFO,07/01/2020,09:45:03,13.75,13.1,1800,13.7,2400,0,120000
ASIANPAINT30JAN201820CE.NFO,07/01/2020,09:45:22,13.75,13.3,600,13.7,2400,0,120000
ASIANPAINT30JAN201820CE.NFO,07/01/2020,09:45:27,13.75,13.3,600,13.7,1200,0,120000
ASIANPAINT30JAN201820CE.NFO,07/01/2020,09:45:32,13.75,13.3,1200,13.7,1200,0,120000
ASIANPAINT30JAN201820CE.NFO,07/01/2020,09:45:37,13.75,13.45,600,13.8,600,600,120000
ASIANPAINT30JAN201820CE.NFO,07/01/2020,09:45:42,13.75,13.45,1200,13.85,600,0,120000
ASIANPAINT30JAN201820CE.NFO,07/01/2020,09:45:46,13.75,13.35,600,13.7,600,0,120000
ASIANPAINT30JAN201820CE.NFO,07/01/2020,09:45:51,13.75,13.35,600,13.65,600,0,120000
ASIANPAINT30JAN201820CE.NFO,07/01/2020,09:45:56,13.75,13.3,600,13.7,2400,0,120000
ASIANPAINT30JAN201820CE.NFO,07/01/2020,09:46:00,13.75,13.35,1200,13.7,1800,0,120000
ASIANPAINT30JAN201820CE.NFO,07/01/2020,09:46:19,13.75,13.35,1800,13.7,1800,0,120000
ASIANPAINT30JAN201820CE.NFO,07/01/2020,09:46:35,13.75,13.35,600,13.7,1200,0,120000
ASIANPAINT30JAN201820CE.NFO,07/01/2020,09:46:46,13.75,13.35,1200,13.7,1200,0,120000
ASIANPAINT30JAN201820CE.NFO,07/01/2020,09:47:08,13.75,13.35,1800,13.7,1200,0,120000
ASIANPAINT30JAN201820CE.NFO,07/01/2020,09:47:12,13.75,13.6,1200,14.2,1200,0,120000
ASIANPAINT30JAN201820CE.NFO,07/01/2020,09:47:25,13.75,13.7,1200,14.3,2400,0,120000
ASIANPAINT30JAN201820CE.NFO,07/01/2020,09:47:30,13.75,13.9,600,14.4,600,0,120000
ASIANPAINT30JAN201820CE.NFO,07/01/2020,09:47:34,13.75,14.2,2400,14.5,2400,0,120000
ASIANPAINT30JAN201820CE.NFO,07/01/2020,09:47:38,13.75,14.2,2400,14.5,600,0,120000
ASIANPAINT30JAN201820CE.NFO,07/01/2020,09:47:43,13.75,14.05,600,14.5,600,0,120000
ASIANPAINT30JAN201820CE.NFO,07/01/2020,09:47:48,13.75,14,1200,14.45,1800,0,120000
ASIANPAINT30JAN201820CE.NFO,07/01/2020,09:47:52,13.75,14.05,600,14.45,1200,0,120000
ASIANPAINT30JAN201820CE.NFO,07/01/2020,09:47:57,13.75,13.95,1200,14.35,1200,0,120000
ASIANPAINT30JAN201820CE.NFO,07/01/2020,09:48:02,13.75,13.9,1200,14.35,1200,0,120000
ASIANPAINT30JAN201820CE.NFO,07/01/2020,09:48:07,13.75,13.95,1200,14.35,1200,0,120000
ASIANPAINT30JAN201820CE.NFO,07/01/2020,09:48:11,13.75,14,3000,14.35,1200,0,120000
ASIANPAINT30JAN201820CE.NFO,07/01/2020,09:48:18,13.75,14,3600,14.4,1200,0,120000
ASIANPAINT30JAN201820CE.NFO,07/01/2020,09:48:23,13.75,14,4200,14.45,600,0,120000
ASIANPAINT30JAN201820CE.NFO,07/01/2020,09:48:27,13.75,14.1,1200,14.45,1200,0,120000
ASIANPAINT30JAN201820CE.NFO,07/01/2020,09:48:30,13.75,14.5,3000,14.65,600,0,120000
ASIANPAINT30JAN201820CE.NFO,07/01/2020,09:48:40,13.75,14.15,1200,14.55,600,0,120000
ASIANPAINT30JAN201820CE.NFO,07/01/2020,09:48:45,13.75,14.05,1200,14.45,600,0,120000
ASIANPAINT30JAN201820CE.NFO,07/01/2020,09:48:48,13.75,14.05,1200,14.5,1200,0,120000
ASIANPAINT30JAN201820CE.NFO,07/01/2020,09:48:52,13.75,14.1,1200,14.55,1200,0,120000
ASIANPAINT30JAN201820CE.NFO,07/01/2020,09:48:56,13.75,14.1,1200,14.5,600,0,120000
ASIANPAINT30JAN201820CE.NFO,07/01/2020,09:49:00,13.75,14.25,600,14.6,1200,0,120000
ASIANPAINT30JAN201820CE.NFO,07/01/2020,09:49:05,13.75,14.25,1200,14.65,600,0,120000
ASIANPAINT30JAN201820CE.NFO,07/01/2020,09:49:09,13.75,14.3,600,14.65,600,0,120000
ASIANPAINT30JAN201820CE.NFO,07/01/2020,09:49:13,13.75,14.25,1200,14.65,600,0,120000
ASIANPAINT30JAN201820CE.NFO,07/01/2020,09:49:20,13.75,14.25,1200,14.65,1200,0,120000
ASIANPAINT30JAN201820CE.NFO,07/01/2020,09:49:25,13.75,14.25,600,14.65,1200,0,120000
ASIANPAINT30JAN201820CE.NFO,07/01/2020,09:49:31,14.65,14.35,600,15.2,1200,1800,120000
ASIANPAINT30JAN201820CE.NFO,07/01/2020,09:49:37,14.65,14.6,1200,15.1,1800,0,120000
ASIANPAINT30JAN201820CE.NFO,07/01/2020,09:49:42,14.65,14.7,600,15.05,600,1200,120000
ASIANPAINT30JAN201820CE.NFO,07/01/2020,09:49:42,14.7,14.7,600,15.05,600,0,120000
ASIANPAINT30JAN201820CE.NFO,07/01/2020,09:49:46,14.65,14.7,1200,15.15,600,0,120000
ASIANPAINT30JAN201820CE.NFO,07/01/2020,09:49:50,14.65,14.75,600,15.15,600,0,120000
ASIANPAINT30JAN201820CE.NFO,07/01/2020,09:49:53,14.65,14.75,1200,15.15,600,0,120000
ASIANPAINT30JAN201820CE.NFO,07/01/2020,09:49:56,14.65,14.75,1200,15.2,1200,0,120000
ASIANPAINT30JAN201820CE.NFO,07/01/2020,09:49:59,14.75,14.75,600,15.2,1200,600,120000
ASIANPAINT30JAN201820CE.NFO,07/01/2020,09:49:59,14.75,14.75,600,15.2,1200,0,120000
ASIANPAINT30JAN201820CE.NFO,07/01/2020,09:50:02,14.75,14.7,600,15.1,600,0,120000
ASIANPAINT30JAN201820CE.NFO,07/01/2020,09:50:06,14.75,14.7,1200,15.1,600,0,120000
ASIANPAINT30JAN201820CE.NFO,07/01/2020,09:50:10,14.75,14.7,1800,15.1,600,0,120000
ASIANPAINT30JAN201820CE.NFO,07/01/2020,09:50:14,14.75,14.7,1200,15.1,600,0,120000
ASIANPAINT30JAN201820CE.NFO,07/01/2020,09:50:18,14.75,14.7,1800,15.1,600,0,120000
ASIANPAINT30JAN201820CE.NFO,07/01/2020,09:50:22,14.75,14.7,1800,15.15,600,0,120000
ASIANPAINT30JAN201820CE.NFO,07/01/2020,09:50:36,14.75,14.7,600,15.1,1800,0,120000
ASIANPAINT30JAN201820CE.NFO,07/01/2020,09:50:40,14.75,14.55,1200,15,600,0,120000
ASIANPAINT30JAN201820CE.NFO,07/01/2020,09:50:46,14.75,14.6,600,15,1200,0,120000
ASIANPAINT30JAN201820CE.NFO,07/01/2020,09:50:55,14.75,14.65,1200,15.05,600,0,120000
ASIANPAINT30JAN201820CE.NFO,07/01/2020,09:51:08,14.75,14.7,1800,15.1,600,0,120000
ASIANPAINT30JAN201820CE.NFO,07/01/2020,09:51:21,14.75,15.15,600,15.6,1200,0,120000
ASIANPAINT30JAN201820CE.NFO,07/01/2020,09:51:26,14.75,15.15,600,15.5,600,0,120000
ASIANPAINT30JAN201820CE.NFO,07/01/2020,09:51:30,14.75,15.1,1200,15.5,600,0,120000
ASIANPAINT30JAN201820CE.NFO,07/01/2020,09:51:35,14.75,15.15,1200,15.5,600,0,120000
ASIANPAINT30JAN201820CE.NFO,07/01/2020,09:51:39,14.75,15.1,1200,15.5,600,0,120000
ASIANPAINT30JAN201820CE.NFO,07/01/2020,09:51:50,15.5,15.35,600,15.75,600,600,116400
ASIANPAINT30JAN201820CE.NFO,07/01/2020,09:51:50,15.5,15.35,600,15.75,600,0,116400
ASIANPAINT30JAN201820CE.NFO,07/01/2020,09:51:54,15.5,15.3,600,15.75,1200,0,116400
ASIANPAINT30JAN201820CE.NFO,07/01/2020,09:51:58,15.5,15.35,600,15.75,1200,0,116400
ASIANPAINT30JAN201820CE.NFO,07/01/2020,09:52:06,15.5,15.35,600,15.75,1800,0,116400
ASIANPAINT30JAN201820CE.NFO,07/01/2020,09:52:29,15.5,15.2,1200,15.65,1800,0,116400
ASIANPAINT30JAN201820CE.NFO,07/01/2020,09:52:34,15.5,15.2,1200,15.65,1200,0,116400
ASIANPAINT30JAN201820CE.NFO,07/01/2020,09:52:39,15.5,15.1,600,15.55,600,0,116400
ASIANPAINT30JAN201820CE.NFO,07/01/2020,09:52:43,15.5,15.3,600,15.8,1200,0,116400
ASIANPAINT30JAN201820CE.NFO,07/01/2020,09:52:48,15.5,15.4,600,15.8,1800,0,116400
ASIANPAINT30JAN201820CE.NFO,07/01/2020,09:52:52,15.5,15.4,600,15.8,1200,0,116400
ASIANPAINT30JAN201820CE.NFO,07/01/2020,09:52:56,15.5,15.35,1200,15.8,1800,0,116400
ASIANPAINT30JAN201820CE.NFO,07/01/2020,09:53:00,15.5,15.25,600,15.6,600,0,116400
ASIANPAINT30JAN201820CE.NFO,07/01/2020,09:53:04,15.5,15.2,600,15.6,1800,0,116400
ASIANPAINT30JAN201820CE.NFO,07/01/2020,09:53:10,15.5,15.2,600,15.6,1200,0,116400
ASIANPAINT30JAN201820CE.NFO,07/01/2020,09:53:19,15.5,15.2,600,15.6,1800,0,116400
ASIANPAINT30JAN201820CE.NFO,07/01/2020,09:53:24,15.5,15.05,2400,15.5,1200,0,116400
ASIANPAINT30JAN201820CE.NFO,07/01/2020,09:53:33,15.5,15.05,600,15.45,1200,0,116400
ASIANPAINT30JAN201820CE.NFO,07/01/2020,09:53:37,15.5,15.05,1800,15.55,600,0,116400
ASIANPAINT30JAN201820CE.NFO,07/01/2020,09:53:41,15.5,15.05,1800,15.5,1200,0,116400
ASIANPAINT30JAN201820CE.NFO,07/01/2020,09:53:46,15.5,15.05,2400,15.55,600,0,116400
ASIANPAINT30JAN201820CE.NFO,07/01/2020,09:53:50,15.5,15.05,2400,15.55,1200,0,116400
ASIANPAINT30JAN201820CE.NFO,07/01/2020,09:53:55,15.5,15.25,600,15.7,600,0,116400
ASIANPAINT30JAN201820CE.NFO,07/01/2020,09:54:00,15.5,15.4,1800,15.9,1800,0,116400
ASIANPAINT30JAN201820CE.NFO,07/01/2020,09:54:05,15.6,15.55,600,16,2400,1200,116400
ASIANPAINT30JAN201820CE.NFO,07/01/2020,09:54:05,15.6,15.55,600,16,2400,0,116400
ASIANPAINT30JAN201820CE.NFO,07/01/2020,09:54:10,15.6,15.4,600,15.85,1200,0,116400
ASIANPAINT30JAN201820CE.NFO,07/01/2020,09:54:15,15.6,15.4,600,15.9,2400,0,116400
ASIANPAINT30JAN201820CE.NFO,07/01/2020,09:54:19,15.6,15.4,600,15.9,3000,0,116400
ASIANPAINT30JAN201820CE.NFO,07/01/2020,09:54:24,15.6,15.7,1200,15.9,1800,0,116400
ASIANPAINT30JAN201820CE.NFO,07/01/2020,09:54:29,15.7,15.7,600,15.9,1800,600,116400
ASIANPAINT30JAN201820CE.NFO,07/01/2020,09:54:29,15.7,15.7,600,15.9,1800,0,116400
ASIANPAINT30JAN201820CE.NFO,07/01/2020,09:54:34,15.7,15.7,600,15.9,1800,0,116400
ASIANPAINT30JAN201820CE.NFO,07/01/2020,09:54:38,15.7,15.2,1200,15.75,1200,600,116400
ASIANPAINT30JAN201820CE.NFO,07/01/2020,09:54:43,15.7,15.3,600,15.7,600,0,116400
ASIANPAINT30JAN201820CE.NFO,07/01/2020,09:54:47,15.7,15.3,600,15.75,1200,0,116400
ASIANPAINT30JAN201820CE.NFO,07/01/2020,09:54:51,15.7,15.3,600,15.8,1800,0,116400
ASIANPAINT30JAN201820CE.NFO,07/01/2020,09:54:59,15.7,15.3,600,15.7,600,0,116400
ASIANPAINT30JAN201820CE.NFO,07/01/2020,09:55:03,15.7,15.3,600,15.7,1200,0,116400
ASIANPAINT30JAN201820CE.NFO,07/01/2020,09:55:09,15.7,15.3,600,15.65,600,0,116400
ASIANPAINT30JAN201820CE.NFO,07/01/2020,09:55:13,15.7,15.3,600,15.7,1800,0,116400
ASIANPAINT30JAN201820CE.NFO,07/01/2020,09:55:18,15.7,15.3,600,15.7,600,0,116400
ASIANPAINT30JAN201820CE.NFO,07/01/2020,09:55:23,15.7,15.3,600,15.7,1800,0,116400
ASIANPAINT30JAN201820CE.NFO,07/01/2020,09:55:27,15.7,15.3,600,15.7,1200,0,116400
ASIANPAINT30JAN201820CE.NFO,07/01/2020,09:55:32,15.7,15.25,600,15.7,1800,0,116400
ASIANPAINT30JAN201820CE.NFO,07/01/2020,09:55:35,15.7,15.2,600,15.65,600,0,116400
ASIANPAINT30JAN201820CE.NFO,07/01/2020,09:55:40,15.7,15.2,1200,15.75,600,0,116400
ASIANPAINT30JAN201820CE.NFO,07/01/2020,09:55:45,15.7,15.2,1200,15.75,1800,0,116400
ASIANPAINT30JAN201820CE.NFO,07/01/2020,09:55:49,15.7,15.2,1200,15.7,600,0,116400
ASIANPAINT30JAN201820CE.NFO,07/01/2020,09:55:52,15.7,15.3,600,15.75,600,0,116400
ASIANPAINT30JAN201820CE.NFO,07/01/2020,09:55:59,15.7,15.5,600,15.65,1200,0,116400
ASIANPAINT30JAN201820CE.NFO,07/01/2020,09:56:03,15.7,15.5,600,15.7,600,0,116400
ASIANPAINT30JAN201820CE.NFO,07/01/2020,09:56:08,15.7,15.05,600,15.55,1200,0,116400
ASIANPAINT30JAN201820CE.NFO,07/01/2020,09:56:13,15.7,15.05,1800,15.55,600,0,116400
ASIANPAINT30JAN201820CE.NFO,07/01/2020,09:56:18,15.7,15.05,1800,15.65,600,0,116400
ASIANPAINT30JAN201820CE.NFO,07/01/2020,09:56:22,15.7,15.05,1800,15.6,600,0,116400
ASIANPAINT30JAN201820CE.NFO,07/01/2020,09:56:27,15.7,15.15,600,15.6,600,0,116400
ASIANPAINT30JAN201820CE.NFO,07/01/2020,09:56:32,15.7,15.15,1200,15.65,600,0,116400
ASIANPAINT30JAN201820CE.NFO,07/01/2020,09:56:40,15.7,15.15,1800,15.7,1200,0,116400
ASIANPAINT30JAN201820CE.NFO,07/01/2020,09:56:45,15.7,15.15,600,15.6,1200,0,116400
ASIANPAINT30JAN201820CE.NFO,07/01/2020,09:56:54,15.7,15.1,1800,15.55,600,0,116400
ASIANPAINT30JAN201820CE.NFO,07/01/2020,09:56:58,15.7,15.1,1800,15.6,600,0,116400
ASIANPAINT30JAN201820CE.NFO,07/01/2020,09:57:03,15.7,15.1,1800,15.6,1200,0,116400
ASIANPAINT30JAN201820CE.NFO,07/01/2020,09:57:07,15.7,15.1,1800,15.5,600,0,116400
ASIANPAINT30JAN201820CE.NFO,07/01/2020,09:57:11,15.7,15.1,2400,15.55,600,0,116400
ASIANPAINT30JAN201820CE.NFO,07/01/2020,09:57:20,15.7,15.1,1200,15.55,1200,0,116400
ASIANPAINT30JAN201820CE.NFO,07/01/2020,09:57:24,15.7,15.1,600,15.55,1200,0,116400
ASIANPAINT30JAN201820CE.NFO,07/01/2020,09:57:39,15.7,15.1,1200,15.55,1200,0,116400
ASIANPAINT30JAN201820CE.NFO,07/01/2020,09:57:47,15.7,15.1,1200,15.55,600,0,116400
ASIANPAINT30JAN201820CE.NFO,07/01/2020,09:57:50,15.7,14.95,1200,15.45,600,0,116400
ASIANPAINT30JAN201820CE.NFO,07/01/2020,09:57:54,15.7,14.95,1200,15.4,1200,0,116400
ASIANPAINT30JAN201820CE.NFO,07/01/2020,09:58:03,15.7,15,1800,15.5,600,0,116400
ASIANPAINT30JAN201820CE.NFO,07/01/2020,09:58:10,15.7,15,1800,15.55,600,0,116400
ASIANPAINT30JAN201820CE.NFO,07/01/2020,09:58:14,15.7,15,1800,15.5,600,0,116400
ASIANPAINT30JAN201820CE.NFO,07/01/2020,09:58:18,15.7,15.1,1200,15.55,1200,0,116400
ASIANPAINT30JAN201820CE.NFO,07/01/2020,09:58:25,15.7,14.95,1200,15.4,1200,0,116400
ASIANPAINT30JAN201820CE.NFO,07/01/2020,09:58:30,15.7,14.95,1200,15.5,600,0,116400
ASIANPAINT30JAN201820CE.NFO,07/01/2020,09:58:39,15.7,14.95,1200,15.55,1200,0,116400
ASIANPAINT30JAN201820CE.NFO,07/01/2020,09:58:43,15.7,14.95,1200,15.55,600,0,116400
ASIANPAINT30JAN201820CE.NFO,07/01/2020,09:58:54,15.7,14.95,1200,15.55,1200,0,116400
ASIANPAINT30JAN201820CE.NFO,07/01/2020,09:59:00,15.7,15.15,1200,15.65,1200,0,116400
ASIANPAINT30JAN201820CE.NFO,07/01/2020,09:59:05,15.7,15.1,1200,15.6,1200,0,116400
ASIANPAINT30JAN201820CE.NFO,07/01/2020,09:59:15,15.7,15.1,1800,15.55,600,0,116400
ASIANPAINT30JAN201820CE.NFO,07/01/2020,09:59:19,15.7,15.1,1200,15.55,600,0,116400
ASIANPAINT30JAN201820CE.NFO,07/01/2020,09:59:28,15.7,15.1,600,15.55,2400,0,116400
ASIANPAINT30JAN201820CE.NFO,07/01/2020,09:59:37,15.7,15.2,600,15.65,1200,0,116400
ASIANPAINT30JAN201820CE.NFO,07/01/2020,09:59:43,15.7,15.2,1800,15.65,1200,0,116400
ASIANPAINT30JAN201820CE.NFO,07/01/2020,09:59:47,15.7,15.2,1800,15.65,600,0,116400
ASIANPAINT30JAN201820CE.NFO,07/01/2020,09:59:51,15.7,15.2,1200,15.65,600,0,116400
ASIANPAINT30JAN201820CE.NFO,07/01/2020,09:59:54,15.7,15.2,1200,15.65,1200,0,116400
ASIANPAINT30JAN201820CE.NFO,07/01/2020,09:59:57,15.7,15.15,1200,15.65,1200,0,116400
ASIANPAINT30JAN201820CE.NFO,07/01/2020,10:00:00,15.7,15.15,1200,15.65,600,0,116400
ASIANPAINT30JAN201820CE.NFO,07/01/2020,10:00:04,15.7,15.15,1200,15.6,1200,0,116400
ASIANPAINT30JAN201820CE.NFO,07/01/2020,10:00:18,15.7,15.05,600,15.55,1800,0,116400
ASIANPAINT30JAN201820CE.NFO,07/01/2020,10:00:23,15.7,14.95,1800,15.45,600,0,116400
ASIANPAINT30JAN201820CE.NFO,07/01/2020,10:00:28,15.7,14.95,1200,15.4,600,0,116400
ASIANPAINT30JAN201820CE.NFO,07/01/2020,10:00:32,15.7,15.1,600,15.6,1800,0,116400
ASIANPAINT30JAN201820CE.NFO,07/01/2020,10:00:36,15.7,15.1,1200,15.55,1200,0,116400
ASIANPAINT30JAN201820CE.NFO,07/01/2020,10:00:40,15.7,15.1,1200,15.55,600,0,116400
ASIANPAINT30JAN201820CE.NFO,07/01/2020,10:00:46,15.7,15.1,1200,15.6,1200,0,116400
ASIANPAINT30JAN201820CE.NFO,07/01/2020,10:00:53,15.7,15.1,1200,15.55,1200,0,116400
ASIANPAINT30JAN201820CE.NFO,07/01/2020,10:00:59,15.7,15.1,1200,15.55,1800,0,116400
ASIANPAINT30JAN201820CE.NFO,07/01/2020,10:01:04,15.7,15.1,600,15.55,1200,0,116400
ASIANPAINT30JAN201820CE.NFO,07/01/2020,10:01:16,15.7,14.85,1200,15.3,600,0,116400
ASIANPAINT30JAN201820CE.NFO,07/01/2020,10:01:22,15.7,14.8,1200,15.35,2400,0,116400
ASIANPAINT30JAN201820CE.NFO,07/01/2020,10:01:28,15.7,14.8,1200,15.35,600,0,116400
ASIANPAINT30JAN201820CE.NFO,07/01/2020,10:01:40,15.7,14.9,1200,15.35,600,0,116400
ASIANPAINT30JAN201820CE.NFO,07/01/2020,10:01:46,15.7,14.9,1200,15.25,600,0,116400
ASIANPAINT30JAN201820CE.NFO,07/01/2020,10:01:51,15.7,14.9,600,15.35,600,0,116400
ASIANPAINT30JAN201820CE.NFO,07/01/2020,10:01:56,15.7,14.9,1200,15.35,600,0,116400
ASIANPAINT30JAN201820CE.NFO,07/01/2020,10:02:01,15.7,14.9,600,15.3,600,0,116400
ASIANPAINT30JAN201820CE.NFO,07/01/2020,10:02:07,15.7,14.9,600,15.25,600,0,116400
ASIANPAINT30JAN201820CE.NFO,07/01/2020,10:02:12,15,15.05,600,15.4,1200,600,116400
ASIANPAINT30JAN201820CE.NFO,07/01/2020,10:02:18,15,15,600,15.4,600,0,116400
ASIANPAINT30JAN201820CE.NFO,07/01/2020,10:02:23,15,14.9,600,15.55,2400,0,116400
ASIANPAINT30JAN201820CE.NFO,07/01/2020,10:02:29,15,14.85,1800,15.55,2400,0,116400
ASIANPAINT30JAN201820CE.NFO,07/01/2020,10:02:34,15,14.85,1200,15.55,2400,0,116400
ASIANPAINT30JAN201820CE.NFO,07/01/2020,10:02:39,15,14.9,600,15.55,2400,0,116400
ASIANPAINT30JAN201820CE.NFO,07/01/2020,10:02:47,15,14.7,1800,15.55,2400,0,116400
ASIANPAINT30JAN201820CE.NFO,07/01/2020,10:03:14,15,14.65,600,15.15,1200,0,116400
ASIANPAINT30JAN201820CE.NFO,07/01/2020,10:03:23,15,14.7,600,15.15,600,0,116400
ASIANPAINT30JAN201820CE.NFO,07/01/2020,10:03:28,15,14.7,1200,15.2,600,0,116400
ASIANPAINT30JAN201820CE.NFO,07/01/2020,10:03:48,15,14.65,600,15.1,600,0,116400
ASIANPAINT30JAN201820CE.NFO,07/01/2020,10:04:01,15,14.65,1200,15.15,600,0,116400
ASIANPAINT30JAN201820CE.NFO,07/01/2020,10:04:06,15,14.6,600,15.1,1200,0,116400
ASIANPAINT30JAN201820CE.NFO,07/01/2020,10:04:11,15,14.6,600,15.05,1800,0,116400
ASIANPAINT30JAN201820CE.NFO,07/01/2020,10:04:15,15,14.65,1200,15.35,1800,0,116400
ASIANPAINT30JAN201820CE.NFO,07/01/2020,10:04:19,15,14.65,1200,15.3,1200,0,116400
ASIANPAINT30JAN201820CE.NFO,07/01/2020,10:04:33,15,14.65,1200,15.3,600,0,116400
ASIANPAINT30JAN201820CE.NFO,07/01/2020,10:04:38,15,14.65,1200,15.3,1200,0,116400
ASIANPAINT30JAN201820CE.NFO,07/01/2020,10:04:42,15,14.65,600,15.1,600,0,116400
ASIANPAINT30JAN201820CE.NFO,07/01/2020,10:04:46,15,14.65,600,15.1,1200,0,116400
ASIANPAINT30JAN201820CE.NFO,07/01/2020,10:04:54,15,14.65,600,15.15,600,0,116400
ASIANPAINT30JAN201820CE.NFO,07/01/2020,10:04:58,15,14.65,600,15.15,1200,0,116400
ASIANPAINT30JAN201820CE.NFO,07/01/2020,10:05:02,15,14.55,600,15.05,600,0,116400
ASIANPAINT30JAN201820CE.NFO,07/01/2020,10:05:06,15,14.5,1200,15.05,1200,0,116400
ASIANPAINT30JAN201820CE.NFO,07/01/2020,10:05:10,15,14.45,600,15.05,1200,0,116400
ASIANPAINT30JAN201820CE.NFO,07/01/2020,10:05:24,15,14.45,1200,15.05,1200,0,116400
ASIANPAINT30JAN201820CE.NFO,07/01/2020,10:05:27,15,14.5,600,15,1200,0,116400
ASIANPAINT30JAN201820CE.NFO,07/01/2020,10:05:37,15,14.5,600,15.05,1200,0,116400
ASIANPAINT30JAN201820CE.NFO,07/01/2020,10:05:48,15,14.45,1200,15.05,1200,0,116400
ASIANPAINT30JAN201820CE.NFO,07/01/2020,10:05:54,15,14.45,1200,15.05,600,0,116400
ASIANPAINT30JAN201820CE.NFO,07/01/2020,10:06:09,15,14.45,600,14.9,600,0,116400
ASIANPAINT30JAN201820CE.NFO,07/01/2020,10:06:17,15,14.4,600,14.9,1800,0,116400
ASIANPAINT30JAN201820CE.NFO,07/01/2020,10:06:26,15,14.4,600,14.9,1200,0,116400
ASIANPAINT30JAN201820CE.NFO,07/01/2020,10:06:37,15,14.4,600,14.85,600,0,116400
ASIANPAINT30JAN201820CE.NFO,07/01/2020,10:06:47,15,14.35,600,14.85,1200,0,116400
ASIANPAINT30JAN201820CE.NFO,07/01/2020,10:06:52,15,14.35,600,14.8,1200,0,116400
ASIANPAINT30JAN201820CE.NFO,07/01/2020,10:06:57,15,14.3,600,14.8,1200,0,116400
ASIANPAINT30JAN201820CE.NFO,07/01/2020,10:07:02,15,14,600,14.65,600,0,116400
ASIANPAINT30JAN201820CE.NFO,07/01/2020,10:07:08,15,14,1200,14.6,1800,0,116400
ASIANPAINT30JAN201820CE.NFO,07/01/2020,10:07:13,15,14,1200,14.6,600,0,116400
ASIANPAINT30JAN201820CE.NFO,07/01/2020,10:07:18,15,14,3000,14.8,1200,0,116400
ASIANPAINT30JAN201820CE.NFO,07/01/2020,10:07:23,15,14,1800,14.8,1200,0,116400
ASIANPAINT30JAN201820CE.NFO,07/01/2020,10:07:28,15,14,1800,14.75,1200,0,116400
ASIANPAINT30JAN201820CE.NFO,07/01/2020,10:07:33,15,13.8,1200,14.1,600,0,116400
ASIANPAINT30JAN201820CE.NFO,07/01/2020,10:07:39,15,13.8,1200,14.25,600,0,116400
ASIANPAINT30JAN201820CE.NFO,07/01/2020,10:07:43,14.25,13.8,1200,14.45,600,600,115800
ASIANPAINT30JAN201820CE.NFO,07/01/2020,10:07:48,14.25,13.95,1800,14.65,600,0,115800
ASIANPAINT30JAN201820CE.NFO,07/01/2020,10:07:54,14.25,14.05,1800,14.6,600,0,115800
ASIANPAINT30JAN201820CE.NFO,07/01/2020,10:07:59,14.25,14.15,1200,14.6,600,0,115800
ASIANPAINT30JAN201820CE.NFO,07/01/2020,10:08:04,14.25,13.85,1200,14.4,600,0,115800
ASIANPAINT30JAN201820CE.NFO,07/01/2020,10:08:08,14.25,13.95,600,14.4,600,0,115800
ASIANPAINT30JAN201820CE.NFO,07/01/2020,10:08:13,14.25,13.95,1800,14.65,1200,0,115800
ASIANPAINT30JAN201820CE.NFO,07/01/2020,10:08:18,14.25,14.15,600,14.55,600,0,115800
ASIANPAINT30JAN201820CE.NFO,07/01/2020,10:08:23,14.55,14.2,1800,14.65,600,600,115800
ASIANPAINT30JAN201820CE.NFO,07/01/2020,10:08:27,14.55,14.2,600,14.55,600,0,115800
ASIANPAINT30JAN201820CE.NFO,07/01/2020,10:08:32,14.55,14.15,1200,14.55,600,0,115800
ASIANPAINT30JAN201820CE.NFO,07/01/2020,10:08:42,14.55,14.15,600,14.55,600,0,115800
ASIANPAINT30JAN201820CE.NFO,07/01/2020,10:08:47,14.55,14.15,1200,14.6,600,0,115800
ASIANPAINT30JAN201820CE.NFO,07/01/2020,10:09:04,14.55,13.9,1200,14.55,600,0,115800
ASIANPAINT30JAN201820CE.NFO,07/01/2020,10:09:08,14.55,13.9,1200,14.45,600,0,115800
ASIANPAINT30JAN201820CE.NFO,07/01/2020,10:09:16,14.55,13.9,1200,14.5,600,0,115800
ASIANPAINT30JAN201820CE.NFO,07/01/2020,10:09:35,14.55,13.9,1200,14.55,600,0,115800
ASIANPAINT30JAN201820CE.NFO,07/01/2020,10:09:48,14.55,13.9,1200,14.6,600,0,115800
ASIANPAINT30JAN201820CE.NFO,07/01/2020,10:10:02,14.55,13.85,2400,14.9,600,0,115800
ASIANPAINT30JAN201820CE.NFO,07/01/2020,10:10:08,14.55,13.95,1200,14.9,1200,0,115800
ASIANPAINT30JAN201820CE.NFO,07/01/2020,10:10:26,14.55,13.95,1200,14.8,600,0,115800
ASIANPAINT30JAN201820CE.NFO,07/01/2020,10:10:39,14.55,13.95,1200,14.85,600,0,115800
ASIANPAINT30JAN201820CE.NFO,07/01/2020,10:10:42,14.55,13.95,1200,14.9,1200,0,115800
ASIANPAINT30JAN201820CE.NFO,07/01/2020,10:11:34,14.55,13.95,1200,14.9,600,0,115800
ASIANPAINT30JAN201820CE.NFO,07/01/2020,10:11:59,14.55,14.25,1200,14.9,1200,0,115800
ASIANPAINT30JAN201820CE.NFO,07/01/2020,10:12:23,14.55,14.25,1200,14.9,1800,0,115800
ASIANPAINT30JAN201820CE.NFO,07/01/2020,10:12:52,14.55,14.25,1200,14.9,1200,0,115800
ASIANPAINT30JAN201820CE.NFO,07/01/2020,10:12:56,14.55,14.25,1200,14.9,1800,0,115800
ASIANPAINT30JAN201820CE.NFO,07/01/2020,10:13:00,14.55,14.25,1200,14.8,600,0,115800
ASIANPAINT30JAN201820CE.NFO,07/01/2020,10:13:04,14.55,14.25,1200,14.85,1200,0,115800
ASIANPAINT30JAN201820CE.NFO,07/01/2020,10:13:12,14.55,14.25,1200,14.8,600,0,115800
ASIANPAINT30JAN201820CE.NFO,07/01/2020,10:13:17,14.55,14.25,1200,14.85,600,0,115800
ASIANPAINT30JAN201820CE.NFO,07/01/2020,10:13:26,14.55,14.25,1200,14.9,1800,0,115800
ASIANPAINT30JAN201820CE.NFO,07/01/2020,10:13:29,14.55,14.25,1200,14.9,1200,0,115800
ASIANPAINT30JAN201820CE.NFO,07/01/2020,10:13:52,14.55,14.25,1200,14.9,600,0,115800
ASIANPAINT30JAN201820CE.NFO,07/01/2020,10:14:01,14.55,14.25,2400,14.9,600,0,115800
ASIANPAINT30JAN201820CE.NFO,07/01/2020,10:14:11,14.55,14.5,600,14.9,600,0,115800
ASIANPAINT30JAN201820CE.NFO,07/01/2020,10:14:46,14.5,14.45,600,14.9,2400,600,116400
ASIANPAINT30JAN201820CE.NFO,07/01/2020,10:14:56,14.5,14.45,600,14.85,1200,0,116400
ASIANPAINT30JAN201820CE.NFO,07/01/2020,10:15:11,14.5,14.25,1800,14.75,1200,0,116400
ASIANPAINT30JAN201820CE.NFO,07/01/2020,10:15:16,14.5,14.25,1800,14.75,600,0,116400
ASIANPAINT30JAN201820CE.NFO,07/01/2020,10:15:26,14.5,14.25,1200,14.75,600,0,116400
ASIANPAINT30JAN201820CE.NFO,07/01/2020,10:15:31,14.5,14.2,1200,14.75,1200,0,116400
ASIANPAINT30JAN201820CE.NFO,07/01/2020,10:15:36,14.5,14.3,600,14.75,1200,0,116400
ASIANPAINT30JAN201820CE.NFO,07/01/2020,10:15:45,14.5,14.3,600,14.8,1200,0,116400
ASIANPAINT30JAN201820CE.NFO,07/01/2020,10:15:52,14.5,14.3,600,14.7,1200,0,116400
ASIANPAINT30JAN201820CE.NFO,07/01/2020,10:15:57,14.5,14.3,600,14.75,1200,0,116400
ASIANPAINT30JAN201820CE.NFO,07/01/2020,10:16:01,14.5,14.3,1200,14.75,1200,0,116400
ASIANPAINT30JAN201820CE.NFO,07/01/2020,10:16:06,14.5,14.3,600,14.7,1200,0,116400
ASIANPAINT30JAN201820CE.NFO,07/01/2020,10:16:11,14.5,14.2,1200,14.7,1200,0,116400
ASIANPAINT30JAN201820CE.NFO,07/01/2020,10:16:40,14.5,14.15,1800,14.6,1200,0,116400
ASIANPAINT30JAN201820CE.NFO,07/01/2020,10:16:48,14.5,14.15,1800,14.6,600,0,116400
ASIANPAINT30JAN201820CE.NFO,07/01/2020,10:16:52,14.5,14.15,1800,14.7,600,0,116400
ASIANPAINT30JAN201820CE.NFO,07/01/2020,10:17:00,14.5,14.25,600,14.7,600,0,116400
ASIANPAINT30JAN201820CE.NFO,07/01/2020,10:17:04,14.5,14.25,1200,14.7,600,0,116400
ASIANPAINT30JAN201820CE.NFO,07/01/2020,10:17:08,14.5,14.25,600,14.7,600,0,116400
ASIANPAINT30JAN201820CE.NFO,07/01/2020,10:17:11,14.5,14.25,600,14.7,1200,0,116400
ASIANPAINT30JAN201820CE.NFO,07/01/2020,10:17:16,14.5,14.15,1800,14.7,1200,0,116400
ASIANPAINT30JAN201820CE.NFO,07/01/2020,10:17:20,14.5,14.15,600,14.6,1200,0,116400
ASIANPAINT30JAN201820CE.NFO,07/01/2020,10:17:53,14.5,14.15,1200,14.6,1200,0,116400
ASIANPAINT30JAN201820CE.NFO,07/01/2020,10:17:56,14.5,14.15,1200,14.55,600,0,116400
ASIANPAINT30JAN201820CE.NFO,07/01/2020,10:18:15,14.5,14.15,600,14.55,600,0,116400
ASIANPAINT30JAN201820CE.NFO,07/01/2020,10:18:42,14.5,14.15,600,14.55,1200,0,116400
ASIANPAINT30JAN201820CE.NFO,07/01/2020,10:18:57,14.5,14.15,600,14.45,600,0,116400
ASIANPAINT30JAN201820CE.NFO,07/01/2020,10:19:07,14.5,14,2400,14.45,1200,0,116400
ASIANPAINT30JAN201820CE.NFO,07/01/2020,10:19:19,14.5,14,600,14.35,1200,0,116400
ASIANPAINT30JAN201820CE.NFO,07/01/2020,10:19:29,14.5,14,600,14.4,1200,0,116400
ASIANPAINT30JAN201820CE.NFO,07/01/2020,10:19:33,14.4,14.05,600,14.4,600,600,115800
ASIANPAINT30JAN201820CE.NFO,07/01/2020,10:19:38,14.4,14.05,600,14.4,600,0,115800
ASIANPAINT30JAN201820CE.NFO,07/01/2020,10:19:46,14.4,14.05,1200,14.4,600,0,115800
ASIANPAINT30JAN201820CE.NFO,07/01/2020,10:19:51,14.4,14.05,1800,14.4,600,0,115800
ASIANPAINT30JAN201820CE.NFO,07/01/2020,10:19:56,14.4,14.05,1200,14.4,600,0,115800
ASIANPAINT30JAN201820CE.NFO,07/01/2020,10:20:09,14.4,14.05,600,14.3,600,0,115800
ASIANPAINT30JAN201820CE.NFO,07/01/2020,10:20:14,14.4,14.05,600,14.25,600,0,115800
ASIANPAINT30JAN201820CE.NFO,07/01/2020,10:20:26,14.4,14.05,600,14.3,600,0,115800
ASIANPAINT30JAN201820CE.NFO,07/01/2020,10:20:46,14.3,14.05,600,14.35,1200,600,116400
ASIANPAINT30JAN201820CE.NFO,07/01/2020,10:20:51,14.3,14.05,600,14.35,1200,0,116400
ASIANPAINT30JAN201820CE.NFO,07/01/2020,10:20:57,14.3,14.05,600,14.35,600,0,116400
ASIANPAINT30JAN201820CE.NFO,07/01/2020,10:21:00,14.3,14.05,600,14.4,600,0,116400
ASIANPAINT30JAN201820CE.NFO,07/01/2020,10:21:04,14.3,14.05,1200,14.4,600,0,116400
ASIANPAINT30JAN201820CE.NFO,07/01/2020,10:21:08,14.4,14.1,600,14.4,600,600,116400
ASIANPAINT30JAN201820CE.NFO,07/01/2020,10:21:16,14.4,14.1,600,14.4,600,0,116400
ASIANPAINT30JAN201820CE.NFO,07/01/2020,10:21:25,14.4,14.1,1200,14.4,600,0,116400
ASIANPAINT30JAN201820CE.NFO,07/01/2020,10:21:29,14.4,14.1,600,14.4,600,0,116400
ASIANPAINT30JAN201820CE.NFO,07/01/2020,10:22:08,14.4,14,1200,14.35,600,0,116400
ASIANPAINT30JAN201820CE.NFO,07/01/2020,10:22:17,14.4,14.1,600,14.45,600,0,116400
ASIANPAINT30JAN201820CE.NFO,07/01/2020,10:22:22,14.4,14.1,1200,14.45,600,0,116400
ASIANPAINT30JAN201820CE.NFO,07/01/2020,10:22:25,14.4,14.1,1800,14.45,600,0,116400
ASIANPAINT30JAN201820CE.NFO,07/01/2020,10:22:29,14.4,14.1,1200,14.4,600,0,116400
ASIANPAINT30JAN201820CE.NFO,07/01/2020,10:22:34,14.4,14.1,1200,14.45,600,0,116400
ASIANPAINT30JAN201820CE.NFO,07/01/2020,10:22:38,14.4,14.1,600,14.4,600,0,116400
ASIANPAINT30JAN201820CE.NFO,07/01/2020,10:22:50,14.4,14.1,1200,14.4,600,0,116400
ASIANPAINT30JAN201820CE.NFO,07/01/2020,10:22:55,14.4,14.15,1800,14.55,2400,0,116400
ASIANPAINT30JAN201820CE.NFO,07/01/2020,10:23:06,14.4,14.25,1200,14.5,600,0,116400
ASIANPAINT30JAN201820CE.NFO,07/01/2020,10:23:19,14.4,14.1,600,14.4,600,0,116400
ASIANPAINT30JAN201820CE.NFO,07/01/2020,10:23:22,14.4,14.1,1200,14.4,600,0,116400
ASIANPAINT30JAN201820CE.NFO,07/01/2020,10:23:45,14.4,14.1,1800,14.4,600,0,116400
ASIANPAINT30JAN201820CE.NFO,07/01/2020,10:23:49,14.4,14.1,1200,14.4,600,0,116400
ASIANPAINT30JAN201820CE.NFO,07/01/2020,10:23:54,14.4,14.1,1800,14.45,1200,0,116400
ASIANPAINT30JAN201820CE.NFO,07/01/2020,10:24:06,14.4,14.1,1800,14.45,600,0,116400
ASIANPAINT30JAN201820CE.NFO,07/01/2020,10:24:10,14.4,14.2,600,14.45,600,0,116400
ASIANPAINT30JAN201820CE.NFO,07/01/2020,10:24:22,14.4,14.2,1200,14.45,600,0,116400
ASIANPAINT30JAN201820CE.NFO,07/01/2020,10:24:32,14.4,14.2,1800,14.45,600,0,116400
ASIANPAINT30JAN201820CE.NFO,07/01/2020,10:24:42,14.4,14.2,1200,14.45,600,0,116400
ASIANPAINT30JAN201820CE.NFO,07/01/2020,10:24:45,14.4,14.2,1800,14.5,600,0,116400
ASIANPAINT30JAN201820CE.NFO,07/01/2020,10:24:49,14.4,14.25,1200,14.5,600,0,116400
ASIANPAINT30JAN201820CE.NFO,07/01/2020,10:24:59,14.4,14.2,1200,14.5,600,0,116400
ASIANPAINT30JAN201820CE.NFO,07/01/2020,10:25:15,14.4,14.2,1800,14.5,600,0,116400
ASIANPAINT30JAN201820CE.NFO,07/01/2020,10:25:19,14.4,14.2,1200,14.5,600,0,116400
ASIANPAINT30JAN201820CE.NFO,07/01/2020,10:25:49,14.4,14.2,1800,14.5,600,0,116400
ASIANPAINT30JAN201820CE.NFO,07/01/2020,10:26:02,14.4,14.25,1800,14.55,600,0,116400
ASIANPAINT30JAN201820CE.NFO,07/01/2020,10:26:19,14.4,14.25,1200,14.55,600,0,116400
ASIANPAINT30JAN201820CE.NFO,07/01/2020,10:26:23,14.4,14.25,1800,14.55,600,0,116400
ASIANPAINT30JAN201820CE.NFO,07/01/2020,10:26:56,14.4,14.25,1200,14.55,600,0,116400
ASIANPAINT30JAN201820CE.NFO,07/01/2020,10:27:03,14.4,14.25,1800,14.55,600,0,116400
ASIANPAINT30JAN201820CE.NFO,07/01/2020,10:27:07,14.4,14.25,1200,14.55,600,0,116400
ASIANPAINT30JAN201820CE.NFO,07/01/2020,10:27:10,14.4,14.25,1800,14.55,600,0,116400
ASIANPAINT30JAN201820CE.NFO,07/01/2020,10:27:14,14.4,14,600,14.25,600,0,116400
ASIANPAINT30JAN201820CE.NFO,07/01/2020,10:27:18,14.4,13.85,1800,14.2,600,0,116400
ASIANPAINT30JAN201820CE.NFO,07/01/2020,10:27:22,14.2,14,1800,14.45,600,600,117600
ASIANPAINT30JAN201820CE.NFO,07/01/2020,10:27:26,14.2,13.95,1800,14.3,600,0,117600
ASIANPAINT30JAN201820CE.NFO,07/01/2020,10:27:30,14.2,13.95,1800,14.3,1800,0,117600
ASIANPAINT30JAN201820CE.NFO,07/01/2020,10:27:34,14.2,14,1200,14.3,600,0,117600
ASIANPAINT30JAN201820CE.NFO,07/01/2020,10:27:40,14.2,14,1800,14.3,600,0,117600
ASIANPAINT30JAN201820CE.NFO,07/01/2020,10:27:44,14.2,14,1200,14.3,600,0,117600
ASIANPAINT30JAN201820CE.NFO,07/01/2020,10:27:51,14.2,14.05,600,14.3,600,0,117600
ASIANPAINT30JAN201820CE.NFO,07/01/2020,10:28:01,14.2,13.85,1800,14.3,2400,0,117600
ASIANPAINT30JAN201820CE.NFO,07/01/2020,10:28:04,14.2,13.95,1200,14.3,1200,0,117600
ASIANPAINT30JAN201820CE.NFO,07/01/2020,10:28:08,14.2,13.95,1200,14.25,600,0,117600
ASIANPAINT30JAN201820CE.NFO,07/01/2020,10:28:12,14.2,13.9,1200,14.25,1200,0,117600
ASIANPAINT30JAN201820CE.NFO,07/01/2020,10:28:16,14.2,13.9,1200,14.25,600,0,117600
ASIANPAINT30JAN201820CE.NFO,07/01/2020,10:28:20,14.2,13.95,600,14.25,600,0,117600
ASIANPAINT30JAN201820CE.NFO,07/01/2020,10:28:24,14.2,13.9,600,14.25,1800,0,117600
ASIANPAINT30JAN201820CE.NFO,07/01/2020,10:28:32,14.2,13.9,1200,14.25,1800,0,117600
ASIANPAINT30JAN201820CE.NFO,07/01/2020,10:28:36,14.2,13.95,1200,14.25,600,0,117600
ASIANPAINT30JAN201820CE.NFO,07/01/2020,10:28:40,14.2,13.9,1200,14.25,1800,0,117600
ASIANPAINT30JAN201820CE.NFO,07/01/2020,10:28:43,14.2,13.85,600,14.25,600,0,117600
ASIANPAINT30JAN201820CE.NFO,07/01/2020,10:28:46,14.2,13.9,1200,14.2,600,0,117600
ASIANPAINT30JAN201820CE.NFO,07/01/2020,10:28:50,14.2,13.9,1800,14.2,600,0,117600
ASIANPAINT30JAN201820CE.NFO,07/01/2020,10:28:52,14.2,13.9,1200,14.2,600,0,117600
ASIANPAINT30JAN201820CE.NFO,07/01/2020,10:28:57,14.2,13.9,600,14.15,600,0,117600
ASIANPAINT30JAN201820CE.NFO,07/01/2020,10:29:05,14.2,13.85,600,14.15,1200,0,117600
ASIANPAINT30JAN201820CE.NFO,07/01/2020,10:29:08,14.2,13.85,1800,14.2,600,0,117600
ASIANPAINT30JAN201820CE.NFO,07/01/2020,10:29:15,14.2,13.85,1800,14.2,1200,0,117600
ASIANPAINT30JAN201820CE.NFO,07/01/2020,10:29:20,14.2,13.9,1800,14.25,600,0,117600
ASIANPAINT30JAN201820CE.NFO,07/01/2020,10:29:23,14.2,13.9,600,14.15,600,0,117600
ASIANPAINT30JAN201820CE.NFO,07/01/2020,10:29:27,14.2,13.85,600,14.15,600,0,117600
ASIANPAINT30JAN201820CE.NFO,07/01/2020,10:29:31,14.2,13.8,2400,14.2,1800,0,117600
ASIANPAINT30JAN201820CE.NFO,07/01/2020,10:29:34,14.2,13.9,600,14.1,1200,0,117600
ASIANPAINT30JAN201820CE.NFO,07/01/2020,10:29:38,14.2,13.85,600,14.05,600,0,117600
ASIANPAINT30JAN201820CE.NFO,07/01/2020,10:29:51,14.2,13.85,600,14.1,600,0,117600
ASIANPAINT30JAN201820CE.NFO,07/01/2020,10:29:56,14.2,13.8,600,14.05,1200,0,117600
ASIANPAINT30JAN201820CE.NFO,07/01/2020,10:30:07,14.2,13.85,600,14.15,1200,0,117600
ASIANPAINT30JAN201820CE.NFO,07/01/2020,10:30:10,14.2,13.85,600,14.15,600,0,117600
ASIANPAINT30JAN201820CE.NFO,07/01/2020,10:30:13,14.2,13.8,1200,14.05,600,0,117600
ASIANPAINT30JAN201820CE.NFO,07/01/2020,10:30:17,14.2,13.8,1800,14.15,600,0,117600
ASIANPAINT30JAN201820CE.NFO,07/01/2020,10:30:21,14.2,13.8,1800,14.15,1800,0,117600
ASIANPAINT30JAN201820CE.NFO,07/01/2020,10:30:24,14.2,13.8,1200,14.15,1800,0,117600
ASIANPAINT30JAN201820CE.NFO,07/01/2020,10:30:26,14.2,13.8,1200,14.1,1200,0,117600
ASIANPAINT30JAN201820CE.NFO,07/01/2020,10:30:29,14.2,13.8,1200,14.05,600,0,117600
ASIANPAINT30JAN201820CE.NFO,07/01/2020,10:30:36,14.2,13.8,1200,14.15,1800,0,117600
ASIANPAINT30JAN201820CE.NFO,07/01/2020,10:30:40,14.2,13.8,2400,14.15,1200,0,117600
ASIANPAINT30JAN201820CE.NFO,07/01/2020,10:30:44,14.2,13.85,600,14.1,600,0,117600
ASIANPAINT30JAN201820CE.NFO,07/01/2020,10:30:47,14.2,13.85,600,14.2,1800,0,117600
ASIANPAINT30JAN201820CE.NFO,07/01/2020,10:31:38,14.2,13.85,600,14.1,600,0,117600
ASIANPAINT30JAN201820CE.NFO,07/01/2020,10:32:01,13.8,13.6,600,13.85,600,1200,117600
ASIANPAINT30JAN201820CE.NFO,07/01/2020,10:32:06,13.8,13.6,1200,14,1800,0,117600
ASIANPAINT30JAN201820CE.NFO,07/01/2020,10:32:09,13.8,13.6,1800,14,1800,0,117600
ASIANPAINT30JAN201820CE.NFO,07/01/2020,10:32:28,13.8,13.6,1800,14,1200,0,117600
ASIANPAINT30JAN201820CE.NFO,07/01/2020,10:32:43,13.8,13.6,1800,14.2,1200,0,117600
ASIANPAINT30JAN201820CE.NFO,07/01/2020,10:32:47,13.8,13.6,1800,14.2,1800,0,117600
ASIANPAINT30JAN201820CE.NFO,07/01/2020,10:32:50,13.8,13.7,600,14.2,1800,0,117600
ASIANPAINT30JAN201820CE.NFO,07/01/2020,10:32:54,13.8,13.8,1800,14.2,1800,0,117600
ASIANPAINT30JAN201820CE.NFO,07/01/2020,10:32:58,13.8,13.8,1200,14.2,1800,0,117600
ASIANPAINT30JAN201820CE.NFO,07/01/2020,10:33:01,13.8,13.75,1800,14.2,1800,0,117600
ASIANPAINT30JAN201820CE.NFO,07/01/2020,10:33:10,13.8,13.75,600,14.2,1800,0,117600
ASIANPAINT30JAN201820CE.NFO,07/01/2020,10:33:13,13.8,13.8,1200,14.2,1800,0,117600
ASIANPAINT30JAN201820CE.NFO,07/01/2020,10:33:15,13.8,13.8,600,14.2,1800,0,117600
ASIANPAINT30JAN201820CE.NFO,07/01/2020,10:33:21,13.8,13.8,1200,14.2,1800,0,117600
ASIANPAINT30JAN201820CE.NFO,07/01/2020,10:33:36,13.8,13.55,600,14.2,1800,0,117600
ASIANPAINT30JAN201820CE.NFO,07/01/2020,10:33:39,13.8,13.65,1800,14.2,1800,0,117600
ASIANPAINT30JAN201820CE.NFO,07/01/2020,10:33:56,13.8,13.65,1800,14.25,1200,0,117600
ASIANPAINT30JAN201820CE.NFO,07/01/2020,10:34:02,13.8,13.8,1800,14.25,1800,0,117600
ASIANPAINT30JAN201820CE.NFO,07/01/2020,10:34:05,13.8,13.85,1200,14.2,600,0,117600
ASIANPAINT30JAN201820CE.NFO,07/01/2020,10:34:09,13.8,13.9,1200,14.2,600,0,117600
ASIANPAINT30JAN201820CE.NFO,07/01/2020,10:34:11,13.8,13.85,600,14.2,600,0,117600
ASIANPAINT30JAN201820CE.NFO,07/01/2020,10:34:19,13.8,13.85,1200,14.2,600,0,117600
ASIANPAINT30JAN201820CE.NFO,07/01/2020,10:34:26,13.8,13.9,1200,14.2,600,0,117600
ASIANPAINT30JAN201820CE.NFO,07/01/2020,10:34:37,13.8,13.85,1200,14.2,600,0,117600
ASIANPAINT30JAN201820CE.NFO,07/01/2020,10:34:44,13.8,13.9,1200,14.2,600,0,117600
ASIANPAINT30JAN201820CE.NFO,07/01/2020,10:34:51,13.8,13.55,600,14.1,600,0,117600
ASIANPAINT30JAN201820CE.NFO,07/01/2020,10:34:55,13.8,13.55,1800,14.15,1200,0,117600
ASIANPAINT30JAN201820CE.NFO,07/01/2020,10:34:58,13.8,13.7,1800,14.15,1200,0,117600
ASIANPAINT30JAN201820CE.NFO,07/01/2020,10:35:00,13.8,13.75,1200,14.15,1200,0,117600
ASIANPAINT30JAN201820CE.NFO,07/01/2020,10:35:03,13.8,13.7,600,14.05,1200,0,117600
ASIANPAINT30JAN201820CE.NFO,07/01/2020,10:35:06,13.8,13.7,1200,14.05,1200,0,117600
ASIANPAINT30JAN201820CE.NFO,07/01/2020,10:35:09,13.8,13.75,1200,14.15,1200,0,117600
ASIANPAINT30JAN201820CE.NFO,07/01/2020,10:35:11,13.8,13.8,1200,14.15,1200,0,117600
ASIANPAINT30JAN201820CE.NFO,07/01/2020,10:35:17,13.8,13.85,1200,14.15,600,0,117600
ASIANPAINT30JAN201820CE.NFO,07/01/2020,10:35:29,13.8,13.85,600,14.15,600,0,117600
ASIANPAINT30JAN201820CE.NFO,07/01/2020,10:35:32,13.8,13.75,600,14.05,600,0,117600
ASIANPAINT30JAN201820CE.NFO,07/01/2020,10:35:39,13.8,13.8,1200,14.1,600,0,117600
ASIANPAINT30JAN201820CE.NFO,07/01/2020,10:35:56,13.8,13.85,1200,14.1,600,0,117600
ASIANPAINT30JAN201820CE.NFO,07/01/2020,10:35:59,13.8,13.8,1200,14.1,600,0,117600
ASIANPAINT30JAN201820CE.NFO,07/01/2020,10:36:04,13.8,13.55,600,14,600,0,117600
ASIANPAINT30JAN201820CE.NFO,07/01/2020,10:36:08,13.8,13.55,1800,14,600,0,117600
ASIANPAINT30JAN201820CE.NFO,07/01/2020,10:36:10,13.8,13.6,1800,14,1200,0,117600
ASIANPAINT30JAN201820CE.NFO,07/01/2020,10:36:13,13.8,13.6,1800,14.05,1200,0,117600
ASIANPAINT30JAN201820CE.NFO,07/01/2020,10:36:41,13.8,13.6,1800,14,600,0,117600
ASIANPAINT30JAN201820CE.NFO,07/01/2020,10:36:54,13.8,13.6,1800,14,1200,0,117600
ASIANPAINT30JAN201820CE.NFO,07/01/2020,10:37:00,13.8,13.6,1200,13.95,1200,0,117600
ASIANPAINT30JAN201820CE.NFO,07/01/2020,10:37:05,13.8,13.55,1800,13.95,1200,0,117600
ASIANPAINT30JAN201820CE.NFO,07/01/2020,10:37:08,13.8,13.55,1800,14,1200,0,117600
ASIANPAINT30JAN201820CE.NFO,07/01/2020,10:37:14,13.8,13.5,1200,13.95,1200,0,117600
ASIANPAINT30JAN201820CE.NFO,07/01/2020,10:37:18,13.8,13.5,600,13.85,600,0,117600
ASIANPAINT30JAN201820CE.NFO,07/01/2020,10:37:23,13.8,13.45,1200,13.85,1200,0,117600
ASIANPAINT30JAN201820CE.NFO,07/01/2020,10:37:26,13.8,13.5,1800,13.9,1200,0,117600
ASIANPAINT30JAN201820CE.NFO,07/01/2020,10:37:29,13.8,13.55,1200,13.9,600,0,117600
ASIANPAINT30JAN201820CE.NFO,07/01/2020,10:37:51,13.8,13.55,1800,14,600,0,117600
ASIANPAINT30JAN201820CE.NFO,07/01/2020,10:37:53,13.8,13.55,2400,14,600,0,117600
ASIANPAINT30JAN201820CE.NFO,07/01/2020,10:37:56,13.8,13.55,2400,14.05,600,0,117600
ASIANPAINT30JAN201820CE.NFO,07/01/2020,10:38:15,13.8,13.7,600,14.1,600,0,117600
ASIANPAINT30JAN201820CE.NFO,07/01/2020,10:38:20,13.8,13.65,1800,14.1,600,0,117600
ASIANPAINT30JAN201820CE.NFO,07/01/2020,10:38:50,13.8,13.65,1800,14.1,1200,0,117600
ASIANPAINT30JAN201820CE.NFO,07/01/2020,10:38:56,13.8,13.65,600,14.1,1200,0,117600
ASIANPAINT30JAN201820CE.NFO,07/01/2020,10:38:57,13.8,13.65,1200,14.1,1200,0,117600
ASIANPAINT30JAN201820CE.NFO,07/01/2020,10:39:00,13.8,13.65,600,14,600,0,117600
ASIANPAINT30JAN201820CE.NFO,07/01/2020,10:39:03,13.8,13.65,1200,14,600,0,117600
ASIANPAINT30JAN201820CE.NFO,07/01/2020,10:39:26,13.8,13.65,1800,14,600,0,117600
ASIANPAINT30JAN201820CE.NFO,07/01/2020,10:39:44,13.8,13.7,1200,14,1200,0,117600
ASIANPAINT30JAN201820CE.NFO,07/01/2020,10:39:47,13.8,13.75,1200,14,600,0,117600
ASIANPAINT30JAN201820CE.NFO,07/01/2020,10:39:50,13.8,13.75,600,14,600,0,117600
ASIANPAINT30JAN201820CE.NFO,07/01/2020,10:39:55,13.8,13.75,1200,14.1,1200,0,117600
ASIANPAINT30JAN201820CE.NFO,07/01/2020,10:39:59,13.8,13.75,600,14.1,1200,0,117600
ASIANPAINT30JAN201820CE.NFO,07/01/2020,10:40:01,13.8,13.65,1800,14.05,1200,0,117600
ASIANPAINT30JAN201820CE.NFO,07/01/2020,10:40:05,13.8,13.7,1200,14.05,1200,0,117600
ASIANPAINT30JAN201820CE.NFO,07/01/2020,10:40:08,13.8,13.7,600,14.05,1200,0,117600
ASIANPAINT30JAN201820CE.NFO,07/01/2020,10:40:15,13.8,13.7,1200,14.05,1200,0,117600
ASIANPAINT30JAN201820CE.NFO,07/01/2020,10:40:26,13.8,13.75,600,14.05,1200,0,117600
ASIANPAINT30JAN201820CE.NFO,07/01/2020,10:40:29,13.8,13.75,1200,14.05,1200,0,117600
ASIANPAINT30JAN201820CE.NFO,07/01/2020,10:40:33,13.8,13.55,600,13.95,600,0,117600
ASIANPAINT30JAN201820CE.NFO,07/01/2020,10:40:35,13.8,13.55,1200,13.95,600,0,117600
ASIANPAINT30JAN201820CE.NFO,07/01/2020,10:40:37,13.8,13.55,1800,13.95,1800,0,117600
ASIANPAINT30JAN201820CE.NFO,07/01/2020,10:40:39,13.8,13.6,1800,13.95,1800,0,117600
ASIANPAINT30JAN201820CE.NFO,07/01/2020,10:40:49,13.8,13.6,1200,13.95,1800,0,117600
ASIANPAINT30JAN201820CE.NFO,07/01/2020,10:40:52,13.8,13.6,1200,13.95,1200,0,117600
ASIANPAINT30JAN201820CE.NFO,07/01/2020,10:40:54,13.8,13.55,1200,13.9,600,0,117600
ASIANPAINT30JAN201820CE.NFO,07/01/2020,10:40:56,13.8,13.55,1800,13.9,1200,0,117600
ASIANPAINT30JAN201820CE.NFO,07/01/2020,10:40:59,13.8,13.55,1800,13.95,1800,0,117600
ASIANPAINT30JAN201820CE.NFO,07/01/2020,10:41:03,13.8,13.55,1800,13.95,1200,0,117600
ASIANPAINT30JAN201820CE.NFO,07/01/2020,10:41:06,13.8,13.55,2400,14,600,0,117600
ASIANPAINT30JAN201820CE.NFO,07/01/2020,10:41:10,13.8,13.55,2400,14,1200,0,117600
ASIANPAINT30JAN201820CE.NFO,07/01/2020,10:41:14,13.8,13.65,1200,14,1200,0,117600
ASIANPAINT30JAN201820CE.NFO,07/01/2020,10:41:18,13.8,13.6,1200,13.95,1800,0,117600
ASIANPAINT30JAN201820CE.NFO,07/01/2020,10:41:26,13.8,13.6,1800,14.05,600,0,117600
ASIANPAINT30JAN201820CE.NFO,07/01/2020,10:41:31,13.8,13.65,1800,14,1200,0,117600
ASIANPAINT30JAN201820CE.NFO,07/01/2020,10:41:34,13.8,13.7,1200,14.05,1200,0,117600
ASIANPAINT30JAN201820CE.NFO,07/01/2020,10:41:49,13.8,13.7,1200,14,600,0,117600
ASIANPAINT30JAN201820CE.NFO,07/01/2020,10:41:52,13.8,13.75,1200,14.05,1200,0,117600
ASIANPAINT30JAN201820CE.NFO,07/01/2020,10:41:55,13.8,13.75,1200,14.05,600,0,117600
ASIANPAINT30JAN201820CE.NFO,07/01/2020,10:42:17,13.8,13.7,600,14.15,1200,0,117600
ASIANPAINT30JAN201820CE.NFO,07/01/2020,10:42:19,13.8,13.7,1200,14.15,1200,0,117600
ASIANPAINT30JAN201820CE.NFO,07/01/2020,10:42:22,13.8,13.7,1200,14.05,1200,0,117600
ASIANPAINT30JAN201820CE.NFO,07/01/2020,10:42:24,13.8,13.7,600,13.95,600,0,117600
ASIANPAINT30JAN201820CE.NFO,07/01/2020,10:42:35,13.8,13.55,600,13.9,1200,0,117600
ASIANPAINT30JAN201820CE.NFO,07/01/2020,10:42:39,13.8,13.45,1200,13.9,1200,0,117600
ASIANPAINT30JAN201820CE.NFO,07/01/2020,10:42:53,13.8,13.45,1800,13.9,1200,0,117600
ASIANPAINT30JAN201820CE.NFO,07/01/2020,10:43:09,13.8,13.45,1200,13.9,1200,0,117600
ASIANPAINT30JAN201820CE.NFO,07/01/2020,10:43:16,13.8,13.45,1800,13.9,1200,0,117600
ASIANPAINT30JAN201820CE.NFO,07/01/2020,10:43:23,13.8,13.45,1800,13.9,600,0,117600
ASIANPAINT30JAN201820CE.NFO,07/01/2020,10:43:32,13.8,13.45,1200,13.85,600,0,117600
ASIANPAINT30JAN201820CE.NFO,07/01/2020,10:43:41,13.8,13.45,1800,13.85,600,0,117600
ASIANPAINT30JAN201820CE.NFO,07/01/2020,10:44:05,13.8,13.45,1800,13.9,600,0,117600
ASIANPAINT30JAN201820CE.NFO,07/01/2020,10:44:12,13.8,13.45,1800,13.95,600,0,117600
ASIANPAINT30JAN201820CE.NFO,07/01/2020,10:44:20,13.8,13.45,1800,13.9,600,0,117600
ASIANPAINT30JAN201820CE.NFO,07/01/2020,10:44:29,13.8,13.45,1800,13.85,600,0,117600
ASIANPAINT30JAN201820CE.NFO,07/01/2020,10:44:32,13.8,13.4,1200,13.85,1200,0,117600
ASIANPAINT30JAN201820CE.NFO,07/01/2020,10:44:36,13.8,13.35,600,13.75,600,0,117600
ASIANPAINT30JAN201820CE.NFO,07/01/2020,10:44:39,13.8,13.4,1200,13.75,600,0,117600
ASIANPAINT30JAN201820CE.NFO,07/01/2020,10:44:42,13.8,13.35,1200,13.75,600,0,117600
ASIANPAINT30JAN201820CE.NFO,07/01/2020,10:45:02,13.8,13.3,600,13.75,600,0,117600
ASIANPAINT30JAN201820CE.NFO,07/01/2020,10:45:07,13.8,13.3,600,13.7,600,0,117600
ASIANPAINT30JAN201820CE.NFO,07/01/2020,10:45:10,13.8,13.3,600,13.75,600,0,117600
ASIANPAINT30JAN201820CE.NFO,07/01/2020,10:45:26,13.8,13.3,600,13.7,600,0,117600
ASIANPAINT30JAN201820CE.NFO,07/01/2020,10:45:37,13.8,13.35,600,13.75,1200,0,117600
ASIANPAINT30JAN201820CE.NFO,07/01/2020,10:45:40,13.8,13.35,600,13.75,600,0,117600
ASIANPAINT30JAN201820CE.NFO,07/01/2020,10:45:42,13.8,13.3,600,13.7,1200,0,117600
ASIANPAINT30JAN201820CE.NFO,07/01/2020,10:45:47,13.8,13.3,600,13.75,600,0,117600
ASIANPAINT30JAN201820CE.NFO,07/01/2020,10:45:50,13.8,13.4,600,13.8,600,0,117600
ASIANPAINT30JAN201820CE.NFO,07/01/2020,10:45:53,13.8,13.35,600,13.75,600,0,117600
ASIANPAINT30JAN201820CE.NFO,07/01/2020,10:46:02,13.8,13.3,600,13.7,600,0,117600
ASIANPAINT30JAN201820CE.NFO,07/01/2020,10:46:11,13.8,13.3,600,13.75,600,0,117600
ASIANPAINT30JAN201820CE.NFO,07/01/2020,10:46:16,13.8,13.3,600,13.7,600,0,117600
ASIANPAINT30JAN201820CE.NFO,07/01/2020,10:46:36,13.8,13.35,1200,13.8,600,0,117600
ASIANPAINT30JAN201820CE.NFO,07/01/2020,10:46:41,13.8,13.35,1200,13.75,600,0,117600
ASIANPAINT30JAN201820CE.NFO,07/01/2020,10:46:47,13.8,13.3,600,13.75,600,0,117600
ASIANPAINT30JAN201820CE.NFO,07/01/2020,10:46:50,13.8,13.4,600,13.85,600,0,117600
ASIANPAINT30JAN201820CE.NFO,07/01/2020,10:46:53,13.8,13.35,1200,13.8,600,0,117600
ASIANPAINT30JAN201820CE.NFO,07/01/2020,10:47:03,13.8,13.35,1200,13.85,600,0,117600
ASIANPAINT30JAN201820CE.NFO,07/01/2020,10:47:06,13.8,13.35,1200,13.8,600,0,117600
ASIANPAINT30JAN201820CE.NFO,07/01/2020,10:47:12,13.8,13.25,1200,13.7,600,0,117600
ASIANPAINT30JAN201820CE.NFO,07/01/2020,10:47:14,13.8,13.25,1200,13.8,600,0,117600
ASIANPAINT30JAN201820CE.NFO,07/01/2020,10:47:23,13.8,13.25,1200,13.7,600,0,117600
ASIANPAINT30JAN201820CE.NFO,07/01/2020,10:47:29,13.8,13.25,600,13.7,600,0,117600
ASIANPAINT30JAN201820CE.NFO,07/01/2020,10:48:09,13.8,12.8,600,13.3,600,0,117600
ASIANPAINT30JAN201820CE.NFO,07/01/2020,10:48:13,13.8,12.9,600,13.45,600,0,117600
ASIANPAINT30JAN201820CE.NFO,07/01/2020,10:48:17,13.8,12.8,600,13.25,600,0,117600
ASIANPAINT30JAN201820CE.NFO,07/01/2020,10:48:21,13.8,12.7,600,13.2,1200,0,117600
ASIANPAINT30JAN201820CE.NFO,07/01/2020,10:48:29,13.8,12.7,600,13.2,600,0,117600
ASIANPAINT30JAN201820CE.NFO,07/01/2020,10:49:07,13.8,12.7,600,13.15,1200,0,117600
ASIANPAINT30JAN201820CE.NFO,07/01/2020,10:49:10,13.8,12.7,600,13.15,600,0,117600
ASIANPAINT30JAN201820CE.NFO,07/01/2020,10:49:15,13.8,12.65,600,13.15,600,0,117600
ASIANPAINT30JAN201820CE.NFO,07/01/2020,10:49:22,13.8,12.65,1200,13.15,600,0,117600
ASIANPAINT30JAN201820CE.NFO,07/01/2020,10:49:35,13.8,12.8,600,13.25,600,0,117600
ASIANPAINT30JAN201820CE.NFO,07/01/2020,10:49:39,13.8,12.9,600,13.35,600,0,117600
ASIANPAINT30JAN201820CE.NFO,07/01/2020,10:49:43,13.8,12.9,1200,13.35,600,0,117600
ASIANPAINT30JAN201820CE.NFO,07/01/2020,10:49:47,13.8,12.85,600,13.3,600,0,117600
ASIANPAINT30JAN201820CE.NFO,07/01/2020,10:49:51,13.8,12.85,1200,13.3,600,0,117600
ASIANPAINT30JAN201820CE.NFO,07/01/2020,10:49:55,13.8,12.85,1200,13.35,600,0,117600
ASIANPAINT30JAN201820CE.NFO,07/01/2020,10:50:07,13.8,12.85,1200,13.3,600,0,117600
ASIANPAINT30JAN201820CE.NFO,07/01/2020,10:50:13,13.8,12.9,600,13.3,600,0,117600
ASIANPAINT30JAN201820CE.NFO,07/01/2020,10:50:18,13.8,12.9,1200,13.3,600,0,117600
ASIANPAINT30JAN201820CE.NFO,07/01/2020,10:51:02,13.8,12.9,600,13.3,600,0,117600
ASIANPAINT30JAN201820CE.NFO,07/01/2020,10:51:23,13.8,12.7,1200,13.2,600,0,117600
ASIANPAINT30JAN201820CE.NFO,07/01/2020,10:51:26,13.8,12.7,600,13.2,600,0,117600
ASIANPAINT30JAN201820CE.NFO,07/01/2020,10:51:30,13.8,12.7,1200,13.2,600,0,117600
ASIANPAINT30JAN201820CE.NFO,07/01/2020,10:51:34,13.8,12.7,1200,13.15,600,0,117600
ASIANPAINT30JAN201820CE.NFO,07/01/2020,10:51:45,13.8,12.8,1200,13.25,600,0,117600
ASIANPAINT30JAN201820CE.NFO,07/01/2020,10:52:09,13.8,12.75,1200,13.15,600,0,117600
ASIANPAINT30JAN201820CE.NFO,07/01/2020,10:52:34,13.8,12.75,600,13.15,600,0,117600
ASIANPAINT30JAN201820CE.NFO,07/01/2020,10:52:39,13.8,12.75,1200,13.2,600,0,117600
ASIANPAINT30JAN201820CE.NFO,07/01/2020,10:52:47,13.8,12.7,1200,13.1,600,0,117600
ASIANPAINT30JAN201820CE.NFO,07/01/2020,10:52:51,13.8,12.65,600,13.1,600,0,117600
ASIANPAINT30JAN201820CE.NFO,07/01/2020,10:52:55,13.8,12.6,600,13.1,600,0,117600
ASIANPAINT30JAN201820CE.NFO,07/01/2020,10:53:00,13.8,12.45,1200,13,600,0,117600
ASIANPAINT30JAN201820CE.NFO,07/01/2020,10:53:12,13.8,12.5,600,13,600,0,117600
ASIANPAINT30JAN201820CE.NFO,07/01/2020,10:53:18,13.8,12.55,1200,13,600,0,117600
ASIANPAINT30JAN201820CE.NFO,07/01/2020,10:53:28,13.8,12.55,1200,13.1,600,0,117600
ASIANPAINT30JAN201820CE.NFO,07/01/2020,10:53:33,13.8,12.65,1200,13.1,600,0,117600
ASIANPAINT30JAN201820CE.NFO,07/01/2020,10:53:38,13.8,12.6,600,13,600,0,117600
ASIANPAINT30JAN201820CE.NFO,07/01/2020,10:53:49,13.8,12.6,1200,13,600,0,117600
ASIANPAINT30JAN201820CE.NFO,07/01/2020,10:54:11,13.8,12.6,1800,13,600,0,117600
ASIANPAINT30JAN201820CE.NFO,07/01/2020,10:54:17,13.8,12.6,1800,13.05,600,0,117600
ASIANPAINT30JAN201820CE.NFO,07/01/2020,10:54:43,13.8,12.75,600,13.1,600,0,117600
ASIANPAINT30JAN201820CE.NFO,07/01/2020,10:54:48,13.8,13.1,600,13.2,600,0,117600
ASIANPAINT30JAN201820CE.NFO,07/01/2020,10:54:53,13.8,12.9,1200,13.25,600,0,117600
ASIANPAINT30JAN201820CE.NFO,07/01/2020,10:54:58,13.8,12.9,600,13.25,600,0,117600
ASIANPAINT30JAN201820CE.NFO,07/01/2020,10:55:02,13.8,12.85,600,13.2,1200,0,117600
ASIANPAINT30JAN201820CE.NFO,07/01/2020,10:55:07,13.8,12.85,600,13.25,600,0,117600
ASIANPAINT30JAN201820CE.NFO,07/01/2020,10:55:25,13.8,12.7,600,13.05,600,0,117600
ASIANPAINT30JAN201820CE.NFO,07/01/2020,10:55:31,13.8,12.7,600,13.1,600,0,117600
ASIANPAINT30JAN201820CE.NFO,07/01/2020,10:55:42,13.8,12.7,1200,13.15,600,0,117600
ASIANPAINT30JAN201820CE.NFO,07/01/2020,10:55:46,13.8,12.7,1200,13.1,600,0,117600
ASIANPAINT30JAN201820CE.NFO,07/01/2020,10:55:56,13.8,12.65,1200,13,600,0,117600
ASIANPAINT30JAN201820CE.NFO,07/01/2020,10:56:04,13.8,12.65,1200,13.1,600,0,117600
ASIANPAINT30JAN201820CE.NFO,07/01/2020,10:56:08,13.8,12.65,1200,13.2,600,0,117600
ASIANPAINT30JAN201820CE.NFO,07/01/2020,10:56:14,13.8,12.75,1200,13.15,1200,0,117600
ASIANPAINT30JAN201820CE.NFO,07/01/2020,10:56:19,13.8,12.75,1200,13.2,600,0,117600
ASIANPAINT30JAN201820CE.NFO,07/01/2020,10:56:24,13.8,12.85,1200,13.25,600,0,117600
ASIANPAINT30JAN201820CE.NFO,07/01/2020,10:56:28,13.8,13,600,13.25,600,0,117600
ASIANPAINT30JAN201820CE.NFO,07/01/2020,10:56:39,13.8,12.85,1200,13.25,600,0,117600
ASIANPAINT30JAN201820CE.NFO,07/01/2020,10:56:43,13.8,12.8,1200,13.15,600,0,117600
ASIANPAINT30JAN201820CE.NFO,07/01/2020,10:56:54,13.8,12.8,1800,13.2,600,0,117600
ASIANPAINT30JAN201820CE.NFO,07/01/2020,10:56:59,13.8,12.8,1800,13.15,600,0,117600
ASIANPAINT30JAN201820CE.NFO,07/01/2020,10:57:03,13.8,12.75,1200,13.15,600,0,117600
ASIANPAINT30JAN201820CE.NFO,07/01/2020,10:57:18,13.8,12.7,1800,13.1,600,0,117600
ASIANPAINT30JAN201820CE.NFO,07/01/2020,10:57:25,13.8,12.55,600,13,600,0,117600
ASIANPAINT30JAN201820CE.NFO,07/01/2020,10:57:32,13.8,12.65,1200,13.05,600,0,117600
ASIANPAINT30JAN201820CE.NFO,07/01/2020,10:57:37,13.8,12.75,1200,13.15,600,0,117600
ASIANPAINT30JAN201820CE.NFO,07/01/2020,10:57:48,13.8,12.8,1200,13.15,600,0,117600
ASIANPAINT30JAN201820CE.NFO,07/01/2020,10:57:53,13.8,12.75,1200,13.15,600,0,117600
ASIANPAINT30JAN201820CE.NFO,07/01/2020,10:57:57,13.8,12.7,1800,13.1,600,0,117600
ASIANPAINT30JAN201820CE.NFO,07/01/2020,10:58:01,13.8,12.65,600,13.05,600,0,117600
ASIANPAINT30JAN201820CE.NFO,07/01/2020,10:58:05,13.8,12.65,1200,13.05,600,0,117600
ASIANPAINT30JAN201820CE.NFO,07/01/2020,10:58:10,13.8,12.55,600,12.95,600,0,117600
ASIANPAINT30JAN201820CE.NFO,07/01/2020,10:58:15,13.8,12.65,1200,13,600,0,117600
ASIANPAINT30JAN201820CE.NFO,07/01/2020,10:58:19,13.8,12.6,1200,13,600,0,117600
ASIANPAINT30JAN201820CE.NFO,07/01/2020,10:58:24,13.8,12.6,600,13,600,0,117600
ASIANPAINT30JAN201820CE.NFO,07/01/2020,10:58:30,13.8,12.65,1200,13,600,0,117600
ASIANPAINT30JAN201820CE.NFO,07/01/2020,10:58:35,13.8,12.65,1200,13.05,600,0,117600
ASIANPAINT30JAN201820CE.NFO,07/01/2020,10:58:40,13.8,12.75,600,13.1,600,0,117600
ASIANPAINT30JAN201820CE.NFO,07/01/2020,10:58:45,13.8,12.85,1200,13.2,600,0,117600
ASIANPAINT30JAN201820CE.NFO,07/01/2020,10:58:51,13.8,12.9,600,13.05,600,0,117600
ASIANPAINT30JAN201820CE.NFO,07/01/2020,10:59:00,13.8,12.9,600,13.15,600,0,117600
ASIANPAINT30JAN201820CE.NFO,07/01/2020,10:59:06,13.8,12.9,600,13.1,600,0,117600
ASIANPAINT30JAN201820CE.NFO,07/01/2020,10:59:18,13.8,12.9,600,13.15,600,0,117600
ASIANPAINT30JAN201820CE.NFO,07/01/2020,10:59:23,13.8,12.7,600,13.05,600,0,117600
ASIANPAINT30JAN201820CE.NFO,07/01/2020,10:59:29,13.8,12.7,1800,13.05,600,0,117600
ASIANPAINT30JAN201820CE.NFO,07/01/2020,10:59:40,13.8,12.7,1200,13.05,600,0,117600
ASIANPAINT30JAN201820CE.NFO,07/01/2020,10:59:45,13.8,12.65,600,13.05,600,0,117600
ASIANPAINT30JAN201820CE.NFO,07/01/2020,10:59:50,13.8,12.65,1200,13.05,600,0,117600
ASIANPAINT30JAN201820CE.NFO,07/01/2020,10:59:55,13.8,12.65,600,13.05,600,0,117600
ASIANPAINT30JAN201820CE.NFO,07/01/2020,11:00:32,13.8,12.3,1200,12.85,600,0,117600
ASIANPAINT30JAN201820CE.NFO,07/01/2020,11:00:39,13.8,12.5,1800,12.9,600,0,117600
ASIANPAINT30JAN201820CE.NFO,07/01/2020,11:00:45,13.8,12.5,1800,12.85,600,0,117600
ASIANPAINT30JAN201820CE.NFO,07/01/2020,11:00:57,13.8,12.5,1200,12.9,600,0,117600
ASIANPAINT30JAN201820CE.NFO,07/01/2020,11:01:05,12.4,12.45,1200,12.9,600,600,115800
ASIANPAINT30JAN201820CE.NFO,07/01/2020,11:01:05,12.4,12.45,1200,12.9,600,0,115800
ASIANPAINT30JAN201820CE.NFO,07/01/2020,11:01:13,12.4,12.4,1200,12.8,600,0,115800
ASIANPAINT30JAN201820CE.NFO,07/01/2020,11:01:20,12.4,12.3,1200,12.8,600,0,115800
ASIANPAINT30JAN201820CE.NFO,07/01/2020,11:01:26,12.4,12.3,1200,12.7,600,0,115800
ASIANPAINT30JAN201820CE.NFO,07/01/2020,11:01:33,12.4,12.3,1200,12.75,600,0,115800
ASIANPAINT30JAN201820CE.NFO,07/01/2020,11:01:40,12.4,12.4,1200,12.75,600,0,115800
ASIANPAINT30JAN201820CE.NFO,07/01/2020,11:01:47,12.4,12.35,1800,12.75,600,0,115800
ASIANPAINT30JAN201820CE.NFO,07/01/2020,11:01:54,12.4,12.35,1800,12.95,600,0,115800
ASIANPAINT30JAN201820CE.NFO,07/01/2020,11:02:01,12.4,12.35,1800,13,1200,0,115800
ASIANPAINT30JAN201820CE.NFO,07/01/2020,11:02:34,12.4,12.35,1200,13,1200,0,115800
ASIANPAINT30JAN201820CE.NFO,07/01/2020,11:03:15,12.4,12.35,600,13,1200,0,115800
ASIANPAINT30JAN201820CE.NFO,07/01/2020,11:03:20,12.4,12.45,600,13,1200,0,115800
ASIANPAINT30JAN201820CE.NFO,07/01/2020,11:03:25,12.4,12.55,600,13,1200,0,115800
ASIANPAINT30JAN201820CE.NFO,07/01/2020,11:03:35,12.4,12.45,1200,13,1200,0,115800
ASIANPAINT30JAN201820CE.NFO,07/01/2020,11:03:42,12.4,12.4,600,12.7,600,0,115800
ASIANPAINT30JAN201820CE.NFO,07/01/2020,11:03:48,12.4,12.4,1800,12.75,600,0,115800
ASIANPAINT30JAN201820CE.NFO,07/01/2020,11:03:54,12.4,12.4,1200,12.75,600,0,115800
ASIANPAINT30JAN201820CE.NFO,07/01/2020,11:04:00,12.4,12.4,1800,12.8,1200,0,115800
ASIANPAINT30JAN201820CE.NFO,07/01/2020,11:04:06,12.4,12.4,600,12.6,600,0,115800
ASIANPAINT30JAN201820CE.NFO,07/01/2020,11:04:12,12.4,12.4,600,12.5,600,0,115800
ASIANPAINT30JAN201820CE.NFO,07/01/2020,11:04:18,12.5,12.4,600,12.75,600,600,115800
ASIANPAINT30JAN201820CE.NFO,07/01/2020,11:04:23,12.6,12.4,600,12.65,600,600,115800
ASIANPAINT30JAN201820CE.NFO,07/01/2020,11:04:29,12.6,12.4,1800,12.75,600,0,115800
ASIANPAINT30JAN201820CE.NFO,07/01/2020,11:04:35,12.6,12.4,600,12.7,600,0,115800
ASIANPAINT30JAN201820CE.NFO,07/01/2020,11:04:53,12.6,12.4,1800,12.75,600,0,115800
ASIANPAINT30JAN201820CE.NFO,07/01/2020,11:04:58,12.6,12.4,1800,12.8,1200,0,115800
ASIANPAINT30JAN201820CE.NFO,07/01/2020,11:05:04,12.6,12.4,1800,12.75,600,0,115800
ASIANPAINT30JAN201820CE.NFO,07/01/2020,11:05:09,12.6,12.4,600,12.7,600,0,115800
ASIANPAINT30JAN201820CE.NFO,07/01/2020,11:05:15,12.6,12.4,1200,12.75,600,0,115800
ASIANPAINT30JAN201820CE.NFO,07/01/2020,11:05:21,12.6,12.45,1200,12.8,1200,0,115800
ASIANPAINT30JAN201820CE.NFO,07/01/2020,11:05:26,12.6,12.5,600,12.8,1200,0,115800
ASIANPAINT30JAN201820CE.NFO,07/01/2020,11:05:31,12.8,12.45,1200,12.8,600,600,115800
ASIANPAINT30JAN201820CE.NFO,07/01/2020,11:05:36,12.8,12.45,1200,12.8,600,0,115800
ASIANPAINT30JAN201820CE.NFO,07/01/2020,11:05:47,12.8,12.4,1800,12.8,600,0,115800
ASIANPAINT30JAN201820CE.NFO,07/01/2020,11:06:18,12.8,12.4,1800,12.9,600,600,115200
ASIANPAINT30JAN201820CE.NFO,07/01/2020,11:06:24,12.8,12.4,1800,12.95,1200,0,115200
ASIANPAINT30JAN201820CE.NFO,07/01/2020,11:07:26,12.8,12.4,2400,13.05,600,0,115200
ASIANPAINT30JAN201820CE.NFO,07/01/2020,11:07:35,12.8,12.4,2400,13,1200,0,115200
ASIANPAINT30JAN201820CE.NFO,07/01/2020,11:07:41,12.8,12.4,2400,13.1,600,0,115200
ASIANPAINT30JAN201820CE.NFO,07/01/2020,11:07:46,12.8,12.4,2400,13,600,0,115200
ASIANPAINT30JAN201820CE.NFO,07/01/2020,11:07:54,12.8,12.4,2400,13.05,1200,0,115200
ASIANPAINT30JAN201820CE.NFO,07/01/2020,11:07:58,12.8,12.4,2400,13.05,600,0,115200
ASIANPAINT30JAN201820CE.NFO,07/01/2020,11:08:03,12.8,12.4,2400,13.05,1200,0,115200
ASIANPAINT30JAN201820CE.NFO,07/01/2020,11:08:07,12.8,12.4,1800,13.05,1200,0,115200
ASIANPAINT30JAN201820CE.NFO,07/01/2020,11:08:15,12.8,12.4,2400,13.05,1200,0,115200
ASIANPAINT30JAN201820CE.NFO,07/01/2020,11:08:43,12.8,12.4,1800,13.05,1200,0,115200
ASIANPAINT30JAN201820CE.NFO,07/01/2020,11:09:01,12.8,12.4,1800,12.95,1200,0,115200
ASIANPAINT30JAN201820CE.NFO,07/01/2020,11:09:10,12.8,12.4,1800,12.95,600,0,115200
ASIANPAINT30JAN201820CE.NFO,07/01/2020,11:09:15,12.8,12.4,1800,12.95,1200,0,115200
ASIANPAINT30JAN201820CE.NFO,07/01/2020,11:09:19,12.8,12.4,1800,12.95,600,0,115200
ASIANPAINT30JAN201820CE.NFO,07/01/2020,11:09:24,12.8,12.4,1800,12.95,1200,0,115200
ASIANPAINT30JAN201820CE.NFO,07/01/2020,11:09:33,12.8,12.4,1800,12.95,600,0,115200
ASIANPAINT30JAN201820CE.NFO,07/01/2020,11:09:45,12.8,12.4,1800,13,600,0,115200
ASIANPAINT30JAN201820CE.NFO,07/01/2020,11:10:18,12.8,12.4,2400,13.05,600,0,115200
ASIANPAINT30JAN201820CE.NFO,07/01/2020,11:10:46,12.8,12.4,2400,13.05,2400,0,115200
ASIANPAINT30JAN201820CE.NFO,07/01/2020,11:10:52,12.8,12.4,2400,13.05,600,0,115200
ASIANPAINT30JAN201820CE.NFO,07/01/2020,11:11:49,12.8,12.65,600,13.05,600,0,115200
ASIANPAINT30JAN201820CE.NFO,07/01/2020,11:12:01,12.8,12.65,600,13,600,0,115200
ASIANPAINT30JAN201820CE.NFO,07/01/2020,11:12:10,12.8,12.65,600,13,1200,0,115200
ASIANPAINT30JAN201820CE.NFO,07/01/2020,11:12:16,12.8,12.65,600,13,600,0,115200
ASIANPAINT30JAN201820CE.NFO,07/01/2020,11:12:47,12.8,12.65,1200,13.05,1200,0,115200
ASIANPAINT30JAN201820CE.NFO,07/01/2020,11:12:52,12.8,12.6,1200,13.05,1200,0,115200
ASIANPAINT30JAN201820CE.NFO,07/01/2020,11:12:56,12.8,12.55,1200,13,1200,0,115200
ASIANPAINT30JAN201820CE.NFO,07/01/2020,11:14:17,12.8,12.55,1800,13.1,600,0,115200
ASIANPAINT30JAN201820CE.NFO,07/01/2020,11:14:28,12.8,12.55,1200,13.1,600,0,115200
ASIANPAINT30JAN201820CE.NFO,07/01/2020,11:14:38,12.8,12.55,1200,13.1,1200,0,115200
ASIANPAINT30JAN201820CE.NFO,07/01/2020,11:14:57,12.8,12.55,600,13.1,1200,0,115200
ASIANPAINT30JAN201820CE.NFO,07/01/2020,11:15:21,12.8,12.55,1200,13.1,1200,0,115200
ASIANPAINT30JAN201820CE.NFO,07/01/2020,11:15:31,12.8,12.55,600,13.1,1200,0,115200
ASIANPAINT30JAN201820CE.NFO,07/01/2020,11:15:36,12.8,12.55,1200,13.1,1800,0,115200
ASIANPAINT30JAN201820CE.NFO,07/01/2020,11:15:40,12.8,12.45,1200,13.1,1800,0,115200
ASIANPAINT30JAN201820CE.NFO,07/01/2020,11:15:44,12.8,12.45,1200,13.1,1200,0,115200
ASIANPAINT30JAN201820CE.NFO,07/01/2020,11:15:49,12.8,12.4,600,12.75,600,0,115200
ASIANPAINT30JAN201820CE.NFO,07/01/2020,11:15:55,12.8,12.4,600,12.65,600,0,115200
ASIANPAINT30JAN201820CE.NFO,07/01/2020,11:16:00,12.4,12,600,12.45,600,600,115200
ASIANPAINT30JAN201820CE.NFO,07/01/2020,11:16:06,12.4,12.05,600,12.45,600,0,115200
ASIANPAINT30JAN201820CE.NFO,07/01/2020,11:16:12,12.4,12.05,1200,12.45,600,0,115200
ASIANPAINT30JAN201820CE.NFO,07/01/2020,11:16:25,12.1,12.05,600,12.4,600,600,115200
ASIANPAINT30JAN201820CE.NFO,07/01/2020,11:16:25,12.1,12.05,600,12.4,600,0,115200
ASIANPAINT30JAN201820CE.NFO,07/01/2020,11:16:31,12.4,12.2,1200,12.65,600,600,115200
ASIANPAINT30JAN201820CE.NFO,07/01/2020,11:16:36,12.4,12.2,1200,12.8,600,0,115200
ASIANPAINT30JAN201820CE.NFO,07/01/2020,11:16:45,12.4,12.2,1200,12.75,600,0,115200
ASIANPAINT30JAN201820CE.NFO,07/01/2020,11:16:50,12.4,12.2,1200,12.7,600,0,115200
ASIANPAINT30JAN201820CE.NFO,07/01/2020,11:17:03,12.4,12.4,1200,13.05,3000,0,115200
ASIANPAINT30JAN201820CE.NFO,07/01/2020,11:17:07,12.4,12.4,1800,13.05,3000,0,115200
ASIANPAINT30JAN201820CE.NFO,07/01/2020,11:17:12,12.4,12.4,600,12.8,600,0,115200
ASIANPAINT30JAN201820CE.NFO,07/01/2020,11:17:17,12.4,12.45,600,12.8,600,0,115200
ASIANPAINT30JAN201820CE.NFO,07/01/2020,11:17:21,12.4,12.4,600,12.8,600,0,115200
ASIANPAINT30JAN201820CE.NFO,07/01/2020,11:17:26,12.7,12.4,600,12.75,600,600,115200
ASIANPAINT30JAN201820CE.NFO,07/01/2020,11:17:31,12.7,12.4,600,12.75,600,0,115200
ASIANPAINT30JAN201820CE.NFO,07/01/2020,11:17:37,12.75,12.7,600,13.15,600,600,115200
ASIANPAINT30JAN201820CE.NFO,07/01/2020,11:17:43,12.75,12.7,600,13.15,600,0,115200
ASIANPAINT30JAN201820CE.NFO,07/01/2020,11:17:48,12.75,12.8,600,13.15,600,0,115200
ASIANPAINT30JAN201820CE.NFO,07/01/2020,11:17:53,12.75,12.8,1200,13.2,600,0,115200
ASIANPAINT30JAN201820CE.NFO,07/01/2020,11:18:02,12.75,12.8,1200,13.35,600,0,115200
ASIANPAINT30JAN201820CE.NFO,07/01/2020,11:18:08,12.75,13.1,600,13.5,600,0,115200
ASIANPAINT30JAN201820CE.NFO,07/01/2020,11:18:13,12.75,13.1,1200,13.65,1200,0,115200
ASIANPAINT30JAN201820CE.NFO,07/01/2020,11:18:31,12.75,13.1,1200,13.55,600,0,115200
ASIANPAINT30JAN201820CE.NFO,07/01/2020,11:18:48,12.75,13.1,1200,13.75,600,0,115200
ASIANPAINT30JAN201820CE.NFO,07/01/2020,11:18:54,12.75,13.1,1800,13.85,600,0,115200
ASIANPAINT30JAN201820CE.NFO,07/01/2020,11:19:05,12.75,13.25,1200,13.95,1200,0,115200
ASIANPAINT30JAN201820CE.NFO,07/01/2020,11:19:16,12.75,13.25,600,13.95,1200,0,115200
ASIANPAINT30JAN201820CE.NFO,07/01/2020,11:19:25,12.75,13.5,1200,13.95,1200,0,115200
ASIANPAINT30JAN201820CE.NFO,07/01/2020,11:19:40,12.75,13.5,600,13.95,1200,0,115200
ASIANPAINT30JAN201820CE.NFO,07/01/2020,11:19:46,12.75,13.45,600,13.95,1200,0,115200
ASIANPAINT30JAN201820CE.NFO,07/01/2020,11:19:57,12.75,13.4,600,13.95,1200,0,115200
ASIANPAINT30JAN201820CE.NFO,07/01/2020,11:20:01,12.75,13.3,1200,13.95,1200,0,115200
ASIANPAINT30JAN201820CE.NFO,07/01/2020,11:20:06,12.75,13,600,13.95,1200,0,115200
ASIANPAINT30JAN201820CE.NFO,07/01/2020,11:20:11,12.75,13.25,1200,13.95,1200,0,115200
ASIANPAINT30JAN201820CE.NFO,07/01/2020,11:20:31,12.75,13.3,600,13.95,1200,0,115200
ASIANPAINT30JAN201820CE.NFO,07/01/2020,11:20:41,12.75,13.3,1200,13.95,1200,0,115200
ASIANPAINT30JAN201820CE.NFO,07/01/2020,11:21:03,12.75,13.3,1800,13.95,1200,0,115200
ASIANPAINT30JAN201820CE.NFO,07/01/2020,11:21:08,12.75,13.3,1800,13.95,600,0,115200
ASIANPAINT30JAN201820CE.NFO,07/01/2020,11:21:21,12.75,13.3,1200,13.85,600,0,115200
ASIANPAINT30JAN201820CE.NFO,07/01/2020,11:21:30,12.75,13.3,1200,13.8,600,0,115200
ASIANPAINT30JAN201820CE.NFO,07/01/2020,11:21:36,12.75,13.3,1200,13.85,600,0,115200
ASIANPAINT30JAN201820CE.NFO,07/01/2020,11:21:46,12.75,13.4,600,13.8,600,0,115200
ASIANPAINT30JAN201820CE.NFO,07/01/2020,11:21:50,12.75,13.35,600,13.7,600,0,115200
ASIANPAINT30JAN201820CE.NFO,07/01/2020,11:22:06,12.75,13.3,600,13.7,600,0,115200
ASIANPAINT30JAN201820CE.NFO,07/01/2020,11:22:26,12.75,13.3,600,13.65,1200,0,115200
ASIANPAINT30JAN201820CE.NFO,07/01/2020,11:22:31,12.75,13.25,1200,13.65,1200,0,115200
ASIANPAINT30JAN201820CE.NFO,07/01/2020,11:22:40,12.75,13.25,600,13.65,1200,0,115200
ASIANPAINT30JAN201820CE.NFO,07/01/2020,11:22:44,12.75,13.2,600,13.65,1200,0,115200
ASIANPAINT30JAN201820CE.NFO,07/01/2020,11:22:47,12.75,13.2,1200,13.65,1200,0,115200
ASIANPAINT30JAN201820CE.NFO,07/01/2020,11:23:32,12.75,13.2,1800,13.7,600,0,115200
ASIANPAINT30JAN201820CE.NFO,07/01/2020,11:23:36,12.75,13.2,1800,13.7,1200,0,115200
ASIANPAINT30JAN201820CE.NFO,07/01/2020,11:23:49,12.75,13.2,1200,13.7,1200,0,115200
ASIANPAINT30JAN201820CE.NFO,07/01/2020,11:23:54,12.75,13.4,600,13.85,600,0,115200
ASIANPAINT30JAN201820CE.NFO,07/01/2020,11:23:59,12.75,13.45,1200,13.85,600,0,115200
ASIANPAINT30JAN201820CE.NFO,07/01/2020,11:24:05,12.75,13.45,600,13.85,600,0,115200
ASIANPAINT30JAN201820CE.NFO,07/01/2020,11:24:10,12.75,13.4,600,13.8,600,0,115200
ASIANPAINT30JAN201820CE.NFO,07/01/2020,11:24:16,12.75,13.4,1200,13.8,600,0,115200
ASIANPAINT30JAN201820CE.NFO,07/01/2020,11:24:21,12.75,13.35,1200,13.75,600,0,115200
ASIANPAINT30JAN201820CE.NFO,07/01/2020,11:24:26,12.75,13.35,1200,13.75,1200,0,115200
ASIANPAINT30JAN201820CE.NFO,07/01/2020,11:24:30,12.75,13.3,1200,13.8,600,0,115200
ASIANPAINT30JAN201820CE.NFO,07/01/2020,11:24:35,12.75,13.3,1800,13.85,600,0,115200
ASIANPAINT30JAN201820CE.NFO,07/01/2020,11:24:43,12.75,13.3,1200,13.8,1200,0,115200
ASIANPAINT30JAN201820CE.NFO,07/01/2020,11:25:10,13.3,13.3,1200,13.8,1200,1200,116400
ASIANPAINT30JAN201820CE.NFO,07/01/2020,11:25:15,13.3,13.3,1200,13.8,1200,600,116400
ASIANPAINT30JAN201820CE.NFO,07/01/2020,11:25:18,13.3,13.3,1200,13.8,1200,0,116400
ASIANPAINT30JAN201820CE.NFO,07/01/2020,11:25:23,13.3,13.05,1200,13.45,600,0,116400
ASIANPAINT30JAN201820CE.NFO,07/01/2020,11:25:29,13.3,13.05,1200,13.5,600,0,116400
ASIANPAINT30JAN201820CE.NFO,07/01/2020,11:25:42,13.3,13.05,1800,13.55,600,0,116400
ASIANPAINT30JAN201820CE.NFO,07/01/2020,11:25:55,13.3,13.05,1200,13.55,600,0,116400
ASIANPAINT30JAN201820CE.NFO,07/01/2020,11:26:02,13.3,13.2,600,13.8,1200,0,116400
ASIANPAINT30JAN201820CE.NFO,07/01/2020,11:26:08,13.3,13.3,600,13.8,1200,0,116400
ASIANPAINT30JAN201820CE.NFO,07/01/2020,11:26:31,13.3,13.3,600,13.85,600,0,116400
ASIANPAINT30JAN201820CE.NFO,07/01/2020,11:26:40,13.3,13.3,600,13.8,1200,0,116400
ASIANPAINT30JAN201820CE.NFO,07/01/2020,11:27:15,13.3,13.25,600,13.8,1200,0,116400
ASIANPAINT30JAN201820CE.NFO,07/01/2020,11:27:56,13.3,13.25,600,13.8,600,0,116400
ASIANPAINT30JAN201820CE.NFO,07/01/2020,11:27:59,13.3,13.25,600,13.7,600,0,116400
ASIANPAINT30JAN201820CE.NFO,07/01/2020,11:28:21,13.3,13.25,600,13.65,600,0,116400
ASIANPAINT30JAN201820CE.NFO,07/01/2020,11:29:10,13.3,13.25,600,13.75,600,0,116400
ASIANPAINT30JAN201820CE.NFO,07/01/2020,11:29:13,13.3,13.4,600,14.1,600,0,116400
ASIANPAINT30JAN201820CE.NFO,07/01/2020,11:29:17,13.3,13.4,600,14.05,600,0,116400
ASIANPAINT30JAN201820CE.NFO,07/01/2020,11:29:24,13.3,13.55,600,14.1,600,0,116400
ASIANPAINT30JAN201820CE.NFO,07/01/2020,11:29:27,13.3,13.65,600,14.2,600,0,116400
ASIANPAINT30JAN201820CE.NFO,07/01/2020,11:29:35,13.3,13.6,600,14.2,600,0,116400
ASIANPAINT30JAN201820CE.NFO,07/01/2020,11:29:54,13.3,13.55,600,14.2,600,0,116400
ASIANPAINT30JAN201820CE.NFO,07/01/2020,11:29:57,13.3,13.5,600,14.1,600,0,116400
ASIANPAINT30JAN201820CE.NFO,07/01/2020,11:30:01,13.3,13.45,600,13.95,600,0,116400
ASIANPAINT30JAN201820CE.NFO,07/01/2020,11:30:17,13.3,13.35,600,13.95,600,0,116400
ASIANPAINT30JAN201820CE.NFO,07/01/2020,11:30:20,13.3,13.3,600,13.85,600,0,116400
ASIANPAINT30JAN201820CE.NFO,07/01/2020,11:31:06,13.3,13.3,600,13.9,600,0,116400
ASIANPAINT30JAN201820CE.NFO,07/01/2020,11:31:11,13.3,13.3,600,13.95,600,0,116400
ASIANPAINT30JAN201820CE.NFO,07/01/2020,11:31:24,13.3,13.3,600,13.85,600,0,116400
ASIANPAINT30JAN201820CE.NFO,07/01/2020,11:31:32,13.3,13.3,2400,13.85,600,0,116400
ASIANPAINT30JAN201820CE.NFO,07/01/2020,11:31:35,13.3,13.3,2400,13.9,600,0,116400
ASIANPAINT30JAN201820CE.NFO,07/01/2020,11:31:38,13.3,13.3,600,13.9,600,0,116400
ASIANPAINT30JAN201820CE.NFO,07/01/2020,11:31:56,13.3,13.3,600,13.8,600,0,116400
ASIANPAINT30JAN201820CE.NFO,07/01/2020,11:32:07,13.3,13.3,600,13.85,600,0,116400
ASIANPAINT30JAN201820CE.NFO,07/01/2020,11:32:51,13.3,13.05,600,13.75,600,0,116400
ASIANPAINT30JAN201820CE.NFO,07/01/2020,11:32:58,13.3,13.05,2400,13.75,600,0,116400
ASIANPAINT30JAN201820CE.NFO,07/01/2020,11:33:01,13.3,13.05,600,13.75,600,0,116400
ASIANPAINT30JAN201820CE.NFO,07/01/2020,11:33:12,13.3,13.05,2400,13.75,600,0,116400
ASIANPAINT30JAN201820CE.NFO,07/01/2020,11:33:46,13.3,13.05,600,13.65,600,0,116400
ASIANPAINT30JAN201820CE.NFO,07/01/2020,11:33:50,13.3,13.05,600,13.7,600,0,116400
ASIANPAINT30JAN201820CE.NFO,07/01/2020,11:33:59,13.3,13.05,600,13.7,1200,0,116400
ASIANPAINT30JAN201820CE.NFO,07/01/2020,11:34:04,13.3,13.05,2400,13.75,600,0,116400
ASIANPAINT30JAN201820CE.NFO,07/01/2020,11:34:11,13.3,13.05,600,13.85,600,0,116400
ASIANPAINT30JAN201820CE.NFO,07/01/2020,11:34:17,13.3,13.05,600,14.05,600,0,116400
ASIANPAINT30JAN201820CE.NFO,07/01/2020,11:34:23,13.3,13.05,600,14,600,0,116400
ASIANPAINT30JAN201820CE.NFO,07/01/2020,11:34:29,13.3,13.05,600,14.2,600,0,116400
ASIANPAINT30JAN201820CE.NFO,07/01/2020,11:34:36,13.3,13.05,600,13.9,600,0,116400
ASIANPAINT30JAN201820CE.NFO,07/01/2020,11:34:42,13.3,13.05,600,14.25,600,0,116400
ASIANPAINT30JAN201820CE.NFO,07/01/2020,11:34:47,13.3,13.05,600,14.1,1200,0,116400
ASIANPAINT30JAN201820CE.NFO,07/01/2020,11:34:53,13.3,13.05,600,13.9,600,0,116400
ASIANPAINT30JAN201820CE.NFO,07/01/2020,11:34:58,13.3,13.05,600,13.95,600,0,116400
ASIANPAINT30JAN201820CE.NFO,07/01/2020,11:35:04,13.3,13.05,600,13.9,600,0,116400
ASIANPAINT30JAN201820CE.NFO,07/01/2020,11:35:09,13.3,13.05,600,14,600,0,116400
ASIANPAINT30JAN201820CE.NFO,07/01/2020,11:35:20,13.3,13.05,600,14.2,600,0,116400
ASIANPAINT30JAN201820CE.NFO,07/01/2020,11:35:26,13.3,13.05,600,14.05,600,0,116400
ASIANPAINT30JAN201820CE.NFO,07/01/2020,11:35:31,13.3,13.2,600,14.2,600,0,116400
ASIANPAINT30JAN201820CE.NFO,07/01/2020,11:35:36,13.3,13.2,2400,14.2,600,0,116400
ASIANPAINT30JAN201820CE.NFO,07/01/2020,11:35:41,13.3,13.2,2400,14.1,600,0,116400
ASIANPAINT30JAN201820CE.NFO,07/01/2020,11:35:46,13.3,13.2,2400,14.15,600,0,116400
ASIANPAINT30JAN201820CE.NFO,07/01/2020,11:35:51,13.3,13.2,600,14.15,600,0,116400
ASIANPAINT30JAN201820CE.NFO,07/01/2020,11:35:55,13.3,13.2,600,14.05,600,0,116400
ASIANPAINT30JAN201820CE.NFO,07/01/2020,11:36:00,13.3,13.2,600,14,1200,0,116400
ASIANPAINT30JAN201820CE.NFO,07/01/2020,11:36:06,13.3,13.2,600,14,600,0,116400
ASIANPAINT30JAN201820CE.NFO,07/01/2020,11:36:28,13.3,13.2,600,14,1200,0,116400
ASIANPAINT30JAN201820CE.NFO,07/01/2020,11:36:33,13.3,13.2,600,14,600,0,116400
ASIANPAINT30JAN201820CE.NFO,07/01/2020,11:36:38,13.3,13.2,600,13.95,600,0,116400
ASIANPAINT30JAN201820CE.NFO,07/01/2020,11:36:55,13.3,13.2,2400,13.8,600,0,116400
ASIANPAINT30JAN201820CE.NFO,07/01/2020,11:37:01,13.3,13.2,600,13.8,600,0,116400
ASIANPAINT30JAN201820CE.NFO,07/01/2020,11:37:10,13.3,13.2,600,13.85,600,0,116400
ASIANPAINT30JAN201820CE.NFO,07/01/2020,11:37:18,13.3,13.2,600,13.85,1200,0,116400
ASIANPAINT30JAN201820CE.NFO,07/01/2020,11:37:22,13.3,13.2,600,13.9,1200,0,116400
ASIANPAINT30JAN201820CE.NFO,07/01/2020,11:37:27,13.3,13.2,600,13.9,600,0,116400
ASIANPAINT30JAN201820CE.NFO,07/01/2020,11:37:37,13.3,13.2,600,14,600,0,116400
ASIANPAINT30JAN201820CE.NFO,07/01/2020,11:37:42,13.3,13.2,600,13.9,600,0,116400
ASIANPAINT30JAN201820CE.NFO,07/01/2020,11:37:47,13.3,13.2,600,13.9,1200,0,116400
ASIANPAINT30JAN201820CE.NFO,07/01/2020,11:37:52,13.3,13.2,600,13.85,600,0,116400
ASIANPAINT30JAN201820CE.NFO,07/01/2020,11:37:56,13.3,13.2,600,13.9,600,0,116400
ASIANPAINT30JAN201820CE.NFO,07/01/2020,11:38:03,13.3,13.2,600,13.95,600,0,116400
ASIANPAINT30JAN201820CE.NFO,07/01/2020,11:38:07,13.3,13.2,600,13.95,1200,0,116400
ASIANPAINT30JAN201820CE.NFO,07/01/2020,11:38:11,13.3,13.2,600,14.05,1200,0,116400
ASIANPAINT30JAN201820CE.NFO,07/01/2020,11:38:15,13.3,13.2,600,14.05,600,0,116400
ASIANPAINT30JAN201820CE.NFO,07/01/2020,11:38:19,13.3,13.2,600,14,1200,0,116400
ASIANPAINT30JAN201820CE.NFO,07/01/2020,11:38:23,13.3,13.2,600,13.95,600,0,116400
ASIANPAINT30JAN201820CE.NFO,07/01/2020,11:38:30,13.3,13.2,600,13.9,600,0,116400
ASIANPAINT30JAN201820CE.NFO,07/01/2020,11:38:44,13.3,13.2,600,13.85,600,0,116400
ASIANPAINT30JAN201820CE.NFO,07/01/2020,11:38:48,13.3,13.2,600,13.9,600,0,116400
ASIANPAINT30JAN201820CE.NFO,07/01/2020,11:38:52,13.3,13.2,600,14,600,0,116400
ASIANPAINT30JAN201820CE.NFO,07/01/2020,11:38:56,13.3,13.2,600,13.95,600,0,116400
ASIANPAINT30JAN201820CE.NFO,07/01/2020,11:39:00,13.3,13.2,600,13.95,1200,0,116400
ASIANPAINT30JAN201820CE.NFO,07/01/2020,11:39:04,13.3,13.2,600,13.95,600,0,116400
ASIANPAINT30JAN201820CE.NFO,07/01/2020,11:39:08,13.3,13.2,600,14.25,600,0,116400
ASIANPAINT30JAN201820CE.NFO,07/01/2020,11:39:11,13.3,13.2,600,14,1200,0,116400
ASIANPAINT30JAN201820CE.NFO,07/01/2020,11:39:14,13.3,13.2,600,13.95,600,0,116400
ASIANPAINT30JAN201820CE.NFO,07/01/2020,11:39:18,13.3,13.2,600,13.85,600,0,116400
ASIANPAINT30JAN201820CE.NFO,07/01/2020,11:39:21,13.3,13.2,600,13.9,600,0,116400
ASIANPAINT30JAN201820CE.NFO,07/01/2020,11:39:25,13.3,13.2,600,13.9,1200,0,116400
ASIANPAINT30JAN201820CE.NFO,07/01/2020,11:39:28,13.3,13.2,600,13.95,600,0,116400
ASIANPAINT30JAN201820CE.NFO,07/01/2020,11:39:32,13.3,13.35,600,13.95,600,0,116400
ASIANPAINT30JAN201820CE.NFO,07/01/2020,11:39:40,13.3,13.35,600,13.95,1200,0,116400
ASIANPAINT30JAN201820CE.NFO,07/01/2020,11:39:44,13.3,13.35,600,13.95,600,0,116400
ASIANPAINT30JAN201820CE.NFO,07/01/2020,11:39:49,13.3,13.35,600,13.9,1200,0,116400
ASIANPAINT30JAN201820CE.NFO,07/01/2020,11:39:56,13.3,13.35,2400,13.9,600,0,116400
ASIANPAINT30JAN201820CE.NFO,07/01/2020,11:40:03,13.3,13.35,600,13.9,600,0,116400
ASIANPAINT30JAN201820CE.NFO,07/01/2020,11:40:12,13.3,13.35,600,13.9,1200,0,116400
ASIANPAINT30JAN201820CE.NFO,07/01/2020,11:40:20,13.3,13.35,600,13.75,600,0,116400
ASIANPAINT30JAN201820CE.NFO,07/01/2020,11:40:24,13.3,13.35,600,13.8,1200,0,116400
ASIANPAINT30JAN201820CE.NFO,07/01/2020,11:40:46,13.3,13.35,600,13.5,600,0,116400
ASIANPAINT30JAN201820CE.NFO,07/01/2020,11:41:02,13.3,13.15,600,13.5,600,0,116400
ASIANPAINT30JAN201820CE.NFO,07/01/2020,11:41:11,13.3,13.05,600,13.4,1200,0,116400
ASIANPAINT30JAN201820CE.NFO,07/01/2020,11:41:14,13.3,13.05,600,13.45,600,0,116400
ASIANPAINT30JAN201820CE.NFO,07/01/2020,11:41:18,13.3,13.05,600,13.5,1800,0,116400
ASIANPAINT30JAN201820CE.NFO,07/01/2020,11:41:21,13.3,13.05,600,13.5,1200,0,116400
ASIANPAINT30JAN201820CE.NFO,07/01/2020,11:41:26,13.3,13.05,600,13.5,1800,0,116400
ASIANPAINT30JAN201820CE.NFO,07/01/2020,11:41:43,13.3,13,1200,13.4,1200,0,116400
ASIANPAINT30JAN201820CE.NFO,07/01/2020,11:41:45,13.3,13,1200,13.45,600,0,116400
ASIANPAINT30JAN201820CE.NFO,07/01/2020,11:41:48,13.3,13,1200,13.4,1200,0,116400
ASIANPAINT30JAN201820CE.NFO,07/01/2020,11:41:52,13.3,13,1200,13.35,600,0,116400
ASIANPAINT30JAN201820CE.NFO,07/01/2020,11:41:56,13.3,13,600,13.3,600,0,116400
ASIANPAINT30JAN201820CE.NFO,07/01/2020,11:42:00,13.3,13,1200,13.3,600,0,116400
ASIANPAINT30JAN201820CE.NFO,07/01/2020,11:42:04,13.3,12.95,600,13.4,1200,0,116400
ASIANPAINT30JAN201820CE.NFO,07/01/2020,11:42:21,13.3,12.4,2400,13.25,600,0,116400
ASIANPAINT30JAN201820CE.NFO,07/01/2020,11:42:28,13.3,12.4,600,13.25,600,0,116400
ASIANPAINT30JAN201820CE.NFO,07/01/2020,11:42:42,13.3,12.4,600,13.25,1200,0,116400
ASIANPAINT30JAN201820CE.NFO,07/01/2020,11:42:46,13.3,12.4,600,13.25,600,0,116400
ASIANPAINT30JAN201820CE.NFO,07/01/2020,11:42:55,13.3,12.4,600,13.2,1200,0,116400
ASIANPAINT30JAN201820CE.NFO,07/01/2020,11:43:00,13.3,12.4,600,13.2,600,0,116400
ASIANPAINT30JAN201820CE.NFO,07/01/2020,11:43:07,13.3,12.4,600,13.2,1800,0,116400
ASIANPAINT30JAN201820CE.NFO,07/01/2020,11:43:17,13.3,12.4,600,13.2,1200,0,116400
ASIANPAINT30JAN201820CE.NFO,07/01/2020,11:43:21,13.3,12.4,600,13.2,600,0,116400
ASIANPAINT30JAN201820CE.NFO,07/01/2020,11:43:29,13.3,12.4,600,13.15,600,0,116400
ASIANPAINT30JAN201820CE.NFO,07/01/2020,11:43:32,13.3,12.4,600,13.2,1200,0,116400
ASIANPAINT30JAN201820CE.NFO,07/01/2020,11:43:38,13.3,12.4,2400,13.2,1200,0,116400
ASIANPAINT30JAN201820CE.NFO,07/01/2020,11:43:45,13.3,12.4,2400,13.15,600,0,116400
ASIANPAINT30JAN201820CE.NFO,07/01/2020,11:43:52,13.3,12.4,600,13.1,600,0,116400
ASIANPAINT30JAN201820CE.NFO,07/01/2020,11:44:10,13.3,12.4,600,13.35,1200,0,116400
ASIANPAINT30JAN201820CE.NFO,07/01/2020,11:44:13,13.3,12.4,600,13.25,600,0,116400
ASIANPAINT30JAN201820CE.NFO,07/01/2020,11:44:17,13.3,12.4,600,13.2,1200,0,116400
ASIANPAINT30JAN201820CE.NFO,07/01/2020,11:44:28,13.3,12.4,600,13.2,600,0,116400
ASIANPAINT30JAN201820CE.NFO,07/01/2020,11:44:31,13.3,12.4,600,13.2,1200,0,116400
ASIANPAINT30JAN201820CE.NFO,07/01/2020,11:45:03,13.3,12.4,600,13.15,600,0,116400
ASIANPAINT30JAN201820CE.NFO,07/01/2020,11:45:06,13.3,12.4,600,13.1,600,0,116400
ASIANPAINT30JAN201820CE.NFO,07/01/2020,11:45:10,13.3,12.4,600,13.2,1200,0,116400
ASIANPAINT30JAN201820CE.NFO,07/01/2020,11:45:12,13.3,12.4,600,13.15,1200,0,116400
ASIANPAINT30JAN201820CE.NFO,07/01/2020,11:45:15,13.3,12.4,600,13.1,600,0,116400
ASIANPAINT30JAN201820CE.NFO,07/01/2020,11:45:17,13.3,12.4,600,13.1,1200,0,116400
ASIANPAINT30JAN201820CE.NFO,07/01/2020,11:45:21,13.3,12.4,600,13,600,0,116400
ASIANPAINT30JAN201820CE.NFO,07/01/2020,11:45:25,13.3,12.4,600,13.1,1200,0,116400
ASIANPAINT30JAN201820CE.NFO,07/01/2020,11:45:27,13.3,12.4,600,13.2,1200,0,116400
ASIANPAINT30JAN201820CE.NFO,07/01/2020,11:45:35,13.3,12.4,600,13.1,600,0,116400
ASIANPAINT30JAN201820CE.NFO,07/01/2020,11:45:53,13.3,12.4,600,13.15,600,0,116400
ASIANPAINT30JAN201820CE.NFO,07/01/2020,11:46:07,13.3,12.4,600,13.1,600,0,116400
ASIANPAINT30JAN201820CE.NFO,07/01/2020,11:46:19,13.3,12.4,600,13.05,600,0,116400
ASIANPAINT30JAN201820CE.NFO,07/01/2020,11:46:22,13.3,12.4,600,13.1,1200,0,116400
ASIANPAINT30JAN201820CE.NFO,07/01/2020,11:46:40,13.3,12.4,600,13,600,0,116400
ASIANPAINT30JAN201820CE.NFO,07/01/2020,11:47:08,13.3,12.4,600,13,1200,0,116400
ASIANPAINT30JAN201820CE.NFO,07/01/2020,11:47:11,13.3,12.4,600,13,600,0,116400
ASIANPAINT30JAN201820CE.NFO,07/01/2020,11:47:14,13.3,12.4,600,13.05,600,0,116400
ASIANPAINT30JAN201820CE.NFO,07/01/2020,11:47:32,13.3,12.4,600,13,600,0,116400
ASIANPAINT30JAN201820CE.NFO,07/01/2020,11:47:58,13.3,12.4,600,13.05,600,0,116400
ASIANPAINT30JAN201820CE.NFO,07/01/2020,11:48:05,13.3,12.4,600,13,600,0,116400
ASIANPAINT30JAN201820CE.NFO,07/01/2020,11:48:39,13.3,12.4,600,12.95,600,0,116400
ASIANPAINT30JAN201820CE.NFO,07/01/2020,11:48:58,13.3,12.4,600,12.9,600,0,116400
ASIANPAINT30JAN201820CE.NFO,07/01/2020,11:49:01,13.3,12.4,600,12.95,600,0,116400
ASIANPAINT30JAN201820CE.NFO,07/01/2020,11:49:25,13.3,12.4,600,13.05,600,0,116400
ASIANPAINT30JAN201820CE.NFO,07/01/2020,11:49:28,13.3,12.4,600,12.95,600,0,116400
ASIANPAINT30JAN201820CE.NFO,07/01/2020,11:49:31,13.3,12.4,600,13,600,0,116400
ASIANPAINT30JAN201820CE.NFO,07/01/2020,11:49:37,13.3,12.4,600,12.95,600,0,116400
ASIANPAINT30JAN201820CE.NFO,07/01/2020,11:49:42,12.95,12.95,600,13.05,600,1800,114600
ASIANPAINT30JAN201820CE.NFO,07/01/2020,11:49:45,12.95,12.95,600,13.05,600,0,114600
ASIANPAINT30JAN201820CE.NFO,07/01/2020,11:49:50,12.95,12.95,600,13.05,1200,0,114600
ASIANPAINT30JAN201820CE.NFO,07/01/2020,11:49:58,12.95,12.95,600,13.05,600,0,114600
ASIANPAINT30JAN201820CE.NFO,07/01/2020,11:50:02,12.95,12.95,600,13.15,600,0,114600
ASIANPAINT30JAN201820CE.NFO,07/01/2020,11:50:14,12.95,12.95,600,13.1,600,0,114600
ASIANPAINT30JAN201820CE.NFO,07/01/2020,11:50:51,13.1,12.95,600,13.2,600,600,115800
ASIANPAINT30JAN201820CE.NFO,07/01/2020,11:50:54,13.1,12.95,600,13.2,600,0,115800
ASIANPAINT30JAN201820CE.NFO,07/01/2020,11:51:02,13.1,12.95,600,13.15,600,0,115800
ASIANPAINT30JAN201820CE.NFO,07/01/2020,11:51:06,13.1,12.95,600,13.05,600,0,115800
ASIANPAINT30JAN201820CE.NFO,07/01/2020,11:52:35,12.95,12.65,600,13,3000,600,115800
ASIANPAINT30JAN201820CE.NFO,07/01/2020,11:52:38,12.95,12.65,600,13,3000,0,115800
ASIANPAINT30JAN201820CE.NFO,07/01/2020,11:52:52,12.95,12.65,600,13,600,0,115800
ASIANPAINT30JAN201820CE.NFO,07/01/2020,11:53:39,12.95,12.6,600,13,600,0,115800
ASIANPAINT30JAN201820CE.NFO,07/01/2020,11:54:19,12.95,12.6,1200,13,600,0,115800
ASIANPAINT30JAN201820CE.NFO,07/01/2020,11:54:25,12.95,12.55,600,12.9,600,0,115800
ASIANPAINT30JAN201820CE.NFO,07/01/2020,11:54:37,12.95,12.6,600,12.9,600,0,115800
ASIANPAINT30JAN201820CE.NFO,07/01/2020,11:54:46,12.95,12.6,1200,12.9,600,0,115800
ASIANPAINT30JAN201820CE.NFO,07/01/2020,11:54:54,12.95,12.6,600,12.9,600,0,115800
ASIANPAINT30JAN201820CE.NFO,07/01/2020,11:54:58,12.95,12.7,600,12.8,2400,0,115800
ASIANPAINT30JAN201820CE.NFO,07/01/2020,11:55:02,12.95,12.6,600,12.8,2400,0,115800
ASIANPAINT30JAN201820CE.NFO,07/01/2020,11:55:21,12.6,12.5,600,12.85,600,2400,115800
ASIANPAINT30JAN201820CE.NFO,07/01/2020,11:55:25,12.6,12.5,600,12.85,600,0,115800
ASIANPAINT30JAN201820CE.NFO,07/01/2020,11:55:34,12.6,12.5,600,12.9,600,0,115800
ASIANPAINT30JAN201820CE.NFO,07/01/2020,11:56:05,12.6,12.25,600,12.8,1200,0,115800
ASIANPAINT30JAN201820CE.NFO,07/01/2020,11:56:31,12.6,12.35,600,12.85,600,0,115800
ASIANPAINT30JAN201820CE.NFO,07/01/2020,11:56:40,12.6,12.35,600,12.9,600,0,115800
ASIANPAINT30JAN201820CE.NFO,07/01/2020,11:56:49,12.6,12.35,600,12.85,1800,0,115800
ASIANPAINT30JAN201820CE.NFO,07/01/2020,11:56:52,12.6,12.35,600,12.85,600,0,115800
ASIANPAINT30JAN201820CE.NFO,07/01/2020,11:56:54,12.6,12.35,600,12.8,1200,0,115800
ASIANPAINT30JAN201820CE.NFO,07/01/2020,11:57:00,12.6,12.35,600,12.8,600,0,115800
ASIANPAINT30JAN201820CE.NFO,07/01/2020,11:57:12,12.6,12.35,600,12.85,600,0,115800
ASIANPAINT30JAN201820CE.NFO,07/01/2020,11:57:15,12.6,12.35,600,12.8,600,0,115800
ASIANPAINT30JAN201820CE.NFO,07/01/2020,11:57:17,12.6,12.35,600,12.85,600,0,115800
ASIANPAINT30JAN201820CE.NFO,07/01/2020,11:57:51,12.6,12.35,600,12.85,1200,0,115800
ASIANPAINT30JAN201820CE.NFO,07/01/2020,11:57:54,12.6,12.35,600,12.8,600,0,115800
ASIANPAINT30JAN201820CE.NFO,07/01/2020,11:57:57,12.6,12.35,600,12.85,600,0,115800
ASIANPAINT30JAN201820CE.NFO,07/01/2020,11:58:00,12.6,12.35,600,12.8,1200,0,115800
ASIANPAINT30JAN201820CE.NFO,07/01/2020,11:58:03,12.6,12.35,600,12.85,1200,0,115800
ASIANPAINT30JAN201820CE.NFO,07/01/2020,11:58:18,12.6,12.35,600,12.9,600,0,115800
ASIANPAINT30JAN201820CE.NFO,07/01/2020,11:58:20,12.6,12.35,600,12.85,600,0,115800
ASIANPAINT30JAN201820CE.NFO,07/01/2020,11:58:30,12.6,12.35,1200,12.95,600,0,115800
ASIANPAINT30JAN201820CE.NFO,07/01/2020,11:58:33,12.6,12.35,1200,12.9,600,0,115800
ASIANPAINT30JAN201820CE.NFO,07/01/2020,11:58:39,12.6,12.35,600,12.9,600,0,115800
ASIANPAINT30JAN201820CE.NFO,07/01/2020,11:58:48,12.6,12.35,1200,12.9,600,0,115800
ASIANPAINT30JAN201820CE.NFO,07/01/2020,11:59:03,12.6,12.35,1200,12.95,600,0,115800
ASIANPAINT30JAN201820CE.NFO,07/01/2020,11:59:10,12.6,12.35,1200,12.9,600,0,115800
ASIANPAINT30JAN201820CE.NFO,07/01/2020,11:59:16,12.6,12.35,1200,12.95,600,0,115800
ASIANPAINT30JAN201820CE.NFO,07/01/2020,11:59:42,12.6,12.35,1200,12.9,600,0,115800
ASIANPAINT30JAN201820CE.NFO,07/01/2020,11:59:52,12.6,12.35,1200,12.95,600,0,115800
ASIANPAINT30JAN201820CE.NFO,07/01/2020,12:00:01,12.6,12.35,1200,12.9,600,0,115800
ASIANPAINT30JAN201820CE.NFO,07/01/2020,12:00:21,12.6,12.35,1200,13.05,1800,0,115800
ASIANPAINT30JAN201820CE.NFO,07/01/2020,12:01:23,12.6,12.35,600,13.05,1800,0,115800
ASIANPAINT30JAN201820CE.NFO,07/01/2020,12:02:38,12.6,12.45,600,13.1,1200,0,115800
ASIANPAINT30JAN201820CE.NFO,07/01/2020,12:02:44,12.6,12.45,600,13.1,600,0,115800
ASIANPAINT30JAN201820CE.NFO,07/01/2020,12:02:50,12.6,12.45,600,13,600,0,115800
ASIANPAINT30JAN201820CE.NFO,07/01/2020,12:02:55,12.6,12.45,600,12.95,600,0,115800
ASIANPAINT30JAN201820CE.NFO,07/01/2020,12:03:11,12.6,12.45,600,13.05,600,0,115800
ASIANPAINT30JAN201820CE.NFO,07/01/2020,12:03:15,12.6,12.55,600,13.1,600,0,115800
ASIANPAINT30JAN201820CE.NFO,07/01/2020,12:03:22,12.6,12.55,600,13.05,600,0,115800
ASIANPAINT30JAN201820CE.NFO,07/01/2020,12:03:26,12.6,12.55,600,13,600,0,115800
ASIANPAINT30JAN201820CE.NFO,07/01/2020,12:03:42,12.6,12.55,600,13.05,600,0,115800
ASIANPAINT30JAN201820CE.NFO,07/01/2020,12:03:45,12.6,12.55,600,13,600,0,115800
ASIANPAINT30JAN201820CE.NFO,07/01/2020,12:03:55,12.6,12.55,600,13.05,600,0,115800
ASIANPAINT30JAN201820CE.NFO,07/01/2020,12:03:58,12.6,12.55,600,13,600,0,115800
ASIANPAINT30JAN201820CE.NFO,07/01/2020,12:04:04,12.6,12.55,600,12.95,600,0,115800
ASIANPAINT30JAN201820CE.NFO,07/01/2020,12:04:16,12.6,12.55,600,13,600,0,115800
ASIANPAINT30JAN201820CE.NFO,07/01/2020,12:04:19,12.6,12.55,600,12.95,600,0,115800
ASIANPAINT30JAN201820CE.NFO,07/01/2020,12:04:22,12.6,12.55,600,13.05,600,0,115800
ASIANPAINT30JAN201820CE.NFO,07/01/2020,12:04:24,12.6,12.55,600,13,600,0,115800
ASIANPAINT30JAN201820CE.NFO,07/01/2020,12:04:54,12.6,12.55,600,12.95,600,0,115800
ASIANPAINT30JAN201820CE.NFO,07/01/2020,12:04:57,12.6,12.55,600,13.05,600,0,115800
ASIANPAINT30JAN201820CE.NFO,07/01/2020,12:04:59,12.6,12.55,1200,13.15,600,0,115800
ASIANPAINT30JAN201820CE.NFO,07/01/2020,12:05:02,12.6,12.55,600,13.05,600,0,115800
ASIANPAINT30JAN201820CE.NFO,07/01/2020,12:05:06,12.6,12.55,600,13,600,0,115800
ASIANPAINT30JAN201820CE.NFO,07/01/2020,12:05:10,12.6,12.55,600,12.95,600,0,115800
