Ticker,Date,Time,LTP,BuyPrice,BuyQty,SellPrice,SellQty,LTQ,OpenInterest
ASIANPAINT30JAN201800CE.NFO,07/01/2020,09:15:16,17.9,18.9,600,20,1200,4800,136200
ASIANPAINT30JAN201800CE.NFO,07/01/2020,09:15:16,19,18.9,600,20,1200,0,136200
ASIANPAINT30JAN201800CE.NFO,07/01/2020,09:15:16,19,18.9,600,20,1200,0,136200
ASIANPAINT30JAN201800CE.NFO,07/01/2020,09:15:16,17.9,18.9,600,20,1200,0,136200
ASIANPAINT30JAN201800CE.NFO,07/01/2020,09:15:28,20.15,20,600,21.5,600,1800,136200
ASIANPAINT30JAN201800CE.NFO,07/01/2020,09:15:28,20.15,20,600,21.5,600,0,136200
ASIANPAINT30JAN201800CE.NFO,07/01/2020,09:15:39,19.6,19,1800,21.05,600,1200,136200
ASIANPAINT30JAN201800CE.NFO,07/01/2020,09:15:52,21.8,19.85,600,21.4,600,1800,136200
ASIANPAINT30JAN201800CE.NFO,07/01/2020,09:15:52,21.8,19.85,600,21.4,600,0,136200
ASIANPAINT30JAN201800CE.NFO,07/01/2020,09:16:03,20.4,19.65,600,21.2,600,1200,136200
ASIANPAINT30JAN201800CE.NFO,07/01/2020,09:16:14,20.4,20.5,600,21.55,600,600,136200
ASIANPAINT30JAN201800CE.NFO,07/01/2020,09:16:23,20.5,20.05,600,21,1200,600,136200
ASIANPAINT30JAN201800CE.NFO,07/01/2020,09:16:33,20.5,20,600,20.9,600,0,136200
ASIANPAINT30JAN201800CE.NFO,07/01/2020,09:16:42,20,19,600,20,600,600,136200
ASIANPAINT30JAN201800CE.NFO,07/01/2020,09:16:51,20,19.3,600,20,600,0,136200
ASIANPAINT30JAN201800CE.NFO,07/01/2020,09:17:00,20,19,600,20,1800,0,136200
ASIANPAINT30JAN201800CE.NFO,07/01/2020,09:17:08,20,19.05,600,20,2400,0,136200
ASIANPAINT30JAN201800CE.NFO,07/01/2020,09:17:16,19.65,19.95,600,21.55,600,2400,133800
ASIANPAINT30JAN201800CE.NFO,07/01/2020,09:17:25,19.65,19.1,1200,20.65,600,0,133800
ASIANPAINT30JAN201800CE.NFO,07/01/2020,09:17:33,20.45,19.4,600,21.3,600,600,133800
ASIANPAINT30JAN201800CE.NFO,07/01/2020,09:17:43,20.45,19.75,600,20.65,600,0,133800
ASIANPAINT30JAN201800CE.NFO,07/01/2020,09:17:51,20.45,19.55,1200,20.45,1200,0,133800
ASIANPAINT30JAN201800CE.NFO,07/01/2020,09:17:59,20.45,19.2,600,20.4,600,0,133800
ASIANPAINT30JAN201800CE.NFO,07/01/2020,09:18:07,19.55,19.2,600,20.15,1200,600,133800
ASIANPAINT30JAN201800CE.NFO,07/01/2020,09:18:12,19.55,19.2,1200,20.25,600,0,133800
ASIANPAINT30JAN201800CE.NFO,07/01/2020,09:18:14,19.55,19.2,600,20.25,600,0,133800
ASIANPAINT30JAN201800CE.NFO,07/01/2020,09:18:15,19.55,19.2,1200,20.25,600,0,133800
ASIANPAINT30JAN201800CE.NFO,07/01/2020,09:18:16,19.55,19.2,2400,20.25,600,0,133800
ASIANPAINT30JAN201800CE.NFO,07/01/2020,09:18:18,19.55,19.2,1200,20.25,600,0,133800
ASIANPAINT30JAN201800CE.NFO,07/01/2020,09:18:19,19.55,19.2,1800,20.3,600,0,133800
ASIANPAINT30JAN201800CE.NFO,07/01/2020,09:18:21,19.55,19.45,600,20.3,600,0,133800
ASIANPAINT30JAN201800CE.NFO,07/01/2020,09:18:23,19.55,19.45,600,20.35,600,0,133800
ASIANPAINT30JAN201800CE.NFO,07/01/2020,09:18:28,19.55,19.45,600,20.3,1200,0,133800
ASIANPAINT30JAN201800CE.NFO,07/01/2020,09:18:30,19.55,19.4,1800,20.3,1200,0,133800
ASIANPAINT30JAN201800CE.NFO,07/01/2020,09:18:33,19.55,19.25,600,20.05,600,0,133800
ASIANPAINT30JAN201800CE.NFO,07/01/2020,09:18:34,19.55,19.1,600,20.3,600,0,133800
ASIANPAINT30JAN201800CE.NFO,07/01/2020,09:18:35,19.55,19.05,600,20.05,600,0,133800
ASIANPAINT30JAN201800CE.NFO,07/01/2020,09:18:36,19.55,19.05,600,20.1,600,0,133800
ASIANPAINT30JAN201800CE.NFO,07/01/2020,09:18:37,19.55,19.05,1200,20.1,600,0,133800
ASIANPAINT30JAN201800CE.NFO,07/01/2020,09:18:39,19.55,19.05,600,20,600,0,133800
ASIANPAINT30JAN201800CE.NFO,07/01/2020,09:18:40,19.55,19.25,600,20.15,1200,0,133800
ASIANPAINT30JAN201800CE.NFO,07/01/2020,09:18:41,19.55,19.25,1200,20.35,600,0,133800
ASIANPAINT30JAN201800CE.NFO,07/01/2020,09:18:42,19.55,19.3,600,20.3,600,0,133800
ASIANPAINT30JAN201800CE.NFO,07/01/2020,09:18:45,19.55,19.4,600,20.35,600,0,133800
ASIANPAINT30JAN201800CE.NFO,07/01/2020,09:18:46,19.55,19.45,1200,20.3,1200,0,133800
ASIANPAINT30JAN201800CE.NFO,07/01/2020,09:18:47,19.55,19.25,600,20.1,1200,0,133800
ASIANPAINT30JAN201800CE.NFO,07/01/2020,09:18:48,19.55,19.25,600,20.3,1200,0,133800
ASIANPAINT30JAN201800CE.NFO,07/01/2020,09:18:52,19.55,19.1,600,19.95,600,0,133800
ASIANPAINT30JAN201800CE.NFO,07/01/2020,09:18:53,19.55,19.1,1200,19.95,600,0,133800
ASIANPAINT30JAN201800CE.NFO,07/01/2020,09:18:54,19.55,19.1,600,19.95,600,0,133800
ASIANPAINT30JAN201800CE.NFO,07/01/2020,09:18:55,19.55,19.1,1200,19.95,600,0,133800
ASIANPAINT30JAN201800CE.NFO,07/01/2020,09:18:57,19.55,19.1,1200,20,600,0,133800
ASIANPAINT30JAN201800CE.NFO,07/01/2020,09:18:58,19.55,19.1,600,19.9,600,0,133800
ASIANPAINT30JAN201800CE.NFO,07/01/2020,09:18:59,19.55,19.1,1200,19.95,600,0,133800
ASIANPAINT30JAN201800CE.NFO,07/01/2020,09:19:01,19.55,19.1,1800,20,600,0,133800
ASIANPAINT30JAN201800CE.NFO,07/01/2020,09:19:02,19.55,19.1,1800,20,1200,0,133800
ASIANPAINT30JAN201800CE.NFO,07/01/2020,09:19:04,19.55,19.15,600,20,600,0,133800
ASIANPAINT30JAN201800CE.NFO,07/01/2020,09:19:05,19.55,19.1,1200,19.95,600,0,133800
ASIANPAINT30JAN201800CE.NFO,07/01/2020,09:19:06,19.55,19.15,600,19.95,1800,0,133800
ASIANPAINT30JAN201800CE.NFO,07/01/2020,09:19:07,19.55,19.15,1200,19.95,1800,0,133800
ASIANPAINT30JAN201800CE.NFO,07/01/2020,09:19:08,19.55,19.15,600,19.95,1200,0,133800
ASIANPAINT30JAN201800CE.NFO,07/01/2020,09:19:09,19.55,19.15,1200,19.9,600,0,133800
ASIANPAINT30JAN201800CE.NFO,07/01/2020,09:19:10,19.55,19.2,1200,19.95,600,0,133800
ASIANPAINT30JAN201800CE.NFO,07/01/2020,09:19:11,19.55,19.3,600,20,1200,0,133800
ASIANPAINT30JAN201800CE.NFO,07/01/2020,09:19:16,19.55,19.25,600,19.85,600,0,133800
ASIANPAINT30JAN201800CE.NFO,07/01/2020,09:19:24,19.55,19.25,600,19.95,600,0,133800
ASIANPAINT30JAN201800CE.NFO,07/01/2020,09:19:32,19.55,19.15,1800,20,600,0,133800
ASIANPAINT30JAN201800CE.NFO,07/01/2020,09:19:39,19.55,19.15,600,19.9,1200,0,133800
ASIANPAINT30JAN201800CE.NFO,07/01/2020,09:19:47,19.5,19.05,1200,19.85,600,600,133800
ASIANPAINT30JAN201800CE.NFO,07/01/2020,09:19:55,19.5,19,600,19.85,600,0,133800
ASIANPAINT30JAN201800CE.NFO,07/01/2020,09:20:03,19.5,19.05,1200,19.85,1200,0,133800
ASIANPAINT30JAN201800CE.NFO,07/01/2020,09:20:35,19.5,19.05,600,19.55,600,600,133200
ASIANPAINT30JAN201800CE.NFO,07/01/2020,09:20:42,19.5,19.1,600,19.55,600,0,133200
ASIANPAINT30JAN201800CE.NFO,07/01/2020,09:20:50,19.5,19.3,1200,19.9,600,0,133200
ASIANPAINT30JAN201800CE.NFO,07/01/2020,09:21:05,19.5,19.3,1200,19.9,1800,0,133200
ASIANPAINT30JAN201800CE.NFO,07/01/2020,09:21:12,19.5,19.5,600,19.9,1200,600,133200
ASIANPAINT30JAN201800CE.NFO,07/01/2020,09:21:20,19.5,19.5,600,19.9,1200,0,133200
ASIANPAINT30JAN201800CE.NFO,07/01/2020,09:21:42,19.6,19.55,600,20,1800,3000,133200
ASIANPAINT30JAN201800CE.NFO,07/01/2020,09:21:49,19.6,19.55,600,20,1800,0,133200
ASIANPAINT30JAN201800CE.NFO,07/01/2020,09:22:02,19.5,19.35,600,19.95,1200,600,133200
ASIANPAINT30JAN201800CE.NFO,07/01/2020,09:22:10,19.5,19.55,1200,20,1800,0,133200
ASIANPAINT30JAN201800CE.NFO,07/01/2020,09:22:18,19.5,19.55,600,19.95,600,0,133200
ASIANPAINT30JAN201800CE.NFO,07/01/2020,09:22:25,19.55,19.55,600,19.95,600,600,133200
ASIANPAINT30JAN201800CE.NFO,07/01/2020,09:22:32,19.55,19.55,600,19.95,600,0,133200
ASIANPAINT30JAN201800CE.NFO,07/01/2020,09:22:39,19.55,19.55,600,19.95,1200,0,133200
ASIANPAINT30JAN201800CE.NFO,07/01/2020,09:22:45,19.5,19.35,1200,19.85,1200,600,133200
ASIANPAINT30JAN201800CE.NFO,07/01/2020,09:22:52,19.55,19,1200,19.9,1200,3000,133200
ASIANPAINT30JAN201800CE.NFO,07/01/2020,09:22:58,19.55,19,1200,19.8,1200,0,133200
ASIANPAINT30JAN201800CE.NFO,07/01/2020,09:23:04,19.55,19,1800,19.55,1800,0,133200
ASIANPAINT30JAN201800CE.NFO,07/01/2020,09:23:11,19.55,19.05,600,19.55,1800,0,133200
ASIANPAINT30JAN201800CE.NFO,07/01/2020,09:23:25,19.55,19.4,600,19.75,600,1200,135000
ASIANPAINT30JAN201800CE.NFO,07/01/2020,09:23:31,19.55,19.4,600,19.75,600,0,135000
ASIANPAINT30JAN201800CE.NFO,07/01/2020,09:23:44,19.6,19.4,600,19.8,1200,600,135000
ASIANPAINT30JAN201800CE.NFO,07/01/2020,09:23:51,19.6,19.4,600,19.7,600,0,135000
ASIANPAINT30JAN201800CE.NFO,07/01/2020,09:24:05,19.7,19.45,600,19.8,600,600,135000
ASIANPAINT30JAN201800CE.NFO,07/01/2020,09:24:12,19.7,19.4,1200,19.8,600,0,135000
ASIANPAINT30JAN201800CE.NFO,07/01/2020,09:24:19,19.85,19.45,600,20,1200,1200,135000
ASIANPAINT30JAN201800CE.NFO,07/01/2020,09:24:26,19.85,19.45,600,20,1200,0,135000
ASIANPAINT30JAN201800CE.NFO,07/01/2020,09:24:33,19.85,19.5,1800,20,1200,0,135000
ASIANPAINT30JAN201800CE.NFO,07/01/2020,09:24:39,19.85,19.5,1200,20,1200,0,135000
ASIANPAINT30JAN201800CE.NFO,07/01/2020,09:24:45,19.85,19.35,1200,20,1800,0,135000
ASIANPAINT30JAN201800CE.NFO,07/01/2020,09:24:52,19.85,19.45,1200,20,1800,0,135000
ASIANPAINT30JAN201800CE.NFO,07/01/2020,09:24:58,19.85,19.4,1200,19.95,600,0,135000
ASIANPAINT30JAN201800CE.NFO,07/01/2020,09:25:12,19.85,19.45,1200,19.95,600,0,135000
ASIANPAINT30JAN201800CE.NFO,07/01/2020,09:25:20,19.85,19.3,1200,19.85,600,0,135000
ASIANPAINT30JAN201800CE.NFO,07/01/2020,09:25:27,19.85,19.35,1800,19.9,600,0,135000
ASIANPAINT30JAN201800CE.NFO,07/01/2020,09:25:34,19.85,19.35,1200,19.8,600,0,135000
ASIANPAINT30JAN201800CE.NFO,07/01/2020,09:25:41,19.85,19.25,1200,19.7,600,0,135000
ASIANPAINT30JAN201800CE.NFO,07/01/2020,09:25:53,19.85,19.15,1200,19.6,600,0,135000
ASIANPAINT30JAN201800CE.NFO,07/01/2020,09:26:04,19.85,19.1,1200,19.55,600,0,135000
ASIANPAINT30JAN201800CE.NFO,07/01/2020,09:26:12,19.85,19.15,1200,19.9,600,0,135000
ASIANPAINT30JAN201800CE.NFO,07/01/2020,09:26:19,19.85,19.2,1800,19.8,600,0,135000
ASIANPAINT30JAN201800CE.NFO,07/01/2020,09:26:24,19.85,19.2,1200,19.7,600,0,135000
ASIANPAINT30JAN201800CE.NFO,07/01/2020,09:26:29,19.7,19.3,1800,19.95,600,600,135600
ASIANPAINT30JAN201800CE.NFO,07/01/2020,09:26:37,19.7,19.4,1200,20,1200,0,135600
ASIANPAINT30JAN201800CE.NFO,07/01/2020,09:26:43,19.7,19.4,1200,19.95,1800,0,135600
ASIANPAINT30JAN201800CE.NFO,07/01/2020,09:26:54,19.7,19.35,1200,19.95,1800,0,135600
ASIANPAINT30JAN201800CE.NFO,07/01/2020,09:26:59,19.7,19.4,600,19.9,600,0,135600
ASIANPAINT30JAN201800CE.NFO,07/01/2020,09:27:03,19.7,19.35,600,19.85,600,0,135600
ASIANPAINT30JAN201800CE.NFO,07/01/2020,09:27:09,19.7,19.35,600,19.8,600,0,135600
ASIANPAINT30JAN201800CE.NFO,07/01/2020,09:27:14,19.7,19.4,1200,19.95,1800,0,135600
ASIANPAINT30JAN201800CE.NFO,07/01/2020,09:27:21,19.7,19.15,1200,19.95,2400,0,135600
ASIANPAINT30JAN201800CE.NFO,07/01/2020,09:27:28,19.7,19.05,1800,19.75,600,0,135600
ASIANPAINT30JAN201800CE.NFO,07/01/2020,09:27:34,19.7,19,1800,19.4,600,0,135600
ASIANPAINT30JAN201800CE.NFO,07/01/2020,09:27:39,19.7,19,1800,19.45,600,0,135600
ASIANPAINT30JAN201800CE.NFO,07/01/2020,09:27:45,19,18.55,1800,19.35,600,1200,135600
ASIANPAINT30JAN201800CE.NFO,07/01/2020,09:27:50,19,18.6,1800,19.45,2400,0,135600
ASIANPAINT30JAN201800CE.NFO,07/01/2020,09:28:04,19,18.95,600,19.7,600,0,135600
ASIANPAINT30JAN201800CE.NFO,07/01/2020,09:28:12,19,18.7,600,19.6,1200,0,135600
ASIANPAINT30JAN201800CE.NFO,07/01/2020,09:28:18,19,19.2,600,19.6,1200,0,135600
ASIANPAINT30JAN201800CE.NFO,07/01/2020,09:28:30,19.2,19,600,19.35,600,600,135600
ASIANPAINT30JAN201800CE.NFO,07/01/2020,09:28:35,19.2,19,600,19.4,600,0,135600
ASIANPAINT30JAN201800CE.NFO,07/01/2020,09:28:40,19.2,19,600,19.5,600,0,135600
ASIANPAINT30JAN201800CE.NFO,07/01/2020,09:28:46,19.2,19,600,19.45,600,0,135600
ASIANPAINT30JAN201800CE.NFO,07/01/2020,09:28:52,19.5,19,600,19.6,1800,600,135600
ASIANPAINT30JAN201800CE.NFO,07/01/2020,09:29:03,19.5,19,600,19.6,1800,0,135600
ASIANPAINT30JAN201800CE.NFO,07/01/2020,09:29:16,19.5,19.05,600,19.6,1800,0,135600
ASIANPAINT30JAN201800CE.NFO,07/01/2020,09:29:22,19.5,19,600,19.6,1800,0,135600
ASIANPAINT30JAN201800CE.NFO,07/01/2020,09:29:27,19.5,19,1800,19.45,600,0,135600
ASIANPAINT30JAN201800CE.NFO,07/01/2020,09:29:33,19.5,19,600,19.35,600,0,135600
ASIANPAINT30JAN201800CE.NFO,07/01/2020,09:29:40,19.5,19,1800,19.4,600,0,135600
ASIANPAINT30JAN201800CE.NFO,07/01/2020,09:29:47,19.5,19.05,1200,19.5,4200,0,135600
ASIANPAINT30JAN201800CE.NFO,07/01/2020,09:29:53,19.2,19,1800,19.45,1200,600,136200
ASIANPAINT30JAN201800CE.NFO,07/01/2020,09:29:58,19.2,19,600,19.3,600,0,136200
ASIANPAINT30JAN201800CE.NFO,07/01/2020,09:30:04,19.2,19,600,19.35,600,0,136200
ASIANPAINT30JAN201800CE.NFO,07/01/2020,09:30:11,19,18.9,1200,19.35,600,600,136200
ASIANPAINT30JAN201800CE.NFO,07/01/2020,09:30:18,19,18.9,600,19.3,600,0,136200
ASIANPAINT30JAN201800CE.NFO,07/01/2020,09:30:24,19,18.75,600,19.15,600,0,136200
ASIANPAINT30JAN201800CE.NFO,07/01/2020,09:30:30,19,18.7,2400,19.15,600,0,136200
ASIANPAINT30JAN201800CE.NFO,07/01/2020,09:30:35,19,18.75,1200,19.2,1200,0,136200
ASIANPAINT30JAN201800CE.NFO,07/01/2020,09:30:41,19,18.7,1200,19,600,0,136200
ASIANPAINT30JAN201800CE.NFO,07/01/2020,09:30:46,19,18.75,600,19,600,0,136200
ASIANPAINT30JAN201800CE.NFO,07/01/2020,09:30:51,19,18.7,1200,19,600,0,136200
ASIANPAINT30JAN201800CE.NFO,07/01/2020,09:30:56,19,18.65,1200,19,600,0,136200
ASIANPAINT30JAN201800CE.NFO,07/01/2020,09:31:02,18.8,18.75,600,19.15,600,600,136200
ASIANPAINT30JAN201800CE.NFO,07/01/2020,09:31:09,18.8,18.5,600,19,1200,0,136200
ASIANPAINT30JAN201800CE.NFO,07/01/2020,09:31:15,18.8,18.65,1800,19.1,600,0,136200
ASIANPAINT30JAN201800CE.NFO,07/01/2020,09:31:21,18.8,18.75,1200,19.1,600,0,136200
ASIANPAINT30JAN201800CE.NFO,07/01/2020,09:31:27,18.8,18.8,2400,19.3,600,0,136200
ASIANPAINT30JAN201800CE.NFO,07/01/2020,09:31:32,18.8,18.9,600,19.3,600,0,136200
ASIANPAINT30JAN201800CE.NFO,07/01/2020,09:31:37,18.8,18.9,600,19.25,600,0,136200
ASIANPAINT30JAN201800CE.NFO,07/01/2020,09:31:43,19.1,19,600,19.35,600,600,136200
ASIANPAINT30JAN201800CE.NFO,07/01/2020,09:31:48,19.1,19,600,19.35,600,0,136200
ASIANPAINT30JAN201800CE.NFO,07/01/2020,09:31:58,19.1,19,600,19.3,600,0,136200
ASIANPAINT30JAN201800CE.NFO,07/01/2020,09:32:07,19,18.9,600,19.3,600,600,136200
ASIANPAINT30JAN201800CE.NFO,07/01/2020,09:32:24,19,19,600,19.3,600,0,136200
ASIANPAINT30JAN201800CE.NFO,07/01/2020,09:32:31,19,18.95,1200,19.3,600,0,136200
ASIANPAINT30JAN201800CE.NFO,07/01/2020,09:32:36,19,19,1200,19.3,600,0,136200
ASIANPAINT30JAN201800CE.NFO,07/01/2020,09:32:42,19.35,19.2,600,19.5,3600,600,135600
ASIANPAINT30JAN201800CE.NFO,07/01/2020,09:32:48,19.35,19.2,600,19.5,3000,0,135600
ASIANPAINT30JAN201800CE.NFO,07/01/2020,09:32:54,19.35,19.15,1200,19.5,3000,0,135600
ASIANPAINT30JAN201800CE.NFO,07/01/2020,09:33:04,19.35,19.1,1200,19.5,3000,0,135600
ASIANPAINT30JAN201800CE.NFO,07/01/2020,09:33:21,19.35,19.15,600,19.5,3000,0,135600
ASIANPAINT30JAN201800CE.NFO,07/01/2020,09:33:27,19.35,19,600,19.5,3000,0,135600
ASIANPAINT30JAN201800CE.NFO,07/01/2020,09:33:33,19.35,19.1,600,19.5,3000,0,135600
ASIANPAINT30JAN201800CE.NFO,07/01/2020,09:33:38,19.35,19.15,1200,19.5,3000,0,135600
ASIANPAINT30JAN201800CE.NFO,07/01/2020,09:33:58,19.35,19.2,1200,19.5,3000,0,135600
ASIANPAINT30JAN201800CE.NFO,07/01/2020,09:34:09,19.35,19.4,600,19.5,3000,0,135600
ASIANPAINT30JAN201800CE.NFO,07/01/2020,09:34:14,19.5,19.35,600,19.5,1200,1800,135600
ASIANPAINT30JAN201800CE.NFO,07/01/2020,09:34:19,19.35,19.2,600,19.5,1200,600,135600
ASIANPAINT30JAN201800CE.NFO,07/01/2020,09:34:24,19.35,19.1,600,19.5,1200,0,135600
ASIANPAINT30JAN201800CE.NFO,07/01/2020,09:34:29,19.35,19.15,1200,19.5,1200,0,135600
ASIANPAINT30JAN201800CE.NFO,07/01/2020,09:34:35,19.35,19.05,600,19.45,600,0,135600
ASIANPAINT30JAN201800CE.NFO,07/01/2020,09:34:40,19,18.85,1200,19.35,600,600,135600
ASIANPAINT30JAN201800CE.NFO,07/01/2020,09:34:45,19,18.95,1200,19.4,600,0,135600
ASIANPAINT30JAN201800CE.NFO,07/01/2020,09:34:49,19,19.1,1200,19.5,1800,0,135600
ASIANPAINT30JAN201800CE.NFO,07/01/2020,09:35:05,19,19.1,600,19.45,600,0,135600
ASIANPAINT30JAN201800CE.NFO,07/01/2020,09:35:10,19,18.8,1200,19.35,600,0,135600
ASIANPAINT30JAN201800CE.NFO,07/01/2020,09:35:15,19,18.55,1200,19.1,600,0,135600
ASIANPAINT30JAN201800CE.NFO,07/01/2020,09:35:19,19,18.65,1200,19.3,1200,0,135600
ASIANPAINT30JAN201800CE.NFO,07/01/2020,09:35:24,19,18.7,600,19.25,600,0,135600
ASIANPAINT30JAN201800CE.NFO,07/01/2020,09:35:30,19,18.55,600,19.05,600,0,135600
ASIANPAINT30JAN201800CE.NFO,07/01/2020,09:35:35,19,18.65,1200,19.2,600,0,135600
ASIANPAINT30JAN201800CE.NFO,07/01/2020,09:35:42,19,18.65,600,19.25,1800,0,135600
ASIANPAINT30JAN201800CE.NFO,07/01/2020,09:35:49,19,18.75,600,19.25,600,0,135600
ASIANPAINT30JAN201800CE.NFO,07/01/2020,09:35:56,19,18.85,1200,19.3,600,0,135600
ASIANPAINT30JAN201800CE.NFO,07/01/2020,09:36:02,19,18.85,1200,19.35,600,0,135600
ASIANPAINT30JAN201800CE.NFO,07/01/2020,09:36:08,19,18.95,1200,19.45,600,0,135600
ASIANPAINT30JAN201800CE.NFO,07/01/2020,09:36:13,19,19,1200,19.5,1800,0,135600
ASIANPAINT30JAN201800CE.NFO,07/01/2020,09:36:20,19,19,1200,19.45,600,0,135600
ASIANPAINT30JAN201800CE.NFO,07/01/2020,09:36:25,19.25,18.95,1200,19.35,600,600,133200
ASIANPAINT30JAN201800CE.NFO,07/01/2020,09:36:31,19.25,19.05,600,19.5,1800,0,133200
ASIANPAINT30JAN201800CE.NFO,07/01/2020,09:36:36,19.25,19,600,19.4,600,0,133200
ASIANPAINT30JAN201800CE.NFO,07/01/2020,09:36:40,19.25,19,600,19.4,1200,0,133200
ASIANPAINT30JAN201800CE.NFO,07/01/2020,09:36:46,19.25,19,600,19.4,600,0,133200
ASIANPAINT30JAN201800CE.NFO,07/01/2020,09:36:56,19.25,18.95,600,19.35,1200,0,133200
ASIANPAINT30JAN201800CE.NFO,07/01/2020,09:37:01,19.25,18.9,600,19.35,1200,0,133200
ASIANPAINT30JAN201800CE.NFO,07/01/2020,09:37:06,19.25,18.95,600,19.35,1200,0,133200
ASIANPAINT30JAN201800CE.NFO,07/01/2020,09:37:11,19.25,18.95,600,19.35,600,0,133200
ASIANPAINT30JAN201800CE.NFO,07/01/2020,09:37:20,19.25,18.85,600,19.4,600,0,133200
ASIANPAINT30JAN201800CE.NFO,07/01/2020,09:37:25,19.25,18.7,600,19.35,2400,0,133200
ASIANPAINT30JAN201800CE.NFO,07/01/2020,09:37:30,19.25,18.75,600,19.35,2400,0,133200
ASIANPAINT30JAN201800CE.NFO,07/01/2020,09:37:35,19.25,18.95,600,19.4,600,0,133200
ASIANPAINT30JAN201800CE.NFO,07/01/2020,09:37:46,19.25,19.05,600,19.4,600,0,133200
ASIANPAINT30JAN201800CE.NFO,07/01/2020,09:37:51,19.25,19,1800,19.4,600,0,133200
ASIANPAINT30JAN201800CE.NFO,07/01/2020,09:37:54,19.25,19.15,600,19.4,600,0,133200
ASIANPAINT30JAN201800CE.NFO,07/01/2020,09:37:59,19.25,19.05,1800,19.4,600,0,133200
ASIANPAINT30JAN201800CE.NFO,07/01/2020,09:38:04,19.25,19.15,600,19.4,600,0,133200
ASIANPAINT30JAN201800CE.NFO,07/01/2020,09:38:08,19.25,19,1200,19.4,600,0,133200
ASIANPAINT30JAN201800CE.NFO,07/01/2020,09:38:13,19.25,19,600,19.4,600,0,133200
ASIANPAINT30JAN201800CE.NFO,07/01/2020,09:38:23,19.25,19,1200,19.4,600,0,133200
ASIANPAINT30JAN201800CE.NFO,07/01/2020,09:38:28,19.25,19,1200,19.4,1200,0,133200
ASIANPAINT30JAN201800CE.NFO,07/01/2020,09:38:32,19.25,18.95,600,19.4,600,0,133200
ASIANPAINT30JAN201800CE.NFO,07/01/2020,09:38:37,19.25,18.95,1200,19.4,600,0,133200
ASIANPAINT30JAN201800CE.NFO,07/01/2020,09:38:41,19.25,19,1200,19.4,600,0,133200
ASIANPAINT30JAN201800CE.NFO,07/01/2020,09:38:46,19.4,19.05,600,19.5,2400,600,133800
ASIANPAINT30JAN201800CE.NFO,07/01/2020,09:38:51,19.4,19.1,600,19.5,2400,0,133800
ASIANPAINT30JAN201800CE.NFO,07/01/2020,09:38:56,19.4,19.05,600,19.5,1800,0,133800
ASIANPAINT30JAN201800CE.NFO,07/01/2020,09:39:00,19.4,19.15,600,19.5,1800,0,133800
ASIANPAINT30JAN201800CE.NFO,07/01/2020,09:39:05,19.4,19.15,1200,19.5,1800,0,133800
ASIANPAINT30JAN201800CE.NFO,07/01/2020,09:39:09,19.4,19.15,600,19.5,1800,0,133800
ASIANPAINT30JAN201800CE.NFO,07/01/2020,09:39:14,19.5,19.5,3000,19.95,1800,1800,133800
ASIANPAINT30JAN201800CE.NFO,07/01/2020,09:39:20,19.5,19.5,3000,19.9,600,0,133800
ASIANPAINT30JAN201800CE.NFO,07/01/2020,09:39:25,19.5,19.5,3000,19.95,600,0,133800
ASIANPAINT30JAN201800CE.NFO,07/01/2020,09:39:31,19.5,19.4,1200,20,1800,0,133800
ASIANPAINT30JAN201800CE.NFO,07/01/2020,09:39:36,19.5,19.45,600,19.95,600,0,133800
ASIANPAINT30JAN201800CE.NFO,07/01/2020,09:39:41,19.5,19.2,600,19.75,600,0,133800
ASIANPAINT30JAN201800CE.NFO,07/01/2020,09:39:46,19.5,19.35,600,19.9,1200,0,133800
ASIANPAINT30JAN201800CE.NFO,07/01/2020,09:39:51,19.5,19.4,600,19.9,1200,0,133800
ASIANPAINT30JAN201800CE.NFO,07/01/2020,09:39:55,19.5,19.35,600,19.75,600,0,133800
ASIANPAINT30JAN201800CE.NFO,07/01/2020,09:39:59,19.5,19.2,600,19.65,600,600,133800
ASIANPAINT30JAN201800CE.NFO,07/01/2020,09:40:04,19.75,19.4,1200,19.9,1200,600,133800
ASIANPAINT30JAN201800CE.NFO,07/01/2020,09:40:10,19.75,19.5,600,19.85,600,0,133800
ASIANPAINT30JAN201800CE.NFO,07/01/2020,09:40:12,19.5,19.35,600,19.8,1200,600,133800
ASIANPAINT30JAN201800CE.NFO,07/01/2020,09:40:13,19.5,19.3,600,19.8,1200,0,133800
ASIANPAINT30JAN201800CE.NFO,07/01/2020,09:40:14,19.5,19.3,600,19.75,600,0,133800
ASIANPAINT30JAN201800CE.NFO,07/01/2020,09:40:15,19.3,19,600,19.45,600,600,133800
ASIANPAINT30JAN201800CE.NFO,07/01/2020,09:40:16,19.3,19,600,19.35,600,0,133800
ASIANPAINT30JAN201800CE.NFO,07/01/2020,09:40:17,19.3,19,600,19.45,600,0,133800
ASIANPAINT30JAN201800CE.NFO,07/01/2020,09:40:18,19.3,19,600,19.3,600,0,133800
ASIANPAINT30JAN201800CE.NFO,07/01/2020,09:40:19,19,18.65,1200,19.25,600,600,133800
ASIANPAINT30JAN201800CE.NFO,07/01/2020,09:40:20,19,18.75,1200,19.25,600,0,133800
ASIANPAINT30JAN201800CE.NFO,07/01/2020,09:40:21,19,18.7,600,19.35,1200,0,133800
ASIANPAINT30JAN201800CE.NFO,07/01/2020,09:40:22,19,18.8,600,19.4,600,0,133800
ASIANPAINT30JAN201800CE.NFO,07/01/2020,09:40:23,19,18.7,1200,19.2,600,0,133800
ASIANPAINT30JAN201800CE.NFO,07/01/2020,09:40:24,19,18.7,1200,19.25,600,0,133800
ASIANPAINT30JAN201800CE.NFO,07/01/2020,09:40:25,19,18.75,1200,19.25,600,0,133800
ASIANPAINT30JAN201800CE.NFO,07/01/2020,09:40:26,19,18.75,1800,19.45,600,0,133800
ASIANPAINT30JAN201800CE.NFO,07/01/2020,09:40:27,19,18.85,600,19.45,1200,0,133800
ASIANPAINT30JAN201800CE.NFO,07/01/2020,09:40:29,19,18.75,1200,19.25,600,0,133800
ASIANPAINT30JAN201800CE.NFO,07/01/2020,09:40:30,19,18.75,1200,19.35,600,0,133800
ASIANPAINT30JAN201800CE.NFO,07/01/2020,09:40:30,19,18.75,1200,19.3,1200,0,133800
ASIANPAINT30JAN201800CE.NFO,07/01/2020,09:40:32,19,18.75,600,19.25,1200,0,133800
ASIANPAINT30JAN201800CE.NFO,07/01/2020,09:40:34,19,18.75,600,19.2,600,0,133800
ASIANPAINT30JAN201800CE.NFO,07/01/2020,09:40:35,19,18.75,1200,19.45,600,0,133800
ASIANPAINT30JAN201800CE.NFO,07/01/2020,09:40:36,19,18.75,1800,19.3,600,0,133800
ASIANPAINT30JAN201800CE.NFO,07/01/2020,09:40:38,19,18.8,600,19.25,600,0,133800
ASIANPAINT30JAN201800CE.NFO,07/01/2020,09:40:39,19,18.7,600,19.2,600,0,133800
ASIANPAINT30JAN201800CE.NFO,07/01/2020,09:40:40,19,18.7,1200,19.35,600,0,133800
ASIANPAINT30JAN201800CE.NFO,07/01/2020,09:40:41,19,18.8,600,19.2,600,0,133800
ASIANPAINT30JAN201800CE.NFO,07/01/2020,09:40:42,19,18.75,600,19.2,600,0,133800
ASIANPAINT30JAN201800CE.NFO,07/01/2020,09:40:43,19,18.75,1200,19.2,600,0,133800
ASIANPAINT30JAN201800CE.NFO,07/01/2020,09:40:45,19,18.8,600,19.25,600,0,133800
ASIANPAINT30JAN201800CE.NFO,07/01/2020,09:40:45,19,18.75,1200,19.45,600,0,133800
ASIANPAINT30JAN201800CE.NFO,07/01/2020,09:40:46,19,18.8,1200,19.3,600,0,133800
ASIANPAINT30JAN201800CE.NFO,07/01/2020,09:40:47,19,18.9,600,19.35,600,0,133800
ASIANPAINT30JAN201800CE.NFO,07/01/2020,09:40:48,19,18.8,600,19.3,600,0,133800
ASIANPAINT30JAN201800CE.NFO,07/01/2020,09:40:49,19,18.8,1200,19.3,600,0,133800
ASIANPAINT30JAN201800CE.NFO,07/01/2020,09:40:50,19,18.85,600,19.3,600,0,133800
ASIANPAINT30JAN201800CE.NFO,07/01/2020,09:40:59,19,18.45,600,19.15,600,0,133800
ASIANPAINT30JAN201800CE.NFO,07/01/2020,09:41:00,19,18.5,1800,19.05,600,0,133800
ASIANPAINT30JAN201800CE.NFO,07/01/2020,09:41:00,19,18.35,1200,18.95,600,0,133800
ASIANPAINT30JAN201800CE.NFO,07/01/2020,09:41:01,19,18.5,600,19,600,0,133800
ASIANPAINT30JAN201800CE.NFO,07/01/2020,09:41:02,19,18.5,600,19.1,600,0,133800
ASIANPAINT30JAN201800CE.NFO,07/01/2020,09:41:03,19,18.4,1200,19,600,0,133800
ASIANPAINT30JAN201800CE.NFO,07/01/2020,09:41:04,19,18.45,1200,19,600,0,133800
ASIANPAINT30JAN201800CE.NFO,07/01/2020,09:41:05,19,18.1,1800,18.7,600,0,133800
ASIANPAINT30JAN201800CE.NFO,07/01/2020,09:41:06,19,18.1,600,18.55,600,0,133800
ASIANPAINT30JAN201800CE.NFO,07/01/2020,09:41:07,19,18.05,600,18.5,600,0,133800
ASIANPAINT30JAN201800CE.NFO,07/01/2020,09:41:09,19,18.05,1200,18.6,600,0,133800
ASIANPAINT30JAN201800CE.NFO,07/01/2020,09:41:10,19,18,1800,18.5,600,0,133800
ASIANPAINT30JAN201800CE.NFO,07/01/2020,09:41:11,19,18,1200,18.5,600,0,133800
ASIANPAINT30JAN201800CE.NFO,07/01/2020,09:41:12,19,18,1200,18.35,600,0,133800
ASIANPAINT30JAN201800CE.NFO,07/01/2020,09:41:13,19,18,1200,18.45,600,0,133800
ASIANPAINT30JAN201800CE.NFO,07/01/2020,09:41:14,19,18,1800,18.55,600,0,133800
ASIANPAINT30JAN201800CE.NFO,07/01/2020,09:41:15,19,18,1800,18.5,600,0,133800
ASIANPAINT30JAN201800CE.NFO,07/01/2020,09:41:16,19,18,1800,18.55,600,0,133800
ASIANPAINT30JAN201800CE.NFO,07/01/2020,09:41:17,19,18,1800,18.5,600,0,133800
ASIANPAINT30JAN201800CE.NFO,07/01/2020,09:41:19,19,18.1,600,18.5,600,0,133800
ASIANPAINT30JAN201800CE.NFO,07/01/2020,09:41:20,19,18.1,1200,18.5,600,0,133800
ASIANPAINT30JAN201800CE.NFO,07/01/2020,09:41:21,19,18.2,600,18.65,600,0,133800
ASIANPAINT30JAN201800CE.NFO,07/01/2020,09:41:21,19,18.3,600,18.75,600,0,133800
ASIANPAINT30JAN201800CE.NFO,07/01/2020,09:41:22,19,18.3,1200,18.75,600,0,133800
ASIANPAINT30JAN201800CE.NFO,07/01/2020,09:41:24,19,18.3,1800,18.8,600,0,133800
ASIANPAINT30JAN201800CE.NFO,07/01/2020,09:41:25,19,18.4,600,18.8,600,0,133800
ASIANPAINT30JAN201800CE.NFO,07/01/2020,09:41:27,19,18.4,600,18.8,1200,0,133800
ASIANPAINT30JAN201800CE.NFO,07/01/2020,09:41:28,19,18.35,600,18.8,1200,0,133800
ASIANPAINT30JAN201800CE.NFO,07/01/2020,09:41:30,19,18.35,600,18.7,600,0,133800
ASIANPAINT30JAN201800CE.NFO,07/01/2020,09:41:38,19,18.35,1200,18.7,600,0,133800
ASIANPAINT30JAN201800CE.NFO,07/01/2020,09:41:40,19,18.35,600,18.7,600,0,133800
ASIANPAINT30JAN201800CE.NFO,07/01/2020,09:41:48,19,18.5,600,18.8,600,0,133800
ASIANPAINT30JAN201800CE.NFO,07/01/2020,09:42:08,19,18.6,600,18.95,600,0,133800
ASIANPAINT30JAN201800CE.NFO,07/01/2020,09:42:08,19,18.6,1200,19,600,0,133800
ASIANPAINT30JAN201800CE.NFO,07/01/2020,09:42:09,19,18.6,600,19,600,0,133800
ASIANPAINT30JAN201800CE.NFO,07/01/2020,09:42:10,19,18.6,1800,19,600,0,133800
ASIANPAINT30JAN201800CE.NFO,07/01/2020,09:42:22,19,18.6,1200,18.95,600,0,133800
ASIANPAINT30JAN201800CE.NFO,07/01/2020,09:42:29,19,18.7,1200,19.05,600,0,133800
ASIANPAINT30JAN201800CE.NFO,07/01/2020,09:42:37,19,18.8,600,19.2,600,0,133800
ASIANPAINT30JAN201800CE.NFO,07/01/2020,09:42:44,19,18.75,600,19.15,600,0,133800
ASIANPAINT30JAN201800CE.NFO,07/01/2020,09:42:50,19,18.65,1800,19.05,600,0,133800
ASIANPAINT30JAN201800CE.NFO,07/01/2020,09:42:55,19,18.65,1200,19.05,600,0,133800
ASIANPAINT30JAN201800CE.NFO,07/01/2020,09:43:01,19,18.65,1800,19.05,600,0,133800
ASIANPAINT30JAN201800CE.NFO,07/01/2020,09:43:07,19,18.65,1200,19,600,0,133800
ASIANPAINT30JAN201800CE.NFO,07/01/2020,09:43:13,19,18.05,600,18.65,600,0,133800
ASIANPAINT30JAN201800CE.NFO,07/01/2020,09:43:18,19,18.2,600,18.65,600,0,133800
ASIANPAINT30JAN201800CE.NFO,07/01/2020,09:43:23,19,18.3,600,18.8,600,0,133800
ASIANPAINT30JAN201800CE.NFO,07/01/2020,09:43:29,19,18.15,1800,18.7,600,0,133800
ASIANPAINT30JAN201800CE.NFO,07/01/2020,09:43:33,19,18.4,600,18.8,1200,0,133800
ASIANPAINT30JAN201800CE.NFO,07/01/2020,09:43:38,17.35,17.25,1200,17.95,600,1800,132600
ASIANPAINT30JAN201800CE.NFO,07/01/2020,09:43:38,17.35,17.25,1200,17.95,600,0,132600
ASIANPAINT30JAN201800CE.NFO,07/01/2020,09:43:42,17.35,17.35,600,17.95,600,0,132600
ASIANPAINT30JAN201800CE.NFO,07/01/2020,09:43:48,17.35,17.55,600,18,1200,0,132600
ASIANPAINT30JAN201800CE.NFO,07/01/2020,09:43:53,17.35,17.75,600,18,600,0,132600
ASIANPAINT30JAN201800CE.NFO,07/01/2020,09:44:03,18,17.85,1200,18.45,600,600,132600
ASIANPAINT30JAN201800CE.NFO,07/01/2020,09:44:09,18,17.95,600,18.5,600,0,132600
ASIANPAINT30JAN201800CE.NFO,07/01/2020,09:44:14,18,17.95,1200,18.4,1200,0,132600
ASIANPAINT30JAN201800CE.NFO,07/01/2020,09:44:19,18,18,1200,18.45,600,0,132600
ASIANPAINT30JAN201800CE.NFO,07/01/2020,09:44:25,18,18,600,18.3,600,0,132600
ASIANPAINT30JAN201800CE.NFO,07/01/2020,09:44:30,18,18,600,18.35,600,0,132600
ASIANPAINT30JAN201800CE.NFO,07/01/2020,09:44:36,18,18,1200,18.4,1200,0,132600
ASIANPAINT30JAN201800CE.NFO,07/01/2020,09:44:42,18,18,600,18.3,600,0,132600
ASIANPAINT30JAN201800CE.NFO,07/01/2020,09:44:52,18,18,1200,18.4,1200,0,132600
ASIANPAINT30JAN201800CE.NFO,07/01/2020,09:44:58,18,18.05,600,18.45,1200,0,132600
ASIANPAINT30JAN201800CE.NFO,07/01/2020,09:45:22,18,18.1,600,18.55,1200,0,132600
ASIANPAINT30JAN201800CE.NFO,07/01/2020,09:45:27,18,18.15,600,18.6,600,0,132600
ASIANPAINT30JAN201800CE.NFO,07/01/2020,09:45:32,18,18.15,600,18.65,1200,0,132600
ASIANPAINT30JAN201800CE.NFO,07/01/2020,09:45:37,18.65,18.65,4200,18.8,600,1800,132600
ASIANPAINT30JAN201800CE.NFO,07/01/2020,09:45:42,18.65,18.45,600,18.9,600,0,132600
ASIANPAINT30JAN201800CE.NFO,07/01/2020,09:45:46,18.65,18.2,600,18.9,1800,0,132600
ASIANPAINT30JAN201800CE.NFO,07/01/2020,09:45:51,18.65,18.15,1200,18.75,1800,0,132600
ASIANPAINT30JAN201800CE.NFO,07/01/2020,09:46:00,18.65,18.15,600,18.75,1800,0,132600
ASIANPAINT30JAN201800CE.NFO,07/01/2020,09:46:04,18.65,18,600,18.5,600,0,132600
ASIANPAINT30JAN201800CE.NFO,07/01/2020,09:46:09,18.65,18,600,18.4,600,0,132600
ASIANPAINT30JAN201800CE.NFO,07/01/2020,09:46:14,18.65,18,2400,18.5,600,0,132600
ASIANPAINT30JAN201800CE.NFO,07/01/2020,09:46:19,18.65,18.2,600,18.55,600,0,132600
ASIANPAINT30JAN201800CE.NFO,07/01/2020,09:46:29,18.55,18.2,600,18.7,1200,600,132600
ASIANPAINT30JAN201800CE.NFO,07/01/2020,09:46:35,18.55,18.3,600,18.7,600,0,132600
ASIANPAINT30JAN201800CE.NFO,07/01/2020,09:46:40,18.55,18.3,600,18.7,1200,0,132600
ASIANPAINT30JAN201800CE.NFO,07/01/2020,09:46:46,18.55,18.3,600,18.7,600,0,132600
ASIANPAINT30JAN201800CE.NFO,07/01/2020,09:46:55,18.55,18.3,1200,18.7,600,0,132600
ASIANPAINT30JAN201800CE.NFO,07/01/2020,09:46:59,18.55,18.3,600,18.7,600,0,132600
ASIANPAINT30JAN201800CE.NFO,07/01/2020,09:47:03,18.55,18.35,600,18.7,600,0,132600
ASIANPAINT30JAN201800CE.NFO,07/01/2020,09:47:08,18.55,18.5,600,18.95,600,0,132600
ASIANPAINT30JAN201800CE.NFO,07/01/2020,09:47:12,19,18.75,600,19.2,600,2400,132600
ASIANPAINT30JAN201800CE.NFO,07/01/2020,09:47:17,18.75,18.75,1200,19.15,600,600,132600
ASIANPAINT30JAN201800CE.NFO,07/01/2020,09:47:21,18.75,18.8,1200,19.15,600,0,132600
ASIANPAINT30JAN201800CE.NFO,07/01/2020,09:47:25,18.75,18.8,1200,19.2,600,0,132600
ASIANPAINT30JAN201800CE.NFO,07/01/2020,09:47:30,19.2,18.9,600,19.4,600,600,132600
ASIANPAINT30JAN201800CE.NFO,07/01/2020,09:47:34,19.2,18.95,1200,19.45,600,0,132600
ASIANPAINT30JAN201800CE.NFO,07/01/2020,09:47:38,19.2,19,600,19.5,600,0,132600
ASIANPAINT30JAN201800CE.NFO,07/01/2020,09:47:43,19.2,19.05,600,19.5,600,0,132600
ASIANPAINT30JAN201800CE.NFO,07/01/2020,09:47:48,19.5,19.05,600,19.5,600,600,132600
ASIANPAINT30JAN201800CE.NFO,07/01/2020,09:47:52,19.5,19,2400,19.5,600,0,132600
ASIANPAINT30JAN201800CE.NFO,07/01/2020,09:47:57,19.5,19,600,19.45,600,0,132600
ASIANPAINT30JAN201800CE.NFO,07/01/2020,09:48:02,19.5,19,600,19.4,600,0,132600
ASIANPAINT30JAN201800CE.NFO,07/01/2020,09:48:07,19.5,19,1200,19.4,1200,0,132600
ASIANPAINT30JAN201800CE.NFO,07/01/2020,09:48:11,19.5,19,600,19.4,1200,0,132600
ASIANPAINT30JAN201800CE.NFO,07/01/2020,09:48:19,19.5,19,1200,19.45,600,0,132600
ASIANPAINT30JAN201800CE.NFO,07/01/2020,09:48:24,19.5,19.1,600,19.6,1200,0,132600
ASIANPAINT30JAN201800CE.NFO,07/01/2020,09:48:25,19.5,19.05,600,19.5,600,0,132600
ASIANPAINT30JAN201800CE.NFO,07/01/2020,09:48:29,19.5,19.15,600,19.6,600,0,132600
ASIANPAINT30JAN201800CE.NFO,07/01/2020,09:48:30,19.5,19.25,600,19.7,600,0,132600
ASIANPAINT30JAN201800CE.NFO,07/01/2020,09:48:32,19.5,19.2,600,19.65,600,0,132600
ASIANPAINT30JAN201800CE.NFO,07/01/2020,09:48:33,19.5,19.2,600,19.7,600,0,132600
ASIANPAINT30JAN201800CE.NFO,07/01/2020,09:48:34,19.5,19.1,600,19.65,600,0,132600
ASIANPAINT30JAN201800CE.NFO,07/01/2020,09:48:36,19.5,19.15,600,19.7,1200,0,132600
ASIANPAINT30JAN201800CE.NFO,07/01/2020,09:48:37,19.5,19.15,600,19.65,600,0,132600
ASIANPAINT30JAN201800CE.NFO,07/01/2020,09:48:38,19.5,19.2,600,19.7,600,0,132600
ASIANPAINT30JAN201800CE.NFO,07/01/2020,09:48:39,19.5,19.15,600,19.6,600,0,132600
ASIANPAINT30JAN201800CE.NFO,07/01/2020,09:48:40,19.5,19.15,600,19.65,1200,0,132600
ASIANPAINT30JAN201800CE.NFO,07/01/2020,09:48:42,19.5,19.1,600,19.6,600,0,132600
ASIANPAINT30JAN201800CE.NFO,07/01/2020,09:48:44,19.5,19.1,600,19.5,600,0,132600
ASIANPAINT30JAN201800CE.NFO,07/01/2020,09:48:45,19.5,19.05,600,19.5,1200,0,132600
ASIANPAINT30JAN201800CE.NFO,07/01/2020,09:48:46,19.5,19.05,600,19.5,600,0,132600
ASIANPAINT30JAN201800CE.NFO,07/01/2020,09:48:47,19.5,19.05,600,19.5,1200,0,132600
ASIANPAINT30JAN201800CE.NFO,07/01/2020,09:48:48,19.5,19.05,600,19.5,600,0,132600
ASIANPAINT30JAN201800CE.NFO,07/01/2020,09:48:50,19.5,19.1,600,19.55,1200,0,132600
ASIANPAINT30JAN201800CE.NFO,07/01/2020,09:48:53,19.5,19.1,600,19.55,600,0,132600
ASIANPAINT30JAN201800CE.NFO,07/01/2020,09:48:54,19.5,19.1,1200,19.55,600,0,132600
ASIANPAINT30JAN201800CE.NFO,07/01/2020,09:48:56,19.5,19.1,600,19.6,600,0,132600
ASIANPAINT30JAN201800CE.NFO,07/01/2020,09:48:57,19.5,19.1,600,19.65,1200,0,132600
ASIANPAINT30JAN201800CE.NFO,07/01/2020,09:48:59,19.5,19.2,600,19.7,600,0,132600
ASIANPAINT30JAN201800CE.NFO,07/01/2020,09:49:00,19.5,19.2,1800,19.7,600,0,132600
ASIANPAINT30JAN201800CE.NFO,07/01/2020,09:49:00,19.5,19.2,1200,19.7,600,0,132600
ASIANPAINT30JAN201800CE.NFO,07/01/2020,09:49:01,19.5,19.25,600,19.7,600,0,132600
ASIANPAINT30JAN201800CE.NFO,07/01/2020,09:49:02,19.5,19.25,1200,19.7,600,0,132600
ASIANPAINT30JAN201800CE.NFO,07/01/2020,09:49:04,19.5,19.25,600,19.7,600,0,132600
ASIANPAINT30JAN201800CE.NFO,07/01/2020,09:49:05,19.5,19.25,1200,19.7,1200,0,132600
ASIANPAINT30JAN201800CE.NFO,07/01/2020,09:49:06,19.5,19.25,1200,19.7,600,0,132600
ASIANPAINT30JAN201800CE.NFO,07/01/2020,09:49:06,19.5,19.25,600,19.7,600,0,132600
ASIANPAINT30JAN201800CE.NFO,07/01/2020,09:49:07,19.5,19.3,600,19.7,600,0,132600
ASIANPAINT30JAN201800CE.NFO,07/01/2020,09:49:16,19.5,19.35,1200,19.7,600,0,132600
ASIANPAINT30JAN201800CE.NFO,07/01/2020,09:49:31,20,19.8,600,20.25,1800,3000,132600
ASIANPAINT30JAN201800CE.NFO,07/01/2020,09:49:33,20,19.8,600,20.25,1800,0,132600
ASIANPAINT30JAN201800CE.NFO,07/01/2020,09:49:34,20,19.65,1200,20.2,3000,0,132600
ASIANPAINT30JAN201800CE.NFO,07/01/2020,09:49:37,20.2,19.65,1200,20.25,600,3000,132600
ASIANPAINT30JAN201800CE.NFO,07/01/2020,09:49:37,20.2,19.65,1200,20.25,600,0,132600
ASIANPAINT30JAN201800CE.NFO,07/01/2020,09:49:38,20.2,19.8,1200,20.25,600,0,132600
ASIANPAINT30JAN201800CE.NFO,07/01/2020,09:49:46,20.2,19.85,600,20.25,600,0,132600
ASIANPAINT30JAN201800CE.NFO,07/01/2020,09:49:48,20.2,19.85,1800,20.25,600,0,132600
ASIANPAINT30JAN201800CE.NFO,07/01/2020,09:49:51,20.2,19.85,1200,20.25,600,0,132600
ASIANPAINT30JAN201800CE.NFO,07/01/2020,09:49:53,20.2,19.85,1800,20.25,600,0,132600
ASIANPAINT30JAN201800CE.NFO,07/01/2020,09:49:58,20.25,19.9,600,20.5,600,600,132600
ASIANPAINT30JAN201800CE.NFO,07/01/2020,09:49:59,20.25,19.85,600,20.5,600,0,132600
ASIANPAINT30JAN201800CE.NFO,07/01/2020,09:50:01,20.25,19.85,600,20.4,600,0,132600
ASIANPAINT30JAN201800CE.NFO,07/01/2020,09:50:03,20.25,19.9,1200,20.4,600,0,132600
ASIANPAINT30JAN201800CE.NFO,07/01/2020,09:50:10,20.25,20.25,600,20.4,600,0,132600
ASIANPAINT30JAN201800CE.NFO,07/01/2020,09:50:11,20.25,20.25,600,20.45,600,0,132600
ASIANPAINT30JAN201800CE.NFO,07/01/2020,09:50:18,20.25,20.25,600,20.5,600,0,132600
ASIANPAINT30JAN201800CE.NFO,07/01/2020,09:50:36,20.25,19.85,600,20.4,1800,600,134400
ASIANPAINT30JAN201800CE.NFO,07/01/2020,09:50:40,20.25,19.75,600,20.3,600,0,134400
ASIANPAINT30JAN201800CE.NFO,07/01/2020,09:50:46,20.25,19.75,600,20,600,0,134400
ASIANPAINT30JAN201800CE.NFO,07/01/2020,09:50:55,19.8,19.8,1200,20,600,600,134400
ASIANPAINT30JAN201800CE.NFO,07/01/2020,09:50:59,19.8,19.8,1200,20,600,0,134400
ASIANPAINT30JAN201800CE.NFO,07/01/2020,09:51:08,20,19.8,1800,20.2,600,1200,134400
ASIANPAINT30JAN201800CE.NFO,07/01/2020,09:51:12,20,19.8,1800,20.2,600,0,134400
ASIANPAINT30JAN201800CE.NFO,07/01/2020,09:51:21,20.25,20.4,1200,20.9,600,1200,134400
ASIANPAINT30JAN201800CE.NFO,07/01/2020,09:51:26,20.25,20.4,1200,20.85,600,0,134400
ASIANPAINT30JAN201800CE.NFO,07/01/2020,09:51:30,20.25,20.4,1200,20.9,1200,0,134400
ASIANPAINT30JAN201800CE.NFO,07/01/2020,09:51:39,20.25,20.4,1200,20.85,600,0,134400
ASIANPAINT30JAN201800CE.NFO,07/01/2020,09:51:43,20.25,20.5,1200,20.9,1200,0,134400
ASIANPAINT30JAN201800CE.NFO,07/01/2020,09:51:47,20.25,20.5,600,20.9,1200,0,134400
ASIANPAINT30JAN201800CE.NFO,07/01/2020,09:51:50,20.9,20.75,600,21.1,600,600,134400
ASIANPAINT30JAN201800CE.NFO,07/01/2020,09:51:54,20.9,20.75,600,21.1,600,0,134400
ASIANPAINT30JAN201800CE.NFO,07/01/2020,09:52:02,20.9,20.75,1200,21.1,600,0,134400
ASIANPAINT30JAN201800CE.NFO,07/01/2020,09:52:06,20.9,20.75,600,21.1,600,0,134400
ASIANPAINT30JAN201800CE.NFO,07/01/2020,09:52:11,20.9,20.75,600,21.1,1200,0,134400
ASIANPAINT30JAN201800CE.NFO,07/01/2020,09:52:15,20.9,20.75,600,21,1200,0,134400
ASIANPAINT30JAN201800CE.NFO,07/01/2020,09:52:29,20.6,20.5,600,20.95,1200,1200,134400
ASIANPAINT30JAN201800CE.NFO,07/01/2020,09:52:34,20.6,20.6,600,20.95,600,0,134400
ASIANPAINT30JAN201800CE.NFO,07/01/2020,09:52:39,20.6,20.35,600,20.9,600,0,134400
ASIANPAINT30JAN201800CE.NFO,07/01/2020,09:52:43,20.6,20.6,600,21,1200,0,134400
ASIANPAINT30JAN201800CE.NFO,07/01/2020,09:52:48,20.6,20.75,1200,20.9,600,0,134400
ASIANPAINT30JAN201800CE.NFO,07/01/2020,09:52:52,20.6,20.75,600,20.9,600,0,134400
ASIANPAINT30JAN201800CE.NFO,07/01/2020,09:52:56,20.6,20.65,600,20.9,600,0,134400
ASIANPAINT30JAN201800CE.NFO,07/01/2020,09:53:00,20.6,20.55,600,20.9,600,0,134400
ASIANPAINT30JAN201800CE.NFO,07/01/2020,09:53:04,20.6,20.45,1200,20.9,1200,0,134400
ASIANPAINT30JAN201800CE.NFO,07/01/2020,09:53:10,20.6,20.45,1200,20.85,600,0,134400
ASIANPAINT30JAN201800CE.NFO,07/01/2020,09:53:15,20.6,20.45,2400,20.9,600,0,134400
ASIANPAINT30JAN201800CE.NFO,07/01/2020,09:53:19,20.6,20.45,1800,20.85,600,0,134400
ASIANPAINT30JAN201800CE.NFO,07/01/2020,09:53:24,20.6,20.35,1200,20.85,1800,0,134400
ASIANPAINT30JAN201800CE.NFO,07/01/2020,09:53:29,20.6,20.35,2400,20.8,600,0,134400
ASIANPAINT30JAN201800CE.NFO,07/01/2020,09:53:33,20.6,20.35,1800,20.75,600,0,134400
ASIANPAINT30JAN201800CE.NFO,07/01/2020,09:53:37,20.6,20.35,2400,20.85,1200,0,134400
ASIANPAINT30JAN201800CE.NFO,07/01/2020,09:53:41,20.6,20.35,2400,20.8,1200,0,134400
ASIANPAINT30JAN201800CE.NFO,07/01/2020,09:53:46,20.6,20.4,600,20.85,600,0,134400
ASIANPAINT30JAN201800CE.NFO,07/01/2020,09:53:50,20.6,20.4,600,20.85,1200,0,134400
ASIANPAINT30JAN201800CE.NFO,07/01/2020,09:53:55,20.6,20.45,3600,20.9,600,0,134400
ASIANPAINT30JAN201800CE.NFO,07/01/2020,09:54:00,20.9,20.7,1200,21,3000,600,133800
ASIANPAINT30JAN201800CE.NFO,07/01/2020,09:54:05,21,20.85,600,21.1,600,3000,133800
ASIANPAINT30JAN201800CE.NFO,07/01/2020,09:54:10,21,20.75,600,21.1,600,0,133800
ASIANPAINT30JAN201800CE.NFO,07/01/2020,09:54:15,21,20.75,1200,21.1,600,0,133800
ASIANPAINT30JAN201800CE.NFO,07/01/2020,09:54:19,21,20.75,600,21.1,600,0,133800
ASIANPAINT30JAN201800CE.NFO,07/01/2020,09:54:24,21,20.7,600,21.1,1200,0,133800
ASIANPAINT30JAN201800CE.NFO,07/01/2020,09:54:29,21,20.7,1200,21.1,1800,0,133800
ASIANPAINT30JAN201800CE.NFO,07/01/2020,09:54:34,21,20.65,1800,21.05,1200,0,133800
ASIANPAINT30JAN201800CE.NFO,07/01/2020,09:54:38,21,20.55,600,21.05,600,0,133800
ASIANPAINT30JAN201800CE.NFO,07/01/2020,09:54:43,21,20.6,1200,21,600,0,133800
ASIANPAINT30JAN201800CE.NFO,07/01/2020,09:54:51,21,20.6,1200,21,1200,0,133800
ASIANPAINT30JAN201800CE.NFO,07/01/2020,09:54:55,21,20.6,1200,21,600,0,133800
ASIANPAINT30JAN201800CE.NFO,07/01/2020,09:55:03,21,20.65,1800,21,1200,0,133800
ASIANPAINT30JAN201800CE.NFO,07/01/2020,09:55:09,21,20.65,1200,21,1200,0,133800
ASIANPAINT30JAN201800CE.NFO,07/01/2020,09:55:23,21,20.65,1200,21,600,0,133800
ASIANPAINT30JAN201800CE.NFO,07/01/2020,09:55:27,21,20.65,1200,21,1200,0,133800
ASIANPAINT30JAN201800CE.NFO,07/01/2020,09:55:35,21,20.65,1200,20.95,1200,0,133800
ASIANPAINT30JAN201800CE.NFO,07/01/2020,09:55:40,21,20.65,1200,21,600,0,133800
ASIANPAINT30JAN201800CE.NFO,07/01/2020,09:55:45,21,20.65,1200,21.05,1200,0,133800
ASIANPAINT30JAN201800CE.NFO,07/01/2020,09:55:52,21,20.65,1200,21.05,600,0,133800
ASIANPAINT30JAN201800CE.NFO,07/01/2020,09:55:56,21,20.65,1200,21.05,1800,0,133800
ASIANPAINT30JAN201800CE.NFO,07/01/2020,09:56:03,21,20.65,1200,21.05,2400,0,133800
ASIANPAINT30JAN201800CE.NFO,07/01/2020,09:56:08,20.6,20.3,600,20.95,2400,1800,133800
ASIANPAINT30JAN201800CE.NFO,07/01/2020,09:56:13,20.6,20.4,600,20.95,1800,0,133800
ASIANPAINT30JAN201800CE.NFO,07/01/2020,09:56:18,20.6,20.45,1200,20.9,600,0,133800
ASIANPAINT30JAN201800CE.NFO,07/01/2020,09:56:22,20.6,20.5,1800,20.9,1200,0,133800
ASIANPAINT30JAN201800CE.NFO,07/01/2020,09:56:27,20.5,20.4,1200,20.9,1200,600,132600
ASIANPAINT30JAN201800CE.NFO,07/01/2020,09:56:32,20.5,20.4,1200,20.9,600,0,132600
ASIANPAINT30JAN201800CE.NFO,07/01/2020,09:56:36,20.5,20.4,1200,20.9,600,600,132600
ASIANPAINT30JAN201800CE.NFO,07/01/2020,09:56:40,20.5,20.55,1800,21,600,0,132600
ASIANPAINT30JAN201800CE.NFO,07/01/2020,09:56:45,20.5,20.35,1200,20.95,1200,0,132600
ASIANPAINT30JAN201800CE.NFO,07/01/2020,09:56:49,20.75,20.75,1800,21,600,600,132600
ASIANPAINT30JAN201800CE.NFO,07/01/2020,09:56:54,20.75,20.75,1800,21,600,0,132600
ASIANPAINT30JAN201800CE.NFO,07/01/2020,09:56:58,20.75,20.4,600,21,1200,0,132600
ASIANPAINT30JAN201800CE.NFO,07/01/2020,09:57:03,20.85,20.35,600,20.95,600,2400,132600
ASIANPAINT30JAN201800CE.NFO,07/01/2020,09:57:07,20.85,20.4,600,20.85,600,0,132600
ASIANPAINT30JAN201800CE.NFO,07/01/2020,09:57:11,20.85,20.4,1200,20.95,1200,0,132600
ASIANPAINT30JAN201800CE.NFO,07/01/2020,09:57:20,21,20.4,600,21,600,600,132600
ASIANPAINT30JAN201800CE.NFO,07/01/2020,09:57:24,21,20.3,1200,20.9,1200,0,132600
ASIANPAINT30JAN201800CE.NFO,07/01/2020,09:57:28,21,20.3,600,20.9,1200,0,132600
ASIANPAINT30JAN201800CE.NFO,07/01/2020,09:57:32,21,20.35,600,20.95,600,0,132600
ASIANPAINT30JAN201800CE.NFO,07/01/2020,09:57:34,20.95,20.35,600,21,1200,600,132600
ASIANPAINT30JAN201800CE.NFO,07/01/2020,09:57:36,20.95,20.3,600,20.95,600,0,132600
ASIANPAINT30JAN201800CE.NFO,07/01/2020,09:57:41,20.95,20.3,1200,20.95,600,0,132600
ASIANPAINT30JAN201800CE.NFO,07/01/2020,09:57:47,20.95,20.35,600,20.95,600,0,132600
ASIANPAINT30JAN201800CE.NFO,07/01/2020,09:57:50,20.95,20.25,600,20.9,600,0,132600
ASIANPAINT30JAN201800CE.NFO,07/01/2020,09:57:54,20.95,20.2,1200,20.85,1200,0,132600
ASIANPAINT30JAN201800CE.NFO,07/01/2020,09:57:57,20.95,20.2,1200,20.9,600,0,132600
ASIANPAINT30JAN201800CE.NFO,07/01/2020,09:58:03,20.95,20.3,600,20.95,600,0,132600
ASIANPAINT30JAN201800CE.NFO,07/01/2020,09:58:10,20.95,20.35,600,20.95,1200,0,132600
ASIANPAINT30JAN201800CE.NFO,07/01/2020,09:58:14,20.95,20.4,1200,21,1200,0,132600
ASIANPAINT30JAN201800CE.NFO,07/01/2020,09:58:18,20.95,20.4,1200,21,600,0,132600
ASIANPAINT30JAN201800CE.NFO,07/01/2020,09:58:21,20.95,20.4,2400,21.05,600,0,132600
ASIANPAINT30JAN201800CE.NFO,07/01/2020,09:58:25,20.95,20.25,600,20.9,600,0,132600
ASIANPAINT30JAN201800CE.NFO,07/01/2020,09:58:30,20.95,20.25,1200,20.9,600,0,132600
ASIANPAINT30JAN201800CE.NFO,07/01/2020,09:58:34,20.95,20.3,1800,20.9,600,0,132600
ASIANPAINT30JAN201800CE.NFO,07/01/2020,09:58:39,20.95,20.25,600,20.9,600,0,132600
ASIANPAINT30JAN201800CE.NFO,07/01/2020,09:58:43,20.95,20.3,1200,20.9,600,0,132600
ASIANPAINT30JAN201800CE.NFO,07/01/2020,09:58:49,20.95,20.3,600,20.85,600,0,132600
ASIANPAINT30JAN201800CE.NFO,07/01/2020,09:58:54,20.95,20.3,1200,20.9,600,0,132600
ASIANPAINT30JAN201800CE.NFO,07/01/2020,09:59:00,20.95,20.45,600,20.95,600,0,132600
ASIANPAINT30JAN201800CE.NFO,07/01/2020,09:59:04,20.95,20.4,600,20.9,600,0,132600
ASIANPAINT30JAN201800CE.NFO,07/01/2020,09:59:10,20.95,20.4,1800,20.9,600,0,132600
ASIANPAINT30JAN201800CE.NFO,07/01/2020,09:59:15,20.95,20.45,600,20.9,600,0,132600
ASIANPAINT30JAN201800CE.NFO,07/01/2020,09:59:19,20.95,20.35,1200,20.9,600,0,132600
ASIANPAINT30JAN201800CE.NFO,07/01/2020,09:59:28,20.95,20.35,600,20.85,1200,0,132600
ASIANPAINT30JAN201800CE.NFO,07/01/2020,09:59:32,20.95,20.35,600,20.9,600,0,132600
ASIANPAINT30JAN201800CE.NFO,07/01/2020,09:59:37,20.95,20.5,600,20.95,1200,0,132600
ASIANPAINT30JAN201800CE.NFO,07/01/2020,09:59:47,20.95,20.55,1200,20.95,600,0,132600
ASIANPAINT30JAN201800CE.NFO,07/01/2020,09:59:51,20.95,20.55,600,20.95,600,0,132600
ASIANPAINT30JAN201800CE.NFO,07/01/2020,09:59:54,20.95,20.45,600,20.9,600,0,132600
ASIANPAINT30JAN201800CE.NFO,07/01/2020,10:00:00,20.95,20.45,600,20.95,600,0,132600
ASIANPAINT30JAN201800CE.NFO,07/01/2020,10:00:04,20.95,20.4,1200,20.85,1200,0,132600
ASIANPAINT30JAN201800CE.NFO,07/01/2020,10:00:09,20.95,20.4,1200,20.9,600,0,132600
ASIANPAINT30JAN201800CE.NFO,07/01/2020,10:00:18,20.95,20.25,600,20.8,600,0,132600
ASIANPAINT30JAN201800CE.NFO,07/01/2020,10:00:23,20.95,20.2,1800,20.8,1200,0,132600
ASIANPAINT30JAN201800CE.NFO,07/01/2020,10:00:28,20.95,20.15,600,20.75,1200,0,132600
ASIANPAINT30JAN201800CE.NFO,07/01/2020,10:00:32,20.95,20.3,1200,20.85,600,0,132600
ASIANPAINT30JAN201800CE.NFO,07/01/2020,10:00:36,20.95,20.3,600,20.8,600,0,132600
ASIANPAINT30JAN201800CE.NFO,07/01/2020,10:00:40,20.95,20.35,1200,20.95,1200,0,132600
ASIANPAINT30JAN201800CE.NFO,07/01/2020,10:00:46,20.95,20.35,600,20.9,600,0,132600
ASIANPAINT30JAN201800CE.NFO,07/01/2020,10:00:59,20.95,20.35,600,20.8,600,0,132600
ASIANPAINT30JAN201800CE.NFO,07/01/2020,10:01:04,20.5,20.3,1200,20.8,600,600,129600
ASIANPAINT30JAN201800CE.NFO,07/01/2020,10:01:10,20.5,20.35,1200,20.9,600,0,129600
ASIANPAINT30JAN201800CE.NFO,07/01/2020,10:01:16,20.5,20.05,600,20.65,1200,0,129600
ASIANPAINT30JAN201800CE.NFO,07/01/2020,10:01:22,20.5,20,600,20.55,600,0,129600
ASIANPAINT30JAN201800CE.NFO,07/01/2020,10:01:28,20.5,20.1,600,20.55,1200,0,129600
ASIANPAINT30JAN201800CE.NFO,07/01/2020,10:01:34,20.5,20.05,1200,20.45,600,0,129600
ASIANPAINT30JAN201800CE.NFO,07/01/2020,10:01:40,20.3,20.1,1800,20.7,1200,600,129600
ASIANPAINT30JAN201800CE.NFO,07/01/2020,10:01:46,20.3,20.1,1800,20.65,600,0,129600
ASIANPAINT30JAN201800CE.NFO,07/01/2020,10:01:51,20.3,20.05,1200,20.6,600,0,129600
ASIANPAINT30JAN201800CE.NFO,07/01/2020,10:01:56,20.3,20.1,1200,20.65,600,0,129600
ASIANPAINT30JAN201800CE.NFO,07/01/2020,10:02:01,20.3,20,1200,20.6,1200,0,129600
ASIANPAINT30JAN201800CE.NFO,07/01/2020,10:02:07,20.3,20.05,1200,20.6,1200,0,129600
ASIANPAINT30JAN201800CE.NFO,07/01/2020,10:02:12,20.3,20.3,600,20.7,600,0,129600
ASIANPAINT30JAN201800CE.NFO,07/01/2020,10:02:18,20.3,20.2,600,20.7,600,0,129600
ASIANPAINT30JAN201800CE.NFO,07/01/2020,10:02:23,20.3,20.15,600,20.65,600,0,129600
ASIANPAINT30JAN201800CE.NFO,07/01/2020,10:02:29,20.3,20.2,600,20.65,600,0,129600
ASIANPAINT30JAN201800CE.NFO,07/01/2020,10:02:34,20.2,20.1,600,20.65,600,600,129000
ASIANPAINT30JAN201800CE.NFO,07/01/2020,10:02:39,20.2,20.1,600,20.65,600,0,129000
ASIANPAINT30JAN201800CE.NFO,07/01/2020,10:02:43,20.2,20.1,600,20.65,1200,0,129000
ASIANPAINT30JAN201800CE.NFO,07/01/2020,10:02:47,20.2,19.95,1200,20.55,600,0,129000
ASIANPAINT30JAN201800CE.NFO,07/01/2020,10:02:51,20.2,19.95,1200,20.6,1200,0,129000
ASIANPAINT30JAN201800CE.NFO,07/01/2020,10:02:55,20.2,20.05,1200,20.65,600,0,129000
ASIANPAINT30JAN201800CE.NFO,07/01/2020,10:02:59,20.2,20.05,1800,20.65,600,0,129000
ASIANPAINT30JAN201800CE.NFO,07/01/2020,10:03:04,20.2,20.05,1200,20.6,600,0,129000
ASIANPAINT30JAN201800CE.NFO,07/01/2020,10:03:08,20.2,20,600,20.55,600,0,129000
ASIANPAINT30JAN201800CE.NFO,07/01/2020,10:03:14,20.2,19.95,600,20.5,600,0,129000
ASIANPAINT30JAN201800CE.NFO,07/01/2020,10:03:19,20.2,19.95,600,20.45,600,0,129000
ASIANPAINT30JAN201800CE.NFO,07/01/2020,10:03:23,20.2,19.95,600,20.55,600,0,129000
ASIANPAINT30JAN201800CE.NFO,07/01/2020,10:03:28,20.2,19.95,1200,20.55,600,0,129000
ASIANPAINT30JAN201800CE.NFO,07/01/2020,10:03:38,20.2,19.95,1200,20.6,600,0,129000
ASIANPAINT30JAN201800CE.NFO,07/01/2020,10:03:48,20.2,19.95,600,20.5,600,0,129000
ASIANPAINT30JAN201800CE.NFO,07/01/2020,10:03:52,20.2,19.85,600,20.45,600,0,129000
ASIANPAINT30JAN201800CE.NFO,07/01/2020,10:03:57,20.2,19.85,1200,20.45,600,0,129000
ASIANPAINT30JAN201800CE.NFO,07/01/2020,10:04:01,20.2,19.9,1200,20.5,600,0,129000
ASIANPAINT30JAN201800CE.NFO,07/01/2020,10:04:06,20.2,19.75,1800,20.4,600,0,129000
ASIANPAINT30JAN201800CE.NFO,07/01/2020,10:04:11,20.2,19.75,600,20.25,600,0,129000
ASIANPAINT30JAN201800CE.NFO,07/01/2020,10:04:15,20,20.05,600,20.6,1200,1800,129000
ASIANPAINT30JAN201800CE.NFO,07/01/2020,10:04:19,20,20,600,20.55,600,0,129000
ASIANPAINT30JAN201800CE.NFO,07/01/2020,10:04:23,20,20,1200,20.55,600,0,129000
ASIANPAINT30JAN201800CE.NFO,07/01/2020,10:04:33,20,20,600,20.4,1800,0,129000
ASIANPAINT30JAN201800CE.NFO,07/01/2020,10:04:38,20,19.95,600,20.3,1800,0,129000
ASIANPAINT30JAN201800CE.NFO,07/01/2020,10:04:42,20,19.9,600,20.45,600,0,129000
ASIANPAINT30JAN201800CE.NFO,07/01/2020,10:04:46,20,19.9,1200,20.45,600,0,129000
ASIANPAINT30JAN201800CE.NFO,07/01/2020,10:05:02,19.9,19.65,600,20.35,1200,600,129000
ASIANPAINT30JAN201800CE.NFO,07/01/2020,10:05:06,19.9,19.65,600,20.25,600,0,129000
ASIANPAINT30JAN201800CE.NFO,07/01/2020,10:05:10,19.9,19.6,600,20.25,1200,0,129000
ASIANPAINT30JAN201800CE.NFO,07/01/2020,10:05:14,19.9,19.6,1200,20.2,600,0,129000
ASIANPAINT30JAN201800CE.NFO,07/01/2020,10:05:17,19.9,19.6,1200,20.2,1200,0,129000
ASIANPAINT30JAN201800CE.NFO,07/01/2020,10:05:21,19.9,19.6,1200,20.15,600,0,129000
ASIANPAINT30JAN201800CE.NFO,07/01/2020,10:05:24,19.9,19.6,1800,20.2,600,0,129000
ASIANPAINT30JAN201800CE.NFO,07/01/2020,10:05:27,19.9,19.55,1200,20.15,600,0,129000
ASIANPAINT30JAN201800CE.NFO,07/01/2020,10:05:30,19.9,19.55,1800,20.15,600,0,129000
ASIANPAINT30JAN201800CE.NFO,07/01/2020,10:05:37,19.9,19.6,1200,20.15,600,0,129000
ASIANPAINT30JAN201800CE.NFO,07/01/2020,10:05:48,19.9,19.65,1200,20.35,1200,0,129000
ASIANPAINT30JAN201800CE.NFO,07/01/2020,10:05:54,19.9,19.65,1200,20.3,600,0,129000
ASIANPAINT30JAN201800CE.NFO,07/01/2020,10:06:17,19.9,19.45,600,20.1,600,0,129000
ASIANPAINT30JAN201800CE.NFO,07/01/2020,10:06:21,19.9,19.6,600,20.15,600,0,129000
ASIANPAINT30JAN201800CE.NFO,07/01/2020,10:06:31,19.9,19.65,600,20.2,1200,0,129000
ASIANPAINT30JAN201800CE.NFO,07/01/2020,10:06:37,19.9,19.6,1200,20.2,1200,0,129000
ASIANPAINT30JAN201800CE.NFO,07/01/2020,10:06:42,19.9,19.45,600,20,600,0,129000
ASIANPAINT30JAN201800CE.NFO,07/01/2020,10:06:47,19.9,19.6,600,20,600,0,129000
ASIANPAINT30JAN201800CE.NFO,07/01/2020,10:07:02,19.6,19.2,600,19.7,600,600,127200
ASIANPAINT30JAN201800CE.NFO,07/01/2020,10:07:08,19.6,19.2,600,19.6,600,0,127200
ASIANPAINT30JAN201800CE.NFO,07/01/2020,10:07:13,19.6,19.25,600,19.65,1800,0,127200
ASIANPAINT30JAN201800CE.NFO,07/01/2020,10:07:18,19.6,19.3,600,19.8,600,0,127200
ASIANPAINT30JAN201800CE.NFO,07/01/2020,10:07:23,19.6,19.4,600,19.8,600,0,127200
ASIANPAINT30JAN201800CE.NFO,07/01/2020,10:07:28,19.6,19.35,600,19.75,1200,0,127200
ASIANPAINT30JAN201800CE.NFO,07/01/2020,10:07:33,19.3,18.3,1200,19.2,1200,600,127200
ASIANPAINT30JAN201800CE.NFO,07/01/2020,10:07:39,19.3,18.55,1800,19.35,1800,0,127200
ASIANPAINT30JAN201800CE.NFO,07/01/2020,10:07:43,19.3,18.65,1200,19.6,600,0,127200
ASIANPAINT30JAN201800CE.NFO,07/01/2020,10:07:48,19.3,19.1,1200,19.8,1200,0,127200
ASIANPAINT30JAN201800CE.NFO,07/01/2020,10:07:54,19.3,19.1,1200,19.8,600,0,127200
ASIANPAINT30JAN201800CE.NFO,07/01/2020,10:07:59,19.3,19,1200,19.75,600,0,127200
ASIANPAINT30JAN201800CE.NFO,07/01/2020,10:08:04,19.3,18.95,600,19.6,1200,0,127200
ASIANPAINT30JAN201800CE.NFO,07/01/2020,10:08:08,19.3,18.9,1200,19.55,1200,0,127200
ASIANPAINT30JAN201800CE.NFO,07/01/2020,10:08:12,19.3,18.9,1200,19.45,600,0,127200
ASIANPAINT30JAN201800CE.NFO,07/01/2020,10:08:13,19.3,18.9,1200,19.75,600,0,127200
ASIANPAINT30JAN201800CE.NFO,07/01/2020,10:08:14,19.3,19,600,19.9,600,0,127200
ASIANPAINT30JAN201800CE.NFO,07/01/2020,10:08:15,19.3,18.95,1200,19.8,1200,0,127200
ASIANPAINT30JAN201800CE.NFO,07/01/2020,10:08:16,19.3,18.95,1200,19.85,600,0,127200
ASIANPAINT30JAN201800CE.NFO,07/01/2020,10:08:17,19.3,18.95,1200,19.85,1200,0,127200
ASIANPAINT30JAN201800CE.NFO,07/01/2020,10:08:18,19.3,18.95,1200,19.9,1800,0,127200
ASIANPAINT30JAN201800CE.NFO,07/01/2020,10:08:19,19.3,18.95,1200,19.9,1200,0,127200
ASIANPAINT30JAN201800CE.NFO,07/01/2020,10:08:19,19.3,18.95,1800,19.9,1200,0,127200
ASIANPAINT30JAN201800CE.NFO,07/01/2020,10:08:21,19.3,18.95,1800,19.9,600,0,127200
ASIANPAINT30JAN201800CE.NFO,07/01/2020,10:08:22,19.3,19.1,600,19.9,1200,0,127200
ASIANPAINT30JAN201800CE.NFO,07/01/2020,10:08:24,19.3,19.1,1200,19.85,600,0,127200
ASIANPAINT30JAN201800CE.NFO,07/01/2020,10:08:25,19.3,19.1,1200,19.9,600,0,127200
ASIANPAINT30JAN201800CE.NFO,07/01/2020,10:08:27,19.3,19.1,600,19.85,1200,0,127200
ASIANPAINT30JAN201800CE.NFO,07/01/2020,10:08:28,19.3,19.1,1200,19.85,1200,0,127200
ASIANPAINT30JAN201800CE.NFO,07/01/2020,10:08:29,19.3,19.1,1200,19.75,600,0,127200
ASIANPAINT30JAN201800CE.NFO,07/01/2020,10:08:30,19.3,19.05,600,19.7,600,0,127200
ASIANPAINT30JAN201800CE.NFO,07/01/2020,10:08:31,19.3,19.05,1200,19.8,1200,600,127800
ASIANPAINT30JAN201800CE.NFO,07/01/2020,10:08:32,19.3,19.05,1200,19.8,600,0,127800
ASIANPAINT30JAN201800CE.NFO,07/01/2020,10:08:34,19.3,19.05,1200,19.9,600,0,127800
ASIANPAINT30JAN201800CE.NFO,07/01/2020,10:08:36,19.3,19.05,1200,19.9,1200,0,127800
ASIANPAINT30JAN201800CE.NFO,07/01/2020,10:08:38,19.3,19.05,1200,19.85,600,0,127800
ASIANPAINT30JAN201800CE.NFO,07/01/2020,10:08:40,19.3,19.05,1200,19.7,600,0,127800
ASIANPAINT30JAN201800CE.NFO,07/01/2020,10:08:41,19.3,19.05,1200,19.75,600,0,127800
ASIANPAINT30JAN201800CE.NFO,07/01/2020,10:08:44,19.3,19.05,1200,19.75,1200,0,127800
ASIANPAINT30JAN201800CE.NFO,07/01/2020,10:08:45,19.3,19.05,1200,19.9,600,0,127800
ASIANPAINT30JAN201800CE.NFO,07/01/2020,10:08:47,19.3,19.05,1200,19.9,1200,0,127800
ASIANPAINT30JAN201800CE.NFO,07/01/2020,10:08:48,19.3,19.05,1200,19.9,600,0,127800
ASIANPAINT30JAN201800CE.NFO,07/01/2020,10:08:50,19.3,19.05,1200,19.95,600,0,127800
ASIANPAINT30JAN201800CE.NFO,07/01/2020,10:08:51,19.3,19.05,1200,19.9,600,0,127800
ASIANPAINT30JAN201800CE.NFO,07/01/2020,10:08:58,19.3,19.05,1200,19.9,1200,0,127800
ASIANPAINT30JAN201800CE.NFO,07/01/2020,10:09:00,19.3,19.05,1200,19.9,600,0,127800
ASIANPAINT30JAN201800CE.NFO,07/01/2020,10:09:01,19.3,19.05,600,19.65,1200,0,127800
ASIANPAINT30JAN201800CE.NFO,07/01/2020,10:09:03,19.3,19.05,1200,19.7,600,0,127800
ASIANPAINT30JAN201800CE.NFO,07/01/2020,10:09:05,19.3,19.05,1200,19.7,1200,0,127800
ASIANPAINT30JAN201800CE.NFO,07/01/2020,10:09:07,19.3,19.05,1200,19.7,600,0,127800
ASIANPAINT30JAN201800CE.NFO,07/01/2020,10:09:08,19.3,19.05,600,19.55,600,0,127800
ASIANPAINT30JAN201800CE.NFO,07/01/2020,10:09:09,19.3,19.05,600,19.5,600,0,127800
ASIANPAINT30JAN201800CE.NFO,07/01/2020,10:09:16,19.3,19.1,600,19.5,600,0,127800
ASIANPAINT30JAN201800CE.NFO,07/01/2020,10:09:21,19.3,19.05,1200,19.5,600,0,127800
ASIANPAINT30JAN201800CE.NFO,07/01/2020,10:09:31,19.3,19.05,1200,19.65,600,0,127800
ASIANPAINT30JAN201800CE.NFO,07/01/2020,10:09:35,19.3,19.05,1200,19.85,600,0,127800
ASIANPAINT30JAN201800CE.NFO,07/01/2020,10:09:39,19.3,19.05,1200,19.9,1200,0,127800
ASIANPAINT30JAN201800CE.NFO,07/01/2020,10:09:44,19.3,19.05,1200,19.7,600,0,127800
ASIANPAINT30JAN201800CE.NFO,07/01/2020,10:09:48,19.3,19.05,1200,19.9,600,0,127800
ASIANPAINT30JAN201800CE.NFO,07/01/2020,10:09:52,19.3,19.05,1200,19.85,600,0,127800
ASIANPAINT30JAN201800CE.NFO,07/01/2020,10:10:02,19.3,19.05,1200,20,600,0,127800
ASIANPAINT30JAN201800CE.NFO,07/01/2020,10:10:08,19.3,19.4,1800,20,600,0,127800
ASIANPAINT30JAN201800CE.NFO,07/01/2020,10:10:18,19.3,19.55,600,20,600,0,127800
ASIANPAINT30JAN201800CE.NFO,07/01/2020,10:10:22,19.3,19.5,1200,20,600,0,127800
ASIANPAINT30JAN201800CE.NFO,07/01/2020,10:10:26,19.3,19.4,600,20,600,0,127800
ASIANPAINT30JAN201800CE.NFO,07/01/2020,10:10:30,19.3,19.3,3000,19.95,600,0,127800
ASIANPAINT30JAN201800CE.NFO,07/01/2020,10:10:35,19.3,19.3,3000,20.15,600,0,127800
ASIANPAINT30JAN201800CE.NFO,07/01/2020,10:10:39,19.3,19.3,4200,20.15,600,0,127800
ASIANPAINT30JAN201800CE.NFO,07/01/2020,10:11:19,19.3,19.3,4200,20.1,1200,0,127800
ASIANPAINT30JAN201800CE.NFO,07/01/2020,10:11:23,19.3,19.3,4200,20.05,600,0,127800
ASIANPAINT30JAN201800CE.NFO,07/01/2020,10:11:27,19.3,19.3,3000,20.05,600,0,127800
ASIANPAINT30JAN201800CE.NFO,07/01/2020,10:11:30,19.3,19.3,4200,20.05,600,0,127800
ASIANPAINT30JAN201800CE.NFO,07/01/2020,10:11:34,19.3,19.3,4200,20.1,600,0,127800
ASIANPAINT30JAN201800CE.NFO,07/01/2020,10:11:47,19.3,19.3,4200,20.1,1200,0,127800
ASIANPAINT30JAN201800CE.NFO,07/01/2020,10:11:50,19.3,19.3,4200,20.05,600,0,127800
ASIANPAINT30JAN201800CE.NFO,07/01/2020,10:12:23,20.1,19.75,1200,20.2,600,600,127200
ASIANPAINT30JAN201800CE.NFO,07/01/2020,10:12:28,20.1,19.65,600,20.1,600,0,127200
ASIANPAINT30JAN201800CE.NFO,07/01/2020,10:12:32,20.1,19.7,1800,20.1,600,0,127200
ASIANPAINT30JAN201800CE.NFO,07/01/2020,10:12:45,20.1,19.7,1200,20.1,600,0,127200
ASIANPAINT30JAN201800CE.NFO,07/01/2020,10:12:52,20.1,19.7,1800,20.1,600,0,127200
ASIANPAINT30JAN201800CE.NFO,07/01/2020,10:12:56,20.1,19.7,1800,20.2,1200,0,127200
ASIANPAINT30JAN201800CE.NFO,07/01/2020,10:13:00,20.1,19.7,1200,20.2,1200,0,127200
ASIANPAINT30JAN201800CE.NFO,07/01/2020,10:13:04,20.1,19.7,1200,20.1,600,0,127200
ASIANPAINT30JAN201800CE.NFO,07/01/2020,10:13:08,20.1,19.6,1800,20.1,600,0,127200
ASIANPAINT30JAN201800CE.NFO,07/01/2020,10:13:12,20.1,19.6,1800,20.1,1200,0,127200
ASIANPAINT30JAN201800CE.NFO,07/01/2020,10:13:21,20.1,19.6,1800,20.05,600,0,127200
ASIANPAINT30JAN201800CE.NFO,07/01/2020,10:13:29,20.1,19.6,1800,20.1,1200,0,127200
ASIANPAINT30JAN201800CE.NFO,07/01/2020,10:13:36,20.1,19.6,1800,20.1,600,0,127200
ASIANPAINT30JAN201800CE.NFO,07/01/2020,10:13:39,20.1,19.6,1800,20.05,600,0,127200
ASIANPAINT30JAN201800CE.NFO,07/01/2020,10:13:46,20.1,19.6,1800,20.1,1200,0,127200
ASIANPAINT30JAN201800CE.NFO,07/01/2020,10:13:52,20.1,19.6,1800,20.1,600,0,127200
ASIANPAINT30JAN201800CE.NFO,07/01/2020,10:14:11,20.1,20,600,20.2,600,600,127200
ASIANPAINT30JAN201800CE.NFO,07/01/2020,10:14:17,20.1,20,600,20.2,600,0,127200
ASIANPAINT30JAN201800CE.NFO,07/01/2020,10:14:22,20.15,20,600,20.2,600,600,127200
ASIANPAINT30JAN201800CE.NFO,07/01/2020,10:14:27,20.2,19.9,600,20.35,600,600,126600
ASIANPAINT30JAN201800CE.NFO,07/01/2020,10:14:32,20.2,19.9,1200,20.4,600,0,126600
ASIANPAINT30JAN201800CE.NFO,07/01/2020,10:14:37,20.2,19.9,600,20.4,600,0,126600
ASIANPAINT30JAN201800CE.NFO,07/01/2020,10:14:42,20.2,19.9,1200,20.4,600,0,126600
ASIANPAINT30JAN201800CE.NFO,07/01/2020,10:14:46,20.2,19.75,600,20.3,600,0,126600
ASIANPAINT30JAN201800CE.NFO,07/01/2020,10:14:51,20.2,19.8,1200,20.4,600,0,126600
ASIANPAINT30JAN201800CE.NFO,07/01/2020,10:14:56,20.2,19.55,600,20.15,600,0,126600
ASIANPAINT30JAN201800CE.NFO,07/01/2020,10:15:00,20.2,19.55,600,20,600,0,126600
ASIANPAINT30JAN201800CE.NFO,07/01/2020,10:15:06,20.2,19.6,600,20,600,0,126600
ASIANPAINT30JAN201800CE.NFO,07/01/2020,10:15:11,20.2,19.5,1800,19.95,600,0,126600
ASIANPAINT30JAN201800CE.NFO,07/01/2020,10:15:16,20.2,19.5,1800,20,1200,0,126600
ASIANPAINT30JAN201800CE.NFO,07/01/2020,10:15:21,20.2,19.5,600,20,1200,0,126600
ASIANPAINT30JAN201800CE.NFO,07/01/2020,10:15:31,20.2,19.45,600,19.95,600,0,126600
ASIANPAINT30JAN201800CE.NFO,07/01/2020,10:15:41,20.2,19.55,600,20,1200,0,126600
ASIANPAINT30JAN201800CE.NFO,07/01/2020,10:15:45,20.2,19.55,600,20,600,0,126600
ASIANPAINT30JAN201800CE.NFO,07/01/2020,10:15:52,20.2,19.55,600,20,1200,0,126600
ASIANPAINT30JAN201800CE.NFO,07/01/2020,10:16:01,20.2,19.55,1200,20.1,1200,0,126600
ASIANPAINT30JAN201800CE.NFO,07/01/2020,10:16:06,20.2,19.45,1800,20,600,0,126600
ASIANPAINT30JAN201800CE.NFO,07/01/2020,10:16:11,20.2,19.45,1800,19.95,600,0,126600
ASIANPAINT30JAN201800CE.NFO,07/01/2020,10:16:19,20.2,19.45,1200,19.9,1200,0,126600
ASIANPAINT30JAN201800CE.NFO,07/01/2020,10:16:22,20.2,19.5,600,19.9,1200,0,126600
ASIANPAINT30JAN201800CE.NFO,07/01/2020,10:16:26,20.2,19.55,600,19.9,600,0,126600
ASIANPAINT30JAN201800CE.NFO,07/01/2020,10:16:40,20.2,19.6,600,19.9,600,0,126600
ASIANPAINT30JAN201800CE.NFO,07/01/2020,10:16:44,20.2,19.6,600,19.95,600,0,126600
ASIANPAINT30JAN201800CE.NFO,07/01/2020,10:16:48,20.2,19.6,600,20,600,0,126600
ASIANPAINT30JAN201800CE.NFO,07/01/2020,10:16:52,20.2,19.65,600,20.15,600,0,126600
ASIANPAINT30JAN201800CE.NFO,07/01/2020,10:17:00,20.2,19.75,600,20.15,600,0,126600
ASIANPAINT30JAN201800CE.NFO,07/01/2020,10:17:04,20.2,19.8,600,20.15,600,0,126600
ASIANPAINT30JAN201800CE.NFO,07/01/2020,10:17:08,20.2,19.8,600,20.05,600,0,126600
ASIANPAINT30JAN201800CE.NFO,07/01/2020,10:17:16,20.2,19.8,600,20.05,1200,0,126600
ASIANPAINT30JAN201800CE.NFO,07/01/2020,10:17:20,20.2,19.8,600,20,600,0,126600
ASIANPAINT30JAN201800CE.NFO,07/01/2020,10:17:24,19.8,19.7,600,19.95,600,600,126600
ASIANPAINT30JAN201800CE.NFO,07/01/2020,10:17:28,19.8,19.6,600,19.9,600,0,126600
ASIANPAINT30JAN201800CE.NFO,07/01/2020,10:17:45,19.8,19.6,600,19.85,600,0,126600
ASIANPAINT30JAN201800CE.NFO,07/01/2020,10:17:56,19.8,19.6,600,19.95,600,0,126600
ASIANPAINT30JAN201800CE.NFO,07/01/2020,10:17:59,19.8,19.6,600,19.95,1800,0,126600
ASIANPAINT30JAN201800CE.NFO,07/01/2020,10:18:04,19.8,19.6,600,19.95,600,0,126600
ASIANPAINT30JAN201800CE.NFO,07/01/2020,10:18:07,19.8,19.6,600,19.95,1200,0,126600
ASIANPAINT30JAN201800CE.NFO,07/01/2020,10:18:11,19.8,19.6,600,19.95,1800,0,126600
ASIANPAINT30JAN201800CE.NFO,07/01/2020,10:18:15,19.8,19.6,600,19.95,1200,0,126600
ASIANPAINT30JAN201800CE.NFO,07/01/2020,10:18:37,19.8,19.6,600,19.9,600,0,126600
ASIANPAINT30JAN201800CE.NFO,07/01/2020,10:18:52,19.8,19.6,600,19.9,1200,0,126600
ASIANPAINT30JAN201800CE.NFO,07/01/2020,10:18:57,19.6,19.55,1200,19.85,1200,600,127200
ASIANPAINT30JAN201800CE.NFO,07/01/2020,10:19:02,19.6,19.55,1200,19.85,1200,0,127200
ASIANPAINT30JAN201800CE.NFO,07/01/2020,10:19:07,19.6,19.55,1200,19.75,1200,0,127200
ASIANPAINT30JAN201800CE.NFO,07/01/2020,10:19:14,19.6,19.55,1200,19.75,1800,0,127200
ASIANPAINT30JAN201800CE.NFO,07/01/2020,10:19:19,19.6,19.55,1200,19.65,600,0,127200
ASIANPAINT30JAN201800CE.NFO,07/01/2020,10:19:24,19.55,19.5,600,19.6,600,1200,127200
ASIANPAINT30JAN201800CE.NFO,07/01/2020,10:19:29,19.55,19.5,600,19.7,1200,0,127200
ASIANPAINT30JAN201800CE.NFO,07/01/2020,10:19:33,19.55,19.05,1200,19.7,600,0,127200
ASIANPAINT30JAN201800CE.NFO,07/01/2020,10:19:38,19.55,19.05,1200,19.6,1200,0,127200
ASIANPAINT30JAN201800CE.NFO,07/01/2020,10:19:42,19.55,19.05,1200,19.6,600,0,127200
ASIANPAINT30JAN201800CE.NFO,07/01/2020,10:19:46,19.55,19.15,1200,19.6,600,0,127200
ASIANPAINT30JAN201800CE.NFO,07/01/2020,10:19:56,19.55,19.15,1200,19.6,1200,0,127200
ASIANPAINT30JAN201800CE.NFO,07/01/2020,10:20:05,19.15,19.15,600,19.55,1200,600,127200
ASIANPAINT30JAN201800CE.NFO,07/01/2020,10:20:09,19.15,19.1,1200,19.45,600,0,127200
ASIANPAINT30JAN201800CE.NFO,07/01/2020,10:20:14,19.15,19.1,1200,19.4,600,0,127200
ASIANPAINT30JAN201800CE.NFO,07/01/2020,10:20:18,19.15,19.1,1200,19.45,600,0,127200
ASIANPAINT30JAN201800CE.NFO,07/01/2020,10:20:22,19.15,19.1,1200,19.4,600,0,127200
ASIANPAINT30JAN201800CE.NFO,07/01/2020,10:20:26,19.15,19.1,1200,19.45,600,0,127200
ASIANPAINT30JAN201800CE.NFO,07/01/2020,10:20:30,19.15,19.1,1200,19.45,1200,0,127200
ASIANPAINT30JAN201800CE.NFO,07/01/2020,10:20:57,19.15,19.1,1200,19.45,600,0,127200
ASIANPAINT30JAN201800CE.NFO,07/01/2020,10:21:00,19.15,19.1,600,19.45,600,0,127200
ASIANPAINT30JAN201800CE.NFO,07/01/2020,10:21:08,19.15,19.1,1800,19.45,600,0,127200
ASIANPAINT30JAN201800CE.NFO,07/01/2020,10:21:20,19.15,19.1,1800,19.3,600,0,127200
ASIANPAINT30JAN201800CE.NFO,07/01/2020,10:21:25,19.3,19.1,1800,19.45,600,600,129600
ASIANPAINT30JAN201800CE.NFO,07/01/2020,10:21:29,19.3,19.1,1800,19.45,600,0,129600
ASIANPAINT30JAN201800CE.NFO,07/01/2020,10:21:56,19.3,19.1,1800,19.45,1200,0,129600
ASIANPAINT30JAN201800CE.NFO,07/01/2020,10:22:04,19.3,19.1,1800,19.45,600,0,129600
ASIANPAINT30JAN201800CE.NFO,07/01/2020,10:22:08,19.3,19.1,600,19.45,600,0,129600
ASIANPAINT30JAN201800CE.NFO,07/01/2020,10:22:13,19.3,19.1,1200,19.45,1200,0,129600
ASIANPAINT30JAN201800CE.NFO,07/01/2020,10:22:17,19.3,19.1,1800,19.55,1200,0,129600
ASIANPAINT30JAN201800CE.NFO,07/01/2020,10:22:22,19.3,19.1,1800,19.5,600,0,129600
ASIANPAINT30JAN201800CE.NFO,07/01/2020,10:22:25,19.3,19.1,1800,19.55,600,0,129600
ASIANPAINT30JAN201800CE.NFO,07/01/2020,10:22:29,19.3,19.1,1800,19.5,1200,0,129600
ASIANPAINT30JAN201800CE.NFO,07/01/2020,10:22:50,19.3,19.1,1800,19.45,1200,0,129600
ASIANPAINT30JAN201800CE.NFO,07/01/2020,10:22:55,19.3,19.1,1800,19.5,600,0,129600
ASIANPAINT30JAN201800CE.NFO,07/01/2020,10:23:00,19.3,19.1,1800,19.5,1200,0,129600
ASIANPAINT30JAN201800CE.NFO,07/01/2020,10:23:06,19.3,19.1,1800,19.65,600,0,129600
ASIANPAINT30JAN201800CE.NFO,07/01/2020,10:23:14,19.3,19.1,1800,19.6,600,0,129600
ASIANPAINT30JAN201800CE.NFO,07/01/2020,10:23:18,19.3,19.1,1800,19.5,600,0,129600
ASIANPAINT30JAN201800CE.NFO,07/01/2020,10:23:22,19.3,19.1,1800,19.5,1200,0,129600
ASIANPAINT30JAN201800CE.NFO,07/01/2020,10:23:37,19.3,19.1,1800,19.5,600,0,129600
ASIANPAINT30JAN201800CE.NFO,07/01/2020,10:23:41,19.3,19.1,1800,19.5,1200,0,129600
ASIANPAINT30JAN201800CE.NFO,07/01/2020,10:23:49,19.3,19.1,1800,19.5,600,0,129600
ASIANPAINT30JAN201800CE.NFO,07/01/2020,10:23:58,19.3,19.1,1800,19.55,600,0,129600
ASIANPAINT30JAN201800CE.NFO,07/01/2020,10:24:10,19.3,19.1,1800,19.6,600,0,129600
ASIANPAINT30JAN201800CE.NFO,07/01/2020,10:24:22,19.3,19.1,1800,19.55,600,0,129600
ASIANPAINT30JAN201800CE.NFO,07/01/2020,10:24:49,19.3,19.1,1800,19.65,1200,0,129600
ASIANPAINT30JAN201800CE.NFO,07/01/2020,10:24:52,19.3,19.1,1800,19.6,600,0,129600
ASIANPAINT30JAN201800CE.NFO,07/01/2020,10:24:55,19.3,19.1,1800,19.55,600,0,129600
ASIANPAINT30JAN201800CE.NFO,07/01/2020,10:25:11,19.3,19.1,1800,19.6,1200,0,129600
ASIANPAINT30JAN201800CE.NFO,07/01/2020,10:25:19,19.3,19.1,1800,19.55,600,0,129600
ASIANPAINT30JAN201800CE.NFO,07/01/2020,10:25:24,19.3,19.1,1800,19.6,1200,0,129600
ASIANPAINT30JAN201800CE.NFO,07/01/2020,10:25:28,19.3,19.1,1800,19.55,600,0,129600
ASIANPAINT30JAN201800CE.NFO,07/01/2020,10:25:33,19.3,19.1,1800,19.5,600,0,129600
ASIANPAINT30JAN201800CE.NFO,07/01/2020,10:25:44,19.3,19.1,1800,19.55,600,0,129600
ASIANPAINT30JAN201800CE.NFO,07/01/2020,10:26:06,19.3,19.1,1800,19.6,1200,0,129600
ASIANPAINT30JAN201800CE.NFO,07/01/2020,10:26:19,19.3,19.1,1800,19.55,1200,0,129600
ASIANPAINT30JAN201800CE.NFO,07/01/2020,10:26:38,19.3,19.1,1800,19.45,600,0,129600
ASIANPAINT30JAN201800CE.NFO,07/01/2020,10:26:49,19.3,19.3,1800,19.45,600,0,129600
ASIANPAINT30JAN201800CE.NFO,07/01/2020,10:26:56,19.3,19.3,1200,19.45,600,0,129600
ASIANPAINT30JAN201800CE.NFO,07/01/2020,10:27:03,19.3,19.3,1800,19.45,600,0,129600
ASIANPAINT30JAN201800CE.NFO,07/01/2020,10:27:07,19.3,19.3,1200,19.45,600,0,129600
ASIANPAINT30JAN201800CE.NFO,07/01/2020,10:27:10,19.3,19.3,1800,19.45,600,0,129600
ASIANPAINT30JAN201800CE.NFO,07/01/2020,10:27:14,19.15,19.1,600,19.3,600,1800,129000
ASIANPAINT30JAN201800CE.NFO,07/01/2020,10:27:18,19.15,19.1,600,19.4,1800,0,129000
ASIANPAINT30JAN201800CE.NFO,07/01/2020,10:27:22,19.4,19.15,1200,19.45,600,1200,129000
ASIANPAINT30JAN201800CE.NFO,07/01/2020,10:27:26,19.4,19.1,600,19.4,600,0,129000
ASIANPAINT30JAN201800CE.NFO,07/01/2020,10:27:40,19.4,19.15,600,19.4,600,0,129000
ASIANPAINT30JAN201800CE.NFO,07/01/2020,10:27:54,19.4,19.15,600,19.45,600,0,129000
ASIANPAINT30JAN201800CE.NFO,07/01/2020,10:28:01,19.4,19.1,600,19.4,600,0,129000
ASIANPAINT30JAN201800CE.NFO,07/01/2020,10:28:20,19.4,19.1,600,19.3,600,0,129000
ASIANPAINT30JAN201800CE.NFO,07/01/2020,10:28:24,19.4,19.1,600,19.25,600,0,129000
ASIANPAINT30JAN201800CE.NFO,07/01/2020,10:28:28,19.4,19.1,600,19.3,600,0,129000
ASIANPAINT30JAN201800CE.NFO,07/01/2020,10:28:43,19.1,18.75,600,19.25,600,600,129000
ASIANPAINT30JAN201800CE.NFO,07/01/2020,10:28:46,19.1,18.9,1200,19.25,600,0,129000
ASIANPAINT30JAN201800CE.NFO,07/01/2020,10:28:50,19.1,18.9,1200,19.35,600,0,129000
ASIANPAINT30JAN201800CE.NFO,07/01/2020,10:28:57,19.1,18.85,600,19.2,600,0,129000
ASIANPAINT30JAN201800CE.NFO,07/01/2020,10:29:05,19.1,18.8,600,19.2,600,0,129000
ASIANPAINT30JAN201800CE.NFO,07/01/2020,10:29:08,19.1,18.85,600,19.2,600,0,129000
ASIANPAINT30JAN201800CE.NFO,07/01/2020,10:29:10,19.1,18.9,600,19.3,1200,0,129000
ASIANPAINT30JAN201800CE.NFO,07/01/2020,10:29:12,19.1,18.8,1200,19.2,600,0,129000
ASIANPAINT30JAN201800CE.NFO,07/01/2020,10:29:15,19.1,18.8,1800,19.2,1200,0,129000
ASIANPAINT30JAN201800CE.NFO,07/01/2020,10:29:17,19.1,18.8,2400,19.2,1200,0,129000
ASIANPAINT30JAN201800CE.NFO,07/01/2020,10:29:20,19.1,18.9,600,19.3,600,0,129000
ASIANPAINT30JAN201800CE.NFO,07/01/2020,10:29:23,19.1,18.9,600,19.2,600,0,129000
ASIANPAINT30JAN201800CE.NFO,07/01/2020,10:29:27,19.1,18.75,600,19.2,600,0,129000
ASIANPAINT30JAN201800CE.NFO,07/01/2020,10:29:31,19.1,18.75,600,19.35,1200,0,129000
ASIANPAINT30JAN201800CE.NFO,07/01/2020,10:29:34,19.1,18.75,1200,19.15,600,0,129000
ASIANPAINT30JAN201800CE.NFO,07/01/2020,10:29:38,19.1,18.7,600,19.05,600,0,129000
ASIANPAINT30JAN201800CE.NFO,07/01/2020,10:29:42,19.1,18.7,600,19.05,1200,0,129000
ASIANPAINT30JAN201800CE.NFO,07/01/2020,10:29:45,19.1,18.7,1200,19.05,1200,0,129000
ASIANPAINT30JAN201800CE.NFO,07/01/2020,10:29:49,19.1,19,1800,19.05,600,0,129000
ASIANPAINT30JAN201800CE.NFO,07/01/2020,10:29:51,19.1,19,1800,19.15,600,0,129000
ASIANPAINT30JAN201800CE.NFO,07/01/2020,10:29:56,19,19,600,19.05,600,1200,128400
ASIANPAINT30JAN201800CE.NFO,07/01/2020,10:30:00,19,19,600,19.05,600,0,128400
ASIANPAINT30JAN201800CE.NFO,07/01/2020,10:30:03,19,19,600,19.15,600,0,128400
ASIANPAINT30JAN201800CE.NFO,07/01/2020,10:30:07,19,19,600,19.25,600,0,128400
ASIANPAINT30JAN201800CE.NFO,07/01/2020,10:30:12,19,19,600,19.1,600,0,128400
ASIANPAINT30JAN201800CE.NFO,07/01/2020,10:30:13,19,18.75,600,19.1,600,600,128400
ASIANPAINT30JAN201800CE.NFO,07/01/2020,10:30:14,19,18.85,600,19.25,600,0,128400
ASIANPAINT30JAN201800CE.NFO,07/01/2020,10:30:15,19,18.9,600,19.15,600,0,128400
ASIANPAINT30JAN201800CE.NFO,07/01/2020,10:30:16,19,18.8,600,19.3,1200,0,128400
ASIANPAINT30JAN201800CE.NFO,07/01/2020,10:30:17,19,18.75,600,19.2,1200,0,128400
ASIANPAINT30JAN201800CE.NFO,07/01/2020,10:30:18,19,18.7,600,19.15,600,0,128400
ASIANPAINT30JAN201800CE.NFO,07/01/2020,10:30:19,19,18.75,1200,19.1,600,0,128400
ASIANPAINT30JAN201800CE.NFO,07/01/2020,10:30:21,19,18.7,600,19.2,1200,0,128400
ASIANPAINT30JAN201800CE.NFO,07/01/2020,10:30:25,19,18.7,600,19.2,1800,0,128400
ASIANPAINT30JAN201800CE.NFO,07/01/2020,10:30:26,19,18.7,600,19.1,600,0,128400
ASIANPAINT30JAN201800CE.NFO,07/01/2020,10:30:27,19,18.7,600,19.1,1200,0,128400
ASIANPAINT30JAN201800CE.NFO,07/01/2020,10:30:28,19,18.7,600,19,600,0,128400
ASIANPAINT30JAN201800CE.NFO,07/01/2020,10:30:29,19,18.7,600,19.15,1200,0,128400
ASIANPAINT30JAN201800CE.NFO,07/01/2020,10:30:30,19,18.7,600,19.15,1800,0,128400
ASIANPAINT30JAN201800CE.NFO,07/01/2020,10:30:31,19,18.7,600,19.05,600,0,128400
ASIANPAINT30JAN201800CE.NFO,07/01/2020,10:30:32,19,18.7,600,19.2,1800,0,128400
ASIANPAINT30JAN201800CE.NFO,07/01/2020,10:30:33,19,18.75,1800,19.2,1200,0,128400
ASIANPAINT30JAN201800CE.NFO,07/01/2020,10:30:35,19,18.75,1200,19.1,600,0,128400
ASIANPAINT30JAN201800CE.NFO,07/01/2020,10:30:37,19,18.75,600,19.1,600,0,128400
ASIANPAINT30JAN201800CE.NFO,07/01/2020,10:30:39,19,18.75,600,19.15,600,0,128400
ASIANPAINT30JAN201800CE.NFO,07/01/2020,10:30:40,19,18.8,600,19.15,1200,0,128400
ASIANPAINT30JAN201800CE.NFO,07/01/2020,10:30:42,19,18.75,600,19.15,1200,0,128400
ASIANPAINT30JAN201800CE.NFO,07/01/2020,10:30:43,19,18.8,600,19.2,1200,0,128400
ASIANPAINT30JAN201800CE.NFO,07/01/2020,10:30:44,19,18.75,600,19.1,600,0,128400
ASIANPAINT30JAN201800CE.NFO,07/01/2020,10:30:47,19,18.75,600,19.2,600,0,128400
ASIANPAINT30JAN201800CE.NFO,07/01/2020,10:30:48,19,18.75,600,19.25,600,0,128400
ASIANPAINT30JAN201800CE.NFO,07/01/2020,10:30:49,19,18.7,600,19.1,600,0,128400
ASIANPAINT30JAN201800CE.NFO,07/01/2020,10:30:58,19,18.7,600,19.1,1200,0,128400
ASIANPAINT30JAN201800CE.NFO,07/01/2020,10:30:59,19,18.75,1200,19.2,1200,0,128400
ASIANPAINT30JAN201800CE.NFO,07/01/2020,10:31:00,19,18.7,1200,19.2,1200,0,128400
ASIANPAINT30JAN201800CE.NFO,07/01/2020,10:31:01,19,18.75,600,19.2,1800,0,128400
ASIANPAINT30JAN201800CE.NFO,07/01/2020,10:31:02,19,18.7,600,19.2,1800,0,128400
ASIANPAINT30JAN201800CE.NFO,07/01/2020,10:31:04,19,18.7,600,19.1,600,0,128400
ASIANPAINT30JAN201800CE.NFO,07/01/2020,10:31:06,19,18.7,600,19.1,1200,0,128400
ASIANPAINT30JAN201800CE.NFO,07/01/2020,10:31:09,19,18.7,1200,19.1,1200,0,128400
ASIANPAINT30JAN201800CE.NFO,07/01/2020,10:31:12,19,18.75,1200,19.1,1200,0,128400
ASIANPAINT30JAN201800CE.NFO,07/01/2020,10:31:13,19,18.75,1200,19.1,1800,0,128400
ASIANPAINT30JAN201800CE.NFO,07/01/2020,10:31:14,19,18.75,1200,19.1,1200,0,128400
ASIANPAINT30JAN201800CE.NFO,07/01/2020,10:31:15,19,18.75,1200,19.1,1800,0,128400
ASIANPAINT30JAN201800CE.NFO,07/01/2020,10:31:19,19,18.85,600,19.2,600,0,128400
ASIANPAINT30JAN201800CE.NFO,07/01/2020,10:31:20,19,18.8,1200,19.1,600,0,128400
ASIANPAINT30JAN201800CE.NFO,07/01/2020,10:31:23,19,18.8,1200,19.1,1200,0,128400
ASIANPAINT30JAN201800CE.NFO,07/01/2020,10:31:29,19,18.75,1200,19.1,1200,0,128400
ASIANPAINT30JAN201800CE.NFO,07/01/2020,10:31:31,19,18.8,1200,19.1,600,0,128400
ASIANPAINT30JAN201800CE.NFO,07/01/2020,10:31:31,19,18.75,600,19.1,1200,0,128400
ASIANPAINT30JAN201800CE.NFO,07/01/2020,10:31:34,19,18.75,1200,19.1,1200,0,128400
ASIANPAINT30JAN201800CE.NFO,07/01/2020,10:31:35,19,18.9,600,19.2,600,0,128400
ASIANPAINT30JAN201800CE.NFO,07/01/2020,10:31:36,19,18.9,600,19.1,600,0,128400
ASIANPAINT30JAN201800CE.NFO,07/01/2020,10:31:40,19,18.75,600,19.1,600,0,128400
ASIANPAINT30JAN201800CE.NFO,07/01/2020,10:31:41,19,18.8,1800,19.1,600,0,128400
ASIANPAINT30JAN201800CE.NFO,07/01/2020,10:31:42,19,18.75,600,19.1,1200,0,128400
ASIANPAINT30JAN201800CE.NFO,07/01/2020,10:31:43,19,18.7,600,19.1,1200,0,128400
ASIANPAINT30JAN201800CE.NFO,07/01/2020,10:31:46,19,18.75,600,19.1,1200,0,128400
ASIANPAINT30JAN201800CE.NFO,07/01/2020,10:31:47,19,18.75,1200,19.1,1200,0,128400
ASIANPAINT30JAN201800CE.NFO,07/01/2020,10:31:49,19,18.7,600,19.1,1200,0,128400
ASIANPAINT30JAN201800CE.NFO,07/01/2020,10:31:50,19,18.75,1200,19.1,1200,0,128400
ASIANPAINT30JAN201800CE.NFO,07/01/2020,10:31:53,19,18.8,1200,19.1,600,0,128400
ASIANPAINT30JAN201800CE.NFO,07/01/2020,10:31:55,19,18.8,1800,19.1,1200,0,128400
ASIANPAINT30JAN201800CE.NFO,07/01/2020,10:31:59,19,18.8,600,19,600,0,128400
ASIANPAINT30JAN201800CE.NFO,07/01/2020,10:32:00,18.8,18.65,600,18.9,600,600,128400
ASIANPAINT30JAN201800CE.NFO,07/01/2020,10:32:00,18.8,18.65,600,18.9,600,0,128400
ASIANPAINT30JAN201800CE.NFO,07/01/2020,10:32:01,18.8,18.65,600,18.8,600,0,128400
ASIANPAINT30JAN201800CE.NFO,07/01/2020,10:32:02,18.8,18.65,600,18.9,600,0,128400
ASIANPAINT30JAN201800CE.NFO,07/01/2020,10:32:03,18.8,18.65,600,18.85,600,0,128400
ASIANPAINT30JAN201800CE.NFO,07/01/2020,10:32:04,18.8,18.65,600,18.95,600,0,128400
ASIANPAINT30JAN201800CE.NFO,07/01/2020,10:32:05,18.8,18.65,600,18.95,1200,0,128400
ASIANPAINT30JAN201800CE.NFO,07/01/2020,10:32:14,18.8,18.65,600,18.95,600,0,128400
ASIANPAINT30JAN201800CE.NFO,07/01/2020,10:32:18,18.65,18.6,600,18.95,600,600,128400
ASIANPAINT30JAN201800CE.NFO,07/01/2020,10:32:23,18.65,18.6,600,18.95,600,0,128400
ASIANPAINT30JAN201800CE.NFO,07/01/2020,10:32:28,18.65,18.75,1200,18.95,600,0,128400
ASIANPAINT30JAN201800CE.NFO,07/01/2020,10:32:36,18.95,18.75,600,19.05,600,600,130200
ASIANPAINT30JAN201800CE.NFO,07/01/2020,10:32:43,19.05,18.95,600,19.35,600,600,130200
ASIANPAINT30JAN201800CE.NFO,07/01/2020,10:32:47,19.05,18.95,600,19.35,600,0,130200
ASIANPAINT30JAN201800CE.NFO,07/01/2020,10:32:50,19.05,18.95,1200,19.35,600,0,130200
ASIANPAINT30JAN201800CE.NFO,07/01/2020,10:32:54,19.05,18.85,1200,19.3,600,0,130200
ASIANPAINT30JAN201800CE.NFO,07/01/2020,10:32:58,19.05,18.85,600,19.35,600,0,130200
ASIANPAINT30JAN201800CE.NFO,07/01/2020,10:33:01,19.05,18.6,1800,19.35,1800,0,130200
ASIANPAINT30JAN201800CE.NFO,07/01/2020,10:33:05,19.05,18.7,1800,19.35,1800,0,130200
ASIANPAINT30JAN201800CE.NFO,07/01/2020,10:33:07,19.05,18.75,1200,19.35,1800,0,130200
ASIANPAINT30JAN201800CE.NFO,07/01/2020,10:33:10,19.05,18.75,600,19.35,1800,0,130200
ASIANPAINT30JAN201800CE.NFO,07/01/2020,10:33:13,19.05,18.75,1800,19.3,600,0,130200
ASIANPAINT30JAN201800CE.NFO,07/01/2020,10:33:15,19.05,18.85,1200,19.3,600,0,130200
ASIANPAINT30JAN201800CE.NFO,07/01/2020,10:33:18,19.05,18.9,600,19.3,600,0,130200
ASIANPAINT30JAN201800CE.NFO,07/01/2020,10:33:21,19.05,18.95,600,19.3,600,0,130200
ASIANPAINT30JAN201800CE.NFO,07/01/2020,10:33:23,19.05,18.95,1200,19.3,600,0,130200
ASIANPAINT30JAN201800CE.NFO,07/01/2020,10:33:30,19.05,18.95,1200,19.35,1200,0,130200
ASIANPAINT30JAN201800CE.NFO,07/01/2020,10:33:36,19.05,18.4,600,19.15,600,0,130200
ASIANPAINT30JAN201800CE.NFO,07/01/2020,10:33:39,19.05,18.45,1800,19.2,1800,0,130200
ASIANPAINT30JAN201800CE.NFO,07/01/2020,10:33:42,19.05,18.5,1200,19.2,1800,0,130200
ASIANPAINT30JAN201800CE.NFO,07/01/2020,10:33:44,19.05,18.6,1200,19.2,1800,0,130200
ASIANPAINT30JAN201800CE.NFO,07/01/2020,10:33:47,19.05,18.65,1200,19.2,1800,0,130200
ASIANPAINT30JAN201800CE.NFO,07/01/2020,10:33:50,19.05,18.75,1800,19.2,600,0,130200
ASIANPAINT30JAN201800CE.NFO,07/01/2020,10:33:53,19.05,18.85,1800,19.2,600,0,130200
ASIANPAINT30JAN201800CE.NFO,07/01/2020,10:33:56,19.05,18.95,600,19.2,600,0,130200
ASIANPAINT30JAN201800CE.NFO,07/01/2020,10:34:19,19.05,18.95,1200,19.2,600,0,130200
ASIANPAINT30JAN201800CE.NFO,07/01/2020,10:34:28,19.2,19.05,1200,19.4,600,600,130200
ASIANPAINT30JAN201800CE.NFO,07/01/2020,10:34:32,19.2,19.05,1200,19.4,600,0,130200
ASIANPAINT30JAN201800CE.NFO,07/01/2020,10:34:37,19.2,19.05,600,19.4,600,0,130200
ASIANPAINT30JAN201800CE.NFO,07/01/2020,10:34:44,19.2,19.1,600,19.45,600,0,130200
ASIANPAINT30JAN201800CE.NFO,07/01/2020,10:34:48,19.2,19.1,1200,19.45,600,0,130200
ASIANPAINT30JAN201800CE.NFO,07/01/2020,10:34:51,19.2,18.55,1200,19.35,1200,0,130200
ASIANPAINT30JAN201800CE.NFO,07/01/2020,10:34:55,19.2,18.75,600,19.35,600,0,130200
ASIANPAINT30JAN201800CE.NFO,07/01/2020,10:34:58,19.2,18.8,1800,19.35,1200,0,130200
ASIANPAINT30JAN201800CE.NFO,07/01/2020,10:35:00,19.2,18.8,1200,19,600,0,130200
ASIANPAINT30JAN201800CE.NFO,07/01/2020,10:35:03,19.2,18.65,1200,19,600,0,130200
ASIANPAINT30JAN201800CE.NFO,07/01/2020,10:35:06,19.2,18.75,600,19,600,0,130200
ASIANPAINT30JAN201800CE.NFO,07/01/2020,10:35:08,19.2,18.8,600,19,600,0,130200
ASIANPAINT30JAN201800CE.NFO,07/01/2020,10:35:11,19.2,18.75,1200,19,600,0,130200
ASIANPAINT30JAN201800CE.NFO,07/01/2020,10:35:14,19.2,18.75,1800,19,600,0,130200
ASIANPAINT30JAN201800CE.NFO,07/01/2020,10:35:17,19.2,18.75,1200,19,600,0,130200
ASIANPAINT30JAN201800CE.NFO,07/01/2020,10:35:19,19.2,18.75,1800,19,600,0,130200
ASIANPAINT30JAN201800CE.NFO,07/01/2020,10:35:32,19.2,18.75,1200,19,600,0,130200
ASIANPAINT30JAN201800CE.NFO,07/01/2020,10:35:39,19.2,18.8,600,19,600,0,130200
ASIANPAINT30JAN201800CE.NFO,07/01/2020,10:35:56,19.2,18.8,1200,19,600,0,130200
ASIANPAINT30JAN201800CE.NFO,07/01/2020,10:35:58,19.2,18.8,600,19,600,0,130200
ASIANPAINT30JAN201800CE.NFO,07/01/2020,10:36:04,19.2,18.75,600,19,600,0,130200
ASIANPAINT30JAN201800CE.NFO,07/01/2020,10:36:10,19.2,18.65,600,19,600,0,130200
ASIANPAINT30JAN201800CE.NFO,07/01/2020,10:36:13,19.2,18.7,1800,19,600,0,130200
ASIANPAINT30JAN201800CE.NFO,07/01/2020,10:36:16,19.2,18.7,1200,19,600,0,130200
ASIANPAINT30JAN201800CE.NFO,07/01/2020,10:36:19,19.2,18.8,600,19,600,0,130200
ASIANPAINT30JAN201800CE.NFO,07/01/2020,10:36:35,19.2,18.65,600,19,600,0,130200
ASIANPAINT30JAN201800CE.NFO,07/01/2020,10:36:39,19.2,18.55,600,19,600,0,130200
ASIANPAINT30JAN201800CE.NFO,07/01/2020,10:36:41,19.2,18.65,1200,19,600,0,130200
ASIANPAINT30JAN201800CE.NFO,07/01/2020,10:36:44,19.2,18.6,1200,19,600,0,130200
ASIANPAINT30JAN201800CE.NFO,07/01/2020,10:36:46,19.2,18.65,1200,19,600,0,130200
ASIANPAINT30JAN201800CE.NFO,07/01/2020,10:36:49,19.2,18.55,600,19,600,0,130200
ASIANPAINT30JAN201800CE.NFO,07/01/2020,10:36:50,19.2,18.6,600,19,600,0,130200
ASIANPAINT30JAN201800CE.NFO,07/01/2020,10:36:52,19.2,18.6,1800,19,600,0,130200
ASIANPAINT30JAN201800CE.NFO,07/01/2020,10:36:54,19.2,18.6,600,19,600,0,130200
ASIANPAINT30JAN201800CE.NFO,07/01/2020,10:36:56,19.2,18.5,1200,19,600,0,130200
ASIANPAINT30JAN201800CE.NFO,07/01/2020,10:37:00,19.2,18.5,2400,19,600,0,130200
ASIANPAINT30JAN201800CE.NFO,07/01/2020,10:37:02,19.2,18.5,2400,19,1200,0,130200
ASIANPAINT30JAN201800CE.NFO,07/01/2020,10:37:04,19.2,18.65,600,19,600,0,130200
ASIANPAINT30JAN201800CE.NFO,07/01/2020,10:37:08,19.2,18.65,1200,19,600,0,130200
ASIANPAINT30JAN201800CE.NFO,07/01/2020,10:37:10,19.2,18.65,1800,19,600,0,130200
ASIANPAINT30JAN201800CE.NFO,07/01/2020,10:37:14,19.2,18.5,600,19,1200,0,130200
ASIANPAINT30JAN201800CE.NFO,07/01/2020,10:37:18,19.2,18.35,600,18.95,1800,0,130200
ASIANPAINT30JAN201800CE.NFO,07/01/2020,10:37:21,19.2,18.3,600,18.85,600,0,130200
ASIANPAINT30JAN201800CE.NFO,07/01/2020,10:37:23,19.2,18.3,1800,18.85,1200,0,130200
ASIANPAINT30JAN201800CE.NFO,07/01/2020,10:37:26,19.2,18.4,1800,18.9,1200,0,130200
ASIANPAINT30JAN201800CE.NFO,07/01/2020,10:37:29,19.2,18.4,1200,18.95,600,0,130200
ASIANPAINT30JAN201800CE.NFO,07/01/2020,10:37:32,19.2,18.4,1200,18.9,600,0,130200
ASIANPAINT30JAN201800CE.NFO,07/01/2020,10:37:37,19.2,18.45,1200,18.9,600,0,130200
ASIANPAINT30JAN201800CE.NFO,07/01/2020,10:37:40,19.2,18.55,600,18.9,600,0,130200
ASIANPAINT30JAN201800CE.NFO,07/01/2020,10:37:49,19.2,18.55,600,18.95,1200,0,130200
ASIANPAINT30JAN201800CE.NFO,07/01/2020,10:37:51,19.2,18.65,1800,19,600,0,130200
ASIANPAINT30JAN201800CE.NFO,07/01/2020,10:37:56,19.2,18.75,600,19,600,0,130200
ASIANPAINT30JAN201800CE.NFO,07/01/2020,10:38:17,18.75,18.7,1200,19,600,600,129600
ASIANPAINT30JAN201800CE.NFO,07/01/2020,10:38:20,18.75,18.7,1200,19,600,0,129600
ASIANPAINT30JAN201800CE.NFO,07/01/2020,10:39:03,18.75,18.7,1200,19,1200,0,129600
ASIANPAINT30JAN201800CE.NFO,07/01/2020,10:39:21,18.75,18.6,1800,18.95,1200,0,129600
ASIANPAINT30JAN201800CE.NFO,07/01/2020,10:39:26,18.75,18.65,1200,19,1200,0,129600
ASIANPAINT30JAN201800CE.NFO,07/01/2020,10:39:44,18.75,18.7,1200,19,1200,0,129600
ASIANPAINT30JAN201800CE.NFO,07/01/2020,10:39:47,18.75,18.7,1200,19,600,0,129600
ASIANPAINT30JAN201800CE.NFO,07/01/2020,10:39:50,18.75,18.7,1200,19,1200,0,129600
ASIANPAINT30JAN201800CE.NFO,07/01/2020,10:39:53,18.75,18.75,1200,19,600,0,129600
ASIANPAINT30JAN201800CE.NFO,07/01/2020,10:39:55,18.75,18.7,600,19,600,0,129600
ASIANPAINT30JAN201800CE.NFO,07/01/2020,10:39:59,18.75,18.7,1200,19,600,0,129600
ASIANPAINT30JAN201800CE.NFO,07/01/2020,10:40:01,18.75,18.6,600,18.95,600,0,129600
ASIANPAINT30JAN201800CE.NFO,07/01/2020,10:40:05,18.75,18.6,1200,18.95,1200,0,129600
ASIANPAINT30JAN201800CE.NFO,07/01/2020,10:40:08,18.75,18.6,600,18.95,1200,0,129600
ASIANPAINT30JAN201800CE.NFO,07/01/2020,10:40:12,18.75,18.65,1200,18.95,600,0,129600
ASIANPAINT30JAN201800CE.NFO,07/01/2020,10:40:15,18.75,18.6,600,18.95,1200,0,129600
ASIANPAINT30JAN201800CE.NFO,07/01/2020,10:40:17,18.75,18.6,1200,18.95,1200,0,129600
ASIANPAINT30JAN201800CE.NFO,07/01/2020,10:40:21,18.75,18.65,1200,18.95,1200,0,129600
ASIANPAINT30JAN201800CE.NFO,07/01/2020,10:40:26,18.75,18.65,600,19,1200,0,129600
ASIANPAINT30JAN201800CE.NFO,07/01/2020,10:40:29,18.75,18.6,600,18.95,600,0,129600
ASIANPAINT30JAN201800CE.NFO,07/01/2020,10:40:31,18.75,18.65,1200,18.95,600,0,129600
ASIANPAINT30JAN201800CE.NFO,07/01/2020,10:40:33,18.75,18.45,600,18.95,600,0,129600
ASIANPAINT30JAN201800CE.NFO,07/01/2020,10:40:35,18.75,18.45,1800,18.9,600,0,129600
ASIANPAINT30JAN201800CE.NFO,07/01/2020,10:40:39,18.75,18.45,1800,18.9,1200,0,129600
ASIANPAINT30JAN201800CE.NFO,07/01/2020,10:40:41,18.75,18.5,1200,18.85,600,0,129600
ASIANPAINT30JAN201800CE.NFO,07/01/2020,10:40:44,18.75,18.55,1200,18.9,600,0,129600
ASIANPAINT30JAN201800CE.NFO,07/01/2020,10:40:52,18.75,18.55,600,18.9,600,0,129600
ASIANPAINT30JAN201800CE.NFO,07/01/2020,10:40:54,18.75,18.5,1200,18.9,600,0,129600
ASIANPAINT30JAN201800CE.NFO,07/01/2020,10:40:59,18.75,18.6,600,18.95,600,0,129600
ASIANPAINT30JAN201800CE.NFO,07/01/2020,10:41:03,18.75,18.65,600,19,600,0,129600
ASIANPAINT30JAN201800CE.NFO,07/01/2020,10:41:10,18.75,18.65,1200,19,600,0,129600
ASIANPAINT30JAN201800CE.NFO,07/01/2020,10:41:18,18.75,18.6,600,19,1200,0,129600
ASIANPAINT30JAN201800CE.NFO,07/01/2020,10:41:21,18.75,18.6,600,18.95,600,0,129600
ASIANPAINT30JAN201800CE.NFO,07/01/2020,10:41:26,18.75,18.65,600,19,600,0,129600
ASIANPAINT30JAN201800CE.NFO,07/01/2020,10:41:31,18.75,18.65,1200,19,1200,0,129600
ASIANPAINT30JAN201800CE.NFO,07/01/2020,10:41:34,18.75,18.7,1200,19,600,0,129600
ASIANPAINT30JAN201800CE.NFO,07/01/2020,10:41:40,18.75,18.65,1200,19,1200,0,129600
ASIANPAINT30JAN201800CE.NFO,07/01/2020,10:41:43,18.75,18.7,1200,19,600,0,129600
ASIANPAINT30JAN201800CE.NFO,07/01/2020,10:41:45,18.75,18.75,600,19,600,0,129600
ASIANPAINT30JAN201800CE.NFO,07/01/2020,10:41:49,18.75,18.7,1200,19,600,0,129600
ASIANPAINT30JAN201800CE.NFO,07/01/2020,10:41:52,18.75,18.75,1200,19,600,0,129600
ASIANPAINT30JAN201800CE.NFO,07/01/2020,10:41:55,18.75,18.75,600,19,600,0,129600
ASIANPAINT30JAN201800CE.NFO,07/01/2020,10:42:01,18.75,18.65,1200,19,1200,0,129600
ASIANPAINT30JAN201800CE.NFO,07/01/2020,10:42:11,18.75,18.7,1200,19,600,0,129600
ASIANPAINT30JAN201800CE.NFO,07/01/2020,10:42:14,18.75,18.65,600,18.95,600,0,129600
ASIANPAINT30JAN201800CE.NFO,07/01/2020,10:42:22,18.75,18.65,1200,19,1200,0,129600
ASIANPAINT30JAN201800CE.NFO,07/01/2020,10:42:35,18.75,18.5,600,19,2400,0,129600
ASIANPAINT30JAN201800CE.NFO,07/01/2020,10:42:39,18.75,18.4,1200,18.9,1200,0,129600
ASIANPAINT30JAN201800CE.NFO,07/01/2020,10:42:42,18.75,18.4,600,18.85,600,0,129600
ASIANPAINT30JAN201800CE.NFO,07/01/2020,10:42:48,18.75,18.45,1200,18.85,600,0,129600
ASIANPAINT30JAN201800CE.NFO,07/01/2020,10:42:51,18.75,18.5,1200,18.95,1800,0,129600
ASIANPAINT30JAN201800CE.NFO,07/01/2020,10:42:53,18.75,18.55,600,18.9,600,0,129600
ASIANPAINT30JAN201800CE.NFO,07/01/2020,10:43:01,18.75,18.55,600,18.95,1200,0,129600
ASIANPAINT30JAN201800CE.NFO,07/01/2020,10:43:04,18.75,18.55,600,18.9,600,0,129600
ASIANPAINT30JAN201800CE.NFO,07/01/2020,10:43:09,18.75,18.4,1200,18.9,1800,0,129600
ASIANPAINT30JAN201800CE.NFO,07/01/2020,10:43:11,18.75,18.45,1200,18.85,600,0,129600
ASIANPAINT30JAN201800CE.NFO,07/01/2020,10:43:13,18.75,18.5,600,18.85,600,0,129600
ASIANPAINT30JAN201800CE.NFO,07/01/2020,10:43:15,18.75,18.55,600,18.9,600,0,129600
ASIANPAINT30JAN201800CE.NFO,07/01/2020,10:43:16,18.75,18.6,600,18.95,600,0,129600
ASIANPAINT30JAN201800CE.NFO,07/01/2020,10:43:23,18.75,18.55,1200,18.9,600,0,129600
ASIANPAINT30JAN201800CE.NFO,07/01/2020,10:43:26,18.75,18.6,600,18.95,600,0,129600
ASIANPAINT30JAN201800CE.NFO,07/01/2020,10:43:29,18.75,18.4,600,18.95,1800,0,129600
ASIANPAINT30JAN201800CE.NFO,07/01/2020,10:43:32,18.75,18.45,600,18.85,600,0,129600
ASIANPAINT30JAN201800CE.NFO,07/01/2020,10:43:37,18.75,18.4,1200,18.85,600,0,129600
ASIANPAINT30JAN201800CE.NFO,07/01/2020,10:43:41,18.75,18.5,1200,18.9,600,0,129600
ASIANPAINT30JAN201800CE.NFO,07/01/2020,10:43:44,18.75,18.45,600,18.9,600,0,129600
ASIANPAINT30JAN201800CE.NFO,07/01/2020,10:43:47,18.75,18.5,1200,18.9,600,0,129600
ASIANPAINT30JAN201800CE.NFO,07/01/2020,10:43:50,18.75,18.55,600,18.9,600,0,129600
ASIANPAINT30JAN201800CE.NFO,07/01/2020,10:44:05,18.75,18.6,600,18.95,600,0,129600
ASIANPAINT30JAN201800CE.NFO,07/01/2020,10:44:12,18.75,18.65,600,19,600,0,129600
ASIANPAINT30JAN201800CE.NFO,07/01/2020,10:44:17,18.75,18.65,600,19,1200,0,129600
ASIANPAINT30JAN201800CE.NFO,07/01/2020,10:44:20,18.75,18.6,1200,18.95,600,0,129600
ASIANPAINT30JAN201800CE.NFO,07/01/2020,10:44:22,18.75,18.65,600,19,1800,0,129600
ASIANPAINT30JAN201800CE.NFO,07/01/2020,10:44:27,18.75,18.6,1200,18.95,600,0,129600
ASIANPAINT30JAN201800CE.NFO,07/01/2020,10:44:29,18.75,18.4,600,18.95,600,0,129600
ASIANPAINT30JAN201800CE.NFO,07/01/2020,10:44:32,18.75,18.4,1200,18.85,600,0,129600
ASIANPAINT30JAN201800CE.NFO,07/01/2020,10:44:36,18.75,18.25,1200,18.8,1800,0,129600
ASIANPAINT30JAN201800CE.NFO,07/01/2020,10:44:39,18.75,18.25,1200,18.75,600,0,129600
ASIANPAINT30JAN201800CE.NFO,07/01/2020,10:44:42,18.75,18.35,1200,18.75,600,0,129600
ASIANPAINT30JAN201800CE.NFO,07/01/2020,10:44:48,18.75,18.25,600,18.75,600,0,129600
ASIANPAINT30JAN201800CE.NFO,07/01/2020,10:44:50,18.75,18.25,1200,18.75,600,0,129600
ASIANPAINT30JAN201800CE.NFO,07/01/2020,10:44:52,18.75,18.3,1200,18.75,600,0,129600
ASIANPAINT30JAN201800CE.NFO,07/01/2020,10:44:54,18.75,18.4,600,18.75,600,0,129600
ASIANPAINT30JAN201800CE.NFO,07/01/2020,10:45:02,18.75,18.15,600,18.7,600,0,129600
ASIANPAINT30JAN201800CE.NFO,07/01/2020,10:45:07,18.75,18.15,1200,18.7,600,0,129600
ASIANPAINT30JAN201800CE.NFO,07/01/2020,10:45:10,18.75,18.15,1200,18.75,600,0,129600
ASIANPAINT30JAN201800CE.NFO,07/01/2020,10:45:15,18.75,18.15,1800,18.75,600,0,129600
ASIANPAINT30JAN201800CE.NFO,07/01/2020,10:45:18,18.75,18.15,2400,18.75,600,0,129600
ASIANPAINT30JAN201800CE.NFO,07/01/2020,10:45:22,18.75,18.15,1200,18.7,600,0,129600
ASIANPAINT30JAN201800CE.NFO,07/01/2020,10:45:26,18.75,18.15,1200,18.65,600,0,129600
ASIANPAINT30JAN201800CE.NFO,07/01/2020,10:45:32,18.75,18.15,1200,18.7,600,0,129600
ASIANPAINT30JAN201800CE.NFO,07/01/2020,10:45:37,18.75,18.15,600,18.75,1200,0,129600
ASIANPAINT30JAN201800CE.NFO,07/01/2020,10:45:40,18.75,18.15,600,18.7,600,0,129600
ASIANPAINT30JAN201800CE.NFO,07/01/2020,10:45:42,18.75,18.15,600,18.7,1800,0,129600
ASIANPAINT30JAN201800CE.NFO,07/01/2020,10:45:44,18.75,18.15,600,18.7,1200,0,129600
ASIANPAINT30JAN201800CE.NFO,07/01/2020,10:45:47,18.75,18.15,1200,18.75,600,0,129600
ASIANPAINT30JAN201800CE.NFO,07/01/2020,10:45:50,18.75,18.25,1200,18.75,600,0,129600
ASIANPAINT30JAN201800CE.NFO,07/01/2020,10:45:53,18.75,18.2,1200,18.75,600,0,129600
ASIANPAINT30JAN201800CE.NFO,07/01/2020,10:45:55,18.75,18.2,600,18.75,600,0,129600
ASIANPAINT30JAN201800CE.NFO,07/01/2020,10:45:57,18.75,18.2,1200,18.75,1200,0,129600
ASIANPAINT30JAN201800CE.NFO,07/01/2020,10:46:02,18.75,18.15,1200,18.7,1200,0,129600
ASIANPAINT30JAN201800CE.NFO,07/01/2020,10:46:05,18.75,18.15,1200,18.65,600,0,129600
ASIANPAINT30JAN201800CE.NFO,07/01/2020,10:46:08,18.75,18.1,600,18.7,600,0,129600
ASIANPAINT30JAN201800CE.NFO,07/01/2020,10:46:11,18.75,18.15,1200,18.7,600,0,129600
ASIANPAINT30JAN201800CE.NFO,07/01/2020,10:46:14,18.75,18.15,1200,18.65,600,0,129600
ASIANPAINT30JAN201800CE.NFO,07/01/2020,10:46:33,18.75,18.15,1200,18.7,600,0,129600
ASIANPAINT30JAN201800CE.NFO,07/01/2020,10:46:36,18.75,18.2,600,18.85,1200,0,129600
ASIANPAINT30JAN201800CE.NFO,07/01/2020,10:46:38,18.75,18.25,1200,18.7,600,0,129600
ASIANPAINT30JAN201800CE.NFO,07/01/2020,10:46:41,18.75,18.2,600,18.75,600,0,129600
ASIANPAINT30JAN201800CE.NFO,07/01/2020,10:46:44,18.75,18.2,600,18.7,600,0,129600
ASIANPAINT30JAN201800CE.NFO,07/01/2020,10:46:47,18.75,18.15,1800,18.75,1200,0,129600
ASIANPAINT30JAN201800CE.NFO,07/01/2020,10:46:50,18.75,18.25,1200,18.9,1200,0,129600
ASIANPAINT30JAN201800CE.NFO,07/01/2020,10:46:53,18.75,18.25,600,18.8,1200,0,129600
ASIANPAINT30JAN201800CE.NFO,07/01/2020,10:46:55,18.75,18.25,600,18.8,600,0,129600
ASIANPAINT30JAN201800CE.NFO,07/01/2020,10:46:58,18.75,18.2,600,18.8,1200,0,129600
ASIANPAINT30JAN201800CE.NFO,07/01/2020,10:47:03,18.75,18.25,1800,18.85,600,0,129600
ASIANPAINT30JAN201800CE.NFO,07/01/2020,10:47:06,18.75,18.2,1800,18.8,600,0,129600
ASIANPAINT30JAN201800CE.NFO,07/01/2020,10:47:09,18.75,18.2,1800,18.9,1800,0,129600
ASIANPAINT30JAN201800CE.NFO,07/01/2020,10:47:12,18.75,18.1,600,18.75,600,0,129600
ASIANPAINT30JAN201800CE.NFO,07/01/2020,10:47:13,18.75,18.15,1800,18.8,1200,0,129600
ASIANPAINT30JAN201800CE.NFO,07/01/2020,10:47:16,18.75,18.15,1800,18.85,1200,0,129600
ASIANPAINT30JAN201800CE.NFO,07/01/2020,10:47:17,18.75,18.15,1800,18.8,600,0,129600
ASIANPAINT30JAN201800CE.NFO,07/01/2020,10:47:18,18.75,18.15,1200,18.75,600,0,129600
ASIANPAINT30JAN201800CE.NFO,07/01/2020,10:47:19,18.75,18.1,600,18.75,1200,0,129600
ASIANPAINT30JAN201800CE.NFO,07/01/2020,10:47:21,18.75,18.1,600,18.7,600,0,129600
ASIANPAINT30JAN201800CE.NFO,07/01/2020,10:47:28,18.75,18.15,600,18.75,1200,0,129600
ASIANPAINT30JAN201800CE.NFO,07/01/2020,10:47:29,18.75,18.1,600,18.65,600,0,129600
ASIANPAINT30JAN201800CE.NFO,07/01/2020,10:47:39,18.75,18.1,600,18.65,1200,0,129600
ASIANPAINT30JAN201800CE.NFO,07/01/2020,10:47:40,18.75,18.1,600,18.65,600,0,129600
ASIANPAINT30JAN201800CE.NFO,07/01/2020,10:47:41,18.75,18.1,600,18.65,1200,0,129600
ASIANPAINT30JAN201800CE.NFO,07/01/2020,10:47:44,18.75,18.1,600,18.6,600,0,129600
ASIANPAINT30JAN201800CE.NFO,07/01/2020,10:48:03,18.75,18.1,600,18.55,600,0,129600
ASIANPAINT30JAN201800CE.NFO,07/01/2020,10:48:08,18.05,18,600,18.45,600,600,129600
ASIANPAINT30JAN201800CE.NFO,07/01/2020,10:48:08,18.05,18,600,18.4,600,0,129600
ASIANPAINT30JAN201800CE.NFO,07/01/2020,10:48:09,18.05,18,600,18.45,1200,0,129600
ASIANPAINT30JAN201800CE.NFO,07/01/2020,10:48:10,18.05,18,600,18.45,1800,0,129600
ASIANPAINT30JAN201800CE.NFO,07/01/2020,10:48:11,18.05,18,600,18.4,1200,0,129600
ASIANPAINT30JAN201800CE.NFO,07/01/2020,10:48:13,18.05,18,600,18.4,1800,0,129600
ASIANPAINT30JAN201800CE.NFO,07/01/2020,10:48:17,18,17.5,600,17.9,600,600,129600
ASIANPAINT30JAN201800CE.NFO,07/01/2020,10:48:21,18,17.5,1200,17.9,1200,0,129600
ASIANPAINT30JAN201800CE.NFO,07/01/2020,10:48:42,17.9,17.5,1200,17.95,600,600,129600
ASIANPAINT30JAN201800CE.NFO,07/01/2020,10:48:46,17.9,17.5,1200,17.95,600,0,129600
ASIANPAINT30JAN201800CE.NFO,07/01/2020,10:48:53,17.6,17.5,600,17.95,600,600,129600
ASIANPAINT30JAN201800CE.NFO,07/01/2020,10:49:07,17.5,17.35,600,18,1200,600,129600
ASIANPAINT30JAN201800CE.NFO,07/01/2020,10:49:10,17.5,17.4,600,18,1200,0,129600
ASIANPAINT30JAN201800CE.NFO,07/01/2020,10:49:15,17.5,17.35,600,18,1200,0,129600
ASIANPAINT30JAN201800CE.NFO,07/01/2020,10:49:19,17.5,17.4,1200,18,1200,0,129600
ASIANPAINT30JAN201800CE.NFO,07/01/2020,10:49:22,17.5,17.5,600,18,1200,0,129600
ASIANPAINT30JAN201800CE.NFO,07/01/2020,10:49:35,17.5,17.55,1800,18.15,1200,0,129600
ASIANPAINT30JAN201800CE.NFO,07/01/2020,10:49:39,17.5,17.7,600,18.25,1200,0,129600
ASIANPAINT30JAN201800CE.NFO,07/01/2020,10:49:43,17.5,17.75,1200,18.25,1800,0,129600
ASIANPAINT30JAN201800CE.NFO,07/01/2020,10:49:47,17.5,17.65,600,18.25,1800,0,129600
ASIANPAINT30JAN201800CE.NFO,07/01/2020,10:49:55,17.5,17.85,600,18.25,1200,0,129600
ASIANPAINT30JAN201800CE.NFO,07/01/2020,10:50:13,17.5,17.85,600,18.25,1800,0,129600
ASIANPAINT30JAN201800CE.NFO,07/01/2020,10:50:18,17.5,17.85,600,18.25,1200,0,129600
ASIANPAINT30JAN201800CE.NFO,07/01/2020,10:50:28,17.5,17.85,1200,18.25,1800,0,129600
ASIANPAINT30JAN201800CE.NFO,07/01/2020,10:50:44,17.5,17.85,1800,18.25,1800,0,129600
ASIANPAINT30JAN201800CE.NFO,07/01/2020,10:51:02,17.5,17.85,1200,18.25,1800,0,129600
ASIANPAINT30JAN201800CE.NFO,07/01/2020,10:51:23,17.5,17.85,600,18.25,1800,0,129600
ASIANPAINT30JAN201800CE.NFO,07/01/2020,10:51:30,17.85,17.55,600,18.25,1800,600,130800
ASIANPAINT30JAN201800CE.NFO,07/01/2020,10:51:34,17.85,17.55,600,18.25,1800,0,130800
ASIANPAINT30JAN201800CE.NFO,07/01/2020,10:51:37,17.85,17.65,600,18.25,1800,0,130800
ASIANPAINT30JAN201800CE.NFO,07/01/2020,10:51:45,17.85,17.7,600,18.25,1800,0,130800
ASIANPAINT30JAN201800CE.NFO,07/01/2020,10:52:09,17.85,17.65,600,18.25,1800,0,130800
ASIANPAINT30JAN201800CE.NFO,07/01/2020,10:52:23,17.85,17.65,600,18.25,1200,0,130800
ASIANPAINT30JAN201800CE.NFO,07/01/2020,10:52:29,17.85,17.65,600,18.15,600,0,130800
ASIANPAINT30JAN201800CE.NFO,07/01/2020,10:52:34,17.85,17.55,1200,18.15,1200,0,130800
ASIANPAINT30JAN201800CE.NFO,07/01/2020,10:52:39,17.85,17.7,600,18.15,1200,0,130800
ASIANPAINT30JAN201800CE.NFO,07/01/2020,10:52:47,17.85,17.55,600,17.95,600,0,130800
ASIANPAINT30JAN201800CE.NFO,07/01/2020,10:52:51,17.85,17.5,1200,17.95,1200,0,130800
ASIANPAINT30JAN201800CE.NFO,07/01/2020,10:52:55,17.85,17.5,600,17.95,1200,0,130800
ASIANPAINT30JAN201800CE.NFO,07/01/2020,10:53:12,17.5,17.35,1200,17.95,1200,600,130800
ASIANPAINT30JAN201800CE.NFO,07/01/2020,10:53:18,17.5,17.4,600,17.95,1200,0,130800
ASIANPAINT30JAN201800CE.NFO,07/01/2020,10:53:55,17.5,17.35,600,17.95,1200,0,130800
ASIANPAINT30JAN201800CE.NFO,07/01/2020,10:54:01,17.5,17.4,600,17.95,1200,0,130800
ASIANPAINT30JAN201800CE.NFO,07/01/2020,10:54:11,17.5,17.5,600,17.95,1200,0,130800
ASIANPAINT30JAN201800CE.NFO,07/01/2020,10:54:22,17.5,17.5,600,17.95,1200,600,130800
ASIANPAINT30JAN201800CE.NFO,07/01/2020,10:54:28,17.5,17.5,600,17.95,1200,0,130800
ASIANPAINT30JAN201800CE.NFO,07/01/2020,10:54:43,17.5,17.55,600,17.95,1200,0,130800
ASIANPAINT30JAN201800CE.NFO,07/01/2020,10:54:48,17.5,17.6,600,18,600,0,130800
ASIANPAINT30JAN201800CE.NFO,07/01/2020,10:54:53,17.5,17.65,600,18.05,600,0,130800
ASIANPAINT30JAN201800CE.NFO,07/01/2020,10:54:58,17.5,17.6,1200,18.05,600,0,130800
ASIANPAINT30JAN201800CE.NFO,07/01/2020,10:55:17,17.5,17.8,600,18.05,1200,0,130800
ASIANPAINT30JAN201800CE.NFO,07/01/2020,10:55:25,17.8,17.3,600,17.95,1200,600,130800
ASIANPAINT30JAN201800CE.NFO,07/01/2020,10:55:36,17.8,17.4,600,17.95,1200,0,130800
ASIANPAINT30JAN201800CE.NFO,07/01/2020,10:55:42,17.8,17.45,600,17.95,1200,0,130800
ASIANPAINT30JAN201800CE.NFO,07/01/2020,10:55:56,17.8,17.35,600,17.85,1800,0,130800
ASIANPAINT30JAN201800CE.NFO,07/01/2020,10:56:00,17.8,17.3,1200,17.7,1200,0,130800
ASIANPAINT30JAN201800CE.NFO,07/01/2020,10:56:04,17.8,17.4,1200,17.85,1200,0,130800
ASIANPAINT30JAN201800CE.NFO,07/01/2020,10:56:08,17.8,17.45,1200,17.9,1200,0,130800
ASIANPAINT30JAN201800CE.NFO,07/01/2020,10:56:14,17.8,17.45,1200,17.9,1800,0,130800
ASIANPAINT30JAN201800CE.NFO,07/01/2020,10:56:19,17.8,17.45,1200,17.9,600,0,130800
ASIANPAINT30JAN201800CE.NFO,07/01/2020,10:56:24,17.8,17.5,600,18,1200,0,130800
ASIANPAINT30JAN201800CE.NFO,07/01/2020,10:56:28,17.8,17.6,600,18,1200,0,130800
ASIANPAINT30JAN201800CE.NFO,07/01/2020,10:56:33,17.8,17.55,1200,18,1200,0,130800
ASIANPAINT30JAN201800CE.NFO,07/01/2020,10:56:54,17.8,17.55,600,17.95,1200,0,130800
ASIANPAINT30JAN201800CE.NFO,07/01/2020,10:56:59,17.8,17.5,1200,17.95,1200,0,130800
ASIANPAINT30JAN201800CE.NFO,07/01/2020,10:57:07,17.8,17.45,1200,17.95,1200,0,130800
ASIANPAINT30JAN201800CE.NFO,07/01/2020,10:57:18,17.8,17.45,1200,17.95,1800,0,130800
ASIANPAINT30JAN201800CE.NFO,07/01/2020,10:57:25,17.8,17.4,600,17.75,1200,0,130800
ASIANPAINT30JAN201800CE.NFO,07/01/2020,10:57:32,17.8,17.4,1200,17.8,1200,0,130800
ASIANPAINT30JAN201800CE.NFO,07/01/2020,10:57:37,17.8,17.45,600,17.85,600,0,130800
ASIANPAINT30JAN201800CE.NFO,07/01/2020,10:57:43,17.8,17.5,1200,17.9,600,0,130800
ASIANPAINT30JAN201800CE.NFO,07/01/2020,10:57:48,17.8,17.5,1200,17.95,600,0,130800
ASIANPAINT30JAN201800CE.NFO,07/01/2020,10:57:57,17.8,17.45,1200,17.95,1800,0,130800
ASIANPAINT30JAN201800CE.NFO,07/01/2020,10:58:01,17.8,17.4,600,17.95,1800,0,130800
ASIANPAINT30JAN201800CE.NFO,07/01/2020,10:58:05,17.8,17.4,600,17.85,600,0,130800
ASIANPAINT30JAN201800CE.NFO,07/01/2020,10:58:10,17.8,17.4,600,17.75,600,0,130800
ASIANPAINT30JAN201800CE.NFO,07/01/2020,10:58:15,17.8,17.4,600,17.75,1200,0,130800
ASIANPAINT30JAN201800CE.NFO,07/01/2020,10:58:24,17.8,17.3,600,17.75,1200,0,130800
ASIANPAINT30JAN201800CE.NFO,07/01/2020,10:58:30,17.8,17.25,600,17.75,1200,0,130800
ASIANPAINT30JAN201800CE.NFO,07/01/2020,10:58:35,17.8,17.3,600,17.75,1200,0,130800
ASIANPAINT30JAN201800CE.NFO,07/01/2020,10:58:40,17.8,17.3,1800,17.85,1200,0,130800
ASIANPAINT30JAN201800CE.NFO,07/01/2020,10:58:45,17.8,17.45,1800,17.95,1200,0,130800
ASIANPAINT30JAN201800CE.NFO,07/01/2020,10:58:51,17.8,17.35,600,17.95,1800,0,130800
ASIANPAINT30JAN201800CE.NFO,07/01/2020,10:59:00,17.8,17.45,1200,17.95,1200,0,130800
ASIANPAINT30JAN201800CE.NFO,07/01/2020,10:59:06,17.8,17.35,1800,17.85,1200,0,130800
ASIANPAINT30JAN201800CE.NFO,07/01/2020,10:59:12,17.8,17.3,600,17.85,1200,0,130800
ASIANPAINT30JAN201800CE.NFO,07/01/2020,10:59:18,17.8,17.35,600,17.85,1200,0,130800
