Ticker,Date,Time,LTP,BuyPrice,BuyQty,SellPrice,SellQty,LTQ,OpenInterest
ASIANPAINT27FEB201840CE.NFO,07/01/2020,10:21:12,29.45,26.2,3000,29.45,1200,1800,0
ASIANPAINT27FEB201840CE.NFO,07/01/2020,10:21:12,29.45,26.2,3000,29.45,1200,0,0
ASIANPAINT27FEB201840CE.NFO,07/01/2020,10:21:12,29.45,26.2,3000,29.45,1200,0,0
ASIANPAINT27FEB201840CE.NFO,07/01/2020,10:21:12,29.45,26.2,3000,29.45,1200,0,0
ASIANPAINT27FEB201840CE.NFO,07/01/2020,10:21:16,30.6,27.1,2400,30.25,3000,600,1200
ASIANPAINT27FEB201840CE.NFO,07/01/2020,10:21:16,30.6,27.1,2400,30.25,3000,0,1200
ASIANPAINT27FEB201840CE.NFO,07/01/2020,10:21:20,30.6,27.1,1200,30.7,3000,0,1200
ASIANPAINT27FEB201840CE.NFO,07/01/2020,10:21:24,30.6,27.1,2400,30.6,3000,0,1200
ASIANPAINT27FEB201840CE.NFO,07/01/2020,10:21:28,30.6,27.1,2400,31,3000,0,1200
ASIANPAINT27FEB201840CE.NFO,07/01/2020,10:21:32,30.6,27.1,2400,30.2,3000,0,1200
ASIANPAINT27FEB201840CE.NFO,07/01/2020,10:21:35,30.6,27.1,2400,30.65,3000,0,1200
ASIANPAINT27FEB201840CE.NFO,07/01/2020,10:21:39,30.6,27.1,2400,30.25,3000,0,1200
ASIANPAINT27FEB201840CE.NFO,07/01/2020,10:21:43,30.6,27.1,2400,30.65,3000,0,1200
ASIANPAINT27FEB201840CE.NFO,07/01/2020,10:21:47,30.6,27.1,1200,30.65,3000,0,1200
ASIANPAINT27FEB201840CE.NFO,07/01/2020,10:21:51,30.6,27.1,2400,30.6,3000,0,1200
ASIANPAINT27FEB201840CE.NFO,07/01/2020,10:21:55,30.6,27.1,2400,30.65,3000,0,1200
ASIANPAINT27FEB201840CE.NFO,07/01/2020,10:22:04,30.6,27.1,2400,29.85,600,0,1200
ASIANPAINT27FEB201840CE.NFO,07/01/2020,10:22:08,30.6,27.1,1200,29.45,600,0,1200
ASIANPAINT27FEB201840CE.NFO,07/01/2020,10:22:13,30.6,27.1,2400,29.45,600,0,1200
ASIANPAINT27FEB201840CE.NFO,07/01/2020,10:22:17,30.6,27.1,2400,29.7,600,0,1200
ASIANPAINT27FEB201840CE.NFO,07/01/2020,10:22:21,30.6,27.1,1200,29.7,600,0,1200
ASIANPAINT27FEB201840CE.NFO,07/01/2020,10:22:25,30.6,27.1,2400,29.7,600,0,1200
ASIANPAINT27FEB201840CE.NFO,07/01/2020,10:22:34,30.6,27.1,2400,29.5,600,0,1200
ASIANPAINT27FEB201840CE.NFO,07/01/2020,10:22:42,30.6,27.1,1200,29.5,600,0,1200
ASIANPAINT27FEB201840CE.NFO,07/01/2020,10:22:49,30.6,27.1,1200,29.7,600,0,1200
ASIANPAINT27FEB201840CE.NFO,07/01/2020,10:22:54,30.6,27.1,2400,29.85,600,0,1200
ASIANPAINT27FEB201840CE.NFO,07/01/2020,10:23:05,30.6,27.05,4200,29.85,600,0,1200
ASIANPAINT27FEB201840CE.NFO,07/01/2020,10:23:22,30.6,27.05,4200,29.5,600,0,1200
ASIANPAINT27FEB201840CE.NFO,07/01/2020,10:23:41,30.6,27.05,3000,29.5,600,0,1200
ASIANPAINT27FEB201840CE.NFO,07/01/2020,10:23:48,30.6,27.05,4200,29.5,600,0,1200
ASIANPAINT27FEB201840CE.NFO,07/01/2020,10:23:53,30.6,27.05,3000,29.5,600,0,1200
ASIANPAINT27FEB201840CE.NFO,07/01/2020,10:23:58,30.6,27.05,3000,29.15,600,0,1200
ASIANPAINT27FEB201840CE.NFO,07/01/2020,10:24:02,30.6,27.05,4200,29.2,600,0,1200
ASIANPAINT27FEB201840CE.NFO,07/01/2020,10:24:06,30.6,27.05,4200,29.7,600,0,1200
ASIANPAINT27FEB201840CE.NFO,07/01/2020,10:24:26,30.6,27.05,3000,29.7,600,0,1200
ASIANPAINT27FEB201840CE.NFO,07/01/2020,10:24:29,30.6,27.05,4200,29.7,600,0,1200
ASIANPAINT27FEB201840CE.NFO,07/01/2020,10:24:49,30.6,27.05,3000,29.7,600,0,1200
ASIANPAINT27FEB201840CE.NFO,07/01/2020,10:24:52,30.6,27.05,4200,29.7,600,0,1200
ASIANPAINT27FEB201840CE.NFO,07/01/2020,10:24:59,30.6,27.05,3000,29.7,600,0,1200
ASIANPAINT27FEB201840CE.NFO,07/01/2020,10:25:07,30.6,26.55,1200,29.7,600,0,1200
ASIANPAINT27FEB201840CE.NFO,07/01/2020,10:25:28,30.6,26.55,1200,29.65,600,0,1200
ASIANPAINT27FEB201840CE.NFO,07/01/2020,10:25:32,30.6,26.55,1200,29.6,600,0,1200
ASIANPAINT27FEB201840CE.NFO,07/01/2020,10:25:44,30.6,26.55,1200,29.65,600,0,1200
ASIANPAINT27FEB201840CE.NFO,07/01/2020,10:25:49,30.6,26.55,1200,29.95,600,0,1200
ASIANPAINT27FEB201840CE.NFO,07/01/2020,10:25:54,30.6,26.55,1200,29.8,600,0,1200
ASIANPAINT27FEB201840CE.NFO,07/01/2020,10:25:58,30.6,26.55,1200,29.6,600,0,1200
ASIANPAINT27FEB201840CE.NFO,07/01/2020,10:26:06,30.6,26.55,1200,29.9,600,0,1200
ASIANPAINT27FEB201840CE.NFO,07/01/2020,10:26:11,30.6,26.55,1200,29.7,600,0,1200
ASIANPAINT27FEB201840CE.NFO,07/01/2020,10:26:19,30.6,26.55,1200,29.55,600,0,1200
ASIANPAINT27FEB201840CE.NFO,07/01/2020,10:26:23,30.6,26.55,1200,29.75,600,0,1200
ASIANPAINT27FEB201840CE.NFO,07/01/2020,10:26:26,30.6,26.55,1200,29.7,600,0,1200
ASIANPAINT27FEB201840CE.NFO,07/01/2020,10:26:38,30.6,26.55,1200,29.95,600,0,1200
ASIANPAINT27FEB201840CE.NFO,07/01/2020,10:26:42,30.6,26.55,1200,29.75,600,0,1200
ASIANPAINT27FEB201840CE.NFO,07/01/2020,10:26:46,30.6,26.55,1200,29.65,600,0,1200
ASIANPAINT27FEB201840CE.NFO,07/01/2020,10:26:49,30.6,26.55,1200,29.85,600,0,1200
ASIANPAINT27FEB201840CE.NFO,07/01/2020,10:26:52,30.6,26.55,1200,29.55,600,0,1200
ASIANPAINT27FEB201840CE.NFO,07/01/2020,10:26:56,30.6,26.55,1200,29.75,600,0,1200
ASIANPAINT27FEB201840CE.NFO,07/01/2020,10:27:18,30.6,17.45,10800,29.75,600,0,1200
ASIANPAINT27FEB201840CE.NFO,07/01/2020,10:29:08,30.6,17.45,10800,29.55,600,0,1800
ASIANPAINT27FEB201840CE.NFO,07/01/2020,10:29:20,30.6,17.45,10800,28.85,600,0,1800
ASIANPAINT27FEB201840CE.NFO,07/01/2020,10:29:30,30.6,17.45,10800,28.75,600,0,1800
ASIANPAINT27FEB201840CE.NFO,07/01/2020,10:29:34,30.6,17.45,10800,29.45,600,0,1800
ASIANPAINT27FEB201840CE.NFO,07/01/2020,10:29:38,30.6,17.45,10800,28.8,600,0,1800
ASIANPAINT27FEB201840CE.NFO,07/01/2020,10:29:59,30.6,17.45,10800,28.55,600,0,1800
ASIANPAINT27FEB201840CE.NFO,07/01/2020,10:30:07,30.6,17.45,10800,28.8,600,0,1800
ASIANPAINT27FEB201840CE.NFO,07/01/2020,10:30:12,30.6,17.45,10800,28.7,600,0,1800
ASIANPAINT27FEB201840CE.NFO,07/01/2020,10:30:20,30.6,17.45,10800,28.8,600,0,1800
ASIANPAINT27FEB201840CE.NFO,07/01/2020,10:30:26,30.6,17.45,10800,28.75,600,0,1800
ASIANPAINT27FEB201840CE.NFO,07/01/2020,10:30:36,30.6,17.45,10800,28.65,600,0,1800
ASIANPAINT27FEB201840CE.NFO,07/01/2020,10:30:43,30.6,17.45,10800,28.8,600,0,1800
ASIANPAINT27FEB201840CE.NFO,07/01/2020,10:31:00,30.6,17.45,10800,28.55,600,0,1800
ASIANPAINT27FEB201840CE.NFO,07/01/2020,10:31:38,30.6,17.45,10800,28.6,600,0,1800
ASIANPAINT27FEB201840CE.NFO,07/01/2020,10:31:42,30.6,17.45,10800,29.4,1800,0,1800
ASIANPAINT27FEB201840CE.NFO,07/01/2020,10:31:45,30.6,17.45,10800,28.85,1800,0,1800
ASIANPAINT27FEB201840CE.NFO,07/01/2020,10:31:49,30.6,17.45,10800,28.8,1800,0,1800
ASIANPAINT27FEB201840CE.NFO,07/01/2020,10:32:01,30.6,17.45,10800,29.75,600,0,1800
ASIANPAINT27FEB201840CE.NFO,07/01/2020,10:32:43,30.6,17.45,10800,29.8,1800,0,1800
ASIANPAINT27FEB201840CE.NFO,07/01/2020,10:32:54,30.6,17.45,10800,29.7,600,0,1800
ASIANPAINT27FEB201840CE.NFO,07/01/2020,10:32:58,30.6,17.45,10800,29.8,1800,0,1800
ASIANPAINT27FEB201840CE.NFO,07/01/2020,10:33:13,30.6,17.45,10800,29.7,600,0,1800
ASIANPAINT27FEB201840CE.NFO,07/01/2020,10:33:36,30.6,17.45,10800,29.5,600,0,1800
ASIANPAINT27FEB201840CE.NFO,07/01/2020,10:33:39,30.6,17.45,10800,29.2,1800,0,1800
ASIANPAINT27FEB201840CE.NFO,07/01/2020,10:33:50,30.6,17.45,10800,29.6,600,0,1800
ASIANPAINT27FEB201840CE.NFO,07/01/2020,10:33:53,30.6,17.45,10800,29.75,1800,0,1800
ASIANPAINT27FEB201840CE.NFO,07/01/2020,10:33:56,30.6,20.65,1800,29.75,1800,0,1800
ASIANPAINT27FEB201840CE.NFO,07/01/2020,10:33:59,30.6,24.8,6000,29.75,1800,0,1800
ASIANPAINT27FEB201840CE.NFO,07/01/2020,10:34:05,30.6,24.9,6000,29.75,1800,0,1800
ASIANPAINT27FEB201840CE.NFO,07/01/2020,10:34:23,30.6,24.9,6600,29.75,1800,0,1800
ASIANPAINT27FEB201840CE.NFO,07/01/2020,10:34:32,30.6,24.9,6000,29.75,1800,0,1800
ASIANPAINT27FEB201840CE.NFO,07/01/2020,10:34:36,30.6,24.9,6600,29.75,1800,0,1800
ASIANPAINT27FEB201840CE.NFO,07/01/2020,10:34:37,30.6,24.9,6000,29.75,1800,0,1800
ASIANPAINT27FEB201840CE.NFO,07/01/2020,10:35:01,30.6,24.9,6000,29.65,600,0,1800
ASIANPAINT27FEB201840CE.NFO,07/01/2020,10:35:05,30.6,24.9,6000,29.75,1800,0,1800
ASIANPAINT27FEB201840CE.NFO,07/01/2020,10:36:00,30.6,24.9,7200,29.75,1800,0,1800
ASIANPAINT27FEB201840CE.NFO,07/01/2020,10:36:00,30.6,24.9,6000,29.75,1800,0,1800
ASIANPAINT27FEB201840CE.NFO,07/01/2020,10:36:03,30.6,24.9,6000,29.65,600,0,1800
ASIANPAINT27FEB201840CE.NFO,07/01/2020,10:37:02,30.6,24.9,6000,29.45,600,0,1800
ASIANPAINT27FEB201840CE.NFO,07/01/2020,10:37:17,30.6,24.9,6000,29.15,1800,0,1800
ASIANPAINT27FEB201840CE.NFO,07/01/2020,10:37:23,30.6,24.9,6000,29.1,1800,0,1800
ASIANPAINT27FEB201840CE.NFO,07/01/2020,10:37:29,30.6,24.9,6000,29.05,1800,0,1800
ASIANPAINT27FEB201840CE.NFO,07/01/2020,10:37:49,30.6,24.9,6000,29.25,1800,0,1800
ASIANPAINT27FEB201840CE.NFO,07/01/2020,10:38:15,30.6,24.9,7200,29.25,1800,0,1800
ASIANPAINT27FEB201840CE.NFO,07/01/2020,10:38:19,30.6,24.9,6000,29.25,1800,0,1800
ASIANPAINT27FEB201840CE.NFO,07/01/2020,10:38:29,30.6,24.9,7200,29.25,1800,0,1800
ASIANPAINT27FEB201840CE.NFO,07/01/2020,10:38:32,30.6,24.9,6000,29.25,1800,0,1800
ASIANPAINT27FEB201840CE.NFO,07/01/2020,10:38:34,30.6,24.9,6600,29.25,1800,0,1800
ASIANPAINT27FEB201840CE.NFO,07/01/2020,10:38:36,30.6,24.9,7800,29.25,1800,0,1800
ASIANPAINT27FEB201840CE.NFO,07/01/2020,10:38:37,30.6,24.9,7200,29.25,1800,0,1800
ASIANPAINT27FEB201840CE.NFO,07/01/2020,10:38:45,30.6,24.9,6000,29.25,1800,0,1800
ASIANPAINT27FEB201840CE.NFO,07/01/2020,10:38:45,30.6,24.9,7200,29.25,1800,0,1800
ASIANPAINT27FEB201840CE.NFO,07/01/2020,10:38:49,30.6,24.9,6000,29.25,1800,0,1800
ASIANPAINT27FEB201840CE.NFO,07/01/2020,10:39:53,30.6,24.9,6600,29.25,1800,0,1800
ASIANPAINT27FEB201840CE.NFO,07/01/2020,10:39:56,30.6,24.95,6600,29.25,1800,0,1800
ASIANPAINT27FEB201840CE.NFO,07/01/2020,10:39:59,30.6,24.95,6000,29.25,1800,0,1800
ASIANPAINT27FEB201840CE.NFO,07/01/2020,10:40:09,30.6,24.95,6000,28.95,1800,0,1800
ASIANPAINT27FEB201840CE.NFO,07/01/2020,10:40:25,30.6,24.95,7200,28.95,1800,0,1800
ASIANPAINT27FEB201840CE.NFO,07/01/2020,10:40:26,30.6,24.95,6000,28.95,1800,0,1800
ASIANPAINT27FEB201840CE.NFO,07/01/2020,10:40:55,30.6,24.95,4800,28.95,1800,0,1800
ASIANPAINT27FEB201840CE.NFO,07/01/2020,10:40:56,30.6,24.95,6000,28.95,1800,0,1800
ASIANPAINT27FEB201840CE.NFO,07/01/2020,10:41:15,30.6,24.95,4800,28.95,1800,0,1800
ASIANPAINT27FEB201840CE.NFO,07/01/2020,10:41:17,30.6,24.95,6000,28.95,1800,0,1800
ASIANPAINT27FEB201840CE.NFO,07/01/2020,10:41:35,30.6,24.95,6600,28.95,1800,0,1800
ASIANPAINT27FEB201840CE.NFO,07/01/2020,10:41:38,30.6,24.95,6000,28.95,1800,0,1800
ASIANPAINT27FEB201840CE.NFO,07/01/2020,10:41:41,30.6,24.95,4800,28.95,1800,0,1800
ASIANPAINT27FEB201840CE.NFO,07/01/2020,10:41:42,30.6,24.95,6000,28.95,1800,0,1800
ASIANPAINT27FEB201840CE.NFO,07/01/2020,10:41:43,30.6,24.95,6600,28.95,1800,0,1800
ASIANPAINT27FEB201840CE.NFO,07/01/2020,10:41:46,30.6,25,6600,28.95,1800,0,1800
ASIANPAINT27FEB201840CE.NFO,07/01/2020,10:41:50,30.6,25.15,5400,28.95,1800,0,1800
ASIANPAINT27FEB201840CE.NFO,07/01/2020,10:41:51,30.6,25.15,6600,28.95,1800,0,1800
ASIANPAINT27FEB201840CE.NFO,07/01/2020,10:41:52,30.6,25.15,4800,28.95,1800,0,1800
ASIANPAINT27FEB201840CE.NFO,07/01/2020,10:41:55,30.6,25.15,6000,28.95,1800,0,1800
ASIANPAINT27FEB201840CE.NFO,07/01/2020,10:41:58,30.6,25.15,6000,29.7,1800,0,1800
ASIANPAINT27FEB201840CE.NFO,07/01/2020,10:42:08,30.6,25.15,4800,29.7,1800,0,1800
ASIANPAINT27FEB201840CE.NFO,07/01/2020,10:42:11,30.6,25.15,6000,29.7,1800,0,1800
ASIANPAINT27FEB201840CE.NFO,07/01/2020,10:42:14,30.6,25.15,4800,29.7,1800,0,1800
ASIANPAINT27FEB201840CE.NFO,07/01/2020,10:42:16,30.6,25.15,6000,29.7,1800,0,1800
ASIANPAINT27FEB201840CE.NFO,07/01/2020,10:42:19,30.6,25.15,4800,29.7,1800,0,1800
ASIANPAINT27FEB201840CE.NFO,07/01/2020,10:42:22,30.6,25.15,6000,29.7,1800,0,1800
ASIANPAINT27FEB201840CE.NFO,07/01/2020,10:42:25,30.6,25.15,4800,29.7,1800,0,1800
ASIANPAINT27FEB201840CE.NFO,07/01/2020,10:42:26,30.6,25.15,6000,29.7,1800,0,1800
ASIANPAINT27FEB201840CE.NFO,07/01/2020,10:42:29,30.6,25.15,4800,29.7,1800,0,1800
ASIANPAINT27FEB201840CE.NFO,07/01/2020,10:42:33,30.6,25.15,6000,29.7,1800,0,1800
ASIANPAINT27FEB201840CE.NFO,07/01/2020,10:42:34,30.6,25.15,4800,29.7,1800,0,1800
ASIANPAINT27FEB201840CE.NFO,07/01/2020,10:42:40,30.6,25.15,3600,29.7,1800,0,1800
ASIANPAINT27FEB201840CE.NFO,07/01/2020,10:42:41,30.6,25.15,4800,29.7,1800,0,1800
ASIANPAINT27FEB201840CE.NFO,07/01/2020,10:42:47,30.6,25.15,4800,29.7,2400,0,1800
ASIANPAINT27FEB201840CE.NFO,07/01/2020,10:42:53,30.6,25.15,4800,29.7,1800,0,1800
ASIANPAINT27FEB201840CE.NFO,07/01/2020,10:42:56,30.6,25.15,3600,29.7,1800,0,1800
ASIANPAINT27FEB201840CE.NFO,07/01/2020,10:42:58,30.6,25.15,3600,29.55,600,0,1800
ASIANPAINT27FEB201840CE.NFO,07/01/2020,10:42:59,30.6,25.15,2400,29.55,600,0,1800
ASIANPAINT27FEB201840CE.NFO,07/01/2020,10:43:01,30.6,25.15,3600,29.55,600,0,1800
ASIANPAINT27FEB201840CE.NFO,07/01/2020,10:43:09,30.6,25.15,2400,29.55,600,0,1800
ASIANPAINT27FEB201840CE.NFO,07/01/2020,10:43:09,30.6,25.15,3600,29.55,600,0,1800
ASIANPAINT27FEB201840CE.NFO,07/01/2020,10:43:20,30.6,25.15,2400,29.55,600,0,1800
ASIANPAINT27FEB201840CE.NFO,07/01/2020,10:43:20,30.6,25.15,3600,29.55,600,0,1800
ASIANPAINT27FEB201840CE.NFO,07/01/2020,10:43:24,30.6,25.15,2400,29.55,600,0,1800
ASIANPAINT27FEB201840CE.NFO,07/01/2020,10:43:25,30.6,25.15,3600,29.55,600,0,1800
ASIANPAINT27FEB201840CE.NFO,07/01/2020,10:43:32,30.6,25.15,3600,28.65,1800,0,1800
ASIANPAINT27FEB201840CE.NFO,07/01/2020,10:44:05,30.6,25.15,3600,29.45,1800,0,1800
ASIANPAINT27FEB201840CE.NFO,07/01/2020,10:44:08,30.6,25.15,3600,29.35,1800,0,1800
ASIANPAINT27FEB201840CE.NFO,07/01/2020,10:44:12,30.6,25.15,3600,29.65,1800,0,1800
ASIANPAINT27FEB201840CE.NFO,07/01/2020,10:44:14,30.6,25.15,3600,29.5,1800,0,1800
ASIANPAINT27FEB201840CE.NFO,07/01/2020,10:44:15,30.6,25.15,3600,29.4,1800,0,1800
ASIANPAINT27FEB201840CE.NFO,07/01/2020,10:44:17,30.6,25.15,3600,29.3,1800,0,1800
ASIANPAINT27FEB201840CE.NFO,07/01/2020,10:44:18,30.6,25.15,2400,29.75,600,0,1800
ASIANPAINT27FEB201840CE.NFO,07/01/2020,10:44:19,30.6,25.15,3600,29.75,600,0,1800
ASIANPAINT27FEB201840CE.NFO,07/01/2020,10:44:20,30.6,25.15,3600,29.8,1800,0,1800
ASIANPAINT27FEB201840CE.NFO,07/01/2020,10:44:25,30.6,25.15,3600,29.7,600,0,1800
ASIANPAINT27FEB201840CE.NFO,07/01/2020,10:44:30,30.6,25.15,3600,29.8,1800,0,1800
ASIANPAINT27FEB201840CE.NFO,07/01/2020,10:44:32,30.6,25.15,3600,29.65,600,0,1800
ASIANPAINT27FEB201840CE.NFO,07/01/2020,10:44:34,30.6,25.15,3600,29.7,600,0,1800
ASIANPAINT27FEB201840CE.NFO,07/01/2020,10:44:35,30.6,25.15,2400,29.5,600,0,1800
ASIANPAINT27FEB201840CE.NFO,07/01/2020,10:44:38,30.6,25.15,3600,29.5,600,0,1800
ASIANPAINT27FEB201840CE.NFO,07/01/2020,10:44:39,30.6,25.15,3600,29.75,600,0,1800
ASIANPAINT27FEB201840CE.NFO,07/01/2020,10:44:40,30.6,25.15,3600,29.5,600,0,1800
ASIANPAINT27FEB201840CE.NFO,07/01/2020,10:44:48,30.6,25.15,2400,29.5,600,0,1800
ASIANPAINT27FEB201840CE.NFO,07/01/2020,10:44:49,30.6,25.15,2400,29.75,600,0,1800
ASIANPAINT27FEB201840CE.NFO,07/01/2020,10:44:52,30.6,25.15,2400,29.5,600,0,1800
ASIANPAINT27FEB201840CE.NFO,07/01/2020,10:44:58,30.6,24.7,4800,29.5,600,0,1800
ASIANPAINT27FEB201840CE.NFO,07/01/2020,10:45:15,30.6,24.7,4800,29.75,600,0,1800
ASIANPAINT27FEB201840CE.NFO,07/01/2020,10:45:17,30.6,24.7,4800,29.55,600,0,1800
ASIANPAINT27FEB201840CE.NFO,07/01/2020,10:45:53,30.6,24.7,4800,29.8,2400,0,1800
ASIANPAINT27FEB201840CE.NFO,07/01/2020,10:45:54,30.6,24.7,4800,29.6,600,0,1800
ASIANPAINT27FEB201840CE.NFO,07/01/2020,10:46:33,30.6,24.7,4800,29.8,1800,0,1800
ASIANPAINT27FEB201840CE.NFO,07/01/2020,10:46:35,30.6,24.7,4800,29.65,600,0,1800
ASIANPAINT27FEB201840CE.NFO,07/01/2020,10:46:50,30.6,24.7,4800,29.8,1800,0,1800
ASIANPAINT27FEB201840CE.NFO,07/01/2020,10:46:51,30.6,24.75,4800,29.8,1800,0,1800
ASIANPAINT27FEB201840CE.NFO,07/01/2020,10:46:52,30.6,24.75,4800,29.65,600,0,1800
ASIANPAINT27FEB201840CE.NFO,07/01/2020,10:47:03,30.6,24.75,4800,29.5,1800,0,1800
ASIANPAINT27FEB201840CE.NFO,07/01/2020,10:47:04,30.6,24.75,4800,29.45,1800,0,1800
ASIANPAINT27FEB201840CE.NFO,07/01/2020,10:47:05,30.6,24.75,4800,29.6,1800,0,1800
ASIANPAINT27FEB201840CE.NFO,07/01/2020,10:47:31,30.6,24.75,4800,29.5,600,0,1800
ASIANPAINT27FEB201840CE.NFO,07/01/2020,10:48:08,30.6,24.75,1200,28.75,1800,0,1800
ASIANPAINT27FEB201840CE.NFO,07/01/2020,10:48:09,30.6,24.35,3600,28.75,1800,0,1800
ASIANPAINT27FEB201840CE.NFO,07/01/2020,10:48:17,30.6,24.35,3600,28.7,600,0,1800
ASIANPAINT27FEB201840CE.NFO,07/01/2020,10:48:21,30.6,23.85,4800,28.7,2400,0,1800
ASIANPAINT27FEB201840CE.NFO,07/01/2020,10:48:28,30.6,23.85,4800,28.7,1800,0,1800
ASIANPAINT27FEB201840CE.NFO,07/01/2020,10:48:32,30.6,23.85,4800,28.3,1800,0,1800
ASIANPAINT27FEB201840CE.NFO,07/01/2020,10:48:37,30.6,23.85,5400,28.65,2400,0,1800
ASIANPAINT27FEB201840CE.NFO,07/01/2020,10:48:42,30.6,23.85,4800,28.6,2400,0,1800
ASIANPAINT27FEB201840CE.NFO,07/01/2020,10:48:46,30.6,23.85,4800,28.4,1800,0,1800
ASIANPAINT27FEB201840CE.NFO,07/01/2020,10:48:49,30.6,23.85,4800,28.65,2400,0,1800
ASIANPAINT27FEB201840CE.NFO,07/01/2020,10:48:53,30.6,23.85,4800,28.6,1800,0,1800
ASIANPAINT27FEB201840CE.NFO,07/01/2020,10:48:57,30.6,23.85,4800,28.4,1800,0,1800
ASIANPAINT27FEB201840CE.NFO,07/01/2020,10:49:00,30.6,23.85,4800,28.65,600,0,1800
ASIANPAINT27FEB201840CE.NFO,07/01/2020,10:49:07,30.6,23.85,4800,28.65,1800,0,1800
ASIANPAINT27FEB201840CE.NFO,07/01/2020,10:49:10,30.6,23.85,4800,28.3,1800,0,1800
ASIANPAINT27FEB201840CE.NFO,07/01/2020,10:49:12,30.6,23.85,4800,28.7,1800,0,1800
ASIANPAINT27FEB201840CE.NFO,07/01/2020,10:49:13,30.6,23.85,4800,28.4,1800,0,1800
ASIANPAINT27FEB201840CE.NFO,07/01/2020,10:49:14,30.6,23.85,4800,28.5,1800,0,1800
ASIANPAINT27FEB201840CE.NFO,07/01/2020,10:49:15,30.6,23.85,4800,28.2,1800,0,1800
ASIANPAINT27FEB201840CE.NFO,07/01/2020,10:49:16,30.6,23.85,4800,28.1,1800,0,1800
ASIANPAINT27FEB201840CE.NFO,07/01/2020,10:49:18,30.6,23.85,4800,28.15,1800,0,1800
ASIANPAINT27FEB201840CE.NFO,07/01/2020,10:49:19,30.6,23.85,4800,28.35,1800,0,1800
ASIANPAINT27FEB201840CE.NFO,07/01/2020,10:49:20,30.6,23.85,4800,28.7,1800,0,1800
ASIANPAINT27FEB201840CE.NFO,07/01/2020,10:49:22,30.6,23.85,4800,28.55,600,0,1800
ASIANPAINT27FEB201840CE.NFO,07/01/2020,10:49:24,30.6,23.85,4800,28.4,1800,0,1800
ASIANPAINT27FEB201840CE.NFO,07/01/2020,10:49:25,30.6,23.85,4800,28.3,1800,0,1800
ASIANPAINT27FEB201840CE.NFO,07/01/2020,10:49:27,30.6,23.85,4800,28.25,1800,0,1800
ASIANPAINT27FEB201840CE.NFO,07/01/2020,10:49:28,30.6,23.85,4800,28.4,1800,0,1800
ASIANPAINT27FEB201840CE.NFO,07/01/2020,10:49:30,30.6,23.85,4800,28.7,1800,0,1800
ASIANPAINT27FEB201840CE.NFO,07/01/2020,10:49:32,30.6,23.85,4800,28.55,600,0,1800
ASIANPAINT27FEB201840CE.NFO,07/01/2020,10:49:33,30.6,23.85,4800,28.35,1800,0,1800
ASIANPAINT27FEB201840CE.NFO,07/01/2020,10:49:33,30.6,23.85,4800,28.4,1800,0,1800
ASIANPAINT27FEB201840CE.NFO,07/01/2020,10:49:34,30.6,23.85,4800,28.6,1800,0,1800
ASIANPAINT27FEB201840CE.NFO,07/01/2020,10:49:35,30.6,23.85,4800,28.7,1800,0,1800
ASIANPAINT27FEB201840CE.NFO,07/01/2020,10:49:36,30.6,23.85,5400,28.7,1800,0,1800
ASIANPAINT27FEB201840CE.NFO,07/01/2020,10:49:37,30.6,23.85,4800,28.7,1800,0,1800
ASIANPAINT27FEB201840CE.NFO,07/01/2020,10:49:38,30.6,23.95,4800,28.7,1800,0,1800
ASIANPAINT27FEB201840CE.NFO,07/01/2020,10:49:44,30.6,23.95,4800,28.6,600,0,1800
ASIANPAINT27FEB201840CE.NFO,07/01/2020,10:49:45,30.6,23.95,4800,28.7,2400,0,1800
ASIANPAINT27FEB201840CE.NFO,07/01/2020,10:49:47,30.6,23.95,4800,28.7,1800,0,1800
ASIANPAINT27FEB201840CE.NFO,07/01/2020,10:49:48,30.6,23.95,4800,28.7,2400,0,1800
ASIANPAINT27FEB201840CE.NFO,07/01/2020,10:49:53,30.6,23.95,3600,28.7,2400,0,1800
ASIANPAINT27FEB201840CE.NFO,07/01/2020,10:49:56,30.6,23.95,3600,28.65,600,0,1800
ASIANPAINT27FEB201840CE.NFO,07/01/2020,10:49:57,30.6,23.95,4800,28.65,600,0,1800
ASIANPAINT27FEB201840CE.NFO,07/01/2020,10:49:57,30.6,23.95,4800,28.7,1800,0,1800
ASIANPAINT27FEB201840CE.NFO,07/01/2020,10:49:59,30.6,23.95,3600,28.7,1800,0,1800
ASIANPAINT27FEB201840CE.NFO,07/01/2020,10:50:01,30.6,23.95,4800,28.7,1800,0,1800
ASIANPAINT27FEB201840CE.NFO,07/01/2020,10:50:07,30.6,23.95,3600,28.6,600,0,1800
ASIANPAINT27FEB201840CE.NFO,07/01/2020,10:50:08,30.6,23.95,4800,28.7,1800,0,1800
ASIANPAINT27FEB201840CE.NFO,07/01/2020,10:50:13,30.6,23.95,3600,28.55,600,0,1800
ASIANPAINT27FEB201840CE.NFO,07/01/2020,10:50:14,30.6,23.95,4800,28.4,1800,0,1800
ASIANPAINT27FEB201840CE.NFO,07/01/2020,10:50:16,30.6,23.95,3600,28.7,2400,0,1800
ASIANPAINT27FEB201840CE.NFO,07/01/2020,10:50:17,30.6,23.95,4800,28.7,2400,0,1800
ASIANPAINT27FEB201840CE.NFO,07/01/2020,10:50:19,30.6,23.95,4800,28.7,1800,0,1800
ASIANPAINT27FEB201840CE.NFO,07/01/2020,10:50:24,30.6,23.95,3600,28.65,600,0,1800
ASIANPAINT27FEB201840CE.NFO,07/01/2020,10:50:25,30.6,23.95,4800,28.7,1800,0,1800
ASIANPAINT27FEB201840CE.NFO,07/01/2020,10:50:25,30.6,23.95,3600,28.7,1800,0,1800
ASIANPAINT27FEB201840CE.NFO,07/01/2020,10:50:26,30.6,23.95,4800,28.65,600,0,1800
ASIANPAINT27FEB201840CE.NFO,07/01/2020,10:50:28,30.6,23.95,4800,28.7,1800,0,1800
ASIANPAINT27FEB201840CE.NFO,07/01/2020,10:50:40,30.6,23.95,4800,28.4,1800,0,1800
ASIANPAINT27FEB201840CE.NFO,07/01/2020,10:50:44,30.6,23.95,4800,28.7,1800,0,1800
ASIANPAINT27FEB201840CE.NFO,07/01/2020,10:51:02,30.6,23.95,4800,28.4,1800,0,1800
ASIANPAINT27FEB201840CE.NFO,07/01/2020,10:51:03,30.6,23.95,4800,28.7,1800,0,1800
ASIANPAINT27FEB201840CE.NFO,07/01/2020,10:51:16,30.6,23.95,4800,28.35,1800,0,1800
ASIANPAINT27FEB201840CE.NFO,07/01/2020,10:51:23,30.6,23.95,3600,28.25,1800,0,1800
ASIANPAINT27FEB201840CE.NFO,07/01/2020,10:51:26,30.6,23.95,3600,28.35,1800,0,1800
ASIANPAINT27FEB201840CE.NFO,07/01/2020,10:51:30,30.6,23.95,3600,28.25,1800,0,1800
ASIANPAINT27FEB201840CE.NFO,07/01/2020,10:51:36,30.6,23.95,3600,28.15,1800,0,1800
ASIANPAINT27FEB201840CE.NFO,07/01/2020,10:51:45,30.6,23.95,4800,28.35,1800,0,1800
ASIANPAINT27FEB201840CE.NFO,07/01/2020,10:51:53,30.6,23.95,3600,28.3,1800,0,1800
ASIANPAINT27FEB201840CE.NFO,07/01/2020,10:51:58,30.6,23.95,4800,28.35,1800,0,1800
ASIANPAINT27FEB201840CE.NFO,07/01/2020,10:52:03,30.6,23.95,4800,28.25,1800,0,1800
ASIANPAINT27FEB201840CE.NFO,07/01/2020,10:52:09,30.6,23.95,3600,28.3,1800,0,1800
ASIANPAINT27FEB201840CE.NFO,07/01/2020,10:52:18,30.6,23.95,3600,28.2,1800,0,1800
ASIANPAINT27FEB201840CE.NFO,07/01/2020,10:52:23,30.6,23.95,3600,28.15,1800,0,1800
ASIANPAINT27FEB201840CE.NFO,07/01/2020,10:52:28,30.6,23.95,3600,28.25,1800,0,1800
ASIANPAINT27FEB201840CE.NFO,07/01/2020,10:52:34,30.6,23.95,3600,28.2,1800,0,1800
ASIANPAINT27FEB201840CE.NFO,07/01/2020,10:52:39,30.6,23.95,3600,28.25,1800,0,1800
ASIANPAINT27FEB201840CE.NFO,07/01/2020,10:52:43,30.6,23.95,3600,28.3,1800,0,1800
ASIANPAINT27FEB201840CE.NFO,07/01/2020,10:52:47,30.6,23.95,3600,28.05,1800,0,1800
ASIANPAINT27FEB201840CE.NFO,07/01/2020,10:52:50,30.6,23.95,2400,28.15,1800,0,1800
ASIANPAINT27FEB201840CE.NFO,07/01/2020,10:52:55,30.6,23.65,3600,28.05,1800,0,1800
ASIANPAINT27FEB201840CE.NFO,07/01/2020,10:53:00,30.6,23.65,1200,28.1,1800,0,1800
ASIANPAINT27FEB201840CE.NFO,07/01/2020,10:53:06,30.6,23.3,4800,27.9,1800,0,1800
ASIANPAINT27FEB201840CE.NFO,07/01/2020,10:53:12,30.6,23.3,3600,27.85,1800,0,1800
ASIANPAINT27FEB201840CE.NFO,07/01/2020,10:53:13,30.6,23.3,3600,27.75,1800,0,1800
ASIANPAINT27FEB201840CE.NFO,07/01/2020,10:53:14,30.6,23.3,3600,28,1800,0,1800
ASIANPAINT27FEB201840CE.NFO,07/01/2020,10:53:15,30.6,23.3,3600,27.85,1800,0,1800
ASIANPAINT27FEB201840CE.NFO,07/01/2020,10:53:16,30.6,23.3,3600,27.8,1800,0,1800
ASIANPAINT27FEB201840CE.NFO,07/01/2020,10:53:17,30.6,23.3,3600,28.05,1800,0,1800
ASIANPAINT27FEB201840CE.NFO,07/01/2020,10:53:18,30.6,23.3,3600,27.9,1800,0,1800
ASIANPAINT27FEB201840CE.NFO,07/01/2020,10:53:19,30.6,23.3,3600,27.85,1800,0,1800
ASIANPAINT27FEB201840CE.NFO,07/01/2020,10:53:20,30.6,23.3,4800,27.7,1800,0,1800
ASIANPAINT27FEB201840CE.NFO,07/01/2020,10:53:21,30.6,23.3,3600,28.05,1800,0,1800
ASIANPAINT27FEB201840CE.NFO,07/01/2020,10:53:23,30.6,23.3,4800,28,1800,0,1800
ASIANPAINT27FEB201840CE.NFO,07/01/2020,10:53:24,30.6,23.3,4800,28.05,1800,0,1800
ASIANPAINT27FEB201840CE.NFO,07/01/2020,10:53:25,30.6,23.3,4800,28.15,1800,0,1800
ASIANPAINT27FEB201840CE.NFO,07/01/2020,10:53:26,30.6,23.3,4800,28,1800,0,1800
ASIANPAINT27FEB201840CE.NFO,07/01/2020,10:53:27,30.6,23.3,4800,27.9,1800,0,1800
ASIANPAINT27FEB201840CE.NFO,07/01/2020,10:53:29,30.6,23.3,4800,28.15,1800,0,1800
ASIANPAINT27FEB201840CE.NFO,07/01/2020,10:53:29,30.6,23.3,4800,28.25,1800,0,1800
ASIANPAINT27FEB201840CE.NFO,07/01/2020,10:53:31,30.6,23.3,4800,28.05,1800,0,1800
ASIANPAINT27FEB201840CE.NFO,07/01/2020,10:53:32,30.6,23.3,4800,28.3,1800,0,1800
ASIANPAINT27FEB201840CE.NFO,07/01/2020,10:53:32,30.6,23.3,4800,28.25,1800,0,1800
ASIANPAINT27FEB201840CE.NFO,07/01/2020,10:53:33,30.6,23.3,4800,27.9,1800,0,1800
ASIANPAINT27FEB201840CE.NFO,07/01/2020,10:53:34,30.6,23.3,3600,28.3,2400,0,1800
ASIANPAINT27FEB201840CE.NFO,07/01/2020,10:53:35,30.6,23.3,4800,27.95,1800,0,1800
ASIANPAINT27FEB201840CE.NFO,07/01/2020,10:53:37,30.6,23.3,4800,27.9,1800,0,1800
ASIANPAINT27FEB201840CE.NFO,07/01/2020,10:53:38,30.6,23.3,4800,27.85,1800,0,1800
ASIANPAINT27FEB201840CE.NFO,07/01/2020,10:53:39,30.6,23.3,4800,28.05,2400,0,1800
ASIANPAINT27FEB201840CE.NFO,07/01/2020,10:53:40,30.6,23.3,4800,27.9,1800,0,1800
ASIANPAINT27FEB201840CE.NFO,07/01/2020,10:53:42,30.6,23.3,4800,27.95,1800,0,1800
ASIANPAINT27FEB201840CE.NFO,07/01/2020,10:53:43,30.6,23.3,4800,27.9,1800,0,1800
ASIANPAINT27FEB201840CE.NFO,07/01/2020,10:53:44,30.6,23.3,3600,27.7,1800,0,1800
ASIANPAINT27FEB201840CE.NFO,07/01/2020,10:53:45,30.6,23.3,4800,28,1800,0,1800
ASIANPAINT27FEB201840CE.NFO,07/01/2020,10:53:46,30.6,23.3,4800,28.1,600,0,1800
ASIANPAINT27FEB201840CE.NFO,07/01/2020,10:53:47,30.6,23.3,4800,28.05,1800,0,1800
ASIANPAINT27FEB201840CE.NFO,07/01/2020,10:53:48,30.6,23.3,4800,27.8,1800,0,1800
ASIANPAINT27FEB201840CE.NFO,07/01/2020,10:53:48,30.6,23.3,4800,27.75,1800,0,1800
ASIANPAINT27FEB201840CE.NFO,07/01/2020,10:53:49,30.6,23.3,4800,27.95,1800,0,1800
ASIANPAINT27FEB201840CE.NFO,07/01/2020,10:53:50,30.6,23.3,4800,27.65,1800,0,1800
ASIANPAINT27FEB201840CE.NFO,07/01/2020,10:53:51,30.6,23.3,4800,28,1800,0,1800
ASIANPAINT27FEB201840CE.NFO,07/01/2020,10:53:52,30.6,23.3,4800,27.85,1800,0,1800
ASIANPAINT27FEB201840CE.NFO,07/01/2020,10:53:53,30.6,23.3,4800,28.2,1800,0,1800
ASIANPAINT27FEB201840CE.NFO,07/01/2020,10:53:54,30.6,23.3,4800,28,1800,0,1800
ASIANPAINT27FEB201840CE.NFO,07/01/2020,10:53:55,30.6,23.3,4800,27.75,1800,0,1800
ASIANPAINT27FEB201840CE.NFO,07/01/2020,10:53:56,30.6,23.3,4800,27.8,1800,0,1800
ASIANPAINT27FEB201840CE.NFO,07/01/2020,10:53:58,30.6,23.3,4800,27.9,1800,0,1800
ASIANPAINT27FEB201840CE.NFO,07/01/2020,10:53:58,30.6,23.3,4800,27.85,1800,0,1800
ASIANPAINT27FEB201840CE.NFO,07/01/2020,10:54:00,30.6,23.3,4800,28.05,1800,0,1800
ASIANPAINT27FEB201840CE.NFO,07/01/2020,10:54:01,30.6,23.3,4800,27.8,1800,0,1800
ASIANPAINT27FEB201840CE.NFO,07/01/2020,10:54:02,30.6,23.3,4800,27.9,1800,0,1800
ASIANPAINT27FEB201840CE.NFO,07/01/2020,10:54:03,30.6,23.3,4800,27.7,1800,0,1800
ASIANPAINT27FEB201840CE.NFO,07/01/2020,10:54:04,30.6,23.3,4800,28.1,600,0,1800
ASIANPAINT27FEB201840CE.NFO,07/01/2020,10:54:05,30.6,23.3,4800,28,1800,0,1800
ASIANPAINT27FEB201840CE.NFO,07/01/2020,10:54:07,30.6,23.3,3600,28.05,1800,0,1800
ASIANPAINT27FEB201840CE.NFO,07/01/2020,10:54:08,30.6,23.3,4800,27.95,1800,0,1800
ASIANPAINT27FEB201840CE.NFO,07/01/2020,10:54:09,30.6,23.3,4800,27.9,1800,0,1800
ASIANPAINT27FEB201840CE.NFO,07/01/2020,10:54:10,30.6,23.3,4800,27.8,1800,0,1800
ASIANPAINT27FEB201840CE.NFO,07/01/2020,10:54:10,30.6,23.3,4800,28.15,1800,0,1800
ASIANPAINT27FEB201840CE.NFO,07/01/2020,10:54:11,30.6,23.3,4800,27.9,1800,0,1800
ASIANPAINT27FEB201840CE.NFO,07/01/2020,10:54:13,30.6,23.3,3600,28.15,1800,0,1800
ASIANPAINT27FEB201840CE.NFO,07/01/2020,10:54:14,30.6,23.3,4800,28.2,2400,0,1800
ASIANPAINT27FEB201840CE.NFO,07/01/2020,10:54:15,30.6,23.3,4800,27.9,1800,0,1800
ASIANPAINT27FEB201840CE.NFO,07/01/2020,10:54:16,30.6,23.3,3600,27.9,1800,0,1800
ASIANPAINT27FEB201840CE.NFO,07/01/2020,10:54:17,30.6,23.3,4800,27.9,1800,0,1800
ASIANPAINT27FEB201840CE.NFO,07/01/2020,10:54:18,30.6,23.3,4800,28.2,2400,0,1800
ASIANPAINT27FEB201840CE.NFO,07/01/2020,10:54:19,30.6,23.3,4800,28.05,1800,0,1800
ASIANPAINT27FEB201840CE.NFO,07/01/2020,10:54:20,30.6,23.3,3600,27.95,1800,0,1800
ASIANPAINT27FEB201840CE.NFO,07/01/2020,10:54:21,30.6,23.3,4800,28.05,1800,0,1800
ASIANPAINT27FEB201840CE.NFO,07/01/2020,10:54:22,30.6,23.3,4800,27.85,1800,0,1800
ASIANPAINT27FEB201840CE.NFO,07/01/2020,10:54:23,30.6,23.3,4800,27.8,1800,0,1800
ASIANPAINT27FEB201840CE.NFO,07/01/2020,10:54:25,30.6,23.3,4800,28.15,1800,0,1800
ASIANPAINT27FEB201840CE.NFO,07/01/2020,10:54:26,30.6,23.3,4800,27.9,1800,0,1800
ASIANPAINT27FEB201840CE.NFO,07/01/2020,10:54:26,30.6,23.3,4800,27.85,1800,0,1800
ASIANPAINT27FEB201840CE.NFO,07/01/2020,10:54:27,30.6,23.3,4800,28.1,1800,0,1800
ASIANPAINT27FEB201840CE.NFO,07/01/2020,10:54:28,30.6,23.3,4800,28,1800,0,1800
ASIANPAINT27FEB201840CE.NFO,07/01/2020,10:54:29,30.6,23.3,4800,27.95,1800,0,1800
ASIANPAINT27FEB201840CE.NFO,07/01/2020,10:54:31,30.6,23.3,4800,28.05,1800,0,1800
ASIANPAINT27FEB201840CE.NFO,07/01/2020,10:54:31,30.6,23.3,4800,28,1800,0,1800
ASIANPAINT27FEB201840CE.NFO,07/01/2020,10:54:33,30.6,23.3,4800,27.85,1800,0,1800
ASIANPAINT27FEB201840CE.NFO,07/01/2020,10:54:34,30.6,23.3,3600,27.9,1800,0,1800
ASIANPAINT27FEB201840CE.NFO,07/01/2020,10:54:35,30.6,23.3,4800,28.05,1800,0,1800
ASIANPAINT27FEB201840CE.NFO,07/01/2020,10:54:36,30.6,23.3,4800,27.9,1800,0,1800
ASIANPAINT27FEB201840CE.NFO,07/01/2020,10:54:37,30.6,23.3,4800,28.25,1800,0,1800
ASIANPAINT27FEB201840CE.NFO,07/01/2020,10:54:38,30.6,23.3,4800,28.15,1800,0,1800
ASIANPAINT27FEB201840CE.NFO,07/01/2020,10:54:40,30.6,23.3,4800,28.05,1800,0,1800
ASIANPAINT27FEB201840CE.NFO,07/01/2020,10:54:41,30.6,23.3,4800,28.2,600,0,1800
ASIANPAINT27FEB201840CE.NFO,07/01/2020,10:54:41,30.6,23.3,4800,28.2,1800,0,1800
ASIANPAINT27FEB201840CE.NFO,07/01/2020,10:54:42,30.6,23.3,3600,28.1,1800,0,1800
ASIANPAINT27FEB201840CE.NFO,07/01/2020,10:54:43,30.6,23.3,4800,28.05,1800,0,1800
ASIANPAINT27FEB201840CE.NFO,07/01/2020,10:54:44,30.6,23.3,4800,28.15,1800,0,1800
ASIANPAINT27FEB201840CE.NFO,07/01/2020,10:54:45,30.6,23.3,4800,28.1,1800,0,1800
ASIANPAINT27FEB201840CE.NFO,07/01/2020,10:54:47,30.6,23.3,6600,28.1,1800,0,1800
ASIANPAINT27FEB201840CE.NFO,07/01/2020,10:54:48,30.6,23.3,6600,28.25,1800,0,1800
ASIANPAINT27FEB201840CE.NFO,07/01/2020,10:54:49,30.6,23.3,6600,28.15,1800,0,1800
ASIANPAINT27FEB201840CE.NFO,07/01/2020,10:54:51,30.6,23.4,6000,28.3,1800,0,1800
ASIANPAINT27FEB201840CE.NFO,07/01/2020,10:54:52,30.6,23.4,4800,28.2,1800,0,1800
ASIANPAINT27FEB201840CE.NFO,07/01/2020,10:54:55,30.6,23.4,4800,28.3,2400,0,1800
ASIANPAINT27FEB201840CE.NFO,07/01/2020,10:54:56,30.6,23.4,4800,28.3,1800,0,1800
ASIANPAINT27FEB201840CE.NFO,07/01/2020,10:54:57,30.6,23.4,6000,28.3,1800,0,1800
ASIANPAINT27FEB201840CE.NFO,07/01/2020,10:54:59,30.6,23.4,7200,28.25,1800,0,1800
ASIANPAINT27FEB201840CE.NFO,07/01/2020,10:55:00,30.6,23.4,4800,28.3,1800,0,1800
ASIANPAINT27FEB201840CE.NFO,07/01/2020,10:55:01,30.6,23.4,4800,28.2,1800,0,1800
ASIANPAINT27FEB201840CE.NFO,07/01/2020,10:55:02,30.6,23.4,4800,28.3,1800,0,1800
ASIANPAINT27FEB201840CE.NFO,07/01/2020,10:55:03,30.6,23.4,4800,28.15,1800,0,1800
ASIANPAINT27FEB201840CE.NFO,07/01/2020,10:55:05,30.6,23.4,4800,28.1,1800,0,1800
ASIANPAINT27FEB201840CE.NFO,07/01/2020,10:55:07,30.6,23.4,4800,28.25,1800,0,1800
ASIANPAINT27FEB201840CE.NFO,07/01/2020,10:55:09,30.6,23.4,4800,28.2,1800,0,1800
ASIANPAINT27FEB201840CE.NFO,07/01/2020,10:55:10,30.6,23.4,4800,28.3,2400,0,1800
ASIANPAINT27FEB201840CE.NFO,07/01/2020,10:55:11,30.6,23.4,4800,28.2,1800,0,1800
ASIANPAINT27FEB201840CE.NFO,07/01/2020,10:55:12,30.6,23.4,4800,27.95,1800,0,1800
ASIANPAINT27FEB201840CE.NFO,07/01/2020,10:55:13,30.6,23.4,4800,28.25,1800,0,1800
ASIANPAINT27FEB201840CE.NFO,07/01/2020,10:55:14,30.6,23.4,4800,28.2,1800,0,1800
ASIANPAINT27FEB201840CE.NFO,07/01/2020,10:55:15,30.6,23.4,4800,28.1,1800,0,1800
ASIANPAINT27FEB201840CE.NFO,07/01/2020,10:55:16,30.6,23.4,4800,28.05,1800,0,1800
ASIANPAINT27FEB201840CE.NFO,07/01/2020,10:55:17,30.6,23.4,4800,27.95,1800,0,1800
ASIANPAINT27FEB201840CE.NFO,07/01/2020,10:55:18,30.6,23.4,6000,28.15,1800,0,1800
ASIANPAINT27FEB201840CE.NFO,07/01/2020,10:55:19,30.6,23.4,4800,28.1,1800,0,1800
ASIANPAINT27FEB201840CE.NFO,07/01/2020,10:55:20,30.6,23.4,4800,28.25,1800,0,1800
ASIANPAINT27FEB201840CE.NFO,07/01/2020,10:55:21,30.6,23.4,4800,28.1,1800,0,1800
ASIANPAINT27FEB201840CE.NFO,07/01/2020,10:55:22,30.6,23.4,4800,28.05,1800,0,1800
ASIANPAINT27FEB201840CE.NFO,07/01/2020,10:55:24,30.6,23.4,3600,27.95,1800,0,1800
ASIANPAINT27FEB201840CE.NFO,07/01/2020,10:55:25,30.6,23.4,3600,27.7,1800,0,1800
ASIANPAINT27FEB201840CE.NFO,07/01/2020,10:55:28,30.6,23.4,3600,27.9,1800,0,1800
ASIANPAINT27FEB201840CE.NFO,07/01/2020,10:55:29,30.6,23.4,3600,27.65,1800,0,1800
ASIANPAINT27FEB201840CE.NFO,07/01/2020,10:55:30,30.6,23.4,3600,28,1800,0,1800
ASIANPAINT27FEB201840CE.NFO,07/01/2020,10:55:31,30.6,23.4,3600,27.95,1800,0,1800
ASIANPAINT27FEB201840CE.NFO,07/01/2020,10:55:32,30.6,23.4,3600,27.85,1800,0,1800
ASIANPAINT27FEB201840CE.NFO,07/01/2020,10:55:33,30.6,23.4,3600,27.8,1800,0,1800
ASIANPAINT27FEB201840CE.NFO,07/01/2020,10:55:34,30.6,23.4,3600,27.95,1800,0,1800
ASIANPAINT27FEB201840CE.NFO,07/01/2020,10:55:35,30.6,23.4,3600,28.05,2400,0,1800
ASIANPAINT27FEB201840CE.NFO,07/01/2020,10:55:36,30.6,23.4,3600,27.75,1800,0,1800
ASIANPAINT27FEB201840CE.NFO,07/01/2020,10:55:37,30.6,23.4,3600,28.05,600,0,1800
ASIANPAINT27FEB201840CE.NFO,07/01/2020,10:55:38,30.6,23.4,4800,28.05,2400,0,1800
ASIANPAINT27FEB201840CE.NFO,07/01/2020,10:55:39,30.6,23.4,4800,27.95,1800,0,1800
ASIANPAINT27FEB201840CE.NFO,07/01/2020,10:55:40,30.6,23.4,4800,28.15,600,0,1800
ASIANPAINT27FEB201840CE.NFO,07/01/2020,10:55:41,30.6,23.4,4800,28,1800,0,1800
ASIANPAINT27FEB201840CE.NFO,07/01/2020,10:55:42,30.6,23.4,3600,27.95,1800,0,1800
ASIANPAINT27FEB201840CE.NFO,07/01/2020,10:55:43,30.6,23.4,3600,27.75,1800,0,1800
ASIANPAINT27FEB201840CE.NFO,07/01/2020,10:55:44,30.6,23.4,3600,27.95,1800,0,1800
ASIANPAINT27FEB201840CE.NFO,07/01/2020,10:55:45,30.6,23.4,3600,27.9,1800,0,1800
ASIANPAINT27FEB201840CE.NFO,07/01/2020,10:55:47,30.6,23.4,3600,27.7,1800,0,1800
ASIANPAINT27FEB201840CE.NFO,07/01/2020,10:55:48,30.6,23.4,3600,28.05,2400,0,1800
ASIANPAINT27FEB201840CE.NFO,07/01/2020,10:55:50,30.6,23.4,3600,27.95,1800,0,1800
ASIANPAINT27FEB201840CE.NFO,07/01/2020,10:55:51,30.6,23.4,4800,27.75,1800,0,1800
ASIANPAINT27FEB201840CE.NFO,07/01/2020,10:55:52,30.6,23.4,3600,27.95,1800,0,1800
ASIANPAINT27FEB201840CE.NFO,07/01/2020,10:55:53,30.6,23.4,3600,27.75,1800,0,1800
ASIANPAINT27FEB201840CE.NFO,07/01/2020,10:55:55,30.6,23.4,3600,27.8,1800,0,1800
ASIANPAINT27FEB201840CE.NFO,07/01/2020,10:55:56,30.6,23.4,3600,27.55,1800,0,1800
ASIANPAINT27FEB201840CE.NFO,07/01/2020,10:55:57,30.6,23.4,3600,27.8,1800,0,1800
ASIANPAINT27FEB201840CE.NFO,07/01/2020,10:55:58,30.6,23.4,3600,27.7,1800,0,1800
ASIANPAINT27FEB201840CE.NFO,07/01/2020,10:55:59,30.6,24.5,600,27.65,1800,0,1800
ASIANPAINT27FEB201840CE.NFO,07/01/2020,10:56:02,30.6,24.7,600,27.9,1800,0,1800
ASIANPAINT27FEB201840CE.NFO,07/01/2020,10:56:03,30.6,24.7,600,27.85,1800,0,1800
ASIANPAINT27FEB201840CE.NFO,07/01/2020,10:56:04,30.6,24.7,600,27.95,1800,0,1800
ASIANPAINT27FEB201840CE.NFO,07/01/2020,10:56:05,30.6,24.85,600,27.95,600,0,1800
ASIANPAINT27FEB201840CE.NFO,07/01/2020,10:56:06,30.6,24.85,600,27.85,1800,0,1800
ASIANPAINT27FEB201840CE.NFO,07/01/2020,10:56:07,30.6,24.65,600,27.95,2400,0,1800
ASIANPAINT27FEB201840CE.NFO,07/01/2020,10:56:09,30.6,24.75,600,28,1800,0,1800
ASIANPAINT27FEB201840CE.NFO,07/01/2020,10:56:10,30.6,24.75,600,27.95,1800,0,1800
ASIANPAINT27FEB201840CE.NFO,07/01/2020,10:56:10,30.6,24.75,600,27.9,1800,0,1800
ASIANPAINT27FEB201840CE.NFO,07/01/2020,10:56:12,30.6,24.75,600,28.05,1800,0,1800
ASIANPAINT27FEB201840CE.NFO,07/01/2020,10:56:14,30.6,24.75,600,27.9,1800,0,1800
ASIANPAINT27FEB201840CE.NFO,07/01/2020,10:56:19,30.6,23.5,3000,27.85,1800,0,1800
ASIANPAINT27FEB201840CE.NFO,07/01/2020,10:56:23,30.6,23.8,600,28.25,1800,0,1800
ASIANPAINT27FEB201840CE.NFO,07/01/2020,10:56:28,30.6,23.75,3000,28.1,1800,0,1800
ASIANPAINT27FEB201840CE.NFO,07/01/2020,10:56:33,30.6,24.3,600,28.05,1800,0,1800
ASIANPAINT27FEB201840CE.NFO,07/01/2020,10:56:38,30.6,23.85,600,28.15,1800,0,1800
ASIANPAINT27FEB201840CE.NFO,07/01/2020,10:56:43,30.6,23.6,600,28.1,1800,0,1800
ASIANPAINT27FEB201840CE.NFO,07/01/2020,10:56:47,30.6,23.8,600,28.1,600,0,1800
ASIANPAINT27FEB201840CE.NFO,07/01/2020,10:56:50,30.6,23.85,600,28.05,1800,0,1800
ASIANPAINT27FEB201840CE.NFO,07/01/2020,10:56:54,30.6,23.85,600,27.95,1800,0,1800
ASIANPAINT27FEB201840CE.NFO,07/01/2020,10:56:59,30.6,23.9,600,28.1,1800,0,1800
ASIANPAINT27FEB201840CE.NFO,07/01/2020,10:57:03,30.6,22.9,5400,28.1,600,0,1800
ASIANPAINT27FEB201840CE.NFO,07/01/2020,10:57:07,30.6,23.25,5400,28.05,1800,0,1800
ASIANPAINT27FEB201840CE.NFO,07/01/2020,10:57:11,30.6,23.95,600,28.15,2400,0,1800
ASIANPAINT27FEB201840CE.NFO,07/01/2020,10:57:12,30.6,23.75,600,27.85,1800,0,1800
ASIANPAINT27FEB201840CE.NFO,07/01/2020,10:57:14,30.6,23.8,600,28.15,600,0,1800
ASIANPAINT27FEB201840CE.NFO,07/01/2020,10:57:15,30.6,23.65,3000,28.2,1800,0,1800
ASIANPAINT27FEB201840CE.NFO,07/01/2020,10:57:15,30.6,23.8,600,28.05,1800,0,1800
ASIANPAINT27FEB201840CE.NFO,07/01/2020,10:57:16,30.6,23.3,5400,28.2,2400,0,1800
ASIANPAINT27FEB201840CE.NFO,07/01/2020,10:57:17,30.6,23.45,5400,28.05,1800,0,1800
ASIANPAINT27FEB201840CE.NFO,07/01/2020,10:57:18,30.6,23.7,600,28.15,1800,0,1800
ASIANPAINT27FEB201840CE.NFO,07/01/2020,10:57:19,30.6,23.8,600,28.1,1800,0,1800
ASIANPAINT27FEB201840CE.NFO,07/01/2020,10:57:22,30.6,19.25,10200,27.95,1800,0,1800
ASIANPAINT27FEB201840CE.NFO,07/01/2020,10:57:23,30.6,19.9,5400,27.65,1800,0,1800
ASIANPAINT27FEB201840CE.NFO,07/01/2020,10:57:24,30.6,20.55,5400,27.75,1800,0,1800
ASIANPAINT27FEB201840CE.NFO,07/01/2020,10:57:25,30.6,20.7,10200,27.55,1800,0,1800
ASIANPAINT27FEB201840CE.NFO,07/01/2020,10:57:25,30.6,20.95,4200,27.95,1800,0,1800
ASIANPAINT27FEB201840CE.NFO,07/01/2020,10:57:27,30.6,21.8,10200,27.95,1800,0,1800
ASIANPAINT27FEB201840CE.NFO,07/01/2020,10:57:28,30.6,22.15,9000,27.85,1800,0,1800
ASIANPAINT27FEB201840CE.NFO,07/01/2020,10:57:29,30.6,22.6,3000,27.85,1800,0,1800
ASIANPAINT27FEB201840CE.NFO,07/01/2020,10:57:30,30.6,22.95,1800,27.85,1800,0,1800
ASIANPAINT27FEB201840CE.NFO,07/01/2020,10:57:31,30.6,23.15,5400,28.05,1800,0,1800
ASIANPAINT27FEB201840CE.NFO,07/01/2020,10:57:31,30.6,23.35,5400,28.1,1800,0,1800
ASIANPAINT27FEB201840CE.NFO,07/01/2020,10:57:32,30.6,23.75,600,27.65,1800,0,1800
ASIANPAINT27FEB201840CE.NFO,07/01/2020,10:57:34,30.6,22.45,4200,28.1,1800,0,1800
ASIANPAINT27FEB201840CE.NFO,07/01/2020,10:57:35,30.6,23.45,4200,27.9,1800,0,1800
ASIANPAINT27FEB201840CE.NFO,07/01/2020,10:57:36,30.6,23.8,600,28.25,2400,0,1800
ASIANPAINT27FEB201840CE.NFO,07/01/2020,10:57:37,30.6,23.85,600,28.15,1800,0,1800
ASIANPAINT27FEB201840CE.NFO,07/01/2020,10:57:38,30.6,23.75,600,28.15,1800,0,1800
ASIANPAINT27FEB201840CE.NFO,07/01/2020,10:57:39,30.6,23.75,600,28.05,1800,0,1800
ASIANPAINT27FEB201840CE.NFO,07/01/2020,10:57:40,30.6,23.85,600,28,1800,0,1800
ASIANPAINT27FEB201840CE.NFO,07/01/2020,10:57:41,30.6,23.35,1800,27.95,1800,0,1800
ASIANPAINT27FEB201840CE.NFO,07/01/2020,10:57:42,30.6,23.65,600,28,600,0,1800
ASIANPAINT27FEB201840CE.NFO,07/01/2020,10:57:43,30.6,23.75,600,28.15,1800,0,1800
ASIANPAINT27FEB201840CE.NFO,07/01/2020,10:57:44,30.6,23.9,600,27.95,1800,0,1800
ASIANPAINT27FEB201840CE.NFO,07/01/2020,10:57:45,30.6,23.85,600,28.15,1800,0,1800
ASIANPAINT27FEB201840CE.NFO,07/01/2020,10:57:47,30.6,23.9,600,28.05,1800,0,1800
ASIANPAINT27FEB201840CE.NFO,07/01/2020,10:57:47,30.6,23.8,600,28,1800,0,1800
ASIANPAINT27FEB201840CE.NFO,07/01/2020,10:57:50,30.6,23.9,600,28.05,1800,0,1800
ASIANPAINT27FEB201840CE.NFO,07/01/2020,10:57:51,30.6,23.55,600,27.95,1800,0,1800
ASIANPAINT27FEB201840CE.NFO,07/01/2020,10:57:51,30.6,23.55,600,28.05,1800,0,1800
ASIANPAINT27FEB201840CE.NFO,07/01/2020,10:57:53,30.6,23.7,600,28.25,1800,0,1800
ASIANPAINT27FEB201840CE.NFO,07/01/2020,10:57:54,30.6,23.7,600,28.05,1800,0,1800
ASIANPAINT27FEB201840CE.NFO,07/01/2020,10:57:55,30.6,23.85,600,27.95,1800,0,1800
ASIANPAINT27FEB201840CE.NFO,07/01/2020,10:57:56,30.6,23.8,600,27.9,1800,0,1800
ASIANPAINT27FEB201840CE.NFO,07/01/2020,10:57:57,30.6,21.9,9000,27.85,1800,0,1800
ASIANPAINT27FEB201840CE.NFO,07/01/2020,10:57:58,30.6,23.45,600,28.15,1800,0,1800
ASIANPAINT27FEB201840CE.NFO,07/01/2020,10:57:59,30.6,23.85,600,27.85,1800,0,1800
ASIANPAINT27FEB201840CE.NFO,07/01/2020,10:58:00,30.6,23.6,600,27.85,1800,0,1800
ASIANPAINT27FEB201840CE.NFO,07/01/2020,10:58:01,30.6,23.7,600,28.25,1800,0,1800
ASIANPAINT27FEB201840CE.NFO,07/01/2020,10:58:02,30.6,23.9,600,28,1800,0,1800
ASIANPAINT27FEB201840CE.NFO,07/01/2020,10:58:02,30.6,24,600,28,1800,0,1800
ASIANPAINT27FEB201840CE.NFO,07/01/2020,10:58:03,30.6,23.75,600,27.85,1800,0,1800
ASIANPAINT27FEB201840CE.NFO,07/01/2020,10:58:06,30.6,23.6,3000,27.95,1800,0,1800
ASIANPAINT27FEB201840CE.NFO,07/01/2020,10:58:07,30.6,23.75,600,27.95,1800,0,1800
ASIANPAINT27FEB201840CE.NFO,07/01/2020,10:58:08,30.6,23.75,600,27.9,1800,0,1800
ASIANPAINT27FEB201840CE.NFO,07/01/2020,10:58:08,30.6,22.65,1800,27.9,1800,0,1800
ASIANPAINT27FEB201840CE.NFO,07/01/2020,10:58:09,30.6,23.7,600,27.8,1800,0,1800
ASIANPAINT27FEB201840CE.NFO,07/01/2020,10:58:11,30.6,23.65,600,27.55,1800,0,1800
ASIANPAINT27FEB201840CE.NFO,07/01/2020,10:58:12,30.6,23.6,600,27.5,1800,0,1800
ASIANPAINT27FEB201840CE.NFO,07/01/2020,10:58:13,30.6,23.55,600,27.75,1800,0,1800
ASIANPAINT27FEB201840CE.NFO,07/01/2020,10:58:14,30.6,23.65,600,28.15,1800,0,1800
ASIANPAINT27FEB201840CE.NFO,07/01/2020,10:58:15,30.6,23.7,600,28.15,1800,0,1800
ASIANPAINT27FEB201840CE.NFO,07/01/2020,10:58:16,30.6,23.75,600,27.85,1800,0,1800
ASIANPAINT27FEB201840CE.NFO,07/01/2020,10:58:17,30.6,23.75,600,27.7,1800,0,1800
ASIANPAINT27FEB201840CE.NFO,07/01/2020,10:58:17,30.6,23.75,600,27.65,1800,0,1800
ASIANPAINT27FEB201840CE.NFO,07/01/2020,10:58:18,30.6,23.75,600,28.05,600,0,1800
ASIANPAINT27FEB201840CE.NFO,07/01/2020,10:58:19,30.6,23.9,600,28.05,2400,0,1800
ASIANPAINT27FEB201840CE.NFO,07/01/2020,10:58:20,30.6,22.5,3000,27.95,1800,0,1800
ASIANPAINT27FEB201840CE.NFO,07/01/2020,10:58:21,30.6,23.45,600,27.8,1800,0,1800
ASIANPAINT27FEB201840CE.NFO,07/01/2020,10:58:22,30.6,23.75,600,28,1800,0,1800
ASIANPAINT27FEB201840CE.NFO,07/01/2020,10:58:23,30.6,23.3,3000,27.75,1800,0,1800
ASIANPAINT27FEB201840CE.NFO,07/01/2020,10:58:24,30.6,23.5,3000,27.8,1800,0,1800
ASIANPAINT27FEB201840CE.NFO,07/01/2020,10:58:26,30.6,23.65,3000,28.05,1800,0,1800
ASIANPAINT27FEB201840CE.NFO,07/01/2020,10:58:27,30.6,23.75,600,27.9,1800,0,1800
ASIANPAINT27FEB201840CE.NFO,07/01/2020,10:58:28,30.6,23.75,600,27.85,1800,0,1800
ASIANPAINT27FEB201840CE.NFO,07/01/2020,10:58:29,30.6,23.55,600,27.95,1800,0,1800
ASIANPAINT27FEB201840CE.NFO,07/01/2020,10:58:31,30.6,23.65,1800,27.75,1800,0,1800
ASIANPAINT27FEB201840CE.NFO,07/01/2020,10:58:32,30.6,23.8,600,27.85,1800,0,1800
ASIANPAINT27FEB201840CE.NFO,07/01/2020,10:58:33,30.6,23.8,600,28.1,2400,0,1800
ASIANPAINT27FEB201840CE.NFO,07/01/2020,10:58:34,30.6,23.75,600,28,1800,0,1800
ASIANPAINT27FEB201840CE.NFO,07/01/2020,10:58:35,30.6,23.55,3000,28.15,1800,0,1800
ASIANPAINT27FEB201840CE.NFO,07/01/2020,10:58:36,30.6,23.5,1800,28.05,1800,0,1800
ASIANPAINT27FEB201840CE.NFO,07/01/2020,10:58:37,30.6,23.75,600,27.7,1800,0,1800
ASIANPAINT27FEB201840CE.NFO,07/01/2020,10:58:38,30.6,23.85,600,27.95,1800,0,1800
ASIANPAINT27FEB201840CE.NFO,07/01/2020,10:58:39,30.6,24.2,600,28,1800,0,1800
ASIANPAINT27FEB201840CE.NFO,07/01/2020,10:58:40,30.6,23.9,600,28,1800,0,1800
ASIANPAINT27FEB201840CE.NFO,07/01/2020,10:58:41,30.6,24.25,600,27.8,1800,0,1800
ASIANPAINT27FEB201840CE.NFO,07/01/2020,10:58:42,30.6,23.8,600,27.9,1800,0,1800
ASIANPAINT27FEB201840CE.NFO,07/01/2020,10:58:43,30.6,23.95,600,28,1800,0,1800
ASIANPAINT27FEB201840CE.NFO,07/01/2020,10:58:44,30.6,23.5,4200,28.1,1800,0,1800
ASIANPAINT27FEB201840CE.NFO,07/01/2020,10:58:44,30.6,23.55,4200,28,1800,0,1800
ASIANPAINT27FEB201840CE.NFO,07/01/2020,10:58:45,30.6,23.85,1800,27.95,1800,0,1800
ASIANPAINT27FEB201840CE.NFO,07/01/2020,10:58:47,30.6,24.05,600,28,1800,0,1800
ASIANPAINT27FEB201840CE.NFO,07/01/2020,10:58:48,30.6,24.2,600,28,1800,0,1800
ASIANPAINT27FEB201840CE.NFO,07/01/2020,10:58:49,30.6,24.25,600,28,1800,0,1800
ASIANPAINT27FEB201840CE.NFO,07/01/2020,10:58:50,30.6,22.6,9000,28.2,2400,0,1800
ASIANPAINT27FEB201840CE.NFO,07/01/2020,10:58:51,30.6,22.85,5400,28.15,1800,0,1800
ASIANPAINT27FEB201840CE.NFO,07/01/2020,10:58:52,30.6,23.6,4200,28,1800,0,1800
ASIANPAINT27FEB201840CE.NFO,07/01/2020,10:58:53,30.6,23.85,600,27.95,1800,0,1800
ASIANPAINT27FEB201840CE.NFO,07/01/2020,10:58:54,30.6,23.85,600,27.85,1800,0,1800
ASIANPAINT27FEB201840CE.NFO,07/01/2020,10:58:55,30.6,24.15,600,27.85,1800,0,1800
ASIANPAINT27FEB201840CE.NFO,07/01/2020,10:58:56,30.6,23.95,600,27.9,1800,0,1800
ASIANPAINT27FEB201840CE.NFO,07/01/2020,10:58:57,30.6,23.9,600,28.2,1800,0,1800
ASIANPAINT27FEB201840CE.NFO,07/01/2020,10:58:58,30.6,24.05,600,28.1,1800,0,1800
ASIANPAINT27FEB201840CE.NFO,07/01/2020,10:58:59,30.6,24,600,27.95,1800,0,1800
ASIANPAINT27FEB201840CE.NFO,07/01/2020,10:59:00,30.6,24.1,600,28.2,1800,0,1800
ASIANPAINT27FEB201840CE.NFO,07/01/2020,10:59:01,30.6,24.3,600,28.1,1800,0,1800
ASIANPAINT27FEB201840CE.NFO,07/01/2020,10:59:02,30.6,23.85,600,28.05,1800,0,1800
ASIANPAINT27FEB201840CE.NFO,07/01/2020,10:59:02,30.6,23.75,1800,27.85,1800,0,1800
ASIANPAINT27FEB201840CE.NFO,07/01/2020,10:59:04,30.6,23.4,3000,28.15,2400,0,1800
ASIANPAINT27FEB201840CE.NFO,07/01/2020,10:59:05,30.6,23.9,600,28.2,1800,0,1800
ASIANPAINT27FEB201840CE.NFO,07/01/2020,10:59:06,30.6,23.75,600,27.8,1800,0,1800
ASIANPAINT27FEB201840CE.NFO,07/01/2020,10:59:07,30.6,23.95,600,28,1800,0,1800
ASIANPAINT27FEB201840CE.NFO,07/01/2020,10:59:08,30.6,23.9,600,28.1,1800,0,1800
ASIANPAINT27FEB201840CE.NFO,07/01/2020,10:59:09,30.6,24.05,600,28,1800,0,1800
ASIANPAINT27FEB201840CE.NFO,07/01/2020,10:59:10,30.6,24.35,600,27.8,1800,0,1800
ASIANPAINT27FEB201840CE.NFO,07/01/2020,10:59:11,30.6,23.05,1800,27.85,1800,0,1800
ASIANPAINT27FEB201840CE.NFO,07/01/2020,10:59:12,30.6,23.85,600,27.95,1800,0,1800
ASIANPAINT27FEB201840CE.NFO,07/01/2020,10:59:14,30.6,23.75,600,27.8,1800,0,1800
ASIANPAINT27FEB201840CE.NFO,07/01/2020,10:59:15,30.6,21.95,4200,27.9,1800,0,1800
ASIANPAINT27FEB201840CE.NFO,07/01/2020,10:59:16,30.6,23.25,600,27.85,1800,0,1800
ASIANPAINT27FEB201840CE.NFO,07/01/2020,10:59:17,30.6,23.75,1800,28.15,2400,0,1800
ASIANPAINT27FEB201840CE.NFO,07/01/2020,10:59:18,30.6,23.9,1800,28.15,1800,0,1800
ASIANPAINT27FEB201840CE.NFO,07/01/2020,10:59:19,30.6,23.85,600,28,1800,0,1800
ASIANPAINT27FEB201840CE.NFO,07/01/2020,10:59:20,30.6,23.4,4200,28,1800,0,1800
ASIANPAINT27FEB201840CE.NFO,07/01/2020,10:59:21,30.6,23.75,600,28.2,2400,0,1800
ASIANPAINT27FEB201840CE.NFO,07/01/2020,10:59:22,30.6,23.9,600,27.9,1800,0,1800
ASIANPAINT27FEB201840CE.NFO,07/01/2020,10:59:23,30.6,23.8,600,28.15,1800,0,1800
ASIANPAINT27FEB201840CE.NFO,07/01/2020,10:59:24,30.6,23.85,600,28.05,1800,0,1800
ASIANPAINT27FEB201840CE.NFO,07/01/2020,10:59:26,30.6,23.85,600,27.85,1800,0,1800
ASIANPAINT27FEB201840CE.NFO,07/01/2020,10:59:27,30.6,22.4,9000,28.15,600,0,1800
ASIANPAINT27FEB201840CE.NFO,07/01/2020,10:59:28,30.6,23.05,600,27.95,1800,0,1800
ASIANPAINT27FEB201840CE.NFO,07/01/2020,10:59:28,30.6,23.2,1800,27.9,1800,0,1800
ASIANPAINT27FEB201840CE.NFO,07/01/2020,10:59:30,30.6,23.85,600,28.1,1800,0,1800
ASIANPAINT27FEB201840CE.NFO,07/01/2020,10:59:31,30.6,24.05,600,28.05,1800,0,1800
ASIANPAINT27FEB201840CE.NFO,07/01/2020,10:59:32,30.6,23.8,600,27.9,1800,0,1800
ASIANPAINT27FEB201840CE.NFO,07/01/2020,10:59:33,30.6,23.8,600,28.05,1800,0,1800
ASIANPAINT27FEB201840CE.NFO,07/01/2020,10:59:34,30.6,24.05,600,27.85,1800,0,1800
ASIANPAINT27FEB201840CE.NFO,07/01/2020,10:59:35,30.6,23.7,600,28.05,1800,0,1800
ASIANPAINT27FEB201840CE.NFO,07/01/2020,10:59:36,30.6,23.85,600,28,1800,0,1800
ASIANPAINT27FEB201840CE.NFO,07/01/2020,10:59:37,30.6,24,600,28.05,1800,0,1800
ASIANPAINT27FEB201840CE.NFO,07/01/2020,10:59:38,30.6,24.2,600,28.15,2400,0,1800
ASIANPAINT27FEB201840CE.NFO,07/01/2020,10:59:38,30.6,23.8,600,28.05,1800,0,1800
ASIANPAINT27FEB201840CE.NFO,07/01/2020,10:59:40,30.6,24.1,1800,28.1,1800,0,1800
ASIANPAINT27FEB201840CE.NFO,07/01/2020,10:59:40,30.6,24.15,600,28,1800,0,1800
ASIANPAINT27FEB201840CE.NFO,07/01/2020,10:59:41,30.6,24.05,600,28.05,1800,0,1800
ASIANPAINT27FEB201840CE.NFO,07/01/2020,10:59:42,30.6,24.2,600,28.15,2400,0,1800
ASIANPAINT27FEB201840CE.NFO,07/01/2020,10:59:44,30.6,24.05,600,27.95,1800,0,1800
ASIANPAINT27FEB201840CE.NFO,07/01/2020,10:59:45,30.6,24.15,600,28,1800,0,1800
ASIANPAINT27FEB201840CE.NFO,07/01/2020,10:59:46,30.6,24.1,600,27.9,1800,0,1800
ASIANPAINT27FEB201840CE.NFO,07/01/2020,10:59:47,30.6,23.9,1800,28.05,1800,0,1800
ASIANPAINT27FEB201840CE.NFO,07/01/2020,10:59:48,30.6,24.05,600,28,1800,0,1800
ASIANPAINT27FEB201840CE.NFO,07/01/2020,10:59:49,30.6,22.75,3000,27.8,1800,0,1800
ASIANPAINT27FEB201840CE.NFO,07/01/2020,10:59:49,30.6,23.5,1800,28.15,600,0,1800
ASIANPAINT27FEB201840CE.NFO,07/01/2020,10:59:50,30.6,23.85,600,27.95,1800,0,1800
ASIANPAINT27FEB201840CE.NFO,07/01/2020,10:59:52,30.6,24.15,600,28.1,1800,0,1800
ASIANPAINT27FEB201840CE.NFO,07/01/2020,10:59:53,30.6,23.85,600,27.95,1800,0,1800
ASIANPAINT27FEB201840CE.NFO,07/01/2020,10:59:54,30.6,23.1,4200,28.25,1800,0,1800
ASIANPAINT27FEB201840CE.NFO,07/01/2020,10:59:55,30.6,23.95,600,28.15,1800,0,1800
ASIANPAINT27FEB201840CE.NFO,07/01/2020,10:59:56,30.6,23.85,600,27.9,1800,0,1800
ASIANPAINT27FEB201840CE.NFO,07/01/2020,10:59:57,30.6,24.1,600,27.95,1800,0,1800
ASIANPAINT27FEB201840CE.NFO,07/01/2020,10:59:58,30.6,23.5,4200,28.05,1800,0,1800
ASIANPAINT27FEB201840CE.NFO,07/01/2020,10:59:59,30.6,23.95,1800,27.95,1800,0,1800
ASIANPAINT27FEB201840CE.NFO,07/01/2020,11:00:00,30.6,24.2,600,27.95,1800,0,1800
ASIANPAINT27FEB201840CE.NFO,07/01/2020,11:00:02,30.6,24.25,600,27.95,1800,0,1800
ASIANPAINT27FEB201840CE.NFO,07/01/2020,11:00:03,30.6,23.95,600,27.95,1800,0,1800
ASIANPAINT27FEB201840CE.NFO,07/01/2020,11:00:04,30.6,24.15,600,28.05,600,0,1800
ASIANPAINT27FEB201840CE.NFO,07/01/2020,11:00:05,30.6,24.3,600,28,1800,0,1800
ASIANPAINT27FEB201840CE.NFO,07/01/2020,11:00:06,30.6,24.4,600,27.95,1800,0,1800
ASIANPAINT27FEB201840CE.NFO,07/01/2020,11:00:07,30.6,24.5,600,27.9,1800,0,1800
ASIANPAINT27FEB201840CE.NFO,07/01/2020,11:00:08,30.6,20.8,3000,27.85,1800,0,1800
ASIANPAINT27FEB201840CE.NFO,07/01/2020,11:00:09,30.6,20.95,3000,28.05,2400,0,1800
ASIANPAINT27FEB201840CE.NFO,07/01/2020,11:00:10,30.6,21.7,4200,28.05,600,0,1800
ASIANPAINT27FEB201840CE.NFO,07/01/2020,11:00:11,30.6,22.15,6600,27.85,1800,0,1800
ASIANPAINT27FEB201840CE.NFO,07/01/2020,11:00:12,30.6,22.25,9000,28.05,1800,0,1800
ASIANPAINT27FEB201840CE.NFO,07/01/2020,11:00:13,30.6,22.4,3000,28.15,1800,0,1800
ASIANPAINT27FEB201840CE.NFO,07/01/2020,11:00:14,30.6,22.5,9000,28.1,1800,0,1800
ASIANPAINT27FEB201840CE.NFO,07/01/2020,11:00:15,30.6,22.7,4200,28.05,1800,0,1800
ASIANPAINT27FEB201840CE.NFO,07/01/2020,11:00:16,30.6,23.1,3600,27.95,1800,0,1800
ASIANPAINT27FEB201840CE.NFO,07/01/2020,11:00:17,30.6,23.5,3600,27.8,1800,0,1800
ASIANPAINT27FEB201840CE.NFO,07/01/2020,11:00:18,30.6,23.8,1800,27.75,1800,0,1800
ASIANPAINT27FEB201840CE.NFO,07/01/2020,11:00:19,30.6,24.05,600,28,600,0,1800
ASIANPAINT27FEB201840CE.NFO,07/01/2020,11:00:20,30.6,24.25,600,28.05,1800,0,1800
ASIANPAINT27FEB201840CE.NFO,07/01/2020,11:00:21,30.6,24.2,600,28,1800,0,1800
ASIANPAINT27FEB201840CE.NFO,07/01/2020,11:00:21,30.6,24.2,600,27.9,1800,0,1800
ASIANPAINT27FEB201840CE.NFO,07/01/2020,11:00:22,30.6,23.95,1800,28.05,1800,0,1800
ASIANPAINT27FEB201840CE.NFO,07/01/2020,11:00:24,30.6,23.75,600,27.85,1800,0,1800
ASIANPAINT27FEB201840CE.NFO,07/01/2020,11:00:25,30.6,23.9,600,27.9,2400,0,1800
ASIANPAINT27FEB201840CE.NFO,07/01/2020,11:00:26,30.6,24.05,1800,27.85,1800,0,1800
ASIANPAINT27FEB201840CE.NFO,07/01/2020,11:00:27,30.6,22.75,3000,28,1800,0,1800
ASIANPAINT27FEB201840CE.NFO,07/01/2020,11:00:28,30.6,23.4,1800,27.65,1800,0,1800
ASIANPAINT27FEB201840CE.NFO,07/01/2020,11:00:29,30.6,23.6,1800,27.85,1800,0,1800
ASIANPAINT27FEB201840CE.NFO,07/01/2020,11:00:30,30.6,23.7,600,27.65,1800,0,1800
ASIANPAINT27FEB201840CE.NFO,07/01/2020,11:00:31,30.6,23.8,600,27.65,1800,0,1800
ASIANPAINT27FEB201840CE.NFO,07/01/2020,11:00:31,30.6,23.85,1800,27.65,1800,0,1800
ASIANPAINT27FEB201840CE.NFO,07/01/2020,11:00:32,30.6,24,600,27.9,2400,0,1800
ASIANPAINT27FEB201840CE.NFO,07/01/2020,11:00:34,30.6,24.15,600,27.8,1800,0,1800
ASIANPAINT27FEB201840CE.NFO,07/01/2020,11:00:35,30.6,23.4,1800,27.75,1800,0,1800
ASIANPAINT27FEB201840CE.NFO,07/01/2020,11:00:36,30.6,23.65,600,27.9,2400,0,1800
ASIANPAINT27FEB201840CE.NFO,07/01/2020,11:00:37,30.6,23.85,600,27.85,1800,0,1800
ASIANPAINT27FEB201840CE.NFO,07/01/2020,11:00:38,30.6,23.9,1800,27.95,1800,0,1800
ASIANPAINT27FEB201840CE.NFO,07/01/2020,11:00:39,30.6,23.65,1800,27.8,1800,0,1800
ASIANPAINT27FEB201840CE.NFO,07/01/2020,11:00:40,30.6,23.85,1800,27.95,2400,0,1800
ASIANPAINT27FEB201840CE.NFO,07/01/2020,11:00:41,30.6,23.95,600,27.8,1800,0,1800
ASIANPAINT27FEB201840CE.NFO,07/01/2020,11:00:42,30.6,24.05,600,27.9,1800,0,1800
ASIANPAINT27FEB201840CE.NFO,07/01/2020,11:00:43,30.6,24.4,600,28,600,0,1800
ASIANPAINT27FEB201840CE.NFO,07/01/2020,11:00:44,30.6,23.55,1800,27.65,1800,0,1800
ASIANPAINT27FEB201840CE.NFO,07/01/2020,11:00:45,30.6,23.8,1800,27.85,1800,0,1800
ASIANPAINT27FEB201840CE.NFO,07/01/2020,11:00:46,30.6,24,600,27.85,1800,0,1800
ASIANPAINT27FEB201840CE.NFO,07/01/2020,11:00:46,30.6,24,600,27.7,1800,0,1800
ASIANPAINT27FEB201840CE.NFO,07/01/2020,11:00:47,30.6,23.15,1200,27.8,1800,0,1800
ASIANPAINT27FEB201840CE.NFO,07/01/2020,11:00:49,30.6,23.65,1800,27.65,1800,0,1800
ASIANPAINT27FEB201840CE.NFO,07/01/2020,11:00:50,30.6,23.8,1800,27.75,1800,0,1800
ASIANPAINT27FEB201840CE.NFO,07/01/2020,11:00:50,30.6,24,600,27.65,1800,0,1800
ASIANPAINT27FEB201840CE.NFO,07/01/2020,11:00:51,30.6,24.25,600,27.9,1800,0,1800
ASIANPAINT27FEB201840CE.NFO,07/01/2020,11:00:53,30.6,23.6,3000,27.8,600,0,1800
ASIANPAINT27FEB201840CE.NFO,07/01/2020,11:00:54,30.6,23.8,1800,27.8,600,0,1800
ASIANPAINT27FEB201840CE.NFO,07/01/2020,11:00:55,30.6,23.95,1800,27.75,1800,0,1800
ASIANPAINT27FEB201840CE.NFO,07/01/2020,11:00:56,30.6,24,600,27.75,1800,0,1800
ASIANPAINT27FEB201840CE.NFO,07/01/2020,11:00:57,30.6,22.9,4200,27.65,1800,0,1800
ASIANPAINT27FEB201840CE.NFO,07/01/2020,11:00:58,30.6,23.25,5400,27.65,1800,0,1800
ASIANPAINT27FEB201840CE.NFO,07/01/2020,11:00:59,30.6,23.35,3000,27.8,2400,0,1800
ASIANPAINT27FEB201840CE.NFO,07/01/2020,11:01:00,30.6,23.5,3000,27.6,1800,0,1800
ASIANPAINT27FEB201840CE.NFO,07/01/2020,11:01:01,30.6,23.65,600,27.8,2400,0,1800
ASIANPAINT27FEB201840CE.NFO,07/01/2020,11:01:02,30.6,23.7,600,27.55,1800,0,1800
ASIANPAINT27FEB201840CE.NFO,07/01/2020,11:01:03,30.6,23.75,600,27.75,1800,0,1800
ASIANPAINT27FEB201840CE.NFO,07/01/2020,11:01:03,30.6,23.75,1800,27.55,1800,0,1800
ASIANPAINT27FEB201840CE.NFO,07/01/2020,11:01:04,30.6,23.85,600,27.6,1800,0,1800
ASIANPAINT27FEB201840CE.NFO,07/01/2020,11:01:05,30.6,23.95,600,27.55,1800,0,1800
ASIANPAINT27FEB201840CE.NFO,07/01/2020,11:01:06,30.6,24.05,600,27.7,600,0,1800
ASIANPAINT27FEB201840CE.NFO,07/01/2020,11:01:08,30.6,24.2,600,27.7,2400,0,1800
ASIANPAINT27FEB201840CE.NFO,07/01/2020,11:01:09,30.6,24.35,600,27.55,1800,0,1800
ASIANPAINT27FEB201840CE.NFO,07/01/2020,11:01:10,30.6,23,4200,27.55,1800,0,1800
ASIANPAINT27FEB201840CE.NFO,07/01/2020,11:01:11,30.6,23.2,4200,27.55,1800,0,1800
ASIANPAINT27FEB201840CE.NFO,07/01/2020,11:01:12,30.6,23.6,600,27.55,1800,0,1800
ASIANPAINT27FEB201840CE.NFO,07/01/2020,11:01:19,30.6,24.15,600,27.65,1800,0,1800
ASIANPAINT27FEB201840CE.NFO,07/01/2020,11:01:26,30.6,20.35,1800,27.55,1800,0,1800
ASIANPAINT27FEB201840CE.NFO,07/01/2020,11:01:32,30.6,22.25,6600,27.6,1800,0,1800
ASIANPAINT27FEB201840CE.NFO,07/01/2020,11:01:39,30.6,23.9,600,27.65,600,0,1800
ASIANPAINT27FEB201840CE.NFO,07/01/2020,11:01:46,30.6,22.75,6600,27.65,1800,0,1800
ASIANPAINT27FEB201840CE.NFO,07/01/2020,11:01:54,30.6,24.1,600,27.8,2400,0,1800
ASIANPAINT27FEB201840CE.NFO,07/01/2020,11:02:01,30.6,23.95,600,27.8,600,0,1800
ASIANPAINT27FEB201840CE.NFO,07/01/2020,11:02:07,30.6,23.85,600,27.95,1800,0,1800
ASIANPAINT27FEB201840CE.NFO,07/01/2020,11:02:14,30.6,23.5,3000,27.85,1800,0,1800
ASIANPAINT27FEB201840CE.NFO,07/01/2020,11:02:20,30.6,24.05,600,27.8,1800,0,1800
ASIANPAINT27FEB201840CE.NFO,07/01/2020,11:02:26,30.6,24.1,600,27.8,1800,0,1800
ASIANPAINT27FEB201840CE.NFO,07/01/2020,11:02:33,30.6,23.9,600,27.65,1800,0,1800
ASIANPAINT27FEB201840CE.NFO,07/01/2020,11:02:39,30.6,22.95,1800,27.75,1800,0,1800
ASIANPAINT27FEB201840CE.NFO,07/01/2020,11:02:45,30.6,24.1,600,27.85,600,0,1800
ASIANPAINT27FEB201840CE.NFO,07/01/2020,11:02:50,30.6,23.25,4200,27.8,1800,0,1800
ASIANPAINT27FEB201840CE.NFO,07/01/2020,11:02:56,30.6,24.25,600,27.65,1800,0,1800
ASIANPAINT27FEB201840CE.NFO,07/01/2020,11:03:02,30.6,23.9,600,27.8,1800,0,1800
ASIANPAINT27FEB201840CE.NFO,07/01/2020,11:03:08,30.6,23.55,600,27.7,1800,0,1800
ASIANPAINT27FEB201840CE.NFO,07/01/2020,11:03:14,30.6,23.2,3000,27.75,1800,0,1800
ASIANPAINT27FEB201840CE.NFO,07/01/2020,11:03:20,30.6,23.65,600,27.75,600,0,1800
ASIANPAINT27FEB201840CE.NFO,07/01/2020,11:03:25,30.6,24.1,600,27.95,1800,0,1800
ASIANPAINT27FEB201840CE.NFO,07/01/2020,11:03:30,30.6,23.15,4200,27.7,600,0,1800
ASIANPAINT27FEB201840CE.NFO,07/01/2020,11:03:35,30.6,23.8,600,27.7,1800,0,1800
ASIANPAINT27FEB201840CE.NFO,07/01/2020,11:03:41,30.6,23.3,3000,27.6,1800,0,1800
ASIANPAINT27FEB201840CE.NFO,07/01/2020,11:03:48,30.6,24.2,600,27.65,600,0,1800
ASIANPAINT27FEB201840CE.NFO,07/01/2020,11:03:54,30.6,23,3000,27.45,1800,0,1800
ASIANPAINT27FEB201840CE.NFO,07/01/2020,11:04:00,30.6,23.75,600,27.65,2400,0,1800
ASIANPAINT27FEB201840CE.NFO,07/01/2020,11:04:05,30.6,24.4,600,27,600,0,1800
ASIANPAINT27FEB201840CE.NFO,07/01/2020,11:04:11,30.6,23.35,600,27,600,0,1800
ASIANPAINT27FEB201840CE.NFO,07/01/2020,11:04:17,30.6,23.25,3000,27,600,0,1800
ASIANPAINT27FEB201840CE.NFO,07/01/2020,11:04:23,30.6,22.4,9000,27,600,0,1800
ASIANPAINT27FEB201840CE.NFO,07/01/2020,11:04:29,30.6,23.6,600,27.6,1800,0,1800
ASIANPAINT27FEB201840CE.NFO,07/01/2020,11:04:34,30.6,24.4,600,27.5,1800,0,1800
ASIANPAINT27FEB201840CE.NFO,07/01/2020,11:04:40,30.6,23.8,600,27.5,1800,0,1800
ASIANPAINT27FEB201840CE.NFO,07/01/2020,11:04:46,30.6,23.65,600,27.6,2400,0,1800
ASIANPAINT27FEB201840CE.NFO,07/01/2020,11:04:52,30.6,24.5,600,27.55,1800,0,1800
ASIANPAINT27FEB201840CE.NFO,07/01/2020,11:04:58,30.6,23.75,600,27.8,600,0,1800
ASIANPAINT27FEB201840CE.NFO,07/01/2020,11:05:03,30.6,24.35,600,27.6,600,0,1800
ASIANPAINT27FEB201840CE.NFO,07/01/2020,11:05:09,30.6,20.1,7800,27.7,1800,0,1800
ASIANPAINT27FEB201840CE.NFO,07/01/2020,11:05:15,30.6,21.15,9000,27.6,600,0,1800
ASIANPAINT27FEB201840CE.NFO,07/01/2020,11:05:21,30.6,23.4,3000,27.65,600,0,1800
ASIANPAINT27FEB201840CE.NFO,07/01/2020,11:05:25,30.6,23.7,600,27.7,1800,0,1800
ASIANPAINT27FEB201840CE.NFO,07/01/2020,11:05:30,30.6,23.4,600,27.65,2400,0,1800
ASIANPAINT27FEB201840CE.NFO,07/01/2020,11:05:36,30.6,23,1800,27.7,2400,0,1800
ASIANPAINT27FEB201840CE.NFO,07/01/2020,11:05:41,30.6,23.6,600,27.8,1800,0,1800
ASIANPAINT27FEB201840CE.NFO,07/01/2020,11:05:46,30.6,23.55,600,27.55,1800,0,1800
ASIANPAINT27FEB201840CE.NFO,07/01/2020,11:05:52,30.6,23.55,1800,27.65,1800,0,1800
ASIANPAINT27FEB201840CE.NFO,07/01/2020,11:05:59,30.6,23.1,1800,27.75,600,0,1800
ASIANPAINT27FEB201840CE.NFO,07/01/2020,11:06:04,30.6,23.8,600,27.6,1800,0,1800
ASIANPAINT27FEB201840CE.NFO,07/01/2020,11:06:10,30.6,23.6,600,27.6,1800,0,1800
ASIANPAINT27FEB201840CE.NFO,07/01/2020,11:06:18,30.6,23.45,600,27.85,1800,0,1800
ASIANPAINT27FEB201840CE.NFO,07/01/2020,11:06:24,30.6,23.85,600,27.75,1800,0,1800
ASIANPAINT27FEB201840CE.NFO,07/01/2020,11:06:30,30.6,20.4,9000,27.8,1800,0,1800
ASIANPAINT27FEB201840CE.NFO,07/01/2020,11:06:35,30.6,23.3,3000,27.9,600,0,1800
ASIANPAINT27FEB201840CE.NFO,07/01/2020,11:06:38,30.6,23.5,1800,27.65,1800,0,1800
ASIANPAINT27FEB201840CE.NFO,07/01/2020,11:06:43,30.6,23.45,3000,27.85,1800,0,1800
ASIANPAINT27FEB201840CE.NFO,07/01/2020,11:06:49,30.6,23.75,600,28,2400,0,1800
ASIANPAINT27FEB201840CE.NFO,07/01/2020,11:06:55,30.6,22,9000,27.9,1800,0,1800
ASIANPAINT27FEB201840CE.NFO,07/01/2020,11:07:00,30.6,23.7,600,27.8,2400,0,1800
ASIANPAINT27FEB201840CE.NFO,07/01/2020,11:07:06,30.6,23.25,4200,27.85,1800,0,1800
ASIANPAINT27FEB201840CE.NFO,07/01/2020,11:07:11,30.6,22.8,6600,27.75,1800,0,1800
ASIANPAINT27FEB201840CE.NFO,07/01/2020,11:07:12,30.6,23.6,600,27.9,1800,0,1800
ASIANPAINT27FEB201840CE.NFO,07/01/2020,11:07:13,30.6,23.65,600,27.75,600,0,1800
ASIANPAINT27FEB201840CE.NFO,07/01/2020,11:07:15,30.6,23.6,600,27.8,1800,0,1800
ASIANPAINT27FEB201840CE.NFO,07/01/2020,11:07:16,30.6,23.7,600,28,2400,0,1800
ASIANPAINT27FEB201840CE.NFO,07/01/2020,11:07:17,30.6,23.7,600,27.65,1800,0,1800
ASIANPAINT27FEB201840CE.NFO,07/01/2020,11:07:18,30.6,23.15,5400,27.95,1800,0,1800
ASIANPAINT27FEB201840CE.NFO,07/01/2020,11:07:19,30.6,23.5,600,27.7,600,0,1800
ASIANPAINT27FEB201840CE.NFO,07/01/2020,11:07:20,30.6,21.8,1800,27.65,1800,0,1800
ASIANPAINT27FEB201840CE.NFO,07/01/2020,11:07:21,30.6,22.2,4200,27.8,1800,0,1800
ASIANPAINT27FEB201840CE.NFO,07/01/2020,11:07:22,30.6,22.85,5400,27.75,1800,0,1800
ASIANPAINT27FEB201840CE.NFO,07/01/2020,11:07:23,30.6,23.75,600,27.85,1800,0,1800
ASIANPAINT27FEB201840CE.NFO,07/01/2020,11:07:24,30.6,23.85,600,28,600,0,1800
ASIANPAINT27FEB201840CE.NFO,07/01/2020,11:07:25,30.6,23.9,600,28,600,0,1800
ASIANPAINT27FEB201840CE.NFO,07/01/2020,11:07:26,30.6,24,600,27.9,1800,0,1800
ASIANPAINT27FEB201840CE.NFO,07/01/2020,11:07:27,30.6,24.15,600,27.9,1800,0,1800
ASIANPAINT27FEB201840CE.NFO,07/01/2020,11:07:28,30.6,24.25,600,27.85,600,0,1800
ASIANPAINT27FEB201840CE.NFO,07/01/2020,11:07:29,30.6,23.25,4200,27.85,600,0,1800
ASIANPAINT27FEB201840CE.NFO,07/01/2020,11:07:30,30.6,23.7,3000,27.85,600,0,1800
ASIANPAINT27FEB201840CE.NFO,07/01/2020,11:07:31,30.6,23.85,600,27.85,600,0,1800
ASIANPAINT27FEB201840CE.NFO,07/01/2020,11:07:32,30.6,23.9,600,27.85,1800,0,1800
ASIANPAINT27FEB201840CE.NFO,07/01/2020,11:07:33,30.6,24.05,600,28,600,0,1800
ASIANPAINT27FEB201840CE.NFO,07/01/2020,11:07:34,30.6,24.1,600,28,2400,0,1800
ASIANPAINT27FEB201840CE.NFO,07/01/2020,11:07:35,30.6,24.2,600,27.85,1800,0,1800
ASIANPAINT27FEB201840CE.NFO,07/01/2020,11:07:36,30.6,24.3,600,28,600,0,1800
ASIANPAINT27FEB201840CE.NFO,07/01/2020,11:07:37,30.6,23.55,1800,28,600,0,1800
ASIANPAINT27FEB201840CE.NFO,07/01/2020,11:07:38,30.6,23.8,600,28,600,0,1800
ASIANPAINT27FEB201840CE.NFO,07/01/2020,11:07:40,30.6,23.8,1800,28,600,0,1800
ASIANPAINT27FEB201840CE.NFO,07/01/2020,11:07:41,30.6,23.95,600,28,2400,0,1800
ASIANPAINT27FEB201840CE.NFO,07/01/2020,11:07:42,30.6,24.15,600,27.9,1800,0,1800
ASIANPAINT27FEB201840CE.NFO,07/01/2020,11:07:43,30.6,23,5400,28,1200,0,1800
ASIANPAINT27FEB201840CE.NFO,07/01/2020,11:07:44,30.6,23.45,3000,28,1200,0,1800
ASIANPAINT27FEB201840CE.NFO,07/01/2020,11:07:45,30.6,23.75,1800,27.9,1800,0,1800
ASIANPAINT27FEB201840CE.NFO,07/01/2020,11:07:46,30.6,23.85,600,28,600,0,1800
ASIANPAINT27FEB201840CE.NFO,07/01/2020,11:07:48,30.6,23.9,600,28,600,0,1800
ASIANPAINT27FEB201840CE.NFO,07/01/2020,11:07:50,30.6,23.9,600,27.9,1800,0,1800
ASIANPAINT27FEB201840CE.NFO,07/01/2020,11:07:51,30.6,24,600,28,600,0,1800
ASIANPAINT27FEB201840CE.NFO,07/01/2020,11:07:52,30.6,24.2,600,28,600,0,1800
ASIANPAINT27FEB201840CE.NFO,07/01/2020,11:07:53,30.6,24.3,600,27.9,1800,0,1800
ASIANPAINT27FEB201840CE.NFO,07/01/2020,11:07:54,30.6,24.35,600,27.9,1800,0,1800
ASIANPAINT27FEB201840CE.NFO,07/01/2020,11:07:55,30.6,24.45,600,28,600,0,1800
ASIANPAINT27FEB201840CE.NFO,07/01/2020,11:07:56,30.6,23.85,600,28,600,0,1800
ASIANPAINT27FEB201840CE.NFO,07/01/2020,11:07:57,30.6,23.9,600,28,600,0,1800
ASIANPAINT27FEB201840CE.NFO,07/01/2020,11:07:58,30.6,24,600,28,600,0,1800
ASIANPAINT27FEB201840CE.NFO,07/01/2020,11:07:59,30.6,23.95,600,28,600,0,1800
ASIANPAINT27FEB201840CE.NFO,07/01/2020,11:08:00,30.6,24.1,600,28,600,0,1800
ASIANPAINT27FEB201840CE.NFO,07/01/2020,11:08:01,30.6,24.25,600,28,600,0,1800
ASIANPAINT27FEB201840CE.NFO,07/01/2020,11:08:02,30.6,23.55,3000,28,600,0,1800
ASIANPAINT27FEB201840CE.NFO,07/01/2020,11:08:03,30.6,23.8,600,28,2400,0,1800
ASIANPAINT27FEB201840CE.NFO,07/01/2020,11:08:04,30.6,23.9,600,28,600,0,1800
ASIANPAINT27FEB201840CE.NFO,07/01/2020,11:08:05,30.6,24.05,600,27.9,1800,0,1800
ASIANPAINT27FEB201840CE.NFO,07/01/2020,11:08:06,30.6,23.25,5400,27.95,1800,0,1800
ASIANPAINT27FEB201840CE.NFO,07/01/2020,11:08:07,30.6,23.65,1800,27.85,600,0,1800
ASIANPAINT27FEB201840CE.NFO,07/01/2020,11:08:08,30.6,23.85,600,28,600,0,1800
ASIANPAINT27FEB201840CE.NFO,07/01/2020,11:08:09,30.6,23.9,600,28,600,0,1800
ASIANPAINT27FEB201840CE.NFO,07/01/2020,11:08:10,30.6,24,600,28,600,0,1800
ASIANPAINT27FEB201840CE.NFO,07/01/2020,11:08:11,30.6,24.15,600,27.9,1800,0,1800
ASIANPAINT27FEB201840CE.NFO,07/01/2020,11:08:12,30.6,23.85,600,27.9,1800,0,1800
ASIANPAINT27FEB201840CE.NFO,07/01/2020,11:08:13,30.6,23.75,3000,28,600,0,1800
ASIANPAINT27FEB201840CE.NFO,07/01/2020,11:08:14,30.6,23.85,600,28,600,0,1800
ASIANPAINT27FEB201840CE.NFO,07/01/2020,11:08:15,30.6,23.85,3000,27.9,1800,0,1800
ASIANPAINT27FEB201840CE.NFO,07/01/2020,11:08:16,30.6,23.9,600,27.9,1800,0,1800
ASIANPAINT27FEB201840CE.NFO,07/01/2020,11:08:17,30.6,19.6,7800,28,600,0,1800
ASIANPAINT27FEB201840CE.NFO,07/01/2020,11:08:18,30.6,19.9,11400,28,600,0,1800
ASIANPAINT27FEB201840CE.NFO,07/01/2020,11:08:19,30.6,20.65,9000,27.95,1800,0,1800
ASIANPAINT27FEB201840CE.NFO,07/01/2020,11:08:20,30.6,20.75,10200,27.95,1800,0,1800
ASIANPAINT27FEB201840CE.NFO,07/01/2020,11:08:21,30.6,21.15,7800,28,600,0,1800
ASIANPAINT27FEB201840CE.NFO,07/01/2020,11:08:22,30.6,21.85,10200,28,2400,0,1800
ASIANPAINT27FEB201840CE.NFO,07/01/2020,11:08:23,30.6,22.7,1800,27.95,1800,0,1800
ASIANPAINT27FEB201840CE.NFO,07/01/2020,11:08:24,30.6,23.1,4200,28,600,0,1800
ASIANPAINT27FEB201840CE.NFO,07/01/2020,11:08:25,30.6,23.55,3000,28,600,0,1800
ASIANPAINT27FEB201840CE.NFO,07/01/2020,11:08:26,30.6,23.85,600,27.9,1800,0,1800
ASIANPAINT27FEB201840CE.NFO,07/01/2020,11:08:27,30.6,23.65,3000,27.9,1800,0,1800
ASIANPAINT27FEB201840CE.NFO,07/01/2020,11:08:28,30.6,23.8,3000,28,2400,0,1800
ASIANPAINT27FEB201840CE.NFO,07/01/2020,11:08:29,30.6,23.95,600,28,600,0,1800
ASIANPAINT27FEB201840CE.NFO,07/01/2020,11:08:30,30.6,24.05,600,27.85,1800,0,1800
ASIANPAINT27FEB201840CE.NFO,07/01/2020,11:08:31,30.6,23.8,600,28,2400,0,1800
ASIANPAINT27FEB201840CE.NFO,07/01/2020,11:08:32,30.6,23.8,600,27.95,1800,0,1800
ASIANPAINT27FEB201840CE.NFO,07/01/2020,11:08:33,30.6,23.9,600,27.9,1800,0,1800
ASIANPAINT27FEB201840CE.NFO,07/01/2020,11:08:34,30.6,23.75,1800,28,2400,0,1800
ASIANPAINT27FEB201840CE.NFO,07/01/2020,11:08:35,30.6,23.85,600,27.95,1800,0,1800
ASIANPAINT27FEB201840CE.NFO,07/01/2020,11:08:36,30.6,23.9,600,28,600,0,1800
ASIANPAINT27FEB201840CE.NFO,07/01/2020,11:08:37,30.6,24.05,600,27.9,1800,0,1800
ASIANPAINT27FEB201840CE.NFO,07/01/2020,11:08:38,30.6,24.1,600,27.8,600,0,1800
ASIANPAINT27FEB201840CE.NFO,07/01/2020,11:08:39,30.6,23.55,2400,27.8,2400,0,1800
ASIANPAINT27FEB201840CE.NFO,07/01/2020,11:08:40,30.6,23.9,600,28,600,0,1800
ASIANPAINT27FEB201840CE.NFO,07/01/2020,11:08:41,30.6,23.8,600,27.85,1800,0,1800
ASIANPAINT27FEB201840CE.NFO,07/01/2020,11:08:42,30.6,23.95,600,27.95,1800,0,1800
ASIANPAINT27FEB201840CE.NFO,07/01/2020,11:08:43,30.6,23.85,600,28,600,0,1800
ASIANPAINT27FEB201840CE.NFO,07/01/2020,11:08:44,30.6,24.05,600,28,600,0,1800
ASIANPAINT27FEB201840CE.NFO,07/01/2020,11:08:45,30.6,23.85,1800,27.95,1800,0,1800
ASIANPAINT27FEB201840CE.NFO,07/01/2020,11:08:46,30.6,23.95,600,27.95,1800,0,1800
ASIANPAINT27FEB201840CE.NFO,07/01/2020,11:08:47,30.6,23.55,3000,27.8,1800,0,1800
ASIANPAINT27FEB201840CE.NFO,07/01/2020,11:08:48,30.6,23.75,600,27.85,1800,0,1800
ASIANPAINT27FEB201840CE.NFO,07/01/2020,11:08:49,30.6,23.95,600,27.85,600,0,1800
ASIANPAINT27FEB201840CE.NFO,07/01/2020,11:08:50,30.6,23.25,1800,27.85,600,0,1800
ASIANPAINT27FEB201840CE.NFO,07/01/2020,11:08:51,30.6,23.5,4200,27.95,1800,0,1800
ASIANPAINT27FEB201840CE.NFO,07/01/2020,11:08:52,30.6,23.75,3000,27.8,1800,0,1800
ASIANPAINT27FEB201840CE.NFO,07/01/2020,11:08:53,30.6,24,600,27.85,1800,0,1800
ASIANPAINT27FEB201840CE.NFO,07/01/2020,11:08:54,30.6,23.65,1800,27.8,1800,0,1800
ASIANPAINT27FEB201840CE.NFO,07/01/2020,11:08:55,30.6,22.9,1800,27.9,1800,0,1800
ASIANPAINT27FEB201840CE.NFO,07/01/2020,11:08:56,30.6,23.7,4200,27.9,1800,0,1800
ASIANPAINT27FEB201840CE.NFO,07/01/2020,11:08:57,30.6,24.05,600,27.8,1800,0,1800
ASIANPAINT27FEB201840CE.NFO,07/01/2020,11:08:58,30.6,23.55,4200,27.8,1800,0,1800
ASIANPAINT27FEB201840CE.NFO,07/01/2020,11:08:59,30.6,23.8,600,28,600,0,1800
ASIANPAINT27FEB201840CE.NFO,07/01/2020,11:09:00,30.6,23.9,600,28,2400,0,1800
ASIANPAINT27FEB201840CE.NFO,07/01/2020,11:09:01,30.6,23.8,3000,27.8,1800,0,1800
ASIANPAINT27FEB201840CE.NFO,07/01/2020,11:09:02,30.6,24,600,27.9,1800,0,1800
ASIANPAINT27FEB201840CE.NFO,07/01/2020,11:09:04,30.6,24.2,600,27.75,1800,0,1800
ASIANPAINT27FEB201840CE.NFO,07/01/2020,11:09:05,30.6,23.65,1800,27.95,1800,0,1800
ASIANPAINT27FEB201840CE.NFO,07/01/2020,11:09:06,30.6,23.9,600,28,1200,0,1800
ASIANPAINT27FEB201840CE.NFO,07/01/2020,11:09:07,30.6,23.8,600,27.95,1800,0,1800
ASIANPAINT27FEB201840CE.NFO,07/01/2020,11:09:08,30.6,23.8,600,27.8,600,0,1800
ASIANPAINT27FEB201840CE.NFO,07/01/2020,11:09:09,30.6,24,600,27.8,1800,0,1800
ASIANPAINT27FEB201840CE.NFO,07/01/2020,11:09:10,30.6,24.15,600,28,600,0,1800
ASIANPAINT27FEB201840CE.NFO,07/01/2020,11:09:11,30.6,24.25,600,27.9,1800,0,1800
ASIANPAINT27FEB201840CE.NFO,07/01/2020,11:09:12,30.6,23.75,1800,28,600,0,1800
ASIANPAINT27FEB201840CE.NFO,07/01/2020,11:09:13,30.6,23.95,600,27.85,1800,0,1800
ASIANPAINT27FEB201840CE.NFO,07/01/2020,11:09:14,30.6,23.9,600,27.95,1800,0,1800
ASIANPAINT27FEB201840CE.NFO,07/01/2020,11:09:15,30.6,23.75,600,28,600,0,1800
ASIANPAINT27FEB201840CE.NFO,07/01/2020,11:09:16,30.6,23.75,600,27.95,1800,0,1800
ASIANPAINT27FEB201840CE.NFO,07/01/2020,11:09:17,30.6,23.75,600,27.85,1800,0,1800
ASIANPAINT27FEB201840CE.NFO,07/01/2020,11:09:18,30.6,23.75,600,28,600,0,1800
ASIANPAINT27FEB201840CE.NFO,07/01/2020,11:09:19,30.6,23.75,600,28,2400,0,1800
ASIANPAINT27FEB201840CE.NFO,07/01/2020,11:09:20,30.6,23.75,600,27.85,1800,0,1800
ASIANPAINT27FEB201840CE.NFO,07/01/2020,11:09:21,30.6,23.75,600,27.75,1800,0,1800
ASIANPAINT27FEB201840CE.NFO,07/01/2020,11:09:22,30.6,23.75,600,27.95,1800,0,1800
ASIANPAINT27FEB201840CE.NFO,07/01/2020,11:09:23,30.6,23.75,600,27.85,1800,0,1800
ASIANPAINT27FEB201840CE.NFO,07/01/2020,11:09:24,30.6,23.75,600,27.9,1800,0,1800
ASIANPAINT27FEB201840CE.NFO,07/01/2020,11:09:25,30.6,23.75,600,27.8,1800,0,1800
ASIANPAINT27FEB201840CE.NFO,07/01/2020,11:09:26,30.6,23.75,600,27.75,1800,0,1800
ASIANPAINT27FEB201840CE.NFO,07/01/2020,11:09:27,30.6,23.75,600,27.95,1800,0,1800
ASIANPAINT27FEB201840CE.NFO,07/01/2020,11:09:28,30.6,23.75,600,27.9,1800,0,1800
ASIANPAINT27FEB201840CE.NFO,07/01/2020,11:09:29,30.6,23.75,600,27.85,1800,0,1800
ASIANPAINT27FEB201840CE.NFO,07/01/2020,11:09:30,30.6,23.75,600,27.95,1800,0,1800
ASIANPAINT27FEB201840CE.NFO,07/01/2020,11:09:31,30.6,23.75,600,27.8,1800,0,1800
ASIANPAINT27FEB201840CE.NFO,07/01/2020,11:09:32,30.6,23.75,600,27.75,1800,0,1800
ASIANPAINT27FEB201840CE.NFO,07/01/2020,11:09:33,30.6,23.75,600,28,2400,0,1800
ASIANPAINT27FEB201840CE.NFO,07/01/2020,11:09:34,30.6,23.75,600,27.75,1800,0,1800
ASIANPAINT27FEB201840CE.NFO,07/01/2020,11:09:41,30.6,23.75,600,28,2400,0,1800
ASIANPAINT27FEB201840CE.NFO,07/01/2020,11:09:42,30.6,23.75,600,27.8,1800,0,1800
ASIANPAINT27FEB201840CE.NFO,07/01/2020,11:09:43,30.6,23.75,600,28,600,0,1800
ASIANPAINT27FEB201840CE.NFO,07/01/2020,11:09:44,30.6,23.75,600,27.95,1800,0,1800
ASIANPAINT27FEB201840CE.NFO,07/01/2020,11:09:46,30.6,23.75,600,28,2400,0,1800
ASIANPAINT27FEB201840CE.NFO,07/01/2020,11:09:47,30.6,23.75,600,27.85,1800,0,1800
ASIANPAINT27FEB201840CE.NFO,07/01/2020,11:09:48,30.6,23.75,600,27.8,1800,0,1800
ASIANPAINT27FEB201840CE.NFO,07/01/2020,11:09:53,30.6,23.75,600,27.75,1800,0,1800
ASIANPAINT27FEB201840CE.NFO,07/01/2020,11:09:56,30.6,23.75,600,28,600,0,1800
ASIANPAINT27FEB201840CE.NFO,07/01/2020,11:09:57,30.6,23.75,600,28,2400,0,1800
ASIANPAINT27FEB201840CE.NFO,07/01/2020,11:09:58,30.6,23.75,600,27.9,1800,0,1800
ASIANPAINT27FEB201840CE.NFO,07/01/2020,11:10:00,30.6,23.75,600,27.85,1800,0,1800
ASIANPAINT27FEB201840CE.NFO,07/01/2020,11:10:01,30.6,23.75,600,27.8,1800,0,1800
ASIANPAINT27FEB201840CE.NFO,07/01/2020,11:10:02,30.6,23.75,600,27.75,1800,0,1800
ASIANPAINT27FEB201840CE.NFO,07/01/2020,11:10:06,30.6,23.75,600,28,2400,0,1800
ASIANPAINT27FEB201840CE.NFO,07/01/2020,11:10:07,30.6,23.75,600,27.95,1800,0,1800
ASIANPAINT27FEB201840CE.NFO,07/01/2020,11:10:08,30.6,23.75,600,27.8,1800,0,1800
ASIANPAINT27FEB201840CE.NFO,07/01/2020,11:10:09,30.6,23.75,600,27.75,1800,0,1800
ASIANPAINT27FEB201840CE.NFO,07/01/2020,11:10:10,30.6,23.75,600,28,600,0,1800
ASIANPAINT27FEB201840CE.NFO,07/01/2020,11:10:17,30.6,23.9,1800,28,600,0,1800
ASIANPAINT27FEB201840CE.NFO,07/01/2020,11:10:22,30.6,23.7,3000,28,600,0,1800
ASIANPAINT27FEB201840CE.NFO,07/01/2020,11:10:26,30.6,23.75,600,28,600,0,1800
ASIANPAINT27FEB201840CE.NFO,07/01/2020,11:10:29,30.6,23.9,600,28,600,0,1800
ASIANPAINT27FEB201840CE.NFO,07/01/2020,11:10:33,30.6,24.25,600,28,600,0,1800
ASIANPAINT27FEB201840CE.NFO,07/01/2020,11:10:37,30.6,23.75,600,28,600,0,1800
ASIANPAINT27FEB201840CE.NFO,07/01/2020,11:10:41,30.6,23.75,600,27.95,600,0,1800
ASIANPAINT27FEB201840CE.NFO,07/01/2020,11:10:45,30.6,23.2,4200,27.9,1800,0,1800
ASIANPAINT27FEB201840CE.NFO,07/01/2020,11:10:49,30.6,24,600,28,600,0,1800
ASIANPAINT27FEB201840CE.NFO,07/01/2020,11:10:52,30.6,23.85,600,28,600,0,1800
ASIANPAINT27FEB201840CE.NFO,07/01/2020,11:10:56,30.6,23.55,4200,28,2400,0,1800
ASIANPAINT27FEB201840CE.NFO,07/01/2020,11:10:59,30.6,21.65,2400,28,600,0,1800
ASIANPAINT27FEB201840CE.NFO,07/01/2020,11:11:03,30.6,23.95,600,28,600,0,1800
ASIANPAINT27FEB201840CE.NFO,07/01/2020,11:11:13,30.6,23.9,600,27.8,1800,0,1800
ASIANPAINT27FEB201840CE.NFO,07/01/2020,11:11:14,30.6,24,600,27.9,1800,0,1800
ASIANPAINT27FEB201840CE.NFO,07/01/2020,11:11:15,30.6,24.05,600,27.9,1800,0,1800
ASIANPAINT27FEB201840CE.NFO,07/01/2020,11:11:16,30.6,23.35,4200,27.95,600,0,1800
ASIANPAINT27FEB201840CE.NFO,07/01/2020,11:11:17,30.6,23.8,600,27.95,600,0,1800
ASIANPAINT27FEB201840CE.NFO,07/01/2020,11:11:18,30.6,23.85,600,27.95,2400,0,1800
ASIANPAINT27FEB201840CE.NFO,07/01/2020,11:11:19,30.6,24.1,600,28,1200,0,1800
ASIANPAINT27FEB201840CE.NFO,07/01/2020,11:11:20,30.6,23.9,600,27.9,1800,0,1800
ASIANPAINT27FEB201840CE.NFO,07/01/2020,11:11:21,30.6,23.95,600,28,1200,0,1800
ASIANPAINT27FEB201840CE.NFO,07/01/2020,11:11:22,30.6,19.25,3000,28,600,0,1800
ASIANPAINT27FEB201840CE.NFO,07/01/2020,11:11:23,30.6,19.8,6600,27.8,1800,0,1800
ASIANPAINT27FEB201840CE.NFO,07/01/2020,11:11:24,30.6,20.05,4200,27.8,600,0,1800
ASIANPAINT27FEB201840CE.NFO,07/01/2020,11:11:25,30.6,20.2,5400,27.8,600,0,1800
ASIANPAINT27FEB201840CE.NFO,07/01/2020,11:11:26,30.6,20.35,3000,27.95,1800,0,1800
ASIANPAINT27FEB201840CE.NFO,07/01/2020,11:11:27,30.6,20.5,7800,27.9,1800,0,1800
ASIANPAINT27FEB201840CE.NFO,07/01/2020,11:11:28,30.6,20.5,9000,27.9,1800,0,1800
ASIANPAINT27FEB201840CE.NFO,07/01/2020,11:11:29,30.6,20.95,9000,27.8,1800,0,1800
ASIANPAINT27FEB201840CE.NFO,07/01/2020,11:11:30,30.6,21.45,5400,28,600,0,1800
ASIANPAINT27FEB201840CE.NFO,07/01/2020,11:11:31,30.6,21.65,10200,28,600,0,1800
ASIANPAINT27FEB201840CE.NFO,07/01/2020,11:11:32,30.6,22.45,9600,28,2400,0,1800
ASIANPAINT27FEB201840CE.NFO,07/01/2020,11:11:33,30.6,22.75,7800,27.9,1800,0,1800
ASIANPAINT27FEB201840CE.NFO,07/01/2020,11:11:34,30.6,23.05,5400,27.8,600,0,1800
ASIANPAINT27FEB201840CE.NFO,07/01/2020,11:11:35,30.6,23.4,4200,27.75,1800,0,1800
ASIANPAINT27FEB201840CE.NFO,07/01/2020,11:11:36,30.6,23.7,600,27.75,1800,0,1800
ASIANPAINT27FEB201840CE.NFO,07/01/2020,11:11:37,30.6,23.7,3000,27.8,600,0,1800
ASIANPAINT27FEB201840CE.NFO,07/01/2020,11:11:38,30.6,23.8,600,27.8,2400,0,1800
ASIANPAINT27FEB201840CE.NFO,07/01/2020,11:11:39,30.6,23.85,600,28,600,0,1800
ASIANPAINT27FEB201840CE.NFO,07/01/2020,11:11:40,30.6,23.9,600,28,600,0,1800
ASIANPAINT27FEB201840CE.NFO,07/01/2020,11:11:41,30.6,24.1,600,27.9,1800,0,1800
ASIANPAINT27FEB201840CE.NFO,07/01/2020,11:11:42,30.6,23.7,1800,27.9,600,0,1800
ASIANPAINT27FEB201840CE.NFO,07/01/2020,11:11:43,30.6,23.8,600,27.9,2400,0,1800
ASIANPAINT27FEB201840CE.NFO,07/01/2020,11:11:44,30.6,23.9,600,27.9,1800,0,1800
ASIANPAINT27FEB201840CE.NFO,07/01/2020,11:11:45,30.6,24.05,600,27.8,1800,0,1800
ASIANPAINT27FEB201840CE.NFO,07/01/2020,11:11:46,30.6,24.2,600,28,600,0,1800
ASIANPAINT27FEB201840CE.NFO,07/01/2020,11:11:48,30.6,24.4,600,28,600,0,1800
ASIANPAINT27FEB201840CE.NFO,07/01/2020,11:11:49,30.6,23.35,3000,28,1200,0,1800
ASIANPAINT27FEB201840CE.NFO,07/01/2020,11:11:50,30.6,23.75,600,28,3000,0,1800
ASIANPAINT27FEB201840CE.NFO,07/01/2020,11:11:51,30.6,23.9,600,28,600,0,1800
ASIANPAINT27FEB201840CE.NFO,07/01/2020,11:11:52,30.6,24,600,28,1200,0,1800
ASIANPAINT27FEB201840CE.NFO,07/01/2020,11:11:53,30.6,24.1,600,28,600,0,1800
ASIANPAINT27FEB201840CE.NFO,07/01/2020,11:11:54,30.6,24.25,600,28,600,0,1800
ASIANPAINT27FEB201840CE.NFO,07/01/2020,11:11:55,30.6,24.4,600,28,600,0,1800
ASIANPAINT27FEB201840CE.NFO,07/01/2020,11:11:56,30.6,23.7,1800,27.85,1800,0,1800
ASIANPAINT27FEB201840CE.NFO,07/01/2020,11:11:57,30.6,23.85,600,27.95,1800,0,1800
ASIANPAINT27FEB201840CE.NFO,07/01/2020,11:11:58,30.6,23.9,600,27.95,1800,0,1800
ASIANPAINT27FEB201840CE.NFO,07/01/2020,11:11:59,30.6,24,600,27.8,600,0,1800
ASIANPAINT27FEB201840CE.NFO,07/01/2020,11:12:00,30.6,24.05,600,27.8,2400,0,1800
ASIANPAINT27FEB201840CE.NFO,07/01/2020,11:12:01,30.6,24.15,600,27.9,1800,0,1800
ASIANPAINT27FEB201840CE.NFO,07/01/2020,11:12:02,30.6,24.35,600,27.95,1800,0,1800
ASIANPAINT27FEB201840CE.NFO,07/01/2020,11:12:03,30.6,24.45,600,27.85,600,0,1800
ASIANPAINT27FEB201840CE.NFO,07/01/2020,11:12:04,30.6,23.45,3000,27.7,1800,0,1800
ASIANPAINT27FEB201840CE.NFO,07/01/2020,11:12:05,30.6,23.5,3000,27.85,600,0,1800
ASIANPAINT27FEB201840CE.NFO,07/01/2020,11:12:06,30.6,23.7,600,27.85,600,0,1800
ASIANPAINT27FEB201840CE.NFO,07/01/2020,11:12:07,30.6,23.7,600,27.7,1800,0,1800
ASIANPAINT27FEB201840CE.NFO,07/01/2020,11:12:09,30.6,24,600,27.8,1800,0,1800
ASIANPAINT27FEB201840CE.NFO,07/01/2020,11:12:10,30.6,23.1,4200,27.95,1800,0,1800
ASIANPAINT27FEB201840CE.NFO,07/01/2020,11:12:11,30.6,23.25,1800,27.8,600,0,1800
ASIANPAINT27FEB201840CE.NFO,07/01/2020,11:12:12,30.6,23.45,4200,27.8,2400,0,1800
ASIANPAINT27FEB201840CE.NFO,07/01/2020,11:12:13,30.6,23.45,4200,27.8,600,0,1800
ASIANPAINT27FEB201840CE.NFO,07/01/2020,11:12:15,30.6,23.45,4200,27.8,1800,0,1800
ASIANPAINT27FEB201840CE.NFO,07/01/2020,11:12:16,30.6,23.45,4200,27.95,1800,0,1800
ASIANPAINT27FEB201840CE.NFO,07/01/2020,11:12:17,30.6,23.45,4200,27.8,600,0,1800
ASIANPAINT27FEB201840CE.NFO,07/01/2020,11:12:18,30.6,23.55,1800,28,2400,0,1800
ASIANPAINT27FEB201840CE.NFO,07/01/2020,11:12:19,30.6,23.65,1800,27.8,1800,0,1800
ASIANPAINT27FEB201840CE.NFO,07/01/2020,11:12:20,30.6,23.9,600,27.8,1800,0,1800
ASIANPAINT27FEB201840CE.NFO,07/01/2020,11:12:21,30.6,23.95,600,27.9,600,0,1800
ASIANPAINT27FEB201840CE.NFO,07/01/2020,11:12:22,30.6,24.1,600,27.7,1800,0,1800
ASIANPAINT27FEB201840CE.NFO,07/01/2020,11:12:23,30.6,24.3,600,27.9,600,0,1800
ASIANPAINT27FEB201840CE.NFO,07/01/2020,11:12:24,30.6,24.45,600,28,2400,0,1800
ASIANPAINT27FEB201840CE.NFO,07/01/2020,11:12:25,30.6,24.6,600,27.9,600,0,1800
ASIANPAINT27FEB201840CE.NFO,07/01/2020,11:12:26,30.6,24.75,600,27.85,1800,0,1800
ASIANPAINT27FEB201840CE.NFO,07/01/2020,11:12:27,30.6,24.9,600,28,2400,0,1800
ASIANPAINT27FEB201840CE.NFO,07/01/2020,11:12:28,30.6,24.9,600,27.85,1800,0,1800
ASIANPAINT27FEB201840CE.NFO,07/01/2020,11:12:29,30.6,19.55,9000,27.9,1800,0,1800
ASIANPAINT27FEB201840CE.NFO,07/01/2020,11:12:30,30.6,19.55,11400,27.9,1800,0,1800
ASIANPAINT27FEB201840CE.NFO,07/01/2020,11:12:31,30.6,20.15,5400,27.85,1800,0,1800
ASIANPAINT27FEB201840CE.NFO,07/01/2020,11:12:32,30.6,21.2,10200,27.9,1800,0,1800
ASIANPAINT27FEB201840CE.NFO,07/01/2020,11:12:33,30.6,21.45,9000,28,1200,0,1800
ASIANPAINT27FEB201840CE.NFO,07/01/2020,11:12:34,30.6,21.9,7800,28,3000,0,1800
ASIANPAINT27FEB201840CE.NFO,07/01/2020,11:12:35,30.6,22.5,9000,28,1200,0,1800
ASIANPAINT27FEB201840CE.NFO,07/01/2020,11:12:36,30.6,23.25,4200,28,1200,0,1800
ASIANPAINT27FEB201840CE.NFO,07/01/2020,11:12:37,30.6,23.7,600,27.9,1800,0,1800
ASIANPAINT27FEB201840CE.NFO,07/01/2020,11:12:38,30.6,23.65,1800,28,1200,0,1800
ASIANPAINT27FEB201840CE.NFO,07/01/2020,11:12:39,30.6,23,4200,28,3000,0,1800
ASIANPAINT27FEB201840CE.NFO,07/01/2020,11:12:40,30.6,23.75,600,27.75,1800,0,1800
ASIANPAINT27FEB201840CE.NFO,07/01/2020,11:12:41,30.6,23.95,600,27.85,1800,0,1800
ASIANPAINT27FEB201840CE.NFO,07/01/2020,11:12:42,30.6,23.75,600,27.8,1800,0,1800
ASIANPAINT27FEB201840CE.NFO,07/01/2020,11:12:43,30.6,23.9,600,28,2400,0,1800
ASIANPAINT27FEB201840CE.NFO,07/01/2020,11:12:44,30.6,19.6,10200,28,2400,0,1800
ASIANPAINT27FEB201840CE.NFO,07/01/2020,11:12:45,30.6,20.2,10200,27.9,600,0,1800
ASIANPAINT27FEB201840CE.NFO,07/01/2020,11:12:46,30.6,20.55,10200,27.9,600,0,1800
ASIANPAINT27FEB201840CE.NFO,07/01/2020,11:12:47,30.6,21.15,7800,28,600,0,1800
ASIANPAINT27FEB201840CE.NFO,07/01/2020,11:12:48,30.6,23,4200,27.95,600,0,1800
ASIANPAINT27FEB201840CE.NFO,07/01/2020,11:12:49,30.6,23.3,3000,27.95,600,0,1800
ASIANPAINT27FEB201840CE.NFO,07/01/2020,11:12:50,30.6,23.6,1800,27.7,1800,0,1800
ASIANPAINT27FEB201840CE.NFO,07/01/2020,11:12:51,30.6,23.7,600,28,2400,0,1800
ASIANPAINT27FEB201840CE.NFO,07/01/2020,11:12:52,30.6,23.85,600,27.7,2400,0,1800
ASIANPAINT27FEB201840CE.NFO,07/01/2020,11:12:53,30.6,24,600,27.9,1800,0,1800
ASIANPAINT27FEB201840CE.NFO,07/01/2020,11:12:54,30.6,24.1,600,27.95,600,0,1800
ASIANPAINT27FEB201840CE.NFO,07/01/2020,11:12:55,30.6,24.35,600,27.75,600,0,1800
ASIANPAINT27FEB201840CE.NFO,07/01/2020,11:12:56,30.6,24.4,600,27.9,1800,0,1800
ASIANPAINT27FEB201840CE.NFO,07/01/2020,11:12:57,30.6,22.95,600,27.65,2400,0,1800
ASIANPAINT27FEB201840CE.NFO,07/01/2020,11:12:58,30.6,23.5,3000,27.9,2400,0,1800
ASIANPAINT27FEB201840CE.NFO,07/01/2020,11:12:59,30.6,23.7,600,27.8,1800,0,1800
ASIANPAINT27FEB201840CE.NFO,07/01/2020,11:13:00,30.6,23.85,600,27.8,1800,0,1800
ASIANPAINT27FEB201840CE.NFO,07/01/2020,11:13:01,30.6,23.85,600,28,600,0,1800
ASIANPAINT27FEB201840CE.NFO,07/01/2020,11:13:02,30.6,23.15,4200,27.7,1800,0,1800
ASIANPAINT27FEB201840CE.NFO,07/01/2020,11:13:03,30.6,23.25,5400,27.9,600,0,1800
ASIANPAINT27FEB201840CE.NFO,07/01/2020,11:13:04,30.6,23.6,3000,27.8,1800,0,1800
ASIANPAINT27FEB201840CE.NFO,07/01/2020,11:13:05,30.6,23.75,600,27.9,600,0,1800
ASIANPAINT27FEB201840CE.NFO,07/01/2020,11:13:06,30.6,22.7,6600,27.8,1800,0,1800
ASIANPAINT27FEB201840CE.NFO,07/01/2020,11:13:07,30.6,23.2,3000,27.9,600,0,1800
ASIANPAINT27FEB201840CE.NFO,07/01/2020,11:13:08,30.6,23.35,3000,27.65,1800,0,1800
ASIANPAINT27FEB201840CE.NFO,07/01/2020,11:13:09,30.6,23.65,600,27.7,1800,0,1800
ASIANPAINT27FEB201840CE.NFO,07/01/2020,11:13:10,30.6,23.75,600,27.75,1800,0,1800
ASIANPAINT27FEB201840CE.NFO,07/01/2020,11:13:11,30.6,23.9,600,27.85,600,0,1800
ASIANPAINT27FEB201840CE.NFO,07/01/2020,11:13:12,30.6,24.05,600,27.85,2400,0,1800
ASIANPAINT27FEB201840CE.NFO,07/01/2020,11:13:13,30.6,24.15,600,27.7,1800,0,1800
ASIANPAINT27FEB201840CE.NFO,07/01/2020,11:13:14,30.6,23.6,1800,27.65,1800,0,1800
ASIANPAINT27FEB201840CE.NFO,07/01/2020,11:13:15,30.6,23.65,600,27.85,600,0,1800
ASIANPAINT27FEB201840CE.NFO,07/01/2020,11:13:16,30.6,23.8,600,27.85,600,0,1800
ASIANPAINT27FEB201840CE.NFO,07/01/2020,11:13:17,30.6,23.9,600,27.85,600,0,1800
ASIANPAINT27FEB201840CE.NFO,07/01/2020,11:13:18,30.6,23.65,600,27.85,600,0,1800
ASIANPAINT27FEB201840CE.NFO,07/01/2020,11:13:19,30.6,23.9,600,27.9,2400,0,1800
ASIANPAINT27FEB201840CE.NFO,07/01/2020,11:13:20,30.6,22.75,6600,27.85,1800,0,1800
ASIANPAINT27FEB201840CE.NFO,07/01/2020,11:13:21,30.6,23.15,5400,27.9,600,0,1800
ASIANPAINT27FEB201840CE.NFO,07/01/2020,11:13:22,30.6,23.6,600,27.85,1800,0,1800
ASIANPAINT27FEB201840CE.NFO,07/01/2020,11:13:24,30.6,23.75,600,27.8,1800,0,1800
ASIANPAINT27FEB201840CE.NFO,07/01/2020,11:13:25,30.6,23.8,600,27.9,600,0,1800
ASIANPAINT27FEB201840CE.NFO,07/01/2020,11:13:26,30.6,23.8,600,27.95,1800,0,1800
ASIANPAINT27FEB201840CE.NFO,07/01/2020,11:13:27,30.6,23.6,600,27.95,2400,0,1800
ASIANPAINT27FEB201840CE.NFO,07/01/2020,11:13:28,30.6,23.7,600,27.85,1800,0,1800
ASIANPAINT27FEB201840CE.NFO,07/01/2020,11:13:29,30.6,19.25,10200,27.95,1800,0,1800
ASIANPAINT27FEB201840CE.NFO,07/01/2020,11:13:30,30.6,19.65,7800,27.75,600,0,1800
ASIANPAINT27FEB201840CE.NFO,07/01/2020,11:13:31,30.6,20.3,6000,27.75,600,0,1800
ASIANPAINT27FEB201840CE.NFO,07/01/2020,11:13:32,30.6,20.65,6600,27.75,600,0,1800
ASIANPAINT27FEB201840CE.NFO,07/01/2020,11:13:33,30.6,20.9,5400,27.75,600,0,1800
ASIANPAINT27FEB201840CE.NFO,07/01/2020,11:13:34,30.6,20.95,6600,27.65,1800,0,1800
ASIANPAINT27FEB201840CE.NFO,07/01/2020,11:13:35,30.6,21.15,11400,27.7,1800,0,1800
ASIANPAINT27FEB201840CE.NFO,07/01/2020,11:13:36,30.6,21.7,7800,27.55,1800,0,1800
ASIANPAINT27FEB201840CE.NFO,07/01/2020,11:13:37,30.6,22.2,6600,27.55,1800,0,1800
ASIANPAINT27FEB201840CE.NFO,07/01/2020,11:13:38,30.6,22.55,7800,27.55,1800,0,1800
ASIANPAINT27FEB201840CE.NFO,07/01/2020,11:13:39,30.6,23.65,1800,27.55,1800,0,1800
ASIANPAINT27FEB201840CE.NFO,07/01/2020,11:13:40,30.6,23.5,1800,27.55,1800,0,1800
ASIANPAINT27FEB201840CE.NFO,07/01/2020,11:13:41,30.6,23.55,1800,27.55,1800,0,1800
ASIANPAINT27FEB201840CE.NFO,07/01/2020,11:13:42,30.6,23.65,600,27.55,1800,0,1800
ASIANPAINT27FEB201840CE.NFO,07/01/2020,11:13:43,30.6,23.55,600,27.8,600,0,1800
ASIANPAINT27FEB201840CE.NFO,07/01/2020,11:13:44,30.6,23.7,600,27.65,1800,0,1800
ASIANPAINT27FEB201840CE.NFO,07/01/2020,11:13:45,30.6,23.7,600,27.8,600,0,1800
ASIANPAINT27FEB201840CE.NFO,07/01/2020,11:13:46,30.6,23.7,600,27.65,1800,0,1800
ASIANPAINT27FEB201840CE.NFO,07/01/2020,11:13:47,30.6,22.75,1800,27.7,1800,0,1800
ASIANPAINT27FEB201840CE.NFO,07/01/2020,11:13:48,30.6,23.5,600,27.7,600,0,1800
ASIANPAINT27FEB201840CE.NFO,07/01/2020,11:13:49,30.6,23.55,600,27.7,600,0,1800
ASIANPAINT27FEB201840CE.NFO,07/01/2020,11:13:52,30.6,23.55,600,28,600,0,1800
ASIANPAINT27FEB201840CE.NFO,07/01/2020,11:13:53,30.6,23.55,600,27.95,1800,0,1800
ASIANPAINT27FEB201840CE.NFO,07/01/2020,11:13:54,30.6,23.55,600,27.9,1800,0,1800
ASIANPAINT27FEB201840CE.NFO,07/01/2020,11:13:55,30.6,23.55,600,27.85,1800,0,1800
ASIANPAINT27FEB201840CE.NFO,07/01/2020,11:13:56,30.6,23.55,600,27.8,600,0,1800
ASIANPAINT27FEB201840CE.NFO,07/01/2020,11:13:57,30.6,23.55,600,27.55,1800,0,1800
ASIANPAINT27FEB201840CE.NFO,07/01/2020,11:14:01,30.6,23.55,600,27.8,600,0,1800
ASIANPAINT27FEB201840CE.NFO,07/01/2020,11:14:02,30.6,23.65,600,27.75,1800,0,1800
ASIANPAINT27FEB201840CE.NFO,07/01/2020,11:14:03,30.6,23.7,600,27.65,1800,0,1800
ASIANPAINT27FEB201840CE.NFO,07/01/2020,11:14:04,30.6,23.65,600,27.55,1800,0,1800
ASIANPAINT27FEB201840CE.NFO,07/01/2020,11:14:05,30.6,23.6,600,27.55,1800,0,1800
ASIANPAINT27FEB201840CE.NFO,07/01/2020,11:14:06,30.6,23.65,600,27.75,1800,0,1800
ASIANPAINT27FEB201840CE.NFO,07/01/2020,11:14:07,30.6,23.65,600,27.6,1800,0,1800
ASIANPAINT27FEB201840CE.NFO,07/01/2020,11:14:08,30.6,23.7,600,27.65,1800,0,1800
ASIANPAINT27FEB201840CE.NFO,07/01/2020,11:14:10,30.6,20.15,9000,27.55,1800,0,1800
ASIANPAINT27FEB201840CE.NFO,07/01/2020,11:14:11,30.6,20.5,9000,27.7,1800,0,1800
ASIANPAINT27FEB201840CE.NFO,07/01/2020,11:14:12,30.6,20.95,11400,27.55,1800,0,1800
ASIANPAINT27FEB201840CE.NFO,07/01/2020,11:14:13,30.6,21.2,4200,27.95,1800,0,1800
ASIANPAINT27FEB201840CE.NFO,07/01/2020,11:14:14,30.6,21.9,7200,28,600,0,1800
ASIANPAINT27FEB201840CE.NFO,07/01/2020,11:14:15,30.6,22.35,6600,27.9,1800,0,1800
ASIANPAINT27FEB201840CE.NFO,07/01/2020,11:14:16,30.6,22.7,6600,28,600,0,1800
ASIANPAINT27FEB201840CE.NFO,07/01/2020,11:14:17,30.6,23.25,3000,28,600,0,1800
ASIANPAINT27FEB201840CE.NFO,07/01/2020,11:14:18,30.6,23.7,3000,28,600,0,1800
ASIANPAINT27FEB201840CE.NFO,07/01/2020,11:14:19,30.6,23.75,1800,28,600,0,1800
ASIANPAINT27FEB201840CE.NFO,07/01/2020,11:14:22,30.6,23.8,600,27.8,1800,0,1800
ASIANPAINT27FEB201840CE.NFO,07/01/2020,11:14:23,30.6,23.8,600,27.9,2400,0,1800
ASIANPAINT27FEB201840CE.NFO,07/01/2020,11:14:24,30.6,23.8,600,27.9,600,0,1800
ASIANPAINT27FEB201840CE.NFO,07/01/2020,11:14:26,30.6,23.8,600,27.9,2400,0,1800
ASIANPAINT27FEB201840CE.NFO,07/01/2020,11:14:27,30.6,23.8,600,28,600,0,1800
ASIANPAINT27FEB201840CE.NFO,07/01/2020,11:14:29,30.6,23.8,600,28,1200,0,1800
ASIANPAINT27FEB201840CE.NFO,07/01/2020,11:14:31,30.6,23.9,600,28,1200,0,1800
ASIANPAINT27FEB201840CE.NFO,07/01/2020,11:14:32,30.6,24.15,600,27.9,1800,0,1800
ASIANPAINT27FEB201840CE.NFO,07/01/2020,11:14:33,30.6,24.5,600,27.8,1800,0,1800
ASIANPAINT27FEB201840CE.NFO,07/01/2020,11:14:34,30.6,24.6,600,28,1200,0,1800
ASIANPAINT27FEB201840CE.NFO,07/01/2020,11:14:35,30.6,23.75,600,27.9,600,0,1800
ASIANPAINT27FEB201840CE.NFO,07/01/2020,11:14:36,30.6,23.8,600,27.85,1800,0,1800
ASIANPAINT27FEB201840CE.NFO,07/01/2020,11:14:37,30.6,23.8,600,27.8,1800,0,1800
ASIANPAINT27FEB201840CE.NFO,07/01/2020,11:14:38,30.6,23.95,600,28,600,0,1800
ASIANPAINT27FEB201840CE.NFO,07/01/2020,11:14:39,30.6,24.05,600,27.95,2400,0,1800
ASIANPAINT27FEB201840CE.NFO,07/01/2020,11:14:40,30.6,24.25,600,27.95,1800,0,1800
ASIANPAINT27FEB201840CE.NFO,07/01/2020,11:14:41,30.6,24.4,600,27.65,1800,0,1800
ASIANPAINT27FEB201840CE.NFO,07/01/2020,11:14:42,30.6,24.55,600,27.9,600,0,1800
ASIANPAINT27FEB201840CE.NFO,07/01/2020,11:14:43,30.6,23.45,3000,27.9,2400,0,1800
ASIANPAINT27FEB201840CE.NFO,07/01/2020,11:14:44,30.6,23.7,3000,27.85,1800,0,1800
ASIANPAINT27FEB201840CE.NFO,07/01/2020,11:14:45,30.6,23.85,600,27.9,2400,0,1800
ASIANPAINT27FEB201840CE.NFO,07/01/2020,11:14:46,30.6,23.65,600,27.8,1800,0,1800
ASIANPAINT27FEB201840CE.NFO,07/01/2020,11:14:47,30.6,23.7,600,27.6,1800,0,1800
ASIANPAINT27FEB201840CE.NFO,07/01/2020,11:14:48,30.6,21.3,5400,27.85,1800,0,1800
ASIANPAINT27FEB201840CE.NFO,07/01/2020,11:14:49,30.6,21.35,6600,27.8,1800,0,1800
ASIANPAINT27FEB201840CE.NFO,07/01/2020,11:14:50,30.6,21.8,7800,27.65,600,0,1800
ASIANPAINT27FEB201840CE.NFO,07/01/2020,11:14:51,30.6,22.4,9000,27.65,600,0,1800
ASIANPAINT27FEB201840CE.NFO,07/01/2020,11:14:52,30.6,22.95,4200,27.65,2400,0,1800
ASIANPAINT27FEB201840CE.NFO,07/01/2020,11:14:53,30.6,23.7,600,27.85,1800,0,1800
ASIANPAINT27FEB201840CE.NFO,07/01/2020,11:14:54,30.6,23.85,600,27.65,1800,0,1800
ASIANPAINT27FEB201840CE.NFO,07/01/2020,11:14:56,30.6,24.05,600,27.75,1800,0,1800
ASIANPAINT27FEB201840CE.NFO,07/01/2020,11:14:57,30.6,24.15,600,27.65,600,0,1800
ASIANPAINT27FEB201840CE.NFO,07/01/2020,11:14:58,30.6,23.55,600,27.65,2400,0,1800
ASIANPAINT27FEB201840CE.NFO,07/01/2020,11:14:59,30.6,23.6,600,27.55,1800,0,1800
ASIANPAINT27FEB201840CE.NFO,07/01/2020,11:15:00,30.6,23.6,1800,27.65,600,0,1800
ASIANPAINT27FEB201840CE.NFO,07/01/2020,11:15:01,30.6,23.7,600,27.75,1800,0,1800
ASIANPAINT27FEB201840CE.NFO,07/01/2020,11:15:03,30.6,23.85,600,27.65,600,0,1800
ASIANPAINT27FEB201840CE.NFO,07/01/2020,11:15:04,30.6,24,600,27.6,1800,0,1800
ASIANPAINT27FEB201840CE.NFO,07/01/2020,11:15:05,30.6,24.1,600,27.65,600,0,1800
ASIANPAINT27FEB201840CE.NFO,07/01/2020,11:15:06,30.6,22.9,3000,27.55,1800,0,1800
ASIANPAINT27FEB201840CE.NFO,07/01/2020,11:15:07,30.6,23.55,1800,27.55,1800,0,1800
ASIANPAINT27FEB201840CE.NFO,07/01/2020,11:15:08,30.6,23.6,600,27.5,1800,0,1800
ASIANPAINT27FEB201840CE.NFO,07/01/2020,11:15:09,30.6,23.6,600,27.65,600,0,1800
ASIANPAINT27FEB201840CE.NFO,07/01/2020,11:15:10,30.6,23.65,600,27.75,1800,0,1800
ASIANPAINT27FEB201840CE.NFO,07/01/2020,11:15:11,30.6,23.75,600,27.65,600,0,1800
ASIANPAINT27FEB201840CE.NFO,07/01/2020,11:15:12,30.6,23.45,3000,27.65,600,0,1800
ASIANPAINT27FEB201840CE.NFO,07/01/2020,11:15:13,30.6,23.6,1800,27.55,1800,0,1800
ASIANPAINT27FEB201840CE.NFO,07/01/2020,11:15:14,30.6,23.65,600,27.55,1800,0,1800
ASIANPAINT27FEB201840CE.NFO,07/01/2020,11:15:15,30.6,22.7,6600,27.6,1800,0,1800
ASIANPAINT27FEB201840CE.NFO,07/01/2020,11:15:16,30.6,23.15,5400,27.65,600,0,1800
ASIANPAINT27FEB201840CE.NFO,07/01/2020,11:15:17,30.6,23.2,4200,27.65,600,0,1800
ASIANPAINT27FEB201840CE.NFO,07/01/2020,11:15:18,30.6,23.55,600,27.6,1800,0,1800
ASIANPAINT27FEB201840CE.NFO,07/01/2020,11:15:19,30.6,23.55,600,27.65,2400,0,1800
ASIANPAINT27FEB201840CE.NFO,07/01/2020,11:15:20,30.6,23.7,600,27.65,600,0,1800
ASIANPAINT27FEB201840CE.NFO,07/01/2020,11:15:21,30.6,23.35,1800,27.55,1800,0,1800
ASIANPAINT27FEB201840CE.NFO,07/01/2020,11:15:22,30.6,23.45,600,27.65,600,0,1800
ASIANPAINT27FEB201840CE.NFO,07/01/2020,11:15:23,30.6,23.55,600,27.65,600,0,1800
ASIANPAINT27FEB201840CE.NFO,07/01/2020,11:15:24,30.6,23.6,600,27.65,600,0,1800
ASIANPAINT27FEB201840CE.NFO,07/01/2020,11:15:25,30.6,23.55,600,27.85,2400,0,1800
ASIANPAINT27FEB201840CE.NFO,07/01/2020,11:15:26,30.6,23.8,600,27.6,600,0,1800
ASIANPAINT27FEB201840CE.NFO,07/01/2020,11:15:27,30.6,23.9,600,27.6,2400,0,1800
ASIANPAINT27FEB201840CE.NFO,07/01/2020,11:15:28,30.6,23.95,600,27.45,1800,0,1800
ASIANPAINT27FEB201840CE.NFO,07/01/2020,11:15:29,30.6,24.15,600,27.55,1800,0,1800
ASIANPAINT27FEB201840CE.NFO,07/01/2020,11:15:30,30.6,22.75,1800,27.55,1800,0,1800
ASIANPAINT27FEB201840CE.NFO,07/01/2020,11:15:31,30.6,22.95,5400,27.8,1800,0,1800
ASIANPAINT27FEB201840CE.NFO,07/01/2020,11:15:32,30.6,23.35,1800,27.65,1800,0,1800
ASIANPAINT27FEB201840CE.NFO,07/01/2020,11:15:33,30.6,23.65,600,27.4,1800,0,1800
ASIANPAINT27FEB201840CE.NFO,07/01/2020,11:15:34,30.6,23.85,600,27.45,1800,0,1800
ASIANPAINT27FEB201840CE.NFO,07/01/2020,11:15:35,30.6,24.05,600,27.5,2400,0,1800
ASIANPAINT27FEB201840CE.NFO,07/01/2020,11:15:36,30.6,24.2,600,27.8,2400,0,1800
ASIANPAINT27FEB201840CE.NFO,07/01/2020,11:15:37,30.6,23.2,1800,27.45,1800,0,1800
ASIANPAINT27FEB201840CE.NFO,07/01/2020,11:15:38,30.6,23.35,600,27.55,600,0,1800
ASIANPAINT27FEB201840CE.NFO,07/01/2020,11:15:39,30.6,23.3,3000,27.45,1800,0,1800
ASIANPAINT27FEB201840CE.NFO,07/01/2020,11:15:40,30.6,23.35,600,27.45,1800,0,1800
ASIANPAINT27FEB201840CE.NFO,07/01/2020,11:15:41,30.6,23.5,600,27.45,600,0,1800
ASIANPAINT27FEB201840CE.NFO,07/01/2020,11:15:42,30.6,23.7,600,27.45,600,0,1800
ASIANPAINT27FEB201840CE.NFO,07/01/2020,11:15:43,30.6,22.8,4200,27.7,1800,0,1800
ASIANPAINT27FEB201840CE.NFO,07/01/2020,11:15:44,30.6,23.4,600,27.45,1800,0,1800
ASIANPAINT27FEB201840CE.NFO,07/01/2020,11:15:45,30.6,23.55,600,27.35,1800,0,1800
ASIANPAINT27FEB201840CE.NFO,07/01/2020,11:15:46,30.6,22.8,5400,27.3,1800,0,1800
ASIANPAINT27FEB201840CE.NFO,07/01/2020,11:15:47,30.6,23.25,600,27.25,1800,0,1800
ASIANPAINT27FEB201840CE.NFO,07/01/2020,11:15:48,30.6,23.35,600,27.55,2400,0,1800
ASIANPAINT27FEB201840CE.NFO,07/01/2020,11:15:49,30.6,23.65,600,27.2,1800,0,1800
ASIANPAINT27FEB201840CE.NFO,07/01/2020,11:15:50,30.6,23.25,600,27.35,2400,0,1800
ASIANPAINT27FEB201840CE.NFO,07/01/2020,11:15:51,30.6,23.3,600,27.35,2400,0,1800
ASIANPAINT27FEB201840CE.NFO,07/01/2020,11:15:52,30.6,22.55,1800,27.25,1800,0,1800
ASIANPAINT27FEB201840CE.NFO,07/01/2020,11:15:53,30.6,22.85,3000,27.15,1800,0,1800
ASIANPAINT27FEB201840CE.NFO,07/01/2020,11:15:54,30.6,23.25,600,26.95,1800,0,1800
ASIANPAINT27FEB201840CE.NFO,07/01/2020,11:15:55,30.6,22.7,1800,27.4,1800,0,1800
ASIANPAINT27FEB201840CE.NFO,07/01/2020,11:15:56,30.6,23.15,600,27.3,1800,0,1800
ASIANPAINT27FEB201840CE.NFO,07/01/2020,11:15:57,30.6,23.2,600,27.2,1800,0,1800
ASIANPAINT27FEB201840CE.NFO,07/01/2020,11:15:58,30.6,23.2,600,26.95,600,0,1800
ASIANPAINT27FEB201840CE.NFO,07/01/2020,11:15:59,30.6,23.45,600,26.95,600,0,1800
ASIANPAINT27FEB201840CE.NFO,07/01/2020,11:16:00,30.6,23.55,600,26.95,2400,0,1800
ASIANPAINT27FEB201840CE.NFO,07/01/2020,11:16:01,30.6,22.9,1800,26.9,1800,0,1800
ASIANPAINT27FEB201840CE.NFO,07/01/2020,11:16:03,30.6,22.9,600,26.95,600,0,1800
ASIANPAINT27FEB201840CE.NFO,07/01/2020,11:16:04,30.6,22.9,1800,26.95,600,0,1800
ASIANPAINT27FEB201840CE.NFO,07/01/2020,11:16:05,30.6,22.95,600,26.95,600,0,1800
ASIANPAINT27FEB201840CE.NFO,07/01/2020,11:16:07,30.6,22.95,1800,26.9,1800,0,1800
ASIANPAINT27FEB201840CE.NFO,07/01/2020,11:16:08,30.6,19.7,10200,26.85,1800,0,1800
ASIANPAINT27FEB201840CE.NFO,07/01/2020,11:16:09,30.6,19.85,10200,27.1,1800,0,1800
ASIANPAINT27FEB201840CE.NFO,07/01/2020,11:16:10,30.6,20.15,9000,27.25,1800,0,1800
ASIANPAINT27FEB201840CE.NFO,07/01/2020,11:16:11,30.6,20.3,6600,27,1800,0,1800
ASIANPAINT27FEB201840CE.NFO,07/01/2020,11:16:12,30.6,20.6,5400,26.9,1800,0,1800
ASIANPAINT27FEB201840CE.NFO,07/01/2020,11:16:13,30.6,20.85,9000,27.15,1800,0,1800
ASIANPAINT27FEB201840CE.NFO,07/01/2020,11:16:14,30.6,21.1,4200,27.1,600,0,1800
ASIANPAINT27FEB201840CE.NFO,07/01/2020,11:16:15,30.6,21.55,4200,27,1800,0,1800
ASIANPAINT27FEB201840CE.NFO,07/01/2020,11:16:16,30.6,21.55,9000,27,1800,0,1800
ASIANPAINT27FEB201840CE.NFO,07/01/2020,11:16:17,30.6,22.2,3000,27.1,600,0,1800
ASIANPAINT27FEB201840CE.NFO,07/01/2020,11:16:18,30.6,22.4,3000,27.05,1800,0,1800
ASIANPAINT27FEB201840CE.NFO,07/01/2020,11:16:19,30.6,22.85,1800,27,1800,0,1800
ASIANPAINT27FEB201840CE.NFO,07/01/2020,11:16:20,30.6,23.2,600,27,1800,0,1800
ASIANPAINT27FEB201840CE.NFO,07/01/2020,11:16:21,30.6,23.35,600,27.05,1800,0,1800
ASIANPAINT27FEB201840CE.NFO,07/01/2020,11:16:22,30.6,23.5,600,27,1800,0,1800
ASIANPAINT27FEB201840CE.NFO,07/01/2020,11:16:24,30.6,23.65,600,26.9,1800,0,1800
ASIANPAINT27FEB201840CE.NFO,07/01/2020,11:16:25,30.6,22.85,3000,26.9,1800,0,1800
ASIANPAINT27FEB201840CE.NFO,07/01/2020,11:16:26,30.6,23.05,600,26.9,1800,0,1800
ASIANPAINT27FEB201840CE.NFO,07/01/2020,11:16:27,30.6,23.1,600,26.9,1800,0,1800
ASIANPAINT27FEB201840CE.NFO,07/01/2020,11:16:28,30.6,22.35,4200,26.9,1800,0,1800
ASIANPAINT27FEB201840CE.NFO,07/01/2020,11:16:29,30.6,22.85,1800,27.35,600,0,1800
ASIANPAINT27FEB201840CE.NFO,07/01/2020,11:16:30,30.6,23.25,600,27.35,600,0,1800
ASIANPAINT27FEB201840CE.NFO,07/01/2020,11:16:31,30.6,23.45,600,27.35,600,0,1800
ASIANPAINT27FEB201840CE.NFO,07/01/2020,11:16:32,30.6,23.6,600,27.5,1800,0,1800
ASIANPAINT27FEB201840CE.NFO,07/01/2020,11:16:33,30.6,23.85,600,27.35,600,0,1800
ASIANPAINT27FEB201840CE.NFO,07/01/2020,11:16:34,30.6,24.05,600,27.65,1800,0,1800
ASIANPAINT27FEB201840CE.NFO,07/01/2020,11:16:35,30.6,24.15,600,27.65,1800,0,1800
ASIANPAINT27FEB201840CE.NFO,07/01/2020,11:16:36,30.6,23.3,600,27.65,1800,0,1800
ASIANPAINT27FEB201840CE.NFO,07/01/2020,11:16:37,30.6,23.4,600,27.6,1800,0,1800
ASIANPAINT27FEB201840CE.NFO,07/01/2020,11:16:38,30.6,23.6,600,27.45,1800,0,1800
ASIANPAINT27FEB201840CE.NFO,07/01/2020,11:16:39,30.6,23.2,1800,27.5,600,0,1800
ASIANPAINT27FEB201840CE.NFO,07/01/2020,11:16:40,30.6,23.35,600,27.5,600,0,1800
ASIANPAINT27FEB201840CE.NFO,07/01/2020,11:16:42,30.6,23.55,600,27.45,600,0,1800
ASIANPAINT27FEB201840CE.NFO,07/01/2020,11:16:43,30.6,23.75,600,27.65,1800,0,1800
ASIANPAINT27FEB201840CE.NFO,07/01/2020,11:16:45,30.6,23.95,600,27.5,2400,0,1800
ASIANPAINT27FEB201840CE.NFO,07/01/2020,11:16:45,30.6,24,600,27.45,1800,0,1800
ASIANPAINT27FEB201840CE.NFO,07/01/2020,11:16:46,30.6,24.15,600,27.45,1800,0,1800
ASIANPAINT27FEB201840CE.NFO,07/01/2020,11:16:47,30.6,24.3,600,27.35,1800,0,1800
ASIANPAINT27FEB201840CE.NFO,07/01/2020,11:16:48,30.6,21.65,6600,27.4,1800,0,1800
ASIANPAINT27FEB201840CE.NFO,07/01/2020,11:16:49,30.6,21.85,4200,27.45,2400,0,1800
ASIANPAINT27FEB201840CE.NFO,07/01/2020,11:16:51,30.6,24.15,600,27.35,1800,0,1800
ASIANPAINT27FEB201840CE.NFO,07/01/2020,11:16:51,30.6,24.15,600,27.45,600,0,1800
ASIANPAINT27FEB201840CE.NFO,07/01/2020,11:16:52,30.6,24.2,600,27.4,1800,0,1800
ASIANPAINT27FEB201840CE.NFO,07/01/2020,11:16:53,30.6,24.05,600,27.25,1800,0,1800
