Ticker,Date,Time,LTP,BuyPrice,BuyQty,SellPrice,SellQty,LTQ,OpenInterest
AXISBANK30JAN20680PE.NFO,07/01/2020,09:15:07,6,4.65,1200,6.4,12000,6000,321600
AXISBANK30JAN20680PE.NFO,07/01/2020,09:15:07,6,4.65,1200,6.4,12000,0,321600
AXISBANK30JAN20680PE.NFO,07/01/2020,09:15:07,6.35,4.65,1200,6.4,12000,0,321600
AXISBANK30JAN20680PE.NFO,07/01/2020,09:15:07,6,4.65,1200,6.4,12000,0,321600
AXISBANK30JAN20680PE.NFO,07/01/2020,09:15:16,6,5.15,1200,6.05,3600,0,321600
AXISBANK30JAN20680PE.NFO,07/01/2020,09:15:28,6,5.1,1200,5.8,2400,0,321600
AXISBANK30JAN20680PE.NFO,07/01/2020,09:15:40,6,5.15,1200,5.25,1200,0,321600
AXISBANK30JAN20680PE.NFO,07/01/2020,09:15:52,5.05,4.9,3600,5.1,1200,3600,321600
AXISBANK30JAN20680PE.NFO,07/01/2020,09:15:52,5.05,4.9,3600,5.1,1200,0,321600
AXISBANK30JAN20680PE.NFO,07/01/2020,09:16:04,5.05,4.85,1200,5,3600,0,321600
AXISBANK30JAN20680PE.NFO,07/01/2020,09:16:14,5.05,4.75,3600,5,3600,0,321600
AXISBANK30JAN20680PE.NFO,07/01/2020,09:16:24,5.05,4.75,1200,5,3600,0,321600
AXISBANK30JAN20680PE.NFO,07/01/2020,09:16:33,5.05,4.75,2400,5,3600,0,321600
AXISBANK30JAN20680PE.NFO,07/01/2020,09:16:52,5.05,4.75,1200,5,3600,0,321600
AXISBANK30JAN20680PE.NFO,07/01/2020,09:17:00,4.75,4.65,2400,5,3600,1200,321600
AXISBANK30JAN20680PE.NFO,07/01/2020,09:17:00,4.75,4.65,2400,5,3600,0,321600
AXISBANK30JAN20680PE.NFO,07/01/2020,09:17:08,4.75,4.6,3600,5,3600,0,321600
AXISBANK30JAN20680PE.NFO,07/01/2020,09:17:25,4.75,4.75,1200,5,3600,0,321600
AXISBANK30JAN20680PE.NFO,07/01/2020,09:17:34,4.75,4.65,3600,5,3600,0,321600
AXISBANK30JAN20680PE.NFO,07/01/2020,09:18:15,4.75,4.65,4800,4.85,4800,0,321600
AXISBANK30JAN20680PE.NFO,07/01/2020,09:18:23,4.75,4.7,3600,4.8,2400,1200,325200
AXISBANK30JAN20680PE.NFO,07/01/2020,09:18:30,4.75,4.7,1200,4.8,3600,0,325200
AXISBANK30JAN20680PE.NFO,07/01/2020,09:18:39,4.7,4.65,2400,4.8,4800,2400,325200
AXISBANK30JAN20680PE.NFO,07/01/2020,09:18:39,4.7,4.65,2400,4.8,4800,0,325200
AXISBANK30JAN20680PE.NFO,07/01/2020,09:18:46,4.7,4.65,2400,4.8,3600,0,325200
AXISBANK30JAN20680PE.NFO,07/01/2020,09:18:53,4.7,4.65,2400,4.8,4800,0,325200
AXISBANK30JAN20680PE.NFO,07/01/2020,09:19:08,4.8,4.75,7200,4.85,2400,1200,325200
AXISBANK30JAN20680PE.NFO,07/01/2020,09:19:16,4.8,4.7,9600,4.85,4800,0,325200
AXISBANK30JAN20680PE.NFO,07/01/2020,09:19:24,4.8,4.65,9600,4.75,2400,0,325200
AXISBANK30JAN20680PE.NFO,07/01/2020,09:19:32,4.8,4.65,9600,4.75,4800,0,325200
AXISBANK30JAN20680PE.NFO,07/01/2020,09:19:40,4.8,4.65,8400,4.75,3600,0,325200
AXISBANK30JAN20680PE.NFO,07/01/2020,09:19:48,4.8,4.6,12000,4.7,1200,0,325200
AXISBANK30JAN20680PE.NFO,07/01/2020,09:19:56,4.8,4.6,10800,4.7,4800,0,325200
AXISBANK30JAN20680PE.NFO,07/01/2020,09:20:03,4.6,4.5,12000,4.6,3600,2400,325200
AXISBANK30JAN20680PE.NFO,07/01/2020,09:20:03,4.6,4.5,12000,4.6,3600,0,325200
AXISBANK30JAN20680PE.NFO,07/01/2020,09:20:11,4.5,4.45,6000,4.5,1200,1200,325200
AXISBANK30JAN20680PE.NFO,07/01/2020,09:20:11,4.5,4.45,6000,4.5,1200,0,325200
AXISBANK30JAN20680PE.NFO,07/01/2020,09:20:19,4.45,4.4,7200,4.5,2400,1200,331200
AXISBANK30JAN20680PE.NFO,07/01/2020,09:20:19,4.45,4.4,7200,4.5,2400,0,331200
AXISBANK30JAN20680PE.NFO,07/01/2020,09:20:27,4.45,4.35,8400,4.45,2400,0,331200
AXISBANK30JAN20680PE.NFO,07/01/2020,09:20:35,4.45,4.35,8400,4.45,4800,0,331200
AXISBANK30JAN20680PE.NFO,07/01/2020,09:20:42,4.45,4.4,6000,4.5,3600,3600,331200
AXISBANK30JAN20680PE.NFO,07/01/2020,09:20:50,4.45,4.35,13200,4.45,3600,0,331200
AXISBANK30JAN20680PE.NFO,07/01/2020,09:20:58,4.45,4.4,1200,4.45,3600,0,331200
AXISBANK30JAN20680PE.NFO,07/01/2020,09:21:05,4.45,4.4,1200,4.5,3600,0,331200
AXISBANK30JAN20680PE.NFO,07/01/2020,09:21:13,4.4,4.4,4800,4.5,3600,2400,331200
AXISBANK30JAN20680PE.NFO,07/01/2020,09:21:13,4.4,4.4,4800,4.5,3600,0,331200
AXISBANK30JAN20680PE.NFO,07/01/2020,09:21:21,4.4,4.35,12000,4.5,3600,4800,331200
AXISBANK30JAN20680PE.NFO,07/01/2020,09:21:28,4.4,4.3,7200,4.45,3600,0,331200
AXISBANK30JAN20680PE.NFO,07/01/2020,09:21:35,4.45,4.4,8400,4.5,6000,2400,331200
AXISBANK30JAN20680PE.NFO,07/01/2020,09:21:42,4.45,4.4,8400,4.5,6000,0,331200
AXISBANK30JAN20680PE.NFO,07/01/2020,09:21:50,4.4,4.35,12000,4.5,6000,3600,331200
AXISBANK30JAN20680PE.NFO,07/01/2020,09:21:56,4.45,4.35,12000,4.45,2400,1200,331200
AXISBANK30JAN20680PE.NFO,07/01/2020,09:22:10,4.35,4.3,7200,4.4,1200,2400,331200
AXISBANK30JAN20680PE.NFO,07/01/2020,09:22:10,4.35,4.3,7200,4.4,1200,0,331200
AXISBANK30JAN20680PE.NFO,07/01/2020,09:22:18,4.4,4.35,3600,4.45,6000,1200,331200
AXISBANK30JAN20680PE.NFO,07/01/2020,09:22:25,4.4,4.35,9600,4.45,4800,0,331200
AXISBANK30JAN20680PE.NFO,07/01/2020,09:22:32,4.4,4.35,6000,4.45,6000,0,331200
AXISBANK30JAN20680PE.NFO,07/01/2020,09:22:39,4.4,4.3,7200,4.45,7200,0,331200
AXISBANK30JAN20680PE.NFO,07/01/2020,09:22:46,4.35,4.3,7200,4.4,6000,1200,331200
AXISBANK30JAN20680PE.NFO,07/01/2020,09:22:52,4.35,4.3,9600,4.4,1200,0,331200
AXISBANK30JAN20680PE.NFO,07/01/2020,09:22:58,4.35,4.3,3600,4.4,4800,0,331200
AXISBANK30JAN20680PE.NFO,07/01/2020,09:23:05,4.35,4.25,12000,4.35,2400,0,331200
AXISBANK30JAN20680PE.NFO,07/01/2020,09:23:11,4.35,4.2,9600,4.35,10800,0,331200
AXISBANK30JAN20680PE.NFO,07/01/2020,09:23:18,4.35,4.2,9600,4.35,4800,0,331200
AXISBANK30JAN20680PE.NFO,07/01/2020,09:23:25,4.35,4.2,9600,4.35,3600,0,331200
AXISBANK30JAN20680PE.NFO,07/01/2020,09:24:19,4.35,4.2,9600,4.35,1200,0,331200
AXISBANK30JAN20680PE.NFO,07/01/2020,09:24:26,4.35,4.2,9600,4.35,8400,0,331200
AXISBANK30JAN20680PE.NFO,07/01/2020,09:24:33,4.2,4.2,3600,4.35,10800,1200,333600
AXISBANK30JAN20680PE.NFO,07/01/2020,09:24:33,4.2,4.2,3600,4.35,10800,0,333600
AXISBANK30JAN20680PE.NFO,07/01/2020,09:24:40,4.2,4.2,10800,4.35,7200,0,333600
AXISBANK30JAN20680PE.NFO,07/01/2020,09:24:46,4.2,4.25,12000,4.4,13200,0,333600
AXISBANK30JAN20680PE.NFO,07/01/2020,09:24:52,4.2,4.25,14400,4.35,2400,0,333600
AXISBANK30JAN20680PE.NFO,07/01/2020,09:25:12,4.2,4.2,7200,4.35,8400,0,333600
AXISBANK30JAN20680PE.NFO,07/01/2020,09:25:27,4.2,4.2,9600,4.35,8400,0,333600
AXISBANK30JAN20680PE.NFO,07/01/2020,09:25:34,4.2,4.2,8400,4.35,8400,0,333600
AXISBANK30JAN20680PE.NFO,07/01/2020,09:25:42,4.2,4.3,1200,4.35,3600,0,333600
AXISBANK30JAN20680PE.NFO,07/01/2020,09:26:05,4.2,4.3,1200,4.35,2400,0,333600
AXISBANK30JAN20680PE.NFO,07/01/2020,09:26:12,4.3,4.2,3600,4.3,1200,2400,333600
AXISBANK30JAN20680PE.NFO,07/01/2020,09:26:19,4.3,4.2,2400,4.3,1200,0,333600
AXISBANK30JAN20680PE.NFO,07/01/2020,09:26:30,4.3,4.2,6000,4.35,10800,0,333600
AXISBANK30JAN20680PE.NFO,07/01/2020,09:26:37,4.3,4.2,2400,4.3,12000,0,333600
AXISBANK30JAN20680PE.NFO,07/01/2020,09:26:43,4.3,4.2,12000,4.35,10800,3600,333600
AXISBANK30JAN20680PE.NFO,07/01/2020,09:26:54,4.3,4.2,12000,4.35,10800,0,333600
AXISBANK30JAN20680PE.NFO,07/01/2020,09:27:04,4.2,4.2,10800,4.35,15600,1200,333600
AXISBANK30JAN20680PE.NFO,07/01/2020,09:27:09,4.2,4.2,1200,4.3,3600,0,333600
AXISBANK30JAN20680PE.NFO,07/01/2020,09:27:21,4.2,4.2,1200,4.3,2400,0,333600
AXISBANK30JAN20680PE.NFO,07/01/2020,09:27:34,4.2,4.2,4800,4.3,8400,0,333600
AXISBANK30JAN20680PE.NFO,07/01/2020,09:28:04,4.3,4.2,4800,4.3,9600,1200,333600
AXISBANK30JAN20680PE.NFO,07/01/2020,09:28:12,4.3,4.2,4800,4.3,9600,0,333600
AXISBANK30JAN20680PE.NFO,07/01/2020,09:28:24,4.3,4.2,4800,4.3,7200,0,333600
AXISBANK30JAN20680PE.NFO,07/01/2020,09:28:35,4.3,4.2,4800,4.35,15600,0,333600
AXISBANK30JAN20680PE.NFO,07/01/2020,09:28:46,4.3,4.2,6000,4.35,15600,0,333600
AXISBANK30JAN20680PE.NFO,07/01/2020,09:28:52,4.3,4.25,1200,4.35,8400,0,333600
AXISBANK30JAN20680PE.NFO,07/01/2020,09:28:58,4.3,4.25,3600,4.35,13200,0,333600
AXISBANK30JAN20680PE.NFO,07/01/2020,09:29:04,4.3,4.2,4800,4.3,2400,1200,333600
AXISBANK30JAN20680PE.NFO,07/01/2020,09:29:10,4.3,4.2,4800,4.3,10800,0,333600
AXISBANK30JAN20680PE.NFO,07/01/2020,09:29:16,4.3,4.2,4800,4.3,9600,0,333600
AXISBANK30JAN20680PE.NFO,07/01/2020,09:29:28,4.3,4.2,4800,4.3,10800,0,333600
AXISBANK30JAN20680PE.NFO,07/01/2020,09:29:40,4.3,4.2,4800,4.3,9600,0,333600
AXISBANK30JAN20680PE.NFO,07/01/2020,09:29:58,4.3,4.2,4800,4.35,14400,2400,316800
AXISBANK30JAN20680PE.NFO,07/01/2020,09:30:11,4.3,4.2,3600,4.35,14400,0,316800
AXISBANK30JAN20680PE.NFO,07/01/2020,09:30:25,4.3,4.2,3600,4.35,12000,0,316800
AXISBANK30JAN20680PE.NFO,07/01/2020,09:30:41,4.3,4.25,1200,4.35,12000,0,316800
AXISBANK30JAN20680PE.NFO,07/01/2020,09:30:56,4.3,4.25,3600,4.35,8400,0,316800
AXISBANK30JAN20680PE.NFO,07/01/2020,09:31:15,4.3,4.2,4800,4.3,12000,0,316800
AXISBANK30JAN20680PE.NFO,07/01/2020,09:31:27,4.3,4.2,2400,4.3,13200,0,316800
AXISBANK30JAN20680PE.NFO,07/01/2020,09:31:32,4.3,4.15,4800,4.3,13200,0,316800
AXISBANK30JAN20680PE.NFO,07/01/2020,09:31:37,4.3,4.15,2400,4.3,13200,0,316800
AXISBANK30JAN20680PE.NFO,07/01/2020,09:31:43,4.2,4.1,18000,4.2,6000,3600,316800
AXISBANK30JAN20680PE.NFO,07/01/2020,09:31:48,4.1,4.1,2400,4.2,10800,6000,316800
AXISBANK30JAN20680PE.NFO,07/01/2020,09:31:48,4.1,4.1,2400,4.2,10800,0,316800
AXISBANK30JAN20680PE.NFO,07/01/2020,09:31:53,4.1,4.05,13200,4.15,10800,0,316800
AXISBANK30JAN20680PE.NFO,07/01/2020,09:32:12,4.1,4.1,1200,4.15,9600,0,316800
AXISBANK30JAN20680PE.NFO,07/01/2020,09:32:24,4.1,4.05,14400,4.15,9600,0,316800
AXISBANK30JAN20680PE.NFO,07/01/2020,09:32:31,4.1,4.1,2400,4.2,18000,0,316800
AXISBANK30JAN20680PE.NFO,07/01/2020,09:32:36,4.1,4.1,1200,4.15,10800,0,316800
AXISBANK30JAN20680PE.NFO,07/01/2020,09:32:42,4.1,4.05,14400,4.15,9600,0,316800
AXISBANK30JAN20680PE.NFO,07/01/2020,09:32:48,4.1,4.05,14400,4.15,10800,0,316800
AXISBANK30JAN20680PE.NFO,07/01/2020,09:32:59,4.1,4.05,1200,4.1,9600,6000,307200
AXISBANK30JAN20680PE.NFO,07/01/2020,09:33:05,4.1,4,16800,4.1,10800,0,307200
AXISBANK30JAN20680PE.NFO,07/01/2020,09:33:10,4.1,4,20400,4.1,10800,0,307200
AXISBANK30JAN20680PE.NFO,07/01/2020,09:33:16,4.05,4,7200,4.05,7200,3600,307200
AXISBANK30JAN20680PE.NFO,07/01/2020,09:33:16,4.05,4,7200,4.05,7200,0,307200
AXISBANK30JAN20680PE.NFO,07/01/2020,09:33:22,4.05,4,12000,4.1,9600,0,307200
AXISBANK30JAN20680PE.NFO,07/01/2020,09:33:38,4.05,4,12000,4.1,8400,0,307200
AXISBANK30JAN20680PE.NFO,07/01/2020,09:33:43,4.05,4,12000,4.05,3600,3600,307200
AXISBANK30JAN20680PE.NFO,07/01/2020,09:33:54,4.05,4,10800,4.05,3600,0,307200
AXISBANK30JAN20680PE.NFO,07/01/2020,09:33:59,4.05,4,14400,4.1,8400,3600,307200
AXISBANK30JAN20680PE.NFO,07/01/2020,09:34:04,4.05,4,14400,4.1,7200,0,307200
AXISBANK30JAN20680PE.NFO,07/01/2020,09:34:09,4.05,4.05,1200,4.15,8400,0,307200
AXISBANK30JAN20680PE.NFO,07/01/2020,09:34:19,4.05,4.05,3600,4.15,2400,0,307200
AXISBANK30JAN20680PE.NFO,07/01/2020,09:34:24,4.05,4.05,1200,4.15,2400,0,307200
AXISBANK30JAN20680PE.NFO,07/01/2020,09:34:29,4.05,4.05,2400,4.15,2400,0,307200
AXISBANK30JAN20680PE.NFO,07/01/2020,09:34:40,4.05,4.1,2400,4.2,10800,0,307200
AXISBANK30JAN20680PE.NFO,07/01/2020,09:34:45,4.05,4.1,2400,4.2,6000,0,307200
AXISBANK30JAN20680PE.NFO,07/01/2020,09:34:50,4.05,4.1,6000,4.2,6000,0,307200
AXISBANK30JAN20680PE.NFO,07/01/2020,09:34:54,4.05,4.1,12000,4.25,14400,0,307200
AXISBANK30JAN20680PE.NFO,07/01/2020,09:35:05,4.05,4.1,6000,4.25,14400,0,307200
AXISBANK30JAN20680PE.NFO,07/01/2020,09:35:10,4.05,4.1,4800,4.25,14400,0,307200
AXISBANK30JAN20680PE.NFO,07/01/2020,09:35:15,4.05,4.1,10800,4.25,14400,0,307200
AXISBANK30JAN20680PE.NFO,07/01/2020,09:35:42,4.05,4.1,10800,4.25,7200,0,307200
AXISBANK30JAN20680PE.NFO,07/01/2020,09:35:49,4.05,4.2,1200,4.3,13200,0,307200
AXISBANK30JAN20680PE.NFO,07/01/2020,09:35:56,4.05,4.15,13200,4.3,13200,0,307200
AXISBANK30JAN20680PE.NFO,07/01/2020,09:36:14,4.05,4.15,8400,4.3,13200,0,307200
AXISBANK30JAN20680PE.NFO,07/01/2020,09:36:20,4.05,4.1,10800,4.3,13200,0,307200
AXISBANK30JAN20680PE.NFO,07/01/2020,09:36:26,4.05,4.1,8400,4.3,13200,0,307200
AXISBANK30JAN20680PE.NFO,07/01/2020,09:36:36,4.05,4.1,2400,4.3,13200,0,307200
AXISBANK30JAN20680PE.NFO,07/01/2020,09:36:40,4.05,4.1,4800,4.3,13200,0,307200
AXISBANK30JAN20680PE.NFO,07/01/2020,09:36:46,4.05,4.1,10800,4.3,13200,0,307200
AXISBANK30JAN20680PE.NFO,07/01/2020,09:37:36,4.05,4.15,4800,4.3,13200,0,307200
AXISBANK30JAN20680PE.NFO,07/01/2020,09:37:41,4.05,4.2,1200,4.3,13200,0,307200
AXISBANK30JAN20680PE.NFO,07/01/2020,09:37:46,4.05,4.15,6000,4.3,13200,0,307200
AXISBANK30JAN20680PE.NFO,07/01/2020,09:37:55,4.2,4.2,1200,4.3,14400,1200,295200
AXISBANK30JAN20680PE.NFO,07/01/2020,09:37:59,4.2,4.1,10800,4.2,1200,1200,295200
AXISBANK30JAN20680PE.NFO,07/01/2020,09:38:04,4.2,4.1,9600,4.2,1200,0,295200
AXISBANK30JAN20680PE.NFO,07/01/2020,09:38:08,4.2,4.1,10800,4.2,1200,0,295200
AXISBANK30JAN20680PE.NFO,07/01/2020,09:38:13,4.2,4.1,9600,4.2,1200,0,295200
AXISBANK30JAN20680PE.NFO,07/01/2020,09:38:18,4.2,4.1,13200,4.2,1200,0,295200
AXISBANK30JAN20680PE.NFO,07/01/2020,09:38:23,4.2,4.1,6000,4.2,2400,0,295200
AXISBANK30JAN20680PE.NFO,07/01/2020,09:38:32,4.2,4.1,3600,4.2,2400,0,295200
AXISBANK30JAN20680PE.NFO,07/01/2020,09:38:41,4.2,4.1,3600,4.15,3600,0,295200
AXISBANK30JAN20680PE.NFO,07/01/2020,09:38:47,4.1,4.05,8400,4.15,6000,3600,294000
AXISBANK30JAN20680PE.NFO,07/01/2020,09:38:51,4.1,4,19200,4.15,6000,0,294000
AXISBANK30JAN20680PE.NFO,07/01/2020,09:39:05,4.1,4,19200,4.1,2400,0,294000
AXISBANK30JAN20680PE.NFO,07/01/2020,09:39:14,4.1,4,19200,4.15,12000,0,294000
AXISBANK30JAN20680PE.NFO,07/01/2020,09:39:20,4.1,4,3600,4.05,1200,0,294000
AXISBANK30JAN20680PE.NFO,07/01/2020,09:39:26,4,3.85,8400,3.95,1200,3600,294000
AXISBANK30JAN20680PE.NFO,07/01/2020,09:39:26,4,3.85,8400,3.95,1200,0,294000
AXISBANK30JAN20680PE.NFO,07/01/2020,09:39:31,4,3.85,8400,3.95,1200,0,294000
AXISBANK30JAN20680PE.NFO,07/01/2020,09:39:41,3.95,3.95,2400,4,1200,1200,294000
AXISBANK30JAN20680PE.NFO,07/01/2020,09:39:41,3.95,3.95,2400,4,1200,0,294000
AXISBANK30JAN20680PE.NFO,07/01/2020,09:39:46,3.95,3.9,4800,4,3600,0,294000
AXISBANK30JAN20680PE.NFO,07/01/2020,09:39:55,3.95,3.9,7200,4,2400,0,294000
AXISBANK30JAN20680PE.NFO,07/01/2020,09:39:59,3.95,3.9,6000,4,1200,0,294000
AXISBANK30JAN20680PE.NFO,07/01/2020,09:40:05,3.95,3.9,4800,4,1200,0,294000
AXISBANK30JAN20680PE.NFO,07/01/2020,09:40:10,3.95,3.9,12000,4,1200,0,294000
AXISBANK30JAN20680PE.NFO,07/01/2020,09:40:16,4,3.95,4800,4.05,14400,1200,294000
AXISBANK30JAN20680PE.NFO,07/01/2020,09:40:22,4,3.95,13200,4.1,12000,0,294000
AXISBANK30JAN20680PE.NFO,07/01/2020,09:40:27,4,3.95,13200,4.1,10800,0,294000
AXISBANK30JAN20680PE.NFO,07/01/2020,09:40:32,4,3.95,13200,4.1,1200,0,294000
AXISBANK30JAN20680PE.NFO,07/01/2020,09:41:41,4.1,3.95,13200,4.15,9600,1200,292800
AXISBANK30JAN20680PE.NFO,07/01/2020,09:41:45,4.1,3.95,13200,4.15,9600,0,292800
AXISBANK30JAN20680PE.NFO,07/01/2020,09:42:03,4.1,3.95,13200,4.15,10800,0,292800
AXISBANK30JAN20680PE.NFO,07/01/2020,09:42:23,4.1,3.95,1200,4.1,10800,0,292800
AXISBANK30JAN20680PE.NFO,07/01/2020,09:42:30,4.1,3.9,3600,4.1,10800,0,292800
AXISBANK30JAN20680PE.NFO,07/01/2020,09:42:37,3.95,3.9,3600,4.1,10800,2400,292800
AXISBANK30JAN20680PE.NFO,07/01/2020,09:42:44,3.95,3.9,3600,4.1,10800,0,292800
AXISBANK30JAN20680PE.NFO,07/01/2020,09:42:50,3.95,3.9,13200,4.1,10800,0,292800
AXISBANK30JAN20680PE.NFO,07/01/2020,09:42:56,3.95,3.9,13200,4,1200,0,292800
AXISBANK30JAN20680PE.NFO,07/01/2020,09:43:23,4,4,1200,4.1,10800,1200,292800
AXISBANK30JAN20680PE.NFO,07/01/2020,09:43:29,4,4,2400,4.1,9600,1200,292800
AXISBANK30JAN20680PE.NFO,07/01/2020,09:43:34,4,4.1,1200,4.25,6000,0,292800
AXISBANK30JAN20680PE.NFO,07/01/2020,09:43:38,4,4.1,2400,4.25,8400,0,292800
AXISBANK30JAN20680PE.NFO,07/01/2020,09:43:58,4,4.1,2400,4.2,14400,0,292800
AXISBANK30JAN20680PE.NFO,07/01/2020,09:44:04,4.15,4.1,2400,4.2,12000,1200,292800
AXISBANK30JAN20680PE.NFO,07/01/2020,09:44:09,4.15,4.1,2400,4.2,10800,0,292800
AXISBANK30JAN20680PE.NFO,07/01/2020,09:44:25,4.15,4.1,2400,4.2,13200,0,292800
AXISBANK30JAN20680PE.NFO,07/01/2020,09:44:31,4.15,4.1,2400,4.2,10800,0,292800
AXISBANK30JAN20680PE.NFO,07/01/2020,09:44:58,4.15,4.1,4800,4.2,10800,0,292800
AXISBANK30JAN20680PE.NFO,07/01/2020,09:45:09,4.15,4.05,3600,4.15,3600,0,292800
AXISBANK30JAN20680PE.NFO,07/01/2020,09:45:16,4.05,4,9600,4.15,3600,4800,294000
AXISBANK30JAN20680PE.NFO,07/01/2020,09:45:22,4.05,4.05,4800,4.15,9600,0,294000
AXISBANK30JAN20680PE.NFO,07/01/2020,09:45:27,4.05,4,1200,4.05,1200,1200,294000
AXISBANK30JAN20680PE.NFO,07/01/2020,09:45:32,4.05,3.95,1200,4,2400,0,294000
AXISBANK30JAN20680PE.NFO,07/01/2020,09:45:37,4.05,3.9,12000,4,1200,0,294000
AXISBANK30JAN20680PE.NFO,07/01/2020,09:45:42,4.05,3.9,6000,4,1200,0,294000
AXISBANK30JAN20680PE.NFO,07/01/2020,09:45:46,3.95,3.9,6000,4,7200,1200,294000
AXISBANK30JAN20680PE.NFO,07/01/2020,09:45:51,4,3.9,14400,4.05,7200,1200,294000
AXISBANK30JAN20680PE.NFO,07/01/2020,09:45:56,4,3.95,7200,4.05,8400,0,294000
AXISBANK30JAN20680PE.NFO,07/01/2020,09:46:04,4,3.85,9600,4,13200,0,294000
AXISBANK30JAN20680PE.NFO,07/01/2020,09:46:09,4,3.85,10800,4,13200,0,294000
AXISBANK30JAN20680PE.NFO,07/01/2020,09:46:24,4,3.85,7200,3.95,2400,0,294000
AXISBANK30JAN20680PE.NFO,07/01/2020,09:46:29,4,3.9,1200,4,13200,0,294000
AXISBANK30JAN20680PE.NFO,07/01/2020,09:46:51,4,3.9,16800,4,12000,0,294000
AXISBANK30JAN20680PE.NFO,07/01/2020,09:46:55,4,3.95,1200,4,10800,0,294000
AXISBANK30JAN20680PE.NFO,07/01/2020,09:46:59,4,3.95,15600,4.05,12000,1200,294000
AXISBANK30JAN20680PE.NFO,07/01/2020,09:47:03,4,3.95,6000,4.05,8400,0,294000
AXISBANK30JAN20680PE.NFO,07/01/2020,09:47:12,4,3.95,6000,4.05,2400,0,294000
AXISBANK30JAN20680PE.NFO,07/01/2020,09:47:21,4,4,1200,4.05,1200,0,294000
AXISBANK30JAN20680PE.NFO,07/01/2020,09:47:30,4,4,1200,4.05,2400,0,294000
AXISBANK30JAN20680PE.NFO,07/01/2020,09:47:34,4,3.95,12000,4.05,2400,0,294000
AXISBANK30JAN20680PE.NFO,07/01/2020,09:47:38,4,4,1200,4.05,2400,0,294000
AXISBANK30JAN20680PE.NFO,07/01/2020,09:47:43,4.1,3.95,13200,4.1,4800,12000,294000
AXISBANK30JAN20680PE.NFO,07/01/2020,09:47:48,4.1,3.95,13200,4.1,4800,0,294000
AXISBANK30JAN20680PE.NFO,07/01/2020,09:47:57,4.1,4,4800,4.1,3600,0,294000
AXISBANK30JAN20680PE.NFO,07/01/2020,09:48:02,4.1,4,10800,4.1,3600,0,294000
AXISBANK30JAN20680PE.NFO,07/01/2020,09:48:27,4.1,4,10800,4.1,4800,0,294000
AXISBANK30JAN20680PE.NFO,07/01/2020,09:48:35,4.1,4,14400,4.1,4800,0,294000
AXISBANK30JAN20680PE.NFO,07/01/2020,09:48:48,4.1,4.05,4800,4.1,4800,0,294000
AXISBANK30JAN20680PE.NFO,07/01/2020,09:48:56,4.1,4.05,2400,4.15,9600,3600,294000
AXISBANK30JAN20680PE.NFO,07/01/2020,09:49:01,4.1,4.05,4800,4.15,2400,1200,294000
AXISBANK30JAN20680PE.NFO,07/01/2020,09:49:05,4.1,4.05,4800,4.15,2400,0,294000
AXISBANK30JAN20680PE.NFO,07/01/2020,09:49:25,4.1,4.05,12000,4.15,1200,0,294000
AXISBANK30JAN20680PE.NFO,07/01/2020,09:49:31,4.1,4.05,12000,4.2,4800,0,294000
AXISBANK30JAN20680PE.NFO,07/01/2020,09:49:47,4.1,4.15,1200,4.25,4800,0,294000
AXISBANK30JAN20680PE.NFO,07/01/2020,09:49:56,4.25,4.15,4800,4.3,12000,4800,294000
AXISBANK30JAN20680PE.NFO,07/01/2020,09:50:02,4.2,4.15,7200,4.3,15600,1200,294000
AXISBANK30JAN20680PE.NFO,07/01/2020,09:50:07,4.2,4.15,7200,4.3,15600,0,294000
AXISBANK30JAN20680PE.NFO,07/01/2020,09:50:11,4.2,4.15,13200,4.3,15600,0,294000
AXISBANK30JAN20680PE.NFO,07/01/2020,09:50:18,4.2,4.15,13200,4.3,10800,0,294000
AXISBANK30JAN20680PE.NFO,07/01/2020,09:50:41,4.2,4.25,6000,4.35,7200,0,294000
AXISBANK30JAN20680PE.NFO,07/01/2020,09:50:46,4.25,4.2,9600,4.35,16800,3600,308400
AXISBANK30JAN20680PE.NFO,07/01/2020,09:50:50,4.25,4.2,9600,4.35,7200,0,308400
AXISBANK30JAN20680PE.NFO,07/01/2020,09:50:55,4.25,4.2,9600,4.35,2400,0,308400
AXISBANK30JAN20680PE.NFO,07/01/2020,09:50:59,4.25,4.25,3600,4.4,22800,0,308400
AXISBANK30JAN20680PE.NFO,07/01/2020,09:51:17,4.25,4.25,3600,4.4,15600,0,308400
AXISBANK30JAN20680PE.NFO,07/01/2020,09:51:22,4.25,4.25,3600,4.4,16800,0,308400
AXISBANK30JAN20680PE.NFO,07/01/2020,09:51:26,4.25,4.25,2400,4.4,16800,0,308400
AXISBANK30JAN20680PE.NFO,07/01/2020,09:51:31,4.25,4.2,2400,4.3,12000,1200,308400
AXISBANK30JAN20680PE.NFO,07/01/2020,09:51:35,4.25,4.15,10800,4.25,2400,0,308400
AXISBANK30JAN20680PE.NFO,07/01/2020,09:51:39,4.25,4.15,10800,4.25,1200,0,308400
AXISBANK30JAN20680PE.NFO,07/01/2020,09:51:47,4.25,4.15,10800,4.25,2400,0,308400
AXISBANK30JAN20680PE.NFO,07/01/2020,09:52:02,4.25,4.15,27600,4.3,10800,0,308400
AXISBANK30JAN20680PE.NFO,07/01/2020,09:52:11,4.25,4.15,10800,4.25,1200,0,308400
AXISBANK30JAN20680PE.NFO,07/01/2020,09:52:15,4.25,4.15,27600,4.3,10800,0,308400
AXISBANK30JAN20680PE.NFO,07/01/2020,09:52:30,4.25,4.2,3600,4.3,8400,0,308400
AXISBANK30JAN20680PE.NFO,07/01/2020,09:52:34,4.25,4.2,22800,4.3,7200,0,308400
AXISBANK30JAN20680PE.NFO,07/01/2020,09:52:39,4.25,4.15,10800,4.25,1200,0,308400
AXISBANK30JAN20680PE.NFO,07/01/2020,09:52:48,4.25,4.15,27600,4.3,12000,0,308400
AXISBANK30JAN20680PE.NFO,07/01/2020,09:52:52,4.25,4.15,10800,4.25,1200,0,308400
AXISBANK30JAN20680PE.NFO,07/01/2020,09:52:56,4.25,4.25,3600,4.35,3600,0,308400
AXISBANK30JAN20680PE.NFO,07/01/2020,09:53:00,4.25,4.2,12000,4.3,3600,3600,308400
AXISBANK30JAN20680PE.NFO,07/01/2020,09:53:04,4.25,4.2,20400,4.35,12000,0,308400
AXISBANK30JAN20680PE.NFO,07/01/2020,09:53:10,4.25,4.25,16800,4.35,12000,0,308400
AXISBANK30JAN20680PE.NFO,07/01/2020,09:53:15,4.25,4.2,20400,4.3,1200,0,308400
AXISBANK30JAN20680PE.NFO,07/01/2020,09:53:20,4.25,4.2,18000,4.3,2400,0,308400
AXISBANK30JAN20680PE.NFO,07/01/2020,09:53:24,4.25,4.2,1200,4.25,1200,0,308400
AXISBANK30JAN20680PE.NFO,07/01/2020,09:53:29,4.25,4.2,18000,4.3,2400,0,308400
AXISBANK30JAN20680PE.NFO,07/01/2020,09:53:33,4.25,4.2,1200,4.25,1200,0,308400
AXISBANK30JAN20680PE.NFO,07/01/2020,09:54:05,4.25,4.2,19200,4.3,2400,0,308400
AXISBANK30JAN20680PE.NFO,07/01/2020,09:54:10,4.25,4.2,4800,4.3,3600,0,308400
AXISBANK30JAN20680PE.NFO,07/01/2020,09:54:15,4.25,4.2,2400,4.3,7200,0,308400
AXISBANK30JAN20680PE.NFO,07/01/2020,09:54:29,4.25,4.2,2400,4.25,1200,0,308400
AXISBANK30JAN20680PE.NFO,07/01/2020,09:54:34,4.25,4.2,21600,4.3,8400,0,308400
AXISBANK30JAN20680PE.NFO,07/01/2020,09:54:38,4.3,4.2,21600,4.3,7200,1200,309600
AXISBANK30JAN20680PE.NFO,07/01/2020,09:54:43,4.3,4.2,21600,4.3,7200,0,309600
AXISBANK30JAN20680PE.NFO,07/01/2020,09:54:51,4.3,4.25,1200,4.35,13200,0,309600
AXISBANK30JAN20680PE.NFO,07/01/2020,09:54:59,4.3,4.25,1200,4.3,1200,1200,309600
AXISBANK30JAN20680PE.NFO,07/01/2020,09:55:03,4.3,4.15,6000,4.3,13200,0,309600
AXISBANK30JAN20680PE.NFO,07/01/2020,09:55:09,4.3,4.2,1200,4.25,7200,0,309600
AXISBANK30JAN20680PE.NFO,07/01/2020,09:55:14,4.3,4.15,6000,4.25,8400,0,309600
AXISBANK30JAN20680PE.NFO,07/01/2020,09:55:23,4.3,4.15,22800,4.25,7200,0,309600
AXISBANK30JAN20680PE.NFO,07/01/2020,09:55:27,4.3,4.15,22800,4.3,12000,0,309600
AXISBANK30JAN20680PE.NFO,07/01/2020,09:55:32,4.3,4.15,24000,4.3,12000,0,309600
AXISBANK30JAN20680PE.NFO,07/01/2020,09:55:40,4.3,4.15,30000,4.3,12000,0,309600
AXISBANK30JAN20680PE.NFO,07/01/2020,09:55:45,4.3,4.15,22800,4.3,13200,0,309600
AXISBANK30JAN20680PE.NFO,07/01/2020,09:55:49,4.3,4.15,6000,4.25,8400,0,309600
AXISBANK30JAN20680PE.NFO,07/01/2020,09:55:52,4.3,4.15,24000,4.25,7200,0,309600
AXISBANK30JAN20680PE.NFO,07/01/2020,09:55:56,4.3,4.2,16800,4.25,7200,0,309600
AXISBANK30JAN20680PE.NFO,07/01/2020,09:55:59,4.3,4.15,2400,4.25,10800,0,309600
AXISBANK30JAN20680PE.NFO,07/01/2020,09:56:03,4.3,4.15,20400,4.25,10800,0,309600
AXISBANK30JAN20680PE.NFO,07/01/2020,09:56:08,4.25,4.15,2400,4.25,2400,2400,309600
AXISBANK30JAN20680PE.NFO,07/01/2020,09:56:13,4.25,4.15,19200,4.25,1200,0,309600
AXISBANK30JAN20680PE.NFO,07/01/2020,09:56:18,4.25,4.15,2400,4.2,2400,0,309600
AXISBANK30JAN20680PE.NFO,07/01/2020,09:56:28,4.25,4.15,2400,4.2,1200,0,309600
AXISBANK30JAN20680PE.NFO,07/01/2020,09:56:32,4.25,4.15,2400,4.2,2400,0,309600
AXISBANK30JAN20680PE.NFO,07/01/2020,09:56:36,4.25,4.15,19200,4.25,7200,0,309600
AXISBANK30JAN20680PE.NFO,07/01/2020,09:56:40,4.25,4.15,18000,4.25,7200,0,309600
AXISBANK30JAN20680PE.NFO,07/01/2020,09:56:45,4.25,4.15,19200,4.25,7200,0,309600
AXISBANK30JAN20680PE.NFO,07/01/2020,09:56:49,4.25,4.2,1200,4.25,1200,0,309600
AXISBANK30JAN20680PE.NFO,07/01/2020,09:57:03,4.25,4.15,3600,4.25,1200,0,309600
AXISBANK30JAN20680PE.NFO,07/01/2020,09:57:07,4.25,4.15,19200,4.25,1200,0,309600
AXISBANK30JAN20680PE.NFO,07/01/2020,09:57:20,4.25,4.2,1200,4.25,1200,0,309600
AXISBANK30JAN20680PE.NFO,07/01/2020,09:57:44,4.25,4.15,3600,4.25,3600,0,309600
AXISBANK30JAN20680PE.NFO,07/01/2020,09:58:07,4.25,4.15,18000,4.25,2400,0,309600
AXISBANK30JAN20680PE.NFO,07/01/2020,09:58:10,4.25,4.15,3600,4.25,3600,0,309600
AXISBANK30JAN20680PE.NFO,07/01/2020,09:58:14,4.25,4.1,10800,4.25,13200,0,309600
AXISBANK30JAN20680PE.NFO,07/01/2020,09:58:21,4.25,4.1,25200,4.25,13200,0,309600
AXISBANK30JAN20680PE.NFO,07/01/2020,09:58:44,4.25,4.2,14400,4.25,1200,0,309600
AXISBANK30JAN20680PE.NFO,07/01/2020,09:58:49,4.25,4.2,1200,4.25,1200,0,309600
AXISBANK30JAN20680PE.NFO,07/01/2020,09:58:54,4.25,4.2,16800,4.3,13200,0,309600
AXISBANK30JAN20680PE.NFO,07/01/2020,09:59:00,4.25,4.2,1200,4.3,13200,0,309600
AXISBANK30JAN20680PE.NFO,07/01/2020,09:59:05,4.25,4.25,1200,4.3,2400,0,309600
AXISBANK30JAN20680PE.NFO,07/01/2020,09:59:33,4.3,4.25,2400,4.3,1200,1200,313200
AXISBANK30JAN20680PE.NFO,07/01/2020,09:59:37,4.3,4.25,16800,4.35,13200,1200,313200
AXISBANK30JAN20680PE.NFO,07/01/2020,09:59:43,4.3,4.2,4800,4.3,3600,0,313200
AXISBANK30JAN20680PE.NFO,07/01/2020,09:59:48,4.3,4.2,4800,4.3,4800,0,313200
AXISBANK30JAN20680PE.NFO,07/01/2020,09:59:54,4.3,4.2,4800,4.3,3600,0,313200
AXISBANK30JAN20680PE.NFO,07/01/2020,09:59:57,4.3,4.2,19200,4.3,3600,0,313200
AXISBANK30JAN20680PE.NFO,07/01/2020,10:00:13,4.3,4.2,2400,4.25,1200,0,313200
AXISBANK30JAN20680PE.NFO,07/01/2020,10:00:18,4.3,4.2,4800,4.3,4800,0,313200
AXISBANK30JAN20680PE.NFO,07/01/2020,10:00:23,4.3,4.2,25200,4.3,3600,0,313200
AXISBANK30JAN20680PE.NFO,07/01/2020,10:00:28,4.3,4.25,15600,4.3,3600,0,313200
AXISBANK30JAN20680PE.NFO,07/01/2020,10:00:32,4.3,4.2,25200,4.35,16800,0,313200
AXISBANK30JAN20680PE.NFO,07/01/2020,10:00:40,4.3,4.3,8400,4.5,13200,0,313200
AXISBANK30JAN20680PE.NFO,07/01/2020,10:00:46,4.45,4.35,26400,4.55,12000,2400,313200
AXISBANK30JAN20680PE.NFO,07/01/2020,10:00:59,4.45,4.35,13200,4.45,2400,0,313200
AXISBANK30JAN20680PE.NFO,07/01/2020,10:01:05,4.45,4.35,12000,4.45,2400,0,313200
AXISBANK30JAN20680PE.NFO,07/01/2020,10:01:10,4.45,4.35,24000,4.45,1200,0,313200
AXISBANK30JAN20680PE.NFO,07/01/2020,10:01:16,4.45,4.45,2400,4.5,1200,1200,313200
AXISBANK30JAN20680PE.NFO,07/01/2020,10:01:22,4.45,4.45,2400,4.5,1200,0,313200
AXISBANK30JAN20680PE.NFO,07/01/2020,10:01:40,4.5,4.45,3600,4.55,1200,1200,313200
AXISBANK30JAN20680PE.NFO,07/01/2020,10:01:46,4.5,4.45,3600,4.6,13200,0,313200
AXISBANK30JAN20680PE.NFO,07/01/2020,10:01:51,4.5,4.45,12000,4.6,13200,0,313200
AXISBANK30JAN20680PE.NFO,07/01/2020,10:02:07,4.5,4.45,9600,4.6,13200,0,313200
AXISBANK30JAN20680PE.NFO,07/01/2020,10:02:23,4.45,4.4,9600,4.55,8400,3600,318000
AXISBANK30JAN20680PE.NFO,07/01/2020,10:02:29,4.45,4.45,10800,4.55,3600,0,318000
AXISBANK30JAN20680PE.NFO,07/01/2020,10:02:34,4.45,4.45,10800,4.55,2400,0,318000
AXISBANK30JAN20680PE.NFO,07/01/2020,10:02:39,4.45,4.45,10800,4.55,1200,0,318000
AXISBANK30JAN20680PE.NFO,07/01/2020,10:02:43,4.45,4.45,22800,4.55,1200,0,318000
AXISBANK30JAN20680PE.NFO,07/01/2020,10:02:51,4.45,4.45,22800,4.6,6000,0,318000
AXISBANK30JAN20680PE.NFO,07/01/2020,10:02:55,4.45,4.45,10800,4.6,7200,0,318000
AXISBANK30JAN20680PE.NFO,07/01/2020,10:03:04,4.45,4.45,22800,4.6,9600,0,318000
AXISBANK30JAN20680PE.NFO,07/01/2020,10:03:09,4.45,4.45,22800,4.6,1200,0,318000
AXISBANK30JAN20680PE.NFO,07/01/2020,10:03:14,4.45,4.5,12000,4.65,6000,0,318000
AXISBANK30JAN20680PE.NFO,07/01/2020,10:03:19,4.45,4.5,9600,4.65,6000,0,318000
AXISBANK30JAN20680PE.NFO,07/01/2020,10:03:23,4.45,4.5,9600,4.6,4800,0,318000
AXISBANK30JAN20680PE.NFO,07/01/2020,10:03:33,4.45,4.5,9600,4.6,2400,0,318000
AXISBANK30JAN20680PE.NFO,07/01/2020,10:03:38,4.45,4.5,10800,4.65,10800,0,318000
AXISBANK30JAN20680PE.NFO,07/01/2020,10:03:43,4.45,4.5,22800,4.65,4800,0,318000
AXISBANK30JAN20680PE.NFO,07/01/2020,10:03:48,4.45,4.5,10800,4.65,4800,0,318000
AXISBANK30JAN20680PE.NFO,07/01/2020,10:03:52,4.45,4.5,31200,4.65,4800,0,318000
AXISBANK30JAN20680PE.NFO,07/01/2020,10:03:57,4.45,4.5,10800,4.65,6000,0,318000
AXISBANK30JAN20680PE.NFO,07/01/2020,10:04:11,4.45,4.55,14400,4.7,4800,0,318000
AXISBANK30JAN20680PE.NFO,07/01/2020,10:04:16,4.45,4.55,14400,4.7,7200,0,318000
AXISBANK30JAN20680PE.NFO,07/01/2020,10:04:19,4.45,4.55,14400,4.7,3600,0,318000
AXISBANK30JAN20680PE.NFO,07/01/2020,10:04:24,4.45,4.55,14400,4.7,4800,0,318000
AXISBANK30JAN20680PE.NFO,07/01/2020,10:04:28,4.45,4.55,14400,4.7,3600,0,318000
AXISBANK30JAN20680PE.NFO,07/01/2020,10:04:33,4.45,4.55,14400,4.65,2400,0,318000
AXISBANK30JAN20680PE.NFO,07/01/2020,10:04:38,4.45,4.55,14400,4.65,1200,0,318000
AXISBANK30JAN20680PE.NFO,07/01/2020,10:04:43,4.45,4.55,14400,4.7,7200,0,318000
AXISBANK30JAN20680PE.NFO,07/01/2020,10:04:46,4.45,4.6,3600,4.7,2400,0,318000
AXISBANK30JAN20680PE.NFO,07/01/2020,10:04:50,4.6,4.55,14400,4.65,3600,3600,318000
AXISBANK30JAN20680PE.NFO,07/01/2020,10:04:54,4.65,4.55,14400,4.7,9600,1200,318000
AXISBANK30JAN20680PE.NFO,07/01/2020,10:04:58,4.65,4.6,6000,4.7,2400,0,318000
AXISBANK30JAN20680PE.NFO,07/01/2020,10:05:02,4.65,4.6,3600,4.7,2400,0,318000
AXISBANK30JAN20680PE.NFO,07/01/2020,10:05:10,4.65,4.6,2400,4.7,2400,0,318000
AXISBANK30JAN20680PE.NFO,07/01/2020,10:05:14,4.65,4.55,14400,4.7,7200,0,318000
AXISBANK30JAN20680PE.NFO,07/01/2020,10:05:30,4.65,4.55,14400,4.65,1200,0,318000
AXISBANK30JAN20680PE.NFO,07/01/2020,10:05:37,4.65,4.55,12000,4.65,1200,0,318000
AXISBANK30JAN20680PE.NFO,07/01/2020,10:05:43,4.65,4.55,10800,4.65,1200,0,318000
AXISBANK30JAN20680PE.NFO,07/01/2020,10:05:48,4.65,4.55,12000,4.65,1200,0,318000
AXISBANK30JAN20680PE.NFO,07/01/2020,10:05:59,4.65,4.55,13200,4.7,10800,0,318000
AXISBANK30JAN20680PE.NFO,07/01/2020,10:06:09,4.65,4.6,1200,4.7,7200,0,318000
AXISBANK30JAN20680PE.NFO,07/01/2020,10:06:17,4.65,4.55,14400,4.7,10800,0,318000
AXISBANK30JAN20680PE.NFO,07/01/2020,10:06:22,4.65,4.6,13200,4.75,14400,0,318000
AXISBANK30JAN20680PE.NFO,07/01/2020,10:06:31,4.65,4.6,13200,4.75,13200,0,318000
AXISBANK30JAN20680PE.NFO,07/01/2020,10:06:47,4.65,4.65,6000,4.8,19200,0,318000
AXISBANK30JAN20680PE.NFO,07/01/2020,10:06:53,4.65,4.6,13200,4.8,19200,0,318000
AXISBANK30JAN20680PE.NFO,07/01/2020,10:07:02,4.65,4.6,10800,4.8,19200,0,318000
AXISBANK30JAN20680PE.NFO,07/01/2020,10:07:08,4.65,4.65,1200,4.8,19200,0,318000
AXISBANK30JAN20680PE.NFO,07/01/2020,10:07:18,4.65,4.65,3600,4.8,19200,0,318000
AXISBANK30JAN20680PE.NFO,07/01/2020,10:07:43,4.65,4.6,2400,4.7,4800,0,318000
AXISBANK30JAN20680PE.NFO,07/01/2020,10:07:48,4.65,4.6,4800,4.7,3600,0,318000
AXISBANK30JAN20680PE.NFO,07/01/2020,10:07:54,4.65,4.6,3600,4.7,3600,0,318000
AXISBANK30JAN20680PE.NFO,07/01/2020,10:08:27,4.65,4.6,1200,4.65,3600,0,318000
AXISBANK30JAN20680PE.NFO,07/01/2020,10:08:32,4.6,4.5,10800,4.65,7200,1200,319200
AXISBANK30JAN20680PE.NFO,07/01/2020,10:08:37,4.6,4.5,2400,4.65,13200,0,319200
AXISBANK30JAN20680PE.NFO,07/01/2020,10:08:47,4.65,4.45,4800,4.65,10800,2400,319200
AXISBANK30JAN20680PE.NFO,07/01/2020,10:08:51,4.5,4.45,9600,4.55,4800,1200,319200
AXISBANK30JAN20680PE.NFO,07/01/2020,10:08:55,4.5,4.45,9600,4.55,2400,0,319200
AXISBANK30JAN20680PE.NFO,07/01/2020,10:08:59,4.5,4.4,16800,4.55,7200,0,319200
AXISBANK30JAN20680PE.NFO,07/01/2020,10:09:16,4.5,4.4,10800,4.5,3600,0,319200
AXISBANK30JAN20680PE.NFO,07/01/2020,10:09:21,4.5,4.4,14400,4.55,13200,0,319200
AXISBANK30JAN20680PE.NFO,07/01/2020,10:09:26,4.5,4.4,14400,4.55,12000,0,319200
AXISBANK30JAN20680PE.NFO,07/01/2020,10:09:31,4.5,4.45,14400,4.55,1200,0,319200
AXISBANK30JAN20680PE.NFO,07/01/2020,10:09:48,4.5,4.45,13200,4.55,1200,0,319200
AXISBANK30JAN20680PE.NFO,07/01/2020,10:10:02,4.5,4.45,4800,4.55,1200,0,319200
AXISBANK30JAN20680PE.NFO,07/01/2020,10:10:14,4.5,4.45,7200,4.55,1200,0,319200
AXISBANK30JAN20680PE.NFO,07/01/2020,10:10:30,4.5,4.45,2400,4.55,3600,1200,319200
AXISBANK30JAN20680PE.NFO,07/01/2020,10:10:46,4.5,4.45,3600,4.55,2400,0,319200
AXISBANK30JAN20680PE.NFO,07/01/2020,10:10:53,4.5,4.45,3600,4.55,3600,0,319200
AXISBANK30JAN20680PE.NFO,07/01/2020,10:11:06,4.5,4.45,3600,4.55,2400,0,319200
AXISBANK30JAN20680PE.NFO,07/01/2020,10:11:10,4.5,4.45,6000,4.6,18000,0,319200
AXISBANK30JAN20680PE.NFO,07/01/2020,10:11:15,4.5,4.45,3600,4.55,4800,0,319200
AXISBANK30JAN20680PE.NFO,07/01/2020,10:11:23,4.5,4.45,7200,4.6,18000,0,319200
AXISBANK30JAN20680PE.NFO,07/01/2020,10:11:42,4.5,4.45,6000,4.6,18000,0,319200
AXISBANK30JAN20680PE.NFO,07/01/2020,10:11:47,4.5,4.45,7200,4.6,18000,0,319200
AXISBANK30JAN20680PE.NFO,07/01/2020,10:11:54,4.5,4.45,3600,4.6,18000,0,319200
AXISBANK30JAN20680PE.NFO,07/01/2020,10:11:59,4.5,4.45,10800,4.6,14400,0,319200
AXISBANK30JAN20680PE.NFO,07/01/2020,10:12:03,4.5,4.45,10800,4.6,15600,0,319200
AXISBANK30JAN20680PE.NFO,07/01/2020,10:12:07,4.5,4.45,10800,4.6,16800,0,319200
AXISBANK30JAN20680PE.NFO,07/01/2020,10:12:11,4.5,4.45,10800,4.6,15600,0,319200
AXISBANK30JAN20680PE.NFO,07/01/2020,10:12:15,4.5,4.45,10800,4.6,16800,0,319200
AXISBANK30JAN20680PE.NFO,07/01/2020,10:12:45,4.5,4.45,1200,4.5,2400,0,319200
AXISBANK30JAN20680PE.NFO,07/01/2020,10:13:04,4.45,4.45,4800,4.6,16800,1200,320400
AXISBANK30JAN20680PE.NFO,07/01/2020,10:13:08,4.45,4.45,4800,4.6,16800,0,320400
AXISBANK30JAN20680PE.NFO,07/01/2020,10:13:13,4.45,4.45,3600,4.6,16800,0,320400
AXISBANK30JAN20680PE.NFO,07/01/2020,10:13:21,4.45,4.5,1200,4.6,14400,0,320400
AXISBANK30JAN20680PE.NFO,07/01/2020,10:13:26,4.45,4.5,1200,4.6,10800,0,320400
AXISBANK30JAN20680PE.NFO,07/01/2020,10:13:29,4.45,4.45,10800,4.6,10800,0,320400
AXISBANK30JAN20680PE.NFO,07/01/2020,10:13:46,4.45,4.45,3600,4.6,15600,0,320400
AXISBANK30JAN20680PE.NFO,07/01/2020,10:13:52,4.45,4.45,2400,4.55,1200,0,320400
AXISBANK30JAN20680PE.NFO,07/01/2020,10:13:57,4.45,4.45,1200,4.55,1200,0,320400
AXISBANK30JAN20680PE.NFO,07/01/2020,10:14:07,4.45,4.4,9600,4.5,2400,0,320400
AXISBANK30JAN20680PE.NFO,07/01/2020,10:14:11,4.45,4.4,21600,4.5,2400,0,320400
AXISBANK30JAN20680PE.NFO,07/01/2020,10:14:17,4.45,4.4,22800,4.5,2400,0,320400
AXISBANK30JAN20680PE.NFO,07/01/2020,10:14:22,4.45,4.4,9600,4.5,2400,0,320400
AXISBANK30JAN20680PE.NFO,07/01/2020,10:14:27,4.45,4.4,9600,4.5,1200,0,320400
AXISBANK30JAN20680PE.NFO,07/01/2020,10:14:32,4.45,4.45,1200,4.5,1200,0,320400
AXISBANK30JAN20680PE.NFO,07/01/2020,10:14:37,4.45,4.4,9600,4.5,1200,0,320400
AXISBANK30JAN20680PE.NFO,07/01/2020,10:14:42,4.45,4.45,1200,4.5,1200,0,320400
AXISBANK30JAN20680PE.NFO,07/01/2020,10:14:51,4.45,4.45,1200,4.55,10800,0,320400
AXISBANK30JAN20680PE.NFO,07/01/2020,10:14:56,4.45,4.45,1200,4.55,12000,0,320400
AXISBANK30JAN20680PE.NFO,07/01/2020,10:15:00,4.45,4.45,1200,4.55,4800,0,320400
AXISBANK30JAN20680PE.NFO,07/01/2020,10:15:06,4.45,4.4,9600,4.5,1200,0,320400
AXISBANK30JAN20680PE.NFO,07/01/2020,10:15:11,4.45,4.45,1200,4.5,1200,0,320400
AXISBANK30JAN20680PE.NFO,07/01/2020,10:15:21,4.45,4.4,9600,4.5,3600,0,320400
AXISBANK30JAN20680PE.NFO,07/01/2020,10:15:26,4.45,4.4,1200,4.5,3600,0,320400
AXISBANK30JAN20680PE.NFO,07/01/2020,10:15:32,4.45,4.45,2400,4.5,1200,0,320400
AXISBANK30JAN20680PE.NFO,07/01/2020,10:15:37,4.45,4.45,1200,4.5,1200,0,320400
AXISBANK30JAN20680PE.NFO,07/01/2020,10:15:41,4.55,4.45,4800,4.55,2400,8400,320400
AXISBANK30JAN20680PE.NFO,07/01/2020,10:15:45,4.55,4.45,3600,4.55,2400,0,320400
AXISBANK30JAN20680PE.NFO,07/01/2020,10:15:52,4.55,4.45,3600,4.55,3600,0,320400
AXISBANK30JAN20680PE.NFO,07/01/2020,10:16:02,4.55,4.45,3600,4.55,4800,0,320400
AXISBANK30JAN20680PE.NFO,07/01/2020,10:16:07,4.55,4.45,3600,4.55,2400,0,320400
AXISBANK30JAN20680PE.NFO,07/01/2020,10:16:11,4.55,4.45,10800,4.55,2400,0,320400
AXISBANK30JAN20680PE.NFO,07/01/2020,10:16:35,4.55,4.5,2400,4.55,2400,0,320400
AXISBANK30JAN20680PE.NFO,07/01/2020,10:16:40,4.55,4.5,1200,4.6,10800,0,320400
AXISBANK30JAN20680PE.NFO,07/01/2020,10:16:48,4.55,4.45,10800,4.6,10800,0,320400
AXISBANK30JAN20680PE.NFO,07/01/2020,10:16:52,4.55,4.45,10800,4.6,12000,0,320400
AXISBANK30JAN20680PE.NFO,07/01/2020,10:17:00,4.55,4.45,10800,4.6,10800,0,320400
AXISBANK30JAN20680PE.NFO,07/01/2020,10:17:20,4.55,4.5,4800,4.6,10800,0,320400
AXISBANK30JAN20680PE.NFO,07/01/2020,10:17:28,4.55,4.5,4800,4.6,4800,0,320400
AXISBANK30JAN20680PE.NFO,07/01/2020,10:17:37,4.55,4.5,4800,4.6,3600,0,320400
AXISBANK30JAN20680PE.NFO,07/01/2020,10:17:41,4.55,4.5,4800,4.6,4800,0,320400
AXISBANK30JAN20680PE.NFO,07/01/2020,10:17:49,4.55,4.5,10800,4.6,3600,0,320400
AXISBANK30JAN20680PE.NFO,07/01/2020,10:17:53,4.55,4.5,10800,4.6,4800,0,320400
AXISBANK30JAN20680PE.NFO,07/01/2020,10:18:00,4.55,4.5,31200,4.6,3600,0,320400
AXISBANK30JAN20680PE.NFO,07/01/2020,10:18:04,4.55,4.55,8400,4.6,3600,0,320400
AXISBANK30JAN20680PE.NFO,07/01/2020,10:18:16,4.6,4.55,3600,4.65,1200,6000,327600
AXISBANK30JAN20680PE.NFO,07/01/2020,10:18:20,4.6,4.55,2400,4.65,1200,0,327600
AXISBANK30JAN20680PE.NFO,07/01/2020,10:18:24,4.6,4.5,25200,4.65,10800,0,327600
AXISBANK30JAN20680PE.NFO,07/01/2020,10:18:28,4.6,4.5,28800,4.65,10800,0,327600
AXISBANK30JAN20680PE.NFO,07/01/2020,10:18:32,4.6,4.5,4800,4.6,1200,0,327600
AXISBANK30JAN20680PE.NFO,07/01/2020,10:18:37,4.6,4.5,6000,4.6,1200,0,327600
AXISBANK30JAN20680PE.NFO,07/01/2020,10:18:42,4.6,4.6,2400,4.65,1200,0,327600
AXISBANK30JAN20680PE.NFO,07/01/2020,10:18:47,4.6,4.55,7200,4.65,1200,0,327600
AXISBANK30JAN20680PE.NFO,07/01/2020,10:18:52,4.6,4.55,9600,4.65,1200,0,327600
AXISBANK30JAN20680PE.NFO,07/01/2020,10:18:57,4.6,4.6,6000,4.7,8400,0,327600
AXISBANK30JAN20680PE.NFO,07/01/2020,10:19:02,4.6,4.6,3600,4.7,8400,0,327600
AXISBANK30JAN20680PE.NFO,07/01/2020,10:19:19,4.6,4.55,27600,4.7,12000,0,327600
AXISBANK30JAN20680PE.NFO,07/01/2020,10:19:24,4.6,4.55,15600,4.7,12000,0,327600
AXISBANK30JAN20680PE.NFO,07/01/2020,10:19:29,4.6,4.55,15600,4.7,13200,0,327600
AXISBANK30JAN20680PE.NFO,07/01/2020,10:19:33,4.6,4.55,6000,4.65,2400,0,327600
AXISBANK30JAN20680PE.NFO,07/01/2020,10:19:42,4.6,4.6,3600,4.65,1200,0,327600
AXISBANK30JAN20680PE.NFO,07/01/2020,10:19:51,4.6,4.6,2400,4.65,1200,0,327600
AXISBANK30JAN20680PE.NFO,07/01/2020,10:19:56,4.6,4.6,3600,4.65,1200,0,327600
AXISBANK30JAN20680PE.NFO,07/01/2020,10:20:00,4.6,4.6,2400,4.7,9600,0,327600
AXISBANK30JAN20680PE.NFO,07/01/2020,10:20:05,4.6,4.6,2400,4.7,8400,0,327600
AXISBANK30JAN20680PE.NFO,07/01/2020,10:20:14,4.6,4.6,2400,4.7,9600,0,327600
AXISBANK30JAN20680PE.NFO,07/01/2020,10:20:22,4.6,4.65,2400,4.7,3600,0,327600
AXISBANK30JAN20680PE.NFO,07/01/2020,10:20:30,4.65,4.6,18000,4.7,3600,2400,331200
AXISBANK30JAN20680PE.NFO,07/01/2020,10:20:37,4.65,4.6,3600,4.7,3600,0,331200
AXISBANK30JAN20680PE.NFO,07/01/2020,10:20:41,4.65,4.6,18000,4.7,3600,0,331200
AXISBANK30JAN20680PE.NFO,07/01/2020,10:20:46,4.65,4.6,2400,4.7,3600,0,331200
AXISBANK30JAN20680PE.NFO,07/01/2020,10:20:51,4.65,4.6,2400,4.7,4800,0,331200
AXISBANK30JAN20680PE.NFO,07/01/2020,10:20:57,4.65,4.6,2400,4.65,1200,0,331200
AXISBANK30JAN20680PE.NFO,07/01/2020,10:21:05,4.65,4.55,12000,4.65,1200,0,331200
AXISBANK30JAN20680PE.NFO,07/01/2020,10:21:25,4.65,4.55,24000,4.7,12000,0,331200
AXISBANK30JAN20680PE.NFO,07/01/2020,10:21:29,4.65,4.55,12000,4.65,2400,0,331200
AXISBANK30JAN20680PE.NFO,07/01/2020,10:21:32,4.65,4.55,12000,4.65,3600,0,331200
AXISBANK30JAN20680PE.NFO,07/01/2020,10:21:40,4.65,4.55,6000,4.65,3600,0,331200
AXISBANK30JAN20680PE.NFO,07/01/2020,10:22:00,4.65,4.55,3600,4.65,3600,0,331200
AXISBANK30JAN20680PE.NFO,07/01/2020,10:22:18,4.65,4.5,14400,4.65,4800,0,331200
AXISBANK30JAN20680PE.NFO,07/01/2020,10:22:34,4.65,4.5,14400,4.65,10800,0,331200
AXISBANK30JAN20680PE.NFO,07/01/2020,10:22:38,4.65,4.45,8400,4.65,10800,0,331200
AXISBANK30JAN20680PE.NFO,07/01/2020,10:22:43,4.65,4.45,20400,4.6,1200,0,331200
AXISBANK30JAN20680PE.NFO,07/01/2020,10:22:50,4.65,4.45,3600,4.6,9600,0,331200
AXISBANK30JAN20680PE.NFO,07/01/2020,10:22:55,4.65,4.45,2400,4.6,9600,0,331200
AXISBANK30JAN20680PE.NFO,07/01/2020,10:23:06,4.65,4.4,3600,4.5,4800,0,331200
AXISBANK30JAN20680PE.NFO,07/01/2020,10:23:15,4.4,4.35,2400,4.45,4800,1200,331200
AXISBANK30JAN20680PE.NFO,07/01/2020,10:23:19,4.4,4.35,2400,4.45,4800,0,331200
AXISBANK30JAN20680PE.NFO,07/01/2020,10:23:23,4.4,4.3,7200,4.4,4800,0,331200
AXISBANK30JAN20680PE.NFO,07/01/2020,10:23:33,4.4,4.3,7200,4.4,3600,0,331200
AXISBANK30JAN20680PE.NFO,07/01/2020,10:23:45,4.4,4.3,1200,4.4,3600,0,331200
AXISBANK30JAN20680PE.NFO,07/01/2020,10:23:54,4.4,4.3,9600,4.4,2400,0,331200
AXISBANK30JAN20680PE.NFO,07/01/2020,10:23:58,4.4,4.3,7200,4.4,1200,0,331200
AXISBANK30JAN20680PE.NFO,07/01/2020,10:24:02,4.4,4.3,1200,4.4,2400,0,331200
AXISBANK30JAN20680PE.NFO,07/01/2020,10:24:06,4.4,4.25,16800,4.35,1200,0,331200
AXISBANK30JAN20680PE.NFO,07/01/2020,10:24:10,4.4,4.25,15600,4.35,1200,0,331200
AXISBANK30JAN20680PE.NFO,07/01/2020,10:24:14,4.4,4.25,16800,4.35,1200,0,331200
AXISBANK30JAN20680PE.NFO,07/01/2020,10:25:04,4.4,4.25,14400,4.35,1200,0,331200
AXISBANK30JAN20680PE.NFO,07/01/2020,10:25:11,4.4,4.25,15600,4.35,1200,0,331200
AXISBANK30JAN20680PE.NFO,07/01/2020,10:25:19,4.35,4.3,12000,4.45,9600,1200,331200
AXISBANK30JAN20680PE.NFO,07/01/2020,10:25:24,4.35,4.3,13200,4.45,8400,0,331200
AXISBANK30JAN20680PE.NFO,07/01/2020,10:25:33,4.35,4.3,13200,4.45,2400,0,331200
AXISBANK30JAN20680PE.NFO,07/01/2020,10:25:39,4.35,4.3,25200,4.45,1200,0,331200
AXISBANK30JAN20680PE.NFO,07/01/2020,10:25:45,4.35,4.3,13200,4.45,2400,0,331200
AXISBANK30JAN20680PE.NFO,07/01/2020,10:26:11,4.35,4.3,10800,4.4,3600,0,331200
AXISBANK30JAN20680PE.NFO,07/01/2020,10:26:39,4.35,4.3,13200,4.4,3600,0,331200
AXISBANK30JAN20680PE.NFO,07/01/2020,10:26:49,4.35,4.3,12000,4.4,3600,0,331200
AXISBANK30JAN20680PE.NFO,07/01/2020,10:26:56,4.35,4.3,10800,4.4,3600,0,331200
AXISBANK30JAN20680PE.NFO,07/01/2020,10:26:59,4.35,4.3,13200,4.4,3600,0,331200
AXISBANK30JAN20680PE.NFO,07/01/2020,10:27:03,4.35,4.3,12000,4.4,2400,0,331200
AXISBANK30JAN20680PE.NFO,07/01/2020,10:27:22,4.4,4.3,13200,4.4,1200,1200,331200
AXISBANK30JAN20680PE.NFO,07/01/2020,10:27:30,4.4,4.3,13200,4.4,1200,0,331200
AXISBANK30JAN20680PE.NFO,07/01/2020,10:27:44,4.4,4.3,12000,4.4,1200,0,331200
AXISBANK30JAN20680PE.NFO,07/01/2020,10:27:54,4.4,4.3,13200,4.45,9600,0,331200
AXISBANK30JAN20680PE.NFO,07/01/2020,10:28:12,4.4,4.4,1200,4.45,1200,0,331200
AXISBANK30JAN20680PE.NFO,07/01/2020,10:28:28,4.4,4.3,13200,4.45,2400,0,331200
AXISBANK30JAN20680PE.NFO,07/01/2020,10:28:53,4.4,4.35,9600,4.45,2400,0,331200
AXISBANK30JAN20680PE.NFO,07/01/2020,10:29:10,4.4,4.35,7200,4.45,2400,0,331200
AXISBANK30JAN20680PE.NFO,07/01/2020,10:29:12,4.4,4.3,8400,4.45,3600,0,331200
AXISBANK30JAN20680PE.NFO,07/01/2020,10:29:15,4.4,4.3,9600,4.45,3600,0,331200
AXISBANK30JAN20680PE.NFO,07/01/2020,10:29:18,4.4,4.35,2400,4.45,2400,0,331200
AXISBANK30JAN20680PE.NFO,07/01/2020,10:29:20,4.4,4.35,1200,4.45,2400,0,331200
AXISBANK30JAN20680PE.NFO,07/01/2020,10:29:31,4.4,4.35,2400,4.45,2400,0,331200
AXISBANK30JAN20680PE.NFO,07/01/2020,10:29:34,4.4,4.3,8400,4.45,3600,0,331200
AXISBANK30JAN20680PE.NFO,07/01/2020,10:29:38,4.4,4.3,8400,4.45,9600,0,331200
AXISBANK30JAN20680PE.NFO,07/01/2020,10:29:45,4.4,4.3,2400,4.4,2400,0,331200
AXISBANK30JAN20680PE.NFO,07/01/2020,10:30:04,4.4,4.25,10800,4.4,3600,0,331200
AXISBANK30JAN20680PE.NFO,07/01/2020,10:30:13,4.4,4.25,12000,4.4,3600,0,331200
AXISBANK30JAN20680PE.NFO,07/01/2020,10:30:17,4.4,4.25,10800,4.4,9600,0,331200
AXISBANK30JAN20680PE.NFO,07/01/2020,10:30:29,4.4,4.25,3600,4.4,9600,0,331200
AXISBANK30JAN20680PE.NFO,07/01/2020,10:30:36,4.4,4.25,1200,4.4,9600,0,331200
AXISBANK30JAN20680PE.NFO,07/01/2020,10:30:51,4.4,4.25,8400,4.4,9600,0,331200
AXISBANK30JAN20680PE.NFO,07/01/2020,10:31:34,4.4,4.25,8400,4.35,1200,0,331200
AXISBANK30JAN20680PE.NFO,07/01/2020,10:31:38,4.4,4.3,1200,4.4,2400,0,331200
AXISBANK30JAN20680PE.NFO,07/01/2020,10:31:54,4.4,4.3,3600,4.45,9600,0,331200
AXISBANK30JAN20680PE.NFO,07/01/2020,10:32:01,4.4,4.3,3600,4.45,8400,0,331200
AXISBANK30JAN20680PE.NFO,07/01/2020,10:32:14,4.4,4.35,2400,4.45,1200,0,331200
AXISBANK30JAN20680PE.NFO,07/01/2020,10:32:23,4.4,4.35,9600,4.5,12000,0,331200
AXISBANK30JAN20680PE.NFO,07/01/2020,10:32:28,4.4,4.35,8400,4.5,12000,0,331200
AXISBANK30JAN20680PE.NFO,07/01/2020,10:32:36,4.4,4.4,1200,4.5,10800,0,331200
AXISBANK30JAN20680PE.NFO,07/01/2020,10:32:44,4.4,4.35,8400,4.5,12000,0,331200
AXISBANK30JAN20680PE.NFO,07/01/2020,10:32:47,4.4,4.4,1200,4.5,9600,0,331200
AXISBANK30JAN20680PE.NFO,07/01/2020,10:32:50,4.4,4.35,8400,4.5,10800,0,331200
AXISBANK30JAN20680PE.NFO,07/01/2020,10:33:18,4.4,4.35,8400,4.45,2400,0,331200
AXISBANK30JAN20680PE.NFO,07/01/2020,10:33:33,4.4,4.35,8400,4.5,9600,0,331200
AXISBANK30JAN20680PE.NFO,07/01/2020,10:33:36,4.4,4.35,8400,4.5,10800,0,331200
AXISBANK30JAN20680PE.NFO,07/01/2020,10:33:56,4.4,4.35,9600,4.5,3600,0,331200
AXISBANK30JAN20680PE.NFO,07/01/2020,10:34:05,4.4,4.4,9600,4.5,2400,0,331200
AXISBANK30JAN20680PE.NFO,07/01/2020,10:34:19,4.4,4.4,21600,4.5,2400,0,331200
AXISBANK30JAN20680PE.NFO,07/01/2020,10:34:22,4.4,4.4,7200,4.5,2400,0,331200
AXISBANK30JAN20680PE.NFO,07/01/2020,10:34:26,4.4,4.35,9600,4.5,2400,0,331200
AXISBANK30JAN20680PE.NFO,07/01/2020,10:34:29,4.4,4.4,2400,4.5,2400,0,331200
AXISBANK30JAN20680PE.NFO,07/01/2020,10:34:32,4.4,4.35,9600,4.5,3600,0,331200
AXISBANK30JAN20680PE.NFO,07/01/2020,10:34:34,4.4,4.4,1200,4.5,3600,0,331200
AXISBANK30JAN20680PE.NFO,07/01/2020,10:34:40,4.4,4.35,8400,4.45,2400,0,331200
AXISBANK30JAN20680PE.NFO,07/01/2020,10:35:00,4.4,4.35,8400,4.45,1200,0,331200
AXISBANK30JAN20680PE.NFO,07/01/2020,10:35:03,4.4,4.35,8400,4.45,2400,0,331200
AXISBANK30JAN20680PE.NFO,07/01/2020,10:35:06,4.4,4.35,8400,4.45,1200,0,331200
AXISBANK30JAN20680PE.NFO,07/01/2020,10:35:11,4.4,4.35,8400,4.45,2400,0,331200
AXISBANK30JAN20680PE.NFO,07/01/2020,10:35:17,4.4,4.35,7200,4.45,2400,0,331200
AXISBANK30JAN20680PE.NFO,07/01/2020,10:35:19,4.4,4.35,1200,4.45,2400,0,331200
AXISBANK30JAN20680PE.NFO,07/01/2020,10:35:29,4.4,4.3,9600,4.45,3600,0,331200
AXISBANK30JAN20680PE.NFO,07/01/2020,10:35:36,4.4,4.3,10800,4.45,3600,0,331200
AXISBANK30JAN20680PE.NFO,07/01/2020,10:35:59,4.4,4.3,10800,4.45,2400,0,331200
AXISBANK30JAN20680PE.NFO,07/01/2020,10:36:01,4.4,4.3,10800,4.45,3600,0,331200
AXISBANK30JAN20680PE.NFO,07/01/2020,10:36:04,4.4,4.35,9600,4.5,10800,0,331200
AXISBANK30JAN20680PE.NFO,07/01/2020,10:36:26,4.4,4.35,10800,4.5,3600,0,331200
AXISBANK30JAN20680PE.NFO,07/01/2020,10:36:29,4.4,4.4,3600,4.5,3600,0,331200
AXISBANK30JAN20680PE.NFO,07/01/2020,10:37:05,4.4,4.4,2400,4.5,3600,0,331200
AXISBANK30JAN20680PE.NFO,07/01/2020,10:37:08,4.4,4.4,1200,4.5,3600,0,331200
AXISBANK30JAN20680PE.NFO,07/01/2020,10:37:23,4.4,4.35,8400,4.45,2400,0,331200
AXISBANK30JAN20680PE.NFO,07/01/2020,10:37:40,4.4,4.35,8400,4.45,1200,0,331200
AXISBANK30JAN20680PE.NFO,07/01/2020,10:37:47,4.4,4.35,8400,4.45,2400,0,331200
AXISBANK30JAN20680PE.NFO,07/01/2020,10:37:56,4.4,4.35,1200,4.45,2400,0,331200
AXISBANK30JAN20680PE.NFO,07/01/2020,10:38:03,4.4,4.3,8400,4.45,2400,0,331200
AXISBANK30JAN20680PE.NFO,07/01/2020,10:38:06,4.4,4.3,8400,4.45,9600,0,331200
AXISBANK30JAN20680PE.NFO,07/01/2020,10:38:47,4.4,4.3,8400,4.4,1200,0,331200
AXISBANK30JAN20680PE.NFO,07/01/2020,10:38:50,4.4,4.3,8400,4.45,9600,0,331200
AXISBANK30JAN20680PE.NFO,07/01/2020,10:39:00,4.4,4.3,8400,4.4,2400,0,331200
AXISBANK30JAN20680PE.NFO,07/01/2020,10:39:07,4.4,4.3,8400,4.4,1200,0,331200
AXISBANK30JAN20680PE.NFO,07/01/2020,10:39:10,4.4,4.3,8400,4.45,9600,0,331200
AXISBANK30JAN20680PE.NFO,07/01/2020,10:39:13,4.4,4.3,8400,4.4,1200,0,331200
AXISBANK30JAN20680PE.NFO,07/01/2020,10:39:17,4.4,4.3,9600,4.45,9600,0,331200
AXISBANK30JAN20680PE.NFO,07/01/2020,10:39:22,4.4,4.3,8400,4.45,8400,0,331200
AXISBANK30JAN20680PE.NFO,07/01/2020,10:39:26,4.4,4.3,8400,4.4,1200,0,331200
AXISBANK30JAN20680PE.NFO,07/01/2020,10:39:35,4.4,4.3,8400,4.45,9600,0,331200
AXISBANK30JAN20680PE.NFO,07/01/2020,10:39:44,4.4,4.3,21600,4.45,8400,0,331200
AXISBANK30JAN20680PE.NFO,07/01/2020,10:39:47,4.4,4.35,1200,4.45,8400,0,331200
AXISBANK30JAN20680PE.NFO,07/01/2020,10:39:50,4.4,4.35,1200,4.45,2400,0,331200
AXISBANK30JAN20680PE.NFO,07/01/2020,10:39:53,4.4,4.35,2400,4.45,2400,0,331200
AXISBANK30JAN20680PE.NFO,07/01/2020,10:40:05,4.4,4.35,1200,4.45,2400,0,331200
AXISBANK30JAN20680PE.NFO,07/01/2020,10:40:08,4.4,4.3,8400,4.4,1200,0,331200
AXISBANK30JAN20680PE.NFO,07/01/2020,10:40:15,4.4,4.3,8400,4.45,9600,0,331200
AXISBANK30JAN20680PE.NFO,07/01/2020,10:40:17,4.4,4.3,8400,4.4,1200,0,331200
AXISBANK30JAN20680PE.NFO,07/01/2020,10:40:54,4.4,4.3,8400,4.4,2400,0,331200
AXISBANK30JAN20680PE.NFO,07/01/2020,10:41:07,4.4,4.3,8400,4.4,1200,0,331200
AXISBANK30JAN20680PE.NFO,07/01/2020,10:41:34,4.4,4.3,8400,4.4,2400,0,331200
AXISBANK30JAN20680PE.NFO,07/01/2020,10:41:40,4.4,4.3,7200,4.4,2400,0,331200
AXISBANK30JAN20680PE.NFO,07/01/2020,10:41:52,4.3,4.25,9600,4.4,8400,1200,332400
AXISBANK30JAN20680PE.NFO,07/01/2020,10:41:55,4.3,4.25,9600,4.4,8400,0,332400
AXISBANK30JAN20680PE.NFO,07/01/2020,10:42:08,4.3,4.3,1200,4.4,8400,0,332400
AXISBANK30JAN20680PE.NFO,07/01/2020,10:42:35,4.3,4.3,12000,4.45,8400,0,332400
AXISBANK30JAN20680PE.NFO,07/01/2020,10:42:39,4.3,4.35,3600,4.45,8400,0,332400
AXISBANK30JAN20680PE.NFO,07/01/2020,10:42:42,4.3,4.35,1200,4.45,8400,0,332400
AXISBANK30JAN20680PE.NFO,07/01/2020,10:43:15,4.3,4.35,3600,4.45,7200,0,332400
AXISBANK30JAN20680PE.NFO,07/01/2020,10:43:23,4.3,4.4,1200,4.45,6000,0,332400
AXISBANK30JAN20680PE.NFO,07/01/2020,10:43:26,4.3,4.35,3600,4.45,7200,0,332400
AXISBANK30JAN20680PE.NFO,07/01/2020,10:43:37,4.3,4.4,1200,4.45,6000,0,332400
AXISBANK30JAN20680PE.NFO,07/01/2020,10:43:41,4.3,4.35,3600,4.5,12000,0,332400
AXISBANK30JAN20680PE.NFO,07/01/2020,10:43:56,4.3,4.35,2400,4.5,10800,0,332400
AXISBANK30JAN20680PE.NFO,07/01/2020,10:44:29,4.3,4.4,1200,4.5,10800,0,332400
AXISBANK30JAN20680PE.NFO,07/01/2020,10:44:32,4.3,4.35,3600,4.5,10800,0,332400
AXISBANK30JAN20680PE.NFO,07/01/2020,10:44:58,4.3,4.4,1200,4.5,10800,0,332400
AXISBANK30JAN20680PE.NFO,07/01/2020,10:45:02,4.3,4.35,4800,4.5,12000,0,332400
AXISBANK30JAN20680PE.NFO,07/01/2020,10:45:15,4.3,4.35,2400,4.5,12000,0,332400
AXISBANK30JAN20680PE.NFO,07/01/2020,10:45:19,4.3,4.35,1200,4.5,12000,0,332400
AXISBANK30JAN20680PE.NFO,07/01/2020,10:46:14,4.3,4.35,2400,4.5,12000,0,332400
AXISBANK30JAN20680PE.NFO,07/01/2020,10:46:19,4.3,4.35,1200,4.5,12000,0,332400
AXISBANK30JAN20680PE.NFO,07/01/2020,10:46:36,4.3,4.3,10800,4.5,12000,0,332400
AXISBANK30JAN20680PE.NFO,07/01/2020,10:46:41,4.3,4.35,1200,4.5,12000,0,332400
AXISBANK30JAN20680PE.NFO,07/01/2020,10:46:55,4.3,4.35,2400,4.5,12000,0,332400
AXISBANK30JAN20680PE.NFO,07/01/2020,10:48:17,4.3,4.35,3600,4.5,12000,0,332400
AXISBANK30JAN20680PE.NFO,07/01/2020,10:48:21,4.3,4.35,1200,4.5,12000,0,332400
AXISBANK30JAN20680PE.NFO,07/01/2020,10:48:25,4.3,4.35,2400,4.5,12000,0,332400
AXISBANK30JAN20680PE.NFO,07/01/2020,10:48:29,4.3,4.35,3600,4.5,12000,0,332400
AXISBANK30JAN20680PE.NFO,07/01/2020,10:48:38,4.3,4.4,1200,4.5,9600,0,332400
AXISBANK30JAN20680PE.NFO,07/01/2020,10:49:16,4.3,4.35,9600,4.5,9600,0,332400
AXISBANK30JAN20680PE.NFO,07/01/2020,10:49:19,4.3,4.4,1200,4.5,9600,0,332400
AXISBANK30JAN20680PE.NFO,07/01/2020,10:49:22,4.3,4.4,1200,4.5,2400,0,332400
AXISBANK30JAN20680PE.NFO,07/01/2020,10:49:35,4.3,4.4,14400,4.5,2400,0,332400
AXISBANK30JAN20680PE.NFO,07/01/2020,10:49:39,4.3,4.45,1200,4.5,2400,0,332400
AXISBANK30JAN20680PE.NFO,07/01/2020,10:49:43,4.5,4.45,2400,4.5,1200,1200,333600
AXISBANK30JAN20680PE.NFO,07/01/2020,10:49:47,4.5,4.45,2400,4.55,10800,1200,333600
AXISBANK30JAN20680PE.NFO,07/01/2020,10:49:51,4.5,4.5,1200,4.55,10800,0,333600
AXISBANK30JAN20680PE.NFO,07/01/2020,10:50:01,4.55,4.45,3600,4.6,10800,1200,333600
AXISBANK30JAN20680PE.NFO,07/01/2020,10:50:07,4.55,4.45,4800,4.6,9600,0,333600
AXISBANK30JAN20680PE.NFO,07/01/2020,10:50:18,4.55,4.45,1200,4.6,9600,0,333600
AXISBANK30JAN20680PE.NFO,07/01/2020,10:50:24,4.55,4.45,3600,4.6,9600,0,333600
AXISBANK30JAN20680PE.NFO,07/01/2020,10:50:31,4.55,4.45,4800,4.6,9600,0,333600
AXISBANK30JAN20680PE.NFO,07/01/2020,10:50:54,4.55,4.5,1200,4.6,9600,0,333600
AXISBANK30JAN20680PE.NFO,07/01/2020,10:51:10,4.55,4.5,2400,4.6,9600,0,333600
AXISBANK30JAN20680PE.NFO,07/01/2020,10:51:27,4.65,4.6,1200,4.75,12000,1200,332400
AXISBANK30JAN20680PE.NFO,07/01/2020,10:51:34,4.65,4.6,1200,4.75,12000,0,332400
AXISBANK30JAN20680PE.NFO,07/01/2020,10:51:37,4.65,4.6,2400,4.75,12000,0,332400
AXISBANK30JAN20680PE.NFO,07/01/2020,10:51:54,4.65,4.6,9600,4.75,10800,0,332400
AXISBANK30JAN20680PE.NFO,07/01/2020,10:51:59,4.7,4.65,6000,4.8,10800,1200,332400
AXISBANK30JAN20680PE.NFO,07/01/2020,10:52:04,4.7,4.65,7200,4.8,9600,0,332400
AXISBANK30JAN20680PE.NFO,07/01/2020,10:52:14,4.7,4.6,8400,4.75,9600,0,332400
AXISBANK30JAN20680PE.NFO,07/01/2020,10:52:18,4.7,4.55,15600,4.75,10800,0,332400
AXISBANK30JAN20680PE.NFO,07/01/2020,10:52:23,4.7,4.55,9600,4.75,10800,0,332400
AXISBANK30JAN20680PE.NFO,07/01/2020,10:52:29,4.7,4.6,8400,4.75,10800,0,332400
AXISBANK30JAN20680PE.NFO,07/01/2020,10:52:34,4.7,4.6,8400,4.7,2400,0,332400
AXISBANK30JAN20680PE.NFO,07/01/2020,10:52:56,4.7,4.6,14400,4.75,8400,0,332400
AXISBANK30JAN20680PE.NFO,07/01/2020,10:53:00,4.7,4.6,14400,4.7,2400,0,332400
AXISBANK30JAN20680PE.NFO,07/01/2020,10:53:12,4.7,4.6,14400,4.75,9600,0,332400
AXISBANK30JAN20680PE.NFO,07/01/2020,10:53:18,4.7,4.6,15600,4.75,9600,0,332400
AXISBANK30JAN20680PE.NFO,07/01/2020,10:53:23,4.7,4.6,27600,4.75,8400,0,332400
AXISBANK30JAN20680PE.NFO,07/01/2020,10:53:33,4.7,4.6,15600,4.75,9600,0,332400
AXISBANK30JAN20680PE.NFO,07/01/2020,10:53:49,4.7,4.6,15600,4.7,1200,0,332400
AXISBANK30JAN20680PE.NFO,07/01/2020,10:54:01,4.7,4.6,9600,4.75,10800,0,332400
AXISBANK30JAN20680PE.NFO,07/01/2020,10:54:17,4.7,4.6,21600,4.75,9600,0,332400
AXISBANK30JAN20680PE.NFO,07/01/2020,10:54:23,4.7,4.6,9600,4.7,1200,0,332400
AXISBANK30JAN20680PE.NFO,07/01/2020,10:54:28,4.7,4.65,6000,4.75,1200,0,332400
AXISBANK30JAN20680PE.NFO,07/01/2020,10:54:33,4.7,4.65,4800,4.75,1200,0,332400
AXISBANK30JAN20680PE.NFO,07/01/2020,10:54:44,4.7,4.65,3600,4.75,8400,0,332400
AXISBANK30JAN20680PE.NFO,07/01/2020,10:54:48,4.7,4.65,6000,4.75,8400,0,332400
AXISBANK30JAN20680PE.NFO,07/01/2020,10:54:53,4.65,4.6,3600,4.7,2400,3600,333600
AXISBANK30JAN20680PE.NFO,07/01/2020,10:54:58,4.65,4.6,3600,4.7,2400,0,333600
AXISBANK30JAN20680PE.NFO,07/01/2020,10:55:02,4.65,4.6,3600,4.75,9600,0,333600
AXISBANK30JAN20680PE.NFO,07/01/2020,10:55:17,4.65,4.6,3600,4.7,2400,0,333600
AXISBANK30JAN20680PE.NFO,07/01/2020,10:55:31,4.65,4.6,1200,4.7,2400,0,333600
AXISBANK30JAN20680PE.NFO,07/01/2020,10:55:36,4.6,4.5,13200,4.65,7200,1200,333600
AXISBANK30JAN20680PE.NFO,07/01/2020,10:55:42,4.6,4.5,1200,4.65,10800,0,333600
AXISBANK30JAN20680PE.NFO,07/01/2020,10:55:47,4.6,4.5,6000,4.55,1200,0,333600
AXISBANK30JAN20680PE.NFO,07/01/2020,10:56:00,4.6,4.45,26400,4.55,1200,0,333600
AXISBANK30JAN20680PE.NFO,07/01/2020,10:56:09,4.6,4.45,14400,4.55,1200,0,333600
AXISBANK30JAN20680PE.NFO,07/01/2020,10:56:14,4.6,4.45,26400,4.55,1200,0,333600
AXISBANK30JAN20680PE.NFO,07/01/2020,10:56:24,4.6,4.45,27600,4.55,1200,0,333600
AXISBANK30JAN20680PE.NFO,07/01/2020,10:56:28,4.6,4.5,18000,4.6,1200,0,333600
AXISBANK30JAN20680PE.NFO,07/01/2020,10:56:33,4.6,4.5,25200,4.65,8400,0,333600
AXISBANK30JAN20680PE.NFO,07/01/2020,10:56:39,4.6,4.55,15600,4.65,8400,0,333600
AXISBANK30JAN20680PE.NFO,07/01/2020,10:56:43,4.6,4.55,3600,4.65,9600,0,333600
AXISBANK30JAN20680PE.NFO,07/01/2020,10:56:50,4.6,4.55,16800,4.65,8400,0,333600
AXISBANK30JAN20680PE.NFO,07/01/2020,10:56:55,4.6,4.6,12000,4.7,9600,0,333600
AXISBANK30JAN20680PE.NFO,07/01/2020,10:57:00,4.6,4.6,7200,4.7,2400,0,333600
AXISBANK30JAN20680PE.NFO,07/01/2020,10:57:12,4.6,4.6,20400,4.7,1200,0,333600
AXISBANK30JAN20680PE.NFO,07/01/2020,10:57:18,4.6,4.65,4800,4.75,3600,0,333600
AXISBANK30JAN20680PE.NFO,07/01/2020,10:57:25,4.6,4.6,10800,4.7,1200,0,333600
AXISBANK30JAN20680PE.NFO,07/01/2020,10:57:32,4.6,4.55,26400,4.7,3600,0,333600
AXISBANK30JAN20680PE.NFO,07/01/2020,10:57:48,4.6,4.6,13200,4.7,2400,0,333600
AXISBANK30JAN20680PE.NFO,07/01/2020,10:58:01,4.6,4.6,25200,4.75,2400,0,333600
AXISBANK30JAN20680PE.NFO,07/01/2020,10:58:11,4.6,4.7,3600,4.75,1200,0,333600
AXISBANK30JAN20680PE.NFO,07/01/2020,10:58:15,4.6,4.7,3600,4.8,3600,0,333600
AXISBANK30JAN20680PE.NFO,07/01/2020,10:58:20,4.6,4.7,3600,4.8,2400,0,333600
AXISBANK30JAN20680PE.NFO,07/01/2020,10:58:25,4.95,4.9,4800,5,8400,13200,334800
AXISBANK30JAN20680PE.NFO,07/01/2020,10:58:30,4.95,4.8,9600,4.95,7200,0,334800
AXISBANK30JAN20680PE.NFO,07/01/2020,10:58:35,4.95,4.8,12000,5,14400,0,334800
AXISBANK30JAN20680PE.NFO,07/01/2020,10:58:40,4.9,4.85,12000,5,2400,3600,334800
AXISBANK30JAN20680PE.NFO,07/01/2020,10:58:45,4.9,4.9,12000,5.05,2400,0,334800
AXISBANK30JAN20680PE.NFO,07/01/2020,10:58:56,4.9,4.9,10800,5.05,9600,0,334800
AXISBANK30JAN20680PE.NFO,07/01/2020,10:59:01,4.9,4.9,10800,5,1200,0,334800
AXISBANK30JAN20680PE.NFO,07/01/2020,10:59:13,4.9,4.9,12000,5.05,2400,0,334800
AXISBANK30JAN20680PE.NFO,07/01/2020,10:59:18,4.9,4.95,15600,5.1,9600,0,334800
AXISBANK30JAN20680PE.NFO,07/01/2020,10:59:24,4.9,4.95,13200,5.1,9600,0,334800
AXISBANK30JAN20680PE.NFO,07/01/2020,10:59:34,4.9,4.95,6000,5.1,10800,0,334800
AXISBANK30JAN20680PE.NFO,07/01/2020,10:59:45,4.9,4.95,7200,5.1,2400,0,334800
AXISBANK30JAN20680PE.NFO,07/01/2020,10:59:50,5.1,5.15,1200,5.3,12000,2400,346800
AXISBANK30JAN20680PE.NFO,07/01/2020,10:59:55,5.1,5.1,13200,5.3,13200,0,346800
AXISBANK30JAN20680PE.NFO,07/01/2020,11:00:07,5.1,5.25,12000,5.4,7200,0,346800
AXISBANK30JAN20680PE.NFO,07/01/2020,11:00:13,5.1,5.3,13200,5.5,10800,0,346800
AXISBANK30JAN20680PE.NFO,07/01/2020,11:00:19,5.5,5.45,7200,5.65,15600,22800,346800
AXISBANK30JAN20680PE.NFO,07/01/2020,11:00:25,5.5,5.5,1200,5.65,14400,0,346800
AXISBANK30JAN20680PE.NFO,07/01/2020,11:00:32,5.5,5.55,8400,5.75,14400,0,346800
AXISBANK30JAN20680PE.NFO,07/01/2020,11:00:39,5.5,5.6,1200,5.75,14400,0,346800
AXISBANK30JAN20680PE.NFO,07/01/2020,11:00:45,5.5,5.65,1200,5.75,1200,0,346800
AXISBANK30JAN20680PE.NFO,07/01/2020,11:00:51,5.75,5.65,12000,5.75,1200,1200,346800
AXISBANK30JAN20680PE.NFO,07/01/2020,11:00:58,5.85,5.8,2400,6,14400,4800,346800
AXISBANK30JAN20680PE.NFO,07/01/2020,11:01:05,6.05,5.95,1200,6.1,6000,4800,346800
AXISBANK30JAN20680PE.NFO,07/01/2020,11:01:13,6.05,5.85,3600,6.05,9600,0,346800
AXISBANK30JAN20680PE.NFO,07/01/2020,11:01:20,6.05,5.9,7200,6.05,7200,0,346800
AXISBANK30JAN20680PE.NFO,07/01/2020,11:01:26,6.05,6,10800,6.2,9600,0,346800
AXISBANK30JAN20680PE.NFO,07/01/2020,11:01:33,6.05,6,2400,6.1,7200,0,346800
AXISBANK30JAN20680PE.NFO,07/01/2020,11:01:40,6.05,5.95,7200,6.1,6000,0,346800
AXISBANK30JAN20680PE.NFO,07/01/2020,11:01:47,5.95,5.9,12000,6.1,6000,1200,346800
AXISBANK30JAN20680PE.NFO,07/01/2020,11:01:55,5.95,5.9,3600,6,3600,0,346800
AXISBANK30JAN20680PE.NFO,07/01/2020,11:02:02,5.85,5.8,6000,5.95,8400,1200,346800
AXISBANK30JAN20680PE.NFO,07/01/2020,11:02:08,5.85,5.75,2400,5.9,9600,0,346800
AXISBANK30JAN20680PE.NFO,07/01/2020,11:02:15,5.85,5.75,3600,5.9,9600,0,346800
AXISBANK30JAN20680PE.NFO,07/01/2020,11:02:21,5.85,5.7,9600,5.85,8400,0,346800
AXISBANK30JAN20680PE.NFO,07/01/2020,11:02:27,5.85,5.75,6000,5.85,1200,0,346800
AXISBANK30JAN20680PE.NFO,07/01/2020,11:02:34,5.85,5.8,1200,5.9,6000,0,346800
AXISBANK30JAN20680PE.NFO,07/01/2020,11:02:40,5.85,5.7,7200,5.85,7200,0,346800
AXISBANK30JAN20680PE.NFO,07/01/2020,11:02:45,5.85,5.75,13200,5.9,6000,0,346800
AXISBANK30JAN20680PE.NFO,07/01/2020,11:02:50,5.85,5.85,8400,6,7200,0,346800
AXISBANK30JAN20680PE.NFO,07/01/2020,11:02:57,5.85,5.85,8400,6,9600,0,346800
AXISBANK30JAN20680PE.NFO,07/01/2020,11:03:03,5.85,5.9,6000,6.05,6000,0,346800
AXISBANK30JAN20680PE.NFO,07/01/2020,11:03:08,5.85,5.9,13200,6.1,1200,0,346800
AXISBANK30JAN20680PE.NFO,07/01/2020,11:03:15,5.85,6,7200,6.15,7200,0,346800
AXISBANK30JAN20680PE.NFO,07/01/2020,11:03:20,5.85,6,12000,6.15,1200,0,346800
AXISBANK30JAN20680PE.NFO,07/01/2020,11:03:25,5.85,6,6000,6.1,1200,0,346800
AXISBANK30JAN20680PE.NFO,07/01/2020,11:03:35,5.85,6.05,2400,6.2,8400,0,346800
AXISBANK30JAN20680PE.NFO,07/01/2020,11:03:42,5.85,5.95,8400,6.15,9600,0,346800
AXISBANK30JAN20680PE.NFO,07/01/2020,11:03:55,5.85,6,13200,6.2,7200,0,346800
AXISBANK30JAN20680PE.NFO,07/01/2020,11:04:00,5.85,6,7200,6.15,8400,0,346800
AXISBANK30JAN20680PE.NFO,07/01/2020,11:04:06,6.2,6.1,3600,6.2,1200,2400,369600
AXISBANK30JAN20680PE.NFO,07/01/2020,11:04:12,6.2,6.05,4800,6.2,7200,0,369600
AXISBANK30JAN20680PE.NFO,07/01/2020,11:04:18,6.2,6.1,6000,6.25,13200,0,369600
AXISBANK30JAN20680PE.NFO,07/01/2020,11:04:24,6.2,6.05,6000,6.2,8400,0,369600
AXISBANK30JAN20680PE.NFO,07/01/2020,11:04:29,6.2,6.1,4800,6.3,13200,0,369600
AXISBANK30JAN20680PE.NFO,07/01/2020,11:04:35,6.45,6.3,10800,6.5,8400,1200,369600
AXISBANK30JAN20680PE.NFO,07/01/2020,11:04:35,6.45,6.3,10800,6.5,8400,0,369600
AXISBANK30JAN20680PE.NFO,07/01/2020,11:04:41,6.45,6.3,10800,6.5,8400,0,369600
AXISBANK30JAN20680PE.NFO,07/01/2020,11:04:53,6.45,6.25,7200,6.4,10800,0,369600
AXISBANK30JAN20680PE.NFO,07/01/2020,11:04:58,6.45,6.3,4800,6.4,8400,0,369600
AXISBANK30JAN20680PE.NFO,07/01/2020,11:05:04,6.45,6.3,6000,6.45,6000,0,369600
AXISBANK30JAN20680PE.NFO,07/01/2020,11:05:10,6.45,6.3,6000,6.45,7200,0,369600
AXISBANK30JAN20680PE.NFO,07/01/2020,11:05:15,6.45,6.2,12000,6.35,1200,0,369600
AXISBANK30JAN20680PE.NFO,07/01/2020,11:05:21,6.45,6.2,9600,6.35,8400,0,369600
AXISBANK30JAN20680PE.NFO,07/01/2020,11:05:26,6.45,6.2,10800,6.35,2400,0,369600
AXISBANK30JAN20680PE.NFO,07/01/2020,11:05:31,6.45,6.15,8400,6.3,9600,0,369600
AXISBANK30JAN20680PE.NFO,07/01/2020,11:05:37,6.45,6.1,12000,6.3,8400,0,369600
AXISBANK30JAN20680PE.NFO,07/01/2020,11:05:42,6.45,6.1,2400,6.3,8400,0,369600
AXISBANK30JAN20680PE.NFO,07/01/2020,11:05:47,6.45,6.05,8400,6.2,9600,0,369600
AXISBANK30JAN20680PE.NFO,07/01/2020,11:05:53,6.45,6.05,3600,6.15,3600,0,369600
AXISBANK30JAN20680PE.NFO,07/01/2020,11:06:04,6.05,5.95,8400,6.05,1200,4800,373200
AXISBANK30JAN20680PE.NFO,07/01/2020,11:06:11,6.05,5.9,9600,6.05,6000,0,373200
AXISBANK30JAN20680PE.NFO,07/01/2020,11:06:18,6,5.9,13200,6.05,1200,1200,373200
AXISBANK30JAN20680PE.NFO,07/01/2020,11:06:25,6,5.95,1200,6.05,7200,0,373200
AXISBANK30JAN20680PE.NFO,07/01/2020,11:06:31,6,5.95,1200,6.1,9600,0,373200
AXISBANK30JAN20680PE.NFO,07/01/2020,11:06:44,6.1,6,14400,6.2,10800,1200,373200
AXISBANK30JAN20680PE.NFO,07/01/2020,11:06:50,6.1,6,14400,6.2,1200,0,373200
AXISBANK30JAN20680PE.NFO,07/01/2020,11:06:55,6.1,6,14400,6.2,8400,0,373200
AXISBANK30JAN20680PE.NFO,07/01/2020,11:07:06,6.1,6.1,1200,6.25,14400,0,373200
AXISBANK30JAN20680PE.NFO,07/01/2020,11:07:11,6.1,6.05,9600,6.2,3600,1200,373200
AXISBANK30JAN20680PE.NFO,07/01/2020,11:07:16,6.1,6.05,9600,6.25,4800,0,373200
AXISBANK30JAN20680PE.NFO,07/01/2020,11:07:21,6.1,6.05,9600,6.2,2400,0,373200
AXISBANK30JAN20680PE.NFO,07/01/2020,11:07:26,6.1,6.05,9600,6.25,1200,0,373200
AXISBANK30JAN20680PE.NFO,07/01/2020,11:07:31,6.1,6.05,9600,6.3,3600,0,373200
AXISBANK30JAN20680PE.NFO,07/01/2020,11:07:35,6.1,6.15,4800,6.25,1200,0,373200
AXISBANK30JAN20680PE.NFO,07/01/2020,11:07:41,6.1,6.1,8400,6.25,2400,0,373200
AXISBANK30JAN20680PE.NFO,07/01/2020,11:07:46,6.1,6.15,9600,6.3,1200,0,373200
AXISBANK30JAN20680PE.NFO,07/01/2020,11:07:54,6.1,6.15,9600,6.3,8400,0,373200
AXISBANK30JAN20680PE.NFO,07/01/2020,11:07:59,6.1,6.15,9600,6.3,2400,0,373200
AXISBANK30JAN20680PE.NFO,07/01/2020,11:08:03,6.15,6.15,8400,6.3,2400,1200,373200
AXISBANK30JAN20680PE.NFO,07/01/2020,11:08:15,6.15,6.15,7200,6.3,2400,0,373200
AXISBANK30JAN20680PE.NFO,07/01/2020,11:08:23,6.15,6.2,4800,6.3,7200,0,373200
AXISBANK30JAN20680PE.NFO,07/01/2020,11:08:27,6.2,6.1,8400,6.2,16800,4800,373200
AXISBANK30JAN20680PE.NFO,07/01/2020,11:08:33,6.15,6.1,10800,6.25,10800,1200,373200
AXISBANK30JAN20680PE.NFO,07/01/2020,11:08:38,6.15,6.15,4800,6.3,7200,0,373200
AXISBANK30JAN20680PE.NFO,07/01/2020,11:08:56,6.3,6.25,1200,6.35,8400,1200,370800
AXISBANK30JAN20680PE.NFO,07/01/2020,11:09:01,6.3,6.3,1200,6.35,8400,1200,370800
AXISBANK30JAN20680PE.NFO,07/01/2020,11:09:06,6.3,6.2,2400,6.35,12000,1200,370800
AXISBANK30JAN20680PE.NFO,07/01/2020,11:09:10,6.3,6.2,2400,6.3,19200,0,370800
AXISBANK30JAN20680PE.NFO,07/01/2020,11:09:15,6.3,6.2,2400,6.35,12000,0,370800
AXISBANK30JAN20680PE.NFO,07/01/2020,11:09:19,6.3,6.2,8400,6.35,9600,0,370800
AXISBANK30JAN20680PE.NFO,07/01/2020,11:09:24,6.3,6.2,8400,6.35,10800,0,370800
AXISBANK30JAN20680PE.NFO,07/01/2020,11:09:29,6.3,6.2,8400,6.3,2400,0,370800
AXISBANK30JAN20680PE.NFO,07/01/2020,11:09:33,6.3,6.2,7200,6.3,2400,0,370800
AXISBANK30JAN20680PE.NFO,07/01/2020,11:09:49,6.3,6.2,1200,6.3,2400,0,370800
AXISBANK30JAN20680PE.NFO,07/01/2020,11:09:56,6.3,6.15,10800,6.3,4800,0,370800
AXISBANK30JAN20680PE.NFO,07/01/2020,11:10:00,6.3,6.2,6000,6.3,2400,0,370800
AXISBANK30JAN20680PE.NFO,07/01/2020,11:10:04,6.3,6.2,10800,6.4,9600,2400,370800
AXISBANK30JAN20680PE.NFO,07/01/2020,11:10:08,6.3,6.2,10800,6.4,8400,0,370800
AXISBANK30JAN20680PE.NFO,07/01/2020,11:10:13,6.3,6.3,3600,6.35,2400,0,370800
AXISBANK30JAN20680PE.NFO,07/01/2020,11:10:18,6.3,6.25,9600,6.35,2400,0,370800
AXISBANK30JAN20680PE.NFO,07/01/2020,11:10:26,6.3,6.25,1200,6.3,1200,0,370800
AXISBANK30JAN20680PE.NFO,07/01/2020,11:10:30,6.3,6.2,4800,6.3,1200,0,370800
AXISBANK30JAN20680PE.NFO,07/01/2020,11:10:34,6.3,6.2,3600,6.3,6000,0,370800
AXISBANK30JAN20680PE.NFO,07/01/2020,11:10:37,6.2,6.15,8400,6.3,9600,3600,370800
AXISBANK30JAN20680PE.NFO,07/01/2020,11:10:42,6.2,6.15,9600,6.3,9600,0,370800
AXISBANK30JAN20680PE.NFO,07/01/2020,11:10:46,6.2,6.2,1200,6.3,2400,0,370800
AXISBANK30JAN20680PE.NFO,07/01/2020,11:10:49,6.2,6.15,9600,6.3,3600,0,370800
AXISBANK30JAN20680PE.NFO,07/01/2020,11:10:52,6.2,6.15,9600,6.3,4800,0,370800
AXISBANK30JAN20680PE.NFO,07/01/2020,11:10:56,6.2,6.15,6000,6.25,2400,0,370800
AXISBANK30JAN20680PE.NFO,07/01/2020,11:10:59,6.2,6.2,1200,6.3,3600,0,370800
AXISBANK30JAN20680PE.NFO,07/01/2020,11:11:04,6.3,6.25,3600,6.35,3600,1200,370800
AXISBANK30JAN20680PE.NFO,07/01/2020,11:11:11,6.35,6.35,1200,6.4,1200,3600,370800
AXISBANK30JAN20680PE.NFO,07/01/2020,11:11:17,6.4,6.35,8400,6.5,4800,1200,370800
AXISBANK30JAN20680PE.NFO,07/01/2020,11:11:24,6.5,6.35,9600,6.55,3600,1200,370800
AXISBANK30JAN20680PE.NFO,07/01/2020,11:11:24,6.5,6.35,9600,6.55,3600,0,370800
AXISBANK30JAN20680PE.NFO,07/01/2020,11:11:31,6.5,6.35,9600,6.6,3600,0,370800
AXISBANK30JAN20680PE.NFO,07/01/2020,11:11:38,6.5,6.35,9600,6.6,7200,0,370800
AXISBANK30JAN20680PE.NFO,07/01/2020,11:11:55,6.5,6.45,1200,6.6,7200,0,370800
AXISBANK30JAN20680PE.NFO,07/01/2020,11:12:01,6.5,6.45,8400,6.65,8400,0,370800
AXISBANK30JAN20680PE.NFO,07/01/2020,11:12:10,6.5,6.45,1200,6.65,9600,0,370800
AXISBANK30JAN20680PE.NFO,07/01/2020,11:12:17,6.5,6.5,1200,6.6,1200,0,370800
AXISBANK30JAN20680PE.NFO,07/01/2020,11:12:23,6.5,6.4,8400,6.55,6000,0,370800
AXISBANK30JAN20680PE.NFO,07/01/2020,11:12:30,6.5,6.35,1200,6.55,12000,0,370800
AXISBANK30JAN20680PE.NFO,07/01/2020,11:12:37,6.5,6.3,10800,6.45,6000,0,370800
AXISBANK30JAN20680PE.NFO,07/01/2020,11:12:43,6.5,6.3,9600,6.45,3600,0,370800
AXISBANK30JAN20680PE.NFO,07/01/2020,11:12:47,6.5,6.3,10800,6.45,1200,0,370800
AXISBANK30JAN20680PE.NFO,07/01/2020,11:12:56,6.5,6.3,9600,6.45,3600,0,370800
AXISBANK30JAN20680PE.NFO,07/01/2020,11:13:01,6.5,6.3,10800,6.45,3600,0,370800
AXISBANK30JAN20680PE.NFO,07/01/2020,11:13:06,6.5,6.3,10800,6.45,1200,0,370800
AXISBANK30JAN20680PE.NFO,07/01/2020,11:13:13,6.5,6.35,9600,6.5,1200,0,370800
AXISBANK30JAN20680PE.NFO,07/01/2020,11:13:19,6.5,6.4,10800,6.55,9600,2400,368400
AXISBANK30JAN20680PE.NFO,07/01/2020,11:13:24,6.5,6.35,9600,6.5,6000,0,368400
AXISBANK30JAN20680PE.NFO,07/01/2020,11:13:30,6.5,6.35,7200,6.5,10800,0,368400
AXISBANK30JAN20680PE.NFO,07/01/2020,11:13:36,6.5,6.35,8400,6.5,6000,0,368400
AXISBANK30JAN20680PE.NFO,07/01/2020,11:13:42,6.5,6.35,1200,6.5,10800,0,368400
AXISBANK30JAN20680PE.NFO,07/01/2020,11:13:49,6.5,6.3,12000,6.5,10800,0,368400
AXISBANK30JAN20680PE.NFO,07/01/2020,11:13:55,6.5,6.25,9600,6.5,10800,0,368400
AXISBANK30JAN20680PE.NFO,07/01/2020,11:14:00,6.5,6.25,9600,6.4,4800,0,368400
AXISBANK30JAN20680PE.NFO,07/01/2020,11:14:05,6.5,6.25,6000,6.4,6000,0,368400
AXISBANK30JAN20680PE.NFO,07/01/2020,11:14:11,6.25,6.15,9600,6.3,2400,6000,368400
AXISBANK30JAN20680PE.NFO,07/01/2020,11:14:17,6.35,6.2,14400,6.4,9600,1200,368400
AXISBANK30JAN20680PE.NFO,07/01/2020,11:14:23,6.35,6.2,12000,6.4,9600,0,368400
AXISBANK30JAN20680PE.NFO,07/01/2020,11:14:28,6.35,6.2,13200,6.4,9600,0,368400
AXISBANK30JAN20680PE.NFO,07/01/2020,11:14:33,6.45,6.5,1200,6.55,1200,2400,368400
AXISBANK30JAN20680PE.NFO,07/01/2020,11:14:38,6.5,6.45,2400,6.55,1200,2400,370800
AXISBANK30JAN20680PE.NFO,07/01/2020,11:14:43,6.5,6.45,7200,6.6,2400,0,370800
AXISBANK30JAN20680PE.NFO,07/01/2020,11:14:47,6.5,6.45,8400,6.6,8400,0,370800
AXISBANK30JAN20680PE.NFO,07/01/2020,11:14:52,6.5,6.4,10800,6.6,8400,0,370800
AXISBANK30JAN20680PE.NFO,07/01/2020,11:15:04,6.5,6.5,1200,6.65,7200,0,370800
AXISBANK30JAN20680PE.NFO,07/01/2020,11:15:16,6.5,6.5,1200,6.6,3600,0,370800
AXISBANK30JAN20680PE.NFO,07/01/2020,11:15:21,6.5,6.5,1200,6.6,2400,0,370800
AXISBANK30JAN20680PE.NFO,07/01/2020,11:15:26,6.5,6.45,7200,6.65,9600,0,370800
AXISBANK30JAN20680PE.NFO,07/01/2020,11:15:32,6.5,6.5,2400,6.65,9600,0,370800
AXISBANK30JAN20680PE.NFO,07/01/2020,11:15:40,6.5,6.5,3600,6.65,7200,0,370800
AXISBANK30JAN20680PE.NFO,07/01/2020,11:15:55,6.5,6.6,10800,6.75,8400,0,370800
AXISBANK30JAN20680PE.NFO,07/01/2020,11:16:01,6.75,6.7,1200,6.85,6000,1200,370800
AXISBANK30JAN20680PE.NFO,07/01/2020,11:16:01,6.75,6.7,1200,6.85,6000,0,370800
AXISBANK30JAN20680PE.NFO,07/01/2020,11:16:07,6.85,6.8,8400,6.9,3600,1200,370800
AXISBANK30JAN20680PE.NFO,07/01/2020,11:16:07,6.85,6.8,8400,6.9,3600,0,370800
AXISBANK30JAN20680PE.NFO,07/01/2020,11:16:13,6.9,6.85,1200,7,14400,2400,370800
AXISBANK30JAN20680PE.NFO,07/01/2020,11:16:13,6.9,6.85,1200,7,14400,0,370800
AXISBANK30JAN20680PE.NFO,07/01/2020,11:16:19,6.85,6.75,6000,6.9,1200,1200,370800
AXISBANK30JAN20680PE.NFO,07/01/2020,11:16:26,6.85,6.75,9600,6.9,1200,0,370800
AXISBANK30JAN20680PE.NFO,07/01/2020,11:16:36,6.85,6.7,1200,6.85,8400,0,370800
AXISBANK30JAN20680PE.NFO,07/01/2020,11:16:41,6.85,6.7,6000,6.85,7200,0,370800
AXISBANK30JAN20680PE.NFO,07/01/2020,11:16:45,6.85,6.7,1200,6.8,1200,0,370800
AXISBANK30JAN20680PE.NFO,07/01/2020,11:16:50,6.85,6.75,7200,6.9,1200,0,370800
AXISBANK30JAN20680PE.NFO,07/01/2020,11:16:57,6.85,6.85,1200,6.95,7200,0,370800
AXISBANK30JAN20680PE.NFO,07/01/2020,11:17:03,6.95,6.8,1200,6.95,6000,1200,370800
AXISBANK30JAN20680PE.NFO,07/01/2020,11:17:03,6.95,6.8,1200,6.95,6000,0,370800
AXISBANK30JAN20680PE.NFO,07/01/2020,11:17:08,6.95,6.75,7200,6.85,13200,0,370800
AXISBANK30JAN20680PE.NFO,07/01/2020,11:17:12,6.95,6.75,8400,6.9,1200,0,370800
AXISBANK30JAN20680PE.NFO,07/01/2020,11:17:26,6.95,6.75,8400,6.95,8400,0,370800
AXISBANK30JAN20680PE.NFO,07/01/2020,11:17:37,6.75,6.65,10800,6.8,3600,7200,370800
AXISBANK30JAN20680PE.NFO,07/01/2020,11:17:43,6.75,6.65,7200,6.8,3600,0,370800
AXISBANK30JAN20680PE.NFO,07/01/2020,11:17:48,6.75,6.65,7200,6.75,1200,0,370800
AXISBANK30JAN20680PE.NFO,07/01/2020,11:17:53,6.75,6.65,1200,6.7,6000,0,370800
AXISBANK30JAN20680PE.NFO,07/01/2020,11:17:58,6.75,6.6,8400,6.75,4800,0,370800
AXISBANK30JAN20680PE.NFO,07/01/2020,11:18:03,6.75,6.65,3600,6.8,8400,0,370800
AXISBANK30JAN20680PE.NFO,07/01/2020,11:18:08,6.75,6.65,1200,6.75,3600,0,370800
AXISBANK30JAN20680PE.NFO,07/01/2020,11:18:17,6.75,6.6,7200,6.7,1200,0,370800
AXISBANK30JAN20680PE.NFO,07/01/2020,11:18:21,6.75,6.6,1200,6.75,9600,0,370800
AXISBANK30JAN20680PE.NFO,07/01/2020,11:18:26,6.6,6.6,3600,6.75,10800,6000,366000
AXISBANK30JAN20680PE.NFO,07/01/2020,11:18:31,6.6,6.55,12000,6.7,3600,0,366000
AXISBANK30JAN20680PE.NFO,07/01/2020,11:18:35,6.6,6.5,1200,6.7,10800,0,366000
AXISBANK30JAN20680PE.NFO,07/01/2020,11:18:48,6.6,6.5,2400,6.7,10800,0,366000
AXISBANK30JAN20680PE.NFO,07/01/2020,11:18:54,6.6,6.45,6000,6.7,10800,0,366000
AXISBANK30JAN20680PE.NFO,07/01/2020,11:18:59,6.6,6.45,4800,6.7,10800,0,366000
AXISBANK30JAN20680PE.NFO,07/01/2020,11:19:05,6.6,6.45,6000,6.7,10800,0,366000
AXISBANK30JAN20680PE.NFO,07/01/2020,11:19:11,6.6,6.45,4800,6.7,10800,0,366000
AXISBANK30JAN20680PE.NFO,07/01/2020,11:19:17,6.6,6.55,6000,6.7,4800,1200,366000
AXISBANK30JAN20680PE.NFO,07/01/2020,11:19:25,6.7,6.65,6000,6.75,2400,1200,366000
AXISBANK30JAN20680PE.NFO,07/01/2020,11:19:34,6.75,6.6,8400,6.75,3600,1200,366000
AXISBANK30JAN20680PE.NFO,07/01/2020,11:19:40,6.75,6.6,8400,6.75,3600,0,366000
AXISBANK30JAN20680PE.NFO,07/01/2020,11:19:47,6.75,6.6,8400,6.75,4800,0,366000
AXISBANK30JAN20680PE.NFO,07/01/2020,11:19:52,6.75,6.65,8400,6.75,2400,0,366000
AXISBANK30JAN20680PE.NFO,07/01/2020,11:19:57,6.75,6.65,4800,6.75,4800,0,366000
AXISBANK30JAN20680PE.NFO,07/01/2020,11:20:06,6.75,6.65,4800,6.75,1200,0,366000
AXISBANK30JAN20680PE.NFO,07/01/2020,11:20:17,6.65,6.65,3600,6.75,3600,1200,366000
AXISBANK30JAN20680PE.NFO,07/01/2020,11:20:21,6.65,6.65,6000,6.8,4800,0,366000
AXISBANK30JAN20680PE.NFO,07/01/2020,11:20:41,6.65,6.6,2400,6.7,1200,0,366000
AXISBANK30JAN20680PE.NFO,07/01/2020,11:20:46,6.65,6.6,1200,6.65,2400,0,366000
AXISBANK30JAN20680PE.NFO,07/01/2020,11:20:53,6.6,6.55,1200,6.65,1200,1200,363600
AXISBANK30JAN20680PE.NFO,07/01/2020,11:20:58,6.6,6.55,3600,6.65,1200,0,363600
AXISBANK30JAN20680PE.NFO,07/01/2020,11:21:03,6.6,6.5,9600,6.65,3600,0,363600
AXISBANK30JAN20680PE.NFO,07/01/2020,11:21:13,6.6,6.45,13200,6.6,1200,0,363600
AXISBANK30JAN20680PE.NFO,07/01/2020,11:21:17,6.6,6.45,13200,6.6,2400,0,363600
AXISBANK30JAN20680PE.NFO,07/01/2020,11:21:21,6.5,6.45,12000,6.6,1200,1200,363600
AXISBANK30JAN20680PE.NFO,07/01/2020,11:21:30,6.5,6.5,10800,6.65,1200,0,363600
AXISBANK30JAN20680PE.NFO,07/01/2020,11:21:36,6.45,6.4,7200,6.5,2400,12000,363600
AXISBANK30JAN20680PE.NFO,07/01/2020,11:21:41,6.45,6.4,7200,6.5,2400,0,363600
AXISBANK30JAN20680PE.NFO,07/01/2020,11:21:46,6.4,6.4,6000,6.5,3600,1200,363600
AXISBANK30JAN20680PE.NFO,07/01/2020,11:21:50,6.4,6.35,9600,6.5,3600,0,363600
AXISBANK30JAN20680PE.NFO,07/01/2020,11:22:27,6.4,6.35,9600,6.5,8400,0,363600
AXISBANK30JAN20680PE.NFO,07/01/2020,11:22:31,6.4,6.35,3600,6.5,8400,0,363600
AXISBANK30JAN20680PE.NFO,07/01/2020,11:22:40,6.4,6.35,2400,6.5,8400,0,363600
AXISBANK30JAN20680PE.NFO,07/01/2020,11:22:44,6.4,6.35,3600,6.5,8400,0,363600
AXISBANK30JAN20680PE.NFO,07/01/2020,11:22:51,6.4,6.35,2400,6.5,8400,0,363600
AXISBANK30JAN20680PE.NFO,07/01/2020,11:22:55,6.4,6.35,2400,6.5,9600,0,363600
AXISBANK30JAN20680PE.NFO,07/01/2020,11:23:14,6.4,6.35,2400,6.5,8400,0,363600
AXISBANK30JAN20680PE.NFO,07/01/2020,11:23:19,6.4,6.35,3600,6.5,8400,0,363600
AXISBANK30JAN20680PE.NFO,07/01/2020,11:23:23,6.4,6.35,2400,6.5,8400,0,363600
AXISBANK30JAN20680PE.NFO,07/01/2020,11:23:36,6.4,6.35,3600,6.5,8400,0,363600
AXISBANK30JAN20680PE.NFO,07/01/2020,11:23:45,6.4,6.45,4800,6.6,13200,0,363600
AXISBANK30JAN20680PE.NFO,07/01/2020,11:23:54,6.4,6.45,3600,6.55,2400,0,363600
AXISBANK30JAN20680PE.NFO,07/01/2020,11:23:59,6.4,6.4,4800,6.55,9600,0,363600
AXISBANK30JAN20680PE.NFO,07/01/2020,11:24:05,6.4,6.35,4800,6.55,9600,1200,372000
AXISBANK30JAN20680PE.NFO,07/01/2020,11:24:10,6.35,6.35,4800,6.55,9600,1200,372000
AXISBANK30JAN20680PE.NFO,07/01/2020,11:24:16,6.35,6.35,4800,6.55,9600,0,372000
AXISBANK30JAN20680PE.NFO,07/01/2020,11:24:26,6.35,6.35,1200,6.55,9600,0,372000
AXISBANK30JAN20680PE.NFO,07/01/2020,11:24:30,6.35,6.3,9600,6.55,9600,0,372000
AXISBANK30JAN20680PE.NFO,07/01/2020,11:24:39,6.35,6.3,9600,6.45,8400,0,372000
AXISBANK30JAN20680PE.NFO,07/01/2020,11:24:48,6.35,6.3,2400,6.45,13200,0,372000
AXISBANK30JAN20680PE.NFO,07/01/2020,11:24:56,6.35,6.25,7200,6.35,1200,0,372000
AXISBANK30JAN20680PE.NFO,07/01/2020,11:25:06,6.35,6.25,7200,6.35,2400,0,372000
AXISBANK30JAN20680PE.NFO,07/01/2020,11:25:15,6.35,6.2,12000,6.35,6000,0,372000
AXISBANK30JAN20680PE.NFO,07/01/2020,11:25:18,6.35,6.3,1200,6.35,1200,0,372000
AXISBANK30JAN20680PE.NFO,07/01/2020,11:25:23,6.35,6.25,8400,6.35,1200,0,372000
AXISBANK30JAN20680PE.NFO,07/01/2020,11:25:29,6.35,6.25,10800,6.45,13200,1200,372000
AXISBANK30JAN20680PE.NFO,07/01/2020,11:25:34,6.35,6.25,10800,6.4,3600,0,372000
AXISBANK30JAN20680PE.NFO,07/01/2020,11:25:59,6.35,6.25,3600,6.4,9600,0,372000
AXISBANK30JAN20680PE.NFO,07/01/2020,11:26:12,6.35,6.2,8400,6.4,9600,0,372000
AXISBANK30JAN20680PE.NFO,07/01/2020,11:26:18,6.35,6.2,7200,6.4,9600,0,372000
AXISBANK30JAN20680PE.NFO,07/01/2020,11:26:22,6.35,6.15,9600,6.4,9600,0,372000
AXISBANK30JAN20680PE.NFO,07/01/2020,11:26:27,6.35,6.05,8400,6.4,9600,0,372000
AXISBANK30JAN20680PE.NFO,07/01/2020,11:26:31,6.35,6.05,2400,6.4,9600,0,372000
AXISBANK30JAN20680PE.NFO,07/01/2020,11:26:40,6.35,6.05,3600,6.4,9600,0,372000
AXISBANK30JAN20680PE.NFO,07/01/2020,11:26:45,6.35,6.05,8400,6.2,4800,0,372000
AXISBANK30JAN20680PE.NFO,07/01/2020,11:26:49,6.35,6.05,8400,6.2,2400,0,372000
AXISBANK30JAN20680PE.NFO,07/01/2020,11:26:53,6.35,6.05,8400,6.2,3600,0,372000
AXISBANK30JAN20680PE.NFO,07/01/2020,11:27:00,6.35,6.05,6000,6.15,2400,0,372000
AXISBANK30JAN20680PE.NFO,07/01/2020,11:27:03,6.35,6.05,6000,6.15,1200,0,372000
AXISBANK30JAN20680PE.NFO,07/01/2020,11:27:21,6.15,6.1,8400,6.2,1200,1200,366000
AXISBANK30JAN20680PE.NFO,07/01/2020,11:27:24,6.15,6.1,8400,6.2,1200,0,366000
AXISBANK30JAN20680PE.NFO,07/01/2020,11:27:28,6.15,6.1,1200,6.2,3600,0,366000
AXISBANK30JAN20680PE.NFO,07/01/2020,11:27:31,6.15,6.1,1200,6.2,2400,0,366000
AXISBANK30JAN20680PE.NFO,07/01/2020,11:27:38,6.15,6.1,1200,6.2,3600,0,366000
AXISBANK30JAN20680PE.NFO,07/01/2020,11:27:42,6.15,6.05,12000,6.2,3600,0,366000
AXISBANK30JAN20680PE.NFO,07/01/2020,11:27:52,6.15,6.05,6000,6.15,2400,0,366000
AXISBANK30JAN20680PE.NFO,07/01/2020,11:28:12,6.15,6.05,6000,6.15,1200,0,366000
AXISBANK30JAN20680PE.NFO,07/01/2020,11:28:25,6.15,6.05,6000,6.15,2400,0,366000
AXISBANK30JAN20680PE.NFO,07/01/2020,11:28:28,6.15,6.05,12000,6.2,6000,0,366000
AXISBANK30JAN20680PE.NFO,07/01/2020,11:28:54,6.2,6.1,12000,6.25,1200,1200,366000
AXISBANK30JAN20680PE.NFO,07/01/2020,11:28:58,6.2,6.1,12000,6.25,1200,0,366000
AXISBANK30JAN20680PE.NFO,07/01/2020,11:29:27,6.2,6.1,7200,6.25,3600,0,366000
AXISBANK30JAN20680PE.NFO,07/01/2020,11:29:31,6.2,6.1,8400,6.25,3600,0,366000
AXISBANK30JAN20680PE.NFO,07/01/2020,11:29:41,6.2,6.1,7200,6.25,3600,0,366000
AXISBANK30JAN20680PE.NFO,07/01/2020,11:30:01,6.2,6.1,8400,6.25,1200,0,366000
AXISBANK30JAN20680PE.NFO,07/01/2020,11:30:17,6.2,6.1,7200,6.25,3600,0,366000
AXISBANK30JAN20680PE.NFO,07/01/2020,11:30:48,6.2,6.1,7200,6.25,8400,0,366000
AXISBANK30JAN20680PE.NFO,07/01/2020,11:30:55,6.2,6.1,1200,6.2,6000,0,366000
AXISBANK30JAN20680PE.NFO,07/01/2020,11:30:59,6.2,6.05,8400,6.2,10800,0,366000
AXISBANK30JAN20680PE.NFO,07/01/2020,11:31:06,6.2,6.05,3600,6.2,10800,0,366000
AXISBANK30JAN20680PE.NFO,07/01/2020,11:31:11,6.2,6,12000,6.2,10800,0,366000
AXISBANK30JAN20680PE.NFO,07/01/2020,11:31:28,6.2,6,1200,6.2,10800,0,366000
AXISBANK30JAN20680PE.NFO,07/01/2020,11:31:50,6,5.9,9600,6.2,10800,1200,361200
AXISBANK30JAN20680PE.NFO,07/01/2020,11:32:01,6,5.9,9600,6.2,10800,0,361200
AXISBANK30JAN20680PE.NFO,07/01/2020,11:32:07,6,5.9,3600,6.2,10800,0,361200
AXISBANK30JAN20680PE.NFO,07/01/2020,11:32:12,6,5.95,4800,6.2,10800,0,361200
AXISBANK30JAN20680PE.NFO,07/01/2020,11:32:25,6,5.95,3600,6.2,10800,0,361200
AXISBANK30JAN20680PE.NFO,07/01/2020,11:32:33,6,5.95,2400,6.2,10800,0,361200
AXISBANK30JAN20680PE.NFO,07/01/2020,11:32:37,6,5.95,4800,6.2,10800,0,361200
AXISBANK30JAN20680PE.NFO,07/01/2020,11:32:42,6,6,12000,6.2,10800,0,361200
AXISBANK30JAN20680PE.NFO,07/01/2020,11:33:30,6,6,12000,6.2,4800,0,361200
AXISBANK30JAN20680PE.NFO,07/01/2020,11:33:42,6,6.1,3600,6.2,2400,0,361200
AXISBANK30JAN20680PE.NFO,07/01/2020,11:33:53,6,6.05,3600,6.15,3600,0,361200
AXISBANK30JAN20680PE.NFO,07/01/2020,11:34:00,6,6.05,6000,6.15,2400,0,361200
AXISBANK30JAN20680PE.NFO,07/01/2020,11:34:04,6,6.05,4800,6.15,2400,0,361200
AXISBANK30JAN20680PE.NFO,07/01/2020,11:34:11,6,6,3600,6.1,2400,0,361200
AXISBANK30JAN20680PE.NFO,07/01/2020,11:34:18,6,6.05,6000,6.15,2400,0,361200
AXISBANK30JAN20680PE.NFO,07/01/2020,11:34:24,6,6,1200,6.1,4800,0,361200
AXISBANK30JAN20680PE.NFO,07/01/2020,11:34:30,6,5.95,2400,6.1,10800,0,361200
AXISBANK30JAN20680PE.NFO,07/01/2020,11:34:42,6,6,1200,6.1,10800,0,361200
AXISBANK30JAN20680PE.NFO,07/01/2020,11:34:47,6.05,6.05,1200,6.15,9600,3600,361200
AXISBANK30JAN20680PE.NFO,07/01/2020,11:34:53,6.05,6,4800,6.15,9600,0,361200
AXISBANK30JAN20680PE.NFO,07/01/2020,11:34:58,6.05,5.95,6000,6.15,9600,0,361200
AXISBANK30JAN20680PE.NFO,07/01/2020,11:35:10,6.05,5.95,2400,6.15,9600,0,361200
AXISBANK30JAN20680PE.NFO,07/01/2020,11:35:20,6.05,5.9,3600,6.15,9600,0,361200
AXISBANK30JAN20680PE.NFO,07/01/2020,11:35:26,5.9,5.9,1200,6.15,9600,1200,361200
AXISBANK30JAN20680PE.NFO,07/01/2020,11:35:31,5.9,5.85,2400,6.15,9600,1200,361200
AXISBANK30JAN20680PE.NFO,07/01/2020,11:35:36,5.9,5.85,1200,6.15,9600,0,361200
AXISBANK30JAN20680PE.NFO,07/01/2020,11:35:42,5.9,5.85,2400,6.15,9600,0,361200
AXISBANK30JAN20680PE.NFO,07/01/2020,11:36:06,5.9,5.85,3600,6.15,9600,0,361200
AXISBANK30JAN20680PE.NFO,07/01/2020,11:36:55,5.9,5.95,3600,6.15,9600,0,361200
AXISBANK30JAN20680PE.NFO,07/01/2020,11:37:01,5.9,5.95,2400,6.15,9600,0,361200
AXISBANK30JAN20680PE.NFO,07/01/2020,11:37:06,5.95,5.9,3600,6,8400,1200,356400
AXISBANK30JAN20680PE.NFO,07/01/2020,11:37:10,5.95,5.9,3600,6,8400,0,356400
AXISBANK30JAN20680PE.NFO,07/01/2020,11:37:14,5.95,5.9,2400,6,10800,0,356400
AXISBANK30JAN20680PE.NFO,07/01/2020,11:37:18,5.95,5.9,2400,6,9600,0,356400
AXISBANK30JAN20680PE.NFO,07/01/2020,11:37:27,5.95,5.9,2400,6,8400,0,356400
AXISBANK30JAN20680PE.NFO,07/01/2020,11:37:37,5.95,5.9,3600,6.05,9600,0,356400
AXISBANK30JAN20680PE.NFO,07/01/2020,11:37:43,5.95,5.9,2400,5.95,1200,0,356400
AXISBANK30JAN20680PE.NFO,07/01/2020,11:37:47,5.95,5.9,3600,6,6000,0,356400
AXISBANK30JAN20680PE.NFO,07/01/2020,11:37:56,5.95,5.9,2400,6,9600,0,356400
AXISBANK30JAN20680PE.NFO,07/01/2020,11:38:04,5.9,5.85,2400,5.95,3600,1200,356400
AXISBANK30JAN20680PE.NFO,07/01/2020,11:38:07,5.9,5.85,2400,5.95,9600,0,356400
AXISBANK30JAN20680PE.NFO,07/01/2020,11:38:12,5.9,5.85,1200,5.95,2400,0,356400
AXISBANK30JAN20680PE.NFO,07/01/2020,11:38:16,5.9,5.85,1200,5.95,4800,0,356400
AXISBANK30JAN20680PE.NFO,07/01/2020,11:38:30,5.9,5.85,1200,5.95,9600,0,356400
AXISBANK30JAN20680PE.NFO,07/01/2020,11:38:34,5.9,5.85,3600,6,9600,0,356400
AXISBANK30JAN20680PE.NFO,07/01/2020,11:38:40,5.9,5.85,3600,6,8400,0,356400
AXISBANK30JAN20680PE.NFO,07/01/2020,11:38:44,5.9,5.9,1200,6,7200,0,356400
AXISBANK30JAN20680PE.NFO,07/01/2020,11:39:00,5.9,5.85,2400,6,12000,0,356400
AXISBANK30JAN20680PE.NFO,07/01/2020,11:39:14,5.9,5.85,3600,6,12000,0,356400
AXISBANK30JAN20680PE.NFO,07/01/2020,11:39:18,5.9,5.85,3600,6,10800,0,356400
AXISBANK30JAN20680PE.NFO,07/01/2020,11:39:21,5.9,5.85,3600,6,7200,0,356400
AXISBANK30JAN20680PE.NFO,07/01/2020,11:39:25,6,5.9,6000,6.05,12000,3600,356400
AXISBANK30JAN20680PE.NFO,07/01/2020,11:39:32,6,5.9,10800,6.1,3600,0,356400
AXISBANK30JAN20680PE.NFO,07/01/2020,11:39:36,6,5.9,10800,6.1,2400,0,356400
AXISBANK30JAN20680PE.NFO,07/01/2020,11:39:44,6,6.1,7200,6.3,9600,0,356400
AXISBANK30JAN20680PE.NFO,07/01/2020,11:39:49,6,6.15,8400,6.25,1200,0,356400
AXISBANK30JAN20680PE.NFO,07/01/2020,11:39:57,6,6.1,7200,6.3,10800,0,356400
AXISBANK30JAN20680PE.NFO,07/01/2020,11:40:12,6,6.1,7200,6.25,12000,0,356400
AXISBANK30JAN20680PE.NFO,07/01/2020,11:40:24,6,6.1,2400,6.25,12000,0,356400
AXISBANK30JAN20680PE.NFO,07/01/2020,11:40:53,6,6.1,2400,6.25,10800,0,356400
AXISBANK30JAN20680PE.NFO,07/01/2020,11:41:02,6,6.1,8400,6.25,10800,0,356400
AXISBANK30JAN20680PE.NFO,07/01/2020,11:41:11,6,6.1,8400,6.25,9600,0,356400
AXISBANK30JAN20680PE.NFO,07/01/2020,11:41:29,6,6.1,8400,6.25,4800,0,356400
AXISBANK30JAN20680PE.NFO,07/01/2020,11:41:32,6,6.1,8400,6.25,3600,0,356400
AXISBANK30JAN20680PE.NFO,07/01/2020,11:41:35,6,6.1,8400,6.25,4800,0,356400
AXISBANK30JAN20680PE.NFO,07/01/2020,11:41:38,6,6.1,8400,6.25,3600,0,356400
AXISBANK30JAN20680PE.NFO,07/01/2020,11:41:40,6,6.15,3600,6.25,3600,0,356400
AXISBANK30JAN20680PE.NFO,07/01/2020,11:41:50,6,6.15,3600,6.25,2400,0,356400
AXISBANK30JAN20680PE.NFO,07/01/2020,11:41:56,6,6.15,4800,6.3,9600,0,356400
AXISBANK30JAN20680PE.NFO,07/01/2020,11:42:00,6,6.25,3600,6.35,1200,0,356400
AXISBANK30JAN20680PE.NFO,07/01/2020,11:42:05,6,6.25,8400,6.4,3600,0,356400
AXISBANK30JAN20680PE.NFO,07/01/2020,11:42:11,6,6.35,1200,6.45,1200,0,356400
AXISBANK30JAN20680PE.NFO,07/01/2020,11:42:13,6,6.35,1200,6.45,2400,0,356400
AXISBANK30JAN20680PE.NFO,07/01/2020,11:42:19,6,6.4,1200,6.5,13200,0,356400
AXISBANK30JAN20680PE.NFO,07/01/2020,11:42:21,6,6.4,2400,6.5,8400,0,356400
AXISBANK30JAN20680PE.NFO,07/01/2020,11:42:24,6,6.4,1200,6.5,8400,0,356400
AXISBANK30JAN20680PE.NFO,07/01/2020,11:42:32,6,6.4,1200,6.5,1200,0,356400
AXISBANK30JAN20680PE.NFO,07/01/2020,11:42:37,6,6.25,8400,6.4,7200,0,356400
AXISBANK30JAN20680PE.NFO,07/01/2020,11:42:42,6,6.25,8400,6.4,8400,0,356400
AXISBANK30JAN20680PE.NFO,07/01/2020,11:42:46,6,6.25,2400,6.4,9600,0,356400
AXISBANK30JAN20680PE.NFO,07/01/2020,11:43:11,6,6.25,1200,6.4,9600,0,356400
AXISBANK30JAN20680PE.NFO,07/01/2020,11:43:21,6,6.2,2400,6.4,9600,0,356400
AXISBANK30JAN20680PE.NFO,07/01/2020,11:43:29,6,6.2,1200,6.4,9600,0,356400
AXISBANK30JAN20680PE.NFO,07/01/2020,11:43:41,6.2,6.15,1200,6.4,9600,1200,356400
AXISBANK30JAN20680PE.NFO,07/01/2020,11:43:45,6.2,6.1,7200,6.4,9600,0,356400
AXISBANK30JAN20680PE.NFO,07/01/2020,11:43:48,6.2,6.1,8400,6.4,9600,0,356400
AXISBANK30JAN20680PE.NFO,07/01/2020,11:43:52,6.2,6.1,7200,6.4,9600,0,356400
AXISBANK30JAN20680PE.NFO,07/01/2020,11:43:59,6.2,6.1,4800,6.4,9600,0,356400
AXISBANK30JAN20680PE.NFO,07/01/2020,11:44:04,6.2,6.1,1200,6.4,9600,0,356400
AXISBANK30JAN20680PE.NFO,07/01/2020,11:45:31,6.2,6.15,1200,6.4,9600,0,356400
AXISBANK30JAN20680PE.NFO,07/01/2020,11:46:08,6.15,6.1,1200,6.4,9600,1200,357600
AXISBANK30JAN20680PE.NFO,07/01/2020,11:46:29,6.15,6.1,1200,6.4,9600,0,357600
AXISBANK30JAN20680PE.NFO,07/01/2020,11:46:40,6.15,6.1,3600,6.4,9600,0,357600
AXISBANK30JAN20680PE.NFO,07/01/2020,11:46:53,6.15,6.2,1200,6.4,9600,0,357600
AXISBANK30JAN20680PE.NFO,07/01/2020,11:47:20,6.15,6.15,9600,6.4,9600,0,357600
AXISBANK30JAN20680PE.NFO,07/01/2020,11:47:22,6.15,6.15,8400,6.4,9600,0,357600
AXISBANK30JAN20680PE.NFO,07/01/2020,11:47:26,6.15,6.15,3600,6.4,9600,0,357600
AXISBANK30JAN20680PE.NFO,07/01/2020,11:47:32,6.15,6.2,1200,6.4,9600,0,357600
AXISBANK30JAN20680PE.NFO,07/01/2020,11:47:36,6.15,6.15,3600,6.4,9600,0,357600
AXISBANK30JAN20680PE.NFO,07/01/2020,11:47:55,6.15,6.15,2400,6.4,9600,0,357600
AXISBANK30JAN20680PE.NFO,07/01/2020,11:48:01,6.15,6.15,3600,6.4,9600,0,357600
AXISBANK30JAN20680PE.NFO,07/01/2020,11:48:15,6.35,6.25,10800,6.4,8400,1200,358800
AXISBANK30JAN20680PE.NFO,07/01/2020,11:48:25,6.35,6.25,1200,6.35,4800,0,358800
AXISBANK30JAN20680PE.NFO,07/01/2020,11:48:29,6.35,6.2,2400,6.35,9600,0,358800
AXISBANK30JAN20680PE.NFO,07/01/2020,11:48:58,6.35,6.25,2400,6.35,2400,0,358800
AXISBANK30JAN20680PE.NFO,07/01/2020,11:49:02,6.35,6.2,8400,6.35,1200,0,358800
AXISBANK30JAN20680PE.NFO,07/01/2020,11:49:04,6.35,6.2,7200,6.3,2400,0,358800
AXISBANK30JAN20680PE.NFO,07/01/2020,11:49:07,6.35,6.2,9600,6.35,8400,0,358800
AXISBANK30JAN20680PE.NFO,07/01/2020,11:49:09,6.35,6.2,10800,6.35,8400,0,358800
AXISBANK30JAN20680PE.NFO,07/01/2020,11:49:14,6.35,6.2,10800,6.35,7200,0,358800
AXISBANK30JAN20680PE.NFO,07/01/2020,11:49:17,6.35,6.25,3600,6.35,1200,0,358800
AXISBANK30JAN20680PE.NFO,07/01/2020,11:49:26,6.35,6.2,10800,6.35,6000,0,358800
AXISBANK30JAN20680PE.NFO,07/01/2020,11:49:37,6.35,6.2,1200,6.3,3600,0,358800
AXISBANK30JAN20680PE.NFO,07/01/2020,11:49:40,6.35,6.15,9600,6.3,4800,0,358800
AXISBANK30JAN20680PE.NFO,07/01/2020,11:49:47,6.35,6.15,10800,6.35,10800,0,358800
AXISBANK30JAN20680PE.NFO,07/01/2020,11:49:53,6.35,6.25,1200,6.35,7200,0,358800
AXISBANK30JAN20680PE.NFO,07/01/2020,11:49:55,6.35,6.2,12000,6.35,8400,0,358800
AXISBANK30JAN20680PE.NFO,07/01/2020,11:49:58,6.35,6.2,12000,6.35,3600,0,358800
AXISBANK30JAN20680PE.NFO,07/01/2020,11:50:14,6.35,6.2,12000,6.35,2400,0,358800
AXISBANK30JAN20680PE.NFO,07/01/2020,11:50:19,6.35,6.2,12000,6.4,9600,0,358800
AXISBANK30JAN20680PE.NFO,07/01/2020,11:50:23,6.35,6.2,12000,6.4,10800,0,358800
AXISBANK30JAN20680PE.NFO,07/01/2020,11:51:32,6.35,6.2,8400,6.3,1200,0,358800
AXISBANK30JAN20680PE.NFO,07/01/2020,11:51:37,6.35,6.2,6000,6.35,12000,0,358800
AXISBANK30JAN20680PE.NFO,07/01/2020,11:51:54,6.35,6.2,7200,6.35,6000,0,358800
AXISBANK30JAN20680PE.NFO,07/01/2020,11:51:57,6.35,6.2,1200,6.3,3600,0,358800
AXISBANK30JAN20680PE.NFO,07/01/2020,11:52:00,6.35,6.2,1200,6.3,2400,0,358800
AXISBANK30JAN20680PE.NFO,07/01/2020,11:52:26,6.35,6.15,9600,6.3,4800,0,358800
AXISBANK30JAN20680PE.NFO,07/01/2020,11:52:55,6.35,6.15,7200,6.3,9600,0,358800
AXISBANK30JAN20680PE.NFO,07/01/2020,11:53:04,6.35,6.15,1200,6.3,10800,0,358800
AXISBANK30JAN20680PE.NFO,07/01/2020,11:53:11,6.35,6.1,2400,6.3,10800,0,358800
AXISBANK30JAN20680PE.NFO,07/01/2020,11:53:34,6.35,6.1,9600,6.3,10800,0,358800
AXISBANK30JAN20680PE.NFO,07/01/2020,11:54:54,6.35,6.1,8400,6.3,10800,0,358800
AXISBANK30JAN20680PE.NFO,07/01/2020,11:54:56,6.35,6.1,9600,6.3,10800,0,358800
AXISBANK30JAN20680PE.NFO,07/01/2020,11:55:05,6.35,6.1,9600,6.3,9600,0,358800
AXISBANK30JAN20680PE.NFO,07/01/2020,11:55:12,6.35,6.2,2400,6.3,9600,0,358800
AXISBANK30JAN20680PE.NFO,07/01/2020,11:55:18,6.35,6.2,1200,6.3,9600,0,358800
AXISBANK30JAN20680PE.NFO,07/01/2020,11:55:31,6.35,6.2,1200,6.3,10800,0,358800
AXISBANK30JAN20680PE.NFO,07/01/2020,11:55:36,6.35,6.2,1200,6.3,9600,0,358800
AXISBANK30JAN20680PE.NFO,07/01/2020,11:55:47,6.35,6.2,1200,6.3,10800,0,358800
AXISBANK30JAN20680PE.NFO,07/01/2020,11:56:10,6.35,6.2,1200,6.3,9600,0,358800
AXISBANK30JAN20680PE.NFO,07/01/2020,11:56:25,6.35,6.2,1200,6.3,10800,0,358800
AXISBANK30JAN20680PE.NFO,07/01/2020,11:56:31,6.35,6.15,3600,6.3,10800,0,358800
AXISBANK30JAN20680PE.NFO,07/01/2020,11:56:40,6.35,6.15,2400,6.3,10800,0,358800
AXISBANK30JAN20680PE.NFO,07/01/2020,11:56:43,6.15,6.1,7200,6.3,10800,2400,360000
AXISBANK30JAN20680PE.NFO,07/01/2020,11:56:46,6.15,6.1,7200,6.3,10800,0,360000
AXISBANK30JAN20680PE.NFO,07/01/2020,11:56:52,6.15,6.1,10800,6.3,10800,0,360000
AXISBANK30JAN20680PE.NFO,07/01/2020,11:57:00,6.15,6.1,12000,6.3,10800,0,360000
AXISBANK30JAN20680PE.NFO,07/01/2020,11:57:15,6.15,6.1,4800,6.3,10800,0,360000
AXISBANK30JAN20680PE.NFO,07/01/2020,11:57:33,6.15,6.1,12000,6.3,10800,0,360000
AXISBANK30JAN20680PE.NFO,07/01/2020,11:57:47,6.15,6.15,10800,6.35,10800,0,360000
AXISBANK30JAN20680PE.NFO,07/01/2020,11:57:51,6.2,6.2,3600,6.35,10800,1200,360000
AXISBANK30JAN20680PE.NFO,07/01/2020,11:57:54,6.2,6.2,1200,6.35,12000,0,360000
AXISBANK30JAN20680PE.NFO,07/01/2020,11:58:06,6.2,6.15,8400,6.35,12000,0,360000
AXISBANK30JAN20680PE.NFO,07/01/2020,11:58:13,6.2,6.15,3600,6.35,12000,0,360000
AXISBANK30JAN20680PE.NFO,07/01/2020,11:58:41,6.2,6.15,1200,6.25,2400,0,360000
AXISBANK30JAN20680PE.NFO,07/01/2020,11:58:52,6.2,6.15,1200,6.25,3600,0,360000
AXISBANK30JAN20680PE.NFO,07/01/2020,11:58:58,6.2,6.15,1200,6.25,2400,0,360000
AXISBANK30JAN20680PE.NFO,07/01/2020,11:59:03,6.2,6.15,2400,6.3,10800,0,360000
AXISBANK30JAN20680PE.NFO,07/01/2020,11:59:18,6.2,6.15,3600,6.3,8400,0,360000
AXISBANK30JAN20680PE.NFO,07/01/2020,11:59:24,6.2,6.15,2400,6.3,8400,0,360000
AXISBANK30JAN20680PE.NFO,07/01/2020,11:59:52,6.2,6.2,3600,6.3,1200,0,360000
AXISBANK30JAN20680PE.NFO,07/01/2020,11:59:56,6.2,6.2,13200,6.35,7200,0,360000
AXISBANK30JAN20680PE.NFO,07/01/2020,12:00:04,6.2,6.2,13200,6.35,6000,0,360000
AXISBANK30JAN20680PE.NFO,07/01/2020,12:00:12,6.2,6.2,13200,6.35,4800,0,360000
AXISBANK30JAN20680PE.NFO,07/01/2020,12:00:35,6.2,6.2,9600,6.35,6000,0,360000
AXISBANK30JAN20680PE.NFO,07/01/2020,12:01:16,6.2,6.2,10800,6.35,2400,0,360000
AXISBANK30JAN20680PE.NFO,07/01/2020,12:02:07,6.2,6.25,1200,6.4,10800,0,360000
AXISBANK30JAN20680PE.NFO,07/01/2020,12:02:17,6.2,6.2,10800,6.35,2400,0,360000
AXISBANK30JAN20680PE.NFO,07/01/2020,12:02:19,6.2,6.2,10800,6.35,3600,0,360000
AXISBANK30JAN20680PE.NFO,07/01/2020,12:02:24,6.2,6.2,9600,6.35,3600,0,360000
AXISBANK30JAN20680PE.NFO,07/01/2020,12:02:26,6.2,6.2,8400,6.35,3600,0,360000
AXISBANK30JAN20680PE.NFO,07/01/2020,12:02:29,6.2,6.2,9600,6.35,4800,0,360000
AXISBANK30JAN20680PE.NFO,07/01/2020,12:02:39,6.2,6.15,8400,6.3,3600,0,360000
AXISBANK30JAN20680PE.NFO,07/01/2020,12:02:45,6.2,6.1,4800,6.3,8400,0,360000
AXISBANK30JAN20680PE.NFO,07/01/2020,12:02:50,6.2,6.1,10800,6.3,9600,0,360000
AXISBANK30JAN20680PE.NFO,07/01/2020,12:02:59,6.2,6.1,12000,6.3,9600,0,360000
AXISBANK30JAN20680PE.NFO,07/01/2020,12:03:15,6.2,6.1,10800,6.3,9600,0,360000
AXISBANK30JAN20680PE.NFO,07/01/2020,12:04:27,6.2,6.1,6000,6.3,9600,0,360000
AXISBANK30JAN20680PE.NFO,07/01/2020,12:04:40,6.2,6.1,4800,6.3,9600,0,360000
AXISBANK30JAN20680PE.NFO,07/01/2020,12:04:43,6.2,6.1,3600,6.3,9600,0,360000
AXISBANK30JAN20680PE.NFO,07/01/2020,12:04:45,6.2,6.1,4800,6.3,9600,0,360000
AXISBANK30JAN20680PE.NFO,07/01/2020,12:04:48,6.2,6.1,3600,6.3,9600,0,360000
AXISBANK30JAN20680PE.NFO,07/01/2020,12:04:51,6.2,6.1,4800,6.3,9600,0,360000
AXISBANK30JAN20680PE.NFO,07/01/2020,12:04:57,6.2,6.1,3600,6.3,9600,0,360000
AXISBANK30JAN20680PE.NFO,07/01/2020,12:05:02,6.1,6.05,1200,6.3,9600,3600,363600
AXISBANK30JAN20680PE.NFO,07/01/2020,12:05:06,6.1,6.05,1200,6.3,9600,0,363600
AXISBANK30JAN20680PE.NFO,07/01/2020,12:05:10,6.1,6,12000,6.3,9600,0,363600
AXISBANK30JAN20680PE.NFO,07/01/2020,12:05:14,6.1,6,9600,6.3,9600,0,363600
AXISBANK30JAN20680PE.NFO,07/01/2020,12:05:36,6.1,6,3600,6.3,9600,0,363600
AXISBANK30JAN20680PE.NFO,07/01/2020,12:05:42,6.1,6,9600,6.3,9600,0,363600
AXISBANK30JAN20680PE.NFO,07/01/2020,12:05:55,6.1,6.05,4800,6.3,9600,0,363600
AXISBANK30JAN20680PE.NFO,07/01/2020,12:06:11,6.1,6.05,9600,6.3,9600,0,363600
AXISBANK30JAN20680PE.NFO,07/01/2020,12:06:19,6.05,6,7200,6.3,9600,3600,367200
AXISBANK30JAN20680PE.NFO,07/01/2020,12:06:22,6.05,6,7200,6.3,9600,0,367200
AXISBANK30JAN20680PE.NFO,07/01/2020,12:06:47,6.05,6,6000,6.3,9600,0,367200
AXISBANK30JAN20680PE.NFO,07/01/2020,12:06:59,6.05,6,8400,6.3,9600,0,367200
AXISBANK30JAN20680PE.NFO,07/01/2020,12:07:38,6.05,6.05,1200,6.3,9600,0,367200
AXISBANK30JAN20680PE.NFO,07/01/2020,12:07:41,6.05,6.05,9600,6.3,9600,0,367200
AXISBANK30JAN20680PE.NFO,07/01/2020,12:07:48,6.05,6.05,8400,6.3,9600,0,367200
AXISBANK30JAN20680PE.NFO,07/01/2020,12:07:53,6.05,6,8400,6.3,9600,3600,367200
AXISBANK30JAN20680PE.NFO,07/01/2020,12:07:56,6.05,6,8400,6.3,9600,0,367200
AXISBANK30JAN20680PE.NFO,07/01/2020,12:08:01,6.05,5.95,9600,6.3,9600,0,367200
AXISBANK30JAN20680PE.NFO,07/01/2020,12:08:05,6.05,5.9,9600,6.3,9600,0,367200
AXISBANK30JAN20680PE.NFO,07/01/2020,12:08:21,6.05,5.9,2400,6.3,9600,0,367200
AXISBANK30JAN20680PE.NFO,07/01/2020,12:08:48,5.9,5.8,3600,6.3,9600,2400,370800
AXISBANK30JAN20680PE.NFO,07/01/2020,12:08:51,5.9,5.8,9600,6.3,9600,0,370800
AXISBANK30JAN20680PE.NFO,07/01/2020,12:09:35,5.9,5.8,10800,6.3,9600,0,370800
AXISBANK30JAN20680PE.NFO,07/01/2020,12:12:08,5.9,5.8,12000,6.3,9600,0,370800
AXISBANK30JAN20680PE.NFO,07/01/2020,12:12:33,5.9,5.8,8400,6.3,9600,0,370800
AXISBANK30JAN20680PE.NFO,07/01/2020,12:12:36,5.9,5.8,12000,6.3,9600,0,370800
AXISBANK30JAN20680PE.NFO,07/01/2020,12:13:10,5.9,5.8,7200,6.3,9600,0,370800
AXISBANK30JAN20680PE.NFO,07/01/2020,12:13:17,5.9,5.85,2400,6.15,21600,0,370800
AXISBANK30JAN20680PE.NFO,07/01/2020,12:13:32,5.9,5.85,1200,6.05,21600,0,370800
AXISBANK30JAN20680PE.NFO,07/01/2020,12:13:46,5.9,5.85,1200,5.95,6000,0,370800
AXISBANK30JAN20680PE.NFO,07/01/2020,12:13:50,5.9,5.85,1200,5.95,4800,0,370800
AXISBANK30JAN20680PE.NFO,07/01/2020,12:13:53,5.9,5.8,9600,5.95,4800,0,370800
AXISBANK30JAN20680PE.NFO,07/01/2020,12:14:04,5.9,5.8,13200,6,10800,0,370800
AXISBANK30JAN20680PE.NFO,07/01/2020,12:14:10,5.8,5.8,12000,5.95,1200,1200,373200
AXISBANK30JAN20680PE.NFO,07/01/2020,12:14:26,5.8,5.8,12000,6,12000,0,373200
AXISBANK30JAN20680PE.NFO,07/01/2020,12:14:29,5.8,5.8,12000,5.95,1200,0,373200
AXISBANK30JAN20680PE.NFO,07/01/2020,12:14:39,5.8,5.8,6000,5.95,6000,0,373200
AXISBANK30JAN20680PE.NFO,07/01/2020,12:14:41,5.8,5.8,6000,5.95,7200,0,373200
AXISBANK30JAN20680PE.NFO,07/01/2020,12:14:44,5.8,5.8,6000,5.95,1200,0,373200
AXISBANK30JAN20680PE.NFO,07/01/2020,12:15:02,5.8,5.8,6000,5.95,2400,0,373200
AXISBANK30JAN20680PE.NFO,07/01/2020,12:15:20,5.8,5.8,6000,5.95,1200,0,373200
AXISBANK30JAN20680PE.NFO,07/01/2020,12:15:58,5.8,5.85,9600,6,7200,0,373200
AXISBANK30JAN20680PE.NFO,07/01/2020,12:16:10,5.8,5.85,8400,6,7200,0,373200
AXISBANK30JAN20680PE.NFO,07/01/2020,12:16:15,5.8,5.85,8400,6,6000,0,373200
AXISBANK30JAN20680PE.NFO,07/01/2020,12:16:25,5.8,5.85,8400,6,7200,0,373200
AXISBANK30JAN20680PE.NFO,07/01/2020,12:16:38,5.8,5.85,8400,5.95,2400,0,373200
AXISBANK30JAN20680PE.NFO,07/01/2020,12:16:50,5.8,5.85,8400,5.95,1200,0,373200
AXISBANK30JAN20680PE.NFO,07/01/2020,12:16:53,5.8,5.85,9600,6,10800,0,373200
AXISBANK30JAN20680PE.NFO,07/01/2020,12:17:00,5.8,5.85,9600,6,4800,0,373200
AXISBANK30JAN20680PE.NFO,07/01/2020,12:17:08,5.8,5.85,9600,6,2400,0,373200
AXISBANK30JAN20680PE.NFO,07/01/2020,12:17:20,5.8,5.85,9600,6.05,19200,0,373200
AXISBANK30JAN20680PE.NFO,07/01/2020,12:17:23,5.8,5.85,10800,6.1,10800,0,373200
AXISBANK30JAN20680PE.NFO,07/01/2020,12:19:06,5.8,5.85,9600,6.1,10800,0,373200
AXISBANK30JAN20680PE.NFO,07/01/2020,12:19:37,5.8,5.85,2400,6.1,10800,0,373200
AXISBANK30JAN20680PE.NFO,07/01/2020,12:19:43,5.8,5.85,1200,6.1,10800,0,373200
AXISBANK30JAN20680PE.NFO,07/01/2020,12:19:54,5.8,5.8,1200,6.1,10800,0,373200
AXISBANK30JAN20680PE.NFO,07/01/2020,12:19:58,5.8,5.8,3600,6.1,10800,0,373200
AXISBANK30JAN20680PE.NFO,07/01/2020,12:20:08,5.8,5.8,1200,6.1,10800,0,373200
AXISBANK30JAN20680PE.NFO,07/01/2020,12:20:14,5.8,5.8,2400,6.1,10800,0,373200
AXISBANK30JAN20680PE.NFO,07/01/2020,12:21:01,5.8,5.85,8400,6.1,10800,0,373200
AXISBANK30JAN20680PE.NFO,07/01/2020,12:21:05,5.8,5.85,10800,6.1,10800,0,373200
AXISBANK30JAN20680PE.NFO,07/01/2020,12:21:07,5.8,5.85,8400,6.1,10800,0,373200
AXISBANK30JAN20680PE.NFO,07/01/2020,12:21:09,5.8,5.85,9600,6.1,10800,0,373200
AXISBANK30JAN20680PE.NFO,07/01/2020,12:21:34,5.8,5.85,10800,6.1,10800,0,373200
AXISBANK30JAN20680PE.NFO,07/01/2020,12:22:41,5.8,5.95,7200,6.1,3600,0,373200
AXISBANK30JAN20680PE.NFO,07/01/2020,12:22:43,5.8,5.95,8400,6.1,3600,0,373200
AXISBANK30JAN20680PE.NFO,07/01/2020,12:23:21,5.8,5.9,8400,6.05,12000,0,373200
AXISBANK30JAN20680PE.NFO,07/01/2020,12:23:25,5.8,5.95,3600,6.1,12000,0,373200
AXISBANK30JAN20680PE.NFO,07/01/2020,12:23:29,5.8,5.95,2400,6.1,12000,0,373200
AXISBANK30JAN20680PE.NFO,07/01/2020,12:23:47,5.8,5.95,1200,6.05,8400,0,373200
AXISBANK30JAN20680PE.NFO,07/01/2020,12:24:00,5.8,5.9,2400,6.05,9600,0,373200
AXISBANK30JAN20680PE.NFO,07/01/2020,12:24:15,5.8,5.85,4800,6.05,9600,0,373200
AXISBANK30JAN20680PE.NFO,07/01/2020,12:24:20,5.8,5.85,12000,6.05,8400,0,373200
AXISBANK30JAN20680PE.NFO,07/01/2020,12:24:23,5.8,5.85,12000,6.05,9600,0,373200
AXISBANK30JAN20680PE.NFO,07/01/2020,12:24:40,5.8,5.85,12000,6.05,4800,0,373200
AXISBANK30JAN20680PE.NFO,07/01/2020,12:24:50,5.8,5.85,12000,6.05,6000,0,373200
AXISBANK30JAN20680PE.NFO,07/01/2020,12:24:53,5.8,5.85,12000,6.05,8400,0,373200
AXISBANK30JAN20680PE.NFO,07/01/2020,12:25:39,5.8,5.85,3600,6,13200,0,373200
AXISBANK30JAN20680PE.NFO,07/01/2020,12:25:43,5.8,5.85,12000,6,3600,0,373200
AXISBANK30JAN20680PE.NFO,07/01/2020,12:25:58,5.8,5.85,12000,6,1200,0,373200
AXISBANK30JAN20680PE.NFO,07/01/2020,12:26:05,5.8,5.85,3600,5.95,7200,0,373200
AXISBANK30JAN20680PE.NFO,07/01/2020,12:26:18,5.8,5.85,2400,5.95,7200,0,373200
AXISBANK30JAN20680PE.NFO,07/01/2020,12:26:28,5.8,5.85,2400,5.95,8400,0,373200
AXISBANK30JAN20680PE.NFO,07/01/2020,12:26:31,5.8,5.85,2400,5.95,1200,0,373200
AXISBANK30JAN20680PE.NFO,07/01/2020,12:26:38,5.8,5.85,2400,5.9,1200,0,373200
AXISBANK30JAN20680PE.NFO,07/01/2020,12:26:58,5.8,5.85,3600,5.95,7200,0,373200
