Ticker,Date,Time,LTP,BuyPrice,BuyQty,SellPrice,SellQty,LTQ,OpenInterest
AXISBANK30JAN20780CE.NFO,07/01/2020,09:16:04,6.05,6,2400,6.2,3600,3600,657600
AXISBANK30JAN20780CE.NFO,07/01/2020,09:16:04,6.1,6,2400,6.2,3600,0,657600
AXISBANK30JAN20780CE.NFO,07/01/2020,09:16:04,6.1,6,2400,6.2,3600,0,657600
AXISBANK30JAN20780CE.NFO,07/01/2020,09:16:04,6.05,6,2400,6.2,3600,0,657600
AXISBANK30JAN20780CE.NFO,07/01/2020,09:16:15,6.1,6.05,3600,6.2,3600,0,657600
AXISBANK30JAN20780CE.NFO,07/01/2020,09:16:24,6.1,6,3600,6.2,4800,4800,657600
AXISBANK30JAN20780CE.NFO,07/01/2020,09:16:24,6.2,6,3600,6.2,4800,0,657600
AXISBANK30JAN20780CE.NFO,07/01/2020,09:16:33,6.25,6.05,1200,6.2,2400,6000,657600
AXISBANK30JAN20780CE.NFO,07/01/2020,09:16:33,6.25,6.05,1200,6.2,2400,0,657600
AXISBANK30JAN20780CE.NFO,07/01/2020,09:16:33,6,6.05,1200,6.2,2400,0,657600
AXISBANK30JAN20780CE.NFO,07/01/2020,09:16:43,6.25,6,4800,6.15,3600,0,657600
AXISBANK30JAN20780CE.NFO,07/01/2020,09:16:52,6.25,6.1,2400,6.15,1200,0,657600
AXISBANK30JAN20780CE.NFO,07/01/2020,09:17:00,6.1,6.1,1200,6.2,3600,1200,657600
AXISBANK30JAN20780CE.NFO,07/01/2020,09:17:08,6.25,6.15,3600,6.25,2400,4800,657600
AXISBANK30JAN20780CE.NFO,07/01/2020,09:17:17,6.25,6.05,4800,6.25,7200,1200,664800
AXISBANK30JAN20780CE.NFO,07/01/2020,09:17:25,6.1,6,4800,6.15,3600,1200,664800
AXISBANK30JAN20780CE.NFO,07/01/2020,09:17:34,6.1,6,4800,6.2,6000,0,664800
AXISBANK30JAN20780CE.NFO,07/01/2020,09:18:00,5.95,5.9,2400,6.05,2400,12000,664800
AXISBANK30JAN20780CE.NFO,07/01/2020,09:18:00,5.95,5.9,2400,6.05,2400,0,664800
AXISBANK30JAN20780CE.NFO,07/01/2020,09:18:08,5.95,5.9,1200,6.05,2400,0,664800
AXISBANK30JAN20780CE.NFO,07/01/2020,09:18:15,5.95,6,1200,6.15,3600,0,664800
AXISBANK30JAN20780CE.NFO,07/01/2020,09:18:23,5.95,5.95,1200,6.05,3600,0,664800
AXISBANK30JAN20780CE.NFO,07/01/2020,09:18:39,6,6,2400,6.1,3600,1200,664800
AXISBANK30JAN20780CE.NFO,07/01/2020,09:18:46,6,5.95,3600,6.05,1200,0,664800
AXISBANK30JAN20780CE.NFO,07/01/2020,09:18:53,6,5.95,3600,6.05,3600,0,664800
AXISBANK30JAN20780CE.NFO,07/01/2020,09:19:01,6.05,6,6000,6.1,2400,2400,664800
AXISBANK30JAN20780CE.NFO,07/01/2020,09:19:08,5.9,5.85,2400,5.95,2400,3600,664800
AXISBANK30JAN20780CE.NFO,07/01/2020,09:19:08,5.9,5.85,2400,5.95,2400,0,664800
AXISBANK30JAN20780CE.NFO,07/01/2020,09:19:17,5.9,5.9,10800,6.1,8400,0,664800
AXISBANK30JAN20780CE.NFO,07/01/2020,09:19:25,5.9,6,4800,6.15,8400,0,664800
AXISBANK30JAN20780CE.NFO,07/01/2020,09:19:32,5.9,5.8,8400,6.1,13200,6000,664800
AXISBANK30JAN20780CE.NFO,07/01/2020,09:19:40,5.9,5.8,2400,6.1,14400,1200,664800
AXISBANK30JAN20780CE.NFO,07/01/2020,09:19:48,5.9,5.85,6000,5.95,2400,1200,664800
AXISBANK30JAN20780CE.NFO,07/01/2020,09:19:56,5.9,5.85,7200,5.95,1200,0,664800
AXISBANK30JAN20780CE.NFO,07/01/2020,09:20:04,6,5.85,12000,6.1,4800,2400,664800
AXISBANK30JAN20780CE.NFO,07/01/2020,09:20:11,6,5.95,13200,6.15,1200,0,664800
AXISBANK30JAN20780CE.NFO,07/01/2020,09:20:19,6,6.05,1200,6.15,1200,0,664800
AXISBANK30JAN20780CE.NFO,07/01/2020,09:20:35,6,6.1,2400,6.25,13200,0,664800
AXISBANK30JAN20780CE.NFO,07/01/2020,09:20:43,6.05,6.05,2400,6.15,1200,1200,672000
AXISBANK30JAN20780CE.NFO,07/01/2020,09:20:50,6.05,6.05,7200,6.2,7200,0,672000
AXISBANK30JAN20780CE.NFO,07/01/2020,09:20:58,6.05,6.05,7200,6.15,1200,0,672000
AXISBANK30JAN20780CE.NFO,07/01/2020,09:21:05,6.05,6.05,7200,6.1,1200,0,672000
AXISBANK30JAN20780CE.NFO,07/01/2020,09:21:13,6.1,6.05,4800,6.15,1200,1200,672000
AXISBANK30JAN20780CE.NFO,07/01/2020,09:21:21,6.1,6.05,2400,6.15,2400,0,672000
AXISBANK30JAN20780CE.NFO,07/01/2020,09:21:28,6.1,6.15,1200,6.25,3600,3600,672000
AXISBANK30JAN20780CE.NFO,07/01/2020,09:21:35,6.1,6,1200,6.1,8400,0,672000
AXISBANK30JAN20780CE.NFO,07/01/2020,09:21:42,6.1,6,1200,6.1,4800,3600,672000
AXISBANK30JAN20780CE.NFO,07/01/2020,09:21:50,6.1,6,1200,6.15,10800,0,672000
AXISBANK30JAN20780CE.NFO,07/01/2020,09:21:56,6.1,6,1200,6.15,9600,0,672000
AXISBANK30JAN20780CE.NFO,07/01/2020,09:22:03,6,6,1200,6.15,9600,1200,672000
AXISBANK30JAN20780CE.NFO,07/01/2020,09:22:11,6,6.05,1200,6.15,4800,0,672000
AXISBANK30JAN20780CE.NFO,07/01/2020,09:22:18,6.15,6.05,1200,6.15,3600,1200,672000
AXISBANK30JAN20780CE.NFO,07/01/2020,09:22:25,6.15,6,2400,6.15,10800,0,672000
AXISBANK30JAN20780CE.NFO,07/01/2020,09:22:32,6.15,6.05,7200,6.15,2400,0,672000
AXISBANK30JAN20780CE.NFO,07/01/2020,09:22:39,6.15,6.1,2400,6.2,3600,2400,672000
AXISBANK30JAN20780CE.NFO,07/01/2020,09:22:46,6.15,6.1,1200,6.25,9600,0,672000
AXISBANK30JAN20780CE.NFO,07/01/2020,09:22:52,6.15,6.05,4800,6.2,10800,0,672000
AXISBANK30JAN20780CE.NFO,07/01/2020,09:22:58,6.2,6.1,9600,6.25,3600,1200,672000
AXISBANK30JAN20780CE.NFO,07/01/2020,09:23:05,6.2,6.2,2400,6.3,9600,0,672000
AXISBANK30JAN20780CE.NFO,07/01/2020,09:23:12,6.25,6.2,1200,6.3,2400,1200,672000
AXISBANK30JAN20780CE.NFO,07/01/2020,09:23:18,6.2,6.15,2400,6.25,3600,1200,674400
AXISBANK30JAN20780CE.NFO,07/01/2020,09:23:25,6.2,6.2,4800,6.3,2400,0,674400
AXISBANK30JAN20780CE.NFO,07/01/2020,09:23:31,6.25,6.2,10800,6.3,1200,2400,674400
AXISBANK30JAN20780CE.NFO,07/01/2020,09:23:38,6.3,6.15,10800,6.25,1200,1200,674400
AXISBANK30JAN20780CE.NFO,07/01/2020,09:23:38,6.3,6.15,10800,6.25,1200,0,674400
AXISBANK30JAN20780CE.NFO,07/01/2020,09:23:45,6.3,6.2,9600,6.3,1200,0,674400
AXISBANK30JAN20780CE.NFO,07/01/2020,09:23:51,6.3,6.2,16800,6.3,2400,0,674400
AXISBANK30JAN20780CE.NFO,07/01/2020,09:23:58,6.3,6.25,9600,6.4,13200,2400,674400
AXISBANK30JAN20780CE.NFO,07/01/2020,09:24:05,6.3,6.25,8400,6.4,13200,0,674400
AXISBANK30JAN20780CE.NFO,07/01/2020,09:24:12,6.4,6.25,2400,6.4,12000,1200,674400
AXISBANK30JAN20780CE.NFO,07/01/2020,09:24:12,6.4,6.25,2400,6.4,12000,0,674400
AXISBANK30JAN20780CE.NFO,07/01/2020,09:24:19,6.4,6.25,13200,6.35,1200,0,674400
AXISBANK30JAN20780CE.NFO,07/01/2020,09:24:26,6.35,6.35,2400,6.4,1200,1200,674400
AXISBANK30JAN20780CE.NFO,07/01/2020,09:24:33,6.4,6.35,3600,6.45,1200,1200,674400
AXISBANK30JAN20780CE.NFO,07/01/2020,09:24:40,6.4,6.35,1200,6.45,1200,0,674400
AXISBANK30JAN20780CE.NFO,07/01/2020,09:24:46,6.35,6.25,4800,6.4,8400,1200,674400
AXISBANK30JAN20780CE.NFO,07/01/2020,09:24:53,6.4,6.25,9600,6.4,3600,1200,674400
AXISBANK30JAN20780CE.NFO,07/01/2020,09:24:58,6.4,6.25,9600,6.4,6000,0,674400
AXISBANK30JAN20780CE.NFO,07/01/2020,09:25:05,6.4,6.25,9600,6.4,1200,0,674400
AXISBANK30JAN20780CE.NFO,07/01/2020,09:25:13,6.4,6.35,1200,6.4,3600,0,674400
AXISBANK30JAN20780CE.NFO,07/01/2020,09:25:20,6.4,6.25,9600,6.4,6000,1200,674400
AXISBANK30JAN20780CE.NFO,07/01/2020,09:25:27,6.4,6.25,7200,6.4,6000,0,674400
AXISBANK30JAN20780CE.NFO,07/01/2020,09:25:34,6.4,6.25,10800,6.4,4800,0,674400
AXISBANK30JAN20780CE.NFO,07/01/2020,09:25:42,6.25,6.2,3600,6.3,3600,4800,674400
AXISBANK30JAN20780CE.NFO,07/01/2020,09:25:54,6.25,6.25,1200,6.3,1200,0,674400
AXISBANK30JAN20780CE.NFO,07/01/2020,09:26:05,6.25,6.15,9600,6.3,4800,1200,674400
AXISBANK30JAN20780CE.NFO,07/01/2020,09:26:13,6.3,6.2,7200,6.35,15600,1200,674400
AXISBANK30JAN20780CE.NFO,07/01/2020,09:26:19,6.3,6.15,6000,6.3,8400,0,674400
AXISBANK30JAN20780CE.NFO,07/01/2020,09:26:30,6.3,6.15,7200,6.3,9600,0,674400
AXISBANK30JAN20780CE.NFO,07/01/2020,09:26:37,6.3,6.15,12000,6.3,7200,0,674400
AXISBANK30JAN20780CE.NFO,07/01/2020,09:26:43,6.3,6.1,14400,6.25,3600,0,674400
AXISBANK30JAN20780CE.NFO,07/01/2020,09:26:49,6.3,6.15,4800,6.25,3600,0,674400
AXISBANK30JAN20780CE.NFO,07/01/2020,09:26:54,6.3,6.15,2400,6.25,4800,0,674400
AXISBANK30JAN20780CE.NFO,07/01/2020,09:26:59,6.3,6.15,3600,6.25,4800,0,674400
AXISBANK30JAN20780CE.NFO,07/01/2020,09:27:04,6.3,6.1,14400,6.25,4800,0,674400
AXISBANK30JAN20780CE.NFO,07/01/2020,09:27:09,6.3,6.2,1200,6.25,1200,0,674400
AXISBANK30JAN20780CE.NFO,07/01/2020,09:27:15,6.3,6.15,1200,6.25,2400,0,674400
AXISBANK30JAN20780CE.NFO,07/01/2020,09:27:34,6.3,6.15,3600,6.25,1200,0,674400
AXISBANK30JAN20780CE.NFO,07/01/2020,09:27:45,6.3,6.2,3600,6.25,1200,0,674400
AXISBANK30JAN20780CE.NFO,07/01/2020,09:27:50,6.3,6.2,1200,6.25,1200,0,674400
AXISBANK30JAN20780CE.NFO,07/01/2020,09:28:04,6.25,6.2,4800,6.3,3600,1200,674400
AXISBANK30JAN20780CE.NFO,07/01/2020,09:28:12,6.25,6.2,1200,6.3,4800,0,674400
AXISBANK30JAN20780CE.NFO,07/01/2020,09:28:18,6.25,6.2,1200,6.3,6000,0,674400
AXISBANK30JAN20780CE.NFO,07/01/2020,09:28:30,6.25,6.15,4800,6.25,1200,1200,674400
AXISBANK30JAN20780CE.NFO,07/01/2020,09:28:35,6.15,6.1,6000,6.2,7200,2400,674400
AXISBANK30JAN20780CE.NFO,07/01/2020,09:28:40,6.15,6.1,6000,6.2,7200,0,674400
AXISBANK30JAN20780CE.NFO,07/01/2020,09:28:46,6.15,6.15,2400,6.2,6000,0,674400
AXISBANK30JAN20780CE.NFO,07/01/2020,09:28:52,6.15,6.15,4800,6.2,6000,0,674400
AXISBANK30JAN20780CE.NFO,07/01/2020,09:28:58,6.15,6.15,3600,6.2,6000,0,674400
AXISBANK30JAN20780CE.NFO,07/01/2020,09:29:04,6.15,6.1,13200,6.2,6000,6000,674400
AXISBANK30JAN20780CE.NFO,07/01/2020,09:29:10,6.2,6.2,2400,6.3,4800,6000,674400
AXISBANK30JAN20780CE.NFO,07/01/2020,09:29:16,6.2,6.15,10800,6.3,10800,0,674400
AXISBANK30JAN20780CE.NFO,07/01/2020,09:29:22,6.2,6.15,6000,6.3,14400,0,674400
AXISBANK30JAN20780CE.NFO,07/01/2020,09:29:28,6.2,6.2,2400,6.3,14400,0,674400
AXISBANK30JAN20780CE.NFO,07/01/2020,09:29:34,6.2,6.2,1200,6.3,14400,0,674400
AXISBANK30JAN20780CE.NFO,07/01/2020,09:29:40,6.2,6.15,3600,6.25,2400,0,674400
AXISBANK30JAN20780CE.NFO,07/01/2020,09:29:47,6.2,6.15,4800,6.25,2400,0,674400
AXISBANK30JAN20780CE.NFO,07/01/2020,09:29:53,6.2,6.15,2400,6.25,2400,0,674400
AXISBANK30JAN20780CE.NFO,07/01/2020,09:29:58,6.2,6.1,13200,6.25,4800,0,674400
AXISBANK30JAN20780CE.NFO,07/01/2020,09:30:05,6.2,6.15,7200,6.25,2400,0,674400
AXISBANK30JAN20780CE.NFO,07/01/2020,09:30:12,6.2,6.15,8400,6.3,15600,0,674400
AXISBANK30JAN20780CE.NFO,07/01/2020,09:30:18,6.2,6.15,7200,6.25,3600,0,674400
AXISBANK30JAN20780CE.NFO,07/01/2020,09:30:25,6.2,6.2,1200,6.25,3600,0,674400
AXISBANK30JAN20780CE.NFO,07/01/2020,09:30:41,6.2,6.1,4800,6.2,2400,1200,676800
AXISBANK30JAN20780CE.NFO,07/01/2020,09:30:46,6.2,6.1,4800,6.2,4800,0,676800
AXISBANK30JAN20780CE.NFO,07/01/2020,09:30:52,6.2,6.1,7200,6.25,9600,0,676800
AXISBANK30JAN20780CE.NFO,07/01/2020,09:30:57,6.2,6.05,8400,6.15,2400,0,676800
AXISBANK30JAN20780CE.NFO,07/01/2020,09:31:02,6.2,6.1,2400,6.2,2400,0,676800
AXISBANK30JAN20780CE.NFO,07/01/2020,09:31:09,6.2,6.1,1200,6.2,2400,0,676800
AXISBANK30JAN20780CE.NFO,07/01/2020,09:31:15,6.2,6.15,1200,6.25,2400,0,676800
AXISBANK30JAN20780CE.NFO,07/01/2020,09:31:21,6.2,6.15,8400,6.3,9600,0,676800
AXISBANK30JAN20780CE.NFO,07/01/2020,09:31:27,6.2,6.15,13200,6.3,8400,0,676800
AXISBANK30JAN20780CE.NFO,07/01/2020,09:31:32,6.2,6.2,3600,6.3,6000,0,676800
AXISBANK30JAN20780CE.NFO,07/01/2020,09:31:38,6.2,6.25,2400,6.3,3600,0,676800
AXISBANK30JAN20780CE.NFO,07/01/2020,09:31:48,6.3,6.25,1200,6.3,2400,1200,676800
AXISBANK30JAN20780CE.NFO,07/01/2020,09:31:53,6.3,6.3,3600,6.35,2400,2400,676800
AXISBANK30JAN20780CE.NFO,07/01/2020,09:31:58,6.3,6.25,12000,6.35,2400,0,676800
AXISBANK30JAN20780CE.NFO,07/01/2020,09:32:08,6.3,6.25,9600,6.35,2400,0,676800
AXISBANK30JAN20780CE.NFO,07/01/2020,09:32:13,6.3,6.25,4800,6.3,1200,0,676800
AXISBANK30JAN20780CE.NFO,07/01/2020,09:32:18,6.3,6.25,7200,6.3,1200,0,676800
AXISBANK30JAN20780CE.NFO,07/01/2020,09:32:25,6.3,6.25,4800,6.35,2400,1200,675600
AXISBANK30JAN20780CE.NFO,07/01/2020,09:32:31,6.3,6.25,1200,6.35,3600,0,675600
AXISBANK30JAN20780CE.NFO,07/01/2020,09:32:42,6.3,6.25,1200,6.35,2400,0,675600
AXISBANK30JAN20780CE.NFO,07/01/2020,09:32:48,6.3,6.25,3600,6.35,2400,0,675600
AXISBANK30JAN20780CE.NFO,07/01/2020,09:32:59,6.35,6.3,4800,6.4,2400,2400,675600
AXISBANK30JAN20780CE.NFO,07/01/2020,09:33:05,6.35,6.3,6000,6.4,1200,0,675600
AXISBANK30JAN20780CE.NFO,07/01/2020,09:33:10,6.35,6.3,4800,6.4,1200,0,675600
AXISBANK30JAN20780CE.NFO,07/01/2020,09:33:16,6.4,6.35,3600,6.45,2400,3600,675600
AXISBANK30JAN20780CE.NFO,07/01/2020,09:33:22,6.4,6.35,4800,6.5,16800,0,675600
AXISBANK30JAN20780CE.NFO,07/01/2020,09:33:28,6.4,6.35,3600,6.5,16800,0,675600
AXISBANK30JAN20780CE.NFO,07/01/2020,09:33:33,6.4,6.35,3600,6.5,15600,0,675600
AXISBANK30JAN20780CE.NFO,07/01/2020,09:33:44,6.4,6.4,4800,6.5,6000,0,675600
AXISBANK30JAN20780CE.NFO,07/01/2020,09:33:49,6.4,6.4,3600,6.5,2400,0,675600
AXISBANK30JAN20780CE.NFO,07/01/2020,09:33:59,6.4,6.4,4800,6.5,2400,0,675600
AXISBANK30JAN20780CE.NFO,07/01/2020,09:34:04,6.4,6.4,7200,6.5,2400,0,675600
AXISBANK30JAN20780CE.NFO,07/01/2020,09:34:09,6.4,6.35,9600,6.5,12000,0,675600
AXISBANK30JAN20780CE.NFO,07/01/2020,09:34:15,6.4,6.4,1200,6.5,8400,0,675600
AXISBANK30JAN20780CE.NFO,07/01/2020,09:34:19,6.4,6.3,8400,6.45,8400,0,675600
AXISBANK30JAN20780CE.NFO,07/01/2020,09:34:25,6.4,6.35,9600,6.5,8400,0,675600
AXISBANK30JAN20780CE.NFO,07/01/2020,09:34:29,6.4,6.35,1200,6.45,10800,0,675600
AXISBANK30JAN20780CE.NFO,07/01/2020,09:34:35,6.35,6.3,7200,6.45,10800,1200,675600
AXISBANK30JAN20780CE.NFO,07/01/2020,09:34:40,6.35,6.25,8400,6.4,6000,0,675600
AXISBANK30JAN20780CE.NFO,07/01/2020,09:34:45,6.35,6.25,3600,6.4,8400,0,675600
AXISBANK30JAN20780CE.NFO,07/01/2020,09:34:50,6.35,6.25,4800,6.4,8400,0,675600
AXISBANK30JAN20780CE.NFO,07/01/2020,09:34:55,6.35,6.2,8400,6.35,6000,2400,675600
AXISBANK30JAN20780CE.NFO,07/01/2020,09:35:00,6.35,6.25,2400,6.35,1200,0,675600
AXISBANK30JAN20780CE.NFO,07/01/2020,09:35:05,6.35,6.25,6000,6.4,8400,0,675600
AXISBANK30JAN20780CE.NFO,07/01/2020,09:35:10,6.35,6.25,7200,6.4,8400,0,675600
AXISBANK30JAN20780CE.NFO,07/01/2020,09:35:15,6.35,6.2,12000,6.35,2400,0,675600
AXISBANK30JAN20780CE.NFO,07/01/2020,09:35:19,6.35,6.25,3600,6.4,9600,0,675600
AXISBANK30JAN20780CE.NFO,07/01/2020,09:35:24,6.35,6.25,1200,6.35,2400,0,675600
AXISBANK30JAN20780CE.NFO,07/01/2020,09:35:30,6.35,6.2,10800,6.35,6000,0,675600
AXISBANK30JAN20780CE.NFO,07/01/2020,09:35:42,6.35,6.2,4800,6.3,1200,0,675600
AXISBANK30JAN20780CE.NFO,07/01/2020,09:35:49,6.25,6.2,2400,6.3,2400,2400,673200
AXISBANK30JAN20780CE.NFO,07/01/2020,09:35:56,6.25,6.2,10800,6.35,3600,0,673200
AXISBANK30JAN20780CE.NFO,07/01/2020,09:36:03,6.35,6.2,13200,6.35,2400,2400,673200
AXISBANK30JAN20780CE.NFO,07/01/2020,09:36:08,6.35,6.2,13200,6.35,2400,0,673200
AXISBANK30JAN20780CE.NFO,07/01/2020,09:36:14,6.35,6.3,2400,6.4,2400,0,673200
AXISBANK30JAN20780CE.NFO,07/01/2020,09:36:20,6.35,6.35,1200,6.4,2400,0,673200
AXISBANK30JAN20780CE.NFO,07/01/2020,09:36:26,6.35,6.3,3600,6.4,2400,0,673200
AXISBANK30JAN20780CE.NFO,07/01/2020,09:36:31,6.35,6.3,4800,6.4,2400,0,673200
AXISBANK30JAN20780CE.NFO,07/01/2020,09:36:36,6.35,6.35,1200,6.4,2400,0,673200
AXISBANK30JAN20780CE.NFO,07/01/2020,09:36:46,6.35,6.3,2400,6.4,3600,0,673200
AXISBANK30JAN20780CE.NFO,07/01/2020,09:36:56,6.35,6.3,3600,6.4,3600,0,673200
AXISBANK30JAN20780CE.NFO,07/01/2020,09:37:01,6.35,6.3,1200,6.4,2400,0,673200
AXISBANK30JAN20780CE.NFO,07/01/2020,09:37:06,6.35,6.3,4800,6.4,2400,0,673200
AXISBANK30JAN20780CE.NFO,07/01/2020,09:37:11,6.35,6.3,3600,6.4,2400,0,673200
AXISBANK30JAN20780CE.NFO,07/01/2020,09:37:16,6.35,6.3,1200,6.4,3600,0,673200
AXISBANK30JAN20780CE.NFO,07/01/2020,09:37:20,6.35,6.3,3600,6.4,2400,0,673200
AXISBANK30JAN20780CE.NFO,07/01/2020,09:37:26,6.35,6.3,8400,6.4,2400,0,673200
AXISBANK30JAN20780CE.NFO,07/01/2020,09:37:30,6.35,6.3,1200,6.4,3600,0,673200
AXISBANK30JAN20780CE.NFO,07/01/2020,09:37:46,6.35,6.3,1200,6.4,2400,0,673200
AXISBANK30JAN20780CE.NFO,07/01/2020,09:37:51,6.35,6.3,3600,6.4,2400,0,673200
AXISBANK30JAN20780CE.NFO,07/01/2020,09:37:55,6.35,6.3,8400,6.4,2400,0,673200
AXISBANK30JAN20780CE.NFO,07/01/2020,09:37:59,6.4,6.35,4800,6.4,1200,1200,673200
AXISBANK30JAN20780CE.NFO,07/01/2020,09:38:04,6.4,6.35,8400,6.5,8400,1200,673200
AXISBANK30JAN20780CE.NFO,07/01/2020,09:38:09,6.4,6.35,9600,6.5,10800,0,673200
AXISBANK30JAN20780CE.NFO,07/01/2020,09:38:13,6.4,6.35,10800,6.5,8400,0,673200
AXISBANK30JAN20780CE.NFO,07/01/2020,09:38:18,6.4,6.4,2400,6.5,4800,0,673200
AXISBANK30JAN20780CE.NFO,07/01/2020,09:38:23,6.55,6.45,4800,6.6,10800,9600,675600
AXISBANK30JAN20780CE.NFO,07/01/2020,09:38:23,6.55,6.45,4800,6.6,10800,0,675600
AXISBANK30JAN20780CE.NFO,07/01/2020,09:38:28,6.55,6.45,3600,6.55,1200,0,675600
AXISBANK30JAN20780CE.NFO,07/01/2020,09:38:41,6.55,6.45,4800,6.55,1200,0,675600
AXISBANK30JAN20780CE.NFO,07/01/2020,09:38:47,6.55,6.5,6000,6.6,1200,1200,675600
AXISBANK30JAN20780CE.NFO,07/01/2020,09:38:52,6.65,6.5,6000,6.65,10800,1200,675600
AXISBANK30JAN20780CE.NFO,07/01/2020,09:38:52,6.65,6.5,6000,6.65,10800,0,675600
AXISBANK30JAN20780CE.NFO,07/01/2020,09:38:56,6.65,6.55,1200,6.65,8400,0,675600
AXISBANK30JAN20780CE.NFO,07/01/2020,09:39:00,6.65,6.55,1200,6.65,7200,0,675600
AXISBANK30JAN20780CE.NFO,07/01/2020,09:39:05,6.65,6.6,2400,6.7,9600,0,675600
AXISBANK30JAN20780CE.NFO,07/01/2020,09:39:10,6.65,6.6,1200,6.7,9600,0,675600
AXISBANK30JAN20780CE.NFO,07/01/2020,09:39:14,6.65,6.55,4800,6.7,12000,0,675600
AXISBANK30JAN20780CE.NFO,07/01/2020,09:39:20,6.65,6.65,2400,6.7,2400,0,675600
AXISBANK30JAN20780CE.NFO,07/01/2020,09:39:26,6.75,6.75,1200,6.8,4800,3600,675600
AXISBANK30JAN20780CE.NFO,07/01/2020,09:39:26,6.75,6.75,1200,6.8,4800,0,675600
AXISBANK30JAN20780CE.NFO,07/01/2020,09:39:31,6.75,6.7,2400,6.8,8400,6000,675600
AXISBANK30JAN20780CE.NFO,07/01/2020,09:39:31,6.8,6.7,2400,6.8,8400,0,675600
AXISBANK30JAN20780CE.NFO,07/01/2020,09:39:37,6.75,6.65,4800,6.75,2400,1200,675600
AXISBANK30JAN20780CE.NFO,07/01/2020,09:39:41,6.75,6.55,8400,6.7,7200,0,675600
AXISBANK30JAN20780CE.NFO,07/01/2020,09:39:46,6.75,6.6,7200,6.75,12000,0,675600
AXISBANK30JAN20780CE.NFO,07/01/2020,09:39:51,6.75,6.6,7200,6.75,10800,0,675600
AXISBANK30JAN20780CE.NFO,07/01/2020,09:39:55,6.75,6.6,3600,6.7,2400,0,675600
AXISBANK30JAN20780CE.NFO,07/01/2020,09:39:59,6.75,6.6,3600,6.7,4800,0,675600
AXISBANK30JAN20780CE.NFO,07/01/2020,09:40:05,6.75,6.6,4800,6.75,10800,0,675600
AXISBANK30JAN20780CE.NFO,07/01/2020,09:40:10,6.75,6.6,6000,6.75,12000,0,675600
AXISBANK30JAN20780CE.NFO,07/01/2020,09:40:16,6.75,6.55,9600,6.7,7200,2400,675600
AXISBANK30JAN20780CE.NFO,07/01/2020,09:40:22,6.75,6.5,9600,6.65,6000,0,675600
AXISBANK30JAN20780CE.NFO,07/01/2020,09:40:27,6.75,6.55,8400,6.7,4800,0,675600
AXISBANK30JAN20780CE.NFO,07/01/2020,09:40:32,6.75,6.55,4800,6.65,1200,0,675600
AXISBANK30JAN20780CE.NFO,07/01/2020,09:40:38,6.75,6.55,3600,6.65,1200,0,675600
AXISBANK30JAN20780CE.NFO,07/01/2020,09:40:47,6.75,6.6,1200,6.7,4800,0,675600
AXISBANK30JAN20780CE.NFO,07/01/2020,09:40:52,6.75,6.55,8400,6.7,4800,0,675600
AXISBANK30JAN20780CE.NFO,07/01/2020,09:40:56,6.75,6.6,10800,6.7,1200,0,675600
AXISBANK30JAN20780CE.NFO,07/01/2020,09:41:01,6.75,6.6,9600,6.7,1200,0,675600
AXISBANK30JAN20780CE.NFO,07/01/2020,09:41:07,6.75,6.6,2400,6.7,3600,0,675600
AXISBANK30JAN20780CE.NFO,07/01/2020,09:41:12,6.75,6.6,3600,6.7,1200,0,675600
AXISBANK30JAN20780CE.NFO,07/01/2020,09:41:16,6.75,6.55,10800,6.7,3600,0,675600
AXISBANK30JAN20780CE.NFO,07/01/2020,09:41:22,6.75,6.55,10800,6.7,1200,0,675600
AXISBANK30JAN20780CE.NFO,07/01/2020,09:41:27,6.75,6.6,12000,6.7,1200,0,675600
AXISBANK30JAN20780CE.NFO,07/01/2020,09:41:36,6.75,6.6,10800,6.75,4800,0,675600
AXISBANK30JAN20780CE.NFO,07/01/2020,09:41:41,6.75,6.6,8400,6.7,1200,0,675600
AXISBANK30JAN20780CE.NFO,07/01/2020,09:41:45,6.75,6.6,10800,6.75,4800,0,675600
AXISBANK30JAN20780CE.NFO,07/01/2020,09:42:10,6.75,6.6,10800,6.75,3600,0,675600
AXISBANK30JAN20780CE.NFO,07/01/2020,09:42:16,6.75,6.65,6000,6.75,1200,0,675600
AXISBANK30JAN20780CE.NFO,07/01/2020,09:42:23,6.75,6.8,1200,6.85,1200,1200,676800
AXISBANK30JAN20780CE.NFO,07/01/2020,09:42:30,6.85,6.85,1200,6.9,2400,1200,676800
AXISBANK30JAN20780CE.NFO,07/01/2020,09:42:30,6.85,6.85,1200,6.9,2400,0,676800
AXISBANK30JAN20780CE.NFO,07/01/2020,09:42:38,6.85,6.8,7200,6.9,3600,0,676800
AXISBANK30JAN20780CE.NFO,07/01/2020,09:42:50,6.85,6.7,12000,6.85,4800,0,676800
AXISBANK30JAN20780CE.NFO,07/01/2020,09:42:56,6.85,6.7,7200,6.8,1200,0,676800
AXISBANK30JAN20780CE.NFO,07/01/2020,09:43:02,6.85,6.75,6000,6.85,2400,0,676800
AXISBANK30JAN20780CE.NFO,07/01/2020,09:43:08,6.85,6.75,8400,6.9,10800,0,676800
AXISBANK30JAN20780CE.NFO,07/01/2020,09:43:14,6.85,6.75,7200,6.9,9600,0,676800
AXISBANK30JAN20780CE.NFO,07/01/2020,09:43:24,6.85,6.75,9600,6.9,7200,1200,676800
AXISBANK30JAN20780CE.NFO,07/01/2020,09:43:29,6.85,6.75,6000,6.85,1200,0,676800
AXISBANK30JAN20780CE.NFO,07/01/2020,09:43:34,6.7,6.6,2400,6.7,1200,3600,676800
AXISBANK30JAN20780CE.NFO,07/01/2020,09:43:38,6.7,6.65,7200,6.7,1200,0,676800
AXISBANK30JAN20780CE.NFO,07/01/2020,09:43:43,6.7,6.65,12000,6.8,1200,1200,676800
AXISBANK30JAN20780CE.NFO,07/01/2020,09:43:48,6.7,6.7,8400,6.8,1200,0,676800
AXISBANK30JAN20780CE.NFO,07/01/2020,09:43:53,6.7,6.75,3600,6.85,1200,0,676800
AXISBANK30JAN20780CE.NFO,07/01/2020,09:43:58,6.7,6.75,1200,6.8,1200,0,676800
AXISBANK30JAN20780CE.NFO,07/01/2020,09:44:04,6.7,6.7,6000,6.8,1200,0,676800
AXISBANK30JAN20780CE.NFO,07/01/2020,09:44:10,6.7,6.7,7200,6.8,1200,0,676800
AXISBANK30JAN20780CE.NFO,07/01/2020,09:44:15,6.7,6.75,3600,6.8,1200,0,676800
AXISBANK30JAN20780CE.NFO,07/01/2020,09:44:20,6.8,6.75,9600,6.85,1200,1200,679200
AXISBANK30JAN20780CE.NFO,07/01/2020,09:44:25,6.8,6.75,8400,6.9,7200,0,679200
AXISBANK30JAN20780CE.NFO,07/01/2020,09:44:31,6.8,6.75,6000,6.85,2400,0,679200
AXISBANK30JAN20780CE.NFO,07/01/2020,09:44:36,6.8,6.75,4800,6.85,1200,0,679200
AXISBANK30JAN20780CE.NFO,07/01/2020,09:44:42,6.8,6.75,7200,6.85,2400,0,679200
AXISBANK30JAN20780CE.NFO,07/01/2020,09:44:53,6.8,6.75,10800,6.85,1200,0,679200
AXISBANK30JAN20780CE.NFO,07/01/2020,09:44:58,6.8,6.75,8400,6.85,2400,0,679200
AXISBANK30JAN20780CE.NFO,07/01/2020,09:45:09,6.85,6.85,8400,6.95,2400,8400,679200
AXISBANK30JAN20780CE.NFO,07/01/2020,09:45:09,6.95,6.85,8400,6.95,2400,0,679200
AXISBANK30JAN20780CE.NFO,07/01/2020,09:45:16,6.85,6.85,2400,6.95,1200,0,679200
AXISBANK30JAN20780CE.NFO,07/01/2020,09:45:22,6.85,6.85,1200,6.95,1200,0,679200
AXISBANK30JAN20780CE.NFO,07/01/2020,09:45:27,6.9,6.85,3600,6.95,1200,1200,679200
AXISBANK30JAN20780CE.NFO,07/01/2020,09:45:33,6.9,6.85,1200,6.95,7200,0,679200
AXISBANK30JAN20780CE.NFO,07/01/2020,09:45:37,6.9,6.8,2400,6.9,6000,0,679200
AXISBANK30JAN20780CE.NFO,07/01/2020,09:45:51,6.9,6.7,3600,6.8,6000,0,679200
AXISBANK30JAN20780CE.NFO,07/01/2020,09:45:56,6.8,6.7,2400,6.8,7200,1200,679200
AXISBANK30JAN20780CE.NFO,07/01/2020,09:46:00,6.8,6.7,2400,6.8,7200,0,679200
AXISBANK30JAN20780CE.NFO,07/01/2020,09:46:05,6.85,6.8,9600,6.95,3600,2400,679200
AXISBANK30JAN20780CE.NFO,07/01/2020,09:46:10,6.8,6.8,7200,6.95,6000,1200,679200
AXISBANK30JAN20780CE.NFO,07/01/2020,09:46:14,6.8,6.75,8400,6.9,1200,0,679200
AXISBANK30JAN20780CE.NFO,07/01/2020,09:46:24,6.8,6.75,2400,6.85,2400,0,679200
AXISBANK30JAN20780CE.NFO,07/01/2020,09:46:30,6.8,6.75,6000,6.9,6000,0,679200
AXISBANK30JAN20780CE.NFO,07/01/2020,09:46:35,6.8,6.75,2400,6.85,2400,0,679200
AXISBANK30JAN20780CE.NFO,07/01/2020,09:46:41,6.8,6.7,8400,6.85,4800,0,679200
AXISBANK30JAN20780CE.NFO,07/01/2020,09:46:46,6.8,6.7,3600,6.8,3600,0,679200
AXISBANK30JAN20780CE.NFO,07/01/2020,09:46:51,6.8,6.7,1200,6.8,7200,0,679200
AXISBANK30JAN20780CE.NFO,07/01/2020,09:46:59,6.7,6.65,3600,6.75,6000,1200,679200
AXISBANK30JAN20780CE.NFO,07/01/2020,09:47:03,6.7,6.55,10800,6.75,9600,0,679200
AXISBANK30JAN20780CE.NFO,07/01/2020,09:47:08,6.7,6.55,10800,6.7,4800,0,679200
AXISBANK30JAN20780CE.NFO,07/01/2020,09:47:26,6.7,6.55,4800,6.65,2400,0,679200
AXISBANK30JAN20780CE.NFO,07/01/2020,09:47:43,6.7,6.55,1200,6.65,1200,0,679200
AXISBANK30JAN20780CE.NFO,07/01/2020,09:47:48,6.7,6.5,7200,6.65,4800,0,679200
AXISBANK30JAN20780CE.NFO,07/01/2020,09:47:53,6.7,6.5,8400,6.65,4800,0,679200
AXISBANK30JAN20780CE.NFO,07/01/2020,09:47:57,6.7,6.5,6000,6.65,13200,0,679200
AXISBANK30JAN20780CE.NFO,07/01/2020,09:48:02,6.7,6.5,3600,6.6,2400,0,679200
AXISBANK30JAN20780CE.NFO,07/01/2020,09:48:07,6.5,6.45,7200,6.5,8400,1200,676800
AXISBANK30JAN20780CE.NFO,07/01/2020,09:48:11,6.5,6.45,8400,6.5,7200,1200,676800
AXISBANK30JAN20780CE.NFO,07/01/2020,09:48:15,6.45,6.45,6000,6.5,7200,1200,676800
AXISBANK30JAN20780CE.NFO,07/01/2020,09:48:19,6.5,6.45,8400,6.6,9600,7200,676800
AXISBANK30JAN20780CE.NFO,07/01/2020,09:48:23,6.5,6.5,2400,6.6,3600,0,676800
AXISBANK30JAN20780CE.NFO,07/01/2020,09:48:35,6.5,6.5,2400,6.6,2400,0,676800
AXISBANK30JAN20780CE.NFO,07/01/2020,09:48:57,6.5,6.45,9600,6.6,4800,0,676800
AXISBANK30JAN20780CE.NFO,07/01/2020,09:49:01,6.5,6.45,4800,6.55,1200,0,676800
AXISBANK30JAN20780CE.NFO,07/01/2020,09:49:17,6.5,6.45,4800,6.6,9600,0,676800
AXISBANK30JAN20780CE.NFO,07/01/2020,09:49:21,6.5,6.45,4800,6.55,1200,0,676800
AXISBANK30JAN20780CE.NFO,07/01/2020,09:49:25,6.5,6.4,3600,6.55,10800,0,676800
AXISBANK30JAN20780CE.NFO,07/01/2020,09:49:32,6.4,6.35,9600,6.5,1200,1200,676800
AXISBANK30JAN20780CE.NFO,07/01/2020,09:49:38,6.4,6.35,7200,6.5,4800,2400,676800
AXISBANK30JAN20780CE.NFO,07/01/2020,09:49:42,6.4,6.4,3600,6.5,2400,0,676800
AXISBANK30JAN20780CE.NFO,07/01/2020,09:49:47,6.35,6.25,8400,6.4,9600,2400,676800
AXISBANK30JAN20780CE.NFO,07/01/2020,09:49:50,6.35,6.25,8400,6.4,9600,0,676800
AXISBANK30JAN20780CE.NFO,07/01/2020,09:49:56,6.25,6.25,2400,6.4,9600,1200,676800
AXISBANK30JAN20780CE.NFO,07/01/2020,09:50:02,6.25,6.2,9600,6.4,9600,0,676800
AXISBANK30JAN20780CE.NFO,07/01/2020,09:50:11,6.25,6.2,8400,6.4,9600,0,676800
AXISBANK30JAN20780CE.NFO,07/01/2020,09:50:15,6.4,6.2,3600,6.3,1200,1200,676800
AXISBANK30JAN20780CE.NFO,07/01/2020,09:50:19,6.4,6.2,6000,6.35,10800,0,676800
AXISBANK30JAN20780CE.NFO,07/01/2020,09:50:26,6.4,6.2,6000,6.35,9600,0,676800
AXISBANK30JAN20780CE.NFO,07/01/2020,09:50:32,6.4,6.2,6000,6.35,10800,0,676800
AXISBANK30JAN20780CE.NFO,07/01/2020,09:50:36,6.4,6.2,3600,6.35,10800,0,676800
AXISBANK30JAN20780CE.NFO,07/01/2020,09:50:41,6.2,6.1,6000,6.25,6000,1200,678000
AXISBANK30JAN20780CE.NFO,07/01/2020,09:50:46,6.2,6.15,12000,6.3,2400,0,678000
AXISBANK30JAN20780CE.NFO,07/01/2020,09:50:51,6.2,6.15,2400,6.25,1200,0,678000
AXISBANK30JAN20780CE.NFO,07/01/2020,09:50:55,6.2,6.2,1200,6.3,8400,0,678000
AXISBANK30JAN20780CE.NFO,07/01/2020,09:51:00,6.2,6.2,1200,6.3,3600,0,678000
AXISBANK30JAN20780CE.NFO,07/01/2020,09:51:04,6.2,6.1,9600,6.25,2400,1200,678000
AXISBANK30JAN20780CE.NFO,07/01/2020,09:51:08,6.2,6.15,1200,6.25,2400,0,678000
AXISBANK30JAN20780CE.NFO,07/01/2020,09:51:13,6.2,6.15,1200,6.25,3600,0,678000
AXISBANK30JAN20780CE.NFO,07/01/2020,09:51:17,6.2,6.1,9600,6.25,3600,0,678000
AXISBANK30JAN20780CE.NFO,07/01/2020,09:51:22,6.25,6.2,2400,6.3,1200,1200,678000
AXISBANK30JAN20780CE.NFO,07/01/2020,09:51:26,6.25,6.2,2400,6.3,1200,0,678000
AXISBANK30JAN20780CE.NFO,07/01/2020,09:51:31,6.25,6.25,2400,6.35,2400,0,678000
AXISBANK30JAN20780CE.NFO,07/01/2020,09:51:35,6.25,6.3,1200,6.4,4800,1200,678000
AXISBANK30JAN20780CE.NFO,07/01/2020,09:51:39,6.25,6.2,9600,6.35,4800,0,678000
AXISBANK30JAN20780CE.NFO,07/01/2020,09:52:02,6.25,6.2,10800,6.35,4800,0,678000
AXISBANK30JAN20780CE.NFO,07/01/2020,09:52:11,6.25,6.2,9600,6.35,4800,0,678000
AXISBANK30JAN20780CE.NFO,07/01/2020,09:52:15,6.25,6.2,10800,6.35,6000,0,678000
AXISBANK30JAN20780CE.NFO,07/01/2020,09:52:19,6.25,6.2,8400,6.35,6000,0,678000
AXISBANK30JAN20780CE.NFO,07/01/2020,09:52:24,6.25,6.2,7200,6.35,6000,0,678000
AXISBANK30JAN20780CE.NFO,07/01/2020,09:52:30,6.25,6.15,6000,6.3,7200,1200,678000
AXISBANK30JAN20780CE.NFO,07/01/2020,09:52:39,6.25,6.2,6000,6.35,8400,0,678000
AXISBANK30JAN20780CE.NFO,07/01/2020,09:52:56,6.25,6.05,4800,6.2,2400,0,678000
AXISBANK30JAN20780CE.NFO,07/01/2020,09:53:00,6.2,6.1,1200,6.2,4800,1200,678000
AXISBANK30JAN20780CE.NFO,07/01/2020,09:53:04,6.2,6.05,4800,6.2,6000,0,678000
AXISBANK30JAN20780CE.NFO,07/01/2020,09:53:10,6.2,6.05,2400,6.15,3600,0,678000
AXISBANK30JAN20780CE.NFO,07/01/2020,09:53:15,6.2,6.05,4800,6.15,3600,0,678000
AXISBANK30JAN20780CE.NFO,07/01/2020,09:53:20,6.2,6.05,4800,6.15,2400,0,678000
AXISBANK30JAN20780CE.NFO,07/01/2020,09:53:38,6.2,6.05,6000,6.2,12000,0,678000
AXISBANK30JAN20780CE.NFO,07/01/2020,09:53:42,6.2,6.1,2400,6.2,10800,0,678000
AXISBANK30JAN20780CE.NFO,07/01/2020,09:53:46,6.2,6.1,4800,6.2,6000,0,678000
AXISBANK30JAN20780CE.NFO,07/01/2020,09:53:50,6.2,6.15,1200,6.2,6000,0,678000
AXISBANK30JAN20780CE.NFO,07/01/2020,09:53:55,6.2,6.1,2400,6.2,6000,0,678000
AXISBANK30JAN20780CE.NFO,07/01/2020,09:54:00,6.2,6.1,3600,6.2,6000,0,678000
AXISBANK30JAN20780CE.NFO,07/01/2020,09:54:05,6.2,6.1,3600,6.2,4800,0,678000
AXISBANK30JAN20780CE.NFO,07/01/2020,09:54:10,6.2,6.1,4800,6.2,4800,0,678000
AXISBANK30JAN20780CE.NFO,07/01/2020,09:54:15,6.2,6.1,4800,6.2,2400,1200,679200
AXISBANK30JAN20780CE.NFO,07/01/2020,09:54:29,6.2,6.1,4800,6.2,2400,0,679200
AXISBANK30JAN20780CE.NFO,07/01/2020,09:54:34,6.2,6.1,1200,6.2,3600,0,679200
AXISBANK30JAN20780CE.NFO,07/01/2020,09:54:43,6.2,6.1,4800,6.2,3600,0,679200
AXISBANK30JAN20780CE.NFO,07/01/2020,09:54:47,6.2,6.1,4800,6.2,2400,0,679200
AXISBANK30JAN20780CE.NFO,07/01/2020,09:54:51,6.2,6.05,9600,6.2,7200,0,679200
AXISBANK30JAN20780CE.NFO,07/01/2020,09:54:55,6.2,6.05,12000,6.2,7200,0,679200
AXISBANK30JAN20780CE.NFO,07/01/2020,09:54:59,6.2,6.1,3600,6.2,2400,0,679200
AXISBANK30JAN20780CE.NFO,07/01/2020,09:55:04,6.2,6.15,10800,6.3,3600,0,679200
AXISBANK30JAN20780CE.NFO,07/01/2020,09:55:09,6.2,6.15,10800,6.35,7200,0,679200
AXISBANK30JAN20780CE.NFO,07/01/2020,09:55:14,6.2,6.2,2400,6.35,7200,0,679200
AXISBANK30JAN20780CE.NFO,07/01/2020,09:55:23,6.2,6.25,1200,6.35,6000,0,679200
AXISBANK30JAN20780CE.NFO,07/01/2020,09:55:27,6.2,6.2,8400,6.35,7200,0,679200
AXISBANK30JAN20780CE.NFO,07/01/2020,09:55:32,6.2,6.2,8400,6.35,4800,0,679200
AXISBANK30JAN20780CE.NFO,07/01/2020,09:55:35,6.2,6.2,8400,6.35,3600,0,679200
AXISBANK30JAN20780CE.NFO,07/01/2020,09:55:45,6.2,6.2,9600,6.3,1200,0,679200
AXISBANK30JAN20780CE.NFO,07/01/2020,09:55:49,6.2,6.2,9600,6.35,6000,0,679200
AXISBANK30JAN20780CE.NFO,07/01/2020,09:55:52,6.2,6.2,10800,6.35,3600,0,679200
AXISBANK30JAN20780CE.NFO,07/01/2020,09:55:56,6.2,6.2,10800,6.3,1200,0,679200
AXISBANK30JAN20780CE.NFO,07/01/2020,09:55:59,6.2,6.2,4800,6.35,12000,0,679200
AXISBANK30JAN20780CE.NFO,07/01/2020,09:56:04,6.2,6.15,10800,6.3,6000,0,679200
AXISBANK30JAN20780CE.NFO,07/01/2020,09:56:18,6.2,6.2,3600,6.35,12000,0,679200
AXISBANK30JAN20780CE.NFO,07/01/2020,09:56:23,6.2,6.2,2400,6.35,12000,0,679200
AXISBANK30JAN20780CE.NFO,07/01/2020,09:56:32,6.2,6.2,1200,6.3,7200,0,679200
AXISBANK30JAN20780CE.NFO,07/01/2020,09:56:36,6.2,6.15,1200,6.2,1200,0,679200
AXISBANK30JAN20780CE.NFO,07/01/2020,09:56:41,6.2,6.1,2400,6.2,1200,0,679200
AXISBANK30JAN20780CE.NFO,07/01/2020,09:56:50,6.2,6.1,1200,6.2,3600,0,679200
AXISBANK30JAN20780CE.NFO,07/01/2020,09:56:54,6.2,6.1,1200,6.2,4800,0,679200
AXISBANK30JAN20780CE.NFO,07/01/2020,09:57:03,6.2,6.1,3600,6.2,1200,0,679200
AXISBANK30JAN20780CE.NFO,07/01/2020,09:57:07,6.2,6.15,1200,6.25,4800,1200,676800
AXISBANK30JAN20780CE.NFO,07/01/2020,09:57:11,6.2,6.15,1200,6.25,4800,0,676800
AXISBANK30JAN20780CE.NFO,07/01/2020,09:57:16,6.2,6.15,2400,6.25,2400,0,676800
AXISBANK30JAN20780CE.NFO,07/01/2020,09:57:28,6.2,6.15,1200,6.25,2400,0,676800
AXISBANK30JAN20780CE.NFO,07/01/2020,09:57:32,6.2,6.15,2400,6.25,2400,0,676800
AXISBANK30JAN20780CE.NFO,07/01/2020,09:57:44,6.2,6.15,13200,6.3,2400,0,676800
AXISBANK30JAN20780CE.NFO,07/01/2020,09:57:47,6.2,6.15,12000,6.3,2400,0,676800
AXISBANK30JAN20780CE.NFO,07/01/2020,09:57:58,6.2,6.2,3600,6.3,2400,0,676800
AXISBANK30JAN20780CE.NFO,07/01/2020,09:58:14,6.3,6.25,7200,6.35,1200,1200,676800
AXISBANK30JAN20780CE.NFO,07/01/2020,09:58:18,6.3,6.25,7200,6.35,1200,0,676800
AXISBANK30JAN20780CE.NFO,07/01/2020,09:58:25,6.3,6.25,2400,6.35,1200,0,676800
AXISBANK30JAN20780CE.NFO,07/01/2020,09:58:30,6.3,6.25,1200,6.35,3600,0,676800
AXISBANK30JAN20780CE.NFO,07/01/2020,09:58:34,6.3,6.25,1200,6.35,4800,0,676800
AXISBANK30JAN20780CE.NFO,07/01/2020,09:58:44,6.3,6.15,16800,6.3,4800,0,676800
AXISBANK30JAN20780CE.NFO,07/01/2020,09:58:49,6.2,6.15,1200,6.25,2400,1200,676800
AXISBANK30JAN20780CE.NFO,07/01/2020,09:58:55,6.2,6.1,7200,6.25,7200,0,676800
AXISBANK30JAN20780CE.NFO,07/01/2020,09:59:00,6.2,6.1,9600,6.25,7200,0,676800
AXISBANK30JAN20780CE.NFO,07/01/2020,09:59:05,6.2,6.1,7200,6.2,1200,1200,676800
AXISBANK30JAN20780CE.NFO,07/01/2020,09:59:23,6.2,6.1,6000,6.2,1200,0,676800
AXISBANK30JAN20780CE.NFO,07/01/2020,09:59:28,6.2,6.1,7200,6.2,1200,0,676800
AXISBANK30JAN20780CE.NFO,07/01/2020,09:59:38,6.2,6.05,18000,6.2,7200,0,676800
AXISBANK30JAN20780CE.NFO,07/01/2020,09:59:43,6.2,6.1,10800,6.25,6000,0,676800
AXISBANK30JAN20780CE.NFO,07/01/2020,09:59:48,6.2,6.1,10800,6.25,4800,0,676800
AXISBANK30JAN20780CE.NFO,07/01/2020,09:59:51,6.2,6.15,2400,6.25,4800,0,676800
AXISBANK30JAN20780CE.NFO,07/01/2020,09:59:57,6.2,6.1,10800,6.25,7200,0,676800
AXISBANK30JAN20780CE.NFO,07/01/2020,10:00:09,6.2,6.1,10800,6.2,1200,0,676800
AXISBANK30JAN20780CE.NFO,07/01/2020,10:00:14,6.2,6.15,1200,6.2,1200,0,676800
AXISBANK30JAN20780CE.NFO,07/01/2020,10:00:18,6.2,6.1,10800,6.2,1200,0,676800
AXISBANK30JAN20780CE.NFO,07/01/2020,10:00:23,6.2,6.1,8400,6.2,1200,0,676800
AXISBANK30JAN20780CE.NFO,07/01/2020,10:00:28,6.2,6.1,10800,6.2,1200,0,676800
AXISBANK30JAN20780CE.NFO,07/01/2020,10:00:40,6.2,6.05,1200,6.1,7200,0,676800
AXISBANK30JAN20780CE.NFO,07/01/2020,10:00:47,6,5.9,2400,6,8400,4800,674400
AXISBANK30JAN20780CE.NFO,07/01/2020,10:00:53,6,5.9,1200,6,7200,1200,674400
AXISBANK30JAN20780CE.NFO,07/01/2020,10:00:59,6.05,5.95,7200,6.05,3600,2400,674400
AXISBANK30JAN20780CE.NFO,07/01/2020,10:01:05,6.05,5.95,1200,6.05,4800,0,674400
AXISBANK30JAN20780CE.NFO,07/01/2020,10:01:10,6.05,5.95,1200,6.05,3600,0,674400
AXISBANK30JAN20780CE.NFO,07/01/2020,10:01:16,6,5.9,2400,6,3600,2400,674400
AXISBANK30JAN20780CE.NFO,07/01/2020,10:01:22,6,5.9,2400,6,2400,0,674400
AXISBANK30JAN20780CE.NFO,07/01/2020,10:01:29,6,5.9,2400,6,3600,0,674400
AXISBANK30JAN20780CE.NFO,07/01/2020,10:01:34,6,5.9,2400,6,4800,0,674400
AXISBANK30JAN20780CE.NFO,07/01/2020,10:01:40,6,5.9,8400,6,3600,0,674400
AXISBANK30JAN20780CE.NFO,07/01/2020,10:01:46,6,5.9,8400,6,2400,0,674400
AXISBANK30JAN20780CE.NFO,07/01/2020,10:01:51,6,5.9,1200,6,3600,0,674400
AXISBANK30JAN20780CE.NFO,07/01/2020,10:01:56,6,5.9,1200,5.95,1200,0,674400
AXISBANK30JAN20780CE.NFO,07/01/2020,10:02:07,6,5.9,6000,5.95,1200,0,674400
AXISBANK30JAN20780CE.NFO,07/01/2020,10:02:13,5.95,5.95,3600,6,1200,1200,674400
AXISBANK30JAN20780CE.NFO,07/01/2020,10:02:18,5.95,5.95,2400,6,2400,0,674400
AXISBANK30JAN20780CE.NFO,07/01/2020,10:02:24,5.95,5.95,3600,6,2400,0,674400
AXISBANK30JAN20780CE.NFO,07/01/2020,10:02:29,5.95,5.9,12000,6,2400,0,674400
AXISBANK30JAN20780CE.NFO,07/01/2020,10:02:39,5.95,5.9,9600,6,2400,0,674400
AXISBANK30JAN20780CE.NFO,07/01/2020,10:02:43,5.95,5.9,10800,6,2400,0,674400
AXISBANK30JAN20780CE.NFO,07/01/2020,10:02:47,5.95,5.9,9600,6,2400,0,674400
AXISBANK30JAN20780CE.NFO,07/01/2020,10:02:55,6,5.9,12000,6,1200,1200,681600
AXISBANK30JAN20780CE.NFO,07/01/2020,10:03:00,6,5.9,12000,6,1200,0,681600
AXISBANK30JAN20780CE.NFO,07/01/2020,10:03:04,6,5.9,10800,6,1200,0,681600
AXISBANK30JAN20780CE.NFO,07/01/2020,10:03:09,6,5.9,1200,6,4800,0,681600
AXISBANK30JAN20780CE.NFO,07/01/2020,10:03:14,5.9,5.85,6000,5.95,4800,1200,681600
AXISBANK30JAN20780CE.NFO,07/01/2020,10:03:19,5.9,5.9,3600,6,9600,0,681600
AXISBANK30JAN20780CE.NFO,07/01/2020,10:03:24,5.9,5.9,4800,6,6000,0,681600
AXISBANK30JAN20780CE.NFO,07/01/2020,10:03:33,5.9,5.85,6000,6,13200,0,681600
AXISBANK30JAN20780CE.NFO,07/01/2020,10:03:39,5.9,5.85,1200,5.95,3600,0,681600
AXISBANK30JAN20780CE.NFO,07/01/2020,10:03:43,5.9,5.8,12000,5.95,7200,0,681600
AXISBANK30JAN20780CE.NFO,07/01/2020,10:03:48,5.9,5.8,8400,5.95,12000,0,681600
AXISBANK30JAN20780CE.NFO,07/01/2020,10:03:53,5.9,5.85,1200,5.95,7200,0,681600
AXISBANK30JAN20780CE.NFO,07/01/2020,10:03:57,5.9,5.85,7200,6,12000,0,681600
AXISBANK30JAN20780CE.NFO,07/01/2020,10:04:11,5.85,5.8,3600,5.9,1200,1200,681600
AXISBANK30JAN20780CE.NFO,07/01/2020,10:04:11,5.85,5.8,3600,5.9,1200,0,681600
AXISBANK30JAN20780CE.NFO,07/01/2020,10:04:16,5.85,5.85,1200,5.9,1200,0,681600
AXISBANK30JAN20780CE.NFO,07/01/2020,10:04:20,5.85,5.85,1200,5.95,9600,0,681600
AXISBANK30JAN20780CE.NFO,07/01/2020,10:04:33,5.85,5.85,3600,5.95,6000,0,681600
AXISBANK30JAN20780CE.NFO,07/01/2020,10:04:38,5.85,5.85,3600,5.95,1200,0,681600
AXISBANK30JAN20780CE.NFO,07/01/2020,10:04:46,5.85,5.85,4800,5.95,2400,0,681600
AXISBANK30JAN20780CE.NFO,07/01/2020,10:04:50,5.85,5.9,1200,6,10800,0,681600
AXISBANK30JAN20780CE.NFO,07/01/2020,10:04:54,5.85,5.85,4800,6,12000,0,681600
AXISBANK30JAN20780CE.NFO,07/01/2020,10:04:58,5.85,5.85,2400,5.9,1200,0,681600
AXISBANK30JAN20780CE.NFO,07/01/2020,10:05:02,5.85,5.85,1200,5.9,1200,0,681600
AXISBANK30JAN20780CE.NFO,07/01/2020,10:05:06,5.85,5.85,2400,5.9,1200,0,681600
AXISBANK30JAN20780CE.NFO,07/01/2020,10:05:10,5.85,5.85,3600,5.9,1200,1200,681600
AXISBANK30JAN20780CE.NFO,07/01/2020,10:05:14,5.85,5.9,1200,6,10800,0,681600
AXISBANK30JAN20780CE.NFO,07/01/2020,10:05:24,5.85,5.9,3600,6,9600,0,681600
AXISBANK30JAN20780CE.NFO,07/01/2020,10:05:27,5.85,5.9,4800,6,9600,0,681600
AXISBANK30JAN20780CE.NFO,07/01/2020,10:05:30,6,5.9,4800,6,9600,1200,681600
AXISBANK30JAN20780CE.NFO,07/01/2020,10:05:37,6,5.9,3600,6,6000,0,681600
AXISBANK30JAN20780CE.NFO,07/01/2020,10:05:49,6,5.9,3600,6,1200,0,681600
AXISBANK30JAN20780CE.NFO,07/01/2020,10:06:04,6,5.9,1200,6,4800,0,681600
AXISBANK30JAN20780CE.NFO,07/01/2020,10:06:09,6,5.85,10800,6,4800,0,681600
AXISBANK30JAN20780CE.NFO,07/01/2020,10:06:13,6,5.9,3600,6,3600,0,681600
AXISBANK30JAN20780CE.NFO,07/01/2020,10:06:17,6,5.9,1200,6,9600,0,681600
AXISBANK30JAN20780CE.NFO,07/01/2020,10:06:22,5.9,5.8,3600,5.95,10800,1200,681600
AXISBANK30JAN20780CE.NFO,07/01/2020,10:06:26,5.9,5.85,2400,5.95,6000,0,681600
AXISBANK30JAN20780CE.NFO,07/01/2020,10:06:31,5.9,5.85,3600,5.95,3600,0,681600
AXISBANK30JAN20780CE.NFO,07/01/2020,10:06:37,5.9,5.85,3600,5.95,2400,0,681600
AXISBANK30JAN20780CE.NFO,07/01/2020,10:06:42,5.9,5.85,2400,5.95,7200,0,681600
AXISBANK30JAN20780CE.NFO,07/01/2020,10:06:47,5.9,5.75,2400,5.85,3600,0,681600
AXISBANK30JAN20780CE.NFO,07/01/2020,10:06:53,5.9,5.8,4800,5.95,14400,0,681600
AXISBANK30JAN20780CE.NFO,07/01/2020,10:07:03,5.9,5.8,2400,5.95,14400,0,681600
AXISBANK30JAN20780CE.NFO,07/01/2020,10:07:13,5.9,5.8,1200,5.9,4800,0,681600
AXISBANK30JAN20780CE.NFO,07/01/2020,10:07:18,5.9,5.75,12000,5.9,8400,0,681600
AXISBANK30JAN20780CE.NFO,07/01/2020,10:07:24,5.9,5.8,3600,5.95,14400,0,681600
AXISBANK30JAN20780CE.NFO,07/01/2020,10:07:34,5.9,5.8,3600,5.95,13200,0,681600
AXISBANK30JAN20780CE.NFO,07/01/2020,10:07:39,5.9,5.8,3600,5.95,12000,0,681600
AXISBANK30JAN20780CE.NFO,07/01/2020,10:07:44,5.9,5.85,1200,5.95,3600,0,681600
AXISBANK30JAN20780CE.NFO,07/01/2020,10:07:49,5.9,5.85,3600,5.95,2400,0,681600
AXISBANK30JAN20780CE.NFO,07/01/2020,10:07:54,5.9,5.85,3600,5.95,3600,0,681600
AXISBANK30JAN20780CE.NFO,07/01/2020,10:08:08,5.9,5.85,3600,5.95,2400,0,681600
AXISBANK30JAN20780CE.NFO,07/01/2020,10:08:18,5.9,5.85,6000,5.95,2400,0,681600
AXISBANK30JAN20780CE.NFO,07/01/2020,10:08:23,5.9,5.9,1200,6,6000,0,681600
AXISBANK30JAN20780CE.NFO,07/01/2020,10:08:28,5.9,5.9,2400,6,1200,0,681600
AXISBANK30JAN20780CE.NFO,07/01/2020,10:08:32,5.9,5.95,10800,6.1,7200,0,681600
AXISBANK30JAN20780CE.NFO,07/01/2020,10:08:38,5.9,6.05,1200,6.1,2400,0,681600
AXISBANK30JAN20780CE.NFO,07/01/2020,10:08:42,5.9,6,1200,6.1,3600,0,681600
AXISBANK30JAN20780CE.NFO,07/01/2020,10:08:47,6.1,6.05,9600,6.2,10800,2400,682800
AXISBANK30JAN20780CE.NFO,07/01/2020,10:08:51,6.1,6.05,3600,6.15,2400,0,682800
AXISBANK30JAN20780CE.NFO,07/01/2020,10:09:00,6.1,6.05,10800,6.2,9600,1200,682800
AXISBANK30JAN20780CE.NFO,07/01/2020,10:09:04,6.1,6.05,6000,6.15,6000,0,682800
AXISBANK30JAN20780CE.NFO,07/01/2020,10:09:08,6.1,6.05,3600,6.15,3600,0,682800
AXISBANK30JAN20780CE.NFO,07/01/2020,10:09:16,6.1,6.1,1200,6.2,6000,0,682800
AXISBANK30JAN20780CE.NFO,07/01/2020,10:09:21,6.1,6.05,2400,6.2,15600,0,682800
AXISBANK30JAN20780CE.NFO,07/01/2020,10:09:26,6.15,6,12000,6.1,1200,1200,682800
AXISBANK30JAN20780CE.NFO,07/01/2020,10:09:31,6.05,6,1200,6.05,1200,1200,682800
AXISBANK30JAN20780CE.NFO,07/01/2020,10:09:35,6.05,6,1200,6.05,1200,0,682800
AXISBANK30JAN20780CE.NFO,07/01/2020,10:09:48,6.05,6,4800,6.1,9600,1200,682800
AXISBANK30JAN20780CE.NFO,07/01/2020,10:09:52,6.05,6,4800,6.1,7200,0,682800
AXISBANK30JAN20780CE.NFO,07/01/2020,10:09:57,6.05,6,6000,6.15,10800,0,682800
AXISBANK30JAN20780CE.NFO,07/01/2020,10:10:02,6.05,6.05,3600,6.15,7200,0,682800
AXISBANK30JAN20780CE.NFO,07/01/2020,10:10:08,6.05,6.05,4800,6.15,2400,0,682800
AXISBANK30JAN20780CE.NFO,07/01/2020,10:10:14,6.05,6.05,2400,6.15,3600,0,682800
AXISBANK30JAN20780CE.NFO,07/01/2020,10:10:19,6.05,6.05,4800,6.15,2400,0,682800
AXISBANK30JAN20780CE.NFO,07/01/2020,10:10:23,6.05,6.05,3600,6.15,2400,0,682800
AXISBANK30JAN20780CE.NFO,07/01/2020,10:10:30,6.05,6.05,1200,6.15,7200,0,682800
AXISBANK30JAN20780CE.NFO,07/01/2020,10:10:35,6.05,6.05,1200,6.15,12000,0,682800
AXISBANK30JAN20780CE.NFO,07/01/2020,10:10:39,6.05,6.05,1200,6.15,6000,0,682800
AXISBANK30JAN20780CE.NFO,07/01/2020,10:10:46,6.05,6.05,1200,6.15,8400,0,682800
AXISBANK30JAN20780CE.NFO,07/01/2020,10:10:50,6.05,6.05,2400,6.15,6000,0,682800
AXISBANK30JAN20780CE.NFO,07/01/2020,10:10:53,6.05,6.05,3600,6.15,6000,0,682800
AXISBANK30JAN20780CE.NFO,07/01/2020,10:11:02,6.05,6.05,4800,6.2,15600,0,682800
AXISBANK30JAN20780CE.NFO,07/01/2020,10:11:10,6.05,6.1,1200,6.2,13200,0,682800
AXISBANK30JAN20780CE.NFO,07/01/2020,10:11:15,6.05,6.1,2400,6.2,13200,0,682800
AXISBANK30JAN20780CE.NFO,07/01/2020,10:11:23,6.05,6.05,4800,6.2,14400,0,682800
AXISBANK30JAN20780CE.NFO,07/01/2020,10:11:27,6.05,6.05,4800,6.2,12000,0,682800
AXISBANK30JAN20780CE.NFO,07/01/2020,10:11:43,6.05,6.1,1200,6.2,8400,0,682800
AXISBANK30JAN20780CE.NFO,07/01/2020,10:11:47,6.05,6.1,2400,6.2,8400,0,682800
AXISBANK30JAN20780CE.NFO,07/01/2020,10:11:55,6.05,6.1,4800,6.2,7200,0,682800
AXISBANK30JAN20780CE.NFO,07/01/2020,10:11:59,6.05,6.05,1200,6.2,9600,0,682800
AXISBANK30JAN20780CE.NFO,07/01/2020,10:12:03,6.05,6.05,6000,6.2,10800,0,682800
AXISBANK30JAN20780CE.NFO,07/01/2020,10:12:07,6.05,6.1,1200,6.2,7200,0,682800
AXISBANK30JAN20780CE.NFO,07/01/2020,10:12:11,6.05,6.05,6000,6.2,10800,0,682800
AXISBANK30JAN20780CE.NFO,07/01/2020,10:12:15,6.05,6.1,3600,6.2,6000,0,682800
AXISBANK30JAN20780CE.NFO,07/01/2020,10:12:19,6.05,6.1,4800,6.2,1200,0,682800
AXISBANK30JAN20780CE.NFO,07/01/2020,10:12:23,6.05,6.1,4800,6.2,2400,0,682800
AXISBANK30JAN20780CE.NFO,07/01/2020,10:12:32,6.05,6.1,3600,6.2,2400,0,682800
AXISBANK30JAN20780CE.NFO,07/01/2020,10:12:37,6.05,6.1,2400,6.2,2400,0,682800
AXISBANK30JAN20780CE.NFO,07/01/2020,10:12:41,6.1,6.1,2400,6.2,2400,4800,680400
AXISBANK30JAN20780CE.NFO,07/01/2020,10:12:48,6.1,6.1,2400,6.2,2400,0,680400
AXISBANK30JAN20780CE.NFO,07/01/2020,10:13:04,6.1,6,13200,6.15,8400,0,680400
AXISBANK30JAN20780CE.NFO,07/01/2020,10:13:08,6.1,6,3600,6.15,13200,0,680400
AXISBANK30JAN20780CE.NFO,07/01/2020,10:13:17,6.1,6,1200,6.15,13200,0,680400
AXISBANK30JAN20780CE.NFO,07/01/2020,10:13:22,6.1,6,2400,6.1,7200,0,680400
AXISBANK30JAN20780CE.NFO,07/01/2020,10:13:26,6.1,6,2400,6.1,4800,0,680400
AXISBANK30JAN20780CE.NFO,07/01/2020,10:13:33,6.1,6,3600,6.05,3600,0,680400
AXISBANK30JAN20780CE.NFO,07/01/2020,10:13:47,6.1,6,2400,6.05,3600,0,680400
AXISBANK30JAN20780CE.NFO,07/01/2020,10:14:07,6.1,6,1200,6.05,3600,0,680400
AXISBANK30JAN20780CE.NFO,07/01/2020,10:14:12,6.1,6,3600,6.05,3600,0,680400
AXISBANK30JAN20780CE.NFO,07/01/2020,10:14:17,6.05,6,1200,6.1,2400,3600,680400
AXISBANK30JAN20780CE.NFO,07/01/2020,10:14:22,6.05,6.05,1200,6.1,2400,0,680400
AXISBANK30JAN20780CE.NFO,07/01/2020,10:14:37,6.05,6.05,1200,6.15,9600,0,680400
AXISBANK30JAN20780CE.NFO,07/01/2020,10:14:52,6.05,6.05,1200,6.15,10800,0,680400
AXISBANK30JAN20780CE.NFO,07/01/2020,10:15:06,6.05,6.05,3600,6.15,1200,0,680400
AXISBANK30JAN20780CE.NFO,07/01/2020,10:15:11,6.05,6.05,1200,6.15,2400,0,680400
AXISBANK30JAN20780CE.NFO,07/01/2020,10:15:16,6.05,6.05,2400,6.15,2400,0,680400
AXISBANK30JAN20780CE.NFO,07/01/2020,10:15:21,6.05,6.05,3600,6.2,15600,0,680400
AXISBANK30JAN20780CE.NFO,07/01/2020,10:15:32,6.05,6.05,1200,6.1,3600,0,680400
AXISBANK30JAN20780CE.NFO,07/01/2020,10:15:37,6.05,6.05,1200,6.1,1200,0,680400
AXISBANK30JAN20780CE.NFO,07/01/2020,10:15:41,6.05,6.05,1200,6.1,2400,0,680400
AXISBANK30JAN20780CE.NFO,07/01/2020,10:15:46,6.05,6,3600,6.1,4800,1200,672000
AXISBANK30JAN20780CE.NFO,07/01/2020,10:15:52,6.05,6.05,1200,6.1,1200,0,672000
AXISBANK30JAN20780CE.NFO,07/01/2020,10:15:57,6.05,6.05,2400,6.15,7200,0,672000
AXISBANK30JAN20780CE.NFO,07/01/2020,10:16:02,6.05,6.05,3600,6.15,7200,0,672000
AXISBANK30JAN20780CE.NFO,07/01/2020,10:16:07,6.1,6.05,1200,6.1,4800,1200,672000
AXISBANK30JAN20780CE.NFO,07/01/2020,10:16:11,6.1,6.05,1200,6.1,1200,0,672000
AXISBANK30JAN20780CE.NFO,07/01/2020,10:16:15,6.1,6.05,2400,6.15,7200,0,672000
AXISBANK30JAN20780CE.NFO,07/01/2020,10:16:19,6.1,6.05,1200,6.1,2400,0,672000
AXISBANK30JAN20780CE.NFO,07/01/2020,10:16:27,6.1,6.05,4800,6.1,2400,0,672000
AXISBANK30JAN20780CE.NFO,07/01/2020,10:16:36,6.1,6.05,2400,6.1,3600,0,672000
AXISBANK30JAN20780CE.NFO,07/01/2020,10:16:40,6.05,6,3600,6.1,4800,2400,672000
AXISBANK30JAN20780CE.NFO,07/01/2020,10:16:44,6.05,6,4800,6.1,2400,0,672000
AXISBANK30JAN20780CE.NFO,07/01/2020,10:16:53,6.05,6.05,1200,6.1,2400,0,672000
AXISBANK30JAN20780CE.NFO,07/01/2020,10:16:57,6.05,6.05,1200,6.15,6000,2400,672000
AXISBANK30JAN20780CE.NFO,07/01/2020,10:17:01,6.05,6,7200,6.1,1200,0,672000
AXISBANK30JAN20780CE.NFO,07/01/2020,10:17:08,6.05,6,6000,6.1,1200,0,672000
AXISBANK30JAN20780CE.NFO,07/01/2020,10:17:12,6.05,6,4800,6.1,1200,0,672000
AXISBANK30JAN20780CE.NFO,07/01/2020,10:17:20,6.05,6,2400,6.1,2400,0,672000
AXISBANK30JAN20780CE.NFO,07/01/2020,10:17:24,6.05,6,3600,6.1,2400,0,672000
AXISBANK30JAN20780CE.NFO,07/01/2020,10:17:28,6.05,6,2400,6.1,2400,0,672000
AXISBANK30JAN20780CE.NFO,07/01/2020,10:17:33,6.05,6,2400,6.05,2400,0,672000
AXISBANK30JAN20780CE.NFO,07/01/2020,10:17:41,6.05,6,1200,6.05,2400,0,672000
AXISBANK30JAN20780CE.NFO,07/01/2020,10:18:00,6.05,6,1200,6.05,1200,0,672000
AXISBANK30JAN20780CE.NFO,07/01/2020,10:18:04,6,5.95,2400,6.05,3600,1200,674400
AXISBANK30JAN20780CE.NFO,07/01/2020,10:18:16,6,5.9,3600,6,1200,0,674400
AXISBANK30JAN20780CE.NFO,07/01/2020,10:18:20,6,5.95,4800,6.05,2400,0,674400
AXISBANK30JAN20780CE.NFO,07/01/2020,10:18:24,6,5.95,6000,6.1,12000,0,674400
AXISBANK30JAN20780CE.NFO,07/01/2020,10:18:32,6,6.05,2400,6.15,9600,0,674400
AXISBANK30JAN20780CE.NFO,07/01/2020,10:18:37,6,6,4800,6.1,2400,0,674400
AXISBANK30JAN20780CE.NFO,07/01/2020,10:18:42,6,5.9,2400,6,10800,0,674400
AXISBANK30JAN20780CE.NFO,07/01/2020,10:18:47,6,5.9,3600,6,1200,0,674400
AXISBANK30JAN20780CE.NFO,07/01/2020,10:18:52,6,5.9,1200,5.95,3600,0,674400
AXISBANK30JAN20780CE.NFO,07/01/2020,10:19:07,6,5.9,2400,5.95,3600,0,674400
AXISBANK30JAN20780CE.NFO,07/01/2020,10:19:29,5.95,5.9,3600,5.95,2400,1200,674400
AXISBANK30JAN20780CE.NFO,07/01/2020,10:19:33,5.95,5.95,6000,6.05,14400,2400,674400
AXISBANK30JAN20780CE.NFO,07/01/2020,10:19:38,5.95,5.95,4800,6.05,14400,0,674400
AXISBANK30JAN20780CE.NFO,07/01/2020,10:19:47,5.95,5.95,4800,6.05,15600,0,674400
AXISBANK30JAN20780CE.NFO,07/01/2020,10:19:51,5.95,5.95,6000,6.05,9600,0,674400
AXISBANK30JAN20780CE.NFO,07/01/2020,10:20:01,6,5.95,3600,6.05,8400,1200,674400
AXISBANK30JAN20780CE.NFO,07/01/2020,10:20:05,6,5.95,3600,6.05,7200,0,674400
AXISBANK30JAN20780CE.NFO,07/01/2020,10:20:19,6,5.95,2400,6.05,7200,0,674400
AXISBANK30JAN20780CE.NFO,07/01/2020,10:20:22,6,5.95,1200,6,1200,0,674400
AXISBANK30JAN20780CE.NFO,07/01/2020,10:20:26,6,5.95,1200,6,4800,0,674400
AXISBANK30JAN20780CE.NFO,07/01/2020,10:20:30,5.95,5.9,3600,5.95,2400,1200,679200
AXISBANK30JAN20780CE.NFO,07/01/2020,10:20:41,5.95,5.9,2400,5.95,1200,1200,679200
AXISBANK30JAN20780CE.NFO,07/01/2020,10:20:46,5.95,5.9,4800,6.05,9600,1200,679200
AXISBANK30JAN20780CE.NFO,07/01/2020,10:20:51,6,5.95,6000,6.1,13200,1200,679200
AXISBANK30JAN20780CE.NFO,07/01/2020,10:21:01,6,5.95,6000,6.1,13200,0,679200
AXISBANK30JAN20780CE.NFO,07/01/2020,10:21:09,6,5.95,4800,6.1,13200,0,679200
AXISBANK30JAN20780CE.NFO,07/01/2020,10:21:32,6,6,3600,6.1,12000,0,679200
AXISBANK30JAN20780CE.NFO,07/01/2020,10:21:36,6,6,2400,6.1,12000,0,679200
AXISBANK30JAN20780CE.NFO,07/01/2020,10:21:40,6,6,3600,6.1,12000,0,679200
AXISBANK30JAN20780CE.NFO,07/01/2020,10:21:51,6,6,1200,6.1,13200,0,679200
AXISBANK30JAN20780CE.NFO,07/01/2020,10:22:04,6,6,2400,6.1,9600,0,679200
AXISBANK30JAN20780CE.NFO,07/01/2020,10:22:09,6,6,1200,6.1,9600,0,679200
AXISBANK30JAN20780CE.NFO,07/01/2020,10:22:13,6,6,1200,6.1,10800,0,679200
AXISBANK30JAN20780CE.NFO,07/01/2020,10:22:18,6,6.05,1200,6.1,1200,0,679200
AXISBANK30JAN20780CE.NFO,07/01/2020,10:22:30,6,6.05,2400,6.1,1200,0,679200
AXISBANK30JAN20780CE.NFO,07/01/2020,10:22:34,6,6,3600,6.1,1200,0,679200
AXISBANK30JAN20780CE.NFO,07/01/2020,10:22:38,6,6.1,3600,6.2,3600,0,679200
AXISBANK30JAN20780CE.NFO,07/01/2020,10:22:43,6.05,6,7200,6.15,12000,2400,679200
AXISBANK30JAN20780CE.NFO,07/01/2020,10:22:50,6.1,6.05,7200,6.2,13200,3600,679200
AXISBANK30JAN20780CE.NFO,07/01/2020,10:22:55,6.1,6.05,8400,6.2,13200,0,679200
AXISBANK30JAN20780CE.NFO,07/01/2020,10:23:00,6.1,6.1,2400,6.2,2400,0,679200
AXISBANK30JAN20780CE.NFO,07/01/2020,10:23:06,6.1,6.15,3600,6.25,4800,0,679200
AXISBANK30JAN20780CE.NFO,07/01/2020,10:23:11,6.1,6.15,3600,6.25,3600,0,679200
AXISBANK30JAN20780CE.NFO,07/01/2020,10:23:15,6.25,6.2,3600,6.25,2400,1200,679200
AXISBANK30JAN20780CE.NFO,07/01/2020,10:23:19,6.25,6.2,3600,6.25,2400,0,679200
AXISBANK30JAN20780CE.NFO,07/01/2020,10:23:23,6.25,6.25,1200,6.35,1200,2400,679200
AXISBANK30JAN20780CE.NFO,07/01/2020,10:23:28,6.25,6.2,6000,6.3,2400,0,679200
AXISBANK30JAN20780CE.NFO,07/01/2020,10:23:33,6.25,6.2,2400,6.3,1200,0,679200
AXISBANK30JAN20780CE.NFO,07/01/2020,10:23:37,6.25,6.2,6000,6.35,9600,0,679200
AXISBANK30JAN20780CE.NFO,07/01/2020,10:23:41,6.25,6.25,1200,6.35,9600,0,679200
AXISBANK30JAN20780CE.NFO,07/01/2020,10:23:45,6.25,6.2,6000,6.35,9600,0,679200
AXISBANK30JAN20780CE.NFO,07/01/2020,10:23:49,6.25,6.25,1200,6.35,9600,0,679200
AXISBANK30JAN20780CE.NFO,07/01/2020,10:23:54,6.25,6.2,1200,6.3,4800,0,679200
AXISBANK30JAN20780CE.NFO,07/01/2020,10:24:02,6.25,6.2,4800,6.25,2400,1200,679200
AXISBANK30JAN20780CE.NFO,07/01/2020,10:24:06,6.25,6.25,3600,6.4,15600,2400,679200
AXISBANK30JAN20780CE.NFO,07/01/2020,10:24:10,6.25,6.25,3600,6.3,1200,0,679200
AXISBANK30JAN20780CE.NFO,07/01/2020,10:24:14,6.25,6.2,8400,6.3,1200,0,679200
AXISBANK30JAN20780CE.NFO,07/01/2020,10:24:22,6.25,6.2,1200,6.3,2400,0,679200
AXISBANK30JAN20780CE.NFO,07/01/2020,10:24:29,6.25,6.2,2400,6.3,4800,0,679200
AXISBANK30JAN20780CE.NFO,07/01/2020,10:24:32,6.25,6.2,3600,6.3,1200,0,679200
AXISBANK30JAN20780CE.NFO,07/01/2020,10:24:42,6.25,6.2,7200,6.3,1200,0,679200
AXISBANK30JAN20780CE.NFO,07/01/2020,10:24:45,6.25,6.2,3600,6.3,1200,0,679200
AXISBANK30JAN20780CE.NFO,07/01/2020,10:24:55,6.25,6.2,1200,6.3,4800,0,679200
AXISBANK30JAN20780CE.NFO,07/01/2020,10:25:04,6.25,6.25,1200,6.35,8400,0,679200
AXISBANK30JAN20780CE.NFO,07/01/2020,10:25:11,6.25,6.2,2400,6.3,2400,1200,679200
AXISBANK30JAN20780CE.NFO,07/01/2020,10:25:15,6.25,6.25,1200,6.3,2400,0,679200
AXISBANK30JAN20780CE.NFO,07/01/2020,10:25:19,6.25,6.1,1200,6.2,3600,1200,679200
AXISBANK30JAN20780CE.NFO,07/01/2020,10:25:24,6.25,6.05,6000,6.2,9600,0,679200
AXISBANK30JAN20780CE.NFO,07/01/2020,10:25:29,6.25,6.05,6000,6.2,10800,0,679200
AXISBANK30JAN20780CE.NFO,07/01/2020,10:25:33,6.25,6,9600,6.15,10800,0,679200
AXISBANK30JAN20780CE.NFO,07/01/2020,10:25:39,6.25,6,8400,6.1,2400,0,679200
AXISBANK30JAN20780CE.NFO,07/01/2020,10:25:45,6.25,6.05,1200,6.15,13200,0,679200
AXISBANK30JAN20780CE.NFO,07/01/2020,10:25:50,6.25,6.05,4800,6.15,3600,0,679200
AXISBANK30JAN20780CE.NFO,07/01/2020,10:25:55,6.25,6.1,1200,6.15,3600,0,679200
AXISBANK30JAN20780CE.NFO,07/01/2020,10:26:07,6.25,6.1,2400,6.15,3600,0,679200
AXISBANK30JAN20780CE.NFO,07/01/2020,10:26:11,6.15,6.1,4800,6.15,1200,2400,679200
AXISBANK30JAN20780CE.NFO,07/01/2020,10:26:16,6.15,6.1,6000,6.25,16800,1200,679200
AXISBANK30JAN20780CE.NFO,07/01/2020,10:26:24,6.15,6.1,6000,6.25,16800,0,679200
AXISBANK30JAN20780CE.NFO,07/01/2020,10:26:35,6.15,6.15,1200,6.25,15600,0,679200
AXISBANK30JAN20780CE.NFO,07/01/2020,10:26:56,6.15,6.15,1200,6.2,4800,0,679200
AXISBANK30JAN20780CE.NFO,07/01/2020,10:26:59,6.15,6.15,1200,6.2,6000,0,679200
AXISBANK30JAN20780CE.NFO,07/01/2020,10:27:03,6.15,6.05,8400,6.2,10800,1200,685200
AXISBANK30JAN20780CE.NFO,07/01/2020,10:27:07,6.15,6.1,1200,6.2,10800,0,685200
AXISBANK30JAN20780CE.NFO,07/01/2020,10:27:11,6.15,6.1,1200,6.2,12000,0,685200
AXISBANK30JAN20780CE.NFO,07/01/2020,10:27:14,6.15,6.1,4800,6.2,12000,0,685200
AXISBANK30JAN20780CE.NFO,07/01/2020,10:27:18,6.15,6.1,1200,6.2,12000,0,685200
AXISBANK30JAN20780CE.NFO,07/01/2020,10:27:23,6.15,6.1,2400,6.2,12000,0,685200
AXISBANK30JAN20780CE.NFO,07/01/2020,10:27:40,6.15,6.1,3600,6.2,4800,0,685200
AXISBANK30JAN20780CE.NFO,07/01/2020,10:27:44,6.15,6.1,2400,6.2,4800,0,685200
AXISBANK30JAN20780CE.NFO,07/01/2020,10:27:54,6.15,6.1,3600,6.2,4800,0,685200
AXISBANK30JAN20780CE.NFO,07/01/2020,10:28:05,6.15,6.1,2400,6.2,4800,0,685200
AXISBANK30JAN20780CE.NFO,07/01/2020,10:28:09,6.15,6.1,3600,6.2,4800,0,685200
AXISBANK30JAN20780CE.NFO,07/01/2020,10:28:12,6.15,6.1,3600,6.2,7200,0,685200
AXISBANK30JAN20780CE.NFO,07/01/2020,10:28:16,6.15,6.05,13200,6.2,8400,0,685200
AXISBANK30JAN20780CE.NFO,07/01/2020,10:28:20,6.15,6.1,2400,6.2,8400,0,685200
AXISBANK30JAN20780CE.NFO,07/01/2020,10:28:29,6.15,6.1,3600,6.2,3600,0,685200
AXISBANK30JAN20780CE.NFO,07/01/2020,10:28:33,6.15,6.1,2400,6.2,6000,0,685200
AXISBANK30JAN20780CE.NFO,07/01/2020,10:28:40,6.15,6.1,3600,6.2,6000,0,685200
AXISBANK30JAN20780CE.NFO,07/01/2020,10:28:47,6.15,6.1,1200,6.15,1200,0,685200
AXISBANK30JAN20780CE.NFO,07/01/2020,10:29:02,6.15,6.05,6000,6.15,1200,0,685200
AXISBANK30JAN20780CE.NFO,07/01/2020,10:29:08,6.15,6.05,7200,6.2,15600,0,685200
AXISBANK30JAN20780CE.NFO,07/01/2020,10:29:10,6.15,6.05,7200,6.2,13200,0,685200
AXISBANK30JAN20780CE.NFO,07/01/2020,10:29:13,6.15,6.1,2400,6.2,4800,0,685200
AXISBANK30JAN20780CE.NFO,07/01/2020,10:29:15,6.15,6.1,3600,6.2,4800,0,685200
AXISBANK30JAN20780CE.NFO,07/01/2020,10:29:18,6.15,6.05,6000,6.15,1200,0,685200
AXISBANK30JAN20780CE.NFO,07/01/2020,10:29:21,6.15,6.05,7200,6.15,1200,0,685200
AXISBANK30JAN20780CE.NFO,07/01/2020,10:29:27,6.15,6.05,8400,6.15,1200,0,685200
AXISBANK30JAN20780CE.NFO,07/01/2020,10:29:31,6.15,6.05,6000,6.15,1200,0,685200
AXISBANK30JAN20780CE.NFO,07/01/2020,10:29:34,6.1,6.1,3600,6.2,1200,3600,686400
AXISBANK30JAN20780CE.NFO,07/01/2020,10:29:38,6.1,6.1,9600,6.2,1200,0,686400
AXISBANK30JAN20780CE.NFO,07/01/2020,10:29:42,6.1,6.1,10800,6.2,1200,0,686400
AXISBANK30JAN20780CE.NFO,07/01/2020,10:29:46,6.2,6.2,1200,6.3,2400,1200,686400
AXISBANK30JAN20780CE.NFO,07/01/2020,10:29:49,6.2,6.2,1200,6.3,2400,0,686400
AXISBANK30JAN20780CE.NFO,07/01/2020,10:29:52,6.2,6.15,10800,6.25,3600,0,686400
AXISBANK30JAN20780CE.NFO,07/01/2020,10:29:57,6.2,6.15,12000,6.25,3600,0,686400
AXISBANK30JAN20780CE.NFO,07/01/2020,10:30:00,6.2,6.15,10800,6.25,3600,0,686400
AXISBANK30JAN20780CE.NFO,07/01/2020,10:30:04,6.2,6.15,12000,6.25,3600,0,686400
AXISBANK30JAN20780CE.NFO,07/01/2020,10:30:13,6.2,6.15,10800,6.25,3600,0,686400
AXISBANK30JAN20780CE.NFO,07/01/2020,10:30:17,6.2,6.2,3600,6.25,1200,3600,686400
AXISBANK30JAN20780CE.NFO,07/01/2020,10:30:21,6.2,6.2,4800,6.25,1200,0,686400
AXISBANK30JAN20780CE.NFO,07/01/2020,10:30:24,6.25,6.2,4800,6.35,12000,1200,686400
AXISBANK30JAN20780CE.NFO,07/01/2020,10:30:26,6.25,6.2,3600,6.35,12000,0,686400
AXISBANK30JAN20780CE.NFO,07/01/2020,10:30:29,6.25,6.25,1200,6.35,7200,0,686400
AXISBANK30JAN20780CE.NFO,07/01/2020,10:30:33,6.25,6.25,1200,6.35,2400,0,686400
AXISBANK30JAN20780CE.NFO,07/01/2020,10:30:36,6.25,6.25,2400,6.35,2400,0,686400
AXISBANK30JAN20780CE.NFO,07/01/2020,10:30:44,6.25,6.2,9600,6.35,3600,0,686400
AXISBANK30JAN20780CE.NFO,07/01/2020,10:30:47,6.25,6.2,2400,6.3,1200,0,686400
AXISBANK30JAN20780CE.NFO,07/01/2020,10:30:54,6.25,6.2,2400,6.35,12000,0,686400
AXISBANK30JAN20780CE.NFO,07/01/2020,10:30:57,6.25,6.2,3600,6.35,12000,0,686400
AXISBANK30JAN20780CE.NFO,07/01/2020,10:31:01,6.25,6.2,3600,6.3,2400,0,686400
AXISBANK30JAN20780CE.NFO,07/01/2020,10:31:04,6.25,6.2,3600,6.25,3600,0,686400
AXISBANK30JAN20780CE.NFO,07/01/2020,10:31:10,6.25,6.2,1200,6.25,3600,0,686400
AXISBANK30JAN20780CE.NFO,07/01/2020,10:31:14,6.25,6.2,2400,6.25,3600,0,686400
AXISBANK30JAN20780CE.NFO,07/01/2020,10:31:17,6.25,6.2,3600,6.25,2400,1200,686400
AXISBANK30JAN20780CE.NFO,07/01/2020,10:31:20,6.25,6.2,8400,6.25,1200,1200,686400
AXISBANK30JAN20780CE.NFO,07/01/2020,10:31:23,6.25,6.2,7200,6.25,1200,0,686400
AXISBANK30JAN20780CE.NFO,07/01/2020,10:31:26,6.25,6.2,1200,6.25,1200,0,686400
AXISBANK30JAN20780CE.NFO,07/01/2020,10:31:30,6.2,6.15,10800,6.25,1200,1200,686400
AXISBANK30JAN20780CE.NFO,07/01/2020,10:31:34,6.2,6.2,2400,6.25,1200,0,686400
AXISBANK30JAN20780CE.NFO,07/01/2020,10:31:38,6.2,6.1,14400,6.25,3600,1200,686400
AXISBANK30JAN20780CE.NFO,07/01/2020,10:31:42,6.2,6.15,1200,6.25,3600,0,686400
AXISBANK30JAN20780CE.NFO,07/01/2020,10:31:46,6.2,6.15,2400,6.25,3600,0,686400
AXISBANK30JAN20780CE.NFO,07/01/2020,10:31:50,6.2,6.15,1200,6.25,3600,0,686400
AXISBANK30JAN20780CE.NFO,07/01/2020,10:31:54,6.2,6.1,14400,6.25,3600,0,686400
AXISBANK30JAN20780CE.NFO,07/01/2020,10:32:02,6.2,6.1,10800,6.2,2400,0,686400
AXISBANK30JAN20780CE.NFO,07/01/2020,10:32:14,6.2,6.05,2400,6.2,8400,0,686400
AXISBANK30JAN20780CE.NFO,07/01/2020,10:32:19,6.2,6.05,3600,6.15,2400,0,686400
AXISBANK30JAN20780CE.NFO,07/01/2020,10:32:23,6.05,6,10800,6.15,4800,1200,686400
AXISBANK30JAN20780CE.NFO,07/01/2020,10:32:28,6.05,6.05,2400,6.15,1200,0,686400
AXISBANK30JAN20780CE.NFO,07/01/2020,10:32:32,6.05,6.05,3600,6.15,1200,0,686400
AXISBANK30JAN20780CE.NFO,07/01/2020,10:32:37,6.05,6,9600,6.1,1200,1200,699600
AXISBANK30JAN20780CE.NFO,07/01/2020,10:32:40,6.05,6,9600,6.15,6000,0,699600
AXISBANK30JAN20780CE.NFO,07/01/2020,10:32:44,6.05,6,12000,6.15,4800,0,699600
AXISBANK30JAN20780CE.NFO,07/01/2020,10:32:47,6.05,6.05,2400,6.15,2400,0,699600
AXISBANK30JAN20780CE.NFO,07/01/2020,10:32:51,6.05,6.05,4800,6.15,1200,0,699600
AXISBANK30JAN20780CE.NFO,07/01/2020,10:33:02,6.05,6.05,3600,6.15,1200,0,699600
AXISBANK30JAN20780CE.NFO,07/01/2020,10:33:05,6.05,6.05,4800,6.15,1200,0,699600
AXISBANK30JAN20780CE.NFO,07/01/2020,10:33:15,6.05,6.05,6000,6.15,1200,0,699600
AXISBANK30JAN20780CE.NFO,07/01/2020,10:33:21,6.15,6.1,4800,6.2,4800,1200,699600
AXISBANK30JAN20780CE.NFO,07/01/2020,10:33:23,6.15,6.1,4800,6.2,4800,0,699600
AXISBANK30JAN20780CE.NFO,07/01/2020,10:33:33,6.15,6.1,1200,6.2,7200,0,699600
AXISBANK30JAN20780CE.NFO,07/01/2020,10:33:36,6.15,6.05,3600,6.15,1200,0,699600
AXISBANK30JAN20780CE.NFO,07/01/2020,10:34:06,6.15,6.05,2400,6.15,1200,0,699600
AXISBANK30JAN20780CE.NFO,07/01/2020,10:34:09,6.15,6.05,3600,6.15,1200,0,699600
AXISBANK30JAN20780CE.NFO,07/01/2020,10:34:17,6.15,6.05,3600,6.15,2400,0,699600
AXISBANK30JAN20780CE.NFO,07/01/2020,10:34:22,6.15,6.05,4800,6.2,16800,0,699600
AXISBANK30JAN20780CE.NFO,07/01/2020,10:34:26,6.15,6.05,4800,6.2,12000,0,699600
AXISBANK30JAN20780CE.NFO,07/01/2020,10:34:29,6.15,6.1,2400,6.2,9600,0,699600
AXISBANK30JAN20780CE.NFO,07/01/2020,10:34:32,6.15,6.1,2400,6.2,6000,0,699600
AXISBANK30JAN20780CE.NFO,07/01/2020,10:34:34,6.15,6.1,2400,6.2,9600,0,699600
AXISBANK30JAN20780CE.NFO,07/01/2020,10:34:40,6.15,6.15,2400,6.2,4800,0,699600
AXISBANK30JAN20780CE.NFO,07/01/2020,10:34:44,6.15,6.1,9600,6.2,4800,0,699600
AXISBANK30JAN20780CE.NFO,07/01/2020,10:34:51,6.15,6.1,10800,6.2,4800,0,699600
AXISBANK30JAN20780CE.NFO,07/01/2020,10:35:01,6.15,6.1,9600,6.2,4800,0,699600
AXISBANK30JAN20780CE.NFO,07/01/2020,10:35:06,6.15,6.1,3600,6.2,6000,0,699600
AXISBANK30JAN20780CE.NFO,07/01/2020,10:35:09,6.15,6.1,3600,6.2,4800,0,699600
AXISBANK30JAN20780CE.NFO,07/01/2020,10:35:11,6.15,6.1,6000,6.2,4800,0,699600
AXISBANK30JAN20780CE.NFO,07/01/2020,10:35:17,6.15,6.15,3600,6.2,4800,0,699600
AXISBANK30JAN20780CE.NFO,07/01/2020,10:35:19,6.15,6.15,4800,6.2,4800,0,699600
AXISBANK30JAN20780CE.NFO,07/01/2020,10:35:32,6.15,6.15,2400,6.2,4800,0,699600
AXISBANK30JAN20780CE.NFO,07/01/2020,10:35:36,6.15,6.15,1200,6.2,4800,0,699600
AXISBANK30JAN20780CE.NFO,07/01/2020,10:35:53,6.15,6.1,10800,6.2,4800,0,699600
AXISBANK30JAN20780CE.NFO,07/01/2020,10:35:59,6.15,6.1,3600,6.2,4800,0,699600
AXISBANK30JAN20780CE.NFO,07/01/2020,10:36:02,6.15,6.1,6000,6.2,4800,0,699600
AXISBANK30JAN20780CE.NFO,07/01/2020,10:36:05,6.15,6.05,4800,6.15,1200,0,699600
AXISBANK30JAN20780CE.NFO,07/01/2020,10:36:08,6.15,6.05,3600,6.15,1200,0,699600
AXISBANK30JAN20780CE.NFO,07/01/2020,10:36:11,6.15,6.05,4800,6.2,14400,0,699600
AXISBANK30JAN20780CE.NFO,07/01/2020,10:36:13,6.15,6.05,4800,6.15,1200,0,699600
AXISBANK30JAN20780CE.NFO,07/01/2020,10:36:16,6.15,6.05,4800,6.2,14400,0,699600
AXISBANK30JAN20780CE.NFO,07/01/2020,10:36:19,6.15,6.1,1200,6.2,14400,0,699600
AXISBANK30JAN20780CE.NFO,07/01/2020,10:36:24,6.15,6.1,2400,6.2,14400,0,699600
AXISBANK30JAN20780CE.NFO,07/01/2020,10:36:26,6.15,6.05,2400,6.15,1200,0,699600
AXISBANK30JAN20780CE.NFO,07/01/2020,10:37:08,6.15,6.05,2400,6.2,16800,0,699600
AXISBANK30JAN20780CE.NFO,07/01/2020,10:37:24,6.15,6.05,6000,6.2,14400,0,699600
AXISBANK30JAN20780CE.NFO,07/01/2020,10:37:29,6.15,6.1,1200,6.2,6000,0,699600
AXISBANK30JAN20780CE.NFO,07/01/2020,10:37:34,6.15,6.05,12000,6.2,7200,0,699600
AXISBANK30JAN20780CE.NFO,07/01/2020,10:37:37,6.15,6.05,6000,6.2,14400,0,699600
AXISBANK30JAN20780CE.NFO,07/01/2020,10:37:41,6.15,6.05,3600,6.15,1200,0,699600
AXISBANK30JAN20780CE.NFO,07/01/2020,10:37:44,6.15,6.05,3600,6.2,16800,0,699600
AXISBANK30JAN20780CE.NFO,07/01/2020,10:37:53,6.15,6.05,4800,6.2,12000,0,699600
AXISBANK30JAN20780CE.NFO,07/01/2020,10:37:56,6.15,6.1,2400,6.2,7200,0,699600
AXISBANK30JAN20780CE.NFO,07/01/2020,10:38:03,6.15,6.1,3600,6.2,4800,0,699600
AXISBANK30JAN20780CE.NFO,07/01/2020,10:38:09,6.15,6.1,3600,6.2,6000,0,699600
AXISBANK30JAN20780CE.NFO,07/01/2020,10:38:11,6.15,6.1,4800,6.2,6000,0,699600
AXISBANK30JAN20780CE.NFO,07/01/2020,10:38:24,6.15,6.1,4800,6.2,4800,0,699600
AXISBANK30JAN20780CE.NFO,07/01/2020,10:38:42,6.15,6.1,3600,6.2,7200,0,699600
AXISBANK30JAN20780CE.NFO,07/01/2020,10:38:47,6.15,6.1,4800,6.2,4800,0,699600
AXISBANK30JAN20780CE.NFO,07/01/2020,10:38:56,6.15,6.1,4800,6.2,6000,0,699600
AXISBANK30JAN20780CE.NFO,07/01/2020,10:39:00,6.15,6.1,6000,6.2,6000,0,699600
AXISBANK30JAN20780CE.NFO,07/01/2020,10:39:03,6.15,6.1,12000,6.2,6000,0,699600
AXISBANK30JAN20780CE.NFO,07/01/2020,10:39:07,6.15,6.1,9600,6.2,6000,0,699600
AXISBANK30JAN20780CE.NFO,07/01/2020,10:39:10,6.15,6.1,2400,6.2,8400,0,699600
AXISBANK30JAN20780CE.NFO,07/01/2020,10:39:14,6.15,6.1,2400,6.2,7200,0,699600
AXISBANK30JAN20780CE.NFO,07/01/2020,10:39:17,6.15,6.1,1200,6.15,1200,0,699600
AXISBANK30JAN20780CE.NFO,07/01/2020,10:39:22,6.15,6.1,2400,6.2,8400,0,699600
AXISBANK30JAN20780CE.NFO,07/01/2020,10:39:29,6.15,6.1,2400,6.2,7200,0,699600
AXISBANK30JAN20780CE.NFO,07/01/2020,10:39:32,6.15,6.1,3600,6.2,8400,0,699600
AXISBANK30JAN20780CE.NFO,07/01/2020,10:39:35,6.15,6.1,2400,6.2,8400,0,699600
AXISBANK30JAN20780CE.NFO,07/01/2020,10:39:38,6.15,6.1,1200,6.2,8400,0,699600
AXISBANK30JAN20780CE.NFO,07/01/2020,10:39:41,6.15,6.1,2400,6.2,8400,0,699600
AXISBANK30JAN20780CE.NFO,07/01/2020,10:39:44,6.15,6.1,1200,6.2,8400,0,699600
AXISBANK30JAN20780CE.NFO,07/01/2020,10:39:47,6.15,6.1,1200,6.2,7200,0,699600
AXISBANK30JAN20780CE.NFO,07/01/2020,10:39:57,6.15,6.1,1200,6.2,8400,0,699600
AXISBANK30JAN20780CE.NFO,07/01/2020,10:40:05,6.15,6.1,8400,6.2,4800,0,699600
AXISBANK30JAN20780CE.NFO,07/01/2020,10:40:12,6.15,6.1,8400,6.15,3600,1200,698400
AXISBANK30JAN20780CE.NFO,07/01/2020,10:40:15,6.15,6.1,3600,6.15,3600,0,698400
AXISBANK30JAN20780CE.NFO,07/01/2020,10:40:21,6.15,6.1,4800,6.15,3600,0,698400
AXISBANK30JAN20780CE.NFO,07/01/2020,10:40:29,6.15,6.1,3600,6.15,3600,0,698400
AXISBANK30JAN20780CE.NFO,07/01/2020,10:40:31,6.15,6.1,4800,6.15,3600,0,698400
AXISBANK30JAN20780CE.NFO,07/01/2020,10:41:04,6.15,6.1,4800,6.15,2400,1200,698400
AXISBANK30JAN20780CE.NFO,07/01/2020,10:41:07,6.15,6.1,2400,6.15,2400,0,698400
AXISBANK30JAN20780CE.NFO,07/01/2020,10:41:10,6.15,6.1,2400,6.15,1200,1200,698400
AXISBANK30JAN20780CE.NFO,07/01/2020,10:41:21,6.15,6.1,2400,6.15,1200,0,698400
AXISBANK30JAN20780CE.NFO,07/01/2020,10:41:31,6.15,6.1,4800,6.15,1200,0,698400
AXISBANK30JAN20780CE.NFO,07/01/2020,10:41:34,6.15,6.1,3600,6.15,1200,0,698400
AXISBANK30JAN20780CE.NFO,07/01/2020,10:41:40,6.15,6.15,4800,6.25,1200,1200,698400
AXISBANK30JAN20780CE.NFO,07/01/2020,10:41:43,6.15,6.15,4800,6.25,1200,0,698400
AXISBANK30JAN20780CE.NFO,07/01/2020,10:41:47,6.15,6.15,7200,6.25,1200,0,698400
AXISBANK30JAN20780CE.NFO,07/01/2020,10:41:52,6.15,6.2,4800,6.25,1200,0,698400
AXISBANK30JAN20780CE.NFO,07/01/2020,10:42:01,6.15,6.2,4800,6.3,4800,0,698400
AXISBANK30JAN20780CE.NFO,07/01/2020,10:42:35,6.2,6.15,2400,6.25,12000,2400,698400
AXISBANK30JAN20780CE.NFO,07/01/2020,10:42:39,6.25,6.15,2400,6.25,7200,2400,698400
AXISBANK30JAN20780CE.NFO,07/01/2020,10:42:42,6.25,6.15,3600,6.2,2400,0,698400
AXISBANK30JAN20780CE.NFO,07/01/2020,10:42:51,6.2,6.15,3600,6.2,1200,1200,698400
AXISBANK30JAN20780CE.NFO,07/01/2020,10:42:53,6.2,6.15,3600,6.2,1200,0,698400
AXISBANK30JAN20780CE.NFO,07/01/2020,10:43:18,6.2,6.15,3600,6.2,2400,0,698400
AXISBANK30JAN20780CE.NFO,07/01/2020,10:43:23,6.2,6.15,3600,6.2,3600,0,698400
AXISBANK30JAN20780CE.NFO,07/01/2020,10:43:26,6.2,6.15,3600,6.2,1200,0,698400
AXISBANK30JAN20780CE.NFO,07/01/2020,10:43:41,6.15,6.15,1200,6.2,4800,1200,698400
AXISBANK30JAN20780CE.NFO,07/01/2020,10:43:45,6.15,6.15,1200,6.2,3600,0,698400
AXISBANK30JAN20780CE.NFO,07/01/2020,10:43:48,6.15,6.05,3600,6.2,4800,2400,698400
AXISBANK30JAN20780CE.NFO,07/01/2020,10:43:50,6.15,6.1,1200,6.2,6000,0,698400
AXISBANK30JAN20780CE.NFO,07/01/2020,10:43:53,6.15,6.1,2400,6.2,6000,0,698400
AXISBANK30JAN20780CE.NFO,07/01/2020,10:43:56,6.15,6.1,6000,6.2,3600,0,698400
AXISBANK30JAN20780CE.NFO,07/01/2020,10:44:01,6.15,6.1,6000,6.2,4800,0,698400
AXISBANK30JAN20780CE.NFO,07/01/2020,10:44:05,6.15,6.1,4800,6.2,4800,0,698400
AXISBANK30JAN20780CE.NFO,07/01/2020,10:44:07,6.15,6.1,3600,6.2,4800,0,698400
AXISBANK30JAN20780CE.NFO,07/01/2020,10:44:10,6.15,6.1,6000,6.2,4800,0,698400
AXISBANK30JAN20780CE.NFO,07/01/2020,10:44:23,6.15,6.1,2400,6.2,6000,0,698400
AXISBANK30JAN20780CE.NFO,07/01/2020,10:44:30,6.15,6.05,4800,6.15,1200,0,698400
AXISBANK30JAN20780CE.NFO,07/01/2020,10:44:33,6.15,6.1,1200,6.2,10800,0,698400
AXISBANK30JAN20780CE.NFO,07/01/2020,10:44:36,6.15,6.1,1200,6.2,12000,0,698400
AXISBANK30JAN20780CE.NFO,07/01/2020,10:44:39,6.15,6.1,1200,6.2,10800,0,698400
AXISBANK30JAN20780CE.NFO,07/01/2020,10:44:45,6.15,6.1,2400,6.2,4800,0,698400
AXISBANK30JAN20780CE.NFO,07/01/2020,10:44:49,6.15,6.1,1200,6.2,4800,0,698400
AXISBANK30JAN20780CE.NFO,07/01/2020,10:44:54,6.15,6.05,4800,6.2,7200,0,698400
AXISBANK30JAN20780CE.NFO,07/01/2020,10:44:58,6.15,6,9600,6.15,6000,0,698400
AXISBANK30JAN20780CE.NFO,07/01/2020,10:45:02,6.15,6,4800,6.15,15600,0,698400
AXISBANK30JAN20780CE.NFO,07/01/2020,10:45:10,6.15,6,4800,6.15,7200,0,698400
AXISBANK30JAN20780CE.NFO,07/01/2020,10:45:15,6.15,6.1,1200,6.2,7200,0,698400
AXISBANK30JAN20780CE.NFO,07/01/2020,10:45:47,6.15,6.05,9600,6.2,8400,0,698400
AXISBANK30JAN20780CE.NFO,07/01/2020,10:45:50,6.15,6.1,1200,6.2,7200,0,698400
AXISBANK30JAN20780CE.NFO,07/01/2020,10:45:59,6.15,6.1,1200,6.2,8400,0,698400
AXISBANK30JAN20780CE.NFO,07/01/2020,10:46:09,6.15,6.05,9600,6.2,8400,0,698400
AXISBANK30JAN20780CE.NFO,07/01/2020,10:46:14,6.15,6.05,8400,6.2,8400,0,698400
AXISBANK30JAN20780CE.NFO,07/01/2020,10:46:17,6.15,6.05,7200,6.2,8400,0,698400
AXISBANK30JAN20780CE.NFO,07/01/2020,10:46:20,6.15,6.05,9600,6.2,8400,0,698400
AXISBANK30JAN20780CE.NFO,07/01/2020,10:46:36,6.15,6.1,2400,6.2,4800,0,698400
AXISBANK30JAN20780CE.NFO,07/01/2020,10:46:38,6.2,6.05,9600,6.2,6000,1200,700800
AXISBANK30JAN20780CE.NFO,07/01/2020,10:46:41,6.2,6.05,9600,6.2,6000,0,700800
AXISBANK30JAN20780CE.NFO,07/01/2020,10:46:53,6.2,6.05,2400,6.15,2400,0,700800
AXISBANK30JAN20780CE.NFO,07/01/2020,10:47:01,6.2,6,12000,6.15,3600,0,700800
AXISBANK30JAN20780CE.NFO,07/01/2020,10:47:06,6.2,6,6000,6.15,10800,0,700800
AXISBANK30JAN20780CE.NFO,07/01/2020,10:47:12,6.2,6,7200,6.15,8400,0,700800
AXISBANK30JAN20780CE.NFO,07/01/2020,10:47:14,6.2,6.05,3600,6.15,7200,0,700800
AXISBANK30JAN20780CE.NFO,07/01/2020,10:47:18,6.2,6,12000,6.15,3600,0,700800
AXISBANK30JAN20780CE.NFO,07/01/2020,10:47:23,6.2,6,4800,6.1,1200,0,700800
AXISBANK30JAN20780CE.NFO,07/01/2020,10:47:32,6.2,6,4800,6.15,10800,0,700800
AXISBANK30JAN20780CE.NFO,07/01/2020,10:47:47,6.2,6,3600,6.1,1200,0,700800
AXISBANK30JAN20780CE.NFO,07/01/2020,10:48:02,6.2,6.05,1200,6.15,4800,0,700800
AXISBANK30JAN20780CE.NFO,07/01/2020,10:48:09,6.2,6,9600,6.15,7200,0,700800
AXISBANK30JAN20780CE.NFO,07/01/2020,10:48:13,6.2,6,3600,6.15,12000,0,700800
AXISBANK30JAN20780CE.NFO,07/01/2020,10:48:18,6.2,6,3600,6.1,1200,0,700800
AXISBANK30JAN20780CE.NFO,07/01/2020,10:48:21,6.2,6,9600,6.15,3600,0,700800
AXISBANK30JAN20780CE.NFO,07/01/2020,10:48:25,6.2,6.05,1200,6.15,4800,0,700800
AXISBANK30JAN20780CE.NFO,07/01/2020,10:48:29,6.2,6,2400,6.1,2400,0,700800
AXISBANK30JAN20780CE.NFO,07/01/2020,10:48:33,6.2,6,2400,6.1,1200,0,700800
AXISBANK30JAN20780CE.NFO,07/01/2020,10:48:38,6.2,5.95,1200,6,1200,0,700800
AXISBANK30JAN20780CE.NFO,07/01/2020,10:48:46,6.2,5.95,3600,6.05,1200,0,700800
AXISBANK30JAN20780CE.NFO,07/01/2020,10:48:50,6.2,5.9,10800,6.05,7200,0,700800
AXISBANK30JAN20780CE.NFO,07/01/2020,10:49:07,6.2,5.9,10800,6.05,6000,0,700800
AXISBANK30JAN20780CE.NFO,07/01/2020,10:49:10,6.2,5.9,3600,6.05,12000,0,700800
AXISBANK30JAN20780CE.NFO,07/01/2020,10:49:13,6.2,5.9,4800,6.05,12000,0,700800
AXISBANK30JAN20780CE.NFO,07/01/2020,10:49:22,6.2,5.9,2400,6,1200,0,700800
AXISBANK30JAN20780CE.NFO,07/01/2020,10:49:29,6.2,5.85,15600,6,2400,0,700800
AXISBANK30JAN20780CE.NFO,07/01/2020,10:49:36,6.2,5.85,15600,6,3600,0,700800
AXISBANK30JAN20780CE.NFO,07/01/2020,10:49:39,6.2,5.85,15600,6,2400,0,700800
AXISBANK30JAN20780CE.NFO,07/01/2020,10:49:43,6.2,5.85,14400,6,7200,0,700800
AXISBANK30JAN20780CE.NFO,07/01/2020,10:49:47,6.2,5.85,1200,5.95,1200,0,700800
AXISBANK30JAN20780CE.NFO,07/01/2020,10:49:51,6.2,5.85,3600,5.95,3600,0,700800
AXISBANK30JAN20780CE.NFO,07/01/2020,10:49:55,6.2,5.85,3600,5.95,6000,0,700800
AXISBANK30JAN20780CE.NFO,07/01/2020,10:50:08,6.2,5.85,10800,6,8400,0,700800
AXISBANK30JAN20780CE.NFO,07/01/2020,10:50:13,6.2,5.9,2400,6,4800,0,700800
AXISBANK30JAN20780CE.NFO,07/01/2020,10:50:19,6.2,5.9,3600,6.05,16800,0,700800
AXISBANK30JAN20780CE.NFO,07/01/2020,10:50:24,6.2,5.9,1200,6,6000,0,700800
AXISBANK30JAN20780CE.NFO,07/01/2020,10:50:40,6.2,5.9,3600,6,2400,0,700800
AXISBANK30JAN20780CE.NFO,07/01/2020,10:50:44,6.2,5.9,3600,6,3600,0,700800
AXISBANK30JAN20780CE.NFO,07/01/2020,10:50:50,6,5.9,1200,6,4800,1200,700800
AXISBANK30JAN20780CE.NFO,07/01/2020,10:50:54,6,5.9,1200,5.95,2400,0,700800
AXISBANK30JAN20780CE.NFO,07/01/2020,10:51:10,6,5.9,1200,5.95,1200,0,700800
AXISBANK30JAN20780CE.NFO,07/01/2020,10:51:20,6,5.9,2400,5.95,1200,0,700800
AXISBANK30JAN20780CE.NFO,07/01/2020,10:51:27,5.85,5.75,7200,5.85,1200,3600,700800
AXISBANK30JAN20780CE.NFO,07/01/2020,10:51:31,5.85,5.75,6000,5.85,1200,0,700800
AXISBANK30JAN20780CE.NFO,07/01/2020,10:51:34,5.85,5.8,7200,5.9,2400,0,700800
AXISBANK30JAN20780CE.NFO,07/01/2020,10:51:37,5.85,5.8,6000,5.9,2400,0,700800
AXISBANK30JAN20780CE.NFO,07/01/2020,10:51:41,5.85,5.8,6000,5.9,3600,0,700800
AXISBANK30JAN20780CE.NFO,07/01/2020,10:51:46,5.85,5.8,4800,5.9,3600,0,700800
AXISBANK30JAN20780CE.NFO,07/01/2020,10:51:49,5.85,5.8,4800,5.9,2400,0,700800
AXISBANK30JAN20780CE.NFO,07/01/2020,10:51:54,5.85,5.8,3600,5.9,2400,0,700800
AXISBANK30JAN20780CE.NFO,07/01/2020,10:51:59,5.8,5.75,4800,5.85,2400,2400,700800
AXISBANK30JAN20780CE.NFO,07/01/2020,10:51:59,5.8,5.75,4800,5.85,2400,0,700800
AXISBANK30JAN20780CE.NFO,07/01/2020,10:52:04,5.8,5.75,4800,5.85,3600,0,700800
AXISBANK30JAN20780CE.NFO,07/01/2020,10:52:09,5.8,5.75,4800,5.9,10800,0,700800
AXISBANK30JAN20780CE.NFO,07/01/2020,10:52:14,5.8,5.8,1200,5.9,4800,0,700800
AXISBANK30JAN20780CE.NFO,07/01/2020,10:52:19,5.8,5.8,6000,5.9,1200,0,700800
AXISBANK30JAN20780CE.NFO,07/01/2020,10:52:23,5.8,5.8,6000,5.95,10800,0,700800
AXISBANK30JAN20780CE.NFO,07/01/2020,10:52:29,5.8,5.8,6000,5.9,4800,0,700800
AXISBANK30JAN20780CE.NFO,07/01/2020,10:52:34,5.8,5.8,7200,5.9,8400,0,700800
AXISBANK30JAN20780CE.NFO,07/01/2020,10:52:39,5.8,5.8,7200,5.9,2400,0,700800
AXISBANK30JAN20780CE.NFO,07/01/2020,10:52:44,5.8,5.8,7200,5.9,4800,0,700800
AXISBANK30JAN20780CE.NFO,07/01/2020,10:52:47,5.8,5.8,6000,5.9,4800,0,700800
AXISBANK30JAN20780CE.NFO,07/01/2020,10:52:56,5.8,5.8,3600,5.9,9600,1200,700800
AXISBANK30JAN20780CE.NFO,07/01/2020,10:53:13,5.8,5.8,7200,5.9,8400,0,700800
AXISBANK30JAN20780CE.NFO,07/01/2020,10:53:18,5.8,5.8,7200,5.9,2400,0,700800
AXISBANK30JAN20780CE.NFO,07/01/2020,10:53:49,5.8,5.8,8400,5.95,13200,0,700800
AXISBANK30JAN20780CE.NFO,07/01/2020,10:53:56,5.8,5.85,1200,5.95,12000,0,700800
AXISBANK30JAN20780CE.NFO,07/01/2020,10:54:01,5.8,5.85,1200,5.95,3600,0,700800
AXISBANK30JAN20780CE.NFO,07/01/2020,10:54:11,5.8,5.85,1200,5.95,4800,0,700800
AXISBANK30JAN20780CE.NFO,07/01/2020,10:54:23,5.8,5.85,2400,5.95,2400,0,700800
AXISBANK30JAN20780CE.NFO,07/01/2020,10:54:29,5.8,5.8,8400,5.9,2400,0,700800
AXISBANK30JAN20780CE.NFO,07/01/2020,10:54:34,5.8,5.8,10800,5.95,13200,0,700800
AXISBANK30JAN20780CE.NFO,07/01/2020,10:54:48,5.8,5.8,10800,5.95,12000,0,700800
AXISBANK30JAN20780CE.NFO,07/01/2020,10:54:53,5.8,5.85,3600,6,9600,0,700800
AXISBANK30JAN20780CE.NFO,07/01/2020,10:54:58,5.8,5.85,3600,6,10800,0,700800
AXISBANK30JAN20780CE.NFO,07/01/2020,10:55:03,5.8,5.8,14400,5.95,7200,0,700800
AXISBANK30JAN20780CE.NFO,07/01/2020,10:55:31,5.8,5.85,2400,6,10800,0,700800
AXISBANK30JAN20780CE.NFO,07/01/2020,10:55:36,5.95,5.95,2400,6.05,1200,1200,698400
AXISBANK30JAN20780CE.NFO,07/01/2020,10:55:42,5.95,5.9,1200,6,2400,0,698400
AXISBANK30JAN20780CE.NFO,07/01/2020,10:55:47,5.95,5.85,3600,6,8400,0,698400
AXISBANK30JAN20780CE.NFO,07/01/2020,10:56:04,5.95,5.9,4800,6,4800,0,698400
AXISBANK30JAN20780CE.NFO,07/01/2020,10:56:09,5.95,5.95,1200,6.05,9600,0,698400
AXISBANK30JAN20780CE.NFO,07/01/2020,10:56:14,5.95,5.9,3600,6,4800,0,698400
AXISBANK30JAN20780CE.NFO,07/01/2020,10:56:19,5.95,5.95,2400,6,1200,0,698400
AXISBANK30JAN20780CE.NFO,07/01/2020,10:56:24,5.95,5.95,2400,6,3600,0,698400
AXISBANK30JAN20780CE.NFO,07/01/2020,10:56:29,5.95,5.8,15600,6,12000,3600,698400
AXISBANK30JAN20780CE.NFO,07/01/2020,10:56:33,5.95,5.8,4800,5.9,2400,0,698400
AXISBANK30JAN20780CE.NFO,07/01/2020,10:56:39,5.95,5.8,10800,5.9,1200,0,698400
AXISBANK30JAN20780CE.NFO,07/01/2020,10:56:50,5.95,5.8,10800,5.9,2400,0,698400
AXISBANK30JAN20780CE.NFO,07/01/2020,10:56:55,5.95,5.8,3600,5.85,1200,0,698400
AXISBANK30JAN20780CE.NFO,07/01/2020,10:57:00,5.75,5.75,2400,5.85,2400,7200,699600
AXISBANK30JAN20780CE.NFO,07/01/2020,10:57:00,5.75,5.75,2400,5.85,2400,0,699600
AXISBANK30JAN20780CE.NFO,07/01/2020,10:57:04,5.75,5.75,10800,5.9,3600,0,699600
AXISBANK30JAN20780CE.NFO,07/01/2020,10:57:12,5.75,5.7,14400,5.85,6000,0,699600
AXISBANK30JAN20780CE.NFO,07/01/2020,10:57:19,5.75,5.75,2400,5.8,2400,0,699600
AXISBANK30JAN20780CE.NFO,07/01/2020,10:57:26,5.75,5.75,8400,5.9,6000,0,699600
AXISBANK30JAN20780CE.NFO,07/01/2020,10:57:32,5.75,5.8,1200,5.9,3600,0,699600
AXISBANK30JAN20780CE.NFO,07/01/2020,10:57:43,5.75,5.8,2400,5.9,3600,0,699600
AXISBANK30JAN20780CE.NFO,07/01/2020,10:57:48,5.75,5.75,3600,5.85,2400,0,699600
AXISBANK30JAN20780CE.NFO,07/01/2020,10:57:57,5.75,5.75,1200,5.85,3600,0,699600
AXISBANK30JAN20780CE.NFO,07/01/2020,10:58:01,5.75,5.75,2400,5.85,6000,0,699600
AXISBANK30JAN20780CE.NFO,07/01/2020,10:58:06,5.75,5.7,8400,5.85,10800,0,699600
AXISBANK30JAN20780CE.NFO,07/01/2020,10:58:11,5.75,5.7,9600,5.8,2400,0,699600
AXISBANK30JAN20780CE.NFO,07/01/2020,10:58:15,5.75,5.7,7200,5.8,1200,0,699600
AXISBANK30JAN20780CE.NFO,07/01/2020,10:58:20,5.8,5.7,8400,5.85,9600,12000,699600
AXISBANK30JAN20780CE.NFO,07/01/2020,10:58:25,5.7,5.55,2400,5.65,4800,3600,699600
AXISBANK30JAN20780CE.NFO,07/01/2020,10:58:25,5.7,5.55,2400,5.65,4800,0,699600
AXISBANK30JAN20780CE.NFO,07/01/2020,10:58:31,5.7,5.7,2400,5.8,3600,0,699600
AXISBANK30JAN20780CE.NFO,07/01/2020,10:58:36,5.7,5.6,13200,5.75,2400,0,699600
AXISBANK30JAN20780CE.NFO,07/01/2020,10:58:40,5.7,5.65,8400,5.8,12000,0,699600
AXISBANK30JAN20780CE.NFO,07/01/2020,10:58:45,5.7,5.6,2400,5.7,1200,0,699600
AXISBANK30JAN20780CE.NFO,07/01/2020,10:58:56,5.7,5.65,2400,5.75,1200,1200,699600
AXISBANK30JAN20780CE.NFO,07/01/2020,10:59:01,5.65,5.65,9600,5.8,14400,1200,699600
AXISBANK30JAN20780CE.NFO,07/01/2020,10:59:01,5.65,5.65,9600,5.8,14400,0,699600
AXISBANK30JAN20780CE.NFO,07/01/2020,10:59:07,5.65,5.65,4800,5.8,10800,0,699600
AXISBANK30JAN20780CE.NFO,07/01/2020,10:59:13,5.65,5.65,1200,5.75,7200,0,699600
AXISBANK30JAN20780CE.NFO,07/01/2020,10:59:18,5.65,5.55,10800,5.7,4800,0,699600
AXISBANK30JAN20780CE.NFO,07/01/2020,10:59:24,5.65,5.6,2400,5.7,4800,0,699600
AXISBANK30JAN20780CE.NFO,07/01/2020,10:59:35,5.65,5.65,4800,5.8,7200,0,699600
AXISBANK30JAN20780CE.NFO,07/01/2020,10:59:40,5.65,5.65,4800,5.8,6000,0,699600
AXISBANK30JAN20780CE.NFO,07/01/2020,10:59:45,5.65,5.6,1200,5.75,12000,0,699600
AXISBANK30JAN20780CE.NFO,07/01/2020,10:59:50,5.5,5.5,2400,5.55,9600,3600,698400
AXISBANK30JAN20780CE.NFO,07/01/2020,10:59:50,5.5,5.5,2400,5.55,9600,0,698400
AXISBANK30JAN20780CE.NFO,07/01/2020,10:59:55,5.5,5.5,3600,5.6,12000,0,698400
AXISBANK30JAN20780CE.NFO,07/01/2020,11:00:01,5.5,5.5,4800,5.6,2400,0,698400
AXISBANK30JAN20780CE.NFO,07/01/2020,11:00:07,5.5,5.35,1200,5.45,1200,2400,698400
AXISBANK30JAN20780CE.NFO,07/01/2020,11:00:13,5.5,5.3,2400,5.45,7200,0,698400
AXISBANK30JAN20780CE.NFO,07/01/2020,11:00:20,5.5,5.35,1200,5.45,4800,0,698400
AXISBANK30JAN20780CE.NFO,07/01/2020,11:00:26,5.5,5.35,2400,5.45,1200,0,698400
AXISBANK30JAN20780CE.NFO,07/01/2020,11:00:32,5.5,5.3,3600,5.45,9600,0,698400
AXISBANK30JAN20780CE.NFO,07/01/2020,11:00:39,5.3,5.3,1200,5.45,8400,2400,698400
AXISBANK30JAN20780CE.NFO,07/01/2020,11:00:39,5.3,5.3,1200,5.45,8400,0,698400
AXISBANK30JAN20780CE.NFO,07/01/2020,11:00:45,5.3,5.25,4800,5.4,6000,0,698400
AXISBANK30JAN20780CE.NFO,07/01/2020,11:00:51,5.3,5.3,2400,5.4,1200,0,698400
AXISBANK30JAN20780CE.NFO,07/01/2020,11:00:58,5.25,5.15,9600,5.25,1200,3600,698400
AXISBANK30JAN20780CE.NFO,07/01/2020,11:00:58,5.25,5.15,9600,5.25,1200,0,698400
AXISBANK30JAN20780CE.NFO,07/01/2020,11:01:06,5.25,5.15,1200,5.25,6000,0,698400
AXISBANK30JAN20780CE.NFO,07/01/2020,11:01:13,5.25,5.25,7200,5.4,3600,2400,698400
AXISBANK30JAN20780CE.NFO,07/01/2020,11:01:20,5.25,5.2,1200,5.3,3600,0,698400
AXISBANK30JAN20780CE.NFO,07/01/2020,11:01:27,5.2,5.1,1200,5.2,8400,1200,698400
AXISBANK30JAN20780CE.NFO,07/01/2020,11:01:27,5.2,5.1,1200,5.2,8400,0,698400
AXISBANK30JAN20780CE.NFO,07/01/2020,11:01:33,5.2,5.15,8400,5.25,4800,0,698400
AXISBANK30JAN20780CE.NFO,07/01/2020,11:01:40,5.3,5.15,9600,5.35,9600,6000,698400
AXISBANK30JAN20780CE.NFO,07/01/2020,11:01:47,5.35,5.15,8400,5.35,7200,1200,698400
AXISBANK30JAN20780CE.NFO,07/01/2020,11:01:55,5.35,5.15,10800,5.4,10800,0,698400
AXISBANK30JAN20780CE.NFO,07/01/2020,11:02:02,5.35,5.3,3600,5.45,6000,0,698400
AXISBANK30JAN20780CE.NFO,07/01/2020,11:02:08,5.35,5.35,7200,5.5,10800,0,698400
AXISBANK30JAN20780CE.NFO,07/01/2020,11:02:15,5.35,5.35,1200,5.5,10800,0,698400
AXISBANK30JAN20780CE.NFO,07/01/2020,11:02:21,5.35,5.35,9600,5.5,4800,0,698400
AXISBANK30JAN20780CE.NFO,07/01/2020,11:02:27,5.35,5.25,12000,5.4,2400,1200,698400
AXISBANK30JAN20780CE.NFO,07/01/2020,11:02:34,5.35,5.3,8400,5.45,10800,0,698400
AXISBANK30JAN20780CE.NFO,07/01/2020,11:02:40,5.35,5.35,2400,5.45,4800,0,698400
AXISBANK30JAN20780CE.NFO,07/01/2020,11:02:45,5.35,5.25,10800,5.4,4800,0,698400
AXISBANK30JAN20780CE.NFO,07/01/2020,11:02:51,5.35,5.2,6000,5.3,3600,0,698400
AXISBANK30JAN20780CE.NFO,07/01/2020,11:02:57,5.35,5.25,8400,5.4,12000,0,698400
AXISBANK30JAN20780CE.NFO,07/01/2020,11:03:03,5.35,5.2,7200,5.3,3600,0,698400
AXISBANK30JAN20780CE.NFO,07/01/2020,11:03:09,5.35,5.2,1200,5.3,7200,0,698400
AXISBANK30JAN20780CE.NFO,07/01/2020,11:03:15,5.25,5.2,6000,5.3,4800,1200,692400
AXISBANK30JAN20780CE.NFO,07/01/2020,11:03:20,5.25,5.2,9600,5.35,3600,0,692400
AXISBANK30JAN20780CE.NFO,07/01/2020,11:03:26,5.3,5.25,9600,5.4,3600,1200,692400
AXISBANK30JAN20780CE.NFO,07/01/2020,11:03:31,5.3,5.25,10800,5.4,1200,3600,692400
AXISBANK30JAN20780CE.NFO,07/01/2020,11:03:36,5.3,5.25,1200,5.3,1200,0,692400
AXISBANK30JAN20780CE.NFO,07/01/2020,11:03:42,5.3,5.3,1200,5.35,1200,1200,692400
AXISBANK30JAN20780CE.NFO,07/01/2020,11:03:49,5.3,5.3,2400,5.4,4800,1200,692400
AXISBANK30JAN20780CE.NFO,07/01/2020,11:03:55,5.3,5.2,3600,5.35,9600,0,692400
AXISBANK30JAN20780CE.NFO,07/01/2020,11:04:01,5.3,5.25,2400,5.35,1200,0,692400
AXISBANK30JAN20780CE.NFO,07/01/2020,11:04:06,5.3,5.2,2400,5.35,9600,0,692400
AXISBANK30JAN20780CE.NFO,07/01/2020,11:04:12,5.3,5.25,2400,5.35,2400,0,692400
AXISBANK30JAN20780CE.NFO,07/01/2020,11:04:18,5.25,5.25,1200,5.35,4800,1200,692400
AXISBANK30JAN20780CE.NFO,07/01/2020,11:04:24,5.25,5.3,1200,5.4,4800,0,692400
AXISBANK30JAN20780CE.NFO,07/01/2020,11:04:30,5.3,5.2,6000,5.35,2400,1200,692400
AXISBANK30JAN20780CE.NFO,07/01/2020,11:04:36,5.3,5.1,1200,5.25,10800,0,692400
AXISBANK30JAN20780CE.NFO,07/01/2020,11:04:47,5.3,5.1,12000,5.25,7200,0,692400
AXISBANK30JAN20780CE.NFO,07/01/2020,11:04:53,5.3,5.15,12000,5.35,10800,0,692400
AXISBANK30JAN20780CE.NFO,07/01/2020,11:04:59,5.2,5.2,1200,5.3,13200,1200,692400
AXISBANK30JAN20780CE.NFO,07/01/2020,11:05:04,5.2,5.2,1200,5.3,13200,0,692400
AXISBANK30JAN20780CE.NFO,07/01/2020,11:05:10,5.2,5.15,2400,5.25,3600,1200,692400
AXISBANK30JAN20780CE.NFO,07/01/2020,11:05:16,5.2,5.2,8400,5.35,9600,0,692400
AXISBANK30JAN20780CE.NFO,07/01/2020,11:05:21,5.2,5.2,8400,5.35,4800,0,692400
AXISBANK30JAN20780CE.NFO,07/01/2020,11:05:26,5.15,5.15,2400,5.3,12000,14400,692400
AXISBANK30JAN20780CE.NFO,07/01/2020,11:05:26,5.15,5.15,2400,5.3,12000,0,692400
AXISBANK30JAN20780CE.NFO,07/01/2020,11:05:31,5.15,5.15,6000,5.3,4800,0,692400
AXISBANK30JAN20780CE.NFO,07/01/2020,11:05:37,5.15,5.15,6000,5.3,6000,0,692400
AXISBANK30JAN20780CE.NFO,07/01/2020,11:05:42,5.15,5.2,12000,5.35,7200,0,692400
AXISBANK30JAN20780CE.NFO,07/01/2020,11:05:47,5.15,5.25,2400,5.35,6000,0,692400
AXISBANK30JAN20780CE.NFO,07/01/2020,11:05:53,5.35,5.25,2400,5.4,9600,1200,684000
AXISBANK30JAN20780CE.NFO,07/01/2020,11:06:05,5.35,5.3,1200,5.4,7200,0,684000
AXISBANK30JAN20780CE.NFO,07/01/2020,11:06:12,5.35,5.3,3600,5.45,9600,0,684000
AXISBANK30JAN20780CE.NFO,07/01/2020,11:06:19,5.45,5.3,2400,5.4,7200,1200,684000
AXISBANK30JAN20780CE.NFO,07/01/2020,11:06:25,5.45,5.3,3600,5.45,8400,0,684000
AXISBANK30JAN20780CE.NFO,07/01/2020,11:06:31,5.45,5.3,1200,5.4,6000,0,684000
AXISBANK30JAN20780CE.NFO,07/01/2020,11:06:35,5.45,5.25,3600,5.4,13200,0,684000
AXISBANK30JAN20780CE.NFO,07/01/2020,11:06:39,5.45,5.25,3600,5.4,14400,0,684000
AXISBANK30JAN20780CE.NFO,07/01/2020,11:06:44,5.45,5.2,7200,5.3,6000,0,684000
AXISBANK30JAN20780CE.NFO,07/01/2020,11:06:50,5.45,5.2,4800,5.3,7200,0,684000
AXISBANK30JAN20780CE.NFO,07/01/2020,11:06:56,5.45,5.25,2400,5.35,12000,0,684000
AXISBANK30JAN20780CE.NFO,07/01/2020,11:07:01,5.45,5.25,1200,5.35,14400,0,684000
AXISBANK30JAN20780CE.NFO,07/01/2020,11:07:07,5.45,5.25,1200,5.3,3600,0,684000
AXISBANK30JAN20780CE.NFO,07/01/2020,11:07:12,5.25,5.2,4800,5.25,2400,1200,684000
AXISBANK30JAN20780CE.NFO,07/01/2020,11:07:17,5.25,5.2,4800,5.3,9600,0,684000
AXISBANK30JAN20780CE.NFO,07/01/2020,11:07:21,5.25,5.2,8400,5.3,7200,0,684000
AXISBANK30JAN20780CE.NFO,07/01/2020,11:07:26,5.3,5.2,4800,5.25,7200,1200,684000
AXISBANK30JAN20780CE.NFO,07/01/2020,11:07:31,5.2,5.1,13200,5.2,1200,4800,684000
AXISBANK30JAN20780CE.NFO,07/01/2020,11:07:36,5.2,5.15,4800,5.3,9600,1200,684000
AXISBANK30JAN20780CE.NFO,07/01/2020,11:07:41,5.2,5.15,4800,5.25,3600,0,684000
AXISBANK30JAN20780CE.NFO,07/01/2020,11:07:46,5.2,5.1,9600,5.2,1200,0,684000
AXISBANK30JAN20780CE.NFO,07/01/2020,11:07:50,5.2,5.1,10800,5.25,7200,1200,684000
AXISBANK30JAN20780CE.NFO,07/01/2020,11:07:54,5.2,5.15,3600,5.2,1200,0,684000
AXISBANK30JAN20780CE.NFO,07/01/2020,11:07:59,5.2,5.1,4800,5.2,1200,0,684000
AXISBANK30JAN20780CE.NFO,07/01/2020,11:08:03,5.2,5.1,4800,5.2,4800,0,684000
AXISBANK30JAN20780CE.NFO,07/01/2020,11:08:11,5.2,5.1,4800,5.2,3600,1200,684000
AXISBANK30JAN20780CE.NFO,07/01/2020,11:08:15,5.2,5.1,4800,5.25,10800,0,684000
AXISBANK30JAN20780CE.NFO,07/01/2020,11:08:19,5.2,5.15,1200,5.25,2400,0,684000
AXISBANK30JAN20780CE.NFO,07/01/2020,11:08:23,5.2,5.2,2400,5.3,1200,0,684000
AXISBANK30JAN20780CE.NFO,07/01/2020,11:08:27,5.2,5.15,10800,5.3,6000,0,684000
AXISBANK30JAN20780CE.NFO,07/01/2020,11:08:33,5.2,5.2,1200,5.3,2400,1200,684000
AXISBANK30JAN20780CE.NFO,07/01/2020,11:08:38,5.2,5.15,7200,5.25,2400,0,684000
AXISBANK30JAN20780CE.NFO,07/01/2020,11:08:43,5.2,5.15,6000,5.25,2400,0,684000
AXISBANK30JAN20780CE.NFO,07/01/2020,11:08:51,5.2,5.15,1200,5.25,2400,0,684000
AXISBANK30JAN20780CE.NFO,07/01/2020,11:08:56,5.2,5.1,3600,5.2,2400,1200,682800
AXISBANK30JAN20780CE.NFO,07/01/2020,11:09:01,5.2,5.1,10800,5.2,1200,0,682800
AXISBANK30JAN20780CE.NFO,07/01/2020,11:09:06,5.2,5.2,1200,5.25,3600,1200,682800
AXISBANK30JAN20780CE.NFO,07/01/2020,11:09:10,5.2,5.2,1200,5.25,2400,0,682800
AXISBANK30JAN20780CE.NFO,07/01/2020,11:09:15,5.2,5.15,9600,5.25,3600,1200,682800
AXISBANK30JAN20780CE.NFO,07/01/2020,11:09:19,5.2,5.1,10800,5.25,6000,0,682800
AXISBANK30JAN20780CE.NFO,07/01/2020,11:09:24,5.2,5.15,3600,5.25,4800,0,682800
AXISBANK30JAN20780CE.NFO,07/01/2020,11:09:29,5.2,5.15,1200,5.25,6000,0,682800
AXISBANK30JAN20780CE.NFO,07/01/2020,11:09:45,5.2,5.15,1200,5.25,10800,0,682800
AXISBANK30JAN20780CE.NFO,07/01/2020,11:09:50,5.25,5.15,12000,5.25,2400,3600,682800
AXISBANK30JAN20780CE.NFO,07/01/2020,11:09:53,5.2,5.15,7200,5.25,2400,1200,682800
AXISBANK30JAN20780CE.NFO,07/01/2020,11:09:56,5.2,5.15,12000,5.25,3600,0,682800
AXISBANK30JAN20780CE.NFO,07/01/2020,11:10:00,5.2,5.15,4800,5.25,8400,0,682800
AXISBANK30JAN20780CE.NFO,07/01/2020,11:10:04,5.15,5.1,7200,5.2,3600,3600,682800
AXISBANK30JAN20780CE.NFO,07/01/2020,11:10:09,5.1,5.1,7200,5.2,6000,1200,682800
AXISBANK30JAN20780CE.NFO,07/01/2020,11:10:09,5.1,5.1,7200,5.2,6000,0,682800
AXISBANK30JAN20780CE.NFO,07/01/2020,11:10:13,5.1,5.15,1200,5.25,6000,0,682800
AXISBANK30JAN20780CE.NFO,07/01/2020,11:10:18,5.1,5.15,1200,5.25,4800,0,682800
AXISBANK30JAN20780CE.NFO,07/01/2020,11:10:26,5.1,5.15,7200,5.25,4800,0,682800
AXISBANK30JAN20780CE.NFO,07/01/2020,11:10:30,5.1,5.15,8400,5.25,4800,0,682800
AXISBANK30JAN20780CE.NFO,07/01/2020,11:10:34,5.25,5.2,9600,5.3,2400,1200,682800
AXISBANK30JAN20780CE.NFO,07/01/2020,11:10:38,5.25,5.25,1200,5.35,4800,0,682800
AXISBANK30JAN20780CE.NFO,07/01/2020,11:10:42,5.25,5.15,9600,5.3,6000,0,682800
AXISBANK30JAN20780CE.NFO,07/01/2020,11:10:46,5.25,5.15,1200,5.25,4800,0,682800
AXISBANK30JAN20780CE.NFO,07/01/2020,11:10:49,5.15,5.1,10800,5.25,2400,1200,682800
AXISBANK30JAN20780CE.NFO,07/01/2020,11:10:56,5.15,5.15,3600,5.3,13200,0,682800
AXISBANK30JAN20780CE.NFO,07/01/2020,11:11:00,5.15,5.1,3600,5.25,13200,0,682800
AXISBANK30JAN20780CE.NFO,07/01/2020,11:11:04,5.15,5.1,2400,5.15,1200,0,682800
AXISBANK30JAN20780CE.NFO,07/01/2020,11:11:11,5.1,5.05,1200,5.15,10800,2400,682800
AXISBANK30JAN20780CE.NFO,07/01/2020,11:11:18,5.1,5,3600,5.1,1200,0,682800
AXISBANK30JAN20780CE.NFO,07/01/2020,11:11:24,5,5,1200,5.05,1200,1200,682800
AXISBANK30JAN20780CE.NFO,07/01/2020,11:11:24,5,5,1200,5.05,1200,0,682800
AXISBANK30JAN20780CE.NFO,07/01/2020,11:11:31,4.95,4.9,6000,5,2400,3600,682800
AXISBANK30JAN20780CE.NFO,07/01/2020,11:11:31,4.95,4.9,6000,5,2400,0,682800
AXISBANK30JAN20780CE.NFO,07/01/2020,11:11:38,4.95,4.9,2400,5,3600,0,682800
AXISBANK30JAN20780CE.NFO,07/01/2020,11:11:44,4.95,4.95,1200,5,2400,0,682800
AXISBANK30JAN20780CE.NFO,07/01/2020,11:11:49,4.95,5,2400,5.05,2400,0,682800
AXISBANK30JAN20780CE.NFO,07/01/2020,11:11:55,4.95,4.95,1200,5,2400,0,682800
AXISBANK30JAN20780CE.NFO,07/01/2020,11:12:01,4.9,4.8,2400,4.9,1200,4800,685200
AXISBANK30JAN20780CE.NFO,07/01/2020,11:12:01,4.9,4.8,2400,4.9,1200,0,685200
AXISBANK30JAN20780CE.NFO,07/01/2020,11:12:10,4.9,4.85,2400,5,9600,0,685200
AXISBANK30JAN20780CE.NFO,07/01/2020,11:12:17,4.8,4.75,4800,4.9,10800,1200,685200
AXISBANK30JAN20780CE.NFO,07/01/2020,11:12:17,4.8,4.75,4800,4.9,10800,0,685200
AXISBANK30JAN20780CE.NFO,07/01/2020,11:12:30,4.9,4.8,9600,4.95,12000,1200,685200
AXISBANK30JAN20780CE.NFO,07/01/2020,11:12:37,4.9,4.8,4800,4.95,10800,0,685200
AXISBANK30JAN20780CE.NFO,07/01/2020,11:12:43,4.9,4.8,4800,4.9,4800,0,685200
AXISBANK30JAN20780CE.NFO,07/01/2020,11:12:48,4.9,4.8,3600,4.9,7200,0,685200
AXISBANK30JAN20780CE.NFO,07/01/2020,11:12:52,4.8,4.8,1200,4.9,7200,1200,685200
AXISBANK30JAN20780CE.NFO,07/01/2020,11:12:56,4.8,4.8,4800,4.95,13200,0,685200
AXISBANK30JAN20780CE.NFO,07/01/2020,11:13:01,4.8,4.8,2400,4.9,3600,0,685200
AXISBANK30JAN20780CE.NFO,07/01/2020,11:13:07,4.8,4.8,2400,4.9,2400,0,685200
AXISBANK30JAN20780CE.NFO,07/01/2020,11:13:13,4.8,4.75,8400,4.85,2400,0,685200
AXISBANK30JAN20780CE.NFO,07/01/2020,11:13:19,4.8,4.75,4800,4.85,7200,0,685200
AXISBANK30JAN20780CE.NFO,07/01/2020,11:13:25,4.8,4.8,4800,4.9,6000,0,685200
AXISBANK30JAN20780CE.NFO,07/01/2020,11:13:30,4.8,4.8,6000,4.95,14400,0,685200
AXISBANK30JAN20780CE.NFO,07/01/2020,11:13:37,4.8,4.8,2400,4.9,7200,0,685200
AXISBANK30JAN20780CE.NFO,07/01/2020,11:13:43,4.8,4.85,1200,4.95,12000,0,685200
AXISBANK30JAN20780CE.NFO,07/01/2020,11:13:55,4.95,4.95,1200,5,2400,2400,685200
AXISBANK30JAN20780CE.NFO,07/01/2020,11:14:00,4.95,4.95,1200,5,2400,0,685200
AXISBANK30JAN20780CE.NFO,07/01/2020,11:14:05,4.95,4.9,6000,5,2400,0,685200
AXISBANK30JAN20780CE.NFO,07/01/2020,11:14:11,4.95,4.95,6000,5.05,1200,0,685200
AXISBANK30JAN20780CE.NFO,07/01/2020,11:14:17,4.95,4.95,1200,5.05,12000,0,685200
AXISBANK30JAN20780CE.NFO,07/01/2020,11:14:23,4.95,4.95,2400,5.05,2400,0,685200
AXISBANK30JAN20780CE.NFO,07/01/2020,11:14:33,4.75,4.75,6000,4.8,6000,12000,685200
AXISBANK30JAN20780CE.NFO,07/01/2020,11:14:33,4.75,4.75,6000,4.8,6000,0,685200
AXISBANK30JAN20780CE.NFO,07/01/2020,11:14:39,4.75,4.75,9600,4.85,7200,0,685200
AXISBANK30JAN20780CE.NFO,07/01/2020,11:14:43,4.75,4.75,6000,4.8,3600,0,685200
AXISBANK30JAN20780CE.NFO,07/01/2020,11:14:48,4.75,4.8,2400,4.85,1200,0,685200
AXISBANK30JAN20780CE.NFO,07/01/2020,11:14:52,4.8,4.8,3600,4.9,2400,2400,692400
AXISBANK30JAN20780CE.NFO,07/01/2020,11:14:58,4.8,4.75,9600,4.85,2400,0,692400
AXISBANK30JAN20780CE.NFO,07/01/2020,11:15:04,4.8,4.75,7200,4.85,8400,0,692400
AXISBANK30JAN20780CE.NFO,07/01/2020,11:15:11,4.8,4.75,8400,4.85,1200,0,692400
AXISBANK30JAN20780CE.NFO,07/01/2020,11:15:16,4.8,4.8,3600,4.9,7200,0,692400
AXISBANK30JAN20780CE.NFO,07/01/2020,11:15:27,4.8,4.8,1200,4.9,3600,0,692400
AXISBANK30JAN20780CE.NFO,07/01/2020,11:15:32,4.8,4.75,18000,4.9,9600,0,692400
AXISBANK30JAN20780CE.NFO,07/01/2020,11:15:50,4.8,4.75,8400,4.85,9600,0,692400
AXISBANK30JAN20780CE.NFO,07/01/2020,11:15:55,4.75,4.75,6000,4.8,8400,1200,692400
AXISBANK30JAN20780CE.NFO,07/01/2020,11:16:01,4.75,4.6,19200,4.75,4800,6000,692400
AXISBANK30JAN20780CE.NFO,07/01/2020,11:16:07,4.6,4.55,1200,4.65,7200,1200,692400
AXISBANK30JAN20780CE.NFO,07/01/2020,11:16:07,4.6,4.55,1200,4.65,7200,0,692400
AXISBANK30JAN20780CE.NFO,07/01/2020,11:16:13,4.6,4.5,9600,4.65,9600,0,692400
AXISBANK30JAN20780CE.NFO,07/01/2020,11:16:20,4.6,4.65,1200,4.75,3600,0,692400
AXISBANK30JAN20780CE.NFO,07/01/2020,11:16:26,4.6,4.6,8400,4.7,1200,0,692400
AXISBANK30JAN20780CE.NFO,07/01/2020,11:16:32,4.6,4.65,4800,4.75,2400,0,692400
AXISBANK30JAN20780CE.NFO,07/01/2020,11:16:36,4.6,4.7,1200,4.8,7200,0,692400
AXISBANK30JAN20780CE.NFO,07/01/2020,11:16:41,4.6,4.7,2400,4.8,7200,0,692400
AXISBANK30JAN20780CE.NFO,07/01/2020,11:16:46,4.6,4.7,8400,4.8,2400,0,692400
AXISBANK30JAN20780CE.NFO,07/01/2020,11:16:51,4.6,4.6,8400,4.75,10800,0,692400
AXISBANK30JAN20780CE.NFO,07/01/2020,11:16:57,4.6,4.65,6000,4.75,3600,0,692400
AXISBANK30JAN20780CE.NFO,07/01/2020,11:17:03,4.7,4.65,4800,4.75,1200,1200,692400
AXISBANK30JAN20780CE.NFO,07/01/2020,11:17:08,4.7,4.7,1200,4.8,10800,0,692400
AXISBANK30JAN20780CE.NFO,07/01/2020,11:17:12,4.7,4.7,2400,4.8,7200,0,692400
AXISBANK30JAN20780CE.NFO,07/01/2020,11:17:17,4.75,4.7,3600,4.8,1200,1200,692400
AXISBANK30JAN20780CE.NFO,07/01/2020,11:17:22,4.75,4.7,3600,4.8,7200,0,692400
AXISBANK30JAN20780CE.NFO,07/01/2020,11:17:27,4.75,4.65,1200,4.75,3600,0,692400
AXISBANK30JAN20780CE.NFO,07/01/2020,11:17:31,4.75,4.65,7200,4.8,8400,0,692400
AXISBANK30JAN20780CE.NFO,07/01/2020,11:17:37,4.75,4.7,1200,4.8,9600,3600,692400
AXISBANK30JAN20780CE.NFO,07/01/2020,11:17:43,4.75,4.65,3600,4.75,8400,0,692400
AXISBANK30JAN20780CE.NFO,07/01/2020,11:17:48,4.7,4.65,1200,4.75,8400,1200,693600
AXISBANK30JAN20780CE.NFO,07/01/2020,11:17:53,4.7,4.65,2400,4.75,9600,0,693600
AXISBANK30JAN20780CE.NFO,07/01/2020,11:17:58,4.7,4.65,2400,4.75,8400,0,693600
AXISBANK30JAN20780CE.NFO,07/01/2020,11:18:03,4.7,4.6,6000,4.75,9600,0,693600
AXISBANK30JAN20780CE.NFO,07/01/2020,11:18:08,4.7,4.65,4800,4.75,6000,0,693600
AXISBANK30JAN20780CE.NFO,07/01/2020,11:18:13,4.7,4.65,3600,4.75,6000,0,693600
AXISBANK30JAN20780CE.NFO,07/01/2020,11:18:17,4.7,4.6,6000,4.75,9600,0,693600
AXISBANK30JAN20780CE.NFO,07/01/2020,11:18:22,4.7,4.6,6000,4.75,8400,0,693600
AXISBANK30JAN20780CE.NFO,07/01/2020,11:18:26,4.65,4.55,3600,4.7,12000,1200,693600
AXISBANK30JAN20780CE.NFO,07/01/2020,11:18:31,4.65,4.6,3600,4.7,7200,0,693600
AXISBANK30JAN20780CE.NFO,07/01/2020,11:18:36,4.7,4.6,4800,4.75,9600,4800,693600
AXISBANK30JAN20780CE.NFO,07/01/2020,11:18:42,4.7,4.55,1200,4.7,12000,0,693600
AXISBANK30JAN20780CE.NFO,07/01/2020,11:18:49,4.7,4.5,7200,4.6,1200,0,693600
AXISBANK30JAN20780CE.NFO,07/01/2020,11:18:54,4.65,4.55,4800,4.7,15600,2400,693600
AXISBANK30JAN20780CE.NFO,07/01/2020,11:18:59,4.65,4.55,4800,4.7,12000,0,693600
AXISBANK30JAN20780CE.NFO,07/01/2020,11:19:05,4.65,4.5,6000,4.65,13200,0,693600
AXISBANK30JAN20780CE.NFO,07/01/2020,11:19:11,4.65,4.5,3600,4.65,13200,0,693600
AXISBANK30JAN20780CE.NFO,07/01/2020,11:19:17,4.65,4.4,3600,4.55,7200,0,693600
AXISBANK30JAN20780CE.NFO,07/01/2020,11:19:26,4.45,4.45,1200,4.5,4800,1200,693600
AXISBANK30JAN20780CE.NFO,07/01/2020,11:19:26,4.45,4.45,1200,4.5,4800,0,693600
AXISBANK30JAN20780CE.NFO,07/01/2020,11:19:34,4.45,4.45,2400,4.55,7200,0,693600
AXISBANK30JAN20780CE.NFO,07/01/2020,11:19:47,4.45,4.45,2400,4.5,2400,0,693600
AXISBANK30JAN20780CE.NFO,07/01/2020,11:20:06,4.45,4.45,1200,4.5,2400,0,693600
AXISBANK30JAN20780CE.NFO,07/01/2020,11:20:12,4.5,4.45,1200,4.55,8400,2400,693600
AXISBANK30JAN20780CE.NFO,07/01/2020,11:20:17,4.5,4.45,1200,4.55,8400,0,693600
AXISBANK30JAN20780CE.NFO,07/01/2020,11:20:22,4.5,4.4,7200,4.5,3600,0,693600
AXISBANK30JAN20780CE.NFO,07/01/2020,11:20:31,4.5,4.45,3600,4.55,9600,3600,693600
AXISBANK30JAN20780CE.NFO,07/01/2020,11:20:36,4.5,4.4,10800,4.55,9600,0,693600
AXISBANK30JAN20780CE.NFO,07/01/2020,11:20:41,4.5,4.45,6000,4.55,1200,0,693600
AXISBANK30JAN20780CE.NFO,07/01/2020,11:20:46,4.5,4.45,14400,4.6,16800,0,693600
AXISBANK30JAN20780CE.NFO,07/01/2020,11:20:53,4.5,4.45,10800,4.6,12000,0,693600
AXISBANK30JAN20780CE.NFO,07/01/2020,11:20:58,4.5,4.45,12000,4.6,12000,0,693600
AXISBANK30JAN20780CE.NFO,07/01/2020,11:21:03,4.5,4.45,12000,4.6,10800,0,693600
AXISBANK30JAN20780CE.NFO,07/01/2020,11:21:08,4.5,4.5,4800,4.6,1200,0,693600
AXISBANK30JAN20780CE.NFO,07/01/2020,11:21:13,4.5,4.5,4800,4.65,16800,0,693600
AXISBANK30JAN20780CE.NFO,07/01/2020,11:21:17,4.5,4.5,6000,4.65,16800,0,693600
AXISBANK30JAN20780CE.NFO,07/01/2020,11:21:21,4.6,4.5,2400,4.6,7200,1200,702000
AXISBANK30JAN20780CE.NFO,07/01/2020,11:21:25,4.6,4.55,1200,4.6,8400,0,702000
AXISBANK30JAN20780CE.NFO,07/01/2020,11:21:30,4.55,4.5,2400,4.6,12000,1200,702000
AXISBANK30JAN20780CE.NFO,07/01/2020,11:21:36,4.65,4.55,4800,4.65,4800,4800,702000
AXISBANK30JAN20780CE.NFO,07/01/2020,11:21:41,4.65,4.55,6000,4.65,4800,0,702000
AXISBANK30JAN20780CE.NFO,07/01/2020,11:21:46,4.65,4.6,2400,4.65,2400,0,702000
AXISBANK30JAN20780CE.NFO,07/01/2020,11:21:54,4.65,4.6,1200,4.65,1200,0,702000
AXISBANK30JAN20780CE.NFO,07/01/2020,11:21:58,4.65,4.6,2400,4.65,1200,0,702000
AXISBANK30JAN20780CE.NFO,07/01/2020,11:22:06,4.65,4.55,10800,4.65,4800,0,702000
AXISBANK30JAN20780CE.NFO,07/01/2020,11:22:10,4.65,4.55,8400,4.65,4800,0,702000
AXISBANK30JAN20780CE.NFO,07/01/2020,11:22:19,4.65,4.55,3600,4.65,4800,0,702000
AXISBANK30JAN20780CE.NFO,07/01/2020,11:22:23,4.65,4.6,1200,4.65,1200,0,702000
AXISBANK30JAN20780CE.NFO,07/01/2020,11:22:55,4.65,4.6,3600,4.7,18000,0,702000
AXISBANK30JAN20780CE.NFO,07/01/2020,11:23:00,4.65,4.6,3600,4.7,15600,0,702000
AXISBANK30JAN20780CE.NFO,07/01/2020,11:23:10,4.65,4.6,2400,4.7,16800,1200,702000
AXISBANK30JAN20780CE.NFO,07/01/2020,11:23:15,4.65,4.65,3600,4.7,16800,1200,702000
AXISBANK30JAN20780CE.NFO,07/01/2020,11:23:20,4.65,4.65,3600,4.7,7200,0,702000
AXISBANK30JAN20780CE.NFO,07/01/2020,11:23:23,4.7,4.6,3600,4.7,7200,3600,702000
AXISBANK30JAN20780CE.NFO,07/01/2020,11:23:27,4.7,4.6,4800,4.7,4800,0,702000
AXISBANK30JAN20780CE.NFO,07/01/2020,11:23:41,4.7,4.6,2400,4.7,6000,0,702000
AXISBANK30JAN20780CE.NFO,07/01/2020,11:23:45,4.6,4.5,10800,4.6,1200,1200,711600
AXISBANK30JAN20780CE.NFO,07/01/2020,11:23:59,4.6,4.6,2400,4.7,6000,2400,711600
AXISBANK30JAN20780CE.NFO,07/01/2020,11:24:05,4.65,4.6,4800,4.7,3600,1200,711600
AXISBANK30JAN20780CE.NFO,07/01/2020,11:24:11,4.65,4.6,2400,4.7,9600,0,711600
AXISBANK30JAN20780CE.NFO,07/01/2020,11:24:16,4.65,4.55,2400,4.65,9600,0,711600
AXISBANK30JAN20780CE.NFO,07/01/2020,11:24:21,4.65,4.55,3600,4.65,12000,0,711600
AXISBANK30JAN20780CE.NFO,07/01/2020,11:24:26,4.65,4.55,9600,4.65,2400,0,711600
AXISBANK30JAN20780CE.NFO,07/01/2020,11:24:30,4.65,4.6,6000,4.7,4800,0,711600
AXISBANK30JAN20780CE.NFO,07/01/2020,11:24:35,4.65,4.6,12000,4.75,14400,1200,711600
AXISBANK30JAN20780CE.NFO,07/01/2020,11:24:39,4.65,4.6,6000,4.75,14400,0,711600
AXISBANK30JAN20780CE.NFO,07/01/2020,11:24:44,4.75,4.6,12000,4.75,12000,1200,711600
AXISBANK30JAN20780CE.NFO,07/01/2020,11:24:48,4.75,4.65,1200,4.75,13200,0,711600
AXISBANK30JAN20780CE.NFO,07/01/2020,11:24:52,4.75,4.65,3600,4.75,3600,0,711600
AXISBANK30JAN20780CE.NFO,07/01/2020,11:24:56,4.75,4.65,4800,4.75,3600,0,711600
AXISBANK30JAN20780CE.NFO,07/01/2020,11:25:00,4.75,4.65,2400,4.75,4800,0,711600
AXISBANK30JAN20780CE.NFO,07/01/2020,11:25:06,4.75,4.7,1200,4.75,3600,0,711600
AXISBANK30JAN20780CE.NFO,07/01/2020,11:25:11,4.75,4.7,1200,4.75,1200,0,711600
AXISBANK30JAN20780CE.NFO,07/01/2020,11:25:15,4.75,4.7,2400,4.8,8400,0,711600
AXISBANK30JAN20780CE.NFO,07/01/2020,11:25:19,4.7,4.65,1200,4.75,6000,1200,711600
AXISBANK30JAN20780CE.NFO,07/01/2020,11:25:24,4.7,4.6,9600,4.75,8400,0,711600
AXISBANK30JAN20780CE.NFO,07/01/2020,11:25:29,4.7,4.6,8400,4.7,3600,0,711600
AXISBANK30JAN20780CE.NFO,07/01/2020,11:25:34,4.7,4.6,10800,4.75,12000,0,711600
AXISBANK30JAN20780CE.NFO,07/01/2020,11:25:42,4.7,4.65,7200,4.7,1200,0,711600
AXISBANK30JAN20780CE.NFO,07/01/2020,11:25:47,4.7,4.65,2400,4.7,1200,0,711600
AXISBANK30JAN20780CE.NFO,07/01/2020,11:25:51,4.7,4.65,12000,4.75,6000,1200,711600
AXISBANK30JAN20780CE.NFO,07/01/2020,11:25:55,4.7,4.65,12000,4.75,6000,0,711600
AXISBANK30JAN20780CE.NFO,07/01/2020,11:25:59,4.7,4.65,12000,4.75,3600,0,711600
AXISBANK30JAN20780CE.NFO,07/01/2020,11:26:03,4.7,4.65,12000,4.75,3600,1200,711600
AXISBANK30JAN20780CE.NFO,07/01/2020,11:26:06,4.7,4.7,1200,4.75,3600,0,711600
AXISBANK30JAN20780CE.NFO,07/01/2020,11:26:12,4.7,4.7,6000,4.8,6000,0,711600
AXISBANK30JAN20780CE.NFO,07/01/2020,11:26:15,4.7,4.7,1200,4.75,3600,0,711600
