Ticker,Date,Time,LTP,BuyPrice,BuyQty,SellPrice,SellQty,LTQ,OpenInterest
AXISBANK30JAN20710PE.NFO,07/01/2020,09:15:16,14.25,11.3,1200,14.2,10800,3600,298800
AXISBANK30JAN20710PE.NFO,07/01/2020,09:15:16,11.3,11.3,1200,14.2,10800,0,298800
AXISBANK30JAN20710PE.NFO,07/01/2020,09:15:16,14.25,11.3,1200,14.2,10800,0,298800
AXISBANK30JAN20710PE.NFO,07/01/2020,09:15:16,11.3,11.3,1200,14.2,10800,0,298800
AXISBANK30JAN20710PE.NFO,07/01/2020,09:15:28,11.3,11.3,1200,12.65,2400,0,298800
AXISBANK30JAN20710PE.NFO,07/01/2020,09:15:40,11.3,11.1,1200,11.85,2400,0,298800
AXISBANK30JAN20710PE.NFO,07/01/2020,09:15:52,11.3,11.1,1200,11.65,3600,0,298800
AXISBANK30JAN20710PE.NFO,07/01/2020,09:16:04,11,10.95,2400,11.25,1200,3600,298800
AXISBANK30JAN20710PE.NFO,07/01/2020,09:16:04,11,10.95,2400,11.25,1200,0,298800
AXISBANK30JAN20710PE.NFO,07/01/2020,09:16:14,11,11,1200,11.3,3600,0,298800
AXISBANK30JAN20710PE.NFO,07/01/2020,09:16:24,11.15,11.05,1200,11.3,3600,2400,298800
AXISBANK30JAN20710PE.NFO,07/01/2020,09:16:33,11.2,11,1200,11.15,2400,2400,298800
AXISBANK30JAN20710PE.NFO,07/01/2020,09:16:42,11.2,11,1200,11.2,2400,0,298800
AXISBANK30JAN20710PE.NFO,07/01/2020,09:16:52,11.2,11,1200,11.15,2400,0,298800
AXISBANK30JAN20710PE.NFO,07/01/2020,09:17:00,11,10.85,1200,11.15,3600,1200,298800
AXISBANK30JAN20710PE.NFO,07/01/2020,09:17:08,11,10.75,1200,11.15,3600,0,298800
AXISBANK30JAN20710PE.NFO,07/01/2020,09:17:17,11,10.75,2400,11.1,2400,0,298800
AXISBANK30JAN20710PE.NFO,07/01/2020,09:17:25,11,10.95,1200,11.2,2400,3600,298800
AXISBANK30JAN20710PE.NFO,07/01/2020,09:17:34,11,10.8,2400,11.2,2400,0,298800
AXISBANK30JAN20710PE.NFO,07/01/2020,09:17:43,11,10.8,2400,11.2,1200,0,298800
AXISBANK30JAN20710PE.NFO,07/01/2020,09:17:51,10.8,10.95,2400,11.3,2400,1200,298800
AXISBANK30JAN20710PE.NFO,07/01/2020,09:17:51,10.8,10.95,2400,11.3,2400,0,298800
AXISBANK30JAN20710PE.NFO,07/01/2020,09:18:00,10.8,11.05,2400,11.4,2400,0,298800
AXISBANK30JAN20710PE.NFO,07/01/2020,09:18:08,11.25,11.25,2400,11.4,3600,2400,298800
AXISBANK30JAN20710PE.NFO,07/01/2020,09:18:15,11.05,11,2400,11.2,1200,3600,298800
AXISBANK30JAN20710PE.NFO,07/01/2020,09:18:23,11.05,10.95,3600,11.15,1200,0,298800
AXISBANK30JAN20710PE.NFO,07/01/2020,09:18:30,11,11.05,4800,11.15,2400,1200,298800
AXISBANK30JAN20710PE.NFO,07/01/2020,09:18:39,11,10.9,2400,11.1,4800,6000,298800
AXISBANK30JAN20710PE.NFO,07/01/2020,09:18:46,11.15,10.95,3600,11.15,1200,1200,298800
AXISBANK30JAN20710PE.NFO,07/01/2020,09:18:53,11.15,10.85,4800,11.1,3600,0,298800
AXISBANK30JAN20710PE.NFO,07/01/2020,09:19:01,11.15,10.85,1200,11.05,2400,0,298800
AXISBANK30JAN20710PE.NFO,07/01/2020,09:19:08,11.15,11.1,1200,11.25,2400,0,298800
AXISBANK30JAN20710PE.NFO,07/01/2020,09:19:16,11.05,10.9,4800,11.1,3600,1200,298800
AXISBANK30JAN20710PE.NFO,07/01/2020,09:19:24,11.1,10.8,6000,10.95,1200,1200,298800
AXISBANK30JAN20710PE.NFO,07/01/2020,09:19:32,10.85,10.85,1200,11,6000,2400,298800
AXISBANK30JAN20710PE.NFO,07/01/2020,09:19:40,10.85,10.85,1200,11,4800,1200,298800
AXISBANK30JAN20710PE.NFO,07/01/2020,09:19:48,10.85,10.75,1200,10.9,4800,0,298800
AXISBANK30JAN20710PE.NFO,07/01/2020,09:19:56,10.75,10.65,2400,10.85,4800,1200,298800
AXISBANK30JAN20710PE.NFO,07/01/2020,09:19:56,10.75,10.65,2400,10.85,4800,0,298800
AXISBANK30JAN20710PE.NFO,07/01/2020,09:20:03,10.75,10.5,8400,10.7,8400,0,298800
AXISBANK30JAN20710PE.NFO,07/01/2020,09:20:11,10.75,10.3,7200,10.5,1200,0,298800
AXISBANK30JAN20710PE.NFO,07/01/2020,09:20:19,10.2,10.2,6000,10.4,3600,3600,291600
AXISBANK30JAN20710PE.NFO,07/01/2020,09:20:19,10.2,10.2,6000,10.4,3600,0,291600
AXISBANK30JAN20710PE.NFO,07/01/2020,09:20:27,10.2,10.15,2400,10.35,3600,0,291600
AXISBANK30JAN20710PE.NFO,07/01/2020,09:20:35,10.15,10.1,8400,10.3,2400,1200,291600
AXISBANK30JAN20710PE.NFO,07/01/2020,09:20:35,10.15,10.1,8400,10.3,2400,0,291600
AXISBANK30JAN20710PE.NFO,07/01/2020,09:20:42,10.35,10.2,6000,10.4,6000,1200,291600
AXISBANK30JAN20710PE.NFO,07/01/2020,09:20:50,10.15,10.15,3600,10.35,4800,2400,291600
AXISBANK30JAN20710PE.NFO,07/01/2020,09:20:58,10.15,10.15,2400,10.3,1200,0,291600
AXISBANK30JAN20710PE.NFO,07/01/2020,09:21:05,10.15,10.2,1200,10.35,3600,0,291600
AXISBANK30JAN20710PE.NFO,07/01/2020,09:21:13,10.25,10.15,4800,10.35,6000,1200,291600
AXISBANK30JAN20710PE.NFO,07/01/2020,09:21:21,10.25,10.2,1200,10.3,1200,0,291600
AXISBANK30JAN20710PE.NFO,07/01/2020,09:21:28,10.15,10,2400,10.15,1200,7200,291600
AXISBANK30JAN20710PE.NFO,07/01/2020,09:21:35,10.15,10.15,2400,10.3,3600,0,291600
AXISBANK30JAN20710PE.NFO,07/01/2020,09:21:42,10.15,10.2,4800,10.35,3600,0,291600
AXISBANK30JAN20710PE.NFO,07/01/2020,09:21:50,10.25,10.15,3600,10.3,2400,1200,291600
AXISBANK30JAN20710PE.NFO,07/01/2020,09:21:56,10.25,10.15,2400,10.3,3600,0,291600
AXISBANK30JAN20710PE.NFO,07/01/2020,09:22:02,10.25,10.1,8400,10.25,1200,0,291600
AXISBANK30JAN20710PE.NFO,07/01/2020,09:22:10,10.25,10.05,3600,10.2,1200,0,291600
AXISBANK30JAN20710PE.NFO,07/01/2020,09:22:18,10.25,10.05,2400,10.2,3600,0,291600
AXISBANK30JAN20710PE.NFO,07/01/2020,09:22:25,10.25,10.15,1200,10.25,3600,0,291600
AXISBANK30JAN20710PE.NFO,07/01/2020,09:22:32,10.25,10.05,2400,10.2,3600,0,291600
AXISBANK30JAN20710PE.NFO,07/01/2020,09:22:39,10.15,10.1,1200,10.2,3600,1200,291600
AXISBANK30JAN20710PE.NFO,07/01/2020,09:22:46,10.15,10.05,1200,10.15,2400,0,291600
AXISBANK30JAN20710PE.NFO,07/01/2020,09:22:52,10.15,10.05,2400,10.2,3600,0,291600
AXISBANK30JAN20710PE.NFO,07/01/2020,09:22:58,10.15,10,2400,10.15,3600,0,291600
AXISBANK30JAN20710PE.NFO,07/01/2020,09:23:05,10.15,10,1200,10.1,2400,0,291600
AXISBANK30JAN20710PE.NFO,07/01/2020,09:23:11,10,9.9,3600,10.05,2400,1200,291600
AXISBANK30JAN20710PE.NFO,07/01/2020,09:23:11,10,9.9,3600,10.05,2400,0,291600
AXISBANK30JAN20710PE.NFO,07/01/2020,09:23:18,10,9.95,3600,10.1,1200,0,291600
AXISBANK30JAN20710PE.NFO,07/01/2020,09:23:25,10,9.95,3600,10.1,6000,1200,292800
AXISBANK30JAN20710PE.NFO,07/01/2020,09:23:31,10,9.95,2400,10.1,1200,0,292800
AXISBANK30JAN20710PE.NFO,07/01/2020,09:23:38,10,10,3600,10.15,2400,2400,292800
AXISBANK30JAN20710PE.NFO,07/01/2020,09:23:45,10,10,3600,10.15,2400,0,292800
AXISBANK30JAN20710PE.NFO,07/01/2020,09:23:58,10,9.95,3600,10.1,4800,0,292800
AXISBANK30JAN20710PE.NFO,07/01/2020,09:24:05,10,10,2400,10.1,2400,0,292800
AXISBANK30JAN20710PE.NFO,07/01/2020,09:24:12,10.05,10,3600,10.15,3600,1200,292800
AXISBANK30JAN20710PE.NFO,07/01/2020,09:24:19,10.05,10,2400,10.1,1200,0,292800
AXISBANK30JAN20710PE.NFO,07/01/2020,09:24:26,10,9.9,1200,10.05,3600,2400,292800
AXISBANK30JAN20710PE.NFO,07/01/2020,09:24:33,10,9.9,2400,10.05,3600,0,292800
AXISBANK30JAN20710PE.NFO,07/01/2020,09:24:46,10.05,10,3600,10.15,2400,1200,292800
AXISBANK30JAN20710PE.NFO,07/01/2020,09:24:58,10.05,10,4800,10.15,1200,0,292800
AXISBANK30JAN20710PE.NFO,07/01/2020,09:25:12,10.05,9.95,3600,10.1,4800,3600,292800
AXISBANK30JAN20710PE.NFO,07/01/2020,09:25:20,10.05,10.05,1200,10.1,3600,0,292800
AXISBANK30JAN20710PE.NFO,07/01/2020,09:25:27,10.05,10.05,2400,10.15,2400,0,292800
AXISBANK30JAN20710PE.NFO,07/01/2020,09:25:42,10.15,10.1,2400,10.2,1200,2400,292800
AXISBANK30JAN20710PE.NFO,07/01/2020,09:25:53,10.15,10.1,2400,10.2,1200,0,292800
AXISBANK30JAN20710PE.NFO,07/01/2020,09:26:05,10.15,10.1,3600,10.25,1200,0,292800
AXISBANK30JAN20710PE.NFO,07/01/2020,09:26:12,10.15,10.05,1200,10.15,1200,0,292800
AXISBANK30JAN20710PE.NFO,07/01/2020,09:26:19,10.15,10.05,3600,10.2,7200,0,292800
AXISBANK30JAN20710PE.NFO,07/01/2020,09:26:24,10.15,10.1,1200,10.2,2400,0,292800
AXISBANK30JAN20710PE.NFO,07/01/2020,09:26:30,10.15,10.05,4800,10.2,8400,0,292800
AXISBANK30JAN20710PE.NFO,07/01/2020,09:26:37,10.15,10.05,2400,10.15,2400,0,292800
AXISBANK30JAN20710PE.NFO,07/01/2020,09:26:43,10.15,10.1,1200,10.2,1200,0,292800
AXISBANK30JAN20710PE.NFO,07/01/2020,09:26:49,10.15,10.1,1200,10.2,2400,0,292800
AXISBANK30JAN20710PE.NFO,07/01/2020,09:26:54,10.15,10.1,2400,10.25,3600,0,292800
AXISBANK30JAN20710PE.NFO,07/01/2020,09:26:59,10.15,10.1,2400,10.25,4800,0,292800
AXISBANK30JAN20710PE.NFO,07/01/2020,09:27:04,10.15,10.15,1200,10.25,3600,0,292800
AXISBANK30JAN20710PE.NFO,07/01/2020,09:27:09,10.15,10.1,1200,10.2,3600,0,292800
AXISBANK30JAN20710PE.NFO,07/01/2020,09:27:15,10.1,10.1,1200,10.2,4800,2400,291600
AXISBANK30JAN20710PE.NFO,07/01/2020,09:27:21,10.1,10.1,1200,10.2,1200,0,291600
AXISBANK30JAN20710PE.NFO,07/01/2020,09:27:34,10.1,10.1,1200,10.2,3600,2400,291600
AXISBANK30JAN20710PE.NFO,07/01/2020,09:27:40,10.1,10.05,4800,10.2,3600,0,291600
AXISBANK30JAN20710PE.NFO,07/01/2020,09:27:45,10.1,10.05,3600,10.15,1200,0,291600
AXISBANK30JAN20710PE.NFO,07/01/2020,09:27:50,10.1,10.05,4800,10.15,1200,0,291600
AXISBANK30JAN20710PE.NFO,07/01/2020,09:28:04,10.05,10,3600,10.1,1200,1200,291600
AXISBANK30JAN20710PE.NFO,07/01/2020,09:28:12,10,10,2400,10.1,1200,1200,291600
AXISBANK30JAN20710PE.NFO,07/01/2020,09:28:18,10,10,4800,10.15,2400,1200,291600
AXISBANK30JAN20710PE.NFO,07/01/2020,09:28:24,10,10.05,2400,10.15,1200,0,291600
AXISBANK30JAN20710PE.NFO,07/01/2020,09:28:30,10.05,10.05,4800,10.2,2400,1200,291600
AXISBANK30JAN20710PE.NFO,07/01/2020,09:28:35,10.05,10.1,2400,10.25,3600,0,291600
AXISBANK30JAN20710PE.NFO,07/01/2020,09:28:46,10.05,10.1,3600,10.25,1200,0,291600
AXISBANK30JAN20710PE.NFO,07/01/2020,09:28:52,10.05,10.15,3600,10.25,3600,0,291600
AXISBANK30JAN20710PE.NFO,07/01/2020,09:28:58,10.05,10.1,3600,10.25,3600,0,291600
AXISBANK30JAN20710PE.NFO,07/01/2020,09:29:04,10.05,10.1,2400,10.2,1200,0,291600
AXISBANK30JAN20710PE.NFO,07/01/2020,09:29:10,10.05,10,6000,10.15,3600,0,291600
AXISBANK30JAN20710PE.NFO,07/01/2020,09:29:16,10.05,10.05,3600,10.2,4800,0,291600
AXISBANK30JAN20710PE.NFO,07/01/2020,09:29:22,10.05,10.05,3600,10.2,3600,0,291600
AXISBANK30JAN20710PE.NFO,07/01/2020,09:29:28,10.05,10.05,2400,10.15,1200,0,291600
AXISBANK30JAN20710PE.NFO,07/01/2020,09:29:33,10.05,10,4800,10.15,3600,0,291600
AXISBANK30JAN20710PE.NFO,07/01/2020,09:29:40,10.05,10.05,3600,10.2,3600,0,291600
AXISBANK30JAN20710PE.NFO,07/01/2020,09:29:47,10.05,10.1,2400,10.2,1200,0,291600
AXISBANK30JAN20710PE.NFO,07/01/2020,09:29:58,10.05,10.1,3600,10.25,3600,0,291600
AXISBANK30JAN20710PE.NFO,07/01/2020,09:30:05,10.05,10.05,6000,10.15,1200,0,291600
AXISBANK30JAN20710PE.NFO,07/01/2020,09:30:11,10.05,10.05,1200,10.15,3600,0,291600
AXISBANK30JAN20710PE.NFO,07/01/2020,09:30:31,10.05,10.05,1200,10.15,2400,0,291600
AXISBANK30JAN20710PE.NFO,07/01/2020,09:30:36,10.15,10.05,2400,10.2,3600,1200,291600
AXISBANK30JAN20710PE.NFO,07/01/2020,09:30:41,10.15,10.1,2400,10.25,4800,0,291600
AXISBANK30JAN20710PE.NFO,07/01/2020,09:30:51,10.15,10.1,3600,10.25,4800,0,291600
AXISBANK30JAN20710PE.NFO,07/01/2020,09:30:56,10.15,10.15,3600,10.3,2400,0,291600
AXISBANK30JAN20710PE.NFO,07/01/2020,09:31:02,10.15,10.15,2400,10.25,2400,0,291600
AXISBANK30JAN20710PE.NFO,07/01/2020,09:31:09,10.15,10.15,2400,10.25,1200,0,291600
AXISBANK30JAN20710PE.NFO,07/01/2020,09:31:15,10.15,10.1,1200,10.2,2400,0,291600
AXISBANK30JAN20710PE.NFO,07/01/2020,09:31:21,10.15,10.05,1200,10.15,3600,0,291600
AXISBANK30JAN20710PE.NFO,07/01/2020,09:31:27,10.15,10,3600,10.15,4800,0,291600
AXISBANK30JAN20710PE.NFO,07/01/2020,09:31:32,10.15,10,1200,10.1,3600,0,291600
AXISBANK30JAN20710PE.NFO,07/01/2020,09:31:37,10.15,9.9,1200,10.05,4800,0,291600
AXISBANK30JAN20710PE.NFO,07/01/2020,09:31:43,10.15,9.9,1200,10.05,6000,0,291600
AXISBANK30JAN20710PE.NFO,07/01/2020,09:31:48,10.15,9.85,1200,10,6000,0,291600
AXISBANK30JAN20710PE.NFO,07/01/2020,09:31:53,10.15,9.8,3600,9.95,4800,0,291600
AXISBANK30JAN20710PE.NFO,07/01/2020,09:31:58,10.15,9.8,3600,9.95,3600,0,291600
AXISBANK30JAN20710PE.NFO,07/01/2020,09:32:13,10.15,9.85,1200,9.95,1200,0,291600
AXISBANK30JAN20710PE.NFO,07/01/2020,09:32:18,10.15,9.85,1200,9.95,2400,0,291600
AXISBANK30JAN20710PE.NFO,07/01/2020,09:32:24,10.15,9.85,1200,9.95,1200,0,291600
AXISBANK30JAN20710PE.NFO,07/01/2020,09:32:31,10.15,9.85,2400,10,8400,0,291600
AXISBANK30JAN20710PE.NFO,07/01/2020,09:32:36,10.15,9.8,1200,9.9,1200,0,291600
AXISBANK30JAN20710PE.NFO,07/01/2020,09:32:42,10.15,9.85,1200,9.95,2400,0,291600
AXISBANK30JAN20710PE.NFO,07/01/2020,09:32:48,10.15,9.8,3600,9.95,3600,0,291600
AXISBANK30JAN20710PE.NFO,07/01/2020,09:32:59,9.8,9.8,1200,9.9,6000,1200,290400
AXISBANK30JAN20710PE.NFO,07/01/2020,09:32:59,9.8,9.8,1200,9.9,6000,0,290400
AXISBANK30JAN20710PE.NFO,07/01/2020,09:33:05,9.8,9.75,2400,9.85,2400,0,290400
AXISBANK30JAN20710PE.NFO,07/01/2020,09:33:10,9.8,9.75,1200,9.85,2400,0,290400
AXISBANK30JAN20710PE.NFO,07/01/2020,09:33:16,9.8,9.7,1200,9.8,2400,0,290400
AXISBANK30JAN20710PE.NFO,07/01/2020,09:33:22,9.8,9.65,3600,9.8,2400,0,290400
AXISBANK30JAN20710PE.NFO,07/01/2020,09:33:27,9.8,9.7,1200,9.8,1200,0,290400
AXISBANK30JAN20710PE.NFO,07/01/2020,09:33:43,9.8,9.65,3600,9.8,3600,0,290400
AXISBANK30JAN20710PE.NFO,07/01/2020,09:33:59,9.7,9.65,3600,9.8,4800,1200,290400
AXISBANK30JAN20710PE.NFO,07/01/2020,09:33:59,9.7,9.65,3600,9.8,4800,0,290400
AXISBANK30JAN20710PE.NFO,07/01/2020,09:34:04,9.7,9.65,2400,9.8,3600,0,290400
AXISBANK30JAN20710PE.NFO,07/01/2020,09:34:09,9.7,9.7,1200,9.85,2400,0,290400
AXISBANK30JAN20710PE.NFO,07/01/2020,09:34:15,9.7,9.7,1200,9.8,1200,0,290400
AXISBANK30JAN20710PE.NFO,07/01/2020,09:34:19,9.7,9.75,2400,9.9,2400,1200,290400
AXISBANK30JAN20710PE.NFO,07/01/2020,09:34:25,9.7,9.7,8400,9.85,4800,0,290400
AXISBANK30JAN20710PE.NFO,07/01/2020,09:34:29,9.7,9.8,1200,9.9,2400,0,290400
AXISBANK30JAN20710PE.NFO,07/01/2020,09:34:35,9.9,9.8,3600,9.95,7200,1200,290400
AXISBANK30JAN20710PE.NFO,07/01/2020,09:34:40,9.9,9.85,1200,10,4800,0,290400
AXISBANK30JAN20710PE.NFO,07/01/2020,09:34:45,9.9,9.85,3600,10,3600,0,290400
AXISBANK30JAN20710PE.NFO,07/01/2020,09:34:50,9.9,9.85,3600,10,2400,0,290400
AXISBANK30JAN20710PE.NFO,07/01/2020,09:34:54,9.9,9.9,4800,10.05,1200,0,290400
AXISBANK30JAN20710PE.NFO,07/01/2020,09:35:00,9.9,9.85,4800,10,1200,0,290400
AXISBANK30JAN20710PE.NFO,07/01/2020,09:35:05,9.9,9.9,1200,10,2400,0,290400
AXISBANK30JAN20710PE.NFO,07/01/2020,09:35:30,9.9,9.9,9600,10.05,1200,0,290400
AXISBANK30JAN20710PE.NFO,07/01/2020,09:35:36,9.9,9.95,1200,10.05,1200,0,290400
AXISBANK30JAN20710PE.NFO,07/01/2020,09:35:42,9.9,9.95,3600,10.1,3600,0,290400
AXISBANK30JAN20710PE.NFO,07/01/2020,09:35:49,9.9,10,7200,10.15,1200,0,290400
AXISBANK30JAN20710PE.NFO,07/01/2020,09:35:56,9.9,10,1200,10.1,2400,0,290400
AXISBANK30JAN20710PE.NFO,07/01/2020,09:36:03,9.9,10,1200,10.1,3600,0,290400
AXISBANK30JAN20710PE.NFO,07/01/2020,09:36:08,9.9,9.95,3600,10.1,3600,0,290400
AXISBANK30JAN20710PE.NFO,07/01/2020,09:36:14,9.9,9.9,6000,10.05,3600,0,290400
AXISBANK30JAN20710PE.NFO,07/01/2020,09:36:20,9.9,9.8,4800,9.95,2400,0,290400
AXISBANK30JAN20710PE.NFO,07/01/2020,09:36:26,9.9,9.8,9600,9.95,2400,0,290400
AXISBANK30JAN20710PE.NFO,07/01/2020,09:36:31,9.9,9.8,7200,9.95,3600,0,290400
AXISBANK30JAN20710PE.NFO,07/01/2020,09:36:36,9.85,9.8,4800,9.95,2400,1200,290400
AXISBANK30JAN20710PE.NFO,07/01/2020,09:36:46,9.85,9.85,3600,10,6000,0,290400
AXISBANK30JAN20710PE.NFO,07/01/2020,09:36:50,9.85,9.85,3600,10,4800,0,290400
AXISBANK30JAN20710PE.NFO,07/01/2020,09:37:01,9.85,9.85,3600,10,2400,0,290400
AXISBANK30JAN20710PE.NFO,07/01/2020,09:37:06,9.85,9.8,8400,9.95,2400,0,290400
AXISBANK30JAN20710PE.NFO,07/01/2020,09:37:11,9.85,9.85,3600,10,4800,0,290400
AXISBANK30JAN20710PE.NFO,07/01/2020,09:37:15,9.85,9.9,3600,10,1200,0,290400
AXISBANK30JAN20710PE.NFO,07/01/2020,09:37:25,9.85,9.85,4800,10,4800,0,290400
AXISBANK30JAN20710PE.NFO,07/01/2020,09:37:30,9.85,9.9,2400,10.05,3600,0,290400
AXISBANK30JAN20710PE.NFO,07/01/2020,09:37:36,9.85,9.9,8400,10.05,2400,0,290400
AXISBANK30JAN20710PE.NFO,07/01/2020,09:37:41,9.85,9.9,8400,10.05,3600,0,290400
AXISBANK30JAN20710PE.NFO,07/01/2020,09:37:51,9.85,9.9,4800,10.05,3600,0,290400
AXISBANK30JAN20710PE.NFO,07/01/2020,09:37:55,9.85,9.85,3600,10,3600,0,290400
AXISBANK30JAN20710PE.NFO,07/01/2020,09:37:59,9.85,9.8,6000,9.9,1200,0,290400
AXISBANK30JAN20710PE.NFO,07/01/2020,09:38:04,9.85,9.8,4800,9.95,4800,0,290400
AXISBANK30JAN20710PE.NFO,07/01/2020,09:38:08,9.85,9.8,1200,9.9,1200,0,290400
AXISBANK30JAN20710PE.NFO,07/01/2020,09:38:18,9.85,9.75,6000,9.9,2400,0,290400
AXISBANK30JAN20710PE.NFO,07/01/2020,09:38:23,9.85,9.75,1200,9.85,1200,0,290400
AXISBANK30JAN20710PE.NFO,07/01/2020,09:38:28,9.85,9.75,2400,9.85,2400,0,290400
AXISBANK30JAN20710PE.NFO,07/01/2020,09:38:32,9.85,9.75,2400,9.85,1200,0,290400
AXISBANK30JAN20710PE.NFO,07/01/2020,09:38:37,9.85,9.75,2400,9.85,2400,0,290400
AXISBANK30JAN20710PE.NFO,07/01/2020,09:38:41,9.75,9.7,1200,9.8,3600,1200,291600
AXISBANK30JAN20710PE.NFO,07/01/2020,09:38:47,9.75,9.65,2400,9.75,1200,0,291600
AXISBANK30JAN20710PE.NFO,07/01/2020,09:39:00,9.75,9.65,2400,9.7,1200,0,291600
AXISBANK30JAN20710PE.NFO,07/01/2020,09:39:05,9.75,9.6,2400,9.7,1200,0,291600
AXISBANK30JAN20710PE.NFO,07/01/2020,09:39:20,9.55,9.55,1200,9.65,1200,2400,291600
AXISBANK30JAN20710PE.NFO,07/01/2020,09:39:20,9.55,9.55,1200,9.65,1200,0,291600
AXISBANK30JAN20710PE.NFO,07/01/2020,09:39:26,9.4,9.35,1200,9.45,4800,18000,291600
AXISBANK30JAN20710PE.NFO,07/01/2020,09:39:26,9.35,9.35,1200,9.45,4800,0,291600
AXISBANK30JAN20710PE.NFO,07/01/2020,09:39:31,9.4,9.3,1200,9.4,2400,0,291600
AXISBANK30JAN20710PE.NFO,07/01/2020,09:39:36,9.4,9.35,2400,9.45,2400,2400,291600
AXISBANK30JAN20710PE.NFO,07/01/2020,09:39:41,9.4,9.45,1200,9.55,1200,0,291600
AXISBANK30JAN20710PE.NFO,07/01/2020,09:39:46,9.4,9.35,7200,9.5,2400,0,291600
AXISBANK30JAN20710PE.NFO,07/01/2020,09:39:51,9.4,9.4,2400,9.55,4800,0,291600
AXISBANK30JAN20710PE.NFO,07/01/2020,09:39:55,9.4,9.4,1200,9.55,1200,1200,291600
AXISBANK30JAN20710PE.NFO,07/01/2020,09:39:59,9.4,9.4,4800,9.55,1200,0,291600
AXISBANK30JAN20710PE.NFO,07/01/2020,09:40:05,9.4,9.4,1200,9.5,1200,1200,291600
AXISBANK30JAN20710PE.NFO,07/01/2020,09:40:10,9.4,9.4,3600,9.55,1200,0,291600
AXISBANK30JAN20710PE.NFO,07/01/2020,09:40:16,9.4,9.5,2400,9.65,3600,0,291600
AXISBANK30JAN20710PE.NFO,07/01/2020,09:40:22,9.4,9.55,2400,9.7,2400,0,291600
AXISBANK30JAN20710PE.NFO,07/01/2020,09:40:27,9.4,9.55,6000,9.7,4800,0,291600
AXISBANK30JAN20710PE.NFO,07/01/2020,09:40:32,9.4,9.6,3600,9.75,3600,0,291600
AXISBANK30JAN20710PE.NFO,07/01/2020,09:40:47,9.4,9.6,3600,9.75,2400,0,291600
AXISBANK30JAN20710PE.NFO,07/01/2020,09:40:56,9.4,9.6,1200,9.7,1200,0,291600
AXISBANK30JAN20710PE.NFO,07/01/2020,09:41:01,9.4,9.55,6000,9.7,3600,0,291600
AXISBANK30JAN20710PE.NFO,07/01/2020,09:41:07,9.4,9.6,2400,9.7,1200,0,291600
AXISBANK30JAN20710PE.NFO,07/01/2020,09:41:16,9.4,9.6,4800,9.75,2400,0,291600
AXISBANK30JAN20710PE.NFO,07/01/2020,09:41:21,9.4,9.6,2400,9.7,1200,0,291600
AXISBANK30JAN20710PE.NFO,07/01/2020,09:41:27,9.4,9.6,1200,9.7,1200,0,291600
AXISBANK30JAN20710PE.NFO,07/01/2020,09:41:36,9.4,9.6,3600,9.7,1200,0,291600
AXISBANK30JAN20710PE.NFO,07/01/2020,09:41:41,9.4,9.6,4800,9.7,1200,0,291600
AXISBANK30JAN20710PE.NFO,07/01/2020,09:42:03,9.4,9.6,3600,9.7,3600,0,291600
AXISBANK30JAN20710PE.NFO,07/01/2020,09:42:10,9.4,9.6,2400,9.7,3600,0,291600
AXISBANK30JAN20710PE.NFO,07/01/2020,09:42:16,9.4,9.55,8400,9.65,2400,0,291600
AXISBANK30JAN20710PE.NFO,07/01/2020,09:42:23,9.4,9.4,1200,9.5,3600,0,291600
AXISBANK30JAN20710PE.NFO,07/01/2020,09:42:30,9.4,9.3,3600,9.4,1200,0,291600
AXISBANK30JAN20710PE.NFO,07/01/2020,09:42:44,9.4,9.3,1200,9.4,2400,0,291600
AXISBANK30JAN20710PE.NFO,07/01/2020,09:42:50,9.45,9.4,2400,9.5,2400,1200,294000
AXISBANK30JAN20710PE.NFO,07/01/2020,09:42:56,9.45,9.45,1200,9.55,3600,0,294000
AXISBANK30JAN20710PE.NFO,07/01/2020,09:43:01,9.45,9.4,4800,9.55,4800,0,294000
AXISBANK30JAN20710PE.NFO,07/01/2020,09:43:07,9.45,9.4,4800,9.55,3600,0,294000
AXISBANK30JAN20710PE.NFO,07/01/2020,09:43:13,9.45,9.4,3600,9.55,3600,0,294000
AXISBANK30JAN20710PE.NFO,07/01/2020,09:43:19,9.45,9.45,6000,9.55,2400,0,294000
AXISBANK30JAN20710PE.NFO,07/01/2020,09:43:29,9.45,9.45,9600,9.6,4800,0,294000
AXISBANK30JAN20710PE.NFO,07/01/2020,09:43:34,9.65,9.75,1200,9.85,2400,6000,294000
AXISBANK30JAN20710PE.NFO,07/01/2020,09:43:38,9.65,9.7,2400,9.75,2400,0,294000
AXISBANK30JAN20710PE.NFO,07/01/2020,09:43:43,9.65,9.65,3600,9.75,2400,0,294000
AXISBANK30JAN20710PE.NFO,07/01/2020,09:43:53,9.65,9.6,8400,9.7,2400,0,294000
AXISBANK30JAN20710PE.NFO,07/01/2020,09:43:58,9.65,9.6,10800,9.7,1200,0,294000
AXISBANK30JAN20710PE.NFO,07/01/2020,09:44:04,9.65,9.65,6000,9.75,1200,0,294000
AXISBANK30JAN20710PE.NFO,07/01/2020,09:44:09,9.65,9.65,7200,9.8,2400,0,294000
AXISBANK30JAN20710PE.NFO,07/01/2020,09:44:15,9.65,9.65,3600,9.75,2400,0,294000
AXISBANK30JAN20710PE.NFO,07/01/2020,09:44:25,9.65,9.65,3600,9.75,3600,0,294000
AXISBANK30JAN20710PE.NFO,07/01/2020,09:44:31,9.65,9.7,3600,9.8,1200,0,294000
AXISBANK30JAN20710PE.NFO,07/01/2020,09:44:36,9.65,9.7,4800,9.8,2400,0,294000
AXISBANK30JAN20710PE.NFO,07/01/2020,09:44:42,9.65,9.7,4800,9.8,1200,0,294000
AXISBANK30JAN20710PE.NFO,07/01/2020,09:44:53,9.65,9.7,1200,9.8,2400,0,294000
AXISBANK30JAN20710PE.NFO,07/01/2020,09:44:58,9.65,9.7,6000,9.85,3600,0,294000
AXISBANK30JAN20710PE.NFO,07/01/2020,09:45:03,9.65,9.7,3600,9.8,1200,0,294000
AXISBANK30JAN20710PE.NFO,07/01/2020,09:45:09,9.6,9.55,9600,9.7,2400,3600,292800
AXISBANK30JAN20710PE.NFO,07/01/2020,09:45:16,9.6,9.6,2400,9.7,1200,0,292800
AXISBANK30JAN20710PE.NFO,07/01/2020,09:45:22,9.6,9.6,6000,9.75,3600,0,292800
AXISBANK30JAN20710PE.NFO,07/01/2020,09:45:27,9.6,9.55,1200,9.65,2400,1200,292800
AXISBANK30JAN20710PE.NFO,07/01/2020,09:45:32,9.5,9.45,2400,9.55,2400,1200,292800
AXISBANK30JAN20710PE.NFO,07/01/2020,09:45:37,9.5,9.45,2400,9.55,2400,0,292800
AXISBANK30JAN20710PE.NFO,07/01/2020,09:45:51,9.55,9.55,1200,9.7,4800,2400,292800
AXISBANK30JAN20710PE.NFO,07/01/2020,09:45:56,9.55,9.55,2400,9.65,1200,0,292800
AXISBANK30JAN20710PE.NFO,07/01/2020,09:46:05,9.5,9.35,6000,9.45,1200,1200,292800
AXISBANK30JAN20710PE.NFO,07/01/2020,09:46:09,9.5,9.35,7200,9.5,4800,0,292800
AXISBANK30JAN20710PE.NFO,07/01/2020,09:46:19,9.5,9.4,1200,9.5,1200,0,292800
AXISBANK30JAN20710PE.NFO,07/01/2020,09:46:24,9.5,9.4,2400,9.5,1200,0,292800
AXISBANK30JAN20710PE.NFO,07/01/2020,09:46:29,9.5,9.4,2400,9.55,3600,0,292800
AXISBANK30JAN20710PE.NFO,07/01/2020,09:46:35,9.5,9.4,3600,9.55,4800,0,292800
AXISBANK30JAN20710PE.NFO,07/01/2020,09:46:40,9.5,9.45,4800,9.6,4800,0,292800
AXISBANK30JAN20710PE.NFO,07/01/2020,09:46:46,9.45,9.45,3600,9.55,2400,1200,292800
AXISBANK30JAN20710PE.NFO,07/01/2020,09:46:51,9.5,9.5,3600,9.6,1200,1200,292800
AXISBANK30JAN20710PE.NFO,07/01/2020,09:46:55,9.5,9.5,3600,9.6,1200,0,292800
AXISBANK30JAN20710PE.NFO,07/01/2020,09:46:59,9.6,9.55,1200,9.65,1200,1200,292800
AXISBANK30JAN20710PE.NFO,07/01/2020,09:47:03,9.6,9.55,2400,9.7,2400,0,292800
AXISBANK30JAN20710PE.NFO,07/01/2020,09:47:08,9.6,9.6,1200,9.7,1200,0,292800
AXISBANK30JAN20710PE.NFO,07/01/2020,09:47:17,9.6,9.6,2400,9.7,1200,0,292800
AXISBANK30JAN20710PE.NFO,07/01/2020,09:47:26,9.6,9.6,4800,9.75,4800,0,292800
AXISBANK30JAN20710PE.NFO,07/01/2020,09:47:30,9.6,9.6,4800,9.75,6000,0,292800
AXISBANK30JAN20710PE.NFO,07/01/2020,09:47:34,9.6,9.6,1200,9.7,2400,0,292800
AXISBANK30JAN20710PE.NFO,07/01/2020,09:47:48,9.6,9.6,3600,9.75,4800,0,292800
AXISBANK30JAN20710PE.NFO,07/01/2020,09:47:53,9.6,9.6,1200,9.7,3600,0,292800
AXISBANK30JAN20710PE.NFO,07/01/2020,09:47:57,9.6,9.65,2400,9.75,1200,0,292800
AXISBANK30JAN20710PE.NFO,07/01/2020,09:48:07,9.6,9.65,3600,9.8,3600,0,292800
AXISBANK30JAN20710PE.NFO,07/01/2020,09:48:11,9.6,9.7,1200,9.8,4800,0,292800
AXISBANK30JAN20710PE.NFO,07/01/2020,09:48:19,9.6,9.65,3600,9.75,2400,0,292800
AXISBANK30JAN20710PE.NFO,07/01/2020,09:48:23,9.6,9.7,1200,9.75,2400,0,292800
AXISBANK30JAN20710PE.NFO,07/01/2020,09:48:27,9.6,9.65,3600,9.75,1200,0,292800
AXISBANK30JAN20710PE.NFO,07/01/2020,09:48:35,9.6,9.7,1200,9.75,1200,0,292800
AXISBANK30JAN20710PE.NFO,07/01/2020,09:48:40,9.6,9.65,3600,9.8,7200,0,292800
AXISBANK30JAN20710PE.NFO,07/01/2020,09:48:45,9.6,9.7,2400,9.8,4800,0,292800
AXISBANK30JAN20710PE.NFO,07/01/2020,09:48:57,9.6,9.7,3600,9.8,1200,0,292800
AXISBANK30JAN20710PE.NFO,07/01/2020,09:49:01,9.6,9.75,1200,9.85,3600,0,292800
AXISBANK30JAN20710PE.NFO,07/01/2020,09:49:05,9.6,9.75,2400,9.85,3600,0,292800
AXISBANK30JAN20710PE.NFO,07/01/2020,09:49:09,9.6,9.75,1200,9.85,3600,0,292800
AXISBANK30JAN20710PE.NFO,07/01/2020,09:49:13,9.6,9.7,4800,9.85,3600,0,292800
AXISBANK30JAN20710PE.NFO,07/01/2020,09:49:17,9.6,9.7,2400,9.8,2400,0,292800
AXISBANK30JAN20710PE.NFO,07/01/2020,09:49:21,9.6,9.75,1200,9.85,3600,0,292800
AXISBANK30JAN20710PE.NFO,07/01/2020,09:49:25,9.6,9.75,4800,9.9,3600,0,292800
AXISBANK30JAN20710PE.NFO,07/01/2020,09:49:31,9.9,9.8,3600,9.9,3600,1200,295200
AXISBANK30JAN20710PE.NFO,07/01/2020,09:49:37,9.9,9.8,2400,9.95,8400,0,295200
AXISBANK30JAN20710PE.NFO,07/01/2020,09:49:42,9.9,9.8,1200,9.9,3600,0,295200
AXISBANK30JAN20710PE.NFO,07/01/2020,09:49:47,9.9,9.9,2400,10,1200,6000,295200
AXISBANK30JAN20710PE.NFO,07/01/2020,09:49:50,9.9,9.9,2400,10,1200,0,295200
AXISBANK30JAN20710PE.NFO,07/01/2020,09:49:53,9.9,9.85,3600,10,1200,2400,295200
AXISBANK30JAN20710PE.NFO,07/01/2020,09:49:56,9.9,9.9,1200,10,2400,0,295200
AXISBANK30JAN20710PE.NFO,07/01/2020,09:50:02,9.9,9.9,3600,10,1200,1200,295200
AXISBANK30JAN20710PE.NFO,07/01/2020,09:50:07,9.9,9.9,3600,10.05,3600,0,295200
AXISBANK30JAN20710PE.NFO,07/01/2020,09:50:11,9.9,9.9,8400,10,1200,0,295200
AXISBANK30JAN20710PE.NFO,07/01/2020,09:50:18,9.9,9.95,4800,10.05,1200,0,295200
AXISBANK30JAN20710PE.NFO,07/01/2020,09:50:22,9.9,9.95,6000,10.1,2400,0,295200
AXISBANK30JAN20710PE.NFO,07/01/2020,09:50:26,9.9,9.95,6000,10.1,3600,0,295200
AXISBANK30JAN20710PE.NFO,07/01/2020,09:50:29,9.9,9.95,6000,10.1,2400,0,295200
AXISBANK30JAN20710PE.NFO,07/01/2020,09:50:36,9.9,9.95,6000,10.1,1200,0,295200
AXISBANK30JAN20710PE.NFO,07/01/2020,09:50:41,9.9,10.1,2400,10.2,1200,0,295200
AXISBANK30JAN20710PE.NFO,07/01/2020,09:50:46,10.1,10,9600,10.15,1200,1200,296400
AXISBANK30JAN20710PE.NFO,07/01/2020,09:50:50,10.1,10.1,1200,10.25,2400,0,296400
AXISBANK30JAN20710PE.NFO,07/01/2020,09:50:55,10.1,10.1,9600,10.25,1200,0,296400
AXISBANK30JAN20710PE.NFO,07/01/2020,09:50:59,10.1,10.05,4800,10.2,1200,0,296400
AXISBANK30JAN20710PE.NFO,07/01/2020,09:51:04,10.1,10.1,8400,10.25,1200,0,296400
AXISBANK30JAN20710PE.NFO,07/01/2020,09:51:08,10.1,10.1,9600,10.25,1200,0,296400
AXISBANK30JAN20710PE.NFO,07/01/2020,09:51:13,10.1,10.15,1200,10.25,1200,0,296400
AXISBANK30JAN20710PE.NFO,07/01/2020,09:51:17,10.1,10.15,4800,10.3,2400,0,296400
AXISBANK30JAN20710PE.NFO,07/01/2020,09:51:22,10.1,10.05,2400,10.15,1200,0,296400
AXISBANK30JAN20710PE.NFO,07/01/2020,09:51:26,10.1,10.05,3600,10.15,1200,0,296400
AXISBANK30JAN20710PE.NFO,07/01/2020,09:51:31,10,9.95,2400,10.05,1200,1200,296400
AXISBANK30JAN20710PE.NFO,07/01/2020,09:51:35,10,9.9,6000,10.05,2400,0,296400
AXISBANK30JAN20710PE.NFO,07/01/2020,09:51:39,10,9.95,4800,10.05,1200,0,296400
AXISBANK30JAN20710PE.NFO,07/01/2020,09:51:43,10,10,1200,10.1,2400,0,296400
AXISBANK30JAN20710PE.NFO,07/01/2020,09:51:47,10,9.95,1200,10.05,1200,0,296400
AXISBANK30JAN20710PE.NFO,07/01/2020,09:51:58,10,9.95,2400,10.05,1200,0,296400
AXISBANK30JAN20710PE.NFO,07/01/2020,09:52:02,10,9.95,4800,10.05,1200,0,296400
AXISBANK30JAN20710PE.NFO,07/01/2020,09:52:15,10,9.95,4800,10.05,2400,0,296400
AXISBANK30JAN20710PE.NFO,07/01/2020,09:52:19,10,9.95,4800,10.05,1200,0,296400
AXISBANK30JAN20710PE.NFO,07/01/2020,09:52:30,10.05,10,8400,10.15,2400,1200,296400
AXISBANK30JAN20710PE.NFO,07/01/2020,09:52:39,10.05,10,4800,10.1,2400,0,296400
AXISBANK30JAN20710PE.NFO,07/01/2020,09:52:52,10.05,10,4800,10.1,1200,0,296400
AXISBANK30JAN20710PE.NFO,07/01/2020,09:52:56,10.15,10.2,1200,10.3,3600,3600,296400
AXISBANK30JAN20710PE.NFO,07/01/2020,09:53:00,10.15,10.05,2400,10.15,1200,2400,296400
AXISBANK30JAN20710PE.NFO,07/01/2020,09:53:04,10.1,10.1,3600,10.25,3600,1200,296400
AXISBANK30JAN20710PE.NFO,07/01/2020,09:53:10,10.1,10.1,8400,10.25,4800,0,296400
AXISBANK30JAN20710PE.NFO,07/01/2020,09:53:15,10.1,10.1,8400,10.2,1200,0,296400
AXISBANK30JAN20710PE.NFO,07/01/2020,09:53:20,10.1,10.1,10800,10.2,2400,0,296400
AXISBANK30JAN20710PE.NFO,07/01/2020,09:53:24,10.1,10.1,10800,10.2,1200,0,296400
AXISBANK30JAN20710PE.NFO,07/01/2020,09:53:29,10.1,10.1,10800,10.25,4800,0,296400
AXISBANK30JAN20710PE.NFO,07/01/2020,09:53:33,10.1,10.1,10800,10.2,2400,0,296400
AXISBANK30JAN20710PE.NFO,07/01/2020,09:53:37,10.1,10.1,9600,10.2,2400,0,296400
AXISBANK30JAN20710PE.NFO,07/01/2020,09:53:46,10.15,10.1,4800,10.2,1200,3600,297600
AXISBANK30JAN20710PE.NFO,07/01/2020,09:53:50,10.15,10.1,4800,10.2,2400,0,297600
AXISBANK30JAN20710PE.NFO,07/01/2020,09:53:55,10.15,10.1,4800,10.2,1200,0,297600
AXISBANK30JAN20710PE.NFO,07/01/2020,09:54:00,10.15,10.1,4800,10.2,2400,0,297600
AXISBANK30JAN20710PE.NFO,07/01/2020,09:54:05,10.15,10.1,7200,10.2,1200,0,297600
AXISBANK30JAN20710PE.NFO,07/01/2020,09:54:15,10.15,10.1,3600,10.2,2400,0,297600
AXISBANK30JAN20710PE.NFO,07/01/2020,09:54:19,10.15,10.1,4800,10.15,1200,0,297600
AXISBANK30JAN20710PE.NFO,07/01/2020,09:54:24,10.15,10.1,6000,10.2,2400,0,297600
AXISBANK30JAN20710PE.NFO,07/01/2020,09:54:43,10.15,10.1,7200,10.2,2400,0,297600
AXISBANK30JAN20710PE.NFO,07/01/2020,09:54:47,10.15,10.1,7200,10.2,1200,0,297600
AXISBANK30JAN20710PE.NFO,07/01/2020,09:54:51,10.15,10.15,3600,10.3,2400,0,297600
AXISBANK30JAN20710PE.NFO,07/01/2020,09:54:55,10.15,10.15,3600,10.3,4800,0,297600
AXISBANK30JAN20710PE.NFO,07/01/2020,09:54:59,10.15,10.1,10800,10.2,1200,0,297600
AXISBANK30JAN20710PE.NFO,07/01/2020,09:55:03,10.1,10,2400,10.1,3600,3600,297600
AXISBANK30JAN20710PE.NFO,07/01/2020,09:55:09,10,10,3600,10.1,1200,1200,297600
AXISBANK30JAN20710PE.NFO,07/01/2020,09:55:14,10,9.95,6000,10.1,2400,0,297600
AXISBANK30JAN20710PE.NFO,07/01/2020,09:55:18,10,9.95,3600,10.05,1200,0,297600
AXISBANK30JAN20710PE.NFO,07/01/2020,09:55:27,10,9.95,6000,10.05,1200,0,297600
AXISBANK30JAN20710PE.NFO,07/01/2020,09:55:32,10,10,4800,10.15,1200,0,297600
AXISBANK30JAN20710PE.NFO,07/01/2020,09:55:35,10,10,3600,10.15,4800,0,297600
AXISBANK30JAN20710PE.NFO,07/01/2020,09:55:40,10,10,8400,10.1,1200,0,297600
AXISBANK30JAN20710PE.NFO,07/01/2020,09:55:45,10,10,2400,10.1,1200,0,297600
AXISBANK30JAN20710PE.NFO,07/01/2020,09:55:49,10,10,1200,10.1,1200,0,297600
AXISBANK30JAN20710PE.NFO,07/01/2020,09:55:52,10,9.95,3600,10.1,3600,0,297600
AXISBANK30JAN20710PE.NFO,07/01/2020,09:55:56,10,9.95,4800,10.1,3600,0,297600
AXISBANK30JAN20710PE.NFO,07/01/2020,09:55:59,10,9.9,8400,10.05,2400,1200,297600
AXISBANK30JAN20710PE.NFO,07/01/2020,09:56:03,10.05,10,1200,10.1,2400,1200,297600
AXISBANK30JAN20710PE.NFO,07/01/2020,09:56:08,10.05,10,2400,10.1,1200,0,297600
AXISBANK30JAN20710PE.NFO,07/01/2020,09:56:18,10.05,9.95,1200,10.05,2400,0,297600
AXISBANK30JAN20710PE.NFO,07/01/2020,09:56:23,10.05,9.95,1200,10.05,3600,0,297600
AXISBANK30JAN20710PE.NFO,07/01/2020,09:56:28,10.05,9.95,1200,10.05,1200,0,297600
AXISBANK30JAN20710PE.NFO,07/01/2020,09:56:32,10.05,9.9,9600,10,2400,0,297600
AXISBANK30JAN20710PE.NFO,07/01/2020,09:56:36,10,9.95,4800,10.1,4800,2400,300000
AXISBANK30JAN20710PE.NFO,07/01/2020,09:56:40,10,10.05,1200,10.15,2400,0,300000
AXISBANK30JAN20710PE.NFO,07/01/2020,09:56:45,10,10,1200,10.1,2400,0,300000
AXISBANK30JAN20710PE.NFO,07/01/2020,09:56:49,10,10,3600,10.15,2400,0,300000
AXISBANK30JAN20710PE.NFO,07/01/2020,09:56:54,10,10.05,2400,10.15,2400,0,300000
AXISBANK30JAN20710PE.NFO,07/01/2020,09:57:03,10,10,1200,10.1,2400,0,300000
AXISBANK30JAN20710PE.NFO,07/01/2020,09:57:07,10,10.05,1200,10.1,3600,0,300000
AXISBANK30JAN20710PE.NFO,07/01/2020,09:57:11,10,10.05,1200,10.1,2400,0,300000
AXISBANK30JAN20710PE.NFO,07/01/2020,09:57:28,10,10.05,1200,10.1,1200,0,300000
AXISBANK30JAN20710PE.NFO,07/01/2020,09:57:39,10,10.05,1200,10.1,2400,0,300000
AXISBANK30JAN20710PE.NFO,07/01/2020,09:57:44,10,9.95,2400,10.05,2400,3600,300000
AXISBANK30JAN20710PE.NFO,07/01/2020,09:57:47,10,9.95,1200,10.05,2400,0,300000
AXISBANK30JAN20710PE.NFO,07/01/2020,09:57:50,10,9.95,1200,10.05,1200,0,300000
AXISBANK30JAN20710PE.NFO,07/01/2020,09:57:54,10,9.95,1200,10.05,2400,0,300000
AXISBANK30JAN20710PE.NFO,07/01/2020,09:57:58,10,9.9,8400,10.05,3600,0,300000
AXISBANK30JAN20710PE.NFO,07/01/2020,09:58:03,10,9.95,2400,10.05,2400,0,300000
AXISBANK30JAN20710PE.NFO,07/01/2020,09:58:07,10,9.95,3600,10.05,3600,0,300000
AXISBANK30JAN20710PE.NFO,07/01/2020,09:58:10,10,9.95,1200,10.05,3600,0,300000
AXISBANK30JAN20710PE.NFO,07/01/2020,09:58:14,10,9.85,3600,10,3600,0,300000
AXISBANK30JAN20710PE.NFO,07/01/2020,09:58:18,10,9.9,1200,10,3600,0,300000
AXISBANK30JAN20710PE.NFO,07/01/2020,09:58:34,10,9.9,1200,10,2400,0,300000
AXISBANK30JAN20710PE.NFO,07/01/2020,09:58:39,10,9.9,2400,10,2400,0,300000
AXISBANK30JAN20710PE.NFO,07/01/2020,09:58:44,10,10,1200,10.1,3600,0,300000
AXISBANK30JAN20710PE.NFO,07/01/2020,09:58:49,10,10.05,1200,10.1,2400,0,300000
AXISBANK30JAN20710PE.NFO,07/01/2020,09:58:54,10,10.1,1200,10.2,1200,0,300000
AXISBANK30JAN20710PE.NFO,07/01/2020,09:59:00,10,10.05,3600,10.2,4800,0,300000
AXISBANK30JAN20710PE.NFO,07/01/2020,09:59:05,10,10.1,2400,10.25,3600,0,300000
AXISBANK30JAN20710PE.NFO,07/01/2020,09:59:15,10,10.15,1200,10.25,4800,0,300000
AXISBANK30JAN20710PE.NFO,07/01/2020,09:59:23,10,10.15,1200,10.25,2400,0,300000
AXISBANK30JAN20710PE.NFO,07/01/2020,09:59:38,10,10.15,1200,10.25,1200,0,300000
AXISBANK30JAN20710PE.NFO,07/01/2020,09:59:43,10,10.1,1200,10.2,1200,0,300000
AXISBANK30JAN20710PE.NFO,07/01/2020,09:59:48,10,10.1,2400,10.2,1200,0,300000
AXISBANK30JAN20710PE.NFO,07/01/2020,09:59:54,10,10.1,2400,10.2,2400,0,300000
AXISBANK30JAN20710PE.NFO,07/01/2020,09:59:57,10,10.15,1200,10.25,3600,0,300000
AXISBANK30JAN20710PE.NFO,07/01/2020,10:00:04,10,10.1,3600,10.25,2400,0,300000
AXISBANK30JAN20710PE.NFO,07/01/2020,10:00:09,10,10.15,1200,10.25,3600,0,300000
AXISBANK30JAN20710PE.NFO,07/01/2020,10:00:13,10,10.1,1200,10.2,3600,0,300000
AXISBANK30JAN20710PE.NFO,07/01/2020,10:00:18,10,10.1,3600,10.25,2400,0,300000
AXISBANK30JAN20710PE.NFO,07/01/2020,10:00:23,10,10.15,1200,10.25,2400,0,300000
AXISBANK30JAN20710PE.NFO,07/01/2020,10:00:40,10.25,10.3,6000,10.45,1200,1200,300000
AXISBANK30JAN20710PE.NFO,07/01/2020,10:00:46,10.25,10.45,2400,10.6,1200,0,297600
AXISBANK30JAN20710PE.NFO,07/01/2020,10:00:59,10.25,10.4,4800,10.55,7200,0,297600
AXISBANK30JAN20710PE.NFO,07/01/2020,10:01:05,10.25,10.45,1200,10.55,1200,0,297600
AXISBANK30JAN20710PE.NFO,07/01/2020,10:01:10,10.25,10.45,2400,10.6,6000,0,297600
AXISBANK30JAN20710PE.NFO,07/01/2020,10:01:16,10.25,10.55,1200,10.65,1200,0,297600
AXISBANK30JAN20710PE.NFO,07/01/2020,10:01:22,10.25,10.5,3600,10.65,3600,0,297600
AXISBANK30JAN20710PE.NFO,07/01/2020,10:01:28,10.25,10.55,3600,10.65,1200,0,297600
AXISBANK30JAN20710PE.NFO,07/01/2020,10:01:46,10.25,10.55,1200,10.65,2400,0,297600
AXISBANK30JAN20710PE.NFO,07/01/2020,10:01:51,10.25,10.6,4800,10.7,1200,0,297600
AXISBANK30JAN20710PE.NFO,07/01/2020,10:01:56,10.25,10.65,1200,10.75,2400,0,297600
AXISBANK30JAN20710PE.NFO,07/01/2020,10:02:01,10.25,10.65,1200,10.75,3600,0,297600
AXISBANK30JAN20710PE.NFO,07/01/2020,10:02:07,10.25,10.55,2400,10.65,2400,0,297600
AXISBANK30JAN20710PE.NFO,07/01/2020,10:02:18,10.6,10.55,1200,10.65,3600,1200,297600
AXISBANK30JAN20710PE.NFO,07/01/2020,10:02:23,10.6,10.5,1200,10.6,2400,0,297600
AXISBANK30JAN20710PE.NFO,07/01/2020,10:02:29,10.6,10.5,6000,10.65,3600,0,297600
AXISBANK30JAN20710PE.NFO,07/01/2020,10:02:34,10.6,10.55,2400,10.65,1200,0,297600
AXISBANK30JAN20710PE.NFO,07/01/2020,10:02:39,10.6,10.55,3600,10.7,3600,0,297600
AXISBANK30JAN20710PE.NFO,07/01/2020,10:02:43,10.6,10.6,1200,10.7,2400,0,297600
AXISBANK30JAN20710PE.NFO,07/01/2020,10:02:47,10.6,10.55,3600,10.7,2400,0,297600
AXISBANK30JAN20710PE.NFO,07/01/2020,10:02:51,10.6,10.65,1200,10.7,3600,0,297600
AXISBANK30JAN20710PE.NFO,07/01/2020,10:02:55,10.6,10.55,3600,10.7,4800,0,297600
AXISBANK30JAN20710PE.NFO,07/01/2020,10:03:04,10.6,10.6,8400,10.7,1200,0,297600
AXISBANK30JAN20710PE.NFO,07/01/2020,10:03:09,10.6,10.65,2400,10.8,2400,0,297600
AXISBANK30JAN20710PE.NFO,07/01/2020,10:03:14,10.6,10.75,1200,10.85,3600,0,297600
AXISBANK30JAN20710PE.NFO,07/01/2020,10:03:19,10.6,10.7,4800,10.8,3600,0,297600
AXISBANK30JAN20710PE.NFO,07/01/2020,10:03:23,10.6,10.65,1200,10.75,2400,0,297600
AXISBANK30JAN20710PE.NFO,07/01/2020,10:03:33,10.6,10.7,1200,10.8,2400,0,297600
AXISBANK30JAN20710PE.NFO,07/01/2020,10:03:38,10.6,10.7,3600,10.85,2400,0,297600
AXISBANK30JAN20710PE.NFO,07/01/2020,10:03:43,10.6,10.7,6000,10.85,4800,0,297600
AXISBANK30JAN20710PE.NFO,07/01/2020,10:03:48,10.6,10.75,3600,10.9,3600,0,297600
AXISBANK30JAN20710PE.NFO,07/01/2020,10:03:53,10.6,10.75,1200,10.85,4800,0,297600
AXISBANK30JAN20710PE.NFO,07/01/2020,10:03:57,10.6,10.65,2400,10.8,3600,0,297600
AXISBANK30JAN20710PE.NFO,07/01/2020,10:04:06,10.6,10.7,2400,10.85,1200,0,297600
AXISBANK30JAN20710PE.NFO,07/01/2020,10:04:11,10.95,10.8,4800,10.95,2400,4800,297600
AXISBANK30JAN20710PE.NFO,07/01/2020,10:04:16,10.95,10.8,4800,10.95,2400,0,297600
AXISBANK30JAN20710PE.NFO,07/01/2020,10:04:24,10.95,10.8,4800,10.95,4800,0,297600
AXISBANK30JAN20710PE.NFO,07/01/2020,10:04:33,10.95,10.8,3600,10.95,4800,0,297600
AXISBANK30JAN20710PE.NFO,07/01/2020,10:04:50,10.95,10.8,2400,10.9,2400,0,297600
AXISBANK30JAN20710PE.NFO,07/01/2020,10:04:54,10.95,10.8,4800,10.95,4800,0,297600
AXISBANK30JAN20710PE.NFO,07/01/2020,10:04:58,10.95,10.85,2400,11,3600,3600,297600
AXISBANK30JAN20710PE.NFO,07/01/2020,10:05:02,10.95,10.85,1200,11,3600,0,297600
AXISBANK30JAN20710PE.NFO,07/01/2020,10:05:14,10.95,10.8,3600,10.95,4800,0,297600
AXISBANK30JAN20710PE.NFO,07/01/2020,10:05:17,10.95,10.8,3600,10.95,3600,1200,297600
AXISBANK30JAN20710PE.NFO,07/01/2020,10:05:21,10.95,10.8,3600,10.95,3600,0,297600
AXISBANK30JAN20710PE.NFO,07/01/2020,10:05:30,10.95,10.75,3600,10.9,2400,0,297600
AXISBANK30JAN20710PE.NFO,07/01/2020,10:05:37,10.9,10.75,3600,10.9,4800,2400,296400
AXISBANK30JAN20710PE.NFO,07/01/2020,10:05:43,10.9,10.75,3600,10.9,6000,0,296400
AXISBANK30JAN20710PE.NFO,07/01/2020,10:05:48,10.9,10.75,3600,10.9,4800,0,296400
AXISBANK30JAN20710PE.NFO,07/01/2020,10:05:59,10.9,10.75,4800,10.9,2400,0,296400
AXISBANK30JAN20710PE.NFO,07/01/2020,10:06:04,10.9,10.8,3600,10.95,2400,0,296400
AXISBANK30JAN20710PE.NFO,07/01/2020,10:06:09,10.9,10.8,2400,10.95,4800,0,296400
AXISBANK30JAN20710PE.NFO,07/01/2020,10:06:13,10.9,10.75,3600,10.9,4800,0,296400
AXISBANK30JAN20710PE.NFO,07/01/2020,10:06:17,10.9,10.8,6000,11,8400,1200,296400
AXISBANK30JAN20710PE.NFO,07/01/2020,10:06:22,11,10.9,2400,11.05,2400,1200,296400
AXISBANK30JAN20710PE.NFO,07/01/2020,10:06:31,11,10.85,3600,11,1200,0,296400
AXISBANK30JAN20710PE.NFO,07/01/2020,10:06:37,11,10.85,4800,11,1200,0,296400
AXISBANK30JAN20710PE.NFO,07/01/2020,10:06:47,11,10.95,3600,11.15,4800,0,296400
AXISBANK30JAN20710PE.NFO,07/01/2020,10:06:53,11,10.85,4800,11.05,3600,0,296400
AXISBANK30JAN20710PE.NFO,07/01/2020,10:06:58,11,10.9,1200,11.05,3600,0,296400
AXISBANK30JAN20710PE.NFO,07/01/2020,10:07:13,11,10.9,1200,11.05,2400,0,296400
AXISBANK30JAN20710PE.NFO,07/01/2020,10:07:18,11,10.95,1200,11.1,4800,0,296400
AXISBANK30JAN20710PE.NFO,07/01/2020,10:07:24,11,10.9,1200,11.05,3600,0,296400
AXISBANK30JAN20710PE.NFO,07/01/2020,10:07:28,11,10.9,1200,11,2400,0,296400
AXISBANK30JAN20710PE.NFO,07/01/2020,10:07:34,11,10.9,2400,11,2400,0,296400
AXISBANK30JAN20710PE.NFO,07/01/2020,10:07:39,11,10.85,3600,11,3600,0,296400
AXISBANK30JAN20710PE.NFO,07/01/2020,10:07:43,11,10.8,1200,10.95,3600,0,296400
AXISBANK30JAN20710PE.NFO,07/01/2020,10:07:48,11,10.8,4800,10.95,3600,0,296400
AXISBANK30JAN20710PE.NFO,07/01/2020,10:07:54,11,10.8,1200,10.95,3600,0,296400
AXISBANK30JAN20710PE.NFO,07/01/2020,10:08:13,10.9,10.8,1200,10.95,2400,1200,296400
AXISBANK30JAN20710PE.NFO,07/01/2020,10:08:18,10.9,10.8,1200,10.95,4800,0,296400
AXISBANK30JAN20710PE.NFO,07/01/2020,10:08:23,10.9,10.8,1200,10.95,6000,0,296400
AXISBANK30JAN20710PE.NFO,07/01/2020,10:08:27,10.9,10.75,3600,10.9,4800,0,296400
AXISBANK30JAN20710PE.NFO,07/01/2020,10:08:32,10.75,10.65,3600,10.85,8400,1200,296400
AXISBANK30JAN20710PE.NFO,07/01/2020,10:08:37,10.75,10.55,4800,10.75,6000,0,296400
AXISBANK30JAN20710PE.NFO,07/01/2020,10:08:42,10.75,10.55,4800,10.75,3600,0,296400
AXISBANK30JAN20710PE.NFO,07/01/2020,10:08:47,10.75,10.55,1200,10.65,2400,0,296400
AXISBANK30JAN20710PE.NFO,07/01/2020,10:08:51,10.75,10.5,2400,10.65,2400,0,296400
AXISBANK30JAN20710PE.NFO,07/01/2020,10:08:55,10.75,10.55,1200,10.7,7200,0,296400
AXISBANK30JAN20710PE.NFO,07/01/2020,10:08:59,10.75,10.5,1200,10.6,1200,0,296400
AXISBANK30JAN20710PE.NFO,07/01/2020,10:09:04,10.75,10.5,1200,10.65,4800,0,296400
AXISBANK30JAN20710PE.NFO,07/01/2020,10:09:12,10.75,10.45,1200,10.6,4800,0,296400
AXISBANK30JAN20710PE.NFO,07/01/2020,10:09:16,10.75,10.4,7200,10.6,8400,0,296400
AXISBANK30JAN20710PE.NFO,07/01/2020,10:09:21,10.75,10.45,2400,10.6,2400,0,296400
AXISBANK30JAN20710PE.NFO,07/01/2020,10:09:31,10.75,10.55,4800,10.75,4800,0,296400
AXISBANK30JAN20710PE.NFO,07/01/2020,10:09:35,10.75,10.55,4800,10.75,3600,0,296400
AXISBANK30JAN20710PE.NFO,07/01/2020,10:09:39,10.75,10.55,4800,10.75,4800,0,296400
AXISBANK30JAN20710PE.NFO,07/01/2020,10:09:48,10.65,10.55,3600,10.7,1200,1200,296400
AXISBANK30JAN20710PE.NFO,07/01/2020,10:09:52,10.65,10.55,3600,10.7,1200,0,296400
AXISBANK30JAN20710PE.NFO,07/01/2020,10:09:57,10.65,10.55,2400,10.7,1200,0,296400
AXISBANK30JAN20710PE.NFO,07/01/2020,10:10:02,10.65,10.5,1200,10.65,3600,0,296400
AXISBANK30JAN20710PE.NFO,07/01/2020,10:10:08,10.65,10.5,1200,10.65,6000,0,296400
AXISBANK30JAN20710PE.NFO,07/01/2020,10:10:14,10.65,10.55,1200,10.65,1200,0,296400
AXISBANK30JAN20710PE.NFO,07/01/2020,10:10:19,10.65,10.5,3600,10.65,3600,0,296400
AXISBANK30JAN20710PE.NFO,07/01/2020,10:10:22,10.65,10.5,3600,10.65,4800,0,296400
AXISBANK30JAN20710PE.NFO,07/01/2020,10:10:26,10.65,10.55,1200,10.7,12000,0,296400
AXISBANK30JAN20710PE.NFO,07/01/2020,10:10:30,10.65,10.5,8400,10.7,9600,0,296400
AXISBANK30JAN20710PE.NFO,07/01/2020,10:10:35,10.65,10.5,3600,10.7,9600,0,296400
AXISBANK30JAN20710PE.NFO,07/01/2020,10:10:39,10.65,10.55,2400,10.7,9600,1200,296400
AXISBANK30JAN20710PE.NFO,07/01/2020,10:10:42,10.65,10.55,1200,10.7,9600,0,296400
AXISBANK30JAN20710PE.NFO,07/01/2020,10:10:46,10.65,10.55,2400,10.7,7200,0,296400
AXISBANK30JAN20710PE.NFO,07/01/2020,10:10:56,10.65,10.55,2400,10.7,6000,0,296400
AXISBANK30JAN20710PE.NFO,07/01/2020,10:11:02,10.65,10.55,1200,10.7,6000,0,296400
AXISBANK30JAN20710PE.NFO,07/01/2020,10:11:10,10.65,10.55,2400,10.7,7200,0,296400
AXISBANK30JAN20710PE.NFO,07/01/2020,10:11:15,10.65,10.5,3600,10.65,4800,0,296400
AXISBANK30JAN20710PE.NFO,07/01/2020,10:11:19,10.65,10.5,3600,10.65,3600,0,296400
AXISBANK30JAN20710PE.NFO,07/01/2020,10:11:23,10.65,10.55,2400,10.7,6000,0,296400
AXISBANK30JAN20710PE.NFO,07/01/2020,10:11:27,10.65,10.55,3600,10.7,7200,0,296400
AXISBANK30JAN20710PE.NFO,07/01/2020,10:11:34,10.65,10.55,3600,10.7,6000,0,296400
AXISBANK30JAN20710PE.NFO,07/01/2020,10:11:42,10.65,10.5,4800,10.65,2400,0,296400
AXISBANK30JAN20710PE.NFO,07/01/2020,10:11:47,10.65,10.55,1200,10.7,7200,0,296400
AXISBANK30JAN20710PE.NFO,07/01/2020,10:11:59,10.65,10.6,3600,10.75,3600,0,296400
AXISBANK30JAN20710PE.NFO,07/01/2020,10:12:03,10.65,10.6,1200,10.75,2400,0,296400
AXISBANK30JAN20710PE.NFO,07/01/2020,10:12:07,10.65,10.55,2400,10.7,2400,0,296400
AXISBANK30JAN20710PE.NFO,07/01/2020,10:12:11,10.65,10.55,3600,10.7,2400,0,296400
AXISBANK30JAN20710PE.NFO,07/01/2020,10:12:15,10.65,10.55,2400,10.7,2400,0,296400
AXISBANK30JAN20710PE.NFO,07/01/2020,10:12:32,10.65,10.55,1200,10.65,1200,0,296400
AXISBANK30JAN20710PE.NFO,07/01/2020,10:12:37,10.65,10.55,1200,10.65,3600,0,296400
AXISBANK30JAN20710PE.NFO,07/01/2020,10:12:41,10.65,10.5,4800,10.65,3600,0,296400
AXISBANK30JAN20710PE.NFO,07/01/2020,10:12:52,10.65,10.5,1200,10.65,3600,0,296400
AXISBANK30JAN20710PE.NFO,07/01/2020,10:12:56,10.65,10.45,3600,10.6,1200,0,296400
AXISBANK30JAN20710PE.NFO,07/01/2020,10:13:04,10.65,10.6,1200,10.75,4800,0,296400
AXISBANK30JAN20710PE.NFO,07/01/2020,10:13:08,10.65,10.55,2400,10.65,4800,0,296400
AXISBANK30JAN20710PE.NFO,07/01/2020,10:13:13,10.65,10.55,4800,10.65,4800,0,296400
AXISBANK30JAN20710PE.NFO,07/01/2020,10:13:17,10.65,10.55,3600,10.65,4800,0,296400
AXISBANK30JAN20710PE.NFO,07/01/2020,10:13:26,10.65,10.6,6000,10.75,4800,4800,296400
AXISBANK30JAN20710PE.NFO,07/01/2020,10:13:29,10.65,10.6,4800,10.75,4800,0,296400
AXISBANK30JAN20710PE.NFO,07/01/2020,10:13:36,10.65,10.6,1200,10.75,4800,0,296400
AXISBANK30JAN20710PE.NFO,07/01/2020,10:13:39,10.65,10.6,1200,10.7,1200,0,296400
AXISBANK30JAN20710PE.NFO,07/01/2020,10:13:46,10.65,10.55,3600,10.7,2400,0,296400
AXISBANK30JAN20710PE.NFO,07/01/2020,10:13:52,10.65,10.55,3600,10.7,3600,0,296400
AXISBANK30JAN20710PE.NFO,07/01/2020,10:13:57,10.65,10.6,1200,10.7,3600,0,296400
AXISBANK30JAN20710PE.NFO,07/01/2020,10:14:07,10.65,10.55,1200,10.7,9600,0,296400
AXISBANK30JAN20710PE.NFO,07/01/2020,10:14:11,10.6,10.55,1200,10.65,2400,1200,296400
AXISBANK30JAN20710PE.NFO,07/01/2020,10:14:17,10.55,10.5,4800,10.65,3600,1200,296400
AXISBANK30JAN20710PE.NFO,07/01/2020,10:14:22,10.55,10.5,3600,10.65,4800,0,296400
AXISBANK30JAN20710PE.NFO,07/01/2020,10:14:27,10.55,10.55,2400,10.7,3600,0,296400
AXISBANK30JAN20710PE.NFO,07/01/2020,10:14:32,10.55,10.55,1200,10.7,3600,0,296400
AXISBANK30JAN20710PE.NFO,07/01/2020,10:14:37,10.55,10.55,1200,10.7,7200,0,296400
AXISBANK30JAN20710PE.NFO,07/01/2020,10:14:42,10.55,10.55,1200,10.7,3600,0,296400
AXISBANK30JAN20710PE.NFO,07/01/2020,10:14:51,10.55,10.6,2400,10.75,2400,0,296400
AXISBANK30JAN20710PE.NFO,07/01/2020,10:15:00,10.55,10.6,1200,10.75,1200,0,296400
AXISBANK30JAN20710PE.NFO,07/01/2020,10:15:06,10.55,10.5,4800,10.65,2400,0,296400
AXISBANK30JAN20710PE.NFO,07/01/2020,10:15:11,10.55,10.55,2400,10.7,2400,0,296400
AXISBANK30JAN20710PE.NFO,07/01/2020,10:15:21,10.55,10.5,1200,10.6,1200,0,296400
AXISBANK30JAN20710PE.NFO,07/01/2020,10:15:26,10.55,10.45,2400,10.6,3600,0,296400
AXISBANK30JAN20710PE.NFO,07/01/2020,10:15:32,10.55,10.55,2400,10.65,1200,0,296400
AXISBANK30JAN20710PE.NFO,07/01/2020,10:15:37,10.55,10.5,4800,10.65,2400,0,296400
AXISBANK30JAN20710PE.NFO,07/01/2020,10:15:41,10.55,10.55,4800,10.7,3600,0,296400
AXISBANK30JAN20710PE.NFO,07/01/2020,10:15:45,10.55,10.6,1200,10.7,2400,0,296400
AXISBANK30JAN20710PE.NFO,07/01/2020,10:15:52,10.55,10.55,2400,10.7,3600,0,296400
AXISBANK30JAN20710PE.NFO,07/01/2020,10:16:02,10.55,10.55,1200,10.7,3600,0,296400
AXISBANK30JAN20710PE.NFO,07/01/2020,10:16:07,10.55,10.6,1200,10.7,3600,0,296400
AXISBANK30JAN20710PE.NFO,07/01/2020,10:16:11,10.55,10.55,6000,10.7,2400,0,296400
AXISBANK30JAN20710PE.NFO,07/01/2020,10:16:15,10.55,10.55,3600,10.7,2400,0,296400
AXISBANK30JAN20710PE.NFO,07/01/2020,10:16:22,10.55,10.55,3600,10.7,3600,0,296400
AXISBANK30JAN20710PE.NFO,07/01/2020,10:16:26,10.55,10.55,3600,10.65,1200,0,296400
AXISBANK30JAN20710PE.NFO,07/01/2020,10:16:31,10.55,10.55,4800,10.7,3600,0,296400
AXISBANK30JAN20710PE.NFO,07/01/2020,10:16:35,10.55,10.55,7200,10.7,3600,0,296400
AXISBANK30JAN20710PE.NFO,07/01/2020,10:16:40,10.7,10.65,2400,10.8,4800,1200,294000
AXISBANK30JAN20710PE.NFO,07/01/2020,10:16:44,10.7,10.65,1200,10.75,2400,0,294000
AXISBANK30JAN20710PE.NFO,07/01/2020,10:16:48,10.7,10.6,2400,10.75,4800,0,294000
AXISBANK30JAN20710PE.NFO,07/01/2020,10:16:52,10.7,10.6,1200,10.75,4800,0,294000
AXISBANK30JAN20710PE.NFO,07/01/2020,10:17:04,10.7,10.6,3600,10.75,3600,0,294000
AXISBANK30JAN20710PE.NFO,07/01/2020,10:17:16,10.7,10.65,1200,10.75,3600,0,294000
AXISBANK30JAN20710PE.NFO,07/01/2020,10:17:20,10.7,10.65,1200,10.75,2400,0,294000
AXISBANK30JAN20710PE.NFO,07/01/2020,10:17:24,10.7,10.65,1200,10.75,3600,0,294000
AXISBANK30JAN20710PE.NFO,07/01/2020,10:17:28,10.7,10.7,1200,10.75,1200,0,294000
AXISBANK30JAN20710PE.NFO,07/01/2020,10:17:32,10.7,10.7,1200,10.8,4800,0,294000
AXISBANK30JAN20710PE.NFO,07/01/2020,10:17:37,10.75,10.7,2400,10.8,1200,1200,294000
AXISBANK30JAN20710PE.NFO,07/01/2020,10:17:41,10.75,10.7,1200,10.8,2400,1200,294000
AXISBANK30JAN20710PE.NFO,07/01/2020,10:17:49,10.75,10.7,2400,10.8,1200,0,294000
AXISBANK30JAN20710PE.NFO,07/01/2020,10:17:53,10.75,10.7,2400,10.8,2400,0,294000
AXISBANK30JAN20710PE.NFO,07/01/2020,10:18:04,10.75,10.7,2400,10.8,1200,0,294000
AXISBANK30JAN20710PE.NFO,07/01/2020,10:18:16,10.75,10.75,2400,10.9,3600,0,294000
AXISBANK30JAN20710PE.NFO,07/01/2020,10:18:24,10.75,10.7,2400,10.85,3600,0,294000
AXISBANK30JAN20710PE.NFO,07/01/2020,10:18:28,10.75,10.75,1200,10.85,4800,0,294000
AXISBANK30JAN20710PE.NFO,07/01/2020,10:18:32,10.75,10.6,2400,10.75,3600,1200,294000
AXISBANK30JAN20710PE.NFO,07/01/2020,10:18:37,10.75,10.65,2400,10.8,4800,0,294000
AXISBANK30JAN20710PE.NFO,07/01/2020,10:18:42,10.75,10.8,2400,10.95,2400,0,294000
AXISBANK30JAN20710PE.NFO,07/01/2020,10:18:47,10.75,10.7,9600,10.9,3600,0,294000
AXISBANK30JAN20710PE.NFO,07/01/2020,10:18:52,10.75,10.75,3600,10.95,3600,0,294000
AXISBANK30JAN20710PE.NFO,07/01/2020,10:18:57,10.75,10.8,6000,11,8400,0,294000
AXISBANK30JAN20710PE.NFO,07/01/2020,10:19:02,10.75,10.8,2400,10.95,3600,0,294000
AXISBANK30JAN20710PE.NFO,07/01/2020,10:19:07,10.75,10.8,2400,10.95,1200,0,294000
AXISBANK30JAN20710PE.NFO,07/01/2020,10:19:19,10.75,10.75,2400,10.9,2400,0,294000
AXISBANK30JAN20710PE.NFO,07/01/2020,10:19:24,10.75,10.75,3600,10.95,4800,0,294000
AXISBANK30JAN20710PE.NFO,07/01/2020,10:19:29,10.75,10.75,2400,10.95,7200,0,294000
AXISBANK30JAN20710PE.NFO,07/01/2020,10:19:33,10.75,10.75,1200,10.9,6000,0,294000
AXISBANK30JAN20710PE.NFO,07/01/2020,10:19:38,10.75,10.8,1200,10.9,2400,0,294000
AXISBANK30JAN20710PE.NFO,07/01/2020,10:19:42,10.75,10.8,3600,10.95,1200,0,294000
AXISBANK30JAN20710PE.NFO,07/01/2020,10:19:46,10.75,10.85,1200,10.95,2400,0,294000
AXISBANK30JAN20710PE.NFO,07/01/2020,10:19:51,10.9,10.75,3600,10.9,1200,1200,294000
AXISBANK30JAN20710PE.NFO,07/01/2020,10:19:56,10.9,10.8,2400,10.95,4800,0,294000
AXISBANK30JAN20710PE.NFO,07/01/2020,10:20:00,10.9,10.8,2400,10.95,3600,0,294000
AXISBANK30JAN20710PE.NFO,07/01/2020,10:20:09,10.9,10.85,1200,10.95,2400,0,294000
AXISBANK30JAN20710PE.NFO,07/01/2020,10:20:14,10.9,10.8,1200,10.9,1200,0,294000
AXISBANK30JAN20710PE.NFO,07/01/2020,10:20:19,10.9,10.85,1200,11,4800,0,294000
AXISBANK30JAN20710PE.NFO,07/01/2020,10:20:22,10.9,10.85,2400,11,4800,0,294000
AXISBANK30JAN20710PE.NFO,07/01/2020,10:20:46,10.9,10.85,2400,11,6000,0,294000
AXISBANK30JAN20710PE.NFO,07/01/2020,10:20:51,10.9,10.75,3600,10.9,1200,0,294000
AXISBANK30JAN20710PE.NFO,07/01/2020,10:21:01,10.9,10.8,1200,10.9,1200,0,294000
AXISBANK30JAN20710PE.NFO,07/01/2020,10:21:32,10.9,10.75,2400,10.9,3600,0,294000
AXISBANK30JAN20710PE.NFO,07/01/2020,10:21:40,10.9,10.75,2400,10.9,6000,0,294000
AXISBANK30JAN20710PE.NFO,07/01/2020,10:21:47,10.9,10.8,1200,10.9,6000,0,294000
AXISBANK30JAN20710PE.NFO,07/01/2020,10:21:51,10.9,10.75,2400,10.9,4800,0,294000
AXISBANK30JAN20710PE.NFO,07/01/2020,10:21:56,10.9,10.75,2400,10.9,6000,0,294000
AXISBANK30JAN20710PE.NFO,07/01/2020,10:22:00,10.9,10.7,6000,10.85,3600,0,294000
AXISBANK30JAN20710PE.NFO,07/01/2020,10:22:04,10.9,10.7,1200,10.85,3600,0,294000
AXISBANK30JAN20710PE.NFO,07/01/2020,10:22:08,10.9,10.75,1200,10.85,3600,0,294000
AXISBANK30JAN20710PE.NFO,07/01/2020,10:22:18,10.9,10.65,3600,10.8,2400,0,294000
AXISBANK30JAN20710PE.NFO,07/01/2020,10:22:30,10.9,10.65,3600,10.8,4800,0,294000
AXISBANK30JAN20710PE.NFO,07/01/2020,10:22:34,10.9,10.65,3600,10.8,3600,0,294000
AXISBANK30JAN20710PE.NFO,07/01/2020,10:22:38,10.9,10.5,3600,10.65,3600,0,294000
AXISBANK30JAN20710PE.NFO,07/01/2020,10:22:43,10.9,10.6,2400,10.75,1200,0,294000
AXISBANK30JAN20710PE.NFO,07/01/2020,10:22:50,10.9,10.5,2400,10.65,2400,0,294000
AXISBANK30JAN20710PE.NFO,07/01/2020,10:22:55,10.9,10.45,7200,10.65,2400,0,294000
AXISBANK30JAN20710PE.NFO,07/01/2020,10:23:00,10.9,10.4,12000,10.6,2400,0,294000
AXISBANK30JAN20710PE.NFO,07/01/2020,10:23:06,10.9,10.35,6000,10.55,2400,0,294000
AXISBANK30JAN20710PE.NFO,07/01/2020,10:23:10,10.9,10.35,1200,10.5,2400,0,294000
AXISBANK30JAN20710PE.NFO,07/01/2020,10:23:15,10.9,10.25,2400,10.4,2400,0,294000
AXISBANK30JAN20710PE.NFO,07/01/2020,10:23:19,10.9,10.25,3600,10.4,2400,0,294000
AXISBANK30JAN20710PE.NFO,07/01/2020,10:23:23,10.25,10.2,1200,10.3,1200,1200,292800
AXISBANK30JAN20710PE.NFO,07/01/2020,10:23:28,10.25,10.2,1200,10.35,2400,0,292800
AXISBANK30JAN20710PE.NFO,07/01/2020,10:23:33,10.25,10.25,1200,10.35,2400,0,292800
AXISBANK30JAN20710PE.NFO,07/01/2020,10:23:37,10.25,10.25,1200,10.4,6000,0,292800
AXISBANK30JAN20710PE.NFO,07/01/2020,10:23:45,10.25,10.2,3600,10.3,1200,0,292800
AXISBANK30JAN20710PE.NFO,07/01/2020,10:23:49,10.25,10.25,1200,10.35,2400,0,292800
AXISBANK30JAN20710PE.NFO,07/01/2020,10:23:54,10.25,10.25,6000,10.4,2400,0,292800
AXISBANK30JAN20710PE.NFO,07/01/2020,10:23:58,10.25,10.2,10800,10.35,3600,0,292800
AXISBANK30JAN20710PE.NFO,07/01/2020,10:24:02,10.25,10.2,1200,10.3,1200,0,292800
AXISBANK30JAN20710PE.NFO,07/01/2020,10:24:06,10.25,10.15,2400,10.3,4800,0,292800
AXISBANK30JAN20710PE.NFO,07/01/2020,10:24:10,10.25,10.15,3600,10.3,7200,0,292800
AXISBANK30JAN20710PE.NFO,07/01/2020,10:24:14,10.25,10.2,1200,10.3,1200,0,292800
AXISBANK30JAN20710PE.NFO,07/01/2020,10:24:18,10.25,10.2,1200,10.3,3600,0,292800
AXISBANK30JAN20710PE.NFO,07/01/2020,10:24:22,10.25,10.15,2400,10.3,3600,0,292800
AXISBANK30JAN20710PE.NFO,07/01/2020,10:24:26,10.25,10.2,1200,10.3,3600,0,292800
AXISBANK30JAN20710PE.NFO,07/01/2020,10:24:29,10.25,10.2,1200,10.3,2400,0,292800
AXISBANK30JAN20710PE.NFO,07/01/2020,10:24:32,10.25,10.2,2400,10.3,4800,0,292800
AXISBANK30JAN20710PE.NFO,07/01/2020,10:24:39,10.25,10.2,3600,10.3,1200,0,292800
AXISBANK30JAN20710PE.NFO,07/01/2020,10:24:42,10.25,10.15,3600,10.3,6000,0,292800
AXISBANK30JAN20710PE.NFO,07/01/2020,10:24:55,10.25,10.2,2400,10.3,2400,0,292800
AXISBANK30JAN20710PE.NFO,07/01/2020,10:25:00,10.25,10.15,3600,10.3,6000,0,292800
AXISBANK30JAN20710PE.NFO,07/01/2020,10:25:04,10.25,10.1,3600,10.25,6000,0,292800
AXISBANK30JAN20710PE.NFO,07/01/2020,10:25:07,10.25,10.1,6000,10.25,4800,0,292800
AXISBANK30JAN20710PE.NFO,07/01/2020,10:25:11,10.25,10.15,2400,10.3,9600,0,292800
AXISBANK30JAN20710PE.NFO,07/01/2020,10:25:19,10.25,10.3,1200,10.45,3600,0,292800
AXISBANK30JAN20710PE.NFO,07/01/2020,10:25:24,10.25,10.3,1200,10.45,4800,0,292800
AXISBANK30JAN20710PE.NFO,07/01/2020,10:25:28,10.25,10.3,2400,10.45,4800,0,292800
AXISBANK30JAN20710PE.NFO,07/01/2020,10:25:33,10.25,10.35,2400,10.5,3600,0,292800
AXISBANK30JAN20710PE.NFO,07/01/2020,10:25:39,10.25,10.4,1200,10.5,2400,0,292800
AXISBANK30JAN20710PE.NFO,07/01/2020,10:25:45,10.25,10.3,7200,10.5,4800,0,292800
AXISBANK30JAN20710PE.NFO,07/01/2020,10:25:50,10.25,10.25,3600,10.4,1200,0,292800
AXISBANK30JAN20710PE.NFO,07/01/2020,10:25:54,10.25,10.3,1200,10.45,6000,0,292800
AXISBANK30JAN20710PE.NFO,07/01/2020,10:25:58,10.25,10.25,7200,10.4,1200,0,292800
AXISBANK30JAN20710PE.NFO,07/01/2020,10:26:07,10.25,10.25,7200,10.45,8400,0,292800
AXISBANK30JAN20710PE.NFO,07/01/2020,10:26:11,10.25,10.2,9600,10.35,1200,0,292800
AXISBANK30JAN20710PE.NFO,07/01/2020,10:26:15,10.35,10.25,1200,10.4,7200,1200,292800
AXISBANK30JAN20710PE.NFO,07/01/2020,10:26:19,10.35,10.25,1200,10.4,7200,0,292800
AXISBANK30JAN20710PE.NFO,07/01/2020,10:26:35,10.35,10.3,1200,10.4,6000,0,292800
AXISBANK30JAN20710PE.NFO,07/01/2020,10:26:39,10.35,10.3,2400,10.4,2400,0,292800
AXISBANK30JAN20710PE.NFO,07/01/2020,10:26:49,10.35,10.3,1200,10.4,2400,0,292800
AXISBANK30JAN20710PE.NFO,07/01/2020,10:26:56,10.35,10.3,1200,10.4,3600,0,292800
AXISBANK30JAN20710PE.NFO,07/01/2020,10:27:07,10.35,10.3,1200,10.4,4800,0,292800
AXISBANK30JAN20710PE.NFO,07/01/2020,10:27:10,10.35,10.3,1200,10.4,3600,0,292800
AXISBANK30JAN20710PE.NFO,07/01/2020,10:27:18,10.35,10.3,1200,10.4,2400,0,292800
AXISBANK30JAN20710PE.NFO,07/01/2020,10:27:22,10.35,10.3,2400,10.4,3600,0,292800
AXISBANK30JAN20710PE.NFO,07/01/2020,10:27:34,10.35,10.3,2400,10.4,4800,0,292800
AXISBANK30JAN20710PE.NFO,07/01/2020,10:27:44,10.35,10.3,2400,10.4,1200,0,292800
AXISBANK30JAN20710PE.NFO,07/01/2020,10:27:48,10.4,10.3,3600,10.45,8400,1200,292800
AXISBANK30JAN20710PE.NFO,07/01/2020,10:27:54,10.4,10.3,3600,10.45,8400,0,292800
AXISBANK30JAN20710PE.NFO,07/01/2020,10:27:58,10.4,10.3,3600,10.45,7200,0,292800
AXISBANK30JAN20710PE.NFO,07/01/2020,10:28:12,10.4,10.3,2400,10.45,3600,0,292800
AXISBANK30JAN20710PE.NFO,07/01/2020,10:28:16,10.4,10.35,1200,10.45,3600,0,292800
AXISBANK30JAN20710PE.NFO,07/01/2020,10:28:20,10.4,10.35,1200,10.5,12000,0,292800
AXISBANK30JAN20710PE.NFO,07/01/2020,10:28:24,10.5,10.35,3600,10.5,10800,1200,292800
AXISBANK30JAN20710PE.NFO,07/01/2020,10:28:28,10.5,10.3,3600,10.45,4800,0,292800
AXISBANK30JAN20710PE.NFO,07/01/2020,10:28:46,10.5,10.35,1200,10.45,1200,0,292800
AXISBANK30JAN20710PE.NFO,07/01/2020,10:28:50,10.5,10.3,4800,10.45,1200,0,292800
AXISBANK30JAN20710PE.NFO,07/01/2020,10:28:53,10.5,10.4,1200,10.5,2400,0,292800
AXISBANK30JAN20710PE.NFO,07/01/2020,10:29:08,10.5,10.35,3600,10.5,4800,0,292800
AXISBANK30JAN20710PE.NFO,07/01/2020,10:29:10,10.5,10.35,1200,10.5,4800,0,292800
AXISBANK30JAN20710PE.NFO,07/01/2020,10:29:12,10.5,10.3,1200,10.45,6000,0,292800
AXISBANK30JAN20710PE.NFO,07/01/2020,10:29:15,10.5,10.3,3600,10.45,4800,0,292800
AXISBANK30JAN20710PE.NFO,07/01/2020,10:29:18,10.5,10.35,2400,10.5,8400,0,292800
AXISBANK30JAN20710PE.NFO,07/01/2020,10:29:20,10.5,10.35,1200,10.5,8400,0,292800
AXISBANK30JAN20710PE.NFO,07/01/2020,10:29:31,10.5,10.35,2400,10.5,3600,0,292800
AXISBANK30JAN20710PE.NFO,07/01/2020,10:29:34,10.5,10.3,2400,10.45,4800,0,292800
AXISBANK30JAN20710PE.NFO,07/01/2020,10:29:38,10.5,10.3,1200,10.4,2400,0,292800
AXISBANK30JAN20710PE.NFO,07/01/2020,10:29:42,10.5,10.3,1200,10.4,3600,0,292800
AXISBANK30JAN20710PE.NFO,07/01/2020,10:29:45,10.3,10.2,1200,10.35,1200,1200,292800
AXISBANK30JAN20710PE.NFO,07/01/2020,10:29:52,10.3,10.2,1200,10.35,3600,0,292800
AXISBANK30JAN20710PE.NFO,07/01/2020,10:29:54,10.3,10.2,2400,10.35,3600,0,292800
AXISBANK30JAN20710PE.NFO,07/01/2020,10:29:57,10.3,10.15,3600,10.3,1200,0,292800
AXISBANK30JAN20710PE.NFO,07/01/2020,10:30:00,10.3,10.2,3600,10.35,1200,0,292800
AXISBANK30JAN20710PE.NFO,07/01/2020,10:30:04,10.3,10.2,1200,10.35,4800,0,292800
AXISBANK30JAN20710PE.NFO,07/01/2020,10:30:07,10.3,10.2,1200,10.35,3600,0,292800
AXISBANK30JAN20710PE.NFO,07/01/2020,10:30:17,10.3,10.1,4800,10.25,2400,0,292800
AXISBANK30JAN20710PE.NFO,07/01/2020,10:30:21,10.3,10.1,6000,10.25,2400,0,292800
AXISBANK30JAN20710PE.NFO,07/01/2020,10:30:26,10.3,10.15,1200,10.25,2400,0,292800
AXISBANK30JAN20710PE.NFO,07/01/2020,10:30:29,10.3,10.1,1200,10.25,2400,0,292800
AXISBANK30JAN20710PE.NFO,07/01/2020,10:30:33,10.3,10.05,2400,10.2,1200,0,292800
AXISBANK30JAN20710PE.NFO,07/01/2020,10:30:36,10.3,10.05,2400,10.2,2400,0,292800
AXISBANK30JAN20710PE.NFO,07/01/2020,10:30:40,10.3,10.1,1200,10.2,1200,0,292800
AXISBANK30JAN20710PE.NFO,07/01/2020,10:30:44,10.3,10.15,1200,10.25,1200,0,292800
AXISBANK30JAN20710PE.NFO,07/01/2020,10:30:47,10.3,10.15,1200,10.3,4800,0,292800
AXISBANK30JAN20710PE.NFO,07/01/2020,10:31:01,10.3,10.2,1200,10.3,2400,0,292800
AXISBANK30JAN20710PE.NFO,07/01/2020,10:31:04,10.3,10.2,2400,10.35,4800,0,292800
AXISBANK30JAN20710PE.NFO,07/01/2020,10:31:20,10.3,10.15,3600,10.3,3600,0,292800
AXISBANK30JAN20710PE.NFO,07/01/2020,10:31:23,10.3,10.2,2400,10.35,3600,0,292800
AXISBANK30JAN20710PE.NFO,07/01/2020,10:31:26,10.3,10.25,1200,10.35,1200,0,292800
AXISBANK30JAN20710PE.NFO,07/01/2020,10:31:30,10.3,10.15,4800,10.35,4800,0,292800
AXISBANK30JAN20710PE.NFO,07/01/2020,10:31:34,10.3,10.2,1200,10.3,2400,0,292800
AXISBANK30JAN20710PE.NFO,07/01/2020,10:31:38,10.3,10.2,1200,10.35,1200,0,292800
AXISBANK30JAN20710PE.NFO,07/01/2020,10:31:46,10.3,10.2,1200,10.35,3600,0,292800
AXISBANK30JAN20710PE.NFO,07/01/2020,10:31:50,10.3,10.25,1200,10.35,1200,0,292800
AXISBANK30JAN20710PE.NFO,07/01/2020,10:31:54,10.3,10.25,3600,10.4,7200,0,292800
AXISBANK30JAN20710PE.NFO,07/01/2020,10:31:57,10.3,10.25,2400,10.4,6000,0,292800
AXISBANK30JAN20710PE.NFO,07/01/2020,10:32:01,10.3,10.25,3600,10.45,6000,0,292800
AXISBANK30JAN20710PE.NFO,07/01/2020,10:32:06,10.3,10.3,1200,10.45,4800,0,292800
AXISBANK30JAN20710PE.NFO,07/01/2020,10:32:10,10.3,10.3,2400,10.45,4800,0,292800
AXISBANK30JAN20710PE.NFO,07/01/2020,10:32:14,10.3,10.35,2400,10.5,1200,0,292800
AXISBANK30JAN20710PE.NFO,07/01/2020,10:32:23,10.3,10.4,1200,10.55,3600,0,292800
AXISBANK30JAN20710PE.NFO,07/01/2020,10:32:28,10.3,10.4,2400,10.55,4800,0,292800
AXISBANK30JAN20710PE.NFO,07/01/2020,10:32:32,10.3,10.4,1200,10.5,1200,0,292800
AXISBANK30JAN20710PE.NFO,07/01/2020,10:32:36,10.3,10.4,2400,10.55,2400,0,292800
AXISBANK30JAN20710PE.NFO,07/01/2020,10:32:44,10.3,10.45,2400,10.55,3600,0,292800
AXISBANK30JAN20710PE.NFO,07/01/2020,10:32:47,10.3,10.45,1200,10.55,1200,0,292800
AXISBANK30JAN20710PE.NFO,07/01/2020,10:32:50,10.3,10.4,2400,10.55,4800,0,292800
AXISBANK30JAN20710PE.NFO,07/01/2020,10:32:54,10.3,10.4,2400,10.55,3600,0,292800
AXISBANK30JAN20710PE.NFO,07/01/2020,10:33:05,10.3,10.4,1200,10.5,1200,0,292800
AXISBANK30JAN20710PE.NFO,07/01/2020,10:33:07,10.3,10.4,1200,10.55,4800,0,292800
AXISBANK30JAN20710PE.NFO,07/01/2020,10:33:13,10.3,10.4,2400,10.55,6000,0,292800
AXISBANK30JAN20710PE.NFO,07/01/2020,10:33:15,10.3,10.35,3600,10.5,3600,0,292800
AXISBANK30JAN20710PE.NFO,07/01/2020,10:33:21,10.3,10.3,4800,10.45,3600,0,292800
AXISBANK30JAN20710PE.NFO,07/01/2020,10:33:28,10.3,10.35,3600,10.5,4800,0,292800
AXISBANK30JAN20710PE.NFO,07/01/2020,10:33:33,10.3,10.4,1200,10.55,4800,0,292800
AXISBANK30JAN20710PE.NFO,07/01/2020,10:33:36,10.3,10.4,1200,10.55,3600,0,292800
AXISBANK30JAN20710PE.NFO,07/01/2020,10:33:39,10.3,10.4,2400,10.55,4800,0,292800
AXISBANK30JAN20710PE.NFO,07/01/2020,10:33:45,10.3,10.4,2400,10.5,1200,0,292800
AXISBANK30JAN20710PE.NFO,07/01/2020,10:33:47,10.3,10.4,2400,10.55,4800,0,292800
AXISBANK30JAN20710PE.NFO,07/01/2020,10:33:50,10.3,10.4,2400,10.5,1200,0,292800
AXISBANK30JAN20710PE.NFO,07/01/2020,10:33:56,10.3,10.4,2400,10.55,3600,0,292800
AXISBANK30JAN20710PE.NFO,07/01/2020,10:33:59,10.3,10.4,2400,10.55,4800,0,292800
AXISBANK30JAN20710PE.NFO,07/01/2020,10:34:02,10.3,10.45,2400,10.6,6000,0,292800
AXISBANK30JAN20710PE.NFO,07/01/2020,10:34:05,10.3,10.45,2400,10.6,3600,0,292800
AXISBANK30JAN20710PE.NFO,07/01/2020,10:34:09,10.3,10.45,2400,10.6,4800,0,292800
AXISBANK30JAN20710PE.NFO,07/01/2020,10:34:13,10.3,10.45,2400,10.6,3600,0,292800
AXISBANK30JAN20710PE.NFO,07/01/2020,10:34:16,10.3,10.5,1200,10.65,6000,0,292800
AXISBANK30JAN20710PE.NFO,07/01/2020,10:34:22,10.3,10.45,2400,10.6,4800,0,292800
AXISBANK30JAN20710PE.NFO,07/01/2020,10:34:26,10.3,10.45,2400,10.55,1200,0,292800
AXISBANK30JAN20710PE.NFO,07/01/2020,10:34:29,10.3,10.45,2400,10.55,2400,0,292800
AXISBANK30JAN20710PE.NFO,07/01/2020,10:34:32,10.3,10.4,3600,10.5,1200,0,292800
AXISBANK30JAN20710PE.NFO,07/01/2020,10:34:34,10.3,10.45,1200,10.55,2400,0,292800
AXISBANK30JAN20710PE.NFO,07/01/2020,10:34:40,10.3,10.35,2400,10.5,3600,0,292800
AXISBANK30JAN20710PE.NFO,07/01/2020,10:34:44,10.3,10.35,2400,10.5,4800,0,292800
AXISBANK30JAN20710PE.NFO,07/01/2020,10:34:48,10.3,10.35,3600,10.5,4800,0,292800
AXISBANK30JAN20710PE.NFO,07/01/2020,10:35:00,10.3,10.4,1200,10.5,1200,0,292800
AXISBANK30JAN20710PE.NFO,07/01/2020,10:35:03,10.3,10.35,3600,10.5,4800,0,292800
AXISBANK30JAN20710PE.NFO,07/01/2020,10:35:06,10.3,10.4,1200,10.55,4800,0,292800
AXISBANK30JAN20710PE.NFO,07/01/2020,10:35:09,10.3,10.35,3600,10.5,2400,0,292800
AXISBANK30JAN20710PE.NFO,07/01/2020,10:35:11,10.3,10.35,1200,10.45,1200,0,292800
AXISBANK30JAN20710PE.NFO,07/01/2020,10:35:17,10.3,10.25,3600,10.4,1200,0,292800
AXISBANK30JAN20710PE.NFO,07/01/2020,10:35:19,10.3,10.25,4800,10.4,1200,0,292800
AXISBANK30JAN20710PE.NFO,07/01/2020,10:35:21,10.3,10.3,1200,10.4,2400,0,292800
AXISBANK30JAN20710PE.NFO,07/01/2020,10:35:23,10.3,10.25,3600,10.4,2400,0,292800
AXISBANK30JAN20710PE.NFO,07/01/2020,10:35:26,10.3,10.25,4800,10.4,2400,0,292800
AXISBANK30JAN20710PE.NFO,07/01/2020,10:35:36,10.3,10.3,1200,10.4,1200,0,292800
AXISBANK30JAN20710PE.NFO,07/01/2020,10:35:40,10.3,10.3,1200,10.4,2400,0,292800
AXISBANK30JAN20710PE.NFO,07/01/2020,10:35:46,10.3,10.25,4800,10.4,2400,0,292800
AXISBANK30JAN20710PE.NFO,07/01/2020,10:35:52,10.3,10.25,3600,10.4,2400,0,292800
AXISBANK30JAN20710PE.NFO,07/01/2020,10:35:59,10.3,10.3,3600,10.5,9600,0,292800
AXISBANK30JAN20710PE.NFO,07/01/2020,10:36:01,10.3,10.3,3600,10.45,3600,0,292800
AXISBANK30JAN20710PE.NFO,07/01/2020,10:36:05,10.3,10.35,4800,10.55,3600,0,292800
AXISBANK30JAN20710PE.NFO,07/01/2020,10:36:08,10.3,10.4,3600,10.6,9600,0,292800
AXISBANK30JAN20710PE.NFO,07/01/2020,10:36:11,10.3,10.4,2400,10.55,2400,0,292800
AXISBANK30JAN20710PE.NFO,07/01/2020,10:36:13,10.3,10.4,2400,10.55,3600,0,292800
AXISBANK30JAN20710PE.NFO,07/01/2020,10:36:26,10.3,10.45,1200,10.55,1200,0,292800
AXISBANK30JAN20710PE.NFO,07/01/2020,10:36:29,10.3,10.45,2400,10.6,1200,0,292800
AXISBANK30JAN20710PE.NFO,07/01/2020,10:36:33,10.3,10.45,2400,10.6,3600,0,292800
AXISBANK30JAN20710PE.NFO,07/01/2020,10:37:05,10.3,10.45,1200,10.6,3600,0,292800
AXISBANK30JAN20710PE.NFO,07/01/2020,10:37:08,10.3,10.35,3600,10.55,1200,0,292800
AXISBANK30JAN20710PE.NFO,07/01/2020,10:37:11,10.3,10.4,1200,10.55,3600,0,292800
AXISBANK30JAN20710PE.NFO,07/01/2020,10:37:12,10.3,10.35,2400,10.55,3600,0,292800
AXISBANK30JAN20710PE.NFO,07/01/2020,10:37:15,10.3,10.35,4800,10.5,1200,0,292800
AXISBANK30JAN20710PE.NFO,07/01/2020,10:37:23,10.3,10.35,1200,10.5,3600,0,292800
AXISBANK30JAN20710PE.NFO,07/01/2020,10:37:32,10.3,10.3,7200,10.5,3600,0,292800
AXISBANK30JAN20710PE.NFO,07/01/2020,10:37:34,10.3,10.35,1200,10.5,3600,0,292800
AXISBANK30JAN20710PE.NFO,07/01/2020,10:37:37,10.3,10.35,2400,10.5,3600,0,292800
AXISBANK30JAN20710PE.NFO,07/01/2020,10:37:40,10.3,10.35,2400,10.5,2400,0,292800
AXISBANK30JAN20710PE.NFO,07/01/2020,10:37:44,10.3,10.35,2400,10.55,3600,0,292800
AXISBANK30JAN20710PE.NFO,07/01/2020,10:37:47,10.3,10.35,1200,10.5,7200,0,292800
AXISBANK30JAN20710PE.NFO,07/01/2020,10:37:51,10.3,10.35,1200,10.45,1200,0,292800
AXISBANK30JAN20710PE.NFO,07/01/2020,10:37:56,10.3,10.3,1200,10.45,3600,0,292800
AXISBANK30JAN20710PE.NFO,07/01/2020,10:38:03,10.3,10.25,2400,10.4,2400,0,292800
AXISBANK30JAN20710PE.NFO,07/01/2020,10:38:33,10.3,10.3,2400,10.45,3600,0,292800
AXISBANK30JAN20710PE.NFO,07/01/2020,10:38:38,10.3,10.3,2400,10.45,2400,0,292800
AXISBANK30JAN20710PE.NFO,07/01/2020,10:38:47,10.3,10.3,1200,10.45,4800,0,292800
AXISBANK30JAN20710PE.NFO,07/01/2020,10:38:50,10.3,10.25,3600,10.4,2400,0,292800
AXISBANK30JAN20710PE.NFO,07/01/2020,10:39:00,10.3,10.25,2400,10.4,2400,0,292800
AXISBANK30JAN20710PE.NFO,07/01/2020,10:39:03,10.3,10.2,6000,10.35,1200,0,292800
AXISBANK30JAN20710PE.NFO,07/01/2020,10:39:07,10.3,10.25,1200,10.4,6000,0,292800
AXISBANK30JAN20710PE.NFO,07/01/2020,10:39:10,10.3,10.25,3600,10.4,1200,0,292800
AXISBANK30JAN20710PE.NFO,07/01/2020,10:39:17,10.3,10.25,4800,10.45,2400,0,292800
AXISBANK30JAN20710PE.NFO,07/01/2020,10:39:22,10.3,10.25,3600,10.4,1200,0,292800
AXISBANK30JAN20710PE.NFO,07/01/2020,10:39:35,10.3,10.25,4800,10.4,1200,0,292800
AXISBANK30JAN20710PE.NFO,07/01/2020,10:39:38,10.3,10.25,4800,10.45,3600,0,292800
AXISBANK30JAN20710PE.NFO,07/01/2020,10:39:41,10.3,10.3,1200,10.45,4800,0,292800
AXISBANK30JAN20710PE.NFO,07/01/2020,10:39:47,10.3,10.3,2400,10.45,1200,0,292800
AXISBANK30JAN20710PE.NFO,07/01/2020,10:39:50,10.3,10.3,2400,10.5,9600,0,292800
AXISBANK30JAN20710PE.NFO,07/01/2020,10:39:57,10.3,10.35,1200,10.45,1200,0,292800
AXISBANK30JAN20710PE.NFO,07/01/2020,10:39:59,10.3,10.3,2400,10.45,1200,0,292800
AXISBANK30JAN20710PE.NFO,07/01/2020,10:40:01,10.3,10.3,2400,10.45,2400,0,292800
AXISBANK30JAN20710PE.NFO,07/01/2020,10:40:05,10.3,10.3,1200,10.45,2400,0,292800
AXISBANK30JAN20710PE.NFO,07/01/2020,10:40:08,10.3,10.25,3600,10.4,2400,0,292800
AXISBANK30JAN20710PE.NFO,07/01/2020,10:40:15,10.3,10.3,2400,10.45,3600,0,292800
AXISBANK30JAN20710PE.NFO,07/01/2020,10:40:29,10.3,10.3,2400,10.45,2400,0,292800
AXISBANK30JAN20710PE.NFO,07/01/2020,10:40:31,10.3,10.25,4800,10.4,2400,0,292800
AXISBANK30JAN20710PE.NFO,07/01/2020,10:40:41,10.3,10.25,3600,10.4,2400,0,292800
AXISBANK30JAN20710PE.NFO,07/01/2020,10:40:44,10.3,10.25,2400,10.35,2400,0,292800
AXISBANK30JAN20710PE.NFO,07/01/2020,10:40:52,10.3,10.2,7200,10.3,1200,0,292800
AXISBANK30JAN20710PE.NFO,07/01/2020,10:41:07,10.3,10.25,2400,10.4,3600,1200,292800
AXISBANK30JAN20710PE.NFO,07/01/2020,10:41:10,10.3,10.25,2400,10.4,3600,0,292800
AXISBANK30JAN20710PE.NFO,07/01/2020,10:41:31,10.3,10.25,2400,10.4,2400,0,292800
AXISBANK30JAN20710PE.NFO,07/01/2020,10:41:40,10.3,10.2,4800,10.35,2400,0,292800
AXISBANK30JAN20710PE.NFO,07/01/2020,10:41:52,10.3,10.15,1200,10.3,1200,0,292800
AXISBANK30JAN20710PE.NFO,07/01/2020,10:41:58,10.3,10.15,2400,10.35,7200,0,292800
AXISBANK30JAN20710PE.NFO,07/01/2020,10:42:01,10.3,10.2,1200,10.35,7200,0,292800
AXISBANK30JAN20710PE.NFO,07/01/2020,10:42:11,10.3,10.2,1200,10.35,6000,0,292800
AXISBANK30JAN20710PE.NFO,07/01/2020,10:42:24,10.3,10.2,2400,10.35,6000,0,292800
AXISBANK30JAN20710PE.NFO,07/01/2020,10:42:27,10.3,10.15,3600,10.3,2400,0,292800
AXISBANK30JAN20710PE.NFO,07/01/2020,10:42:31,10.3,10.2,1200,10.35,6000,0,292800
AXISBANK30JAN20710PE.NFO,07/01/2020,10:42:35,10.3,10.25,3600,10.4,3600,0,292800
AXISBANK30JAN20710PE.NFO,07/01/2020,10:42:39,10.3,10.25,4800,10.4,3600,0,292800
AXISBANK30JAN20710PE.NFO,07/01/2020,10:42:42,10.3,10.3,1200,10.45,6000,0,292800
AXISBANK30JAN20710PE.NFO,07/01/2020,10:42:45,10.3,10.3,1200,10.45,7200,0,292800
AXISBANK30JAN20710PE.NFO,07/01/2020,10:42:48,10.3,10.3,1200,10.45,6000,0,292800
AXISBANK30JAN20710PE.NFO,07/01/2020,10:42:51,10.3,10.3,2400,10.45,6000,0,292800
AXISBANK30JAN20710PE.NFO,07/01/2020,10:43:01,10.3,10.3,2400,10.45,4800,0,292800
AXISBANK30JAN20710PE.NFO,07/01/2020,10:43:11,10.3,10.3,2400,10.45,3600,0,292800
AXISBANK30JAN20710PE.NFO,07/01/2020,10:43:15,10.45,10.35,1200,10.45,1200,1200,291600
AXISBANK30JAN20710PE.NFO,07/01/2020,10:43:18,10.45,10.3,3600,10.45,2400,0,291600
AXISBANK30JAN20710PE.NFO,07/01/2020,10:43:19,10.45,10.3,3600,10.45,1200,0,291600
AXISBANK30JAN20710PE.NFO,07/01/2020,10:43:23,10.45,10.35,1200,10.5,7200,0,291600
AXISBANK30JAN20710PE.NFO,07/01/2020,10:43:26,10.45,10.3,3600,10.45,3600,0,291600
AXISBANK30JAN20710PE.NFO,07/01/2020,10:43:29,10.45,10.35,1200,10.45,2400,0,291600
AXISBANK30JAN20710PE.NFO,07/01/2020,10:43:37,10.45,10.35,1200,10.45,1200,0,291600
AXISBANK30JAN20710PE.NFO,07/01/2020,10:43:41,10.35,10.35,2400,10.45,1200,3600,291600
AXISBANK30JAN20710PE.NFO,07/01/2020,10:43:45,10.35,10.35,1200,10.45,1200,0,291600
AXISBANK30JAN20710PE.NFO,07/01/2020,10:43:48,10.35,10.35,1200,10.45,2400,0,291600
AXISBANK30JAN20710PE.NFO,07/01/2020,10:43:50,10.35,10.3,1200,10.4,1200,0,291600
AXISBANK30JAN20710PE.NFO,07/01/2020,10:43:56,10.35,10.25,3600,10.4,1200,0,291600
AXISBANK30JAN20710PE.NFO,07/01/2020,10:44:03,10.35,10.3,1200,10.4,2400,0,291600
AXISBANK30JAN20710PE.NFO,07/01/2020,10:44:07,10.35,10.25,3600,10.4,2400,0,291600
AXISBANK30JAN20710PE.NFO,07/01/2020,10:44:23,10.35,10.3,1200,10.4,2400,0,291600
AXISBANK30JAN20710PE.NFO,07/01/2020,10:44:25,10.35,10.25,3600,10.4,3600,0,291600
AXISBANK30JAN20710PE.NFO,07/01/2020,10:44:27,10.35,10.3,1200,10.4,3600,0,291600
AXISBANK30JAN20710PE.NFO,07/01/2020,10:44:29,10.35,10.3,3600,10.45,2400,0,291600
AXISBANK30JAN20710PE.NFO,07/01/2020,10:44:33,10.35,10.3,3600,10.45,3600,0,291600
AXISBANK30JAN20710PE.NFO,07/01/2020,10:44:36,10.35,10.3,2400,10.45,3600,0,291600
AXISBANK30JAN20710PE.NFO,07/01/2020,10:44:39,10.35,10.25,4800,10.4,3600,0,291600
AXISBANK30JAN20710PE.NFO,07/01/2020,10:44:42,10.35,10.3,1200,10.4,2400,0,291600
AXISBANK30JAN20710PE.NFO,07/01/2020,10:44:44,10.35,10.25,4800,10.4,2400,0,291600
AXISBANK30JAN20710PE.NFO,07/01/2020,10:44:47,10.35,10.3,1200,10.4,3600,0,291600
AXISBANK30JAN20710PE.NFO,07/01/2020,10:44:49,10.35,10.25,2400,10.4,3600,0,291600
AXISBANK30JAN20710PE.NFO,07/01/2020,10:44:52,10.35,10.25,1200,10.4,3600,0,291600
AXISBANK30JAN20710PE.NFO,07/01/2020,10:44:58,10.35,10.25,3600,10.4,2400,0,291600
AXISBANK30JAN20710PE.NFO,07/01/2020,10:45:02,10.35,10.3,1200,10.45,1200,0,291600
AXISBANK30JAN20710PE.NFO,07/01/2020,10:45:07,10.35,10.3,2400,10.45,1200,0,291600
AXISBANK30JAN20710PE.NFO,07/01/2020,10:45:10,10.35,10.35,1200,10.45,1200,0,291600
AXISBANK30JAN20710PE.NFO,07/01/2020,10:45:15,10.35,10.25,1200,10.4,6000,0,291600
AXISBANK30JAN20710PE.NFO,07/01/2020,10:45:19,10.35,10.25,1200,10.4,7200,0,291600
AXISBANK30JAN20710PE.NFO,07/01/2020,10:45:40,10.35,10.25,1200,10.35,2400,0,291600
AXISBANK30JAN20710PE.NFO,07/01/2020,10:45:47,10.35,10.2,6000,10.35,3600,0,291600
AXISBANK30JAN20710PE.NFO,07/01/2020,10:45:50,10.35,10.2,2400,10.35,3600,0,291600
AXISBANK30JAN20710PE.NFO,07/01/2020,10:46:02,10.35,10.2,2400,10.35,4800,0,291600
AXISBANK30JAN20710PE.NFO,07/01/2020,10:46:08,10.35,10.2,2400,10.35,2400,0,291600
AXISBANK30JAN20710PE.NFO,07/01/2020,10:46:16,10.35,10.25,2400,10.35,1200,0,291600
AXISBANK30JAN20710PE.NFO,07/01/2020,10:46:19,10.35,10.2,2400,10.35,3600,0,291600
AXISBANK30JAN20710PE.NFO,07/01/2020,10:46:26,10.35,10.2,2400,10.35,4800,0,291600
AXISBANK30JAN20710PE.NFO,07/01/2020,10:46:41,10.35,10.2,1200,10.35,4800,0,291600
AXISBANK30JAN20710PE.NFO,07/01/2020,10:46:47,10.35,10.2,2400,10.35,4800,0,291600
AXISBANK30JAN20710PE.NFO,07/01/2020,10:46:55,10.35,10.25,1200,10.35,1200,0,291600
AXISBANK30JAN20710PE.NFO,07/01/2020,10:46:58,10.35,10.25,1200,10.35,3600,0,291600
AXISBANK30JAN20710PE.NFO,07/01/2020,10:47:01,10.35,10.25,2400,10.35,1200,0,291600
AXISBANK30JAN20710PE.NFO,07/01/2020,10:47:06,10.35,10.25,3600,10.35,1200,0,291600
AXISBANK30JAN20710PE.NFO,07/01/2020,10:47:09,10.35,10.25,1200,10.35,1200,0,291600
AXISBANK30JAN20710PE.NFO,07/01/2020,10:47:12,10.35,10.25,1200,10.35,2400,0,291600
AXISBANK30JAN20710PE.NFO,07/01/2020,10:47:18,10.35,10.25,1200,10.35,1200,0,291600
AXISBANK30JAN20710PE.NFO,07/01/2020,10:47:23,10.35,10.25,2400,10.35,1200,0,291600
AXISBANK30JAN20710PE.NFO,07/01/2020,10:47:34,10.35,10.25,2400,10.4,1200,0,291600
AXISBANK30JAN20710PE.NFO,07/01/2020,10:47:36,10.35,10.25,2400,10.4,2400,0,291600
AXISBANK30JAN20710PE.NFO,07/01/2020,10:47:47,10.35,10.3,1200,10.45,4800,0,291600
AXISBANK30JAN20710PE.NFO,07/01/2020,10:47:55,10.35,10.3,1200,10.45,3600,0,291600
AXISBANK30JAN20710PE.NFO,07/01/2020,10:48:02,10.35,10.25,2400,10.4,2400,0,291600
AXISBANK30JAN20710PE.NFO,07/01/2020,10:48:05,10.35,10.25,3600,10.4,2400,0,291600
AXISBANK30JAN20710PE.NFO,07/01/2020,10:48:13,10.35,10.25,2400,10.4,1200,0,291600
AXISBANK30JAN20710PE.NFO,07/01/2020,10:48:18,10.35,10.3,1200,10.45,3600,0,291600
AXISBANK30JAN20710PE.NFO,07/01/2020,10:48:21,10.35,10.3,1200,10.45,6000,0,291600
AXISBANK30JAN20710PE.NFO,07/01/2020,10:48:25,10.35,10.3,1200,10.45,3600,0,291600
AXISBANK30JAN20710PE.NFO,07/01/2020,10:48:29,10.35,10.3,2400,10.45,3600,0,291600
AXISBANK30JAN20710PE.NFO,07/01/2020,10:48:32,10.35,10.3,1200,10.45,2400,0,291600
AXISBANK30JAN20710PE.NFO,07/01/2020,10:48:38,10.35,10.4,1200,10.55,1200,0,291600
AXISBANK30JAN20710PE.NFO,07/01/2020,10:48:43,10.35,10.4,1200,10.55,4800,0,291600
AXISBANK30JAN20710PE.NFO,07/01/2020,10:48:46,10.35,10.35,3600,10.55,4800,0,291600
AXISBANK30JAN20710PE.NFO,07/01/2020,10:48:50,10.35,10.4,3600,10.55,1200,0,291600
AXISBANK30JAN20710PE.NFO,07/01/2020,10:48:53,10.35,10.4,2400,10.55,3600,0,291600
AXISBANK30JAN20710PE.NFO,07/01/2020,10:49:00,10.35,10.4,1200,10.55,3600,0,291600
AXISBANK30JAN20710PE.NFO,07/01/2020,10:49:04,10.35,10.4,1200,10.55,2400,0,291600
AXISBANK30JAN20710PE.NFO,07/01/2020,10:49:13,10.35,10.4,1200,10.55,1200,0,291600
AXISBANK30JAN20710PE.NFO,07/01/2020,10:49:16,10.35,10.4,1200,10.55,2400,0,291600
AXISBANK30JAN20710PE.NFO,07/01/2020,10:49:19,10.35,10.45,1200,10.55,1200,0,291600
AXISBANK30JAN20710PE.NFO,07/01/2020,10:49:22,10.35,10.45,1200,10.55,2400,0,291600
AXISBANK30JAN20710PE.NFO,07/01/2020,10:49:29,10.35,10.45,1200,10.55,1200,0,291600
AXISBANK30JAN20710PE.NFO,07/01/2020,10:49:32,10.35,10.45,1200,10.6,3600,0,291600
AXISBANK30JAN20710PE.NFO,07/01/2020,10:49:35,10.35,10.45,2400,10.6,1200,0,291600
AXISBANK30JAN20710PE.NFO,07/01/2020,10:49:39,10.35,10.45,1200,10.55,1200,0,291600
AXISBANK30JAN20710PE.NFO,07/01/2020,10:49:43,10.35,10.45,2400,10.6,2400,0,291600
AXISBANK30JAN20710PE.NFO,07/01/2020,10:49:47,10.6,10.55,1200,10.7,7200,2400,295200
AXISBANK30JAN20710PE.NFO,07/01/2020,10:49:51,10.6,10.55,1200,10.7,2400,0,295200
AXISBANK30JAN20710PE.NFO,07/01/2020,10:50:01,10.6,10.55,2400,10.7,2400,0,295200
AXISBANK30JAN20710PE.NFO,07/01/2020,10:50:07,10.6,10.55,1200,10.7,1200,0,295200
AXISBANK30JAN20710PE.NFO,07/01/2020,10:50:13,10.6,10.55,1200,10.7,3600,0,295200
AXISBANK30JAN20710PE.NFO,07/01/2020,10:50:18,10.6,10.5,1200,10.65,4800,0,295200
AXISBANK30JAN20710PE.NFO,07/01/2020,10:50:24,10.6,10.55,2400,10.7,8400,0,295200
AXISBANK30JAN20710PE.NFO,07/01/2020,10:50:28,10.6,10.55,2400,10.7,3600,0,295200
AXISBANK30JAN20710PE.NFO,07/01/2020,10:50:31,10.6,10.55,1200,10.7,3600,0,295200
AXISBANK30JAN20710PE.NFO,07/01/2020,10:50:35,10.6,10.6,1200,10.75,3600,0,295200
AXISBANK30JAN20710PE.NFO,07/01/2020,10:50:40,10.6,10.55,1200,10.7,4800,0,295200
AXISBANK30JAN20710PE.NFO,07/01/2020,10:50:47,10.6,10.55,1200,10.7,2400,0,295200
AXISBANK30JAN20710PE.NFO,07/01/2020,10:50:54,10.6,10.6,1200,10.7,1200,0,295200
AXISBANK30JAN20710PE.NFO,07/01/2020,10:51:02,10.6,10.6,1200,10.75,3600,0,295200
AXISBANK30JAN20710PE.NFO,07/01/2020,10:51:10,10.6,10.6,1200,10.7,1200,0,295200
AXISBANK30JAN20710PE.NFO,07/01/2020,10:51:19,10.6,10.6,2400,10.7,1200,0,295200
AXISBANK30JAN20710PE.NFO,07/01/2020,10:51:27,10.8,10.75,7200,10.9,1200,7200,294000
AXISBANK30JAN20710PE.NFO,07/01/2020,10:51:30,10.8,10.8,1200,10.95,4800,1200,294000
AXISBANK30JAN20710PE.NFO,07/01/2020,10:51:34,10.8,10.75,7200,10.9,1200,0,294000
AXISBANK30JAN20710PE.NFO,07/01/2020,10:51:37,10.8,10.8,1200,10.95,2400,0,294000
AXISBANK30JAN20710PE.NFO,07/01/2020,10:51:41,10.8,10.8,1200,10.95,4800,1200,294000
AXISBANK30JAN20710PE.NFO,07/01/2020,10:51:46,10.8,10.8,1200,10.95,3600,0,294000
AXISBANK30JAN20710PE.NFO,07/01/2020,10:51:54,10.8,10.85,1200,10.95,1200,0,294000
AXISBANK30JAN20710PE.NFO,07/01/2020,10:51:59,10.8,10.85,2400,10.95,2400,0,294000
AXISBANK30JAN20710PE.NFO,07/01/2020,10:52:04,10.8,10.85,7200,11,3600,0,294000
AXISBANK30JAN20710PE.NFO,07/01/2020,10:52:09,10.95,10.85,4800,10.95,2400,1200,294000
AXISBANK30JAN20710PE.NFO,07/01/2020,10:52:14,10.95,10.8,3600,10.95,3600,0,294000
AXISBANK30JAN20710PE.NFO,07/01/2020,10:52:18,10.95,10.8,3600,10.95,2400,0,294000
AXISBANK30JAN20710PE.NFO,07/01/2020,10:52:29,10.95,10.85,1200,11,7200,0,294000
AXISBANK30JAN20710PE.NFO,07/01/2020,10:52:34,10.95,10.85,2400,11,7200,0,294000
AXISBANK30JAN20710PE.NFO,07/01/2020,10:52:39,10.95,10.85,1200,10.95,1200,0,294000
AXISBANK30JAN20710PE.NFO,07/01/2020,10:52:51,10.95,10.85,3600,11,7200,0,294000
AXISBANK30JAN20710PE.NFO,07/01/2020,10:52:56,10.95,10.9,2400,11,1200,0,294000
AXISBANK30JAN20710PE.NFO,07/01/2020,10:53:00,10.95,10.85,3600,11,4800,0,294000
AXISBANK30JAN20710PE.NFO,07/01/2020,10:53:07,10.95,10.9,1200,11,4800,0,294000
AXISBANK30JAN20710PE.NFO,07/01/2020,10:53:12,10.95,10.9,2400,11,2400,0,294000
AXISBANK30JAN20710PE.NFO,07/01/2020,10:53:18,10.95,10.85,3600,11,3600,0,294000
AXISBANK30JAN20710PE.NFO,07/01/2020,10:53:28,10.95,10.9,2400,11,2400,0,294000
AXISBANK30JAN20710PE.NFO,07/01/2020,10:53:33,10.95,10.85,3600,11,3600,0,294000
AXISBANK30JAN20710PE.NFO,07/01/2020,10:53:43,10.95,10.95,3600,11,3600,0,294000
AXISBANK30JAN20710PE.NFO,07/01/2020,10:53:49,11,10.95,3600,11.05,3600,3600,294000
AXISBANK30JAN20710PE.NFO,07/01/2020,10:53:55,11,10.9,1200,11.05,3600,3600,294000
AXISBANK30JAN20710PE.NFO,07/01/2020,10:54:01,11,10.85,3600,10.95,1200,0,294000
AXISBANK30JAN20710PE.NFO,07/01/2020,10:54:11,11,10.95,1200,11.05,2400,0,294000
AXISBANK30JAN20710PE.NFO,07/01/2020,10:54:17,10.95,10.9,1200,11,2400,1200,294000
AXISBANK30JAN20710PE.NFO,07/01/2020,10:54:23,10.95,10.85,2400,10.95,2400,0,294000
AXISBANK30JAN20710PE.NFO,07/01/2020,10:54:28,11.05,10.95,3600,11.1,6000,1200,294000
AXISBANK30JAN20710PE.NFO,07/01/2020,10:54:33,11.05,10.9,3600,11.05,3600,0,294000
AXISBANK30JAN20710PE.NFO,07/01/2020,10:54:44,11.05,10.9,3600,11.05,2400,0,294000
AXISBANK30JAN20710PE.NFO,07/01/2020,10:54:48,11.05,10.95,1200,11.05,3600,0,294000
AXISBANK30JAN20710PE.NFO,07/01/2020,10:54:53,11.05,10.8,2400,10.95,2400,0,294000
AXISBANK30JAN20710PE.NFO,07/01/2020,10:54:58,11.05,10.8,2400,10.95,1200,0,294000
AXISBANK30JAN20710PE.NFO,07/01/2020,10:55:03,11.05,10.85,3600,11,1200,0,294000
AXISBANK30JAN20710PE.NFO,07/01/2020,10:55:07,11.05,10.85,3600,11,3600,0,294000
AXISBANK30JAN20710PE.NFO,07/01/2020,10:55:12,11.05,10.9,1200,11,1200,0,294000
AXISBANK30JAN20710PE.NFO,07/01/2020,10:55:17,11.05,10.85,2400,11,3600,0,294000
AXISBANK30JAN20710PE.NFO,07/01/2020,10:55:21,11.05,10.85,2400,11,6000,0,294000
AXISBANK30JAN20710PE.NFO,07/01/2020,10:55:31,11.05,10.8,2400,10.95,3600,0,294000
AXISBANK30JAN20710PE.NFO,07/01/2020,10:55:36,11.05,10.6,1200,10.8,3600,0,294000
AXISBANK30JAN20710PE.NFO,07/01/2020,10:55:42,11.05,10.7,1200,10.85,6000,0,294000
AXISBANK30JAN20710PE.NFO,07/01/2020,10:55:47,11.05,10.7,1200,10.85,3600,0,294000
AXISBANK30JAN20710PE.NFO,07/01/2020,10:55:51,11.05,10.7,1200,10.85,7200,0,294000
AXISBANK30JAN20710PE.NFO,07/01/2020,10:56:04,11.05,10.65,1200,10.8,3600,0,294000
AXISBANK30JAN20710PE.NFO,07/01/2020,10:56:09,11.05,10.6,1200,10.75,2400,0,294000
AXISBANK30JAN20710PE.NFO,07/01/2020,10:56:14,11.05,10.65,1200,10.75,1200,0,294000
AXISBANK30JAN20710PE.NFO,07/01/2020,10:56:19,11.05,10.65,1200,10.75,2400,0,294000
AXISBANK30JAN20710PE.NFO,07/01/2020,10:56:24,11.05,10.6,3600,10.8,2400,0,294000
AXISBANK30JAN20710PE.NFO,07/01/2020,10:56:28,11.05,10.65,3600,10.85,3600,0,294000
AXISBANK30JAN20710PE.NFO,07/01/2020,10:56:33,11.05,10.75,3600,10.9,1200,0,294000
AXISBANK30JAN20710PE.NFO,07/01/2020,10:56:39,11.05,10.75,4800,10.95,8400,0,294000
AXISBANK30JAN20710PE.NFO,07/01/2020,10:56:43,11.05,10.8,1200,10.9,1200,0,294000
AXISBANK30JAN20710PE.NFO,07/01/2020,10:56:47,11.05,10.8,1200,10.9,2400,0,294000
AXISBANK30JAN20710PE.NFO,07/01/2020,10:56:50,11.05,10.8,1200,10.95,7200,0,294000
AXISBANK30JAN20710PE.NFO,07/01/2020,10:56:55,11.05,10.85,2400,11,4800,0,294000
AXISBANK30JAN20710PE.NFO,07/01/2020,10:57:00,11,10.9,2400,11.05,2400,4800,298800
AXISBANK30JAN20710PE.NFO,07/01/2020,10:57:04,11,10.9,1200,11,1200,0,298800
AXISBANK30JAN20710PE.NFO,07/01/2020,10:57:07,11,10.9,1200,11,2400,0,298800
AXISBANK30JAN20710PE.NFO,07/01/2020,10:57:12,11,10.95,2400,11.1,3600,0,298800
AXISBANK30JAN20710PE.NFO,07/01/2020,10:57:18,11,10.95,3600,11.1,1200,0,298800
AXISBANK30JAN20710PE.NFO,07/01/2020,10:57:25,11,10.85,3600,11.05,3600,0,298800
AXISBANK30JAN20710PE.NFO,07/01/2020,10:57:32,11,10.85,1200,11,3600,0,298800
AXISBANK30JAN20710PE.NFO,07/01/2020,10:57:43,11,10.85,1200,10.95,1200,0,298800
AXISBANK30JAN20710PE.NFO,07/01/2020,10:57:48,10.95,10.9,2400,11,2400,1200,298800
AXISBANK30JAN20710PE.NFO,07/01/2020,10:57:53,10.95,10.9,2400,11,2400,0,298800
AXISBANK30JAN20710PE.NFO,07/01/2020,10:57:57,11,11,6000,11.1,6000,1200,298800
AXISBANK30JAN20710PE.NFO,07/01/2020,10:58:01,11,11,6000,11.1,1200,0,298800
AXISBANK30JAN20710PE.NFO,07/01/2020,10:58:06,11,11,8400,11.15,3600,0,298800
AXISBANK30JAN20710PE.NFO,07/01/2020,10:58:11,11,11,8400,11.15,1200,0,298800
AXISBANK30JAN20710PE.NFO,07/01/2020,10:58:15,11,11.05,2400,11.2,8400,0,298800
AXISBANK30JAN20710PE.NFO,07/01/2020,10:58:20,11,11.05,2400,11.2,4800,0,298800
AXISBANK30JAN20710PE.NFO,07/01/2020,10:58:25,11,11.35,4800,11.55,3600,0,298800
AXISBANK30JAN20710PE.NFO,07/01/2020,10:58:30,11,11.2,8400,11.4,1200,0,298800
AXISBANK30JAN20710PE.NFO,07/01/2020,10:58:35,11,11.3,1200,11.5,2400,0,298800
AXISBANK30JAN20710PE.NFO,07/01/2020,10:58:40,11,11.3,2400,11.5,2400,0,298800
AXISBANK30JAN20710PE.NFO,07/01/2020,10:58:45,11.5,11.45,3600,11.6,1200,2400,298800
AXISBANK30JAN20710PE.NFO,07/01/2020,10:58:51,11.6,11.45,4800,11.65,4800,1200,298800
AXISBANK30JAN20710PE.NFO,07/01/2020,10:58:56,11.6,11.35,6000,11.55,2400,0,298800
AXISBANK30JAN20710PE.NFO,07/01/2020,10:59:01,11.55,11.35,6000,11.55,2400,1200,298800
AXISBANK30JAN20710PE.NFO,07/01/2020,10:59:06,11.55,11.4,2400,11.5,1200,0,298800
AXISBANK30JAN20710PE.NFO,07/01/2020,10:59:13,11.5,11.45,4800,11.6,1200,2400,298800
AXISBANK30JAN20710PE.NFO,07/01/2020,10:59:18,11.5,11.55,3600,11.75,7200,0,298800
AXISBANK30JAN20710PE.NFO,07/01/2020,10:59:24,11.5,11.55,3600,11.75,8400,0,298800
AXISBANK30JAN20710PE.NFO,07/01/2020,10:59:29,11.5,11.5,3600,11.7,4800,0,298800
AXISBANK30JAN20710PE.NFO,07/01/2020,10:59:34,11.5,11.4,4800,11.55,1200,0,298800
AXISBANK30JAN20710PE.NFO,07/01/2020,10:59:40,11.5,11.45,4800,11.6,2400,0,298800
AXISBANK30JAN20710PE.NFO,07/01/2020,10:59:45,11.65,11.55,3600,11.7,1200,2400,297600
AXISBANK30JAN20710PE.NFO,07/01/2020,10:59:50,11.85,11.8,9600,11.95,2400,8400,297600
AXISBANK30JAN20710PE.NFO,07/01/2020,10:59:55,11.85,11.8,7200,11.9,1200,0,297600
AXISBANK30JAN20710PE.NFO,07/01/2020,11:00:01,11.85,11.85,1200,12,3600,0,297600
AXISBANK30JAN20710PE.NFO,07/01/2020,11:00:07,11.85,12.1,6000,12.35,6000,0,297600
AXISBANK30JAN20710PE.NFO,07/01/2020,11:00:13,11.85,12.25,6000,12.45,1200,0,297600
AXISBANK30JAN20710PE.NFO,07/01/2020,11:00:19,12.4,12.3,3600,12.45,1200,1200,297600
AXISBANK30JAN20710PE.NFO,07/01/2020,11:00:25,12.4,12.4,3600,12.6,1200,0,297600
AXISBANK30JAN20710PE.NFO,07/01/2020,11:00:32,12.5,12.5,4800,12.7,1200,1200,297600
AXISBANK30JAN20710PE.NFO,07/01/2020,11:00:39,12.5,12.5,4800,12.65,1200,0,297600
AXISBANK30JAN20710PE.NFO,07/01/2020,11:00:45,12.55,12.65,4800,12.85,1200,2400,297600
AXISBANK30JAN20710PE.NFO,07/01/2020,11:00:51,12.55,12.75,3600,12.95,1200,0,297600
AXISBANK30JAN20710PE.NFO,07/01/2020,11:00:58,13.15,13.05,1200,13.2,1200,4800,297600
AXISBANK30JAN20710PE.NFO,07/01/2020,11:01:05,13.15,13.3,2400,13.5,1200,0,297600
AXISBANK30JAN20710PE.NFO,07/01/2020,11:01:12,13.2,13.05,4800,13.25,3600,1200,297600
AXISBANK30JAN20710PE.NFO,07/01/2020,11:01:13,13.2,13.05,3600,13.25,3600,0,297600
AXISBANK30JAN20710PE.NFO,07/01/2020,11:01:14,13.2,13.05,1200,13.25,3600,0,297600
AXISBANK30JAN20710PE.NFO,07/01/2020,11:01:15,13.2,13,6000,13.2,2400,0,297600
AXISBANK30JAN20710PE.NFO,07/01/2020,11:01:16,13.2,13.05,4800,13.2,1200,0,297600
AXISBANK30JAN20710PE.NFO,07/01/2020,11:01:17,13.2,13.1,7200,13.35,3600,0,297600
AXISBANK30JAN20710PE.NFO,07/01/2020,11:01:18,13.2,13.3,3600,13.5,3600,0,297600
AXISBANK30JAN20710PE.NFO,07/01/2020,11:01:19,13.2,13.2,2400,13.4,3600,0,297600
AXISBANK30JAN20710PE.NFO,07/01/2020,11:01:20,13.2,13.25,2400,13.45,1200,0,297600
AXISBANK30JAN20710PE.NFO,07/01/2020,11:01:21,13.2,13.3,2400,13.55,3600,0,297600
AXISBANK30JAN20710PE.NFO,07/01/2020,11:01:22,13.2,13.35,4800,13.55,1200,0,297600
AXISBANK30JAN20710PE.NFO,07/01/2020,11:01:23,13.2,13.35,7200,13.6,2400,0,297600
AXISBANK30JAN20710PE.NFO,07/01/2020,11:01:24,13.2,13.5,1200,13.65,1200,0,297600
AXISBANK30JAN20710PE.NFO,07/01/2020,11:01:25,13.2,13.55,4800,13.75,2400,0,297600
AXISBANK30JAN20710PE.NFO,07/01/2020,11:01:26,13.2,13.45,2400,13.65,3600,0,297600
AXISBANK30JAN20710PE.NFO,07/01/2020,11:01:27,13.2,13.5,1200,13.65,3600,0,297600
AXISBANK30JAN20710PE.NFO,07/01/2020,11:01:28,13.2,13.5,4800,13.7,1200,0,297600
AXISBANK30JAN20710PE.NFO,07/01/2020,11:01:29,13.2,13.35,2400,13.5,1200,0,297600
AXISBANK30JAN20710PE.NFO,07/01/2020,11:01:30,13.2,13.4,1200,13.55,3600,0,297600
AXISBANK30JAN20710PE.NFO,07/01/2020,11:01:31,13.2,13.4,1200,13.6,2400,0,297600
AXISBANK30JAN20710PE.NFO,07/01/2020,11:01:31,13.2,13.35,2400,13.55,3600,0,297600
AXISBANK30JAN20710PE.NFO,07/01/2020,11:01:32,13.2,13.3,4800,13.5,2400,0,297600
AXISBANK30JAN20710PE.NFO,07/01/2020,11:01:36,13.2,13.3,3600,13.45,1200,0,297600
AXISBANK30JAN20710PE.NFO,07/01/2020,11:01:37,13.2,13.3,4800,13.45,1200,0,297600
AXISBANK30JAN20710PE.NFO,07/01/2020,11:01:38,13.2,13.3,1200,13.45,1200,0,297600
AXISBANK30JAN20710PE.NFO,07/01/2020,11:01:39,13.3,13.3,2400,13.35,1200,1200,297600
AXISBANK30JAN20710PE.NFO,07/01/2020,11:01:40,13.3,13.25,1200,13.35,1200,0,297600
AXISBANK30JAN20710PE.NFO,07/01/2020,11:01:41,13.3,13.2,6000,13.35,1200,0,297600
AXISBANK30JAN20710PE.NFO,07/01/2020,11:01:42,13.3,13.15,2400,13.3,1200,0,297600
AXISBANK30JAN20710PE.NFO,07/01/2020,11:01:42,13.3,13.15,1200,13.3,1200,0,297600
AXISBANK30JAN20710PE.NFO,07/01/2020,11:01:43,13.3,13.05,3600,13.3,2400,0,297600
AXISBANK30JAN20710PE.NFO,07/01/2020,11:01:45,13.3,13.05,2400,13.2,1200,0,297600
AXISBANK30JAN20710PE.NFO,07/01/2020,11:01:47,13.2,13.2,4800,13.4,2400,1200,297600
AXISBANK30JAN20710PE.NFO,07/01/2020,11:01:48,13.2,13.25,1200,13.4,1200,0,297600
AXISBANK30JAN20710PE.NFO,07/01/2020,11:01:49,13.2,13.2,3600,13.4,1200,0,297600
AXISBANK30JAN20710PE.NFO,07/01/2020,11:01:50,13.2,13.2,2400,13.4,1200,0,297600
AXISBANK30JAN20710PE.NFO,07/01/2020,11:01:51,13.2,13.15,1200,13.35,2400,0,297600
AXISBANK30JAN20710PE.NFO,07/01/2020,11:01:52,13.2,13.2,3600,13.35,1200,0,297600
AXISBANK30JAN20710PE.NFO,07/01/2020,11:01:53,13.2,13.15,2400,13.3,1200,0,297600
AXISBANK30JAN20710PE.NFO,07/01/2020,11:01:54,13.2,13.1,6000,13.3,2400,0,297600
AXISBANK30JAN20710PE.NFO,07/01/2020,11:01:55,13.05,13.05,1200,13.1,2400,1200,297600
AXISBANK30JAN20710PE.NFO,07/01/2020,11:01:56,13.05,13.05,2400,13.2,1200,0,297600
AXISBANK30JAN20710PE.NFO,07/01/2020,11:01:57,13.05,13.1,2400,13.25,1200,0,297600
AXISBANK30JAN20710PE.NFO,07/01/2020,11:01:58,13.05,13.1,2400,13.25,2400,0,297600
AXISBANK30JAN20710PE.NFO,07/01/2020,11:01:59,13.05,13,8400,13.2,2400,0,297600
AXISBANK30JAN20710PE.NFO,07/01/2020,11:02:00,13.05,12.95,1200,13.1,3600,0,297600
AXISBANK30JAN20710PE.NFO,07/01/2020,11:02:00,13.05,12.95,1200,13.1,4800,0,297600
AXISBANK30JAN20710PE.NFO,07/01/2020,11:02:01,13.05,13,3600,13.15,1200,0,297600
AXISBANK30JAN20710PE.NFO,07/01/2020,11:02:02,13.05,13,2400,13.15,1200,0,297600
AXISBANK30JAN20710PE.NFO,07/01/2020,11:02:04,13.05,13,3600,13.15,1200,0,297600
AXISBANK30JAN20710PE.NFO,07/01/2020,11:02:05,13.05,12.95,1200,13.1,3600,0,297600
AXISBANK30JAN20710PE.NFO,07/01/2020,11:02:06,13.05,12.95,1200,13.05,1200,0,297600
AXISBANK30JAN20710PE.NFO,07/01/2020,11:02:07,13.05,12.9,2400,13.05,1200,0,297600
AXISBANK30JAN20710PE.NFO,07/01/2020,11:02:08,13.05,12.9,3600,13.05,1200,0,297600
AXISBANK30JAN20710PE.NFO,07/01/2020,11:02:09,12.95,13,1200,13.15,1200,1200,297600
AXISBANK30JAN20710PE.NFO,07/01/2020,11:02:10,12.95,13,2400,13.1,3600,0,297600
AXISBANK30JAN20710PE.NFO,07/01/2020,11:02:11,12.95,12.95,2400,13.05,1200,0,297600
AXISBANK30JAN20710PE.NFO,07/01/2020,11:02:12,12.95,12.85,8400,13,2400,0,297600
AXISBANK30JAN20710PE.NFO,07/01/2020,11:02:13,12.95,12.85,3600,13,1200,0,297600
AXISBANK30JAN20710PE.NFO,07/01/2020,11:02:13,12.95,12.9,6000,13.1,2400,0,297600
AXISBANK30JAN20710PE.NFO,07/01/2020,11:02:14,12.95,12.9,3600,13.05,1200,0,297600
AXISBANK30JAN20710PE.NFO,07/01/2020,11:02:15,12.95,12.9,4800,13.1,3600,0,297600
AXISBANK30JAN20710PE.NFO,07/01/2020,11:02:16,12.95,12.85,3600,13,3600,0,297600
AXISBANK30JAN20710PE.NFO,07/01/2020,11:02:18,12.95,12.85,1200,13,3600,0,297600
AXISBANK30JAN20710PE.NFO,07/01/2020,11:02:21,12.95,12.8,6000,13,3600,0,297600
AXISBANK30JAN20710PE.NFO,07/01/2020,11:02:23,12.95,12.85,1200,13,3600,0,297600
AXISBANK30JAN20710PE.NFO,07/01/2020,11:02:24,12.95,12.85,2400,13,3600,0,297600
AXISBANK30JAN20710PE.NFO,07/01/2020,11:02:25,12.95,12.9,2400,13.05,1200,0,297600
AXISBANK30JAN20710PE.NFO,07/01/2020,11:02:28,12.95,13,8400,13.15,1200,0,297600
AXISBANK30JAN20710PE.NFO,07/01/2020,11:02:28,12.95,13,8400,13.2,6000,0,297600
AXISBANK30JAN20710PE.NFO,07/01/2020,11:02:29,12.95,12.95,7200,13.15,4800,0,297600
AXISBANK30JAN20710PE.NFO,07/01/2020,11:02:30,13,12.9,2400,13.1,4800,1200,297600
AXISBANK30JAN20710PE.NFO,07/01/2020,11:02:31,13,12.9,3600,13.1,3600,0,297600
AXISBANK30JAN20710PE.NFO,07/01/2020,11:02:33,13,12.9,3600,13.1,4800,0,297600
AXISBANK30JAN20710PE.NFO,07/01/2020,11:02:33,13,12.9,6000,13.05,1200,0,297600
AXISBANK30JAN20710PE.NFO,07/01/2020,11:02:35,13,12.95,2400,13.1,3600,0,297600
AXISBANK30JAN20710PE.NFO,07/01/2020,11:02:35,13,12.9,6000,13.05,1200,0,297600
AXISBANK30JAN20710PE.NFO,07/01/2020,11:02:36,13,12.85,9600,13.05,2400,1200,295200
AXISBANK30JAN20710PE.NFO,07/01/2020,11:02:39,13,12.85,8400,13.05,2400,0,295200
AXISBANK30JAN20710PE.NFO,07/01/2020,11:02:40,13,12.85,4800,13,1200,0,295200
AXISBANK30JAN20710PE.NFO,07/01/2020,11:02:41,13,12.85,4800,13.05,1200,0,295200
AXISBANK30JAN20710PE.NFO,07/01/2020,11:02:42,13,12.85,8400,13.05,1200,0,295200
AXISBANK30JAN20710PE.NFO,07/01/2020,11:02:44,13,12.95,1200,13.15,2400,0,295200
AXISBANK30JAN20710PE.NFO,07/01/2020,11:02:46,13,12.95,4800,13.15,2400,0,295200
AXISBANK30JAN20710PE.NFO,07/01/2020,11:02:48,13,13,9600,13.2,4800,0,295200
AXISBANK30JAN20710PE.NFO,07/01/2020,11:02:49,13,13,9600,13.2,6000,0,295200
AXISBANK30JAN20710PE.NFO,07/01/2020,11:02:50,13,13,8400,13.2,4800,0,295200
AXISBANK30JAN20710PE.NFO,07/01/2020,11:02:51,13,13.15,7200,13.35,2400,0,295200
AXISBANK30JAN20710PE.NFO,07/01/2020,11:02:52,13,13.15,7200,13.35,4800,0,295200
AXISBANK30JAN20710PE.NFO,07/01/2020,11:02:53,13,13.15,4800,13.35,6000,0,295200
AXISBANK30JAN20710PE.NFO,07/01/2020,11:02:54,13,13.15,3600,13.3,1200,0,295200
AXISBANK30JAN20710PE.NFO,07/01/2020,11:02:55,13,13.05,6000,13.25,4800,0,295200
AXISBANK30JAN20710PE.NFO,07/01/2020,11:02:57,13,13.05,6000,13.25,3600,0,295200
AXISBANK30JAN20710PE.NFO,07/01/2020,11:02:58,13,13.05,6000,13.25,4800,0,295200
AXISBANK30JAN20710PE.NFO,07/01/2020,11:03:00,13,13.05,2400,13.2,2400,0,295200
AXISBANK30JAN20710PE.NFO,07/01/2020,11:03:01,13,13.15,4800,13.35,1200,0,295200
AXISBANK30JAN20710PE.NFO,07/01/2020,11:03:02,13,13.15,6000,13.35,1200,0,295200
AXISBANK30JAN20710PE.NFO,07/01/2020,11:03:02,13,13.2,9600,13.4,1200,0,295200
AXISBANK30JAN20710PE.NFO,07/01/2020,11:03:04,13,13.25,6000,13.45,4800,0,295200
AXISBANK30JAN20710PE.NFO,07/01/2020,11:03:05,13,13.25,8400,13.45,1200,0,295200
AXISBANK30JAN20710PE.NFO,07/01/2020,11:03:06,13,13.35,4800,13.55,4800,0,295200
AXISBANK30JAN20710PE.NFO,07/01/2020,11:03:07,13,13.4,1200,13.6,2400,0,295200
AXISBANK30JAN20710PE.NFO,07/01/2020,11:03:08,13,13.4,2400,13.6,2400,0,295200
AXISBANK30JAN20710PE.NFO,07/01/2020,11:03:09,13,13.4,3600,13.6,2400,0,295200
AXISBANK30JAN20710PE.NFO,07/01/2020,11:03:10,13,13.4,2400,13.55,1200,0,295200
AXISBANK30JAN20710PE.NFO,07/01/2020,11:03:11,13,13.35,8400,13.55,4800,0,295200
AXISBANK30JAN20710PE.NFO,07/01/2020,11:03:12,13,13.35,6000,13.55,3600,0,295200
AXISBANK30JAN20710PE.NFO,07/01/2020,11:03:15,13,13.5,3600,13.65,4800,0,295200
AXISBANK30JAN20710PE.NFO,07/01/2020,11:03:20,13.65,13.5,1200,13.6,1200,1200,295200
AXISBANK30JAN20710PE.NFO,07/01/2020,11:03:25,13.5,13.4,2400,13.55,3600,1200,295200
AXISBANK30JAN20710PE.NFO,07/01/2020,11:03:31,13.5,13.4,1200,13.55,2400,0,295200
AXISBANK30JAN20710PE.NFO,07/01/2020,11:03:36,13.5,13.45,1200,13.6,2400,1200,295200
AXISBANK30JAN20710PE.NFO,07/01/2020,11:03:42,13.5,13.35,6000,13.5,1200,0,295200
AXISBANK30JAN20710PE.NFO,07/01/2020,11:03:48,13.5,13.3,7200,13.5,1200,0,295200
AXISBANK30JAN20710PE.NFO,07/01/2020,11:03:55,13.5,13.45,6000,13.65,3600,0,295200
AXISBANK30JAN20710PE.NFO,07/01/2020,11:04:00,13.5,13.4,4800,13.55,1200,0,295200
AXISBANK30JAN20710PE.NFO,07/01/2020,11:04:06,13.5,13.55,3600,13.75,3600,0,295200
AXISBANK30JAN20710PE.NFO,07/01/2020,11:04:12,13.5,13.45,8400,13.65,1200,0,295200
AXISBANK30JAN20710PE.NFO,07/01/2020,11:04:18,13.7,13.55,6000,13.75,4800,1200,295200
AXISBANK30JAN20710PE.NFO,07/01/2020,11:04:24,13.7,13.45,4800,13.65,4800,0,295200
AXISBANK30JAN20710PE.NFO,07/01/2020,11:04:29,13.7,13.6,7200,13.7,1200,0,295200
AXISBANK30JAN20710PE.NFO,07/01/2020,11:04:35,13.7,14,3600,14.2,2400,1200,295200
AXISBANK30JAN20710PE.NFO,07/01/2020,11:04:41,13.7,13.9,8400,14.1,1200,0,295200
AXISBANK30JAN20710PE.NFO,07/01/2020,11:04:47,13.7,14,3600,14.15,2400,0,295200
AXISBANK30JAN20710PE.NFO,07/01/2020,11:04:53,14.1,13.85,1200,14.05,3600,2400,295200
AXISBANK30JAN20710PE.NFO,07/01/2020,11:04:58,14.1,13.9,6000,14.05,3600,0,295200
AXISBANK30JAN20710PE.NFO,07/01/2020,11:05:04,14.1,13.95,6000,14.15,7200,0,295200
AXISBANK30JAN20710PE.NFO,07/01/2020,11:05:10,14.1,13.9,4800,14.1,2400,0,295200
AXISBANK30JAN20710PE.NFO,07/01/2020,11:05:15,14.1,13.8,1200,13.95,3600,0,295200
AXISBANK30JAN20710PE.NFO,07/01/2020,11:05:21,13.7,13.75,2400,13.9,2400,2400,295200
AXISBANK30JAN20710PE.NFO,07/01/2020,11:05:26,13.7,13.75,1200,13.9,3600,0,295200
AXISBANK30JAN20710PE.NFO,07/01/2020,11:05:31,13.7,13.6,4800,13.75,1200,0,295200
AXISBANK30JAN20710PE.NFO,07/01/2020,11:05:37,13.7,13.55,3600,13.75,2400,0,295200
AXISBANK30JAN20710PE.NFO,07/01/2020,11:05:42,13.55,13.4,2400,13.6,1200,1200,295200
AXISBANK30JAN20710PE.NFO,07/01/2020,11:05:47,13.5,13.45,1200,13.6,2400,2400,290400
AXISBANK30JAN20710PE.NFO,07/01/2020,11:05:53,13.5,13.4,1200,13.55,4800,0,290400
AXISBANK30JAN20710PE.NFO,07/01/2020,11:05:59,13.5,13.35,2400,13.5,3600,0,290400
AXISBANK30JAN20710PE.NFO,07/01/2020,11:06:04,13.5,13.25,1200,13.4,2400,0,290400
AXISBANK30JAN20710PE.NFO,07/01/2020,11:06:11,13.2,13.15,2400,13.35,2400,1200,290400
AXISBANK30JAN20710PE.NFO,07/01/2020,11:06:18,13.2,13.15,3600,13.35,1200,0,290400
AXISBANK30JAN20710PE.NFO,07/01/2020,11:06:25,13.35,13.15,2400,13.25,1200,1200,290400
AXISBANK30JAN20710PE.NFO,07/01/2020,11:06:31,13.35,13.2,2400,13.35,1200,0,290400
AXISBANK30JAN20710PE.NFO,07/01/2020,11:06:35,13.4,13.3,4800,13.5,10800,1200,290400
AXISBANK30JAN20710PE.NFO,07/01/2020,11:06:39,13.4,13.3,3600,13.45,1200,0,290400
AXISBANK30JAN20710PE.NFO,07/01/2020,11:06:44,13.4,13.4,6000,13.55,1200,0,290400
AXISBANK30JAN20710PE.NFO,07/01/2020,11:06:50,13.4,13.55,2400,13.65,1200,0,290400
AXISBANK30JAN20710PE.NFO,07/01/2020,11:06:56,13.4,13.4,8400,13.55,1200,0,290400
AXISBANK30JAN20710PE.NFO,07/01/2020,11:07:01,13.4,13.45,1200,13.55,1200,0,290400
AXISBANK30JAN20710PE.NFO,07/01/2020,11:07:06,13.4,13.45,2400,13.6,2400,0,290400
AXISBANK30JAN20710PE.NFO,07/01/2020,11:07:11,13.4,13.55,4800,13.65,1200,0,290400
AXISBANK30JAN20710PE.NFO,07/01/2020,11:07:12,13.4,13.6,1200,13.7,1200,0,290400
AXISBANK30JAN20710PE.NFO,07/01/2020,11:07:21,13.4,13.5,6000,13.65,2400,0,290400
AXISBANK30JAN20710PE.NFO,07/01/2020,11:07:22,13.4,13.5,4800,13.6,1200,0,290400
AXISBANK30JAN20710PE.NFO,07/01/2020,11:07:23,13.4,13.55,1200,13.65,1200,0,290400
AXISBANK30JAN20710PE.NFO,07/01/2020,11:07:25,13.4,13.55,3600,13.7,2400,0,290400
AXISBANK30JAN20710PE.NFO,07/01/2020,11:07:26,13.4,13.55,3600,13.7,1200,0,290400
AXISBANK30JAN20710PE.NFO,07/01/2020,11:07:27,13.4,13.65,1200,13.75,1200,0,290400
AXISBANK30JAN20710PE.NFO,07/01/2020,11:07:28,13.4,13.65,1200,13.8,2400,0,290400
AXISBANK30JAN20710PE.NFO,07/01/2020,11:07:29,13.4,13.7,1200,13.85,2400,0,290400
AXISBANK30JAN20710PE.NFO,07/01/2020,11:07:30,13.4,13.7,2400,13.85,2400,0,290400
AXISBANK30JAN20710PE.NFO,07/01/2020,11:07:32,13.4,13.7,2400,13.85,1200,0,290400
AXISBANK30JAN20710PE.NFO,07/01/2020,11:07:33,13.4,13.75,6000,13.9,1200,0,290400
AXISBANK30JAN20710PE.NFO,07/01/2020,11:07:34,13.4,13.75,1200,13.85,1200,0,290400
AXISBANK30JAN20710PE.NFO,07/01/2020,11:07:35,13.4,13.7,3600,13.85,2400,0,290400
AXISBANK30JAN20710PE.NFO,07/01/2020,11:07:36,13.4,13.6,6000,13.75,1200,0,290400
AXISBANK30JAN20710PE.NFO,07/01/2020,11:07:41,13.4,13.65,2400,13.8,2400,0,290400
AXISBANK30JAN20710PE.NFO,07/01/2020,11:07:42,13.4,13.65,2400,13.8,3600,0,290400
AXISBANK30JAN20710PE.NFO,07/01/2020,11:07:43,13.4,13.65,2400,13.75,1200,0,290400
AXISBANK30JAN20710PE.NFO,07/01/2020,11:07:44,13.4,13.7,6000,13.85,1200,0,290400
AXISBANK30JAN20710PE.NFO,07/01/2020,11:07:45,13.4,13.7,3600,13.85,2400,0,290400
AXISBANK30JAN20710PE.NFO,07/01/2020,11:07:49,13.4,13.7,4800,13.85,2400,0,290400
AXISBANK30JAN20710PE.NFO,07/01/2020,11:07:50,13.4,13.7,2400,13.85,3600,0,290400
AXISBANK30JAN20710PE.NFO,07/01/2020,11:07:52,13.4,13.65,4800,13.8,1200,0,290400
AXISBANK30JAN20710PE.NFO,07/01/2020,11:07:55,13.4,13.7,2400,13.8,1200,0,290400
