Ticker,Date,Time,LTP,BuyPrice,BuyQty,SellPrice,SellQty,LTQ,OpenInterest
AXISBANK30JAN20830CE.NFO,07/01/2020,09:33:44,1.05,1,14400,1.15,12000,1200,111600
AXISBANK30JAN20830CE.NFO,07/01/2020,09:33:44,1.05,1,14400,1.15,12000,0,111600
AXISBANK30JAN20830CE.NFO,07/01/2020,09:33:44,1.05,1,14400,1.15,12000,0,111600
AXISBANK30JAN20830CE.NFO,07/01/2020,09:33:44,1.05,1,14400,1.15,12000,0,111600
AXISBANK30JAN20830CE.NFO,07/01/2020,09:33:49,1.05,1,14400,1.15,12000,0,111600
AXISBANK30JAN20830CE.NFO,07/01/2020,09:34:10,1.05,1,13200,1.15,12000,0,111600
AXISBANK30JAN20830CE.NFO,07/01/2020,09:34:29,1.05,1,1200,1.15,12000,0,111600
AXISBANK30JAN20830CE.NFO,07/01/2020,09:34:55,1.05,1,1200,1.1,13200,0,111600
AXISBANK30JAN20830CE.NFO,07/01/2020,09:38:04,1.05,1,13200,1.15,12000,0,111600
AXISBANK30JAN20830CE.NFO,07/01/2020,09:38:47,1.05,1,13200,1.15,1200,0,111600
AXISBANK30JAN20830CE.NFO,07/01/2020,09:39:20,1.05,1.05,13200,1.2,14400,0,111600
AXISBANK30JAN20830CE.NFO,07/01/2020,09:39:26,1.05,1.05,13200,1.2,2400,0,111600
AXISBANK30JAN20830CE.NFO,07/01/2020,09:39:32,1.05,1.05,14400,1.2,14400,0,111600
AXISBANK30JAN20830CE.NFO,07/01/2020,09:40:22,1.05,1.05,13200,1.2,14400,0,111600
AXISBANK30JAN20830CE.NFO,07/01/2020,09:40:27,1.05,1.1,1200,1.2,14400,0,111600
AXISBANK30JAN20830CE.NFO,07/01/2020,09:41:32,1.05,1.1,13200,1.2,14400,0,111600
AXISBANK30JAN20830CE.NFO,07/01/2020,09:41:36,1.05,1.1,13200,1.2,2400,0,111600
AXISBANK30JAN20830CE.NFO,07/01/2020,09:41:51,1.1,1.1,9600,1.2,2400,3600,111600
AXISBANK30JAN20830CE.NFO,07/01/2020,09:41:51,1.1,1.1,9600,1.2,2400,0,111600
AXISBANK30JAN20830CE.NFO,07/01/2020,09:43:02,1.1,1.1,9600,1.2,2400,0,111600
AXISBANK30JAN20830CE.NFO,07/01/2020,09:43:34,1.1,1.05,13200,1.2,14400,0,111600
AXISBANK30JAN20830CE.NFO,07/01/2020,09:43:43,1.1,1.05,13200,1.2,2400,0,111600
AXISBANK30JAN20830CE.NFO,07/01/2020,09:45:09,1.2,1.05,13200,1.25,3600,2400,114000
AXISBANK30JAN20830CE.NFO,07/01/2020,09:45:09,1.2,1.05,13200,1.25,3600,0,114000
AXISBANK30JAN20830CE.NFO,07/01/2020,09:45:16,1.2,1.1,13200,1.2,1200,0,114000
AXISBANK30JAN20830CE.NFO,07/01/2020,09:46:05,1.2,1.1,13200,1.25,3600,0,114000
AXISBANK30JAN20830CE.NFO,07/01/2020,09:46:14,1.2,1.1,13200,1.25,15600,0,114000
AXISBANK30JAN20830CE.NFO,07/01/2020,09:47:43,1.2,1.1,1200,1.25,15600,0,114000
AXISBANK30JAN20830CE.NFO,07/01/2020,09:49:47,1.1,1.05,2400,1.2,13200,1200,114000
AXISBANK30JAN20830CE.NFO,07/01/2020,09:49:59,1.1,1.05,2400,1.15,13200,0,114000
AXISBANK30JAN20830CE.NFO,07/01/2020,09:50:36,1.1,1.05,2400,1.15,13200,1200,111600
AXISBANK30JAN20830CE.NFO,07/01/2020,09:52:35,1.1,1.05,1200,1.15,13200,0,111600
AXISBANK30JAN20830CE.NFO,07/01/2020,09:52:57,1.05,1,1200,1.15,13200,1200,111600
AXISBANK30JAN20830CE.NFO,07/01/2020,09:53:00,1.05,1,1200,1.15,13200,0,111600
AXISBANK30JAN20830CE.NFO,07/01/2020,09:53:29,1.05,1,1200,1.1,13200,0,111600
AXISBANK30JAN20830CE.NFO,07/01/2020,09:55:04,1.05,1,13200,1.1,13200,0,111600
AXISBANK30JAN20830CE.NFO,07/01/2020,09:55:09,1.05,1,13200,1.15,13200,0,111600
AXISBANK30JAN20830CE.NFO,07/01/2020,10:00:40,1.05,0.95,13200,1.1,13200,0,111600
AXISBANK30JAN20830CE.NFO,07/01/2020,10:00:47,1.05,0.95,1200,1.1,13200,0,111600
AXISBANK30JAN20830CE.NFO,07/01/2020,10:00:59,1.05,0.95,13200,1.05,2400,0,111600
AXISBANK30JAN20830CE.NFO,07/01/2020,10:01:05,1.05,0.95,13200,1.05,1200,0,111600
AXISBANK30JAN20830CE.NFO,07/01/2020,10:03:09,1.05,0.9,13200,1.05,1200,0,111600
AXISBANK30JAN20830CE.NFO,07/01/2020,10:03:14,1.05,0.9,13200,1.05,13200,0,111600
AXISBANK30JAN20830CE.NFO,07/01/2020,10:08:32,1.05,0.9,13200,1.05,1200,0,111600
AXISBANK30JAN20830CE.NFO,07/01/2020,10:08:38,1.05,0.9,13200,1.1,12000,0,111600
AXISBANK30JAN20830CE.NFO,07/01/2020,10:09:31,1.05,0.9,13200,1.05,1200,0,111600
AXISBANK30JAN20830CE.NFO,07/01/2020,10:18:16,1.05,0.85,12000,1.05,1200,0,111600
AXISBANK30JAN20830CE.NFO,07/01/2020,10:18:24,1.05,0.95,12000,1.05,1200,0,111600
AXISBANK30JAN20830CE.NFO,07/01/2020,10:18:32,1.05,0.95,12000,1.1,12000,0,111600
AXISBANK30JAN20830CE.NFO,07/01/2020,10:18:42,1.05,0.9,13200,1.1,13200,0,111600
AXISBANK30JAN20830CE.NFO,07/01/2020,10:18:52,1.05,0.9,13200,1.05,1200,0,111600
AXISBANK30JAN20830CE.NFO,07/01/2020,10:22:38,1.05,0.9,13200,1.15,13200,1200,110400
AXISBANK30JAN20830CE.NFO,07/01/2020,10:23:54,1.05,0.9,13200,1.15,13200,0,110400
AXISBANK30JAN20830CE.NFO,07/01/2020,10:24:02,1.05,1,12000,1.15,13200,0,110400
AXISBANK30JAN20830CE.NFO,07/01/2020,10:24:10,1.05,0.95,12000,1.15,13200,0,110400
AXISBANK30JAN20830CE.NFO,07/01/2020,10:25:11,1.05,0.95,12000,1.1,1200,0,110400
AXISBANK30JAN20830CE.NFO,07/01/2020,10:25:33,1.05,0.95,12000,1.1,13200,0,110400
AXISBANK30JAN20830CE.NFO,07/01/2020,10:28:40,1.05,0.95,12000,1.05,1200,0,110400
AXISBANK30JAN20830CE.NFO,07/01/2020,10:29:08,1.05,0.95,12000,1.1,13200,0,110400
AXISBANK30JAN20830CE.NFO,07/01/2020,10:29:13,1.05,0.9,1200,1.1,13200,0,110400
AXISBANK30JAN20830CE.NFO,07/01/2020,10:29:15,1.05,0.95,12000,1.1,13200,0,110400
AXISBANK30JAN20830CE.NFO,07/01/2020,10:29:23,1.05,0.9,1200,1.1,13200,0,110400
AXISBANK30JAN20830CE.NFO,07/01/2020,10:29:27,1.05,0.95,12000,1.1,13200,0,110400
AXISBANK30JAN20830CE.NFO,07/01/2020,10:29:49,1.05,0.9,1200,1.1,13200,0,110400
AXISBANK30JAN20830CE.NFO,07/01/2020,10:29:52,1.05,0.95,12000,1.1,13200,0,110400
AXISBANK30JAN20830CE.NFO,07/01/2020,10:29:54,1.05,0.9,1200,1.1,13200,0,110400
AXISBANK30JAN20830CE.NFO,07/01/2020,10:29:57,1.05,0.95,12000,1.1,13200,0,110400
AXISBANK30JAN20830CE.NFO,07/01/2020,10:30:00,1.05,0.9,1200,1.1,13200,0,110400
AXISBANK30JAN20830CE.NFO,07/01/2020,10:30:04,1.05,0.95,12000,1.1,13200,0,110400
AXISBANK30JAN20830CE.NFO,07/01/2020,10:30:26,1.05,0.85,12000,1.1,13200,0,110400
AXISBANK30JAN20830CE.NFO,07/01/2020,10:30:27,1.05,0.95,12000,1.1,13200,0,110400
AXISBANK30JAN20830CE.NFO,07/01/2020,10:30:33,1.05,0.95,12000,1.1,1200,0,110400
AXISBANK30JAN20830CE.NFO,07/01/2020,10:31:05,1.05,0.95,12000,1.15,13200,0,110400
AXISBANK30JAN20830CE.NFO,07/01/2020,10:31:13,1.05,0.9,1200,1.15,13200,0,110400
AXISBANK30JAN20830CE.NFO,07/01/2020,10:31:13,1.05,0.95,12000,1.15,13200,0,110400
AXISBANK30JAN20830CE.NFO,07/01/2020,10:31:32,1.05,0.85,12000,1.15,13200,0,110400
AXISBANK30JAN20830CE.NFO,07/01/2020,10:31:33,1.05,0.95,12000,1.15,13200,0,110400
AXISBANK30JAN20830CE.NFO,07/01/2020,10:31:47,1.05,0.95,13200,1.15,13200,0,110400
AXISBANK30JAN20830CE.NFO,07/01/2020,10:32:08,1.05,0.95,13200,1.1,13200,0,110400
AXISBANK30JAN20830CE.NFO,07/01/2020,10:36:02,1.05,0.95,13200,1.05,1200,0,110400
AXISBANK30JAN20830CE.NFO,07/01/2020,10:38:24,1.05,0.95,13200,1.1,13200,1200,109200
AXISBANK30JAN20830CE.NFO,07/01/2020,10:39:03,1.05,0.95,13200,1.1,1200,0,109200
AXISBANK30JAN20830CE.NFO,07/01/2020,10:43:41,1.05,0.95,13200,1.1,13200,0,109200
AXISBANK30JAN20830CE.NFO,07/01/2020,10:49:22,1.05,0.95,14400,1.1,13200,0,109200
AXISBANK30JAN20830CE.NFO,07/01/2020,10:49:47,1.05,0.95,13200,1.1,13200,0,109200
AXISBANK30JAN20830CE.NFO,07/01/2020,10:51:27,1.05,0.9,13200,1.1,15600,0,109200
AXISBANK30JAN20830CE.NFO,07/01/2020,10:51:34,1.05,0.9,13200,1.1,13200,0,109200
AXISBANK30JAN20830CE.NFO,07/01/2020,10:58:25,1.05,0.85,12000,1.1,13200,0,109200
AXISBANK30JAN20830CE.NFO,07/01/2020,10:59:35,1.05,0.9,13200,1.1,13200,0,109200
AXISBANK30JAN20830CE.NFO,07/01/2020,10:59:45,1.05,0.85,12000,1.1,13200,0,109200
AXISBANK30JAN20830CE.NFO,07/01/2020,11:00:51,1.05,0.85,12000,1,12000,0,109200
AXISBANK30JAN20830CE.NFO,07/01/2020,11:01:06,1.05,0.8,13200,1,12000,0,109200
AXISBANK30JAN20830CE.NFO,07/01/2020,11:02:02,1.05,0.85,13200,1,12000,0,109200
AXISBANK30JAN20830CE.NFO,07/01/2020,11:02:34,1.05,0.85,12000,1,12000,0,109200
AXISBANK30JAN20830CE.NFO,07/01/2020,11:06:31,1.05,0.85,13200,1,12000,0,109200
AXISBANK30JAN20830CE.NFO,07/01/2020,11:10:23,0.9,0.85,13200,1,12000,1200,108000
AXISBANK30JAN20830CE.NFO,07/01/2020,11:10:23,0.9,0.85,13200,1,12000,0,108000
AXISBANK30JAN20830CE.NFO,07/01/2020,11:11:24,0.9,0.85,13200,1,12000,0,108000
AXISBANK30JAN20830CE.NFO,07/01/2020,11:11:31,0.9,0.85,1200,1,12000,0,108000
AXISBANK30JAN20830CE.NFO,07/01/2020,11:12:17,0.85,0.8,1200,1,16800,1200,109200
AXISBANK30JAN20830CE.NFO,07/01/2020,11:12:17,0.85,0.8,1200,1,16800,0,109200
AXISBANK30JAN20830CE.NFO,07/01/2020,11:12:23,0.85,0.8,1200,0.9,13200,0,109200
AXISBANK30JAN20830CE.NFO,07/01/2020,11:14:11,0.85,0.8,13200,0.9,13200,0,109200
AXISBANK30JAN20830CE.NFO,07/01/2020,11:14:33,0.85,0.75,4800,0.9,13200,0,109200
AXISBANK30JAN20830CE.NFO,07/01/2020,11:14:48,0.85,0.75,16800,0.9,13200,0,109200
AXISBANK30JAN20830CE.NFO,07/01/2020,11:15:11,0.85,0.8,3600,0.9,13200,0,109200
AXISBANK30JAN20830CE.NFO,07/01/2020,11:15:55,0.8,0.8,1200,0.9,13200,2400,109200
AXISBANK30JAN20830CE.NFO,07/01/2020,11:15:55,0.8,0.8,1200,0.9,13200,0,109200
AXISBANK30JAN20830CE.NFO,07/01/2020,11:16:01,0.8,0.75,13200,0.9,13200,1200,109200
AXISBANK30JAN20830CE.NFO,07/01/2020,11:16:07,0.8,0.75,1200,0.9,13200,0,109200
AXISBANK30JAN20830CE.NFO,07/01/2020,11:16:20,0.8,0.75,13200,0.9,13200,0,109200
AXISBANK30JAN20830CE.NFO,07/01/2020,11:17:37,0.8,0.75,1200,0.9,13200,0,109200
AXISBANK30JAN20830CE.NFO,07/01/2020,11:18:26,0.75,0.75,1200,0.9,18000,1200,109200
AXISBANK30JAN20830CE.NFO,07/01/2020,11:18:26,0.75,0.75,1200,0.9,18000,0,109200
AXISBANK30JAN20830CE.NFO,07/01/2020,11:18:36,0.75,0.7,16800,0.9,18000,1200,109200
AXISBANK30JAN20830CE.NFO,07/01/2020,11:18:42,0.75,0.7,16800,0.8,13200,0,109200
AXISBANK30JAN20830CE.NFO,07/01/2020,11:19:05,0.75,0.7,4800,0.8,13200,0,109200
AXISBANK30JAN20830CE.NFO,07/01/2020,11:20:58,0.75,0.7,16800,0.8,13200,0,109200
AXISBANK30JAN20830CE.NFO,07/01/2020,11:21:50,0.75,0.7,16800,0.8,1200,0,109200
AXISBANK30JAN20830CE.NFO,07/01/2020,11:30:50,0.75,0.7,16800,0.8,1200,0,111600
AXISBANK30JAN20830CE.NFO,07/01/2020,11:31:50,0.8,0.7,16800,0.85,12000,1200,111600
AXISBANK30JAN20830CE.NFO,07/01/2020,11:32:37,0.8,0.75,1200,0.85,12000,0,111600
AXISBANK30JAN20830CE.NFO,07/01/2020,11:34:58,0.8,0.75,13200,0.85,12000,0,111600
AXISBANK30JAN20830CE.NFO,07/01/2020,11:35:31,0.8,0.75,13200,0.9,13200,0,111600
AXISBANK30JAN20830CE.NFO,07/01/2020,11:39:44,0.8,0.75,1200,0.85,13200,0,111600
AXISBANK30JAN20830CE.NFO,07/01/2020,11:39:50,0.75,0.7,16800,0.85,13200,1200,111600
AXISBANK30JAN20830CE.NFO,07/01/2020,11:40:03,0.75,0.7,16800,0.8,1200,0,111600
AXISBANK30JAN20830CE.NFO,07/01/2020,11:42:01,0.75,0.7,16800,0.8,13200,0,111600
AXISBANK30JAN20830CE.NFO,07/01/2020,11:42:11,0.75,0.7,4800,0.8,13200,0,111600
AXISBANK30JAN20830CE.NFO,07/01/2020,11:44:43,0.75,0.7,16800,0.8,13200,0,111600
AXISBANK30JAN20830CE.NFO,07/01/2020,11:44:51,0.75,0.7,16800,0.8,1200,0,111600
AXISBANK30JAN20830CE.NFO,07/01/2020,11:46:19,0.75,0.75,1200,0.8,1200,0,111600
AXISBANK30JAN20830CE.NFO,07/01/2020,11:47:22,0.75,0.7,4800,0.8,13200,1200,111600
AXISBANK30JAN20830CE.NFO,07/01/2020,11:48:05,0.75,0.7,4800,0.8,13200,0,111600
AXISBANK30JAN20830CE.NFO,07/01/2020,11:48:22,0.75,0.7,4800,0.75,1200,0,111600
AXISBANK30JAN20830CE.NFO,07/01/2020,11:51:41,0.75,0.7,4800,0.8,13200,0,111600
AXISBANK30JAN20830CE.NFO,07/01/2020,11:51:44,0.75,0.7,4800,0.8,14400,0,111600
AXISBANK30JAN20830CE.NFO,07/01/2020,11:53:04,0.75,0.7,16800,0.8,14400,0,111600
AXISBANK30JAN20830CE.NFO,07/01/2020,11:54:02,0.75,0.7,4800,0.8,14400,0,111600
AXISBANK30JAN20830CE.NFO,07/01/2020,12:02:45,0.75,0.7,16800,0.8,14400,0,111600
AXISBANK30JAN20830CE.NFO,07/01/2020,12:05:37,0.75,0.7,16800,0.8,2400,0,111600
AXISBANK30JAN20830CE.NFO,07/01/2020,12:05:42,0.75,0.7,16800,0.8,1200,0,111600
AXISBANK30JAN20830CE.NFO,07/01/2020,12:09:24,0.75,0.75,1200,0.8,1200,0,111600
AXISBANK30JAN20830CE.NFO,07/01/2020,12:11:01,0.75,0.75,13200,0.8,1200,0,111600
AXISBANK30JAN20830CE.NFO,07/01/2020,12:12:11,0.75,0.75,1200,0.8,1200,0,111600
AXISBANK30JAN20830CE.NFO,07/01/2020,12:12:30,0.75,0.75,2400,0.8,1200,0,111600
AXISBANK30JAN20830CE.NFO,07/01/2020,12:13:10,0.8,0.75,14400,0.85,13200,1200,112800
AXISBANK30JAN20830CE.NFO,07/01/2020,12:13:17,0.8,0.75,14400,0.85,13200,0,112800
AXISBANK30JAN20830CE.NFO,07/01/2020,12:16:07,0.8,0.8,1200,0.85,13200,0,112800
AXISBANK30JAN20830CE.NFO,07/01/2020,12:17:20,0.8,0.75,14400,0.85,13200,1200,112800
AXISBANK30JAN20830CE.NFO,07/01/2020,12:17:23,0.8,0.75,2400,0.85,13200,0,112800
AXISBANK30JAN20830CE.NFO,07/01/2020,12:30:31,0.75,0.7,16800,0.85,13200,2400,112800
AXISBANK30JAN20830CE.NFO,07/01/2020,12:31:15,0.75,0.7,18000,0.85,13200,0,112800
AXISBANK30JAN20830CE.NFO,07/01/2020,12:32:35,0.75,0.7,6000,0.85,13200,0,112800
AXISBANK30JAN20830CE.NFO,07/01/2020,12:35:50,0.75,0.7,18000,0.85,13200,0,112800
AXISBANK30JAN20830CE.NFO,07/01/2020,12:46:54,0.75,0.7,6000,0.8,12000,0,112800
AXISBANK30JAN20830CE.NFO,07/01/2020,12:48:02,0.75,0.7,18000,0.8,12000,0,112800
AXISBANK30JAN20830CE.NFO,07/01/2020,12:48:18,0.75,0.7,18000,0.85,13200,0,112800
AXISBANK30JAN20830CE.NFO,07/01/2020,12:51:04,0.75,0.7,18000,0.85,1200,0,112800
AXISBANK30JAN20830CE.NFO,07/01/2020,12:52:07,0.75,0.7,18000,0.85,13200,0,112800
AXISBANK30JAN20830CE.NFO,07/01/2020,13:00:38,0.75,0.7,6000,0.85,13200,0,112800
AXISBANK30JAN20830CE.NFO,07/01/2020,13:01:03,0.7,0.7,3600,0.85,13200,2400,115200
AXISBANK30JAN20830CE.NFO,07/01/2020,13:01:03,0.7,0.7,3600,0.85,13200,0,115200
AXISBANK30JAN20830CE.NFO,07/01/2020,13:01:09,0.7,0.7,1200,0.8,16800,2400,115200
AXISBANK30JAN20830CE.NFO,07/01/2020,13:01:15,0.7,0.7,1200,0.75,1200,1200,115200
AXISBANK30JAN20830CE.NFO,07/01/2020,13:01:20,0.7,0.7,1200,0.75,13200,0,115200
AXISBANK30JAN20830CE.NFO,07/01/2020,13:01:32,0.7,0.7,1200,0.75,15600,0,115200
AXISBANK30JAN20830CE.NFO,07/01/2020,13:01:59,0.7,0.7,1200,0.75,3600,0,115200
AXISBANK30JAN20830CE.NFO,07/01/2020,13:05:08,0.7,0.7,1200,0.75,15600,0,115200
AXISBANK30JAN20830CE.NFO,07/01/2020,13:05:15,0.7,0.65,18000,0.75,16800,1200,121200
AXISBANK30JAN20830CE.NFO,07/01/2020,13:05:27,0.7,0.65,18000,0.75,16800,0,121200
AXISBANK30JAN20830CE.NFO,07/01/2020,13:06:19,0.7,0.65,6000,0.75,16800,0,121200
AXISBANK30JAN20830CE.NFO,07/01/2020,13:07:17,0.7,0.65,6000,0.75,16800,1200,122400
AXISBANK30JAN20830CE.NFO,07/01/2020,13:09:20,0.7,0.65,6000,0.75,16800,0,122400
AXISBANK30JAN20830CE.NFO,07/01/2020,13:10:41,0.7,0.65,6000,0.7,1200,0,122400
AXISBANK30JAN20830CE.NFO,07/01/2020,13:10:49,0.7,0.65,6000,0.75,16800,0,122400
AXISBANK30JAN20830CE.NFO,07/01/2020,13:10:58,0.7,0.65,18000,0.75,16800,0,122400
AXISBANK30JAN20830CE.NFO,07/01/2020,13:11:43,0.7,0.65,18000,0.75,4800,0,122400
AXISBANK30JAN20830CE.NFO,07/01/2020,13:13:46,0.7,0.65,19200,0.75,4800,0,122400
AXISBANK30JAN20830CE.NFO,07/01/2020,13:15:10,0.7,0.65,19200,0.75,16800,0,122400
AXISBANK30JAN20830CE.NFO,07/01/2020,13:15:18,0.7,0.65,19200,0.7,1200,0,122400
AXISBANK30JAN20830CE.NFO,07/01/2020,13:15:32,0.7,0.65,19200,0.7,2400,0,122400
AXISBANK30JAN20830CE.NFO,07/01/2020,13:15:38,0.7,0.65,7200,0.7,2400,0,122400
AXISBANK30JAN20830CE.NFO,07/01/2020,13:16:05,0.7,0.65,19200,0.75,15600,2400,123600
AXISBANK30JAN20830CE.NFO,07/01/2020,13:16:28,0.7,0.65,19200,0.7,1200,0,123600
AXISBANK30JAN20830CE.NFO,07/01/2020,13:16:51,0.7,0.65,7200,0.7,1200,0,123600
AXISBANK30JAN20830CE.NFO,07/01/2020,13:18:24,0.7,0.65,7200,0.75,15600,0,123600
AXISBANK30JAN20830CE.NFO,07/01/2020,13:18:40,0.7,0.65,19200,0.75,15600,0,123600
AXISBANK30JAN20830CE.NFO,07/01/2020,13:19:02,0.7,0.7,2400,0.75,3600,0,123600
AXISBANK30JAN20830CE.NFO,07/01/2020,13:19:17,0.7,0.7,3600,0.75,3600,0,123600
AXISBANK30JAN20830CE.NFO,07/01/2020,13:19:22,0.7,0.7,4800,0.75,3600,0,123600
AXISBANK30JAN20830CE.NFO,07/01/2020,13:21:22,0.7,0.7,4800,0.75,15600,0,123600
AXISBANK30JAN20830CE.NFO,07/01/2020,13:21:45,0.7,0.7,10800,0.75,15600,0,123600
AXISBANK30JAN20830CE.NFO,07/01/2020,13:22:36,0.7,0.7,8400,0.75,15600,2400,123600
AXISBANK30JAN20830CE.NFO,07/01/2020,13:23:04,0.7,0.7,8400,0.75,15600,0,123600
AXISBANK30JAN20830CE.NFO,07/01/2020,13:24:40,0.7,0.7,8400,0.75,3600,0,123600
AXISBANK30JAN20830CE.NFO,07/01/2020,13:24:54,0.7,0.7,8400,0.75,2400,0,123600
AXISBANK30JAN20830CE.NFO,07/01/2020,13:25:46,0.75,0.7,8400,0.75,1200,1200,123600
AXISBANK30JAN20830CE.NFO,07/01/2020,13:27:21,0.75,0.7,8400,0.75,1200,0,123600
AXISBANK30JAN20830CE.NFO,07/01/2020,13:27:56,0.75,0.7,8400,0.75,2400,0,123600
AXISBANK30JAN20830CE.NFO,07/01/2020,13:29:43,0.75,0.7,8400,0.75,2400,0,122400
AXISBANK30JAN20830CE.NFO,07/01/2020,13:33:24,0.7,0.65,19200,0.75,14400,8400,122400
AXISBANK30JAN20830CE.NFO,07/01/2020,13:33:45,0.7,0.65,19200,0.75,2400,0,122400
AXISBANK30JAN20830CE.NFO,07/01/2020,13:34:17,0.7,0.65,7200,0.75,2400,0,122400
AXISBANK30JAN20830CE.NFO,07/01/2020,13:35:32,0.7,0.65,7200,0.75,1200,0,122400
AXISBANK30JAN20830CE.NFO,07/01/2020,13:35:38,0.7,0.65,19200,0.75,1200,0,122400
AXISBANK30JAN20830CE.NFO,07/01/2020,13:40:33,0.7,0.7,1200,0.75,1200,0,122400
AXISBANK30JAN20830CE.NFO,07/01/2020,13:40:38,0.7,0.7,13200,0.75,1200,0,122400
AXISBANK30JAN20830CE.NFO,07/01/2020,13:40:50,0.75,0.7,13200,0.8,16800,1200,128400
AXISBANK30JAN20830CE.NFO,07/01/2020,13:41:00,0.7,0.7,12000,0.75,1200,1200,128400
AXISBANK30JAN20830CE.NFO,07/01/2020,13:41:21,0.7,0.7,12000,0.75,1200,0,128400
AXISBANK30JAN20830CE.NFO,07/01/2020,13:41:32,0.7,0.65,19200,0.75,1200,0,128400
AXISBANK30JAN20830CE.NFO,07/01/2020,13:41:47,0.7,0.65,19200,0.75,4800,0,128400
AXISBANK30JAN20830CE.NFO,07/01/2020,13:41:58,0.7,0.65,19200,0.75,6000,0,128400
AXISBANK30JAN20830CE.NFO,07/01/2020,13:42:25,0.75,0.65,19200,0.75,4800,1200,128400
AXISBANK30JAN20830CE.NFO,07/01/2020,13:42:44,0.75,0.65,19200,0.75,3600,1200,128400
AXISBANK30JAN20830CE.NFO,07/01/2020,13:42:48,0.75,0.7,1200,0.75,2400,0,128400
AXISBANK30JAN20830CE.NFO,07/01/2020,13:42:56,0.75,0.7,13200,0.75,1200,1200,128400
AXISBANK30JAN20830CE.NFO,07/01/2020,13:43:03,0.75,0.7,13200,0.8,3600,1200,128400
AXISBANK30JAN20830CE.NFO,07/01/2020,13:43:21,0.75,0.7,13200,0.8,2400,0,128400
AXISBANK30JAN20830CE.NFO,07/01/2020,13:43:58,0.75,0.7,16800,0.8,2400,0,128400
AXISBANK30JAN20830CE.NFO,07/01/2020,13:46:48,0.8,0.7,16800,0.9,13200,2400,129600
AXISBANK30JAN20830CE.NFO,07/01/2020,13:47:38,0.8,0.7,20400,0.9,13200,0,129600
AXISBANK30JAN20830CE.NFO,07/01/2020,13:49:22,0.8,0.7,20400,0.9,14400,0,129600
AXISBANK30JAN20830CE.NFO,07/01/2020,13:49:41,0.8,0.75,1200,0.9,14400,0,129600
AXISBANK30JAN20830CE.NFO,07/01/2020,13:51:41,0.75,0.7,20400,0.85,14400,1200,126000
AXISBANK30JAN20830CE.NFO,07/01/2020,13:54:02,0.75,0.7,20400,0.8,12000,0,126000
AXISBANK30JAN20830CE.NFO,07/01/2020,13:54:41,0.75,0.7,20400,0.85,14400,0,126000
AXISBANK30JAN20830CE.NFO,07/01/2020,13:54:56,0.75,0.7,20400,0.85,13200,0,126000
AXISBANK30JAN20830CE.NFO,07/01/2020,13:54:59,0.75,0.7,19200,0.85,13200,0,126000
AXISBANK30JAN20830CE.NFO,07/01/2020,14:04:25,0.75,0.7,19200,0.85,12000,0,126000
AXISBANK30JAN20830CE.NFO,07/01/2020,14:04:39,0.75,0.7,20400,0.85,12000,0,126000
AXISBANK30JAN20830CE.NFO,07/01/2020,14:04:44,0.75,0.7,20400,0.85,13200,0,126000
AXISBANK30JAN20830CE.NFO,07/01/2020,14:04:47,0.75,0.7,20400,0.8,1200,0,126000
AXISBANK30JAN20830CE.NFO,07/01/2020,14:10:01,0.75,0.7,20400,0.85,13200,0,126000
AXISBANK30JAN20830CE.NFO,07/01/2020,14:33:20,0.75,0.7,20400,0.85,13200,0,115200
AXISBANK30JAN20830CE.NFO,07/01/2020,14:39:59,0.75,0.7,20400,0.85,1200,0,115200
AXISBANK30JAN20830CE.NFO,07/01/2020,14:45:20,0.75,0.7,20400,0.85,13200,0,115200
AXISBANK30JAN20830CE.NFO,07/01/2020,14:46:35,0.75,0.7,20400,0.85,1200,0,115200
AXISBANK30JAN20830CE.NFO,07/01/2020,14:53:23,0.75,0.7,20400,0.9,1200,0,115200
AXISBANK30JAN20830CE.NFO,07/01/2020,14:55:30,0.9,0.7,20400,0.9,3600,1200,115200
AXISBANK30JAN20830CE.NFO,07/01/2020,14:55:35,0.9,0.75,13200,0.9,4800,0,115200
AXISBANK30JAN20830CE.NFO,07/01/2020,15:03:40,0.9,0.75,12000,0.9,4800,0,115200
AXISBANK30JAN20830CE.NFO,07/01/2020,15:19:10,0.9,0.75,12000,0.9,3600,1200,115200
AXISBANK30JAN20830CE.NFO,07/01/2020,15:24:47,0.9,0.75,12000,0.9,3600,0,115200
AXISBANK30JAN20830CE.NFO,07/01/2020,15:24:52,0.9,0.75,1200,0.9,3600,0,115200
AXISBANK30JAN20830CE.NFO,07/01/2020,15:29:05,0.9,0.75,1200,0.9,2400,0,115200
AXISBANK30JAN20830CE.NFO,07/01/2020,15:29:56,0.9,0.75,1200,0.95,1200,0,115200
