Ticker,Date,Time,LTP,BuyPrice,BuyQty,SellPrice,SellQty,LTQ,OpenInterest
BAJAJ-AUTO30JAN203000PE.NFO,07/01/2020,09:15:28,45,40.3,250,54.75,500,1000,32750
BAJAJ-AUTO30JAN203000PE.NFO,07/01/2020,09:15:28,45,40.3,250,54.75,500,0,32750
BAJAJ-AUTO30JAN203000PE.NFO,07/01/2020,09:15:28,45,40.3,250,54.75,500,0,32750
BAJAJ-AUTO30JAN203000PE.NFO,07/01/2020,09:15:28,45,40.3,250,54.75,500,0,32750
BAJAJ-AUTO30JAN203000PE.NFO,07/01/2020,09:15:40,45,41.35,250,54.7,1750,0,32750
BAJAJ-AUTO30JAN203000PE.NFO,07/01/2020,09:15:53,41.35,40.35,250,54.2,1250,250,32750
BAJAJ-AUTO30JAN203000PE.NFO,07/01/2020,09:15:53,41.35,40.35,250,54.2,1250,0,32750
BAJAJ-AUTO30JAN203000PE.NFO,07/01/2020,09:16:04,41.35,41.7,250,48.4,250,0,32750
BAJAJ-AUTO30JAN203000PE.NFO,07/01/2020,09:16:15,41.35,41.9,250,48.4,250,0,32750
BAJAJ-AUTO30JAN203000PE.NFO,07/01/2020,09:16:33,41.35,41.9,250,48,250,0,32750
BAJAJ-AUTO30JAN203000PE.NFO,07/01/2020,09:16:43,41.35,41.9,250,47.9,250,0,32750
BAJAJ-AUTO30JAN203000PE.NFO,07/01/2020,09:16:52,41.35,42.1,250,47.9,250,0,32750
BAJAJ-AUTO30JAN203000PE.NFO,07/01/2020,09:17:17,41.35,42.05,250,47.3,250,0,32750
BAJAJ-AUTO30JAN203000PE.NFO,07/01/2020,09:17:25,41.35,42.05,250,47.2,250,0,32750
BAJAJ-AUTO30JAN203000PE.NFO,07/01/2020,09:17:34,41.35,42,500,47.2,250,0,32750
BAJAJ-AUTO30JAN203000PE.NFO,07/01/2020,09:18:00,42,42,250,47.2,250,250,33750
BAJAJ-AUTO30JAN203000PE.NFO,07/01/2020,09:18:08,42,42,250,46.8,250,0,33750
BAJAJ-AUTO30JAN203000PE.NFO,07/01/2020,09:18:15,42,42,250,46.5,250,0,33750
BAJAJ-AUTO30JAN203000PE.NFO,07/01/2020,09:18:23,42,42.05,250,46.5,250,250,33750
BAJAJ-AUTO30JAN203000PE.NFO,07/01/2020,09:18:31,42,42.05,250,46.5,250,0,33750
BAJAJ-AUTO30JAN203000PE.NFO,07/01/2020,09:18:39,42,42.45,250,46.5,250,0,33750
BAJAJ-AUTO30JAN203000PE.NFO,07/01/2020,09:18:54,42,42.95,250,46.5,250,0,33750
BAJAJ-AUTO30JAN203000PE.NFO,07/01/2020,09:19:09,42,42.65,250,45.9,250,0,33750
BAJAJ-AUTO30JAN203000PE.NFO,07/01/2020,09:19:17,42,42.4,250,45,250,0,33750
BAJAJ-AUTO30JAN203000PE.NFO,07/01/2020,09:19:25,42,41.05,250,44.4,250,0,33750
BAJAJ-AUTO30JAN203000PE.NFO,07/01/2020,09:19:33,42,41.2,250,43.9,250,0,33750
BAJAJ-AUTO30JAN203000PE.NFO,07/01/2020,09:19:40,42,41.2,250,43.5,250,0,33750
BAJAJ-AUTO30JAN203000PE.NFO,07/01/2020,09:19:48,42,41.2,250,43,250,0,33750
BAJAJ-AUTO30JAN203000PE.NFO,07/01/2020,09:20:12,42,41.3,250,43,250,0,33750
BAJAJ-AUTO30JAN203000PE.NFO,07/01/2020,09:20:35,43,41.5,250,44.3,250,250,33500
BAJAJ-AUTO30JAN203000PE.NFO,07/01/2020,09:20:43,43,42,250,44.65,250,0,33500
BAJAJ-AUTO30JAN203000PE.NFO,07/01/2020,09:20:50,43,42.1,250,44.8,250,0,33500
BAJAJ-AUTO30JAN203000PE.NFO,07/01/2020,09:20:58,43,42.2,250,44.35,250,0,33500
BAJAJ-AUTO30JAN203000PE.NFO,07/01/2020,09:21:05,43,42.5,250,44.7,250,0,33500
BAJAJ-AUTO30JAN203000PE.NFO,07/01/2020,09:21:13,43,42.45,250,44.65,250,0,33500
BAJAJ-AUTO30JAN203000PE.NFO,07/01/2020,09:21:28,43,42.55,250,44.7,250,0,33500
BAJAJ-AUTO30JAN203000PE.NFO,07/01/2020,09:21:35,43,42.65,250,44.85,250,0,33500
BAJAJ-AUTO30JAN203000PE.NFO,07/01/2020,09:21:42,43,42.65,250,44.75,250,0,33500
BAJAJ-AUTO30JAN203000PE.NFO,07/01/2020,09:21:50,43,42.75,250,44.8,500,0,33500
BAJAJ-AUTO30JAN203000PE.NFO,07/01/2020,09:21:56,43,42.65,250,44.8,500,0,33500
BAJAJ-AUTO30JAN203000PE.NFO,07/01/2020,09:22:03,43,42.75,250,44.8,500,0,33500
BAJAJ-AUTO30JAN203000PE.NFO,07/01/2020,09:22:11,43,42.6,250,44.3,250,250,33500
BAJAJ-AUTO30JAN203000PE.NFO,07/01/2020,09:22:18,43,43.75,250,46.1,250,0,33500
BAJAJ-AUTO30JAN203000PE.NFO,07/01/2020,09:22:26,43,43.75,250,45.65,750,0,33500
BAJAJ-AUTO30JAN203000PE.NFO,07/01/2020,09:22:32,43,43.7,250,45.65,250,0,33500
BAJAJ-AUTO30JAN203000PE.NFO,07/01/2020,09:22:40,43,43.8,250,46,250,0,33500
BAJAJ-AUTO30JAN203000PE.NFO,07/01/2020,09:22:46,43,44.3,250,46.55,250,0,33500
BAJAJ-AUTO30JAN203000PE.NFO,07/01/2020,09:22:52,43,44.1,250,46.1,250,0,33500
BAJAJ-AUTO30JAN203000PE.NFO,07/01/2020,09:22:58,43,43.9,250,45.8,250,0,33500
BAJAJ-AUTO30JAN203000PE.NFO,07/01/2020,09:23:05,43,44.3,500,46.25,250,0,33500
BAJAJ-AUTO30JAN203000PE.NFO,07/01/2020,09:23:12,43,44.15,250,46.05,250,0,33500
BAJAJ-AUTO30JAN203000PE.NFO,07/01/2020,09:23:19,43,44.4,250,46.4,250,0,33500
BAJAJ-AUTO30JAN203000PE.NFO,07/01/2020,09:23:25,43,44.55,250,46.55,250,0,33500
BAJAJ-AUTO30JAN203000PE.NFO,07/01/2020,09:23:32,43,43.65,250,45.6,750,0,33500
BAJAJ-AUTO30JAN203000PE.NFO,07/01/2020,09:23:38,43,43.75,250,45.65,250,0,33500
BAJAJ-AUTO30JAN203000PE.NFO,07/01/2020,09:23:45,43,43.3,250,44.65,250,0,33500
BAJAJ-AUTO30JAN203000PE.NFO,07/01/2020,09:23:51,43,43.55,250,45.3,250,0,33500
BAJAJ-AUTO30JAN203000PE.NFO,07/01/2020,09:23:58,43,43.1,250,44.75,250,0,33500
BAJAJ-AUTO30JAN203000PE.NFO,07/01/2020,09:24:05,44.8,43.45,250,45.2,250,250,33250
BAJAJ-AUTO30JAN203000PE.NFO,07/01/2020,09:24:12,44.8,43.45,250,45.15,250,0,33250
BAJAJ-AUTO30JAN203000PE.NFO,07/01/2020,09:24:13,44.8,43.55,250,45.15,250,0,33250
BAJAJ-AUTO30JAN203000PE.NFO,07/01/2020,09:24:15,44.8,43.5,250,45.15,250,0,33250
BAJAJ-AUTO30JAN203000PE.NFO,07/01/2020,09:24:19,44.8,43.55,250,45.15,250,0,33250
BAJAJ-AUTO30JAN203000PE.NFO,07/01/2020,09:24:20,44.8,43.5,250,45.15,250,0,33250
BAJAJ-AUTO30JAN203000PE.NFO,07/01/2020,09:24:21,44.8,43.45,250,45.15,250,0,33250
BAJAJ-AUTO30JAN203000PE.NFO,07/01/2020,09:24:24,44.8,43.35,250,45.1,250,0,33250
BAJAJ-AUTO30JAN203000PE.NFO,07/01/2020,09:24:25,44.8,43.45,250,45.1,250,0,33250
BAJAJ-AUTO30JAN203000PE.NFO,07/01/2020,09:24:32,44.8,43.05,250,44.9,500,0,33250
BAJAJ-AUTO30JAN203000PE.NFO,07/01/2020,09:24:34,44.8,43.05,250,44.9,250,0,33250
BAJAJ-AUTO30JAN203000PE.NFO,07/01/2020,09:24:41,44.8,43.2,250,45.05,250,0,33250
BAJAJ-AUTO30JAN203000PE.NFO,07/01/2020,09:24:42,44.8,43.15,250,44.95,250,0,33250
BAJAJ-AUTO30JAN203000PE.NFO,07/01/2020,09:24:42,44.8,43.25,250,45,250,0,33250
BAJAJ-AUTO30JAN203000PE.NFO,07/01/2020,09:24:44,44.8,43.25,250,45.05,250,0,33250
BAJAJ-AUTO30JAN203000PE.NFO,07/01/2020,09:24:45,44.8,43.35,250,45.05,250,0,33250
BAJAJ-AUTO30JAN203000PE.NFO,07/01/2020,09:24:45,44.8,43.35,500,45.1,250,0,33250
BAJAJ-AUTO30JAN203000PE.NFO,07/01/2020,09:24:47,44.8,43.2,250,45.05,500,0,33250
BAJAJ-AUTO30JAN203000PE.NFO,07/01/2020,09:24:49,44.8,43.4,250,45.05,250,0,33250
BAJAJ-AUTO30JAN203000PE.NFO,07/01/2020,09:24:49,44.8,43.15,250,44.85,500,0,33250
BAJAJ-AUTO30JAN203000PE.NFO,07/01/2020,09:24:51,44.8,43,250,44.65,250,0,33250
BAJAJ-AUTO30JAN203000PE.NFO,07/01/2020,09:24:54,44.8,42.95,500,44.9,250,0,33250
BAJAJ-AUTO30JAN203000PE.NFO,07/01/2020,09:24:55,44.8,43.3,500,45.15,500,0,33250
BAJAJ-AUTO30JAN203000PE.NFO,07/01/2020,09:24:57,44.8,43.35,250,44.8,250,0,33250
BAJAJ-AUTO30JAN203000PE.NFO,07/01/2020,09:24:59,43.35,42.75,250,44.65,750,250,33250
BAJAJ-AUTO30JAN203000PE.NFO,07/01/2020,09:24:59,43.35,42.75,250,44.65,750,0,33250
BAJAJ-AUTO30JAN203000PE.NFO,07/01/2020,09:25:00,43.35,42.75,250,44.55,750,0,33250
BAJAJ-AUTO30JAN203000PE.NFO,07/01/2020,09:25:01,43.35,42.75,250,44.35,500,0,33250
BAJAJ-AUTO30JAN203000PE.NFO,07/01/2020,09:25:03,43.35,42.75,250,44.25,500,0,33250
BAJAJ-AUTO30JAN203000PE.NFO,07/01/2020,09:25:07,43.35,42.35,250,44.1,500,0,33250
BAJAJ-AUTO30JAN203000PE.NFO,07/01/2020,09:25:09,43.35,42.35,500,44,250,0,33250
BAJAJ-AUTO30JAN203000PE.NFO,07/01/2020,09:25:20,43.35,42.65,500,44.4,500,0,33250
BAJAJ-AUTO30JAN203000PE.NFO,07/01/2020,09:25:27,43.35,42.9,250,44.75,750,0,33250
BAJAJ-AUTO30JAN203000PE.NFO,07/01/2020,09:25:34,43.35,42.75,250,44.6,250,0,33250
BAJAJ-AUTO30JAN203000PE.NFO,07/01/2020,09:25:42,43.35,43.05,250,44.8,250,0,33250
BAJAJ-AUTO30JAN203000PE.NFO,07/01/2020,09:25:54,43.35,43.05,250,44.75,500,0,33250
BAJAJ-AUTO30JAN203000PE.NFO,07/01/2020,09:26:05,43.35,43.7,250,45.4,500,0,33250
BAJAJ-AUTO30JAN203000PE.NFO,07/01/2020,09:26:13,43.35,43.6,250,45.4,500,0,33250
BAJAJ-AUTO30JAN203000PE.NFO,07/01/2020,09:26:15,43.35,43.7,250,45.4,500,0,33250
BAJAJ-AUTO30JAN203000PE.NFO,07/01/2020,09:26:16,43.35,43.65,250,45.4,500,0,33250
BAJAJ-AUTO30JAN203000PE.NFO,07/01/2020,09:26:23,43.35,44,250,45.75,500,0,33250
BAJAJ-AUTO30JAN203000PE.NFO,07/01/2020,09:26:26,43.35,43.95,250,45.75,500,0,33250
BAJAJ-AUTO30JAN203000PE.NFO,07/01/2020,09:26:27,43.35,43.9,250,44.95,250,0,33250
BAJAJ-AUTO30JAN203000PE.NFO,07/01/2020,09:26:29,43.35,43.85,250,45.8,250,0,33250
BAJAJ-AUTO30JAN203000PE.NFO,07/01/2020,09:26:30,43.35,43.85,250,45.65,500,0,33250
BAJAJ-AUTO30JAN203000PE.NFO,07/01/2020,09:26:32,43.35,43.8,250,45.65,500,0,33250
BAJAJ-AUTO30JAN203000PE.NFO,07/01/2020,09:26:34,43.35,43.85,500,45.65,500,0,33250
BAJAJ-AUTO30JAN203000PE.NFO,07/01/2020,09:27:09,43.35,44.35,250,45.75,250,0,33250
BAJAJ-AUTO30JAN203000PE.NFO,07/01/2020,09:27:09,43.35,44.5,500,46,500,0,33250
BAJAJ-AUTO30JAN203000PE.NFO,07/01/2020,09:27:22,46,45.15,250,46.75,500,250,33250
BAJAJ-AUTO30JAN203000PE.NFO,07/01/2020,09:27:22,46,45.15,250,46.75,500,0,33250
BAJAJ-AUTO30JAN203000PE.NFO,07/01/2020,09:27:28,46,45.55,250,47,250,0,33250
BAJAJ-AUTO30JAN203000PE.NFO,07/01/2020,09:27:34,46,46.05,250,47.85,250,0,33250
BAJAJ-AUTO30JAN203000PE.NFO,07/01/2020,09:27:40,46,46.5,250,48,500,0,33250
BAJAJ-AUTO30JAN203000PE.NFO,07/01/2020,09:27:45,46,46,250,47.6,250,0,33250
BAJAJ-AUTO30JAN203000PE.NFO,07/01/2020,09:27:50,46,45.3,250,47,250,0,33250
BAJAJ-AUTO30JAN203000PE.NFO,07/01/2020,09:28:05,46,45.4,250,47.05,250,0,33250
BAJAJ-AUTO30JAN203000PE.NFO,07/01/2020,09:28:12,46,45.75,250,47.25,250,0,33250
BAJAJ-AUTO30JAN203000PE.NFO,07/01/2020,09:28:13,46,45.95,500,47.9,250,0,33250
BAJAJ-AUTO30JAN203000PE.NFO,07/01/2020,09:28:14,46,45.9,500,47.4,250,0,33250
BAJAJ-AUTO30JAN203000PE.NFO,07/01/2020,09:28:15,46,45.8,250,47.25,250,0,33250
BAJAJ-AUTO30JAN203000PE.NFO,07/01/2020,09:28:22,46,46.3,250,47.85,500,0,33250
BAJAJ-AUTO30JAN203000PE.NFO,07/01/2020,09:28:23,46,46.25,250,47.55,250,0,33250
BAJAJ-AUTO30JAN203000PE.NFO,07/01/2020,09:28:27,46,46.25,250,47,250,0,33250
BAJAJ-AUTO30JAN203000PE.NFO,07/01/2020,09:28:44,46,46.25,250,47.5,500,0,33250
BAJAJ-AUTO30JAN203000PE.NFO,07/01/2020,09:28:52,46,46,250,47.4,250,0,33250
BAJAJ-AUTO30JAN203000PE.NFO,07/01/2020,09:28:56,46,45.95,250,47.35,250,0,33250
BAJAJ-AUTO30JAN203000PE.NFO,07/01/2020,09:29:04,46,45.8,250,47.35,250,0,33250
BAJAJ-AUTO30JAN203000PE.NFO,07/01/2020,09:29:05,46,45.75,250,47.35,250,0,33250
BAJAJ-AUTO30JAN203000PE.NFO,07/01/2020,09:29:06,46,45.7,250,47.35,250,0,33250
BAJAJ-AUTO30JAN203000PE.NFO,07/01/2020,09:29:07,46,45.65,250,47.35,250,0,33250
BAJAJ-AUTO30JAN203000PE.NFO,07/01/2020,09:29:08,46,45.65,250,47.25,250,0,33250
BAJAJ-AUTO30JAN203000PE.NFO,07/01/2020,09:29:16,46,45.55,250,47.15,250,0,33250
BAJAJ-AUTO30JAN203000PE.NFO,07/01/2020,09:29:22,46,45.5,250,47.25,500,0,33250
BAJAJ-AUTO30JAN203000PE.NFO,07/01/2020,09:29:28,45.6,45.55,750,47.85,750,250,33250
BAJAJ-AUTO30JAN203000PE.NFO,07/01/2020,09:29:34,45.6,45.75,500,47.85,750,0,33250
BAJAJ-AUTO30JAN203000PE.NFO,07/01/2020,09:29:40,45.6,45.55,250,47.2,250,0,33250
BAJAJ-AUTO30JAN203000PE.NFO,07/01/2020,09:29:53,45.6,45.6,250,47.2,250,0,33250
BAJAJ-AUTO30JAN203000PE.NFO,07/01/2020,09:29:58,45.6,45.35,250,46.95,250,0,33250
BAJAJ-AUTO30JAN203000PE.NFO,07/01/2020,09:30:05,45.6,45.25,750,47,250,0,33250
BAJAJ-AUTO30JAN203000PE.NFO,07/01/2020,09:30:12,45.6,45.35,250,47.1,250,0,33250
BAJAJ-AUTO30JAN203000PE.NFO,07/01/2020,09:30:12,45.6,45.35,500,47,250,0,33250
BAJAJ-AUTO30JAN203000PE.NFO,07/01/2020,09:30:13,45.6,45.4,750,47.2,500,0,33250
BAJAJ-AUTO30JAN203000PE.NFO,07/01/2020,09:30:14,45.6,45.4,250,46.95,250,0,33250
BAJAJ-AUTO30JAN203000PE.NFO,07/01/2020,09:30:15,45.6,45.45,500,47.1,250,0,33250
BAJAJ-AUTO30JAN203000PE.NFO,07/01/2020,09:30:26,45.6,45.4,250,47.15,250,0,33250
BAJAJ-AUTO30JAN203000PE.NFO,07/01/2020,09:30:27,45.6,45.25,250,46.95,250,0,33250
BAJAJ-AUTO30JAN203000PE.NFO,07/01/2020,09:30:28,45.6,45.25,250,47.1,250,0,33250
BAJAJ-AUTO30JAN203000PE.NFO,07/01/2020,09:30:29,45.6,45.5,250,47.05,250,0,33250
BAJAJ-AUTO30JAN203000PE.NFO,07/01/2020,09:30:32,45.6,45.35,250,47.1,250,0,33250
BAJAJ-AUTO30JAN203000PE.NFO,07/01/2020,09:30:32,45.6,45.7,250,47.2,500,0,33250
BAJAJ-AUTO30JAN203000PE.NFO,07/01/2020,09:30:34,45.6,45.45,250,47.2,500,0,33250
BAJAJ-AUTO30JAN203000PE.NFO,07/01/2020,09:30:35,45.6,45.3,250,46.95,250,0,33250
BAJAJ-AUTO30JAN203000PE.NFO,07/01/2020,09:30:37,45.6,45.6,250,46.85,250,0,33250
BAJAJ-AUTO30JAN203000PE.NFO,07/01/2020,09:30:43,45.6,45.1,250,46.8,250,0,33250
BAJAJ-AUTO30JAN203000PE.NFO,07/01/2020,09:30:45,45.6,45.35,500,47.1,250,0,33250
BAJAJ-AUTO30JAN203000PE.NFO,07/01/2020,09:30:46,45.6,45.35,500,47,250,0,33250
BAJAJ-AUTO30JAN203000PE.NFO,07/01/2020,09:30:55,45.6,45.35,250,46.9,250,0,33250
BAJAJ-AUTO30JAN203000PE.NFO,07/01/2020,09:30:55,45.6,45.1,250,46.8,250,0,33250
BAJAJ-AUTO30JAN203000PE.NFO,07/01/2020,09:30:57,45.6,44.95,250,46.55,250,0,33250
BAJAJ-AUTO30JAN203000PE.NFO,07/01/2020,09:30:59,45.6,45.05,250,46.55,250,0,33250
BAJAJ-AUTO30JAN203000PE.NFO,07/01/2020,09:31:00,45.6,44.7,250,46.5,500,0,33250
BAJAJ-AUTO30JAN203000PE.NFO,07/01/2020,09:31:03,45.6,44.8,500,46.5,500,0,33250
BAJAJ-AUTO30JAN203000PE.NFO,07/01/2020,09:31:05,45.6,44.75,250,46.4,500,0,33250
BAJAJ-AUTO30JAN203000PE.NFO,07/01/2020,09:31:07,45.6,44.9,750,46.55,500,0,33250
BAJAJ-AUTO30JAN203000PE.NFO,07/01/2020,09:31:07,45.6,44.75,250,46.55,500,0,33250
BAJAJ-AUTO30JAN203000PE.NFO,07/01/2020,09:31:08,45.6,44.85,250,46.55,500,0,33250
BAJAJ-AUTO30JAN203000PE.NFO,07/01/2020,09:31:09,45.6,44.85,500,46.55,500,0,33250
BAJAJ-AUTO30JAN203000PE.NFO,07/01/2020,09:31:11,45.6,44.8,250,46.55,500,0,33250
BAJAJ-AUTO30JAN203000PE.NFO,07/01/2020,09:31:12,45.6,44.8,250,46.45,500,0,33250
BAJAJ-AUTO30JAN203000PE.NFO,07/01/2020,09:31:15,45.6,44.75,1000,46.15,250,0,33250
BAJAJ-AUTO30JAN203000PE.NFO,07/01/2020,09:31:21,45.6,44.55,1250,46.2,250,0,33250
BAJAJ-AUTO30JAN203000PE.NFO,07/01/2020,09:31:27,45.6,44.55,1500,46.2,250,0,33250
BAJAJ-AUTO30JAN203000PE.NFO,07/01/2020,09:31:38,45.6,44.55,1500,46.1,250,0,33250
BAJAJ-AUTO30JAN203000PE.NFO,07/01/2020,09:31:43,45.6,44.55,1250,46.2,250,0,33250
BAJAJ-AUTO30JAN203000PE.NFO,07/01/2020,09:31:49,45.6,44.5,1000,46.35,750,0,33250
BAJAJ-AUTO30JAN203000PE.NFO,07/01/2020,09:31:53,45.6,44.6,250,46.35,750,0,33250
BAJAJ-AUTO30JAN203000PE.NFO,07/01/2020,09:31:58,45.6,44.55,250,46.35,500,0,33250
BAJAJ-AUTO30JAN203000PE.NFO,07/01/2020,09:32:02,46.35,44.75,1000,46.25,250,250,33250
BAJAJ-AUTO30JAN203000PE.NFO,07/01/2020,09:32:02,46.35,44.75,1000,46.25,250,0,33250
BAJAJ-AUTO30JAN203000PE.NFO,07/01/2020,09:32:08,46.35,45.3,500,46.75,250,0,33250
BAJAJ-AUTO30JAN203000PE.NFO,07/01/2020,09:32:12,46.35,45.35,750,46.75,500,0,33250
BAJAJ-AUTO30JAN203000PE.NFO,07/01/2020,09:32:14,46.75,45.15,500,46.75,250,250,33000
BAJAJ-AUTO30JAN203000PE.NFO,07/01/2020,09:32:14,46.75,45.15,500,46.75,250,0,33000
BAJAJ-AUTO30JAN203000PE.NFO,07/01/2020,09:32:15,46.75,45.15,500,46.75,250,0,33000
BAJAJ-AUTO30JAN203000PE.NFO,07/01/2020,09:32:21,46.75,44.4,250,46.65,250,0,33000
BAJAJ-AUTO30JAN203000PE.NFO,07/01/2020,09:32:22,46.75,44.9,250,46.65,250,0,33000
BAJAJ-AUTO30JAN203000PE.NFO,07/01/2020,09:32:24,46.75,45.25,750,46.65,250,0,33000
BAJAJ-AUTO30JAN203000PE.NFO,07/01/2020,09:32:26,46.75,44.65,250,46.65,250,0,33000
BAJAJ-AUTO30JAN203000PE.NFO,07/01/2020,09:32:27,46.75,45.15,250,46.65,250,0,33000
BAJAJ-AUTO30JAN203000PE.NFO,07/01/2020,09:32:29,46.75,44.9,500,46.65,250,0,33000
BAJAJ-AUTO30JAN203000PE.NFO,07/01/2020,09:32:29,46.75,44.9,250,46.65,250,0,33000
BAJAJ-AUTO30JAN203000PE.NFO,07/01/2020,09:32:30,46.75,44.6,250,46.65,250,0,33000
BAJAJ-AUTO30JAN203000PE.NFO,07/01/2020,09:32:31,46.75,44.65,250,46.65,250,0,33000
BAJAJ-AUTO30JAN203000PE.NFO,07/01/2020,09:32:33,46.75,44.9,500,46.65,250,0,33000
BAJAJ-AUTO30JAN203000PE.NFO,07/01/2020,09:32:44,46.75,45.15,250,46.65,250,0,33000
BAJAJ-AUTO30JAN203000PE.NFO,07/01/2020,09:32:44,46.75,45.05,500,46.65,250,0,33000
BAJAJ-AUTO30JAN203000PE.NFO,07/01/2020,09:32:45,46.75,45.5,250,46.75,250,0,33000
BAJAJ-AUTO30JAN203000PE.NFO,07/01/2020,09:32:49,46.75,45,500,46.8,250,0,33000
BAJAJ-AUTO30JAN203000PE.NFO,07/01/2020,09:32:50,46.75,45.1,500,46.8,250,0,33000
BAJAJ-AUTO30JAN203000PE.NFO,07/01/2020,09:32:51,46.75,45.2,500,46.8,250,0,33000
BAJAJ-AUTO30JAN203000PE.NFO,07/01/2020,09:32:55,46.75,45.2,250,46.8,250,0,33000
BAJAJ-AUTO30JAN203000PE.NFO,07/01/2020,09:32:57,46.75,44.95,250,46.8,250,0,33000
BAJAJ-AUTO30JAN203000PE.NFO,07/01/2020,09:33:20,46.75,45.5,750,47.2,250,0,33000
BAJAJ-AUTO30JAN203000PE.NFO,07/01/2020,09:33:20,46.75,45.5,750,47.15,250,0,33000
BAJAJ-AUTO30JAN203000PE.NFO,07/01/2020,09:33:21,46.75,45.7,500,47.15,250,0,33000
BAJAJ-AUTO30JAN203000PE.NFO,07/01/2020,09:33:23,46.75,45.6,500,47.15,250,0,33000
BAJAJ-AUTO30JAN203000PE.NFO,07/01/2020,09:33:24,46.75,45.3,250,47.25,250,0,33000
BAJAJ-AUTO30JAN203000PE.NFO,07/01/2020,09:33:26,46.75,45.15,1500,47.25,250,0,33000
BAJAJ-AUTO30JAN203000PE.NFO,07/01/2020,09:33:30,46.75,45.65,750,47.25,250,0,33000
BAJAJ-AUTO30JAN203000PE.NFO,07/01/2020,09:33:31,46.75,45.85,750,47.3,250,0,33000
BAJAJ-AUTO30JAN203000PE.NFO,07/01/2020,09:33:38,46.75,45.45,500,47.35,250,0,33000
BAJAJ-AUTO30JAN203000PE.NFO,07/01/2020,09:33:39,46.75,45.45,250,47.35,250,0,33000
BAJAJ-AUTO30JAN203000PE.NFO,07/01/2020,09:33:49,46.75,45.8,250,47.4,250,0,33000
BAJAJ-AUTO30JAN203000PE.NFO,07/01/2020,09:33:50,46.75,45.5,250,47.4,250,0,33000
BAJAJ-AUTO30JAN203000PE.NFO,07/01/2020,09:33:51,46.75,45.4,250,47.4,250,0,33000
BAJAJ-AUTO30JAN203000PE.NFO,07/01/2020,09:33:52,46.75,45.45,250,47.4,250,0,33000
BAJAJ-AUTO30JAN203000PE.NFO,07/01/2020,09:33:53,46.75,45.5,250,47.4,250,0,33000
BAJAJ-AUTO30JAN203000PE.NFO,07/01/2020,09:33:54,46.75,45.45,250,47.4,250,0,33000
BAJAJ-AUTO30JAN203000PE.NFO,07/01/2020,09:33:55,46.75,45.8,750,47.4,250,0,33000
BAJAJ-AUTO30JAN203000PE.NFO,07/01/2020,09:34:16,46.75,45.35,1000,47.4,250,0,33000
BAJAJ-AUTO30JAN203000PE.NFO,07/01/2020,09:34:35,46.75,45.7,750,47.4,250,0,33000
BAJAJ-AUTO30JAN203000PE.NFO,07/01/2020,09:34:37,46.75,45.9,500,47.4,250,0,33000
BAJAJ-AUTO30JAN203000PE.NFO,07/01/2020,09:34:37,46.75,45.85,750,47.4,250,0,33000
BAJAJ-AUTO30JAN203000PE.NFO,07/01/2020,09:34:39,46.75,45.8,500,47.4,250,0,33000
BAJAJ-AUTO30JAN203000PE.NFO,07/01/2020,09:34:40,46.75,45.5,250,47.4,250,0,33000
BAJAJ-AUTO30JAN203000PE.NFO,07/01/2020,09:34:41,46.75,45.6,500,47.4,250,0,33000
BAJAJ-AUTO30JAN203000PE.NFO,07/01/2020,09:34:42,46.75,45.6,250,47.4,250,0,33000
BAJAJ-AUTO30JAN203000PE.NFO,07/01/2020,09:34:53,46.75,45.5,750,47.4,250,0,33000
BAJAJ-AUTO30JAN203000PE.NFO,07/01/2020,09:34:53,46.75,45.4,500,47.4,250,0,33000
BAJAJ-AUTO30JAN203000PE.NFO,07/01/2020,09:34:54,46.75,45.45,250,47.4,250,0,33000
BAJAJ-AUTO30JAN203000PE.NFO,07/01/2020,09:35:42,46.75,45.35,250,47.4,250,0,33000
BAJAJ-AUTO30JAN203000PE.NFO,07/01/2020,09:35:49,46.75,45.5,250,47.4,250,0,33000
BAJAJ-AUTO30JAN203000PE.NFO,07/01/2020,09:36:14,46.75,45,250,47.25,250,0,33000
BAJAJ-AUTO30JAN203000PE.NFO,07/01/2020,09:36:51,46.75,45,250,47.15,250,0,33000
BAJAJ-AUTO30JAN203000PE.NFO,07/01/2020,09:37:26,47.15,45.25,750,47.1,250,250,33250
BAJAJ-AUTO30JAN203000PE.NFO,07/01/2020,09:37:26,47.15,45.25,750,47.1,250,0,33250
BAJAJ-AUTO30JAN203000PE.NFO,07/01/2020,09:37:30,47.15,44.8,250,47.1,250,0,33250
BAJAJ-AUTO30JAN203000PE.NFO,07/01/2020,09:37:36,47.15,45.05,250,47.1,250,0,33250
BAJAJ-AUTO30JAN203000PE.NFO,07/01/2020,09:37:41,47.15,44.7,250,47.1,500,0,33250
BAJAJ-AUTO30JAN203000PE.NFO,07/01/2020,09:37:46,47.15,44.75,250,47.1,500,0,33250
BAJAJ-AUTO30JAN203000PE.NFO,07/01/2020,09:38:09,47.15,45.25,250,47.1,500,0,33250
BAJAJ-AUTO30JAN203000PE.NFO,07/01/2020,09:38:14,47.15,45.5,750,47.1,250,0,33250
BAJAJ-AUTO30JAN203000PE.NFO,07/01/2020,09:38:18,47.15,45.8,500,47.3,250,0,33250
BAJAJ-AUTO30JAN203000PE.NFO,07/01/2020,09:38:23,47.15,45.75,750,47.3,250,0,33250
BAJAJ-AUTO30JAN203000PE.NFO,07/01/2020,09:38:28,47.15,45.95,500,47.9,250,0,33250
BAJAJ-AUTO30JAN203000PE.NFO,07/01/2020,09:38:33,47.15,46,500,47.9,250,0,33250
BAJAJ-AUTO30JAN203000PE.NFO,07/01/2020,09:38:37,47.15,46.1,500,47.9,250,0,33250
BAJAJ-AUTO30JAN203000PE.NFO,07/01/2020,09:38:42,47.15,45.95,250,47.8,250,0,33250
BAJAJ-AUTO30JAN203000PE.NFO,07/01/2020,09:38:47,47.15,45.95,250,47.7,250,0,33250
BAJAJ-AUTO30JAN203000PE.NFO,07/01/2020,09:39:13,47.15,46.05,500,47.5,250,0,33250
BAJAJ-AUTO30JAN203000PE.NFO,07/01/2020,09:39:18,47.15,46,250,47.4,250,0,33250
BAJAJ-AUTO30JAN203000PE.NFO,07/01/2020,09:39:21,47.15,46,250,47.3,250,0,33250
BAJAJ-AUTO30JAN203000PE.NFO,07/01/2020,09:39:22,47.15,46,250,47.05,250,0,33250
BAJAJ-AUTO30JAN203000PE.NFO,07/01/2020,09:39:24,47.15,46,250,47.15,500,0,33250
BAJAJ-AUTO30JAN203000PE.NFO,07/01/2020,09:39:28,47.15,46,250,47.15,250,0,33250
BAJAJ-AUTO30JAN203000PE.NFO,07/01/2020,09:39:39,47.15,46,250,47.2,250,0,33250
BAJAJ-AUTO30JAN203000PE.NFO,07/01/2020,09:39:55,47.15,46,250,47.25,250,0,33250
BAJAJ-AUTO30JAN203000PE.NFO,07/01/2020,09:39:56,47.15,46,250,47.3,500,250,33250
BAJAJ-AUTO30JAN203000PE.NFO,07/01/2020,09:39:57,47.15,46,250,47.3,250,0,33250
BAJAJ-AUTO30JAN203000PE.NFO,07/01/2020,09:39:59,47.15,46.2,250,47.9,250,0,33250
BAJAJ-AUTO30JAN203000PE.NFO,07/01/2020,09:40:00,47.15,46.25,250,47.9,250,0,33250
BAJAJ-AUTO30JAN203000PE.NFO,07/01/2020,09:40:01,47.15,46,250,47.65,250,0,33250
BAJAJ-AUTO30JAN203000PE.NFO,07/01/2020,09:40:02,47.15,46,250,47.55,250,0,33250
BAJAJ-AUTO30JAN203000PE.NFO,07/01/2020,09:40:03,47.15,46,250,47.4,250,0,33250
BAJAJ-AUTO30JAN203000PE.NFO,07/01/2020,09:40:05,47.15,46,250,47.45,250,0,33250
BAJAJ-AUTO30JAN203000PE.NFO,07/01/2020,09:40:05,47.15,46,250,47.45,500,0,33250
BAJAJ-AUTO30JAN203000PE.NFO,07/01/2020,09:40:08,47.15,46,250,47.3,250,0,33250
BAJAJ-AUTO30JAN203000PE.NFO,07/01/2020,09:40:10,47.15,46,250,47.35,500,0,33250
BAJAJ-AUTO30JAN203000PE.NFO,07/01/2020,09:40:16,47.15,46.05,250,47.65,500,0,33250
BAJAJ-AUTO30JAN203000PE.NFO,07/01/2020,09:40:27,47.15,46.1,250,47.75,500,0,33250
BAJAJ-AUTO30JAN203000PE.NFO,07/01/2020,09:40:38,47.15,47,250,47.6,250,0,33250
BAJAJ-AUTO30JAN203000PE.NFO,07/01/2020,09:40:47,47.15,47,250,47.5,250,0,33250
BAJAJ-AUTO30JAN203000PE.NFO,07/01/2020,09:40:52,47,46.1,250,47.7,250,250,33250
BAJAJ-AUTO30JAN203000PE.NFO,07/01/2020,09:40:57,47,46.15,250,47.7,250,0,33250
BAJAJ-AUTO30JAN203000PE.NFO,07/01/2020,09:41:12,47,46.05,250,47.6,250,0,33250
BAJAJ-AUTO30JAN203000PE.NFO,07/01/2020,09:41:22,47,46,500,47.25,250,0,33250
BAJAJ-AUTO30JAN203000PE.NFO,07/01/2020,09:41:27,47,46,500,47.15,500,0,33250
BAJAJ-AUTO30JAN203000PE.NFO,07/01/2020,09:41:37,47,46,500,47,500,0,33250
BAJAJ-AUTO30JAN203000PE.NFO,07/01/2020,09:41:45,47,46,500,46.9,500,0,33250
BAJAJ-AUTO30JAN203000PE.NFO,07/01/2020,09:41:57,47,46,500,46.8,250,0,33250
BAJAJ-AUTO30JAN203000PE.NFO,07/01/2020,09:42:16,46,46,250,46.55,500,250,33750
BAJAJ-AUTO30JAN203000PE.NFO,07/01/2020,09:42:23,46,46,250,46.55,500,0,33750
BAJAJ-AUTO30JAN203000PE.NFO,07/01/2020,09:42:30,46,46,250,46.5,500,0,33750
BAJAJ-AUTO30JAN203000PE.NFO,07/01/2020,09:42:50,46.5,46.1,250,47,250,250,33750
BAJAJ-AUTO30JAN203000PE.NFO,07/01/2020,09:42:56,46.5,47.2,500,48.35,250,0,33750
BAJAJ-AUTO30JAN203000PE.NFO,07/01/2020,09:43:02,46.5,47.5,500,48.35,250,0,33750
BAJAJ-AUTO30JAN203000PE.NFO,07/01/2020,09:43:08,46.5,47.45,750,49.2,250,0,33750
BAJAJ-AUTO30JAN203000PE.NFO,07/01/2020,09:43:12,46.5,47.55,500,49,500,0,33750
BAJAJ-AUTO30JAN203000PE.NFO,07/01/2020,09:43:13,46.5,47.6,250,48.95,250,0,33750
BAJAJ-AUTO30JAN203000PE.NFO,07/01/2020,09:43:14,46.5,47.65,250,48.95,250,0,33750
BAJAJ-AUTO30JAN203000PE.NFO,07/01/2020,09:43:15,46.5,47.75,250,48.95,250,0,33750
BAJAJ-AUTO30JAN203000PE.NFO,07/01/2020,09:43:17,46.5,47.85,250,48.95,250,0,33750
BAJAJ-AUTO30JAN203000PE.NFO,07/01/2020,09:43:18,46.5,47.65,250,48.95,250,0,33750
BAJAJ-AUTO30JAN203000PE.NFO,07/01/2020,09:43:19,46.5,47.8,250,48.95,250,0,33750
BAJAJ-AUTO30JAN203000PE.NFO,07/01/2020,09:43:20,46.5,47.8,250,49,250,0,33750
BAJAJ-AUTO30JAN203000PE.NFO,07/01/2020,09:43:22,46.5,47.8,250,48.95,250,0,33750
BAJAJ-AUTO30JAN203000PE.NFO,07/01/2020,09:43:24,46.5,47.8,250,48.9,250,0,33750
BAJAJ-AUTO30JAN203000PE.NFO,07/01/2020,09:43:25,46.5,47.8,250,48.95,250,0,33750
BAJAJ-AUTO30JAN203000PE.NFO,07/01/2020,09:43:26,46.5,47.8,250,49,250,0,33750
BAJAJ-AUTO30JAN203000PE.NFO,07/01/2020,09:43:28,46.5,47.85,500,49.05,500,0,33750
BAJAJ-AUTO30JAN203000PE.NFO,07/01/2020,09:43:29,46.5,47.8,250,48.95,500,0,33750
BAJAJ-AUTO30JAN203000PE.NFO,07/01/2020,09:43:30,46.5,47.8,250,49.05,500,0,33750
BAJAJ-AUTO30JAN203000PE.NFO,07/01/2020,09:43:32,46.5,48.05,750,49.15,250,0,33750
BAJAJ-AUTO30JAN203000PE.NFO,07/01/2020,09:43:33,46.5,48.1,250,49.2,500,0,33750
BAJAJ-AUTO30JAN203000PE.NFO,07/01/2020,09:43:34,46.5,48.05,250,49.2,250,0,33750
BAJAJ-AUTO30JAN203000PE.NFO,07/01/2020,09:43:35,46.5,48.05,250,49.25,500,0,33750
BAJAJ-AUTO30JAN203000PE.NFO,07/01/2020,09:43:36,46.5,48.05,250,49.15,500,0,33750
BAJAJ-AUTO30JAN203000PE.NFO,07/01/2020,09:43:37,46.5,48.05,250,49.1,500,0,33750
BAJAJ-AUTO30JAN203000PE.NFO,07/01/2020,09:43:39,46.5,48.05,250,49.25,500,0,33750
BAJAJ-AUTO30JAN203000PE.NFO,07/01/2020,09:43:40,46.5,48.25,500,49.35,500,0,33750
BAJAJ-AUTO30JAN203000PE.NFO,07/01/2020,09:43:41,46.5,48,250,49.25,250,0,33750
BAJAJ-AUTO30JAN203000PE.NFO,07/01/2020,09:43:42,46.5,48.25,250,49.3,250,0,33750
BAJAJ-AUTO30JAN203000PE.NFO,07/01/2020,09:43:43,46.5,48.25,250,49.25,250,0,33750
BAJAJ-AUTO30JAN203000PE.NFO,07/01/2020,09:43:44,46.5,48,250,49.25,250,0,33750
BAJAJ-AUTO30JAN203000PE.NFO,07/01/2020,09:43:45,46.5,48.25,250,49.3,250,0,33750
BAJAJ-AUTO30JAN203000PE.NFO,07/01/2020,09:43:46,46.5,48.25,250,49.25,250,0,33750
BAJAJ-AUTO30JAN203000PE.NFO,07/01/2020,09:43:48,46.5,48.25,250,49.3,500,0,33750
BAJAJ-AUTO30JAN203000PE.NFO,07/01/2020,09:43:56,46.5,48.25,250,49.3,250,0,33750
BAJAJ-AUTO30JAN203000PE.NFO,07/01/2020,09:44:07,46.5,48.25,250,49.4,250,0,33750
BAJAJ-AUTO30JAN203000PE.NFO,07/01/2020,09:44:08,46.5,49,250,50,250,0,33750
BAJAJ-AUTO30JAN203000PE.NFO,07/01/2020,09:44:10,46.5,49.05,250,50,250,0,33750
BAJAJ-AUTO30JAN203000PE.NFO,07/01/2020,09:44:11,50,50.05,250,51.15,250,250,33750
BAJAJ-AUTO30JAN203000PE.NFO,07/01/2020,09:44:11,50,50.05,250,51.15,250,0,33750
BAJAJ-AUTO30JAN203000PE.NFO,07/01/2020,09:44:12,50,50.15,250,51.25,250,0,33750
BAJAJ-AUTO30JAN203000PE.NFO,07/01/2020,09:44:13,50,50.35,250,51.55,250,0,33750
BAJAJ-AUTO30JAN203000PE.NFO,07/01/2020,09:44:13,50,50,250,51.5,250,0,33750
BAJAJ-AUTO30JAN203000PE.NFO,07/01/2020,09:44:14,50,50.05,250,51.35,250,0,33750
BAJAJ-AUTO30JAN203000PE.NFO,07/01/2020,09:44:15,50,50.15,250,51.25,500,0,33750
BAJAJ-AUTO30JAN203000PE.NFO,07/01/2020,09:44:16,50,50.35,250,51.6,250,0,33750
BAJAJ-AUTO30JAN203000PE.NFO,07/01/2020,09:44:17,50,50.4,250,51.5,500,0,33750
BAJAJ-AUTO30JAN203000PE.NFO,07/01/2020,09:44:18,50,50.7,250,51.75,500,0,33750
BAJAJ-AUTO30JAN203000PE.NFO,07/01/2020,09:44:19,50,50.5,250,51.6,250,0,33750
BAJAJ-AUTO30JAN203000PE.NFO,07/01/2020,09:44:20,50,50.25,250,51.5,250,0,33750
BAJAJ-AUTO30JAN203000PE.NFO,07/01/2020,09:44:21,50,50.05,250,51.25,250,0,33750
BAJAJ-AUTO30JAN203000PE.NFO,07/01/2020,09:44:22,50,50.2,250,51.25,250,0,33750
BAJAJ-AUTO30JAN203000PE.NFO,07/01/2020,09:44:23,50,50.1,250,51.25,250,0,33750
BAJAJ-AUTO30JAN203000PE.NFO,07/01/2020,09:44:25,50,49.55,500,51.1,250,0,33750
BAJAJ-AUTO30JAN203000PE.NFO,07/01/2020,09:44:26,50,49.25,500,50.9,250,0,33750
BAJAJ-AUTO30JAN203000PE.NFO,07/01/2020,09:44:27,50,49.15,250,50.75,250,0,33750
BAJAJ-AUTO30JAN203000PE.NFO,07/01/2020,09:44:28,50,49.2,250,50.55,500,0,33750
BAJAJ-AUTO30JAN203000PE.NFO,07/01/2020,09:44:29,50,49.45,250,50.55,250,0,33750
BAJAJ-AUTO30JAN203000PE.NFO,07/01/2020,09:44:30,50,49.5,250,50.55,250,0,33750
BAJAJ-AUTO30JAN203000PE.NFO,07/01/2020,09:44:31,50,49.25,500,50.55,250,0,33750
BAJAJ-AUTO30JAN203000PE.NFO,07/01/2020,09:44:31,50,48.2,250,50.45,250,0,33750
BAJAJ-AUTO30JAN203000PE.NFO,07/01/2020,09:44:32,50,49.3,500,50.55,250,0,33750
BAJAJ-AUTO30JAN203000PE.NFO,07/01/2020,09:44:33,50,49.5,250,50.6,500,0,33750
BAJAJ-AUTO30JAN203000PE.NFO,07/01/2020,09:44:34,50,48.65,1000,50.6,500,0,33750
BAJAJ-AUTO30JAN203000PE.NFO,07/01/2020,09:44:35,50,49.05,750,50.6,500,0,33750
BAJAJ-AUTO30JAN203000PE.NFO,07/01/2020,09:44:38,50,50,250,50.55,250,0,33750
BAJAJ-AUTO30JAN203000PE.NFO,07/01/2020,09:44:39,50,50,250,50.7,250,0,33750
BAJAJ-AUTO30JAN203000PE.NFO,07/01/2020,09:44:40,50,50.05,250,50.9,250,0,33750
BAJAJ-AUTO30JAN203000PE.NFO,07/01/2020,09:44:42,50,50.05,250,51,250,0,33750
BAJAJ-AUTO30JAN203000PE.NFO,07/01/2020,09:44:43,50,50.15,250,51,250,0,33750
BAJAJ-AUTO30JAN203000PE.NFO,07/01/2020,09:44:46,50,50.15,250,51.05,250,0,33750
BAJAJ-AUTO30JAN203000PE.NFO,07/01/2020,09:44:47,50,50.15,250,51.1,250,0,33750
BAJAJ-AUTO30JAN203000PE.NFO,07/01/2020,09:44:50,50,50.15,250,51.15,250,0,33750
BAJAJ-AUTO30JAN203000PE.NFO,07/01/2020,09:45:02,50,50.15,250,51.2,250,0,33750
BAJAJ-AUTO30JAN203000PE.NFO,07/01/2020,09:45:06,50,50.1,250,51.1,250,0,33750
BAJAJ-AUTO30JAN203000PE.NFO,07/01/2020,09:45:09,50,50,250,50.95,250,0,33750
BAJAJ-AUTO30JAN203000PE.NFO,07/01/2020,09:45:09,50,50,250,50.85,250,0,33750
BAJAJ-AUTO30JAN203000PE.NFO,07/01/2020,09:45:13,50,50,250,50.9,250,0,33750
BAJAJ-AUTO30JAN203000PE.NFO,07/01/2020,09:45:15,50,50,250,50.95,250,0,33750
BAJAJ-AUTO30JAN203000PE.NFO,07/01/2020,09:45:16,50,49.1,750,50.55,250,250,33750
BAJAJ-AUTO30JAN203000PE.NFO,07/01/2020,09:45:16,50,49.1,250,51.6,750,0,33750
BAJAJ-AUTO30JAN203000PE.NFO,07/01/2020,09:45:17,50,49.65,500,51.3,250,0,33750
BAJAJ-AUTO30JAN203000PE.NFO,07/01/2020,09:45:19,50,49.45,250,51.15,250,0,33750
BAJAJ-AUTO30JAN203000PE.NFO,07/01/2020,09:45:20,50,49.4,250,51.15,250,0,33750
BAJAJ-AUTO30JAN203000PE.NFO,07/01/2020,09:45:20,50,49.6,500,51.15,250,0,33750
BAJAJ-AUTO30JAN203000PE.NFO,07/01/2020,09:45:24,50,49.85,250,51.15,250,0,33750
BAJAJ-AUTO30JAN203000PE.NFO,07/01/2020,09:45:25,50,50.05,250,51.15,250,0,33750
BAJAJ-AUTO30JAN203000PE.NFO,07/01/2020,09:45:25,50,49.95,250,51.15,250,0,33750
BAJAJ-AUTO30JAN203000PE.NFO,07/01/2020,09:45:26,50,49.85,250,51.15,250,0,33750
BAJAJ-AUTO30JAN203000PE.NFO,07/01/2020,09:45:27,50,50.05,250,51.15,250,0,33750
BAJAJ-AUTO30JAN203000PE.NFO,07/01/2020,09:45:28,50,50.35,250,51.15,250,0,33750
BAJAJ-AUTO30JAN203000PE.NFO,07/01/2020,09:45:31,50,49.9,250,51.15,250,0,33750
BAJAJ-AUTO30JAN203000PE.NFO,07/01/2020,09:45:32,50,50.1,250,51.15,250,0,33750
BAJAJ-AUTO30JAN203000PE.NFO,07/01/2020,09:45:32,50,49.85,250,51.15,250,0,33750
BAJAJ-AUTO30JAN203000PE.NFO,07/01/2020,09:45:34,50,50.1,500,51.15,250,0,33750
BAJAJ-AUTO30JAN203000PE.NFO,07/01/2020,09:45:34,50,49.85,500,51.15,250,0,33750
BAJAJ-AUTO30JAN203000PE.NFO,07/01/2020,09:45:35,50,50.1,500,51.15,250,0,33750
BAJAJ-AUTO30JAN203000PE.NFO,07/01/2020,09:45:36,50,49.9,750,51.15,250,0,33750
BAJAJ-AUTO30JAN203000PE.NFO,07/01/2020,09:45:38,50,50.2,500,51.15,250,0,33750
BAJAJ-AUTO30JAN203000PE.NFO,07/01/2020,09:45:39,50,50.25,500,51.15,250,0,33750
BAJAJ-AUTO30JAN203000PE.NFO,07/01/2020,09:45:42,50,50,750,51.15,250,0,33750
BAJAJ-AUTO30JAN203000PE.NFO,07/01/2020,09:45:48,50,49.8,250,51.15,250,0,33750
BAJAJ-AUTO30JAN203000PE.NFO,07/01/2020,09:45:48,50,49.55,500,51.15,250,0,33750
BAJAJ-AUTO30JAN203000PE.NFO,07/01/2020,09:45:57,50,49.8,250,51.15,250,0,33750
BAJAJ-AUTO30JAN203000PE.NFO,07/01/2020,09:45:58,50,50.15,500,51.15,250,0,33750
BAJAJ-AUTO30JAN203000PE.NFO,07/01/2020,09:45:59,50,50.7,250,53.05,500,0,33750
BAJAJ-AUTO30JAN203000PE.NFO,07/01/2020,09:46:00,50,50.4,250,52.4,250,0,33750
BAJAJ-AUTO30JAN203000PE.NFO,07/01/2020,09:46:02,50,50.7,250,51.8,250,0,33750
BAJAJ-AUTO30JAN203000PE.NFO,07/01/2020,09:46:03,50,50.5,250,51.8,250,0,33750
BAJAJ-AUTO30JAN203000PE.NFO,07/01/2020,09:46:05,50,50.7,250,51.8,250,0,33750
BAJAJ-AUTO30JAN203000PE.NFO,07/01/2020,09:46:09,50,50.8,500,51.8,250,0,33750
BAJAJ-AUTO30JAN203000PE.NFO,07/01/2020,09:46:13,50,50.9,250,51.8,250,0,33750
BAJAJ-AUTO30JAN203000PE.NFO,07/01/2020,09:46:14,50,50.35,250,51.8,250,0,33750
BAJAJ-AUTO30JAN203000PE.NFO,07/01/2020,09:46:14,50,50.85,250,51.8,250,0,33750
BAJAJ-AUTO30JAN203000PE.NFO,07/01/2020,09:46:15,50,50.95,250,51.8,250,0,33750
BAJAJ-AUTO30JAN203000PE.NFO,07/01/2020,09:46:16,50,50.35,250,51.7,250,0,33750
BAJAJ-AUTO30JAN203000PE.NFO,07/01/2020,09:46:17,50,50.4,500,51.7,250,0,33750
BAJAJ-AUTO30JAN203000PE.NFO,07/01/2020,09:46:20,50,50.8,250,51.7,250,0,33750
BAJAJ-AUTO30JAN203000PE.NFO,07/01/2020,09:46:21,50,50.65,250,51.7,250,0,33750
BAJAJ-AUTO30JAN203000PE.NFO,07/01/2020,09:46:22,50,50.4,250,51.7,250,0,33750
BAJAJ-AUTO30JAN203000PE.NFO,07/01/2020,09:46:23,50,50.8,250,51.7,250,0,33750
BAJAJ-AUTO30JAN203000PE.NFO,07/01/2020,09:46:24,50,50.4,500,51.7,250,0,33750
BAJAJ-AUTO30JAN203000PE.NFO,07/01/2020,09:46:27,50,50.4,250,51.7,250,0,33750
BAJAJ-AUTO30JAN203000PE.NFO,07/01/2020,09:46:28,50,50.35,250,51.7,250,0,33750
BAJAJ-AUTO30JAN203000PE.NFO,07/01/2020,09:46:41,50,50.4,500,51.7,250,0,33750
BAJAJ-AUTO30JAN203000PE.NFO,07/01/2020,09:46:41,50,50.75,250,51.7,250,0,33750
BAJAJ-AUTO30JAN203000PE.NFO,07/01/2020,09:46:42,50,50.85,500,51.7,250,0,33750
BAJAJ-AUTO30JAN203000PE.NFO,07/01/2020,09:46:43,50,50.35,250,51.7,250,0,33750
BAJAJ-AUTO30JAN203000PE.NFO,07/01/2020,09:46:51,50,50.45,500,51.7,250,0,33750
BAJAJ-AUTO30JAN203000PE.NFO,07/01/2020,09:46:52,50,50.4,500,51.7,250,0,33750
BAJAJ-AUTO30JAN203000PE.NFO,07/01/2020,09:46:55,50,50.3,500,51.7,250,0,33750
BAJAJ-AUTO30JAN203000PE.NFO,07/01/2020,09:46:56,50,50.4,500,51.7,250,0,33750
BAJAJ-AUTO30JAN203000PE.NFO,07/01/2020,09:46:57,50,50.35,250,51.7,250,0,33750
BAJAJ-AUTO30JAN203000PE.NFO,07/01/2020,09:46:59,50,50.45,750,51.7,250,0,33750
BAJAJ-AUTO30JAN203000PE.NFO,07/01/2020,09:47:26,50,50.35,250,51.6,250,0,33750
BAJAJ-AUTO30JAN203000PE.NFO,07/01/2020,09:47:39,50,50.45,250,51.6,250,0,33750
BAJAJ-AUTO30JAN203000PE.NFO,07/01/2020,09:47:43,50,50.4,250,51.6,250,0,33750
BAJAJ-AUTO30JAN203000PE.NFO,07/01/2020,09:47:48,50,50.6,250,51.6,250,0,33750
BAJAJ-AUTO30JAN203000PE.NFO,07/01/2020,09:47:53,50,50.55,250,51.6,250,0,33750
BAJAJ-AUTO30JAN203000PE.NFO,07/01/2020,09:47:57,50,50.6,250,51.6,250,0,33750
BAJAJ-AUTO30JAN203000PE.NFO,07/01/2020,09:48:23,50,50.55,500,51.6,250,0,33750
BAJAJ-AUTO30JAN203000PE.NFO,07/01/2020,09:48:35,50.55,49.8,250,50.5,500,500,34000
BAJAJ-AUTO30JAN203000PE.NFO,07/01/2020,09:48:35,50.55,49.8,250,50.5,500,0,34000
BAJAJ-AUTO30JAN203000PE.NFO,07/01/2020,09:48:40,50.55,49.8,250,50.5,500,0,34000
BAJAJ-AUTO30JAN203000PE.NFO,07/01/2020,09:48:45,50.55,49.7,500,50.5,500,0,34000
BAJAJ-AUTO30JAN203000PE.NFO,07/01/2020,09:49:13,50.55,50,250,50.6,250,0,34000
BAJAJ-AUTO30JAN203000PE.NFO,07/01/2020,09:49:21,50.55,50,250,50.5,250,0,34000
BAJAJ-AUTO30JAN203000PE.NFO,07/01/2020,09:49:26,50.55,50.05,250,51.1,250,0,34000
BAJAJ-AUTO30JAN203000PE.NFO,07/01/2020,09:49:32,50.55,50,250,51.2,250,0,34000
BAJAJ-AUTO30JAN203000PE.NFO,07/01/2020,09:49:42,50.55,49.3,500,51.2,250,0,34000
BAJAJ-AUTO30JAN203000PE.NFO,07/01/2020,09:49:47,50.55,48.95,1000,51.2,250,0,34000
BAJAJ-AUTO30JAN203000PE.NFO,07/01/2020,09:49:50,50.55,49.2,250,50.95,250,0,34000
BAJAJ-AUTO30JAN203000PE.NFO,07/01/2020,09:49:53,50.55,49.25,250,50.95,250,0,34000
BAJAJ-AUTO30JAN203000PE.NFO,07/01/2020,09:49:56,50.55,49,500,50.95,250,0,34000
BAJAJ-AUTO30JAN203000PE.NFO,07/01/2020,09:49:59,50.55,49.05,250,50.95,250,0,34000
BAJAJ-AUTO30JAN203000PE.NFO,07/01/2020,09:50:11,50.55,49.05,250,50,500,0,34000
BAJAJ-AUTO30JAN203000PE.NFO,07/01/2020,09:50:26,50.55,49.2,250,50,500,0,34000
BAJAJ-AUTO30JAN203000PE.NFO,07/01/2020,09:50:29,50.55,49.05,250,50,500,0,34000
BAJAJ-AUTO30JAN203000PE.NFO,07/01/2020,09:50:32,50.55,49.25,250,50,500,0,34000
BAJAJ-AUTO30JAN203000PE.NFO,07/01/2020,09:50:36,50.55,49,500,50,500,0,34000
BAJAJ-AUTO30JAN203000PE.NFO,07/01/2020,09:50:41,50.55,49.05,250,50,500,0,34000
BAJAJ-AUTO30JAN203000PE.NFO,07/01/2020,09:50:46,50.55,49.55,250,50.55,500,0,34000
BAJAJ-AUTO30JAN203000PE.NFO,07/01/2020,09:50:51,50.55,49.3,250,50.55,500,0,34000
BAJAJ-AUTO30JAN203000PE.NFO,07/01/2020,09:51:00,50.55,49.05,250,50.55,250,0,34000
BAJAJ-AUTO30JAN203000PE.NFO,07/01/2020,09:51:04,50.55,49.2,500,50.6,500,0,34000
BAJAJ-AUTO30JAN203000PE.NFO,07/01/2020,09:51:08,50.55,49.2,500,50.6,250,0,34000
BAJAJ-AUTO30JAN203000PE.NFO,07/01/2020,09:51:26,50.55,49.2,500,50.6,500,0,34000
BAJAJ-AUTO30JAN203000PE.NFO,07/01/2020,09:51:31,50.55,47.5,500,50.3,250,0,34000
BAJAJ-AUTO30JAN203000PE.NFO,07/01/2020,09:51:35,50.55,48.3,250,50.3,250,0,34000
BAJAJ-AUTO30JAN203000PE.NFO,07/01/2020,09:51:39,50.55,48.65,750,50.3,250,0,34000
BAJAJ-AUTO30JAN203000PE.NFO,07/01/2020,09:51:43,50.55,48.55,500,50.3,250,0,34000
BAJAJ-AUTO30JAN203000PE.NFO,07/01/2020,09:51:47,50.55,48.3,250,50.3,250,0,34000
BAJAJ-AUTO30JAN203000PE.NFO,07/01/2020,09:51:51,50.55,48.8,750,50.25,250,0,34000
BAJAJ-AUTO30JAN203000PE.NFO,07/01/2020,09:51:55,50.55,48.4,250,50.4,250,0,34000
BAJAJ-AUTO30JAN203000PE.NFO,07/01/2020,09:51:58,50.55,48.7,750,50.4,250,0,34000
BAJAJ-AUTO30JAN203000PE.NFO,07/01/2020,09:52:06,50.55,48.5,250,50.45,250,0,34000
BAJAJ-AUTO30JAN203000PE.NFO,07/01/2020,09:52:11,50.55,48.95,250,50.5,250,0,34000
BAJAJ-AUTO30JAN203000PE.NFO,07/01/2020,09:52:15,50.55,48.7,250,50.55,250,0,34000
BAJAJ-AUTO30JAN203000PE.NFO,07/01/2020,09:52:20,50.55,48.8,250,50.55,250,0,34000
BAJAJ-AUTO30JAN203000PE.NFO,07/01/2020,09:52:30,50.55,48.15,500,50.45,250,0,34000
BAJAJ-AUTO30JAN203000PE.NFO,07/01/2020,09:52:35,50.55,48.6,250,50.45,250,0,34000
BAJAJ-AUTO30JAN203000PE.NFO,07/01/2020,09:52:44,50.55,47.45,250,50.4,250,0,34000
BAJAJ-AUTO30JAN203000PE.NFO,07/01/2020,09:52:48,50.55,47.95,750,49.45,500,0,34000
BAJAJ-AUTO30JAN203000PE.NFO,07/01/2020,09:52:52,50.55,47.85,250,49.45,500,0,34000
BAJAJ-AUTO30JAN203000PE.NFO,07/01/2020,09:52:57,50.55,47.4,500,49.45,500,0,34000
BAJAJ-AUTO30JAN203000PE.NFO,07/01/2020,09:53:00,50.55,48.4,250,50.55,250,0,34000
BAJAJ-AUTO30JAN203000PE.NFO,07/01/2020,09:53:04,50.55,48.3,500,50.35,250,0,34000
BAJAJ-AUTO30JAN203000PE.NFO,07/01/2020,09:53:10,50.55,48.4,250,50.35,250,0,34000
BAJAJ-AUTO30JAN203000PE.NFO,07/01/2020,09:53:15,50.55,48.35,500,50.35,250,0,34000
BAJAJ-AUTO30JAN203000PE.NFO,07/01/2020,09:53:25,50.55,48.45,250,50.35,250,0,34000
BAJAJ-AUTO30JAN203000PE.NFO,07/01/2020,09:53:46,50.55,48.7,750,50.35,250,0,34000
BAJAJ-AUTO30JAN203000PE.NFO,07/01/2020,09:53:50,50.55,49.25,500,50.35,250,0,34000
BAJAJ-AUTO30JAN203000PE.NFO,07/01/2020,09:54:00,50.55,48.2,500,50.25,250,0,34000
BAJAJ-AUTO30JAN203000PE.NFO,07/01/2020,09:54:05,50.55,48.95,750,50.25,250,0,34000
BAJAJ-AUTO30JAN203000PE.NFO,07/01/2020,09:54:15,50.55,49.05,750,50.25,250,0,34000
BAJAJ-AUTO30JAN203000PE.NFO,07/01/2020,09:54:34,50.55,49,750,50.3,500,0,34000
BAJAJ-AUTO30JAN203000PE.NFO,07/01/2020,09:54:38,50.55,49.25,500,50.3,500,0,34000
BAJAJ-AUTO30JAN203000PE.NFO,07/01/2020,09:54:43,50.55,49.55,250,51.2,250,0,34000
BAJAJ-AUTO30JAN203000PE.NFO,07/01/2020,09:54:47,50.55,49.7,250,51,250,0,34000
BAJAJ-AUTO30JAN203000PE.NFO,07/01/2020,09:54:51,50.55,49.55,250,51,250,0,34000
BAJAJ-AUTO30JAN203000PE.NFO,07/01/2020,09:54:55,50.55,49.1,500,50.9,250,0,34000
BAJAJ-AUTO30JAN203000PE.NFO,07/01/2020,09:54:59,50.55,49.6,750,50.9,250,0,34000
BAJAJ-AUTO30JAN203000PE.NFO,07/01/2020,09:55:09,50.55,49.45,500,50.8,250,0,34000
BAJAJ-AUTO30JAN203000PE.NFO,07/01/2020,09:55:20,50.55,48.85,250,50.8,250,0,34000
BAJAJ-AUTO30JAN203000PE.NFO,07/01/2020,09:55:24,50.55,48.85,500,50.8,250,0,34000
BAJAJ-AUTO30JAN203000PE.NFO,07/01/2020,09:55:27,50.55,48.4,250,50.8,250,0,34000
BAJAJ-AUTO30JAN203000PE.NFO,07/01/2020,09:55:27,50.55,48.6,1000,50.8,250,0,34000
BAJAJ-AUTO30JAN203000PE.NFO,07/01/2020,09:55:29,50.55,48.8,500,50.8,250,0,34000
BAJAJ-AUTO30JAN203000PE.NFO,07/01/2020,09:55:34,50.55,48.45,250,49.95,250,0,34000
BAJAJ-AUTO30JAN203000PE.NFO,07/01/2020,09:55:35,50.55,48.85,750,49.95,250,0,34000
BAJAJ-AUTO30JAN203000PE.NFO,07/01/2020,09:55:35,50.55,48.75,500,49.95,250,0,34000
BAJAJ-AUTO30JAN203000PE.NFO,07/01/2020,09:55:36,50.55,48.8,250,49.95,250,0,34000
BAJAJ-AUTO30JAN203000PE.NFO,07/01/2020,09:55:43,50.55,48.6,750,49.95,250,0,34000
BAJAJ-AUTO30JAN203000PE.NFO,07/01/2020,09:55:45,50.55,48,250,49.95,250,0,34000
BAJAJ-AUTO30JAN203000PE.NFO,07/01/2020,09:55:45,50.55,48.6,250,49.95,250,0,34000
BAJAJ-AUTO30JAN203000PE.NFO,07/01/2020,09:55:46,50.55,48.7,500,49.95,250,0,34000
BAJAJ-AUTO30JAN203000PE.NFO,07/01/2020,09:55:53,50.55,48.7,500,50,500,0,34000
BAJAJ-AUTO30JAN203000PE.NFO,07/01/2020,09:55:54,50.55,48.8,500,50,500,0,34000
BAJAJ-AUTO30JAN203000PE.NFO,07/01/2020,09:55:57,50.55,48.8,500,50,750,0,34000
BAJAJ-AUTO30JAN203000PE.NFO,07/01/2020,09:56:07,50.55,48.8,250,50,750,0,34000
BAJAJ-AUTO30JAN203000PE.NFO,07/01/2020,09:56:09,50.55,48.75,500,50,750,0,34000
BAJAJ-AUTO30JAN203000PE.NFO,07/01/2020,09:56:23,50.55,49,250,50,500,0,34000
BAJAJ-AUTO30JAN203000PE.NFO,07/01/2020,09:56:28,50.55,48.9,250,50,500,0,34000
BAJAJ-AUTO30JAN203000PE.NFO,07/01/2020,09:56:32,50.55,48.85,250,50,500,0,34000
BAJAJ-AUTO30JAN203000PE.NFO,07/01/2020,09:56:36,50.55,48.9,250,50,500,0,34000
BAJAJ-AUTO30JAN203000PE.NFO,07/01/2020,09:56:46,50.55,49.05,750,50,500,0,34000
BAJAJ-AUTO30JAN203000PE.NFO,07/01/2020,09:56:50,50.55,48.9,250,50,500,0,34000
BAJAJ-AUTO30JAN203000PE.NFO,07/01/2020,09:56:54,50.55,49,250,50,500,0,34000
BAJAJ-AUTO30JAN203000PE.NFO,07/01/2020,09:56:58,50.55,48.95,250,50,500,0,34000
BAJAJ-AUTO30JAN203000PE.NFO,07/01/2020,09:57:03,50.55,49.05,250,50,500,0,34000
BAJAJ-AUTO30JAN203000PE.NFO,07/01/2020,09:57:07,50.55,49.05,500,50,500,0,34000
BAJAJ-AUTO30JAN203000PE.NFO,07/01/2020,09:57:11,50.55,48.8,500,49.85,250,0,34000
BAJAJ-AUTO30JAN203000PE.NFO,07/01/2020,09:57:13,50.55,48.8,250,49.9,500,0,34000
BAJAJ-AUTO30JAN203000PE.NFO,07/01/2020,09:57:14,50.55,48.65,250,49.9,500,0,34000
BAJAJ-AUTO30JAN203000PE.NFO,07/01/2020,09:57:14,50.55,48.75,500,49.9,500,0,34000
BAJAJ-AUTO30JAN203000PE.NFO,07/01/2020,09:57:15,50.55,48.85,500,49.9,250,0,34000
BAJAJ-AUTO30JAN203000PE.NFO,07/01/2020,09:57:16,50.55,49,250,50,250,0,34000
BAJAJ-AUTO30JAN203000PE.NFO,07/01/2020,09:57:18,50.55,48.85,250,50.05,250,0,34000
BAJAJ-AUTO30JAN203000PE.NFO,07/01/2020,09:57:19,50.55,48.95,250,50.05,500,0,34000
BAJAJ-AUTO30JAN203000PE.NFO,07/01/2020,09:57:20,50.55,48.9,250,50.05,500,0,34000
BAJAJ-AUTO30JAN203000PE.NFO,07/01/2020,09:57:21,50.55,48.95,250,50.05,500,0,34000
BAJAJ-AUTO30JAN203000PE.NFO,07/01/2020,09:57:22,50.55,48.9,500,50.05,500,0,34000
BAJAJ-AUTO30JAN203000PE.NFO,07/01/2020,09:57:23,50.55,49.2,500,50.1,750,0,34000
BAJAJ-AUTO30JAN203000PE.NFO,07/01/2020,09:57:24,50.55,48.6,250,50,250,0,34000
BAJAJ-AUTO30JAN203000PE.NFO,07/01/2020,09:57:26,50.55,48.8,250,50,250,0,34000
BAJAJ-AUTO30JAN203000PE.NFO,07/01/2020,09:57:28,50.55,48.7,500,50,250,0,34000
BAJAJ-AUTO30JAN203000PE.NFO,07/01/2020,09:57:28,50.55,48.8,500,50,250,0,34000
BAJAJ-AUTO30JAN203000PE.NFO,07/01/2020,09:57:29,50.55,48.7,250,50,250,0,34000
BAJAJ-AUTO30JAN203000PE.NFO,07/01/2020,09:57:30,50.55,48.8,500,50,250,0,34000
BAJAJ-AUTO30JAN203000PE.NFO,07/01/2020,09:57:32,50.55,48.9,500,50,250,0,34000
BAJAJ-AUTO30JAN203000PE.NFO,07/01/2020,09:57:34,50.55,49.1,250,50.05,250,0,34000
BAJAJ-AUTO30JAN203000PE.NFO,07/01/2020,09:57:39,50.55,49.05,250,50.05,250,0,34000
BAJAJ-AUTO30JAN203000PE.NFO,07/01/2020,09:57:40,50.55,48.75,1000,50.05,250,0,34000
BAJAJ-AUTO30JAN203000PE.NFO,07/01/2020,09:57:40,50.55,49,500,50.05,250,0,34000
BAJAJ-AUTO30JAN203000PE.NFO,07/01/2020,09:57:42,50.55,49.05,500,50.05,250,0,34000
BAJAJ-AUTO30JAN203000PE.NFO,07/01/2020,09:57:43,50.55,48.9,250,50.05,250,0,34000
BAJAJ-AUTO30JAN203000PE.NFO,07/01/2020,09:57:44,50.55,49.15,500,50.05,250,0,34000
BAJAJ-AUTO30JAN203000PE.NFO,07/01/2020,09:58:30,50.55,49.05,500,50.05,250,0,34000
BAJAJ-AUTO30JAN203000PE.NFO,07/01/2020,09:58:39,50.55,48.95,250,50.05,250,0,34000
BAJAJ-AUTO30JAN203000PE.NFO,07/01/2020,09:58:44,50.55,49.15,250,50.05,250,0,34000
BAJAJ-AUTO30JAN203000PE.NFO,07/01/2020,09:58:55,50.1,50.1,250,51.7,250,500,33250
BAJAJ-AUTO30JAN203000PE.NFO,07/01/2020,09:59:00,50.1,50.2,250,51.65,250,0,33250
BAJAJ-AUTO30JAN203000PE.NFO,07/01/2020,09:59:05,50.1,50.25,250,51.65,250,0,33250
BAJAJ-AUTO30JAN203000PE.NFO,07/01/2020,09:59:10,50.1,50.6,500,52,250,0,33250
BAJAJ-AUTO30JAN203000PE.NFO,07/01/2020,09:59:15,50.1,50.9,250,52,250,0,33250
BAJAJ-AUTO30JAN203000PE.NFO,07/01/2020,09:59:19,50.1,51,250,52.4,250,0,33250
BAJAJ-AUTO30JAN203000PE.NFO,07/01/2020,09:59:28,50.1,51.2,250,52.4,500,0,33250
BAJAJ-AUTO30JAN203000PE.NFO,07/01/2020,09:59:33,50.1,50.65,1000,52.15,250,0,33250
BAJAJ-AUTO30JAN203000PE.NFO,07/01/2020,09:59:51,52.3,51.4,250,52.3,250,750,33750
BAJAJ-AUTO30JAN203000PE.NFO,07/01/2020,09:59:51,52.3,51.4,250,52.3,250,0,33750
BAJAJ-AUTO30JAN203000PE.NFO,07/01/2020,09:59:55,52.3,52,500,53.25,250,0,33750
BAJAJ-AUTO30JAN203000PE.NFO,07/01/2020,09:59:58,52.3,52,500,53.1,250,0,33750
BAJAJ-AUTO30JAN203000PE.NFO,07/01/2020,10:00:01,52.3,52,500,53.2,250,0,33750
BAJAJ-AUTO30JAN203000PE.NFO,07/01/2020,10:00:04,52.3,52,500,52.9,250,0,33750
BAJAJ-AUTO30JAN203000PE.NFO,07/01/2020,10:00:09,52.9,52,250,53.35,500,250,33750
BAJAJ-AUTO30JAN203000PE.NFO,07/01/2020,10:00:09,52.9,52,250,53.35,500,0,33750
BAJAJ-AUTO30JAN203000PE.NFO,07/01/2020,10:00:14,52.9,52,250,53.2,250,0,33750
BAJAJ-AUTO30JAN203000PE.NFO,07/01/2020,10:00:23,52.9,51.9,250,53.25,250,0,33750
BAJAJ-AUTO30JAN203000PE.NFO,07/01/2020,10:00:28,52.9,52.1,250,53.25,250,0,33750
BAJAJ-AUTO30JAN203000PE.NFO,07/01/2020,10:00:32,52.9,52.45,500,53.75,250,0,33750
BAJAJ-AUTO30JAN203000PE.NFO,07/01/2020,10:00:40,52.9,52.6,500,53.75,250,0,33750
BAJAJ-AUTO30JAN203000PE.NFO,07/01/2020,10:00:47,52.9,52.6,250,53.75,250,0,33750
BAJAJ-AUTO30JAN203000PE.NFO,07/01/2020,10:00:53,52.9,52.5,250,54.1,750,0,33750
BAJAJ-AUTO30JAN203000PE.NFO,07/01/2020,10:00:59,52.9,52.25,250,54.05,500,0,33750
BAJAJ-AUTO30JAN203000PE.NFO,07/01/2020,10:01:05,52.9,51.95,250,53.65,250,0,33750
BAJAJ-AUTO30JAN203000PE.NFO,07/01/2020,10:01:10,52.9,51.85,250,53.65,250,0,33750
BAJAJ-AUTO30JAN203000PE.NFO,07/01/2020,10:01:16,52.9,52.5,250,53.7,250,0,33750
BAJAJ-AUTO30JAN203000PE.NFO,07/01/2020,10:01:23,52.9,52.35,250,53.65,250,0,33750
BAJAJ-AUTO30JAN203000PE.NFO,07/01/2020,10:01:29,52.9,52.4,250,53.85,250,0,33750
BAJAJ-AUTO30JAN203000PE.NFO,07/01/2020,10:01:34,52.9,52.4,250,53.9,250,0,33750
BAJAJ-AUTO30JAN203000PE.NFO,07/01/2020,10:01:40,52.9,52.5,500,54.05,250,0,33750
BAJAJ-AUTO30JAN203000PE.NFO,07/01/2020,10:01:56,52.9,52.5,250,54.05,250,0,33750
BAJAJ-AUTO30JAN203000PE.NFO,07/01/2020,10:02:02,52.9,52.5,250,53.8,250,0,33750
BAJAJ-AUTO30JAN203000PE.NFO,07/01/2020,10:02:07,52.9,52.5,250,53.85,500,0,33750
BAJAJ-AUTO30JAN203000PE.NFO,07/01/2020,10:02:13,52.9,52.25,250,53.85,500,0,33750
BAJAJ-AUTO30JAN203000PE.NFO,07/01/2020,10:02:18,52.9,52.4,250,54.05,250,0,33750
BAJAJ-AUTO30JAN203000PE.NFO,07/01/2020,10:02:24,52.9,52.5,250,54.1,500,0,33750
BAJAJ-AUTO30JAN203000PE.NFO,07/01/2020,10:02:29,52.9,52.3,250,54.1,250,0,33750
BAJAJ-AUTO30JAN203000PE.NFO,07/01/2020,10:02:34,52.9,52,500,53.55,250,0,33750
BAJAJ-AUTO30JAN203000PE.NFO,07/01/2020,10:02:39,52.9,52,250,53.55,250,0,33750
BAJAJ-AUTO30JAN203000PE.NFO,07/01/2020,10:02:55,52.9,51.75,250,53.3,250,0,33750
BAJAJ-AUTO30JAN203000PE.NFO,07/01/2020,10:03:04,52.9,51.75,250,53.35,500,0,33750
BAJAJ-AUTO30JAN203000PE.NFO,07/01/2020,10:03:09,52.9,51.85,500,52.85,250,0,33750
BAJAJ-AUTO30JAN203000PE.NFO,07/01/2020,10:03:14,53,53.05,750,54.25,250,1000,33750
BAJAJ-AUTO30JAN203000PE.NFO,07/01/2020,10:03:14,53,53.05,750,54.25,250,0,33750
BAJAJ-AUTO30JAN203000PE.NFO,07/01/2020,10:03:19,54.25,52.95,250,54.6,250,250,33750
BAJAJ-AUTO30JAN203000PE.NFO,07/01/2020,10:03:19,54.25,52.95,250,54.6,250,0,33750
BAJAJ-AUTO30JAN203000PE.NFO,07/01/2020,10:03:24,54.25,53.1,500,54.75,250,0,33750
BAJAJ-AUTO30JAN203000PE.NFO,07/01/2020,10:03:28,54.25,53.4,500,54.85,250,0,33750
BAJAJ-AUTO30JAN203000PE.NFO,07/01/2020,10:03:34,54.25,53.1,250,54.85,500,0,33750
BAJAJ-AUTO30JAN203000PE.NFO,07/01/2020,10:03:39,54.25,53.1,250,54.9,250,0,33750
BAJAJ-AUTO30JAN203000PE.NFO,07/01/2020,10:03:43,54.25,53.3,250,54.9,250,0,33750
BAJAJ-AUTO30JAN203000PE.NFO,07/01/2020,10:03:48,54.25,53.3,250,54.95,500,0,33750
BAJAJ-AUTO30JAN203000PE.NFO,07/01/2020,10:03:53,54.25,53.35,250,54.95,500,0,33750
BAJAJ-AUTO30JAN203000PE.NFO,07/01/2020,10:03:57,54.25,53.15,500,54.95,500,0,33750
BAJAJ-AUTO30JAN203000PE.NFO,07/01/2020,10:04:02,54.25,53.2,250,54.95,500,0,33750
BAJAJ-AUTO30JAN203000PE.NFO,07/01/2020,10:04:07,54.25,53.3,250,54.95,500,0,33750
BAJAJ-AUTO30JAN203000PE.NFO,07/01/2020,10:04:11,54.25,53.4,250,55.05,250,0,33750
BAJAJ-AUTO30JAN203000PE.NFO,07/01/2020,10:04:13,54.25,53.75,500,55.1,250,0,33750
BAJAJ-AUTO30JAN203000PE.NFO,07/01/2020,10:04:15,54.25,53.65,250,55.15,250,0,33750
BAJAJ-AUTO30JAN203000PE.NFO,07/01/2020,10:04:17,54.25,53.75,250,55.15,250,0,33750
BAJAJ-AUTO30JAN203000PE.NFO,07/01/2020,10:04:18,54.25,53.8,250,55.15,250,0,33750
BAJAJ-AUTO30JAN203000PE.NFO,07/01/2020,10:04:21,54.25,53.6,250,55.15,250,0,33750
BAJAJ-AUTO30JAN203000PE.NFO,07/01/2020,10:04:21,54.25,53.65,500,55.1,250,0,33750
BAJAJ-AUTO30JAN203000PE.NFO,07/01/2020,10:04:22,54.25,53.65,250,55.15,250,0,33750
BAJAJ-AUTO30JAN203000PE.NFO,07/01/2020,10:04:23,54.25,53.65,250,55.15,500,0,33750
BAJAJ-AUTO30JAN203000PE.NFO,07/01/2020,10:04:25,54.25,53.6,250,55.1,250,0,33750
BAJAJ-AUTO30JAN203000PE.NFO,07/01/2020,10:04:26,54.25,53.6,250,55.15,250,0,33750
BAJAJ-AUTO30JAN203000PE.NFO,07/01/2020,10:04:27,54.25,53.65,250,55.15,250,0,33750
BAJAJ-AUTO30JAN203000PE.NFO,07/01/2020,10:04:28,54.25,53.55,250,54.95,500,0,33750
BAJAJ-AUTO30JAN203000PE.NFO,07/01/2020,10:04:30,54.25,53.45,250,54.95,500,0,33750
BAJAJ-AUTO30JAN203000PE.NFO,07/01/2020,10:04:31,54.25,53.45,250,54.95,250,0,33750
BAJAJ-AUTO30JAN203000PE.NFO,07/01/2020,10:04:32,54.25,53.45,250,54.85,500,0,33750
BAJAJ-AUTO30JAN203000PE.NFO,07/01/2020,10:04:34,54.25,53.45,250,54.95,500,0,33750
BAJAJ-AUTO30JAN203000PE.NFO,07/01/2020,10:04:36,54.25,53.4,250,54.85,250,0,33750
BAJAJ-AUTO30JAN203000PE.NFO,07/01/2020,10:04:37,54.25,53.4,250,54.9,250,0,33750
BAJAJ-AUTO30JAN203000PE.NFO,07/01/2020,10:04:38,54.25,53.4,250,54.95,500,0,33750
BAJAJ-AUTO30JAN203000PE.NFO,07/01/2020,10:04:39,54.25,53.45,250,54.95,250,0,33750
BAJAJ-AUTO30JAN203000PE.NFO,07/01/2020,10:04:40,54.25,53.4,250,54.95,250,0,33750
BAJAJ-AUTO30JAN203000PE.NFO,07/01/2020,10:04:42,54.25,53.4,250,54.95,500,0,33750
BAJAJ-AUTO30JAN203000PE.NFO,07/01/2020,10:04:46,54.25,53.4,250,54.95,250,0,33750
BAJAJ-AUTO30JAN203000PE.NFO,07/01/2020,10:04:53,54.25,53.45,250,54.95,250,0,33750
BAJAJ-AUTO30JAN203000PE.NFO,07/01/2020,10:04:55,54.25,53.45,250,54.25,250,0,33750
BAJAJ-AUTO30JAN203000PE.NFO,07/01/2020,10:05:01,54.25,53.6,250,54.25,250,0,33750
BAJAJ-AUTO30JAN203000PE.NFO,07/01/2020,10:05:02,54.25,53.65,250,54.25,250,0,33750
BAJAJ-AUTO30JAN203000PE.NFO,07/01/2020,10:05:14,54.25,53.7,250,54.25,250,0,33750
BAJAJ-AUTO30JAN203000PE.NFO,07/01/2020,10:05:17,54.25,54.4,250,56,500,250,33750
BAJAJ-AUTO30JAN203000PE.NFO,07/01/2020,10:05:21,54.25,54.65,250,56,250,0,33750
BAJAJ-AUTO30JAN203000PE.NFO,07/01/2020,10:05:24,54.25,54.75,250,56,250,0,33750
BAJAJ-AUTO30JAN203000PE.NFO,07/01/2020,10:05:31,54.25,54.65,250,56,250,0,33750
BAJAJ-AUTO30JAN203000PE.NFO,07/01/2020,10:05:37,54.25,54.85,250,56,250,0,33750
BAJAJ-AUTO30JAN203000PE.NFO,07/01/2020,10:05:43,54.25,54.25,250,56,1000,0,33750
BAJAJ-AUTO30JAN203000PE.NFO,07/01/2020,10:05:59,54.25,54.25,250,56,750,0,33750
BAJAJ-AUTO30JAN203000PE.NFO,07/01/2020,10:06:04,54.25,53.7,250,55.4,250,0,33750
BAJAJ-AUTO30JAN203000PE.NFO,07/01/2020,10:06:09,54.25,53.65,250,55.4,250,0,33750
BAJAJ-AUTO30JAN203000PE.NFO,07/01/2020,10:06:12,54.25,54.25,250,55.15,250,0,33750
BAJAJ-AUTO30JAN203000PE.NFO,07/01/2020,10:06:14,54.25,54.25,250,55.3,250,0,33750
BAJAJ-AUTO30JAN203000PE.NFO,07/01/2020,10:06:20,54.25,54.25,250,55.45,250,0,33750
BAJAJ-AUTO30JAN203000PE.NFO,07/01/2020,10:06:22,54.25,54.25,250,55.5,500,0,33750
BAJAJ-AUTO30JAN203000PE.NFO,07/01/2020,10:06:23,54.25,54.25,250,55.55,750,0,33750
BAJAJ-AUTO30JAN203000PE.NFO,07/01/2020,10:06:24,54.25,54.25,250,55.2,250,0,33750
BAJAJ-AUTO30JAN203000PE.NFO,07/01/2020,10:06:25,54.25,54.25,250,55.35,250,0,33750
BAJAJ-AUTO30JAN203000PE.NFO,07/01/2020,10:06:27,54.25,53.4,250,55,250,250,33750
BAJAJ-AUTO30JAN203000PE.NFO,07/01/2020,10:06:28,54.25,53.4,250,55.1,250,0,33750
BAJAJ-AUTO30JAN203000PE.NFO,07/01/2020,10:06:29,54.25,53.45,250,55.25,500,0,33750
BAJAJ-AUTO30JAN203000PE.NFO,07/01/2020,10:06:30,54.25,53.5,250,55.25,250,0,33750
BAJAJ-AUTO30JAN203000PE.NFO,07/01/2020,10:06:31,54.25,53.6,250,55.25,250,0,33750
BAJAJ-AUTO30JAN203000PE.NFO,07/01/2020,10:06:32,54.25,53.5,250,55.25,250,0,33750
BAJAJ-AUTO30JAN203000PE.NFO,07/01/2020,10:06:33,54.25,53.6,250,55.25,250,0,33750
BAJAJ-AUTO30JAN203000PE.NFO,07/01/2020,10:06:34,53.55,53.45,250,55.25,500,500,33750
BAJAJ-AUTO30JAN203000PE.NFO,07/01/2020,10:06:34,54.5,53.45,250,55.25,500,0,33750
BAJAJ-AUTO30JAN203000PE.NFO,07/01/2020,10:06:35,53.55,53.45,250,55.25,500,0,33750
BAJAJ-AUTO30JAN203000PE.NFO,07/01/2020,10:06:36,53.55,53.4,250,55.25,500,0,33750
BAJAJ-AUTO30JAN203000PE.NFO,07/01/2020,10:06:37,53.55,53.7,500,55.5,500,0,33750
BAJAJ-AUTO30JAN203000PE.NFO,07/01/2020,10:06:38,53.55,54,500,55.75,500,0,33750
BAJAJ-AUTO30JAN203000PE.NFO,07/01/2020,10:06:40,53.55,53.95,250,55.85,750,0,33750
BAJAJ-AUTO30JAN203000PE.NFO,07/01/2020,10:06:41,53.55,54.05,250,55.8,250,0,33750
BAJAJ-AUTO30JAN203000PE.NFO,07/01/2020,10:06:42,53.55,54,250,55.8,250,0,33750
BAJAJ-AUTO30JAN203000PE.NFO,07/01/2020,10:06:43,53.55,54,500,55.8,500,0,33750
BAJAJ-AUTO30JAN203000PE.NFO,07/01/2020,10:06:44,53.55,54.2,500,55.8,250,0,33750
BAJAJ-AUTO30JAN203000PE.NFO,07/01/2020,10:06:46,53.55,54.25,500,56,750,0,33750
BAJAJ-AUTO30JAN203000PE.NFO,07/01/2020,10:06:47,53.55,54.25,250,56,750,0,33750
BAJAJ-AUTO30JAN203000PE.NFO,07/01/2020,10:06:48,54.25,54.25,250,55.8,250,250,33750
BAJAJ-AUTO30JAN203000PE.NFO,07/01/2020,10:06:49,54.25,54.2,250,55.7,250,0,33750
BAJAJ-AUTO30JAN203000PE.NFO,07/01/2020,10:06:49,54.25,54.3,250,55.95,250,0,33750
BAJAJ-AUTO30JAN203000PE.NFO,07/01/2020,10:06:51,54.25,54.3,500,55.85,250,0,33750
BAJAJ-AUTO30JAN203000PE.NFO,07/01/2020,10:06:52,54.25,54.4,500,55.9,250,0,33750
BAJAJ-AUTO30JAN203000PE.NFO,07/01/2020,10:06:53,54.25,54.4,250,55.75,500,0,33750
BAJAJ-AUTO30JAN203000PE.NFO,07/01/2020,10:06:54,54.25,54.35,250,55.85,250,0,33750
BAJAJ-AUTO30JAN203000PE.NFO,07/01/2020,10:06:55,54.25,54.35,250,55.75,250,0,33750
BAJAJ-AUTO30JAN203000PE.NFO,07/01/2020,10:06:56,54.25,54.45,250,55.9,250,0,33750
BAJAJ-AUTO30JAN203000PE.NFO,07/01/2020,10:06:57,54.25,54.35,250,55.9,250,0,33750
BAJAJ-AUTO30JAN203000PE.NFO,07/01/2020,10:06:58,54.25,54.15,250,55.75,250,0,33750
BAJAJ-AUTO30JAN203000PE.NFO,07/01/2020,10:06:59,54.25,54.15,250,55.65,250,0,33750
BAJAJ-AUTO30JAN203000PE.NFO,07/01/2020,10:07:00,54.25,54.2,500,55.6,250,0,33750
BAJAJ-AUTO30JAN203000PE.NFO,07/01/2020,10:07:01,54.25,54.2,500,55.8,250,0,33750
BAJAJ-AUTO30JAN203000PE.NFO,07/01/2020,10:07:17,54.25,54.2,750,55.8,250,0,33750
BAJAJ-AUTO30JAN203000PE.NFO,07/01/2020,10:07:19,54.25,54.2,500,55.8,250,0,33750
BAJAJ-AUTO30JAN203000PE.NFO,07/01/2020,10:07:20,54.25,54.25,250,55.8,250,0,33750
BAJAJ-AUTO30JAN203000PE.NFO,07/01/2020,10:07:20,54.25,54.25,500,55.8,500,0,33750
BAJAJ-AUTO30JAN203000PE.NFO,07/01/2020,10:07:23,54.25,54.2,250,55.6,250,0,33750
BAJAJ-AUTO30JAN203000PE.NFO,07/01/2020,10:07:26,54.25,54.2,500,55.6,250,0,33750
BAJAJ-AUTO30JAN203000PE.NFO,07/01/2020,10:07:30,54.25,54.2,250,55.65,250,0,33750
BAJAJ-AUTO30JAN203000PE.NFO,07/01/2020,10:07:35,54.25,54.2,250,55.45,250,0,33750
BAJAJ-AUTO30JAN203000PE.NFO,07/01/2020,10:07:43,54.25,54.2,250,55.4,250,0,33750
BAJAJ-AUTO30JAN203000PE.NFO,07/01/2020,10:07:48,54.25,54.2,250,55.35,250,0,33750
BAJAJ-AUTO30JAN203000PE.NFO,07/01/2020,10:07:53,54.2,54.05,250,55.35,250,250,33750
BAJAJ-AUTO30JAN203000PE.NFO,07/01/2020,10:07:54,54.2,54.05,250,55.35,250,0,33750
BAJAJ-AUTO30JAN203000PE.NFO,07/01/2020,10:07:58,54.2,53.8,250,55.2,250,0,33750
BAJAJ-AUTO30JAN203000PE.NFO,07/01/2020,10:08:18,54.2,53.8,250,55.1,250,0,33750
BAJAJ-AUTO30JAN203000PE.NFO,07/01/2020,10:08:23,54.2,53.2,500,54.75,250,0,33750
BAJAJ-AUTO30JAN203000PE.NFO,07/01/2020,10:08:28,54.2,53.2,250,54.6,250,0,33750
BAJAJ-AUTO30JAN203000PE.NFO,07/01/2020,10:08:32,54.2,53.35,250,54.65,250,0,33750
BAJAJ-AUTO30JAN203000PE.NFO,07/01/2020,10:08:38,54.2,53.25,250,54.55,500,0,33750
BAJAJ-AUTO30JAN203000PE.NFO,07/01/2020,10:08:43,54.2,53.25,250,54.55,250,0,33750
BAJAJ-AUTO30JAN203000PE.NFO,07/01/2020,10:08:47,54.2,53.25,250,54.6,250,0,33750
BAJAJ-AUTO30JAN203000PE.NFO,07/01/2020,10:09:00,54.2,52.95,250,54.25,250,0,33750
BAJAJ-AUTO30JAN203000PE.NFO,07/01/2020,10:09:04,54.2,52.85,250,54.2,250,0,33750
BAJAJ-AUTO30JAN203000PE.NFO,07/01/2020,10:09:13,54.2,52.85,250,54.25,250,0,33750
BAJAJ-AUTO30JAN203000PE.NFO,07/01/2020,10:09:35,54.2,52.85,250,54.35,500,0,33750
BAJAJ-AUTO30JAN203000PE.NFO,07/01/2020,10:09:39,54.2,52.95,250,54.55,500,0,33750
BAJAJ-AUTO30JAN203000PE.NFO,07/01/2020,10:09:44,54.2,52.95,500,54.35,500,0,33750
BAJAJ-AUTO30JAN203000PE.NFO,07/01/2020,10:09:57,54.2,52.95,250,53.85,250,0,33750
BAJAJ-AUTO30JAN203000PE.NFO,07/01/2020,10:10:08,54.2,52.95,250,53.95,500,0,33750
BAJAJ-AUTO30JAN203000PE.NFO,07/01/2020,10:10:14,54.2,52.45,500,54.05,250,0,33750
BAJAJ-AUTO30JAN203000PE.NFO,07/01/2020,10:10:19,54.2,52.55,250,54,250,0,33750
BAJAJ-AUTO30JAN203000PE.NFO,07/01/2020,10:10:30,54.2,52.55,250,53.75,250,0,33750
BAJAJ-AUTO30JAN203000PE.NFO,07/01/2020,10:10:35,54.2,52.45,500,53.75,250,0,33750
BAJAJ-AUTO30JAN203000PE.NFO,07/01/2020,10:10:39,54.2,52.45,250,53.75,250,0,33750
BAJAJ-AUTO30JAN203000PE.NFO,07/01/2020,10:10:53,54.2,52.45,250,53.7,250,0,33750
BAJAJ-AUTO30JAN203000PE.NFO,07/01/2020,10:11:15,54.2,52.1,250,53.5,500,0,33750
BAJAJ-AUTO30JAN203000PE.NFO,07/01/2020,10:11:23,54.2,52.2,250,53.3,250,0,33750
BAJAJ-AUTO30JAN203000PE.NFO,07/01/2020,10:11:30,54.2,51.8,250,53.15,250,0,33750
BAJAJ-AUTO30JAN203000PE.NFO,07/01/2020,10:11:34,54.2,52,250,53,250,0,33750
BAJAJ-AUTO30JAN203000PE.NFO,07/01/2020,10:11:43,54.2,51.95,1000,53,250,0,33750
BAJAJ-AUTO30JAN203000PE.NFO,07/01/2020,10:11:47,54.2,51.95,1250,53,250,0,33750
BAJAJ-AUTO30JAN203000PE.NFO,07/01/2020,10:11:51,54.2,51.95,1000,53,250,0,33750
BAJAJ-AUTO30JAN203000PE.NFO,07/01/2020,10:12:03,54.2,51.95,250,52.9,250,0,33750
BAJAJ-AUTO30JAN203000PE.NFO,07/01/2020,10:12:19,54.2,51,250,52.5,250,0,33750
BAJAJ-AUTO30JAN203000PE.NFO,07/01/2020,10:12:23,54.2,51.2,500,52.45,250,0,33750
BAJAJ-AUTO30JAN203000PE.NFO,07/01/2020,10:12:28,54.2,51.4,250,52.45,250,0,33750
BAJAJ-AUTO30JAN203000PE.NFO,07/01/2020,10:12:37,54.2,51.5,250,52.55,250,0,33750
BAJAJ-AUTO30JAN203000PE.NFO,07/01/2020,10:12:41,54.2,51.25,250,52.45,250,0,33750
BAJAJ-AUTO30JAN203000PE.NFO,07/01/2020,10:12:45,54.2,51.25,250,52.4,250,0,33750
BAJAJ-AUTO30JAN203000PE.NFO,07/01/2020,10:12:48,54.2,51.35,500,52.4,250,0,33750
BAJAJ-AUTO30JAN203000PE.NFO,07/01/2020,10:13:00,54.2,51.45,250,52.4,250,0,33750
BAJAJ-AUTO30JAN203000PE.NFO,07/01/2020,10:13:13,54.2,51.45,250,52,250,0,33750
BAJAJ-AUTO30JAN203000PE.NFO,07/01/2020,10:13:17,54.2,51.25,250,52,250,0,33750
BAJAJ-AUTO30JAN203000PE.NFO,07/01/2020,10:14:07,54.2,51.15,250,52,250,0,33750
BAJAJ-AUTO30JAN203000PE.NFO,07/01/2020,10:14:12,52,51.8,250,52.8,250,500,33000
BAJAJ-AUTO30JAN203000PE.NFO,07/01/2020,10:14:17,52,51.75,250,52.75,250,0,33000
BAJAJ-AUTO30JAN203000PE.NFO,07/01/2020,10:14:22,52,51.65,250,52.8,250,0,33000
BAJAJ-AUTO30JAN203000PE.NFO,07/01/2020,10:14:27,52,52.25,500,52.9,250,0,33000
BAJAJ-AUTO30JAN203000PE.NFO,07/01/2020,10:14:37,52,52.25,750,52.9,250,0,33000
BAJAJ-AUTO30JAN203000PE.NFO,07/01/2020,10:14:42,52,52.25,500,52.9,250,0,33000
BAJAJ-AUTO30JAN203000PE.NFO,07/01/2020,10:14:47,52,52.35,250,52.9,250,0,33000
BAJAJ-AUTO30JAN203000PE.NFO,07/01/2020,10:15:37,52,52.65,250,52.9,250,0,33000
BAJAJ-AUTO30JAN203000PE.NFO,07/01/2020,10:15:46,52.9,52.75,250,54,250,250,33000
BAJAJ-AUTO30JAN203000PE.NFO,07/01/2020,10:15:52,52.9,52.7,500,54.1,500,0,33000
BAJAJ-AUTO30JAN203000PE.NFO,07/01/2020,10:15:57,52.9,52.55,250,53.7,250,0,33000
BAJAJ-AUTO30JAN203000PE.NFO,07/01/2020,10:16:02,52.9,52.55,250,53.6,250,0,33000
BAJAJ-AUTO30JAN203000PE.NFO,07/01/2020,10:16:07,52.9,52.5,250,53.6,250,0,33000
BAJAJ-AUTO30JAN203000PE.NFO,07/01/2020,10:16:11,52.9,52.5,250,53.4,250,0,33000
BAJAJ-AUTO30JAN203000PE.NFO,07/01/2020,10:16:15,52.9,52.5,250,53.25,250,0,33000
BAJAJ-AUTO30JAN203000PE.NFO,07/01/2020,10:16:31,52.5,51.95,250,53.05,500,250,33000
BAJAJ-AUTO30JAN203000PE.NFO,07/01/2020,10:16:36,52.5,51.95,500,52.9,250,0,33000
BAJAJ-AUTO30JAN203000PE.NFO,07/01/2020,10:16:40,52.5,51.55,500,52.75,250,0,33000
BAJAJ-AUTO30JAN203000PE.NFO,07/01/2020,10:16:53,52.5,51.5,250,52.4,250,0,33000
BAJAJ-AUTO30JAN203000PE.NFO,07/01/2020,10:16:57,52.5,51.5,250,52.6,250,0,33000
BAJAJ-AUTO30JAN203000PE.NFO,07/01/2020,10:17:04,52.5,51.5,250,52.4,250,0,33000
BAJAJ-AUTO30JAN203000PE.NFO,07/01/2020,10:17:08,52.5,51.5,250,52.7,500,0,33000
BAJAJ-AUTO30JAN203000PE.NFO,07/01/2020,10:17:12,52.5,51.5,250,52.55,250,0,33000
BAJAJ-AUTO30JAN203000PE.NFO,07/01/2020,10:17:16,52.5,51.5,250,52.5,250,0,33000
BAJAJ-AUTO30JAN203000PE.NFO,07/01/2020,10:17:24,52.5,51.4,250,52.5,250,0,33000
BAJAJ-AUTO30JAN203000PE.NFO,07/01/2020,10:17:28,52.5,51.35,250,52.55,500,0,33000
BAJAJ-AUTO30JAN203000PE.NFO,07/01/2020,10:17:33,52.5,51.65,500,52.9,250,0,33000
BAJAJ-AUTO30JAN203000PE.NFO,07/01/2020,10:17:37,52.5,51.5,500,52.7,250,0,33000
BAJAJ-AUTO30JAN203000PE.NFO,07/01/2020,10:17:41,52.5,51.6,250,52.8,500,0,33000
BAJAJ-AUTO30JAN203000PE.NFO,07/01/2020,10:17:45,52.5,51.7,250,52.9,750,0,33000
BAJAJ-AUTO30JAN203000PE.NFO,07/01/2020,10:17:49,52.5,51.75,500,53.05,250,0,33000
BAJAJ-AUTO30JAN203000PE.NFO,07/01/2020,10:17:53,52.5,51.8,500,53.05,250,0,33000
BAJAJ-AUTO30JAN203000PE.NFO,07/01/2020,10:17:56,52.5,51.65,250,52.9,750,0,33000
BAJAJ-AUTO30JAN203000PE.NFO,07/01/2020,10:18:00,52.5,51.7,250,52.9,500,0,33000
BAJAJ-AUTO30JAN203000PE.NFO,07/01/2020,10:18:04,52.5,51.75,500,53.05,250,0,33000
BAJAJ-AUTO30JAN203000PE.NFO,07/01/2020,10:18:07,52.5,51.75,750,53.05,250,0,33000
BAJAJ-AUTO30JAN203000PE.NFO,07/01/2020,10:18:11,52.5,52,250,53.15,500,0,33000
BAJAJ-AUTO30JAN203000PE.NFO,07/01/2020,10:18:16,52.5,51.9,500,53.1,250,0,33000
BAJAJ-AUTO30JAN203000PE.NFO,07/01/2020,10:18:20,52.5,51.9,250,53.1,250,0,33000
BAJAJ-AUTO30JAN203000PE.NFO,07/01/2020,10:18:24,52.5,51.7,250,52.85,250,0,33000
BAJAJ-AUTO30JAN203000PE.NFO,07/01/2020,10:18:32,52.5,51.55,250,52.75,250,0,33000
BAJAJ-AUTO30JAN203000PE.NFO,07/01/2020,10:18:37,52.5,51.6,250,52.85,250,0,33000
BAJAJ-AUTO30JAN203000PE.NFO,07/01/2020,10:18:43,52.5,51.7,250,53.05,250,0,33000
BAJAJ-AUTO30JAN203000PE.NFO,07/01/2020,10:18:48,52.5,51.6,250,52.9,750,0,33000
BAJAJ-AUTO30JAN203000PE.NFO,07/01/2020,10:18:52,52.5,51.6,500,53,250,0,33000
BAJAJ-AUTO30JAN203000PE.NFO,07/01/2020,10:18:57,52.5,51.6,500,53.05,750,0,33000
BAJAJ-AUTO30JAN203000PE.NFO,07/01/2020,10:19:02,52.5,51.55,500,52.85,250,0,33000
BAJAJ-AUTO30JAN203000PE.NFO,07/01/2020,10:19:07,52.5,51.55,500,53,250,0,33000
BAJAJ-AUTO30JAN203000PE.NFO,07/01/2020,10:19:19,52.5,51.35,250,52.7,500,0,33000
BAJAJ-AUTO30JAN203000PE.NFO,07/01/2020,10:19:24,52.5,51.15,250,52.4,250,0,33000
BAJAJ-AUTO30JAN203000PE.NFO,07/01/2020,10:19:29,52.5,50.6,250,51.9,250,0,33000
BAJAJ-AUTO30JAN203000PE.NFO,07/01/2020,10:19:33,52.5,50.35,250,51.65,250,0,33000
BAJAJ-AUTO30JAN203000PE.NFO,07/01/2020,10:19:38,52.5,50.9,250,52.05,250,0,33000
BAJAJ-AUTO30JAN203000PE.NFO,07/01/2020,10:19:47,52.5,50.9,250,52.05,500,0,33000
BAJAJ-AUTO30JAN203000PE.NFO,07/01/2020,10:19:52,52.5,50.3,500,51.7,250,0,33000
BAJAJ-AUTO30JAN203000PE.NFO,07/01/2020,10:20:01,52.5,50.45,250,51.75,500,0,33000
BAJAJ-AUTO30JAN203000PE.NFO,07/01/2020,10:20:05,52.5,50.5,250,51.7,250,0,33000
BAJAJ-AUTO30JAN203000PE.NFO,07/01/2020,10:20:10,52.5,50.8,500,51.75,250,0,33000
BAJAJ-AUTO30JAN203000PE.NFO,07/01/2020,10:20:15,52.5,50.75,250,51.75,250,0,33000
BAJAJ-AUTO30JAN203000PE.NFO,07/01/2020,10:20:19,52.5,50.9,250,51.75,250,0,33000
BAJAJ-AUTO30JAN203000PE.NFO,07/01/2020,10:20:23,52.5,50.65,250,51.7,250,0,33000
BAJAJ-AUTO30JAN203000PE.NFO,07/01/2020,10:20:26,52.5,50.7,250,51.9,250,0,33000
BAJAJ-AUTO30JAN203000PE.NFO,07/01/2020,10:20:30,52.5,50.7,250,51.95,250,0,33000
BAJAJ-AUTO30JAN203000PE.NFO,07/01/2020,10:20:34,52.5,50.7,250,51.95,500,0,33000
BAJAJ-AUTO30JAN203000PE.NFO,07/01/2020,10:20:41,52.5,50.75,250,51.95,250,0,33000
BAJAJ-AUTO30JAN203000PE.NFO,07/01/2020,10:20:51,52.5,50.6,250,52,500,0,33000
BAJAJ-AUTO30JAN203000PE.NFO,07/01/2020,10:20:54,52.5,50.6,250,52,250,0,33000
BAJAJ-AUTO30JAN203000PE.NFO,07/01/2020,10:20:57,52.5,50.6,250,52,500,0,33000
BAJAJ-AUTO30JAN203000PE.NFO,07/01/2020,10:21:01,52.5,50.6,250,51.95,250,0,33000
BAJAJ-AUTO30JAN203000PE.NFO,07/01/2020,10:21:05,52.5,50.4,250,51.8,750,0,33000
BAJAJ-AUTO30JAN203000PE.NFO,07/01/2020,10:21:09,52.5,50.3,500,51.8,750,0,33000
BAJAJ-AUTO30JAN203000PE.NFO,07/01/2020,10:21:12,52.5,50.3,750,51.8,1000,0,33000
BAJAJ-AUTO30JAN203000PE.NFO,07/01/2020,10:21:16,52.5,50.75,500,51.95,250,0,33000
BAJAJ-AUTO30JAN203000PE.NFO,07/01/2020,10:21:25,52.5,51.05,250,52,250,0,33000
BAJAJ-AUTO30JAN203000PE.NFO,07/01/2020,10:21:32,52.5,50.95,250,52,500,0,33000
BAJAJ-AUTO30JAN203000PE.NFO,07/01/2020,10:21:47,52.5,50.95,250,52,250,0,33000
BAJAJ-AUTO30JAN203000PE.NFO,07/01/2020,10:21:51,52.5,50.95,250,52.05,500,0,33000
BAJAJ-AUTO30JAN203000PE.NFO,07/01/2020,10:22:00,52.5,50.95,250,51.5,250,0,33000
BAJAJ-AUTO30JAN203000PE.NFO,07/01/2020,10:22:09,52.5,50.95,500,51.5,250,0,33000
BAJAJ-AUTO30JAN203000PE.NFO,07/01/2020,10:22:13,52.5,50.95,250,51.5,250,0,33000
BAJAJ-AUTO30JAN203000PE.NFO,07/01/2020,10:22:43,51.6,52,250,53,250,250,33000
BAJAJ-AUTO30JAN203000PE.NFO,07/01/2020,10:22:50,51.6,52.3,500,53,250,0,33000
BAJAJ-AUTO30JAN203000PE.NFO,07/01/2020,10:22:55,51.6,52.4,250,53,250,0,33000
BAJAJ-AUTO30JAN203000PE.NFO,07/01/2020,10:23:00,51.6,52.1,250,53,250,0,33000
BAJAJ-AUTO30JAN203000PE.NFO,07/01/2020,10:23:06,51.6,52.1,250,53,500,0,33000
BAJAJ-AUTO30JAN203000PE.NFO,07/01/2020,10:23:28,51.6,52.1,250,53,250,0,33000
BAJAJ-AUTO30JAN203000PE.NFO,07/01/2020,10:24:06,51.6,51.95,250,52.95,250,0,33000
BAJAJ-AUTO30JAN203000PE.NFO,07/01/2020,10:24:14,51.6,51.95,500,53,250,0,33000
BAJAJ-AUTO30JAN203000PE.NFO,07/01/2020,10:24:22,51.6,51.7,250,52.8,250,0,33000
BAJAJ-AUTO30JAN203000PE.NFO,07/01/2020,10:24:29,51.6,51.7,500,52.8,250,0,33000
BAJAJ-AUTO30JAN203000PE.NFO,07/01/2020,10:24:42,51.6,51.7,750,52.8,250,0,33000
BAJAJ-AUTO30JAN203000PE.NFO,07/01/2020,10:24:46,51.6,51.7,500,52.8,250,0,33000
BAJAJ-AUTO30JAN203000PE.NFO,07/01/2020,10:24:49,51.6,51.7,750,52.85,500,0,33000
BAJAJ-AUTO30JAN203000PE.NFO,07/01/2020,10:24:52,51.6,51.9,250,52.85,250,0,33000
BAJAJ-AUTO30JAN203000PE.NFO,07/01/2020,10:24:55,51.6,52.1,250,52.85,250,0,33000
BAJAJ-AUTO30JAN203000PE.NFO,07/01/2020,10:25:00,51.6,52.05,250,53,250,0,33000
BAJAJ-AUTO30JAN203000PE.NFO,07/01/2020,10:25:08,51.6,51.85,250,52.85,500,0,33000
BAJAJ-AUTO30JAN203000PE.NFO,07/01/2020,10:25:15,51.6,51.85,250,52.85,250,0,33000
BAJAJ-AUTO30JAN203000PE.NFO,07/01/2020,10:25:24,51.6,51.85,250,52.85,500,0,33000
BAJAJ-AUTO30JAN203000PE.NFO,07/01/2020,10:25:33,51.6,51.95,250,52.85,250,0,33000
BAJAJ-AUTO30JAN203000PE.NFO,07/01/2020,10:25:39,51.6,51.75,250,52.8,250,0,33000
BAJAJ-AUTO30JAN203000PE.NFO,07/01/2020,10:25:50,51.6,51.65,250,52.8,250,0,33000
BAJAJ-AUTO30JAN203000PE.NFO,07/01/2020,10:25:55,51.6,51.65,250,52.7,250,0,33000
BAJAJ-AUTO30JAN203000PE.NFO,07/01/2020,10:26:11,51.6,50.95,250,52.55,500,0,33000
BAJAJ-AUTO30JAN203000PE.NFO,07/01/2020,10:26:16,51.6,50.95,250,52.55,250,0,33000
BAJAJ-AUTO30JAN203000PE.NFO,07/01/2020,10:26:20,51.6,50.9,750,52.55,500,0,33000
BAJAJ-AUTO30JAN203000PE.NFO,07/01/2020,10:26:30,51.6,51,750,52.6,250,0,33000
BAJAJ-AUTO30JAN203000PE.NFO,07/01/2020,10:26:32,51.6,51,250,52.6,250,0,33000
BAJAJ-AUTO30JAN203000PE.NFO,07/01/2020,10:26:39,51.6,51.05,250,52.6,250,0,33000
BAJAJ-AUTO30JAN203000PE.NFO,07/01/2020,10:26:46,51.6,51.1,500,52.6,250,0,33000
BAJAJ-AUTO30JAN203000PE.NFO,07/01/2020,10:26:49,51.6,51.25,250,52.6,250,0,33000
BAJAJ-AUTO30JAN203000PE.NFO,07/01/2020,10:26:53,51.6,51.2,250,52.6,250,0,33000
BAJAJ-AUTO30JAN203000PE.NFO,07/01/2020,10:26:56,51.6,50.85,500,52.65,250,0,33000
BAJAJ-AUTO30JAN203000PE.NFO,07/01/2020,10:26:59,51.6,50.95,250,52.4,250,0,33000
BAJAJ-AUTO30JAN203000PE.NFO,07/01/2020,10:27:07,51.6,51,250,52.4,250,0,33000
BAJAJ-AUTO30JAN203000PE.NFO,07/01/2020,10:27:14,51.6,50.85,250,52.45,500,0,33000
BAJAJ-AUTO30JAN203000PE.NFO,07/01/2020,10:27:18,51.6,50.85,250,52.4,250,0,33000
BAJAJ-AUTO30JAN203000PE.NFO,07/01/2020,10:27:26,51.6,51,250,52.45,500,0,33000
BAJAJ-AUTO30JAN203000PE.NFO,07/01/2020,10:27:30,51.6,51.1,250,52.6,250,0,33000
BAJAJ-AUTO30JAN203000PE.NFO,07/01/2020,10:27:34,51.6,51.2,250,52.6,250,0,33000
BAJAJ-AUTO30JAN203000PE.NFO,07/01/2020,10:27:48,51.6,51.55,250,52.85,250,0,33000
BAJAJ-AUTO30JAN203000PE.NFO,07/01/2020,10:28:05,51.6,51.4,250,52.85,250,0,33000
BAJAJ-AUTO30JAN203000PE.NFO,07/01/2020,10:28:09,51.6,51.4,500,52.85,250,0,33000
BAJAJ-AUTO30JAN203000PE.NFO,07/01/2020,10:28:24,51.6,51.4,250,52.85,250,0,33000
BAJAJ-AUTO30JAN203000PE.NFO,07/01/2020,10:28:29,51.6,51.4,250,52.55,250,0,33000
BAJAJ-AUTO30JAN203000PE.NFO,07/01/2020,10:28:33,51.6,51.4,250,52.65,250,0,33000
BAJAJ-AUTO30JAN203000PE.NFO,07/01/2020,10:28:41,51.6,51.4,250,52.75,250,0,33000
BAJAJ-AUTO30JAN203000PE.NFO,07/01/2020,10:28:43,51.6,51.25,250,52.8,250,0,33000
BAJAJ-AUTO30JAN203000PE.NFO,07/01/2020,10:28:47,51.6,51.2,500,52.75,250,0,33000
BAJAJ-AUTO30JAN203000PE.NFO,07/01/2020,10:28:50,51.6,51.2,750,52.8,250,0,33000
BAJAJ-AUTO30JAN203000PE.NFO,07/01/2020,10:28:53,51.6,51.1,250,52.7,500,0,33000
BAJAJ-AUTO30JAN203000PE.NFO,07/01/2020,10:29:02,51.6,51.15,250,52.7,500,0,33000
BAJAJ-AUTO30JAN203000PE.NFO,07/01/2020,10:29:08,51.6,50.9,250,52.45,500,0,33000
BAJAJ-AUTO30JAN203000PE.NFO,07/01/2020,10:29:10,51.6,50.9,250,52.35,250,0,33000
BAJAJ-AUTO30JAN203000PE.NFO,07/01/2020,10:29:18,51.6,51.25,500,52.75,500,0,33000
BAJAJ-AUTO30JAN203000PE.NFO,07/01/2020,10:29:21,51.6,51.8,250,53,250,0,33000
BAJAJ-AUTO30JAN203000PE.NFO,07/01/2020,10:29:23,51.6,51.65,250,53,250,0,33000
BAJAJ-AUTO30JAN203000PE.NFO,07/01/2020,10:29:27,51.6,51.65,250,52.95,250,0,33000
BAJAJ-AUTO30JAN203000PE.NFO,07/01/2020,10:29:31,51.6,51.6,250,52.95,250,0,33000
BAJAJ-AUTO30JAN203000PE.NFO,07/01/2020,10:29:35,51.6,51.65,250,52.95,500,0,33000
BAJAJ-AUTO30JAN203000PE.NFO,07/01/2020,10:29:38,51.6,51.7,250,52.95,250,0,33000
BAJAJ-AUTO30JAN203000PE.NFO,07/01/2020,10:29:42,51.6,52.05,250,53,250,0,33000
BAJAJ-AUTO30JAN203000PE.NFO,07/01/2020,10:29:46,51.6,51.85,250,53,250,0,33000
BAJAJ-AUTO30JAN203000PE.NFO,07/01/2020,10:29:49,51.6,51.8,250,52.95,250,0,33000
BAJAJ-AUTO30JAN203000PE.NFO,07/01/2020,10:29:52,51.6,51.8,250,53,250,0,33000
BAJAJ-AUTO30JAN203000PE.NFO,07/01/2020,10:29:54,51.6,51.9,500,53,250,0,33000
BAJAJ-AUTO30JAN203000PE.NFO,07/01/2020,10:29:57,51.6,51.9,500,53,500,0,33000
BAJAJ-AUTO30JAN203000PE.NFO,07/01/2020,10:30:04,51.6,52.05,250,53,250,0,33000
BAJAJ-AUTO30JAN203000PE.NFO,07/01/2020,10:30:07,51.6,51.9,250,53,500,0,33000
BAJAJ-AUTO30JAN203000PE.NFO,07/01/2020,10:30:10,51.6,51.95,250,53,500,0,33000
BAJAJ-AUTO30JAN203000PE.NFO,07/01/2020,10:30:13,51.6,51.9,250,53,500,0,33000
BAJAJ-AUTO30JAN203000PE.NFO,07/01/2020,10:30:21,51.6,52.05,250,53,250,0,33000
BAJAJ-AUTO30JAN203000PE.NFO,07/01/2020,10:30:26,51.6,51.85,250,53,500,0,33000
BAJAJ-AUTO30JAN203000PE.NFO,07/01/2020,10:30:44,51.6,51.85,250,53,250,0,33000
BAJAJ-AUTO30JAN203000PE.NFO,07/01/2020,10:30:47,51.6,51.85,250,52.95,250,0,33000
BAJAJ-AUTO30JAN203000PE.NFO,07/01/2020,10:30:54,51.6,51.85,250,52.9,250,0,33000
BAJAJ-AUTO30JAN203000PE.NFO,07/01/2020,10:31:30,51.6,51.75,250,52.9,250,0,33000
BAJAJ-AUTO30JAN203000PE.NFO,07/01/2020,10:31:35,51.6,51.85,250,52.9,250,0,33000
BAJAJ-AUTO30JAN203000PE.NFO,07/01/2020,10:31:39,51.6,51.75,250,52.9,250,0,33000
BAJAJ-AUTO30JAN203000PE.NFO,07/01/2020,10:31:42,51.6,51.85,250,52.9,250,0,33000
BAJAJ-AUTO30JAN203000PE.NFO,07/01/2020,10:31:46,51.6,51.75,250,52.9,250,0,33000
BAJAJ-AUTO30JAN203000PE.NFO,07/01/2020,10:31:50,51.6,51.8,250,52.9,250,0,33000
BAJAJ-AUTO30JAN203000PE.NFO,07/01/2020,10:32:02,51.6,51.95,250,52.9,250,0,33000
BAJAJ-AUTO30JAN203000PE.NFO,07/01/2020,10:32:06,51.6,51.8,250,52.9,500,0,33000
BAJAJ-AUTO30JAN203000PE.NFO,07/01/2020,10:32:10,51.6,51.75,250,52.9,250,0,33000
BAJAJ-AUTO30JAN203000PE.NFO,07/01/2020,10:32:14,51.6,51.6,250,52.85,250,0,33000
BAJAJ-AUTO30JAN203000PE.NFO,07/01/2020,10:32:19,51.6,51.6,250,52.6,250,0,33000
BAJAJ-AUTO30JAN203000PE.NFO,07/01/2020,10:32:28,51.6,51.6,250,52.65,750,0,33000
BAJAJ-AUTO30JAN203000PE.NFO,07/01/2020,10:33:18,51.6,51.6,250,52.5,250,0,33000
BAJAJ-AUTO30JAN203000PE.NFO,07/01/2020,10:33:23,51.6,51.6,250,52.35,250,0,33000
BAJAJ-AUTO30JAN203000PE.NFO,07/01/2020,10:33:36,51.6,51.6,250,52.5,250,0,33000
BAJAJ-AUTO30JAN203000PE.NFO,07/01/2020,10:33:45,51.6,51.65,250,52.75,250,0,33000
BAJAJ-AUTO30JAN203000PE.NFO,07/01/2020,10:33:56,51.6,51.7,500,52.75,250,0,33000
BAJAJ-AUTO30JAN203000PE.NFO,07/01/2020,10:33:59,51.6,51.65,250,52.8,250,0,33000
BAJAJ-AUTO30JAN203000PE.NFO,07/01/2020,10:34:02,51.6,51.7,250,52.8,250,0,33000
BAJAJ-AUTO30JAN203000PE.NFO,07/01/2020,10:34:06,51.6,51.7,250,52.85,250,0,33000
BAJAJ-AUTO30JAN203000PE.NFO,07/01/2020,10:34:17,51.6,51.7,250,52.9,250,0,33000
BAJAJ-AUTO30JAN203000PE.NFO,07/01/2020,10:34:19,51.6,51.75,250,52.9,250,0,33000
BAJAJ-AUTO30JAN203000PE.NFO,07/01/2020,10:34:22,51.6,51.65,250,52.8,250,0,33000
BAJAJ-AUTO30JAN203000PE.NFO,07/01/2020,10:34:26,51.6,51.65,250,52.85,250,0,33000
BAJAJ-AUTO30JAN203000PE.NFO,07/01/2020,10:34:29,51.6,51.65,250,52.6,250,0,33000
BAJAJ-AUTO30JAN203000PE.NFO,07/01/2020,10:34:37,51.6,51.65,250,52.65,250,0,33000
BAJAJ-AUTO30JAN203000PE.NFO,07/01/2020,10:34:48,51.6,51.6,250,52.65,250,0,33000
BAJAJ-AUTO30JAN203000PE.NFO,07/01/2020,10:34:51,51.6,51.65,250,52.65,250,0,33000
BAJAJ-AUTO30JAN203000PE.NFO,07/01/2020,10:34:55,51.6,51.85,250,52.9,250,0,33000
BAJAJ-AUTO30JAN203000PE.NFO,07/01/2020,10:35:01,51.6,51.65,250,52.6,500,0,33000
BAJAJ-AUTO30JAN203000PE.NFO,07/01/2020,10:35:11,51.6,51.6,250,52.6,500,0,33000
BAJAJ-AUTO30JAN203000PE.NFO,07/01/2020,10:35:26,51.6,51.65,250,52.6,500,0,33000
BAJAJ-AUTO30JAN203000PE.NFO,07/01/2020,10:35:29,51.6,51.7,250,52.6,250,0,33000
BAJAJ-AUTO30JAN203000PE.NFO,07/01/2020,10:35:32,51.6,51.65,250,52.6,250,0,33000
BAJAJ-AUTO30JAN203000PE.NFO,07/01/2020,10:35:40,51.6,51.6,250,52.6,250,0,33000
BAJAJ-AUTO30JAN203000PE.NFO,07/01/2020,10:35:43,51.6,51.65,250,52.6,250,0,33000
BAJAJ-AUTO30JAN203000PE.NFO,07/01/2020,10:35:46,51.6,51.6,250,52.6,250,0,33000
BAJAJ-AUTO30JAN203000PE.NFO,07/01/2020,10:35:50,51.6,51.6,250,52.6,500,0,33000
BAJAJ-AUTO30JAN203000PE.NFO,07/01/2020,10:35:53,51.6,51.6,250,52.6,250,0,33000
BAJAJ-AUTO30JAN203000PE.NFO,07/01/2020,10:36:13,51.6,51.65,250,52.6,250,0,33000
BAJAJ-AUTO30JAN203000PE.NFO,07/01/2020,10:36:16,51.6,51.6,250,52.6,250,0,33000
BAJAJ-AUTO30JAN203000PE.NFO,07/01/2020,10:36:35,51.6,51.6,250,52.6,500,0,33000
BAJAJ-AUTO30JAN203000PE.NFO,07/01/2020,10:36:41,51.6,51.6,250,52.6,250,0,33000
BAJAJ-AUTO30JAN203000PE.NFO,07/01/2020,10:36:50,51.6,51.6,250,52.6,500,0,33000
BAJAJ-AUTO30JAN203000PE.NFO,07/01/2020,10:37:05,51.6,51.6,250,52.6,250,0,33000
BAJAJ-AUTO30JAN203000PE.NFO,07/01/2020,10:37:15,51.6,51.6,250,52.7,250,0,33000
BAJAJ-AUTO30JAN203000PE.NFO,07/01/2020,10:37:18,51.6,51.6,250,52.75,500,0,33000
BAJAJ-AUTO30JAN203000PE.NFO,07/01/2020,10:37:21,51.6,52.05,250,53,250,0,33000
BAJAJ-AUTO30JAN203000PE.NFO,07/01/2020,10:37:27,51.6,52.15,250,53,250,0,33000
BAJAJ-AUTO30JAN203000PE.NFO,07/01/2020,10:37:29,51.6,52.25,250,53,250,0,33000
BAJAJ-AUTO30JAN203000PE.NFO,07/01/2020,10:37:37,51.6,52.4,250,52.95,250,0,33000
BAJAJ-AUTO30JAN203000PE.NFO,07/01/2020,10:37:56,51.6,51.85,1000,52.95,250,0,33000
BAJAJ-AUTO30JAN203000PE.NFO,07/01/2020,10:38:00,51.6,51.85,750,52.95,250,0,33000
BAJAJ-AUTO30JAN203000PE.NFO,07/01/2020,10:38:06,51.6,51.85,250,52.9,250,0,33000
BAJAJ-AUTO30JAN203000PE.NFO,07/01/2020,10:38:09,51.6,51.85,500,52.9,250,0,33000
BAJAJ-AUTO30JAN203000PE.NFO,07/01/2020,10:38:11,51.6,51.95,250,52.95,500,0,33000
BAJAJ-AUTO30JAN203000PE.NFO,07/01/2020,10:38:13,51.6,52.15,250,53,250,0,33000
BAJAJ-AUTO30JAN203000PE.NFO,07/01/2020,10:38:24,51.6,51.95,250,53,250,0,33000
BAJAJ-AUTO30JAN203000PE.NFO,07/01/2020,10:38:27,51.6,52.3,250,53,250,0,33000
BAJAJ-AUTO30JAN203000PE.NFO,07/01/2020,10:39:00,51.6,52.05,250,53,250,0,33000
BAJAJ-AUTO30JAN203000PE.NFO,07/01/2020,10:39:14,51.6,52,250,53,750,0,33000
BAJAJ-AUTO30JAN203000PE.NFO,07/01/2020,10:39:17,51.6,52.35,500,53,250,0,33000
BAJAJ-AUTO30JAN203000PE.NFO,07/01/2020,10:39:22,51.6,52.35,250,53,250,0,33000
BAJAJ-AUTO30JAN203000PE.NFO,07/01/2020,10:39:29,51.6,52.05,250,52.9,500,0,33000
BAJAJ-AUTO30JAN203000PE.NFO,07/01/2020,10:39:41,51.6,52.05,250,52.95,250,0,33000
BAJAJ-AUTO30JAN203000PE.NFO,07/01/2020,10:39:50,51.6,52.25,250,53,250,0,33000
BAJAJ-AUTO30JAN203000PE.NFO,07/01/2020,10:39:59,51.6,52.25,250,52.95,250,0,33000
BAJAJ-AUTO30JAN203000PE.NFO,07/01/2020,10:40:05,51.6,52,250,52.9,250,0,33000
BAJAJ-AUTO30JAN203000PE.NFO,07/01/2020,10:40:09,51.6,51.55,250,52.65,500,0,33000
BAJAJ-AUTO30JAN203000PE.NFO,07/01/2020,10:40:26,51.6,51.3,500,52.6,250,0,33000
BAJAJ-AUTO30JAN203000PE.NFO,07/01/2020,10:40:29,51.6,51.65,250,52.65,500,0,33000
BAJAJ-AUTO30JAN203000PE.NFO,07/01/2020,10:40:31,51.6,51.4,250,52.65,500,0,33000
BAJAJ-AUTO30JAN203000PE.NFO,07/01/2020,10:40:35,51.6,51.5,250,52.65,500,0,33000
BAJAJ-AUTO30JAN203000PE.NFO,07/01/2020,10:40:37,51.6,51.6,500,52.65,500,0,33000
BAJAJ-AUTO30JAN203000PE.NFO,07/01/2020,10:40:39,51.6,51.55,250,52.55,250,0,33000
BAJAJ-AUTO30JAN203000PE.NFO,07/01/2020,10:40:47,51.6,51.55,250,52.65,500,0,33000
BAJAJ-AUTO30JAN203000PE.NFO,07/01/2020,10:40:50,51.6,51.65,500,52.75,250,0,33000
BAJAJ-AUTO30JAN203000PE.NFO,07/01/2020,10:40:52,51.6,51.7,250,52.7,250,0,33000
BAJAJ-AUTO30JAN203000PE.NFO,07/01/2020,10:40:54,51.6,51.75,250,52.75,250,0,33000
BAJAJ-AUTO30JAN203000PE.NFO,07/01/2020,10:40:57,51.6,51.75,250,52.7,250,0,33000
BAJAJ-AUTO30JAN203000PE.NFO,07/01/2020,10:41:07,51.6,51.75,500,52.75,250,0,33000
BAJAJ-AUTO30JAN203000PE.NFO,07/01/2020,10:41:14,51.6,51.8,250,52.75,500,0,33000
BAJAJ-AUTO30JAN203000PE.NFO,07/01/2020,10:41:22,51.6,51.75,250,52.75,500,0,33000
BAJAJ-AUTO30JAN203000PE.NFO,07/01/2020,10:42:46,51.6,51.75,250,52.65,250,0,33000
BAJAJ-AUTO30JAN203000PE.NFO,07/01/2020,10:42:57,51.6,51.75,250,52.6,500,0,33000
BAJAJ-AUTO30JAN203000PE.NFO,07/01/2020,10:42:59,51.6,51.75,250,52.6,250,0,33000
BAJAJ-AUTO30JAN203000PE.NFO,07/01/2020,10:43:16,51.6,51.75,250,52.6,500,0,33000
BAJAJ-AUTO30JAN203000PE.NFO,07/01/2020,10:43:23,51.6,51.75,250,52.6,250,0,33000
BAJAJ-AUTO30JAN203000PE.NFO,07/01/2020,10:43:26,51.6,51.75,250,52.6,500,0,33000
BAJAJ-AUTO30JAN203000PE.NFO,07/01/2020,10:43:29,51.6,51.75,250,52.45,500,0,33000
BAJAJ-AUTO30JAN203000PE.NFO,07/01/2020,10:43:32,51.6,51.75,250,52.4,250,0,33000
BAJAJ-AUTO30JAN203000PE.NFO,07/01/2020,10:43:35,51.6,51.75,250,52.45,250,0,33000
BAJAJ-AUTO30JAN203000PE.NFO,07/01/2020,10:43:38,51.6,51.75,250,52.5,250,0,33000
BAJAJ-AUTO30JAN203000PE.NFO,07/01/2020,10:43:41,51.6,51.8,250,52.65,250,0,33000
BAJAJ-AUTO30JAN203000PE.NFO,07/01/2020,10:44:15,51.6,51.75,250,52.6,750,0,33000
BAJAJ-AUTO30JAN203000PE.NFO,07/01/2020,10:44:23,51.6,51.8,250,52.6,250,0,33000
BAJAJ-AUTO30JAN203000PE.NFO,07/01/2020,10:45:03,51.6,51.8,250,52.5,250,0,33000
BAJAJ-AUTO30JAN203000PE.NFO,07/01/2020,10:45:10,51.6,51.75,250,52.5,250,0,33000
BAJAJ-AUTO30JAN203000PE.NFO,07/01/2020,10:45:15,51.6,51.75,250,52.55,250,0,33000
BAJAJ-AUTO30JAN203000PE.NFO,07/01/2020,10:45:19,51.6,51.75,250,52.5,250,0,33000
BAJAJ-AUTO30JAN203000PE.NFO,07/01/2020,10:45:26,51.75,51.3,250,52.2,250,250,33000
BAJAJ-AUTO30JAN203000PE.NFO,07/01/2020,10:45:29,51.75,51.3,250,52.1,250,0,33000
BAJAJ-AUTO30JAN203000PE.NFO,07/01/2020,10:45:44,51.75,51.5,250,52.1,250,0,33000
BAJAJ-AUTO30JAN203000PE.NFO,07/01/2020,10:45:47,51.75,51.5,250,52.1,500,0,33000
BAJAJ-AUTO30JAN203000PE.NFO,07/01/2020,10:45:50,51.75,51.5,250,52.05,250,0,33000
BAJAJ-AUTO30JAN203000PE.NFO,07/01/2020,10:46:03,51.75,51.5,250,52.1,250,0,33000
BAJAJ-AUTO30JAN203000PE.NFO,07/01/2020,10:46:20,51.75,51.55,250,52.1,250,0,33000
BAJAJ-AUTO30JAN203000PE.NFO,07/01/2020,10:46:33,51.75,51.55,250,52.1,500,0,33000
BAJAJ-AUTO30JAN203000PE.NFO,07/01/2020,10:46:38,51.75,51.05,250,52.1,500,0,33000
BAJAJ-AUTO30JAN203000PE.NFO,07/01/2020,10:46:45,51.75,51.05,250,51.85,250,0,33000
BAJAJ-AUTO30JAN203000PE.NFO,07/01/2020,10:47:01,51.75,51.05,250,51.9,500,0,33000
BAJAJ-AUTO30JAN203000PE.NFO,07/01/2020,10:47:14,51.75,51.05,250,51.9,250,0,33000
BAJAJ-AUTO30JAN203000PE.NFO,07/01/2020,10:47:18,51,49.7,750,51.05,250,500,33000
BAJAJ-AUTO30JAN203000PE.NFO,07/01/2020,10:47:23,51,49.85,500,51.15,250,0,33000
BAJAJ-AUTO30JAN203000PE.NFO,07/01/2020,10:47:27,51,50.15,250,51.15,250,0,33000
BAJAJ-AUTO30JAN203000PE.NFO,07/01/2020,10:47:36,51,50.15,500,51.15,250,0,33000
BAJAJ-AUTO30JAN203000PE.NFO,07/01/2020,10:47:39,51,50.25,250,51.15,250,0,33000
BAJAJ-AUTO30JAN203000PE.NFO,07/01/2020,10:48:22,51,50.25,250,51.55,250,0,33000
BAJAJ-AUTO30JAN203000PE.NFO,07/01/2020,10:48:26,51,50.25,250,51.3,250,0,33000
BAJAJ-AUTO30JAN203000PE.NFO,07/01/2020,10:48:29,51,50.25,250,51.25,250,0,33000
BAJAJ-AUTO30JAN203000PE.NFO,07/01/2020,10:48:33,51,50.45,250,51.35,250,0,33000
BAJAJ-AUTO30JAN203000PE.NFO,07/01/2020,10:48:38,51.35,50.65,250,51.75,250,250,33250
BAJAJ-AUTO30JAN203000PE.NFO,07/01/2020,10:48:53,51.35,50.9,250,51.85,250,0,33250
BAJAJ-AUTO30JAN203000PE.NFO,07/01/2020,10:48:57,51.35,50.9,250,51.9,750,0,33250
BAJAJ-AUTO30JAN203000PE.NFO,07/01/2020,10:49:00,51.35,50.8,250,51.95,250,0,33250
BAJAJ-AUTO30JAN203000PE.NFO,07/01/2020,10:49:07,51.35,51.1,250,52.05,750,0,33250
BAJAJ-AUTO30JAN203000PE.NFO,07/01/2020,10:49:16,51.35,51.1,250,52.1,500,0,33250
BAJAJ-AUTO30JAN203000PE.NFO,07/01/2020,10:49:29,51.35,51.05,250,52,250,0,33250
BAJAJ-AUTO30JAN203000PE.NFO,07/01/2020,10:49:36,51.35,51.5,250,52.6,250,0,33250
BAJAJ-AUTO30JAN203000PE.NFO,07/01/2020,10:49:39,51.35,51.55,250,52.6,250,0,33250
BAJAJ-AUTO30JAN203000PE.NFO,07/01/2020,10:49:43,51.35,51.65,250,52.65,250,0,33250
BAJAJ-AUTO30JAN203000PE.NFO,07/01/2020,10:49:47,51.35,51.8,250,52.8,250,0,33250
BAJAJ-AUTO30JAN203000PE.NFO,07/01/2020,10:49:51,51.35,51.95,500,52.85,250,0,33250
BAJAJ-AUTO30JAN203000PE.NFO,07/01/2020,10:49:55,51.35,52.05,250,52.85,250,0,33250
BAJAJ-AUTO30JAN203000PE.NFO,07/01/2020,10:50:01,51.35,52.05,250,52.95,250,0,33250
BAJAJ-AUTO30JAN203000PE.NFO,07/01/2020,10:50:19,51.35,52.15,250,52.8,250,0,33250
BAJAJ-AUTO30JAN203000PE.NFO,07/01/2020,10:50:28,51.35,52.15,250,52.85,250,0,33250
BAJAJ-AUTO30JAN203000PE.NFO,07/01/2020,10:50:32,51.35,52.15,250,52.9,250,0,33250
BAJAJ-AUTO30JAN203000PE.NFO,07/01/2020,10:50:50,51.35,52.2,250,52.9,250,0,33250
BAJAJ-AUTO30JAN203000PE.NFO,07/01/2020,10:51:02,51.35,52.2,250,53,500,0,33250
BAJAJ-AUTO30JAN203000PE.NFO,07/01/2020,10:51:06,51.35,52.2,250,52.85,250,0,33250
BAJAJ-AUTO30JAN203000PE.NFO,07/01/2020,10:51:13,51.35,52.2,250,52.9,250,0,33250
BAJAJ-AUTO30JAN203000PE.NFO,07/01/2020,10:51:34,51.35,52.2,250,52.95,500,0,33250
BAJAJ-AUTO30JAN203000PE.NFO,07/01/2020,10:51:54,51.35,52.2,250,52.95,250,0,33250
BAJAJ-AUTO30JAN203000PE.NFO,07/01/2020,10:51:59,51.35,52.2,250,53,500,0,33250
BAJAJ-AUTO30JAN203000PE.NFO,07/01/2020,10:52:14,51.35,52.2,250,53,750,0,33250
BAJAJ-AUTO30JAN203000PE.NFO,07/01/2020,10:52:23,51.35,52,250,52.85,750,0,33250
BAJAJ-AUTO30JAN203000PE.NFO,07/01/2020,10:52:29,51.35,51.8,250,52.65,500,0,33250
BAJAJ-AUTO30JAN203000PE.NFO,07/01/2020,10:52:35,51.35,51.6,250,52.6,250,0,33250
BAJAJ-AUTO30JAN203000PE.NFO,07/01/2020,10:52:39,51.35,51.6,250,52.5,500,0,33250
BAJAJ-AUTO30JAN203000PE.NFO,07/01/2020,10:52:44,51.35,51.65,250,52.5,500,0,33250
BAJAJ-AUTO30JAN203000PE.NFO,07/01/2020,10:52:47,51.35,51.65,250,52.6,250,0,33250
BAJAJ-AUTO30JAN203000PE.NFO,07/01/2020,10:52:56,51.35,51.7,250,52.7,500,0,33250
BAJAJ-AUTO30JAN203000PE.NFO,07/01/2020,10:53:01,51.35,51.55,500,52.55,500,0,33250
BAJAJ-AUTO30JAN203000PE.NFO,07/01/2020,10:53:07,51.35,51.55,500,52.65,250,0,33250
BAJAJ-AUTO30JAN203000PE.NFO,07/01/2020,10:53:13,51.35,51.8,250,52.75,250,0,33250
BAJAJ-AUTO30JAN203000PE.NFO,07/01/2020,10:53:28,51.35,51.8,250,52.9,250,0,33250
BAJAJ-AUTO30JAN203000PE.NFO,07/01/2020,10:53:33,51.35,51.5,250,52.6,250,0,33250
BAJAJ-AUTO30JAN203000PE.NFO,07/01/2020,10:53:38,51.35,51.55,250,52.6,500,0,33250
BAJAJ-AUTO30JAN203000PE.NFO,07/01/2020,10:53:43,51.35,51.45,250,52.65,250,0,33250
BAJAJ-AUTO30JAN203000PE.NFO,07/01/2020,10:53:49,51.35,51.45,250,52.6,250,0,33250
BAJAJ-AUTO30JAN203000PE.NFO,07/01/2020,10:54:06,51.35,51.4,250,52.5,250,0,33250
BAJAJ-AUTO30JAN203000PE.NFO,07/01/2020,10:54:11,51.35,50.9,250,52.15,500,0,33250
BAJAJ-AUTO30JAN203000PE.NFO,07/01/2020,10:54:17,51.35,51.3,250,52.45,250,0,33250
BAJAJ-AUTO30JAN203000PE.NFO,07/01/2020,10:54:23,51.35,51.5,250,52.6,250,0,33250
BAJAJ-AUTO30JAN203000PE.NFO,07/01/2020,10:54:34,51.35,51.7,250,52.7,250,0,33250
BAJAJ-AUTO30JAN203000PE.NFO,07/01/2020,10:54:49,51.35,51.75,250,52.75,250,0,33250
BAJAJ-AUTO30JAN203000PE.NFO,07/01/2020,10:54:53,51.35,51.75,250,52.75,750,0,33250
BAJAJ-AUTO30JAN203000PE.NFO,07/01/2020,10:54:58,51.35,51.75,250,52.75,500,0,33250
BAJAJ-AUTO30JAN203000PE.NFO,07/01/2020,10:55:03,51.35,51.8,250,52.75,250,0,33250
BAJAJ-AUTO30JAN203000PE.NFO,07/01/2020,10:55:08,51.35,51.75,250,52.7,250,0,33250
BAJAJ-AUTO30JAN203000PE.NFO,07/01/2020,10:55:12,51.35,51.75,250,52.8,250,0,33250
BAJAJ-AUTO30JAN203000PE.NFO,07/01/2020,10:55:17,51.35,51.75,250,52.7,250,0,33250
BAJAJ-AUTO30JAN203000PE.NFO,07/01/2020,10:55:21,51.35,51.75,250,52.65,500,0,33250
BAJAJ-AUTO30JAN203000PE.NFO,07/01/2020,10:55:26,51.35,51.75,250,52.7,250,0,33250
BAJAJ-AUTO30JAN203000PE.NFO,07/01/2020,10:55:52,51.35,51.75,250,52.6,250,0,33250
BAJAJ-AUTO30JAN203000PE.NFO,07/01/2020,10:55:57,51.35,51.75,250,52.7,250,0,33250
BAJAJ-AUTO30JAN203000PE.NFO,07/01/2020,10:56:00,51.35,51.75,250,52.65,250,0,33250
BAJAJ-AUTO30JAN203000PE.NFO,07/01/2020,10:56:04,51.35,51.75,250,52.6,250,0,33250
BAJAJ-AUTO30JAN203000PE.NFO,07/01/2020,10:56:09,51.35,52,250,52.45,250,0,33250
BAJAJ-AUTO30JAN203000PE.NFO,07/01/2020,10:56:15,51.35,52,250,52.55,250,0,33250
BAJAJ-AUTO30JAN203000PE.NFO,07/01/2020,10:56:19,51.35,52,250,52.55,500,0,33250
BAJAJ-AUTO30JAN203000PE.NFO,07/01/2020,10:56:29,51.35,52,250,52.65,500,0,33250
BAJAJ-AUTO30JAN203000PE.NFO,07/01/2020,10:57:12,51.35,52.35,250,53,250,0,33250
BAJAJ-AUTO30JAN203000PE.NFO,07/01/2020,10:57:19,51.35,52.2,250,53,250,0,33250
BAJAJ-AUTO30JAN203000PE.NFO,07/01/2020,10:57:26,51.35,52.15,250,52.75,250,0,33250
BAJAJ-AUTO30JAN203000PE.NFO,07/01/2020,10:57:32,51.35,52,250,52.85,250,0,33250
BAJAJ-AUTO30JAN203000PE.NFO,07/01/2020,10:57:38,51.35,52,250,52.85,500,0,33250
BAJAJ-AUTO30JAN203000PE.NFO,07/01/2020,10:57:43,51.35,52,250,52.8,250,0,33250
BAJAJ-AUTO30JAN203000PE.NFO,07/01/2020,10:57:48,51.35,52.1,250,52.9,250,0,33250
BAJAJ-AUTO30JAN203000PE.NFO,07/01/2020,10:58:01,51.35,52.45,250,52.95,250,0,33250
BAJAJ-AUTO30JAN203000PE.NFO,07/01/2020,10:58:11,51.35,52.25,250,52.95,250,0,33250
BAJAJ-AUTO30JAN203000PE.NFO,07/01/2020,10:58:15,51.35,52.2,250,52.9,250,0,33250
BAJAJ-AUTO30JAN203000PE.NFO,07/01/2020,10:58:20,51.35,52.25,500,52.95,250,0,33250
BAJAJ-AUTO30JAN203000PE.NFO,07/01/2020,10:58:25,51.35,52.25,250,52.95,250,0,33250
BAJAJ-AUTO30JAN203000PE.NFO,07/01/2020,10:58:31,51.35,52.2,250,52.95,250,0,33250
BAJAJ-AUTO30JAN203000PE.NFO,07/01/2020,10:58:36,51.35,52.25,250,52.95,250,0,33250
BAJAJ-AUTO30JAN203000PE.NFO,07/01/2020,10:58:41,51.35,52.35,250,53,250,0,33250
BAJAJ-AUTO30JAN203000PE.NFO,07/01/2020,10:58:46,51.35,52.3,250,53,250,0,33250
BAJAJ-AUTO30JAN203000PE.NFO,07/01/2020,10:58:51,51.35,52.25,250,53,250,0,33250
BAJAJ-AUTO30JAN203000PE.NFO,07/01/2020,10:59:07,53,52.35,250,53.15,500,250,33000
BAJAJ-AUTO30JAN203000PE.NFO,07/01/2020,10:59:13,53,52.35,250,53.15,500,0,33000
BAJAJ-AUTO30JAN203000PE.NFO,07/01/2020,10:59:18,53,52.55,250,53.15,250,0,33000
BAJAJ-AUTO30JAN203000PE.NFO,07/01/2020,10:59:24,53,52.65,500,53.3,250,0,33000
BAJAJ-AUTO30JAN203000PE.NFO,07/01/2020,10:59:40,53,52.65,250,53.3,250,0,33000
BAJAJ-AUTO30JAN203000PE.NFO,07/01/2020,10:59:45,53,52.5,250,53.3,250,0,33000
BAJAJ-AUTO30JAN203000PE.NFO,07/01/2020,10:59:50,53.3,53.2,750,54.2,250,250,32750
BAJAJ-AUTO30JAN203000PE.NFO,07/01/2020,10:59:55,53.3,53.2,250,54.1,250,0,32750
BAJAJ-AUTO30JAN203000PE.NFO,07/01/2020,11:00:20,53.3,53,250,53.8,500,0,32750
BAJAJ-AUTO30JAN203000PE.NFO,07/01/2020,11:00:26,53.3,53,250,53.65,250,0,32750
BAJAJ-AUTO30JAN203000PE.NFO,07/01/2020,11:00:33,53.65,52.6,500,53.65,250,250,32750
BAJAJ-AUTO30JAN203000PE.NFO,07/01/2020,11:00:39,53.65,52.6,250,53.5,250,0,32750
BAJAJ-AUTO30JAN203000PE.NFO,07/01/2020,11:00:45,53.65,52.6,250,53.4,250,0,32750
BAJAJ-AUTO30JAN203000PE.NFO,07/01/2020,11:00:51,53.35,52.95,750,53.5,250,250,32750
BAJAJ-AUTO30JAN203000PE.NFO,07/01/2020,11:00:58,53.5,53.4,250,54.35,250,250,32750
BAJAJ-AUTO30JAN203000PE.NFO,07/01/2020,11:01:06,55.3,54.6,250,55.6,250,500,32750
BAJAJ-AUTO30JAN203000PE.NFO,07/01/2020,11:01:06,55.3,54.6,250,55.6,250,0,32750
BAJAJ-AUTO30JAN203000PE.NFO,07/01/2020,11:01:14,55.3,55,250,55.85,250,0,32750
BAJAJ-AUTO30JAN203000PE.NFO,07/01/2020,11:01:20,55.3,55.05,250,56,250,0,32750
BAJAJ-AUTO30JAN203000PE.NFO,07/01/2020,11:01:27,55.3,55.05,250,55.95,250,0,32750
BAJAJ-AUTO30JAN203000PE.NFO,07/01/2020,11:01:33,55.3,55,250,55.65,250,0,32750
BAJAJ-AUTO30JAN203000PE.NFO,07/01/2020,11:01:40,55,54.35,500,55.45,250,250,32750
BAJAJ-AUTO30JAN203000PE.NFO,07/01/2020,11:01:47,55,54.25,500,55.5,250,0,32750
BAJAJ-AUTO30JAN203000PE.NFO,07/01/2020,11:01:55,55,54.15,250,55.35,750,0,32750
BAJAJ-AUTO30JAN203000PE.NFO,07/01/2020,11:02:02,55,53.8,750,55.35,500,0,32750
BAJAJ-AUTO30JAN203000PE.NFO,07/01/2020,11:02:08,55,53.9,500,55.1,250,0,32750
BAJAJ-AUTO30JAN203000PE.NFO,07/01/2020,11:02:15,55,54,250,55.05,500,0,32750
BAJAJ-AUTO30JAN203000PE.NFO,07/01/2020,11:02:21,55,54,250,54.75,250,0,32750
BAJAJ-AUTO30JAN203000PE.NFO,07/01/2020,11:02:27,55,54,250,54.45,500,0,32750
BAJAJ-AUTO30JAN203000PE.NFO,07/01/2020,11:02:34,54,53.2,500,54.45,250,250,32750
BAJAJ-AUTO30JAN203000PE.NFO,07/01/2020,11:02:40,54,53.2,250,54.45,500,0,32750
BAJAJ-AUTO30JAN203000PE.NFO,07/01/2020,11:02:45,54,53.2,500,54.35,250,0,32750
BAJAJ-AUTO30JAN203000PE.NFO,07/01/2020,11:02:51,54,53,250,53.95,500,0,32750
BAJAJ-AUTO30JAN203000PE.NFO,07/01/2020,11:02:57,54,52.85,250,53.85,250,0,32750
BAJAJ-AUTO30JAN203000PE.NFO,07/01/2020,11:03:03,54,52.45,250,53.55,250,0,32750
BAJAJ-AUTO30JAN203000PE.NFO,07/01/2020,11:03:09,54,52.85,750,53.9,250,0,32750
BAJAJ-AUTO30JAN203000PE.NFO,07/01/2020,11:03:15,54,52.85,750,54.15,250,0,32750
BAJAJ-AUTO30JAN203000PE.NFO,07/01/2020,11:03:20,54,52.85,500,54.1,250,0,32750
BAJAJ-AUTO30JAN203000PE.NFO,07/01/2020,11:03:26,53,52.85,250,53,250,250,33250
BAJAJ-AUTO30JAN203000PE.NFO,07/01/2020,11:03:31,53,52.85,250,53.8,250,250,33250
BAJAJ-AUTO30JAN203000PE.NFO,07/01/2020,11:03:36,53,53.15,250,54,250,0,33250
BAJAJ-AUTO30JAN203000PE.NFO,07/01/2020,11:03:42,53,53.25,250,54.05,250,0,33250
BAJAJ-AUTO30JAN203000PE.NFO,07/01/2020,11:03:49,53,53.05,250,53.8,250,0,33250
BAJAJ-AUTO30JAN203000PE.NFO,07/01/2020,11:04:01,53,53.05,500,53.85,250,0,33250
BAJAJ-AUTO30JAN203000PE.NFO,07/01/2020,11:04:06,53,53.15,250,54.05,250,0,33250
BAJAJ-AUTO30JAN203000PE.NFO,07/01/2020,11:04:12,53,53.5,250,54.5,250,0,33250
BAJAJ-AUTO30JAN203000PE.NFO,07/01/2020,11:04:18,53,53.35,250,54.55,500,0,33250
BAJAJ-AUTO30JAN203000PE.NFO,07/01/2020,11:04:24,53,53.2,250,54.2,250,0,33250
BAJAJ-AUTO30JAN203000PE.NFO,07/01/2020,11:04:30,53,52.8,250,54.05,250,0,33250
BAJAJ-AUTO30JAN203000PE.NFO,07/01/2020,11:04:36,53,53.3,250,54.25,250,0,33250
BAJAJ-AUTO30JAN203000PE.NFO,07/01/2020,11:04:41,53,53.2,250,54.25,500,0,33250
BAJAJ-AUTO30JAN203000PE.NFO,07/01/2020,11:04:53,53,53.1,250,54.25,500,0,33250
BAJAJ-AUTO30JAN203000PE.NFO,07/01/2020,11:05:04,53,53.35,250,54.25,500,0,33250
BAJAJ-AUTO30JAN203000PE.NFO,07/01/2020,11:05:10,53,53.5,250,54.45,250,0,33250
BAJAJ-AUTO30JAN203000PE.NFO,07/01/2020,11:05:16,53,53.45,250,54.45,250,0,33250
BAJAJ-AUTO30JAN203000PE.NFO,07/01/2020,11:05:21,53,53.35,250,54.4,250,0,33250
BAJAJ-AUTO30JAN203000PE.NFO,07/01/2020,11:05:31,53,53.5,250,54.3,500,0,33250
BAJAJ-AUTO30JAN203000PE.NFO,07/01/2020,11:05:37,53,53.35,250,54.2,250,0,33250
BAJAJ-AUTO30JAN203000PE.NFO,07/01/2020,11:05:42,53,53.35,250,54.25,250,0,33250
BAJAJ-AUTO30JAN203000PE.NFO,07/01/2020,11:05:47,53,53.1,250,54.1,250,0,33250
BAJAJ-AUTO30JAN203000PE.NFO,07/01/2020,11:05:53,53,52.6,250,53.65,250,0,33250
BAJAJ-AUTO30JAN203000PE.NFO,07/01/2020,11:06:00,53,52.7,250,53.5,500,0,33250
BAJAJ-AUTO30JAN203000PE.NFO,07/01/2020,11:06:05,53,52.6,250,53.45,500,0,33250
BAJAJ-AUTO30JAN203000PE.NFO,07/01/2020,11:06:12,53,52.3,500,53.45,250,0,33250
BAJAJ-AUTO30JAN203000PE.NFO,07/01/2020,11:06:19,53,52.95,500,53.75,250,0,33250
BAJAJ-AUTO30JAN203000PE.NFO,07/01/2020,11:06:25,53,52.95,250,53.75,250,0,33250
BAJAJ-AUTO30JAN203000PE.NFO,07/01/2020,11:06:31,53,52.8,250,53.7,500,0,33250
BAJAJ-AUTO30JAN203000PE.NFO,07/01/2020,11:06:35,53,52.2,750,53.35,250,0,33250
BAJAJ-AUTO30JAN203000PE.NFO,07/01/2020,11:06:39,53,52.2,750,53.25,500,0,33250
BAJAJ-AUTO30JAN203000PE.NFO,07/01/2020,11:06:44,53,52.55,250,53.25,250,0,33250
BAJAJ-AUTO30JAN203000PE.NFO,07/01/2020,11:07:01,53,52.4,250,53.25,250,0,33250
BAJAJ-AUTO30JAN203000PE.NFO,07/01/2020,11:07:07,53,52.4,250,53.25,500,0,33250
BAJAJ-AUTO30JAN203000PE.NFO,07/01/2020,11:07:12,53,52.6,250,53.25,250,0,33250
BAJAJ-AUTO30JAN203000PE.NFO,07/01/2020,11:07:17,53,52.65,250,53.45,250,0,33250
BAJAJ-AUTO30JAN203000PE.NFO,07/01/2020,11:07:22,53,52.3,250,53.45,500,0,33250
BAJAJ-AUTO30JAN203000PE.NFO,07/01/2020,11:07:26,53,51.8,500,53.2,250,0,33250
BAJAJ-AUTO30JAN203000PE.NFO,07/01/2020,11:07:31,53,52.1,250,53.2,250,0,33250
BAJAJ-AUTO30JAN203000PE.NFO,07/01/2020,11:07:36,53,51.95,250,53.2,250,0,33250
BAJAJ-AUTO30JAN203000PE.NFO,07/01/2020,11:07:41,53,52.15,250,53.2,250,0,33250
BAJAJ-AUTO30JAN203000PE.NFO,07/01/2020,11:07:46,53,52.15,250,53.2,500,0,33250
BAJAJ-AUTO30JAN203000PE.NFO,07/01/2020,11:07:50,53,52.1,250,53.15,250,0,33250
BAJAJ-AUTO30JAN203000PE.NFO,07/01/2020,11:07:54,53,51.95,250,52.95,500,0,33250
BAJAJ-AUTO30JAN203000PE.NFO,07/01/2020,11:07:59,53,51.95,250,52.95,250,0,33250
BAJAJ-AUTO30JAN203000PE.NFO,07/01/2020,11:08:13,53,51.95,250,52.95,500,0,33250
BAJAJ-AUTO30JAN203000PE.NFO,07/01/2020,11:08:18,53,51.95,250,52.9,250,0,33250
BAJAJ-AUTO30JAN203000PE.NFO,07/01/2020,11:08:19,53,51.95,250,52.95,500,0,33250
BAJAJ-AUTO30JAN203000PE.NFO,07/01/2020,11:08:31,53,51.95,500,52.95,500,0,33250
BAJAJ-AUTO30JAN203000PE.NFO,07/01/2020,11:08:42,53,51.95,500,52.95,250,0,33250
BAJAJ-AUTO30JAN203000PE.NFO,07/01/2020,11:08:44,53,51.95,500,52.95,500,0,33250
BAJAJ-AUTO30JAN203000PE.NFO,07/01/2020,11:08:45,53,51.95,500,52.95,250,0,33250
BAJAJ-AUTO30JAN203000PE.NFO,07/01/2020,11:08:58,53,52.25,250,52.95,250,0,33250
BAJAJ-AUTO30JAN203000PE.NFO,07/01/2020,11:08:59,53,52.1,250,52.95,250,0,33250
BAJAJ-AUTO30JAN203000PE.NFO,07/01/2020,11:09:04,53,52.1,500,52.95,250,0,33250
BAJAJ-AUTO30JAN203000PE.NFO,07/01/2020,11:09:05,53,52.1,250,52.95,250,0,33250
BAJAJ-AUTO30JAN203000PE.NFO,07/01/2020,11:09:09,53,52,250,52.9,250,0,33250
BAJAJ-AUTO30JAN203000PE.NFO,07/01/2020,11:09:24,53,51.8,250,52.9,250,0,33250
BAJAJ-AUTO30JAN203000PE.NFO,07/01/2020,11:09:33,53,52.1,500,52.95,250,0,33250
BAJAJ-AUTO30JAN203000PE.NFO,07/01/2020,11:09:41,53,52.3,250,53.15,500,0,33250
BAJAJ-AUTO30JAN203000PE.NFO,07/01/2020,11:09:45,53,52.35,500,53.15,250,0,33250
BAJAJ-AUTO30JAN203000PE.NFO,07/01/2020,11:09:50,53,52.4,250,53.15,500,0,33250
BAJAJ-AUTO30JAN203000PE.NFO,07/01/2020,11:09:53,53,52.4,250,53.15,250,0,33250
BAJAJ-AUTO30JAN203000PE.NFO,07/01/2020,11:09:56,53,52.4,250,53.15,500,0,33250
BAJAJ-AUTO30JAN203000PE.NFO,07/01/2020,11:10:04,53,52.5,250,53.8,250,0,33250
BAJAJ-AUTO30JAN203000PE.NFO,07/01/2020,11:10:09,53,52.85,250,53.8,250,0,33250
BAJAJ-AUTO30JAN203000PE.NFO,07/01/2020,11:10:18,53,52.6,250,53.7,250,0,33250
BAJAJ-AUTO30JAN203000PE.NFO,07/01/2020,11:10:23,53,52.7,250,53.75,750,0,33250
BAJAJ-AUTO30JAN203000PE.NFO,07/01/2020,11:10:30,53,52.6,250,53.75,750,0,33250
BAJAJ-AUTO30JAN203000PE.NFO,07/01/2020,11:10:34,53,52.85,250,53.85,250,0,33250
BAJAJ-AUTO30JAN203000PE.NFO,07/01/2020,11:10:38,53,52.85,250,53.9,500,0,33250
BAJAJ-AUTO30JAN203000PE.NFO,07/01/2020,11:10:42,53,52.8,250,53.9,500,0,33250
BAJAJ-AUTO30JAN203000PE.NFO,07/01/2020,11:10:53,53,52.75,750,53.9,500,0,33250
BAJAJ-AUTO30JAN203000PE.NFO,07/01/2020,11:11:00,53,52.75,1000,53.85,250,0,33250
BAJAJ-AUTO30JAN203000PE.NFO,07/01/2020,11:11:04,53,52.75,750,54.05,250,0,33250
BAJAJ-AUTO30JAN203000PE.NFO,07/01/2020,11:11:18,53,53.5,500,54.8,250,0,33250
BAJAJ-AUTO30JAN203000PE.NFO,07/01/2020,11:11:24,53,53.95,250,55.15,500,0,33250
BAJAJ-AUTO30JAN203000PE.NFO,07/01/2020,11:11:31,53,53.95,250,54.95,500,0,33250
BAJAJ-AUTO30JAN203000PE.NFO,07/01/2020,11:11:38,53,53.95,250,54.85,500,0,33250
BAJAJ-AUTO30JAN203000PE.NFO,07/01/2020,11:11:49,53,53.95,250,54.8,250,0,33250
BAJAJ-AUTO30JAN203000PE.NFO,07/01/2020,11:11:55,53,53.95,250,54.85,250,0,33250
BAJAJ-AUTO30JAN203000PE.NFO,07/01/2020,11:12:01,53,54.45,500,54.85,250,0,33250
BAJAJ-AUTO30JAN203000PE.NFO,07/01/2020,11:12:10,53,54.65,500,55.95,250,0,33250
BAJAJ-AUTO30JAN203000PE.NFO,07/01/2020,11:12:17,55.75,54.55,250,55.75,250,250,33750
BAJAJ-AUTO30JAN203000PE.NFO,07/01/2020,11:12:17,55.75,54.55,250,55.75,250,0,33750
BAJAJ-AUTO30JAN203000PE.NFO,07/01/2020,11:12:23,55.75,54.55,500,55.8,500,0,33750
BAJAJ-AUTO30JAN203000PE.NFO,07/01/2020,11:12:37,55.75,54.9,250,55.7,250,0,33750
BAJAJ-AUTO30JAN203000PE.NFO,07/01/2020,11:12:43,55.75,55.05,250,55.7,250,0,33750
BAJAJ-AUTO30JAN203000PE.NFO,07/01/2020,11:12:48,54.8,54.8,250,55.9,250,250,33750
BAJAJ-AUTO30JAN203000PE.NFO,07/01/2020,11:12:52,54.8,54.75,500,55.8,500,0,33750
BAJAJ-AUTO30JAN203000PE.NFO,07/01/2020,11:12:57,54.8,54.7,250,55.8,750,0,33750
BAJAJ-AUTO30JAN203000PE.NFO,07/01/2020,11:13:02,54.8,54.65,500,55.75,250,0,33750
BAJAJ-AUTO30JAN203000PE.NFO,07/01/2020,11:13:07,54.8,54.65,500,55.7,750,0,33750
BAJAJ-AUTO30JAN203000PE.NFO,07/01/2020,11:13:13,54.8,54.65,500,55.7,1000,0,33750
BAJAJ-AUTO30JAN203000PE.NFO,07/01/2020,11:13:19,54.8,54.85,250,55.7,1000,0,33750
BAJAJ-AUTO30JAN203000PE.NFO,07/01/2020,11:13:25,54.8,54.6,250,55.55,250,0,33750
BAJAJ-AUTO30JAN203000PE.NFO,07/01/2020,11:13:30,54.8,54.55,500,55.55,250,0,33750
BAJAJ-AUTO30JAN203000PE.NFO,07/01/2020,11:13:37,54.8,54.75,250,55.65,250,0,33750
BAJAJ-AUTO30JAN203000PE.NFO,07/01/2020,11:13:49,54.8,54.6,500,55.5,250,0,33750
BAJAJ-AUTO30JAN203000PE.NFO,07/01/2020,11:13:55,54.8,54.6,250,55.5,250,0,33750
BAJAJ-AUTO30JAN203000PE.NFO,07/01/2020,11:14:00,54.8,54.55,250,55.4,250,0,33750
BAJAJ-AUTO30JAN203000PE.NFO,07/01/2020,11:14:05,54.5,53.45,250,55.05,250,250,33750
BAJAJ-AUTO30JAN203000PE.NFO,07/01/2020,11:14:11,54.5,53.45,250,55.05,250,0,33750
BAJAJ-AUTO30JAN203000PE.NFO,07/01/2020,11:14:17,54.5,53.3,500,54.9,250,0,33750
BAJAJ-AUTO30JAN203000PE.NFO,07/01/2020,11:14:23,54.5,53.55,250,54.9,250,0,33750
BAJAJ-AUTO30JAN203000PE.NFO,07/01/2020,11:14:29,54.5,53.2,250,54.35,250,0,33750
BAJAJ-AUTO30JAN203000PE.NFO,07/01/2020,11:14:43,54.5,53.65,250,54.5,250,0,33750
BAJAJ-AUTO30JAN203000PE.NFO,07/01/2020,11:14:48,54.5,53.85,250,54.45,250,0,33750
BAJAJ-AUTO30JAN203000PE.NFO,07/01/2020,11:14:52,54.5,53.85,500,54.45,250,0,33750
BAJAJ-AUTO30JAN203000PE.NFO,07/01/2020,11:14:58,54.5,53.9,250,54.45,250,0,33750
BAJAJ-AUTO30JAN203000PE.NFO,07/01/2020,11:15:04,54.5,53.6,250,54.85,250,0,33750
BAJAJ-AUTO30JAN203000PE.NFO,07/01/2020,11:15:11,54.5,54,250,55.15,500,0,33750
BAJAJ-AUTO30JAN203000PE.NFO,07/01/2020,11:15:16,54.5,53.95,250,55.1,250,0,33750
BAJAJ-AUTO30JAN203000PE.NFO,07/01/2020,11:15:21,54.5,54,250,54.95,500,0,33750
BAJAJ-AUTO30JAN203000PE.NFO,07/01/2020,11:15:27,54.5,53.95,250,55.3,250,0,33750
