Ticker,Date,Time,LTP,BuyPrice,BuyQty,SellPrice,SellQty,LTQ,OpenInterest
BAJAJFINSV30JAN208400PE.NFO,07/01/2020,09:21:06,9.35,9.4,1625,52.35,1625,125,750
BAJAJFINSV30JAN208400PE.NFO,07/01/2020,09:21:06,9.35,9.4,1625,52.35,1625,0,750
BAJAJFINSV30JAN208400PE.NFO,07/01/2020,09:21:06,9.35,9.4,1625,52.35,1625,0,750
BAJAJFINSV30JAN208400PE.NFO,07/01/2020,09:21:06,9.35,9.4,1625,52.35,1625,0,750
BAJAJFINSV30JAN208400PE.NFO,07/01/2020,09:21:13,9.35,9.4,1375,52.35,1625,0,750
BAJAJFINSV30JAN208400PE.NFO,07/01/2020,09:21:56,9.35,9.4,1125,52.35,1625,0,750
BAJAJFINSV30JAN208400PE.NFO,07/01/2020,09:22:19,9.35,9.4,1375,52.35,1625,0,750
BAJAJFINSV30JAN208400PE.NFO,07/01/2020,09:22:26,9.35,9.4,875,52.35,1375,0,750
BAJAJFINSV30JAN208400PE.NFO,07/01/2020,09:22:32,9.35,9.4,875,52.35,1625,0,750
BAJAJFINSV30JAN208400PE.NFO,07/01/2020,09:22:46,9.35,9.4,1125,52.35,1625,0,750
BAJAJFINSV30JAN208400PE.NFO,07/01/2020,09:23:05,9.35,9.4,875,52.35,1625,0,750
BAJAJFINSV30JAN208400PE.NFO,07/01/2020,09:23:12,9.35,9.4,1125,52.35,1625,0,750
BAJAJFINSV30JAN208400PE.NFO,07/01/2020,09:23:58,9.35,9.4,875,52.35,1625,0,750
BAJAJFINSV30JAN208400PE.NFO,07/01/2020,09:24:12,9.35,9.4,1125,52.35,1625,0,750
BAJAJFINSV30JAN208400PE.NFO,07/01/2020,09:24:53,9.35,9.4,1375,52.35,1625,0,750
BAJAJFINSV30JAN208400PE.NFO,07/01/2020,09:24:59,9.35,9.4,1125,52.35,1625,0,750
BAJAJFINSV30JAN208400PE.NFO,07/01/2020,09:25:13,9.35,9.4,625,52.35,1625,0,750
BAJAJFINSV30JAN208400PE.NFO,07/01/2020,09:25:27,9.35,9.4,875,52.35,1625,0,750
BAJAJFINSV30JAN208400PE.NFO,07/01/2020,09:25:34,9.35,10.05,625,52.35,1625,0,750
BAJAJFINSV30JAN208400PE.NFO,07/01/2020,09:25:54,9.35,10.05,875,52.35,1625,0,750
BAJAJFINSV30JAN208400PE.NFO,07/01/2020,09:26:05,9.35,10.05,1125,52.35,1625,0,750
BAJAJFINSV30JAN208400PE.NFO,07/01/2020,09:26:13,9.35,10.05,875,52.35,1625,0,750
BAJAJFINSV30JAN208400PE.NFO,07/01/2020,09:26:19,9.35,10.05,625,52.35,1625,0,750
BAJAJFINSV30JAN208400PE.NFO,07/01/2020,09:26:24,9.35,10.55,375,52.35,1625,0,750
BAJAJFINSV30JAN208400PE.NFO,07/01/2020,09:26:30,9.35,10.55,125,52.35,1625,0,750
BAJAJFINSV30JAN208400PE.NFO,07/01/2020,09:27:04,9.35,10.55,125,52.35,1375,0,750
BAJAJFINSV30JAN208400PE.NFO,07/01/2020,09:27:09,9.35,10.55,125,52,1250,0,750
BAJAJFINSV30JAN208400PE.NFO,07/01/2020,09:27:15,9.35,10.55,125,51.45,1375,0,750
BAJAJFINSV30JAN208400PE.NFO,07/01/2020,09:29:34,9.35,10.55,125,51.45,875,0,750
BAJAJFINSV30JAN208400PE.NFO,07/01/2020,09:29:40,9.35,10.55,125,51.45,1125,0,750
BAJAJFINSV30JAN208400PE.NFO,07/01/2020,09:30:05,9.35,10.55,125,51.45,1375,0,750
BAJAJFINSV30JAN208400PE.NFO,07/01/2020,09:30:18,9.35,10.55,125,51.45,1125,0,750
BAJAJFINSV30JAN208400PE.NFO,07/01/2020,09:30:25,9.35,10.55,125,51.45,1375,0,750
BAJAJFINSV30JAN208400PE.NFO,07/01/2020,09:30:36,9.35,10.5,125,51.45,1250,0,750
BAJAJFINSV30JAN208400PE.NFO,07/01/2020,09:35:56,9.35,10.5,125,51.45,1000,0,750
BAJAJFINSV30JAN208400PE.NFO,07/01/2020,09:41:01,9.35,10.5,125,51.45,1250,0,750
BAJAJFINSV30JAN208400PE.NFO,07/01/2020,09:42:23,9.35,10.5,125,51.45,1500,0,750
BAJAJFINSV30JAN208400PE.NFO,07/01/2020,09:46:05,9.35,10.5,125,50,1625,0,750
BAJAJFINSV30JAN208400PE.NFO,07/01/2020,09:52:15,9.35,4.65,1250,50,1625,0,750
BAJAJFINSV30JAN208400PE.NFO,07/01/2020,09:53:20,9.35,4.65,1250,50,1500,0,750
BAJAJFINSV30JAN208400PE.NFO,07/01/2020,09:56:54,9.35,4.75,1250,50,1500,0,750
BAJAJFINSV30JAN208400PE.NFO,07/01/2020,09:57:03,9.35,4.75,1500,50,1500,0,750
BAJAJFINSV30JAN208400PE.NFO,07/01/2020,10:04:33,9.35,9.35,625,50,1500,0,750
BAJAJFINSV30JAN208400PE.NFO,07/01/2020,10:06:09,9.35,9.35,875,50,1500,0,750
BAJAJFINSV30JAN208400PE.NFO,07/01/2020,10:06:13,9.35,9.35,625,50,1500,0,750
BAJAJFINSV30JAN208400PE.NFO,07/01/2020,10:06:22,9.35,9.35,875,50,1500,0,750
BAJAJFINSV30JAN208400PE.NFO,07/01/2020,10:06:27,9.35,9.35,625,50,1500,0,750
BAJAJFINSV30JAN208400PE.NFO,07/01/2020,10:06:32,9.35,9.4,1250,50,1500,0,750
BAJAJFINSV30JAN208400PE.NFO,07/01/2020,10:06:53,9.35,9.4,500,50,1500,0,750
BAJAJFINSV30JAN208400PE.NFO,07/01/2020,10:07:09,9.35,9.4,750,50,1500,0,750
BAJAJFINSV30JAN208400PE.NFO,07/01/2020,10:07:18,9.35,9.4,500,50,1500,0,750
BAJAJFINSV30JAN208400PE.NFO,07/01/2020,10:07:24,9.35,9.4,750,50,1500,0,750
BAJAJFINSV30JAN208400PE.NFO,07/01/2020,10:07:34,9.35,9.4,1000,50,1500,0,750
BAJAJFINSV30JAN208400PE.NFO,07/01/2020,10:07:49,9.35,9.4,750,50,1500,0,750
BAJAJFINSV30JAN208400PE.NFO,07/01/2020,10:07:54,9.35,9.4,1000,50,1500,0,750
BAJAJFINSV30JAN208400PE.NFO,07/01/2020,10:08:38,9.35,9.4,750,50,1500,0,750
BAJAJFINSV30JAN208400PE.NFO,07/01/2020,10:08:47,9.35,9.4,250,50,1500,0,750
BAJAJFINSV30JAN208400PE.NFO,07/01/2020,10:09:16,9.35,9.4,750,50,1500,0,750
BAJAJFINSV30JAN208400PE.NFO,07/01/2020,10:09:36,9.35,9.5,1625,50,1500,0,750
BAJAJFINSV30JAN208400PE.NFO,07/01/2020,10:10:35,9.35,9.5,1875,50,1500,0,750
BAJAJFINSV30JAN208400PE.NFO,07/01/2020,10:10:46,9.35,9.5,2125,50,1500,0,750
BAJAJFINSV30JAN208400PE.NFO,07/01/2020,10:10:50,9.35,9.5,1875,50,1500,0,750
BAJAJFINSV30JAN208400PE.NFO,07/01/2020,10:10:53,9.35,9.5,2125,50,1500,0,750
BAJAJFINSV30JAN208400PE.NFO,07/01/2020,10:10:56,9.35,9.5,1875,50,1500,0,750
BAJAJFINSV30JAN208400PE.NFO,07/01/2020,10:11:06,9.35,9.5,2125,50,1500,0,750
BAJAJFINSV30JAN208400PE.NFO,07/01/2020,10:11:23,9.35,9.5,1875,50,1500,0,750
BAJAJFINSV30JAN208400PE.NFO,07/01/2020,10:11:34,9.35,9.5,2125,50,1500,0,750
BAJAJFINSV30JAN208400PE.NFO,07/01/2020,10:14:56,9.35,9.5,1875,50,1500,0,750
BAJAJFINSV30JAN208400PE.NFO,07/01/2020,10:15:32,9.35,9.55,2250,49.9,2125,0,750
BAJAJFINSV30JAN208400PE.NFO,07/01/2020,10:17:16,9.35,9.55,2000,49.9,2125,0,750
BAJAJFINSV30JAN208400PE.NFO,07/01/2020,10:18:04,9.35,9.55,1750,49.9,2125,0,750
BAJAJFINSV30JAN208400PE.NFO,07/01/2020,10:18:28,9.35,9.55,1500,49.9,2125,0,750
BAJAJFINSV30JAN208400PE.NFO,07/01/2020,10:18:37,9.35,9.55,1750,49.9,2125,0,750
BAJAJFINSV30JAN208400PE.NFO,07/01/2020,10:18:48,9.35,9.55,1500,49.9,2125,0,750
BAJAJFINSV30JAN208400PE.NFO,07/01/2020,10:18:52,9.35,9.6,1000,49.9,2125,0,750
BAJAJFINSV30JAN208400PE.NFO,07/01/2020,10:19:02,9.35,9.65,750,49.9,2125,0,750
BAJAJFINSV30JAN208400PE.NFO,07/01/2020,10:19:11,9.35,9.7,750,49.9,2125,0,750
BAJAJFINSV30JAN208400PE.NFO,07/01/2020,10:19:15,9.35,9.7,1000,49.9,2125,0,750
BAJAJFINSV30JAN208400PE.NFO,07/01/2020,10:19:29,9.35,9.7,750,49.9,2125,0,750
BAJAJFINSV30JAN208400PE.NFO,07/01/2020,10:19:33,9.35,9.7,1000,49.9,2125,0,750
BAJAJFINSV30JAN208400PE.NFO,07/01/2020,10:19:43,9.35,9.7,750,49.9,2125,0,750
BAJAJFINSV30JAN208400PE.NFO,07/01/2020,10:19:47,9.35,9.7,1000,49.9,2125,0,750
BAJAJFINSV30JAN208400PE.NFO,07/01/2020,10:19:57,9.35,9.7,750,49.9,2125,0,750
BAJAJFINSV30JAN208400PE.NFO,07/01/2020,10:20:05,9.35,9.7,1000,49.9,2125,0,750
BAJAJFINSV30JAN208400PE.NFO,07/01/2020,10:20:38,9.35,9.7,750,49.9,2125,0,750
BAJAJFINSV30JAN208400PE.NFO,07/01/2020,10:21:12,9.35,10.05,250,49.9,2125,0,750
BAJAJFINSV30JAN208400PE.NFO,07/01/2020,10:21:16,9.35,10.05,750,49.9,2125,0,750
BAJAJFINSV30JAN208400PE.NFO,07/01/2020,10:21:25,9.35,11,500,49.9,2125,0,750
BAJAJFINSV30JAN208400PE.NFO,07/01/2020,10:22:09,9.35,11,750,49.9,2125,0,750
BAJAJFINSV30JAN208400PE.NFO,07/01/2020,10:22:18,9.35,11,500,49.9,2125,0,750
BAJAJFINSV30JAN208400PE.NFO,07/01/2020,10:22:43,9.35,11,750,49.9,2125,0,750
BAJAJFINSV30JAN208400PE.NFO,07/01/2020,10:23:00,9.35,11,500,49.9,2125,0,750
BAJAJFINSV30JAN208400PE.NFO,07/01/2020,10:25:00,9.35,11,1000,49.9,2125,0,750
BAJAJFINSV30JAN208400PE.NFO,07/01/2020,10:25:45,9.35,11,1250,49.9,2125,0,750
BAJAJFINSV30JAN208400PE.NFO,07/01/2020,10:25:55,9.35,11,1000,49.9,2125,0,750
BAJAJFINSV30JAN208400PE.NFO,07/01/2020,10:39:57,9.35,11,1250,49.9,2125,0,750
BAJAJFINSV30JAN208400PE.NFO,07/01/2020,10:42:14,9.35,11,1500,49.9,2125,0,750
BAJAJFINSV30JAN208400PE.NFO,07/01/2020,10:43:07,9.35,11,1750,49.9,2125,0,750
BAJAJFINSV30JAN208400PE.NFO,07/01/2020,10:43:09,9.35,11,1500,49.9,2125,0,750
BAJAJFINSV30JAN208400PE.NFO,07/01/2020,10:43:11,9.35,11,1750,49.9,2125,0,750
BAJAJFINSV30JAN208400PE.NFO,07/01/2020,10:43:56,9.35,11,1500,49.9,2125,0,750
BAJAJFINSV30JAN208400PE.NFO,07/01/2020,10:44:03,9.35,11,1750,49.9,2125,0,750
BAJAJFINSV30JAN208400PE.NFO,07/01/2020,10:45:22,9.35,11,1500,49.9,2125,0,750
BAJAJFINSV30JAN208400PE.NFO,07/01/2020,10:45:29,9.35,11,1750,49.9,2125,0,750
BAJAJFINSV30JAN208400PE.NFO,07/01/2020,10:51:37,9.35,11.05,1625,49.9,2125,0,750
BAJAJFINSV30JAN208400PE.NFO,07/01/2020,10:51:41,9.35,11.05,1500,49.9,2125,0,750
BAJAJFINSV30JAN208400PE.NFO,07/01/2020,10:52:47,9.35,11.05,1750,49.9,2375,0,750
BAJAJFINSV30JAN208400PE.NFO,07/01/2020,10:53:34,9.35,11.05,1000,49.9,1625,0,750
BAJAJFINSV30JAN208400PE.NFO,07/01/2020,10:53:38,9.35,11.05,1000,49.9,1875,0,750
BAJAJFINSV30JAN208400PE.NFO,07/01/2020,10:53:44,9.35,11.05,1250,49.9,1875,0,750
BAJAJFINSV30JAN208400PE.NFO,07/01/2020,10:53:56,9.35,11.05,1500,49.9,2125,0,750
BAJAJFINSV30JAN208400PE.NFO,07/01/2020,10:54:01,9.35,11.05,1750,49.9,2125,0,750
BAJAJFINSV30JAN208400PE.NFO,07/01/2020,10:54:06,9.35,11.05,1750,49.9,2375,0,750
BAJAJFINSV30JAN208400PE.NFO,07/01/2020,10:57:32,9.35,11.05,1750,49.9,1500,0,750
BAJAJFINSV30JAN208400PE.NFO,07/01/2020,10:57:57,9.35,11.05,1750,49.9,1750,0,750
BAJAJFINSV30JAN208400PE.NFO,07/01/2020,10:58:11,9.35,11.05,1750,49.9,1500,0,750
BAJAJFINSV30JAN208400PE.NFO,07/01/2020,10:58:25,9.35,11.05,1750,49.9,1750,0,750
BAJAJFINSV30JAN208400PE.NFO,07/01/2020,10:58:52,9.35,11.05,1750,48,1625,0,750
BAJAJFINSV30JAN208400PE.NFO,07/01/2020,10:59:18,9.35,11.05,1750,48,1875,0,750
BAJAJFINSV30JAN208400PE.NFO,07/01/2020,10:59:24,9.35,11.05,1750,48,1625,0,750
BAJAJFINSV30JAN208400PE.NFO,07/01/2020,10:59:35,9.35,11.05,1750,48,1875,0,750
BAJAJFINSV30JAN208400PE.NFO,07/01/2020,11:00:33,9.35,11.05,1750,48,1625,0,750
BAJAJFINSV30JAN208400PE.NFO,07/01/2020,11:00:39,9.35,11.05,1750,48,1875,0,750
BAJAJFINSV30JAN208400PE.NFO,07/01/2020,11:01:06,9.35,11.05,1750,48,1625,0,750
BAJAJFINSV30JAN208400PE.NFO,07/01/2020,11:01:27,9.35,11.05,1750,48,1375,0,750
BAJAJFINSV30JAN208400PE.NFO,07/01/2020,11:01:55,9.35,11.05,1750,48,1125,0,750
BAJAJFINSV30JAN208400PE.NFO,07/01/2020,11:02:08,9.35,11.05,1750,48,1625,0,750
BAJAJFINSV30JAN208400PE.NFO,07/01/2020,11:03:03,9.35,11.05,1750,48,1375,0,750
BAJAJFINSV30JAN208400PE.NFO,07/01/2020,11:03:09,9.35,11.05,1750,48,1625,0,750
BAJAJFINSV30JAN208400PE.NFO,07/01/2020,11:03:49,9.35,11.05,1750,48,1875,0,750
BAJAJFINSV30JAN208400PE.NFO,07/01/2020,11:07:55,9.35,11.05,1750,48,1625,0,750
BAJAJFINSV30JAN208400PE.NFO,07/01/2020,11:11:18,9.35,11.05,1750,48,1375,0,750
BAJAJFINSV30JAN208400PE.NFO,07/01/2020,11:11:24,9.35,11.05,1750,48,1125,0,750
BAJAJFINSV30JAN208400PE.NFO,07/01/2020,11:11:32,9.35,11.05,1750,48,1375,0,750
BAJAJFINSV30JAN208400PE.NFO,07/01/2020,11:11:38,9.35,11.05,1750,48,1125,0,750
BAJAJFINSV30JAN208400PE.NFO,07/01/2020,11:12:01,9.35,11.05,1750,48,875,0,750
BAJAJFINSV30JAN208400PE.NFO,07/01/2020,11:12:48,9.35,11.05,1750,48,1125,0,750
BAJAJFINSV30JAN208400PE.NFO,07/01/2020,11:13:07,9.35,11.05,1750,48,875,0,750
BAJAJFINSV30JAN208400PE.NFO,07/01/2020,11:13:49,9.35,11.05,1750,48,1125,0,750
BAJAJFINSV30JAN208400PE.NFO,07/01/2020,11:14:00,9.35,11.05,1750,48,1375,0,750
BAJAJFINSV30JAN208400PE.NFO,07/01/2020,11:14:05,9.35,11.05,1750,48,1625,0,750
BAJAJFINSV30JAN208400PE.NFO,07/01/2020,11:24:11,9.35,11.05,1750,48,1875,0,750
BAJAJFINSV30JAN208400PE.NFO,07/01/2020,11:24:26,9.35,11.05,1750,48,1625,0,750
BAJAJFINSV30JAN208400PE.NFO,07/01/2020,11:24:31,9.35,11.05,1750,48,1875,0,750
BAJAJFINSV30JAN208400PE.NFO,07/01/2020,11:24:35,9.35,11.05,1750,48,1625,0,750
BAJAJFINSV30JAN208400PE.NFO,07/01/2020,11:30:05,9.35,11.05,1750,48,1875,0,750
BAJAJFINSV30JAN208400PE.NFO,07/01/2020,11:47:32,9.35,11.05,1750,48,1625,0,750
BAJAJFINSV30JAN208400PE.NFO,07/01/2020,12:05:26,9.35,11.05,1750,48,1875,0,750
BAJAJFINSV30JAN208400PE.NFO,07/01/2020,12:05:27,9.35,11.05,1750,48,1625,0,750
BAJAJFINSV30JAN208400PE.NFO,07/01/2020,12:06:16,9.35,11.05,1750,48,1875,0,750
BAJAJFINSV30JAN208400PE.NFO,07/01/2020,12:06:41,9.35,11.05,1750,48,1625,0,750
BAJAJFINSV30JAN208400PE.NFO,07/01/2020,12:06:50,9.35,11.05,1750,48,1875,0,750
BAJAJFINSV30JAN208400PE.NFO,07/01/2020,12:08:28,9.35,11.05,1500,48,1625,0,750
BAJAJFINSV30JAN208400PE.NFO,07/01/2020,12:08:41,9.35,11.05,1750,48,1875,0,750
BAJAJFINSV30JAN208400PE.NFO,07/01/2020,12:15:20,9.35,11.05,1750,48,1625,0,750
BAJAJFINSV30JAN208400PE.NFO,07/01/2020,12:15:25,9.35,11.05,1750,48,1875,0,750
BAJAJFINSV30JAN208400PE.NFO,07/01/2020,12:15:28,9.35,11.05,1750,48,1625,0,750
BAJAJFINSV30JAN208400PE.NFO,07/01/2020,12:17:29,9.35,11.05,1750,48,1875,0,750
BAJAJFINSV30JAN208400PE.NFO,07/01/2020,12:17:41,9.35,11.05,1750,48,1625,0,750
BAJAJFINSV30JAN208400PE.NFO,07/01/2020,12:17:45,9.35,11.05,1750,48,1875,0,750
BAJAJFINSV30JAN208400PE.NFO,07/01/2020,12:17:47,9.35,11.05,1750,48,1625,0,750
BAJAJFINSV30JAN208400PE.NFO,07/01/2020,12:17:52,9.35,11.05,1750,48,1875,0,750
BAJAJFINSV30JAN208400PE.NFO,07/01/2020,12:18:17,9.35,11.05,1750,48,1625,0,750
BAJAJFINSV30JAN208400PE.NFO,07/01/2020,12:20:14,9.35,11.05,1750,48,1875,0,750
BAJAJFINSV30JAN208400PE.NFO,07/01/2020,12:20:22,9.35,11.05,1750,48,1625,0,750
BAJAJFINSV30JAN208400PE.NFO,07/01/2020,12:20:41,9.35,11.05,1750,48,1875,0,750
BAJAJFINSV30JAN208400PE.NFO,07/01/2020,12:20:45,9.35,11.05,1750,48,1625,0,750
BAJAJFINSV30JAN208400PE.NFO,07/01/2020,12:21:43,9.35,11.05,1750,48,1875,0,750
BAJAJFINSV30JAN208400PE.NFO,07/01/2020,12:21:45,9.35,11.05,1750,48,1625,0,750
BAJAJFINSV30JAN208400PE.NFO,07/01/2020,12:21:53,9.35,11.05,1750,48,1875,0,750
BAJAJFINSV30JAN208400PE.NFO,07/01/2020,12:22:03,9.35,11.05,1750,48,1625,0,750
BAJAJFINSV30JAN208400PE.NFO,07/01/2020,12:22:27,9.35,11.05,1750,48,1875,0,750
BAJAJFINSV30JAN208400PE.NFO,07/01/2020,12:22:31,9.35,11.05,1750,48,1625,0,750
BAJAJFINSV30JAN208400PE.NFO,07/01/2020,12:22:35,9.35,11.05,1750,48,1875,0,750
BAJAJFINSV30JAN208400PE.NFO,07/01/2020,12:22:46,9.35,11.05,1750,48,1625,0,750
BAJAJFINSV30JAN208400PE.NFO,07/01/2020,12:46:23,9.35,11.05,1750,48,1875,0,750
BAJAJFINSV30JAN208400PE.NFO,07/01/2020,12:46:46,9.35,11.05,1750,48,1625,0,750
BAJAJFINSV30JAN208400PE.NFO,07/01/2020,12:48:18,9.35,11.05,1750,48,1875,0,750
BAJAJFINSV30JAN208400PE.NFO,07/01/2020,12:48:23,9.35,11.05,1750,48,1625,0,750
BAJAJFINSV30JAN208400PE.NFO,07/01/2020,12:50:11,9.35,11.05,1750,48,1875,0,750
BAJAJFINSV30JAN208400PE.NFO,07/01/2020,12:50:16,9.35,11.05,1750,48,1625,0,750
BAJAJFINSV30JAN208400PE.NFO,07/01/2020,12:50:19,9.35,11.05,1750,48,1875,0,750
BAJAJFINSV30JAN208400PE.NFO,07/01/2020,12:50:31,9.35,11.05,1750,48,1625,0,750
BAJAJFINSV30JAN208400PE.NFO,07/01/2020,12:50:34,9.35,11.05,1750,48,1875,0,750
BAJAJFINSV30JAN208400PE.NFO,07/01/2020,12:50:41,9.35,11.05,1750,48,1625,0,750
BAJAJFINSV30JAN208400PE.NFO,07/01/2020,12:50:49,9.35,11.05,1750,48,1875,0,750
BAJAJFINSV30JAN208400PE.NFO,07/01/2020,12:51:14,9.35,11.05,1750,48,1625,0,750
BAJAJFINSV30JAN208400PE.NFO,07/01/2020,12:51:19,9.35,11.05,1750,48,1875,0,750
BAJAJFINSV30JAN208400PE.NFO,07/01/2020,12:51:30,9.35,11.05,1750,48,1625,0,750
BAJAJFINSV30JAN208400PE.NFO,07/01/2020,12:51:39,9.35,11.05,1750,48,1875,0,750
BAJAJFINSV30JAN208400PE.NFO,07/01/2020,12:52:13,9.35,11.05,1750,48,1625,0,750
BAJAJFINSV30JAN208400PE.NFO,07/01/2020,12:52:21,9.35,11.05,1750,48,1875,0,750
BAJAJFINSV30JAN208400PE.NFO,07/01/2020,12:52:32,9.35,11.05,1750,48,1625,0,750
BAJAJFINSV30JAN208400PE.NFO,07/01/2020,12:53:38,9.35,11.05,1750,48,1875,0,750
BAJAJFINSV30JAN208400PE.NFO,07/01/2020,12:53:42,9.35,11.05,1750,48,1625,0,750
BAJAJFINSV30JAN208400PE.NFO,07/01/2020,12:53:44,9.35,11.05,1750,48,1875,0,750
BAJAJFINSV30JAN208400PE.NFO,07/01/2020,12:53:47,9.35,11.05,1750,48,1625,0,750
BAJAJFINSV30JAN208400PE.NFO,07/01/2020,12:54:20,9.35,11.05,1750,48,1875,0,750
BAJAJFINSV30JAN208400PE.NFO,07/01/2020,12:58:11,9.35,11.05,1750,48,1625,0,750
BAJAJFINSV30JAN208400PE.NFO,07/01/2020,12:58:20,9.35,11.05,1750,48,1875,0,750
BAJAJFINSV30JAN208400PE.NFO,07/01/2020,12:59:20,9.35,11.05,1750,48,1625,0,750
BAJAJFINSV30JAN208400PE.NFO,07/01/2020,13:06:57,9.35,11.5,1875,48,1625,0,750
BAJAJFINSV30JAN208400PE.NFO,07/01/2020,13:14:44,9.35,12,2000,48,1625,0,750
BAJAJFINSV30JAN208400PE.NFO,07/01/2020,13:16:36,9.35,12,2000,48,1375,0,750
BAJAJFINSV30JAN208400PE.NFO,07/01/2020,13:17:18,9.35,12,2000,48,1625,0,750
BAJAJFINSV30JAN208400PE.NFO,07/01/2020,13:18:01,9.35,12,2000,48,1375,0,750
BAJAJFINSV30JAN208400PE.NFO,07/01/2020,13:19:02,9.35,12,2000,48,1625,0,750
BAJAJFINSV30JAN208400PE.NFO,07/01/2020,13:19:30,9.35,12,2000,48,1375,0,750
BAJAJFINSV30JAN208400PE.NFO,07/01/2020,13:19:57,9.35,12,2000,48,1625,0,750
BAJAJFINSV30JAN208400PE.NFO,07/01/2020,13:21:40,9.35,12,2000,48,1375,0,750
BAJAJFINSV30JAN208400PE.NFO,07/01/2020,13:21:52,9.35,12.05,1875,48,1375,0,750
BAJAJFINSV30JAN208400PE.NFO,07/01/2020,13:22:04,9.35,12.05,1875,48,1625,0,750
BAJAJFINSV30JAN208400PE.NFO,07/01/2020,13:22:08,9.35,12.05,1875,48,1375,0,750
BAJAJFINSV30JAN208400PE.NFO,07/01/2020,13:22:17,9.35,12.05,1875,48,1625,0,750
BAJAJFINSV30JAN208400PE.NFO,07/01/2020,13:22:22,9.35,12.05,1875,48,1375,0,750
BAJAJFINSV30JAN208400PE.NFO,07/01/2020,13:22:26,9.35,12.05,1875,48,1625,0,750
BAJAJFINSV30JAN208400PE.NFO,07/01/2020,13:22:36,9.35,12.05,1875,48,1375,0,750
BAJAJFINSV30JAN208400PE.NFO,07/01/2020,13:24:59,9.35,12.05,1875,48,1625,0,750
BAJAJFINSV30JAN208400PE.NFO,07/01/2020,13:25:19,9.35,12.05,1875,48,1375,0,750
BAJAJFINSV30JAN208400PE.NFO,07/01/2020,13:26:16,9.35,12.05,1875,48,1625,0,750
BAJAJFINSV30JAN208400PE.NFO,07/01/2020,13:26:36,9.35,12.05,1875,48,1375,0,750
BAJAJFINSV30JAN208400PE.NFO,07/01/2020,13:26:49,9.35,15,2000,48,1375,0,750
BAJAJFINSV30JAN208400PE.NFO,07/01/2020,13:27:25,9.35,15,2000,48,1625,0,750
BAJAJFINSV30JAN208400PE.NFO,07/01/2020,13:27:40,9.35,15,2000,48,1375,0,750
BAJAJFINSV30JAN208400PE.NFO,07/01/2020,13:28:20,9.35,15,2000,48,1625,0,750
BAJAJFINSV30JAN208400PE.NFO,07/01/2020,13:28:24,9.35,15,2000,48,1375,0,750
BAJAJFINSV30JAN208400PE.NFO,07/01/2020,13:29:29,9.35,15,2000,48,1125,0,750
BAJAJFINSV30JAN208400PE.NFO,07/01/2020,13:29:49,9.35,15,2000,48,1375,0,750
BAJAJFINSV30JAN208400PE.NFO,07/01/2020,13:30:03,9.35,15,2000,48,1125,0,750
BAJAJFINSV30JAN208400PE.NFO,07/01/2020,13:30:09,9.35,15,2000,48,1375,0,750
BAJAJFINSV30JAN208400PE.NFO,07/01/2020,13:31:54,9.35,15,2000,48,1625,0,750
BAJAJFINSV30JAN208400PE.NFO,07/01/2020,13:33:57,9.35,15,2000,48,1375,0,750
BAJAJFINSV30JAN208400PE.NFO,07/01/2020,13:34:32,9.35,15,2000,48,1625,0,750
BAJAJFINSV30JAN208400PE.NFO,07/01/2020,13:38:15,9.35,15,2000,48,1875,0,750
BAJAJFINSV30JAN208400PE.NFO,07/01/2020,13:38:21,9.35,15,2000,48,1625,0,750
BAJAJFINSV30JAN208400PE.NFO,07/01/2020,13:38:55,9.35,15,2000,48,1875,0,750
BAJAJFINSV30JAN208400PE.NFO,07/01/2020,13:39:45,9.35,15,2000,48,1625,0,750
BAJAJFINSV30JAN208400PE.NFO,07/01/2020,13:39:51,9.35,15,2000,47.9,1750,0,750
BAJAJFINSV30JAN208400PE.NFO,07/01/2020,13:39:55,9.35,15.1,2375,47.9,1750,0,750
BAJAJFINSV30JAN208400PE.NFO,07/01/2020,13:42:12,9.35,15.1,2375,47.9,2000,0,750
BAJAJFINSV30JAN208400PE.NFO,07/01/2020,13:42:18,9.35,15.1,2375,47.9,1750,0,750
BAJAJFINSV30JAN208400PE.NFO,07/01/2020,13:42:31,9.35,15.1,2375,47.9,2000,0,750
BAJAJFINSV30JAN208400PE.NFO,07/01/2020,13:43:13,9.35,15.1,2375,47.9,1750,0,750
BAJAJFINSV30JAN208400PE.NFO,07/01/2020,13:43:25,9.35,15.1,2375,47.9,2000,0,750
BAJAJFINSV30JAN208400PE.NFO,07/01/2020,13:43:35,9.35,15.1,2375,47.9,1750,0,750
BAJAJFINSV30JAN208400PE.NFO,07/01/2020,13:44:09,9.35,15.1,2375,47.9,2000,0,750
BAJAJFINSV30JAN208400PE.NFO,07/01/2020,13:53:08,9.35,15.1,2375,47.9,1750,0,750
BAJAJFINSV30JAN208400PE.NFO,07/01/2020,13:53:28,9.35,15.1,2375,47.9,1500,0,750
BAJAJFINSV30JAN208400PE.NFO,07/01/2020,13:55:09,9.35,15.1,2375,47.9,2000,0,750
BAJAJFINSV30JAN208400PE.NFO,07/01/2020,13:55:15,9.35,15.1,2375,47.9,1750,0,750
BAJAJFINSV30JAN208400PE.NFO,07/01/2020,13:55:20,9.35,15.1,2375,47.9,1500,0,750
BAJAJFINSV30JAN208400PE.NFO,07/01/2020,13:55:30,9.35,15.1,2375,47.9,1750,0,750
BAJAJFINSV30JAN208400PE.NFO,07/01/2020,13:55:35,9.35,15.1,2375,47.8,1500,0,750
BAJAJFINSV30JAN208400PE.NFO,07/01/2020,13:55:45,9.35,15.1,2375,47.8,1250,0,750
BAJAJFINSV30JAN208400PE.NFO,07/01/2020,13:58:00,9.35,15.1,2375,47.8,1000,0,750
BAJAJFINSV30JAN208400PE.NFO,07/01/2020,13:59:14,9.35,15.1,2375,47.8,1250,0,750
BAJAJFINSV30JAN208400PE.NFO,07/01/2020,13:59:58,9.35,15.1,2375,47.8,1000,0,750
BAJAJFINSV30JAN208400PE.NFO,07/01/2020,14:00:04,9.35,15.1,2375,47.8,1250,0,750
BAJAJFINSV30JAN208400PE.NFO,07/01/2020,14:04:58,9.35,15.1,2375,47.8,1000,0,750
BAJAJFINSV30JAN208400PE.NFO,07/01/2020,14:05:11,9.35,15.1,2375,47.8,1250,0,750
BAJAJFINSV30JAN208400PE.NFO,07/01/2020,14:05:21,9.35,15.1,2375,47.8,1000,0,750
BAJAJFINSV30JAN208400PE.NFO,07/01/2020,14:08:05,9.35,15.1,2375,47.8,750,0,750
BAJAJFINSV30JAN208400PE.NFO,07/01/2020,14:10:01,9.35,15.1,2375,47.8,1000,0,750
BAJAJFINSV30JAN208400PE.NFO,07/01/2020,14:10:14,9.35,15.1,2375,47.8,750,0,750
BAJAJFINSV30JAN208400PE.NFO,07/01/2020,14:10:46,9.35,15.1,2375,47.8,1000,0,750
BAJAJFINSV30JAN208400PE.NFO,07/01/2020,14:11:30,9.35,15.1,2375,47.8,750,0,750
BAJAJFINSV30JAN208400PE.NFO,07/01/2020,14:11:32,9.35,15.1,2375,47.8,1000,0,750
BAJAJFINSV30JAN208400PE.NFO,07/01/2020,14:11:45,9.35,15.1,2375,47.8,750,0,750
BAJAJFINSV30JAN208400PE.NFO,07/01/2020,14:11:59,9.35,15.1,2375,47.8,1000,0,750
BAJAJFINSV30JAN208400PE.NFO,07/01/2020,14:12:03,9.35,15.1,2375,47.8,750,0,750
BAJAJFINSV30JAN208400PE.NFO,07/01/2020,14:12:07,9.35,15.1,2375,47.8,1000,0,750
BAJAJFINSV30JAN208400PE.NFO,07/01/2020,14:14:11,9.35,15.1,2375,47.8,1250,0,750
BAJAJFINSV30JAN208400PE.NFO,07/01/2020,14:14:15,9.35,15.1,2375,47.8,1000,0,750
BAJAJFINSV30JAN208400PE.NFO,07/01/2020,14:15:12,9.35,18,2750,47.8,1000,0,750
BAJAJFINSV30JAN208400PE.NFO,07/01/2020,14:15:17,9.35,18,1500,47.8,1500,0,750
BAJAJFINSV30JAN208400PE.NFO,07/01/2020,14:15:28,9.35,18,1500,47.8,1000,0,750
BAJAJFINSV30JAN208400PE.NFO,07/01/2020,14:15:34,9.35,18,1500,47.8,1250,0,750
BAJAJFINSV30JAN208400PE.NFO,07/01/2020,14:15:39,9.35,18,1500,47.8,1000,0,750
BAJAJFINSV30JAN208400PE.NFO,07/01/2020,14:16:03,9.35,18,1750,47.8,1000,0,750
BAJAJFINSV30JAN208400PE.NFO,07/01/2020,14:16:17,9.35,18,1500,47.8,1000,0,750
BAJAJFINSV30JAN208400PE.NFO,07/01/2020,14:16:56,9.35,18,1750,47.8,1000,0,750
BAJAJFINSV30JAN208400PE.NFO,07/01/2020,14:17:06,9.35,18.45,2750,47.8,1000,0,750
BAJAJFINSV30JAN208400PE.NFO,07/01/2020,14:17:13,9.35,18.55,2750,47.8,1000,0,750
BAJAJFINSV30JAN208400PE.NFO,07/01/2020,14:17:28,9.35,18.75,2750,47.8,1000,0,750
BAJAJFINSV30JAN208400PE.NFO,07/01/2020,14:18:03,9.35,18.75,3000,47.8,1000,0,750
BAJAJFINSV30JAN208400PE.NFO,07/01/2020,14:18:19,9.35,18.75,2500,47.8,1000,0,750
BAJAJFINSV30JAN208400PE.NFO,07/01/2020,14:18:25,9.35,18.75,1000,47.8,1000,0,750
BAJAJFINSV30JAN208400PE.NFO,07/01/2020,14:18:30,9.35,18.75,1250,47.8,1000,0,750
BAJAJFINSV30JAN208400PE.NFO,07/01/2020,14:18:35,9.35,18.75,1000,47.8,1000,0,750
BAJAJFINSV30JAN208400PE.NFO,07/01/2020,14:18:49,9.35,18.75,1250,47.8,1000,0,750
BAJAJFINSV30JAN208400PE.NFO,07/01/2020,14:18:58,9.35,18.75,1500,47.8,1000,0,750
BAJAJFINSV30JAN208400PE.NFO,07/01/2020,14:19:02,9.35,18.75,1250,47.8,1000,0,750
BAJAJFINSV30JAN208400PE.NFO,07/01/2020,14:19:05,9.35,18.75,1750,47.8,1000,0,750
BAJAJFINSV30JAN208400PE.NFO,07/01/2020,14:19:30,9.35,18.75,1250,47.8,1000,0,750
BAJAJFINSV30JAN208400PE.NFO,07/01/2020,14:19:54,9.35,18.75,1750,47.8,1000,0,750
BAJAJFINSV30JAN208400PE.NFO,07/01/2020,14:20:07,9.35,18.75,1500,47.8,1000,0,750
BAJAJFINSV30JAN208400PE.NFO,07/01/2020,14:20:12,9.35,18.75,1250,47.8,1000,0,750
BAJAJFINSV30JAN208400PE.NFO,07/01/2020,14:20:17,9.35,18.75,1500,47.8,1000,0,750
BAJAJFINSV30JAN208400PE.NFO,07/01/2020,14:20:24,9.35,18.75,1250,47.8,1000,0,750
BAJAJFINSV30JAN208400PE.NFO,07/01/2020,14:20:29,9.35,18.75,1500,47.8,1000,0,750
BAJAJFINSV30JAN208400PE.NFO,07/01/2020,14:20:36,9.35,18.75,1250,47.8,1000,0,750
BAJAJFINSV30JAN208400PE.NFO,07/01/2020,14:21:15,9.35,18.75,1750,47.8,1000,0,750
BAJAJFINSV30JAN208400PE.NFO,07/01/2020,14:21:19,9.35,18.75,1500,47.8,1000,0,750
BAJAJFINSV30JAN208400PE.NFO,07/01/2020,14:21:23,9.35,18.75,1750,47.8,1000,0,750
BAJAJFINSV30JAN208400PE.NFO,07/01/2020,14:21:45,9.35,18.75,1500,47.8,1000,0,750
BAJAJFINSV30JAN208400PE.NFO,07/01/2020,14:22:01,9.35,18.75,1250,47.8,1000,0,750
BAJAJFINSV30JAN208400PE.NFO,07/01/2020,14:22:15,9.35,18.75,1000,47.8,1000,0,750
BAJAJFINSV30JAN208400PE.NFO,07/01/2020,14:22:29,9.35,18.75,1750,47.8,1000,0,750
BAJAJFINSV30JAN208400PE.NFO,07/01/2020,14:22:41,9.35,18.75,1250,47.8,1000,0,750
BAJAJFINSV30JAN208400PE.NFO,07/01/2020,14:22:54,9.35,18.75,1750,47.8,1000,0,750
BAJAJFINSV30JAN208400PE.NFO,07/01/2020,14:23:02,9.35,18.75,1250,47.8,1000,0,750
BAJAJFINSV30JAN208400PE.NFO,07/01/2020,14:23:24,9.35,18.75,1750,47.8,1000,0,750
BAJAJFINSV30JAN208400PE.NFO,07/01/2020,14:24:03,9.35,18.85,1750,47.8,1000,0,750
BAJAJFINSV30JAN208400PE.NFO,07/01/2020,14:24:14,9.35,18.85,1750,47.8,750,0,750
BAJAJFINSV30JAN208400PE.NFO,07/01/2020,14:24:21,9.35,18.85,1750,47.8,1000,0,750
BAJAJFINSV30JAN208400PE.NFO,07/01/2020,14:24:43,9.35,18.85,1250,47.8,1000,0,750
BAJAJFINSV30JAN208400PE.NFO,07/01/2020,14:24:45,9.35,18.85,1750,47.8,1000,0,750
BAJAJFINSV30JAN208400PE.NFO,07/01/2020,14:24:52,9.35,18.85,1250,47.8,1000,0,750
BAJAJFINSV30JAN208400PE.NFO,07/01/2020,14:25:37,9.35,18.85,1000,47.8,1000,0,750
BAJAJFINSV30JAN208400PE.NFO,07/01/2020,14:25:45,9.35,18.85,1250,47.8,1000,0,750
BAJAJFINSV30JAN208400PE.NFO,07/01/2020,14:25:54,9.35,18.85,1000,47.8,1000,0,750
BAJAJFINSV30JAN208400PE.NFO,07/01/2020,14:25:59,9.35,18.85,1000,47.8,1250,0,750
BAJAJFINSV30JAN208400PE.NFO,07/01/2020,14:26:02,9.35,18.85,750,47.8,1250,0,750
BAJAJFINSV30JAN208400PE.NFO,07/01/2020,14:26:11,9.35,18.85,1250,47.8,1250,0,750
BAJAJFINSV30JAN208400PE.NFO,07/01/2020,14:26:21,9.35,18.85,750,47.8,1250,0,750
BAJAJFINSV30JAN208400PE.NFO,07/01/2020,14:27:29,9.35,18.85,750,47.8,1500,0,750
BAJAJFINSV30JAN208400PE.NFO,07/01/2020,14:28:11,9.35,18.85,750,47.8,1250,0,750
BAJAJFINSV30JAN208400PE.NFO,07/01/2020,14:28:21,9.35,18.85,750,47.8,1500,0,750
BAJAJFINSV30JAN208400PE.NFO,07/01/2020,14:28:24,9.35,18.85,750,47.8,1250,0,750
BAJAJFINSV30JAN208400PE.NFO,07/01/2020,14:28:28,9.35,18.85,750,47.8,1500,0,750
BAJAJFINSV30JAN208400PE.NFO,07/01/2020,14:29:15,9.35,18.85,750,47.8,1250,0,750
BAJAJFINSV30JAN208400PE.NFO,07/01/2020,14:29:20,9.35,18.85,750,47.8,1500,0,750
BAJAJFINSV30JAN208400PE.NFO,07/01/2020,14:29:34,9.35,18.85,750,47.8,1250,0,750
BAJAJFINSV30JAN208400PE.NFO,07/01/2020,14:29:38,9.35,18.85,750,47.8,1500,0,750
BAJAJFINSV30JAN208400PE.NFO,07/01/2020,14:29:41,9.35,18.85,750,47.8,1250,0,750
BAJAJFINSV30JAN208400PE.NFO,07/01/2020,14:29:44,9.35,18.85,750,47.8,1500,0,750
BAJAJFINSV30JAN208400PE.NFO,07/01/2020,14:29:48,9.35,18.85,750,47.8,1250,0,750
BAJAJFINSV30JAN208400PE.NFO,07/01/2020,14:30:21,9.35,18.85,750,47.8,1500,0,750
BAJAJFINSV30JAN208400PE.NFO,07/01/2020,14:31:40,9.35,18.85,750,47.8,1250,0,750
BAJAJFINSV30JAN208400PE.NFO,07/01/2020,14:31:53,9.35,18.85,750,47.8,1500,0,750
BAJAJFINSV30JAN208400PE.NFO,07/01/2020,14:32:23,9.35,18.85,750,47.8,1250,0,750
BAJAJFINSV30JAN208400PE.NFO,07/01/2020,14:32:56,9.35,18.85,750,47.8,1500,0,750
BAJAJFINSV30JAN208400PE.NFO,07/01/2020,14:34:01,9.35,18.85,250,47.8,1750,0,750
BAJAJFINSV30JAN208400PE.NFO,07/01/2020,14:35:28,9.35,18.85,500,47.8,1750,0,750
BAJAJFINSV30JAN208400PE.NFO,07/01/2020,14:35:44,9.35,18.85,250,47.8,1750,0,750
BAJAJFINSV30JAN208400PE.NFO,07/01/2020,14:35:49,9.35,18.85,500,47.8,1750,0,750
BAJAJFINSV30JAN208400PE.NFO,07/01/2020,14:35:54,9.35,18.85,250,47.8,1750,0,750
BAJAJFINSV30JAN208400PE.NFO,07/01/2020,14:35:57,9.35,18.85,500,47.8,1750,0,750
BAJAJFINSV30JAN208400PE.NFO,07/01/2020,14:36:31,9.35,18.85,500,47.8,1500,0,750
BAJAJFINSV30JAN208400PE.NFO,07/01/2020,14:36:52,9.35,18.85,750,47.8,1500,0,750
BAJAJFINSV30JAN208400PE.NFO,07/01/2020,14:37:01,9.35,18.85,500,47.8,1500,0,750
BAJAJFINSV30JAN208400PE.NFO,07/01/2020,14:37:06,9.35,18.85,500,47.8,1750,0,750
BAJAJFINSV30JAN208400PE.NFO,07/01/2020,14:37:35,9.35,18.85,250,47.8,1750,0,750
BAJAJFINSV30JAN208400PE.NFO,07/01/2020,14:40:38,9.35,18.85,500,47.8,1750,0,750
BAJAJFINSV30JAN208400PE.NFO,07/01/2020,14:40:42,9.35,18.85,250,47.8,1750,0,750
BAJAJFINSV30JAN208400PE.NFO,07/01/2020,14:41:04,9.35,18.85,500,47.8,1750,0,750
BAJAJFINSV30JAN208400PE.NFO,07/01/2020,14:41:50,9.35,18.85,250,47.8,1750,0,750
BAJAJFINSV30JAN208400PE.NFO,07/01/2020,14:41:57,9.35,18.85,500,47.8,1750,0,750
BAJAJFINSV30JAN208400PE.NFO,07/01/2020,14:42:31,9.35,18.85,750,47.8,1750,0,750
BAJAJFINSV30JAN208400PE.NFO,07/01/2020,14:42:35,9.35,18.85,750,47.8,1500,0,750
BAJAJFINSV30JAN208400PE.NFO,07/01/2020,14:42:42,9.35,18.85,750,47.8,1750,0,750
BAJAJFINSV30JAN208400PE.NFO,07/01/2020,14:42:50,9.35,18.85,500,47.8,1750,0,750
BAJAJFINSV30JAN208400PE.NFO,07/01/2020,14:43:28,9.35,18.85,750,47.8,1750,0,750
BAJAJFINSV30JAN208400PE.NFO,07/01/2020,14:43:44,9.35,18.85,500,47.8,1750,0,750
BAJAJFINSV30JAN208400PE.NFO,07/01/2020,14:44:15,9.35,18.85,250,47.8,1750,0,750
BAJAJFINSV30JAN208400PE.NFO,07/01/2020,14:44:21,9.35,18.85,500,47.8,1750,0,750
BAJAJFINSV30JAN208400PE.NFO,07/01/2020,14:44:24,9.35,18.85,250,47.8,1750,0,750
BAJAJFINSV30JAN208400PE.NFO,07/01/2020,14:44:27,9.35,18.85,500,47.8,1750,0,750
BAJAJFINSV30JAN208400PE.NFO,07/01/2020,14:45:13,9.35,18.85,1000,47.8,1500,0,750
BAJAJFINSV30JAN208400PE.NFO,07/01/2020,14:46:20,9.35,18.85,1250,47.8,1500,0,750
BAJAJFINSV30JAN208400PE.NFO,07/01/2020,14:53:00,9.35,18.85,750,47.8,1750,0,750
BAJAJFINSV30JAN208400PE.NFO,07/01/2020,14:53:17,9.35,18.85,500,47.8,1750,0,750
BAJAJFINSV30JAN208400PE.NFO,07/01/2020,14:53:24,9.35,18.85,250,47.8,1750,0,750
BAJAJFINSV30JAN208400PE.NFO,07/01/2020,14:54:06,9.35,18.85,500,47.8,1750,0,750
BAJAJFINSV30JAN208400PE.NFO,07/01/2020,14:54:29,9.35,18.85,1000,47.8,1500,0,750
BAJAJFINSV30JAN208400PE.NFO,07/01/2020,14:54:35,9.35,18.85,1250,47.8,1500,0,750
BAJAJFINSV30JAN208400PE.NFO,07/01/2020,14:57:38,9.35,18.85,1000,47.8,1500,0,750
BAJAJFINSV30JAN208400PE.NFO,07/01/2020,14:57:49,9.35,18.85,1250,47.8,1500,0,750
BAJAJFINSV30JAN208400PE.NFO,07/01/2020,14:57:56,9.35,18.85,1000,47.8,1500,0,750
BAJAJFINSV30JAN208400PE.NFO,07/01/2020,14:58:01,9.35,18.85,1250,47.8,1500,0,750
BAJAJFINSV30JAN208400PE.NFO,07/01/2020,15:00:00,9.35,18.85,750,47.8,1500,0,750
BAJAJFINSV30JAN208400PE.NFO,07/01/2020,15:00:09,9.35,18.85,750,47.8,1750,0,750
BAJAJFINSV30JAN208400PE.NFO,07/01/2020,15:00:23,9.35,18.85,1000,47.8,1750,0,750
BAJAJFINSV30JAN208400PE.NFO,07/01/2020,15:01:41,9.35,18.85,1250,47.8,1250,0,750
BAJAJFINSV30JAN208400PE.NFO,07/01/2020,15:01:59,9.35,18.85,1250,47.8,1500,0,750
BAJAJFINSV30JAN208400PE.NFO,07/01/2020,15:02:07,9.35,18.85,1250,47.8,1250,0,750
BAJAJFINSV30JAN208400PE.NFO,07/01/2020,15:02:16,9.35,18.85,1250,47.8,1000,0,750
BAJAJFINSV30JAN208400PE.NFO,07/01/2020,15:02:21,9.35,18.85,1250,47.8,1250,0,750
BAJAJFINSV30JAN208400PE.NFO,07/01/2020,15:02:52,9.35,18.85,1250,47.8,1500,0,750
BAJAJFINSV30JAN208400PE.NFO,07/01/2020,15:03:12,9.35,18.85,1250,47.8,1250,0,750
BAJAJFINSV30JAN208400PE.NFO,07/01/2020,15:03:31,9.35,18.85,1500,47.8,1250,0,750
BAJAJFINSV30JAN208400PE.NFO,07/01/2020,15:03:36,9.35,18.85,1250,47.8,1250,0,750
BAJAJFINSV30JAN208400PE.NFO,07/01/2020,15:04:00,9.35,19,2750,47.8,750,0,750
BAJAJFINSV30JAN208400PE.NFO,07/01/2020,15:04:07,9.35,19,2750,47.8,500,0,750
BAJAJFINSV30JAN208400PE.NFO,07/01/2020,15:04:12,9.35,19,1500,47.8,1000,0,750
BAJAJFINSV30JAN208400PE.NFO,07/01/2020,15:04:42,9.35,19,1250,47.8,1000,0,750
BAJAJFINSV30JAN208400PE.NFO,07/01/2020,15:04:46,9.35,19,1500,47.8,1000,0,750
BAJAJFINSV30JAN208400PE.NFO,07/01/2020,15:05:18,9.35,19,1250,47.8,1000,0,750
BAJAJFINSV30JAN208400PE.NFO,07/01/2020,15:05:22,9.35,19,1500,47.8,1000,0,750
BAJAJFINSV30JAN208400PE.NFO,07/01/2020,15:05:28,9.35,19,1250,47.75,1000,0,750
BAJAJFINSV30JAN208400PE.NFO,07/01/2020,15:05:31,9.35,19,1250,47.75,1250,0,750
BAJAJFINSV30JAN208400PE.NFO,07/01/2020,15:05:34,9.35,19,1250,47.75,1500,0,750
BAJAJFINSV30JAN208400PE.NFO,07/01/2020,15:05:49,9.35,19,1250,47.75,1250,0,750
BAJAJFINSV30JAN208400PE.NFO,07/01/2020,15:06:25,9.35,19,1250,47.75,1000,0,750
BAJAJFINSV30JAN208400PE.NFO,07/01/2020,15:06:36,9.35,19,1250,47.75,1250,0,750
BAJAJFINSV30JAN208400PE.NFO,07/01/2020,15:06:53,9.35,19,1250,47.75,1500,0,750
BAJAJFINSV30JAN208400PE.NFO,07/01/2020,15:06:57,9.35,19,1250,47.75,1250,0,750
BAJAJFINSV30JAN208400PE.NFO,07/01/2020,15:07:05,9.35,19,1250,47.75,1500,0,750
BAJAJFINSV30JAN208400PE.NFO,07/01/2020,15:07:20,9.35,19,1250,47.75,1250,0,750
BAJAJFINSV30JAN208400PE.NFO,07/01/2020,15:07:46,9.35,19,1250,47.75,1000,0,750
BAJAJFINSV30JAN208400PE.NFO,07/01/2020,15:08:05,9.35,19,1250,47.75,1250,0,750
BAJAJFINSV30JAN208400PE.NFO,07/01/2020,15:08:12,9.35,19,1250,47.75,1500,0,750
BAJAJFINSV30JAN208400PE.NFO,07/01/2020,15:11:24,9.35,19,1250,47.75,1250,0,750
BAJAJFINSV30JAN208400PE.NFO,07/01/2020,15:11:44,9.35,19,1500,47.75,750,0,750
BAJAJFINSV30JAN208400PE.NFO,07/01/2020,15:12:06,9.35,19,1500,47.75,1000,0,750
BAJAJFINSV30JAN208400PE.NFO,07/01/2020,15:12:12,9.35,19,1250,47.75,1000,0,750
BAJAJFINSV30JAN208400PE.NFO,07/01/2020,15:12:21,9.35,19,1500,47.75,1000,0,750
BAJAJFINSV30JAN208400PE.NFO,07/01/2020,15:12:26,9.35,19,1250,47.75,1000,0,750
BAJAJFINSV30JAN208400PE.NFO,07/01/2020,15:12:36,9.35,19,1500,47.75,1000,0,750
BAJAJFINSV30JAN208400PE.NFO,07/01/2020,15:13:05,9.35,19,1250,47.75,1000,0,750
BAJAJFINSV30JAN208400PE.NFO,07/01/2020,15:13:09,9.35,19,1250,47.75,1250,0,750
BAJAJFINSV30JAN208400PE.NFO,07/01/2020,15:14:34,9.35,19,1250,47.75,1500,0,750
BAJAJFINSV30JAN208400PE.NFO,07/01/2020,15:15:25,9.35,19,1250,47.75,1250,0,750
BAJAJFINSV30JAN208400PE.NFO,07/01/2020,15:15:33,9.35,19,1250,47.75,1500,0,750
BAJAJFINSV30JAN208400PE.NFO,07/01/2020,15:20:14,9.35,19,1250,47.75,1250,0,750
BAJAJFINSV30JAN208400PE.NFO,07/01/2020,15:20:41,9.35,19,1500,47.75,1250,0,750
BAJAJFINSV30JAN208400PE.NFO,07/01/2020,15:20:53,9.35,19,1500,47.75,1000,0,750
BAJAJFINSV30JAN208400PE.NFO,07/01/2020,15:21:02,9.35,19,1500,47.75,1250,0,750
BAJAJFINSV30JAN208400PE.NFO,07/01/2020,15:21:21,9.35,19,1500,47.75,1500,0,750
BAJAJFINSV30JAN208400PE.NFO,07/01/2020,15:21:34,9.35,19,1250,47.75,1500,0,750
BAJAJFINSV30JAN208400PE.NFO,07/01/2020,15:23:02,9.35,19,1500,47.75,750,0,750
BAJAJFINSV30JAN208400PE.NFO,07/01/2020,15:23:16,9.35,19,1500,47.75,1000,0,750
BAJAJFINSV30JAN208400PE.NFO,07/01/2020,15:23:27,9.35,19,1500,47.75,750,0,750
BAJAJFINSV30JAN208400PE.NFO,07/01/2020,15:23:45,9.35,19,1500,47.75,500,0,750
BAJAJFINSV30JAN208400PE.NFO,07/01/2020,15:23:50,9.35,19,1500,47.75,750,0,750
BAJAJFINSV30JAN208400PE.NFO,07/01/2020,15:25:13,9.35,19,1500,47.75,1000,0,750
BAJAJFINSV30JAN208400PE.NFO,07/01/2020,15:25:28,9.35,19,1500,47.75,1500,0,750
BAJAJFINSV30JAN208400PE.NFO,07/01/2020,15:25:32,9.35,19,1500,47.75,1250,0,750
BAJAJFINSV30JAN208400PE.NFO,07/01/2020,15:25:53,9.35,19,1500,47.75,1000,0,750
BAJAJFINSV30JAN208400PE.NFO,07/01/2020,15:26:03,9.35,19,1500,47.75,1250,0,750
BAJAJFINSV30JAN208400PE.NFO,07/01/2020,15:26:09,9.35,19,1500,47.75,1000,0,750
BAJAJFINSV30JAN208400PE.NFO,07/01/2020,15:26:13,9.35,19,1500,47.75,1250,0,750
BAJAJFINSV30JAN208400PE.NFO,07/01/2020,15:26:17,9.35,19,1500,47.75,1000,0,750
BAJAJFINSV30JAN208400PE.NFO,07/01/2020,15:26:49,9.35,19,1500,47.75,1250,0,750
BAJAJFINSV30JAN208400PE.NFO,07/01/2020,15:27:04,9.35,19,1500,47.75,1000,0,750
BAJAJFINSV30JAN208400PE.NFO,07/01/2020,15:27:10,9.35,19,1500,47.75,1250,0,750
BAJAJFINSV30JAN208400PE.NFO,07/01/2020,15:27:29,9.35,19,1500,47.75,1000,0,750
BAJAJFINSV30JAN208400PE.NFO,07/01/2020,15:28:01,9.35,19,1500,47.75,1250,0,750
BAJAJFINSV30JAN208400PE.NFO,07/01/2020,15:28:17,9.35,19,1500,47.75,1500,0,750
BAJAJFINSV30JAN208400PE.NFO,07/01/2020,15:28:31,9.35,19,1500,47.75,1250,0,750
BAJAJFINSV30JAN208400PE.NFO,07/01/2020,15:28:42,9.35,19,1500,47.75,1000,0,750
