Ticker,Date,Time,LTP,BuyPrice,BuyQty,SellPrice,SellQty,LTQ,OpenInterest
BAJFINANCE30JAN204000CE.NFO,07/01/2020,09:15:07,142,130.7,1500,160.15,1750,750,73500
BAJFINANCE30JAN204000CE.NFO,07/01/2020,09:15:07,130.7,130.7,1500,160.15,1750,0,73500
BAJFINANCE30JAN204000CE.NFO,07/01/2020,09:15:07,142,130.7,1500,160.15,1750,0,73500
BAJFINANCE30JAN204000CE.NFO,07/01/2020,09:15:07,130.7,130.7,1500,160.15,1750,0,73500
BAJFINANCE30JAN204000CE.NFO,07/01/2020,09:15:17,154.1,142.05,250,151.95,1000,1250,73500
BAJFINANCE30JAN204000CE.NFO,07/01/2020,09:15:17,159.5,142.05,250,151.95,1000,0,73500
BAJFINANCE30JAN204000CE.NFO,07/01/2020,09:15:29,152,143.1,250,153.05,250,250,73500
BAJFINANCE30JAN204000CE.NFO,07/01/2020,09:15:40,145,142.3,250,152,250,500,73500
BAJFINANCE30JAN204000CE.NFO,07/01/2020,09:15:53,144.6,145.05,250,151.8,250,1750,73500
BAJFINANCE30JAN204000CE.NFO,07/01/2020,09:16:04,150,146.6,250,149.85,250,500,73500
BAJFINANCE30JAN204000CE.NFO,07/01/2020,09:16:15,149,147.05,250,150,750,750,73500
BAJFINANCE30JAN204000CE.NFO,07/01/2020,09:16:24,149.9,145.65,250,149.5,250,1250,73500
BAJFINANCE30JAN204000CE.NFO,07/01/2020,09:16:34,145.2,143,250,147.25,250,500,73500
BAJFINANCE30JAN204000CE.NFO,07/01/2020,09:16:43,146.1,143,250,147.35,250,500,73500
BAJFINANCE30JAN204000CE.NFO,07/01/2020,09:16:52,143,139.65,250,146.4,250,250,73500
BAJFINANCE30JAN204000CE.NFO,07/01/2020,09:17:00,143,143.15,250,146.4,250,0,73500
BAJFINANCE30JAN204000CE.NFO,07/01/2020,09:17:08,143.15,143,250,146.1,250,250,73500
BAJFINANCE30JAN204000CE.NFO,07/01/2020,09:17:12,144,143,250,146.9,250,500,73250
BAJFINANCE30JAN204000CE.NFO,07/01/2020,09:17:13,144,143,250,147.4,500,0,73250
BAJFINANCE30JAN204000CE.NFO,07/01/2020,09:17:14,144,143,250,146.5,250,0,73250
BAJFINANCE30JAN204000CE.NFO,07/01/2020,09:17:15,144,143.15,250,147.15,250,0,73250
BAJFINANCE30JAN204000CE.NFO,07/01/2020,09:17:16,144,143,250,146.1,250,0,73250
BAJFINANCE30JAN204000CE.NFO,07/01/2020,09:17:18,144,143.1,250,147.9,250,0,73250
BAJFINANCE30JAN204000CE.NFO,07/01/2020,09:17:19,144,143.05,250,147,250,0,73250
BAJFINANCE30JAN204000CE.NFO,07/01/2020,09:17:20,144,143.1,250,146.8,250,0,73250
BAJFINANCE30JAN204000CE.NFO,07/01/2020,09:17:21,144,143.05,250,147.15,250,0,73250
BAJFINANCE30JAN204000CE.NFO,07/01/2020,09:17:22,144,144,500,146,250,0,73250
BAJFINANCE30JAN204000CE.NFO,07/01/2020,09:17:23,144,144,500,146.6,250,0,73250
BAJFINANCE30JAN204000CE.NFO,07/01/2020,09:17:24,144,144,500,146.25,250,0,73250
BAJFINANCE30JAN204000CE.NFO,07/01/2020,09:17:25,144,144,500,146.3,750,0,73250
BAJFINANCE30JAN204000CE.NFO,07/01/2020,09:17:27,144,144,500,146.2,750,0,73250
BAJFINANCE30JAN204000CE.NFO,07/01/2020,09:17:28,144,144,250,147.55,250,250,73250
BAJFINANCE30JAN204000CE.NFO,07/01/2020,09:17:29,144,144,250,146.7,250,0,73250
BAJFINANCE30JAN204000CE.NFO,07/01/2020,09:17:30,144,144,250,147.1,250,0,73250
BAJFINANCE30JAN204000CE.NFO,07/01/2020,09:17:31,144,144,250,146.25,500,0,73250
BAJFINANCE30JAN204000CE.NFO,07/01/2020,09:17:32,144,144,250,146.25,250,0,73250
BAJFINANCE30JAN204000CE.NFO,07/01/2020,09:17:33,144,144,250,146.35,250,0,73250
BAJFINANCE30JAN204000CE.NFO,07/01/2020,09:17:34,144,144,250,146.7,500,0,73250
BAJFINANCE30JAN204000CE.NFO,07/01/2020,09:17:35,144,144,250,146.75,250,0,73250
BAJFINANCE30JAN204000CE.NFO,07/01/2020,09:17:36,144,143,250,146.45,250,250,73250
BAJFINANCE30JAN204000CE.NFO,07/01/2020,09:17:37,144,143,250,146.25,250,0,73250
BAJFINANCE30JAN204000CE.NFO,07/01/2020,09:17:38,144,143,250,146.05,250,0,73250
BAJFINANCE30JAN204000CE.NFO,07/01/2020,09:17:39,144,143,250,145.95,250,0,73250
BAJFINANCE30JAN204000CE.NFO,07/01/2020,09:17:40,144,143,250,145.85,250,0,73250
BAJFINANCE30JAN204000CE.NFO,07/01/2020,09:17:42,144,143,250,145.6,250,0,73250
BAJFINANCE30JAN204000CE.NFO,07/01/2020,09:17:43,144,143,250,145.5,250,0,73250
BAJFINANCE30JAN204000CE.NFO,07/01/2020,09:17:44,144,143,250,145.75,250,0,73250
BAJFINANCE30JAN204000CE.NFO,07/01/2020,09:17:45,144,143,250,145.55,500,0,73250
BAJFINANCE30JAN204000CE.NFO,07/01/2020,09:17:46,144,143,250,145.25,250,0,73250
BAJFINANCE30JAN204000CE.NFO,07/01/2020,09:17:47,144,143,250,145.6,250,0,73250
BAJFINANCE30JAN204000CE.NFO,07/01/2020,09:17:48,144,143,250,145.5,250,0,73250
BAJFINANCE30JAN204000CE.NFO,07/01/2020,09:17:50,144,143,250,145.25,250,0,73250
BAJFINANCE30JAN204000CE.NFO,07/01/2020,09:17:51,144,143,250,144,750,0,73250
BAJFINANCE30JAN204000CE.NFO,07/01/2020,09:17:55,143,139.55,250,144,750,250,73250
BAJFINANCE30JAN204000CE.NFO,07/01/2020,09:17:56,143,140.4,250,144,750,0,73250
BAJFINANCE30JAN204000CE.NFO,07/01/2020,09:17:57,143,141.1,250,144,750,0,73250
BAJFINANCE30JAN204000CE.NFO,07/01/2020,09:17:58,143,140.95,250,144,750,0,73250
BAJFINANCE30JAN204000CE.NFO,07/01/2020,09:17:59,143,140.5,250,143.95,250,0,73250
BAJFINANCE30JAN204000CE.NFO,07/01/2020,09:18:00,142,140.6,250,144,750,250,73250
BAJFINANCE30JAN204000CE.NFO,07/01/2020,09:18:01,142,140.9,250,144,1000,0,73250
BAJFINANCE30JAN204000CE.NFO,07/01/2020,09:18:02,142,141.1,250,144,750,0,73250
BAJFINANCE30JAN204000CE.NFO,07/01/2020,09:18:03,142,141.2,250,144,750,0,73250
BAJFINANCE30JAN204000CE.NFO,07/01/2020,09:18:05,142,141.45,250,144,750,0,73250
BAJFINANCE30JAN204000CE.NFO,07/01/2020,09:18:06,144,141.7,500,144,500,250,73250
BAJFINANCE30JAN204000CE.NFO,07/01/2020,09:18:07,144,142,500,144,500,0,73250
BAJFINANCE30JAN204000CE.NFO,07/01/2020,09:18:08,144,142.1,500,144,500,0,73250
BAJFINANCE30JAN204000CE.NFO,07/01/2020,09:18:09,141.55,140.15,250,144,500,500,73250
BAJFINANCE30JAN204000CE.NFO,07/01/2020,09:18:10,141.55,140.5,250,143.95,250,0,73250
BAJFINANCE30JAN204000CE.NFO,07/01/2020,09:18:11,141.55,140.65,500,144,750,0,73250
BAJFINANCE30JAN204000CE.NFO,07/01/2020,09:18:12,141.55,140.7,750,144,750,0,73250
BAJFINANCE30JAN204000CE.NFO,07/01/2020,09:18:13,141.55,142,250,143.85,250,0,73250
BAJFINANCE30JAN204000CE.NFO,07/01/2020,09:18:14,141.55,142,250,144,500,0,73250
BAJFINANCE30JAN204000CE.NFO,07/01/2020,09:18:15,144,142.1,500,144.85,250,500,73250
BAJFINANCE30JAN204000CE.NFO,07/01/2020,09:18:16,144,142,250,146.9,250,0,73250
BAJFINANCE30JAN204000CE.NFO,07/01/2020,09:18:17,144,142.05,500,147.3,250,0,73250
BAJFINANCE30JAN204000CE.NFO,07/01/2020,09:18:18,144,142.15,500,147.05,500,0,73250
BAJFINANCE30JAN204000CE.NFO,07/01/2020,09:18:19,144,142.1,250,146.35,250,0,73250
BAJFINANCE30JAN204000CE.NFO,07/01/2020,09:18:21,144,144,250,146.3,250,0,73250
BAJFINANCE30JAN204000CE.NFO,07/01/2020,09:18:22,144,144,250,146.8,250,0,73250
BAJFINANCE30JAN204000CE.NFO,07/01/2020,09:18:23,145,144,500,147,750,250,73250
BAJFINANCE30JAN204000CE.NFO,07/01/2020,09:18:24,145,144,250,146.75,250,0,73250
BAJFINANCE30JAN204000CE.NFO,07/01/2020,09:18:25,145,144,250,146.55,250,0,73250
BAJFINANCE30JAN204000CE.NFO,07/01/2020,09:18:27,145,144,250,146.75,250,0,73250
BAJFINANCE30JAN204000CE.NFO,07/01/2020,09:18:28,145,144,250,146.65,250,0,73250
BAJFINANCE30JAN204000CE.NFO,07/01/2020,09:18:29,145,144,250,146.2,250,0,73250
BAJFINANCE30JAN204000CE.NFO,07/01/2020,09:18:30,145,144,250,146.05,250,0,73250
BAJFINANCE30JAN204000CE.NFO,07/01/2020,09:18:31,145,144,250,145.55,250,0,73250
BAJFINANCE30JAN204000CE.NFO,07/01/2020,09:18:32,145,144,250,145.5,250,0,73250
BAJFINANCE30JAN204000CE.NFO,07/01/2020,09:18:33,145,143,250,145.8,250,500,73250
BAJFINANCE30JAN204000CE.NFO,07/01/2020,09:18:34,145,143.75,250,146.8,250,0,73250
BAJFINANCE30JAN204000CE.NFO,07/01/2020,09:18:35,145,143.75,250,146.4,250,0,73250
BAJFINANCE30JAN204000CE.NFO,07/01/2020,09:18:36,145,143.8,250,146.45,500,0,73250
BAJFINANCE30JAN204000CE.NFO,07/01/2020,09:18:37,145,144.3,250,146.25,250,0,73250
BAJFINANCE30JAN204000CE.NFO,07/01/2020,09:18:39,145,143.85,500,146.4,250,0,73250
BAJFINANCE30JAN204000CE.NFO,07/01/2020,09:18:40,145,143.55,250,145.85,250,0,73250
BAJFINANCE30JAN204000CE.NFO,07/01/2020,09:18:41,145,144.2,250,146.2,250,0,73250
BAJFINANCE30JAN204000CE.NFO,07/01/2020,09:18:42,145.85,144.15,250,146.6,500,250,73250
BAJFINANCE30JAN204000CE.NFO,07/01/2020,09:18:44,145.85,145.05,250,146.95,250,0,73250
BAJFINANCE30JAN204000CE.NFO,07/01/2020,09:18:45,145.85,145.6,250,146.95,500,0,73250
BAJFINANCE30JAN204000CE.NFO,07/01/2020,09:18:46,145.35,144.75,500,146.95,500,250,73250
BAJFINANCE30JAN204000CE.NFO,07/01/2020,09:18:47,145.35,145.05,250,146.95,500,0,73250
BAJFINANCE30JAN204000CE.NFO,07/01/2020,09:18:48,145.35,145.45,250,146.95,500,0,73250
BAJFINANCE30JAN204000CE.NFO,07/01/2020,09:18:49,145.35,145.15,500,146.95,500,0,73250
BAJFINANCE30JAN204000CE.NFO,07/01/2020,09:18:50,145.35,144.85,250,146.9,250,0,73250
BAJFINANCE30JAN204000CE.NFO,07/01/2020,09:18:51,145.35,144.85,250,146.95,500,0,73250
BAJFINANCE30JAN204000CE.NFO,07/01/2020,09:18:52,145.35,144.5,250,146.85,250,0,73250
BAJFINANCE30JAN204000CE.NFO,07/01/2020,09:18:53,145.35,144.15,250,146.6,250,0,73250
BAJFINANCE30JAN204000CE.NFO,07/01/2020,09:18:54,145.35,143.9,250,146.6,250,0,73250
BAJFINANCE30JAN204000CE.NFO,07/01/2020,09:18:55,145.35,143.6,250,146.3,250,0,73250
BAJFINANCE30JAN204000CE.NFO,07/01/2020,09:18:56,145.35,143.45,250,146,250,0,73250
BAJFINANCE30JAN204000CE.NFO,07/01/2020,09:18:57,145.35,143.45,500,146.2,250,0,73250
BAJFINANCE30JAN204000CE.NFO,07/01/2020,09:18:59,145.35,143.7,250,146.85,500,0,73250
BAJFINANCE30JAN204000CE.NFO,07/01/2020,09:19:00,145.35,143.7,250,145.35,250,0,73250
BAJFINANCE30JAN204000CE.NFO,07/01/2020,09:19:01,145.35,143.7,250,145,250,0,73250
BAJFINANCE30JAN204000CE.NFO,07/01/2020,09:19:02,145,142.3,250,145.35,250,250,73250
BAJFINANCE30JAN204000CE.NFO,07/01/2020,09:19:03,145,142.65,250,145.35,250,0,73250
BAJFINANCE30JAN204000CE.NFO,07/01/2020,09:19:04,145,142.1,250,145.35,250,0,73250
BAJFINANCE30JAN204000CE.NFO,07/01/2020,09:19:05,145,141.85,250,145.1,250,0,73250
BAJFINANCE30JAN204000CE.NFO,07/01/2020,09:19:07,145,141.8,500,144.95,500,0,73250
BAJFINANCE30JAN204000CE.NFO,07/01/2020,09:19:08,145,141.9,250,145.35,250,0,73250
BAJFINANCE30JAN204000CE.NFO,07/01/2020,09:19:09,145,141.9,250,145.2,250,0,73250
BAJFINANCE30JAN204000CE.NFO,07/01/2020,09:19:11,145,141.9,250,145,250,0,73250
BAJFINANCE30JAN204000CE.NFO,07/01/2020,09:19:12,145,142.2,250,145.3,250,0,73250
BAJFINANCE30JAN204000CE.NFO,07/01/2020,09:19:13,145,142.1,250,145,1000,0,73250
BAJFINANCE30JAN204000CE.NFO,07/01/2020,09:19:14,145,142.3,250,145,1000,0,73250
BAJFINANCE30JAN204000CE.NFO,07/01/2020,09:19:15,142.25,142.2,250,144.95,250,250,73250
BAJFINANCE30JAN204000CE.NFO,07/01/2020,09:19:16,142.25,142.4,500,145,1250,0,73250
BAJFINANCE30JAN204000CE.NFO,07/01/2020,09:19:17,142.25,142.2,250,144.95,500,0,73250
BAJFINANCE30JAN204000CE.NFO,07/01/2020,09:19:19,142.25,142.35,250,144.95,500,0,73250
BAJFINANCE30JAN204000CE.NFO,07/01/2020,09:19:20,142.3,142.55,250,144.95,250,250,73250
BAJFINANCE30JAN204000CE.NFO,07/01/2020,09:19:21,142.3,143,250,144.95,500,0,73250
BAJFINANCE30JAN204000CE.NFO,07/01/2020,09:19:25,142.3,143.15,250,144.95,500,0,73250
BAJFINANCE30JAN204000CE.NFO,07/01/2020,09:19:26,142.3,143.2,500,144.95,500,0,73250
BAJFINANCE30JAN204000CE.NFO,07/01/2020,09:19:27,145,143.3,250,145,250,1500,73250
BAJFINANCE30JAN204000CE.NFO,07/01/2020,09:19:28,145,143.4,250,145,500,0,73250
BAJFINANCE30JAN204000CE.NFO,07/01/2020,09:19:29,145,143.4,500,146,750,500,73250
BAJFINANCE30JAN204000CE.NFO,07/01/2020,09:19:30,145,143.9,250,146,500,0,73250
BAJFINANCE30JAN204000CE.NFO,07/01/2020,09:19:31,145,143.35,500,146,500,0,73250
BAJFINANCE30JAN204000CE.NFO,07/01/2020,09:19:32,145,143.65,500,146,500,0,73250
BAJFINANCE30JAN204000CE.NFO,07/01/2020,09:19:33,144,143.05,250,145.95,250,250,73250
BAJFINANCE30JAN204000CE.NFO,07/01/2020,09:19:34,144,143,250,145.9,250,0,73250
BAJFINANCE30JAN204000CE.NFO,07/01/2020,09:19:35,144,143.05,250,145,750,0,73250
BAJFINANCE30JAN204000CE.NFO,07/01/2020,09:19:38,144,143.1,250,145,500,0,73250
BAJFINANCE30JAN204000CE.NFO,07/01/2020,09:19:40,144,143.05,250,145,500,0,73250
BAJFINANCE30JAN204000CE.NFO,07/01/2020,09:19:41,144,143,250,145,500,0,73250
BAJFINANCE30JAN204000CE.NFO,07/01/2020,09:19:42,144,143.05,250,145,500,0,73250
BAJFINANCE30JAN204000CE.NFO,07/01/2020,09:19:45,144,143.1,250,145,500,0,73250
BAJFINANCE30JAN204000CE.NFO,07/01/2020,09:19:46,144,143.05,500,145,500,0,73250
BAJFINANCE30JAN204000CE.NFO,07/01/2020,09:19:47,144,143.15,250,145,500,0,73250
BAJFINANCE30JAN204000CE.NFO,07/01/2020,09:19:48,144,143,250,145,500,0,73250
BAJFINANCE30JAN204000CE.NFO,07/01/2020,09:19:50,143,141.4,250,145,750,250,73250
BAJFINANCE30JAN204000CE.NFO,07/01/2020,09:19:51,143,141.6,250,145,750,0,73250
BAJFINANCE30JAN204000CE.NFO,07/01/2020,09:19:52,143,142.05,250,145,500,0,73250
BAJFINANCE30JAN204000CE.NFO,07/01/2020,09:19:53,143,141.25,250,145,750,0,73250
BAJFINANCE30JAN204000CE.NFO,07/01/2020,09:19:54,143,141.3,250,144.8,250,0,73250
BAJFINANCE30JAN204000CE.NFO,07/01/2020,09:19:55,143,141.4,250,144.9,250,0,73250
BAJFINANCE30JAN204000CE.NFO,07/01/2020,09:19:56,143,141.35,250,144.8,250,0,73250
BAJFINANCE30JAN204000CE.NFO,07/01/2020,09:19:57,143,141.2,250,144.8,250,0,73250
BAJFINANCE30JAN204000CE.NFO,07/01/2020,09:19:58,143,141.65,250,145,750,0,73250
BAJFINANCE30JAN204000CE.NFO,07/01/2020,09:19:59,143,141.75,250,145,750,0,73250
BAJFINANCE30JAN204000CE.NFO,07/01/2020,09:20:00,143,141.65,250,144.95,250,0,73250
BAJFINANCE30JAN204000CE.NFO,07/01/2020,09:20:01,143,141.75,250,144.95,250,0,73250
BAJFINANCE30JAN204000CE.NFO,07/01/2020,09:20:03,143,141.1,250,144.9,750,0,73250
BAJFINANCE30JAN204000CE.NFO,07/01/2020,09:20:04,143,141.3,750,144.9,750,0,73250
BAJFINANCE30JAN204000CE.NFO,07/01/2020,09:20:05,143,141.3,250,144.9,750,0,73250
BAJFINANCE30JAN204000CE.NFO,07/01/2020,09:20:06,143,141.35,250,144.8,250,0,73250
BAJFINANCE30JAN204000CE.NFO,07/01/2020,09:20:07,143,141.6,500,144.75,250,0,73250
BAJFINANCE30JAN204000CE.NFO,07/01/2020,09:20:08,143,141.3,250,144.65,250,0,73250
BAJFINANCE30JAN204000CE.NFO,07/01/2020,09:20:10,141.75,140.8,250,144.55,250,250,73250
BAJFINANCE30JAN204000CE.NFO,07/01/2020,09:20:11,141.75,141,250,144.55,250,0,73250
BAJFINANCE30JAN204000CE.NFO,07/01/2020,09:20:12,141.75,141.25,250,144.5,250,0,73250
BAJFINANCE30JAN204000CE.NFO,07/01/2020,09:20:13,141.75,141.25,500,144.5,500,0,73250
BAJFINANCE30JAN204000CE.NFO,07/01/2020,09:20:15,141.75,141.15,250,144.5,250,0,73250
BAJFINANCE30JAN204000CE.NFO,07/01/2020,09:20:16,141.75,140.35,1000,144.85,250,0,73250
BAJFINANCE30JAN204000CE.NFO,07/01/2020,09:20:17,141.75,140.85,250,144.7,250,0,73250
BAJFINANCE30JAN204000CE.NFO,07/01/2020,09:20:18,141.75,141.05,250,144.6,750,0,73250
BAJFINANCE30JAN204000CE.NFO,07/01/2020,09:20:19,141.75,140.7,250,144.45,500,0,73250
BAJFINANCE30JAN204000CE.NFO,07/01/2020,09:20:20,141.75,140.55,250,144.35,500,0,73250
BAJFINANCE30JAN204000CE.NFO,07/01/2020,09:20:21,141.75,140.35,250,144.15,250,0,73250
BAJFINANCE30JAN204000CE.NFO,07/01/2020,09:20:22,141.75,140.5,250,144.15,250,0,73250
BAJFINANCE30JAN204000CE.NFO,07/01/2020,09:20:23,141.75,140.45,250,144.05,500,0,73250
BAJFINANCE30JAN204000CE.NFO,07/01/2020,09:20:24,141.75,140.05,500,143.95,250,0,73250
BAJFINANCE30JAN204000CE.NFO,07/01/2020,09:20:25,141.75,140.1,500,143.8,500,0,73250
BAJFINANCE30JAN204000CE.NFO,07/01/2020,09:20:26,141.75,140.25,500,143.65,250,0,73250
BAJFINANCE30JAN204000CE.NFO,07/01/2020,09:20:27,141.75,140.4,750,143.65,250,0,73250
BAJFINANCE30JAN204000CE.NFO,07/01/2020,09:20:28,141.75,140.55,250,143.9,250,0,73250
BAJFINANCE30JAN204000CE.NFO,07/01/2020,09:20:29,141.75,140,250,143.65,250,0,73250
BAJFINANCE30JAN204000CE.NFO,07/01/2020,09:20:30,141.75,140.1,250,143.65,250,0,73250
BAJFINANCE30JAN204000CE.NFO,07/01/2020,09:20:31,141.75,140.55,250,144.75,250,0,73250
BAJFINANCE30JAN204000CE.NFO,07/01/2020,09:20:32,141.75,140.45,250,144.35,250,0,73250
BAJFINANCE30JAN204000CE.NFO,07/01/2020,09:20:33,141.75,140.65,500,144,250,0,73250
BAJFINANCE30JAN204000CE.NFO,07/01/2020,09:20:34,141.75,140.8,250,144,250,0,73250
BAJFINANCE30JAN204000CE.NFO,07/01/2020,09:20:35,141.75,141.05,250,144.1,250,0,73250
BAJFINANCE30JAN204000CE.NFO,07/01/2020,09:20:36,141.75,141.45,250,144.6,250,0,73250
BAJFINANCE30JAN204000CE.NFO,07/01/2020,09:20:37,141.75,141.25,500,144.55,250,0,73250
BAJFINANCE30JAN204000CE.NFO,07/01/2020,09:20:39,141.75,141.25,500,144.45,250,0,73250
BAJFINANCE30JAN204000CE.NFO,07/01/2020,09:20:40,141.75,141.25,500,144.35,750,0,73250
BAJFINANCE30JAN204000CE.NFO,07/01/2020,09:20:41,141.75,141.15,250,144.7,250,0,73250
BAJFINANCE30JAN204000CE.NFO,07/01/2020,09:20:42,141.75,141.3,500,144.85,250,0,73250
BAJFINANCE30JAN204000CE.NFO,07/01/2020,09:20:43,141.75,140.95,250,144.85,500,0,73250
BAJFINANCE30JAN204000CE.NFO,07/01/2020,09:20:44,141.75,141.2,250,144.65,500,0,73250
BAJFINANCE30JAN204000CE.NFO,07/01/2020,09:20:45,141.75,141.5,500,144.75,500,0,73250
BAJFINANCE30JAN204000CE.NFO,07/01/2020,09:20:46,141.75,141.7,500,144.85,250,0,73250
BAJFINANCE30JAN204000CE.NFO,07/01/2020,09:20:49,141.75,141.7,250,144.85,250,0,73250
BAJFINANCE30JAN204000CE.NFO,07/01/2020,09:20:50,141.75,143.1,250,144.9,250,0,73250
BAJFINANCE30JAN204000CE.NFO,07/01/2020,09:20:51,144.9,143.5,250,144.95,250,250,71250
BAJFINANCE30JAN204000CE.NFO,07/01/2020,09:20:52,144.9,143.15,250,144.95,250,0,71250
BAJFINANCE30JAN204000CE.NFO,07/01/2020,09:20:53,144.9,143.2,250,144.95,250,0,71250
BAJFINANCE30JAN204000CE.NFO,07/01/2020,09:20:54,144.95,143.8,250,145,750,250,71250
BAJFINANCE30JAN204000CE.NFO,07/01/2020,09:20:55,144.95,143.45,250,145,750,0,71250
BAJFINANCE30JAN204000CE.NFO,07/01/2020,09:20:56,145,143.75,250,145,500,250,71250
BAJFINANCE30JAN204000CE.NFO,07/01/2020,09:20:57,145,144.15,250,147.85,250,500,71250
BAJFINANCE30JAN204000CE.NFO,07/01/2020,09:20:58,145,144.15,500,147.8,500,0,71250
BAJFINANCE30JAN204000CE.NFO,07/01/2020,09:20:59,145,144.25,250,147.75,250,0,71250
BAJFINANCE30JAN204000CE.NFO,07/01/2020,09:21:00,145,144.4,250,147.75,250,0,71250
BAJFINANCE30JAN204000CE.NFO,07/01/2020,09:21:01,145,143.95,250,146,250,0,71250
BAJFINANCE30JAN204000CE.NFO,07/01/2020,09:21:02,145,144.15,250,146,250,0,71250
BAJFINANCE30JAN204000CE.NFO,07/01/2020,09:21:03,145,144.05,250,146,250,0,71250
BAJFINANCE30JAN204000CE.NFO,07/01/2020,09:21:05,145,143.4,500,146,250,0,71250
BAJFINANCE30JAN204000CE.NFO,07/01/2020,09:21:06,145,143.6,500,146,250,0,71250
BAJFINANCE30JAN204000CE.NFO,07/01/2020,09:21:07,146,143.95,250,147.65,250,250,71250
BAJFINANCE30JAN204000CE.NFO,07/01/2020,09:21:08,146,144.4,250,147.65,250,0,71250
BAJFINANCE30JAN204000CE.NFO,07/01/2020,09:21:09,146,144.7,250,149.75,250,0,71250
BAJFINANCE30JAN204000CE.NFO,07/01/2020,09:21:11,146,145.75,250,149.55,250,0,71250
BAJFINANCE30JAN204000CE.NFO,07/01/2020,09:21:12,146.35,146.55,750,148.6,250,250,71250
BAJFINANCE30JAN204000CE.NFO,07/01/2020,09:21:13,148.6,146.65,1000,149.75,250,250,71250
BAJFINANCE30JAN204000CE.NFO,07/01/2020,09:21:14,148.6,146.65,1000,149.8,250,0,71250
BAJFINANCE30JAN204000CE.NFO,07/01/2020,09:21:15,147.1,146.95,250,149.9,250,250,71250
BAJFINANCE30JAN204000CE.NFO,07/01/2020,09:21:16,147.1,147.45,750,149.9,250,0,71250
BAJFINANCE30JAN204000CE.NFO,07/01/2020,09:21:17,147.1,147.55,500,149.85,500,0,71250
BAJFINANCE30JAN204000CE.NFO,07/01/2020,09:21:18,147.1,147.2,250,149.85,500,0,71250
BAJFINANCE30JAN204000CE.NFO,07/01/2020,09:21:19,147.1,147.3,250,149.9,250,0,71250
BAJFINANCE30JAN204000CE.NFO,07/01/2020,09:21:20,147.1,147.35,250,149.75,250,0,71250
BAJFINANCE30JAN204000CE.NFO,07/01/2020,09:21:22,147.1,146.15,750,149.6,250,0,71250
BAJFINANCE30JAN204000CE.NFO,07/01/2020,09:21:23,147.1,146.05,250,149.55,250,0,71250
BAJFINANCE30JAN204000CE.NFO,07/01/2020,09:21:24,147.1,146.15,250,149.8,250,0,71250
BAJFINANCE30JAN204000CE.NFO,07/01/2020,09:21:25,146.2,146.15,250,149.6,250,250,71250
BAJFINANCE30JAN204000CE.NFO,07/01/2020,09:21:26,146.2,146.15,250,149.45,250,0,71250
BAJFINANCE30JAN204000CE.NFO,07/01/2020,09:21:28,146.2,146.9,750,149.9,250,0,71250
BAJFINANCE30JAN204000CE.NFO,07/01/2020,09:21:29,146.2,147.15,250,149.85,750,0,71250
BAJFINANCE30JAN204000CE.NFO,07/01/2020,09:21:30,146.2,147.15,250,149.7,250,0,71250
BAJFINANCE30JAN204000CE.NFO,07/01/2020,09:21:31,146.2,147.2,250,149.75,500,0,71250
BAJFINANCE30JAN204000CE.NFO,07/01/2020,09:21:32,146.2,147.1,500,149.5,250,0,71250
BAJFINANCE30JAN204000CE.NFO,07/01/2020,09:21:33,146.2,147.1,500,149.5,500,0,71250
BAJFINANCE30JAN204000CE.NFO,07/01/2020,09:21:34,146.2,147.1,500,149.3,250,0,71250
BAJFINANCE30JAN204000CE.NFO,07/01/2020,09:21:35,147.1,147,250,149,250,500,71250
BAJFINANCE30JAN204000CE.NFO,07/01/2020,09:21:36,147.1,147,250,149.7,250,0,71250
BAJFINANCE30JAN204000CE.NFO,07/01/2020,09:21:37,147.1,147.05,250,149.5,250,0,71250
BAJFINANCE30JAN204000CE.NFO,07/01/2020,09:21:38,147.1,147.05,250,149.8,500,0,71250
BAJFINANCE30JAN204000CE.NFO,07/01/2020,09:21:39,147.1,147,250,149.75,500,0,71250
BAJFINANCE30JAN204000CE.NFO,07/01/2020,09:21:40,147.1,147.05,250,149.7,250,0,71250
BAJFINANCE30JAN204000CE.NFO,07/01/2020,09:21:41,147.1,147.15,250,149.85,750,0,71250
BAJFINANCE30JAN204000CE.NFO,07/01/2020,09:21:42,147.1,147.2,250,149.85,750,0,71250
BAJFINANCE30JAN204000CE.NFO,07/01/2020,09:21:43,147.1,147.2,250,149.8,500,0,71250
BAJFINANCE30JAN204000CE.NFO,07/01/2020,09:21:44,147.1,147.2,250,149.75,250,0,71250
BAJFINANCE30JAN204000CE.NFO,07/01/2020,09:21:45,147.1,147.2,250,149.6,250,0,71250
BAJFINANCE30JAN204000CE.NFO,07/01/2020,09:21:46,147.2,147.25,250,149.85,250,500,71250
BAJFINANCE30JAN204000CE.NFO,07/01/2020,09:21:47,147.2,147.3,250,149.85,500,0,71250
BAJFINANCE30JAN204000CE.NFO,07/01/2020,09:21:48,147.2,147.45,250,149.85,500,0,71250
BAJFINANCE30JAN204000CE.NFO,07/01/2020,09:21:49,147.2,147.5,250,149.85,500,0,71250
BAJFINANCE30JAN204000CE.NFO,07/01/2020,09:21:50,147.2,147.9,250,149.85,500,0,71250
BAJFINANCE30JAN204000CE.NFO,07/01/2020,09:21:51,149.85,147.9,250,149.85,250,250,71250
BAJFINANCE30JAN204000CE.NFO,07/01/2020,09:21:52,149.85,147.4,250,149.85,250,0,71250
BAJFINANCE30JAN204000CE.NFO,07/01/2020,09:21:53,149.85,147.55,250,149.85,250,0,71250
BAJFINANCE30JAN204000CE.NFO,07/01/2020,09:21:54,149.85,147.65,250,149.85,250,0,71250
BAJFINANCE30JAN204000CE.NFO,07/01/2020,09:21:55,149.85,147.1,750,149.8,250,0,71250
BAJFINANCE30JAN204000CE.NFO,07/01/2020,09:21:56,149.85,147.2,500,149.85,250,0,71250
BAJFINANCE30JAN204000CE.NFO,07/01/2020,09:21:57,149.85,147.05,250,149.8,250,0,71250
BAJFINANCE30JAN204000CE.NFO,07/01/2020,09:21:58,149.85,147,500,149.75,500,0,71250
BAJFINANCE30JAN204000CE.NFO,07/01/2020,09:21:59,149.85,147.15,500,149.75,500,0,71250
BAJFINANCE30JAN204000CE.NFO,07/01/2020,09:22:00,149.85,147.1,250,149.9,250,0,71250
BAJFINANCE30JAN204000CE.NFO,07/01/2020,09:22:01,149.85,147.05,250,149.85,250,0,71250
BAJFINANCE30JAN204000CE.NFO,07/01/2020,09:22:02,149.85,147.55,250,149.85,250,0,71250
BAJFINANCE30JAN204000CE.NFO,07/01/2020,09:22:03,149.85,147.65,250,149.85,250,0,71250
BAJFINANCE30JAN204000CE.NFO,07/01/2020,09:22:04,149.85,148,250,149.9,250,0,71250
BAJFINANCE30JAN204000CE.NFO,07/01/2020,09:22:05,149.85,148.1,250,149.9,250,0,71250
BAJFINANCE30JAN204000CE.NFO,07/01/2020,09:22:06,149.85,148.2,250,149.9,250,0,71250
BAJFINANCE30JAN204000CE.NFO,07/01/2020,09:22:07,149.9,148,250,150,500,250,71250
BAJFINANCE30JAN204000CE.NFO,07/01/2020,09:22:08,148.1,148,500,150,500,250,71250
BAJFINANCE30JAN204000CE.NFO,07/01/2020,09:22:09,148.1,147.8,250,149.95,250,0,71250
BAJFINANCE30JAN204000CE.NFO,07/01/2020,09:22:10,149.85,148.05,250,150,500,750,71250
BAJFINANCE30JAN204000CE.NFO,07/01/2020,09:22:11,149.85,148.4,250,150,500,0,71250
BAJFINANCE30JAN204000CE.NFO,07/01/2020,09:22:12,149.85,148.15,500,150,500,0,71250
BAJFINANCE30JAN204000CE.NFO,07/01/2020,09:22:13,149.85,147.95,250,150,500,0,71250
BAJFINANCE30JAN204000CE.NFO,07/01/2020,09:22:14,149.85,148.3,250,150,500,0,71250
BAJFINANCE30JAN204000CE.NFO,07/01/2020,09:22:15,150,149,250,151,250,500,71250
BAJFINANCE30JAN204000CE.NFO,07/01/2020,09:22:16,150,150,250,151,250,0,71250
BAJFINANCE30JAN204000CE.NFO,07/01/2020,09:22:19,151,150.05,500,151.9,500,250,71250
BAJFINANCE30JAN204000CE.NFO,07/01/2020,09:22:20,151,150.05,500,151.9,500,0,71250
BAJFINANCE30JAN204000CE.NFO,07/01/2020,09:22:21,151,150.25,250,151.95,250,0,71250
BAJFINANCE30JAN204000CE.NFO,07/01/2020,09:22:23,151,150.35,250,151.95,250,0,71250
BAJFINANCE30JAN204000CE.NFO,07/01/2020,09:22:24,151,150.65,250,151.95,250,0,71250
BAJFINANCE30JAN204000CE.NFO,07/01/2020,09:22:25,151.95,150.65,250,153.9,250,250,71250
BAJFINANCE30JAN204000CE.NFO,07/01/2020,09:22:26,151.95,150.65,250,153.9,250,0,71250
BAJFINANCE30JAN204000CE.NFO,07/01/2020,09:22:27,151.95,151.05,250,153.9,250,0,71250
BAJFINANCE30JAN204000CE.NFO,07/01/2020,09:22:28,151.95,151.25,250,153.95,250,0,71250
BAJFINANCE30JAN204000CE.NFO,07/01/2020,09:22:29,151.95,151.65,250,152,250,0,71250
BAJFINANCE30JAN204000CE.NFO,07/01/2020,09:22:30,152,151.25,250,153.9,500,250,71250
BAJFINANCE30JAN204000CE.NFO,07/01/2020,09:22:31,151.05,151,250,153.65,1000,250,71250
BAJFINANCE30JAN204000CE.NFO,07/01/2020,09:22:32,151.05,151.05,250,153.85,250,0,71250
BAJFINANCE30JAN204000CE.NFO,07/01/2020,09:22:33,151.05,151.05,250,154,500,0,71250
BAJFINANCE30JAN204000CE.NFO,07/01/2020,09:22:34,151.05,151,250,154,500,0,71250
BAJFINANCE30JAN204000CE.NFO,07/01/2020,09:22:35,151.05,151.1,250,154,500,0,71250
BAJFINANCE30JAN204000CE.NFO,07/01/2020,09:22:36,151.05,151.15,250,154,500,0,71250
BAJFINANCE30JAN204000CE.NFO,07/01/2020,09:22:37,151.05,152.25,250,154,250,0,71250
BAJFINANCE30JAN204000CE.NFO,07/01/2020,09:22:39,154,152.5,250,156.2,250,250,71250
BAJFINANCE30JAN204000CE.NFO,07/01/2020,09:22:40,154,152.25,250,155.7,250,0,71250
BAJFINANCE30JAN204000CE.NFO,07/01/2020,09:22:41,154,152.3,250,155.45,250,0,71250
BAJFINANCE30JAN204000CE.NFO,07/01/2020,09:22:43,154,152.3,250,155.35,250,0,71250
BAJFINANCE30JAN204000CE.NFO,07/01/2020,09:22:44,154,152.1,500,155.4,250,0,71250
BAJFINANCE30JAN204000CE.NFO,07/01/2020,09:22:45,154,152.25,250,155.85,750,0,71250
BAJFINANCE30JAN204000CE.NFO,07/01/2020,09:22:46,154,152.4,250,155.9,250,0,71250
BAJFINANCE30JAN204000CE.NFO,07/01/2020,09:22:47,154,152.6,250,155.65,250,0,71250
BAJFINANCE30JAN204000CE.NFO,07/01/2020,09:22:48,154,152.55,250,156.1,1000,0,71250
BAJFINANCE30JAN204000CE.NFO,07/01/2020,09:22:49,154,152.6,250,156.05,250,0,71250
BAJFINANCE30JAN204000CE.NFO,07/01/2020,09:22:50,154,152.5,250,156.2,250,0,71250
BAJFINANCE30JAN204000CE.NFO,07/01/2020,09:22:51,154,152.8,250,156.2,500,0,71250
BAJFINANCE30JAN204000CE.NFO,07/01/2020,09:22:52,154,153.3,250,157.1,250,0,71250
BAJFINANCE30JAN204000CE.NFO,07/01/2020,09:22:53,154,153.35,500,156.85,250,0,71250
BAJFINANCE30JAN204000CE.NFO,07/01/2020,09:22:54,154,153.2,250,156.8,500,0,71250
BAJFINANCE30JAN204000CE.NFO,07/01/2020,09:22:55,154,153.5,250,156.55,500,0,71250
BAJFINANCE30JAN204000CE.NFO,07/01/2020,09:22:56,154,153.4,250,156.45,250,0,71250
BAJFINANCE30JAN204000CE.NFO,07/01/2020,09:22:57,154,153.5,250,155,500,0,71250
BAJFINANCE30JAN204000CE.NFO,07/01/2020,09:22:58,154,153.05,250,155,500,0,71250
BAJFINANCE30JAN204000CE.NFO,07/01/2020,09:22:59,154,153.1,250,155,500,0,71250
BAJFINANCE30JAN204000CE.NFO,07/01/2020,09:23:00,154,153.5,250,155,500,0,71250
BAJFINANCE30JAN204000CE.NFO,07/01/2020,09:23:01,154,153.6,250,155,500,0,71250
BAJFINANCE30JAN204000CE.NFO,07/01/2020,09:23:02,154,153.8,250,155,500,0,71250
BAJFINANCE30JAN204000CE.NFO,07/01/2020,09:23:03,155,153.8,250,155,250,250,71250
BAJFINANCE30JAN204000CE.NFO,07/01/2020,09:23:04,155,153.55,250,157.7,250,250,71250
BAJFINANCE30JAN204000CE.NFO,07/01/2020,09:23:05,155,153.95,750,157.7,250,0,71250
BAJFINANCE30JAN204000CE.NFO,07/01/2020,09:23:06,155,154.45,250,157.65,250,0,71250
BAJFINANCE30JAN204000CE.NFO,07/01/2020,09:23:07,155,153.95,250,156.85,750,250,71250
BAJFINANCE30JAN204000CE.NFO,07/01/2020,09:23:08,155,153.55,250,157.3,250,0,71250
BAJFINANCE30JAN204000CE.NFO,07/01/2020,09:23:09,155,153.75,250,156.85,250,0,71250
BAJFINANCE30JAN204000CE.NFO,07/01/2020,09:23:10,155,153.75,250,156.55,250,0,71250
BAJFINANCE30JAN204000CE.NFO,07/01/2020,09:23:12,155,153.8,250,156.6,250,0,71250
BAJFINANCE30JAN204000CE.NFO,07/01/2020,09:23:13,155,153.8,250,156.8,750,0,71250
BAJFINANCE30JAN204000CE.NFO,07/01/2020,09:23:14,154,154,250,156.85,250,250,69250
BAJFINANCE30JAN204000CE.NFO,07/01/2020,09:23:15,154,154,250,156.85,250,0,69250
BAJFINANCE30JAN204000CE.NFO,07/01/2020,09:23:16,157.85,154.15,500,157.95,500,2000,69250
BAJFINANCE30JAN204000CE.NFO,07/01/2020,09:23:17,157.85,154.4,250,157.8,250,0,69250
BAJFINANCE30JAN204000CE.NFO,07/01/2020,09:23:18,157.85,154.4,250,157.9,500,0,69250
BAJFINANCE30JAN204000CE.NFO,07/01/2020,09:23:19,157.85,154.5,500,157.95,250,0,69250
BAJFINANCE30JAN204000CE.NFO,07/01/2020,09:23:20,156.8,154.35,250,157.95,250,250,69250
BAJFINANCE30JAN204000CE.NFO,07/01/2020,09:23:21,156.8,154.35,250,157.8,250,0,69250
BAJFINANCE30JAN204000CE.NFO,07/01/2020,09:23:22,156.8,154.35,250,157.75,250,0,69250
BAJFINANCE30JAN204000CE.NFO,07/01/2020,09:23:23,156.8,154.5,250,157.25,500,0,69250
BAJFINANCE30JAN204000CE.NFO,07/01/2020,09:23:24,156.8,153.7,250,157.3,250,0,69250
BAJFINANCE30JAN204000CE.NFO,07/01/2020,09:23:25,153.8,153.75,500,156.45,250,250,69250
BAJFINANCE30JAN204000CE.NFO,07/01/2020,09:23:26,153.8,153.3,250,156.8,750,0,69250
BAJFINANCE30JAN204000CE.NFO,07/01/2020,09:23:27,153.8,153.35,250,156.7,250,0,69250
BAJFINANCE30JAN204000CE.NFO,07/01/2020,09:23:28,155,152.65,250,156.15,250,250,69250
BAJFINANCE30JAN204000CE.NFO,07/01/2020,09:23:29,155,153.15,250,156.65,250,0,69250
BAJFINANCE30JAN204000CE.NFO,07/01/2020,09:23:30,155,153.25,500,156.75,250,0,69250
BAJFINANCE30JAN204000CE.NFO,07/01/2020,09:23:32,155,153.3,250,156.6,250,0,69250
BAJFINANCE30JAN204000CE.NFO,07/01/2020,09:23:33,155,152.95,250,156,250,0,69250
BAJFINANCE30JAN204000CE.NFO,07/01/2020,09:23:34,155,153.3,250,155.9,250,0,69250
BAJFINANCE30JAN204000CE.NFO,07/01/2020,09:23:35,155,153.45,250,156,250,0,69250
BAJFINANCE30JAN204000CE.NFO,07/01/2020,09:23:36,155,153.6,250,156,250,0,69250
BAJFINANCE30JAN204000CE.NFO,07/01/2020,09:23:37,155,153.75,250,156,250,0,69250
BAJFINANCE30JAN204000CE.NFO,07/01/2020,09:23:38,155,153.35,250,156,250,0,69250
BAJFINANCE30JAN204000CE.NFO,07/01/2020,09:23:39,155,153.2,250,156,250,0,69250
BAJFINANCE30JAN204000CE.NFO,07/01/2020,09:23:40,155,153.35,250,156,250,0,69250
BAJFINANCE30JAN204000CE.NFO,07/01/2020,09:23:41,156,153.6,250,156.8,750,250,69250
BAJFINANCE30JAN204000CE.NFO,07/01/2020,09:23:42,156,153.8,500,156.8,500,0,69250
BAJFINANCE30JAN204000CE.NFO,07/01/2020,09:23:43,156,152.8,500,156.5,250,0,69250
BAJFINANCE30JAN204000CE.NFO,07/01/2020,09:23:44,156,153,250,156.45,250,0,69250
BAJFINANCE30JAN204000CE.NFO,07/01/2020,09:23:45,156,152.65,250,156.55,250,0,69250
BAJFINANCE30JAN204000CE.NFO,07/01/2020,09:23:46,156,152.85,250,156.45,250,0,69250
BAJFINANCE30JAN204000CE.NFO,07/01/2020,09:23:47,152.85,152,250,156,1250,250,69250
BAJFINANCE30JAN204000CE.NFO,07/01/2020,09:23:48,152.85,152.1,500,156,1500,0,69250
BAJFINANCE30JAN204000CE.NFO,07/01/2020,09:23:49,152.85,152.05,250,156,1500,0,69250
BAJFINANCE30JAN204000CE.NFO,07/01/2020,09:23:50,155,151.95,250,154.4,750,1000,69250
BAJFINANCE30JAN204000CE.NFO,07/01/2020,09:23:51,155,152.05,500,155.45,250,0,69250
BAJFINANCE30JAN204000CE.NFO,07/01/2020,09:23:52,155,152.3,250,155.25,250,0,69250
BAJFINANCE30JAN204000CE.NFO,07/01/2020,09:23:53,155,152.4,250,155.25,250,0,69250
BAJFINANCE30JAN204000CE.NFO,07/01/2020,09:23:54,155,152,250,154.9,250,0,69250
BAJFINANCE30JAN204000CE.NFO,07/01/2020,09:23:55,155,152.1,250,154.75,500,0,69250
BAJFINANCE30JAN204000CE.NFO,07/01/2020,09:23:56,155,152.2,500,154.5,500,0,69250
BAJFINANCE30JAN204000CE.NFO,07/01/2020,09:23:57,155,152.05,250,154.6,250,0,69250
BAJFINANCE30JAN204000CE.NFO,07/01/2020,09:23:58,155,152.05,750,155.3,750,0,69250
BAJFINANCE30JAN204000CE.NFO,07/01/2020,09:23:59,155,152.05,750,155.35,250,0,69250
BAJFINANCE30JAN204000CE.NFO,07/01/2020,09:24:00,155,152.6,250,155.35,250,0,69250
BAJFINANCE30JAN204000CE.NFO,07/01/2020,09:24:01,155,152.3,250,154.85,750,0,69250
BAJFINANCE30JAN204000CE.NFO,07/01/2020,09:24:02,155,152.3,500,154.55,500,0,69250
BAJFINANCE30JAN204000CE.NFO,07/01/2020,09:24:03,155,152.35,500,156.25,750,0,69250
BAJFINANCE30JAN204000CE.NFO,07/01/2020,09:24:04,155,152.45,250,156.15,750,0,69250
BAJFINANCE30JAN204000CE.NFO,07/01/2020,09:24:05,155,152.5,250,155.1,250,0,69250
BAJFINANCE30JAN204000CE.NFO,07/01/2020,09:24:06,155,152.6,250,155.35,250,0,69250
BAJFINANCE30JAN204000CE.NFO,07/01/2020,09:24:07,155,152.65,500,155.55,500,0,69250
BAJFINANCE30JAN204000CE.NFO,07/01/2020,09:24:08,155,152.75,250,155.35,250,0,69250
BAJFINANCE30JAN204000CE.NFO,07/01/2020,09:24:09,155,152.9,250,155.25,250,0,69250
BAJFINANCE30JAN204000CE.NFO,07/01/2020,09:24:10,155,151.55,500,155.95,250,0,69250
BAJFINANCE30JAN204000CE.NFO,07/01/2020,09:24:11,155,151.75,500,155.85,250,0,69250
BAJFINANCE30JAN204000CE.NFO,07/01/2020,09:24:12,155,152.6,250,155.15,500,0,69250
BAJFINANCE30JAN204000CE.NFO,07/01/2020,09:24:13,155,151.15,250,153.8,250,0,69250
BAJFINANCE30JAN204000CE.NFO,07/01/2020,09:24:14,155,151.6,250,156.15,750,0,69250
BAJFINANCE30JAN204000CE.NFO,07/01/2020,09:24:15,155,152.45,250,156.05,250,0,69250
BAJFINANCE30JAN204000CE.NFO,07/01/2020,09:24:16,155,152.6,250,155.35,500,0,69250
BAJFINANCE30JAN204000CE.NFO,07/01/2020,09:24:17,155,152.6,250,155.45,250,0,69250
BAJFINANCE30JAN204000CE.NFO,07/01/2020,09:24:18,155,151.85,250,155.2,250,0,69250
BAJFINANCE30JAN204000CE.NFO,07/01/2020,09:24:19,155,152.25,250,155,250,0,69250
BAJFINANCE30JAN204000CE.NFO,07/01/2020,09:24:20,155,152.3,500,155.9,750,0,69250
BAJFINANCE30JAN204000CE.NFO,07/01/2020,09:24:22,155,152.65,500,156.05,250,0,69250
BAJFINANCE30JAN204000CE.NFO,07/01/2020,09:24:22,155,152.75,250,155.85,250,0,69250
BAJFINANCE30JAN204000CE.NFO,07/01/2020,09:24:23,155,152.9,250,155.85,250,0,69250
BAJFINANCE30JAN204000CE.NFO,07/01/2020,09:24:24,155,153.1,500,155.85,250,0,69250
BAJFINANCE30JAN204000CE.NFO,07/01/2020,09:24:25,155,152.5,250,156.45,250,0,69250
BAJFINANCE30JAN204000CE.NFO,07/01/2020,09:24:26,155,152.75,500,155.85,250,0,69250
BAJFINANCE30JAN204000CE.NFO,07/01/2020,09:24:27,155,153,250,155.85,250,0,69250
BAJFINANCE30JAN204000CE.NFO,07/01/2020,09:24:29,155,155,250,155.85,250,0,69250
BAJFINANCE30JAN204000CE.NFO,07/01/2020,09:24:30,155,155,250,156.45,500,0,69250
BAJFINANCE30JAN204000CE.NFO,07/01/2020,09:24:31,155,155,250,156.8,500,0,69250
BAJFINANCE30JAN204000CE.NFO,07/01/2020,09:24:32,155,155.05,500,156.8,500,0,69250
BAJFINANCE30JAN204000CE.NFO,07/01/2020,09:24:33,155,155.05,250,156.8,500,0,69250
BAJFINANCE30JAN204000CE.NFO,07/01/2020,09:24:35,155,155,250,156.8,500,0,69250
BAJFINANCE30JAN204000CE.NFO,07/01/2020,09:24:39,155,155.05,750,156.8,500,0,69250
BAJFINANCE30JAN204000CE.NFO,07/01/2020,09:24:40,155,155.05,500,156.8,500,0,69250
BAJFINANCE30JAN204000CE.NFO,07/01/2020,09:24:41,156.8,155.2,250,157.75,500,500,69250
BAJFINANCE30JAN204000CE.NFO,07/01/2020,09:24:42,156.8,155.2,250,157.7,250,0,69250
BAJFINANCE30JAN204000CE.NFO,07/01/2020,09:24:43,157.7,155.5,250,157.8,250,250,69250
BAJFINANCE30JAN204000CE.NFO,07/01/2020,09:24:44,157.7,155.3,500,157.8,250,0,69250
BAJFINANCE30JAN204000CE.NFO,07/01/2020,09:24:45,157.7,155.55,250,157.8,250,0,69250
BAJFINANCE30JAN204000CE.NFO,07/01/2020,09:24:46,157.7,155.25,250,157.75,250,250,69250
BAJFINANCE30JAN204000CE.NFO,07/01/2020,09:24:47,157.7,155.05,250,157.15,250,0,69250
BAJFINANCE30JAN204000CE.NFO,07/01/2020,09:24:48,157.7,155.05,500,157.6,500,0,69250
BAJFINANCE30JAN204000CE.NFO,07/01/2020,09:24:50,157.7,155.15,250,157.3,500,0,69250
BAJFINANCE30JAN204000CE.NFO,07/01/2020,09:24:50,157.7,155.25,250,157.7,250,0,69250
BAJFINANCE30JAN204000CE.NFO,07/01/2020,09:24:51,157.7,155.45,250,157.8,500,0,69250
BAJFINANCE30JAN204000CE.NFO,07/01/2020,09:24:52,157.7,155.65,250,157.8,250,0,69250
BAJFINANCE30JAN204000CE.NFO,07/01/2020,09:24:53,157.7,156.1,250,157.8,250,0,69250
BAJFINANCE30JAN204000CE.NFO,07/01/2020,09:24:54,157.7,156.25,250,157.8,250,0,69250
BAJFINANCE30JAN204000CE.NFO,07/01/2020,09:24:55,157.7,156.3,500,157.8,250,0,69250
BAJFINANCE30JAN204000CE.NFO,07/01/2020,09:24:56,158,155.8,500,158.9,250,750,69250
BAJFINANCE30JAN204000CE.NFO,07/01/2020,09:24:58,158,156.25,500,158.9,250,0,69250
BAJFINANCE30JAN204000CE.NFO,07/01/2020,09:24:59,158,156.65,250,158.9,250,0,69250
BAJFINANCE30JAN204000CE.NFO,07/01/2020,09:25:00,158,156.95,250,158.9,250,0,69250
BAJFINANCE30JAN204000CE.NFO,07/01/2020,09:25:01,158,157.05,500,158.9,250,0,69250
BAJFINANCE30JAN204000CE.NFO,07/01/2020,09:25:02,158,157.25,500,158.9,250,0,69250
BAJFINANCE30JAN204000CE.NFO,07/01/2020,09:25:03,159,157.5,250,159,250,500,69250
BAJFINANCE30JAN204000CE.NFO,07/01/2020,09:25:04,159,157.25,250,160,500,250,69250
BAJFINANCE30JAN204000CE.NFO,07/01/2020,09:25:05,159,157.95,250,160,500,0,69250
BAJFINANCE30JAN204000CE.NFO,07/01/2020,09:25:06,159,158.35,250,160,500,0,69250
BAJFINANCE30JAN204000CE.NFO,07/01/2020,09:25:08,159,157.85,500,160,500,0,69250
BAJFINANCE30JAN204000CE.NFO,07/01/2020,09:25:08,159,157.95,500,160,500,0,69250
BAJFINANCE30JAN204000CE.NFO,07/01/2020,09:25:09,159,158.1,250,160,500,0,69250
BAJFINANCE30JAN204000CE.NFO,07/01/2020,09:25:10,159,157.35,500,160,500,0,69250
BAJFINANCE30JAN204000CE.NFO,07/01/2020,09:25:11,159,158.1,250,160,500,0,69250
BAJFINANCE30JAN204000CE.NFO,07/01/2020,09:25:12,160,158.55,250,161.95,250,500,69250
BAJFINANCE30JAN204000CE.NFO,07/01/2020,09:25:12,160,158.55,250,161.95,250,0,69250
BAJFINANCE30JAN204000CE.NFO,07/01/2020,09:25:13,160,158.7,250,161.9,250,0,69250
BAJFINANCE30JAN204000CE.NFO,07/01/2020,09:25:14,160,157.35,250,159,250,0,69250
BAJFINANCE30JAN204000CE.NFO,07/01/2020,09:25:15,161.9,158,250,161.95,250,500,69250
BAJFINANCE30JAN204000CE.NFO,07/01/2020,09:25:15,161.9,158,250,161.95,250,0,69250
BAJFINANCE30JAN204000CE.NFO,07/01/2020,09:25:17,161.9,158.6,500,161.9,250,0,69250
BAJFINANCE30JAN204000CE.NFO,07/01/2020,09:25:17,161.9,158.75,250,162,250,0,69250
BAJFINANCE30JAN204000CE.NFO,07/01/2020,09:25:18,161.9,158.85,250,161.95,250,0,69250
BAJFINANCE30JAN204000CE.NFO,07/01/2020,09:25:19,161.9,158.75,250,161.4,250,0,69250
BAJFINANCE30JAN204000CE.NFO,07/01/2020,09:25:20,158.9,158.65,250,162,250,250,69250
BAJFINANCE30JAN204000CE.NFO,07/01/2020,09:25:21,158.9,159.15,750,161.95,250,0,69250
BAJFINANCE30JAN204000CE.NFO,07/01/2020,09:25:22,158.9,159.65,250,161.95,250,0,69250
BAJFINANCE30JAN204000CE.NFO,07/01/2020,09:25:23,158.9,160,500,161.95,250,0,69250
BAJFINANCE30JAN204000CE.NFO,07/01/2020,09:25:24,161.95,160.25,250,162,250,250,69250
BAJFINANCE30JAN204000CE.NFO,07/01/2020,09:25:24,161.95,160.25,250,162,250,0,69250
BAJFINANCE30JAN204000CE.NFO,07/01/2020,09:25:25,163,161.15,250,165.65,250,500,69250
BAJFINANCE30JAN204000CE.NFO,07/01/2020,09:25:25,163,161.15,250,165.65,250,0,69250
BAJFINANCE30JAN204000CE.NFO,07/01/2020,09:25:27,160.85,160.15,250,162.55,500,1000,69250
BAJFINANCE30JAN204000CE.NFO,07/01/2020,09:25:27,160.85,160.25,250,162.8,250,0,69250
BAJFINANCE30JAN204000CE.NFO,07/01/2020,09:25:28,160.85,160.15,250,162.8,500,0,69250
BAJFINANCE30JAN204000CE.NFO,07/01/2020,09:25:29,160.85,160.05,250,162.05,1000,0,69250
BAJFINANCE30JAN204000CE.NFO,07/01/2020,09:25:30,160.85,160.05,500,162.05,500,0,69250
BAJFINANCE30JAN204000CE.NFO,07/01/2020,09:25:31,160.85,160,250,161.4,750,0,69250
BAJFINANCE30JAN204000CE.NFO,07/01/2020,09:25:32,160.85,160,250,162.55,1000,0,69250
BAJFINANCE30JAN204000CE.NFO,07/01/2020,09:25:33,160.85,160.05,250,161.95,1000,0,69250
BAJFINANCE30JAN204000CE.NFO,07/01/2020,09:25:35,160.05,160,250,161.55,1250,250,69250
BAJFINANCE30JAN204000CE.NFO,07/01/2020,09:25:35,160.05,160,250,161.55,1250,0,69250
BAJFINANCE30JAN204000CE.NFO,07/01/2020,09:25:36,160,158.15,250,161.3,250,250,69250
BAJFINANCE30JAN204000CE.NFO,07/01/2020,09:25:37,160,158.25,250,161.1,250,0,69250
BAJFINANCE30JAN204000CE.NFO,07/01/2020,09:25:38,160,158.25,250,160.6,250,0,69250
BAJFINANCE30JAN204000CE.NFO,07/01/2020,09:25:39,160,158.35,250,160.85,750,0,69250
BAJFINANCE30JAN204000CE.NFO,07/01/2020,09:25:40,160,158.7,500,163.2,500,0,69250
BAJFINANCE30JAN204000CE.NFO,07/01/2020,09:25:41,160,158.9,500,162.8,250,0,69250
BAJFINANCE30JAN204000CE.NFO,07/01/2020,09:25:42,160,159.2,250,162.8,500,0,69250
BAJFINANCE30JAN204000CE.NFO,07/01/2020,09:25:44,160,159.6,250,162.8,500,0,69250
BAJFINANCE30JAN204000CE.NFO,07/01/2020,09:25:44,160,159.7,250,162.8,500,0,69250
BAJFINANCE30JAN204000CE.NFO,07/01/2020,09:25:45,160,160.1,250,162.5,250,0,69250
BAJFINANCE30JAN204000CE.NFO,07/01/2020,09:25:46,160,160.2,250,162.5,500,0,69250
BAJFINANCE30JAN204000CE.NFO,07/01/2020,09:25:47,160,160.25,250,162.95,750,0,69250
BAJFINANCE30JAN204000CE.NFO,07/01/2020,09:25:48,160,160.35,250,162.95,500,0,69250
BAJFINANCE30JAN204000CE.NFO,07/01/2020,09:25:49,160,160.55,250,162.95,500,0,69250
BAJFINANCE30JAN204000CE.NFO,07/01/2020,09:25:50,160,160.25,500,163.05,1000,0,69250
BAJFINANCE30JAN204000CE.NFO,07/01/2020,09:25:51,160,160.2,250,161.85,1000,0,69250
BAJFINANCE30JAN204000CE.NFO,07/01/2020,09:25:53,160,160.2,250,161.75,1000,0,69250
BAJFINANCE30JAN204000CE.NFO,07/01/2020,09:25:53,160.2,160,250,161.65,1250,250,69250
BAJFINANCE30JAN204000CE.NFO,07/01/2020,09:25:54,160.2,160,250,161.65,1000,0,69250
BAJFINANCE30JAN204000CE.NFO,07/01/2020,09:25:56,160,158.25,250,161.7,500,250,69250
BAJFINANCE30JAN204000CE.NFO,07/01/2020,09:25:57,160,158.05,500,160.8,250,0,69250
BAJFINANCE30JAN204000CE.NFO,07/01/2020,09:25:58,160,158.15,250,160.9,500,0,69250
BAJFINANCE30JAN204000CE.NFO,07/01/2020,09:25:59,158.35,158.05,250,161.1,1000,250,69250
BAJFINANCE30JAN204000CE.NFO,07/01/2020,09:26:00,158.35,158.1,250,160.3,750,0,69250
BAJFINANCE30JAN204000CE.NFO,07/01/2020,09:26:01,158.35,158.05,250,160.25,750,0,69250
BAJFINANCE30JAN204000CE.NFO,07/01/2020,09:26:03,158.35,158,250,160.35,1000,0,69250
BAJFINANCE30JAN204000CE.NFO,07/01/2020,09:26:04,160,158,250,159.7,500,1000,69250
BAJFINANCE30JAN204000CE.NFO,07/01/2020,09:26:05,160,158,250,159.6,500,0,69250
BAJFINANCE30JAN204000CE.NFO,07/01/2020,09:26:08,160.3,158.15,250,162.9,250,1250,69250
BAJFINANCE30JAN204000CE.NFO,07/01/2020,09:26:09,160.3,158.25,250,162.5,250,0,69250
BAJFINANCE30JAN204000CE.NFO,07/01/2020,09:26:11,160.3,158.25,500,162.2,250,0,69250
BAJFINANCE30JAN204000CE.NFO,07/01/2020,09:26:12,160.3,158.35,250,161.85,250,0,69250
BAJFINANCE30JAN204000CE.NFO,07/01/2020,09:26:13,160.3,158.45,250,161.85,250,0,69250
BAJFINANCE30JAN204000CE.NFO,07/01/2020,09:26:14,160.3,158.65,250,161.75,250,0,69250
BAJFINANCE30JAN204000CE.NFO,07/01/2020,09:26:16,160.3,158.35,250,161.55,250,0,69250
BAJFINANCE30JAN204000CE.NFO,07/01/2020,09:26:17,160.3,158.45,250,161.05,250,0,69250
BAJFINANCE30JAN204000CE.NFO,07/01/2020,09:26:19,160.3,158.45,250,161.55,250,0,69250
BAJFINANCE30JAN204000CE.NFO,07/01/2020,09:26:20,160.3,158.45,250,161.85,250,0,69250
BAJFINANCE30JAN204000CE.NFO,07/01/2020,09:26:21,160.3,158.55,250,161.65,250,0,69250
BAJFINANCE30JAN204000CE.NFO,07/01/2020,09:26:22,160.3,158.15,250,161.45,250,0,69250
BAJFINANCE30JAN204000CE.NFO,07/01/2020,09:26:24,160.3,158.35,500,161.35,250,0,69250
BAJFINANCE30JAN204000CE.NFO,07/01/2020,09:26:25,160.3,158.35,500,161.25,250,0,69250
BAJFINANCE30JAN204000CE.NFO,07/01/2020,09:26:26,160.3,158.15,250,161.05,250,0,69250
BAJFINANCE30JAN204000CE.NFO,07/01/2020,09:26:27,160.3,158.15,250,160.95,250,0,69250
BAJFINANCE30JAN204000CE.NFO,07/01/2020,09:26:28,160.3,158.15,500,160.75,250,0,69250
BAJFINANCE30JAN204000CE.NFO,07/01/2020,09:26:29,160.3,158.15,500,160.65,250,0,69250
BAJFINANCE30JAN204000CE.NFO,07/01/2020,09:26:30,160.3,158.15,250,160.75,500,0,69250
BAJFINANCE30JAN204000CE.NFO,07/01/2020,09:26:31,160.3,158.25,250,160.65,250,0,69250
BAJFINANCE30JAN204000CE.NFO,07/01/2020,09:26:33,160.3,158.25,500,162.05,500,0,69250
BAJFINANCE30JAN204000CE.NFO,07/01/2020,09:26:34,160.3,158.55,250,161.85,250,0,69250
BAJFINANCE30JAN204000CE.NFO,07/01/2020,09:26:34,160.3,158.35,250,161.85,250,0,69250
BAJFINANCE30JAN204000CE.NFO,07/01/2020,09:26:35,160.3,158.35,500,161.45,250,0,69250
BAJFINANCE30JAN204000CE.NFO,07/01/2020,09:26:37,160.3,158.05,250,161.05,250,0,69250
BAJFINANCE30JAN204000CE.NFO,07/01/2020,09:26:39,160.3,158.1,250,160.85,250,0,69250
BAJFINANCE30JAN204000CE.NFO,07/01/2020,09:26:40,160.3,158.05,250,160.65,250,0,69250
BAJFINANCE30JAN204000CE.NFO,07/01/2020,09:26:41,160.3,158.15,250,162.1,500,0,69250
BAJFINANCE30JAN204000CE.NFO,07/01/2020,09:26:42,160.3,158.25,500,161.8,500,0,69250
BAJFINANCE30JAN204000CE.NFO,07/01/2020,09:26:43,160.3,158.3,250,161.3,500,0,69250
BAJFINANCE30JAN204000CE.NFO,07/01/2020,09:26:44,160.3,158.1,500,160.9,250,0,69250
BAJFINANCE30JAN204000CE.NFO,07/01/2020,09:26:46,160.3,158,250,161.65,500,0,69250
BAJFINANCE30JAN204000CE.NFO,07/01/2020,09:26:46,160.3,158.05,250,161.65,500,0,69250
BAJFINANCE30JAN204000CE.NFO,07/01/2020,09:26:47,160.3,158.15,250,161.35,500,0,69250
BAJFINANCE30JAN204000CE.NFO,07/01/2020,09:26:48,160.3,158,250,160.95,250,0,69250
BAJFINANCE30JAN204000CE.NFO,07/01/2020,09:26:49,160.3,158.05,250,160.5,250,0,69250
BAJFINANCE30JAN204000CE.NFO,07/01/2020,09:26:50,160.3,158.05,250,160.1,250,0,69250
BAJFINANCE30JAN204000CE.NFO,07/01/2020,09:26:52,160.3,158.05,250,160.05,500,0,69250
BAJFINANCE30JAN204000CE.NFO,07/01/2020,09:26:52,160.3,158.05,250,159.95,500,0,69250
BAJFINANCE30JAN204000CE.NFO,07/01/2020,09:26:53,160.3,158.1,250,161.95,250,0,69250
BAJFINANCE30JAN204000CE.NFO,07/01/2020,09:26:54,160.3,158,250,161.2,500,0,69250
BAJFINANCE30JAN204000CE.NFO,07/01/2020,09:26:55,160.3,158,500,161,500,0,69250
BAJFINANCE30JAN204000CE.NFO,07/01/2020,09:26:56,160.3,158.05,500,160.6,250,0,69250
BAJFINANCE30JAN204000CE.NFO,07/01/2020,09:26:57,160.3,158.2,250,160.45,250,0,69250
BAJFINANCE30JAN204000CE.NFO,07/01/2020,09:26:58,160.3,158.15,250,160.3,250,0,69250
BAJFINANCE30JAN204000CE.NFO,07/01/2020,09:26:59,158.35,155.4,250,161.25,250,1500,68250
BAJFINANCE30JAN204000CE.NFO,07/01/2020,09:27:00,158.35,156.45,250,161,500,0,68250
BAJFINANCE30JAN204000CE.NFO,07/01/2020,09:27:02,158.35,155.4,250,160.9,500,0,68250
BAJFINANCE30JAN204000CE.NFO,07/01/2020,09:27:03,158.35,156.15,750,160.9,500,0,68250
BAJFINANCE30JAN204000CE.NFO,07/01/2020,09:27:04,158.35,157.2,500,160.95,250,0,68250
BAJFINANCE30JAN204000CE.NFO,07/01/2020,09:27:05,158.35,157.25,500,161,500,0,68250
BAJFINANCE30JAN204000CE.NFO,07/01/2020,09:27:06,158.35,158.05,250,161,500,0,68250
BAJFINANCE30JAN204000CE.NFO,07/01/2020,09:27:07,158.35,157.5,250,161,500,0,68250
BAJFINANCE30JAN204000CE.NFO,07/01/2020,09:27:10,158.35,158.2,500,160.95,250,0,68250
BAJFINANCE30JAN204000CE.NFO,07/01/2020,09:27:10,158.2,155.95,250,160.6,250,500,68250
BAJFINANCE30JAN204000CE.NFO,07/01/2020,09:27:11,155.8,155.55,250,159.2,250,250,68250
BAJFINANCE30JAN204000CE.NFO,07/01/2020,09:27:13,155.8,155.9,250,158.9,500,0,68250
BAJFINANCE30JAN204000CE.NFO,07/01/2020,09:27:14,155.8,156.05,250,158.9,500,0,68250
BAJFINANCE30JAN204000CE.NFO,07/01/2020,09:27:15,155.8,155.85,250,158.95,250,0,68250
BAJFINANCE30JAN204000CE.NFO,07/01/2020,09:27:16,155.8,156.8,250,158.95,250,0,68250
BAJFINANCE30JAN204000CE.NFO,07/01/2020,09:27:17,155.8,156.95,250,158.95,250,0,68250
BAJFINANCE30JAN204000CE.NFO,07/01/2020,09:27:19,155.8,155.8,500,158.85,250,0,68250
BAJFINANCE30JAN204000CE.NFO,07/01/2020,09:27:20,155.8,156.15,250,158.75,500,0,68250
BAJFINANCE30JAN204000CE.NFO,07/01/2020,09:27:21,155.8,155.15,250,158.1,250,0,68250
BAJFINANCE30JAN204000CE.NFO,07/01/2020,09:27:22,155.8,155.25,250,157.8,250,0,68250
BAJFINANCE30JAN204000CE.NFO,07/01/2020,09:27:23,155.8,155.4,250,157.8,250,0,68250
BAJFINANCE30JAN204000CE.NFO,07/01/2020,09:27:26,155.8,155.2,250,157.6,250,0,68250
BAJFINANCE30JAN204000CE.NFO,07/01/2020,09:27:26,155.8,155.2,250,157.4,250,0,68250
BAJFINANCE30JAN204000CE.NFO,07/01/2020,09:27:27,155.8,155,250,157.2,250,0,68250
BAJFINANCE30JAN204000CE.NFO,07/01/2020,09:27:28,155.8,155,250,157,250,0,68250
BAJFINANCE30JAN204000CE.NFO,07/01/2020,09:27:29,155.8,155,250,157,500,0,68250
BAJFINANCE30JAN204000CE.NFO,07/01/2020,09:27:30,156.9,155.05,250,158.85,250,250,68250
BAJFINANCE30JAN204000CE.NFO,07/01/2020,09:27:31,156.9,155.15,250,158.6,250,0,68250
BAJFINANCE30JAN204000CE.NFO,07/01/2020,09:27:32,156.9,155.2,500,158.5,250,0,68250
BAJFINANCE30JAN204000CE.NFO,07/01/2020,09:27:33,156.9,155.3,250,158.6,250,0,68250
BAJFINANCE30JAN204000CE.NFO,07/01/2020,09:27:35,155.5,155.15,250,158.3,250,250,68250
BAJFINANCE30JAN204000CE.NFO,07/01/2020,09:27:36,155.5,155.1,250,158.1,250,0,68250
BAJFINANCE30JAN204000CE.NFO,07/01/2020,09:27:37,155.5,155.15,250,157.9,250,0,68250
BAJFINANCE30JAN204000CE.NFO,07/01/2020,09:27:39,155.5,155.05,500,157.8,250,0,68250
BAJFINANCE30JAN204000CE.NFO,07/01/2020,09:27:40,155.5,155.1,250,158.55,250,0,68250
BAJFINANCE30JAN204000CE.NFO,07/01/2020,09:27:41,155.5,155.1,250,158.3,250,0,68250
BAJFINANCE30JAN204000CE.NFO,07/01/2020,09:27:42,155.5,155.1,250,157.9,250,0,68250
BAJFINANCE30JAN204000CE.NFO,07/01/2020,09:27:43,155.5,155.1,250,157.6,500,0,68250
BAJFINANCE30JAN204000CE.NFO,07/01/2020,09:27:45,155.5,155,250,157.45,250,0,68250
BAJFINANCE30JAN204000CE.NFO,07/01/2020,09:27:46,155.5,155,250,157.4,750,0,68250
BAJFINANCE30JAN204000CE.NFO,07/01/2020,09:27:47,155.5,155,250,157.3,250,0,68250
BAJFINANCE30JAN204000CE.NFO,07/01/2020,09:27:48,155.5,155,250,157.1,250,0,68250
BAJFINANCE30JAN204000CE.NFO,07/01/2020,09:27:49,155.5,155,250,156.95,250,0,68250
BAJFINANCE30JAN204000CE.NFO,07/01/2020,09:27:50,155.5,155,250,156.8,250,0,68250
BAJFINANCE30JAN204000CE.NFO,07/01/2020,09:27:51,155.5,155,250,158.15,500,0,68250
BAJFINANCE30JAN204000CE.NFO,07/01/2020,09:27:52,155.5,155,250,157.25,250,0,68250
BAJFINANCE30JAN204000CE.NFO,07/01/2020,09:27:54,155.5,155,250,156.55,250,0,68250
BAJFINANCE30JAN204000CE.NFO,07/01/2020,09:27:55,155.5,155,250,156.75,750,0,68250
BAJFINANCE30JAN204000CE.NFO,07/01/2020,09:27:56,155.5,155,250,156.75,500,0,68250
BAJFINANCE30JAN204000CE.NFO,07/01/2020,09:27:57,155.5,155,250,156.65,250,0,68250
BAJFINANCE30JAN204000CE.NFO,07/01/2020,09:27:58,155.5,155,250,156.85,500,0,68250
BAJFINANCE30JAN204000CE.NFO,07/01/2020,09:27:59,155.5,155,250,156.75,500,0,68250
BAJFINANCE30JAN204000CE.NFO,07/01/2020,09:28:00,155.5,155,250,156.8,500,0,68250
BAJFINANCE30JAN204000CE.NFO,07/01/2020,09:28:01,155,153.15,500,156.55,500,250,68250
BAJFINANCE30JAN204000CE.NFO,07/01/2020,09:28:02,155,153.35,250,155,250,0,68250
BAJFINANCE30JAN204000CE.NFO,07/01/2020,09:28:05,155,153.5,250,155,250,0,68250
BAJFINANCE30JAN204000CE.NFO,07/01/2020,09:28:05,155,151.85,250,154.95,500,0,68250
BAJFINANCE30JAN204000CE.NFO,07/01/2020,09:28:06,155,152,250,154.95,250,0,68250
BAJFINANCE30JAN204000CE.NFO,07/01/2020,09:28:07,152,150.8,500,154.85,250,250,68250
BAJFINANCE30JAN204000CE.NFO,07/01/2020,09:28:08,152,151.3,500,154.9,250,0,68250
BAJFINANCE30JAN204000CE.NFO,07/01/2020,09:28:09,152,150.75,250,154.55,250,0,68250
BAJFINANCE30JAN204000CE.NFO,07/01/2020,09:28:10,152,150.75,500,154.45,250,0,68250
BAJFINANCE30JAN204000CE.NFO,07/01/2020,09:28:11,152,150.15,250,154.35,750,0,68250
BAJFINANCE30JAN204000CE.NFO,07/01/2020,09:28:12,152,150.1,250,154.15,250,0,68250
BAJFINANCE30JAN204000CE.NFO,07/01/2020,09:28:14,152,150,250,153.95,250,0,68250
BAJFINANCE30JAN204000CE.NFO,07/01/2020,09:28:15,150.1,149.4,250,153.7,250,500,68250
BAJFINANCE30JAN204000CE.NFO,07/01/2020,09:28:16,150.1,149.5,250,153.6,500,0,68250
BAJFINANCE30JAN204000CE.NFO,07/01/2020,09:28:17,150.1,149.75,250,154.05,500,0,68250
BAJFINANCE30JAN204000CE.NFO,07/01/2020,09:28:18,150.1,148.7,250,153.85,250,0,68250
BAJFINANCE30JAN204000CE.NFO,07/01/2020,09:28:19,150.1,148.8,750,153.7,250,0,68250
BAJFINANCE30JAN204000CE.NFO,07/01/2020,09:28:20,150.1,149.4,250,153.55,250,0,68250
BAJFINANCE30JAN204000CE.NFO,07/01/2020,09:28:22,150.1,149.55,250,153.45,250,0,68250
BAJFINANCE30JAN204000CE.NFO,07/01/2020,09:28:23,150.1,149.3,250,153.25,500,0,68250
BAJFINANCE30JAN204000CE.NFO,07/01/2020,09:28:23,150.1,149.3,250,153.25,250,0,68250
BAJFINANCE30JAN204000CE.NFO,07/01/2020,09:28:24,150.1,149.3,250,152.95,250,0,68250
BAJFINANCE30JAN204000CE.NFO,07/01/2020,09:28:25,150.1,149.15,250,152.85,500,0,68250
BAJFINANCE30JAN204000CE.NFO,07/01/2020,09:28:27,150.1,150.15,250,154.35,250,0,68250
BAJFINANCE30JAN204000CE.NFO,07/01/2020,09:28:28,150.1,150.05,500,154.25,250,0,68250
BAJFINANCE30JAN204000CE.NFO,07/01/2020,09:28:29,150.1,149.25,500,153.6,250,0,68250
BAJFINANCE30JAN204000CE.NFO,07/01/2020,09:28:31,149.35,149.3,500,153.2,500,250,68250
BAJFINANCE30JAN204000CE.NFO,07/01/2020,09:28:31,149.35,149.4,250,153.2,500,0,68250
BAJFINANCE30JAN204000CE.NFO,07/01/2020,09:28:32,150,149.6,250,152.95,250,250,68250
BAJFINANCE30JAN204000CE.NFO,07/01/2020,09:28:33,150,149.75,250,152.5,250,0,68250
BAJFINANCE30JAN204000CE.NFO,07/01/2020,09:28:34,150,149.75,250,152.3,250,0,68250
BAJFINANCE30JAN204000CE.NFO,07/01/2020,09:28:35,150,149.5,250,151.9,500,0,68250
BAJFINANCE30JAN204000CE.NFO,07/01/2020,09:28:37,150,149.5,250,152.1,250,0,68250
BAJFINANCE30JAN204000CE.NFO,07/01/2020,09:28:39,150,149.15,500,151.95,250,500,68250
BAJFINANCE30JAN204000CE.NFO,07/01/2020,09:28:40,150,149.2,250,151.95,500,0,68250
BAJFINANCE30JAN204000CE.NFO,07/01/2020,09:28:41,150,149.2,250,151.95,250,0,68250
BAJFINANCE30JAN204000CE.NFO,07/01/2020,09:28:42,150,149.2,250,151.95,500,0,68250
BAJFINANCE30JAN204000CE.NFO,07/01/2020,09:28:43,150,149.25,250,151.9,250,0,68250
BAJFINANCE30JAN204000CE.NFO,07/01/2020,09:28:44,150,149.3,250,152.2,250,0,68250
BAJFINANCE30JAN204000CE.NFO,07/01/2020,09:28:45,150,149.5,250,152.2,500,0,68250
BAJFINANCE30JAN204000CE.NFO,07/01/2020,09:28:46,150,149.6,250,152.2,500,0,68250
BAJFINANCE30JAN204000CE.NFO,07/01/2020,09:28:47,150,149.95,500,153.15,250,0,68250
BAJFINANCE30JAN204000CE.NFO,07/01/2020,09:28:48,150,150.4,250,153,250,0,68250
BAJFINANCE30JAN204000CE.NFO,07/01/2020,09:28:49,150,149.8,500,153.2,500,0,68250
BAJFINANCE30JAN204000CE.NFO,07/01/2020,09:28:50,150,150.3,500,153,250,0,68250
BAJFINANCE30JAN204000CE.NFO,07/01/2020,09:28:51,150,149.95,500,153.25,250,0,68250
BAJFINANCE30JAN204000CE.NFO,07/01/2020,09:28:52,150,149.85,750,153.25,500,0,68250
BAJFINANCE30JAN204000CE.NFO,07/01/2020,09:28:53,150,150.15,1000,153.15,250,0,68250
BAJFINANCE30JAN204000CE.NFO,07/01/2020,09:28:54,150,150.15,750,152.85,250,0,68250
BAJFINANCE30JAN204000CE.NFO,07/01/2020,09:28:55,150,150.35,250,152.9,250,0,68250
BAJFINANCE30JAN204000CE.NFO,07/01/2020,09:28:57,150,150.2,250,152.8,250,0,68250
BAJFINANCE30JAN204000CE.NFO,07/01/2020,09:28:57,150,150.25,250,152.8,250,0,68250
BAJFINANCE30JAN204000CE.NFO,07/01/2020,09:28:58,150,149.35,250,152.9,500,0,68250
BAJFINANCE30JAN204000CE.NFO,07/01/2020,09:28:59,150,150.3,250,152.8,250,0,68250
BAJFINANCE30JAN204000CE.NFO,07/01/2020,09:29:00,150,150.35,250,152.6,250,0,68250
BAJFINANCE30JAN204000CE.NFO,07/01/2020,09:29:01,150,150.05,250,153.1,250,0,68250
BAJFINANCE30JAN204000CE.NFO,07/01/2020,09:29:03,150,150.5,250,153.25,250,0,68250
BAJFINANCE30JAN204000CE.NFO,07/01/2020,09:29:04,150,150.5,250,153.3,250,0,68250
BAJFINANCE30JAN204000CE.NFO,07/01/2020,09:29:05,150,150.7,500,153.25,250,0,68250
BAJFINANCE30JAN204000CE.NFO,07/01/2020,09:29:07,150,150.35,250,152.85,250,0,68250
BAJFINANCE30JAN204000CE.NFO,07/01/2020,09:29:07,150,150.35,500,152.75,250,0,68250
BAJFINANCE30JAN204000CE.NFO,07/01/2020,09:29:10,150,150.35,250,152.7,250,0,68250
BAJFINANCE30JAN204000CE.NFO,07/01/2020,09:29:11,150,149.85,250,152.6,250,0,68250
BAJFINANCE30JAN204000CE.NFO,07/01/2020,09:29:14,150,149.75,500,152.9,500,0,68250
BAJFINANCE30JAN204000CE.NFO,07/01/2020,09:29:15,150,149.85,500,153.25,500,0,68250
BAJFINANCE30JAN204000CE.NFO,07/01/2020,09:29:16,150,150.35,500,153.25,500,0,68250
BAJFINANCE30JAN204000CE.NFO,07/01/2020,09:29:17,150,150.65,250,153.25,250,0,68250
BAJFINANCE30JAN204000CE.NFO,07/01/2020,09:29:19,150,150.2,1000,153.15,500,0,68250
BAJFINANCE30JAN204000CE.NFO,07/01/2020,09:29:20,150,150.2,1000,153.25,250,0,68250
BAJFINANCE30JAN204000CE.NFO,07/01/2020,09:29:21,150,150.4,500,153.15,250,0,68250
BAJFINANCE30JAN204000CE.NFO,07/01/2020,09:29:22,150,150.6,250,153.05,500,0,68250
BAJFINANCE30JAN204000CE.NFO,07/01/2020,09:29:23,150,150.2,250,153.95,250,0,68250
BAJFINANCE30JAN204000CE.NFO,07/01/2020,09:29:24,150,150.4,250,153.5,250,0,68250
BAJFINANCE30JAN204000CE.NFO,07/01/2020,09:29:25,150,150.45,500,153.3,500,0,68250
BAJFINANCE30JAN204000CE.NFO,07/01/2020,09:29:26,150,150.85,250,153.3,500,0,68250
BAJFINANCE30JAN204000CE.NFO,07/01/2020,09:29:27,150,150.35,750,153.2,500,0,68250
BAJFINANCE30JAN204000CE.NFO,07/01/2020,09:29:28,150,150.2,500,153.2,500,0,68250
BAJFINANCE30JAN204000CE.NFO,07/01/2020,09:29:30,150,150.3,750,153.2,500,0,68250
BAJFINANCE30JAN204000CE.NFO,07/01/2020,09:29:31,150,150.05,250,153,500,0,68250
BAJFINANCE30JAN204000CE.NFO,07/01/2020,09:29:32,150,150.25,250,152.9,250,0,68250
BAJFINANCE30JAN204000CE.NFO,07/01/2020,09:29:33,150,150.3,250,152.7,250,0,68250
BAJFINANCE30JAN204000CE.NFO,07/01/2020,09:29:34,150,150.35,500,152.6,500,0,68250
BAJFINANCE30JAN204000CE.NFO,07/01/2020,09:29:35,150,150.35,250,152.6,500,0,68250
BAJFINANCE30JAN204000CE.NFO,07/01/2020,09:29:39,150,150,250,152.5,250,0,68250
BAJFINANCE30JAN204000CE.NFO,07/01/2020,09:29:40,150,150.05,250,152.45,500,0,68250
BAJFINANCE30JAN204000CE.NFO,07/01/2020,09:29:41,150,150.1,250,152.45,500,0,68250
BAJFINANCE30JAN204000CE.NFO,07/01/2020,09:29:42,150,150.1,500,152.45,500,0,68250
BAJFINANCE30JAN204000CE.NFO,07/01/2020,09:29:43,150,150,250,152.15,250,0,68250
BAJFINANCE30JAN204000CE.NFO,07/01/2020,09:29:44,150,150,250,152.15,500,0,68250
BAJFINANCE30JAN204000CE.NFO,07/01/2020,09:29:47,150,150.2,250,153.35,500,0,68250
BAJFINANCE30JAN204000CE.NFO,07/01/2020,09:29:48,150,150.3,250,153.05,250,0,68250
BAJFINANCE30JAN204000CE.NFO,07/01/2020,09:29:49,150,150.3,250,152.85,500,0,68250
BAJFINANCE30JAN204000CE.NFO,07/01/2020,09:29:50,150,150.35,250,152.85,500,0,68250
BAJFINANCE30JAN204000CE.NFO,07/01/2020,09:29:51,150,150.1,250,152.75,500,0,68250
BAJFINANCE30JAN204000CE.NFO,07/01/2020,09:29:52,150,150.4,250,152.9,500,0,68250
BAJFINANCE30JAN204000CE.NFO,07/01/2020,09:29:53,150,150.8,250,152.9,500,0,68250
BAJFINANCE30JAN204000CE.NFO,07/01/2020,09:29:55,150,150.6,250,152.9,500,0,68250
BAJFINANCE30JAN204000CE.NFO,07/01/2020,09:29:56,152.9,151.5,750,153.95,250,250,68250
BAJFINANCE30JAN204000CE.NFO,07/01/2020,09:29:57,152.9,151.75,250,154.3,250,0,66750
BAJFINANCE30JAN204000CE.NFO,07/01/2020,09:29:58,152.9,151.85,250,154.3,250,0,66750
BAJFINANCE30JAN204000CE.NFO,07/01/2020,09:30:00,152.9,151.65,250,154.3,500,0,66750
BAJFINANCE30JAN204000CE.NFO,07/01/2020,09:30:02,152.9,152.5,500,155.3,250,0,66750
BAJFINANCE30JAN204000CE.NFO,07/01/2020,09:30:02,152.9,152.35,500,155.25,250,0,66750
BAJFINANCE30JAN204000CE.NFO,07/01/2020,09:30:03,152.9,152.85,500,155.35,500,0,66750
BAJFINANCE30JAN204000CE.NFO,07/01/2020,09:30:05,152.9,153.05,500,155.35,500,0,66750
BAJFINANCE30JAN204000CE.NFO,07/01/2020,09:30:06,152.9,154.1,500,156.9,500,0,66750
BAJFINANCE30JAN204000CE.NFO,07/01/2020,09:30:07,152.9,153.1,1000,156.6,250,0,66750
BAJFINANCE30JAN204000CE.NFO,07/01/2020,09:30:10,152.9,153.5,250,156.1,500,0,66750
BAJFINANCE30JAN204000CE.NFO,07/01/2020,09:30:10,152.9,153.8,250,156.1,750,0,66750
BAJFINANCE30JAN204000CE.NFO,07/01/2020,09:30:11,152.9,154.15,500,156.65,250,0,66750
BAJFINANCE30JAN204000CE.NFO,07/01/2020,09:30:12,152.9,154.5,250,156.95,250,0,66750
BAJFINANCE30JAN204000CE.NFO,07/01/2020,09:30:13,152.9,154.5,250,156.65,750,0,66750
BAJFINANCE30JAN204000CE.NFO,07/01/2020,09:30:14,152.9,153.7,1250,156.95,250,0,66750
BAJFINANCE30JAN204000CE.NFO,07/01/2020,09:30:15,152.9,154.1,500,156.6,250,0,66750
BAJFINANCE30JAN204000CE.NFO,07/01/2020,09:30:17,152.9,154.3,500,156.6,500,0,66750
BAJFINANCE30JAN204000CE.NFO,07/01/2020,09:30:19,152.9,154.5,500,156.6,500,0,66750
BAJFINANCE30JAN204000CE.NFO,07/01/2020,09:30:20,152.9,154.3,250,156.6,500,0,66750
BAJFINANCE30JAN204000CE.NFO,07/01/2020,09:30:21,152.9,154.6,500,156.6,500,0,66750
BAJFINANCE30JAN204000CE.NFO,07/01/2020,09:30:22,152.9,154.55,500,156.75,500,0,66750
BAJFINANCE30JAN204000CE.NFO,07/01/2020,09:30:24,152.9,155.65,250,158.2,500,0,66750
BAJFINANCE30JAN204000CE.NFO,07/01/2020,09:30:24,152.9,154.9,500,158.05,250,0,66750
BAJFINANCE30JAN204000CE.NFO,07/01/2020,09:30:25,152.9,154.8,1000,157.6,500,0,66750
BAJFINANCE30JAN204000CE.NFO,07/01/2020,09:30:26,152.9,154.9,1000,157.6,500,0,66750
BAJFINANCE30JAN204000CE.NFO,07/01/2020,09:30:27,152.9,154.7,500,157.5,250,0,66750
BAJFINANCE30JAN204000CE.NFO,07/01/2020,09:30:28,152.9,154.9,250,157.5,500,0,66750
BAJFINANCE30JAN204000CE.NFO,07/01/2020,09:30:29,152.9,155,250,157,250,0,66750
BAJFINANCE30JAN204000CE.NFO,07/01/2020,09:30:30,152.9,155,500,156.9,250,0,66750
BAJFINANCE30JAN204000CE.NFO,07/01/2020,09:30:31,152.9,155.05,250,156.75,500,0,66750
BAJFINANCE30JAN204000CE.NFO,07/01/2020,09:30:32,152.9,155.15,250,157.6,500,0,66750
BAJFINANCE30JAN204000CE.NFO,07/01/2020,09:30:34,152.9,155.15,250,157.5,250,0,66750
BAJFINANCE30JAN204000CE.NFO,07/01/2020,09:30:35,152.9,155.25,250,157.3,250,0,66750
BAJFINANCE30JAN204000CE.NFO,07/01/2020,09:30:36,152.9,155.35,250,157.35,250,0,66750
BAJFINANCE30JAN204000CE.NFO,07/01/2020,09:30:37,152.9,155,500,155.15,250,0,66750
BAJFINANCE30JAN204000CE.NFO,07/01/2020,09:30:38,155,152.95,250,155.15,500,500,66750
BAJFINANCE30JAN204000CE.NFO,07/01/2020,09:30:39,155,153.25,250,155.1,500,0,66750
BAJFINANCE30JAN204000CE.NFO,07/01/2020,09:30:40,155,153.15,250,155.1,500,0,66750
BAJFINANCE30JAN204000CE.NFO,07/01/2020,09:30:42,155,153.05,250,155.1,750,0,66750
BAJFINANCE30JAN204000CE.NFO,07/01/2020,09:30:42,155,153.05,500,155.1,750,0,66750
BAJFINANCE30JAN204000CE.NFO,07/01/2020,09:30:43,155,153.25,250,155.1,750,0,66750
BAJFINANCE30JAN204000CE.NFO,07/01/2020,09:30:44,155,152.95,250,155.1,750,0,66750
BAJFINANCE30JAN204000CE.NFO,07/01/2020,09:30:45,155,153.05,250,155.1,750,0,66750
BAJFINANCE30JAN204000CE.NFO,07/01/2020,09:30:46,155,153.15,250,155.1,750,0,66750
BAJFINANCE30JAN204000CE.NFO,07/01/2020,09:30:47,155,153.05,250,155.1,750,0,66750
BAJFINANCE30JAN204000CE.NFO,07/01/2020,09:30:49,156,153.2,250,156.45,250,1250,66750
BAJFINANCE30JAN204000CE.NFO,07/01/2020,09:30:49,156,153.15,250,156.4,250,0,66750
BAJFINANCE30JAN204000CE.NFO,07/01/2020,09:30:50,156,153.25,500,156.4,250,0,66750
BAJFINANCE30JAN204000CE.NFO,07/01/2020,09:30:53,156,153,250,156.2,500,0,66750
BAJFINANCE30JAN204000CE.NFO,07/01/2020,09:30:54,156,153,500,155.9,250,0,66750
BAJFINANCE30JAN204000CE.NFO,07/01/2020,09:30:55,156,153,250,155.65,500,0,66750
BAJFINANCE30JAN204000CE.NFO,07/01/2020,09:30:56,156,153.1,250,155.45,250,0,66750
BAJFINANCE30JAN204000CE.NFO,07/01/2020,09:30:57,156,153.1,250,155.4,250,0,66750
BAJFINANCE30JAN204000CE.NFO,07/01/2020,09:30:58,156,153.3,250,155.7,250,0,66750
BAJFINANCE30JAN204000CE.NFO,07/01/2020,09:31:00,156,153,250,155.6,250,0,66750
BAJFINANCE30JAN204000CE.NFO,07/01/2020,09:31:00,156,153,250,155.85,250,0,66750
BAJFINANCE30JAN204000CE.NFO,07/01/2020,09:31:01,156,153.3,500,155.8,500,0,66750
BAJFINANCE30JAN204000CE.NFO,07/01/2020,09:31:02,156,153.15,250,156.15,250,0,66750
BAJFINANCE30JAN204000CE.NFO,07/01/2020,09:31:03,156,153.45,250,156.35,500,0,66750
BAJFINANCE30JAN204000CE.NFO,07/01/2020,09:31:04,156,153.45,250,156.3,500,0,66750
BAJFINANCE30JAN204000CE.NFO,07/01/2020,09:31:05,156,153.45,500,156.2,250,0,66750
BAJFINANCE30JAN204000CE.NFO,07/01/2020,09:31:06,156,153.45,500,156.05,500,0,66750
BAJFINANCE30JAN204000CE.NFO,07/01/2020,09:31:07,156,153.45,500,155.85,250,0,66750
BAJFINANCE30JAN204000CE.NFO,07/01/2020,09:31:09,156,153.45,500,155.8,500,0,66750
BAJFINANCE30JAN204000CE.NFO,07/01/2020,09:31:10,156,154.35,250,157.65,250,0,66750
BAJFINANCE30JAN204000CE.NFO,07/01/2020,09:31:11,156,154.2,500,157.35,500,0,66750
BAJFINANCE30JAN204000CE.NFO,07/01/2020,09:31:12,154.2,155.1,250,157.45,500,250,66750
BAJFINANCE30JAN204000CE.NFO,07/01/2020,09:31:13,154.2,153.65,500,159.4,250,0,66750
BAJFINANCE30JAN204000CE.NFO,07/01/2020,09:31:14,154.2,154.8,250,158.4,250,0,66750
BAJFINANCE30JAN204000CE.NFO,07/01/2020,09:31:15,154.2,155.2,250,158.1,250,0,66750
BAJFINANCE30JAN204000CE.NFO,07/01/2020,09:31:16,154.2,155.4,250,158.5,750,0,66750
BAJFINANCE30JAN204000CE.NFO,07/01/2020,09:31:18,154.2,155.5,250,158,750,0,66750
BAJFINANCE30JAN204000CE.NFO,07/01/2020,09:31:18,154.2,155.7,250,157.7,250,0,66750
BAJFINANCE30JAN204000CE.NFO,07/01/2020,09:31:19,154.2,155.8,250,157.85,500,0,66750
BAJFINANCE30JAN204000CE.NFO,07/01/2020,09:31:20,154.2,155.8,250,157.7,250,0,66750
BAJFINANCE30JAN204000CE.NFO,07/01/2020,09:31:21,154.2,155.9,250,158.3,250,0,66750
BAJFINANCE30JAN204000CE.NFO,07/01/2020,09:31:22,154.2,156,250,158.25,250,0,66750
BAJFINANCE30JAN204000CE.NFO,07/01/2020,09:31:23,154.2,156.3,250,158.4,250,0,66750
BAJFINANCE30JAN204000CE.NFO,07/01/2020,09:31:24,154.2,155.35,250,158,250,0,66750
BAJFINANCE30JAN204000CE.NFO,07/01/2020,09:31:25,154.2,154.15,500,157.25,250,0,66750
BAJFINANCE30JAN204000CE.NFO,07/01/2020,09:31:26,154.2,154.3,250,157.2,250,0,66750
BAJFINANCE30JAN204000CE.NFO,07/01/2020,09:31:27,154.2,154.35,500,156.9,250,0,66750
BAJFINANCE30JAN204000CE.NFO,07/01/2020,09:31:28,154.2,153.65,750,156.75,250,0,66750
BAJFINANCE30JAN204000CE.NFO,07/01/2020,09:31:30,154.2,153.6,500,156.8,250,0,66750
BAJFINANCE30JAN204000CE.NFO,07/01/2020,09:31:31,154.2,153.9,500,156.7,250,0,66750
BAJFINANCE30JAN204000CE.NFO,07/01/2020,09:31:33,154.2,153.9,500,156.75,250,0,66750
BAJFINANCE30JAN204000CE.NFO,07/01/2020,09:31:34,154.2,154.05,250,156.75,250,0,66750
BAJFINANCE30JAN204000CE.NFO,07/01/2020,09:31:35,154.2,154.1,250,156.75,250,0,66750
BAJFINANCE30JAN204000CE.NFO,07/01/2020,09:31:37,154.2,154.35,500,157.05,250,0,66750
BAJFINANCE30JAN204000CE.NFO,07/01/2020,09:31:38,154.2,154.55,250,157.1,250,0,66750
BAJFINANCE30JAN204000CE.NFO,07/01/2020,09:31:39,154.2,154.75,250,157.1,250,0,66750
BAJFINANCE30JAN204000CE.NFO,07/01/2020,09:31:40,154.2,154.6,250,157.1,250,0,66750
BAJFINANCE30JAN204000CE.NFO,07/01/2020,09:31:41,154.2,154.4,250,157.1,250,0,66750
BAJFINANCE30JAN204000CE.NFO,07/01/2020,09:31:42,154.2,154.15,250,156.55,250,0,66750
BAJFINANCE30JAN204000CE.NFO,07/01/2020,09:31:43,154.2,154.05,250,156.45,250,0,66750
BAJFINANCE30JAN204000CE.NFO,07/01/2020,09:31:44,154.2,153.7,250,156.1,750,0,66750
BAJFINANCE30JAN204000CE.NFO,07/01/2020,09:31:45,154.2,153.75,250,156.6,250,0,66750
BAJFINANCE30JAN204000CE.NFO,07/01/2020,09:31:46,154.2,153.85,500,156.55,500,0,66750
BAJFINANCE30JAN204000CE.NFO,07/01/2020,09:31:47,154.2,153.7,250,156.15,250,0,66750
BAJFINANCE30JAN204000CE.NFO,07/01/2020,09:31:48,154.2,153.8,250,156.25,250,0,66750
BAJFINANCE30JAN204000CE.NFO,07/01/2020,09:31:49,154.2,153.8,250,156.15,500,0,66750
BAJFINANCE30JAN204000CE.NFO,07/01/2020,09:31:52,154.2,153.5,250,155.95,250,0,66750
BAJFINANCE30JAN204000CE.NFO,07/01/2020,09:31:53,154.2,153.45,250,155.9,250,0,66750
BAJFINANCE30JAN204000CE.NFO,07/01/2020,09:31:54,154.2,153,500,155.7,500,0,66750
BAJFINANCE30JAN204000CE.NFO,07/01/2020,09:31:55,154.2,153,250,155.5,250,0,66750
BAJFINANCE30JAN204000CE.NFO,07/01/2020,09:31:56,154.2,153.2,250,155.5,250,0,66750
BAJFINANCE30JAN204000CE.NFO,07/01/2020,09:31:57,154.2,153.4,250,155.7,500,0,66750
BAJFINANCE30JAN204000CE.NFO,07/01/2020,09:31:58,154.2,153.1,250,155.7,750,0,66750
BAJFINANCE30JAN204000CE.NFO,07/01/2020,09:31:59,154.2,153.1,250,155.5,250,0,66750
BAJFINANCE30JAN204000CE.NFO,07/01/2020,09:32:00,154.2,153.3,500,155.85,250,0,66750
BAJFINANCE30JAN204000CE.NFO,07/01/2020,09:32:01,154.2,152.1,750,153.95,500,0,66750
BAJFINANCE30JAN204000CE.NFO,07/01/2020,09:32:02,154.2,152.2,250,153.95,500,0,66750
BAJFINANCE30JAN204000CE.NFO,07/01/2020,09:32:03,154.2,152.05,250,153.9,250,0,66750
BAJFINANCE30JAN204000CE.NFO,07/01/2020,09:32:04,154.2,152.1,250,153.95,500,0,66750
BAJFINANCE30JAN204000CE.NFO,07/01/2020,09:32:05,154.2,152.2,250,153.95,750,0,66750
BAJFINANCE30JAN204000CE.NFO,07/01/2020,09:32:06,154.2,152.3,250,153.95,750,0,66750
BAJFINANCE30JAN204000CE.NFO,07/01/2020,09:32:07,153,151.9,250,154.8,500,500,66750
BAJFINANCE30JAN204000CE.NFO,07/01/2020,09:32:08,153,151.7,250,154.35,500,0,66750
BAJFINANCE30JAN204000CE.NFO,07/01/2020,09:32:09,153,151.65,250,154.35,750,0,66750
BAJFINANCE30JAN204000CE.NFO,07/01/2020,09:32:10,153,151.85,250,154.35,750,0,66750
BAJFINANCE30JAN204000CE.NFO,07/01/2020,09:32:11,153,152.45,250,154.7,500,0,66750
BAJFINANCE30JAN204000CE.NFO,07/01/2020,09:32:12,153,152.45,250,155,250,0,66750
BAJFINANCE30JAN204000CE.NFO,07/01/2020,09:32:13,153,152.5,250,155,250,0,66750
BAJFINANCE30JAN204000CE.NFO,07/01/2020,09:32:15,153,152.6,500,155,500,0,66750
BAJFINANCE30JAN204000CE.NFO,07/01/2020,09:32:16,153,152.8,250,155.4,500,0,66750
BAJFINANCE30JAN204000CE.NFO,07/01/2020,09:32:17,153,153.05,250,155.35,250,0,66750
BAJFINANCE30JAN204000CE.NFO,07/01/2020,09:32:18,153,153.25,250,155.35,250,0,66750
BAJFINANCE30JAN204000CE.NFO,07/01/2020,09:32:19,153,153.25,250,156.15,500,0,66750
BAJFINANCE30JAN204000CE.NFO,07/01/2020,09:32:20,153,153.45,250,156,250,0,66750
BAJFINANCE30JAN204000CE.NFO,07/01/2020,09:32:21,153,153.55,250,156,250,0,66750
BAJFINANCE30JAN204000CE.NFO,07/01/2020,09:32:22,153,153.85,250,156.05,250,0,66750
BAJFINANCE30JAN204000CE.NFO,07/01/2020,09:32:25,153,154.05,250,156.05,250,0,66750
BAJFINANCE30JAN204000CE.NFO,07/01/2020,09:32:26,153,153,250,156,250,0,66750
BAJFINANCE30JAN204000CE.NFO,07/01/2020,09:32:27,153,152.9,250,155.75,250,0,66750
BAJFINANCE30JAN204000CE.NFO,07/01/2020,09:32:28,153,152.9,500,155.65,250,0,66750
BAJFINANCE30JAN204000CE.NFO,07/01/2020,09:32:29,153,152.9,250,155.55,500,0,66750
BAJFINANCE30JAN204000CE.NFO,07/01/2020,09:32:30,153,153,250,155.55,750,0,66750
BAJFINANCE30JAN204000CE.NFO,07/01/2020,09:32:32,153,153.1,250,155.55,750,0,66750
BAJFINANCE30JAN204000CE.NFO,07/01/2020,09:32:39,153,152.65,750,155.65,750,0,66750
BAJFINANCE30JAN204000CE.NFO,07/01/2020,09:32:40,152.75,152.85,250,155.45,250,250,67000
BAJFINANCE30JAN204000CE.NFO,07/01/2020,09:32:41,155.25,153.4,250,156.75,500,250,67000
BAJFINANCE30JAN204000CE.NFO,07/01/2020,09:32:42,155.25,153.35,500,156.35,250,0,67000
BAJFINANCE30JAN204000CE.NFO,07/01/2020,09:32:44,155.25,153,250,156.1,250,0,67000
BAJFINANCE30JAN204000CE.NFO,07/01/2020,09:32:44,155.25,153.55,250,156.1,250,0,67000
BAJFINANCE30JAN204000CE.NFO,07/01/2020,09:32:45,155.25,152.75,500,155.75,250,0,67000
BAJFINANCE30JAN204000CE.NFO,07/01/2020,09:32:46,155.25,152.75,500,155.6,250,0,67000
BAJFINANCE30JAN204000CE.NFO,07/01/2020,09:32:47,155.25,152.75,500,155.45,250,0,67000
BAJFINANCE30JAN204000CE.NFO,07/01/2020,09:32:48,155.25,152.75,500,155.35,250,0,67000
BAJFINANCE30JAN204000CE.NFO,07/01/2020,09:32:49,155.25,152.75,500,155.05,250,0,67000
BAJFINANCE30JAN204000CE.NFO,07/01/2020,09:32:52,155.25,153.5,500,155.95,250,0,67000
BAJFINANCE30JAN204000CE.NFO,07/01/2020,09:32:53,155.25,153.5,250,155.75,250,0,67000
BAJFINANCE30JAN204000CE.NFO,07/01/2020,09:32:54,155.25,153.6,250,155.75,250,0,67000
BAJFINANCE30JAN204000CE.NFO,07/01/2020,09:32:55,155.25,152.9,250,155.65,250,0,67000
BAJFINANCE30JAN204000CE.NFO,07/01/2020,09:32:56,155.25,152.6,250,155.55,250,0,67000
BAJFINANCE30JAN204000CE.NFO,07/01/2020,09:32:57,155.25,152.95,750,155.65,250,0,67000
BAJFINANCE30JAN204000CE.NFO,07/01/2020,09:32:58,155.25,153.3,750,155.9,250,0,67000
BAJFINANCE30JAN204000CE.NFO,07/01/2020,09:32:59,155.25,153.05,250,155.8,250,0,67000
BAJFINANCE30JAN204000CE.NFO,07/01/2020,09:33:00,155.25,153.1,1000,156.05,250,0,67000
BAJFINANCE30JAN204000CE.NFO,07/01/2020,09:33:01,155.25,153.4,250,156.4,250,0,67000
BAJFINANCE30JAN204000CE.NFO,07/01/2020,09:33:02,155.25,153.5,250,156.35,250,0,67000
BAJFINANCE30JAN204000CE.NFO,07/01/2020,09:33:04,155.25,153.7,250,156.45,250,0,67000
BAJFINANCE30JAN204000CE.NFO,07/01/2020,09:33:04,155.25,153.7,250,156.25,250,0,67000
BAJFINANCE30JAN204000CE.NFO,07/01/2020,09:33:05,155.25,153.8,250,156.25,250,0,67000
BAJFINANCE30JAN204000CE.NFO,07/01/2020,09:33:06,155.25,153.8,250,156.15,250,0,67000
BAJFINANCE30JAN204000CE.NFO,07/01/2020,09:33:07,155.25,153.9,250,156.1,250,0,67000
BAJFINANCE30JAN204000CE.NFO,07/01/2020,09:33:08,155.25,154.55,250,157.1,250,0,67000
BAJFINANCE30JAN204000CE.NFO,07/01/2020,09:33:09,155.25,154.7,250,157,250,0,67000
BAJFINANCE30JAN204000CE.NFO,07/01/2020,09:33:13,155.25,154.75,250,157,250,0,67000
BAJFINANCE30JAN204000CE.NFO,07/01/2020,09:33:13,155.25,155.45,250,157.95,500,0,67000
BAJFINANCE30JAN204000CE.NFO,07/01/2020,09:33:14,155.25,155.4,250,157.95,250,0,67000
BAJFINANCE30JAN204000CE.NFO,07/01/2020,09:33:15,155.25,155.35,500,157.85,500,0,67000
BAJFINANCE30JAN204000CE.NFO,07/01/2020,09:33:16,155.25,155.15,250,157.8,250,0,67000
BAJFINANCE30JAN204000CE.NFO,07/01/2020,09:33:17,155.25,155.6,250,158,250,0,67000
BAJFINANCE30JAN204000CE.NFO,07/01/2020,09:33:18,155.25,155.8,250,158.1,250,0,67000
BAJFINANCE30JAN204000CE.NFO,07/01/2020,09:33:19,155.25,155.55,250,158.15,250,0,67000
BAJFINANCE30JAN204000CE.NFO,07/01/2020,09:33:20,155.25,154.6,250,157.85,250,0,67000
BAJFINANCE30JAN204000CE.NFO,07/01/2020,09:33:21,155.25,154.55,250,157.2,250,0,67000
BAJFINANCE30JAN204000CE.NFO,07/01/2020,09:33:23,155.25,154.65,250,157.25,500,0,67000
BAJFINANCE30JAN204000CE.NFO,07/01/2020,09:33:23,155.25,154.65,250,157.1,250,0,67000
BAJFINANCE30JAN204000CE.NFO,07/01/2020,09:33:24,155.25,155.05,250,157.1,250,0,67000
BAJFINANCE30JAN204000CE.NFO,07/01/2020,09:33:25,155.25,155.05,250,156.85,250,0,67000
BAJFINANCE30JAN204000CE.NFO,07/01/2020,09:33:26,155.25,155.15,250,157.1,250,0,67000
BAJFINANCE30JAN204000CE.NFO,07/01/2020,09:33:27,155.25,155.05,500,157.1,250,0,67000
BAJFINANCE30JAN204000CE.NFO,07/01/2020,09:33:28,155.25,155.15,250,157.1,250,0,67000
BAJFINANCE30JAN204000CE.NFO,07/01/2020,09:33:29,155.25,155.25,250,157.1,250,0,67000
BAJFINANCE30JAN204000CE.NFO,07/01/2020,09:33:30,155.25,155.35,250,157.1,250,0,67000
BAJFINANCE30JAN204000CE.NFO,07/01/2020,09:33:31,155.25,155.25,250,157.45,250,0,67000
BAJFINANCE30JAN204000CE.NFO,07/01/2020,09:33:33,155.25,155.05,250,157.35,250,0,67000
BAJFINANCE30JAN204000CE.NFO,07/01/2020,09:33:34,155.25,155,250,156.7,500,0,67000
BAJFINANCE30JAN204000CE.NFO,07/01/2020,09:33:35,155.25,155,250,156.5,250,0,67000
BAJFINANCE30JAN204000CE.NFO,07/01/2020,09:33:37,155,153.95,250,156.3,250,250,67000
BAJFINANCE30JAN204000CE.NFO,07/01/2020,09:33:38,155,153.6,250,156.05,250,0,67000
BAJFINANCE30JAN204000CE.NFO,07/01/2020,09:33:39,155,153.8,250,156.1,250,0,67000
BAJFINANCE30JAN204000CE.NFO,07/01/2020,09:33:40,155,153.55,250,156.3,250,0,67000
BAJFINANCE30JAN204000CE.NFO,07/01/2020,09:33:41,155,153.95,250,156.35,250,0,67000
BAJFINANCE30JAN204000CE.NFO,07/01/2020,09:33:42,155,154.05,250,156.3,500,0,67000
BAJFINANCE30JAN204000CE.NFO,07/01/2020,09:33:43,155,153.8,250,156.15,500,0,67000
BAJFINANCE30JAN204000CE.NFO,07/01/2020,09:33:44,155,154.1,250,156.35,250,0,67000
BAJFINANCE30JAN204000CE.NFO,07/01/2020,09:33:45,155,153.75,250,156.15,250,0,67000
BAJFINANCE30JAN204000CE.NFO,07/01/2020,09:33:46,155,153.7,250,156.15,250,0,67000
BAJFINANCE30JAN204000CE.NFO,07/01/2020,09:33:49,155,153.7,250,156.3,250,0,67000
BAJFINANCE30JAN204000CE.NFO,07/01/2020,09:33:49,155,153.8,250,156.3,250,0,67000
BAJFINANCE30JAN204000CE.NFO,07/01/2020,09:33:51,155,153.95,250,156.3,250,0,67000
BAJFINANCE30JAN204000CE.NFO,07/01/2020,09:33:52,155,154.1,250,156.8,250,0,67000
BAJFINANCE30JAN204000CE.NFO,07/01/2020,09:33:54,155,154.15,250,156.8,250,0,67000
BAJFINANCE30JAN204000CE.NFO,07/01/2020,09:33:55,155,153.75,250,156.15,250,0,67000
BAJFINANCE30JAN204000CE.NFO,07/01/2020,09:33:57,155,153.3,500,156.05,250,0,67000
BAJFINANCE30JAN204000CE.NFO,07/01/2020,09:33:58,155,153.3,500,156.1,250,0,67000
BAJFINANCE30JAN204000CE.NFO,07/01/2020,09:33:59,155,153.4,500,156.3,250,0,67000
BAJFINANCE30JAN204000CE.NFO,07/01/2020,09:34:00,155,153.5,250,156.25,500,0,67000
BAJFINANCE30JAN204000CE.NFO,07/01/2020,09:34:01,155,154.2,250,156.75,250,0,67000
BAJFINANCE30JAN204000CE.NFO,07/01/2020,09:34:02,155,154.05,250,156.65,250,0,67000
BAJFINANCE30JAN204000CE.NFO,07/01/2020,09:34:03,155,154.55,250,156.55,250,0,67000
BAJFINANCE30JAN204000CE.NFO,07/01/2020,09:34:04,155,154.2,250,156.55,250,0,67000
BAJFINANCE30JAN204000CE.NFO,07/01/2020,09:34:05,155,154.1,750,156.95,250,0,67000
BAJFINANCE30JAN204000CE.NFO,07/01/2020,09:34:07,155,153.7,250,156.3,250,0,67000
BAJFINANCE30JAN204000CE.NFO,07/01/2020,09:34:08,155,153.8,250,156.1,250,0,67000
BAJFINANCE30JAN204000CE.NFO,07/01/2020,09:34:09,155,153.9,250,156.25,250,0,67000
BAJFINANCE30JAN204000CE.NFO,07/01/2020,09:34:10,155,153.5,500,156.4,250,0,67000
BAJFINANCE30JAN204000CE.NFO,07/01/2020,09:34:12,155,153.6,500,156.55,250,0,67000
BAJFINANCE30JAN204000CE.NFO,07/01/2020,09:34:13,155,154.15,250,156.45,250,0,67000
BAJFINANCE30JAN204000CE.NFO,07/01/2020,09:34:15,155,154,250,156.2,250,0,67000
BAJFINANCE30JAN204000CE.NFO,07/01/2020,09:34:16,155,153.55,250,156.2,250,0,67000
BAJFINANCE30JAN204000CE.NFO,07/01/2020,09:34:17,155,153.6,500,156.1,250,0,67000
BAJFINANCE30JAN204000CE.NFO,07/01/2020,09:34:18,155,153.8,250,156.3,250,0,67000
BAJFINANCE30JAN204000CE.NFO,07/01/2020,09:34:19,155,153.9,250,156.3,250,0,67000
BAJFINANCE30JAN204000CE.NFO,07/01/2020,09:34:21,155,153.85,250,156.2,250,0,67000
BAJFINANCE30JAN204000CE.NFO,07/01/2020,09:34:21,155,153.95,250,156.2,250,0,67000
BAJFINANCE30JAN204000CE.NFO,07/01/2020,09:34:23,155,154.15,250,156.15,250,0,67000
BAJFINANCE30JAN204000CE.NFO,07/01/2020,09:34:24,155,154.15,250,156.55,250,0,67000
BAJFINANCE30JAN204000CE.NFO,07/01/2020,09:34:26,155,154,250,156.4,250,0,67000
BAJFINANCE30JAN204000CE.NFO,07/01/2020,09:34:27,155,153.85,250,156.3,250,0,67000
BAJFINANCE30JAN204000CE.NFO,07/01/2020,09:34:28,155,153.7,250,156.25,250,0,67000
BAJFINANCE30JAN204000CE.NFO,07/01/2020,09:34:29,155,153.4,250,156,500,0,67000
BAJFINANCE30JAN204000CE.NFO,07/01/2020,09:34:30,155,153.55,250,155.95,250,0,67000
BAJFINANCE30JAN204000CE.NFO,07/01/2020,09:34:32,155,153.55,250,155.85,250,0,67000
BAJFINANCE30JAN204000CE.NFO,07/01/2020,09:34:33,155,153.75,250,155.95,500,0,67000
BAJFINANCE30JAN204000CE.NFO,07/01/2020,09:34:34,155,153.55,250,155.95,500,0,67000
BAJFINANCE30JAN204000CE.NFO,07/01/2020,09:34:35,155,153.45,250,155.9,250,0,67000
BAJFINANCE30JAN204000CE.NFO,07/01/2020,09:34:36,155,153.55,250,155.95,250,0,67000
BAJFINANCE30JAN204000CE.NFO,07/01/2020,09:34:37,155,153.75,250,155.95,250,0,67000
BAJFINANCE30JAN204000CE.NFO,07/01/2020,09:34:38,155,153.85,250,156,500,0,67000
BAJFINANCE30JAN204000CE.NFO,07/01/2020,09:34:39,155,153.65,250,155.9,250,0,67000
BAJFINANCE30JAN204000CE.NFO,07/01/2020,09:34:40,155,153.7,500,155.9,250,0,67000
BAJFINANCE30JAN204000CE.NFO,07/01/2020,09:34:41,155,153.7,500,155.95,500,0,67000
BAJFINANCE30JAN204000CE.NFO,07/01/2020,09:34:43,155,153.9,500,155.95,250,0,67000
BAJFINANCE30JAN204000CE.NFO,07/01/2020,09:34:44,155,153.7,500,155.95,250,0,67000
BAJFINANCE30JAN204000CE.NFO,07/01/2020,09:34:45,155,153.75,250,156,500,0,67000
BAJFINANCE30JAN204000CE.NFO,07/01/2020,09:34:46,155,153.35,250,155.9,250,0,67000
BAJFINANCE30JAN204000CE.NFO,07/01/2020,09:34:47,155,153.8,500,155.95,250,0,67000
BAJFINANCE30JAN204000CE.NFO,07/01/2020,09:34:48,155,153.7,250,155.95,250,0,67000
BAJFINANCE30JAN204000CE.NFO,07/01/2020,09:34:49,155,153.9,500,155.95,250,0,67000
BAJFINANCE30JAN204000CE.NFO,07/01/2020,09:34:50,155,154.1,250,155.95,250,0,67000
BAJFINANCE30JAN204000CE.NFO,07/01/2020,09:34:51,155,154.25,250,156,500,0,67000
BAJFINANCE30JAN204000CE.NFO,07/01/2020,09:34:52,155,153.2,500,155.9,250,0,67000
BAJFINANCE30JAN204000CE.NFO,07/01/2020,09:34:53,155,153.35,500,155.9,250,0,67000
BAJFINANCE30JAN204000CE.NFO,07/01/2020,09:34:56,155,153.45,750,155.95,250,0,67000
BAJFINANCE30JAN204000CE.NFO,07/01/2020,09:34:56,155,153.5,250,155.95,250,0,67000
BAJFINANCE30JAN204000CE.NFO,07/01/2020,09:34:58,155,153.55,750,155.95,250,0,67000
BAJFINANCE30JAN204000CE.NFO,07/01/2020,09:34:59,155,153.95,250,155.95,250,0,67000
BAJFINANCE30JAN204000CE.NFO,07/01/2020,09:35:00,155,154,250,155.95,250,0,67000
BAJFINANCE30JAN204000CE.NFO,07/01/2020,09:35:01,155,154.15,250,155.95,250,0,67000
BAJFINANCE30JAN204000CE.NFO,07/01/2020,09:35:03,155,154.05,250,155.95,250,0,67000
BAJFINANCE30JAN204000CE.NFO,07/01/2020,09:35:04,155,154.15,250,156,500,0,67000
BAJFINANCE30JAN204000CE.NFO,07/01/2020,09:35:05,155,154.3,250,156,500,0,67000
BAJFINANCE30JAN204000CE.NFO,07/01/2020,09:35:06,155,154.2,250,156,500,250,67000
BAJFINANCE30JAN204000CE.NFO,07/01/2020,09:35:07,155,154.25,250,156,500,0,67000
BAJFINANCE30JAN204000CE.NFO,07/01/2020,09:35:10,155,153.65,500,156,500,0,67000
BAJFINANCE30JAN204000CE.NFO,07/01/2020,09:35:11,155,153.25,250,155.9,500,0,67000
BAJFINANCE30JAN204000CE.NFO,07/01/2020,09:35:11,155,152.35,1250,155.9,250,0,67000
BAJFINANCE30JAN204000CE.NFO,07/01/2020,09:35:12,155,153.15,250,155.8,250,0,67000
BAJFINANCE30JAN204000CE.NFO,07/01/2020,09:35:14,155,153.05,250,155.6,250,0,67000
BAJFINANCE30JAN204000CE.NFO,07/01/2020,09:35:17,155,153,250,155.5,250,0,67000
BAJFINANCE30JAN204000CE.NFO,07/01/2020,09:35:18,155,152.9,250,155.4,500,0,67000
BAJFINANCE30JAN204000CE.NFO,07/01/2020,09:35:18,155,152.9,250,154.95,250,0,67000
BAJFINANCE30JAN204000CE.NFO,07/01/2020,09:35:19,155,152.05,500,154.85,250,0,67000
BAJFINANCE30JAN204000CE.NFO,07/01/2020,09:35:20,155,151.85,250,154.8,500,0,67000
BAJFINANCE30JAN204000CE.NFO,07/01/2020,09:35:21,155,152.05,250,154.6,250,0,67000
BAJFINANCE30JAN204000CE.NFO,07/01/2020,09:35:22,155,152.15,250,154.55,500,0,67000
BAJFINANCE30JAN204000CE.NFO,07/01/2020,09:35:23,155,152.2,250,154.55,500,0,67000
BAJFINANCE30JAN204000CE.NFO,07/01/2020,09:35:28,155,151.55,250,154.35,250,0,67000
BAJFINANCE30JAN204000CE.NFO,07/01/2020,09:35:29,155,151.7,250,154.25,500,0,67000
BAJFINANCE30JAN204000CE.NFO,07/01/2020,09:35:30,155,151.75,500,154.25,750,0,67000
BAJFINANCE30JAN204000CE.NFO,07/01/2020,09:35:31,155,151.9,250,154.15,500,0,67000
BAJFINANCE30JAN204000CE.NFO,07/01/2020,09:35:32,155,151.5,250,154.15,500,0,67000
BAJFINANCE30JAN204000CE.NFO,07/01/2020,09:35:33,155,151.5,250,154,250,0,67000
BAJFINANCE30JAN204000CE.NFO,07/01/2020,09:35:34,155,151.4,250,153.75,250,0,67000
BAJFINANCE30JAN204000CE.NFO,07/01/2020,09:35:35,153.85,151.9,250,154.95,250,750,67000
BAJFINANCE30JAN204000CE.NFO,07/01/2020,09:35:37,153.85,152.05,250,154.95,250,0,67000
BAJFINANCE30JAN204000CE.NFO,07/01/2020,09:35:38,153.85,152.15,250,154.95,250,0,67000
BAJFINANCE30JAN204000CE.NFO,07/01/2020,09:35:39,153.85,152.25,500,154.95,250,0,67000
BAJFINANCE30JAN204000CE.NFO,07/01/2020,09:35:39,153.85,152.35,250,154.95,250,0,67000
BAJFINANCE30JAN204000CE.NFO,07/01/2020,09:35:40,153.85,152.65,250,154.95,250,0,67000
BAJFINANCE30JAN204000CE.NFO,07/01/2020,09:35:41,153.85,152.55,500,155,750,0,67000
BAJFINANCE30JAN204000CE.NFO,07/01/2020,09:35:45,152.95,152.1,250,154.8,250,250,67000
BAJFINANCE30JAN204000CE.NFO,07/01/2020,09:35:46,152.95,152.2,500,154.65,250,0,67000
BAJFINANCE30JAN204000CE.NFO,07/01/2020,09:35:46,152.95,152.25,250,154.75,500,0,67000
BAJFINANCE30JAN204000CE.NFO,07/01/2020,09:35:47,152.95,152.25,500,154.55,500,0,67000
BAJFINANCE30JAN204000CE.NFO,07/01/2020,09:35:48,152.95,152.45,500,154.75,250,0,67000
BAJFINANCE30JAN204000CE.NFO,07/01/2020,09:35:49,152.95,152.45,500,154.65,500,0,67000
BAJFINANCE30JAN204000CE.NFO,07/01/2020,09:35:50,152.95,152.65,250,154.85,250,0,67000
BAJFINANCE30JAN204000CE.NFO,07/01/2020,09:35:52,152.95,152.85,250,154.95,500,0,67000
BAJFINANCE30JAN204000CE.NFO,07/01/2020,09:35:53,152.95,153.1,250,155,500,0,67000
BAJFINANCE30JAN204000CE.NFO,07/01/2020,09:35:53,152.95,153.1,250,154.95,250,0,67000
BAJFINANCE30JAN204000CE.NFO,07/01/2020,09:35:54,152.95,153.3,250,155,500,0,67000
BAJFINANCE30JAN204000CE.NFO,07/01/2020,09:35:55,152.95,151.85,250,154.5,250,0,67000
BAJFINANCE30JAN204000CE.NFO,07/01/2020,09:35:56,152.95,152.7,250,154.45,250,0,67000
BAJFINANCE30JAN204000CE.NFO,07/01/2020,09:35:57,152.95,152.45,500,154.5,500,0,67000
BAJFINANCE30JAN204000CE.NFO,07/01/2020,09:35:59,152.95,152.45,250,154.5,500,0,67000
BAJFINANCE30JAN204000CE.NFO,07/01/2020,09:36:00,152.95,152.85,250,154.5,500,0,67000
BAJFINANCE30JAN204000CE.NFO,07/01/2020,09:36:01,152.95,152.85,250,154.5,250,0,67000
BAJFINANCE30JAN204000CE.NFO,07/01/2020,09:36:02,152.95,152.2,250,154.45,250,0,67000
BAJFINANCE30JAN204000CE.NFO,07/01/2020,09:36:03,152.95,152.15,500,154.45,250,0,67000
BAJFINANCE30JAN204000CE.NFO,07/01/2020,09:36:04,152.95,152.35,250,154.45,250,0,67000
BAJFINANCE30JAN204000CE.NFO,07/01/2020,09:36:05,152.95,152.45,250,154.5,500,0,67000
BAJFINANCE30JAN204000CE.NFO,07/01/2020,09:36:07,152.95,152.55,250,154.45,250,0,67000
BAJFINANCE30JAN204000CE.NFO,07/01/2020,09:36:08,152.95,152.5,500,154.45,250,0,67000
BAJFINANCE30JAN204000CE.NFO,07/01/2020,09:36:09,152.95,152.35,250,154.45,250,0,67000
BAJFINANCE30JAN204000CE.NFO,07/01/2020,09:36:10,152.95,152.3,500,154.45,250,0,67000
BAJFINANCE30JAN204000CE.NFO,07/01/2020,09:36:11,152.95,152.6,250,154.45,250,0,67000
BAJFINANCE30JAN204000CE.NFO,07/01/2020,09:36:12,152.95,152.85,250,154.5,250,0,67000
BAJFINANCE30JAN204000CE.NFO,07/01/2020,09:36:13,152.95,152.7,250,154.5,500,0,67000
BAJFINANCE30JAN204000CE.NFO,07/01/2020,09:36:14,152.95,152.8,250,154.5,500,0,67000
BAJFINANCE30JAN204000CE.NFO,07/01/2020,09:36:19,152.95,152.9,250,154.5,250,0,67000
BAJFINANCE30JAN204000CE.NFO,07/01/2020,09:36:20,152.95,152.95,250,154.5,250,0,67000
BAJFINANCE30JAN204000CE.NFO,07/01/2020,09:36:22,152.95,152.05,750,154.45,250,0,67000
BAJFINANCE30JAN204000CE.NFO,07/01/2020,09:36:23,152.95,152.3,250,154.45,250,0,67000
BAJFINANCE30JAN204000CE.NFO,07/01/2020,09:36:25,152.95,151.95,500,154.4,250,0,67000
BAJFINANCE30JAN204000CE.NFO,07/01/2020,09:36:26,152.95,152.1,250,154.3,250,0,67000
BAJFINANCE30JAN204000CE.NFO,07/01/2020,09:36:27,152.95,152.3,250,154.45,250,0,67000
BAJFINANCE30JAN204000CE.NFO,07/01/2020,09:36:29,152.95,152.3,500,154.45,500,0,67000
BAJFINANCE30JAN204000CE.NFO,07/01/2020,09:36:30,152.95,152.3,500,154.45,250,0,67000
BAJFINANCE30JAN204000CE.NFO,07/01/2020,09:36:34,152.95,152.4,250,154.45,250,0,67000
BAJFINANCE30JAN204000CE.NFO,07/01/2020,09:36:35,152.95,151.9,500,154.35,500,0,67000
BAJFINANCE30JAN204000CE.NFO,07/01/2020,09:36:36,152.95,152.1,250,154.35,500,0,67000
BAJFINANCE30JAN204000CE.NFO,07/01/2020,09:36:37,152.95,151.65,250,154.15,250,0,67000
BAJFINANCE30JAN204000CE.NFO,07/01/2020,09:36:38,152.95,151.85,500,154.05,250,0,67000
BAJFINANCE30JAN204000CE.NFO,07/01/2020,09:36:39,152.95,151.5,250,153.85,500,0,67000
BAJFINANCE30JAN204000CE.NFO,07/01/2020,09:36:40,152.95,152,250,154.45,250,0,67000
BAJFINANCE30JAN204000CE.NFO,07/01/2020,09:36:42,152.95,152.1,500,154.45,250,0,67000
BAJFINANCE30JAN204000CE.NFO,07/01/2020,09:36:43,152.95,152.3,250,154.35,250,0,67000
BAJFINANCE30JAN204000CE.NFO,07/01/2020,09:36:44,152.95,152.3,250,154.4,500,0,67000
BAJFINANCE30JAN204000CE.NFO,07/01/2020,09:36:45,152.95,152.4,500,154.4,250,0,67000
BAJFINANCE30JAN204000CE.NFO,07/01/2020,09:36:46,152.95,152.55,250,154.35,250,0,67000
BAJFINANCE30JAN204000CE.NFO,07/01/2020,09:36:47,152.95,152.3,500,154.35,250,0,67000
BAJFINANCE30JAN204000CE.NFO,07/01/2020,09:36:48,152.95,152.6,250,154.45,250,0,67000
BAJFINANCE30JAN204000CE.NFO,07/01/2020,09:36:49,152.95,152.8,250,154.5,250,0,67000
BAJFINANCE30JAN204000CE.NFO,07/01/2020,09:36:50,152.95,153,500,154.5,250,0,67000
BAJFINANCE30JAN204000CE.NFO,07/01/2020,09:36:51,152.95,153.35,250,154.5,250,0,67000
BAJFINANCE30JAN204000CE.NFO,07/01/2020,09:36:52,152.95,153.25,250,154.5,250,0,67000
BAJFINANCE30JAN204000CE.NFO,07/01/2020,09:37:07,154.5,153.25,250,154.95,250,250,67000
BAJFINANCE30JAN204000CE.NFO,07/01/2020,09:37:08,154.5,153.25,250,154.95,250,0,67000
BAJFINANCE30JAN204000CE.NFO,07/01/2020,09:37:11,154.5,152.65,500,154.95,500,0,67000
BAJFINANCE30JAN204000CE.NFO,07/01/2020,09:37:12,154.5,152.2,750,154.95,500,0,67000
BAJFINANCE30JAN204000CE.NFO,07/01/2020,09:37:13,154.5,152.5,250,154.85,500,0,67000
BAJFINANCE30JAN204000CE.NFO,07/01/2020,09:37:13,154.5,152.8,250,154.85,750,0,67000
BAJFINANCE30JAN204000CE.NFO,07/01/2020,09:37:14,154.5,152.8,250,154.65,250,0,67000
BAJFINANCE30JAN204000CE.NFO,07/01/2020,09:37:15,154.5,152.6,500,154.5,250,0,67000
BAJFINANCE30JAN204000CE.NFO,07/01/2020,09:37:16,154.5,152.15,250,154.6,500,0,67000
BAJFINANCE30JAN204000CE.NFO,07/01/2020,09:37:17,154.5,152.25,250,154.6,500,0,67000
BAJFINANCE30JAN204000CE.NFO,07/01/2020,09:37:18,154.5,152.35,500,154.6,500,0,67000
BAJFINANCE30JAN204000CE.NFO,07/01/2020,09:37:19,154.5,152.35,250,154.6,500,0,67000
BAJFINANCE30JAN204000CE.NFO,07/01/2020,09:37:20,154.6,153,250,155,500,500,67000
BAJFINANCE30JAN204000CE.NFO,07/01/2020,09:37:21,154.6,153,250,155,500,0,67000
BAJFINANCE30JAN204000CE.NFO,07/01/2020,09:37:25,154.6,152.5,250,155,750,0,67000
BAJFINANCE30JAN204000CE.NFO,07/01/2020,09:37:27,154.6,152.3,250,154.95,500,0,67000
BAJFINANCE30JAN204000CE.NFO,07/01/2020,09:37:29,154.6,152.4,250,154.95,500,0,67000
BAJFINANCE30JAN204000CE.NFO,07/01/2020,09:37:30,154.6,152.5,500,154.9,250,0,67000
BAJFINANCE30JAN204000CE.NFO,07/01/2020,09:37:31,154.6,152.05,500,154.9,500,0,67000
BAJFINANCE30JAN204000CE.NFO,07/01/2020,09:37:32,154.6,152.15,250,154.9,250,0,67000
BAJFINANCE30JAN204000CE.NFO,07/01/2020,09:37:33,154.6,152.35,250,154.9,250,0,67000
BAJFINANCE30JAN204000CE.NFO,07/01/2020,09:37:34,154.6,151.6,250,154.8,250,0,67000
BAJFINANCE30JAN204000CE.NFO,07/01/2020,09:37:35,154.6,151.9,250,154.8,500,0,67000
BAJFINANCE30JAN204000CE.NFO,07/01/2020,09:37:36,154.6,152.1,250,154.75,500,0,67000
BAJFINANCE30JAN204000CE.NFO,07/01/2020,09:37:37,154.6,152.3,250,154.75,250,0,67000
BAJFINANCE30JAN204000CE.NFO,07/01/2020,09:37:39,154.6,152.5,250,154.75,250,0,67000
BAJFINANCE30JAN204000CE.NFO,07/01/2020,09:37:40,154.6,152.05,250,154.75,250,0,67000
BAJFINANCE30JAN204000CE.NFO,07/01/2020,09:37:40,154.6,152.15,250,154.75,250,0,67000
BAJFINANCE30JAN204000CE.NFO,07/01/2020,09:37:41,154.6,152.45,250,154.75,250,0,67000
BAJFINANCE30JAN204000CE.NFO,07/01/2020,09:37:42,154.6,152.15,250,154.9,250,0,67000
BAJFINANCE30JAN204000CE.NFO,07/01/2020,09:37:43,154.6,152.55,250,154.85,500,0,67000
BAJFINANCE30JAN204000CE.NFO,07/01/2020,09:37:44,154.6,152.25,250,154.85,500,0,67000
BAJFINANCE30JAN204000CE.NFO,07/01/2020,09:37:45,154.6,151.95,250,154.8,500,0,67000
BAJFINANCE30JAN204000CE.NFO,07/01/2020,09:37:46,154.6,152.05,250,154.8,500,0,67000
BAJFINANCE30JAN204000CE.NFO,07/01/2020,09:37:48,154.6,152.15,250,154.8,500,0,67000
BAJFINANCE30JAN204000CE.NFO,07/01/2020,09:37:49,154.6,151.95,250,154.8,500,0,67000
BAJFINANCE30JAN204000CE.NFO,07/01/2020,09:37:50,154.6,152.05,250,154.8,500,0,67000
BAJFINANCE30JAN204000CE.NFO,07/01/2020,09:37:51,154.6,152.35,250,154.8,500,0,67000
BAJFINANCE30JAN204000CE.NFO,07/01/2020,09:37:52,154.6,151.9,250,154.7,500,0,67000
BAJFINANCE30JAN204000CE.NFO,07/01/2020,09:37:53,154.6,151.8,500,154.6,250,0,67000
BAJFINANCE30JAN204000CE.NFO,07/01/2020,09:37:54,154.6,151.6,250,154.6,250,0,67000
BAJFINANCE30JAN204000CE.NFO,07/01/2020,09:37:55,154.6,151.9,250,154.6,500,0,67000
BAJFINANCE30JAN204000CE.NFO,07/01/2020,09:37:56,154.6,151.6,250,154.6,500,0,67000
BAJFINANCE30JAN204000CE.NFO,07/01/2020,09:37:57,154,151.8,250,154.85,500,250,67000
BAJFINANCE30JAN204000CE.NFO,07/01/2020,09:37:58,154,151.9,500,154.75,250,0,67000
BAJFINANCE30JAN204000CE.NFO,07/01/2020,09:37:59,154,151.9,500,154.65,250,0,67000
BAJFINANCE30JAN204000CE.NFO,07/01/2020,09:38:00,154,151.7,250,154.55,250,0,67000
BAJFINANCE30JAN204000CE.NFO,07/01/2020,09:38:02,154,151.6,250,154.45,500,0,67000
BAJFINANCE30JAN204000CE.NFO,07/01/2020,09:38:05,154,151.9,250,154.45,500,0,67000
BAJFINANCE30JAN204000CE.NFO,07/01/2020,09:38:05,154.45,151.95,250,154.45,250,250,67000
BAJFINANCE30JAN204000CE.NFO,07/01/2020,09:38:06,154.45,152.15,250,154.45,250,0,67000
BAJFINANCE30JAN204000CE.NFO,07/01/2020,09:38:07,154.45,151.95,500,154.65,250,0,67000
BAJFINANCE30JAN204000CE.NFO,07/01/2020,09:38:08,154.45,151.6,250,154.5,250,0,67000
BAJFINANCE30JAN204000CE.NFO,07/01/2020,09:38:09,154.45,152,250,154.5,500,0,67000
BAJFINANCE30JAN204000CE.NFO,07/01/2020,09:38:11,154.45,152.25,250,154.65,250,0,67000
BAJFINANCE30JAN204000CE.NFO,07/01/2020,09:38:12,154.45,152.25,250,154.4,250,0,67000
BAJFINANCE30JAN204000CE.NFO,07/01/2020,09:38:13,154.45,151.6,250,154.4,500,0,67000
BAJFINANCE30JAN204000CE.NFO,07/01/2020,09:38:13,154.45,151.8,500,154.4,250,0,67000
BAJFINANCE30JAN204000CE.NFO,07/01/2020,09:38:14,154.45,151.8,500,154.3,250,0,67000
BAJFINANCE30JAN204000CE.NFO,07/01/2020,09:38:15,154.45,151.6,250,154.25,500,0,67000
BAJFINANCE30JAN204000CE.NFO,07/01/2020,09:38:16,154.45,151.25,250,154.25,750,0,67000
BAJFINANCE30JAN204000CE.NFO,07/01/2020,09:38:17,154.45,151.35,250,153.95,250,0,67000
BAJFINANCE30JAN204000CE.NFO,07/01/2020,09:38:18,154.45,151.1,250,153.95,750,0,67000
BAJFINANCE30JAN204000CE.NFO,07/01/2020,09:38:20,154.45,151.3,250,153.95,250,0,67000
BAJFINANCE30JAN204000CE.NFO,07/01/2020,09:38:21,154.45,151.4,250,154.25,250,0,67000
BAJFINANCE30JAN204000CE.NFO,07/01/2020,09:38:22,154.45,151,250,153.95,250,0,67000
BAJFINANCE30JAN204000CE.NFO,07/01/2020,09:38:23,154.45,150.9,250,153.9,250,0,67000
BAJFINANCE30JAN204000CE.NFO,07/01/2020,09:38:23,154.45,151.05,250,153.9,250,0,67000
BAJFINANCE30JAN204000CE.NFO,07/01/2020,09:38:25,154.45,151.55,250,154.05,500,0,67000
BAJFINANCE30JAN204000CE.NFO,07/01/2020,09:38:26,154.45,151.35,250,153.75,250,0,67000
BAJFINANCE30JAN204000CE.NFO,07/01/2020,09:38:27,154.45,151.25,500,153.5,250,0,67000
BAJFINANCE30JAN204000CE.NFO,07/01/2020,09:38:29,154.45,151.35,250,153.6,250,0,67000
BAJFINANCE30JAN204000CE.NFO,07/01/2020,09:38:30,154.45,151.35,250,153.8,250,0,67000
BAJFINANCE30JAN204000CE.NFO,07/01/2020,09:38:31,154.45,150.35,250,153.55,500,0,67000
BAJFINANCE30JAN204000CE.NFO,07/01/2020,09:38:32,154.45,150.55,250,153.2,250,0,67000
BAJFINANCE30JAN204000CE.NFO,07/01/2020,09:38:33,154.45,150.75,250,153.15,250,0,67000
BAJFINANCE30JAN204000CE.NFO,07/01/2020,09:38:34,154.45,150.55,500,153.25,500,0,67000
BAJFINANCE30JAN204000CE.NFO,07/01/2020,09:38:35,154.45,150.75,250,153.25,250,0,67000
BAJFINANCE30JAN204000CE.NFO,07/01/2020,09:38:36,154.45,150.75,250,153.25,500,0,67000
BAJFINANCE30JAN204000CE.NFO,07/01/2020,09:38:38,154.45,150.95,250,153.25,500,0,67000
BAJFINANCE30JAN204000CE.NFO,07/01/2020,09:38:39,154.45,150.95,250,153.6,250,0,67000
BAJFINANCE30JAN204000CE.NFO,07/01/2020,09:38:39,154.45,151,250,153.6,250,0,67000
BAJFINANCE30JAN204000CE.NFO,07/01/2020,09:38:40,151,150.55,500,153.45,500,250,66250
BAJFINANCE30JAN204000CE.NFO,07/01/2020,09:38:41,151,150.75,250,153.2,250,0,66250
BAJFINANCE30JAN204000CE.NFO,07/01/2020,09:38:42,151,150.95,500,153.2,500,0,66250
BAJFINANCE30JAN204000CE.NFO,07/01/2020,09:38:44,151,150.3,250,152.9,250,0,66250
BAJFINANCE30JAN204000CE.NFO,07/01/2020,09:38:47,151,150.5,250,152.8,250,0,66250
BAJFINANCE30JAN204000CE.NFO,07/01/2020,09:38:48,151,150.2,250,152.8,250,0,66250
BAJFINANCE30JAN204000CE.NFO,07/01/2020,09:38:48,150.3,150,250,151.9,250,250,66250
BAJFINANCE30JAN204000CE.NFO,07/01/2020,09:38:49,150.3,150,500,152.2,250,0,66250
BAJFINANCE30JAN204000CE.NFO,07/01/2020,09:38:50,150.3,150,250,152.05,250,0,66250
BAJFINANCE30JAN204000CE.NFO,07/01/2020,09:38:52,150.3,150.05,500,152.5,500,0,66250
BAJFINANCE30JAN204000CE.NFO,07/01/2020,09:38:53,150.3,150,250,152.3,250,0,66250
BAJFINANCE30JAN204000CE.NFO,07/01/2020,09:38:54,150.3,150,250,152.2,250,0,66250
BAJFINANCE30JAN204000CE.NFO,07/01/2020,09:38:57,150.3,150,500,152.65,250,0,66250
BAJFINANCE30JAN204000CE.NFO,07/01/2020,09:38:58,150.3,150,500,152.55,250,0,66250
BAJFINANCE30JAN204000CE.NFO,07/01/2020,09:38:59,150.3,150,500,152.45,250,0,66250
BAJFINANCE30JAN204000CE.NFO,07/01/2020,09:39:00,150.3,150.3,250,152.85,250,0,66250
BAJFINANCE30JAN204000CE.NFO,07/01/2020,09:39:01,150.3,150.1,250,152.85,250,0,66250
BAJFINANCE30JAN204000CE.NFO,07/01/2020,09:39:03,150.3,150.2,250,152.9,250,0,66250
BAJFINANCE30JAN204000CE.NFO,07/01/2020,09:39:04,150.3,150.3,250,153.05,500,0,66250
BAJFINANCE30JAN204000CE.NFO,07/01/2020,09:39:06,150.3,150.1,250,152.85,250,0,66250
BAJFINANCE30JAN204000CE.NFO,07/01/2020,09:39:08,150.3,150.1,250,152.75,500,0,66250
BAJFINANCE30JAN204000CE.NFO,07/01/2020,09:39:11,150.3,150.05,250,152.55,250,0,66250
BAJFINANCE30JAN204000CE.NFO,07/01/2020,09:39:11,150.3,150.1,250,152.55,250,0,66250
BAJFINANCE30JAN204000CE.NFO,07/01/2020,09:39:12,150.3,150.1,250,152.9,250,0,66250
BAJFINANCE30JAN204000CE.NFO,07/01/2020,09:39:13,150.3,150.5,250,153.25,250,0,66250
BAJFINANCE30JAN204000CE.NFO,07/01/2020,09:39:15,150.3,151,500,154,250,0,66250
BAJFINANCE30JAN204000CE.NFO,07/01/2020,09:39:16,150.3,151.2,500,154.3,500,0,66250
BAJFINANCE30JAN204000CE.NFO,07/01/2020,09:39:17,150.3,151.5,250,154.3,500,0,66250
BAJFINANCE30JAN204000CE.NFO,07/01/2020,09:39:18,150.3,151.7,250,154.3,500,0,66250
BAJFINANCE30JAN204000CE.NFO,07/01/2020,09:39:18,150.3,152.35,250,155,250,0,66250
BAJFINANCE30JAN204000CE.NFO,07/01/2020,09:39:19,150.3,152.45,250,154.95,250,0,66250
BAJFINANCE30JAN204000CE.NFO,07/01/2020,09:39:20,150.3,152.55,500,154.95,250,0,66250
BAJFINANCE30JAN204000CE.NFO,07/01/2020,09:39:21,150.3,152.55,500,155,500,0,66250
BAJFINANCE30JAN204000CE.NFO,07/01/2020,09:39:22,150.3,152.25,250,154.95,250,0,66250
BAJFINANCE30JAN204000CE.NFO,07/01/2020,09:39:23,150.3,152.4,250,154.9,500,0,66250
BAJFINANCE30JAN204000CE.NFO,07/01/2020,09:39:24,150.3,152.65,500,154.95,250,0,66250
BAJFINANCE30JAN204000CE.NFO,07/01/2020,09:39:25,150.3,152.45,250,154.95,500,0,66250
BAJFINANCE30JAN204000CE.NFO,07/01/2020,09:39:27,150.3,151.6,500,154.95,250,0,66250
BAJFINANCE30JAN204000CE.NFO,07/01/2020,09:39:28,150.3,151.85,250,154.85,500,0,66250
BAJFINANCE30JAN204000CE.NFO,07/01/2020,09:39:29,150.3,150.75,1750,154.85,500,0,66250
BAJFINANCE30JAN204000CE.NFO,07/01/2020,09:39:30,150.3,151.55,250,154.95,750,0,66250
BAJFINANCE30JAN204000CE.NFO,07/01/2020,09:39:32,150.3,152.15,500,154.85,250,0,66250
BAJFINANCE30JAN204000CE.NFO,07/01/2020,09:39:32,150.3,152.25,500,154.85,500,0,66250
BAJFINANCE30JAN204000CE.NFO,07/01/2020,09:39:34,150.3,151.4,250,154.65,500,0,66250
BAJFINANCE30JAN204000CE.NFO,07/01/2020,09:39:34,150.3,151.7,250,154.65,250,0,66250
BAJFINANCE30JAN204000CE.NFO,07/01/2020,09:39:36,150.3,151.7,500,154.55,500,0,66250
BAJFINANCE30JAN204000CE.NFO,07/01/2020,09:39:37,150.3,152,250,154.45,250,0,66250
BAJFINANCE30JAN204000CE.NFO,07/01/2020,09:39:37,150.3,152,250,154.5,250,0,66250
BAJFINANCE30JAN204000CE.NFO,07/01/2020,09:39:38,150.3,152.1,250,154.65,250,0,66250
BAJFINANCE30JAN204000CE.NFO,07/01/2020,09:39:39,150.3,152.05,250,154.65,250,0,66250
BAJFINANCE30JAN204000CE.NFO,07/01/2020,09:39:40,150.3,152.25,500,154.5,250,0,66250
BAJFINANCE30JAN204000CE.NFO,07/01/2020,09:39:41,150.3,152.35,250,154.5,250,0,66250
BAJFINANCE30JAN204000CE.NFO,07/01/2020,09:39:42,150.3,152.45,250,154.6,250,0,66250
BAJFINANCE30JAN204000CE.NFO,07/01/2020,09:39:43,150.3,152.55,250,154.65,250,0,66250
BAJFINANCE30JAN204000CE.NFO,07/01/2020,09:39:45,150.3,152.6,250,154.9,250,0,66250
BAJFINANCE30JAN204000CE.NFO,07/01/2020,09:39:46,150.3,152.6,500,154.95,500,0,66250
BAJFINANCE30JAN204000CE.NFO,07/01/2020,09:39:47,150.3,152.6,250,154.95,500,0,66250
BAJFINANCE30JAN204000CE.NFO,07/01/2020,09:39:49,150.3,152.6,250,154.85,250,0,66250
BAJFINANCE30JAN204000CE.NFO,07/01/2020,09:39:50,150.3,151.7,250,154.6,250,0,66250
BAJFINANCE30JAN204000CE.NFO,07/01/2020,09:39:51,150.3,151.85,250,154.3,250,0,66250
BAJFINANCE30JAN204000CE.NFO,07/01/2020,09:39:52,150.3,151.85,250,154.2,250,0,66250
BAJFINANCE30JAN204000CE.NFO,07/01/2020,09:39:55,150.3,150.6,250,154.2,500,0,66250
BAJFINANCE30JAN204000CE.NFO,07/01/2020,09:39:55,150.3,150.85,250,154,250,0,66250
BAJFINANCE30JAN204000CE.NFO,07/01/2020,09:39:56,150.3,151.05,250,154.1,250,0,66250
BAJFINANCE30JAN204000CE.NFO,07/01/2020,09:39:57,150.3,150.35,250,153.9,250,0,66250
BAJFINANCE30JAN204000CE.NFO,07/01/2020,09:39:58,150.3,150.6,250,153.95,250,0,66250
BAJFINANCE30JAN204000CE.NFO,07/01/2020,09:39:59,154.9,153.4,250,155,250,1000,66250
BAJFINANCE30JAN204000CE.NFO,07/01/2020,09:40:00,155,153,250,156.9,250,250,66250
BAJFINANCE30JAN204000CE.NFO,07/01/2020,09:40:01,155,153.3,250,156.85,500,0,66250
BAJFINANCE30JAN204000CE.NFO,07/01/2020,09:40:02,155,153.8,250,156.85,500,0,66250
