Ticker,Date,Time,LTP,BuyPrice,BuyQty,SellPrice,SellQty,LTQ,OpenInterest
BAJFINANCE30JAN204300CE.NFO,07/01/2020,09:15:01,31,25.5,250,31,250,250,207250
BAJFINANCE30JAN204300CE.NFO,07/01/2020,09:15:01,31,25.5,250,31,250,0,207250
BAJFINANCE30JAN204300CE.NFO,07/01/2020,09:15:01,31,25.5,250,31,250,0,207250
BAJFINANCE30JAN204300CE.NFO,07/01/2020,09:15:01,31,25.5,250,31,250,0,207250
BAJFINANCE30JAN204300CE.NFO,07/01/2020,09:15:07,31.4,26.1,250,32.25,1750,1500,207250
BAJFINANCE30JAN204300CE.NFO,07/01/2020,09:15:07,31.4,26.1,250,32.25,1750,0,207250
BAJFINANCE30JAN204300CE.NFO,07/01/2020,09:15:07,27,26.1,250,32.25,1750,0,207250
BAJFINANCE30JAN204300CE.NFO,07/01/2020,09:15:17,30.95,27.75,250,30.95,250,6500,207250
BAJFINANCE30JAN204300CE.NFO,07/01/2020,09:15:29,30.45,28,500,30.95,250,1000,207250
BAJFINANCE30JAN204300CE.NFO,07/01/2020,09:15:40,30,27.85,500,30,2000,1500,207250
BAJFINANCE30JAN204300CE.NFO,07/01/2020,09:15:53,29,29,250,29.9,250,2000,207250
BAJFINANCE30JAN204300CE.NFO,07/01/2020,09:16:04,29.1,28.05,250,30,2000,1000,207250
BAJFINANCE30JAN204300CE.NFO,07/01/2020,09:16:15,29.9,29.3,250,29.9,250,1000,207250
BAJFINANCE30JAN204300CE.NFO,07/01/2020,09:16:24,29.1,29.05,250,29.6,250,1500,207250
BAJFINANCE30JAN204300CE.NFO,07/01/2020,09:16:34,29.1,29,500,29.5,250,1000,207250
BAJFINANCE30JAN204300CE.NFO,07/01/2020,09:16:43,28.75,28,500,28.85,250,1250,207250
BAJFINANCE30JAN204300CE.NFO,07/01/2020,09:16:52,28.85,28.2,250,28.85,500,250,207250
BAJFINANCE30JAN204300CE.NFO,07/01/2020,09:17:00,29,28.75,250,29.1,250,2000,207250
BAJFINANCE30JAN204300CE.NFO,07/01/2020,09:17:08,28.45,28,500,28.8,250,1250,207250
BAJFINANCE30JAN204300CE.NFO,07/01/2020,09:17:12,28.45,28.15,250,28.85,1500,0,207250
BAJFINANCE30JAN204300CE.NFO,07/01/2020,09:17:13,28.5,28.1,250,28.85,1250,250,206750
BAJFINANCE30JAN204300CE.NFO,07/01/2020,09:17:14,28.5,28.1,500,28.85,1500,0,206750
BAJFINANCE30JAN204300CE.NFO,07/01/2020,09:17:15,28.5,28.25,500,28.85,1250,0,206750
BAJFINANCE30JAN204300CE.NFO,07/01/2020,09:17:17,28.8,28.25,500,28.85,1250,250,206750
BAJFINANCE30JAN204300CE.NFO,07/01/2020,09:17:18,28.8,28.35,250,28.85,1250,0,206750
BAJFINANCE30JAN204300CE.NFO,07/01/2020,09:17:19,28.4,28.15,250,28.8,250,250,206750
BAJFINANCE30JAN204300CE.NFO,07/01/2020,09:17:20,28.45,28.15,500,28.85,1500,250,206750
BAJFINANCE30JAN204300CE.NFO,07/01/2020,09:17:21,28.45,28.2,500,28.85,1500,0,206750
BAJFINANCE30JAN204300CE.NFO,07/01/2020,09:17:22,28.2,28.2,250,28.85,1500,250,206750
BAJFINANCE30JAN204300CE.NFO,07/01/2020,09:17:23,28.2,28.25,250,28.85,1250,0,206750
BAJFINANCE30JAN204300CE.NFO,07/01/2020,09:17:24,28.2,28.25,250,28.8,250,0,206750
BAJFINANCE30JAN204300CE.NFO,07/01/2020,09:17:25,28.2,28.05,250,28.8,250,0,206750
BAJFINANCE30JAN204300CE.NFO,07/01/2020,09:17:26,28.2,28.05,500,28.8,250,0,206750
BAJFINANCE30JAN204300CE.NFO,07/01/2020,09:17:27,28.2,28.05,750,28.85,1500,0,206750
BAJFINANCE30JAN204300CE.NFO,07/01/2020,09:17:28,28.2,28.05,750,28.85,1250,0,206750
BAJFINANCE30JAN204300CE.NFO,07/01/2020,09:17:32,28.8,28.45,250,28.85,1250,250,206750
BAJFINANCE30JAN204300CE.NFO,07/01/2020,09:17:33,28.8,28.45,250,28.85,1250,0,206750
BAJFINANCE30JAN204300CE.NFO,07/01/2020,09:17:34,28.5,28.45,250,28.5,250,750,206750
BAJFINANCE30JAN204300CE.NFO,07/01/2020,09:17:35,28.5,28.45,250,28.5,250,0,206750
BAJFINANCE30JAN204300CE.NFO,07/01/2020,09:17:38,28.45,28.4,500,28.5,250,250,206750
BAJFINANCE30JAN204300CE.NFO,07/01/2020,09:17:39,28.45,28.4,250,28.5,250,0,206750
BAJFINANCE30JAN204300CE.NFO,07/01/2020,09:17:40,28.45,28.35,250,28.5,250,0,206750
BAJFINANCE30JAN204300CE.NFO,07/01/2020,09:17:41,28.35,28.15,250,28.5,250,250,206750
BAJFINANCE30JAN204300CE.NFO,07/01/2020,09:17:42,28.35,28,750,28.5,750,0,206750
BAJFINANCE30JAN204300CE.NFO,07/01/2020,09:17:43,28.45,28.15,250,28.5,750,250,206750
BAJFINANCE30JAN204300CE.NFO,07/01/2020,09:17:44,28.45,28.15,250,28.5,750,0,206750
BAJFINANCE30JAN204300CE.NFO,07/01/2020,09:17:45,28.45,28.1,250,28.5,750,0,206750
BAJFINANCE30JAN204300CE.NFO,07/01/2020,09:17:46,28.45,28.05,250,28.5,750,0,206750
BAJFINANCE30JAN204300CE.NFO,07/01/2020,09:17:47,28.45,28.05,250,28.4,250,0,206750
BAJFINANCE30JAN204300CE.NFO,07/01/2020,09:17:48,28.4,28.05,250,28.5,750,250,206750
BAJFINANCE30JAN204300CE.NFO,07/01/2020,09:17:49,28.4,28.05,250,28.5,750,0,206750
BAJFINANCE30JAN204300CE.NFO,07/01/2020,09:17:50,28.4,28,750,28.5,750,0,206750
BAJFINANCE30JAN204300CE.NFO,07/01/2020,09:17:51,28.4,28.05,500,28.5,750,0,206750
BAJFINANCE30JAN204300CE.NFO,07/01/2020,09:17:52,28.4,28,750,28.45,250,0,206750
BAJFINANCE30JAN204300CE.NFO,07/01/2020,09:17:53,27,27.6,500,28.4,250,1250,206750
BAJFINANCE30JAN204300CE.NFO,07/01/2020,09:17:54,27,27.9,250,28.4,250,0,206750
BAJFINANCE30JAN204300CE.NFO,07/01/2020,09:17:55,27,27.95,250,28.45,500,0,206750
BAJFINANCE30JAN204300CE.NFO,07/01/2020,09:17:56,27,27.95,250,28.4,250,0,206750
BAJFINANCE30JAN204300CE.NFO,07/01/2020,09:17:57,28.4,27.95,250,28.5,750,250,206750
BAJFINANCE30JAN204300CE.NFO,07/01/2020,09:17:58,28.4,28.05,250,28.45,250,0,206750
BAJFINANCE30JAN204300CE.NFO,07/01/2020,09:17:59,28.05,28.05,250,28.5,750,250,206750
BAJFINANCE30JAN204300CE.NFO,07/01/2020,09:18:00,28.05,28.05,250,28.5,750,0,206750
BAJFINANCE30JAN204300CE.NFO,07/01/2020,09:18:01,28.05,28.15,250,28.5,750,0,206750
BAJFINANCE30JAN204300CE.NFO,07/01/2020,09:18:02,28.05,28.2,250,28.5,750,0,206750
BAJFINANCE30JAN204300CE.NFO,07/01/2020,09:18:03,28.05,28.25,250,28.5,750,0,206750
BAJFINANCE30JAN204300CE.NFO,07/01/2020,09:18:04,28.5,28.25,500,28.8,250,750,206750
BAJFINANCE30JAN204300CE.NFO,07/01/2020,09:18:05,28.5,28.3,500,28.8,250,0,206750
BAJFINANCE30JAN204300CE.NFO,07/01/2020,09:18:06,28.5,28.45,250,28.8,250,0,206750
BAJFINANCE30JAN204300CE.NFO,07/01/2020,09:18:07,28.5,28.5,500,28.8,250,0,206750
BAJFINANCE30JAN204300CE.NFO,07/01/2020,09:18:08,28.5,28.1,250,28.75,250,250,206750
BAJFINANCE30JAN204300CE.NFO,07/01/2020,09:18:09,28.5,28.1,250,28.75,250,0,206750
BAJFINANCE30JAN204300CE.NFO,07/01/2020,09:18:10,28.75,28.15,250,28.7,250,250,206750
BAJFINANCE30JAN204300CE.NFO,07/01/2020,09:18:11,28.75,28.15,250,28.7,250,0,206750
BAJFINANCE30JAN204300CE.NFO,07/01/2020,09:18:12,28.75,28.2,250,28.75,250,0,206750
BAJFINANCE30JAN204300CE.NFO,07/01/2020,09:18:13,28.75,28.4,250,28.8,250,0,206750
BAJFINANCE30JAN204300CE.NFO,07/01/2020,09:18:14,28.8,28.6,250,29,500,250,206750
BAJFINANCE30JAN204300CE.NFO,07/01/2020,09:18:15,28.8,28.55,250,29,500,0,206750
BAJFINANCE30JAN204300CE.NFO,07/01/2020,09:18:16,28.8,28.4,250,28.9,250,0,206750
BAJFINANCE30JAN204300CE.NFO,07/01/2020,09:18:17,28.8,28.5,250,29,500,0,206750
BAJFINANCE30JAN204300CE.NFO,07/01/2020,09:18:18,28.8,28.5,500,29,500,0,206750
BAJFINANCE30JAN204300CE.NFO,07/01/2020,09:18:19,28.8,28.55,250,29,500,0,206750
BAJFINANCE30JAN204300CE.NFO,07/01/2020,09:18:20,28.9,28.5,500,29,1000,250,206750
BAJFINANCE30JAN204300CE.NFO,07/01/2020,09:18:21,28.9,28.7,250,29,500,0,206750
BAJFINANCE30JAN204300CE.NFO,07/01/2020,09:18:22,28.9,28.6,250,29,500,0,206750
BAJFINANCE30JAN204300CE.NFO,07/01/2020,09:18:23,28.75,28.55,500,29,500,500,206750
BAJFINANCE30JAN204300CE.NFO,07/01/2020,09:18:24,28.75,28.5,500,29,500,0,206750
BAJFINANCE30JAN204300CE.NFO,07/01/2020,09:18:28,28.75,28.5,250,29,500,0,206750
BAJFINANCE30JAN204300CE.NFO,07/01/2020,09:18:29,28.75,28.5,250,28.95,250,0,206750
BAJFINANCE30JAN204300CE.NFO,07/01/2020,09:18:30,28.5,28.25,250,28.9,500,250,206750
BAJFINANCE30JAN204300CE.NFO,07/01/2020,09:18:31,28.5,28.4,250,29,500,0,206750
BAJFINANCE30JAN204300CE.NFO,07/01/2020,09:18:32,28.5,28.35,500,29,1000,0,206750
BAJFINANCE30JAN204300CE.NFO,07/01/2020,09:18:33,28.5,28.35,250,28.85,250,0,206750
BAJFINANCE30JAN204300CE.NFO,07/01/2020,09:18:34,28.5,28.55,500,29,500,0,206750
BAJFINANCE30JAN204300CE.NFO,07/01/2020,09:18:35,28.5,28.45,500,29,500,0,206750
BAJFINANCE30JAN204300CE.NFO,07/01/2020,09:18:36,28.5,28.4,500,29,500,0,206750
BAJFINANCE30JAN204300CE.NFO,07/01/2020,09:18:38,28.5,28.45,250,28.95,250,0,206750
BAJFINANCE30JAN204300CE.NFO,07/01/2020,09:18:39,28.5,28.5,500,29,500,0,206750
BAJFINANCE30JAN204300CE.NFO,07/01/2020,09:18:40,28.5,28.55,250,29,500,0,206750
BAJFINANCE30JAN204300CE.NFO,07/01/2020,09:18:41,28.5,28.4,500,29,500,1000,206750
BAJFINANCE30JAN204300CE.NFO,07/01/2020,09:18:42,28.5,28.4,1000,29,500,0,206750
BAJFINANCE30JAN204300CE.NFO,07/01/2020,09:18:43,28.5,28.4,1000,28.75,250,0,206750
BAJFINANCE30JAN204300CE.NFO,07/01/2020,09:18:44,28.75,28.7,500,29,500,250,206750
BAJFINANCE30JAN204300CE.NFO,07/01/2020,09:18:45,28.75,28.65,250,29,500,0,206750
BAJFINANCE30JAN204300CE.NFO,07/01/2020,09:18:46,29,28.65,500,29,250,250,206750
BAJFINANCE30JAN204300CE.NFO,07/01/2020,09:18:47,29,28.75,500,29,250,0,206750
BAJFINANCE30JAN204300CE.NFO,07/01/2020,09:18:49,29,28.75,250,29.1,250,250,206750
BAJFINANCE30JAN204300CE.NFO,07/01/2020,09:18:50,29,28.85,250,29.1,250,0,206750
BAJFINANCE30JAN204300CE.NFO,07/01/2020,09:18:51,29,28.7,250,29.05,250,0,206750
BAJFINANCE30JAN204300CE.NFO,07/01/2020,09:18:52,29,28.5,250,29.05,250,0,206750
BAJFINANCE30JAN204300CE.NFO,07/01/2020,09:18:53,29,28.15,250,28.85,250,0,206750
BAJFINANCE30JAN204300CE.NFO,07/01/2020,09:18:54,29,28.15,500,28.65,250,0,206750
BAJFINANCE30JAN204300CE.NFO,07/01/2020,09:18:55,29,28.45,250,28.85,250,0,206750
BAJFINANCE30JAN204300CE.NFO,07/01/2020,09:18:56,29,28.2,250,28.8,250,0,206750
BAJFINANCE30JAN204300CE.NFO,07/01/2020,09:18:57,29,28.2,250,28.75,500,0,206750
BAJFINANCE30JAN204300CE.NFO,07/01/2020,09:18:58,29,28.2,500,28.85,250,0,206750
BAJFINANCE30JAN204300CE.NFO,07/01/2020,09:18:59,29,28.3,250,28.85,250,0,206750
BAJFINANCE30JAN204300CE.NFO,07/01/2020,09:19:01,29,28.2,500,29,250,0,206750
BAJFINANCE30JAN204300CE.NFO,07/01/2020,09:19:02,29,28.2,1000,29,250,0,206750
BAJFINANCE30JAN204300CE.NFO,07/01/2020,09:19:03,29,28.2,500,29,250,0,206750
BAJFINANCE30JAN204300CE.NFO,07/01/2020,09:19:04,29,28.25,500,29,250,1000,206750
BAJFINANCE30JAN204300CE.NFO,07/01/2020,09:19:05,29,28.25,250,28.9,500,0,206750
BAJFINANCE30JAN204300CE.NFO,07/01/2020,09:19:06,29,28.05,250,28.95,250,0,206750
BAJFINANCE30JAN204300CE.NFO,07/01/2020,09:19:07,28.2,28.15,250,29,250,250,206750
BAJFINANCE30JAN204300CE.NFO,07/01/2020,09:19:08,28.2,28.15,250,28.8,250,0,206750
BAJFINANCE30JAN204300CE.NFO,07/01/2020,09:19:09,28.2,28.3,500,28.8,250,0,206750
BAJFINANCE30JAN204300CE.NFO,07/01/2020,09:19:10,28.2,28.4,250,28.75,250,0,206750
BAJFINANCE30JAN204300CE.NFO,07/01/2020,09:19:11,28.8,28.4,250,29,250,250,206750
BAJFINANCE30JAN204300CE.NFO,07/01/2020,09:19:12,28.8,28.45,250,29,250,0,206750
BAJFINANCE30JAN204300CE.NFO,07/01/2020,09:19:13,28.8,28.55,250,29.05,250,0,206750
BAJFINANCE30JAN204300CE.NFO,07/01/2020,09:19:14,28.8,28.75,250,29.05,250,0,206750
BAJFINANCE30JAN204300CE.NFO,07/01/2020,09:19:15,29.05,28.75,250,29.1,250,250,206750
BAJFINANCE30JAN204300CE.NFO,07/01/2020,09:19:16,29.05,28.85,500,29.1,250,0,206750
BAJFINANCE30JAN204300CE.NFO,07/01/2020,09:19:17,28.85,28.5,250,29,250,500,206750
BAJFINANCE30JAN204300CE.NFO,07/01/2020,09:19:18,28.85,28.5,500,29,250,0,206750
BAJFINANCE30JAN204300CE.NFO,07/01/2020,09:19:19,28.85,28.8,250,29,250,0,206750
BAJFINANCE30JAN204300CE.NFO,07/01/2020,09:19:20,28.8,28.5,250,28.95,250,250,206750
BAJFINANCE30JAN204300CE.NFO,07/01/2020,09:19:21,28.8,28.8,250,29,250,0,206750
BAJFINANCE30JAN204300CE.NFO,07/01/2020,09:19:23,29,28.8,250,29.1,250,250,206750
BAJFINANCE30JAN204300CE.NFO,07/01/2020,09:19:24,29,28.8,250,29.05,250,0,206750
BAJFINANCE30JAN204300CE.NFO,07/01/2020,09:19:25,29.05,28.8,250,29.1,250,250,206750
BAJFINANCE30JAN204300CE.NFO,07/01/2020,09:19:26,29.1,28.85,250,29.25,250,500,206750
BAJFINANCE30JAN204300CE.NFO,07/01/2020,09:19:27,29.1,28.85,250,29.25,250,0,206750
BAJFINANCE30JAN204300CE.NFO,07/01/2020,09:19:28,29.1,28.85,250,29.35,500,0,206750
BAJFINANCE30JAN204300CE.NFO,07/01/2020,09:19:29,29.1,29.1,500,29.4,250,0,206750
BAJFINANCE30JAN204300CE.NFO,07/01/2020,09:19:30,29.1,29.15,250,29.45,250,0,206750
BAJFINANCE30JAN204300CE.NFO,07/01/2020,09:19:31,29.1,28.9,250,29.5,500,500,206750
BAJFINANCE30JAN204300CE.NFO,07/01/2020,09:19:32,29.1,28.9,250,29.5,500,0,206750
BAJFINANCE30JAN204300CE.NFO,07/01/2020,09:19:33,29.1,28.85,250,29.3,250,0,206750
BAJFINANCE30JAN204300CE.NFO,07/01/2020,09:19:34,29.1,28.85,250,29.35,500,0,206750
BAJFINANCE30JAN204300CE.NFO,07/01/2020,09:19:35,28.85,28.8,250,29.2,250,250,206750
BAJFINANCE30JAN204300CE.NFO,07/01/2020,09:19:36,28.8,28.2,500,28.95,500,250,206750
BAJFINANCE30JAN204300CE.NFO,07/01/2020,09:19:37,28.9,28.35,250,29.05,500,250,206750
BAJFINANCE30JAN204300CE.NFO,07/01/2020,09:19:38,28.9,28.4,1000,29.1,500,0,206750
BAJFINANCE30JAN204300CE.NFO,07/01/2020,09:19:39,28.9,28.55,250,29.1,250,0,206750
BAJFINANCE30JAN204300CE.NFO,07/01/2020,09:19:40,28.9,28.55,500,29.1,250,0,206750
BAJFINANCE30JAN204300CE.NFO,07/01/2020,09:19:41,29.05,28.5,250,29.1,250,250,206750
BAJFINANCE30JAN204300CE.NFO,07/01/2020,09:19:42,29.05,28.55,250,29.05,250,0,206750
BAJFINANCE30JAN204300CE.NFO,07/01/2020,09:19:43,29,28.6,2000,29.05,250,250,206750
BAJFINANCE30JAN204300CE.NFO,07/01/2020,09:19:44,29,28.4,2000,28.95,250,0,206750
BAJFINANCE30JAN204300CE.NFO,07/01/2020,09:19:45,28.65,28.45,500,28.9,250,250,206750
BAJFINANCE30JAN204300CE.NFO,07/01/2020,09:19:46,28.65,28.45,2500,28.9,250,0,206750
BAJFINANCE30JAN204300CE.NFO,07/01/2020,09:19:48,28.65,28.45,250,28.8,250,0,206750
BAJFINANCE30JAN204300CE.NFO,07/01/2020,09:19:50,28.45,28.4,250,28.8,250,250,206750
BAJFINANCE30JAN204300CE.NFO,07/01/2020,09:19:51,28.45,28.2,2000,28.8,500,0,206750
BAJFINANCE30JAN204300CE.NFO,07/01/2020,09:19:52,28.45,28.25,2500,28.8,250,0,206750
BAJFINANCE30JAN204300CE.NFO,07/01/2020,09:19:53,28.45,28.25,250,28.65,250,0,206750
BAJFINANCE30JAN204300CE.NFO,07/01/2020,09:19:54,28.45,28.15,2250,28.65,500,0,206750
BAJFINANCE30JAN204300CE.NFO,07/01/2020,09:19:55,28.45,28.25,250,28.65,500,0,206750
BAJFINANCE30JAN204300CE.NFO,07/01/2020,09:19:56,28.1,28.1,1750,28.5,250,250,206750
BAJFINANCE30JAN204300CE.NFO,07/01/2020,09:19:57,28.1,28.15,250,28.5,250,0,206750
BAJFINANCE30JAN204300CE.NFO,07/01/2020,09:19:58,28.65,28.4,250,28.8,250,500,206750
BAJFINANCE30JAN204300CE.NFO,07/01/2020,09:19:59,28.65,28.4,250,28.8,250,0,206750
BAJFINANCE30JAN204300CE.NFO,07/01/2020,09:20:00,28.65,28.5,250,28.8,250,0,206750
BAJFINANCE30JAN204300CE.NFO,07/01/2020,09:20:01,28.65,28.4,2000,28.8,500,0,206750
BAJFINANCE30JAN204300CE.NFO,07/01/2020,09:20:02,28.65,28.45,250,28.8,250,0,206750
BAJFINANCE30JAN204300CE.NFO,07/01/2020,09:20:03,28.65,28.45,2250,28.8,250,0,206750
BAJFINANCE30JAN204300CE.NFO,07/01/2020,09:20:04,28.65,28.35,250,28.8,500,0,206750
BAJFINANCE30JAN204300CE.NFO,07/01/2020,09:20:05,28.65,28.2,250,28.8,500,0,206750
BAJFINANCE30JAN204300CE.NFO,07/01/2020,09:20:06,28.65,28.15,250,28.6,250,0,206750
BAJFINANCE30JAN204300CE.NFO,07/01/2020,09:20:07,28.65,28.6,250,28.75,250,0,206750
BAJFINANCE30JAN204300CE.NFO,07/01/2020,09:20:08,28.6,28.55,250,28.75,250,750,206750
BAJFINANCE30JAN204300CE.NFO,07/01/2020,09:20:09,28.75,28.55,250,28.8,250,500,206750
BAJFINANCE30JAN204300CE.NFO,07/01/2020,09:20:10,28.75,28.55,250,28.8,500,0,206750
BAJFINANCE30JAN204300CE.NFO,07/01/2020,09:20:13,28.8,28.75,250,28.8,250,1000,206500
BAJFINANCE30JAN204300CE.NFO,07/01/2020,09:20:14,28.8,28.75,250,28.95,250,250,206500
BAJFINANCE30JAN204300CE.NFO,07/01/2020,09:20:15,28.8,28.75,250,28.95,250,0,206500
BAJFINANCE30JAN204300CE.NFO,07/01/2020,09:20:17,28.95,28.75,250,29,1250,250,206500
BAJFINANCE30JAN204300CE.NFO,07/01/2020,09:20:20,28.75,28.55,250,28.75,750,250,206500
BAJFINANCE30JAN204300CE.NFO,07/01/2020,09:20:21,28.75,28.55,250,28.7,1000,0,206500
BAJFINANCE30JAN204300CE.NFO,07/01/2020,09:20:22,28.75,28.55,250,28.9,250,250,206500
BAJFINANCE30JAN204300CE.NFO,07/01/2020,09:20:23,28.75,28.55,250,28.9,250,0,206500
BAJFINANCE30JAN204300CE.NFO,07/01/2020,09:20:24,28.75,28.55,500,28.9,250,0,206500
BAJFINANCE30JAN204300CE.NFO,07/01/2020,09:20:25,28.75,28.55,250,28.9,250,0,206500
BAJFINANCE30JAN204300CE.NFO,07/01/2020,09:20:26,28.75,28.55,250,28.95,250,0,206500
BAJFINANCE30JAN204300CE.NFO,07/01/2020,09:20:27,28.75,28.55,250,28.9,250,0,206500
BAJFINANCE30JAN204300CE.NFO,07/01/2020,09:20:28,28.75,28.55,250,28.85,250,0,206500
BAJFINANCE30JAN204300CE.NFO,07/01/2020,09:20:30,28.75,28.55,250,28.95,750,0,206500
BAJFINANCE30JAN204300CE.NFO,07/01/2020,09:20:31,28.75,28.6,250,28.9,250,0,206500
BAJFINANCE30JAN204300CE.NFO,07/01/2020,09:20:32,28.9,28.6,250,29,1250,250,206500
BAJFINANCE30JAN204300CE.NFO,07/01/2020,09:20:33,28.9,28.55,250,28.95,250,0,206500
BAJFINANCE30JAN204300CE.NFO,07/01/2020,09:20:35,28.9,28.6,250,29,1250,0,206500
BAJFINANCE30JAN204300CE.NFO,07/01/2020,09:20:36,28.9,28.65,250,29,1250,0,206500
BAJFINANCE30JAN204300CE.NFO,07/01/2020,09:20:37,28.9,28.65,250,29,1750,0,206500
BAJFINANCE30JAN204300CE.NFO,07/01/2020,09:20:38,28.9,28.6,250,29,1750,0,206500
BAJFINANCE30JAN204300CE.NFO,07/01/2020,09:20:40,28.9,28.6,500,29,1750,0,206500
BAJFINANCE30JAN204300CE.NFO,07/01/2020,09:20:41,28.9,28.65,250,29,1750,0,206500
BAJFINANCE30JAN204300CE.NFO,07/01/2020,09:20:42,29,28.65,250,29,1500,250,206500
BAJFINANCE30JAN204300CE.NFO,07/01/2020,09:20:43,29,28.55,250,28.9,500,0,206500
BAJFINANCE30JAN204300CE.NFO,07/01/2020,09:20:44,28.9,28.6,250,28.9,250,250,206500
BAJFINANCE30JAN204300CE.NFO,07/01/2020,09:20:45,28.9,28.6,250,28.9,250,0,206500
BAJFINANCE30JAN204300CE.NFO,07/01/2020,09:20:46,29,28.75,250,29.1,500,1500,206500
BAJFINANCE30JAN204300CE.NFO,07/01/2020,09:20:47,29,28.75,250,29.1,750,0,206500
BAJFINANCE30JAN204300CE.NFO,07/01/2020,09:20:48,29,28.7,250,29.1,1250,0,206500
BAJFINANCE30JAN204300CE.NFO,07/01/2020,09:20:49,29,28.7,250,29,250,0,206500
BAJFINANCE30JAN204300CE.NFO,07/01/2020,09:20:50,29.1,29.05,250,29.7,250,750,206500
BAJFINANCE30JAN204300CE.NFO,07/01/2020,09:20:51,29.1,29.2,250,29.65,750,0,206500
BAJFINANCE30JAN204300CE.NFO,07/01/2020,09:20:52,29.2,29.1,2000,29.6,250,250,206500
BAJFINANCE30JAN204300CE.NFO,07/01/2020,09:20:53,29.2,29.1,2250,29.4,750,0,206500
BAJFINANCE30JAN204300CE.NFO,07/01/2020,09:20:54,29.2,29.2,2250,29.4,750,0,206500
BAJFINANCE30JAN204300CE.NFO,07/01/2020,09:20:55,29.4,29.15,250,29.6,750,750,206500
BAJFINANCE30JAN204300CE.NFO,07/01/2020,09:20:56,29.15,29.05,2000,29.6,750,250,206500
BAJFINANCE30JAN204300CE.NFO,07/01/2020,09:20:57,29.25,29.45,2000,29.6,750,1000,206500
BAJFINANCE30JAN204300CE.NFO,07/01/2020,09:20:58,29.6,29.35,250,29.6,500,250,206500
BAJFINANCE30JAN204300CE.NFO,07/01/2020,09:20:59,29.45,29.05,250,29.45,500,2250,206500
BAJFINANCE30JAN204300CE.NFO,07/01/2020,09:21:00,29.45,29.05,250,29.5,250,1000,206500
BAJFINANCE30JAN204300CE.NFO,07/01/2020,09:21:01,29.45,29.05,250,29.55,250,0,206500
BAJFINANCE30JAN204300CE.NFO,07/01/2020,09:21:02,29.45,29.05,250,29.4,250,0,206500
BAJFINANCE30JAN204300CE.NFO,07/01/2020,09:21:03,29.45,29,250,29.5,500,0,206500
BAJFINANCE30JAN204300CE.NFO,07/01/2020,09:21:05,29.45,29.05,250,29.5,500,0,206500
BAJFINANCE30JAN204300CE.NFO,07/01/2020,09:21:07,29.45,29.05,250,29.65,500,0,206500
BAJFINANCE30JAN204300CE.NFO,07/01/2020,09:21:08,29.45,29.05,500,29.5,250,0,206500
BAJFINANCE30JAN204300CE.NFO,07/01/2020,09:21:09,29.6,29.1,500,29.7,250,500,206500
BAJFINANCE30JAN204300CE.NFO,07/01/2020,09:21:10,29.9,30,250,30.1,250,750,206500
BAJFINANCE30JAN204300CE.NFO,07/01/2020,09:21:11,30,29.55,250,30.2,250,250,206500
BAJFINANCE30JAN204300CE.NFO,07/01/2020,09:21:12,30,29.85,750,30.75,500,0,206500
BAJFINANCE30JAN204300CE.NFO,07/01/2020,09:21:13,30,30.05,250,30.75,250,0,206500
BAJFINANCE30JAN204300CE.NFO,07/01/2020,09:21:15,30,30.1,250,30.8,250,0,206500
BAJFINANCE30JAN204300CE.NFO,07/01/2020,09:21:16,30.3,29.95,1000,30.75,500,250,206500
BAJFINANCE30JAN204300CE.NFO,07/01/2020,09:21:17,30.3,29.65,250,30.55,500,0,206500
BAJFINANCE30JAN204300CE.NFO,07/01/2020,09:21:18,30.3,29.75,1000,30.45,250,0,206500
BAJFINANCE30JAN204300CE.NFO,07/01/2020,09:21:19,30.3,29.75,1000,30.5,750,0,206500
BAJFINANCE30JAN204300CE.NFO,07/01/2020,09:21:20,30.3,29.75,1000,30.45,250,0,206500
BAJFINANCE30JAN204300CE.NFO,07/01/2020,09:21:21,30.3,30,250,30.35,750,0,206500
BAJFINANCE30JAN204300CE.NFO,07/01/2020,09:21:22,29.7,29.5,250,30.15,250,500,206500
BAJFINANCE30JAN204300CE.NFO,07/01/2020,09:21:23,29.85,29.45,250,29.9,250,250,206500
BAJFINANCE30JAN204300CE.NFO,07/01/2020,09:21:24,29.9,29.5,250,30,500,250,206500
BAJFINANCE30JAN204300CE.NFO,07/01/2020,09:21:25,29.9,29.5,250,30.05,250,0,206500
BAJFINANCE30JAN204300CE.NFO,07/01/2020,09:21:26,29.9,29.45,250,29.95,250,0,206500
BAJFINANCE30JAN204300CE.NFO,07/01/2020,09:21:27,29.9,29.55,250,30.1,250,0,206500
BAJFINANCE30JAN204300CE.NFO,07/01/2020,09:21:28,29.9,29.7,250,30.4,750,0,206500
BAJFINANCE30JAN204300CE.NFO,07/01/2020,09:21:29,29.9,29.7,250,30.35,500,0,206500
BAJFINANCE30JAN204300CE.NFO,07/01/2020,09:21:30,29.9,29.7,250,30.25,250,0,206500
BAJFINANCE30JAN204300CE.NFO,07/01/2020,09:21:31,29.9,29.9,250,30.25,250,0,206500
BAJFINANCE30JAN204300CE.NFO,07/01/2020,09:21:32,29.9,29.5,250,30.15,500,250,206500
BAJFINANCE30JAN204300CE.NFO,07/01/2020,09:21:33,29.9,29.45,500,30,250,0,206500
BAJFINANCE30JAN204300CE.NFO,07/01/2020,09:21:34,29.9,29.5,250,29.95,250,0,206500
BAJFINANCE30JAN204300CE.NFO,07/01/2020,09:21:35,29.9,29.5,250,29.75,500,0,206500
BAJFINANCE30JAN204300CE.NFO,07/01/2020,09:21:36,29.75,29.5,1000,30.2,500,500,206500
BAJFINANCE30JAN204300CE.NFO,07/01/2020,09:21:37,29.75,30,250,30.15,250,0,206500
BAJFINANCE30JAN204300CE.NFO,07/01/2020,09:21:38,29.75,30,250,30.25,500,0,206500
BAJFINANCE30JAN204300CE.NFO,07/01/2020,09:21:39,30,29.65,250,30.3,1000,250,206500
BAJFINANCE30JAN204300CE.NFO,07/01/2020,09:21:40,30.25,29.85,500,30.5,250,250,206500
BAJFINANCE30JAN204300CE.NFO,07/01/2020,09:21:41,30.25,29.85,500,30.5,250,0,206500
BAJFINANCE30JAN204300CE.NFO,07/01/2020,09:21:42,30.25,30,500,30.55,250,0,206500
BAJFINANCE30JAN204300CE.NFO,07/01/2020,09:21:43,30.25,30,500,30.65,250,0,206500
BAJFINANCE30JAN204300CE.NFO,07/01/2020,09:21:44,30.65,30.05,250,30.65,500,250,206500
BAJFINANCE30JAN204300CE.NFO,07/01/2020,09:21:45,30.05,30,500,30.6,500,250,206500
BAJFINANCE30JAN204300CE.NFO,07/01/2020,09:21:46,30,29.9,250,30.55,250,500,206500
BAJFINANCE30JAN204300CE.NFO,07/01/2020,09:21:47,30,29.9,250,30.55,250,0,206500
BAJFINANCE30JAN204300CE.NFO,07/01/2020,09:21:48,30,30.05,250,30.55,250,0,206500
BAJFINANCE30JAN204300CE.NFO,07/01/2020,09:21:49,30,30.6,250,30.65,250,0,206500
BAJFINANCE30JAN204300CE.NFO,07/01/2020,09:21:50,30.6,30.1,250,30.65,250,250,206500
BAJFINANCE30JAN204300CE.NFO,07/01/2020,09:21:51,30.6,30.1,250,30.65,250,0,206500
BAJFINANCE30JAN204300CE.NFO,07/01/2020,09:21:52,30.6,30.05,250,30.55,250,0,206500
BAJFINANCE30JAN204300CE.NFO,07/01/2020,09:21:54,30.65,30.15,500,30.65,500,500,206500
BAJFINANCE30JAN204300CE.NFO,07/01/2020,09:21:55,30.1,30,250,30.6,1000,500,206500
BAJFINANCE30JAN204300CE.NFO,07/01/2020,09:21:56,30.6,30.05,250,30.6,750,250,206500
BAJFINANCE30JAN204300CE.NFO,07/01/2020,09:21:57,30,29.75,250,30.1,250,250,206500
BAJFINANCE30JAN204300CE.NFO,07/01/2020,09:21:58,30,29.7,750,30.1,250,0,206500
BAJFINANCE30JAN204300CE.NFO,07/01/2020,09:22:00,29.95,29.75,750,30.55,500,250,206500
BAJFINANCE30JAN204300CE.NFO,07/01/2020,09:22:01,30,30.1,250,30.4,250,250,206500
BAJFINANCE30JAN204300CE.NFO,07/01/2020,09:22:02,30,30.1,250,30.5,250,0,206500
BAJFINANCE30JAN204300CE.NFO,07/01/2020,09:22:04,30,30.15,250,30.6,250,0,206500
BAJFINANCE30JAN204300CE.NFO,07/01/2020,09:22:05,30.15,30.15,250,30.6,250,250,206500
BAJFINANCE30JAN204300CE.NFO,07/01/2020,09:22:06,30.15,30.15,250,30.6,250,0,206500
BAJFINANCE30JAN204300CE.NFO,07/01/2020,09:22:07,30.15,30.1,250,30.45,250,0,206500
BAJFINANCE30JAN204300CE.NFO,07/01/2020,09:22:08,30.15,30.1,250,30.5,250,0,206500
BAJFINANCE30JAN204300CE.NFO,07/01/2020,09:22:09,30.15,30.1,250,30.45,250,0,206500
BAJFINANCE30JAN204300CE.NFO,07/01/2020,09:22:11,30.4,30,250,30.75,750,500,206500
BAJFINANCE30JAN204300CE.NFO,07/01/2020,09:22:12,30.4,30.05,250,30.7,750,0,206500
BAJFINANCE30JAN204300CE.NFO,07/01/2020,09:22:13,30.4,30.15,250,30.7,500,0,206500
BAJFINANCE30JAN204300CE.NFO,07/01/2020,09:22:14,30.4,30.05,250,30.65,250,0,206500
BAJFINANCE30JAN204300CE.NFO,07/01/2020,09:22:15,30.25,30.2,250,30.9,250,250,206500
BAJFINANCE30JAN204300CE.NFO,07/01/2020,09:22:16,30.1,30.05,250,30.85,1000,500,206500
BAJFINANCE30JAN204300CE.NFO,07/01/2020,09:22:17,30.1,30,250,30.85,1000,0,206500
BAJFINANCE30JAN204300CE.NFO,07/01/2020,09:22:18,30.1,30.05,250,30.85,1000,0,206500
BAJFINANCE30JAN204300CE.NFO,07/01/2020,09:22:19,30.05,30.05,250,30.6,250,1250,206500
BAJFINANCE30JAN204300CE.NFO,07/01/2020,09:22:20,30.85,30.35,750,30.8,250,2250,206500
BAJFINANCE30JAN204300CE.NFO,07/01/2020,09:22:21,30.85,30.55,500,31,500,0,206500
BAJFINANCE30JAN204300CE.NFO,07/01/2020,09:22:25,31,30.7,500,31.25,250,250,206500
BAJFINANCE30JAN204300CE.NFO,07/01/2020,09:22:26,31,30.7,500,31.25,250,0,206500
BAJFINANCE30JAN204300CE.NFO,07/01/2020,09:22:27,31,30.5,500,31.05,250,0,206500
BAJFINANCE30JAN204300CE.NFO,07/01/2020,09:22:28,31,30.7,250,31.2,250,0,206500
BAJFINANCE30JAN204300CE.NFO,07/01/2020,09:22:29,31,30.7,750,31.2,1000,0,206500
BAJFINANCE30JAN204300CE.NFO,07/01/2020,09:22:30,31,30.4,500,30.85,500,0,206500
BAJFINANCE30JAN204300CE.NFO,07/01/2020,09:22:31,30.65,30.45,250,30.9,250,250,206500
BAJFINANCE30JAN204300CE.NFO,07/01/2020,09:22:32,30.65,30.45,1000,30.9,250,0,206500
BAJFINANCE30JAN204300CE.NFO,07/01/2020,09:22:33,30.9,30.7,1000,31.25,1000,250,206500
BAJFINANCE30JAN204300CE.NFO,07/01/2020,09:22:34,30.9,30.7,250,31.15,250,0,206500
BAJFINANCE30JAN204300CE.NFO,07/01/2020,09:22:35,30.9,30.75,250,31.25,1000,0,206500
BAJFINANCE30JAN204300CE.NFO,07/01/2020,09:22:36,31,30.7,250,31.25,250,250,206500
BAJFINANCE30JAN204300CE.NFO,07/01/2020,09:22:37,31,31.05,1000,31.8,250,0,206500
BAJFINANCE30JAN204300CE.NFO,07/01/2020,09:22:38,31,31.1,500,31.55,500,0,206500
BAJFINANCE30JAN204300CE.NFO,07/01/2020,09:22:39,31,31.1,500,31.55,1250,0,206500
BAJFINANCE30JAN204300CE.NFO,07/01/2020,09:22:40,31,30.85,500,31.35,250,0,206500
BAJFINANCE30JAN204300CE.NFO,07/01/2020,09:22:41,31,30.95,500,31.45,1000,0,206500
BAJFINANCE30JAN204300CE.NFO,07/01/2020,09:22:42,31,30.95,500,31.35,250,0,206500
BAJFINANCE30JAN204300CE.NFO,07/01/2020,09:22:43,31,30.95,500,31.25,250,0,206500
BAJFINANCE30JAN204300CE.NFO,07/01/2020,09:22:44,31,30.95,1250,31.25,250,0,206500
BAJFINANCE30JAN204300CE.NFO,07/01/2020,09:22:45,31.25,30.95,500,31.4,750,250,206500
BAJFINANCE30JAN204300CE.NFO,07/01/2020,09:22:46,31.25,31.1,750,31.55,250,0,206500
BAJFINANCE30JAN204300CE.NFO,07/01/2020,09:22:47,31.25,31.15,750,31.7,250,0,206500
BAJFINANCE30JAN204300CE.NFO,07/01/2020,09:22:48,31.2,31.1,1250,31.55,750,250,206500
BAJFINANCE30JAN204300CE.NFO,07/01/2020,09:22:49,31.2,31.15,750,31.7,250,0,206500
BAJFINANCE30JAN204300CE.NFO,07/01/2020,09:22:50,31.2,31.15,750,31.7,1000,0,206500
BAJFINANCE30JAN204300CE.NFO,07/01/2020,09:22:51,31.2,31.3,1000,31.7,250,0,206500
BAJFINANCE30JAN204300CE.NFO,07/01/2020,09:22:52,31.3,31.1,750,31.65,750,250,206500
BAJFINANCE30JAN204300CE.NFO,07/01/2020,09:22:53,31.7,31.3,500,31.7,750,250,206500
BAJFINANCE30JAN204300CE.NFO,07/01/2020,09:22:53,31.7,31.3,500,31.7,750,0,206500
BAJFINANCE30JAN204300CE.NFO,07/01/2020,09:22:54,31.7,31.3,500,31.7,750,0,206500
BAJFINANCE30JAN204300CE.NFO,07/01/2020,09:22:55,31.7,31.4,500,31.75,500,0,206500
BAJFINANCE30JAN204300CE.NFO,07/01/2020,09:22:56,31.75,31.4,500,31.75,250,250,206500
BAJFINANCE30JAN204300CE.NFO,07/01/2020,09:22:56,31.75,31.4,500,31.75,250,0,206500
BAJFINANCE30JAN204300CE.NFO,07/01/2020,09:22:57,31.75,31.4,500,31.8,250,0,206500
BAJFINANCE30JAN204300CE.NFO,07/01/2020,09:22:59,31.75,31.7,500,31.8,250,0,206500
BAJFINANCE30JAN204300CE.NFO,07/01/2020,09:23:01,31.8,31.6,500,31.85,750,750,206500
BAJFINANCE30JAN204300CE.NFO,07/01/2020,09:23:01,31.8,31.6,500,31.85,750,0,206500
BAJFINANCE30JAN204300CE.NFO,07/01/2020,09:23:02,31.8,31.75,250,31.85,750,0,206500
BAJFINANCE30JAN204300CE.NFO,07/01/2020,09:23:04,31.8,31.6,500,31.95,750,1000,206500
BAJFINANCE30JAN204300CE.NFO,07/01/2020,09:23:05,31.8,31.65,500,32,3000,0,206500
BAJFINANCE30JAN204300CE.NFO,07/01/2020,09:23:06,31.75,31.65,1250,31.95,250,250,206500
BAJFINANCE30JAN204300CE.NFO,07/01/2020,09:23:07,31.75,31.5,500,31.8,250,0,206500
BAJFINANCE30JAN204300CE.NFO,07/01/2020,09:23:09,31.75,31.5,1250,31.9,750,0,206500
BAJFINANCE30JAN204300CE.NFO,07/01/2020,09:23:10,31.75,31.5,500,31.75,250,0,206500
BAJFINANCE30JAN204300CE.NFO,07/01/2020,09:23:11,31.75,31.55,1250,31.95,500,0,206500
BAJFINANCE30JAN204300CE.NFO,07/01/2020,09:23:12,31.75,31.7,250,31.95,500,0,206500
BAJFINANCE30JAN204300CE.NFO,07/01/2020,09:23:13,31.75,31.7,250,31.9,250,0,206500
BAJFINANCE30JAN204300CE.NFO,07/01/2020,09:23:14,31.7,31.65,750,32,3250,250,211750
BAJFINANCE30JAN204300CE.NFO,07/01/2020,09:23:15,31.7,31.55,3250,31.9,500,0,211750
BAJFINANCE30JAN204300CE.NFO,07/01/2020,09:23:16,31.7,31.65,750,32,3250,0,211750
BAJFINANCE30JAN204300CE.NFO,07/01/2020,09:23:17,31.7,31.6,1250,32,3250,0,211750
BAJFINANCE30JAN204300CE.NFO,07/01/2020,09:23:18,31.85,31.8,500,32.1,250,2750,211750
BAJFINANCE30JAN204300CE.NFO,07/01/2020,09:23:18,32,31.8,500,32.1,250,0,211750
BAJFINANCE30JAN204300CE.NFO,07/01/2020,09:23:19,31.85,31.75,1250,32.1,500,0,211750
BAJFINANCE30JAN204300CE.NFO,07/01/2020,09:23:20,31.85,31.75,750,32.15,500,0,211750
BAJFINANCE30JAN204300CE.NFO,07/01/2020,09:23:21,31.85,31.75,250,32.1,250,0,211750
BAJFINANCE30JAN204300CE.NFO,07/01/2020,09:23:22,31.8,31.8,750,32.2,500,250,211750
BAJFINANCE30JAN204300CE.NFO,07/01/2020,09:23:23,31.75,31.5,250,31.8,1000,1000,211750
BAJFINANCE30JAN204300CE.NFO,07/01/2020,09:23:24,31.75,31.5,250,31.8,1000,0,211750
BAJFINANCE30JAN204300CE.NFO,07/01/2020,09:23:25,31.75,31.5,250,31.75,250,0,211750
BAJFINANCE30JAN204300CE.NFO,07/01/2020,09:23:26,31.75,31.3,500,31.7,750,250,211750
BAJFINANCE30JAN204300CE.NFO,07/01/2020,09:23:27,31.75,31.3,500,31.7,750,0,211750
BAJFINANCE30JAN204300CE.NFO,07/01/2020,09:23:28,31.75,31.2,250,31.7,1000,0,211750
BAJFINANCE30JAN204300CE.NFO,07/01/2020,09:23:29,31.75,31.25,750,31.75,1000,0,211750
BAJFINANCE30JAN204300CE.NFO,07/01/2020,09:23:30,31.75,31.25,750,31.7,750,0,211750
BAJFINANCE30JAN204300CE.NFO,07/01/2020,09:23:31,31.75,31.2,500,31.7,750,0,211750
BAJFINANCE30JAN204300CE.NFO,07/01/2020,09:23:32,31.75,31.2,500,31.5,250,0,211750
BAJFINANCE30JAN204300CE.NFO,07/01/2020,09:23:33,31.3,31.1,250,31.5,250,500,211750
BAJFINANCE30JAN204300CE.NFO,07/01/2020,09:23:34,31.3,31.2,500,31.5,250,0,211750
BAJFINANCE30JAN204300CE.NFO,07/01/2020,09:23:35,31.3,31.15,750,31.5,250,0,211750
BAJFINANCE30JAN204300CE.NFO,07/01/2020,09:23:36,31.5,31.25,250,31.6,750,250,211750
BAJFINANCE30JAN204300CE.NFO,07/01/2020,09:23:37,31.5,31.25,500,31.7,750,0,211750
BAJFINANCE30JAN204300CE.NFO,07/01/2020,09:23:38,31.5,31.25,500,31.8,250,0,211750
BAJFINANCE30JAN204300CE.NFO,07/01/2020,09:23:39,31.5,31.2,750,31.7,1000,0,211750
BAJFINANCE30JAN204300CE.NFO,07/01/2020,09:23:40,31.5,31.3,250,31.75,750,0,211750
BAJFINANCE30JAN204300CE.NFO,07/01/2020,09:23:41,31.5,31.25,250,31.7,250,0,211750
BAJFINANCE30JAN204300CE.NFO,07/01/2020,09:23:42,31.5,31.3,250,31.75,750,0,211750
BAJFINANCE30JAN204300CE.NFO,07/01/2020,09:23:43,31.15,31.05,1250,31.5,500,2500,211750
BAJFINANCE30JAN204300CE.NFO,07/01/2020,09:23:44,31.15,31.05,750,31.45,500,0,211750
BAJFINANCE30JAN204300CE.NFO,07/01/2020,09:23:45,31.15,31.1,1250,31.5,500,0,211750
BAJFINANCE30JAN204300CE.NFO,07/01/2020,09:23:46,30.6,30,250,30.55,250,3000,211750
BAJFINANCE30JAN204300CE.NFO,07/01/2020,09:23:47,30.65,30.6,750,31,1000,250,211750
BAJFINANCE30JAN204300CE.NFO,07/01/2020,09:23:48,30.65,30.6,750,31,1000,0,211750
BAJFINANCE30JAN204300CE.NFO,07/01/2020,09:23:49,30.65,30.7,1250,31.05,500,0,211750
BAJFINANCE30JAN204300CE.NFO,07/01/2020,09:23:50,30.95,30.6,500,31,250,1000,211750
BAJFINANCE30JAN204300CE.NFO,07/01/2020,09:23:51,30.8,30.8,750,31.2,500,1000,211750
BAJFINANCE30JAN204300CE.NFO,07/01/2020,09:23:52,30.8,30.7,750,31.15,750,0,211750
BAJFINANCE30JAN204300CE.NFO,07/01/2020,09:23:53,30.8,30.75,750,31.3,1000,0,211750
BAJFINANCE30JAN204300CE.NFO,07/01/2020,09:23:54,30.8,31,5000,31.15,250,0,211750
BAJFINANCE30JAN204300CE.NFO,07/01/2020,09:23:55,31.3,31.1,250,31.45,250,500,211750
BAJFINANCE30JAN204300CE.NFO,07/01/2020,09:23:56,31.3,31.1,250,31.5,500,0,211750
BAJFINANCE30JAN204300CE.NFO,07/01/2020,09:23:57,31.3,31.15,750,31.5,750,0,211750
BAJFINANCE30JAN204300CE.NFO,07/01/2020,09:23:58,31.2,31.1,750,31.55,1250,250,211750
BAJFINANCE30JAN204300CE.NFO,07/01/2020,09:23:59,31.2,31,5000,31.55,250,0,211750
BAJFINANCE30JAN204300CE.NFO,07/01/2020,09:24:00,31.25,31.25,250,31.6,250,500,211750
BAJFINANCE30JAN204300CE.NFO,07/01/2020,09:24:01,31.25,31.05,750,31.45,250,0,211750
BAJFINANCE30JAN204300CE.NFO,07/01/2020,09:24:03,31.25,31.15,500,31.75,250,0,211750
BAJFINANCE30JAN204300CE.NFO,07/01/2020,09:24:04,31.25,31.15,250,31.6,250,250,211750
BAJFINANCE30JAN204300CE.NFO,07/01/2020,09:24:05,31.2,31,5250,31.65,250,500,211750
BAJFINANCE30JAN204300CE.NFO,07/01/2020,09:24:06,31.2,31,5250,31.6,250,0,211750
BAJFINANCE30JAN204300CE.NFO,07/01/2020,09:24:07,31.2,31,5250,31.55,250,0,211750
BAJFINANCE30JAN204300CE.NFO,07/01/2020,09:24:08,31.45,31.25,250,31.85,250,6500,211750
BAJFINANCE30JAN204300CE.NFO,07/01/2020,09:24:08,32.75,31.25,250,31.85,250,0,211750
BAJFINANCE30JAN204300CE.NFO,07/01/2020,09:24:09,31.45,31.3,750,31.8,250,0,211750
BAJFINANCE30JAN204300CE.NFO,07/01/2020,09:24:10,31.45,31.35,250,31.75,250,0,211750
BAJFINANCE30JAN204300CE.NFO,07/01/2020,09:24:11,31.45,31.3,500,31.75,1000,0,211750
BAJFINANCE30JAN204300CE.NFO,07/01/2020,09:24:13,31.25,31.15,250,31.55,250,250,211750
BAJFINANCE30JAN204300CE.NFO,07/01/2020,09:24:14,31.25,31.2,750,31.95,750,0,211750
BAJFINANCE30JAN204300CE.NFO,07/01/2020,09:24:15,31.25,31.2,1250,31.95,750,0,211750
BAJFINANCE30JAN204300CE.NFO,07/01/2020,09:24:16,31.25,31.55,250,31.9,750,0,211750
BAJFINANCE30JAN204300CE.NFO,07/01/2020,09:24:17,31.55,31.2,500,31.75,500,250,211750
BAJFINANCE30JAN204300CE.NFO,07/01/2020,09:24:18,31.55,31.25,750,31.7,750,0,211750
BAJFINANCE30JAN204300CE.NFO,07/01/2020,09:24:20,31.55,31.25,750,31.75,750,0,211750
BAJFINANCE30JAN204300CE.NFO,07/01/2020,09:24:21,31.55,31.35,1000,32,250,0,211750
BAJFINANCE30JAN204300CE.NFO,07/01/2020,09:24:23,31.55,31.6,250,32,250,0,211750
BAJFINANCE30JAN204300CE.NFO,07/01/2020,09:24:24,31.55,31.55,250,31.95,750,250,211750
BAJFINANCE30JAN204300CE.NFO,07/01/2020,09:24:25,31.55,31.55,250,32.05,250,0,211750
BAJFINANCE30JAN204300CE.NFO,07/01/2020,09:24:26,31.55,31.55,750,31.9,250,0,211750
BAJFINANCE30JAN204300CE.NFO,07/01/2020,09:24:28,31.55,31.55,250,31.9,250,0,211750
BAJFINANCE30JAN204300CE.NFO,07/01/2020,09:24:28,31.55,31.55,250,31.9,1000,0,211750
BAJFINANCE30JAN204300CE.NFO,07/01/2020,09:24:29,31.55,31.45,750,31.85,750,250,211750
BAJFINANCE30JAN204300CE.NFO,07/01/2020,09:24:30,31.9,31.6,750,32.15,250,250,211750
BAJFINANCE30JAN204300CE.NFO,07/01/2020,09:24:31,31.9,31.6,750,32,250,250,211750
BAJFINANCE30JAN204300CE.NFO,07/01/2020,09:24:32,31.9,31.6,750,32,250,0,211750
BAJFINANCE30JAN204300CE.NFO,07/01/2020,09:24:33,32,31.75,250,32.25,750,250,211750
BAJFINANCE30JAN204300CE.NFO,07/01/2020,09:24:35,32,32,1000,32.35,750,0,211750
BAJFINANCE30JAN204300CE.NFO,07/01/2020,09:24:35,32,31.6,500,32.25,250,1000,211750
BAJFINANCE30JAN204300CE.NFO,07/01/2020,09:24:36,32,31.75,1250,32.25,750,0,211750
BAJFINANCE30JAN204300CE.NFO,07/01/2020,09:24:37,32,31.75,750,32.3,1000,0,211750
BAJFINANCE30JAN204300CE.NFO,07/01/2020,09:24:38,32,31.8,250,32.15,250,0,211750
BAJFINANCE30JAN204300CE.NFO,07/01/2020,09:24:39,32,31.75,750,32.3,250,0,211750
BAJFINANCE30JAN204300CE.NFO,07/01/2020,09:24:40,32,31.8,1000,32.35,1000,0,211750
BAJFINANCE30JAN204300CE.NFO,07/01/2020,09:24:41,32.35,32.1,250,32.65,750,250,211750
BAJFINANCE30JAN204300CE.NFO,07/01/2020,09:24:42,32.35,31.95,1000,32.45,500,0,211750
BAJFINANCE30JAN204300CE.NFO,07/01/2020,09:24:43,32.35,31.95,250,32.5,1000,0,211750
BAJFINANCE30JAN204300CE.NFO,07/01/2020,09:24:44,32.35,31.9,250,32.25,500,0,211750
BAJFINANCE30JAN204300CE.NFO,07/01/2020,09:24:45,32.35,31.85,1000,32.2,250,0,211750
BAJFINANCE30JAN204300CE.NFO,07/01/2020,09:24:46,32.35,31.75,1000,32.15,500,0,211750
BAJFINANCE30JAN204300CE.NFO,07/01/2020,09:24:48,32.35,31.6,250,31.95,750,0,211750
BAJFINANCE30JAN204300CE.NFO,07/01/2020,09:24:49,32.35,31.5,250,31.85,250,0,211750
BAJFINANCE30JAN204300CE.NFO,07/01/2020,09:24:50,32.35,31.6,1000,32,1000,0,211750
BAJFINANCE30JAN204300CE.NFO,07/01/2020,09:24:51,32,31.65,250,32.05,750,250,211750
BAJFINANCE30JAN204300CE.NFO,07/01/2020,09:24:52,32,31.8,1000,32.25,1000,0,211750
BAJFINANCE30JAN204300CE.NFO,07/01/2020,09:24:53,32.35,32.1,250,32.45,750,250,211750
BAJFINANCE30JAN204300CE.NFO,07/01/2020,09:24:54,32.1,32.1,750,32.5,500,250,211750
BAJFINANCE30JAN204300CE.NFO,07/01/2020,09:24:55,32.1,32.1,250,32.45,750,0,211750
BAJFINANCE30JAN204300CE.NFO,07/01/2020,09:24:57,32.1,31.9,1250,32.45,250,500,211750
BAJFINANCE30JAN204300CE.NFO,07/01/2020,09:24:57,32.1,31.95,1000,32.35,250,0,211750
BAJFINANCE30JAN204300CE.NFO,07/01/2020,09:24:58,32.1,31.95,250,32.3,750,0,211750
BAJFINANCE30JAN204300CE.NFO,07/01/2020,09:24:59,32.1,32.1,500,32.5,750,0,211750
BAJFINANCE30JAN204300CE.NFO,07/01/2020,09:25:00,32.1,32.15,750,32.55,250,250,211750
BAJFINANCE30JAN204300CE.NFO,07/01/2020,09:25:01,32.1,32.2,750,32.65,250,0,211750
BAJFINANCE30JAN204300CE.NFO,07/01/2020,09:25:02,32.1,32.35,250,32.75,750,0,211750
BAJFINANCE30JAN204300CE.NFO,07/01/2020,09:25:03,32.4,32.3,500,32.75,750,250,211750
BAJFINANCE30JAN204300CE.NFO,07/01/2020,09:25:04,32.4,32.4,1000,32.9,500,0,211750
BAJFINANCE30JAN204300CE.NFO,07/01/2020,09:25:06,32.45,32.45,750,32.85,500,250,211750
BAJFINANCE30JAN204300CE.NFO,07/01/2020,09:25:07,32.45,32.4,750,32.8,250,0,211750
BAJFINANCE30JAN204300CE.NFO,07/01/2020,09:25:08,32.45,32.5,1000,32.9,500,0,211750
BAJFINANCE30JAN204300CE.NFO,07/01/2020,09:25:09,32.45,32.55,500,32.95,500,0,211750
BAJFINANCE30JAN204300CE.NFO,07/01/2020,09:25:10,32.45,32.5,750,32.9,250,0,211750
BAJFINANCE30JAN204300CE.NFO,07/01/2020,09:25:11,32.95,32.75,250,33,1000,500,211750
BAJFINANCE30JAN204300CE.NFO,07/01/2020,09:25:11,32.95,32.75,250,33,1000,0,211750
BAJFINANCE30JAN204300CE.NFO,07/01/2020,09:25:12,32.75,32.55,500,33,1500,250,211750
BAJFINANCE30JAN204300CE.NFO,07/01/2020,09:25:13,33,33,250,33.15,500,1500,211750
BAJFINANCE30JAN204300CE.NFO,07/01/2020,09:25:13,33,33,250,33.15,500,0,211750
BAJFINANCE30JAN204300CE.NFO,07/01/2020,09:25:14,33,32.5,1000,32.95,250,250,211750
BAJFINANCE30JAN204300CE.NFO,07/01/2020,09:25:16,32.5,32.5,500,32.85,250,250,211750
BAJFINANCE30JAN204300CE.NFO,07/01/2020,09:25:16,32.5,32.5,500,32.85,250,0,211750
BAJFINANCE30JAN204300CE.NFO,07/01/2020,09:25:17,32.85,32.65,750,33.05,250,250,211750
BAJFINANCE30JAN204300CE.NFO,07/01/2020,09:25:18,32.85,32.75,250,33.1,750,0,211750
BAJFINANCE30JAN204300CE.NFO,07/01/2020,09:25:19,33,32.75,250,33.1,250,1000,211750
BAJFINANCE30JAN204300CE.NFO,07/01/2020,09:25:19,33.05,32.75,250,33.1,250,0,211750
BAJFINANCE30JAN204300CE.NFO,07/01/2020,09:25:20,33,32.8,750,33.3,250,0,211750
BAJFINANCE30JAN204300CE.NFO,07/01/2020,09:25:21,33.15,33.15,250,33.6,500,250,211750
BAJFINANCE30JAN204300CE.NFO,07/01/2020,09:25:21,33.15,33.15,250,33.6,500,0,211750
BAJFINANCE30JAN204300CE.NFO,07/01/2020,09:25:22,33.15,33.05,1000,33.55,250,0,211750
BAJFINANCE30JAN204300CE.NFO,07/01/2020,09:25:23,33.55,33.1,250,33.7,250,500,211750
BAJFINANCE30JAN204300CE.NFO,07/01/2020,09:25:23,33.55,33.1,250,33.7,250,0,211750
BAJFINANCE30JAN204300CE.NFO,07/01/2020,09:25:24,33.55,33.3,250,33.75,500,0,211750
BAJFINANCE30JAN204300CE.NFO,07/01/2020,09:25:26,33.35,33.05,2250,33.7,750,2250,211750
BAJFINANCE30JAN204300CE.NFO,07/01/2020,09:25:26,34,33.05,2250,33.7,750,0,211750
BAJFINANCE30JAN204300CE.NFO,07/01/2020,09:25:26,33.35,33.15,500,33.7,750,0,211750
BAJFINANCE30JAN204300CE.NFO,07/01/2020,09:25:27,33.35,33.2,750,33.7,500,0,211750
BAJFINANCE30JAN204300CE.NFO,07/01/2020,09:25:28,33.35,33.05,750,33.6,250,0,211750
BAJFINANCE30JAN204300CE.NFO,07/01/2020,09:25:29,33.35,33,2000,33.45,750,0,211750
BAJFINANCE30JAN204300CE.NFO,07/01/2020,09:25:30,33.35,33,1500,33.4,500,0,211750
BAJFINANCE30JAN204300CE.NFO,07/01/2020,09:25:31,33.3,33,1500,33.25,250,250,211750
BAJFINANCE30JAN204300CE.NFO,07/01/2020,09:25:32,33.1,32.75,250,33.15,500,1750,211750
BAJFINANCE30JAN204300CE.NFO,07/01/2020,09:25:34,33.1,32.75,250,33,250,0,211750
BAJFINANCE30JAN204300CE.NFO,07/01/2020,09:25:35,33,33,250,33.05,750,1000,211750
BAJFINANCE30JAN204300CE.NFO,07/01/2020,09:25:36,32.85,32.75,250,32.95,250,2500,211750
BAJFINANCE30JAN204300CE.NFO,07/01/2020,09:25:37,32.85,32.75,250,32.85,500,0,211750
BAJFINANCE30JAN204300CE.NFO,07/01/2020,09:25:38,32.75,32.65,500,33,1250,500,211750
BAJFINANCE30JAN204300CE.NFO,07/01/2020,09:25:39,33,32.9,250,33.35,250,250,211750
BAJFINANCE30JAN204300CE.NFO,07/01/2020,09:25:40,33.5,33.4,500,33.85,250,500,211750
BAJFINANCE30JAN204300CE.NFO,07/01/2020,09:25:41,33.5,33.35,250,33.85,250,0,211750
BAJFINANCE30JAN204300CE.NFO,07/01/2020,09:25:43,33.25,33.35,500,33.8,250,250,211750
BAJFINANCE30JAN204300CE.NFO,07/01/2020,09:25:43,33.25,33.35,250,33.75,250,0,211750
BAJFINANCE30JAN204300CE.NFO,07/01/2020,09:25:44,33.25,33.35,250,33.75,500,0,211750
BAJFINANCE30JAN204300CE.NFO,07/01/2020,09:25:45,33.5,33.35,750,33.8,1000,250,211750
BAJFINANCE30JAN204300CE.NFO,07/01/2020,09:25:46,33.5,33.35,250,33.75,750,0,211750
BAJFINANCE30JAN204300CE.NFO,07/01/2020,09:25:47,33.5,33.5,250,33.8,500,0,211750
BAJFINANCE30JAN204300CE.NFO,07/01/2020,09:25:48,33.5,33.55,250,33.8,500,0,211750
BAJFINANCE30JAN204300CE.NFO,07/01/2020,09:25:50,33.5,33.4,250,33.7,500,250,211750
BAJFINANCE30JAN204300CE.NFO,07/01/2020,09:25:52,33.5,33.15,3500,33.35,250,0,211750
BAJFINANCE30JAN204300CE.NFO,07/01/2020,09:25:52,33.5,33.2,500,33.35,250,0,211750
BAJFINANCE30JAN204300CE.NFO,07/01/2020,09:25:53,33.5,33.15,3000,33.25,500,0,211750
BAJFINANCE30JAN204300CE.NFO,07/01/2020,09:25:54,33.15,33.15,2000,33.2,500,1500,211750
BAJFINANCE30JAN204300CE.NFO,07/01/2020,09:25:55,33.15,33,1250,33.25,1000,2000,211750
BAJFINANCE30JAN204300CE.NFO,07/01/2020,09:25:56,33.15,33,750,33.25,1000,0,211750
BAJFINANCE30JAN204300CE.NFO,07/01/2020,09:25:57,32.95,32.75,500,33,250,1500,211750
BAJFINANCE30JAN204300CE.NFO,07/01/2020,09:25:58,33,32.7,250,33.15,250,1500,211750
BAJFINANCE30JAN204300CE.NFO,07/01/2020,09:25:59,33,32.9,500,33,250,0,211750
BAJFINANCE30JAN204300CE.NFO,07/01/2020,09:26:00,33,32.7,500,33,250,0,211750
BAJFINANCE30JAN204300CE.NFO,07/01/2020,09:26:01,33,32.65,500,32.9,250,0,211750
BAJFINANCE30JAN204300CE.NFO,07/01/2020,09:26:03,33,32.6,500,32.9,250,0,211750
BAJFINANCE30JAN204300CE.NFO,07/01/2020,09:26:03,33,32.65,500,32.9,250,0,211750
BAJFINANCE30JAN204300CE.NFO,07/01/2020,09:26:05,33,32.7,500,32.9,250,0,211750
BAJFINANCE30JAN204300CE.NFO,07/01/2020,09:26:06,33,32.65,750,32.9,250,0,211750
BAJFINANCE30JAN204300CE.NFO,07/01/2020,09:26:07,33,32.7,500,32.9,250,0,211750
BAJFINANCE30JAN204300CE.NFO,07/01/2020,09:26:08,33.65,33.25,750,33.65,750,750,211750
BAJFINANCE30JAN204300CE.NFO,07/01/2020,09:26:10,33.65,33,250,33.55,250,0,211750
BAJFINANCE30JAN204300CE.NFO,07/01/2020,09:26:10,33.65,33.05,250,33.5,500,0,211750
BAJFINANCE30JAN204300CE.NFO,07/01/2020,09:26:11,33.6,33.05,250,33.6,750,500,211750
BAJFINANCE30JAN204300CE.NFO,07/01/2020,09:26:12,33.6,32.95,250,33.35,250,0,211750
BAJFINANCE30JAN204300CE.NFO,07/01/2020,09:26:13,33.6,32.9,500,33.3,750,0,211750
BAJFINANCE30JAN204300CE.NFO,07/01/2020,09:26:15,32.9,33,1500,33.25,250,250,223500
BAJFINANCE30JAN204300CE.NFO,07/01/2020,09:26:15,32.9,33,1500,33.25,250,0,223500
BAJFINANCE30JAN204300CE.NFO,07/01/2020,09:26:16,33.25,33,2000,33.35,250,250,223500
BAJFINANCE30JAN204300CE.NFO,07/01/2020,09:26:17,33.25,33.05,500,33.35,250,0,223500
BAJFINANCE30JAN204300CE.NFO,07/01/2020,09:26:18,33.35,33.05,500,33.45,1000,250,223500
BAJFINANCE30JAN204300CE.NFO,07/01/2020,09:26:19,33,33,1000,33.4,500,1500,223500
BAJFINANCE30JAN204300CE.NFO,07/01/2020,09:26:20,33.4,32.8,750,33,250,250,223500
BAJFINANCE30JAN204300CE.NFO,07/01/2020,09:26:21,33,32.95,500,33.45,250,250,223500
BAJFINANCE30JAN204300CE.NFO,07/01/2020,09:26:23,33,33,250,33.4,250,0,223500
BAJFINANCE30JAN204300CE.NFO,07/01/2020,09:26:23,33,33.05,500,33.4,250,0,223500
BAJFINANCE30JAN204300CE.NFO,07/01/2020,09:26:24,33,33,500,33.4,500,250,223500
BAJFINANCE30JAN204300CE.NFO,07/01/2020,09:26:25,33,33,500,33.4,500,0,223500
BAJFINANCE30JAN204300CE.NFO,07/01/2020,09:26:26,33,33,1000,33.5,750,0,223500
BAJFINANCE30JAN204300CE.NFO,07/01/2020,09:26:27,33,33.1,750,33.6,250,0,223500
BAJFINANCE30JAN204300CE.NFO,07/01/2020,09:26:28,33.1,33.1,500,33.5,250,250,223500
BAJFINANCE30JAN204300CE.NFO,07/01/2020,09:26:29,33.1,33.15,500,33.55,250,0,223500
BAJFINANCE30JAN204300CE.NFO,07/01/2020,09:26:31,33.1,33.2,500,33.55,250,0,223500
BAJFINANCE30JAN204300CE.NFO,07/01/2020,09:26:32,33.2,33.05,250,33.65,500,500,223500
BAJFINANCE30JAN204300CE.NFO,07/01/2020,09:26:32,33.2,33.15,750,33.65,1000,0,223500
BAJFINANCE30JAN204300CE.NFO,07/01/2020,09:26:33,33.3,33.25,500,33.6,250,250,223500
BAJFINANCE30JAN204300CE.NFO,07/01/2020,09:26:34,33.6,33.35,250,33.7,500,250,223500
BAJFINANCE30JAN204300CE.NFO,07/01/2020,09:26:35,33.35,33.35,500,33.7,500,250,223500
BAJFINANCE30JAN204300CE.NFO,07/01/2020,09:26:36,33.35,33.35,500,33.65,250,0,223500
BAJFINANCE30JAN204300CE.NFO,07/01/2020,09:26:38,33.35,33.25,500,33.7,750,0,223500
BAJFINANCE30JAN204300CE.NFO,07/01/2020,09:26:39,33.2,33.2,500,33.5,750,250,223500
BAJFINANCE30JAN204300CE.NFO,07/01/2020,09:26:39,33.2,33.2,500,33.5,500,0,223500
BAJFINANCE30JAN204300CE.NFO,07/01/2020,09:26:40,33.2,33.1,500,33.35,250,500,223500
BAJFINANCE30JAN204300CE.NFO,07/01/2020,09:26:41,33.2,33.1,500,33.35,250,0,223500
BAJFINANCE30JAN204300CE.NFO,07/01/2020,09:26:42,33.2,33.05,500,33.35,250,0,223500
BAJFINANCE30JAN204300CE.NFO,07/01/2020,09:26:43,33.05,33.05,750,33.35,250,250,223500
BAJFINANCE30JAN204300CE.NFO,07/01/2020,09:26:45,33.05,33.1,250,33.35,250,0,223500
BAJFINANCE30JAN204300CE.NFO,07/01/2020,09:26:45,33.05,33.05,250,33.35,250,0,223500
BAJFINANCE30JAN204300CE.NFO,07/01/2020,09:26:46,33.05,33,5500,33.25,250,0,223500
BAJFINANCE30JAN204300CE.NFO,07/01/2020,09:26:47,33.05,33.05,750,33.25,250,250,223500
BAJFINANCE30JAN204300CE.NFO,07/01/2020,09:26:48,33.05,33,5000,33.25,750,500,223500
BAJFINANCE30JAN204300CE.NFO,07/01/2020,09:26:49,33,33,4000,33.15,250,1000,223500
BAJFINANCE30JAN204300CE.NFO,07/01/2020,09:26:51,33,33,4500,33.15,250,0,223500
BAJFINANCE30JAN204300CE.NFO,07/01/2020,09:26:53,33,33,4000,33.15,250,0,223500
BAJFINANCE30JAN204300CE.NFO,07/01/2020,09:26:54,33,33,3750,33.05,250,250,223500
BAJFINANCE30JAN204300CE.NFO,07/01/2020,09:26:55,33,33,3500,33.2,250,250,223500
BAJFINANCE30JAN204300CE.NFO,07/01/2020,09:26:56,33,33,3500,33.2,750,0,223500
BAJFINANCE30JAN204300CE.NFO,07/01/2020,09:26:57,33.2,33.1,500,33.5,500,250,223500
BAJFINANCE30JAN204300CE.NFO,07/01/2020,09:26:59,33.2,33.2,500,33.55,750,0,223500
BAJFINANCE30JAN204300CE.NFO,07/01/2020,09:27:00,32.8,33.1,750,33.35,250,4750,223500
BAJFINANCE30JAN204300CE.NFO,07/01/2020,09:27:00,32.8,33.2,750,33.45,250,0,223500
BAJFINANCE30JAN204300CE.NFO,07/01/2020,09:27:01,32.8,33.25,1250,33.45,250,0,223500
BAJFINANCE30JAN204300CE.NFO,07/01/2020,09:27:02,33.25,33.1,500,33.45,250,1250,223500
BAJFINANCE30JAN204300CE.NFO,07/01/2020,09:27:03,33.25,33.1,750,33.5,750,0,223500
BAJFINANCE30JAN204300CE.NFO,07/01/2020,09:27:04,33.25,33.25,750,33.5,250,0,223500
BAJFINANCE30JAN204300CE.NFO,07/01/2020,09:27:05,33.5,33.35,250,33.7,1000,250,223500
BAJFINANCE30JAN204300CE.NFO,07/01/2020,09:27:06,33.5,33.25,250,33.6,500,0,223500
BAJFINANCE30JAN204300CE.NFO,07/01/2020,09:27:08,33.5,33.3,500,33.65,500,0,223500
BAJFINANCE30JAN204300CE.NFO,07/01/2020,09:27:09,33.5,33.25,250,33.6,500,0,223500
BAJFINANCE30JAN204300CE.NFO,07/01/2020,09:27:10,33,32.45,250,32.9,250,1250,223500
BAJFINANCE30JAN204300CE.NFO,07/01/2020,09:27:11,33,32.6,500,32.85,250,0,223500
BAJFINANCE30JAN204300CE.NFO,07/01/2020,09:27:12,33,32.45,500,32.7,250,0,223500
BAJFINANCE30JAN204300CE.NFO,07/01/2020,09:27:13,33,32.5,750,32.7,250,0,223500
BAJFINANCE30JAN204300CE.NFO,07/01/2020,09:27:16,32.8,32.65,500,33,250,500,223500
BAJFINANCE30JAN204300CE.NFO,07/01/2020,09:27:16,32.8,32.75,500,33,250,0,223500
BAJFINANCE30JAN204300CE.NFO,07/01/2020,09:27:17,32.8,32.95,750,33,250,0,223500
BAJFINANCE30JAN204300CE.NFO,07/01/2020,09:27:18,33,32.95,750,33.2,250,250,223500
BAJFINANCE30JAN204300CE.NFO,07/01/2020,09:27:20,33,32.35,500,32.95,250,0,223500
BAJFINANCE30JAN204300CE.NFO,07/01/2020,09:27:21,33,32.45,750,32.8,250,0,223500
BAJFINANCE30JAN204300CE.NFO,07/01/2020,09:27:23,33,32.5,250,32.8,250,0,223500
BAJFINANCE30JAN204300CE.NFO,07/01/2020,09:27:23,33,32.5,250,32.75,250,0,223500
BAJFINANCE30JAN204300CE.NFO,07/01/2020,09:27:24,32.9,32.5,250,32.95,1000,250,223500
BAJFINANCE30JAN204300CE.NFO,07/01/2020,09:27:25,32.85,32.5,750,32.85,250,250,223500
BAJFINANCE30JAN204300CE.NFO,07/01/2020,09:27:26,32.85,32.2,250,32.8,250,0,223500
BAJFINANCE30JAN204300CE.NFO,07/01/2020,09:27:27,32.85,32.2,500,32.65,500,0,223500
BAJFINANCE30JAN204300CE.NFO,07/01/2020,09:27:28,32.85,32.1,500,32.6,1250,0,223500
BAJFINANCE30JAN204300CE.NFO,07/01/2020,09:27:29,32.85,32.15,750,32.6,1500,0,223500
BAJFINANCE30JAN204300CE.NFO,07/01/2020,09:27:31,32.7,32.35,750,32.95,250,1000,223500
BAJFINANCE30JAN204300CE.NFO,07/01/2020,09:27:31,32.7,32.35,750,32.95,1000,0,223500
BAJFINANCE30JAN204300CE.NFO,07/01/2020,09:27:32,32.7,32.4,750,32.85,250,0,223500
BAJFINANCE30JAN204300CE.NFO,07/01/2020,09:27:33,32.7,32.55,250,32.95,250,0,223500
BAJFINANCE30JAN204300CE.NFO,07/01/2020,09:27:34,32.7,32.6,500,32.95,250,0,223500
BAJFINANCE30JAN204300CE.NFO,07/01/2020,09:27:35,32.7,32.55,500,32.95,250,0,223500
BAJFINANCE30JAN204300CE.NFO,07/01/2020,09:27:36,32.7,32.4,500,32.8,250,0,223500
BAJFINANCE30JAN204300CE.NFO,07/01/2020,09:27:37,32.7,32.4,750,32.95,1250,0,223500
BAJFINANCE30JAN204300CE.NFO,07/01/2020,09:27:38,32.7,32.3,250,32.85,250,0,223500
BAJFINANCE30JAN204300CE.NFO,07/01/2020,09:27:39,32.7,32.45,750,32.9,250,0,223500
BAJFINANCE30JAN204300CE.NFO,07/01/2020,09:27:41,32.9,32.5,750,32.95,1000,250,223500
BAJFINANCE30JAN204300CE.NFO,07/01/2020,09:27:41,32.9,32.5,750,32.95,1000,0,223500
BAJFINANCE30JAN204300CE.NFO,07/01/2020,09:27:42,32.9,32.5,500,32.95,1000,0,223500
BAJFINANCE30JAN204300CE.NFO,07/01/2020,09:27:43,32.9,32.4,750,32.85,250,0,223500
BAJFINANCE30JAN204300CE.NFO,07/01/2020,09:27:44,32.9,32.25,250,32.75,1000,0,223500
BAJFINANCE30JAN204300CE.NFO,07/01/2020,09:27:45,32.9,32.2,250,32.6,1000,0,223500
BAJFINANCE30JAN204300CE.NFO,07/01/2020,09:27:47,32.9,32.15,1000,32.6,1000,0,223500
BAJFINANCE30JAN204300CE.NFO,07/01/2020,09:27:48,32.9,32.35,750,32.8,750,0,223500
BAJFINANCE30JAN204300CE.NFO,07/01/2020,09:27:50,32.9,32.5,250,32.85,250,0,223500
BAJFINANCE30JAN204300CE.NFO,07/01/2020,09:27:51,32.5,32.2,250,32.5,250,250,223500
BAJFINANCE30JAN204300CE.NFO,07/01/2020,09:27:51,32.5,32.25,250,32.5,250,0,223500
BAJFINANCE30JAN204300CE.NFO,07/01/2020,09:27:52,32.5,32.3,750,32.5,250,0,223500
BAJFINANCE30JAN204300CE.NFO,07/01/2020,09:27:53,32.2,32,250,32.35,500,1000,223500
BAJFINANCE30JAN204300CE.NFO,07/01/2020,09:27:54,32.2,32.05,250,32.35,1000,0,223500
BAJFINANCE30JAN204300CE.NFO,07/01/2020,09:27:55,32.2,32.05,250,32.35,250,0,223500
BAJFINANCE30JAN204300CE.NFO,07/01/2020,09:27:56,32.05,32,500,32.35,1000,250,223500
BAJFINANCE30JAN204300CE.NFO,07/01/2020,09:27:57,32.05,32,250,32.35,250,0,223500
BAJFINANCE30JAN204300CE.NFO,07/01/2020,09:27:58,32.05,32,250,32.25,250,0,223500
BAJFINANCE30JAN204300CE.NFO,07/01/2020,09:28:01,32.05,32,250,32.2,500,0,223500
BAJFINANCE30JAN204300CE.NFO,07/01/2020,09:28:02,32.05,32,250,32.25,1000,0,223500
BAJFINANCE30JAN204300CE.NFO,07/01/2020,09:28:03,32,32,750,32.3,250,250,223500
BAJFINANCE30JAN204300CE.NFO,07/01/2020,09:28:04,32,31.9,750,32.2,750,0,223500
BAJFINANCE30JAN204300CE.NFO,07/01/2020,09:28:05,32,31.7,750,32.15,1000,0,223500
BAJFINANCE30JAN204300CE.NFO,07/01/2020,09:28:06,32,31.7,750,32,250,0,223500
BAJFINANCE30JAN204300CE.NFO,07/01/2020,09:28:07,32,31.6,1000,32,1250,0,223500
BAJFINANCE30JAN204300CE.NFO,07/01/2020,09:28:08,32,31.7,750,32,500,0,223500
BAJFINANCE30JAN204300CE.NFO,07/01/2020,09:28:09,31.85,31.35,1000,31.8,250,250,223500
BAJFINANCE30JAN204300CE.NFO,07/01/2020,09:28:11,31.85,31.3,1000,31.7,250,0,223500
BAJFINANCE30JAN204300CE.NFO,07/01/2020,09:28:12,31.85,30.95,750,31.35,250,0,223500
BAJFINANCE30JAN204300CE.NFO,07/01/2020,09:28:12,31.85,31,1000,31.5,500,0,223500
BAJFINANCE30JAN204300CE.NFO,07/01/2020,09:28:13,31.85,30.85,500,31.55,250,0,223500
BAJFINANCE30JAN204300CE.NFO,07/01/2020,09:28:14,31.85,31.15,250,31.35,500,0,223500
BAJFINANCE30JAN204300CE.NFO,07/01/2020,09:28:15,31.85,31,250,31.35,750,0,223500
BAJFINANCE30JAN204300CE.NFO,07/01/2020,09:28:17,31.35,31.35,250,31.65,250,500,223500
BAJFINANCE30JAN204300CE.NFO,07/01/2020,09:28:17,31.35,30.85,250,31.4,250,0,223500
BAJFINANCE30JAN204300CE.NFO,07/01/2020,09:28:18,31.35,30.95,250,31.2,250,0,223500
BAJFINANCE30JAN204300CE.NFO,07/01/2020,09:28:19,31.35,30.8,1250,31.15,250,0,223500
BAJFINANCE30JAN204300CE.NFO,07/01/2020,09:28:20,30.95,30.95,500,31.2,500,250,223500
BAJFINANCE30JAN204300CE.NFO,07/01/2020,09:28:21,30.95,30.8,1250,31.15,750,250,223500
BAJFINANCE30JAN204300CE.NFO,07/01/2020,09:28:22,30.95,30.9,750,31,250,0,223500
BAJFINANCE30JAN204300CE.NFO,07/01/2020,09:28:23,31,30.9,750,31.15,250,500,223500
BAJFINANCE30JAN204300CE.NFO,07/01/2020,09:28:25,31,30.9,1000,31.2,1250,0,223500
BAJFINANCE30JAN204300CE.NFO,07/01/2020,09:28:26,31,30.9,1000,31.15,1000,0,223500
BAJFINANCE30JAN204300CE.NFO,07/01/2020,09:28:27,31.2,31.05,1000,31.3,500,250,223500
BAJFINANCE30JAN204300CE.NFO,07/01/2020,09:28:29,31.2,30.8,1000,31.2,750,0,223500
BAJFINANCE30JAN204300CE.NFO,07/01/2020,09:28:30,31.2,30.8,1250,31.15,750,0,223500
BAJFINANCE30JAN204300CE.NFO,07/01/2020,09:28:31,31.2,30.85,1000,31.2,1000,0,223500
BAJFINANCE30JAN204300CE.NFO,07/01/2020,09:28:32,31,30.9,250,31.3,1000,250,223500
BAJFINANCE30JAN204300CE.NFO,07/01/2020,09:28:33,31,31,1000,31.35,1250,0,223500
BAJFINANCE30JAN204300CE.NFO,07/01/2020,09:28:34,31,30.9,1000,31.25,750,0,223500
BAJFINANCE30JAN204300CE.NFO,07/01/2020,09:28:36,31,30.9,250,31.25,1000,0,223500
BAJFINANCE30JAN204300CE.NFO,07/01/2020,09:28:37,31,31,250,31.3,500,0,223500
BAJFINANCE30JAN204300CE.NFO,07/01/2020,09:28:37,31,31,250,31.3,1250,0,223500
BAJFINANCE30JAN204300CE.NFO,07/01/2020,09:28:39,31,30.95,250,31.2,250,0,223500
BAJFINANCE30JAN204300CE.NFO,07/01/2020,09:28:40,31,30.9,500,31.2,750,0,223500
BAJFINANCE30JAN204300CE.NFO,07/01/2020,09:28:41,31.15,31.05,250,31.3,250,250,223500
BAJFINANCE30JAN204300CE.NFO,07/01/2020,09:28:42,31.15,31.15,250,31.3,250,0,223500
BAJFINANCE30JAN204300CE.NFO,07/01/2020,09:28:43,31.15,31.05,1250,31.3,250,0,223500
BAJFINANCE30JAN204300CE.NFO,07/01/2020,09:28:44,31.05,31.05,250,31.3,250,250,223500
BAJFINANCE30JAN204300CE.NFO,07/01/2020,09:28:45,31.05,31.2,250,31.35,250,0,223500
BAJFINANCE30JAN204300CE.NFO,07/01/2020,09:28:47,31.65,31.25,1000,31.65,250,750,223500
BAJFINANCE30JAN204300CE.NFO,07/01/2020,09:28:48,31.65,31.35,250,31.75,250,0,223500
BAJFINANCE30JAN204300CE.NFO,07/01/2020,09:28:49,31.65,31.4,1000,31.75,250,0,223500
BAJFINANCE30JAN204300CE.NFO,07/01/2020,09:28:50,31.65,31.2,1250,31.65,1250,0,223500
BAJFINANCE30JAN204300CE.NFO,07/01/2020,09:28:51,31.65,31.5,250,31.85,1000,0,223500
BAJFINANCE30JAN204300CE.NFO,07/01/2020,09:28:52,31.65,31.55,250,31.6,250,0,223500
BAJFINANCE30JAN204300CE.NFO,07/01/2020,09:28:53,31.6,31.55,250,31.75,750,250,223500
BAJFINANCE30JAN204300CE.NFO,07/01/2020,09:28:54,31.3,31.2,250,31.6,750,500,223500
BAJFINANCE30JAN204300CE.NFO,07/01/2020,09:28:55,31.3,31.25,750,31.65,750,0,223500
BAJFINANCE30JAN204300CE.NFO,07/01/2020,09:28:56,31.3,31.2,250,31.6,750,0,223500
BAJFINANCE30JAN204300CE.NFO,07/01/2020,09:28:57,31.3,31.2,500,31.6,750,0,223500
BAJFINANCE30JAN204300CE.NFO,07/01/2020,09:28:58,31.3,31.2,1250,31.7,1000,0,223500
BAJFINANCE30JAN204300CE.NFO,07/01/2020,09:29:00,31.3,31.25,250,31.6,750,0,223500
BAJFINANCE30JAN204300CE.NFO,07/01/2020,09:29:00,31.3,31.25,500,31.6,750,0,223500
BAJFINANCE30JAN204300CE.NFO,07/01/2020,09:29:01,31.3,31.3,250,31.8,250,0,223500
BAJFINANCE30JAN204300CE.NFO,07/01/2020,09:29:02,31.3,31.3,1000,31.75,1250,0,223500
BAJFINANCE30JAN204300CE.NFO,07/01/2020,09:29:03,31.3,31.4,1250,31.85,1000,0,223500
BAJFINANCE30JAN204300CE.NFO,07/01/2020,09:29:04,31.3,31.5,250,31.85,250,0,223500
BAJFINANCE30JAN204300CE.NFO,07/01/2020,09:29:05,31.3,31.45,1000,31.85,1000,0,223500
BAJFINANCE30JAN204300CE.NFO,07/01/2020,09:29:06,31.3,31.25,250,31.7,250,0,223500
BAJFINANCE30JAN204300CE.NFO,07/01/2020,09:29:07,31.3,31.3,1000,31.7,750,0,223500
BAJFINANCE30JAN204300CE.NFO,07/01/2020,09:29:08,31.3,31.35,750,31.75,500,0,223500
BAJFINANCE30JAN204300CE.NFO,07/01/2020,09:29:09,31.3,31.15,1000,31.65,250,250,223500
BAJFINANCE30JAN204300CE.NFO,07/01/2020,09:29:11,31.35,31.3,250,31.65,750,250,223500
BAJFINANCE30JAN204300CE.NFO,07/01/2020,09:29:11,31.35,31.3,250,31.65,750,0,223500
BAJFINANCE30JAN204300CE.NFO,07/01/2020,09:29:12,31.35,31.25,1000,31.65,750,0,223500
BAJFINANCE30JAN204300CE.NFO,07/01/2020,09:29:13,31.35,31.35,750,31.8,1000,0,223500
BAJFINANCE30JAN204300CE.NFO,07/01/2020,09:29:14,31.35,31.4,500,31.75,250,0,223500
BAJFINANCE30JAN204300CE.NFO,07/01/2020,09:29:16,31.35,31.4,1000,31.85,1000,0,223500
BAJFINANCE30JAN204300CE.NFO,07/01/2020,09:29:17,31.35,31.4,1000,31.85,1250,0,223500
BAJFINANCE30JAN204300CE.NFO,07/01/2020,09:29:18,31.35,31.4,1000,31.75,250,0,223500
BAJFINANCE30JAN204300CE.NFO,07/01/2020,09:29:19,31.35,31.4,1000,31.85,1000,0,223500
BAJFINANCE30JAN204300CE.NFO,07/01/2020,09:29:20,31.35,31.45,750,31.85,1000,0,223500
BAJFINANCE30JAN204300CE.NFO,07/01/2020,09:29:21,31.35,31.45,750,31.85,250,0,223500
BAJFINANCE30JAN204300CE.NFO,07/01/2020,09:29:22,31.35,31.2,250,31.75,250,0,223500
BAJFINANCE30JAN204300CE.NFO,07/01/2020,09:29:23,31.6,31.5,250,31.9,500,1500,230750
BAJFINANCE30JAN204300CE.NFO,07/01/2020,09:29:24,31.6,31.5,500,31.9,1250,0,230750
BAJFINANCE30JAN204300CE.NFO,07/01/2020,09:29:25,31.6,31.5,1000,31.9,1000,0,230750
BAJFINANCE30JAN204300CE.NFO,07/01/2020,09:29:27,31.6,31.4,1250,31.85,1000,0,230750
BAJFINANCE30JAN204300CE.NFO,07/01/2020,09:29:29,31.6,31.4,1250,31.8,500,0,230750
BAJFINANCE30JAN204300CE.NFO,07/01/2020,09:29:31,31.4,31.25,750,31.75,750,750,230750
BAJFINANCE30JAN204300CE.NFO,07/01/2020,09:29:32,31.4,31.3,750,31.7,1000,0,230750
BAJFINANCE30JAN204300CE.NFO,07/01/2020,09:29:34,31.4,31.35,750,31.75,250,0,230750
BAJFINANCE30JAN204300CE.NFO,07/01/2020,09:29:35,31.4,31.35,1000,31.75,250,0,230750
BAJFINANCE30JAN204300CE.NFO,07/01/2020,09:29:36,31.4,31.35,750,31.7,500,0,230750
BAJFINANCE30JAN204300CE.NFO,07/01/2020,09:29:37,31.4,31.2,250,31.5,250,0,230750
BAJFINANCE30JAN204300CE.NFO,07/01/2020,09:29:38,31.5,31.35,750,31.75,1000,250,230750
BAJFINANCE30JAN204300CE.NFO,07/01/2020,09:29:39,31.5,31.3,750,31.7,500,0,230750
BAJFINANCE30JAN204300CE.NFO,07/01/2020,09:29:40,31.5,31.1,250,31.6,250,0,230750
BAJFINANCE30JAN204300CE.NFO,07/01/2020,09:29:42,31.5,31.2,750,31.6,500,0,230750
BAJFINANCE30JAN204300CE.NFO,07/01/2020,09:29:43,31.5,31.2,750,31.55,250,0,230750
BAJFINANCE30JAN204300CE.NFO,07/01/2020,09:29:43,31.5,31.05,250,31.55,1500,0,230750
BAJFINANCE30JAN204300CE.NFO,07/01/2020,09:29:44,31.5,31.2,750,31.55,500,0,230750
BAJFINANCE30JAN204300CE.NFO,07/01/2020,09:29:46,31.6,31.3,500,31.85,250,250,230750
BAJFINANCE30JAN204300CE.NFO,07/01/2020,09:29:47,31.6,31.4,1000,31.8,1000,0,230750
BAJFINANCE30JAN204300CE.NFO,07/01/2020,09:29:48,31.4,31.3,250,31.8,250,250,230750
BAJFINANCE30JAN204300CE.NFO,07/01/2020,09:29:49,31.4,31.4,750,31.85,250,0,230750
BAJFINANCE30JAN204300CE.NFO,07/01/2020,09:29:52,31.4,31.5,1000,31.9,250,0,230750
BAJFINANCE30JAN204300CE.NFO,07/01/2020,09:29:53,31.4,31.55,750,31.95,1000,0,230750
BAJFINANCE30JAN204300CE.NFO,07/01/2020,09:29:55,31.4,31.6,1000,31.95,250,0,230750
BAJFINANCE30JAN204300CE.NFO,07/01/2020,09:29:56,32,31.8,500,32.3,250,1000,230750
BAJFINANCE30JAN204300CE.NFO,07/01/2020,09:29:57,32,31.9,1000,32.45,250,0,230750
BAJFINANCE30JAN204300CE.NFO,07/01/2020,09:29:59,32,32,250,32.4,250,0,230750
BAJFINANCE30JAN204300CE.NFO,07/01/2020,09:30:00,32,32.1,250,32.5,500,0,230750
BAJFINANCE30JAN204300CE.NFO,07/01/2020,09:30:01,32,31.85,1000,32.35,250,0,230750
BAJFINANCE30JAN204300CE.NFO,07/01/2020,09:30:02,32,32.1,250,32.5,250,0,230750
BAJFINANCE30JAN204300CE.NFO,07/01/2020,09:30:03,32.6,32.05,1250,32.5,750,500,230750
BAJFINANCE30JAN204300CE.NFO,07/01/2020,09:30:04,32.6,32.1,750,32.45,250,0,230750
BAJFINANCE30JAN204300CE.NFO,07/01/2020,09:30:06,32.6,32.2,500,32.85,250,0,230750
BAJFINANCE30JAN204300CE.NFO,07/01/2020,09:30:06,32.6,32.3,250,32.85,1000,0,230750
BAJFINANCE30JAN204300CE.NFO,07/01/2020,09:30:07,32.5,32.1,250,32.7,750,250,230750
BAJFINANCE30JAN204300CE.NFO,07/01/2020,09:30:08,32.5,32.1,250,32.7,250,0,230750
BAJFINANCE30JAN204300CE.NFO,07/01/2020,09:30:09,32.5,32.25,1000,32.65,500,0,230750
BAJFINANCE30JAN204300CE.NFO,07/01/2020,09:30:10,32.5,32.3,750,32.7,500,0,230750
BAJFINANCE30JAN204300CE.NFO,07/01/2020,09:30:11,32.5,32.5,250,32.9,500,0,230750
BAJFINANCE30JAN204300CE.NFO,07/01/2020,09:30:12,32.5,32.2,500,32.85,500,0,230750
BAJFINANCE30JAN204300CE.NFO,07/01/2020,09:30:13,32.5,32.3,750,32.75,1000,0,230750
BAJFINANCE30JAN204300CE.NFO,07/01/2020,09:30:15,32.5,32.35,750,32.8,500,0,230750
BAJFINANCE30JAN204300CE.NFO,07/01/2020,09:30:16,32.5,32.35,750,32.75,250,0,230750
BAJFINANCE30JAN204300CE.NFO,07/01/2020,09:30:16,32.5,32.4,1000,32.8,250,0,230750
BAJFINANCE30JAN204300CE.NFO,07/01/2020,09:30:17,32.5,32.5,250,32.8,250,0,230750
BAJFINANCE30JAN204300CE.NFO,07/01/2020,09:30:18,32.5,32.45,750,32.7,250,0,230750
BAJFINANCE30JAN204300CE.NFO,07/01/2020,09:30:19,32.5,32.35,1000,32.7,500,0,230750
BAJFINANCE30JAN204300CE.NFO,07/01/2020,09:30:20,32.5,32.4,750,32.7,500,0,230750
BAJFINANCE30JAN204300CE.NFO,07/01/2020,09:30:23,32.5,32.35,250,32.7,500,0,230750
BAJFINANCE30JAN204300CE.NFO,07/01/2020,09:30:23,32.5,32.35,1000,32.7,500,0,230750
BAJFINANCE30JAN204300CE.NFO,07/01/2020,09:30:24,32.7,32.3,250,32.8,250,750,230750
BAJFINANCE30JAN204300CE.NFO,07/01/2020,09:30:25,32.7,32.4,250,32.9,750,0,230750
BAJFINANCE30JAN204300CE.NFO,07/01/2020,09:30:26,32.7,32.45,500,32.9,750,0,230750
BAJFINANCE30JAN204300CE.NFO,07/01/2020,09:30:27,32.85,32.8,250,32.95,500,250,230750
BAJFINANCE30JAN204300CE.NFO,07/01/2020,09:30:28,32.8,32.35,250,32.75,500,250,230750
BAJFINANCE30JAN204300CE.NFO,07/01/2020,09:30:29,32.8,32.35,750,32.8,250,0,230750
BAJFINANCE30JAN204300CE.NFO,07/01/2020,09:30:31,32.8,32.25,250,32.7,750,0,230750
BAJFINANCE30JAN204300CE.NFO,07/01/2020,09:30:32,32.8,32.45,250,32.95,500,0,230750
BAJFINANCE30JAN204300CE.NFO,07/01/2020,09:30:32,32.8,32.45,750,32.95,1000,0,230750
BAJFINANCE30JAN204300CE.NFO,07/01/2020,09:30:33,32.8,32.35,750,32.8,750,0,230750
BAJFINANCE30JAN204300CE.NFO,07/01/2020,09:30:34,32.8,32.5,250,32.85,500,0,230750
BAJFINANCE30JAN204300CE.NFO,07/01/2020,09:30:36,32.5,32.3,250,32.5,250,4750,230750
BAJFINANCE30JAN204300CE.NFO,07/01/2020,09:30:37,32,31.65,500,32.35,250,2500,230750
BAJFINANCE30JAN204300CE.NFO,07/01/2020,09:30:38,32,31.9,250,32.25,250,0,230750
BAJFINANCE30JAN204300CE.NFO,07/01/2020,09:30:39,31.95,31.75,1000,32.1,250,500,230750
BAJFINANCE30JAN204300CE.NFO,07/01/2020,09:30:40,31.95,31.75,750,32.15,250,0,230750
BAJFINANCE30JAN204300CE.NFO,07/01/2020,09:30:41,31.95,31.7,500,32.1,250,0,230750
BAJFINANCE30JAN204300CE.NFO,07/01/2020,09:30:42,31.95,31.75,1000,32.1,250,0,230750
BAJFINANCE30JAN204300CE.NFO,07/01/2020,09:30:43,31.95,31.6,750,32,1000,0,230750
BAJFINANCE30JAN204300CE.NFO,07/01/2020,09:30:44,31.95,31.55,250,31.95,750,0,230750
BAJFINANCE30JAN204300CE.NFO,07/01/2020,09:30:45,31.95,31.55,1000,31.95,750,0,230750
BAJFINANCE30JAN204300CE.NFO,07/01/2020,09:30:49,31.95,31.6,750,32,1250,0,230750
BAJFINANCE30JAN204300CE.NFO,07/01/2020,09:30:50,31.95,31.55,1000,31.95,750,0,230750
BAJFINANCE30JAN204300CE.NFO,07/01/2020,09:30:53,31.95,31.4,750,31.85,1000,0,230750
BAJFINANCE30JAN204300CE.NFO,07/01/2020,09:30:54,31.85,31.5,750,32,500,750,230750
BAJFINANCE30JAN204300CE.NFO,07/01/2020,09:30:55,31.85,31.5,750,31.95,1000,0,230750
BAJFINANCE30JAN204300CE.NFO,07/01/2020,09:30:57,31.85,31.55,250,31.95,1000,0,230750
BAJFINANCE30JAN204300CE.NFO,07/01/2020,09:30:57,31.85,31.55,250,31.95,750,0,230750
BAJFINANCE30JAN204300CE.NFO,07/01/2020,09:30:58,31.6,31.6,250,32.05,500,750,230750
BAJFINANCE30JAN204300CE.NFO,07/01/2020,09:30:59,31.6,31.65,1000,32.05,250,0,230750
BAJFINANCE30JAN204300CE.NFO,07/01/2020,09:31:00,31.65,31.6,250,32.05,1250,750,230750
BAJFINANCE30JAN204300CE.NFO,07/01/2020,09:31:01,31.65,31.6,1000,32.05,1500,0,230750
BAJFINANCE30JAN204300CE.NFO,07/01/2020,09:31:02,31.65,31.8,250,32.15,250,0,230750
BAJFINANCE30JAN204300CE.NFO,07/01/2020,09:31:03,31.65,31.85,750,32.25,250,0,230750
BAJFINANCE30JAN204300CE.NFO,07/01/2020,09:31:05,31.65,31.85,750,32.25,1000,0,230750
BAJFINANCE30JAN204300CE.NFO,07/01/2020,09:31:06,31.65,31.85,1000,32.25,1000,0,230750
BAJFINANCE30JAN204300CE.NFO,07/01/2020,09:31:07,31.65,31.75,500,32.1,1250,0,230750
BAJFINANCE30JAN204300CE.NFO,07/01/2020,09:31:08,31.65,31.75,250,32.1,1250,0,230750
BAJFINANCE30JAN204300CE.NFO,07/01/2020,09:31:09,31.65,31.75,250,32.1,1500,0,230750
BAJFINANCE30JAN204300CE.NFO,07/01/2020,09:31:10,32.15,32.1,250,32.5,1250,500,230750
BAJFINANCE30JAN204300CE.NFO,07/01/2020,09:31:11,32.05,31.9,1250,32.3,750,250,230750
BAJFINANCE30JAN204300CE.NFO,07/01/2020,09:31:12,32.05,31.95,250,32.5,1250,0,230750
BAJFINANCE30JAN204300CE.NFO,07/01/2020,09:31:13,32.05,32,500,32.4,750,0,230750
BAJFINANCE30JAN204300CE.NFO,07/01/2020,09:31:14,32.05,32.1,1250,32.5,500,0,230750
BAJFINANCE30JAN204300CE.NFO,07/01/2020,09:31:16,32.05,32.15,750,32.5,500,0,230750
BAJFINANCE30JAN204300CE.NFO,07/01/2020,09:31:17,32.05,32.15,1000,32.5,750,0,230750
BAJFINANCE30JAN204300CE.NFO,07/01/2020,09:31:17,32.05,32.15,250,32.5,1250,0,230750
BAJFINANCE30JAN204300CE.NFO,07/01/2020,09:31:18,32.05,32.2,250,32.5,500,0,230750
BAJFINANCE30JAN204300CE.NFO,07/01/2020,09:31:19,32.05,32.2,250,32.5,750,0,230750
BAJFINANCE30JAN204300CE.NFO,07/01/2020,09:31:20,32.5,32.15,250,32.5,1000,250,230750
BAJFINANCE30JAN204300CE.NFO,07/01/2020,09:31:21,32.5,32.35,500,32.8,750,500,230750
BAJFINANCE30JAN204300CE.NFO,07/01/2020,09:31:22,32.5,32.35,750,32.75,500,0,230750
BAJFINANCE30JAN204300CE.NFO,07/01/2020,09:31:23,32.5,32.45,750,32.9,250,0,230750
BAJFINANCE30JAN204300CE.NFO,07/01/2020,09:31:24,32.5,32.15,250,32.5,500,0,230750
BAJFINANCE30JAN204300CE.NFO,07/01/2020,09:31:25,32.5,32.15,250,32.55,1250,0,230750
BAJFINANCE30JAN204300CE.NFO,07/01/2020,09:31:26,32.5,32.2,1000,32.55,250,0,230750
BAJFINANCE30JAN204300CE.NFO,07/01/2020,09:31:27,32.15,32.05,250,32.4,1250,500,230750
BAJFINANCE30JAN204300CE.NFO,07/01/2020,09:31:28,32.15,32.05,500,32.4,250,0,230750
BAJFINANCE30JAN204300CE.NFO,07/01/2020,09:31:30,32.15,32.15,1000,32.45,250,0,230750
BAJFINANCE30JAN204300CE.NFO,07/01/2020,09:31:30,32.15,32.15,1000,32.5,1000,0,230750
BAJFINANCE30JAN204300CE.NFO,07/01/2020,09:31:31,32.15,32.05,750,32.35,250,0,230750
BAJFINANCE30JAN204300CE.NFO,07/01/2020,09:31:32,32.15,32.05,1000,32.4,250,0,230750
BAJFINANCE30JAN204300CE.NFO,07/01/2020,09:31:33,32.15,32.05,750,32.4,1250,0,230750
BAJFINANCE30JAN204300CE.NFO,07/01/2020,09:31:34,32.15,32.1,1250,32.45,250,0,230750
BAJFINANCE30JAN204300CE.NFO,07/01/2020,09:31:35,32.15,32.05,1000,32.4,1000,0,230750
BAJFINANCE30JAN204300CE.NFO,07/01/2020,09:31:36,32.15,32,1000,32.35,250,0,230750
BAJFINANCE30JAN204300CE.NFO,07/01/2020,09:31:37,32.15,32.15,750,32.45,250,0,230750
BAJFINANCE30JAN204300CE.NFO,07/01/2020,09:31:38,32.15,32.05,250,32.4,1000,0,230750
BAJFINANCE30JAN204300CE.NFO,07/01/2020,09:31:39,32.3,32,500,32.4,1250,250,230750
BAJFINANCE30JAN204300CE.NFO,07/01/2020,09:31:40,32.05,32,500,32.35,750,750,230750
BAJFINANCE30JAN204300CE.NFO,07/01/2020,09:31:41,32.05,32,250,32.4,500,0,230750
BAJFINANCE30JAN204300CE.NFO,07/01/2020,09:31:42,32,31.9,250,32.3,1000,250,230750
BAJFINANCE30JAN204300CE.NFO,07/01/2020,09:31:43,32,31.9,500,32.25,750,0,230750
BAJFINANCE30JAN204300CE.NFO,07/01/2020,09:31:44,31.95,31.85,250,32.1,250,250,230750
BAJFINANCE30JAN204300CE.NFO,07/01/2020,09:31:45,31.95,31.9,250,32.3,250,0,230750
BAJFINANCE30JAN204300CE.NFO,07/01/2020,09:31:46,31.95,31.85,500,32.2,750,0,230750
BAJFINANCE30JAN204300CE.NFO,07/01/2020,09:31:47,32,31.85,250,32.3,1250,250,230750
BAJFINANCE30JAN204300CE.NFO,07/01/2020,09:31:48,32,31.85,1000,32.25,1000,0,230750
BAJFINANCE30JAN204300CE.NFO,07/01/2020,09:31:50,32,31.85,1000,32.2,1000,0,230750
BAJFINANCE30JAN204300CE.NFO,07/01/2020,09:31:51,32,31.9,750,32.25,500,0,230750
BAJFINANCE30JAN204300CE.NFO,07/01/2020,09:31:53,32,31.9,1000,32.3,250,0,230750
BAJFINANCE30JAN204300CE.NFO,07/01/2020,09:31:54,32,31.85,1000,32.15,250,0,230750
BAJFINANCE30JAN204300CE.NFO,07/01/2020,09:31:58,32,31.85,1000,32.2,500,0,230750
BAJFINANCE30JAN204300CE.NFO,07/01/2020,09:31:59,32,31.85,250,32.15,750,0,230750
BAJFINANCE30JAN204300CE.NFO,07/01/2020,09:32:02,32.1,31.85,250,32.15,500,250,230750
BAJFINANCE30JAN204300CE.NFO,07/01/2020,09:32:03,32,31.85,250,32.2,750,500,230750
BAJFINANCE30JAN204300CE.NFO,07/01/2020,09:32:04,32,31.85,250,32.1,750,0,230750
BAJFINANCE30JAN204300CE.NFO,07/01/2020,09:32:05,32,31.85,250,32,500,0,230750
BAJFINANCE30JAN204300CE.NFO,07/01/2020,09:32:06,31.85,31.65,750,32,500,250,230750
BAJFINANCE30JAN204300CE.NFO,07/01/2020,09:32:07,31.65,31.4,250,31.85,250,750,230750
BAJFINANCE30JAN204300CE.NFO,07/01/2020,09:32:08,31.65,31.4,250,31.8,750,0,230750
BAJFINANCE30JAN204300CE.NFO,07/01/2020,09:32:09,31.65,31.4,500,31.75,750,0,230750
BAJFINANCE30JAN204300CE.NFO,07/01/2020,09:32:10,31.65,31.45,250,31.75,750,0,230750
BAJFINANCE30JAN204300CE.NFO,07/01/2020,09:32:11,31.65,31.6,1000,31.95,750,0,230750
BAJFINANCE30JAN204300CE.NFO,07/01/2020,09:32:12,31.65,31.65,750,32,750,0,230750
BAJFINANCE30JAN204300CE.NFO,07/01/2020,09:32:14,31.65,31.7,750,32,500,0,230750
BAJFINANCE30JAN204300CE.NFO,07/01/2020,09:32:14,31.65,31.6,250,32,1250,0,230750
BAJFINANCE30JAN204300CE.NFO,07/01/2020,09:32:15,31.65,31.6,750,31.95,750,0,230750
BAJFINANCE30JAN204300CE.NFO,07/01/2020,09:32:16,31.65,31.7,750,32,500,0,230750
BAJFINANCE30JAN204300CE.NFO,07/01/2020,09:32:18,31.65,31.7,750,31.85,250,0,230750
BAJFINANCE30JAN204300CE.NFO,07/01/2020,09:32:19,32,31.85,750,32.25,1000,1250,230000
BAJFINANCE30JAN204300CE.NFO,07/01/2020,09:32:20,32,31.8,500,32.25,250,0,230000
BAJFINANCE30JAN204300CE.NFO,07/01/2020,09:32:22,32,31.9,250,32.25,250,0,230000
BAJFINANCE30JAN204300CE.NFO,07/01/2020,09:32:22,32,31.9,1000,32.35,250,0,230000
BAJFINANCE30JAN204300CE.NFO,07/01/2020,09:32:23,32,31.95,750,32.4,1250,0,230000
BAJFINANCE30JAN204300CE.NFO,07/01/2020,09:32:24,32,31.95,1000,32.4,1250,0,230000
BAJFINANCE30JAN204300CE.NFO,07/01/2020,09:32:26,32,31.7,250,32.15,750,0,230000
BAJFINANCE30JAN204300CE.NFO,07/01/2020,09:32:27,32,31.65,1000,32.1,750,0,230000
BAJFINANCE30JAN204300CE.NFO,07/01/2020,09:32:28,32,31.75,750,32.15,250,0,230000
BAJFINANCE30JAN204300CE.NFO,07/01/2020,09:32:29,32,31.6,250,32.1,750,0,230000
BAJFINANCE30JAN204300CE.NFO,07/01/2020,09:32:31,32,31.75,1000,32.2,250,0,230000
BAJFINANCE30JAN204300CE.NFO,07/01/2020,09:32:31,32,31.55,250,32.2,1250,0,230000
BAJFINANCE30JAN204300CE.NFO,07/01/2020,09:32:32,32,31.65,1000,32.15,1000,0,230000
BAJFINANCE30JAN204300CE.NFO,07/01/2020,09:32:33,32,31.65,750,32.1,1000,0,230000
BAJFINANCE30JAN204300CE.NFO,07/01/2020,09:32:34,32,31.75,1000,32.15,1250,0,230000
BAJFINANCE30JAN204300CE.NFO,07/01/2020,09:32:35,32,31.65,250,32.1,750,0,230000
BAJFINANCE30JAN204300CE.NFO,07/01/2020,09:32:36,32,31.5,250,32,750,0,230000
BAJFINANCE30JAN204300CE.NFO,07/01/2020,09:32:37,32,31.65,750,32.05,1000,0,230000
BAJFINANCE30JAN204300CE.NFO,07/01/2020,09:32:38,32,31.8,250,32.35,250,250,230000
BAJFINANCE30JAN204300CE.NFO,07/01/2020,09:32:39,32,31.75,750,32.15,250,0,230000
BAJFINANCE30JAN204300CE.NFO,07/01/2020,09:32:40,32,31.75,750,32.15,500,0,230000
BAJFINANCE30JAN204300CE.NFO,07/01/2020,09:32:41,32.15,32,1000,32.45,250,1500,230000
BAJFINANCE30JAN204300CE.NFO,07/01/2020,09:32:43,32.15,31.9,1000,32.3,250,0,230000
BAJFINANCE30JAN204300CE.NFO,07/01/2020,09:32:44,32.15,31.95,750,32.35,250,0,230000
BAJFINANCE30JAN204300CE.NFO,07/01/2020,09:32:45,32.15,31.7,250,32.25,750,0,230000
BAJFINANCE30JAN204300CE.NFO,07/01/2020,09:32:46,32.15,31.75,1000,32.25,1000,0,230000
BAJFINANCE30JAN204300CE.NFO,07/01/2020,09:32:47,32.15,31.8,1000,32.25,1000,0,230000
BAJFINANCE30JAN204300CE.NFO,07/01/2020,09:32:48,32.15,31.7,250,32.2,500,0,230000
BAJFINANCE30JAN204300CE.NFO,07/01/2020,09:32:49,32.15,31.75,750,32.2,1250,0,230000
BAJFINANCE30JAN204300CE.NFO,07/01/2020,09:32:52,32.15,31.9,1000,32.3,250,0,230000
BAJFINANCE30JAN204300CE.NFO,07/01/2020,09:32:53,32.15,31.9,750,32.3,250,0,230000
BAJFINANCE30JAN204300CE.NFO,07/01/2020,09:32:54,32.15,31.8,250,32.25,750,0,230000
BAJFINANCE30JAN204300CE.NFO,07/01/2020,09:32:55,32.15,31.8,750,32.3,250,250,230000
BAJFINANCE30JAN204300CE.NFO,07/01/2020,09:32:56,32.15,31.8,750,32.25,1000,0,230000
BAJFINANCE30JAN204300CE.NFO,07/01/2020,09:32:57,32.15,31.8,750,32.25,250,0,230000
BAJFINANCE30JAN204300CE.NFO,07/01/2020,09:32:58,32.15,31.9,250,32.3,250,0,230000
BAJFINANCE30JAN204300CE.NFO,07/01/2020,09:32:59,32.15,31.9,1000,32.3,250,0,230000
BAJFINANCE30JAN204300CE.NFO,07/01/2020,09:33:00,32.15,31.9,250,32.3,250,0,230000
BAJFINANCE30JAN204300CE.NFO,07/01/2020,09:33:02,32.15,32,750,32.3,250,0,230000
BAJFINANCE30JAN204300CE.NFO,07/01/2020,09:33:03,32.3,32.05,750,32.5,1000,250,230000
BAJFINANCE30JAN204300CE.NFO,07/01/2020,09:33:04,32.3,32,250,32.4,750,0,230000
BAJFINANCE30JAN204300CE.NFO,07/01/2020,09:33:05,32.3,32,1000,32.4,500,0,230000
BAJFINANCE30JAN204300CE.NFO,07/01/2020,09:33:06,32.3,32.05,500,32.45,750,0,230000
BAJFINANCE30JAN204300CE.NFO,07/01/2020,09:33:07,32.3,32,1000,32.45,250,0,230000
BAJFINANCE30JAN204300CE.NFO,07/01/2020,09:33:08,32.3,32.15,750,32.5,250,0,230000
BAJFINANCE30JAN204300CE.NFO,07/01/2020,09:33:09,32.3,32.15,750,32.5,750,0,230000
BAJFINANCE30JAN204300CE.NFO,07/01/2020,09:33:10,32.3,32.15,500,32.5,250,0,230000
BAJFINANCE30JAN204300CE.NFO,07/01/2020,09:33:11,32.3,32.15,500,32.5,750,0,230000
BAJFINANCE30JAN204300CE.NFO,07/01/2020,09:33:13,32.3,32.2,500,32.5,250,0,230000
BAJFINANCE30JAN204300CE.NFO,07/01/2020,09:33:13,32.55,32.35,250,32.65,250,500,230000
BAJFINANCE30JAN204300CE.NFO,07/01/2020,09:33:16,32.55,32.3,500,32.65,250,0,230000
BAJFINANCE30JAN204300CE.NFO,07/01/2020,09:33:17,32.55,32.25,1000,32.65,750,0,230000
BAJFINANCE30JAN204300CE.NFO,07/01/2020,09:33:18,32.55,32.25,750,32.65,250,0,230000
BAJFINANCE30JAN204300CE.NFO,07/01/2020,09:33:19,32.55,32.25,500,32.65,250,0,230000
BAJFINANCE30JAN204300CE.NFO,07/01/2020,09:33:20,32.55,32,1000,32.45,750,0,230000
BAJFINANCE30JAN204300CE.NFO,07/01/2020,09:33:22,32.55,32,500,32.3,500,0,230000
BAJFINANCE30JAN204300CE.NFO,07/01/2020,09:33:23,32.55,32,1000,32.35,500,0,230000
BAJFINANCE30JAN204300CE.NFO,07/01/2020,09:33:24,32.35,32.05,750,32.45,750,250,230000
BAJFINANCE30JAN204300CE.NFO,07/01/2020,09:33:25,32.35,32.05,750,32.35,250,0,230000
BAJFINANCE30JAN204300CE.NFO,07/01/2020,09:33:26,32.35,32.05,250,32.4,250,0,230000
BAJFINANCE30JAN204300CE.NFO,07/01/2020,09:33:27,32.35,32.05,1000,32.4,250,0,230000
BAJFINANCE30JAN204300CE.NFO,07/01/2020,09:33:32,32.35,32.1,500,32.5,750,0,230000
BAJFINANCE30JAN204300CE.NFO,07/01/2020,09:33:34,32,31.7,250,32.15,750,500,230000
BAJFINANCE30JAN204300CE.NFO,07/01/2020,09:33:36,31.7,31.5,250,32.05,500,500,230000
BAJFINANCE30JAN204300CE.NFO,07/01/2020,09:33:37,31.7,31.65,750,32.1,250,0,230000
BAJFINANCE30JAN204300CE.NFO,07/01/2020,09:33:38,31.7,31.55,250,32.05,250,0,230000
BAJFINANCE30JAN204300CE.NFO,07/01/2020,09:33:39,31.7,31.65,1000,32.05,1000,250,230000
BAJFINANCE30JAN204300CE.NFO,07/01/2020,09:33:40,31.7,31.75,250,32.15,1000,0,230000
BAJFINANCE30JAN204300CE.NFO,07/01/2020,09:33:41,31.7,31.5,250,32.05,750,0,230000
BAJFINANCE30JAN204300CE.NFO,07/01/2020,09:33:42,31.7,31.65,500,32.1,250,0,230000
BAJFINANCE30JAN204300CE.NFO,07/01/2020,09:33:43,31.7,31.45,250,31.95,250,0,230000
BAJFINANCE30JAN204300CE.NFO,07/01/2020,09:33:44,31.7,31.6,750,32,1250,0,230000
BAJFINANCE30JAN204300CE.NFO,07/01/2020,09:33:47,31.7,31.6,1000,32,1250,0,230000
BAJFINANCE30JAN204300CE.NFO,07/01/2020,09:33:48,31.7,31.65,1000,32,500,0,230000
BAJFINANCE30JAN204300CE.NFO,07/01/2020,09:33:49,31.65,31.55,1000,32,1250,1000,230000
BAJFINANCE30JAN204300CE.NFO,07/01/2020,09:33:49,31.65,31.55,1000,32,1250,0,230000
BAJFINANCE30JAN204300CE.NFO,07/01/2020,09:33:50,31.65,31.55,1000,32,500,0,230000
BAJFINANCE30JAN204300CE.NFO,07/01/2020,09:33:51,31.65,31.55,1000,32,1250,0,230000
BAJFINANCE30JAN204300CE.NFO,07/01/2020,09:33:52,31.65,31.65,1250,32,500,0,230000
BAJFINANCE30JAN204300CE.NFO,07/01/2020,09:33:54,31.65,31.7,250,32,500,0,230000
BAJFINANCE30JAN204300CE.NFO,07/01/2020,09:33:55,31.65,31.7,250,31.95,500,0,230000
BAJFINANCE30JAN204300CE.NFO,07/01/2020,09:33:56,31.7,31.6,1000,31.95,500,250,230000
BAJFINANCE30JAN204300CE.NFO,07/01/2020,09:33:57,31.7,31.4,500,31.95,1000,0,230000
BAJFINANCE30JAN204300CE.NFO,07/01/2020,09:33:58,31.7,31.45,1000,31.85,250,0,230000
BAJFINANCE30JAN204300CE.NFO,07/01/2020,09:33:59,31.7,31.5,750,31.9,750,0,230000
BAJFINANCE30JAN204300CE.NFO,07/01/2020,09:34:00,31.7,31.55,750,32,500,0,230000
BAJFINANCE30JAN204300CE.NFO,07/01/2020,09:34:01,31.7,31.7,250,32,500,0,230000
BAJFINANCE30JAN204300CE.NFO,07/01/2020,09:34:04,31.7,31.7,750,32,500,0,230000
BAJFINANCE30JAN204300CE.NFO,07/01/2020,09:34:05,32,31.8,750,32.2,500,500,230000
BAJFINANCE30JAN204300CE.NFO,07/01/2020,09:34:06,32,31.75,750,32.15,1250,0,230000
BAJFINANCE30JAN204300CE.NFO,07/01/2020,09:34:07,32,31.7,500,32.05,1250,0,230000
BAJFINANCE30JAN204300CE.NFO,07/01/2020,09:34:09,32.05,31.75,1000,32.25,1000,250,230000
BAJFINANCE30JAN204300CE.NFO,07/01/2020,09:34:10,32.05,31.8,750,32.2,750,0,230000
BAJFINANCE30JAN204300CE.NFO,07/01/2020,09:34:11,32.05,31.75,250,32.15,1000,0,230000
BAJFINANCE30JAN204300CE.NFO,07/01/2020,09:34:12,32.05,31.85,500,32.3,750,0,230000
BAJFINANCE30JAN204300CE.NFO,07/01/2020,09:34:13,32.05,32,750,32.5,1000,0,230000
BAJFINANCE30JAN204300CE.NFO,07/01/2020,09:34:14,32.05,32.1,250,32.45,750,0,230000
BAJFINANCE30JAN204300CE.NFO,07/01/2020,09:34:15,32,31.75,750,32.25,1000,1000,230000
BAJFINANCE30JAN204300CE.NFO,07/01/2020,09:34:16,32,31.85,250,32.25,1000,0,230000
BAJFINANCE30JAN204300CE.NFO,07/01/2020,09:34:17,32,31.85,1000,32.25,1250,0,230000
BAJFINANCE30JAN204300CE.NFO,07/01/2020,09:34:18,32,31.95,750,32.35,750,0,230000
BAJFINANCE30JAN204300CE.NFO,07/01/2020,09:34:20,32,31.85,250,32.25,750,0,230000
BAJFINANCE30JAN204300CE.NFO,07/01/2020,09:34:20,32,31.85,500,32.35,250,0,230000
BAJFINANCE30JAN204300CE.NFO,07/01/2020,09:34:21,32,31.85,1000,32.25,500,0,230000
BAJFINANCE30JAN204300CE.NFO,07/01/2020,09:34:23,32,31.9,1000,32.4,250,0,230000
BAJFINANCE30JAN204300CE.NFO,07/01/2020,09:34:24,32,31.75,250,32.3,750,0,230000
BAJFINANCE30JAN204300CE.NFO,07/01/2020,09:34:25,32,31.9,750,32,500,0,230000
BAJFINANCE30JAN204300CE.NFO,07/01/2020,09:34:26,32,31.75,1000,32.2,750,500,230000
BAJFINANCE30JAN204300CE.NFO,07/01/2020,09:34:27,32,31.75,1500,32.3,250,0,230000
BAJFINANCE30JAN204300CE.NFO,07/01/2020,09:34:28,32,31.7,250,32.2,250,250,230000
BAJFINANCE30JAN204300CE.NFO,07/01/2020,09:34:30,32,31.7,1000,32.15,750,0,230000
BAJFINANCE30JAN204300CE.NFO,07/01/2020,09:34:31,32,31.65,1000,32.1,750,0,230000
BAJFINANCE30JAN204300CE.NFO,07/01/2020,09:34:32,32,31.75,750,32.1,250,0,230000
BAJFINANCE30JAN204300CE.NFO,07/01/2020,09:34:33,32,31.8,250,32.25,1000,0,230000
BAJFINANCE30JAN204300CE.NFO,07/01/2020,09:34:34,32,31.65,750,32.1,750,0,230000
BAJFINANCE30JAN204300CE.NFO,07/01/2020,09:34:35,32,31.7,250,32.15,250,0,230000
BAJFINANCE30JAN204300CE.NFO,07/01/2020,09:34:36,32,31.65,1250,32.05,250,0,230000
BAJFINANCE30JAN204300CE.NFO,07/01/2020,09:34:37,32.05,31.7,1000,32.25,500,1000,230000
BAJFINANCE30JAN204300CE.NFO,07/01/2020,09:34:38,32.05,31.75,1000,32.2,750,0,230000
BAJFINANCE30JAN204300CE.NFO,07/01/2020,09:34:39,32.05,31.75,750,32.1,250,0,230000
BAJFINANCE30JAN204300CE.NFO,07/01/2020,09:34:41,32.05,31.65,250,32.05,250,0,230000
BAJFINANCE30JAN204300CE.NFO,07/01/2020,09:34:41,32.05,31.65,1000,32.1,750,0,230000
BAJFINANCE30JAN204300CE.NFO,07/01/2020,09:34:42,32.05,31.8,750,32.25,1250,0,230000
BAJFINANCE30JAN204300CE.NFO,07/01/2020,09:34:43,32.05,31.8,750,32.2,250,0,230000
BAJFINANCE30JAN204300CE.NFO,07/01/2020,09:34:44,32.05,31.9,750,32.4,250,0,230000
BAJFINANCE30JAN204300CE.NFO,07/01/2020,09:34:45,32.05,31.65,750,32.3,250,0,230000
BAJFINANCE30JAN204300CE.NFO,07/01/2020,09:34:46,32.05,31.8,250,32.35,750,0,230000
BAJFINANCE30JAN204300CE.NFO,07/01/2020,09:34:47,32.05,31.85,750,32.3,1000,0,230000
BAJFINANCE30JAN204300CE.NFO,07/01/2020,09:34:48,31.95,31.65,500,31.95,2250,750,230000
BAJFINANCE30JAN204300CE.NFO,07/01/2020,09:34:49,31.95,31.65,500,31.95,2250,0,230000
BAJFINANCE30JAN204300CE.NFO,07/01/2020,09:34:52,31.95,31.65,1250,31.95,2250,0,230000
BAJFINANCE30JAN204300CE.NFO,07/01/2020,09:34:52,31.95,31.65,250,31.95,2250,0,230000
BAJFINANCE30JAN204300CE.NFO,07/01/2020,09:34:53,31.95,31.6,250,31.95,2250,0,230000
BAJFINANCE30JAN204300CE.NFO,07/01/2020,09:34:56,31.95,31.55,1250,31.95,3000,0,230000
BAJFINANCE30JAN204300CE.NFO,07/01/2020,09:34:58,31.95,31.55,500,31.95,2250,0,230000
BAJFINANCE30JAN204300CE.NFO,07/01/2020,09:34:59,31.95,31.55,1250,31.9,2500,0,230000
BAJFINANCE30JAN204300CE.NFO,07/01/2020,09:35:00,31.95,31.55,250,31.85,250,0,230000
BAJFINANCE30JAN204300CE.NFO,07/01/2020,09:35:02,31.95,31.55,250,31.9,3000,0,230000
BAJFINANCE30JAN204300CE.NFO,07/01/2020,09:35:04,31.95,31.65,250,31.9,2250,0,230000
BAJFINANCE30JAN204300CE.NFO,07/01/2020,09:35:05,31.95,31.7,250,32.2,500,0,230000
BAJFINANCE30JAN204300CE.NFO,07/01/2020,09:35:06,31.95,31.7,750,32.1,1250,0,230000
BAJFINANCE30JAN204300CE.NFO,07/01/2020,09:35:08,31.95,31.7,1000,32.05,250,0,230000
BAJFINANCE30JAN204300CE.NFO,07/01/2020,09:35:10,31.95,31.5,750,31.95,750,0,230000
BAJFINANCE30JAN204300CE.NFO,07/01/2020,09:35:11,31.95,31.55,750,31.95,750,0,230000
BAJFINANCE30JAN204300CE.NFO,07/01/2020,09:35:14,31.95,31.45,1250,31.9,750,0,230000
BAJFINANCE30JAN204300CE.NFO,07/01/2020,09:35:16,31.95,31.5,750,31.9,750,0,230000
BAJFINANCE30JAN204300CE.NFO,07/01/2020,09:35:17,31.95,31.4,500,31.85,750,0,230000
BAJFINANCE30JAN204300CE.NFO,07/01/2020,09:35:17,31.95,31.4,1250,31.85,750,0,230000
BAJFINANCE30JAN204300CE.NFO,07/01/2020,09:35:18,31.95,31.4,1250,31.8,750,0,230000
BAJFINANCE30JAN204300CE.NFO,07/01/2020,09:35:19,31.15,30.85,250,31.25,500,6000,228750
BAJFINANCE30JAN204300CE.NFO,07/01/2020,09:35:20,31.05,30.7,250,31.2,250,500,228750
BAJFINANCE30JAN204300CE.NFO,07/01/2020,09:35:21,31.05,30.7,1000,31.2,1000,0,228750
BAJFINANCE30JAN204300CE.NFO,07/01/2020,09:35:22,31.05,30.75,750,31.25,250,0,228750
BAJFINANCE30JAN204300CE.NFO,07/01/2020,09:35:23,31.05,30.75,750,31.2,250,0,228750
BAJFINANCE30JAN204300CE.NFO,07/01/2020,09:35:25,31.05,30.75,750,31.25,750,0,228750
BAJFINANCE30JAN204300CE.NFO,07/01/2020,09:35:26,31.05,30.8,250,31.25,750,0,228750
BAJFINANCE30JAN204300CE.NFO,07/01/2020,09:35:27,31.05,30.4,250,31.1,500,0,228750
BAJFINANCE30JAN204300CE.NFO,07/01/2020,09:35:28,31.05,30.55,1000,31.05,1000,0,228750
BAJFINANCE30JAN204300CE.NFO,07/01/2020,09:35:28,31.05,30.55,250,30.95,250,0,228750
BAJFINANCE30JAN204300CE.NFO,07/01/2020,09:35:29,30.95,30.55,250,30.95,250,250,228750
BAJFINANCE30JAN204300CE.NFO,07/01/2020,09:35:31,30.95,30.55,250,30.95,750,0,228750
BAJFINANCE30JAN204300CE.NFO,07/01/2020,09:35:32,31,30.4,250,30.95,250,250,228750
BAJFINANCE30JAN204300CE.NFO,07/01/2020,09:35:33,31,30.45,750,30.85,250,0,228750
BAJFINANCE30JAN204300CE.NFO,07/01/2020,09:35:34,31,30.45,250,30.85,1000,0,228750
BAJFINANCE30JAN204300CE.NFO,07/01/2020,09:35:36,31,30.65,500,31,750,0,228750
BAJFINANCE30JAN204300CE.NFO,07/01/2020,09:35:37,31,30.6,500,31,1000,250,228750
BAJFINANCE30JAN204300CE.NFO,07/01/2020,09:35:38,31,30.6,1750,31,1000,0,228750
BAJFINANCE30JAN204300CE.NFO,07/01/2020,09:35:40,31,30.6,250,30.9,250,0,228750
BAJFINANCE30JAN204300CE.NFO,07/01/2020,09:35:40,30.9,30.6,250,30.95,250,250,228750
BAJFINANCE30JAN204300CE.NFO,07/01/2020,09:35:41,30.95,30.65,250,31.05,250,750,228750
BAJFINANCE30JAN204300CE.NFO,07/01/2020,09:35:42,30.95,30.6,1250,31,250,0,228750
BAJFINANCE30JAN204300CE.NFO,07/01/2020,09:35:43,30.95,30.65,1000,31,250,0,228750
BAJFINANCE30JAN204300CE.NFO,07/01/2020,09:35:45,30.95,30.55,250,30.95,250,0,228750
BAJFINANCE30JAN204300CE.NFO,07/01/2020,09:35:46,30.95,30.65,750,30.95,250,0,228750
BAJFINANCE30JAN204300CE.NFO,07/01/2020,09:35:46,30.95,30.7,750,31,250,0,228750
BAJFINANCE30JAN204300CE.NFO,07/01/2020,09:35:47,30.95,30.6,500,31,250,0,228750
BAJFINANCE30JAN204300CE.NFO,07/01/2020,09:35:48,31.05,30.95,750,31.1,250,250,228750
BAJFINANCE30JAN204300CE.NFO,07/01/2020,09:35:49,31.05,30.85,1250,31.1,250,0,228750
BAJFINANCE30JAN204300CE.NFO,07/01/2020,09:35:51,31.1,30.85,1000,31.4,250,250,228750
BAJFINANCE30JAN204300CE.NFO,07/01/2020,09:35:52,31.1,31,1000,31.5,250,0,228750
BAJFINANCE30JAN204300CE.NFO,07/01/2020,09:35:53,31.1,31.15,1250,31.6,250,0,228750
BAJFINANCE30JAN204300CE.NFO,07/01/2020,09:35:53,31.1,31.2,1000,31.6,250,0,228750
BAJFINANCE30JAN204300CE.NFO,07/01/2020,09:35:54,31.25,31.1,1000,31.6,250,500,228750
BAJFINANCE30JAN204300CE.NFO,07/01/2020,09:35:55,31.1,30.5,250,31.45,500,1000,228750
BAJFINANCE30JAN204300CE.NFO,07/01/2020,09:35:56,31.1,30.8,1000,31.35,750,0,228750
BAJFINANCE30JAN204300CE.NFO,07/01/2020,09:35:57,31.1,30.75,250,31.2,500,0,228750
BAJFINANCE30JAN204300CE.NFO,07/01/2020,09:35:59,31.1,30.7,250,31.1,250,0,228750
BAJFINANCE30JAN204300CE.NFO,07/01/2020,09:36:00,31.1,30.75,500,31.2,250,0,228750
BAJFINANCE30JAN204300CE.NFO,07/01/2020,09:36:00,31.1,30.75,1250,31.25,750,0,228750
BAJFINANCE30JAN204300CE.NFO,07/01/2020,09:36:01,31.1,30.85,1250,31.35,250,0,228750
BAJFINANCE30JAN204300CE.NFO,07/01/2020,09:36:02,31.15,30.8,500,31.35,250,250,228750
BAJFINANCE30JAN204300CE.NFO,07/01/2020,09:36:03,31.15,30.7,500,31.15,1000,0,228750
BAJFINANCE30JAN204300CE.NFO,07/01/2020,09:36:04,31.15,30.9,1000,31.4,250,0,228750
BAJFINANCE30JAN204300CE.NFO,07/01/2020,09:36:05,31.15,30.85,250,31.25,1000,0,228750
BAJFINANCE30JAN204300CE.NFO,07/01/2020,09:36:07,31.15,30.85,250,31.25,750,0,228750
BAJFINANCE30JAN204300CE.NFO,07/01/2020,09:36:09,31.15,30.8,250,31.2,750,0,228750
BAJFINANCE30JAN204300CE.NFO,07/01/2020,09:36:10,31.15,30.75,1250,31.15,1000,0,228750
BAJFINANCE30JAN204300CE.NFO,07/01/2020,09:36:11,31.15,30.8,1500,31.25,1250,0,228750
BAJFINANCE30JAN204300CE.NFO,07/01/2020,09:36:12,31.25,31.1,250,31.5,250,750,228750
BAJFINANCE30JAN204300CE.NFO,07/01/2020,09:36:12,31.25,31.1,250,31.5,250,0,228750
BAJFINANCE30JAN204300CE.NFO,07/01/2020,09:36:13,31.25,31.15,500,31.55,500,0,228750
BAJFINANCE30JAN204300CE.NFO,07/01/2020,09:36:14,31.25,31.1,750,31.55,500,0,228750
BAJFINANCE30JAN204300CE.NFO,07/01/2020,09:36:15,31.15,30.95,250,31.15,1750,500,228750
BAJFINANCE30JAN204300CE.NFO,07/01/2020,09:36:16,31.15,30.9,500,31.15,1750,0,228750
BAJFINANCE30JAN204300CE.NFO,07/01/2020,09:36:18,31.15,30.9,250,31.15,1750,0,228750
BAJFINANCE30JAN204300CE.NFO,07/01/2020,09:36:19,31.15,30.75,500,31.15,2000,0,228750
BAJFINANCE30JAN204300CE.NFO,07/01/2020,09:36:20,31.15,30.9,500,31.15,1750,0,228750
BAJFINANCE30JAN204300CE.NFO,07/01/2020,09:36:20,31.15,30.9,250,31.15,1750,0,228750
BAJFINANCE30JAN204300CE.NFO,07/01/2020,09:36:21,31.15,30.85,1000,31.15,1750,0,228750
BAJFINANCE30JAN204300CE.NFO,07/01/2020,09:36:22,31.15,30.85,750,31.15,1750,0,228750
BAJFINANCE30JAN204300CE.NFO,07/01/2020,09:36:23,31.15,30.75,1000,31.1,250,0,228750
BAJFINANCE30JAN204300CE.NFO,07/01/2020,09:36:24,31.15,30.6,250,31.1,500,0,228750
BAJFINANCE30JAN204300CE.NFO,07/01/2020,09:36:26,31.15,30.65,1000,31.1,500,0,228750
BAJFINANCE30JAN204300CE.NFO,07/01/2020,09:36:27,31.15,30.7,750,31.1,250,0,228750
BAJFINANCE30JAN204300CE.NFO,07/01/2020,09:36:28,31.15,30.65,1250,31.1,500,0,228750
BAJFINANCE30JAN204300CE.NFO,07/01/2020,09:36:28,31.15,30.65,1000,31.1,250,0,228750
BAJFINANCE30JAN204300CE.NFO,07/01/2020,09:36:29,31.15,30.65,1250,31.1,250,0,228750
BAJFINANCE30JAN204300CE.NFO,07/01/2020,09:36:30,31.15,30.7,750,31.1,500,0,228750
BAJFINANCE30JAN204300CE.NFO,07/01/2020,09:36:31,31.15,30.7,1000,31.1,750,0,228750
BAJFINANCE30JAN204300CE.NFO,07/01/2020,09:36:32,31.15,30.65,500,31.05,500,0,228750
BAJFINANCE30JAN204300CE.NFO,07/01/2020,09:36:33,31.15,30.65,500,31,250,0,228750
BAJFINANCE30JAN204300CE.NFO,07/01/2020,09:36:34,30.7,30.55,250,30.95,500,250,228750
BAJFINANCE30JAN204300CE.NFO,07/01/2020,09:36:35,30.7,30.55,1000,30.95,500,0,228750
BAJFINANCE30JAN204300CE.NFO,07/01/2020,09:36:37,30.95,30.35,250,30.95,500,500,228750
BAJFINANCE30JAN204300CE.NFO,07/01/2020,09:36:38,30.95,30.5,1000,31,250,0,228750
BAJFINANCE30JAN204300CE.NFO,07/01/2020,09:36:38,30.95,30.5,1000,31,500,0,228750
BAJFINANCE30JAN204300CE.NFO,07/01/2020,09:36:39,30.95,30.5,1000,30.95,750,0,228750
BAJFINANCE30JAN204300CE.NFO,07/01/2020,09:36:40,30.95,30.5,1000,30.95,500,0,228750
BAJFINANCE30JAN204300CE.NFO,07/01/2020,09:36:41,30.95,30.55,750,30.95,250,0,228750
BAJFINANCE30JAN204300CE.NFO,07/01/2020,09:36:42,30.95,30.55,750,30.95,500,0,228750
BAJFINANCE30JAN204300CE.NFO,07/01/2020,09:36:43,30.95,30.55,750,30.9,250,0,228750
BAJFINANCE30JAN204300CE.NFO,07/01/2020,09:36:45,30.95,30.7,1000,31.1,250,0,228750
BAJFINANCE30JAN204300CE.NFO,07/01/2020,09:36:47,30.95,30.75,750,31.1,250,0,228750
BAJFINANCE30JAN204300CE.NFO,07/01/2020,09:36:49,31.1,31,750,31.45,250,250,228750
BAJFINANCE30JAN204300CE.NFO,07/01/2020,09:36:50,31.1,31.1,1250,31.45,250,0,228750
BAJFINANCE30JAN204300CE.NFO,07/01/2020,09:36:51,31.1,31.1,1000,31.45,250,0,228750
BAJFINANCE30JAN204300CE.NFO,07/01/2020,09:36:59,31.1,31.05,250,31.45,250,0,228750
BAJFINANCE30JAN204300CE.NFO,07/01/2020,09:37:02,31.1,31.05,250,31.45,500,0,228750
BAJFINANCE30JAN204300CE.NFO,07/01/2020,09:37:04,31.1,30.95,250,31.35,250,0,228750
BAJFINANCE30JAN204300CE.NFO,07/01/2020,09:37:04,31.1,31,250,31.35,250,0,228750
BAJFINANCE30JAN204300CE.NFO,07/01/2020,09:37:05,31.1,30.95,250,31.3,500,0,228750
BAJFINANCE30JAN204300CE.NFO,07/01/2020,09:37:06,31.1,30.8,250,31.1,1750,0,228750
BAJFINANCE30JAN204300CE.NFO,07/01/2020,09:37:07,31.1,30.75,250,31.1,2750,0,228750
BAJFINANCE30JAN204300CE.NFO,07/01/2020,09:37:08,31.1,30.75,1000,31.1,2250,500,228750
BAJFINANCE30JAN204300CE.NFO,07/01/2020,09:37:09,31.1,30.65,1000,31.1,2250,0,228750
BAJFINANCE30JAN204300CE.NFO,07/01/2020,09:37:10,31.1,30.65,1000,31.1,2500,0,228750
BAJFINANCE30JAN204300CE.NFO,07/01/2020,09:37:11,31.1,30.65,750,31,250,0,228750
BAJFINANCE30JAN204300CE.NFO,07/01/2020,09:37:13,31.1,30.6,250,31.05,500,0,228750
BAJFINANCE30JAN204300CE.NFO,07/01/2020,09:37:14,31.1,30.6,750,31,250,0,228750
BAJFINANCE30JAN204300CE.NFO,07/01/2020,09:37:15,31.1,30.5,1000,31,500,0,228750
BAJFINANCE30JAN204300CE.NFO,07/01/2020,09:37:16,31.1,30.55,1000,31.05,750,0,228750
BAJFINANCE30JAN204300CE.NFO,07/01/2020,09:37:17,31.1,30.55,1000,31,500,0,228750
BAJFINANCE30JAN204300CE.NFO,07/01/2020,09:37:19,31.1,30.55,1000,30.9,250,0,228750
BAJFINANCE30JAN204300CE.NFO,07/01/2020,09:37:20,31.1,30.65,750,31.1,1500,0,228750
BAJFINANCE30JAN204300CE.NFO,07/01/2020,09:37:21,31.05,30.7,1000,31.1,1500,500,228750
BAJFINANCE30JAN204300CE.NFO,07/01/2020,09:37:22,31.05,30.7,1000,31.1,1250,0,228750
BAJFINANCE30JAN204300CE.NFO,07/01/2020,09:37:23,31.05,30.7,1000,31.05,250,0,228750
BAJFINANCE30JAN204300CE.NFO,07/01/2020,09:37:25,31.05,30.6,750,31,250,0,228750
BAJFINANCE30JAN204300CE.NFO,07/01/2020,09:37:26,31.05,30.5,500,31,750,0,228750
BAJFINANCE30JAN204300CE.NFO,07/01/2020,09:37:28,31.05,30.5,1250,30.95,250,0,228750
BAJFINANCE30JAN204300CE.NFO,07/01/2020,09:37:28,30.95,30.6,750,31,500,250,228750
BAJFINANCE30JAN204300CE.NFO,07/01/2020,09:37:30,31,30.65,750,31.05,250,250,228750
BAJFINANCE30JAN204300CE.NFO,07/01/2020,09:37:30,31,30.65,750,31.05,250,0,228750
BAJFINANCE30JAN204300CE.NFO,07/01/2020,09:37:31,31,30.45,750,31,500,0,228750
BAJFINANCE30JAN204300CE.NFO,07/01/2020,09:37:33,31,30.55,1000,30.95,250,0,228750
BAJFINANCE30JAN204300CE.NFO,07/01/2020,09:37:33,30.95,30.6,750,30.95,250,250,228750
BAJFINANCE30JAN204300CE.NFO,07/01/2020,09:37:34,30.65,30.55,500,31,500,250,228750
BAJFINANCE30JAN204300CE.NFO,07/01/2020,09:37:35,30.65,30.55,500,30.95,1250,0,228750
BAJFINANCE30JAN204300CE.NFO,07/01/2020,09:37:36,30.65,30.55,500,30.9,250,0,228750
BAJFINANCE30JAN204300CE.NFO,07/01/2020,09:37:37,30.65,30.55,250,30.95,1500,0,228750
BAJFINANCE30JAN204300CE.NFO,07/01/2020,09:37:38,30.65,30.55,500,30.95,1500,0,228750
BAJFINANCE30JAN204300CE.NFO,07/01/2020,09:37:39,30.65,30.55,500,30.95,1250,0,228750
BAJFINANCE30JAN204300CE.NFO,07/01/2020,09:37:42,30.65,30.6,500,30.95,1250,0,228750
BAJFINANCE30JAN204300CE.NFO,07/01/2020,09:37:43,30.65,30.55,1250,30.95,1250,0,228750
BAJFINANCE30JAN204300CE.NFO,07/01/2020,09:37:45,30.65,30.6,750,30.95,1250,0,228750
BAJFINANCE30JAN204300CE.NFO,07/01/2020,09:37:46,30.55,30.55,250,30.6,500,1000,228750
BAJFINANCE30JAN204300CE.NFO,07/01/2020,09:37:47,30.6,30.45,750,30.6,250,250,228750
BAJFINANCE30JAN204300CE.NFO,07/01/2020,09:37:48,30.7,30.4,250,30.9,500,500,228750
BAJFINANCE30JAN204300CE.NFO,07/01/2020,09:37:49,30.7,30.45,750,30.85,750,0,228750
BAJFINANCE30JAN204300CE.NFO,07/01/2020,09:37:50,30.7,30.45,1000,30.85,1000,0,228750
BAJFINANCE30JAN204300CE.NFO,07/01/2020,09:37:51,30.7,30.45,1000,30.8,1000,0,228750
BAJFINANCE30JAN204300CE.NFO,07/01/2020,09:37:52,30.7,30.55,750,30.9,750,0,228750
BAJFINANCE30JAN204300CE.NFO,07/01/2020,09:37:53,30.35,30.3,1000,30.75,250,500,228750
BAJFINANCE30JAN204300CE.NFO,07/01/2020,09:37:54,30.35,30.25,1000,30.75,750,0,228750
BAJFINANCE30JAN204300CE.NFO,07/01/2020,09:37:55,30.35,30.25,250,30.7,1500,0,228750
BAJFINANCE30JAN204300CE.NFO,07/01/2020,09:37:57,30.35,30.2,1000,30.65,1000,0,228750
BAJFINANCE30JAN204300CE.NFO,07/01/2020,09:37:58,30.35,30.25,750,30.65,500,0,228750
BAJFINANCE30JAN204300CE.NFO,07/01/2020,09:37:59,30.35,30.15,500,30.6,250,0,228750
BAJFINANCE30JAN204300CE.NFO,07/01/2020,09:37:59,30.35,30.15,1000,30.6,250,0,228750
BAJFINANCE30JAN204300CE.NFO,07/01/2020,09:38:01,30.35,30.1,1000,30.55,1000,0,228750
BAJFINANCE30JAN204300CE.NFO,07/01/2020,09:38:02,30.35,30.1,1250,30.55,1000,0,228750
BAJFINANCE30JAN204300CE.NFO,07/01/2020,09:38:03,30.55,30.15,750,30.55,750,250,228750
BAJFINANCE30JAN204300CE.NFO,07/01/2020,09:38:05,30.55,30.15,500,30.55,250,0,228750
BAJFINANCE30JAN204300CE.NFO,07/01/2020,09:38:05,30.55,30.1,500,30.5,1250,0,228750
BAJFINANCE30JAN204300CE.NFO,07/01/2020,09:38:06,30.2,30.15,1000,30.5,1000,250,228750
BAJFINANCE30JAN204300CE.NFO,07/01/2020,09:38:07,30.2,30.2,1000,30.55,500,0,228750
BAJFINANCE30JAN204300CE.NFO,07/01/2020,09:38:08,30.2,30,1500,30.45,750,0,228750
BAJFINANCE30JAN204300CE.NFO,07/01/2020,09:38:10,30.2,30,1500,30.45,1000,0,228750
BAJFINANCE30JAN204300CE.NFO,07/01/2020,09:38:11,30.2,30.05,500,30.45,500,0,228750
BAJFINANCE30JAN204300CE.NFO,07/01/2020,09:38:12,30.15,30.05,1000,30.4,750,250,228750
BAJFINANCE30JAN204300CE.NFO,07/01/2020,09:38:13,30.15,30.05,750,30.4,750,0,228750
BAJFINANCE30JAN204300CE.NFO,07/01/2020,09:38:14,30.15,30.05,1250,30.45,1250,0,228750
BAJFINANCE30JAN204300CE.NFO,07/01/2020,09:38:15,30.15,30,1000,30.35,750,0,228750
BAJFINANCE30JAN204300CE.NFO,07/01/2020,09:38:15,30.15,30.05,1250,30.5,250,0,228750
BAJFINANCE30JAN204300CE.NFO,07/01/2020,09:38:16,30.15,30,1000,30.35,250,0,228750
BAJFINANCE30JAN204300CE.NFO,07/01/2020,09:38:17,30.15,30,1250,30.35,250,0,228750
BAJFINANCE30JAN204300CE.NFO,07/01/2020,09:38:18,30.15,30.05,750,30.45,250,0,228750
BAJFINANCE30JAN204300CE.NFO,07/01/2020,09:38:19,30.15,30,250,30.4,1000,0,228750
BAJFINANCE30JAN204300CE.NFO,07/01/2020,09:38:20,30.4,30.3,250,30.85,250,250,225000
BAJFINANCE30JAN204300CE.NFO,07/01/2020,09:38:21,30.4,30.1,250,30.6,750,0,225000
BAJFINANCE30JAN204300CE.NFO,07/01/2020,09:38:22,30.4,30.2,500,30.8,250,0,225000
BAJFINANCE30JAN204300CE.NFO,07/01/2020,09:38:24,30.4,30.1,250,30.55,250,0,225000
BAJFINANCE30JAN204300CE.NFO,07/01/2020,09:38:25,30.4,30.15,750,30.6,750,0,225000
BAJFINANCE30JAN204300CE.NFO,07/01/2020,09:38:26,30.4,30.1,250,30.55,1000,0,225000
BAJFINANCE30JAN204300CE.NFO,07/01/2020,09:38:27,30.4,30.05,500,30.45,750,0,225000
BAJFINANCE30JAN204300CE.NFO,07/01/2020,09:38:28,30.4,30.1,250,30.5,750,0,225000
BAJFINANCE30JAN204300CE.NFO,07/01/2020,09:38:29,30.4,30.2,500,30.65,250,0,225000
BAJFINANCE30JAN204300CE.NFO,07/01/2020,09:38:30,29.95,29.8,250,30.3,1000,750,225000
BAJFINANCE30JAN204300CE.NFO,07/01/2020,09:38:32,29.95,29.85,250,30.3,500,0,225000
BAJFINANCE30JAN204300CE.NFO,07/01/2020,09:38:33,29.95,29.9,250,30.4,500,0,225000
BAJFINANCE30JAN204300CE.NFO,07/01/2020,09:38:34,29.95,29.75,250,30.3,250,0,225000
BAJFINANCE30JAN204300CE.NFO,07/01/2020,09:38:35,29.95,29.75,1000,30.25,750,0,225000
BAJFINANCE30JAN204300CE.NFO,07/01/2020,09:38:36,29.95,29.85,250,30.3,250,0,225000
BAJFINANCE30JAN204300CE.NFO,07/01/2020,09:38:37,29.95,29.85,1000,30.3,1000,0,225000
BAJFINANCE30JAN204300CE.NFO,07/01/2020,09:38:38,29.95,29.9,1000,30.3,1000,0,225000
BAJFINANCE30JAN204300CE.NFO,07/01/2020,09:38:40,30,29.8,750,30.25,750,500,225000
BAJFINANCE30JAN204300CE.NFO,07/01/2020,09:38:41,30,29.75,1000,30.15,250,0,225000
BAJFINANCE30JAN204300CE.NFO,07/01/2020,09:38:42,30,29.75,750,30.2,1000,0,225000
BAJFINANCE30JAN204300CE.NFO,07/01/2020,09:38:43,30,29.75,750,30.15,500,0,225000
BAJFINANCE30JAN204300CE.NFO,07/01/2020,09:38:44,30,29.65,250,30.15,250,0,225000
BAJFINANCE30JAN204300CE.NFO,07/01/2020,09:38:44,30,29.7,250,30.15,1000,0,225000
BAJFINANCE30JAN204300CE.NFO,07/01/2020,09:38:45,30,29.65,750,30.1,1000,0,225000
BAJFINANCE30JAN204300CE.NFO,07/01/2020,09:38:46,30,29.75,250,30.1,1000,0,225000
BAJFINANCE30JAN204300CE.NFO,07/01/2020,09:38:47,30,29.7,250,30.2,250,0,225000
BAJFINANCE30JAN204300CE.NFO,07/01/2020,09:38:49,29.55,29.2,250,29.7,1000,250,225000
BAJFINANCE30JAN204300CE.NFO,07/01/2020,09:38:50,29.7,29.35,250,29.8,500,250,225000
BAJFINANCE30JAN204300CE.NFO,07/01/2020,09:38:51,29.7,29.4,250,29.8,250,0,225000
BAJFINANCE30JAN204300CE.NFO,07/01/2020,09:38:52,29.8,29.6,250,30.05,500,500,225000
BAJFINANCE30JAN204300CE.NFO,07/01/2020,09:38:52,29.8,29.45,250,30.05,500,0,225000
BAJFINANCE30JAN204300CE.NFO,07/01/2020,09:38:53,29.8,29.45,250,29.9,1000,0,225000
BAJFINANCE30JAN204300CE.NFO,07/01/2020,09:38:54,29.8,29.45,750,29.85,250,0,225000
BAJFINANCE30JAN204300CE.NFO,07/01/2020,09:38:55,29.8,29.5,250,29.85,250,0,225000
BAJFINANCE30JAN204300CE.NFO,07/01/2020,09:38:57,29.9,29.7,250,30,250,250,225000
BAJFINANCE30JAN204300CE.NFO,07/01/2020,09:38:58,29.9,29.7,250,30,250,0,225000
BAJFINANCE30JAN204300CE.NFO,07/01/2020,09:38:59,30,29.75,250,30.25,1000,250,225000
BAJFINANCE30JAN204300CE.NFO,07/01/2020,09:38:59,30,29.75,250,30.25,1000,0,225000
BAJFINANCE30JAN204300CE.NFO,07/01/2020,09:39:00,30,29.95,250,30.4,1000,0,225000
BAJFINANCE30JAN204300CE.NFO,07/01/2020,09:39:01,30,29.85,250,30.3,1000,0,225000
BAJFINANCE30JAN204300CE.NFO,07/01/2020,09:39:02,30,29.95,250,30.4,500,0,225000
BAJFINANCE30JAN204300CE.NFO,07/01/2020,09:39:03,30,30.1,250,30.45,500,0,225000
BAJFINANCE30JAN204300CE.NFO,07/01/2020,09:39:04,30.1,29.8,250,30.35,1250,250,225000
BAJFINANCE30JAN204300CE.NFO,07/01/2020,09:39:05,30.1,29.9,250,30,500,0,225000
BAJFINANCE30JAN204300CE.NFO,07/01/2020,09:39:06,29.9,29.75,500,30,1000,1000,225000
BAJFINANCE30JAN204300CE.NFO,07/01/2020,09:39:08,29.9,29.75,250,30,1000,0,225000
BAJFINANCE30JAN204300CE.NFO,07/01/2020,09:39:11,29.75,29.6,250,30,2000,250,225000
