Ticker,Date,Time,LTP,BuyPrice,BuyQty,SellPrice,SellQty,LTQ,OpenInterest
BAJFINANCE30JAN204600CE.NFO,07/01/2020,09:18:16,4,3.65,500,4.9,1250,250,48000
BAJFINANCE30JAN204600CE.NFO,07/01/2020,09:18:16,4,3.65,500,4.9,1250,0,48000
BAJFINANCE30JAN204600CE.NFO,07/01/2020,09:18:16,4,3.65,500,4.9,1250,0,48000
BAJFINANCE30JAN204600CE.NFO,07/01/2020,09:18:16,4,3.65,500,4.9,1250,0,48000
BAJFINANCE30JAN204600CE.NFO,07/01/2020,09:18:31,4,3.65,500,4.9,1250,0,48000
BAJFINANCE30JAN204600CE.NFO,07/01/2020,09:18:39,4,3.65,1000,4.9,1750,0,48000
BAJFINANCE30JAN204600CE.NFO,07/01/2020,09:19:48,4.9,3.65,1000,4.9,1500,250,48000
BAJFINANCE30JAN204600CE.NFO,07/01/2020,09:19:48,4.9,3.65,1000,4.9,1500,0,48000
BAJFINANCE30JAN204600CE.NFO,07/01/2020,09:19:56,4.9,3.65,1000,4.85,750,0,48000
BAJFINANCE30JAN204600CE.NFO,07/01/2020,09:20:12,4.8,4,1250,4.8,500,250,48000
BAJFINANCE30JAN204600CE.NFO,07/01/2020,09:20:20,4.8,4,1000,4.7,750,0,48000
BAJFINANCE30JAN204600CE.NFO,07/01/2020,09:20:36,4.8,4,1250,4.85,500,0,48000
BAJFINANCE30JAN204600CE.NFO,07/01/2020,09:20:43,4.8,4.05,500,4.85,500,0,48000
BAJFINANCE30JAN204600CE.NFO,07/01/2020,09:20:51,4.85,4.1,750,4.9,1000,500,48000
BAJFINANCE30JAN204600CE.NFO,07/01/2020,09:20:58,4.85,4.05,750,4.9,1000,0,48000
BAJFINANCE30JAN204600CE.NFO,07/01/2020,09:21:06,4.85,4.1,1500,4.9,1000,0,48000
BAJFINANCE30JAN204600CE.NFO,07/01/2020,09:21:13,4.85,4.2,750,4.9,1000,0,48000
BAJFINANCE30JAN204600CE.NFO,07/01/2020,09:21:43,4.85,4.2,750,4.8,250,0,48000
BAJFINANCE30JAN204600CE.NFO,07/01/2020,09:22:11,4.85,4.2,750,4.8,500,0,48000
BAJFINANCE30JAN204600CE.NFO,07/01/2020,09:22:19,4.85,4.2,1000,4.8,500,0,48000
BAJFINANCE30JAN204600CE.NFO,07/01/2020,09:22:26,4.8,4.2,1000,4.9,1000,500,48000
BAJFINANCE30JAN204600CE.NFO,07/01/2020,09:22:32,4.8,4.2,1000,4.9,1000,0,48000
BAJFINANCE30JAN204600CE.NFO,07/01/2020,09:22:40,4.8,4.3,750,4.9,1000,0,48000
BAJFINANCE30JAN204600CE.NFO,07/01/2020,09:23:05,4.9,4.3,750,4.9,750,250,48000
BAJFINANCE30JAN204600CE.NFO,07/01/2020,09:23:12,4.9,4.3,750,4.9,750,0,48000
BAJFINANCE30JAN204600CE.NFO,07/01/2020,09:23:58,4.9,4.3,750,4.9,1500,0,48000
BAJFINANCE30JAN204600CE.NFO,07/01/2020,09:24:13,4.9,4.3,750,4.9,1250,250,48500
BAJFINANCE30JAN204600CE.NFO,07/01/2020,09:24:34,4.9,4.3,750,4.9,1250,0,48500
BAJFINANCE30JAN204600CE.NFO,07/01/2020,09:24:40,4.9,4.3,1000,4.9,1250,0,48500
BAJFINANCE30JAN204600CE.NFO,07/01/2020,09:24:46,4.9,4.3,750,4.9,1250,0,48500
BAJFINANCE30JAN204600CE.NFO,07/01/2020,09:24:53,4.9,4.3,1000,4.9,1250,0,48500
BAJFINANCE30JAN204600CE.NFO,07/01/2020,09:25:06,4.9,4.4,750,4.9,1250,0,48500
BAJFINANCE30JAN204600CE.NFO,07/01/2020,09:25:28,4.9,4.55,750,4.9,750,1000,48500
BAJFINANCE30JAN204600CE.NFO,07/01/2020,09:25:54,4.9,4.55,750,4.9,750,0,48500
BAJFINANCE30JAN204600CE.NFO,07/01/2020,09:26:05,4.9,4.1,250,4.9,750,0,48500
BAJFINANCE30JAN204600CE.NFO,07/01/2020,09:26:13,4.9,4.3,750,4.9,750,0,48500
BAJFINANCE30JAN204600CE.NFO,07/01/2020,09:26:59,4.9,3.95,500,4.9,250,0,48500
BAJFINANCE30JAN204600CE.NFO,07/01/2020,09:27:04,4.9,4.25,1000,4.9,250,0,48500
BAJFINANCE30JAN204600CE.NFO,07/01/2020,09:27:10,4.9,4.35,250,4.9,250,0,48500
BAJFINANCE30JAN204600CE.NFO,07/01/2020,09:27:15,4.9,4.15,250,4.9,750,0,48500
BAJFINANCE30JAN204600CE.NFO,07/01/2020,09:27:22,4.9,4.25,1000,4.9,750,0,48500
BAJFINANCE30JAN204600CE.NFO,07/01/2020,09:27:28,4.9,4.2,750,4.9,750,0,48500
BAJFINANCE30JAN204600CE.NFO,07/01/2020,09:27:35,4.9,3.95,250,4.9,750,0,48500
BAJFINANCE30JAN204600CE.NFO,07/01/2020,09:27:40,4.9,4.25,750,4.9,750,0,48500
BAJFINANCE30JAN204600CE.NFO,07/01/2020,09:28:12,4.9,4.1,750,4.9,750,0,48500
BAJFINANCE30JAN204600CE.NFO,07/01/2020,09:28:18,4.9,4.25,750,4.9,750,0,48500
BAJFINANCE30JAN204600CE.NFO,07/01/2020,09:28:36,4.9,3.9,250,4.9,750,0,48500
BAJFINANCE30JAN204600CE.NFO,07/01/2020,09:28:52,4.9,3.9,750,4.9,750,0,48500
BAJFINANCE30JAN204600CE.NFO,07/01/2020,09:29:23,4.9,4.05,250,4.9,750,0,48500
BAJFINANCE30JAN204600CE.NFO,07/01/2020,09:29:53,4.9,4.05,750,4.9,750,0,48500
BAJFINANCE30JAN204600CE.NFO,07/01/2020,09:30:12,4.9,4.15,250,4.9,750,0,48500
BAJFINANCE30JAN204600CE.NFO,07/01/2020,09:30:19,4.9,4.25,250,4.9,750,0,48500
BAJFINANCE30JAN204600CE.NFO,07/01/2020,09:30:25,4.9,4.25,750,4.9,750,0,48500
BAJFINANCE30JAN204600CE.NFO,07/01/2020,09:30:41,4.9,4.25,250,4.9,750,0,48500
BAJFINANCE30JAN204600CE.NFO,07/01/2020,09:30:46,4.9,4.25,750,4.9,750,0,48500
BAJFINANCE30JAN204600CE.NFO,07/01/2020,09:33:00,4.9,4.25,750,5.25,500,250,48500
BAJFINANCE30JAN204600CE.NFO,07/01/2020,09:33:05,4.9,4.25,750,5.2,750,0,48500
BAJFINANCE30JAN204600CE.NFO,07/01/2020,09:33:16,4.9,4.25,750,5.25,500,0,48500
BAJFINANCE30JAN204600CE.NFO,07/01/2020,09:33:22,5.25,4.25,750,5.25,250,250,48500
BAJFINANCE30JAN204600CE.NFO,07/01/2020,09:33:22,5.25,4.25,750,5.25,250,0,48500
BAJFINANCE30JAN204600CE.NFO,07/01/2020,09:33:39,5.25,4.25,750,5.25,250,0,48500
BAJFINANCE30JAN204600CE.NFO,07/01/2020,09:33:59,5.25,4.25,750,5.25,500,0,48500
BAJFINANCE30JAN204600CE.NFO,07/01/2020,09:34:10,5.25,4.3,750,5.25,500,0,48500
BAJFINANCE30JAN204600CE.NFO,07/01/2020,09:34:15,5.25,4.35,750,5.25,500,0,48500
BAJFINANCE30JAN204600CE.NFO,07/01/2020,09:34:30,5.25,4.35,750,5.25,750,0,48500
BAJFINANCE30JAN204600CE.NFO,07/01/2020,09:34:35,5.25,4.5,750,5.25,750,0,48500
BAJFINANCE30JAN204600CE.NFO,07/01/2020,09:35:00,5.25,3.9,250,5.25,750,0,48500
BAJFINANCE30JAN204600CE.NFO,07/01/2020,09:35:05,5.25,4.05,250,5.2,500,0,48500
BAJFINANCE30JAN204600CE.NFO,07/01/2020,09:35:10,5.25,4.15,250,5.2,500,0,48500
BAJFINANCE30JAN204600CE.NFO,07/01/2020,09:35:15,5.25,4.15,750,5.2,500,0,48500
BAJFINANCE30JAN204600CE.NFO,07/01/2020,09:35:36,5.15,5.15,3250,5.2,250,1750,47250
BAJFINANCE30JAN204600CE.NFO,07/01/2020,09:35:42,5.15,5.15,3250,5.2,250,0,47250
BAJFINANCE30JAN204600CE.NFO,07/01/2020,09:36:08,5.15,5.15,3250,5.25,250,0,47250
BAJFINANCE30JAN204600CE.NFO,07/01/2020,09:36:20,5.15,5.15,3000,5.25,250,250,47250
BAJFINANCE30JAN204600CE.NFO,07/01/2020,09:36:31,5.15,5.15,3000,5.2,250,0,47250
BAJFINANCE30JAN204600CE.NFO,07/01/2020,09:36:36,5.15,5.15,2750,5.25,500,250,47250
BAJFINANCE30JAN204600CE.NFO,07/01/2020,09:36:41,5.15,5.15,2000,5.25,500,750,47250
BAJFINANCE30JAN204600CE.NFO,07/01/2020,09:36:51,5.15,5.15,2000,5.2,1000,0,47250
BAJFINANCE30JAN204600CE.NFO,07/01/2020,09:37:11,5.15,4.3,250,5.2,1000,2000,47250
BAJFINANCE30JAN204600CE.NFO,07/01/2020,09:37:16,5.15,4.35,750,5.2,1250,0,47250
BAJFINANCE30JAN204600CE.NFO,07/01/2020,09:37:21,5.15,4.45,250,5.2,1250,0,47250
BAJFINANCE30JAN204600CE.NFO,07/01/2020,09:37:31,5.15,4.65,1000,5.2,1250,0,47250
BAJFINANCE30JAN204600CE.NFO,07/01/2020,09:38:04,5.15,4.65,750,5.1,750,0,47250
BAJFINANCE30JAN204600CE.NFO,07/01/2020,09:38:09,5.15,4.65,750,5.1,1000,0,47250
BAJFINANCE30JAN204600CE.NFO,07/01/2020,09:38:33,5.15,4.55,750,5.1,1000,0,47250
BAJFINANCE30JAN204600CE.NFO,07/01/2020,09:38:47,5.15,4.55,750,5.1,1250,0,47250
BAJFINANCE30JAN204600CE.NFO,07/01/2020,09:39:05,5.15,4.45,250,5.1,1250,0,47250
BAJFINANCE30JAN204600CE.NFO,07/01/2020,09:39:10,5.15,4.55,1000,5.1,1250,0,47250
BAJFINANCE30JAN204600CE.NFO,07/01/2020,09:39:15,5.15,4.65,750,5.1,1250,0,47250
BAJFINANCE30JAN204600CE.NFO,07/01/2020,09:39:41,5.15,4.65,1000,5.1,1250,0,47250
BAJFINANCE30JAN204600CE.NFO,07/01/2020,09:39:51,5.15,4.65,750,5.1,1250,0,47250
BAJFINANCE30JAN204600CE.NFO,07/01/2020,09:40:00,5.15,4.75,250,5.1,750,0,47250
BAJFINANCE30JAN204600CE.NFO,07/01/2020,09:40:05,5.15,4.75,750,5.1,750,0,47250
BAJFINANCE30JAN204600CE.NFO,07/01/2020,09:40:22,5.15,4.75,750,5.1,1000,0,47250
BAJFINANCE30JAN204600CE.NFO,07/01/2020,09:40:28,4.85,4.75,750,4.85,500,750,51750
BAJFINANCE30JAN204600CE.NFO,07/01/2020,09:40:32,4.8,4.6,250,4.8,3000,750,51750
BAJFINANCE30JAN204600CE.NFO,07/01/2020,09:40:38,4.8,4.6,250,4.8,3000,0,51750
BAJFINANCE30JAN204600CE.NFO,07/01/2020,09:40:52,4.8,4.6,750,4.8,3000,0,51750
BAJFINANCE30JAN204600CE.NFO,07/01/2020,09:41:07,4.8,4.5,250,4.8,3250,0,51750
BAJFINANCE30JAN204600CE.NFO,07/01/2020,09:41:12,4.8,4.5,750,4.8,3250,0,51750
BAJFINANCE30JAN204600CE.NFO,07/01/2020,09:41:27,4.8,4.5,750,4.7,750,0,51750
BAJFINANCE30JAN204600CE.NFO,07/01/2020,09:41:32,4.8,4.4,250,4.7,1000,0,51750
BAJFINANCE30JAN204600CE.NFO,07/01/2020,09:41:37,4.8,4.4,750,4.7,1000,0,51750
BAJFINANCE30JAN204600CE.NFO,07/01/2020,09:41:45,4.8,4.4,750,4.7,750,0,51750
BAJFINANCE30JAN204600CE.NFO,07/01/2020,09:42:30,4.8,4.4,750,4.7,1000,0,51750
BAJFINANCE30JAN204600CE.NFO,07/01/2020,09:42:50,4.8,4.2,250,4.7,1000,0,51750
BAJFINANCE30JAN204600CE.NFO,07/01/2020,09:42:56,4.8,4.25,1000,4.7,1000,0,51750
BAJFINANCE30JAN204600CE.NFO,07/01/2020,09:43:02,4.8,4.25,750,4.7,1000,0,51750
BAJFINANCE30JAN204600CE.NFO,07/01/2020,09:43:39,4.8,4.25,750,4.5,750,0,51750
BAJFINANCE30JAN204600CE.NFO,07/01/2020,09:43:48,4.8,4.2,250,4.5,750,0,51750
BAJFINANCE30JAN204600CE.NFO,07/01/2020,09:43:59,4.8,4.2,750,4.5,750,0,51750
BAJFINANCE30JAN204600CE.NFO,07/01/2020,09:44:04,4.8,4.2,1000,4.55,250,0,51750
BAJFINANCE30JAN204600CE.NFO,07/01/2020,09:44:10,4.8,4.35,750,4.55,250,0,51750
BAJFINANCE30JAN204600CE.NFO,07/01/2020,09:44:26,4.8,4.35,1500,4.55,250,0,51750
BAJFINANCE30JAN204600CE.NFO,07/01/2020,09:45:04,4.8,4.35,1750,4.6,250,0,51750
BAJFINANCE30JAN204600CE.NFO,07/01/2020,09:45:10,4.55,4.45,1000,4.7,250,250,51250
BAJFINANCE30JAN204600CE.NFO,07/01/2020,09:45:17,4.55,4.5,1250,4.7,250,0,51250
BAJFINANCE30JAN204600CE.NFO,07/01/2020,09:45:33,4.55,4.55,750,4.75,500,0,51250
BAJFINANCE30JAN204600CE.NFO,07/01/2020,09:45:46,4.6,4.6,1750,4.75,500,250,51250
BAJFINANCE30JAN204600CE.NFO,07/01/2020,09:45:51,4.6,4.6,1750,4.75,500,0,51250
BAJFINANCE30JAN204600CE.NFO,07/01/2020,09:46:01,4.6,4.45,500,4.75,500,0,51250
BAJFINANCE30JAN204600CE.NFO,07/01/2020,09:46:05,4.6,4.5,750,4.75,500,0,51250
BAJFINANCE30JAN204600CE.NFO,07/01/2020,09:46:41,4.6,4.45,500,4.65,750,0,51250
BAJFINANCE30JAN204600CE.NFO,07/01/2020,09:46:51,4.6,4.5,750,4.65,750,0,51250
BAJFINANCE30JAN204600CE.NFO,07/01/2020,09:46:59,4.6,4.45,500,4.65,750,0,51250
BAJFINANCE30JAN204600CE.NFO,07/01/2020,09:47:03,4.6,4.5,750,4.65,750,0,51250
BAJFINANCE30JAN204600CE.NFO,07/01/2020,09:47:17,4.6,4.5,2000,4.65,750,0,51250
BAJFINANCE30JAN204600CE.NFO,07/01/2020,09:48:19,4.6,4.5,1750,4.65,750,0,51250
BAJFINANCE30JAN204600CE.NFO,07/01/2020,09:49:06,4.6,4.5,1750,4.75,750,0,51250
BAJFINANCE30JAN204600CE.NFO,07/01/2020,09:49:09,4.6,4.5,2000,4.75,750,0,51250
BAJFINANCE30JAN204600CE.NFO,07/01/2020,09:49:13,4.6,4.5,1250,4.65,750,0,51250
BAJFINANCE30JAN204600CE.NFO,07/01/2020,09:49:17,4.6,4.5,250,4.7,500,0,51250
BAJFINANCE30JAN204600CE.NFO,07/01/2020,09:49:21,4.6,4.5,1000,4.7,500,0,51250
BAJFINANCE30JAN204600CE.NFO,07/01/2020,09:49:26,4.6,4.4,750,4.65,750,0,51250
BAJFINANCE30JAN204600CE.NFO,07/01/2020,09:49:32,4.6,4.4,1000,4.65,750,0,51250
BAJFINANCE30JAN204600CE.NFO,07/01/2020,09:49:38,4.6,4.5,500,4.7,500,0,51250
BAJFINANCE30JAN204600CE.NFO,07/01/2020,09:49:47,4.6,4.5,1000,4.7,250,0,51250
BAJFINANCE30JAN204600CE.NFO,07/01/2020,09:49:50,4.6,4.5,750,4.7,250,0,51250
BAJFINANCE30JAN204600CE.NFO,07/01/2020,09:50:03,4.6,4.45,750,4.7,250,0,51250
BAJFINANCE30JAN204600CE.NFO,07/01/2020,09:50:07,4.45,4.3,1250,4.5,500,250,51250
BAJFINANCE30JAN204600CE.NFO,07/01/2020,09:50:11,4.45,4.3,1250,4.5,250,0,51250
BAJFINANCE30JAN204600CE.NFO,07/01/2020,09:50:30,4.45,4.4,750,4.5,250,0,51250
BAJFINANCE30JAN204600CE.NFO,07/01/2020,09:51:04,4.45,4.35,750,4.5,250,0,51250
BAJFINANCE30JAN204600CE.NFO,07/01/2020,09:51:13,4.45,4.35,1000,4.5,500,0,51250
BAJFINANCE30JAN204600CE.NFO,07/01/2020,09:51:22,4.45,4.35,750,4.5,500,0,51250
BAJFINANCE30JAN204600CE.NFO,07/01/2020,09:51:51,4.45,4.35,500,4.5,500,0,51250
BAJFINANCE30JAN204600CE.NFO,07/01/2020,09:51:55,4.45,4.35,750,4.5,500,0,51250
BAJFINANCE30JAN204600CE.NFO,07/01/2020,09:52:02,4.45,4.3,750,4.5,1000,0,51250
BAJFINANCE30JAN204600CE.NFO,07/01/2020,09:52:11,4.45,4.35,1000,4.5,750,0,51250
BAJFINANCE30JAN204600CE.NFO,07/01/2020,09:52:16,4.45,4.35,1000,4.5,500,0,51250
BAJFINANCE30JAN204600CE.NFO,07/01/2020,09:52:25,4.45,4.35,750,4.5,500,0,51250
BAJFINANCE30JAN204600CE.NFO,07/01/2020,09:52:30,4.45,4.35,750,4.5,750,0,51250
BAJFINANCE30JAN204600CE.NFO,07/01/2020,09:53:00,4.45,4.35,500,4.5,750,0,51250
BAJFINANCE30JAN204600CE.NFO,07/01/2020,09:53:04,4.45,4.3,500,4.5,750,0,51250
BAJFINANCE30JAN204600CE.NFO,07/01/2020,09:53:16,4.45,4.25,250,4.5,1000,0,51250
BAJFINANCE30JAN204600CE.NFO,07/01/2020,09:53:33,4.45,4.2,500,4.5,1000,0,51250
BAJFINANCE30JAN204600CE.NFO,07/01/2020,09:53:38,4.45,4.25,750,4.5,750,0,51250
BAJFINANCE30JAN204600CE.NFO,07/01/2020,09:53:46,4.45,4.2,500,4.5,1000,0,51250
BAJFINANCE30JAN204600CE.NFO,07/01/2020,09:53:55,4.45,4.15,500,4.4,750,0,51250
BAJFINANCE30JAN204600CE.NFO,07/01/2020,09:54:00,4.45,4.2,750,4.4,250,0,51250
BAJFINANCE30JAN204600CE.NFO,07/01/2020,09:54:11,4.45,4.15,750,4.4,250,0,51250
BAJFINANCE30JAN204600CE.NFO,07/01/2020,09:54:20,4.45,4.1,500,4.4,500,0,51250
BAJFINANCE30JAN204600CE.NFO,07/01/2020,09:54:25,4.45,4.1,500,4.4,250,0,51250
BAJFINANCE30JAN204600CE.NFO,07/01/2020,09:54:30,4.45,4.15,750,4.4,250,0,51250
BAJFINANCE30JAN204600CE.NFO,07/01/2020,09:54:47,4.45,4.15,1000,4.4,250,0,51250
BAJFINANCE30JAN204600CE.NFO,07/01/2020,09:55:04,4.45,4.15,1000,4.45,750,0,51250
BAJFINANCE30JAN204600CE.NFO,07/01/2020,09:55:09,4.45,4.25,500,4.5,750,0,51250
BAJFINANCE30JAN204600CE.NFO,07/01/2020,09:55:14,4.45,4.25,1000,4.5,500,0,51250
BAJFINANCE30JAN204600CE.NFO,07/01/2020,09:55:19,4.45,4.25,750,4.5,500,0,51250
BAJFINANCE30JAN204600CE.NFO,07/01/2020,09:55:45,4.45,4.35,1000,4.5,500,0,51250
BAJFINANCE30JAN204600CE.NFO,07/01/2020,09:55:49,4.45,4.35,750,4.5,500,0,51250
BAJFINANCE30JAN204600CE.NFO,07/01/2020,09:56:04,4.45,4.2,250,4.35,1000,0,51250
BAJFINANCE30JAN204600CE.NFO,07/01/2020,09:56:08,4.45,4.2,750,4.3,1000,0,51250
BAJFINANCE30JAN204600CE.NFO,07/01/2020,09:56:18,4.45,4.2,750,4.45,250,1500,51250
BAJFINANCE30JAN204600CE.NFO,07/01/2020,09:56:23,4.2,4.2,750,4.45,250,250,52750
BAJFINANCE30JAN204600CE.NFO,07/01/2020,09:56:28,4.2,4.2,750,4.45,250,0,52750
BAJFINANCE30JAN204600CE.NFO,07/01/2020,09:56:32,4.2,4.2,750,4.5,1000,0,52750
BAJFINANCE30JAN204600CE.NFO,07/01/2020,09:56:36,4.2,4.25,750,4.5,750,0,52750
BAJFINANCE30JAN204600CE.NFO,07/01/2020,09:56:46,4.2,4.25,1000,4.5,750,0,52750
BAJFINANCE30JAN204600CE.NFO,07/01/2020,09:57:03,4.2,4.25,1000,4.5,500,0,52750
BAJFINANCE30JAN204600CE.NFO,07/01/2020,09:57:07,4.2,4.25,1000,4.5,750,0,52750
BAJFINANCE30JAN204600CE.NFO,07/01/2020,09:57:37,4.2,4.3,1000,4.5,500,0,52750
BAJFINANCE30JAN204600CE.NFO,07/01/2020,09:57:39,4.2,4.3,1000,4.5,750,0,52750
BAJFINANCE30JAN204600CE.NFO,07/01/2020,09:57:42,4.2,4.3,1000,4.5,1000,0,52750
BAJFINANCE30JAN204600CE.NFO,07/01/2020,09:57:44,4.2,4.35,750,4.5,1000,0,52750
BAJFINANCE30JAN204600CE.NFO,07/01/2020,09:57:47,4.2,4.35,750,4.5,750,0,52750
BAJFINANCE30JAN204600CE.NFO,07/01/2020,09:57:51,4.2,4.35,1000,4.5,750,0,52750
BAJFINANCE30JAN204600CE.NFO,07/01/2020,09:58:07,4.2,4.35,750,4.5,750,0,52750
BAJFINANCE30JAN204600CE.NFO,07/01/2020,09:58:25,4.2,4.35,750,4.5,1000,0,52750
BAJFINANCE30JAN204600CE.NFO,07/01/2020,09:58:30,4.2,4.35,750,4.5,750,0,52750
BAJFINANCE30JAN204600CE.NFO,07/01/2020,09:58:34,4.2,4.35,750,4.5,1000,0,52750
BAJFINANCE30JAN204600CE.NFO,07/01/2020,09:58:44,4.2,4.25,1000,4.5,1250,0,52750
BAJFINANCE30JAN204600CE.NFO,07/01/2020,09:58:49,4.2,4.3,750,4.5,1000,0,52750
BAJFINANCE30JAN204600CE.NFO,07/01/2020,09:58:55,4.2,4.3,1000,4.5,1000,0,52750
BAJFINANCE30JAN204600CE.NFO,07/01/2020,09:59:00,4.2,4.35,500,4.5,1000,0,52750
BAJFINANCE30JAN204600CE.NFO,07/01/2020,09:59:15,4.2,4.35,750,4.5,1000,0,52750
BAJFINANCE30JAN204600CE.NFO,07/01/2020,09:59:19,4.2,4.35,500,4.5,1000,0,52750
BAJFINANCE30JAN204600CE.NFO,07/01/2020,09:59:33,4.2,4.35,1000,4.5,750,0,52750
BAJFINANCE30JAN204600CE.NFO,07/01/2020,09:59:48,4.2,4.35,750,4.5,750,0,52750
BAJFINANCE30JAN204600CE.NFO,07/01/2020,09:59:52,4.2,4.4,750,4.5,750,0,52750
BAJFINANCE30JAN204600CE.NFO,07/01/2020,10:00:01,4.2,4.4,500,4.5,750,0,52750
BAJFINANCE30JAN204600CE.NFO,07/01/2020,10:00:14,4.2,4.35,250,4.5,1250,0,52750
BAJFINANCE30JAN204600CE.NFO,07/01/2020,10:00:18,4.2,4.35,750,4.5,1000,0,52750
BAJFINANCE30JAN204600CE.NFO,07/01/2020,10:00:23,4.2,4.3,500,4.5,1000,0,52750
BAJFINANCE30JAN204600CE.NFO,07/01/2020,10:00:28,4.2,4.3,500,4.5,1250,0,52750
BAJFINANCE30JAN204600CE.NFO,07/01/2020,10:00:37,4.2,4.25,750,4.5,1000,0,52750
BAJFINANCE30JAN204600CE.NFO,07/01/2020,10:00:41,4.2,4.25,1000,4.5,1000,0,52750
BAJFINANCE30JAN204600CE.NFO,07/01/2020,10:00:47,4.2,4.25,250,4.5,1250,0,52750
BAJFINANCE30JAN204600CE.NFO,07/01/2020,10:00:53,4.2,4.15,1000,4.5,1250,0,52750
BAJFINANCE30JAN204600CE.NFO,07/01/2020,10:00:59,4.2,4.2,750,4.4,750,0,52750
BAJFINANCE30JAN204600CE.NFO,07/01/2020,10:01:11,4.2,4.1,750,4.2,500,0,52750
BAJFINANCE30JAN204600CE.NFO,07/01/2020,10:01:23,4.1,4.05,500,4.2,500,250,52500
BAJFINANCE30JAN204600CE.NFO,07/01/2020,10:01:29,4.1,4,750,4.2,750,0,52500
BAJFINANCE30JAN204600CE.NFO,07/01/2020,10:01:41,4,3.8,250,4,2000,250,52500
BAJFINANCE30JAN204600CE.NFO,07/01/2020,10:01:46,4,3.8,1000,3.95,750,0,52500
BAJFINANCE30JAN204600CE.NFO,07/01/2020,10:01:52,4,3.8,750,3.95,750,0,52500
BAJFINANCE30JAN204600CE.NFO,07/01/2020,10:02:08,4,3.75,500,3.95,750,0,52500
BAJFINANCE30JAN204600CE.NFO,07/01/2020,10:02:13,4,3.8,1000,3.95,750,0,52500
BAJFINANCE30JAN204600CE.NFO,07/01/2020,10:02:24,4,3.8,750,3.95,750,0,52500
BAJFINANCE30JAN204600CE.NFO,07/01/2020,10:02:30,4,3.75,750,3.95,750,0,52500
BAJFINANCE30JAN204600CE.NFO,07/01/2020,10:02:39,4,3.8,750,3.95,750,0,52500
BAJFINANCE30JAN204600CE.NFO,07/01/2020,10:02:52,3.95,3.85,750,4,2000,250,53000
BAJFINANCE30JAN204600CE.NFO,07/01/2020,10:02:52,3.95,3.85,750,4,2000,0,53000
BAJFINANCE30JAN204600CE.NFO,07/01/2020,10:02:56,3.95,3.85,1000,4,2250,0,53000
BAJFINANCE30JAN204600CE.NFO,07/01/2020,10:03:09,3.95,3.85,750,4,1000,1500,53000
BAJFINANCE30JAN204600CE.NFO,07/01/2020,10:03:14,3.95,3.9,250,4,1000,0,53000
BAJFINANCE30JAN204600CE.NFO,07/01/2020,10:03:24,3.95,3.85,750,4,750,0,53000
BAJFINANCE30JAN204600CE.NFO,07/01/2020,10:03:29,3.95,3.85,750,4,1000,0,53000
BAJFINANCE30JAN204600CE.NFO,07/01/2020,10:03:34,3.95,3.9,1000,4,750,0,53000
BAJFINANCE30JAN204600CE.NFO,07/01/2020,10:03:53,3.95,3.85,1000,4,750,0,53000
BAJFINANCE30JAN204600CE.NFO,07/01/2020,10:04:12,3.95,3.9,500,4,750,0,53000
BAJFINANCE30JAN204600CE.NFO,07/01/2020,10:04:28,3.95,3.9,1250,4,1000,0,53000
BAJFINANCE30JAN204600CE.NFO,07/01/2020,10:04:33,3.9,3.8,1000,4,1000,750,53000
BAJFINANCE30JAN204600CE.NFO,07/01/2020,10:04:33,3.9,3.8,1000,4,1000,0,53000
BAJFINANCE30JAN204600CE.NFO,07/01/2020,10:04:38,3.9,3.8,1000,4,1000,0,53000
BAJFINANCE30JAN204600CE.NFO,07/01/2020,10:04:43,7,3.85,250,4.15,500,4000,53000
BAJFINANCE30JAN204600CE.NFO,07/01/2020,10:04:43,7,3.85,250,4.15,500,0,53000
BAJFINANCE30JAN204600CE.NFO,07/01/2020,10:04:50,7,3.85,250,4.15,500,0,53000
BAJFINANCE30JAN204600CE.NFO,07/01/2020,10:05:03,7,3.9,500,4.15,750,0,53000
BAJFINANCE30JAN204600CE.NFO,07/01/2020,10:05:14,7,3.85,750,3.95,750,0,53000
BAJFINANCE30JAN204600CE.NFO,07/01/2020,10:05:24,7,3.85,250,3.95,750,0,53000
BAJFINANCE30JAN204600CE.NFO,07/01/2020,10:06:04,3.85,3.65,1250,3.85,500,250,53250
BAJFINANCE30JAN204600CE.NFO,07/01/2020,10:06:04,3.85,3.65,1250,3.85,500,0,53250
BAJFINANCE30JAN204600CE.NFO,07/01/2020,10:06:09,3.85,3.65,1500,4.9,750,0,53250
BAJFINANCE30JAN204600CE.NFO,07/01/2020,10:06:14,3.85,3.65,1250,4.9,750,0,53250
BAJFINANCE30JAN204600CE.NFO,07/01/2020,10:06:18,3.85,3.65,1250,4.8,750,0,53250
BAJFINANCE30JAN204600CE.NFO,07/01/2020,10:06:22,3.85,3.65,1250,4.7,750,0,53250
BAJFINANCE30JAN204600CE.NFO,07/01/2020,10:06:32,3.85,3.65,1500,4.7,750,0,53250
BAJFINANCE30JAN204600CE.NFO,07/01/2020,10:06:37,3.85,3.65,1250,4.7,750,0,53250
BAJFINANCE30JAN204600CE.NFO,07/01/2020,10:06:42,3.85,3.7,1000,4.25,750,0,53250
BAJFINANCE30JAN204600CE.NFO,07/01/2020,10:06:48,3.85,3.95,1000,4.25,1000,0,53250
BAJFINANCE30JAN204600CE.NFO,07/01/2020,10:06:53,4.05,4.1,1000,4.25,750,250,53250
BAJFINANCE30JAN204600CE.NFO,07/01/2020,10:06:58,4.05,4.05,1000,4.25,750,0,53250
BAJFINANCE30JAN204600CE.NFO,07/01/2020,10:07:03,4.15,4.05,1000,4.25,750,250,53250
BAJFINANCE30JAN204600CE.NFO,07/01/2020,10:07:09,4.15,4.1,250,4.25,750,0,53250
BAJFINANCE30JAN204600CE.NFO,07/01/2020,10:07:13,4.15,4.05,500,4.25,750,0,53250
BAJFINANCE30JAN204600CE.NFO,07/01/2020,10:07:18,4.05,3.9,750,4.25,750,500,53250
BAJFINANCE30JAN204600CE.NFO,07/01/2020,10:07:24,4.05,4.05,750,4.25,750,0,53250
BAJFINANCE30JAN204600CE.NFO,07/01/2020,10:07:29,4.05,4.1,750,4.25,750,0,53250
BAJFINANCE30JAN204600CE.NFO,07/01/2020,10:07:39,4.05,3.95,250,4.25,750,0,53250
BAJFINANCE30JAN204600CE.NFO,07/01/2020,10:07:44,4.15,4.05,750,4.2,250,750,53250
BAJFINANCE30JAN204600CE.NFO,07/01/2020,10:07:49,4.15,4,750,4.2,250,0,53250
BAJFINANCE30JAN204600CE.NFO,07/01/2020,10:07:54,4.15,4.05,750,4.2,250,0,53250
BAJFINANCE30JAN204600CE.NFO,07/01/2020,10:07:59,4.15,4,750,4.2,250,0,53250
BAJFINANCE30JAN204600CE.NFO,07/01/2020,10:08:04,4.15,4.05,750,4.2,250,0,53250
BAJFINANCE30JAN204600CE.NFO,07/01/2020,10:08:08,4.15,4,750,4.2,250,0,53250
BAJFINANCE30JAN204600CE.NFO,07/01/2020,10:08:13,4.15,4,750,4.2,750,0,53250
BAJFINANCE30JAN204600CE.NFO,07/01/2020,10:08:28,4.15,4.05,750,4.2,750,0,53250
BAJFINANCE30JAN204600CE.NFO,07/01/2020,10:08:38,4.15,4.05,750,4.2,250,0,53250
BAJFINANCE30JAN204600CE.NFO,07/01/2020,10:08:43,4.2,4.1,500,4.25,500,250,52750
BAJFINANCE30JAN204600CE.NFO,07/01/2020,10:08:47,4.2,4.15,750,4.25,250,0,52750
BAJFINANCE30JAN204600CE.NFO,07/01/2020,10:08:51,4.2,4.1,500,4.25,250,0,52750
BAJFINANCE30JAN204600CE.NFO,07/01/2020,10:08:55,4.2,4.1,500,4.25,500,0,52750
BAJFINANCE30JAN204600CE.NFO,07/01/2020,10:09:00,4.2,4.1,1000,4.3,250,0,52750
BAJFINANCE30JAN204600CE.NFO,07/01/2020,10:09:04,4.15,3.9,250,4.2,750,250,52750
BAJFINANCE30JAN204600CE.NFO,07/01/2020,10:09:09,4.15,3.85,500,4.2,1000,0,52750
BAJFINANCE30JAN204600CE.NFO,07/01/2020,10:09:13,4.15,3.9,250,4.2,1000,0,52750
BAJFINANCE30JAN204600CE.NFO,07/01/2020,10:09:17,4.15,3.85,750,4.2,1000,0,52750
BAJFINANCE30JAN204600CE.NFO,07/01/2020,10:09:21,4.15,3.85,500,4.2,1000,0,52750
BAJFINANCE30JAN204600CE.NFO,07/01/2020,10:09:26,4.15,3.85,750,4.1,750,0,52750
BAJFINANCE30JAN204600CE.NFO,07/01/2020,10:09:31,4.15,3.8,750,4.1,1000,0,52750
BAJFINANCE30JAN204600CE.NFO,07/01/2020,10:09:40,4.15,3.8,500,4.1,1000,0,52750
BAJFINANCE30JAN204600CE.NFO,07/01/2020,10:09:44,4.15,3.8,750,4.1,1000,0,52750
BAJFINANCE30JAN204600CE.NFO,07/01/2020,10:09:48,4.15,3.85,750,4.1,1000,0,52750
BAJFINANCE30JAN204600CE.NFO,07/01/2020,10:10:03,4.15,3.9,750,4.1,1000,0,52750
BAJFINANCE30JAN204600CE.NFO,07/01/2020,10:10:08,4.15,3.95,750,4.15,250,0,52750
BAJFINANCE30JAN204600CE.NFO,07/01/2020,10:10:27,4.15,3.85,500,4.15,250,0,52750
BAJFINANCE30JAN204600CE.NFO,07/01/2020,10:10:43,4.15,3.85,500,4.05,750,0,52750
BAJFINANCE30JAN204600CE.NFO,07/01/2020,10:12:42,4.15,3.9,1000,4.05,750,0,52750
BAJFINANCE30JAN204600CE.NFO,07/01/2020,10:12:45,4.15,3.85,500,4.05,750,0,52750
BAJFINANCE30JAN204600CE.NFO,07/01/2020,10:12:52,4.05,3.9,1250,5.2,750,500,53250
BAJFINANCE30JAN204600CE.NFO,07/01/2020,10:12:56,4.05,3.9,1250,4.4,250,0,53250
BAJFINANCE30JAN204600CE.NFO,07/01/2020,10:13:00,4.05,3.9,1250,4.3,750,0,53250
BAJFINANCE30JAN204600CE.NFO,07/01/2020,10:13:13,4.05,3.9,750,4.3,1000,0,53250
BAJFINANCE30JAN204600CE.NFO,07/01/2020,10:13:30,4.05,4,750,4.3,1000,0,53250
BAJFINANCE30JAN204600CE.NFO,07/01/2020,10:13:33,4.05,3.95,500,4.3,1000,0,53250
BAJFINANCE30JAN204600CE.NFO,07/01/2020,10:13:36,4.05,3.85,1000,4.3,1000,0,53250
BAJFINANCE30JAN204600CE.NFO,07/01/2020,10:14:18,4.05,3.85,750,4.3,1000,0,53250
BAJFINANCE30JAN204600CE.NFO,07/01/2020,10:14:23,4.05,3.85,1000,4.3,1000,0,53250
BAJFINANCE30JAN204600CE.NFO,07/01/2020,10:14:37,4.05,3.85,1000,4.2,750,0,53250
BAJFINANCE30JAN204600CE.NFO,07/01/2020,10:14:42,4.05,3.85,500,4.1,750,0,53250
BAJFINANCE30JAN204600CE.NFO,07/01/2020,10:14:52,4.05,3.85,500,4.1,1000,0,53250
BAJFINANCE30JAN204600CE.NFO,07/01/2020,10:15:32,4.05,3.9,750,4.1,1000,0,53250
BAJFINANCE30JAN204600CE.NFO,07/01/2020,10:15:52,4.05,3.9,250,4.1,1000,0,53250
BAJFINANCE30JAN204600CE.NFO,07/01/2020,10:16:23,4.05,3.85,750,4.1,1000,0,53250
BAJFINANCE30JAN204600CE.NFO,07/01/2020,10:16:32,4.05,3.85,750,4.1,750,0,53250
BAJFINANCE30JAN204600CE.NFO,07/01/2020,10:16:40,4.05,3.85,750,4,750,0,53250
BAJFINANCE30JAN204600CE.NFO,07/01/2020,10:17:04,4.05,3.85,750,4,500,0,53250
BAJFINANCE30JAN204600CE.NFO,07/01/2020,10:17:16,4.05,3.85,250,4,500,0,53250
BAJFINANCE30JAN204600CE.NFO,07/01/2020,10:17:24,4.05,3.8,750,4,500,0,53250
BAJFINANCE30JAN204600CE.NFO,07/01/2020,10:17:37,4.05,3.8,1000,4.05,750,0,53250
BAJFINANCE30JAN204600CE.NFO,07/01/2020,10:17:49,4.05,3.8,1000,4.1,750,0,53250
BAJFINANCE30JAN204600CE.NFO,07/01/2020,10:18:33,4.05,3.8,1000,4.15,500,0,53250
BAJFINANCE30JAN204600CE.NFO,07/01/2020,10:18:43,4.05,3.9,250,4.15,500,0,53250
BAJFINANCE30JAN204600CE.NFO,07/01/2020,10:18:48,4.05,3.9,750,4.1,250,0,53250
BAJFINANCE30JAN204600CE.NFO,07/01/2020,10:18:52,4.05,3.85,1000,4.1,250,0,53250
BAJFINANCE30JAN204600CE.NFO,07/01/2020,10:18:58,4.05,3.85,750,4.1,250,0,53250
BAJFINANCE30JAN204600CE.NFO,07/01/2020,10:19:57,4.05,3.85,750,4.15,500,0,53250
BAJFINANCE30JAN204600CE.NFO,07/01/2020,10:21:40,4.05,3.85,500,4.15,500,0,53250
BAJFINANCE30JAN204600CE.NFO,07/01/2020,10:22:44,4.05,3.85,500,4.05,750,0,53250
BAJFINANCE30JAN204600CE.NFO,07/01/2020,10:23:45,4.05,3.85,500,4.05,500,0,53250
BAJFINANCE30JAN204600CE.NFO,07/01/2020,10:23:58,4.05,3.85,750,4.1,250,0,53250
BAJFINANCE30JAN204600CE.NFO,07/01/2020,10:24:03,4.05,3.85,750,4.15,500,0,53250
BAJFINANCE30JAN204600CE.NFO,07/01/2020,10:25:20,4.05,3.85,500,4.15,1000,0,53250
BAJFINANCE30JAN204600CE.NFO,07/01/2020,10:25:24,4.05,3.8,2500,4.15,1000,0,53250
BAJFINANCE30JAN204600CE.NFO,07/01/2020,10:25:34,4.05,3.8,1750,4.15,1000,0,53250
BAJFINANCE30JAN204600CE.NFO,07/01/2020,10:25:45,4.05,3.8,2500,4.15,500,0,53250
BAJFINANCE30JAN204600CE.NFO,07/01/2020,10:25:50,4.05,3.85,750,4.15,500,0,53250
BAJFINANCE30JAN204600CE.NFO,07/01/2020,10:25:55,4.05,3.9,750,4.15,500,0,53250
BAJFINANCE30JAN204600CE.NFO,07/01/2020,10:26:12,4.05,3.95,750,4.15,250,0,53250
BAJFINANCE30JAN204600CE.NFO,07/01/2020,10:27:03,4.05,4,1000,4.2,500,0,53250
BAJFINANCE30JAN204600CE.NFO,07/01/2020,10:27:07,4.05,4,750,4.2,500,0,53250
BAJFINANCE30JAN204600CE.NFO,07/01/2020,10:27:15,4.05,4,500,4.15,250,0,53250
BAJFINANCE30JAN204600CE.NFO,07/01/2020,10:27:18,4.05,3.9,750,4.15,250,0,53250
BAJFINANCE30JAN204600CE.NFO,07/01/2020,10:27:26,4.05,3.95,1000,4.15,500,0,53250
BAJFINANCE30JAN204600CE.NFO,07/01/2020,10:27:34,4.05,3.95,1000,4.15,750,0,53250
BAJFINANCE30JAN204600CE.NFO,07/01/2020,10:27:58,4.05,3.95,1000,4.15,500,0,53250
BAJFINANCE30JAN204600CE.NFO,07/01/2020,10:28:20,4.05,3.95,1000,4.15,750,0,53250
BAJFINANCE30JAN204600CE.NFO,07/01/2020,10:28:24,4.05,3.95,1000,4.15,500,0,53250
BAJFINANCE30JAN204600CE.NFO,07/01/2020,10:28:29,4.05,4,1000,4.2,750,0,53250
BAJFINANCE30JAN204600CE.NFO,07/01/2020,10:28:37,4.05,4,1000,4.2,500,0,53250
BAJFINANCE30JAN204600CE.NFO,07/01/2020,10:28:41,4.05,4,1000,4.2,750,0,53250
BAJFINANCE30JAN204600CE.NFO,07/01/2020,10:28:44,4.05,4,1000,4.2,500,0,53250
BAJFINANCE30JAN204600CE.NFO,07/01/2020,10:28:53,4.05,4.1,1000,4.3,500,0,53250
BAJFINANCE30JAN204600CE.NFO,07/01/2020,10:28:57,4.05,4.1,750,4.3,500,0,53250
BAJFINANCE30JAN204600CE.NFO,07/01/2020,10:29:02,4.05,4.1,1000,4.3,500,0,53250
BAJFINANCE30JAN204600CE.NFO,07/01/2020,10:29:05,4.05,4.1,1000,4.3,250,0,53250
BAJFINANCE30JAN204600CE.NFO,07/01/2020,10:29:18,4.05,4.1,1000,4.35,250,0,53250
BAJFINANCE30JAN204600CE.NFO,07/01/2020,10:29:23,4.05,4.15,750,4.35,250,0,53250
BAJFINANCE30JAN204600CE.NFO,07/01/2020,10:29:38,4.05,3.95,1000,4.25,750,0,53250
BAJFINANCE30JAN204600CE.NFO,07/01/2020,10:29:42,4.05,4.05,750,4.25,750,0,53250
BAJFINANCE30JAN204600CE.NFO,07/01/2020,10:29:46,4.05,4,750,4.25,750,0,53250
BAJFINANCE30JAN204600CE.NFO,07/01/2020,10:30:00,4.05,4,250,4.25,750,0,53250
BAJFINANCE30JAN204600CE.NFO,07/01/2020,10:30:04,4.05,4.05,750,4.25,750,0,53250
BAJFINANCE30JAN204600CE.NFO,07/01/2020,10:30:10,4.05,4.05,500,4.25,500,0,53250
BAJFINANCE30JAN204600CE.NFO,07/01/2020,10:30:17,4.05,4.05,750,4.25,500,0,53250
BAJFINANCE30JAN204600CE.NFO,07/01/2020,10:30:40,4.05,4.05,1000,4.25,500,0,53250
BAJFINANCE30JAN204600CE.NFO,07/01/2020,10:30:48,4.05,4.05,1000,4.25,250,0,53250
BAJFINANCE30JAN204600CE.NFO,07/01/2020,10:30:57,4.05,4.05,1000,4.3,750,0,53250
BAJFINANCE30JAN204600CE.NFO,07/01/2020,10:31:14,4.05,4.1,750,4.3,500,0,53250
BAJFINANCE30JAN204600CE.NFO,07/01/2020,10:31:46,4.05,4.15,500,4.3,500,0,53250
BAJFINANCE30JAN204600CE.NFO,07/01/2020,10:31:50,4.05,4.15,750,4.3,500,0,53250
BAJFINANCE30JAN204600CE.NFO,07/01/2020,10:32:02,4.05,4.15,750,4.35,500,0,53250
BAJFINANCE30JAN204600CE.NFO,07/01/2020,10:32:28,4.05,4.15,500,4.35,500,0,53250
BAJFINANCE30JAN204600CE.NFO,07/01/2020,10:33:02,4.05,4.1,500,4.35,500,0,53250
BAJFINANCE30JAN204600CE.NFO,07/01/2020,10:33:08,4.05,4.1,500,4.3,750,0,53250
BAJFINANCE30JAN204600CE.NFO,07/01/2020,10:33:16,4.05,4.1,750,4.3,750,0,53250
BAJFINANCE30JAN204600CE.NFO,07/01/2020,10:33:18,4.05,4.1,750,4.3,500,0,53250
BAJFINANCE30JAN204600CE.NFO,07/01/2020,10:33:36,4.05,4.1,750,4.35,500,0,53250
BAJFINANCE30JAN204600CE.NFO,07/01/2020,10:33:39,4.05,4.1,750,4.3,250,0,53250
BAJFINANCE30JAN204600CE.NFO,07/01/2020,10:33:56,4.05,4.1,500,4.3,250,0,53250
BAJFINANCE30JAN204600CE.NFO,07/01/2020,10:34:12,4.05,4.1,750,4.3,250,0,53250
BAJFINANCE30JAN204600CE.NFO,07/01/2020,10:34:29,4.05,4.1,500,4.3,250,0,53250
BAJFINANCE30JAN204600CE.NFO,07/01/2020,10:34:40,4.05,4.1,750,4.3,250,0,53250
BAJFINANCE30JAN204600CE.NFO,07/01/2020,10:34:48,4.05,4.1,750,4.45,1000,0,53250
BAJFINANCE30JAN204600CE.NFO,07/01/2020,10:34:51,4.05,4.1,1000,4.45,1250,0,53250
BAJFINANCE30JAN204600CE.NFO,07/01/2020,10:35:26,4.05,4.1,750,4.45,1250,0,53250
BAJFINANCE30JAN204600CE.NFO,07/01/2020,10:35:40,4.05,4.1,1000,4.45,1250,0,53250
BAJFINANCE30JAN204600CE.NFO,07/01/2020,10:36:17,4.05,4.1,750,4.45,1250,0,53250
BAJFINANCE30JAN204600CE.NFO,07/01/2020,10:37:24,4.05,4.1,750,4.25,750,0,53250
BAJFINANCE30JAN204600CE.NFO,07/01/2020,10:38:00,4.05,4.1,750,4.25,500,0,53250
BAJFINANCE30JAN204600CE.NFO,07/01/2020,10:38:15,4.05,4.1,250,4.2,1000,0,53250
BAJFINANCE30JAN204600CE.NFO,07/01/2020,10:38:24,4.05,4.1,750,4.2,750,0,53250
BAJFINANCE30JAN204600CE.NFO,07/01/2020,10:39:00,4.05,3.95,500,4.05,3250,1750,53250
BAJFINANCE30JAN204600CE.NFO,07/01/2020,10:39:04,4.05,3.95,750,4.05,3250,0,53250
BAJFINANCE30JAN204600CE.NFO,07/01/2020,10:39:07,4.05,3.9,750,4.05,3500,0,53250
BAJFINANCE30JAN204600CE.NFO,07/01/2020,10:39:10,4.05,3.95,750,4.05,3250,0,53250
BAJFINANCE30JAN204600CE.NFO,07/01/2020,10:39:26,4.05,3.9,1000,4.05,3250,0,53250
BAJFINANCE30JAN204600CE.NFO,07/01/2020,10:39:29,4.05,3.9,1000,4.05,3500,0,53250
BAJFINANCE30JAN204600CE.NFO,07/01/2020,10:39:32,4.05,3.9,750,4.05,3500,0,53250
BAJFINANCE30JAN204600CE.NFO,07/01/2020,10:39:38,4.05,3.9,1000,4.05,3500,0,53250
BAJFINANCE30JAN204600CE.NFO,07/01/2020,10:39:41,3.9,3.9,750,4.05,3250,250,53250
BAJFINANCE30JAN204600CE.NFO,07/01/2020,10:39:44,3.9,3.9,750,4.05,3250,0,53250
BAJFINANCE30JAN204600CE.NFO,07/01/2020,10:39:47,3.9,3.9,500,4.05,3250,0,53250
BAJFINANCE30JAN204600CE.NFO,07/01/2020,10:39:50,3.9,3.9,750,4.05,3250,0,53250
BAJFINANCE30JAN204600CE.NFO,07/01/2020,10:40:12,3.9,3.95,250,4.05,3250,0,53250
BAJFINANCE30JAN204600CE.NFO,07/01/2020,10:40:21,4.05,3.95,250,4.05,3000,250,53250
BAJFINANCE30JAN204600CE.NFO,07/01/2020,10:40:24,4.05,3.95,250,4.05,2750,250,53250
BAJFINANCE30JAN204600CE.NFO,07/01/2020,10:40:26,4.05,3.95,250,4.05,2750,0,53250
BAJFINANCE30JAN204600CE.NFO,07/01/2020,10:40:50,4.05,3.95,500,4.05,2750,0,53250
BAJFINANCE30JAN204600CE.NFO,07/01/2020,10:40:54,4.05,3.95,250,4.05,2750,0,53250
BAJFINANCE30JAN204600CE.NFO,07/01/2020,10:40:57,4.05,3.95,500,4.05,2750,0,53250
BAJFINANCE30JAN204600CE.NFO,07/01/2020,10:41:04,4.05,3.95,250,4.05,2750,0,53250
BAJFINANCE30JAN204600CE.NFO,07/01/2020,10:41:07,4.05,3.95,250,4.05,2500,250,53250
BAJFINANCE30JAN204600CE.NFO,07/01/2020,10:41:10,4.05,3.95,250,4.05,2500,0,53250
BAJFINANCE30JAN204600CE.NFO,07/01/2020,10:41:27,4.05,3.95,250,4.05,2250,250,53250
BAJFINANCE30JAN204600CE.NFO,07/01/2020,10:41:31,4.05,3.95,250,4.05,2250,0,53250
BAJFINANCE30JAN204600CE.NFO,07/01/2020,10:42:04,4.05,3.95,250,4.05,2000,250,52000
BAJFINANCE30JAN204600CE.NFO,07/01/2020,10:42:08,4.05,3.95,250,4.05,2000,0,52000
BAJFINANCE30JAN204600CE.NFO,07/01/2020,10:42:55,4.05,3.9,1000,4.05,2000,0,52000
BAJFINANCE30JAN204600CE.NFO,07/01/2020,10:43:35,4.05,3.95,500,4.05,2000,0,52000
BAJFINANCE30JAN204600CE.NFO,07/01/2020,10:43:56,4.05,3.95,250,4.05,2000,0,52000
BAJFINANCE30JAN204600CE.NFO,07/01/2020,10:44:05,4.05,3.95,500,4.05,2000,0,52000
BAJFINANCE30JAN204600CE.NFO,07/01/2020,10:44:20,4.05,3.95,250,4.05,2000,0,52000
BAJFINANCE30JAN204600CE.NFO,07/01/2020,10:44:23,4.05,3.95,500,4.05,2000,0,52000
BAJFINANCE30JAN204600CE.NFO,07/01/2020,10:44:25,4.05,3.95,250,4.05,2000,0,52000
BAJFINANCE30JAN204600CE.NFO,07/01/2020,10:44:33,3.95,3.85,1000,4.05,2250,250,52000
BAJFINANCE30JAN204600CE.NFO,07/01/2020,10:44:36,3.8,3.8,1250,3.95,250,1000,52000
BAJFINANCE30JAN204600CE.NFO,07/01/2020,10:44:36,3.8,3.8,1250,3.95,250,0,52000
BAJFINANCE30JAN204600CE.NFO,07/01/2020,10:44:39,3.8,3.8,1250,3.95,250,0,52000
BAJFINANCE30JAN204600CE.NFO,07/01/2020,10:44:47,3.8,3.8,1750,3.95,250,0,52000
BAJFINANCE30JAN204600CE.NFO,07/01/2020,10:44:54,3.8,3.8,2000,3.95,250,0,52000
BAJFINANCE30JAN204600CE.NFO,07/01/2020,10:44:56,3.8,3.85,250,4,250,0,52000
BAJFINANCE30JAN204600CE.NFO,07/01/2020,10:45:03,3.8,3.85,250,3.95,250,0,52000
BAJFINANCE30JAN204600CE.NFO,07/01/2020,10:45:07,3.8,3.8,1500,3.95,500,0,52000
BAJFINANCE30JAN204600CE.NFO,07/01/2020,10:45:15,3.8,3.85,250,3.95,500,0,52000
BAJFINANCE30JAN204600CE.NFO,07/01/2020,10:45:19,3.8,3.85,1000,4,250,0,52000
BAJFINANCE30JAN204600CE.NFO,07/01/2020,10:45:23,3.8,3.85,1000,4.05,2250,0,52000
BAJFINANCE30JAN204600CE.NFO,07/01/2020,10:45:26,3.8,3.85,1000,4.05,2500,0,52000
BAJFINANCE30JAN204600CE.NFO,07/01/2020,10:45:29,3.8,3.85,500,4.05,2500,0,52000
BAJFINANCE30JAN204600CE.NFO,07/01/2020,10:45:32,3.8,3.85,750,4.05,2500,0,52000
BAJFINANCE30JAN204600CE.NFO,07/01/2020,10:45:40,3.8,3.85,500,4.05,2500,0,52000
BAJFINANCE30JAN204600CE.NFO,07/01/2020,10:45:50,3.8,3.85,750,4.05,2500,0,52000
BAJFINANCE30JAN204600CE.NFO,07/01/2020,10:46:03,3.8,3.85,500,4.05,2500,0,52000
BAJFINANCE30JAN204600CE.NFO,07/01/2020,10:46:05,3.8,3.85,250,4.05,2500,0,52000
BAJFINANCE30JAN204600CE.NFO,07/01/2020,10:46:14,3.8,3.8,1750,3.95,750,0,52000
BAJFINANCE30JAN204600CE.NFO,07/01/2020,10:46:17,3.8,3.8,2000,3.95,1000,0,52000
BAJFINANCE30JAN204600CE.NFO,07/01/2020,10:46:20,3.8,3.8,2000,3.95,750,0,52000
BAJFINANCE30JAN204600CE.NFO,07/01/2020,10:46:23,3.8,3.8,1250,3.95,1000,0,52000
BAJFINANCE30JAN204600CE.NFO,07/01/2020,10:46:45,3.8,3.8,1500,3.95,1000,0,52000
BAJFINANCE30JAN204600CE.NFO,07/01/2020,10:46:53,3.8,3.7,750,3.8,750,1750,52000
BAJFINANCE30JAN204600CE.NFO,07/01/2020,10:46:56,3.8,3.7,750,3.8,750,0,52000
BAJFINANCE30JAN204600CE.NFO,07/01/2020,10:47:01,3.8,3.7,500,3.8,750,0,52000
BAJFINANCE30JAN204600CE.NFO,07/01/2020,10:47:09,3.8,3.7,500,3.85,500,250,52000
BAJFINANCE30JAN204600CE.NFO,07/01/2020,10:47:14,3.8,3.7,500,3.85,500,0,52000
BAJFINANCE30JAN204600CE.NFO,07/01/2020,10:47:44,3.8,3.65,1000,3.85,750,0,52000
BAJFINANCE30JAN204600CE.NFO,07/01/2020,10:48:14,3.8,3.65,500,3.95,250,0,52000
BAJFINANCE30JAN204600CE.NFO,07/01/2020,10:48:22,3.8,3.8,6500,3.95,500,0,52000
BAJFINANCE30JAN204600CE.NFO,07/01/2020,10:48:26,3.8,3.8,6500,4.05,250,0,52000
BAJFINANCE30JAN204600CE.NFO,07/01/2020,10:48:29,3.8,3.8,6500,4,500,0,52000
BAJFINANCE30JAN204600CE.NFO,07/01/2020,10:48:33,3.8,3.8,6500,4,1500,0,52000
BAJFINANCE30JAN204600CE.NFO,07/01/2020,10:48:43,3.8,3.8,6500,4,1250,0,52000
BAJFINANCE30JAN204600CE.NFO,07/01/2020,10:49:13,3.8,3.8,6500,3.95,750,0,52000
BAJFINANCE30JAN204600CE.NFO,07/01/2020,10:49:16,3.8,3.8,6500,3.95,500,0,52000
BAJFINANCE30JAN204600CE.NFO,07/01/2020,10:49:19,3.8,3.8,6500,3.95,1250,0,52000
BAJFINANCE30JAN204600CE.NFO,07/01/2020,10:49:26,3.8,3.85,6500,3.95,1250,0,52000
BAJFINANCE30JAN204600CE.NFO,07/01/2020,10:49:30,3.85,3.85,6250,3.95,1250,250,52000
BAJFINANCE30JAN204600CE.NFO,07/01/2020,10:49:33,3.85,3.85,6250,3.95,1250,0,52000
BAJFINANCE30JAN204600CE.NFO,07/01/2020,10:49:36,3.85,3.85,6250,3.95,750,0,52000
BAJFINANCE30JAN204600CE.NFO,07/01/2020,10:50:02,3.85,3.85,6000,3.9,250,250,52000
BAJFINANCE30JAN204600CE.NFO,07/01/2020,10:50:08,3.85,3.85,5000,3.95,750,1000,52000
BAJFINANCE30JAN204600CE.NFO,07/01/2020,10:50:13,3.85,3.85,5000,3.9,250,0,52000
BAJFINANCE30JAN204600CE.NFO,07/01/2020,10:50:19,3.85,3.85,5000,3.95,1750,0,52000
BAJFINANCE30JAN204600CE.NFO,07/01/2020,10:50:24,3.85,3.85,5000,3.9,250,0,52000
BAJFINANCE30JAN204600CE.NFO,07/01/2020,10:50:28,3.85,3.85,5000,3.95,1250,0,52000
BAJFINANCE30JAN204600CE.NFO,07/01/2020,10:50:51,3.85,3.85,5000,3.9,500,0,52000
BAJFINANCE30JAN204600CE.NFO,07/01/2020,10:50:55,3.85,3.85,5000,3.9,250,0,52000
BAJFINANCE30JAN204600CE.NFO,07/01/2020,10:50:58,3.85,3.85,3500,3.9,250,1500,52500
BAJFINANCE30JAN204600CE.NFO,07/01/2020,10:51:02,3.85,3.7,500,3.85,250,3500,52500
BAJFINANCE30JAN204600CE.NFO,07/01/2020,10:51:06,3.85,3.7,500,3.85,1000,0,52500
BAJFINANCE30JAN204600CE.NFO,07/01/2020,10:51:16,3.85,3.65,1000,3.85,2500,0,52500
BAJFINANCE30JAN204600CE.NFO,07/01/2020,10:51:23,3.85,3.65,1000,3.85,2000,0,52500
BAJFINANCE30JAN204600CE.NFO,07/01/2020,10:51:27,3.85,3.65,1000,3.8,250,0,52500
BAJFINANCE30JAN204600CE.NFO,07/01/2020,10:51:31,3.85,3.7,750,3.85,2000,0,52500
BAJFINANCE30JAN204600CE.NFO,07/01/2020,10:51:34,3.85,3.65,1000,3.85,2000,0,52500
BAJFINANCE30JAN204600CE.NFO,07/01/2020,10:51:46,3.85,3.65,1000,3.85,1250,0,52500
BAJFINANCE30JAN204600CE.NFO,07/01/2020,10:51:54,3.85,3.65,1000,4.85,500,750,52500
BAJFINANCE30JAN204600CE.NFO,07/01/2020,10:51:59,3.85,3.7,750,4.45,500,0,52500
BAJFINANCE30JAN204600CE.NFO,07/01/2020,10:52:04,3.75,3.7,250,4,500,750,52500
BAJFINANCE30JAN204600CE.NFO,07/01/2020,10:52:04,3.75,3.7,250,4,500,0,52500
BAJFINANCE30JAN204600CE.NFO,07/01/2020,10:52:10,3.7,3.7,500,3.95,1000,500,52500
BAJFINANCE30JAN204600CE.NFO,07/01/2020,10:52:10,3.7,3.7,500,3.95,1000,0,52500
BAJFINANCE30JAN204600CE.NFO,07/01/2020,10:52:14,3.7,3.65,1250,3.95,1000,500,52500
BAJFINANCE30JAN204600CE.NFO,07/01/2020,10:52:19,3.7,3.7,750,3.95,1000,0,52500
BAJFINANCE30JAN204600CE.NFO,07/01/2020,10:52:29,3.7,3.7,1000,3.95,1000,0,52500
BAJFINANCE30JAN204600CE.NFO,07/01/2020,10:52:35,3.7,3.7,750,3.95,1000,0,52500
BAJFINANCE30JAN204600CE.NFO,07/01/2020,10:52:40,3.7,3.7,750,3.9,500,0,52500
BAJFINANCE30JAN204600CE.NFO,07/01/2020,10:53:07,3.7,3.7,750,3.85,500,0,52500
BAJFINANCE30JAN204600CE.NFO,07/01/2020,10:53:34,3.7,3.65,1250,3.85,1000,0,52500
BAJFINANCE30JAN204600CE.NFO,07/01/2020,10:53:50,3.65,3.65,250,3.85,1000,250,53250
BAJFINANCE30JAN204600CE.NFO,07/01/2020,10:53:50,3.65,3.65,250,3.85,1000,0,53250
BAJFINANCE30JAN204600CE.NFO,07/01/2020,10:53:56,3.65,3.65,250,3.85,1000,0,53250
BAJFINANCE30JAN204600CE.NFO,07/01/2020,10:54:01,3.65,3.45,750,3.85,1000,0,53250
BAJFINANCE30JAN204600CE.NFO,07/01/2020,10:54:06,3.65,3.5,1000,3.85,1000,0,53250
BAJFINANCE30JAN204600CE.NFO,07/01/2020,10:54:11,3.65,3.55,1250,3.85,1000,0,53250
BAJFINANCE30JAN204600CE.NFO,07/01/2020,10:54:17,3.65,3.55,1250,3.85,500,0,53250
BAJFINANCE30JAN204600CE.NFO,07/01/2020,10:54:23,3.65,3.55,1250,3.85,1000,0,53250
BAJFINANCE30JAN204600CE.NFO,07/01/2020,10:54:34,3.65,3.55,1250,3.65,250,250,53250
BAJFINANCE30JAN204600CE.NFO,07/01/2020,10:54:39,3.65,3.6,1000,3.85,1000,250,53250
BAJFINANCE30JAN204600CE.NFO,07/01/2020,10:54:49,3.65,3.65,1250,3.85,500,0,53250
BAJFINANCE30JAN204600CE.NFO,07/01/2020,10:54:54,3.65,3.7,250,3.85,1000,500,53250
BAJFINANCE30JAN204600CE.NFO,07/01/2020,10:54:58,3.65,3.7,250,3.85,1000,0,53250
BAJFINANCE30JAN204600CE.NFO,07/01/2020,10:55:03,3.65,3.55,750,3.7,500,0,53250
BAJFINANCE30JAN204600CE.NFO,07/01/2020,10:55:13,3.65,3.55,750,3.85,1000,0,53250
BAJFINANCE30JAN204600CE.NFO,07/01/2020,10:55:22,3.65,3.6,1000,3.85,1000,0,53250
BAJFINANCE30JAN204600CE.NFO,07/01/2020,10:55:37,3.65,3.55,1000,3.85,500,0,53250
BAJFINANCE30JAN204600CE.NFO,07/01/2020,10:55:42,3.65,3.7,250,3.85,1000,0,53250
BAJFINANCE30JAN204600CE.NFO,07/01/2020,10:55:47,3.65,3.55,750,3.85,1000,0,53250
BAJFINANCE30JAN204600CE.NFO,07/01/2020,10:56:09,3.65,3.55,1000,3.85,1000,0,53250
BAJFINANCE30JAN204600CE.NFO,07/01/2020,10:56:24,3.65,3.55,1000,3.85,500,0,53250
BAJFINANCE30JAN204600CE.NFO,07/01/2020,10:56:29,3.65,3.7,1000,3.95,500,0,53250
BAJFINANCE30JAN204600CE.NFO,07/01/2020,10:56:34,3.65,3.65,1000,3.9,1000,0,53250
BAJFINANCE30JAN204600CE.NFO,07/01/2020,10:56:47,3.65,3.65,750,3.9,1000,0,53250
BAJFINANCE30JAN204600CE.NFO,07/01/2020,10:56:50,3.65,3.55,1000,3.9,1000,0,53250
BAJFINANCE30JAN204600CE.NFO,07/01/2020,10:56:55,3.65,3.55,1000,3.85,1000,0,53250
BAJFINANCE30JAN204600CE.NFO,07/01/2020,10:57:19,3.65,3.55,750,3.85,1000,0,53250
BAJFINANCE30JAN204600CE.NFO,07/01/2020,10:57:26,3.65,3.5,1000,3.8,750,0,53250
BAJFINANCE30JAN204600CE.NFO,07/01/2020,10:57:32,3.8,3.5,1000,3.8,250,500,52500
BAJFINANCE30JAN204600CE.NFO,07/01/2020,10:57:49,3.8,3.55,250,3.8,750,0,52500
BAJFINANCE30JAN204600CE.NFO,07/01/2020,10:58:11,3.8,3.5,1000,3.8,750,0,52500
BAJFINANCE30JAN204600CE.NFO,07/01/2020,10:58:16,3.8,3.55,1000,3.8,750,0,52500
BAJFINANCE30JAN204600CE.NFO,07/01/2020,10:58:31,3.8,3.55,750,3.8,750,0,52500
BAJFINANCE30JAN204600CE.NFO,07/01/2020,10:58:46,3.8,3.55,750,3.85,500,0,52500
BAJFINANCE30JAN204600CE.NFO,07/01/2020,10:58:52,3.8,3.55,750,3.8,750,0,52500
BAJFINANCE30JAN204600CE.NFO,07/01/2020,10:59:13,3.8,3.8,1500,3.9,750,1000,52500
BAJFINANCE30JAN204600CE.NFO,07/01/2020,10:59:18,3.8,3.8,1500,3.9,500,0,52500
BAJFINANCE30JAN204600CE.NFO,07/01/2020,10:59:24,3.8,3.8,250,3.95,1000,1250,52500
BAJFINANCE30JAN204600CE.NFO,07/01/2020,10:59:29,3.8,3.55,750,3.85,750,250,52500
BAJFINANCE30JAN204600CE.NFO,07/01/2020,10:59:35,3.8,3.6,1000,3.85,750,0,52500
BAJFINANCE30JAN204600CE.NFO,07/01/2020,10:59:40,3.8,3.6,1000,3.95,500,0,52500
BAJFINANCE30JAN204600CE.NFO,07/01/2020,10:59:51,3.8,3.55,750,3.9,1250,0,52500
BAJFINANCE30JAN204600CE.NFO,07/01/2020,11:00:33,3.9,3.55,750,3.85,1000,500,54250
BAJFINANCE30JAN204600CE.NFO,07/01/2020,11:00:39,3.9,3.55,750,3.85,1000,0,54250
BAJFINANCE30JAN204600CE.NFO,07/01/2020,11:01:14,3.9,3.55,750,3.8,750,0,54250
BAJFINANCE30JAN204600CE.NFO,07/01/2020,11:02:27,3.9,3.55,750,3.75,500,0,54250
BAJFINANCE30JAN204600CE.NFO,07/01/2020,11:02:40,3.9,3.55,750,3.8,750,0,54250
BAJFINANCE30JAN204600CE.NFO,07/01/2020,11:02:46,3.9,3.55,750,3.75,500,0,54250
BAJFINANCE30JAN204600CE.NFO,07/01/2020,11:02:57,3.9,3.5,1000,3.75,500,0,54250
BAJFINANCE30JAN204600CE.NFO,07/01/2020,11:03:42,3.9,3.5,1000,3.8,500,0,54250
BAJFINANCE30JAN204600CE.NFO,07/01/2020,11:03:49,3.9,3.55,1000,3.85,500,0,54250
BAJFINANCE30JAN204600CE.NFO,07/01/2020,11:03:55,3.9,3.55,750,3.85,500,0,54250
BAJFINANCE30JAN204600CE.NFO,07/01/2020,11:04:01,3.9,3.55,750,3.8,750,0,54250
BAJFINANCE30JAN204600CE.NFO,07/01/2020,11:04:06,3.9,3.55,750,3.75,250,0,54250
BAJFINANCE30JAN204600CE.NFO,07/01/2020,11:04:18,3.9,3.55,750,3.75,750,0,54250
BAJFINANCE30JAN204600CE.NFO,07/01/2020,11:04:24,3.9,3.6,250,3.75,750,0,54250
BAJFINANCE30JAN204600CE.NFO,07/01/2020,11:04:41,3.9,3.55,750,3.75,750,0,54250
BAJFINANCE30JAN204600CE.NFO,07/01/2020,11:04:53,3.9,3.6,1000,3.75,750,0,54250
BAJFINANCE30JAN204600CE.NFO,07/01/2020,11:05:04,3.9,3.6,250,3.75,750,0,54250
BAJFINANCE30JAN204600CE.NFO,07/01/2020,11:05:16,3.9,3.5,1000,3.75,750,0,54250
BAJFINANCE30JAN204600CE.NFO,07/01/2020,11:05:22,3.9,3.55,1250,3.75,750,0,54250
BAJFINANCE30JAN204600CE.NFO,07/01/2020,11:05:26,3.75,3.55,1250,3.9,500,250,54250
BAJFINANCE30JAN204600CE.NFO,07/01/2020,11:05:31,3.75,3.55,1250,3.9,1000,0,54250
BAJFINANCE30JAN204600CE.NFO,07/01/2020,11:05:53,3.55,3.55,1000,3.9,1000,250,54500
BAJFINANCE30JAN204600CE.NFO,07/01/2020,11:05:53,3.55,3.55,1000,3.9,1000,0,54500
BAJFINANCE30JAN204600CE.NFO,07/01/2020,11:06:00,3.55,3.55,1000,3.9,1000,0,54500
BAJFINANCE30JAN204600CE.NFO,07/01/2020,11:06:05,3.55,3.55,1250,3.8,2500,0,54500
BAJFINANCE30JAN204600CE.NFO,07/01/2020,11:06:12,3.55,3.55,1000,3.8,2500,0,54500
BAJFINANCE30JAN204600CE.NFO,07/01/2020,11:06:19,3.55,3.6,750,3.8,2500,0,54500
BAJFINANCE30JAN204600CE.NFO,07/01/2020,11:06:25,3.55,3.6,1000,3.8,2500,0,54500
BAJFINANCE30JAN204600CE.NFO,07/01/2020,11:06:31,3.55,3.65,250,3.8,2500,0,54500
BAJFINANCE30JAN204600CE.NFO,07/01/2020,11:06:35,3.55,3.65,1000,3.8,2500,0,54500
BAJFINANCE30JAN204600CE.NFO,07/01/2020,11:06:39,3.55,3.65,1000,3.8,1250,0,54500
BAJFINANCE30JAN204600CE.NFO,07/01/2020,11:06:50,3.55,3.65,250,3.8,1750,0,54500
BAJFINANCE30JAN204600CE.NFO,07/01/2020,11:07:12,3.55,3.55,1000,3.8,1750,0,54500
BAJFINANCE30JAN204600CE.NFO,07/01/2020,11:07:17,3.55,3.55,1000,3.75,750,0,54500
BAJFINANCE30JAN204600CE.NFO,07/01/2020,11:07:27,3.55,3.6,250,3.75,250,0,54500
BAJFINANCE30JAN204600CE.NFO,07/01/2020,11:09:29,3.55,3.6,250,3.75,750,0,54500
BAJFINANCE30JAN204600CE.NFO,07/01/2020,11:09:38,3.55,3.6,1000,3.75,750,0,54500
BAJFINANCE30JAN204600CE.NFO,07/01/2020,11:11:11,3.55,3.6,250,3.7,250,0,54500
BAJFINANCE30JAN204600CE.NFO,07/01/2020,11:11:18,3.55,3.6,250,3.75,750,0,54500
BAJFINANCE30JAN204600CE.NFO,07/01/2020,11:11:24,3.55,3.6,250,3.7,250,0,54500
BAJFINANCE30JAN204600CE.NFO,07/01/2020,11:11:44,3.6,3.5,1000,3.7,750,250,54250
BAJFINANCE30JAN204600CE.NFO,07/01/2020,11:11:50,3.65,3.5,1000,3.65,250,250,54250
BAJFINANCE30JAN204600CE.NFO,07/01/2020,11:12:02,3.65,3.5,250,3.65,250,0,54250
BAJFINANCE30JAN204600CE.NFO,07/01/2020,11:12:10,3.65,3.5,250,3.6,1250,0,54250
BAJFINANCE30JAN204600CE.NFO,07/01/2020,11:12:17,3.65,3.5,250,3.55,1250,0,54250
BAJFINANCE30JAN204600CE.NFO,07/01/2020,11:12:23,3.5,3.4,750,3.5,1000,250,54250
BAJFINANCE30JAN204600CE.NFO,07/01/2020,11:12:23,3.5,3.4,750,3.5,1000,0,54250
BAJFINANCE30JAN204600CE.NFO,07/01/2020,11:12:30,3.5,3.4,750,3.5,250,750,54250
BAJFINANCE30JAN204600CE.NFO,07/01/2020,11:12:37,3.5,3.5,1750,3.65,250,250,54250
BAJFINANCE30JAN204600CE.NFO,07/01/2020,11:12:43,3.5,3.4,750,3.65,250,0,54250
BAJFINANCE30JAN204600CE.NFO,07/01/2020,11:12:52,3.5,3.4,750,3.7,500,0,54250
BAJFINANCE30JAN204600CE.NFO,07/01/2020,11:12:57,3.5,3.4,750,3.65,750,0,54250
BAJFINANCE30JAN204600CE.NFO,07/01/2020,11:13:19,3.5,3.4,750,3.6,1250,0,54250
BAJFINANCE30JAN204600CE.NFO,07/01/2020,11:15:27,3.5,3.4,750,3.6,1750,0,54250
BAJFINANCE30JAN204600CE.NFO,07/01/2020,11:15:32,3.5,3.4,750,3.55,250,0,54250
BAJFINANCE30JAN204600CE.NFO,07/01/2020,11:16:01,3.5,3.35,1250,3.55,750,0,54250
BAJFINANCE30JAN204600CE.NFO,07/01/2020,11:16:07,3.5,3.35,500,3.55,750,0,54250
BAJFINANCE30JAN204600CE.NFO,07/01/2020,11:16:13,3.4,3.35,500,3.55,750,250,53500
BAJFINANCE30JAN204600CE.NFO,07/01/2020,11:16:13,3.4,3.35,500,3.55,750,0,53500
BAJFINANCE30JAN204600CE.NFO,07/01/2020,11:16:20,3.4,3.4,250,3.6,750,0,53500
BAJFINANCE30JAN204600CE.NFO,07/01/2020,11:16:32,3.4,3.4,1000,3.6,250,0,53500
BAJFINANCE30JAN204600CE.NFO,07/01/2020,11:16:41,3.4,3.4,1500,3.65,250,0,53500
BAJFINANCE30JAN204600CE.NFO,07/01/2020,11:16:46,3.4,3.4,1000,3.65,250,0,53500
BAJFINANCE30JAN204600CE.NFO,07/01/2020,11:17:08,3.4,3.4,1000,3.65,500,0,53500
BAJFINANCE30JAN204600CE.NFO,07/01/2020,11:17:22,3.4,3.45,1750,3.65,500,0,53500
BAJFINANCE30JAN204600CE.NFO,07/01/2020,11:17:49,3.4,3.45,1750,3.65,250,0,53500
BAJFINANCE30JAN204600CE.NFO,07/01/2020,11:19:05,3.4,3.45,2000,3.65,250,0,53500
BAJFINANCE30JAN204600CE.NFO,07/01/2020,11:19:11,3.4,3.45,1750,3.65,250,0,53500
BAJFINANCE30JAN204600CE.NFO,07/01/2020,11:19:26,3.4,3.5,1250,3.65,250,0,53500
BAJFINANCE30JAN204600CE.NFO,07/01/2020,11:19:47,3.4,3.45,750,3.65,250,0,53500
BAJFINANCE30JAN204600CE.NFO,07/01/2020,11:20:07,3.4,3.45,750,3.65,750,0,53500
BAJFINANCE30JAN204600CE.NFO,07/01/2020,11:20:22,3.4,3.45,1250,3.65,750,0,53500
BAJFINANCE30JAN204600CE.NFO,07/01/2020,11:20:41,3.7,3.5,1250,3.7,1000,1000,53500
BAJFINANCE30JAN204600CE.NFO,07/01/2020,11:20:47,3.7,3.5,1000,3.7,1000,0,53500
BAJFINANCE30JAN204600CE.NFO,07/01/2020,11:20:53,3.7,3.55,250,3.7,1000,0,53500
BAJFINANCE30JAN204600CE.NFO,07/01/2020,11:20:59,3.7,3.5,750,3.7,1000,0,53500
BAJFINANCE30JAN204600CE.NFO,07/01/2020,11:21:03,3.7,3.55,250,3.7,1000,0,53500
BAJFINANCE30JAN204600CE.NFO,07/01/2020,11:21:13,3.7,3.5,1250,3.7,1000,0,53500
BAJFINANCE30JAN204600CE.NFO,07/01/2020,11:21:17,3.7,3.5,500,3.7,1000,0,53500
BAJFINANCE30JAN204600CE.NFO,07/01/2020,11:21:21,3.7,3.5,500,3.7,500,0,53500
BAJFINANCE30JAN204600CE.NFO,07/01/2020,11:21:30,3.7,3.45,500,3.7,1000,0,53500
BAJFINANCE30JAN204600CE.NFO,07/01/2020,11:22:11,3.7,3.45,250,3.7,1000,0,53500
BAJFINANCE30JAN204600CE.NFO,07/01/2020,11:22:14,3.7,3.45,500,3.7,1000,0,53500
BAJFINANCE30JAN204600CE.NFO,07/01/2020,11:22:23,3.7,3.45,250,3.7,1000,0,53500
BAJFINANCE30JAN204600CE.NFO,07/01/2020,11:23:00,3.7,3.45,250,3.65,500,0,53500
BAJFINANCE30JAN204600CE.NFO,07/01/2020,11:23:10,3.7,3.45,500,3.65,500,0,53500
BAJFINANCE30JAN204600CE.NFO,07/01/2020,11:23:15,3.7,3.4,750,3.6,500,0,53500
BAJFINANCE30JAN204600CE.NFO,07/01/2020,11:23:20,3.7,3.4,750,3.65,500,0,53500
BAJFINANCE30JAN204600CE.NFO,07/01/2020,11:23:54,3.7,3.4,750,3.7,1000,0,53500
BAJFINANCE30JAN204600CE.NFO,07/01/2020,11:25:24,3.7,3.4,750,3.65,750,0,53500
BAJFINANCE30JAN204600CE.NFO,07/01/2020,11:25:29,3.7,3.4,750,3.65,1250,0,53500
BAJFINANCE30JAN204600CE.NFO,07/01/2020,11:25:34,3.7,3.4,750,3.65,1000,0,53500
BAJFINANCE30JAN204600CE.NFO,07/01/2020,11:25:47,3.7,3.4,750,3.65,500,0,53500
BAJFINANCE30JAN204600CE.NFO,07/01/2020,11:25:59,3.65,3.4,750,3.65,250,250,53250
BAJFINANCE30JAN204600CE.NFO,07/01/2020,11:26:03,3.65,3.4,750,3.7,500,250,53250
BAJFINANCE30JAN204600CE.NFO,07/01/2020,11:26:06,3.65,3.4,750,3.65,500,0,53250
BAJFINANCE30JAN204600CE.NFO,07/01/2020,11:29:51,3.65,3.4,750,3.7,1000,0,53500
BAJFINANCE30JAN204600CE.NFO,07/01/2020,11:30:08,3.65,3.4,750,3.65,500,0,53500
BAJFINANCE30JAN204600CE.NFO,07/01/2020,11:30:17,3.65,3.4,750,3.6,500,0,53500
BAJFINANCE30JAN204600CE.NFO,07/01/2020,11:32:08,3.6,3.4,750,3.85,250,500,53500
BAJFINANCE30JAN204600CE.NFO,07/01/2020,11:32:13,3.6,3.4,750,3.85,250,0,53500
BAJFINANCE30JAN204600CE.NFO,07/01/2020,11:32:17,3.6,3.55,750,3.85,750,0,53500
BAJFINANCE30JAN204600CE.NFO,07/01/2020,11:32:25,3.6,3.55,1000,3.9,250,0,53500
BAJFINANCE30JAN204600CE.NFO,07/01/2020,11:32:46,3.6,3.55,1000,3.9,750,0,53500
BAJFINANCE30JAN204600CE.NFO,07/01/2020,11:32:49,3.6,3.65,750,3.9,750,0,53500
BAJFINANCE30JAN204600CE.NFO,07/01/2020,11:32:58,3.6,3.65,500,3.9,750,0,53500
BAJFINANCE30JAN204600CE.NFO,07/01/2020,11:34:05,3.6,3.65,250,3.9,750,0,53500
BAJFINANCE30JAN204600CE.NFO,07/01/2020,11:34:11,3.6,3.65,500,3.9,750,0,53500
BAJFINANCE30JAN204600CE.NFO,07/01/2020,11:34:37,3.6,3.65,500,3.95,500,0,53500
BAJFINANCE30JAN204600CE.NFO,07/01/2020,11:34:43,3.6,3.65,500,3.9,500,0,53500
BAJFINANCE30JAN204600CE.NFO,07/01/2020,11:34:48,3.6,3.65,500,3.95,750,0,53500
BAJFINANCE30JAN204600CE.NFO,07/01/2020,11:34:53,3.6,3.65,500,3.9,1000,0,53500
BAJFINANCE30JAN204600CE.NFO,07/01/2020,11:35:05,3.6,3.65,500,3.9,750,0,53500
BAJFINANCE30JAN204600CE.NFO,07/01/2020,11:35:21,3.6,3.65,500,3.9,500,0,53500
BAJFINANCE30JAN204600CE.NFO,07/01/2020,11:35:37,3.6,3.65,500,3.95,750,0,53500
BAJFINANCE30JAN204600CE.NFO,07/01/2020,11:35:42,3.6,3.65,500,3.9,500,0,53500
BAJFINANCE30JAN204600CE.NFO,07/01/2020,11:35:47,3.6,3.65,500,3.95,750,0,53500
BAJFINANCE30JAN204600CE.NFO,07/01/2020,11:35:51,3.6,3.65,500,3.95,500,0,53500
BAJFINANCE30JAN204600CE.NFO,07/01/2020,11:35:56,3.6,3.65,500,4,1000,0,53500
BAJFINANCE30JAN204600CE.NFO,07/01/2020,11:36:06,3.6,3.65,500,4,750,0,53500
BAJFINANCE30JAN204600CE.NFO,07/01/2020,11:36:19,3.6,3.65,500,4,1000,0,53500
BAJFINANCE30JAN204600CE.NFO,07/01/2020,11:36:24,3.6,3.65,500,4,750,0,53500
BAJFINANCE30JAN204600CE.NFO,07/01/2020,11:36:29,3.6,3.65,500,4,1000,0,53500
BAJFINANCE30JAN204600CE.NFO,07/01/2020,11:36:34,3.6,3.65,500,4,750,0,53500
BAJFINANCE30JAN204600CE.NFO,07/01/2020,11:36:43,3.6,3.65,500,3.95,500,0,53500
BAJFINANCE30JAN204600CE.NFO,07/01/2020,11:36:49,3.6,3.65,500,3.9,1000,0,53500
BAJFINANCE30JAN204600CE.NFO,07/01/2020,11:36:55,3.6,3.7,250,3.9,750,0,53500
BAJFINANCE30JAN204600CE.NFO,07/01/2020,11:37:06,3.6,3.7,500,3.9,750,0,53500
BAJFINANCE30JAN204600CE.NFO,07/01/2020,11:37:10,3.6,3.7,250,3.85,500,0,53500
BAJFINANCE30JAN204600CE.NFO,07/01/2020,11:37:14,3.6,3.65,750,3.85,500,0,53500
BAJFINANCE30JAN204600CE.NFO,07/01/2020,11:37:18,3.6,3.65,750,3.85,750,0,53500
BAJFINANCE30JAN204600CE.NFO,07/01/2020,11:37:23,3.6,3.65,750,3.85,500,0,53500
BAJFINANCE30JAN204600CE.NFO,07/01/2020,11:37:38,3.6,3.65,500,3.9,750,0,53500
BAJFINANCE30JAN204600CE.NFO,07/01/2020,11:38:08,3.6,3.65,500,3.95,500,0,53500
BAJFINANCE30JAN204600CE.NFO,07/01/2020,11:38:12,3.6,3.75,1000,3.95,500,0,53500
BAJFINANCE30JAN204600CE.NFO,07/01/2020,11:38:34,3.6,3.75,500,3.95,750,0,53500
BAJFINANCE30JAN204600CE.NFO,07/01/2020,11:38:44,3.6,3.7,1750,3.95,750,0,53500
BAJFINANCE30JAN204600CE.NFO,07/01/2020,11:38:57,3.6,3.7,1750,3.9,1250,0,53500
BAJFINANCE30JAN204600CE.NFO,07/01/2020,11:39:08,3.6,3.7,1500,3.9,1000,0,53500
BAJFINANCE30JAN204600CE.NFO,07/01/2020,11:39:37,3.6,3.7,1500,3.9,750,0,53500
BAJFINANCE30JAN204600CE.NFO,07/01/2020,11:39:40,3.6,3.75,250,3.9,500,0,53500
BAJFINANCE30JAN204600CE.NFO,07/01/2020,11:39:50,3.7,3.6,250,3.9,750,1250,52750
BAJFINANCE30JAN204600CE.NFO,07/01/2020,11:39:57,3.7,3.65,750,3.9,750,0,52750
BAJFINANCE30JAN204600CE.NFO,07/01/2020,11:40:03,3.7,3.65,250,3.9,750,0,52750
BAJFINANCE30JAN204600CE.NFO,07/01/2020,11:40:17,3.7,3.7,500,3.9,250,0,52750
BAJFINANCE30JAN204600CE.NFO,07/01/2020,11:40:24,3.7,3.65,500,3.9,750,0,52750
BAJFINANCE30JAN204600CE.NFO,07/01/2020,11:40:35,3.7,3.65,250,3.9,750,0,52750
BAJFINANCE30JAN204600CE.NFO,07/01/2020,11:40:43,3.7,3.65,250,3.85,250,0,52750
BAJFINANCE30JAN204600CE.NFO,07/01/2020,11:40:54,3.7,3.6,500,3.85,750,0,52750
BAJFINANCE30JAN204600CE.NFO,07/01/2020,11:41:11,3.7,3.6,500,3.8,750,0,52750
BAJFINANCE30JAN204600CE.NFO,07/01/2020,11:41:15,3.7,3.6,250,3.8,500,0,52750
BAJFINANCE30JAN204600CE.NFO,07/01/2020,11:41:24,3.7,3.6,500,3.8,500,0,52750
BAJFINANCE30JAN204600CE.NFO,07/01/2020,11:41:40,3.7,3.6,250,3.8,500,0,52750
BAJFINANCE30JAN204600CE.NFO,07/01/2020,11:43:33,3.7,3.75,250,3.85,250,0,52750
BAJFINANCE30JAN204600CE.NFO,07/01/2020,11:45:10,3.75,3.65,250,3.85,750,250,52250
BAJFINANCE30JAN204600CE.NFO,07/01/2020,11:45:12,3.75,3.65,250,3.8,250,0,52250
BAJFINANCE30JAN204600CE.NFO,07/01/2020,11:45:18,3.75,3.65,250,3.85,750,0,52250
BAJFINANCE30JAN204600CE.NFO,07/01/2020,11:45:25,3.75,3.65,250,3.8,250,0,52250
BAJFINANCE30JAN204600CE.NFO,07/01/2020,11:46:13,3.75,3.65,250,3.8,750,0,52250
BAJFINANCE30JAN204600CE.NFO,07/01/2020,11:46:19,3.75,3.65,250,3.8,500,0,52250
BAJFINANCE30JAN204600CE.NFO,07/01/2020,11:46:22,3.75,3.65,250,3.9,500,0,52250
BAJFINANCE30JAN204600CE.NFO,07/01/2020,11:46:25,3.75,3.65,250,3.85,250,0,52250
BAJFINANCE30JAN204600CE.NFO,07/01/2020,11:46:27,3.75,3.65,250,3.85,750,0,52250
BAJFINANCE30JAN204600CE.NFO,07/01/2020,11:46:43,3.75,3.65,250,3.9,500,0,52250
BAJFINANCE30JAN204600CE.NFO,07/01/2020,11:46:46,3.75,3.65,250,3.85,250,0,52250
BAJFINANCE30JAN204600CE.NFO,07/01/2020,11:47:33,3.75,3.6,500,3.85,750,0,52250
BAJFINANCE30JAN204600CE.NFO,07/01/2020,11:49:29,3.75,3.6,500,3.85,250,0,52250
BAJFINANCE30JAN204600CE.NFO,07/01/2020,11:50:19,3.75,3.6,500,3.85,750,0,52250
BAJFINANCE30JAN204600CE.NFO,07/01/2020,11:51:37,3.75,3.6,500,3.9,500,0,52250
BAJFINANCE30JAN204600CE.NFO,07/01/2020,11:51:44,3.75,3.6,500,3.85,750,0,52250
BAJFINANCE30JAN204600CE.NFO,07/01/2020,11:51:57,3.75,3.6,500,3.85,250,0,52250
BAJFINANCE30JAN204600CE.NFO,07/01/2020,11:54:07,3.75,3.6,500,3.85,750,0,52250
BAJFINANCE30JAN204600CE.NFO,07/01/2020,11:54:16,3.75,3.6,500,3.85,250,0,52250
BAJFINANCE30JAN204600CE.NFO,07/01/2020,11:54:58,3.75,3.6,500,3.75,250,0,52250
BAJFINANCE30JAN204600CE.NFO,07/01/2020,11:55:02,3.75,3.6,500,3.8,250,0,52250
BAJFINANCE30JAN204600CE.NFO,07/01/2020,11:57:33,3.75,3.6,500,3.8,750,0,52250
BAJFINANCE30JAN204600CE.NFO,07/01/2020,11:57:57,3.75,3.6,250,3.8,750,0,52250
BAJFINANCE30JAN204600CE.NFO,07/01/2020,11:58:07,3.75,3.6,500,3.75,250,0,52250
BAJFINANCE30JAN204600CE.NFO,07/01/2020,11:58:16,3.75,3.6,750,3.8,750,0,52250
BAJFINANCE30JAN204600CE.NFO,07/01/2020,11:58:24,3.75,3.6,500,3.8,750,0,52250
BAJFINANCE30JAN204600CE.NFO,07/01/2020,11:59:35,3.75,3.6,500,3.75,250,0,52250
BAJFINANCE30JAN204600CE.NFO,07/01/2020,11:59:38,3.75,3.6,500,3.8,750,0,52250
BAJFINANCE30JAN204600CE.NFO,07/01/2020,11:59:40,3.75,3.6,500,3.75,250,0,52250
BAJFINANCE30JAN204600CE.NFO,07/01/2020,12:00:13,3.75,3.6,500,3.8,750,250,52500
BAJFINANCE30JAN204600CE.NFO,07/01/2020,12:00:16,3.75,3.6,500,3.8,750,0,52500
BAJFINANCE30JAN204600CE.NFO,07/01/2020,12:00:31,3.6,3.6,250,3.8,750,250,52500
BAJFINANCE30JAN204600CE.NFO,07/01/2020,12:01:32,3.6,3.55,250,3.8,250,0,52500
BAJFINANCE30JAN204600CE.NFO,07/01/2020,12:01:59,3.6,3.6,500,3.8,750,0,52500
BAJFINANCE30JAN204600CE.NFO,07/01/2020,12:02:15,3.6,3.55,250,3.8,750,0,52500
BAJFINANCE30JAN204600CE.NFO,07/01/2020,12:02:33,3.6,3.6,500,3.8,750,0,52500
BAJFINANCE30JAN204600CE.NFO,07/01/2020,12:02:39,3.6,3.6,500,3.8,250,0,52500
BAJFINANCE30JAN204600CE.NFO,07/01/2020,12:02:51,3.6,3.6,750,3.8,250,0,52500
BAJFINANCE30JAN204600CE.NFO,07/01/2020,12:02:55,3.6,3.6,500,3.8,250,0,52500
BAJFINANCE30JAN204600CE.NFO,07/01/2020,12:03:06,3.6,3.6,500,3.8,750,0,52500
BAJFINANCE30JAN204600CE.NFO,07/01/2020,12:03:15,3.6,3.6,250,3.8,750,0,52500
BAJFINANCE30JAN204600CE.NFO,07/01/2020,12:03:39,3.6,3.6,500,3.8,750,0,52500
BAJFINANCE30JAN204600CE.NFO,07/01/2020,12:05:06,3.6,3.65,750,3.8,750,0,52500
BAJFINANCE30JAN204600CE.NFO,07/01/2020,12:05:10,3.8,3.75,250,3.95,500,250,52250
BAJFINANCE30JAN204600CE.NFO,07/01/2020,12:05:29,3.8,3.75,500,3.9,250,0,52250
BAJFINANCE30JAN204600CE.NFO,07/01/2020,12:05:32,3.8,3.75,250,3.9,750,0,52250
BAJFINANCE30JAN204600CE.NFO,07/01/2020,12:05:34,3.8,3.8,250,3.9,250,0,52250
BAJFINANCE30JAN204600CE.NFO,07/01/2020,12:05:40,3.8,3.75,500,3.9,250,0,52250
BAJFINANCE30JAN204600CE.NFO,07/01/2020,12:06:27,3.8,3.75,250,3.9,250,0,52250
BAJFINANCE30JAN204600CE.NFO,07/01/2020,12:06:36,3.8,3.75,500,3.9,250,0,52250
BAJFINANCE30JAN204600CE.NFO,07/01/2020,12:06:44,3.8,3.75,250,3.9,250,0,52250
BAJFINANCE30JAN204600CE.NFO,07/01/2020,12:07:34,3.8,3.8,1250,3.9,250,0,52250
BAJFINANCE30JAN204600CE.NFO,07/01/2020,12:07:36,3.8,3.8,500,3.9,250,0,52250
BAJFINANCE30JAN204600CE.NFO,07/01/2020,12:07:44,3.8,3.8,500,3.95,250,0,52250
BAJFINANCE30JAN204600CE.NFO,07/01/2020,12:07:57,3.8,3.85,500,3.95,250,0,52250
BAJFINANCE30JAN204600CE.NFO,07/01/2020,12:08:01,3.8,3.85,250,3.95,250,0,52250
BAJFINANCE30JAN204600CE.NFO,07/01/2020,12:08:44,3.8,3.8,250,3.95,250,0,52250
BAJFINANCE30JAN204600CE.NFO,07/01/2020,12:08:59,3.8,3.8,500,3.95,250,0,52250
BAJFINANCE30JAN204600CE.NFO,07/01/2020,12:09:09,3.8,3.8,500,3.95,750,0,52250
BAJFINANCE30JAN204600CE.NFO,07/01/2020,12:09:11,3.8,3.8,750,3.95,750,0,52250
BAJFINANCE30JAN204600CE.NFO,07/01/2020,12:09:42,3.8,3.8,750,3.95,250,0,52250
BAJFINANCE30JAN204600CE.NFO,07/01/2020,12:10:11,3.8,3.8,500,3.95,250,0,52250
BAJFINANCE30JAN204600CE.NFO,07/01/2020,12:11:26,3.8,3.85,750,3.95,250,0,52250
BAJFINANCE30JAN204600CE.NFO,07/01/2020,12:11:33,3.8,3.85,500,3.95,250,0,52250
BAJFINANCE30JAN204600CE.NFO,07/01/2020,12:11:37,3.8,3.85,250,3.95,250,0,52250
BAJFINANCE30JAN204600CE.NFO,07/01/2020,12:11:43,3.95,3.9,500,4,750,250,52250
BAJFINANCE30JAN204600CE.NFO,07/01/2020,12:11:51,3.95,3.9,500,4,750,0,52250
BAJFINANCE30JAN204600CE.NFO,07/01/2020,12:12:11,3.95,3.9,500,4,250,0,52250
BAJFINANCE30JAN204600CE.NFO,07/01/2020,12:12:26,4,3.9,750,4.4,500,250,52250
BAJFINANCE30JAN204600CE.NFO,07/01/2020,12:12:30,4,3.9,750,4.35,750,0,52250
BAJFINANCE30JAN204600CE.NFO,07/01/2020,12:12:36,4,3.9,750,4.3,750,0,52250
BAJFINANCE30JAN204600CE.NFO,07/01/2020,12:12:47,4,3.9,750,4.25,750,0,52250
BAJFINANCE30JAN204600CE.NFO,07/01/2020,12:13:10,4,4,500,4.25,250,0,52250
BAJFINANCE30JAN204600CE.NFO,07/01/2020,12:13:17,4,4,500,4.7,1250,0,52250
BAJFINANCE30JAN204600CE.NFO,07/01/2020,12:13:23,4,4.1,250,4.45,1250,0,52250
BAJFINANCE30JAN204600CE.NFO,07/01/2020,12:13:32,4,4.1,500,4.35,500,0,52250
BAJFINANCE30JAN204600CE.NFO,07/01/2020,12:13:44,4,4.1,500,4.3,250,0,52250
BAJFINANCE30JAN204600CE.NFO,07/01/2020,12:13:47,4,4.1,500,4.25,250,0,52250
BAJFINANCE30JAN204600CE.NFO,07/01/2020,12:13:59,4,3.9,500,4.2,750,0,52250
BAJFINANCE30JAN204600CE.NFO,07/01/2020,12:14:05,4,3.9,500,4.2,1250,0,52250
BAJFINANCE30JAN204600CE.NFO,07/01/2020,12:14:10,4,3.95,1000,4.2,500,0,52250
BAJFINANCE30JAN204600CE.NFO,07/01/2020,12:14:35,4,3.95,1000,4.9,500,0,52250
BAJFINANCE30JAN204600CE.NFO,07/01/2020,12:14:40,4,3.95,1000,4.8,750,0,52250
BAJFINANCE30JAN204600CE.NFO,07/01/2020,12:15:13,4,3.9,250,4.8,750,0,52250
BAJFINANCE30JAN204600CE.NFO,07/01/2020,12:15:16,4,3.85,250,4.8,750,0,52250
BAJFINANCE30JAN204600CE.NFO,07/01/2020,12:15:20,4,3.75,500,4.8,750,0,52250
BAJFINANCE30JAN204600CE.NFO,07/01/2020,12:15:28,4,3.75,750,4.2,250,0,52250
BAJFINANCE30JAN204600CE.NFO,07/01/2020,12:16:10,4,3.75,750,4.7,750,0,52250
BAJFINANCE30JAN204600CE.NFO,07/01/2020,12:17:39,4,3.75,750,4.7,1000,0,52250
BAJFINANCE30JAN204600CE.NFO,07/01/2020,12:17:50,4,3.75,750,4.5,750,0,52250
BAJFINANCE30JAN204600CE.NFO,07/01/2020,12:17:54,4,3.75,750,4.45,750,0,52250
BAJFINANCE30JAN204600CE.NFO,07/01/2020,12:18:07,4,3.75,750,4.25,750,0,52250
BAJFINANCE30JAN204600CE.NFO,07/01/2020,12:18:09,4,4.05,750,4.25,750,0,52250
BAJFINANCE30JAN204600CE.NFO,07/01/2020,12:18:22,4.05,4.05,250,4.4,500,250,52250
BAJFINANCE30JAN204600CE.NFO,07/01/2020,12:18:25,4.05,3.95,250,4.35,750,0,52250
BAJFINANCE30JAN204600CE.NFO,07/01/2020,12:18:45,4.05,3.95,250,4.25,750,0,52250
BAJFINANCE30JAN204600CE.NFO,07/01/2020,12:18:58,4.05,3.95,500,4.25,750,0,52250
BAJFINANCE30JAN204600CE.NFO,07/01/2020,12:19:00,4.05,3.95,500,4.2,750,0,52250
BAJFINANCE30JAN204600CE.NFO,07/01/2020,12:19:06,4.05,3.95,500,4.2,250,0,52250
BAJFINANCE30JAN204600CE.NFO,07/01/2020,12:19:37,4.05,3.95,500,4.25,500,0,52250
BAJFINANCE30JAN204600CE.NFO,07/01/2020,12:19:48,4.05,4.05,500,4.3,750,0,52250
BAJFINANCE30JAN204600CE.NFO,07/01/2020,12:20:06,4.05,4.05,500,4.25,500,0,52250
BAJFINANCE30JAN204600CE.NFO,07/01/2020,12:20:18,4.05,4,250,4.25,1000,0,52250
BAJFINANCE30JAN204600CE.NFO,07/01/2020,12:20:22,4.05,3.95,500,4.25,1000,0,52250
BAJFINANCE30JAN204600CE.NFO,07/01/2020,12:21:10,4.05,3.95,500,4.15,750,0,52250
BAJFINANCE30JAN204600CE.NFO,07/01/2020,12:23:32,4.05,3.95,500,4.15,1250,0,52250
BAJFINANCE30JAN204600CE.NFO,07/01/2020,12:24:16,4.05,3.95,500,4.15,500,0,52250
BAJFINANCE30JAN204600CE.NFO,07/01/2020,12:24:20,4.05,3.95,500,4.15,1000,0,52250
BAJFINANCE30JAN204600CE.NFO,07/01/2020,12:25:59,4.05,3.95,750,4.15,1000,0,52250
BAJFINANCE30JAN204600CE.NFO,07/01/2020,12:26:28,4.05,3.95,750,4.15,750,0,52250
BAJFINANCE30JAN204600CE.NFO,07/01/2020,12:26:52,4.05,3.95,750,4.2,1000,0,52250
BAJFINANCE30JAN204600CE.NFO,07/01/2020,12:27:13,4.05,3.95,750,4.15,750,0,52250
BAJFINANCE30JAN204600CE.NFO,07/01/2020,12:27:32,4.05,3.95,750,4.15,1000,0,52250
BAJFINANCE30JAN204600CE.NFO,07/01/2020,12:27:58,4.05,3.95,500,4.15,1000,0,52250
BAJFINANCE30JAN204600CE.NFO,07/01/2020,12:28:06,4.05,3.95,250,4.15,1000,0,52250
BAJFINANCE30JAN204600CE.NFO,07/01/2020,12:28:21,4.05,4,250,4.15,1000,0,52250
BAJFINANCE30JAN204600CE.NFO,07/01/2020,12:28:35,4.05,3.95,250,4.15,1000,0,52250
BAJFINANCE30JAN204600CE.NFO,07/01/2020,12:28:49,4.05,3.95,500,4.15,1000,0,52250
BAJFINANCE30JAN204600CE.NFO,07/01/2020,12:28:56,4.05,3.95,250,4.15,1000,0,52250
BAJFINANCE30JAN204600CE.NFO,07/01/2020,12:29:02,4.05,3.9,750,4.15,1000,0,52250
BAJFINANCE30JAN204600CE.NFO,07/01/2020,12:29:41,4.05,3.9,500,4.15,1000,0,52250
BAJFINANCE30JAN204600CE.NFO,07/01/2020,12:29:45,4.05,3.9,250,4.15,1000,0,52250
BAJFINANCE30JAN204600CE.NFO,07/01/2020,12:30:02,4.05,3.8,250,4.15,1000,0,52250
BAJFINANCE30JAN204600CE.NFO,07/01/2020,12:30:18,4.05,3.8,500,4.15,1000,0,52250
BAJFINANCE30JAN204600CE.NFO,07/01/2020,12:30:31,4.05,3.8,250,4.15,1000,0,52250
BAJFINANCE30JAN204600CE.NFO,07/01/2020,12:30:50,4.05,3.8,250,4.15,750,0,52250
BAJFINANCE30JAN204600CE.NFO,07/01/2020,12:30:54,4.05,3.8,500,4.15,750,0,52250
BAJFINANCE30JAN204600CE.NFO,07/01/2020,12:31:02,4.05,3.8,250,4.6,500,0,52250
BAJFINANCE30JAN204600CE.NFO,07/01/2020,12:31:06,4.05,3.8,500,4.6,500,0,52250
BAJFINANCE30JAN204600CE.NFO,07/01/2020,12:31:22,4.05,3.85,500,4.6,500,0,52250
BAJFINANCE30JAN204600CE.NFO,07/01/2020,12:32:03,4.05,3.85,500,4.5,750,0,52250
BAJFINANCE30JAN204600CE.NFO,07/01/2020,12:32:42,4.05,3.85,500,4.5,1000,0,52250
BAJFINANCE30JAN204600CE.NFO,07/01/2020,12:35:50,4.05,3.85,500,4.2,250,0,52250
BAJFINANCE30JAN204600CE.NFO,07/01/2020,12:35:53,4.05,3.75,250,4.2,250,0,52250
BAJFINANCE30JAN204600CE.NFO,07/01/2020,12:35:59,4.05,3.75,500,4.1,250,0,52250
BAJFINANCE30JAN204600CE.NFO,07/01/2020,12:36:10,4.05,3.75,500,4.15,250,0,52250
BAJFINANCE30JAN204600CE.NFO,07/01/2020,12:36:51,4.05,3.75,750,4.15,750,0,52250
BAJFINANCE30JAN204600CE.NFO,07/01/2020,12:37:00,4.05,3.75,500,4.15,750,0,52250
BAJFINANCE30JAN204600CE.NFO,07/01/2020,12:37:07,3.75,3.75,250,4.15,750,250,51750
BAJFINANCE30JAN204600CE.NFO,07/01/2020,12:37:25,3.75,3.75,250,4.15,750,0,51750
BAJFINANCE30JAN204600CE.NFO,07/01/2020,12:37:28,3.75,3.7,250,4.15,750,0,51750
BAJFINANCE30JAN204600CE.NFO,07/01/2020,12:37:49,3.75,3.65,750,4.15,750,0,51750
BAJFINANCE30JAN204600CE.NFO,07/01/2020,12:39:25,3.75,3.65,750,4.4,250,0,51750
BAJFINANCE30JAN204600CE.NFO,07/01/2020,12:39:28,3.75,3.65,750,4.3,250,0,51750
BAJFINANCE30JAN204600CE.NFO,07/01/2020,12:39:34,3.75,3.65,750,4.25,750,0,51750
BAJFINANCE30JAN204600CE.NFO,07/01/2020,12:39:38,3.75,3.65,750,4.2,750,0,51750
BAJFINANCE30JAN204600CE.NFO,07/01/2020,12:39:48,3.75,3.65,750,4.15,750,0,51750
BAJFINANCE30JAN204600CE.NFO,07/01/2020,12:39:56,3.75,3.65,500,4.15,750,0,51750
BAJFINANCE30JAN204600CE.NFO,07/01/2020,12:40:53,3.75,3.6,750,4.1,750,0,51750
BAJFINANCE30JAN204600CE.NFO,07/01/2020,12:42:01,3.75,3.6,500,4.1,750,0,51750
BAJFINANCE30JAN204600CE.NFO,07/01/2020,12:42:12,3.75,3.6,500,4.05,750,0,51750
BAJFINANCE30JAN204600CE.NFO,07/01/2020,12:42:38,3.75,3.55,500,4,750,0,51750
BAJFINANCE30JAN204600CE.NFO,07/01/2020,12:42:58,3.75,3.7,500,4,750,0,51750
BAJFINANCE30JAN204600CE.NFO,07/01/2020,12:44:18,3.75,3.7,750,4,750,0,51750
BAJFINANCE30JAN204600CE.NFO,07/01/2020,12:44:22,3.75,3.7,750,4.35,250,0,51750
BAJFINANCE30JAN204600CE.NFO,07/01/2020,12:44:52,3.75,3.7,750,4.3,750,0,51750
BAJFINANCE30JAN204600CE.NFO,07/01/2020,12:44:54,3.75,3.7,750,4.25,750,0,51750
BAJFINANCE30JAN204600CE.NFO,07/01/2020,12:44:58,3.75,3.7,750,4.15,750,0,51750
BAJFINANCE30JAN204600CE.NFO,07/01/2020,12:45:05,3.75,3.7,750,4.1,750,0,51750
BAJFINANCE30JAN204600CE.NFO,07/01/2020,12:45:55,3.75,3.7,750,4.3,250,0,51750
BAJFINANCE30JAN204600CE.NFO,07/01/2020,12:47:31,3.75,3.7,750,4.25,750,0,51750
BAJFINANCE30JAN204600CE.NFO,07/01/2020,12:47:53,3.75,3.7,750,4.2,750,0,51750
BAJFINANCE30JAN204600CE.NFO,07/01/2020,12:47:55,3.75,3.9,750,4.2,750,0,51750
BAJFINANCE30JAN204600CE.NFO,07/01/2020,12:48:02,3.75,3.9,750,4.15,1250,0,51750
BAJFINANCE30JAN204600CE.NFO,07/01/2020,12:48:07,3.75,3.9,750,4.1,500,0,51750
BAJFINANCE30JAN204600CE.NFO,07/01/2020,12:48:12,3.75,3.9,750,4.1,250,0,51750
BAJFINANCE30JAN204600CE.NFO,07/01/2020,12:48:18,3.75,3.9,750,4.15,750,0,51750
BAJFINANCE30JAN204600CE.NFO,07/01/2020,12:48:38,3.75,3.9,750,4.15,1000,0,51750
BAJFINANCE30JAN204600CE.NFO,07/01/2020,12:50:06,3.75,3.9,750,4.15,750,0,51750
BAJFINANCE30JAN204600CE.NFO,07/01/2020,12:50:11,4.15,3.9,750,4.4,750,250,51750
BAJFINANCE30JAN204600CE.NFO,07/01/2020,12:50:13,4.15,3.9,750,4.4,750,0,51750
BAJFINANCE30JAN204600CE.NFO,07/01/2020,12:50:23,4.15,3.9,750,4.35,750,0,51750
BAJFINANCE30JAN204600CE.NFO,07/01/2020,12:50:26,4.15,3.9,750,4.35,1000,0,51750
BAJFINANCE30JAN204600CE.NFO,07/01/2020,12:50:28,4.15,3.9,750,4.25,750,0,51750
BAJFINANCE30JAN204600CE.NFO,07/01/2020,12:50:59,4.15,3.9,750,4.25,1000,0,51750
BAJFINANCE30JAN204600CE.NFO,07/01/2020,12:51:11,4.25,3.9,750,4.25,750,250,52000
BAJFINANCE30JAN204600CE.NFO,07/01/2020,12:51:22,4.25,3.9,750,4.25,750,0,52000
BAJFINANCE30JAN204600CE.NFO,07/01/2020,12:51:25,4.25,3.9,750,4.15,500,0,52000
BAJFINANCE30JAN204600CE.NFO,07/01/2020,12:51:30,4.25,3.9,750,4.15,750,0,52000
BAJFINANCE30JAN204600CE.NFO,07/01/2020,12:51:32,4.15,3.9,500,4.2,1000,250,52000
BAJFINANCE30JAN204600CE.NFO,07/01/2020,12:51:41,4.15,3.9,500,4.2,750,0,52000
BAJFINANCE30JAN204600CE.NFO,07/01/2020,12:52:21,4.15,3.9,500,4.15,1000,0,52000
BAJFINANCE30JAN204600CE.NFO,07/01/2020,12:52:30,4.15,3.9,500,4.15,750,0,52000
BAJFINANCE30JAN204600CE.NFO,07/01/2020,12:52:32,4.15,3.8,500,4.05,500,0,52000
BAJFINANCE30JAN204600CE.NFO,07/01/2020,12:52:34,4.15,3.8,500,4.1,1000,0,52000
BAJFINANCE30JAN204600CE.NFO,07/01/2020,12:52:44,4.15,3.8,500,4.1,750,0,52000
BAJFINANCE30JAN204600CE.NFO,07/01/2020,12:56:03,4.15,3.8,250,4,750,0,52000
BAJFINANCE30JAN204600CE.NFO,07/01/2020,12:57:00,4.15,3.8,250,4.4,250,0,52000
BAJFINANCE30JAN204600CE.NFO,07/01/2020,12:57:02,4.15,3.8,250,4.4,750,0,52000
BAJFINANCE30JAN204600CE.NFO,07/01/2020,12:58:16,4.15,3.8,500,4.4,750,0,52000
BAJFINANCE30JAN204600CE.NFO,07/01/2020,12:58:20,4.15,3.8,500,4.3,250,0,52000
BAJFINANCE30JAN204600CE.NFO,07/01/2020,12:58:32,4.15,3.8,500,4.3,750,0,52000
BAJFINANCE30JAN204600CE.NFO,07/01/2020,12:58:38,4.15,3.8,250,4.3,750,0,52000
BAJFINANCE30JAN204600CE.NFO,07/01/2020,12:58:41,4.15,3.8,500,4.3,750,0,52000
BAJFINANCE30JAN204600CE.NFO,07/01/2020,12:58:59,4.15,3.8,250,4.3,750,0,52000
BAJFINANCE30JAN204600CE.NFO,07/01/2020,12:59:15,4.15,3.8,500,4.3,750,0,52000
BAJFINANCE30JAN204600CE.NFO,07/01/2020,12:59:17,4.15,3.8,250,4.3,750,0,52000
BAJFINANCE30JAN204600CE.NFO,07/01/2020,12:59:24,4.15,3.8,500,4.3,750,0,52000
BAJFINANCE30JAN204600CE.NFO,07/01/2020,12:59:53,4.15,3.8,250,4.3,750,0,52000
BAJFINANCE30JAN204600CE.NFO,07/01/2020,13:00:06,4.15,3.8,500,4.3,750,0,52000
BAJFINANCE30JAN204600CE.NFO,07/01/2020,13:00:13,4.15,3.8,250,4.3,750,0,52000
BAJFINANCE30JAN204600CE.NFO,07/01/2020,13:00:33,4.15,3.8,500,4.3,750,0,52000
BAJFINANCE30JAN204600CE.NFO,07/01/2020,13:00:38,4.15,3.8,250,4.3,750,0,52000
BAJFINANCE30JAN204600CE.NFO,07/01/2020,13:00:49,4.15,3.8,500,4.3,750,0,52000
BAJFINANCE30JAN204600CE.NFO,07/01/2020,13:00:58,4.15,3.8,250,4.3,750,0,52000
BAJFINANCE30JAN204600CE.NFO,07/01/2020,13:01:26,4.15,3.8,500,4.3,750,0,52000
BAJFINANCE30JAN204600CE.NFO,07/01/2020,13:01:38,4.15,3.8,250,4.3,750,0,52000
BAJFINANCE30JAN204600CE.NFO,07/01/2020,13:01:59,4.15,3.8,500,4.3,750,0,52000
BAJFINANCE30JAN204600CE.NFO,07/01/2020,13:02:05,4.15,3.8,250,4.3,750,0,52000
BAJFINANCE30JAN204600CE.NFO,07/01/2020,13:03:22,4.15,3.8,500,4.3,750,0,52000
BAJFINANCE30JAN204600CE.NFO,07/01/2020,13:03:36,4.15,3.8,500,4.25,750,0,52000
BAJFINANCE30JAN204600CE.NFO,07/01/2020,13:04:25,4.15,3.8,500,4.2,500,0,52000
BAJFINANCE30JAN204600CE.NFO,07/01/2020,13:04:35,4.15,3.8,500,4.15,750,0,52000
BAJFINANCE30JAN204600CE.NFO,07/01/2020,13:04:50,4.15,3.8,250,4.15,750,0,52000
BAJFINANCE30JAN204600CE.NFO,07/01/2020,13:05:15,4.15,3.85,750,4.15,750,0,52000
BAJFINANCE30JAN204600CE.NFO,07/01/2020,13:05:21,4.15,3.8,250,4.1,750,0,52000
BAJFINANCE30JAN204600CE.NFO,07/01/2020,13:05:27,4.15,3.8,250,4.05,750,0,52000
BAJFINANCE30JAN204600CE.NFO,07/01/2020,13:05:43,4.15,3.8,250,4.1,750,0,52000
BAJFINANCE30JAN204600CE.NFO,07/01/2020,13:05:53,4.15,3.8,250,4.05,750,0,52000
BAJFINANCE30JAN204600CE.NFO,07/01/2020,13:06:04,4.15,3.8,250,4.1,750,0,52000
BAJFINANCE30JAN204600CE.NFO,07/01/2020,13:06:09,4.15,3.8,250,4.05,250,0,52000
BAJFINANCE30JAN204600CE.NFO,07/01/2020,13:06:14,4.15,3.8,250,4.05,750,0,52000
BAJFINANCE30JAN204600CE.NFO,07/01/2020,13:07:07,4.15,3.8,250,4.1,750,0,52000
BAJFINANCE30JAN204600CE.NFO,07/01/2020,13:07:38,4.15,3.8,250,4.05,500,0,52000
BAJFINANCE30JAN204600CE.NFO,07/01/2020,13:08:17,4.15,3.8,250,4,250,0,52000
BAJFINANCE30JAN204600CE.NFO,07/01/2020,13:08:31,4.15,3.85,750,4.05,250,0,52000
BAJFINANCE30JAN204600CE.NFO,07/01/2020,13:08:45,4.15,3.7,250,4.05,250,0,52000
BAJFINANCE30JAN204600CE.NFO,07/01/2020,13:08:51,4.15,3.7,250,4.1,750,0,52000
BAJFINANCE30JAN204600CE.NFO,07/01/2020,13:08:56,4.15,3.7,250,4.05,250,0,52000
BAJFINANCE30JAN204600CE.NFO,07/01/2020,13:09:06,4.15,3.7,250,4.05,750,0,52000
BAJFINANCE30JAN204600CE.NFO,07/01/2020,13:09:20,4.15,3.65,500,4.05,750,0,52000
BAJFINANCE30JAN204600CE.NFO,07/01/2020,13:11:03,4.15,3.65,500,3.95,250,0,52000
BAJFINANCE30JAN204600CE.NFO,07/01/2020,13:11:07,4.15,3.65,500,3.95,750,0,52000
BAJFINANCE30JAN204600CE.NFO,07/01/2020,13:12:02,4.15,3.65,500,4,750,0,52000
BAJFINANCE30JAN204600CE.NFO,07/01/2020,13:12:14,4.15,3.65,500,4.05,500,0,52000
BAJFINANCE30JAN204600CE.NFO,07/01/2020,13:12:24,4.15,3.65,500,4,750,0,52000
BAJFINANCE30JAN204600CE.NFO,07/01/2020,13:17:01,4.15,3.65,750,4,750,0,52000
BAJFINANCE30JAN204600CE.NFO,07/01/2020,13:17:28,4.15,3.65,500,4,750,0,52000
BAJFINANCE30JAN204600CE.NFO,07/01/2020,13:18:41,4.15,3.7,750,4.05,500,0,52000
BAJFINANCE30JAN204600CE.NFO,07/01/2020,13:19:30,4.15,3.7,500,4.05,500,0,52000
BAJFINANCE30JAN204600CE.NFO,07/01/2020,13:19:35,4.15,3.7,250,4,750,0,52000
BAJFINANCE30JAN204600CE.NFO,07/01/2020,13:20:01,4.15,3.7,250,4.05,500,0,52000
BAJFINANCE30JAN204600CE.NFO,07/01/2020,13:20:14,4.15,3.75,500,4.05,500,0,52000
BAJFINANCE30JAN204600CE.NFO,07/01/2020,13:20:38,4.15,3.7,750,4.05,500,0,52000
BAJFINANCE30JAN204600CE.NFO,07/01/2020,13:20:46,4.15,3.8,500,4.05,500,0,52000
BAJFINANCE30JAN204600CE.NFO,07/01/2020,13:21:23,4.15,3.75,250,4.05,500,0,52000
BAJFINANCE30JAN204600CE.NFO,07/01/2020,13:22:00,4.15,3.65,500,4.05,500,0,52000
BAJFINANCE30JAN204600CE.NFO,07/01/2020,13:22:04,4.15,3.65,500,4,750,0,52000
BAJFINANCE30JAN204600CE.NFO,07/01/2020,13:22:09,4.15,3.65,500,4.05,500,0,52000
BAJFINANCE30JAN204600CE.NFO,07/01/2020,13:22:17,4.15,3.7,500,4.05,500,0,52000
BAJFINANCE30JAN204600CE.NFO,07/01/2020,13:22:37,4.15,3.7,500,4,750,0,52000
BAJFINANCE30JAN204600CE.NFO,07/01/2020,13:22:46,4.15,3.55,250,4,750,0,52000
BAJFINANCE30JAN204600CE.NFO,07/01/2020,13:22:51,4.15,3.45,500,4,750,0,52000
BAJFINANCE30JAN204600CE.NFO,07/01/2020,13:22:56,4.15,3.45,250,4,750,0,52000
BAJFINANCE30JAN204600CE.NFO,07/01/2020,13:23:09,4.15,3.45,750,4,750,0,52000
BAJFINANCE30JAN204600CE.NFO,07/01/2020,13:23:18,4.15,3.55,500,4,750,0,52000
BAJFINANCE30JAN204600CE.NFO,07/01/2020,13:23:47,4.15,3.6,750,4,750,0,52000
BAJFINANCE30JAN204600CE.NFO,07/01/2020,13:23:51,4.15,3.6,500,4,750,0,52000
BAJFINANCE30JAN204600CE.NFO,07/01/2020,13:24:11,4.15,3.6,750,4,750,0,52000
BAJFINANCE30JAN204600CE.NFO,07/01/2020,13:24:40,4.15,3.6,500,4,750,0,52000
BAJFINANCE30JAN204600CE.NFO,07/01/2020,13:24:48,4.15,3.6,500,4.05,500,0,52000
BAJFINANCE30JAN204600CE.NFO,07/01/2020,13:25:04,4.15,3.65,750,4.05,500,0,52000
BAJFINANCE30JAN204600CE.NFO,07/01/2020,13:25:25,4.15,3.65,500,4.05,500,0,52000
BAJFINANCE30JAN204600CE.NFO,07/01/2020,13:25:54,4.15,3.65,500,4,750,0,52000
BAJFINANCE30JAN204600CE.NFO,07/01/2020,13:25:58,4.15,3.65,500,4.05,500,0,52000
BAJFINANCE30JAN204600CE.NFO,07/01/2020,13:26:07,4.15,3.65,500,4,750,0,52000
BAJFINANCE30JAN204600CE.NFO,07/01/2020,13:26:11,4.15,3.65,500,4.05,500,0,52000
BAJFINANCE30JAN204600CE.NFO,07/01/2020,13:26:21,4.15,3.65,500,4,750,0,52000
BAJFINANCE30JAN204600CE.NFO,07/01/2020,13:26:25,4.15,3.65,500,4.05,500,0,52000
BAJFINANCE30JAN204600CE.NFO,07/01/2020,13:27:29,4.15,3.65,500,4,250,0,52000
BAJFINANCE30JAN204600CE.NFO,07/01/2020,13:27:35,4.15,3.65,500,4.05,500,0,52000
BAJFINANCE30JAN204600CE.NFO,07/01/2020,13:27:40,4.15,3.7,500,4,750,0,52000
BAJFINANCE30JAN204600CE.NFO,07/01/2020,13:27:45,4.15,3.7,250,4.05,500,0,52000
BAJFINANCE30JAN204600CE.NFO,07/01/2020,13:27:56,4.15,3.7,250,4,750,0,52000
BAJFINANCE30JAN204600CE.NFO,07/01/2020,13:28:02,4.15,3.7,250,4.05,500,0,52000
BAJFINANCE30JAN204600CE.NFO,07/01/2020,13:28:24,4.15,3.7,250,4,750,0,52000
BAJFINANCE30JAN204600CE.NFO,07/01/2020,13:31:34,4.15,3.5,250,4,750,0,52000
BAJFINANCE30JAN204600CE.NFO,07/01/2020,13:31:41,4.15,3.5,500,4,750,0,52000
BAJFINANCE30JAN204600CE.NFO,07/01/2020,13:32:02,4.15,3.5,500,4.05,500,0,52000
BAJFINANCE30JAN204600CE.NFO,07/01/2020,13:32:09,4.15,3.5,500,4,750,0,52000
BAJFINANCE30JAN204600CE.NFO,07/01/2020,13:32:42,4.15,3.5,500,4,250,0,52000
BAJFINANCE30JAN204600CE.NFO,07/01/2020,13:33:57,4.15,3.55,500,4,750,0,52000
BAJFINANCE30JAN204600CE.NFO,07/01/2020,13:34:02,4.15,3.6,500,4,750,0,52000
BAJFINANCE30JAN204600CE.NFO,07/01/2020,13:34:12,4.15,3.6,250,4,750,0,52000
BAJFINANCE30JAN204600CE.NFO,07/01/2020,13:34:42,4.15,3.65,500,4,750,0,52000
BAJFINANCE30JAN204600CE.NFO,07/01/2020,13:34:49,4.15,3.6,500,4,750,0,52000
BAJFINANCE30JAN204600CE.NFO,07/01/2020,13:34:55,4.15,3.6,500,4.05,500,0,52000
BAJFINANCE30JAN204600CE.NFO,07/01/2020,13:35:02,4.15,3.6,500,4,250,0,52000
BAJFINANCE30JAN204600CE.NFO,07/01/2020,13:35:20,4.15,3.6,500,4.05,500,0,52000
BAJFINANCE30JAN204600CE.NFO,07/01/2020,13:35:52,4.15,3.6,250,4.05,500,0,52000
BAJFINANCE30JAN204600CE.NFO,07/01/2020,13:36:09,4.15,3.6,250,4,250,0,52000
BAJFINANCE30JAN204600CE.NFO,07/01/2020,13:36:13,4.15,3.6,250,4,750,0,52000
BAJFINANCE30JAN204600CE.NFO,07/01/2020,13:36:17,4.15,3.65,500,4,750,0,52000
BAJFINANCE30JAN204600CE.NFO,07/01/2020,13:36:36,4.15,3.6,750,4,750,0,52000
BAJFINANCE30JAN204600CE.NFO,07/01/2020,13:36:44,4.15,3.6,250,4,750,0,52000
BAJFINANCE30JAN204600CE.NFO,07/01/2020,13:37:24,4.15,3.6,250,3.95,750,0,52000
BAJFINANCE30JAN204600CE.NFO,07/01/2020,13:37:30,4.15,3.6,250,3.95,500,0,52000
BAJFINANCE30JAN204600CE.NFO,07/01/2020,13:37:35,4.15,3.65,500,3.95,500,0,52000
BAJFINANCE30JAN204600CE.NFO,07/01/2020,13:38:21,4.15,3.65,750,4,750,0,52000
BAJFINANCE30JAN204600CE.NFO,07/01/2020,13:38:27,4.15,3.65,500,4,750,0,52000
BAJFINANCE30JAN204600CE.NFO,07/01/2020,13:38:33,4.15,3.65,500,3.95,500,0,52000
BAJFINANCE30JAN204600CE.NFO,07/01/2020,13:39:46,4.15,3.65,500,3.9,250,0,52000
BAJFINANCE30JAN204600CE.NFO,07/01/2020,13:39:55,4.15,3.65,500,3.95,500,0,52000
BAJFINANCE30JAN204600CE.NFO,07/01/2020,13:40:03,4.15,3.65,500,3.9,750,0,52000
BAJFINANCE30JAN204600CE.NFO,07/01/2020,13:40:07,4.15,3.65,500,3.95,500,0,52000
BAJFINANCE30JAN204600CE.NFO,07/01/2020,13:41:58,4.15,3.7,500,3.95,500,0,52000
BAJFINANCE30JAN204600CE.NFO,07/01/2020,13:42:13,4.15,3.7,250,3.95,500,0,52000
BAJFINANCE30JAN204600CE.NFO,07/01/2020,13:42:26,4.15,3.7,500,3.95,500,0,52000
BAJFINANCE30JAN204600CE.NFO,07/01/2020,13:42:44,4.15,3.7,250,3.95,500,0,52000
BAJFINANCE30JAN204600CE.NFO,07/01/2020,13:43:21,4.15,3.75,750,4,250,0,52000
BAJFINANCE30JAN204600CE.NFO,07/01/2020,13:43:28,4.15,3.75,500,4,250,0,52000
BAJFINANCE30JAN204600CE.NFO,07/01/2020,13:43:35,4.15,3.7,250,4,750,0,52000
BAJFINANCE30JAN204600CE.NFO,07/01/2020,13:43:54,4.15,3.7,500,4,750,0,52000
BAJFINANCE30JAN204600CE.NFO,07/01/2020,13:44:04,4.15,3.7,250,4,750,0,52000
BAJFINANCE30JAN204600CE.NFO,07/01/2020,13:45:11,4.15,3.7,500,4,750,0,52000
BAJFINANCE30JAN204600CE.NFO,07/01/2020,13:46:02,4.15,3.7,250,4,750,0,52000
BAJFINANCE30JAN204600CE.NFO,07/01/2020,13:46:14,4.15,3.7,500,4,750,0,52000
BAJFINANCE30JAN204600CE.NFO,07/01/2020,13:46:21,4.15,3.7,250,3.95,500,0,52000
BAJFINANCE30JAN204600CE.NFO,07/01/2020,13:46:29,4.15,3.7,500,3.95,500,0,52000
BAJFINANCE30JAN204600CE.NFO,07/01/2020,13:46:48,4.15,3.7,500,4,750,0,52000
BAJFINANCE30JAN204600CE.NFO,07/01/2020,13:47:10,4.15,3.7,250,4,750,0,52000
BAJFINANCE30JAN204600CE.NFO,07/01/2020,13:48:14,4.15,3.7,500,4,750,0,52000
BAJFINANCE30JAN204600CE.NFO,07/01/2020,13:48:25,4.15,3.7,250,4,750,0,52000
BAJFINANCE30JAN204600CE.NFO,07/01/2020,13:49:02,4.15,3.75,250,4,750,0,52000
BAJFINANCE30JAN204600CE.NFO,07/01/2020,13:49:13,4.15,3.7,500,4,750,0,52000
BAJFINANCE30JAN204600CE.NFO,07/01/2020,13:49:22,4.15,3.7,250,4,750,0,52000
BAJFINANCE30JAN204600CE.NFO,07/01/2020,13:49:29,4.15,3.7,500,4,750,0,52000
BAJFINANCE30JAN204600CE.NFO,07/01/2020,13:49:41,4.15,3.7,250,4,750,0,52000
BAJFINANCE30JAN204600CE.NFO,07/01/2020,13:50:10,4.15,3.7,750,4,750,0,52000
BAJFINANCE30JAN204600CE.NFO,07/01/2020,13:50:36,4.15,3.7,250,4,750,0,52000
BAJFINANCE30JAN204600CE.NFO,07/01/2020,13:50:50,4.15,3.75,500,4,750,0,52000
BAJFINANCE30JAN204600CE.NFO,07/01/2020,13:53:41,4.15,3.7,750,4,750,0,52000
BAJFINANCE30JAN204600CE.NFO,07/01/2020,13:53:49,4.15,3.65,500,3.95,500,0,52000
BAJFINANCE30JAN204600CE.NFO,07/01/2020,13:55:09,4.15,3.65,750,3.95,500,0,52000
BAJFINANCE30JAN204600CE.NFO,07/01/2020,13:55:15,4.15,3.65,500,3.95,500,0,52000
BAJFINANCE30JAN204600CE.NFO,07/01/2020,13:55:45,4.15,3.65,750,3.95,500,0,52000
BAJFINANCE30JAN204600CE.NFO,07/01/2020,13:56:00,4.15,3.65,500,3.95,500,0,52000
BAJFINANCE30JAN204600CE.NFO,07/01/2020,13:56:16,4.15,3.65,750,3.95,500,0,52000
BAJFINANCE30JAN204600CE.NFO,07/01/2020,13:58:22,4.15,3.65,750,3.9,500,0,52000
BAJFINANCE30JAN204600CE.NFO,07/01/2020,13:59:32,4.15,3.65,750,3.95,500,0,52000
BAJFINANCE30JAN204600CE.NFO,07/01/2020,14:00:47,4.15,3.65,750,4,750,0,52000
BAJFINANCE30JAN204600CE.NFO,07/01/2020,14:03:37,4.15,3.65,750,3.95,500,0,52000
BAJFINANCE30JAN204600CE.NFO,07/01/2020,14:04:23,4.15,3.65,500,3.95,500,0,52000
BAJFINANCE30JAN204600CE.NFO,07/01/2020,14:04:45,4.15,3.65,500,3.9,750,0,52000
BAJFINANCE30JAN204600CE.NFO,07/01/2020,14:04:47,4.15,3.65,500,3.95,500,0,52000
BAJFINANCE30JAN204600CE.NFO,07/01/2020,14:05:19,4.15,3.65,500,3.9,250,0,52000
BAJFINANCE30JAN204600CE.NFO,07/01/2020,14:05:21,4.15,3.65,500,3.95,500,0,52000
BAJFINANCE30JAN204600CE.NFO,07/01/2020,14:05:49,4.15,3.65,500,3.9,250,0,52000
BAJFINANCE30JAN204600CE.NFO,07/01/2020,14:05:53,4.15,3.65,500,3.9,750,0,52000
BAJFINANCE30JAN204600CE.NFO,07/01/2020,14:06:23,4.15,3.65,500,3.95,500,0,52000
BAJFINANCE30JAN204600CE.NFO,07/01/2020,14:06:26,4.15,3.45,250,3.9,750,0,52000
BAJFINANCE30JAN204600CE.NFO,07/01/2020,14:06:29,4.15,3.45,500,3.9,750,0,52000
BAJFINANCE30JAN204600CE.NFO,07/01/2020,14:06:31,4.15,3.5,500,3.9,750,0,52000
BAJFINANCE30JAN204600CE.NFO,07/01/2020,14:06:49,4.15,3.5,750,3.9,750,0,52000
BAJFINANCE30JAN204600CE.NFO,07/01/2020,14:07:20,4.15,3.5,500,3.9,750,0,52000
BAJFINANCE30JAN204600CE.NFO,07/01/2020,14:07:38,4.15,3.5,750,3.9,750,0,52000
BAJFINANCE30JAN204600CE.NFO,07/01/2020,14:07:55,4.15,3.5,500,3.9,750,0,52000
BAJFINANCE30JAN204600CE.NFO,07/01/2020,14:08:10,4.15,3.5,750,3.9,750,0,52000
BAJFINANCE30JAN204600CE.NFO,07/01/2020,14:08:40,4.15,3.5,500,3.9,750,0,52000
BAJFINANCE30JAN204600CE.NFO,07/01/2020,14:08:57,4.15,3.5,750,3.9,750,0,52000
BAJFINANCE30JAN204600CE.NFO,07/01/2020,14:09:06,4.15,3.5,500,3.9,750,0,52000
BAJFINANCE30JAN204600CE.NFO,07/01/2020,14:09:11,4.15,3.5,750,3.9,750,0,52000
BAJFINANCE30JAN204600CE.NFO,07/01/2020,14:09:48,4.15,3.5,750,3.95,500,0,52000
BAJFINANCE30JAN204600CE.NFO,07/01/2020,14:13:42,4.15,3.5,750,3.95,750,0,52000
BAJFINANCE30JAN204600CE.NFO,07/01/2020,14:15:59,4.15,3.5,750,3.9,750,0,52000
BAJFINANCE30JAN204600CE.NFO,07/01/2020,14:16:17,4.15,3.5,750,3.9,500,0,52000
BAJFINANCE30JAN204600CE.NFO,07/01/2020,14:16:28,4.15,3.6,500,3.9,500,0,52000
BAJFINANCE30JAN204600CE.NFO,07/01/2020,14:18:35,4.15,3.7,500,3.9,500,0,52000
BAJFINANCE30JAN204600CE.NFO,07/01/2020,14:19:08,3.9,3.7,750,3.95,500,250,52000
BAJFINANCE30JAN204600CE.NFO,07/01/2020,14:21:27,3.9,3.7,750,3.95,500,0,52000
BAJFINANCE30JAN204600CE.NFO,07/01/2020,14:24:06,3.9,3.7,500,3.95,500,0,52000
BAJFINANCE30JAN204600CE.NFO,07/01/2020,14:24:14,3.9,3.7,250,3.95,500,0,52000
BAJFINANCE30JAN204600CE.NFO,07/01/2020,14:24:21,3.9,3.7,500,3.95,500,0,52000
BAJFINANCE30JAN204600CE.NFO,07/01/2020,14:30:21,3.9,3.7,500,3.95,250,0,52000
BAJFINANCE30JAN204600CE.NFO,07/01/2020,14:31:28,3.95,3.7,500,4,500,250,52000
BAJFINANCE30JAN204600CE.NFO,07/01/2020,14:31:34,3.95,3.7,500,4,500,0,52000
BAJFINANCE30JAN204600CE.NFO,07/01/2020,14:31:47,3.95,3.6,250,4,750,0,52000
BAJFINANCE30JAN204600CE.NFO,07/01/2020,14:31:59,3.95,3.7,500,4,750,0,52000
BAJFINANCE30JAN204600CE.NFO,07/01/2020,14:32:06,3.95,3.7,750,4,750,0,52000
BAJFINANCE30JAN204600CE.NFO,07/01/2020,14:34:37,3.95,3.65,250,4,750,0,52000
BAJFINANCE30JAN204600CE.NFO,07/01/2020,14:34:42,3.95,3.55,500,4,750,0,52000
BAJFINANCE30JAN204600CE.NFO,07/01/2020,14:34:47,3.95,3.55,750,3.95,500,0,52000
BAJFINANCE30JAN204600CE.NFO,07/01/2020,14:34:52,3.95,3.5,500,3.95,500,0,52000
BAJFINANCE30JAN204600CE.NFO,07/01/2020,14:35:02,3.95,3.5,500,3.95,250,0,52000
BAJFINANCE30JAN204600CE.NFO,07/01/2020,14:35:18,3.95,3.6,500,3.95,250,0,52000
BAJFINANCE30JAN204600CE.NFO,07/01/2020,14:35:22,3.95,3.6,750,3.95,250,0,52000
BAJFINANCE30JAN204600CE.NFO,07/01/2020,14:36:01,3.95,3.55,500,3.95,250,0,52000
BAJFINANCE30JAN204600CE.NFO,07/01/2020,14:36:06,3.95,3.55,250,3.95,250,0,52000
BAJFINANCE30JAN204600CE.NFO,07/01/2020,14:36:17,3.95,3.45,500,3.9,500,0,52000
BAJFINANCE30JAN204600CE.NFO,07/01/2020,14:36:22,3.95,3.4,500,3.9,500,0,52000
BAJFINANCE30JAN204600CE.NFO,07/01/2020,14:37:21,3.95,3.5,500,3.9,500,0,52000
BAJFINANCE30JAN204600CE.NFO,07/01/2020,14:37:35,3.95,3.5,500,3.9,250,0,52000
BAJFINANCE30JAN204600CE.NFO,07/01/2020,14:38:21,3.95,3.5,500,3.85,500,0,52000
BAJFINANCE30JAN204600CE.NFO,07/01/2020,14:38:26,3.95,3.5,500,3.9,250,0,52000
BAJFINANCE30JAN204600CE.NFO,07/01/2020,14:38:32,3.95,3.5,250,3.9,250,0,52000
BAJFINANCE30JAN204600CE.NFO,07/01/2020,14:39:45,3.95,3.5,250,3.85,500,0,52000
BAJFINANCE30JAN204600CE.NFO,07/01/2020,14:41:57,3.95,3.4,250,3.85,500,0,52000
BAJFINANCE30JAN204600CE.NFO,07/01/2020,14:42:18,3.95,3.4,250,3.8,250,0,52000
BAJFINANCE30JAN204600CE.NFO,07/01/2020,14:42:26,3.95,3.4,250,3.75,500,0,52000
BAJFINANCE30JAN204600CE.NFO,07/01/2020,14:42:31,3.95,3.4,250,3.8,250,0,52000
BAJFINANCE30JAN204600CE.NFO,07/01/2020,14:42:35,3.95,3.45,750,3.8,250,0,52000
BAJFINANCE30JAN204600CE.NFO,07/01/2020,14:42:39,3.95,3.45,750,3.75,500,0,52000
BAJFINANCE30JAN204600CE.NFO,07/01/2020,14:42:42,3.95,3.45,750,3.8,250,0,52000
BAJFINANCE30JAN204600CE.NFO,07/01/2020,14:42:50,3.95,3.4,250,3.8,250,0,52000
BAJFINANCE30JAN204600CE.NFO,07/01/2020,14:43:15,3.95,3.4,250,3.75,1000,0,52000
BAJFINANCE30JAN204600CE.NFO,07/01/2020,14:43:19,3.95,3.4,250,3.8,250,0,52000
BAJFINANCE30JAN204600CE.NFO,07/01/2020,14:43:28,3.95,3.4,250,3.8,500,0,52000
BAJFINANCE30JAN204600CE.NFO,07/01/2020,14:43:33,3.95,3.4,500,3.8,500,0,52000
BAJFINANCE30JAN204600CE.NFO,07/01/2020,14:43:58,3.95,3.4,500,3.8,250,0,52000
BAJFINANCE30JAN204600CE.NFO,07/01/2020,14:44:08,3.95,3.4,500,3.8,500,0,52000
BAJFINANCE30JAN204600CE.NFO,07/01/2020,14:44:15,3.95,3.4,1000,3.8,500,0,52000
BAJFINANCE30JAN204600CE.NFO,07/01/2020,14:44:43,3.95,3.4,750,3.8,500,0,52000
BAJFINANCE30JAN204600CE.NFO,07/01/2020,14:44:54,3.95,3.45,750,3.8,500,0,52000
BAJFINANCE30JAN204600CE.NFO,07/01/2020,14:45:06,3.95,3.45,750,3.8,250,0,52000
BAJFINANCE30JAN204600CE.NFO,07/01/2020,14:45:14,3.95,3.4,750,3.8,500,0,52000
BAJFINANCE30JAN204600CE.NFO,07/01/2020,14:45:21,3.95,3.4,750,3.8,250,0,52000
BAJFINANCE30JAN204600CE.NFO,07/01/2020,14:45:28,3.95,3.4,750,3.85,250,0,52000
BAJFINANCE30JAN204600CE.NFO,07/01/2020,14:45:45,3.95,3.4,750,3.8,250,0,52000
BAJFINANCE30JAN204600CE.NFO,07/01/2020,14:46:30,3.95,3.4,750,3.75,250,0,52000
BAJFINANCE30JAN204600CE.NFO,07/01/2020,14:46:45,3.95,3.4,750,3.8,250,0,52000
BAJFINANCE30JAN204600CE.NFO,07/01/2020,14:47:02,3.95,3.4,750,3.75,250,0,52000
BAJFINANCE30JAN204600CE.NFO,07/01/2020,14:47:26,3.95,3.4,750,3.8,250,0,52000
BAJFINANCE30JAN204600CE.NFO,07/01/2020,14:47:35,3.95,3.4,750,3.75,250,0,52000
BAJFINANCE30JAN204600CE.NFO,07/01/2020,14:48:08,3.95,3.4,750,3.8,250,0,52000
BAJFINANCE30JAN204600CE.NFO,07/01/2020,14:48:40,3.95,3.4,750,3.85,250,0,52000
BAJFINANCE30JAN204600CE.NFO,07/01/2020,14:48:54,3.95,3.4,750,3.8,250,0,52000
BAJFINANCE30JAN204600CE.NFO,07/01/2020,14:48:57,3.95,3.4,750,3.85,250,0,52000
BAJFINANCE30JAN204600CE.NFO,07/01/2020,14:48:59,3.95,3.4,1000,3.85,250,0,52000
BAJFINANCE30JAN204600CE.NFO,07/01/2020,14:49:03,3.95,3.4,750,3.8,250,0,52000
BAJFINANCE30JAN204600CE.NFO,07/01/2020,14:49:07,3.95,3.4,750,3.85,250,0,52000
BAJFINANCE30JAN204600CE.NFO,07/01/2020,14:49:20,3.95,3.4,750,3.8,250,0,52000
BAJFINANCE30JAN204600CE.NFO,07/01/2020,14:49:23,3.95,3.4,1000,3.8,250,0,52000
BAJFINANCE30JAN204600CE.NFO,07/01/2020,14:49:56,3.95,3.4,1000,3.85,250,0,52000
BAJFINANCE30JAN204600CE.NFO,07/01/2020,14:50:42,3.95,3.4,1000,3.8,250,0,52000
BAJFINANCE30JAN204600CE.NFO,07/01/2020,14:53:01,3.95,3.4,1000,3.85,250,0,52000
BAJFINANCE30JAN204600CE.NFO,07/01/2020,14:53:30,3.95,3.55,500,3.85,250,0,52000
BAJFINANCE30JAN204600CE.NFO,07/01/2020,14:53:36,3.95,3.55,750,3.85,250,0,52000
BAJFINANCE30JAN204600CE.NFO,07/01/2020,14:53:47,3.95,3.55,750,3.9,500,0,52000
BAJFINANCE30JAN204600CE.NFO,07/01/2020,14:54:47,3.95,3.6,1000,3.9,500,0,52000
BAJFINANCE30JAN204600CE.NFO,07/01/2020,14:54:52,3.95,3.6,750,3.9,500,0,52000
BAJFINANCE30JAN204600CE.NFO,07/01/2020,14:55:35,3.95,3.6,500,3.9,500,0,52000
BAJFINANCE30JAN204600CE.NFO,07/01/2020,14:59:18,3.95,3.6,500,3.85,250,0,52000
BAJFINANCE30JAN204600CE.NFO,07/01/2020,14:59:28,3.95,3.5,250,3.85,250,0,52000
BAJFINANCE30JAN204600CE.NFO,07/01/2020,14:59:32,3.95,3.5,500,3.85,250,0,52000
BAJFINANCE30JAN204600CE.NFO,07/01/2020,14:59:42,3.95,3.5,500,3.8,250,0,52000
BAJFINANCE30JAN204600CE.NFO,07/01/2020,14:59:56,3.95,3.45,250,3.8,250,0,52000
BAJFINANCE30JAN204600CE.NFO,07/01/2020,15:00:01,3.95,3.45,500,3.8,250,0,52000
BAJFINANCE30JAN204600CE.NFO,07/01/2020,15:00:09,3.95,3.5,750,3.85,250,0,52000
BAJFINANCE30JAN204600CE.NFO,07/01/2020,15:00:35,3.95,3.5,750,3.8,250,0,52000
BAJFINANCE30JAN204600CE.NFO,07/01/2020,15:00:50,3.95,3.5,750,3.85,250,0,52000
BAJFINANCE30JAN204600CE.NFO,07/01/2020,15:01:12,3.95,3.5,750,3.8,250,0,52000
BAJFINANCE30JAN204600CE.NFO,07/01/2020,15:01:59,3.95,3.45,250,3.8,250,0,52000
BAJFINANCE30JAN204600CE.NFO,07/01/2020,15:02:02,3.95,3.5,750,3.8,250,0,52000
BAJFINANCE30JAN204600CE.NFO,07/01/2020,15:02:07,3.95,3.45,500,3.85,250,0,52000
BAJFINANCE30JAN204600CE.NFO,07/01/2020,15:02:12,3.95,3.45,250,3.8,250,0,52000
BAJFINANCE30JAN204600CE.NFO,07/01/2020,15:02:48,3.95,3.4,250,3.8,250,0,52000
BAJFINANCE30JAN204600CE.NFO,07/01/2020,15:02:57,3.95,3.4,750,3.8,250,0,52000
BAJFINANCE30JAN204600CE.NFO,07/01/2020,15:03:03,3.95,3.4,1250,3.8,250,0,52000
BAJFINANCE30JAN204600CE.NFO,07/01/2020,15:03:31,3.95,3.4,750,3.8,250,0,52000
BAJFINANCE30JAN204600CE.NFO,07/01/2020,15:04:46,3.95,3.4,750,3.75,250,0,52000
BAJFINANCE30JAN204600CE.NFO,07/01/2020,15:05:14,3.95,3.4,1000,3.75,250,0,52000
BAJFINANCE30JAN204600CE.NFO,07/01/2020,15:05:18,3.95,3.4,750,3.75,250,0,52000
BAJFINANCE30JAN204600CE.NFO,07/01/2020,15:05:49,3.95,3.5,500,3.75,250,0,52000
BAJFINANCE30JAN204600CE.NFO,07/01/2020,15:07:10,3.95,3.5,500,3.8,250,0,52000
BAJFINANCE30JAN204600CE.NFO,07/01/2020,15:10:16,3.95,3.5,500,3.8,500,0,52000
BAJFINANCE30JAN204600CE.NFO,07/01/2020,15:10:30,3.95,3.5,500,3.75,250,0,52000
BAJFINANCE30JAN204600CE.NFO,07/01/2020,15:10:39,3.95,3.55,750,3.8,500,0,52000
BAJFINANCE30JAN204600CE.NFO,07/01/2020,15:10:44,3.95,3.55,500,3.8,500,0,52000
BAJFINANCE30JAN204600CE.NFO,07/01/2020,15:10:49,3.95,3.55,250,3.8,500,0,52000
BAJFINANCE30JAN204600CE.NFO,07/01/2020,15:11:37,3.95,3.5,250,3.75,250,0,52000
BAJFINANCE30JAN204600CE.NFO,07/01/2020,15:11:49,3.95,3.5,500,3.8,500,0,52000
BAJFINANCE30JAN204600CE.NFO,07/01/2020,15:11:56,3.95,3.5,500,3.75,250,0,52000
BAJFINANCE30JAN204600CE.NFO,07/01/2020,15:12:01,3.95,3.5,500,3.8,500,0,52000
BAJFINANCE30JAN204600CE.NFO,07/01/2020,15:12:06,3.95,3.5,500,3.75,250,0,52000
BAJFINANCE30JAN204600CE.NFO,07/01/2020,15:12:36,3.95,3.5,500,3.7,250,0,52000
BAJFINANCE30JAN204600CE.NFO,07/01/2020,15:13:41,3.7,3.5,500,3.75,250,250,51750
BAJFINANCE30JAN204600CE.NFO,07/01/2020,15:13:51,3.7,3.5,500,3.7,250,0,51750
BAJFINANCE30JAN204600CE.NFO,07/01/2020,15:14:04,3.7,3.55,750,3.75,250,0,51750
BAJFINANCE30JAN204600CE.NFO,07/01/2020,15:14:17,3.8,3.55,750,3.9,250,250,51750
BAJFINANCE30JAN204600CE.NFO,07/01/2020,15:14:29,3.8,3.55,750,3.8,250,0,51750
BAJFINANCE30JAN204600CE.NFO,07/01/2020,15:14:47,3.8,3.55,1000,3.85,250,0,51750
BAJFINANCE30JAN204600CE.NFO,07/01/2020,15:14:52,3.8,3.55,500,3.8,250,0,51750
BAJFINANCE30JAN204600CE.NFO,07/01/2020,15:15:26,3.8,3.55,500,3.85,250,0,51750
BAJFINANCE30JAN204600CE.NFO,07/01/2020,15:15:33,3.8,3.55,500,3.8,250,0,51750
BAJFINANCE30JAN204600CE.NFO,07/01/2020,15:15:40,3.8,3.6,500,3.8,250,0,51750
BAJFINANCE30JAN204600CE.NFO,07/01/2020,15:15:46,3.8,3.6,500,3.75,250,0,51750
BAJFINANCE30JAN204600CE.NFO,07/01/2020,15:15:53,3.8,3.6,500,3.8,250,0,51750
BAJFINANCE30JAN204600CE.NFO,07/01/2020,15:15:59,3.8,3.6,500,3.85,250,0,51750
BAJFINANCE30JAN204600CE.NFO,07/01/2020,15:16:06,3.8,3.6,750,3.85,250,0,51750
BAJFINANCE30JAN204600CE.NFO,07/01/2020,15:16:12,3.8,3.6,250,3.85,250,0,51750
BAJFINANCE30JAN204600CE.NFO,07/01/2020,15:16:18,3.8,3.65,750,3.85,250,0,51750
BAJFINANCE30JAN204600CE.NFO,07/01/2020,15:16:30,3.8,3.65,750,3.8,500,0,51750
BAJFINANCE30JAN204600CE.NFO,07/01/2020,15:16:41,3.8,3.65,750,3.75,250,0,51750
BAJFINANCE30JAN204600CE.NFO,07/01/2020,15:16:47,3.8,3.65,750,3.8,500,0,51750
BAJFINANCE30JAN204600CE.NFO,07/01/2020,15:16:52,3.65,3.55,250,3.85,250,500,51500
BAJFINANCE30JAN204600CE.NFO,07/01/2020,15:16:58,3.65,3.55,250,3.8,250,0,51500
BAJFINANCE30JAN204600CE.NFO,07/01/2020,15:17:03,3.65,3.55,250,3.75,250,0,51500
BAJFINANCE30JAN204600CE.NFO,07/01/2020,15:18:19,3.65,3.55,250,3.8,250,0,51500
BAJFINANCE30JAN204600CE.NFO,07/01/2020,15:18:58,3.65,3.55,250,3.85,250,0,51500
BAJFINANCE30JAN204600CE.NFO,07/01/2020,15:19:26,3.65,3.55,250,3.75,250,0,51500
BAJFINANCE30JAN204600CE.NFO,07/01/2020,15:19:36,3.65,3.55,250,3.8,250,0,51500
BAJFINANCE30JAN204600CE.NFO,07/01/2020,15:19:40,3.65,3.55,250,3.75,250,0,51500
BAJFINANCE30JAN204600CE.NFO,07/01/2020,15:19:57,3.65,3.55,250,3.8,250,0,51500
BAJFINANCE30JAN204600CE.NFO,07/01/2020,15:20:07,3.65,3.55,250,3.75,250,0,51500
BAJFINANCE30JAN204600CE.NFO,07/01/2020,15:20:21,3.65,3.55,500,3.7,250,0,51500
BAJFINANCE30JAN204600CE.NFO,07/01/2020,15:20:34,3.65,3.55,500,3.75,250,0,51500
BAJFINANCE30JAN204600CE.NFO,07/01/2020,15:20:47,3.65,3.55,500,3.7,250,0,51500
BAJFINANCE30JAN204600CE.NFO,07/01/2020,15:20:53,3.65,3.55,500,3.75,250,0,51500
BAJFINANCE30JAN204600CE.NFO,07/01/2020,15:21:22,3.55,3.55,250,3.75,250,250,52000
BAJFINANCE30JAN204600CE.NFO,07/01/2020,15:21:57,3.55,3.55,500,3.7,250,0,52000
BAJFINANCE30JAN204600CE.NFO,07/01/2020,15:22:46,3.55,3.6,250,3.7,250,0,52000
BAJFINANCE30JAN204600CE.NFO,07/01/2020,15:22:56,3.55,3.65,250,3.75,250,0,52000
BAJFINANCE30JAN204600CE.NFO,07/01/2020,15:23:33,3.55,3.7,250,3.75,250,0,52000
BAJFINANCE30JAN204600CE.NFO,07/01/2020,15:23:39,3.7,3.55,250,3.75,250,250,51750
BAJFINANCE30JAN204600CE.NFO,07/01/2020,15:23:50,3.7,3.55,250,3.8,250,0,51750
BAJFINANCE30JAN204600CE.NFO,07/01/2020,15:23:56,3.7,3.55,250,3.75,250,0,51750
BAJFINANCE30JAN204600CE.NFO,07/01/2020,15:24:33,3.7,3.55,250,3.8,250,0,51750
BAJFINANCE30JAN204600CE.NFO,07/01/2020,15:24:42,3.7,3.55,250,3.75,250,0,51750
BAJFINANCE30JAN204600CE.NFO,07/01/2020,15:24:47,3.7,3.6,500,3.75,250,0,51750
BAJFINANCE30JAN204600CE.NFO,07/01/2020,15:25:02,3.7,3.6,250,3.75,250,0,51750
BAJFINANCE30JAN204600CE.NFO,07/01/2020,15:25:07,3.7,3.6,1500,3.8,250,0,51750
BAJFINANCE30JAN204600CE.NFO,07/01/2020,15:25:33,3.7,3.6,1500,3.75,250,0,51750
BAJFINANCE30JAN204600CE.NFO,07/01/2020,15:25:53,3.7,3.6,1500,3.8,250,0,51750
BAJFINANCE30JAN204600CE.NFO,07/01/2020,15:26:13,3.7,3.6,1500,3.75,250,0,51750
BAJFINANCE30JAN204600CE.NFO,07/01/2020,15:26:23,3.7,3.6,1500,3.8,250,0,51750
BAJFINANCE30JAN204600CE.NFO,07/01/2020,15:26:36,3.7,3.7,1500,3.8,250,0,51750
BAJFINANCE30JAN204600CE.NFO,07/01/2020,15:28:07,3.7,3.75,1250,3.8,250,0,51750
BAJFINANCE30JAN204600CE.NFO,07/01/2020,15:28:12,3.75,3.75,1000,3.8,250,250,51250
BAJFINANCE30JAN204600CE.NFO,07/01/2020,15:28:36,3.8,3.8,750,3.9,250,250,51250
BAJFINANCE30JAN204600CE.NFO,07/01/2020,15:28:42,3.8,3.8,500,3.9,250,250,51250
BAJFINANCE30JAN204600CE.NFO,07/01/2020,15:28:52,3.85,3.85,250,3.9,250,250,51250
BAJFINANCE30JAN204600CE.NFO,07/01/2020,15:29:05,3.9,3.7,250,3.95,250,250,51250
BAJFINANCE30JAN204600CE.NFO,07/01/2020,15:29:38,3.9,3.75,250,3.95,250,0,51250
BAJFINANCE30JAN204600CE.NFO,07/01/2020,15:29:56,3.9,3.7,500,3.8,250,0,51250
