Ticker,Date,Time,LTP,BuyPrice,BuyQty,SellPrice,SellQty,LTQ,OpenInterest
BAJFINANCE27FEB203800PE.NFO,07/01/2020,10:22:51,72,72,500,79.05,1250,750,4250
BAJFINANCE27FEB203800PE.NFO,07/01/2020,10:22:51,72,72,500,79.05,1250,0,4250
BAJFINANCE27FEB203800PE.NFO,07/01/2020,10:22:51,72,72,500,79.05,1250,0,4250
BAJFINANCE27FEB203800PE.NFO,07/01/2020,10:22:51,72,72,500,79.05,1250,0,4250
BAJFINANCE27FEB203800PE.NFO,07/01/2020,10:23:07,72,71.65,1250,79.05,1250,0,4250
BAJFINANCE27FEB203800PE.NFO,07/01/2020,10:23:20,72,71.65,1750,79.05,1250,0,4250
BAJFINANCE27FEB203800PE.NFO,07/01/2020,10:23:29,72,71.65,1250,79.05,1250,0,4250
BAJFINANCE27FEB203800PE.NFO,07/01/2020,10:25:05,72,57.75,4500,100,4500,0,4250
BAJFINANCE27FEB203800PE.NFO,07/01/2020,10:28:06,72,57.75,4000,100,4000,0,4250
BAJFINANCE27FEB203800PE.NFO,07/01/2020,10:29:06,72,57.75,4500,100,4500,0,4250
BAJFINANCE27FEB203800PE.NFO,07/01/2020,10:47:58,72,57.75,4000,100,4000,0,4250
BAJFINANCE27FEB203800PE.NFO,07/01/2020,10:48:44,72,57.75,4500,100,4500,0,4250
BAJFINANCE27FEB203800PE.NFO,07/01/2020,10:48:54,72,57.75,4500,100,3500,0,4250
BAJFINANCE27FEB203800PE.NFO,07/01/2020,10:48:58,72,57.75,4500,100,4000,0,4250
BAJFINANCE27FEB203800PE.NFO,07/01/2020,10:49:01,72,57.75,4500,100,3500,0,4250
BAJFINANCE27FEB203800PE.NFO,07/01/2020,10:49:05,72,57.75,4500,100,4500,0,4250
BAJFINANCE27FEB203800PE.NFO,07/01/2020,10:49:11,72,57.75,4500,100,4000,0,4250
BAJFINANCE27FEB203800PE.NFO,07/01/2020,10:49:14,72,57.75,4500,100,3500,0,4250
BAJFINANCE27FEB203800PE.NFO,07/01/2020,10:49:30,72,57.75,4000,100,3000,0,4250
BAJFINANCE27FEB203800PE.NFO,07/01/2020,10:49:40,72,57.75,4500,100,3500,0,4250
BAJFINANCE27FEB203800PE.NFO,07/01/2020,10:49:48,72,57.75,4500,100,3000,0,4250
BAJFINANCE27FEB203800PE.NFO,07/01/2020,10:49:56,72,57.75,4500,99.9,2500,0,4250
BAJFINANCE27FEB203800PE.NFO,07/01/2020,10:50:03,72,57.75,4500,99.9,500,0,4250
BAJFINANCE27FEB203800PE.NFO,07/01/2020,10:50:20,72,57.75,4500,99.9,1000,0,4250
BAJFINANCE27FEB203800PE.NFO,07/01/2020,10:50:25,72,57.75,4500,99.9,500,0,4250
BAJFINANCE27FEB203800PE.NFO,07/01/2020,10:50:29,72,57.75,4500,100.05,500,0,4250
BAJFINANCE27FEB203800PE.NFO,07/01/2020,10:50:33,72,62.45,4500,100.05,500,0,4250
BAJFINANCE27FEB203800PE.NFO,07/01/2020,10:50:37,72,67.3,4500,100.05,500,0,4250
BAJFINANCE27FEB203800PE.NFO,07/01/2020,10:50:41,72,67.3,4000,100.05,500,0,4250
BAJFINANCE27FEB203800PE.NFO,07/01/2020,10:50:45,72,73.75,4000,100.05,500,0,4250
BAJFINANCE27FEB203800PE.NFO,07/01/2020,10:50:48,72,73.9,3500,100.05,500,0,4250
BAJFINANCE27FEB203800PE.NFO,07/01/2020,10:50:51,72,74.3,4000,0,0,0,4250
BAJFINANCE27FEB203800PE.NFO,07/01/2020,10:50:55,72,74.65,4000,0,0,0,4250
BAJFINANCE27FEB203800PE.NFO,07/01/2020,10:50:59,72,74.9,4000,0,0,0,4250
BAJFINANCE27FEB203800PE.NFO,07/01/2020,10:51:03,72,75,4000,0,0,0,4250
BAJFINANCE27FEB203800PE.NFO,07/01/2020,10:51:14,72,75,4000,100.05,500,0,4250
BAJFINANCE27FEB203800PE.NFO,07/01/2020,10:51:17,72,75,4500,100.05,500,0,4250
BAJFINANCE27FEB203800PE.NFO,07/01/2020,10:51:24,72,75,4500,100.1,500,0,4250
BAJFINANCE27FEB203800PE.NFO,07/01/2020,10:51:28,72,75,4500,100.05,500,0,4250
BAJFINANCE27FEB203800PE.NFO,07/01/2020,10:51:38,72,75,4500,100.05,1000,0,4250
BAJFINANCE27FEB203800PE.NFO,07/01/2020,10:51:42,72,75,4500,100.05,1500,0,4250
BAJFINANCE27FEB203800PE.NFO,07/01/2020,10:52:00,72,75,4500,100.05,2000,0,4250
BAJFINANCE27FEB203800PE.NFO,07/01/2020,10:52:05,72,75,4500,100.05,2500,0,4250
BAJFINANCE27FEB203800PE.NFO,07/01/2020,10:52:10,72,75,4500,100.05,3000,0,4250
BAJFINANCE27FEB203800PE.NFO,07/01/2020,10:52:40,72,75,4500,99.9,3500,0,4250
BAJFINANCE27FEB203800PE.NFO,07/01/2020,10:52:45,72,75,4500,99.85,3500,0,4250
BAJFINANCE27FEB203800PE.NFO,07/01/2020,10:52:48,72,75,4500,99.85,3000,0,4250
BAJFINANCE27FEB203800PE.NFO,07/01/2020,10:53:35,72,75,4500,99.85,2500,0,4250
BAJFINANCE27FEB203800PE.NFO,07/01/2020,10:53:39,72,75,4500,99.85,3000,0,4250
BAJFINANCE27FEB203800PE.NFO,07/01/2020,10:53:45,72,75,4500,99.85,2500,0,4250
BAJFINANCE27FEB203800PE.NFO,07/01/2020,10:53:51,72,75,4500,99.85,1500,0,4250
BAJFINANCE27FEB203800PE.NFO,07/01/2020,10:54:02,72,75,4500,99.85,2000,0,4250
BAJFINANCE27FEB203800PE.NFO,07/01/2020,10:54:07,72,75,4500,99.85,2500,0,4250
BAJFINANCE27FEB203800PE.NFO,07/01/2020,10:54:12,72,75,4500,99.85,2000,0,4250
BAJFINANCE27FEB203800PE.NFO,07/01/2020,10:54:18,72,75,4500,99.85,3000,0,4250
BAJFINANCE27FEB203800PE.NFO,07/01/2020,10:54:30,72,75,4500,99.85,2500,0,4250
BAJFINANCE27FEB203800PE.NFO,07/01/2020,10:54:40,72,75,4500,99.85,3000,0,4250
BAJFINANCE27FEB203800PE.NFO,07/01/2020,10:55:13,72,75,4500,99.85,2500,0,4250
BAJFINANCE27FEB203800PE.NFO,07/01/2020,10:55:18,72,75,4500,99.85,2000,0,4250
BAJFINANCE27FEB203800PE.NFO,07/01/2020,10:55:22,72,75,4500,99.85,2500,0,4250
BAJFINANCE27FEB203800PE.NFO,07/01/2020,10:55:27,72,75,4500,99.85,2000,0,4250
BAJFINANCE27FEB203800PE.NFO,07/01/2020,10:55:32,72,75,4500,99.85,3000,0,4250
BAJFINANCE27FEB203800PE.NFO,07/01/2020,10:56:10,72,75,4500,99.75,3000,0,4250
BAJFINANCE27FEB203800PE.NFO,07/01/2020,10:56:16,72,75,4500,99.75,3500,0,4250
BAJFINANCE27FEB203800PE.NFO,07/01/2020,10:56:51,72,75,4500,99.75,3000,0,4250
BAJFINANCE27FEB203800PE.NFO,07/01/2020,10:57:01,72,75,4500,99.75,3500,0,4250
BAJFINANCE27FEB203800PE.NFO,07/01/2020,10:57:14,72,75,4500,99.75,3000,0,4250
BAJFINANCE27FEB203800PE.NFO,07/01/2020,10:57:33,72,75,4500,99.75,2500,0,4250
BAJFINANCE27FEB203800PE.NFO,07/01/2020,10:57:54,72,75,4500,99.75,3000,0,4250
BAJFINANCE27FEB203800PE.NFO,07/01/2020,10:57:58,72,75,4500,99.75,2500,0,4250
BAJFINANCE27FEB203800PE.NFO,07/01/2020,10:58:02,72,75,4500,99.75,3000,0,4250
BAJFINANCE27FEB203800PE.NFO,07/01/2020,10:58:07,72,75,4500,99.75,2500,0,4250
BAJFINANCE27FEB203800PE.NFO,07/01/2020,10:58:32,72,75,4500,99.75,2000,0,4250
BAJFINANCE27FEB203800PE.NFO,07/01/2020,10:58:37,72,75,4500,99.75,2500,0,4250
BAJFINANCE27FEB203800PE.NFO,07/01/2020,10:58:42,72,75,4500,99.75,3000,0,4250
BAJFINANCE27FEB203800PE.NFO,07/01/2020,10:58:47,72,75,4500,99.75,2500,0,4250
BAJFINANCE27FEB203800PE.NFO,07/01/2020,10:58:57,72,75,4500,99.75,3000,0,4250
BAJFINANCE27FEB203800PE.NFO,07/01/2020,10:59:14,72,75,4500,99.75,2500,0,4250
BAJFINANCE27FEB203800PE.NFO,07/01/2020,10:59:20,72,75,4500,99.75,3000,0,4250
BAJFINANCE27FEB203800PE.NFO,07/01/2020,10:59:25,72,75,4500,99.75,2500,0,4250
BAJFINANCE27FEB203800PE.NFO,07/01/2020,10:59:30,72,75,4500,99.75,3000,0,4250
BAJFINANCE27FEB203800PE.NFO,07/01/2020,11:01:00,72,75,4500,99.75,2000,0,4250
BAJFINANCE27FEB203800PE.NFO,07/01/2020,11:01:08,72,75,4500,99.75,1500,0,4250
BAJFINANCE27FEB203800PE.NFO,07/01/2020,11:01:22,72,75,4500,99.75,1000,0,4250
BAJFINANCE27FEB203800PE.NFO,07/01/2020,11:01:28,72,75,4500,99.75,500,0,4250
BAJFINANCE27FEB203800PE.NFO,07/01/2020,11:01:49,72,75,4500,99.75,1500,0,4250
BAJFINANCE27FEB203800PE.NFO,07/01/2020,11:02:03,72,75,4500,99.75,1000,0,4250
BAJFINANCE27FEB203800PE.NFO,07/01/2020,11:02:10,72,75,4500,99.75,1500,0,4250
BAJFINANCE27FEB203800PE.NFO,07/01/2020,11:02:41,72,75,4500,99.75,2000,0,4250
BAJFINANCE27FEB203800PE.NFO,07/01/2020,11:02:46,72,75,4500,99.75,1000,0,4250
BAJFINANCE27FEB203800PE.NFO,07/01/2020,11:03:04,72,75,4500,99.75,1500,0,4250
BAJFINANCE27FEB203800PE.NFO,07/01/2020,11:03:10,72,75,4500,99.75,1000,0,4250
BAJFINANCE27FEB203800PE.NFO,07/01/2020,11:03:21,72,75,4500,99.75,1500,0,4250
BAJFINANCE27FEB203800PE.NFO,07/01/2020,11:03:27,72,75,4500,99.75,2000,0,4250
BAJFINANCE27FEB203800PE.NFO,07/01/2020,11:03:43,72,75,4500,99.75,1500,0,4250
BAJFINANCE27FEB203800PE.NFO,07/01/2020,11:04:19,72,75,4500,99.75,2000,0,4250
BAJFINANCE27FEB203800PE.NFO,07/01/2020,11:04:43,72,75,4500,99.75,1500,0,4250
BAJFINANCE27FEB203800PE.NFO,07/01/2020,11:04:48,72,75,4500,99.75,2000,0,4250
BAJFINANCE27FEB203800PE.NFO,07/01/2020,11:04:55,72,75,4500,99.75,3000,0,4250
BAJFINANCE27FEB203800PE.NFO,07/01/2020,11:05:00,72,75,4000,99.75,2000,0,4250
BAJFINANCE27FEB203800PE.NFO,07/01/2020,11:05:05,72,75,4500,99.75,2000,0,4250
BAJFINANCE27FEB203800PE.NFO,07/01/2020,11:05:11,72,75,4500,99.75,1500,0,4250
BAJFINANCE27FEB203800PE.NFO,07/01/2020,11:05:32,72,75,4500,99.75,2000,0,4250
BAJFINANCE27FEB203800PE.NFO,07/01/2020,11:05:38,72,75,4500,99.75,1500,0,4250
BAJFINANCE27FEB203800PE.NFO,07/01/2020,11:05:43,72,75,4500,99.75,2500,0,4250
BAJFINANCE27FEB203800PE.NFO,07/01/2020,11:06:06,72,75,4500,99.75,3000,0,4250
BAJFINANCE27FEB203800PE.NFO,07/01/2020,11:06:13,72,75,3500,99.75,2500,0,4250
BAJFINANCE27FEB203800PE.NFO,07/01/2020,11:06:26,72,75,4000,99.75,3000,0,4250
BAJFINANCE27FEB203800PE.NFO,07/01/2020,11:07:18,72,75.05,4500,99.75,3000,0,4250
BAJFINANCE27FEB203800PE.NFO,07/01/2020,11:07:37,72,75.05,4500,99.75,3500,0,4250
BAJFINANCE27FEB203800PE.NFO,07/01/2020,11:07:42,72,75.05,4500,99.75,3000,0,4250
BAJFINANCE27FEB203800PE.NFO,07/01/2020,11:08:24,72,75.05,4500,99.7,3500,0,4250
BAJFINANCE27FEB203800PE.NFO,07/01/2020,11:08:29,72,75.05,4500,99.7,3000,0,4250
BAJFINANCE27FEB203800PE.NFO,07/01/2020,11:10:14,72,75.05,4500,99.65,3000,0,4250
BAJFINANCE27FEB203800PE.NFO,07/01/2020,11:10:54,72,75.05,4500,99.55,3000,0,4250
BAJFINANCE27FEB203800PE.NFO,07/01/2020,11:11:26,72,75.05,4500,99.55,2500,0,4250
BAJFINANCE27FEB203800PE.NFO,07/01/2020,11:11:39,72,75.05,4500,99.55,1500,0,4250
BAJFINANCE27FEB203800PE.NFO,07/01/2020,11:11:51,72,75.05,4500,99.55,2000,0,4250
BAJFINANCE27FEB203800PE.NFO,07/01/2020,11:12:03,72,75.05,4500,99.55,1500,0,4250
BAJFINANCE27FEB203800PE.NFO,07/01/2020,11:12:38,72,75.05,4500,99.55,2000,0,4250
BAJFINANCE27FEB203800PE.NFO,07/01/2020,11:12:44,72,75.05,4500,99.55,3000,0,4250
BAJFINANCE27FEB203800PE.NFO,07/01/2020,11:12:49,72,75.05,4500,99.55,2500,0,4250
BAJFINANCE27FEB203800PE.NFO,07/01/2020,11:13:08,72,75.05,4500,99.55,1500,0,4250
BAJFINANCE27FEB203800PE.NFO,07/01/2020,11:13:20,72,75.05,4500,99.55,2000,0,4250
BAJFINANCE27FEB203800PE.NFO,07/01/2020,11:13:26,72,75.05,4500,99.55,3000,0,4250
BAJFINANCE27FEB203800PE.NFO,07/01/2020,11:13:32,72,75.05,4500,99.55,1500,0,4250
BAJFINANCE27FEB203800PE.NFO,07/01/2020,11:13:38,72,75.05,4500,99.55,2500,0,4250
BAJFINANCE27FEB203800PE.NFO,07/01/2020,11:13:44,72,75.05,4500,99.55,3000,0,4250
BAJFINANCE27FEB203800PE.NFO,07/01/2020,11:13:50,72,75.05,4500,99.55,2500,0,4250
BAJFINANCE27FEB203800PE.NFO,07/01/2020,11:13:56,72,75.05,4500,99.55,3000,0,4250
BAJFINANCE27FEB203800PE.NFO,07/01/2020,11:14:54,72,75.05,4500,99.5,3000,0,4250
BAJFINANCE27FEB203800PE.NFO,07/01/2020,11:15:17,72,75.05,4500,99.4,3000,0,4250
BAJFINANCE27FEB203800PE.NFO,07/01/2020,11:15:46,72,75.05,4000,99.4,2500,0,4250
BAJFINANCE27FEB203800PE.NFO,07/01/2020,11:15:51,72,75.05,4500,99.4,2500,0,4250
BAJFINANCE27FEB203800PE.NFO,07/01/2020,11:16:02,72,75.05,4500,99.4,1500,0,4250
BAJFINANCE27FEB203800PE.NFO,07/01/2020,11:16:46,72,75.05,4500,99.4,2500,0,4250
BAJFINANCE27FEB203800PE.NFO,07/01/2020,11:16:52,72,75.05,4500,99.4,1500,0,4250
BAJFINANCE27FEB203800PE.NFO,07/01/2020,11:16:58,72,82.85,1000,89,1250,0,4250
BAJFINANCE27FEB203800PE.NFO,07/01/2020,11:17:04,72,82.85,1000,89.15,1250,0,4250
BAJFINANCE27FEB203800PE.NFO,07/01/2020,11:17:09,72,82.9,2250,89.25,1250,0,4250
BAJFINANCE27FEB203800PE.NFO,07/01/2020,11:17:13,72,83.1,1750,89.4,1250,0,4250
BAJFINANCE27FEB203800PE.NFO,07/01/2020,11:17:18,72,83.1,2250,89.4,1250,0,4250
BAJFINANCE27FEB203800PE.NFO,07/01/2020,11:17:23,72,83.1,1000,89.4,1250,0,4250
BAJFINANCE27FEB203800PE.NFO,07/01/2020,11:17:44,72,83.1,1750,89.4,1250,0,4250
BAJFINANCE27FEB203800PE.NFO,07/01/2020,11:17:50,72,83.1,1000,89.4,1250,0,4250
BAJFINANCE27FEB203800PE.NFO,07/01/2020,11:18:04,72,83.6,1250,90.25,1250,0,4250
BAJFINANCE27FEB203800PE.NFO,07/01/2020,11:18:09,72,83.45,1750,90.25,1250,0,4250
BAJFINANCE27FEB203800PE.NFO,07/01/2020,11:18:14,72,83.25,1750,90.25,1250,0,4250
BAJFINANCE27FEB203800PE.NFO,07/01/2020,11:18:18,72,83.25,1250,90.25,1250,0,4250
BAJFINANCE27FEB203800PE.NFO,07/01/2020,11:18:44,72,83.1,1250,90.25,1250,0,4250
BAJFINANCE27FEB203800PE.NFO,07/01/2020,11:18:50,72,83.05,1250,90.25,1250,0,4250
BAJFINANCE27FEB203800PE.NFO,07/01/2020,11:18:55,72,82.85,1250,90.25,1250,0,4250
BAJFINANCE27FEB203800PE.NFO,07/01/2020,11:19:06,72,82.75,1250,90.25,1250,0,4250
BAJFINANCE27FEB203800PE.NFO,07/01/2020,11:19:19,72,82.75,1250,90.65,1250,0,4250
BAJFINANCE27FEB203800PE.NFO,07/01/2020,11:19:41,72,82.45,1250,90.65,1250,0,4250
BAJFINANCE27FEB203800PE.NFO,07/01/2020,11:19:58,72,82.45,1250,89.1,1250,0,4250
BAJFINANCE27FEB203800PE.NFO,07/01/2020,11:20:02,72,82.45,1250,89.25,1250,0,4250
BAJFINANCE27FEB203800PE.NFO,07/01/2020,11:20:07,72,82.45,1250,89.4,1250,0,4250
BAJFINANCE27FEB203800PE.NFO,07/01/2020,11:20:13,72,82.35,1250,89.4,1250,0,4250
BAJFINANCE27FEB203800PE.NFO,07/01/2020,11:20:18,72,82.3,1250,88.65,1250,0,4250
BAJFINANCE27FEB203800PE.NFO,07/01/2020,11:20:23,72,82.15,1250,88.65,1250,0,4250
BAJFINANCE27FEB203800PE.NFO,07/01/2020,11:20:27,72,81.9,1250,88.65,1250,0,4250
BAJFINANCE27FEB203800PE.NFO,07/01/2020,11:20:32,72,81.8,1250,88.65,1250,0,4250
BAJFINANCE27FEB203800PE.NFO,07/01/2020,11:20:37,72,81.7,1250,88.65,1250,0,4250
BAJFINANCE27FEB203800PE.NFO,07/01/2020,11:20:42,72,79.95,1250,88.65,1250,0,4250
BAJFINANCE27FEB203800PE.NFO,07/01/2020,11:20:48,72,79.95,1750,88.65,1250,0,4250
BAJFINANCE27FEB203800PE.NFO,07/01/2020,11:20:54,72,79.95,1250,88.65,1250,0,4250
BAJFINANCE27FEB203800PE.NFO,07/01/2020,11:21:00,72,79.95,1750,88.65,1250,0,4250
BAJFINANCE27FEB203800PE.NFO,07/01/2020,11:21:04,72,79.95,1250,87.5,1250,0,4250
BAJFINANCE27FEB203800PE.NFO,07/01/2020,11:21:14,72,79.95,1250,87.75,1250,0,4250
BAJFINANCE27FEB203800PE.NFO,07/01/2020,11:24:01,72,79.65,1250,86.2,1250,0,4250
BAJFINANCE27FEB203800PE.NFO,07/01/2020,11:24:06,72,79.65,1250,86.6,1250,0,4250
BAJFINANCE27FEB203800PE.NFO,07/01/2020,11:24:12,72,79.65,1250,86.8,1250,0,4250
BAJFINANCE27FEB203800PE.NFO,07/01/2020,11:25:25,72,79.65,1250,86.95,1250,0,4250
BAJFINANCE27FEB203800PE.NFO,07/01/2020,11:25:30,72,79.65,1250,87,1250,0,4250
BAJFINANCE27FEB203800PE.NFO,07/01/2020,11:26:46,72,79.65,1250,87.1,1250,0,4250
BAJFINANCE27FEB203800PE.NFO,07/01/2020,11:26:50,72,79.65,1750,87.7,1250,0,4250
BAJFINANCE27FEB203800PE.NFO,07/01/2020,11:26:54,72,79.65,1750,87.9,1250,0,4250
BAJFINANCE27FEB203800PE.NFO,07/01/2020,11:26:57,72,81,1250,87.9,1250,0,4250
BAJFINANCE27FEB203800PE.NFO,07/01/2020,11:27:32,72,80.95,1250,87.9,1250,0,4250
BAJFINANCE27FEB203800PE.NFO,07/01/2020,11:28:58,72,80.95,1250,88.15,1250,0,4250
BAJFINANCE27FEB203800PE.NFO,07/01/2020,11:29:39,72,80.75,1250,88.15,1250,0,4250
BAJFINANCE27FEB203800PE.NFO,07/01/2020,11:29:43,72,80.7,1250,88.15,1250,0,4250
BAJFINANCE27FEB203800PE.NFO,07/01/2020,11:29:47,72,80.35,1250,88.15,1250,0,4250
BAJFINANCE27FEB203800PE.NFO,07/01/2020,11:30:09,72,80.35,1250,86.75,1250,0,4250
BAJFINANCE27FEB203800PE.NFO,07/01/2020,11:30:13,72,80.3,1250,86.75,1250,0,4250
BAJFINANCE27FEB203800PE.NFO,07/01/2020,11:30:21,72,79.85,1250,86.95,1250,0,4250
BAJFINANCE27FEB203800PE.NFO,07/01/2020,11:31:01,72,79.6,1250,86.95,1250,0,4250
BAJFINANCE27FEB203800PE.NFO,07/01/2020,11:31:12,72,79.45,1250,86.95,1250,0,4250
BAJFINANCE27FEB203800PE.NFO,07/01/2020,11:31:17,72,79.15,1250,86.95,1250,0,4250
BAJFINANCE27FEB203800PE.NFO,07/01/2020,11:31:51,72,78.75,1250,85.5,1250,0,4250
BAJFINANCE27FEB203800PE.NFO,07/01/2020,11:32:03,72,76.85,1250,85.6,1250,0,4250
BAJFINANCE27FEB203800PE.NFO,07/01/2020,11:32:09,72,77.9,1250,85.6,1250,0,4250
BAJFINANCE27FEB203800PE.NFO,07/01/2020,11:34:12,72,77.8,1250,85.6,1250,0,4250
BAJFINANCE27FEB203800PE.NFO,07/01/2020,11:34:19,72,77.7,1250,85.6,1250,0,4250
BAJFINANCE27FEB203800PE.NFO,07/01/2020,11:34:25,72,77.5,1250,84.45,1250,0,4250
BAJFINANCE27FEB203800PE.NFO,07/01/2020,11:34:31,72,77.3,1250,84.45,1250,0,4250
BAJFINANCE27FEB203800PE.NFO,07/01/2020,11:35:16,72,77.3,1250,84.55,1250,0,4250
BAJFINANCE27FEB203800PE.NFO,07/01/2020,11:35:38,72,77.25,1250,84.55,1250,0,4250
BAJFINANCE27FEB203800PE.NFO,07/01/2020,11:35:52,72,76.9,1250,84.55,1250,0,4250
BAJFINANCE27FEB203800PE.NFO,07/01/2020,11:35:57,72,76.45,1250,84.55,1250,0,4250
BAJFINANCE27FEB203800PE.NFO,07/01/2020,11:36:07,72,76.45,1250,83.05,1250,0,4250
BAJFINANCE27FEB203800PE.NFO,07/01/2020,11:36:16,72,75.7,1250,83.25,1250,0,4250
BAJFINANCE27FEB203800PE.NFO,07/01/2020,11:36:50,72,75.7,1750,83.25,1250,0,4250
BAJFINANCE27FEB203800PE.NFO,07/01/2020,11:36:56,72,77,1250,83.55,1250,0,4250
BAJFINANCE27FEB203800PE.NFO,07/01/2020,11:37:07,72,76.65,1250,83.55,1250,0,4250
BAJFINANCE27FEB203800PE.NFO,07/01/2020,11:37:11,72,76.65,1250,84,1250,0,4250
BAJFINANCE27FEB203800PE.NFO,07/01/2020,11:37:19,72,76.65,1750,84.1,1250,0,4250
BAJFINANCE27FEB203800PE.NFO,07/01/2020,11:37:24,72,76.65,1250,84.15,1250,0,4250
BAJFINANCE27FEB203800PE.NFO,07/01/2020,11:37:44,72,76.5,1250,84.15,1250,0,4250
BAJFINANCE27FEB203800PE.NFO,07/01/2020,11:37:49,72,76.5,1750,84.15,1250,0,4250
BAJFINANCE27FEB203800PE.NFO,07/01/2020,11:37:53,72,76.5,1250,84.15,1250,0,4250
BAJFINANCE27FEB203800PE.NFO,07/01/2020,11:38:20,72,76.4,1250,84.15,1250,0,4250
BAJFINANCE27FEB203800PE.NFO,07/01/2020,11:38:38,72,76.4,1750,84.15,1250,0,4250
BAJFINANCE27FEB203800PE.NFO,07/01/2020,11:39:26,72,76.4,1250,84.15,1250,0,4250
BAJFINANCE27FEB203800PE.NFO,07/01/2020,11:39:29,72,76.4,1750,84.15,1250,0,4250
BAJFINANCE27FEB203800PE.NFO,07/01/2020,11:39:51,72,78.7,1250,86.7,1250,0,4250
BAJFINANCE27FEB203800PE.NFO,07/01/2020,11:39:58,72,76.95,1750,85.65,1250,0,4250
BAJFINANCE27FEB203800PE.NFO,07/01/2020,11:40:04,72,77.75,1250,85.65,1250,0,4250
BAJFINANCE27FEB203800PE.NFO,07/01/2020,11:40:33,72,77.75,1750,85.65,1250,0,4250
BAJFINANCE27FEB203800PE.NFO,07/01/2020,11:40:36,72,77.75,1250,85.65,1250,0,4250
BAJFINANCE27FEB203800PE.NFO,07/01/2020,11:40:40,72,77.75,1750,85.65,1250,0,4250
BAJFINANCE27FEB203800PE.NFO,07/01/2020,11:40:44,72,79.1,1250,85.65,1250,0,4250
BAJFINANCE27FEB203800PE.NFO,07/01/2020,11:41:12,72,79.1,1750,86.35,1250,0,4250
BAJFINANCE27FEB203800PE.NFO,07/01/2020,11:41:16,72,79.1,1250,86.6,1250,0,4250
BAJFINANCE27FEB203800PE.NFO,07/01/2020,11:41:27,72,79.1,1750,86.6,1250,0,4250
BAJFINANCE27FEB203800PE.NFO,07/01/2020,11:41:30,72,79.1,1750,86.65,1250,0,4250
BAJFINANCE27FEB203800PE.NFO,07/01/2020,11:41:43,72,79.1,1750,86.75,1250,0,4250
BAJFINANCE27FEB203800PE.NFO,07/01/2020,11:41:46,72,80.55,1250,86.75,1250,0,4250
BAJFINANCE27FEB203800PE.NFO,07/01/2020,11:41:49,72,80.1,1250,86.75,1250,0,4250
BAJFINANCE27FEB203800PE.NFO,07/01/2020,11:41:57,72,80.1,1250,86.95,1250,0,4250
BAJFINANCE27FEB203800PE.NFO,07/01/2020,11:42:43,72,80,1250,86.95,1250,0,4250
BAJFINANCE27FEB203800PE.NFO,07/01/2020,11:43:01,72,80,1250,87,1250,0,4250
BAJFINANCE27FEB203800PE.NFO,07/01/2020,11:43:30,72,79.9,1250,87,1250,0,4250
BAJFINANCE27FEB203800PE.NFO,07/01/2020,11:43:36,72,79.4,1250,87,1250,0,4250
BAJFINANCE27FEB203800PE.NFO,07/01/2020,11:46:25,72,79.4,1250,85.95,1250,0,4250
BAJFINANCE27FEB203800PE.NFO,07/01/2020,11:46:32,72,79.4,1250,86,500,0,4250
BAJFINANCE27FEB203800PE.NFO,07/01/2020,11:47:12,72,79.4,1250,86,1750,0,4250
BAJFINANCE27FEB203800PE.NFO,07/01/2020,11:47:15,72,79.4,1250,86,500,0,4250
BAJFINANCE27FEB203800PE.NFO,07/01/2020,11:47:33,72,81.05,1250,86,500,0,4250
BAJFINANCE27FEB203800PE.NFO,07/01/2020,11:47:37,72,81.05,1250,88.25,1250,0,4250
BAJFINANCE27FEB203800PE.NFO,07/01/2020,11:47:58,72,80.95,1250,88.25,1250,0,4250
BAJFINANCE27FEB203800PE.NFO,07/01/2020,11:48:05,72,80.85,1250,88.25,1250,0,4250
BAJFINANCE27FEB203800PE.NFO,07/01/2020,11:50:08,72,80.85,1750,88.25,1250,0,4250
BAJFINANCE27FEB203800PE.NFO,07/01/2020,11:50:15,72,80.85,1250,88.25,1250,0,4250
BAJFINANCE27FEB203800PE.NFO,07/01/2020,11:50:36,72,80.85,1750,88.25,1250,0,4250
BAJFINANCE27FEB203800PE.NFO,07/01/2020,11:50:43,72,80.85,1250,88.25,1250,0,4250
BAJFINANCE27FEB203800PE.NFO,07/01/2020,11:50:46,72,80.85,1750,88.25,1250,0,4250
BAJFINANCE27FEB203800PE.NFO,07/01/2020,11:50:52,72,80.85,1250,88.25,1250,0,4250
BAJFINANCE27FEB203800PE.NFO,07/01/2020,11:50:55,72,80.85,1750,88.25,1250,0,4250
BAJFINANCE27FEB203800PE.NFO,07/01/2020,11:51:07,72,80.85,1250,88.25,1250,0,4250
BAJFINANCE27FEB203800PE.NFO,07/01/2020,11:51:18,72,80.85,1750,88.25,1250,0,4250
BAJFINANCE27FEB203800PE.NFO,07/01/2020,11:51:21,72,80.85,1250,88.25,1250,0,4250
BAJFINANCE27FEB203800PE.NFO,07/01/2020,11:55:48,72,80.65,1250,88.25,1250,0,4250
BAJFINANCE27FEB203800PE.NFO,07/01/2020,11:55:57,72,80.5,1250,88.25,1250,0,4250
BAJFINANCE27FEB203800PE.NFO,07/01/2020,11:56:38,72,80.5,1250,86.9,1250,0,4250
BAJFINANCE27FEB203800PE.NFO,07/01/2020,11:56:41,72,80.35,1250,87.1,1250,0,4250
BAJFINANCE27FEB203800PE.NFO,07/01/2020,11:57:34,72,80.35,1250,87.15,1250,0,4250
BAJFINANCE27FEB203800PE.NFO,07/01/2020,11:57:37,72,80.35,1250,87.2,1250,0,4250
BAJFINANCE27FEB203800PE.NFO,07/01/2020,11:57:44,72,80.35,1250,87.4,1250,0,4250
BAJFINANCE27FEB203800PE.NFO,07/01/2020,11:57:48,72,80.35,1250,87.85,1250,0,4250
BAJFINANCE27FEB203800PE.NFO,07/01/2020,11:57:52,72,80.35,1750,88.1,1250,0,4250
BAJFINANCE27FEB203800PE.NFO,07/01/2020,11:57:58,72,81.2,1250,88.1,1250,0,4250
BAJFINANCE27FEB203800PE.NFO,07/01/2020,11:58:17,72,81.15,1250,88.1,1250,0,4250
BAJFINANCE27FEB203800PE.NFO,07/01/2020,11:58:22,72,81.1,1250,88.1,1250,0,4250
BAJFINANCE27FEB203800PE.NFO,07/01/2020,11:58:24,72,80.55,1250,88.1,1250,0,4250
BAJFINANCE27FEB203800PE.NFO,07/01/2020,11:59:48,72,80.55,1250,88.15,1250,0,4250
BAJFINANCE27FEB203800PE.NFO,07/01/2020,12:01:32,72,80.55,1750,88.15,1250,0,4250
BAJFINANCE27FEB203800PE.NFO,07/01/2020,12:01:46,72,80.55,1250,88.15,1250,0,4250
BAJFINANCE27FEB203800PE.NFO,07/01/2020,12:01:48,72,80.55,1750,88.15,1250,0,4250
BAJFINANCE27FEB203800PE.NFO,07/01/2020,12:01:52,72,80.55,1250,88.15,1250,0,4250
BAJFINANCE27FEB203800PE.NFO,07/01/2020,12:02:22,72,80.55,1750,88.15,1250,0,4250
BAJFINANCE27FEB203800PE.NFO,07/01/2020,12:02:34,72,80.55,1250,88.15,1250,0,4250
BAJFINANCE27FEB203800PE.NFO,07/01/2020,12:03:16,72,80.5,1250,88.15,1250,0,4250
BAJFINANCE27FEB203800PE.NFO,07/01/2020,12:03:27,72,80.5,1250,88.3,1250,0,4250
BAJFINANCE27FEB203800PE.NFO,07/01/2020,12:04:58,72,80.5,1250,88,250,0,4250
BAJFINANCE27FEB203800PE.NFO,07/01/2020,12:05:00,72,80.5,1250,86.85,1250,0,4250
BAJFINANCE27FEB203800PE.NFO,07/01/2020,12:05:03,72,80.45,1250,86,250,0,4250
BAJFINANCE27FEB203800PE.NFO,07/01/2020,12:05:07,72,80.15,1250,85,1500,0,4250
BAJFINANCE27FEB203800PE.NFO,07/01/2020,12:05:11,72,77.9,1750,83,250,0,4250
BAJFINANCE27FEB203800PE.NFO,07/01/2020,12:05:14,72,79.6,1250,82,250,0,4250
BAJFINANCE27FEB203800PE.NFO,07/01/2020,12:05:17,72,79.6,1250,83.1,250,0,4250
BAJFINANCE27FEB203800PE.NFO,07/01/2020,12:05:22,72,79.6,1250,82.15,250,0,4250
BAJFINANCE27FEB203800PE.NFO,07/01/2020,12:05:24,72,79.6,1250,82.05,250,0,4250
BAJFINANCE27FEB203800PE.NFO,07/01/2020,12:05:26,72,79.6,1250,82.95,250,0,4250
BAJFINANCE27FEB203800PE.NFO,07/01/2020,12:05:35,72,79.4,1250,82.15,250,0,4250
BAJFINANCE27FEB203800PE.NFO,07/01/2020,12:05:37,72,79.4,1250,82.1,250,0,4250
BAJFINANCE27FEB203800PE.NFO,07/01/2020,12:05:40,72,79.4,1250,82.6,250,0,4250
BAJFINANCE27FEB203800PE.NFO,07/01/2020,12:05:43,72,79.4,1250,82.25,250,0,4250
BAJFINANCE27FEB203800PE.NFO,07/01/2020,12:05:46,72,79.4,1250,82.1,250,0,4250
BAJFINANCE27FEB203800PE.NFO,07/01/2020,12:05:48,72,79.4,1250,82.45,250,0,4250
BAJFINANCE27FEB203800PE.NFO,07/01/2020,12:06:16,72,79.4,1250,82.95,250,0,4250
BAJFINANCE27FEB203800PE.NFO,07/01/2020,12:07:02,72,79.4,1250,82.1,250,0,4250
BAJFINANCE27FEB203800PE.NFO,07/01/2020,12:07:05,72,79.4,1250,82.5,250,0,4250
BAJFINANCE27FEB203800PE.NFO,07/01/2020,12:07:08,72,79.4,1250,82.15,250,0,4250
BAJFINANCE27FEB203800PE.NFO,07/01/2020,12:07:12,72,79.4,1250,82.05,250,0,4250
BAJFINANCE27FEB203800PE.NFO,07/01/2020,12:07:14,72,79.4,1250,82,250,0,4250
BAJFINANCE27FEB203800PE.NFO,07/01/2020,12:07:16,72,79.4,1250,81.95,250,0,4250
BAJFINANCE27FEB203800PE.NFO,07/01/2020,12:07:19,72,79.4,1250,81.9,250,0,4250
BAJFINANCE27FEB203800PE.NFO,07/01/2020,12:07:21,81.85,79.4,1250,82.6,250,250,4250
BAJFINANCE27FEB203800PE.NFO,07/01/2020,12:07:21,81.85,79.4,1250,82.6,250,0,4250
BAJFINANCE27FEB203800PE.NFO,07/01/2020,12:07:23,81.85,79.4,1250,82.6,250,0,4250
BAJFINANCE27FEB203800PE.NFO,07/01/2020,12:07:34,81.85,79.4,1250,82.55,250,0,4250
BAJFINANCE27FEB203800PE.NFO,07/01/2020,12:07:36,81.85,79.4,1250,82.4,250,0,4250
BAJFINANCE27FEB203800PE.NFO,07/01/2020,12:07:39,81.85,79.35,1250,82.35,250,0,4250
BAJFINANCE27FEB203800PE.NFO,07/01/2020,12:07:41,81.85,78.85,1250,82.2,250,0,4250
BAJFINANCE27FEB203800PE.NFO,07/01/2020,12:07:44,81.85,78.85,1250,81.95,250,0,4250
BAJFINANCE27FEB203800PE.NFO,07/01/2020,12:07:47,81.85,78.85,1250,81.9,250,0,4250
BAJFINANCE27FEB203800PE.NFO,07/01/2020,12:07:49,81.85,78.85,1250,81.95,250,0,4250
BAJFINANCE27FEB203800PE.NFO,07/01/2020,12:07:51,81.85,78.85,1250,81.85,250,0,4250
BAJFINANCE27FEB203800PE.NFO,07/01/2020,12:07:58,81.85,78.55,1250,81.75,250,0,4250
BAJFINANCE27FEB203800PE.NFO,07/01/2020,12:08:02,81.85,78.55,1250,81.55,250,0,4250
BAJFINANCE27FEB203800PE.NFO,07/01/2020,12:08:11,81.85,78.55,1250,82.05,250,0,4250
BAJFINANCE27FEB203800PE.NFO,07/01/2020,12:08:16,81.85,78.55,1250,81.95,250,0,4250
BAJFINANCE27FEB203800PE.NFO,07/01/2020,12:08:23,81.85,78.4,1250,81.65,250,0,4250
BAJFINANCE27FEB203800PE.NFO,07/01/2020,12:08:29,81.85,78.4,1250,81.6,250,0,4250
BAJFINANCE27FEB203800PE.NFO,07/01/2020,12:08:34,81.85,78.4,1250,81.55,250,0,4250
BAJFINANCE27FEB203800PE.NFO,07/01/2020,12:08:42,81.85,78.4,1250,82.15,250,0,4250
BAJFINANCE27FEB203800PE.NFO,07/01/2020,12:08:45,81.85,78.4,1250,81.95,250,0,4250
BAJFINANCE27FEB203800PE.NFO,07/01/2020,12:08:49,81.85,78.4,1250,82.05,250,0,4250
BAJFINANCE27FEB203800PE.NFO,07/01/2020,12:08:52,81.85,78.4,1250,81.95,250,0,4250
BAJFINANCE27FEB203800PE.NFO,07/01/2020,12:08:56,81.85,78.4,1250,82.15,250,0,4250
BAJFINANCE27FEB203800PE.NFO,07/01/2020,12:09:00,81.85,76.8,1750,82.1,250,0,4250
BAJFINANCE27FEB203800PE.NFO,07/01/2020,12:09:03,81.85,76.8,1750,82,250,0,4250
BAJFINANCE27FEB203800PE.NFO,07/01/2020,12:09:06,81.85,78.35,1250,81.9,250,0,4250
BAJFINANCE27FEB203800PE.NFO,07/01/2020,12:09:09,81.85,78.35,1250,81.85,250,0,4250
BAJFINANCE27FEB203800PE.NFO,07/01/2020,12:09:12,81.85,78.35,1250,82.25,250,0,4250
BAJFINANCE27FEB203800PE.NFO,07/01/2020,12:09:15,81.85,78.35,1250,82.2,250,0,4250
BAJFINANCE27FEB203800PE.NFO,07/01/2020,12:09:21,81.85,78.35,1250,82.15,250,0,4250
BAJFINANCE27FEB203800PE.NFO,07/01/2020,12:09:27,81.85,78.35,1250,82.45,250,0,4250
BAJFINANCE27FEB203800PE.NFO,07/01/2020,12:09:30,81.85,78.35,1250,82.35,250,0,4250
BAJFINANCE27FEB203800PE.NFO,07/01/2020,12:09:36,81.85,78.35,1250,82.3,250,0,4250
BAJFINANCE27FEB203800PE.NFO,07/01/2020,12:09:39,81.85,78.35,1250,82.25,250,0,4250
BAJFINANCE27FEB203800PE.NFO,07/01/2020,12:09:43,81.85,78.35,1250,82.15,250,0,4250
BAJFINANCE27FEB203800PE.NFO,07/01/2020,12:09:49,81.85,78.35,1250,82.1,250,0,4250
BAJFINANCE27FEB203800PE.NFO,07/01/2020,12:09:52,81.85,78.35,1250,82.05,250,0,4250
BAJFINANCE27FEB203800PE.NFO,07/01/2020,12:09:57,81.85,78.35,1250,82,250,0,4250
BAJFINANCE27FEB203800PE.NFO,07/01/2020,12:10:01,81.85,78.35,1250,81.95,250,0,4250
BAJFINANCE27FEB203800PE.NFO,07/01/2020,12:10:03,81.85,78.35,1250,82.15,250,0,4250
BAJFINANCE27FEB203800PE.NFO,07/01/2020,12:10:07,81.85,78.35,1250,82.1,250,0,4250
BAJFINANCE27FEB203800PE.NFO,07/01/2020,12:10:10,81.85,78.35,1250,82.55,250,0,4250
BAJFINANCE27FEB203800PE.NFO,07/01/2020,12:10:12,81.85,78.35,1250,82.3,250,0,4250
BAJFINANCE27FEB203800PE.NFO,07/01/2020,12:10:14,81.85,78.35,1250,82.25,250,0,4250
BAJFINANCE27FEB203800PE.NFO,07/01/2020,12:10:17,81.85,78.35,1250,82.05,250,0,4250
BAJFINANCE27FEB203800PE.NFO,07/01/2020,12:10:20,81.85,78.35,1250,82,250,0,4250
BAJFINANCE27FEB203800PE.NFO,07/01/2020,12:10:22,81.85,78.35,1250,81.95,250,0,4250
BAJFINANCE27FEB203800PE.NFO,07/01/2020,12:10:25,81.85,78.35,1250,82.15,250,0,4250
BAJFINANCE27FEB203800PE.NFO,07/01/2020,12:10:33,81.85,78.35,1250,82.3,250,0,4250
BAJFINANCE27FEB203800PE.NFO,07/01/2020,12:10:35,81.85,78.35,1250,82.2,250,0,4250
BAJFINANCE27FEB203800PE.NFO,07/01/2020,12:10:37,81.85,78.35,1250,82.25,250,0,4250
BAJFINANCE27FEB203800PE.NFO,07/01/2020,12:10:40,81.85,78.35,1250,82.2,250,0,4250
BAJFINANCE27FEB203800PE.NFO,07/01/2020,12:10:43,81.85,78.35,1250,82.15,250,0,4250
BAJFINANCE27FEB203800PE.NFO,07/01/2020,12:10:45,81.85,78.35,1250,82.1,250,0,4250
BAJFINANCE27FEB203800PE.NFO,07/01/2020,12:10:47,81.85,78.35,1250,82.05,250,0,4250
BAJFINANCE27FEB203800PE.NFO,07/01/2020,12:10:50,81.85,78.35,1250,81.95,250,0,4250
BAJFINANCE27FEB203800PE.NFO,07/01/2020,12:10:53,81.85,78.35,1250,81.85,250,0,4250
BAJFINANCE27FEB203800PE.NFO,07/01/2020,12:11:00,81.85,78.35,1250,82.15,250,0,4250
BAJFINANCE27FEB203800PE.NFO,07/01/2020,12:11:02,81.85,78.35,1250,82.1,250,0,4250
BAJFINANCE27FEB203800PE.NFO,07/01/2020,12:11:05,81.85,78.35,1250,82,250,0,4250
BAJFINANCE27FEB203800PE.NFO,07/01/2020,12:11:07,81.85,78.35,1250,82.25,250,0,4250
BAJFINANCE27FEB203800PE.NFO,07/01/2020,12:11:11,81.85,78.35,1250,81.9,250,0,4250
BAJFINANCE27FEB203800PE.NFO,07/01/2020,12:11:15,81.85,78.3,1250,82.15,250,0,4250
BAJFINANCE27FEB203800PE.NFO,07/01/2020,12:11:19,81.85,78.3,1250,82,250,0,4250
BAJFINANCE27FEB203800PE.NFO,07/01/2020,12:11:26,81.85,78.3,1250,81.8,250,0,4250
BAJFINANCE27FEB203800PE.NFO,07/01/2020,12:11:29,81.85,78.25,1250,81.7,250,0,4250
BAJFINANCE27FEB203800PE.NFO,07/01/2020,12:11:31,81.85,78.15,1250,81.65,250,0,4250
BAJFINANCE27FEB203800PE.NFO,07/01/2020,12:11:33,81.85,78.15,1250,82.05,250,0,4250
BAJFINANCE27FEB203800PE.NFO,07/01/2020,12:11:35,81.85,78.15,1250,82,250,0,4250
BAJFINANCE27FEB203800PE.NFO,07/01/2020,12:11:40,81.85,78.15,1250,81.95,250,0,4250
BAJFINANCE27FEB203800PE.NFO,07/01/2020,12:11:43,81.85,77.75,1250,81.95,250,0,4250
BAJFINANCE27FEB203800PE.NFO,07/01/2020,12:12:05,81.85,77.75,1250,80,500,0,4250
BAJFINANCE27FEB203800PE.NFO,07/01/2020,12:13:11,81.85,75.8,1750,80,500,0,4250
BAJFINANCE27FEB203800PE.NFO,07/01/2020,12:13:18,81.85,76.9,1250,80,500,0,4250
BAJFINANCE27FEB203800PE.NFO,07/01/2020,12:13:24,81.85,76.7,1250,80,500,0,4250
BAJFINANCE27FEB203800PE.NFO,07/01/2020,12:13:28,81.85,76.7,1250,80,750,0,4250
BAJFINANCE27FEB203800PE.NFO,07/01/2020,12:13:33,81.85,76.4,1250,80,500,0,4250
BAJFINANCE27FEB203800PE.NFO,07/01/2020,12:13:44,81.85,76.4,1250,79.95,250,0,4250
BAJFINANCE27FEB203800PE.NFO,07/01/2020,12:13:48,81.85,76.4,1250,80,500,0,4250
BAJFINANCE27FEB203800PE.NFO,07/01/2020,12:13:54,81.85,76.4,1250,79.9,250,0,4250
BAJFINANCE27FEB203800PE.NFO,07/01/2020,12:13:56,81.85,76.4,1250,80,500,0,4250
BAJFINANCE27FEB203800PE.NFO,07/01/2020,12:14:00,81.85,76.4,1750,80,500,0,4250
BAJFINANCE27FEB203800PE.NFO,07/01/2020,12:14:06,80,77.7,1250,81.05,250,500,4250
BAJFINANCE27FEB203800PE.NFO,07/01/2020,12:14:11,80,77.7,1250,81.05,250,0,4250
BAJFINANCE27FEB203800PE.NFO,07/01/2020,12:15:03,80,77.7,1750,82.3,250,0,4250
BAJFINANCE27FEB203800PE.NFO,07/01/2020,12:15:07,80,77.7,1750,82.6,250,0,4250
BAJFINANCE27FEB203800PE.NFO,07/01/2020,12:15:14,80,79.1,1250,82.6,250,0,4250
BAJFINANCE27FEB203800PE.NFO,07/01/2020,12:15:17,80,79,1250,82.6,250,0,4250
BAJFINANCE27FEB203800PE.NFO,07/01/2020,12:15:55,80,79,1250,83.4,250,0,4250
BAJFINANCE27FEB203800PE.NFO,07/01/2020,12:16:39,80,79,1250,82.6,250,0,4250
BAJFINANCE27FEB203800PE.NFO,07/01/2020,12:16:49,80,78.8,1250,82.6,250,0,4250
BAJFINANCE27FEB203800PE.NFO,07/01/2020,12:17:13,80,78.8,1250,82.45,250,0,4250
BAJFINANCE27FEB203800PE.NFO,07/01/2020,12:17:18,80,78.6,1250,82.55,250,0,4250
BAJFINANCE27FEB203800PE.NFO,07/01/2020,12:17:21,80,78.6,1250,82.35,250,0,4250
BAJFINANCE27FEB203800PE.NFO,07/01/2020,12:17:24,80,78.6,1250,82.55,250,0,4250
BAJFINANCE27FEB203800PE.NFO,07/01/2020,12:17:26,80,78.6,1250,82.5,250,0,4250
BAJFINANCE27FEB203800PE.NFO,07/01/2020,12:17:28,80,78.6,1250,82.4,250,0,4250
BAJFINANCE27FEB203800PE.NFO,07/01/2020,12:17:30,80,78.6,1250,82.3,250,0,4250
BAJFINANCE27FEB203800PE.NFO,07/01/2020,12:17:32,80,78.6,1250,82.25,250,0,4250
BAJFINANCE27FEB203800PE.NFO,07/01/2020,12:17:38,80,78.6,1250,82.4,250,0,4250
BAJFINANCE27FEB203800PE.NFO,07/01/2020,12:17:40,80,78.6,1250,82.35,250,0,4250
BAJFINANCE27FEB203800PE.NFO,07/01/2020,12:17:43,80,78.6,1250,82.5,250,0,4250
BAJFINANCE27FEB203800PE.NFO,07/01/2020,12:17:48,80,78.6,1250,82.45,250,0,4250
BAJFINANCE27FEB203800PE.NFO,07/01/2020,12:17:54,80,78.6,1250,82.4,250,0,4250
BAJFINANCE27FEB203800PE.NFO,07/01/2020,12:17:57,80,78.6,1250,82.5,250,0,4250
BAJFINANCE27FEB203800PE.NFO,07/01/2020,12:17:59,80,78.6,1250,82.45,250,0,4250
BAJFINANCE27FEB203800PE.NFO,07/01/2020,12:18:15,80,78.6,1250,82.4,250,0,4250
BAJFINANCE27FEB203800PE.NFO,07/01/2020,12:18:17,80,78.6,1250,82.45,250,0,4250
BAJFINANCE27FEB203800PE.NFO,07/01/2020,12:18:20,80,78.6,1250,82.4,250,0,4250
BAJFINANCE27FEB203800PE.NFO,07/01/2020,12:18:23,80,78.6,1250,82.45,250,0,4250
BAJFINANCE27FEB203800PE.NFO,07/01/2020,12:18:26,80,78.6,1250,82.55,250,0,4250
BAJFINANCE27FEB203800PE.NFO,07/01/2020,12:18:29,80,78.6,1250,82.45,250,0,4250
BAJFINANCE27FEB203800PE.NFO,07/01/2020,12:18:32,80,78.6,1250,82.4,250,0,4250
BAJFINANCE27FEB203800PE.NFO,07/01/2020,12:19:01,80,78.6,1250,82.35,250,0,4250
BAJFINANCE27FEB203800PE.NFO,07/01/2020,12:19:03,80,78.6,1250,82.5,250,0,4250
BAJFINANCE27FEB203800PE.NFO,07/01/2020,12:19:07,80,78.25,1250,82.05,250,0,4250
BAJFINANCE27FEB203800PE.NFO,07/01/2020,12:19:12,80,78.25,1250,81.95,250,0,4250
BAJFINANCE27FEB203800PE.NFO,07/01/2020,12:19:15,80,78.15,1250,81.95,250,0,4250
BAJFINANCE27FEB203800PE.NFO,07/01/2020,12:19:17,80,78.1,1250,81.8,250,0,4250
BAJFINANCE27FEB203800PE.NFO,07/01/2020,12:19:20,80,77.75,1250,81.55,250,0,4250
BAJFINANCE27FEB203800PE.NFO,07/01/2020,12:19:23,80,77.7,1250,81.35,250,0,4250
BAJFINANCE27FEB203800PE.NFO,07/01/2020,12:19:25,80,77.7,1250,81.45,250,0,4250
BAJFINANCE27FEB203800PE.NFO,07/01/2020,12:19:27,80,77.7,1250,81.2,250,0,4250
BAJFINANCE27FEB203800PE.NFO,07/01/2020,12:19:32,80,77.7,1250,81.5,250,0,4250
BAJFINANCE27FEB203800PE.NFO,07/01/2020,12:19:35,80,77.6,1250,81.2,250,0,4250
BAJFINANCE27FEB203800PE.NFO,07/01/2020,12:19:38,80,77.6,1250,81,250,0,4250
BAJFINANCE27FEB203800PE.NFO,07/01/2020,12:19:44,80,77.4,1250,81,250,0,4250
BAJFINANCE27FEB203800PE.NFO,07/01/2020,12:19:48,80,77.15,1250,80.95,250,0,4250
BAJFINANCE27FEB203800PE.NFO,07/01/2020,12:19:52,80,77.15,1250,80.9,250,0,4250
BAJFINANCE27FEB203800PE.NFO,07/01/2020,12:19:56,80,77.15,1250,81.45,250,0,4250
BAJFINANCE27FEB203800PE.NFO,07/01/2020,12:19:59,80,77.15,1250,81.4,250,0,4250
BAJFINANCE27FEB203800PE.NFO,07/01/2020,12:20:02,80,77.15,1250,81.7,250,0,4250
BAJFINANCE27FEB203800PE.NFO,07/01/2020,12:20:05,80,77.15,1250,81.3,250,0,4250
BAJFINANCE27FEB203800PE.NFO,07/01/2020,12:20:07,80,77.15,1250,81.4,250,0,4250
BAJFINANCE27FEB203800PE.NFO,07/01/2020,12:20:09,80,77.15,1250,81.3,250,0,4250
BAJFINANCE27FEB203800PE.NFO,07/01/2020,12:20:12,80,77.15,1250,81.4,250,0,4250
BAJFINANCE27FEB203800PE.NFO,07/01/2020,12:20:13,80,77.15,1250,81.35,250,0,4250
BAJFINANCE27FEB203800PE.NFO,07/01/2020,12:20:14,80,77.15,1250,81.85,250,0,4250
BAJFINANCE27FEB203800PE.NFO,07/01/2020,12:20:16,80,77.15,1250,81.75,250,0,4250
BAJFINANCE27FEB203800PE.NFO,07/01/2020,12:20:18,80,77.15,1250,82,250,0,4250
BAJFINANCE27FEB203800PE.NFO,07/01/2020,12:20:19,80,77.15,1250,81.95,250,0,4250
BAJFINANCE27FEB203800PE.NFO,07/01/2020,12:20:20,80,77.15,1250,81.85,250,0,4250
BAJFINANCE27FEB203800PE.NFO,07/01/2020,12:20:22,80,77.15,1250,81.8,250,0,4250
BAJFINANCE27FEB203800PE.NFO,07/01/2020,12:20:23,80,77.15,1250,81.75,250,0,4250
BAJFINANCE27FEB203800PE.NFO,07/01/2020,12:20:25,80,77.15,1250,81.65,250,0,4250
BAJFINANCE27FEB203800PE.NFO,07/01/2020,12:20:27,80,77.15,1250,82.2,250,0,4250
BAJFINANCE27FEB203800PE.NFO,07/01/2020,12:20:28,80,77.15,1250,82.15,250,0,4250
BAJFINANCE27FEB203800PE.NFO,07/01/2020,12:20:29,80,77.15,1250,81.95,250,0,4250
BAJFINANCE27FEB203800PE.NFO,07/01/2020,12:20:30,80,77.15,1250,81.85,250,0,4250
BAJFINANCE27FEB203800PE.NFO,07/01/2020,12:20:32,80,77.15,1250,81.8,250,0,4250
BAJFINANCE27FEB203800PE.NFO,07/01/2020,12:20:36,80,77.15,1250,81.75,250,0,4250
BAJFINANCE27FEB203800PE.NFO,07/01/2020,12:20:40,80,77.15,1250,82.05,250,0,4250
BAJFINANCE27FEB203800PE.NFO,07/01/2020,12:20:41,80,77.15,1250,81.95,250,0,4250
BAJFINANCE27FEB203800PE.NFO,07/01/2020,12:20:42,80,77.15,1250,81.8,250,0,4250
BAJFINANCE27FEB203800PE.NFO,07/01/2020,12:20:43,80,77.15,1250,81.75,250,0,4250
BAJFINANCE27FEB203800PE.NFO,07/01/2020,12:20:45,80,77.15,1250,81.95,250,0,4250
BAJFINANCE27FEB203800PE.NFO,07/01/2020,12:20:46,80,77.15,1250,81.9,250,0,4250
BAJFINANCE27FEB203800PE.NFO,07/01/2020,12:20:47,80,77.15,1250,81.85,250,0,4250
BAJFINANCE27FEB203800PE.NFO,07/01/2020,12:20:48,80,77.15,1250,81.8,250,0,4250
BAJFINANCE27FEB203800PE.NFO,07/01/2020,12:21:03,80,78.65,1250,82.2,250,0,4250
BAJFINANCE27FEB203800PE.NFO,07/01/2020,12:21:04,80,78.6,1250,82.2,250,0,4250
BAJFINANCE27FEB203800PE.NFO,07/01/2020,12:21:05,80,78.55,1250,82.15,250,0,4250
BAJFINANCE27FEB203800PE.NFO,07/01/2020,12:21:06,80,70.9,4500,82.15,250,0,4250
BAJFINANCE27FEB203800PE.NFO,07/01/2020,12:21:09,80,78.75,1250,82.15,250,0,4250
BAJFINANCE27FEB203800PE.NFO,07/01/2020,12:21:15,80,78.65,1250,82.15,250,0,4250
BAJFINANCE27FEB203800PE.NFO,07/01/2020,12:21:23,80,78.65,1250,82.05,250,0,4250
BAJFINANCE27FEB203800PE.NFO,07/01/2020,12:21:26,80,78.6,1250,82.05,250,0,4250
BAJFINANCE27FEB203800PE.NFO,07/01/2020,12:21:29,80,78.6,1250,82.4,250,0,4250
BAJFINANCE27FEB203800PE.NFO,07/01/2020,12:21:32,80,78.6,1250,82.25,250,0,4250
BAJFINANCE27FEB203800PE.NFO,07/01/2020,12:21:34,80,78.6,1250,82.1,250,0,4250
BAJFINANCE27FEB203800PE.NFO,07/01/2020,12:21:37,80,78.6,1250,82.05,250,0,4250
BAJFINANCE27FEB203800PE.NFO,07/01/2020,12:21:39,80,78.6,1250,82,250,0,4250
BAJFINANCE27FEB203800PE.NFO,07/01/2020,12:21:41,80,78.35,1250,82.15,250,0,4250
BAJFINANCE27FEB203800PE.NFO,07/01/2020,12:21:43,80,78.35,1250,82.05,250,0,4250
BAJFINANCE27FEB203800PE.NFO,07/01/2020,12:21:45,80,78.35,1250,82.1,250,0,4250
BAJFINANCE27FEB203800PE.NFO,07/01/2020,12:21:47,80,78.35,1250,82,250,0,4250
BAJFINANCE27FEB203800PE.NFO,07/01/2020,12:21:50,80,78.35,1250,82.15,250,0,4250
BAJFINANCE27FEB203800PE.NFO,07/01/2020,12:21:51,80,78.35,1250,82.05,250,0,4250
BAJFINANCE27FEB203800PE.NFO,07/01/2020,12:21:54,80,78.35,1250,82,250,0,4250
BAJFINANCE27FEB203800PE.NFO,07/01/2020,12:21:56,80,78.35,1250,82.05,250,0,4250
BAJFINANCE27FEB203800PE.NFO,07/01/2020,12:22:00,80,78.35,1250,82.15,250,0,4250
BAJFINANCE27FEB203800PE.NFO,07/01/2020,12:22:04,80,78.35,1250,82,250,0,4250
BAJFINANCE27FEB203800PE.NFO,07/01/2020,12:22:11,80,78.35,1250,82.2,250,0,4250
BAJFINANCE27FEB203800PE.NFO,07/01/2020,12:22:14,80,78.35,1250,82,250,0,4250
BAJFINANCE27FEB203800PE.NFO,07/01/2020,12:22:17,80,78.35,1250,82.15,250,0,4250
BAJFINANCE27FEB203800PE.NFO,07/01/2020,12:22:18,80,78.35,1250,82.05,250,0,4250
BAJFINANCE27FEB203800PE.NFO,07/01/2020,12:22:20,80,78.35,1250,82,250,0,4250
BAJFINANCE27FEB203800PE.NFO,07/01/2020,12:22:32,80,78.35,1250,82.25,250,0,4250
BAJFINANCE27FEB203800PE.NFO,07/01/2020,12:22:33,80,78.35,1250,82.15,250,0,4250
BAJFINANCE27FEB203800PE.NFO,07/01/2020,12:22:35,80,78.35,1250,82.05,250,0,4250
BAJFINANCE27FEB203800PE.NFO,07/01/2020,12:22:38,80,78.35,1250,82,250,0,4250
BAJFINANCE27FEB203800PE.NFO,07/01/2020,12:22:47,80,78.35,1250,82.05,250,0,4250
BAJFINANCE27FEB203800PE.NFO,07/01/2020,12:22:52,80,78.35,1250,82.55,250,0,4250
BAJFINANCE27FEB203800PE.NFO,07/01/2020,12:22:57,80,78.35,1250,82.1,250,0,4250
BAJFINANCE27FEB203800PE.NFO,07/01/2020,12:23:02,80,78.35,1250,82.05,250,0,4250
BAJFINANCE27FEB203800PE.NFO,07/01/2020,12:23:08,80,78.35,1250,82.25,250,0,4250
BAJFINANCE27FEB203800PE.NFO,07/01/2020,12:23:11,80,78.35,1250,82.15,250,0,4250
BAJFINANCE27FEB203800PE.NFO,07/01/2020,12:23:14,80,78.35,1250,82.1,250,0,4250
BAJFINANCE27FEB203800PE.NFO,07/01/2020,12:23:17,80,78.35,1250,82.05,250,0,4250
BAJFINANCE27FEB203800PE.NFO,07/01/2020,12:23:22,80,78.3,1250,82.15,250,0,4250
BAJFINANCE27FEB203800PE.NFO,07/01/2020,12:23:29,80,78.2,1250,82.35,250,0,4250
BAJFINANCE27FEB203800PE.NFO,07/01/2020,12:23:32,80,78.2,1250,82.15,250,0,4250
BAJFINANCE27FEB203800PE.NFO,07/01/2020,12:23:35,80,78.2,1250,82.1,250,0,4250
BAJFINANCE27FEB203800PE.NFO,07/01/2020,12:23:45,80,78.2,1250,82.05,250,0,4250
BAJFINANCE27FEB203800PE.NFO,07/01/2020,12:23:59,80,78.2,1250,82.2,250,0,4250
BAJFINANCE27FEB203800PE.NFO,07/01/2020,12:24:01,80,78.2,1250,82.15,250,0,4250
BAJFINANCE27FEB203800PE.NFO,07/01/2020,12:24:04,80,78.2,1250,82.1,250,0,4250
BAJFINANCE27FEB203800PE.NFO,07/01/2020,12:24:11,80,77.85,1250,82.2,250,0,4250
BAJFINANCE27FEB203800PE.NFO,07/01/2020,12:24:17,80,77.85,1250,82.1,250,0,4250
BAJFINANCE27FEB203800PE.NFO,07/01/2020,12:24:21,80,77.8,1250,82.05,250,0,4250
BAJFINANCE27FEB203800PE.NFO,07/01/2020,12:24:26,80,77.8,1250,82,250,0,4250
BAJFINANCE27FEB203800PE.NFO,07/01/2020,12:24:30,80,77.8,1250,81.95,250,0,4250
BAJFINANCE27FEB203800PE.NFO,07/01/2020,12:24:33,80,77.8,1250,82.55,250,0,4250
BAJFINANCE27FEB203800PE.NFO,07/01/2020,12:24:36,80,77.8,1250,82.15,250,0,4250
BAJFINANCE27FEB203800PE.NFO,07/01/2020,12:24:38,80,77.8,1250,82.05,250,0,4250
BAJFINANCE27FEB203800PE.NFO,07/01/2020,12:24:41,80,77.8,1250,82.35,250,0,4250
BAJFINANCE27FEB203800PE.NFO,07/01/2020,12:24:45,80,77.8,1250,82.25,250,0,4250
BAJFINANCE27FEB203800PE.NFO,07/01/2020,12:24:51,80,77.8,1250,82.2,250,0,4250
BAJFINANCE27FEB203800PE.NFO,07/01/2020,12:24:57,80,70.9,4500,82.15,250,0,4250
BAJFINANCE27FEB203800PE.NFO,07/01/2020,12:25:05,80,70.9,4500,82.1,250,0,4250
BAJFINANCE27FEB203800PE.NFO,07/01/2020,12:25:06,80,70.9,4500,82.05,250,0,4250
BAJFINANCE27FEB203800PE.NFO,07/01/2020,12:25:17,80,70.9,4500,82.15,250,0,4250
BAJFINANCE27FEB203800PE.NFO,07/01/2020,12:25:19,80,70.9,4500,82.1,250,0,4250
BAJFINANCE27FEB203800PE.NFO,07/01/2020,12:25:20,80,70.9,4500,82.05,250,0,4250
BAJFINANCE27FEB203800PE.NFO,07/01/2020,12:25:33,80,70.9,4500,82.25,250,0,4250
BAJFINANCE27FEB203800PE.NFO,07/01/2020,12:25:35,80,70.9,4500,82.15,250,0,4250
BAJFINANCE27FEB203800PE.NFO,07/01/2020,12:25:37,80,70.9,4500,82.1,250,0,4250
BAJFINANCE27FEB203800PE.NFO,07/01/2020,12:25:40,80,70.9,4500,82,250,0,4250
BAJFINANCE27FEB203800PE.NFO,07/01/2020,12:25:44,80,70.9,4500,82.1,250,0,4250
BAJFINANCE27FEB203800PE.NFO,07/01/2020,12:25:47,80,70.9,4500,81.95,250,0,4250
BAJFINANCE27FEB203800PE.NFO,07/01/2020,12:25:56,80,70.9,4500,82.1,250,0,4250
BAJFINANCE27FEB203800PE.NFO,07/01/2020,12:25:59,80,70.9,4500,82,250,0,4250
BAJFINANCE27FEB203800PE.NFO,07/01/2020,12:26:03,80,70.9,4500,81.95,250,0,4250
BAJFINANCE27FEB203800PE.NFO,07/01/2020,12:26:26,80,70.9,4500,82.1,250,0,4250
BAJFINANCE27FEB203800PE.NFO,07/01/2020,12:26:29,80,70.9,4500,82.05,250,0,4250
BAJFINANCE27FEB203800PE.NFO,07/01/2020,12:26:32,80,70.9,4500,82.1,250,0,4250
BAJFINANCE27FEB203800PE.NFO,07/01/2020,12:26:36,80,70.9,4500,82.3,250,0,4250
BAJFINANCE27FEB203800PE.NFO,07/01/2020,12:26:39,80,70.9,4500,82.25,250,0,4250
BAJFINANCE27FEB203800PE.NFO,07/01/2020,12:26:41,80,70.9,4500,82.15,250,0,4250
BAJFINANCE27FEB203800PE.NFO,07/01/2020,12:26:43,80,70.9,4500,82.1,250,0,4250
BAJFINANCE27FEB203800PE.NFO,07/01/2020,12:26:45,80,70.9,4500,82.05,250,0,4250
BAJFINANCE27FEB203800PE.NFO,07/01/2020,12:26:48,80,70.9,4500,82,250,0,4250
BAJFINANCE27FEB203800PE.NFO,07/01/2020,12:26:50,80,70.9,4500,81.95,250,0,4250
BAJFINANCE27FEB203800PE.NFO,07/01/2020,12:26:52,80,70.9,4500,82.35,250,0,4250
BAJFINANCE27FEB203800PE.NFO,07/01/2020,12:26:55,80,70.9,4500,82.05,250,0,4250
BAJFINANCE27FEB203800PE.NFO,07/01/2020,12:27:04,80,70.9,4500,82.2,250,0,4250
BAJFINANCE27FEB203800PE.NFO,07/01/2020,12:27:08,80,70.9,4500,82,250,0,4250
BAJFINANCE27FEB203800PE.NFO,07/01/2020,12:27:11,80,70.9,4500,81.95,250,0,4250
BAJFINANCE27FEB203800PE.NFO,07/01/2020,12:27:14,80,70.9,4500,82.1,250,0,4250
BAJFINANCE27FEB203800PE.NFO,07/01/2020,12:27:17,80,70.9,4500,82.05,250,0,4250
BAJFINANCE27FEB203800PE.NFO,07/01/2020,12:27:20,80,70.9,4500,81.95,250,0,4250
BAJFINANCE27FEB203800PE.NFO,07/01/2020,12:27:23,80,70.9,4500,82.15,250,0,4250
BAJFINANCE27FEB203800PE.NFO,07/01/2020,12:27:25,80,70.9,4500,82.05,250,0,4250
BAJFINANCE27FEB203800PE.NFO,07/01/2020,12:27:30,80,70.9,4500,82.3,250,0,4250
BAJFINANCE27FEB203800PE.NFO,07/01/2020,12:27:32,80,70.9,4500,82.1,250,0,4250
BAJFINANCE27FEB203800PE.NFO,07/01/2020,12:27:34,80,70.9,4500,82.05,250,0,4250
BAJFINANCE27FEB203800PE.NFO,07/01/2020,12:27:39,80,70.9,4500,82.25,250,0,4250
BAJFINANCE27FEB203800PE.NFO,07/01/2020,12:27:42,80,70.9,4500,82.45,250,0,4250
BAJFINANCE27FEB203800PE.NFO,07/01/2020,12:27:44,80,70.9,4500,82.4,250,0,4250
BAJFINANCE27FEB203800PE.NFO,07/01/2020,12:27:46,80,70.9,4500,82.25,250,0,4250
BAJFINANCE27FEB203800PE.NFO,07/01/2020,12:27:48,80,70.9,4500,82.2,250,0,4250
BAJFINANCE27FEB203800PE.NFO,07/01/2020,12:27:50,80,70.9,4500,82.15,250,0,4250
BAJFINANCE27FEB203800PE.NFO,07/01/2020,12:27:58,80,70.9,4500,82.6,250,0,4250
BAJFINANCE27FEB203800PE.NFO,07/01/2020,12:28:00,80,70.9,4500,82.55,250,0,4250
BAJFINANCE27FEB203800PE.NFO,07/01/2020,12:28:04,80,70.9,4500,82.5,250,0,4250
BAJFINANCE27FEB203800PE.NFO,07/01/2020,12:28:07,80,70.9,4500,82.6,250,0,4250
BAJFINANCE27FEB203800PE.NFO,07/01/2020,12:28:17,80,70.9,4500,82.55,250,0,4250
BAJFINANCE27FEB203800PE.NFO,07/01/2020,12:28:22,80,70.9,4500,82.5,250,0,4250
BAJFINANCE27FEB203800PE.NFO,07/01/2020,12:28:25,80,70.9,4500,82.25,250,0,4250
BAJFINANCE27FEB203800PE.NFO,07/01/2020,12:28:28,80,70.9,4500,82.5,250,0,4250
BAJFINANCE27FEB203800PE.NFO,07/01/2020,12:28:30,80,70.9,4500,82.4,250,0,4250
BAJFINANCE27FEB203800PE.NFO,07/01/2020,12:28:33,80,70.9,4500,82.5,250,0,4250
BAJFINANCE27FEB203800PE.NFO,07/01/2020,12:28:36,80,70.9,4500,82.55,250,0,4250
BAJFINANCE27FEB203800PE.NFO,07/01/2020,12:28:40,80,70.9,4500,82.6,250,0,4250
BAJFINANCE27FEB203800PE.NFO,07/01/2020,12:28:42,80,70.9,4500,82.55,250,0,4250
BAJFINANCE27FEB203800PE.NFO,07/01/2020,12:28:44,80,70.9,4500,82.4,250,0,4250
BAJFINANCE27FEB203800PE.NFO,07/01/2020,12:28:47,80,70.9,4500,82.35,250,0,4250
BAJFINANCE27FEB203800PE.NFO,07/01/2020,12:28:50,80,70.9,4500,82.45,250,0,4250
BAJFINANCE27FEB203800PE.NFO,07/01/2020,12:28:57,80,70.9,4500,82.6,250,0,4250
BAJFINANCE27FEB203800PE.NFO,07/01/2020,12:29:51,80,70.9,4500,83.4,250,0,4250
BAJFINANCE27FEB203800PE.NFO,07/01/2020,12:30:13,80,70.9,4500,83.7,250,0,4250
BAJFINANCE27FEB203800PE.NFO,07/01/2020,12:30:31,80,70.9,4500,83.65,250,0,4250
BAJFINANCE27FEB203800PE.NFO,07/01/2020,12:30:34,80,70.9,4500,84.05,250,0,4250
BAJFINANCE27FEB203800PE.NFO,07/01/2020,12:30:38,80,70.9,4500,83.8,250,0,4250
BAJFINANCE27FEB203800PE.NFO,07/01/2020,12:30:40,80,70.9,4500,83.75,250,0,4250
BAJFINANCE27FEB203800PE.NFO,07/01/2020,12:30:55,80,70.9,4500,83.65,250,0,4250
BAJFINANCE27FEB203800PE.NFO,07/01/2020,12:30:59,80,70.9,4500,83.8,250,0,4250
BAJFINANCE27FEB203800PE.NFO,07/01/2020,12:31:03,80,70.9,4500,83.75,250,0,4250
BAJFINANCE27FEB203800PE.NFO,07/01/2020,12:31:19,80,70.9,4500,83.65,250,0,4250
BAJFINANCE27FEB203800PE.NFO,07/01/2020,12:31:23,80,70.9,4500,83.7,250,0,4250
BAJFINANCE27FEB203800PE.NFO,07/01/2020,12:31:43,80,70.9,4500,83.8,250,0,4250
BAJFINANCE27FEB203800PE.NFO,07/01/2020,12:31:46,80,70.9,4500,83.7,250,0,4250
BAJFINANCE27FEB203800PE.NFO,07/01/2020,12:32:04,80,70.9,4500,83.6,250,0,4250
BAJFINANCE27FEB203800PE.NFO,07/01/2020,12:32:07,80,70.9,4500,83.65,250,0,4250
BAJFINANCE27FEB203800PE.NFO,07/01/2020,12:32:13,80,70.9,4500,83.75,250,0,4250
BAJFINANCE27FEB203800PE.NFO,07/01/2020,12:32:17,80,70.9,4500,83.65,250,0,4250
BAJFINANCE27FEB203800PE.NFO,07/01/2020,12:32:20,80,70.9,4500,84.05,250,0,4250
BAJFINANCE27FEB203800PE.NFO,07/01/2020,12:32:23,80,70.9,4500,83.9,250,0,4250
BAJFINANCE27FEB203800PE.NFO,07/01/2020,12:32:37,80,70.9,4500,83.7,250,0,4250
BAJFINANCE27FEB203800PE.NFO,07/01/2020,12:32:51,80,70.9,4500,83.85,250,0,4250
BAJFINANCE27FEB203800PE.NFO,07/01/2020,12:32:55,80,70.9,4500,84.15,250,0,4250
BAJFINANCE27FEB203800PE.NFO,07/01/2020,12:33:02,80,70.9,4500,83.2,250,0,4250
BAJFINANCE27FEB203800PE.NFO,07/01/2020,12:33:07,80,70.9,4500,84,250,0,4250
BAJFINANCE27FEB203800PE.NFO,07/01/2020,12:33:44,80,70.9,4500,84.4,250,0,4250
BAJFINANCE27FEB203800PE.NFO,07/01/2020,12:33:47,80,70.9,4500,84.35,250,0,4250
BAJFINANCE27FEB203800PE.NFO,07/01/2020,12:33:52,80,70.9,4500,84.25,250,0,4250
BAJFINANCE27FEB203800PE.NFO,07/01/2020,12:33:55,80,70.9,4500,84.4,250,0,4250
BAJFINANCE27FEB203800PE.NFO,07/01/2020,12:33:58,80,70.9,4500,84.5,250,0,4250
BAJFINANCE27FEB203800PE.NFO,07/01/2020,12:34:02,80,70.9,4500,84.6,250,0,4250
BAJFINANCE27FEB203800PE.NFO,07/01/2020,12:34:06,80,70.9,4500,84.5,250,0,4250
BAJFINANCE27FEB203800PE.NFO,07/01/2020,12:34:09,80,70.9,4500,84.7,250,0,4250
BAJFINANCE27FEB203800PE.NFO,07/01/2020,12:34:12,80,70.9,4500,84.8,250,0,4250
BAJFINANCE27FEB203800PE.NFO,07/01/2020,12:34:14,80,70.9,4500,84.7,250,0,4250
BAJFINANCE27FEB203800PE.NFO,07/01/2020,12:34:17,80,70.9,4500,84.65,250,0,4250
BAJFINANCE27FEB203800PE.NFO,07/01/2020,12:34:22,80,70.9,4500,85,250,0,4250
BAJFINANCE27FEB203800PE.NFO,07/01/2020,12:34:25,80,70.9,4500,84.65,250,0,4250
BAJFINANCE27FEB203800PE.NFO,07/01/2020,12:34:28,80,70.9,4500,84.7,250,0,4250
BAJFINANCE27FEB203800PE.NFO,07/01/2020,12:34:33,80,70.9,4500,84.35,250,0,4250
BAJFINANCE27FEB203800PE.NFO,07/01/2020,12:34:37,80,70.9,4500,84.3,250,0,4250
BAJFINANCE27FEB203800PE.NFO,07/01/2020,12:34:40,80,70.9,4500,84.25,250,0,4250
BAJFINANCE27FEB203800PE.NFO,07/01/2020,12:34:49,80,70.9,4500,84.2,250,0,4250
BAJFINANCE27FEB203800PE.NFO,07/01/2020,12:34:55,80,70.9,4500,84.4,250,0,4250
BAJFINANCE27FEB203800PE.NFO,07/01/2020,12:36:51,80,70.9,4500,83.15,250,0,4250
BAJFINANCE27FEB203800PE.NFO,07/01/2020,12:36:54,80,70.9,4500,83.1,250,0,4250
BAJFINANCE27FEB203800PE.NFO,07/01/2020,12:36:58,80,70.9,4500,83,250,0,4250
BAJFINANCE27FEB203800PE.NFO,07/01/2020,12:37:00,80,70.9,4500,84,250,0,4250
BAJFINANCE27FEB203800PE.NFO,07/01/2020,12:37:04,80,70.9,4500,83.15,250,0,4250
BAJFINANCE27FEB203800PE.NFO,07/01/2020,12:37:06,80,70.9,4500,83.4,250,0,4250
BAJFINANCE27FEB203800PE.NFO,07/01/2020,12:37:13,80,70.9,4500,83.1,250,0,4250
BAJFINANCE27FEB203800PE.NFO,07/01/2020,12:37:15,80,70.9,4500,83.05,250,0,4250
BAJFINANCE27FEB203800PE.NFO,07/01/2020,12:37:17,80,70.9,4500,83.35,250,0,4250
BAJFINANCE27FEB203800PE.NFO,07/01/2020,12:37:22,80,70.9,4500,83.15,250,0,4250
BAJFINANCE27FEB203800PE.NFO,07/01/2020,12:37:29,80,70.9,4500,83.6,250,0,4250
BAJFINANCE27FEB203800PE.NFO,07/01/2020,12:37:38,80,70.9,4500,84.15,250,0,4250
BAJFINANCE27FEB203800PE.NFO,07/01/2020,12:37:42,80,70.9,4500,83.15,250,0,4250
BAJFINANCE27FEB203800PE.NFO,07/01/2020,12:37:46,80,70.9,4500,83.1,250,0,4250
BAJFINANCE27FEB203800PE.NFO,07/01/2020,12:37:49,80,70.9,4500,83.4,250,0,4250
BAJFINANCE27FEB203800PE.NFO,07/01/2020,12:37:55,80,70.9,4500,83.15,250,0,4250
BAJFINANCE27FEB203800PE.NFO,07/01/2020,12:37:57,80,70.9,4500,83.1,250,0,4250
BAJFINANCE27FEB203800PE.NFO,07/01/2020,12:37:59,80,70.9,4500,83,250,0,4250
BAJFINANCE27FEB203800PE.NFO,07/01/2020,12:38:01,80,70.9,4500,82.95,250,0,4250
BAJFINANCE27FEB203800PE.NFO,07/01/2020,12:38:04,80,70.9,4500,82.85,250,0,4250
BAJFINANCE27FEB203800PE.NFO,07/01/2020,12:38:08,80,70.9,4500,84.1,250,0,4250
BAJFINANCE27FEB203800PE.NFO,07/01/2020,12:38:14,80,70.9,4500,83,250,0,4250
BAJFINANCE27FEB203800PE.NFO,07/01/2020,12:38:17,80,70.9,4500,82.9,250,0,4250
BAJFINANCE27FEB203800PE.NFO,07/01/2020,12:38:20,80,70.9,4500,82.85,250,0,4250
BAJFINANCE27FEB203800PE.NFO,07/01/2020,12:38:23,80,70.9,4500,82.95,250,0,4250
BAJFINANCE27FEB203800PE.NFO,07/01/2020,12:38:29,80,70.9,4500,82.85,250,0,4250
BAJFINANCE27FEB203800PE.NFO,07/01/2020,12:38:32,80,70.9,4500,82.8,250,0,4250
BAJFINANCE27FEB203800PE.NFO,07/01/2020,12:38:35,80,70.9,4500,82.7,250,0,4250
BAJFINANCE27FEB203800PE.NFO,07/01/2020,12:38:39,80,70.9,4500,83.05,250,0,4250
BAJFINANCE27FEB203800PE.NFO,07/01/2020,12:38:41,80,70.9,4500,82.9,250,0,4250
BAJFINANCE27FEB203800PE.NFO,07/01/2020,12:38:44,80,70.9,4500,82.8,250,0,4250
BAJFINANCE27FEB203800PE.NFO,07/01/2020,12:38:46,80,70.9,4500,82.6,250,0,4250
BAJFINANCE27FEB203800PE.NFO,07/01/2020,12:38:51,80,70.9,4500,82.55,250,0,4250
BAJFINANCE27FEB203800PE.NFO,07/01/2020,12:38:54,80,70.9,4500,82.5,250,0,4250
BAJFINANCE27FEB203800PE.NFO,07/01/2020,12:38:58,80,70.9,4500,82.4,250,0,4250
BAJFINANCE27FEB203800PE.NFO,07/01/2020,12:39:10,80,70.9,4500,82.8,250,0,4250
BAJFINANCE27FEB203800PE.NFO,07/01/2020,12:39:13,80,70.9,4500,82.4,250,0,4250
BAJFINANCE27FEB203800PE.NFO,07/01/2020,12:39:19,80,70.9,4500,82.5,250,0,4250
BAJFINANCE27FEB203800PE.NFO,07/01/2020,12:39:23,80,70.9,4500,82.35,250,0,4250
BAJFINANCE27FEB203800PE.NFO,07/01/2020,12:39:26,80,70.9,4500,82.3,250,0,4250
BAJFINANCE27FEB203800PE.NFO,07/01/2020,12:39:29,80,70.9,4500,82.2,250,0,4250
BAJFINANCE27FEB203800PE.NFO,07/01/2020,12:39:32,80,70.9,4500,82.15,250,0,4250
BAJFINANCE27FEB203800PE.NFO,07/01/2020,12:39:34,80,70.9,4500,82.3,250,0,4250
BAJFINANCE27FEB203800PE.NFO,07/01/2020,12:39:36,80,70.9,4500,82.25,250,0,4250
BAJFINANCE27FEB203800PE.NFO,07/01/2020,12:39:38,80,70.9,4500,82.2,250,0,4250
BAJFINANCE27FEB203800PE.NFO,07/01/2020,12:39:40,80,70.9,4500,82.35,250,0,4250
BAJFINANCE27FEB203800PE.NFO,07/01/2020,12:39:42,80,70.9,4500,82.3,250,0,4250
BAJFINANCE27FEB203800PE.NFO,07/01/2020,12:39:44,80,70.9,4500,82.55,250,0,4250
BAJFINANCE27FEB203800PE.NFO,07/01/2020,12:39:46,80,70.9,4500,82.45,250,0,4250
BAJFINANCE27FEB203800PE.NFO,07/01/2020,12:39:48,80,70.9,4500,82.6,250,0,4250
BAJFINANCE27FEB203800PE.NFO,07/01/2020,12:39:50,80,70.9,4500,82.85,250,0,4250
BAJFINANCE27FEB203800PE.NFO,07/01/2020,12:39:52,80,70.9,4500,82.8,250,0,4250
BAJFINANCE27FEB203800PE.NFO,07/01/2020,12:39:54,80,70.9,4500,82.75,250,0,4250
BAJFINANCE27FEB203800PE.NFO,07/01/2020,12:39:57,80,70.9,4500,82.95,250,0,4250
BAJFINANCE27FEB203800PE.NFO,07/01/2020,12:39:59,80,70.9,4500,82.8,250,0,4250
BAJFINANCE27FEB203800PE.NFO,07/01/2020,12:40:02,80,70.9,4500,82.75,250,0,4250
BAJFINANCE27FEB203800PE.NFO,07/01/2020,12:40:05,80,70.9,4500,82.8,250,0,4250
BAJFINANCE27FEB203800PE.NFO,07/01/2020,12:40:07,80,70.9,4500,82.95,250,0,4250
BAJFINANCE27FEB203800PE.NFO,07/01/2020,12:40:09,80,70.9,4500,82.85,250,0,4250
BAJFINANCE27FEB203800PE.NFO,07/01/2020,12:40:11,80,70.9,4500,82.8,250,0,4250
BAJFINANCE27FEB203800PE.NFO,07/01/2020,12:40:17,80,70.9,4500,82.85,250,0,4250
BAJFINANCE27FEB203800PE.NFO,07/01/2020,12:40:21,80,70.9,4500,82.75,250,0,4250
BAJFINANCE27FEB203800PE.NFO,07/01/2020,12:40:24,80,70.9,4500,82.65,250,0,4250
BAJFINANCE27FEB203800PE.NFO,07/01/2020,12:40:27,80,70.9,4500,82.85,250,0,4250
BAJFINANCE27FEB203800PE.NFO,07/01/2020,12:40:30,80,70.9,4500,82.8,250,0,4250
BAJFINANCE27FEB203800PE.NFO,07/01/2020,12:40:33,80,70.9,4500,82.75,250,0,4250
BAJFINANCE27FEB203800PE.NFO,07/01/2020,12:40:36,80,70.9,4500,82.7,250,0,4250
BAJFINANCE27FEB203800PE.NFO,07/01/2020,12:40:38,80,70.9,4500,82.9,250,0,4250
BAJFINANCE27FEB203800PE.NFO,07/01/2020,12:40:40,80,70.9,4500,82.8,250,0,4250
BAJFINANCE27FEB203800PE.NFO,07/01/2020,12:40:42,80,70.9,4500,82.75,250,0,4250
BAJFINANCE27FEB203800PE.NFO,07/01/2020,12:40:45,80,70.9,4500,82.7,250,0,4250
BAJFINANCE27FEB203800PE.NFO,07/01/2020,12:40:47,80,70.9,4500,83,250,0,4250
BAJFINANCE27FEB203800PE.NFO,07/01/2020,12:40:51,80,70.9,4500,82.75,250,0,4250
BAJFINANCE27FEB203800PE.NFO,07/01/2020,12:40:53,80,70.9,4500,83,250,0,4250
BAJFINANCE27FEB203800PE.NFO,07/01/2020,12:40:57,80,70.9,4500,82.9,250,0,4250
BAJFINANCE27FEB203800PE.NFO,07/01/2020,12:41:00,80,70.9,4500,83.05,250,0,4250
BAJFINANCE27FEB203800PE.NFO,07/01/2020,12:41:04,80,70.9,4500,82.95,250,0,4250
BAJFINANCE27FEB203800PE.NFO,07/01/2020,12:41:07,80,70.9,4500,82.85,250,0,4250
BAJFINANCE27FEB203800PE.NFO,07/01/2020,12:41:09,80,70.9,4500,82.8,250,0,4250
BAJFINANCE27FEB203800PE.NFO,07/01/2020,12:41:15,80,70.9,4500,83.1,250,0,4250
BAJFINANCE27FEB203800PE.NFO,07/01/2020,12:41:16,80,70.9,4500,83.05,250,0,4250
BAJFINANCE27FEB203800PE.NFO,07/01/2020,12:41:18,80,70.9,4500,83,250,0,4250
BAJFINANCE27FEB203800PE.NFO,07/01/2020,12:41:20,80,70.9,4500,82.95,250,0,4250
BAJFINANCE27FEB203800PE.NFO,07/01/2020,12:41:21,80,70.9,4500,82.9,250,0,4250
BAJFINANCE27FEB203800PE.NFO,07/01/2020,12:41:23,80,70.9,4500,83.25,250,0,4250
BAJFINANCE27FEB203800PE.NFO,07/01/2020,12:41:25,80,70.9,4500,83.1,250,0,4250
BAJFINANCE27FEB203800PE.NFO,07/01/2020,12:41:28,80,70.9,4500,83.05,250,0,4250
BAJFINANCE27FEB203800PE.NFO,07/01/2020,12:41:30,80,70.9,4500,83,250,0,4250
BAJFINANCE27FEB203800PE.NFO,07/01/2020,12:41:32,80,70.9,4500,82.95,250,0,4250
BAJFINANCE27FEB203800PE.NFO,07/01/2020,12:41:33,80,70.9,4500,82.9,250,0,4250
BAJFINANCE27FEB203800PE.NFO,07/01/2020,12:41:35,80,70.9,4500,82.85,250,0,4250
BAJFINANCE27FEB203800PE.NFO,07/01/2020,12:41:37,80,70.9,4500,82.8,250,0,4250
BAJFINANCE27FEB203800PE.NFO,07/01/2020,12:41:43,80,70.9,4500,82.95,250,0,4250
BAJFINANCE27FEB203800PE.NFO,07/01/2020,12:41:45,80,70.9,4500,82.9,250,0,4250
BAJFINANCE27FEB203800PE.NFO,07/01/2020,12:41:55,80,70.9,4500,83.1,250,0,4250
BAJFINANCE27FEB203800PE.NFO,07/01/2020,12:41:58,80,70.9,4500,83.05,250,0,4250
BAJFINANCE27FEB203800PE.NFO,07/01/2020,12:42:01,80,70.9,4500,83.5,250,0,4250
BAJFINANCE27FEB203800PE.NFO,07/01/2020,12:42:26,80,70.9,4500,83.15,250,0,4250
BAJFINANCE27FEB203800PE.NFO,07/01/2020,12:42:29,80,70.9,4500,83.1,250,0,4250
BAJFINANCE27FEB203800PE.NFO,07/01/2020,12:42:32,80,70.9,4500,83.7,250,0,4250
BAJFINANCE27FEB203800PE.NFO,07/01/2020,12:44:19,80,70.9,4500,83.15,250,0,4250
BAJFINANCE27FEB203800PE.NFO,07/01/2020,12:44:22,80,70.9,4500,83,250,0,4250
BAJFINANCE27FEB203800PE.NFO,07/01/2020,12:44:25,80,70.9,4500,83.15,250,0,4250
BAJFINANCE27FEB203800PE.NFO,07/01/2020,12:44:27,80,70.9,4500,83.1,250,0,4250
BAJFINANCE27FEB203800PE.NFO,07/01/2020,12:44:29,80,70.9,4500,83.05,250,0,4250
BAJFINANCE27FEB203800PE.NFO,07/01/2020,12:44:32,80,70.9,4500,82.95,250,0,4250
BAJFINANCE27FEB203800PE.NFO,07/01/2020,12:44:35,80,70.9,4500,82.9,250,0,4250
BAJFINANCE27FEB203800PE.NFO,07/01/2020,12:44:39,80,70.9,4500,82.85,250,0,4250
BAJFINANCE27FEB203800PE.NFO,07/01/2020,12:44:42,80,70.9,4500,82.8,250,0,4250
BAJFINANCE27FEB203800PE.NFO,07/01/2020,12:44:44,80,70.9,4500,82.95,250,0,4250
BAJFINANCE27FEB203800PE.NFO,07/01/2020,12:44:46,80,70.9,4500,82.9,250,0,4250
BAJFINANCE27FEB203800PE.NFO,07/01/2020,12:44:48,80,70.9,4500,82.85,250,0,4250
BAJFINANCE27FEB203800PE.NFO,07/01/2020,12:44:51,80,70.9,4500,82.75,250,0,4250
BAJFINANCE27FEB203800PE.NFO,07/01/2020,12:44:52,80,70.9,4500,82.7,250,0,4250
BAJFINANCE27FEB203800PE.NFO,07/01/2020,12:44:56,80,70.9,4500,82.95,250,0,4250
BAJFINANCE27FEB203800PE.NFO,07/01/2020,12:44:57,80,70.9,4500,82.85,250,0,4250
BAJFINANCE27FEB203800PE.NFO,07/01/2020,12:44:59,80,70.9,4500,82.8,250,0,4250
BAJFINANCE27FEB203800PE.NFO,07/01/2020,12:44:59,80,70.9,4500,82.75,250,0,4250
BAJFINANCE27FEB203800PE.NFO,07/01/2020,12:45:05,80,70.9,4500,82.9,250,0,4250
BAJFINANCE27FEB203800PE.NFO,07/01/2020,12:45:07,80,70.9,4500,82.85,250,0,4250
BAJFINANCE27FEB203800PE.NFO,07/01/2020,12:45:09,80,70.9,4500,82.8,250,0,4250
BAJFINANCE27FEB203800PE.NFO,07/01/2020,12:45:14,80,70.9,4500,82.75,250,0,4250
BAJFINANCE27FEB203800PE.NFO,07/01/2020,12:45:15,80,70.9,4500,82.7,250,0,4250
BAJFINANCE27FEB203800PE.NFO,07/01/2020,12:45:20,80,70.9,4500,83.8,250,0,4250
BAJFINANCE27FEB203800PE.NFO,07/01/2020,12:45:23,80,70.9,4500,83,250,0,4250
BAJFINANCE27FEB203800PE.NFO,07/01/2020,12:45:25,80,70.9,4500,82.9,250,0,4250
BAJFINANCE27FEB203800PE.NFO,07/01/2020,12:45:29,80,70.9,4500,82.85,250,0,4250
BAJFINANCE27FEB203800PE.NFO,07/01/2020,12:45:35,80,70.9,4500,83.1,250,0,4250
BAJFINANCE27FEB203800PE.NFO,07/01/2020,12:45:38,80,70.9,4500,82.95,250,0,4250
BAJFINANCE27FEB203800PE.NFO,07/01/2020,12:45:40,80,70.9,4500,82.9,250,0,4250
BAJFINANCE27FEB203800PE.NFO,07/01/2020,12:45:43,80,70.9,4500,83.1,250,0,4250
BAJFINANCE27FEB203800PE.NFO,07/01/2020,12:45:46,80,70.9,4500,83.8,250,0,4250
BAJFINANCE27FEB203800PE.NFO,07/01/2020,12:45:50,80,70.9,4500,82.9,250,0,4250
BAJFINANCE27FEB203800PE.NFO,07/01/2020,12:45:56,80,70.9,4500,82.45,250,0,4250
BAJFINANCE27FEB203800PE.NFO,07/01/2020,12:46:01,80,70.9,4500,82.5,250,0,4250
BAJFINANCE27FEB203800PE.NFO,07/01/2020,12:46:04,80,70.9,4500,82.45,250,0,4250
BAJFINANCE27FEB203800PE.NFO,07/01/2020,12:46:16,80,70.9,4500,82.35,250,0,4250
BAJFINANCE27FEB203800PE.NFO,07/01/2020,12:46:21,80,70.9,4500,82.45,250,0,4250
BAJFINANCE27FEB203800PE.NFO,07/01/2020,12:46:24,80,70.9,4500,82.35,250,0,4250
BAJFINANCE27FEB203800PE.NFO,07/01/2020,12:46:28,80,70.9,4500,82.5,250,0,4250
BAJFINANCE27FEB203800PE.NFO,07/01/2020,12:46:32,80,70.9,4500,82.25,250,0,4250
BAJFINANCE27FEB203800PE.NFO,07/01/2020,12:46:34,80,70.9,4500,82.2,250,0,4250
BAJFINANCE27FEB203800PE.NFO,07/01/2020,12:46:40,80,70.9,4500,82.45,250,0,4250
BAJFINANCE27FEB203800PE.NFO,07/01/2020,12:46:44,80,70.9,4500,82.1,250,0,4250
BAJFINANCE27FEB203800PE.NFO,07/01/2020,12:46:47,80,70.9,4500,81.95,250,0,4250
BAJFINANCE27FEB203800PE.NFO,07/01/2020,12:46:50,80,70.9,4500,82,250,0,4250
BAJFINANCE27FEB203800PE.NFO,07/01/2020,12:46:55,80,70.9,4500,82.25,250,0,4250
BAJFINANCE27FEB203800PE.NFO,07/01/2020,12:46:59,80,70.9,4500,82.05,250,0,4250
BAJFINANCE27FEB203800PE.NFO,07/01/2020,12:47:03,80,70.9,4500,81.9,250,0,4250
BAJFINANCE27FEB203800PE.NFO,07/01/2020,12:47:06,80,70.9,4500,81.8,250,0,4250
BAJFINANCE27FEB203800PE.NFO,07/01/2020,12:47:10,80,70.9,4500,82.05,250,0,4250
BAJFINANCE27FEB203800PE.NFO,07/01/2020,12:47:14,80,70.9,4500,81.95,250,0,4250
BAJFINANCE27FEB203800PE.NFO,07/01/2020,12:47:18,80,70.9,4500,82,250,0,4250
BAJFINANCE27FEB203800PE.NFO,07/01/2020,12:47:23,80,70.9,4500,81.8,250,0,4250
BAJFINANCE27FEB203800PE.NFO,07/01/2020,12:47:28,80,70.9,4500,81.7,250,0,4250
BAJFINANCE27FEB203800PE.NFO,07/01/2020,12:47:32,80,70.9,4500,81.6,250,0,4250
BAJFINANCE27FEB203800PE.NFO,07/01/2020,12:47:36,80,70.9,4500,81.75,250,0,4250
BAJFINANCE27FEB203800PE.NFO,07/01/2020,12:47:40,80,70.9,4500,81.65,250,0,4250
BAJFINANCE27FEB203800PE.NFO,07/01/2020,12:47:44,80,70.9,4500,81.85,250,0,4250
BAJFINANCE27FEB203800PE.NFO,07/01/2020,12:47:48,80,70.9,4500,81.75,250,0,4250
BAJFINANCE27FEB203800PE.NFO,07/01/2020,12:47:51,80,70.9,4500,82,250,0,4250
BAJFINANCE27FEB203800PE.NFO,07/01/2020,12:47:53,80,70.9,4500,81.95,250,0,4250
BAJFINANCE27FEB203800PE.NFO,07/01/2020,12:47:56,80,70.9,4500,82.35,250,0,4250
BAJFINANCE27FEB203800PE.NFO,07/01/2020,12:47:59,80,70.9,4500,82.15,250,0,4250
BAJFINANCE27FEB203800PE.NFO,07/01/2020,12:48:03,80,70.9,4500,81.95,250,0,4250
BAJFINANCE27FEB203800PE.NFO,07/01/2020,12:48:13,80,70.9,4500,81.7,250,0,4250
BAJFINANCE27FEB203800PE.NFO,07/01/2020,12:48:19,80,70.9,4500,81.6,250,0,4250
BAJFINANCE27FEB203800PE.NFO,07/01/2020,12:48:24,80,70.9,4500,81.5,250,500,4250
BAJFINANCE27FEB203800PE.NFO,07/01/2020,12:48:28,80,70.9,4500,81.55,250,0,4250
BAJFINANCE27FEB203800PE.NFO,07/01/2020,12:48:31,80,75,250,81.55,250,0,4250
BAJFINANCE27FEB203800PE.NFO,07/01/2020,12:48:35,80,75,1250,81.5,250,0,4250
BAJFINANCE27FEB203800PE.NFO,07/01/2020,12:48:38,80,75,750,81.6,250,0,4250
BAJFINANCE27FEB203800PE.NFO,07/01/2020,12:48:41,80,75,250,81.65,250,0,4250
BAJFINANCE27FEB203800PE.NFO,07/01/2020,12:48:44,80,75,1250,81.6,250,0,4250
BAJFINANCE27FEB203800PE.NFO,07/01/2020,12:48:53,80,75,750,81.5,250,0,4250
BAJFINANCE27FEB203800PE.NFO,07/01/2020,12:48:56,80,75,250,81.5,250,0,4250
BAJFINANCE27FEB203800PE.NFO,07/01/2020,12:48:59,80,75,750,81.8,250,0,4250
BAJFINANCE27FEB203800PE.NFO,07/01/2020,12:49:07,80,75,250,81.75,250,0,4250
BAJFINANCE27FEB203800PE.NFO,07/01/2020,12:49:11,80,75,750,81.75,250,0,4250
BAJFINANCE27FEB203800PE.NFO,07/01/2020,12:49:13,80,75,1250,81.7,250,0,4250
BAJFINANCE27FEB203800PE.NFO,07/01/2020,12:49:14,80,75,1250,81.65,250,0,4250
BAJFINANCE27FEB203800PE.NFO,07/01/2020,12:49:16,80,75,1250,81.55,250,0,4250
BAJFINANCE27FEB203800PE.NFO,07/01/2020,12:49:17,80,75,1250,81.5,250,0,4250
BAJFINANCE27FEB203800PE.NFO,07/01/2020,12:49:19,80,75,1250,81.45,250,0,4250
BAJFINANCE27FEB203800PE.NFO,07/01/2020,12:49:20,80,75,1250,81.4,250,0,4250
BAJFINANCE27FEB203800PE.NFO,07/01/2020,12:49:25,80,75,750,81.4,250,0,4250
BAJFINANCE27FEB203800PE.NFO,07/01/2020,12:49:26,80,75,1250,81.4,250,0,4250
BAJFINANCE27FEB203800PE.NFO,07/01/2020,12:49:27,80,75,1250,81.35,250,0,4250
BAJFINANCE27FEB203800PE.NFO,07/01/2020,12:49:29,80,75,1250,81.3,250,0,4250
BAJFINANCE27FEB203800PE.NFO,07/01/2020,12:49:30,80,75,1250,81.7,250,0,4250
BAJFINANCE27FEB203800PE.NFO,07/01/2020,12:49:31,80,75,1250,81.6,250,0,4250
BAJFINANCE27FEB203800PE.NFO,07/01/2020,12:49:32,80,75,1250,81.55,250,0,4250
BAJFINANCE27FEB203800PE.NFO,07/01/2020,12:49:34,80,75,1250,81.5,250,0,4250
BAJFINANCE27FEB203800PE.NFO,07/01/2020,12:49:36,80,75,750,81.5,250,0,4250
BAJFINANCE27FEB203800PE.NFO,07/01/2020,12:49:37,80,75,1250,81.45,250,0,4250
BAJFINANCE27FEB203800PE.NFO,07/01/2020,12:49:38,80,75,1250,81.4,250,0,4250
BAJFINANCE27FEB203800PE.NFO,07/01/2020,12:49:39,80,75,1250,81.9,250,0,4250
BAJFINANCE27FEB203800PE.NFO,07/01/2020,12:49:40,80,75,1250,81.75,250,0,4250
BAJFINANCE27FEB203800PE.NFO,07/01/2020,12:49:41,80,75,1250,81.6,250,0,4250
BAJFINANCE27FEB203800PE.NFO,07/01/2020,12:49:44,80,75,1250,81.55,250,0,4250
BAJFINANCE27FEB203800PE.NFO,07/01/2020,12:49:46,80,75,1250,81.75,250,0,4250
BAJFINANCE27FEB203800PE.NFO,07/01/2020,12:49:48,80,75,1250,81.7,250,0,4250
BAJFINANCE27FEB203800PE.NFO,07/01/2020,12:49:49,80,75,1250,81.6,250,0,4250
BAJFINANCE27FEB203800PE.NFO,07/01/2020,12:49:51,80,75,1250,81.55,250,0,4250
BAJFINANCE27FEB203800PE.NFO,07/01/2020,12:49:54,80,75,750,81.45,250,0,4250
BAJFINANCE27FEB203800PE.NFO,07/01/2020,12:49:55,80,75,1250,81.45,250,0,4250
BAJFINANCE27FEB203800PE.NFO,07/01/2020,12:49:56,80,75,1250,81.4,250,0,4250
BAJFINANCE27FEB203800PE.NFO,07/01/2020,12:49:57,80,75,750,81.4,250,0,4250
BAJFINANCE27FEB203800PE.NFO,07/01/2020,12:49:59,80,75,750,81.35,250,0,4250
BAJFINANCE27FEB203800PE.NFO,07/01/2020,12:50:00,80,75,750,81.3,250,0,4250
BAJFINANCE27FEB203800PE.NFO,07/01/2020,12:50:03,80,75,250,81.25,250,0,4250
BAJFINANCE27FEB203800PE.NFO,07/01/2020,12:50:04,80,75,250,81.2,250,0,4250
BAJFINANCE27FEB203800PE.NFO,07/01/2020,12:50:05,80,75,250,81.05,250,0,4250
BAJFINANCE27FEB203800PE.NFO,07/01/2020,12:50:07,80,75,250,81,250,0,4250
BAJFINANCE27FEB203800PE.NFO,07/01/2020,12:50:08,80,75,250,80.9,250,0,4250
BAJFINANCE27FEB203800PE.NFO,07/01/2020,12:50:08,80,75,250,80.95,250,0,4250
BAJFINANCE27FEB203800PE.NFO,07/01/2020,12:50:09,80,75,250,80.9,250,0,4250
BAJFINANCE27FEB203800PE.NFO,07/01/2020,12:50:10,80,75,250,80.75,250,0,4250
BAJFINANCE27FEB203800PE.NFO,07/01/2020,12:50:12,80,75,250,80.7,250,0,4250
BAJFINANCE27FEB203800PE.NFO,07/01/2020,12:50:14,80,75,250,80.55,250,0,4250
BAJFINANCE27FEB203800PE.NFO,07/01/2020,12:50:16,80,75,250,80.4,250,0,4250
BAJFINANCE27FEB203800PE.NFO,07/01/2020,12:50:20,80,75,250,80.2,250,0,4250
BAJFINANCE27FEB203800PE.NFO,07/01/2020,12:50:24,80,75,250,80.7,250,0,4250
BAJFINANCE27FEB203800PE.NFO,07/01/2020,12:50:26,80,75,250,80.35,250,0,4250
BAJFINANCE27FEB203800PE.NFO,07/01/2020,12:50:29,80,75,250,80.45,250,0,4250
BAJFINANCE27FEB203800PE.NFO,07/01/2020,12:50:31,80,75,250,80.25,250,0,4250
BAJFINANCE27FEB203800PE.NFO,07/01/2020,12:50:34,80,75,250,80.55,250,0,4250
BAJFINANCE27FEB203800PE.NFO,07/01/2020,12:50:37,80,75,250,80.3,250,0,4250
BAJFINANCE27FEB203800PE.NFO,07/01/2020,12:50:39,80,75,250,80.4,250,0,4250
BAJFINANCE27FEB203800PE.NFO,07/01/2020,12:50:41,80,75,250,80.75,250,0,4250
BAJFINANCE27FEB203800PE.NFO,07/01/2020,12:50:44,80,75,250,80.7,250,0,4250
BAJFINANCE27FEB203800PE.NFO,07/01/2020,12:50:47,80,75,250,80.55,250,0,4250
BAJFINANCE27FEB203800PE.NFO,07/01/2020,12:50:49,80,75,250,80.3,250,0,4250
BAJFINANCE27FEB203800PE.NFO,07/01/2020,12:50:53,80,75,250,80.1,250,0,4250
BAJFINANCE27FEB203800PE.NFO,07/01/2020,12:50:56,80,75,250,80.45,250,0,4250
BAJFINANCE27FEB203800PE.NFO,07/01/2020,12:50:59,80,75,250,80.5,250,0,4250
BAJFINANCE27FEB203800PE.NFO,07/01/2020,12:51:01,80,75,250,80.65,250,0,4250
BAJFINANCE27FEB203800PE.NFO,07/01/2020,12:51:04,80,75,250,80.6,250,0,4250
BAJFINANCE27FEB203800PE.NFO,07/01/2020,12:51:07,80,75,250,80.5,250,0,4250
BAJFINANCE27FEB203800PE.NFO,07/01/2020,12:51:09,80,75,250,80.75,250,0,4250
BAJFINANCE27FEB203800PE.NFO,07/01/2020,12:51:12,80,75,250,80.65,250,0,4250
BAJFINANCE27FEB203800PE.NFO,07/01/2020,12:51:13,80,75,250,80.6,250,0,4250
BAJFINANCE27FEB203800PE.NFO,07/01/2020,12:51:15,80,75,250,80.85,250,0,4250
BAJFINANCE27FEB203800PE.NFO,07/01/2020,12:51:16,80,75,250,80.8,250,0,4250
BAJFINANCE27FEB203800PE.NFO,07/01/2020,12:51:17,80,75,250,80.7,250,0,4250
BAJFINANCE27FEB203800PE.NFO,07/01/2020,12:51:18,80,75,250,80.65,250,0,4250
BAJFINANCE27FEB203800PE.NFO,07/01/2020,12:51:21,80,75,250,80.6,250,0,4250
BAJFINANCE27FEB203800PE.NFO,07/01/2020,12:51:23,80,75,250,80.55,250,0,4250
BAJFINANCE27FEB203800PE.NFO,07/01/2020,12:51:26,80,75,250,80.75,250,0,4250
BAJFINANCE27FEB203800PE.NFO,07/01/2020,12:51:27,80,75,250,80.7,250,0,4250
BAJFINANCE27FEB203800PE.NFO,07/01/2020,12:51:29,80,75,250,80.65,250,0,4250
BAJFINANCE27FEB203800PE.NFO,07/01/2020,12:51:31,80,75,250,80.9,250,0,4250
BAJFINANCE27FEB203800PE.NFO,07/01/2020,12:51:32,80,75,250,80.8,250,0,4250
BAJFINANCE27FEB203800PE.NFO,07/01/2020,12:51:33,80,75,250,80.75,250,0,4250
BAJFINANCE27FEB203800PE.NFO,07/01/2020,12:51:35,80,75,250,81.15,250,0,4250
BAJFINANCE27FEB203800PE.NFO,07/01/2020,12:51:36,80,75,250,81.1,250,0,4250
BAJFINANCE27FEB203800PE.NFO,07/01/2020,12:51:38,80,75,250,80.95,250,0,4250
BAJFINANCE27FEB203800PE.NFO,07/01/2020,12:51:40,80,75,250,80.9,250,0,4250
BAJFINANCE27FEB203800PE.NFO,07/01/2020,12:51:41,80,72,4250,80.9,250,0,4250
BAJFINANCE27FEB203800PE.NFO,07/01/2020,12:51:42,80,72,4250,81.35,250,0,4250
BAJFINANCE27FEB203800PE.NFO,07/01/2020,12:51:43,80,72,4750,81.25,250,0,4250
BAJFINANCE27FEB203800PE.NFO,07/01/2020,12:51:44,80,72,4750,81.2,250,0,4250
BAJFINANCE27FEB203800PE.NFO,07/01/2020,12:51:45,80,72,3250,81.15,250,0,4250
BAJFINANCE27FEB203800PE.NFO,07/01/2020,12:51:47,80,72,3250,81.1,250,0,4250
BAJFINANCE27FEB203800PE.NFO,07/01/2020,12:51:47,80,72,4250,81.1,250,0,4250
BAJFINANCE27FEB203800PE.NFO,07/01/2020,12:51:48,80,72,4750,81.05,250,0,4250
BAJFINANCE27FEB203800PE.NFO,07/01/2020,12:51:51,80,72,4750,81,250,0,4250
BAJFINANCE27FEB203800PE.NFO,07/01/2020,12:51:52,80,72,3750,80.95,250,0,4250
BAJFINANCE27FEB203800PE.NFO,07/01/2020,12:51:53,80,72,4250,81.45,250,0,4250
BAJFINANCE27FEB203800PE.NFO,07/01/2020,12:51:54,80,72,3250,81.15,250,0,4250
BAJFINANCE27FEB203800PE.NFO,07/01/2020,12:51:55,80,72,4750,81.15,250,0,4250
BAJFINANCE27FEB203800PE.NFO,07/01/2020,12:51:56,80,72,3250,81.15,250,0,4250
BAJFINANCE27FEB203800PE.NFO,07/01/2020,12:51:57,80,72,3250,81.1,250,0,4250
BAJFINANCE27FEB203800PE.NFO,07/01/2020,12:51:58,80,72,3250,81.05,250,0,4250
BAJFINANCE27FEB203800PE.NFO,07/01/2020,12:51:59,80,72,3250,81,250,0,4250
BAJFINANCE27FEB203800PE.NFO,07/01/2020,12:52:00,80,72,4250,80.95,250,0,4250
BAJFINANCE27FEB203800PE.NFO,07/01/2020,12:52:01,80,72,3750,80.95,250,0,4250
BAJFINANCE27FEB203800PE.NFO,07/01/2020,12:52:02,80,72,3250,80.9,250,0,4250
BAJFINANCE27FEB203800PE.NFO,07/01/2020,12:52:03,80,72,3250,80.85,250,0,4250
BAJFINANCE27FEB203800PE.NFO,07/01/2020,12:52:05,80,72,3250,80.8,250,0,4250
BAJFINANCE27FEB203800PE.NFO,07/01/2020,12:52:07,80,72,3250,80.75,250,0,4250
BAJFINANCE27FEB203800PE.NFO,07/01/2020,12:52:08,80,72,3250,81.65,250,0,4250
BAJFINANCE27FEB203800PE.NFO,07/01/2020,12:52:09,80,72,3250,81.45,250,0,4250
BAJFINANCE27FEB203800PE.NFO,07/01/2020,12:52:10,80,72,4250,81.1,250,0,4250
BAJFINANCE27FEB203800PE.NFO,07/01/2020,12:52:10,80,72,4750,81.1,250,0,4250
BAJFINANCE27FEB203800PE.NFO,07/01/2020,12:52:11,80,72,4750,81,250,0,4250
BAJFINANCE27FEB203800PE.NFO,07/01/2020,12:52:14,80,72,4750,80.95,250,0,4250
BAJFINANCE27FEB203800PE.NFO,07/01/2020,12:52:16,80,72,4750,81.15,250,0,4250
BAJFINANCE27FEB203800PE.NFO,07/01/2020,12:52:18,80,72,4750,81.1,250,0,4250
BAJFINANCE27FEB203800PE.NFO,07/01/2020,12:52:21,80,72,4750,81.45,250,0,4250
BAJFINANCE27FEB203800PE.NFO,07/01/2020,12:52:25,80,72,4250,81.15,250,0,4250
BAJFINANCE27FEB203800PE.NFO,07/01/2020,12:52:28,80,72,4750,81.05,250,0,4250
BAJFINANCE27FEB203800PE.NFO,07/01/2020,12:52:30,80,72,4750,81.3,250,0,4250
BAJFINANCE27FEB203800PE.NFO,07/01/2020,12:52:33,80,72,4750,81.45,250,0,4250
BAJFINANCE27FEB203800PE.NFO,07/01/2020,12:52:35,80,72,4750,81.35,250,0,4250
BAJFINANCE27FEB203800PE.NFO,07/01/2020,12:52:36,80,72,4750,81.4,250,0,4250
BAJFINANCE27FEB203800PE.NFO,07/01/2020,12:52:38,80,72,4750,81.25,250,0,4250
BAJFINANCE27FEB203800PE.NFO,07/01/2020,12:52:40,80,72,4750,81.2,250,0,4250
BAJFINANCE27FEB203800PE.NFO,07/01/2020,12:52:42,80,72,4750,81.45,250,0,4250
BAJFINANCE27FEB203800PE.NFO,07/01/2020,12:52:45,80,72,4750,81.2,250,0,4250
BAJFINANCE27FEB203800PE.NFO,07/01/2020,12:52:47,80,72,4750,81.45,250,0,4250
BAJFINANCE27FEB203800PE.NFO,07/01/2020,12:52:49,80,72,4750,81.3,250,0,4250
BAJFINANCE27FEB203800PE.NFO,07/01/2020,12:52:52,80,72,4750,81.15,250,0,4250
BAJFINANCE27FEB203800PE.NFO,07/01/2020,12:52:54,80,72,4250,81.45,250,0,4250
BAJFINANCE27FEB203800PE.NFO,07/01/2020,12:52:56,80,72,4750,81.1,250,0,4250
BAJFINANCE27FEB203800PE.NFO,07/01/2020,12:52:59,80,72,4750,80.95,250,0,4250
BAJFINANCE27FEB203800PE.NFO,07/01/2020,12:53:01,80,72,4250,80.9,250,0,4250
BAJFINANCE27FEB203800PE.NFO,07/01/2020,12:53:04,80,72,4750,81,250,0,4250
BAJFINANCE27FEB203800PE.NFO,07/01/2020,12:53:09,80,72,4250,81,250,0,4250
BAJFINANCE27FEB203800PE.NFO,07/01/2020,12:53:12,80,72,4750,81.5,250,0,4250
BAJFINANCE27FEB203800PE.NFO,07/01/2020,12:53:13,80,72,4750,81.1,250,0,4250
BAJFINANCE27FEB203800PE.NFO,07/01/2020,12:53:14,80,72,4250,81.1,250,0,4250
BAJFINANCE27FEB203800PE.NFO,07/01/2020,12:53:15,80,72,4750,81.1,250,0,4250
BAJFINANCE27FEB203800PE.NFO,07/01/2020,12:53:16,80,72,4250,81.35,250,0,4250
BAJFINANCE27FEB203800PE.NFO,07/01/2020,12:53:17,80,72,4750,81.3,250,0,4250
BAJFINANCE27FEB203800PE.NFO,07/01/2020,12:53:17,80,72,4750,81.25,250,0,4250
BAJFINANCE27FEB203800PE.NFO,07/01/2020,12:53:18,80,72,4750,81.2,250,0,4250
BAJFINANCE27FEB203800PE.NFO,07/01/2020,12:53:20,80,72,4750,81.15,250,0,4250
BAJFINANCE27FEB203800PE.NFO,07/01/2020,12:53:21,80,72,4250,81.15,250,0,4250
BAJFINANCE27FEB203800PE.NFO,07/01/2020,12:53:22,80,72,4750,81.15,250,0,4250
BAJFINANCE27FEB203800PE.NFO,07/01/2020,12:53:23,80,72,4750,81.4,250,0,4250
BAJFINANCE27FEB203800PE.NFO,07/01/2020,12:53:25,80,72,4750,81.3,250,0,4250
BAJFINANCE27FEB203800PE.NFO,07/01/2020,12:53:26,80,72,4750,81.25,250,0,4250
BAJFINANCE27FEB203800PE.NFO,07/01/2020,12:53:27,80,72,4750,81.2,250,0,4250
BAJFINANCE27FEB203800PE.NFO,07/01/2020,12:53:30,80,72,4750,81.15,250,0,4250
BAJFINANCE27FEB203800PE.NFO,07/01/2020,12:53:33,80,72,4750,81.1,250,0,4250
BAJFINANCE27FEB203800PE.NFO,07/01/2020,12:53:34,80,72,4750,81.4,250,0,4250
BAJFINANCE27FEB203800PE.NFO,07/01/2020,12:53:34,80,72,4750,81.35,250,0,4250
BAJFINANCE27FEB203800PE.NFO,07/01/2020,12:53:36,80,72,4750,81.3,250,0,4250
BAJFINANCE27FEB203800PE.NFO,07/01/2020,12:53:38,80,72,4750,81.2,250,0,4250
BAJFINANCE27FEB203800PE.NFO,07/01/2020,12:53:39,80,72,4750,81.5,250,0,4250
BAJFINANCE27FEB203800PE.NFO,07/01/2020,12:53:41,80,72,4750,81.45,250,0,4250
BAJFINANCE27FEB203800PE.NFO,07/01/2020,12:53:42,80,72,4750,81.4,250,0,4250
BAJFINANCE27FEB203800PE.NFO,07/01/2020,12:53:44,80,72,4750,81.35,250,0,4250
BAJFINANCE27FEB203800PE.NFO,07/01/2020,12:53:45,80,72,4750,81.3,250,0,4250
BAJFINANCE27FEB203800PE.NFO,07/01/2020,12:53:46,80,72,4750,81.25,250,0,4250
BAJFINANCE27FEB203800PE.NFO,07/01/2020,12:53:47,80,72,4750,81.2,250,0,4250
BAJFINANCE27FEB203800PE.NFO,07/01/2020,12:53:48,80,72,4750,81.5,250,0,4250
BAJFINANCE27FEB203800PE.NFO,07/01/2020,12:53:49,80,72,4750,81.35,250,0,4250
BAJFINANCE27FEB203800PE.NFO,07/01/2020,12:53:52,80,72,4750,81.25,250,0,4250
BAJFINANCE27FEB203800PE.NFO,07/01/2020,12:53:54,80,72,4750,81.2,250,0,4250
BAJFINANCE27FEB203800PE.NFO,07/01/2020,12:53:55,80,75,750,81.15,250,0,4250
BAJFINANCE27FEB203800PE.NFO,07/01/2020,12:53:56,80,75,750,81.1,250,0,4250
BAJFINANCE27FEB203800PE.NFO,07/01/2020,12:53:57,80,75,250,81.1,250,0,4250
BAJFINANCE27FEB203800PE.NFO,07/01/2020,12:53:59,80,75,250,81.05,250,0,4250
BAJFINANCE27FEB203800PE.NFO,07/01/2020,12:54:01,80,75,250,81,250,0,4250
BAJFINANCE27FEB203800PE.NFO,07/01/2020,12:54:04,80,75,250,80.95,250,0,4250
BAJFINANCE27FEB203800PE.NFO,07/01/2020,12:54:05,80,75,250,81.55,250,0,4250
BAJFINANCE27FEB203800PE.NFO,07/01/2020,12:54:06,80,75,250,81.25,250,0,4250
BAJFINANCE27FEB203800PE.NFO,07/01/2020,12:54:07,80,75,250,81.2,250,0,4250
BAJFINANCE27FEB203800PE.NFO,07/01/2020,12:54:08,80,75,250,81.1,250,0,4250
BAJFINANCE27FEB203800PE.NFO,07/01/2020,12:54:09,80,75,250,81.15,250,0,4250
BAJFINANCE27FEB203800PE.NFO,07/01/2020,12:54:10,80,75,250,81.1,250,0,4250
BAJFINANCE27FEB203800PE.NFO,07/01/2020,12:54:11,80,75,250,81.05,250,0,4250
BAJFINANCE27FEB203800PE.NFO,07/01/2020,12:54:13,80,75,250,81,250,0,4250
BAJFINANCE27FEB203800PE.NFO,07/01/2020,12:54:15,80,75,250,81.45,250,0,4250
BAJFINANCE27FEB203800PE.NFO,07/01/2020,12:54:17,80,75,250,81.2,250,0,4250
BAJFINANCE27FEB203800PE.NFO,07/01/2020,12:54:20,80,75,250,81.1,250,0,4250
BAJFINANCE27FEB203800PE.NFO,07/01/2020,12:54:23,80,75,250,81.3,250,0,4250
BAJFINANCE27FEB203800PE.NFO,07/01/2020,12:54:26,80,75,250,81.15,250,0,4250
BAJFINANCE27FEB203800PE.NFO,07/01/2020,12:54:30,80,75,250,81.25,250,0,4250
BAJFINANCE27FEB203800PE.NFO,07/01/2020,12:54:32,80,75,750,81.2,250,0,4250
BAJFINANCE27FEB203800PE.NFO,07/01/2020,12:54:35,80,75,250,81.35,250,0,4250
BAJFINANCE27FEB203800PE.NFO,07/01/2020,12:54:38,80,75,750,81.45,250,0,4250
BAJFINANCE27FEB203800PE.NFO,07/01/2020,12:54:40,80,75,250,81.4,250,0,4250
BAJFINANCE27FEB203800PE.NFO,07/01/2020,12:54:43,80,75,250,81.3,250,0,4250
BAJFINANCE27FEB203800PE.NFO,07/01/2020,12:54:45,80,75,250,81.25,250,0,4250
BAJFINANCE27FEB203800PE.NFO,07/01/2020,12:54:47,80,75,250,81.15,250,0,4250
BAJFINANCE27FEB203800PE.NFO,07/01/2020,12:54:52,80,75,250,81,250,0,4250
BAJFINANCE27FEB203800PE.NFO,07/01/2020,12:54:56,80,75,250,80.9,250,0,4250
BAJFINANCE27FEB203800PE.NFO,07/01/2020,12:54:59,80,75,250,80.85,250,0,4250
BAJFINANCE27FEB203800PE.NFO,07/01/2020,12:55:01,80,75,250,81.45,250,0,4250
BAJFINANCE27FEB203800PE.NFO,07/01/2020,12:55:03,80,75,250,81.2,250,0,4250
BAJFINANCE27FEB203800PE.NFO,07/01/2020,12:55:06,80,75,250,81,250,0,4250
BAJFINANCE27FEB203800PE.NFO,07/01/2020,12:55:09,80,75,250,80.95,250,0,4250
BAJFINANCE27FEB203800PE.NFO,07/01/2020,12:55:12,80,75,250,80.85,250,0,4250
BAJFINANCE27FEB203800PE.NFO,07/01/2020,12:55:16,80,75,250,80.8,250,0,4250
BAJFINANCE27FEB203800PE.NFO,07/01/2020,12:55:20,80,75,250,81.05,250,0,4250
BAJFINANCE27FEB203800PE.NFO,07/01/2020,12:55:25,80,75,250,81.2,250,0,4250
BAJFINANCE27FEB203800PE.NFO,07/01/2020,12:55:32,80,75,250,81.15,250,0,4250
BAJFINANCE27FEB203800PE.NFO,07/01/2020,12:55:35,80,75,250,81.1,250,0,4250
BAJFINANCE27FEB203800PE.NFO,07/01/2020,12:55:40,80,75,250,81.35,250,0,4250
BAJFINANCE27FEB203800PE.NFO,07/01/2020,12:55:42,80,75,250,81.2,250,0,4250
BAJFINANCE27FEB203800PE.NFO,07/01/2020,12:55:45,80,75,250,81.15,250,0,4250
BAJFINANCE27FEB203800PE.NFO,07/01/2020,12:55:48,80,75,250,81.05,250,0,4250
BAJFINANCE27FEB203800PE.NFO,07/01/2020,12:55:50,80,75,250,81.3,250,0,4250
BAJFINANCE27FEB203800PE.NFO,07/01/2020,12:55:52,80,75,250,81.25,250,0,4250
BAJFINANCE27FEB203800PE.NFO,07/01/2020,12:55:55,80,75,250,81.15,250,0,4250
BAJFINANCE27FEB203800PE.NFO,07/01/2020,12:55:58,80,75,250,81,250,0,4250
BAJFINANCE27FEB203800PE.NFO,07/01/2020,12:55:59,80,75,250,80.95,250,0,4250
BAJFINANCE27FEB203800PE.NFO,07/01/2020,12:56:04,80,75,250,81.55,250,0,4250
BAJFINANCE27FEB203800PE.NFO,07/01/2020,12:56:06,80,75,750,81.45,250,0,4250
BAJFINANCE27FEB203800PE.NFO,07/01/2020,12:56:08,80,75,250,81.3,250,0,4250
BAJFINANCE27FEB203800PE.NFO,07/01/2020,12:56:10,80,75,250,81.25,250,0,4250
BAJFINANCE27FEB203800PE.NFO,07/01/2020,12:56:12,80,75,250,81.2,250,0,4250
BAJFINANCE27FEB203800PE.NFO,07/01/2020,12:56:14,80,75,250,81.15,250,0,4250
BAJFINANCE27FEB203800PE.NFO,07/01/2020,12:56:16,80,75,750,81.1,250,0,4250
BAJFINANCE27FEB203800PE.NFO,07/01/2020,12:56:24,80,75,250,81.3,250,0,4250
BAJFINANCE27FEB203800PE.NFO,07/01/2020,12:56:28,80,75,250,81.2,250,0,4250
BAJFINANCE27FEB203800PE.NFO,07/01/2020,12:56:31,80,75,750,81.55,250,0,4250
BAJFINANCE27FEB203800PE.NFO,07/01/2020,12:56:34,80,75,750,81.4,250,0,4250
BAJFINANCE27FEB203800PE.NFO,07/01/2020,12:56:38,80,75,750,81.3,250,0,4250
BAJFINANCE27FEB203800PE.NFO,07/01/2020,12:56:41,80,75,750,81.25,250,0,4250
BAJFINANCE27FEB203800PE.NFO,07/01/2020,12:56:43,80,75,250,81.45,250,0,4250
BAJFINANCE27FEB203800PE.NFO,07/01/2020,12:56:45,80,75,250,81.35,250,0,4250
BAJFINANCE27FEB203800PE.NFO,07/01/2020,12:56:46,80,75,250,81.3,250,0,4250
BAJFINANCE27FEB203800PE.NFO,07/01/2020,12:56:52,80,75,250,81.55,250,0,4250
BAJFINANCE27FEB203800PE.NFO,07/01/2020,12:56:54,80,75,750,81.5,250,0,4250
BAJFINANCE27FEB203800PE.NFO,07/01/2020,12:56:56,80,75,750,81.45,250,0,4250
BAJFINANCE27FEB203800PE.NFO,07/01/2020,12:56:57,80,75,750,81.4,250,0,4250
BAJFINANCE27FEB203800PE.NFO,07/01/2020,12:56:59,80,75,250,81.6,250,0,4250
BAJFINANCE27FEB203800PE.NFO,07/01/2020,12:57:00,80,75,250,81.5,250,0,4250
BAJFINANCE27FEB203800PE.NFO,07/01/2020,12:57:02,80,75,1250,82.2,250,0,4250
BAJFINANCE27FEB203800PE.NFO,07/01/2020,12:57:04,80,75,1750,82.15,250,0,4250
BAJFINANCE27FEB203800PE.NFO,07/01/2020,12:57:06,80,75,1250,82.1,250,0,4250
BAJFINANCE27FEB203800PE.NFO,07/01/2020,12:57:08,80,75,1250,82.3,250,0,4250
BAJFINANCE27FEB203800PE.NFO,07/01/2020,12:57:10,80,75,1250,82.15,250,0,4250
BAJFINANCE27FEB203800PE.NFO,07/01/2020,12:57:12,80,75,1250,82.05,250,0,4250
BAJFINANCE27FEB203800PE.NFO,07/01/2020,12:57:14,80,75,1250,82,250,0,4250
BAJFINANCE27FEB203800PE.NFO,07/01/2020,12:57:16,80,75,1250,81.95,250,0,4250
BAJFINANCE27FEB203800PE.NFO,07/01/2020,12:57:18,80,75,1250,81.85,250,0,4250
BAJFINANCE27FEB203800PE.NFO,07/01/2020,12:57:21,80,75,1250,81.8,250,0,4250
BAJFINANCE27FEB203800PE.NFO,07/01/2020,12:57:24,80,75,1250,82,250,0,4250
BAJFINANCE27FEB203800PE.NFO,07/01/2020,12:57:28,80,75,1250,81.9,250,0,4250
BAJFINANCE27FEB203800PE.NFO,07/01/2020,12:57:31,80,75,1250,81.8,250,0,4250
BAJFINANCE27FEB203800PE.NFO,07/01/2020,12:57:33,80,75,1250,81.75,250,0,4250
BAJFINANCE27FEB203800PE.NFO,07/01/2020,12:57:37,80,75,1750,81.75,250,0,4250
BAJFINANCE27FEB203800PE.NFO,07/01/2020,12:57:41,80,75,1750,82.45,250,0,4250
BAJFINANCE27FEB203800PE.NFO,07/01/2020,12:57:46,80,75,1750,82.55,250,0,4250
BAJFINANCE27FEB203800PE.NFO,07/01/2020,12:57:51,80,75,1750,82.4,250,0,4250
BAJFINANCE27FEB203800PE.NFO,07/01/2020,12:57:55,80,75,1750,82.6,250,0,4250
BAJFINANCE27FEB203800PE.NFO,07/01/2020,12:57:58,80,75,1750,82.5,250,0,4250
BAJFINANCE27FEB203800PE.NFO,07/01/2020,12:58:02,80,75,2250,82.95,250,0,4250
BAJFINANCE27FEB203800PE.NFO,07/01/2020,12:58:06,80,75,2250,83.2,250,0,4250
BAJFINANCE27FEB203800PE.NFO,07/01/2020,12:58:12,80,75,2750,83.2,250,0,4250
BAJFINANCE27FEB203800PE.NFO,07/01/2020,12:58:24,80,75,2250,83.2,250,0,4250
BAJFINANCE27FEB203800PE.NFO,07/01/2020,12:58:28,80,75,2750,83.2,250,0,4250
BAJFINANCE27FEB203800PE.NFO,07/01/2020,12:58:32,80,75,2250,83.1,250,0,4250
BAJFINANCE27FEB203800PE.NFO,07/01/2020,12:58:35,80,75,2250,83,250,0,4250
BAJFINANCE27FEB203800PE.NFO,07/01/2020,12:58:38,80,75,2250,83.1,250,0,4250
BAJFINANCE27FEB203800PE.NFO,07/01/2020,12:58:41,80,75,2250,83,250,0,4250
BAJFINANCE27FEB203800PE.NFO,07/01/2020,12:58:45,80,75,2250,83.05,250,0,4250
BAJFINANCE27FEB203800PE.NFO,07/01/2020,12:58:48,80,75,2750,83,250,0,4250
BAJFINANCE27FEB203800PE.NFO,07/01/2020,12:58:52,80,75,2250,83.2,250,0,4250
BAJFINANCE27FEB203800PE.NFO,07/01/2020,12:58:54,80,75,2750,83.1,250,0,4250
BAJFINANCE27FEB203800PE.NFO,07/01/2020,12:58:57,80,75,2250,83.3,250,0,4250
BAJFINANCE27FEB203800PE.NFO,07/01/2020,12:59:00,80,75,2750,83.3,250,0,4250
BAJFINANCE27FEB203800PE.NFO,07/01/2020,12:59:07,80,75,3250,83.3,250,0,4250
BAJFINANCE27FEB203800PE.NFO,07/01/2020,12:59:10,80,75,2750,83.3,250,0,4250
BAJFINANCE27FEB203800PE.NFO,07/01/2020,12:59:42,80,75,3250,83.3,250,0,4250
BAJFINANCE27FEB203800PE.NFO,07/01/2020,12:59:47,80,78,250,83.3,250,0,4250
BAJFINANCE27FEB203800PE.NFO,07/01/2020,13:00:39,80,78,250,84.35,250,0,4250
BAJFINANCE27FEB203800PE.NFO,07/01/2020,13:00:44,80,78,750,84.6,250,0,4250
BAJFINANCE27FEB203800PE.NFO,07/01/2020,13:00:49,80,78,750,84.35,250,0,4250
BAJFINANCE27FEB203800PE.NFO,07/01/2020,13:00:54,80,78,750,84.45,250,0,4250
BAJFINANCE27FEB203800PE.NFO,07/01/2020,13:00:59,80,78,1250,84.65,250,0,4250
BAJFINANCE27FEB203800PE.NFO,07/01/2020,13:01:04,80,78,1250,84.95,250,0,4250
BAJFINANCE27FEB203800PE.NFO,07/01/2020,13:01:10,80,78,1250,85.25,250,0,4250
BAJFINANCE27FEB203800PE.NFO,07/01/2020,13:01:16,80,78,1250,85.1,250,0,4250
BAJFINANCE27FEB203800PE.NFO,07/01/2020,13:01:21,80,78,1750,84.95,250,0,4250
BAJFINANCE27FEB203800PE.NFO,07/01/2020,13:01:27,80,78,1750,85.15,250,0,4250
BAJFINANCE27FEB203800PE.NFO,07/01/2020,13:01:33,80,78,1750,85.3,250,0,4250
BAJFINANCE27FEB203800PE.NFO,07/01/2020,13:01:39,80,80,250,85.3,250,0,4250
BAJFINANCE27FEB203800PE.NFO,07/01/2020,13:01:45,80,80,250,85.35,250,0,4250
BAJFINANCE27FEB203800PE.NFO,07/01/2020,13:01:55,80,80,250,85.3,250,0,4250
BAJFINANCE27FEB203800PE.NFO,07/01/2020,13:02:00,80,80,250,85.15,250,0,4250
BAJFINANCE27FEB203800PE.NFO,07/01/2020,13:02:06,80,80,250,85.25,250,0,4250
BAJFINANCE27FEB203800PE.NFO,07/01/2020,13:02:11,80,80,250,85.15,250,0,4250
BAJFINANCE27FEB203800PE.NFO,07/01/2020,13:02:16,80,80,250,85.1,250,0,4250
BAJFINANCE27FEB203800PE.NFO,07/01/2020,13:02:20,80,80,250,85.2,250,0,4250
BAJFINANCE27FEB203800PE.NFO,07/01/2020,13:02:24,80,80,250,85.3,250,0,4250
BAJFINANCE27FEB203800PE.NFO,07/01/2020,13:02:42,80,80,250,85.25,250,0,4250
BAJFINANCE27FEB203800PE.NFO,07/01/2020,13:02:45,80,80,250,85.3,250,0,4250
BAJFINANCE27FEB203800PE.NFO,07/01/2020,13:02:48,80,80,250,85.25,250,0,4250
BAJFINANCE27FEB203800PE.NFO,07/01/2020,13:03:00,80,80,250,85.3,250,0,4250
BAJFINANCE27FEB203800PE.NFO,07/01/2020,13:03:03,80,80,250,85.25,250,0,4250
BAJFINANCE27FEB203800PE.NFO,07/01/2020,13:03:14,80,80,250,85.2,250,0,4250
BAJFINANCE27FEB203800PE.NFO,07/01/2020,13:03:18,80,80,250,85.05,250,0,4250
BAJFINANCE27FEB203800PE.NFO,07/01/2020,13:03:23,80,80,250,84.9,250,0,4250
BAJFINANCE27FEB203800PE.NFO,07/01/2020,13:03:27,80,80,250,84.75,250,0,4250
BAJFINANCE27FEB203800PE.NFO,07/01/2020,13:03:30,80,80,250,84.65,250,0,4250
BAJFINANCE27FEB203800PE.NFO,07/01/2020,13:03:33,80,80,250,84.55,250,0,4250
BAJFINANCE27FEB203800PE.NFO,07/01/2020,13:03:37,80,80,250,84.75,250,0,4250
BAJFINANCE27FEB203800PE.NFO,07/01/2020,13:03:40,80,80,250,84.8,250,0,4250
BAJFINANCE27FEB203800PE.NFO,07/01/2020,13:03:42,80,80,250,84.7,250,0,4250
BAJFINANCE27FEB203800PE.NFO,07/01/2020,13:03:45,80,80,250,84.65,250,0,4250
BAJFINANCE27FEB203800PE.NFO,07/01/2020,13:03:49,80,80,250,84.75,250,0,4250
BAJFINANCE27FEB203800PE.NFO,07/01/2020,13:03:52,80,80,250,84.65,250,0,4250
BAJFINANCE27FEB203800PE.NFO,07/01/2020,13:04:22,80,80,250,84.4,250,0,4250
BAJFINANCE27FEB203800PE.NFO,07/01/2020,13:04:25,80,80,250,84.5,250,0,4250
BAJFINANCE27FEB203800PE.NFO,07/01/2020,13:04:28,80,80,250,84.55,250,0,4250
BAJFINANCE27FEB203800PE.NFO,07/01/2020,13:04:44,80,80,250,85.5,250,0,4250
BAJFINANCE27FEB203800PE.NFO,07/01/2020,13:04:57,80,80,250,85.9,250,0,4250
BAJFINANCE27FEB203800PE.NFO,07/01/2020,13:05:02,80,80,1250,85.9,250,0,4250
BAJFINANCE27FEB203800PE.NFO,07/01/2020,13:05:09,80,80,250,86.9,250,0,4250
BAJFINANCE27FEB203800PE.NFO,07/01/2020,13:05:28,80,80,1250,86.9,250,0,4250
BAJFINANCE27FEB203800PE.NFO,07/01/2020,13:05:33,80,80,250,86.9,250,0,4250
BAJFINANCE27FEB203800PE.NFO,07/01/2020,13:05:49,80,80,250,86,250,0,4250
BAJFINANCE27FEB203800PE.NFO,07/01/2020,13:06:05,80,80,250,85.4,250,0,4250
BAJFINANCE27FEB203800PE.NFO,07/01/2020,13:06:10,80,80,250,85.8,250,0,4250
BAJFINANCE27FEB203800PE.NFO,07/01/2020,13:06:20,80,80,750,85.8,250,0,4250
BAJFINANCE27FEB203800PE.NFO,07/01/2020,13:06:25,80,80,250,85.8,250,0,4250
BAJFINANCE27FEB203800PE.NFO,07/01/2020,13:06:34,80,80,750,85.8,250,0,4250
BAJFINANCE27FEB203800PE.NFO,07/01/2020,13:06:39,80,80,1250,85.8,250,0,4250
BAJFINANCE27FEB203800PE.NFO,07/01/2020,13:06:43,80,80,250,85.8,250,0,4250
BAJFINANCE27FEB203800PE.NFO,07/01/2020,13:06:48,80,80,750,85.8,250,0,4250
BAJFINANCE27FEB203800PE.NFO,07/01/2020,13:07:03,80,80,250,85.8,250,0,4250
BAJFINANCE27FEB203800PE.NFO,07/01/2020,13:07:13,80,80,250,86.5,250,0,4250
BAJFINANCE27FEB203800PE.NFO,07/01/2020,13:07:18,80,80,250,85.2,250,0,4250
BAJFINANCE27FEB203800PE.NFO,07/01/2020,13:07:22,80,80,250,85,250,0,4250
BAJFINANCE27FEB203800PE.NFO,07/01/2020,13:07:26,80,80,250,85.05,250,0,4250
BAJFINANCE27FEB203800PE.NFO,07/01/2020,13:07:31,80,80,250,85,250,0,4250
BAJFINANCE27FEB203800PE.NFO,07/01/2020,13:07:35,80,80,250,84.8,250,0,4250
BAJFINANCE27FEB203800PE.NFO,07/01/2020,13:07:38,80,80,250,85.8,250,0,4250
BAJFINANCE27FEB203800PE.NFO,07/01/2020,13:07:50,80,80,250,86.3,250,0,4250
BAJFINANCE27FEB203800PE.NFO,07/01/2020,13:08:07,80,80,250,85.95,250,0,4250
BAJFINANCE27FEB203800PE.NFO,07/01/2020,13:08:12,80,80,250,86.45,250,0,4250
BAJFINANCE27FEB203800PE.NFO,07/01/2020,13:08:40,80,80,750,86.45,250,0,4250
BAJFINANCE27FEB203800PE.NFO,07/01/2020,13:08:52,80,80,250,86.05,250,0,4250
BAJFINANCE27FEB203800PE.NFO,07/01/2020,13:08:57,80,80,750,86.05,250,0,4250
BAJFINANCE27FEB203800PE.NFO,07/01/2020,13:09:02,80,80,250,86.05,250,0,4250
BAJFINANCE27FEB203800PE.NFO,07/01/2020,13:09:08,80,80,750,86.05,250,0,4250
BAJFINANCE27FEB203800PE.NFO,07/01/2020,13:09:21,80,80,750,87.4,250,0,4250
BAJFINANCE27FEB203800PE.NFO,07/01/2020,13:09:39,80,80,750,87.35,250,0,4250
BAJFINANCE27FEB203800PE.NFO,07/01/2020,13:10:24,80,80,750,87.55,250,0,4250
BAJFINANCE27FEB203800PE.NFO,07/01/2020,13:10:28,80,80,750,87.4,250,0,4250
BAJFINANCE27FEB203800PE.NFO,07/01/2020,13:10:33,80,80,750,87.3,250,0,4250
BAJFINANCE27FEB203800PE.NFO,07/01/2020,13:10:38,80,80,750,87.7,250,0,4250
BAJFINANCE27FEB203800PE.NFO,07/01/2020,13:10:42,80,80,1750,87.55,250,0,4250
BAJFINANCE27FEB203800PE.NFO,07/01/2020,13:10:46,80,80,750,87.7,250,0,4250
BAJFINANCE27FEB203800PE.NFO,07/01/2020,13:10:50,80,80,1750,87.6,250,0,4250
BAJFINANCE27FEB203800PE.NFO,07/01/2020,13:10:55,80,80,750,87.5,250,0,4250
BAJFINANCE27FEB203800PE.NFO,07/01/2020,13:10:59,80,80,750,87.55,250,0,4250
BAJFINANCE27FEB203800PE.NFO,07/01/2020,13:11:04,80,80,1750,87.5,250,0,4250
BAJFINANCE27FEB203800PE.NFO,07/01/2020,13:11:08,80,80,750,87.75,250,0,4250
BAJFINANCE27FEB203800PE.NFO,07/01/2020,13:11:13,80,80,750,87.4,250,0,4250
BAJFINANCE27FEB203800PE.NFO,07/01/2020,13:11:17,80,80,750,87.35,250,0,4250
BAJFINANCE27FEB203800PE.NFO,07/01/2020,13:11:22,80,80,750,87.6,250,0,4250
BAJFINANCE27FEB203800PE.NFO,07/01/2020,13:11:27,80,80,750,87.5,250,0,4250
BAJFINANCE27FEB203800PE.NFO,07/01/2020,13:11:31,80,80,750,87.65,250,0,4250
BAJFINANCE27FEB203800PE.NFO,07/01/2020,13:11:36,80,80,750,87.4,250,0,4250
BAJFINANCE27FEB203800PE.NFO,07/01/2020,13:11:40,80,80,750,87.5,250,0,4250
BAJFINANCE27FEB203800PE.NFO,07/01/2020,13:11:44,80,80,750,87.45,250,0,4250
BAJFINANCE27FEB203800PE.NFO,07/01/2020,13:11:53,80,80,750,87.4,250,0,4250
BAJFINANCE27FEB203800PE.NFO,07/01/2020,13:12:03,80,80,750,86.75,250,0,4250
BAJFINANCE27FEB203800PE.NFO,07/01/2020,13:12:15,80,80,750,86.8,250,0,4250
BAJFINANCE27FEB203800PE.NFO,07/01/2020,13:12:33,80,80,1000,86.8,250,0,4250
BAJFINANCE27FEB203800PE.NFO,07/01/2020,13:13:26,80,80,1000,86.85,250,0,4250
BAJFINANCE27FEB203800PE.NFO,07/01/2020,13:13:31,80,80,1000,87.1,250,0,4250
BAJFINANCE27FEB203800PE.NFO,07/01/2020,13:13:35,87.1,80,1000,87.25,250,250,4500
BAJFINANCE27FEB203800PE.NFO,07/01/2020,13:13:35,87.1,80,1000,87.25,250,0,4500
BAJFINANCE27FEB203800PE.NFO,07/01/2020,13:13:39,87.1,80,750,87.15,250,0,4500
BAJFINANCE27FEB203800PE.NFO,07/01/2020,13:13:43,87.1,80,750,87.3,250,0,4500
BAJFINANCE27FEB203800PE.NFO,07/01/2020,13:13:47,87.1,80,750,87.2,250,0,4500
BAJFINANCE27FEB203800PE.NFO,07/01/2020,13:13:52,87.1,80,750,87.15,250,0,4500
BAJFINANCE27FEB203800PE.NFO,07/01/2020,13:13:58,87.1,80,3250,88.2,250,0,4500
BAJFINANCE27FEB203800PE.NFO,07/01/2020,13:14:03,87.1,80,3250,88.5,250,0,4500
BAJFINANCE27FEB203800PE.NFO,07/01/2020,13:14:08,87.1,80,2250,88.4,250,0,4500
BAJFINANCE27FEB203800PE.NFO,07/01/2020,13:14:13,87.1,80,2000,88.5,250,0,4500
BAJFINANCE27FEB203800PE.NFO,07/01/2020,13:14:17,87.1,80,1500,88.35,250,0,4500
BAJFINANCE27FEB203800PE.NFO,07/01/2020,13:14:20,87.1,80,2500,88.3,250,0,4500
BAJFINANCE27FEB203800PE.NFO,07/01/2020,13:14:24,87.1,80,2500,88.2,250,0,4500
BAJFINANCE27FEB203800PE.NFO,07/01/2020,13:14:28,87.1,80,2500,88.1,250,0,4500
BAJFINANCE27FEB203800PE.NFO,07/01/2020,13:14:32,87.1,80,1500,88.05,250,0,4500
BAJFINANCE27FEB203800PE.NFO,07/01/2020,13:14:35,87.1,80,1000,87.95,250,0,4500
BAJFINANCE27FEB203800PE.NFO,07/01/2020,13:14:39,87.1,80,500,87.8,250,0,4500
BAJFINANCE27FEB203800PE.NFO,07/01/2020,13:14:42,87.1,80,500,87.7,250,0,4500
BAJFINANCE27FEB203800PE.NFO,07/01/2020,13:14:45,87.1,80,500,87.55,250,0,4500
BAJFINANCE27FEB203800PE.NFO,07/01/2020,13:14:48,87.1,80,500,88.3,250,0,4500
BAJFINANCE27FEB203800PE.NFO,07/01/2020,13:14:51,87.1,80,500,87.85,250,0,4500
BAJFINANCE27FEB203800PE.NFO,07/01/2020,13:14:55,87.1,80,1000,87.7,250,0,4500
BAJFINANCE27FEB203800PE.NFO,07/01/2020,13:14:59,87.1,80,500,87.45,250,0,4500
BAJFINANCE27FEB203800PE.NFO,07/01/2020,13:15:04,87.1,80,1000,87.35,250,0,4500
BAJFINANCE27FEB203800PE.NFO,07/01/2020,13:15:12,87.1,80,1000,88,250,0,4500
BAJFINANCE27FEB203800PE.NFO,07/01/2020,13:15:19,87.1,80,500,87.65,250,0,4500
BAJFINANCE27FEB203800PE.NFO,07/01/2020,13:15:27,87.1,80,500,87.4,250,0,4500
BAJFINANCE27FEB203800PE.NFO,07/01/2020,13:15:33,87.1,80,1500,87.75,250,0,4500
BAJFINANCE27FEB203800PE.NFO,07/01/2020,13:15:39,87.1,80,1000,87.55,250,0,4500
BAJFINANCE27FEB203800PE.NFO,07/01/2020,13:15:45,87.1,80,1000,87.75,250,0,4500
BAJFINANCE27FEB203800PE.NFO,07/01/2020,13:15:51,87.1,80,2000,87.95,250,0,4500
BAJFINANCE27FEB203800PE.NFO,07/01/2020,13:15:57,87.1,80,1000,87.65,250,0,4500
BAJFINANCE27FEB203800PE.NFO,07/01/2020,13:16:01,87.1,80,1000,87.5,250,0,4500
BAJFINANCE27FEB203800PE.NFO,07/01/2020,13:16:07,87.1,80,1000,87.55,250,0,4500
BAJFINANCE27FEB203800PE.NFO,07/01/2020,13:16:12,87.1,80,1000,87.8,250,0,4500
BAJFINANCE27FEB203800PE.NFO,07/01/2020,13:16:33,87.1,80,2000,87.35,250,0,4500
BAJFINANCE27FEB203800PE.NFO,07/01/2020,13:16:37,87.1,80,2000,87.6,250,0,4500
BAJFINANCE27FEB203800PE.NFO,07/01/2020,13:16:42,87.1,80,2500,89.2,250,0,4500
BAJFINANCE27FEB203800PE.NFO,07/01/2020,13:16:47,87.1,80,1000,88.5,250,0,4500
BAJFINANCE27FEB203800PE.NFO,07/01/2020,13:16:53,87.1,80,1000,89.25,250,0,4500
BAJFINANCE27FEB203800PE.NFO,07/01/2020,13:16:57,87.1,80,1000,88.85,250,0,4500
BAJFINANCE27FEB203800PE.NFO,07/01/2020,13:17:02,87.1,80,1500,88.9,250,0,4500
BAJFINANCE27FEB203800PE.NFO,07/01/2020,13:17:06,87.1,80,1500,88.75,250,0,4500
BAJFINANCE27FEB203800PE.NFO,07/01/2020,13:17:13,87.1,80,2000,89.25,250,0,4500
BAJFINANCE27FEB203800PE.NFO,07/01/2020,13:17:15,87.1,80,1500,88.95,250,0,4500
BAJFINANCE27FEB203800PE.NFO,07/01/2020,13:17:19,87.1,80,1500,88.8,250,0,4500
BAJFINANCE27FEB203800PE.NFO,07/01/2020,13:17:23,87.1,80,1500,88.95,250,0,4500
BAJFINANCE27FEB203800PE.NFO,07/01/2020,13:17:29,87.1,80,2000,89.4,250,0,4500
BAJFINANCE27FEB203800PE.NFO,07/01/2020,13:17:36,87.1,80,2000,89.35,250,0,4500
BAJFINANCE27FEB203800PE.NFO,07/01/2020,13:17:41,87.1,80,2500,89.8,250,0,4500
BAJFINANCE27FEB203800PE.NFO,07/01/2020,13:17:46,87.1,80,2500,89.85,250,0,4500
BAJFINANCE27FEB203800PE.NFO,07/01/2020,13:17:52,87.1,80,2500,89.45,250,0,4500
BAJFINANCE27FEB203800PE.NFO,07/01/2020,13:17:57,87.1,80,2500,89.5,250,0,4500
BAJFINANCE27FEB203800PE.NFO,07/01/2020,13:18:02,87.1,80,3500,89.85,250,0,4500
BAJFINANCE27FEB203800PE.NFO,07/01/2020,13:18:07,87.1,80,3500,89.8,250,0,4500
BAJFINANCE27FEB203800PE.NFO,07/01/2020,13:18:11,87.1,80,3500,89.55,250,0,4500
BAJFINANCE27FEB203800PE.NFO,07/01/2020,13:18:16,87.1,80,2500,89.6,250,0,4500
BAJFINANCE27FEB203800PE.NFO,07/01/2020,13:18:21,87.1,80,3500,89.6,250,0,4500
BAJFINANCE27FEB203800PE.NFO,07/01/2020,13:18:26,87.1,80,3500,89.4,250,0,4500
BAJFINANCE27FEB203800PE.NFO,07/01/2020,13:18:32,87.1,80,2500,89.55,250,0,4500
BAJFINANCE27FEB203800PE.NFO,07/01/2020,13:18:37,87.1,80,1500,89.25,250,0,4500
BAJFINANCE27FEB203800PE.NFO,07/01/2020,13:18:42,87.1,80,1500,89.35,250,0,4500
BAJFINANCE27FEB203800PE.NFO,07/01/2020,13:18:47,87.1,80,1500,88.7,250,0,4500
BAJFINANCE27FEB203800PE.NFO,07/01/2020,13:18:51,87.1,80,1000,88.65,250,0,4500
BAJFINANCE27FEB203800PE.NFO,07/01/2020,13:18:58,87.1,80,1000,87.65,250,0,4500
BAJFINANCE27FEB203800PE.NFO,07/01/2020,13:19:03,87.1,80,500,87.1,250,0,4500
BAJFINANCE27FEB203800PE.NFO,07/01/2020,13:19:09,87.1,80,500,87.45,250,0,4500
BAJFINANCE27FEB203800PE.NFO,07/01/2020,13:19:14,87.1,80,500,87.2,250,0,4500
BAJFINANCE27FEB203800PE.NFO,07/01/2020,13:19:18,87.1,80,500,87.25,250,0,4500
BAJFINANCE27FEB203800PE.NFO,07/01/2020,13:19:23,87.1,80,1000,87.55,250,0,4500
BAJFINANCE27FEB203800PE.NFO,07/01/2020,13:19:27,87.1,80,500,87.25,250,0,4500
BAJFINANCE27FEB203800PE.NFO,07/01/2020,13:19:31,87.1,80,1000,88.25,250,0,4500
BAJFINANCE27FEB203800PE.NFO,07/01/2020,13:19:35,87.1,80,1500,88.25,250,0,4500
BAJFINANCE27FEB203800PE.NFO,07/01/2020,13:19:54,87.1,80,2000,88.25,250,0,4500
BAJFINANCE27FEB203800PE.NFO,07/01/2020,13:19:58,87.1,80,1500,88.25,250,0,4500
BAJFINANCE27FEB203800PE.NFO,07/01/2020,13:20:10,87.1,80,1000,88.25,250,0,4500
BAJFINANCE27FEB203800PE.NFO,07/01/2020,13:20:15,87.1,80,1000,87.85,250,0,4500
BAJFINANCE27FEB203800PE.NFO,07/01/2020,13:20:20,87.1,80,1000,87.35,250,0,4500
BAJFINANCE27FEB203800PE.NFO,07/01/2020,13:20:24,87.1,80,1000,87.75,250,0,4500
BAJFINANCE27FEB203800PE.NFO,07/01/2020,13:20:28,87.1,80,500,87.6,250,0,4500
BAJFINANCE27FEB203800PE.NFO,07/01/2020,13:20:32,87.1,80,1000,87.65,250,0,4500
BAJFINANCE27FEB203800PE.NFO,07/01/2020,13:20:43,87.1,80,1000,87.55,250,0,4500
BAJFINANCE27FEB203800PE.NFO,07/01/2020,13:20:47,87.1,80,1000,87.75,250,0,4500
BAJFINANCE27FEB203800PE.NFO,07/01/2020,13:20:50,87.1,80,500,87.55,250,0,4500
BAJFINANCE27FEB203800PE.NFO,07/01/2020,13:20:53,87.1,80,500,87.45,250,0,4500
BAJFINANCE27FEB203800PE.NFO,07/01/2020,13:20:56,87.1,80,1000,87.4,250,0,4500
BAJFINANCE27FEB203800PE.NFO,07/01/2020,13:20:59,87.1,80,1000,87.55,250,0,4500
BAJFINANCE27FEB203800PE.NFO,07/01/2020,13:21:04,87.1,80,500,87.95,250,0,4500
BAJFINANCE27FEB203800PE.NFO,07/01/2020,13:21:11,87.1,80,1000,88.15,250,0,4500
BAJFINANCE27FEB203800PE.NFO,07/01/2020,13:21:12,87.1,80,500,87.7,250,0,4500
BAJFINANCE27FEB203800PE.NFO,07/01/2020,13:21:13,87.1,80,1000,87.7,250,0,4500
BAJFINANCE27FEB203800PE.NFO,07/01/2020,13:21:14,87.1,80,1000,87.6,250,0,4500
BAJFINANCE27FEB203800PE.NFO,07/01/2020,13:21:15,87.1,80,1000,87.75,250,0,4500
BAJFINANCE27FEB203800PE.NFO,07/01/2020,13:21:17,87.1,80,1500,87.75,250,0,4500
BAJFINANCE27FEB203800PE.NFO,07/01/2020,13:21:18,87.1,80,1000,87.75,250,0,4500
BAJFINANCE27FEB203800PE.NFO,07/01/2020,13:21:22,87.1,80,1000,87.7,250,0,4500
BAJFINANCE27FEB203800PE.NFO,07/01/2020,13:21:23,87.1,80,1000,87.65,250,0,4500
BAJFINANCE27FEB203800PE.NFO,07/01/2020,13:21:26,87.1,80,1000,88.15,250,0,4500
BAJFINANCE27FEB203800PE.NFO,07/01/2020,13:21:33,87.1,80,1000,87.7,250,0,4500
BAJFINANCE27FEB203800PE.NFO,07/01/2020,13:21:34,87.1,80,1000,87.65,250,0,4500
BAJFINANCE27FEB203800PE.NFO,07/01/2020,13:21:41,87.1,80,1000,88,250,0,4500
BAJFINANCE27FEB203800PE.NFO,07/01/2020,13:21:41,87.1,80,1500,88,250,0,4500
BAJFINANCE27FEB203800PE.NFO,07/01/2020,13:21:43,87.1,80,1000,88,250,0,4500
BAJFINANCE27FEB203800PE.NFO,07/01/2020,13:21:51,87.1,80,1500,88,250,0,4500
BAJFINANCE27FEB203800PE.NFO,07/01/2020,13:21:54,87.1,80,1000,88,250,0,4500
BAJFINANCE27FEB203800PE.NFO,07/01/2020,13:21:58,87.1,80,1500,88,250,0,4500
BAJFINANCE27FEB203800PE.NFO,07/01/2020,13:22:00,87.1,80,1000,88,250,0,4500
BAJFINANCE27FEB203800PE.NFO,07/01/2020,13:22:01,87.1,80,1500,88,250,0,4500
BAJFINANCE27FEB203800PE.NFO,07/01/2020,13:22:02,87.1,80,1000,88,250,0,4500
