Ticker,Date,Time,LTP,BuyPrice,BuyQty,SellPrice,SellQty,LTQ,OpenInterest
BALKRISIND27FEB20940PE.NFO,07/01/2020,10:29:24,32.5,32,800,36.7,11200,800,2400
BALKRISIND27FEB20940PE.NFO,07/01/2020,10:29:24,32.5,32,800,36.7,11200,0,2400
BALKRISIND27FEB20940PE.NFO,07/01/2020,10:29:24,32.5,32,800,36.7,11200,0,2400
BALKRISIND27FEB20940PE.NFO,07/01/2020,10:29:24,32.5,32,800,36.7,11200,0,2400
BALKRISIND27FEB20940PE.NFO,07/01/2020,10:29:28,32.5,32,800,36.7,11200,0,2400
BALKRISIND27FEB20940PE.NFO,07/01/2020,10:29:36,32.5,32,18400,36.7,11200,0,2400
BALKRISIND27FEB20940PE.NFO,07/01/2020,10:29:40,32.5,32.25,18400,36.7,11200,0,2400
BALKRISIND27FEB20940PE.NFO,07/01/2020,10:29:43,32.5,32.5,13600,36.7,6400,4800,3200
BALKRISIND27FEB20940PE.NFO,07/01/2020,10:29:47,32.5,32.5,13600,36.7,6400,0,3200
BALKRISIND27FEB20940PE.NFO,07/01/2020,10:29:50,32.5,32.5,12000,36.7,6400,1600,3200
BALKRISIND27FEB20940PE.NFO,07/01/2020,10:29:53,32.5,32.5,12000,36.7,6400,0,3200
BALKRISIND27FEB20940PE.NFO,07/01/2020,10:29:55,32.5,32.5,12000,36.7,8000,0,3200
BALKRISIND27FEB20940PE.NFO,07/01/2020,10:30:08,32.5,28.6,6400,36.7,8000,0,3200
BALKRISIND27FEB20940PE.NFO,07/01/2020,10:30:14,32.5,28.6,6400,36.7,6400,0,3200
BALKRISIND27FEB20940PE.NFO,07/01/2020,10:30:19,32.5,28.6,6400,36.7,8000,0,3200
BALKRISIND27FEB20940PE.NFO,07/01/2020,10:30:25,32.5,28.6,8000,36.7,8000,0,3200
BALKRISIND27FEB20940PE.NFO,07/01/2020,10:30:30,32.5,28.6,9600,36.7,9600,0,3200
BALKRISIND27FEB20940PE.NFO,07/01/2020,10:30:49,32.5,28.6,6400,36.7,8000,0,3200
BALKRISIND27FEB20940PE.NFO,07/01/2020,10:31:06,32.5,28.6,4800,36.7,6400,0,3200
BALKRISIND27FEB20940PE.NFO,07/01/2020,10:31:09,32.5,28.6,4800,36.7,3200,0,3200
BALKRISIND27FEB20940PE.NFO,07/01/2020,10:31:12,32.5,28.6,4800,36.7,1600,0,3200
BALKRISIND27FEB20940PE.NFO,07/01/2020,10:31:15,32.5,28.6,4800,39.25,4800,0,3200
BALKRISIND27FEB20940PE.NFO,07/01/2020,10:31:24,32.5,28.6,4800,39.25,6400,0,3200
BALKRISIND27FEB20940PE.NFO,07/01/2020,10:31:36,32.5,28.6,9600,39.25,6400,0,3200
BALKRISIND27FEB20940PE.NFO,07/01/2020,10:31:55,32.5,28.6,4800,39.25,6400,0,3200
BALKRISIND27FEB20940PE.NFO,07/01/2020,10:31:59,32.5,28.95,8000,39.25,6400,0,3200
BALKRISIND27FEB20940PE.NFO,07/01/2020,10:32:11,32.5,28.95,11200,39.25,8000,0,3200
BALKRISIND27FEB20940PE.NFO,07/01/2020,10:32:21,32.5,28.95,9600,39.25,8000,0,3200
BALKRISIND27FEB20940PE.NFO,07/01/2020,10:32:25,32.5,29.4,4800,39.2,8000,0,3200
BALKRISIND27FEB20940PE.NFO,07/01/2020,10:32:30,32.5,29.4,4800,39.2,9600,0,3200
BALKRISIND27FEB20940PE.NFO,07/01/2020,10:32:34,32.5,29.4,6400,39.2,9600,0,3200
BALKRISIND27FEB20940PE.NFO,07/01/2020,10:32:38,32.5,29.4,4800,39.2,9600,0,3200
BALKRISIND27FEB20940PE.NFO,07/01/2020,10:32:41,32.5,29.4,6400,39.2,9600,0,3200
BALKRISIND27FEB20940PE.NFO,07/01/2020,10:33:03,32.5,29.4,4800,39.2,9600,0,3200
BALKRISIND27FEB20940PE.NFO,07/01/2020,10:33:09,32.5,29.4,6400,39.2,9600,0,3200
BALKRISIND27FEB20940PE.NFO,07/01/2020,10:38:21,32.5,29.4,6400,39.2,11200,0,3200
BALKRISIND27FEB20940PE.NFO,07/01/2020,10:41:05,32.5,30,4800,39.2,11200,0,3200
BALKRISIND27FEB20940PE.NFO,07/01/2020,10:42:13,32.5,29.55,6400,39.2,11200,0,3200
BALKRISIND27FEB20940PE.NFO,07/01/2020,10:42:44,32.5,29.55,1600,39.2,11200,0,3200
BALKRISIND27FEB20940PE.NFO,07/01/2020,10:42:49,32.5,29.55,6400,39.2,11200,0,3200
BALKRISIND27FEB20940PE.NFO,07/01/2020,10:43:05,32.5,29.55,4800,39.2,11200,0,3200
BALKRISIND27FEB20940PE.NFO,07/01/2020,10:43:15,32.5,29.55,6400,39.2,11200,0,3200
BALKRISIND27FEB20940PE.NFO,07/01/2020,10:43:21,32.5,29.55,4800,39.2,11200,0,3200
BALKRISIND27FEB20940PE.NFO,07/01/2020,10:43:27,32.5,29.55,6400,39.2,11200,0,3200
BALKRISIND27FEB20940PE.NFO,07/01/2020,10:43:52,32.5,29.55,4800,39.2,11200,0,3200
BALKRISIND27FEB20940PE.NFO,07/01/2020,10:44:21,32.5,29.55,6400,39.2,11200,0,3200
BALKRISIND27FEB20940PE.NFO,07/01/2020,10:45:08,32.5,29.8,4800,39.2,11200,0,3200
BALKRISIND27FEB20940PE.NFO,07/01/2020,10:45:12,32.5,29.8,1600,39.2,9600,0,3200
BALKRISIND27FEB20940PE.NFO,07/01/2020,10:45:20,32.5,29.8,3200,39.2,11200,0,3200
BALKRISIND27FEB20940PE.NFO,07/01/2020,10:45:24,32.5,29.8,6400,39.2,11200,0,3200
BALKRISIND27FEB20940PE.NFO,07/01/2020,10:45:27,32.5,29.8,1600,39.2,11200,0,3200
BALKRISIND27FEB20940PE.NFO,07/01/2020,10:45:30,32.5,29.8,6400,39.2,11200,0,3200
BALKRISIND27FEB20940PE.NFO,07/01/2020,10:45:39,32.5,29.8,4800,39.2,11200,0,3200
BALKRISIND27FEB20940PE.NFO,07/01/2020,10:45:45,32.5,29.8,3200,39.2,11200,0,3200
BALKRISIND27FEB20940PE.NFO,07/01/2020,10:45:48,32.5,29.8,6400,39.2,11200,0,3200
BALKRISIND27FEB20940PE.NFO,07/01/2020,10:48:15,32.5,30.25,4800,39.2,11200,0,3200
BALKRISIND27FEB20940PE.NFO,07/01/2020,10:48:23,32.5,30.25,9600,39.2,11200,0,3200
BALKRISIND27FEB20940PE.NFO,07/01/2020,10:48:27,32.5,30.4,4800,39.2,11200,0,3200
BALKRISIND27FEB20940PE.NFO,07/01/2020,10:48:48,32.5,30.45,4800,39.2,11200,0,3200
BALKRISIND27FEB20940PE.NFO,07/01/2020,10:48:52,32.5,30.5,4800,39.2,11200,0,3200
BALKRISIND27FEB20940PE.NFO,07/01/2020,10:49:41,32.5,30.55,4800,39.2,11200,0,3200
BALKRISIND27FEB20940PE.NFO,07/01/2020,10:49:44,32.5,30.55,8000,39.2,11200,0,3200
BALKRISIND27FEB20940PE.NFO,07/01/2020,10:49:57,32.5,30.8,4800,39.2,11200,0,3200
BALKRISIND27FEB20940PE.NFO,07/01/2020,10:50:10,32.5,30.8,6400,39.2,11200,0,3200
BALKRISIND27FEB20940PE.NFO,07/01/2020,10:50:15,32.5,30.8,1600,39.2,11200,0,3200
BALKRISIND27FEB20940PE.NFO,07/01/2020,10:50:21,32.5,30.8,4800,39.2,11200,0,3200
BALKRISIND27FEB20940PE.NFO,07/01/2020,10:50:25,32.5,30.8,6400,39.2,11200,0,3200
BALKRISIND27FEB20940PE.NFO,07/01/2020,10:51:17,32.5,30.95,4800,39.2,11200,0,3200
BALKRISIND27FEB20940PE.NFO,07/01/2020,10:51:25,32.5,30.95,6400,39.2,11200,0,3200
BALKRISIND27FEB20940PE.NFO,07/01/2020,10:51:28,32.5,30.95,8000,39.2,11200,0,3200
BALKRISIND27FEB20940PE.NFO,07/01/2020,10:51:56,32.5,30.95,9600,39.2,11200,0,3200
BALKRISIND27FEB20940PE.NFO,07/01/2020,10:52:26,32.5,30.95,6400,39.2,11200,0,3200
BALKRISIND27FEB20940PE.NFO,07/01/2020,10:53:03,32.5,31.05,9600,39.2,8000,0,3200
BALKRISIND27FEB20940PE.NFO,07/01/2020,10:53:15,32.5,31.1,9600,39.2,8000,0,3200
BALKRISIND27FEB20940PE.NFO,07/01/2020,10:53:20,32.5,31.1,6400,39.2,8000,0,3200
BALKRISIND27FEB20940PE.NFO,07/01/2020,10:53:30,32.5,31.3,6400,39.2,4800,0,3200
BALKRISIND27FEB20940PE.NFO,07/01/2020,10:53:36,32.5,31.3,6400,39.2,6400,0,3200
BALKRISIND27FEB20940PE.NFO,07/01/2020,10:53:46,32.5,31.5,6400,39.2,4800,0,3200
BALKRISIND27FEB20940PE.NFO,07/01/2020,10:54:03,32.5,31.7,9600,39.2,4800,0,3200
BALKRISIND27FEB20940PE.NFO,07/01/2020,10:54:08,32.5,31.75,6400,39.2,4800,0,3200
BALKRISIND27FEB20940PE.NFO,07/01/2020,10:54:14,32.5,31.85,9600,39.2,4800,0,3200
BALKRISIND27FEB20940PE.NFO,07/01/2020,10:54:19,32.5,31.85,6400,39.2,4800,0,3200
BALKRISIND27FEB20940PE.NFO,07/01/2020,10:54:55,32.5,31.85,9600,39.2,4800,0,3200
BALKRISIND27FEB20940PE.NFO,07/01/2020,10:55:19,32.5,31.85,6400,39.2,4800,0,3200
BALKRISIND27FEB20940PE.NFO,07/01/2020,10:56:26,32.5,31.85,4800,39.2,4800,0,3200
BALKRISIND27FEB20940PE.NFO,07/01/2020,10:56:36,32.5,31.85,6400,39.2,4800,0,3200
BALKRISIND27FEB20940PE.NFO,07/01/2020,10:56:48,32.5,31.85,4800,39.2,4800,0,3200
BALKRISIND27FEB20940PE.NFO,07/01/2020,10:57:15,32.5,31.85,6400,39.2,4800,0,3200
BALKRISIND27FEB20940PE.NFO,07/01/2020,10:57:21,32.5,31.85,4800,39.2,4800,0,3200
BALKRISIND27FEB20940PE.NFO,07/01/2020,10:57:28,32.5,31.85,6400,39.2,4800,0,3200
BALKRISIND27FEB20940PE.NFO,07/01/2020,11:01:29,32.5,31.85,8000,39.2,4800,0,3200
BALKRISIND27FEB20940PE.NFO,07/01/2020,11:01:36,32.5,31.85,6400,39.2,4800,0,3200
BALKRISIND27FEB20940PE.NFO,07/01/2020,11:01:43,32.5,31.85,8000,39.2,4800,0,3200
BALKRISIND27FEB20940PE.NFO,07/01/2020,11:01:50,32.5,31.85,6400,39.2,4800,0,3200
BALKRISIND27FEB20940PE.NFO,07/01/2020,11:05:49,32.5,31.85,6400,39.2,6400,0,3200
BALKRISIND27FEB20940PE.NFO,07/01/2020,11:06:07,32.5,31.4,6400,39.2,11200,0,3200
BALKRISIND27FEB20940PE.NFO,07/01/2020,11:08:30,32.5,31.4,4800,39.2,11200,0,3200
BALKRISIND27FEB20940PE.NFO,07/01/2020,11:08:53,32.5,31.4,6400,39.2,11200,0,3200
BALKRISIND27FEB20940PE.NFO,07/01/2020,11:09:17,32.5,31.4,4800,39.2,11200,0,3200
BALKRISIND27FEB20940PE.NFO,07/01/2020,11:09:31,32.5,31.4,3200,39.2,11200,0,3200
BALKRISIND27FEB20940PE.NFO,07/01/2020,11:09:35,32.5,31.45,4800,39.2,11200,0,3200
BALKRISIND27FEB20940PE.NFO,07/01/2020,11:09:39,32.5,31.45,3200,39.2,11200,0,3200
BALKRISIND27FEB20940PE.NFO,07/01/2020,11:09:51,32.5,31.45,1600,39.2,11200,0,3200
BALKRISIND27FEB20940PE.NFO,07/01/2020,11:10:15,32.5,31.5,1600,39.2,11200,0,3200
BALKRISIND27FEB20940PE.NFO,07/01/2020,11:10:47,32.5,31.5,3200,39.2,11200,0,3200
BALKRISIND27FEB20940PE.NFO,07/01/2020,11:10:51,32.5,31.5,1600,39.2,11200,0,3200
BALKRISIND27FEB20940PE.NFO,07/01/2020,11:11:01,32.5,31.5,6400,39.2,11200,0,3200
BALKRISIND27FEB20940PE.NFO,07/01/2020,11:11:07,32.5,31.5,3200,39.2,9600,0,3200
BALKRISIND27FEB20940PE.NFO,07/01/2020,11:11:20,32.5,31.5,4800,39.2,11200,0,3200
BALKRISIND27FEB20940PE.NFO,07/01/2020,11:11:34,32.5,31.5,6400,39.2,11200,0,3200
BALKRISIND27FEB20940PE.NFO,07/01/2020,11:11:41,32.5,31.5,8000,39.2,11200,0,3200
BALKRISIND27FEB20940PE.NFO,07/01/2020,11:11:46,32.5,31.5,6400,39.2,11200,0,3200
BALKRISIND27FEB20940PE.NFO,07/01/2020,11:12:05,32.5,31.5,6400,39.2,8000,0,3200
BALKRISIND27FEB20940PE.NFO,07/01/2020,11:12:13,32.5,31.5,6400,39.2,4800,0,3200
BALKRISIND27FEB20940PE.NFO,07/01/2020,11:12:26,32.5,31.5,8000,39.2,6400,0,3200
BALKRISIND27FEB20940PE.NFO,07/01/2020,11:13:57,32.5,31.5,8000,39.2,8000,0,3200
BALKRISIND27FEB20940PE.NFO,07/01/2020,11:14:02,32.5,31.5,8000,39.2,6400,0,3200
BALKRISIND27FEB20940PE.NFO,07/01/2020,11:14:20,32.5,31.5,8000,39.2,4800,0,3200
BALKRISIND27FEB20940PE.NFO,07/01/2020,11:14:25,32.5,31.5,8000,39.2,8000,0,3200
BALKRISIND27FEB20940PE.NFO,07/01/2020,11:14:30,32.5,31.5,8000,39.2,6400,0,3200
BALKRISIND27FEB20940PE.NFO,07/01/2020,11:14:50,32.5,31.5,6400,39.2,6400,0,3200
BALKRISIND27FEB20940PE.NFO,07/01/2020,11:15:00,32.5,31.5,8000,39.2,6400,0,3200
BALKRISIND27FEB20940PE.NFO,07/01/2020,11:15:23,32.5,31.5,11200,39.2,4800,0,3200
BALKRISIND27FEB20940PE.NFO,07/01/2020,11:15:29,32.5,31.55,11200,39.2,4800,0,3200
BALKRISIND27FEB20940PE.NFO,07/01/2020,11:15:47,32.5,31.55,8000,39.2,4800,0,3200
BALKRISIND27FEB20940PE.NFO,07/01/2020,11:17:29,32.5,31.55,8000,39.2,9600,0,3200
BALKRISIND27FEB20940PE.NFO,07/01/2020,11:17:45,32.5,31.55,6400,39.2,9600,0,3200
BALKRISIND27FEB20940PE.NFO,07/01/2020,11:17:50,32.5,31.55,8000,39.2,9600,0,3200
BALKRISIND27FEB20940PE.NFO,07/01/2020,11:17:55,32.5,31.55,6400,39.2,9600,0,3200
BALKRISIND27FEB20940PE.NFO,07/01/2020,11:18:38,32.5,31.55,8000,39.2,11200,0,3200
BALKRISIND27FEB20940PE.NFO,07/01/2020,11:18:45,32.5,31.55,6400,39.2,11200,0,3200
BALKRISIND27FEB20940PE.NFO,07/01/2020,11:19:07,32.5,31.55,6400,39.2,4800,0,3200
BALKRISIND27FEB20940PE.NFO,07/01/2020,11:19:13,32.5,31.55,8000,39.2,4800,0,3200
BALKRISIND27FEB20940PE.NFO,07/01/2020,11:19:20,32.5,31.55,6400,39.2,4800,0,3200
BALKRISIND27FEB20940PE.NFO,07/01/2020,11:19:37,32.5,31.55,6400,39.15,4800,0,3200
BALKRISIND27FEB20940PE.NFO,07/01/2020,11:20:23,32.5,31.55,8000,39.15,4800,0,3200
BALKRISIND27FEB20940PE.NFO,07/01/2020,11:20:38,32.5,31.55,6400,39.15,8000,0,3200
BALKRISIND27FEB20940PE.NFO,07/01/2020,11:21:05,32.5,31.55,4800,39.15,11200,0,3200
BALKRISIND27FEB20940PE.NFO,07/01/2020,11:21:10,32.5,31.55,4800,39.15,9600,0,3200
BALKRISIND27FEB20940PE.NFO,07/01/2020,11:21:15,32.5,31.55,3200,39.15,9600,0,3200
BALKRISIND27FEB20940PE.NFO,07/01/2020,11:21:32,32.5,31.55,4800,39.15,9600,0,3200
BALKRISIND27FEB20940PE.NFO,07/01/2020,11:21:38,32.5,31.55,3200,39.15,9600,0,3200
BALKRISIND27FEB20940PE.NFO,07/01/2020,11:21:48,32.5,31.55,4800,39.15,9600,0,3200
BALKRISIND27FEB20940PE.NFO,07/01/2020,11:22:04,32.5,31.55,4800,39.15,11200,0,3200
BALKRISIND27FEB20940PE.NFO,07/01/2020,11:22:12,32.5,31.55,3200,39.15,11200,0,3200
BALKRISIND27FEB20940PE.NFO,07/01/2020,11:22:16,32.5,31.55,4800,39.15,11200,0,3200
BALKRISIND27FEB20940PE.NFO,07/01/2020,11:22:29,32.5,31.55,3200,39.15,11200,0,3200
BALKRISIND27FEB20940PE.NFO,07/01/2020,11:22:37,32.5,31.55,4800,39.15,11200,0,3200
BALKRISIND27FEB20940PE.NFO,07/01/2020,11:22:49,32.5,31.55,3200,39.15,11200,0,3200
BALKRISIND27FEB20940PE.NFO,07/01/2020,11:23:11,32.5,31.55,4800,39.15,11200,0,3200
BALKRISIND27FEB20940PE.NFO,07/01/2020,11:23:17,32.5,31.55,3200,39.15,11200,0,3200
BALKRISIND27FEB20940PE.NFO,07/01/2020,11:23:25,32.5,31.55,4800,39.15,11200,0,3200
BALKRISIND27FEB20940PE.NFO,07/01/2020,11:23:29,32.5,31.55,3200,39.15,11200,0,3200
BALKRISIND27FEB20940PE.NFO,07/01/2020,11:23:33,32.5,31.55,4800,39.15,11200,0,3200
BALKRISIND27FEB20940PE.NFO,07/01/2020,11:24:07,32.5,31.55,6400,39.15,11200,0,3200
BALKRISIND27FEB20940PE.NFO,07/01/2020,11:24:28,32.5,31.55,4800,39.15,11200,0,3200
BALKRISIND27FEB20940PE.NFO,07/01/2020,11:24:32,32.5,31.55,3200,39.15,9600,0,3200
BALKRISIND27FEB20940PE.NFO,07/01/2020,11:24:37,32.5,31.55,6400,39.15,9600,0,3200
BALKRISIND27FEB20940PE.NFO,07/01/2020,11:24:41,32.5,31.55,4800,39.15,8000,0,3200
BALKRISIND27FEB20940PE.NFO,07/01/2020,11:24:45,32.5,31.55,4800,39.15,11200,0,3200
BALKRISIND27FEB20940PE.NFO,07/01/2020,11:24:50,32.5,31.55,6400,39.15,11200,0,3200
BALKRISIND27FEB20940PE.NFO,07/01/2020,11:24:54,32.5,31.55,4800,39.15,11200,0,3200
BALKRISIND27FEB20940PE.NFO,07/01/2020,11:25:02,32.5,31.55,3200,39.15,11200,0,3200
BALKRISIND27FEB20940PE.NFO,07/01/2020,11:25:08,32.5,31.55,6400,39.15,11200,0,3200
BALKRISIND27FEB20940PE.NFO,07/01/2020,11:25:13,32.5,31.55,4800,39.15,11200,0,3200
BALKRISIND27FEB20940PE.NFO,07/01/2020,11:25:20,32.5,31.55,6400,39.15,11200,0,3200
BALKRISIND27FEB20940PE.NFO,07/01/2020,11:26:01,32.5,31.55,3200,39.15,11200,0,3200
BALKRISIND27FEB20940PE.NFO,07/01/2020,11:27:58,32.5,31.55,4800,39.15,11200,0,3200
BALKRISIND27FEB20940PE.NFO,07/01/2020,11:28:11,32.5,31.55,6400,39.15,11200,0,3200
BALKRISIND27FEB20940PE.NFO,07/01/2020,11:28:13,32.5,31.55,4800,39.15,11200,0,3200
BALKRISIND27FEB20940PE.NFO,07/01/2020,11:28:35,32.5,31.55,6400,39.15,11200,0,3200
BALKRISIND27FEB20940PE.NFO,07/01/2020,11:28:38,32.5,31.55,3200,39.15,11200,0,3200
BALKRISIND27FEB20940PE.NFO,07/01/2020,11:28:46,32.5,31.55,4800,39.15,11200,0,3200
BALKRISIND27FEB20940PE.NFO,07/01/2020,11:28:49,32.5,31.55,3200,39.15,11200,0,3200
BALKRISIND27FEB20940PE.NFO,07/01/2020,11:29:18,32.5,31.55,3200,39.15,9600,0,3200
BALKRISIND27FEB20940PE.NFO,07/01/2020,11:29:22,32.5,31.55,3200,39.15,11200,0,3200
BALKRISIND27FEB20940PE.NFO,07/01/2020,11:29:39,32.5,31.55,4800,39.15,11200,0,3200
BALKRISIND27FEB20940PE.NFO,07/01/2020,11:29:43,32.5,31.55,3200,39.15,11200,0,3200
BALKRISIND27FEB20940PE.NFO,07/01/2020,11:30:10,32.5,31.55,4800,39.15,11200,0,3200
BALKRISIND27FEB20940PE.NFO,07/01/2020,11:30:30,32.5,31.55,3200,39.15,11200,0,3200
BALKRISIND27FEB20940PE.NFO,07/01/2020,11:31:13,32.5,31.55,3200,39.15,9600,0,3200
BALKRISIND27FEB20940PE.NFO,07/01/2020,11:31:18,32.5,31.55,3200,39.15,11200,0,3200
BALKRISIND27FEB20940PE.NFO,07/01/2020,11:33:13,32.5,31.55,1600,39.15,11200,0,3200
BALKRISIND27FEB20940PE.NFO,07/01/2020,11:33:32,32.5,31.2,1600,39.15,11200,0,3200
BALKRISIND27FEB20940PE.NFO,07/01/2020,11:34:20,32.5,30.3,8000,39.15,11200,0,3200
BALKRISIND27FEB20940PE.NFO,07/01/2020,11:34:32,32.5,30.3,4800,39.15,11200,0,3200
BALKRISIND27FEB20940PE.NFO,07/01/2020,11:35:07,32.5,30.3,8000,39.15,11200,0,3200
BALKRISIND27FEB20940PE.NFO,07/01/2020,11:35:38,32.5,30.3,4800,39.15,11200,0,3200
BALKRISIND27FEB20940PE.NFO,07/01/2020,11:35:53,32.5,30.3,6400,39.15,11200,0,3200
BALKRISIND27FEB20940PE.NFO,07/01/2020,11:36:17,32.5,30.3,4800,39.15,11200,0,3200
BALKRISIND27FEB20940PE.NFO,07/01/2020,11:36:36,32.5,30.3,6400,39.15,11200,0,3200
BALKRISIND27FEB20940PE.NFO,07/01/2020,11:36:40,32.5,30.3,4800,39.15,11200,0,3200
BALKRISIND27FEB20940PE.NFO,07/01/2020,11:36:51,32.5,30.3,8000,39.15,11200,0,3200
BALKRISIND27FEB20940PE.NFO,07/01/2020,11:37:08,32.5,30.3,8000,39.15,9600,0,3200
BALKRISIND27FEB20940PE.NFO,07/01/2020,11:37:12,32.5,30.3,8000,39.15,11200,0,3200
BALKRISIND27FEB20940PE.NFO,07/01/2020,11:38:13,32.5,30.3,6400,39.15,11200,0,3200
BALKRISIND27FEB20940PE.NFO,07/01/2020,11:38:25,32.5,30.35,6400,39.15,11200,0,3200
BALKRISIND27FEB20940PE.NFO,07/01/2020,11:38:29,32.5,30.35,8000,39.15,11200,0,3200
BALKRISIND27FEB20940PE.NFO,07/01/2020,11:38:32,32.5,30.35,6400,39.15,11200,0,3200
BALKRISIND27FEB20940PE.NFO,07/01/2020,11:38:50,32.5,30.35,8000,39.15,11200,0,3200
BALKRISIND27FEB20940PE.NFO,07/01/2020,11:39:02,32.5,30.35,6400,39.15,11200,0,3200
BALKRISIND27FEB20940PE.NFO,07/01/2020,11:39:19,32.5,30.35,8000,39.15,11200,0,3200
BALKRISIND27FEB20940PE.NFO,07/01/2020,11:41:58,32.5,30.35,9600,39.15,11200,0,3200
BALKRISIND27FEB20940PE.NFO,07/01/2020,11:42:14,32.5,30.35,8000,39.15,11200,0,3200
BALKRISIND27FEB20940PE.NFO,07/01/2020,11:42:20,32.5,30.35,8000,39.15,9600,0,3200
BALKRISIND27FEB20940PE.NFO,07/01/2020,11:42:23,32.5,30.35,9600,39.15,11200,0,3200
BALKRISIND27FEB20940PE.NFO,07/01/2020,11:42:26,32.5,30.35,8000,39.15,11200,0,3200
BALKRISIND27FEB20940PE.NFO,07/01/2020,11:42:52,32.5,30.35,8000,39.15,9600,0,3200
BALKRISIND27FEB20940PE.NFO,07/01/2020,11:42:58,32.5,30.35,8000,39.15,11200,0,3200
BALKRISIND27FEB20940PE.NFO,07/01/2020,11:43:06,32.5,30.35,8000,39.15,9600,0,3200
BALKRISIND27FEB20940PE.NFO,07/01/2020,11:43:09,32.5,30.35,8000,39.15,11200,0,3200
BALKRISIND27FEB20940PE.NFO,07/01/2020,11:43:12,32.5,30.35,8000,39.15,9600,0,3200
BALKRISIND27FEB20940PE.NFO,07/01/2020,11:43:23,32.5,30.35,8000,39.15,11200,0,3200
BALKRISIND27FEB20940PE.NFO,07/01/2020,11:48:41,32.5,30.35,9600,39.15,11200,0,3200
BALKRISIND27FEB20940PE.NFO,07/01/2020,11:49:08,32.5,30.35,8000,39.15,11200,0,3200
BALKRISIND27FEB20940PE.NFO,07/01/2020,11:51:08,32.5,30.35,6400,39.15,11200,0,3200
BALKRISIND27FEB20940PE.NFO,07/01/2020,11:51:13,32.5,30.35,8000,39.15,11200,0,3200
BALKRISIND27FEB20940PE.NFO,07/01/2020,11:51:25,32.5,30.35,6400,39.15,11200,0,3200
BALKRISIND27FEB20940PE.NFO,07/01/2020,11:51:34,32.5,30.35,4800,39.15,11200,0,3200
BALKRISIND27FEB20940PE.NFO,07/01/2020,11:51:38,32.5,30.35,6400,39.15,11200,0,3200
BALKRISIND27FEB20940PE.NFO,07/01/2020,11:51:42,32.5,30.35,8000,39.15,11200,0,3200
BALKRISIND27FEB20940PE.NFO,07/01/2020,11:51:58,32.5,30.35,6400,39.15,11200,0,3200
BALKRISIND27FEB20940PE.NFO,07/01/2020,11:52:37,32.5,30.35,4800,39.15,11200,0,3200
BALKRISIND27FEB20940PE.NFO,07/01/2020,11:52:39,32.5,30.35,6400,39.15,11200,0,3200
BALKRISIND27FEB20940PE.NFO,07/01/2020,11:53:03,32.5,30.35,8000,39.15,11200,0,3200
BALKRISIND27FEB20940PE.NFO,07/01/2020,11:53:09,32.5,31.35,3200,39.15,9600,0,3200
BALKRISIND27FEB20940PE.NFO,07/01/2020,11:53:12,32.5,31.5,3200,39.15,9600,0,3200
BALKRISIND27FEB20940PE.NFO,07/01/2020,11:53:15,32.5,31.5,1600,39.15,9600,0,3200
BALKRISIND27FEB20940PE.NFO,07/01/2020,11:53:18,32.5,31.5,3200,39.15,9600,0,3200
BALKRISIND27FEB20940PE.NFO,07/01/2020,11:53:25,32.5,31.5,1600,39.15,9600,0,3200
BALKRISIND27FEB20940PE.NFO,07/01/2020,11:53:32,32.5,31.5,1600,39.15,11200,0,3200
BALKRISIND27FEB20940PE.NFO,07/01/2020,11:53:49,32.5,31.5,4800,39.15,11200,0,3200
BALKRISIND27FEB20940PE.NFO,07/01/2020,11:54:01,32.5,31.5,1600,39.15,11200,0,3200
BALKRISIND27FEB20940PE.NFO,07/01/2020,11:54:03,32.5,31.5,4800,39.15,11200,0,3200
BALKRISIND27FEB20940PE.NFO,07/01/2020,11:54:05,32.5,31.5,3200,39.15,11200,0,3200
BALKRISIND27FEB20940PE.NFO,07/01/2020,11:54:08,32.5,31.5,8000,39.15,11200,0,3200
BALKRISIND27FEB20940PE.NFO,07/01/2020,11:54:17,32.5,31.7,3200,39.15,9600,0,3200
BALKRISIND27FEB20940PE.NFO,07/01/2020,11:54:24,32.5,31.75,8000,39.15,9600,0,3200
BALKRISIND27FEB20940PE.NFO,07/01/2020,11:54:27,32.5,31.8,8000,39.15,9600,0,3200
BALKRISIND27FEB20940PE.NFO,07/01/2020,11:54:30,32.5,31.8,6400,39.15,9600,0,3200
BALKRISIND27FEB20940PE.NFO,07/01/2020,11:54:40,32.5,31.85,4800,39.15,9600,0,3200
BALKRISIND27FEB20940PE.NFO,07/01/2020,11:54:49,32.5,31.85,1600,39.15,9600,0,3200
BALKRISIND27FEB20940PE.NFO,07/01/2020,11:54:50,32.5,31.85,3200,39.15,9600,0,3200
BALKRISIND27FEB20940PE.NFO,07/01/2020,11:55:07,32.5,31.85,4800,39.15,9600,0,3200
BALKRISIND27FEB20940PE.NFO,07/01/2020,11:55:10,32.5,31.85,3200,39.15,9600,0,3200
BALKRISIND27FEB20940PE.NFO,07/01/2020,11:55:20,32.5,31.85,4800,39.15,9600,0,3200
BALKRISIND27FEB20940PE.NFO,07/01/2020,11:55:35,32.5,31.85,3200,39.15,9600,0,3200
BALKRISIND27FEB20940PE.NFO,07/01/2020,11:56:00,32.5,31.85,4800,39.15,9600,0,3200
BALKRISIND27FEB20940PE.NFO,07/01/2020,11:56:36,32.5,31.85,3200,39.15,9600,0,3200
BALKRISIND27FEB20940PE.NFO,07/01/2020,11:56:48,32.5,31.85,4800,39.15,9600,0,3200
BALKRISIND27FEB20940PE.NFO,07/01/2020,11:56:57,32.5,31.85,3200,39.15,9600,0,3200
BALKRISIND27FEB20940PE.NFO,07/01/2020,11:57:01,32.5,31.85,8000,39.15,9600,0,3200
BALKRISIND27FEB20940PE.NFO,07/01/2020,11:57:03,32.5,31.85,6400,39.15,9600,0,3200
BALKRISIND27FEB20940PE.NFO,07/01/2020,11:57:11,32.5,31.95,3200,39.15,9600,0,3200
BALKRISIND27FEB20940PE.NFO,07/01/2020,11:57:31,32.5,31.95,1600,39.15,9600,0,3200
BALKRISIND27FEB20940PE.NFO,07/01/2020,11:57:35,32.5,31.95,3200,39.15,9600,0,3200
BALKRISIND27FEB20940PE.NFO,07/01/2020,11:57:42,32.5,31.95,1600,39.15,9600,0,3200
BALKRISIND27FEB20940PE.NFO,07/01/2020,11:57:53,32.5,31.95,3200,39.15,9600,0,3200
BALKRISIND27FEB20940PE.NFO,07/01/2020,11:57:59,32.5,31.95,1600,39.15,9600,0,3200
BALKRISIND27FEB20940PE.NFO,07/01/2020,11:58:04,32.5,31.95,3200,39.15,9600,0,3200
BALKRISIND27FEB20940PE.NFO,07/01/2020,11:58:08,32.5,31.95,1600,39.15,9600,0,3200
BALKRISIND27FEB20940PE.NFO,07/01/2020,11:58:11,32.5,31.95,6400,39.15,9600,0,3200
BALKRISIND27FEB20940PE.NFO,07/01/2020,11:58:14,32.5,32,4800,39.15,9600,0,3200
BALKRISIND27FEB20940PE.NFO,07/01/2020,11:58:21,32.5,32.05,1600,39.15,9600,0,3200
BALKRISIND27FEB20940PE.NFO,07/01/2020,11:58:34,32.5,32.05,4800,39.15,9600,0,3200
BALKRISIND27FEB20940PE.NFO,07/01/2020,11:58:38,32.5,32.1,1600,39.15,9600,0,3200
BALKRISIND27FEB20940PE.NFO,07/01/2020,11:58:40,32.5,32.1,3200,39.15,9600,0,3200
BALKRISIND27FEB20940PE.NFO,07/01/2020,11:58:42,32.5,32.1,4800,39.15,9600,0,3200
BALKRISIND27FEB20940PE.NFO,07/01/2020,11:58:44,32.5,32.1,1600,39.15,9600,0,3200
BALKRISIND27FEB20940PE.NFO,07/01/2020,11:59:23,32.5,32.1,4800,39.15,9600,0,3200
BALKRISIND27FEB20940PE.NFO,07/01/2020,11:59:26,32.5,32.1,1600,39.15,9600,0,3200
BALKRISIND27FEB20940PE.NFO,07/01/2020,11:59:34,32.5,32.1,3200,39.15,9600,0,3200
BALKRISIND27FEB20940PE.NFO,07/01/2020,11:59:36,32.5,32.1,1600,39.15,9600,0,3200
BALKRISIND27FEB20940PE.NFO,07/01/2020,12:00:26,32.5,32.1,4800,39.15,9600,0,3200
BALKRISIND27FEB20940PE.NFO,07/01/2020,12:01:14,32.5,32.1,1600,39.15,9600,0,3200
BALKRISIND27FEB20940PE.NFO,07/01/2020,12:01:22,32.5,32.1,3200,39.15,9600,0,3200
BALKRISIND27FEB20940PE.NFO,07/01/2020,12:02:13,32.5,32.1,1600,39.15,9600,0,3200
BALKRISIND27FEB20940PE.NFO,07/01/2020,12:03:49,32.5,32.1,3200,39.15,9600,0,3200
BALKRISIND27FEB20940PE.NFO,07/01/2020,12:04:02,32.5,31.8,4800,39.15,11200,0,3200
BALKRISIND27FEB20940PE.NFO,07/01/2020,12:04:05,32.5,31.9,6400,39.15,11200,0,3200
BALKRISIND27FEB20940PE.NFO,07/01/2020,12:04:07,32.5,31.9,4800,39.15,11200,0,3200
BALKRISIND27FEB20940PE.NFO,07/01/2020,12:04:09,32.5,31.55,4800,39.15,11200,0,3200
BALKRISIND27FEB20940PE.NFO,07/01/2020,12:04:12,32.5,31.65,4800,39.15,11200,0,3200
BALKRISIND27FEB20940PE.NFO,07/01/2020,12:04:14,32.5,31.75,4800,39.15,11200,0,3200
BALKRISIND27FEB20940PE.NFO,07/01/2020,12:04:17,32.5,32,4800,39.15,11200,0,3200
BALKRISIND27FEB20940PE.NFO,07/01/2020,12:04:28,32.5,32.15,3200,39.15,11200,0,3200
BALKRISIND27FEB20940PE.NFO,07/01/2020,12:04:30,32.5,32.2,3200,39.15,11200,0,3200
BALKRISIND27FEB20940PE.NFO,07/01/2020,12:04:33,32.5,32.1,4800,39.15,8000,0,3200
BALKRISIND27FEB20940PE.NFO,07/01/2020,12:04:36,32.5,32.4,4800,39.15,8000,0,3200
BALKRISIND27FEB20940PE.NFO,07/01/2020,12:04:38,32.5,32.5,4800,39.15,8000,0,3200
BALKRISIND27FEB20940PE.NFO,07/01/2020,12:04:41,32.5,32.6,3200,39.15,8000,0,3200
BALKRISIND27FEB20940PE.NFO,07/01/2020,12:05:08,32.5,32.35,4800,39.1,9600,0,3200
BALKRISIND27FEB20940PE.NFO,07/01/2020,12:05:12,32.5,32.45,1600,39.1,9600,0,3200
BALKRISIND27FEB20940PE.NFO,07/01/2020,12:05:15,32.5,32.4,3200,39.1,9600,0,3200
BALKRISIND27FEB20940PE.NFO,07/01/2020,12:05:18,32.5,32.15,4800,39.1,9600,0,3200
BALKRISIND27FEB20940PE.NFO,07/01/2020,12:05:24,32.5,32.25,4800,39.1,9600,0,3200
BALKRISIND27FEB20940PE.NFO,07/01/2020,12:05:28,32.5,32.35,4800,39.1,9600,0,3200
BALKRISIND27FEB20940PE.NFO,07/01/2020,12:05:33,32.5,32.4,4800,39.1,9600,0,3200
BALKRISIND27FEB20940PE.NFO,07/01/2020,12:05:57,32.5,32.35,4800,39.1,9600,0,3200
BALKRISIND27FEB20940PE.NFO,07/01/2020,12:06:00,32.5,32.4,4800,39.1,9600,0,3200
BALKRISIND27FEB20940PE.NFO,07/01/2020,12:06:42,32.5,32.1,4800,39.1,9600,0,3200
BALKRISIND27FEB20940PE.NFO,07/01/2020,12:06:45,32.5,32.35,4800,39.1,9600,0,3200
BALKRISIND27FEB20940PE.NFO,07/01/2020,12:06:54,32.5,32.15,4800,39.1,9600,0,3200
BALKRISIND27FEB20940PE.NFO,07/01/2020,12:07:00,32.5,32.2,4800,39.1,9600,0,3200
BALKRISIND27FEB20940PE.NFO,07/01/2020,12:07:03,32.5,32.25,4800,39.1,11200,0,3200
BALKRISIND27FEB20940PE.NFO,07/01/2020,12:07:06,32.5,32.3,1600,39.1,9600,0,3200
BALKRISIND27FEB20940PE.NFO,07/01/2020,12:07:19,32.5,32.3,1600,39.1,11200,0,3200
BALKRISIND27FEB20940PE.NFO,07/01/2020,12:07:42,32.5,32.25,1600,39.1,11200,0,3200
BALKRISIND27FEB20940PE.NFO,07/01/2020,12:07:47,32.5,32,1600,39.1,11200,0,3200
BALKRISIND27FEB20940PE.NFO,07/01/2020,12:07:52,32.5,31.95,1600,39.1,11200,0,3200
BALKRISIND27FEB20940PE.NFO,07/01/2020,12:07:55,32.5,31.95,4800,39.1,11200,0,3200
BALKRISIND27FEB20940PE.NFO,07/01/2020,12:07:58,32.5,31.75,4800,39.1,11200,0,3200
BALKRISIND27FEB20940PE.NFO,07/01/2020,12:08:07,32.5,31.85,4800,39.1,11200,0,3200
BALKRISIND27FEB20940PE.NFO,07/01/2020,12:08:12,32.5,31.9,4800,39.1,9600,0,3200
BALKRISIND27FEB20940PE.NFO,07/01/2020,12:08:17,32.5,31.95,1600,39.1,9600,0,3200
BALKRISIND27FEB20940PE.NFO,07/01/2020,12:08:49,32.5,31.95,1600,39.1,11200,0,3200
BALKRISIND27FEB20940PE.NFO,07/01/2020,12:09:01,32.5,31,3200,39.1,11200,0,3200
BALKRISIND27FEB20940PE.NFO,07/01/2020,12:09:04,32.5,31,4800,39.1,11200,0,3200
BALKRISIND27FEB20940PE.NFO,07/01/2020,12:09:07,32.5,31,3200,39.1,9600,0,3200
BALKRISIND27FEB20940PE.NFO,07/01/2020,12:09:10,32.5,31,4800,39.1,9600,0,3200
BALKRISIND27FEB20940PE.NFO,07/01/2020,12:09:16,32.5,31,4800,39.1,11200,0,3200
BALKRISIND27FEB20940PE.NFO,07/01/2020,12:10:08,32.5,31,4800,39.1,9600,0,3200
BALKRISIND27FEB20940PE.NFO,07/01/2020,12:10:28,32.5,31,4800,39.1,11200,0,3200
BALKRISIND27FEB20940PE.NFO,07/01/2020,12:12:24,32.5,31,4800,39.1,9600,0,3200
BALKRISIND27FEB20940PE.NFO,07/01/2020,12:12:27,32.5,31,4800,39.1,11200,0,3200
BALKRISIND27FEB20940PE.NFO,07/01/2020,12:12:57,32.5,31,4800,39.1,9600,0,3200
BALKRISIND27FEB20940PE.NFO,07/01/2020,12:13:13,32.5,31,4800,39.1,11200,0,3200
BALKRISIND27FEB20940PE.NFO,07/01/2020,12:13:34,32.5,31,4800,39.1,9600,0,3200
BALKRISIND27FEB20940PE.NFO,07/01/2020,12:15:00,32.5,31.05,8000,39.1,11200,0,3200
BALKRISIND27FEB20940PE.NFO,07/01/2020,12:15:22,32.5,31.05,8000,39.1,9600,0,3200
BALKRISIND27FEB20940PE.NFO,07/01/2020,12:16:55,32.5,31.05,8000,39.1,11200,0,3200
BALKRISIND27FEB20940PE.NFO,07/01/2020,12:16:57,32.5,31.05,4800,39.1,11200,0,3200
BALKRISIND27FEB20940PE.NFO,07/01/2020,12:17:19,32.5,31.05,1600,39.1,11200,0,3200
BALKRISIND27FEB20940PE.NFO,07/01/2020,12:19:33,32.5,30,4800,39.1,11200,0,3200
BALKRISIND27FEB20940PE.NFO,07/01/2020,12:19:52,32.5,30,8000,39.1,11200,0,3200
BALKRISIND27FEB20940PE.NFO,07/01/2020,12:20:20,32.5,30,4800,39.1,11200,0,3200
BALKRISIND27FEB20940PE.NFO,07/01/2020,12:20:35,32.5,30,3200,39.1,11200,0,3200
BALKRISIND27FEB20940PE.NFO,07/01/2020,12:20:37,32.5,30,4800,39.1,11200,0,3200
BALKRISIND27FEB20940PE.NFO,07/01/2020,12:20:42,32.5,30,8000,39.1,11200,0,3200
BALKRISIND27FEB20940PE.NFO,07/01/2020,12:20:56,32.5,30,4800,39.1,11200,0,3200
BALKRISIND27FEB20940PE.NFO,07/01/2020,12:22:01,32.5,30,3200,39.1,11200,0,3200
BALKRISIND27FEB20940PE.NFO,07/01/2020,12:22:04,32.5,30,4800,39.1,11200,0,3200
BALKRISIND27FEB20940PE.NFO,07/01/2020,12:22:15,32.5,30,3200,39.1,11200,0,3200
BALKRISIND27FEB20940PE.NFO,07/01/2020,12:22:19,32.5,30,1600,39.1,11200,0,3200
BALKRISIND27FEB20940PE.NFO,07/01/2020,12:22:40,32.5,30,3200,39.1,11200,0,3200
BALKRISIND27FEB20940PE.NFO,07/01/2020,12:22:47,32.5,30,1600,39.1,11200,0,3200
BALKRISIND27FEB20940PE.NFO,07/01/2020,12:22:53,32.5,30,3200,39.1,11200,0,3200
BALKRISIND27FEB20940PE.NFO,07/01/2020,12:23:06,32.5,30,1600,39.1,11200,0,3200
BALKRISIND27FEB20940PE.NFO,07/01/2020,12:23:14,32.5,30,3200,39.1,11200,0,3200
BALKRISIND27FEB20940PE.NFO,07/01/2020,12:24:04,32.5,30,4800,39.1,11200,0,3200
BALKRISIND27FEB20940PE.NFO,07/01/2020,12:24:12,32.5,30,3200,39.1,11200,0,3200
BALKRISIND27FEB20940PE.NFO,07/01/2020,12:24:55,32.5,30,4800,39.1,11200,0,3200
BALKRISIND27FEB20940PE.NFO,07/01/2020,12:25:41,32.5,30,3200,39.1,11200,0,3200
BALKRISIND27FEB20940PE.NFO,07/01/2020,12:28:58,32.5,30,4800,39.1,11200,0,3200
BALKRISIND27FEB20940PE.NFO,07/01/2020,12:30:51,32.5,30,1600,39.1,11200,0,9600
BALKRISIND27FEB20940PE.NFO,07/01/2020,12:31:14,32.5,30,3200,39.1,11200,0,9600
BALKRISIND27FEB20940PE.NFO,07/01/2020,12:31:29,32.5,30,4800,39.1,11200,0,9600
BALKRISIND27FEB20940PE.NFO,07/01/2020,12:31:48,32.5,30,3200,39.1,11200,0,9600
BALKRISIND27FEB20940PE.NFO,07/01/2020,12:31:51,32.5,30,4800,39.1,11200,0,9600
BALKRISIND27FEB20940PE.NFO,07/01/2020,12:32:08,32.5,30.15,4800,39.1,11200,0,9600
BALKRISIND27FEB20940PE.NFO,07/01/2020,12:32:14,32.5,30.15,8000,39.1,11200,0,9600
BALKRISIND27FEB20940PE.NFO,07/01/2020,12:32:38,32.5,30.2,8000,39.1,11200,0,9600
BALKRISIND27FEB20940PE.NFO,07/01/2020,12:33:03,32.5,30.2,1600,39.1,11200,0,9600
BALKRISIND27FEB20940PE.NFO,07/01/2020,12:33:17,32.5,30.2,3200,39.1,11200,0,9600
BALKRISIND27FEB20940PE.NFO,07/01/2020,12:33:20,32.5,30.2,4800,39.1,11200,0,9600
BALKRISIND27FEB20940PE.NFO,07/01/2020,12:33:27,32.5,30.2,3200,39.1,11200,0,9600
BALKRISIND27FEB20940PE.NFO,07/01/2020,12:33:34,32.5,30.2,1600,39.1,11200,0,9600
BALKRISIND27FEB20940PE.NFO,07/01/2020,12:33:56,32.5,30.2,3200,39.1,11200,0,9600
BALKRISIND27FEB20940PE.NFO,07/01/2020,12:34:03,32.5,30.2,1600,39.1,11200,0,9600
BALKRISIND27FEB20940PE.NFO,07/01/2020,12:34:23,32.5,30.2,3200,39.1,11200,0,9600
BALKRISIND27FEB20940PE.NFO,07/01/2020,12:34:33,32.5,30.2,1600,39.1,11200,0,9600
BALKRISIND27FEB20940PE.NFO,07/01/2020,12:49:32,32.5,29.4,8000,39.1,11200,0,9600
BALKRISIND27FEB20940PE.NFO,07/01/2020,12:57:25,32.5,29.4,9600,39.1,11200,0,9600
BALKRISIND27FEB20940PE.NFO,07/01/2020,12:57:28,32.5,29.4,11200,39.1,11200,0,9600
BALKRISIND27FEB20940PE.NFO,07/01/2020,13:00:16,32.5,29.55,11200,39.1,11200,0,9600
BALKRISIND27FEB20940PE.NFO,07/01/2020,13:00:30,32.5,29.7,8000,39.1,11200,0,9600
BALKRISIND27FEB20940PE.NFO,07/01/2020,13:00:35,32.5,29.8,11200,39.1,11200,0,9600
BALKRISIND27FEB20940PE.NFO,07/01/2020,13:00:40,32.5,29.8,8000,39.1,11200,0,9600
BALKRISIND27FEB20940PE.NFO,07/01/2020,13:00:45,32.5,29.85,8000,39.1,11200,0,9600
BALKRISIND27FEB20940PE.NFO,07/01/2020,13:00:50,32.5,29.85,6400,39.1,11200,0,9600
BALKRISIND27FEB20940PE.NFO,07/01/2020,13:00:55,32.5,29.85,8000,39.1,11200,0,9600
BALKRISIND27FEB20940PE.NFO,07/01/2020,13:01:17,32.5,30,8000,39.1,11200,0,9600
BALKRISIND27FEB20940PE.NFO,07/01/2020,13:01:46,32.5,30,6400,39.1,11200,0,9600
BALKRISIND27FEB20940PE.NFO,07/01/2020,13:01:50,32.5,30,8000,39.1,11200,0,9600
BALKRISIND27FEB20940PE.NFO,07/01/2020,13:01:56,32.5,30,4800,39.1,11200,0,9600
BALKRISIND27FEB20940PE.NFO,07/01/2020,13:02:31,32.5,30.05,11200,39.1,11200,0,9600
BALKRISIND27FEB20940PE.NFO,07/01/2020,13:02:35,32.5,30.05,8000,39.1,11200,0,9600
BALKRISIND27FEB20940PE.NFO,07/01/2020,13:03:01,32.5,30.05,6400,39.1,11200,0,9600
BALKRISIND27FEB20940PE.NFO,07/01/2020,13:03:07,32.5,30.05,8000,39.1,11200,0,9600
BALKRISIND27FEB20940PE.NFO,07/01/2020,13:03:15,32.5,30.05,4800,39.1,11200,0,9600
BALKRISIND27FEB20940PE.NFO,07/01/2020,13:03:19,32.5,30.05,6400,39.1,11200,0,9600
BALKRISIND27FEB20940PE.NFO,07/01/2020,13:03:37,32.5,30.05,8000,39.1,11200,0,9600
BALKRISIND27FEB20940PE.NFO,07/01/2020,13:03:40,32.5,30.05,4800,39.1,11200,0,9600
BALKRISIND27FEB20940PE.NFO,07/01/2020,13:03:46,32.5,30.05,6400,39.1,11200,0,9600
BALKRISIND27FEB20940PE.NFO,07/01/2020,13:03:50,32.5,30.05,8000,39.1,11200,0,9600
BALKRISIND27FEB20940PE.NFO,07/01/2020,13:04:07,32.5,30.1,4800,39.1,11200,0,9600
BALKRISIND27FEB20940PE.NFO,07/01/2020,13:04:14,32.5,30.1,6400,39.1,11200,0,9600
BALKRISIND27FEB20940PE.NFO,07/01/2020,13:04:16,32.5,30.1,4800,39.1,11200,0,9600
BALKRISIND27FEB20940PE.NFO,07/01/2020,13:04:22,32.5,30.1,6400,39.1,11200,0,9600
BALKRISIND27FEB20940PE.NFO,07/01/2020,13:04:36,32.5,30.1,4800,39.1,11200,0,9600
BALKRISIND27FEB20940PE.NFO,07/01/2020,13:04:39,32.5,30.1,6400,39.1,11200,0,9600
BALKRISIND27FEB20940PE.NFO,07/01/2020,13:04:52,32.5,30.1,4800,39.1,11200,0,9600
BALKRISIND27FEB20940PE.NFO,07/01/2020,13:04:57,32.5,30.1,6400,39.1,11200,0,9600
BALKRISIND27FEB20940PE.NFO,07/01/2020,13:05:11,32.5,30.1,4800,39.1,11200,0,9600
BALKRISIND27FEB20940PE.NFO,07/01/2020,13:05:23,32.5,30.1,8000,39.1,11200,0,9600
BALKRISIND27FEB20940PE.NFO,07/01/2020,13:05:29,32.5,30.1,4800,39.1,11200,0,9600
BALKRISIND27FEB20940PE.NFO,07/01/2020,13:05:50,32.5,30.1,6400,39.1,11200,0,9600
BALKRISIND27FEB20940PE.NFO,07/01/2020,13:05:55,32.5,30.1,4800,39.1,11200,0,9600
BALKRISIND27FEB20940PE.NFO,07/01/2020,13:06:01,32.5,30.1,8000,39.1,11200,0,9600
BALKRISIND27FEB20940PE.NFO,07/01/2020,13:06:26,32.5,30.5,8000,39.1,11200,0,9600
BALKRISIND27FEB20940PE.NFO,07/01/2020,13:06:31,32.5,30.5,8000,39.1,9600,0,9600
BALKRISIND27FEB20940PE.NFO,07/01/2020,13:06:40,32.5,30.5,4800,39.1,11200,0,9600
BALKRISIND27FEB20940PE.NFO,07/01/2020,13:06:44,32.5,30.5,6400,39.1,11200,0,9600
BALKRISIND27FEB20940PE.NFO,07/01/2020,13:06:49,32.5,30.5,8000,39.1,11200,0,9600
BALKRISIND27FEB20940PE.NFO,07/01/2020,13:07:04,32.5,30.5,4800,39.1,11200,0,9600
BALKRISIND27FEB20940PE.NFO,07/01/2020,13:07:08,32.5,30.5,6400,39.1,11200,0,9600
BALKRISIND27FEB20940PE.NFO,07/01/2020,13:07:14,32.5,30.5,8000,39.1,11200,0,9600
BALKRISIND27FEB20940PE.NFO,07/01/2020,13:07:23,32.5,30.5,4800,39.1,11200,0,9600
BALKRISIND27FEB20940PE.NFO,07/01/2020,13:07:56,32.5,30.5,8000,39.1,11200,0,9600
BALKRISIND27FEB20940PE.NFO,07/01/2020,13:08:19,32.5,30.5,6400,39.1,11200,0,9600
BALKRISIND27FEB20940PE.NFO,07/01/2020,13:08:26,32.5,30.7,8000,39.1,9600,0,9600
BALKRISIND27FEB20940PE.NFO,07/01/2020,13:09:03,32.5,30.7,8000,39.1,11200,0,9600
BALKRISIND27FEB20940PE.NFO,07/01/2020,13:09:16,32.5,30.7,11200,39.1,11200,0,9600
BALKRISIND27FEB20940PE.NFO,07/01/2020,13:09:28,32.5,30.7,8000,39.1,11200,0,9600
BALKRISIND27FEB20940PE.NFO,07/01/2020,13:09:34,32.5,30.7,8000,39.1,9600,0,9600
BALKRISIND27FEB20940PE.NFO,07/01/2020,13:09:59,32.5,30.7,8000,39.1,11200,0,9600
BALKRISIND27FEB20940PE.NFO,07/01/2020,13:10:10,32.5,30.7,6400,39.1,11200,0,9600
BALKRISIND27FEB20940PE.NFO,07/01/2020,13:10:34,32.5,30.7,8000,39.1,11200,0,9600
BALKRISIND27FEB20940PE.NFO,07/01/2020,13:11:58,32.5,30.7,4800,39.1,11200,0,9600
BALKRISIND27FEB20940PE.NFO,07/01/2020,13:12:30,32.5,30.7,8000,39.1,11200,0,9600
BALKRISIND27FEB20940PE.NFO,07/01/2020,13:12:43,32.5,30.7,4800,39.1,11200,0,9600
BALKRISIND27FEB20940PE.NFO,07/01/2020,13:14:28,32.5,30.7,4800,39.1,9600,0,9600
BALKRISIND27FEB20940PE.NFO,07/01/2020,13:14:32,32.5,30.7,4800,39.1,11200,0,9600
BALKRISIND27FEB20940PE.NFO,07/01/2020,13:14:36,32.5,30.7,8000,39.1,11200,0,9600
BALKRISIND27FEB20940PE.NFO,07/01/2020,13:14:39,32.5,30.7,6400,39.1,11200,0,9600
BALKRISIND27FEB20940PE.NFO,07/01/2020,13:15:05,32.5,30.7,8000,39.1,11200,0,9600
BALKRISIND27FEB20940PE.NFO,07/01/2020,13:15:40,32.5,30.7,8000,39.1,9600,0,9600
BALKRISIND27FEB20940PE.NFO,07/01/2020,13:15:52,32.5,30.7,8000,39.1,11200,0,9600
BALKRISIND27FEB20940PE.NFO,07/01/2020,13:16:30,32.5,30.7,8000,39.1,9600,0,9600
BALKRISIND27FEB20940PE.NFO,07/01/2020,13:16:38,32.5,30.7,8000,39.1,11200,0,9600
BALKRISIND27FEB20940PE.NFO,07/01/2020,13:17:30,32.5,30.7,8000,39.1,9600,0,9600
BALKRISIND27FEB20940PE.NFO,07/01/2020,13:17:48,32.5,30.7,8000,39.1,11200,0,9600
BALKRISIND27FEB20940PE.NFO,07/01/2020,13:18:03,32.5,30.7,8000,39.1,9600,0,9600
BALKRISIND27FEB20940PE.NFO,07/01/2020,13:18:07,32.5,30.7,8000,39.1,11200,0,9600
BALKRISIND27FEB20940PE.NFO,07/01/2020,13:18:27,32.5,30.7,8000,39.1,9600,0,9600
BALKRISIND27FEB20940PE.NFO,07/01/2020,13:18:33,32.5,30.7,8000,39.1,11200,0,9600
BALKRISIND27FEB20940PE.NFO,07/01/2020,13:18:43,32.5,30.75,11200,39.1,11200,0,9600
BALKRISIND27FEB20940PE.NFO,07/01/2020,13:18:47,32.5,30.75,9600,39.1,11200,0,9600
BALKRISIND27FEB20940PE.NFO,07/01/2020,13:18:56,32.5,30.75,11200,39.1,11200,0,9600
BALKRISIND27FEB20940PE.NFO,07/01/2020,13:19:15,32.5,30.75,9600,39.1,11200,0,9600
BALKRISIND27FEB20940PE.NFO,07/01/2020,13:19:19,32.5,30.75,11200,39.1,11200,0,9600
BALKRISIND27FEB20940PE.NFO,07/01/2020,13:19:40,32.5,30.8,8000,39.1,11200,0,9600
BALKRISIND27FEB20940PE.NFO,07/01/2020,13:20:03,32.5,30.8,9600,39.1,11200,0,9600
BALKRISIND27FEB20940PE.NFO,07/01/2020,13:20:06,32.5,30.8,11200,39.1,11200,0,9600
BALKRISIND27FEB20940PE.NFO,07/01/2020,13:20:11,32.5,30.8,9600,39.1,11200,0,9600
BALKRISIND27FEB20940PE.NFO,07/01/2020,13:20:20,32.5,30.8,11200,39.1,11200,0,9600
BALKRISIND27FEB20940PE.NFO,07/01/2020,13:20:36,32.5,30.8,9600,39.1,11200,0,9600
BALKRISIND27FEB20940PE.NFO,07/01/2020,13:20:51,32.5,30.8,8000,39.1,11200,0,9600
BALKRISIND27FEB20940PE.NFO,07/01/2020,13:21:00,32.5,30.8,4800,39.1,11200,0,9600
BALKRISIND27FEB20940PE.NFO,07/01/2020,13:21:05,32.5,30.8,8000,39.1,9600,0,9600
BALKRISIND27FEB20940PE.NFO,07/01/2020,13:21:11,32.5,30.8,8000,39.1,11200,0,9600
BALKRISIND27FEB20940PE.NFO,07/01/2020,13:21:25,32.5,30.8,8000,39.1,9600,0,9600
BALKRISIND27FEB20940PE.NFO,07/01/2020,13:21:30,32.5,30.8,8000,39.1,11200,0,9600
BALKRISIND27FEB20940PE.NFO,07/01/2020,13:21:34,32.5,30.8,8000,39.1,9600,0,9600
BALKRISIND27FEB20940PE.NFO,07/01/2020,13:21:42,32.5,30.8,8000,39.1,11200,0,9600
BALKRISIND27FEB20940PE.NFO,07/01/2020,13:21:46,32.5,30.8,8000,39.1,9600,0,9600
BALKRISIND27FEB20940PE.NFO,07/01/2020,13:21:57,32.5,30.8,8000,39.1,11200,0,9600
BALKRISIND27FEB20940PE.NFO,07/01/2020,13:22:01,32.5,30.8,8000,39.1,9600,0,9600
BALKRISIND27FEB20940PE.NFO,07/01/2020,13:22:06,32.5,30.8,8000,39.1,11200,0,9600
BALKRISIND27FEB20940PE.NFO,07/01/2020,13:22:10,32.5,30.8,8000,39.1,9600,0,9600
BALKRISIND27FEB20940PE.NFO,07/01/2020,13:22:14,32.5,30.8,8000,39.1,11200,0,9600
BALKRISIND27FEB20940PE.NFO,07/01/2020,13:24:03,32.5,30.8,8000,39.1,9600,0,9600
BALKRISIND27FEB20940PE.NFO,07/01/2020,13:24:13,32.5,30.8,8000,39.1,11200,0,9600
BALKRISIND27FEB20940PE.NFO,07/01/2020,13:24:21,32.5,30.8,8000,39.1,9600,0,9600
BALKRISIND27FEB20940PE.NFO,07/01/2020,13:24:32,32.5,30.8,8000,39.1,11200,0,9600
BALKRISIND27FEB20940PE.NFO,07/01/2020,13:25:22,32.5,30.85,8000,39.1,9600,0,9600
BALKRISIND27FEB20940PE.NFO,07/01/2020,13:25:27,32.5,30.85,8000,39.1,11200,0,9600
BALKRISIND27FEB20940PE.NFO,07/01/2020,13:25:55,32.5,30.85,8000,39.1,9600,0,9600
BALKRISIND27FEB20940PE.NFO,07/01/2020,13:26:00,32.5,30.85,8000,39.1,11200,0,9600
BALKRISIND27FEB20940PE.NFO,07/01/2020,13:27:27,32.5,30.85,8000,39.1,9600,0,9600
BALKRISIND27FEB20940PE.NFO,07/01/2020,13:27:31,32.5,30.85,8000,39.1,11200,0,9600
BALKRISIND27FEB20940PE.NFO,07/01/2020,13:27:37,32.5,30.85,8000,39.1,9600,0,9600
BALKRISIND27FEB20940PE.NFO,07/01/2020,13:27:52,32.5,30.85,8000,39.1,11200,0,9600
BALKRISIND27FEB20940PE.NFO,07/01/2020,13:27:58,32.5,30.85,8000,39.1,9600,0,9600
BALKRISIND27FEB20940PE.NFO,07/01/2020,13:28:13,32.5,30.85,8000,39.1,11200,0,9600
BALKRISIND27FEB20940PE.NFO,07/01/2020,13:28:17,32.5,30.85,8000,39.1,9600,0,9600
BALKRISIND27FEB20940PE.NFO,07/01/2020,13:28:41,32.5,30.85,8000,39.1,11200,0,9600
BALKRISIND27FEB20940PE.NFO,07/01/2020,13:28:47,32.5,30.85,8000,39.1,9600,0,9600
BALKRISIND27FEB20940PE.NFO,07/01/2020,13:29:00,32.5,30.85,8000,39.1,11200,0,9600
BALKRISIND27FEB20940PE.NFO,07/01/2020,13:29:19,32.5,30.85,11200,39.1,11200,0,9600
BALKRISIND27FEB20940PE.NFO,07/01/2020,13:29:46,32.5,30.85,11200,39.1,9600,0,9600
BALKRISIND27FEB20940PE.NFO,07/01/2020,13:29:52,32.5,30.85,11200,39.1,11200,0,9600
BALKRISIND27FEB20940PE.NFO,07/01/2020,13:30:53,32.5,30.85,11200,39.1,9600,0,9600
BALKRISIND27FEB20940PE.NFO,07/01/2020,13:30:59,32.5,30.85,11200,39.1,11200,0,9600
BALKRISIND27FEB20940PE.NFO,07/01/2020,13:31:49,32.5,30.85,11200,39.1,9600,0,9600
BALKRISIND27FEB20940PE.NFO,07/01/2020,13:31:57,32.5,30.85,11200,39.1,11200,0,9600
BALKRISIND27FEB20940PE.NFO,07/01/2020,13:32:11,32.5,30.85,4800,39.1,3200,0,9600
BALKRISIND27FEB20940PE.NFO,07/01/2020,13:32:18,32.5,30.85,3200,39.1,1600,0,9600
BALKRISIND27FEB20940PE.NFO,07/01/2020,13:32:24,32.5,30.9,8000,39.1,3200,0,9600
BALKRISIND27FEB20940PE.NFO,07/01/2020,13:32:34,32.5,30.9,8000,39.1,1600,0,9600
BALKRISIND27FEB20940PE.NFO,07/01/2020,13:32:44,32.5,31.5,9600,39.8,800,0,9600
BALKRISIND27FEB20940PE.NFO,07/01/2020,13:32:50,32.5,32.15,9600,39.8,800,0,9600
BALKRISIND27FEB20940PE.NFO,07/01/2020,13:32:56,32.5,33.5,4800,39.1,1600,0,9600
BALKRISIND27FEB20940PE.NFO,07/01/2020,13:33:02,32.5,33.5,6400,39.1,1600,0,9600
BALKRISIND27FEB20940PE.NFO,07/01/2020,13:33:07,32.5,33.5,4800,39.1,1600,0,9600
BALKRISIND27FEB20940PE.NFO,07/01/2020,13:33:12,32.5,33.5,6400,39.1,1600,0,9600
BALKRISIND27FEB20940PE.NFO,07/01/2020,13:33:21,32.5,33.5,4800,39.1,1600,0,9600
BALKRISIND27FEB20940PE.NFO,07/01/2020,13:33:47,32.5,33.5,6400,39.1,1600,0,9600
BALKRISIND27FEB20940PE.NFO,07/01/2020,13:33:59,32.5,33.5,4800,39.1,1600,0,9600
BALKRISIND27FEB20940PE.NFO,07/01/2020,13:34:04,32.5,33.5,6400,39.1,1600,0,9600
BALKRISIND27FEB20940PE.NFO,07/01/2020,13:34:19,32.5,33.5,4800,39.1,1600,0,9600
BALKRISIND27FEB20940PE.NFO,07/01/2020,13:34:28,32.5,33.85,6400,39.8,800,0,9600
BALKRISIND27FEB20940PE.NFO,07/01/2020,13:34:34,32.5,33.85,3200,39.05,1600,0,9600
BALKRISIND27FEB20940PE.NFO,07/01/2020,13:34:38,32.5,33.85,3200,39.3,1600,0,9600
BALKRISIND27FEB20940PE.NFO,07/01/2020,13:34:45,32.5,33.85,3200,39.1,1600,0,9600
BALKRISIND27FEB20940PE.NFO,07/01/2020,13:34:51,32.5,33.85,3200,39.25,1600,0,9600
BALKRISIND27FEB20940PE.NFO,07/01/2020,13:35:04,32.5,33.35,9600,39.25,1600,0,9600
BALKRISIND27FEB20940PE.NFO,07/01/2020,13:35:10,32.5,33.35,6400,39.25,1600,0,9600
BALKRISIND27FEB20940PE.NFO,07/01/2020,13:35:34,32.5,33.35,4800,39.25,1600,0,9600
BALKRISIND27FEB20940PE.NFO,07/01/2020,13:35:40,32.5,33.35,6400,39.25,1600,0,9600
BALKRISIND27FEB20940PE.NFO,07/01/2020,13:36:06,32.5,32.8,6400,39.25,1600,0,9600
BALKRISIND27FEB20940PE.NFO,07/01/2020,13:36:10,32.5,32.8,9600,39.25,1600,0,9600
BALKRISIND27FEB20940PE.NFO,07/01/2020,13:36:22,32.5,33,6400,39.25,3200,0,9600
BALKRISIND27FEB20940PE.NFO,07/01/2020,13:36:46,32.5,33.05,6400,39.05,1600,0,9600
BALKRISIND27FEB20940PE.NFO,07/01/2020,13:36:52,32.5,33.05,6400,39.3,1600,0,9600
BALKRISIND27FEB20940PE.NFO,07/01/2020,13:37:17,32.5,33.2,4800,39.3,1600,0,9600
BALKRISIND27FEB20940PE.NFO,07/01/2020,13:37:22,32.5,33.2,6400,39.3,1600,0,9600
BALKRISIND27FEB20940PE.NFO,07/01/2020,13:38:34,32.5,33.25,6400,39.3,1600,0,9600
BALKRISIND27FEB20940PE.NFO,07/01/2020,13:39:03,32.5,33.25,6400,39.3,3200,0,9600
BALKRISIND27FEB20940PE.NFO,07/01/2020,13:39:37,32.5,33.25,6400,39.3,1600,0,9600
BALKRISIND27FEB20940PE.NFO,07/01/2020,13:42:38,32.5,33.25,6400,39.3,3200,0,9600
BALKRISIND27FEB20940PE.NFO,07/01/2020,13:45:29,32.5,33.25,4800,39.3,3200,0,9600
BALKRISIND27FEB20940PE.NFO,07/01/2020,13:46:42,32.5,33.25,3200,39.3,3200,0,9600
BALKRISIND27FEB20940PE.NFO,07/01/2020,13:46:51,32.5,33.25,3200,39.3,4800,0,9600
BALKRISIND27FEB20940PE.NFO,07/01/2020,13:46:58,32.5,33.25,3200,39.3,3200,0,9600
BALKRISIND27FEB20940PE.NFO,07/01/2020,13:47:12,32.5,33.25,1600,39.3,3200,0,9600
BALKRISIND27FEB20940PE.NFO,07/01/2020,13:47:18,32.5,33.25,1600,39.3,4800,0,9600
BALKRISIND27FEB20940PE.NFO,07/01/2020,13:47:51,32.5,33.25,1600,39.3,6400,0,9600
BALKRISIND27FEB20940PE.NFO,07/01/2020,13:47:55,32.5,33.25,1600,39.3,4800,0,9600
BALKRISIND27FEB20940PE.NFO,07/01/2020,13:48:11,32.5,33.25,1600,39.3,3200,0,9600
BALKRISIND27FEB20940PE.NFO,07/01/2020,13:48:21,32.5,32.75,3200,39.3,8000,0,9600
BALKRISIND27FEB20940PE.NFO,07/01/2020,13:48:31,32.5,32.75,3200,39.3,4800,0,9600
BALKRISIND27FEB20940PE.NFO,07/01/2020,13:48:52,32.5,32.75,3200,39.3,6400,0,9600
BALKRISIND27FEB20940PE.NFO,07/01/2020,13:49:19,32.5,32.75,1600,39.25,9600,0,9600
BALKRISIND27FEB20940PE.NFO,07/01/2020,13:49:37,32.5,32,3200,39.25,9600,0,9600
BALKRISIND27FEB20940PE.NFO,07/01/2020,13:49:42,32.5,32,1600,39.25,9600,0,9600
BALKRISIND27FEB20940PE.NFO,07/01/2020,13:49:55,32.5,32,3200,39.25,9600,0,9600
BALKRISIND27FEB20940PE.NFO,07/01/2020,13:50:45,32.5,32,1600,39.25,9600,0,9600
BALKRISIND27FEB20940PE.NFO,07/01/2020,13:51:17,32.5,32,3200,39.25,9600,0,9600
BALKRISIND27FEB20940PE.NFO,07/01/2020,13:51:23,32.5,32,1600,39.25,9600,0,9600
BALKRISIND27FEB20940PE.NFO,07/01/2020,13:52:17,32.5,32,3200,39.25,9600,0,9600
BALKRISIND27FEB20940PE.NFO,07/01/2020,13:53:09,32.5,32,3200,39.15,8000,0,9600
BALKRISIND27FEB20940PE.NFO,07/01/2020,13:53:26,32.5,32,3200,39.15,6400,0,9600
BALKRISIND27FEB20940PE.NFO,07/01/2020,13:53:30,32.5,32,3200,39.05,4800,0,9600
BALKRISIND27FEB20940PE.NFO,07/01/2020,13:53:34,32.5,32,3200,39,4800,0,9600
BALKRISIND27FEB20940PE.NFO,07/01/2020,13:53:38,32.5,32,3200,39,8000,0,9600
BALKRISIND27FEB20940PE.NFO,07/01/2020,13:53:58,32.5,32,3200,39,6400,0,9600
BALKRISIND27FEB20940PE.NFO,07/01/2020,13:54:04,32.5,32,3200,38.95,4800,0,9600
BALKRISIND27FEB20940PE.NFO,07/01/2020,13:54:09,32.5,32,4800,38.95,6400,0,9600
BALKRISIND27FEB20940PE.NFO,07/01/2020,13:54:17,32.5,32,3200,38.9,8000,0,9600
BALKRISIND27FEB20940PE.NFO,07/01/2020,13:54:25,32.5,32,3200,38.9,6400,0,9600
BALKRISIND27FEB20940PE.NFO,07/01/2020,13:55:05,32.5,32,1600,38.85,9600,0,9600
BALKRISIND27FEB20940PE.NFO,07/01/2020,13:55:12,32.5,32,1600,38.85,11200,0,9600
BALKRISIND27FEB20940PE.NFO,07/01/2020,13:55:42,32.5,31.55,3200,38.85,11200,0,9600
BALKRISIND27FEB20940PE.NFO,07/01/2020,13:57:11,32.5,31.55,3200,38.85,9600,0,9600
BALKRISIND27FEB20940PE.NFO,07/01/2020,13:57:24,32.5,31.55,3200,38.85,11200,0,9600
BALKRISIND27FEB20940PE.NFO,07/01/2020,13:57:48,32.5,31.55,3200,38.85,9600,0,9600
BALKRISIND27FEB20940PE.NFO,07/01/2020,13:57:57,32.5,31.55,3200,38.85,11200,0,9600
BALKRISIND27FEB20940PE.NFO,07/01/2020,13:58:02,32.5,31.55,3200,38.85,9600,0,9600
BALKRISIND27FEB20940PE.NFO,07/01/2020,13:58:06,32.5,31.55,3200,38.85,11200,0,9600
BALKRISIND27FEB20940PE.NFO,07/01/2020,13:58:34,32.5,31.55,3200,38.85,9600,0,9600
BALKRISIND27FEB20940PE.NFO,07/01/2020,13:58:46,32.5,31.55,3200,38.85,8000,0,9600
BALKRISIND27FEB20940PE.NFO,07/01/2020,13:58:53,32.5,31.55,3200,38.85,11200,0,9600
BALKRISIND27FEB20940PE.NFO,07/01/2020,13:58:56,32.5,31.55,3200,38.8,9600,0,9600
BALKRISIND27FEB20940PE.NFO,07/01/2020,13:59:06,32.5,31.55,3200,38.75,9600,0,9600
BALKRISIND27FEB20940PE.NFO,07/01/2020,13:59:58,32.5,31.55,3200,38.75,11200,0,9600
BALKRISIND27FEB20940PE.NFO,07/01/2020,14:00:43,32.5,31.55,3200,38.75,9600,0,9600
BALKRISIND27FEB20940PE.NFO,07/01/2020,14:00:49,32.5,31.55,3200,38.75,11200,0,9600
BALKRISIND27FEB20940PE.NFO,07/01/2020,14:01:00,32.5,31.55,3200,38.75,9600,0,9600
BALKRISIND27FEB20940PE.NFO,07/01/2020,14:01:05,32.5,31.55,3200,38.75,8000,0,9600
BALKRISIND27FEB20940PE.NFO,07/01/2020,14:01:10,32.5,31.55,3200,38.75,9600,0,9600
BALKRISIND27FEB20940PE.NFO,07/01/2020,14:01:28,32.5,31.55,1600,38.75,9600,0,9600
BALKRISIND27FEB20940PE.NFO,07/01/2020,14:01:33,32.5,31.55,1600,38.75,8000,0,9600
BALKRISIND27FEB20940PE.NFO,07/01/2020,14:01:36,32.5,31.55,1600,38.75,9600,0,9600
BALKRISIND27FEB20940PE.NFO,07/01/2020,14:01:46,32.5,31.55,3200,38.75,9600,0,9600
BALKRISIND27FEB20940PE.NFO,07/01/2020,14:01:49,32.5,31.55,3200,38.75,11200,0,9600
BALKRISIND27FEB20940PE.NFO,07/01/2020,14:02:08,32.5,31.55,3200,38.75,8000,0,9600
BALKRISIND27FEB20940PE.NFO,07/01/2020,14:02:09,32.5,31.55,3200,38.75,9600,0,9600
BALKRISIND27FEB20940PE.NFO,07/01/2020,14:02:23,32.5,31.55,3200,38.75,11200,0,9600
BALKRISIND27FEB20940PE.NFO,07/01/2020,14:02:27,32.5,31.55,3200,38.75,9600,0,9600
BALKRISIND27FEB20940PE.NFO,07/01/2020,14:02:36,32.5,31.55,3200,38.75,11200,0,9600
BALKRISIND27FEB20940PE.NFO,07/01/2020,14:02:54,32.5,28,11200,38.75,11200,0,9600
BALKRISIND27FEB20940PE.NFO,07/01/2020,14:03:04,32.5,28,11200,38.75,9600,0,9600
BALKRISIND27FEB20940PE.NFO,07/01/2020,14:03:07,32.5,28,11200,38.75,11200,0,9600
BALKRISIND27FEB20940PE.NFO,07/01/2020,14:06:15,32.5,28,11200,38.75,9600,0,9600
BALKRISIND27FEB20940PE.NFO,07/01/2020,14:06:16,32.5,28,11200,38.75,8000,0,9600
BALKRISIND27FEB20940PE.NFO,07/01/2020,14:06:22,32.5,28,11200,38.75,11200,0,9600
BALKRISIND27FEB20940PE.NFO,07/01/2020,14:06:24,32.5,28,11200,38.75,9600,0,9600
BALKRISIND27FEB20940PE.NFO,07/01/2020,14:06:42,32.5,28,11200,38.75,11200,0,9600
BALKRISIND27FEB20940PE.NFO,07/01/2020,14:06:53,32.5,28,11200,38.75,9600,0,9600
BALKRISIND27FEB20940PE.NFO,07/01/2020,14:06:54,32.5,28,11200,38.75,11200,0,9600
BALKRISIND27FEB20940PE.NFO,07/01/2020,14:07:03,32.5,28,11200,38.75,9600,0,9600
BALKRISIND27FEB20940PE.NFO,07/01/2020,14:07:13,32.5,28,11200,38.75,11200,0,9600
BALKRISIND27FEB20940PE.NFO,07/01/2020,14:08:19,32.5,28,11200,38.75,8000,0,9600
BALKRISIND27FEB20940PE.NFO,07/01/2020,14:08:26,32.5,28,11200,38.7,4800,0,9600
BALKRISIND27FEB20940PE.NFO,07/01/2020,14:08:51,32.5,28,11200,38.7,3200,0,9600
BALKRISIND27FEB20940PE.NFO,07/01/2020,14:08:54,32.5,28,11200,38.7,4800,0,9600
BALKRISIND27FEB20940PE.NFO,07/01/2020,14:09:50,32.5,28,11200,38.7,6400,0,9600
BALKRISIND27FEB20940PE.NFO,07/01/2020,14:09:56,32.5,28,11200,38.7,4800,0,9600
BALKRISIND27FEB20940PE.NFO,07/01/2020,14:10:10,32.5,28,11200,38.7,3200,0,9600
BALKRISIND27FEB20940PE.NFO,07/01/2020,14:10:15,32.5,28,11200,38.7,6400,0,9600
BALKRISIND27FEB20940PE.NFO,07/01/2020,14:10:27,32.5,28,11200,38.7,3200,0,9600
BALKRISIND27FEB20940PE.NFO,07/01/2020,14:10:31,32.5,28,11200,38.7,4800,0,9600
BALKRISIND27FEB20940PE.NFO,07/01/2020,14:10:58,32.5,28,11200,38.7,8000,0,9600
BALKRISIND27FEB20940PE.NFO,07/01/2020,14:11:36,32.5,28,11200,38.7,4800,0,9600
BALKRISIND27FEB20940PE.NFO,07/01/2020,14:12:00,32.5,28,11200,38.7,6400,0,9600
BALKRISIND27FEB20940PE.NFO,07/01/2020,14:13:38,32.5,28,11200,38.7,4800,0,9600
BALKRISIND27FEB20940PE.NFO,07/01/2020,14:14:01,32.5,28,11200,38.7,6400,0,9600
BALKRISIND27FEB20940PE.NFO,07/01/2020,14:14:37,32.5,28,11200,38.7,4800,0,9600
BALKRISIND27FEB20940PE.NFO,07/01/2020,14:14:41,32.5,28,11200,38.7,8000,0,9600
BALKRISIND27FEB20940PE.NFO,07/01/2020,14:14:51,32.5,28,11200,38.7,6400,0,9600
BALKRISIND27FEB20940PE.NFO,07/01/2020,14:15:04,32.5,28,11200,38.7,11200,0,9600
BALKRISIND27FEB20940PE.NFO,07/01/2020,14:16:18,32.5,28,11200,38.7,8000,0,9600
BALKRISIND27FEB20940PE.NFO,07/01/2020,14:16:25,32.5,28,11200,38.7,9600,0,9600
BALKRISIND27FEB20940PE.NFO,07/01/2020,14:16:35,32.5,28,11200,38.7,8000,0,9600
BALKRISIND27FEB20940PE.NFO,07/01/2020,14:16:38,32.5,28,11200,38.7,9600,0,9600
BALKRISIND27FEB20940PE.NFO,07/01/2020,14:16:48,32.5,28,11200,38.7,11200,0,9600
BALKRISIND27FEB20940PE.NFO,07/01/2020,14:16:51,32.5,28,11200,38.7,8000,0,9600
BALKRISIND27FEB20940PE.NFO,07/01/2020,14:16:54,32.5,28,11200,38.7,9600,0,9600
BALKRISIND27FEB20940PE.NFO,07/01/2020,14:16:57,32.5,28,11200,38.7,6400,0,9600
BALKRISIND27FEB20940PE.NFO,07/01/2020,14:17:04,32.5,28,11200,38.7,8000,0,9600
BALKRISIND27FEB20940PE.NFO,07/01/2020,14:17:20,32.5,28,11200,38.7,9600,0,9600
BALKRISIND27FEB20940PE.NFO,07/01/2020,14:17:24,32.5,28,11200,38.7,4800,0,9600
BALKRISIND27FEB20940PE.NFO,07/01/2020,14:17:37,32.5,28,11200,38.7,6400,0,9600
BALKRISIND27FEB20940PE.NFO,07/01/2020,14:17:46,32.5,28,11200,38.7,4800,0,9600
BALKRISIND27FEB20940PE.NFO,07/01/2020,14:17:50,32.5,28,11200,38.7,6400,0,9600
BALKRISIND27FEB20940PE.NFO,07/01/2020,14:17:53,32.5,28,11200,38.7,4800,0,9600
BALKRISIND27FEB20940PE.NFO,07/01/2020,14:17:59,32.5,28,11200,38.7,6400,0,9600
BALKRISIND27FEB20940PE.NFO,07/01/2020,14:18:02,32.5,28,11200,38.7,4800,0,9600
BALKRISIND27FEB20940PE.NFO,07/01/2020,14:18:04,32.5,28,11200,38.7,6400,0,9600
BALKRISIND27FEB20940PE.NFO,07/01/2020,14:18:37,32.5,28,11200,38.7,8000,0,9600
BALKRISIND27FEB20940PE.NFO,07/01/2020,14:18:42,32.5,28,11200,38.7,6400,0,9600
BALKRISIND27FEB20940PE.NFO,07/01/2020,14:18:50,32.5,28,11200,38.7,4800,0,9600
BALKRISIND27FEB20940PE.NFO,07/01/2020,14:19:45,32.5,28,11200,38.7,6400,0,9600
BALKRISIND27FEB20940PE.NFO,07/01/2020,14:19:59,32.5,28,11200,38.7,8000,0,9600
BALKRISIND27FEB20940PE.NFO,07/01/2020,14:21:12,32.5,28,11200,38.7,6400,0,9600
BALKRISIND27FEB20940PE.NFO,07/01/2020,14:21:16,32.5,28,11200,38.7,4800,0,9600
BALKRISIND27FEB20940PE.NFO,07/01/2020,14:21:20,32.5,28,11200,38.7,8000,0,9600
BALKRISIND27FEB20940PE.NFO,07/01/2020,14:21:36,32.5,28,11200,38.7,4800,0,9600
BALKRISIND27FEB20940PE.NFO,07/01/2020,14:21:40,32.5,28,11200,38.6,8000,0,9600
BALKRISIND27FEB20940PE.NFO,07/01/2020,14:21:50,32.5,28,11200,38.6,4800,0,9600
BALKRISIND27FEB20940PE.NFO,07/01/2020,14:21:55,32.5,28,11200,38.5,6400,0,9600
BALKRISIND27FEB20940PE.NFO,07/01/2020,14:22:03,32.5,28,11200,38.5,4800,0,9600
BALKRISIND27FEB20940PE.NFO,07/01/2020,14:22:19,32.5,28,11200,38.5,6400,0,9600
BALKRISIND27FEB20940PE.NFO,07/01/2020,14:22:25,32.5,28,11200,38.5,4800,0,9600
BALKRISIND27FEB20940PE.NFO,07/01/2020,14:22:39,32.5,28,11200,38.5,6400,0,9600
BALKRISIND27FEB20940PE.NFO,07/01/2020,14:22:43,32.5,28,11200,38.5,4800,0,9600
BALKRISIND27FEB20940PE.NFO,07/01/2020,14:22:48,32.5,28,11200,38.5,8000,0,9600
BALKRISIND27FEB20940PE.NFO,07/01/2020,14:22:52,32.5,28,11200,38.5,4800,0,9600
BALKRISIND27FEB20940PE.NFO,07/01/2020,14:23:03,32.5,28,11200,38.5,8000,0,9600
BALKRISIND27FEB20940PE.NFO,07/01/2020,14:24:01,32.5,28,11200,38.5,9600,0,9600
BALKRISIND27FEB20940PE.NFO,07/01/2020,14:24:04,32.5,28,11200,38.5,8000,0,9600
BALKRISIND27FEB20940PE.NFO,07/01/2020,14:24:09,32.5,28,11200,38.5,4800,0,9600
BALKRISIND27FEB20940PE.NFO,07/01/2020,14:24:23,32.5,28,11200,38.5,8000,0,9600
BALKRISIND27FEB20940PE.NFO,07/01/2020,14:24:32,32.5,28,11200,38.5,4800,0,9600
BALKRISIND27FEB20940PE.NFO,07/01/2020,14:24:36,32.5,28,11200,38.5,9600,0,9600
BALKRISIND27FEB20940PE.NFO,07/01/2020,14:24:41,32.5,28,11200,38.45,8000,0,9600
BALKRISIND27FEB20940PE.NFO,07/01/2020,14:25:12,32.5,28,11200,38.45,6400,0,9600
BALKRISIND27FEB20940PE.NFO,07/01/2020,14:25:18,32.5,28,11200,38.45,8000,0,9600
BALKRISIND27FEB20940PE.NFO,07/01/2020,14:25:21,32.5,28,11200,38.45,11200,0,9600
BALKRISIND27FEB20940PE.NFO,07/01/2020,14:25:38,32.5,28,11200,38.45,8000,0,9600
BALKRISIND27FEB20940PE.NFO,07/01/2020,14:26:04,32.5,28,11200,38.45,9600,0,9600
BALKRISIND27FEB20940PE.NFO,07/01/2020,14:26:06,32.5,28,11200,38.45,8000,0,9600
BALKRISIND27FEB20940PE.NFO,07/01/2020,14:26:09,32.5,28,11200,38.45,9600,0,9600
BALKRISIND27FEB20940PE.NFO,07/01/2020,14:27:08,32.5,28,11200,38.45,11200,0,9600
BALKRISIND27FEB20940PE.NFO,07/01/2020,14:27:46,32.5,28,11200,38.45,4800,0,9600
BALKRISIND27FEB20940PE.NFO,07/01/2020,14:27:54,32.5,28,11200,38.45,8000,0,9600
BALKRISIND27FEB20940PE.NFO,07/01/2020,14:27:59,32.5,28,11200,38.45,9600,0,9600
BALKRISIND27FEB20940PE.NFO,07/01/2020,14:30:28,32.5,28,11200,38.45,11200,0,9600
BALKRISIND27FEB20940PE.NFO,07/01/2020,14:30:37,32.5,28,11200,38.45,9600,0,9600
BALKRISIND27FEB20940PE.NFO,07/01/2020,14:30:54,32.5,28,11200,38.45,11200,0,9600
BALKRISIND27FEB20940PE.NFO,07/01/2020,14:31:36,32.5,28,9600,38.45,11200,0,9600
BALKRISIND27FEB20940PE.NFO,07/01/2020,14:31:42,32.5,28,11200,38.45,11200,0,9600
BALKRISIND27FEB20940PE.NFO,07/01/2020,14:32:01,32.5,28,11200,38.45,9600,0,9600
BALKRISIND27FEB20940PE.NFO,07/01/2020,14:32:08,32.5,28,11200,38.45,11200,0,9600
BALKRISIND27FEB20940PE.NFO,07/01/2020,14:39:32,32.5,28,11200,38.45,9600,0,9600
BALKRISIND27FEB20940PE.NFO,07/01/2020,14:39:38,32.5,28,11200,38.45,11200,0,9600
BALKRISIND27FEB20940PE.NFO,07/01/2020,14:40:17,32.5,28,11200,38.45,9600,0,9600
BALKRISIND27FEB20940PE.NFO,07/01/2020,14:40:22,32.5,28,11200,38.45,11200,0,9600
BALKRISIND27FEB20940PE.NFO,07/01/2020,14:40:31,32.5,28,11200,38.45,9600,0,9600
BALKRISIND27FEB20940PE.NFO,07/01/2020,14:40:35,32.5,28,11200,38.45,11200,0,9600
BALKRISIND27FEB20940PE.NFO,07/01/2020,14:40:40,32.5,28,11200,38.45,9600,0,9600
BALKRISIND27FEB20940PE.NFO,07/01/2020,14:40:43,32.5,28,11200,38.45,11200,0,9600
BALKRISIND27FEB20940PE.NFO,07/01/2020,14:40:51,32.5,28,11200,38.45,9600,0,9600
BALKRISIND27FEB20940PE.NFO,07/01/2020,14:40:55,32.5,28,11200,38.45,11200,0,9600
BALKRISIND27FEB20940PE.NFO,07/01/2020,14:41:06,32.5,28,11200,38.45,9600,0,9600
BALKRISIND27FEB20940PE.NFO,07/01/2020,14:41:24,32.5,28,11200,38.45,11200,0,9600
BALKRISIND27FEB20940PE.NFO,07/01/2020,14:41:31,32.5,28,11200,38.45,9600,0,9600
BALKRISIND27FEB20940PE.NFO,07/01/2020,14:41:35,32.5,28,11200,38.45,11200,0,9600
BALKRISIND27FEB20940PE.NFO,07/01/2020,14:41:39,32.5,28,11200,38.45,9600,0,9600
BALKRISIND27FEB20940PE.NFO,07/01/2020,14:41:44,32.5,28,11200,38.45,11200,0,9600
BALKRISIND27FEB20940PE.NFO,07/01/2020,14:42:23,32.5,28,11200,38.45,9600,0,9600
BALKRISIND27FEB20940PE.NFO,07/01/2020,14:42:28,32.5,28,11200,38.45,11200,0,9600
BALKRISIND27FEB20940PE.NFO,07/01/2020,14:42:41,32.5,28,11200,38.45,9600,0,9600
BALKRISIND27FEB20940PE.NFO,07/01/2020,14:42:43,32.5,28,11200,38.45,11200,0,9600
BALKRISIND27FEB20940PE.NFO,07/01/2020,14:45:08,32.5,28,11200,38.45,9600,0,9600
BALKRISIND27FEB20940PE.NFO,07/01/2020,14:45:58,32.5,28,11200,38.35,6400,0,9600
BALKRISIND27FEB20940PE.NFO,07/01/2020,14:46:04,32.5,28,11200,38.35,4800,0,9600
BALKRISIND27FEB20940PE.NFO,07/01/2020,14:46:10,32.5,28,11200,38.35,8000,0,9600
BALKRISIND27FEB20940PE.NFO,07/01/2020,14:46:16,32.5,28,11200,38.35,3200,0,9600
BALKRISIND27FEB20940PE.NFO,07/01/2020,14:49:49,32.5,28,11200,38.35,4800,0,9600
BALKRISIND27FEB20940PE.NFO,07/01/2020,14:49:53,32.5,28,11200,38.35,3200,0,9600
BALKRISIND27FEB20940PE.NFO,07/01/2020,14:50:04,32.5,28,11200,38.35,4800,0,9600
BALKRISIND27FEB20940PE.NFO,07/01/2020,14:51:33,32.5,28,11200,38.35,8000,0,9600
BALKRISIND27FEB20940PE.NFO,07/01/2020,14:51:37,32.5,28,11200,38.35,6400,0,9600
BALKRISIND27FEB20940PE.NFO,07/01/2020,14:51:41,32.5,28,11200,38.35,4800,0,9600
BALKRISIND27FEB20940PE.NFO,07/01/2020,14:52:05,32.5,28,11200,38.3,6400,0,9600
BALKRISIND27FEB20940PE.NFO,07/01/2020,14:52:14,32.5,28,11200,38.3,3200,0,9600
BALKRISIND27FEB20940PE.NFO,07/01/2020,14:52:47,32.5,28,11200,38.3,6400,0,9600
BALKRISIND27FEB20940PE.NFO,07/01/2020,14:52:58,32.5,28,11200,38.3,4800,0,9600
BALKRISIND27FEB20940PE.NFO,07/01/2020,14:53:03,32.5,28,11200,38.3,6400,0,9600
BALKRISIND27FEB20940PE.NFO,07/01/2020,14:53:32,32.5,28,11200,38.3,4800,0,9600
BALKRISIND27FEB20940PE.NFO,07/01/2020,14:53:43,32.5,28,11200,38.3,6400,0,9600
BALKRISIND27FEB20940PE.NFO,07/01/2020,14:53:56,32.5,28,11200,38.3,9600,0,9600
BALKRISIND27FEB20940PE.NFO,07/01/2020,14:54:25,32.5,28,11200,38.3,8000,0,9600
BALKRISIND27FEB20940PE.NFO,07/01/2020,14:55:49,32.5,28,11200,38.3,4800,0,9600
BALKRISIND27FEB20940PE.NFO,07/01/2020,14:55:55,32.5,28,11200,38.3,3200,0,9600
BALKRISIND27FEB20940PE.NFO,07/01/2020,14:55:59,32.5,28,11200,38.3,4800,0,9600
BALKRISIND27FEB20940PE.NFO,07/01/2020,14:56:07,32.5,28,11200,38.3,3200,0,9600
BALKRISIND27FEB20940PE.NFO,07/01/2020,14:56:15,32.5,28,11200,38.3,6400,0,9600
BALKRISIND27FEB20940PE.NFO,07/01/2020,14:56:18,32.5,28,11200,38.3,3200,0,9600
BALKRISIND27FEB20940PE.NFO,07/01/2020,14:56:44,32.5,28,11200,38.25,6400,0,9600
BALKRISIND27FEB20940PE.NFO,07/01/2020,14:56:50,32.5,28,11200,38.25,8000,0,9600
BALKRISIND27FEB20940PE.NFO,07/01/2020,14:56:53,32.5,28,11200,38.25,6400,0,9600
BALKRISIND27FEB20940PE.NFO,07/01/2020,14:57:54,32.5,28,11200,38.25,8000,0,9600
BALKRISIND27FEB20940PE.NFO,07/01/2020,14:57:58,32.5,28,11200,38.25,4800,0,9600
BALKRISIND27FEB20940PE.NFO,07/01/2020,14:58:02,32.5,28,11200,38.25,8000,0,9600
BALKRISIND27FEB20940PE.NFO,07/01/2020,14:58:09,32.5,28,11200,38.25,3200,0,9600
BALKRISIND27FEB20940PE.NFO,07/01/2020,14:58:12,32.5,28,11200,38.25,8000,0,9600
BALKRISIND27FEB20940PE.NFO,07/01/2020,14:58:15,32.5,28,11200,38.25,9600,0,9600
BALKRISIND27FEB20940PE.NFO,07/01/2020,14:58:18,32.5,28,11200,38.25,8000,0,9600
BALKRISIND27FEB20940PE.NFO,07/01/2020,14:58:23,32.5,28,11200,38.25,3200,0,9600
BALKRISIND27FEB20940PE.NFO,07/01/2020,14:58:29,32.5,28,11200,38.2,3200,0,9600
BALKRISIND27FEB20940PE.NFO,07/01/2020,14:58:35,32.5,28,11200,38.2,8000,0,9600
BALKRISIND27FEB20940PE.NFO,07/01/2020,14:58:46,32.5,28,11200,38.2,6400,0,9600
BALKRISIND27FEB20940PE.NFO,07/01/2020,14:58:50,32.5,28,11200,38.2,8000,0,9600
BALKRISIND27FEB20940PE.NFO,07/01/2020,14:58:57,32.5,28,11200,38.2,4800,0,9600
BALKRISIND27FEB20940PE.NFO,07/01/2020,14:59:16,32.5,28,11200,38.2,8000,0,9600
BALKRISIND27FEB20940PE.NFO,07/01/2020,14:59:26,32.5,28,11200,38.2,4800,0,9600
BALKRISIND27FEB20940PE.NFO,07/01/2020,14:59:37,32.5,28,11200,38.1,3200,0,9600
BALKRISIND27FEB20940PE.NFO,07/01/2020,15:00:03,32.5,28,11200,38.1,9600,0,9600
BALKRISIND27FEB20940PE.NFO,07/01/2020,15:00:12,32.5,28,11200,38.1,6400,0,9600
BALKRISIND27FEB20940PE.NFO,07/01/2020,15:00:19,32.5,28,11200,38.1,4800,0,9600
BALKRISIND27FEB20940PE.NFO,07/01/2020,15:00:26,32.5,28,11200,38.1,3200,0,9600
BALKRISIND27FEB20940PE.NFO,07/01/2020,15:05:56,32.5,28,11200,38.1,4800,0,9600
BALKRISIND27FEB20940PE.NFO,07/01/2020,15:06:31,32.5,28,11200,38.1,3200,0,9600
BALKRISIND27FEB20940PE.NFO,07/01/2020,15:16:54,32.5,28,11200,38.1,1600,0,9600
BALKRISIND27FEB20940PE.NFO,07/01/2020,15:17:00,32.5,28,11200,38.1,3200,0,9600
BALKRISIND27FEB20940PE.NFO,07/01/2020,15:17:55,32.5,28,11200,38.1,1600,0,9600
BALKRISIND27FEB20940PE.NFO,07/01/2020,15:17:59,32.5,28,11200,38.1,3200,0,9600
BALKRISIND27FEB20940PE.NFO,07/01/2020,15:20:16,32.5,28,11200,38.1,1600,0,9600
BALKRISIND27FEB20940PE.NFO,07/01/2020,15:20:24,32.5,28,11200,38.1,3200,0,9600
BALKRISIND27FEB20940PE.NFO,07/01/2020,15:21:10,32.5,28,11200,38.1,1600,0,9600
BALKRISIND27FEB20940PE.NFO,07/01/2020,15:21:31,32.5,28,11200,38.1,3200,0,9600
BALKRISIND27FEB20940PE.NFO,07/01/2020,15:22:53,32.5,28,11200,38.1,1600,0,9600
BALKRISIND27FEB20940PE.NFO,07/01/2020,15:23:05,32.5,28,11200,38.1,3200,0,9600
BALKRISIND27FEB20940PE.NFO,07/01/2020,15:23:18,32.5,28,11200,38.1,1600,0,9600
BALKRISIND27FEB20940PE.NFO,07/01/2020,15:24:07,32.5,28,11200,38.1,3200,0,9600
BALKRISIND27FEB20940PE.NFO,07/01/2020,15:24:44,32.5,28,11200,38.1,1600,0,9600
