Ticker,Date,Time,LTP,BuyPrice,BuyQty,SellPrice,SellQty,LTQ,OpenInterest
BALKRISIND30JAN20940CE.NFO,07/01/2020,12:04:31,44.1,43.3,1600,46.6,3200,800,5600
BALKRISIND30JAN20940CE.NFO,07/01/2020,12:04:31,44.1,43.3,1600,46.6,3200,0,5600
BALKRISIND30JAN20940CE.NFO,07/01/2020,12:04:31,44.1,43.3,1600,46.6,3200,0,5600
BALKRISIND30JAN20940CE.NFO,07/01/2020,12:04:31,44.1,43.3,1600,46.6,3200,0,5600
BALKRISIND30JAN20940CE.NFO,07/01/2020,12:04:34,44.1,43.3,1600,47.15,2400,0,5600
BALKRISIND30JAN20940CE.NFO,07/01/2020,12:04:37,44.1,43.3,1600,46.85,3200,0,5600
BALKRISIND30JAN20940CE.NFO,07/01/2020,12:04:40,44.1,43.3,1600,46.5,800,0,5600
BALKRISIND30JAN20940CE.NFO,07/01/2020,12:04:43,44.1,43.3,1600,47.5,3200,0,5600
BALKRISIND30JAN20940CE.NFO,07/01/2020,12:04:46,44.1,43.3,1600,47.3,3200,0,5600
BALKRISIND30JAN20940CE.NFO,07/01/2020,12:04:48,44.1,43.3,1600,47,3200,0,5600
BALKRISIND30JAN20940CE.NFO,07/01/2020,12:04:51,44.1,43.3,1600,46.8,3200,0,5600
BALKRISIND30JAN20940CE.NFO,07/01/2020,12:04:54,44.1,43.3,1600,46.6,3200,0,5600
BALKRISIND30JAN20940CE.NFO,07/01/2020,12:04:57,44.1,43.3,1600,47.35,800,0,5600
BALKRISIND30JAN20940CE.NFO,07/01/2020,12:05:00,44.1,43.3,1600,47.05,800,0,5600
BALKRISIND30JAN20940CE.NFO,07/01/2020,12:05:02,44.1,43.3,1600,46.65,800,0,5600
BALKRISIND30JAN20940CE.NFO,07/01/2020,12:05:06,44.1,43.3,1600,47.25,3200,0,5600
BALKRISIND30JAN20940CE.NFO,07/01/2020,12:05:11,44.1,43.3,1600,46.8,800,0,5600
BALKRISIND30JAN20940CE.NFO,07/01/2020,12:05:14,44.1,43.3,1600,47.35,3200,0,5600
BALKRISIND30JAN20940CE.NFO,07/01/2020,12:05:17,44.1,43.3,3200,47.05,3200,0,5600
BALKRISIND30JAN20940CE.NFO,07/01/2020,12:05:19,44.1,43.3,3200,46.8,800,0,5600
BALKRISIND30JAN20940CE.NFO,07/01/2020,12:05:21,44.1,43.3,3200,47.55,800,0,5600
BALKRISIND30JAN20940CE.NFO,07/01/2020,12:05:24,44.1,43.3,3200,46.85,800,0,5600
BALKRISIND30JAN20940CE.NFO,07/01/2020,12:05:26,44.1,43.3,3200,47.5,800,0,5600
BALKRISIND30JAN20940CE.NFO,07/01/2020,12:05:27,44.1,43.3,3200,47.3,800,0,5600
BALKRISIND30JAN20940CE.NFO,07/01/2020,12:05:29,44.1,43.3,3200,47.2,800,0,5600
BALKRISIND30JAN20940CE.NFO,07/01/2020,12:05:32,44.1,43.3,3200,46.9,800,0,5600
BALKRISIND30JAN20940CE.NFO,07/01/2020,12:05:34,44.1,43.3,3200,47.5,800,0,5600
BALKRISIND30JAN20940CE.NFO,07/01/2020,12:05:37,44.1,43.3,1600,46.85,800,0,5600
BALKRISIND30JAN20940CE.NFO,07/01/2020,12:05:40,44.1,43.3,1600,47.4,3200,0,5600
BALKRISIND30JAN20940CE.NFO,07/01/2020,12:05:42,44.1,43.3,1600,47.1,3200,0,5600
BALKRISIND30JAN20940CE.NFO,07/01/2020,12:05:45,44.1,43.3,1600,46.8,800,0,5600
BALKRISIND30JAN20940CE.NFO,07/01/2020,12:05:48,44.1,43.3,1600,47.4,3200,0,5600
BALKRISIND30JAN20940CE.NFO,07/01/2020,12:05:51,44.1,43.3,1600,47.1,3200,0,5600
BALKRISIND30JAN20940CE.NFO,07/01/2020,12:05:55,44.1,43.3,1600,47.45,3200,0,5600
BALKRISIND30JAN20940CE.NFO,07/01/2020,12:05:59,44.1,43.3,1600,47.05,3200,0,5600
BALKRISIND30JAN20940CE.NFO,07/01/2020,12:06:02,44.1,43.3,1600,46.75,3200,0,5600
BALKRISIND30JAN20940CE.NFO,07/01/2020,12:06:05,44.1,43.3,1600,47.45,3200,0,5600
BALKRISIND30JAN20940CE.NFO,07/01/2020,12:06:07,44.1,43.3,1600,47.15,3200,0,5600
BALKRISIND30JAN20940CE.NFO,07/01/2020,12:06:09,44.1,43.3,1600,46.95,3200,0,5600
BALKRISIND30JAN20940CE.NFO,07/01/2020,12:06:12,44.1,43.3,1600,46.65,800,0,5600
BALKRISIND30JAN20940CE.NFO,07/01/2020,12:06:13,44.1,43.3,1600,47.6,4800,0,5600
BALKRISIND30JAN20940CE.NFO,07/01/2020,12:06:16,44.1,43.3,1600,47.4,3200,0,5600
BALKRISIND30JAN20940CE.NFO,07/01/2020,12:06:19,44.1,43.3,1600,47,3200,0,5600
BALKRISIND30JAN20940CE.NFO,07/01/2020,12:06:22,44.1,43.3,1600,46.75,800,0,5600
BALKRISIND30JAN20940CE.NFO,07/01/2020,12:06:24,44.1,43.3,1600,47.3,3200,0,5600
BALKRISIND30JAN20940CE.NFO,07/01/2020,12:06:27,44.1,43.3,1600,47.1,3200,0,5600
BALKRISIND30JAN20940CE.NFO,07/01/2020,12:06:29,44.1,43.3,1600,46.9,3200,0,5600
BALKRISIND30JAN20940CE.NFO,07/01/2020,12:06:32,44.1,43.3,1600,46.75,800,0,5600
BALKRISIND30JAN20940CE.NFO,07/01/2020,12:06:34,44.1,43.3,1600,47.4,3200,0,5600
BALKRISIND30JAN20940CE.NFO,07/01/2020,12:06:36,44.1,43.3,1600,47.2,3200,0,5600
BALKRISIND30JAN20940CE.NFO,07/01/2020,12:06:39,44.1,43.3,1600,46.9,3200,0,5600
BALKRISIND30JAN20940CE.NFO,07/01/2020,12:06:41,44.1,43.3,1600,47,800,0,5600
BALKRISIND30JAN20940CE.NFO,07/01/2020,12:06:44,44.1,43.3,3200,47.55,2400,0,5600
BALKRISIND30JAN20940CE.NFO,07/01/2020,12:06:48,44.1,43.3,3200,47.35,3200,0,5600
BALKRISIND30JAN20940CE.NFO,07/01/2020,12:06:50,44.1,43.3,3200,47.25,3200,0,5600
BALKRISIND30JAN20940CE.NFO,07/01/2020,12:06:53,44.1,43.3,3200,47.7,3200,0,5600
BALKRISIND30JAN20940CE.NFO,07/01/2020,12:06:55,44.1,43.3,3200,47.5,3200,0,5600
BALKRISIND30JAN20940CE.NFO,07/01/2020,12:06:57,44.1,43.3,3200,47.3,3200,0,5600
BALKRISIND30JAN20940CE.NFO,07/01/2020,12:06:59,44.1,43.3,3200,47.1,800,0,5600
BALKRISIND30JAN20940CE.NFO,07/01/2020,12:07:02,44.1,43.3,1600,47.05,800,0,5600
BALKRISIND30JAN20940CE.NFO,07/01/2020,12:07:04,44.1,43.3,3200,47.5,3200,0,5600
BALKRISIND30JAN20940CE.NFO,07/01/2020,12:07:08,44.1,43.3,3200,47.2,3200,0,5600
BALKRISIND30JAN20940CE.NFO,07/01/2020,12:07:11,44.1,43.3,3200,47.8,3200,0,5600
BALKRISIND30JAN20940CE.NFO,07/01/2020,12:07:14,44.1,43.3,3200,47.6,3200,0,5600
BALKRISIND30JAN20940CE.NFO,07/01/2020,12:07:16,44.1,43.3,3200,47.3,3200,0,5600
BALKRISIND30JAN20940CE.NFO,07/01/2020,12:07:18,44.1,43.3,3200,47.05,2400,0,5600
BALKRISIND30JAN20940CE.NFO,07/01/2020,12:07:20,44.1,43.3,3200,47.75,3200,0,5600
BALKRISIND30JAN20940CE.NFO,07/01/2020,12:07:23,44.1,43.3,3200,47.55,3200,0,5600
BALKRISIND30JAN20940CE.NFO,07/01/2020,12:07:25,44.1,43.3,3200,47.25,3200,0,5600
BALKRISIND30JAN20940CE.NFO,07/01/2020,12:07:28,44.1,43.3,3200,47.55,3200,0,5600
BALKRISIND30JAN20940CE.NFO,07/01/2020,12:07:30,44.1,43.3,3200,47.25,3200,0,5600
BALKRISIND30JAN20940CE.NFO,07/01/2020,12:07:32,44.1,43.3,3200,47.05,3200,0,5600
BALKRISIND30JAN20940CE.NFO,07/01/2020,12:07:34,44.1,43.3,3200,47.55,3200,0,5600
BALKRISIND30JAN20940CE.NFO,07/01/2020,12:07:36,44.1,43.3,3200,47.35,3200,0,5600
BALKRISIND30JAN20940CE.NFO,07/01/2020,12:07:38,44.1,43.3,3200,47.2,800,0,5600
BALKRISIND30JAN20940CE.NFO,07/01/2020,12:07:41,44.1,43.3,3200,47.7,3200,0,5600
BALKRISIND30JAN20940CE.NFO,07/01/2020,12:07:44,44.1,43.3,3200,47.45,800,0,5600
BALKRISIND30JAN20940CE.NFO,07/01/2020,12:07:46,44.1,43.45,6400,47.7,800,0,5600
BALKRISIND30JAN20940CE.NFO,07/01/2020,12:07:48,44.1,43.45,8000,47.75,800,0,5600
BALKRISIND30JAN20940CE.NFO,07/01/2020,12:07:51,44.1,43.45,6400,47.85,800,0,5600
BALKRISIND30JAN20940CE.NFO,07/01/2020,12:07:54,44.1,43.45,6400,48.65,9600,0,5600
BALKRISIND30JAN20940CE.NFO,07/01/2020,12:07:57,44.1,43.6,3200,48.25,3200,0,5600
BALKRISIND30JAN20940CE.NFO,07/01/2020,12:08:01,44.1,43.6,3200,47.85,3200,0,5600
BALKRISIND30JAN20940CE.NFO,07/01/2020,12:08:06,44.1,43.6,3200,48,3200,0,5600
BALKRISIND30JAN20940CE.NFO,07/01/2020,12:08:10,44.1,43.6,6400,47.65,800,0,5600
BALKRISIND30JAN20940CE.NFO,07/01/2020,12:08:15,44.1,43.65,8000,47.7,2400,0,5600
BALKRISIND30JAN20940CE.NFO,07/01/2020,12:08:22,44.1,43.7,1600,48.15,3200,0,5600
BALKRISIND30JAN20940CE.NFO,07/01/2020,12:08:28,44.1,43.7,1600,48.65,5600,0,5600
BALKRISIND30JAN20940CE.NFO,07/01/2020,12:08:34,44.1,43.7,1600,48.2,3200,0,5600
BALKRISIND30JAN20940CE.NFO,07/01/2020,12:08:38,44.1,43.7,1600,47.8,3200,0,5600
BALKRISIND30JAN20940CE.NFO,07/01/2020,12:08:41,44.1,43.7,1600,48.2,3200,0,5600
BALKRISIND30JAN20940CE.NFO,07/01/2020,12:08:44,44.1,43.7,1600,47.8,3200,0,5600
BALKRISIND30JAN20940CE.NFO,07/01/2020,12:08:48,44.1,43.7,6400,48.2,3200,0,5600
BALKRISIND30JAN20940CE.NFO,07/01/2020,12:08:52,44.1,43.7,6400,47.8,3200,0,5600
BALKRISIND30JAN20940CE.NFO,07/01/2020,12:08:56,44.1,43.7,1600,48.65,4800,0,5600
BALKRISIND30JAN20940CE.NFO,07/01/2020,12:08:59,44.1,43.7,4800,48.25,3200,0,5600
BALKRISIND30JAN20940CE.NFO,07/01/2020,12:09:03,44.1,43.8,9600,48.9,8000,0,5600
BALKRISIND30JAN20940CE.NFO,07/01/2020,12:09:06,44.1,43.85,8000,48.5,4800,0,5600
BALKRISIND30JAN20940CE.NFO,07/01/2020,12:09:09,44.1,43.85,8000,48.2,3200,0,5600
BALKRISIND30JAN20940CE.NFO,07/01/2020,12:09:11,44.1,43.85,8000,47.95,800,0,5600
BALKRISIND30JAN20940CE.NFO,07/01/2020,12:09:14,44.1,43.85,8000,48.75,4800,0,5600
BALKRISIND30JAN20940CE.NFO,07/01/2020,12:09:18,44.1,43.85,4800,48.35,4800,0,5600
BALKRISIND30JAN20940CE.NFO,07/01/2020,12:09:21,44.1,43.85,4800,48.05,3200,0,5600
BALKRISIND30JAN20940CE.NFO,07/01/2020,12:09:24,44.1,43.85,4800,47.8,800,0,5600
BALKRISIND30JAN20940CE.NFO,07/01/2020,12:09:27,44.1,43.85,4800,48.45,4800,0,5600
BALKRISIND30JAN20940CE.NFO,07/01/2020,12:09:30,44.1,43.85,4800,48.15,3200,0,5600
BALKRISIND30JAN20940CE.NFO,07/01/2020,12:09:33,44.1,43.85,4800,47.9,800,0,5600
BALKRISIND30JAN20940CE.NFO,07/01/2020,12:09:36,44.1,43.85,4800,48.35,4800,0,5600
BALKRISIND30JAN20940CE.NFO,07/01/2020,12:09:39,44.1,43.85,4800,48.05,3200,0,5600
BALKRISIND30JAN20940CE.NFO,07/01/2020,12:09:42,44.1,43.85,4800,47.75,3200,0,5600
BALKRISIND30JAN20940CE.NFO,07/01/2020,12:09:46,44.1,43.85,4800,48.4,4000,0,5600
BALKRISIND30JAN20940CE.NFO,07/01/2020,12:09:49,44.1,43.85,4800,48.2,3200,0,5600
BALKRISIND30JAN20940CE.NFO,07/01/2020,12:09:51,44.1,43.85,4800,47.8,3200,0,5600
BALKRISIND30JAN20940CE.NFO,07/01/2020,12:09:54,44.1,43.85,4800,47.65,800,0,5600
BALKRISIND30JAN20940CE.NFO,07/01/2020,12:09:56,44.1,43.85,1600,48.1,3200,0,5600
BALKRISIND30JAN20940CE.NFO,07/01/2020,12:09:59,44.1,43.85,1600,47.9,3200,0,5600
BALKRISIND30JAN20940CE.NFO,07/01/2020,12:10:01,44.1,43.85,1600,47.7,800,0,5600
BALKRISIND30JAN20940CE.NFO,07/01/2020,12:10:03,44.1,43.85,1600,48.3,3200,0,5600
BALKRISIND30JAN20940CE.NFO,07/01/2020,12:10:05,44.1,43.85,1600,48,3200,0,5600
BALKRISIND30JAN20940CE.NFO,07/01/2020,12:10:07,44.1,43.85,1600,47.7,3200,0,5600
BALKRISIND30JAN20940CE.NFO,07/01/2020,12:10:09,44.1,43.85,1600,47.5,800,0,5600
BALKRISIND30JAN20940CE.NFO,07/01/2020,12:10:11,44.1,43.85,1600,48.5,8000,0,5600
BALKRISIND30JAN20940CE.NFO,07/01/2020,12:10:14,44.1,43.85,1600,48.3,4800,0,5600
BALKRISIND30JAN20940CE.NFO,07/01/2020,12:10:16,44.1,43.85,1600,47.9,4800,0,5600
BALKRISIND30JAN20940CE.NFO,07/01/2020,12:10:19,44.1,43.85,1600,47.7,3200,0,5600
BALKRISIND30JAN20940CE.NFO,07/01/2020,12:10:22,44.1,43.85,1600,47.4,3200,0,5600
BALKRISIND30JAN20940CE.NFO,07/01/2020,12:10:25,44.1,43.85,1600,48.25,4800,0,5600
BALKRISIND30JAN20940CE.NFO,07/01/2020,12:10:27,44.1,43.85,1600,47.95,4800,0,5600
BALKRISIND30JAN20940CE.NFO,07/01/2020,12:10:30,44.1,43.85,1600,47.65,3200,0,5600
BALKRISIND30JAN20940CE.NFO,07/01/2020,12:10:32,44.1,43.85,1600,47.35,3200,0,5600
BALKRISIND30JAN20940CE.NFO,07/01/2020,12:10:35,44.1,43.85,1600,47.85,4800,0,5600
BALKRISIND30JAN20940CE.NFO,07/01/2020,12:10:37,44.1,43.85,1600,47.55,3200,0,5600
BALKRISIND30JAN20940CE.NFO,07/01/2020,12:10:40,44.1,43.85,1600,47.25,3200,0,5600
BALKRISIND30JAN20940CE.NFO,07/01/2020,12:10:42,44.1,43.85,1600,47.05,800,0,5600
BALKRISIND30JAN20940CE.NFO,07/01/2020,12:10:44,44.1,43.85,1600,48.1,4800,0,5600
BALKRISIND30JAN20940CE.NFO,07/01/2020,12:10:47,44.1,43.85,1600,47.9,4800,0,5600
BALKRISIND30JAN20940CE.NFO,07/01/2020,12:10:50,44.1,43.85,1600,47.5,3200,0,5600
BALKRISIND30JAN20940CE.NFO,07/01/2020,12:10:52,44.1,43.85,1600,47.25,800,0,5600
BALKRISIND30JAN20940CE.NFO,07/01/2020,12:10:55,44.1,43.85,1600,48.05,3200,0,5600
BALKRISIND30JAN20940CE.NFO,07/01/2020,12:10:56,44.1,43.85,1600,47.95,3200,0,5600
BALKRISIND30JAN20940CE.NFO,07/01/2020,12:10:59,44.1,43.85,1600,47.75,3200,0,5600
BALKRISIND30JAN20940CE.NFO,07/01/2020,12:11:01,44.1,43.85,1600,47.55,3200,0,5600
BALKRISIND30JAN20940CE.NFO,07/01/2020,12:11:04,44.1,43.85,1600,47.3,800,0,5600
BALKRISIND30JAN20940CE.NFO,07/01/2020,12:11:07,44.1,43.85,1600,47.7,3200,0,5600
BALKRISIND30JAN20940CE.NFO,07/01/2020,12:11:10,44.1,43.85,1600,47.4,3200,0,5600
BALKRISIND30JAN20940CE.NFO,07/01/2020,12:11:14,44.1,43.85,1600,47.9,3200,0,5600
BALKRISIND30JAN20940CE.NFO,07/01/2020,12:11:19,44.1,43.85,6400,47.4,2400,0,5600
BALKRISIND30JAN20940CE.NFO,07/01/2020,12:11:22,44.1,43.85,6400,47.85,3200,0,5600
BALKRISIND30JAN20940CE.NFO,07/01/2020,12:11:26,44.1,43.85,6400,47.6,800,0,5600
BALKRISIND30JAN20940CE.NFO,07/01/2020,12:11:28,44.1,43.85,6400,48.3,2400,0,5600
BALKRISIND30JAN20940CE.NFO,07/01/2020,12:11:30,44.1,43.85,6400,48,3200,0,5600
BALKRISIND30JAN20940CE.NFO,07/01/2020,12:11:33,44.1,43.85,6400,47.8,3200,0,5600
BALKRISIND30JAN20940CE.NFO,07/01/2020,12:11:35,44.1,43.85,6400,47.6,800,0,5600
BALKRISIND30JAN20940CE.NFO,07/01/2020,12:11:37,44.1,43.85,6400,47.45,800,0,5600
BALKRISIND30JAN20940CE.NFO,07/01/2020,12:11:40,44.1,43.85,6400,48.15,4800,0,5600
BALKRISIND30JAN20940CE.NFO,07/01/2020,12:11:43,44.1,43.85,6400,47.65,2400,0,5600
BALKRISIND30JAN20940CE.NFO,07/01/2020,12:11:45,44.1,43.85,6400,48.2,3200,0,5600
BALKRISIND30JAN20940CE.NFO,07/01/2020,12:11:48,44.1,43.85,6400,47.9,3200,0,5600
BALKRISIND30JAN20940CE.NFO,07/01/2020,12:11:51,44.1,43.85,6400,47.5,2400,0,5600
BALKRISIND30JAN20940CE.NFO,07/01/2020,12:11:53,44.1,43.85,6400,48,3200,0,5600
BALKRISIND30JAN20940CE.NFO,07/01/2020,12:11:56,44.1,43.85,6400,47.8,3200,0,5600
BALKRISIND30JAN20940CE.NFO,07/01/2020,12:11:58,44.1,43.85,6400,47.5,3200,0,5600
BALKRISIND30JAN20940CE.NFO,07/01/2020,12:12:00,44.1,43.85,6400,48,3200,0,5600
BALKRISIND30JAN20940CE.NFO,07/01/2020,12:12:02,44.1,43.85,6400,47.8,3200,0,5600
BALKRISIND30JAN20940CE.NFO,07/01/2020,12:12:04,44.1,43.85,6400,47.5,3200,0,5600
BALKRISIND30JAN20940CE.NFO,07/01/2020,12:12:06,44.1,43.85,6400,48,800,0,5600
BALKRISIND30JAN20940CE.NFO,07/01/2020,12:12:09,44.1,43.85,6400,47.25,800,0,5600
BALKRISIND30JAN20940CE.NFO,07/01/2020,12:12:13,44.1,43.85,6400,47.8,2400,0,5600
BALKRISIND30JAN20940CE.NFO,07/01/2020,12:12:16,44.1,43.85,6400,47.6,3200,0,5600
BALKRISIND30JAN20940CE.NFO,07/01/2020,12:12:18,44.1,43.85,6400,47.3,3200,0,5600
BALKRISIND30JAN20940CE.NFO,07/01/2020,12:12:21,44.1,43.85,6400,48.3,4800,0,5600
BALKRISIND30JAN20940CE.NFO,07/01/2020,12:12:23,44.1,43.85,6400,47.4,800,0,5600
BALKRISIND30JAN20940CE.NFO,07/01/2020,12:12:26,44.1,43.85,6400,48,3200,0,5600
BALKRISIND30JAN20940CE.NFO,07/01/2020,12:12:28,44.1,43.85,6400,47.7,3200,0,5600
BALKRISIND30JAN20940CE.NFO,07/01/2020,12:12:30,44.1,43.85,6400,47.5,3200,0,5600
BALKRISIND30JAN20940CE.NFO,07/01/2020,12:12:32,44.1,43.85,6400,47.45,800,0,5600
BALKRISIND30JAN20940CE.NFO,07/01/2020,12:12:33,44.1,43.85,6400,47.9,3200,0,5600
BALKRISIND30JAN20940CE.NFO,07/01/2020,12:12:36,44.1,43.85,6400,47.6,3200,0,5600
BALKRISIND30JAN20940CE.NFO,07/01/2020,12:12:38,44.1,43.85,6400,48,2400,0,5600
BALKRISIND30JAN20940CE.NFO,07/01/2020,12:12:41,44.1,43.85,6400,47.9,3200,0,5600
BALKRISIND30JAN20940CE.NFO,07/01/2020,12:12:43,44.1,43.85,6400,47.7,3200,0,5600
BALKRISIND30JAN20940CE.NFO,07/01/2020,12:12:47,44.1,43.85,6400,48,3200,0,5600
BALKRISIND30JAN20940CE.NFO,07/01/2020,12:12:50,44.1,43.85,6400,47.7,3200,0,5600
BALKRISIND30JAN20940CE.NFO,07/01/2020,12:12:52,44.1,43.85,6400,47.4,800,0,5600
BALKRISIND30JAN20940CE.NFO,07/01/2020,12:12:54,44.1,43.85,6400,47.35,800,0,5600
BALKRISIND30JAN20940CE.NFO,07/01/2020,12:12:56,44.1,43.85,1600,47.8,3200,0,5600
BALKRISIND30JAN20940CE.NFO,07/01/2020,12:12:58,44.1,43.85,1600,47.6,3200,0,5600
BALKRISIND30JAN20940CE.NFO,07/01/2020,12:13:00,44.1,43.85,1600,47.4,3200,0,5600
BALKRISIND30JAN20940CE.NFO,07/01/2020,12:13:01,44.1,43.85,1600,47.3,3200,0,5600
BALKRISIND30JAN20940CE.NFO,07/01/2020,12:13:03,44.1,43.85,1600,47.25,800,0,5600
BALKRISIND30JAN20940CE.NFO,07/01/2020,12:13:05,44.1,43.85,1600,48.05,4800,0,5600
BALKRISIND30JAN20940CE.NFO,07/01/2020,12:13:10,44.1,43.85,3200,47.75,3200,0,5600
BALKRISIND30JAN20940CE.NFO,07/01/2020,12:13:17,44.1,43.85,4800,48.5,4800,0,5600
BALKRISIND30JAN20940CE.NFO,07/01/2020,12:13:23,44.1,43.85,3200,47.9,3200,0,5600
BALKRISIND30JAN20940CE.NFO,07/01/2020,12:13:27,44.1,43.85,3200,48.55,4800,0,5600
BALKRISIND30JAN20940CE.NFO,07/01/2020,12:13:32,44.1,43.85,1600,48.05,3200,0,5600
BALKRISIND30JAN20940CE.NFO,07/01/2020,12:13:37,44.1,43.85,1600,47.65,800,0,5600
BALKRISIND30JAN20940CE.NFO,07/01/2020,12:13:40,44.1,43.85,1600,48.55,2400,0,5600
BALKRISIND30JAN20940CE.NFO,07/01/2020,12:13:44,44.1,43.85,1600,48.05,3200,0,5600
BALKRISIND30JAN20940CE.NFO,07/01/2020,12:13:47,44.1,43.85,1600,47.75,800,0,5600
BALKRISIND30JAN20940CE.NFO,07/01/2020,12:13:50,44.1,43.85,1600,48.25,800,0,5600
BALKRISIND30JAN20940CE.NFO,07/01/2020,12:13:53,44.1,43.85,1600,48.25,3200,0,5600
BALKRISIND30JAN20940CE.NFO,07/01/2020,12:13:56,44.1,43.85,1600,47.95,3200,0,5600
BALKRISIND30JAN20940CE.NFO,07/01/2020,12:13:59,44.1,43.85,1600,47.6,800,0,5600
BALKRISIND30JAN20940CE.NFO,07/01/2020,12:14:05,44.1,43.85,1600,47.75,3200,0,5600
BALKRISIND30JAN20940CE.NFO,07/01/2020,12:14:10,44.1,43.85,1600,48.45,4800,0,5600
BALKRISIND30JAN20940CE.NFO,07/01/2020,12:14:14,44.1,43.85,1600,47.95,6400,0,5600
BALKRISIND30JAN20940CE.NFO,07/01/2020,12:14:19,44.1,43.85,3200,48.55,9600,0,5600
BALKRISIND30JAN20940CE.NFO,07/01/2020,12:14:23,44.1,43.85,3200,47.75,800,0,5600
BALKRISIND30JAN20940CE.NFO,07/01/2020,12:14:26,44.1,43.85,3200,47.65,800,0,5600
BALKRISIND30JAN20940CE.NFO,07/01/2020,12:14:29,44.1,43.85,3200,48.15,6400,0,5600
BALKRISIND30JAN20940CE.NFO,07/01/2020,12:14:32,44.1,43.85,3200,47.85,4800,0,5600
BALKRISIND30JAN20940CE.NFO,07/01/2020,12:14:35,44.1,43.85,3200,48.35,8000,0,5600
BALKRISIND30JAN20940CE.NFO,07/01/2020,12:14:38,44.1,43.85,3200,48.15,6400,0,5600
BALKRISIND30JAN20940CE.NFO,07/01/2020,12:14:40,44.1,43.85,3200,47.95,4800,0,5600
BALKRISIND30JAN20940CE.NFO,07/01/2020,12:14:42,44.1,43.85,3200,47.75,800,0,5600
BALKRISIND30JAN20940CE.NFO,07/01/2020,12:14:44,44.1,43.85,3200,47.45,4800,0,5600
BALKRISIND30JAN20940CE.NFO,07/01/2020,12:14:48,44.1,43.85,3200,47.35,800,0,5600
BALKRISIND30JAN20940CE.NFO,07/01/2020,12:14:51,44.1,43.85,1600,47.35,800,0,5600
BALKRISIND30JAN20940CE.NFO,07/01/2020,12:14:59,44.1,43.9,2400,47.3,800,0,5600
BALKRISIND30JAN20940CE.NFO,07/01/2020,12:15:03,44.1,43.9,2400,48.1,3200,0,5600
BALKRISIND30JAN20940CE.NFO,07/01/2020,12:15:06,44.1,43.9,2400,47.7,3200,0,5600
BALKRISIND30JAN20940CE.NFO,07/01/2020,12:15:10,44.1,43.9,2400,47.35,800,0,5600
BALKRISIND30JAN20940CE.NFO,07/01/2020,12:15:13,44.1,43.9,2400,48.35,3200,0,5600
BALKRISIND30JAN20940CE.NFO,07/01/2020,12:15:16,44.1,43.9,2400,48.05,3200,0,5600
BALKRISIND30JAN20940CE.NFO,07/01/2020,12:15:20,44.1,43.9,1600,47.3,800,0,5600
BALKRISIND30JAN20940CE.NFO,07/01/2020,12:15:25,44.1,43.9,1600,47.85,3200,0,5600
BALKRISIND30JAN20940CE.NFO,07/01/2020,12:15:28,44.1,43.9,1600,47.55,3200,0,5600
BALKRISIND30JAN20940CE.NFO,07/01/2020,12:15:31,44.1,43.9,1600,48.45,4000,0,5600
BALKRISIND30JAN20940CE.NFO,07/01/2020,12:15:33,44.1,43.9,1600,48.25,3200,0,5600
BALKRISIND30JAN20940CE.NFO,07/01/2020,12:15:35,44.1,43.9,1600,48.05,3200,0,5600
BALKRISIND30JAN20940CE.NFO,07/01/2020,12:15:38,44.1,43.9,1600,47.85,3200,0,5600
BALKRISIND30JAN20940CE.NFO,07/01/2020,12:15:42,44.1,43.9,1600,47.35,800,0,5600
BALKRISIND30JAN20940CE.NFO,07/01/2020,12:15:45,44.1,43.9,1600,48.2,3200,0,5600
BALKRISIND30JAN20940CE.NFO,07/01/2020,12:15:48,44.1,43.9,1600,48,3200,0,5600
BALKRISIND30JAN20940CE.NFO,07/01/2020,12:15:51,44.1,43.9,1600,47.6,3200,0,5600
BALKRISIND30JAN20940CE.NFO,07/01/2020,12:15:55,44.1,43.9,1600,47.35,800,0,5600
BALKRISIND30JAN20940CE.NFO,07/01/2020,12:15:59,44.1,43.9,1600,47.9,3200,0,5600
BALKRISIND30JAN20940CE.NFO,07/01/2020,12:16:02,44.1,43.9,1600,47.5,3200,0,5600
BALKRISIND30JAN20940CE.NFO,07/01/2020,12:16:05,44.1,43.9,1600,47.3,800,0,5600
BALKRISIND30JAN20940CE.NFO,07/01/2020,12:16:08,44.1,43.9,1600,48.2,2400,0,5600
BALKRISIND30JAN20940CE.NFO,07/01/2020,12:16:10,44.1,43.9,1600,48,800,0,5600
BALKRISIND30JAN20940CE.NFO,07/01/2020,12:16:13,44.1,43.9,1600,47.8,3200,0,5600
BALKRISIND30JAN20940CE.NFO,07/01/2020,12:16:15,44.1,43.9,1600,47.5,3200,0,5600
BALKRISIND30JAN20940CE.NFO,07/01/2020,12:16:18,44.1,43.9,1600,47.25,800,0,5600
BALKRISIND30JAN20940CE.NFO,07/01/2020,12:16:20,44.1,43.9,1600,47.85,3200,0,5600
BALKRISIND30JAN20940CE.NFO,07/01/2020,12:16:23,44.1,43.9,1600,47.55,3200,0,5600
BALKRISIND30JAN20940CE.NFO,07/01/2020,12:16:25,44.1,43.9,1600,47.35,3200,0,5600
BALKRISIND30JAN20940CE.NFO,07/01/2020,12:16:28,44.1,43.9,1600,47.95,800,0,5600
BALKRISIND30JAN20940CE.NFO,07/01/2020,12:16:29,44.1,43.9,1600,47.75,3200,0,5600
BALKRISIND30JAN20940CE.NFO,07/01/2020,12:16:31,44.1,43.9,1600,47.55,3200,0,5600
BALKRISIND30JAN20940CE.NFO,07/01/2020,12:16:33,44.1,43.9,1600,47.35,3200,0,5600
BALKRISIND30JAN20940CE.NFO,07/01/2020,12:16:35,44.1,43.9,1600,47.3,800,0,5600
BALKRISIND30JAN20940CE.NFO,07/01/2020,12:16:36,44.1,43.9,1600,47.9,800,0,5600
BALKRISIND30JAN20940CE.NFO,07/01/2020,12:16:38,44.1,43.9,1600,47.35,800,0,5600
BALKRISIND30JAN20940CE.NFO,07/01/2020,12:16:40,44.1,43.9,1600,47.3,800,0,5600
BALKRISIND30JAN20940CE.NFO,07/01/2020,12:16:42,44.1,43.9,1600,47.45,2400,0,5600
BALKRISIND30JAN20940CE.NFO,07/01/2020,12:16:45,44.1,43.9,1600,47.9,3200,0,5600
BALKRISIND30JAN20940CE.NFO,07/01/2020,12:16:47,44.1,43.9,1600,47.7,3200,0,5600
BALKRISIND30JAN20940CE.NFO,07/01/2020,12:16:49,44.1,43.9,1600,47.5,3200,0,5600
BALKRISIND30JAN20940CE.NFO,07/01/2020,12:16:51,44.1,43.9,1600,47.25,800,0,5600
BALKRISIND30JAN20940CE.NFO,07/01/2020,12:16:53,44.1,43.9,4800,47.2,800,0,5600
BALKRISIND30JAN20940CE.NFO,07/01/2020,12:16:57,44.1,43.9,3200,47.95,3200,0,5600
BALKRISIND30JAN20940CE.NFO,07/01/2020,12:16:59,44.1,43.95,8000,47.75,3200,0,5600
BALKRISIND30JAN20940CE.NFO,07/01/2020,12:17:01,44.1,44,4000,48.55,6400,0,5600
BALKRISIND30JAN20940CE.NFO,07/01/2020,12:17:03,44.1,44,4000,48.35,3200,0,5600
BALKRISIND30JAN20940CE.NFO,07/01/2020,12:17:05,44.1,44,4000,48.05,3200,0,5600
BALKRISIND30JAN20940CE.NFO,07/01/2020,12:17:06,44.1,44,4000,47.85,2400,0,5600
BALKRISIND30JAN20940CE.NFO,07/01/2020,12:17:09,44.1,44,4000,47.65,800,0,5600
BALKRISIND30JAN20940CE.NFO,07/01/2020,12:17:10,44.1,44,4000,48.3,3200,0,5600
BALKRISIND30JAN20940CE.NFO,07/01/2020,12:17:12,44.1,44,4000,48.1,3200,0,5600
BALKRISIND30JAN20940CE.NFO,07/01/2020,12:17:14,44.1,44,4000,47.9,3200,0,5600
BALKRISIND30JAN20940CE.NFO,07/01/2020,12:17:16,44.1,44,4000,47.7,3200,0,5600
BALKRISIND30JAN20940CE.NFO,07/01/2020,12:17:18,44.1,44.05,3200,48.45,3200,0,5600
BALKRISIND30JAN20940CE.NFO,07/01/2020,12:17:20,44.1,44.05,3200,48.2,800,0,5600
BALKRISIND30JAN20940CE.NFO,07/01/2020,12:17:23,44.1,44.05,3200,48.75,3200,0,5600
BALKRISIND30JAN20940CE.NFO,07/01/2020,12:17:25,44.1,44.05,3200,48.55,3200,0,5600
BALKRISIND30JAN20940CE.NFO,07/01/2020,12:17:27,44.1,44.05,3200,48.35,3200,0,5600
BALKRISIND30JAN20940CE.NFO,07/01/2020,12:17:30,44.1,44.05,3200,48.05,800,0,5600
BALKRISIND30JAN20940CE.NFO,07/01/2020,12:17:32,44.1,43.95,5600,48.05,800,0,5600
BALKRISIND30JAN20940CE.NFO,07/01/2020,12:17:37,44.1,44,6400,48.05,800,0,5600
BALKRISIND30JAN20940CE.NFO,07/01/2020,12:17:39,44.1,44,8000,48.05,800,0,5600
BALKRISIND30JAN20940CE.NFO,07/01/2020,12:17:41,44.1,44,8000,48.5,800,0,5600
BALKRISIND30JAN20940CE.NFO,07/01/2020,12:17:43,44.1,44,8000,48.3,3200,0,5600
BALKRISIND30JAN20940CE.NFO,07/01/2020,12:17:45,44.1,44,8000,48.15,800,0,5600
BALKRISIND30JAN20940CE.NFO,07/01/2020,12:17:47,44.1,44,8000,48.65,3200,0,5600
BALKRISIND30JAN20940CE.NFO,07/01/2020,12:17:50,44.1,44,8000,48.45,3200,0,5600
BALKRISIND30JAN20940CE.NFO,07/01/2020,12:17:52,44.1,44,8000,48.2,800,0,5600
BALKRISIND30JAN20940CE.NFO,07/01/2020,12:17:54,44.1,44,6400,48.75,3200,0,5600
BALKRISIND30JAN20940CE.NFO,07/01/2020,12:17:55,44.1,44,6400,48.65,3200,0,5600
BALKRISIND30JAN20940CE.NFO,07/01/2020,12:17:57,44.1,44,6400,48.45,3200,0,5600
BALKRISIND30JAN20940CE.NFO,07/01/2020,12:17:58,44.1,44,6400,48.25,3200,0,5600
BALKRISIND30JAN20940CE.NFO,07/01/2020,12:18:01,44.1,44,6400,48.85,3200,0,5600
BALKRISIND30JAN20940CE.NFO,07/01/2020,12:18:03,44.1,44.15,2400,48.65,3200,0,5600
BALKRISIND30JAN20940CE.NFO,07/01/2020,12:18:05,44.1,44.15,2400,48.15,800,0,5600
BALKRISIND30JAN20940CE.NFO,07/01/2020,12:18:07,44.1,44.15,2400,48.85,3200,0,5600
BALKRISIND30JAN20940CE.NFO,07/01/2020,12:18:09,44.1,44.15,2400,48.55,3200,0,5600
BALKRISIND30JAN20940CE.NFO,07/01/2020,12:18:11,44.1,44.15,2400,48.35,3200,0,5600
BALKRISIND30JAN20940CE.NFO,07/01/2020,12:18:14,44.1,44.15,2400,48.2,800,0,5600
BALKRISIND30JAN20940CE.NFO,07/01/2020,12:18:17,44.1,44.15,2400,48.6,3200,0,5600
BALKRISIND30JAN20940CE.NFO,07/01/2020,12:18:19,44.1,44.15,2400,48.3,3200,0,5600
BALKRISIND30JAN20940CE.NFO,07/01/2020,12:18:22,44.1,44.15,2400,48.15,800,0,5600
BALKRISIND30JAN20940CE.NFO,07/01/2020,12:18:25,44.1,44.15,2400,48.6,3200,0,5600
BALKRISIND30JAN20940CE.NFO,07/01/2020,12:18:28,44.1,44.2,3200,48.3,3200,0,5600
BALKRISIND30JAN20940CE.NFO,07/01/2020,12:18:31,44.1,44.2,3200,48.05,800,0,5600
BALKRISIND30JAN20940CE.NFO,07/01/2020,12:18:34,44.1,44.2,3200,48.85,3200,0,5600
BALKRISIND30JAN20940CE.NFO,07/01/2020,12:18:36,44.1,44.2,3200,48.65,3200,0,5600
BALKRISIND30JAN20940CE.NFO,07/01/2020,12:18:38,44.1,44.2,3200,48.45,3200,0,5600
BALKRISIND30JAN20940CE.NFO,07/01/2020,12:18:40,44.1,44.25,1600,48.15,3200,0,5600
BALKRISIND30JAN20940CE.NFO,07/01/2020,12:18:43,44.1,44.2,1600,48.65,2400,0,5600
BALKRISIND30JAN20940CE.NFO,07/01/2020,12:18:46,44.1,44.2,3200,48.9,3200,0,5600
BALKRISIND30JAN20940CE.NFO,07/01/2020,12:18:48,44.1,44.2,3200,48.6,3200,0,5600
BALKRISIND30JAN20940CE.NFO,07/01/2020,12:18:50,44.1,44.25,8800,48.55,800,0,5600
BALKRISIND30JAN20940CE.NFO,07/01/2020,12:18:52,44.1,44.3,8800,49.5,3200,0,5600
BALKRISIND30JAN20940CE.NFO,07/01/2020,12:18:54,44.1,44.3,10400,49.5,3200,0,5600
BALKRISIND30JAN20940CE.NFO,07/01/2020,12:18:56,44.1,44.3,13600,49.3,3200,0,5600
BALKRISIND30JAN20940CE.NFO,07/01/2020,12:18:57,44.1,44.3,13600,49.2,3200,0,5600
BALKRISIND30JAN20940CE.NFO,07/01/2020,12:18:58,44.1,44.3,13600,49.1,3200,0,5600
BALKRISIND30JAN20940CE.NFO,07/01/2020,12:18:59,44.1,44.3,13600,48.95,800,0,5600
BALKRISIND30JAN20940CE.NFO,07/01/2020,12:19:00,44.1,44.3,13600,49.4,3200,0,5600
BALKRISIND30JAN20940CE.NFO,07/01/2020,12:19:02,44.1,44.3,13600,49.2,3200,0,5600
BALKRISIND30JAN20940CE.NFO,07/01/2020,12:19:06,44.1,44.5,12000,49.65,3200,0,5600
BALKRISIND30JAN20940CE.NFO,07/01/2020,12:19:11,44.1,44.5,12000,49.9,2400,0,5600
BALKRISIND30JAN20940CE.NFO,07/01/2020,12:19:15,44.1,44.5,12000,49.5,3200,0,5600
BALKRISIND30JAN20940CE.NFO,07/01/2020,12:19:17,44.1,44.5,12000,49.35,800,0,5600
BALKRISIND30JAN20940CE.NFO,07/01/2020,12:19:20,44.1,44.5,12000,49.3,800,0,5600
BALKRISIND30JAN20940CE.NFO,07/01/2020,12:19:22,44.1,44.5,12000,49.55,3200,0,5600
BALKRISIND30JAN20940CE.NFO,07/01/2020,12:19:25,44.1,44.5,13600,50.25,4000,0,5600
BALKRISIND30JAN20940CE.NFO,07/01/2020,12:19:27,44.1,44.5,13600,50,800,0,5600
BALKRISIND30JAN20940CE.NFO,07/01/2020,12:19:29,44.1,44.9,10400,49.45,800,0,5600
BALKRISIND30JAN20940CE.NFO,07/01/2020,12:19:32,44.1,44.9,13600,49.95,800,0,5600
BALKRISIND30JAN20940CE.NFO,07/01/2020,12:19:34,44.1,44.9,10400,50.55,4000,0,5600
BALKRISIND30JAN20940CE.NFO,07/01/2020,12:19:37,44.1,45.1,8800,49.7,800,0,5600
BALKRISIND30JAN20940CE.NFO,07/01/2020,12:19:43,44.1,45.3,13600,49.9,3200,0,5600
BALKRISIND30JAN20940CE.NFO,07/01/2020,12:19:48,44.1,45.3,10400,50.55,4800,0,5600
BALKRISIND30JAN20940CE.NFO,07/01/2020,12:19:51,44.1,45.3,3200,50.05,3200,0,5600
BALKRISIND30JAN20940CE.NFO,07/01/2020,12:19:55,44.1,45.3,3200,49.8,800,0,5600
BALKRISIND30JAN20940CE.NFO,07/01/2020,12:19:59,44.1,45.3,3200,50.2,3200,0,5600
BALKRISIND30JAN20940CE.NFO,07/01/2020,12:20:02,44.1,45.3,4800,49.55,800,0,5600
BALKRISIND30JAN20940CE.NFO,07/01/2020,12:20:05,44.1,45.3,4800,50.1,3200,0,5600
BALKRISIND30JAN20940CE.NFO,07/01/2020,12:20:06,44.1,45.3,4800,49.9,3200,0,5600
BALKRISIND30JAN20940CE.NFO,07/01/2020,12:20:09,44.1,45.3,1600,49.7,3200,0,5600
BALKRISIND30JAN20940CE.NFO,07/01/2020,12:20:11,44.1,45.3,1600,49.45,800,0,5600
BALKRISIND30JAN20940CE.NFO,07/01/2020,12:20:14,44.1,45.3,1600,49.65,800,0,5600
BALKRISIND30JAN20940CE.NFO,07/01/2020,12:20:18,44.1,44.25,16000,50.25,9600,0,5600
BALKRISIND30JAN20940CE.NFO,07/01/2020,12:20:22,44.1,44.25,16000,49.85,3200,0,5600
BALKRISIND30JAN20940CE.NFO,07/01/2020,12:20:25,44.1,44.25,16000,49.55,3200,0,5600
BALKRISIND30JAN20940CE.NFO,07/01/2020,12:20:29,44.1,44.25,16000,49.8,3200,0,5600
BALKRISIND30JAN20940CE.NFO,07/01/2020,12:20:32,44.1,44.25,16000,49.5,3200,0,5600
BALKRISIND30JAN20940CE.NFO,07/01/2020,12:20:34,44.1,44.25,16000,49.8,3200,0,5600
BALKRISIND30JAN20940CE.NFO,07/01/2020,12:20:36,44.1,44.4,16000,50.3,1600,0,5600
BALKRISIND30JAN20940CE.NFO,07/01/2020,12:20:38,44.1,44.4,16000,50.05,4800,0,5600
BALKRISIND30JAN20940CE.NFO,07/01/2020,12:20:41,44.1,44.7,16000,49.75,3200,0,5600
BALKRISIND30JAN20940CE.NFO,07/01/2020,12:20:43,44.1,44.7,16000,49.5,800,0,5600
BALKRISIND30JAN20940CE.NFO,07/01/2020,12:20:48,44.1,44.7,16000,49.8,3200,0,5600
BALKRISIND30JAN20940CE.NFO,07/01/2020,12:20:51,44.1,44.7,16000,49.5,800,0,5600
BALKRISIND30JAN20940CE.NFO,07/01/2020,12:20:54,44.1,44.7,16000,49.85,3200,0,5600
BALKRISIND30JAN20940CE.NFO,07/01/2020,12:20:58,44.1,44.7,16000,49.55,800,0,5600
BALKRISIND30JAN20940CE.NFO,07/01/2020,12:21:02,44.1,44.7,16000,49.85,3200,0,5600
BALKRISIND30JAN20940CE.NFO,07/01/2020,12:21:05,44.1,44.7,16000,49.5,800,0,5600
BALKRISIND30JAN20940CE.NFO,07/01/2020,12:21:08,44.1,44.9,12000,50.2,3200,0,5600
BALKRISIND30JAN20940CE.NFO,07/01/2020,12:21:10,44.1,44.9,12000,50.1,3200,0,5600
BALKRISIND30JAN20940CE.NFO,07/01/2020,12:21:12,44.1,45.25,7200,49.8,3200,0,5600
BALKRISIND30JAN20940CE.NFO,07/01/2020,12:21:14,44.1,45.25,7200,49.55,800,0,5600
BALKRISIND30JAN20940CE.NFO,07/01/2020,12:21:15,44.1,45.25,7200,50.2,3200,0,5600
BALKRISIND30JAN20940CE.NFO,07/01/2020,12:21:17,44.1,45.25,7200,50.1,3200,0,5600
BALKRISIND30JAN20940CE.NFO,07/01/2020,12:21:18,44.1,45.25,7200,50,3200,0,5600
BALKRISIND30JAN20940CE.NFO,07/01/2020,12:21:19,44.1,45.25,7200,49.8,3200,0,5600
BALKRISIND30JAN20940CE.NFO,07/01/2020,12:21:20,44.1,45.25,7200,49.7,3200,0,5600
BALKRISIND30JAN20940CE.NFO,07/01/2020,12:21:21,44.1,45.25,7200,49.6,800,0,5600
BALKRISIND30JAN20940CE.NFO,07/01/2020,12:21:22,44.1,45.25,7200,49.55,800,0,5600
BALKRISIND30JAN20940CE.NFO,07/01/2020,12:21:23,44.1,45.25,7200,50.2,3200,0,5600
BALKRISIND30JAN20940CE.NFO,07/01/2020,12:21:24,44.1,45.25,7200,50.1,3200,0,5600
BALKRISIND30JAN20940CE.NFO,07/01/2020,12:21:25,44.1,45.25,7200,50,3200,0,5600
BALKRISIND30JAN20940CE.NFO,07/01/2020,12:21:26,44.1,45.25,7200,49.9,3200,0,5600
BALKRISIND30JAN20940CE.NFO,07/01/2020,12:21:27,44.1,45.25,7200,49.85,800,0,5600
BALKRISIND30JAN20940CE.NFO,07/01/2020,12:21:28,44.1,45.25,7200,49.8,800,0,5600
BALKRISIND30JAN20940CE.NFO,07/01/2020,12:21:29,44.1,45.25,7200,49.75,800,0,5600
BALKRISIND30JAN20940CE.NFO,07/01/2020,12:21:30,44.1,45.25,7200,50.6,2400,0,5600
BALKRISIND30JAN20940CE.NFO,07/01/2020,12:21:31,44.1,45.25,7200,50.35,2400,0,5600
BALKRISIND30JAN20940CE.NFO,07/01/2020,12:21:32,44.1,45.25,7200,49.75,800,0,5600
BALKRISIND30JAN20940CE.NFO,07/01/2020,12:21:33,44.1,45.25,7200,50.4,2400,0,5600
BALKRISIND30JAN20940CE.NFO,07/01/2020,12:21:34,44.1,45.25,7200,50.4,3200,0,5600
BALKRISIND30JAN20940CE.NFO,07/01/2020,12:21:35,44.1,45.25,7200,50.2,3200,0,5600
BALKRISIND30JAN20940CE.NFO,07/01/2020,12:21:36,44.1,45.25,7200,50.1,3200,0,5600
BALKRISIND30JAN20940CE.NFO,07/01/2020,12:21:37,44.1,45.25,7200,50,3200,0,5600
BALKRISIND30JAN20940CE.NFO,07/01/2020,12:21:38,44.1,45.25,7200,49.85,800,0,5600
BALKRISIND30JAN20940CE.NFO,07/01/2020,12:21:39,44.1,45.25,7200,49.8,800,0,5600
BALKRISIND30JAN20940CE.NFO,07/01/2020,12:21:40,44.1,45.25,7200,49.75,800,0,5600
BALKRISIND30JAN20940CE.NFO,07/01/2020,12:21:41,44.1,45.25,7200,49.7,800,0,5600
BALKRISIND30JAN20940CE.NFO,07/01/2020,12:21:42,44.1,45.25,7200,50.4,3200,0,5600
BALKRISIND30JAN20940CE.NFO,07/01/2020,12:21:43,44.1,45.25,7200,50.3,3200,0,5600
BALKRISIND30JAN20940CE.NFO,07/01/2020,12:21:44,44.1,45.25,7200,50.2,3200,0,5600
BALKRISIND30JAN20940CE.NFO,07/01/2020,12:21:45,44.1,45.25,7200,50.1,2400,0,5600
BALKRISIND30JAN20940CE.NFO,07/01/2020,12:21:46,44.1,45.25,7200,50,3200,0,5600
BALKRISIND30JAN20940CE.NFO,07/01/2020,12:21:47,44.1,45.25,7200,49.95,800,0,5600
BALKRISIND30JAN20940CE.NFO,07/01/2020,12:21:48,44.1,45.25,7200,49.8,800,0,5600
BALKRISIND30JAN20940CE.NFO,07/01/2020,12:21:49,44.1,45.25,7200,49.75,800,0,5600
BALKRISIND30JAN20940CE.NFO,07/01/2020,12:21:50,44.1,45.25,7200,50.3,3200,0,5600
BALKRISIND30JAN20940CE.NFO,07/01/2020,12:21:51,44.1,45.25,7200,50.2,3200,0,5600
BALKRISIND30JAN20940CE.NFO,07/01/2020,12:21:53,44.1,45.25,7200,50.1,3200,0,5600
BALKRISIND30JAN20940CE.NFO,07/01/2020,12:21:54,44.1,45.25,7200,50,3200,0,5600
BALKRISIND30JAN20940CE.NFO,07/01/2020,12:21:54,44.1,45.25,7200,49.9,3200,0,5600
BALKRISIND30JAN20940CE.NFO,07/01/2020,12:21:55,44.1,45.25,7200,49.8,800,0,5600
BALKRISIND30JAN20940CE.NFO,07/01/2020,12:21:56,44.1,45.25,7200,49.75,800,0,5600
BALKRISIND30JAN20940CE.NFO,07/01/2020,12:21:58,44.1,45.4,5600,50.7,6400,0,5600
BALKRISIND30JAN20940CE.NFO,07/01/2020,12:21:59,44.1,45.4,5600,50.6,2400,0,5600
BALKRISIND30JAN20940CE.NFO,07/01/2020,12:22:00,44.1,45.45,4000,50.5,4800,0,5600
BALKRISIND30JAN20940CE.NFO,07/01/2020,12:22:01,44.1,45.45,5600,50.5,4800,0,5600
BALKRISIND30JAN20940CE.NFO,07/01/2020,12:22:02,44.1,45.45,5600,50.2,3200,0,5600
BALKRISIND30JAN20940CE.NFO,07/01/2020,12:22:04,44.1,45.45,5600,50.1,3200,0,5600
BALKRISIND30JAN20940CE.NFO,07/01/2020,12:22:05,44.1,45.45,5600,49.9,3200,0,5600
BALKRISIND30JAN20940CE.NFO,07/01/2020,12:22:06,44.1,45.45,5600,49.85,800,0,5600
BALKRISIND30JAN20940CE.NFO,07/01/2020,12:22:08,44.1,45.45,5600,50.4,800,0,5600
BALKRISIND30JAN20940CE.NFO,07/01/2020,12:22:09,44.1,45.45,5600,50.2,800,0,5600
BALKRISIND30JAN20940CE.NFO,07/01/2020,12:22:10,44.1,45.45,5600,50.1,3200,0,5600
BALKRISIND30JAN20940CE.NFO,07/01/2020,12:22:11,44.1,46,3200,50,3200,0,5600
BALKRISIND30JAN20940CE.NFO,07/01/2020,12:22:14,44.1,46.1,1600,50.85,2400,0,5600
BALKRISIND30JAN20940CE.NFO,07/01/2020,12:22:16,44.1,46.1,1600,50.35,800,0,5600
BALKRISIND30JAN20940CE.NFO,07/01/2020,12:22:18,44.1,46.2,2400,50.7,3200,0,5600
BALKRISIND30JAN20940CE.NFO,07/01/2020,12:22:20,44.1,46.15,800,50.6,3200,0,5600
BALKRISIND30JAN20940CE.NFO,07/01/2020,12:22:21,44.1,46.15,4000,50.45,800,0,5600
BALKRISIND30JAN20940CE.NFO,07/01/2020,12:22:23,44.1,46.15,4000,50.55,2400,0,5600
BALKRISIND30JAN20940CE.NFO,07/01/2020,12:22:25,44.1,45.55,16800,50.5,800,0,5600
BALKRISIND30JAN20940CE.NFO,07/01/2020,12:22:27,44.1,45.55,16800,50.45,800,0,5600
BALKRISIND30JAN20940CE.NFO,07/01/2020,12:22:28,44.1,45.55,16800,50.7,3200,0,5600
BALKRISIND30JAN20940CE.NFO,07/01/2020,12:22:30,44.1,45.55,16800,50.6,3200,0,5600
BALKRISIND30JAN20940CE.NFO,07/01/2020,12:22:31,44.1,45.55,16800,50.45,800,0,5600
BALKRISIND30JAN20940CE.NFO,07/01/2020,12:22:33,44.1,45.55,16800,50.7,3200,0,5600
BALKRISIND30JAN20940CE.NFO,07/01/2020,12:22:35,44.1,45.55,16800,50.55,800,0,5600
BALKRISIND30JAN20940CE.NFO,07/01/2020,12:22:37,44.1,45.55,16800,50.7,3200,0,5600
BALKRISIND30JAN20940CE.NFO,07/01/2020,12:22:39,44.1,45.55,16800,50.8,3200,0,5600
BALKRISIND30JAN20940CE.NFO,07/01/2020,12:22:41,44.1,45.55,16800,50.65,800,0,5600
BALKRISIND30JAN20940CE.NFO,07/01/2020,12:22:44,44.1,45.55,16800,50.35,800,0,5600
BALKRISIND30JAN20940CE.NFO,07/01/2020,12:22:46,44.1,46.05,5600,50.35,800,0,5600
BALKRISIND30JAN20940CE.NFO,07/01/2020,12:22:51,44.1,46.05,5600,50.2,800,0,5600
BALKRISIND30JAN20940CE.NFO,07/01/2020,12:22:56,44.1,46,5600,50.4,3200,0,5600
BALKRISIND30JAN20940CE.NFO,07/01/2020,12:23:01,44.1,46,5600,50.75,3200,0,5600
BALKRISIND30JAN20940CE.NFO,07/01/2020,12:23:05,44.1,46,5600,50.35,3200,0,5600
BALKRISIND30JAN20940CE.NFO,07/01/2020,12:23:08,44.1,46,5600,50.65,2400,0,5600
BALKRISIND30JAN20940CE.NFO,07/01/2020,12:23:10,44.1,46,5600,50.45,3200,0,5600
BALKRISIND30JAN20940CE.NFO,07/01/2020,12:23:13,44.1,46,5600,50.75,3200,0,5600
BALKRISIND30JAN20940CE.NFO,07/01/2020,12:23:14,44.1,46,5600,50.65,2400,0,5600
BALKRISIND30JAN20940CE.NFO,07/01/2020,12:23:14,44.1,46.1,4000,50.55,3200,0,5600
BALKRISIND30JAN20940CE.NFO,07/01/2020,12:23:16,44.1,46.1,4000,50.35,800,0,5600
BALKRISIND30JAN20940CE.NFO,07/01/2020,12:23:17,44.1,46.1,4000,50.3,800,0,5600
BALKRISIND30JAN20940CE.NFO,07/01/2020,12:23:19,44.1,46.1,4000,50.65,3200,0,5600
BALKRISIND30JAN20940CE.NFO,07/01/2020,12:23:20,44.1,46.1,4000,50.55,2400,0,5600
BALKRISIND30JAN20940CE.NFO,07/01/2020,12:23:21,44.1,46.1,4000,50.45,3200,0,5600
BALKRISIND30JAN20940CE.NFO,07/01/2020,12:23:22,44.1,46.1,4000,50.4,800,0,5600
BALKRISIND30JAN20940CE.NFO,07/01/2020,12:23:23,44.1,46.1,4000,50.35,800,0,5600
BALKRISIND30JAN20940CE.NFO,07/01/2020,12:23:24,44.1,46.1,4000,50.65,3200,0,5600
BALKRISIND30JAN20940CE.NFO,07/01/2020,12:23:25,44.1,46.1,4000,50.55,3200,0,5600
BALKRISIND30JAN20940CE.NFO,07/01/2020,12:23:26,44.1,46.1,4000,50.35,800,0,5600
BALKRISIND30JAN20940CE.NFO,07/01/2020,12:23:28,44.1,46.1,4000,50.3,800,0,5600
BALKRISIND30JAN20940CE.NFO,07/01/2020,12:23:29,44.1,46.1,4000,50.75,3200,0,5600
BALKRISIND30JAN20940CE.NFO,07/01/2020,12:23:30,44.1,46.1,4000,50.55,2400,0,5600
BALKRISIND30JAN20940CE.NFO,07/01/2020,12:23:31,44.1,46.1,4000,50.55,3200,0,5600
BALKRISIND30JAN20940CE.NFO,07/01/2020,12:23:32,44.1,46.1,4000,50.45,3200,0,5600
BALKRISIND30JAN20940CE.NFO,07/01/2020,12:23:33,44.1,45.95,6400,50.25,3200,0,5600
BALKRISIND30JAN20940CE.NFO,07/01/2020,12:23:34,44.1,45.95,6400,50.15,3200,0,5600
BALKRISIND30JAN20940CE.NFO,07/01/2020,12:23:35,44.1,45.95,6400,50.1,800,0,5600
BALKRISIND30JAN20940CE.NFO,07/01/2020,12:23:36,44.1,45.95,6400,50.75,4800,0,5600
BALKRISIND30JAN20940CE.NFO,07/01/2020,12:23:37,44.1,45.95,6400,50.65,4800,0,5600
BALKRISIND30JAN20940CE.NFO,07/01/2020,12:23:38,44.1,45.95,6400,50.55,3200,0,5600
BALKRISIND30JAN20940CE.NFO,07/01/2020,12:23:39,44.1,45.95,6400,50.35,3200,0,5600
BALKRISIND30JAN20940CE.NFO,07/01/2020,12:23:40,44.1,46,1600,49.9,800,0,5600
BALKRISIND30JAN20940CE.NFO,07/01/2020,12:23:41,44.1,46.05,6400,50.65,2400,0,5600
BALKRISIND30JAN20940CE.NFO,07/01/2020,12:23:42,44.1,46.05,6400,50.25,800,0,5600
BALKRISIND30JAN20940CE.NFO,07/01/2020,12:23:43,44.1,46.05,6400,50.6,3200,0,5600
BALKRISIND30JAN20940CE.NFO,07/01/2020,12:23:44,44.1,46.05,6400,50.5,3200,0,5600
BALKRISIND30JAN20940CE.NFO,07/01/2020,12:23:45,44.1,46.05,4800,50.4,3200,0,5600
BALKRISIND30JAN20940CE.NFO,07/01/2020,12:23:46,44.1,46.05,4800,50.3,800,0,5600
BALKRISIND30JAN20940CE.NFO,07/01/2020,12:23:47,44.1,46.05,4800,50.25,800,0,5600
BALKRISIND30JAN20940CE.NFO,07/01/2020,12:23:48,44.1,46.05,4800,50.5,3200,0,5600
BALKRISIND30JAN20940CE.NFO,07/01/2020,12:23:50,44.1,46.05,4800,50.3,800,0,5600
BALKRISIND30JAN20940CE.NFO,07/01/2020,12:23:51,44.1,46.05,4800,50.25,800,0,5600
BALKRISIND30JAN20940CE.NFO,07/01/2020,12:23:52,44.1,46.05,4800,50.6,2400,0,5600
BALKRISIND30JAN20940CE.NFO,07/01/2020,12:23:53,44.1,46.05,4800,50.6,3200,0,5600
BALKRISIND30JAN20940CE.NFO,07/01/2020,12:23:54,44.1,46.05,4800,50.4,3200,0,5600
BALKRISIND30JAN20940CE.NFO,07/01/2020,12:23:56,44.1,46.05,4800,50.35,800,0,5600
BALKRISIND30JAN20940CE.NFO,07/01/2020,12:23:56,44.1,46.05,4800,50.6,800,0,5600
BALKRISIND30JAN20940CE.NFO,07/01/2020,12:23:57,44.1,46.05,4800,50.3,800,0,5600
BALKRISIND30JAN20940CE.NFO,07/01/2020,12:23:58,44.1,46.1,4000,50.25,800,0,5600
BALKRISIND30JAN20940CE.NFO,07/01/2020,12:23:59,44.1,46.1,4000,50.15,800,0,5600
BALKRISIND30JAN20940CE.NFO,07/01/2020,12:24:00,44.1,46.1,4000,50.5,3200,0,5600
BALKRISIND30JAN20940CE.NFO,07/01/2020,12:24:01,44.1,45.85,2400,50.4,6400,0,5600
BALKRISIND30JAN20940CE.NFO,07/01/2020,12:24:03,44.1,45.85,2400,50.3,4800,0,5600
BALKRISIND30JAN20940CE.NFO,07/01/2020,12:24:04,44.1,45.85,2400,50.1,3200,0,5600
BALKRISIND30JAN20940CE.NFO,07/01/2020,12:24:05,44.1,45.85,2400,50,3200,0,5600
BALKRISIND30JAN20940CE.NFO,07/01/2020,12:24:06,44.1,45.85,2400,49.9,3200,0,5600
BALKRISIND30JAN20940CE.NFO,07/01/2020,12:24:07,44.1,46.05,800,49.9,3200,0,5600
BALKRISIND30JAN20940CE.NFO,07/01/2020,12:24:08,44.1,46,800,49.75,800,0,5600
BALKRISIND30JAN20940CE.NFO,07/01/2020,12:24:09,44.1,45.9,1600,50.1,3200,0,5600
BALKRISIND30JAN20940CE.NFO,07/01/2020,12:24:10,44.1,45.9,1600,50,3200,0,5600
BALKRISIND30JAN20940CE.NFO,07/01/2020,12:24:11,44.1,45.9,1600,49.9,3200,0,5600
BALKRISIND30JAN20940CE.NFO,07/01/2020,12:24:16,44.1,45.95,8800,49.95,800,0,5600
BALKRISIND30JAN20940CE.NFO,07/01/2020,12:24:20,44.1,45.95,10400,50.4,3200,0,5600
BALKRISIND30JAN20940CE.NFO,07/01/2020,12:24:23,44.1,45.95,10400,50.6,800,0,5600
BALKRISIND30JAN20940CE.NFO,07/01/2020,12:24:25,44.1,45.95,10400,50.3,800,0,5600
BALKRISIND30JAN20940CE.NFO,07/01/2020,12:24:30,44.1,45.95,10400,50.25,800,0,5600
BALKRISIND30JAN20940CE.NFO,07/01/2020,12:24:35,44.1,45.95,6400,50.6,3200,0,5600
BALKRISIND30JAN20940CE.NFO,07/01/2020,12:24:38,44.1,45.95,6400,50.4,3200,0,5600
BALKRISIND30JAN20940CE.NFO,07/01/2020,12:24:41,44.1,45.95,4800,50.6,2400,0,5600
BALKRISIND30JAN20940CE.NFO,07/01/2020,12:24:44,44.1,45.95,4800,50.3,800,0,5600
BALKRISIND30JAN20940CE.NFO,07/01/2020,12:24:47,44.1,45.95,4800,50.5,3200,0,5600
BALKRISIND30JAN20940CE.NFO,07/01/2020,12:24:51,44.1,45.95,1600,50.1,2400,0,5600
BALKRISIND30JAN20940CE.NFO,07/01/2020,12:24:54,44.1,45.1,16000,49.75,800,0,5600
BALKRISIND30JAN20940CE.NFO,07/01/2020,12:24:56,44.1,45.1,16000,50.5,3200,0,5600
BALKRISIND30JAN20940CE.NFO,07/01/2020,12:24:59,44.1,45.1,16000,50.2,3200,0,5600
BALKRISIND30JAN20940CE.NFO,07/01/2020,12:25:01,44.1,45.1,16000,49.7,800,0,5600
BALKRISIND30JAN20940CE.NFO,07/01/2020,12:25:03,44.1,45.1,16000,50.45,3200,0,5600
BALKRISIND30JAN20940CE.NFO,07/01/2020,12:25:05,44.1,45.1,16000,50.25,3200,0,5600
BALKRISIND30JAN20940CE.NFO,07/01/2020,12:25:06,44.1,45.1,16000,50.05,2400,0,5600
BALKRISIND30JAN20940CE.NFO,07/01/2020,12:25:08,44.1,45.1,16000,49.85,3200,0,5600
BALKRISIND30JAN20940CE.NFO,07/01/2020,12:25:09,44.1,45.1,16000,49.75,800,0,5600
BALKRISIND30JAN20940CE.NFO,07/01/2020,12:25:11,44.1,45.1,16000,50.55,3200,0,5600
BALKRISIND30JAN20940CE.NFO,07/01/2020,12:25:12,44.1,45.1,16000,50.45,3200,0,5600
BALKRISIND30JAN20940CE.NFO,07/01/2020,12:25:14,44.1,45.1,16000,50.25,3200,0,5600
BALKRISIND30JAN20940CE.NFO,07/01/2020,12:25:16,44.1,45.1,16000,49.95,4800,0,5600
BALKRISIND30JAN20940CE.NFO,07/01/2020,12:25:18,44.1,45.1,16000,49.85,4000,0,5600
BALKRISIND30JAN20940CE.NFO,07/01/2020,12:25:20,44.1,45.1,16000,49.6,800,0,5600
BALKRISIND30JAN20940CE.NFO,07/01/2020,12:25:22,44.1,45.1,16000,50.45,6400,0,5600
BALKRISIND30JAN20940CE.NFO,07/01/2020,12:25:24,44.1,45.1,16000,49.9,2400,0,5600
BALKRISIND30JAN20940CE.NFO,07/01/2020,12:25:26,44.1,45.1,16000,50.55,2400,0,5600
BALKRISIND30JAN20940CE.NFO,07/01/2020,12:25:27,44.1,45.1,16000,50.35,3200,0,5600
BALKRISIND30JAN20940CE.NFO,07/01/2020,12:25:29,44.1,45.1,16000,50.15,3200,0,5600
BALKRISIND30JAN20940CE.NFO,07/01/2020,12:25:30,44.1,45.1,16000,50.05,3200,0,5600
BALKRISIND30JAN20940CE.NFO,07/01/2020,12:25:32,44.1,45.1,16000,49.85,3200,0,5600
BALKRISIND30JAN20940CE.NFO,07/01/2020,12:25:34,44.1,45.1,16000,49.7,800,0,5600
BALKRISIND30JAN20940CE.NFO,07/01/2020,12:25:36,44.1,45.1,16000,50.35,2400,0,5600
BALKRISIND30JAN20940CE.NFO,07/01/2020,12:25:39,44.1,45.1,16000,50.15,3200,0,5600
BALKRISIND30JAN20940CE.NFO,07/01/2020,12:25:43,44.1,45.1,16000,50.6,4800,0,5600
BALKRISIND30JAN20940CE.NFO,07/01/2020,12:25:46,44.1,45.1,16000,50.3,3200,0,5600
BALKRISIND30JAN20940CE.NFO,07/01/2020,12:25:49,44.1,45.1,16000,50.8,6400,0,5600
BALKRISIND30JAN20940CE.NFO,07/01/2020,12:25:51,44.1,45.1,16000,50.7,4800,0,5600
BALKRISIND30JAN20940CE.NFO,07/01/2020,12:25:52,44.1,45.1,16000,50.5,3200,0,5600
BALKRISIND30JAN20940CE.NFO,07/01/2020,12:25:56,44.1,45.1,16000,50.6,3200,0,5600
BALKRISIND30JAN20940CE.NFO,07/01/2020,12:25:59,44.1,45.1,16000,50.3,3200,0,5600
BALKRISIND30JAN20940CE.NFO,07/01/2020,12:26:02,44.1,45.1,16000,50.5,3200,0,5600
BALKRISIND30JAN20940CE.NFO,07/01/2020,12:26:05,44.1,45.1,16000,50.25,800,0,5600
BALKRISIND30JAN20940CE.NFO,07/01/2020,12:26:08,44.1,45.1,16000,50.4,3200,0,5600
BALKRISIND30JAN20940CE.NFO,07/01/2020,12:26:12,44.1,45.1,16000,50.6,3200,0,5600
BALKRISIND30JAN20940CE.NFO,07/01/2020,12:26:19,44.1,45.1,16000,50.3,800,0,5600
BALKRISIND30JAN20940CE.NFO,07/01/2020,12:26:21,44.1,45.1,16000,50.25,800,0,5600
BALKRISIND30JAN20940CE.NFO,07/01/2020,12:26:23,44.1,45.1,16000,50.4,3200,0,5600
BALKRISIND30JAN20940CE.NFO,07/01/2020,12:26:26,44.1,45.1,16000,50.25,800,0,5600
BALKRISIND30JAN20940CE.NFO,07/01/2020,12:26:28,44.1,45.1,16000,50.4,3200,0,5600
BALKRISIND30JAN20940CE.NFO,07/01/2020,12:26:32,44.1,45.1,16000,50,800,0,5600
BALKRISIND30JAN20940CE.NFO,07/01/2020,12:26:35,44.1,45.1,16000,50.3,2400,0,5600
BALKRISIND30JAN20940CE.NFO,07/01/2020,12:26:38,44.1,45.95,6400,50.75,4800,0,5600
BALKRISIND30JAN20940CE.NFO,07/01/2020,12:26:41,44.1,45.95,6400,50.45,3200,0,5600
BALKRISIND30JAN20940CE.NFO,07/01/2020,12:26:43,44.1,46.05,8000,50.25,3200,0,5600
BALKRISIND30JAN20940CE.NFO,07/01/2020,12:26:45,44.1,46.05,8000,50.6,3200,0,5600
BALKRISIND30JAN20940CE.NFO,07/01/2020,12:26:47,44.1,46.05,8000,50.3,3200,0,5600
BALKRISIND30JAN20940CE.NFO,07/01/2020,12:26:50,44.1,46.05,8000,50.15,800,0,5600
BALKRISIND30JAN20940CE.NFO,07/01/2020,12:26:52,44.1,46,4000,50.5,3200,0,5600
BALKRISIND30JAN20940CE.NFO,07/01/2020,12:26:54,44.1,46.05,800,50.2,800,0,5600
BALKRISIND30JAN20940CE.NFO,07/01/2020,12:26:58,44.1,46.05,2400,50.4,3200,0,5600
BALKRISIND30JAN20940CE.NFO,07/01/2020,12:27:03,44.1,46.1,800,50.5,3200,0,5600
BALKRISIND30JAN20940CE.NFO,07/01/2020,12:27:08,44.1,46.15,8000,50.4,3200,0,5600
BALKRISIND30JAN20940CE.NFO,07/01/2020,12:27:11,44.1,46.35,3200,50.5,3200,0,5600
BALKRISIND30JAN20940CE.NFO,07/01/2020,12:27:13,44.1,46.25,5600,50.25,800,0,5600
BALKRISIND30JAN20940CE.NFO,07/01/2020,12:27:16,44.1,46.3,1600,50.1,800,0,5600
BALKRISIND30JAN20940CE.NFO,07/01/2020,12:27:22,44.1,46.3,1600,50.5,3200,0,5600
BALKRISIND30JAN20940CE.NFO,07/01/2020,12:27:25,44.1,46.3,1600,50.3,3200,0,5600
BALKRISIND30JAN20940CE.NFO,07/01/2020,12:27:27,44.1,46.3,1600,50.05,800,0,5600
BALKRISIND30JAN20940CE.NFO,07/01/2020,12:27:29,44.1,46.3,1600,50.5,3200,0,5600
BALKRISIND30JAN20940CE.NFO,07/01/2020,12:27:32,44.1,46.3,1600,50.3,3200,0,5600
BALKRISIND30JAN20940CE.NFO,07/01/2020,12:27:34,44.1,46.3,1600,50.6,800,0,5600
BALKRISIND30JAN20940CE.NFO,07/01/2020,12:27:36,44.1,46.3,1600,50.4,800,0,5600
BALKRISIND30JAN20940CE.NFO,07/01/2020,12:27:38,44.1,46.3,1600,50.15,800,0,5600
BALKRISIND30JAN20940CE.NFO,07/01/2020,12:27:41,44.1,46.3,1600,50.4,3200,0,5600
BALKRISIND30JAN20940CE.NFO,07/01/2020,12:27:43,44.1,46.3,1600,50.1,800,0,5600
BALKRISIND30JAN20940CE.NFO,07/01/2020,12:27:45,44.1,46.3,1600,50.05,800,0,5600
BALKRISIND30JAN20940CE.NFO,07/01/2020,12:27:50,44.1,46.3,1600,50.5,800,0,5600
BALKRISIND30JAN20940CE.NFO,07/01/2020,12:27:52,44.1,46.3,1600,50.1,800,0,5600
BALKRISIND30JAN20940CE.NFO,07/01/2020,12:27:54,44.1,46.05,6400,49.95,800,0,5600
BALKRISIND30JAN20940CE.NFO,07/01/2020,12:27:56,44.1,46.1,4800,50.4,11200,0,5600
BALKRISIND30JAN20940CE.NFO,07/01/2020,12:27:58,44.1,46.1,4800,50.3,7200,0,5600
BALKRISIND30JAN20940CE.NFO,07/01/2020,12:27:59,44.1,46.1,4800,50.1,1600,0,5600
BALKRISIND30JAN20940CE.NFO,07/01/2020,12:28:01,44.1,46.1,3200,49.95,800,0,5600
BALKRISIND30JAN20940CE.NFO,07/01/2020,12:28:04,44.1,46.15,10400,50.15,800,0,5600
BALKRISIND30JAN20940CE.NFO,07/01/2020,12:28:06,44.1,46.2,6400,50.6,7200,0,5600
BALKRISIND30JAN20940CE.NFO,07/01/2020,12:28:09,44.1,46.2,6400,50.25,800,0,5600
BALKRISIND30JAN20940CE.NFO,07/01/2020,12:28:13,44.1,46.2,6400,50.3,3200,0,5600
BALKRISIND30JAN20940CE.NFO,07/01/2020,12:28:17,44.1,46.2,6400,50.5,3200,0,5600
BALKRISIND30JAN20940CE.NFO,07/01/2020,12:28:25,44.1,46.25,9600,50.2,800,0,5600
BALKRISIND30JAN20940CE.NFO,07/01/2020,12:28:27,44.1,46.25,9600,50.4,3200,0,5600
BALKRISIND30JAN20940CE.NFO,07/01/2020,12:28:29,44.1,46.25,9600,50.3,2400,0,5600
BALKRISIND30JAN20940CE.NFO,07/01/2020,12:28:32,44.1,46.25,4800,50.6,3200,0,5600
BALKRISIND30JAN20940CE.NFO,07/01/2020,12:28:35,44.1,46.25,4800,50.25,800,0,5600
BALKRISIND30JAN20940CE.NFO,07/01/2020,12:28:38,44.1,46.25,4800,50.5,3200,0,5600
BALKRISIND30JAN20940CE.NFO,07/01/2020,12:28:40,44.1,46.25,4800,50.3,800,0,5600
BALKRISIND30JAN20940CE.NFO,07/01/2020,12:28:41,44.1,46.25,4800,50.25,800,0,5600
BALKRISIND30JAN20940CE.NFO,07/01/2020,12:28:44,44.1,46.25,6400,50.35,800,0,5600
BALKRISIND30JAN20940CE.NFO,07/01/2020,12:28:47,44.1,46.25,6400,50.2,800,0,5600
BALKRISIND30JAN20940CE.NFO,07/01/2020,12:28:49,44.1,46.25,1600,50.5,3200,0,5600
BALKRISIND30JAN20940CE.NFO,07/01/2020,12:28:52,44.1,46.25,1600,50.25,800,0,5600
BALKRISIND30JAN20940CE.NFO,07/01/2020,12:28:56,44.1,46.25,1600,50.45,800,0,5600
BALKRISIND30JAN20940CE.NFO,07/01/2020,12:29:02,44.1,45.55,6400,50.5,800,0,5600
BALKRISIND30JAN20940CE.NFO,07/01/2020,12:29:08,44.1,45.6,7200,49.8,2400,0,5600
BALKRISIND30JAN20940CE.NFO,07/01/2020,12:29:12,44.1,45.6,7200,50.2,800,0,5600
BALKRISIND30JAN20940CE.NFO,07/01/2020,12:29:15,44.1,45.6,7200,49.7,1600,0,5600
BALKRISIND30JAN20940CE.NFO,07/01/2020,12:29:19,44.1,45.6,7200,50.35,800,0,5600
BALKRISIND30JAN20940CE.NFO,07/01/2020,12:29:21,44.1,45.6,7200,50.05,3200,0,5600
BALKRISIND30JAN20940CE.NFO,07/01/2020,12:29:26,44.1,45.6,7200,49.6,800,0,5600
BALKRISIND30JAN20940CE.NFO,07/01/2020,12:29:31,44.1,45.6,7200,50.15,3200,0,5600
BALKRISIND30JAN20940CE.NFO,07/01/2020,12:29:34,44.1,45.6,7200,49.85,3200,0,5600
BALKRISIND30JAN20940CE.NFO,07/01/2020,12:29:38,44.1,45.6,4800,50.15,800,0,5600
BALKRISIND30JAN20940CE.NFO,07/01/2020,12:29:41,44.1,45.6,4800,49.65,3200,0,5600
BALKRISIND30JAN20940CE.NFO,07/01/2020,12:29:45,44.1,45.2,12000,49.45,800,0,5600
BALKRISIND30JAN20940CE.NFO,07/01/2020,12:29:48,44.1,45.55,7200,49.9,800,0,5600
BALKRISIND30JAN20940CE.NFO,07/01/2020,12:29:51,44.1,45.55,7200,50,2400,0,5600
BALKRISIND30JAN20940CE.NFO,07/01/2020,12:29:54,44.1,45.55,6400,50.1,800,0,5600
BALKRISIND30JAN20940CE.NFO,07/01/2020,12:29:58,44.1,45.6,7200,49.9,3200,0,5600
BALKRISIND30JAN20940CE.NFO,07/01/2020,12:30:02,44.1,45.6,7200,50.35,3200,0,5600
BALKRISIND30JAN20940CE.NFO,07/01/2020,12:30:07,44.1,45.6,4800,49.85,800,0,5600
BALKRISIND30JAN20940CE.NFO,07/01/2020,12:30:12,44.1,45.6,6400,49.65,800,0,5600
BALKRISIND30JAN20940CE.NFO,07/01/2020,12:30:18,44.1,45.7,4800,50.2,3200,0,5600
BALKRISIND30JAN20940CE.NFO,07/01/2020,12:30:22,44.1,45.45,8000,49.8,3200,0,5600
BALKRISIND30JAN20940CE.NFO,07/01/2020,12:30:26,44.1,45.7,10400,49.7,800,0,5600
BALKRISIND30JAN20940CE.NFO,07/01/2020,12:30:31,44.1,45.75,7200,50.1,3200,0,5600
BALKRISIND30JAN20940CE.NFO,07/01/2020,12:30:34,44.1,45.75,7200,49.85,800,0,5600
BALKRISIND30JAN20940CE.NFO,07/01/2020,12:30:37,44.1,45.75,7200,49.95,800,0,5600
BALKRISIND30JAN20940CE.NFO,07/01/2020,12:30:40,44.1,45.75,7200,49.75,1600,0,5600
BALKRISIND30JAN20940CE.NFO,07/01/2020,12:30:43,44.1,45.75,7200,50.4,8000,0,5600
BALKRISIND30JAN20940CE.NFO,07/01/2020,12:30:46,44.1,45.75,7200,50,4000,0,5600
BALKRISIND30JAN20940CE.NFO,07/01/2020,12:30:50,44.1,45.75,7200,49.7,800,0,5600
BALKRISIND30JAN20940CE.NFO,07/01/2020,12:30:54,44.1,46,5600,50.75,3200,0,5600
BALKRISIND30JAN20940CE.NFO,07/01/2020,12:30:59,44.1,46,5600,50.35,3200,0,5600
BALKRISIND30JAN20940CE.NFO,07/01/2020,12:31:02,44.1,46,5600,50.3,800,0,5600
BALKRISIND30JAN20940CE.NFO,07/01/2020,12:31:06,44.1,46,5600,50.35,3200,0,5600
BALKRISIND30JAN20940CE.NFO,07/01/2020,12:31:09,44.1,46,5600,50.25,800,0,5600
BALKRISIND30JAN20940CE.NFO,07/01/2020,12:31:13,44.1,46,3200,50.45,3200,0,5600
BALKRISIND30JAN20940CE.NFO,07/01/2020,12:31:15,44.1,46,3200,50.15,3200,0,5600
BALKRISIND30JAN20940CE.NFO,07/01/2020,12:31:18,44.1,45.45,12000,49.85,800,0,5600
BALKRISIND30JAN20940CE.NFO,07/01/2020,12:31:22,44.1,45.45,12000,50.05,2400,0,5600
BALKRISIND30JAN20940CE.NFO,07/01/2020,12:31:25,44.1,45.45,12000,49.95,3200,0,5600
BALKRISIND30JAN20940CE.NFO,07/01/2020,12:31:28,44.1,45.45,10400,50.45,6400,0,5600
BALKRISIND30JAN20940CE.NFO,07/01/2020,12:31:31,44.1,45.45,8800,50.15,3200,0,5600
BALKRISIND30JAN20940CE.NFO,07/01/2020,12:31:35,44.1,45.45,8800,49.75,3200,0,5600
BALKRISIND30JAN20940CE.NFO,07/01/2020,12:31:39,44.1,45.45,8800,49.9,3200,0,5600
BALKRISIND30JAN20940CE.NFO,07/01/2020,12:31:42,44.1,45.45,8800,50.1,3200,0,5600
BALKRISIND30JAN20940CE.NFO,07/01/2020,12:31:45,44.1,45.35,2400,49.8,3200,0,5600
BALKRISIND30JAN20940CE.NFO,07/01/2020,12:31:48,44.1,44.95,7200,50.4,3200,0,5600
BALKRISIND30JAN20940CE.NFO,07/01/2020,12:31:50,44.1,44.95,7200,50.1,3200,0,5600
BALKRISIND30JAN20940CE.NFO,07/01/2020,12:31:53,44.1,44.95,7200,49.8,3200,0,5600
BALKRISIND30JAN20940CE.NFO,07/01/2020,12:31:55,44.1,44.95,7200,49.7,3200,0,5600
BALKRISIND30JAN20940CE.NFO,07/01/2020,12:31:59,44.1,44.95,7200,49.95,3200,0,5600
BALKRISIND30JAN20940CE.NFO,07/01/2020,12:32:03,44.1,45.15,5600,49.9,800,0,5600
BALKRISIND30JAN20940CE.NFO,07/01/2020,12:32:07,44.1,45.15,1600,50.25,4800,0,5600
BALKRISIND30JAN20940CE.NFO,07/01/2020,12:32:10,44.1,45.15,1600,49.95,4800,0,5600
BALKRISIND30JAN20940CE.NFO,07/01/2020,12:32:13,44.1,45.15,4800,49.65,3200,0,5600
BALKRISIND30JAN20940CE.NFO,07/01/2020,12:32:16,44.1,45.15,4800,49.25,3200,0,5600
BALKRISIND30JAN20940CE.NFO,07/01/2020,12:32:19,44.1,45.15,4800,49.05,3200,0,5600
BALKRISIND30JAN20940CE.NFO,07/01/2020,12:32:22,44.1,45.15,4800,49.25,2400,0,5600
BALKRISIND30JAN20940CE.NFO,07/01/2020,12:32:25,44.1,45.15,4800,49.05,3200,0,5600
BALKRISIND30JAN20940CE.NFO,07/01/2020,12:32:28,44.1,45.15,4800,49.85,2400,0,5600
BALKRISIND30JAN20940CE.NFO,07/01/2020,12:32:30,44.1,45.15,4800,49.65,3200,0,5600
BALKRISIND30JAN20940CE.NFO,07/01/2020,12:32:36,44.1,45.15,4800,49.05,3200,0,5600
BALKRISIND30JAN20940CE.NFO,07/01/2020,12:32:42,44.1,45.15,1600,48.95,2400,0,5600
BALKRISIND30JAN20940CE.NFO,07/01/2020,12:32:46,44.1,45.15,1600,49.5,3200,0,5600
BALKRISIND30JAN20940CE.NFO,07/01/2020,12:32:50,44.1,45.15,1600,49,2400,0,5600
BALKRISIND30JAN20940CE.NFO,07/01/2020,12:32:54,44.1,45.15,1600,49.6,3200,0,5600
BALKRISIND30JAN20940CE.NFO,07/01/2020,12:32:58,44.1,45.15,1600,49.3,3200,0,5600
BALKRISIND30JAN20940CE.NFO,07/01/2020,12:33:01,44.1,45.15,1600,48.95,800,0,5600
BALKRISIND30JAN20940CE.NFO,07/01/2020,12:33:06,44.1,45.25,6400,50.55,6400,0,5600
BALKRISIND30JAN20940CE.NFO,07/01/2020,12:33:11,44.1,45.3,6400,49.9,3200,0,5600
BALKRISIND30JAN20940CE.NFO,07/01/2020,12:33:15,44.1,45.3,9600,49.95,2400,0,5600
BALKRISIND30JAN20940CE.NFO,07/01/2020,12:33:19,44.1,45.45,6400,50.1,3200,0,5600
BALKRISIND30JAN20940CE.NFO,07/01/2020,12:33:22,44.1,45.45,4800,49.7,5600,0,5600
BALKRISIND30JAN20940CE.NFO,07/01/2020,12:33:26,44.1,45.45,4800,49.4,1600,0,5600
BALKRISIND30JAN20940CE.NFO,07/01/2020,12:33:29,44.1,45.5,6400,49.4,1600,0,5600
BALKRISIND30JAN20940CE.NFO,07/01/2020,12:33:33,44.1,45.5,3200,49.85,7200,0,5600
BALKRISIND30JAN20940CE.NFO,07/01/2020,12:33:36,44.1,45.2,10400,49.8,3200,0,5600
BALKRISIND30JAN20940CE.NFO,07/01/2020,12:33:38,44.1,45.2,10400,49.5,3200,0,5600
BALKRISIND30JAN20940CE.NFO,07/01/2020,12:33:41,44.1,45.2,10400,49.85,3200,0,5600
BALKRISIND30JAN20940CE.NFO,07/01/2020,12:33:44,44.1,45.2,10400,49.55,3200,0,5600
BALKRISIND30JAN20940CE.NFO,07/01/2020,12:33:46,44.1,45.2,10400,49.7,2400,0,5600
BALKRISIND30JAN20940CE.NFO,07/01/2020,12:33:49,44.1,45.2,10400,49.8,3200,0,5600
BALKRISIND30JAN20940CE.NFO,07/01/2020,12:33:51,44.1,45.2,10400,49.6,3200,0,5600
BALKRISIND30JAN20940CE.NFO,07/01/2020,12:33:53,44.1,45.2,10400,49.45,800,0,5600
BALKRISIND30JAN20940CE.NFO,07/01/2020,12:33:55,44.1,45.2,10400,49.8,3200,0,5600
BALKRISIND30JAN20940CE.NFO,07/01/2020,12:33:57,44.1,45.25,11200,49.5,3200,0,5600
BALKRISIND30JAN20940CE.NFO,07/01/2020,12:34:01,44.1,45.25,6400,49.85,3200,0,5600
BALKRISIND30JAN20940CE.NFO,07/01/2020,12:34:05,44.1,45.3,6400,50.45,6400,0,5600
BALKRISIND30JAN20940CE.NFO,07/01/2020,12:34:08,44.1,45.3,6400,50.15,4800,0,5600
BALKRISIND30JAN20940CE.NFO,07/01/2020,12:34:11,44.1,45.3,6400,49.95,3200,0,5600
BALKRISIND30JAN20940CE.NFO,07/01/2020,12:34:14,44.1,45.3,6400,49.65,3200,0,5600
BALKRISIND30JAN20940CE.NFO,07/01/2020,12:34:17,44.1,45.3,6400,49.8,3200,0,5600
BALKRISIND30JAN20940CE.NFO,07/01/2020,12:34:20,44.1,45.3,6400,49.5,800,0,5600
BALKRISIND30JAN20940CE.NFO,07/01/2020,12:34:22,44.1,45.3,6400,49.3,3200,0,5600
BALKRISIND30JAN20940CE.NFO,07/01/2020,12:34:24,44.1,45.3,6400,50,4000,0,5600
BALKRISIND30JAN20940CE.NFO,07/01/2020,12:34:27,44.1,45.3,6400,49.7,3200,0,5600
BALKRISIND30JAN20940CE.NFO,07/01/2020,12:34:31,44.1,45.6,10400,50.85,4000,0,5600
BALKRISIND30JAN20940CE.NFO,07/01/2020,12:34:36,44.1,45.8,8800,50.5,3200,0,5600
BALKRISIND30JAN20940CE.NFO,07/01/2020,12:34:40,44.1,45.85,8000,50.1,3200,0,5600
BALKRISIND30JAN20940CE.NFO,07/01/2020,12:34:43,44.1,45.9,8000,50.6,3200,0,5600
BALKRISIND30JAN20940CE.NFO,07/01/2020,12:34:46,44.1,45.95,6400,50.3,3200,0,5600
BALKRISIND30JAN20940CE.NFO,07/01/2020,12:34:49,44.1,45.95,6400,50.05,800,0,5600
BALKRISIND30JAN20940CE.NFO,07/01/2020,12:34:52,44.1,45.95,6400,50.55,3200,0,5600
BALKRISIND30JAN20940CE.NFO,07/01/2020,12:34:54,44.1,46.05,6400,50.35,3200,0,5600
BALKRISIND30JAN20940CE.NFO,07/01/2020,12:34:57,44.1,46.1,1600,49.85,800,0,5600
BALKRISIND30JAN20940CE.NFO,07/01/2020,12:35:00,44.1,45.15,13600,50.35,2400,0,5600
BALKRISIND30JAN20940CE.NFO,07/01/2020,12:35:04,44.1,45.25,13600,50.15,800,0,5600
BALKRISIND30JAN20940CE.NFO,07/01/2020,12:35:07,44.1,45.25,13600,49.85,3200,0,5600
BALKRISIND30JAN20940CE.NFO,07/01/2020,12:35:10,44.1,45.25,13600,50.15,800,0,5600
BALKRISIND30JAN20940CE.NFO,07/01/2020,12:35:13,44.1,45.25,13600,49.75,800,0,5600
BALKRISIND30JAN20940CE.NFO,07/01/2020,12:35:16,44.1,45.25,13600,50.05,3200,0,5600
BALKRISIND30JAN20940CE.NFO,07/01/2020,12:35:18,44.1,45.25,13600,49.85,3200,0,5600
BALKRISIND30JAN20940CE.NFO,07/01/2020,12:35:20,44.1,45.25,13600,50.15,3200,0,5600
BALKRISIND30JAN20940CE.NFO,07/01/2020,12:35:23,44.1,45.25,13600,49.85,3200,0,5600
BALKRISIND30JAN20940CE.NFO,07/01/2020,12:35:25,44.1,45.25,13600,50.15,800,0,5600
BALKRISIND30JAN20940CE.NFO,07/01/2020,12:35:27,44.1,45.25,13600,50.15,3200,0,5600
BALKRISIND30JAN20940CE.NFO,07/01/2020,12:35:29,44.1,45.25,13600,49.95,3200,0,5600
BALKRISIND30JAN20940CE.NFO,07/01/2020,12:35:31,44.1,45.25,13600,49.8,800,0,5600
BALKRISIND30JAN20940CE.NFO,07/01/2020,12:35:34,44.1,45.45,13600,50.05,800,0,5600
BALKRISIND30JAN20940CE.NFO,07/01/2020,12:35:37,44.1,45.45,13600,49.75,800,0,5600
BALKRISIND30JAN20940CE.NFO,07/01/2020,12:35:40,44.1,45.45,13600,50.05,3200,0,5600
BALKRISIND30JAN20940CE.NFO,07/01/2020,12:35:42,44.1,45.45,13600,49.85,3200,0,5600
BALKRISIND30JAN20940CE.NFO,07/01/2020,12:35:46,44.1,45.45,13600,50.05,3200,0,5600
BALKRISIND30JAN20940CE.NFO,07/01/2020,12:35:48,44.1,45.45,12000,49.75,3200,0,5600
BALKRISIND30JAN20940CE.NFO,07/01/2020,12:35:50,44.1,45.45,12000,50.05,2400,0,5600
BALKRISIND30JAN20940CE.NFO,07/01/2020,12:35:53,44.1,45.45,10400,50.15,3200,0,5600
BALKRISIND30JAN20940CE.NFO,07/01/2020,12:35:55,44.1,45.45,10400,49.85,2400,0,5600
BALKRISIND30JAN20940CE.NFO,07/01/2020,12:35:57,44.1,45.45,10400,49.7,800,0,5600
BALKRISIND30JAN20940CE.NFO,07/01/2020,12:35:59,44.1,45.45,12000,50.05,3200,0,5600
BALKRISIND30JAN20940CE.NFO,07/01/2020,12:36:02,44.1,45.45,12000,49.65,1600,0,5600
BALKRISIND30JAN20940CE.NFO,07/01/2020,12:36:05,44.1,45.45,12000,49.7,800,0,5600
BALKRISIND30JAN20940CE.NFO,07/01/2020,12:36:07,44.1,45.45,12000,50.05,3200,0,5600
BALKRISIND30JAN20940CE.NFO,07/01/2020,12:36:09,44.1,45.45,10400,49.95,3200,0,5600
BALKRISIND30JAN20940CE.NFO,07/01/2020,12:36:10,44.1,45.45,12000,49.75,3200,0,5600
BALKRISIND30JAN20940CE.NFO,07/01/2020,12:36:12,44.1,45.45,12000,50.15,3200,0,5600
BALKRISIND30JAN20940CE.NFO,07/01/2020,12:36:14,44.1,45.45,12000,49.95,3200,0,5600
BALKRISIND30JAN20940CE.NFO,07/01/2020,12:36:16,44.1,45.45,12000,49.75,3200,0,5600
BALKRISIND30JAN20940CE.NFO,07/01/2020,12:36:18,44.1,45.45,12000,50.15,3200,0,5600
BALKRISIND30JAN20940CE.NFO,07/01/2020,12:36:21,44.1,45.45,8000,49.85,3200,0,5600
BALKRISIND30JAN20940CE.NFO,07/01/2020,12:36:24,44.1,45.65,7200,49.95,3200,0,5600
BALKRISIND30JAN20940CE.NFO,07/01/2020,12:36:27,44.1,45.65,6400,50.15,3200,0,5600
BALKRISIND30JAN20940CE.NFO,07/01/2020,12:36:29,44.1,45.7,6400,49.85,3200,0,5600
BALKRISIND30JAN20940CE.NFO,07/01/2020,12:36:31,44.1,45.75,4800,49.7,800,0,5600
BALKRISIND30JAN20940CE.NFO,07/01/2020,12:36:34,44.1,45.75,4800,49.95,3200,0,5600
BALKRISIND30JAN20940CE.NFO,07/01/2020,12:36:37,44.1,45.8,4800,50.15,800,0,5600
BALKRISIND30JAN20940CE.NFO,07/01/2020,12:36:39,44.1,45.8,3200,50.05,3200,0,5600
BALKRISIND30JAN20940CE.NFO,07/01/2020,12:36:42,44.1,45.95,5600,49.85,3200,0,5600
BALKRISIND30JAN20940CE.NFO,07/01/2020,12:36:45,44.1,45.8,3200,50.15,3200,0,5600
BALKRISIND30JAN20940CE.NFO,07/01/2020,12:36:48,44.1,45.8,4800,49.85,3200,0,5600
BALKRISIND30JAN20940CE.NFO,07/01/2020,12:36:51,44.1,45.8,4800,50.05,3200,0,5600
BALKRISIND30JAN20940CE.NFO,07/01/2020,12:36:53,44.1,45.8,1600,49.85,3200,0,5600
BALKRISIND30JAN20940CE.NFO,07/01/2020,12:36:55,44.1,45.8,3200,50.15,800,0,5600
BALKRISIND30JAN20940CE.NFO,07/01/2020,12:36:58,44.1,45.8,1600,49.95,3200,0,5600
BALKRISIND30JAN20940CE.NFO,07/01/2020,12:37:00,44.1,45.8,1600,49.7,800,0,5600
BALKRISIND30JAN20940CE.NFO,07/01/2020,12:37:03,44.1,45.8,3200,49.85,3200,0,5600
BALKRISIND30JAN20940CE.NFO,07/01/2020,12:37:05,44.1,45.8,3200,49.7,800,0,5600
BALKRISIND30JAN20940CE.NFO,07/01/2020,12:37:07,44.1,45.8,3200,50.05,3200,0,5600
BALKRISIND30JAN20940CE.NFO,07/01/2020,12:37:09,44.1,45.8,3200,49.85,3200,0,5600
BALKRISIND30JAN20940CE.NFO,07/01/2020,12:37:10,44.1,45.8,3200,49.75,800,0,5600
BALKRISIND30JAN20940CE.NFO,07/01/2020,12:37:12,44.1,45.8,3200,50.15,800,0,5600
BALKRISIND30JAN20940CE.NFO,07/01/2020,12:37:14,44.1,45.8,3200,49.85,3200,0,5600
BALKRISIND30JAN20940CE.NFO,07/01/2020,12:37:16,44.1,45.8,3200,49.7,800,0,5600
BALKRISIND30JAN20940CE.NFO,07/01/2020,12:37:19,44.1,45.8,3200,50.05,3200,0,5600
BALKRISIND30JAN20940CE.NFO,07/01/2020,12:37:21,44.1,45.8,3200,49.75,800,0,5600
BALKRISIND30JAN20940CE.NFO,07/01/2020,12:37:22,44.1,45.8,3200,50.15,3200,0,5600
BALKRISIND30JAN20940CE.NFO,07/01/2020,12:37:23,44.1,45.8,3200,50.05,3200,0,5600
BALKRISIND30JAN20940CE.NFO,07/01/2020,12:37:25,44.1,45.8,3200,49.85,3200,0,5600
BALKRISIND30JAN20940CE.NFO,07/01/2020,12:37:26,44.1,45.8,3200,49.75,800,0,5600
BALKRISIND30JAN20940CE.NFO,07/01/2020,12:37:28,44.1,45.8,3200,50.15,3200,0,5600
BALKRISIND30JAN20940CE.NFO,07/01/2020,12:37:31,44.1,45.8,3200,49.95,3200,0,5600
BALKRISIND30JAN20940CE.NFO,07/01/2020,12:37:32,44.1,45.8,3200,49.7,800,0,5600
BALKRISIND30JAN20940CE.NFO,07/01/2020,12:37:34,44.1,45.8,3200,49.75,800,0,5600
BALKRISIND30JAN20940CE.NFO,07/01/2020,12:37:37,44.1,45.8,3200,50.05,3200,0,5600
BALKRISIND30JAN20940CE.NFO,07/01/2020,12:37:41,44.1,45.8,3200,49.95,2400,0,5600
BALKRISIND30JAN20940CE.NFO,07/01/2020,12:37:45,44.1,45.8,3200,50.15,3200,0,5600
BALKRISIND30JAN20940CE.NFO,07/01/2020,12:37:49,44.1,45.8,3200,49.75,800,0,5600
BALKRISIND30JAN20940CE.NFO,07/01/2020,12:37:52,44.1,45.8,3200,50.2,800,0,5600
BALKRISIND30JAN20940CE.NFO,07/01/2020,12:37:55,44.1,45.8,3200,49.95,3200,0,5600
BALKRISIND30JAN20940CE.NFO,07/01/2020,12:37:57,44.1,45.8,3200,49.7,800,0,5600
BALKRISIND30JAN20940CE.NFO,07/01/2020,12:37:59,44.1,45.8,3200,50.15,3200,0,5600
BALKRISIND30JAN20940CE.NFO,07/01/2020,12:38:00,44.1,45.85,3200,49.95,3200,0,5600
BALKRISIND30JAN20940CE.NFO,07/01/2020,12:38:03,44.1,45.85,3200,49.7,800,0,5600
BALKRISIND30JAN20940CE.NFO,07/01/2020,12:38:07,44.1,45.75,4000,49.75,800,0,5600
BALKRISIND30JAN20940CE.NFO,07/01/2020,12:38:11,44.1,46.1,3200,50.05,3200,0,5600
BALKRISIND30JAN20940CE.NFO,07/01/2020,12:38:13,44.1,46.1,3200,49.75,3200,0,5600
BALKRISIND30JAN20940CE.NFO,07/01/2020,12:38:16,44.1,46.1,3200,50.05,3200,0,5600
BALKRISIND30JAN20940CE.NFO,07/01/2020,12:38:19,44.1,46.1,3200,49.75,3200,0,5600
BALKRISIND30JAN20940CE.NFO,07/01/2020,12:38:22,44.1,46.25,4000,50.15,3200,0,5600
BALKRISIND30JAN20940CE.NFO,07/01/2020,12:38:26,44.1,45.9,6400,49.8,800,0,5600
BALKRISIND30JAN20940CE.NFO,07/01/2020,12:38:28,44.1,45.9,6400,50.55,3200,0,5600
BALKRISIND30JAN20940CE.NFO,07/01/2020,12:38:31,44.1,45.9,6400,50.25,2400,0,5600
BALKRISIND30JAN20940CE.NFO,07/01/2020,12:38:34,44.1,45.9,6400,50.05,3200,0,5600
BALKRISIND30JAN20940CE.NFO,07/01/2020,12:38:36,44.1,45.9,6400,49.75,800,0,5600
BALKRISIND30JAN20940CE.NFO,07/01/2020,12:38:38,44.1,45.9,6400,50.5,8000,0,5600
BALKRISIND30JAN20940CE.NFO,07/01/2020,12:38:41,44.1,45.9,6400,50.3,8000,0,5600
BALKRISIND30JAN20940CE.NFO,07/01/2020,12:38:43,44.1,45.9,6400,50,4800,0,5600
BALKRISIND30JAN20940CE.NFO,07/01/2020,12:38:46,44.1,45.9,6400,49.8,800,0,5600
BALKRISIND30JAN20940CE.NFO,07/01/2020,12:38:50,44.1,46,4000,50.4,8000,0,5600
BALKRISIND30JAN20940CE.NFO,07/01/2020,12:38:54,44.1,46.25,4000,50.85,3200,0,5600
BALKRISIND30JAN20940CE.NFO,07/01/2020,12:38:57,44.1,45.9,8800,50.45,3200,0,5600
BALKRISIND30JAN20940CE.NFO,07/01/2020,12:39:01,44.1,45.9,8800,50.3,800,0,5600
BALKRISIND30JAN20940CE.NFO,07/01/2020,12:39:04,44.1,45.9,8800,50.25,800,0,5600
BALKRISIND30JAN20940CE.NFO,07/01/2020,12:39:07,44.1,45.9,8800,50.3,800,0,5600
BALKRISIND30JAN20940CE.NFO,07/01/2020,12:39:09,44.1,45.9,8800,50.15,800,0,5600
BALKRISIND30JAN20940CE.NFO,07/01/2020,12:39:16,44.1,45.9,4800,50.75,3200,0,5600
BALKRISIND30JAN20940CE.NFO,07/01/2020,12:39:18,44.1,45.9,4800,50.45,3200,0,5600
BALKRISIND30JAN20940CE.NFO,07/01/2020,12:39:22,44.1,45.9,4800,50.75,3200,0,5600
BALKRISIND30JAN20940CE.NFO,07/01/2020,12:39:25,44.1,45.9,4800,50.5,800,0,5600
BALKRISIND30JAN20940CE.NFO,07/01/2020,12:39:28,44.1,46,3200,50.2,2400,0,5600
BALKRISIND30JAN20940CE.NFO,07/01/2020,12:39:31,44.1,46,3200,50.05,800,0,5600
BALKRISIND30JAN20940CE.NFO,07/01/2020,12:39:34,44.1,46,3200,50.65,3200,0,5600
BALKRISIND30JAN20940CE.NFO,07/01/2020,12:39:36,44.1,46,3200,50.35,3200,0,5600
BALKRISIND30JAN20940CE.NFO,07/01/2020,12:39:38,44.1,46,3200,50.15,3200,0,5600
BALKRISIND30JAN20940CE.NFO,07/01/2020,12:39:40,44.1,46,3200,50.75,3200,0,5600
BALKRISIND30JAN20940CE.NFO,07/01/2020,12:39:42,44.1,46.2,11200,50.55,3200,0,5600
BALKRISIND30JAN20940CE.NFO,07/01/2020,12:39:44,44.1,46.2,6400,50.25,3200,0,5600
BALKRISIND30JAN20940CE.NFO,07/01/2020,12:39:46,44.1,46.25,11200,50.1,800,0,5600
BALKRISIND30JAN20940CE.NFO,07/01/2020,12:39:48,44.1,46.25,11200,51,800,0,5600
BALKRISIND30JAN20940CE.NFO,07/01/2020,12:39:50,44.1,46.25,11200,50.8,3200,0,5600
BALKRISIND30JAN20940CE.NFO,07/01/2020,12:39:52,44.1,46.25,11200,50.5,3200,0,5600
BALKRISIND30JAN20940CE.NFO,07/01/2020,12:39:54,44.1,46.25,11200,50.3,3200,0,5600
BALKRISIND30JAN20940CE.NFO,07/01/2020,12:39:56,44.1,46.25,3200,50.05,800,0,5600
BALKRISIND30JAN20940CE.NFO,07/01/2020,12:39:59,44.1,46.25,3200,50.55,4800,0,5600
BALKRISIND30JAN20940CE.NFO,07/01/2020,12:40:02,44.1,46.25,3200,50.35,3200,0,5600
BALKRISIND30JAN20940CE.NFO,07/01/2020,12:40:04,44.1,46.25,3200,50.1,800,0,5600
BALKRISIND30JAN20940CE.NFO,07/01/2020,12:40:07,44.1,46.25,3200,50.35,3200,0,5600
BALKRISIND30JAN20940CE.NFO,07/01/2020,12:40:09,44.1,46.25,3200,50.15,800,0,5600
BALKRISIND30JAN20940CE.NFO,07/01/2020,12:40:11,44.1,45.2,12000,50.45,4000,0,5600
BALKRISIND30JAN20940CE.NFO,07/01/2020,12:40:13,44.1,45.4,12000,50.25,3200,0,5600
BALKRISIND30JAN20940CE.NFO,07/01/2020,12:40:14,44.1,45.4,11200,50.15,800,0,5600
BALKRISIND30JAN20940CE.NFO,07/01/2020,12:40:15,44.1,45.45,12000,50.1,800,0,5600
BALKRISIND30JAN20940CE.NFO,07/01/2020,12:40:16,44.1,45.45,12000,50.2,3200,0,5600
BALKRISIND30JAN20940CE.NFO,07/01/2020,12:40:16,44.1,45.45,12000,50.1,800,0,5600
BALKRISIND30JAN20940CE.NFO,07/01/2020,12:40:18,44.1,45.45,12000,50.05,800,0,5600
BALKRISIND30JAN20940CE.NFO,07/01/2020,12:40:19,44.1,45.45,12000,50.2,800,0,5600
BALKRISIND30JAN20940CE.NFO,07/01/2020,12:40:19,44.1,45.45,12000,50.15,800,0,5600
BALKRISIND30JAN20940CE.NFO,07/01/2020,12:40:20,44.1,45.45,12000,50.2,800,0,5600
BALKRISIND30JAN20940CE.NFO,07/01/2020,12:40:22,44.1,45.45,12000,50.15,800,0,5600
BALKRISIND30JAN20940CE.NFO,07/01/2020,12:40:23,44.1,45.45,12000,50.2,800,0,5600
BALKRISIND30JAN20940CE.NFO,07/01/2020,12:40:24,44.1,45.45,12000,50.15,800,0,5600
BALKRISIND30JAN20940CE.NFO,07/01/2020,12:40:25,44.1,45.45,12000,50.2,800,0,5600
BALKRISIND30JAN20940CE.NFO,07/01/2020,12:40:25,44.1,45.45,8000,50.15,4000,0,5600
BALKRISIND30JAN20940CE.NFO,07/01/2020,12:40:26,44.1,45.45,8000,50,800,0,5600
BALKRISIND30JAN20940CE.NFO,07/01/2020,12:40:27,44.1,45.5,10400,50,3200,0,5600
BALKRISIND30JAN20940CE.NFO,07/01/2020,12:40:28,44.1,45.5,12000,49.85,800,0,5600
BALKRISIND30JAN20940CE.NFO,07/01/2020,12:40:29,44.1,45.5,12000,50,800,0,5600
BALKRISIND30JAN20940CE.NFO,07/01/2020,12:40:30,44.1,45.5,12000,49.9,800,0,5600
BALKRISIND30JAN20940CE.NFO,07/01/2020,12:40:31,44.1,45.5,12000,49.85,800,0,5600
BALKRISIND30JAN20940CE.NFO,07/01/2020,12:40:32,44.1,45.5,8000,50,3200,0,5600
BALKRISIND30JAN20940CE.NFO,07/01/2020,12:40:34,44.1,45.6,4800,50,800,0,5600
BALKRISIND30JAN20940CE.NFO,07/01/2020,12:40:34,44.1,45.6,8000,50,3200,0,5600
BALKRISIND30JAN20940CE.NFO,07/01/2020,12:40:37,44.1,45.6,8000,49.95,800,0,5600
BALKRISIND30JAN20940CE.NFO,07/01/2020,12:40:37,44.1,45.6,8000,50,3200,0,5600
BALKRISIND30JAN20940CE.NFO,07/01/2020,12:40:39,44.1,45.6,8000,49.95,800,0,5600
BALKRISIND30JAN20940CE.NFO,07/01/2020,12:40:39,44.1,45.6,8000,50,3200,0,5600
BALKRISIND30JAN20940CE.NFO,07/01/2020,12:40:40,44.1,45.6,8000,49.95,800,0,5600
BALKRISIND30JAN20940CE.NFO,07/01/2020,12:40:42,44.1,45.6,8000,49.8,3200,0,5600
BALKRISIND30JAN20940CE.NFO,07/01/2020,12:40:43,44.1,45.6,8000,49.7,3200,0,5600
BALKRISIND30JAN20940CE.NFO,07/01/2020,12:40:44,44.1,45.6,8000,49.65,800,0,5600
BALKRISIND30JAN20940CE.NFO,07/01/2020,12:40:45,44.1,45.6,8000,49.9,3200,0,5600
BALKRISIND30JAN20940CE.NFO,07/01/2020,12:40:46,44.1,45.6,8000,49.8,3200,0,5600
BALKRISIND30JAN20940CE.NFO,07/01/2020,12:40:47,44.1,45.6,8000,49.7,800,0,5600
BALKRISIND30JAN20940CE.NFO,07/01/2020,12:40:48,44.1,45.6,8000,49.65,800,0,5600
BALKRISIND30JAN20940CE.NFO,07/01/2020,12:40:49,44.1,45.6,8000,50,3200,0,5600
BALKRISIND30JAN20940CE.NFO,07/01/2020,12:40:51,44.1,45.6,8000,49.9,3200,0,5600
BALKRISIND30JAN20940CE.NFO,07/01/2020,12:40:52,44.1,45.6,8000,49.8,3200,0,5600
BALKRISIND30JAN20940CE.NFO,07/01/2020,12:40:56,44.1,45.6,8000,49.7,800,0,5600
BALKRISIND30JAN20940CE.NFO,07/01/2020,12:40:57,44.1,45.6,8000,49.65,800,0,5600
BALKRISIND30JAN20940CE.NFO,07/01/2020,12:40:58,44.1,45.6,8000,50,3200,0,5600
BALKRISIND30JAN20940CE.NFO,07/01/2020,12:40:59,44.1,45.6,8000,49.9,3200,0,5600
BALKRISIND30JAN20940CE.NFO,07/01/2020,12:41:01,44.1,45.6,6400,49.75,800,0,5600
BALKRISIND30JAN20940CE.NFO,07/01/2020,12:41:02,44.1,45.6,4800,49.65,800,0,5600
BALKRISIND30JAN20940CE.NFO,07/01/2020,12:41:02,44.1,45.6,4800,50,3200,0,5600
BALKRISIND30JAN20940CE.NFO,07/01/2020,12:41:03,44.1,45.6,6400,49.9,3200,0,5600
BALKRISIND30JAN20940CE.NFO,07/01/2020,12:41:04,44.1,45.6,6400,49.8,3200,0,5600
BALKRISIND30JAN20940CE.NFO,07/01/2020,12:41:05,44.1,45.6,8000,49.75,800,0,5600
BALKRISIND30JAN20940CE.NFO,07/01/2020,12:41:06,44.1,45.6,8000,49.65,800,0,5600
BALKRISIND30JAN20940CE.NFO,07/01/2020,12:41:07,44.1,45.6,8000,50,3200,0,5600
BALKRISIND30JAN20940CE.NFO,07/01/2020,12:41:08,44.1,45.6,8000,49.9,3200,0,5600
BALKRISIND30JAN20940CE.NFO,07/01/2020,12:41:09,44.1,45.6,8000,49.8,3200,0,5600
BALKRISIND30JAN20940CE.NFO,07/01/2020,12:41:10,44.1,45.6,8000,49.7,800,0,5600
BALKRISIND30JAN20940CE.NFO,07/01/2020,12:41:11,44.1,45.6,8000,49.65,800,0,5600
BALKRISIND30JAN20940CE.NFO,07/01/2020,12:41:13,44.1,45.6,8000,49.9,3200,0,5600
BALKRISIND30JAN20940CE.NFO,07/01/2020,12:41:15,44.1,45.6,8000,49.7,800,0,5600
BALKRISIND30JAN20940CE.NFO,07/01/2020,12:41:16,44.1,45.6,8000,50,3200,0,5600
BALKRISIND30JAN20940CE.NFO,07/01/2020,12:41:18,44.1,45.6,8000,49.9,3200,0,5600
BALKRISIND30JAN20940CE.NFO,07/01/2020,12:41:19,44.1,45.6,8000,49.7,800,0,5600
BALKRISIND30JAN20940CE.NFO,07/01/2020,12:41:21,44.1,45.6,8000,50,6400,0,5600
BALKRISIND30JAN20940CE.NFO,07/01/2020,12:41:23,44.1,45.6,8000,49.8,6400,0,5600
BALKRISIND30JAN20940CE.NFO,07/01/2020,12:41:25,44.1,45.6,8000,49.7,1600,0,5600
BALKRISIND30JAN20940CE.NFO,07/01/2020,12:41:27,44.1,45.65,8000,50,10400,0,5600
BALKRISIND30JAN20940CE.NFO,07/01/2020,12:41:29,44.1,45.65,8000,49.9,6400,0,5600
BALKRISIND30JAN20940CE.NFO,07/01/2020,12:41:31,44.1,45.65,8000,50,3200,0,5600
BALKRISIND30JAN20940CE.NFO,07/01/2020,12:41:33,44.1,45.65,6400,49.8,3200,0,5600
BALKRISIND30JAN20940CE.NFO,07/01/2020,12:41:35,44.1,45.65,6400,49.65,800,0,5600
BALKRISIND30JAN20940CE.NFO,07/01/2020,12:41:37,44.1,45.65,8000,49.9,3200,0,5600
BALKRISIND30JAN20940CE.NFO,07/01/2020,12:41:39,44.1,45.65,8000,49.8,3200,0,5600
BALKRISIND30JAN20940CE.NFO,07/01/2020,12:41:42,44.1,45.65,6400,49.8,3200,0,5600
BALKRISIND30JAN20940CE.NFO,07/01/2020,12:41:45,44.1,45.65,6400,49.65,800,0,5600
BALKRISIND30JAN20940CE.NFO,07/01/2020,12:41:46,44.1,45.65,6400,49.9,3200,0,5600
BALKRISIND30JAN20940CE.NFO,07/01/2020,12:41:47,44.1,45.65,6400,49.8,3200,0,5600
BALKRISIND30JAN20940CE.NFO,07/01/2020,12:41:50,44.1,45.65,6400,49.7,800,0,5600
BALKRISIND30JAN20940CE.NFO,07/01/2020,12:41:52,44.1,45.65,3200,50,3200,0,5600
BALKRISIND30JAN20940CE.NFO,07/01/2020,12:41:53,44.1,45.65,3200,49.8,3200,0,5600
BALKRISIND30JAN20940CE.NFO,07/01/2020,12:41:54,44.1,45.65,3200,49.7,800,0,5600
BALKRISIND30JAN20940CE.NFO,07/01/2020,12:41:56,44.1,45.75,3200,50,3200,0,5600
BALKRISIND30JAN20940CE.NFO,07/01/2020,12:41:57,44.1,45.75,4800,49.9,3200,0,5600
BALKRISIND30JAN20940CE.NFO,07/01/2020,12:41:59,44.1,45.75,4800,49.75,800,0,5600
BALKRISIND30JAN20940CE.NFO,07/01/2020,12:42:01,44.1,45.75,4800,50,3200,0,5600
BALKRISIND30JAN20940CE.NFO,07/01/2020,12:42:04,44.1,45.75,4800,49.65,800,0,5600
BALKRISIND30JAN20940CE.NFO,07/01/2020,12:42:07,44.1,45.75,4800,49.8,3200,0,5600
BALKRISIND30JAN20940CE.NFO,07/01/2020,12:42:10,44.1,45.75,4800,50,3200,0,5600
BALKRISIND30JAN20940CE.NFO,07/01/2020,12:42:12,44.1,45.75,4800,49.7,800,0,5600
BALKRISIND30JAN20940CE.NFO,07/01/2020,12:42:15,44.1,45.75,4800,49.65,800,0,5600
BALKRISIND30JAN20940CE.NFO,07/01/2020,12:42:18,44.1,45.75,4800,49.8,3200,0,5600
BALKRISIND30JAN20940CE.NFO,07/01/2020,12:42:21,44.1,45.75,8000,49.7,800,0,5600
BALKRISIND30JAN20940CE.NFO,07/01/2020,12:42:24,44.1,45.75,8000,50,3200,0,5600
BALKRISIND30JAN20940CE.NFO,07/01/2020,12:42:26,44.1,45.75,3200,49.7,800,0,5600
BALKRISIND30JAN20940CE.NFO,07/01/2020,12:42:28,44.1,45.75,3200,50,3200,0,5600
BALKRISIND30JAN20940CE.NFO,07/01/2020,12:42:31,44.1,45.75,4800,50,2400,0,5600
BALKRISIND30JAN20940CE.NFO,07/01/2020,12:42:34,44.1,45.8,3200,49.7,3200,0,5600
BALKRISIND30JAN20940CE.NFO,07/01/2020,12:42:38,44.1,45.8,3200,50,3200,0,5600
BALKRISIND30JAN20940CE.NFO,07/01/2020,12:42:42,44.1,45.8,3200,50.45,8000,0,5600
BALKRISIND30JAN20940CE.NFO,07/01/2020,12:42:45,44.1,45.8,3200,50.05,4000,0,5600
BALKRISIND30JAN20940CE.NFO,07/01/2020,12:42:48,44.1,45.8,3200,49.75,3200,0,5600
BALKRISIND30JAN20940CE.NFO,07/01/2020,12:42:51,44.1,45.8,3200,49.85,800,0,5600
BALKRISIND30JAN20940CE.NFO,07/01/2020,12:42:54,44.1,45.8,3200,49.6,800,0,5600
BALKRISIND30JAN20940CE.NFO,07/01/2020,12:42:58,44.1,45.8,3200,49.7,800,0,5600
BALKRISIND30JAN20940CE.NFO,07/01/2020,12:43:02,44.1,45.8,3200,49.65,800,0,5600
BALKRISIND30JAN20940CE.NFO,07/01/2020,12:43:05,44.1,45.8,3200,49.75,3200,0,5600
BALKRISIND30JAN20940CE.NFO,07/01/2020,12:43:08,44.1,45.8,3200,49.6,800,0,5600
BALKRISIND30JAN20940CE.NFO,07/01/2020,12:43:10,44.1,45.8,3200,49.75,3200,0,5600
BALKRISIND30JAN20940CE.NFO,07/01/2020,12:43:13,44.1,45.8,3200,49.95,800,0,5600
BALKRISIND30JAN20940CE.NFO,07/01/2020,12:43:15,44.1,45.8,3200,49.9,800,0,5600
BALKRISIND30JAN20940CE.NFO,07/01/2020,12:43:18,44.1,45.8,3200,50.3,2400,0,5600
BALKRISIND30JAN20940CE.NFO,07/01/2020,12:43:21,44.1,45.8,3200,50,3200,0,5600
BALKRISIND30JAN20940CE.NFO,07/01/2020,12:43:23,44.1,45.8,3200,49.8,3200,0,5600
BALKRISIND30JAN20940CE.NFO,07/01/2020,12:43:24,44.1,45.8,3200,49.65,800,0,5600
BALKRISIND30JAN20940CE.NFO,07/01/2020,12:43:27,44.1,45.8,3200,49.95,800,0,5600
BALKRISIND30JAN20940CE.NFO,07/01/2020,12:43:29,44.1,45.8,3200,49.75,800,0,5600
BALKRISIND30JAN20940CE.NFO,07/01/2020,12:43:31,44.1,45.8,3200,49.6,800,0,5600
BALKRISIND30JAN20940CE.NFO,07/01/2020,12:43:34,44.1,44.9,15200,49.75,800,0,5600
BALKRISIND30JAN20940CE.NFO,07/01/2020,12:43:36,44.1,45,16000,49.6,800,0,5600
BALKRISIND30JAN20940CE.NFO,07/01/2020,12:43:38,44.1,45,16000,49.85,3200,0,5600
BALKRISIND30JAN20940CE.NFO,07/01/2020,12:43:41,44.1,45,16000,49.6,800,0,5600
BALKRISIND30JAN20940CE.NFO,07/01/2020,12:43:45,44.1,45,16000,49.65,2400,0,5600
BALKRISIND30JAN20940CE.NFO,07/01/2020,12:43:48,44.1,45,16000,49.75,3200,0,5600
BALKRISIND30JAN20940CE.NFO,07/01/2020,12:43:50,44.1,45,16000,49.6,800,0,5600
BALKRISIND30JAN20940CE.NFO,07/01/2020,12:43:52,44.1,45,16000,49.95,3200,0,5600
BALKRISIND30JAN20940CE.NFO,07/01/2020,12:43:54,44.1,45,16000,49.75,3200,0,5600
BALKRISIND30JAN20940CE.NFO,07/01/2020,12:43:56,44.1,45,16000,49.95,3200,0,5600
BALKRISIND30JAN20940CE.NFO,07/01/2020,12:43:57,44.1,45.7,2400,49.75,3200,0,5600
BALKRISIND30JAN20940CE.NFO,07/01/2020,12:43:59,44.1,45.7,2400,50.1,1600,0,5600
BALKRISIND30JAN20940CE.NFO,07/01/2020,12:44:01,44.1,45.7,2400,49.85,3200,0,5600
BALKRISIND30JAN20940CE.NFO,07/01/2020,12:44:04,44.1,45.7,2400,50,3200,0,5600
BALKRISIND30JAN20940CE.NFO,07/01/2020,12:44:06,44.1,45.7,2400,49.9,3200,0,5600
BALKRISIND30JAN20940CE.NFO,07/01/2020,12:44:08,44.1,45.7,2400,49.65,800,0,5600
BALKRISIND30JAN20940CE.NFO,07/01/2020,12:44:11,44.1,45.7,2400,49.8,3200,0,5600
BALKRISIND30JAN20940CE.NFO,07/01/2020,12:44:14,44.1,45.7,2400,50,800,0,5600
BALKRISIND30JAN20940CE.NFO,07/01/2020,12:44:16,44.1,45.7,2400,49.7,800,0,5600
BALKRISIND30JAN20940CE.NFO,07/01/2020,12:44:18,44.1,45.7,2400,50,3200,0,5600
BALKRISIND30JAN20940CE.NFO,07/01/2020,12:44:22,44.1,45.7,2400,49.65,800,0,5600
BALKRISIND30JAN20940CE.NFO,07/01/2020,12:44:24,44.1,45.7,2400,49.9,3200,0,5600
BALKRISIND30JAN20940CE.NFO,07/01/2020,12:44:27,44.1,45.7,2400,49.65,800,0,5600
BALKRISIND30JAN20940CE.NFO,07/01/2020,12:44:29,44.1,45.7,2400,49.9,3200,0,5600
BALKRISIND30JAN20940CE.NFO,07/01/2020,12:44:32,44.1,45.7,2400,49.65,800,0,5600
BALKRISIND30JAN20940CE.NFO,07/01/2020,12:44:38,44.1,45.7,2400,49.95,800,0,5600
BALKRISIND30JAN20940CE.NFO,07/01/2020,12:44:41,44.1,45.7,2400,50.05,800,0,5600
BALKRISIND30JAN20940CE.NFO,07/01/2020,12:44:48,44.1,45.7,2400,49.85,800,0,5600
BALKRISIND30JAN20940CE.NFO,07/01/2020,12:44:50,44.1,45.75,1600,49.8,800,0,5600
BALKRISIND30JAN20940CE.NFO,07/01/2020,12:44:52,44.1,45.75,1600,50,3200,0,5600
BALKRISIND30JAN20940CE.NFO,07/01/2020,12:44:54,44.1,45.75,1600,49.85,800,0,5600
BALKRISIND30JAN20940CE.NFO,07/01/2020,12:44:57,44.1,45.75,1600,49.9,2400,0,5600
BALKRISIND30JAN20940CE.NFO,07/01/2020,12:44:59,44.1,45.75,1600,50,800,0,5600
BALKRISIND30JAN20940CE.NFO,07/01/2020,12:45:01,44.1,45.75,6400,49.95,800,0,5600
BALKRISIND30JAN20940CE.NFO,07/01/2020,12:45:05,44.1,45.75,1600,49.85,800,0,5600
BALKRISIND30JAN20940CE.NFO,07/01/2020,12:45:07,44.1,45.75,1600,50.2,4800,0,5600
BALKRISIND30JAN20940CE.NFO,07/01/2020,12:45:09,44.1,45.75,1600,50,3200,0,5600
BALKRISIND30JAN20940CE.NFO,07/01/2020,12:45:10,44.1,45.75,1600,49.9,3200,0,5600
BALKRISIND30JAN20940CE.NFO,07/01/2020,12:45:12,44.1,45.75,1600,50,3200,0,5600
BALKRISIND30JAN20940CE.NFO,07/01/2020,12:45:14,44.1,45.75,1600,49.9,3200,0,5600
BALKRISIND30JAN20940CE.NFO,07/01/2020,12:45:15,44.1,45.65,1600,50,800,0,5600
BALKRISIND30JAN20940CE.NFO,07/01/2020,12:45:17,44.1,45.65,1600,49.9,800,0,5600
BALKRISIND30JAN20940CE.NFO,07/01/2020,12:45:20,44.1,45.65,1600,50.1,2400,0,5600
BALKRISIND30JAN20940CE.NFO,07/01/2020,12:45:22,44.1,45.65,1600,49.95,3200,0,5600
BALKRISIND30JAN20940CE.NFO,07/01/2020,12:45:23,44.1,45.65,1600,49.9,800,0,5600
BALKRISIND30JAN20940CE.NFO,07/01/2020,12:45:27,44.1,45.65,1600,49.85,800,0,5600
BALKRISIND30JAN20940CE.NFO,07/01/2020,12:45:29,44.1,45.65,1600,50,800,0,5600
BALKRISIND30JAN20940CE.NFO,07/01/2020,12:45:31,44.1,45.65,1600,49.85,800,0,5600
BALKRISIND30JAN20940CE.NFO,07/01/2020,12:45:35,44.1,45.65,1600,49.9,800,0,5600
BALKRISIND30JAN20940CE.NFO,07/01/2020,12:45:37,44.1,45.65,1600,50,3200,0,5600
BALKRISIND30JAN20940CE.NFO,07/01/2020,12:45:40,44.1,45.65,3200,49.85,800,0,5600
BALKRISIND30JAN20940CE.NFO,07/01/2020,12:45:42,44.1,45.65,3200,49.9,800,0,5600
BALKRISIND30JAN20940CE.NFO,07/01/2020,12:45:45,44.1,45.65,1600,50,800,0,5600
BALKRISIND30JAN20940CE.NFO,07/01/2020,12:45:49,44.1,45.65,1600,49.9,800,0,5600
BALKRISIND30JAN20940CE.NFO,07/01/2020,12:45:55,44.1,45.65,1600,49.8,3200,0,5600
BALKRISIND30JAN20940CE.NFO,07/01/2020,12:46:00,44.1,45.75,2400,49.95,800,0,5600
BALKRISIND30JAN20940CE.NFO,07/01/2020,12:46:04,44.1,45.75,2400,49.9,800,0,5600
BALKRISIND30JAN20940CE.NFO,07/01/2020,12:46:07,44.1,45.75,1600,49.95,800,0,5600
BALKRISIND30JAN20940CE.NFO,07/01/2020,12:46:09,44.1,45.75,1600,50,800,0,5600
BALKRISIND30JAN20940CE.NFO,07/01/2020,12:46:20,44.1,45.8,2400,50,800,0,5600
BALKRISIND30JAN20940CE.NFO,07/01/2020,12:46:24,44.1,45.8,2400,49.85,800,0,5600
BALKRISIND30JAN20940CE.NFO,07/01/2020,12:46:27,44.1,45.9,1600,50.3,3200,0,5600
BALKRISIND30JAN20940CE.NFO,07/01/2020,12:46:32,44.1,45.9,1600,50.15,800,0,5600
BALKRISIND30JAN20940CE.NFO,07/01/2020,12:46:34,44.1,45.9,1600,50.45,8800,0,5600
BALKRISIND30JAN20940CE.NFO,07/01/2020,12:46:37,44.1,45.9,1600,50.05,800,0,5600
BALKRISIND30JAN20940CE.NFO,07/01/2020,12:46:40,44.1,45.9,1600,50.15,800,0,5600
BALKRISIND30JAN20940CE.NFO,07/01/2020,12:46:43,44.1,45.9,1600,50.25,800,0,5600
BALKRISIND30JAN20940CE.NFO,07/01/2020,12:46:47,44.1,45.9,1600,50.25,3200,0,5600
BALKRISIND30JAN20940CE.NFO,07/01/2020,12:46:49,44.1,45.9,1600,50.2,800,0,5600
BALKRISIND30JAN20940CE.NFO,07/01/2020,12:47:09,44.1,45.9,6400,50.2,800,0,5600
BALKRISIND30JAN20940CE.NFO,07/01/2020,12:47:13,44.1,45.9,1600,50.2,800,0,5600
BALKRISIND30JAN20940CE.NFO,07/01/2020,12:47:17,44.1,45.95,2400,50.2,800,0,5600
BALKRISIND30JAN20940CE.NFO,07/01/2020,12:47:22,44.1,45.95,2400,50.25,3200,0,5600
BALKRISIND30JAN20940CE.NFO,07/01/2020,12:47:31,44.1,45.95,2400,50.2,800,0,5600
BALKRISIND30JAN20940CE.NFO,07/01/2020,12:47:39,44.1,45.95,2400,50.45,3200,0,5600
BALKRISIND30JAN20940CE.NFO,07/01/2020,12:47:43,44.1,45.95,5600,50.45,3200,0,5600
BALKRISIND30JAN20940CE.NFO,07/01/2020,12:47:47,44.1,45.95,7200,50.2,800,0,5600
BALKRISIND30JAN20940CE.NFO,07/01/2020,12:47:50,44.1,45.95,2400,50.25,3200,0,5600
BALKRISIND30JAN20940CE.NFO,07/01/2020,12:47:53,44.1,45.95,2400,50.2,800,0,5600
BALKRISIND30JAN20940CE.NFO,07/01/2020,12:47:55,44.1,45.95,2400,50.15,800,0,5600
BALKRISIND30JAN20940CE.NFO,07/01/2020,12:47:58,44.1,45.95,2400,50.25,3200,0,5600
BALKRISIND30JAN20940CE.NFO,07/01/2020,12:48:02,44.1,45.95,2400,50.2,800,0,5600
BALKRISIND30JAN20940CE.NFO,07/01/2020,12:48:07,44.1,45.95,2400,50.45,3200,0,5600
BALKRISIND30JAN20940CE.NFO,07/01/2020,12:48:18,44.1,46.1,2400,50.5,3200,0,5600
BALKRISIND30JAN20940CE.NFO,07/01/2020,12:48:23,44.1,46.1,2400,50.35,800,0,5600
BALKRISIND30JAN20940CE.NFO,07/01/2020,12:48:27,44.1,46.1,2400,50.5,2400,0,5600
BALKRISIND30JAN20940CE.NFO,07/01/2020,12:48:31,44.1,46.1,2400,50.35,800,0,5600
BALKRISIND30JAN20940CE.NFO,07/01/2020,12:48:48,44.1,46.1,2400,50.4,800,0,5600
BALKRISIND30JAN20940CE.NFO,07/01/2020,12:48:52,44.1,46.1,2400,50.35,800,0,5600
BALKRISIND30JAN20940CE.NFO,07/01/2020,12:48:56,44.1,46.1,2400,50.5,3200,0,5600
BALKRISIND30JAN20940CE.NFO,07/01/2020,12:48:59,44.1,46.1,2400,50.4,800,0,5600
BALKRISIND30JAN20940CE.NFO,07/01/2020,12:49:02,44.1,46.1,2400,50.35,800,0,5600
BALKRISIND30JAN20940CE.NFO,07/01/2020,12:49:07,44.1,46.1,2400,50.4,800,0,5600
BALKRISIND30JAN20940CE.NFO,07/01/2020,12:49:14,44.1,46.1,2400,50.5,3200,0,5600
BALKRISIND30JAN20940CE.NFO,07/01/2020,12:49:18,44.1,46.1,2400,50.4,800,0,5600
BALKRISIND30JAN20940CE.NFO,07/01/2020,12:49:21,44.1,46.1,2400,50.35,800,0,5600
BALKRISIND30JAN20940CE.NFO,07/01/2020,12:49:30,44.1,46.1,4000,50.35,800,0,5600
BALKRISIND30JAN20940CE.NFO,07/01/2020,12:49:32,44.1,46.2,2400,50.95,1600,0,5600
BALKRISIND30JAN20940CE.NFO,07/01/2020,12:49:33,44.1,46.2,2400,50.85,4800,0,5600
BALKRISIND30JAN20940CE.NFO,07/01/2020,12:49:35,44.1,46.35,4000,50.55,2400,0,5600
BALKRISIND30JAN20940CE.NFO,07/01/2020,12:49:37,44.1,46.35,4000,50.55,3200,0,5600
BALKRISIND30JAN20940CE.NFO,07/01/2020,12:49:39,44.1,46.35,4000,50.5,800,0,5600
BALKRISIND30JAN20940CE.NFO,07/01/2020,12:49:41,44.1,46.35,4000,51,800,0,5600
BALKRISIND30JAN20940CE.NFO,07/01/2020,12:49:43,44.1,46.35,4000,50.4,800,0,5600
BALKRISIND30JAN20940CE.NFO,07/01/2020,12:49:48,44.1,46.35,4000,50.5,3200,0,5600
BALKRISIND30JAN20940CE.NFO,07/01/2020,12:49:52,44.1,46.35,4000,50.35,800,0,5600
BALKRISIND30JAN20940CE.NFO,07/01/2020,12:49:54,44.1,46.35,4000,50.4,800,0,5600
BALKRISIND30JAN20940CE.NFO,07/01/2020,12:49:56,44.1,46.4,3200,50.5,3200,0,5600
BALKRISIND30JAN20940CE.NFO,07/01/2020,12:49:58,44.1,46.4,3200,50.35,800,0,5600
BALKRISIND30JAN20940CE.NFO,07/01/2020,12:50:00,44.1,46.35,1600,50.4,3200,0,5600
BALKRISIND30JAN20940CE.NFO,07/01/2020,12:50:03,44.1,45.55,12000,50.35,800,0,5600
BALKRISIND30JAN20940CE.NFO,07/01/2020,12:50:06,44.1,45.85,8000,50.5,3200,0,5600
BALKRISIND30JAN20940CE.NFO,07/01/2020,12:50:08,44.1,45.85,8000,50.5,800,0,5600
BALKRISIND30JAN20940CE.NFO,07/01/2020,12:50:11,44.1,45.85,8000,50.45,800,0,5600
BALKRISIND30JAN20940CE.NFO,07/01/2020,12:50:16,44.1,45.85,8000,50.5,3200,0,5600
BALKRISIND30JAN20940CE.NFO,07/01/2020,12:50:19,44.1,45.85,8000,50.45,800,0,5600
BALKRISIND30JAN20940CE.NFO,07/01/2020,12:50:23,44.1,45.85,8000,50.55,800,0,5600
BALKRISIND30JAN20940CE.NFO,07/01/2020,12:50:36,44.1,45.85,8000,50.45,800,0,5600
BALKRISIND30JAN20940CE.NFO,07/01/2020,12:50:38,44.1,45.85,8000,50.5,3200,0,5600
BALKRISIND30JAN20940CE.NFO,07/01/2020,12:50:41,44.1,45.85,8000,50.45,800,0,5600
BALKRISIND30JAN20940CE.NFO,07/01/2020,12:51:37,44.1,46.05,8000,50.5,800,0,5600
BALKRISIND30JAN20940CE.NFO,07/01/2020,12:51:39,44.1,46.05,8000,50.45,800,0,5600
BALKRISIND30JAN20940CE.NFO,07/01/2020,12:51:41,44.1,46.1,3200,50.3,800,0,5600
BALKRISIND30JAN20940CE.NFO,07/01/2020,12:51:44,44.1,46.1,1600,50.25,800,0,5600
BALKRISIND30JAN20940CE.NFO,07/01/2020,12:51:49,44.1,46.1,1600,50.2,800,0,5600
BALKRISIND30JAN20940CE.NFO,07/01/2020,12:51:52,44.1,46.1,1600,50.4,3200,0,5600
BALKRISIND30JAN20940CE.NFO,07/01/2020,12:52:00,44.1,46.1,1600,50.35,800,0,5600
BALKRISIND30JAN20940CE.NFO,07/01/2020,12:52:13,44.1,46.1,1600,50.4,3200,0,5600
BALKRISIND30JAN20940CE.NFO,07/01/2020,12:52:16,44.1,46.1,1600,50.5,3200,0,5600
BALKRISIND30JAN20940CE.NFO,07/01/2020,12:52:21,44.1,46.1,1600,50.55,800,0,5600
BALKRISIND30JAN20940CE.NFO,07/01/2020,12:52:24,44.1,46.1,1600,50.4,800,0,5600
BALKRISIND30JAN20940CE.NFO,07/01/2020,12:52:27,44.1,46.1,1600,50.4,3200,0,5600
BALKRISIND30JAN20940CE.NFO,07/01/2020,12:52:30,44.1,46.1,1600,50.4,2400,0,5600
BALKRISIND30JAN20940CE.NFO,07/01/2020,12:52:32,44.1,46.1,1600,50.5,3200,0,5600
BALKRISIND30JAN20940CE.NFO,07/01/2020,12:52:34,44.1,46.1,1600,50.35,800,0,5600
BALKRISIND30JAN20940CE.NFO,07/01/2020,12:52:36,44.1,46.1,1600,50.55,800,0,5600
BALKRISIND30JAN20940CE.NFO,07/01/2020,12:53:06,44.1,46.1,1600,50.5,800,0,5600
BALKRISIND30JAN20940CE.NFO,07/01/2020,12:53:09,44.1,45.4,8000,49.95,2400,0,5600
BALKRISIND30JAN20940CE.NFO,07/01/2020,12:53:11,44.1,45.5,9600,50.7,9600,0,5600
BALKRISIND30JAN20940CE.NFO,07/01/2020,12:53:15,44.1,45.8,6400,50.3,4800,0,5600
BALKRISIND30JAN20940CE.NFO,07/01/2020,12:53:19,44.1,45.8,1600,49.85,800,0,5600
BALKRISIND30JAN20940CE.NFO,07/01/2020,12:53:24,44.1,45.8,1600,49.85,3200,0,5600
BALKRISIND30JAN20940CE.NFO,07/01/2020,12:53:28,44.1,45.8,1600,50.5,2400,0,5600
BALKRISIND30JAN20940CE.NFO,07/01/2020,12:53:31,44.1,45.8,1600,49.95,800,0,5600
BALKRISIND30JAN20940CE.NFO,07/01/2020,12:53:35,44.1,45.8,1600,50.45,2400,0,5600
BALKRISIND30JAN20940CE.NFO,07/01/2020,12:53:38,44.1,45.8,1600,50.1,3200,0,5600
BALKRISIND30JAN20940CE.NFO,07/01/2020,12:53:42,44.1,45.8,1600,50.05,3200,0,5600
BALKRISIND30JAN20940CE.NFO,07/01/2020,12:53:47,44.1,45.8,1600,50.05,2400,0,5600
BALKRISIND30JAN20940CE.NFO,07/01/2020,12:53:50,44.1,45.8,1600,50.15,3200,0,5600
BALKRISIND30JAN20940CE.NFO,07/01/2020,12:53:55,44.1,45.8,3200,50.1,800,0,5600
BALKRISIND30JAN20940CE.NFO,07/01/2020,12:53:58,44.1,45.8,3200,50.05,800,0,5600
BALKRISIND30JAN20940CE.NFO,07/01/2020,12:54:01,44.1,45.8,1600,50.25,4800,0,5600
BALKRISIND30JAN20940CE.NFO,07/01/2020,12:54:04,44.1,45.8,1600,50,800,0,5600
BALKRISIND30JAN20940CE.NFO,07/01/2020,12:54:06,44.1,44.95,15200,50,800,0,5600
BALKRISIND30JAN20940CE.NFO,07/01/2020,12:54:10,44.1,45.05,9600,50,2400,0,5600
BALKRISIND30JAN20940CE.NFO,07/01/2020,12:54:13,44.1,45.05,12800,50.05,3200,0,5600
BALKRISIND30JAN20940CE.NFO,07/01/2020,12:54:15,44.1,45.05,12800,50.1,3200,0,5600
BALKRISIND30JAN20940CE.NFO,07/01/2020,12:54:17,44.1,45.05,12800,49.9,800,0,5600
BALKRISIND30JAN20940CE.NFO,07/01/2020,12:54:20,44.1,45.05,12800,50,6400,0,5600
BALKRISIND30JAN20940CE.NFO,07/01/2020,12:54:22,44.1,45.5,9600,50.75,12800,0,5600
BALKRISIND30JAN20940CE.NFO,07/01/2020,12:54:25,44.1,45.55,6400,50.35,800,0,5600
BALKRISIND30JAN20940CE.NFO,07/01/2020,12:54:29,44.1,45.55,6400,50.55,4800,0,5600
BALKRISIND30JAN20940CE.NFO,07/01/2020,12:54:32,44.1,45.55,6400,50.35,800,0,5600
BALKRISIND30JAN20940CE.NFO,07/01/2020,12:54:34,44.1,45.6,6400,50.35,3200,0,5600
BALKRISIND30JAN20940CE.NFO,07/01/2020,12:54:37,44.1,45.6,6400,50.4,3200,0,5600
BALKRISIND30JAN20940CE.NFO,07/01/2020,12:54:40,44.1,45.65,8000,50.3,3200,0,5600
BALKRISIND30JAN20940CE.NFO,07/01/2020,12:54:42,44.1,45.7,11200,50.85,4800,0,5600
BALKRISIND30JAN20940CE.NFO,07/01/2020,12:54:44,44.1,45.7,11200,50.65,4800,0,5600
BALKRISIND30JAN20940CE.NFO,07/01/2020,12:54:47,44.1,45.75,1600,50.45,3200,0,5600
BALKRISIND30JAN20940CE.NFO,07/01/2020,12:54:51,44.1,45.75,8000,50.35,3200,0,5600
BALKRISIND30JAN20940CE.NFO,07/01/2020,12:54:56,44.1,45.75,6400,50.85,4800,0,5600
BALKRISIND30JAN20940CE.NFO,07/01/2020,12:54:59,44.1,45.75,6400,50.55,3200,0,5600
BALKRISIND30JAN20940CE.NFO,07/01/2020,12:55:01,44.1,45.75,6400,50.35,800,0,5600
BALKRISIND30JAN20940CE.NFO,07/01/2020,12:55:03,44.1,45.8,11200,50.4,3200,0,5600
BALKRISIND30JAN20940CE.NFO,07/01/2020,12:55:05,44.1,45.8,11200,50.25,800,0,5600
BALKRISIND30JAN20940CE.NFO,07/01/2020,12:55:08,44.1,45.85,11200,50.3,800,0,5600
BALKRISIND30JAN20940CE.NFO,07/01/2020,12:55:12,44.1,45.85,11200,50.45,3200,0,5600
BALKRISIND30JAN20940CE.NFO,07/01/2020,12:55:14,44.1,45.85,11200,50.35,3200,0,5600
BALKRISIND30JAN20940CE.NFO,07/01/2020,12:55:15,44.1,45.85,11200,50.3,800,0,5600
BALKRISIND30JAN20940CE.NFO,07/01/2020,12:55:18,44.1,45.85,11200,50.35,3200,0,5600
BALKRISIND30JAN20940CE.NFO,07/01/2020,12:55:20,44.1,45.85,11200,50.35,2400,0,5600
BALKRISIND30JAN20940CE.NFO,07/01/2020,12:55:24,44.1,45.85,1600,50.05,800,0,5600
BALKRISIND30JAN20940CE.NFO,07/01/2020,12:55:28,44.1,45.85,1600,50.7,4800,0,5600
BALKRISIND30JAN20940CE.NFO,07/01/2020,12:55:31,44.1,45.85,1600,50.3,2400,0,5600
BALKRISIND30JAN20940CE.NFO,07/01/2020,12:55:34,44.1,45.85,1600,50.05,800,0,5600
BALKRISIND30JAN20940CE.NFO,07/01/2020,12:55:37,44.1,45.85,1600,50.35,3200,0,5600
BALKRISIND30JAN20940CE.NFO,07/01/2020,12:55:38,44.1,45.85,1600,50.15,3200,0,5600
BALKRISIND30JAN20940CE.NFO,07/01/2020,12:55:40,44.1,45.85,1600,50,800,0,5600
BALKRISIND30JAN20940CE.NFO,07/01/2020,12:55:42,44.1,45.85,1600,50.35,3200,0,5600
BALKRISIND30JAN20940CE.NFO,07/01/2020,12:55:44,44.1,45.85,1600,50.15,3200,0,5600
BALKRISIND30JAN20940CE.NFO,07/01/2020,12:55:47,44.1,45.85,1600,50.05,800,0,5600
BALKRISIND30JAN20940CE.NFO,07/01/2020,12:55:50,44.1,45.85,1600,50.55,4800,0,5600
BALKRISIND30JAN20940CE.NFO,07/01/2020,12:55:54,44.1,45.85,1600,50.25,3200,0,5600
BALKRISIND30JAN20940CE.NFO,07/01/2020,12:55:57,44.1,45.85,1600,50.45,3200,0,5600
BALKRISIND30JAN20940CE.NFO,07/01/2020,12:55:59,44.1,45.85,1600,50.15,3200,0,5600
BALKRISIND30JAN20940CE.NFO,07/01/2020,12:56:01,44.1,45.85,1600,50.45,3200,0,5600
BALKRISIND30JAN20940CE.NFO,07/01/2020,12:56:03,44.1,45.85,1600,50.15,800,0,5600
BALKRISIND30JAN20940CE.NFO,07/01/2020,12:56:06,44.1,45.85,1600,50.45,3200,0,5600
BALKRISIND30JAN20940CE.NFO,07/01/2020,12:56:08,44.1,45.85,1600,50.15,800,0,5600
BALKRISIND30JAN20940CE.NFO,07/01/2020,12:56:10,44.1,45.85,1600,50.1,800,0,5600
BALKRISIND30JAN20940CE.NFO,07/01/2020,12:56:12,44.1,45.85,1600,50.25,3200,0,5600
BALKRISIND30JAN20940CE.NFO,07/01/2020,12:56:14,44.1,45.85,1600,50.15,3200,0,5600
BALKRISIND30JAN20940CE.NFO,07/01/2020,12:56:15,44.1,45.85,1600,50.35,3200,0,5600
BALKRISIND30JAN20940CE.NFO,07/01/2020,12:56:17,44.1,45.85,1600,50.15,3200,0,5600
BALKRISIND30JAN20940CE.NFO,07/01/2020,12:56:19,44.1,45.85,1600,50.5,3200,0,5600
BALKRISIND30JAN20940CE.NFO,07/01/2020,12:56:23,44.1,45.85,3200,50.5,3200,0,5600
BALKRISIND30JAN20940CE.NFO,07/01/2020,12:56:27,44.1,45.85,1600,50.3,800,0,5600
BALKRISIND30JAN20940CE.NFO,07/01/2020,12:56:31,44.1,45.85,1600,50.3,3200,0,5600
BALKRISIND30JAN20940CE.NFO,07/01/2020,12:56:34,44.1,45.85,1600,50.15,800,0,5600
BALKRISIND30JAN20940CE.NFO,07/01/2020,12:56:37,44.1,45.85,1600,50.55,4800,0,5600
BALKRISIND30JAN20940CE.NFO,07/01/2020,12:56:40,44.1,45.85,1600,50.15,800,0,5600
BALKRISIND30JAN20940CE.NFO,07/01/2020,12:56:43,44.1,45.85,1600,50.45,3200,0,5600
BALKRISIND30JAN20940CE.NFO,07/01/2020,12:56:45,44.1,45.85,1600,50.25,3200,0,5600
BALKRISIND30JAN20940CE.NFO,07/01/2020,12:56:46,44.1,45.85,1600,50.1,800,0,5600
BALKRISIND30JAN20940CE.NFO,07/01/2020,12:56:48,44.1,45.85,1600,50.35,800,0,5600
BALKRISIND30JAN20940CE.NFO,07/01/2020,12:56:50,44.1,45.85,1600,50.45,3200,0,5600
BALKRISIND30JAN20940CE.NFO,07/01/2020,12:56:52,44.1,45.9,2400,50.05,800,0,5600
BALKRISIND30JAN20940CE.NFO,07/01/2020,12:56:54,44.1,45.9,2400,50.15,2400,0,5600
BALKRISIND30JAN20940CE.NFO,07/01/2020,12:56:57,44.1,45.9,2400,50.45,7200,0,5600
BALKRISIND30JAN20940CE.NFO,07/01/2020,12:56:59,44.1,45.9,1600,49.95,1600,0,5600
BALKRISIND30JAN20940CE.NFO,07/01/2020,12:57:00,44.1,45.9,1600,49.9,800,0,5600
BALKRISIND30JAN20940CE.NFO,07/01/2020,12:57:02,44.1,45.95,2400,50.1,800,0,5600
BALKRISIND30JAN20940CE.NFO,07/01/2020,12:57:04,44.1,45.55,7200,50.75,6400,0,5600
BALKRISIND30JAN20940CE.NFO,07/01/2020,12:57:06,44.1,45.55,7200,50.45,4800,0,5600
BALKRISIND30JAN20940CE.NFO,07/01/2020,12:57:08,44.1,45.55,7200,50.3,800,0,5600
BALKRISIND30JAN20940CE.NFO,07/01/2020,12:57:10,44.1,45.75,2400,50.05,3200,0,5600
BALKRISIND30JAN20940CE.NFO,07/01/2020,12:57:12,44.1,45.75,2400,49.9,800,0,5600
BALKRISIND30JAN20940CE.NFO,07/01/2020,12:57:13,44.1,45.55,3200,49.7,800,0,5600
BALKRISIND30JAN20940CE.NFO,07/01/2020,12:57:16,44.1,45.55,1600,50.25,4800,0,5600
BALKRISIND30JAN20940CE.NFO,07/01/2020,12:57:18,44.1,45.55,6400,50,800,0,5600
BALKRISIND30JAN20940CE.NFO,07/01/2020,12:57:21,44.1,45.55,3200,50.55,2400,0,5600
BALKRISIND30JAN20940CE.NFO,07/01/2020,12:57:24,44.1,45.55,3200,50.1,2400,0,5600
BALKRISIND30JAN20940CE.NFO,07/01/2020,12:57:27,44.1,45.4,3200,50.6,9600,0,5600
BALKRISIND30JAN20940CE.NFO,07/01/2020,12:57:30,44.1,45.5,3200,50.3,4800,0,5600
BALKRISIND30JAN20940CE.NFO,07/01/2020,12:57:32,44.1,45.5,6400,50.1,3200,0,5600
BALKRISIND30JAN20940CE.NFO,07/01/2020,12:57:34,44.1,45.5,6400,49.9,3200,0,5600
BALKRISIND30JAN20940CE.NFO,07/01/2020,12:57:37,44.1,45.5,6400,49.6,3200,0,5600
BALKRISIND30JAN20940CE.NFO,07/01/2020,12:57:41,44.1,45.5,6400,50,3200,0,5600
BALKRISIND30JAN20940CE.NFO,07/01/2020,12:57:46,44.1,45.5,4800,49.55,800,0,5600
BALKRISIND30JAN20940CE.NFO,07/01/2020,12:57:51,44.1,45.5,4800,49.7,3200,0,5600
BALKRISIND30JAN20940CE.NFO,07/01/2020,12:57:55,44.1,45.5,4800,50.1,3200,0,5600
BALKRISIND30JAN20940CE.NFO,07/01/2020,12:57:58,44.1,45.5,4800,49.7,3200,0,5600
BALKRISIND30JAN20940CE.NFO,07/01/2020,12:58:02,44.1,45.5,4800,49.5,800,0,5600
BALKRISIND30JAN20940CE.NFO,07/01/2020,12:58:06,44.1,45.5,4800,49.9,3200,0,5600
BALKRISIND30JAN20940CE.NFO,07/01/2020,12:58:13,44.1,45.5,4800,49.7,3200,0,5600
BALKRISIND30JAN20940CE.NFO,07/01/2020,12:58:14,44.1,45.5,4800,49.6,3200,0,5600
BALKRISIND30JAN20940CE.NFO,07/01/2020,12:58:15,44.1,45.5,4800,49.55,800,0,5600
BALKRISIND30JAN20940CE.NFO,07/01/2020,12:58:16,44.1,45.5,4800,50.2,3200,0,5600
BALKRISIND30JAN20940CE.NFO,07/01/2020,12:58:17,44.1,45.5,4800,50,2400,0,5600
BALKRISIND30JAN20940CE.NFO,07/01/2020,12:58:17,44.1,45.5,4800,50,3200,0,5600
BALKRISIND30JAN20940CE.NFO,07/01/2020,12:58:18,44.1,45.5,4800,49.9,3200,0,5600
BALKRISIND30JAN20940CE.NFO,07/01/2020,12:58:19,44.1,45.5,4800,49.8,3200,0,5600
BALKRISIND30JAN20940CE.NFO,07/01/2020,12:58:20,44.1,45.5,4800,49.7,3200,0,5600
BALKRISIND30JAN20940CE.NFO,07/01/2020,12:58:21,44.1,45.5,4800,49.6,3200,0,5600
BALKRISIND30JAN20940CE.NFO,07/01/2020,12:58:23,44.1,45.5,4800,50.2,3200,0,5600
BALKRISIND30JAN20940CE.NFO,07/01/2020,12:58:24,44.1,45.5,4800,50.1,3200,0,5600
BALKRISIND30JAN20940CE.NFO,07/01/2020,12:58:25,44.1,45.5,4800,50,3200,0,5600
BALKRISIND30JAN20940CE.NFO,07/01/2020,12:58:26,44.1,45.5,4800,49.8,2400,0,5600
BALKRISIND30JAN20940CE.NFO,07/01/2020,12:58:26,44.1,45.5,4800,49.8,3200,0,5600
BALKRISIND30JAN20940CE.NFO,07/01/2020,12:58:28,44.1,45.5,4800,49.7,3200,0,5600
BALKRISIND30JAN20940CE.NFO,07/01/2020,12:58:29,44.1,45.5,4800,49.6,3200,0,5600
BALKRISIND30JAN20940CE.NFO,07/01/2020,12:58:30,44.1,45.5,4800,49.55,800,0,5600
BALKRISIND30JAN20940CE.NFO,07/01/2020,12:58:31,44.1,45.5,4800,50.1,3200,0,5600
BALKRISIND30JAN20940CE.NFO,07/01/2020,12:58:32,44.1,45.5,4800,50,3200,0,5600
BALKRISIND30JAN20940CE.NFO,07/01/2020,12:58:33,44.1,45.5,4800,49.9,3200,0,5600
BALKRISIND30JAN20940CE.NFO,07/01/2020,12:58:34,44.1,45.5,6400,49.8,3200,0,5600
BALKRISIND30JAN20940CE.NFO,07/01/2020,12:58:36,44.1,45.5,6400,49.6,3200,0,5600
BALKRISIND30JAN20940CE.NFO,07/01/2020,12:58:36,44.1,45.5,6400,49.55,800,0,5600
BALKRISIND30JAN20940CE.NFO,07/01/2020,12:58:38,44.1,45.5,6400,50.45,4000,0,5600
BALKRISIND30JAN20940CE.NFO,07/01/2020,12:58:39,44.1,45.5,6400,50.45,4800,0,5600
BALKRISIND30JAN20940CE.NFO,07/01/2020,12:58:40,44.1,45.5,6400,50.25,3200,0,5600
BALKRISIND30JAN20940CE.NFO,07/01/2020,12:58:41,44.1,45.5,6400,50.15,3200,0,5600
BALKRISIND30JAN20940CE.NFO,07/01/2020,12:58:42,44.1,45.5,6400,50.05,3200,0,5600
BALKRISIND30JAN20940CE.NFO,07/01/2020,12:58:43,44.1,45.5,6400,49.95,3200,0,5600
BALKRISIND30JAN20940CE.NFO,07/01/2020,12:58:44,44.1,45.5,6400,49.85,3200,0,5600
BALKRISIND30JAN20940CE.NFO,07/01/2020,12:58:45,44.1,45.5,6400,49.75,3200,0,5600
BALKRISIND30JAN20940CE.NFO,07/01/2020,12:58:46,44.1,45.5,6400,49.65,3200,0,5600
BALKRISIND30JAN20940CE.NFO,07/01/2020,12:58:46,44.1,45.5,6400,49.55,800,0,5600
BALKRISIND30JAN20940CE.NFO,07/01/2020,12:58:47,44.1,45.5,6400,49.5,800,0,5600
BALKRISIND30JAN20940CE.NFO,07/01/2020,12:58:48,44.1,45.5,6400,50.35,3200,0,5600
BALKRISIND30JAN20940CE.NFO,07/01/2020,12:58:50,44.1,45.5,6400,50.25,3200,0,5600
BALKRISIND30JAN20940CE.NFO,07/01/2020,12:58:51,44.1,45.5,6400,50.15,3200,0,5600
BALKRISIND30JAN20940CE.NFO,07/01/2020,12:58:52,44.1,45.5,6400,50.05,3200,0,5600
BALKRISIND30JAN20940CE.NFO,07/01/2020,12:58:53,44.1,45.5,6400,49.95,3200,0,5600
BALKRISIND30JAN20940CE.NFO,07/01/2020,12:58:54,44.1,45.5,8000,49.85,3200,0,5600
BALKRISIND30JAN20940CE.NFO,07/01/2020,12:58:55,44.1,45.5,8000,49.75,3200,0,5600
BALKRISIND30JAN20940CE.NFO,07/01/2020,12:58:55,44.1,45.5,8000,49.65,3200,0,5600
BALKRISIND30JAN20940CE.NFO,07/01/2020,12:58:57,44.1,45.5,8000,49.55,800,0,5600
BALKRISIND30JAN20940CE.NFO,07/01/2020,12:58:58,44.1,45.5,6400,50.35,3200,0,5600
BALKRISIND30JAN20940CE.NFO,07/01/2020,12:58:59,44.1,45.5,8000,50.25,2400,0,5600
BALKRISIND30JAN20940CE.NFO,07/01/2020,12:59:00,44.1,45.5,6400,50.15,3200,0,5600
BALKRISIND30JAN20940CE.NFO,07/01/2020,12:59:01,44.1,45.5,6400,50.05,2400,0,5600
BALKRISIND30JAN20940CE.NFO,07/01/2020,12:59:02,44.1,45.5,8000,49.95,3200,0,5600
BALKRISIND30JAN20940CE.NFO,07/01/2020,12:59:03,44.1,45.5,8000,49.85,3200,0,5600
BALKRISIND30JAN20940CE.NFO,07/01/2020,12:59:04,44.1,45.5,6400,49.75,3200,0,5600
BALKRISIND30JAN20940CE.NFO,07/01/2020,12:59:05,44.1,45.5,6400,49.65,3200,0,5600
BALKRISIND30JAN20940CE.NFO,07/01/2020,12:59:06,44.1,45.5,6400,49.5,800,0,5600
BALKRISIND30JAN20940CE.NFO,07/01/2020,12:59:07,44.1,45.5,6400,50.2,3200,0,5600
BALKRISIND30JAN20940CE.NFO,07/01/2020,12:59:08,44.1,45.5,6400,50.1,3200,0,5600
BALKRISIND30JAN20940CE.NFO,07/01/2020,12:59:09,44.1,45.5,6400,50,3200,0,5600
