Ticker,Date,Time,LTP,BuyPrice,BuyQty,SellPrice,SellQty,LTQ,OpenInterest
BANKNIFTY09JAN2030100PE.NFO,07/01/2020,09:15:00,22,13,20,22,1060,180,0
BANKNIFTY09JAN2030100PE.NFO,07/01/2020,09:15:00,22,13,20,22,1060,0,0
BANKNIFTY09JAN2030100PE.NFO,07/01/2020,09:15:00,22,13,20,22,1060,0,0
BANKNIFTY09JAN2030100PE.NFO,07/01/2020,09:15:00,20,13,20,22,1060,0,0
BANKNIFTY09JAN2030100PE.NFO,07/01/2020,09:15:00,20,13,60,17.9,220,0,26460
BANKNIFTY09JAN2030100PE.NFO,07/01/2020,09:15:01,20,13,40,14.45,140,0,26460
BANKNIFTY09JAN2030100PE.NFO,07/01/2020,09:15:02,20,13.05,80,13.8,140,0,26460
BANKNIFTY09JAN2030100PE.NFO,07/01/2020,09:15:03,10.05,10.05,20,10.25,40,200,26460
BANKNIFTY09JAN2030100PE.NFO,07/01/2020,09:15:03,10.05,10.05,20,10.25,40,0,26460
BANKNIFTY09JAN2030100PE.NFO,07/01/2020,09:15:05,10.25,8.25,120,10.25,60,280,26460
BANKNIFTY09JAN2030100PE.NFO,07/01/2020,09:15:05,8.2,8.25,120,10.25,60,0,26460
BANKNIFTY09JAN2030100PE.NFO,07/01/2020,09:15:06,8.45,8.55,20,10,40,620,26460
BANKNIFTY09JAN2030100PE.NFO,07/01/2020,09:15:07,8.7,8.75,40,9.6,40,320,26460
BANKNIFTY09JAN2030100PE.NFO,07/01/2020,09:15:09,8.45,8.4,120,9.35,60,180,26460
BANKNIFTY09JAN2030100PE.NFO,07/01/2020,09:15:10,8.2,8.2,20,9.6,20,1260,26460
BANKNIFTY09JAN2030100PE.NFO,07/01/2020,09:15:11,8.2,8.2,20,8.3,20,0,26460
BANKNIFTY09JAN2030100PE.NFO,07/01/2020,09:15:12,8.2,6.2,340,7.95,160,260,26460
BANKNIFTY09JAN2030100PE.NFO,07/01/2020,09:15:12,6.35,6.2,340,7.95,160,0,26460
BANKNIFTY09JAN2030100PE.NFO,07/01/2020,09:15:13,6.2,6.65,80,7.85,200,20,26460
BANKNIFTY09JAN2030100PE.NFO,07/01/2020,09:15:13,6.2,6.65,80,7.85,200,0,26460
BANKNIFTY09JAN2030100PE.NFO,07/01/2020,09:15:15,6.75,6.3,340,7.3,40,240,26460
BANKNIFTY09JAN2030100PE.NFO,07/01/2020,09:15:16,7,6.2,20,6.9,40,40,26460
BANKNIFTY09JAN2030100PE.NFO,07/01/2020,09:15:16,6.8,6.4,20,6.8,40,40,26460
BANKNIFTY09JAN2030100PE.NFO,07/01/2020,09:15:17,6.75,6.25,240,6.8,260,180,26460
BANKNIFTY09JAN2030100PE.NFO,07/01/2020,09:15:19,6.3,6.25,320,7.35,260,60,26460
BANKNIFTY09JAN2030100PE.NFO,07/01/2020,09:15:20,6.3,6.3,220,7.25,100,0,26460
BANKNIFTY09JAN2030100PE.NFO,07/01/2020,09:15:21,6.3,6.25,60,7.15,100,0,26460
BANKNIFTY09JAN2030100PE.NFO,07/01/2020,09:15:22,7.1,6.3,240,7.15,60,100,26460
BANKNIFTY09JAN2030100PE.NFO,07/01/2020,09:15:23,7.2,6.45,460,7.85,320,60,26460
BANKNIFTY09JAN2030100PE.NFO,07/01/2020,09:15:25,6.5,6.55,260,7.35,20,620,26460
BANKNIFTY09JAN2030100PE.NFO,07/01/2020,09:15:26,6.8,6.7,20,6.85,80,180,26460
BANKNIFTY09JAN2030100PE.NFO,07/01/2020,09:15:27,6.7,6.3,180,6.75,20,460,26460
BANKNIFTY09JAN2030100PE.NFO,07/01/2020,09:15:29,6.55,6.55,180,7.4,120,600,26460
BANKNIFTY09JAN2030100PE.NFO,07/01/2020,09:15:29,6.5,6.4,100,7.3,100,340,26460
BANKNIFTY09JAN2030100PE.NFO,07/01/2020,09:15:31,7.3,6.45,200,7.25,20,240,26460
BANKNIFTY09JAN2030100PE.NFO,07/01/2020,09:15:31,6.5,6.45,20,6.85,20,240,26460
BANKNIFTY09JAN2030100PE.NFO,07/01/2020,09:15:33,6.2,6.2,220,6.8,200,300,26460
BANKNIFTY09JAN2030100PE.NFO,07/01/2020,09:15:34,6.2,6.15,2100,6.7,40,120,26460
BANKNIFTY09JAN2030100PE.NFO,07/01/2020,09:15:35,6.15,6.15,2000,6.65,100,120,26460
BANKNIFTY09JAN2030100PE.NFO,07/01/2020,09:15:35,6.15,6.15,2000,6.65,100,0,26460
BANKNIFTY09JAN2030100PE.NFO,07/01/2020,09:15:36,6.3,6.3,20,6.65,20,280,26460
BANKNIFTY09JAN2030100PE.NFO,07/01/2020,09:15:37,6.15,6.15,1600,6.8,100,420,26460
BANKNIFTY09JAN2030100PE.NFO,07/01/2020,09:15:37,6.15,6.15,1560,6.7,80,40,26460
BANKNIFTY09JAN2030100PE.NFO,07/01/2020,09:15:38,6.15,6.15,1280,6.4,20,280,26460
BANKNIFTY09JAN2030100PE.NFO,07/01/2020,09:15:40,6.5,6.2,20,6.5,80,300,26460
BANKNIFTY09JAN2030100PE.NFO,07/01/2020,09:15:40,6.15,6.2,20,6.5,40,240,26460
BANKNIFTY09JAN2030100PE.NFO,07/01/2020,09:15:42,6.2,6.15,720,6.45,60,380,26460
BANKNIFTY09JAN2030100PE.NFO,07/01/2020,09:15:43,6.2,6.15,720,6.45,60,0,26460
BANKNIFTY09JAN2030100PE.NFO,07/01/2020,09:15:43,6.15,6.15,540,6.45,80,180,26460
BANKNIFTY09JAN2030100PE.NFO,07/01/2020,09:15:44,6.15,6.15,200,6.35,40,500,26460
BANKNIFTY09JAN2030100PE.NFO,07/01/2020,09:15:45,6.15,6.2,20,6.45,120,220,26460
BANKNIFTY09JAN2030100PE.NFO,07/01/2020,09:15:46,5.9,5.9,40,6.4,320,320,26460
BANKNIFTY09JAN2030100PE.NFO,07/01/2020,09:15:46,5.9,5.9,40,6.4,320,0,26460
BANKNIFTY09JAN2030100PE.NFO,07/01/2020,09:15:47,5.8,5.8,80,6.35,260,60,26460
BANKNIFTY09JAN2030100PE.NFO,07/01/2020,09:15:47,5.8,5.8,80,6.35,260,0,26460
BANKNIFTY09JAN2030100PE.NFO,07/01/2020,09:15:48,5.8,5.8,120,6.1,20,20,26460
BANKNIFTY09JAN2030100PE.NFO,07/01/2020,09:15:50,5.8,5.8,80,6.1,80,40,26460
BANKNIFTY09JAN2030100PE.NFO,07/01/2020,09:15:50,5.8,5.7,160,6.1,180,20,26460
BANKNIFTY09JAN2030100PE.NFO,07/01/2020,09:15:51,5.75,5.75,40,6.1,20,20,26460
BANKNIFTY09JAN2030100PE.NFO,07/01/2020,09:15:51,5.75,5.75,40,6.1,20,0,26460
BANKNIFTY09JAN2030100PE.NFO,07/01/2020,09:15:52,5.95,5.8,20,5.95,40,100,26460
BANKNIFTY09JAN2030100PE.NFO,07/01/2020,09:15:53,5.75,5.75,20,6,40,40,26460
BANKNIFTY09JAN2030100PE.NFO,07/01/2020,09:15:54,5.75,5.75,20,5.95,80,0,26460
BANKNIFTY09JAN2030100PE.NFO,07/01/2020,09:15:55,5.65,5.65,1140,5.9,80,320,26460
BANKNIFTY09JAN2030100PE.NFO,07/01/2020,09:15:55,5.65,5.65,1140,5.9,80,0,26460
BANKNIFTY09JAN2030100PE.NFO,07/01/2020,09:15:56,5.65,5.65,1100,5.9,140,40,26460
BANKNIFTY09JAN2030100PE.NFO,07/01/2020,09:15:58,5.65,5.65,1100,5.9,140,0,26460
BANKNIFTY09JAN2030100PE.NFO,07/01/2020,09:15:58,5.65,5.65,1100,5.9,220,0,26460
BANKNIFTY09JAN2030100PE.NFO,07/01/2020,09:15:59,6,5.7,20,6,120,160,26460
BANKNIFTY09JAN2030100PE.NFO,07/01/2020,09:16:01,5.9,5.75,20,5.95,80,100,26460
BANKNIFTY09JAN2030100PE.NFO,07/01/2020,09:16:01,5.9,5.75,20,6,40,100,26460
BANKNIFTY09JAN2030100PE.NFO,07/01/2020,09:16:02,5.9,5.7,20,5.95,20,0,26460
BANKNIFTY09JAN2030100PE.NFO,07/01/2020,09:16:04,5.7,5.7,20,5.85,20,20,26460
BANKNIFTY09JAN2030100PE.NFO,07/01/2020,09:16:05,5.85,5.8,20,5.95,80,140,26460
BANKNIFTY09JAN2030100PE.NFO,07/01/2020,09:16:07,5.75,5.7,20,5.95,240,420,26460
BANKNIFTY09JAN2030100PE.NFO,07/01/2020,09:16:07,5.75,5.7,20,5.85,20,0,26460
BANKNIFTY09JAN2030100PE.NFO,07/01/2020,09:16:09,5.9,5.7,20,5.9,80,40,26460
BANKNIFTY09JAN2030100PE.NFO,07/01/2020,09:16:09,5.7,5.7,20,5.95,20,20,26460
BANKNIFTY09JAN2030100PE.NFO,07/01/2020,09:16:10,5.85,5.7,40,5.85,80,100,26460
BANKNIFTY09JAN2030100PE.NFO,07/01/2020,09:16:11,5.7,5.65,1040,5.9,60,100,26460
BANKNIFTY09JAN2030100PE.NFO,07/01/2020,09:16:12,5.7,5.7,20,5.75,20,0,26460
BANKNIFTY09JAN2030100PE.NFO,07/01/2020,09:16:14,5.9,5.7,20,5.75,40,60,26460
BANKNIFTY09JAN2030100PE.NFO,07/01/2020,09:16:14,5.65,5.65,960,5.75,40,100,26460
BANKNIFTY09JAN2030100PE.NFO,07/01/2020,09:16:16,5.65,5.65,960,5.75,20,0,26460
BANKNIFTY09JAN2030100PE.NFO,07/01/2020,09:16:17,5.7,5.7,20,5.85,20,80,26460
BANKNIFTY09JAN2030100PE.NFO,07/01/2020,09:16:17,5.7,5.7,20,5.85,80,0,26460
BANKNIFTY09JAN2030100PE.NFO,07/01/2020,09:16:18,5.7,5.65,940,5.7,20,0,26460
BANKNIFTY09JAN2030100PE.NFO,07/01/2020,09:16:19,5.65,5.65,900,5.7,20,40,26460
BANKNIFTY09JAN2030100PE.NFO,07/01/2020,09:16:20,5.7,5.65,820,5.8,40,100,26460
BANKNIFTY09JAN2030100PE.NFO,07/01/2020,09:16:22,5.65,5.65,800,5.8,20,40,26460
BANKNIFTY09JAN2030100PE.NFO,07/01/2020,09:16:22,5.7,5.65,800,5.8,60,20,26460
BANKNIFTY09JAN2030100PE.NFO,07/01/2020,09:16:23,5.65,5.65,720,5.7,20,80,26460
BANKNIFTY09JAN2030100PE.NFO,07/01/2020,09:16:24,5.7,5.65,660,5.8,40,80,26460
BANKNIFTY09JAN2030100PE.NFO,07/01/2020,09:16:26,5.7,5.65,660,5.7,100,0,26460
BANKNIFTY09JAN2030100PE.NFO,07/01/2020,09:16:26,5.7,5.65,660,5.7,100,40,26460
BANKNIFTY09JAN2030100PE.NFO,07/01/2020,09:16:28,5.7,5.65,660,5.7,100,0,26460
BANKNIFTY09JAN2030100PE.NFO,07/01/2020,09:16:28,5.65,5.65,620,5.7,80,40,26460
BANKNIFTY09JAN2030100PE.NFO,07/01/2020,09:16:29,5.65,5.65,600,5.7,80,20,26460
BANKNIFTY09JAN2030100PE.NFO,07/01/2020,09:16:30,5.65,5.65,520,5.7,80,80,26460
BANKNIFTY09JAN2030100PE.NFO,07/01/2020,09:16:31,5.65,5.65,440,5.7,80,80,26460
BANKNIFTY09JAN2030100PE.NFO,07/01/2020,09:16:32,5.75,5.7,20,5.75,40,320,26460
BANKNIFTY09JAN2030100PE.NFO,07/01/2020,09:16:33,5.7,5.65,440,5.75,20,80,26460
BANKNIFTY09JAN2030100PE.NFO,07/01/2020,09:16:35,5.6,5.6,20,5.65,20,520,26460
BANKNIFTY09JAN2030100PE.NFO,07/01/2020,09:16:35,5.6,5.6,20,5.65,20,0,26460
BANKNIFTY09JAN2030100PE.NFO,07/01/2020,09:16:36,5.55,5.5,960,5.65,20,80,26460
BANKNIFTY09JAN2030100PE.NFO,07/01/2020,09:16:36,5.55,5.5,960,5.65,20,0,26460
BANKNIFTY09JAN2030100PE.NFO,07/01/2020,09:16:36,5.55,5.5,900,5.6,40,20,26460
BANKNIFTY09JAN2030100PE.NFO,07/01/2020,09:16:38,5.55,5.5,900,5.6,40,0,26460
BANKNIFTY09JAN2030100PE.NFO,07/01/2020,09:16:39,5.55,5.5,880,5.55,40,40,26460
BANKNIFTY09JAN2030100PE.NFO,07/01/2020,09:16:39,5.5,5.5,880,5.55,40,0,26460
BANKNIFTY09JAN2030100PE.NFO,07/01/2020,09:16:40,5.55,5.5,880,5.55,40,0,26460
BANKNIFTY09JAN2030100PE.NFO,07/01/2020,09:16:40,5.5,5.5,820,5.55,20,60,26460
BANKNIFTY09JAN2030100PE.NFO,07/01/2020,09:16:41,5.5,5.5,680,5.55,20,140,26460
BANKNIFTY09JAN2030100PE.NFO,07/01/2020,09:16:43,5.5,5.5,640,5.55,20,40,26460
BANKNIFTY09JAN2030100PE.NFO,07/01/2020,09:16:43,5.5,5.5,540,5.55,20,100,26460
BANKNIFTY09JAN2030100PE.NFO,07/01/2020,09:16:44,5.5,5.5,540,5.55,20,0,26460
BANKNIFTY09JAN2030100PE.NFO,07/01/2020,09:16:46,5.5,5.5,520,5.55,20,20,26460
BANKNIFTY09JAN2030100PE.NFO,07/01/2020,09:16:47,5.5,5.5,520,5.55,20,0,26460
BANKNIFTY09JAN2030100PE.NFO,07/01/2020,09:16:48,5.5,5.5,500,5.55,20,20,26460
BANKNIFTY09JAN2030100PE.NFO,07/01/2020,09:16:48,5.5,5.5,500,5.55,20,0,26460
BANKNIFTY09JAN2030100PE.NFO,07/01/2020,09:16:50,5.5,5.5,480,5.55,40,20,26460
BANKNIFTY09JAN2030100PE.NFO,07/01/2020,09:16:51,5.55,5.55,20,5.6,20,40,26460
BANKNIFTY09JAN2030100PE.NFO,07/01/2020,09:16:52,5.6,5.5,480,5.6,40,80,26460
BANKNIFTY09JAN2030100PE.NFO,07/01/2020,09:16:53,5.6,5.5,480,5.6,40,0,26460
BANKNIFTY09JAN2030100PE.NFO,07/01/2020,09:16:54,5.5,5.5,80,5.55,40,20,26460
BANKNIFTY09JAN2030100PE.NFO,07/01/2020,09:16:55,5.5,5.5,80,5.55,40,0,26460
BANKNIFTY09JAN2030100PE.NFO,07/01/2020,09:16:56,5.5,5.5,40,5.55,20,40,26460
BANKNIFTY09JAN2030100PE.NFO,07/01/2020,09:16:58,5.5,5.5,60,5.55,20,20,26460
BANKNIFTY09JAN2030100PE.NFO,07/01/2020,09:16:58,5.5,5.5,60,5.55,20,0,26460
BANKNIFTY09JAN2030100PE.NFO,07/01/2020,09:17:00,5.45,5.45,140,5.5,380,80,26460
BANKNIFTY09JAN2030100PE.NFO,07/01/2020,09:17:00,5.45,5.45,140,5.5,380,0,26460
BANKNIFTY09JAN2030100PE.NFO,07/01/2020,09:17:00,5.45,5.45,140,5.5,380,0,26460
BANKNIFTY09JAN2030100PE.NFO,07/01/2020,09:17:01,5.45,5.45,60,5.5,2400,60,26460
BANKNIFTY09JAN2030100PE.NFO,07/01/2020,09:17:03,5.4,5.35,20,5.45,100,260,26460
BANKNIFTY09JAN2030100PE.NFO,07/01/2020,09:17:03,5.35,5.35,20,5.45,100,0,26460
BANKNIFTY09JAN2030100PE.NFO,07/01/2020,09:17:03,5.4,5.35,20,5.45,100,0,26460
BANKNIFTY09JAN2030100PE.NFO,07/01/2020,09:17:05,5.3,5.3,60,5.35,40,40,26460
BANKNIFTY09JAN2030100PE.NFO,07/01/2020,09:17:05,5.3,5.3,60,5.35,40,0,26460
BANKNIFTY09JAN2030100PE.NFO,07/01/2020,09:17:06,5.35,5.3,100,5.4,20,40,26460
BANKNIFTY09JAN2030100PE.NFO,07/01/2020,09:17:07,5.3,5.3,80,5.4,2020,80,26460
BANKNIFTY09JAN2030100PE.NFO,07/01/2020,09:17:07,5.3,5.3,100,5.35,20,0,26460
BANKNIFTY09JAN2030100PE.NFO,07/01/2020,09:17:10,5.3,5.3,20,5.35,20,20,32160
BANKNIFTY09JAN2030100PE.NFO,07/01/2020,09:17:11,5.35,5.3,80,5.35,20,40,32160
BANKNIFTY09JAN2030100PE.NFO,07/01/2020,09:17:11,5.2,5.15,200,5.25,20,500,32160
BANKNIFTY09JAN2030100PE.NFO,07/01/2020,09:17:11,5.2,5.15,200,5.25,20,0,32160
BANKNIFTY09JAN2030100PE.NFO,07/01/2020,09:17:13,5.3,5.15,160,5.25,80,460,32160
BANKNIFTY09JAN2030100PE.NFO,07/01/2020,09:17:14,5.25,5.2,100,5.25,20,20,32160
BANKNIFTY09JAN2030100PE.NFO,07/01/2020,09:17:15,5.25,5.25,20,5.3,1780,80,32160
BANKNIFTY09JAN2030100PE.NFO,07/01/2020,09:17:16,5.15,5.15,160,5.25,20,400,32160
BANKNIFTY09JAN2030100PE.NFO,07/01/2020,09:17:16,5.15,5.15,160,5.25,20,0,32160
BANKNIFTY09JAN2030100PE.NFO,07/01/2020,09:17:17,5.15,5.15,100,5.25,80,0,32160
BANKNIFTY09JAN2030100PE.NFO,07/01/2020,09:17:19,5.2,5.15,60,5.25,20,140,32160
BANKNIFTY09JAN2030100PE.NFO,07/01/2020,09:17:19,5.1,5.15,60,5.25,20,0,32160
BANKNIFTY09JAN2030100PE.NFO,07/01/2020,09:17:20,5.1,5.1,80,5.2,40,100,32160
BANKNIFTY09JAN2030100PE.NFO,07/01/2020,09:17:21,5.15,5.1,20,5.15,80,40,32160
BANKNIFTY09JAN2030100PE.NFO,07/01/2020,09:17:22,5.15,5.1,40,5.15,60,140,32160
BANKNIFTY09JAN2030100PE.NFO,07/01/2020,09:17:22,5.15,5.1,40,5.15,60,0,32160
BANKNIFTY09JAN2030100PE.NFO,07/01/2020,09:17:24,5.05,5,360,5.1,780,320,32160
BANKNIFTY09JAN2030100PE.NFO,07/01/2020,09:17:24,5.05,5,360,5.1,780,0,32160
BANKNIFTY09JAN2030100PE.NFO,07/01/2020,09:17:25,5.1,5,580,5.1,180,620,32160
BANKNIFTY09JAN2030100PE.NFO,07/01/2020,09:17:26,5.1,5.05,100,5.1,140,40,32160
BANKNIFTY09JAN2030100PE.NFO,07/01/2020,09:17:26,5.1,5.05,100,5.1,140,0,32160
BANKNIFTY09JAN2030100PE.NFO,07/01/2020,09:17:28,5,4.95,180,5.05,20,720,32160
BANKNIFTY09JAN2030100PE.NFO,07/01/2020,09:17:28,5,4.95,180,5.05,20,0,32160
BANKNIFTY09JAN2030100PE.NFO,07/01/2020,09:17:29,4.95,5,20,5.05,20,60,32160
BANKNIFTY09JAN2030100PE.NFO,07/01/2020,09:17:29,4.95,5,20,5.05,20,0,32160
BANKNIFTY09JAN2030100PE.NFO,07/01/2020,09:17:30,5.05,5,20,5.1,220,20,32160
BANKNIFTY09JAN2030100PE.NFO,07/01/2020,09:17:31,5.1,5,100,5.1,20,140,32160
BANKNIFTY09JAN2030100PE.NFO,07/01/2020,09:17:31,5.15,5,100,5.15,100,120,32160
BANKNIFTY09JAN2030100PE.NFO,07/01/2020,09:17:33,5.05,5.05,140,5.15,20,80,32160
BANKNIFTY09JAN2030100PE.NFO,07/01/2020,09:17:34,5.25,5.05,100,5.25,100,460,32160
BANKNIFTY09JAN2030100PE.NFO,07/01/2020,09:17:35,5,5,60,5.15,100,100,32160
BANKNIFTY09JAN2030100PE.NFO,07/01/2020,09:17:36,5.05,5.05,100,5.2,160,120,32160
BANKNIFTY09JAN2030100PE.NFO,07/01/2020,09:17:36,5.05,5.05,100,5.2,160,0,32160
BANKNIFTY09JAN2030100PE.NFO,07/01/2020,09:17:38,5.1,5.05,20,5.2,120,280,32160
BANKNIFTY09JAN2030100PE.NFO,07/01/2020,09:17:38,5,5.05,20,5.2,100,180,32160
BANKNIFTY09JAN2030100PE.NFO,07/01/2020,09:17:40,5.2,5.05,100,5.25,100,1200,32160
BANKNIFTY09JAN2030100PE.NFO,07/01/2020,09:17:41,5.25,5.1,100,5.25,20,260,32160
BANKNIFTY09JAN2030100PE.NFO,07/01/2020,09:17:42,5.3,5.15,80,5.3,100,840,32160
BANKNIFTY09JAN2030100PE.NFO,07/01/2020,09:17:43,5.15,5.15,40,5.3,20,40,32160
BANKNIFTY09JAN2030100PE.NFO,07/01/2020,09:17:43,5.35,5.15,40,5.3,100,80,32160
BANKNIFTY09JAN2030100PE.NFO,07/01/2020,09:17:45,5.15,5.1,80,5.3,80,40,32160
BANKNIFTY09JAN2030100PE.NFO,07/01/2020,09:17:46,5.25,5.25,20,5.35,60,60,32160
BANKNIFTY09JAN2030100PE.NFO,07/01/2020,09:17:47,5.25,5.25,20,5.35,20,0,32160
BANKNIFTY09JAN2030100PE.NFO,07/01/2020,09:17:48,5.25,5.25,80,5.4,140,0,32160
BANKNIFTY09JAN2030100PE.NFO,07/01/2020,09:17:49,5.25,5.3,20,5.4,120,20,32160
BANKNIFTY09JAN2030100PE.NFO,07/01/2020,09:17:50,5.35,5.35,20,5.45,240,20,32160
BANKNIFTY09JAN2030100PE.NFO,07/01/2020,09:17:50,5.35,5.3,20,5.4,20,0,32160
BANKNIFTY09JAN2030100PE.NFO,07/01/2020,09:17:52,5.35,5.35,20,5.45,160,80,32160
BANKNIFTY09JAN2030100PE.NFO,07/01/2020,09:17:53,5.35,5.3,80,5.45,160,60,32160
BANKNIFTY09JAN2030100PE.NFO,07/01/2020,09:17:54,5.35,5.3,80,5.4,40,0,32160
BANKNIFTY09JAN2030100PE.NFO,07/01/2020,09:17:55,5.3,5.3,80,5.4,60,20,32160
BANKNIFTY09JAN2030100PE.NFO,07/01/2020,09:17:56,5.3,5.3,20,5.4,120,0,32160
BANKNIFTY09JAN2030100PE.NFO,07/01/2020,09:17:57,5.3,5.25,60,5.35,80,20,32160
BANKNIFTY09JAN2030100PE.NFO,07/01/2020,09:17:58,5.3,5.2,80,5.35,80,0,32160
BANKNIFTY09JAN2030100PE.NFO,07/01/2020,09:17:59,5.3,5.25,20,5.35,80,0,32160
BANKNIFTY09JAN2030100PE.NFO,07/01/2020,09:18:00,5.3,5.25,80,5.35,80,0,32160
BANKNIFTY09JAN2030100PE.NFO,07/01/2020,09:18:02,5.2,5.2,120,5.35,220,80,32160
BANKNIFTY09JAN2030100PE.NFO,07/01/2020,09:18:03,5.2,5.15,80,5.35,280,20,32160
BANKNIFTY09JAN2030100PE.NFO,07/01/2020,09:18:04,5.25,5.15,120,5.25,40,40,32160
BANKNIFTY09JAN2030100PE.NFO,07/01/2020,09:18:05,5.25,5.15,20,5.25,40,40,32160
BANKNIFTY09JAN2030100PE.NFO,07/01/2020,09:18:05,5.25,5.15,20,5.25,160,0,32160
BANKNIFTY09JAN2030100PE.NFO,07/01/2020,09:18:07,5.25,5.15,20,5.25,120,100,32160
BANKNIFTY09JAN2030100PE.NFO,07/01/2020,09:18:07,5.2,5.1,60,5.25,120,100,32160
BANKNIFTY09JAN2030100PE.NFO,07/01/2020,09:18:09,5.15,5.05,20,5.15,100,320,32160
BANKNIFTY09JAN2030100PE.NFO,07/01/2020,09:18:10,5.15,5.05,20,5.15,100,0,32160
BANKNIFTY09JAN2030100PE.NFO,07/01/2020,09:18:11,5.15,5.05,20,5.15,140,0,32160
BANKNIFTY09JAN2030100PE.NFO,07/01/2020,09:18:12,5.15,5.05,20,5.15,80,0,32160
BANKNIFTY09JAN2030100PE.NFO,07/01/2020,09:18:12,5.1,5,60,5.1,20,120,32160
BANKNIFTY09JAN2030100PE.NFO,07/01/2020,09:18:14,5.25,5.15,100,5.25,60,1020,32160
BANKNIFTY09JAN2030100PE.NFO,07/01/2020,09:18:15,5.2,5.15,100,5.25,40,20,32160
BANKNIFTY09JAN2030100PE.NFO,07/01/2020,09:18:16,5.2,5.15,20,5.25,180,120,32160
BANKNIFTY09JAN2030100PE.NFO,07/01/2020,09:18:17,5.2,5.15,20,5.25,180,0,32160
BANKNIFTY09JAN2030100PE.NFO,07/01/2020,09:18:20,5.2,5.1,100,5.2,20,0,32160
BANKNIFTY09JAN2030100PE.NFO,07/01/2020,09:18:21,5.15,5.1,20,5.2,140,20,32160
BANKNIFTY09JAN2030100PE.NFO,07/01/2020,09:18:21,5.15,5.05,40,5.15,220,0,32160
BANKNIFTY09JAN2030100PE.NFO,07/01/2020,09:18:23,5.15,5.05,20,5.15,220,0,32160
BANKNIFTY09JAN2030100PE.NFO,07/01/2020,09:18:25,5.15,5,240,5.1,160,0,32160
BANKNIFTY09JAN2030100PE.NFO,07/01/2020,09:18:27,5.1,5.05,40,5.15,100,140,32160
BANKNIFTY09JAN2030100PE.NFO,07/01/2020,09:18:28,5.15,5.05,80,5.2,100,260,32160
BANKNIFTY09JAN2030100PE.NFO,07/01/2020,09:18:28,5.15,5.1,60,5.2,60,0,32160
BANKNIFTY09JAN2030100PE.NFO,07/01/2020,09:18:30,5.15,5.1,40,5.2,100,0,32160
BANKNIFTY09JAN2030100PE.NFO,07/01/2020,09:18:31,5.2,5.1,40,5.2,20,80,32160
BANKNIFTY09JAN2030100PE.NFO,07/01/2020,09:18:32,5.2,5.1,80,5.2,20,0,32160
BANKNIFTY09JAN2030100PE.NFO,07/01/2020,09:18:33,5.05,5.05,60,5.15,20,160,32160
BANKNIFTY09JAN2030100PE.NFO,07/01/2020,09:18:34,5.05,5.05,20,5.15,40,60,32160
BANKNIFTY09JAN2030100PE.NFO,07/01/2020,09:18:34,5.05,5.05,60,5.15,40,20,32160
BANKNIFTY09JAN2030100PE.NFO,07/01/2020,09:18:35,5.05,5.05,60,5.15,40,0,32160
BANKNIFTY09JAN2030100PE.NFO,07/01/2020,09:18:38,5.05,5.05,120,5.15,40,0,32160
BANKNIFTY09JAN2030100PE.NFO,07/01/2020,09:18:40,5.05,5.05,60,5.15,40,0,32160
BANKNIFTY09JAN2030100PE.NFO,07/01/2020,09:18:41,5.1,5.1,200,5.2,40,40,32160
BANKNIFTY09JAN2030100PE.NFO,07/01/2020,09:18:41,5.1,5.1,180,5.2,40,0,32160
BANKNIFTY09JAN2030100PE.NFO,07/01/2020,09:18:43,5.25,5.1,200,5.25,160,60,32160
BANKNIFTY09JAN2030100PE.NFO,07/01/2020,09:18:44,5.25,5.1,40,5.2,40,0,32160
BANKNIFTY09JAN2030100PE.NFO,07/01/2020,09:18:44,5.15,5.15,100,5.2,20,40,32160
BANKNIFTY09JAN2030100PE.NFO,07/01/2020,09:18:46,5.15,5.1,60,5.2,20,440,32160
BANKNIFTY09JAN2030100PE.NFO,07/01/2020,09:18:47,5.1,5,300,5.1,80,560,32160
BANKNIFTY09JAN2030100PE.NFO,07/01/2020,09:18:48,5.05,5.05,60,5.15,280,20,32160
BANKNIFTY09JAN2030100PE.NFO,07/01/2020,09:18:49,5.1,5.1,80,5.15,260,20,32160
BANKNIFTY09JAN2030100PE.NFO,07/01/2020,09:18:49,5.1,5.1,80,5.15,260,0,32160
BANKNIFTY09JAN2030100PE.NFO,07/01/2020,09:18:51,5.1,5.1,60,5.2,20,700,32160
BANKNIFTY09JAN2030100PE.NFO,07/01/2020,09:18:52,5.1,5.05,280,5.1,80,380,32160
BANKNIFTY09JAN2030100PE.NFO,07/01/2020,09:18:54,5.05,5.05,140,5.1,440,40,32160
BANKNIFTY09JAN2030100PE.NFO,07/01/2020,09:18:55,5.05,5.05,40,5.1,440,40,32160
BANKNIFTY09JAN2030100PE.NFO,07/01/2020,09:18:56,5.05,5.05,40,5.1,440,0,32160
BANKNIFTY09JAN2030100PE.NFO,07/01/2020,09:18:57,5.05,5,420,5.05,20,400,32160
BANKNIFTY09JAN2030100PE.NFO,07/01/2020,09:18:58,5.05,5,420,5.05,20,0,32160
BANKNIFTY09JAN2030100PE.NFO,07/01/2020,09:18:59,5.05,5,220,5.05,20,0,32160
BANKNIFTY09JAN2030100PE.NFO,07/01/2020,09:19:00,5.05,5.05,60,5.1,440,20,32160
BANKNIFTY09JAN2030100PE.NFO,07/01/2020,09:19:00,5.05,5.05,60,5.1,440,0,32160
BANKNIFTY09JAN2030100PE.NFO,07/01/2020,09:19:02,5.1,5.05,60,5.1,320,120,32160
BANKNIFTY09JAN2030100PE.NFO,07/01/2020,09:19:03,5.1,5,240,5.1,420,0,32160
BANKNIFTY09JAN2030100PE.NFO,07/01/2020,09:19:04,5.1,5.05,40,5.1,300,120,32160
BANKNIFTY09JAN2030100PE.NFO,07/01/2020,09:19:05,5.1,5.05,100,5.1,80,200,32160
BANKNIFTY09JAN2030100PE.NFO,07/01/2020,09:19:06,5.1,5.05,60,5.1,20,60,32160
BANKNIFTY09JAN2030100PE.NFO,07/01/2020,09:19:06,5.1,5.05,60,5.1,20,0,32160
BANKNIFTY09JAN2030100PE.NFO,07/01/2020,09:19:09,5.1,5.1,20,5.2,320,20,32160
BANKNIFTY09JAN2030100PE.NFO,07/01/2020,09:19:10,5.1,5.1,20,5.2,320,0,32160
BANKNIFTY09JAN2030100PE.NFO,07/01/2020,09:19:11,5.1,5.05,160,5.15,40,0,32160
BANKNIFTY09JAN2030100PE.NFO,07/01/2020,09:19:11,5.15,5.1,20,5.15,100,20,32160
BANKNIFTY09JAN2030100PE.NFO,07/01/2020,09:19:13,5.15,5.1,20,5.15,80,20,32160
BANKNIFTY09JAN2030100PE.NFO,07/01/2020,09:19:13,5.15,5.1,20,5.2,240,60,32160
BANKNIFTY09JAN2030100PE.NFO,07/01/2020,09:19:15,5.1,5.05,60,5.2,180,40,32160
BANKNIFTY09JAN2030100PE.NFO,07/01/2020,09:19:16,5.1,5.1,20,5.15,20,20,32160
BANKNIFTY09JAN2030100PE.NFO,07/01/2020,09:19:17,5.1,5.05,60,5.15,80,0,32160
BANKNIFTY09JAN2030100PE.NFO,07/01/2020,09:19:18,5.1,5,120,5.1,140,0,32160
BANKNIFTY09JAN2030100PE.NFO,07/01/2020,09:19:18,5.1,5,120,5.1,80,20,32160
BANKNIFTY09JAN2030100PE.NFO,07/01/2020,09:19:20,5.1,5,120,5.05,80,100,32160
BANKNIFTY09JAN2030100PE.NFO,07/01/2020,09:19:21,5.1,5,120,5.05,80,0,32160
BANKNIFTY09JAN2030100PE.NFO,07/01/2020,09:19:24,5.1,5,120,5.05,40,0,32160
BANKNIFTY09JAN2030100PE.NFO,07/01/2020,09:19:27,5,4.95,120,5.05,180,440,32160
BANKNIFTY09JAN2030100PE.NFO,07/01/2020,09:19:28,4.95,4.9,100,5,180,120,32160
BANKNIFTY09JAN2030100PE.NFO,07/01/2020,09:19:29,4.95,4.9,160,5,60,200,32160
BANKNIFTY09JAN2030100PE.NFO,07/01/2020,09:19:30,4.95,4.9,160,5,20,0,32160
BANKNIFTY09JAN2030100PE.NFO,07/01/2020,09:19:31,4.95,4.95,40,5.05,160,0,32160
BANKNIFTY09JAN2030100PE.NFO,07/01/2020,09:19:33,4.95,4.95,80,5.05,160,0,32160
BANKNIFTY09JAN2030100PE.NFO,07/01/2020,09:19:34,4.95,4.95,80,5.05,120,0,32160
BANKNIFTY09JAN2030100PE.NFO,07/01/2020,09:19:35,4.95,4.95,180,5.05,140,0,32160
BANKNIFTY09JAN2030100PE.NFO,07/01/2020,09:19:36,4.95,4.95,180,5.05,100,0,32160
BANKNIFTY09JAN2030100PE.NFO,07/01/2020,09:19:37,5.05,5,80,5.05,20,40,32160
BANKNIFTY09JAN2030100PE.NFO,07/01/2020,09:19:37,5.05,5,80,5.05,20,0,32160
BANKNIFTY09JAN2030100PE.NFO,07/01/2020,09:19:38,5.05,5,40,5.05,20,0,32160
BANKNIFTY09JAN2030100PE.NFO,07/01/2020,09:19:41,5,4.95,160,5,60,60,32160
BANKNIFTY09JAN2030100PE.NFO,07/01/2020,09:19:42,5,4.95,100,5,60,0,32160
BANKNIFTY09JAN2030100PE.NFO,07/01/2020,09:19:43,5.05,4.95,120,5.05,40,500,32160
BANKNIFTY09JAN2030100PE.NFO,07/01/2020,09:19:43,5.05,4.95,120,5.05,40,0,32160
BANKNIFTY09JAN2030100PE.NFO,07/01/2020,09:19:45,5.05,4.95,100,5,60,0,32160
BANKNIFTY09JAN2030100PE.NFO,07/01/2020,09:19:46,4.95,4.9,220,5,100,160,32160
BANKNIFTY09JAN2030100PE.NFO,07/01/2020,09:19:47,4.95,4.9,220,5,40,0,32160
BANKNIFTY09JAN2030100PE.NFO,07/01/2020,09:19:48,4.95,4.9,220,5,60,0,32160
BANKNIFTY09JAN2030100PE.NFO,07/01/2020,09:19:48,4.95,4.9,220,4.95,40,0,32160
BANKNIFTY09JAN2030100PE.NFO,07/01/2020,09:19:49,4.95,4.9,220,5,100,20,32160
BANKNIFTY09JAN2030100PE.NFO,07/01/2020,09:19:51,4.95,4.9,220,4.95,80,20,32160
BANKNIFTY09JAN2030100PE.NFO,07/01/2020,09:19:52,4.95,4.9,220,4.95,120,0,32160
BANKNIFTY09JAN2030100PE.NFO,07/01/2020,09:19:53,4.9,4.9,20,4.95,80,200,32160
BANKNIFTY09JAN2030100PE.NFO,07/01/2020,09:19:53,4.9,4.9,20,4.95,80,0,32160
BANKNIFTY09JAN2030100PE.NFO,07/01/2020,09:19:54,4.9,4.9,20,4.95,40,0,32160
BANKNIFTY09JAN2030100PE.NFO,07/01/2020,09:19:54,4.9,4.9,20,4.95,80,0,32160
BANKNIFTY09JAN2030100PE.NFO,07/01/2020,09:19:56,4.9,4.85,100,4.95,100,20,32160
BANKNIFTY09JAN2030100PE.NFO,07/01/2020,09:19:57,4.9,4.85,100,4.95,180,0,32160
BANKNIFTY09JAN2030100PE.NFO,07/01/2020,09:19:58,4.85,4.8,100,4.85,80,100,32160
BANKNIFTY09JAN2030100PE.NFO,07/01/2020,09:19:58,4.85,4.8,100,4.85,80,0,32160
BANKNIFTY09JAN2030100PE.NFO,07/01/2020,09:19:59,4.8,4.8,80,4.85,80,20,32160
BANKNIFTY09JAN2030100PE.NFO,07/01/2020,09:19:59,4.8,4.8,80,4.85,80,0,32160
BANKNIFTY09JAN2030100PE.NFO,07/01/2020,09:19:59,4.8,4.75,100,4.8,80,80,32160
BANKNIFTY09JAN2030100PE.NFO,07/01/2020,09:20:01,4.75,4.75,20,4.8,40,80,32160
BANKNIFTY09JAN2030100PE.NFO,07/01/2020,09:20:01,4.75,4.75,20,4.8,40,0,32160
BANKNIFTY09JAN2030100PE.NFO,07/01/2020,09:20:02,4.75,4.75,20,4.8,100,0,32160
BANKNIFTY09JAN2030100PE.NFO,07/01/2020,09:20:03,4.75,4.75,20,4.8,60,0,32160
BANKNIFTY09JAN2030100PE.NFO,07/01/2020,09:20:05,4.75,4.7,100,4.75,20,20,32160
BANKNIFTY09JAN2030100PE.NFO,07/01/2020,09:20:06,4.75,4.7,100,4.75,60,0,32160
BANKNIFTY09JAN2030100PE.NFO,07/01/2020,09:20:07,4.7,4.7,220,4.75,100,20,32160
BANKNIFTY09JAN2030100PE.NFO,07/01/2020,09:20:07,4.7,4.7,220,4.75,100,0,32160
BANKNIFTY09JAN2030100PE.NFO,07/01/2020,09:20:08,4.7,4.7,220,4.75,100,0,32160
BANKNIFTY09JAN2030100PE.NFO,07/01/2020,09:20:10,4.7,4.65,300,4.75,100,240,31700
BANKNIFTY09JAN2030100PE.NFO,07/01/2020,09:20:12,4.7,4.65,200,4.7,220,160,31700
BANKNIFTY09JAN2030100PE.NFO,07/01/2020,09:20:13,4.65,4.65,180,4.7,220,20,31700
BANKNIFTY09JAN2030100PE.NFO,07/01/2020,09:20:13,4.65,4.65,180,4.7,220,0,31700
BANKNIFTY09JAN2030100PE.NFO,07/01/2020,09:20:14,4.65,4.65,180,4.7,220,0,31700
BANKNIFTY09JAN2030100PE.NFO,07/01/2020,09:20:15,4.65,4.65,120,4.7,220,60,31700
BANKNIFTY09JAN2030100PE.NFO,07/01/2020,09:20:16,4.65,4.6,340,4.7,220,120,31700
BANKNIFTY09JAN2030100PE.NFO,07/01/2020,09:20:18,4.6,4.6,280,4.7,300,60,31700
BANKNIFTY09JAN2030100PE.NFO,07/01/2020,09:20:18,4.6,4.6,280,4.7,300,0,31700
BANKNIFTY09JAN2030100PE.NFO,07/01/2020,09:20:19,4.6,4.6,260,4.7,220,60,31700
BANKNIFTY09JAN2030100PE.NFO,07/01/2020,09:20:20,4.6,4.6,220,4.7,300,0,31700
BANKNIFTY09JAN2030100PE.NFO,07/01/2020,09:20:22,4.55,4.55,160,4.7,400,420,31700
BANKNIFTY09JAN2030100PE.NFO,07/01/2020,09:20:22,4.55,4.55,160,4.7,400,0,31700
BANKNIFTY09JAN2030100PE.NFO,07/01/2020,09:20:23,4.55,4.55,40,4.65,120,120,31700
BANKNIFTY09JAN2030100PE.NFO,07/01/2020,09:20:24,4.55,4.5,300,4.65,300,40,31700
BANKNIFTY09JAN2030100PE.NFO,07/01/2020,09:20:25,4.55,4.5,300,4.65,300,0,31700
BANKNIFTY09JAN2030100PE.NFO,07/01/2020,09:20:26,4.55,4.5,300,4.6,40,0,31700
BANKNIFTY09JAN2030100PE.NFO,07/01/2020,09:20:27,4.5,4.5,260,4.65,300,40,31700
BANKNIFTY09JAN2030100PE.NFO,07/01/2020,09:20:27,4.5,4.5,260,4.65,300,0,31700
BANKNIFTY09JAN2030100PE.NFO,07/01/2020,09:20:28,4.5,4.5,260,4.6,220,0,31700
BANKNIFTY09JAN2030100PE.NFO,07/01/2020,09:20:31,4.5,4.5,260,4.6,260,0,31700
BANKNIFTY09JAN2030100PE.NFO,07/01/2020,09:20:32,4.5,4.5,260,4.6,220,0,31700
BANKNIFTY09JAN2030100PE.NFO,07/01/2020,09:20:33,4.5,4.5,160,4.55,40,0,31700
BANKNIFTY09JAN2030100PE.NFO,07/01/2020,09:20:34,4.5,4.5,240,4.6,260,20,31700
BANKNIFTY09JAN2030100PE.NFO,07/01/2020,09:20:35,4.5,4.5,240,4.6,220,0,31700
BANKNIFTY09JAN2030100PE.NFO,07/01/2020,09:20:37,4.5,4.5,240,4.55,20,0,31700
BANKNIFTY09JAN2030100PE.NFO,07/01/2020,09:20:38,4.5,4.5,240,4.6,220,0,31700
BANKNIFTY09JAN2030100PE.NFO,07/01/2020,09:20:39,4.45,4.45,360,4.6,420,340,31700
BANKNIFTY09JAN2030100PE.NFO,07/01/2020,09:20:39,4.45,4.45,360,4.6,420,0,31700
BANKNIFTY09JAN2030100PE.NFO,07/01/2020,09:20:40,4.45,4.4,440,4.6,400,260,31700
BANKNIFTY09JAN2030100PE.NFO,07/01/2020,09:20:41,4.45,4.45,20,4.6,400,160,31700
BANKNIFTY09JAN2030100PE.NFO,07/01/2020,09:20:42,4.45,4.45,20,4.6,400,0,31700
BANKNIFTY09JAN2030100PE.NFO,07/01/2020,09:20:44,4.4,4.4,260,4.55,60,20,31700
BANKNIFTY09JAN2030100PE.NFO,07/01/2020,09:20:44,4.4,4.4,260,4.55,60,0,31700
BANKNIFTY09JAN2030100PE.NFO,07/01/2020,09:20:45,4.4,4.4,40,4.55,80,280,31700
BANKNIFTY09JAN2030100PE.NFO,07/01/2020,09:20:46,4.35,4.35,500,4.55,240,140,31700
BANKNIFTY09JAN2030100PE.NFO,07/01/2020,09:20:46,4.35,4.35,500,4.55,240,0,31700
BANKNIFTY09JAN2030100PE.NFO,07/01/2020,09:20:47,4.35,4.35,300,4.5,260,40,31700
BANKNIFTY09JAN2030100PE.NFO,07/01/2020,09:20:48,4.35,4.35,140,4.5,260,160,31700
BANKNIFTY09JAN2030100PE.NFO,07/01/2020,09:20:49,4.35,4.35,80,4.45,60,60,31700
BANKNIFTY09JAN2030100PE.NFO,07/01/2020,09:20:51,4.35,4.35,200,4.5,160,40,31700
BANKNIFTY09JAN2030100PE.NFO,07/01/2020,09:20:52,4.35,4.35,40,4.45,20,0,31700
BANKNIFTY09JAN2030100PE.NFO,07/01/2020,09:20:53,4.3,4.3,160,4.45,380,160,31700
BANKNIFTY09JAN2030100PE.NFO,07/01/2020,09:20:53,4.3,4.3,160,4.45,380,0,31700
BANKNIFTY09JAN2030100PE.NFO,07/01/2020,09:20:54,4.3,4.3,120,4.45,380,40,31700
BANKNIFTY09JAN2030100PE.NFO,07/01/2020,09:20:56,4.3,4.25,280,4.3,480,160,31700
BANKNIFTY09JAN2030100PE.NFO,07/01/2020,09:20:58,4.25,4.25,420,4.3,480,20,31700
BANKNIFTY09JAN2030100PE.NFO,07/01/2020,09:20:58,4.25,4.25,420,4.3,480,0,31700
BANKNIFTY09JAN2030100PE.NFO,07/01/2020,09:20:59,4.25,4.25,80,4.3,1020,180,31700
BANKNIFTY09JAN2030100PE.NFO,07/01/2020,09:21:00,4.25,4.25,140,4.4,120,1160,31700
BANKNIFTY09JAN2030100PE.NFO,07/01/2020,09:21:02,4.25,4.25,140,4.4,180,120,31700
BANKNIFTY09JAN2030100PE.NFO,07/01/2020,09:21:03,4.2,4.35,160,4.45,120,400,31700
BANKNIFTY09JAN2030100PE.NFO,07/01/2020,09:21:03,4.2,4.35,160,4.45,120,0,31700
BANKNIFTY09JAN2030100PE.NFO,07/01/2020,09:21:04,4.35,4.35,140,4.45,80,20,31700
BANKNIFTY09JAN2030100PE.NFO,07/01/2020,09:21:05,4.35,4.35,220,4.5,280,0,31700
BANKNIFTY09JAN2030100PE.NFO,07/01/2020,09:21:07,4.35,4.35,220,4.45,40,0,31700
BANKNIFTY09JAN2030100PE.NFO,07/01/2020,09:21:08,4.45,4.4,160,4.45,120,40,31700
BANKNIFTY09JAN2030100PE.NFO,07/01/2020,09:21:09,4.45,4.35,80,4.45,200,0,31700
BANKNIFTY09JAN2030100PE.NFO,07/01/2020,09:21:10,4.45,4.3,80,4.4,140,20,31700
BANKNIFTY09JAN2030100PE.NFO,07/01/2020,09:21:11,4.3,4.25,120,4.4,260,60,31700
BANKNIFTY09JAN2030100PE.NFO,07/01/2020,09:21:12,4.3,4.25,60,4.4,300,0,31700
BANKNIFTY09JAN2030100PE.NFO,07/01/2020,09:21:14,4.3,4.25,60,4.3,20,0,31700
BANKNIFTY09JAN2030100PE.NFO,07/01/2020,09:21:15,4.3,4.2,160,4.3,20,0,31700
BANKNIFTY09JAN2030100PE.NFO,07/01/2020,09:21:17,4.2,4.2,100,4.3,80,20,31700
BANKNIFTY09JAN2030100PE.NFO,07/01/2020,09:21:18,4.2,4.15,320,4.25,20,100,31700
BANKNIFTY09JAN2030100PE.NFO,07/01/2020,09:21:20,4.3,4.15,340,4.25,20,60,31700
BANKNIFTY09JAN2030100PE.NFO,07/01/2020,09:21:21,4.15,4.15,260,4.25,60,60,31700
BANKNIFTY09JAN2030100PE.NFO,07/01/2020,09:21:21,4.15,4.15,260,4.25,60,0,31700
BANKNIFTY09JAN2030100PE.NFO,07/01/2020,09:21:22,4.15,4.15,280,4.25,20,0,31700
BANKNIFTY09JAN2030100PE.NFO,07/01/2020,09:21:23,4.15,4.2,60,4.25,20,0,31700
BANKNIFTY09JAN2030100PE.NFO,07/01/2020,09:21:25,4.15,4.2,220,4.25,20,0,31700
BANKNIFTY09JAN2030100PE.NFO,07/01/2020,09:21:27,4.2,4.2,240,4.35,140,180,31700
BANKNIFTY09JAN2030100PE.NFO,07/01/2020,09:21:28,4.4,4.25,240,4.4,140,100,31700
BANKNIFTY09JAN2030100PE.NFO,07/01/2020,09:21:29,4.25,4.25,380,4.45,220,20,31700
BANKNIFTY09JAN2030100PE.NFO,07/01/2020,09:21:31,4.25,4.3,80,4.45,140,0,31700
BANKNIFTY09JAN2030100PE.NFO,07/01/2020,09:21:32,4.25,4.3,80,4.45,300,0,31700
BANKNIFTY09JAN2030100PE.NFO,07/01/2020,09:21:33,4.25,4.3,80,4.45,100,0,31700
BANKNIFTY09JAN2030100PE.NFO,07/01/2020,09:21:34,4.25,4.3,80,4.45,140,0,31700
BANKNIFTY09JAN2030100PE.NFO,07/01/2020,09:21:35,4.25,4.3,240,4.45,140,0,31700
BANKNIFTY09JAN2030100PE.NFO,07/01/2020,09:21:36,4.25,4.3,80,4.45,100,0,31700
BANKNIFTY09JAN2030100PE.NFO,07/01/2020,09:21:37,4.25,4.3,240,4.45,260,0,31700
BANKNIFTY09JAN2030100PE.NFO,07/01/2020,09:21:38,4.25,4.3,240,4.45,100,0,31700
BANKNIFTY09JAN2030100PE.NFO,07/01/2020,09:21:40,4.25,4.35,200,4.45,80,0,31700
BANKNIFTY09JAN2030100PE.NFO,07/01/2020,09:21:42,4.25,4.35,40,4.45,140,0,31700
BANKNIFTY09JAN2030100PE.NFO,07/01/2020,09:21:43,4.35,4.25,100,4.4,60,20,31700
BANKNIFTY09JAN2030100PE.NFO,07/01/2020,09:21:44,4.35,4.25,100,4.4,300,0,31700
BANKNIFTY09JAN2030100PE.NFO,07/01/2020,09:21:46,4.4,4.3,20,4.4,60,400,31700
BANKNIFTY09JAN2030100PE.NFO,07/01/2020,09:21:47,4.4,4.25,80,4.4,300,0,31700
BANKNIFTY09JAN2030100PE.NFO,07/01/2020,09:21:48,4.25,4.25,100,4.45,220,20,31700
BANKNIFTY09JAN2030100PE.NFO,07/01/2020,09:21:49,4.45,4.3,400,4.5,140,80,31700
BANKNIFTY09JAN2030100PE.NFO,07/01/2020,09:21:51,4.35,4.35,140,4.5,100,140,31700
BANKNIFTY09JAN2030100PE.NFO,07/01/2020,09:21:52,4.35,4.35,180,4.5,60,0,31700
BANKNIFTY09JAN2030100PE.NFO,07/01/2020,09:21:53,4.35,4.4,20,4.5,60,0,31700
BANKNIFTY09JAN2030100PE.NFO,07/01/2020,09:21:57,4.35,4.4,120,4.5,60,0,31700
BANKNIFTY09JAN2030100PE.NFO,07/01/2020,09:21:58,4.35,4.4,280,4.5,100,0,31700
BANKNIFTY09JAN2030100PE.NFO,07/01/2020,09:21:59,4.5,4.4,120,4.5,40,20,31700
BANKNIFTY09JAN2030100PE.NFO,07/01/2020,09:22:00,4.5,4.4,20,4.5,80,0,31700
BANKNIFTY09JAN2030100PE.NFO,07/01/2020,09:22:03,4.55,4.45,20,4.6,300,260,31700
BANKNIFTY09JAN2030100PE.NFO,07/01/2020,09:22:04,4.5,4.4,20,4.5,40,260,31700
BANKNIFTY09JAN2030100PE.NFO,07/01/2020,09:22:05,4.55,4.35,180,4.55,60,60,31700
BANKNIFTY09JAN2030100PE.NFO,07/01/2020,09:22:06,4.55,4.35,180,4.55,140,0,31700
BANKNIFTY09JAN2030100PE.NFO,07/01/2020,09:22:07,4.55,4.35,120,4.55,60,0,31700
BANKNIFTY09JAN2030100PE.NFO,07/01/2020,09:22:09,4.35,4.45,80,4.55,80,20,31700
BANKNIFTY09JAN2030100PE.NFO,07/01/2020,09:22:10,4.35,4.4,400,4.55,80,0,31700
BANKNIFTY09JAN2030100PE.NFO,07/01/2020,09:22:11,4.4,4.35,280,4.55,160,20,31700
BANKNIFTY09JAN2030100PE.NFO,07/01/2020,09:22:12,4.4,4.4,140,4.55,160,0,31700
BANKNIFTY09JAN2030100PE.NFO,07/01/2020,09:22:14,4.4,4.4,300,4.55,80,0,31700
BANKNIFTY09JAN2030100PE.NFO,07/01/2020,09:22:15,4.4,4.4,140,4.55,160,0,31700
BANKNIFTY09JAN2030100PE.NFO,07/01/2020,09:22:16,4.4,4.4,60,4.55,80,0,31700
BANKNIFTY09JAN2030100PE.NFO,07/01/2020,09:22:17,4.5,4.4,140,4.55,100,20,31700
BANKNIFTY09JAN2030100PE.NFO,07/01/2020,09:22:18,4.5,4.4,60,4.55,180,0,31700
BANKNIFTY09JAN2030100PE.NFO,07/01/2020,09:22:19,4.5,4.4,300,4.55,20,0,31700
BANKNIFTY09JAN2030100PE.NFO,07/01/2020,09:22:21,4.5,4.45,260,4.55,20,0,31700
BANKNIFTY09JAN2030100PE.NFO,07/01/2020,09:22:22,4.45,4.45,140,4.5,200,80,31700
BANKNIFTY09JAN2030100PE.NFO,07/01/2020,09:22:23,4.45,4.45,140,4.5,220,0,31700
BANKNIFTY09JAN2030100PE.NFO,07/01/2020,09:22:24,4.5,4.45,280,4.55,20,200,31700
BANKNIFTY09JAN2030100PE.NFO,07/01/2020,09:22:25,4.5,4.45,220,4.55,120,0,31700
BANKNIFTY09JAN2030100PE.NFO,07/01/2020,09:22:26,4.5,4.4,100,4.55,200,0,31700
BANKNIFTY09JAN2030100PE.NFO,07/01/2020,09:22:27,4.5,4.4,100,4.55,120,0,31700
BANKNIFTY09JAN2030100PE.NFO,07/01/2020,09:22:29,4.5,4.45,20,4.55,120,0,31700
BANKNIFTY09JAN2030100PE.NFO,07/01/2020,09:22:30,4.5,4.45,20,4.55,80,0,31700
BANKNIFTY09JAN2030100PE.NFO,07/01/2020,09:22:31,4.5,4.4,300,4.55,160,0,31700
BANKNIFTY09JAN2030100PE.NFO,07/01/2020,09:22:33,4.5,4.45,260,4.55,20,0,31700
BANKNIFTY09JAN2030100PE.NFO,07/01/2020,09:22:34,4.5,4.5,20,4.55,20,0,31700
BANKNIFTY09JAN2030100PE.NFO,07/01/2020,09:22:36,4.55,4.5,20,4.6,400,20,31700
BANKNIFTY09JAN2030100PE.NFO,07/01/2020,09:22:38,4.55,4.5,20,4.6,400,0,31700
BANKNIFTY09JAN2030100PE.NFO,07/01/2020,09:22:40,4.5,4.45,260,4.6,400,20,31700
BANKNIFTY09JAN2030100PE.NFO,07/01/2020,09:22:41,4.5,4.45,240,4.6,480,0,31700
BANKNIFTY09JAN2030100PE.NFO,07/01/2020,09:22:46,4.5,4.5,220,4.6,400,0,31700
BANKNIFTY09JAN2030100PE.NFO,07/01/2020,09:22:48,4.5,4.55,160,4.6,320,0,31700
BANKNIFTY09JAN2030100PE.NFO,07/01/2020,09:22:51,4.5,4.45,40,4.6,480,0,31700
BANKNIFTY09JAN2030100PE.NFO,07/01/2020,09:22:53,4.5,4.45,200,4.6,480,20,31700
BANKNIFTY09JAN2030100PE.NFO,07/01/2020,09:22:55,4.5,4.45,160,4.6,480,0,31700
BANKNIFTY09JAN2030100PE.NFO,07/01/2020,09:22:56,4.5,4.35,440,4.55,180,0,31700
BANKNIFTY09JAN2030100PE.NFO,07/01/2020,09:22:57,4.5,4.45,160,4.55,100,0,31700
BANKNIFTY09JAN2030100PE.NFO,07/01/2020,09:22:58,4.5,4.35,220,4.55,180,0,31700
BANKNIFTY09JAN2030100PE.NFO,07/01/2020,09:22:59,4.5,4.4,140,4.55,140,0,31700
BANKNIFTY09JAN2030100PE.NFO,07/01/2020,09:23:01,4.5,4.5,260,4.6,480,0,31700
BANKNIFTY09JAN2030100PE.NFO,07/01/2020,09:23:02,4.5,4.5,260,4.6,400,0,31700
BANKNIFTY09JAN2030100PE.NFO,07/01/2020,09:23:07,4.5,4.5,160,4.55,20,0,31700
BANKNIFTY09JAN2030100PE.NFO,07/01/2020,09:23:11,4.6,4.55,180,4.6,120,300,32880
BANKNIFTY09JAN2030100PE.NFO,07/01/2020,09:23:12,4.45,4.4,140,4.55,320,820,32880
BANKNIFTY09JAN2030100PE.NFO,07/01/2020,09:23:13,4.45,4.4,140,4.55,320,0,32880
BANKNIFTY09JAN2030100PE.NFO,07/01/2020,09:23:15,4.5,4.5,200,4.55,120,40,32880
BANKNIFTY09JAN2030100PE.NFO,07/01/2020,09:23:17,4.5,4.55,160,4.6,160,0,32880
BANKNIFTY09JAN2030100PE.NFO,07/01/2020,09:23:19,4.6,4.55,160,4.6,60,100,32880
BANKNIFTY09JAN2030100PE.NFO,07/01/2020,09:23:20,4.6,4.55,160,4.6,20,80,32880
BANKNIFTY09JAN2030100PE.NFO,07/01/2020,09:23:21,4.65,4.55,180,4.65,120,100,32880
BANKNIFTY09JAN2030100PE.NFO,07/01/2020,09:23:22,4.65,4.6,160,4.7,220,0,32880
BANKNIFTY09JAN2030100PE.NFO,07/01/2020,09:23:23,4.65,4.6,260,4.7,180,0,32880
BANKNIFTY09JAN2030100PE.NFO,07/01/2020,09:23:25,4.65,4.6,160,4.7,180,0,32880
BANKNIFTY09JAN2030100PE.NFO,07/01/2020,09:23:26,4.65,4.6,180,4.7,180,0,32880
BANKNIFTY09JAN2030100PE.NFO,07/01/2020,09:23:27,4.65,4.6,260,4.7,180,0,32880
BANKNIFTY09JAN2030100PE.NFO,07/01/2020,09:23:28,4.7,4.65,40,4.7,20,160,32880
BANKNIFTY09JAN2030100PE.NFO,07/01/2020,09:23:29,4.75,4.65,300,4.75,80,40,32880
BANKNIFTY09JAN2030100PE.NFO,07/01/2020,09:23:30,4.75,4.65,280,4.75,120,0,32880
BANKNIFTY09JAN2030100PE.NFO,07/01/2020,09:23:32,4.75,4.65,300,4.75,80,0,32880
BANKNIFTY09JAN2030100PE.NFO,07/01/2020,09:23:34,4.75,4.6,120,4.75,280,0,32880
BANKNIFTY09JAN2030100PE.NFO,07/01/2020,09:23:35,4.75,4.6,300,4.75,120,0,32880
BANKNIFTY09JAN2030100PE.NFO,07/01/2020,09:23:37,4.75,4.6,280,4.7,600,0,32880
BANKNIFTY09JAN2030100PE.NFO,07/01/2020,09:23:39,4.7,4.6,240,4.7,1160,160,32880
BANKNIFTY09JAN2030100PE.NFO,07/01/2020,09:23:41,4.7,4.6,340,4.7,1160,0,32880
BANKNIFTY09JAN2030100PE.NFO,07/01/2020,09:23:42,4.7,4.6,340,4.7,1780,0,32880
BANKNIFTY09JAN2030100PE.NFO,07/01/2020,09:23:44,4.7,4.65,80,4.7,1760,0,32880
BANKNIFTY09JAN2030100PE.NFO,07/01/2020,09:23:46,4.7,4.65,80,4.7,1440,320,32880
BANKNIFTY09JAN2030100PE.NFO,07/01/2020,09:23:48,4.7,4.7,20,4.75,60,1500,32880
BANKNIFTY09JAN2030100PE.NFO,07/01/2020,09:23:49,4.65,4.65,40,4.75,140,120,32880
BANKNIFTY09JAN2030100PE.NFO,07/01/2020,09:23:50,4.65,4.65,120,4.75,140,0,32880
BANKNIFTY09JAN2030100PE.NFO,07/01/2020,09:23:52,4.65,4.65,160,4.75,60,20,32880
BANKNIFTY09JAN2030100PE.NFO,07/01/2020,09:23:53,4.65,4.65,220,4.75,80,20,32880
BANKNIFTY09JAN2030100PE.NFO,07/01/2020,09:23:54,4.65,4.65,140,4.75,120,0,32880
BANKNIFTY09JAN2030100PE.NFO,07/01/2020,09:23:56,4.7,4.6,160,4.75,280,80,32880
BANKNIFTY09JAN2030100PE.NFO,07/01/2020,09:23:57,4.7,4.6,160,4.7,20,0,32880
BANKNIFTY09JAN2030100PE.NFO,07/01/2020,09:24:04,4.75,4.6,240,4.75,160,40,32880
BANKNIFTY09JAN2030100PE.NFO,07/01/2020,09:24:05,4.75,4.65,60,4.75,40,0,32880
BANKNIFTY09JAN2030100PE.NFO,07/01/2020,09:24:07,4.75,4.65,60,4.75,160,0,32880
BANKNIFTY09JAN2030100PE.NFO,07/01/2020,09:24:09,4.65,4.65,140,4.75,140,60,32880
BANKNIFTY09JAN2030100PE.NFO,07/01/2020,09:24:10,4.75,4.65,240,4.75,20,120,32880
BANKNIFTY09JAN2030100PE.NFO,07/01/2020,09:24:11,4.7,4.7,80,4.8,180,20,32880
BANKNIFTY09JAN2030100PE.NFO,07/01/2020,09:24:12,4.7,4.7,80,4.8,180,0,32880
BANKNIFTY09JAN2030100PE.NFO,07/01/2020,09:24:13,4.7,4.7,120,4.8,160,60,32880
BANKNIFTY09JAN2030100PE.NFO,07/01/2020,09:24:15,4.7,4.75,40,4.8,100,0,32880
BANKNIFTY09JAN2030100PE.NFO,07/01/2020,09:24:16,4.8,4.75,80,4.85,180,80,32880
BANKNIFTY09JAN2030100PE.NFO,07/01/2020,09:24:17,4.85,4.7,220,4.85,340,40,32880
BANKNIFTY09JAN2030100PE.NFO,07/01/2020,09:24:18,4.85,4.75,80,4.85,140,0,32880
BANKNIFTY09JAN2030100PE.NFO,07/01/2020,09:24:22,4.8,4.7,220,4.8,580,80,32880
BANKNIFTY09JAN2030100PE.NFO,07/01/2020,09:24:23,4.8,4.75,100,4.8,560,20,32880
BANKNIFTY09JAN2030100PE.NFO,07/01/2020,09:24:24,4.8,4.75,100,4.8,480,80,32880
BANKNIFTY09JAN2030100PE.NFO,07/01/2020,09:24:25,4.8,4.75,100,4.8,1080,0,32880
BANKNIFTY09JAN2030100PE.NFO,07/01/2020,09:24:28,4.8,4.75,160,4.8,1080,0,32880
BANKNIFTY09JAN2030100PE.NFO,07/01/2020,09:24:31,4.8,4.75,160,4.8,1680,0,32880
BANKNIFTY09JAN2030100PE.NFO,07/01/2020,09:24:32,4.8,4.75,160,4.8,1640,40,32880
BANKNIFTY09JAN2030100PE.NFO,07/01/2020,09:24:33,4.8,4.75,160,4.8,1640,0,32880
BANKNIFTY09JAN2030100PE.NFO,07/01/2020,09:24:34,4.8,4.75,180,4.8,1640,0,32880
BANKNIFTY09JAN2030100PE.NFO,07/01/2020,09:24:36,4.8,4.75,180,4.8,1360,280,32880
BANKNIFTY09JAN2030100PE.NFO,07/01/2020,09:24:37,4.8,4.75,180,4.8,1280,80,32880
BANKNIFTY09JAN2030100PE.NFO,07/01/2020,09:24:38,4.8,4.75,180,4.8,540,740,32880
BANKNIFTY09JAN2030100PE.NFO,07/01/2020,09:24:39,4.75,4.75,160,4.8,540,20,32880
BANKNIFTY09JAN2030100PE.NFO,07/01/2020,09:24:41,4.75,4.75,160,4.8,540,0,32880
BANKNIFTY09JAN2030100PE.NFO,07/01/2020,09:24:44,4.8,4.75,180,4.8,460,80,32880
BANKNIFTY09JAN2030100PE.NFO,07/01/2020,09:24:46,4.75,4.75,140,4.8,360,140,32880
BANKNIFTY09JAN2030100PE.NFO,07/01/2020,09:24:47,4.75,4.75,140,4.8,360,0,32880
BANKNIFTY09JAN2030100PE.NFO,07/01/2020,09:24:48,4.75,4.75,300,4.8,360,0,32880
BANKNIFTY09JAN2030100PE.NFO,07/01/2020,09:24:50,4.8,4.8,20,4.85,300,960,32880
BANKNIFTY09JAN2030100PE.NFO,07/01/2020,09:24:51,4.85,4.8,260,4.9,280,220,32880
BANKNIFTY09JAN2030100PE.NFO,07/01/2020,09:24:53,4.85,4.8,260,4.9,340,0,32880
BANKNIFTY09JAN2030100PE.NFO,07/01/2020,09:24:54,4.8,4.8,160,4.9,280,60,32880
BANKNIFTY09JAN2030100PE.NFO,07/01/2020,09:24:55,4.8,4.8,80,4.9,320,0,32880
BANKNIFTY09JAN2030100PE.NFO,07/01/2020,09:24:56,4.8,4.8,160,4.9,200,20,32880
BANKNIFTY09JAN2030100PE.NFO,07/01/2020,09:24:59,4.8,4.8,160,4.9,200,0,32880
BANKNIFTY09JAN2030100PE.NFO,07/01/2020,09:25:00,4.8,4.8,120,4.9,320,0,32880
BANKNIFTY09JAN2030100PE.NFO,07/01/2020,09:25:01,4.85,4.75,100,4.85,120,140,32880
BANKNIFTY09JAN2030100PE.NFO,07/01/2020,09:25:02,4.85,4.75,40,4.85,120,0,32880
BANKNIFTY09JAN2030100PE.NFO,07/01/2020,09:25:04,4.85,4.75,240,4.85,80,140,32880
BANKNIFTY09JAN2030100PE.NFO,07/01/2020,09:25:05,4.7,4.7,300,4.8,140,60,32880
BANKNIFTY09JAN2030100PE.NFO,07/01/2020,09:25:06,4.7,4.7,280,4.8,140,0,32880
BANKNIFTY09JAN2030100PE.NFO,07/01/2020,09:25:08,4.7,4.7,280,4.8,80,0,32880
BANKNIFTY09JAN2030100PE.NFO,07/01/2020,09:25:09,4.7,4.75,20,4.85,300,0,32880
BANKNIFTY09JAN2030100PE.NFO,07/01/2020,09:25:10,4.85,4.8,80,4.85,240,20,32880
BANKNIFTY09JAN2030100PE.NFO,07/01/2020,09:25:11,4.85,4.8,80,4.85,180,0,32880
BANKNIFTY09JAN2030100PE.NFO,07/01/2020,09:25:12,4.85,4.75,240,4.85,180,80,32880
BANKNIFTY09JAN2030100PE.NFO,07/01/2020,09:25:14,4.85,4.75,240,4.85,180,0,32880
BANKNIFTY09JAN2030100PE.NFO,07/01/2020,09:25:15,4.85,4.8,220,4.9,200,100,32880
BANKNIFTY09JAN2030100PE.NFO,07/01/2020,09:25:16,4.9,4.8,120,4.9,100,100,32880
BANKNIFTY09JAN2030100PE.NFO,07/01/2020,09:25:18,4.9,4.85,100,4.9,100,0,32880
BANKNIFTY09JAN2030100PE.NFO,07/01/2020,09:25:22,4.85,4.8,100,4.9,240,100,32880
BANKNIFTY09JAN2030100PE.NFO,07/01/2020,09:25:23,4.85,4.85,80,4.9,240,20,32880
BANKNIFTY09JAN2030100PE.NFO,07/01/2020,09:25:24,4.85,4.85,80,4.9,180,0,32880
BANKNIFTY09JAN2030100PE.NFO,07/01/2020,09:25:26,4.9,4.8,220,4.9,100,80,32880
BANKNIFTY09JAN2030100PE.NFO,07/01/2020,09:25:27,4.9,4.8,220,4.9,100,0,32880
BANKNIFTY09JAN2030100PE.NFO,07/01/2020,09:25:28,4.9,4.8,220,4.9,80,20,32880
BANKNIFTY09JAN2030100PE.NFO,07/01/2020,09:25:29,4.9,4.8,220,4.9,80,0,32880
BANKNIFTY09JAN2030100PE.NFO,07/01/2020,09:25:31,4.8,4.8,120,4.9,80,100,32880
BANKNIFTY09JAN2030100PE.NFO,07/01/2020,09:25:33,4.8,4.8,120,4.9,80,0,32880
BANKNIFTY09JAN2030100PE.NFO,07/01/2020,09:25:35,4.8,4.8,80,4.9,120,120,32880
BANKNIFTY09JAN2030100PE.NFO,07/01/2020,09:25:37,4.8,4.8,80,4.9,60,0,32880
BANKNIFTY09JAN2030100PE.NFO,07/01/2020,09:25:42,4.8,4.85,20,4.9,60,0,32880
BANKNIFTY09JAN2030100PE.NFO,07/01/2020,09:25:45,4.8,4.75,240,4.9,120,100,32880
BANKNIFTY09JAN2030100PE.NFO,07/01/2020,09:25:46,4.8,4.8,60,4.95,320,0,32880
BANKNIFTY09JAN2030100PE.NFO,07/01/2020,09:25:48,4.9,4.8,140,4.95,320,20,32880
BANKNIFTY09JAN2030100PE.NFO,07/01/2020,09:25:49,4.9,4.8,80,4.95,320,0,32880
BANKNIFTY09JAN2030100PE.NFO,07/01/2020,09:25:51,4.8,4.75,400,4.95,480,100,32880
BANKNIFTY09JAN2030100PE.NFO,07/01/2020,09:25:52,4.8,4.75,400,4.95,320,0,32880
BANKNIFTY09JAN2030100PE.NFO,07/01/2020,09:25:54,4.85,4.8,140,4.95,260,20,32880
BANKNIFTY09JAN2030100PE.NFO,07/01/2020,09:25:55,4.85,4.8,140,4.95,260,0,32880
BANKNIFTY09JAN2030100PE.NFO,07/01/2020,09:25:59,4.95,4.8,140,4.95,240,20,32880
BANKNIFTY09JAN2030100PE.NFO,07/01/2020,09:26:00,4.95,4.8,140,4.95,460,20,32880
BANKNIFTY09JAN2030100PE.NFO,07/01/2020,09:26:01,4.95,4.8,140,4.95,300,0,32880
BANKNIFTY09JAN2030100PE.NFO,07/01/2020,09:26:02,4.95,4.8,140,4.95,160,0,32880
BANKNIFTY09JAN2030100PE.NFO,07/01/2020,09:26:04,4.95,4.8,140,4.9,40,0,32880
BANKNIFTY09JAN2030100PE.NFO,07/01/2020,09:26:06,4.95,4.85,20,4.9,40,0,32880
BANKNIFTY09JAN2030100PE.NFO,07/01/2020,09:26:07,4.9,4.85,160,4.95,160,40,32880
BANKNIFTY09JAN2030100PE.NFO,07/01/2020,09:26:09,4.85,4.8,140,4.95,380,200,32880
BANKNIFTY09JAN2030100PE.NFO,07/01/2020,09:26:10,4.85,4.8,140,4.95,300,0,25800
BANKNIFTY09JAN2030100PE.NFO,07/01/2020,09:26:12,4.9,4.8,140,4.95,280,20,25800
BANKNIFTY09JAN2030100PE.NFO,07/01/2020,09:26:13,4.9,4.8,140,4.95,280,0,25800
BANKNIFTY09JAN2030100PE.NFO,07/01/2020,09:26:15,4.9,4.8,240,4.95,220,0,25800
BANKNIFTY09JAN2030100PE.NFO,07/01/2020,09:26:16,4.8,4.75,500,4.95,220,200,25800
BANKNIFTY09JAN2030100PE.NFO,07/01/2020,09:26:17,4.8,4.8,240,4.9,20,0,25800
BANKNIFTY09JAN2030100PE.NFO,07/01/2020,09:26:18,4.95,4.85,240,5,200,220,25800
BANKNIFTY09JAN2030100PE.NFO,07/01/2020,09:26:20,4.95,4.85,240,5,360,0,25800
BANKNIFTY09JAN2030100PE.NFO,07/01/2020,09:26:21,4.95,4.85,140,5,200,0,25800
BANKNIFTY09JAN2030100PE.NFO,07/01/2020,09:26:22,4.95,4.85,240,5,200,0,25800
BANKNIFTY09JAN2030100PE.NFO,07/01/2020,09:26:23,4.9,4.9,80,5,200,100,25800
BANKNIFTY09JAN2030100PE.NFO,07/01/2020,09:26:25,5,4.9,80,5,100,100,25800
BANKNIFTY09JAN2030100PE.NFO,07/01/2020,09:26:26,5,4.9,200,5.05,280,100,25800
BANKNIFTY09JAN2030100PE.NFO,07/01/2020,09:26:27,5,4.95,20,5.05,280,0,25800
BANKNIFTY09JAN2030100PE.NFO,07/01/2020,09:26:29,4.9,4.85,140,5,280,200,25800
BANKNIFTY09JAN2030100PE.NFO,07/01/2020,09:26:31,4.9,4.85,20,5,280,0,25800
BANKNIFTY09JAN2030100PE.NFO,07/01/2020,09:26:32,4.9,4.85,80,5,280,0,25800
BANKNIFTY09JAN2030100PE.NFO,07/01/2020,09:26:33,4.9,4.85,160,4.95,60,0,25800
BANKNIFTY09JAN2030100PE.NFO,07/01/2020,09:26:34,4.9,4.9,100,5,280,0,25800
BANKNIFTY09JAN2030100PE.NFO,07/01/2020,09:26:36,4.9,4.9,20,5,220,0,25800
BANKNIFTY09JAN2030100PE.NFO,07/01/2020,09:26:37,4.9,4.9,240,5,160,0,25800
BANKNIFTY09JAN2030100PE.NFO,07/01/2020,09:26:40,5,5,80,5.05,300,160,25800
BANKNIFTY09JAN2030100PE.NFO,07/01/2020,09:26:42,5.1,5.1,80,5.15,400,600,25800
BANKNIFTY09JAN2030100PE.NFO,07/01/2020,09:26:43,5.1,5.05,200,5.15,480,40,25800
BANKNIFTY09JAN2030100PE.NFO,07/01/2020,09:26:44,4.95,5,20,5.1,140,120,25800
BANKNIFTY09JAN2030100PE.NFO,07/01/2020,09:26:45,4.95,5,100,5.1,140,0,25800
BANKNIFTY09JAN2030100PE.NFO,07/01/2020,09:26:47,4.95,5,180,5.1,80,200,25800
BANKNIFTY09JAN2030100PE.NFO,07/01/2020,09:26:48,4.95,5.05,100,5.1,80,0,25800
BANKNIFTY09JAN2030100PE.NFO,07/01/2020,09:26:49,5.1,5.05,160,5.15,480,200,25800
BANKNIFTY09JAN2030100PE.NFO,07/01/2020,09:26:50,5.1,5.1,80,5.15,480,20,25800
BANKNIFTY09JAN2030100PE.NFO,07/01/2020,09:26:51,5.1,5.1,80,5.15,400,0,25800
BANKNIFTY09JAN2030100PE.NFO,07/01/2020,09:26:52,5.1,5.1,60,5.15,400,20,25800
BANKNIFTY09JAN2030100PE.NFO,07/01/2020,09:26:54,5.15,5.1,60,5.15,160,240,25800
BANKNIFTY09JAN2030100PE.NFO,07/01/2020,09:26:55,5.15,5.1,120,5.15,60,100,25800
BANKNIFTY09JAN2030100PE.NFO,07/01/2020,09:26:56,5.15,5.1,120,5.15,60,0,25800
BANKNIFTY09JAN2030100PE.NFO,07/01/2020,09:26:58,5.15,5.1,220,5.2,480,100,25800
BANKNIFTY09JAN2030100PE.NFO,07/01/2020,09:26:59,5.15,5.1,220,5.2,480,0,25800
BANKNIFTY09JAN2030100PE.NFO,07/01/2020,09:27:01,5.15,5.15,100,5.2,400,0,25800
BANKNIFTY09JAN2030100PE.NFO,07/01/2020,09:27:02,5.2,5.1,220,5.2,380,20,25800
BANKNIFTY09JAN2030100PE.NFO,07/01/2020,09:27:03,5.15,5.15,100,5.2,380,80,25800
BANKNIFTY09JAN2030100PE.NFO,07/01/2020,09:27:04,5.15,5.1,120,5.2,380,120,25800
BANKNIFTY09JAN2030100PE.NFO,07/01/2020,09:27:06,5.15,5.15,180,5.2,380,0,25800
BANKNIFTY09JAN2030100PE.NFO,07/01/2020,09:27:08,5.15,5.1,120,5.15,300,380,25800
BANKNIFTY09JAN2030100PE.NFO,07/01/2020,09:27:09,5.15,5.1,20,5.15,300,0,25800
BANKNIFTY09JAN2030100PE.NFO,07/01/2020,09:27:10,5.05,5.05,100,5.15,380,40,25800
BANKNIFTY09JAN2030100PE.NFO,07/01/2020,09:27:12,5.05,5,360,5.15,540,0,25800
BANKNIFTY09JAN2030100PE.NFO,07/01/2020,09:27:14,5.1,5,120,5.1,140,400,25800
BANKNIFTY09JAN2030100PE.NFO,07/01/2020,09:27:15,4.95,5.05,80,5.1,140,40,25800
BANKNIFTY09JAN2030100PE.NFO,07/01/2020,09:27:16,4.95,5.05,80,5.15,380,0,25800
BANKNIFTY09JAN2030100PE.NFO,07/01/2020,09:27:19,4.95,5.05,140,5.15,380,0,25800
BANKNIFTY09JAN2030100PE.NFO,07/01/2020,09:27:21,4.95,5.05,120,5.15,380,0,25800
BANKNIFTY09JAN2030100PE.NFO,07/01/2020,09:27:22,4.95,5.05,180,5.15,380,0,25800
BANKNIFTY09JAN2030100PE.NFO,07/01/2020,09:27:27,5.05,5.05,80,5.15,380,100,25800
BANKNIFTY09JAN2030100PE.NFO,07/01/2020,09:27:28,5.1,5.05,80,5.1,100,80,25800
BANKNIFTY09JAN2030100PE.NFO,07/01/2020,09:27:29,5.1,5.05,80,5.1,100,0,25800
BANKNIFTY09JAN2030100PE.NFO,07/01/2020,09:27:33,5.1,5.05,80,5.1,20,80,25800
BANKNIFTY09JAN2030100PE.NFO,07/01/2020,09:27:34,5.1,5.05,80,5.1,20,0,25800
BANKNIFTY09JAN2030100PE.NFO,07/01/2020,09:27:36,5.1,5,360,5.1,80,280,25800
BANKNIFTY09JAN2030100PE.NFO,07/01/2020,09:27:38,5.1,4.9,480,5.1,60,380,25800
BANKNIFTY09JAN2030100PE.NFO,07/01/2020,09:27:39,5.1,4.9,480,5.1,200,0,25800
BANKNIFTY09JAN2030100PE.NFO,07/01/2020,09:27:40,5.1,4.95,60,5.1,120,600,25800
BANKNIFTY09JAN2030100PE.NFO,07/01/2020,09:27:41,5.1,5,100,5.1,200,40,25800
BANKNIFTY09JAN2030100PE.NFO,07/01/2020,09:27:42,5.1,5,100,5.1,200,0,25800
BANKNIFTY09JAN2030100PE.NFO,07/01/2020,09:27:44,5.15,5,60,5.1,20,460,25800
BANKNIFTY09JAN2030100PE.NFO,07/01/2020,09:27:45,5.15,5,60,5.1,20,0,25800
BANKNIFTY09JAN2030100PE.NFO,07/01/2020,09:27:46,5.15,4.95,320,5.15,360,0,25800
BANKNIFTY09JAN2030100PE.NFO,07/01/2020,09:27:47,5.15,5,140,5.15,360,0,25800
BANKNIFTY09JAN2030100PE.NFO,07/01/2020,09:27:50,5.15,5,220,5.15,120,0,25800
BANKNIFTY09JAN2030100PE.NFO,07/01/2020,09:27:51,5.15,5,220,5.15,360,0,25800
BANKNIFTY09JAN2030100PE.NFO,07/01/2020,09:27:52,5.15,5.05,80,5.15,200,0,25800
BANKNIFTY09JAN2030100PE.NFO,07/01/2020,09:27:58,5.05,5.05,60,5.15,200,20,25800
BANKNIFTY09JAN2030100PE.NFO,07/01/2020,09:27:59,5.05,5.05,200,5.15,140,0,25800
BANKNIFTY09JAN2030100PE.NFO,07/01/2020,09:28:00,5.05,5.1,60,5.15,60,0,25800
BANKNIFTY09JAN2030100PE.NFO,07/01/2020,09:28:01,5.2,5.1,140,5.2,240,220,25800
BANKNIFTY09JAN2030100PE.NFO,07/01/2020,09:28:02,5.2,5.05,180,5.2,400,0,25800
BANKNIFTY09JAN2030100PE.NFO,07/01/2020,09:28:03,5.2,5.05,180,5.2,540,0,25800
BANKNIFTY09JAN2030100PE.NFO,07/01/2020,09:28:06,5.2,5.05,240,5.2,540,0,25800
BANKNIFTY09JAN2030100PE.NFO,07/01/2020,09:28:07,5.2,5.1,1080,5.2,240,0,25800
BANKNIFTY09JAN2030100PE.NFO,07/01/2020,09:28:08,5.2,5.1,1100,5.2,240,0,25800
BANKNIFTY09JAN2030100PE.NFO,07/01/2020,09:28:10,5.1,5.1,1060,5.2,240,40,25800
BANKNIFTY09JAN2030100PE.NFO,07/01/2020,09:28:11,5.15,5.15,80,5.2,240,80,25800
BANKNIFTY09JAN2030100PE.NFO,07/01/2020,09:28:12,5.15,5.15,100,5.2,240,0,25800
BANKNIFTY09JAN2030100PE.NFO,07/01/2020,09:28:13,5.15,5.15,20,5.2,240,0,25800
BANKNIFTY09JAN2030100PE.NFO,07/01/2020,09:28:14,5.15,5.15,100,5.2,240,0,25800
BANKNIFTY09JAN2030100PE.NFO,07/01/2020,09:28:15,5.15,5.15,20,5.2,240,0,25800
BANKNIFTY09JAN2030100PE.NFO,07/01/2020,09:28:17,5.15,5.15,100,5.2,240,0,25800
BANKNIFTY09JAN2030100PE.NFO,07/01/2020,09:28:18,5.2,5.15,180,5.25,660,240,25800
BANKNIFTY09JAN2030100PE.NFO,07/01/2020,09:28:19,5.2,5.2,80,5.25,500,0,25800
BANKNIFTY09JAN2030100PE.NFO,07/01/2020,09:28:20,5.2,5.2,120,5.25,500,0,25800
BANKNIFTY09JAN2030100PE.NFO,07/01/2020,09:28:21,5.2,5.2,180,5.25,500,0,25800
BANKNIFTY09JAN2030100PE.NFO,07/01/2020,09:28:23,5.25,5.15,180,5.25,460,40,25800
BANKNIFTY09JAN2030100PE.NFO,07/01/2020,09:28:24,5.25,5.15,160,5.25,540,0,25800
BANKNIFTY09JAN2030100PE.NFO,07/01/2020,09:28:25,5.25,5.2,100,5.25,540,0,25800
BANKNIFTY09JAN2030100PE.NFO,07/01/2020,09:28:26,5.25,5.2,20,5.25,540,0,25800
BANKNIFTY09JAN2030100PE.NFO,07/01/2020,09:28:27,5.25,5.2,80,5.25,480,60,25800
BANKNIFTY09JAN2030100PE.NFO,07/01/2020,09:28:28,5.25,5.2,100,5.25,480,0,25800
BANKNIFTY09JAN2030100PE.NFO,07/01/2020,09:28:30,5.25,5.2,20,5.25,380,100,25800
BANKNIFTY09JAN2030100PE.NFO,07/01/2020,09:28:31,5.2,5.15,100,5.25,380,20,25800
BANKNIFTY09JAN2030100PE.NFO,07/01/2020,09:28:32,5.25,5.2,100,5.25,200,100,25800
BANKNIFTY09JAN2030100PE.NFO,07/01/2020,09:28:33,5.25,5.2,100,5.25,260,0,25800
BANKNIFTY09JAN2030100PE.NFO,07/01/2020,09:28:34,5.25,5.2,100,5.25,200,0,25800
BANKNIFTY09JAN2030100PE.NFO,07/01/2020,09:28:35,5.25,5.15,80,5.25,180,100,25800
BANKNIFTY09JAN2030100PE.NFO,07/01/2020,09:28:37,5.25,5.15,160,5.25,180,0,25800
BANKNIFTY09JAN2030100PE.NFO,07/01/2020,09:28:40,5.25,5.2,20,5.25,100,60,25800
BANKNIFTY09JAN2030100PE.NFO,07/01/2020,09:28:41,5.25,5.2,60,5.3,440,40,25800
BANKNIFTY09JAN2030100PE.NFO,07/01/2020,09:28:43,5.3,5.2,60,5.3,420,20,25800
BANKNIFTY09JAN2030100PE.NFO,07/01/2020,09:28:44,5.3,5.2,40,5.3,400,20,25800
BANKNIFTY09JAN2030100PE.NFO,07/01/2020,09:28:45,5.25,5.2,60,5.25,40,120,25800
BANKNIFTY09JAN2030100PE.NFO,07/01/2020,09:28:46,5.25,5.2,60,5.25,40,0,25800
BANKNIFTY09JAN2030100PE.NFO,07/01/2020,09:28:47,5.2,5.15,20,5.25,200,60,25800
BANKNIFTY09JAN2030100PE.NFO,07/01/2020,09:28:48,5.2,5.15,20,5.25,200,0,25800
BANKNIFTY09JAN2030100PE.NFO,07/01/2020,09:28:49,5.2,5.15,20,5.2,80,0,25800
BANKNIFTY09JAN2030100PE.NFO,07/01/2020,09:28:50,5.05,5.05,80,5.15,140,60,25800
BANKNIFTY09JAN2030100PE.NFO,07/01/2020,09:28:52,5.05,5.05,80,5.15,380,0,25800
BANKNIFTY09JAN2030100PE.NFO,07/01/2020,09:28:53,5.05,5.05,140,5.15,220,0,25800
BANKNIFTY09JAN2030100PE.NFO,07/01/2020,09:28:54,5.15,5.05,80,5.15,220,40,25800
BANKNIFTY09JAN2030100PE.NFO,07/01/2020,09:28:55,5.1,5.05,140,5.15,180,80,25800
BANKNIFTY09JAN2030100PE.NFO,07/01/2020,09:28:56,5.05,5,120,5.1,80,100,25800
BANKNIFTY09JAN2030100PE.NFO,07/01/2020,09:28:57,5.05,5,120,5.1,80,0,25800
BANKNIFTY09JAN2030100PE.NFO,07/01/2020,09:28:59,5,5,60,5.05,20,20,25800
BANKNIFTY09JAN2030100PE.NFO,07/01/2020,09:29:01,5,4.95,240,5.05,20,0,25800
BANKNIFTY09JAN2030100PE.NFO,07/01/2020,09:29:03,4.95,4.95,140,5.05,160,100,25800
BANKNIFTY09JAN2030100PE.NFO,07/01/2020,09:29:04,4.95,4.95,140,5.05,160,0,25800
BANKNIFTY09JAN2030100PE.NFO,07/01/2020,09:29:06,4.95,5,20,5.05,80,0,25800
BANKNIFTY09JAN2030100PE.NFO,07/01/2020,09:29:09,5.05,4.95,120,5.05,140,20,25800
BANKNIFTY09JAN2030100PE.NFO,07/01/2020,09:29:10,5.05,4.95,120,5.05,140,0,25800
BANKNIFTY09JAN2030100PE.NFO,07/01/2020,09:29:15,5.05,4.95,260,5.05,80,0,25800
BANKNIFTY09JAN2030100PE.NFO,07/01/2020,09:29:16,5.05,4.95,200,5.05,80,0,25800
BANKNIFTY09JAN2030100PE.NFO,07/01/2020,09:29:18,5.05,4.95,60,5.05,140,0,25800
BANKNIFTY09JAN2030100PE.NFO,07/01/2020,09:29:20,5.05,4.95,200,5.05,80,0,25800
BANKNIFTY09JAN2030100PE.NFO,07/01/2020,09:29:22,4.95,4.95,120,5.05,80,80,22440
BANKNIFTY09JAN2030100PE.NFO,07/01/2020,09:29:23,4.95,4.95,60,5.05,140,0,22440
BANKNIFTY09JAN2030100PE.NFO,07/01/2020,09:29:24,5.05,4.95,120,5.05,60,20,22440
BANKNIFTY09JAN2030100PE.NFO,07/01/2020,09:29:26,5.05,4.95,120,5.05,60,0,22440
BANKNIFTY09JAN2030100PE.NFO,07/01/2020,09:29:27,5.05,4.95,120,5.1,220,0,22440
BANKNIFTY09JAN2030100PE.NFO,07/01/2020,09:29:28,4.95,4.95,140,5.1,220,60,22440
BANKNIFTY09JAN2030100PE.NFO,07/01/2020,09:29:29,4.95,4.95,300,5.1,320,0,22440
BANKNIFTY09JAN2030100PE.NFO,07/01/2020,09:29:30,4.95,4.95,140,5.1,320,0,22440
BANKNIFTY09JAN2030100PE.NFO,07/01/2020,09:29:35,4.95,4.95,140,5.1,160,0,22440
BANKNIFTY09JAN2030100PE.NFO,07/01/2020,09:29:36,4.95,5,80,5.1,160,0,22440
BANKNIFTY09JAN2030100PE.NFO,07/01/2020,09:29:42,4.95,5,140,5.1,160,0,22440
BANKNIFTY09JAN2030100PE.NFO,07/01/2020,09:29:43,4.95,5,300,5.1,100,0,22440
BANKNIFTY09JAN2030100PE.NFO,07/01/2020,09:29:47,4.95,4.9,360,5.1,380,0,22440
BANKNIFTY09JAN2030100PE.NFO,07/01/2020,09:29:49,4.95,4.9,160,5.1,280,0,22440
BANKNIFTY09JAN2030100PE.NFO,07/01/2020,09:29:52,4.95,4.95,300,5.15,160,0,22440
BANKNIFTY09JAN2030100PE.NFO,07/01/2020,09:29:53,4.95,4.95,300,5.15,220,0,22440
BANKNIFTY09JAN2030100PE.NFO,07/01/2020,09:29:55,4.95,4.95,140,5.15,300,0,22440
BANKNIFTY09JAN2030100PE.NFO,07/01/2020,09:29:56,4.95,4.95,80,5.1,240,60,22440
BANKNIFTY09JAN2030100PE.NFO,07/01/2020,09:29:57,4.95,4.95,80,5.1,240,0,22440
BANKNIFTY09JAN2030100PE.NFO,07/01/2020,09:29:59,4.95,4.95,20,5.1,240,0,22440
BANKNIFTY09JAN2030100PE.NFO,07/01/2020,09:30:01,4.95,4.9,100,5.05,540,0,22440
BANKNIFTY09JAN2030100PE.NFO,07/01/2020,09:30:02,4.95,4.85,300,5.05,540,0,22440
BANKNIFTY09JAN2030100PE.NFO,07/01/2020,09:30:03,4.9,4.9,80,5,240,140,22440
BANKNIFTY09JAN2030100PE.NFO,07/01/2020,09:30:04,4.95,4.95,40,5,20,120,22440
BANKNIFTY09JAN2030100PE.NFO,07/01/2020,09:30:05,4.95,4.9,60,5,100,120,22440
BANKNIFTY09JAN2030100PE.NFO,07/01/2020,09:30:06,4.95,4.9,40,5,560,0,22440
BANKNIFTY09JAN2030100PE.NFO,07/01/2020,09:30:08,4.95,4.9,40,5,400,0,22440
BANKNIFTY09JAN2030100PE.NFO,07/01/2020,09:30:09,4.95,4.85,40,5,560,0,22440
BANKNIFTY09JAN2030100PE.NFO,07/01/2020,09:30:10,4.95,4.8,360,5,560,0,22440
BANKNIFTY09JAN2030100PE.NFO,07/01/2020,09:30:11,4.95,4.8,260,4.95,220,80,22440
BANKNIFTY09JAN2030100PE.NFO,07/01/2020,09:30:12,4.95,4.8,160,4.95,220,0,22440
BANKNIFTY09JAN2030100PE.NFO,07/01/2020,09:30:15,4.95,4.8,160,4.9,80,0,22440
BANKNIFTY09JAN2030100PE.NFO,07/01/2020,09:30:16,4.95,4.8,160,4.9,140,0,22440
BANKNIFTY09JAN2030100PE.NFO,07/01/2020,09:30:17,4.9,4.8,160,4.9,120,20,22440
BANKNIFTY09JAN2030100PE.NFO,07/01/2020,09:30:18,4.9,4.8,260,4.9,120,0,22440
BANKNIFTY09JAN2030100PE.NFO,07/01/2020,09:30:19,4.9,4.8,260,4.9,60,0,22440
BANKNIFTY09JAN2030100PE.NFO,07/01/2020,09:30:20,4.85,4.8,100,4.9,120,80,22440
BANKNIFTY09JAN2030100PE.NFO,07/01/2020,09:30:22,4.85,4.8,100,4.9,120,100,22440
BANKNIFTY09JAN2030100PE.NFO,07/01/2020,09:30:23,4.85,4.8,100,4.9,120,0,22440
BANKNIFTY09JAN2030100PE.NFO,07/01/2020,09:30:24,4.85,4.75,80,4.85,160,160,22440
BANKNIFTY09JAN2030100PE.NFO,07/01/2020,09:30:25,4.85,4.75,180,4.85,400,20,22440
BANKNIFTY09JAN2030100PE.NFO,07/01/2020,09:30:26,4.85,4.8,40,4.85,380,20,22440
BANKNIFTY09JAN2030100PE.NFO,07/01/2020,09:30:28,4.85,4.8,40,4.85,380,0,22440
BANKNIFTY09JAN2030100PE.NFO,07/01/2020,09:30:29,4.85,4.75,180,4.85,340,40,22440
BANKNIFTY09JAN2030100PE.NFO,07/01/2020,09:30:30,4.85,4.75,180,4.85,680,0,22440
BANKNIFTY09JAN2030100PE.NFO,07/01/2020,09:30:31,4.75,4.75,160,4.85,560,20,22440
BANKNIFTY09JAN2030100PE.NFO,07/01/2020,09:30:32,4.75,4.75,20,4.8,160,140,22440
BANKNIFTY09JAN2030100PE.NFO,07/01/2020,09:30:34,4.75,4.75,120,4.85,520,100,22440
BANKNIFTY09JAN2030100PE.NFO,07/01/2020,09:30:35,4.8,4.7,240,4.8,40,360,22440
BANKNIFTY09JAN2030100PE.NFO,07/01/2020,09:30:36,4.8,4.75,120,4.85,580,40,22440
BANKNIFTY09JAN2030100PE.NFO,07/01/2020,09:30:37,4.8,4.75,120,4.85,420,0,22440
BANKNIFTY09JAN2030100PE.NFO,07/01/2020,09:30:38,4.85,4.8,120,4.85,220,160,22440
BANKNIFTY09JAN2030100PE.NFO,07/01/2020,09:30:40,4.9,4.85,100,4.95,60,460,22440
BANKNIFTY09JAN2030100PE.NFO,07/01/2020,09:30:41,4.9,4.85,100,4.95,60,0,22440
BANKNIFTY09JAN2030100PE.NFO,07/01/2020,09:30:43,4.9,4.85,180,4.95,60,0,22440
BANKNIFTY09JAN2030100PE.NFO,07/01/2020,09:30:45,4.9,4.85,160,4.95,60,0,22440
BANKNIFTY09JAN2030100PE.NFO,07/01/2020,09:30:47,4.9,4.9,40,4.95,140,0,22440
BANKNIFTY09JAN2030100PE.NFO,07/01/2020,09:30:48,4.9,4.85,100,4.95,140,0,22440
BANKNIFTY09JAN2030100PE.NFO,07/01/2020,09:30:49,4.9,4.85,100,4.9,300,0,22440
BANKNIFTY09JAN2030100PE.NFO,07/01/2020,09:30:50,4.9,4.85,40,4.9,300,0,22440
BANKNIFTY09JAN2030100PE.NFO,07/01/2020,09:30:53,4.9,4.85,100,4.9,360,0,22440
BANKNIFTY09JAN2030100PE.NFO,07/01/2020,09:30:54,4.9,4.85,100,4.9,340,20,22440
BANKNIFTY09JAN2030100PE.NFO,07/01/2020,09:30:55,4.9,4.85,100,4.9,340,0,22440
BANKNIFTY09JAN2030100PE.NFO,07/01/2020,09:30:56,4.9,4.85,40,4.9,340,0,22440
BANKNIFTY09JAN2030100PE.NFO,07/01/2020,09:30:57,4.9,4.85,100,4.9,300,40,22440
BANKNIFTY09JAN2030100PE.NFO,07/01/2020,09:30:59,4.9,4.85,100,4.9,180,120,22440
BANKNIFTY09JAN2030100PE.NFO,07/01/2020,09:31:00,4.9,4.85,40,4.9,40,140,22440
BANKNIFTY09JAN2030100PE.NFO,07/01/2020,09:31:01,4.9,4.75,100,4.9,160,20,22440
BANKNIFTY09JAN2030100PE.NFO,07/01/2020,09:31:02,4.9,4.8,60,4.95,60,40,22440
BANKNIFTY09JAN2030100PE.NFO,07/01/2020,09:31:03,4.9,4.75,100,4.9,140,20,22440
BANKNIFTY09JAN2030100PE.NFO,07/01/2020,09:31:04,4.8,4.8,40,4.95,140,60,22440
BANKNIFTY09JAN2030100PE.NFO,07/01/2020,09:31:06,4.95,4.8,60,4.95,180,320,22440
BANKNIFTY09JAN2030100PE.NFO,07/01/2020,09:31:07,4.75,4.75,100,4.95,200,60,22440
BANKNIFTY09JAN2030100PE.NFO,07/01/2020,09:31:08,4.75,4.75,240,4.95,120,240,22440
BANKNIFTY09JAN2030100PE.NFO,07/01/2020,09:31:09,4.95,4.75,220,4.95,40,100,22440
BANKNIFTY09JAN2030100PE.NFO,07/01/2020,09:31:10,5.05,4.8,320,5.05,120,120,22440
BANKNIFTY09JAN2030100PE.NFO,07/01/2020,09:31:12,5,4.85,260,5.05,100,180,22440
BANKNIFTY09JAN2030100PE.NFO,07/01/2020,09:31:13,5.1,4.9,240,5.1,160,120,22440
BANKNIFTY09JAN2030100PE.NFO,07/01/2020,09:31:14,5.05,4.9,140,5.05,60,140,22440
BANKNIFTY09JAN2030100PE.NFO,07/01/2020,09:31:15,5.05,4.9,360,5.05,220,0,22440
BANKNIFTY09JAN2030100PE.NFO,07/01/2020,09:31:16,5.1,4.9,360,5.1,120,160,22440
BANKNIFTY09JAN2030100PE.NFO,07/01/2020,09:31:17,5.15,4.9,220,5.1,100,220,22440
BANKNIFTY09JAN2030100PE.NFO,07/01/2020,09:31:19,5.1,4.9,220,5.1,60,40,22440
BANKNIFTY09JAN2030100PE.NFO,07/01/2020,09:31:20,4.9,4.85,220,5.1,120,60,22440
BANKNIFTY09JAN2030100PE.NFO,07/01/2020,09:31:21,5.1,4.85,160,5.1,100,20,22440
BANKNIFTY09JAN2030100PE.NFO,07/01/2020,09:31:22,4.85,4.8,60,5.05,60,20,22440
BANKNIFTY09JAN2030100PE.NFO,07/01/2020,09:31:23,4.85,4.8,60,5.05,160,0,22440
BANKNIFTY09JAN2030100PE.NFO,07/01/2020,09:31:24,4.85,4.8,120,5.05,160,0,22440
BANKNIFTY09JAN2030100PE.NFO,07/01/2020,09:31:26,4.85,4.8,120,5.05,320,0,22440
BANKNIFTY09JAN2030100PE.NFO,07/01/2020,09:31:27,4.85,4.8,60,5.05,320,0,22440
BANKNIFTY09JAN2030100PE.NFO,07/01/2020,09:31:28,4.85,4.8,160,5.05,320,0,22440
BANKNIFTY09JAN2030100PE.NFO,07/01/2020,09:31:31,4.85,4.85,160,5.1,100,0,22440
BANKNIFTY09JAN2030100PE.NFO,07/01/2020,09:31:32,4.85,4.85,160,5.1,360,0,22440
BANKNIFTY09JAN2030100PE.NFO,07/01/2020,09:31:33,4.85,4.9,100,5.1,360,0,22440
BANKNIFTY09JAN2030100PE.NFO,07/01/2020,09:31:34,4.9,4.85,320,5.1,260,200,22440
BANKNIFTY09JAN2030100PE.NFO,07/01/2020,09:31:35,5.1,4.85,320,5.1,60,200,22440
BANKNIFTY09JAN2030100PE.NFO,07/01/2020,09:31:37,5.1,4.95,100,5.1,160,0,22440
BANKNIFTY09JAN2030100PE.NFO,07/01/2020,09:31:38,5.1,4.95,100,5.1,60,0,22440
BANKNIFTY09JAN2030100PE.NFO,07/01/2020,09:31:39,4.95,4.95,80,5.1,160,20,22440
BANKNIFTY09JAN2030100PE.NFO,07/01/2020,09:31:40,4.95,4.95,80,5.1,60,0,22440
BANKNIFTY09JAN2030100PE.NFO,07/01/2020,09:31:42,4.95,4.9,60,5.15,400,200,22440
BANKNIFTY09JAN2030100PE.NFO,07/01/2020,09:31:43,4.95,4.9,220,5.15,560,0,22440
BANKNIFTY09JAN2030100PE.NFO,07/01/2020,09:31:44,4.95,4.9,60,5.15,560,0,22440
BANKNIFTY09JAN2030100PE.NFO,07/01/2020,09:31:45,4.95,4.9,60,5.1,180,0,22440
BANKNIFTY09JAN2030100PE.NFO,07/01/2020,09:31:48,4.9,4.95,1000,5.05,80,20,22440
BANKNIFTY09JAN2030100PE.NFO,07/01/2020,09:31:49,4.95,4.95,960,5.05,80,40,22440
BANKNIFTY09JAN2030100PE.NFO,07/01/2020,09:31:50,4.95,4.95,960,5.05,80,0,22440
BANKNIFTY09JAN2030100PE.NFO,07/01/2020,09:31:51,4.95,4.95,960,5,20,0,22440
BANKNIFTY09JAN2030100PE.NFO,07/01/2020,09:31:53,4.95,4.95,580,5,20,380,22440
BANKNIFTY09JAN2030100PE.NFO,07/01/2020,09:31:54,4.95,4.95,580,5,20,0,22440
BANKNIFTY09JAN2030100PE.NFO,07/01/2020,09:31:56,4.95,4.95,580,5,40,0,22440
BANKNIFTY09JAN2030100PE.NFO,07/01/2020,09:32:00,5.05,4.95,740,5.1,200,160,22440
BANKNIFTY09JAN2030100PE.NFO,07/01/2020,09:32:01,4.95,4.95,560,5.1,400,20,22440
BANKNIFTY09JAN2030100PE.NFO,07/01/2020,09:32:02,4.95,4.95,560,5.1,400,0,22440
BANKNIFTY09JAN2030100PE.NFO,07/01/2020,09:32:06,5.1,4.95,560,5.1,320,80,22440
BANKNIFTY09JAN2030100PE.NFO,07/01/2020,09:32:07,5.1,4.95,620,5.1,280,0,22440
BANKNIFTY09JAN2030100PE.NFO,07/01/2020,09:32:08,5.1,5,80,5.1,120,0,22440
BANKNIFTY09JAN2030100PE.NFO,07/01/2020,09:32:09,5,4.95,300,5.1,280,20,22440
BANKNIFTY09JAN2030100PE.NFO,07/01/2020,09:32:10,5,4.95,300,5.1,120,0,22440
BANKNIFTY09JAN2030100PE.NFO,07/01/2020,09:32:13,5,5,100,5.1,280,0,22440
BANKNIFTY09JAN2030100PE.NFO,07/01/2020,09:32:14,5.05,5.05,80,5.1,240,60,22440
BANKNIFTY09JAN2030100PE.NFO,07/01/2020,09:32:15,5.05,5,100,5.1,240,80,19900
BANKNIFTY09JAN2030100PE.NFO,07/01/2020,09:32:16,5.05,5,100,5.1,240,0,19900
BANKNIFTY09JAN2030100PE.NFO,07/01/2020,09:32:19,4.9,4.9,20,5.05,380,140,19900
BANKNIFTY09JAN2030100PE.NFO,07/01/2020,09:32:20,4.9,4.9,100,5,400,0,19900
BANKNIFTY09JAN2030100PE.NFO,07/01/2020,09:32:21,4.9,4.9,160,5,420,0,19900
BANKNIFTY09JAN2030100PE.NFO,07/01/2020,09:32:22,5,4.85,320,5,480,100,19900
BANKNIFTY09JAN2030100PE.NFO,07/01/2020,09:32:24,5,4.9,460,5,260,80,19900
BANKNIFTY09JAN2030100PE.NFO,07/01/2020,09:32:25,5,4.9,200,5,260,0,19900
BANKNIFTY09JAN2030100PE.NFO,07/01/2020,09:32:26,5,4.85,160,5,180,140,19900
BANKNIFTY09JAN2030100PE.NFO,07/01/2020,09:32:28,4.85,4.8,160,4.95,140,400,19900
BANKNIFTY09JAN2030100PE.NFO,07/01/2020,09:32:29,4.85,4.8,160,4.9,100,0,19900
BANKNIFTY09JAN2030100PE.NFO,07/01/2020,09:32:33,4.85,4.8,100,4.85,100,0,19900
BANKNIFTY09JAN2030100PE.NFO,07/01/2020,09:32:37,4.8,4.75,60,4.85,180,100,19900
BANKNIFTY09JAN2030100PE.NFO,07/01/2020,09:32:38,4.8,4.75,60,4.85,180,0,19900
BANKNIFTY09JAN2030100PE.NFO,07/01/2020,09:32:39,4.8,4.7,160,4.85,400,0,19900
BANKNIFTY09JAN2030100PE.NFO,07/01/2020,09:32:40,4.8,4.7,100,4.8,280,40,19900
BANKNIFTY09JAN2030100PE.NFO,07/01/2020,09:32:42,4.8,4.7,100,4.8,60,0,19900
BANKNIFTY09JAN2030100PE.NFO,07/01/2020,09:32:43,4.8,4.7,160,4.8,60,0,19900
BANKNIFTY09JAN2030100PE.NFO,07/01/2020,09:32:44,4.85,4.7,320,4.9,160,80,19900
BANKNIFTY09JAN2030100PE.NFO,07/01/2020,09:32:45,4.85,4.7,160,4.9,320,0,19900
BANKNIFTY09JAN2030100PE.NFO,07/01/2020,09:32:48,4.85,4.7,320,4.9,320,0,19900
BANKNIFTY09JAN2030100PE.NFO,07/01/2020,09:32:49,4.85,4.7,160,4.9,320,0,19900
BANKNIFTY09JAN2030100PE.NFO,07/01/2020,09:32:50,4.85,4.7,320,4.85,180,0,19900
BANKNIFTY09JAN2030100PE.NFO,07/01/2020,09:32:51,4.85,4.7,480,4.9,300,80,19900
BANKNIFTY09JAN2030100PE.NFO,07/01/2020,09:32:52,4.85,4.7,480,4.9,300,0,19900
BANKNIFTY09JAN2030100PE.NFO,07/01/2020,09:32:54,4.85,4.7,320,4.9,300,0,19900
BANKNIFTY09JAN2030100PE.NFO,07/01/2020,09:32:55,4.85,4.7,320,4.85,160,0,19900
BANKNIFTY09JAN2030100PE.NFO,07/01/2020,09:32:56,4.85,4.7,380,4.9,300,20,19900
BANKNIFTY09JAN2030100PE.NFO,07/01/2020,09:32:57,4.85,4.7,380,4.9,100,0,19900
BANKNIFTY09JAN2030100PE.NFO,07/01/2020,09:32:58,4.85,4.75,220,4.9,100,0,19900
BANKNIFTY09JAN2030100PE.NFO,07/01/2020,09:33:00,4.75,4.75,140,4.9,300,20,19900
BANKNIFTY09JAN2030100PE.NFO,07/01/2020,09:33:01,4.75,4.75,240,4.9,300,0,19900
BANKNIFTY09JAN2030100PE.NFO,07/01/2020,09:33:03,4.85,4.75,240,4.85,80,20,19900
BANKNIFTY09JAN2030100PE.NFO,07/01/2020,09:33:04,4.85,4.75,240,4.85,80,0,19900
BANKNIFTY09JAN2030100PE.NFO,07/01/2020,09:33:05,4.85,4.8,100,4.85,80,0,19900
BANKNIFTY09JAN2030100PE.NFO,07/01/2020,09:33:07,4.85,4.8,160,4.9,160,0,19900
BANKNIFTY09JAN2030100PE.NFO,07/01/2020,09:33:09,4.85,4.8,100,4.9,20,0,19900
BANKNIFTY09JAN2030100PE.NFO,07/01/2020,09:33:10,4.9,4.8,100,4.95,300,20,19900
BANKNIFTY09JAN2030100PE.NFO,07/01/2020,09:33:11,4.9,4.8,160,4.95,160,0,19900
BANKNIFTY09JAN2030100PE.NFO,07/01/2020,09:33:12,4.9,4.8,160,4.95,300,0,19900
BANKNIFTY09JAN2030100PE.NFO,07/01/2020,09:33:13,4.9,4.8,100,4.95,300,0,19900
BANKNIFTY09JAN2030100PE.NFO,07/01/2020,09:33:14,4.9,4.8,100,4.95,160,0,19900
BANKNIFTY09JAN2030100PE.NFO,07/01/2020,09:33:15,4.9,4.8,160,4.95,160,0,19900
BANKNIFTY09JAN2030100PE.NFO,07/01/2020,09:33:17,4.9,4.8,660,4.95,320,0,19900
BANKNIFTY09JAN2030100PE.NFO,07/01/2020,09:33:18,4.9,4.8,660,4.95,240,0,19900
BANKNIFTY09JAN2030100PE.NFO,07/01/2020,09:33:23,4.85,4.85,80,5,180,260,19900
BANKNIFTY09JAN2030100PE.NFO,07/01/2020,09:33:25,4.85,4.85,80,5,180,0,19900
BANKNIFTY09JAN2030100PE.NFO,07/01/2020,09:33:27,4.85,4.8,980,5,180,0,19900
BANKNIFTY09JAN2030100PE.NFO,07/01/2020,09:33:28,4.85,4.85,80,5,100,0,19900
BANKNIFTY09JAN2030100PE.NFO,07/01/2020,09:33:30,4.85,4.8,1620,5,180,0,19900
BANKNIFTY09JAN2030100PE.NFO,07/01/2020,09:33:33,4.85,4.8,1620,5,200,0,19900
BANKNIFTY09JAN2030100PE.NFO,07/01/2020,09:33:35,4.8,4.85,100,5,200,40,19900
BANKNIFTY09JAN2030100PE.NFO,07/01/2020,09:33:36,5,4.85,100,5,80,120,19900
BANKNIFTY09JAN2030100PE.NFO,07/01/2020,09:33:37,5,4.85,200,5.05,200,0,19900
BANKNIFTY09JAN2030100PE.NFO,07/01/2020,09:33:39,5,4.9,20,5.05,200,0,19900
BANKNIFTY09JAN2030100PE.NFO,07/01/2020,09:33:40,4.9,4.85,200,5.05,260,20,19900
BANKNIFTY09JAN2030100PE.NFO,07/01/2020,09:33:42,4.9,4.85,100,5.05,180,0,19900
BANKNIFTY09JAN2030100PE.NFO,07/01/2020,09:33:43,4.9,4.85,180,5.05,180,0,19900
BANKNIFTY09JAN2030100PE.NFO,07/01/2020,09:33:44,4.9,4.85,340,5.05,160,0,19900
BANKNIFTY09JAN2030100PE.NFO,07/01/2020,09:33:45,4.9,4.9,500,5.05,100,0,19900
BANKNIFTY09JAN2030100PE.NFO,07/01/2020,09:33:46,5.05,4.9,660,5.1,140,100,19900
BANKNIFTY09JAN2030100PE.NFO,07/01/2020,09:33:47,5.05,4.9,500,5.1,140,0,19900
BANKNIFTY09JAN2030100PE.NFO,07/01/2020,09:33:51,5.05,4.9,500,5.1,220,0,19900
BANKNIFTY09JAN2030100PE.NFO,07/01/2020,09:33:53,5.05,4.95,20,5.1,140,0,19900
BANKNIFTY09JAN2030100PE.NFO,07/01/2020,09:33:54,5.05,4.9,660,5.1,140,0,19900
BANKNIFTY09JAN2030100PE.NFO,07/01/2020,09:33:56,5.05,4.9,500,5.1,140,0,19900
BANKNIFTY09JAN2030100PE.NFO,07/01/2020,09:33:57,5.05,4.95,20,5.1,140,0,19900
BANKNIFTY09JAN2030100PE.NFO,07/01/2020,09:33:58,5.1,4.9,660,5.1,180,20,19900
BANKNIFTY09JAN2030100PE.NFO,07/01/2020,09:33:59,5.1,4.9,500,5.1,220,0,19900
BANKNIFTY09JAN2030100PE.NFO,07/01/2020,09:34:02,5.1,4.9,660,5.1,160,60,19900
BANKNIFTY09JAN2030100PE.NFO,07/01/2020,09:34:03,5.1,4.9,720,5.1,60,0,19900
BANKNIFTY09JAN2030100PE.NFO,07/01/2020,09:34:04,4.9,4.9,620,5.1,60,40,19900
BANKNIFTY09JAN2030100PE.NFO,07/01/2020,09:34:06,4.9,4.9,780,5.1,60,0,19900
BANKNIFTY09JAN2030100PE.NFO,07/01/2020,09:34:07,4.9,4.9,940,5.1,60,0,19900
BANKNIFTY09JAN2030100PE.NFO,07/01/2020,09:34:08,4.9,4.95,140,5.1,40,360,19900
BANKNIFTY09JAN2030100PE.NFO,07/01/2020,09:34:09,4.9,4.95,140,5.1,40,0,19900
BANKNIFTY09JAN2030100PE.NFO,07/01/2020,09:34:13,4.9,4.95,80,5.1,40,0,19900
BANKNIFTY09JAN2030100PE.NFO,07/01/2020,09:34:15,4.9,4.95,300,5.1,40,0,19900
BANKNIFTY09JAN2030100PE.NFO,07/01/2020,09:34:19,4.9,5,160,5.1,40,0,19900
BANKNIFTY09JAN2030100PE.NFO,07/01/2020,09:34:20,5.1,5,240,5.15,300,40,19900
BANKNIFTY09JAN2030100PE.NFO,07/01/2020,09:34:21,5.1,5,240,5.15,300,0,19900
BANKNIFTY09JAN2030100PE.NFO,07/01/2020,09:34:25,5.1,5,300,5.15,300,0,19900
BANKNIFTY09JAN2030100PE.NFO,07/01/2020,09:34:27,5.15,5.05,140,5.2,300,300,19900
BANKNIFTY09JAN2030100PE.NFO,07/01/2020,09:34:28,5.2,5.1,240,5.25,200,300,19900
BANKNIFTY09JAN2030100PE.NFO,07/01/2020,09:34:30,5.2,5.1,240,5.25,200,0,19900
BANKNIFTY09JAN2030100PE.NFO,07/01/2020,09:34:33,5.2,5.1,300,5.25,200,0,19900
BANKNIFTY09JAN2030100PE.NFO,07/01/2020,09:34:35,5.2,5.15,160,5.25,200,0,19900
BANKNIFTY09JAN2030100PE.NFO,07/01/2020,09:34:36,5.2,5.1,120,5.25,200,0,19900
BANKNIFTY09JAN2030100PE.NFO,07/01/2020,09:34:38,5.2,5.1,120,5.2,80,20,19900
BANKNIFTY09JAN2030100PE.NFO,07/01/2020,09:34:39,5.2,5.1,280,5.25,200,80,19900
BANKNIFTY09JAN2030100PE.NFO,07/01/2020,09:34:40,5.25,5.1,280,5.25,280,20,19900
BANKNIFTY09JAN2030100PE.NFO,07/01/2020,09:34:42,5.25,5.1,220,5.25,240,40,19900
BANKNIFTY09JAN2030100PE.NFO,07/01/2020,09:34:43,5.25,5.1,220,5.25,300,0,19900
BANKNIFTY09JAN2030100PE.NFO,07/01/2020,09:34:44,5.25,5.15,160,5.25,300,0,19900
BANKNIFTY09JAN2030100PE.NFO,07/01/2020,09:34:45,5.25,5.15,160,5.25,260,40,19900
BANKNIFTY09JAN2030100PE.NFO,07/01/2020,09:34:46,5.25,5.15,160,5.25,180,20,19900
BANKNIFTY09JAN2030100PE.NFO,07/01/2020,09:34:47,5.25,5.15,160,5.25,180,0,19900
BANKNIFTY09JAN2030100PE.NFO,07/01/2020,09:34:49,5.25,5.05,220,5.25,240,0,19900
BANKNIFTY09JAN2030100PE.NFO,07/01/2020,09:34:50,5.25,5.1,220,5.25,180,0,19900
BANKNIFTY09JAN2030100PE.NFO,07/01/2020,09:34:52,5.25,5.1,160,5.25,180,0,19900
BANKNIFTY09JAN2030100PE.NFO,07/01/2020,09:34:53,5.25,5.1,220,5.25,80,100,19900
BANKNIFTY09JAN2030100PE.NFO,07/01/2020,09:34:54,5.25,5.15,60,5.3,200,80,19900
BANKNIFTY09JAN2030100PE.NFO,07/01/2020,09:34:56,5.1,5.15,60,5.3,260,500,19900
BANKNIFTY09JAN2030100PE.NFO,07/01/2020,09:34:57,5.1,5.1,280,5.3,360,0,19900
BANKNIFTY09JAN2030100PE.NFO,07/01/2020,09:34:58,5.3,5.2,160,5.3,20,180,19900
BANKNIFTY09JAN2030100PE.NFO,07/01/2020,09:34:59,5.3,5.15,220,5.25,20,20,19900
BANKNIFTY09JAN2030100PE.NFO,07/01/2020,09:35:01,5.25,5.1,360,5.3,40,20,19900
BANKNIFTY09JAN2030100PE.NFO,07/01/2020,09:35:02,5.25,5.15,200,5.35,200,0,19900
BANKNIFTY09JAN2030100PE.NFO,07/01/2020,09:35:03,5.25,5.15,40,5.25,20,0,19900
BANKNIFTY09JAN2030100PE.NFO,07/01/2020,09:35:04,5.25,5.1,200,5.2,20,0,19900
BANKNIFTY09JAN2030100PE.NFO,07/01/2020,09:35:05,5.25,5.1,200,5.25,160,0,19900
BANKNIFTY09JAN2030100PE.NFO,07/01/2020,09:35:07,5.25,5.1,200,5.25,120,0,19900
BANKNIFTY09JAN2030100PE.NFO,07/01/2020,09:35:08,5.25,5.1,260,5.25,120,0,19900
BANKNIFTY09JAN2030100PE.NFO,07/01/2020,09:35:09,5.25,5.1,260,5.25,260,0,19900
BANKNIFTY09JAN2030100PE.NFO,07/01/2020,09:35:10,5.25,5.1,200,5.25,260,0,19900
BANKNIFTY09JAN2030100PE.NFO,07/01/2020,09:35:12,5.25,5.15,160,5.25,120,0,19900
BANKNIFTY09JAN2030100PE.NFO,07/01/2020,09:35:14,5.25,5.15,200,5.25,120,0,19900
BANKNIFTY09JAN2030100PE.NFO,07/01/2020,09:35:15,5.25,5.15,160,5.25,120,0,19900
BANKNIFTY09JAN2030100PE.NFO,07/01/2020,09:35:19,5.25,5.2,160,5.25,120,0,19900
BANKNIFTY09JAN2030100PE.NFO,07/01/2020,09:35:21,5.25,5.2,200,5.25,120,0,19900
BANKNIFTY09JAN2030100PE.NFO,07/01/2020,09:35:26,5.25,5.2,160,5.25,120,0,19900
BANKNIFTY09JAN2030100PE.NFO,07/01/2020,09:35:28,5.35,5.25,180,5.4,40,340,18220
BANKNIFTY09JAN2030100PE.NFO,07/01/2020,09:35:30,5.35,5.25,180,5.4,40,0,18220
BANKNIFTY09JAN2030100PE.NFO,07/01/2020,09:35:32,5.35,5.3,40,5.45,100,0,18220
BANKNIFTY09JAN2030100PE.NFO,07/01/2020,09:35:33,5.35,5.3,40,5.45,40,0,18220
BANKNIFTY09JAN2030100PE.NFO,07/01/2020,09:35:34,5.3,5.3,140,5.5,40,60,18220
BANKNIFTY09JAN2030100PE.NFO,07/01/2020,09:35:35,5.3,5.25,40,5.45,200,0,18220
BANKNIFTY09JAN2030100PE.NFO,07/01/2020,09:35:36,5.3,5.25,200,5.4,100,0,18220
BANKNIFTY09JAN2030100PE.NFO,07/01/2020,09:35:38,5.3,5.25,260,5.4,260,0,18220
BANKNIFTY09JAN2030100PE.NFO,07/01/2020,09:35:40,5.4,5.35,40,5.5,100,200,18220
BANKNIFTY09JAN2030100PE.NFO,07/01/2020,09:35:41,5.4,5.4,420,5.6,40,20,18220
BANKNIFTY09JAN2030100PE.NFO,07/01/2020,09:35:43,5.4,5.45,200,5.6,160,0,18220
BANKNIFTY09JAN2030100PE.NFO,07/01/2020,09:35:44,5.65,5.6,260,5.85,40,160,18220
BANKNIFTY09JAN2030100PE.NFO,07/01/2020,09:35:45,5.6,5.55,360,5.8,200,640,18220
BANKNIFTY09JAN2030100PE.NFO,07/01/2020,09:35:46,5.55,5.55,200,5.8,300,80,18220
BANKNIFTY09JAN2030100PE.NFO,07/01/2020,09:35:48,5.55,5.5,300,5.75,200,280,18220
BANKNIFTY09JAN2030100PE.NFO,07/01/2020,09:35:49,5.55,5.5,360,5.75,100,0,18220
BANKNIFTY09JAN2030100PE.NFO,07/01/2020,09:35:50,5.5,5.4,260,5.6,220,140,18220
BANKNIFTY09JAN2030100PE.NFO,07/01/2020,09:35:51,5.5,5.4,260,5.55,160,0,18220
BANKNIFTY09JAN2030100PE.NFO,07/01/2020,09:35:53,5.5,5.4,260,5.6,260,0,18220
BANKNIFTY09JAN2030100PE.NFO,07/01/2020,09:35:54,5.4,5.4,240,5.6,260,20,18220
BANKNIFTY09JAN2030100PE.NFO,07/01/2020,09:35:55,5.4,5.4,240,5.6,260,0,18220
BANKNIFTY09JAN2030100PE.NFO,07/01/2020,09:35:56,5.4,5.2,40,5.45,80,0,18220
BANKNIFTY09JAN2030100PE.NFO,07/01/2020,09:35:58,5.4,5.2,200,5.45,240,0,18220
BANKNIFTY09JAN2030100PE.NFO,07/01/2020,09:35:59,5.5,5.25,200,5.5,260,240,18220
BANKNIFTY09JAN2030100PE.NFO,07/01/2020,09:36:00,5.5,5.3,300,5.55,220,0,18220
BANKNIFTY09JAN2030100PE.NFO,07/01/2020,09:36:01,5.5,5.3,200,5.5,220,0,18220
BANKNIFTY09JAN2030100PE.NFO,07/01/2020,09:36:02,5.5,5.3,200,5.55,60,0,18220
BANKNIFTY09JAN2030100PE.NFO,07/01/2020,09:36:04,5.55,5.35,200,5.6,60,20,18220
BANKNIFTY09JAN2030100PE.NFO,07/01/2020,09:36:05,5.55,5.35,200,5.6,220,0,18220
BANKNIFTY09JAN2030100PE.NFO,07/01/2020,09:36:06,5.45,5.35,200,5.55,200,20,18220
BANKNIFTY09JAN2030100PE.NFO,07/01/2020,09:36:10,5.35,5.2,360,5.35,180,80,18220
BANKNIFTY09JAN2030100PE.NFO,07/01/2020,09:36:11,5.35,5.2,360,5.35,180,0,18220
BANKNIFTY09JAN2030100PE.NFO,07/01/2020,09:36:12,5.35,5.2,360,5.4,200,20,18220
BANKNIFTY09JAN2030100PE.NFO,07/01/2020,09:36:13,5.35,5.15,40,5.4,200,0,18220
BANKNIFTY09JAN2030100PE.NFO,07/01/2020,09:36:14,5.35,5.15,200,5.4,200,0,18220
BANKNIFTY09JAN2030100PE.NFO,07/01/2020,09:36:16,5.35,5.2,320,5.5,140,0,18220
BANKNIFTY09JAN2030100PE.NFO,07/01/2020,09:36:17,5.35,5.2,320,5.5,300,0,18220
BANKNIFTY09JAN2030100PE.NFO,07/01/2020,09:36:18,5.35,5.2,320,5.45,20,0,18220
BANKNIFTY09JAN2030100PE.NFO,07/01/2020,09:36:20,5.2,5.2,300,5.45,20,20,18220
BANKNIFTY09JAN2030100PE.NFO,07/01/2020,09:36:22,5.2,5.25,200,5.45,20,0,18220
BANKNIFTY09JAN2030100PE.NFO,07/01/2020,09:36:23,5.45,5.25,60,5.55,300,160,18220
BANKNIFTY09JAN2030100PE.NFO,07/01/2020,09:36:24,5.45,5.35,20,5.55,200,0,18220
BANKNIFTY09JAN2030100PE.NFO,07/01/2020,09:36:25,5.55,5.3,360,5.6,260,80,18220
BANKNIFTY09JAN2030100PE.NFO,07/01/2020,09:36:27,5.6,5.35,260,5.6,80,20,18220
BANKNIFTY09JAN2030100PE.NFO,07/01/2020,09:36:28,5.6,5.3,460,5.6,80,0,18220
BANKNIFTY09JAN2030100PE.NFO,07/01/2020,09:36:29,5.6,5.35,260,5.6,80,0,18220
BANKNIFTY09JAN2030100PE.NFO,07/01/2020,09:36:30,5.6,5.3,460,5.6,40,40,18220
BANKNIFTY09JAN2030100PE.NFO,07/01/2020,09:36:31,5.6,5.35,300,5.65,40,0,18220
BANKNIFTY09JAN2030100PE.NFO,07/01/2020,09:36:33,5.6,5.4,300,5.7,120,0,18220
BANKNIFTY09JAN2030100PE.NFO,07/01/2020,09:36:34,5.45,5.4,360,5.65,100,20,18220
BANKNIFTY09JAN2030100PE.NFO,07/01/2020,09:36:35,5.45,5.4,360,5.6,20,0,18220
BANKNIFTY09JAN2030100PE.NFO,07/01/2020,09:36:40,5.45,5.4,360,5.6,180,0,18220
BANKNIFTY09JAN2030100PE.NFO,07/01/2020,09:36:41,5.45,5.4,360,5.55,20,0,18220
BANKNIFTY09JAN2030100PE.NFO,07/01/2020,09:36:43,5.4,5.35,200,5.55,20,320,18220
BANKNIFTY09JAN2030100PE.NFO,07/01/2020,09:36:44,5.4,5.3,200,5.5,180,0,18220
BANKNIFTY09JAN2030100PE.NFO,07/01/2020,09:36:45,5.4,5.3,40,5.45,20,0,18220
BANKNIFTY09JAN2030100PE.NFO,07/01/2020,09:36:47,5.4,5.35,160,5.45,20,0,18220
BANKNIFTY09JAN2030100PE.NFO,07/01/2020,09:36:49,5.35,5.35,120,5.45,20,40,18220
BANKNIFTY09JAN2030100PE.NFO,07/01/2020,09:36:53,5.35,5.2,360,5.45,180,0,18220
BANKNIFTY09JAN2030100PE.NFO,07/01/2020,09:36:54,5.35,5.3,160,5.4,20,0,18220
BANKNIFTY09JAN2030100PE.NFO,07/01/2020,09:36:59,5.4,5.25,200,5.45,200,20,18220
BANKNIFTY09JAN2030100PE.NFO,07/01/2020,09:37:00,5.45,5.35,140,5.6,200,160,18220
BANKNIFTY09JAN2030100PE.NFO,07/01/2020,09:37:01,5.3,5.3,20,5.55,60,240,18220
BANKNIFTY09JAN2030100PE.NFO,07/01/2020,09:37:03,5.3,5.25,200,5.5,220,0,18220
BANKNIFTY09JAN2030100PE.NFO,07/01/2020,09:37:04,5.3,5.2,40,5.45,180,0,18220
BANKNIFTY09JAN2030100PE.NFO,07/01/2020,09:37:05,5.3,5.15,40,5.4,220,0,18220
BANKNIFTY09JAN2030100PE.NFO,07/01/2020,09:37:06,5.3,5.15,300,5.35,180,0,18220
BANKNIFTY09JAN2030100PE.NFO,07/01/2020,09:37:07,5.3,5.15,300,5.3,20,0,18220
BANKNIFTY09JAN2030100PE.NFO,07/01/2020,09:37:10,5.3,5.25,200,5.5,300,180,18220
BANKNIFTY09JAN2030100PE.NFO,07/01/2020,09:37:11,5.3,5.25,200,5.5,200,0,18220
BANKNIFTY09JAN2030100PE.NFO,07/01/2020,09:37:12,5.3,5.25,360,5.5,200,0,18220
BANKNIFTY09JAN2030100PE.NFO,07/01/2020,09:37:16,5.3,5.3,320,5.5,200,0,18220
BANKNIFTY09JAN2030100PE.NFO,07/01/2020,09:37:17,5.3,5.3,280,5.5,200,40,18220
BANKNIFTY09JAN2030100PE.NFO,07/01/2020,09:37:19,5.3,5.3,160,5.5,200,0,18220
BANKNIFTY09JAN2030100PE.NFO,07/01/2020,09:37:20,5.3,5.25,360,5.5,200,0,18220
BANKNIFTY09JAN2030100PE.NFO,07/01/2020,09:37:24,5.3,5.3,160,5.5,200,0,18220
BANKNIFTY09JAN2030100PE.NFO,07/01/2020,09:37:25,5.5,5.35,220,5.65,200,80,18220
BANKNIFTY09JAN2030100PE.NFO,07/01/2020,09:37:26,5.4,5.35,360,5.6,220,320,18220
BANKNIFTY09JAN2030100PE.NFO,07/01/2020,09:37:27,5.4,5.35,360,5.65,220,0,18220
BANKNIFTY09JAN2030100PE.NFO,07/01/2020,09:37:29,5.4,5.35,360,5.45,180,0,18220
BANKNIFTY09JAN2030100PE.NFO,07/01/2020,09:37:30,5.4,5.35,360,5.5,480,0,18220
BANKNIFTY09JAN2030100PE.NFO,07/01/2020,09:37:35,5.4,5.35,200,5.45,200,0,18220
BANKNIFTY09JAN2030100PE.NFO,07/01/2020,09:37:39,5.4,5.35,360,5.5,180,0,18220
BANKNIFTY09JAN2030100PE.NFO,07/01/2020,09:37:40,5.4,5.35,200,5.45,200,0,18220
BANKNIFTY09JAN2030100PE.NFO,07/01/2020,09:37:42,5.25,5.2,240,5.35,180,360,18220
BANKNIFTY09JAN2030100PE.NFO,07/01/2020,09:37:43,5.25,5.2,40,5.35,180,0,18220
BANKNIFTY09JAN2030100PE.NFO,07/01/2020,09:37:45,5.35,5.25,160,5.4,220,20,18220
BANKNIFTY09JAN2030100PE.NFO,07/01/2020,09:37:46,5.3,5.3,280,5.5,220,40,18220
BANKNIFTY09JAN2030100PE.NFO,07/01/2020,09:37:47,5.3,5.3,280,5.5,220,0,18220
BANKNIFTY09JAN2030100PE.NFO,07/01/2020,09:37:48,5.3,5.3,260,5.5,220,20,18220
BANKNIFTY09JAN2030100PE.NFO,07/01/2020,09:37:49,5.3,5.3,260,5.5,380,0,18220
BANKNIFTY09JAN2030100PE.NFO,07/01/2020,09:37:51,5.3,5.3,160,5.5,380,0,18220
BANKNIFTY09JAN2030100PE.NFO,07/01/2020,09:37:52,5.3,5.3,220,5.5,220,0,18220
BANKNIFTY09JAN2030100PE.NFO,07/01/2020,09:37:54,5.3,5.3,360,5.5,220,0,18220
BANKNIFTY09JAN2030100PE.NFO,07/01/2020,09:37:55,5.3,5.3,360,5.5,380,0,18220
BANKNIFTY09JAN2030100PE.NFO,07/01/2020,09:37:57,5.3,5.3,340,5.5,220,20,18220
BANKNIFTY09JAN2030100PE.NFO,07/01/2020,09:37:58,5.3,5.3,280,5.5,220,60,18220
BANKNIFTY09JAN2030100PE.NFO,07/01/2020,09:37:59,5.3,5.3,280,5.5,200,0,18220
BANKNIFTY09JAN2030100PE.NFO,07/01/2020,09:38:00,5.35,5.25,200,5.55,220,40,18220
BANKNIFTY09JAN2030100PE.NFO,07/01/2020,09:38:02,5.3,5.25,300,5.55,60,20,18220
BANKNIFTY09JAN2030100PE.NFO,07/01/2020,09:38:03,5.3,5.25,200,5.55,40,180,18220
BANKNIFTY09JAN2030100PE.NFO,07/01/2020,09:38:04,5.3,5.25,200,5.5,140,0,18220
BANKNIFTY09JAN2030100PE.NFO,07/01/2020,09:38:05,5.3,5.3,320,5.55,40,0,18220
BANKNIFTY09JAN2030100PE.NFO,07/01/2020,09:38:06,5.3,5.3,300,5.55,40,20,18220
BANKNIFTY09JAN2030100PE.NFO,07/01/2020,09:38:08,5.3,5.15,400,5.4,100,300,18220
BANKNIFTY09JAN2030100PE.NFO,07/01/2020,09:38:09,5.3,5.15,400,5.4,500,0,18220
BANKNIFTY09JAN2030100PE.NFO,07/01/2020,09:38:10,5.4,5.3,160,5.4,460,40,18220
BANKNIFTY09JAN2030100PE.NFO,07/01/2020,09:38:11,5.4,5.3,160,5.4,460,0,18220
BANKNIFTY09JAN2030100PE.NFO,07/01/2020,09:38:15,5.3,5.3,60,5.4,420,140,17980
BANKNIFTY09JAN2030100PE.NFO,07/01/2020,09:38:16,5.3,5.2,200,5.4,420,100,17980
BANKNIFTY09JAN2030100PE.NFO,07/01/2020,09:38:17,5.3,5.1,320,5.3,760,0,17980
BANKNIFTY09JAN2030100PE.NFO,07/01/2020,09:38:18,5.3,5.1,320,5.3,680,80,17980
BANKNIFTY09JAN2030100PE.NFO,07/01/2020,09:38:20,5.3,5.2,160,5.3,520,0,17980
BANKNIFTY09JAN2030100PE.NFO,07/01/2020,09:38:21,5.3,5.2,160,5.3,360,160,17980
BANKNIFTY09JAN2030100PE.NFO,07/01/2020,09:38:22,5.2,5.15,220,5.3,360,200,17980
BANKNIFTY09JAN2030100PE.NFO,07/01/2020,09:38:23,5.2,5.15,60,5.3,360,0,17980
BANKNIFTY09JAN2030100PE.NFO,07/01/2020,09:38:25,5.3,5.15,60,5.3,500,20,17980
BANKNIFTY09JAN2030100PE.NFO,07/01/2020,09:38:26,5.3,5.15,220,5.3,480,20,17980
BANKNIFTY09JAN2030100PE.NFO,07/01/2020,09:38:27,5.3,5.2,80,5.3,320,0,17980
BANKNIFTY09JAN2030100PE.NFO,07/01/2020,09:38:29,5.3,5.15,300,5.3,480,0,17980
BANKNIFTY09JAN2030100PE.NFO,07/01/2020,09:38:31,5.3,5.15,380,5.3,460,300,17980
BANKNIFTY09JAN2030100PE.NFO,07/01/2020,09:38:32,5.3,5.15,60,5.3,460,0,17980
BANKNIFTY09JAN2030100PE.NFO,07/01/2020,09:38:33,5.3,5.1,600,5.3,460,0,17980
BANKNIFTY09JAN2030100PE.NFO,07/01/2020,09:38:34,5.05,5.15,160,5.3,460,1020,17980
BANKNIFTY09JAN2030100PE.NFO,07/01/2020,09:38:35,5.1,5.1,180,5.3,460,200,17980
BANKNIFTY09JAN2030100PE.NFO,07/01/2020,09:38:37,5.1,5.1,180,5.3,460,0,17980
BANKNIFTY09JAN2030100PE.NFO,07/01/2020,09:38:38,5.2,5.15,60,5.3,460,200,17980
BANKNIFTY09JAN2030100PE.NFO,07/01/2020,09:38:39,5.3,5.25,40,5.35,280,340,17980
BANKNIFTY09JAN2030100PE.NFO,07/01/2020,09:38:40,5.3,5.25,40,5.35,280,0,17980
BANKNIFTY09JAN2030100PE.NFO,07/01/2020,09:38:42,5.25,5.25,40,5.4,420,220,17980
BANKNIFTY09JAN2030100PE.NFO,07/01/2020,09:38:43,5.4,5.35,160,5.4,20,400,17980
BANKNIFTY09JAN2030100PE.NFO,07/01/2020,09:38:44,5.4,5.35,260,5.55,60,0,17980
BANKNIFTY09JAN2030100PE.NFO,07/01/2020,09:38:46,5.6,5.4,160,5.65,80,160,17980
BANKNIFTY09JAN2030100PE.NFO,07/01/2020,09:38:47,5.4,5.4,160,5.65,80,20,17980
BANKNIFTY09JAN2030100PE.NFO,07/01/2020,09:38:48,5.4,5.4,80,5.65,80,80,17980
BANKNIFTY09JAN2030100PE.NFO,07/01/2020,09:38:49,5.4,5.4,120,5.6,140,0,17980
BANKNIFTY09JAN2030100PE.NFO,07/01/2020,09:38:51,5.4,5.4,60,5.6,300,0,17980
BANKNIFTY09JAN2030100PE.NFO,07/01/2020,09:38:52,5.4,5.35,280,5.6,300,0,17980
BANKNIFTY09JAN2030100PE.NFO,07/01/2020,09:38:53,5.4,5.35,280,5.6,140,0,17980
BANKNIFTY09JAN2030100PE.NFO,07/01/2020,09:38:54,5.4,5.35,280,5.6,80,0,17980
BANKNIFTY09JAN2030100PE.NFO,07/01/2020,09:38:55,5.4,5.35,260,5.6,80,0,17980
BANKNIFTY09JAN2030100PE.NFO,07/01/2020,09:38:58,5.35,5.35,220,5.6,80,40,17980
BANKNIFTY09JAN2030100PE.NFO,07/01/2020,09:38:59,5.35,5.35,220,5.6,240,0,17980
BANKNIFTY09JAN2030100PE.NFO,07/01/2020,09:39:03,5.35,5.35,60,5.6,240,0,17980
BANKNIFTY09JAN2030100PE.NFO,07/01/2020,09:39:04,5.35,5.35,100,5.6,240,0,17980
BANKNIFTY09JAN2030100PE.NFO,07/01/2020,09:39:05,5.35,5.35,100,5.6,80,0,17980
BANKNIFTY09JAN2030100PE.NFO,07/01/2020,09:39:12,5.4,5.3,40,5.6,240,100,17980
BANKNIFTY09JAN2030100PE.NFO,07/01/2020,09:39:13,5.5,5.3,20,5.55,280,140,17980
BANKNIFTY09JAN2030100PE.NFO,07/01/2020,09:39:14,5.5,5.3,60,5.55,280,0,17980
BANKNIFTY09JAN2030100PE.NFO,07/01/2020,09:39:16,5.5,5.3,20,5.5,220,0,17980
BANKNIFTY09JAN2030100PE.NFO,07/01/2020,09:39:17,5.5,5.25,60,5.5,220,0,17980
BANKNIFTY09JAN2030100PE.NFO,07/01/2020,09:39:18,5.5,5.25,60,5.5,60,0,17980
BANKNIFTY09JAN2030100PE.NFO,07/01/2020,09:39:19,5.5,5.25,60,5.5,200,40,17980
BANKNIFTY09JAN2030100PE.NFO,07/01/2020,09:39:20,5.5,5.25,60,5.5,200,20,17980
BANKNIFTY09JAN2030100PE.NFO,07/01/2020,09:39:21,5.5,5.25,20,5.5,200,0,17980
BANKNIFTY09JAN2030100PE.NFO,07/01/2020,09:39:24,5.5,5.25,20,5.45,240,0,17980
BANKNIFTY09JAN2030100PE.NFO,07/01/2020,09:39:25,5.5,5.2,60,5.45,240,0,17980
BANKNIFTY09JAN2030100PE.NFO,07/01/2020,09:39:26,5.5,5.2,100,5.45,240,0,17980
BANKNIFTY09JAN2030100PE.NFO,07/01/2020,09:39:28,5.45,5.2,60,5.45,220,20,17980
BANKNIFTY09JAN2030100PE.NFO,07/01/2020,09:39:29,5.45,5.2,60,5.45,220,0,17980
BANKNIFTY09JAN2030100PE.NFO,07/01/2020,09:39:30,5.45,5.2,100,5.45,220,0,17980
BANKNIFTY09JAN2030100PE.NFO,07/01/2020,09:39:34,5.45,5.2,100,5.45,180,40,17980
BANKNIFTY09JAN2030100PE.NFO,07/01/2020,09:39:35,5.45,5.2,100,5.45,180,0,17980
BANKNIFTY09JAN2030100PE.NFO,07/01/2020,09:39:36,5.45,5.2,60,5.45,180,0,17980
BANKNIFTY09JAN2030100PE.NFO,07/01/2020,09:39:37,5.45,5.2,100,5.45,180,0,17980
BANKNIFTY09JAN2030100PE.NFO,07/01/2020,09:39:39,5.45,5.3,20,5.6,280,40,17980
BANKNIFTY09JAN2030100PE.NFO,07/01/2020,09:39:40,5.45,5.3,120,5.6,200,0,17980
BANKNIFTY09JAN2030100PE.NFO,07/01/2020,09:39:41,5.45,5.3,60,5.6,200,0,17980
BANKNIFTY09JAN2030100PE.NFO,07/01/2020,09:39:42,5.3,5.25,100,5.6,280,100,17980
BANKNIFTY09JAN2030100PE.NFO,07/01/2020,09:39:43,5.3,5.25,100,5.55,260,0,17980
BANKNIFTY09JAN2030100PE.NFO,07/01/2020,09:39:45,5.3,5.25,260,5.45,260,0,17980
BANKNIFTY09JAN2030100PE.NFO,07/01/2020,09:39:47,5.3,5.2,40,5.45,260,0,17980
BANKNIFTY09JAN2030100PE.NFO,07/01/2020,09:39:48,5.3,5.2,200,5.45,260,0,17980
BANKNIFTY09JAN2030100PE.NFO,07/01/2020,09:39:50,5.45,5.2,200,5.45,200,400,17980
BANKNIFTY09JAN2030100PE.NFO,07/01/2020,09:39:51,5.45,5.2,200,5.45,200,0,17980
BANKNIFTY09JAN2030100PE.NFO,07/01/2020,09:39:52,5.45,5.2,360,5.45,200,0,17980
BANKNIFTY09JAN2030100PE.NFO,07/01/2020,09:39:53,5.45,5.2,460,5.5,180,0,17980
BANKNIFTY09JAN2030100PE.NFO,07/01/2020,09:39:55,5.45,5.25,260,5.5,180,0,17980
BANKNIFTY09JAN2030100PE.NFO,07/01/2020,09:39:56,5.45,5.2,560,5.5,340,0,17980
BANKNIFTY09JAN2030100PE.NFO,07/01/2020,09:39:57,5.5,5.3,180,5.6,200,200,17980
BANKNIFTY09JAN2030100PE.NFO,07/01/2020,09:39:58,5.5,5.35,260,5.6,200,0,17980
BANKNIFTY09JAN2030100PE.NFO,07/01/2020,09:39:59,5.5,5.3,300,5.6,200,0,17980
BANKNIFTY09JAN2030100PE.NFO,07/01/2020,09:40:01,5.5,5.4,180,5.6,40,0,17980
BANKNIFTY09JAN2030100PE.NFO,07/01/2020,09:40:02,5.5,5.4,160,5.6,200,0,17980
BANKNIFTY09JAN2030100PE.NFO,07/01/2020,09:40:03,5.4,5.3,300,5.6,200,80,17980
BANKNIFTY09JAN2030100PE.NFO,07/01/2020,09:40:04,5.4,5.25,40,5.6,360,0,17980
BANKNIFTY09JAN2030100PE.NFO,07/01/2020,09:40:05,5.4,5.25,40,5.55,460,0,17980
BANKNIFTY09JAN2030100PE.NFO,07/01/2020,09:40:06,5.4,5.2,140,5.5,400,0,17980
BANKNIFTY09JAN2030100PE.NFO,07/01/2020,09:40:07,5.4,5.15,340,5.4,180,0,17980
BANKNIFTY09JAN2030100PE.NFO,07/01/2020,09:40:09,5.4,5.15,340,5.45,320,0,17980
BANKNIFTY09JAN2030100PE.NFO,07/01/2020,09:40:10,5.4,5.2,60,5.45,220,60,17980
BANKNIFTY09JAN2030100PE.NFO,07/01/2020,09:40:11,5.4,5.2,60,5.45,220,0,17980
BANKNIFTY09JAN2030100PE.NFO,07/01/2020,09:40:14,5.4,5.25,60,5.45,220,0,17980
BANKNIFTY09JAN2030100PE.NFO,07/01/2020,09:40:15,5.4,5.25,120,5.5,220,0,17980
BANKNIFTY09JAN2030100PE.NFO,07/01/2020,09:40:17,5.4,5.35,60,5.5,560,0,17980
BANKNIFTY09JAN2030100PE.NFO,07/01/2020,09:40:21,5.35,5.3,220,5.5,560,60,17980
BANKNIFTY09JAN2030100PE.NFO,07/01/2020,09:40:22,5.35,5.3,220,5.5,400,0,17980
BANKNIFTY09JAN2030100PE.NFO,07/01/2020,09:40:26,5.35,5.3,220,5.5,560,0,17980
BANKNIFTY09JAN2030100PE.NFO,07/01/2020,09:40:27,5.35,5.25,380,5.5,560,0,17980
BANKNIFTY09JAN2030100PE.NFO,07/01/2020,09:40:32,5.5,5.25,380,5.5,360,40,17980
BANKNIFTY09JAN2030100PE.NFO,07/01/2020,09:40:33,5.5,5.3,300,5.5,360,0,17980
BANKNIFTY09JAN2030100PE.NFO,07/01/2020,09:40:34,5.5,5.3,380,5.5,520,0,17980
BANKNIFTY09JAN2030100PE.NFO,07/01/2020,09:40:35,5.5,5.3,380,5.5,360,0,17980
BANKNIFTY09JAN2030100PE.NFO,07/01/2020,09:40:38,5.5,5.3,380,5.5,520,0,17980
BANKNIFTY09JAN2030100PE.NFO,07/01/2020,09:40:40,5.5,5.3,160,5.5,520,0,17980
BANKNIFTY09JAN2030100PE.NFO,07/01/2020,09:40:41,5.5,5.3,420,5.5,360,0,17980
BANKNIFTY09JAN2030100PE.NFO,07/01/2020,09:40:43,5.5,5.3,420,5.5,520,0,17980
BANKNIFTY09JAN2030100PE.NFO,07/01/2020,09:40:44,5.5,5.3,360,5.5,360,0,17980
BANKNIFTY09JAN2030100PE.NFO,07/01/2020,09:40:45,5.5,5.3,360,5.5,420,0,17980
BANKNIFTY09JAN2030100PE.NFO,07/01/2020,09:40:48,5.5,5.3,360,5.5,360,0,17980
BANKNIFTY09JAN2030100PE.NFO,07/01/2020,09:40:49,5.5,5.3,360,5.5,420,0,17980
BANKNIFTY09JAN2030100PE.NFO,07/01/2020,09:40:52,5.5,5.3,360,5.5,580,0,17980
BANKNIFTY09JAN2030100PE.NFO,07/01/2020,09:40:57,5.5,5.3,520,5.5,580,0,17980
BANKNIFTY09JAN2030100PE.NFO,07/01/2020,09:40:59,5.5,5.35,160,5.5,360,0,17980
BANKNIFTY09JAN2030100PE.NFO,07/01/2020,09:41:01,5.5,5.35,160,5.5,520,0,17980
BANKNIFTY09JAN2030100PE.NFO,07/01/2020,09:41:02,5.5,5.35,160,5.5,360,0,17980
BANKNIFTY09JAN2030100PE.NFO,07/01/2020,09:41:03,5.5,5.3,360,5.5,360,0,17980
BANKNIFTY09JAN2030100PE.NFO,07/01/2020,09:41:05,5.5,5.3,440,5.5,360,0,17980
BANKNIFTY09JAN2030100PE.NFO,07/01/2020,09:41:07,5.5,5.3,440,5.5,420,0,17980
BANKNIFTY09JAN2030100PE.NFO,07/01/2020,09:41:08,5.5,5.3,600,5.5,360,0,17980
BANKNIFTY09JAN2030100PE.NFO,07/01/2020,09:41:12,5.5,5.3,360,5.5,520,0,17980
BANKNIFTY09JAN2030100PE.NFO,07/01/2020,09:41:13,5.5,5.3,360,5.5,580,0,17980
BANKNIFTY09JAN2030100PE.NFO,07/01/2020,09:41:16,5.5,5.3,200,5.5,580,0,17980
BANKNIFTY09JAN2030100PE.NFO,07/01/2020,09:41:22,5.5,5.3,360,5.5,580,0,17980
BANKNIFTY09JAN2030100PE.NFO,07/01/2020,09:41:24,5.3,5.3,320,5.5,420,40,16820
BANKNIFTY09JAN2030100PE.NFO,07/01/2020,09:41:25,5.3,5.3,400,5.5,580,0,16820
BANKNIFTY09JAN2030100PE.NFO,07/01/2020,09:41:28,5.5,5.3,400,5.5,560,20,16820
BANKNIFTY09JAN2030100PE.NFO,07/01/2020,09:41:29,5.3,5.25,340,5.5,560,360,16820
BANKNIFTY09JAN2030100PE.NFO,07/01/2020,09:41:30,5.5,5.25,340,5.5,480,80,16820
BANKNIFTY09JAN2030100PE.NFO,07/01/2020,09:41:31,5.5,5.3,80,5.5,220,0,16820
BANKNIFTY09JAN2030100PE.NFO,07/01/2020,09:41:32,5.5,5.3,20,5.5,220,0,16820
BANKNIFTY09JAN2030100PE.NFO,07/01/2020,09:41:33,5.5,5.25,60,5.5,220,0,16820
BANKNIFTY09JAN2030100PE.NFO,07/01/2020,09:41:35,5.5,5.25,60,5.45,240,0,16820
BANKNIFTY09JAN2030100PE.NFO,07/01/2020,09:41:37,5.5,5.25,220,5.45,180,0,16820
BANKNIFTY09JAN2030100PE.NFO,07/01/2020,09:41:38,5.5,5.25,220,5.45,240,0,16820
BANKNIFTY09JAN2030100PE.NFO,07/01/2020,09:41:41,5.5,5.25,160,5.4,900,0,16820
BANKNIFTY09JAN2030100PE.NFO,07/01/2020,09:41:42,5.5,5.25,160,5.4,1060,0,16820
BANKNIFTY09JAN2030100PE.NFO,07/01/2020,09:41:43,5.5,5.25,160,5.4,1120,0,16820
BANKNIFTY09JAN2030100PE.NFO,07/01/2020,09:41:45,5.4,5.25,160,5.4,1020,40,16820
BANKNIFTY09JAN2030100PE.NFO,07/01/2020,09:41:46,5.4,5.3,400,5.4,1020,0,16820
BANKNIFTY09JAN2030100PE.NFO,07/01/2020,09:41:49,5.35,5.3,380,5.4,920,180,16820
BANKNIFTY09JAN2030100PE.NFO,07/01/2020,09:41:51,5.35,5.3,380,5.4,920,0,16820
BANKNIFTY09JAN2030100PE.NFO,07/01/2020,09:41:56,5.35,5.3,380,5.4,980,0,16820
BANKNIFTY09JAN2030100PE.NFO,07/01/2020,09:41:57,5.35,5.3,380,5.4,760,0,16820
BANKNIFTY09JAN2030100PE.NFO,07/01/2020,09:42:02,5.4,5.35,60,5.4,620,140,16820
BANKNIFTY09JAN2030100PE.NFO,07/01/2020,09:42:03,5.4,5.35,80,5.4,620,0,16820
BANKNIFTY09JAN2030100PE.NFO,07/01/2020,09:42:04,5.4,5.3,600,5.4,620,0,16820
BANKNIFTY09JAN2030100PE.NFO,07/01/2020,09:42:07,5.4,5.35,120,5.4,620,0,16820
BANKNIFTY09JAN2030100PE.NFO,07/01/2020,09:42:08,5.4,5.3,380,5.4,780,0,16820
BANKNIFTY09JAN2030100PE.NFO,07/01/2020,09:42:11,5.4,5.3,380,5.4,620,0,16820
BANKNIFTY09JAN2030100PE.NFO,07/01/2020,09:42:15,5.4,5.3,380,5.4,560,60,16820
BANKNIFTY09JAN2030100PE.NFO,07/01/2020,09:42:16,5.4,5.3,380,5.4,560,0,16820
BANKNIFTY09JAN2030100PE.NFO,07/01/2020,09:42:18,5.4,5.3,380,5.35,60,0,16820
BANKNIFTY09JAN2030100PE.NFO,07/01/2020,09:42:20,5.4,5.3,380,5.4,560,0,16820
BANKNIFTY09JAN2030100PE.NFO,07/01/2020,09:42:22,5.3,5.2,60,5.35,220,380,16820
BANKNIFTY09JAN2030100PE.NFO,07/01/2020,09:42:23,5.3,5.15,300,5.3,200,80,16820
BANKNIFTY09JAN2030100PE.NFO,07/01/2020,09:42:24,5.3,5.15,300,5.3,200,0,16820
BANKNIFTY09JAN2030100PE.NFO,07/01/2020,09:42:31,5.3,5.15,300,5.35,220,0,16820
BANKNIFTY09JAN2030100PE.NFO,07/01/2020,09:42:33,5.3,5.15,300,5.35,220,100,16820
BANKNIFTY09JAN2030100PE.NFO,07/01/2020,09:42:34,5.3,5.15,300,5.35,220,0,16820
BANKNIFTY09JAN2030100PE.NFO,07/01/2020,09:42:36,5.3,5.15,300,5.35,280,0,16820
BANKNIFTY09JAN2030100PE.NFO,07/01/2020,09:42:37,5.3,5.15,300,5.35,220,0,16820
BANKNIFTY09JAN2030100PE.NFO,07/01/2020,09:42:47,5.3,5.15,360,5.35,220,0,16820
BANKNIFTY09JAN2030100PE.NFO,07/01/2020,09:42:49,5.3,5.15,360,5.4,780,0,16820
BANKNIFTY09JAN2030100PE.NFO,07/01/2020,09:42:50,5.3,5.2,140,5.4,720,0,16820
BANKNIFTY09JAN2030100PE.NFO,07/01/2020,09:42:52,5.3,5.2,300,5.4,720,0,16820
BANKNIFTY09JAN2030100PE.NFO,07/01/2020,09:42:53,5.3,5.2,320,5.4,720,0,16820
BANKNIFTY09JAN2030100PE.NFO,07/01/2020,09:42:54,5.3,5.2,420,5.4,720,0,16820
BANKNIFTY09JAN2030100PE.NFO,07/01/2020,09:42:56,5.4,5.25,160,5.4,700,20,16820
BANKNIFTY09JAN2030100PE.NFO,07/01/2020,09:42:57,5.4,5.25,220,5.4,700,0,16820
BANKNIFTY09JAN2030100PE.NFO,07/01/2020,09:42:58,5.4,5.25,160,5.4,700,0,16820
BANKNIFTY09JAN2030100PE.NFO,07/01/2020,09:43:00,5.4,5.25,260,5.4,700,0,16820
BANKNIFTY09JAN2030100PE.NFO,07/01/2020,09:43:02,5.4,5.3,100,5.4,700,0,16820
BANKNIFTY09JAN2030100PE.NFO,07/01/2020,09:43:03,5.4,5.3,160,5.4,540,0,16820
BANKNIFTY09JAN2030100PE.NFO,07/01/2020,09:43:04,5.4,5.3,220,5.4,540,0,16820
BANKNIFTY09JAN2030100PE.NFO,07/01/2020,09:43:08,5.45,5.3,180,5.5,120,560,16820
BANKNIFTY09JAN2030100PE.NFO,07/01/2020,09:43:09,5.45,5.3,180,5.5,120,0,16820
BANKNIFTY09JAN2030100PE.NFO,07/01/2020,09:43:11,5.45,5.3,180,5.5,60,0,16820
BANKNIFTY09JAN2030100PE.NFO,07/01/2020,09:43:12,5.45,5.3,240,5.5,120,0,16820
BANKNIFTY09JAN2030100PE.NFO,07/01/2020,09:43:15,5.45,5.3,180,5.5,120,0,16820
BANKNIFTY09JAN2030100PE.NFO,07/01/2020,09:43:18,5.45,5.3,160,5.5,120,0,16820
BANKNIFTY09JAN2030100PE.NFO,07/01/2020,09:43:19,5.45,5.3,320,5.5,60,0,16820
BANKNIFTY09JAN2030100PE.NFO,07/01/2020,09:43:21,5.45,5.3,340,5.55,60,0,16820
BANKNIFTY09JAN2030100PE.NFO,07/01/2020,09:43:22,5.45,5.3,340,5.55,220,0,16820
BANKNIFTY09JAN2030100PE.NFO,07/01/2020,09:43:23,5.45,5.3,340,5.55,60,0,16820
BANKNIFTY09JAN2030100PE.NFO,07/01/2020,09:43:25,5.45,5.35,60,5.6,80,0,16820
BANKNIFTY09JAN2030100PE.NFO,07/01/2020,09:43:27,5.45,5.35,80,5.6,80,0,16820
BANKNIFTY09JAN2030100PE.NFO,07/01/2020,09:43:29,5.45,5.35,80,5.6,240,0,16820
BANKNIFTY09JAN2030100PE.NFO,07/01/2020,09:43:31,5.45,5.35,80,5.6,180,0,16820
BANKNIFTY09JAN2030100PE.NFO,07/01/2020,09:43:33,5.45,5.35,140,5.6,180,0,16820
BANKNIFTY09JAN2030100PE.NFO,07/01/2020,09:43:34,5.45,5.35,240,5.6,180,0,16820
BANKNIFTY09JAN2030100PE.NFO,07/01/2020,09:43:38,5.45,5.35,80,5.6,240,0,16820
BANKNIFTY09JAN2030100PE.NFO,07/01/2020,09:43:39,5.6,5.35,80,5.6,220,20,16820
BANKNIFTY09JAN2030100PE.NFO,07/01/2020,09:43:41,5.6,5.4,120,5.65,220,0,16820
BANKNIFTY09JAN2030100PE.NFO,07/01/2020,09:43:42,5.6,5.4,20,5.65,220,0,16820
BANKNIFTY09JAN2030100PE.NFO,07/01/2020,09:43:44,5.6,5.35,240,5.65,220,0,16820
BANKNIFTY09JAN2030100PE.NFO,07/01/2020,09:43:45,5.6,5.4,100,5.65,380,0,16820
BANKNIFTY09JAN2030100PE.NFO,07/01/2020,09:43:46,5.6,5.35,240,5.65,380,0,16820
BANKNIFTY09JAN2030100PE.NFO,07/01/2020,09:43:47,5.6,5.4,100,5.65,380,0,16820
BANKNIFTY09JAN2030100PE.NFO,07/01/2020,09:43:48,5.6,5.4,20,5.65,380,0,16820
BANKNIFTY09JAN2030100PE.NFO,07/01/2020,09:43:49,5.6,5.4,100,5.65,380,0,16820
BANKNIFTY09JAN2030100PE.NFO,07/01/2020,09:43:51,5.6,5.35,160,5.65,380,0,16820
BANKNIFTY09JAN2030100PE.NFO,07/01/2020,09:43:52,5.6,5.45,20,5.65,220,0,16820
BANKNIFTY09JAN2030100PE.NFO,07/01/2020,09:43:53,5.6,5.4,20,5.65,380,0,16820
BANKNIFTY09JAN2030100PE.NFO,07/01/2020,09:43:54,5.6,5.4,100,5.65,380,0,16820
BANKNIFTY09JAN2030100PE.NFO,07/01/2020,09:43:55,5.6,5.4,120,5.65,440,0,16820
BANKNIFTY09JAN2030100PE.NFO,07/01/2020,09:43:58,5.6,5.35,120,5.6,300,0,16820
BANKNIFTY09JAN2030100PE.NFO,07/01/2020,09:44:00,5.6,5.35,60,5.6,300,0,16820
BANKNIFTY09JAN2030100PE.NFO,07/01/2020,09:44:03,5.6,5.35,100,5.6,400,0,16820
BANKNIFTY09JAN2030100PE.NFO,07/01/2020,09:44:04,5.6,5.3,320,5.5,240,0,16820
BANKNIFTY09JAN2030100PE.NFO,07/01/2020,09:44:05,5.6,5.3,180,5.5,80,0,16820
BANKNIFTY09JAN2030100PE.NFO,07/01/2020,09:44:06,5.6,5.3,240,5.5,80,0,16820
BANKNIFTY09JAN2030100PE.NFO,07/01/2020,09:44:07,5.6,5.3,180,5.5,80,0,16820
BANKNIFTY09JAN2030100PE.NFO,07/01/2020,09:44:09,5.6,5.3,240,5.5,80,0,16820
BANKNIFTY09JAN2030100PE.NFO,07/01/2020,09:44:12,5.6,5.3,180,5.5,80,0,16820
BANKNIFTY09JAN2030100PE.NFO,07/01/2020,09:44:14,5.6,5.3,120,5.45,80,0,16820
BANKNIFTY09JAN2030100PE.NFO,07/01/2020,09:44:16,5.6,5.3,120,5.45,240,0,16820
BANKNIFTY09JAN2030100PE.NFO,07/01/2020,09:44:18,5.6,5.3,120,5.4,80,0,16820
BANKNIFTY09JAN2030100PE.NFO,07/01/2020,09:44:19,5.6,5.3,120,5.45,300,0,16820
BANKNIFTY09JAN2030100PE.NFO,07/01/2020,09:44:20,5.6,5.3,100,5.45,240,0,16820
BANKNIFTY09JAN2030100PE.NFO,07/01/2020,09:44:21,5.6,5.3,100,5.45,300,0,16820
BANKNIFTY09JAN2030100PE.NFO,07/01/2020,09:44:27,5.6,5.3,100,5.45,240,0,16820
BANKNIFTY09JAN2030100PE.NFO,07/01/2020,09:44:28,5.6,5.3,160,5.45,240,0,16820
BANKNIFTY09JAN2030100PE.NFO,07/01/2020,09:44:30,5.6,5.3,100,5.45,240,0,16820
BANKNIFTY09JAN2030100PE.NFO,07/01/2020,09:44:32,5.6,5.3,100,5.45,300,0,16820
BANKNIFTY09JAN2030100PE.NFO,07/01/2020,09:44:33,5.6,5.3,100,5.35,80,0,16820
BANKNIFTY09JAN2030100PE.NFO,07/01/2020,09:44:40,5.4,5.3,100,5.4,140,20,16120
BANKNIFTY09JAN2030100PE.NFO,07/01/2020,09:44:41,5.4,5.3,100,5.4,140,0,16120
BANKNIFTY09JAN2030100PE.NFO,07/01/2020,09:44:42,5.4,5.3,100,5.4,200,0,16120
BANKNIFTY09JAN2030100PE.NFO,07/01/2020,09:44:44,5.4,5.3,160,5.4,80,0,16120
BANKNIFTY09JAN2030100PE.NFO,07/01/2020,09:44:46,5.4,5.3,100,5.4,80,0,16120
BANKNIFTY09JAN2030100PE.NFO,07/01/2020,09:44:47,5.4,5.3,160,5.4,80,0,16120
BANKNIFTY09JAN2030100PE.NFO,07/01/2020,09:44:53,5.4,5.3,100,5.4,120,60,16120
BANKNIFTY09JAN2030100PE.NFO,07/01/2020,09:44:54,5.35,5.3,100,5.4,260,80,16120
BANKNIFTY09JAN2030100PE.NFO,07/01/2020,09:44:55,5.35,5.3,100,5.4,100,0,16120
BANKNIFTY09JAN2030100PE.NFO,07/01/2020,09:44:56,5.35,5.3,100,5.4,180,0,16120
BANKNIFTY09JAN2030100PE.NFO,07/01/2020,09:44:57,5.35,5.3,100,5.4,100,0,16120
BANKNIFTY09JAN2030100PE.NFO,07/01/2020,09:45:00,5.3,5.25,140,5.4,200,120,16120
