Ticker,Date,Time,LTP,BuyPrice,BuyQty,SellPrice,SellQty,LTQ,OpenInterest
BANKNIFTY30JAN2033500PE.NFO,07/01/2020,09:15:21,1815,1736.75,20,1823.1,20,20,13440
BANKNIFTY30JAN2033500PE.NFO,07/01/2020,09:15:21,1815,1736.75,20,1823.1,20,0,13440
BANKNIFTY30JAN2033500PE.NFO,07/01/2020,09:15:21,1815,1736.75,20,1823.1,20,0,13440
BANKNIFTY30JAN2033500PE.NFO,07/01/2020,09:15:21,1815,1736.75,20,1823.1,20,0,13440
BANKNIFTY30JAN2033500PE.NFO,07/01/2020,09:15:22,1815,1761,40,1822.8,100,0,13440
BANKNIFTY30JAN2033500PE.NFO,07/01/2020,09:15:23,1815,1762.75,20,1819.45,20,0,13440
BANKNIFTY30JAN2033500PE.NFO,07/01/2020,09:15:24,1815,1747.5,20,1817.55,20,0,13440
BANKNIFTY30JAN2033500PE.NFO,07/01/2020,09:15:25,1815,1747.65,20,1817.3,20,0,13440
BANKNIFTY30JAN2033500PE.NFO,07/01/2020,09:15:27,1815,1757.1,40,1812.7,20,0,13440
BANKNIFTY30JAN2033500PE.NFO,07/01/2020,09:15:28,1815,1757.35,40,1811.25,20,0,13440
BANKNIFTY30JAN2033500PE.NFO,07/01/2020,09:15:28,1815,1758.05,20,1811.1,20,0,13440
BANKNIFTY30JAN2033500PE.NFO,07/01/2020,09:15:30,1815,1768,40,1835.65,20,0,13440
BANKNIFTY30JAN2033500PE.NFO,07/01/2020,09:15:30,1815,1768.05,20,1825.2,20,0,13440
BANKNIFTY30JAN2033500PE.NFO,07/01/2020,09:15:32,1815,1768.5,40,1817.45,100,0,13440
BANKNIFTY30JAN2033500PE.NFO,07/01/2020,09:15:32,1815,1769.15,20,1811.05,20,0,13440
BANKNIFTY30JAN2033500PE.NFO,07/01/2020,09:15:34,1815,1759.4,20,1805,100,0,13440
BANKNIFTY30JAN2033500PE.NFO,07/01/2020,09:15:35,1815,1759.5,20,1807.95,20,0,13440
BANKNIFTY30JAN2033500PE.NFO,07/01/2020,09:15:36,1815,1759.7,40,1808.2,20,0,13440
BANKNIFTY30JAN2033500PE.NFO,07/01/2020,09:15:37,1815,1737.15,20,1801.75,20,0,13440
BANKNIFTY30JAN2033500PE.NFO,07/01/2020,09:15:37,1815,1730.25,40,1801.75,20,0,13440
BANKNIFTY30JAN2033500PE.NFO,07/01/2020,09:15:39,1815,1743.95,20,1798.7,20,0,13440
BANKNIFTY30JAN2033500PE.NFO,07/01/2020,09:15:40,1815,1740.75,20,1789.55,20,0,13440
BANKNIFTY30JAN2033500PE.NFO,07/01/2020,09:15:41,1815,1734.25,40,1785.65,20,0,13440
BANKNIFTY30JAN2033500PE.NFO,07/01/2020,09:15:41,1815,1737.75,20,1781.9,20,0,13440
BANKNIFTY30JAN2033500PE.NFO,07/01/2020,09:15:42,1815,1736.1,20,1780.75,20,0,13440
BANKNIFTY30JAN2033500PE.NFO,07/01/2020,09:15:44,1815,1734.85,20,1782.6,20,0,13440
BANKNIFTY30JAN2033500PE.NFO,07/01/2020,09:15:44,1815,1735.1,20,1789.4,20,0,13440
BANKNIFTY30JAN2033500PE.NFO,07/01/2020,09:15:46,1815,1735.35,20,1779.3,20,0,13440
BANKNIFTY30JAN2033500PE.NFO,07/01/2020,09:15:47,1815,1735.6,20,1782.1,20,0,13440
BANKNIFTY30JAN2033500PE.NFO,07/01/2020,09:15:47,1815,1735.85,20,1780.35,20,0,13440
BANKNIFTY30JAN2033500PE.NFO,07/01/2020,09:15:48,1815,1736.05,40,1777.75,20,0,13440
BANKNIFTY30JAN2033500PE.NFO,07/01/2020,09:15:49,1815,1736.3,40,1781.4,100,0,13440
BANKNIFTY30JAN2033500PE.NFO,07/01/2020,09:15:50,1815,1698.25,20,1781.15,100,0,13440
BANKNIFTY30JAN2033500PE.NFO,07/01/2020,09:15:51,1815,1698.4,20,1780.9,100,0,13440
BANKNIFTY30JAN2033500PE.NFO,07/01/2020,09:15:52,1815,1724.8,20,1780.65,100,0,13440
BANKNIFTY30JAN2033500PE.NFO,07/01/2020,09:15:54,1815,1726.65,20,1767.05,20,0,13440
BANKNIFTY30JAN2033500PE.NFO,07/01/2020,09:15:54,1815,1728.55,20,1762.4,100,0,13440
BANKNIFTY30JAN2033500PE.NFO,07/01/2020,09:15:55,1815,1730,20,1760.25,100,0,13440
BANKNIFTY30JAN2033500PE.NFO,07/01/2020,09:15:56,1815,1726.6,20,1760,100,0,13440
BANKNIFTY30JAN2033500PE.NFO,07/01/2020,09:15:57,1815,1724.55,20,1754.3,100,0,13440
BANKNIFTY30JAN2033500PE.NFO,07/01/2020,09:15:58,1815,1708.7,20,1753.05,100,0,13440
BANKNIFTY30JAN2033500PE.NFO,07/01/2020,09:15:59,1815,1721.95,20,1752.8,100,0,13440
BANKNIFTY30JAN2033500PE.NFO,07/01/2020,09:16:00,1815,1725.35,20,1751.6,100,0,13440
BANKNIFTY30JAN2033500PE.NFO,07/01/2020,09:16:01,1815,1728.35,20,1779.35,20,0,13440
BANKNIFTY30JAN2033500PE.NFO,07/01/2020,09:16:02,1815,1728.8,20,1765.8,20,0,13440
BANKNIFTY30JAN2033500PE.NFO,07/01/2020,09:16:04,1815,1730.95,20,1756.9,500,0,13440
BANKNIFTY30JAN2033500PE.NFO,07/01/2020,09:16:04,1815,1712.55,20,1755.05,100,0,13440
BANKNIFTY30JAN2033500PE.NFO,07/01/2020,09:16:05,1815,1724.55,20,1751.55,20,0,13440
BANKNIFTY30JAN2033500PE.NFO,07/01/2020,09:16:06,1815,1724.7,100,1750.65,20,0,13440
BANKNIFTY30JAN2033500PE.NFO,07/01/2020,09:16:08,1815,1720.6,20,1747.35,20,0,13440
BANKNIFTY30JAN2033500PE.NFO,07/01/2020,09:16:08,1815,1724.85,20,1749.3,100,0,13440
BANKNIFTY30JAN2033500PE.NFO,07/01/2020,09:16:09,1815,1724.4,20,1747.85,100,0,13440
BANKNIFTY30JAN2033500PE.NFO,07/01/2020,09:16:10,1815,1727.55,20,1747.85,100,0,13440
BANKNIFTY30JAN2033500PE.NFO,07/01/2020,09:16:12,1815,1714.4,20,1746.7,100,0,13440
BANKNIFTY30JAN2033500PE.NFO,07/01/2020,09:16:12,1815,1716.7,520,1746.25,360,0,13440
BANKNIFTY30JAN2033500PE.NFO,07/01/2020,09:16:13,1815,1722.8,20,1743.7,100,0,13440
BANKNIFTY30JAN2033500PE.NFO,07/01/2020,09:16:15,1815,1722.85,100,1743.6,20,0,13440
BANKNIFTY30JAN2033500PE.NFO,07/01/2020,09:16:15,1815,1714.15,20,1746,20,0,13440
BANKNIFTY30JAN2033500PE.NFO,07/01/2020,09:16:16,1815,1725.15,20,1757.6,20,0,13440
BANKNIFTY30JAN2033500PE.NFO,07/01/2020,09:16:17,1815,1726.65,20,1757.45,600,0,13440
BANKNIFTY30JAN2033500PE.NFO,07/01/2020,09:16:18,1815,1726.2,100,1749.9,20,0,13440
BANKNIFTY30JAN2033500PE.NFO,07/01/2020,09:16:19,1815,1698.3,20,1748.75,20,0,13440
BANKNIFTY30JAN2033500PE.NFO,07/01/2020,09:16:21,1815,1718.35,40,1747.5,100,0,13440
BANKNIFTY30JAN2033500PE.NFO,07/01/2020,09:16:21,1815,1723.05,440,1747,460,0,13440
BANKNIFTY30JAN2033500PE.NFO,07/01/2020,09:16:22,1815,1724.4,200,1746.95,100,0,13440
BANKNIFTY30JAN2033500PE.NFO,07/01/2020,09:16:24,1815,1724.4,280,1746.45,100,0,13440
BANKNIFTY30JAN2033500PE.NFO,07/01/2020,09:16:24,1815,1717.8,620,1746.4,360,0,13440
BANKNIFTY30JAN2033500PE.NFO,07/01/2020,09:16:25,1815,1719.95,20,1746.1,20,0,13440
BANKNIFTY30JAN2033500PE.NFO,07/01/2020,09:16:26,1815,1724.95,40,1746.15,100,0,13440
BANKNIFTY30JAN2033500PE.NFO,07/01/2020,09:16:27,1815,1725.65,40,1746.1,80,0,13440
BANKNIFTY30JAN2033500PE.NFO,07/01/2020,09:16:28,1815,1725.6,440,1746.05,100,0,13440
BANKNIFTY30JAN2033500PE.NFO,07/01/2020,09:16:29,1815,1725.6,280,1746.1,80,0,13440
BANKNIFTY30JAN2033500PE.NFO,07/01/2020,09:16:31,1815,1715.2,20,1745.8,100,0,13440
BANKNIFTY30JAN2033500PE.NFO,07/01/2020,09:16:32,1815,1718.45,20,1745.55,100,0,13440
BANKNIFTY30JAN2033500PE.NFO,07/01/2020,09:16:33,1815,1720.9,20,1745.55,100,0,13440
BANKNIFTY30JAN2033500PE.NFO,07/01/2020,09:16:34,1815,1720.1,200,1745.2,20,0,13440
BANKNIFTY30JAN2033500PE.NFO,07/01/2020,09:16:34,1815,1720.1,200,1745.05,100,0,13440
BANKNIFTY30JAN2033500PE.NFO,07/01/2020,09:16:35,1815,1720.15,100,1744.2,100,0,13440
BANKNIFTY30JAN2033500PE.NFO,07/01/2020,09:16:37,1815,1721.3,20,1743.9,180,0,13440
BANKNIFTY30JAN2033500PE.NFO,07/01/2020,09:16:37,1815,1720.3,20,1743.9,100,0,13440
BANKNIFTY30JAN2033500PE.NFO,07/01/2020,09:16:38,1815,1721.6,20,1743.85,100,0,13440
BANKNIFTY30JAN2033500PE.NFO,07/01/2020,09:16:39,1815,1712.25,20,1743.85,100,0,13440
BANKNIFTY30JAN2033500PE.NFO,07/01/2020,09:16:41,1815,1716.6,40,1741.65,20,0,13440
BANKNIFTY30JAN2033500PE.NFO,07/01/2020,09:16:41,1815,1717.15,520,1743.75,20,0,13440
BANKNIFTY30JAN2033500PE.NFO,07/01/2020,09:16:42,1815,1717.55,20,1743.5,20,0,13440
BANKNIFTY30JAN2033500PE.NFO,07/01/2020,09:16:44,1815,1717.6,520,1743.1,100,0,13440
BANKNIFTY30JAN2033500PE.NFO,07/01/2020,09:16:45,1815,1717.7,80,1742.85,100,0,13440
BANKNIFTY30JAN2033500PE.NFO,07/01/2020,09:16:45,1815,1718.05,520,1740.95,100,0,13440
BANKNIFTY30JAN2033500PE.NFO,07/01/2020,09:16:46,1815,1718.5,20,1740.95,180,0,13440
BANKNIFTY30JAN2033500PE.NFO,07/01/2020,09:16:47,1815,1718.95,280,1740.8,280,0,13440
BANKNIFTY30JAN2033500PE.NFO,07/01/2020,09:16:49,1815,1718.95,200,1738.95,20,0,13440
BANKNIFTY30JAN2033500PE.NFO,07/01/2020,09:16:50,1815,1719.3,20,1739.4,20,0,13440
BANKNIFTY30JAN2033500PE.NFO,07/01/2020,09:16:51,1815,1719.35,440,1739.35,20,0,13440
BANKNIFTY30JAN2033500PE.NFO,07/01/2020,09:16:52,1815,1719.4,80,1738.65,20,0,13440
BANKNIFTY30JAN2033500PE.NFO,07/01/2020,09:16:53,1815,1719.35,440,1738.55,100,0,13440
BANKNIFTY30JAN2033500PE.NFO,07/01/2020,09:16:53,1815,1719.35,200,1738.6,180,0,13440
BANKNIFTY30JAN2033500PE.NFO,07/01/2020,09:16:55,1815,1719.35,200,1738.55,80,0,13440
BANKNIFTY30JAN2033500PE.NFO,07/01/2020,09:16:57,1815,1715.2,20,1751.85,20,0,13440
BANKNIFTY30JAN2033500PE.NFO,07/01/2020,09:16:57,1815,1715.8,40,1754.95,100,0,13440
BANKNIFTY30JAN2033500PE.NFO,07/01/2020,09:16:58,1815,1717.3,40,1753.1,20,0,13440
BANKNIFTY30JAN2033500PE.NFO,07/01/2020,09:16:59,1815,1717.55,40,1750.3,100,0,13440
BANKNIFTY30JAN2033500PE.NFO,07/01/2020,09:17:01,1815,1717.85,520,1745.3,600,0,13440
BANKNIFTY30JAN2033500PE.NFO,07/01/2020,09:17:02,1815,1720.55,20,1745.25,100,0,13440
BANKNIFTY30JAN2033500PE.NFO,07/01/2020,09:17:02,1815,1719.25,20,1745.25,80,0,13440
BANKNIFTY30JAN2033500PE.NFO,07/01/2020,09:17:04,1815,1719.85,20,1743.55,20,0,13440
BANKNIFTY30JAN2033500PE.NFO,07/01/2020,09:17:04,1815,1719.8,520,1743.3,20,0,13440
BANKNIFTY30JAN2033500PE.NFO,07/01/2020,09:17:05,1815,1720.45,20,1743.25,100,0,13440
BANKNIFTY30JAN2033500PE.NFO,07/01/2020,09:17:06,1815,1721.9,20,1743.35,180,0,13440
BANKNIFTY30JAN2033500PE.NFO,07/01/2020,09:17:08,1815,1721.35,40,1743,100,0,13440
BANKNIFTY30JAN2033500PE.NFO,07/01/2020,09:17:09,1815,1721.75,40,1743.3,500,0,13440
BANKNIFTY30JAN2033500PE.NFO,07/01/2020,09:17:09,1815,1721.95,20,1743.25,100,0,13440
BANKNIFTY30JAN2033500PE.NFO,07/01/2020,09:17:10,1815,1721.75,40,1742.7,100,0,13440
BANKNIFTY30JAN2033500PE.NFO,07/01/2020,09:17:11,1815,1721.75,160,1742.45,100,0,13440
BANKNIFTY30JAN2033500PE.NFO,07/01/2020,09:17:12,1815,1721.7,100,1742.1,100,0,13440
BANKNIFTY30JAN2033500PE.NFO,07/01/2020,09:17:14,1815,1721.7,100,1741.85,100,0,13440
BANKNIFTY30JAN2033500PE.NFO,07/01/2020,09:17:15,1815,1721.8,80,1741.2,100,0,13440
BANKNIFTY30JAN2033500PE.NFO,07/01/2020,09:17:15,1815,1721.75,180,1741.15,20,0,13440
BANKNIFTY30JAN2033500PE.NFO,07/01/2020,09:17:16,1815,1721.85,80,1740.9,260,0,13440
BANKNIFTY30JAN2033500PE.NFO,07/01/2020,09:17:17,1815,1722.35,20,1740.65,100,0,13440
BANKNIFTY30JAN2033500PE.NFO,07/01/2020,09:17:18,1815,1722.4,280,1740.55,100,0,13440
BANKNIFTY30JAN2033500PE.NFO,07/01/2020,09:17:19,1815,1722.4,200,1739.9,100,0,13440
BANKNIFTY30JAN2033500PE.NFO,07/01/2020,09:17:21,1815,1722.75,440,1739.95,100,0,13440
BANKNIFTY30JAN2033500PE.NFO,07/01/2020,09:17:22,1815,1722.75,440,1739.9,80,0,13440
BANKNIFTY30JAN2033500PE.NFO,07/01/2020,09:17:23,1815,1722.75,280,1739.9,80,0,13440
BANKNIFTY30JAN2033500PE.NFO,07/01/2020,09:17:23,1815,1722.8,80,1739.9,80,0,13440
BANKNIFTY30JAN2033500PE.NFO,07/01/2020,09:17:24,1815,1722.75,280,1739.95,100,0,13440
BANKNIFTY30JAN2033500PE.NFO,07/01/2020,09:17:25,1815,1722.8,180,1739.9,80,0,13440
BANKNIFTY30JAN2033500PE.NFO,07/01/2020,09:17:26,1815,1722.95,40,1746.55,20,0,13440
BANKNIFTY30JAN2033500PE.NFO,07/01/2020,09:17:27,1815,1723.1,20,1750.15,20,0,13440
BANKNIFTY30JAN2033500PE.NFO,07/01/2020,09:17:28,1815,1723.55,20,1749.9,20,0,13440
BANKNIFTY30JAN2033500PE.NFO,07/01/2020,09:17:30,1815,1724.7,20,1747.55,20,0,13440
BANKNIFTY30JAN2033500PE.NFO,07/01/2020,09:17:31,1815,1726.7,20,1747.45,100,0,13440
BANKNIFTY30JAN2033500PE.NFO,07/01/2020,09:17:32,1815,1729.45,20,1747.45,100,0,13440
BANKNIFTY30JAN2033500PE.NFO,07/01/2020,09:17:33,1815,1730.9,40,1764.7,20,0,13440
BANKNIFTY30JAN2033500PE.NFO,07/01/2020,09:17:33,1815,1734,20,1758.25,100,0,13440
BANKNIFTY30JAN2033500PE.NFO,07/01/2020,09:17:34,1815,1736.4,520,1759.85,460,0,13440
BANKNIFTY30JAN2033500PE.NFO,07/01/2020,09:17:35,1815,1734.55,280,1757.95,20,0,13440
BANKNIFTY30JAN2033500PE.NFO,07/01/2020,09:17:36,1815,1736.05,20,1758.9,20,0,13440
BANKNIFTY30JAN2033500PE.NFO,07/01/2020,09:17:37,1815,1736.15,520,1759.3,100,0,13440
BANKNIFTY30JAN2033500PE.NFO,07/01/2020,09:17:38,1815,1736.15,280,1758.95,20,0,13440
BANKNIFTY30JAN2033500PE.NFO,07/01/2020,09:17:39,1815,1734.95,20,1759,180,0,13440
BANKNIFTY30JAN2033500PE.NFO,07/01/2020,09:17:40,1815,1735,440,1758.6,20,0,13440
BANKNIFTY30JAN2033500PE.NFO,07/01/2020,09:17:41,1815,1735.65,360,1783.65,600,0,13440
BANKNIFTY30JAN2033500PE.NFO,07/01/2020,09:17:43,1815,1739.3,20,1771.55,20,0,13440
BANKNIFTY30JAN2033500PE.NFO,07/01/2020,09:17:44,1815,1739.9,20,1766.2,100,0,13440
BANKNIFTY30JAN2033500PE.NFO,07/01/2020,09:17:44,1815,1740.4,20,1766,20,0,13440
BANKNIFTY30JAN2033500PE.NFO,07/01/2020,09:17:45,1815,1740.55,40,1764.9,20,0,13440
BANKNIFTY30JAN2033500PE.NFO,07/01/2020,09:17:46,1815,1741.35,40,1764.6,20,0,13440
BANKNIFTY30JAN2033500PE.NFO,07/01/2020,09:17:47,1815,1741.6,40,1778.45,20,0,13440
BANKNIFTY30JAN2033500PE.NFO,07/01/2020,09:17:48,1815,1743.75,40,1772.1,100,0,13440
BANKNIFTY30JAN2033500PE.NFO,07/01/2020,09:17:49,1815,1744,40,1768.65,100,0,13440
BANKNIFTY30JAN2033500PE.NFO,07/01/2020,09:17:52,1815,1744.7,40,1767.2,100,0,13440
BANKNIFTY30JAN2033500PE.NFO,07/01/2020,09:17:53,1815,1745,360,1766.95,100,0,13440
BANKNIFTY30JAN2033500PE.NFO,07/01/2020,09:17:54,1815,1745.15,20,1766.7,100,0,13440
BANKNIFTY30JAN2033500PE.NFO,07/01/2020,09:17:55,1815,1746.1,360,1766.45,100,0,13440
BANKNIFTY30JAN2033500PE.NFO,07/01/2020,09:17:56,1815,1746.1,200,1765.4,100,0,13440
BANKNIFTY30JAN2033500PE.NFO,07/01/2020,09:17:56,1815,1746.15,40,1764.95,20,0,13440
BANKNIFTY30JAN2033500PE.NFO,07/01/2020,09:17:57,1815,1746.4,40,1765.35,100,0,13440
BANKNIFTY30JAN2033500PE.NFO,07/01/2020,09:17:58,1815,1746.65,40,1765.3,80,0,13440
BANKNIFTY30JAN2033500PE.NFO,07/01/2020,09:17:59,1815,1746.9,40,1765.3,80,0,13440
BANKNIFTY30JAN2033500PE.NFO,07/01/2020,09:18:00,1815,1746.7,280,1765.2,100,0,13440
BANKNIFTY30JAN2033500PE.NFO,07/01/2020,09:18:02,1815,1746.75,160,1765.2,100,0,13440
BANKNIFTY30JAN2033500PE.NFO,07/01/2020,09:18:03,1815,1745.05,280,1764.9,180,0,13440
BANKNIFTY30JAN2033500PE.NFO,07/01/2020,09:18:04,1815,1745,60,1763.55,500,0,13440
BANKNIFTY30JAN2033500PE.NFO,07/01/2020,09:18:05,1815,1745,60,1763,100,0,13440
BANKNIFTY30JAN2033500PE.NFO,07/01/2020,09:18:05,1815,1745,60,1762.95,20,0,13440
BANKNIFTY30JAN2033500PE.NFO,07/01/2020,09:18:06,1815,1745,60,1762.65,20,0,13440
BANKNIFTY30JAN2033500PE.NFO,07/01/2020,09:18:07,1815,1745,60,1762.4,20,0,13440
BANKNIFTY30JAN2033500PE.NFO,07/01/2020,09:18:08,1815,1745,60,1757.25,20,0,13440
BANKNIFTY30JAN2033500PE.NFO,07/01/2020,09:18:10,1815,1745,60,1755.55,20,0,13440
BANKNIFTY30JAN2033500PE.NFO,07/01/2020,09:18:11,1815,1745,60,1754.55,20,0,13440
BANKNIFTY30JAN2033500PE.NFO,07/01/2020,09:18:12,1815,1745,60,1754.45,500,0,13440
BANKNIFTY30JAN2033500PE.NFO,07/01/2020,09:18:13,1815,1745,60,1754,500,0,13440
BANKNIFTY30JAN2033500PE.NFO,07/01/2020,09:18:14,1815,1745,60,1753.75,500,0,13440
BANKNIFTY30JAN2033500PE.NFO,07/01/2020,09:18:14,1815,1745,60,1753.55,100,0,13440
BANKNIFTY30JAN2033500PE.NFO,07/01/2020,09:18:15,1815,1745,60,1753.2,20,0,13440
BANKNIFTY30JAN2033500PE.NFO,07/01/2020,09:18:17,1815,1745,60,1753,100,0,13440
BANKNIFTY30JAN2033500PE.NFO,07/01/2020,09:18:18,1815,1745,60,1752.75,100,0,13440
BANKNIFTY30JAN2033500PE.NFO,07/01/2020,09:18:19,1815,1745,60,1752.8,20,0,13440
BANKNIFTY30JAN2033500PE.NFO,07/01/2020,09:18:20,1815,1745,60,1752,20,0,13440
BANKNIFTY30JAN2033500PE.NFO,07/01/2020,09:18:20,1815,1745,60,1752.35,100,0,13440
BANKNIFTY30JAN2033500PE.NFO,07/01/2020,09:18:21,1815,1745,60,1751.6,500,0,13440
BANKNIFTY30JAN2033500PE.NFO,07/01/2020,09:18:23,1745,1718.2,20,1750.9,100,60,13420
BANKNIFTY30JAN2033500PE.NFO,07/01/2020,09:18:23,1745,1718.2,20,1750.9,100,0,13420
BANKNIFTY30JAN2033500PE.NFO,07/01/2020,09:18:24,1745,1722.8,20,1748.65,20,0,13420
BANKNIFTY30JAN2033500PE.NFO,07/01/2020,09:18:25,1745,1723.75,20,1748.35,100,0,13420
BANKNIFTY30JAN2033500PE.NFO,07/01/2020,09:18:26,1745,1723.85,440,1747.45,100,0,13420
BANKNIFTY30JAN2033500PE.NFO,07/01/2020,09:18:26,1745,1723.85,440,1746.95,20,0,13420
BANKNIFTY30JAN2033500PE.NFO,07/01/2020,09:18:27,1745,1725.45,100,1747.05,180,0,13420
BANKNIFTY30JAN2033500PE.NFO,07/01/2020,09:18:28,1745,1725.7,280,1747.05,180,0,13420
BANKNIFTY30JAN2033500PE.NFO,07/01/2020,09:18:29,1745,1725.7,200,1747,100,0,13420
BANKNIFTY30JAN2033500PE.NFO,07/01/2020,09:18:31,1745,1721,20,1746.75,100,0,13420
BANKNIFTY30JAN2033500PE.NFO,07/01/2020,09:18:32,1745,1723.95,20,1747,80,0,13420
BANKNIFTY30JAN2033500PE.NFO,07/01/2020,09:18:33,1745,1726.6,40,1746.9,240,0,13420
BANKNIFTY30JAN2033500PE.NFO,07/01/2020,09:18:34,1745,1726.6,40,1746.65,260,0,13420
BANKNIFTY30JAN2033500PE.NFO,07/01/2020,09:18:34,1745,1728.3,20,1746.4,260,0,13420
BANKNIFTY30JAN2033500PE.NFO,07/01/2020,09:18:35,1745,1727.2,20,1746.15,180,0,13420
BANKNIFTY30JAN2033500PE.NFO,07/01/2020,09:18:37,1745,1727.45,20,1745.9,100,0,13420
BANKNIFTY30JAN2033500PE.NFO,07/01/2020,09:18:38,1745,1727.65,520,1752.7,600,0,13420
BANKNIFTY30JAN2033500PE.NFO,07/01/2020,09:18:39,1745,1730.45,20,1752.65,100,0,13420
BANKNIFTY30JAN2033500PE.NFO,07/01/2020,09:18:40,1745,1731.35,40,1752.65,100,0,13420
BANKNIFTY30JAN2033500PE.NFO,07/01/2020,09:18:41,1745,1735.75,20,1763.25,20,0,13420
BANKNIFTY30JAN2033500PE.NFO,07/01/2020,09:18:42,1745,1736.65,20,1762.1,100,0,13420
BANKNIFTY30JAN2033500PE.NFO,07/01/2020,09:18:43,1745,1736.8,20,1761.85,100,0,13420
BANKNIFTY30JAN2033500PE.NFO,07/01/2020,09:18:43,1745,1740.05,20,1761.6,100,0,13420
BANKNIFTY30JAN2033500PE.NFO,07/01/2020,09:18:45,1745,1739.15,20,1760.3,20,0,13420
BANKNIFTY30JAN2033500PE.NFO,07/01/2020,09:18:45,1745,1739.1,100,1760.25,600,0,13420
BANKNIFTY30JAN2033500PE.NFO,07/01/2020,09:18:46,1745,1740,20,1760.25,180,0,13420
BANKNIFTY30JAN2033500PE.NFO,07/01/2020,09:18:47,1745,1740.05,100,1759.3,100,0,13420
BANKNIFTY30JAN2033500PE.NFO,07/01/2020,09:18:48,1745,1741.15,20,1759.8,180,0,13420
BANKNIFTY30JAN2033500PE.NFO,07/01/2020,09:18:50,1745,1742.7,280,1759.75,100,0,13420
BANKNIFTY30JAN2033500PE.NFO,07/01/2020,09:18:51,1745,1742.05,20,1759.75,100,0,13420
BANKNIFTY30JAN2033500PE.NFO,07/01/2020,09:18:52,1745,1741.9,100,1759.75,180,0,13420
BANKNIFTY30JAN2033500PE.NFO,07/01/2020,09:18:53,1745,1742.05,420,1759.75,100,0,13420
BANKNIFTY30JAN2033500PE.NFO,07/01/2020,09:18:54,1745,1740.1,20,1759.8,180,0,13420
BANKNIFTY30JAN2033500PE.NFO,07/01/2020,09:18:55,1745,1743.3,20,1759.75,80,0,13420
BANKNIFTY30JAN2033500PE.NFO,07/01/2020,09:18:56,1745,1743.75,20,1774.1,20,0,13420
BANKNIFTY30JAN2033500PE.NFO,07/01/2020,09:18:57,1745,1742.3,420,1765.85,100,0,13420
BANKNIFTY30JAN2033500PE.NFO,07/01/2020,09:18:58,1745,1743.6,440,1765.3,100,0,13420
BANKNIFTY30JAN2033500PE.NFO,07/01/2020,09:18:59,1745,1744.05,20,1764.95,100,0,13420
BANKNIFTY30JAN2033500PE.NFO,07/01/2020,09:18:59,1745,1740.8,20,1764.9,20,0,13420
BANKNIFTY30JAN2033500PE.NFO,07/01/2020,09:19:00,1745,1741.5,20,1764.6,20,0,13420
BANKNIFTY30JAN2033500PE.NFO,07/01/2020,09:19:01,1745,1741.85,20,1764.35,20,0,13420
BANKNIFTY30JAN2033500PE.NFO,07/01/2020,09:19:03,1745,1742.15,100,1764.1,20,0,13420
BANKNIFTY30JAN2033500PE.NFO,07/01/2020,09:19:04,1760,1742.2,40,1761.7,20,20,13420
BANKNIFTY30JAN2033500PE.NFO,07/01/2020,09:19:04,1760,1742.65,440,1763.6,20,0,13420
BANKNIFTY30JAN2033500PE.NFO,07/01/2020,09:19:05,1760,1743.25,20,1763,20,0,13420
BANKNIFTY30JAN2033500PE.NFO,07/01/2020,09:19:06,1760,1743.95,200,1763.6,100,0,13420
BANKNIFTY30JAN2033500PE.NFO,07/01/2020,09:19:09,1760,1744.8,20,1763.6,100,0,13420
BANKNIFTY30JAN2033500PE.NFO,07/01/2020,09:19:10,1760,1744.95,280,1763.3,260,0,13420
BANKNIFTY30JAN2033500PE.NFO,07/01/2020,09:19:12,1760,1745.2,280,1762.8,100,0,13420
BANKNIFTY30JAN2033500PE.NFO,07/01/2020,09:19:13,1760,1745.25,40,1762.55,360,0,13420
BANKNIFTY30JAN2033500PE.NFO,07/01/2020,09:19:14,1760,1745.2,280,1762.2,20,0,13420
BANKNIFTY30JAN2033500PE.NFO,07/01/2020,09:19:15,1760,1740.05,580,1761.85,500,0,13420
BANKNIFTY30JAN2033500PE.NFO,07/01/2020,09:19:16,1760,1741.3,20,1761.75,100,0,13420
BANKNIFTY30JAN2033500PE.NFO,07/01/2020,09:19:17,1760,1740,20,1759.3,500,0,13420
BANKNIFTY30JAN2033500PE.NFO,07/01/2020,09:19:18,1760,1740,20,1755.6,20,0,13420
BANKNIFTY30JAN2033500PE.NFO,07/01/2020,09:19:19,1760,1740,20,1755.3,100,0,13420
BANKNIFTY30JAN2033500PE.NFO,07/01/2020,09:19:19,1760,1740,20,1755,20,0,13420
BANKNIFTY30JAN2033500PE.NFO,07/01/2020,09:19:20,1760,1740,20,1754.85,20,0,13420
BANKNIFTY30JAN2033500PE.NFO,07/01/2020,09:19:22,1760,1740,20,1754.55,600,0,13420
BANKNIFTY30JAN2033500PE.NFO,07/01/2020,09:19:23,1760,1740,20,1754.35,20,0,13420
BANKNIFTY30JAN2033500PE.NFO,07/01/2020,09:19:24,1760,1740,20,1752.2,20,0,13420
BANKNIFTY30JAN2033500PE.NFO,07/01/2020,09:19:25,1760,1740,20,1752.1,20,0,13420
BANKNIFTY30JAN2033500PE.NFO,07/01/2020,09:19:25,1760,1740,20,1751.35,20,0,13420
BANKNIFTY30JAN2033500PE.NFO,07/01/2020,09:19:27,1760,1740,20,1748.7,20,0,13420
BANKNIFTY30JAN2033500PE.NFO,07/01/2020,09:19:28,1760,1740,20,1750.4,20,0,13420
BANKNIFTY30JAN2033500PE.NFO,07/01/2020,09:19:29,1760,1740,20,1748.3,500,0,13420
BANKNIFTY30JAN2033500PE.NFO,07/01/2020,09:19:30,1760,1740,20,1748.15,100,0,13420
BANKNIFTY30JAN2033500PE.NFO,07/01/2020,09:19:31,1760,1740,20,1747.55,180,0,13420
BANKNIFTY30JAN2033500PE.NFO,07/01/2020,09:19:37,1760,1740,20,1763.45,20,0,13420
BANKNIFTY30JAN2033500PE.NFO,07/01/2020,09:19:38,1760,1740,20,1760.95,20,0,13420
BANKNIFTY30JAN2033500PE.NFO,07/01/2020,09:19:39,1760,1740,20,1758.1,20,0,13420
BANKNIFTY30JAN2033500PE.NFO,07/01/2020,09:19:40,1760,1740,20,1757.5,20,0,13420
BANKNIFTY30JAN2033500PE.NFO,07/01/2020,09:19:41,1760,1740,20,1756.3,100,0,13420
BANKNIFTY30JAN2033500PE.NFO,07/01/2020,09:19:41,1760,1740,20,1756.25,20,0,13420
BANKNIFTY30JAN2033500PE.NFO,07/01/2020,09:19:43,1760,1740,20,1751.4,20,0,13420
BANKNIFTY30JAN2033500PE.NFO,07/01/2020,09:19:44,1740,1726.1,520,1749.85,600,20,13420
BANKNIFTY30JAN2033500PE.NFO,07/01/2020,09:19:44,1740,1726.1,520,1749.85,600,0,13420
BANKNIFTY30JAN2033500PE.NFO,07/01/2020,09:19:45,1740,1726.45,520,1748.4,20,0,13420
BANKNIFTY30JAN2033500PE.NFO,07/01/2020,09:19:46,1740,1726.45,200,1747.5,600,0,13420
BANKNIFTY30JAN2033500PE.NFO,07/01/2020,09:19:47,1740,1726.45,100,1746.5,500,0,13420
BANKNIFTY30JAN2033500PE.NFO,07/01/2020,09:19:48,1740,1724.3,20,1746,360,0,13420
BANKNIFTY30JAN2033500PE.NFO,07/01/2020,09:19:49,1740,1724.35,100,1745.85,100,0,13420
BANKNIFTY30JAN2033500PE.NFO,07/01/2020,09:19:50,1740,1724.25,100,1744,100,0,13420
BANKNIFTY30JAN2033500PE.NFO,07/01/2020,09:19:51,1740,1720.1,240,1742.75,20,0,13420
BANKNIFTY30JAN2033500PE.NFO,07/01/2020,09:19:51,1740,1720.1,240,1742.7,280,0,13420
BANKNIFTY30JAN2033500PE.NFO,07/01/2020,09:19:53,1740,1720.1,200,1742.65,100,0,13420
BANKNIFTY30JAN2033500PE.NFO,07/01/2020,09:19:54,1740,1720.2,40,1742.4,100,0,13420
BANKNIFTY30JAN2033500PE.NFO,07/01/2020,09:19:55,1740,1721.15,20,1741.05,100,0,13420
BANKNIFTY30JAN2033500PE.NFO,07/01/2020,09:19:56,1740,1720,20,1740.8,100,0,13420
BANKNIFTY30JAN2033500PE.NFO,07/01/2020,09:19:57,1740,1720.1,20,1740.55,100,0,13420
BANKNIFTY30JAN2033500PE.NFO,07/01/2020,09:19:58,1740,1720.05,20,1740.3,100,0,13420
BANKNIFTY30JAN2033500PE.NFO,07/01/2020,09:19:59,1740,1720,20,1737.4,100,0,13420
BANKNIFTY30JAN2033500PE.NFO,07/01/2020,09:20:00,1740,1720,20,1736.5,500,0,13420
BANKNIFTY30JAN2033500PE.NFO,07/01/2020,09:20:01,1740,1720,20,1736.2,100,0,13420
BANKNIFTY30JAN2033500PE.NFO,07/01/2020,09:20:02,1740,1720,20,1735.95,100,0,13420
BANKNIFTY30JAN2033500PE.NFO,07/01/2020,09:20:03,1740,1720,20,1732.8,100,0,13420
BANKNIFTY30JAN2033500PE.NFO,07/01/2020,09:20:05,1740,1720,20,1731.9,20,0,13420
BANKNIFTY30JAN2033500PE.NFO,07/01/2020,09:20:06,1720,1701.85,20,1728.8,20,20,13420
BANKNIFTY30JAN2033500PE.NFO,07/01/2020,09:20:06,1720,1701.85,20,1728.8,20,0,13420
BANKNIFTY30JAN2033500PE.NFO,07/01/2020,09:20:06,1720,1702.15,20,1728.75,100,0,13420
BANKNIFTY30JAN2033500PE.NFO,07/01/2020,09:20:07,1720,1705.1,20,1728.4,100,0,13420
BANKNIFTY30JAN2033500PE.NFO,07/01/2020,09:20:09,1720,1708.2,40,1728.45,100,0,13420
BANKNIFTY30JAN2033500PE.NFO,07/01/2020,09:20:10,1720,1708.35,20,1728.45,100,0,13420
BANKNIFTY30JAN2033500PE.NFO,07/01/2020,09:20:11,1720,1708.3,200,1727.9,100,0,13420
BANKNIFTY30JAN2033500PE.NFO,07/01/2020,09:20:12,1720,1705.2,100,1727.9,100,0,13420
BANKNIFTY30JAN2033500PE.NFO,07/01/2020,09:20:13,1720,1705.25,20,1727.65,100,0,13420
BANKNIFTY30JAN2033500PE.NFO,07/01/2020,09:20:14,1720,1707.1,20,1727.15,100,0,13420
BANKNIFTY30JAN2033500PE.NFO,07/01/2020,09:20:15,1720,1707.6,20,1726.9,100,0,13420
BANKNIFTY30JAN2033500PE.NFO,07/01/2020,09:20:16,1720,1707.45,20,1726.85,280,0,13420
BANKNIFTY30JAN2033500PE.NFO,07/01/2020,09:20:17,1720,1703.6,620,1726.6,280,0,13420
BANKNIFTY30JAN2033500PE.NFO,07/01/2020,09:20:18,1720,1703.65,20,1726.15,100,0,13420
BANKNIFTY30JAN2033500PE.NFO,07/01/2020,09:20:19,1720,1703.8,20,1725.9,100,0,13420
BANKNIFTY30JAN2033500PE.NFO,07/01/2020,09:20:20,1720,1703.65,20,1723.75,20,0,13420
BANKNIFTY30JAN2033500PE.NFO,07/01/2020,09:20:21,1720,1700.05,540,1724.05,100,0,13420
BANKNIFTY30JAN2033500PE.NFO,07/01/2020,09:20:22,1720,1702.35,20,1723.5,180,0,13420
BANKNIFTY30JAN2033500PE.NFO,07/01/2020,09:20:23,1720,1705.8,20,1723.5,180,0,13420
BANKNIFTY30JAN2033500PE.NFO,07/01/2020,09:20:24,1720,1704.7,100,1723.45,100,0,13420
BANKNIFTY30JAN2033500PE.NFO,07/01/2020,09:20:25,1720,1704.75,40,1723.45,100,0,13420
BANKNIFTY30JAN2033500PE.NFO,07/01/2020,09:20:26,1720,1701.85,40,1723.15,280,0,13420
BANKNIFTY30JAN2033500PE.NFO,07/01/2020,09:20:27,1720,1702.5,20,1722.95,100,0,13420
BANKNIFTY30JAN2033500PE.NFO,07/01/2020,09:20:27,1720,1702.25,40,1722.9,500,0,13420
BANKNIFTY30JAN2033500PE.NFO,07/01/2020,09:20:28,1720,1702.5,20,1722.5,20,0,13420
BANKNIFTY30JAN2033500PE.NFO,07/01/2020,09:20:30,1720,1700.65,20,1722.45,20,0,13420
BANKNIFTY30JAN2033500PE.NFO,07/01/2020,09:20:31,1720,1700.7,200,1722.45,20,0,13420
BANKNIFTY30JAN2033500PE.NFO,07/01/2020,09:20:32,1720,1700,20,1720.1,20,0,13420
BANKNIFTY30JAN2033500PE.NFO,07/01/2020,09:20:33,1720,1700,20,1719.95,600,0,13420
BANKNIFTY30JAN2033500PE.NFO,07/01/2020,09:20:34,1720,1700,20,1718.4,100,0,13420
BANKNIFTY30JAN2033500PE.NFO,07/01/2020,09:20:35,1720,1700,20,1717.85,100,0,13420
BANKNIFTY30JAN2033500PE.NFO,07/01/2020,09:20:36,1720,1700,40,1717.7,20,0,13420
BANKNIFTY30JAN2033500PE.NFO,07/01/2020,09:20:37,1720,1700,40,1717.6,100,0,13420
BANKNIFTY30JAN2033500PE.NFO,07/01/2020,09:20:38,1720,1700,40,1717.35,100,0,13420
BANKNIFTY30JAN2033500PE.NFO,07/01/2020,09:20:40,1720,1700,40,1716.7,500,0,13420
BANKNIFTY30JAN2033500PE.NFO,07/01/2020,09:20:41,1720,1700,40,1716.5,100,0,13420
BANKNIFTY30JAN2033500PE.NFO,07/01/2020,09:20:42,1720,1700,40,1716.25,100,0,13420
BANKNIFTY30JAN2033500PE.NFO,07/01/2020,09:20:43,1720,1700,40,1716.15,100,0,13420
BANKNIFTY30JAN2033500PE.NFO,07/01/2020,09:20:44,1720,1700,40,1715.55,20,0,13420
BANKNIFTY30JAN2033500PE.NFO,07/01/2020,09:20:45,1720,1700,40,1713.6,20,0,13420
BANKNIFTY30JAN2033500PE.NFO,07/01/2020,09:20:46,1720,1700,40,1713.2,100,0,13420
BANKNIFTY30JAN2033500PE.NFO,07/01/2020,09:20:48,1720,1700,40,1712.95,100,0,13420
BANKNIFTY30JAN2033500PE.NFO,07/01/2020,09:20:49,1720,1700,40,1712.7,100,0,13420
BANKNIFTY30JAN2033500PE.NFO,07/01/2020,09:20:50,1720,1700,40,1711.9,100,0,13420
BANKNIFTY30JAN2033500PE.NFO,07/01/2020,09:20:51,1720,1700,40,1710.95,20,0,13420
BANKNIFTY30JAN2033500PE.NFO,07/01/2020,09:20:52,1720,1700,40,1709.95,20,0,13420
BANKNIFTY30JAN2033500PE.NFO,07/01/2020,09:20:54,1720,1700,40,1708.05,20,0,13420
BANKNIFTY30JAN2033500PE.NFO,07/01/2020,09:20:55,1720,1700,40,1707.4,20,0,13420
BANKNIFTY30JAN2033500PE.NFO,07/01/2020,09:20:56,1720,1700,40,1706.5,20,0,13420
BANKNIFTY30JAN2033500PE.NFO,07/01/2020,09:20:57,1720,1700,40,1706.35,100,0,13420
BANKNIFTY30JAN2033500PE.NFO,07/01/2020,09:20:59,1720,1700,40,1706.4,100,0,13420
BANKNIFTY30JAN2033500PE.NFO,07/01/2020,09:21:01,1720,1700,40,1706.05,100,0,13420
BANKNIFTY30JAN2033500PE.NFO,07/01/2020,09:21:02,1720,1700,40,1706.45,100,0,13420
BANKNIFTY30JAN2033500PE.NFO,07/01/2020,09:21:04,1720,1700,40,1716.8,20,0,13420
BANKNIFTY30JAN2033500PE.NFO,07/01/2020,09:21:05,1720,1700,40,1716.5,100,0,13420
BANKNIFTY30JAN2033500PE.NFO,07/01/2020,09:21:06,1720,1700,40,1713.95,20,0,13420
BANKNIFTY30JAN2033500PE.NFO,07/01/2020,09:21:07,1720,1700,40,1714.95,20,0,13420
BANKNIFTY30JAN2033500PE.NFO,07/01/2020,09:21:08,1700,1684.7,20,1714.7,20,40,13420
BANKNIFTY30JAN2033500PE.NFO,07/01/2020,09:21:08,1700,1684.7,20,1714.7,20,0,13420
BANKNIFTY30JAN2033500PE.NFO,07/01/2020,09:21:09,1700,1686.1,40,1710.25,20,0,13420
BANKNIFTY30JAN2033500PE.NFO,07/01/2020,09:21:11,1700,1685.95,200,1709.1,20,0,13420
BANKNIFTY30JAN2033500PE.NFO,07/01/2020,09:21:12,1700,1680.05,580,1706.5,20,0,13420
BANKNIFTY30JAN2033500PE.NFO,07/01/2020,09:21:13,1700,1680.15,20,1706.05,100,0,13420
BANKNIFTY30JAN2033500PE.NFO,07/01/2020,09:21:14,1700,1680,20,1701.55,20,0,13420
BANKNIFTY30JAN2033500PE.NFO,07/01/2020,09:21:15,1700,1680.05,40,1699.45,100,0,13420
BANKNIFTY30JAN2033500PE.NFO,07/01/2020,09:21:16,1700,1680,20,1697.4,20,0,13420
BANKNIFTY30JAN2033500PE.NFO,07/01/2020,09:21:18,1700,1680,20,1697.35,500,0,13420
BANKNIFTY30JAN2033500PE.NFO,07/01/2020,09:21:19,1700,1680,20,1694,20,0,13420
BANKNIFTY30JAN2033500PE.NFO,07/01/2020,09:21:20,1700,1680,20,1694.95,20,0,13420
BANKNIFTY30JAN2033500PE.NFO,07/01/2020,09:21:21,1700,1680,20,1694.15,20,0,13420
BANKNIFTY30JAN2033500PE.NFO,07/01/2020,09:21:23,1700,1680,20,1694,20,0,13420
BANKNIFTY30JAN2033500PE.NFO,07/01/2020,09:21:24,1700,1680,20,1693.55,100,0,13420
BANKNIFTY30JAN2033500PE.NFO,07/01/2020,09:21:25,1700,1680,20,1692.9,20,0,13420
BANKNIFTY30JAN2033500PE.NFO,07/01/2020,09:21:26,1700,1680,20,1692.55,20,0,13420
BANKNIFTY30JAN2033500PE.NFO,07/01/2020,09:21:28,1700,1680,20,1692.35,100,0,13420
BANKNIFTY30JAN2033500PE.NFO,07/01/2020,09:21:29,1700,1680,20,1692.4,180,0,13420
BANKNIFTY30JAN2033500PE.NFO,07/01/2020,09:21:30,1700,1680,20,1692.5,180,0,13420
BANKNIFTY30JAN2033500PE.NFO,07/01/2020,09:21:31,1700,1682,20,1705.6,20,0,13420
BANKNIFTY30JAN2033500PE.NFO,07/01/2020,09:21:32,1700,1682,20,1699.9,20,0,13420
BANKNIFTY30JAN2033500PE.NFO,07/01/2020,09:21:33,1700,1682,20,1699.4,500,0,13420
BANKNIFTY30JAN2033500PE.NFO,07/01/2020,09:21:34,1700,1682,20,1699.3,100,0,13420
BANKNIFTY30JAN2033500PE.NFO,07/01/2020,09:21:37,1700,1682.05,100,1699.35,100,0,13420
BANKNIFTY30JAN2033500PE.NFO,07/01/2020,09:21:38,1700,1682,20,1699.35,100,0,13420
BANKNIFTY30JAN2033500PE.NFO,07/01/2020,09:21:39,1700,1682,20,1699.4,100,0,13420
BANKNIFTY30JAN2033500PE.NFO,07/01/2020,09:21:40,1700,1682,20,1699.35,80,0,13420
BANKNIFTY30JAN2033500PE.NFO,07/01/2020,09:21:41,1700,1682,20,1697.5,20,0,13420
BANKNIFTY30JAN2033500PE.NFO,07/01/2020,09:21:43,1700,1682,20,1697.1,20,0,13420
BANKNIFTY30JAN2033500PE.NFO,07/01/2020,09:21:44,1700,1682,20,1696.5,500,0,13420
BANKNIFTY30JAN2033500PE.NFO,07/01/2020,09:21:45,1700,1682,20,1693.25,20,0,13420
BANKNIFTY30JAN2033500PE.NFO,07/01/2020,09:21:46,1680,1660.2,20,1692.95,600,40,13420
BANKNIFTY30JAN2033500PE.NFO,07/01/2020,09:21:46,1680,1660.2,20,1692.95,600,0,13420
BANKNIFTY30JAN2033500PE.NFO,07/01/2020,09:21:48,1680,1663,520,1690.15,500,0,13420
BANKNIFTY30JAN2033500PE.NFO,07/01/2020,09:21:49,1680,1665.8,520,1690.05,100,0,13420
BANKNIFTY30JAN2033500PE.NFO,07/01/2020,09:21:50,1680,1669.05,20,1690.15,100,0,13420
BANKNIFTY30JAN2033500PE.NFO,07/01/2020,09:21:51,1680,1667.05,40,1689.6,20,0,13420
BANKNIFTY30JAN2033500PE.NFO,07/01/2020,09:21:52,1680,1668.25,40,1689.45,100,0,13420
BANKNIFTY30JAN2033500PE.NFO,07/01/2020,09:21:54,1680,1668.3,200,1689.5,100,0,13420
BANKNIFTY30JAN2033500PE.NFO,07/01/2020,09:21:55,1680,1669.7,20,1689.5,80,0,13420
BANKNIFTY30JAN2033500PE.NFO,07/01/2020,09:21:56,1680,1670.9,20,1689.55,100,0,13420
BANKNIFTY30JAN2033500PE.NFO,07/01/2020,09:21:57,1680,1671,20,1689.55,100,0,13420
BANKNIFTY30JAN2033500PE.NFO,07/01/2020,09:21:58,1680,1665.65,20,1689.5,80,0,13420
BANKNIFTY30JAN2033500PE.NFO,07/01/2020,09:22:00,1680,1669.5,20,1689.5,180,0,13420
BANKNIFTY30JAN2033500PE.NFO,07/01/2020,09:22:01,1680,1660.9,520,1686.85,500,0,13420
BANKNIFTY30JAN2033500PE.NFO,07/01/2020,09:22:02,1680,1661.8,20,1686,20,0,13420
BANKNIFTY30JAN2033500PE.NFO,07/01/2020,09:22:03,1680,1662.3,20,1685.55,20,0,13420
BANKNIFTY30JAN2033500PE.NFO,07/01/2020,09:22:04,1680,1660.05,20,1681.65,20,0,13420
BANKNIFTY30JAN2033500PE.NFO,07/01/2020,09:22:06,1680,1660,20,1681.25,100,0,13420
BANKNIFTY30JAN2033500PE.NFO,07/01/2020,09:22:07,1680,1660,20,1681,100,0,13420
BANKNIFTY30JAN2033500PE.NFO,07/01/2020,09:22:08,1680,1660,20,1679.45,100,0,13420
BANKNIFTY30JAN2033500PE.NFO,07/01/2020,09:22:09,1680,1660.05,100,1679.45,100,0,13420
BANKNIFTY30JAN2033500PE.NFO,07/01/2020,09:22:11,1680,1660.25,20,1679.2,100,0,13420
BANKNIFTY30JAN2033500PE.NFO,07/01/2020,09:22:12,1680,1660.05,320,1679.1,100,0,13420
BANKNIFTY30JAN2033500PE.NFO,07/01/2020,09:22:13,1680,1660.55,20,1679.1,100,0,13420
BANKNIFTY30JAN2033500PE.NFO,07/01/2020,09:22:14,1680,1660.4,40,1712.7,780,0,13420
BANKNIFTY30JAN2033500PE.NFO,07/01/2020,09:22:15,1680,1662.2,40,1687.65,20,0,13420
BANKNIFTY30JAN2033500PE.NFO,07/01/2020,09:22:17,1680,1660,20,1683.95,20,0,13420
BANKNIFTY30JAN2033500PE.NFO,07/01/2020,09:22:18,1680,1660,20,1682.5,20,0,13420
BANKNIFTY30JAN2033500PE.NFO,07/01/2020,09:22:19,1680,1660,20,1682.25,20,0,13420
BANKNIFTY30JAN2033500PE.NFO,07/01/2020,09:22:20,1680,1660,20,1680.25,20,0,13420
BANKNIFTY30JAN2033500PE.NFO,07/01/2020,09:22:21,1680,1660.05,300,1680.15,280,0,13420
BANKNIFTY30JAN2033500PE.NFO,07/01/2020,09:22:22,1680,1660.1,240,1679.65,20,0,13420
BANKNIFTY30JAN2033500PE.NFO,07/01/2020,09:22:23,1680,1660.35,20,1679.6,100,0,13420
BANKNIFTY30JAN2033500PE.NFO,07/01/2020,09:22:25,1680,1660.4,520,1679.6,100,0,13420
BANKNIFTY30JAN2033500PE.NFO,07/01/2020,09:22:26,1680,1660.4,160,1679.5,100,0,13420
BANKNIFTY30JAN2033500PE.NFO,07/01/2020,09:22:27,1680,1660,20,1679.25,100,0,13420
BANKNIFTY30JAN2033500PE.NFO,07/01/2020,09:22:28,1680,1660,20,1678.65,20,0,13420
BANKNIFTY30JAN2033500PE.NFO,07/01/2020,09:22:29,1680,1660,20,1678.5,100,0,13420
BANKNIFTY30JAN2033500PE.NFO,07/01/2020,09:22:30,1680,1660,20,1678.25,100,0,13420
BANKNIFTY30JAN2033500PE.NFO,07/01/2020,09:22:31,1680,1660,20,1678,100,0,13420
BANKNIFTY30JAN2033500PE.NFO,07/01/2020,09:22:33,1680,1660,20,1677.75,100,0,13420
BANKNIFTY30JAN2033500PE.NFO,07/01/2020,09:22:34,1680,1660.05,100,1677.5,100,0,13420
BANKNIFTY30JAN2033500PE.NFO,07/01/2020,09:22:35,1680,1660,20,1677.25,100,0,13420
BANKNIFTY30JAN2033500PE.NFO,07/01/2020,09:22:36,1680,1660.05,100,1677,100,0,13420
BANKNIFTY30JAN2033500PE.NFO,07/01/2020,09:22:37,1680,1660,20,1676.75,100,0,13420
BANKNIFTY30JAN2033500PE.NFO,07/01/2020,09:22:38,1680,1660,20,1676.5,100,0,13420
BANKNIFTY30JAN2033500PE.NFO,07/01/2020,09:22:39,1680,1660,20,1676.45,180,0,13420
BANKNIFTY30JAN2033500PE.NFO,07/01/2020,09:22:40,1680,1660.05,100,1676.35,100,0,13420
BANKNIFTY30JAN2033500PE.NFO,07/01/2020,09:22:41,1680,1660.05,100,1676.4,80,0,13420
BANKNIFTY30JAN2033500PE.NFO,07/01/2020,09:22:42,1680,1660.5,20,1676.45,100,0,13420
BANKNIFTY30JAN2033500PE.NFO,07/01/2020,09:22:44,1680,1660.55,200,1676.45,100,0,13420
BANKNIFTY30JAN2033500PE.NFO,07/01/2020,09:22:45,1680,1660.6,340,1685.15,20,0,13420
BANKNIFTY30JAN2033500PE.NFO,07/01/2020,09:22:46,1680,1661.2,40,1683.25,100,0,13420
BANKNIFTY30JAN2033500PE.NFO,07/01/2020,09:22:47,1680,1663.3,40,1696.65,20,0,13420
BANKNIFTY30JAN2033500PE.NFO,07/01/2020,09:22:48,1680,1660.1,220,1691.95,20,0,13420
BANKNIFTY30JAN2033500PE.NFO,07/01/2020,09:22:49,1680,1661.3,20,1686.45,20,0,13420
BANKNIFTY30JAN2033500PE.NFO,07/01/2020,09:22:51,1680,1661.95,20,1684.35,20,0,13420
BANKNIFTY30JAN2033500PE.NFO,07/01/2020,09:22:52,1680,1662,100,1683.15,20,0,13420
BANKNIFTY30JAN2033500PE.NFO,07/01/2020,09:22:53,1680,1661.25,100,1681.15,20,0,13420
BANKNIFTY30JAN2033500PE.NFO,07/01/2020,09:22:54,1680,1660.05,100,1679.75,20,0,13420
BANKNIFTY30JAN2033500PE.NFO,07/01/2020,09:22:55,1680,1660,20,1679.45,100,0,13420
BANKNIFTY30JAN2033500PE.NFO,07/01/2020,09:22:56,1680,1660,20,1678,20,0,13420
BANKNIFTY30JAN2033500PE.NFO,07/01/2020,09:22:57,1680,1660,20,1677.4,20,0,13420
BANKNIFTY30JAN2033500PE.NFO,07/01/2020,09:22:59,1680,1660,20,1676.25,100,0,13420
BANKNIFTY30JAN2033500PE.NFO,07/01/2020,09:23:00,1680,1660,20,1675.05,180,0,13420
BANKNIFTY30JAN2033500PE.NFO,07/01/2020,09:23:01,1680,1660,20,1674.6,20,0,13420
BANKNIFTY30JAN2033500PE.NFO,07/01/2020,09:23:02,1680,1660,20,1674.7,80,0,13420
BANKNIFTY30JAN2033500PE.NFO,07/01/2020,09:23:04,1680,1660,20,1673.75,20,0,13420
BANKNIFTY30JAN2033500PE.NFO,07/01/2020,09:23:05,1680,1660,20,1673.45,100,0,13420
BANKNIFTY30JAN2033500PE.NFO,07/01/2020,09:23:06,1680,1660,20,1672.1,20,0,13420
BANKNIFTY30JAN2033500PE.NFO,07/01/2020,09:23:07,1680,1660,20,1672,100,0,13420
BANKNIFTY30JAN2033500PE.NFO,07/01/2020,09:23:09,1680,1660,20,1671.4,20,0,13420
BANKNIFTY30JAN2033500PE.NFO,07/01/2020,09:23:10,1680,1660,20,1671.05,100,0,13420
BANKNIFTY30JAN2033500PE.NFO,07/01/2020,09:23:11,1680,1660,20,1670.8,100,0,13420
BANKNIFTY30JAN2033500PE.NFO,07/01/2020,09:23:13,1680,1660,20,1670.55,100,0,13420
BANKNIFTY30JAN2033500PE.NFO,07/01/2020,09:23:14,1680,1660,20,1670.5,100,0,13420
BANKNIFTY30JAN2033500PE.NFO,07/01/2020,09:23:15,1680,1660,20,1684.4,100,0,13420
BANKNIFTY30JAN2033500PE.NFO,07/01/2020,09:23:16,1680,1660,20,1680.55,20,0,13420
BANKNIFTY30JAN2033500PE.NFO,07/01/2020,09:23:17,1680,1660.05,100,1681.5,100,0,13420
BANKNIFTY30JAN2033500PE.NFO,07/01/2020,09:23:18,1680,1660.05,100,1681.25,100,0,13420
BANKNIFTY30JAN2033500PE.NFO,07/01/2020,09:23:20,1680,1660,20,1680.75,20,0,13420
BANKNIFTY30JAN2033500PE.NFO,07/01/2020,09:23:21,1680,1660,20,1679.6,100,0,13420
BANKNIFTY30JAN2033500PE.NFO,07/01/2020,09:23:22,1680,1660,20,1678.1,20,0,13420
BANKNIFTY30JAN2033500PE.NFO,07/01/2020,09:23:23,1680,1660,20,1679.5,100,0,13420
BANKNIFTY30JAN2033500PE.NFO,07/01/2020,09:23:24,1680,1660.05,100,1679.5,80,0,13420
BANKNIFTY30JAN2033500PE.NFO,07/01/2020,09:23:25,1680,1660,20,1679.15,20,0,13420
BANKNIFTY30JAN2033500PE.NFO,07/01/2020,09:23:26,1680,1660.05,520,1679.1,260,0,13420
BANKNIFTY30JAN2033500PE.NFO,07/01/2020,09:23:27,1680,1660.15,20,1679.1,100,0,13420
BANKNIFTY30JAN2033500PE.NFO,07/01/2020,09:23:29,1680,1661.2,20,1696.2,20,0,13420
BANKNIFTY30JAN2033500PE.NFO,07/01/2020,09:23:30,1680,1662.6,20,1688.65,100,0,13420
BANKNIFTY30JAN2033500PE.NFO,07/01/2020,09:23:31,1680,1661.75,20,1685.8,20,0,13420
BANKNIFTY30JAN2033500PE.NFO,07/01/2020,09:23:32,1680,1661.9,20,1683.95,20,0,13420
BANKNIFTY30JAN2033500PE.NFO,07/01/2020,09:23:33,1680,1661.8,280,1685.2,20,0,13420
BANKNIFTY30JAN2033500PE.NFO,07/01/2020,09:23:34,1680,1661.8,280,1683.7,500,0,13420
BANKNIFTY30JAN2033500PE.NFO,07/01/2020,09:23:35,1680,1661.8,280,1682.05,100,0,13420
BANKNIFTY30JAN2033500PE.NFO,07/01/2020,09:23:37,1680,1662.2,200,1681.75,260,0,13420
BANKNIFTY30JAN2033500PE.NFO,07/01/2020,09:23:38,1680,1662.5,20,1681.55,100,0,13420
BANKNIFTY30JAN2033500PE.NFO,07/01/2020,09:23:39,1680,1662.55,280,1681.5,360,0,13420
BANKNIFTY30JAN2033500PE.NFO,07/01/2020,09:23:40,1680,1662.55,200,1681.45,80,0,13420
BANKNIFTY30JAN2033500PE.NFO,07/01/2020,09:23:41,1680,1665,20,1681.4,100,0,13420
BANKNIFTY30JAN2033500PE.NFO,07/01/2020,09:23:42,1680,1665.05,200,1681.5,180,0,13420
BANKNIFTY30JAN2033500PE.NFO,07/01/2020,09:23:43,1680,1665.15,40,1681.45,80,0,13420
BANKNIFTY30JAN2033500PE.NFO,07/01/2020,09:23:45,1680,1665.05,200,1681.45,100,0,13420
BANKNIFTY30JAN2033500PE.NFO,07/01/2020,09:23:46,1680,1665.05,200,1681.45,80,0,13420
BANKNIFTY30JAN2033500PE.NFO,07/01/2020,09:23:47,1680,1665.1,80,1681.5,180,0,13420
BANKNIFTY30JAN2033500PE.NFO,07/01/2020,09:23:48,1680,1665.1,80,1681.5,100,0,13420
BANKNIFTY30JAN2033500PE.NFO,07/01/2020,09:23:49,1680,1665.1,80,1681.45,80,0,13420
BANKNIFTY30JAN2033500PE.NFO,07/01/2020,09:23:50,1680,1665.1,80,1681.4,80,0,13420
BANKNIFTY30JAN2033500PE.NFO,07/01/2020,09:23:54,1680,1665.15,160,1681.45,80,0,13420
BANKNIFTY30JAN2033500PE.NFO,07/01/2020,09:23:55,1680,1660,20,1678.5,20,0,13420
BANKNIFTY30JAN2033500PE.NFO,07/01/2020,09:23:56,1680,1660,20,1681.1,20,0,13420
BANKNIFTY30JAN2033500PE.NFO,07/01/2020,09:23:57,1680,1660,20,1680.65,100,0,13420
BANKNIFTY30JAN2033500PE.NFO,07/01/2020,09:23:59,1680,1660,20,1680.4,100,0,13420
BANKNIFTY30JAN2033500PE.NFO,07/01/2020,09:24:00,1680,1660,20,1680.05,600,0,13420
BANKNIFTY30JAN2033500PE.NFO,07/01/2020,09:24:01,1680,1660,20,1679.85,20,0,13420
BANKNIFTY30JAN2033500PE.NFO,07/01/2020,09:24:02,1680,1660,20,1679.6,20,0,13420
BANKNIFTY30JAN2033500PE.NFO,07/01/2020,09:24:03,1680,1660,20,1679.35,20,0,13420
BANKNIFTY30JAN2033500PE.NFO,07/01/2020,09:24:04,1680,1660.05,40,1679.3,100,0,13420
BANKNIFTY30JAN2033500PE.NFO,07/01/2020,09:24:06,1680,1660.05,200,1679.3,100,0,13420
BANKNIFTY30JAN2033500PE.NFO,07/01/2020,09:24:07,1680,1660,20,1679.25,160,0,13420
BANKNIFTY30JAN2033500PE.NFO,07/01/2020,09:24:08,1680,1660.05,200,1679.05,100,0,13420
BANKNIFTY30JAN2033500PE.NFO,07/01/2020,09:24:09,1680,1660.35,20,1688.65,20,0,13420
BANKNIFTY30JAN2033500PE.NFO,07/01/2020,09:24:10,1680,1660.65,20,1685.15,20,0,13420
BANKNIFTY30JAN2033500PE.NFO,07/01/2020,09:24:12,1680,1661.65,40,1684.7,20,0,13420
BANKNIFTY30JAN2033500PE.NFO,07/01/2020,09:24:13,1680,1662.85,40,1684.05,20,0,13420
BANKNIFTY30JAN2033500PE.NFO,07/01/2020,09:24:14,1680,1660.1,200,1683.6,100,0,13420
BANKNIFTY30JAN2033500PE.NFO,07/01/2020,09:24:15,1680,1660.65,20,1682.6,20,0,13420
BANKNIFTY30JAN2033500PE.NFO,07/01/2020,09:24:16,1680,1662.9,20,1682.55,100,0,13420
BANKNIFTY30JAN2033500PE.NFO,07/01/2020,09:24:18,1680,1660.3,20,1682.5,100,0,13420
BANKNIFTY30JAN2033500PE.NFO,07/01/2020,09:24:19,1680,1660.65,40,1682.5,80,0,13420
BANKNIFTY30JAN2033500PE.NFO,07/01/2020,09:24:20,1680,1662.55,20,1682.5,80,0,13420
BANKNIFTY30JAN2033500PE.NFO,07/01/2020,09:24:21,1680,1662.45,20,1682.55,100,0,13420
BANKNIFTY30JAN2033500PE.NFO,07/01/2020,09:24:22,1680,1661.9,20,1682.55,100,0,13420
BANKNIFTY30JAN2033500PE.NFO,07/01/2020,09:24:23,1680,1662.15,20,1682.55,200,0,13420
BANKNIFTY30JAN2033500PE.NFO,07/01/2020,09:24:24,1680,1664.05,40,1682.55,100,0,13420
BANKNIFTY30JAN2033500PE.NFO,07/01/2020,09:24:25,1680,1664.25,20,1682.5,100,0,13420
BANKNIFTY30JAN2033500PE.NFO,07/01/2020,09:24:27,1680,1661.25,20,1682.25,100,0,13420
BANKNIFTY30JAN2033500PE.NFO,07/01/2020,09:24:28,1680,1662.3,20,1682.5,80,0,13420
BANKNIFTY30JAN2033500PE.NFO,07/01/2020,09:24:29,1680,1663.7,20,1682.5,80,0,13420
BANKNIFTY30JAN2033500PE.NFO,07/01/2020,09:24:30,1680,1666.05,20,1682.5,80,0,13420
BANKNIFTY30JAN2033500PE.NFO,07/01/2020,09:24:31,1680,1666.4,40,1682.5,80,0,13420
BANKNIFTY30JAN2033500PE.NFO,07/01/2020,09:24:32,1680,1666.55,40,1682.5,80,0,13420
BANKNIFTY30JAN2033500PE.NFO,07/01/2020,09:24:34,1680,1666.85,20,1695.2,700,0,13420
BANKNIFTY30JAN2033500PE.NFO,07/01/2020,09:24:35,1680,1668,40,1694.9,20,0,13420
BANKNIFTY30JAN2033500PE.NFO,07/01/2020,09:24:36,1680,1671.4,20,1694.7,100,0,13420
BANKNIFTY30JAN2033500PE.NFO,07/01/2020,09:24:37,1680,1672.6,20,1694.8,100,0,13420
BANKNIFTY30JAN2033500PE.NFO,07/01/2020,09:24:39,1680,1672.8,20,1694.8,100,0,13420
BANKNIFTY30JAN2033500PE.NFO,07/01/2020,09:24:40,1680,1674.15,20,1694.8,80,0,13420
BANKNIFTY30JAN2033500PE.NFO,07/01/2020,09:24:41,1680,1674.4,20,1694.85,100,0,13420
BANKNIFTY30JAN2033500PE.NFO,07/01/2020,09:24:42,1680,1675.95,20,1704.15,20,0,13420
BANKNIFTY30JAN2033500PE.NFO,07/01/2020,09:24:44,1680,1677.6,20,1704,20,0,13420
BANKNIFTY30JAN2033500PE.NFO,07/01/2020,09:24:45,1680,1680.5,20,1703.65,20,0,13420
BANKNIFTY30JAN2033500PE.NFO,07/01/2020,09:24:46,1680,1680.1,40,1703.5,100,0,13420
BANKNIFTY30JAN2033500PE.NFO,07/01/2020,09:24:47,1680,1681.6,20,1703.45,80,0,13420
BANKNIFTY30JAN2033500PE.NFO,07/01/2020,09:24:49,1680,1682.7,20,1703.35,100,0,13420
BANKNIFTY30JAN2033500PE.NFO,07/01/2020,09:24:50,1680,1684.7,20,1703.5,100,0,13420
BANKNIFTY30JAN2033500PE.NFO,07/01/2020,09:24:51,1680,1682.75,100,1703.45,160,0,13420
BANKNIFTY30JAN2033500PE.NFO,07/01/2020,09:24:52,1680,1682.75,100,1703.35,100,0,13420
BANKNIFTY30JAN2033500PE.NFO,07/01/2020,09:24:53,1680,1682.8,180,1703,20,0,13420
BANKNIFTY30JAN2033500PE.NFO,07/01/2020,09:24:54,1680,1678.65,20,1702.95,260,0,13420
BANKNIFTY30JAN2033500PE.NFO,07/01/2020,09:24:56,1680,1683.9,20,1702.95,260,0,13420
BANKNIFTY30JAN2033500PE.NFO,07/01/2020,09:24:57,1680,1684,20,1702.9,100,0,13420
BANKNIFTY30JAN2033500PE.NFO,07/01/2020,09:24:58,1680,1679.85,20,1702.85,100,0,13420
BANKNIFTY30JAN2033500PE.NFO,07/01/2020,09:24:59,1680,1681.5,20,1702.6,100,0,13420
BANKNIFTY30JAN2033500PE.NFO,07/01/2020,09:25:00,1680,1681.55,40,1702.2,20,0,13420
BANKNIFTY30JAN2033500PE.NFO,07/01/2020,09:25:02,1680,1670.35,20,1700.75,20,0,13420
BANKNIFTY30JAN2033500PE.NFO,07/01/2020,09:25:03,1680,1673.4,20,1701.6,20,0,13420
BANKNIFTY30JAN2033500PE.NFO,07/01/2020,09:25:04,1680,1674.55,20,1699.95,20,0,13420
BANKNIFTY30JAN2033500PE.NFO,07/01/2020,09:25:06,1680,1670.9,20,1698.05,20,0,13420
BANKNIFTY30JAN2033500PE.NFO,07/01/2020,09:25:07,1680,1670.75,20,1696.5,20,0,13420
BANKNIFTY30JAN2033500PE.NFO,07/01/2020,09:25:08,1680,1673.15,20,1697.25,100,0,13420
BANKNIFTY30JAN2033500PE.NFO,07/01/2020,09:25:09,1680,1675.05,200,1696.6,100,0,13420
BANKNIFTY30JAN2033500PE.NFO,07/01/2020,09:25:11,1680,1675.05,100,1696.35,100,0,13420
BANKNIFTY30JAN2033500PE.NFO,07/01/2020,09:25:12,1680,1675.15,40,1696.3,260,0,13420
BANKNIFTY30JAN2033500PE.NFO,07/01/2020,09:25:13,1680,1675.2,40,1696.25,200,0,13420
BANKNIFTY30JAN2033500PE.NFO,07/01/2020,09:25:14,1680,1675.55,40,1696.25,200,0,13420
BANKNIFTY30JAN2033500PE.NFO,07/01/2020,09:25:15,1680,1678,20,1696.25,200,0,13420
BANKNIFTY30JAN2033500PE.NFO,07/01/2020,09:25:17,1680,1679.5,20,1696.3,100,0,13420
BANKNIFTY30JAN2033500PE.NFO,07/01/2020,09:25:19,1680,1679.6,20,1696.3,100,0,13420
BANKNIFTY30JAN2033500PE.NFO,07/01/2020,09:25:20,1680,1680.3,20,1696.3,100,0,13420
BANKNIFTY30JAN2033500PE.NFO,07/01/2020,09:25:21,1680,1680.35,20,1696.25,80,0,13420
BANKNIFTY30JAN2033500PE.NFO,07/01/2020,09:25:23,1680,1680.35,20,1696.2,80,0,13420
BANKNIFTY30JAN2033500PE.NFO,07/01/2020,09:25:24,1680,1680.45,20,1696.15,100,0,13420
BANKNIFTY30JAN2033500PE.NFO,07/01/2020,09:25:25,1680,1680.5,40,1696.25,80,0,13420
BANKNIFTY30JAN2033500PE.NFO,07/01/2020,09:25:26,1680,1680.55,20,1696.25,80,0,13420
BANKNIFTY30JAN2033500PE.NFO,07/01/2020,09:25:27,1680,1680.95,20,1696.25,80,0,13420
BANKNIFTY30JAN2033500PE.NFO,07/01/2020,09:25:28,1680,1681.05,20,1696.25,80,0,13420
BANKNIFTY30JAN2033500PE.NFO,07/01/2020,09:25:30,1680,1681.1,20,1696.3,100,0,13420
BANKNIFTY30JAN2033500PE.NFO,07/01/2020,09:25:31,1680,1681.1,20,1696.25,180,0,13420
BANKNIFTY30JAN2033500PE.NFO,07/01/2020,09:25:32,1680,1681.3,20,1696.25,80,0,13420
BANKNIFTY30JAN2033500PE.NFO,07/01/2020,09:25:33,1680,1682.15,20,1696.3,100,0,13420
BANKNIFTY30JAN2033500PE.NFO,07/01/2020,09:25:34,1680,1682.55,40,1696.3,100,0,13420
BANKNIFTY30JAN2033500PE.NFO,07/01/2020,09:25:36,1680,1680.55,40,1696.3,100,0,13420
BANKNIFTY30JAN2033500PE.NFO,07/01/2020,09:25:37,1680,1681.1,40,1696.3,100,0,13420
BANKNIFTY30JAN2033500PE.NFO,07/01/2020,09:25:38,1680,1681.4,40,1707.75,20,0,13420
BANKNIFTY30JAN2033500PE.NFO,07/01/2020,09:25:39,1680,1681.9,40,1707.35,20,0,13420
BANKNIFTY30JAN2033500PE.NFO,07/01/2020,09:25:41,1680,1682,40,1701.15,20,0,13420
BANKNIFTY30JAN2033500PE.NFO,07/01/2020,09:25:42,1680,1682.35,20,1701.05,100,0,13420
BANKNIFTY30JAN2033500PE.NFO,07/01/2020,09:25:43,1680,1682.65,40,1700.8,100,0,13420
BANKNIFTY30JAN2033500PE.NFO,07/01/2020,09:25:44,1680,1682.85,40,1700.55,100,0,13420
BANKNIFTY30JAN2033500PE.NFO,07/01/2020,09:25:45,1680,1682.85,40,1700.3,100,0,13420
BANKNIFTY30JAN2033500PE.NFO,07/01/2020,09:25:46,1680,1683.05,40,1700.25,100,0,13420
BANKNIFTY30JAN2033500PE.NFO,07/01/2020,09:25:48,1680,1679.45,540,1700.15,100,0,13420
BANKNIFTY30JAN2033500PE.NFO,07/01/2020,09:25:49,1680,1680.55,40,1699.9,100,0,13420
BANKNIFTY30JAN2033500PE.NFO,07/01/2020,09:25:50,1680,1681.25,40,1699.6,100,0,13420
BANKNIFTY30JAN2033500PE.NFO,07/01/2020,09:25:51,1680,1682.2,40,1699.6,100,0,13420
BANKNIFTY30JAN2033500PE.NFO,07/01/2020,09:25:52,1680,1682.4,40,1699.6,100,0,13420
BANKNIFTY30JAN2033500PE.NFO,07/01/2020,09:25:53,1680,1682.65,40,1699.65,180,0,13420
BANKNIFTY30JAN2033500PE.NFO,07/01/2020,09:25:55,1680,1683.85,20,1699.65,100,0,13420
BANKNIFTY30JAN2033500PE.NFO,07/01/2020,09:25:56,1680,1684.75,20,1699.6,80,0,13420
BANKNIFTY30JAN2033500PE.NFO,07/01/2020,09:25:57,1680,1685.05,40,1699.65,100,0,13420
BANKNIFTY30JAN2033500PE.NFO,07/01/2020,09:25:59,1680,1685.55,40,1707.95,100,0,13420
BANKNIFTY30JAN2033500PE.NFO,07/01/2020,09:26:01,1680,1685.55,40,1705.8,20,0,13420
BANKNIFTY30JAN2033500PE.NFO,07/01/2020,09:26:02,1680,1686.15,40,1704.95,100,0,13420
BANKNIFTY30JAN2033500PE.NFO,07/01/2020,09:26:03,1680,1687.05,40,1704.7,100,0,13420
BANKNIFTY30JAN2033500PE.NFO,07/01/2020,09:26:04,1680,1687.15,40,1704.45,100,0,13420
BANKNIFTY30JAN2033500PE.NFO,07/01/2020,09:26:05,1680,1687.2,40,1704.4,180,0,13420
BANKNIFTY30JAN2033500PE.NFO,07/01/2020,09:26:07,1680,1689.05,20,1704.4,180,0,13420
BANKNIFTY30JAN2033500PE.NFO,07/01/2020,09:26:08,1680,1689.95,20,1704.35,80,0,13420
BANKNIFTY30JAN2033500PE.NFO,07/01/2020,09:26:09,1680,1688.45,40,1704.4,180,0,13420
BANKNIFTY30JAN2033500PE.NFO,07/01/2020,09:26:10,1680,1688.6,40,1704.4,180,0,13420
BANKNIFTY30JAN2033500PE.NFO,07/01/2020,09:26:12,1680,1688.7,40,1704.4,180,0,13420
BANKNIFTY30JAN2033500PE.NFO,07/01/2020,09:26:13,1680,1688.9,40,1704.4,180,0,13420
BANKNIFTY30JAN2033500PE.NFO,07/01/2020,09:26:14,1680,1689,40,1704.4,180,0,13420
BANKNIFTY30JAN2033500PE.NFO,07/01/2020,09:26:15,1680,1689.1,40,1704.4,100,0,13420
BANKNIFTY30JAN2033500PE.NFO,07/01/2020,09:26:16,1680,1689.35,40,1704.4,100,0,13420
BANKNIFTY30JAN2033500PE.NFO,07/01/2020,09:26:18,1680,1690.05,40,1718.45,20,0,13420
BANKNIFTY30JAN2033500PE.NFO,07/01/2020,09:26:19,1680,1694.5,40,1714.75,20,0,13420
BANKNIFTY30JAN2033500PE.NFO,07/01/2020,09:26:20,1680,1694.65,40,1715.6,20,0,13420
BANKNIFTY30JAN2033500PE.NFO,07/01/2020,09:26:21,1680,1694.75,40,1714.25,20,0,13420
BANKNIFTY30JAN2033500PE.NFO,07/01/2020,09:26:23,1680,1697,40,1713.95,100,0,13420
BANKNIFTY30JAN2033500PE.NFO,07/01/2020,09:26:24,1680,1697.9,20,1723.05,20,0,13420
BANKNIFTY30JAN2033500PE.NFO,07/01/2020,09:26:25,1680,1698.15,40,1720.4,20,0,13420
BANKNIFTY30JAN2033500PE.NFO,07/01/2020,09:26:26,1680,1698.2,40,1722.45,20,0,13420
BANKNIFTY30JAN2033500PE.NFO,07/01/2020,09:26:28,1680,1698.3,20,1721.95,20,0,13420
BANKNIFTY30JAN2033500PE.NFO,07/01/2020,09:26:29,1680,1692.2,40,1716.6,20,0,13420
BANKNIFTY30JAN2033500PE.NFO,07/01/2020,09:26:30,1680,1692.6,40,1713.15,20,0,13420
BANKNIFTY30JAN2033500PE.NFO,07/01/2020,09:26:31,1680,1689.55,20,1709.8,20,0,13420
BANKNIFTY30JAN2033500PE.NFO,07/01/2020,09:26:32,1680,1689.85,40,1708.55,20,0,13420
BANKNIFTY30JAN2033500PE.NFO,07/01/2020,09:26:34,1680,1689.95,40,1708.75,100,0,13420
BANKNIFTY30JAN2033500PE.NFO,07/01/2020,09:26:35,1680,1690.05,40,1708.7,360,0,13420
BANKNIFTY30JAN2033500PE.NFO,07/01/2020,09:26:36,1680,1693.1,40,1708.7,100,0,13420
BANKNIFTY30JAN2033500PE.NFO,07/01/2020,09:26:37,1680,1693.3,40,1720.1,20,0,13420
BANKNIFTY30JAN2033500PE.NFO,07/01/2020,09:26:39,1680,1696.05,40,1716.45,20,0,13420
BANKNIFTY30JAN2033500PE.NFO,07/01/2020,09:26:40,1680,1697.2,40,1715.6,20,0,13420
BANKNIFTY30JAN2033500PE.NFO,07/01/2020,09:26:41,1680,1700.3,40,1732.05,20,0,13420
BANKNIFTY30JAN2033500PE.NFO,07/01/2020,09:26:42,1680,1701.9,40,1724.05,20,0,13420
BANKNIFTY30JAN2033500PE.NFO,07/01/2020,09:26:44,1680,1701.9,40,1721.9,20,0,13420
BANKNIFTY30JAN2033500PE.NFO,07/01/2020,09:26:45,1680,1698.5,40,1721.65,20,0,13420
BANKNIFTY30JAN2033500PE.NFO,07/01/2020,09:26:46,1680,1698.6,40,1721.35,20,0,13420
BANKNIFTY30JAN2033500PE.NFO,07/01/2020,09:26:47,1680,1698.6,40,1718.8,100,0,13420
BANKNIFTY30JAN2033500PE.NFO,07/01/2020,09:26:48,1680,1699.3,40,1718.15,100,0,13420
BANKNIFTY30JAN2033500PE.NFO,07/01/2020,09:26:50,1680,1700.75,40,1718.15,100,0,13420
BANKNIFTY30JAN2033500PE.NFO,07/01/2020,09:26:51,1680,1701.3,40,1718.15,100,0,13420
BANKNIFTY30JAN2033500PE.NFO,07/01/2020,09:26:52,1680,1701.4,40,1718.15,100,0,13420
BANKNIFTY30JAN2033500PE.NFO,07/01/2020,09:26:53,1680,1703.6,40,1725.15,20,0,13420
BANKNIFTY30JAN2033500PE.NFO,07/01/2020,09:26:54,1680,1704.3,20,1723.95,20,0,13420
BANKNIFTY30JAN2033500PE.NFO,07/01/2020,09:26:55,1680,1705.05,20,1726.6,20,0,13420
BANKNIFTY30JAN2033500PE.NFO,07/01/2020,09:26:57,1680,1703.5,40,1722.95,20,0,13420
BANKNIFTY30JAN2033500PE.NFO,07/01/2020,09:26:58,1680,1703.5,40,1722.65,20,0,13420
BANKNIFTY30JAN2033500PE.NFO,07/01/2020,09:26:59,1680,1703.55,180,1721.45,20,0,13420
BANKNIFTY30JAN2033500PE.NFO,07/01/2020,09:27:00,1680,1703.8,40,1721.35,440,0,13420
BANKNIFTY30JAN2033500PE.NFO,07/01/2020,09:27:01,1680,1704.2,20,1720.9,100,0,13420
BANKNIFTY30JAN2033500PE.NFO,07/01/2020,09:27:02,1680,1704.5,40,1721.05,80,0,13420
BANKNIFTY30JAN2033500PE.NFO,07/01/2020,09:27:04,1680,1704.85,40,1721,100,0,13420
BANKNIFTY30JAN2033500PE.NFO,07/01/2020,09:27:05,1680,1705.15,40,1721.1,100,0,13420
BANKNIFTY30JAN2033500PE.NFO,07/01/2020,09:27:06,1680,1706.45,40,1721.05,80,0,13420
BANKNIFTY30JAN2033500PE.NFO,07/01/2020,09:27:07,1680,1706.55,40,1721.05,80,0,13420
BANKNIFTY30JAN2033500PE.NFO,07/01/2020,09:27:09,1680,1704.9,40,1720.95,100,0,13420
BANKNIFTY30JAN2033500PE.NFO,07/01/2020,09:27:10,1680,1702,40,1720.55,20,0,13420
BANKNIFTY30JAN2033500PE.NFO,07/01/2020,09:27:11,1680,1702.1,40,1719.65,20,0,13420
BANKNIFTY30JAN2033500PE.NFO,07/01/2020,09:27:12,1680,1702.1,40,1715,20,0,13420
BANKNIFTY30JAN2033500PE.NFO,07/01/2020,09:27:13,1680,1702.1,40,1714.95,180,0,13420
BANKNIFTY30JAN2033500PE.NFO,07/01/2020,09:27:14,1680,1698.85,40,1714.95,180,0,13420
BANKNIFTY30JAN2033500PE.NFO,07/01/2020,09:27:16,1680,1698.95,40,1714.55,100,0,13420
BANKNIFTY30JAN2033500PE.NFO,07/01/2020,09:27:17,1680,1698.95,40,1714.5,180,0,13420
BANKNIFTY30JAN2033500PE.NFO,07/01/2020,09:27:18,1680,1699.05,20,1714.5,100,0,13420
BANKNIFTY30JAN2033500PE.NFO,07/01/2020,09:27:19,1680,1699.7,20,1714.95,100,0,13420
BANKNIFTY30JAN2033500PE.NFO,07/01/2020,09:27:20,1680,1700.4,20,1715,20,0,13420
BANKNIFTY30JAN2033500PE.NFO,07/01/2020,09:27:21,1680,1697.9,40,1715,20,0,13420
BANKNIFTY30JAN2033500PE.NFO,07/01/2020,09:27:23,1709,1697.9,40,1714.95,180,20,13360
BANKNIFTY30JAN2033500PE.NFO,07/01/2020,09:27:24,1709,1695.6,20,1714.55,20,0,13360
BANKNIFTY30JAN2033500PE.NFO,07/01/2020,09:27:25,1709,1692.25,600,1714.35,20,0,13360
BANKNIFTY30JAN2033500PE.NFO,07/01/2020,09:27:26,1709,1693.55,20,1714,100,0,13360
BANKNIFTY30JAN2033500PE.NFO,07/01/2020,09:27:27,1709,1695.65,40,1714.1,100,0,13360
BANKNIFTY30JAN2033500PE.NFO,07/01/2020,09:27:29,1709,1696.1,20,1713.85,100,0,13360
BANKNIFTY30JAN2033500PE.NFO,07/01/2020,09:27:30,1709,1696.8,20,1713.6,100,0,13360
BANKNIFTY30JAN2033500PE.NFO,07/01/2020,09:27:31,1709,1698.2,40,1713.55,340,0,13360
BANKNIFTY30JAN2033500PE.NFO,07/01/2020,09:27:32,1709,1698.35,20,1713.55,100,0,13360
BANKNIFTY30JAN2033500PE.NFO,07/01/2020,09:27:33,1709,1699.5,40,1725.55,20,0,13360
BANKNIFTY30JAN2033500PE.NFO,07/01/2020,09:27:35,1709,1699.5,40,1718.8,100,0,13360
BANKNIFTY30JAN2033500PE.NFO,07/01/2020,09:27:36,1709,1699.6,40,1718.05,100,0,13360
BANKNIFTY30JAN2033500PE.NFO,07/01/2020,09:27:37,1709,1693.15,280,1714.7,20,0,13360
BANKNIFTY30JAN2033500PE.NFO,07/01/2020,09:27:38,1709,1693.65,40,1715.7,20,0,13360
BANKNIFTY30JAN2033500PE.NFO,07/01/2020,09:27:39,1709,1694.6,20,1715.4,20,0,13360
BANKNIFTY30JAN2033500PE.NFO,07/01/2020,09:27:41,1709,1694.85,180,1715.15,20,0,13360
BANKNIFTY30JAN2033500PE.NFO,07/01/2020,09:27:42,1709,1693.6,20,1712.85,20,0,13360
BANKNIFTY30JAN2033500PE.NFO,07/01/2020,09:27:43,1709,1692.35,40,1714.3,20,0,13360
BANKNIFTY30JAN2033500PE.NFO,07/01/2020,09:27:44,1709,1694.65,20,1714.55,20,0,13360
BANKNIFTY30JAN2033500PE.NFO,07/01/2020,09:27:45,1709,1694.3,40,1713.7,20,0,13360
BANKNIFTY30JAN2033500PE.NFO,07/01/2020,09:27:46,1709,1696.85,20,1713.6,100,0,13360
BANKNIFTY30JAN2033500PE.NFO,07/01/2020,09:27:48,1709,1697.6,20,1713.6,100,0,13360
BANKNIFTY30JAN2033500PE.NFO,07/01/2020,09:27:49,1709,1695.25,40,1724.45,680,0,13360
BANKNIFTY30JAN2033500PE.NFO,07/01/2020,09:27:50,1709,1696.9,20,1722.7,20,0,13360
BANKNIFTY30JAN2033500PE.NFO,07/01/2020,09:27:51,1709,1693.4,40,1720.9,20,0,13360
BANKNIFTY30JAN2033500PE.NFO,07/01/2020,09:27:52,1709,1693.4,40,1715.7,20,0,13360
BANKNIFTY30JAN2033500PE.NFO,07/01/2020,09:27:54,1709,1693.4,40,1714,20,0,13360
BANKNIFTY30JAN2033500PE.NFO,07/01/2020,09:27:55,1709,1693.4,40,1713.7,100,0,13360
BANKNIFTY30JAN2033500PE.NFO,07/01/2020,09:27:56,1709,1693.4,40,1711.55,20,0,13360
BANKNIFTY30JAN2033500PE.NFO,07/01/2020,09:27:57,1709,1693.4,40,1710.4,100,0,13360
BANKNIFTY30JAN2033500PE.NFO,07/01/2020,09:27:58,1709,1693.7,40,1711.45,340,0,13360
BANKNIFTY30JAN2033500PE.NFO,07/01/2020,09:27:59,1709,1694.55,40,1711.45,100,0,13360
BANKNIFTY30JAN2033500PE.NFO,07/01/2020,09:28:01,1709,1698.9,20,1722.65,20,0,13360
BANKNIFTY30JAN2033500PE.NFO,07/01/2020,09:28:02,1709,1700.95,40,1722.7,680,0,13360
BANKNIFTY30JAN2033500PE.NFO,07/01/2020,09:28:03,1709,1697.45,20,1717.95,580,0,13360
BANKNIFTY30JAN2033500PE.NFO,07/01/2020,09:28:04,1709,1697.9,20,1717.85,20,0,13360
BANKNIFTY30JAN2033500PE.NFO,07/01/2020,09:28:05,1709,1695.1,40,1715.05,20,0,13360
BANKNIFTY30JAN2033500PE.NFO,07/01/2020,09:28:06,1709,1697.4,40,1715,180,0,13360
BANKNIFTY30JAN2033500PE.NFO,07/01/2020,09:28:08,1709,1697.65,40,1714.95,100,0,13360
BANKNIFTY30JAN2033500PE.NFO,07/01/2020,09:28:09,1709,1694,20,1714.7,100,0,13360
BANKNIFTY30JAN2033500PE.NFO,07/01/2020,09:28:10,1709,1694.95,40,1714.9,240,0,13360
BANKNIFTY30JAN2033500PE.NFO,07/01/2020,09:28:11,1709,1700.25,40,1727.65,20,0,13360
BANKNIFTY30JAN2033500PE.NFO,07/01/2020,09:28:13,1709,1700.75,20,1723.35,100,0,13360
BANKNIFTY30JAN2033500PE.NFO,07/01/2020,09:28:14,1709,1701.15,20,1721,100,0,13360
BANKNIFTY30JAN2033500PE.NFO,07/01/2020,09:28:15,1709,1701.85,20,1719.55,100,0,13360
BANKNIFTY30JAN2033500PE.NFO,07/01/2020,09:28:16,1709,1703.3,20,1720.35,100,0,13360
BANKNIFTY30JAN2033500PE.NFO,07/01/2020,09:28:17,1709,1703.95,20,1720.1,100,0,13360
BANKNIFTY30JAN2033500PE.NFO,07/01/2020,09:28:18,1709,1704.65,20,1720.35,100,0,13360
BANKNIFTY30JAN2033500PE.NFO,07/01/2020,09:28:19,1709,1704.95,20,1724.95,20,0,13360
BANKNIFTY30JAN2033500PE.NFO,07/01/2020,09:28:21,1709,1705.65,20,1724.65,100,0,13360
BANKNIFTY30JAN2033500PE.NFO,07/01/2020,09:28:22,1709,1706.35,20,1724.75,100,0,13360
BANKNIFTY30JAN2033500PE.NFO,07/01/2020,09:28:23,1709,1706.7,40,1724.45,340,0,13360
BANKNIFTY30JAN2033500PE.NFO,07/01/2020,09:28:24,1709,1706.7,40,1724.2,340,0,13360
BANKNIFTY30JAN2033500PE.NFO,07/01/2020,09:28:25,1709,1706.8,40,1724.2,180,0,13360
BANKNIFTY30JAN2033500PE.NFO,07/01/2020,09:28:27,1709,1707.1,40,1724.1,160,0,13360
BANKNIFTY30JAN2033500PE.NFO,07/01/2020,09:28:28,1709,1708.3,40,1724.15,80,0,13360
BANKNIFTY30JAN2033500PE.NFO,07/01/2020,09:28:29,1709,1708.6,40,1724.15,80,0,13360
BANKNIFTY30JAN2033500PE.NFO,07/01/2020,09:28:30,1709,1705.6,100,1724.05,160,0,13360
BANKNIFTY30JAN2033500PE.NFO,07/01/2020,09:28:31,1709,1707.6,40,1724.2,100,0,13360
BANKNIFTY30JAN2033500PE.NFO,07/01/2020,09:28:33,1709,1708.1,40,1724.15,80,0,13360
BANKNIFTY30JAN2033500PE.NFO,07/01/2020,09:28:34,1709,1706.5,20,1724.1,160,0,13360
BANKNIFTY30JAN2033500PE.NFO,07/01/2020,09:28:35,1709,1707.65,40,1724.2,100,0,13360
BANKNIFTY30JAN2033500PE.NFO,07/01/2020,09:28:36,1709,1708.45,40,1724.2,100,0,13360
BANKNIFTY30JAN2033500PE.NFO,07/01/2020,09:28:37,1709,1708.85,40,1724.2,100,0,13360
BANKNIFTY30JAN2033500PE.NFO,07/01/2020,09:28:38,1709,1708.95,40,1724.2,100,0,13360
BANKNIFTY30JAN2033500PE.NFO,07/01/2020,09:28:40,1709,1709.05,40,1724.2,100,0,13360
BANKNIFTY30JAN2033500PE.NFO,07/01/2020,09:28:41,1709,1709.15,40,1724.2,100,0,13360
BANKNIFTY30JAN2033500PE.NFO,07/01/2020,09:28:42,1709,1707.8,40,1724.15,80,0,13360
BANKNIFTY30JAN2033500PE.NFO,07/01/2020,09:28:43,1709,1707.95,40,1724.2,100,0,13360
BANKNIFTY30JAN2033500PE.NFO,07/01/2020,09:28:44,1709,1708.35,40,1724.15,80,0,13360
BANKNIFTY30JAN2033500PE.NFO,07/01/2020,09:28:45,1709,1708.35,40,1724.1,160,0,13360
BANKNIFTY30JAN2033500PE.NFO,07/01/2020,09:28:46,1709,1708.5,40,1724.05,100,0,13360
BANKNIFTY30JAN2033500PE.NFO,07/01/2020,09:28:48,1709,1705.45,40,1723.75,440,0,13360
BANKNIFTY30JAN2033500PE.NFO,07/01/2020,09:28:49,1709,1705.6,40,1723.5,340,0,13360
BANKNIFTY30JAN2033500PE.NFO,07/01/2020,09:28:50,1709,1705.65,40,1723.25,440,0,13360
BANKNIFTY30JAN2033500PE.NFO,07/01/2020,09:28:51,1709,1705.65,20,1722.35,340,0,13360
BANKNIFTY30JAN2033500PE.NFO,07/01/2020,09:28:52,1709,1700.65,40,1722,680,0,13360
BANKNIFTY30JAN2033500PE.NFO,07/01/2020,09:28:53,1709,1701.65,40,1721.55,20,0,13360
BANKNIFTY30JAN2033500PE.NFO,07/01/2020,09:28:54,1709,1699.9,20,1720.65,580,0,13360
BANKNIFTY30JAN2033500PE.NFO,07/01/2020,09:28:55,1709,1701.7,40,1720.6,100,0,13360
BANKNIFTY30JAN2033500PE.NFO,07/01/2020,09:28:57,1709,1702.85,40,1720.65,180,0,13360
BANKNIFTY30JAN2033500PE.NFO,07/01/2020,09:28:58,1709,1703.35,40,1720.6,100,0,13360
BANKNIFTY30JAN2033500PE.NFO,07/01/2020,09:28:59,1709,1704.05,40,1720.65,180,0,13360
BANKNIFTY30JAN2033500PE.NFO,07/01/2020,09:29:00,1709,1704.1,360,1720.6,100,0,13360
BANKNIFTY30JAN2033500PE.NFO,07/01/2020,09:29:01,1709,1704.25,40,1720.65,180,0,13360
BANKNIFTY30JAN2033500PE.NFO,07/01/2020,09:29:02,1709,1704.45,40,1720.6,160,0,13360
BANKNIFTY30JAN2033500PE.NFO,07/01/2020,09:29:04,1709,1704.45,40,1720.55,100,0,13360
BANKNIFTY30JAN2033500PE.NFO,07/01/2020,09:29:05,1709,1700.05,20,1719.85,580,0,13360
BANKNIFTY30JAN2033500PE.NFO,07/01/2020,09:29:06,1709,1700.3,20,1719.5,580,0,13360
BANKNIFTY30JAN2033500PE.NFO,07/01/2020,09:29:07,1709,1700.55,20,1718.3,20,0,13360
BANKNIFTY30JAN2033500PE.NFO,07/01/2020,09:29:08,1709,1695.85,20,1717.2,20,0,13360
BANKNIFTY30JAN2033500PE.NFO,07/01/2020,09:29:09,1709,1696.5,20,1716.35,20,0,13360
BANKNIFTY30JAN2033500PE.NFO,07/01/2020,09:29:11,1709,1694,40,1715.45,20,0,13360
BANKNIFTY30JAN2033500PE.NFO,07/01/2020,09:29:12,1709,1696.2,20,1715.85,20,0,13360
BANKNIFTY30JAN2033500PE.NFO,07/01/2020,09:29:13,1709,1696.15,20,1715.15,100,0,13360
BANKNIFTY30JAN2033500PE.NFO,07/01/2020,09:29:14,1709,1696.35,40,1715.1,180,0,13360
BANKNIFTY30JAN2033500PE.NFO,07/01/2020,09:29:16,1709,1697.25,80,1715.1,180,0,13360
BANKNIFTY30JAN2033500PE.NFO,07/01/2020,09:29:17,1709,1697.35,80,1715.05,160,0,13360
BANKNIFTY30JAN2033500PE.NFO,07/01/2020,09:29:18,1709,1697.35,80,1714.85,100,0,13360
BANKNIFTY30JAN2033500PE.NFO,07/01/2020,09:29:19,1709,1696.15,40,1714.8,180,0,13360
BANKNIFTY30JAN2033500PE.NFO,07/01/2020,09:29:20,1709,1697.75,40,1714.8,180,0,13360
BANKNIFTY30JAN2033500PE.NFO,07/01/2020,09:29:21,1709,1698.2,60,1714.8,180,0,13360
BANKNIFTY30JAN2033500PE.NFO,07/01/2020,09:29:23,1709,1698.95,40,1714.75,100,0,13360
BANKNIFTY30JAN2033500PE.NFO,07/01/2020,09:29:24,1709,1698.95,40,1714.75,80,0,13360
BANKNIFTY30JAN2033500PE.NFO,07/01/2020,09:29:25,1709,1699.15,40,1714.75,80,0,13360
BANKNIFTY30JAN2033500PE.NFO,07/01/2020,09:29:26,1709,1699.25,40,1714.8,100,0,13360
BANKNIFTY30JAN2033500PE.NFO,07/01/2020,09:29:27,1709,1699.35,40,1729.95,940,0,13360
BANKNIFTY30JAN2033500PE.NFO,07/01/2020,09:29:29,1709,1700.6,40,1727.6,100,0,13360
BANKNIFTY30JAN2033500PE.NFO,07/01/2020,09:29:30,1709,1700.95,40,1721.85,20,0,13360
BANKNIFTY30JAN2033500PE.NFO,07/01/2020,09:29:31,1709,1701.05,40,1721.1,20,0,13360
BANKNIFTY30JAN2033500PE.NFO,07/01/2020,09:29:32,1709,1701.25,40,1720.7,20,0,13360
BANKNIFTY30JAN2033500PE.NFO,07/01/2020,09:29:33,1709,1701.7,40,1720.75,100,0,13360
BANKNIFTY30JAN2033500PE.NFO,07/01/2020,09:29:35,1709,1702,40,1720.5,100,0,13360
BANKNIFTY30JAN2033500PE.NFO,07/01/2020,09:29:36,1709,1702.05,180,1720.25,100,0,13360
BANKNIFTY30JAN2033500PE.NFO,07/01/2020,09:29:37,1709,1702.7,20,1720.2,180,0,13360
BANKNIFTY30JAN2033500PE.NFO,07/01/2020,09:29:38,1709,1702.35,40,1720.2,180,0,13360
BANKNIFTY30JAN2033500PE.NFO,07/01/2020,09:29:39,1709,1702.45,40,1720.15,160,0,13360
BANKNIFTY30JAN2033500PE.NFO,07/01/2020,09:29:40,1709,1702.55,40,1720.2,180,0,13360
BANKNIFTY30JAN2033500PE.NFO,07/01/2020,09:29:42,1709,1703,40,1720.2,180,0,13360
BANKNIFTY30JAN2033500PE.NFO,07/01/2020,09:29:43,1709,1703.1,40,1720.2,180,0,13360
BANKNIFTY30JAN2033500PE.NFO,07/01/2020,09:29:44,1709,1703.2,40,1720.2,100,0,13360
BANKNIFTY30JAN2033500PE.NFO,07/01/2020,09:29:45,1709,1705.15,20,1729.7,100,0,13360
BANKNIFTY30JAN2033500PE.NFO,07/01/2020,09:29:46,1709,1705.3,180,1726.5,20,0,13360
BANKNIFTY30JAN2033500PE.NFO,07/01/2020,09:29:48,1709,1702.25,20,1726.25,20,0,13360
BANKNIFTY30JAN2033500PE.NFO,07/01/2020,09:29:49,1709,1702.3,180,1723.1,20,0,13360
BANKNIFTY30JAN2033500PE.NFO,07/01/2020,09:29:50,1709,1702.45,40,1721.45,100,0,13360
BANKNIFTY30JAN2033500PE.NFO,07/01/2020,09:29:51,1709,1702.35,40,1720.8,100,0,13360
BANKNIFTY30JAN2033500PE.NFO,07/01/2020,09:29:52,1709,1702.35,40,1720.45,20,0,13360
BANKNIFTY30JAN2033500PE.NFO,07/01/2020,09:29:53,1709,1702.35,40,1720.15,100,0,13360
BANKNIFTY30JAN2033500PE.NFO,07/01/2020,09:29:54,1709,1702.55,40,1720.25,100,0,13360
BANKNIFTY30JAN2033500PE.NFO,07/01/2020,09:29:56,1709,1702.35,40,1720,100,0,13360
BANKNIFTY30JAN2033500PE.NFO,07/01/2020,09:29:57,1709,1702.35,40,1719.75,100,0,13360
BANKNIFTY30JAN2033500PE.NFO,07/01/2020,09:29:58,1709,1702.3,180,1719.5,100,0,13360
BANKNIFTY30JAN2033500PE.NFO,07/01/2020,09:29:59,1709,1702.3,180,1719.25,100,0,13360
BANKNIFTY30JAN2033500PE.NFO,07/01/2020,09:30:00,1709,1702.3,180,1718.95,20,0,13360
BANKNIFTY30JAN2033500PE.NFO,07/01/2020,09:30:01,1709,1698.8,20,1718,20,0,13360
BANKNIFTY30JAN2033500PE.NFO,07/01/2020,09:30:02,1709,1690.75,280,1717.4,20,0,13360
BANKNIFTY30JAN2033500PE.NFO,07/01/2020,09:30:03,1709,1692.25,20,1717.15,20,0,13360
BANKNIFTY30JAN2033500PE.NFO,07/01/2020,09:30:05,1709,1693.2,40,1716.9,20,0,13360
BANKNIFTY30JAN2033500PE.NFO,07/01/2020,09:30:06,1709,1693.5,40,1716.65,20,0,13360
BANKNIFTY30JAN2033500PE.NFO,07/01/2020,09:30:07,1709,1693.5,40,1714.05,100,0,13360
BANKNIFTY30JAN2033500PE.NFO,07/01/2020,09:30:08,1709,1693.6,40,1711.65,100,0,13360
BANKNIFTY30JAN2033500PE.NFO,07/01/2020,09:30:09,1709,1691.5,40,1711.05,100,0,13360
BANKNIFTY30JAN2033500PE.NFO,07/01/2020,09:30:10,1709,1691.45,180,1710.25,20,0,13360
BANKNIFTY30JAN2033500PE.NFO,07/01/2020,09:30:12,1709,1690.6,180,1709.65,20,0,13360
BANKNIFTY30JAN2033500PE.NFO,07/01/2020,09:30:13,1709,1688.25,220,1709.05,20,0,13360
BANKNIFTY30JAN2033500PE.NFO,07/01/2020,09:30:14,1709,1688.25,180,1708.5,20,0,13360
BANKNIFTY30JAN2033500PE.NFO,07/01/2020,09:30:15,1709,1688.25,180,1708.05,100,0,13360
BANKNIFTY30JAN2033500PE.NFO,07/01/2020,09:30:16,1709,1685.9,40,1707.5,100,0,13360
BANKNIFTY30JAN2033500PE.NFO,07/01/2020,09:30:17,1709,1686.1,40,1707.05,100,0,13360
BANKNIFTY30JAN2033500PE.NFO,07/01/2020,09:30:19,1709,1686.4,40,1705.9,20,0,13360
BANKNIFTY30JAN2033500PE.NFO,07/01/2020,09:30:20,1709,1685.85,100,1705.8,100,0,13360
BANKNIFTY30JAN2033500PE.NFO,07/01/2020,09:30:21,1709,1684.25,40,1705.8,100,0,13360
BANKNIFTY30JAN2033500PE.NFO,07/01/2020,09:30:22,1709,1683.9,20,1705.4,20,0,13360
BANKNIFTY30JAN2033500PE.NFO,07/01/2020,09:30:23,1709,1684.9,40,1705.2,20,0,13360
BANKNIFTY30JAN2033500PE.NFO,07/01/2020,09:30:24,1709,1685,40,1704.6,100,0,13360
BANKNIFTY30JAN2033500PE.NFO,07/01/2020,09:30:26,1709,1685,40,1702.9,100,0,13360
BANKNIFTY30JAN2033500PE.NFO,07/01/2020,09:30:27,1709,1682.8,520,1702.2,100,0,13360
BANKNIFTY30JAN2033500PE.NFO,07/01/2020,09:30:28,1709,1682.8,100,1701.75,100,0,13360
BANKNIFTY30JAN2033500PE.NFO,07/01/2020,09:30:29,1709,1681.35,40,1700.9,20,0,13360
BANKNIFTY30JAN2033500PE.NFO,07/01/2020,09:30:30,1709,1681.3,320,1700.5,20,0,13360
BANKNIFTY30JAN2033500PE.NFO,07/01/2020,09:30:32,1709,1678.45,40,1700.15,20,0,13360
BANKNIFTY30JAN2033500PE.NFO,07/01/2020,09:30:33,1709,1678.8,60,1699.4,20,0,13360
BANKNIFTY30JAN2033500PE.NFO,07/01/2020,09:30:34,1709,1679.05,20,1698.75,100,0,13360
BANKNIFTY30JAN2033500PE.NFO,07/01/2020,09:30:35,1709,1680,40,1698.75,160,0,13360
BANKNIFTY30JAN2033500PE.NFO,07/01/2020,09:30:37,1709,1680.75,20,1698.8,180,0,13360
BANKNIFTY30JAN2033500PE.NFO,07/01/2020,09:30:38,1709,1680.95,40,1698.75,260,0,13360
BANKNIFTY30JAN2033500PE.NFO,07/01/2020,09:30:39,1709,1681.05,40,1698.75,100,0,13360
BANKNIFTY30JAN2033500PE.NFO,07/01/2020,09:30:40,1709,1679.75,40,1698.25,100,0,13360
BANKNIFTY30JAN2033500PE.NFO,07/01/2020,09:30:41,1709,1679.75,40,1698,100,0,13360
BANKNIFTY30JAN2033500PE.NFO,07/01/2020,09:30:43,1709,1680.5,40,1697.75,100,0,13360
BANKNIFTY30JAN2033500PE.NFO,07/01/2020,09:30:44,1709,1680.7,20,1697.5,100,0,13360
BANKNIFTY30JAN2033500PE.NFO,07/01/2020,09:30:45,1709,1678.15,40,1697.65,100,0,13360
BANKNIFTY30JAN2033500PE.NFO,07/01/2020,09:30:46,1709,1679.25,40,1697.65,100,0,13360
BANKNIFTY30JAN2033500PE.NFO,07/01/2020,09:30:48,1709,1680.2,40,1697.65,160,0,13360
BANKNIFTY30JAN2033500PE.NFO,07/01/2020,09:30:49,1709,1680.3,40,1697.7,180,0,13360
BANKNIFTY30JAN2033500PE.NFO,07/01/2020,09:30:51,1709,1680.35,40,1697.65,260,0,13360
BANKNIFTY30JAN2033500PE.NFO,07/01/2020,09:30:52,1709,1677.1,40,1697.4,100,0,13360
BANKNIFTY30JAN2033500PE.NFO,07/01/2020,09:30:53,1709,1679.8,40,1697.15,100,0,13360
BANKNIFTY30JAN2033500PE.NFO,07/01/2020,09:30:55,1709,1680.05,40,1697.1,340,0,13360
BANKNIFTY30JAN2033500PE.NFO,07/01/2020,09:30:56,1709,1680.3,40,1697.1,180,0,13360
BANKNIFTY30JAN2033500PE.NFO,07/01/2020,09:30:57,1709,1680.4,40,1697.1,180,0,13360
BANKNIFTY30JAN2033500PE.NFO,07/01/2020,09:30:58,1709,1681.65,40,1697.1,180,0,13360
BANKNIFTY30JAN2033500PE.NFO,07/01/2020,09:30:59,1709,1681.8,40,1697.05,260,0,13360
BANKNIFTY30JAN2033500PE.NFO,07/01/2020,09:31:00,1709,1678.35,40,1696.8,100,0,13360
BANKNIFTY30JAN2033500PE.NFO,07/01/2020,09:31:01,1709,1678.55,20,1695.55,20,0,13360
BANKNIFTY30JAN2033500PE.NFO,07/01/2020,09:31:03,1709,1675.6,40,1695.4,100,0,13360
BANKNIFTY30JAN2033500PE.NFO,07/01/2020,09:31:04,1709,1675.7,40,1695.15,100,0,13360
BANKNIFTY30JAN2033500PE.NFO,07/01/2020,09:31:05,1709,1676.6,20,1695.25,340,0,13360
BANKNIFTY30JAN2033500PE.NFO,07/01/2020,09:31:06,1709,1677.35,20,1694.95,580,0,13360
BANKNIFTY30JAN2033500PE.NFO,07/01/2020,09:31:07,1709,1677.9,20,1694.9,400,0,13360
BANKNIFTY30JAN2033500PE.NFO,07/01/2020,09:31:09,1709,1675.25,40,1694.85,100,0,13360
BANKNIFTY30JAN2033500PE.NFO,07/01/2020,09:31:10,1709,1675.3,40,1694.55,180,0,13360
BANKNIFTY30JAN2033500PE.NFO,07/01/2020,09:31:11,1709,1677.25,20,1694.55,180,0,13360
BANKNIFTY30JAN2033500PE.NFO,07/01/2020,09:31:12,1709,1677.65,40,1694.5,100,0,13360
BANKNIFTY30JAN2033500PE.NFO,07/01/2020,09:31:13,1709,1674.55,20,1694.25,100,0,13360
BANKNIFTY30JAN2033500PE.NFO,07/01/2020,09:31:14,1709,1674.8,40,1693.35,20,0,13360
BANKNIFTY30JAN2033500PE.NFO,07/01/2020,09:31:15,1709,1672.9,20,1693.25,120,0,13360
BANKNIFTY30JAN2033500PE.NFO,07/01/2020,09:31:17,1709,1673.25,40,1693.25,120,0,13360
BANKNIFTY30JAN2033500PE.NFO,07/01/2020,09:31:18,1709,1670.6,20,1692.7,20,0,13360
BANKNIFTY30JAN2033500PE.NFO,07/01/2020,09:31:19,1709,1670.8,40,1691.95,20,0,13360
BANKNIFTY30JAN2033500PE.NFO,07/01/2020,09:31:20,1709,1670.9,40,1691.6,20,0,13360
BANKNIFTY30JAN2033500PE.NFO,07/01/2020,09:31:21,1709,1668.55,40,1691.35,20,0,13360
BANKNIFTY30JAN2033500PE.NFO,07/01/2020,09:31:23,1709,1668.55,40,1688.95,20,0,13360
BANKNIFTY30JAN2033500PE.NFO,07/01/2020,09:31:24,1709,1668.55,40,1688.7,20,0,13360
BANKNIFTY30JAN2033500PE.NFO,07/01/2020,09:31:25,1709,1665.85,20,1688.45,20,0,13360
BANKNIFTY30JAN2033500PE.NFO,07/01/2020,09:31:26,1709,1666.65,40,1686.95,20,0,13360
BANKNIFTY30JAN2033500PE.NFO,07/01/2020,09:31:28,1709,1668.05,20,1686.75,20,0,13360
BANKNIFTY30JAN2033500PE.NFO,07/01/2020,09:31:29,1709,1668.65,20,1686.5,20,0,13360
BANKNIFTY30JAN2033500PE.NFO,07/01/2020,09:31:30,1709,1664.05,20,1686.25,20,0,13360
BANKNIFTY30JAN2033500PE.NFO,07/01/2020,09:31:31,1709,1664.65,40,1686,580,0,13360
BANKNIFTY30JAN2033500PE.NFO,07/01/2020,09:31:32,1709,1664.65,40,1685.75,440,0,13360
BANKNIFTY30JAN2033500PE.NFO,07/01/2020,09:31:34,1709,1666.7,40,1685.5,440,0,13360
BANKNIFTY30JAN2033500PE.NFO,07/01/2020,09:31:35,1709,1666.95,40,1685.05,100,0,13360
BANKNIFTY30JAN2033500PE.NFO,07/01/2020,09:31:36,1709,1666.95,40,1684.8,100,0,13360
BANKNIFTY30JAN2033500PE.NFO,07/01/2020,09:31:37,1709,1666.95,40,1684.25,20,0,13360
BANKNIFTY30JAN2033500PE.NFO,07/01/2020,09:31:38,1709,1665.4,40,1684.15,580,0,13360
BANKNIFTY30JAN2033500PE.NFO,07/01/2020,09:31:40,1709,1665.5,40,1683.9,440,0,13360
BANKNIFTY30JAN2033500PE.NFO,07/01/2020,09:31:41,1709,1665.4,40,1683.45,100,0,13360
BANKNIFTY30JAN2033500PE.NFO,07/01/2020,09:31:42,1709,1665.7,40,1683.2,100,0,13360
BANKNIFTY30JAN2033500PE.NFO,07/01/2020,09:31:43,1709,1665.8,40,1682.95,100,0,13360
BANKNIFTY30JAN2033500PE.NFO,07/01/2020,09:31:45,1709,1665.8,40,1682.7,100,0,13360
BANKNIFTY30JAN2033500PE.NFO,07/01/2020,09:31:46,1709,1665.8,40,1682.85,100,0,13360
BANKNIFTY30JAN2033500PE.NFO,07/01/2020,09:31:47,1709,1665.8,40,1682.55,440,0,13360
BANKNIFTY30JAN2033500PE.NFO,07/01/2020,09:31:48,1709,1666.3,40,1682.3,440,0,13360
BANKNIFTY30JAN2033500PE.NFO,07/01/2020,09:31:49,1709,1662.6,20,1682.05,580,0,13360
BANKNIFTY30JAN2033500PE.NFO,07/01/2020,09:31:51,1709,1663.15,40,1681.6,100,0,13360
BANKNIFTY30JAN2033500PE.NFO,07/01/2020,09:31:52,1709,1663.5,40,1681.35,100,0,13360
BANKNIFTY30JAN2033500PE.NFO,07/01/2020,09:31:53,1709,1661.2,40,1681.45,240,0,13360
BANKNIFTY30JAN2033500PE.NFO,07/01/2020,09:31:54,1709,1662.3,20,1681.2,440,0,13360
BANKNIFTY30JAN2033500PE.NFO,07/01/2020,09:31:56,1709,1662.75,20,1680.6,20,0,13360
BANKNIFTY30JAN2033500PE.NFO,07/01/2020,09:31:57,1709,1663.45,20,1680.45,440,0,13360
BANKNIFTY30JAN2033500PE.NFO,07/01/2020,09:31:58,1709,1663.95,20,1680.3,100,0,13360
BANKNIFTY30JAN2033500PE.NFO,07/01/2020,09:31:59,1709,1661.7,20,1680.4,100,0,13360
BANKNIFTY30JAN2033500PE.NFO,07/01/2020,09:32:00,1709,1662.05,40,1679.2,20,0,13360
BANKNIFTY30JAN2033500PE.NFO,07/01/2020,09:32:02,1709,1662.05,40,1678.8,20,0,13360
BANKNIFTY30JAN2033500PE.NFO,07/01/2020,09:32:03,1709,1662.05,40,1678.5,20,0,13360
BANKNIFTY30JAN2033500PE.NFO,07/01/2020,09:32:04,1709,1662.05,40,1678.45,100,0,13360
BANKNIFTY30JAN2033500PE.NFO,07/01/2020,09:32:07,1709,1662.1,600,1678.55,100,0,13360
BANKNIFTY30JAN2033500PE.NFO,07/01/2020,09:32:08,1709,1663.2,40,1691.8,20,0,13360
BANKNIFTY30JAN2033500PE.NFO,07/01/2020,09:32:10,1709,1665.7,40,1689.7,20,0,13360
BANKNIFTY30JAN2033500PE.NFO,07/01/2020,09:32:11,1709,1665.7,40,1686.5,20,0,13360
BANKNIFTY30JAN2033500PE.NFO,07/01/2020,09:32:12,1709,1665.7,40,1686.3,20,0,13360
BANKNIFTY30JAN2033500PE.NFO,07/01/2020,09:32:13,1709,1665.7,40,1682.75,20,0,13360
BANKNIFTY30JAN2033500PE.NFO,07/01/2020,09:32:14,1709,1660.85,20,1678.05,20,0,13360
BANKNIFTY30JAN2033500PE.NFO,07/01/2020,09:32:16,1709,1661.55,20,1679.35,20,0,13360
BANKNIFTY30JAN2033500PE.NFO,07/01/2020,09:32:17,1709,1660.05,40,1679.1,20,0,13360
BANKNIFTY30JAN2033500PE.NFO,07/01/2020,09:32:18,1709,1660,20,1678.85,20,0,13360
BANKNIFTY30JAN2033500PE.NFO,07/01/2020,09:32:19,1709,1660,20,1676.4,100,0,13360
BANKNIFTY30JAN2033500PE.NFO,07/01/2020,09:32:21,1709,1660,20,1675.5,20,0,13360
BANKNIFTY30JAN2033500PE.NFO,07/01/2020,09:32:22,1709,1660,20,1675.7,20,0,13360
BANKNIFTY30JAN2033500PE.NFO,07/01/2020,09:32:23,1660,1654.55,40,1675.55,580,20,13360
BANKNIFTY30JAN2033500PE.NFO,07/01/2020,09:32:23,1660,1654.55,40,1675.55,580,0,13360
BANKNIFTY30JAN2033500PE.NFO,07/01/2020,09:32:24,1660,1650.55,40,1671.5,440,0,13360
BANKNIFTY30JAN2033500PE.NFO,07/01/2020,09:32:26,1660,1650.05,20,1669.9,20,0,13360
BANKNIFTY30JAN2033500PE.NFO,07/01/2020,09:32:27,1660,1646.9,40,1669.7,20,0,13360
BANKNIFTY30JAN2033500PE.NFO,07/01/2020,09:32:28,1660,1647,40,1669.05,20,0,13360
BANKNIFTY30JAN2033500PE.NFO,07/01/2020,09:32:30,1660,1646.95,600,1667.8,100,0,13360
BANKNIFTY30JAN2033500PE.NFO,07/01/2020,09:32:31,1660,1648.75,20,1668.45,100,0,13360
BANKNIFTY30JAN2033500PE.NFO,07/01/2020,09:32:32,1660,1644.45,40,1666.15,20,0,13360
BANKNIFTY30JAN2033500PE.NFO,07/01/2020,09:32:34,1660,1645.65,20,1665.6,20,0,13360
BANKNIFTY30JAN2033500PE.NFO,07/01/2020,09:32:35,1660,1644.85,180,1665.5,580,0,13360
BANKNIFTY30JAN2033500PE.NFO,07/01/2020,09:32:36,1660,1642.2,40,1663.95,20,0,13360
BANKNIFTY30JAN2033500PE.NFO,07/01/2020,09:32:37,1660,1642.3,40,1664,20,0,13360
BANKNIFTY30JAN2033500PE.NFO,07/01/2020,09:32:38,1660,1642.15,180,1663.5,580,0,13360
BANKNIFTY30JAN2033500PE.NFO,07/01/2020,09:32:40,1660,1642.15,180,1662.7,440,0,13360
BANKNIFTY30JAN2033500PE.NFO,07/01/2020,09:32:41,1660,1640.3,20,1660.95,440,0,13360
BANKNIFTY30JAN2033500PE.NFO,07/01/2020,09:32:42,1660,1640.85,40,1659.95,100,0,13360
BANKNIFTY30JAN2033500PE.NFO,07/01/2020,09:32:43,1660,1641.4,20,1659.95,100,0,13360
BANKNIFTY30JAN2033500PE.NFO,07/01/2020,09:32:45,1660,1641.35,100,1659.6,100,0,13360
BANKNIFTY30JAN2033500PE.NFO,07/01/2020,09:32:46,1660,1640.1,40,1658.9,20,0,13360
BANKNIFTY30JAN2033500PE.NFO,07/01/2020,09:32:47,1660,1640.1,40,1658.7,20,0,13360
BANKNIFTY30JAN2033500PE.NFO,07/01/2020,09:32:48,1660,1640.2,40,1658.55,100,0,13360
BANKNIFTY30JAN2033500PE.NFO,07/01/2020,09:32:49,1660,1640.2,40,1658.3,100,0,13360
BANKNIFTY30JAN2033500PE.NFO,07/01/2020,09:32:51,1660,1640.2,40,1658.05,100,0,13360
BANKNIFTY30JAN2033500PE.NFO,07/01/2020,09:32:52,1660,1640.2,40,1657.8,100,0,13360
BANKNIFTY30JAN2033500PE.NFO,07/01/2020,09:32:53,1660,1640.4,40,1657.95,100,0,13360
BANKNIFTY30JAN2033500PE.NFO,07/01/2020,09:32:55,1660,1641.6,40,1657.65,180,0,13360
BANKNIFTY30JAN2033500PE.NFO,07/01/2020,09:32:56,1660,1641.6,40,1662.65,440,0,13360
BANKNIFTY30JAN2033500PE.NFO,07/01/2020,09:32:57,1660,1642.5,40,1662.6,100,0,13360
BANKNIFTY30JAN2033500PE.NFO,07/01/2020,09:32:58,1660,1642.6,40,1662.35,100,0,13360
BANKNIFTY30JAN2033500PE.NFO,07/01/2020,09:33:00,1660,1642.6,40,1661.75,20,0,13360
BANKNIFTY30JAN2033500PE.NFO,07/01/2020,09:33:01,1660,1640.05,560,1661.05,20,0,13360
BANKNIFTY30JAN2033500PE.NFO,07/01/2020,09:33:02,1660,1640.5,40,1660.05,20,0,13360
BANKNIFTY30JAN2033500PE.NFO,07/01/2020,09:33:03,1660,1640.6,40,1659.5,20,0,13360
BANKNIFTY30JAN2033500PE.NFO,07/01/2020,09:33:04,1660,1642.35,40,1673.2,20,0,13360
BANKNIFTY30JAN2033500PE.NFO,07/01/2020,09:33:06,1660,1644.75,40,1668.05,100,0,13360
BANKNIFTY30JAN2033500PE.NFO,07/01/2020,09:33:07,1660,1645.6,20,1667.8,100,0,13360
BANKNIFTY30JAN2033500PE.NFO,07/01/2020,09:33:08,1660,1645.85,20,1666.3,20,0,13360
BANKNIFTY30JAN2033500PE.NFO,07/01/2020,09:33:09,1660,1642.75,20,1666.1,20,0,13360
BANKNIFTY30JAN2033500PE.NFO,07/01/2020,09:33:10,1660,1642.7,280,1665.8,680,0,13360
BANKNIFTY30JAN2033500PE.NFO,07/01/2020,09:33:11,1660,1642.75,40,1665.6,20,0,13360
BANKNIFTY30JAN2033500PE.NFO,07/01/2020,09:33:13,1660,1643.05,40,1662.4,20,0,13360
BANKNIFTY30JAN2033500PE.NFO,07/01/2020,09:33:14,1660,1640.1,40,1662.1,680,0,13360
BANKNIFTY30JAN2033500PE.NFO,07/01/2020,09:33:15,1660,1640.1,40,1661.9,20,0,13360
BANKNIFTY30JAN2033500PE.NFO,07/01/2020,09:33:16,1660,1641.05,20,1661.45,100,0,13360
BANKNIFTY30JAN2033500PE.NFO,07/01/2020,09:33:17,1660,1641.85,20,1661.2,100,0,13360
BANKNIFTY30JAN2033500PE.NFO,07/01/2020,09:33:18,1660,1642.55,20,1658.8,20,0,13360
BANKNIFTY30JAN2033500PE.NFO,07/01/2020,09:33:20,1660,1643.35,20,1658.7,100,0,13360
BANKNIFTY30JAN2033500PE.NFO,07/01/2020,09:33:21,1660,1640.15,40,1658.05,100,0,13360
BANKNIFTY30JAN2033500PE.NFO,07/01/2020,09:33:23,1660,1640.6,40,1657.55,100,0,13360
BANKNIFTY30JAN2033500PE.NFO,07/01/2020,09:33:24,1660,1640.7,40,1657.3,100,0,13360
BANKNIFTY30JAN2033500PE.NFO,07/01/2020,09:33:25,1660,1640.7,40,1657.05,100,0,13360
BANKNIFTY30JAN2033500PE.NFO,07/01/2020,09:33:26,1660,1640.75,40,1656.8,100,0,13360
BANKNIFTY30JAN2033500PE.NFO,07/01/2020,09:33:27,1660,1640.75,40,1656.95,260,0,13360
BANKNIFTY30JAN2033500PE.NFO,07/01/2020,09:33:28,1660,1641.05,20,1657,180,0,13360
BANKNIFTY30JAN2033500PE.NFO,07/01/2020,09:33:30,1660,1641.25,40,1657,180,0,13360
BANKNIFTY30JAN2033500PE.NFO,07/01/2020,09:33:31,1660,1641.25,40,1656.95,260,0,13360
BANKNIFTY30JAN2033500PE.NFO,07/01/2020,09:33:32,1660,1641.25,40,1656.7,100,0,13360
BANKNIFTY30JAN2033500PE.NFO,07/01/2020,09:33:33,1660,1641.25,40,1656.45,100,0,13360
BANKNIFTY30JAN2033500PE.NFO,07/01/2020,09:33:34,1660,1640.05,40,1656.2,100,0,13360
BANKNIFTY30JAN2033500PE.NFO,07/01/2020,09:33:35,1660,1640.05,40,1655.95,100,0,13360
BANKNIFTY30JAN2033500PE.NFO,07/01/2020,09:33:36,1660,1640,20,1656.05,100,0,13360
BANKNIFTY30JAN2033500PE.NFO,07/01/2020,09:33:37,1660,1640,20,1655.8,440,0,13360
BANKNIFTY30JAN2033500PE.NFO,07/01/2020,09:33:39,1660,1640,20,1655.6,100,0,13360
BANKNIFTY30JAN2033500PE.NFO,07/01/2020,09:33:40,1660,1640,20,1655.75,100,0,13360
BANKNIFTY30JAN2033500PE.NFO,07/01/2020,09:33:41,1660,1640,20,1655.45,20,0,13360
BANKNIFTY30JAN2033500PE.NFO,07/01/2020,09:33:42,1660,1640,20,1652.95,100,0,13360
BANKNIFTY30JAN2033500PE.NFO,07/01/2020,09:33:43,1660,1640,20,1652.05,20,0,13360
BANKNIFTY30JAN2033500PE.NFO,07/01/2020,09:33:44,1660,1640,20,1652,100,0,13360
BANKNIFTY30JAN2033500PE.NFO,07/01/2020,09:33:46,1660,1640,20,1651.75,100,0,13360
BANKNIFTY30JAN2033500PE.NFO,07/01/2020,09:33:47,1660,1640,20,1651.7,180,0,13360
BANKNIFTY30JAN2033500PE.NFO,07/01/2020,09:33:48,1660,1640,20,1651.65,100,0,13360
BANKNIFTY30JAN2033500PE.NFO,07/01/2020,09:33:49,1660,1640,20,1651.4,100,0,13360
BANKNIFTY30JAN2033500PE.NFO,07/01/2020,09:33:50,1660,1640,20,1651.15,100,0,13360
BANKNIFTY30JAN2033500PE.NFO,07/01/2020,09:33:51,1660,1640,20,1650.9,100,0,13360
BANKNIFTY30JAN2033500PE.NFO,07/01/2020,09:33:53,1660,1640,20,1650.55,180,0,13360
BANKNIFTY30JAN2033500PE.NFO,07/01/2020,09:33:54,1660,1640,20,1650.5,160,0,13360
BANKNIFTY30JAN2033500PE.NFO,07/01/2020,09:33:55,1660,1640,20,1650.55,180,0,13360
BANKNIFTY30JAN2033500PE.NFO,07/01/2020,09:33:56,1660,1640,20,1650,20,0,13360
BANKNIFTY30JAN2033500PE.NFO,07/01/2020,09:33:57,1660,1640,20,1649.85,100,0,13360
BANKNIFTY30JAN2033500PE.NFO,07/01/2020,09:33:59,1660,1640,20,1649.6,100,0,13360
BANKNIFTY30JAN2033500PE.NFO,07/01/2020,09:34:00,1660,1640,20,1649.35,20,0,13360
BANKNIFTY30JAN2033500PE.NFO,07/01/2020,09:34:01,1640,1629.6,20,1647.8,20,20,13360
BANKNIFTY30JAN2033500PE.NFO,07/01/2020,09:34:01,1640,1629.6,20,1647.8,20,0,13360
BANKNIFTY30JAN2033500PE.NFO,07/01/2020,09:34:02,1640,1629.7,40,1646.85,20,0,13360
BANKNIFTY30JAN2033500PE.NFO,07/01/2020,09:34:04,1640,1630.4,20,1648.55,100,0,13360
BANKNIFTY30JAN2033500PE.NFO,07/01/2020,09:34:05,1640,1631.25,40,1648.55,100,0,13360
BANKNIFTY30JAN2033500PE.NFO,07/01/2020,09:34:06,1640,1632.4,40,1648.55,100,0,13360
BANKNIFTY30JAN2033500PE.NFO,07/01/2020,09:34:07,1640,1634.95,40,1654.85,20,0,13360
BANKNIFTY30JAN2033500PE.NFO,07/01/2020,09:34:09,1640,1638.15,20,1655,200,0,13360
BANKNIFTY30JAN2033500PE.NFO,07/01/2020,09:34:10,1640,1639.15,40,1655,200,0,13360
BANKNIFTY30JAN2033500PE.NFO,07/01/2020,09:34:11,1640,1639.3,40,1654.95,100,0,13360
BANKNIFTY30JAN2033500PE.NFO,07/01/2020,09:34:12,1640,1639.4,40,1655,200,0,13360
BANKNIFTY30JAN2033500PE.NFO,07/01/2020,09:34:15,1640,1639.6,40,1655,200,0,13360
BANKNIFTY30JAN2033500PE.NFO,07/01/2020,09:34:16,1640,1639.7,40,1655,200,0,13360
BANKNIFTY30JAN2033500PE.NFO,07/01/2020,09:34:17,1640,1640.1,40,1655,200,0,13360
BANKNIFTY30JAN2033500PE.NFO,07/01/2020,09:34:18,1640,1640.2,40,1655,200,0,13360
BANKNIFTY30JAN2033500PE.NFO,07/01/2020,09:34:20,1655,1641.75,60,1663.5,180,200,13360
BANKNIFTY30JAN2033500PE.NFO,07/01/2020,09:34:21,1655,1642.75,40,1663.45,80,0,13360
BANKNIFTY30JAN2033500PE.NFO,07/01/2020,09:34:22,1655,1642.85,40,1663.1,20,0,13360
BANKNIFTY30JAN2033500PE.NFO,07/01/2020,09:34:23,1655,1648.2,40,1663.2,180,0,13360
BANKNIFTY30JAN2033500PE.NFO,07/01/2020,09:34:25,1655,1648.6,40,1663.2,180,0,13360
BANKNIFTY30JAN2033500PE.NFO,07/01/2020,09:34:27,1655,1649.1,40,1677.15,20,0,13360
BANKNIFTY30JAN2033500PE.NFO,07/01/2020,09:34:28,1655,1650.75,20,1674.95,20,0,13360
BANKNIFTY30JAN2033500PE.NFO,07/01/2020,09:34:29,1655,1651.9,20,1672.85,20,0,13360
BANKNIFTY30JAN2033500PE.NFO,07/01/2020,09:34:30,1655,1652.1,40,1672.15,20,0,13360
BANKNIFTY30JAN2033500PE.NFO,07/01/2020,09:34:31,1655,1652.3,40,1671.75,20,0,13360
BANKNIFTY30JAN2033500PE.NFO,07/01/2020,09:34:33,1655,1652.7,20,1671.5,100,0,13360
BANKNIFTY30JAN2033500PE.NFO,07/01/2020,09:34:34,1655,1655.5,40,1671.5,100,0,13360
BANKNIFTY30JAN2033500PE.NFO,07/01/2020,09:34:35,1655,1655.75,40,1671.5,100,0,13360
BANKNIFTY30JAN2033500PE.NFO,07/01/2020,09:34:36,1655,1655.8,40,1671.5,100,0,13360
BANKNIFTY30JAN2033500PE.NFO,07/01/2020,09:34:38,1655,1655.9,40,1672.55,80,0,13360
BANKNIFTY30JAN2033500PE.NFO,07/01/2020,09:34:39,1655,1656.5,40,1672.55,80,0,13360
BANKNIFTY30JAN2033500PE.NFO,07/01/2020,09:34:40,1655,1656.8,40,1672.55,80,0,13360
BANKNIFTY30JAN2033500PE.NFO,07/01/2020,09:34:41,1655,1656.9,40,1672.45,20,0,13360
BANKNIFTY30JAN2033500PE.NFO,07/01/2020,09:34:42,1655,1653.9,20,1672.6,100,0,13360
BANKNIFTY30JAN2033500PE.NFO,07/01/2020,09:34:43,1655,1652.15,40,1672.5,100,0,13360
BANKNIFTY30JAN2033500PE.NFO,07/01/2020,09:34:45,1655,1653.25,60,1672.55,80,0,13360
BANKNIFTY30JAN2033500PE.NFO,07/01/2020,09:34:46,1655,1654.05,40,1672.5,100,0,13360
BANKNIFTY30JAN2033500PE.NFO,07/01/2020,09:34:47,1655,1654.05,40,1672.55,80,0,13360
BANKNIFTY30JAN2033500PE.NFO,07/01/2020,09:34:48,1655,1650.35,40,1672.6,100,0,13360
BANKNIFTY30JAN2033500PE.NFO,07/01/2020,09:34:49,1655,1650.55,20,1672.25,100,0,13360
BANKNIFTY30JAN2033500PE.NFO,07/01/2020,09:34:50,1655,1651.9,40,1672.2,340,0,13360
BANKNIFTY30JAN2033500PE.NFO,07/01/2020,09:34:51,1655,1648.35,40,1670.2,100,0,13360
BANKNIFTY30JAN2033500PE.NFO,07/01/2020,09:34:53,1655,1649.9,40,1669.2,100,0,13360
BANKNIFTY30JAN2033500PE.NFO,07/01/2020,09:34:54,1655,1652.1,20,1669.15,80,0,13360
BANKNIFTY30JAN2033500PE.NFO,07/01/2020,09:34:55,1655,1654.75,20,1672.15,180,0,13360
BANKNIFTY30JAN2033500PE.NFO,07/01/2020,09:34:56,1655,1655.05,40,1672.1,260,0,13360
BANKNIFTY30JAN2033500PE.NFO,07/01/2020,09:34:58,1655,1652.45,60,1671.85,100,0,13360
BANKNIFTY30JAN2033500PE.NFO,07/01/2020,09:34:59,1655,1650.65,40,1670.45,20,0,13360
BANKNIFTY30JAN2033500PE.NFO,07/01/2020,09:35:00,1655,1650.65,40,1668.9,20,0,13360
BANKNIFTY30JAN2033500PE.NFO,07/01/2020,09:35:01,1655,1650,200,1668.55,100,0,13360
BANKNIFTY30JAN2033500PE.NFO,07/01/2020,09:35:02,1655,1650.25,20,1668.5,180,0,13360
BANKNIFTY30JAN2033500PE.NFO,07/01/2020,09:35:04,1655,1650.35,20,1668.3,100,0,13360
BANKNIFTY30JAN2033500PE.NFO,07/01/2020,09:35:05,1655,1650.35,380,1668.4,100,0,13360
BANKNIFTY30JAN2033500PE.NFO,07/01/2020,09:35:06,1655,1650.3,100,1668.4,260,0,13360
BANKNIFTY30JAN2033500PE.NFO,07/01/2020,09:35:07,1655,1650.1,40,1668.15,440,0,13360
BANKNIFTY30JAN2033500PE.NFO,07/01/2020,09:35:08,1655,1652.55,20,1669.85,180,0,13360
BANKNIFTY30JAN2033500PE.NFO,07/01/2020,09:35:09,1655,1653.9,40,1669.8,160,0,13360
BANKNIFTY30JAN2033500PE.NFO,07/01/2020,09:35:11,1655,1652.7,40,1669.8,160,0,13360
BANKNIFTY30JAN2033500PE.NFO,07/01/2020,09:35:12,1655,1650.15,520,1669.75,200,0,13360
BANKNIFTY30JAN2033500PE.NFO,07/01/2020,09:35:13,1655,1652.15,40,1669.45,180,0,13360
BANKNIFTY30JAN2033500PE.NFO,07/01/2020,09:35:14,1655,1653,40,1669.4,100,0,13360
BANKNIFTY30JAN2033500PE.NFO,07/01/2020,09:35:15,1655,1652.2,20,1669.4,100,0,13360
BANKNIFTY30JAN2033500PE.NFO,07/01/2020,09:35:16,1655,1652.3,40,1669.4,260,0,13360
BANKNIFTY30JAN2033500PE.NFO,07/01/2020,09:35:17,1655,1652.3,40,1669.4,160,0,13360
BANKNIFTY30JAN2033500PE.NFO,07/01/2020,09:35:18,1655,1653.7,40,1669.45,100,0,13360
BANKNIFTY30JAN2033500PE.NFO,07/01/2020,09:35:20,1655,1654.8,40,1680.25,100,0,13360
BANKNIFTY30JAN2033500PE.NFO,07/01/2020,09:35:21,1655,1655.4,40,1679.95,20,0,13360
BANKNIFTY30JAN2033500PE.NFO,07/01/2020,09:35:22,1655,1656.55,40,1679.75,100,0,13360
BANKNIFTY30JAN2033500PE.NFO,07/01/2020,09:35:23,1655,1656.95,40,1677.75,20,0,13360
BANKNIFTY30JAN2033500PE.NFO,07/01/2020,09:35:24,1655,1657.1,60,1677.25,20,0,13360
BANKNIFTY30JAN2033500PE.NFO,07/01/2020,09:35:26,1655,1657.5,20,1677.1,100,0,13360
BANKNIFTY30JAN2033500PE.NFO,07/01/2020,09:35:27,1655,1657.65,40,1677.15,100,0,13360
BANKNIFTY30JAN2033500PE.NFO,07/01/2020,09:35:28,1655,1657.75,20,1693.25,20,0,13360
BANKNIFTY30JAN2033500PE.NFO,07/01/2020,09:35:29,1655,1658.1,40,1684,20,0,13360
BANKNIFTY30JAN2033500PE.NFO,07/01/2020,09:35:30,1655,1658.35,40,1680.5,20,0,13360
BANKNIFTY30JAN2033500PE.NFO,07/01/2020,09:35:31,1655,1658.65,40,1680.3,100,0,13360
BANKNIFTY30JAN2033500PE.NFO,07/01/2020,09:35:32,1655,1658.75,40,1680.4,100,0,13360
BANKNIFTY30JAN2033500PE.NFO,07/01/2020,09:35:34,1655,1659.45,40,1680.1,20,0,13360
BANKNIFTY30JAN2033500PE.NFO,07/01/2020,09:35:35,1655,1655.6,40,1677.35,20,0,13360
BANKNIFTY30JAN2033500PE.NFO,07/01/2020,09:35:36,1655,1657.8,40,1677.1,100,0,13360
BANKNIFTY30JAN2033500PE.NFO,07/01/2020,09:35:37,1655,1659.45,40,1680,260,0,13360
BANKNIFTY30JAN2033500PE.NFO,07/01/2020,09:35:38,1655,1660.3,40,1679.95,360,0,13360
BANKNIFTY30JAN2033500PE.NFO,07/01/2020,09:35:39,1655,1661.5,20,1686.6,20,0,13360
BANKNIFTY30JAN2033500PE.NFO,07/01/2020,09:35:41,1655,1663.95,400,1683.3,280,0,13360
BANKNIFTY30JAN2033500PE.NFO,07/01/2020,09:35:42,1655,1666.45,20,1689.8,20,0,13360
BANKNIFTY30JAN2033500PE.NFO,07/01/2020,09:35:43,1655,1666.85,20,1687.55,20,0,13360
BANKNIFTY30JAN2033500PE.NFO,07/01/2020,09:35:44,1655,1670.35,20,1701.8,20,0,13360
BANKNIFTY30JAN2033500PE.NFO,07/01/2020,09:35:46,1655,1671.5,40,1696,20,0,13360
BANKNIFTY30JAN2033500PE.NFO,07/01/2020,09:35:47,1655,1671.7,40,1695.3,20,0,13360
BANKNIFTY30JAN2033500PE.NFO,07/01/2020,09:35:48,1655,1668.65,20,1693.3,20,0,13360
BANKNIFTY30JAN2033500PE.NFO,07/01/2020,09:35:50,1655,1666.15,180,1689.15,120,0,13360
BANKNIFTY30JAN2033500PE.NFO,07/01/2020,09:35:51,1655,1666.15,280,1688.85,20,0,13360
BANKNIFTY30JAN2033500PE.NFO,07/01/2020,09:35:52,1655,1666.15,280,1687.4,20,0,13360
BANKNIFTY30JAN2033500PE.NFO,07/01/2020,09:35:53,1655,1666.15,100,1686.85,100,0,13360
BANKNIFTY30JAN2033500PE.NFO,07/01/2020,09:35:54,1655,1666.15,100,1686.6,100,0,13360
BANKNIFTY30JAN2033500PE.NFO,07/01/2020,09:35:56,1655,1666.2,180,1686.35,100,0,13360
BANKNIFTY30JAN2033500PE.NFO,07/01/2020,09:35:57,1655,1666.2,180,1686.3,180,0,13360
BANKNIFTY30JAN2033500PE.NFO,07/01/2020,09:35:58,1655,1666.25,40,1686.2,100,0,13360
BANKNIFTY30JAN2033500PE.NFO,07/01/2020,09:35:59,1655,1666.2,180,1685.95,100,0,13360
BANKNIFTY30JAN2033500PE.NFO,07/01/2020,09:36:01,1655,1666.3,20,1685.9,100,0,13360
BANKNIFTY30JAN2033500PE.NFO,07/01/2020,09:36:02,1655,1666.25,80,1685.8,100,0,13360
BANKNIFTY30JAN2033500PE.NFO,07/01/2020,09:36:03,1655,1666.55,20,1685.85,80,0,13360
BANKNIFTY30JAN2033500PE.NFO,07/01/2020,09:36:04,1655,1667.3,20,1685.9,100,0,13360
BANKNIFTY30JAN2033500PE.NFO,07/01/2020,09:36:05,1655,1668.95,60,1685.9,100,0,13360
BANKNIFTY30JAN2033500PE.NFO,07/01/2020,09:36:07,1655,1669.15,40,1685.9,100,0,13360
BANKNIFTY30JAN2033500PE.NFO,07/01/2020,09:36:08,1655,1665.9,20,1685.8,100,0,13360
BANKNIFTY30JAN2033500PE.NFO,07/01/2020,09:36:09,1655,1665.85,180,1685.8,100,0,13360
BANKNIFTY30JAN2033500PE.NFO,07/01/2020,09:36:10,1655,1661,20,1684.75,680,0,13360
BANKNIFTY30JAN2033500PE.NFO,07/01/2020,09:36:12,1655,1662.2,180,1683.95,580,0,13360
BANKNIFTY30JAN2033500PE.NFO,07/01/2020,09:36:13,1655,1658.75,40,1683.65,20,0,13360
BANKNIFTY30JAN2033500PE.NFO,07/01/2020,09:36:14,1655,1658.7,180,1681.6,20,0,13360
BANKNIFTY30JAN2033500PE.NFO,07/01/2020,09:36:15,1655,1658.75,40,1679.7,20,0,13360
BANKNIFTY30JAN2033500PE.NFO,07/01/2020,09:36:16,1655,1658.95,20,1679.6,100,0,13360
BANKNIFTY30JAN2033500PE.NFO,07/01/2020,09:36:18,1655,1660.15,20,1679.35,100,0,13360
BANKNIFTY30JAN2033500PE.NFO,07/01/2020,09:36:19,1655,1660.95,40,1679.65,100,0,13360
BANKNIFTY30JAN2033500PE.NFO,07/01/2020,09:36:20,1655,1661.6,20,1689.15,100,0,13360
BANKNIFTY30JAN2033500PE.NFO,07/01/2020,09:36:21,1655,1659.25,40,1684.85,100,0,13360
BANKNIFTY30JAN2033500PE.NFO,07/01/2020,09:36:22,1655,1662.85,20,1683.4,20,0,13360
BANKNIFTY30JAN2033500PE.NFO,07/01/2020,09:36:23,1655,1664.2,20,1683.35,100,0,13360
BANKNIFTY30JAN2033500PE.NFO,07/01/2020,09:36:25,1655,1664.45,40,1683.3,240,0,13360
BANKNIFTY30JAN2033500PE.NFO,07/01/2020,09:36:26,1655,1664.75,20,1683.15,100,0,13360
BANKNIFTY30JAN2033500PE.NFO,07/01/2020,09:36:27,1655,1665.45,20,1683.1,180,0,13360
BANKNIFTY30JAN2033500PE.NFO,07/01/2020,09:36:29,1655,1664.8,20,1683.1,100,0,13360
BANKNIFTY30JAN2033500PE.NFO,07/01/2020,09:36:30,1655,1665.3,20,1683.05,80,0,13360
BANKNIFTY30JAN2033500PE.NFO,07/01/2020,09:36:31,1655,1665.9,20,1683,100,0,13360
BANKNIFTY30JAN2033500PE.NFO,07/01/2020,09:36:32,1655,1664.9,40,1682.75,100,0,13360
BANKNIFTY30JAN2033500PE.NFO,07/01/2020,09:36:33,1655,1661.85,40,1682.1,20,0,13360
BANKNIFTY30JAN2033500PE.NFO,07/01/2020,09:36:34,1655,1662.45,40,1682,100,0,13360
BANKNIFTY30JAN2033500PE.NFO,07/01/2020,09:36:36,1655,1661.95,40,1681,20,0,13360
BANKNIFTY30JAN2033500PE.NFO,07/01/2020,09:36:37,1655,1661.95,40,1680.7,100,0,13360
BANKNIFTY30JAN2033500PE.NFO,07/01/2020,09:36:38,1655,1661.95,40,1680.45,100,0,13360
BANKNIFTY30JAN2033500PE.NFO,07/01/2020,09:36:39,1655,1661.95,40,1680.2,100,0,13360
BANKNIFTY30JAN2033500PE.NFO,07/01/2020,09:36:40,1655,1661.9,280,1679.95,100,0,13360
BANKNIFTY30JAN2033500PE.NFO,07/01/2020,09:36:41,1655,1661.95,40,1679.7,100,0,13360
BANKNIFTY30JAN2033500PE.NFO,07/01/2020,09:36:42,1655,1661.95,40,1679.45,100,0,13360
BANKNIFTY30JAN2033500PE.NFO,07/01/2020,09:36:44,1655,1661.95,40,1679.2,100,0,13360
BANKNIFTY30JAN2033500PE.NFO,07/01/2020,09:36:45,1655,1661.9,280,1679.3,160,0,13360
BANKNIFTY30JAN2033500PE.NFO,07/01/2020,09:36:46,1655,1661.95,40,1679.05,440,0,13360
BANKNIFTY30JAN2033500PE.NFO,07/01/2020,09:36:47,1655,1662.05,40,1678.6,100,0,13360
BANKNIFTY30JAN2033500PE.NFO,07/01/2020,09:36:48,1655,1662.05,40,1678.35,100,0,13360
BANKNIFTY30JAN2033500PE.NFO,07/01/2020,09:36:50,1655,1657.65,40,1677.95,20,0,13360
BANKNIFTY30JAN2033500PE.NFO,07/01/2020,09:36:51,1655,1657.85,40,1677.75,100,0,13360
BANKNIFTY30JAN2033500PE.NFO,07/01/2020,09:36:52,1655,1657.8,180,1677.5,100,0,13360
BANKNIFTY30JAN2033500PE.NFO,07/01/2020,09:36:53,1655,1655,640,1677.25,100,0,13360
BANKNIFTY30JAN2033500PE.NFO,07/01/2020,09:36:54,1655,1655.1,40,1677,100,0,13360
BANKNIFTY30JAN2033500PE.NFO,07/01/2020,09:36:56,1655,1655.25,520,1676.75,100,0,13360
BANKNIFTY30JAN2033500PE.NFO,07/01/2020,09:36:57,1655,1655.25,360,1676.5,100,0,13360
BANKNIFTY30JAN2033500PE.NFO,07/01/2020,09:36:58,1655,1655.25,360,1676.65,100,0,13360
BANKNIFTY30JAN2033500PE.NFO,07/01/2020,09:36:59,1655,1655.3,280,1676.15,100,0,13360
BANKNIFTY30JAN2033500PE.NFO,07/01/2020,09:37:00,1655,1655.6,60,1676.1,100,0,13360
BANKNIFTY30JAN2033500PE.NFO,07/01/2020,09:37:02,1655,1656.3,20,1681.8,20,0,13360
BANKNIFTY30JAN2033500PE.NFO,07/01/2020,09:37:03,1655,1656.35,360,1679.05,20,0,13360
BANKNIFTY30JAN2033500PE.NFO,07/01/2020,09:37:04,1655,1656.35,280,1678.1,20,0,13360
BANKNIFTY30JAN2033500PE.NFO,07/01/2020,09:37:06,1655,1656.4,280,1677.8,100,0,13360
BANKNIFTY30JAN2033500PE.NFO,07/01/2020,09:37:07,1655,1656.4,40,1676.1,20,0,13360
BANKNIFTY30JAN2033500PE.NFO,07/01/2020,09:37:08,1655,1656.5,40,1677,20,0,13360
BANKNIFTY30JAN2033500PE.NFO,07/01/2020,09:37:09,1655,1658.5,20,1676.95,180,0,13360
BANKNIFTY30JAN2033500PE.NFO,07/01/2020,09:37:10,1655,1658.95,40,1676.95,280,0,13360
BANKNIFTY30JAN2033500PE.NFO,07/01/2020,09:37:12,1655,1659.6,40,1676.95,100,0,13360
BANKNIFTY30JAN2033500PE.NFO,07/01/2020,09:37:13,1655,1660.15,40,1676.95,100,0,13360
BANKNIFTY30JAN2033500PE.NFO,07/01/2020,09:37:14,1655,1661.6,40,1685.95,20,0,13360
BANKNIFTY30JAN2033500PE.NFO,07/01/2020,09:37:15,1655,1662.8,40,1685.8,20,0,13360
BANKNIFTY30JAN2033500PE.NFO,07/01/2020,09:37:17,1655,1663.4,40,1685.4,100,0,13360
BANKNIFTY30JAN2033500PE.NFO,07/01/2020,09:37:18,1655,1661.9,40,1685.1,20,0,13360
BANKNIFTY30JAN2033500PE.NFO,07/01/2020,09:37:19,1655,1661.9,40,1684.85,20,0,13360
BANKNIFTY30JAN2033500PE.NFO,07/01/2020,09:37:20,1655,1661.95,40,1681.95,20,0,13360
BANKNIFTY30JAN2033500PE.NFO,07/01/2020,09:37:22,1655,1662,40,1681.7,20,0,13360
BANKNIFTY30JAN2033500PE.NFO,07/01/2020,09:37:23,1655,1663.2,40,1681.45,440,0,13360
BANKNIFTY30JAN2033500PE.NFO,07/01/2020,09:37:24,1655,1663.4,40,1681,100,0,13360
BANKNIFTY30JAN2033500PE.NFO,07/01/2020,09:37:27,1655,1663.8,40,1680.5,100,0,13360
BANKNIFTY30JAN2033500PE.NFO,07/01/2020,09:37:28,1655,1664.15,40,1680.45,340,0,13360
BANKNIFTY30JAN2033500PE.NFO,07/01/2020,09:37:29,1655,1664.25,40,1680.4,100,0,13360
BANKNIFTY30JAN2033500PE.NFO,07/01/2020,09:37:31,1655,1664.4,40,1680.4,100,0,13360
BANKNIFTY30JAN2033500PE.NFO,07/01/2020,09:37:32,1655,1664.5,40,1680.4,100,0,13360
BANKNIFTY30JAN2033500PE.NFO,07/01/2020,09:37:34,1655,1665.8,20,1688.9,20,0,13360
BANKNIFTY30JAN2033500PE.NFO,07/01/2020,09:37:35,1655,1666.25,20,1685.4,100,0,13360
BANKNIFTY30JAN2033500PE.NFO,07/01/2020,09:37:37,1655,1666.25,20,1685.15,100,0,13360
BANKNIFTY30JAN2033500PE.NFO,07/01/2020,09:37:38,1655,1666.3,280,1684.9,100,0,13360
BANKNIFTY30JAN2033500PE.NFO,07/01/2020,09:37:39,1655,1666.3,280,1684.8,20,0,13360
BANKNIFTY30JAN2033500PE.NFO,07/01/2020,09:37:40,1655,1663.85,20,1684.4,100,0,13360
BANKNIFTY30JAN2033500PE.NFO,07/01/2020,09:37:42,1655,1664.45,20,1684.15,100,0,13360
BANKNIFTY30JAN2033500PE.NFO,07/01/2020,09:37:43,1655,1661.8,40,1682.7,20,0,13360
BANKNIFTY30JAN2033500PE.NFO,07/01/2020,09:37:44,1655,1661.9,40,1682.55,100,0,13360
BANKNIFTY30JAN2033500PE.NFO,07/01/2020,09:37:45,1655,1661.95,40,1682.6,100,0,13360
BANKNIFTY30JAN2033500PE.NFO,07/01/2020,09:37:48,1655,1661.95,40,1682.3,580,0,13360
BANKNIFTY30JAN2033500PE.NFO,07/01/2020,09:37:49,1655,1661.95,40,1682.05,580,0,13360
BANKNIFTY30JAN2033500PE.NFO,07/01/2020,09:37:50,1655,1662,40,1681.8,580,0,13360
BANKNIFTY30JAN2033500PE.NFO,07/01/2020,09:37:51,1655,1662.2,40,1681.55,580,0,13360
BANKNIFTY30JAN2033500PE.NFO,07/01/2020,09:37:52,1655,1662.3,40,1681.1,100,0,13360
BANKNIFTY30JAN2033500PE.NFO,07/01/2020,09:37:54,1655,1662.75,40,1680.85,100,0,13360
BANKNIFTY30JAN2033500PE.NFO,07/01/2020,09:37:55,1655,1663.1,40,1680.6,100,0,13360
BANKNIFTY30JAN2033500PE.NFO,07/01/2020,09:37:56,1655,1663.1,40,1680.3,20,0,13360
BANKNIFTY30JAN2033500PE.NFO,07/01/2020,09:37:57,1655,1663.1,40,1680.1,100,0,13360
BANKNIFTY30JAN2033500PE.NFO,07/01/2020,09:37:58,1655,1663.5,20,1680.2,100,0,13360
BANKNIFTY30JAN2033500PE.NFO,07/01/2020,09:38:00,1655,1663.9,20,1680.2,100,0,13360
BANKNIFTY30JAN2033500PE.NFO,07/01/2020,09:38:01,1655,1662,40,1680.2,100,0,13360
BANKNIFTY30JAN2033500PE.NFO,07/01/2020,09:38:02,1655,1662.05,100,1680.2,160,0,13360
BANKNIFTY30JAN2033500PE.NFO,07/01/2020,09:38:03,1655,1662.2,20,1679.1,100,0,13360
BANKNIFTY30JAN2033500PE.NFO,07/01/2020,09:38:05,1655,1662.1,40,1679.1,100,0,13360
BANKNIFTY30JAN2033500PE.NFO,07/01/2020,09:38:06,1655,1662.1,40,1678.8,340,0,13360
BANKNIFTY30JAN2033500PE.NFO,07/01/2020,09:38:07,1655,1662.1,40,1678.55,180,0,13360
BANKNIFTY30JAN2033500PE.NFO,07/01/2020,09:38:08,1655,1662.1,40,1678.55,100,0,13360
BANKNIFTY30JAN2033500PE.NFO,07/01/2020,09:38:09,1655,1662.6,20,1678.5,80,0,13360
BANKNIFTY30JAN2033500PE.NFO,07/01/2020,09:38:11,1655,1662.35,40,1678.5,80,0,13360
BANKNIFTY30JAN2033500PE.NFO,07/01/2020,09:38:12,1655,1662.45,40,1678.5,80,0,13360
BANKNIFTY30JAN2033500PE.NFO,07/01/2020,09:38:13,1655,1662.55,100,1678.45,100,0,13360
BANKNIFTY30JAN2033500PE.NFO,07/01/2020,09:38:14,1655,1659.85,40,1678.15,440,0,13360
BANKNIFTY30JAN2033500PE.NFO,07/01/2020,09:38:15,1655,1659.85,40,1677.9,280,0,13360
BANKNIFTY30JAN2033500PE.NFO,07/01/2020,09:38:17,1655,1659.85,40,1677.65,440,0,13360
BANKNIFTY30JAN2033500PE.NFO,07/01/2020,09:38:18,1655,1659.8,100,1677.2,100,0,13360
BANKNIFTY30JAN2033500PE.NFO,07/01/2020,09:38:19,1655,1659.95,40,1676.95,100,0,13360
BANKNIFTY30JAN2033500PE.NFO,07/01/2020,09:38:20,1655,1658.3,40,1676.7,100,0,13360
BANKNIFTY30JAN2033500PE.NFO,07/01/2020,09:38:21,1655,1658.95,40,1676.9,100,0,13360
BANKNIFTY30JAN2033500PE.NFO,07/01/2020,09:38:23,1655,1659.05,80,1676.85,100,0,13360
BANKNIFTY30JAN2033500PE.NFO,07/01/2020,09:38:24,1655,1659.55,40,1676.85,100,0,13360
BANKNIFTY30JAN2033500PE.NFO,07/01/2020,09:38:25,1655,1659.9,40,1686.05,20,0,13360
BANKNIFTY30JAN2033500PE.NFO,07/01/2020,09:38:26,1655,1660.55,40,1684.9,20,0,13360
BANKNIFTY30JAN2033500PE.NFO,07/01/2020,09:38:28,1655,1660.8,40,1683.5,20,0,13360
BANKNIFTY30JAN2033500PE.NFO,07/01/2020,09:38:29,1655,1661.9,40,1684.4,20,0,13360
