Ticker,Date,Time,LTP,BuyPrice,BuyQty,SellPrice,SellQty,LTQ,OpenInterest
BANKNIFTY09JAN2031800CE.NFO,07/01/2020,09:15:00,125.75,79.45,100,89.95,80,20,323680
BANKNIFTY09JAN2031800CE.NFO,07/01/2020,09:15:00,125.75,79.45,100,89.95,80,0,323680
BANKNIFTY09JAN2031800CE.NFO,07/01/2020,09:15:00,125.75,79.45,100,89.95,80,0,323680
BANKNIFTY09JAN2031800CE.NFO,07/01/2020,09:15:00,125.75,79.45,100,89.95,80,0,323680
BANKNIFTY09JAN2031800CE.NFO,07/01/2020,09:15:00,125.75,85,100,89.95,20,0,323680
BANKNIFTY09JAN2031800CE.NFO,07/01/2020,09:15:01,125.75,89.65,20,89.95,20,0,323680
BANKNIFTY09JAN2031800CE.NFO,07/01/2020,09:15:02,125.75,89.95,40,90,20,0,323680
BANKNIFTY09JAN2031800CE.NFO,07/01/2020,09:15:03,125.75,89.95,380,90,60,0,323680
BANKNIFTY09JAN2031800CE.NFO,07/01/2020,09:15:04,125.75,89.95,1200,90,60,0,323680
BANKNIFTY09JAN2031800CE.NFO,07/01/2020,09:15:05,125.75,89.95,1280,90,60,0,323680
BANKNIFTY09JAN2031800CE.NFO,07/01/2020,09:15:07,125.75,89.95,1300,90,60,0,323680
BANKNIFTY09JAN2031800CE.NFO,07/01/2020,09:15:08,125.75,89.95,1260,90,60,0,323680
BANKNIFTY09JAN2031800CE.NFO,07/01/2020,09:15:09,125.75,89.95,1280,90,120,0,323680
BANKNIFTY09JAN2031800CE.NFO,07/01/2020,09:15:10,125.75,89.95,1300,90,120,0,323680
BANKNIFTY09JAN2031800CE.NFO,07/01/2020,09:15:11,125.75,89.95,1800,90,180,0,323680
BANKNIFTY09JAN2031800CE.NFO,07/01/2020,09:15:12,125.75,89.95,2460,90,180,0,323680
BANKNIFTY09JAN2031800CE.NFO,07/01/2020,09:15:13,125.75,89.95,2580,90,680,0,323680
BANKNIFTY09JAN2031800CE.NFO,07/01/2020,09:15:13,125.75,89.95,2660,90,680,0,323680
BANKNIFTY09JAN2031800CE.NFO,07/01/2020,09:15:14,125.75,89.95,2560,90,680,0,323680
BANKNIFTY09JAN2031800CE.NFO,07/01/2020,09:15:15,125.75,89.95,2560,90,700,0,323680
BANKNIFTY09JAN2031800CE.NFO,07/01/2020,09:15:17,125.75,89.95,4060,90,680,0,323680
BANKNIFTY09JAN2031800CE.NFO,07/01/2020,09:15:18,125.75,89.95,5560,90,680,0,323680
BANKNIFTY09JAN2031800CE.NFO,07/01/2020,09:15:19,125.75,89.95,5540,90,680,0,323680
BANKNIFTY09JAN2031800CE.NFO,07/01/2020,09:15:20,125.75,89.95,5560,90,680,0,323680
BANKNIFTY09JAN2031800CE.NFO,07/01/2020,09:15:22,125.75,89.95,5560,90,620,0,323680
BANKNIFTY09JAN2031800CE.NFO,07/01/2020,09:15:23,125.75,89.95,5680,90,620,0,323680
BANKNIFTY09JAN2031800CE.NFO,07/01/2020,09:15:23,125.75,89.95,5560,90,620,0,323680
BANKNIFTY09JAN2031800CE.NFO,07/01/2020,09:15:24,125.75,89.95,5580,90,620,0,323680
BANKNIFTY09JAN2031800CE.NFO,07/01/2020,09:15:25,125.75,89.95,8000,90,120,0,323680
BANKNIFTY09JAN2031800CE.NFO,07/01/2020,09:15:26,125.75,89.95,8120,90,120,0,323680
BANKNIFTY09JAN2031800CE.NFO,07/01/2020,09:15:28,125.75,89.95,8000,90,120,0,323680
BANKNIFTY09JAN2031800CE.NFO,07/01/2020,09:15:31,125.75,89.95,5600,90,120,0,323680
BANKNIFTY09JAN2031800CE.NFO,07/01/2020,09:15:32,125.75,89.95,7600,90,120,0,323680
BANKNIFTY09JAN2031800CE.NFO,07/01/2020,09:15:33,125.75,89.95,7620,90,120,0,323680
BANKNIFTY09JAN2031800CE.NFO,07/01/2020,09:15:36,125.75,89.95,9720,90,120,0,323680
BANKNIFTY09JAN2031800CE.NFO,07/01/2020,09:15:37,125.75,89.95,9740,90,120,0,323680
BANKNIFTY09JAN2031800CE.NFO,07/01/2020,09:15:38,125.75,89.95,9640,90,120,0,323680
BANKNIFTY09JAN2031800CE.NFO,07/01/2020,09:15:39,125.75,89.95,19340,90,120,0,323680
BANKNIFTY09JAN2031800CE.NFO,07/01/2020,09:15:39,125.75,89.95,19300,90,120,0,323680
BANKNIFTY09JAN2031800CE.NFO,07/01/2020,09:15:40,125.75,89.95,12100,90,120,0,323680
BANKNIFTY09JAN2031800CE.NFO,07/01/2020,09:15:41,125.75,89.95,12020,90,120,0,323680
BANKNIFTY09JAN2031800CE.NFO,07/01/2020,09:15:43,125.75,93.8,40,93.85,200,0,323680
BANKNIFTY09JAN2031800CE.NFO,07/01/2020,09:15:44,141.1,141.7,20,146.15,20,36240,323680
BANKNIFTY09JAN2031800CE.NFO,07/01/2020,09:15:44,148,141.7,20,146.15,20,0,323680
BANKNIFTY09JAN2031800CE.NFO,07/01/2020,09:15:44,94,141.7,20,146.15,20,0,323680
BANKNIFTY09JAN2031800CE.NFO,07/01/2020,09:15:44,148,146.8,60,148.95,60,3120,323680
BANKNIFTY09JAN2031800CE.NFO,07/01/2020,09:15:46,154.1,153.8,20,154.95,20,3740,323680
BANKNIFTY09JAN2031800CE.NFO,07/01/2020,09:15:46,155,153.8,20,154.95,20,0,323680
BANKNIFTY09JAN2031800CE.NFO,07/01/2020,09:15:47,152,152.05,140,156.75,60,4340,323680
BANKNIFTY09JAN2031800CE.NFO,07/01/2020,09:15:47,158.9,152.05,140,156.75,60,0,323680
BANKNIFTY09JAN2031800CE.NFO,07/01/2020,09:15:47,154.75,153.75,80,154.85,20,920,323680
BANKNIFTY09JAN2031800CE.NFO,07/01/2020,09:15:49,155.9,156.05,120,159,20,3140,323680
BANKNIFTY09JAN2031800CE.NFO,07/01/2020,09:15:49,159.8,156.05,120,159,20,0,323680
BANKNIFTY09JAN2031800CE.NFO,07/01/2020,09:15:50,160,159.35,20,160,1060,3720,323680
BANKNIFTY09JAN2031800CE.NFO,07/01/2020,09:15:50,160,159.35,20,160,1060,0,323680
BANKNIFTY09JAN2031800CE.NFO,07/01/2020,09:15:50,159.8,159.05,20,159.4,20,200,323680
BANKNIFTY09JAN2031800CE.NFO,07/01/2020,09:15:52,160.1,160.1,60,161.3,20,3660,323680
BANKNIFTY09JAN2031800CE.NFO,07/01/2020,09:15:52,161.55,160.1,60,161.3,20,0,323680
BANKNIFTY09JAN2031800CE.NFO,07/01/2020,09:15:53,163.2,163.15,40,164.15,20,4900,323680
BANKNIFTY09JAN2031800CE.NFO,07/01/2020,09:15:53,166.35,163.15,40,164.15,20,0,323680
BANKNIFTY09JAN2031800CE.NFO,07/01/2020,09:15:53,163.35,163.3,40,164,40,3400,323680
BANKNIFTY09JAN2031800CE.NFO,07/01/2020,09:15:53,175,163.3,40,164,40,0,323680
BANKNIFTY09JAN2031800CE.NFO,07/01/2020,09:15:55,160.1,160.1,20,161.85,20,5280,323680
BANKNIFTY09JAN2031800CE.NFO,07/01/2020,09:15:56,161.25,161.1,40,162.2,20,3960,323680
BANKNIFTY09JAN2031800CE.NFO,07/01/2020,09:15:56,160.35,160.55,80,161.7,20,440,323680
BANKNIFTY09JAN2031800CE.NFO,07/01/2020,09:15:58,160.15,160.1,220,161.35,20,6180,323680
BANKNIFTY09JAN2031800CE.NFO,07/01/2020,09:15:59,162.85,160.25,120,162.85,60,8260,323680
BANKNIFTY09JAN2031800CE.NFO,07/01/2020,09:15:59,162.25,160.95,180,162.25,100,2260,323680
BANKNIFTY09JAN2031800CE.NFO,07/01/2020,09:16:01,157.75,159.1,20,163.85,20,12580,323680
BANKNIFTY09JAN2031800CE.NFO,07/01/2020,09:16:02,162.05,160.6,40,161.85,40,7520,323680
BANKNIFTY09JAN2031800CE.NFO,07/01/2020,09:16:02,160,159.85,20,161.05,20,3260,323680
BANKNIFTY09JAN2031800CE.NFO,07/01/2020,09:16:04,161.45,161.4,40,163.35,20,6220,323680
BANKNIFTY09JAN2031800CE.NFO,07/01/2020,09:16:05,161,161.1,40,161.9,20,5520,323680
BANKNIFTY09JAN2031800CE.NFO,07/01/2020,09:16:05,162,162,100,162.4,20,1560,323680
BANKNIFTY09JAN2031800CE.NFO,07/01/2020,09:16:07,163.95,163.95,140,164.95,40,6360,323680
BANKNIFTY09JAN2031800CE.NFO,07/01/2020,09:16:08,161.9,161.85,20,162.25,20,4980,323680
BANKNIFTY09JAN2031800CE.NFO,07/01/2020,09:16:08,163.15,162.35,20,163.15,100,820,323680
BANKNIFTY09JAN2031800CE.NFO,07/01/2020,09:16:10,162,161.75,20,162,1140,6440,323680
BANKNIFTY09JAN2031800CE.NFO,07/01/2020,09:16:11,162.35,162.45,60,162.85,20,6620,323680
BANKNIFTY09JAN2031800CE.NFO,07/01/2020,09:16:11,163.2,161.95,20,163.15,80,800,323680
BANKNIFTY09JAN2031800CE.NFO,07/01/2020,09:16:13,163.95,163.15,20,163.95,120,2160,323680
BANKNIFTY09JAN2031800CE.NFO,07/01/2020,09:16:14,162.1,161.8,20,162.6,20,6620,323680
BANKNIFTY09JAN2031800CE.NFO,07/01/2020,09:16:15,163.6,163.4,120,163.85,20,3060,323680
BANKNIFTY09JAN2031800CE.NFO,07/01/2020,09:16:16,162.3,161.7,20,162.4,20,5060,323680
BANKNIFTY09JAN2031800CE.NFO,07/01/2020,09:16:17,162.6,162.55,20,162.6,20,1520,323680
BANKNIFTY09JAN2031800CE.NFO,07/01/2020,09:16:18,165.3,165.3,80,165.35,60,3900,323680
BANKNIFTY09JAN2031800CE.NFO,07/01/2020,09:16:18,165.1,165.2,140,165.9,120,1220,323680
BANKNIFTY09JAN2031800CE.NFO,07/01/2020,09:16:20,166.25,166.3,40,167.15,200,4860,323680
BANKNIFTY09JAN2031800CE.NFO,07/01/2020,09:16:21,165.65,164.85,240,165.65,60,6080,323680
BANKNIFTY09JAN2031800CE.NFO,07/01/2020,09:16:21,165.1,164.9,80,165.85,80,1020,323680
BANKNIFTY09JAN2031800CE.NFO,07/01/2020,09:16:23,165.4,165.4,60,166.45,60,3500,323680
BANKNIFTY09JAN2031800CE.NFO,07/01/2020,09:16:24,166.15,166.15,100,166.9,80,2800,323680
BANKNIFTY09JAN2031800CE.NFO,07/01/2020,09:16:24,166.5,165.95,80,166.55,60,420,323680
BANKNIFTY09JAN2031800CE.NFO,07/01/2020,09:16:26,166.8,166.1,40,166.8,80,4260,323680
BANKNIFTY09JAN2031800CE.NFO,07/01/2020,09:16:27,166.75,166.1,120,166.75,100,1300,323680
BANKNIFTY09JAN2031800CE.NFO,07/01/2020,09:16:27,166.8,166.35,80,166.95,80,620,323680
BANKNIFTY09JAN2031800CE.NFO,07/01/2020,09:16:29,166.95,166.2,100,166.85,20,1400,323680
BANKNIFTY09JAN2031800CE.NFO,07/01/2020,09:16:30,166.8,166.55,120,167.5,20,4420,323680
BANKNIFTY09JAN2031800CE.NFO,07/01/2020,09:16:30,167.15,167.2,80,167.85,60,260,323680
BANKNIFTY09JAN2031800CE.NFO,07/01/2020,09:16:32,170.5,168.45,100,169.25,80,9880,323680
BANKNIFTY09JAN2031800CE.NFO,07/01/2020,09:16:33,167.9,167.9,40,168.3,80,1240,323680
BANKNIFTY09JAN2031800CE.NFO,07/01/2020,09:16:34,169.35,168.6,160,168.65,40,3440,323680
BANKNIFTY09JAN2031800CE.NFO,07/01/2020,09:16:35,168.45,168.45,40,169.05,120,4220,323680
BANKNIFTY09JAN2031800CE.NFO,07/01/2020,09:16:36,168.95,168.65,20,169.1,20,1760,323680
BANKNIFTY09JAN2031800CE.NFO,07/01/2020,09:16:37,168.1,168.15,20,168.8,80,5020,323680
BANKNIFTY09JAN2031800CE.NFO,07/01/2020,09:16:37,168.05,168,320,168.7,80,740,323680
BANKNIFTY09JAN2031800CE.NFO,07/01/2020,09:16:38,168.05,168.05,40,168.45,80,1400,323680
BANKNIFTY09JAN2031800CE.NFO,07/01/2020,09:16:40,169.15,169.15,40,169.5,80,7400,323680
BANKNIFTY09JAN2031800CE.NFO,07/01/2020,09:16:41,168.5,168.2,80,168.55,80,1660,323680
BANKNIFTY09JAN2031800CE.NFO,07/01/2020,09:16:41,168.2,168.35,40,169,80,1500,323680
BANKNIFTY09JAN2031800CE.NFO,07/01/2020,09:16:43,169.4,168.75,120,169.4,60,4820,323680
BANKNIFTY09JAN2031800CE.NFO,07/01/2020,09:16:44,170.1,169.3,40,170.1,80,2500,323680
BANKNIFTY09JAN2031800CE.NFO,07/01/2020,09:16:44,170,170,420,170.2,40,4080,323680
BANKNIFTY09JAN2031800CE.NFO,07/01/2020,09:16:46,170.05,169.35,160,170.1,100,7140,323680
BANKNIFTY09JAN2031800CE.NFO,07/01/2020,09:16:47,170.9,170.4,40,170.85,60,2480,323680
BANKNIFTY09JAN2031800CE.NFO,07/01/2020,09:16:48,170.25,170.45,60,171.05,60,720,323680
BANKNIFTY09JAN2031800CE.NFO,07/01/2020,09:16:49,171.6,170.9,80,171.6,60,2020,323680
BANKNIFTY09JAN2031800CE.NFO,07/01/2020,09:16:49,171.5,170.8,40,171.5,100,620,323680
BANKNIFTY09JAN2031800CE.NFO,07/01/2020,09:16:51,172.35,171.75,20,172.3,60,1820,323680
BANKNIFTY09JAN2031800CE.NFO,07/01/2020,09:16:51,170.65,170.7,60,171.6,20,2820,323680
BANKNIFTY09JAN2031800CE.NFO,07/01/2020,09:16:52,170.7,170.75,60,171.9,80,2340,323680
BANKNIFTY09JAN2031800CE.NFO,07/01/2020,09:16:54,172.65,171.9,60,172.55,160,1840,323680
BANKNIFTY09JAN2031800CE.NFO,07/01/2020,09:16:55,171.95,171.6,40,171.95,60,2820,323680
BANKNIFTY09JAN2031800CE.NFO,07/01/2020,09:16:56,172.8,172.25,40,172.8,60,2180,323680
BANKNIFTY09JAN2031800CE.NFO,07/01/2020,09:16:56,173,173,220,173.35,80,1360,323680
BANKNIFTY09JAN2031800CE.NFO,07/01/2020,09:16:58,172.95,172.5,100,172.9,80,1700,323680
BANKNIFTY09JAN2031800CE.NFO,07/01/2020,09:16:59,173.75,173.5,80,174.05,60,6260,323680
BANKNIFTY09JAN2031800CE.NFO,07/01/2020,09:17:00,174.75,174.15,60,174.7,40,1420,323680
BANKNIFTY09JAN2031800CE.NFO,07/01/2020,09:17:00,173.85,173.85,40,174.5,120,120,323680
BANKNIFTY09JAN2031800CE.NFO,07/01/2020,09:17:01,173.35,173.35,600,173.55,40,2640,323680
BANKNIFTY09JAN2031800CE.NFO,07/01/2020,09:17:03,174.8,173.9,100,174.8,280,4620,323680
BANKNIFTY09JAN2031800CE.NFO,07/01/2020,09:17:04,175.15,175.05,60,175.35,80,4780,323680
BANKNIFTY09JAN2031800CE.NFO,07/01/2020,09:17:04,176,175.05,60,175.35,80,0,323680
BANKNIFTY09JAN2031800CE.NFO,07/01/2020,09:17:05,174.95,174.65,80,174.95,20,1020,323680
BANKNIFTY09JAN2031800CE.NFO,07/01/2020,09:17:06,173.8,173.5,240,173.8,40,2840,323680
BANKNIFTY09JAN2031800CE.NFO,07/01/2020,09:17:07,174.15,174,80,174.15,1580,2360,323680
BANKNIFTY09JAN2031800CE.NFO,07/01/2020,09:17:08,174,173.35,200,174,20,4720,323680
BANKNIFTY09JAN2031800CE.NFO,07/01/2020,09:17:08,173.85,173.4,80,173.95,120,380,334780
BANKNIFTY09JAN2031800CE.NFO,07/01/2020,09:17:10,173.95,173.5,80,173.95,60,1740,334780
BANKNIFTY09JAN2031800CE.NFO,07/01/2020,09:17:11,172.95,172.95,80,174,40,5320,334780
BANKNIFTY09JAN2031800CE.NFO,07/01/2020,09:17:11,173.4,173.4,60,173.95,80,2480,334780
BANKNIFTY09JAN2031800CE.NFO,07/01/2020,09:17:12,174.45,173.05,20,173.55,60,3320,334780
BANKNIFTY09JAN2031800CE.NFO,07/01/2020,09:17:14,173.05,173,400,173.75,40,3360,334780
BANKNIFTY09JAN2031800CE.NFO,07/01/2020,09:17:15,173.55,173.1,80,173.55,20,2160,334780
BANKNIFTY09JAN2031800CE.NFO,07/01/2020,09:17:16,172.2,172.1,80,173,120,2180,334780
BANKNIFTY09JAN2031800CE.NFO,07/01/2020,09:17:16,172.85,172.05,1600,172.8,40,1620,334780
BANKNIFTY09JAN2031800CE.NFO,07/01/2020,09:17:18,172.05,172.1,160,172.95,260,3520,334780
BANKNIFTY09JAN2031800CE.NFO,07/01/2020,09:17:19,172.8,172.15,60,173,180,5020,334780
BANKNIFTY09JAN2031800CE.NFO,07/01/2020,09:17:20,173.3,172.65,20,173.3,20,1320,334780
BANKNIFTY09JAN2031800CE.NFO,07/01/2020,09:17:21,172.9,172.5,60,173,40,2280,334780
BANKNIFTY09JAN2031800CE.NFO,07/01/2020,09:17:22,173.2,172.35,60,173.15,60,1320,334780
BANKNIFTY09JAN2031800CE.NFO,07/01/2020,09:17:23,172.1,172.1,120,172.75,20,1160,334780
BANKNIFTY09JAN2031800CE.NFO,07/01/2020,09:17:24,171.75,171.65,120,172,840,4720,334780
BANKNIFTY09JAN2031800CE.NFO,07/01/2020,09:17:25,172.1,171.7,80,172.1,280,3100,334780
BANKNIFTY09JAN2031800CE.NFO,07/01/2020,09:17:25,171.45,171.15,80,171.5,300,180,334780
BANKNIFTY09JAN2031800CE.NFO,07/01/2020,09:17:27,170,170.15,80,170.75,80,8880,334780
BANKNIFTY09JAN2031800CE.NFO,07/01/2020,09:17:28,168.25,168.25,60,168.4,20,9520,334780
BANKNIFTY09JAN2031800CE.NFO,07/01/2020,09:17:29,167.5,167.4,80,167.55,20,2160,334780
BANKNIFTY09JAN2031800CE.NFO,07/01/2020,09:17:30,167.3,167.3,180,167.7,80,2660,334780
BANKNIFTY09JAN2031800CE.NFO,07/01/2020,09:17:31,164.8,165,40,165.6,80,10080,334780
BANKNIFTY09JAN2031800CE.NFO,07/01/2020,09:17:31,163.45,163.2,40,164.1,80,640,334780
BANKNIFTY09JAN2031800CE.NFO,07/01/2020,09:17:33,162.4,162.4,20,162.85,60,2640,334780
BANKNIFTY09JAN2031800CE.NFO,07/01/2020,09:17:34,161.65,161.5,80,161.55,80,4180,334780
BANKNIFTY09JAN2031800CE.NFO,07/01/2020,09:17:35,162.8,162.35,40,162.8,60,1340,334780
BANKNIFTY09JAN2031800CE.NFO,07/01/2020,09:17:36,162.05,162.05,60,162.45,40,1860,334780
BANKNIFTY09JAN2031800CE.NFO,07/01/2020,09:17:37,162.05,162.05,20,162.65,20,1640,334780
BANKNIFTY09JAN2031800CE.NFO,07/01/2020,09:17:38,161.6,162.2,60,162.7,40,1480,334780
BANKNIFTY09JAN2031800CE.NFO,07/01/2020,09:17:38,161.8,160.85,20,161.55,80,360,334780
BANKNIFTY09JAN2031800CE.NFO,07/01/2020,09:17:40,160.75,160.35,100,161.2,120,3620,334780
BANKNIFTY09JAN2031800CE.NFO,07/01/2020,09:17:41,160.25,160.35,80,160.95,20,1140,334780
BANKNIFTY09JAN2031800CE.NFO,07/01/2020,09:17:42,160.35,160,2480,160.35,80,320,334780
BANKNIFTY09JAN2031800CE.NFO,07/01/2020,09:17:42,160.4,160,1300,160.4,60,1500,334780
BANKNIFTY09JAN2031800CE.NFO,07/01/2020,09:17:43,160.5,160.3,60,160.5,40,1620,334780
BANKNIFTY09JAN2031800CE.NFO,07/01/2020,09:17:45,160.55,160,20,160.5,80,1900,334780
BANKNIFTY09JAN2031800CE.NFO,07/01/2020,09:17:46,160,159.65,80,160,140,640,334780
BANKNIFTY09JAN2031800CE.NFO,07/01/2020,09:17:47,160.05,159.35,120,160.05,180,3720,334780
BANKNIFTY09JAN2031800CE.NFO,07/01/2020,09:17:48,159.35,159.3,40,159.95,80,1840,334780
BANKNIFTY09JAN2031800CE.NFO,07/01/2020,09:17:49,159.3,159.25,80,159.65,40,480,334780
BANKNIFTY09JAN2031800CE.NFO,07/01/2020,09:17:50,159.2,158.55,80,159.05,40,2160,334780
BANKNIFTY09JAN2031800CE.NFO,07/01/2020,09:17:51,158,157.45,80,158,20,2220,334780
BANKNIFTY09JAN2031800CE.NFO,07/01/2020,09:17:52,157.8,157.25,100,157.55,100,1880,334780
BANKNIFTY09JAN2031800CE.NFO,07/01/2020,09:17:53,157.65,157.25,80,157.65,40,1240,334780
BANKNIFTY09JAN2031800CE.NFO,07/01/2020,09:17:54,157,157.6,80,158.1,40,1860,334780
BANKNIFTY09JAN2031800CE.NFO,07/01/2020,09:17:54,157.95,157.55,20,157.95,60,120,334780
BANKNIFTY09JAN2031800CE.NFO,07/01/2020,09:17:56,158.95,158.4,20,158.95,40,1380,334780
BANKNIFTY09JAN2031800CE.NFO,07/01/2020,09:17:57,158.95,158.9,600,159.1,100,4520,334780
BANKNIFTY09JAN2031800CE.NFO,07/01/2020,09:17:58,159.1,159,60,159.75,20,3240,334780
BANKNIFTY09JAN2031800CE.NFO,07/01/2020,09:17:59,160.15,159.75,80,160,20,4440,334780
BANKNIFTY09JAN2031800CE.NFO,07/01/2020,09:18:00,161.75,160.6,80,161.4,60,1860,334780
BANKNIFTY09JAN2031800CE.NFO,07/01/2020,09:18:01,162,162,540,162.2,20,3840,334780
BANKNIFTY09JAN2031800CE.NFO,07/01/2020,09:18:01,162,162,140,162.15,80,1100,334780
BANKNIFTY09JAN2031800CE.NFO,07/01/2020,09:18:03,165.2,164.95,40,165.55,120,4220,334780
BANKNIFTY09JAN2031800CE.NFO,07/01/2020,09:18:04,167.15,167.25,200,168,80,3440,334780
BANKNIFTY09JAN2031800CE.NFO,07/01/2020,09:18:04,167.85,167.45,120,168.1,40,2380,334780
BANKNIFTY09JAN2031800CE.NFO,07/01/2020,09:18:06,168.7,168.3,60,168.95,40,3660,334780
BANKNIFTY09JAN2031800CE.NFO,07/01/2020,09:18:07,169.05,169,40,169.55,20,3720,334780
BANKNIFTY09JAN2031800CE.NFO,07/01/2020,09:18:08,169.75,169.75,60,170.25,40,3040,334780
BANKNIFTY09JAN2031800CE.NFO,07/01/2020,09:18:09,169.8,169.8,40,170.05,80,2840,334780
BANKNIFTY09JAN2031800CE.NFO,07/01/2020,09:18:09,169.05,169,200,169.55,80,1000,334780
BANKNIFTY09JAN2031800CE.NFO,07/01/2020,09:18:11,170.25,170.35,60,170.7,40,2560,334780
BANKNIFTY09JAN2031800CE.NFO,07/01/2020,09:18:12,171.15,171.15,20,171.7,40,2700,334780
BANKNIFTY09JAN2031800CE.NFO,07/01/2020,09:18:13,171.35,170.9,20,171.35,40,1420,334780
BANKNIFTY09JAN2031800CE.NFO,07/01/2020,09:18:14,170.65,170.05,20,170.55,60,2340,334780
BANKNIFTY09JAN2031800CE.NFO,07/01/2020,09:18:15,171.15,171.35,80,172.05,20,3340,334780
BANKNIFTY09JAN2031800CE.NFO,07/01/2020,09:18:15,171.8,171.55,80,172.4,180,840,334780
BANKNIFTY09JAN2031800CE.NFO,07/01/2020,09:18:17,173.2,173.2,40,173.95,20,4100,334780
BANKNIFTY09JAN2031800CE.NFO,07/01/2020,09:18:18,174,173.45,80,174,60,3140,334780
BANKNIFTY09JAN2031800CE.NFO,07/01/2020,09:18:18,173.45,173.65,80,174.1,80,420,334780
BANKNIFTY09JAN2031800CE.NFO,07/01/2020,09:18:20,174,174,80,174.45,100,5460,334780
BANKNIFTY09JAN2031800CE.NFO,07/01/2020,09:18:20,174.2,174.15,340,174.65,80,640,334780
BANKNIFTY09JAN2031800CE.NFO,07/01/2020,09:18:21,174.45,174.25,200,174.8,60,1100,334780
BANKNIFTY09JAN2031800CE.NFO,07/01/2020,09:18:22,175.8,175.2,20,175.65,240,7040,334780
BANKNIFTY09JAN2031800CE.NFO,07/01/2020,09:18:22,176.95,175.2,20,175.65,240,0,334780
BANKNIFTY09JAN2031800CE.NFO,07/01/2020,09:18:24,176.15,176.15,80,176.7,20,5320,334780
BANKNIFTY09JAN2031800CE.NFO,07/01/2020,09:18:24,177,176.15,80,176.7,20,0,334780
BANKNIFTY09JAN2031800CE.NFO,07/01/2020,09:18:25,175.9,176.2,20,176.7,80,2500,334780
BANKNIFTY09JAN2031800CE.NFO,07/01/2020,09:18:25,176.8,176.45,60,177,100,320,334780
BANKNIFTY09JAN2031800CE.NFO,07/01/2020,09:18:26,176.8,176.8,60,177.55,100,2720,334780
BANKNIFTY09JAN2031800CE.NFO,07/01/2020,09:18:26,177.8,176.8,60,177.55,100,0,334780
BANKNIFTY09JAN2031800CE.NFO,07/01/2020,09:18:28,177.75,177,40,177.85,40,3820,334780
BANKNIFTY09JAN2031800CE.NFO,07/01/2020,09:18:28,177.95,177,40,177.85,40,0,334780
BANKNIFTY09JAN2031800CE.NFO,07/01/2020,09:18:29,176.9,176.15,40,176.6,40,1160,334780
BANKNIFTY09JAN2031800CE.NFO,07/01/2020,09:18:30,176.7,176.1,40,176.8,40,1500,334780
BANKNIFTY09JAN2031800CE.NFO,07/01/2020,09:18:30,177.05,176.65,40,177.3,40,640,334780
BANKNIFTY09JAN2031800CE.NFO,07/01/2020,09:18:31,176.7,176.25,40,176.7,40,1200,334780
BANKNIFTY09JAN2031800CE.NFO,07/01/2020,09:18:33,176.5,176.1,80,176.5,200,3240,334780
BANKNIFTY09JAN2031800CE.NFO,07/01/2020,09:18:34,175.4,174.65,20,175.4,60,5220,334780
BANKNIFTY09JAN2031800CE.NFO,07/01/2020,09:18:35,174.15,174.15,60,174.75,60,3000,334780
BANKNIFTY09JAN2031800CE.NFO,07/01/2020,09:18:36,173.15,173.1,20,173.8,120,580,334780
BANKNIFTY09JAN2031800CE.NFO,07/01/2020,09:18:37,172.85,172.45,80,172.95,40,1100,334780
BANKNIFTY09JAN2031800CE.NFO,07/01/2020,09:18:38,171.3,171,100,171.1,20,2740,334780
BANKNIFTY09JAN2031800CE.NFO,07/01/2020,09:18:39,170.8,170.75,20,171.15,120,2160,334780
BANKNIFTY09JAN2031800CE.NFO,07/01/2020,09:18:40,168.8,168.05,20,168.4,120,4120,334780
BANKNIFTY09JAN2031800CE.NFO,07/01/2020,09:18:40,168.65,167.6,100,168.45,60,760,334780
BANKNIFTY09JAN2031800CE.NFO,07/01/2020,09:18:42,166.55,165.95,80,166.6,60,1260,334780
BANKNIFTY09JAN2031800CE.NFO,07/01/2020,09:18:43,166.35,165.9,60,166.5,60,1460,334780
BANKNIFTY09JAN2031800CE.NFO,07/01/2020,09:18:44,166.45,165.5,80,166,20,1920,334780
BANKNIFTY09JAN2031800CE.NFO,07/01/2020,09:18:45,168.45,168.4,80,168.95,100,3940,334780
BANKNIFTY09JAN2031800CE.NFO,07/01/2020,09:18:45,169.1,169.1,80,169.8,80,1080,334780
BANKNIFTY09JAN2031800CE.NFO,07/01/2020,09:18:47,168.1,167.65,80,168.1,20,660,334780
BANKNIFTY09JAN2031800CE.NFO,07/01/2020,09:18:48,167.3,167.25,20,168.05,120,1480,334780
BANKNIFTY09JAN2031800CE.NFO,07/01/2020,09:18:49,167.9,167.25,180,167.9,100,640,334780
BANKNIFTY09JAN2031800CE.NFO,07/01/2020,09:18:50,166.6,166.6,40,167.05,80,1400,334780
BANKNIFTY09JAN2031800CE.NFO,07/01/2020,09:18:51,166.9,166.35,20,166.85,100,440,334780
BANKNIFTY09JAN2031800CE.NFO,07/01/2020,09:18:52,166.05,166.35,80,166.6,40,120,334780
BANKNIFTY09JAN2031800CE.NFO,07/01/2020,09:18:53,165.65,165.45,120,166.35,60,3320,334780
BANKNIFTY09JAN2031800CE.NFO,07/01/2020,09:18:54,166.25,165.8,60,166.35,20,420,334780
BANKNIFTY09JAN2031800CE.NFO,07/01/2020,09:18:54,166.4,165.9,60,166.45,60,240,334780
BANKNIFTY09JAN2031800CE.NFO,07/01/2020,09:18:56,165.65,165.65,60,166.1,100,2960,334780
BANKNIFTY09JAN2031800CE.NFO,07/01/2020,09:18:57,165.7,165.3,100,165.75,20,1100,334780
BANKNIFTY09JAN2031800CE.NFO,07/01/2020,09:18:58,165.65,165.5,80,166,140,3100,334780
BANKNIFTY09JAN2031800CE.NFO,07/01/2020,09:18:58,166,166.05,60,166.5,20,1140,334780
BANKNIFTY09JAN2031800CE.NFO,07/01/2020,09:19:00,166.7,166.25,60,166.8,60,1220,334780
BANKNIFTY09JAN2031800CE.NFO,07/01/2020,09:19:01,166.65,166.1,20,166.85,60,600,334780
BANKNIFTY09JAN2031800CE.NFO,07/01/2020,09:19:02,166.65,166.6,40,167.2,40,680,334780
BANKNIFTY09JAN2031800CE.NFO,07/01/2020,09:19:03,166.75,166.65,60,166.95,20,1880,334780
BANKNIFTY09JAN2031800CE.NFO,07/01/2020,09:19:04,166.3,165.6,40,166.3,40,1320,334780
BANKNIFTY09JAN2031800CE.NFO,07/01/2020,09:19:04,165.25,165.2,40,165.85,40,240,334780
BANKNIFTY09JAN2031800CE.NFO,07/01/2020,09:19:06,165.45,165.05,40,165.5,40,2080,334780
BANKNIFTY09JAN2031800CE.NFO,07/01/2020,09:19:07,165.3,164.8,60,165.35,80,4160,334780
BANKNIFTY09JAN2031800CE.NFO,07/01/2020,09:19:07,165.75,165.2,40,165.75,20,1580,334780
BANKNIFTY09JAN2031800CE.NFO,07/01/2020,09:19:09,165.5,165.35,20,165.95,40,1320,334780
BANKNIFTY09JAN2031800CE.NFO,07/01/2020,09:19:10,165.9,165.3,60,165.9,20,620,334780
BANKNIFTY09JAN2031800CE.NFO,07/01/2020,09:19:11,165.45,165.75,20,165.9,60,140,334780
BANKNIFTY09JAN2031800CE.NFO,07/01/2020,09:19:12,166.65,165.95,20,166.3,80,1200,334780
BANKNIFTY09JAN2031800CE.NFO,07/01/2020,09:19:13,167,167,20,167.2,80,600,334780
BANKNIFTY09JAN2031800CE.NFO,07/01/2020,09:19:14,168.15,168.15,60,168.75,40,5260,334780
BANKNIFTY09JAN2031800CE.NFO,07/01/2020,09:19:14,168.75,168.75,20,169.55,80,560,334780
BANKNIFTY09JAN2031800CE.NFO,07/01/2020,09:19:16,170.8,170.75,20,171.55,60,6520,334780
BANKNIFTY09JAN2031800CE.NFO,07/01/2020,09:19:17,172.65,172.65,100,172.95,20,4240,334780
BANKNIFTY09JAN2031800CE.NFO,07/01/2020,09:19:18,173,172.75,80,173,20,860,334780
BANKNIFTY09JAN2031800CE.NFO,07/01/2020,09:19:19,174.15,174.15,60,174.7,80,4280,334780
BANKNIFTY09JAN2031800CE.NFO,07/01/2020,09:19:19,174.15,174.15,40,174.65,80,1240,334780
BANKNIFTY09JAN2031800CE.NFO,07/01/2020,09:19:20,174.1,174.1,80,174.55,40,3360,334780
BANKNIFTY09JAN2031800CE.NFO,07/01/2020,09:19:22,173,173,160,173.05,120,900,334780
BANKNIFTY09JAN2031800CE.NFO,07/01/2020,09:19:23,173.5,173.2,100,173.3,80,780,334780
BANKNIFTY09JAN2031800CE.NFO,07/01/2020,09:19:24,173.2,173.2,20,173.35,20,2880,334780
BANKNIFTY09JAN2031800CE.NFO,07/01/2020,09:19:25,173.8,173.25,20,173.8,20,1120,334780
BANKNIFTY09JAN2031800CE.NFO,07/01/2020,09:19:25,172.7,172.75,20,173.55,120,320,334780
BANKNIFTY09JAN2031800CE.NFO,07/01/2020,09:19:27,173.35,172.7,80,173.5,40,1380,334780
BANKNIFTY09JAN2031800CE.NFO,07/01/2020,09:19:28,172.85,172,20,172.9,40,1100,334780
BANKNIFTY09JAN2031800CE.NFO,07/01/2020,09:19:29,172.1,172.1,100,172.95,20,880,334780
BANKNIFTY09JAN2031800CE.NFO,07/01/2020,09:19:30,172.9,172.4,80,172.9,20,2640,334780
BANKNIFTY09JAN2031800CE.NFO,07/01/2020,09:19:30,172.4,172.2,80,172.65,20,620,334780
BANKNIFTY09JAN2031800CE.NFO,07/01/2020,09:19:32,171.75,171.75,60,172.4,80,1340,334780
BANKNIFTY09JAN2031800CE.NFO,07/01/2020,09:19:33,171.55,171.15,80,171.6,60,680,334780
BANKNIFTY09JAN2031800CE.NFO,07/01/2020,09:19:34,170.75,170.15,80,170.75,80,920,334780
BANKNIFTY09JAN2031800CE.NFO,07/01/2020,09:19:35,169.4,168.9,80,169.45,80,4000,334780
BANKNIFTY09JAN2031800CE.NFO,07/01/2020,09:19:35,169.45,169.2,80,169.55,20,140,334780
BANKNIFTY09JAN2031800CE.NFO,07/01/2020,09:19:37,168.5,167.95,80,168.65,80,2340,334780
BANKNIFTY09JAN2031800CE.NFO,07/01/2020,09:19:38,167.8,167.75,80,168.6,80,2320,334780
BANKNIFTY09JAN2031800CE.NFO,07/01/2020,09:19:39,168.75,168.4,80,168.75,1300,1420,334780
BANKNIFTY09JAN2031800CE.NFO,07/01/2020,09:19:40,169.45,169.35,80,169.6,20,1460,334780
BANKNIFTY09JAN2031800CE.NFO,07/01/2020,09:19:40,169.6,169.3,80,169.9,100,20,334780
BANKNIFTY09JAN2031800CE.NFO,07/01/2020,09:19:42,170.8,170.25,20,170.75,80,2720,334780
BANKNIFTY09JAN2031800CE.NFO,07/01/2020,09:19:43,171,171,60,171.55,40,1380,334780
BANKNIFTY09JAN2031800CE.NFO,07/01/2020,09:19:44,172.25,172.3,100,172.9,80,2800,334780
BANKNIFTY09JAN2031800CE.NFO,07/01/2020,09:19:45,173,173,80,173.65,80,1340,334780
BANKNIFTY09JAN2031800CE.NFO,07/01/2020,09:19:45,172.9,172.85,40,173.65,80,180,334780
BANKNIFTY09JAN2031800CE.NFO,07/01/2020,09:19:47,172.4,172.4,960,173.15,60,1740,334780
BANKNIFTY09JAN2031800CE.NFO,07/01/2020,09:19:48,172.25,172.25,20,172.75,20,2780,334780
BANKNIFTY09JAN2031800CE.NFO,07/01/2020,09:19:49,172.2,171.55,60,172.2,20,360,334780
BANKNIFTY09JAN2031800CE.NFO,07/01/2020,09:19:50,171.6,171.6,100,172.45,80,2340,334780
BANKNIFTY09JAN2031800CE.NFO,07/01/2020,09:19:50,172.5,171.6,160,172.6,100,20,334780
BANKNIFTY09JAN2031800CE.NFO,07/01/2020,09:19:52,172.5,172.05,40,172.7,60,780,334780
BANKNIFTY09JAN2031800CE.NFO,07/01/2020,09:19:53,171.7,172.05,80,172.7,80,2520,334780
BANKNIFTY09JAN2031800CE.NFO,07/01/2020,09:19:54,172.4,172.05,80,172.75,80,560,334780
BANKNIFTY09JAN2031800CE.NFO,07/01/2020,09:19:55,173.2,172.4,100,173.15,80,3120,334780
BANKNIFTY09JAN2031800CE.NFO,07/01/2020,09:19:55,173.3,172.45,100,173.3,80,340,334780
BANKNIFTY09JAN2031800CE.NFO,07/01/2020,09:19:57,172.95,172.6,40,173,80,1440,334780
BANKNIFTY09JAN2031800CE.NFO,07/01/2020,09:19:58,172.65,172.65,20,173.4,80,700,334780
BANKNIFTY09JAN2031800CE.NFO,07/01/2020,09:19:59,173.95,173.15,40,173.3,20,1640,334780
BANKNIFTY09JAN2031800CE.NFO,07/01/2020,09:20:00,173.3,173.25,40,174.3,80,7180,334780
BANKNIFTY09JAN2031800CE.NFO,07/01/2020,09:20:00,173.15,173.05,80,173.25,60,960,334780
BANKNIFTY09JAN2031800CE.NFO,07/01/2020,09:20:01,174.5,173.85,20,174.5,60,1260,334780
BANKNIFTY09JAN2031800CE.NFO,07/01/2020,09:20:02,175.35,175.35,60,175.9,140,4780,334780
BANKNIFTY09JAN2031800CE.NFO,07/01/2020,09:20:03,176.7,175.75,20,176.6,60,4780,334780
BANKNIFTY09JAN2031800CE.NFO,07/01/2020,09:20:04,177.7,176.65,40,177.7,200,1640,334780
BANKNIFTY09JAN2031800CE.NFO,07/01/2020,09:20:06,176.2,176.25,60,177.45,60,2320,334780
BANKNIFTY09JAN2031800CE.NFO,07/01/2020,09:20:07,175.4,175.25,40,176.25,20,3100,334780
BANKNIFTY09JAN2031800CE.NFO,07/01/2020,09:20:07,178,175.25,40,176.25,20,0,334780
BANKNIFTY09JAN2031800CE.NFO,07/01/2020,09:20:08,175.15,175.15,60,176,220,1780,334780
BANKNIFTY09JAN2031800CE.NFO,07/01/2020,09:20:09,174.2,174.1,40,174.95,20,460,385680
BANKNIFTY09JAN2031800CE.NFO,07/01/2020,09:20:10,175.3,174,40,175.35,100,3100,385680
BANKNIFTY09JAN2031800CE.NFO,07/01/2020,09:20:11,173.55,173.5,120,173.55,1960,1380,385680
BANKNIFTY09JAN2031800CE.NFO,07/01/2020,09:20:11,173.55,173.45,120,173.55,700,1280,385680
BANKNIFTY09JAN2031800CE.NFO,07/01/2020,09:20:13,173.5,173.5,40,174.25,20,4380,385680
BANKNIFTY09JAN2031800CE.NFO,07/01/2020,09:20:14,173.2,173.05,40,173.9,20,740,385680
BANKNIFTY09JAN2031800CE.NFO,07/01/2020,09:20:15,174.4,173.5,40,174.4,40,1500,385680
BANKNIFTY09JAN2031800CE.NFO,07/01/2020,09:20:16,174.1,174.15,40,175,600,1320,385680
BANKNIFTY09JAN2031800CE.NFO,07/01/2020,09:20:17,174.75,174.1,380,174.75,20,400,385680
BANKNIFTY09JAN2031800CE.NFO,07/01/2020,09:20:18,174.4,174.4,20,175,440,680,385680
BANKNIFTY09JAN2031800CE.NFO,07/01/2020,09:20:19,175.05,175,280,175.75,40,1060,385680
BANKNIFTY09JAN2031800CE.NFO,07/01/2020,09:20:20,175,174.8,80,175,2880,860,385680
BANKNIFTY09JAN2031800CE.NFO,07/01/2020,09:20:21,175,174.4,20,175,4220,860,385680
BANKNIFTY09JAN2031800CE.NFO,07/01/2020,09:20:22,175,174.4,80,175,3420,1300,385680
BANKNIFTY09JAN2031800CE.NFO,07/01/2020,09:20:23,175,174.9,60,175,300,3400,385680
BANKNIFTY09JAN2031800CE.NFO,07/01/2020,09:20:24,175.15,175.1,40,175.8,20,1160,385680
BANKNIFTY09JAN2031800CE.NFO,07/01/2020,09:20:25,175.2,175.2,40,176,80,2720,385680
BANKNIFTY09JAN2031800CE.NFO,07/01/2020,09:20:26,175.4,175.4,1740,175.95,40,3340,385680
BANKNIFTY09JAN2031800CE.NFO,07/01/2020,09:20:27,175.4,175.4,2340,175.95,40,2420,385680
BANKNIFTY09JAN2031800CE.NFO,07/01/2020,09:20:28,175.65,176.05,20,176.45,40,3740,385680
BANKNIFTY09JAN2031800CE.NFO,07/01/2020,09:20:29,176.3,176.3,1600,176.7,100,660,385680
BANKNIFTY09JAN2031800CE.NFO,07/01/2020,09:20:30,176.55,176.55,100,177.4,120,1320,385680
BANKNIFTY09JAN2031800CE.NFO,07/01/2020,09:20:31,177.35,177.35,100,178,2460,1600,385680
BANKNIFTY09JAN2031800CE.NFO,07/01/2020,09:20:32,179.3,178.25,120,179.2,120,6060,385680
BANKNIFTY09JAN2031800CE.NFO,07/01/2020,09:20:32,179.5,178.25,120,179.2,120,0,385680
BANKNIFTY09JAN2031800CE.NFO,07/01/2020,09:20:33,179.5,178.4,60,179.3,100,2500,385680
BANKNIFTY09JAN2031800CE.NFO,07/01/2020,09:20:33,179.95,178.4,60,179.3,100,0,385680
BANKNIFTY09JAN2031800CE.NFO,07/01/2020,09:20:34,177.25,176.8,40,177.75,20,4560,385680
BANKNIFTY09JAN2031800CE.NFO,07/01/2020,09:20:35,177.7,176.8,40,177.7,120,2960,385680
BANKNIFTY09JAN2031800CE.NFO,07/01/2020,09:20:36,177.55,177.55,100,178,80,4040,385680
BANKNIFTY09JAN2031800CE.NFO,07/01/2020,09:20:37,178.85,178,40,178.85,40,1160,385680
BANKNIFTY09JAN2031800CE.NFO,07/01/2020,09:20:38,178.45,178,20,178.45,40,2480,385680
BANKNIFTY09JAN2031800CE.NFO,07/01/2020,09:20:39,178.95,178.85,20,179.45,40,3440,385680
BANKNIFTY09JAN2031800CE.NFO,07/01/2020,09:20:40,179.4,179,300,179.6,80,4240,385680
BANKNIFTY09JAN2031800CE.NFO,07/01/2020,09:20:40,180,179,300,179.6,80,0,385680
BANKNIFTY09JAN2031800CE.NFO,07/01/2020,09:20:41,178.65,178,400,178.55,40,1760,385680
BANKNIFTY09JAN2031800CE.NFO,07/01/2020,09:20:42,178.25,177.55,120,178.25,140,1520,385680
BANKNIFTY09JAN2031800CE.NFO,07/01/2020,09:20:43,177.95,178.05,80,178.7,60,8420,385680
BANKNIFTY09JAN2031800CE.NFO,07/01/2020,09:20:43,179.4,178.45,20,179.15,60,2080,385680
BANKNIFTY09JAN2031800CE.NFO,07/01/2020,09:20:45,179.7,179.15,80,179.75,80,1220,385680
BANKNIFTY09JAN2031800CE.NFO,07/01/2020,09:20:46,179.95,179.8,80,180,520,5400,385680
BANKNIFTY09JAN2031800CE.NFO,07/01/2020,09:20:47,180.75,180.15,60,180.9,20,3560,385680
BANKNIFTY09JAN2031800CE.NFO,07/01/2020,09:20:47,181.45,180.15,60,180.9,20,0,385680
BANKNIFTY09JAN2031800CE.NFO,07/01/2020,09:20:48,181.35,181.1,40,181.75,300,3040,385680
BANKNIFTY09JAN2031800CE.NFO,07/01/2020,09:20:48,181.7,181.05,80,181.75,440,80,385680
BANKNIFTY09JAN2031800CE.NFO,07/01/2020,09:20:48,181.7,181.05,80,181.75,440,0,385680
BANKNIFTY09JAN2031800CE.NFO,07/01/2020,09:20:49,181.8,181.2,40,181.85,300,1220,385680
BANKNIFTY09JAN2031800CE.NFO,07/01/2020,09:20:49,181.95,181.2,40,181.85,300,0,385680
BANKNIFTY09JAN2031800CE.NFO,07/01/2020,09:20:50,182,181.35,100,182,3220,2340,385680
BANKNIFTY09JAN2031800CE.NFO,07/01/2020,09:20:50,182,181.35,100,182,3220,0,385680
BANKNIFTY09JAN2031800CE.NFO,07/01/2020,09:20:51,181.35,181.4,40,182,2760,980,385680
BANKNIFTY09JAN2031800CE.NFO,07/01/2020,09:20:52,182.95,182.9,20,183,40,3680,385680
BANKNIFTY09JAN2031800CE.NFO,07/01/2020,09:20:52,183,182.9,20,183,40,0,385680
BANKNIFTY09JAN2031800CE.NFO,07/01/2020,09:20:53,183.85,183.9,20,184.55,60,2280,385680
BANKNIFTY09JAN2031800CE.NFO,07/01/2020,09:20:53,184.6,183.9,20,184.55,60,0,385680
BANKNIFTY09JAN2031800CE.NFO,07/01/2020,09:20:54,183.9,183.85,60,184.6,100,1920,385680
BANKNIFTY09JAN2031800CE.NFO,07/01/2020,09:20:54,184.95,183.85,60,184.6,100,0,385680
BANKNIFTY09JAN2031800CE.NFO,07/01/2020,09:20:55,183.8,183.65,40,184.2,320,1420,385680
BANKNIFTY09JAN2031800CE.NFO,07/01/2020,09:20:56,183.25,182.75,40,183.35,40,2500,385680
BANKNIFTY09JAN2031800CE.NFO,07/01/2020,09:20:57,182.1,182.25,40,183.4,200,4720,385680
BANKNIFTY09JAN2031800CE.NFO,07/01/2020,09:20:58,181.85,181.85,160,182.75,20,6420,385680
BANKNIFTY09JAN2031800CE.NFO,07/01/2020,09:20:59,182.45,182.1,20,182.7,180,2320,385680
BANKNIFTY09JAN2031800CE.NFO,07/01/2020,09:21:00,180.65,180.65,620,181.5,20,5720,385680
BANKNIFTY09JAN2031800CE.NFO,07/01/2020,09:21:01,180.05,179.6,60,180.5,300,6260,385680
BANKNIFTY09JAN2031800CE.NFO,07/01/2020,09:21:02,177.2,177.2,20,177.9,60,6540,385680
BANKNIFTY09JAN2031800CE.NFO,07/01/2020,09:21:03,177.5,176.7,40,177.5,80,3080,385680
BANKNIFTY09JAN2031800CE.NFO,07/01/2020,09:21:04,176.8,177,40,177.55,40,2300,385680
BANKNIFTY09JAN2031800CE.NFO,07/01/2020,09:21:05,178.55,177.8,80,178.55,60,1920,385680
BANKNIFTY09JAN2031800CE.NFO,07/01/2020,09:21:06,177.95,178,100,178.75,140,820,385680
BANKNIFTY09JAN2031800CE.NFO,07/01/2020,09:21:07,178,178,280,178.75,60,1620,385680
BANKNIFTY09JAN2031800CE.NFO,07/01/2020,09:21:08,180.25,180.3,60,180.95,300,4800,385680
BANKNIFTY09JAN2031800CE.NFO,07/01/2020,09:21:09,181.85,181.1,40,181.85,20,1780,385680
BANKNIFTY09JAN2031800CE.NFO,07/01/2020,09:21:10,183.65,183.65,20,183.8,20,2880,385680
BANKNIFTY09JAN2031800CE.NFO,07/01/2020,09:21:11,184.35,183.3,300,184.35,100,2980,385680
BANKNIFTY09JAN2031800CE.NFO,07/01/2020,09:21:13,183.85,183.85,80,184.6,140,2960,385680
BANKNIFTY09JAN2031800CE.NFO,07/01/2020,09:21:13,185,183.85,80,184.6,140,0,385680
BANKNIFTY09JAN2031800CE.NFO,07/01/2020,09:21:14,186.75,185.95,40,186.5,100,6700,385680
BANKNIFTY09JAN2031800CE.NFO,07/01/2020,09:21:14,186.75,185.95,40,186.5,100,0,385680
BANKNIFTY09JAN2031800CE.NFO,07/01/2020,09:21:15,186.35,186.5,40,187.25,100,4660,385680
BANKNIFTY09JAN2031800CE.NFO,07/01/2020,09:21:15,188,186.5,40,187.25,100,0,385680
BANKNIFTY09JAN2031800CE.NFO,07/01/2020,09:21:16,185,185,80,185.25,20,3580,385680
BANKNIFTY09JAN2031800CE.NFO,07/01/2020,09:21:17,188.8,188.2,160,188.8,160,6260,385680
BANKNIFTY09JAN2031800CE.NFO,07/01/2020,09:21:17,188.8,188.2,160,188.8,160,0,385680
BANKNIFTY09JAN2031800CE.NFO,07/01/2020,09:21:18,187.95,187.25,20,187.95,280,1300,385680
BANKNIFTY09JAN2031800CE.NFO,07/01/2020,09:21:19,187.4,187.35,300,188.15,40,2380,385680
BANKNIFTY09JAN2031800CE.NFO,07/01/2020,09:21:20,188.5,187.7,20,188.5,80,820,385680
BANKNIFTY09JAN2031800CE.NFO,07/01/2020,09:21:21,188.3,188.3,60,188.95,40,4000,385680
BANKNIFTY09JAN2031800CE.NFO,07/01/2020,09:21:21,189.35,188.3,60,188.95,40,0,385680
BANKNIFTY09JAN2031800CE.NFO,07/01/2020,09:21:22,188,187.3,340,188,20,1560,385680
BANKNIFTY09JAN2031800CE.NFO,07/01/2020,09:21:23,187.2,186.25,20,187.2,220,3160,385680
BANKNIFTY09JAN2031800CE.NFO,07/01/2020,09:21:24,186.4,185.45,20,186.2,20,5120,385680
BANKNIFTY09JAN2031800CE.NFO,07/01/2020,09:21:25,186.85,185.35,40,186.65,40,6180,385680
BANKNIFTY09JAN2031800CE.NFO,07/01/2020,09:21:26,185.75,185.1,300,185.8,20,980,385680
BANKNIFTY09JAN2031800CE.NFO,07/01/2020,09:21:27,184.75,184.85,40,185.5,60,3300,385680
BANKNIFTY09JAN2031800CE.NFO,07/01/2020,09:21:28,186.9,186.1,20,186.9,60,2320,385680
BANKNIFTY09JAN2031800CE.NFO,07/01/2020,09:21:29,185.75,185.75,100,186.7,120,7000,385680
BANKNIFTY09JAN2031800CE.NFO,07/01/2020,09:21:30,185.15,185.05,940,185.7,100,3620,385680
BANKNIFTY09JAN2031800CE.NFO,07/01/2020,09:21:31,183.8,182.75,60,183.35,320,2780,385680
BANKNIFTY09JAN2031800CE.NFO,07/01/2020,09:21:32,183.05,182.7,80,183.25,40,640,385680
BANKNIFTY09JAN2031800CE.NFO,07/01/2020,09:21:33,183.1,182.35,100,183.15,40,1620,385680
BANKNIFTY09JAN2031800CE.NFO,07/01/2020,09:21:34,182.45,182.6,40,183.25,20,1040,385680
BANKNIFTY09JAN2031800CE.NFO,07/01/2020,09:21:35,181.85,181.9,300,182.8,20,1900,385680
BANKNIFTY09JAN2031800CE.NFO,07/01/2020,09:21:36,181.45,181.45,320,182,500,760,385680
BANKNIFTY09JAN2031800CE.NFO,07/01/2020,09:21:37,180.6,180.6,80,181.65,340,4020,385680
BANKNIFTY09JAN2031800CE.NFO,07/01/2020,09:21:38,180.25,180.25,220,181.15,40,4920,385680
BANKNIFTY09JAN2031800CE.NFO,07/01/2020,09:21:39,182.1,181.5,40,182.1,20,3440,385680
BANKNIFTY09JAN2031800CE.NFO,07/01/2020,09:21:40,182.1,182.1,80,182.5,20,2340,385680
BANKNIFTY09JAN2031800CE.NFO,07/01/2020,09:21:41,182.5,182.5,200,183.05,160,420,385680
BANKNIFTY09JAN2031800CE.NFO,07/01/2020,09:21:42,183.95,183.65,100,184,860,2360,385680
BANKNIFTY09JAN2031800CE.NFO,07/01/2020,09:21:43,186.95,186.2,60,186.95,40,3180,385680
BANKNIFTY09JAN2031800CE.NFO,07/01/2020,09:21:44,185.85,186.2,60,186.75,80,6760,385680
BANKNIFTY09JAN2031800CE.NFO,07/01/2020,09:21:45,188.3,187.65,40,188.3,200,4100,385680
BANKNIFTY09JAN2031800CE.NFO,07/01/2020,09:21:46,188.9,188.6,20,188.65,60,1840,385680
BANKNIFTY09JAN2031800CE.NFO,07/01/2020,09:21:47,188.75,188.7,40,189.3,100,3480,385680
BANKNIFTY09JAN2031800CE.NFO,07/01/2020,09:21:47,190,188.7,40,189.3,100,0,385680
BANKNIFTY09JAN2031800CE.NFO,07/01/2020,09:21:48,188.25,188.1,100,188.75,40,1460,385680
BANKNIFTY09JAN2031800CE.NFO,07/01/2020,09:21:49,188,187.45,100,188,500,4080,385680
BANKNIFTY09JAN2031800CE.NFO,07/01/2020,09:21:50,189.4,189.35,80,189.85,60,2040,385680
BANKNIFTY09JAN2031800CE.NFO,07/01/2020,09:21:50,188.8,188.7,40,189.6,240,360,385680
BANKNIFTY09JAN2031800CE.NFO,07/01/2020,09:21:52,189.2,188.15,60,189.2,60,1620,385680
BANKNIFTY09JAN2031800CE.NFO,07/01/2020,09:21:53,187.75,187.8,100,188.45,60,4460,385680
BANKNIFTY09JAN2031800CE.NFO,07/01/2020,09:21:54,188.9,188.55,40,189.2,100,760,385680
BANKNIFTY09JAN2031800CE.NFO,07/01/2020,09:21:55,189.8,189,320,189.75,140,2260,385680
BANKNIFTY09JAN2031800CE.NFO,07/01/2020,09:21:56,189.3,188.45,100,189.2,100,540,385680
BANKNIFTY09JAN2031800CE.NFO,07/01/2020,09:21:57,189.35,188.75,20,189.6,40,2920,385680
BANKNIFTY09JAN2031800CE.NFO,07/01/2020,09:21:58,189.95,189.15,40,189.9,120,2840,385680
BANKNIFTY09JAN2031800CE.NFO,07/01/2020,09:21:59,189.65,189.05,40,189.65,80,6460,385680
BANKNIFTY09JAN2031800CE.NFO,07/01/2020,09:22:00,192.25,191.4,100,192.15,420,10140,385680
BANKNIFTY09JAN2031800CE.NFO,07/01/2020,09:22:00,192.25,191.4,100,192.15,420,0,385680
BANKNIFTY09JAN2031800CE.NFO,07/01/2020,09:22:01,192.95,192.7,60,193,3140,2480,385680
BANKNIFTY09JAN2031800CE.NFO,07/01/2020,09:22:01,193,192.7,60,193,3140,0,385680
BANKNIFTY09JAN2031800CE.NFO,07/01/2020,09:22:02,192.5,192.5,40,193,2300,2020,385680
BANKNIFTY09JAN2031800CE.NFO,07/01/2020,09:22:03,193.85,193.2,140,194,60,3320,385680
BANKNIFTY09JAN2031800CE.NFO,07/01/2020,09:22:03,193.85,193.2,140,194,60,0,385680
BANKNIFTY09JAN2031800CE.NFO,07/01/2020,09:22:04,197.4,196.8,40,197.5,60,13580,385680
BANKNIFTY09JAN2031800CE.NFO,07/01/2020,09:22:04,197.5,196.8,40,197.5,60,0,385680
BANKNIFTY09JAN2031800CE.NFO,07/01/2020,09:22:05,197.05,196.55,80,197.25,40,5620,385680
BANKNIFTY09JAN2031800CE.NFO,07/01/2020,09:22:05,197.9,196.55,80,197.25,40,0,385680
BANKNIFTY09JAN2031800CE.NFO,07/01/2020,09:22:06,197.8,197.05,40,197.8,20,3540,385680
BANKNIFTY09JAN2031800CE.NFO,07/01/2020,09:22:06,198,197.05,40,197.8,20,0,385680
BANKNIFTY09JAN2031800CE.NFO,07/01/2020,09:22:07,195.1,195.3,40,196.4,140,2380,385680
BANKNIFTY09JAN2031800CE.NFO,07/01/2020,09:22:08,194.9,193.95,180,194.7,40,2240,385680
BANKNIFTY09JAN2031800CE.NFO,07/01/2020,09:22:09,192.5,192.5,100,193.45,400,3180,385680
BANKNIFTY09JAN2031800CE.NFO,07/01/2020,09:22:10,192.9,192.2,100,193.15,340,1360,385680
BANKNIFTY09JAN2031800CE.NFO,07/01/2020,09:22:11,193.6,193.6,20,194.4,60,2240,385680
BANKNIFTY09JAN2031800CE.NFO,07/01/2020,09:22:12,193.45,193.45,560,194.15,60,980,385680
BANKNIFTY09JAN2031800CE.NFO,07/01/2020,09:22:13,194,193.75,60,194.7,120,300,385680
BANKNIFTY09JAN2031800CE.NFO,07/01/2020,09:22:14,193.35,193.35,20,194.15,60,1300,385680
BANKNIFTY09JAN2031800CE.NFO,07/01/2020,09:22:15,193.1,192.5,100,193.25,40,2760,385680
BANKNIFTY09JAN2031800CE.NFO,07/01/2020,09:22:16,195.5,195.3,80,195.5,20,1940,385680
BANKNIFTY09JAN2031800CE.NFO,07/01/2020,09:22:17,195.45,195.3,40,195.95,300,4320,385680
BANKNIFTY09JAN2031800CE.NFO,07/01/2020,09:22:18,197.45,197.35,40,197.95,100,2300,385680
BANKNIFTY09JAN2031800CE.NFO,07/01/2020,09:22:19,197.95,197.1,100,198,1200,2020,385680
BANKNIFTY09JAN2031800CE.NFO,07/01/2020,09:22:20,195.35,195.35,100,196.1,100,3360,385680
BANKNIFTY09JAN2031800CE.NFO,07/01/2020,09:22:20,196,195.1,40,195.75,60,20,385680
BANKNIFTY09JAN2031800CE.NFO,07/01/2020,09:22:21,195.75,194.95,40,195.8,340,5100,385680
BANKNIFTY09JAN2031800CE.NFO,07/01/2020,09:22:23,195.4,195.35,40,196.1,300,3580,385680
BANKNIFTY09JAN2031800CE.NFO,07/01/2020,09:22:24,194.25,194.25,160,195,100,1360,385680
BANKNIFTY09JAN2031800CE.NFO,07/01/2020,09:22:25,195.45,195.3,60,196.15,20,3360,385680
BANKNIFTY09JAN2031800CE.NFO,07/01/2020,09:22:26,197.15,197,60,197.5,80,3300,385680
BANKNIFTY09JAN2031800CE.NFO,07/01/2020,09:22:27,197.35,197.35,2320,197.85,60,2440,385680
BANKNIFTY09JAN2031800CE.NFO,07/01/2020,09:22:28,198,197.35,2180,197.95,320,1760,385680
BANKNIFTY09JAN2031800CE.NFO,07/01/2020,09:22:29,197.05,197.15,40,197.95,120,560,385680
BANKNIFTY09JAN2031800CE.NFO,07/01/2020,09:22:30,197.5,196.75,40,197.5,40,1280,385680
BANKNIFTY09JAN2031800CE.NFO,07/01/2020,09:22:31,197.95,197.05,60,197.6,40,4160,385680
BANKNIFTY09JAN2031800CE.NFO,07/01/2020,09:22:32,197.05,196.9,520,197.8,160,5260,385680
BANKNIFTY09JAN2031800CE.NFO,07/01/2020,09:22:33,197.15,196.5,40,197.3,60,1520,385680
BANKNIFTY09JAN2031800CE.NFO,07/01/2020,09:22:34,196.7,196.55,80,197,1900,1480,385680
BANKNIFTY09JAN2031800CE.NFO,07/01/2020,09:22:34,198.05,197.2,100,197.95,20,2980,385680
BANKNIFTY09JAN2031800CE.NFO,07/01/2020,09:22:34,198.4,197.2,100,197.95,20,0,385680
BANKNIFTY09JAN2031800CE.NFO,07/01/2020,09:22:36,197.5,196.9,40,197.5,120,1340,385680
BANKNIFTY09JAN2031800CE.NFO,07/01/2020,09:22:37,196.4,196.4,80,197.1,40,1480,385680
BANKNIFTY09JAN2031800CE.NFO,07/01/2020,09:22:38,195.55,195.5,300,196,2280,4360,385680
BANKNIFTY09JAN2031800CE.NFO,07/01/2020,09:22:39,195.95,195.05,60,195.6,40,2180,385680
BANKNIFTY09JAN2031800CE.NFO,07/01/2020,09:22:39,194.75,194.75,100,195.05,60,1220,385680
BANKNIFTY09JAN2031800CE.NFO,07/01/2020,09:22:41,195.05,194.45,40,195.05,20,5500,385680
BANKNIFTY09JAN2031800CE.NFO,07/01/2020,09:22:42,194.5,194.3,40,194.85,100,2080,385680
BANKNIFTY09JAN2031800CE.NFO,07/01/2020,09:22:43,195.5,195.15,100,195.85,300,2080,385680
BANKNIFTY09JAN2031800CE.NFO,07/01/2020,09:22:44,194.6,194.05,80,194.7,20,1840,385680
BANKNIFTY09JAN2031800CE.NFO,07/01/2020,09:22:44,195.05,194.8,40,195.5,300,540,385680
BANKNIFTY09JAN2031800CE.NFO,07/01/2020,09:22:45,194.95,194.3,40,194.95,280,3160,385680
BANKNIFTY09JAN2031800CE.NFO,07/01/2020,09:22:47,194,194,860,194.6,100,920,385680
BANKNIFTY09JAN2031800CE.NFO,07/01/2020,09:22:48,193.85,193.1,80,193.85,20,2560,385680
BANKNIFTY09JAN2031800CE.NFO,07/01/2020,09:22:49,194.85,194.2,40,194.85,20,4040,385680
BANKNIFTY09JAN2031800CE.NFO,07/01/2020,09:22:50,194.9,194.35,80,194.9,180,2420,385680
BANKNIFTY09JAN2031800CE.NFO,07/01/2020,09:22:51,194.05,194.1,80,194.95,120,1340,385680
BANKNIFTY09JAN2031800CE.NFO,07/01/2020,09:22:52,196.8,196.05,40,196.85,140,2820,385680
BANKNIFTY09JAN2031800CE.NFO,07/01/2020,09:22:53,198.1,198,20,198.65,80,4800,385680
BANKNIFTY09JAN2031800CE.NFO,07/01/2020,09:22:53,198.75,198,20,198.65,80,0,385680
BANKNIFTY09JAN2031800CE.NFO,07/01/2020,09:22:54,199.1,199.1,80,199.35,100,6760,385680
BANKNIFTY09JAN2031800CE.NFO,07/01/2020,09:22:54,199.25,199.1,80,199.35,100,0,385680
BANKNIFTY09JAN2031800CE.NFO,07/01/2020,09:22:55,200,199.45,40,200,2820,8940,385680
BANKNIFTY09JAN2031800CE.NFO,07/01/2020,09:22:55,200,199.45,40,200,2820,0,385680
BANKNIFTY09JAN2031800CE.NFO,07/01/2020,09:22:56,199.2,199.15,60,199.95,20,5720,385680
BANKNIFTY09JAN2031800CE.NFO,07/01/2020,09:22:56,201,199.15,60,199.95,20,0,385680
BANKNIFTY09JAN2031800CE.NFO,07/01/2020,09:22:57,199.65,199.65,20,200.5,80,1260,385680
BANKNIFTY09JAN2031800CE.NFO,07/01/2020,09:22:58,199.25,198.8,40,199.25,60,7880,385680
BANKNIFTY09JAN2031800CE.NFO,07/01/2020,09:22:58,201.55,198.8,40,199.25,60,0,385680
BANKNIFTY09JAN2031800CE.NFO,07/01/2020,09:22:59,198.25,197.6,120,198,400,1680,385680
BANKNIFTY09JAN2031800CE.NFO,07/01/2020,09:23:00,198,197.3,100,197.95,40,1840,385680
BANKNIFTY09JAN2031800CE.NFO,07/01/2020,09:23:01,197.1,196.25,80,196.9,120,1440,385680
BANKNIFTY09JAN2031800CE.NFO,07/01/2020,09:23:01,196.3,196.3,200,196.8,80,160,385680
BANKNIFTY09JAN2031800CE.NFO,07/01/2020,09:23:03,196.35,196.05,140,196.35,3020,2400,385680
BANKNIFTY09JAN2031800CE.NFO,07/01/2020,09:23:04,196.4,196.2,40,196.95,20,3280,385680
BANKNIFTY09JAN2031800CE.NFO,07/01/2020,09:23:05,197.6,197.65,60,198.45,120,980,385680
BANKNIFTY09JAN2031800CE.NFO,07/01/2020,09:23:06,199.75,199.75,220,199.8,100,2400,385680
BANKNIFTY09JAN2031800CE.NFO,07/01/2020,09:23:07,199.15,199.2,60,199.85,40,5180,385680
BANKNIFTY09JAN2031800CE.NFO,07/01/2020,09:23:08,199.65,199.55,40,200,120,2700,385680
BANKNIFTY09JAN2031800CE.NFO,07/01/2020,09:23:08,199.5,198.95,40,199.5,100,80,385680
BANKNIFTY09JAN2031800CE.NFO,07/01/2020,09:23:10,198.35,198.1,40,198.8,100,1000,385680
BANKNIFTY09JAN2031800CE.NFO,07/01/2020,09:23:11,197.8,197.15,100,197.8,220,1960,397360
BANKNIFTY09JAN2031800CE.NFO,07/01/2020,09:23:12,198.25,197.25,40,198.25,40,3680,397360
BANKNIFTY09JAN2031800CE.NFO,07/01/2020,09:23:13,197.4,197.1,60,197.6,300,2460,397360
BANKNIFTY09JAN2031800CE.NFO,07/01/2020,09:23:14,196.6,196.55,40,197.25,40,460,397360
BANKNIFTY09JAN2031800CE.NFO,07/01/2020,09:23:15,195.3,195.15,20,195.85,40,2780,397360
BANKNIFTY09JAN2031800CE.NFO,07/01/2020,09:23:16,194.2,194.05,40,194.7,80,5760,397360
BANKNIFTY09JAN2031800CE.NFO,07/01/2020,09:23:17,193.4,193.45,120,194.05,500,1160,397360
BANKNIFTY09JAN2031800CE.NFO,07/01/2020,09:23:18,192.95,193,40,193.75,60,5240,397360
BANKNIFTY09JAN2031800CE.NFO,07/01/2020,09:23:19,194,194.2,20,194.7,60,880,397360
BANKNIFTY09JAN2031800CE.NFO,07/01/2020,09:23:20,196.15,195.6,100,196.2,100,3720,397360
BANKNIFTY09JAN2031800CE.NFO,07/01/2020,09:23:21,197,196.6,60,197.4,40,3200,397360
BANKNIFTY09JAN2031800CE.NFO,07/01/2020,09:23:22,195.6,195.6,280,196,160,2960,397360
BANKNIFTY09JAN2031800CE.NFO,07/01/2020,09:23:23,195.05,195.05,280,195.9,100,3500,397360
BANKNIFTY09JAN2031800CE.NFO,07/01/2020,09:23:24,196,195.25,40,196,20,1560,397360
BANKNIFTY09JAN2031800CE.NFO,07/01/2020,09:23:25,196.3,195.55,40,196.3,40,920,397360
BANKNIFTY09JAN2031800CE.NFO,07/01/2020,09:23:26,195.35,194.75,40,195.5,40,2640,397360
BANKNIFTY09JAN2031800CE.NFO,07/01/2020,09:23:27,195.1,194.2,100,195.05,40,1640,397360
BANKNIFTY09JAN2031800CE.NFO,07/01/2020,09:23:28,194.3,194,220,194.35,300,1640,397360
BANKNIFTY09JAN2031800CE.NFO,07/01/2020,09:23:29,195.3,194.55,40,195.25,100,2360,397360
BANKNIFTY09JAN2031800CE.NFO,07/01/2020,09:23:30,195.9,195.45,100,196,40,900,397360
BANKNIFTY09JAN2031800CE.NFO,07/01/2020,09:23:31,196.4,196.2,40,196.8,20,1520,397360
BANKNIFTY09JAN2031800CE.NFO,07/01/2020,09:23:32,197,196.15,40,197,100,600,397360
BANKNIFTY09JAN2031800CE.NFO,07/01/2020,09:23:33,196.35,195.5,60,196.3,60,280,397360
BANKNIFTY09JAN2031800CE.NFO,07/01/2020,09:23:34,196.25,196,280,196.65,60,740,397360
BANKNIFTY09JAN2031800CE.NFO,07/01/2020,09:23:35,195.2,195.25,80,196.1,220,1420,397360
BANKNIFTY09JAN2031800CE.NFO,07/01/2020,09:23:36,196.35,195.55,300,196.4,80,920,397360
BANKNIFTY09JAN2031800CE.NFO,07/01/2020,09:23:37,196.35,196.1,100,196.95,200,1140,397360
BANKNIFTY09JAN2031800CE.NFO,07/01/2020,09:23:38,195.55,195.65,40,196.6,40,1680,397360
BANKNIFTY09JAN2031800CE.NFO,07/01/2020,09:23:39,194.55,194.5,60,195.35,300,1900,397360
BANKNIFTY09JAN2031800CE.NFO,07/01/2020,09:23:40,195.85,195.1,100,195.85,300,1700,397360
BANKNIFTY09JAN2031800CE.NFO,07/01/2020,09:23:41,196.1,195.35,140,196.3,40,1300,397360
BANKNIFTY09JAN2031800CE.NFO,07/01/2020,09:23:42,196.35,195.8,520,196,2060,560,397360
BANKNIFTY09JAN2031800CE.NFO,07/01/2020,09:23:43,195.8,195.15,40,195.85,20,820,397360
BANKNIFTY09JAN2031800CE.NFO,07/01/2020,09:23:44,196.2,195.45,80,196.25,80,2860,397360
BANKNIFTY09JAN2031800CE.NFO,07/01/2020,09:23:45,196.6,195.7,40,196.55,40,2700,397360
BANKNIFTY09JAN2031800CE.NFO,07/01/2020,09:23:46,196.6,196.6,280,197,40,380,397360
BANKNIFTY09JAN2031800CE.NFO,07/01/2020,09:23:47,196.6,196.55,20,197.25,40,260,397360
BANKNIFTY09JAN2031800CE.NFO,07/01/2020,09:23:48,196.9,196.3,100,197,40,700,397360
BANKNIFTY09JAN2031800CE.NFO,07/01/2020,09:23:49,197.45,197.45,60,198,60,940,397360
BANKNIFTY09JAN2031800CE.NFO,07/01/2020,09:23:50,197.35,197.35,20,197.85,20,760,397360
BANKNIFTY09JAN2031800CE.NFO,07/01/2020,09:23:51,197.15,197.15,380,197.95,60,1280,397360
BANKNIFTY09JAN2031800CE.NFO,07/01/2020,09:23:52,197.45,196.8,260,197.65,40,460,397360
BANKNIFTY09JAN2031800CE.NFO,07/01/2020,09:23:53,197.45,197.45,40,198.25,20,260,397360
BANKNIFTY09JAN2031800CE.NFO,07/01/2020,09:23:54,198.3,197.85,20,198.4,20,700,397360
BANKNIFTY09JAN2031800CE.NFO,07/01/2020,09:23:55,199.55,199.25,60,199.6,40,2720,397360
BANKNIFTY09JAN2031800CE.NFO,07/01/2020,09:23:56,200.4,200.35,20,200.75,20,5220,397360
BANKNIFTY09JAN2031800CE.NFO,07/01/2020,09:23:57,201.95,201.5,20,202,420,4680,397360
BANKNIFTY09JAN2031800CE.NFO,07/01/2020,09:23:57,201.95,201.5,20,202,420,0,397360
BANKNIFTY09JAN2031800CE.NFO,07/01/2020,09:23:58,202.85,202.5,20,203,20,1940,397360
BANKNIFTY09JAN2031800CE.NFO,07/01/2020,09:23:58,203.05,202.5,20,203,20,0,397360
BANKNIFTY09JAN2031800CE.NFO,07/01/2020,09:23:59,202.75,202.75,120,203.3,20,1180,397360
BANKNIFTY09JAN2031800CE.NFO,07/01/2020,09:23:59,203.45,202.75,120,203.3,20,0,397360
BANKNIFTY09JAN2031800CE.NFO,07/01/2020,09:24:00,203.25,203.25,160,203.75,120,1360,397360
BANKNIFTY09JAN2031800CE.NFO,07/01/2020,09:24:00,203.75,203.25,160,203.75,120,0,397360
BANKNIFTY09JAN2031800CE.NFO,07/01/2020,09:24:01,201.45,201.5,20,201.9,60,2680,397360
BANKNIFTY09JAN2031800CE.NFO,07/01/2020,09:24:01,204,201.5,20,201.9,60,0,397360
BANKNIFTY09JAN2031800CE.NFO,07/01/2020,09:24:02,200.5,200,2220,200.45,20,720,397360
BANKNIFTY09JAN2031800CE.NFO,07/01/2020,09:24:03,201.15,200.6,140,201.1,40,2000,397360
BANKNIFTY09JAN2031800CE.NFO,07/01/2020,09:24:04,198.35,198.3,20,198.75,100,3780,397360
BANKNIFTY09JAN2031800CE.NFO,07/01/2020,09:24:05,196.85,196.85,140,197.3,20,1780,397360
BANKNIFTY09JAN2031800CE.NFO,07/01/2020,09:24:06,198.25,198,80,198.5,20,520,397360
BANKNIFTY09JAN2031800CE.NFO,07/01/2020,09:24:07,200,199.6,20,200,40,6080,397360
BANKNIFTY09JAN2031800CE.NFO,07/01/2020,09:24:08,198,197.8,20,198.05,20,3540,397360
BANKNIFTY09JAN2031800CE.NFO,07/01/2020,09:24:09,197.8,197.55,20,197.85,20,640,397360
BANKNIFTY09JAN2031800CE.NFO,07/01/2020,09:24:10,197.55,197.3,40,197.55,180,660,397360
BANKNIFTY09JAN2031800CE.NFO,07/01/2020,09:24:11,198.05,198,1260,198.3,20,920,397360
BANKNIFTY09JAN2031800CE.NFO,07/01/2020,09:24:12,197.8,197.8,60,197.95,180,2540,397360
BANKNIFTY09JAN2031800CE.NFO,07/01/2020,09:24:13,197.3,197.25,20,197.65,20,560,397360
BANKNIFTY09JAN2031800CE.NFO,07/01/2020,09:24:14,198.55,199.15,300,199.75,20,2720,397360
BANKNIFTY09JAN2031800CE.NFO,07/01/2020,09:24:15,199.6,199.25,60,199.7,20,620,397360
BANKNIFTY09JAN2031800CE.NFO,07/01/2020,09:24:16,198.45,198.15,20,198.45,20,1680,397360
BANKNIFTY09JAN2031800CE.NFO,07/01/2020,09:24:17,197.8,197.35,60,197.8,80,960,397360
BANKNIFTY09JAN2031800CE.NFO,07/01/2020,09:24:18,198.4,198.25,60,198.65,40,1780,397360
BANKNIFTY09JAN2031800CE.NFO,07/01/2020,09:24:19,197.55,197,1180,197.55,180,700,397360
BANKNIFTY09JAN2031800CE.NFO,07/01/2020,09:24:20,197,197,1080,197.4,20,680,397360
BANKNIFTY09JAN2031800CE.NFO,07/01/2020,09:24:21,197.85,197.3,20,197.8,20,3000,397360
BANKNIFTY09JAN2031800CE.NFO,07/01/2020,09:24:22,197.5,197,400,197.45,60,2880,397360
BANKNIFTY09JAN2031800CE.NFO,07/01/2020,09:24:23,197.45,196.7,40,197.4,140,2700,397360
BANKNIFTY09JAN2031800CE.NFO,07/01/2020,09:24:24,197.3,196.6,20,197.3,20,860,397360
BANKNIFTY09JAN2031800CE.NFO,07/01/2020,09:24:25,197.5,197.45,40,198,200,1640,397360
BANKNIFTY09JAN2031800CE.NFO,07/01/2020,09:24:26,199.15,198.8,40,199.45,60,1320,397360
BANKNIFTY09JAN2031800CE.NFO,07/01/2020,09:24:27,197.7,197.9,300,198.4,20,2680,397360
BANKNIFTY09JAN2031800CE.NFO,07/01/2020,09:24:28,197.6,197,20,197.55,80,300,397360
BANKNIFTY09JAN2031800CE.NFO,07/01/2020,09:24:29,196.2,196.15,20,196.8,60,200,397360
BANKNIFTY09JAN2031800CE.NFO,07/01/2020,09:24:30,195,195.1,20,195.7,120,2880,397360
BANKNIFTY09JAN2031800CE.NFO,07/01/2020,09:24:31,195.55,195,1600,195.55,300,2580,397360
BANKNIFTY09JAN2031800CE.NFO,07/01/2020,09:24:32,195.15,195,1260,195.6,60,1820,397360
BANKNIFTY09JAN2031800CE.NFO,07/01/2020,09:24:33,195.2,195.1,40,195.6,80,1100,397360
BANKNIFTY09JAN2031800CE.NFO,07/01/2020,09:24:34,194.9,194.05,80,194.8,360,2180,397360
BANKNIFTY09JAN2031800CE.NFO,07/01/2020,09:24:35,194.6,194.25,300,194.65,20,960,397360
BANKNIFTY09JAN2031800CE.NFO,07/01/2020,09:24:36,192.8,192.4,100,192.95,20,5840,397360
BANKNIFTY09JAN2031800CE.NFO,07/01/2020,09:24:37,192.55,192.55,20,193.3,20,940,397360
BANKNIFTY09JAN2031800CE.NFO,07/01/2020,09:24:38,192.4,192.4,20,192.95,60,520,397360
BANKNIFTY09JAN2031800CE.NFO,07/01/2020,09:24:39,192,191.75,60,192.25,40,3480,397360
BANKNIFTY09JAN2031800CE.NFO,07/01/2020,09:24:40,192.8,191.85,60,192.8,60,1540,397360
BANKNIFTY09JAN2031800CE.NFO,07/01/2020,09:24:41,191.05,190.4,80,191.2,20,5300,397360
BANKNIFTY09JAN2031800CE.NFO,07/01/2020,09:24:42,189.3,189.3,60,190.15,60,2560,397360
BANKNIFTY09JAN2031800CE.NFO,07/01/2020,09:24:43,189.65,188.9,100,189.65,40,1720,397360
BANKNIFTY09JAN2031800CE.NFO,07/01/2020,09:24:44,188.35,187.7,20,188.35,60,3400,397360
BANKNIFTY09JAN2031800CE.NFO,07/01/2020,09:24:45,188.9,188.3,60,188.95,80,1040,397360
BANKNIFTY09JAN2031800CE.NFO,07/01/2020,09:24:46,186.6,186.55,20,187.3,80,1860,397360
BANKNIFTY09JAN2031800CE.NFO,07/01/2020,09:24:47,186,186.3,100,186.65,20,1660,397360
BANKNIFTY09JAN2031800CE.NFO,07/01/2020,09:24:48,187.5,186.7,80,187.5,60,1980,397360
BANKNIFTY09JAN2031800CE.NFO,07/01/2020,09:24:49,186.75,186,40,186.6,100,1160,397360
BANKNIFTY09JAN2031800CE.NFO,07/01/2020,09:24:50,186.85,186.35,60,186.85,40,700,397360
BANKNIFTY09JAN2031800CE.NFO,07/01/2020,09:24:51,187.25,186.45,300,187.2,20,2840,397360
BANKNIFTY09JAN2031800CE.NFO,07/01/2020,09:24:52,188.1,187.8,20,188.4,80,4880,397360
BANKNIFTY09JAN2031800CE.NFO,07/01/2020,09:24:53,188.7,187.85,120,188.65,40,1680,397360
BANKNIFTY09JAN2031800CE.NFO,07/01/2020,09:24:54,187.7,187.55,320,188.05,20,1360,397360
BANKNIFTY09JAN2031800CE.NFO,07/01/2020,09:24:55,187.1,187.1,20,187.55,40,640,397360
BANKNIFTY09JAN2031800CE.NFO,07/01/2020,09:24:56,187,187,400,187.6,40,1100,397360
BANKNIFTY09JAN2031800CE.NFO,07/01/2020,09:24:57,188.25,187.55,20,188.2,300,2740,397360
BANKNIFTY09JAN2031800CE.NFO,07/01/2020,09:24:58,187.75,187.8,40,188.4,20,780,397360
BANKNIFTY09JAN2031800CE.NFO,07/01/2020,09:24:59,188.7,188.05,40,188.75,80,1500,397360
BANKNIFTY09JAN2031800CE.NFO,07/01/2020,09:25:00,190,189.55,60,190.2,20,560,397360
BANKNIFTY09JAN2031800CE.NFO,07/01/2020,09:25:01,191,190.8,60,191.2,20,2300,397360
BANKNIFTY09JAN2031800CE.NFO,07/01/2020,09:25:02,191.15,191.15,20,191.75,40,1380,397360
BANKNIFTY09JAN2031800CE.NFO,07/01/2020,09:25:03,192.2,192.1,20,192.9,20,1700,397360
BANKNIFTY09JAN2031800CE.NFO,07/01/2020,09:25:04,191.4,190.55,60,191.3,40,660,397360
BANKNIFTY09JAN2031800CE.NFO,07/01/2020,09:25:05,191.05,190.9,20,191.6,340,460,397360
BANKNIFTY09JAN2031800CE.NFO,07/01/2020,09:25:06,193,192.35,60,193,20,880,397360
BANKNIFTY09JAN2031800CE.NFO,07/01/2020,09:25:07,192.9,192.55,160,192.9,20,520,397360
BANKNIFTY09JAN2031800CE.NFO,07/01/2020,09:25:08,192.7,192.7,160,193,60,940,397360
BANKNIFTY09JAN2031800CE.NFO,07/01/2020,09:25:09,191.4,191,40,191.7,20,580,397360
BANKNIFTY09JAN2031800CE.NFO,07/01/2020,09:25:10,191.4,191.2,40,191.9,60,520,397360
BANKNIFTY09JAN2031800CE.NFO,07/01/2020,09:25:11,191.55,191.35,80,192,640,300,397360
BANKNIFTY09JAN2031800CE.NFO,07/01/2020,09:25:12,190.95,191,60,191.35,60,860,397360
BANKNIFTY09JAN2031800CE.NFO,07/01/2020,09:25:12,191,190.45,20,191.25,40,1100,397360
BANKNIFTY09JAN2031800CE.NFO,07/01/2020,09:25:13,191.45,190.85,60,191.55,20,180,397360
BANKNIFTY09JAN2031800CE.NFO,07/01/2020,09:25:14,190.75,190.4,20,191.1,60,320,397360
BANKNIFTY09JAN2031800CE.NFO,07/01/2020,09:25:15,191.5,191.2,40,191.7,40,2360,397360
BANKNIFTY09JAN2031800CE.NFO,07/01/2020,09:25:16,190.75,190.3,40,191.05,100,300,397360
BANKNIFTY09JAN2031800CE.NFO,07/01/2020,09:25:17,191,190.1,20,190.85,20,740,397360
BANKNIFTY09JAN2031800CE.NFO,07/01/2020,09:25:18,191,190.3,160,191,80,300,397360
BANKNIFTY09JAN2031800CE.NFO,07/01/2020,09:25:19,191,190.55,20,191.25,300,220,397360
BANKNIFTY09JAN2031800CE.NFO,07/01/2020,09:25:20,190.4,190.4,140,191.2,120,140,397360
BANKNIFTY09JAN2031800CE.NFO,07/01/2020,09:25:21,191.55,191.35,100,191.7,40,540,397360
BANKNIFTY09JAN2031800CE.NFO,07/01/2020,09:25:22,191.7,191.4,300,192,220,60,397360
BANKNIFTY09JAN2031800CE.NFO,07/01/2020,09:25:23,191.45,191.4,300,192.2,60,500,397360
BANKNIFTY09JAN2031800CE.NFO,07/01/2020,09:25:24,191.35,191.35,20,191.85,20,200,397360
BANKNIFTY09JAN2031800CE.NFO,07/01/2020,09:25:25,190.95,190.75,20,191.35,60,2840,397360
BANKNIFTY09JAN2031800CE.NFO,07/01/2020,09:25:26,191.25,190.55,80,191.25,40,2700,397360
BANKNIFTY09JAN2031800CE.NFO,07/01/2020,09:25:27,191.6,190.95,400,191.6,20,740,397360
BANKNIFTY09JAN2031800CE.NFO,07/01/2020,09:25:28,191.25,191.35,20,192,100,80,397360
BANKNIFTY09JAN2031800CE.NFO,07/01/2020,09:25:29,190.45,190.45,60,191.25,40,1440,397360
BANKNIFTY09JAN2031800CE.NFO,07/01/2020,09:25:30,190.6,190.55,40,191.3,40,1020,397360
BANKNIFTY09JAN2031800CE.NFO,07/01/2020,09:25:31,191.4,190.65,20,191.4,40,600,397360
BANKNIFTY09JAN2031800CE.NFO,07/01/2020,09:25:32,191.25,190.2,20,191.1,180,1320,397360
BANKNIFTY09JAN2031800CE.NFO,07/01/2020,09:25:33,190.05,190.3,60,190.85,20,580,397360
BANKNIFTY09JAN2031800CE.NFO,07/01/2020,09:25:34,190.45,190.3,80,190.95,80,1020,397360
BANKNIFTY09JAN2031800CE.NFO,07/01/2020,09:25:35,191.05,190.4,220,191.05,80,400,397360
BANKNIFTY09JAN2031800CE.NFO,07/01/2020,09:25:36,190.25,190.25,100,190.85,100,1600,397360
BANKNIFTY09JAN2031800CE.NFO,07/01/2020,09:25:37,190.3,190.3,100,190.65,20,1100,397360
BANKNIFTY09JAN2031800CE.NFO,07/01/2020,09:25:38,190,190,2200,190.35,140,1320,397360
BANKNIFTY09JAN2031800CE.NFO,07/01/2020,09:25:39,190.2,190.25,300,190.9,20,420,397360
BANKNIFTY09JAN2031800CE.NFO,07/01/2020,09:25:40,190.1,190.15,40,190.85,100,400,397360
BANKNIFTY09JAN2031800CE.NFO,07/01/2020,09:25:41,190.85,190.2,60,190.85,320,300,397360
BANKNIFTY09JAN2031800CE.NFO,07/01/2020,09:25:42,190.95,190.2,40,190.9,300,2060,397360
BANKNIFTY09JAN2031800CE.NFO,07/01/2020,09:25:43,190.2,190.1,40,190.7,20,120,397360
BANKNIFTY09JAN2031800CE.NFO,07/01/2020,09:25:44,190.2,190,2320,190.35,80,100,397360
BANKNIFTY09JAN2031800CE.NFO,07/01/2020,09:25:45,190.05,190.05,240,190.5,160,820,397360
BANKNIFTY09JAN2031800CE.NFO,07/01/2020,09:25:46,189.75,189.75,20,190.4,360,1840,397360
BANKNIFTY09JAN2031800CE.NFO,07/01/2020,09:25:47,190.3,190.3,120,190.85,40,760,397360
BANKNIFTY09JAN2031800CE.NFO,07/01/2020,09:25:48,191.3,191.2,280,191.55,20,960,397360
BANKNIFTY09JAN2031800CE.NFO,07/01/2020,09:25:49,191,191,80,191.45,100,160,397360
BANKNIFTY09JAN2031800CE.NFO,07/01/2020,09:25:50,191.2,190.6,80,191.2,40,860,397360
BANKNIFTY09JAN2031800CE.NFO,07/01/2020,09:25:51,191,190.5,60,191,60,180,397360
BANKNIFTY09JAN2031800CE.NFO,07/01/2020,09:25:52,190.3,189.65,40,190.3,220,720,397360
BANKNIFTY09JAN2031800CE.NFO,07/01/2020,09:25:53,189.95,189.45,20,190.25,20,540,397360
BANKNIFTY09JAN2031800CE.NFO,07/01/2020,09:25:54,190.65,190.05,20,190.75,40,1460,397360
BANKNIFTY09JAN2031800CE.NFO,07/01/2020,09:25:55,189.75,189.75,80,190.4,340,320,397360
BANKNIFTY09JAN2031800CE.NFO,07/01/2020,09:25:56,189.4,189.2,60,189.85,140,480,397360
BANKNIFTY09JAN2031800CE.NFO,07/01/2020,09:25:57,189.2,189.2,60,189.8,260,420,397360
BANKNIFTY09JAN2031800CE.NFO,07/01/2020,09:25:58,189.7,189.05,20,189.7,20,460,397360
BANKNIFTY09JAN2031800CE.NFO,07/01/2020,09:25:59,189.15,188.4,100,189.15,100,1100,397360
BANKNIFTY09JAN2031800CE.NFO,07/01/2020,09:26:00,188.7,188.6,100,189.25,20,1060,397360
BANKNIFTY09JAN2031800CE.NFO,07/01/2020,09:26:01,188.85,188.25,20,188.85,40,1500,397360
BANKNIFTY09JAN2031800CE.NFO,07/01/2020,09:26:02,188,187.25,160,188,20,700,397360
BANKNIFTY09JAN2031800CE.NFO,07/01/2020,09:26:03,187,187,480,187.75,40,840,397360
BANKNIFTY09JAN2031800CE.NFO,07/01/2020,09:26:04,187.05,186.6,40,187.25,240,980,397360
BANKNIFTY09JAN2031800CE.NFO,07/01/2020,09:26:05,186.9,186.15,20,186.85,20,3880,397360
BANKNIFTY09JAN2031800CE.NFO,07/01/2020,09:26:06,185.95,186.2,60,186.95,20,2080,397360
BANKNIFTY09JAN2031800CE.NFO,07/01/2020,09:26:07,187.2,186.8,40,187.35,40,960,397360
BANKNIFTY09JAN2031800CE.NFO,07/01/2020,09:26:08,187.8,187.25,60,188,200,1480,397360
BANKNIFTY09JAN2031800CE.NFO,07/01/2020,09:26:09,187.85,187.25,100,188,120,600,397360
BANKNIFTY09JAN2031800CE.NFO,07/01/2020,09:26:10,187.7,187.7,1860,188,140,400,435440
BANKNIFTY09JAN2031800CE.NFO,07/01/2020,09:26:11,188.45,187.75,80,188.4,400,640,435440
BANKNIFTY09JAN2031800CE.NFO,07/01/2020,09:26:13,188.5,187.85,400,188.5,340,3040,435440
BANKNIFTY09JAN2031800CE.NFO,07/01/2020,09:26:14,187.85,187.85,200,188.35,20,1020,435440
BANKNIFTY09JAN2031800CE.NFO,07/01/2020,09:26:15,187.7,187.25,80,187.7,40,2020,435440
BANKNIFTY09JAN2031800CE.NFO,07/01/2020,09:26:16,187.25,187.25,60,187.75,80,680,435440
BANKNIFTY09JAN2031800CE.NFO,07/01/2020,09:26:17,186.9,186.25,120,186.85,60,680,435440
BANKNIFTY09JAN2031800CE.NFO,07/01/2020,09:26:18,184.1,183.6,100,184.15,300,5720,435440
BANKNIFTY09JAN2031800CE.NFO,07/01/2020,09:26:19,183.45,183.45,100,183.95,80,2300,435440
BANKNIFTY09JAN2031800CE.NFO,07/01/2020,09:26:20,183,182.75,40,183.55,100,2360,435440
BANKNIFTY09JAN2031800CE.NFO,07/01/2020,09:26:21,183.55,182.95,280,183.55,120,820,435440
BANKNIFTY09JAN2031800CE.NFO,07/01/2020,09:26:22,182,182,1120,182.45,80,3460,435440
BANKNIFTY09JAN2031800CE.NFO,07/01/2020,09:26:23,181.4,181.45,40,182.05,20,2960,435440
BANKNIFTY09JAN2031800CE.NFO,07/01/2020,09:26:24,182.35,182,340,182.5,40,2580,435440
BANKNIFTY09JAN2031800CE.NFO,07/01/2020,09:26:25,182.35,182.35,120,182.9,20,920,435440
BANKNIFTY09JAN2031800CE.NFO,07/01/2020,09:26:26,183.55,182.95,20,183.55,60,6900,435440
BANKNIFTY09JAN2031800CE.NFO,07/01/2020,09:26:27,182.9,182.95,60,183.65,40,2880,435440
BANKNIFTY09JAN2031800CE.NFO,07/01/2020,09:26:28,184.4,184.2,340,184.9,120,2300,435440
BANKNIFTY09JAN2031800CE.NFO,07/01/2020,09:26:29,184.8,185.05,20,185.45,160,600,435440
BANKNIFTY09JAN2031800CE.NFO,07/01/2020,09:26:30,186.25,186.5,80,187.05,20,820,435440
BANKNIFTY09JAN2031800CE.NFO,07/01/2020,09:26:31,188,187.7,80,188.45,380,3780,435440
BANKNIFTY09JAN2031800CE.NFO,07/01/2020,09:26:32,188.3,187.7,60,188.3,80,720,435440
BANKNIFTY09JAN2031800CE.NFO,07/01/2020,09:26:33,187.25,187.1,320,187.7,20,2340,435440
BANKNIFTY09JAN2031800CE.NFO,07/01/2020,09:26:34,187.1,186.35,20,186.7,140,1560,435440
BANKNIFTY09JAN2031800CE.NFO,07/01/2020,09:26:35,185.9,185.6,80,186.25,100,360,435440
BANKNIFTY09JAN2031800CE.NFO,07/01/2020,09:26:36,185.4,185,40,185.55,80,700,435440
BANKNIFTY09JAN2031800CE.NFO,07/01/2020,09:26:37,184.95,184.35,60,184.95,340,140,435440
BANKNIFTY09JAN2031800CE.NFO,07/01/2020,09:26:38,184.15,183.45,60,184.2,100,940,435440
BANKNIFTY09JAN2031800CE.NFO,07/01/2020,09:26:39,183.15,183.15,20,183.9,40,2940,435440
BANKNIFTY09JAN2031800CE.NFO,07/01/2020,09:26:40,182.35,182.25,2000,182.55,300,3560,435440
BANKNIFTY09JAN2031800CE.NFO,07/01/2020,09:26:41,180.75,180,100,180.75,80,9500,435440
BANKNIFTY09JAN2031800CE.NFO,07/01/2020,09:26:42,181.05,181,60,181.25,20,920,435440
BANKNIFTY09JAN2031800CE.NFO,07/01/2020,09:26:43,181,181,40,181.65,40,560,435440
BANKNIFTY09JAN2031800CE.NFO,07/01/2020,09:26:44,183.25,183.7,20,184.25,40,1860,435440
BANKNIFTY09JAN2031800CE.NFO,07/01/2020,09:26:45,184.05,183.5,100,184.15,20,880,435440
BANKNIFTY09JAN2031800CE.NFO,07/01/2020,09:26:46,183.45,183,40,183.55,300,600,435440
BANKNIFTY09JAN2031800CE.NFO,07/01/2020,09:26:47,183.7,183.75,80,184.15,20,320,435440
BANKNIFTY09JAN2031800CE.NFO,07/01/2020,09:26:48,182.55,182,1040,182.85,40,700,435440
BANKNIFTY09JAN2031800CE.NFO,07/01/2020,09:26:49,182.25,182,940,182.65,60,460,435440
BANKNIFTY09JAN2031800CE.NFO,07/01/2020,09:26:50,182.5,182,560,182.7,140,540,435440
BANKNIFTY09JAN2031800CE.NFO,07/01/2020,09:26:51,182.3,181.65,1880,182.25,100,900,435440
BANKNIFTY09JAN2031800CE.NFO,07/01/2020,09:26:52,181.65,181.65,1780,182.2,60,780,435440
BANKNIFTY09JAN2031800CE.NFO,07/01/2020,09:26:53,181,181,720,181.25,40,2720,435440
BANKNIFTY09JAN2031800CE.NFO,07/01/2020,09:26:54,182.1,181.3,300,182.05,60,2060,435440
BANKNIFTY09JAN2031800CE.NFO,07/01/2020,09:26:55,181.65,181.55,80,182.2,40,520,435440
BANKNIFTY09JAN2031800CE.NFO,07/01/2020,09:26:56,182.3,182.4,300,182.9,20,1080,435440
BANKNIFTY09JAN2031800CE.NFO,07/01/2020,09:26:57,182.05,182.3,320,182.95,1360,480,435440
BANKNIFTY09JAN2031800CE.NFO,07/01/2020,09:26:58,182.7,182.1,300,182.8,40,1540,435440
BANKNIFTY09JAN2031800CE.NFO,07/01/2020,09:26:59,182,182,920,182.65,40,160,435440
BANKNIFTY09JAN2031800CE.NFO,07/01/2020,09:27:00,182.15,182.05,80,182.7,40,3200,435440
BANKNIFTY09JAN2031800CE.NFO,07/01/2020,09:27:01,181.95,181.25,20,181.95,40,3940,435440
BANKNIFTY09JAN2031800CE.NFO,07/01/2020,09:27:02,182.2,182,20,182.2,60,2040,435440
BANKNIFTY09JAN2031800CE.NFO,07/01/2020,09:27:03,181.7,181.05,40,181.7,60,280,435440
BANKNIFTY09JAN2031800CE.NFO,07/01/2020,09:27:04,182.25,181.35,40,181.9,300,2540,435440
BANKNIFTY09JAN2031800CE.NFO,07/01/2020,09:27:05,181.15,181.1,40,181.45,120,460,435440
BANKNIFTY09JAN2031800CE.NFO,07/01/2020,09:27:06,182.8,182.05,60,182.8,240,880,435440
BANKNIFTY09JAN2031800CE.NFO,07/01/2020,09:27:07,182,182,40,182.7,20,2780,435440
BANKNIFTY09JAN2031800CE.NFO,07/01/2020,09:27:08,183,182.2,80,182.65,40,320,435440
BANKNIFTY09JAN2031800CE.NFO,07/01/2020,09:27:09,184.3,183.75,60,184.35,60,3820,435440
BANKNIFTY09JAN2031800CE.NFO,07/01/2020,09:27:10,184.7,184.7,60,185.35,80,480,435440
BANKNIFTY09JAN2031800CE.NFO,07/01/2020,09:27:11,184.6,184.55,40,185.2,60,280,435440
BANKNIFTY09JAN2031800CE.NFO,07/01/2020,09:27:12,185.4,184.4,60,184.9,80,420,435440
BANKNIFTY09JAN2031800CE.NFO,07/01/2020,09:27:13,185.75,185.05,60,185.75,20,400,435440
BANKNIFTY09JAN2031800CE.NFO,07/01/2020,09:27:14,185.9,185.3,320,186,40,260,435440
BANKNIFTY09JAN2031800CE.NFO,07/01/2020,09:27:15,185.65,185.65,40,186.35,140,1300,435440
BANKNIFTY09JAN2031800CE.NFO,07/01/2020,09:27:16,185.9,185.55,260,185.95,20,240,435440
BANKNIFTY09JAN2031800CE.NFO,07/01/2020,09:27:17,185.95,185.4,140,185.95,280,240,435440
BANKNIFTY09JAN2031800CE.NFO,07/01/2020,09:27:18,184.95,184.7,40,185.2,20,1320,435440
BANKNIFTY09JAN2031800CE.NFO,07/01/2020,09:27:19,184.2,184.2,440,184.9,100,980,435440
BANKNIFTY09JAN2031800CE.NFO,07/01/2020,09:27:20,184.8,184.35,80,184.8,260,260,435440
BANKNIFTY09JAN2031800CE.NFO,07/01/2020,09:27:21,185,185,240,185.3,2100,1460,435440
BANKNIFTY09JAN2031800CE.NFO,07/01/2020,09:27:21,185,184.7,40,185.2,20,0,435440
BANKNIFTY09JAN2031800CE.NFO,07/01/2020,09:27:23,185.5,185.4,300,185.9,60,2340,435440
BANKNIFTY09JAN2031800CE.NFO,07/01/2020,09:27:24,186.3,185.7,100,186.35,60,440,435440
BANKNIFTY09JAN2031800CE.NFO,07/01/2020,09:27:25,186.7,186.6,140,186.95,20,680,435440
BANKNIFTY09JAN2031800CE.NFO,07/01/2020,09:27:26,187,186.5,100,187,140,260,435440
BANKNIFTY09JAN2031800CE.NFO,07/01/2020,09:27:27,186.3,185.65,100,186.3,40,1520,435440
BANKNIFTY09JAN2031800CE.NFO,07/01/2020,09:27:28,185.95,185.65,40,186.15,80,520,435440
BANKNIFTY09JAN2031800CE.NFO,07/01/2020,09:27:29,186.1,185.65,40,186.1,120,20,435440
BANKNIFTY09JAN2031800CE.NFO,07/01/2020,09:27:30,184.95,184.7,20,184.95,260,1320,435440
BANKNIFTY09JAN2031800CE.NFO,07/01/2020,09:27:31,185,184.45,120,185,1520,540,435440
BANKNIFTY09JAN2031800CE.NFO,07/01/2020,09:27:32,184.2,184.15,60,184.7,20,2520,435440
BANKNIFTY09JAN2031800CE.NFO,07/01/2020,09:27:33,184.3,184.15,60,184.75,40,480,435440
BANKNIFTY09JAN2031800CE.NFO,07/01/2020,09:27:34,184.95,184.25,340,184.8,20,220,435440
BANKNIFTY09JAN2031800CE.NFO,07/01/2020,09:27:35,184.95,184.7,20,184.8,20,0,435440
BANKNIFTY09JAN2031800CE.NFO,07/01/2020,09:27:36,185,184.55,160,185,40,2140,435440
BANKNIFTY09JAN2031800CE.NFO,07/01/2020,09:27:37,186.3,186.1,40,186.55,80,5720,435440
BANKNIFTY09JAN2031800CE.NFO,07/01/2020,09:27:38,186.3,186.15,100,186.7,1200,2120,435440
BANKNIFTY09JAN2031800CE.NFO,07/01/2020,09:27:39,186,186.05,40,186.5,100,1700,435440
BANKNIFTY09JAN2031800CE.NFO,07/01/2020,09:27:40,188,186.95,20,187.6,40,3440,435440
BANKNIFTY09JAN2031800CE.NFO,07/01/2020,09:27:41,187.85,187.45,140,188,200,520,435440
BANKNIFTY09JAN2031800CE.NFO,07/01/2020,09:27:42,188.15,188.25,60,188.9,80,760,435440
BANKNIFTY09JAN2031800CE.NFO,07/01/2020,09:27:43,187.95,187.95,260,188.6,20,3300,435440
BANKNIFTY09JAN2031800CE.NFO,07/01/2020,09:27:44,187.2,187.25,60,187.95,20,860,435440
BANKNIFTY09JAN2031800CE.NFO,07/01/2020,09:27:45,187.75,187.4,20,187.75,140,3300,435440
BANKNIFTY09JAN2031800CE.NFO,07/01/2020,09:27:46,187.05,187,80,187.55,40,340,435440
BANKNIFTY09JAN2031800CE.NFO,07/01/2020,09:27:47,186.1,185.6,40,185.9,80,3480,435440
BANKNIFTY09JAN2031800CE.NFO,07/01/2020,09:27:48,186.05,186.2,60,186.8,80,940,435440
BANKNIFTY09JAN2031800CE.NFO,07/01/2020,09:27:49,186,185.45,220,185.95,80,4460,435440
BANKNIFTY09JAN2031800CE.NFO,07/01/2020,09:27:50,187.3,187.25,40,187.75,360,820,435440
BANKNIFTY09JAN2031800CE.NFO,07/01/2020,09:27:51,188.4,187.6,300,188.35,40,3160,435440
BANKNIFTY09JAN2031800CE.NFO,07/01/2020,09:27:52,187.75,187.8,300,188.35,20,300,435440
BANKNIFTY09JAN2031800CE.NFO,07/01/2020,09:27:53,187.75,187.85,300,188.4,380,0,435440
BANKNIFTY09JAN2031800CE.NFO,07/01/2020,09:27:54,188.3,187.35,60,188.05,40,200,435440
BANKNIFTY09JAN2031800CE.NFO,07/01/2020,09:27:55,188.2,187.5,20,188.15,40,300,435440
BANKNIFTY09JAN2031800CE.NFO,07/01/2020,09:27:56,187.7,187.5,60,187.7,400,220,435440
BANKNIFTY09JAN2031800CE.NFO,07/01/2020,09:27:57,187.7,187.25,80,187.65,20,380,435440
BANKNIFTY09JAN2031800CE.NFO,07/01/2020,09:27:58,187.4,187.05,60,187.6,300,100,435440
BANKNIFTY09JAN2031800CE.NFO,07/01/2020,09:27:59,187.45,187,40,187.45,20,1540,435440
BANKNIFTY09JAN2031800CE.NFO,07/01/2020,09:28:00,184.55,184.35,40,184.75,80,2620,435440
BANKNIFTY09JAN2031800CE.NFO,07/01/2020,09:28:01,184.1,183.4,160,184.05,240,1380,435440
BANKNIFTY09JAN2031800CE.NFO,07/01/2020,09:28:02,184.8,185.6,60,185.9,200,3500,435440
BANKNIFTY09JAN2031800CE.NFO,07/01/2020,09:28:03,186.7,186.75,80,187.35,80,5280,435440
BANKNIFTY09JAN2031800CE.NFO,07/01/2020,09:28:04,187.5,186.9,100,187.5,60,520,435440
BANKNIFTY09JAN2031800CE.NFO,07/01/2020,09:28:05,188.2,187.95,40,188.4,360,2320,435440
BANKNIFTY09JAN2031800CE.NFO,07/01/2020,09:28:06,187,186.4,340,186.75,40,2700,435440
BANKNIFTY09JAN2031800CE.NFO,07/01/2020,09:28:07,187.35,186.95,300,187.4,20,1160,435440
BANKNIFTY09JAN2031800CE.NFO,07/01/2020,09:28:08,188.25,188.25,40,188.75,20,660,435440
BANKNIFTY09JAN2031800CE.NFO,07/01/2020,09:28:09,188.45,188.15,20,188.9,60,500,435440
BANKNIFTY09JAN2031800CE.NFO,07/01/2020,09:28:10,188.35,187.65,100,188.3,20,2240,435440
BANKNIFTY09JAN2031800CE.NFO,07/01/2020,09:28:11,185.4,184.25,80,185.1,20,5140,435440
BANKNIFTY09JAN2031800CE.NFO,07/01/2020,09:28:12,186.15,185.45,100,186.1,20,1180,435440
BANKNIFTY09JAN2031800CE.NFO,07/01/2020,09:28:13,187.7,187.3,20,187.9,60,4700,435440
BANKNIFTY09JAN2031800CE.NFO,07/01/2020,09:28:14,186.3,186.4,20,186.7,20,740,435440
BANKNIFTY09JAN2031800CE.NFO,07/01/2020,09:28:15,185.75,185.5,40,186.3,60,540,435440
BANKNIFTY09JAN2031800CE.NFO,07/01/2020,09:28:16,186,185.4,40,186,100,160,435440
BANKNIFTY09JAN2031800CE.NFO,07/01/2020,09:28:17,185,185,240,185.6,60,1240,435440
BANKNIFTY09JAN2031800CE.NFO,07/01/2020,09:28:18,184.25,184.05,20,184.9,320,1240,435440
BANKNIFTY09JAN2031800CE.NFO,07/01/2020,09:28:19,184.35,184.3,140,185,20,2840,435440
BANKNIFTY09JAN2031800CE.NFO,07/01/2020,09:28:20,183.5,183.3,40,184.1,60,980,435440
BANKNIFTY09JAN2031800CE.NFO,07/01/2020,09:28:21,182.7,182.7,80,183.5,40,1060,435440
BANKNIFTY09JAN2031800CE.NFO,07/01/2020,09:28:22,183,182.95,100,183.8,60,3000,435440
BANKNIFTY09JAN2031800CE.NFO,07/01/2020,09:28:23,183.15,182.6,40,183.3,100,5020,435440
BANKNIFTY09JAN2031800CE.NFO,07/01/2020,09:28:24,182.8,182.15,300,182.95,100,260,435440
BANKNIFTY09JAN2031800CE.NFO,07/01/2020,09:28:25,182.25,182.25,80,183.1,60,2680,435440
BANKNIFTY09JAN2031800CE.NFO,07/01/2020,09:28:26,182,182,160,182.9,120,1100,435440
BANKNIFTY09JAN2031800CE.NFO,07/01/2020,09:28:27,182.7,182.15,80,182.8,40,1240,435440
BANKNIFTY09JAN2031800CE.NFO,07/01/2020,09:28:28,181.65,181.65,240,182.45,20,780,435440
BANKNIFTY09JAN2031800CE.NFO,07/01/2020,09:28:29,183.7,182.8,40,183.5,20,700,435440
BANKNIFTY09JAN2031800CE.NFO,07/01/2020,09:28:30,184.35,183.4,40,184.15,160,820,435440
BANKNIFTY09JAN2031800CE.NFO,07/01/2020,09:28:31,182.05,182,80,182.65,60,2180,435440
BANKNIFTY09JAN2031800CE.NFO,07/01/2020,09:28:32,182.4,182.15,40,182.6,80,2200,435440
BANKNIFTY09JAN2031800CE.NFO,07/01/2020,09:28:33,182.55,182.5,40,183.25,40,2040,435440
BANKNIFTY09JAN2031800CE.NFO,07/01/2020,09:28:34,182.5,182,460,182.8,80,1680,435440
BANKNIFTY09JAN2031800CE.NFO,07/01/2020,09:28:35,181.65,181.65,460,182.25,100,720,435440
BANKNIFTY09JAN2031800CE.NFO,07/01/2020,09:28:36,181.65,181.45,60,181.9,20,2760,435440
BANKNIFTY09JAN2031800CE.NFO,07/01/2020,09:28:37,181.45,181.45,40,181.8,80,3020,435440
BANKNIFTY09JAN2031800CE.NFO,07/01/2020,09:28:38,181.6,181.45,20,181.95,60,180,435440
BANKNIFTY09JAN2031800CE.NFO,07/01/2020,09:28:39,182.2,182.1,20,182.3,20,720,435440
BANKNIFTY09JAN2031800CE.NFO,07/01/2020,09:28:40,182.95,182.65,20,183.2,20,1820,435440
BANKNIFTY09JAN2031800CE.NFO,07/01/2020,09:28:41,182.95,182.75,80,183.5,40,520,435440
BANKNIFTY09JAN2031800CE.NFO,07/01/2020,09:28:42,181.9,181.95,40,182.8,80,1380,435440
BANKNIFTY09JAN2031800CE.NFO,07/01/2020,09:28:43,182,181.6,160,182,80,1040,435440
BANKNIFTY09JAN2031800CE.NFO,07/01/2020,09:28:44,181.4,181.3,320,181.9,20,460,435440
BANKNIFTY09JAN2031800CE.NFO,07/01/2020,09:28:45,181.7,181.5,220,182.15,300,1540,435440
BANKNIFTY09JAN2031800CE.NFO,07/01/2020,09:28:46,182,181.55,40,182.15,100,240,435440
BANKNIFTY09JAN2031800CE.NFO,07/01/2020,09:28:47,182.2,182.5,20,182.9,40,660,435440
BANKNIFTY09JAN2031800CE.NFO,07/01/2020,09:28:48,182.2,182.25,20,182.9,40,320,435440
BANKNIFTY09JAN2031800CE.NFO,07/01/2020,09:28:49,183.5,182.65,20,183.25,80,1980,435440
BANKNIFTY09JAN2031800CE.NFO,07/01/2020,09:28:50,183.4,183.5,20,184.1,40,900,435440
BANKNIFTY09JAN2031800CE.NFO,07/01/2020,09:28:51,183.9,183.25,60,183.9,20,780,435440
BANKNIFTY09JAN2031800CE.NFO,07/01/2020,09:28:52,183.5,183.45,40,184.15,60,100,435440
BANKNIFTY09JAN2031800CE.NFO,07/01/2020,09:28:53,184.3,183.85,100,184.25,100,40,435440
BANKNIFTY09JAN2031800CE.NFO,07/01/2020,09:28:54,184.1,183.6,20,184.05,40,280,435440
BANKNIFTY09JAN2031800CE.NFO,07/01/2020,09:28:55,183.6,183.1,80,183.7,20,360,435440
BANKNIFTY09JAN2031800CE.NFO,07/01/2020,09:28:56,183.05,182.3,60,183,40,640,435440
BANKNIFTY09JAN2031800CE.NFO,07/01/2020,09:28:57,182.7,182.05,40,182.7,40,760,435440
BANKNIFTY09JAN2031800CE.NFO,07/01/2020,09:28:58,182.8,182.1,40,182.8,20,440,435440
BANKNIFTY09JAN2031800CE.NFO,07/01/2020,09:28:59,182.05,182.05,20,182.65,440,40,435440
BANKNIFTY09JAN2031800CE.NFO,07/01/2020,09:29:00,183,182.35,60,183,20,1340,435440
BANKNIFTY09JAN2031800CE.NFO,07/01/2020,09:29:01,182.95,182.55,140,183.25,60,640,435440
BANKNIFTY09JAN2031800CE.NFO,07/01/2020,09:29:02,183.4,183.5,360,184,60,960,435440
BANKNIFTY09JAN2031800CE.NFO,07/01/2020,09:29:03,184,183.6,40,184.25,160,260,435440
BANKNIFTY09JAN2031800CE.NFO,07/01/2020,09:29:04,185.15,185.05,300,185.2,20,2820,435440
BANKNIFTY09JAN2031800CE.NFO,07/01/2020,09:29:05,186.05,185.65,560,186.05,60,2080,435440
BANKNIFTY09JAN2031800CE.NFO,07/01/2020,09:29:06,186.45,186.4,840,187,200,740,435440
BANKNIFTY09JAN2031800CE.NFO,07/01/2020,09:29:07,186.45,186.5,20,187,120,960,435440
BANKNIFTY09JAN2031800CE.NFO,07/01/2020,09:29:08,187,186.5,40,187,80,280,435440
BANKNIFTY09JAN2031800CE.NFO,07/01/2020,09:29:09,186.35,186.1,20,186.9,80,20,435440
BANKNIFTY09JAN2031800CE.NFO,07/01/2020,09:29:10,187,186.85,20,187.65,260,3820,435440
BANKNIFTY09JAN2031800CE.NFO,07/01/2020,09:29:11,187.05,187.05,120,187.75,60,840,466760
BANKNIFTY09JAN2031800CE.NFO,07/01/2020,09:29:12,187.45,187,100,187.45,100,640,466760
BANKNIFTY09JAN2031800CE.NFO,07/01/2020,09:29:13,186.25,186.25,40,186.6,20,120,466760
BANKNIFTY09JAN2031800CE.NFO,07/01/2020,09:29:14,186.5,186,220,186.5,40,260,466760
BANKNIFTY09JAN2031800CE.NFO,07/01/2020,09:29:15,185.95,185.45,100,185.95,180,540,466760
BANKNIFTY09JAN2031800CE.NFO,07/01/2020,09:29:16,186,185.4,120,186,180,280,466760
BANKNIFTY09JAN2031800CE.NFO,07/01/2020,09:29:17,185.95,186.1,100,186.5,20,320,466760
BANKNIFTY09JAN2031800CE.NFO,07/01/2020,09:29:18,186.45,186.15,60,186.75,40,300,466760
BANKNIFTY09JAN2031800CE.NFO,07/01/2020,09:29:19,185.9,185.7,20,186.45,300,380,466760
BANKNIFTY09JAN2031800CE.NFO,07/01/2020,09:29:20,186.7,186.15,100,186.65,40,400,466760
BANKNIFTY09JAN2031800CE.NFO,07/01/2020,09:29:21,186,186.05,100,186.45,300,1720,466760
BANKNIFTY09JAN2031800CE.NFO,07/01/2020,09:29:22,185.4,185.5,120,186.3,120,1040,466760
BANKNIFTY09JAN2031800CE.NFO,07/01/2020,09:29:23,186.3,186.2,80,186.95,100,880,466760
BANKNIFTY09JAN2031800CE.NFO,07/01/2020,09:29:24,185.05,185.4,40,186.1,140,940,466760
BANKNIFTY09JAN2031800CE.NFO,07/01/2020,09:29:25,186.05,186.05,80,186.25,120,820,466760
BANKNIFTY09JAN2031800CE.NFO,07/01/2020,09:29:26,186,185.7,80,186.15,40,720,466760
BANKNIFTY09JAN2031800CE.NFO,07/01/2020,09:29:27,185.1,185.15,80,185.95,40,3740,466760
BANKNIFTY09JAN2031800CE.NFO,07/01/2020,09:29:28,185.45,185.1,20,185.8,300,3020,466760
BANKNIFTY09JAN2031800CE.NFO,07/01/2020,09:29:29,185,185,1320,185.1,20,5040,466760
BANKNIFTY09JAN2031800CE.NFO,07/01/2020,09:29:30,185.6,185.55,40,186.15,60,1560,466760
BANKNIFTY09JAN2031800CE.NFO,07/01/2020,09:29:31,185.35,185.15,60,185.8,40,520,466760
BANKNIFTY09JAN2031800CE.NFO,07/01/2020,09:29:32,185.1,185.05,40,185.65,40,240,466760
BANKNIFTY09JAN2031800CE.NFO,07/01/2020,09:29:33,185,185,2700,185.65,40,600,466760
BANKNIFTY09JAN2031800CE.NFO,07/01/2020,09:29:34,185.6,185,2480,185.6,200,260,466760
BANKNIFTY09JAN2031800CE.NFO,07/01/2020,09:29:35,185.05,185.05,60,185.7,40,460,466760
BANKNIFTY09JAN2031800CE.NFO,07/01/2020,09:29:36,184.05,184,260,184.7,20,2620,466760
BANKNIFTY09JAN2031800CE.NFO,07/01/2020,09:29:37,184.25,184.25,400,184.7,20,460,466760
BANKNIFTY09JAN2031800CE.NFO,07/01/2020,09:29:38,183.85,183.85,260,184.45,20,2660,466760
BANKNIFTY09JAN2031800CE.NFO,07/01/2020,09:29:39,184,184.05,100,184.75,20,3440,466760
BANKNIFTY09JAN2031800CE.NFO,07/01/2020,09:29:40,184.2,184,300,184.55,40,80,466760
BANKNIFTY09JAN2031800CE.NFO,07/01/2020,09:29:41,184.5,184.25,40,184.85,20,100,466760
BANKNIFTY09JAN2031800CE.NFO,07/01/2020,09:29:42,184.15,183.8,20,184.1,20,360,466760
BANKNIFTY09JAN2031800CE.NFO,07/01/2020,09:29:43,183.65,183.05,100,183.65,20,1060,466760
BANKNIFTY09JAN2031800CE.NFO,07/01/2020,09:29:44,183,183.05,40,183.55,20,320,466760
BANKNIFTY09JAN2031800CE.NFO,07/01/2020,09:29:45,183.2,183.25,100,183.9,60,320,466760
BANKNIFTY09JAN2031800CE.NFO,07/01/2020,09:29:46,183.95,183.65,100,184.15,100,3420,466760
BANKNIFTY09JAN2031800CE.NFO,07/01/2020,09:29:47,185.05,185.05,140,185.55,180,720,466760
BANKNIFTY09JAN2031800CE.NFO,07/01/2020,09:29:48,185.6,185.6,380,185.7,20,1040,466760
BANKNIFTY09JAN2031800CE.NFO,07/01/2020,09:29:49,184.8,184.85,120,185.4,40,1320,466760
BANKNIFTY09JAN2031800CE.NFO,07/01/2020,09:29:50,185,184.35,40,184.95,160,220,466760
BANKNIFTY09JAN2031800CE.NFO,07/01/2020,09:29:51,184.15,184.2,20,184.65,20,380,466760
BANKNIFTY09JAN2031800CE.NFO,07/01/2020,09:29:52,184.15,184.45,40,185,220,0,466760
BANKNIFTY09JAN2031800CE.NFO,07/01/2020,09:29:53,184.9,184.85,60,185.55,60,480,466760
BANKNIFTY09JAN2031800CE.NFO,07/01/2020,09:29:54,185,185,1280,185.5,60,1400,466760
BANKNIFTY09JAN2031800CE.NFO,07/01/2020,09:29:55,185.85,185.25,40,185.85,280,1520,466760
BANKNIFTY09JAN2031800CE.NFO,07/01/2020,09:29:56,185.8,185.4,20,185.95,160,60,466760
BANKNIFTY09JAN2031800CE.NFO,07/01/2020,09:29:57,185.6,185.6,80,186.25,40,2260,466760
BANKNIFTY09JAN2031800CE.NFO,07/01/2020,09:29:58,186.35,185.9,60,186.35,60,400,466760
BANKNIFTY09JAN2031800CE.NFO,07/01/2020,09:29:59,186.15,186.15,200,186.55,60,360,466760
BANKNIFTY09JAN2031800CE.NFO,07/01/2020,09:30:00,186.9,186.2,20,186.85,40,760,466760
BANKNIFTY09JAN2031800CE.NFO,07/01/2020,09:30:01,187,186.8,20,187.15,40,760,466760
BANKNIFTY09JAN2031800CE.NFO,07/01/2020,09:30:02,188.3,187.85,300,188.35,40,2180,466760
BANKNIFTY09JAN2031800CE.NFO,07/01/2020,09:30:03,187.05,187.1,100,187.65,20,420,466760
BANKNIFTY09JAN2031800CE.NFO,07/01/2020,09:30:04,186.6,186.6,80,187.1,20,880,466760
BANKNIFTY09JAN2031800CE.NFO,07/01/2020,09:30:05,187.1,186.7,80,187.25,100,20,466760
BANKNIFTY09JAN2031800CE.NFO,07/01/2020,09:30:06,187.1,186.55,60,187.05,20,1100,466760
BANKNIFTY09JAN2031800CE.NFO,07/01/2020,09:30:07,187,186.95,120,187.55,40,580,466760
BANKNIFTY09JAN2031800CE.NFO,07/01/2020,09:30:08,187.45,186.8,80,187.5,60,200,466760
BANKNIFTY09JAN2031800CE.NFO,07/01/2020,09:30:09,187.35,187.4,100,187.9,20,520,466760
BANKNIFTY09JAN2031800CE.NFO,07/01/2020,09:30:10,187.8,187.35,100,187.95,40,440,466760
BANKNIFTY09JAN2031800CE.NFO,07/01/2020,09:30:11,188.9,188.4,60,188.95,60,680,466760
BANKNIFTY09JAN2031800CE.NFO,07/01/2020,09:30:12,188.2,188.2,2240,188.55,40,580,466760
BANKNIFTY09JAN2031800CE.NFO,07/01/2020,09:30:13,188.3,188.3,80,188.85,60,1820,466760
BANKNIFTY09JAN2031800CE.NFO,07/01/2020,09:30:14,188.05,188.05,280,188.45,60,1900,466760
BANKNIFTY09JAN2031800CE.NFO,07/01/2020,09:30:15,188,187.85,20,188.4,40,700,466760
BANKNIFTY09JAN2031800CE.NFO,07/01/2020,09:30:16,188.25,188.05,100,188.65,20,280,466760
BANKNIFTY09JAN2031800CE.NFO,07/01/2020,09:30:17,188.55,188.45,300,188.95,20,700,466760
BANKNIFTY09JAN2031800CE.NFO,07/01/2020,09:30:18,189,188.8,100,189.35,40,2740,466760
BANKNIFTY09JAN2031800CE.NFO,07/01/2020,09:30:19,188.75,188.3,80,189.1,40,480,466760
BANKNIFTY09JAN2031800CE.NFO,07/01/2020,09:30:20,188.65,188.35,80,188.7,20,200,466760
BANKNIFTY09JAN2031800CE.NFO,07/01/2020,09:30:21,189,188.55,60,189,940,320,466760
BANKNIFTY09JAN2031800CE.NFO,07/01/2020,09:30:22,189.1,188.75,120,189.35,40,1040,466760
BANKNIFTY09JAN2031800CE.NFO,07/01/2020,09:30:23,189.35,188.8,320,189.35,20,220,466760
BANKNIFTY09JAN2031800CE.NFO,07/01/2020,09:30:24,189.3,188.9,100,189.35,20,40,466760
BANKNIFTY09JAN2031800CE.NFO,07/01/2020,09:30:25,189.65,189,760,189.65,100,3380,466760
BANKNIFTY09JAN2031800CE.NFO,07/01/2020,09:30:26,189.55,189.25,300,189.65,40,1160,466760
BANKNIFTY09JAN2031800CE.NFO,07/01/2020,09:30:27,189.8,189.35,20,189.85,20,380,466760
BANKNIFTY09JAN2031800CE.NFO,07/01/2020,09:30:28,189.4,189.35,80,189.9,20,840,466760
BANKNIFTY09JAN2031800CE.NFO,07/01/2020,09:30:29,189.3,189.55,20,189.9,20,2200,466760
BANKNIFTY09JAN2031800CE.NFO,07/01/2020,09:30:30,189.3,189.7,100,189.95,300,440,466760
BANKNIFTY09JAN2031800CE.NFO,07/01/2020,09:30:31,190,189.75,100,190,280,580,466760
BANKNIFTY09JAN2031800CE.NFO,07/01/2020,09:30:32,189.95,189.7,280,190,60,760,466760
BANKNIFTY09JAN2031800CE.NFO,07/01/2020,09:30:33,190,189.95,280,190,320,920,466760
BANKNIFTY09JAN2031800CE.NFO,07/01/2020,09:30:34,189.7,189.7,60,190.35,60,2100,466760
BANKNIFTY09JAN2031800CE.NFO,07/01/2020,09:30:35,189.8,189.8,60,190.45,160,1300,466760
BANKNIFTY09JAN2031800CE.NFO,07/01/2020,09:30:36,190.7,190,120,190.7,120,580,466760
BANKNIFTY09JAN2031800CE.NFO,07/01/2020,09:30:37,190.1,190.1,140,190.65,100,1020,466760
BANKNIFTY09JAN2031800CE.NFO,07/01/2020,09:30:38,189.45,189.45,140,190.2,60,3040,466760
BANKNIFTY09JAN2031800CE.NFO,07/01/2020,09:30:39,190,190,780,190.45,300,1060,466760
BANKNIFTY09JAN2031800CE.NFO,07/01/2020,09:30:40,190.3,190.25,100,190.9,40,140,466760
BANKNIFTY09JAN2031800CE.NFO,07/01/2020,09:30:41,190.5,190.5,120,190.95,60,1620,466760
BANKNIFTY09JAN2031800CE.NFO,07/01/2020,09:30:42,191,190.5,20,191.15,100,320,466760
BANKNIFTY09JAN2031800CE.NFO,07/01/2020,09:30:43,190.5,190.2,40,190.85,60,1240,466760
BANKNIFTY09JAN2031800CE.NFO,07/01/2020,09:30:44,191.3,190.6,80,191.3,100,2600,466760
BANKNIFTY09JAN2031800CE.NFO,07/01/2020,09:30:45,191.45,190.9,20,191.55,60,580,466760
BANKNIFTY09JAN2031800CE.NFO,07/01/2020,09:30:46,190.75,190.5,20,190.75,100,4960,466760
BANKNIFTY09JAN2031800CE.NFO,07/01/2020,09:30:47,190.85,190.8,20,191.35,60,4320,466760
BANKNIFTY09JAN2031800CE.NFO,07/01/2020,09:30:48,190.3,190.15,40,190.85,60,380,466760
BANKNIFTY09JAN2031800CE.NFO,07/01/2020,09:30:49,190.4,190.4,60,190.75,20,320,466760
BANKNIFTY09JAN2031800CE.NFO,07/01/2020,09:30:50,190.9,190.7,120,191,200,440,466760
BANKNIFTY09JAN2031800CE.NFO,07/01/2020,09:30:51,191.15,191.1,20,191.55,40,320,466760
BANKNIFTY09JAN2031800CE.NFO,07/01/2020,09:30:52,191.45,190.85,20,191.55,40,1000,466760
BANKNIFTY09JAN2031800CE.NFO,07/01/2020,09:30:53,191.1,190.8,60,191.4,40,820,466760
BANKNIFTY09JAN2031800CE.NFO,07/01/2020,09:30:54,190.5,190.5,380,191.2,120,1220,466760
BANKNIFTY09JAN2031800CE.NFO,07/01/2020,09:30:55,191.05,190.5,20,191.05,100,580,466760
BANKNIFTY09JAN2031800CE.NFO,07/01/2020,09:30:56,190.65,190.35,180,190.9,40,1200,466760
BANKNIFTY09JAN2031800CE.NFO,07/01/2020,09:30:57,190.2,190.35,60,191.1,240,2860,466760
BANKNIFTY09JAN2031800CE.NFO,07/01/2020,09:30:58,190.45,190.4,60,190.5,20,500,466760
BANKNIFTY09JAN2031800CE.NFO,07/01/2020,09:30:59,190.75,190.4,40,191.05,80,260,466760
BANKNIFTY09JAN2031800CE.NFO,07/01/2020,09:31:00,191.2,191.1,200,191.45,280,480,466760
BANKNIFTY09JAN2031800CE.NFO,07/01/2020,09:31:01,191.95,191.5,40,191.95,40,1260,466760
BANKNIFTY09JAN2031800CE.NFO,07/01/2020,09:31:02,191.15,191.1,180,191.65,40,60,466760
BANKNIFTY09JAN2031800CE.NFO,07/01/2020,09:31:03,192,191.55,20,192,2020,280,466760
BANKNIFTY09JAN2031800CE.NFO,07/01/2020,09:31:04,191.75,191.2,300,191.65,60,3280,466760
BANKNIFTY09JAN2031800CE.NFO,07/01/2020,09:31:05,192.3,191.9,20,192.25,300,3200,466760
BANKNIFTY09JAN2031800CE.NFO,07/01/2020,09:31:06,192.1,191.55,80,192.1,20,660,466760
BANKNIFTY09JAN2031800CE.NFO,07/01/2020,09:31:07,191.75,191.15,120,191.9,300,1240,466760
BANKNIFTY09JAN2031800CE.NFO,07/01/2020,09:31:08,191.85,191.3,20,191.75,20,340,466760
BANKNIFTY09JAN2031800CE.NFO,07/01/2020,09:31:09,191.55,191.35,460,191.95,300,980,466760
BANKNIFTY09JAN2031800CE.NFO,07/01/2020,09:31:10,191.7,191.15,120,191.6,40,1240,466760
BANKNIFTY09JAN2031800CE.NFO,07/01/2020,09:31:11,192.15,191.4,120,192,60,3440,466760
BANKNIFTY09JAN2031800CE.NFO,07/01/2020,09:31:12,192,191.65,80,191.95,300,200,466760
BANKNIFTY09JAN2031800CE.NFO,07/01/2020,09:31:13,191.75,191.45,20,191.95,300,360,466760
BANKNIFTY09JAN2031800CE.NFO,07/01/2020,09:31:14,192.6,192.7,40,193,160,1820,466760
BANKNIFTY09JAN2031800CE.NFO,07/01/2020,09:31:15,192.5,192.4,20,193,140,600,466760
BANKNIFTY09JAN2031800CE.NFO,07/01/2020,09:31:16,193,193,1920,193.4,40,680,466760
BANKNIFTY09JAN2031800CE.NFO,07/01/2020,09:31:17,193.45,192.8,80,193.45,40,2600,466760
BANKNIFTY09JAN2031800CE.NFO,07/01/2020,09:31:18,193.05,193.05,120,193.6,200,40,466760
BANKNIFTY09JAN2031800CE.NFO,07/01/2020,09:31:19,194.35,193.95,40,194.35,260,1460,466760
BANKNIFTY09JAN2031800CE.NFO,07/01/2020,09:31:20,194.5,193.95,40,194.55,300,860,466760
BANKNIFTY09JAN2031800CE.NFO,07/01/2020,09:31:21,193.95,193.35,20,193.9,360,9060,466760
BANKNIFTY09JAN2031800CE.NFO,07/01/2020,09:31:22,194.05,193.45,40,194.2,40,2040,466760
BANKNIFTY09JAN2031800CE.NFO,07/01/2020,09:31:23,194.65,194.4,40,194.8,60,1160,466760
BANKNIFTY09JAN2031800CE.NFO,07/01/2020,09:31:24,193.95,194.05,40,194.75,40,1840,466760
BANKNIFTY09JAN2031800CE.NFO,07/01/2020,09:31:25,195.5,195,920,195.5,1380,6460,466760
BANKNIFTY09JAN2031800CE.NFO,07/01/2020,09:31:26,195.75,195.5,140,196,120,1660,466760
BANKNIFTY09JAN2031800CE.NFO,07/01/2020,09:31:27,195.8,195.75,20,196.5,60,580,466760
BANKNIFTY09JAN2031800CE.NFO,07/01/2020,09:31:28,196.8,196.2,120,196.95,40,2820,466760
BANKNIFTY09JAN2031800CE.NFO,07/01/2020,09:31:29,196.3,196.3,20,197,1120,220,466760
BANKNIFTY09JAN2031800CE.NFO,07/01/2020,09:31:30,196.85,196.35,60,196.95,60,840,466760
BANKNIFTY09JAN2031800CE.NFO,07/01/2020,09:31:31,196.05,196.1,60,196.75,80,1840,466760
BANKNIFTY09JAN2031800CE.NFO,07/01/2020,09:31:32,196.7,196.7,40,197,720,600,466760
BANKNIFTY09JAN2031800CE.NFO,07/01/2020,09:31:33,196.8,196.4,80,196.85,20,360,466760
BANKNIFTY09JAN2031800CE.NFO,07/01/2020,09:31:34,196.95,196.35,80,196.95,60,6340,466760
BANKNIFTY09JAN2031800CE.NFO,07/01/2020,09:31:35,197,196.4,120,197,80,1120,466760
BANKNIFTY09JAN2031800CE.NFO,07/01/2020,09:31:36,196.95,196.95,60,197.7,40,560,466760
BANKNIFTY09JAN2031800CE.NFO,07/01/2020,09:31:37,198,197.75,100,198,1740,5720,466760
BANKNIFTY09JAN2031800CE.NFO,07/01/2020,09:31:38,198,197.6,140,198,240,1740,466760
BANKNIFTY09JAN2031800CE.NFO,07/01/2020,09:31:39,197,197.45,20,197.75,40,2400,466760
BANKNIFTY09JAN2031800CE.NFO,07/01/2020,09:31:40,198.1,197.6,20,198.1,100,3180,466760
BANKNIFTY09JAN2031800CE.NFO,07/01/2020,09:31:41,198.9,198.25,40,198.85,40,400,466760
BANKNIFTY09JAN2031800CE.NFO,07/01/2020,09:31:42,198.6,198,500,198.6,60,500,466760
BANKNIFTY09JAN2031800CE.NFO,07/01/2020,09:31:43,198.4,198.05,40,198.6,20,740,466760
BANKNIFTY09JAN2031800CE.NFO,07/01/2020,09:31:44,197.65,197.65,100,198.1,20,2440,466760
BANKNIFTY09JAN2031800CE.NFO,07/01/2020,09:31:45,197.9,197.5,80,197.9,60,320,466760
BANKNIFTY09JAN2031800CE.NFO,07/01/2020,09:31:46,197.9,197.55,20,198,420,0,466760
BANKNIFTY09JAN2031800CE.NFO,07/01/2020,09:31:47,197.95,197.6,40,198,320,1100,466760
BANKNIFTY09JAN2031800CE.NFO,07/01/2020,09:31:48,197.1,197.1,40,197.65,280,1020,466760
BANKNIFTY09JAN2031800CE.NFO,07/01/2020,09:31:49,197.75,197.15,80,197.7,40,440,466760
BANKNIFTY09JAN2031800CE.NFO,07/01/2020,09:31:50,198.4,197.7,40,198.25,100,3520,466760
BANKNIFTY09JAN2031800CE.NFO,07/01/2020,09:31:51,197.7,197.7,60,198.5,80,1040,466760
BANKNIFTY09JAN2031800CE.NFO,07/01/2020,09:31:52,198.35,198.35,60,198.85,80,40,466760
BANKNIFTY09JAN2031800CE.NFO,07/01/2020,09:31:53,198.7,198.4,20,198.6,140,2580,466760
BANKNIFTY09JAN2031800CE.NFO,07/01/2020,09:31:54,198.85,198.2,40,198.65,20,1880,466760
BANKNIFTY09JAN2031800CE.NFO,07/01/2020,09:31:55,198.9,198.4,20,198.9,20,3600,466760
BANKNIFTY09JAN2031800CE.NFO,07/01/2020,09:31:56,198.65,198.1,80,198.7,40,1160,466760
BANKNIFTY09JAN2031800CE.NFO,07/01/2020,09:31:57,198.6,198.15,40,198.8,140,920,466760
BANKNIFTY09JAN2031800CE.NFO,07/01/2020,09:31:58,198.75,198.2,20,198.75,40,1180,466760
BANKNIFTY09JAN2031800CE.NFO,07/01/2020,09:31:59,198.25,198.3,120,198.85,40,160,466760
BANKNIFTY09JAN2031800CE.NFO,07/01/2020,09:32:00,198.6,198,400,198.6,60,2320,466760
BANKNIFTY09JAN2031800CE.NFO,07/01/2020,09:32:01,198.6,198.1,20,198.6,120,2140,466760
BANKNIFTY09JAN2031800CE.NFO,07/01/2020,09:32:02,198.35,198.35,100,198.95,20,1740,466760
BANKNIFTY09JAN2031800CE.NFO,07/01/2020,09:32:03,198.6,198.35,100,198.9,40,220,466760
BANKNIFTY09JAN2031800CE.NFO,07/01/2020,09:32:04,199,198.5,20,198.95,300,1000,466760
BANKNIFTY09JAN2031800CE.NFO,07/01/2020,09:32:05,199,198.3,80,199,1800,980,466760
BANKNIFTY09JAN2031800CE.NFO,07/01/2020,09:32:06,198.25,198.25,20,198.8,40,2080,466760
BANKNIFTY09JAN2031800CE.NFO,07/01/2020,09:32:07,197.1,197.1,200,197.75,80,2960,466760
BANKNIFTY09JAN2031800CE.NFO,07/01/2020,09:32:08,198.1,197.3,40,197.95,20,1140,466760
BANKNIFTY09JAN2031800CE.NFO,07/01/2020,09:32:09,197.95,197.2,80,197.9,40,2100,466760
BANKNIFTY09JAN2031800CE.NFO,07/01/2020,09:32:10,197.9,197.15,40,197.8,180,240,466760
BANKNIFTY09JAN2031800CE.NFO,07/01/2020,09:32:11,197.75,197.15,40,197.8,60,560,466760
BANKNIFTY09JAN2031800CE.NFO,07/01/2020,09:32:12,197.6,197.15,20,197.7,440,400,474760
BANKNIFTY09JAN2031800CE.NFO,07/01/2020,09:32:13,197.7,197.25,80,197.7,140,360,474760
BANKNIFTY09JAN2031800CE.NFO,07/01/2020,09:32:14,197.75,197.75,20,198.35,20,4240,474760
BANKNIFTY09JAN2031800CE.NFO,07/01/2020,09:32:15,198.05,198.25,60,198.9,100,1360,474760
BANKNIFTY09JAN2031800CE.NFO,07/01/2020,09:32:16,198.85,198.35,100,198.85,20,580,474760
BANKNIFTY09JAN2031800CE.NFO,07/01/2020,09:32:17,198.9,198.9,20,199.4,40,4260,474760
BANKNIFTY09JAN2031800CE.NFO,07/01/2020,09:32:18,199.7,199.7,560,199.95,420,4520,474760
BANKNIFTY09JAN2031800CE.NFO,07/01/2020,09:32:19,200,199.9,120,200,140,13400,474760
BANKNIFTY09JAN2031800CE.NFO,07/01/2020,09:32:20,200,200,240,200.6,120,3120,474760
BANKNIFTY09JAN2031800CE.NFO,07/01/2020,09:32:21,200.75,200.6,100,201,20,1520,474760
BANKNIFTY09JAN2031800CE.NFO,07/01/2020,09:32:22,201.45,200.65,20,201.45,160,1060,474760
BANKNIFTY09JAN2031800CE.NFO,07/01/2020,09:32:23,201.5,201.5,40,202.15,200,8780,474760
BANKNIFTY09JAN2031800CE.NFO,07/01/2020,09:32:24,200.95,200.3,100,200.95,40,4760,474760
BANKNIFTY09JAN2031800CE.NFO,07/01/2020,09:32:25,202.15,201.45,20,202.15,120,960,474760
BANKNIFTY09JAN2031800CE.NFO,07/01/2020,09:32:26,202.15,202.2,300,202.85,120,440,474760
BANKNIFTY09JAN2031800CE.NFO,07/01/2020,09:32:27,202.25,202.4,120,203,580,460,474760
BANKNIFTY09JAN2031800CE.NFO,07/01/2020,09:32:28,202.95,202.25,80,202.9,20,1460,474760
BANKNIFTY09JAN2031800CE.NFO,07/01/2020,09:32:29,203.15,202.4,20,203.1,60,580,474760
BANKNIFTY09JAN2031800CE.NFO,07/01/2020,09:32:30,203.5,203.05,320,203.75,40,2920,474760
BANKNIFTY09JAN2031800CE.NFO,07/01/2020,09:32:31,204,203.45,80,204,280,1320,474760
BANKNIFTY09JAN2031800CE.NFO,07/01/2020,09:32:32,204.4,203.6,120,204.4,100,1320,474760
BANKNIFTY09JAN2031800CE.NFO,07/01/2020,09:32:32,204.4,203.6,120,204.4,100,0,474760
BANKNIFTY09JAN2031800CE.NFO,07/01/2020,09:32:33,204.15,204.55,300,204.9,100,2200,474760
BANKNIFTY09JAN2031800CE.NFO,07/01/2020,09:32:33,204.85,204.55,300,204.9,100,0,474760
BANKNIFTY09JAN2031800CE.NFO,07/01/2020,09:32:34,205,204.5,160,205,2740,3340,474760
BANKNIFTY09JAN2031800CE.NFO,07/01/2020,09:32:34,205,204.5,160,205,2740,0,474760
BANKNIFTY09JAN2031800CE.NFO,07/01/2020,09:32:35,206.25,205.8,40,206.2,300,4860,474760
BANKNIFTY09JAN2031800CE.NFO,07/01/2020,09:32:35,206.75,205.8,40,206.2,300,0,474760
BANKNIFTY09JAN2031800CE.NFO,07/01/2020,09:32:36,206,205.35,80,206.1,80,1120,474760
BANKNIFTY09JAN2031800CE.NFO,07/01/2020,09:32:37,205.55,205.4,300,205.85,40,920,474760
BANKNIFTY09JAN2031800CE.NFO,07/01/2020,09:32:38,207,206.9,380,207,2780,5900,474760
BANKNIFTY09JAN2031800CE.NFO,07/01/2020,09:32:38,207,206.9,380,207,2780,0,474760
BANKNIFTY09JAN2031800CE.NFO,07/01/2020,09:32:39,206.85,206.85,40,207.4,260,3460,474760
BANKNIFTY09JAN2031800CE.NFO,07/01/2020,09:32:39,207.4,206.85,40,207.4,260,0,474760
BANKNIFTY09JAN2031800CE.NFO,07/01/2020,09:32:40,208.35,207.85,20,208.4,20,4540,474760
BANKNIFTY09JAN2031800CE.NFO,07/01/2020,09:32:40,208.8,207.85,20,208.4,20,0,474760
BANKNIFTY09JAN2031800CE.NFO,07/01/2020,09:32:41,207.95,207.7,80,208.45,20,2900,474760
BANKNIFTY09JAN2031800CE.NFO,07/01/2020,09:32:42,208,207.45,20,208,40,4140,474760
BANKNIFTY09JAN2031800CE.NFO,07/01/2020,09:32:43,207.45,207.5,40,208,20,2440,474760
BANKNIFTY09JAN2031800CE.NFO,07/01/2020,09:32:44,208,207.45,20,208,120,820,474760
BANKNIFTY09JAN2031800CE.NFO,07/01/2020,09:32:45,207.45,207.45,80,207.9,20,2720,474760
BANKNIFTY09JAN2031800CE.NFO,07/01/2020,09:32:46,206.8,206.9,300,207.35,180,2440,474760
BANKNIFTY09JAN2031800CE.NFO,07/01/2020,09:32:47,208,207.15,40,207.9,60,1500,474760
BANKNIFTY09JAN2031800CE.NFO,07/01/2020,09:32:48,206.45,206.75,20,207.3,100,3000,474760
BANKNIFTY09JAN2031800CE.NFO,07/01/2020,09:32:49,207,206.6,2480,206.95,300,3260,474760
BANKNIFTY09JAN2031800CE.NFO,07/01/2020,09:32:50,207.3,206.65,20,207.3,240,1140,474760
BANKNIFTY09JAN2031800CE.NFO,07/01/2020,09:32:51,206.9,206.9,20,207.4,20,1760,474760
BANKNIFTY09JAN2031800CE.NFO,07/01/2020,09:32:52,206.6,206.7,40,207.15,60,3740,474760
BANKNIFTY09JAN2031800CE.NFO,07/01/2020,09:32:53,206.45,206.45,1900,206.85,80,4840,474760
BANKNIFTY09JAN2031800CE.NFO,07/01/2020,09:32:54,206.1,206.1,2200,206.65,140,4080,474760
BANKNIFTY09JAN2031800CE.NFO,07/01/2020,09:32:55,206.65,206.1,1620,206.65,140,2880,474760
BANKNIFTY09JAN2031800CE.NFO,07/01/2020,09:32:56,206,205.4,40,206.1,60,5280,474760
BANKNIFTY09JAN2031800CE.NFO,07/01/2020,09:32:57,205.95,205.4,20,206.05,20,920,474760
BANKNIFTY09JAN2031800CE.NFO,07/01/2020,09:32:58,205.25,205.25,300,205.95,40,1140,474760
BANKNIFTY09JAN2031800CE.NFO,07/01/2020,09:32:59,205.45,205.45,240,206.2,20,2200,474760
BANKNIFTY09JAN2031800CE.NFO,07/01/2020,09:33:00,205.05,205.05,80,205.6,60,6060,474760
BANKNIFTY09JAN2031800CE.NFO,07/01/2020,09:33:01,205.05,205.1,80,205.9,80,1180,474760
BANKNIFTY09JAN2031800CE.NFO,07/01/2020,09:33:02,204,204.1,80,205.05,80,3180,474760
BANKNIFTY09JAN2031800CE.NFO,07/01/2020,09:33:03,205,204.25,40,204.95,40,2000,474760
BANKNIFTY09JAN2031800CE.NFO,07/01/2020,09:33:04,201.8,201.8,20,202.4,180,2720,474760
BANKNIFTY09JAN2031800CE.NFO,07/01/2020,09:33:05,200.55,200.55,80,201.25,100,2580,474760
BANKNIFTY09JAN2031800CE.NFO,07/01/2020,09:33:06,200,199.8,20,200.5,20,6380,474760
BANKNIFTY09JAN2031800CE.NFO,07/01/2020,09:33:07,201.05,200.4,40,201.05,40,2040,474760
BANKNIFTY09JAN2031800CE.NFO,07/01/2020,09:33:08,201.6,201.65,80,202.2,60,1900,474760
BANKNIFTY09JAN2031800CE.NFO,07/01/2020,09:33:09,203.55,203.65,140,204.25,20,1240,474760
BANKNIFTY09JAN2031800CE.NFO,07/01/2020,09:33:10,204.25,203.8,80,204.25,20,220,474760
BANKNIFTY09JAN2031800CE.NFO,07/01/2020,09:33:11,204.15,203.45,60,204.05,20,2860,474760
BANKNIFTY09JAN2031800CE.NFO,07/01/2020,09:33:12,204.2,204.15,60,204.75,100,2580,474760
BANKNIFTY09JAN2031800CE.NFO,07/01/2020,09:33:13,204.25,204.2,100,204.8,40,80,474760
BANKNIFTY09JAN2031800CE.NFO,07/01/2020,09:33:14,204,204.2,20,204.8,40,1460,474760
BANKNIFTY09JAN2031800CE.NFO,07/01/2020,09:33:15,204.25,204.25,60,204.9,60,1500,474760
BANKNIFTY09JAN2031800CE.NFO,07/01/2020,09:33:16,204.6,204.1,40,204.65,40,1640,474760
BANKNIFTY09JAN2031800CE.NFO,07/01/2020,09:33:17,204.85,204.2,140,204.85,200,500,474760
BANKNIFTY09JAN2031800CE.NFO,07/01/2020,09:33:18,204.55,204.55,60,205.05,20,2820,474760
BANKNIFTY09JAN2031800CE.NFO,07/01/2020,09:33:19,205.1,205.1,940,205.5,160,300,474760
BANKNIFTY09JAN2031800CE.NFO,07/01/2020,09:33:20,205.1,205.1,480,205.45,300,540,474760
BANKNIFTY09JAN2031800CE.NFO,07/01/2020,09:33:21,205,205,1020,205.4,20,1020,474760
BANKNIFTY09JAN2031800CE.NFO,07/01/2020,09:33:22,205,205,180,205.45,300,1220,474760
BANKNIFTY09JAN2031800CE.NFO,07/01/2020,09:33:23,205.8,205.2,40,205.8,120,1240,474760
BANKNIFTY09JAN2031800CE.NFO,07/01/2020,09:33:24,205.05,205.1,40,205.7,300,320,474760
BANKNIFTY09JAN2031800CE.NFO,07/01/2020,09:33:25,205.2,205.15,20,205.7,40,300,474760
BANKNIFTY09JAN2031800CE.NFO,07/01/2020,09:33:26,205.9,205.3,40,205.95,60,560,474760
BANKNIFTY09JAN2031800CE.NFO,07/01/2020,09:33:27,205.3,205.35,60,205.95,20,380,474760
BANKNIFTY09JAN2031800CE.NFO,07/01/2020,09:33:28,205.9,205.25,200,205.9,20,220,474760
BANKNIFTY09JAN2031800CE.NFO,07/01/2020,09:33:29,205.7,205.5,20,205.8,60,180,474760
BANKNIFTY09JAN2031800CE.NFO,07/01/2020,09:33:30,205.5,205.5,20,206,1240,280,474760
