Ticker,Date,Time,LTP,BuyPrice,BuyQty,SellPrice,SellQty,LTQ,OpenInterest
BANKNIFTY09JAN2031200CE.NFO,07/01/2020,09:15:00,465.95,350.05,40,571.95,20,100,70040
BANKNIFTY09JAN2031200CE.NFO,07/01/2020,09:15:00,465.95,350.05,40,571.95,20,0,70040
BANKNIFTY09JAN2031200CE.NFO,07/01/2020,09:15:00,652.9,350.05,40,571.95,20,0,70040
BANKNIFTY09JAN2031200CE.NFO,07/01/2020,09:15:00,465.95,350.05,40,571.95,20,0,70040
BANKNIFTY09JAN2031200CE.NFO,07/01/2020,09:15:00,591.7,350.05,20,731.5,20,160,70040
BANKNIFTY09JAN2031200CE.NFO,07/01/2020,09:15:02,429.85,350.9,80,429.85,20,940,70040
BANKNIFTY09JAN2031200CE.NFO,07/01/2020,09:15:02,429.85,350.9,80,429.85,20,0,70040
BANKNIFTY09JAN2031200CE.NFO,07/01/2020,09:15:03,429.9,360.8,20,464.15,100,1380,70040
BANKNIFTY09JAN2031200CE.NFO,07/01/2020,09:15:03,351.05,360.8,20,464.15,100,0,70040
BANKNIFTY09JAN2031200CE.NFO,07/01/2020,09:15:04,480.95,434.35,240,481,80,200,70040
BANKNIFTY09JAN2031200CE.NFO,07/01/2020,09:15:05,442.95,444,20,461.15,60,420,70040
BANKNIFTY09JAN2031200CE.NFO,07/01/2020,09:15:06,451.2,451.4,160,466.05,60,200,70040
BANKNIFTY09JAN2031200CE.NFO,07/01/2020,09:15:07,463.55,464.3,40,476.85,40,140,70040
BANKNIFTY09JAN2031200CE.NFO,07/01/2020,09:15:07,463.55,464.35,120,476.25,60,0,70040
BANKNIFTY09JAN2031200CE.NFO,07/01/2020,09:15:08,464.75,466.15,20,476.3,20,60,70040
BANKNIFTY09JAN2031200CE.NFO,07/01/2020,09:15:09,470.3,470.7,20,475.65,20,120,70040
BANKNIFTY09JAN2031200CE.NFO,07/01/2020,09:15:10,478.9,469.15,20,478.9,180,260,70040
BANKNIFTY09JAN2031200CE.NFO,07/01/2020,09:15:11,483.75,483.7,20,498.35,180,440,70040
BANKNIFTY09JAN2031200CE.NFO,07/01/2020,09:15:12,503.1,480.05,120,493.9,80,200,70040
BANKNIFTY09JAN2031200CE.NFO,07/01/2020,09:15:14,469.1,430.55,140,492.65,20,1080,70040
BANKNIFTY09JAN2031200CE.NFO,07/01/2020,09:15:15,431.35,438.75,20,510.65,240,4380,70040
BANKNIFTY09JAN2031200CE.NFO,07/01/2020,09:15:16,464.35,462.5,80,504.45,80,20,70040
BANKNIFTY09JAN2031200CE.NFO,07/01/2020,09:15:17,499.95,474.9,100,499.8,20,800,70040
BANKNIFTY09JAN2031200CE.NFO,07/01/2020,09:15:17,507.9,476.05,100,538.3,20,160,70040
BANKNIFTY09JAN2031200CE.NFO,07/01/2020,09:15:18,478.1,478.1,180,526.05,20,260,70040
BANKNIFTY09JAN2031200CE.NFO,07/01/2020,09:15:19,525.35,494.75,120,534.9,20,440,70040
BANKNIFTY09JAN2031200CE.NFO,07/01/2020,09:15:20,503.4,503,40,520.95,40,400,70040
BANKNIFTY09JAN2031200CE.NFO,07/01/2020,09:15:21,522.6,508.3,20,522.6,40,320,70040
BANKNIFTY09JAN2031200CE.NFO,07/01/2020,09:15:22,511.1,511.15,60,523.2,20,700,70040
BANKNIFTY09JAN2031200CE.NFO,07/01/2020,09:15:24,517.65,517.65,20,539.7,40,620,70040
BANKNIFTY09JAN2031200CE.NFO,07/01/2020,09:15:25,517.3,514.85,100,546.85,20,2220,70040
BANKNIFTY09JAN2031200CE.NFO,07/01/2020,09:15:26,514.9,514.9,40,540.05,20,220,70040
BANKNIFTY09JAN2031200CE.NFO,07/01/2020,09:15:27,515,513.9,60,536.25,20,580,70040
BANKNIFTY09JAN2031200CE.NFO,07/01/2020,09:15:28,537.1,510.65,20,536.5,20,1380,70040
BANKNIFTY09JAN2031200CE.NFO,07/01/2020,09:15:28,500,498,20,525.4,40,900,70040
BANKNIFTY09JAN2031200CE.NFO,07/01/2020,09:15:29,510.05,506.65,80,522.4,20,680,70040
BANKNIFTY09JAN2031200CE.NFO,07/01/2020,09:15:30,502.05,502,60,519.25,120,240,70040
BANKNIFTY09JAN2031200CE.NFO,07/01/2020,09:15:32,500.7,500.8,80,515.2,20,320,70040
BANKNIFTY09JAN2031200CE.NFO,07/01/2020,09:15:33,503.3,502.15,40,519.7,20,600,70040
BANKNIFTY09JAN2031200CE.NFO,07/01/2020,09:15:34,515.9,494.65,20,514.55,20,1340,70040
BANKNIFTY09JAN2031200CE.NFO,07/01/2020,09:15:35,519.2,501.8,20,518.75,20,520,70040
BANKNIFTY09JAN2031200CE.NFO,07/01/2020,09:15:35,519.2,505.15,60,518.75,80,0,70040
BANKNIFTY09JAN2031200CE.NFO,07/01/2020,09:15:36,527.5,507.35,20,527.55,20,400,70040
BANKNIFTY09JAN2031200CE.NFO,07/01/2020,09:15:37,532.05,524.65,20,532.05,60,800,70040
BANKNIFTY09JAN2031200CE.NFO,07/01/2020,09:15:38,527.3,527.35,20,534.75,60,300,70040
BANKNIFTY09JAN2031200CE.NFO,07/01/2020,09:15:40,533.05,518,20,533.55,20,1220,70040
BANKNIFTY09JAN2031200CE.NFO,07/01/2020,09:15:41,532.75,531.45,60,539.85,40,560,70040
BANKNIFTY09JAN2031200CE.NFO,07/01/2020,09:15:42,540,535.4,20,540,180,240,70040
BANKNIFTY09JAN2031200CE.NFO,07/01/2020,09:15:43,548.5,527.6,20,544.2,40,1240,70040
BANKNIFTY09JAN2031200CE.NFO,07/01/2020,09:15:43,548.8,534.6,40,548.8,20,160,70040
BANKNIFTY09JAN2031200CE.NFO,07/01/2020,09:15:45,548.75,521.8,100,548.65,80,580,70040
BANKNIFTY09JAN2031200CE.NFO,07/01/2020,09:15:45,548.75,521.9,140,544.95,20,0,70040
BANKNIFTY09JAN2031200CE.NFO,07/01/2020,09:15:46,545.45,525.15,40,549.95,120,380,70040
BANKNIFTY09JAN2031200CE.NFO,07/01/2020,09:15:48,550,535.4,60,550,120,400,70040
BANKNIFTY09JAN2031200CE.NFO,07/01/2020,09:15:48,549.85,535.75,40,549.85,20,20,70040
BANKNIFTY09JAN2031200CE.NFO,07/01/2020,09:15:49,546.9,540.2,60,549.35,20,200,70040
BANKNIFTY09JAN2031200CE.NFO,07/01/2020,09:15:51,529.4,530.9,40,549.95,20,1500,70040
BANKNIFTY09JAN2031200CE.NFO,07/01/2020,09:15:52,544.1,532.2,60,549.45,40,280,70040
BANKNIFTY09JAN2031200CE.NFO,07/01/2020,09:15:52,549.2,532.05,20,549.1,40,40,70040
BANKNIFTY09JAN2031200CE.NFO,07/01/2020,09:15:54,549.4,536.4,20,549.4,20,720,70040
BANKNIFTY09JAN2031200CE.NFO,07/01/2020,09:15:55,545.15,530.25,20,545.05,60,780,70040
BANKNIFTY09JAN2031200CE.NFO,07/01/2020,09:15:55,532.7,532.75,240,548.7,80,80,70040
BANKNIFTY09JAN2031200CE.NFO,07/01/2020,09:15:57,549.5,537.4,80,549.65,20,940,70040
BANKNIFTY09JAN2031200CE.NFO,07/01/2020,09:15:58,520.05,520.35,40,550,80,920,70040
BANKNIFTY09JAN2031200CE.NFO,07/01/2020,09:15:58,549.6,520.25,60,549.55,20,220,70040
BANKNIFTY09JAN2031200CE.NFO,07/01/2020,09:16:00,558.3,550.35,80,559.9,40,600,70040
BANKNIFTY09JAN2031200CE.NFO,07/01/2020,09:16:01,560,551.4,80,563.85,280,140,70040
BANKNIFTY09JAN2031200CE.NFO,07/01/2020,09:16:01,551.85,551.7,60,564.1,60,200,70040
BANKNIFTY09JAN2031200CE.NFO,07/01/2020,09:16:03,569.3,550.3,20,568.4,40,360,70040
BANKNIFTY09JAN2031200CE.NFO,07/01/2020,09:16:03,550.55,550.15,20,568.05,120,60,70040
BANKNIFTY09JAN2031200CE.NFO,07/01/2020,09:16:05,565,552.2,20,569.75,100,80,70040
BANKNIFTY09JAN2031200CE.NFO,07/01/2020,09:16:06,549.55,548.6,20,568.8,20,420,70040
BANKNIFTY09JAN2031200CE.NFO,07/01/2020,09:16:07,571.6,549.3,20,571.35,80,620,70040
BANKNIFTY09JAN2031200CE.NFO,07/01/2020,09:16:08,571.6,549.75,60,570.55,20,0,70040
BANKNIFTY09JAN2031200CE.NFO,07/01/2020,09:16:09,569.2,548.95,20,569.2,160,440,70040
BANKNIFTY09JAN2031200CE.NFO,07/01/2020,09:16:10,559,559.55,40,568.6,40,120,70040
BANKNIFTY09JAN2031200CE.NFO,07/01/2020,09:16:11,559.7,551.95,80,568.3,100,160,70040
BANKNIFTY09JAN2031200CE.NFO,07/01/2020,09:16:12,548.75,548.75,20,567.45,100,20,70040
BANKNIFTY09JAN2031200CE.NFO,07/01/2020,09:16:13,562.2,550.75,180,562.15,40,440,70040
BANKNIFTY09JAN2031200CE.NFO,07/01/2020,09:16:13,550.75,550.35,180,561.75,40,20,70040
BANKNIFTY09JAN2031200CE.NFO,07/01/2020,09:16:15,567.15,555.6,300,567.05,20,380,70040
BANKNIFTY09JAN2031200CE.NFO,07/01/2020,09:16:16,559.65,550.15,20,559.7,20,420,70040
BANKNIFTY09JAN2031200CE.NFO,07/01/2020,09:16:17,559.2,550.35,100,559.1,20,460,70040
BANKNIFTY09JAN2031200CE.NFO,07/01/2020,09:16:17,559.2,550.6,60,558.9,40,0,70040
BANKNIFTY09JAN2031200CE.NFO,07/01/2020,09:16:19,559.95,552.1,60,560,240,740,70040
BANKNIFTY09JAN2031200CE.NFO,07/01/2020,09:16:20,553.2,553.2,20,564.7,20,320,70040
BANKNIFTY09JAN2031200CE.NFO,07/01/2020,09:16:20,550.1,550.25,20,564.25,20,1540,70040
BANKNIFTY09JAN2031200CE.NFO,07/01/2020,09:16:22,555,550.4,60,563.65,20,240,70040
BANKNIFTY09JAN2031200CE.NFO,07/01/2020,09:16:23,563.35,551.1,100,564.95,20,120,70040
BANKNIFTY09JAN2031200CE.NFO,07/01/2020,09:16:24,564.9,551.65,100,564.9,20,20,70040
BANKNIFTY09JAN2031200CE.NFO,07/01/2020,09:16:25,564.75,552.4,320,564.9,140,400,70040
BANKNIFTY09JAN2031200CE.NFO,07/01/2020,09:16:26,565,553.8,320,565,240,40,70040
BANKNIFTY09JAN2031200CE.NFO,07/01/2020,09:16:27,565,554.35,240,565,420,0,70040
BANKNIFTY09JAN2031200CE.NFO,07/01/2020,09:16:28,565,563.4,160,565,140,140,70040
BANKNIFTY09JAN2031200CE.NFO,07/01/2020,09:16:29,570,564,180,570,480,540,70040
BANKNIFTY09JAN2031200CE.NFO,07/01/2020,09:16:30,564.25,563.4,20,569.7,40,240,70040
BANKNIFTY09JAN2031200CE.NFO,07/01/2020,09:16:31,565,565,700,569,20,340,70040
BANKNIFTY09JAN2031200CE.NFO,07/01/2020,09:16:32,569,565.05,20,570,480,520,70040
BANKNIFTY09JAN2031200CE.NFO,07/01/2020,09:16:33,565,565.05,20,570,480,100,70040
BANKNIFTY09JAN2031200CE.NFO,07/01/2020,09:16:34,565.05,565,140,569.95,60,160,70040
BANKNIFTY09JAN2031200CE.NFO,07/01/2020,09:16:34,565.05,565.05,180,570,1560,0,70040
BANKNIFTY09JAN2031200CE.NFO,07/01/2020,09:16:35,560.4,561.35,140,569.65,80,520,70040
BANKNIFTY09JAN2031200CE.NFO,07/01/2020,09:16:37,563.75,559.05,120,564.95,20,960,70040
BANKNIFTY09JAN2031200CE.NFO,07/01/2020,09:16:38,562.2,562.3,120,565,20,60,70040
BANKNIFTY09JAN2031200CE.NFO,07/01/2020,09:16:39,565.05,563.95,120,569.9,20,180,70040
BANKNIFTY09JAN2031200CE.NFO,07/01/2020,09:16:39,565.05,562.5,40,569.9,120,0,70040
BANKNIFTY09JAN2031200CE.NFO,07/01/2020,09:16:40,564,562.25,100,566.3,80,20,70040
BANKNIFTY09JAN2031200CE.NFO,07/01/2020,09:16:42,564.25,562.55,20,564.25,20,260,70040
BANKNIFTY09JAN2031200CE.NFO,07/01/2020,09:16:43,566.35,562.5,80,568.45,80,200,70040
BANKNIFTY09JAN2031200CE.NFO,07/01/2020,09:16:44,563.9,562.25,80,568.15,80,80,70040
BANKNIFTY09JAN2031200CE.NFO,07/01/2020,09:16:45,564.45,563.6,60,567,80,120,70040
BANKNIFTY09JAN2031200CE.NFO,07/01/2020,09:16:46,564.95,563.75,40,564.95,60,100,70040
BANKNIFTY09JAN2031200CE.NFO,07/01/2020,09:16:47,564.95,563.95,80,565,940,100,70040
BANKNIFTY09JAN2031200CE.NFO,07/01/2020,09:16:48,565,564.95,160,565,800,280,70040
BANKNIFTY09JAN2031200CE.NFO,07/01/2020,09:16:48,565,563.8,80,565,360,460,70040
BANKNIFTY09JAN2031200CE.NFO,07/01/2020,09:16:50,564,563.75,160,564,20,480,70040
BANKNIFTY09JAN2031200CE.NFO,07/01/2020,09:16:50,565,564.25,80,567.2,80,120,70040
BANKNIFTY09JAN2031200CE.NFO,07/01/2020,09:16:52,565,564,120,564.95,180,220,70040
BANKNIFTY09JAN2031200CE.NFO,07/01/2020,09:16:53,567.05,564.6,80,567.05,60,60,70040
BANKNIFTY09JAN2031200CE.NFO,07/01/2020,09:16:54,565,564.95,20,565,140,280,70040
BANKNIFTY09JAN2031200CE.NFO,07/01/2020,09:16:55,565,565,20,568.3,20,140,70040
BANKNIFTY09JAN2031200CE.NFO,07/01/2020,09:16:56,565.3,564.95,20,567.15,20,120,70040
BANKNIFTY09JAN2031200CE.NFO,07/01/2020,09:16:57,565.85,565.8,120,568,60,60,70040
BANKNIFTY09JAN2031200CE.NFO,07/01/2020,09:16:58,570.15,567.85,80,569.3,20,1440,70040
BANKNIFTY09JAN2031200CE.NFO,07/01/2020,09:16:59,568.25,565.6,220,569.4,60,20,70040
BANKNIFTY09JAN2031200CE.NFO,07/01/2020,09:17:00,568.25,565.6,60,568.9,60,0,70040
BANKNIFTY09JAN2031200CE.NFO,07/01/2020,09:17:01,569.8,567.95,40,569.95,40,60,70040
BANKNIFTY09JAN2031200CE.NFO,07/01/2020,09:17:02,570.35,566.45,80,569.65,20,400,70040
BANKNIFTY09JAN2031200CE.NFO,07/01/2020,09:17:03,567.7,566.4,140,571.1,80,60,70040
BANKNIFTY09JAN2031200CE.NFO,07/01/2020,09:17:04,567.9,567.95,80,571.1,80,60,70040
BANKNIFTY09JAN2031200CE.NFO,07/01/2020,09:17:04,567.9,567.25,240,571.1,120,0,70040
BANKNIFTY09JAN2031200CE.NFO,07/01/2020,09:17:05,567.9,566.1,140,570.5,80,0,70040
BANKNIFTY09JAN2031200CE.NFO,07/01/2020,09:17:07,570.35,569.3,20,571.75,80,40,70040
BANKNIFTY09JAN2031200CE.NFO,07/01/2020,09:17:08,567.7,565.5,120,566.9,20,140,70040
BANKNIFTY09JAN2031200CE.NFO,07/01/2020,09:17:09,565.95,567.2,120,568.95,80,20,64760
BANKNIFTY09JAN2031200CE.NFO,07/01/2020,09:17:10,568.05,567.55,80,569,40,100,64760
BANKNIFTY09JAN2031200CE.NFO,07/01/2020,09:17:11,568.05,566.1,80,568.95,80,0,64760
BANKNIFTY09JAN2031200CE.NFO,07/01/2020,09:17:12,568.85,566.5,60,568.85,40,200,64760
BANKNIFTY09JAN2031200CE.NFO,07/01/2020,09:17:13,569,568.05,60,569.95,80,60,64760
BANKNIFTY09JAN2031200CE.NFO,07/01/2020,09:17:14,567,565.1,140,567,60,260,64760
BANKNIFTY09JAN2031200CE.NFO,07/01/2020,09:17:15,569.4,567.95,200,569.85,80,120,64760
BANKNIFTY09JAN2031200CE.NFO,07/01/2020,09:17:16,568.45,566.15,80,568.8,20,40,64760
BANKNIFTY09JAN2031200CE.NFO,07/01/2020,09:17:17,565.05,565.1,60,567.75,20,120,64760
BANKNIFTY09JAN2031200CE.NFO,07/01/2020,09:17:18,565.1,565.1,20,567.9,60,40,64760
BANKNIFTY09JAN2031200CE.NFO,07/01/2020,09:17:19,566,566,20,567.5,20,320,64760
BANKNIFTY09JAN2031200CE.NFO,07/01/2020,09:17:19,566,566.2,40,568.1,40,0,64760
BANKNIFTY09JAN2031200CE.NFO,07/01/2020,09:17:20,567.2,565.35,40,567.9,40,140,64760
BANKNIFTY09JAN2031200CE.NFO,07/01/2020,09:17:22,567.3,565.55,40,567.7,40,80,64760
BANKNIFTY09JAN2031200CE.NFO,07/01/2020,09:17:23,567.2,567.05,80,568,80,200,64760
BANKNIFTY09JAN2031200CE.NFO,07/01/2020,09:17:23,567.2,567,1940,568.05,60,0,64760
BANKNIFTY09JAN2031200CE.NFO,07/01/2020,09:17:25,569.9,567.05,80,569.7,80,80,64760
BANKNIFTY09JAN2031200CE.NFO,07/01/2020,09:17:26,569.85,567.1,80,569.05,80,160,64760
BANKNIFTY09JAN2031200CE.NFO,07/01/2020,09:17:27,567,567,1100,568.55,80,920,64760
BANKNIFTY09JAN2031200CE.NFO,07/01/2020,09:17:28,567,567,20,567.8,80,1080,64760
BANKNIFTY09JAN2031200CE.NFO,07/01/2020,09:17:29,563.75,562.25,80,564.65,80,100,64760
BANKNIFTY09JAN2031200CE.NFO,07/01/2020,09:17:29,563.75,560.6,80,563.5,20,0,64760
BANKNIFTY09JAN2031200CE.NFO,07/01/2020,09:17:31,560,560,160,560.05,80,120,64760
BANKNIFTY09JAN2031200CE.NFO,07/01/2020,09:17:32,557.6,554.85,60,558.2,100,340,64760
BANKNIFTY09JAN2031200CE.NFO,07/01/2020,09:17:33,553.15,552.05,60,555.25,60,40,64760
BANKNIFTY09JAN2031200CE.NFO,07/01/2020,09:17:34,551.05,551.05,40,553.3,20,420,64760
BANKNIFTY09JAN2031200CE.NFO,07/01/2020,09:17:35,552.55,553.65,40,557.8,60,20,64760
BANKNIFTY09JAN2031200CE.NFO,07/01/2020,09:17:36,552.55,551.95,40,554.55,60,0,64760
BANKNIFTY09JAN2031200CE.NFO,07/01/2020,09:17:37,551.95,552,60,554.7,20,100,64760
BANKNIFTY09JAN2031200CE.NFO,07/01/2020,09:17:38,553.7,553.55,80,557.2,120,40,64760
BANKNIFTY09JAN2031200CE.NFO,07/01/2020,09:17:39,556.25,556.6,40,558.05,20,40,64760
BANKNIFTY09JAN2031200CE.NFO,07/01/2020,09:17:39,556.25,551.3,40,553.15,20,0,64760
BANKNIFTY09JAN2031200CE.NFO,07/01/2020,09:17:41,551.6,552.8,20,555.3,20,40,64760
BANKNIFTY09JAN2031200CE.NFO,07/01/2020,09:17:42,551.85,551.05,40,553.4,40,100,64760
BANKNIFTY09JAN2031200CE.NFO,07/01/2020,09:17:43,551.05,551,20,552.8,20,80,64760
BANKNIFTY09JAN2031200CE.NFO,07/01/2020,09:17:44,551.05,551.05,160,555.15,40,20,64760
BANKNIFTY09JAN2031200CE.NFO,07/01/2020,09:17:44,551.05,551.05,40,554.2,40,20,64760
BANKNIFTY09JAN2031200CE.NFO,07/01/2020,09:17:45,551.15,551.05,20,553.75,20,20,64760
BANKNIFTY09JAN2031200CE.NFO,07/01/2020,09:17:47,550.05,550.05,60,551.65,60,220,64760
BANKNIFTY09JAN2031200CE.NFO,07/01/2020,09:17:47,550,550,180,551.7,80,100,64760
BANKNIFTY09JAN2031200CE.NFO,07/01/2020,09:17:49,550.05,550,160,551.8,80,140,64760
BANKNIFTY09JAN2031200CE.NFO,07/01/2020,09:17:50,550.3,550.3,40,552.7,60,440,64760
BANKNIFTY09JAN2031200CE.NFO,07/01/2020,09:17:51,550.25,550,160,551.9,60,20,64760
BANKNIFTY09JAN2031200CE.NFO,07/01/2020,09:17:52,549.55,546.15,60,549.45,60,180,64760
BANKNIFTY09JAN2031200CE.NFO,07/01/2020,09:17:53,548.15,545.55,160,549.2,60,80,64760
BANKNIFTY09JAN2031200CE.NFO,07/01/2020,09:17:53,548.15,543.55,120,547.8,60,0,64760
BANKNIFTY09JAN2031200CE.NFO,07/01/2020,09:17:55,544.8,544.85,100,548.75,140,220,64760
BANKNIFTY09JAN2031200CE.NFO,07/01/2020,09:17:56,549.75,547.85,20,549.25,40,20,64760
BANKNIFTY09JAN2031200CE.NFO,07/01/2020,09:17:57,547.95,547.35,40,549.05,40,40,64760
BANKNIFTY09JAN2031200CE.NFO,07/01/2020,09:17:58,546.3,546.3,20,548.95,40,80,64760
BANKNIFTY09JAN2031200CE.NFO,07/01/2020,09:17:59,549,547.55,20,549.9,40,240,64760
BANKNIFTY09JAN2031200CE.NFO,07/01/2020,09:18:00,547.55,549,20,550,60,20,64760
BANKNIFTY09JAN2031200CE.NFO,07/01/2020,09:18:01,553.6,549.6,20,552.5,20,260,64760
BANKNIFTY09JAN2031200CE.NFO,07/01/2020,09:18:02,553.6,549.8,40,552.1,20,0,64760
BANKNIFTY09JAN2031200CE.NFO,07/01/2020,09:18:02,550.7,551.55,20,553.55,20,60,64760
BANKNIFTY09JAN2031200CE.NFO,07/01/2020,09:18:04,555,555.35,40,558.75,20,100,64760
BANKNIFTY09JAN2031200CE.NFO,07/01/2020,09:18:05,556.1,557,40,560,40,40,64760
BANKNIFTY09JAN2031200CE.NFO,07/01/2020,09:18:06,559.3,559.25,40,562.3,20,360,64760
BANKNIFTY09JAN2031200CE.NFO,07/01/2020,09:18:07,559.45,559.4,20,562.45,40,80,64760
BANKNIFTY09JAN2031200CE.NFO,07/01/2020,09:18:08,562.5,560.25,20,563.85,40,60,64760
BANKNIFTY09JAN2031200CE.NFO,07/01/2020,09:18:09,563.15,560.35,20,562.65,20,20,64760
BANKNIFTY09JAN2031200CE.NFO,07/01/2020,09:18:10,563.1,560.6,20,563,20,120,64760
BANKNIFTY09JAN2031200CE.NFO,07/01/2020,09:18:11,563.85,563,180,566.85,80,80,64760
BANKNIFTY09JAN2031200CE.NFO,07/01/2020,09:18:12,564.2,564.2,20,567.15,40,80,64760
BANKNIFTY09JAN2031200CE.NFO,07/01/2020,09:18:13,566.85,564.8,20,566.75,40,40,64760
BANKNIFTY09JAN2031200CE.NFO,07/01/2020,09:18:13,566.65,564.75,60,567.35,60,60,64760
BANKNIFTY09JAN2031200CE.NFO,07/01/2020,09:18:14,564.8,562.9,300,564.7,60,60,64760
BANKNIFTY09JAN2031200CE.NFO,07/01/2020,09:18:16,567.1,564.75,20,566.1,80,160,64760
BANKNIFTY09JAN2031200CE.NFO,07/01/2020,09:18:17,568.3,567.7,240,569.95,80,100,64760
BANKNIFTY09JAN2031200CE.NFO,07/01/2020,09:18:17,568.5,568.15,240,569.85,120,60,64760
BANKNIFTY09JAN2031200CE.NFO,07/01/2020,09:18:19,562.8,567.55,120,569.85,120,1600,64760
BANKNIFTY09JAN2031200CE.NFO,07/01/2020,09:18:20,567.9,566.9,240,568.35,80,160,64760
BANKNIFTY09JAN2031200CE.NFO,07/01/2020,09:18:21,567.75,567.75,60,569.95,100,100,64760
BANKNIFTY09JAN2031200CE.NFO,07/01/2020,09:18:22,567.75,568.55,20,569.95,80,0,64760
BANKNIFTY09JAN2031200CE.NFO,07/01/2020,09:18:23,567.3,569.25,80,571.05,20,1680,64760
BANKNIFTY09JAN2031200CE.NFO,07/01/2020,09:18:24,571.15,568.85,80,572.25,80,300,64760
BANKNIFTY09JAN2031200CE.NFO,07/01/2020,09:18:24,570,570,60,572.05,60,60,64760
BANKNIFTY09JAN2031200CE.NFO,07/01/2020,09:18:26,575.5,570.05,40,572.4,40,540,64760
BANKNIFTY09JAN2031200CE.NFO,07/01/2020,09:18:27,573.55,570.1,40,572.5,40,620,64760
BANKNIFTY09JAN2031200CE.NFO,07/01/2020,09:18:28,569.95,568.1,20,570,20,240,64760
BANKNIFTY09JAN2031200CE.NFO,07/01/2020,09:18:29,569.95,567.25,40,568,20,0,64760
BANKNIFTY09JAN2031200CE.NFO,07/01/2020,09:18:30,570,568.8,20,571.9,20,120,64760
BANKNIFTY09JAN2031200CE.NFO,07/01/2020,09:18:31,570,568.65,20,569.95,20,0,64760
BANKNIFTY09JAN2031200CE.NFO,07/01/2020,09:18:32,570,570,20,572.05,20,60,64760
BANKNIFTY09JAN2031200CE.NFO,07/01/2020,09:18:32,570,570.05,40,571.8,20,0,64760
BANKNIFTY09JAN2031200CE.NFO,07/01/2020,09:18:34,569.75,568.2,20,570,20,140,64760
BANKNIFTY09JAN2031200CE.NFO,07/01/2020,09:18:35,566.75,567.45,100,569.55,20,20,64760
BANKNIFTY09JAN2031200CE.NFO,07/01/2020,09:18:36,568.25,566.8,40,569.2,40,100,64760
BANKNIFTY09JAN2031200CE.NFO,07/01/2020,09:18:37,566.8,565.15,20,568.25,20,200,64760
BANKNIFTY09JAN2031200CE.NFO,07/01/2020,09:18:38,565.9,563.65,20,566.6,20,20,64760
BANKNIFTY09JAN2031200CE.NFO,07/01/2020,09:18:39,565.6,563.75,20,565.4,20,640,64760
BANKNIFTY09JAN2031200CE.NFO,07/01/2020,09:18:39,563.75,563.7,20,565,20,20,64760
BANKNIFTY09JAN2031200CE.NFO,07/01/2020,09:18:41,559,557.4,20,560.5,20,520,64760
BANKNIFTY09JAN2031200CE.NFO,07/01/2020,09:18:42,559,554.6,20,557.45,20,0,64760
BANKNIFTY09JAN2031200CE.NFO,07/01/2020,09:18:43,555.05,554.85,20,556.75,20,20,64760
BANKNIFTY09JAN2031200CE.NFO,07/01/2020,09:18:44,559.8,556.65,20,560.7,20,320,64760
BANKNIFTY09JAN2031200CE.NFO,07/01/2020,09:18:44,559.8,557.75,100,561.8,20,0,64760
BANKNIFTY09JAN2031200CE.NFO,07/01/2020,09:18:46,559.8,560,20,561.4,20,0,64760
BANKNIFTY09JAN2031200CE.NFO,07/01/2020,09:18:47,561.4,557.5,100,562.75,100,220,64760
BANKNIFTY09JAN2031200CE.NFO,07/01/2020,09:18:48,558.05,559.3,60,561.25,20,120,64760
BANKNIFTY09JAN2031200CE.NFO,07/01/2020,09:18:49,559.1,558.1,20,559.4,20,120,64760
BANKNIFTY09JAN2031200CE.NFO,07/01/2020,09:18:49,559.1,558.1,20,560.05,20,0,64760
BANKNIFTY09JAN2031200CE.NFO,07/01/2020,09:18:51,559.35,556.5,20,559.4,40,220,64760
BANKNIFTY09JAN2031200CE.NFO,07/01/2020,09:18:52,558.15,556.45,20,559.55,40,80,64760
BANKNIFTY09JAN2031200CE.NFO,07/01/2020,09:18:53,558.15,556.55,20,558.85,20,0,64760
BANKNIFTY09JAN2031200CE.NFO,07/01/2020,09:18:53,558.15,556.75,20,559.7,20,0,64760
BANKNIFTY09JAN2031200CE.NFO,07/01/2020,09:18:55,558.15,556.8,20,558.9,20,0,64760
BANKNIFTY09JAN2031200CE.NFO,07/01/2020,09:18:56,559.35,556.8,20,558.25,20,60,64760
BANKNIFTY09JAN2031200CE.NFO,07/01/2020,09:18:56,559.35,556.8,20,558.05,20,0,64760
BANKNIFTY09JAN2031200CE.NFO,07/01/2020,09:18:57,558.7,556.8,20,558.75,20,80,64760
BANKNIFTY09JAN2031200CE.NFO,07/01/2020,09:18:59,559.2,557.5,20,560,20,120,64760
BANKNIFTY09JAN2031200CE.NFO,07/01/2020,09:19:00,557.05,557.7,20,561.2,20,380,64760
BANKNIFTY09JAN2031200CE.NFO,07/01/2020,09:19:01,557.65,557.65,20,560.65,40,240,64760
BANKNIFTY09JAN2031200CE.NFO,07/01/2020,09:19:02,557.65,558.15,20,561.5,20,0,64760
BANKNIFTY09JAN2031200CE.NFO,07/01/2020,09:19:03,559.95,558.25,20,560.6,60,20,64760
BANKNIFTY09JAN2031200CE.NFO,07/01/2020,09:19:03,560.65,558.05,20,560.55,20,60,64760
BANKNIFTY09JAN2031200CE.NFO,07/01/2020,09:19:05,558.1,558.1,20,559.3,20,40,64760
BANKNIFTY09JAN2031200CE.NFO,07/01/2020,09:19:06,554.6,554.9,20,557.1,20,420,64760
BANKNIFTY09JAN2031200CE.NFO,07/01/2020,09:19:06,556.1,554.75,20,558.05,20,160,64760
BANKNIFTY09JAN2031200CE.NFO,07/01/2020,09:19:08,555.8,555.75,20,558.75,20,160,64760
BANKNIFTY09JAN2031200CE.NFO,07/01/2020,09:19:09,557.5,556.35,20,558.1,20,120,64760
BANKNIFTY09JAN2031200CE.NFO,07/01/2020,09:19:10,557.5,556.3,20,558.05,20,0,64760
BANKNIFTY09JAN2031200CE.NFO,07/01/2020,09:19:11,557.05,556.5,20,558.05,20,60,64760
BANKNIFTY09JAN2031200CE.NFO,07/01/2020,09:19:12,558.35,557.1,120,557.8,60,2640,64760
BANKNIFTY09JAN2031200CE.NFO,07/01/2020,09:19:13,557.8,557.35,20,560,20,60,64760
BANKNIFTY09JAN2031200CE.NFO,07/01/2020,09:19:13,558.75,557.65,40,560.95,20,120,64760
BANKNIFTY09JAN2031200CE.NFO,07/01/2020,09:19:15,560.7,560,120,560.65,40,240,64760
BANKNIFTY09JAN2031200CE.NFO,07/01/2020,09:19:16,563.95,563.6,120,566.65,40,100,64760
BANKNIFTY09JAN2031200CE.NFO,07/01/2020,09:19:17,564.2,564.4,120,565.8,40,20,64760
BANKNIFTY09JAN2031200CE.NFO,07/01/2020,09:19:18,566.6,567.55,40,569.95,60,40,64760
BANKNIFTY09JAN2031200CE.NFO,07/01/2020,09:19:18,566.6,567.9,120,569.15,40,0,64760
BANKNIFTY09JAN2031200CE.NFO,07/01/2020,09:19:20,569.9,567.65,40,569.75,40,220,64760
BANKNIFTY09JAN2031200CE.NFO,07/01/2020,09:19:21,568.4,567.75,20,569.05,60,60,64760
BANKNIFTY09JAN2031200CE.NFO,07/01/2020,09:19:22,567.8,567.85,20,569.2,60,20,64760
BANKNIFTY09JAN2031200CE.NFO,07/01/2020,09:19:23,568.75,567.95,120,569,60,60,64760
BANKNIFTY09JAN2031200CE.NFO,07/01/2020,09:19:23,570,568.9,120,569.45,60,80,64760
BANKNIFTY09JAN2031200CE.NFO,07/01/2020,09:19:25,569.05,568.9,120,570.8,60,120,64760
BANKNIFTY09JAN2031200CE.NFO,07/01/2020,09:19:26,569.85,568.55,40,569.85,40,80,64760
BANKNIFTY09JAN2031200CE.NFO,07/01/2020,09:19:27,570,569.15,100,569.95,60,680,64760
BANKNIFTY09JAN2031200CE.NFO,07/01/2020,09:19:28,570.05,570.05,60,571.4,40,160,64760
BANKNIFTY09JAN2031200CE.NFO,07/01/2020,09:19:28,570.05,569.25,40,571.4,40,60,64760
BANKNIFTY09JAN2031200CE.NFO,07/01/2020,09:19:30,574.55,568.5,300,572.15,40,1940,64760
BANKNIFTY09JAN2031200CE.NFO,07/01/2020,09:19:31,568.95,568.85,20,571.55,20,100,64760
BANKNIFTY09JAN2031200CE.NFO,07/01/2020,09:19:32,568.3,568.3,20,570.4,40,80,64760
BANKNIFTY09JAN2031200CE.NFO,07/01/2020,09:19:33,567.7,567.15,40,569.9,40,80,64760
BANKNIFTY09JAN2031200CE.NFO,07/01/2020,09:19:33,567.7,567.2,20,569.5,40,0,64760
BANKNIFTY09JAN2031200CE.NFO,07/01/2020,09:19:35,567.35,566.25,40,568.95,40,20,64760
BANKNIFTY09JAN2031200CE.NFO,07/01/2020,09:19:36,568.95,565.95,40,568.7,40,180,64760
BANKNIFTY09JAN2031200CE.NFO,07/01/2020,09:19:37,564.45,563.35,40,566.05,40,220,64760
BANKNIFTY09JAN2031200CE.NFO,07/01/2020,09:19:38,564.45,564.75,20,567.2,20,0,64760
BANKNIFTY09JAN2031200CE.NFO,07/01/2020,09:19:38,564.45,565.4,20,567.05,40,0,64760
BANKNIFTY09JAN2031200CE.NFO,07/01/2020,09:19:40,566.85,564.6,40,567.3,20,100,64760
BANKNIFTY09JAN2031200CE.NFO,07/01/2020,09:19:41,565.6,566.5,40,568.85,40,20,64760
BANKNIFTY09JAN2031200CE.NFO,07/01/2020,09:19:42,570.7,567.75,20,570.2,20,160,64760
BANKNIFTY09JAN2031200CE.NFO,07/01/2020,09:19:43,571.5,569.65,20,572.7,20,40,64760
BANKNIFTY09JAN2031200CE.NFO,07/01/2020,09:19:43,571.5,569.75,20,572.6,20,0,64760
BANKNIFTY09JAN2031200CE.NFO,07/01/2020,09:19:45,571.5,570.7,20,573.6,20,0,64760
BANKNIFTY09JAN2031200CE.NFO,07/01/2020,09:19:46,573.35,572.65,40,574.95,20,20,64760
BANKNIFTY09JAN2031200CE.NFO,07/01/2020,09:19:47,573.2,571.65,100,574.35,40,60,64760
BANKNIFTY09JAN2031200CE.NFO,07/01/2020,09:19:48,572.5,571.15,40,574.05,40,140,64760
BANKNIFTY09JAN2031200CE.NFO,07/01/2020,09:19:48,574.6,572.2,40,574.95,60,20,64760
BANKNIFTY09JAN2031200CE.NFO,07/01/2020,09:19:50,573.45,574.45,100,575,160,100,64760
BANKNIFTY09JAN2031200CE.NFO,07/01/2020,09:19:51,575,575,840,577.15,80,160,64760
BANKNIFTY09JAN2031200CE.NFO,07/01/2020,09:19:52,575.5,575.9,20,577.6,80,900,64760
BANKNIFTY09JAN2031200CE.NFO,07/01/2020,09:19:53,576.05,574.8,60,578.05,60,200,64760
BANKNIFTY09JAN2031200CE.NFO,07/01/2020,09:19:53,576.05,576,20,577.85,60,0,64760
BANKNIFTY09JAN2031200CE.NFO,07/01/2020,09:19:55,576.05,576.05,40,577.8,60,340,64760
BANKNIFTY09JAN2031200CE.NFO,07/01/2020,09:19:56,576.05,575.05,100,576.15,60,40,64760
BANKNIFTY09JAN2031200CE.NFO,07/01/2020,09:19:57,576.5,575.05,60,577.05,60,280,64760
BANKNIFTY09JAN2031200CE.NFO,07/01/2020,09:19:58,579.15,578.05,100,579.8,40,100,64760
BANKNIFTY09JAN2031200CE.NFO,07/01/2020,09:19:58,579.15,578.05,100,579.8,40,0,64760
BANKNIFTY09JAN2031200CE.NFO,07/01/2020,09:20:00,578.85,577.15,20,579.8,80,320,64760
BANKNIFTY09JAN2031200CE.NFO,07/01/2020,09:20:01,584.1,580.1,40,582.3,80,1020,64760
BANKNIFTY09JAN2031200CE.NFO,07/01/2020,09:20:02,582.5,581.5,100,586.05,20,1580,64760
BANKNIFTY09JAN2031200CE.NFO,07/01/2020,09:20:03,586.95,583.7,100,587.15,20,220,64760
BANKNIFTY09JAN2031200CE.NFO,07/01/2020,09:20:04,587.8,584.85,60,588.85,20,20,64760
BANKNIFTY09JAN2031200CE.NFO,07/01/2020,09:20:05,586.5,586.3,20,587.85,20,40,64760
BANKNIFTY09JAN2031200CE.NFO,07/01/2020,09:20:06,586.3,586.6,20,589.95,20,20,64760
BANKNIFTY09JAN2031200CE.NFO,07/01/2020,09:20:07,587.65,583.75,20,587.8,20,40,64760
BANKNIFTY09JAN2031200CE.NFO,07/01/2020,09:20:07,587.65,583.8,80,587.85,180,0,64760
BANKNIFTY09JAN2031200CE.NFO,07/01/2020,09:20:09,587.65,583.7,20,586.9,20,0,64760
BANKNIFTY09JAN2031200CE.NFO,07/01/2020,09:20:10,581.6,581.6,60,583.95,20,100,62280
BANKNIFTY09JAN2031200CE.NFO,07/01/2020,09:20:11,581.6,581.7,20,585.25,20,0,62280
BANKNIFTY09JAN2031200CE.NFO,07/01/2020,09:20:12,584.05,581.65,20,584.75,20,220,62280
BANKNIFTY09JAN2031200CE.NFO,07/01/2020,09:20:13,584.05,582.15,20,585,140,0,62280
BANKNIFTY09JAN2031200CE.NFO,07/01/2020,09:20:14,586,582.7,140,586.95,60,540,62280
BANKNIFTY09JAN2031200CE.NFO,07/01/2020,09:20:15,584.05,583.4,20,586.7,20,20,62280
BANKNIFTY09JAN2031200CE.NFO,07/01/2020,09:20:16,584.05,584.05,20,586.65,40,0,62280
BANKNIFTY09JAN2031200CE.NFO,07/01/2020,09:20:17,586.9,584.1,180,587.95,20,520,62280
BANKNIFTY09JAN2031200CE.NFO,07/01/2020,09:20:18,588.2,586.75,60,589.4,40,20,62280
BANKNIFTY09JAN2031200CE.NFO,07/01/2020,09:20:19,586.85,586.7,500,589.35,20,20,62280
BANKNIFTY09JAN2031200CE.NFO,07/01/2020,09:20:20,586.75,586.75,20,589.85,40,40,62280
BANKNIFTY09JAN2031200CE.NFO,07/01/2020,09:20:21,586.75,586.8,20,588.95,20,0,62280
BANKNIFTY09JAN2031200CE.NFO,07/01/2020,09:20:22,586.75,586.7,500,589.25,20,0,62280
BANKNIFTY09JAN2031200CE.NFO,07/01/2020,09:20:23,587,587,140,589.15,40,460,62280
BANKNIFTY09JAN2031200CE.NFO,07/01/2020,09:20:24,587,587.05,20,589.05,20,120,62280
BANKNIFTY09JAN2031200CE.NFO,07/01/2020,09:20:25,587,587,60,589.25,20,0,62280
BANKNIFTY09JAN2031200CE.NFO,07/01/2020,09:20:26,587,587,60,589.35,20,0,62280
BANKNIFTY09JAN2031200CE.NFO,07/01/2020,09:20:27,589.1,586.7,380,589.3,40,2160,62280
BANKNIFTY09JAN2031200CE.NFO,07/01/2020,09:20:28,589.1,587.15,60,590,120,0,62280
BANKNIFTY09JAN2031200CE.NFO,07/01/2020,09:20:29,590,588.5,40,592.3,40,120,62280
BANKNIFTY09JAN2031200CE.NFO,07/01/2020,09:20:30,592.15,588.55,20,591.6,20,40,62280
BANKNIFTY09JAN2031200CE.NFO,07/01/2020,09:20:31,593.2,591.55,60,594.4,60,80,62280
BANKNIFTY09JAN2031200CE.NFO,07/01/2020,09:20:32,595.25,592.45,40,595.25,20,160,62280
BANKNIFTY09JAN2031200CE.NFO,07/01/2020,09:20:33,595.25,593.6,20,595.95,20,0,62280
BANKNIFTY09JAN2031200CE.NFO,07/01/2020,09:20:34,589.9,589.1,40,593.1,20,120,62280
BANKNIFTY09JAN2031200CE.NFO,07/01/2020,09:20:35,593,589.9,60,592.05,20,380,62280
BANKNIFTY09JAN2031200CE.NFO,07/01/2020,09:20:36,591.6,591.65,40,594.3,40,100,62280
BANKNIFTY09JAN2031200CE.NFO,07/01/2020,09:20:37,595.1,590.6,20,593.8,20,60,62280
BANKNIFTY09JAN2031200CE.NFO,07/01/2020,09:20:38,594.45,591.85,40,595.05,20,820,62280
BANKNIFTY09JAN2031200CE.NFO,07/01/2020,09:20:39,596,593.8,60,596,40,20,62280
BANKNIFTY09JAN2031200CE.NFO,07/01/2020,09:20:40,595.95,594.15,60,596,20,40,62280
BANKNIFTY09JAN2031200CE.NFO,07/01/2020,09:20:41,595.95,591.5,20,594.7,20,0,62280
BANKNIFTY09JAN2031200CE.NFO,07/01/2020,09:20:41,595.95,591.2,20,594.1,20,0,62280
BANKNIFTY09JAN2031200CE.NFO,07/01/2020,09:20:43,594,591.3,40,594,60,20,62280
BANKNIFTY09JAN2031200CE.NFO,07/01/2020,09:20:44,597.6,594.7,60,597.6,20,140,62280
BANKNIFTY09JAN2031200CE.NFO,07/01/2020,09:20:45,597.6,596.15,40,598.6,40,20,62280
BANKNIFTY09JAN2031200CE.NFO,07/01/2020,09:20:46,599.9,596.6,100,600,200,140,62280
BANKNIFTY09JAN2031200CE.NFO,07/01/2020,09:20:46,599.9,596.6,60,600,200,0,62280
BANKNIFTY09JAN2031200CE.NFO,07/01/2020,09:20:48,599.9,596.75,80,599.85,40,0,62280
BANKNIFTY09JAN2031200CE.NFO,07/01/2020,09:20:49,601.8,598.3,20,601.7,40,240,62280
BANKNIFTY09JAN2031200CE.NFO,07/01/2020,09:20:50,603.3,598.95,160,602.5,40,20,62280
BANKNIFTY09JAN2031200CE.NFO,07/01/2020,09:20:51,603.3,599.4,100,603,20,0,62280
BANKNIFTY09JAN2031200CE.NFO,07/01/2020,09:20:52,603,600.65,40,603.75,40,20,62280
BANKNIFTY09JAN2031200CE.NFO,07/01/2020,09:20:53,607.45,603.5,80,607.8,140,40,62280
BANKNIFTY09JAN2031200CE.NFO,07/01/2020,09:20:54,607.85,604.75,20,607.85,20,120,62280
BANKNIFTY09JAN2031200CE.NFO,07/01/2020,09:20:55,607.85,605.15,160,610,80,0,62280
BANKNIFTY09JAN2031200CE.NFO,07/01/2020,09:20:56,608.7,605.5,60,608.7,40,20,62280
BANKNIFTY09JAN2031200CE.NFO,07/01/2020,09:20:57,606.8,603.7,60,606.8,40,40,62280
BANKNIFTY09JAN2031200CE.NFO,07/01/2020,09:20:58,606.75,603.8,40,606.7,60,20,62280
BANKNIFTY09JAN2031200CE.NFO,07/01/2020,09:20:59,607.05,603.9,20,607.05,20,20,62280
BANKNIFTY09JAN2031200CE.NFO,07/01/2020,09:21:00,605.55,601.9,360,605.55,20,100,62280
BANKNIFTY09JAN2031200CE.NFO,07/01/2020,09:21:01,604.65,601.85,40,604.65,40,260,62280
BANKNIFTY09JAN2031200CE.NFO,07/01/2020,09:21:02,601.7,598.65,40,601.85,20,260,62280
BANKNIFTY09JAN2031200CE.NFO,07/01/2020,09:21:03,596.7,596.6,40,599.45,80,60,62280
BANKNIFTY09JAN2031200CE.NFO,07/01/2020,09:21:04,596.15,595.85,40,598.6,40,420,62280
BANKNIFTY09JAN2031200CE.NFO,07/01/2020,09:21:05,596.15,595.85,40,598.3,40,0,62280
BANKNIFTY09JAN2031200CE.NFO,07/01/2020,09:21:06,595.85,596,60,599,40,160,62280
BANKNIFTY09JAN2031200CE.NFO,07/01/2020,09:21:07,599.3,596.55,60,599.85,40,20,62280
BANKNIFTY09JAN2031200CE.NFO,07/01/2020,09:21:08,599.8,597.1,60,600,100,20,62280
BANKNIFTY09JAN2031200CE.NFO,07/01/2020,09:21:09,603.55,600.3,40,604.4,20,460,62280
BANKNIFTY09JAN2031200CE.NFO,07/01/2020,09:21:10,602.6,603.05,40,606.25,20,80,62280
BANKNIFTY09JAN2031200CE.NFO,07/01/2020,09:21:11,608.95,607.15,60,609.7,40,300,62280
BANKNIFTY09JAN2031200CE.NFO,07/01/2020,09:21:12,609.7,606,60,610,40,120,62280
BANKNIFTY09JAN2031200CE.NFO,07/01/2020,09:21:13,607.7,608.25,140,613.6,80,60,62280
BANKNIFTY09JAN2031200CE.NFO,07/01/2020,09:21:14,607.7,610.55,40,613.6,20,0,62280
BANKNIFTY09JAN2031200CE.NFO,07/01/2020,09:21:15,614.45,610.65,40,613,20,20,62280
BANKNIFTY09JAN2031200CE.NFO,07/01/2020,09:21:16,611.5,609,60,613.15,20,160,62280
BANKNIFTY09JAN2031200CE.NFO,07/01/2020,09:21:17,617.15,611.2,60,615.3,100,100,62280
BANKNIFTY09JAN2031200CE.NFO,07/01/2020,09:21:18,614.95,612.55,60,615.9,40,20,62280
BANKNIFTY09JAN2031200CE.NFO,07/01/2020,09:21:19,613.8,614.2,40,618.05,20,60,62280
BANKNIFTY09JAN2031200CE.NFO,07/01/2020,09:21:20,613.8,614.9,20,618.8,60,0,62280
BANKNIFTY09JAN2031200CE.NFO,07/01/2020,09:21:21,619.8,615.45,20,619.7,100,60,62280
BANKNIFTY09JAN2031200CE.NFO,07/01/2020,09:21:22,617.55,615.55,40,617.45,60,80,62280
BANKNIFTY09JAN2031200CE.NFO,07/01/2020,09:21:23,613.6,611.6,20,614.7,20,620,62280
BANKNIFTY09JAN2031200CE.NFO,07/01/2020,09:21:24,614.9,611.7,140,615.05,80,60,62280
BANKNIFTY09JAN2031200CE.NFO,07/01/2020,09:21:25,615.7,611.85,40,615,80,220,62280
BANKNIFTY09JAN2031200CE.NFO,07/01/2020,09:21:26,615.7,611.9,80,614.55,40,0,62280
BANKNIFTY09JAN2031200CE.NFO,07/01/2020,09:21:27,614.6,611.9,140,616.2,60,20,62280
BANKNIFTY09JAN2031200CE.NFO,07/01/2020,09:21:28,614.65,612.15,20,615.65,60,20,62280
BANKNIFTY09JAN2031200CE.NFO,07/01/2020,09:21:29,615.6,611,20,614.15,60,60,62280
BANKNIFTY09JAN2031200CE.NFO,07/01/2020,09:21:30,612.5,609,40,611.8,20,80,62280
BANKNIFTY09JAN2031200CE.NFO,07/01/2020,09:21:31,610.7,607.95,40,610.35,20,100,62280
BANKNIFTY09JAN2031200CE.NFO,07/01/2020,09:21:32,610.7,608,40,609.95,20,0,62280
BANKNIFTY09JAN2031200CE.NFO,07/01/2020,09:21:33,609.75,608,40,609.8,60,20,62280
BANKNIFTY09JAN2031200CE.NFO,07/01/2020,09:21:34,608,606.65,80,609.65,20,100,62280
BANKNIFTY09JAN2031200CE.NFO,07/01/2020,09:21:35,609.8,606.65,40,609.6,80,40,62280
BANKNIFTY09JAN2031200CE.NFO,07/01/2020,09:21:36,608.45,606.65,40,608.55,60,400,62280
BANKNIFTY09JAN2031200CE.NFO,07/01/2020,09:21:37,605.5,605,100,607.6,60,60,62280
BANKNIFTY09JAN2031200CE.NFO,07/01/2020,09:21:38,606.75,605.1,60,607.9,60,160,62280
BANKNIFTY09JAN2031200CE.NFO,07/01/2020,09:21:39,606.75,605.05,60,606.65,20,0,62280
BANKNIFTY09JAN2031200CE.NFO,07/01/2020,09:21:40,606.65,605.15,60,607.95,60,20,62280
BANKNIFTY09JAN2031200CE.NFO,07/01/2020,09:21:41,607.95,605.2,40,608,20,80,62280
BANKNIFTY09JAN2031200CE.NFO,07/01/2020,09:21:42,610,608.6,200,612.35,20,40,62280
BANKNIFTY09JAN2031200CE.NFO,07/01/2020,09:21:43,615.3,611.45,40,615.25,120,40,62280
BANKNIFTY09JAN2031200CE.NFO,07/01/2020,09:21:44,615.3,612.1,100,615.55,60,0,62280
BANKNIFTY09JAN2031200CE.NFO,07/01/2020,09:21:45,615.6,612.95,20,617,40,40,62280
BANKNIFTY09JAN2031200CE.NFO,07/01/2020,09:21:46,618.75,615.4,100,618.7,20,60,62280
BANKNIFTY09JAN2031200CE.NFO,07/01/2020,09:21:47,618.8,615.15,200,618.75,20,140,62280
BANKNIFTY09JAN2031200CE.NFO,07/01/2020,09:21:47,618.8,615.2,120,618.75,80,0,62280
BANKNIFTY09JAN2031200CE.NFO,07/01/2020,09:21:49,615.25,615.05,40,616.8,60,20,62280
BANKNIFTY09JAN2031200CE.NFO,07/01/2020,09:21:50,615.05,613.75,100,615.3,20,40,62280
BANKNIFTY09JAN2031200CE.NFO,07/01/2020,09:21:51,615.3,615.4,40,619.6,40,20,62280
BANKNIFTY09JAN2031200CE.NFO,07/01/2020,09:21:52,615.35,613.75,60,615.9,40,20,62280
BANKNIFTY09JAN2031200CE.NFO,07/01/2020,09:21:52,615.35,613.75,60,616.9,40,0,62280
BANKNIFTY09JAN2031200CE.NFO,07/01/2020,09:21:54,617.8,614.5,20,617.8,80,180,62280
BANKNIFTY09JAN2031200CE.NFO,07/01/2020,09:21:55,614.8,614.85,20,617.95,20,20,62280
BANKNIFTY09JAN2031200CE.NFO,07/01/2020,09:21:56,614.8,614.9,40,617.8,40,0,62280
BANKNIFTY09JAN2031200CE.NFO,07/01/2020,09:21:57,617.9,614.95,20,618,40,80,62280
BANKNIFTY09JAN2031200CE.NFO,07/01/2020,09:21:58,618,616,40,620,340,60,62280
BANKNIFTY09JAN2031200CE.NFO,07/01/2020,09:21:59,619.75,617,60,619.6,20,40,62280
BANKNIFTY09JAN2031200CE.NFO,07/01/2020,09:21:59,620,617.35,20,622,40,280,62280
BANKNIFTY09JAN2031200CE.NFO,07/01/2020,09:22:00,618.05,619.2,20,622,20,20,62280
BANKNIFTY09JAN2031200CE.NFO,07/01/2020,09:22:01,623,622.05,60,624.5,60,120,62280
BANKNIFTY09JAN2031200CE.NFO,07/01/2020,09:22:02,623.1,622.05,60,624.75,60,80,62280
BANKNIFTY09JAN2031200CE.NFO,07/01/2020,09:22:03,625,622.1,40,627.7,20,280,62280
BANKNIFTY09JAN2031200CE.NFO,07/01/2020,09:22:04,627,627.55,60,631.9,60,200,62280
BANKNIFTY09JAN2031200CE.NFO,07/01/2020,09:22:05,627.75,627.6,200,631.65,60,20,62280
BANKNIFTY09JAN2031200CE.NFO,07/01/2020,09:22:06,631.7,628.4,40,631.5,20,100,62280
BANKNIFTY09JAN2031200CE.NFO,07/01/2020,09:22:07,630.2,627.65,40,630,60,60,62280
BANKNIFTY09JAN2031200CE.NFO,07/01/2020,09:22:08,627.7,624,40,626.95,20,100,62280
BANKNIFTY09JAN2031200CE.NFO,07/01/2020,09:22:09,627.7,622.95,40,625.95,40,0,62280
BANKNIFTY09JAN2031200CE.NFO,07/01/2020,09:22:10,627.7,623,40,625.95,40,0,62280
BANKNIFTY09JAN2031200CE.NFO,07/01/2020,09:22:11,627.7,623.25,120,627.05,100,0,62280
BANKNIFTY09JAN2031200CE.NFO,07/01/2020,09:22:13,626.45,623.3,20,625.75,20,20,62280
BANKNIFTY09JAN2031200CE.NFO,07/01/2020,09:22:14,626.05,621.4,100,625.6,100,480,62280
BANKNIFTY09JAN2031200CE.NFO,07/01/2020,09:22:15,621.6,621.45,40,624.65,80,80,62280
BANKNIFTY09JAN2031200CE.NFO,07/01/2020,09:22:16,621.6,620.55,20,624.7,40,0,62280
BANKNIFTY09JAN2031200CE.NFO,07/01/2020,09:22:17,625.4,623.75,80,626.95,60,80,62280
BANKNIFTY09JAN2031200CE.NFO,07/01/2020,09:22:18,627.7,625.8,60,630.15,80,100,62280
BANKNIFTY09JAN2031200CE.NFO,07/01/2020,09:22:19,629.2,627.25,40,629.95,20,40,62280
BANKNIFTY09JAN2031200CE.NFO,07/01/2020,09:22:20,629.05,625.95,60,629,20,120,62280
BANKNIFTY09JAN2031200CE.NFO,07/01/2020,09:22:21,625.55,623.95,40,627,20,100,62280
BANKNIFTY09JAN2031200CE.NFO,07/01/2020,09:22:22,623.75,622.7,20,625.6,40,60,62280
BANKNIFTY09JAN2031200CE.NFO,07/01/2020,09:22:23,626.3,621.9,40,624.85,40,20,62280
BANKNIFTY09JAN2031200CE.NFO,07/01/2020,09:22:24,628.05,623.5,40,628.05,20,160,62280
BANKNIFTY09JAN2031200CE.NFO,07/01/2020,09:22:24,628.1,624.25,60,628.65,20,60,62280
BANKNIFTY09JAN2031200CE.NFO,07/01/2020,09:22:26,628.1,624.65,60,628.65,80,0,62280
BANKNIFTY09JAN2031200CE.NFO,07/01/2020,09:22:27,628.1,625.6,60,630.15,260,0,62280
BANKNIFTY09JAN2031200CE.NFO,07/01/2020,09:22:28,630.15,626.3,60,629.75,20,40,62280
BANKNIFTY09JAN2031200CE.NFO,07/01/2020,09:22:29,630.15,626.75,20,630.15,140,0,62280
BANKNIFTY09JAN2031200CE.NFO,07/01/2020,09:22:30,629.9,626.8,40,629.65,40,80,62280
BANKNIFTY09JAN2031200CE.NFO,07/01/2020,09:22:31,629.8,627,200,630.7,60,160,62280
BANKNIFTY09JAN2031200CE.NFO,07/01/2020,09:22:32,630.7,625.45,40,628.4,20,40,62280
BANKNIFTY09JAN2031200CE.NFO,07/01/2020,09:22:33,630.7,625.5,40,628.15,40,0,62280
BANKNIFTY09JAN2031200CE.NFO,07/01/2020,09:22:34,625.5,625.55,40,627.8,40,20,62280
BANKNIFTY09JAN2031200CE.NFO,07/01/2020,09:22:35,628.9,626.7,20,628.65,60,60,62280
BANKNIFTY09JAN2031200CE.NFO,07/01/2020,09:22:36,626.7,625.65,20,627.95,20,20,62280
BANKNIFTY09JAN2031200CE.NFO,07/01/2020,09:22:36,626.7,625.65,20,627.95,20,0,62280
BANKNIFTY09JAN2031200CE.NFO,07/01/2020,09:22:38,628.4,625.7,20,628.35,20,40,62280
BANKNIFTY09JAN2031200CE.NFO,07/01/2020,09:22:39,628.2,625.7,60,628.25,40,20,62280
BANKNIFTY09JAN2031200CE.NFO,07/01/2020,09:22:40,625.75,625.2,40,627.05,80,80,62280
BANKNIFTY09JAN2031200CE.NFO,07/01/2020,09:22:41,624.3,624.3,20,627,20,160,62280
BANKNIFTY09JAN2031200CE.NFO,07/01/2020,09:22:41,624.3,624.25,40,626.3,20,0,62280
BANKNIFTY09JAN2031200CE.NFO,07/01/2020,09:22:43,624.3,624.5,60,627,100,0,62280
BANKNIFTY09JAN2031200CE.NFO,07/01/2020,09:22:44,624.3,624.55,40,626.85,20,0,62280
BANKNIFTY09JAN2031200CE.NFO,07/01/2020,09:22:45,627,624.55,40,627,60,380,62280
BANKNIFTY09JAN2031200CE.NFO,07/01/2020,09:22:46,624.6,624.55,40,625.7,20,40,62280
BANKNIFTY09JAN2031200CE.NFO,07/01/2020,09:22:47,625.1,622.05,20,624.25,20,620,62280
BANKNIFTY09JAN2031200CE.NFO,07/01/2020,09:22:47,625.1,622.05,20,624.05,20,0,62280
BANKNIFTY09JAN2031200CE.NFO,07/01/2020,09:22:48,625.2,622.1,60,625.05,20,320,62280
BANKNIFTY09JAN2031200CE.NFO,07/01/2020,09:22:49,625.2,622.3,200,626.25,200,0,62280
BANKNIFTY09JAN2031200CE.NFO,07/01/2020,09:22:50,624.65,624.65,260,627,20,40,62280
BANKNIFTY09JAN2031200CE.NFO,07/01/2020,09:22:51,626.95,625.3,100,628.4,20,20,62280
BANKNIFTY09JAN2031200CE.NFO,07/01/2020,09:22:52,626.95,626,80,628.4,20,0,62280
BANKNIFTY09JAN2031200CE.NFO,07/01/2020,09:22:53,630,628.6,80,630,80,480,62280
BANKNIFTY09JAN2031200CE.NFO,07/01/2020,09:22:55,631,630.6,140,633.9,20,100,62280
BANKNIFTY09JAN2031200CE.NFO,07/01/2020,09:22:56,634.05,632.1,60,634.85,140,80,62280
BANKNIFTY09JAN2031200CE.NFO,07/01/2020,09:22:57,634.9,632.1,100,635,20,40,62280
BANKNIFTY09JAN2031200CE.NFO,07/01/2020,09:22:58,636.8,632.1,100,637.25,120,100,62280
BANKNIFTY09JAN2031200CE.NFO,07/01/2020,09:22:59,633.75,630.25,40,633.9,100,320,62280
BANKNIFTY09JAN2031200CE.NFO,07/01/2020,09:23:00,633.75,629.55,80,633.25,100,0,62280
BANKNIFTY09JAN2031200CE.NFO,07/01/2020,09:23:01,633.75,628.75,40,632.3,120,0,62280
BANKNIFTY09JAN2031200CE.NFO,07/01/2020,09:23:02,632,628,40,631.05,40,20,62280
BANKNIFTY09JAN2031200CE.NFO,07/01/2020,09:23:03,632,628.15,140,631.75,80,0,62280
BANKNIFTY09JAN2031200CE.NFO,07/01/2020,09:23:03,632,628.25,180,631.75,80,0,62280
BANKNIFTY09JAN2031200CE.NFO,07/01/2020,09:23:05,631.95,630.05,40,632.1,40,20,62280
BANKNIFTY09JAN2031200CE.NFO,07/01/2020,09:23:06,635.3,632.9,100,637.15,60,80,62280
BANKNIFTY09JAN2031200CE.NFO,07/01/2020,09:23:06,635.3,632.95,160,637,40,0,62280
BANKNIFTY09JAN2031200CE.NFO,07/01/2020,09:23:08,635.3,633.7,180,639,360,0,62280
BANKNIFTY09JAN2031200CE.NFO,07/01/2020,09:23:09,636.05,633.05,100,635.85,40,100,59120
BANKNIFTY09JAN2031200CE.NFO,07/01/2020,09:23:10,633,631.5,20,634.65,20,20,59120
BANKNIFTY09JAN2031200CE.NFO,07/01/2020,09:23:11,631.5,629.95,40,632.4,80,20,59120
BANKNIFTY09JAN2031200CE.NFO,07/01/2020,09:23:12,633.15,630.1,40,633.05,20,40,59120
BANKNIFTY09JAN2031200CE.NFO,07/01/2020,09:23:12,633.15,630.1,40,633.15,40,0,59120
BANKNIFTY09JAN2031200CE.NFO,07/01/2020,09:23:13,633.15,630.1,40,632.9,40,0,59120
BANKNIFTY09JAN2031200CE.NFO,07/01/2020,09:23:14,633.15,628.35,40,631.55,20,0,59120
BANKNIFTY09JAN2031200CE.NFO,07/01/2020,09:23:15,628,624.7,220,628.75,180,80,59120
BANKNIFTY09JAN2031200CE.NFO,07/01/2020,09:23:16,628,622.85,40,627.9,60,0,59120
BANKNIFTY09JAN2031200CE.NFO,07/01/2020,09:23:17,628,625,100,628.7,80,0,59120
BANKNIFTY09JAN2031200CE.NFO,07/01/2020,09:23:18,625,623.4,80,627.8,40,40,59120
BANKNIFTY09JAN2031200CE.NFO,07/01/2020,09:23:19,630.4,626.9,100,630.35,20,20,59120
BANKNIFTY09JAN2031200CE.NFO,07/01/2020,09:23:20,630.4,628.6,100,632.25,80,0,59120
BANKNIFTY09JAN2031200CE.NFO,07/01/2020,09:23:21,629.15,629.15,140,633.2,120,140,59120
BANKNIFTY09JAN2031200CE.NFO,07/01/2020,09:23:22,629.15,627.9,40,631.45,80,40,59120
BANKNIFTY09JAN2031200CE.NFO,07/01/2020,09:23:23,627.25,627.15,20,630.65,100,40,59120
BANKNIFTY09JAN2031200CE.NFO,07/01/2020,09:23:24,629.95,627.25,20,630.95,40,80,59120
BANKNIFTY09JAN2031200CE.NFO,07/01/2020,09:23:25,629.95,627.75,40,630.85,40,0,59120
BANKNIFTY09JAN2031200CE.NFO,07/01/2020,09:23:26,627.75,627.45,60,630.95,120,40,59120
BANKNIFTY09JAN2031200CE.NFO,07/01/2020,09:23:27,627.4,624.75,40,628,60,40,59120
BANKNIFTY09JAN2031200CE.NFO,07/01/2020,09:23:28,627.4,624.75,60,627.85,80,0,59120
BANKNIFTY09JAN2031200CE.NFO,07/01/2020,09:23:29,627.4,624.75,160,628.8,80,0,59120
BANKNIFTY09JAN2031200CE.NFO,07/01/2020,09:23:30,627.4,627.5,40,630.85,160,0,59120
BANKNIFTY09JAN2031200CE.NFO,07/01/2020,09:23:31,627.4,626.65,160,630.75,140,0,59120
BANKNIFTY09JAN2031200CE.NFO,07/01/2020,09:23:32,626.65,626.65,60,630.3,220,20,59120
BANKNIFTY09JAN2031200CE.NFO,07/01/2020,09:23:33,626.65,626.6,60,630.25,120,0,59120
BANKNIFTY09JAN2031200CE.NFO,07/01/2020,09:23:34,626.6,626.55,60,628.9,40,60,59120
BANKNIFTY09JAN2031200CE.NFO,07/01/2020,09:23:35,626.6,626.25,60,629.2,80,0,59120
BANKNIFTY09JAN2031200CE.NFO,07/01/2020,09:23:36,626.6,626.3,100,630.25,180,0,59120
BANKNIFTY09JAN2031200CE.NFO,07/01/2020,09:23:37,626.6,626.25,180,629.75,120,0,59120
BANKNIFTY09JAN2031200CE.NFO,07/01/2020,09:23:38,626.6,626.35,120,629.85,20,0,59120
BANKNIFTY09JAN2031200CE.NFO,07/01/2020,09:23:39,624.15,624.85,20,628.55,20,60,59120
BANKNIFTY09JAN2031200CE.NFO,07/01/2020,09:23:40,624.15,624.9,160,628.45,100,0,59120
BANKNIFTY09JAN2031200CE.NFO,07/01/2020,09:23:41,624.15,625.4,100,629.25,100,0,59120
BANKNIFTY09JAN2031200CE.NFO,07/01/2020,09:23:42,624.15,625.6,200,629.2,280,0,59120
BANKNIFTY09JAN2031200CE.NFO,07/01/2020,09:23:43,625.6,625.65,160,629.25,200,100,59120
BANKNIFTY09JAN2031200CE.NFO,07/01/2020,09:23:44,627.95,625.3,80,628.75,80,60,59120
BANKNIFTY09JAN2031200CE.NFO,07/01/2020,09:23:45,627.95,625.4,60,629.1,80,0,59120
BANKNIFTY09JAN2031200CE.NFO,07/01/2020,09:23:46,626,626.25,40,629.35,40,40,59120
BANKNIFTY09JAN2031200CE.NFO,07/01/2020,09:23:47,626,626,40,629,60,60,59120
BANKNIFTY09JAN2031200CE.NFO,07/01/2020,09:23:48,626.05,627.25,160,628.9,20,100,59120
BANKNIFTY09JAN2031200CE.NFO,07/01/2020,09:23:49,627.05,626.7,60,628.9,20,140,59120
BANKNIFTY09JAN2031200CE.NFO,07/01/2020,09:23:50,626.15,626.3,20,628.9,20,300,59120
BANKNIFTY09JAN2031200CE.NFO,07/01/2020,09:23:51,626.5,626.5,60,630.35,120,40,59120
BANKNIFTY09JAN2031200CE.NFO,07/01/2020,09:23:52,626.5,626.55,160,629.95,80,0,59120
BANKNIFTY09JAN2031200CE.NFO,07/01/2020,09:23:53,626.5,626.55,60,629.95,100,0,59120
BANKNIFTY09JAN2031200CE.NFO,07/01/2020,09:23:54,630,627.9,180,630,20,20,59120
BANKNIFTY09JAN2031200CE.NFO,07/01/2020,09:23:55,630,630.8,80,633.9,80,20,59120
BANKNIFTY09JAN2031200CE.NFO,07/01/2020,09:23:56,630,631.1,60,634.3,80,0,59120
BANKNIFTY09JAN2031200CE.NFO,07/01/2020,09:23:57,630,632.1,80,635,60,0,59120
BANKNIFTY09JAN2031200CE.NFO,07/01/2020,09:23:58,630,632.6,80,635,60,0,59120
BANKNIFTY09JAN2031200CE.NFO,07/01/2020,09:23:59,630,633.8,80,635,60,0,59120
BANKNIFTY09JAN2031200CE.NFO,07/01/2020,09:24:00,635,633.15,20,635,40,20,59120
BANKNIFTY09JAN2031200CE.NFO,07/01/2020,09:24:01,635.65,632.8,40,635.9,80,260,59120
BANKNIFTY09JAN2031200CE.NFO,07/01/2020,09:24:02,634.1,630.4,260,634.05,100,200,59120
BANKNIFTY09JAN2031200CE.NFO,07/01/2020,09:24:03,634.1,630.45,60,634.25,180,0,59120
BANKNIFTY09JAN2031200CE.NFO,07/01/2020,09:24:04,627.95,626.9,60,629.25,120,60,59120
BANKNIFTY09JAN2031200CE.NFO,07/01/2020,09:24:05,626.9,626.7,60,629.75,20,60,59120
BANKNIFTY09JAN2031200CE.NFO,07/01/2020,09:24:06,626.9,629.6,60,633.65,120,0,59120
BANKNIFTY09JAN2031200CE.NFO,07/01/2020,09:24:07,626.9,629.65,20,633.1,120,0,59120
BANKNIFTY09JAN2031200CE.NFO,07/01/2020,09:24:08,630.25,627.15,40,630.3,40,100,59120
BANKNIFTY09JAN2031200CE.NFO,07/01/2020,09:24:09,630.25,627.2,80,630.1,80,0,59120
BANKNIFTY09JAN2031200CE.NFO,07/01/2020,09:24:10,630.25,627.25,60,630.05,40,0,59120
BANKNIFTY09JAN2031200CE.NFO,07/01/2020,09:24:11,630.25,627.45,100,630.95,80,0,59120
BANKNIFTY09JAN2031200CE.NFO,07/01/2020,09:24:13,627.5,625.2,180,629.35,160,160,59120
BANKNIFTY09JAN2031200CE.NFO,07/01/2020,09:24:14,628.7,627.6,60,631.25,100,60,59120
BANKNIFTY09JAN2031200CE.NFO,07/01/2020,09:24:15,628.35,627.85,60,630,20,40,59120
BANKNIFTY09JAN2031200CE.NFO,07/01/2020,09:24:16,630,626.75,60,629.95,80,400,59120
BANKNIFTY09JAN2031200CE.NFO,07/01/2020,09:24:17,626.55,627,60,630,40,240,59120
BANKNIFTY09JAN2031200CE.NFO,07/01/2020,09:24:18,626.55,627.05,40,629.95,360,0,59120
BANKNIFTY09JAN2031200CE.NFO,07/01/2020,09:24:19,626.8,625.85,20,626.7,40,80,59120
BANKNIFTY09JAN2031200CE.NFO,07/01/2020,09:24:20,628.9,625.85,20,626.75,20,200,59120
BANKNIFTY09JAN2031200CE.NFO,07/01/2020,09:24:21,626.75,625.9,100,628.8,160,20,59120
BANKNIFTY09JAN2031200CE.NFO,07/01/2020,09:24:22,625.9,625.25,60,628.45,80,140,59120
BANKNIFTY09JAN2031200CE.NFO,07/01/2020,09:24:23,625.9,625.55,20,628.4,80,0,59120
BANKNIFTY09JAN2031200CE.NFO,07/01/2020,09:24:24,625.9,625.55,60,628.5,80,0,59120
BANKNIFTY09JAN2031200CE.NFO,07/01/2020,09:24:25,629.85,626.5,80,630,40,20,59120
BANKNIFTY09JAN2031200CE.NFO,07/01/2020,09:24:26,629.9,626.85,80,631.1,40,60,59120
BANKNIFTY09JAN2031200CE.NFO,07/01/2020,09:24:27,626.8,626.85,80,630.15,160,100,59120
BANKNIFTY09JAN2031200CE.NFO,07/01/2020,09:24:28,628.65,624.05,160,628.1,80,60,59120
BANKNIFTY09JAN2031200CE.NFO,07/01/2020,09:24:29,628.65,624.1,80,627.35,80,0,59120
BANKNIFTY09JAN2031200CE.NFO,07/01/2020,09:24:30,625.45,622.25,20,625.45,20,140,59120
BANKNIFTY09JAN2031200CE.NFO,07/01/2020,09:24:31,622.2,622.3,60,625.3,20,40,59120
BANKNIFTY09JAN2031200CE.NFO,07/01/2020,09:24:32,622.2,622.3,60,625.2,60,0,59120
BANKNIFTY09JAN2031200CE.NFO,07/01/2020,09:24:33,622.2,622.35,40,625.15,60,0,59120
BANKNIFTY09JAN2031200CE.NFO,07/01/2020,09:24:34,620.6,620,80,623.9,80,180,59120
BANKNIFTY09JAN2031200CE.NFO,07/01/2020,09:24:35,620.6,620.05,20,622.6,40,0,59120
BANKNIFTY09JAN2031200CE.NFO,07/01/2020,09:24:36,618.15,618.15,60,621.55,180,160,59120
BANKNIFTY09JAN2031200CE.NFO,07/01/2020,09:24:37,617.05,617.6,80,621,180,300,59120
BANKNIFTY09JAN2031200CE.NFO,07/01/2020,09:24:38,615.35,615.15,40,620.85,100,520,59120
BANKNIFTY09JAN2031200CE.NFO,07/01/2020,09:24:39,614.6,614.65,60,618.2,240,160,59120
BANKNIFTY09JAN2031200CE.NFO,07/01/2020,09:24:40,615.15,614.7,60,618.05,60,120,59120
BANKNIFTY09JAN2031200CE.NFO,07/01/2020,09:24:41,617.9,614.8,60,617.85,60,20,59120
BANKNIFTY09JAN2031200CE.NFO,07/01/2020,09:24:42,612.75,612.05,60,616.1,240,220,59120
BANKNIFTY09JAN2031200CE.NFO,07/01/2020,09:24:43,608.45,608.1,40,613.55,40,300,59120
BANKNIFTY09JAN2031200CE.NFO,07/01/2020,09:24:44,608.45,609.55,60,612.95,80,0,59120
BANKNIFTY09JAN2031200CE.NFO,07/01/2020,09:24:45,609.5,605.8,160,611.25,80,140,59120
BANKNIFTY09JAN2031200CE.NFO,07/01/2020,09:24:46,609.5,605.95,60,609.55,80,0,59120
BANKNIFTY09JAN2031200CE.NFO,07/01/2020,09:24:47,609.55,606,80,609.25,80,80,59120
BANKNIFTY09JAN2031200CE.NFO,07/01/2020,09:24:48,609.55,606.3,60,610,180,0,59120
BANKNIFTY09JAN2031200CE.NFO,07/01/2020,09:24:49,606,606.35,40,608.75,20,60,59120
BANKNIFTY09JAN2031200CE.NFO,07/01/2020,09:24:50,606,607.05,40,609.8,60,60,59120
BANKNIFTY09JAN2031200CE.NFO,07/01/2020,09:24:51,607.7,607.8,80,610.05,120,120,59120
BANKNIFTY09JAN2031200CE.NFO,07/01/2020,09:24:52,610.05,608.15,80,611.15,40,140,59120
BANKNIFTY09JAN2031200CE.NFO,07/01/2020,09:24:53,610.05,608.3,20,611.55,20,0,59120
BANKNIFTY09JAN2031200CE.NFO,07/01/2020,09:24:54,611.4,608.2,100,611.4,60,140,59120
BANKNIFTY09JAN2031200CE.NFO,07/01/2020,09:24:55,608.25,608,80,610.9,140,160,59120
BANKNIFTY09JAN2031200CE.NFO,07/01/2020,09:24:56,608,606.15,40,608.85,80,60,59120
BANKNIFTY09JAN2031200CE.NFO,07/01/2020,09:24:57,608.45,607.25,20,609,40,40,59120
BANKNIFTY09JAN2031200CE.NFO,07/01/2020,09:24:58,609,607.8,60,610.7,60,40,59120
BANKNIFTY09JAN2031200CE.NFO,07/01/2020,09:24:59,609,608,100,610.85,20,0,59120
BANKNIFTY09JAN2031200CE.NFO,07/01/2020,09:25:00,611,610.75,80,613.35,40,300,59120
BANKNIFTY09JAN2031200CE.NFO,07/01/2020,09:25:01,613.2,613.25,40,615.35,60,20,59120
BANKNIFTY09JAN2031200CE.NFO,07/01/2020,09:25:02,615.25,614.05,100,616.65,100,20,59120
BANKNIFTY09JAN2031200CE.NFO,07/01/2020,09:25:03,617.1,614.05,40,617.1,80,40,59120
BANKNIFTY09JAN2031200CE.NFO,07/01/2020,09:25:04,615.55,613.05,80,616.2,20,200,59120
BANKNIFTY09JAN2031200CE.NFO,07/01/2020,09:25:05,615.55,614.65,40,617.5,40,0,59120
BANKNIFTY09JAN2031200CE.NFO,07/01/2020,09:25:06,614.9,614.9,40,617.5,40,20,59120
BANKNIFTY09JAN2031200CE.NFO,07/01/2020,09:25:07,614.9,614.95,20,617.5,60,0,59120
BANKNIFTY09JAN2031200CE.NFO,07/01/2020,09:25:08,617.45,614.95,40,617.45,20,100,59120
BANKNIFTY09JAN2031200CE.NFO,07/01/2020,09:25:09,614.85,612.65,20,616.25,40,740,59120
BANKNIFTY09JAN2031200CE.NFO,07/01/2020,09:25:10,616.25,613.05,40,617.15,60,240,59120
BANKNIFTY09JAN2031200CE.NFO,07/01/2020,09:25:11,616.15,613.15,20,616.1,80,140,59120
BANKNIFTY09JAN2031200CE.NFO,07/01/2020,09:25:12,616.15,613.2,20,615,20,0,59120
BANKNIFTY09JAN2031200CE.NFO,07/01/2020,09:25:13,616.15,613.25,40,615,40,0,59120
BANKNIFTY09JAN2031200CE.NFO,07/01/2020,09:25:14,616.2,613.25,40,616.35,80,220,59120
BANKNIFTY09JAN2031200CE.NFO,07/01/2020,09:25:15,616.2,613.3,40,615.75,80,0,59120
BANKNIFTY09JAN2031200CE.NFO,07/01/2020,09:25:16,613.25,612.05,140,616.2,180,120,59120
BANKNIFTY09JAN2031200CE.NFO,07/01/2020,09:25:17,615,612.15,60,615.1,20,80,59120
BANKNIFTY09JAN2031200CE.NFO,07/01/2020,09:25:18,614.95,612.15,40,615,40,140,59120
BANKNIFTY09JAN2031200CE.NFO,07/01/2020,09:25:19,614.95,612.2,40,615,40,0,59120
BANKNIFTY09JAN2031200CE.NFO,07/01/2020,09:25:20,615.05,612.2,60,615,40,40,59120
BANKNIFTY09JAN2031200CE.NFO,07/01/2020,09:25:21,615.05,612.75,20,615.2,20,0,59120
BANKNIFTY09JAN2031200CE.NFO,07/01/2020,09:25:22,615.25,613.8,80,615,20,20,59120
BANKNIFTY09JAN2031200CE.NFO,07/01/2020,09:25:23,615,615.1,100,618.05,80,20,59120
BANKNIFTY09JAN2031200CE.NFO,07/01/2020,09:25:24,617.8,614.3,40,617.5,80,140,59120
BANKNIFTY09JAN2031200CE.NFO,07/01/2020,09:25:25,614.25,613.95,100,617.1,80,60,59120
BANKNIFTY09JAN2031200CE.NFO,07/01/2020,09:25:26,616.7,613.95,60,617.05,100,120,59120
BANKNIFTY09JAN2031200CE.NFO,07/01/2020,09:25:27,616.7,614,40,616.5,80,0,59120
BANKNIFTY09JAN2031200CE.NFO,07/01/2020,09:25:28,616.4,614,60,616.7,40,80,59120
BANKNIFTY09JAN2031200CE.NFO,07/01/2020,09:25:29,616.4,614.05,40,615,20,0,59120
BANKNIFTY09JAN2031200CE.NFO,07/01/2020,09:25:30,614.05,612.8,60,615,60,40,59120
BANKNIFTY09JAN2031200CE.NFO,07/01/2020,09:25:31,612.85,612.85,20,615.05,20,20,59120
BANKNIFTY09JAN2031200CE.NFO,07/01/2020,09:25:32,612.85,612.85,20,615,20,0,59120
BANKNIFTY09JAN2031200CE.NFO,07/01/2020,09:25:33,612.9,611.75,40,614.85,80,100,59120
BANKNIFTY09JAN2031200CE.NFO,07/01/2020,09:25:34,612.9,611.75,60,614.75,60,0,59120
BANKNIFTY09JAN2031200CE.NFO,07/01/2020,09:25:35,612.9,612.15,40,614.75,20,0,59120
BANKNIFTY09JAN2031200CE.NFO,07/01/2020,09:25:36,612.15,612.15,40,615,20,20,59120
BANKNIFTY09JAN2031200CE.NFO,07/01/2020,09:25:37,614.95,612.25,40,615,120,100,59120
BANKNIFTY09JAN2031200CE.NFO,07/01/2020,09:25:38,614.9,612.25,40,614.85,40,20,59120
BANKNIFTY09JAN2031200CE.NFO,07/01/2020,09:25:39,612.2,612.25,20,614.15,40,40,59120
BANKNIFTY09JAN2031200CE.NFO,07/01/2020,09:25:40,612.25,612.25,20,614.15,20,20,59120
BANKNIFTY09JAN2031200CE.NFO,07/01/2020,09:25:41,611.9,611.9,20,614.15,20,40,59120
BANKNIFTY09JAN2031200CE.NFO,07/01/2020,09:25:42,614.8,611.9,60,615,40,300,59120
BANKNIFTY09JAN2031200CE.NFO,07/01/2020,09:25:43,614.75,612,20,614.25,20,140,59120
BANKNIFTY09JAN2031200CE.NFO,07/01/2020,09:25:44,611.9,611.05,20,614.25,40,60,59120
BANKNIFTY09JAN2031200CE.NFO,07/01/2020,09:25:45,611.1,611.1,20,613.85,40,40,59120
BANKNIFTY09JAN2031200CE.NFO,07/01/2020,09:25:46,611.1,611.1,60,613.8,60,0,59120
BANKNIFTY09JAN2031200CE.NFO,07/01/2020,09:25:47,611.1,611.15,60,613.7,20,0,59120
BANKNIFTY09JAN2031200CE.NFO,07/01/2020,09:25:48,613.7,611.2,140,614.25,20,20,59120
BANKNIFTY09JAN2031200CE.NFO,07/01/2020,09:25:49,614.1,611.95,80,615.85,180,100,59120
BANKNIFTY09JAN2031200CE.NFO,07/01/2020,09:25:50,615.8,612,40,615.45,120,20,59120
BANKNIFTY09JAN2031200CE.NFO,07/01/2020,09:25:51,615.8,612.1,20,615.25,40,0,59120
BANKNIFTY09JAN2031200CE.NFO,07/01/2020,09:25:52,613.9,610.1,240,613.9,140,80,59120
BANKNIFTY09JAN2031200CE.NFO,07/01/2020,09:25:53,610.3,610.25,40,613.65,20,320,59120
BANKNIFTY09JAN2031200CE.NFO,07/01/2020,09:25:54,613.6,610.25,80,613.55,60,20,59120
BANKNIFTY09JAN2031200CE.NFO,07/01/2020,09:25:55,610.7,610.65,40,613.45,20,60,59120
BANKNIFTY09JAN2031200CE.NFO,07/01/2020,09:25:56,613.5,610.65,20,613.9,20,60,59120
BANKNIFTY09JAN2031200CE.NFO,07/01/2020,09:25:57,613.5,610.7,80,612.4,60,0,59120
BANKNIFTY09JAN2031200CE.NFO,07/01/2020,09:25:58,610.7,610.7,60,612.15,60,20,59120
BANKNIFTY09JAN2031200CE.NFO,07/01/2020,09:25:59,610,609.1,20,612.1,40,80,59120
BANKNIFTY09JAN2031200CE.NFO,07/01/2020,09:26:00,612.5,609.1,220,612.95,100,400,59120
BANKNIFTY09JAN2031200CE.NFO,07/01/2020,09:26:01,612.5,609.3,40,612.35,80,0,59120
BANKNIFTY09JAN2031200CE.NFO,07/01/2020,09:26:02,608.8,607.3,40,610,40,20,59120
BANKNIFTY09JAN2031200CE.NFO,07/01/2020,09:26:03,610,606.9,40,610.15,80,40,59120
BANKNIFTY09JAN2031200CE.NFO,07/01/2020,09:26:04,606.5,606.45,40,610.55,220,240,59120
BANKNIFTY09JAN2031200CE.NFO,07/01/2020,09:26:05,606.5,606.3,40,609.1,60,0,59120
BANKNIFTY09JAN2031200CE.NFO,07/01/2020,09:26:06,609.1,605.5,100,609,160,20,59120
BANKNIFTY09JAN2031200CE.NFO,07/01/2020,09:26:07,607,605.5,60,608.9,120,40,59120
BANKNIFTY09JAN2031200CE.NFO,07/01/2020,09:26:08,607,606.1,40,608.65,20,0,59120
BANKNIFTY09JAN2031200CE.NFO,07/01/2020,09:26:09,606.9,606.95,80,610.55,120,40,59120
BANKNIFTY09JAN2031200CE.NFO,07/01/2020,09:26:10,606.45,606.5,20,609.05,60,20,53120
BANKNIFTY09JAN2031200CE.NFO,07/01/2020,09:26:11,609.05,606.5,220,609.45,40,20,53120
BANKNIFTY09JAN2031200CE.NFO,07/01/2020,09:26:12,607.05,606.9,40,609.4,60,60,53120
BANKNIFTY09JAN2031200CE.NFO,07/01/2020,09:26:13,607.05,606.9,60,609.4,60,0,53120
BANKNIFTY09JAN2031200CE.NFO,07/01/2020,09:26:14,607.95,607,20,609.3,40,40,53120
BANKNIFTY09JAN2031200CE.NFO,07/01/2020,09:26:15,607.45,605.15,20,607.45,20,100,53120
BANKNIFTY09JAN2031200CE.NFO,07/01/2020,09:26:16,607.45,605.35,40,608.85,120,20,53120
BANKNIFTY09JAN2031200CE.NFO,07/01/2020,09:26:17,608.8,605,20,607.4,80,40,53120
BANKNIFTY09JAN2031200CE.NFO,07/01/2020,09:26:18,605.15,600.15,80,605.15,80,200,53120
BANKNIFTY09JAN2031200CE.NFO,07/01/2020,09:26:19,605.15,600,100,601.05,20,0,53120
BANKNIFTY09JAN2031200CE.NFO,07/01/2020,09:26:20,601.05,600.9,20,604.15,40,20,53120
BANKNIFTY09JAN2031200CE.NFO,07/01/2020,09:26:21,601.05,600.35,20,603.6,60,0,53120
BANKNIFTY09JAN2031200CE.NFO,07/01/2020,09:26:22,600,597.55,40,599.95,60,1440,53120
BANKNIFTY09JAN2031200CE.NFO,07/01/2020,09:26:23,598.75,596.7,20,599.9,40,60,53120
BANKNIFTY09JAN2031200CE.NFO,07/01/2020,09:26:24,598.3,596.55,60,599.6,40,100,53120
BANKNIFTY09JAN2031200CE.NFO,07/01/2020,09:26:25,598.3,597.55,100,599.95,20,0,53120
BANKNIFTY09JAN2031200CE.NFO,07/01/2020,09:26:26,599.95,597.95,40,599.95,20,20,53120
BANKNIFTY09JAN2031200CE.NFO,07/01/2020,09:26:27,600,598.85,140,602.4,220,60,53120
BANKNIFTY09JAN2031200CE.NFO,07/01/2020,09:26:28,603.1,600.55,40,603.65,60,20,53120
BANKNIFTY09JAN2031200CE.NFO,07/01/2020,09:26:29,601,601.35,100,604.65,60,40,53120
BANKNIFTY09JAN2031200CE.NFO,07/01/2020,09:26:30,601,603.5,100,607.35,40,0,53120
BANKNIFTY09JAN2031200CE.NFO,07/01/2020,09:26:31,608.65,605.85,100,609.3,20,20,53120
BANKNIFTY09JAN2031200CE.NFO,07/01/2020,09:26:32,605.85,606.05,80,609.25,80,20,53120
BANKNIFTY09JAN2031200CE.NFO,07/01/2020,09:26:33,605.85,606.05,80,609.25,80,0,53120
BANKNIFTY09JAN2031200CE.NFO,07/01/2020,09:26:34,609.2,606.15,80,609.2,20,240,53120
BANKNIFTY09JAN2031200CE.NFO,07/01/2020,09:26:35,609.2,603.9,80,607.15,40,0,53120
BANKNIFTY09JAN2031200CE.NFO,07/01/2020,09:26:36,609.2,603.75,40,607.05,100,0,53120
BANKNIFTY09JAN2031200CE.NFO,07/01/2020,09:26:37,609.2,602.55,80,606.25,100,0,53120
BANKNIFTY09JAN2031200CE.NFO,07/01/2020,09:26:38,609.2,601.6,40,604.25,80,0,53120
BANKNIFTY09JAN2031200CE.NFO,07/01/2020,09:26:39,604.3,601.75,200,605.2,100,100,53120
BANKNIFTY09JAN2031200CE.NFO,07/01/2020,09:26:40,601.3,599.1,60,602.8,180,100,53120
BANKNIFTY09JAN2031200CE.NFO,07/01/2020,09:26:41,600,595,40,599.1,60,200,53120
BANKNIFTY09JAN2031200CE.NFO,07/01/2020,09:26:42,595,594.9,20,598,20,60,53120
BANKNIFTY09JAN2031200CE.NFO,07/01/2020,09:26:43,595,595.45,20,598.65,40,0,53120
BANKNIFTY09JAN2031200CE.NFO,07/01/2020,09:26:44,595,598,60,601.7,40,0,53120
BANKNIFTY09JAN2031200CE.NFO,07/01/2020,09:26:45,595,598.85,60,601.95,80,0,53120
BANKNIFTY09JAN2031200CE.NFO,07/01/2020,09:26:46,595,599.55,60,602.75,100,0,53120
BANKNIFTY09JAN2031200CE.NFO,07/01/2020,09:26:47,595,599.75,60,602.85,40,0,53120
BANKNIFTY09JAN2031200CE.NFO,07/01/2020,09:26:48,599.45,598.4,40,602.25,80,260,53120
BANKNIFTY09JAN2031200CE.NFO,07/01/2020,09:26:49,599.45,598.05,40,601.35,100,0,53120
BANKNIFTY09JAN2031200CE.NFO,07/01/2020,09:26:50,598,597.3,40,600.5,40,20,53120
BANKNIFTY09JAN2031200CE.NFO,07/01/2020,09:26:51,598,596.8,40,599.65,80,0,53120
BANKNIFTY09JAN2031200CE.NFO,07/01/2020,09:26:52,596.8,595.85,40,599.15,40,40,53120
BANKNIFTY09JAN2031200CE.NFO,07/01/2020,09:26:53,596.8,594.45,140,598.5,220,0,53120
BANKNIFTY09JAN2031200CE.NFO,07/01/2020,09:26:54,596.8,594.55,20,597.85,40,0,53120
BANKNIFTY09JAN2031200CE.NFO,07/01/2020,09:26:55,596.8,595.4,40,598.3,40,0,53120
BANKNIFTY09JAN2031200CE.NFO,07/01/2020,09:26:56,596.8,595.65,60,598.9,60,0,53120
BANKNIFTY09JAN2031200CE.NFO,07/01/2020,09:26:57,596.8,596,20,599.9,80,0,53120
BANKNIFTY09JAN2031200CE.NFO,07/01/2020,09:26:58,596.8,596,160,599.7,140,0,53120
BANKNIFTY09JAN2031200CE.NFO,07/01/2020,09:26:59,599.55,596,160,599.4,40,20,53120
BANKNIFTY09JAN2031200CE.NFO,07/01/2020,09:27:00,599.55,596,40,598.65,20,0,53120
BANKNIFTY09JAN2031200CE.NFO,07/01/2020,09:27:01,595.7,594.55,40,597.9,120,80,53120
BANKNIFTY09JAN2031200CE.NFO,07/01/2020,09:27:02,595.7,594.6,40,597.6,40,0,53120
BANKNIFTY09JAN2031200CE.NFO,07/01/2020,09:27:03,596.8,593.85,40,596.75,60,20,53120
BANKNIFTY09JAN2031200CE.NFO,07/01/2020,09:27:04,596.8,593.9,60,597.25,60,0,53120
BANKNIFTY09JAN2031200CE.NFO,07/01/2020,09:27:05,596.8,591.95,100,595.85,80,0,53120
BANKNIFTY09JAN2031200CE.NFO,07/01/2020,09:27:06,596.8,593.95,40,596,20,0,53120
BANKNIFTY09JAN2031200CE.NFO,07/01/2020,09:27:07,596.8,594.05,40,596,20,0,53120
BANKNIFTY09JAN2031200CE.NFO,07/01/2020,09:27:08,596,594.4,40,597.45,40,20,53120
BANKNIFTY09JAN2031200CE.NFO,07/01/2020,09:27:09,596,596.35,120,599.3,40,0,53120
BANKNIFTY09JAN2031200CE.NFO,07/01/2020,09:27:10,596,598.25,40,600,20,0,53120
BANKNIFTY09JAN2031200CE.NFO,07/01/2020,09:27:11,596,598.75,60,600,20,0,53120
BANKNIFTY09JAN2031200CE.NFO,07/01/2020,09:27:12,599.25,598.85,40,601.6,60,40,53120
BANKNIFTY09JAN2031200CE.NFO,07/01/2020,09:27:13,598.4,600.05,80,601.6,20,180,53120
BANKNIFTY09JAN2031200CE.NFO,07/01/2020,09:27:14,601.6,600.85,80,604.25,180,20,53120
BANKNIFTY09JAN2031200CE.NFO,07/01/2020,09:27:15,601.4,601.8,180,605.15,40,20,53120
BANKNIFTY09JAN2031200CE.NFO,07/01/2020,09:27:16,601.4,602.65,40,605.15,40,0,53120
BANKNIFTY09JAN2031200CE.NFO,07/01/2020,09:27:17,602.7,602.65,20,605.15,40,20,53120
BANKNIFTY09JAN2031200CE.NFO,07/01/2020,09:27:18,601.85,601.9,60,605.1,140,40,53120
BANKNIFTY09JAN2031200CE.NFO,07/01/2020,09:27:19,601.4,601,40,604.3,60,180,53120
BANKNIFTY09JAN2031200CE.NFO,07/01/2020,09:27:20,600.6,600.05,120,603.45,40,80,53120
BANKNIFTY09JAN2031200CE.NFO,07/01/2020,09:27:21,600.6,600.15,60,603.45,40,0,53120
BANKNIFTY09JAN2031200CE.NFO,07/01/2020,09:27:22,602,602.15,60,605.1,20,20,53120
BANKNIFTY09JAN2031200CE.NFO,07/01/2020,09:27:23,602,602.65,100,606.2,80,80,53120
BANKNIFTY09JAN2031200CE.NFO,07/01/2020,09:27:24,602,603.65,40,606.95,20,0,53120
BANKNIFTY09JAN2031200CE.NFO,07/01/2020,09:27:25,602,604.15,20,608.85,120,0,53120
BANKNIFTY09JAN2031200CE.NFO,07/01/2020,09:27:26,604.15,604.25,40,607.9,140,20,53120
BANKNIFTY09JAN2031200CE.NFO,07/01/2020,09:27:27,605,604.4,60,608.05,240,180,53120
BANKNIFTY09JAN2031200CE.NFO,07/01/2020,09:27:28,604.4,604.5,20,607.65,80,20,53120
BANKNIFTY09JAN2031200CE.NFO,07/01/2020,09:27:29,604.4,604.35,40,607.45,80,0,53120
BANKNIFTY09JAN2031200CE.NFO,07/01/2020,09:27:30,602.65,602.6,40,605.35,20,140,53120
BANKNIFTY09JAN2031200CE.NFO,07/01/2020,09:27:31,602.65,602.6,40,605.35,20,0,53120
BANKNIFTY09JAN2031200CE.NFO,07/01/2020,09:27:32,602.65,601.9,60,605.35,40,0,53120
BANKNIFTY09JAN2031200CE.NFO,07/01/2020,09:27:33,602.65,602.2,20,605.25,120,0,53120
BANKNIFTY09JAN2031200CE.NFO,07/01/2020,09:27:34,602.65,602.7,40,605.35,40,0,53120
BANKNIFTY09JAN2031200CE.NFO,07/01/2020,09:27:35,602.65,602,40,605.3,80,0,53120
BANKNIFTY09JAN2031200CE.NFO,07/01/2020,09:27:36,605.3,602.45,80,605.3,20,100,53120
BANKNIFTY09JAN2031200CE.NFO,07/01/2020,09:27:37,605.3,604.3,60,607.75,100,20,53120
BANKNIFTY09JAN2031200CE.NFO,07/01/2020,09:27:38,605.3,606.35,200,608.2,180,0,53120
BANKNIFTY09JAN2031200CE.NFO,07/01/2020,09:27:39,606.9,604.9,20,609.05,120,200,53120
BANKNIFTY09JAN2031200CE.NFO,07/01/2020,09:27:40,606.05,606.1,160,609.1,40,20,53120
BANKNIFTY09JAN2031200CE.NFO,07/01/2020,09:27:41,606.05,608.35,160,610,60,0,53120
BANKNIFTY09JAN2031200CE.NFO,07/01/2020,09:27:42,606.05,608.85,100,610,60,0,53120
BANKNIFTY09JAN2031200CE.NFO,07/01/2020,09:27:43,608.95,607.3,60,610,100,100,53120
BANKNIFTY09JAN2031200CE.NFO,07/01/2020,09:27:44,610,606.6,40,610,80,20,53120
BANKNIFTY09JAN2031200CE.NFO,07/01/2020,09:27:45,610,606.8,60,610,80,0,53120
BANKNIFTY09JAN2031200CE.NFO,07/01/2020,09:27:46,610,605.55,60,609.9,480,0,53120
BANKNIFTY09JAN2031200CE.NFO,07/01/2020,09:27:47,610,605.55,80,609.55,200,0,53120
BANKNIFTY09JAN2031200CE.NFO,07/01/2020,09:27:48,610,605.6,40,609.55,100,0,53120
BANKNIFTY09JAN2031200CE.NFO,07/01/2020,09:27:49,605.6,605.5,20,609.55,40,60,53120
BANKNIFTY09JAN2031200CE.NFO,07/01/2020,09:27:50,607.15,605.05,60,608.55,40,120,53120
BANKNIFTY09JAN2031200CE.NFO,07/01/2020,09:27:51,607.15,606.95,60,609.7,40,0,53120
BANKNIFTY09JAN2031200CE.NFO,07/01/2020,09:27:52,611.6,607.4,60,611.9,80,200,53120
BANKNIFTY09JAN2031200CE.NFO,07/01/2020,09:27:53,611.6,607.55,160,611.9,140,0,53120
BANKNIFTY09JAN2031200CE.NFO,07/01/2020,09:27:54,611.6,607.7,200,611.85,200,0,53120
BANKNIFTY09JAN2031200CE.NFO,07/01/2020,09:27:55,611.6,607.75,60,611.85,100,0,53120
BANKNIFTY09JAN2031200CE.NFO,07/01/2020,09:27:56,610,607.9,100,611.3,120,20,53120
BANKNIFTY09JAN2031200CE.NFO,07/01/2020,09:27:57,610,608,220,611.8,140,0,53120
BANKNIFTY09JAN2031200CE.NFO,07/01/2020,09:27:58,608.1,607.3,40,610,40,60,53120
BANKNIFTY09JAN2031200CE.NFO,07/01/2020,09:27:59,608.1,606.3,40,609.8,100,0,53120
BANKNIFTY09JAN2031200CE.NFO,07/01/2020,09:28:00,608.1,605.35,80,609.2,40,0,53120
BANKNIFTY09JAN2031200CE.NFO,07/01/2020,09:28:01,604.05,600.7,100,605.3,60,60,53120
BANKNIFTY09JAN2031200CE.NFO,07/01/2020,09:28:02,604.95,601.35,60,605.4,40,160,53120
BANKNIFTY09JAN2031200CE.NFO,07/01/2020,09:28:03,604.95,605.2,20,608.05,20,0,53120
BANKNIFTY09JAN2031200CE.NFO,07/01/2020,09:28:04,604.95,605.55,20,608.65,20,0,53120
BANKNIFTY09JAN2031200CE.NFO,07/01/2020,09:28:05,608.65,606.55,60,609.65,40,20,53120
BANKNIFTY09JAN2031200CE.NFO,07/01/2020,09:28:06,608.65,606.55,60,609.65,40,0,53120
BANKNIFTY09JAN2031200CE.NFO,07/01/2020,09:28:07,605.55,605.15,60,608.6,120,40,53120
BANKNIFTY09JAN2031200CE.NFO,07/01/2020,09:28:08,605.55,606.45,80,610,20,0,53120
BANKNIFTY09JAN2031200CE.NFO,07/01/2020,09:28:09,605.55,606.85,60,610,60,0,53120
BANKNIFTY09JAN2031200CE.NFO,07/01/2020,09:28:10,605.55,605.8,100,609.85,140,0,53120
BANKNIFTY09JAN2031200CE.NFO,07/01/2020,09:28:11,601.5,600.75,40,603.85,40,200,53120
BANKNIFTY09JAN2031200CE.NFO,07/01/2020,09:28:12,601.5,600.75,80,604.4,160,0,53120
BANKNIFTY09JAN2031200CE.NFO,07/01/2020,09:28:13,601.5,602.7,100,606.1,40,0,53120
BANKNIFTY09JAN2031200CE.NFO,07/01/2020,09:28:14,601.5,602.85,180,606.85,40,0,53120
BANKNIFTY09JAN2031200CE.NFO,07/01/2020,09:28:15,601.5,602.35,180,606.35,180,0,53120
BANKNIFTY09JAN2031200CE.NFO,07/01/2020,09:28:16,601.5,602.35,140,605.95,40,0,53120
BANKNIFTY09JAN2031200CE.NFO,07/01/2020,09:28:17,601.5,601.05,60,603.25,40,0,53120
BANKNIFTY09JAN2031200CE.NFO,07/01/2020,09:28:18,601.95,601.95,20,603.4,80,60,53120
BANKNIFTY09JAN2031200CE.NFO,07/01/2020,09:28:19,600,600.7,120,602.45,40,120,53120
BANKNIFTY09JAN2031200CE.NFO,07/01/2020,09:28:20,600.75,598.8,100,601.3,20,40,53120
BANKNIFTY09JAN2031200CE.NFO,07/01/2020,09:28:21,600.75,598.5,140,600.4,40,0,53120
BANKNIFTY09JAN2031200CE.NFO,07/01/2020,09:28:22,598,597.9,160,599.9,40,20,53120
BANKNIFTY09JAN2031200CE.NFO,07/01/2020,09:28:23,598,598,160,599.75,80,0,53120
BANKNIFTY09JAN2031200CE.NFO,07/01/2020,09:28:24,598,598.05,20,599.7,80,0,53120
BANKNIFTY09JAN2031200CE.NFO,07/01/2020,09:28:25,598,598.05,20,600.4,40,0,53120
BANKNIFTY09JAN2031200CE.NFO,07/01/2020,09:28:26,598.7,597.45,80,599.05,40,180,53120
BANKNIFTY09JAN2031200CE.NFO,07/01/2020,09:28:27,597.4,596.15,40,598.6,20,100,53120
BANKNIFTY09JAN2031200CE.NFO,07/01/2020,09:28:28,597.4,597.25,40,598.5,80,0,53120
BANKNIFTY09JAN2031200CE.NFO,07/01/2020,09:28:29,598.4,597.4,160,600,40,80,53120
BANKNIFTY09JAN2031200CE.NFO,07/01/2020,09:28:30,597.5,598.6,60,600,20,40,53120
BANKNIFTY09JAN2031200CE.NFO,07/01/2020,09:28:31,598.6,596.15,180,599.85,40,60,53120
BANKNIFTY09JAN2031200CE.NFO,07/01/2020,09:28:32,600,597.05,100,600,20,420,53120
BANKNIFTY09JAN2031200CE.NFO,07/01/2020,09:28:33,600,598.7,80,602.1,40,0,53120
BANKNIFTY09JAN2031200CE.NFO,07/01/2020,09:28:34,598.3,597.9,40,601.1,40,120,53120
BANKNIFTY09JAN2031200CE.NFO,07/01/2020,09:28:35,597.85,597,40,600.3,40,40,53120
BANKNIFTY09JAN2031200CE.NFO,07/01/2020,09:28:36,596.2,596.4,40,599.7,80,20,53120
BANKNIFTY09JAN2031200CE.NFO,07/01/2020,09:28:37,599.2,596.25,20,599.45,60,20,53120
BANKNIFTY09JAN2031200CE.NFO,07/01/2020,09:28:38,599.2,596.25,40,599.25,60,0,53120
BANKNIFTY09JAN2031200CE.NFO,07/01/2020,09:28:39,599.2,596.25,40,599.25,80,0,53120
BANKNIFTY09JAN2031200CE.NFO,07/01/2020,09:28:40,598.8,597.2,60,599.75,20,40,53120
BANKNIFTY09JAN2031200CE.NFO,07/01/2020,09:28:41,598.8,597.35,40,600.2,40,0,53120
BANKNIFTY09JAN2031200CE.NFO,07/01/2020,09:28:42,598.8,597.4,20,600.2,40,0,53120
BANKNIFTY09JAN2031200CE.NFO,07/01/2020,09:28:43,597.4,596.55,100,599.75,80,20,53120
BANKNIFTY09JAN2031200CE.NFO,07/01/2020,09:28:44,597.4,596.9,40,599.6,40,0,53120
BANKNIFTY09JAN2031200CE.NFO,07/01/2020,09:28:45,597.4,597.35,80,600.05,80,0,53120
BANKNIFTY09JAN2031200CE.NFO,07/01/2020,09:28:46,597.35,597.45,80,600.35,40,20,53120
BANKNIFTY09JAN2031200CE.NFO,07/01/2020,09:28:47,599.6,598.7,40,601.55,80,60,53120
BANKNIFTY09JAN2031200CE.NFO,07/01/2020,09:28:48,599.6,598.9,60,602.2,100,0,53120
BANKNIFTY09JAN2031200CE.NFO,07/01/2020,09:28:49,599.6,599.2,60,602.85,60,0,53120
BANKNIFTY09JAN2031200CE.NFO,07/01/2020,09:28:50,602.65,600.6,20,602.55,20,60,53120
BANKNIFTY09JAN2031200CE.NFO,07/01/2020,09:28:51,602.65,601.25,40,604.45,80,0,53120
BANKNIFTY09JAN2031200CE.NFO,07/01/2020,09:28:52,602.65,601.5,60,604.45,80,0,53120
BANKNIFTY09JAN2031200CE.NFO,07/01/2020,09:28:53,602.65,601.5,40,604.45,80,0,53120
BANKNIFTY09JAN2031200CE.NFO,07/01/2020,09:28:54,602.65,602.4,60,605.2,80,0,53120
BANKNIFTY09JAN2031200CE.NFO,07/01/2020,09:28:55,602.65,602.4,60,605.15,20,0,53120
BANKNIFTY09JAN2031200CE.NFO,07/01/2020,09:28:56,601.9,600.6,180,604.1,60,20,53120
BANKNIFTY09JAN2031200CE.NFO,07/01/2020,09:28:57,599.8,599.7,40,602.65,80,40,53120
BANKNIFTY09JAN2031200CE.NFO,07/01/2020,09:28:58,599.8,599.3,40,601.45,20,0,53120
BANKNIFTY09JAN2031200CE.NFO,07/01/2020,09:28:59,599.8,599,40,601.45,60,0,53120
BANKNIFTY09JAN2031200CE.NFO,07/01/2020,09:29:00,602.8,599.55,40,602.65,80,200,53120
BANKNIFTY09JAN2031200CE.NFO,07/01/2020,09:29:01,600,600,500,602.65,40,20,53120
BANKNIFTY09JAN2031200CE.NFO,07/01/2020,09:29:02,600,600.55,20,602.9,100,0,53120
BANKNIFTY09JAN2031200CE.NFO,07/01/2020,09:29:03,600,601.55,60,604.9,100,0,53120
BANKNIFTY09JAN2031200CE.NFO,07/01/2020,09:29:04,600,603.45,160,606.8,160,0,53120
BANKNIFTY09JAN2031200CE.NFO,07/01/2020,09:29:05,600,604.05,200,608.2,160,0,53120
BANKNIFTY09JAN2031200CE.NFO,07/01/2020,09:29:06,607,606.65,100,608.8,80,40,53120
BANKNIFTY09JAN2031200CE.NFO,07/01/2020,09:29:07,607,606.7,40,608.95,40,0,53120
BANKNIFTY09JAN2031200CE.NFO,07/01/2020,09:29:08,606.8,607.4,20,609.6,80,60,53120
BANKNIFTY09JAN2031200CE.NFO,07/01/2020,09:29:09,606.8,606.75,60,609.9,80,0,53120
BANKNIFTY09JAN2031200CE.NFO,07/01/2020,09:29:10,606.8,606.75,60,609.95,40,0,53120
BANKNIFTY09JAN2031200CE.NFO,07/01/2020,09:29:11,606.9,607.7,20,609.95,40,60,53120
BANKNIFTY09JAN2031200CE.NFO,07/01/2020,09:29:12,609.85,606.95,60,609.85,40,60,51460
BANKNIFTY09JAN2031200CE.NFO,07/01/2020,09:29:13,607.05,605.65,160,609.25,40,20,51460
BANKNIFTY09JAN2031200CE.NFO,07/01/2020,09:29:14,607.05,604.75,40,608,40,0,51460
BANKNIFTY09JAN2031200CE.NFO,07/01/2020,09:29:15,607.05,604.4,40,606.95,80,0,51460
BANKNIFTY09JAN2031200CE.NFO,07/01/2020,09:29:16,606.95,605.6,60,607.35,40,80,51460
BANKNIFTY09JAN2031200CE.NFO,07/01/2020,09:29:17,606.95,605.8,20,607.35,40,0,51460
BANKNIFTY09JAN2031200CE.NFO,07/01/2020,09:29:18,606.7,605.95,60,609.15,80,120,51460
BANKNIFTY09JAN2031200CE.NFO,07/01/2020,09:29:19,606.7,605.9,40,609.1,80,0,51460
BANKNIFTY09JAN2031200CE.NFO,07/01/2020,09:29:20,606.7,605.5,180,609.1,180,0,51460
BANKNIFTY09JAN2031200CE.NFO,07/01/2020,09:29:21,606.7,605.3,80,609.05,120,0,51460
BANKNIFTY09JAN2031200CE.NFO,07/01/2020,09:29:22,606.7,605.3,180,609.1,120,0,51460
BANKNIFTY09JAN2031200CE.NFO,07/01/2020,09:29:23,606.7,605.4,80,609.05,160,0,51460
BANKNIFTY09JAN2031200CE.NFO,07/01/2020,09:29:24,606.7,605.75,20,608.85,60,0,51460
BANKNIFTY09JAN2031200CE.NFO,07/01/2020,09:29:25,606.7,605.45,40,608.6,40,0,51460
BANKNIFTY09JAN2031200CE.NFO,07/01/2020,09:29:26,606.7,604.95,60,608.5,40,0,51460
BANKNIFTY09JAN2031200CE.NFO,07/01/2020,09:29:27,606.7,604.9,80,608.5,240,0,51460
BANKNIFTY09JAN2031200CE.NFO,07/01/2020,09:29:28,604.55,604.2,40,607.3,40,40,51460
BANKNIFTY09JAN2031200CE.NFO,07/01/2020,09:29:29,604.55,602.4,60,605.4,60,0,51460
BANKNIFTY09JAN2031200CE.NFO,07/01/2020,09:29:30,604.55,603.75,100,606.5,40,0,51460
BANKNIFTY09JAN2031200CE.NFO,07/01/2020,09:29:31,604.55,603.8,40,606.5,40,0,51460
BANKNIFTY09JAN2031200CE.NFO,07/01/2020,09:29:32,604.55,603.15,100,606.45,200,0,51460
BANKNIFTY09JAN2031200CE.NFO,07/01/2020,09:29:33,603.15,602.65,60,605.95,160,20,51460
BANKNIFTY09JAN2031200CE.NFO,07/01/2020,09:29:34,603.15,603,40,605.65,80,0,51460
BANKNIFTY09JAN2031200CE.NFO,07/01/2020,09:29:35,603.15,603,60,605.8,80,0,51460
BANKNIFTY09JAN2031200CE.NFO,07/01/2020,09:29:36,603.15,601.8,100,605.8,100,0,51460
BANKNIFTY09JAN2031200CE.NFO,07/01/2020,09:29:37,605.8,602.6,60,605.4,40,20,51460
BANKNIFTY09JAN2031200CE.NFO,07/01/2020,09:29:38,605.8,602.15,20,604.85,80,0,51460
BANKNIFTY09JAN2031200CE.NFO,07/01/2020,09:29:39,605.8,602.25,40,605.15,40,0,51460
BANKNIFTY09JAN2031200CE.NFO,07/01/2020,09:29:40,605.8,602.3,60,605.25,80,0,51460
BANKNIFTY09JAN2031200CE.NFO,07/01/2020,09:29:41,602.3,602.25,60,604.75,120,20,51460
BANKNIFTY09JAN2031200CE.NFO,07/01/2020,09:29:42,602.3,601.7,40,604.8,100,0,51460
BANKNIFTY09JAN2031200CE.NFO,07/01/2020,09:29:43,600.65,600.25,20,603.2,60,60,51460
BANKNIFTY09JAN2031200CE.NFO,07/01/2020,09:29:44,600.65,600.15,80,603,40,0,51460
BANKNIFTY09JAN2031200CE.NFO,07/01/2020,09:29:45,600.65,600.15,60,602.8,80,0,51460
BANKNIFTY09JAN2031200CE.NFO,07/01/2020,09:29:46,600.65,600.55,40,603.15,40,0,51460
BANKNIFTY09JAN2031200CE.NFO,07/01/2020,09:29:47,603.1,603.9,60,605.7,60,20,51460
BANKNIFTY09JAN2031200CE.NFO,07/01/2020,09:29:48,604.35,604.3,20,606.85,60,60,51460
BANKNIFTY09JAN2031200CE.NFO,07/01/2020,09:29:49,604.35,603.8,60,606.55,80,0,51460
BANKNIFTY09JAN2031200CE.NFO,07/01/2020,09:29:50,604.35,603.1,180,606.65,80,0,51460
BANKNIFTY09JAN2031200CE.NFO,07/01/2020,09:29:51,604.35,602.75,160,606.3,160,0,51460
BANKNIFTY09JAN2031200CE.NFO,07/01/2020,09:29:52,604.35,603.2,80,606.2,80,0,51460
BANKNIFTY09JAN2031200CE.NFO,07/01/2020,09:29:53,604.35,603.2,60,606.2,80,0,51460
BANKNIFTY09JAN2031200CE.NFO,07/01/2020,09:29:54,604.35,603.3,80,606.2,100,0,51460
BANKNIFTY09JAN2031200CE.NFO,07/01/2020,09:29:55,603.3,603.4,80,605.95,80,40,51460
BANKNIFTY09JAN2031200CE.NFO,07/01/2020,09:29:56,603.3,604.2,80,606.6,40,0,51460
BANKNIFTY09JAN2031200CE.NFO,07/01/2020,09:29:57,603.3,604.5,20,606.55,20,0,51460
BANKNIFTY09JAN2031200CE.NFO,07/01/2020,09:29:58,603.3,605.65,60,608.3,80,0,51460
BANKNIFTY09JAN2031200CE.NFO,07/01/2020,09:29:59,606.25,605.65,60,608.65,120,20,51460
BANKNIFTY09JAN2031200CE.NFO,07/01/2020,09:30:00,606.25,605.8,60,608.7,20,0,51460
BANKNIFTY09JAN2031200CE.NFO,07/01/2020,09:30:01,607.85,607.5,60,609.75,60,20,51460
BANKNIFTY09JAN2031200CE.NFO,07/01/2020,09:30:02,611,609.95,20,612.9,20,300,51460
BANKNIFTY09JAN2031200CE.NFO,07/01/2020,09:30:03,610.75,609.55,160,613.05,100,100,51460
BANKNIFTY09JAN2031200CE.NFO,07/01/2020,09:30:04,610.75,607.95,120,610.95,80,0,51460
BANKNIFTY09JAN2031200CE.NFO,07/01/2020,09:30:05,610,610,20,611.4,40,20,51460
BANKNIFTY09JAN2031200CE.NFO,07/01/2020,09:30:06,610,609.9,120,612.9,120,20,51460
BANKNIFTY09JAN2031200CE.NFO,07/01/2020,09:30:07,610,609.55,20,612.9,200,0,51460
BANKNIFTY09JAN2031200CE.NFO,07/01/2020,09:30:08,610,609.55,60,612.35,80,0,51460
BANKNIFTY09JAN2031200CE.NFO,07/01/2020,09:30:09,610.75,610.8,120,613.45,80,20,51460
BANKNIFTY09JAN2031200CE.NFO,07/01/2020,09:30:10,610.75,611.35,80,613.7,80,0,51460
BANKNIFTY09JAN2031200CE.NFO,07/01/2020,09:30:11,610.75,612.3,80,615,60,0,51460
BANKNIFTY09JAN2031200CE.NFO,07/01/2020,09:30:12,610.75,612.8,60,615,60,0,51460
BANKNIFTY09JAN2031200CE.NFO,07/01/2020,09:30:13,615,613.5,60,615,40,20,51460
BANKNIFTY09JAN2031200CE.NFO,07/01/2020,09:30:14,615,613,40,615,40,0,51460
BANKNIFTY09JAN2031200CE.NFO,07/01/2020,09:30:15,615,612.6,60,615,40,0,51460
BANKNIFTY09JAN2031200CE.NFO,07/01/2020,09:30:16,615,613.6,80,616.65,20,40,51460
BANKNIFTY09JAN2031200CE.NFO,07/01/2020,09:30:17,618,615.25,80,617.9,80,20,51460
BANKNIFTY09JAN2031200CE.NFO,07/01/2020,09:30:18,617.95,615.25,60,617.95,20,60,51460
BANKNIFTY09JAN2031200CE.NFO,07/01/2020,09:30:19,617.95,614.4,60,617.9,160,0,51460
BANKNIFTY09JAN2031200CE.NFO,07/01/2020,09:30:20,617.95,616.65,20,619.05,100,0,51460
BANKNIFTY09JAN2031200CE.NFO,07/01/2020,09:30:22,617.95,616.65,80,619.9,260,0,51460
BANKNIFTY09JAN2031200CE.NFO,07/01/2020,09:30:23,617.95,616.95,60,619.9,80,0,51460
BANKNIFTY09JAN2031200CE.NFO,07/01/2020,09:30:25,619.9,617.6,60,620,40,20,51460
BANKNIFTY09JAN2031200CE.NFO,07/01/2020,09:30:26,619.9,617.6,60,620,40,0,51460
BANKNIFTY09JAN2031200CE.NFO,07/01/2020,09:30:27,620,619.15,20,621.95,20,40,51460
BANKNIFTY09JAN2031200CE.NFO,07/01/2020,09:30:28,619.15,620,80,622,40,20,51460
BANKNIFTY09JAN2031200CE.NFO,07/01/2020,09:30:29,619.15,619.9,40,622,40,0,51460
BANKNIFTY09JAN2031200CE.NFO,07/01/2020,09:30:30,622,620.25,60,623.55,80,40,51460
BANKNIFTY09JAN2031200CE.NFO,07/01/2020,09:30:31,622,620.25,60,623,80,0,51460
BANKNIFTY09JAN2031200CE.NFO,07/01/2020,09:30:32,622,621.15,100,625.2,280,0,51460
BANKNIFTY09JAN2031200CE.NFO,07/01/2020,09:30:33,621.3,621.3,40,623.95,80,20,51460
BANKNIFTY09JAN2031200CE.NFO,07/01/2020,09:30:34,621.3,620.25,60,623.65,80,0,51460
BANKNIFTY09JAN2031200CE.NFO,07/01/2020,09:30:35,621.3,620,80,623.85,40,0,51460
BANKNIFTY09JAN2031200CE.NFO,07/01/2020,09:30:36,623.8,620.3,80,623.25,80,20,51460
BANKNIFTY09JAN2031200CE.NFO,07/01/2020,09:30:37,623.8,620.35,40,623.35,80,0,51460
BANKNIFTY09JAN2031200CE.NFO,07/01/2020,09:30:38,623.8,619.9,40,622.7,140,0,51460
BANKNIFTY09JAN2031200CE.NFO,07/01/2020,09:30:39,622.35,620.8,140,622.8,60,20,51460
BANKNIFTY09JAN2031200CE.NFO,07/01/2020,09:30:40,622.35,621.15,160,622,60,0,51460
BANKNIFTY09JAN2031200CE.NFO,07/01/2020,09:30:41,622,621.15,120,622,20,60,51460
BANKNIFTY09JAN2031200CE.NFO,07/01/2020,09:30:42,623.35,620.65,20,623.45,80,120,51460
BANKNIFTY09JAN2031200CE.NFO,07/01/2020,09:30:43,623.35,620.55,20,623.8,160,0,51460
BANKNIFTY09JAN2031200CE.NFO,07/01/2020,09:30:44,623.4,621.5,20,623.35,80,60,51460
BANKNIFTY09JAN2031200CE.NFO,07/01/2020,09:30:45,623.4,621.6,80,624,80,0,51460
BANKNIFTY09JAN2031200CE.NFO,07/01/2020,09:30:46,624.1,620.05,60,623.25,100,60,51460
BANKNIFTY09JAN2031200CE.NFO,07/01/2020,09:30:47,624.1,619.95,40,622.3,60,0,51460
BANKNIFTY09JAN2031200CE.NFO,07/01/2020,09:30:48,624.1,620.15,20,623.2,100,0,51460
BANKNIFTY09JAN2031200CE.NFO,07/01/2020,09:30:50,624.1,621.45,80,624.05,120,0,51460
BANKNIFTY09JAN2031200CE.NFO,07/01/2020,09:30:51,624.1,621.45,80,624,40,0,51460
BANKNIFTY09JAN2031200CE.NFO,07/01/2020,09:30:52,624.1,621.5,60,624.1,40,60,51460
BANKNIFTY09JAN2031200CE.NFO,07/01/2020,09:30:53,624.1,621.5,60,623.65,20,0,51460
BANKNIFTY09JAN2031200CE.NFO,07/01/2020,09:30:54,624.1,620.3,20,622.85,20,0,51460
BANKNIFTY09JAN2031200CE.NFO,07/01/2020,09:30:55,624.1,619.9,60,622.85,60,0,51460
BANKNIFTY09JAN2031200CE.NFO,07/01/2020,09:30:56,624.1,619.9,40,622.3,40,0,51460
BANKNIFTY09JAN2031200CE.NFO,07/01/2020,09:30:58,624.1,619.9,40,622.25,80,0,51460
BANKNIFTY09JAN2031200CE.NFO,07/01/2020,09:30:59,622.3,619.95,60,622.25,40,20,51460
BANKNIFTY09JAN2031200CE.NFO,07/01/2020,09:31:00,622.3,621.45,20,624,120,0,51460
BANKNIFTY09JAN2031200CE.NFO,07/01/2020,09:31:01,625,622.7,40,625.25,20,20,51460
BANKNIFTY09JAN2031200CE.NFO,07/01/2020,09:31:02,624.55,622.3,40,624.55,40,60,51460
BANKNIFTY09JAN2031200CE.NFO,07/01/2020,09:31:03,624.55,622.75,200,626.85,340,0,51460
BANKNIFTY09JAN2031200CE.NFO,07/01/2020,09:31:04,624.55,623.25,20,626.7,240,0,51460
BANKNIFTY09JAN2031200CE.NFO,07/01/2020,09:31:05,624.55,623.35,80,626.65,60,0,51460
BANKNIFTY09JAN2031200CE.NFO,07/01/2020,09:31:06,624.55,622.75,40,625,20,0,51460
BANKNIFTY09JAN2031200CE.NFO,07/01/2020,09:31:07,624.55,622.35,60,625,40,0,51460
BANKNIFTY09JAN2031200CE.NFO,07/01/2020,09:31:08,624.55,622.4,80,625,40,0,51460
BANKNIFTY09JAN2031200CE.NFO,07/01/2020,09:31:09,625,623.8,60,626.25,80,20,51460
BANKNIFTY09JAN2031200CE.NFO,07/01/2020,09:31:10,625,622.5,40,625.7,40,0,51460
BANKNIFTY09JAN2031200CE.NFO,07/01/2020,09:31:11,625.1,622.2,60,625.35,40,20,51460
BANKNIFTY09JAN2031200CE.NFO,07/01/2020,09:31:12,625.1,622.9,40,625.35,20,0,51460
BANKNIFTY09JAN2031200CE.NFO,07/01/2020,09:31:13,625.1,623.05,60,625.7,20,0,51460
BANKNIFTY09JAN2031200CE.NFO,07/01/2020,09:31:14,625.4,625.45,60,628.1,80,20,51460
BANKNIFTY09JAN2031200CE.NFO,07/01/2020,09:31:15,626.6,625.7,20,628.05,160,140,51460
BANKNIFTY09JAN2031200CE.NFO,07/01/2020,09:31:16,626.6,625.15,60,628.1,80,0,51460
BANKNIFTY09JAN2031200CE.NFO,07/01/2020,09:31:18,626.6,625.6,60,628.45,100,0,51460
BANKNIFTY09JAN2031200CE.NFO,07/01/2020,09:31:19,629.45,627,60,630,120,40,51460
BANKNIFTY09JAN2031200CE.NFO,07/01/2020,09:31:20,629.45,627.15,40,629.95,220,0,51460
BANKNIFTY09JAN2031200CE.NFO,07/01/2020,09:31:21,629.45,626.65,40,629.65,60,0,51460
BANKNIFTY09JAN2031200CE.NFO,07/01/2020,09:31:22,630,627.5,40,631.15,40,120,51460
BANKNIFTY09JAN2031200CE.NFO,07/01/2020,09:31:23,630,628.5,40,631.15,40,0,51460
BANKNIFTY09JAN2031200CE.NFO,07/01/2020,09:31:24,632.7,628.05,140,631.45,40,120,51460
BANKNIFTY09JAN2031200CE.NFO,07/01/2020,09:31:25,632.6,630.1,60,633.45,100,20,51460
BANKNIFTY09JAN2031200CE.NFO,07/01/2020,09:31:26,634.05,630.9,80,634,40,140,51460
BANKNIFTY09JAN2031200CE.NFO,07/01/2020,09:31:27,634.05,630.95,140,634,60,0,51460
BANKNIFTY09JAN2031200CE.NFO,07/01/2020,09:31:28,633.85,631.3,40,633.9,60,20,51460
BANKNIFTY09JAN2031200CE.NFO,07/01/2020,09:31:29,633.85,631.75,60,634.35,80,0,51460
BANKNIFTY09JAN2031200CE.NFO,07/01/2020,09:31:30,634,631.75,60,633.8,80,20,51460
BANKNIFTY09JAN2031200CE.NFO,07/01/2020,09:31:31,634.65,631.35,60,634.65,40,20,51460
BANKNIFTY09JAN2031200CE.NFO,07/01/2020,09:31:32,634.65,631.35,60,634.1,20,0,51460
BANKNIFTY09JAN2031200CE.NFO,07/01/2020,09:31:33,634.65,631.35,40,634.05,60,0,51460
BANKNIFTY09JAN2031200CE.NFO,07/01/2020,09:31:34,633.8,630,60,633.45,100,220,51460
BANKNIFTY09JAN2031200CE.NFO,07/01/2020,09:31:35,632.8,630.6,140,633.9,80,60,51460
BANKNIFTY09JAN2031200CE.NFO,07/01/2020,09:31:36,632.8,631.3,60,633.9,40,0,51460
BANKNIFTY09JAN2031200CE.NFO,07/01/2020,09:31:37,632.8,632.5,80,635,80,0,51460
BANKNIFTY09JAN2031200CE.NFO,07/01/2020,09:31:38,635,633.55,60,636,60,80,51460
BANKNIFTY09JAN2031200CE.NFO,07/01/2020,09:31:39,634,633.1,40,635.9,60,20,51460
BANKNIFTY09JAN2031200CE.NFO,07/01/2020,09:31:40,632.55,633.05,40,635.9,40,200,51460
BANKNIFTY09JAN2031200CE.NFO,07/01/2020,09:31:41,632.55,633.55,60,636,40,0,51460
BANKNIFTY09JAN2031200CE.NFO,07/01/2020,09:31:42,636,633.55,180,637,60,40,51460
BANKNIFTY09JAN2031200CE.NFO,07/01/2020,09:31:43,636,633.55,80,636.75,60,0,51460
BANKNIFTY09JAN2031200CE.NFO,07/01/2020,09:31:44,633.55,633.05,40,636.4,80,20,51460
BANKNIFTY09JAN2031200CE.NFO,07/01/2020,09:31:45,633.55,632.55,40,635.85,120,0,51460
BANKNIFTY09JAN2031200CE.NFO,07/01/2020,09:31:46,635.35,632.3,40,635.3,40,240,51460
BANKNIFTY09JAN2031200CE.NFO,07/01/2020,09:31:47,635.35,632.3,60,635.2,80,0,51460
BANKNIFTY09JAN2031200CE.NFO,07/01/2020,09:31:48,635.35,631.8,60,635.05,80,0,51460
BANKNIFTY09JAN2031200CE.NFO,07/01/2020,09:31:49,636.4,632.4,60,635.8,80,80,51460
BANKNIFTY09JAN2031200CE.NFO,07/01/2020,09:31:50,632.55,633.7,40,636.5,60,20,51460
BANKNIFTY09JAN2031200CE.NFO,07/01/2020,09:31:51,632.55,632.95,80,636.4,120,0,51460
BANKNIFTY09JAN2031200CE.NFO,07/01/2020,09:31:52,632.55,634.15,80,636.5,60,0,51460
BANKNIFTY09JAN2031200CE.NFO,07/01/2020,09:31:53,632.95,633,60,636.4,120,180,51460
BANKNIFTY09JAN2031200CE.NFO,07/01/2020,09:31:54,634,633.4,40,636.25,60,40,51460
BANKNIFTY09JAN2031200CE.NFO,07/01/2020,09:31:55,634,634.25,60,636.45,40,0,51460
BANKNIFTY09JAN2031200CE.NFO,07/01/2020,09:31:56,634.35,633.65,60,636.5,60,140,51460
BANKNIFTY09JAN2031200CE.NFO,07/01/2020,09:31:57,634.35,634,20,636.5,60,0,51460
BANKNIFTY09JAN2031200CE.NFO,07/01/2020,09:31:58,634,633.7,20,636.5,60,20,51460
BANKNIFTY09JAN2031200CE.NFO,07/01/2020,09:32:00,634,633.7,20,636.45,80,0,51460
BANKNIFTY09JAN2031200CE.NFO,07/01/2020,09:32:01,634,634,20,636.5,60,0,51460
BANKNIFTY09JAN2031200CE.NFO,07/01/2020,09:32:02,634,634.1,80,636.55,60,0,51460
BANKNIFTY09JAN2031200CE.NFO,07/01/2020,09:32:03,634,634.2,60,636.55,60,0,51460
BANKNIFTY09JAN2031200CE.NFO,07/01/2020,09:32:04,636.75,634.2,60,636.75,20,100,51460
BANKNIFTY09JAN2031200CE.NFO,07/01/2020,09:32:05,636.75,634.2,60,636.75,20,0,51460
BANKNIFTY09JAN2031200CE.NFO,07/01/2020,09:32:06,634,634,60,637.45,240,200,51460
BANKNIFTY09JAN2031200CE.NFO,07/01/2020,09:32:07,634,633.4,20,637.35,160,0,51460
BANKNIFTY09JAN2031200CE.NFO,07/01/2020,09:32:08,634,631.8,200,635.85,160,0,51460
BANKNIFTY09JAN2031200CE.NFO,07/01/2020,09:32:09,634,631.8,200,635.75,160,0,51460
BANKNIFTY09JAN2031200CE.NFO,07/01/2020,09:32:10,634,631.8,140,635.75,120,0,51460
BANKNIFTY09JAN2031200CE.NFO,07/01/2020,09:32:11,635.65,631.8,60,634.7,80,40,51460
BANKNIFTY09JAN2031200CE.NFO,07/01/2020,09:32:12,635.65,631.9,60,635,80,0,51460
BANKNIFTY09JAN2031200CE.NFO,07/01/2020,09:32:13,635.65,631.9,60,634.95,60,0,51460
BANKNIFTY09JAN2031200CE.NFO,07/01/2020,09:32:14,636,634.1,220,636.2,60,80,49300
BANKNIFTY09JAN2031200CE.NFO,07/01/2020,09:32:15,636,634.25,140,636.55,40,0,49300
BANKNIFTY09JAN2031200CE.NFO,07/01/2020,09:32:16,636,635.05,360,639.35,220,0,49300
BANKNIFTY09JAN2031200CE.NFO,07/01/2020,09:32:17,640.5,636.75,220,640.5,160,260,49300
BANKNIFTY09JAN2031200CE.NFO,07/01/2020,09:32:18,640.5,636.85,100,640.35,80,0,49300
BANKNIFTY09JAN2031200CE.NFO,07/01/2020,09:32:19,643.35,640.2,20,644.15,20,160,49300
BANKNIFTY09JAN2031200CE.NFO,07/01/2020,09:32:20,640.75,640.15,20,643.05,80,340,49300
BANKNIFTY09JAN2031200CE.NFO,07/01/2020,09:32:21,640.75,638.95,80,642.15,80,0,49300
BANKNIFTY09JAN2031200CE.NFO,07/01/2020,09:32:22,642.15,639.4,60,642.15,20,40,49300
BANKNIFTY09JAN2031200CE.NFO,07/01/2020,09:32:23,644.4,644.15,60,645,260,360,49300
BANKNIFTY09JAN2031200CE.NFO,07/01/2020,09:32:24,644.25,640.45,20,644.2,180,520,49300
BANKNIFTY09JAN2031200CE.NFO,07/01/2020,09:32:25,644.25,642,20,645.95,40,0,49300
BANKNIFTY09JAN2031200CE.NFO,07/01/2020,09:32:26,644.25,642.2,60,645.7,60,0,49300
BANKNIFTY09JAN2031200CE.NFO,07/01/2020,09:32:27,646.45,644.05,40,646.45,20,80,49300
BANKNIFTY09JAN2031200CE.NFO,07/01/2020,09:32:28,646.45,644.3,60,648.1,500,0,49300
BANKNIFTY09JAN2031200CE.NFO,07/01/2020,09:32:29,646.45,644.3,60,647.8,80,0,49300
BANKNIFTY09JAN2031200CE.NFO,07/01/2020,09:32:30,646.45,644.4,100,648,220,0,49300
BANKNIFTY09JAN2031200CE.NFO,07/01/2020,09:32:31,646.45,645.9,40,647.95,20,0,49300
BANKNIFTY09JAN2031200CE.NFO,07/01/2020,09:32:32,646.45,645.9,80,649.1,120,0,49300
BANKNIFTY09JAN2031200CE.NFO,07/01/2020,09:32:33,646.45,645.9,80,649.55,220,0,49300
BANKNIFTY09JAN2031200CE.NFO,07/01/2020,09:32:34,646.45,646.5,160,650,80,0,49300
BANKNIFTY09JAN2031200CE.NFO,07/01/2020,09:32:35,650,648.65,80,652.05,140,80,49300
BANKNIFTY09JAN2031200CE.NFO,07/01/2020,09:32:36,650,648.65,60,651.95,40,0,49300
BANKNIFTY09JAN2031200CE.NFO,07/01/2020,09:32:38,652.9,651.6,40,654,160,80,49300
BANKNIFTY09JAN2031200CE.NFO,07/01/2020,09:32:39,652.9,651.65,60,654.6,80,0,49300
BANKNIFTY09JAN2031200CE.NFO,07/01/2020,09:32:40,655,651.7,20,658.5,20,360,49300
BANKNIFTY09JAN2031200CE.NFO,07/01/2020,09:32:40,655,651.7,20,658.5,20,0,49300
BANKNIFTY09JAN2031200CE.NFO,07/01/2020,09:32:41,655,653.5,20,657.1,20,0,49300
BANKNIFTY09JAN2031200CE.NFO,07/01/2020,09:32:42,655,651.85,60,656.65,60,0,49300
BANKNIFTY09JAN2031200CE.NFO,07/01/2020,09:32:43,655.65,651.9,60,655.3,20,20,49300
BANKNIFTY09JAN2031200CE.NFO,07/01/2020,09:32:43,655.65,651.9,60,655.3,20,0,49300
BANKNIFTY09JAN2031200CE.NFO,07/01/2020,09:32:44,655,651.25,40,654.9,40,20,49300
BANKNIFTY09JAN2031200CE.NFO,07/01/2020,09:32:45,655,651.25,40,654.65,20,0,49300
BANKNIFTY09JAN2031200CE.NFO,07/01/2020,09:32:46,654.65,651.3,60,654.55,60,20,49300
BANKNIFTY09JAN2031200CE.NFO,07/01/2020,09:32:47,654.65,651.55,20,654.35,40,0,49300
BANKNIFTY09JAN2031200CE.NFO,07/01/2020,09:32:48,654.35,651.9,20,654.45,40,40,49300
BANKNIFTY09JAN2031200CE.NFO,07/01/2020,09:32:49,651.5,651.5,20,654.45,40,20,49300
BANKNIFTY09JAN2031200CE.NFO,07/01/2020,09:32:50,651.5,651.4,20,654.45,40,0,49300
BANKNIFTY09JAN2031200CE.NFO,07/01/2020,09:32:51,654.45,651.45,20,654.45,20,20,49300
BANKNIFTY09JAN2031200CE.NFO,07/01/2020,09:32:52,654.45,650.7,20,654.25,40,0,49300
BANKNIFTY09JAN2031200CE.NFO,07/01/2020,09:32:53,650.7,650.7,40,654.05,20,60,49300
BANKNIFTY09JAN2031200CE.NFO,07/01/2020,09:32:54,650.7,650.5,60,654,80,0,49300
BANKNIFTY09JAN2031200CE.NFO,07/01/2020,09:32:55,650.7,649.5,60,653.25,40,0,49300
BANKNIFTY09JAN2031200CE.NFO,07/01/2020,09:32:56,650,649.2,60,652.7,140,380,49300
BANKNIFTY09JAN2031200CE.NFO,07/01/2020,09:32:57,650,650,400,652.35,80,0,49300
BANKNIFTY09JAN2031200CE.NFO,07/01/2020,09:32:58,652.25,650,400,652.25,60,60,49300
BANKNIFTY09JAN2031200CE.NFO,07/01/2020,09:32:59,652.25,650,400,652.15,60,0,49300
BANKNIFTY09JAN2031200CE.NFO,07/01/2020,09:33:00,652.15,650.05,20,652.15,20,40,49300
BANKNIFTY09JAN2031200CE.NFO,07/01/2020,09:33:01,652.15,650,400,652.1,60,0,49300
BANKNIFTY09JAN2031200CE.NFO,07/01/2020,09:33:02,652.15,650,400,652,60,0,49300
BANKNIFTY09JAN2031200CE.NFO,07/01/2020,09:33:03,651.8,648.3,20,651.7,80,420,49300
BANKNIFTY09JAN2031200CE.NFO,07/01/2020,09:33:04,648.3,645.15,80,649.9,340,20,49300
BANKNIFTY09JAN2031200CE.NFO,07/01/2020,09:33:05,645.15,643.85,20,646.9,40,60,49300
BANKNIFTY09JAN2031200CE.NFO,07/01/2020,09:33:06,645.15,642.25,80,646.2,260,0,49300
BANKNIFTY09JAN2031200CE.NFO,07/01/2020,09:33:07,642.25,642.75,60,645.75,60,20,49300
BANKNIFTY09JAN2031200CE.NFO,07/01/2020,09:33:08,642.25,644.65,20,647.75,20,0,49300
BANKNIFTY09JAN2031200CE.NFO,07/01/2020,09:33:09,642.25,644.85,80,648.6,60,0,49300
BANKNIFTY09JAN2031200CE.NFO,07/01/2020,09:33:10,647.25,646.8,60,649.95,20,120,49300
BANKNIFTY09JAN2031200CE.NFO,07/01/2020,09:33:11,649.8,647.05,40,650,20,20,49300
BANKNIFTY09JAN2031200CE.NFO,07/01/2020,09:33:12,649.8,647.35,60,650,20,0,49300
BANKNIFTY09JAN2031200CE.NFO,07/01/2020,09:33:13,650,648.1,60,651.45,120,20,49300
BANKNIFTY09JAN2031200CE.NFO,07/01/2020,09:33:14,650,648.6,40,651.4,40,0,49300
BANKNIFTY09JAN2031200CE.NFO,07/01/2020,09:33:15,651.85,648.9,80,651.85,40,60,49300
BANKNIFTY09JAN2031200CE.NFO,07/01/2020,09:33:16,651.85,648.7,20,651.75,40,0,49300
BANKNIFTY09JAN2031200CE.NFO,07/01/2020,09:33:17,651.95,648.95,40,651.95,20,180,49300
BANKNIFTY09JAN2031200CE.NFO,07/01/2020,09:33:18,651.95,648.8,20,651.95,20,0,49300
BANKNIFTY09JAN2031200CE.NFO,07/01/2020,09:33:19,651.95,648.8,40,651.95,20,0,49300
BANKNIFTY09JAN2031200CE.NFO,07/01/2020,09:33:22,651.95,648.4,120,651.9,80,0,49300
BANKNIFTY09JAN2031200CE.NFO,07/01/2020,09:33:23,651.95,648.6,40,651.9,20,0,49300
BANKNIFTY09JAN2031200CE.NFO,07/01/2020,09:33:24,651.95,648.7,40,651.9,20,0,49300
BANKNIFTY09JAN2031200CE.NFO,07/01/2020,09:33:25,651.9,649.15,60,651.95,20,20,49300
BANKNIFTY09JAN2031200CE.NFO,07/01/2020,09:33:26,651.9,649.5,40,651.95,40,0,49300
BANKNIFTY09JAN2031200CE.NFO,07/01/2020,09:33:27,651.9,649.55,60,651.95,40,0,49300
BANKNIFTY09JAN2031200CE.NFO,07/01/2020,09:33:28,651.9,649.7,40,652,20,0,49300
BANKNIFTY09JAN2031200CE.NFO,07/01/2020,09:33:29,651.9,649.8,20,652,20,0,49300
BANKNIFTY09JAN2031200CE.NFO,07/01/2020,09:33:30,651.9,650.05,80,652,20,0,49300
BANKNIFTY09JAN2031200CE.NFO,07/01/2020,09:33:31,653.55,651.35,40,653.9,60,200,49300
BANKNIFTY09JAN2031200CE.NFO,07/01/2020,09:33:32,653.55,651.45,40,653.9,60,0,49300
BANKNIFTY09JAN2031200CE.NFO,07/01/2020,09:33:33,653.55,651.45,40,654.05,40,0,49300
BANKNIFTY09JAN2031200CE.NFO,07/01/2020,09:33:35,653.55,651.65,60,654.7,40,0,49300
BANKNIFTY09JAN2031200CE.NFO,07/01/2020,09:33:36,654.7,652.6,20,655.2,20,20,49300
BANKNIFTY09JAN2031200CE.NFO,07/01/2020,09:33:37,653.55,651.95,60,655.15,20,20,49300
BANKNIFTY09JAN2031200CE.NFO,07/01/2020,09:33:38,653.55,651.95,40,655.15,40,0,49300
BANKNIFTY09JAN2031200CE.NFO,07/01/2020,09:33:39,653.55,652.05,60,655.2,20,0,49300
BANKNIFTY09JAN2031200CE.NFO,07/01/2020,09:33:40,656.1,652.75,40,656.85,40,180,49300
BANKNIFTY09JAN2031200CE.NFO,07/01/2020,09:33:40,656.1,652.75,40,656.85,40,0,49300
BANKNIFTY09JAN2031200CE.NFO,07/01/2020,09:33:41,656.95,654,60,657,60,100,49300
BANKNIFTY09JAN2031200CE.NFO,07/01/2020,09:33:41,656.95,654,60,657,60,0,49300
BANKNIFTY09JAN2031200CE.NFO,07/01/2020,09:33:42,656.95,656.35,160,659.75,20,0,49300
BANKNIFTY09JAN2031200CE.NFO,07/01/2020,09:33:43,656.95,656.35,40,659.65,60,0,49300
BANKNIFTY09JAN2031200CE.NFO,07/01/2020,09:33:44,656.95,655.9,20,659.35,20,0,49300
BANKNIFTY09JAN2031200CE.NFO,07/01/2020,09:33:45,656.95,656.1,20,659.25,60,0,49300
BANKNIFTY09JAN2031200CE.NFO,07/01/2020,09:33:46,659.25,654.75,40,657.55,20,20,49300
BANKNIFTY09JAN2031200CE.NFO,07/01/2020,09:33:46,659.25,654.75,40,657.55,20,0,49300
BANKNIFTY09JAN2031200CE.NFO,07/01/2020,09:33:47,657,654.05,40,656.85,60,20,49300
BANKNIFTY09JAN2031200CE.NFO,07/01/2020,09:33:48,657,652.9,200,656.55,160,0,49300
BANKNIFTY09JAN2031200CE.NFO,07/01/2020,09:33:49,657,653,40,656.6,40,0,49300
BANKNIFTY09JAN2031200CE.NFO,07/01/2020,09:33:50,657,653.65,20,656.95,20,0,49300
BANKNIFTY09JAN2031200CE.NFO,07/01/2020,09:33:51,657,654.2,140,657.65,60,0,49300
BANKNIFTY09JAN2031200CE.NFO,07/01/2020,09:33:52,657.6,655.9,20,658.4,40,40,49300
BANKNIFTY09JAN2031200CE.NFO,07/01/2020,09:33:53,657.6,655.9,40,658.6,20,0,49300
BANKNIFTY09JAN2031200CE.NFO,07/01/2020,09:33:54,657.6,655.95,40,659.25,40,0,49300
BANKNIFTY09JAN2031200CE.NFO,07/01/2020,09:33:55,657.6,656,40,659.1,20,0,49300
BANKNIFTY09JAN2031200CE.NFO,07/01/2020,09:33:56,657.6,655.35,40,659,80,0,49300
BANKNIFTY09JAN2031200CE.NFO,07/01/2020,09:33:57,657.6,655.5,20,658.9,40,0,49300
BANKNIFTY09JAN2031200CE.NFO,07/01/2020,09:33:58,657.6,655.55,40,658.8,20,0,49300
BANKNIFTY09JAN2031200CE.NFO,07/01/2020,09:33:59,657.6,655.75,80,659,40,0,49300
BANKNIFTY09JAN2031200CE.NFO,07/01/2020,09:34:00,659,656.2,220,659.9,100,40,49300
BANKNIFTY09JAN2031200CE.NFO,07/01/2020,09:34:01,660,658.2,140,661.8,80,40,49300
BANKNIFTY09JAN2031200CE.NFO,07/01/2020,09:34:01,660,658.2,140,661.8,80,0,49300
BANKNIFTY09JAN2031200CE.NFO,07/01/2020,09:34:02,660,658.3,40,661.6,60,0,49300
BANKNIFTY09JAN2031200CE.NFO,07/01/2020,09:34:03,660,656.2,140,660.55,80,0,49300
BANKNIFTY09JAN2031200CE.NFO,07/01/2020,09:34:04,660,656.1,200,660.1,100,0,49300
BANKNIFTY09JAN2031200CE.NFO,07/01/2020,09:34:05,656.1,654.7,40,657.5,80,20,49300
BANKNIFTY09JAN2031200CE.NFO,07/01/2020,09:34:06,656.1,653.7,20,656.8,40,0,49300
BANKNIFTY09JAN2031200CE.NFO,07/01/2020,09:34:07,656.1,652.75,120,656.1,20,0,49300
BANKNIFTY09JAN2031200CE.NFO,07/01/2020,09:34:08,651.35,650,20,652.1,60,40,49300
BANKNIFTY09JAN2031200CE.NFO,07/01/2020,09:34:09,651.35,650,60,652.95,20,0,49300
BANKNIFTY09JAN2031200CE.NFO,07/01/2020,09:34:10,651.35,650,60,652.95,40,0,49300
BANKNIFTY09JAN2031200CE.NFO,07/01/2020,09:34:11,651.35,650,20,652.7,40,0,49300
BANKNIFTY09JAN2031200CE.NFO,07/01/2020,09:34:12,652.2,650,20,652.05,60,40,49300
BANKNIFTY09JAN2031200CE.NFO,07/01/2020,09:34:13,652.2,650,60,652.95,40,0,49300
BANKNIFTY09JAN2031200CE.NFO,07/01/2020,09:34:14,648.65,648.5,20,652.65,60,40,49300
BANKNIFTY09JAN2031200CE.NFO,07/01/2020,09:34:15,648.65,648.65,160,652.15,40,0,49300
BANKNIFTY09JAN2031200CE.NFO,07/01/2020,09:34:16,648.65,648.6,80,651.95,60,0,49300
BANKNIFTY09JAN2031200CE.NFO,07/01/2020,09:34:17,648.65,647.9,160,651.5,60,0,49300
BANKNIFTY09JAN2031200CE.NFO,07/01/2020,09:34:18,651,647.95,20,651.15,20,60,49300
BANKNIFTY09JAN2031200CE.NFO,07/01/2020,09:34:19,651,645,40,650,60,0,49300
BANKNIFTY09JAN2031200CE.NFO,07/01/2020,09:34:20,651,645.4,120,648.75,120,0,49300
BANKNIFTY09JAN2031200CE.NFO,07/01/2020,09:34:21,645.4,645.4,60,648.3,60,20,49300
BANKNIFTY09JAN2031200CE.NFO,07/01/2020,09:34:22,645.4,645,80,648.05,20,0,49300
BANKNIFTY09JAN2031200CE.NFO,07/01/2020,09:34:23,647.55,645.05,60,647.8,20,20,49300
BANKNIFTY09JAN2031200CE.NFO,07/01/2020,09:34:24,647.55,645,40,647.8,20,0,49300
BANKNIFTY09JAN2031200CE.NFO,07/01/2020,09:34:25,647.55,645.05,40,648.4,140,0,49300
BANKNIFTY09JAN2031200CE.NFO,07/01/2020,09:34:26,645,640.8,40,644.75,60,40,49300
BANKNIFTY09JAN2031200CE.NFO,07/01/2020,09:34:27,645,636.3,40,639.4,60,0,49300
BANKNIFTY09JAN2031200CE.NFO,07/01/2020,09:34:28,639.55,636.35,200,639.3,40,100,49300
BANKNIFTY09JAN2031200CE.NFO,07/01/2020,09:34:29,639.55,634.95,200,639,220,0,49300
BANKNIFTY09JAN2031200CE.NFO,07/01/2020,09:34:30,639.3,637.7,60,641.05,40,100,49300
BANKNIFTY09JAN2031200CE.NFO,07/01/2020,09:34:31,639.3,637.7,40,640.85,80,0,49300
BANKNIFTY09JAN2031200CE.NFO,07/01/2020,09:34:32,639.3,636.55,40,640.1,20,0,49300
BANKNIFTY09JAN2031200CE.NFO,07/01/2020,09:34:33,639.6,636.25,140,639.65,60,40,49300
BANKNIFTY09JAN2031200CE.NFO,07/01/2020,09:34:34,639.6,635.3,40,638.8,180,0,49300
BANKNIFTY09JAN2031200CE.NFO,07/01/2020,09:34:35,639.6,635.05,60,638.3,60,0,49300
BANKNIFTY09JAN2031200CE.NFO,07/01/2020,09:34:37,639.6,635,20,637.75,40,0,49300
BANKNIFTY09JAN2031200CE.NFO,07/01/2020,09:34:38,637.75,635,20,637.8,40,20,49300
BANKNIFTY09JAN2031200CE.NFO,07/01/2020,09:34:39,637.75,636.05,20,639.1,60,0,49300
BANKNIFTY09JAN2031200CE.NFO,07/01/2020,09:34:40,637.75,635,60,638.4,20,0,49300
BANKNIFTY09JAN2031200CE.NFO,07/01/2020,09:34:41,637.75,635,20,637.35,60,0,49300
BANKNIFTY09JAN2031200CE.NFO,07/01/2020,09:34:42,637.75,635,20,637.15,20,0,49300
BANKNIFTY09JAN2031200CE.NFO,07/01/2020,09:34:43,638.8,636.45,20,639.15,20,40,49300
BANKNIFTY09JAN2031200CE.NFO,07/01/2020,09:34:44,639.1,636.5,20,639.35,20,20,49300
BANKNIFTY09JAN2031200CE.NFO,07/01/2020,09:34:45,639.1,635.05,60,638.35,80,0,49300
BANKNIFTY09JAN2031200CE.NFO,07/01/2020,09:34:46,638.25,635.35,40,638.3,40,40,49300
BANKNIFTY09JAN2031200CE.NFO,07/01/2020,09:34:47,638.35,635.35,40,638.35,20,60,49300
BANKNIFTY09JAN2031200CE.NFO,07/01/2020,09:34:48,638.35,636.2,20,639.35,20,0,49300
BANKNIFTY09JAN2031200CE.NFO,07/01/2020,09:34:49,639.95,640,20,642.25,20,120,49300
BANKNIFTY09JAN2031200CE.NFO,07/01/2020,09:34:50,639.95,639.15,20,642.35,40,0,49300
BANKNIFTY09JAN2031200CE.NFO,07/01/2020,09:34:51,639.95,638.75,140,642.3,460,0,49300
BANKNIFTY09JAN2031200CE.NFO,07/01/2020,09:34:52,639.95,640.2,40,643.25,60,0,49300
BANKNIFTY09JAN2031200CE.NFO,07/01/2020,09:34:53,639.95,638.85,180,643,220,0,49300
BANKNIFTY09JAN2031200CE.NFO,07/01/2020,09:34:54,643,638.1,120,642.1,100,200,49300
BANKNIFTY09JAN2031200CE.NFO,07/01/2020,09:34:55,643,635,20,637.4,20,0,49300
BANKNIFTY09JAN2031200CE.NFO,07/01/2020,09:34:56,643,635,20,637.3,20,0,49300
BANKNIFTY09JAN2031200CE.NFO,07/01/2020,09:34:57,643,635.05,160,638.7,200,0,49300
BANKNIFTY09JAN2031200CE.NFO,07/01/2020,09:34:58,643,635.75,120,639.55,200,0,49300
BANKNIFTY09JAN2031200CE.NFO,07/01/2020,09:34:59,643,639.7,60,643,40,0,49300
BANKNIFTY09JAN2031200CE.NFO,07/01/2020,09:35:00,643,640.3,120,643.75,180,0,49300
BANKNIFTY09JAN2031200CE.NFO,07/01/2020,09:35:01,641.4,640.4,20,643.3,80,40,49300
BANKNIFTY09JAN2031200CE.NFO,07/01/2020,09:35:02,641.4,640,80,643,60,0,49300
BANKNIFTY09JAN2031200CE.NFO,07/01/2020,09:35:03,641.4,640,80,642.3,40,0,49300
BANKNIFTY09JAN2031200CE.NFO,07/01/2020,09:35:04,640,639.25,40,642.2,40,80,49300
