Ticker,Date,Time,LTP,BuyPrice,BuyQty,SellPrice,SellQty,LTQ,OpenInterest
BANKNIFTY30JAN2032700PE.NFO,07/01/2020,09:23:03,992.6,991.6,20,1009.45,20,20,4440
BANKNIFTY30JAN2032700PE.NFO,07/01/2020,09:23:03,992.6,991.6,20,1009.45,20,0,4440
BANKNIFTY30JAN2032700PE.NFO,07/01/2020,09:23:03,992.6,991.6,20,1009.45,20,0,4440
BANKNIFTY30JAN2032700PE.NFO,07/01/2020,09:23:03,992.6,991.6,20,1009.45,20,0,4440
BANKNIFTY30JAN2032700PE.NFO,07/01/2020,09:23:04,992.6,988.9,20,1009.45,20,0,4440
BANKNIFTY30JAN2032700PE.NFO,07/01/2020,09:23:06,992.6,988.6,20,1004.2,20,0,4440
BANKNIFTY30JAN2032700PE.NFO,07/01/2020,09:23:07,992.6,988.6,20,1005.85,20,0,4440
BANKNIFTY30JAN2032700PE.NFO,07/01/2020,09:23:08,992.6,988.65,20,1003.4,20,0,4440
BANKNIFTY30JAN2032700PE.NFO,07/01/2020,09:23:10,992.6,987.2,20,1001.95,20,0,4440
BANKNIFTY30JAN2032700PE.NFO,07/01/2020,09:23:11,992.6,988.85,20,1005.55,20,0,4440
BANKNIFTY30JAN2032700PE.NFO,07/01/2020,09:23:12,992.6,991.95,20,1004.8,20,0,4440
BANKNIFTY30JAN2032700PE.NFO,07/01/2020,09:23:13,992.6,991.95,20,1005.45,20,0,4440
BANKNIFTY30JAN2032700PE.NFO,07/01/2020,09:23:14,992.6,993.55,20,1010.3,20,0,4440
BANKNIFTY30JAN2032700PE.NFO,07/01/2020,09:23:16,992.6,993.6,20,1011.6,20,0,4440
BANKNIFTY30JAN2032700PE.NFO,07/01/2020,09:23:17,992.6,997.7,20,1015.55,20,0,4440
BANKNIFTY30JAN2032700PE.NFO,07/01/2020,09:23:18,992.6,995.45,20,1014.5,20,0,4440
BANKNIFTY30JAN2032700PE.NFO,07/01/2020,09:23:20,992.6,993.2,20,1011.6,20,0,4440
BANKNIFTY30JAN2032700PE.NFO,07/01/2020,09:23:21,992.6,993.5,20,1011.1,20,0,4440
BANKNIFTY30JAN2032700PE.NFO,07/01/2020,09:23:22,992.6,972.25,20,1015.05,20,0,4440
BANKNIFTY30JAN2032700PE.NFO,07/01/2020,09:23:24,992.6,999.45,20,1013.65,20,0,4440
BANKNIFTY30JAN2032700PE.NFO,07/01/2020,09:23:25,992.6,995.85,20,1012.7,20,0,4440
BANKNIFTY30JAN2032700PE.NFO,07/01/2020,09:23:26,992.6,995.95,20,1016.9,40,0,4440
BANKNIFTY30JAN2032700PE.NFO,07/01/2020,09:23:27,992.6,999.05,20,1025.7,40,0,4440
BANKNIFTY30JAN2032700PE.NFO,07/01/2020,09:23:28,992.6,1002.05,20,1018.1,20,0,4440
BANKNIFTY30JAN2032700PE.NFO,07/01/2020,09:23:29,992.6,1002.1,20,1017.15,20,0,4440
BANKNIFTY30JAN2032700PE.NFO,07/01/2020,09:23:31,992.6,999.3,20,1013.75,20,0,4440
BANKNIFTY30JAN2032700PE.NFO,07/01/2020,09:23:32,992.6,1002.65,20,1015.5,20,0,4440
BANKNIFTY30JAN2032700PE.NFO,07/01/2020,09:23:33,992.6,999.45,20,1013.95,20,0,4440
BANKNIFTY30JAN2032700PE.NFO,07/01/2020,09:23:34,992.6,999.45,20,1015.8,20,0,4440
BANKNIFTY30JAN2032700PE.NFO,07/01/2020,09:23:35,992.6,999.45,20,1014.7,20,0,4440
BANKNIFTY30JAN2032700PE.NFO,07/01/2020,09:23:36,992.6,999.45,20,1015.1,20,0,4440
BANKNIFTY30JAN2032700PE.NFO,07/01/2020,09:23:37,992.6,999.45,20,1017.65,20,0,4440
BANKNIFTY30JAN2032700PE.NFO,07/01/2020,09:23:38,992.6,999.45,20,1016.45,20,0,4440
BANKNIFTY30JAN2032700PE.NFO,07/01/2020,09:23:40,992.6,999.5,20,1019.85,40,0,4440
BANKNIFTY30JAN2032700PE.NFO,07/01/2020,09:23:41,992.6,1000.55,20,1016.8,20,0,4440
BANKNIFTY30JAN2032700PE.NFO,07/01/2020,09:23:42,1001.9,1001.9,20,1019.55,20,20,4420
BANKNIFTY30JAN2032700PE.NFO,07/01/2020,09:23:42,1001.9,1001.9,20,1019.55,20,0,4420
BANKNIFTY30JAN2032700PE.NFO,07/01/2020,09:23:43,1001.9,1001.95,20,1015.75,20,0,4420
BANKNIFTY30JAN2032700PE.NFO,07/01/2020,09:23:44,1001.9,1001.95,20,1015.25,20,0,4420
BANKNIFTY30JAN2032700PE.NFO,07/01/2020,09:23:45,1001.9,1001.95,20,1015.3,20,0,4420
BANKNIFTY30JAN2032700PE.NFO,07/01/2020,09:23:47,1001.9,1001.95,20,1016.05,20,0,4420
BANKNIFTY30JAN2032700PE.NFO,07/01/2020,09:23:48,1001.9,1003.4,20,1018.05,20,0,4420
BANKNIFTY30JAN2032700PE.NFO,07/01/2020,09:23:49,1001.9,1002.25,20,1017,20,0,4420
BANKNIFTY30JAN2032700PE.NFO,07/01/2020,09:23:50,1001.9,1001.3,20,1016.1,20,0,4420
BANKNIFTY30JAN2032700PE.NFO,07/01/2020,09:23:51,1001.9,1001.55,20,1016.15,20,0,4420
BANKNIFTY30JAN2032700PE.NFO,07/01/2020,09:23:52,1001.9,1001.6,20,1015.9,20,0,4420
BANKNIFTY30JAN2032700PE.NFO,07/01/2020,09:23:53,1001.9,1002.65,20,1016.1,20,0,4420
BANKNIFTY30JAN2032700PE.NFO,07/01/2020,09:23:55,1001.9,998.1,20,1015.15,20,0,4420
BANKNIFTY30JAN2032700PE.NFO,07/01/2020,09:23:56,1001.9,995.4,20,1014.9,20,0,4420
BANKNIFTY30JAN2032700PE.NFO,07/01/2020,09:23:57,1001.9,995.4,20,1011.3,20,0,4420
BANKNIFTY30JAN2032700PE.NFO,07/01/2020,09:23:58,1001.9,995.5,20,1009.8,20,0,4420
BANKNIFTY30JAN2032700PE.NFO,07/01/2020,09:23:59,1001.9,995.5,20,1011.3,20,0,4420
BANKNIFTY30JAN2032700PE.NFO,07/01/2020,09:24:00,1001.9,996.4,20,1011.15,20,0,4420
BANKNIFTY30JAN2032700PE.NFO,07/01/2020,09:24:02,1001.9,994.45,20,1012.2,20,0,4420
BANKNIFTY30JAN2032700PE.NFO,07/01/2020,09:24:03,1001.9,996.55,20,1012.65,20,0,4420
BANKNIFTY30JAN2032700PE.NFO,07/01/2020,09:24:04,1001.9,998.65,20,1012.2,20,0,4420
BANKNIFTY30JAN2032700PE.NFO,07/01/2020,09:24:05,1001.9,998.7,20,1016.4,20,0,4420
BANKNIFTY30JAN2032700PE.NFO,07/01/2020,09:24:06,1001.9,998.7,20,1014.3,20,0,4420
BANKNIFTY30JAN2032700PE.NFO,07/01/2020,09:24:08,1001.9,998.7,20,1013.55,20,0,4420
BANKNIFTY30JAN2032700PE.NFO,07/01/2020,09:24:09,1001.9,998.7,20,1013.3,20,0,4420
BANKNIFTY30JAN2032700PE.NFO,07/01/2020,09:24:10,1001.9,998.7,20,1015.9,20,0,4420
BANKNIFTY30JAN2032700PE.NFO,07/01/2020,09:24:11,1001.9,998.8,20,1016.05,20,0,4420
BANKNIFTY30JAN2032700PE.NFO,07/01/2020,09:24:12,1001.9,1001.45,20,1015.75,20,0,4420
BANKNIFTY30JAN2032700PE.NFO,07/01/2020,09:24:13,1001.9,999.85,20,1022.5,40,0,4420
BANKNIFTY30JAN2032700PE.NFO,07/01/2020,09:24:15,1001.9,999.85,20,1015.15,20,0,4420
BANKNIFTY30JAN2032700PE.NFO,07/01/2020,09:24:16,1001.9,1000.75,20,1021.95,20,0,4420
BANKNIFTY30JAN2032700PE.NFO,07/01/2020,09:24:17,1001.9,1001.75,20,1017,20,0,4420
BANKNIFTY30JAN2032700PE.NFO,07/01/2020,09:24:18,1001.9,999.25,20,1016.05,20,0,4420
BANKNIFTY30JAN2032700PE.NFO,07/01/2020,09:24:19,1001.9,1001.5,20,1018.25,20,0,4420
BANKNIFTY30JAN2032700PE.NFO,07/01/2020,09:24:21,1001.9,1000.3,20,1018.6,20,0,4420
BANKNIFTY30JAN2032700PE.NFO,07/01/2020,09:24:22,1001.9,1000.4,20,1016.6,20,0,4420
BANKNIFTY30JAN2032700PE.NFO,07/01/2020,09:24:23,1001.9,1001.25,20,1016.55,20,0,4420
BANKNIFTY30JAN2032700PE.NFO,07/01/2020,09:24:24,1001.9,1002.65,20,1016.65,20,0,4420
BANKNIFTY30JAN2032700PE.NFO,07/01/2020,09:24:25,1001.9,1002.95,20,1017.7,20,0,4420
BANKNIFTY30JAN2032700PE.NFO,07/01/2020,09:24:26,1001.9,1001.05,20,1016.2,20,0,4420
BANKNIFTY30JAN2032700PE.NFO,07/01/2020,09:24:27,1001.9,1001.05,20,1017.8,20,0,4420
BANKNIFTY30JAN2032700PE.NFO,07/01/2020,09:24:29,1001.9,1004.55,20,1018.35,20,0,4420
BANKNIFTY30JAN2032700PE.NFO,07/01/2020,09:24:30,1001.9,1004.85,20,1018.1,20,0,4420
BANKNIFTY30JAN2032700PE.NFO,07/01/2020,09:24:31,1001.9,1004.9,20,1017.85,20,0,4420
BANKNIFTY30JAN2032700PE.NFO,07/01/2020,09:24:32,1001.9,1004.9,20,1017.95,20,0,4420
BANKNIFTY30JAN2032700PE.NFO,07/01/2020,09:24:33,1001.9,1005.45,20,1017.95,20,0,4420
BANKNIFTY30JAN2032700PE.NFO,07/01/2020,09:24:35,1001.9,1005.85,20,1021.7,20,0,4420
BANKNIFTY30JAN2032700PE.NFO,07/01/2020,09:24:36,1001.9,1008.2,20,1023.5,20,0,4420
BANKNIFTY30JAN2032700PE.NFO,07/01/2020,09:24:37,1001.9,1009.55,20,1026.7,20,0,4420
BANKNIFTY30JAN2032700PE.NFO,07/01/2020,09:24:38,1001.9,1009.55,20,1027.25,20,0,4420
BANKNIFTY30JAN2032700PE.NFO,07/01/2020,09:24:39,1001.9,1010.05,20,1031.5,20,0,4420
BANKNIFTY30JAN2032700PE.NFO,07/01/2020,09:24:41,1001.9,1011.6,20,1028.95,20,0,4420
BANKNIFTY30JAN2032700PE.NFO,07/01/2020,09:24:42,1001.9,1013.75,20,1031.1,20,0,4420
BANKNIFTY30JAN2032700PE.NFO,07/01/2020,09:24:43,1001.9,1014,20,1031.8,20,0,4420
BANKNIFTY30JAN2032700PE.NFO,07/01/2020,09:24:44,1001.9,1014.45,20,1033.5,20,0,4420
BANKNIFTY30JAN2032700PE.NFO,07/01/2020,09:24:46,1001.9,1015,40,1040.65,40,0,4420
BANKNIFTY30JAN2032700PE.NFO,07/01/2020,09:24:47,1001.9,1016.8,20,1035.4,20,0,4420
BANKNIFTY30JAN2032700PE.NFO,07/01/2020,09:24:48,1001.9,1018.8,20,1037.9,20,0,4420
BANKNIFTY30JAN2032700PE.NFO,07/01/2020,09:24:49,1001.9,1018.8,20,1035.4,20,0,4420
BANKNIFTY30JAN2032700PE.NFO,07/01/2020,09:24:52,1001.9,1018.8,20,1034,20,0,4420
BANKNIFTY30JAN2032700PE.NFO,07/01/2020,09:24:53,1001.9,1018.8,20,1033.65,20,0,4420
BANKNIFTY30JAN2032700PE.NFO,07/01/2020,09:24:54,1001.9,1018.8,20,1036.4,20,0,4420
BANKNIFTY30JAN2032700PE.NFO,07/01/2020,09:24:55,1001.9,1018.8,20,1034.1,20,0,4420
BANKNIFTY30JAN2032700PE.NFO,07/01/2020,09:24:56,1001.9,1016.7,20,1036.45,20,0,4420
BANKNIFTY30JAN2032700PE.NFO,07/01/2020,09:24:58,1001.9,1016.7,20,1031.5,20,0,4420
BANKNIFTY30JAN2032700PE.NFO,07/01/2020,09:24:59,1001.9,1017,20,1043.6,40,0,4420
BANKNIFTY30JAN2032700PE.NFO,07/01/2020,09:25:00,1001.9,1017,20,1031.85,20,0,4420
BANKNIFTY30JAN2032700PE.NFO,07/01/2020,09:25:01,1001.9,1010.85,20,1030.4,20,0,4420
BANKNIFTY30JAN2032700PE.NFO,07/01/2020,09:25:03,1001.9,1011.4,20,1028,20,0,4420
BANKNIFTY30JAN2032700PE.NFO,07/01/2020,09:25:04,1001.9,1013.55,20,1029.15,20,0,4420
BANKNIFTY30JAN2032700PE.NFO,07/01/2020,09:25:05,1001.9,1010.75,20,1028.05,20,0,4420
BANKNIFTY30JAN2032700PE.NFO,07/01/2020,09:25:06,1001.9,1010.75,20,1026.4,20,0,4420
BANKNIFTY30JAN2032700PE.NFO,07/01/2020,09:25:08,1001.9,1010.75,20,1028.5,20,0,4420
BANKNIFTY30JAN2032700PE.NFO,07/01/2020,09:25:09,1001.9,1010.8,20,1029,20,0,4420
BANKNIFTY30JAN2032700PE.NFO,07/01/2020,09:25:10,1001.9,1010.8,20,1037.35,20,0,4420
BANKNIFTY30JAN2032700PE.NFO,07/01/2020,09:25:11,1001.9,1010.95,20,1035.5,20,0,4420
BANKNIFTY30JAN2032700PE.NFO,07/01/2020,09:25:13,1001.9,1011.2,20,1027.7,20,0,4420
BANKNIFTY30JAN2032700PE.NFO,07/01/2020,09:25:14,1001.9,1011.8,20,1027.7,20,0,4420
BANKNIFTY30JAN2032700PE.NFO,07/01/2020,09:25:15,1001.9,1013.55,20,1027.55,20,0,4420
BANKNIFTY30JAN2032700PE.NFO,07/01/2020,09:25:16,1001.9,1013.65,20,1040.2,20,0,4420
BANKNIFTY30JAN2032700PE.NFO,07/01/2020,09:25:17,1001.9,1013.95,20,1030.9,20,0,4420
BANKNIFTY30JAN2032700PE.NFO,07/01/2020,09:25:19,1001.9,1015.75,20,1030.8,20,0,4420
BANKNIFTY30JAN2032700PE.NFO,07/01/2020,09:25:20,1001.9,1013.55,20,1028.4,20,0,4420
BANKNIFTY30JAN2032700PE.NFO,07/01/2020,09:25:21,1001.9,1013.7,20,1028.85,20,0,4420
BANKNIFTY30JAN2032700PE.NFO,07/01/2020,09:25:22,1001.9,1013.7,20,1027.75,20,0,4420
BANKNIFTY30JAN2032700PE.NFO,07/01/2020,09:25:23,1001.9,1013.75,40,1028,20,0,4420
BANKNIFTY30JAN2032700PE.NFO,07/01/2020,09:25:25,1001.9,1013.75,40,1029.75,20,0,4420
BANKNIFTY30JAN2032700PE.NFO,07/01/2020,09:25:26,1001.9,1014.35,20,1030.5,20,0,4420
BANKNIFTY30JAN2032700PE.NFO,07/01/2020,09:25:27,1001.9,1014.4,20,1031.2,20,0,4420
BANKNIFTY30JAN2032700PE.NFO,07/01/2020,09:25:28,1001.9,1014.4,20,1030.1,40,0,4420
BANKNIFTY30JAN2032700PE.NFO,07/01/2020,09:25:29,1001.9,1014.45,20,1030.25,20,0,4420
BANKNIFTY30JAN2032700PE.NFO,07/01/2020,09:25:30,1001.9,1014.45,20,1030.35,40,0,4420
BANKNIFTY30JAN2032700PE.NFO,07/01/2020,09:25:32,1001.9,1014.55,20,1030.5,20,0,4420
BANKNIFTY30JAN2032700PE.NFO,07/01/2020,09:25:33,1001.9,1014.85,20,1031.8,20,0,4420
BANKNIFTY30JAN2032700PE.NFO,07/01/2020,09:25:34,1001.9,1017.55,20,1031.75,20,0,4420
BANKNIFTY30JAN2032700PE.NFO,07/01/2020,09:25:35,1001.9,1016.55,20,1030.7,20,0,4420
BANKNIFTY30JAN2032700PE.NFO,07/01/2020,09:25:36,1001.9,1016.6,20,1031,20,0,4420
BANKNIFTY30JAN2032700PE.NFO,07/01/2020,09:25:38,1001.9,1017.45,20,1032.25,20,0,4420
BANKNIFTY30JAN2032700PE.NFO,07/01/2020,09:25:39,1001.9,1016.7,20,1034.1,40,0,4420
BANKNIFTY30JAN2032700PE.NFO,07/01/2020,09:25:40,1001.9,1016.55,20,1031.25,20,0,4420
BANKNIFTY30JAN2032700PE.NFO,07/01/2020,09:25:41,1001.9,1018.95,20,1033.25,20,0,4420
BANKNIFTY30JAN2032700PE.NFO,07/01/2020,09:25:42,1001.9,1018.95,20,1033.8,20,0,4420
BANKNIFTY30JAN2032700PE.NFO,07/01/2020,09:25:44,1001.9,1018.95,20,1032.7,20,0,4420
BANKNIFTY30JAN2032700PE.NFO,07/01/2020,09:25:45,1001.9,1017.7,20,1032.9,20,0,4420
BANKNIFTY30JAN2032700PE.NFO,07/01/2020,09:25:46,1001.9,1018.8,20,1032.9,20,0,4420
BANKNIFTY30JAN2032700PE.NFO,07/01/2020,09:25:47,1001.9,1018.85,40,1033.6,20,0,4420
BANKNIFTY30JAN2032700PE.NFO,07/01/2020,09:25:48,1001.9,1017.6,20,1032.05,40,0,4420
BANKNIFTY30JAN2032700PE.NFO,07/01/2020,09:25:50,1001.9,1017.55,20,1033.05,20,0,4420
BANKNIFTY30JAN2032700PE.NFO,07/01/2020,09:25:51,1001.9,1017.6,20,1031.95,20,0,4420
BANKNIFTY30JAN2032700PE.NFO,07/01/2020,09:25:52,1001.9,1018.5,20,1031.9,20,0,4420
BANKNIFTY30JAN2032700PE.NFO,07/01/2020,09:25:53,1001.9,1017.6,20,1032.35,20,0,4420
BANKNIFTY30JAN2032700PE.NFO,07/01/2020,09:25:54,1001.9,1020.45,40,1035.75,20,0,4420
BANKNIFTY30JAN2032700PE.NFO,07/01/2020,09:25:55,1001.9,1020.15,20,1033.6,20,0,4420
BANKNIFTY30JAN2032700PE.NFO,07/01/2020,09:25:57,1001.9,1020.15,20,1033.35,20,0,4420
BANKNIFTY30JAN2032700PE.NFO,07/01/2020,09:25:59,1001.9,1020.15,20,1034.3,20,0,4420
BANKNIFTY30JAN2032700PE.NFO,07/01/2020,09:26:00,1001.9,1020.15,20,1033.5,20,0,4420
BANKNIFTY30JAN2032700PE.NFO,07/01/2020,09:26:01,1001.9,1020.15,20,1035,20,0,4420
BANKNIFTY30JAN2032700PE.NFO,07/01/2020,09:26:03,1001.9,1021.6,20,1039,20,0,4420
BANKNIFTY30JAN2032700PE.NFO,07/01/2020,09:26:04,1001.9,1021.7,20,1036.95,20,0,4420
BANKNIFTY30JAN2032700PE.NFO,07/01/2020,09:26:05,1001.9,1021.6,20,1036.3,20,0,4420
BANKNIFTY30JAN2032700PE.NFO,07/01/2020,09:26:06,1001.9,1021.6,20,1039.9,20,0,4420
BANKNIFTY30JAN2032700PE.NFO,07/01/2020,09:26:09,1001.9,1021.85,40,1037.05,20,0,4420
BANKNIFTY30JAN2032700PE.NFO,07/01/2020,09:26:10,1001.9,1024.35,20,1037.45,20,0,4420
BANKNIFTY30JAN2032700PE.NFO,07/01/2020,09:26:11,1001.9,1023.7,20,1037.65,20,0,4420
BANKNIFTY30JAN2032700PE.NFO,07/01/2020,09:26:12,1001.9,1021.15,80,1037.5,20,0,4420
BANKNIFTY30JAN2032700PE.NFO,07/01/2020,09:26:14,1001.9,1024.55,20,1037.6,20,0,4420
BANKNIFTY30JAN2032700PE.NFO,07/01/2020,09:26:15,1001.9,1024.9,20,1037.95,20,0,4420
BANKNIFTY30JAN2032700PE.NFO,07/01/2020,09:26:16,1001.9,1024.85,20,1037.9,20,0,4420
BANKNIFTY30JAN2032700PE.NFO,07/01/2020,09:26:17,1001.9,1024.9,20,1039.45,20,0,4420
BANKNIFTY30JAN2032700PE.NFO,07/01/2020,09:26:18,1001.9,1029.85,20,1043.6,20,0,4420
BANKNIFTY30JAN2032700PE.NFO,07/01/2020,09:26:20,1001.9,1027.1,20,1043.65,20,0,4420
BANKNIFTY30JAN2032700PE.NFO,07/01/2020,09:26:21,1001.9,1026.95,20,1043.7,20,0,4420
BANKNIFTY30JAN2032700PE.NFO,07/01/2020,09:26:22,1001.9,1028,20,1047.2,20,0,4420
BANKNIFTY30JAN2032700PE.NFO,07/01/2020,09:26:23,1001.9,1029.7,20,1050.05,20,0,4420
BANKNIFTY30JAN2032700PE.NFO,07/01/2020,09:26:25,1001.9,1029.7,20,1047.25,20,0,4420
BANKNIFTY30JAN2032700PE.NFO,07/01/2020,09:26:26,1001.9,1030.55,20,1046.95,40,0,4420
BANKNIFTY30JAN2032700PE.NFO,07/01/2020,09:26:27,1001.9,1030.55,20,1045.85,40,0,4420
BANKNIFTY30JAN2032700PE.NFO,07/01/2020,09:26:28,1001.9,1029.55,20,1043.75,20,0,4420
BANKNIFTY30JAN2032700PE.NFO,07/01/2020,09:26:30,1001.9,1026.6,20,1045.1,40,0,4420
BANKNIFTY30JAN2032700PE.NFO,07/01/2020,09:26:31,1001.9,1022.9,20,1041.4,20,0,4420
BANKNIFTY30JAN2032700PE.NFO,07/01/2020,09:26:32,1001.9,1022.9,20,1039.4,20,0,4420
BANKNIFTY30JAN2032700PE.NFO,07/01/2020,09:26:33,1001.9,1023.65,40,1040.15,20,0,4420
BANKNIFTY30JAN2032700PE.NFO,07/01/2020,09:26:34,1001.9,1023.65,20,1040.5,20,0,4420
BANKNIFTY30JAN2032700PE.NFO,07/01/2020,09:26:36,1001.9,1026.55,20,1041,20,0,4420
BANKNIFTY30JAN2032700PE.NFO,07/01/2020,09:26:37,1001.9,1027.6,20,1042.7,20,0,4420
BANKNIFTY30JAN2032700PE.NFO,07/01/2020,09:26:38,1001.9,1027.7,20,1045.05,20,0,4420
BANKNIFTY30JAN2032700PE.NFO,07/01/2020,09:26:39,1001.9,1028.8,20,1044.5,20,0,4420
BANKNIFTY30JAN2032700PE.NFO,07/01/2020,09:26:41,1001.9,1030.9,20,1049.05,20,0,4420
BANKNIFTY30JAN2032700PE.NFO,07/01/2020,09:26:42,1001.9,1031.3,20,1050.9,20,0,4420
BANKNIFTY30JAN2032700PE.NFO,07/01/2020,09:26:43,1001.9,1031.95,20,1049.15,20,0,4420
BANKNIFTY30JAN2032700PE.NFO,07/01/2020,09:26:44,1001.9,1031.95,20,1045.95,20,0,4420
BANKNIFTY30JAN2032700PE.NFO,07/01/2020,09:26:46,1001.9,1030.1,20,1045.35,20,0,4420
BANKNIFTY30JAN2032700PE.NFO,07/01/2020,09:26:47,1001.9,1030.1,20,1045.25,20,0,4420
BANKNIFTY30JAN2032700PE.NFO,07/01/2020,09:26:48,1001.9,1031.35,20,1047.55,20,0,4420
BANKNIFTY30JAN2032700PE.NFO,07/01/2020,09:26:49,1001.9,1032.8,20,1048.85,20,0,4420
BANKNIFTY30JAN2032700PE.NFO,07/01/2020,09:26:50,1001.9,1033.7,20,1049.15,20,0,4420
BANKNIFTY30JAN2032700PE.NFO,07/01/2020,09:26:51,1001.9,1033.95,20,1048.15,20,0,4420
BANKNIFTY30JAN2032700PE.NFO,07/01/2020,09:26:53,1001.9,1034,20,1048.15,20,0,4420
BANKNIFTY30JAN2032700PE.NFO,07/01/2020,09:26:54,1001.9,1034.4,20,1051.25,20,0,4420
BANKNIFTY30JAN2032700PE.NFO,07/01/2020,09:26:55,1001.9,1034.4,20,1048.15,20,0,4420
BANKNIFTY30JAN2032700PE.NFO,07/01/2020,09:26:56,1001.9,1034.4,20,1046.7,20,0,4420
BANKNIFTY30JAN2032700PE.NFO,07/01/2020,09:26:57,1001.9,1034.4,20,1047.05,20,0,4420
BANKNIFTY30JAN2032700PE.NFO,07/01/2020,09:26:58,1001.9,1034.6,20,1048.6,20,0,4420
BANKNIFTY30JAN2032700PE.NFO,07/01/2020,09:27:00,1001.9,1035.25,20,1048.4,20,0,4420
BANKNIFTY30JAN2032700PE.NFO,07/01/2020,09:27:01,1001.9,1035.7,20,1055.15,40,0,4420
BANKNIFTY30JAN2032700PE.NFO,07/01/2020,09:27:02,1001.9,1035,20,1048.7,20,0,4420
BANKNIFTY30JAN2032700PE.NFO,07/01/2020,09:27:03,1001.9,1035.1,20,1050.85,20,0,4420
BANKNIFTY30JAN2032700PE.NFO,07/01/2020,09:27:05,1001.9,1035.3,20,1050.8,20,0,4420
BANKNIFTY30JAN2032700PE.NFO,07/01/2020,09:27:06,1001.9,1035.4,20,1050.85,20,0,4420
BANKNIFTY30JAN2032700PE.NFO,07/01/2020,09:27:07,1001.9,1037.6,20,1051.2,20,0,4420
BANKNIFTY30JAN2032700PE.NFO,07/01/2020,09:27:08,1001.9,1036.85,20,1050.15,20,0,4420
BANKNIFTY30JAN2032700PE.NFO,07/01/2020,09:27:09,1001.9,1034.1,20,1048.4,20,0,4420
BANKNIFTY30JAN2032700PE.NFO,07/01/2020,09:27:10,1001.9,1034.1,20,1048.2,20,0,4420
BANKNIFTY30JAN2032700PE.NFO,07/01/2020,09:27:12,1001.9,1034.1,20,1049,20,0,4420
BANKNIFTY30JAN2032700PE.NFO,07/01/2020,09:27:13,1001.9,1034.1,20,1046.7,20,0,4420
BANKNIFTY30JAN2032700PE.NFO,07/01/2020,09:27:14,1001.9,1030.55,20,1046.75,20,0,4420
BANKNIFTY30JAN2032700PE.NFO,07/01/2020,09:27:15,1001.9,1031.25,20,1045.4,20,0,4420
BANKNIFTY30JAN2032700PE.NFO,07/01/2020,09:27:16,1001.9,1029.5,20,1045,20,0,4420
BANKNIFTY30JAN2032700PE.NFO,07/01/2020,09:27:17,1001.9,1030.15,20,1045.25,20,0,4420
BANKNIFTY30JAN2032700PE.NFO,07/01/2020,09:27:19,1001.9,1032.05,20,1047.9,20,0,4420
BANKNIFTY30JAN2032700PE.NFO,07/01/2020,09:27:20,1001.9,1032.6,20,1047.3,20,0,4420
BANKNIFTY30JAN2032700PE.NFO,07/01/2020,09:27:21,1001.9,1032.2,20,1047.55,20,0,4420
BANKNIFTY30JAN2032700PE.NFO,07/01/2020,09:27:22,1001.9,1029.25,20,1043.15,20,0,4420
BANKNIFTY30JAN2032700PE.NFO,07/01/2020,09:27:23,1001.9,1027.55,20,1045.45,20,0,4420
BANKNIFTY30JAN2032700PE.NFO,07/01/2020,09:27:25,1001.9,1027.75,20,1044.25,20,0,4420
BANKNIFTY30JAN2032700PE.NFO,07/01/2020,09:27:26,1001.9,1028.15,20,1044.7,20,0,4420
BANKNIFTY30JAN2032700PE.NFO,07/01/2020,09:27:27,1001.9,1030.9,20,1048.95,40,0,4420
BANKNIFTY30JAN2032700PE.NFO,07/01/2020,09:27:28,1001.9,1031.85,20,1044.7,20,0,4420
BANKNIFTY30JAN2032700PE.NFO,07/01/2020,09:27:29,1001.9,1031.9,20,1044.55,20,0,4420
BANKNIFTY30JAN2032700PE.NFO,07/01/2020,09:27:30,1001.9,1032.35,20,1045.15,20,0,4420
BANKNIFTY30JAN2032700PE.NFO,07/01/2020,09:27:32,1001.9,1032.4,20,1047.35,20,0,4420
BANKNIFTY30JAN2032700PE.NFO,07/01/2020,09:27:33,1001.9,1034.1,20,1047.15,20,0,4420
BANKNIFTY30JAN2032700PE.NFO,07/01/2020,09:27:34,1001.9,1033.45,20,1047.6,20,0,4420
BANKNIFTY30JAN2032700PE.NFO,07/01/2020,09:27:35,1001.9,1033.45,20,1046.3,20,0,4420
BANKNIFTY30JAN2032700PE.NFO,07/01/2020,09:27:37,1001.9,1025.6,20,1045.1,20,0,4420
BANKNIFTY30JAN2032700PE.NFO,07/01/2020,09:27:38,1001.9,1028.8,40,1044.75,20,0,4420
BANKNIFTY30JAN2032700PE.NFO,07/01/2020,09:27:39,1001.9,1027.1,20,1044,20,0,4420
BANKNIFTY30JAN2032700PE.NFO,07/01/2020,09:27:40,1001.9,1027.75,20,1043,20,0,4420
BANKNIFTY30JAN2032700PE.NFO,07/01/2020,09:27:41,1001.9,1028.35,20,1042,20,0,4420
BANKNIFTY30JAN2032700PE.NFO,07/01/2020,09:27:42,1001.9,1027.5,20,1040.9,20,0,4420
BANKNIFTY30JAN2032700PE.NFO,07/01/2020,09:27:44,1001.9,1027.8,20,1043.25,20,0,4420
BANKNIFTY30JAN2032700PE.NFO,07/01/2020,09:27:45,1001.9,1027.5,20,1042.65,20,0,4420
BANKNIFTY30JAN2032700PE.NFO,07/01/2020,09:27:46,1001.9,1028.85,20,1042.5,20,0,4420
BANKNIFTY30JAN2032700PE.NFO,07/01/2020,09:27:47,1001.9,1028.45,20,1043.5,20,0,4420
BANKNIFTY30JAN2032700PE.NFO,07/01/2020,09:27:48,1001.9,1028.45,20,1043,20,0,4420
BANKNIFTY30JAN2032700PE.NFO,07/01/2020,09:27:50,1001.9,1029.25,20,1044.9,20,0,4420
BANKNIFTY30JAN2032700PE.NFO,07/01/2020,09:27:51,1001.9,1029.25,20,1040.8,20,0,4420
BANKNIFTY30JAN2032700PE.NFO,07/01/2020,09:27:52,1001.9,1022.85,20,1043.7,20,0,4420
BANKNIFTY30JAN2032700PE.NFO,07/01/2020,09:27:53,1001.9,1022.95,20,1040.05,20,0,4420
BANKNIFTY30JAN2032700PE.NFO,07/01/2020,09:27:54,1001.9,1023.15,20,1040.4,20,0,4420
BANKNIFTY30JAN2032700PE.NFO,07/01/2020,09:27:55,1001.9,1024.4,20,1039.55,20,0,4420
BANKNIFTY30JAN2032700PE.NFO,07/01/2020,09:27:57,1001.9,1024.7,20,1039.35,20,0,4420
BANKNIFTY30JAN2032700PE.NFO,07/01/2020,09:27:58,1001.9,1025.5,20,1042.45,20,0,4420
BANKNIFTY30JAN2032700PE.NFO,07/01/2020,09:27:59,1001.9,1029.4,20,1044.45,20,0,4420
BANKNIFTY30JAN2032700PE.NFO,07/01/2020,09:28:00,1001.9,1031.4,20,1059.1,20,0,4420
BANKNIFTY30JAN2032700PE.NFO,07/01/2020,09:28:01,1001.9,1032.65,20,1049.6,20,0,4420
BANKNIFTY30JAN2032700PE.NFO,07/01/2020,09:28:02,1001.9,1028.15,20,1044.85,20,0,4420
BANKNIFTY30JAN2032700PE.NFO,07/01/2020,09:28:04,1001.9,1028.7,20,1044.15,20,0,4420
BANKNIFTY30JAN2032700PE.NFO,07/01/2020,09:28:05,1001.9,1028.7,20,1042.95,20,0,4420
BANKNIFTY30JAN2032700PE.NFO,07/01/2020,09:28:06,1001.9,1029.7,20,1044.75,20,0,4420
BANKNIFTY30JAN2032700PE.NFO,07/01/2020,09:28:07,1001.9,1029.7,20,1045.15,20,0,4420
BANKNIFTY30JAN2032700PE.NFO,07/01/2020,09:28:08,1001.9,1030.25,20,1043.4,20,0,4420
BANKNIFTY30JAN2032700PE.NFO,07/01/2020,09:28:10,1001.9,1028.2,20,1050.7,40,0,4420
BANKNIFTY30JAN2032700PE.NFO,07/01/2020,09:28:11,1001.9,1033.7,20,1048.75,20,0,4420
BANKNIFTY30JAN2032700PE.NFO,07/01/2020,09:28:12,1001.9,1033.7,20,1049.65,20,0,4420
BANKNIFTY30JAN2032700PE.NFO,07/01/2020,09:28:13,1001.9,1033.7,20,1047.85,20,0,4420
BANKNIFTY30JAN2032700PE.NFO,07/01/2020,09:28:14,1001.9,1032.95,20,1047.7,20,0,4420
BANKNIFTY30JAN2032700PE.NFO,07/01/2020,09:28:16,1001.9,1035.4,20,1049.25,20,0,4420
BANKNIFTY30JAN2032700PE.NFO,07/01/2020,09:28:17,1001.9,1033.75,20,1049.55,20,0,4420
BANKNIFTY30JAN2032700PE.NFO,07/01/2020,09:28:18,1001.9,1035.15,20,1049.2,20,0,4420
BANKNIFTY30JAN2032700PE.NFO,07/01/2020,09:28:19,1001.9,1035.25,20,1052.85,20,0,4420
BANKNIFTY30JAN2032700PE.NFO,07/01/2020,09:28:20,1001.9,1038.7,20,1052.7,20,0,4420
BANKNIFTY30JAN2032700PE.NFO,07/01/2020,09:28:21,1001.9,1039.65,20,1053.6,20,0,4420
BANKNIFTY30JAN2032700PE.NFO,07/01/2020,09:28:23,1001.9,1038.6,20,1052.4,20,0,4420
BANKNIFTY30JAN2032700PE.NFO,07/01/2020,09:28:24,1001.9,1038.25,20,1052.8,20,0,4420
BANKNIFTY30JAN2032700PE.NFO,07/01/2020,09:28:25,1001.9,1038.85,20,1054.25,20,0,4420
BANKNIFTY30JAN2032700PE.NFO,07/01/2020,09:28:26,1001.9,1039.35,20,1053.25,20,0,4420
BANKNIFTY30JAN2032700PE.NFO,07/01/2020,09:28:27,1001.9,1041.15,20,1055.7,20,0,4420
BANKNIFTY30JAN2032700PE.NFO,07/01/2020,09:28:29,1001.9,1039.65,40,1054.25,20,0,4420
BANKNIFTY30JAN2032700PE.NFO,07/01/2020,09:28:30,1001.9,1039.65,20,1053.65,20,0,4420
BANKNIFTY30JAN2032700PE.NFO,07/01/2020,09:28:31,1001.9,1040.65,20,1055.6,20,0,4420
BANKNIFTY30JAN2032700PE.NFO,07/01/2020,09:28:32,1001.9,1040.35,20,1053.2,20,0,4420
BANKNIFTY30JAN2032700PE.NFO,07/01/2020,09:28:33,1001.9,1040.35,20,1052.15,20,0,4420
BANKNIFTY30JAN2032700PE.NFO,07/01/2020,09:28:34,1001.9,1039.1,20,1055,20,0,4420
BANKNIFTY30JAN2032700PE.NFO,07/01/2020,09:28:35,1001.9,1039.3,20,1055.3,20,0,4420
BANKNIFTY30JAN2032700PE.NFO,07/01/2020,09:28:37,1001.9,1042.4,20,1056.95,20,0,4420
BANKNIFTY30JAN2032700PE.NFO,07/01/2020,09:28:38,1001.9,1041.6,20,1056.6,20,0,4420
BANKNIFTY30JAN2032700PE.NFO,07/01/2020,09:28:39,1001.9,1040.15,20,1056.75,20,0,4420
BANKNIFTY30JAN2032700PE.NFO,07/01/2020,09:28:40,1001.9,1039.9,20,1053.95,20,0,4420
BANKNIFTY30JAN2032700PE.NFO,07/01/2020,09:28:41,1001.9,1039.9,20,1053.7,20,0,4420
BANKNIFTY30JAN2032700PE.NFO,07/01/2020,09:28:43,1001.9,1039.9,20,1054.3,20,0,4420
BANKNIFTY30JAN2032700PE.NFO,07/01/2020,09:28:44,1001.9,1041.35,20,1055.15,20,0,4420
BANKNIFTY30JAN2032700PE.NFO,07/01/2020,09:28:45,1001.9,1041.35,20,1053.65,20,0,4420
BANKNIFTY30JAN2032700PE.NFO,07/01/2020,09:28:46,1001.9,1041.35,20,1053.6,20,0,4420
BANKNIFTY30JAN2032700PE.NFO,07/01/2020,09:28:47,1001.9,1041.35,20,1052.35,20,0,4420
BANKNIFTY30JAN2032700PE.NFO,07/01/2020,09:28:48,1001.9,1036.9,20,1052,20,0,4420
BANKNIFTY30JAN2032700PE.NFO,07/01/2020,09:28:49,1001.9,1036.9,20,1051.35,20,0,4420
BANKNIFTY30JAN2032700PE.NFO,07/01/2020,09:28:50,1001.9,1036.9,20,1050.7,20,0,4420
BANKNIFTY30JAN2032700PE.NFO,07/01/2020,09:28:52,1001.9,1036.9,20,1049.25,20,0,4420
BANKNIFTY30JAN2032700PE.NFO,07/01/2020,09:28:53,1001.9,1036.9,20,1048.8,20,0,4420
BANKNIFTY30JAN2032700PE.NFO,07/01/2020,09:28:54,1001.9,1032.9,20,1049.4,20,0,4420
BANKNIFTY30JAN2032700PE.NFO,07/01/2020,09:28:55,1001.9,1034.05,20,1049.4,20,0,4420
BANKNIFTY30JAN2032700PE.NFO,07/01/2020,09:28:56,1001.9,1035.75,20,1050.35,20,0,4420
BANKNIFTY30JAN2032700PE.NFO,07/01/2020,09:28:57,1001.9,1036.3,20,1051.45,20,0,4420
BANKNIFTY30JAN2032700PE.NFO,07/01/2020,09:28:58,1001.9,1036.4,20,1051.85,20,0,4420
BANKNIFTY30JAN2032700PE.NFO,07/01/2020,09:29:00,1001.9,1037.9,20,1052.2,20,0,4420
BANKNIFTY30JAN2032700PE.NFO,07/01/2020,09:29:01,1001.9,1037.65,20,1054.05,20,0,4420
BANKNIFTY30JAN2032700PE.NFO,07/01/2020,09:29:02,1001.9,1037.65,20,1051.05,20,0,4420
BANKNIFTY30JAN2032700PE.NFO,07/01/2020,09:29:03,1001.9,1034.85,20,1050.25,20,0,4420
BANKNIFTY30JAN2032700PE.NFO,07/01/2020,09:29:04,1001.9,1032.85,20,1048.7,20,0,4420
BANKNIFTY30JAN2032700PE.NFO,07/01/2020,09:29:05,1001.9,1033.15,20,1047,20,0,4420
BANKNIFTY30JAN2032700PE.NFO,07/01/2020,09:29:07,1001.9,1028.45,20,1047.3,20,0,4420
BANKNIFTY30JAN2032700PE.NFO,07/01/2020,09:29:08,1001.9,1028.55,20,1046.2,20,0,4420
BANKNIFTY30JAN2032700PE.NFO,07/01/2020,09:29:09,1001.9,1028.55,20,1046.9,20,0,4420
BANKNIFTY30JAN2032700PE.NFO,07/01/2020,09:29:10,1001.9,1028.65,20,1045.85,20,0,4420
BANKNIFTY30JAN2032700PE.NFO,07/01/2020,09:29:11,1001.9,1031.1,20,1045.3,20,0,4420
BANKNIFTY30JAN2032700PE.NFO,07/01/2020,09:29:12,1001.9,1031.1,20,1044.15,20,0,4420
BANKNIFTY30JAN2032700PE.NFO,07/01/2020,09:29:14,1001.9,1031.1,20,1043.85,20,0,4420
BANKNIFTY30JAN2032700PE.NFO,07/01/2020,09:29:15,1001.9,1031.2,20,1047.75,20,0,4420
BANKNIFTY30JAN2032700PE.NFO,07/01/2020,09:29:16,1001.9,1031.15,20,1045.5,20,0,4420
BANKNIFTY30JAN2032700PE.NFO,07/01/2020,09:29:19,1001.9,1029.95,20,1044.6,20,0,4420
BANKNIFTY30JAN2032700PE.NFO,07/01/2020,09:29:20,1001.9,1032.4,20,1046.4,20,0,4420
BANKNIFTY30JAN2032700PE.NFO,07/01/2020,09:29:21,1001.9,1032.7,20,1046.3,20,0,4420
BANKNIFTY30JAN2032700PE.NFO,07/01/2020,09:29:22,1001.9,1029.2,40,1046.3,20,0,4420
BANKNIFTY30JAN2032700PE.NFO,07/01/2020,09:29:23,1001.9,1029.8,20,1045.45,20,0,4420
BANKNIFTY30JAN2032700PE.NFO,07/01/2020,09:29:24,1001.9,1029.85,20,1045.45,20,0,4420
BANKNIFTY30JAN2032700PE.NFO,07/01/2020,09:29:26,1001.9,1033.45,20,1045.45,20,0,4420
BANKNIFTY30JAN2032700PE.NFO,07/01/2020,09:29:27,1001.9,1029.8,20,1047.5,20,0,4420
BANKNIFTY30JAN2032700PE.NFO,07/01/2020,09:29:28,1001.9,1030.4,20,1048.4,20,0,4420
BANKNIFTY30JAN2032700PE.NFO,07/01/2020,09:29:29,1001.9,1033.8,20,1048.4,20,0,4420
BANKNIFTY30JAN2032700PE.NFO,07/01/2020,09:29:31,1001.9,1033.85,20,1048.05,20,0,4420
BANKNIFTY30JAN2032700PE.NFO,07/01/2020,09:29:32,1001.9,1035.85,20,1048.05,20,0,4420
BANKNIFTY30JAN2032700PE.NFO,07/01/2020,09:29:33,1001.9,1034.1,20,1048.05,20,0,4420
BANKNIFTY30JAN2032700PE.NFO,07/01/2020,09:29:34,1001.9,1033.9,20,1052.35,20,0,4420
BANKNIFTY30JAN2032700PE.NFO,07/01/2020,09:29:35,1001.9,1033.9,20,1049.35,20,0,4420
BANKNIFTY30JAN2032700PE.NFO,07/01/2020,09:29:36,1001.9,1034.5,20,1049.95,20,0,4420
BANKNIFTY30JAN2032700PE.NFO,07/01/2020,09:29:38,1001.9,1033.9,20,1050.1,20,0,4420
BANKNIFTY30JAN2032700PE.NFO,07/01/2020,09:29:39,1001.9,1035.85,20,1050.75,20,0,4420
BANKNIFTY30JAN2032700PE.NFO,07/01/2020,09:29:40,1065.85,1037.45,20,1056.75,20,120,4420
BANKNIFTY30JAN2032700PE.NFO,07/01/2020,09:29:40,1065.85,1037.45,20,1056.75,20,0,4420
BANKNIFTY30JAN2032700PE.NFO,07/01/2020,09:29:41,1065.85,1036.45,20,1050.4,20,0,4400
BANKNIFTY30JAN2032700PE.NFO,07/01/2020,09:29:42,1065.85,1035.85,20,1051.5,20,0,4400
BANKNIFTY30JAN2032700PE.NFO,07/01/2020,09:29:44,1065.85,1035.85,20,1052.4,20,0,4400
BANKNIFTY30JAN2032700PE.NFO,07/01/2020,09:29:45,1065.85,1038.85,20,1053,20,0,4400
BANKNIFTY30JAN2032700PE.NFO,07/01/2020,09:29:46,1065.85,1038.85,20,1053.55,20,0,4400
BANKNIFTY30JAN2032700PE.NFO,07/01/2020,09:29:47,1038.85,1031.45,20,1049.35,20,20,4400
BANKNIFTY30JAN2032700PE.NFO,07/01/2020,09:29:48,1038.85,1031.45,20,1048.1,20,0,4400
BANKNIFTY30JAN2032700PE.NFO,07/01/2020,09:29:49,1038.85,1031.45,20,1047.7,20,0,4400
BANKNIFTY30JAN2032700PE.NFO,07/01/2020,09:29:51,1038.85,1031.5,20,1050,20,0,4400
BANKNIFTY30JAN2032700PE.NFO,07/01/2020,09:29:52,1038.85,1031.45,20,1048.85,20,0,4400
BANKNIFTY30JAN2032700PE.NFO,07/01/2020,09:29:54,1038.85,1031.45,20,1048.95,20,0,4400
BANKNIFTY30JAN2032700PE.NFO,07/01/2020,09:29:55,1038.85,1031.85,20,1054.25,60,0,4400
BANKNIFTY30JAN2032700PE.NFO,07/01/2020,09:29:56,1038.85,1031.85,20,1048.3,20,0,4400
BANKNIFTY30JAN2032700PE.NFO,07/01/2020,09:29:57,1038.85,1031.85,20,1048.9,20,0,4400
BANKNIFTY30JAN2032700PE.NFO,07/01/2020,09:29:58,1038.85,1031.85,20,1047.65,20,0,4400
BANKNIFTY30JAN2032700PE.NFO,07/01/2020,09:30:00,1038.85,1031.85,20,1048.4,20,0,4400
BANKNIFTY30JAN2032700PE.NFO,07/01/2020,09:30:01,1038.85,1026.55,20,1048.25,20,0,4400
BANKNIFTY30JAN2032700PE.NFO,07/01/2020,09:30:02,1038.85,1026.65,20,1045.75,20,0,4400
BANKNIFTY30JAN2032700PE.NFO,07/01/2020,09:30:03,1038.85,1023.15,20,1043.75,20,0,4400
BANKNIFTY30JAN2032700PE.NFO,07/01/2020,09:30:04,1038.85,1025.25,20,1046.25,20,0,4400
BANKNIFTY30JAN2032700PE.NFO,07/01/2020,09:30:05,1038.85,1025.25,20,1043.55,20,0,4400
BANKNIFTY30JAN2032700PE.NFO,07/01/2020,09:30:07,1038.85,1025.25,20,1041.45,20,0,4400
BANKNIFTY30JAN2032700PE.NFO,07/01/2020,09:30:08,1038.85,1025.25,20,1041.7,20,0,4400
BANKNIFTY30JAN2032700PE.NFO,07/01/2020,09:30:09,1038.85,1025.25,20,1040.85,20,0,4400
BANKNIFTY30JAN2032700PE.NFO,07/01/2020,09:30:10,1038.85,1025.25,20,1040.3,20,0,4400
BANKNIFTY30JAN2032700PE.NFO,07/01/2020,09:30:11,1038.85,1019.15,20,1039.8,20,0,4400
BANKNIFTY30JAN2032700PE.NFO,07/01/2020,09:30:12,1038.85,1021.5,20,1038.65,20,0,4400
BANKNIFTY30JAN2032700PE.NFO,07/01/2020,09:30:14,1038.85,1021.5,20,1038.1,20,0,4400
BANKNIFTY30JAN2032700PE.NFO,07/01/2020,09:30:15,1038.85,1021.5,20,1040.05,20,0,4400
BANKNIFTY30JAN2032700PE.NFO,07/01/2020,09:30:16,1038.85,1021.5,20,1038.45,20,0,4400
BANKNIFTY30JAN2032700PE.NFO,07/01/2020,09:30:17,1038.85,1021.5,20,1037.55,20,0,4400
BANKNIFTY30JAN2032700PE.NFO,07/01/2020,09:30:18,1038.85,1021.5,20,1036.45,20,0,4400
BANKNIFTY30JAN2032700PE.NFO,07/01/2020,09:30:19,1038.85,1021.5,20,1036.75,20,0,4400
BANKNIFTY30JAN2032700PE.NFO,07/01/2020,09:30:20,1038.85,1017.25,20,1036.45,20,0,4400
BANKNIFTY30JAN2032700PE.NFO,07/01/2020,09:30:22,1038.85,1017.75,20,1035.9,20,0,4400
BANKNIFTY30JAN2032700PE.NFO,07/01/2020,09:30:23,1038.85,1017.8,40,1036.15,20,0,4400
BANKNIFTY30JAN2032700PE.NFO,07/01/2020,09:30:24,1038.85,1017.8,40,1033.7,20,0,4400
BANKNIFTY30JAN2032700PE.NFO,07/01/2020,09:30:25,1038.85,1017.8,40,1034,20,0,4400
BANKNIFTY30JAN2032700PE.NFO,07/01/2020,09:30:26,1038.85,1017.8,40,1033.35,20,0,4400
BANKNIFTY30JAN2032700PE.NFO,07/01/2020,09:30:28,1038.85,1017.8,40,1035.45,20,0,4400
BANKNIFTY30JAN2032700PE.NFO,07/01/2020,09:30:29,1038.85,1017.8,40,1032.5,20,0,4400
BANKNIFTY30JAN2032700PE.NFO,07/01/2020,09:30:30,1038.85,1017.8,40,1032.1,20,0,4400
BANKNIFTY30JAN2032700PE.NFO,07/01/2020,09:30:31,1038.85,1012.95,20,1031.45,20,0,4400
BANKNIFTY30JAN2032700PE.NFO,07/01/2020,09:30:32,1038.85,1012.05,20,1029.9,20,0,4400
BANKNIFTY30JAN2032700PE.NFO,07/01/2020,09:30:34,1038.85,1012.4,20,1029.7,20,0,4400
BANKNIFTY30JAN2032700PE.NFO,07/01/2020,09:30:35,1038.85,1013.4,20,1032.7,20,0,4400
BANKNIFTY30JAN2032700PE.NFO,07/01/2020,09:30:36,1038.85,1013.25,20,1031.35,20,0,4400
BANKNIFTY30JAN2032700PE.NFO,07/01/2020,09:30:37,1038.85,1014.15,20,1036.45,60,0,4400
BANKNIFTY30JAN2032700PE.NFO,07/01/2020,09:30:39,1038.85,1014.3,40,1031.5,20,0,4400
BANKNIFTY30JAN2032700PE.NFO,07/01/2020,09:30:40,1038.85,1014.3,20,1031.5,20,0,4400
BANKNIFTY30JAN2032700PE.NFO,07/01/2020,09:30:41,1038.85,1010.55,20,1031.1,20,0,4400
BANKNIFTY30JAN2032700PE.NFO,07/01/2020,09:30:42,1038.85,1013.85,40,1031.1,20,0,4400
BANKNIFTY30JAN2032700PE.NFO,07/01/2020,09:30:43,1038.85,1013.95,20,1031.75,20,0,4400
BANKNIFTY30JAN2032700PE.NFO,07/01/2020,09:30:45,1038.85,1013.95,20,1031.6,20,0,4400
BANKNIFTY30JAN2032700PE.NFO,07/01/2020,09:30:46,1038.85,1012.2,20,1031.2,20,0,4400
BANKNIFTY30JAN2032700PE.NFO,07/01/2020,09:30:47,1038.85,1014.6,40,1034.25,20,0,4400
BANKNIFTY30JAN2032700PE.NFO,07/01/2020,09:30:48,1038.85,1014.7,20,1031.95,20,0,4400
BANKNIFTY30JAN2032700PE.NFO,07/01/2020,09:30:49,1038.85,1014.7,20,1033,20,0,4400
BANKNIFTY30JAN2032700PE.NFO,07/01/2020,09:30:51,1038.85,1014.7,20,1031.95,20,0,4400
BANKNIFTY30JAN2032700PE.NFO,07/01/2020,09:30:52,1038.85,1014.7,20,1030.8,20,0,4400
BANKNIFTY30JAN2032700PE.NFO,07/01/2020,09:30:53,1038.85,1014.7,20,1032.35,20,0,4400
BANKNIFTY30JAN2032700PE.NFO,07/01/2020,09:30:54,1038.85,1014.7,20,1031.7,20,0,4400
BANKNIFTY30JAN2032700PE.NFO,07/01/2020,09:30:55,1038.85,1014.7,20,1031.9,20,0,4400
BANKNIFTY30JAN2032700PE.NFO,07/01/2020,09:30:56,1038.85,1014.7,20,1032.35,20,0,4400
BANKNIFTY30JAN2032700PE.NFO,07/01/2020,09:30:58,1038.85,1014.7,20,1032.65,20,0,4400
BANKNIFTY30JAN2032700PE.NFO,07/01/2020,09:30:59,1038.85,1015.4,20,1032.55,20,0,4400
BANKNIFTY30JAN2032700PE.NFO,07/01/2020,09:31:00,1038.85,1015.4,20,1031.55,20,0,4400
BANKNIFTY30JAN2032700PE.NFO,07/01/2020,09:31:01,1038.85,1009.3,20,1028.35,20,0,4400
BANKNIFTY30JAN2032700PE.NFO,07/01/2020,09:31:02,1038.85,1010,20,1028.45,20,0,4400
BANKNIFTY30JAN2032700PE.NFO,07/01/2020,09:31:03,1038.85,1010.1,20,1027.85,20,0,4400
BANKNIFTY30JAN2032700PE.NFO,07/01/2020,09:31:05,1038.85,1011.2,40,1030.05,20,0,4400
BANKNIFTY30JAN2032700PE.NFO,07/01/2020,09:31:06,1038.85,1011.2,20,1028.55,20,0,4400
BANKNIFTY30JAN2032700PE.NFO,07/01/2020,09:31:07,1038.85,1011.55,20,1028.6,20,0,4400
BANKNIFTY30JAN2032700PE.NFO,07/01/2020,09:31:08,1038.85,1011.55,20,1027.45,20,0,4400
BANKNIFTY30JAN2032700PE.NFO,07/01/2020,09:31:09,1038.85,1011.55,20,1024.75,20,0,4400
BANKNIFTY30JAN2032700PE.NFO,07/01/2020,09:31:10,1038.85,1011.65,20,1030.45,20,0,4400
BANKNIFTY30JAN2032700PE.NFO,07/01/2020,09:31:12,1038.85,1011.6,20,1028.6,20,0,4400
BANKNIFTY30JAN2032700PE.NFO,07/01/2020,09:31:13,1038.85,1009,20,1028.25,20,0,4400
BANKNIFTY30JAN2032700PE.NFO,07/01/2020,09:31:14,1038.85,1009,20,1026.3,20,0,4400
BANKNIFTY30JAN2032700PE.NFO,07/01/2020,09:31:15,1038.85,1009,20,1025.7,20,0,4400
BANKNIFTY30JAN2032700PE.NFO,07/01/2020,09:31:17,1038.85,1002.9,60,1029,20,0,4400
BANKNIFTY30JAN2032700PE.NFO,07/01/2020,09:31:19,1038.85,1004.9,20,1024.2,20,0,4400
BANKNIFTY30JAN2032700PE.NFO,07/01/2020,09:31:20,1038.85,1002.95,20,1024.85,20,0,4400
BANKNIFTY30JAN2032700PE.NFO,07/01/2020,09:31:21,1038.85,1003.15,20,1021.75,20,0,4400
BANKNIFTY30JAN2032700PE.NFO,07/01/2020,09:31:22,1038.85,1004.1,20,1021.3,20,0,4400
BANKNIFTY30JAN2032700PE.NFO,07/01/2020,09:31:23,1038.85,1004.1,20,1022.65,20,0,4400
BANKNIFTY30JAN2032700PE.NFO,07/01/2020,09:31:25,1038.85,1004.1,20,1032.95,60,0,4400
BANKNIFTY30JAN2032700PE.NFO,07/01/2020,09:31:26,1038.85,1004.1,20,1020.85,20,0,4400
BANKNIFTY30JAN2032700PE.NFO,07/01/2020,09:31:27,1038.85,1002.65,20,1018.9,20,0,4400
BANKNIFTY30JAN2032700PE.NFO,07/01/2020,09:31:28,1038.85,1002.65,20,1018.3,20,0,4400
BANKNIFTY30JAN2032700PE.NFO,07/01/2020,09:31:30,1038.85,1002.65,20,1027.55,60,0,4400
BANKNIFTY30JAN2032700PE.NFO,07/01/2020,09:31:31,1038.85,1002.65,20,1017.65,20,0,4400
BANKNIFTY30JAN2032700PE.NFO,07/01/2020,09:31:32,1038.85,1002.65,20,1017.85,20,0,4400
BANKNIFTY30JAN2032700PE.NFO,07/01/2020,09:31:33,1038.85,1002.65,20,1020.2,20,0,4400
BANKNIFTY30JAN2032700PE.NFO,07/01/2020,09:31:34,1038.85,1002.65,20,1019.8,20,0,4400
BANKNIFTY30JAN2032700PE.NFO,07/01/2020,09:31:35,1038.85,1002.65,20,1020.2,20,0,4400
BANKNIFTY30JAN2032700PE.NFO,07/01/2020,09:31:37,1038.85,1002.65,20,1019.25,20,0,4400
BANKNIFTY30JAN2032700PE.NFO,07/01/2020,09:31:38,1038.85,1001.95,20,1017.5,20,0,4400
BANKNIFTY30JAN2032700PE.NFO,07/01/2020,09:31:39,1038.85,1001.95,20,1018.85,20,0,4400
BANKNIFTY30JAN2032700PE.NFO,07/01/2020,09:31:40,1038.85,1001.95,20,1018,20,0,4400
BANKNIFTY30JAN2032700PE.NFO,07/01/2020,09:31:42,1038.85,1001.95,20,1017.85,20,0,4400
BANKNIFTY30JAN2032700PE.NFO,07/01/2020,09:31:43,1038.85,1001.95,20,1018.3,20,0,4400
BANKNIFTY30JAN2032700PE.NFO,07/01/2020,09:31:44,1038.85,1001.95,20,1018.55,20,0,4400
BANKNIFTY30JAN2032700PE.NFO,07/01/2020,09:31:45,1038.85,1001.95,20,1018.3,20,0,4400
BANKNIFTY30JAN2032700PE.NFO,07/01/2020,09:31:47,1038.85,1001.95,20,1017.4,20,0,4400
BANKNIFTY30JAN2032700PE.NFO,07/01/2020,09:31:48,1038.85,1001.95,20,1017.2,20,0,4400
BANKNIFTY30JAN2032700PE.NFO,07/01/2020,09:31:49,1038.85,995.95,20,1016.65,20,0,4400
BANKNIFTY30JAN2032700PE.NFO,07/01/2020,09:31:50,1038.85,999.15,20,1020.9,20,0,4400
BANKNIFTY30JAN2032700PE.NFO,07/01/2020,09:31:51,1038.85,997.15,20,1017.55,20,0,4400
BANKNIFTY30JAN2032700PE.NFO,07/01/2020,09:31:53,1038.85,997.55,20,1016.45,20,0,4400
BANKNIFTY30JAN2032700PE.NFO,07/01/2020,09:31:54,1038.85,997.5,20,1015.8,20,0,4400
BANKNIFTY30JAN2032700PE.NFO,07/01/2020,09:31:56,1038.85,997.5,20,1015.95,20,0,4400
BANKNIFTY30JAN2032700PE.NFO,07/01/2020,09:31:59,1038.85,998.05,40,1017.35,20,0,4400
BANKNIFTY30JAN2032700PE.NFO,07/01/2020,09:32:00,1038.85,998,20,1016.85,20,0,4400
BANKNIFTY30JAN2032700PE.NFO,07/01/2020,09:32:01,1038.85,998,20,1013.25,20,0,4400
BANKNIFTY30JAN2032700PE.NFO,07/01/2020,09:32:03,1038.85,998,20,1013.35,20,0,4400
BANKNIFTY30JAN2032700PE.NFO,07/01/2020,09:32:05,1038.85,998,20,1013.2,20,0,4400
BANKNIFTY30JAN2032700PE.NFO,07/01/2020,09:32:06,1038.85,998,20,1013.9,20,0,4400
BANKNIFTY30JAN2032700PE.NFO,07/01/2020,09:32:07,1038.85,998.05,20,1015.15,20,0,4400
BANKNIFTY30JAN2032700PE.NFO,07/01/2020,09:32:08,1038.85,1000,20,1017.85,20,0,4400
BANKNIFTY30JAN2032700PE.NFO,07/01/2020,09:32:09,1038.85,1000.55,40,1018.2,20,0,4400
BANKNIFTY30JAN2032700PE.NFO,07/01/2020,09:32:10,1038.85,1001.2,20,1019.5,20,0,4400
BANKNIFTY30JAN2032700PE.NFO,07/01/2020,09:32:12,1038.85,998.2,20,1017.95,20,0,4400
BANKNIFTY30JAN2032700PE.NFO,07/01/2020,09:32:13,1038.85,998.8,20,1016.1,20,0,4400
BANKNIFTY30JAN2032700PE.NFO,07/01/2020,09:32:14,1038.85,995.6,20,1012.3,20,0,4400
BANKNIFTY30JAN2032700PE.NFO,07/01/2020,09:32:15,1038.85,995.65,20,1011.7,20,0,4400
BANKNIFTY30JAN2032700PE.NFO,07/01/2020,09:32:16,1038.85,996.25,40,1012.6,20,0,4400
BANKNIFTY30JAN2032700PE.NFO,07/01/2020,09:32:18,1038.85,996.25,20,1013.2,20,0,4400
BANKNIFTY30JAN2032700PE.NFO,07/01/2020,09:32:19,1038.85,991.05,40,1010.45,20,0,4400
BANKNIFTY30JAN2032700PE.NFO,07/01/2020,09:32:20,1038.85,991.9,20,1010.2,20,0,4400
BANKNIFTY30JAN2032700PE.NFO,07/01/2020,09:32:21,1038.85,993.1,20,1011.9,20,0,4400
BANKNIFTY30JAN2032700PE.NFO,07/01/2020,09:32:23,1038.85,993.1,20,1012.4,20,0,4400
BANKNIFTY30JAN2032700PE.NFO,07/01/2020,09:32:24,1038.85,987.85,20,1007.35,20,0,4400
BANKNIFTY30JAN2032700PE.NFO,07/01/2020,09:32:25,1038.85,989.6,20,1010.45,20,0,4400
BANKNIFTY30JAN2032700PE.NFO,07/01/2020,09:32:26,1038.85,989.65,20,1004.5,20,0,4400
BANKNIFTY30JAN2032700PE.NFO,07/01/2020,09:32:28,1038.85,984.3,20,1003.8,20,0,4400
BANKNIFTY30JAN2032700PE.NFO,07/01/2020,09:32:29,1038.85,984.35,40,1003.8,20,0,4400
BANKNIFTY30JAN2032700PE.NFO,07/01/2020,09:32:30,1038.85,987.3,20,1026.05,100,0,4400
BANKNIFTY30JAN2032700PE.NFO,07/01/2020,09:32:32,1038.85,981.45,20,1003.3,20,0,4400
BANKNIFTY30JAN2032700PE.NFO,07/01/2020,09:32:33,1038.85,984.3,20,1003.05,20,0,4400
BANKNIFTY30JAN2032700PE.NFO,07/01/2020,09:32:34,1038.85,984.6,20,1003.3,20,0,4400
BANKNIFTY30JAN2032700PE.NFO,07/01/2020,09:32:36,1038.85,984.6,20,1006.9,20,0,4400
BANKNIFTY30JAN2032700PE.NFO,07/01/2020,09:32:37,1038.85,980.35,20,1002.15,20,0,4400
BANKNIFTY30JAN2032700PE.NFO,07/01/2020,09:32:38,1038.85,980.55,20,1004.65,20,0,4400
BANKNIFTY30JAN2032700PE.NFO,07/01/2020,09:32:39,1038.85,980.5,20,1000.3,20,0,4400
BANKNIFTY30JAN2032700PE.NFO,07/01/2020,09:32:40,1038.85,975.95,20,999,20,0,4400
BANKNIFTY30JAN2032700PE.NFO,07/01/2020,09:32:42,1038.85,976.85,20,999,20,0,4400
BANKNIFTY30JAN2032700PE.NFO,07/01/2020,09:32:43,1038.85,980.9,20,998.95,20,0,4400
BANKNIFTY30JAN2032700PE.NFO,07/01/2020,09:32:45,1038.85,980.9,20,998.5,20,0,4400
BANKNIFTY30JAN2032700PE.NFO,07/01/2020,09:32:47,1038.85,980.9,20,997.9,20,0,4400
BANKNIFTY30JAN2032700PE.NFO,07/01/2020,09:32:48,1038.85,980.9,20,997.2,20,0,4400
BANKNIFTY30JAN2032700PE.NFO,07/01/2020,09:32:49,1038.85,980.9,20,998.65,20,0,4400
BANKNIFTY30JAN2032700PE.NFO,07/01/2020,09:32:50,1038.85,980.9,20,998.9,20,0,4400
BANKNIFTY30JAN2032700PE.NFO,07/01/2020,09:32:51,1038.85,980.9,20,1002.25,20,0,4400
BANKNIFTY30JAN2032700PE.NFO,07/01/2020,09:32:53,1038.85,980.9,20,997.6,20,0,4400
BANKNIFTY30JAN2032700PE.NFO,07/01/2020,09:32:54,1038.85,980.9,20,999.15,20,0,4400
BANKNIFTY30JAN2032700PE.NFO,07/01/2020,09:32:55,1038.85,980.9,20,999.35,20,0,4400
BANKNIFTY30JAN2032700PE.NFO,07/01/2020,09:32:56,1038.85,980.9,20,1000.65,20,0,4400
BANKNIFTY30JAN2032700PE.NFO,07/01/2020,09:32:57,1038.85,981.85,20,1001.4,20,0,4400
BANKNIFTY30JAN2032700PE.NFO,07/01/2020,09:32:58,1038.85,981.1,20,1001.4,20,0,4400
BANKNIFTY30JAN2032700PE.NFO,07/01/2020,09:32:59,1038.85,981.15,20,1000.8,20,0,4400
BANKNIFTY30JAN2032700PE.NFO,07/01/2020,09:33:00,1038.85,981.15,20,999.6,20,0,4400
BANKNIFTY30JAN2032700PE.NFO,07/01/2020,09:33:02,1038.85,981.2,20,999.9,20,0,4400
BANKNIFTY30JAN2032700PE.NFO,07/01/2020,09:33:03,1038.85,981.15,20,998.85,20,0,4400
BANKNIFTY30JAN2032700PE.NFO,07/01/2020,09:33:04,1038.85,981.2,20,998.85,20,0,4400
BANKNIFTY30JAN2032700PE.NFO,07/01/2020,09:33:05,1038.85,984.2,20,1003.55,20,0,4400
BANKNIFTY30JAN2032700PE.NFO,07/01/2020,09:33:06,1038.85,985.75,20,1003.3,20,0,4400
BANKNIFTY30JAN2032700PE.NFO,07/01/2020,09:33:07,1038.85,985.65,20,1005.45,20,0,4400
BANKNIFTY30JAN2032700PE.NFO,07/01/2020,09:33:09,1038.85,985.65,20,1002.45,20,0,4400
BANKNIFTY30JAN2032700PE.NFO,07/01/2020,09:33:10,1038.85,982.65,20,1001.55,20,0,4400
BANKNIFTY30JAN2032700PE.NFO,07/01/2020,09:33:11,1038.85,982.65,20,1001.05,20,0,4400
BANKNIFTY30JAN2032700PE.NFO,07/01/2020,09:33:12,1038.85,982.65,20,999.1,20,0,4400
BANKNIFTY30JAN2032700PE.NFO,07/01/2020,09:33:13,1038.85,982.65,20,998.15,20,0,4400
BANKNIFTY30JAN2032700PE.NFO,07/01/2020,09:33:14,1038.85,977.9,40,997.3,20,0,4400
BANKNIFTY30JAN2032700PE.NFO,07/01/2020,09:33:16,1038.85,981.65,20,1007.75,60,0,4400
BANKNIFTY30JAN2032700PE.NFO,07/01/2020,09:33:17,1038.85,981.7,20,998.65,20,0,4400
BANKNIFTY30JAN2032700PE.NFO,07/01/2020,09:33:18,1038.85,981.75,20,998.45,20,0,4400
BANKNIFTY30JAN2032700PE.NFO,07/01/2020,09:33:19,1038.85,981.75,20,999.1,20,0,4400
BANKNIFTY30JAN2032700PE.NFO,07/01/2020,09:33:20,1038.85,981.7,20,997.65,20,0,4400
BANKNIFTY30JAN2032700PE.NFO,07/01/2020,09:33:21,1038.85,981.7,20,999.45,20,0,4400
BANKNIFTY30JAN2032700PE.NFO,07/01/2020,09:33:22,1038.85,981.7,20,999.1,20,0,4400
BANKNIFTY30JAN2032700PE.NFO,07/01/2020,09:33:24,1038.85,981.7,20,999.55,20,0,4400
BANKNIFTY30JAN2032700PE.NFO,07/01/2020,09:33:25,1038.85,981.7,20,998.95,20,0,4400
BANKNIFTY30JAN2032700PE.NFO,07/01/2020,09:33:26,1038.85,981.7,20,998.35,20,0,4400
BANKNIFTY30JAN2032700PE.NFO,07/01/2020,09:33:27,1038.85,981.7,20,997,20,0,4400
BANKNIFTY30JAN2032700PE.NFO,07/01/2020,09:33:28,1038.85,981.8,20,999.45,20,0,4400
BANKNIFTY30JAN2032700PE.NFO,07/01/2020,09:33:29,1038.85,981.7,20,999.15,20,0,4400
BANKNIFTY30JAN2032700PE.NFO,07/01/2020,09:33:30,1038.85,978.1,20,997.65,20,0,4400
BANKNIFTY30JAN2032700PE.NFO,07/01/2020,09:33:31,1038.85,978.1,20,998.2,20,0,4400
BANKNIFTY30JAN2032700PE.NFO,07/01/2020,09:33:33,1038.85,978.6,20,998.25,20,0,4400
BANKNIFTY30JAN2032700PE.NFO,07/01/2020,09:33:34,1038.85,979.7,20,998.25,20,0,4400
BANKNIFTY30JAN2032700PE.NFO,07/01/2020,09:33:35,1038.85,979.7,20,997.75,20,0,4400
BANKNIFTY30JAN2032700PE.NFO,07/01/2020,09:33:36,1038.85,979.65,20,996.45,20,0,4400
BANKNIFTY30JAN2032700PE.NFO,07/01/2020,09:33:37,1038.85,979.65,20,997,20,0,4400
BANKNIFTY30JAN2032700PE.NFO,07/01/2020,09:33:38,1038.85,979.65,20,997.35,20,0,4400
BANKNIFTY30JAN2032700PE.NFO,07/01/2020,09:33:39,1038.85,979.65,20,996.85,20,0,4400
BANKNIFTY30JAN2032700PE.NFO,07/01/2020,09:33:40,1038.85,973.55,20,992.75,20,0,4400
BANKNIFTY30JAN2032700PE.NFO,07/01/2020,09:33:42,1038.85,974.35,20,995.5,20,0,4400
BANKNIFTY30JAN2032700PE.NFO,07/01/2020,09:33:43,1038.85,974.35,20,993.25,20,0,4400
BANKNIFTY30JAN2032700PE.NFO,07/01/2020,09:33:44,1038.85,974.85,20,995.1,20,0,4400
BANKNIFTY30JAN2032700PE.NFO,07/01/2020,09:33:45,1038.85,975.4,20,994.8,20,0,4400
BANKNIFTY30JAN2032700PE.NFO,07/01/2020,09:33:46,1038.85,975.75,20,994.35,20,0,4400
BANKNIFTY30JAN2032700PE.NFO,07/01/2020,09:33:49,1038.85,976.2,20,993.2,20,0,4400
BANKNIFTY30JAN2032700PE.NFO,07/01/2020,09:33:50,1038.85,976.2,20,993,20,0,4400
BANKNIFTY30JAN2032700PE.NFO,07/01/2020,09:33:51,1038.85,976.2,20,991,20,0,4400
BANKNIFTY30JAN2032700PE.NFO,07/01/2020,09:33:52,1038.85,976.2,20,990.9,20,0,4400
BANKNIFTY30JAN2032700PE.NFO,07/01/2020,09:33:55,1038.85,976.2,20,992.35,20,0,4400
BANKNIFTY30JAN2032700PE.NFO,07/01/2020,09:33:56,1038.85,976.2,20,991.5,20,0,4400
BANKNIFTY30JAN2032700PE.NFO,07/01/2020,09:33:57,1038.85,976.2,20,991,20,0,4400
BANKNIFTY30JAN2032700PE.NFO,07/01/2020,09:33:58,1038.85,976.2,20,990.2,20,0,4400
BANKNIFTY30JAN2032700PE.NFO,07/01/2020,09:33:59,1038.85,976.2,20,990.05,20,0,4400
BANKNIFTY30JAN2032700PE.NFO,07/01/2020,09:34:01,1038.85,971.95,20,988.9,20,0,4400
BANKNIFTY30JAN2032700PE.NFO,07/01/2020,09:34:02,1038.85,971.75,20,987.65,20,0,4400
BANKNIFTY30JAN2032700PE.NFO,07/01/2020,09:34:03,1038.85,973.05,20,993.2,20,0,4400
BANKNIFTY30JAN2032700PE.NFO,07/01/2020,09:34:04,1038.85,974.7,20,993.8,20,0,4400
BANKNIFTY30JAN2032700PE.NFO,07/01/2020,09:34:07,1038.85,976,20,993.15,20,0,4400
BANKNIFTY30JAN2032700PE.NFO,07/01/2020,09:34:08,1038.85,978.65,20,998.25,20,0,4400
BANKNIFTY30JAN2032700PE.NFO,07/01/2020,09:34:10,1038.85,979.6,20,1000.7,20,0,4400
BANKNIFTY30JAN2032700PE.NFO,07/01/2020,09:34:11,1038.85,979.9,20,999.45,20,0,4400
BANKNIFTY30JAN2032700PE.NFO,07/01/2020,09:34:12,1038.85,979.9,20,999.5,20,0,4400
BANKNIFTY30JAN2032700PE.NFO,07/01/2020,09:34:13,1038.85,979.75,20,997.95,20,0,4400
BANKNIFTY30JAN2032700PE.NFO,07/01/2020,09:34:14,1038.85,979.75,20,997.35,20,0,4400
BANKNIFTY30JAN2032700PE.NFO,07/01/2020,09:34:16,1038.85,980.25,20,997.35,20,0,4400
BANKNIFTY30JAN2032700PE.NFO,07/01/2020,09:34:17,1038.85,980.45,20,997.35,20,0,4400
BANKNIFTY30JAN2032700PE.NFO,07/01/2020,09:34:18,1038.85,981.2,20,997.35,20,0,4400
BANKNIFTY30JAN2032700PE.NFO,07/01/2020,09:34:20,1038.85,982.5,20,1004.05,20,0,4400
BANKNIFTY30JAN2032700PE.NFO,07/01/2020,09:34:22,1038.85,982.45,20,1001.6,20,0,4400
BANKNIFTY30JAN2032700PE.NFO,07/01/2020,09:34:23,1038.85,983.35,20,1001.6,20,0,4400
BANKNIFTY30JAN2032700PE.NFO,07/01/2020,09:34:24,1038.85,984.45,20,1001.6,20,0,4400
BANKNIFTY30JAN2032700PE.NFO,07/01/2020,09:34:26,1038.85,984.9,20,1001.6,20,0,4400
BANKNIFTY30JAN2032700PE.NFO,07/01/2020,09:34:27,1038.85,988.4,20,1008.2,20,0,4400
BANKNIFTY30JAN2032700PE.NFO,07/01/2020,09:34:29,1038.85,988.55,20,1007.35,20,0,4400
BANKNIFTY30JAN2032700PE.NFO,07/01/2020,09:34:30,1038.85,989.1,20,1010.7,20,0,4400
BANKNIFTY30JAN2032700PE.NFO,07/01/2020,09:34:31,1038.85,990.15,20,1008.55,20,0,4400
BANKNIFTY30JAN2032700PE.NFO,07/01/2020,09:34:32,1038.85,990.65,20,1008.55,20,0,4400
BANKNIFTY30JAN2032700PE.NFO,07/01/2020,09:34:33,1038.85,993.05,20,1012.1,20,0,4400
BANKNIFTY30JAN2032700PE.NFO,07/01/2020,09:34:35,1038.85,994.2,20,1011.75,20,0,4400
BANKNIFTY30JAN2032700PE.NFO,07/01/2020,09:34:36,1038.85,994.05,20,1011.05,20,0,4400
BANKNIFTY30JAN2032700PE.NFO,07/01/2020,09:34:38,1038.85,994.8,20,1011.05,20,0,4400
BANKNIFTY30JAN2032700PE.NFO,07/01/2020,09:34:39,1038.85,995.2,20,1011.05,20,0,4400
BANKNIFTY30JAN2032700PE.NFO,07/01/2020,09:34:41,1038.85,991.75,20,1009.5,20,0,4400
BANKNIFTY30JAN2032700PE.NFO,07/01/2020,09:34:42,1038.85,992.05,20,1009.5,20,0,4400
BANKNIFTY30JAN2032700PE.NFO,07/01/2020,09:34:43,1038.85,989.1,20,1011.55,40,0,4400
BANKNIFTY30JAN2032700PE.NFO,07/01/2020,09:34:44,1038.85,991,20,1010.95,20,0,4400
BANKNIFTY30JAN2032700PE.NFO,07/01/2020,09:34:45,1038.85,992.4,20,1010.6,20,0,4400
BANKNIFTY30JAN2032700PE.NFO,07/01/2020,09:34:46,1038.85,993,20,1013.7,20,0,4400
BANKNIFTY30JAN2032700PE.NFO,07/01/2020,09:34:48,1038.85,993.3,20,1010.25,20,0,4400
BANKNIFTY30JAN2032700PE.NFO,07/01/2020,09:34:49,1038.85,993.3,20,1009.8,20,0,4400
BANKNIFTY30JAN2032700PE.NFO,07/01/2020,09:34:50,1038.85,993.3,20,1008.7,20,0,4400
BANKNIFTY30JAN2032700PE.NFO,07/01/2020,09:34:51,1038.85,987.05,40,1011.5,20,0,4400
BANKNIFTY30JAN2032700PE.NFO,07/01/2020,09:34:52,1038.85,987.15,20,1006.95,20,0,4400
BANKNIFTY30JAN2032700PE.NFO,07/01/2020,09:34:53,1038.85,988.7,40,1009.8,20,0,4400
BANKNIFTY30JAN2032700PE.NFO,07/01/2020,09:34:55,1038.85,992.15,20,1011.75,20,0,4400
BANKNIFTY30JAN2032700PE.NFO,07/01/2020,09:34:56,1038.85,993,20,1011.6,20,0,4400
BANKNIFTY30JAN2032700PE.NFO,07/01/2020,09:34:57,1038.85,993.05,20,1010.3,20,0,4400
BANKNIFTY30JAN2032700PE.NFO,07/01/2020,09:34:58,1038.85,993.05,20,1009.5,20,0,4400
BANKNIFTY30JAN2032700PE.NFO,07/01/2020,09:34:59,1038.85,987.95,20,1007,20,0,4400
BANKNIFTY30JAN2032700PE.NFO,07/01/2020,09:35:01,1038.85,988.7,20,1006.55,20,0,4400
BANKNIFTY30JAN2032700PE.NFO,07/01/2020,09:35:02,1038.85,988.7,20,1018.3,20,0,4400
BANKNIFTY30JAN2032700PE.NFO,07/01/2020,09:35:03,1038.85,988.9,20,1006.3,20,0,4400
BANKNIFTY30JAN2032700PE.NFO,07/01/2020,09:35:04,1038.85,989,20,1015.55,20,0,4400
BANKNIFTY30JAN2032700PE.NFO,07/01/2020,09:35:06,1038.85,988.95,20,1006.7,20,0,4400
BANKNIFTY30JAN2032700PE.NFO,07/01/2020,09:35:07,1038.85,989,20,1006.9,20,0,4400
BANKNIFTY30JAN2032700PE.NFO,07/01/2020,09:35:08,1038.85,991,20,1008.65,20,0,4400
BANKNIFTY30JAN2032700PE.NFO,07/01/2020,09:35:09,1038.85,992.6,20,1008.95,20,0,4400
BANKNIFTY30JAN2032700PE.NFO,07/01/2020,09:35:10,1038.85,992.55,20,1007.5,20,0,4400
BANKNIFTY30JAN2032700PE.NFO,07/01/2020,09:35:11,1038.85,992.55,20,1006.75,20,0,4400
BANKNIFTY30JAN2032700PE.NFO,07/01/2020,09:35:12,1038.85,992.55,20,1019.45,40,0,4400
BANKNIFTY30JAN2032700PE.NFO,07/01/2020,09:35:14,1038.85,992.6,20,1009.55,20,0,4400
BANKNIFTY30JAN2032700PE.NFO,07/01/2020,09:35:15,1038.85,989.65,20,1006.95,20,0,4400
BANKNIFTY30JAN2032700PE.NFO,07/01/2020,09:35:16,1038.85,989.65,20,1009.75,20,0,4400
BANKNIFTY30JAN2032700PE.NFO,07/01/2020,09:35:18,1038.85,990.15,20,1009.1,20,0,4400
BANKNIFTY30JAN2032700PE.NFO,07/01/2020,09:35:19,1038.85,992.65,20,1011.75,20,0,4400
BANKNIFTY30JAN2032700PE.NFO,07/01/2020,09:35:20,1038.85,993.3,20,1010.7,20,0,4400
BANKNIFTY30JAN2032700PE.NFO,07/01/2020,09:35:22,1038.85,994.4,20,1011.9,20,0,4400
BANKNIFTY30JAN2032700PE.NFO,07/01/2020,09:35:23,1038.85,995.25,20,1013.55,20,0,4400
BANKNIFTY30JAN2032700PE.NFO,07/01/2020,09:35:24,1038.85,996.7,20,1013.85,20,0,4400
BANKNIFTY30JAN2032700PE.NFO,07/01/2020,09:35:25,1038.85,996.9,20,1013.85,20,0,4400
BANKNIFTY30JAN2032700PE.NFO,07/01/2020,09:35:26,1038.85,997.4,20,1013.85,20,0,4400
BANKNIFTY30JAN2032700PE.NFO,07/01/2020,09:35:27,1038.85,997.4,40,1013.85,20,0,4400
BANKNIFTY30JAN2032700PE.NFO,07/01/2020,09:35:29,1038.85,997.4,20,1017.5,20,0,4400
BANKNIFTY30JAN2032700PE.NFO,07/01/2020,09:35:30,1038.85,997.4,20,1016.45,20,0,4400
BANKNIFTY30JAN2032700PE.NFO,07/01/2020,09:35:31,1038.85,997.35,20,1016.45,20,0,4400
BANKNIFTY30JAN2032700PE.NFO,07/01/2020,09:35:34,1038.85,997.35,20,1013.1,20,0,4400
BANKNIFTY30JAN2032700PE.NFO,07/01/2020,09:35:35,1038.85,997.35,20,1020.7,20,0,4400
BANKNIFTY30JAN2032700PE.NFO,07/01/2020,09:35:37,1038.85,997.6,20,1015.35,20,0,4400
BANKNIFTY30JAN2032700PE.NFO,07/01/2020,09:35:38,1038.85,997.8,20,1015.35,20,0,4400
BANKNIFTY30JAN2032700PE.NFO,07/01/2020,09:35:39,1038.85,999.95,20,1015.35,20,0,4400
BANKNIFTY30JAN2032700PE.NFO,07/01/2020,09:35:40,1038.85,1000.1,20,1015.35,20,0,4400
BANKNIFTY30JAN2032700PE.NFO,07/01/2020,09:35:41,1038.85,1002,20,1022.95,20,0,4400
BANKNIFTY30JAN2032700PE.NFO,07/01/2020,09:35:43,1038.85,1003,20,1022.95,20,0,4400
BANKNIFTY30JAN2032700PE.NFO,07/01/2020,09:35:44,1038.85,1005.7,20,1027.45,20,0,4400
BANKNIFTY30JAN2032700PE.NFO,07/01/2020,09:35:45,1038.85,1006.6,20,1032.35,20,0,4400
BANKNIFTY30JAN2032700PE.NFO,07/01/2020,09:35:47,1038.85,1008.05,20,1029.95,20,0,4400
BANKNIFTY30JAN2032700PE.NFO,07/01/2020,09:35:48,1038.85,1008.3,20,1026.15,20,0,4400
BANKNIFTY30JAN2032700PE.NFO,07/01/2020,09:35:49,1038.85,1004.35,40,1025.9,20,0,4400
BANKNIFTY30JAN2032700PE.NFO,07/01/2020,09:35:50,1038.85,1004.4,20,1027.3,20,0,4400
BANKNIFTY30JAN2032700PE.NFO,07/01/2020,09:35:52,1038.85,1004.4,20,1023.55,20,0,4400
BANKNIFTY30JAN2032700PE.NFO,07/01/2020,09:35:53,1038.85,1004.4,20,1022.75,20,0,4400
BANKNIFTY30JAN2032700PE.NFO,07/01/2020,09:35:54,1038.85,1004.4,20,1022.2,20,0,4400
BANKNIFTY30JAN2032700PE.NFO,07/01/2020,09:35:56,1038.85,1004.4,20,1027.65,20,0,4400
BANKNIFTY30JAN2032700PE.NFO,07/01/2020,09:35:58,1038.85,1004.4,20,1023.05,20,0,4400
BANKNIFTY30JAN2032700PE.NFO,07/01/2020,09:36:00,1038.85,1006.05,20,1025.6,20,0,4400
BANKNIFTY30JAN2032700PE.NFO,07/01/2020,09:36:01,1038.85,1004.55,20,1026.8,20,0,4400
BANKNIFTY30JAN2032700PE.NFO,07/01/2020,09:36:03,1038.85,1004.4,20,1025.4,20,0,4400
BANKNIFTY30JAN2032700PE.NFO,07/01/2020,09:36:04,1038.85,1004.4,20,1024.55,20,0,4400
BANKNIFTY30JAN2032700PE.NFO,07/01/2020,09:36:05,1038.85,1005.3,20,1026,20,0,4400
BANKNIFTY30JAN2032700PE.NFO,07/01/2020,09:36:06,1038.85,1005.35,20,1027.2,20,0,4400
BANKNIFTY30JAN2032700PE.NFO,07/01/2020,09:36:07,1038.85,1001.6,20,1024.5,20,0,4400
BANKNIFTY30JAN2032700PE.NFO,07/01/2020,09:36:09,1038.85,1002.45,20,1024.2,20,0,4400
BANKNIFTY30JAN2032700PE.NFO,07/01/2020,09:36:10,1038.85,1001.55,20,1020.85,20,0,4400
BANKNIFTY30JAN2032700PE.NFO,07/01/2020,09:36:11,1038.85,1001.55,20,1021.1,20,0,4400
BANKNIFTY30JAN2032700PE.NFO,07/01/2020,09:36:12,1038.85,997.3,20,1018.35,20,0,4400
BANKNIFTY30JAN2032700PE.NFO,07/01/2020,09:36:13,1038.85,997.2,20,1018.65,20,0,4400
BANKNIFTY30JAN2032700PE.NFO,07/01/2020,09:36:15,1038.85,997.2,20,1018.8,20,0,4400
BANKNIFTY30JAN2032700PE.NFO,07/01/2020,09:36:16,1038.85,997.3,20,1019.25,20,0,4400
BANKNIFTY30JAN2032700PE.NFO,07/01/2020,09:36:17,1038.85,997.25,20,1018.6,20,0,4400
BANKNIFTY30JAN2032700PE.NFO,07/01/2020,09:36:18,1038.85,999.65,20,1018.9,20,0,4400
BANKNIFTY30JAN2032700PE.NFO,07/01/2020,09:36:19,1038.85,999.65,20,1024.15,20,0,4400
BANKNIFTY30JAN2032700PE.NFO,07/01/2020,09:36:21,1038.85,999.5,20,1019.3,20,0,4400
BANKNIFTY30JAN2032700PE.NFO,07/01/2020,09:36:22,1038.85,1001.6,20,1021.55,20,0,4400
BANKNIFTY30JAN2032700PE.NFO,07/01/2020,09:36:23,1038.85,1003.35,20,1026.75,20,0,4400
BANKNIFTY30JAN2032700PE.NFO,07/01/2020,09:36:24,1038.85,1003.85,20,1023.7,20,0,4400
BANKNIFTY30JAN2032700PE.NFO,07/01/2020,09:36:26,1038.85,1003.85,20,1021.65,20,0,4400
BANKNIFTY30JAN2032700PE.NFO,07/01/2020,09:36:27,1038.85,1003.85,20,1020.55,20,0,4400
BANKNIFTY30JAN2032700PE.NFO,07/01/2020,09:36:28,1038.85,1003.85,20,1024.45,20,0,4400
BANKNIFTY30JAN2032700PE.NFO,07/01/2020,09:36:29,1038.85,1003.85,20,1023.6,20,0,4400
BANKNIFTY30JAN2032700PE.NFO,07/01/2020,09:36:30,1038.85,1003.85,20,1023.15,20,0,4400
BANKNIFTY30JAN2032700PE.NFO,07/01/2020,09:36:32,1038.85,1003.85,20,1021.6,20,0,4400
BANKNIFTY30JAN2032700PE.NFO,07/01/2020,09:36:33,1038.85,1003.85,20,1018.3,20,0,4400
BANKNIFTY30JAN2032700PE.NFO,07/01/2020,09:36:34,1038.85,1003.9,40,1020.2,20,0,4400
BANKNIFTY30JAN2032700PE.NFO,07/01/2020,09:36:35,1038.85,1003.9,40,1018.5,20,0,4400
BANKNIFTY30JAN2032700PE.NFO,07/01/2020,09:36:40,1038.85,1003.9,40,1018.8,20,0,4400
BANKNIFTY30JAN2032700PE.NFO,07/01/2020,09:36:43,1038.85,1003.9,40,1018.5,20,0,4400
BANKNIFTY30JAN2032700PE.NFO,07/01/2020,09:36:44,1038.85,998.75,20,1017.7,20,0,4400
BANKNIFTY30JAN2032700PE.NFO,07/01/2020,09:36:46,1038.85,998.8,20,1018.15,20,0,4400
BANKNIFTY30JAN2032700PE.NFO,07/01/2020,09:36:47,1038.85,998.8,20,1017,20,0,4400
BANKNIFTY30JAN2032700PE.NFO,07/01/2020,09:36:48,1038.85,998.8,20,1018.25,40,0,4400
BANKNIFTY30JAN2032700PE.NFO,07/01/2020,09:36:49,1038.85,998.75,20,1016.05,20,0,4400
BANKNIFTY30JAN2032700PE.NFO,07/01/2020,09:36:50,1038.85,997.6,20,1015.85,20,0,4400
BANKNIFTY30JAN2032700PE.NFO,07/01/2020,09:36:52,1038.85,997.6,20,1015.8,20,0,4400
BANKNIFTY30JAN2032700PE.NFO,07/01/2020,09:36:53,1038.85,993.45,20,1015.55,20,0,4400
BANKNIFTY30JAN2032700PE.NFO,07/01/2020,09:36:54,1038.85,993.45,20,1015.5,20,0,4400
BANKNIFTY30JAN2032700PE.NFO,07/01/2020,09:36:55,1038.85,997.35,20,1016.15,20,0,4400
BANKNIFTY30JAN2032700PE.NFO,07/01/2020,09:36:56,1038.85,996,20,1015.95,20,0,4400
BANKNIFTY30JAN2032700PE.NFO,07/01/2020,09:36:58,1038.85,996,20,1015.55,20,0,4400
BANKNIFTY30JAN2032700PE.NFO,07/01/2020,09:36:59,1038.85,996,20,1015.6,20,0,4400
BANKNIFTY30JAN2032700PE.NFO,07/01/2020,09:37:01,1038.85,996,20,1015.4,20,0,4400
BANKNIFTY30JAN2032700PE.NFO,07/01/2020,09:37:03,1038.85,996,20,1015.9,20,0,4400
BANKNIFTY30JAN2032700PE.NFO,07/01/2020,09:37:04,1038.85,996,20,1015.4,20,0,4400
BANKNIFTY30JAN2032700PE.NFO,07/01/2020,09:37:05,1038.85,996,20,1013.9,20,0,4400
BANKNIFTY30JAN2032700PE.NFO,07/01/2020,09:37:06,1038.85,996,20,1015.25,20,0,4400
BANKNIFTY30JAN2032700PE.NFO,07/01/2020,09:37:07,1038.85,996,20,1013.2,20,0,4400
BANKNIFTY30JAN2032700PE.NFO,07/01/2020,09:37:10,1038.85,998.2,20,1018.25,20,0,4400
BANKNIFTY30JAN2032700PE.NFO,07/01/2020,09:37:11,1038.85,998.2,20,1028.2,20,0,4400
BANKNIFTY30JAN2032700PE.NFO,07/01/2020,09:37:13,1038.85,998.2,20,1019.3,20,0,4400
BANKNIFTY30JAN2032700PE.NFO,07/01/2020,09:37:14,1038.85,998.2,20,1020.05,20,0,4400
BANKNIFTY30JAN2032700PE.NFO,07/01/2020,09:37:15,1038.85,998.85,20,1020.45,20,0,4400
BANKNIFTY30JAN2032700PE.NFO,07/01/2020,09:37:16,1038.85,998.9,20,1020.1,20,0,4400
BANKNIFTY30JAN2032700PE.NFO,07/01/2020,09:37:17,1038.85,998.8,20,1017.35,20,0,4400
BANKNIFTY30JAN2032700PE.NFO,07/01/2020,09:37:19,1038.85,998.8,20,1018.05,20,0,4400
BANKNIFTY30JAN2032700PE.NFO,07/01/2020,09:37:20,1038.85,998.85,20,1017.6,20,0,4400
BANKNIFTY30JAN2032700PE.NFO,07/01/2020,09:37:21,1038.85,998.85,20,1017.45,20,0,4400
BANKNIFTY30JAN2032700PE.NFO,07/01/2020,09:37:22,1038.85,998.85,20,1019.45,20,0,4400
BANKNIFTY30JAN2032700PE.NFO,07/01/2020,09:37:24,1038.85,998.85,20,1020.15,20,0,4400
BANKNIFTY30JAN2032700PE.NFO,07/01/2020,09:37:25,1038.85,1000.95,40,1020.15,20,0,4400
BANKNIFTY30JAN2032700PE.NFO,07/01/2020,09:37:26,1038.85,1000.95,20,1020,20,0,4400
BANKNIFTY30JAN2032700PE.NFO,07/01/2020,09:37:27,1038.85,1001.1,20,1020,20,0,4400
BANKNIFTY30JAN2032700PE.NFO,07/01/2020,09:37:29,1038.85,1001.7,20,1020.15,20,0,4400
BANKNIFTY30JAN2032700PE.NFO,07/01/2020,09:37:30,1038.85,1001.7,20,1020.05,20,0,4400
BANKNIFTY30JAN2032700PE.NFO,07/01/2020,09:37:31,1038.85,1001.7,20,1020.1,20,0,4400
BANKNIFTY30JAN2032700PE.NFO,07/01/2020,09:37:32,1038.85,1001.7,20,1020.3,20,0,4400
BANKNIFTY30JAN2032700PE.NFO,07/01/2020,09:37:34,1038.85,1001.8,20,1035.9,20,0,4400
BANKNIFTY30JAN2032700PE.NFO,07/01/2020,09:37:35,1038.85,1001.7,20,1020.85,20,0,4400
BANKNIFTY30JAN2032700PE.NFO,07/01/2020,09:37:36,1038.85,1001.65,20,1023.7,20,0,4400
BANKNIFTY30JAN2032700PE.NFO,07/01/2020,09:37:38,1038.85,1001.75,20,1023.7,20,0,4400
BANKNIFTY30JAN2032700PE.NFO,07/01/2020,09:37:39,1038.85,1002,20,1021.3,20,0,4400
BANKNIFTY30JAN2032700PE.NFO,07/01/2020,09:37:40,1038.85,1002.05,20,1023.8,20,0,4400
BANKNIFTY30JAN2032700PE.NFO,07/01/2020,09:37:41,1038.85,1002.05,20,1023.95,20,0,4400
BANKNIFTY30JAN2032700PE.NFO,07/01/2020,09:37:42,1038.85,1002,20,1021.25,20,0,4400
BANKNIFTY30JAN2032700PE.NFO,07/01/2020,09:37:44,1038.85,1002,20,1022.95,20,0,4400
BANKNIFTY30JAN2032700PE.NFO,07/01/2020,09:37:45,1038.85,1002,20,1021.7,20,0,4400
BANKNIFTY30JAN2032700PE.NFO,07/01/2020,09:37:46,1038.85,1002,20,1021,20,0,4400
BANKNIFTY30JAN2032700PE.NFO,07/01/2020,09:37:47,1038.85,1002,20,1020.75,20,0,4400
BANKNIFTY30JAN2032700PE.NFO,07/01/2020,09:37:50,1038.85,1002,20,1020.5,20,0,4400
BANKNIFTY30JAN2032700PE.NFO,07/01/2020,09:37:51,1038.85,1002,20,1020.25,20,0,4400
BANKNIFTY30JAN2032700PE.NFO,07/01/2020,09:37:54,1038.85,1002.6,20,1021,20,0,4400
BANKNIFTY30JAN2032700PE.NFO,07/01/2020,09:37:56,1038.85,1002.5,20,1020.4,20,0,4400
BANKNIFTY30JAN2032700PE.NFO,07/01/2020,09:37:57,1038.85,1002.5,20,1020.1,20,0,4400
BANKNIFTY30JAN2032700PE.NFO,07/01/2020,09:37:58,1038.85,1002.65,40,1019.1,20,0,4400
BANKNIFTY30JAN2032700PE.NFO,07/01/2020,09:37:59,1038.85,1003.45,20,1021.3,20,0,4400
BANKNIFTY30JAN2032700PE.NFO,07/01/2020,09:38:00,1038.85,1003.45,20,1020.65,20,0,4400
BANKNIFTY30JAN2032700PE.NFO,07/01/2020,09:38:03,1038.85,997.85,20,1017.25,20,0,4400
BANKNIFTY30JAN2032700PE.NFO,07/01/2020,09:38:04,1038.85,998.05,40,1019.15,20,0,4400
BANKNIFTY30JAN2032700PE.NFO,07/01/2020,09:38:05,1038.85,998.05,40,1019.2,20,0,4400
BANKNIFTY30JAN2032700PE.NFO,07/01/2020,09:38:06,1038.85,998.05,40,1017.6,20,0,4400
BANKNIFTY30JAN2032700PE.NFO,07/01/2020,09:38:08,1038.85,998.8,20,1021.25,20,0,4400
BANKNIFTY30JAN2032700PE.NFO,07/01/2020,09:38:09,1038.85,999.75,20,1020.75,20,0,4400
BANKNIFTY30JAN2032700PE.NFO,07/01/2020,09:38:10,1038.85,1000.45,20,1020.7,20,0,4400
BANKNIFTY30JAN2032700PE.NFO,07/01/2020,09:38:11,1038.85,1000.75,20,1020.7,20,0,4400
BANKNIFTY30JAN2032700PE.NFO,07/01/2020,09:38:12,1038.85,1000.85,20,1019.65,20,0,4400
BANKNIFTY30JAN2032700PE.NFO,07/01/2020,09:38:14,1038.85,1000.85,20,1017.15,20,0,4400
BANKNIFTY30JAN2032700PE.NFO,07/01/2020,09:38:15,1038.85,1000.85,20,1017.35,20,0,4400
BANKNIFTY30JAN2032700PE.NFO,07/01/2020,09:38:16,1038.85,1000.85,20,1017.85,20,0,4400
BANKNIFTY30JAN2032700PE.NFO,07/01/2020,09:38:17,1038.85,1000.85,20,1017.1,20,0,4400
BANKNIFTY30JAN2032700PE.NFO,07/01/2020,09:38:19,1038.85,1000.9,20,1016.7,20,0,4400
BANKNIFTY30JAN2032700PE.NFO,07/01/2020,09:38:20,1038.85,995,60,1018.55,20,0,4400
BANKNIFTY30JAN2032700PE.NFO,07/01/2020,09:38:21,1038.85,998.6,20,1020.65,20,0,4400
BANKNIFTY30JAN2032700PE.NFO,07/01/2020,09:38:22,1038.85,998.8,20,1018.3,20,0,4400
BANKNIFTY30JAN2032700PE.NFO,07/01/2020,09:38:23,1038.85,999.3,20,1018.35,20,0,4400
BANKNIFTY30JAN2032700PE.NFO,07/01/2020,09:38:25,1038.85,999.7,20,1018.35,20,0,4400
BANKNIFTY30JAN2032700PE.NFO,07/01/2020,09:38:26,1038.85,1000.3,20,1018.35,20,0,4400
BANKNIFTY30JAN2032700PE.NFO,07/01/2020,09:38:27,1038.85,1000.6,40,1019.35,20,0,4400
BANKNIFTY30JAN2032700PE.NFO,07/01/2020,09:38:28,1038.85,1001.1,20,1020.1,20,0,4400
BANKNIFTY30JAN2032700PE.NFO,07/01/2020,09:38:30,1038.85,1001.2,20,1020.05,20,0,4400
BANKNIFTY30JAN2032700PE.NFO,07/01/2020,09:38:32,1038.85,1001.2,20,1019.9,20,0,4400
BANKNIFTY30JAN2032700PE.NFO,07/01/2020,09:38:34,1038.85,1001.2,20,1020.35,20,0,4400
BANKNIFTY30JAN2032700PE.NFO,07/01/2020,09:38:36,1038.85,1001.65,20,1020.1,20,0,4400
BANKNIFTY30JAN2032700PE.NFO,07/01/2020,09:38:37,1038.85,1001.9,20,1020.7,20,0,4400
BANKNIFTY30JAN2032700PE.NFO,07/01/2020,09:38:38,1038.85,1002,20,1020.85,20,0,4400
BANKNIFTY30JAN2032700PE.NFO,07/01/2020,09:38:39,1038.85,1002.8,20,1022.3,20,0,4400
BANKNIFTY30JAN2032700PE.NFO,07/01/2020,09:38:41,1038.85,1002.8,40,1022.15,20,0,4400
BANKNIFTY30JAN2032700PE.NFO,07/01/2020,09:38:42,1038.85,1004.4,20,1026.15,20,0,4400
BANKNIFTY30JAN2032700PE.NFO,07/01/2020,09:38:43,1038.85,1005.85,20,1027.8,20,0,4400
BANKNIFTY30JAN2032700PE.NFO,07/01/2020,09:38:44,1038.85,1008.35,20,1028.2,20,0,4400
BANKNIFTY30JAN2032700PE.NFO,07/01/2020,09:38:46,1038.85,1009.2,20,1029.15,20,0,4400
BANKNIFTY30JAN2032700PE.NFO,07/01/2020,09:38:47,1038.85,1009.2,20,1028.65,20,0,4400
BANKNIFTY30JAN2032700PE.NFO,07/01/2020,09:38:48,1038.85,1010.1,40,1028.9,20,0,4400
BANKNIFTY30JAN2032700PE.NFO,07/01/2020,09:38:49,1038.85,1010.2,20,1030.65,20,0,4400
BANKNIFTY30JAN2032700PE.NFO,07/01/2020,09:38:51,1038.85,1010.2,20,1030.7,20,0,4400
BANKNIFTY30JAN2032700PE.NFO,07/01/2020,09:38:52,1038.85,1005.35,20,1028.45,20,0,4400
BANKNIFTY30JAN2032700PE.NFO,07/01/2020,09:38:53,1038.85,1006.25,20,1030,20,0,4400
BANKNIFTY30JAN2032700PE.NFO,07/01/2020,09:38:54,1038.85,1007.15,20,1030.6,20,0,4400
BANKNIFTY30JAN2032700PE.NFO,07/01/2020,09:38:55,1038.85,1007.65,20,1029,20,0,4400
BANKNIFTY30JAN2032700PE.NFO,07/01/2020,09:38:57,1038.85,1008.15,20,1029.15,20,0,4400
BANKNIFTY30JAN2032700PE.NFO,07/01/2020,09:38:58,1038.85,1008.55,20,1028.8,20,0,4400
BANKNIFTY30JAN2032700PE.NFO,07/01/2020,09:38:59,1038.85,1008.8,20,1026.75,20,0,4400
BANKNIFTY30JAN2032700PE.NFO,07/01/2020,09:39:00,1038.85,1008.85,20,1027.8,20,0,4400
BANKNIFTY30JAN2032700PE.NFO,07/01/2020,09:39:02,1038.85,1008.85,20,1028.05,20,0,4400
BANKNIFTY30JAN2032700PE.NFO,07/01/2020,09:39:03,1038.85,1008.85,20,1027.05,20,0,4400
BANKNIFTY30JAN2032700PE.NFO,07/01/2020,09:39:04,1038.85,1009.2,40,1030.45,20,0,4400
BANKNIFTY30JAN2032700PE.NFO,07/01/2020,09:39:06,1038.85,1009.2,20,1032.75,20,0,4400
BANKNIFTY30JAN2032700PE.NFO,07/01/2020,09:39:07,1038.85,1009.4,20,1031.35,20,0,4400
BANKNIFTY30JAN2032700PE.NFO,07/01/2020,09:39:09,1038.85,1009.6,20,1031.35,20,0,4400
BANKNIFTY30JAN2032700PE.NFO,07/01/2020,09:39:10,1038.85,1010.05,20,1032.45,20,0,4400
BANKNIFTY30JAN2032700PE.NFO,07/01/2020,09:39:11,1038.85,1010.45,20,1031.45,20,0,4400
BANKNIFTY30JAN2032700PE.NFO,07/01/2020,09:39:12,1038.85,1010.65,20,1030.75,20,0,4400
BANKNIFTY30JAN2032700PE.NFO,07/01/2020,09:39:13,1038.85,1010.6,20,1027,20,0,4400
BANKNIFTY30JAN2032700PE.NFO,07/01/2020,09:39:15,1038.85,1010.6,20,1026.75,20,0,4400
BANKNIFTY30JAN2032700PE.NFO,07/01/2020,09:39:16,1038.85,1006.4,40,1025.6,20,0,4400
BANKNIFTY30JAN2032700PE.NFO,07/01/2020,09:39:17,1038.85,1006.8,20,1025.5,20,0,4400
BANKNIFTY30JAN2032700PE.NFO,07/01/2020,09:39:18,1038.85,1006.8,20,1024.3,20,0,4400
BANKNIFTY30JAN2032700PE.NFO,07/01/2020,09:39:19,1038.85,1006.8,20,1024.1,20,0,4400
BANKNIFTY30JAN2032700PE.NFO,07/01/2020,09:39:20,1038.85,1006.75,20,1023.15,20,0,4400
BANKNIFTY30JAN2032700PE.NFO,07/01/2020,09:39:21,1038.85,1006.75,20,1022.8,20,0,4400
BANKNIFTY30JAN2032700PE.NFO,07/01/2020,09:39:22,1038.85,1006.8,40,1022.8,20,0,4400
BANKNIFTY30JAN2032700PE.NFO,07/01/2020,09:39:24,1038.85,1002.5,20,1020.35,20,0,4400
BANKNIFTY30JAN2032700PE.NFO,07/01/2020,09:39:25,1038.85,1000.7,20,1016.1,20,0,4400
BANKNIFTY30JAN2032700PE.NFO,07/01/2020,09:39:26,1038.85,1000.75,20,1017.85,20,0,4400
BANKNIFTY30JAN2032700PE.NFO,07/01/2020,09:39:27,1038.85,1000.75,20,1020.25,20,0,4400
BANKNIFTY30JAN2032700PE.NFO,07/01/2020,09:39:28,1038.85,1000.75,20,1019.55,20,0,4400
BANKNIFTY30JAN2032700PE.NFO,07/01/2020,09:39:29,1038.85,1000.75,20,1019.75,20,0,4400
BANKNIFTY30JAN2032700PE.NFO,07/01/2020,09:39:31,1038.85,1000.75,20,1016.6,20,0,4400
BANKNIFTY30JAN2032700PE.NFO,07/01/2020,09:39:32,1038.85,1000.75,20,1016.8,20,0,4400
BANKNIFTY30JAN2032700PE.NFO,07/01/2020,09:39:34,1038.85,1000.75,20,1016.75,20,0,4400
BANKNIFTY30JAN2032700PE.NFO,07/01/2020,09:39:36,1038.85,1000.75,20,1016.7,20,0,4400
BANKNIFTY30JAN2032700PE.NFO,07/01/2020,09:39:37,1038.85,997.1,20,1018.2,20,0,4400
BANKNIFTY30JAN2032700PE.NFO,07/01/2020,09:39:39,1038.85,999.2,20,1019.4,20,0,4400
BANKNIFTY30JAN2032700PE.NFO,07/01/2020,09:39:40,1038.85,1002.25,20,1024.35,20,0,4400
BANKNIFTY30JAN2032700PE.NFO,07/01/2020,09:39:41,1038.85,1003.05,20,1024.05,20,0,4400
BANKNIFTY30JAN2032700PE.NFO,07/01/2020,09:39:42,1038.85,1003.45,20,1021.2,20,0,4400
BANKNIFTY30JAN2032700PE.NFO,07/01/2020,09:39:44,1038.85,1003.45,20,1022.5,20,0,4400
BANKNIFTY30JAN2032700PE.NFO,07/01/2020,09:39:45,1038.85,999.75,40,1023.35,20,0,4400
BANKNIFTY30JAN2032700PE.NFO,07/01/2020,09:39:46,1038.85,999.75,40,1019.2,20,0,4400
BANKNIFTY30JAN2032700PE.NFO,07/01/2020,09:39:47,1038.85,999.75,40,1019.4,20,0,4400
BANKNIFTY30JAN2032700PE.NFO,07/01/2020,09:39:49,1038.85,999.75,40,1019.1,20,0,4400
BANKNIFTY30JAN2032700PE.NFO,07/01/2020,09:39:50,1038.85,999.75,40,1019.15,20,0,4400
BANKNIFTY30JAN2032700PE.NFO,07/01/2020,09:39:51,1038.85,995.4,20,1015.15,20,0,4400
BANKNIFTY30JAN2032700PE.NFO,07/01/2020,09:39:52,1038.85,996.2,20,1018.7,20,0,4400
BANKNIFTY30JAN2032700PE.NFO,07/01/2020,09:39:53,1038.85,996.9,20,1018.9,20,0,4400
BANKNIFTY30JAN2032700PE.NFO,07/01/2020,09:39:55,1038.85,997,20,1015.15,20,0,4400
BANKNIFTY30JAN2032700PE.NFO,07/01/2020,09:39:56,1038.85,997,20,1015.3,20,0,4400
BANKNIFTY30JAN2032700PE.NFO,07/01/2020,09:39:57,1038.85,997,20,1015.8,20,0,4400
BANKNIFTY30JAN2032700PE.NFO,07/01/2020,09:39:58,1038.85,997.4,20,1015.5,20,0,4400
BANKNIFTY30JAN2032700PE.NFO,07/01/2020,09:39:59,1038.85,998.4,20,1017.5,20,0,4400
BANKNIFTY30JAN2032700PE.NFO,07/01/2020,09:40:01,1038.85,998.6,20,1015.2,20,0,4400
BANKNIFTY30JAN2032700PE.NFO,07/01/2020,09:40:02,1038.85,998.6,20,1014.1,20,0,4400
BANKNIFTY30JAN2032700PE.NFO,07/01/2020,09:40:03,1038.85,993.45,40,1014.2,20,0,4400
BANKNIFTY30JAN2032700PE.NFO,07/01/2020,09:40:04,1038.85,993.45,20,1012.55,20,0,4400
BANKNIFTY30JAN2032700PE.NFO,07/01/2020,09:40:06,1038.85,993.45,20,1011.35,20,0,4400
BANKNIFTY30JAN2032700PE.NFO,07/01/2020,09:40:08,1038.85,993.45,20,1010.15,20,0,4400
BANKNIFTY30JAN2032700PE.NFO,07/01/2020,09:40:09,1038.85,993.45,20,1009.4,20,0,4400
BANKNIFTY30JAN2032700PE.NFO,07/01/2020,09:40:10,1038.85,993.45,20,1009.85,20,0,4400
BANKNIFTY30JAN2032700PE.NFO,07/01/2020,09:40:11,1038.85,993.45,20,1009.65,20,0,4400
BANKNIFTY30JAN2032700PE.NFO,07/01/2020,09:40:12,1038.85,993.45,20,1009.7,20,0,4400
BANKNIFTY30JAN2032700PE.NFO,07/01/2020,09:40:13,1038.85,993.45,20,1010.1,20,0,4400
BANKNIFTY30JAN2032700PE.NFO,07/01/2020,09:40:14,1038.85,993.45,20,1009.95,20,0,4400
BANKNIFTY30JAN2032700PE.NFO,07/01/2020,09:40:16,1038.85,993.55,20,1010.55,20,0,4400
BANKNIFTY30JAN2032700PE.NFO,07/01/2020,09:40:17,1038.85,992.05,20,1018.4,20,0,4400
BANKNIFTY30JAN2032700PE.NFO,07/01/2020,09:40:18,1038.85,992.6,20,1010.95,20,0,4400
BANKNIFTY30JAN2032700PE.NFO,07/01/2020,09:40:19,1038.85,992.6,20,1010,20,0,4400
BANKNIFTY30JAN2032700PE.NFO,07/01/2020,09:40:20,1038.85,992.6,20,1010.05,20,0,4400
BANKNIFTY30JAN2032700PE.NFO,07/01/2020,09:40:21,1038.85,994.85,20,1013.7,20,0,4400
BANKNIFTY30JAN2032700PE.NFO,07/01/2020,09:40:22,1038.85,995.2,20,1014,20,0,4400
BANKNIFTY30JAN2032700PE.NFO,07/01/2020,09:40:24,1038.85,995.2,20,1013.7,20,0,4400
BANKNIFTY30JAN2032700PE.NFO,07/01/2020,09:40:25,1038.85,995.2,20,1014.15,20,0,4400
BANKNIFTY30JAN2032700PE.NFO,07/01/2020,09:40:26,1038.85,995.2,20,1013.3,20,0,4400
BANKNIFTY30JAN2032700PE.NFO,07/01/2020,09:40:27,1038.85,991.35,40,1011.45,20,0,4400
BANKNIFTY30JAN2032700PE.NFO,07/01/2020,09:40:28,1038.85,993.5,20,1013.05,20,0,4400
BANKNIFTY30JAN2032700PE.NFO,07/01/2020,09:40:29,1038.85,993.5,20,1011.95,20,0,4400
BANKNIFTY30JAN2032700PE.NFO,07/01/2020,09:40:30,1038.85,993.5,20,1011,20,0,4400
BANKNIFTY30JAN2032700PE.NFO,07/01/2020,09:40:32,1038.85,993.5,20,1011.15,20,0,4400
BANKNIFTY30JAN2032700PE.NFO,07/01/2020,09:40:33,1038.85,995.8,20,1083.25,20,0,4400
BANKNIFTY30JAN2032700PE.NFO,07/01/2020,09:40:34,1038.85,997,20,1016.05,20,0,4400
BANKNIFTY30JAN2032700PE.NFO,07/01/2020,09:40:35,1038.85,996.9,20,1018.5,20,0,4400
BANKNIFTY30JAN2032700PE.NFO,07/01/2020,09:40:36,1038.85,996.9,20,1013.4,20,0,4400
BANKNIFTY30JAN2032700PE.NFO,07/01/2020,09:40:37,1038.85,996.9,20,1016.25,20,0,4400
BANKNIFTY30JAN2032700PE.NFO,07/01/2020,09:40:39,1038.85,996.9,20,1016.95,20,0,4400
BANKNIFTY30JAN2032700PE.NFO,07/01/2020,09:40:40,1038.85,996.9,20,1017.9,20,0,4400
BANKNIFTY30JAN2032700PE.NFO,07/01/2020,09:40:41,1038.85,996.9,20,1015.95,20,0,4400
BANKNIFTY30JAN2032700PE.NFO,07/01/2020,09:40:42,1038.85,998.7,20,1018.7,20,0,4400
BANKNIFTY30JAN2032700PE.NFO,07/01/2020,09:40:43,1038.85,996.9,20,1017.55,20,0,4400
BANKNIFTY30JAN2032700PE.NFO,07/01/2020,09:40:45,1038.85,996.9,20,1015.45,20,0,4400
BANKNIFTY30JAN2032700PE.NFO,07/01/2020,09:40:47,1038.85,996.9,20,1015.5,20,0,4400
BANKNIFTY30JAN2032700PE.NFO,07/01/2020,09:40:48,1038.85,995.1,20,1014.25,20,0,4400
BANKNIFTY30JAN2032700PE.NFO,07/01/2020,09:40:49,1038.85,995.1,20,1016.45,20,0,4400
BANKNIFTY30JAN2032700PE.NFO,07/01/2020,09:40:50,1038.85,995.15,20,1017.6,20,0,4400
BANKNIFTY30JAN2032700PE.NFO,07/01/2020,09:40:51,1038.85,995.15,20,1017.1,20,0,4400
BANKNIFTY30JAN2032700PE.NFO,07/01/2020,09:40:52,1038.85,995.15,20,1016.4,20,0,4400
BANKNIFTY30JAN2032700PE.NFO,07/01/2020,09:40:53,1038.85,995.35,20,1017.1,20,0,4400
BANKNIFTY30JAN2032700PE.NFO,07/01/2020,09:40:55,1038.85,995.45,20,1030.8,20,0,4400
BANKNIFTY30JAN2032700PE.NFO,07/01/2020,09:40:56,1038.85,995.45,20,1018.3,20,0,4400
BANKNIFTY30JAN2032700PE.NFO,07/01/2020,09:40:57,1038.85,995.45,20,1017.15,20,0,4400
BANKNIFTY30JAN2032700PE.NFO,07/01/2020,09:40:58,1038.85,995.45,20,1019.45,20,0,4400
BANKNIFTY30JAN2032700PE.NFO,07/01/2020,09:40:59,1038.85,995.45,20,1030.8,20,0,4400
BANKNIFTY30JAN2032700PE.NFO,07/01/2020,09:41:01,1038.85,995.45,20,1016.7,20,0,4400
BANKNIFTY30JAN2032700PE.NFO,07/01/2020,09:41:02,1038.85,995.45,20,1016.85,20,0,4400
BANKNIFTY30JAN2032700PE.NFO,07/01/2020,09:41:03,1038.85,995.45,20,1016.75,40,0,4400
BANKNIFTY30JAN2032700PE.NFO,07/01/2020,09:41:04,1038.85,995.45,20,1014.65,20,0,4400
BANKNIFTY30JAN2032700PE.NFO,07/01/2020,09:41:05,1038.85,995.45,20,1017.1,20,0,4400
BANKNIFTY30JAN2032700PE.NFO,07/01/2020,09:41:07,1038.85,995.45,20,1013.9,20,0,4400
BANKNIFTY30JAN2032700PE.NFO,07/01/2020,09:41:08,1038.85,995.45,20,1016.9,20,0,4400
BANKNIFTY30JAN2032700PE.NFO,07/01/2020,09:41:09,1038.85,995.4,20,1016.55,20,0,4400
BANKNIFTY30JAN2032700PE.NFO,07/01/2020,09:41:10,1038.85,995.45,20,1016.9,20,0,4400
BANKNIFTY30JAN2032700PE.NFO,07/01/2020,09:41:11,1038.85,995.45,20,1016.2,20,0,4400
BANKNIFTY30JAN2032700PE.NFO,07/01/2020,09:41:12,1038.85,996.85,20,1014.85,20,0,4400
BANKNIFTY30JAN2032700PE.NFO,07/01/2020,09:41:13,1038.85,996.85,20,1013.35,20,0,4400
BANKNIFTY30JAN2032700PE.NFO,07/01/2020,09:41:15,1038.85,996.85,20,1013.15,20,0,4400
BANKNIFTY30JAN2032700PE.NFO,07/01/2020,09:41:16,1038.85,996.85,20,1013.6,20,0,4400
BANKNIFTY30JAN2032700PE.NFO,07/01/2020,09:41:17,1038.85,996.85,20,1016,20,0,4400
BANKNIFTY30JAN2032700PE.NFO,07/01/2020,09:41:18,1038.85,996.85,20,1017.35,20,0,4400
BANKNIFTY30JAN2032700PE.NFO,07/01/2020,09:41:19,1038.85,992.6,20,1016.95,20,0,4400
BANKNIFTY30JAN2032700PE.NFO,07/01/2020,09:41:20,1038.85,992.95,20,1016.4,20,0,4400
BANKNIFTY30JAN2032700PE.NFO,07/01/2020,09:41:22,1038.85,993.05,20,1015.25,20,0,4400
BANKNIFTY30JAN2032700PE.NFO,07/01/2020,09:41:23,1038.85,994.55,20,1014.75,20,0,4400
BANKNIFTY30JAN2032700PE.NFO,07/01/2020,09:41:24,1038.85,993.1,20,1015.95,20,0,4400
BANKNIFTY30JAN2032700PE.NFO,07/01/2020,09:41:25,1038.85,994.6,20,1015.6,20,0,4400
BANKNIFTY30JAN2032700PE.NFO,07/01/2020,09:41:27,1038.85,995.85,20,1015.65,20,0,4400
BANKNIFTY30JAN2032700PE.NFO,07/01/2020,09:41:28,1038.85,995.85,20,1014.9,20,0,4400
BANKNIFTY30JAN2032700PE.NFO,07/01/2020,09:41:29,1038.85,995.85,20,1015.7,20,0,4400
BANKNIFTY30JAN2032700PE.NFO,07/01/2020,09:41:30,1038.85,995.75,20,1013.7,20,0,4400
BANKNIFTY30JAN2032700PE.NFO,07/01/2020,09:41:31,1038.85,995.75,20,1013.55,20,0,4400
BANKNIFTY30JAN2032700PE.NFO,07/01/2020,09:41:32,1038.85,995.75,20,1014.55,20,0,4400
BANKNIFTY30JAN2032700PE.NFO,07/01/2020,09:41:33,1038.85,995.75,20,1013,20,0,4400
BANKNIFTY30JAN2032700PE.NFO,07/01/2020,09:41:35,1038.85,995.75,20,1012.1,20,0,4400
BANKNIFTY30JAN2032700PE.NFO,07/01/2020,09:41:36,1038.85,995.8,40,1012.3,20,0,4400
BANKNIFTY30JAN2032700PE.NFO,07/01/2020,09:41:37,1038.85,991.05,20,1011.95,20,0,4400
BANKNIFTY30JAN2032700PE.NFO,07/01/2020,09:41:38,1038.85,991.2,20,1011.05,20,0,4400
BANKNIFTY30JAN2032700PE.NFO,07/01/2020,09:41:40,1038.85,991.05,20,1011.05,20,0,4400
BANKNIFTY30JAN2032700PE.NFO,07/01/2020,09:41:41,1038.85,991.05,20,1015.7,20,0,4400
BANKNIFTY30JAN2032700PE.NFO,07/01/2020,09:41:42,1038.85,991.9,20,1012.8,20,0,4400
BANKNIFTY30JAN2032700PE.NFO,07/01/2020,09:41:43,1038.85,991.05,20,1010,20,0,4400
BANKNIFTY30JAN2032700PE.NFO,07/01/2020,09:41:44,1038.85,991.05,20,1008.4,20,0,4400
BANKNIFTY30JAN2032700PE.NFO,07/01/2020,09:41:45,1038.85,991.05,20,1008.75,20,0,4400
BANKNIFTY30JAN2032700PE.NFO,07/01/2020,09:41:47,1038.85,991.05,20,1009.25,20,0,4400
BANKNIFTY30JAN2032700PE.NFO,07/01/2020,09:41:48,1038.85,991.05,20,1009.65,20,0,4400
BANKNIFTY30JAN2032700PE.NFO,07/01/2020,09:41:49,1038.85,991.05,20,1010.95,20,0,4400
BANKNIFTY30JAN2032700PE.NFO,07/01/2020,09:41:50,1038.85,991.05,20,1009.15,20,0,4400
BANKNIFTY30JAN2032700PE.NFO,07/01/2020,09:41:51,1038.85,991.05,20,1006.75,20,0,4400
BANKNIFTY30JAN2032700PE.NFO,07/01/2020,09:41:52,1038.85,991.05,20,1007.1,20,0,4400
BANKNIFTY30JAN2032700PE.NFO,07/01/2020,09:41:54,1038.85,991.05,20,1008.4,20,0,4400
BANKNIFTY30JAN2032700PE.NFO,07/01/2020,09:41:55,1038.85,991.05,20,1008.25,20,0,4400
BANKNIFTY30JAN2032700PE.NFO,07/01/2020,09:41:56,1038.85,991.05,20,1006.9,20,0,4400
BANKNIFTY30JAN2032700PE.NFO,07/01/2020,09:41:57,1038.85,991.05,20,1007,20,0,4400
BANKNIFTY30JAN2032700PE.NFO,07/01/2020,09:42:00,1038.85,991.1,20,1009.05,20,0,4400
BANKNIFTY30JAN2032700PE.NFO,07/01/2020,09:42:02,1038.85,991.45,40,1008.3,20,0,4400
BANKNIFTY30JAN2032700PE.NFO,07/01/2020,09:42:03,1038.85,992.85,20,1010.4,20,0,4400
BANKNIFTY30JAN2032700PE.NFO,07/01/2020,09:42:05,1038.85,992.95,20,1012.35,20,0,4400
BANKNIFTY30JAN2032700PE.NFO,07/01/2020,09:42:06,1038.85,993.3,60,1012.65,20,0,4400
BANKNIFTY30JAN2032700PE.NFO,07/01/2020,09:42:07,1038.85,995.1,20,1012,20,0,4400
BANKNIFTY30JAN2032700PE.NFO,07/01/2020,09:42:08,1038.85,988.85,40,1010.2,20,0,4400
BANKNIFTY30JAN2032700PE.NFO,07/01/2020,09:42:10,1038.85,991.15,20,1010.25,20,0,4400
BANKNIFTY30JAN2032700PE.NFO,07/01/2020,09:42:11,1038.85,993.5,20,1011.55,20,0,4400
BANKNIFTY30JAN2032700PE.NFO,07/01/2020,09:42:12,1038.85,993.7,20,1009.2,20,0,4400
BANKNIFTY30JAN2032700PE.NFO,07/01/2020,09:42:13,1038.85,993.7,20,1011.8,20,0,4400
BANKNIFTY30JAN2032700PE.NFO,07/01/2020,09:42:15,1038.85,989.75,40,1007.65,20,0,4400
BANKNIFTY30JAN2032700PE.NFO,07/01/2020,09:42:16,1038.85,989.75,40,1008.5,20,0,4400
BANKNIFTY30JAN2032700PE.NFO,07/01/2020,09:42:17,1038.85,989.75,40,1008.15,20,0,4400
BANKNIFTY30JAN2032700PE.NFO,07/01/2020,09:42:19,1038.85,987.4,20,1008.55,20,0,4400
BANKNIFTY30JAN2032700PE.NFO,07/01/2020,09:42:20,1038.85,988.4,20,1008.65,20,0,4400
BANKNIFTY30JAN2032700PE.NFO,07/01/2020,09:42:21,1038.85,988.35,20,1006.6,20,0,4400
BANKNIFTY30JAN2032700PE.NFO,07/01/2020,09:42:23,1038.85,985.7,20,1008.9,20,0,4400
BANKNIFTY30JAN2032700PE.NFO,07/01/2020,09:42:24,1038.85,985.7,20,1008.1,20,0,4400
BANKNIFTY30JAN2032700PE.NFO,07/01/2020,09:42:26,1038.85,985.7,20,1005.65,20,0,4400
BANKNIFTY30JAN2032700PE.NFO,07/01/2020,09:42:27,1038.85,985.9,20,1006.25,20,0,4400
BANKNIFTY30JAN2032700PE.NFO,07/01/2020,09:42:28,1038.85,985.9,20,1004.4,20,0,4400
BANKNIFTY30JAN2032700PE.NFO,07/01/2020,09:42:29,1038.85,985.9,20,1005.9,20,0,4400
BANKNIFTY30JAN2032700PE.NFO,07/01/2020,09:42:30,1038.85,986.1,20,1006.55,20,0,4400
BANKNIFTY30JAN2032700PE.NFO,07/01/2020,09:42:32,1038.85,987.05,20,1009.1,20,0,4400
BANKNIFTY30JAN2032700PE.NFO,07/01/2020,09:42:33,1038.85,987.45,20,1007.8,20,0,4400
BANKNIFTY30JAN2032700PE.NFO,07/01/2020,09:42:34,1038.85,987.45,20,1007.85,20,0,4400
BANKNIFTY30JAN2032700PE.NFO,07/01/2020,09:42:35,1038.85,987.55,20,1007.5,20,0,4400
BANKNIFTY30JAN2032700PE.NFO,07/01/2020,09:42:36,1038.85,987.55,20,1005.1,20,0,4400
BANKNIFTY30JAN2032700PE.NFO,07/01/2020,09:42:38,1038.85,987.55,20,1009.85,40,0,4400
BANKNIFTY30JAN2032700PE.NFO,07/01/2020,09:42:39,1038.85,988.05,20,1007.85,20,0,4400
BANKNIFTY30JAN2032700PE.NFO,07/01/2020,09:42:41,1038.85,988.55,20,1020.1,60,0,4400
BANKNIFTY30JAN2032700PE.NFO,07/01/2020,09:42:42,1038.85,990.2,20,1009.1,20,0,4400
BANKNIFTY30JAN2032700PE.NFO,07/01/2020,09:42:43,1038.85,991.25,20,1010.55,20,0,4400
BANKNIFTY30JAN2032700PE.NFO,07/01/2020,09:42:45,1038.85,991.05,20,1009.6,20,0,4400
BANKNIFTY30JAN2032700PE.NFO,07/01/2020,09:42:46,1038.85,991,20,1010.2,20,0,4400
BANKNIFTY30JAN2032700PE.NFO,07/01/2020,09:42:47,1038.85,991.35,20,1009.4,20,0,4400
BANKNIFTY30JAN2032700PE.NFO,07/01/2020,09:42:48,1038.85,991.4,40,1009.55,20,0,4400
BANKNIFTY30JAN2032700PE.NFO,07/01/2020,09:42:49,1038.85,992.65,20,1022.85,20,0,4400
BANKNIFTY30JAN2032700PE.NFO,07/01/2020,09:42:51,1038.85,993.7,20,1013.15,20,0,4400
BANKNIFTY30JAN2032700PE.NFO,07/01/2020,09:42:52,1038.85,993.8,20,1020.65,20,0,4400
BANKNIFTY30JAN2032700PE.NFO,07/01/2020,09:42:53,1038.85,995,20,1014.1,20,0,4400
BANKNIFTY30JAN2032700PE.NFO,07/01/2020,09:42:54,1038.85,996.55,20,1014.1,20,0,4400
BANKNIFTY30JAN2032700PE.NFO,07/01/2020,09:42:55,1038.85,997,40,1017.7,20,0,4400
BANKNIFTY30JAN2032700PE.NFO,07/01/2020,09:42:56,1038.85,997.3,20,1016.05,20,0,4400
BANKNIFTY30JAN2032700PE.NFO,07/01/2020,09:42:57,1038.85,997.65,20,1018.55,20,0,4400
BANKNIFTY30JAN2032700PE.NFO,07/01/2020,09:42:59,1038.85,997.65,20,1017.45,20,0,4400
BANKNIFTY30JAN2032700PE.NFO,07/01/2020,09:43:00,1038.85,998.6,20,1018,20,0,4400
BANKNIFTY30JAN2032700PE.NFO,07/01/2020,09:43:01,1038.85,998.6,20,1019.6,20,0,4400
BANKNIFTY30JAN2032700PE.NFO,07/01/2020,09:43:02,1038.85,1000.25,20,1019.6,20,0,4400
BANKNIFTY30JAN2032700PE.NFO,07/01/2020,09:43:03,1038.85,1001.6,20,1019.1,20,0,4400
BANKNIFTY30JAN2032700PE.NFO,07/01/2020,09:43:04,1038.85,1001.5,20,1018.4,20,0,4400
BANKNIFTY30JAN2032700PE.NFO,07/01/2020,09:43:06,1038.85,997.7,20,1019.2,20,0,4400
BANKNIFTY30JAN2032700PE.NFO,07/01/2020,09:43:07,1038.85,998.7,20,1018.85,20,0,4400
BANKNIFTY30JAN2032700PE.NFO,07/01/2020,09:43:08,1038.85,998.7,20,1019.15,20,0,4400
BANKNIFTY30JAN2032700PE.NFO,07/01/2020,09:43:09,1038.85,998.7,20,1018.85,20,0,4400
BANKNIFTY30JAN2032700PE.NFO,07/01/2020,09:43:10,1038.85,999.2,20,1018.95,20,0,4400
BANKNIFTY30JAN2032700PE.NFO,07/01/2020,09:43:11,1038.85,999.15,20,1019.05,20,0,4400
BANKNIFTY30JAN2032700PE.NFO,07/01/2020,09:43:13,1038.85,999.15,20,1018.8,20,0,4400
BANKNIFTY30JAN2032700PE.NFO,07/01/2020,09:43:16,1038.85,999.15,20,1018.7,20,0,4400
BANKNIFTY30JAN2032700PE.NFO,07/01/2020,09:43:17,1038.85,1000.35,20,1018.45,20,0,4400
BANKNIFTY30JAN2032700PE.NFO,07/01/2020,09:43:18,1038.85,999.15,20,1016.05,20,0,4400
BANKNIFTY30JAN2032700PE.NFO,07/01/2020,09:43:20,1038.85,999.15,20,1018.25,20,0,4400
BANKNIFTY30JAN2032700PE.NFO,07/01/2020,09:43:21,1038.85,999.15,20,1018.5,20,0,4400
BANKNIFTY30JAN2032700PE.NFO,07/01/2020,09:43:22,1038.85,999.15,20,1014.7,20,0,4400
BANKNIFTY30JAN2032700PE.NFO,07/01/2020,09:43:23,1038.85,998,20,1020.1,20,0,4400
BANKNIFTY30JAN2032700PE.NFO,07/01/2020,09:43:24,1038.85,998,20,1019.75,20,0,4400
BANKNIFTY30JAN2032700PE.NFO,07/01/2020,09:43:26,1038.85,998.2,40,1018.95,20,0,4400
BANKNIFTY30JAN2032700PE.NFO,07/01/2020,09:43:27,1038.85,998.5,20,1018.7,20,0,4400
BANKNIFTY30JAN2032700PE.NFO,07/01/2020,09:43:28,1038.85,998.5,20,1016.65,20,0,4400
BANKNIFTY30JAN2032700PE.NFO,07/01/2020,09:43:29,1038.85,998.75,20,1019.45,20,0,4400
BANKNIFTY30JAN2032700PE.NFO,07/01/2020,09:43:30,1038.85,998.85,20,1017.6,20,0,4400
BANKNIFTY30JAN2032700PE.NFO,07/01/2020,09:43:32,1038.85,998.9,20,1017.6,20,0,4400
BANKNIFTY30JAN2032700PE.NFO,07/01/2020,09:43:33,1038.85,1000.45,20,1019.65,20,0,4400
BANKNIFTY30JAN2032700PE.NFO,07/01/2020,09:43:35,1038.85,1000.7,20,1018.9,20,0,4400
BANKNIFTY30JAN2032700PE.NFO,07/01/2020,09:43:36,1038.85,1000.75,20,1019,20,0,4400
BANKNIFTY30JAN2032700PE.NFO,07/01/2020,09:43:37,1038.85,1000.7,20,1019.4,20,0,4400
BANKNIFTY30JAN2032700PE.NFO,07/01/2020,09:43:39,1038.85,1000.7,20,1034.85,20,0,4400
BANKNIFTY30JAN2032700PE.NFO,07/01/2020,09:43:40,1038.85,1000.7,20,1019.45,20,0,4400
BANKNIFTY30JAN2032700PE.NFO,07/01/2020,09:43:41,1038.85,1000.7,20,1019,20,0,4400
BANKNIFTY30JAN2032700PE.NFO,07/01/2020,09:43:42,1038.85,1000.7,20,1019.15,20,0,4400
BANKNIFTY30JAN2032700PE.NFO,07/01/2020,09:43:43,1038.85,1000.85,20,1019.1,20,0,4400
BANKNIFTY30JAN2032700PE.NFO,07/01/2020,09:43:44,1038.85,1000.85,20,1019.45,20,0,4400
BANKNIFTY30JAN2032700PE.NFO,07/01/2020,09:43:46,1038.85,1000.7,20,1018.45,20,0,4400
BANKNIFTY30JAN2032700PE.NFO,07/01/2020,09:43:47,1038.85,1000.7,20,1018.1,20,0,4400
BANKNIFTY30JAN2032700PE.NFO,07/01/2020,09:43:48,1038.85,1000.7,20,1018.95,20,0,4400
BANKNIFTY30JAN2032700PE.NFO,07/01/2020,09:43:50,1038.85,1000.7,20,1017.2,20,0,4400
BANKNIFTY30JAN2032700PE.NFO,07/01/2020,09:43:51,1038.85,1000.75,40,1017.35,20,0,4400
BANKNIFTY30JAN2032700PE.NFO,07/01/2020,09:43:52,1038.85,1000.75,40,1017.3,20,0,4400
BANKNIFTY30JAN2032700PE.NFO,07/01/2020,09:43:53,1038.85,993.95,20,1016.65,20,0,4400
BANKNIFTY30JAN2032700PE.NFO,07/01/2020,09:43:54,1038.85,995.3,20,1016.55,20,0,4400
BANKNIFTY30JAN2032700PE.NFO,07/01/2020,09:43:56,1038.85,997,20,1016.25,20,0,4400
BANKNIFTY30JAN2032700PE.NFO,07/01/2020,09:43:57,1038.85,997.05,40,1015.95,20,0,4400
BANKNIFTY30JAN2032700PE.NFO,07/01/2020,09:43:58,1038.85,997.05,20,1015.85,20,0,4400
BANKNIFTY30JAN2032700PE.NFO,07/01/2020,09:43:59,1038.85,997.05,20,1015.55,20,0,4400
BANKNIFTY30JAN2032700PE.NFO,07/01/2020,09:44:00,1038.85,997.05,20,1015.7,20,0,4400
BANKNIFTY30JAN2032700PE.NFO,07/01/2020,09:44:02,1038.85,997.05,20,1016.05,20,0,4400
BANKNIFTY30JAN2032700PE.NFO,07/01/2020,09:44:03,1038.85,997.05,20,1015.6,20,0,4400
BANKNIFTY30JAN2032700PE.NFO,07/01/2020,09:44:04,1038.85,997.05,20,1014.1,20,0,4400
BANKNIFTY30JAN2032700PE.NFO,07/01/2020,09:44:09,1038.85,997.05,20,1014.2,20,0,4400
BANKNIFTY30JAN2032700PE.NFO,07/01/2020,09:44:10,1038.85,997.05,20,1014.15,20,0,4400
BANKNIFTY30JAN2032700PE.NFO,07/01/2020,09:44:11,1038.85,997.05,20,1013.9,20,0,4400
BANKNIFTY30JAN2032700PE.NFO,07/01/2020,09:44:12,1038.85,997.05,20,1012.3,20,0,4400
BANKNIFTY30JAN2032700PE.NFO,07/01/2020,09:44:13,1038.85,997.05,20,1013,20,0,4400
BANKNIFTY30JAN2032700PE.NFO,07/01/2020,09:44:14,1038.85,991.3,40,1018.55,20,0,4400
BANKNIFTY30JAN2032700PE.NFO,07/01/2020,09:44:15,1038.85,992.55,20,1012.65,20,0,4400
BANKNIFTY30JAN2032700PE.NFO,07/01/2020,09:44:17,1038.85,992.6,20,1011.9,20,0,4400
BANKNIFTY30JAN2032700PE.NFO,07/01/2020,09:44:18,1038.85,992.6,20,1010,20,0,4400
BANKNIFTY30JAN2032700PE.NFO,07/01/2020,09:44:19,1038.85,992.6,20,1010.25,20,0,4400
BANKNIFTY30JAN2032700PE.NFO,07/01/2020,09:44:20,1038.85,988.15,40,1009.2,20,0,4400
BANKNIFTY30JAN2032700PE.NFO,07/01/2020,09:44:21,1038.85,988.35,20,1009.3,20,0,4400
BANKNIFTY30JAN2032700PE.NFO,07/01/2020,09:44:23,1038.85,988.8,20,1009.05,20,0,4400
BANKNIFTY30JAN2032700PE.NFO,07/01/2020,09:44:24,1038.85,988.9,20,1009.6,20,0,4400
BANKNIFTY30JAN2032700PE.NFO,07/01/2020,09:44:25,1038.85,989.4,20,1008.85,20,0,4400
BANKNIFTY30JAN2032700PE.NFO,07/01/2020,09:44:26,1038.85,990.8,20,1011.55,20,0,4400
BANKNIFTY30JAN2032700PE.NFO,07/01/2020,09:44:27,1038.85,991.4,20,1011.55,20,0,4400
BANKNIFTY30JAN2032700PE.NFO,07/01/2020,09:44:28,1038.85,991.65,20,1011.55,20,0,4400
BANKNIFTY30JAN2032700PE.NFO,07/01/2020,09:44:31,1038.85,992.45,40,1013.7,20,0,4400
BANKNIFTY30JAN2032700PE.NFO,07/01/2020,09:44:32,1038.85,992.5,20,1011.75,20,0,4400
BANKNIFTY30JAN2032700PE.NFO,07/01/2020,09:44:33,1038.85,987.85,20,1010.85,20,0,4400
BANKNIFTY30JAN2032700PE.NFO,07/01/2020,09:44:34,1038.85,988.25,20,1009.35,20,0,4400
BANKNIFTY30JAN2032700PE.NFO,07/01/2020,09:44:36,1038.85,988.35,20,1007.85,20,0,4400
BANKNIFTY30JAN2032700PE.NFO,07/01/2020,09:44:37,1038.85,988.35,20,1007.6,20,0,4400
BANKNIFTY30JAN2032700PE.NFO,07/01/2020,09:44:38,1038.85,988.35,20,1010.4,20,0,4400
BANKNIFTY30JAN2032700PE.NFO,07/01/2020,09:44:39,1038.85,988.35,20,1008.3,20,0,4400
BANKNIFTY30JAN2032700PE.NFO,07/01/2020,09:44:40,1038.85,988.35,20,1007.85,20,0,4400
BANKNIFTY30JAN2032700PE.NFO,07/01/2020,09:44:41,1038.85,988.35,20,1007.8,20,0,4400
BANKNIFTY30JAN2032700PE.NFO,07/01/2020,09:44:43,1038.85,988.35,20,1007.7,20,0,4400
BANKNIFTY30JAN2032700PE.NFO,07/01/2020,09:44:44,1038.85,988.35,20,1007.6,20,0,4400
BANKNIFTY30JAN2032700PE.NFO,07/01/2020,09:44:46,1038.85,988.35,20,1007.5,20,0,4400
BANKNIFTY30JAN2032700PE.NFO,07/01/2020,09:44:47,1038.85,988.35,20,1007.95,20,0,4400
BANKNIFTY30JAN2032700PE.NFO,07/01/2020,09:44:48,1038.85,988.35,20,1007.65,20,0,4400
BANKNIFTY30JAN2032700PE.NFO,07/01/2020,09:44:49,1038.85,988.35,20,1007.85,20,0,4400
BANKNIFTY30JAN2032700PE.NFO,07/01/2020,09:44:50,1038.85,989.85,20,1007.85,20,0,4400
BANKNIFTY30JAN2032700PE.NFO,07/01/2020,09:44:52,1038.85,989.9,20,1013.65,20,0,4400
BANKNIFTY30JAN2032700PE.NFO,07/01/2020,09:44:53,1038.85,985.45,20,1003.15,20,0,4400
BANKNIFTY30JAN2032700PE.NFO,07/01/2020,09:44:54,1038.85,985.45,20,1003.75,20,0,4400
BANKNIFTY30JAN2032700PE.NFO,07/01/2020,09:44:55,1038.85,985.45,20,1002.45,20,0,4400
BANKNIFTY30JAN2032700PE.NFO,07/01/2020,09:44:56,1038.85,985.4,40,1001.05,20,0,4400
BANKNIFTY30JAN2032700PE.NFO,07/01/2020,09:44:58,1038.85,985.45,20,1001.4,20,0,4400
BANKNIFTY30JAN2032700PE.NFO,07/01/2020,09:44:59,1038.85,985.45,20,1003.35,20,0,4400
BANKNIFTY30JAN2032700PE.NFO,07/01/2020,09:45:00,1038.85,985.45,20,1002.45,20,0,4400
BANKNIFTY30JAN2032700PE.NFO,07/01/2020,09:45:01,1038.85,985.45,20,1002.6,20,0,4400
BANKNIFTY30JAN2032700PE.NFO,07/01/2020,09:45:02,1038.85,985.45,20,1001.2,20,0,4400
BANKNIFTY30JAN2032700PE.NFO,07/01/2020,09:45:04,1038.85,985.45,20,1000.9,20,0,4400
BANKNIFTY30JAN2032700PE.NFO,07/01/2020,09:45:05,1038.85,985.55,20,999.95,20,0,4400
BANKNIFTY30JAN2032700PE.NFO,07/01/2020,09:45:07,1038.85,985.55,20,1000.85,20,0,4400
BANKNIFTY30JAN2032700PE.NFO,07/01/2020,09:45:08,1038.85,977.5,20,996.1,20,0,4400
BANKNIFTY30JAN2032700PE.NFO,07/01/2020,09:45:09,1038.85,977.6,20,993.95,20,0,4400
BANKNIFTY30JAN2032700PE.NFO,07/01/2020,09:45:11,1038.85,977.6,20,995.15,20,0,4400
BANKNIFTY30JAN2032700PE.NFO,07/01/2020,09:45:12,1038.85,979.4,20,999.25,20,0,4400
BANKNIFTY30JAN2032700PE.NFO,07/01/2020,09:45:13,1038.85,979.5,20,998.45,20,0,4400
BANKNIFTY30JAN2032700PE.NFO,07/01/2020,09:45:14,1038.85,979.6,40,998.45,20,0,4400
BANKNIFTY30JAN2032700PE.NFO,07/01/2020,09:45:16,1038.85,979.6,20,997.35,20,0,4400
BANKNIFTY30JAN2032700PE.NFO,07/01/2020,09:45:17,1038.85,979.6,20,1013.7,20,0,4400
BANKNIFTY30JAN2032700PE.NFO,07/01/2020,09:45:18,1038.85,979.6,20,997.1,20,0,4400
BANKNIFTY30JAN2032700PE.NFO,07/01/2020,09:45:19,1038.85,979.7,20,995.3,20,0,4400
BANKNIFTY30JAN2032700PE.NFO,07/01/2020,09:45:20,1038.85,980.35,40,999.2,20,0,4400
BANKNIFTY30JAN2032700PE.NFO,07/01/2020,09:45:21,1038.85,980.45,20,1000.05,20,0,4400
BANKNIFTY30JAN2032700PE.NFO,07/01/2020,09:45:22,1038.85,980.45,20,998.8,20,0,4400
BANKNIFTY30JAN2032700PE.NFO,07/01/2020,09:45:25,1038.85,980.45,20,997.85,20,0,4400
BANKNIFTY30JAN2032700PE.NFO,07/01/2020,09:45:26,1038.85,980.45,20,998.65,20,0,4400
BANKNIFTY30JAN2032700PE.NFO,07/01/2020,09:45:27,1038.85,980.55,20,998.6,20,0,4400
BANKNIFTY30JAN2032700PE.NFO,07/01/2020,09:45:28,1038.85,980.6,20,998.5,20,0,4400
BANKNIFTY30JAN2032700PE.NFO,07/01/2020,09:45:29,1038.85,981.95,20,998.5,20,0,4400
BANKNIFTY30JAN2032700PE.NFO,07/01/2020,09:45:32,1038.85,982.85,20,1000.45,20,0,4400
BANKNIFTY30JAN2032700PE.NFO,07/01/2020,09:45:33,1038.85,982.85,20,1000.4,20,0,4400
BANKNIFTY30JAN2032700PE.NFO,07/01/2020,09:45:34,1038.85,983.1,20,1000.35,20,0,4400
BANKNIFTY30JAN2032700PE.NFO,07/01/2020,09:45:35,1038.85,982.85,20,998,20,0,4400
BANKNIFTY30JAN2032700PE.NFO,07/01/2020,09:45:36,1038.85,982.9,20,998.4,20,0,4400
BANKNIFTY30JAN2032700PE.NFO,07/01/2020,09:45:38,1038.85,984.3,20,1001.65,20,0,4400
BANKNIFTY30JAN2032700PE.NFO,07/01/2020,09:45:40,1038.85,985.4,20,1006.05,20,0,4400
BANKNIFTY30JAN2032700PE.NFO,07/01/2020,09:45:41,1038.85,985.4,20,1004,20,0,4400
BANKNIFTY30JAN2032700PE.NFO,07/01/2020,09:45:42,1038.85,985.4,20,1005.85,20,0,4400
BANKNIFTY30JAN2032700PE.NFO,07/01/2020,09:45:43,1038.85,985.4,20,1002.9,20,0,4400
BANKNIFTY30JAN2032700PE.NFO,07/01/2020,09:45:45,1038.85,985.4,20,1001.1,20,0,4400
BANKNIFTY30JAN2032700PE.NFO,07/01/2020,09:45:47,1038.85,985.4,20,1001.5,20,0,4400
BANKNIFTY30JAN2032700PE.NFO,07/01/2020,09:45:48,1038.85,985.4,20,1002.25,20,0,4400
BANKNIFTY30JAN2032700PE.NFO,07/01/2020,09:45:49,1038.85,985.4,20,1001.65,20,0,4400
BANKNIFTY30JAN2032700PE.NFO,07/01/2020,09:45:50,1038.85,985.4,20,1006.25,20,0,4400
BANKNIFTY30JAN2032700PE.NFO,07/01/2020,09:45:52,1038.85,986.7,20,1006.85,20,0,4400
BANKNIFTY30JAN2032700PE.NFO,07/01/2020,09:45:53,1038.85,988.7,20,1009.3,20,0,4400
BANKNIFTY30JAN2032700PE.NFO,07/01/2020,09:45:54,1038.85,988.8,20,1007.85,20,0,4400
BANKNIFTY30JAN2032700PE.NFO,07/01/2020,09:45:55,1038.85,986,20,1005.15,20,0,4400
BANKNIFTY30JAN2032700PE.NFO,07/01/2020,09:45:56,1038.85,986.3,20,1005.15,20,0,4400
BANKNIFTY30JAN2032700PE.NFO,07/01/2020,09:45:58,1038.85,986.35,20,1005.15,20,0,4400
BANKNIFTY30JAN2032700PE.NFO,07/01/2020,09:45:59,1038.85,986.35,20,1004.8,20,0,4400
BANKNIFTY30JAN2032700PE.NFO,07/01/2020,09:46:00,1038.85,986.35,20,1004.05,20,0,4400
BANKNIFTY30JAN2032700PE.NFO,07/01/2020,09:46:01,1038.85,986.7,20,1005.35,20,0,4400
BANKNIFTY30JAN2032700PE.NFO,07/01/2020,09:46:02,1038.85,987.1,20,1005.25,20,0,4400
BANKNIFTY30JAN2032700PE.NFO,07/01/2020,09:46:04,1038.85,987.7,20,1004.95,20,0,4400
BANKNIFTY30JAN2032700PE.NFO,07/01/2020,09:46:05,1038.85,987.8,20,1003.95,20,0,4400
BANKNIFTY30JAN2032700PE.NFO,07/01/2020,09:46:06,1038.85,987.8,20,1004.3,20,0,4400
BANKNIFTY30JAN2032700PE.NFO,07/01/2020,09:46:07,1038.85,987.8,20,1005.45,20,0,4400
BANKNIFTY30JAN2032700PE.NFO,07/01/2020,09:46:08,1038.85,987.8,20,1004.95,20,0,4400
BANKNIFTY30JAN2032700PE.NFO,07/01/2020,09:46:09,1038.85,987.8,20,1004.7,20,0,4400
BANKNIFTY30JAN2032700PE.NFO,07/01/2020,09:46:12,1038.85,987.8,20,1005.15,20,0,4400
BANKNIFTY30JAN2032700PE.NFO,07/01/2020,09:46:15,1038.85,987.8,20,1005.1,20,0,4400
BANKNIFTY30JAN2032700PE.NFO,07/01/2020,09:46:16,1038.85,987.8,20,1004.5,20,0,4400
BANKNIFTY30JAN2032700PE.NFO,07/01/2020,09:46:17,1038.85,987.9,20,1004.8,20,0,4400
BANKNIFTY30JAN2032700PE.NFO,07/01/2020,09:46:18,1038.85,987.9,20,1004.35,20,0,4400
BANKNIFTY30JAN2032700PE.NFO,07/01/2020,09:46:21,1038.85,987.9,20,1004.1,20,0,4400
BANKNIFTY30JAN2032700PE.NFO,07/01/2020,09:46:22,1038.85,987.75,20,1003.85,20,0,4400
BANKNIFTY30JAN2032700PE.NFO,07/01/2020,09:46:23,1038.85,987.8,20,1004,20,0,4400
BANKNIFTY30JAN2032700PE.NFO,07/01/2020,09:46:24,1038.85,988.15,20,1004.9,20,0,4400
BANKNIFTY30JAN2032700PE.NFO,07/01/2020,09:46:26,1038.85,988.3,20,1004.9,20,0,4400
BANKNIFTY30JAN2032700PE.NFO,07/01/2020,09:46:27,1038.85,988.65,20,1005.45,20,0,4400
BANKNIFTY30JAN2032700PE.NFO,07/01/2020,09:46:28,1038.85,988.65,20,1007.4,20,0,4400
BANKNIFTY30JAN2032700PE.NFO,07/01/2020,09:46:29,1038.85,989.4,40,1007.05,20,0,4400
BANKNIFTY30JAN2032700PE.NFO,07/01/2020,09:46:30,1038.85,990.9,20,1007.95,20,0,4400
BANKNIFTY30JAN2032700PE.NFO,07/01/2020,09:46:32,1038.85,991.7,20,1007.8,20,0,4400
BANKNIFTY30JAN2032700PE.NFO,07/01/2020,09:46:33,1038.85,991.7,20,1008.95,20,0,4400
BANKNIFTY30JAN2032700PE.NFO,07/01/2020,09:46:34,1038.85,992.6,20,1012,20,0,4400
BANKNIFTY30JAN2032700PE.NFO,07/01/2020,09:46:35,1038.85,992.6,20,1009.75,20,0,4400
BANKNIFTY30JAN2032700PE.NFO,07/01/2020,09:46:37,1038.85,992.6,20,1010.45,20,0,4400
BANKNIFTY30JAN2032700PE.NFO,07/01/2020,09:46:38,1038.85,992.55,20,1009.35,20,0,4400
BANKNIFTY30JAN2032700PE.NFO,07/01/2020,09:46:39,1038.85,992.55,20,1008.45,20,0,4400
BANKNIFTY30JAN2032700PE.NFO,07/01/2020,09:46:40,1038.85,992.95,20,1009.45,20,0,4400
BANKNIFTY30JAN2032700PE.NFO,07/01/2020,09:46:41,1038.85,992.95,20,1011.65,20,0,4400
BANKNIFTY30JAN2032700PE.NFO,07/01/2020,09:46:43,1038.85,993.45,20,1011.35,20,0,4400
BANKNIFTY30JAN2032700PE.NFO,07/01/2020,09:46:46,1038.85,993.35,20,1011.05,20,0,4400
BANKNIFTY30JAN2032700PE.NFO,07/01/2020,09:46:47,1038.85,993.35,20,1008.7,20,0,4400
BANKNIFTY30JAN2032700PE.NFO,07/01/2020,09:46:49,1038.85,993.35,20,1008.4,20,0,4400
BANKNIFTY30JAN2032700PE.NFO,07/01/2020,09:46:50,1038.85,993.4,40,1008.35,20,0,4400
BANKNIFTY30JAN2032700PE.NFO,07/01/2020,09:46:51,1038.85,993.35,20,1010.7,20,0,4400
BANKNIFTY30JAN2032700PE.NFO,07/01/2020,09:46:52,1038.85,993.45,20,1013.6,20,0,4400
BANKNIFTY30JAN2032700PE.NFO,07/01/2020,09:46:53,1038.85,994,40,1013.6,20,0,4400
BANKNIFTY30JAN2032700PE.NFO,07/01/2020,09:46:55,1038.85,995.25,20,1012.55,20,0,4400
BANKNIFTY30JAN2032700PE.NFO,07/01/2020,09:46:56,1038.85,995.25,20,1015,20,0,4400
BANKNIFTY30JAN2032700PE.NFO,07/01/2020,09:46:57,1038.85,995.25,20,1014.5,20,0,4400
BANKNIFTY30JAN2032700PE.NFO,07/01/2020,09:46:58,1038.85,997.15,20,1014.5,20,0,4400
BANKNIFTY30JAN2032700PE.NFO,07/01/2020,09:46:59,1038.85,998.45,20,1014.5,20,0,4400
BANKNIFTY30JAN2032700PE.NFO,07/01/2020,09:47:00,1038.85,998.4,20,1014.5,20,0,4400
BANKNIFTY30JAN2032700PE.NFO,07/01/2020,09:47:02,1038.85,998.45,20,1014.5,20,0,4400
BANKNIFTY30JAN2032700PE.NFO,07/01/2020,09:47:03,1038.85,998.55,20,1016.45,20,0,4400
BANKNIFTY30JAN2032700PE.NFO,07/01/2020,09:47:04,1038.85,998.55,20,1015.9,20,0,4400
BANKNIFTY30JAN2032700PE.NFO,07/01/2020,09:47:05,1038.85,998.55,20,1015.45,20,0,4400
BANKNIFTY30JAN2032700PE.NFO,07/01/2020,09:47:06,1038.85,998.55,20,1015.75,20,0,4400
BANKNIFTY30JAN2032700PE.NFO,07/01/2020,09:47:07,1038.85,998.55,20,1015.6,20,0,4400
BANKNIFTY30JAN2032700PE.NFO,07/01/2020,09:47:08,1038.85,998.55,20,1015.8,20,0,4400
BANKNIFTY30JAN2032700PE.NFO,07/01/2020,09:47:10,1038.85,998.55,20,1016,20,0,4400
BANKNIFTY30JAN2032700PE.NFO,07/01/2020,09:47:11,1038.85,998.55,20,1015.8,20,0,4400
BANKNIFTY30JAN2032700PE.NFO,07/01/2020,09:47:12,1038.85,998.55,20,1016.05,20,0,4400
BANKNIFTY30JAN2032700PE.NFO,07/01/2020,09:47:13,1038.85,999.2,20,1016.05,20,0,4400
BANKNIFTY30JAN2032700PE.NFO,07/01/2020,09:47:14,1038.85,999.35,20,1017.7,20,0,4400
BANKNIFTY30JAN2032700PE.NFO,07/01/2020,09:47:15,1038.85,999.45,20,1017.9,20,0,4400
BANKNIFTY30JAN2032700PE.NFO,07/01/2020,09:47:17,1038.85,999.45,20,1016.05,20,0,4400
BANKNIFTY30JAN2032700PE.NFO,07/01/2020,09:47:18,1038.85,999.45,20,1017.35,20,0,4400
BANKNIFTY30JAN2032700PE.NFO,07/01/2020,09:47:19,1038.85,999.45,20,1016.05,20,0,4400
BANKNIFTY30JAN2032700PE.NFO,07/01/2020,09:47:20,1038.85,999.45,20,1016.15,20,0,4400
BANKNIFTY30JAN2032700PE.NFO,07/01/2020,09:47:22,1038.85,999.45,20,1015.8,20,0,4400
BANKNIFTY30JAN2032700PE.NFO,07/01/2020,09:47:23,1038.85,999.45,20,1016.1,20,0,4400
BANKNIFTY30JAN2032700PE.NFO,07/01/2020,09:47:25,1038.85,999.45,20,1015.8,20,0,4400
BANKNIFTY30JAN2032700PE.NFO,07/01/2020,09:47:26,1038.85,999.45,40,1013.3,20,0,4400
BANKNIFTY30JAN2032700PE.NFO,07/01/2020,09:47:28,1038.85,999.5,20,1014.95,20,0,4400
BANKNIFTY30JAN2032700PE.NFO,07/01/2020,09:47:29,1038.85,999.5,20,1012.3,20,0,4400
BANKNIFTY30JAN2032700PE.NFO,07/01/2020,09:47:33,1038.85,999.55,20,1023.15,20,0,4400
BANKNIFTY30JAN2032700PE.NFO,07/01/2020,09:47:34,1038.85,994.7,20,1012,20,0,4400
BANKNIFTY30JAN2032700PE.NFO,07/01/2020,09:47:35,1038.85,995.9,20,1013.65,20,0,4400
BANKNIFTY30JAN2032700PE.NFO,07/01/2020,09:47:36,1038.85,995.95,20,1012.85,20,0,4400
BANKNIFTY30JAN2032700PE.NFO,07/01/2020,09:47:38,1038.85,995.95,20,1012.4,20,0,4400
BANKNIFTY30JAN2032700PE.NFO,07/01/2020,09:47:39,1038.85,995.95,20,1011.9,20,0,4400
BANKNIFTY30JAN2032700PE.NFO,07/01/2020,09:47:40,1038.85,995.95,20,1011.5,20,0,4400
BANKNIFTY30JAN2032700PE.NFO,07/01/2020,09:47:41,1038.85,995.95,20,1011.2,20,0,4400
BANKNIFTY30JAN2032700PE.NFO,07/01/2020,09:47:42,1038.85,990.85,20,1008.15,20,0,4400
BANKNIFTY30JAN2032700PE.NFO,07/01/2020,09:47:44,1038.85,990.7,40,1008.15,20,0,4400
BANKNIFTY30JAN2032700PE.NFO,07/01/2020,09:47:46,1038.85,991.05,20,1008.8,20,0,4400
BANKNIFTY30JAN2032700PE.NFO,07/01/2020,09:47:48,1038.85,991.5,20,1012.1,20,0,4400
BANKNIFTY30JAN2032700PE.NFO,07/01/2020,09:47:49,1038.85,991.65,40,1011.4,20,0,4400
BANKNIFTY30JAN2032700PE.NFO,07/01/2020,09:47:50,1038.85,991.75,20,1010.25,20,0,4400
BANKNIFTY30JAN2032700PE.NFO,07/01/2020,09:47:51,1038.85,991.75,20,1009.45,20,0,4400
BANKNIFTY30JAN2032700PE.NFO,07/01/2020,09:47:53,1038.85,992.25,20,1009.75,20,0,4400
