Ticker,Date,Time,LTP,BuyPrice,BuyQty,SellPrice,SellQty,LTQ,OpenInterest
BANKNIFTY27FEB2029500PE.NFO,07/01/2020,09:57:01,179,161.5,40,199.7,20,20,1720
BANKNIFTY27FEB2029500PE.NFO,07/01/2020,09:57:01,179,161.5,40,199.7,20,0,1720
BANKNIFTY27FEB2029500PE.NFO,07/01/2020,09:57:01,179,161.5,40,199.7,20,0,1720
BANKNIFTY27FEB2029500PE.NFO,07/01/2020,09:57:01,179,161.5,40,199.7,20,0,1720
BANKNIFTY27FEB2029500PE.NFO,07/01/2020,09:57:02,179,163.1,20,187.05,20,0,1720
BANKNIFTY27FEB2029500PE.NFO,07/01/2020,09:57:03,179,164.8,20,198.9,40,0,1720
BANKNIFTY27FEB2029500PE.NFO,07/01/2020,09:57:04,179,144.55,20,197.95,40,0,1720
BANKNIFTY27FEB2029500PE.NFO,07/01/2020,09:57:05,179,144.75,20,196.75,20,0,1720
BANKNIFTY27FEB2029500PE.NFO,07/01/2020,09:57:06,179,149.5,60,196.5,20,0,1720
BANKNIFTY27FEB2029500PE.NFO,07/01/2020,09:57:07,179,153.1,60,196.1,20,0,1720
BANKNIFTY27FEB2029500PE.NFO,07/01/2020,09:57:08,179,156,60,195.7,20,0,1720
BANKNIFTY27FEB2029500PE.NFO,07/01/2020,09:57:09,179,157.95,20,195.4,20,0,1720
BANKNIFTY27FEB2029500PE.NFO,07/01/2020,09:57:10,179,161.1,20,195,20,0,1720
BANKNIFTY27FEB2029500PE.NFO,07/01/2020,09:57:11,179,165.3,20,194.6,20,0,1720
BANKNIFTY27FEB2029500PE.NFO,07/01/2020,09:57:12,179,167.4,40,194.35,20,0,1720
BANKNIFTY27FEB2029500PE.NFO,07/01/2020,09:57:13,179,144.45,40,193.8,20,0,1720
BANKNIFTY27FEB2029500PE.NFO,07/01/2020,09:57:15,179,147.75,40,193.4,20,0,1720
BANKNIFTY27FEB2029500PE.NFO,07/01/2020,09:57:16,179,150.7,20,193,20,0,1720
BANKNIFTY27FEB2029500PE.NFO,07/01/2020,09:57:17,179,153.85,20,199.4,40,0,1720
BANKNIFTY27FEB2029500PE.NFO,07/01/2020,09:57:18,179,155.55,20,198.5,40,0,1720
BANKNIFTY27FEB2029500PE.NFO,07/01/2020,09:57:19,179,145.05,20,197.1,40,0,1720
BANKNIFTY27FEB2029500PE.NFO,07/01/2020,09:57:20,179,144.3,20,196.35,20,0,1720
BANKNIFTY27FEB2029500PE.NFO,07/01/2020,09:57:21,179,146.2,20,196.15,20,0,1720
BANKNIFTY27FEB2029500PE.NFO,07/01/2020,09:57:22,179,148.2,60,195.75,20,0,1720
BANKNIFTY27FEB2029500PE.NFO,07/01/2020,09:57:23,179,151.8,40,195.35,20,0,1720
BANKNIFTY27FEB2029500PE.NFO,07/01/2020,09:57:24,179,154.45,20,195.05,20,0,1720
BANKNIFTY27FEB2029500PE.NFO,07/01/2020,09:57:25,179,156.3,40,194.75,20,0,1720
BANKNIFTY27FEB2029500PE.NFO,07/01/2020,09:57:26,179,158.4,40,194.45,20,0,1720
BANKNIFTY27FEB2029500PE.NFO,07/01/2020,09:57:27,179,161.85,20,194.15,20,0,1720
BANKNIFTY27FEB2029500PE.NFO,07/01/2020,09:57:28,179,165.55,20,193.85,20,0,1720
BANKNIFTY27FEB2029500PE.NFO,07/01/2020,09:57:29,179,168.7,40,193.55,20,0,1720
BANKNIFTY27FEB2029500PE.NFO,07/01/2020,09:57:30,179,171.5,40,193.25,20,0,1720
BANKNIFTY27FEB2029500PE.NFO,07/01/2020,09:57:31,179,173.55,20,192.95,20,0,1720
BANKNIFTY27FEB2029500PE.NFO,07/01/2020,09:57:32,179,146.2,40,192.65,20,0,1720
BANKNIFTY27FEB2029500PE.NFO,07/01/2020,09:57:33,179,150.1,20,192.25,20,0,1720
BANKNIFTY27FEB2029500PE.NFO,07/01/2020,09:57:34,179,153.9,20,191.85,20,0,1720
BANKNIFTY27FEB2029500PE.NFO,07/01/2020,09:57:34,179,154.2,20,191.7,20,0,1720
BANKNIFTY27FEB2029500PE.NFO,07/01/2020,09:57:35,179,156.85,40,191.3,20,0,1720
BANKNIFTY27FEB2029500PE.NFO,07/01/2020,09:57:36,179,162.5,40,190.85,20,0,1720
BANKNIFTY27FEB2029500PE.NFO,07/01/2020,09:57:38,179,164.75,20,190.45,20,0,1720
BANKNIFTY27FEB2029500PE.NFO,07/01/2020,09:57:39,179,165.9,20,190.15,20,0,1720
BANKNIFTY27FEB2029500PE.NFO,07/01/2020,09:57:40,179,167.7,20,189.75,20,0,1720
BANKNIFTY27FEB2029500PE.NFO,07/01/2020,09:57:41,179,172.15,20,189.35,20,0,1720
BANKNIFTY27FEB2029500PE.NFO,07/01/2020,09:57:42,179,144.55,20,189.05,20,0,1720
BANKNIFTY27FEB2029500PE.NFO,07/01/2020,09:57:43,179,146.85,20,188.65,20,0,1720
BANKNIFTY27FEB2029500PE.NFO,07/01/2020,09:57:44,179,148.6,60,188.35,20,0,1720
BANKNIFTY27FEB2029500PE.NFO,07/01/2020,09:57:45,179,150.7,20,187.95,20,0,1720
BANKNIFTY27FEB2029500PE.NFO,07/01/2020,09:57:46,179,153.8,40,187.55,20,0,1720
BANKNIFTY27FEB2029500PE.NFO,07/01/2020,09:57:47,179,157.55,40,187.25,20,0,1720
BANKNIFTY27FEB2029500PE.NFO,07/01/2020,09:57:48,179,160.5,20,186.95,20,0,1720
BANKNIFTY27FEB2029500PE.NFO,07/01/2020,09:57:49,179,163.35,60,186.55,20,0,1720
BANKNIFTY27FEB2029500PE.NFO,07/01/2020,09:57:50,179,164.25,20,199.45,40,0,1720
BANKNIFTY27FEB2029500PE.NFO,07/01/2020,09:57:51,179,144.15,20,198.65,40,0,1720
BANKNIFTY27FEB2029500PE.NFO,07/01/2020,09:57:52,179,143.95,20,197.3,40,0,1720
BANKNIFTY27FEB2029500PE.NFO,07/01/2020,09:57:53,179,147.55,20,196.6,20,0,1720
BANKNIFTY27FEB2029500PE.NFO,07/01/2020,09:57:54,179,148.85,20,196.25,40,0,1720
BANKNIFTY27FEB2029500PE.NFO,07/01/2020,09:57:55,179,150.5,40,195.8,20,0,1720
BANKNIFTY27FEB2029500PE.NFO,07/01/2020,09:57:56,179,151.85,20,195.75,20,0,1720
BANKNIFTY27FEB2029500PE.NFO,07/01/2020,09:57:57,179,153.75,20,195.3,20,0,1720
BANKNIFTY27FEB2029500PE.NFO,07/01/2020,09:57:58,179,156.7,20,195.25,20,0,1720
BANKNIFTY27FEB2029500PE.NFO,07/01/2020,09:57:59,179,159.95,40,194.8,20,0,1720
BANKNIFTY27FEB2029500PE.NFO,07/01/2020,09:58:00,179,162.55,20,194.75,20,0,1720
BANKNIFTY27FEB2029500PE.NFO,07/01/2020,09:58:01,179,167.5,20,194,20,0,1720
BANKNIFTY27FEB2029500PE.NFO,07/01/2020,09:58:02,179,171.5,40,193.7,20,0,1720
BANKNIFTY27FEB2029500PE.NFO,07/01/2020,09:58:03,179,147.05,60,193.4,20,0,1720
BANKNIFTY27FEB2029500PE.NFO,07/01/2020,09:58:04,179,151.9,40,192.95,20,0,1720
BANKNIFTY27FEB2029500PE.NFO,07/01/2020,09:58:05,179,154,20,192.6,20,0,1720
BANKNIFTY27FEB2029500PE.NFO,07/01/2020,09:58:06,179,157,40,192.25,20,0,1720
BANKNIFTY27FEB2029500PE.NFO,07/01/2020,09:58:07,179,162.35,40,191.85,20,0,1720
BANKNIFTY27FEB2029500PE.NFO,07/01/2020,09:58:08,179,167.55,20,191.5,20,0,1720
BANKNIFTY27FEB2029500PE.NFO,07/01/2020,09:58:09,179,171.15,40,191.2,20,0,1720
BANKNIFTY27FEB2029500PE.NFO,07/01/2020,09:58:10,179,172.85,20,199.7,60,0,1720
BANKNIFTY27FEB2029500PE.NFO,07/01/2020,09:58:11,179,143.9,20,199,60,0,1720
BANKNIFTY27FEB2029500PE.NFO,07/01/2020,09:58:13,179,144.05,20,197.15,40,0,1720
BANKNIFTY27FEB2029500PE.NFO,07/01/2020,09:58:13,179,146.8,20,196.5,40,0,1720
BANKNIFTY27FEB2029500PE.NFO,07/01/2020,09:58:14,179,145.55,20,195.7,20,0,1720
BANKNIFTY27FEB2029500PE.NFO,07/01/2020,09:58:15,179,149.6,20,195.3,20,0,1720
BANKNIFTY27FEB2029500PE.NFO,07/01/2020,09:58:16,179,151.15,40,194.9,20,0,1720
BANKNIFTY27FEB2029500PE.NFO,07/01/2020,09:58:17,179,154.6,20,194.6,20,0,1720
BANKNIFTY27FEB2029500PE.NFO,07/01/2020,09:58:18,179,158.1,20,194.25,20,0,1720
BANKNIFTY27FEB2029500PE.NFO,07/01/2020,09:58:19,179,164.2,40,193.85,20,0,1720
BANKNIFTY27FEB2029500PE.NFO,07/01/2020,09:58:20,179,168,20,193.45,20,0,1720
BANKNIFTY27FEB2029500PE.NFO,07/01/2020,09:58:21,179,170.05,60,193.05,20,0,1720
BANKNIFTY27FEB2029500PE.NFO,07/01/2020,09:58:22,179,144.7,40,192.65,20,0,1720
BANKNIFTY27FEB2029500PE.NFO,07/01/2020,09:58:23,179,147.8,20,192.25,20,0,1720
BANKNIFTY27FEB2029500PE.NFO,07/01/2020,09:58:24,179,151.35,40,191.95,20,0,1720
BANKNIFTY27FEB2029500PE.NFO,07/01/2020,09:58:25,179,153.55,60,191.55,20,0,1720
BANKNIFTY27FEB2029500PE.NFO,07/01/2020,09:58:26,179,155.7,20,191.25,20,0,1720
BANKNIFTY27FEB2029500PE.NFO,07/01/2020,09:58:27,179,157.15,60,190.95,20,0,1720
BANKNIFTY27FEB2029500PE.NFO,07/01/2020,09:58:28,179,159.25,20,190.55,20,0,1720
BANKNIFTY27FEB2029500PE.NFO,07/01/2020,09:58:29,179,162.7,20,190.15,20,0,1720
BANKNIFTY27FEB2029500PE.NFO,07/01/2020,09:58:31,179,166.75,40,189.75,20,0,1720
BANKNIFTY27FEB2029500PE.NFO,07/01/2020,09:58:32,179,170.3,40,189.35,20,0,1720
BANKNIFTY27FEB2029500PE.NFO,07/01/2020,09:58:33,179,144.75,20,189.1,20,0,1720
BANKNIFTY27FEB2029500PE.NFO,07/01/2020,09:58:34,179,148.15,20,188.7,20,0,1720
BANKNIFTY27FEB2029500PE.NFO,07/01/2020,09:58:35,179,151.9,20,188.3,20,0,1720
BANKNIFTY27FEB2029500PE.NFO,07/01/2020,09:58:36,179,157.95,60,187.9,20,0,1720
BANKNIFTY27FEB2029500PE.NFO,07/01/2020,09:58:37,179,162,20,187.5,20,0,1720
BANKNIFTY27FEB2029500PE.NFO,07/01/2020,09:58:38,179,164.4,40,187.1,20,0,1720
BANKNIFTY27FEB2029500PE.NFO,07/01/2020,09:58:39,179,167.45,40,186.7,20,0,1720
BANKNIFTY27FEB2029500PE.NFO,07/01/2020,09:58:40,179,170.05,20,186.3,20,0,1720
BANKNIFTY27FEB2029500PE.NFO,07/01/2020,09:58:41,179,171.6,20,199.75,20,0,1720
BANKNIFTY27FEB2029500PE.NFO,07/01/2020,09:58:42,179,143.9,20,198.95,20,0,1720
BANKNIFTY27FEB2029500PE.NFO,07/01/2020,09:58:43,179,143.4,20,198.1,40,0,1720
BANKNIFTY27FEB2029500PE.NFO,07/01/2020,09:58:44,179,144.85,20,197.2,40,0,1720
BANKNIFTY27FEB2029500PE.NFO,07/01/2020,09:58:45,179,148.1,20,196.55,40,0,1720
BANKNIFTY27FEB2029500PE.NFO,07/01/2020,09:58:46,179,152.95,20,196.3,20,0,1720
BANKNIFTY27FEB2029500PE.NFO,07/01/2020,09:58:47,179,156.15,40,196.1,20,0,1720
BANKNIFTY27FEB2029500PE.NFO,07/01/2020,09:58:48,179,158.55,40,195.9,20,0,1720
BANKNIFTY27FEB2029500PE.NFO,07/01/2020,09:58:49,179,161.65,40,195.65,20,0,1720
BANKNIFTY27FEB2029500PE.NFO,07/01/2020,09:58:50,179,163.4,40,195.45,20,0,1720
BANKNIFTY27FEB2029500PE.NFO,07/01/2020,09:58:51,179,166.5,20,195.25,20,0,1720
BANKNIFTY27FEB2029500PE.NFO,07/01/2020,09:58:52,179,168.9,20,195.05,20,0,1720
BANKNIFTY27FEB2029500PE.NFO,07/01/2020,09:58:53,179,171.45,20,194.85,20,0,1720
BANKNIFTY27FEB2029500PE.NFO,07/01/2020,09:58:54,179,172.85,60,194.55,20,0,1720
BANKNIFTY27FEB2029500PE.NFO,07/01/2020,09:58:55,179,174.2,20,194.35,20,0,1720
BANKNIFTY27FEB2029500PE.NFO,07/01/2020,09:58:56,179,143.65,60,194.15,20,0,1720
BANKNIFTY27FEB2029500PE.NFO,07/01/2020,09:58:57,179,144.4,60,193.95,20,0,1720
BANKNIFTY27FEB2029500PE.NFO,07/01/2020,09:58:58,179,145.3,20,193.75,20,0,1720
BANKNIFTY27FEB2029500PE.NFO,07/01/2020,09:58:59,179,143.1,20,193.55,20,0,1720
BANKNIFTY27FEB2029500PE.NFO,07/01/2020,09:59:00,179,147.5,40,193.35,20,0,1720
BANKNIFTY27FEB2029500PE.NFO,07/01/2020,09:59:01,179,148.5,20,193.15,20,0,1720
BANKNIFTY27FEB2029500PE.NFO,07/01/2020,09:59:02,179,149.35,40,192.95,20,0,1720
BANKNIFTY27FEB2029500PE.NFO,07/01/2020,09:59:03,179,150.6,20,192.75,20,0,1720
BANKNIFTY27FEB2029500PE.NFO,07/01/2020,09:59:04,179,152.35,20,192.55,20,0,1720
BANKNIFTY27FEB2029500PE.NFO,07/01/2020,09:59:05,179,153.25,20,192.35,20,0,1720
BANKNIFTY27FEB2029500PE.NFO,07/01/2020,09:59:06,179,155.95,40,192.05,20,0,1720
BANKNIFTY27FEB2029500PE.NFO,07/01/2020,09:59:07,179,158.45,20,191.75,20,0,1720
BANKNIFTY27FEB2029500PE.NFO,07/01/2020,09:59:08,179,160.5,60,191.45,20,0,1720
BANKNIFTY27FEB2029500PE.NFO,07/01/2020,09:59:09,179,161.95,40,191.25,20,0,1720
BANKNIFTY27FEB2029500PE.NFO,07/01/2020,09:59:10,179,165.35,20,190.85,20,0,1720
BANKNIFTY27FEB2029500PE.NFO,07/01/2020,09:59:11,179,169.05,20,190.55,20,0,1720
BANKNIFTY27FEB2029500PE.NFO,07/01/2020,09:59:12,179,171.75,40,190.3,20,0,1720
BANKNIFTY27FEB2029500PE.NFO,07/01/2020,09:59:12,179,173.65,60,199.95,20,0,1720
BANKNIFTY27FEB2029500PE.NFO,07/01/2020,09:59:13,179,174.7,40,199.8,20,0,1720
BANKNIFTY27FEB2029500PE.NFO,07/01/2020,09:59:14,179,143.55,40,199.55,20,0,1720
BANKNIFTY27FEB2029500PE.NFO,07/01/2020,09:59:15,179,143.05,20,199.3,20,0,1720
BANKNIFTY27FEB2029500PE.NFO,07/01/2020,09:59:16,179,146.2,60,199.1,20,0,1720
BANKNIFTY27FEB2029500PE.NFO,07/01/2020,09:59:17,179,147.3,20,198.9,20,0,1720
BANKNIFTY27FEB2029500PE.NFO,07/01/2020,09:59:18,179,148.75,60,198.65,20,0,1720
BANKNIFTY27FEB2029500PE.NFO,07/01/2020,09:59:19,179,150.75,20,198.4,20,0,1720
BANKNIFTY27FEB2029500PE.NFO,07/01/2020,09:59:20,179,152.65,60,198.1,20,0,1720
BANKNIFTY27FEB2029500PE.NFO,07/01/2020,09:59:21,179,153.7,40,197.9,20,0,1720
BANKNIFTY27FEB2029500PE.NFO,07/01/2020,09:59:22,179,154.5,40,197.6,20,0,1720
BANKNIFTY27FEB2029500PE.NFO,07/01/2020,09:59:23,179,155.65,20,197.25,20,0,1720
BANKNIFTY27FEB2029500PE.NFO,07/01/2020,09:59:24,179,157.55,40,196.95,20,0,1720
BANKNIFTY27FEB2029500PE.NFO,07/01/2020,09:59:25,179,159.7,20,196.55,20,0,1720
BANKNIFTY27FEB2029500PE.NFO,07/01/2020,09:59:26,179,162.2,20,196.25,20,0,1720
BANKNIFTY27FEB2029500PE.NFO,07/01/2020,09:59:28,179,165.2,40,195.95,20,0,1720
BANKNIFTY27FEB2029500PE.NFO,07/01/2020,09:59:29,179,167.95,20,195.65,20,0,1720
BANKNIFTY27FEB2029500PE.NFO,07/01/2020,09:59:30,179,169.35,40,195.35,20,0,1720
BANKNIFTY27FEB2029500PE.NFO,07/01/2020,09:59:31,179,143.5,20,195.05,20,0,1720
BANKNIFTY27FEB2029500PE.NFO,07/01/2020,09:59:32,179,172.4,40,194.75,20,0,1720
BANKNIFTY27FEB2029500PE.NFO,07/01/2020,09:59:33,179,144.95,20,194.35,20,0,1720
BANKNIFTY27FEB2029500PE.NFO,07/01/2020,09:59:33,179,144.5,40,194.2,20,0,1720
BANKNIFTY27FEB2029500PE.NFO,07/01/2020,09:59:34,179,148.9,20,193.85,20,0,1720
BANKNIFTY27FEB2029500PE.NFO,07/01/2020,09:59:35,179,150.6,40,193.55,20,0,1720
BANKNIFTY27FEB2029500PE.NFO,07/01/2020,09:59:36,179,151.85,40,193.2,20,0,1720
BANKNIFTY27FEB2029500PE.NFO,07/01/2020,09:59:37,179,154.05,20,192.8,20,0,1720
BANKNIFTY27FEB2029500PE.NFO,07/01/2020,09:59:38,179,155,40,192.45,20,0,1720
BANKNIFTY27FEB2029500PE.NFO,07/01/2020,09:59:39,179,156.05,40,192.25,20,0,1720
BANKNIFTY27FEB2029500PE.NFO,07/01/2020,09:59:40,179,157.9,60,192.05,20,0,1720
BANKNIFTY27FEB2029500PE.NFO,07/01/2020,09:59:41,179,160.45,40,191.75,20,0,1720
BANKNIFTY27FEB2029500PE.NFO,07/01/2020,09:59:43,179,162.9,20,191.45,20,0,1720
BANKNIFTY27FEB2029500PE.NFO,07/01/2020,09:59:43,179,164.15,20,191.15,20,0,1720
BANKNIFTY27FEB2029500PE.NFO,07/01/2020,09:59:45,179,167.3,40,190.85,20,0,1720
BANKNIFTY27FEB2029500PE.NFO,07/01/2020,09:59:46,179,170.65,40,190.65,20,0,1720
BANKNIFTY27FEB2029500PE.NFO,07/01/2020,09:59:46,179,172.85,20,190.3,20,0,1720
BANKNIFTY27FEB2029500PE.NFO,07/01/2020,09:59:48,179,144.35,80,189.95,20,0,1720
BANKNIFTY27FEB2029500PE.NFO,07/01/2020,09:59:48,179,147.15,80,189.75,20,0,1720
BANKNIFTY27FEB2029500PE.NFO,07/01/2020,09:59:49,179,149.1,20,199.55,60,0,1720
BANKNIFTY27FEB2029500PE.NFO,07/01/2020,09:59:51,179,150.8,20,199.05,20,0,1720
BANKNIFTY27FEB2029500PE.NFO,07/01/2020,09:59:51,179,151.85,60,189.05,20,0,1720
BANKNIFTY27FEB2029500PE.NFO,07/01/2020,09:59:52,179,153.55,60,188.9,20,0,1720
BANKNIFTY27FEB2029500PE.NFO,07/01/2020,09:59:53,179,155.85,40,198.2,20,0,1720
BANKNIFTY27FEB2029500PE.NFO,07/01/2020,09:59:54,179,157.85,20,188.35,20,0,1720
BANKNIFTY27FEB2029500PE.NFO,07/01/2020,09:59:56,179,161.2,40,197.7,20,0,1720
BANKNIFTY27FEB2029500PE.NFO,07/01/2020,09:59:56,179,162.4,80,197.5,20,0,1720
BANKNIFTY27FEB2029500PE.NFO,07/01/2020,09:59:58,179,165.65,80,197.2,20,0,1720
BANKNIFTY27FEB2029500PE.NFO,07/01/2020,09:59:59,179,167.85,20,199.2,20,0,1720
BANKNIFTY27FEB2029500PE.NFO,07/01/2020,10:00:00,179,172.6,20,196.7,20,0,1720
BANKNIFTY27FEB2029500PE.NFO,07/01/2020,10:00:01,179,144.35,60,196.4,20,0,1720
BANKNIFTY27FEB2029500PE.NFO,07/01/2020,10:00:02,179,146.6,60,196.15,20,0,1720
BANKNIFTY27FEB2029500PE.NFO,07/01/2020,10:00:03,179,148.25,20,198.1,20,0,1720
BANKNIFTY27FEB2029500PE.NFO,07/01/2020,10:00:03,179,150.8,20,195.65,20,0,1720
BANKNIFTY27FEB2029500PE.NFO,07/01/2020,10:00:04,179,153.45,40,195.4,20,0,1720
BANKNIFTY27FEB2029500PE.NFO,07/01/2020,10:00:06,179,155.95,20,195.15,20,0,1720
BANKNIFTY27FEB2029500PE.NFO,07/01/2020,10:00:07,179,158.35,60,197.05,20,0,1720
BANKNIFTY27FEB2029500PE.NFO,07/01/2020,10:00:08,179,161.55,20,194.65,20,0,1720
BANKNIFTY27FEB2029500PE.NFO,07/01/2020,10:00:09,179,163.05,20,196.55,20,0,1720
BANKNIFTY27FEB2029500PE.NFO,07/01/2020,10:00:10,179,165.65,20,194.15,20,0,1720
BANKNIFTY27FEB2029500PE.NFO,07/01/2020,10:00:11,179,168.2,40,196.05,20,0,1720
BANKNIFTY27FEB2029500PE.NFO,07/01/2020,10:00:12,179,172.1,20,193.65,20,0,1720
BANKNIFTY27FEB2029500PE.NFO,07/01/2020,10:00:13,179,174.4,80,195.55,20,0,1720
BANKNIFTY27FEB2029500PE.NFO,07/01/2020,10:00:14,179,145.25,20,193.2,40,0,1720
BANKNIFTY27FEB2029500PE.NFO,07/01/2020,10:00:15,179,147.8,60,192.9,20,0,1720
BANKNIFTY27FEB2029500PE.NFO,07/01/2020,10:00:16,179,149.2,20,192.75,20,0,1720
BANKNIFTY27FEB2029500PE.NFO,07/01/2020,10:00:17,179,150.65,60,192.55,20,0,1720
BANKNIFTY27FEB2029500PE.NFO,07/01/2020,10:00:18,179,152.1,20,192.3,20,0,1720
BANKNIFTY27FEB2029500PE.NFO,07/01/2020,10:00:19,179,153.55,20,192.1,20,0,1720
BANKNIFTY27FEB2029500PE.NFO,07/01/2020,10:00:20,179,155.1,20,191.9,20,0,1720
BANKNIFTY27FEB2029500PE.NFO,07/01/2020,10:00:21,179,157.75,20,191.75,20,0,1720
BANKNIFTY27FEB2029500PE.NFO,07/01/2020,10:00:22,179,161.6,40,199.8,20,0,1720
BANKNIFTY27FEB2029500PE.NFO,07/01/2020,10:00:23,179,164.35,20,199.6,20,0,1720
BANKNIFTY27FEB2029500PE.NFO,07/01/2020,10:00:24,179,166.2,40,199.4,20,0,1720
BANKNIFTY27FEB2029500PE.NFO,07/01/2020,10:00:25,179,169.35,20,199.2,20,0,1720
BANKNIFTY27FEB2029500PE.NFO,07/01/2020,10:00:26,179,172.35,40,199,20,0,1720
BANKNIFTY27FEB2029500PE.NFO,07/01/2020,10:00:27,179,143.05,20,198.8,20,0,1720
BANKNIFTY27FEB2029500PE.NFO,07/01/2020,10:00:28,179,147.4,20,198.6,20,0,1720
BANKNIFTY27FEB2029500PE.NFO,07/01/2020,10:00:29,179,149.35,40,198.4,20,0,1720
BANKNIFTY27FEB2029500PE.NFO,07/01/2020,10:00:30,179,151.2,80,198.2,20,0,1720
BANKNIFTY27FEB2029500PE.NFO,07/01/2020,10:00:31,179,155.05,60,198,20,0,1720
BANKNIFTY27FEB2029500PE.NFO,07/01/2020,10:00:32,179,158.3,60,197.8,20,0,1720
BANKNIFTY27FEB2029500PE.NFO,07/01/2020,10:00:33,179,161.05,80,197.6,20,0,1720
BANKNIFTY27FEB2029500PE.NFO,07/01/2020,10:00:34,179,163.55,20,197.4,20,0,1720
BANKNIFTY27FEB2029500PE.NFO,07/01/2020,10:00:35,179,165.55,40,197.35,20,0,1720
BANKNIFTY27FEB2029500PE.NFO,07/01/2020,10:00:36,179,168,40,197.15,20,0,1720
BANKNIFTY27FEB2029500PE.NFO,07/01/2020,10:00:37,179,171.75,40,196.95,20,0,1720
BANKNIFTY27FEB2029500PE.NFO,07/01/2020,10:00:38,179,174.6,20,196.75,20,0,1720
BANKNIFTY27FEB2029500PE.NFO,07/01/2020,10:00:39,179,143.95,80,196.55,20,0,1720
BANKNIFTY27FEB2029500PE.NFO,07/01/2020,10:00:40,179,145.35,80,196.35,20,0,1720
BANKNIFTY27FEB2029500PE.NFO,07/01/2020,10:00:41,179,147.85,20,196.15,20,0,1720
BANKNIFTY27FEB2029500PE.NFO,07/01/2020,10:00:42,179,148.4,20,196.05,20,0,1720
BANKNIFTY27FEB2029500PE.NFO,07/01/2020,10:00:43,179,149.1,20,195.85,20,0,1720
BANKNIFTY27FEB2029500PE.NFO,07/01/2020,10:00:44,179,150.65,40,195.65,20,0,1720
BANKNIFTY27FEB2029500PE.NFO,07/01/2020,10:00:45,179,151.5,60,195.45,20,0,1720
BANKNIFTY27FEB2029500PE.NFO,07/01/2020,10:00:46,179,153.45,20,195.25,20,0,1720
BANKNIFTY27FEB2029500PE.NFO,07/01/2020,10:00:47,179,155.55,60,195.05,20,0,1720
BANKNIFTY27FEB2029500PE.NFO,07/01/2020,10:00:48,179,157.8,40,194.85,20,0,1720
BANKNIFTY27FEB2029500PE.NFO,07/01/2020,10:00:49,179,159.1,80,194.65,20,0,1720
BANKNIFTY27FEB2029500PE.NFO,07/01/2020,10:00:50,179,160.15,20,194.45,20,0,1720
BANKNIFTY27FEB2029500PE.NFO,07/01/2020,10:00:51,179,161.05,20,194.3,20,0,1720
BANKNIFTY27FEB2029500PE.NFO,07/01/2020,10:00:52,179,162.55,60,199.75,20,0,1720
BANKNIFTY27FEB2029500PE.NFO,07/01/2020,10:00:53,179,164.55,20,199.55,20,0,1720
BANKNIFTY27FEB2029500PE.NFO,07/01/2020,10:00:54,179,166.2,80,199.35,20,0,1720
BANKNIFTY27FEB2029500PE.NFO,07/01/2020,10:00:55,179,168.65,20,199.15,20,0,1720
BANKNIFTY27FEB2029500PE.NFO,07/01/2020,10:00:56,179,171,60,198.95,20,0,1720
BANKNIFTY27FEB2029500PE.NFO,07/01/2020,10:00:57,179,173.3,40,198.75,20,0,1720
BANKNIFTY27FEB2029500PE.NFO,07/01/2020,10:00:58,179,174.45,80,198.55,20,0,1720
BANKNIFTY27FEB2029500PE.NFO,07/01/2020,10:00:59,179,175.3,60,198.35,20,0,1720
BANKNIFTY27FEB2029500PE.NFO,07/01/2020,10:01:00,179,176.75,40,198.15,20,0,1720
BANKNIFTY27FEB2029500PE.NFO,07/01/2020,10:01:01,179,178.5,60,197.85,20,0,1720
BANKNIFTY27FEB2029500PE.NFO,07/01/2020,10:01:02,179,144.15,80,197.65,20,0,1720
BANKNIFTY27FEB2029500PE.NFO,07/01/2020,10:01:03,179,145.55,20,197.45,20,0,1720
BANKNIFTY27FEB2029500PE.NFO,07/01/2020,10:01:04,179,147.5,40,197.15,20,0,1720
BANKNIFTY27FEB2029500PE.NFO,07/01/2020,10:01:05,179,150.9,20,196.95,20,0,1720
BANKNIFTY27FEB2029500PE.NFO,07/01/2020,10:01:06,179,154.4,20,196.65,20,0,1720
BANKNIFTY27FEB2029500PE.NFO,07/01/2020,10:01:07,179,158.4,40,196.35,20,0,1720
BANKNIFTY27FEB2029500PE.NFO,07/01/2020,10:01:08,179,161.45,60,196.05,20,0,1720
BANKNIFTY27FEB2029500PE.NFO,07/01/2020,10:01:09,179,163.1,40,195.75,20,0,1720
BANKNIFTY27FEB2029500PE.NFO,07/01/2020,10:01:10,179,164.6,40,195.45,20,0,1720
BANKNIFTY27FEB2029500PE.NFO,07/01/2020,10:01:11,179,166.35,20,195.15,20,0,1720
BANKNIFTY27FEB2029500PE.NFO,07/01/2020,10:01:12,179,168,20,194.85,20,0,1720
BANKNIFTY27FEB2029500PE.NFO,07/01/2020,10:01:13,179,169.8,40,194.65,20,0,1720
BANKNIFTY27FEB2029500PE.NFO,07/01/2020,10:01:14,179,173.3,40,194.4,20,0,1720
BANKNIFTY27FEB2029500PE.NFO,07/01/2020,10:01:15,179,175.9,20,194.15,20,0,1720
BANKNIFTY27FEB2029500PE.NFO,07/01/2020,10:01:16,179,177.35,40,199.9,20,0,1720
BANKNIFTY27FEB2029500PE.NFO,07/01/2020,10:01:17,179,143.75,20,199.7,20,0,1720
BANKNIFTY27FEB2029500PE.NFO,07/01/2020,10:01:18,179,146.8,60,199.5,20,0,1720
BANKNIFTY27FEB2029500PE.NFO,07/01/2020,10:01:19,179,149.6,40,199.4,20,0,1720
BANKNIFTY27FEB2029500PE.NFO,07/01/2020,10:01:20,179,151.75,20,199.2,20,0,1720
BANKNIFTY27FEB2029500PE.NFO,07/01/2020,10:01:21,179,154.15,20,199,20,0,1720
BANKNIFTY27FEB2029500PE.NFO,07/01/2020,10:01:22,179,155.7,40,198.65,20,0,1720
BANKNIFTY27FEB2029500PE.NFO,07/01/2020,10:01:23,179,156.95,20,198.45,20,0,1720
BANKNIFTY27FEB2029500PE.NFO,07/01/2020,10:01:24,179,159.05,20,198.25,20,0,1720
BANKNIFTY27FEB2029500PE.NFO,07/01/2020,10:01:25,179,160.45,20,198.1,20,0,1720
BANKNIFTY27FEB2029500PE.NFO,07/01/2020,10:01:26,179,163.6,20,197.75,20,0,1720
BANKNIFTY27FEB2029500PE.NFO,07/01/2020,10:01:27,179,167.4,20,197.6,20,0,1720
BANKNIFTY27FEB2029500PE.NFO,07/01/2020,10:01:28,179,168.8,80,197.25,20,0,1720
BANKNIFTY27FEB2029500PE.NFO,07/01/2020,10:01:29,179,170.25,80,197.1,20,0,1720
BANKNIFTY27FEB2029500PE.NFO,07/01/2020,10:01:30,179,171.35,20,196.8,20,0,1720
BANKNIFTY27FEB2029500PE.NFO,07/01/2020,10:01:31,179,174.8,20,196.5,20,0,1720
BANKNIFTY27FEB2029500PE.NFO,07/01/2020,10:01:32,179,178.6,40,196.2,20,0,1720
BANKNIFTY27FEB2029500PE.NFO,07/01/2020,10:01:33,179,180.35,20,195.9,20,0,1720
BANKNIFTY27FEB2029500PE.NFO,07/01/2020,10:01:34,179,145.5,60,195.7,20,0,1720
BANKNIFTY27FEB2029500PE.NFO,07/01/2020,10:01:35,179,148.05,40,195.4,20,0,1720
BANKNIFTY27FEB2029500PE.NFO,07/01/2020,10:01:36,179,151.1,20,199.9,20,0,1720
BANKNIFTY27FEB2029500PE.NFO,07/01/2020,10:01:37,179,154.95,40,199.6,20,0,1720
BANKNIFTY27FEB2029500PE.NFO,07/01/2020,10:01:38,179,159.3,60,199.35,20,0,1720
BANKNIFTY27FEB2029500PE.NFO,07/01/2020,10:01:39,179,163.05,20,199.05,20,0,1720
BANKNIFTY27FEB2029500PE.NFO,07/01/2020,10:01:40,179,164.6,60,198.75,20,0,1720
BANKNIFTY27FEB2029500PE.NFO,07/01/2020,10:01:41,179,167,40,198.5,20,0,1720
BANKNIFTY27FEB2029500PE.NFO,07/01/2020,10:01:42,179,170.55,40,198.2,20,0,1720
BANKNIFTY27FEB2029500PE.NFO,07/01/2020,10:01:43,179,174.2,20,197.95,20,0,1720
BANKNIFTY27FEB2029500PE.NFO,07/01/2020,10:01:44,179,178.4,20,197.7,20,0,1720
BANKNIFTY27FEB2029500PE.NFO,07/01/2020,10:01:45,179,143.85,20,197.4,20,0,1720
BANKNIFTY27FEB2029500PE.NFO,07/01/2020,10:01:46,179,146.6,60,197.1,20,0,1720
BANKNIFTY27FEB2029500PE.NFO,07/01/2020,10:01:47,179,148.5,20,196.85,20,0,1720
BANKNIFTY27FEB2029500PE.NFO,07/01/2020,10:01:48,179,151.1,40,196.6,20,0,1720
BANKNIFTY27FEB2029500PE.NFO,07/01/2020,10:01:49,179,154.65,40,196.3,20,0,1720
BANKNIFTY27FEB2029500PE.NFO,07/01/2020,10:01:50,179,159.05,60,196.05,20,0,1720
BANKNIFTY27FEB2029500PE.NFO,07/01/2020,10:01:51,179,162.95,20,195.8,20,0,1720
BANKNIFTY27FEB2029500PE.NFO,07/01/2020,10:01:52,179,167.1,20,195.5,20,0,1720
BANKNIFTY27FEB2029500PE.NFO,07/01/2020,10:01:53,179,170.55,20,195.25,20,0,1720
BANKNIFTY27FEB2029500PE.NFO,07/01/2020,10:01:54,179,173.2,20,195.05,20,0,1720
BANKNIFTY27FEB2029500PE.NFO,07/01/2020,10:01:55,179,174.75,80,199.9,20,0,1720
BANKNIFTY27FEB2029500PE.NFO,07/01/2020,10:01:56,179,176.95,20,199.6,20,0,1720
BANKNIFTY27FEB2029500PE.NFO,07/01/2020,10:01:57,179,179.3,80,199.2,20,0,1720
BANKNIFTY27FEB2029500PE.NFO,07/01/2020,10:01:58,179,143.7,60,198.8,20,0,1720
BANKNIFTY27FEB2029500PE.NFO,07/01/2020,10:01:59,179,147.95,60,198.4,20,0,1720
BANKNIFTY27FEB2029500PE.NFO,07/01/2020,10:02:00,179,152.05,80,198,20,0,1720
BANKNIFTY27FEB2029500PE.NFO,07/01/2020,10:02:01,179,154.2,60,197.7,20,0,1720
BANKNIFTY27FEB2029500PE.NFO,07/01/2020,10:02:02,179,156.5,60,197.4,20,0,1720
BANKNIFTY27FEB2029500PE.NFO,07/01/2020,10:02:03,179,160.1,40,197.1,20,0,1720
BANKNIFTY27FEB2029500PE.NFO,07/01/2020,10:02:04,179,164.5,20,196.8,20,0,1720
BANKNIFTY27FEB2029500PE.NFO,07/01/2020,10:02:05,179,169.1,40,196.5,20,0,1720
BANKNIFTY27FEB2029500PE.NFO,07/01/2020,10:02:06,179,172.9,20,196.2,20,0,1720
BANKNIFTY27FEB2029500PE.NFO,07/01/2020,10:02:07,179,174.9,60,195.9,20,0,1720
BANKNIFTY27FEB2029500PE.NFO,07/01/2020,10:02:08,179,177.8,20,199.95,20,0,1720
BANKNIFTY27FEB2029500PE.NFO,07/01/2020,10:02:09,179,143.25,60,199.65,20,0,1720
BANKNIFTY27FEB2029500PE.NFO,07/01/2020,10:02:10,179,146.2,40,199.25,20,0,1720
BANKNIFTY27FEB2029500PE.NFO,07/01/2020,10:02:11,179,149.9,60,198.85,20,0,1720
BANKNIFTY27FEB2029500PE.NFO,07/01/2020,10:02:12,179,153.95,20,198.45,20,0,1720
BANKNIFTY27FEB2029500PE.NFO,07/01/2020,10:02:12,179,156.85,40,198.1,20,0,1720
BANKNIFTY27FEB2029500PE.NFO,07/01/2020,10:02:13,179,159.45,40,197.75,20,0,1720
BANKNIFTY27FEB2029500PE.NFO,07/01/2020,10:02:14,179,161.4,20,197.35,20,0,1720
BANKNIFTY27FEB2029500PE.NFO,07/01/2020,10:02:15,179,163.85,20,196.95,20,0,1720
BANKNIFTY27FEB2029500PE.NFO,07/01/2020,10:02:16,179,166.15,20,196.45,20,0,1720
BANKNIFTY27FEB2029500PE.NFO,07/01/2020,10:02:17,179,168.9,20,196,20,0,1720
BANKNIFTY27FEB2029500PE.NFO,07/01/2020,10:02:18,179,173.35,40,195.6,20,0,1720
BANKNIFTY27FEB2029500PE.NFO,07/01/2020,10:02:19,179,175.2,40,195.2,20,0,1720
BANKNIFTY27FEB2029500PE.NFO,07/01/2020,10:02:20,179,177.8,40,194.7,20,0,1720
BANKNIFTY27FEB2029500PE.NFO,07/01/2020,10:02:21,179,179.7,40,199.7,20,0,1720
BANKNIFTY27FEB2029500PE.NFO,07/01/2020,10:02:22,179,144.2,20,199.35,20,0,1720
BANKNIFTY27FEB2029500PE.NFO,07/01/2020,10:02:23,179,146.65,40,198.85,20,0,1720
BANKNIFTY27FEB2029500PE.NFO,07/01/2020,10:02:24,179,150.75,40,198.45,20,0,1720
BANKNIFTY27FEB2029500PE.NFO,07/01/2020,10:02:25,179,152.75,60,198.05,20,0,1720
BANKNIFTY27FEB2029500PE.NFO,07/01/2020,10:02:26,179,154.65,40,197.65,20,0,1720
BANKNIFTY27FEB2029500PE.NFO,07/01/2020,10:02:27,179,159.95,20,197.25,20,0,1720
BANKNIFTY27FEB2029500PE.NFO,07/01/2020,10:02:28,179,164.05,20,196.9,20,0,1720
BANKNIFTY27FEB2029500PE.NFO,07/01/2020,10:02:29,179,166,40,196.4,20,0,1720
BANKNIFTY27FEB2029500PE.NFO,07/01/2020,10:02:30,179,168.1,20,196,20,0,1720
BANKNIFTY27FEB2029500PE.NFO,07/01/2020,10:02:31,179,170.75,20,195.6,20,0,1720
BANKNIFTY27FEB2029500PE.NFO,07/01/2020,10:02:32,179,175.5,20,195.25,20,0,1720
BANKNIFTY27FEB2029500PE.NFO,07/01/2020,10:02:33,179,180.05,20,199.9,40,0,1720
BANKNIFTY27FEB2029500PE.NFO,07/01/2020,10:02:34,179,146.15,40,199.7,40,0,1720
BANKNIFTY27FEB2029500PE.NFO,07/01/2020,10:02:35,179,149.2,40,199.45,20,0,1720
BANKNIFTY27FEB2029500PE.NFO,07/01/2020,10:02:36,179,151.4,20,199.25,40,0,1720
BANKNIFTY27FEB2029500PE.NFO,07/01/2020,10:02:37,179,152.9,20,198.9,20,0,1720
BANKNIFTY27FEB2029500PE.NFO,07/01/2020,10:02:38,179,155.8,40,198.65,20,0,1720
BANKNIFTY27FEB2029500PE.NFO,07/01/2020,10:02:39,179,159,60,198.4,40,0,1720
BANKNIFTY27FEB2029500PE.NFO,07/01/2020,10:02:40,179,163,20,198.15,40,0,1720
BANKNIFTY27FEB2029500PE.NFO,07/01/2020,10:02:42,179,168.65,20,197.75,20,0,1720
BANKNIFTY27FEB2029500PE.NFO,07/01/2020,10:02:43,179,176.15,20,197.4,20,0,1720
BANKNIFTY27FEB2029500PE.NFO,07/01/2020,10:02:44,179,179.5,40,197.05,20,0,1720
BANKNIFTY27FEB2029500PE.NFO,07/01/2020,10:02:45,179,145,20,196.75,40,0,1720
BANKNIFTY27FEB2029500PE.NFO,07/01/2020,10:02:46,179,147.8,60,196.4,20,0,1720
BANKNIFTY27FEB2029500PE.NFO,07/01/2020,10:02:46,179,148.65,20,196.25,20,0,1720
BANKNIFTY27FEB2029500PE.NFO,07/01/2020,10:02:47,179,151.95,40,195.95,40,0,1720
BANKNIFTY27FEB2029500PE.NFO,07/01/2020,10:02:48,179,155.75,40,195.65,20,0,1720
BANKNIFTY27FEB2029500PE.NFO,07/01/2020,10:02:49,179,160.7,40,195.3,20,0,1720
BANKNIFTY27FEB2029500PE.NFO,07/01/2020,10:02:50,179,162.6,60,195,20,0,1720
BANKNIFTY27FEB2029500PE.NFO,07/01/2020,10:02:51,179,164.95,60,194.75,20,0,1720
BANKNIFTY27FEB2029500PE.NFO,07/01/2020,10:02:53,179,168.3,20,199.35,20,0,1720
BANKNIFTY27FEB2029500PE.NFO,07/01/2020,10:02:54,179,171.6,40,199.1,20,0,1720
BANKNIFTY27FEB2029500PE.NFO,07/01/2020,10:02:55,179,176.35,40,198.85,20,0,1720
BANKNIFTY27FEB2029500PE.NFO,07/01/2020,10:02:56,179,144.3,40,198.55,20,0,1720
BANKNIFTY27FEB2029500PE.NFO,07/01/2020,10:02:57,179,147.6,20,198.3,20,0,1720
BANKNIFTY27FEB2029500PE.NFO,07/01/2020,10:02:58,179,150.4,40,198.05,20,0,1720
BANKNIFTY27FEB2029500PE.NFO,07/01/2020,10:02:59,179,154.25,20,197.8,20,0,1720
BANKNIFTY27FEB2029500PE.NFO,07/01/2020,10:03:00,179,157.45,60,197.55,20,0,1720
BANKNIFTY27FEB2029500PE.NFO,07/01/2020,10:03:01,179,162,60,197.25,20,0,1720
BANKNIFTY27FEB2029500PE.NFO,07/01/2020,10:03:02,179,164.9,60,197,20,0,1720
BANKNIFTY27FEB2029500PE.NFO,07/01/2020,10:03:03,179,167,80,196.7,20,0,1720
BANKNIFTY27FEB2029500PE.NFO,07/01/2020,10:03:04,179,169.95,20,196.35,20,0,1720
BANKNIFTY27FEB2029500PE.NFO,07/01/2020,10:03:05,179,172.35,40,196.05,20,0,1720
BANKNIFTY27FEB2029500PE.NFO,07/01/2020,10:03:06,179,174.35,60,195.8,20,0,1720
BANKNIFTY27FEB2029500PE.NFO,07/01/2020,10:03:07,179,177.7,20,195.5,20,0,1720
BANKNIFTY27FEB2029500PE.NFO,07/01/2020,10:03:08,179,144.35,60,195.2,20,0,1720
BANKNIFTY27FEB2029500PE.NFO,07/01/2020,10:03:09,179,148.2,40,195,20,0,1720
BANKNIFTY27FEB2029500PE.NFO,07/01/2020,10:03:10,179,150.9,80,194.8,20,0,1720
BANKNIFTY27FEB2029500PE.NFO,07/01/2020,10:03:11,179,152.8,20,194.55,20,0,1720
BANKNIFTY27FEB2029500PE.NFO,07/01/2020,10:03:12,179,154.85,80,194.25,20,0,1720
BANKNIFTY27FEB2029500PE.NFO,07/01/2020,10:03:12,179,155.1,60,199.05,20,0,1720
BANKNIFTY27FEB2029500PE.NFO,07/01/2020,10:03:13,179,157.35,20,199.6,20,0,1720
BANKNIFTY27FEB2029500PE.NFO,07/01/2020,10:03:14,179,159.9,40,198.5,20,0,1720
BANKNIFTY27FEB2029500PE.NFO,07/01/2020,10:03:15,179,164.55,20,198.15,20,0,1720
BANKNIFTY27FEB2029500PE.NFO,07/01/2020,10:03:16,179,167.7,20,197.8,20,0,1720
BANKNIFTY27FEB2029500PE.NFO,07/01/2020,10:03:17,179,170.45,20,197.5,20,0,1720
BANKNIFTY27FEB2029500PE.NFO,07/01/2020,10:03:18,179,172.45,60,197.15,20,0,1720
BANKNIFTY27FEB2029500PE.NFO,07/01/2020,10:03:19,179,174.45,20,196.85,20,0,1720
BANKNIFTY27FEB2029500PE.NFO,07/01/2020,10:03:20,179,176.15,20,196.55,20,0,1720
BANKNIFTY27FEB2029500PE.NFO,07/01/2020,10:03:21,179,179.05,20,196.25,20,0,1720
BANKNIFTY27FEB2029500PE.NFO,07/01/2020,10:03:22,179,146,20,195.95,20,0,1720
BANKNIFTY27FEB2029500PE.NFO,07/01/2020,10:03:23,179,150.15,20,195.65,40,0,1720
BANKNIFTY27FEB2029500PE.NFO,07/01/2020,10:03:24,179,152.45,60,195.35,40,0,1720
BANKNIFTY27FEB2029500PE.NFO,07/01/2020,10:03:25,179,154.8,60,195,20,0,1720
BANKNIFTY27FEB2029500PE.NFO,07/01/2020,10:03:26,179,157.35,60,194.65,20,0,1720
BANKNIFTY27FEB2029500PE.NFO,07/01/2020,10:03:27,179,159.7,20,199.05,20,0,1720
BANKNIFTY27FEB2029500PE.NFO,07/01/2020,10:03:28,179,163.25,20,198.8,20,0,1720
BANKNIFTY27FEB2029500PE.NFO,07/01/2020,10:03:29,179,166.4,20,199.6,20,0,1720
BANKNIFTY27FEB2029500PE.NFO,07/01/2020,10:03:30,179,169.7,40,198.15,20,0,1720
BANKNIFTY27FEB2029500PE.NFO,07/01/2020,10:03:31,179,173.2,40,198.85,20,0,1720
BANKNIFTY27FEB2029500PE.NFO,07/01/2020,10:03:32,179,175.55,20,197.5,20,0,1720
BANKNIFTY27FEB2029500PE.NFO,07/01/2020,10:03:33,179,177.5,20,197.25,20,0,1720
BANKNIFTY27FEB2029500PE.NFO,07/01/2020,10:03:34,179,179.95,40,196.8,20,0,1720
BANKNIFTY27FEB2029500PE.NFO,07/01/2020,10:03:35,179,144.5,20,196.45,20,0,1720
BANKNIFTY27FEB2029500PE.NFO,07/01/2020,10:03:37,179,149,20,196.15,20,0,1720
BANKNIFTY27FEB2029500PE.NFO,07/01/2020,10:03:37,179,151.2,20,195.95,20,0,1720
BANKNIFTY27FEB2029500PE.NFO,07/01/2020,10:03:38,179,153.75,40,195.65,20,0,1720
BANKNIFTY27FEB2029500PE.NFO,07/01/2020,10:03:39,179,155.2,80,196.25,20,0,1720
BANKNIFTY27FEB2029500PE.NFO,07/01/2020,10:03:40,179,157.95,20,194.95,20,0,1720
BANKNIFTY27FEB2029500PE.NFO,07/01/2020,10:03:41,179,161.35,20,194.7,20,0,1720
BANKNIFTY27FEB2029500PE.NFO,07/01/2020,10:03:42,179,165.3,20,195.35,20,0,1720
BANKNIFTY27FEB2029500PE.NFO,07/01/2020,10:03:43,179,168.7,60,199.45,20,0,1720
BANKNIFTY27FEB2029500PE.NFO,07/01/2020,10:03:44,179,172.5,40,199.25,20,0,1720
BANKNIFTY27FEB2029500PE.NFO,07/01/2020,10:03:45,179,177,40,198.9,20,0,1720
BANKNIFTY27FEB2029500PE.NFO,07/01/2020,10:03:46,179,146.65,80,199.25,20,0,1720
BANKNIFTY27FEB2029500PE.NFO,07/01/2020,10:03:47,179,149.65,20,198.95,20,0,1720
BANKNIFTY27FEB2029500PE.NFO,07/01/2020,10:03:48,179,151.35,20,198.1,20,0,1720
BANKNIFTY27FEB2029500PE.NFO,07/01/2020,10:03:49,179,153.9,40,197.85,20,0,1720
BANKNIFTY27FEB2029500PE.NFO,07/01/2020,10:03:50,179,155.75,20,197.55,20,0,1720
BANKNIFTY27FEB2029500PE.NFO,07/01/2020,10:03:51,179,158.65,20,197.25,20,0,1720
BANKNIFTY27FEB2029500PE.NFO,07/01/2020,10:03:52,179,160.65,20,196.8,20,0,1720
BANKNIFTY27FEB2029500PE.NFO,07/01/2020,10:03:53,179,163.45,20,196.4,20,0,1720
BANKNIFTY27FEB2029500PE.NFO,07/01/2020,10:03:54,179,166.1,40,195.9,20,0,1720
BANKNIFTY27FEB2029500PE.NFO,07/01/2020,10:03:55,179,168.45,20,199.7,20,0,1720
BANKNIFTY27FEB2029500PE.NFO,07/01/2020,10:03:56,179,171.4,40,195.15,20,0,1720
BANKNIFTY27FEB2029500PE.NFO,07/01/2020,10:03:57,179,175.15,60,199.7,20,0,1720
BANKNIFTY27FEB2029500PE.NFO,07/01/2020,10:03:58,179,177.7,20,199.35,20,0,1720
BANKNIFTY27FEB2029500PE.NFO,07/01/2020,10:03:59,179,143.05,20,198.95,20,0,1720
BANKNIFTY27FEB2029500PE.NFO,07/01/2020,10:04:00,179,148.6,20,198.35,20,0,1720
BANKNIFTY27FEB2029500PE.NFO,07/01/2020,10:04:01,179,151.75,20,197.85,20,0,1720
BANKNIFTY27FEB2029500PE.NFO,07/01/2020,10:04:02,179,155.5,20,197.45,20,0,1720
BANKNIFTY27FEB2029500PE.NFO,07/01/2020,10:04:03,179,157.25,20,197.05,20,0,1720
BANKNIFTY27FEB2029500PE.NFO,07/01/2020,10:04:04,179,159.35,20,196.7,20,0,1720
BANKNIFTY27FEB2029500PE.NFO,07/01/2020,10:04:05,179,161.7,40,196.2,20,0,1720
BANKNIFTY27FEB2029500PE.NFO,07/01/2020,10:04:06,179,164.5,20,195.85,20,0,1720
BANKNIFTY27FEB2029500PE.NFO,07/01/2020,10:04:07,179,166.3,60,199.85,20,0,1720
BANKNIFTY27FEB2029500PE.NFO,07/01/2020,10:04:08,179,168.2,40,199.4,20,0,1720
BANKNIFTY27FEB2029500PE.NFO,07/01/2020,10:04:09,179,171.1,20,198.9,20,0,1720
BANKNIFTY27FEB2029500PE.NFO,07/01/2020,10:04:10,179,174.05,60,198.5,20,0,1720
BANKNIFTY27FEB2029500PE.NFO,07/01/2020,10:04:11,179,177.75,60,198,20,0,1720
BANKNIFTY27FEB2029500PE.NFO,07/01/2020,10:04:12,179,143.15,60,197.55,20,0,1720
BANKNIFTY27FEB2029500PE.NFO,07/01/2020,10:04:13,179,145.45,60,197.25,20,0,1720
BANKNIFTY27FEB2029500PE.NFO,07/01/2020,10:04:14,179,147.75,20,196.9,20,0,1720
BANKNIFTY27FEB2029500PE.NFO,07/01/2020,10:04:15,179,151.2,40,196.55,20,0,1720
BANKNIFTY27FEB2029500PE.NFO,07/01/2020,10:04:16,179,155.85,20,196.2,20,0,1720
BANKNIFTY27FEB2029500PE.NFO,07/01/2020,10:04:18,179,159.05,40,195.65,20,0,1720
BANKNIFTY27FEB2029500PE.NFO,07/01/2020,10:04:19,179,160.7,40,195.15,20,0,1720
BANKNIFTY27FEB2029500PE.NFO,07/01/2020,10:04:20,179,162.45,60,199.65,20,0,1720
BANKNIFTY27FEB2029500PE.NFO,07/01/2020,10:04:21,179,165.6,40,199.15,20,0,1720
BANKNIFTY27FEB2029500PE.NFO,07/01/2020,10:04:22,179,169.15,20,198.75,20,0,1720
BANKNIFTY27FEB2029500PE.NFO,07/01/2020,10:04:23,179,172.4,40,198.25,20,0,1720
BANKNIFTY27FEB2029500PE.NFO,07/01/2020,10:04:24,179,175.35,40,197.75,20,0,1720
BANKNIFTY27FEB2029500PE.NFO,07/01/2020,10:04:25,179,176.75,20,197.35,20,0,1720
BANKNIFTY27FEB2029500PE.NFO,07/01/2020,10:04:26,179,178.35,20,197.05,20,0,1720
BANKNIFTY27FEB2029500PE.NFO,07/01/2020,10:04:27,179,143.85,20,196.65,20,0,1720
BANKNIFTY27FEB2029500PE.NFO,07/01/2020,10:04:28,179,146.2,20,196.35,20,0,1720
BANKNIFTY27FEB2029500PE.NFO,07/01/2020,10:04:29,179,149.5,80,196,20,0,1720
BANKNIFTY27FEB2029500PE.NFO,07/01/2020,10:04:29,179,149.9,20,195.85,20,0,1720
BANKNIFTY27FEB2029500PE.NFO,07/01/2020,10:04:30,179,143.05,20,195.6,20,0,1720
BANKNIFTY27FEB2029500PE.NFO,07/01/2020,10:04:31,179,154.2,60,195.15,20,0,1720
BANKNIFTY27FEB2029500PE.NFO,07/01/2020,10:04:32,179,155.7,60,194.85,20,0,1720
BANKNIFTY27FEB2029500PE.NFO,07/01/2020,10:04:33,179,156.85,40,194.6,20,0,1720
BANKNIFTY27FEB2029500PE.NFO,07/01/2020,10:04:34,179,158.25,20,194.25,20,0,1720
BANKNIFTY27FEB2029500PE.NFO,07/01/2020,10:04:35,179,159.45,80,193.95,20,0,1720
BANKNIFTY27FEB2029500PE.NFO,07/01/2020,10:04:36,179,161.2,20,193.7,20,0,1720
BANKNIFTY27FEB2029500PE.NFO,07/01/2020,10:04:37,179,163.5,20,193.4,20,0,1720
BANKNIFTY27FEB2029500PE.NFO,07/01/2020,10:04:38,193.35,165.25,40,199.95,20,20,1740
BANKNIFTY27FEB2029500PE.NFO,07/01/2020,10:04:38,193.35,165.25,40,199.95,20,0,1740
BANKNIFTY27FEB2029500PE.NFO,07/01/2020,10:04:39,193.35,168.6,60,199.95,20,0,1740
BANKNIFTY27FEB2029500PE.NFO,07/01/2020,10:04:40,193.35,171.25,20,199.95,20,0,1740
BANKNIFTY27FEB2029500PE.NFO,07/01/2020,10:04:41,193.35,173.75,40,199.95,20,0,1740
BANKNIFTY27FEB2029500PE.NFO,07/01/2020,10:04:42,193.35,176.25,20,199.95,20,0,1740
BANKNIFTY27FEB2029500PE.NFO,07/01/2020,10:04:43,193.35,178.5,20,199.95,20,0,1740
BANKNIFTY27FEB2029500PE.NFO,07/01/2020,10:04:45,193.35,145.45,60,199.95,20,0,1740
BANKNIFTY27FEB2029500PE.NFO,07/01/2020,10:04:46,193.35,146.7,20,199.95,20,0,1740
BANKNIFTY27FEB2029500PE.NFO,07/01/2020,10:04:47,193.35,148.8,40,199.95,20,0,1740
BANKNIFTY27FEB2029500PE.NFO,07/01/2020,10:04:48,193.35,150.65,40,199.95,20,0,1740
BANKNIFTY27FEB2029500PE.NFO,07/01/2020,10:04:49,193.35,152.3,20,199.95,20,0,1740
BANKNIFTY27FEB2029500PE.NFO,07/01/2020,10:04:50,193.35,154.65,20,199.95,20,0,1740
BANKNIFTY27FEB2029500PE.NFO,07/01/2020,10:04:51,193.35,156.9,20,199.95,20,0,1740
BANKNIFTY27FEB2029500PE.NFO,07/01/2020,10:04:52,193.35,158.3,40,194.95,20,0,1740
BANKNIFTY27FEB2029500PE.NFO,07/01/2020,10:04:53,193.35,160.5,60,194.95,20,0,1740
BANKNIFTY27FEB2029500PE.NFO,07/01/2020,10:04:54,193.35,163.55,20,194.95,20,0,1740
BANKNIFTY27FEB2029500PE.NFO,07/01/2020,10:04:55,193.35,165.5,20,194.95,20,0,1740
BANKNIFTY27FEB2029500PE.NFO,07/01/2020,10:04:56,193.35,167.9,40,194.95,20,0,1740
BANKNIFTY27FEB2029500PE.NFO,07/01/2020,10:04:56,193.35,168.15,40,194.95,20,0,1740
BANKNIFTY27FEB2029500PE.NFO,07/01/2020,10:04:57,193.35,171,20,194.95,20,0,1740
BANKNIFTY27FEB2029500PE.NFO,07/01/2020,10:04:59,193.35,173.75,20,194.95,20,0,1740
BANKNIFTY27FEB2029500PE.NFO,07/01/2020,10:05:00,193.35,176.7,20,194.95,20,0,1740
BANKNIFTY27FEB2029500PE.NFO,07/01/2020,10:05:01,193.35,179.2,80,194.95,20,0,1740
BANKNIFTY27FEB2029500PE.NFO,07/01/2020,10:05:01,193.35,143.4,20,194.95,20,0,1740
BANKNIFTY27FEB2029500PE.NFO,07/01/2020,10:05:02,193.35,145.8,20,194.95,20,0,1740
BANKNIFTY27FEB2029500PE.NFO,07/01/2020,10:05:03,193.35,149.15,40,194.95,20,0,1740
BANKNIFTY27FEB2029500PE.NFO,07/01/2020,10:05:04,193.35,151.6,20,194.95,20,0,1740
BANKNIFTY27FEB2029500PE.NFO,07/01/2020,10:05:05,193.35,153.95,40,194.95,20,0,1740
BANKNIFTY27FEB2029500PE.NFO,07/01/2020,10:05:06,193.35,156.65,20,194.95,20,0,1740
BANKNIFTY27FEB2029500PE.NFO,07/01/2020,10:05:07,193.35,159.2,20,194.95,20,0,1740
BANKNIFTY27FEB2029500PE.NFO,07/01/2020,10:05:08,193.35,162.2,20,194.95,20,0,1740
BANKNIFTY27FEB2029500PE.NFO,07/01/2020,10:05:09,193.35,164.9,20,194.95,20,0,1740
BANKNIFTY27FEB2029500PE.NFO,07/01/2020,10:05:10,193.35,168.55,60,194.95,20,0,1740
BANKNIFTY27FEB2029500PE.NFO,07/01/2020,10:05:11,193.35,171.75,20,194.95,20,0,1740
BANKNIFTY27FEB2029500PE.NFO,07/01/2020,10:05:13,193.35,175.45,20,194.95,20,0,1740
BANKNIFTY27FEB2029500PE.NFO,07/01/2020,10:05:14,193.35,177.65,40,194.95,20,0,1740
BANKNIFTY27FEB2029500PE.NFO,07/01/2020,10:05:14,193.35,178.25,20,194.95,20,0,1740
BANKNIFTY27FEB2029500PE.NFO,07/01/2020,10:05:16,193.35,146.05,80,194.95,20,0,1740
BANKNIFTY27FEB2029500PE.NFO,07/01/2020,10:05:17,193.35,147.65,20,194.95,20,0,1740
BANKNIFTY27FEB2029500PE.NFO,07/01/2020,10:05:18,193.35,149.95,20,194.95,20,0,1740
BANKNIFTY27FEB2029500PE.NFO,07/01/2020,10:05:19,193.35,153.05,20,194.95,20,0,1740
BANKNIFTY27FEB2029500PE.NFO,07/01/2020,10:05:20,193.35,156.5,20,194.95,20,0,1740
BANKNIFTY27FEB2029500PE.NFO,07/01/2020,10:05:21,193.35,159.3,20,194.95,20,0,1740
BANKNIFTY27FEB2029500PE.NFO,07/01/2020,10:05:22,193.35,162.2,20,195,20,0,1740
BANKNIFTY27FEB2029500PE.NFO,07/01/2020,10:05:23,193.35,164.75,20,195,20,0,1740
BANKNIFTY27FEB2029500PE.NFO,07/01/2020,10:05:24,193.35,167.2,20,195,20,0,1740
BANKNIFTY27FEB2029500PE.NFO,07/01/2020,10:05:25,193.35,170.05,20,194.95,20,0,1740
BANKNIFTY27FEB2029500PE.NFO,07/01/2020,10:05:25,193.35,170.5,60,194.95,20,0,1740
BANKNIFTY27FEB2029500PE.NFO,07/01/2020,10:05:27,193.35,174.7,20,194.95,20,0,1740
BANKNIFTY27FEB2029500PE.NFO,07/01/2020,10:05:28,193.35,176.6,40,194.95,20,0,1740
BANKNIFTY27FEB2029500PE.NFO,07/01/2020,10:05:29,193.35,178.6,20,194.95,20,0,1740
BANKNIFTY27FEB2029500PE.NFO,07/01/2020,10:05:30,193.35,143.7,60,194.95,20,0,1740
BANKNIFTY27FEB2029500PE.NFO,07/01/2020,10:05:31,193.35,144.85,40,195,20,0,1740
BANKNIFTY27FEB2029500PE.NFO,07/01/2020,10:05:32,195,145.5,60,199.95,20,20,1740
BANKNIFTY27FEB2029500PE.NFO,07/01/2020,10:05:32,195,145.5,60,199.95,20,0,1740
BANKNIFTY27FEB2029500PE.NFO,07/01/2020,10:05:33,195,146.25,60,199.95,20,0,1740
BANKNIFTY27FEB2029500PE.NFO,07/01/2020,10:05:34,195,147.25,40,199.95,20,0,1740
BANKNIFTY27FEB2029500PE.NFO,07/01/2020,10:05:35,195,148.3,20,199.95,20,0,1740
BANKNIFTY27FEB2029500PE.NFO,07/01/2020,10:05:36,195,149.5,20,199.95,20,0,1740
BANKNIFTY27FEB2029500PE.NFO,07/01/2020,10:05:37,195,150.8,20,199.95,20,0,1740
BANKNIFTY27FEB2029500PE.NFO,07/01/2020,10:05:38,195,152.45,20,199.95,20,0,1740
BANKNIFTY27FEB2029500PE.NFO,07/01/2020,10:05:39,195,154.45,20,199.95,20,0,1740
BANKNIFTY27FEB2029500PE.NFO,07/01/2020,10:05:40,195,157.05,20,199.95,20,0,1740
BANKNIFTY27FEB2029500PE.NFO,07/01/2020,10:05:41,195,159.6,40,199.95,20,0,1740
BANKNIFTY27FEB2029500PE.NFO,07/01/2020,10:05:42,195,162.25,60,199.95,20,0,1740
BANKNIFTY27FEB2029500PE.NFO,07/01/2020,10:05:43,195,164.5,20,199.95,20,0,1740
BANKNIFTY27FEB2029500PE.NFO,07/01/2020,10:05:44,195,164.75,80,199.95,20,0,1740
BANKNIFTY27FEB2029500PE.NFO,07/01/2020,10:05:46,195,167,20,199.95,20,0,1740
BANKNIFTY27FEB2029500PE.NFO,07/01/2020,10:05:47,195,168.95,20,199.95,20,0,1740
BANKNIFTY27FEB2029500PE.NFO,07/01/2020,10:05:48,195,170.75,80,199.95,20,0,1740
BANKNIFTY27FEB2029500PE.NFO,07/01/2020,10:05:49,195,173.2,40,199.95,20,0,1740
BANKNIFTY27FEB2029500PE.NFO,07/01/2020,10:05:50,195,175.7,20,199.95,20,0,1740
BANKNIFTY27FEB2029500PE.NFO,07/01/2020,10:05:51,195,177.95,20,199.95,20,0,1740
BANKNIFTY27FEB2029500PE.NFO,07/01/2020,10:05:52,195,179.8,40,199.95,20,0,1740
BANKNIFTY27FEB2029500PE.NFO,07/01/2020,10:05:53,195,181,20,199.95,20,0,1740
BANKNIFTY27FEB2029500PE.NFO,07/01/2020,10:05:54,195,144.9,40,199.95,20,0,1740
BANKNIFTY27FEB2029500PE.NFO,07/01/2020,10:05:55,195,146.95,20,199.95,20,0,1740
BANKNIFTY27FEB2029500PE.NFO,07/01/2020,10:05:56,195,149,20,199.95,20,0,1740
BANKNIFTY27FEB2029500PE.NFO,07/01/2020,10:05:57,195,151.2,20,199.95,20,0,1740
BANKNIFTY27FEB2029500PE.NFO,07/01/2020,10:05:58,195,154,20,199.95,20,0,1740
BANKNIFTY27FEB2029500PE.NFO,07/01/2020,10:05:58,195,154.65,40,199.95,20,0,1740
BANKNIFTY27FEB2029500PE.NFO,07/01/2020,10:05:59,195,157.6,20,199.95,20,0,1740
BANKNIFTY27FEB2029500PE.NFO,07/01/2020,10:06:01,195,160.7,20,199.95,20,0,1740
BANKNIFTY27FEB2029500PE.NFO,07/01/2020,10:06:02,195,163.8,20,199.95,20,0,1740
BANKNIFTY27FEB2029500PE.NFO,07/01/2020,10:06:03,195,166.25,40,199.95,20,0,1740
BANKNIFTY27FEB2029500PE.NFO,07/01/2020,10:06:04,195,169.15,20,199.95,20,0,1740
BANKNIFTY27FEB2029500PE.NFO,07/01/2020,10:06:05,195,171.05,20,199.95,20,0,1740
BANKNIFTY27FEB2029500PE.NFO,07/01/2020,10:06:06,195,173.5,20,199.95,20,0,1740
BANKNIFTY27FEB2029500PE.NFO,07/01/2020,10:06:07,195,176.1,20,199.95,20,0,1740
BANKNIFTY27FEB2029500PE.NFO,07/01/2020,10:06:08,195,177.7,60,199.95,20,0,1740
BANKNIFTY27FEB2029500PE.NFO,07/01/2020,10:06:09,195,179.25,60,199.95,20,0,1740
BANKNIFTY27FEB2029500PE.NFO,07/01/2020,10:06:10,195,180.8,20,199.95,20,0,1740
BANKNIFTY27FEB2029500PE.NFO,07/01/2020,10:06:11,195,143.1,60,199.95,20,0,1740
BANKNIFTY27FEB2029500PE.NFO,07/01/2020,10:06:12,195,144.65,20,199.95,20,0,1740
BANKNIFTY27FEB2029500PE.NFO,07/01/2020,10:06:13,195,146.35,20,199.95,20,0,1740
BANKNIFTY27FEB2029500PE.NFO,07/01/2020,10:06:14,195,147.75,40,199.95,20,0,1740
BANKNIFTY27FEB2029500PE.NFO,07/01/2020,10:06:15,195,149.3,20,199.95,20,0,1740
BANKNIFTY27FEB2029500PE.NFO,07/01/2020,10:06:16,195,151.4,20,199.95,20,0,1740
BANKNIFTY27FEB2029500PE.NFO,07/01/2020,10:06:17,195,152.7,20,199.95,20,0,1740
BANKNIFTY27FEB2029500PE.NFO,07/01/2020,10:06:18,195,153.45,20,199.95,20,0,1740
BANKNIFTY27FEB2029500PE.NFO,07/01/2020,10:06:19,195,154.45,60,199.95,20,0,1740
BANKNIFTY27FEB2029500PE.NFO,07/01/2020,10:06:20,195,156.7,20,199.95,20,0,1740
BANKNIFTY27FEB2029500PE.NFO,07/01/2020,10:06:21,195,158.25,20,199.95,20,0,1740
BANKNIFTY27FEB2029500PE.NFO,07/01/2020,10:06:22,195,160.3,40,199.95,20,0,1740
BANKNIFTY27FEB2029500PE.NFO,07/01/2020,10:06:23,195,162.15,20,199.95,20,0,1740
BANKNIFTY27FEB2029500PE.NFO,07/01/2020,10:06:24,195,164.45,40,199.95,20,0,1740
BANKNIFTY27FEB2029500PE.NFO,07/01/2020,10:06:25,195,167.65,80,199.95,20,0,1740
BANKNIFTY27FEB2029500PE.NFO,07/01/2020,10:06:26,195,170.8,20,199.95,20,0,1740
BANKNIFTY27FEB2029500PE.NFO,07/01/2020,10:06:27,195,173.4,40,199.95,20,0,1740
BANKNIFTY27FEB2029500PE.NFO,07/01/2020,10:06:28,195,175.45,40,199.95,20,0,1740
BANKNIFTY27FEB2029500PE.NFO,07/01/2020,10:06:29,195,176.9,20,199.95,20,0,1740
BANKNIFTY27FEB2029500PE.NFO,07/01/2020,10:06:30,195,178.3,20,199.95,20,0,1740
BANKNIFTY27FEB2029500PE.NFO,07/01/2020,10:06:31,195,179.9,60,199.95,20,0,1740
BANKNIFTY27FEB2029500PE.NFO,07/01/2020,10:06:32,195,182.3,20,199.95,20,0,1740
BANKNIFTY27FEB2029500PE.NFO,07/01/2020,10:06:33,195,145.1,40,199.95,20,0,1740
BANKNIFTY27FEB2029500PE.NFO,07/01/2020,10:06:34,195,147.4,20,199.95,20,0,1740
BANKNIFTY27FEB2029500PE.NFO,07/01/2020,10:06:35,195,149.95,20,199.95,20,0,1740
BANKNIFTY27FEB2029500PE.NFO,07/01/2020,10:06:36,195,152.65,60,199.95,20,0,1740
BANKNIFTY27FEB2029500PE.NFO,07/01/2020,10:06:37,195,155.2,40,199.95,20,0,1740
BANKNIFTY27FEB2029500PE.NFO,07/01/2020,10:06:38,199.95,157.7,20,200,20,20,1740
BANKNIFTY27FEB2029500PE.NFO,07/01/2020,10:06:38,199.95,157.7,20,200,20,0,1740
BANKNIFTY27FEB2029500PE.NFO,07/01/2020,10:06:39,199.95,159.85,60,200,20,0,1740
BANKNIFTY27FEB2029500PE.NFO,07/01/2020,10:06:40,199.95,163,40,200,20,0,1740
BANKNIFTY27FEB2029500PE.NFO,07/01/2020,10:06:41,199.95,164.8,20,200,20,0,1740
BANKNIFTY27FEB2029500PE.NFO,07/01/2020,10:06:41,199.95,165.25,60,200,20,0,1740
BANKNIFTY27FEB2029500PE.NFO,07/01/2020,10:06:42,199.95,168.15,20,200,20,0,1740
BANKNIFTY27FEB2029500PE.NFO,07/01/2020,10:06:43,199.95,170.6,20,200,20,0,1740
BANKNIFTY27FEB2029500PE.NFO,07/01/2020,10:06:44,199.95,173.5,40,200,20,0,1740
BANKNIFTY27FEB2029500PE.NFO,07/01/2020,10:06:45,199.95,174.85,80,200,20,0,1740
BANKNIFTY27FEB2029500PE.NFO,07/01/2020,10:06:46,199.95,175.7,60,200,20,0,1740
BANKNIFTY27FEB2029500PE.NFO,07/01/2020,10:06:47,199.95,176.7,60,200,20,0,1740
BANKNIFTY27FEB2029500PE.NFO,07/01/2020,10:06:48,199.95,178,60,200,20,0,1740
BANKNIFTY27FEB2029500PE.NFO,07/01/2020,10:06:49,199.95,179.7,40,200,20,0,1740
BANKNIFTY27FEB2029500PE.NFO,07/01/2020,10:06:50,199.95,182.1,40,200,20,0,1740
BANKNIFTY27FEB2029500PE.NFO,07/01/2020,10:06:51,199.95,184.45,20,200,20,0,1740
BANKNIFTY27FEB2029500PE.NFO,07/01/2020,10:06:52,199.95,146.65,20,200,20,0,1740
BANKNIFTY27FEB2029500PE.NFO,07/01/2020,10:06:53,199.95,149.6,20,200,20,0,1740
BANKNIFTY27FEB2029500PE.NFO,07/01/2020,10:06:54,199.95,151.25,20,200,20,0,1740
BANKNIFTY27FEB2029500PE.NFO,07/01/2020,10:06:55,199.95,152.75,20,200,20,0,1740
BANKNIFTY27FEB2029500PE.NFO,07/01/2020,10:06:56,199.95,154.75,40,200,20,0,1740
BANKNIFTY27FEB2029500PE.NFO,07/01/2020,10:06:57,199.95,156.35,20,200,20,0,1740
BANKNIFTY27FEB2029500PE.NFO,07/01/2020,10:06:58,199.95,158.75,20,200,20,0,1740
BANKNIFTY27FEB2029500PE.NFO,07/01/2020,10:06:59,199.95,161.2,20,200,20,0,1740
BANKNIFTY27FEB2029500PE.NFO,07/01/2020,10:07:00,199.95,163.8,80,200,20,0,1740
BANKNIFTY27FEB2029500PE.NFO,07/01/2020,10:07:01,199.95,166.8,20,200,20,0,1740
BANKNIFTY27FEB2029500PE.NFO,07/01/2020,10:07:02,199.95,168.75,60,200,20,0,1740
BANKNIFTY27FEB2029500PE.NFO,07/01/2020,10:07:03,199.95,169.95,20,200,20,0,1740
BANKNIFTY27FEB2029500PE.NFO,07/01/2020,10:07:04,199.95,170.95,20,200,20,0,1740
BANKNIFTY27FEB2029500PE.NFO,07/01/2020,10:07:05,199.95,172,60,200,20,0,1740
BANKNIFTY27FEB2029500PE.NFO,07/01/2020,10:07:06,199.95,173.55,40,200,20,0,1740
BANKNIFTY27FEB2029500PE.NFO,07/01/2020,10:07:07,199.95,175.7,20,200,20,0,1740
BANKNIFTY27FEB2029500PE.NFO,07/01/2020,10:07:08,199.95,177.75,20,200,20,0,1740
BANKNIFTY27FEB2029500PE.NFO,07/01/2020,10:07:09,199.95,179.15,20,200,20,0,1740
BANKNIFTY27FEB2029500PE.NFO,07/01/2020,10:07:10,199.95,180.9,20,200,20,0,1740
BANKNIFTY27FEB2029500PE.NFO,07/01/2020,10:07:11,199.95,182.5,20,200,20,0,1740
BANKNIFTY27FEB2029500PE.NFO,07/01/2020,10:07:13,199.95,185.3,20,200,20,0,1740
BANKNIFTY27FEB2029500PE.NFO,07/01/2020,10:07:14,199.95,144.1,20,200,20,0,1740
BANKNIFTY27FEB2029500PE.NFO,07/01/2020,10:07:15,199.95,145.55,20,200,20,0,1740
BANKNIFTY27FEB2029500PE.NFO,07/01/2020,10:07:16,199.95,146.85,60,200,20,0,1740
BANKNIFTY27FEB2029500PE.NFO,07/01/2020,10:07:17,199.95,147.95,20,200,20,0,1740
BANKNIFTY27FEB2029500PE.NFO,07/01/2020,10:07:18,199.95,148.7,60,200,20,0,1740
BANKNIFTY27FEB2029500PE.NFO,07/01/2020,10:07:19,199.95,150.05,60,200,20,0,1740
BANKNIFTY27FEB2029500PE.NFO,07/01/2020,10:07:20,199.95,152.35,20,200,20,0,1740
BANKNIFTY27FEB2029500PE.NFO,07/01/2020,10:07:21,199.95,153.65,60,200,20,0,1740
BANKNIFTY27FEB2029500PE.NFO,07/01/2020,10:07:22,199.95,156.05,40,200,20,0,1740
BANKNIFTY27FEB2029500PE.NFO,07/01/2020,10:07:23,199.95,157.75,20,200,20,0,1740
BANKNIFTY27FEB2029500PE.NFO,07/01/2020,10:07:24,199.95,159.9,60,200,20,0,1740
BANKNIFTY27FEB2029500PE.NFO,07/01/2020,10:07:25,199.95,161.5,40,200,20,0,1740
BANKNIFTY27FEB2029500PE.NFO,07/01/2020,10:07:26,199.95,163.45,20,200,20,0,1740
BANKNIFTY27FEB2029500PE.NFO,07/01/2020,10:07:27,199.95,164.55,20,200,20,0,1740
BANKNIFTY27FEB2029500PE.NFO,07/01/2020,10:07:28,199.95,165.9,80,200,20,0,1740
BANKNIFTY27FEB2029500PE.NFO,07/01/2020,10:07:29,199.95,167.2,20,200,20,0,1740
BANKNIFTY27FEB2029500PE.NFO,07/01/2020,10:07:30,199.95,169,80,200,20,0,1740
BANKNIFTY27FEB2029500PE.NFO,07/01/2020,10:07:31,199.95,170.6,60,200,20,0,1740
BANKNIFTY27FEB2029500PE.NFO,07/01/2020,10:07:32,199.95,173.35,40,200,20,0,1740
BANKNIFTY27FEB2029500PE.NFO,07/01/2020,10:07:33,199.95,175.35,20,200,20,0,1740
BANKNIFTY27FEB2029500PE.NFO,07/01/2020,10:07:34,199.95,176.85,80,200,20,0,1740
BANKNIFTY27FEB2029500PE.NFO,07/01/2020,10:07:35,199.95,178.85,40,200,20,0,1740
BANKNIFTY27FEB2029500PE.NFO,07/01/2020,10:07:36,199.95,180.4,20,200,20,0,1740
BANKNIFTY27FEB2029500PE.NFO,07/01/2020,10:07:36,199.95,182.1,20,200,20,0,1740
BANKNIFTY27FEB2029500PE.NFO,07/01/2020,10:07:37,199.95,183.15,20,200,20,0,1740
BANKNIFTY27FEB2029500PE.NFO,07/01/2020,10:07:38,199.95,184.3,40,200,20,0,1740
BANKNIFTY27FEB2029500PE.NFO,07/01/2020,10:07:39,199.95,185.55,40,200,20,0,1740
BANKNIFTY27FEB2029500PE.NFO,07/01/2020,10:07:40,199.95,143.95,40,200,20,0,1740
BANKNIFTY27FEB2029500PE.NFO,07/01/2020,10:07:41,199.95,146.1,60,200,20,0,1740
BANKNIFTY27FEB2029500PE.NFO,07/01/2020,10:07:42,199.95,147.7,20,200,20,0,1740
BANKNIFTY27FEB2029500PE.NFO,07/01/2020,10:07:43,199.95,149.5,60,200,20,0,1740
BANKNIFTY27FEB2029500PE.NFO,07/01/2020,10:07:44,199.95,151.8,40,200,20,0,1740
BANKNIFTY27FEB2029500PE.NFO,07/01/2020,10:07:45,199.95,153.7,80,200,20,0,1740
BANKNIFTY27FEB2029500PE.NFO,07/01/2020,10:07:46,199.95,155.05,80,200,20,0,1740
BANKNIFTY27FEB2029500PE.NFO,07/01/2020,10:07:47,199.95,156.35,80,200,20,0,1740
BANKNIFTY27FEB2029500PE.NFO,07/01/2020,10:07:48,199.95,157.5,20,200,20,0,1740
BANKNIFTY27FEB2029500PE.NFO,07/01/2020,10:07:49,199.95,158.4,20,200,20,0,1740
BANKNIFTY27FEB2029500PE.NFO,07/01/2020,10:07:50,199.95,159.75,60,200,20,0,1740
BANKNIFTY27FEB2029500PE.NFO,07/01/2020,10:07:51,199.95,161.15,60,200,20,0,1740
BANKNIFTY27FEB2029500PE.NFO,07/01/2020,10:07:52,199.95,162.7,40,200,20,0,1740
BANKNIFTY27FEB2029500PE.NFO,07/01/2020,10:07:53,199.95,164.5,80,200,20,0,1740
BANKNIFTY27FEB2029500PE.NFO,07/01/2020,10:07:54,199.95,166.4,40,200,20,0,1740
BANKNIFTY27FEB2029500PE.NFO,07/01/2020,10:07:55,199.95,168.45,20,200,20,0,1740
BANKNIFTY27FEB2029500PE.NFO,07/01/2020,10:07:56,199.95,170.8,20,200,20,0,1740
BANKNIFTY27FEB2029500PE.NFO,07/01/2020,10:07:57,199.95,172.35,20,200,20,0,1740
BANKNIFTY27FEB2029500PE.NFO,07/01/2020,10:07:58,199.95,174.05,60,200,20,0,1740
BANKNIFTY27FEB2029500PE.NFO,07/01/2020,10:07:59,199.95,176.65,40,200,20,0,1740
BANKNIFTY27FEB2029500PE.NFO,07/01/2020,10:08:00,199.95,179.1,20,200,20,0,1740
BANKNIFTY27FEB2029500PE.NFO,07/01/2020,10:08:01,199.95,181.15,20,200,20,0,1740
BANKNIFTY27FEB2029500PE.NFO,07/01/2020,10:08:02,199.95,182.3,40,200,20,0,1740
BANKNIFTY27FEB2029500PE.NFO,07/01/2020,10:08:03,199.95,183.85,20,200,20,0,1740
BANKNIFTY27FEB2029500PE.NFO,07/01/2020,10:08:04,199.95,145.05,40,200,20,0,1740
BANKNIFTY27FEB2029500PE.NFO,07/01/2020,10:08:05,199.95,147.05,40,200,20,0,1740
BANKNIFTY27FEB2029500PE.NFO,07/01/2020,10:08:06,199.95,148.55,40,200,20,0,1740
BANKNIFTY27FEB2029500PE.NFO,07/01/2020,10:08:07,199.95,149.8,60,200,20,0,1740
BANKNIFTY27FEB2029500PE.NFO,07/01/2020,10:08:08,199.95,151.1,20,200,20,0,1740
BANKNIFTY27FEB2029500PE.NFO,07/01/2020,10:08:09,199.95,152.75,20,200,20,0,1740
BANKNIFTY27FEB2029500PE.NFO,07/01/2020,10:08:10,199.95,199.3,200,200,20,0,1740
BANKNIFTY27FEB2029500PE.NFO,07/01/2020,10:08:11,199.95,199.35,200,200,20,0,1740
BANKNIFTY27FEB2029500PE.NFO,07/01/2020,10:08:13,199.95,199.05,200,200,20,0,1740
BANKNIFTY27FEB2029500PE.NFO,07/01/2020,10:08:14,199.95,198.3,200,200,20,0,1740
BANKNIFTY27FEB2029500PE.NFO,07/01/2020,10:08:15,199.95,197.85,200,200,20,0,1740
BANKNIFTY27FEB2029500PE.NFO,07/01/2020,10:08:16,199.95,198.3,200,200,20,0,1740
BANKNIFTY27FEB2029500PE.NFO,07/01/2020,10:08:17,199.95,198.45,200,200,20,0,1740
BANKNIFTY27FEB2029500PE.NFO,07/01/2020,10:08:18,199.95,198.35,200,200,20,0,1740
BANKNIFTY27FEB2029500PE.NFO,07/01/2020,10:08:19,199.95,198.4,200,200,20,0,1740
BANKNIFTY27FEB2029500PE.NFO,07/01/2020,10:08:20,199.95,198.45,200,200,20,0,1740
BANKNIFTY27FEB2029500PE.NFO,07/01/2020,10:08:22,199.95,198,200,200,20,0,1740
BANKNIFTY27FEB2029500PE.NFO,07/01/2020,10:08:26,199.95,197.2,200,200,20,0,1740
BANKNIFTY27FEB2029500PE.NFO,07/01/2020,10:08:27,199.95,197.1,200,200,20,0,1740
BANKNIFTY27FEB2029500PE.NFO,07/01/2020,10:08:29,199.95,197.25,200,200,20,0,1740
BANKNIFTY27FEB2029500PE.NFO,07/01/2020,10:08:31,199.95,197.1,200,200,20,0,1740
BANKNIFTY27FEB2029500PE.NFO,07/01/2020,10:08:32,199.95,197,200,200,20,0,1740
BANKNIFTY27FEB2029500PE.NFO,07/01/2020,10:08:33,199.95,196.5,200,200,20,0,1740
BANKNIFTY27FEB2029500PE.NFO,07/01/2020,10:08:34,199.95,196.65,200,200,20,0,1740
BANKNIFTY27FEB2029500PE.NFO,07/01/2020,10:08:35,199.95,196.55,200,200,20,0,1740
BANKNIFTY27FEB2029500PE.NFO,07/01/2020,10:08:36,199.95,196.25,200,200,20,0,1740
BANKNIFTY27FEB2029500PE.NFO,07/01/2020,10:08:37,199.95,196.3,200,200,20,0,1740
BANKNIFTY27FEB2029500PE.NFO,07/01/2020,10:08:38,199.95,196.1,200,200,20,0,1740
BANKNIFTY27FEB2029500PE.NFO,07/01/2020,10:08:39,199.95,196.6,200,200,20,0,1740
BANKNIFTY27FEB2029500PE.NFO,07/01/2020,10:08:40,199.95,196.5,200,200,20,0,1740
BANKNIFTY27FEB2029500PE.NFO,07/01/2020,10:08:41,199.95,196.35,200,200,20,0,1740
BANKNIFTY27FEB2029500PE.NFO,07/01/2020,10:08:42,199.95,196.2,200,200,20,0,1740
BANKNIFTY27FEB2029500PE.NFO,07/01/2020,10:08:43,199.95,195.85,200,200,20,0,1740
BANKNIFTY27FEB2029500PE.NFO,07/01/2020,10:08:44,199.95,195.65,200,200,20,0,1740
BANKNIFTY27FEB2029500PE.NFO,07/01/2020,10:08:45,199.95,195.45,200,200,20,0,1740
BANKNIFTY27FEB2029500PE.NFO,07/01/2020,10:08:46,199.95,195.75,200,200,20,0,1740
BANKNIFTY27FEB2029500PE.NFO,07/01/2020,10:08:47,199.95,195.45,200,200,20,0,1740
BANKNIFTY27FEB2029500PE.NFO,07/01/2020,10:08:49,199.95,195.1,200,200,20,0,1740
BANKNIFTY27FEB2029500PE.NFO,07/01/2020,10:08:50,199.95,195.45,200,200,20,0,1740
BANKNIFTY27FEB2029500PE.NFO,07/01/2020,10:08:51,199.95,195.4,200,200,20,0,1740
BANKNIFTY27FEB2029500PE.NFO,07/01/2020,10:08:53,199.95,195.3,200,200,20,0,1740
BANKNIFTY27FEB2029500PE.NFO,07/01/2020,10:08:56,199.95,194.85,200,200,20,0,1740
BANKNIFTY27FEB2029500PE.NFO,07/01/2020,10:08:57,199.95,194.7,200,200,20,0,1740
BANKNIFTY27FEB2029500PE.NFO,07/01/2020,10:08:58,199.95,194.95,200,200,20,0,1740
BANKNIFTY27FEB2029500PE.NFO,07/01/2020,10:08:59,199.95,194.7,200,200,20,0,1740
BANKNIFTY27FEB2029500PE.NFO,07/01/2020,10:09:00,199.95,195,200,200,20,0,1740
BANKNIFTY27FEB2029500PE.NFO,07/01/2020,10:09:01,199.95,195.6,200,200,20,0,1740
BANKNIFTY27FEB2029500PE.NFO,07/01/2020,10:09:05,199.95,195.45,200,200,20,0,1740
BANKNIFTY27FEB2029500PE.NFO,07/01/2020,10:09:06,199.95,195.6,200,200,20,0,1740
BANKNIFTY27FEB2029500PE.NFO,07/01/2020,10:09:07,199.95,195.9,200,200,20,0,1740
BANKNIFTY27FEB2029500PE.NFO,07/01/2020,10:09:08,199.95,195.75,200,200,20,0,1740
BANKNIFTY27FEB2029500PE.NFO,07/01/2020,10:09:10,199.95,195.6,200,200,20,0,1740
BANKNIFTY27FEB2029500PE.NFO,07/01/2020,10:09:11,199.95,194.9,200,200,20,0,1740
BANKNIFTY27FEB2029500PE.NFO,07/01/2020,10:09:12,199.95,195.2,200,200,20,0,1740
BANKNIFTY27FEB2029500PE.NFO,07/01/2020,10:09:13,199.95,195.15,200,200,20,0,1740
BANKNIFTY27FEB2029500PE.NFO,07/01/2020,10:09:14,199.95,195.45,200,200,20,0,1740
BANKNIFTY27FEB2029500PE.NFO,07/01/2020,10:09:18,199.95,195.5,200,200,20,0,1740
BANKNIFTY27FEB2029500PE.NFO,07/01/2020,10:09:19,199.95,195.65,200,200,20,0,1740
BANKNIFTY27FEB2029500PE.NFO,07/01/2020,10:09:22,199.95,195.6,200,200,20,0,1740
BANKNIFTY27FEB2029500PE.NFO,07/01/2020,10:09:25,199.95,195.75,200,200,20,0,1740
BANKNIFTY27FEB2029500PE.NFO,07/01/2020,10:09:27,199.95,196.05,200,200,20,0,1740
BANKNIFTY27FEB2029500PE.NFO,07/01/2020,10:09:28,199.95,196.35,200,200,20,0,1740
BANKNIFTY27FEB2029500PE.NFO,07/01/2020,10:09:31,199.95,196.5,200,200,20,0,1740
BANKNIFTY27FEB2029500PE.NFO,07/01/2020,10:09:33,199.95,196.4,200,200,20,0,1740
BANKNIFTY27FEB2029500PE.NFO,07/01/2020,10:09:34,199.95,196.55,200,200,20,0,1740
BANKNIFTY27FEB2029500PE.NFO,07/01/2020,10:09:35,199.95,196.85,200,200,20,0,1740
BANKNIFTY27FEB2029500PE.NFO,07/01/2020,10:09:37,199.95,197.1,200,200,20,0,1740
BANKNIFTY27FEB2029500PE.NFO,07/01/2020,10:09:38,199.95,197.15,200,200,20,0,1740
BANKNIFTY27FEB2029500PE.NFO,07/01/2020,10:09:39,199.95,197.25,200,200,20,0,1740
BANKNIFTY27FEB2029500PE.NFO,07/01/2020,10:09:41,199.95,197.4,200,200,20,0,1740
BANKNIFTY27FEB2029500PE.NFO,07/01/2020,10:09:42,199.95,197.15,200,200,20,0,1740
BANKNIFTY27FEB2029500PE.NFO,07/01/2020,10:09:43,199.95,197.4,200,200,20,0,1740
BANKNIFTY27FEB2029500PE.NFO,07/01/2020,10:09:46,199.95,197.1,200,200,20,0,1740
BANKNIFTY27FEB2029500PE.NFO,07/01/2020,10:09:49,199.95,197.05,200,200,20,0,1740
BANKNIFTY27FEB2029500PE.NFO,07/01/2020,10:09:53,199.95,197,200,200,20,0,1740
BANKNIFTY27FEB2029500PE.NFO,07/01/2020,10:09:54,199.95,196.35,200,200,20,0,1740
BANKNIFTY27FEB2029500PE.NFO,07/01/2020,10:09:56,199.95,195.9,200,200,20,0,1740
BANKNIFTY27FEB2029500PE.NFO,07/01/2020,10:09:57,199.95,196.05,200,200,20,0,1740
BANKNIFTY27FEB2029500PE.NFO,07/01/2020,10:09:58,199.95,195.6,200,200,20,0,1740
BANKNIFTY27FEB2029500PE.NFO,07/01/2020,10:09:59,199.95,195.75,200,200,20,0,1740
BANKNIFTY27FEB2029500PE.NFO,07/01/2020,10:10:01,199.95,195.9,200,200,20,0,1740
BANKNIFTY27FEB2029500PE.NFO,07/01/2020,10:10:02,199.95,195.6,200,200,20,0,1740
BANKNIFTY27FEB2029500PE.NFO,07/01/2020,10:10:08,199.95,195.45,200,200,20,0,1740
BANKNIFTY27FEB2029500PE.NFO,07/01/2020,10:10:10,199.95,195.75,200,200,20,0,1740
BANKNIFTY27FEB2029500PE.NFO,07/01/2020,10:10:12,199.95,196.35,200,200,20,0,1740
BANKNIFTY27FEB2029500PE.NFO,07/01/2020,10:10:15,196.35,195.95,180,200,20,20,1740
BANKNIFTY27FEB2029500PE.NFO,07/01/2020,10:10:16,196.35,195.8,200,200,20,0,1740
BANKNIFTY27FEB2029500PE.NFO,07/01/2020,10:10:18,196.35,195.9,200,200,20,0,1740
BANKNIFTY27FEB2029500PE.NFO,07/01/2020,10:10:19,196.35,195.45,200,200,20,0,1740
BANKNIFTY27FEB2029500PE.NFO,07/01/2020,10:10:20,196.35,195.65,200,200,20,0,1740
BANKNIFTY27FEB2029500PE.NFO,07/01/2020,10:10:24,196.35,195.7,200,200,20,0,1740
BANKNIFTY27FEB2029500PE.NFO,07/01/2020,10:10:25,196.35,196.05,200,200,20,0,1740
BANKNIFTY27FEB2029500PE.NFO,07/01/2020,10:10:27,196.35,195.85,200,200,20,0,1740
BANKNIFTY27FEB2029500PE.NFO,07/01/2020,10:10:28,196.35,195.9,200,200,20,0,1740
BANKNIFTY27FEB2029500PE.NFO,07/01/2020,10:10:30,196.35,195.75,200,200,20,0,1740
BANKNIFTY27FEB2029500PE.NFO,07/01/2020,10:10:31,196.35,195.6,200,200,20,0,1740
BANKNIFTY27FEB2029500PE.NFO,07/01/2020,10:10:32,196.35,195.2,200,200,20,0,1740
BANKNIFTY27FEB2029500PE.NFO,07/01/2020,10:10:33,196.35,195.7,200,200,20,0,1740
BANKNIFTY27FEB2029500PE.NFO,07/01/2020,10:10:34,196.35,195.45,200,200,20,0,1740
BANKNIFTY27FEB2029500PE.NFO,07/01/2020,10:10:36,196.35,195.2,200,200,20,0,1740
BANKNIFTY27FEB2029500PE.NFO,07/01/2020,10:10:37,196.35,195.1,200,200,20,0,1740
BANKNIFTY27FEB2029500PE.NFO,07/01/2020,10:10:38,195,195,160,200,20,40,1740
BANKNIFTY27FEB2029500PE.NFO,07/01/2020,10:10:40,195,194.85,200,200,20,0,1740
BANKNIFTY27FEB2029500PE.NFO,07/01/2020,10:10:42,195,195,200,200,20,0,1740
BANKNIFTY27FEB2029500PE.NFO,07/01/2020,10:10:43,195,195.2,200,200,20,0,1740
BANKNIFTY27FEB2029500PE.NFO,07/01/2020,10:10:44,195,195.15,200,200,20,0,1740
BANKNIFTY27FEB2029500PE.NFO,07/01/2020,10:10:45,195,194.85,200,200,20,0,1740
BANKNIFTY27FEB2029500PE.NFO,07/01/2020,10:10:48,195,194.8,200,200,20,0,1740
BANKNIFTY27FEB2029500PE.NFO,07/01/2020,10:10:49,195,194.65,200,200,20,0,1740
BANKNIFTY27FEB2029500PE.NFO,07/01/2020,10:10:50,195,194.7,200,200,20,0,1740
BANKNIFTY27FEB2029500PE.NFO,07/01/2020,10:10:51,195,194.8,200,200,20,0,1740
BANKNIFTY27FEB2029500PE.NFO,07/01/2020,10:10:53,195,194.75,200,200,20,0,1740
BANKNIFTY27FEB2029500PE.NFO,07/01/2020,10:10:55,195,194.8,200,200,20,0,1740
BANKNIFTY27FEB2029500PE.NFO,07/01/2020,10:10:57,195,194.65,200,200,20,0,1740
BANKNIFTY27FEB2029500PE.NFO,07/01/2020,10:10:58,195,194.75,200,200,20,0,1740
BANKNIFTY27FEB2029500PE.NFO,07/01/2020,10:10:59,195,194.85,200,200,20,0,1740
BANKNIFTY27FEB2029500PE.NFO,07/01/2020,10:11:01,195,194.5,200,200,20,0,1740
BANKNIFTY27FEB2029500PE.NFO,07/01/2020,10:11:02,195,194.25,200,200,20,0,1740
BANKNIFTY27FEB2029500PE.NFO,07/01/2020,10:11:07,195,194.6,200,200,20,0,1740
BANKNIFTY27FEB2029500PE.NFO,07/01/2020,10:11:08,195,194.45,200,200,20,0,1740
BANKNIFTY27FEB2029500PE.NFO,07/01/2020,10:11:09,195,194.2,200,200,20,0,1740
BANKNIFTY27FEB2029500PE.NFO,07/01/2020,10:11:10,195,194.1,200,200,20,0,1740
BANKNIFTY27FEB2029500PE.NFO,07/01/2020,10:11:12,195,193.4,200,200,20,0,1740
BANKNIFTY27FEB2029500PE.NFO,07/01/2020,10:11:13,195,192.55,200,200,20,0,1740
BANKNIFTY27FEB2029500PE.NFO,07/01/2020,10:11:14,195,192.2,200,200,20,0,1740
BANKNIFTY27FEB2029500PE.NFO,07/01/2020,10:11:15,195,192.65,200,200,20,0,1740
BANKNIFTY27FEB2029500PE.NFO,07/01/2020,10:11:18,195,192.95,200,200,20,0,1740
BANKNIFTY27FEB2029500PE.NFO,07/01/2020,10:11:19,195,193.2,200,200,20,0,1740
BANKNIFTY27FEB2029500PE.NFO,07/01/2020,10:11:20,195,192.1,200,200,20,0,1740
BANKNIFTY27FEB2029500PE.NFO,07/01/2020,10:11:22,195,192.05,200,200,20,0,1740
BANKNIFTY27FEB2029500PE.NFO,07/01/2020,10:11:23,195,191.75,200,200,20,0,1740
BANKNIFTY27FEB2029500PE.NFO,07/01/2020,10:11:24,195,191.5,200,200,20,0,1740
BANKNIFTY27FEB2029500PE.NFO,07/01/2020,10:11:25,195,191.55,200,200,20,0,1740
BANKNIFTY27FEB2029500PE.NFO,07/01/2020,10:11:27,195,191.65,200,200,20,0,1740
BANKNIFTY27FEB2029500PE.NFO,07/01/2020,10:11:28,195,192.2,200,200,20,0,1740
BANKNIFTY27FEB2029500PE.NFO,07/01/2020,10:11:29,195,192.05,200,200,20,0,1740
BANKNIFTY27FEB2029500PE.NFO,07/01/2020,10:11:30,195,192.2,200,200,20,0,1740
BANKNIFTY27FEB2029500PE.NFO,07/01/2020,10:11:31,195,192,200,200,20,0,1740
BANKNIFTY27FEB2029500PE.NFO,07/01/2020,10:11:34,195,191.65,200,200,20,0,1740
BANKNIFTY27FEB2029500PE.NFO,07/01/2020,10:11:35,195,191.3,200,200,20,0,1740
BANKNIFTY27FEB2029500PE.NFO,07/01/2020,10:11:36,195,191.25,200,200,20,0,1740
BANKNIFTY27FEB2029500PE.NFO,07/01/2020,10:11:37,195,191.35,200,200,20,0,1740
BANKNIFTY27FEB2029500PE.NFO,07/01/2020,10:11:39,195,191.9,200,200,20,0,1740
BANKNIFTY27FEB2029500PE.NFO,07/01/2020,10:11:40,195,191.25,200,200,20,0,1740
BANKNIFTY27FEB2029500PE.NFO,07/01/2020,10:11:41,195,191.2,200,200,20,0,1740
BANKNIFTY27FEB2029500PE.NFO,07/01/2020,10:11:43,195,191.05,200,200,20,0,1740
BANKNIFTY27FEB2029500PE.NFO,07/01/2020,10:11:46,195,190.9,200,200,20,0,1740
BANKNIFTY27FEB2029500PE.NFO,07/01/2020,10:11:50,195,191.25,200,200,20,0,1740
BANKNIFTY27FEB2029500PE.NFO,07/01/2020,10:11:51,195,191.2,200,200,20,0,1740
BANKNIFTY27FEB2029500PE.NFO,07/01/2020,10:11:52,195,191.05,200,200,20,0,1740
BANKNIFTY27FEB2029500PE.NFO,07/01/2020,10:11:53,195,191.15,200,200,20,0,1740
BANKNIFTY27FEB2029500PE.NFO,07/01/2020,10:11:55,195,190.75,200,200,20,0,1740
BANKNIFTY27FEB2029500PE.NFO,07/01/2020,10:11:56,195,191,200,200,20,0,1740
BANKNIFTY27FEB2029500PE.NFO,07/01/2020,10:11:57,195,191.2,200,200,20,0,1740
BANKNIFTY27FEB2029500PE.NFO,07/01/2020,10:11:58,195,191.35,200,200,20,0,1740
BANKNIFTY27FEB2029500PE.NFO,07/01/2020,10:12:00,195,191.7,200,200,20,0,1740
BANKNIFTY27FEB2029500PE.NFO,07/01/2020,10:12:01,195,191.2,200,200,20,0,1740
BANKNIFTY27FEB2029500PE.NFO,07/01/2020,10:12:04,195,190.9,200,200,20,0,1740
BANKNIFTY27FEB2029500PE.NFO,07/01/2020,10:12:07,195,189.9,200,200,20,0,1740
BANKNIFTY27FEB2029500PE.NFO,07/01/2020,10:12:08,195,189.95,200,200,20,0,1740
BANKNIFTY27FEB2029500PE.NFO,07/01/2020,10:12:09,195,190.15,200,200,20,0,1740
BANKNIFTY27FEB2029500PE.NFO,07/01/2020,10:12:10,195,189.9,200,200,20,0,1740
BANKNIFTY27FEB2029500PE.NFO,07/01/2020,10:12:13,195,190,200,200,20,0,1740
BANKNIFTY27FEB2029500PE.NFO,07/01/2020,10:12:14,195,190.45,200,200,20,0,1740
BANKNIFTY27FEB2029500PE.NFO,07/01/2020,10:12:15,195,190.25,200,200,20,0,1740
BANKNIFTY27FEB2029500PE.NFO,07/01/2020,10:12:16,195,190.5,200,200,20,0,1740
BANKNIFTY27FEB2029500PE.NFO,07/01/2020,10:12:18,195,189.8,200,200,20,0,1740
BANKNIFTY27FEB2029500PE.NFO,07/01/2020,10:12:19,195,189.9,200,200,20,0,1740
BANKNIFTY27FEB2029500PE.NFO,07/01/2020,10:12:20,195,189.95,200,200,20,0,1740
BANKNIFTY27FEB2029500PE.NFO,07/01/2020,10:12:21,195,189.9,200,200,20,0,1740
BANKNIFTY27FEB2029500PE.NFO,07/01/2020,10:12:23,195,190.2,200,200,20,0,1740
BANKNIFTY27FEB2029500PE.NFO,07/01/2020,10:12:24,195,190.45,200,200,20,0,1740
BANKNIFTY27FEB2029500PE.NFO,07/01/2020,10:12:28,195,190.65,200,200,20,0,1740
BANKNIFTY27FEB2029500PE.NFO,07/01/2020,10:12:30,195,190.45,200,200,20,0,1740
BANKNIFTY27FEB2029500PE.NFO,07/01/2020,10:12:31,195,191,200,200,20,0,1740
BANKNIFTY27FEB2029500PE.NFO,07/01/2020,10:12:32,195,190.45,200,200,20,0,1740
BANKNIFTY27FEB2029500PE.NFO,07/01/2020,10:12:34,195,190.75,200,200,20,0,1740
BANKNIFTY27FEB2029500PE.NFO,07/01/2020,10:12:36,195,191,200,200,20,0,1740
BANKNIFTY27FEB2029500PE.NFO,07/01/2020,10:12:37,195,190.15,200,200,20,0,1740
BANKNIFTY27FEB2029500PE.NFO,07/01/2020,10:12:38,195,190.75,200,200,20,0,1740
BANKNIFTY27FEB2029500PE.NFO,07/01/2020,10:12:40,195,190.55,200,200,20,0,1740
BANKNIFTY27FEB2029500PE.NFO,07/01/2020,10:12:41,195,190.3,200,200,20,0,1740
BANKNIFTY27FEB2029500PE.NFO,07/01/2020,10:12:44,195,190.75,200,200,20,0,1740
BANKNIFTY27FEB2029500PE.NFO,07/01/2020,10:12:45,195,190.6,200,200,20,0,1740
BANKNIFTY27FEB2029500PE.NFO,07/01/2020,10:12:46,195,190.45,200,200,20,0,1740
BANKNIFTY27FEB2029500PE.NFO,07/01/2020,10:12:47,195,190.6,200,200,20,0,1740
BANKNIFTY27FEB2029500PE.NFO,07/01/2020,10:12:49,195,190.5,200,200,20,0,1740
BANKNIFTY27FEB2029500PE.NFO,07/01/2020,10:12:50,195,190.6,200,200,20,0,1740
BANKNIFTY27FEB2029500PE.NFO,07/01/2020,10:12:51,195,190.45,200,200,20,0,1740
BANKNIFTY27FEB2029500PE.NFO,07/01/2020,10:12:52,195,190.9,200,200,20,0,1740
BANKNIFTY27FEB2029500PE.NFO,07/01/2020,10:12:53,195,190.45,200,200,20,0,1740
BANKNIFTY27FEB2029500PE.NFO,07/01/2020,10:12:55,195,190.15,200,200,20,0,1740
BANKNIFTY27FEB2029500PE.NFO,07/01/2020,10:12:57,195,190.25,200,200,20,0,1740
BANKNIFTY27FEB2029500PE.NFO,07/01/2020,10:12:58,195,190.15,200,200,20,0,1740
BANKNIFTY27FEB2029500PE.NFO,07/01/2020,10:12:59,195,190.25,200,200,20,0,1740
BANKNIFTY27FEB2029500PE.NFO,07/01/2020,10:13:01,195,190.5,200,200,20,0,1740
BANKNIFTY27FEB2029500PE.NFO,07/01/2020,10:13:02,195,190.45,200,200,20,0,1740
BANKNIFTY27FEB2029500PE.NFO,07/01/2020,10:13:03,195,190.9,200,200,20,0,1740
BANKNIFTY27FEB2029500PE.NFO,07/01/2020,10:13:04,195,190.65,200,200,20,0,1740
BANKNIFTY27FEB2029500PE.NFO,07/01/2020,10:13:06,195,191.05,200,200,20,0,1740
BANKNIFTY27FEB2029500PE.NFO,07/01/2020,10:13:08,195,191.1,200,200,20,0,1740
BANKNIFTY27FEB2029500PE.NFO,07/01/2020,10:13:09,195,192.1,200,200,20,0,1740
BANKNIFTY27FEB2029500PE.NFO,07/01/2020,10:13:12,195,192.05,200,200,20,0,1740
BANKNIFTY27FEB2029500PE.NFO,07/01/2020,10:13:15,195,191.35,200,200,20,0,1740
BANKNIFTY27FEB2029500PE.NFO,07/01/2020,10:13:17,195,191.85,200,200,20,0,1740
BANKNIFTY27FEB2029500PE.NFO,07/01/2020,10:13:18,195,191.45,200,200,20,0,1740
BANKNIFTY27FEB2029500PE.NFO,07/01/2020,10:13:19,195,191.9,200,200,20,0,1740
BANKNIFTY27FEB2029500PE.NFO,07/01/2020,10:13:23,195,192.4,200,200,20,0,1740
BANKNIFTY27FEB2029500PE.NFO,07/01/2020,10:13:24,195,192.2,200,200,20,0,1740
BANKNIFTY27FEB2029500PE.NFO,07/01/2020,10:13:25,195,192.15,200,200,20,0,1740
BANKNIFTY27FEB2029500PE.NFO,07/01/2020,10:13:28,195,191.9,200,200,20,0,1740
BANKNIFTY27FEB2029500PE.NFO,07/01/2020,10:13:29,195,191.95,200,200,20,0,1740
BANKNIFTY27FEB2029500PE.NFO,07/01/2020,10:13:32,195,192.3,200,200,20,0,1740
BANKNIFTY27FEB2029500PE.NFO,07/01/2020,10:13:33,195,191.5,200,200,20,0,1740
BANKNIFTY27FEB2029500PE.NFO,07/01/2020,10:13:35,195,191.7,200,200,20,0,1740
BANKNIFTY27FEB2029500PE.NFO,07/01/2020,10:13:36,195,191.95,200,200,20,0,1740
BANKNIFTY27FEB2029500PE.NFO,07/01/2020,10:13:37,195,192,200,200,20,0,1740
BANKNIFTY27FEB2029500PE.NFO,07/01/2020,10:13:39,195,191.6,200,200,20,0,1740
BANKNIFTY27FEB2029500PE.NFO,07/01/2020,10:13:40,195,191.95,200,200,20,0,1740
BANKNIFTY27FEB2029500PE.NFO,07/01/2020,10:13:42,195,191.9,200,200,20,0,1740
BANKNIFTY27FEB2029500PE.NFO,07/01/2020,10:13:43,195,191.95,200,200,20,0,1740
BANKNIFTY27FEB2029500PE.NFO,07/01/2020,10:13:44,195,191.05,200,200,20,0,1740
BANKNIFTY27FEB2029500PE.NFO,07/01/2020,10:13:45,195,190.75,200,200,20,0,1740
BANKNIFTY27FEB2029500PE.NFO,07/01/2020,10:13:47,195,190.95,200,200,20,0,1740
BANKNIFTY27FEB2029500PE.NFO,07/01/2020,10:13:48,195,190.5,200,200,20,0,1740
BANKNIFTY27FEB2029500PE.NFO,07/01/2020,10:13:49,195,190.7,200,200,20,0,1740
BANKNIFTY27FEB2029500PE.NFO,07/01/2020,10:13:53,195,189.95,200,200,20,0,1740
BANKNIFTY27FEB2029500PE.NFO,07/01/2020,10:13:54,195,189.9,200,200,20,0,1740
BANKNIFTY27FEB2029500PE.NFO,07/01/2020,10:13:55,195,190.2,200,200,20,0,1740
BANKNIFTY27FEB2029500PE.NFO,07/01/2020,10:13:56,195,190.3,200,200,20,0,1740
BANKNIFTY27FEB2029500PE.NFO,07/01/2020,10:13:58,195,189.85,200,200,20,0,1740
BANKNIFTY27FEB2029500PE.NFO,07/01/2020,10:13:59,195,190,200,200,20,0,1740
BANKNIFTY27FEB2029500PE.NFO,07/01/2020,10:14:02,195,189.55,200,200,20,0,1740
BANKNIFTY27FEB2029500PE.NFO,07/01/2020,10:14:03,195,189.7,200,200,20,0,1740
BANKNIFTY27FEB2029500PE.NFO,07/01/2020,10:14:05,195,189.85,200,200,20,0,1740
BANKNIFTY27FEB2029500PE.NFO,07/01/2020,10:14:06,195,189.45,200,200,20,0,1740
BANKNIFTY27FEB2029500PE.NFO,07/01/2020,10:14:08,195,189.75,200,200,20,0,1740
BANKNIFTY27FEB2029500PE.NFO,07/01/2020,10:14:09,195,189.5,200,200,20,0,1740
BANKNIFTY27FEB2029500PE.NFO,07/01/2020,10:14:11,195,189.35,200,200,20,0,1740
BANKNIFTY27FEB2029500PE.NFO,07/01/2020,10:14:12,195,189.45,200,200,20,0,1740
BANKNIFTY27FEB2029500PE.NFO,07/01/2020,10:14:13,195,189.1,200,200,20,0,1740
BANKNIFTY27FEB2029500PE.NFO,07/01/2020,10:14:14,195,189,200,200,20,0,1740
BANKNIFTY27FEB2029500PE.NFO,07/01/2020,10:14:16,195,188.5,200,200,20,0,1740
BANKNIFTY27FEB2029500PE.NFO,07/01/2020,10:14:17,195,189,200,200,20,0,1740
BANKNIFTY27FEB2029500PE.NFO,07/01/2020,10:14:21,195,188.55,200,200,20,0,1740
BANKNIFTY27FEB2029500PE.NFO,07/01/2020,10:14:22,195,188.95,200,200,20,0,1740
BANKNIFTY27FEB2029500PE.NFO,07/01/2020,10:14:26,195,189,200,200,20,0,1740
BANKNIFTY27FEB2029500PE.NFO,07/01/2020,10:14:27,195,189.1,200,200,20,0,1740
BANKNIFTY27FEB2029500PE.NFO,07/01/2020,10:14:28,195,189.15,200,200,20,0,1740
BANKNIFTY27FEB2029500PE.NFO,07/01/2020,10:14:29,195,189.3,200,200,20,0,1740
BANKNIFTY27FEB2029500PE.NFO,07/01/2020,10:14:31,195,189.45,200,200,20,0,1740
BANKNIFTY27FEB2029500PE.NFO,07/01/2020,10:14:32,195,190,200,200,20,0,1740
BANKNIFTY27FEB2029500PE.NFO,07/01/2020,10:14:44,195,190.15,200,200,20,0,1740
BANKNIFTY27FEB2029500PE.NFO,07/01/2020,10:14:49,195,190.45,200,200,20,0,1740
BANKNIFTY27FEB2029500PE.NFO,07/01/2020,10:14:52,195,190.5,200,200,20,0,1740
BANKNIFTY27FEB2029500PE.NFO,07/01/2020,10:14:54,195,190.65,200,200,20,0,1740
BANKNIFTY27FEB2029500PE.NFO,07/01/2020,10:14:56,195,190.15,200,200,20,0,1740
BANKNIFTY27FEB2029500PE.NFO,07/01/2020,10:15:00,195,190.45,200,200,20,0,1740
BANKNIFTY27FEB2029500PE.NFO,07/01/2020,10:15:01,195,190.5,200,200,20,0,1740
BANKNIFTY27FEB2029500PE.NFO,07/01/2020,10:15:02,195,190.95,200,200,20,0,1740
BANKNIFTY27FEB2029500PE.NFO,07/01/2020,10:15:03,195,190.5,200,200,20,0,1740
BANKNIFTY27FEB2029500PE.NFO,07/01/2020,10:15:06,195,190.15,200,200,20,0,1740
BANKNIFTY27FEB2029500PE.NFO,07/01/2020,10:15:12,195,190.4,200,200,20,0,1740
BANKNIFTY27FEB2029500PE.NFO,07/01/2020,10:15:15,195,190.15,200,200,20,0,1740
BANKNIFTY27FEB2029500PE.NFO,07/01/2020,10:15:17,195,190,200,200,20,0,1740
BANKNIFTY27FEB2029500PE.NFO,07/01/2020,10:15:25,195,189.95,200,200,20,0,1740
BANKNIFTY27FEB2029500PE.NFO,07/01/2020,10:15:26,195,189.7,200,200,20,0,1740
BANKNIFTY27FEB2029500PE.NFO,07/01/2020,10:15:31,195,189.95,200,200,20,0,1740
BANKNIFTY27FEB2029500PE.NFO,07/01/2020,10:15:32,195,190.45,200,200,20,0,1740
BANKNIFTY27FEB2029500PE.NFO,07/01/2020,10:15:33,195,190.6,200,200,20,0,1740
BANKNIFTY27FEB2029500PE.NFO,07/01/2020,10:15:36,195,190.3,200,200,20,0,1740
BANKNIFTY27FEB2029500PE.NFO,07/01/2020,10:15:37,195,190.05,200,200,20,0,1740
BANKNIFTY27FEB2029500PE.NFO,07/01/2020,10:15:39,195,190.45,200,200,20,0,1740
BANKNIFTY27FEB2029500PE.NFO,07/01/2020,10:15:40,195,190.5,200,200,20,0,1740
BANKNIFTY27FEB2029500PE.NFO,07/01/2020,10:15:41,195,190.4,200,200,20,0,1740
BANKNIFTY27FEB2029500PE.NFO,07/01/2020,10:15:43,195,190.55,200,200,20,0,1740
BANKNIFTY27FEB2029500PE.NFO,07/01/2020,10:15:44,195,191.05,200,200,20,0,1740
BANKNIFTY27FEB2029500PE.NFO,07/01/2020,10:15:45,195,191.35,200,200,20,0,1740
BANKNIFTY27FEB2029500PE.NFO,07/01/2020,10:15:46,195,191.9,200,200,20,0,1740
BANKNIFTY27FEB2029500PE.NFO,07/01/2020,10:15:48,195,191.35,200,200,20,0,1740
BANKNIFTY27FEB2029500PE.NFO,07/01/2020,10:15:49,195,191.95,200,200,20,0,1740
BANKNIFTY27FEB2029500PE.NFO,07/01/2020,10:15:50,195,192.05,200,200,20,0,1740
BANKNIFTY27FEB2029500PE.NFO,07/01/2020,10:15:53,195,192.3,200,200,20,0,1740
BANKNIFTY27FEB2029500PE.NFO,07/01/2020,10:15:54,195,192.35,200,200,20,0,1740
BANKNIFTY27FEB2029500PE.NFO,07/01/2020,10:16:01,195,192.65,200,200,20,0,1740
BANKNIFTY27FEB2029500PE.NFO,07/01/2020,10:16:02,195,192.35,200,200,20,0,1740
BANKNIFTY27FEB2029500PE.NFO,07/01/2020,10:16:05,195,192.55,200,200,20,0,1740
BANKNIFTY27FEB2029500PE.NFO,07/01/2020,10:16:06,195,192.8,200,200,20,0,1740
BANKNIFTY27FEB2029500PE.NFO,07/01/2020,10:16:08,195,192.4,200,200,20,0,1740
BANKNIFTY27FEB2029500PE.NFO,07/01/2020,10:16:09,195,192.35,200,200,20,0,1740
BANKNIFTY27FEB2029500PE.NFO,07/01/2020,10:16:12,195,192.5,200,200,20,0,1740
BANKNIFTY27FEB2029500PE.NFO,07/01/2020,10:16:13,195,192.4,200,200,20,0,1740
BANKNIFTY27FEB2029500PE.NFO,07/01/2020,10:16:14,195,192.5,200,200,20,0,1740
BANKNIFTY27FEB2029500PE.NFO,07/01/2020,10:16:15,195,192.8,200,200,20,0,1740
BANKNIFTY27FEB2029500PE.NFO,07/01/2020,10:16:19,195,192.95,200,200,20,0,1740
BANKNIFTY27FEB2029500PE.NFO,07/01/2020,10:16:21,195,192.7,200,200,20,0,1740
BANKNIFTY27FEB2029500PE.NFO,07/01/2020,10:16:22,195,193.1,200,200,20,0,1740
BANKNIFTY27FEB2029500PE.NFO,07/01/2020,10:16:23,195,193,200,200,20,0,1740
BANKNIFTY27FEB2029500PE.NFO,07/01/2020,10:16:26,195,193.3,200,200,20,0,1740
BANKNIFTY27FEB2029500PE.NFO,07/01/2020,10:16:27,195,193.1,200,200,20,0,1740
BANKNIFTY27FEB2029500PE.NFO,07/01/2020,10:16:28,195,192.9,200,200,20,0,1740
BANKNIFTY27FEB2029500PE.NFO,07/01/2020,10:16:29,195,192.65,200,200,20,0,1740
BANKNIFTY27FEB2029500PE.NFO,07/01/2020,10:16:32,195,193.1,200,200,20,0,1740
BANKNIFTY27FEB2029500PE.NFO,07/01/2020,10:16:33,195,193.4,200,200,20,0,1740
BANKNIFTY27FEB2029500PE.NFO,07/01/2020,10:16:35,195,193.15,200,200,20,0,1740
BANKNIFTY27FEB2029500PE.NFO,07/01/2020,10:16:37,195,193.95,200,200,20,0,1740
BANKNIFTY27FEB2029500PE.NFO,07/01/2020,10:16:38,195,194.4,200,200,20,0,1740
BANKNIFTY27FEB2029500PE.NFO,07/01/2020,10:16:39,195,194.85,200,200,20,0,1740
BANKNIFTY27FEB2029500PE.NFO,07/01/2020,10:16:41,195,194.9,200,200,20,0,1740
BANKNIFTY27FEB2029500PE.NFO,07/01/2020,10:16:42,195,194.6,200,200,20,0,1740
BANKNIFTY27FEB2029500PE.NFO,07/01/2020,10:16:43,194.85,194.85,160,200,20,40,1740
BANKNIFTY27FEB2029500PE.NFO,07/01/2020,10:16:44,194.85,193.7,200,200,20,0,1740
BANKNIFTY27FEB2029500PE.NFO,07/01/2020,10:16:47,194.85,193.55,200,200,20,0,1740
BANKNIFTY27FEB2029500PE.NFO,07/01/2020,10:16:48,194.85,192.8,200,200,20,0,1740
BANKNIFTY27FEB2029500PE.NFO,07/01/2020,10:16:49,194.85,192.7,200,200,20,0,1740
BANKNIFTY27FEB2029500PE.NFO,07/01/2020,10:16:51,194.85,192.65,200,200,20,0,1740
BANKNIFTY27FEB2029500PE.NFO,07/01/2020,10:16:54,194.85,193.05,200,200,20,0,1740
BANKNIFTY27FEB2029500PE.NFO,07/01/2020,10:16:55,194.85,192.65,200,200,20,0,1740
BANKNIFTY27FEB2029500PE.NFO,07/01/2020,10:16:56,194.85,192.5,200,200,20,0,1740
BANKNIFTY27FEB2029500PE.NFO,07/01/2020,10:16:59,194.85,192.05,200,200,20,0,1740
BANKNIFTY27FEB2029500PE.NFO,07/01/2020,10:17:00,194.85,192.65,200,200,20,0,1740
BANKNIFTY27FEB2029500PE.NFO,07/01/2020,10:17:03,194.85,192.1,200,200,20,0,1740
BANKNIFTY27FEB2029500PE.NFO,07/01/2020,10:17:04,194.85,192.45,200,200,20,0,1740
BANKNIFTY27FEB2029500PE.NFO,07/01/2020,10:17:05,194.85,192.9,200,200,20,0,1740
BANKNIFTY27FEB2029500PE.NFO,07/01/2020,10:17:06,194.85,193.3,200,200,20,0,1740
BANKNIFTY27FEB2029500PE.NFO,07/01/2020,10:17:08,194.85,192.9,200,200,20,0,1740
BANKNIFTY27FEB2029500PE.NFO,07/01/2020,10:17:09,194.85,193.15,200,200,20,0,1740
BANKNIFTY27FEB2029500PE.NFO,07/01/2020,10:17:11,194.85,193.3,200,200,20,0,1740
BANKNIFTY27FEB2029500PE.NFO,07/01/2020,10:17:12,194.85,193.15,200,200,20,0,1740
BANKNIFTY27FEB2029500PE.NFO,07/01/2020,10:17:14,194.85,193.55,200,200,20,0,1740
BANKNIFTY27FEB2029500PE.NFO,07/01/2020,10:17:15,194.85,193.4,200,200,20,0,1740
BANKNIFTY27FEB2029500PE.NFO,07/01/2020,10:17:16,194.85,193.7,200,200,20,0,1740
BANKNIFTY27FEB2029500PE.NFO,07/01/2020,10:17:17,194.85,193.45,200,200,20,0,1740
BANKNIFTY27FEB2029500PE.NFO,07/01/2020,10:17:18,194.85,193.55,200,200,20,0,1740
BANKNIFTY27FEB2029500PE.NFO,07/01/2020,10:17:20,194.85,194.4,200,200,20,0,1740
BANKNIFTY27FEB2029500PE.NFO,07/01/2020,10:17:21,194.85,193.85,200,200,20,0,1740
BANKNIFTY27FEB2029500PE.NFO,07/01/2020,10:17:22,194.85,193.65,200,200,20,0,1740
BANKNIFTY27FEB2029500PE.NFO,07/01/2020,10:17:23,194.85,193.7,200,200,20,0,1740
BANKNIFTY27FEB2029500PE.NFO,07/01/2020,10:17:27,194.85,194.4,200,200,20,0,1740
BANKNIFTY27FEB2029500PE.NFO,07/01/2020,10:17:30,194.85,193.85,200,200,20,0,1740
BANKNIFTY27FEB2029500PE.NFO,07/01/2020,10:17:32,194.85,194.3,200,200,20,0,1740
BANKNIFTY27FEB2029500PE.NFO,07/01/2020,10:17:33,194.85,194.2,200,200,20,0,1740
BANKNIFTY27FEB2029500PE.NFO,07/01/2020,10:17:34,194.85,194,200,200,20,0,1740
BANKNIFTY27FEB2029500PE.NFO,07/01/2020,10:17:35,194.85,194.1,200,200,20,0,1740
BANKNIFTY27FEB2029500PE.NFO,07/01/2020,10:17:37,194.85,193.95,200,200,20,0,1740
BANKNIFTY27FEB2029500PE.NFO,07/01/2020,10:17:38,194.85,194.5,200,200,20,0,1740
BANKNIFTY27FEB2029500PE.NFO,07/01/2020,10:17:39,194.85,194.6,200,200,20,0,1740
BANKNIFTY27FEB2029500PE.NFO,07/01/2020,10:17:40,194.85,194.7,200,200,20,0,1740
BANKNIFTY27FEB2029500PE.NFO,07/01/2020,10:17:42,194.85,194.3,200,200,20,0,1740
BANKNIFTY27FEB2029500PE.NFO,07/01/2020,10:17:43,194.85,194.5,200,200,20,0,1740
BANKNIFTY27FEB2029500PE.NFO,07/01/2020,10:17:44,194.85,194.95,200,200,20,0,1740
BANKNIFTY27FEB2029500PE.NFO,07/01/2020,10:17:45,194.85,195.05,200,200,20,0,1740
BANKNIFTY27FEB2029500PE.NFO,07/01/2020,10:17:47,194.85,195,200,200,20,0,1740
BANKNIFTY27FEB2029500PE.NFO,07/01/2020,10:17:48,194.85,194.95,200,200,20,0,1740
BANKNIFTY27FEB2029500PE.NFO,07/01/2020,10:17:49,194.85,194.85,200,200,20,0,1740
BANKNIFTY27FEB2029500PE.NFO,07/01/2020,10:17:52,194.85,195,200,200,20,0,1740
BANKNIFTY27FEB2029500PE.NFO,07/01/2020,10:17:54,194.85,194.85,200,200,20,0,1740
BANKNIFTY27FEB2029500PE.NFO,07/01/2020,10:17:55,194.85,194.7,200,200,20,0,1740
BANKNIFTY27FEB2029500PE.NFO,07/01/2020,10:17:56,194.85,194.1,200,200,20,0,1740
BANKNIFTY27FEB2029500PE.NFO,07/01/2020,10:17:59,194.85,194.45,200,200,20,0,1740
BANKNIFTY27FEB2029500PE.NFO,07/01/2020,10:18:01,194.85,194.85,200,200,20,0,1740
BANKNIFTY27FEB2029500PE.NFO,07/01/2020,10:18:05,194.85,194.45,200,200,20,0,1740
BANKNIFTY27FEB2029500PE.NFO,07/01/2020,10:18:07,194.85,194.85,200,200,20,0,1740
BANKNIFTY27FEB2029500PE.NFO,07/01/2020,10:18:11,194.85,194.55,200,200,20,0,1740
BANKNIFTY27FEB2029500PE.NFO,07/01/2020,10:18:12,194.85,194.6,200,200,20,0,1740
BANKNIFTY27FEB2029500PE.NFO,07/01/2020,10:18:13,194.85,195.15,200,200,20,0,1740
BANKNIFTY27FEB2029500PE.NFO,07/01/2020,10:18:15,194.85,195.25,200,200,20,0,1740
BANKNIFTY27FEB2029500PE.NFO,07/01/2020,10:18:16,194.85,195.3,200,200,20,0,1740
BANKNIFTY27FEB2029500PE.NFO,07/01/2020,10:18:17,194.85,195.35,200,200,20,0,1740
BANKNIFTY27FEB2029500PE.NFO,07/01/2020,10:18:18,194.85,194.85,200,200,20,0,1740
BANKNIFTY27FEB2029500PE.NFO,07/01/2020,10:18:21,194.85,195.15,200,200,20,0,1740
BANKNIFTY27FEB2029500PE.NFO,07/01/2020,10:18:22,194.85,195,200,200,20,0,1740
BANKNIFTY27FEB2029500PE.NFO,07/01/2020,10:18:23,194.85,195.15,200,200,20,0,1740
BANKNIFTY27FEB2029500PE.NFO,07/01/2020,10:18:24,194.85,194.85,200,200,20,0,1740
BANKNIFTY27FEB2029500PE.NFO,07/01/2020,10:18:26,194.85,195,200,200,20,0,1740
BANKNIFTY27FEB2029500PE.NFO,07/01/2020,10:18:27,194.85,195.15,200,200,20,0,1740
BANKNIFTY27FEB2029500PE.NFO,07/01/2020,10:18:29,194.85,195,200,200,20,0,1740
BANKNIFTY27FEB2029500PE.NFO,07/01/2020,10:18:30,194.85,194.15,200,200,20,0,1740
BANKNIFTY27FEB2029500PE.NFO,07/01/2020,10:18:32,194.85,193.15,200,200,20,0,1740
BANKNIFTY27FEB2029500PE.NFO,07/01/2020,10:18:33,194.85,193.35,200,200,20,0,1740
BANKNIFTY27FEB2029500PE.NFO,07/01/2020,10:18:34,194.85,194,200,200,20,0,1740
BANKNIFTY27FEB2029500PE.NFO,07/01/2020,10:18:35,194.85,194.7,200,200,20,0,1740
BANKNIFTY27FEB2029500PE.NFO,07/01/2020,10:18:37,194.85,194.6,200,200,20,0,1740
BANKNIFTY27FEB2029500PE.NFO,07/01/2020,10:18:38,194.85,195.15,200,200,20,0,1740
BANKNIFTY27FEB2029500PE.NFO,07/01/2020,10:18:39,194.85,195.2,200,200,20,0,1740
BANKNIFTY27FEB2029500PE.NFO,07/01/2020,10:18:41,194.85,196.05,200,200,20,0,1740
BANKNIFTY27FEB2029500PE.NFO,07/01/2020,10:18:42,194.85,195.75,200,200,20,0,1740
BANKNIFTY27FEB2029500PE.NFO,07/01/2020,10:18:43,194.85,195.5,200,200,20,0,1740
BANKNIFTY27FEB2029500PE.NFO,07/01/2020,10:18:44,194.85,195.2,200,200,20,0,1740
BANKNIFTY27FEB2029500PE.NFO,07/01/2020,10:18:47,194.85,194.7,200,200,20,0,1740
BANKNIFTY27FEB2029500PE.NFO,07/01/2020,10:18:48,194.85,195.15,200,200,20,0,1740
BANKNIFTY27FEB2029500PE.NFO,07/01/2020,10:18:49,194.85,194.95,200,200,20,0,1740
BANKNIFTY27FEB2029500PE.NFO,07/01/2020,10:18:51,194.85,195.3,200,200,20,0,1740
BANKNIFTY27FEB2029500PE.NFO,07/01/2020,10:18:52,194.85,195.6,200,200,20,0,1740
BANKNIFTY27FEB2029500PE.NFO,07/01/2020,10:18:53,194.85,195.9,200,200,20,0,1740
BANKNIFTY27FEB2029500PE.NFO,07/01/2020,10:18:56,194.85,195.6,200,200,20,0,1740
BANKNIFTY27FEB2029500PE.NFO,07/01/2020,10:18:58,194.85,195.75,200,200,20,0,1740
BANKNIFTY27FEB2029500PE.NFO,07/01/2020,10:18:59,194.85,195.6,200,200,20,0,1740
BANKNIFTY27FEB2029500PE.NFO,07/01/2020,10:19:02,194.85,195.2,200,200,20,0,1740
BANKNIFTY27FEB2029500PE.NFO,07/01/2020,10:19:03,194.85,195.15,200,200,20,0,1740
BANKNIFTY27FEB2029500PE.NFO,07/01/2020,10:19:06,194.85,195.5,200,200,20,0,1740
BANKNIFTY27FEB2029500PE.NFO,07/01/2020,10:19:09,194.85,195.6,200,200,20,0,1740
BANKNIFTY27FEB2029500PE.NFO,07/01/2020,10:19:12,194.85,196,200,200,20,0,1740
BANKNIFTY27FEB2029500PE.NFO,07/01/2020,10:19:14,194.85,195.8,200,200,20,0,1740
BANKNIFTY27FEB2029500PE.NFO,07/01/2020,10:19:15,194.85,195.75,200,200,20,0,1740
BANKNIFTY27FEB2029500PE.NFO,07/01/2020,10:19:16,194.85,195.9,200,200,20,0,1740
BANKNIFTY27FEB2029500PE.NFO,07/01/2020,10:19:18,194.85,195.6,200,200,20,0,1740
BANKNIFTY27FEB2029500PE.NFO,07/01/2020,10:19:19,194.85,195.15,200,200,20,0,1740
BANKNIFTY27FEB2029500PE.NFO,07/01/2020,10:19:20,194.85,195.4,200,200,20,0,1740
BANKNIFTY27FEB2029500PE.NFO,07/01/2020,10:19:21,194.85,195.15,200,200,20,0,1740
BANKNIFTY27FEB2029500PE.NFO,07/01/2020,10:19:24,194.85,195.45,200,200,20,0,1740
BANKNIFTY27FEB2029500PE.NFO,07/01/2020,10:19:26,194.85,194.8,200,200,20,0,1740
BANKNIFTY27FEB2029500PE.NFO,07/01/2020,10:19:31,194.85,194.55,200,200,20,0,1740
BANKNIFTY27FEB2029500PE.NFO,07/01/2020,10:19:32,194.85,194.6,200,200,20,0,1740
BANKNIFTY27FEB2029500PE.NFO,07/01/2020,10:19:33,194.85,194.55,200,200,20,0,1740
BANKNIFTY27FEB2029500PE.NFO,07/01/2020,10:19:34,194.85,194.6,200,200,20,0,1740
BANKNIFTY27FEB2029500PE.NFO,07/01/2020,10:19:36,194.85,194.8,200,200,20,0,1740
BANKNIFTY27FEB2029500PE.NFO,07/01/2020,10:19:39,194.85,194.6,200,200,20,0,1740
BANKNIFTY27FEB2029500PE.NFO,07/01/2020,10:19:40,194.85,194.55,200,200,20,0,1740
BANKNIFTY27FEB2029500PE.NFO,07/01/2020,10:19:42,194.85,194.85,200,200,20,0,1740
BANKNIFTY27FEB2029500PE.NFO,07/01/2020,10:19:43,194.85,195.05,200,200,20,0,1740
BANKNIFTY27FEB2029500PE.NFO,07/01/2020,10:19:44,194.85,195.15,200,200,20,0,1740
BANKNIFTY27FEB2029500PE.NFO,07/01/2020,10:19:48,194.85,195,200,200,20,0,1740
BANKNIFTY27FEB2029500PE.NFO,07/01/2020,10:19:49,194.85,195.15,200,200,20,0,1740
BANKNIFTY27FEB2029500PE.NFO,07/01/2020,10:19:50,194.85,194.9,200,200,20,0,1740
BANKNIFTY27FEB2029500PE.NFO,07/01/2020,10:19:52,194.85,194.7,200,200,20,0,1740
BANKNIFTY27FEB2029500PE.NFO,07/01/2020,10:19:54,194.85,194.45,200,200,20,0,1740
BANKNIFTY27FEB2029500PE.NFO,07/01/2020,10:19:55,194.85,194.25,200,200,20,0,1740
BANKNIFTY27FEB2029500PE.NFO,07/01/2020,10:20:00,194.85,193.7,200,200,20,0,1740
BANKNIFTY27FEB2029500PE.NFO,07/01/2020,10:20:06,194.85,193.85,200,200,20,0,1740
BANKNIFTY27FEB2029500PE.NFO,07/01/2020,10:20:08,194.85,194.4,200,200,20,0,1740
BANKNIFTY27FEB2029500PE.NFO,07/01/2020,10:20:10,194.85,194.55,200,200,20,0,1740
BANKNIFTY27FEB2029500PE.NFO,07/01/2020,10:20:12,194.85,193.75,200,200,20,0,1740
BANKNIFTY27FEB2029500PE.NFO,07/01/2020,10:20:13,194.85,193.85,200,200,20,0,1740
BANKNIFTY27FEB2029500PE.NFO,07/01/2020,10:20:15,194.85,194,200,200,20,0,1740
BANKNIFTY27FEB2029500PE.NFO,07/01/2020,10:20:17,194.85,194.05,200,200,20,0,1740
BANKNIFTY27FEB2029500PE.NFO,07/01/2020,10:20:18,194.85,194.15,200,200,20,0,1740
BANKNIFTY27FEB2029500PE.NFO,07/01/2020,10:20:20,194.85,194,200,200,20,0,1740
BANKNIFTY27FEB2029500PE.NFO,07/01/2020,10:20:21,194.85,194.25,200,200,20,0,1740
BANKNIFTY27FEB2029500PE.NFO,07/01/2020,10:20:25,194.85,194.55,200,200,20,0,1740
BANKNIFTY27FEB2029500PE.NFO,07/01/2020,10:20:26,194.85,194.25,200,200,20,0,1740
BANKNIFTY27FEB2029500PE.NFO,07/01/2020,10:20:29,194.85,194.85,200,200,20,0,1740
BANKNIFTY27FEB2029500PE.NFO,07/01/2020,10:20:30,194.85,194.25,200,200,20,0,1740
BANKNIFTY27FEB2029500PE.NFO,07/01/2020,10:20:40,194.85,194.5,200,200,20,0,1740
BANKNIFTY27FEB2029500PE.NFO,07/01/2020,10:20:41,194.85,195.3,200,200,20,0,1740
BANKNIFTY27FEB2029500PE.NFO,07/01/2020,10:20:44,194.85,194.5,200,200,20,0,1740
BANKNIFTY27FEB2029500PE.NFO,07/01/2020,10:20:45,194.85,194.85,200,200,20,0,1740
BANKNIFTY27FEB2029500PE.NFO,07/01/2020,10:20:51,194.85,194.7,200,200,20,0,1740
BANKNIFTY27FEB2029500PE.NFO,07/01/2020,10:20:58,194.85,194.25,200,200,20,0,1740
BANKNIFTY27FEB2029500PE.NFO,07/01/2020,10:21:01,194.85,194.1,200,200,20,0,1740
BANKNIFTY27FEB2029500PE.NFO,07/01/2020,10:21:03,194.85,194.15,200,200,20,0,1740
BANKNIFTY27FEB2029500PE.NFO,07/01/2020,10:21:04,194.85,194.35,200,200,20,0,1740
BANKNIFTY27FEB2029500PE.NFO,07/01/2020,10:21:05,194.85,194.15,200,200,20,0,1740
BANKNIFTY27FEB2029500PE.NFO,07/01/2020,10:21:08,194.85,194.25,200,200,20,0,1740
BANKNIFTY27FEB2029500PE.NFO,07/01/2020,10:21:09,194.85,194.4,200,200,20,0,1740
BANKNIFTY27FEB2029500PE.NFO,07/01/2020,10:21:22,194.85,194.8,200,200,20,0,1740
BANKNIFTY27FEB2029500PE.NFO,07/01/2020,10:21:24,194.85,194.7,200,200,20,0,1740
BANKNIFTY27FEB2029500PE.NFO,07/01/2020,10:21:25,194.85,194.65,200,200,20,0,1740
BANKNIFTY27FEB2029500PE.NFO,07/01/2020,10:21:26,194.85,194.25,200,200,20,0,1740
BANKNIFTY27FEB2029500PE.NFO,07/01/2020,10:21:29,194.85,194.3,200,200,20,0,1740
BANKNIFTY27FEB2029500PE.NFO,07/01/2020,10:21:30,194.85,194.25,200,200,20,0,1740
BANKNIFTY27FEB2029500PE.NFO,07/01/2020,10:21:31,194.85,194.7,200,200,20,0,1740
BANKNIFTY27FEB2029500PE.NFO,07/01/2020,10:21:34,194.85,194.65,200,200,20,0,1740
BANKNIFTY27FEB2029500PE.NFO,07/01/2020,10:21:40,194.85,194.6,200,200,20,0,1740
BANKNIFTY27FEB2029500PE.NFO,07/01/2020,10:21:43,194.85,194.25,200,200,20,0,1740
BANKNIFTY27FEB2029500PE.NFO,07/01/2020,10:21:48,194.85,194.4,200,200,20,0,1740
BANKNIFTY27FEB2029500PE.NFO,07/01/2020,10:21:49,194.85,194.75,200,200,20,0,1740
BANKNIFTY27FEB2029500PE.NFO,07/01/2020,10:21:51,194.85,195.25,200,200,20,0,1740
BANKNIFTY27FEB2029500PE.NFO,07/01/2020,10:21:53,194.85,195.6,200,200,20,0,1740
BANKNIFTY27FEB2029500PE.NFO,07/01/2020,10:21:54,194.85,195.1,200,200,20,0,1740
BANKNIFTY27FEB2029500PE.NFO,07/01/2020,10:21:56,194.85,195.6,200,200,20,0,1740
BANKNIFTY27FEB2029500PE.NFO,07/01/2020,10:22:01,194.85,195.1,200,200,20,0,1740
BANKNIFTY27FEB2029500PE.NFO,07/01/2020,10:22:02,194.85,195.15,200,200,20,0,1740
BANKNIFTY27FEB2029500PE.NFO,07/01/2020,10:22:04,194.85,194.85,200,200,20,0,1740
BANKNIFTY27FEB2029500PE.NFO,07/01/2020,10:22:07,194.85,194.95,200,200,20,0,1740
BANKNIFTY27FEB2029500PE.NFO,07/01/2020,10:22:08,194.85,195.65,200,200,20,0,1740
BANKNIFTY27FEB2029500PE.NFO,07/01/2020,10:22:10,194.85,195.75,200,200,20,0,1740
BANKNIFTY27FEB2029500PE.NFO,07/01/2020,10:22:12,194.85,195.55,200,200,20,0,1740
BANKNIFTY27FEB2029500PE.NFO,07/01/2020,10:22:13,194.85,195.6,200,200,20,0,1740
BANKNIFTY27FEB2029500PE.NFO,07/01/2020,10:22:14,194.85,195.65,200,200,20,0,1740
BANKNIFTY27FEB2029500PE.NFO,07/01/2020,10:22:15,194.85,195.9,200,200,20,0,1740
BANKNIFTY27FEB2029500PE.NFO,07/01/2020,10:22:17,194.85,195.65,200,200,20,0,1740
BANKNIFTY27FEB2029500PE.NFO,07/01/2020,10:22:18,194.85,195.05,200,200,20,0,1740
BANKNIFTY27FEB2029500PE.NFO,07/01/2020,10:22:19,194.85,195.35,200,200,20,0,1740
BANKNIFTY27FEB2029500PE.NFO,07/01/2020,10:22:21,194.85,194.85,200,200,20,0,1740
BANKNIFTY27FEB2029500PE.NFO,07/01/2020,10:22:33,194.85,195,200,200,20,0,1740
BANKNIFTY27FEB2029500PE.NFO,07/01/2020,10:22:34,194.85,195.15,200,200,20,0,1740
BANKNIFTY27FEB2029500PE.NFO,07/01/2020,10:22:36,194.85,194.9,200,200,20,0,1740
BANKNIFTY27FEB2029500PE.NFO,07/01/2020,10:22:37,194.85,195.15,200,200,20,0,1740
BANKNIFTY27FEB2029500PE.NFO,07/01/2020,10:22:43,194.85,196.95,200,200,20,0,1740
BANKNIFTY27FEB2029500PE.NFO,07/01/2020,10:22:44,194.85,195.95,200,200,20,0,1740
BANKNIFTY27FEB2029500PE.NFO,07/01/2020,10:22:46,194.85,195.7,200,200,20,0,1740
BANKNIFTY27FEB2029500PE.NFO,07/01/2020,10:22:47,194.85,195.2,200,200,20,0,1740
BANKNIFTY27FEB2029500PE.NFO,07/01/2020,10:22:48,194.85,195.5,200,200,20,0,1740
BANKNIFTY27FEB2029500PE.NFO,07/01/2020,10:22:49,194.85,195.8,200,200,20,0,1740
BANKNIFTY27FEB2029500PE.NFO,07/01/2020,10:22:51,194.85,195.75,200,200,20,0,1740
BANKNIFTY27FEB2029500PE.NFO,07/01/2020,10:22:52,194.85,195.6,200,200,20,0,1740
BANKNIFTY27FEB2029500PE.NFO,07/01/2020,10:22:55,194.85,195.65,200,200,20,0,1740
BANKNIFTY27FEB2029500PE.NFO,07/01/2020,10:22:56,194.85,195.6,200,200,20,0,1740
BANKNIFTY27FEB2029500PE.NFO,07/01/2020,10:22:58,194.85,195.65,200,200,20,0,1740
BANKNIFTY27FEB2029500PE.NFO,07/01/2020,10:22:59,194.85,195.75,200,200,20,0,1740
BANKNIFTY27FEB2029500PE.NFO,07/01/2020,10:23:01,194.85,195.3,200,200,20,0,1740
BANKNIFTY27FEB2029500PE.NFO,07/01/2020,10:23:06,194.85,194.85,200,200,20,0,1740
BANKNIFTY27FEB2029500PE.NFO,07/01/2020,10:23:07,194.85,195,200,200,20,0,1740
BANKNIFTY27FEB2029500PE.NFO,07/01/2020,10:23:09,194.85,194.85,200,200,20,0,1740
BANKNIFTY27FEB2029500PE.NFO,07/01/2020,10:23:12,194.85,194.4,200,200,20,0,1740
BANKNIFTY27FEB2029500PE.NFO,07/01/2020,10:23:13,194.85,194.3,200,200,20,0,1740
BANKNIFTY27FEB2029500PE.NFO,07/01/2020,10:23:15,194.85,194.15,200,200,20,0,1740
BANKNIFTY27FEB2029500PE.NFO,07/01/2020,10:23:21,194.85,193.4,200,200,20,0,1740
BANKNIFTY27FEB2029500PE.NFO,07/01/2020,10:23:23,194.85,193.35,200,200,20,0,1740
BANKNIFTY27FEB2029500PE.NFO,07/01/2020,10:23:24,194.85,193.5,200,200,20,0,1740
BANKNIFTY27FEB2029500PE.NFO,07/01/2020,10:23:26,194.85,193.7,200,200,20,0,1740
BANKNIFTY27FEB2029500PE.NFO,07/01/2020,10:23:27,194.85,193.65,200,200,20,0,1740
BANKNIFTY27FEB2029500PE.NFO,07/01/2020,10:23:29,194.85,193.7,200,200,20,0,1740
BANKNIFTY27FEB2029500PE.NFO,07/01/2020,10:23:30,194.85,194.05,200,200,20,0,1740
BANKNIFTY27FEB2029500PE.NFO,07/01/2020,10:23:31,194.85,194.35,200,200,20,0,1740
BANKNIFTY27FEB2029500PE.NFO,07/01/2020,10:23:32,194.85,194.4,200,200,20,0,1740
BANKNIFTY27FEB2029500PE.NFO,07/01/2020,10:23:37,194.85,194.2,200,200,20,0,1740
BANKNIFTY27FEB2029500PE.NFO,07/01/2020,10:23:39,194.85,194.45,200,200,20,0,1740
BANKNIFTY27FEB2029500PE.NFO,07/01/2020,10:23:41,194.85,194.25,200,200,20,0,1740
BANKNIFTY27FEB2029500PE.NFO,07/01/2020,10:23:42,194.85,194.35,200,200,20,0,1740
BANKNIFTY27FEB2029500PE.NFO,07/01/2020,10:23:43,194.85,194.3,200,200,20,0,1740
BANKNIFTY27FEB2029500PE.NFO,07/01/2020,10:23:44,194.85,194.25,200,200,20,0,1740
BANKNIFTY27FEB2029500PE.NFO,07/01/2020,10:23:46,194.85,193.8,200,200,20,0,1740
BANKNIFTY27FEB2029500PE.NFO,07/01/2020,10:23:48,194.85,193.6,200,200,20,0,1740
BANKNIFTY27FEB2029500PE.NFO,07/01/2020,10:23:49,194.85,193.75,200,200,20,0,1740
BANKNIFTY27FEB2029500PE.NFO,07/01/2020,10:23:50,194.85,193.85,200,200,20,0,1740
BANKNIFTY27FEB2029500PE.NFO,07/01/2020,10:23:52,194.85,194,200,200,20,0,1740
BANKNIFTY27FEB2029500PE.NFO,07/01/2020,10:23:55,194.85,194.4,200,200,20,0,1740
BANKNIFTY27FEB2029500PE.NFO,07/01/2020,10:23:56,194.85,193.95,200,200,20,0,1740
BANKNIFTY27FEB2029500PE.NFO,07/01/2020,10:23:57,194.85,194.3,200,200,20,0,1740
BANKNIFTY27FEB2029500PE.NFO,07/01/2020,10:23:58,194.85,194.45,200,200,20,0,1740
BANKNIFTY27FEB2029500PE.NFO,07/01/2020,10:24:00,194.85,194.85,200,200,20,0,1740
BANKNIFTY27FEB2029500PE.NFO,07/01/2020,10:24:01,194.85,194.4,200,200,20,0,1740
BANKNIFTY27FEB2029500PE.NFO,07/01/2020,10:24:02,194.85,194.3,200,200,20,0,1740
BANKNIFTY27FEB2029500PE.NFO,07/01/2020,10:24:03,194.85,194.45,200,200,20,0,1740
BANKNIFTY27FEB2029500PE.NFO,07/01/2020,10:24:05,194.85,194.55,200,200,20,0,1740
BANKNIFTY27FEB2029500PE.NFO,07/01/2020,10:24:06,194.85,194.15,200,200,20,0,1740
BANKNIFTY27FEB2029500PE.NFO,07/01/2020,10:24:07,194.85,194.85,200,200,20,0,1740
BANKNIFTY27FEB2029500PE.NFO,07/01/2020,10:24:08,194.85,194.7,200,200,20,0,1740
BANKNIFTY27FEB2029500PE.NFO,07/01/2020,10:24:09,194.85,194.75,200,200,20,0,1740
BANKNIFTY27FEB2029500PE.NFO,07/01/2020,10:24:11,194.85,195.15,200,200,20,0,1740
BANKNIFTY27FEB2029500PE.NFO,07/01/2020,10:24:13,194.85,195.65,200,200,20,0,1740
BANKNIFTY27FEB2029500PE.NFO,07/01/2020,10:24:14,194.85,195.9,200,200,20,0,1740
BANKNIFTY27FEB2029500PE.NFO,07/01/2020,10:24:17,194.85,195.6,200,200,20,0,1740
BANKNIFTY27FEB2029500PE.NFO,07/01/2020,10:24:18,194.85,195.2,200,200,20,0,1740
BANKNIFTY27FEB2029500PE.NFO,07/01/2020,10:24:19,194.85,195.35,200,200,20,0,1740
BANKNIFTY27FEB2029500PE.NFO,07/01/2020,10:24:20,194.85,195.5,200,200,20,0,1740
BANKNIFTY27FEB2029500PE.NFO,07/01/2020,10:24:22,194.85,195.75,200,200,20,0,1740
BANKNIFTY27FEB2029500PE.NFO,07/01/2020,10:24:23,194.85,194.9,200,200,20,0,1740
BANKNIFTY27FEB2029500PE.NFO,07/01/2020,10:24:24,194.85,195,200,200,20,0,1740
BANKNIFTY27FEB2029500PE.NFO,07/01/2020,10:24:25,194.85,195.6,200,200,20,0,1740
BANKNIFTY27FEB2029500PE.NFO,07/01/2020,10:24:32,194.85,195.5,200,200,20,0,1740
BANKNIFTY27FEB2029500PE.NFO,07/01/2020,10:24:35,194.85,195.3,200,200,20,0,1740
BANKNIFTY27FEB2029500PE.NFO,07/01/2020,10:24:36,194.85,195.6,200,200,20,0,1740
BANKNIFTY27FEB2029500PE.NFO,07/01/2020,10:24:37,194.85,195,200,200,20,0,1740
BANKNIFTY27FEB2029500PE.NFO,07/01/2020,10:24:38,194.85,194.9,200,200,20,0,1740
BANKNIFTY27FEB2029500PE.NFO,07/01/2020,10:24:39,194.85,195.3,200,200,20,0,1740
BANKNIFTY27FEB2029500PE.NFO,07/01/2020,10:24:41,194.85,195,200,200,20,0,1740
BANKNIFTY27FEB2029500PE.NFO,07/01/2020,10:24:42,194.85,194.85,200,200,20,0,1740
BANKNIFTY27FEB2029500PE.NFO,07/01/2020,10:24:43,194.85,194.6,200,200,20,0,1740
BANKNIFTY27FEB2029500PE.NFO,07/01/2020,10:24:45,194.85,194.85,200,200,20,0,1740
BANKNIFTY27FEB2029500PE.NFO,07/01/2020,10:24:54,194.85,194.75,200,200,20,0,1740
BANKNIFTY27FEB2029500PE.NFO,07/01/2020,10:24:55,194.85,195.3,200,200,20,0,1740
BANKNIFTY27FEB2029500PE.NFO,07/01/2020,10:24:56,194.85,195.05,200,200,20,0,1740
BANKNIFTY27FEB2029500PE.NFO,07/01/2020,10:24:57,194.85,195.15,200,200,20,0,1740
BANKNIFTY27FEB2029500PE.NFO,07/01/2020,10:25:02,194.85,195.3,200,200,20,0,1740
BANKNIFTY27FEB2029500PE.NFO,07/01/2020,10:25:03,194.85,195.45,200,200,20,0,1740
BANKNIFTY27FEB2029500PE.NFO,07/01/2020,10:25:07,194.85,195.6,200,200,20,0,1740
BANKNIFTY27FEB2029500PE.NFO,07/01/2020,10:25:11,194.85,195.9,200,200,20,0,1740
BANKNIFTY27FEB2029500PE.NFO,07/01/2020,10:25:13,194.85,195.4,200,200,20,0,1740
BANKNIFTY27FEB2029500PE.NFO,07/01/2020,10:25:14,194.85,195.45,200,200,20,0,1740
BANKNIFTY27FEB2029500PE.NFO,07/01/2020,10:25:17,194.85,195.8,200,200,20,0,1740
BANKNIFTY27FEB2029500PE.NFO,07/01/2020,10:25:18,194.85,196.5,200,200,20,0,1740
BANKNIFTY27FEB2029500PE.NFO,07/01/2020,10:25:24,194.85,196.35,200,200,20,0,1740
BANKNIFTY27FEB2029500PE.NFO,07/01/2020,10:25:31,194.85,196.55,200,200,20,0,1740
BANKNIFTY27FEB2029500PE.NFO,07/01/2020,10:25:32,194.85,196.95,200,200,20,0,1740
BANKNIFTY27FEB2029500PE.NFO,07/01/2020,10:25:34,194.85,198,200,200,20,0,1740
BANKNIFTY27FEB2029500PE.NFO,07/01/2020,10:25:35,194.85,197.85,200,200,20,0,1740
BANKNIFTY27FEB2029500PE.NFO,07/01/2020,10:25:36,194.85,197.9,200,200,20,0,1740
BANKNIFTY27FEB2029500PE.NFO,07/01/2020,10:25:39,194.85,197.65,200,200,20,0,1740
BANKNIFTY27FEB2029500PE.NFO,07/01/2020,10:25:40,194.85,197.7,200,200,20,0,1740
BANKNIFTY27FEB2029500PE.NFO,07/01/2020,10:25:41,194.85,197.65,200,200,20,0,1740
BANKNIFTY27FEB2029500PE.NFO,07/01/2020,10:25:43,194.85,197.35,200,200,20,0,1740
BANKNIFTY27FEB2029500PE.NFO,07/01/2020,10:25:44,194.85,196.95,200,200,20,0,1740
BANKNIFTY27FEB2029500PE.NFO,07/01/2020,10:25:45,194.85,196.75,200,200,20,0,1740
BANKNIFTY27FEB2029500PE.NFO,07/01/2020,10:25:46,194.85,196.7,200,200,20,0,1740
BANKNIFTY27FEB2029500PE.NFO,07/01/2020,10:25:49,194.85,196.6,200,200,20,0,1740
BANKNIFTY27FEB2029500PE.NFO,07/01/2020,10:25:50,194.85,196.55,200,200,20,0,1740
BANKNIFTY27FEB2029500PE.NFO,07/01/2020,10:25:53,194.85,196.5,200,200,20,0,1740
BANKNIFTY27FEB2029500PE.NFO,07/01/2020,10:25:54,194.85,196.65,200,200,20,0,1740
BANKNIFTY27FEB2029500PE.NFO,07/01/2020,10:25:55,194.85,196.55,200,200,20,0,1740
