Ticker,Date,Time,LTP,BuyPrice,BuyQty,SellPrice,SellQty,LTQ,OpenInterest
BANKNIFTY30JAN2032500PE.NFO,07/01/2020,09:15:14,954.3,942.7,20,1005,20,100,69300
BANKNIFTY30JAN2032500PE.NFO,07/01/2020,09:15:14,924.65,942.7,20,1005,20,0,69300
BANKNIFTY30JAN2032500PE.NFO,07/01/2020,09:15:14,954.3,942.7,20,1005,20,0,69300
BANKNIFTY30JAN2032500PE.NFO,07/01/2020,09:15:14,924.65,942.7,20,1005,20,0,69300
BANKNIFTY30JAN2032500PE.NFO,07/01/2020,09:15:15,924.65,942.8,20,1045.75,20,0,69300
BANKNIFTY30JAN2032500PE.NFO,07/01/2020,09:15:16,924.65,943.05,20,1007.35,20,0,69300
BANKNIFTY30JAN2032500PE.NFO,07/01/2020,09:15:16,924.65,943.1,20,1007.35,20,0,69300
BANKNIFTY30JAN2032500PE.NFO,07/01/2020,09:15:17,924.65,951.75,20,1007.05,20,0,69300
BANKNIFTY30JAN2032500PE.NFO,07/01/2020,09:15:18,924.65,955,20,982.35,20,0,69300
BANKNIFTY30JAN2032500PE.NFO,07/01/2020,09:15:19,924.65,907.25,20,1012.95,20,0,69300
BANKNIFTY30JAN2032500PE.NFO,07/01/2020,09:15:20,924.65,925.2,20,1011.75,20,0,69300
BANKNIFTY30JAN2032500PE.NFO,07/01/2020,09:15:21,924.65,926.9,20,1010.45,20,0,69300
BANKNIFTY30JAN2032500PE.NFO,07/01/2020,09:15:22,924.65,928.5,20,978.15,20,0,69300
BANKNIFTY30JAN2032500PE.NFO,07/01/2020,09:15:23,924.65,919.8,20,1001.35,20,0,69300
BANKNIFTY30JAN2032500PE.NFO,07/01/2020,09:15:24,924.65,923.45,20,1002.7,20,0,69300
BANKNIFTY30JAN2032500PE.NFO,07/01/2020,09:15:25,924.65,920.6,20,998.8,20,0,69300
BANKNIFTY30JAN2032500PE.NFO,07/01/2020,09:15:27,924.65,927.65,20,989.1,20,0,69300
BANKNIFTY30JAN2032500PE.NFO,07/01/2020,09:15:28,924.65,922.6,20,992.1,20,0,69300
BANKNIFTY30JAN2032500PE.NFO,07/01/2020,09:15:29,924.65,926.1,20,964.7,20,0,69300
BANKNIFTY30JAN2032500PE.NFO,07/01/2020,09:15:30,924.65,933.5,20,968.55,20,0,69300
BANKNIFTY30JAN2032500PE.NFO,07/01/2020,09:15:31,924.65,932.95,20,967.25,20,0,69300
BANKNIFTY30JAN2032500PE.NFO,07/01/2020,09:15:32,924.65,934.35,20,965.1,20,0,69300
BANKNIFTY30JAN2032500PE.NFO,07/01/2020,09:15:33,924.65,933.55,20,964.9,20,0,69300
BANKNIFTY30JAN2032500PE.NFO,07/01/2020,09:15:34,924.65,916.6,20,958.8,20,0,69300
BANKNIFTY30JAN2032500PE.NFO,07/01/2020,09:15:35,924.65,920.8,20,967,20,0,69300
BANKNIFTY30JAN2032500PE.NFO,07/01/2020,09:15:36,924.65,923.35,20,966.1,20,0,69300
BANKNIFTY30JAN2032500PE.NFO,07/01/2020,09:15:37,924.65,921,20,965.9,20,0,69300
BANKNIFTY30JAN2032500PE.NFO,07/01/2020,09:15:38,924.65,912.1,20,951.5,20,0,69300
BANKNIFTY30JAN2032500PE.NFO,07/01/2020,09:15:39,924.65,909.8,20,951.4,20,0,69300
BANKNIFTY30JAN2032500PE.NFO,07/01/2020,09:15:40,924.65,906.35,20,957.65,20,0,69300
BANKNIFTY30JAN2032500PE.NFO,07/01/2020,09:15:41,924.65,904.85,20,940,20,0,69300
BANKNIFTY30JAN2032500PE.NFO,07/01/2020,09:15:42,924.65,893.3,20,935.05,20,0,69300
BANKNIFTY30JAN2032500PE.NFO,07/01/2020,09:15:43,924.65,896.15,20,932.4,20,0,69300
BANKNIFTY30JAN2032500PE.NFO,07/01/2020,09:15:43,924.65,892.9,20,945.2,20,0,69300
BANKNIFTY30JAN2032500PE.NFO,07/01/2020,09:15:44,924.65,902.65,20,945.2,20,0,69300
BANKNIFTY30JAN2032500PE.NFO,07/01/2020,09:15:46,924.65,897.45,20,938.95,20,0,69300
BANKNIFTY30JAN2032500PE.NFO,07/01/2020,09:15:47,924.65,898.25,20,936.75,20,0,69300
BANKNIFTY30JAN2032500PE.NFO,07/01/2020,09:15:48,924.65,897.7,20,934.25,20,0,69300
BANKNIFTY30JAN2032500PE.NFO,07/01/2020,09:15:49,924.65,889.85,20,931.8,20,0,69300
BANKNIFTY30JAN2032500PE.NFO,07/01/2020,09:15:49,924.65,884.05,20,930.4,20,0,69300
BANKNIFTY30JAN2032500PE.NFO,07/01/2020,09:15:51,924.65,881.95,20,934.4,20,0,69300
BANKNIFTY30JAN2032500PE.NFO,07/01/2020,09:15:51,924.65,881.95,20,942.9,20,0,69300
BANKNIFTY30JAN2032500PE.NFO,07/01/2020,09:15:52,924.65,888.35,20,934.3,20,0,69300
BANKNIFTY30JAN2032500PE.NFO,07/01/2020,09:15:54,924.65,890.05,20,925.1,20,0,69300
BANKNIFTY30JAN2032500PE.NFO,07/01/2020,09:15:55,896.1,880.65,20,921.9,20,20,69300
BANKNIFTY30JAN2032500PE.NFO,07/01/2020,09:15:55,896.1,880.65,20,921.9,20,0,69300
BANKNIFTY30JAN2032500PE.NFO,07/01/2020,09:15:55,887.3,880.9,20,920,20,60,69300
BANKNIFTY30JAN2032500PE.NFO,07/01/2020,09:15:55,887.3,880.9,20,920,20,0,69300
BANKNIFTY30JAN2032500PE.NFO,07/01/2020,09:15:57,887.3,876.2,20,916.1,20,0,69300
BANKNIFTY30JAN2032500PE.NFO,07/01/2020,09:15:58,887.3,892.05,20,918.55,20,0,69300
BANKNIFTY30JAN2032500PE.NFO,07/01/2020,09:15:58,900,885.2,20,918.5,40,20,69300
BANKNIFTY30JAN2032500PE.NFO,07/01/2020,09:15:59,900,885.25,340,913.75,200,0,69300
BANKNIFTY30JAN2032500PE.NFO,07/01/2020,09:16:01,900,885.7,20,915.2,80,0,69300
BANKNIFTY30JAN2032500PE.NFO,07/01/2020,09:16:02,897.4,893.7,20,934.75,20,40,69300
BANKNIFTY30JAN2032500PE.NFO,07/01/2020,09:16:03,886.3,886.25,20,919.8,20,40,69300
BANKNIFTY30JAN2032500PE.NFO,07/01/2020,09:16:03,886.3,886.25,20,919.8,20,0,69300
BANKNIFTY30JAN2032500PE.NFO,07/01/2020,09:16:03,886.3,902.2,40,922.85,200,0,69300
BANKNIFTY30JAN2032500PE.NFO,07/01/2020,09:16:04,900,888.2,20,920.65,20,20,69300
BANKNIFTY30JAN2032500PE.NFO,07/01/2020,09:16:06,900,888.3,720,917.05,20,0,69300
BANKNIFTY30JAN2032500PE.NFO,07/01/2020,09:16:07,900,888.35,120,913.5,20,0,69300
BANKNIFTY30JAN2032500PE.NFO,07/01/2020,09:16:08,900,876,20,913.8,20,0,69300
BANKNIFTY30JAN2032500PE.NFO,07/01/2020,09:16:08,900,886.2,20,928.15,20,0,69300
BANKNIFTY30JAN2032500PE.NFO,07/01/2020,09:16:09,900,891.35,40,915.65,20,0,69300
BANKNIFTY30JAN2032500PE.NFO,07/01/2020,09:16:10,900,893.25,80,917.9,480,0,69300
BANKNIFTY30JAN2032500PE.NFO,07/01/2020,09:16:12,900,883.6,620,911.85,20,0,69300
BANKNIFTY30JAN2032500PE.NFO,07/01/2020,09:16:13,900,883.65,20,911.05,20,0,69300
BANKNIFTY30JAN2032500PE.NFO,07/01/2020,09:16:14,900,888.3,40,909.35,20,0,69300
BANKNIFTY30JAN2032500PE.NFO,07/01/2020,09:16:15,900,883.75,40,909.4,80,0,69300
BANKNIFTY30JAN2032500PE.NFO,07/01/2020,09:16:16,900,889.7,20,911.2,80,0,69300
BANKNIFTY30JAN2032500PE.NFO,07/01/2020,09:16:16,900,886.05,20,911.2,80,0,69300
BANKNIFTY30JAN2032500PE.NFO,07/01/2020,09:16:18,893,893,20,911.2,80,20,69300
BANKNIFTY30JAN2032500PE.NFO,07/01/2020,09:16:19,893,890.95,80,911.2,80,0,69300
BANKNIFTY30JAN2032500PE.NFO,07/01/2020,09:16:20,893,881.2,20,910.65,80,0,69300
BANKNIFTY30JAN2032500PE.NFO,07/01/2020,09:16:22,887.35,889.85,40,910.65,80,20,69300
BANKNIFTY30JAN2032500PE.NFO,07/01/2020,09:16:23,887.35,883.1,40,910.35,20,0,69300
BANKNIFTY30JAN2032500PE.NFO,07/01/2020,09:16:23,887.35,883.1,40,910.1,20,0,69300
BANKNIFTY30JAN2032500PE.NFO,07/01/2020,09:16:25,887.35,883.1,40,910,20,0,69300
BANKNIFTY30JAN2032500PE.NFO,07/01/2020,09:16:26,887.35,883.15,100,909.95,20,0,69300
BANKNIFTY30JAN2032500PE.NFO,07/01/2020,09:16:27,887.35,885.75,20,910,20,0,69300
BANKNIFTY30JAN2032500PE.NFO,07/01/2020,09:16:28,889.7,889.75,20,910,20,40,69300
BANKNIFTY30JAN2032500PE.NFO,07/01/2020,09:16:28,889.7,889.75,20,909.7,20,0,69300
BANKNIFTY30JAN2032500PE.NFO,07/01/2020,09:16:30,889.8,889.8,620,909.25,200,100,69300
BANKNIFTY30JAN2032500PE.NFO,07/01/2020,09:16:31,889.8,889.85,20,908.35,20,0,69300
BANKNIFTY30JAN2032500PE.NFO,07/01/2020,09:16:32,889.8,880.3,640,906.6,200,80,69300
BANKNIFTY30JAN2032500PE.NFO,07/01/2020,09:16:32,889.8,880.35,40,906.5,20,0,69300
BANKNIFTY30JAN2032500PE.NFO,07/01/2020,09:16:34,880.35,886.85,100,906,20,40,69300
BANKNIFTY30JAN2032500PE.NFO,07/01/2020,09:16:34,880.35,886.85,100,906,20,0,69300
BANKNIFTY30JAN2032500PE.NFO,07/01/2020,09:16:35,880.35,882.75,540,906,20,0,69300
BANKNIFTY30JAN2032500PE.NFO,07/01/2020,09:16:36,880.35,882.8,20,906.05,80,0,69300
BANKNIFTY30JAN2032500PE.NFO,07/01/2020,09:16:37,880.35,883.3,20,906,20,0,69300
BANKNIFTY30JAN2032500PE.NFO,07/01/2020,09:16:38,906.05,883.35,20,920.2,20,20,69300
BANKNIFTY30JAN2032500PE.NFO,07/01/2020,09:16:39,906.05,884.3,280,909.6,20,0,69300
BANKNIFTY30JAN2032500PE.NFO,07/01/2020,09:16:40,906.05,887.6,40,908.15,80,0,69300
BANKNIFTY30JAN2032500PE.NFO,07/01/2020,09:16:41,906.05,885.1,40,904.25,20,0,69300
BANKNIFTY30JAN2032500PE.NFO,07/01/2020,09:16:41,906.05,885.25,40,904.2,80,0,69300
BANKNIFTY30JAN2032500PE.NFO,07/01/2020,09:16:43,906.05,885.25,20,903.75,20,0,69300
BANKNIFTY30JAN2032500PE.NFO,07/01/2020,09:16:44,906.05,882.55,40,905.05,20,0,69300
BANKNIFTY30JAN2032500PE.NFO,07/01/2020,09:16:44,906.05,882.65,20,903.75,20,0,69300
BANKNIFTY30JAN2032500PE.NFO,07/01/2020,09:16:46,906.05,882.65,20,904.5,80,0,69300
BANKNIFTY30JAN2032500PE.NFO,07/01/2020,09:16:47,906.05,882.65,60,904.5,80,0,69300
BANKNIFTY30JAN2032500PE.NFO,07/01/2020,09:16:48,906.05,882.65,20,904.4,20,0,69300
BANKNIFTY30JAN2032500PE.NFO,07/01/2020,09:16:48,906.05,882.65,20,904.5,80,0,69300
BANKNIFTY30JAN2032500PE.NFO,07/01/2020,09:16:50,906.05,885.8,40,903.05,20,0,69300
BANKNIFTY30JAN2032500PE.NFO,07/01/2020,09:16:51,906.05,885.9,40,903.05,20,0,69300
BANKNIFTY30JAN2032500PE.NFO,07/01/2020,09:16:53,906.05,886.55,180,903.1,80,0,69300
BANKNIFTY30JAN2032500PE.NFO,07/01/2020,09:16:54,886.55,886.55,180,903.05,20,100,69300
BANKNIFTY30JAN2032500PE.NFO,07/01/2020,09:16:55,886.55,887,40,903.1,80,0,69300
BANKNIFTY30JAN2032500PE.NFO,07/01/2020,09:16:57,886.55,867.3,20,903,200,0,69300
BANKNIFTY30JAN2032500PE.NFO,07/01/2020,09:16:58,886.55,878.55,40,903.1,80,0,69300
BANKNIFTY30JAN2032500PE.NFO,07/01/2020,09:16:59,886.55,879.1,40,902.05,20,0,69300
BANKNIFTY30JAN2032500PE.NFO,07/01/2020,09:16:59,886.55,879.4,80,901.75,20,0,69300
BANKNIFTY30JAN2032500PE.NFO,07/01/2020,09:17:00,886.55,880.2,40,902,80,0,69300
BANKNIFTY30JAN2032500PE.NFO,07/01/2020,09:17:01,886.55,886.35,20,910.55,520,0,69300
BANKNIFTY30JAN2032500PE.NFO,07/01/2020,09:17:02,886.55,886.4,40,906.15,280,0,69300
BANKNIFTY30JAN2032500PE.NFO,07/01/2020,09:17:04,886.45,886.45,180,903.15,20,100,69300
BANKNIFTY30JAN2032500PE.NFO,07/01/2020,09:17:05,886.45,883.65,20,902.85,260,0,69300
BANKNIFTY30JAN2032500PE.NFO,07/01/2020,09:17:06,886.45,882.75,40,902.75,20,0,69300
BANKNIFTY30JAN2032500PE.NFO,07/01/2020,09:17:07,886.45,885.1,40,902.8,80,0,69300
BANKNIFTY30JAN2032500PE.NFO,07/01/2020,09:17:08,886.45,883.4,20,902.8,80,0,69300
BANKNIFTY30JAN2032500PE.NFO,07/01/2020,09:17:09,886.45,883.55,40,902.55,20,0,69300
BANKNIFTY30JAN2032500PE.NFO,07/01/2020,09:17:10,886.45,883.6,60,902.5,20,0,69300
BANKNIFTY30JAN2032500PE.NFO,07/01/2020,09:17:11,886.45,883.6,20,902.35,260,0,69300
BANKNIFTY30JAN2032500PE.NFO,07/01/2020,09:17:12,883.45,884.35,160,902.25,20,100,69320
BANKNIFTY30JAN2032500PE.NFO,07/01/2020,09:17:12,883.45,884.35,80,901.8,20,0,69320
BANKNIFTY30JAN2032500PE.NFO,07/01/2020,09:17:13,883.45,882.05,20,900.9,40,0,69320
BANKNIFTY30JAN2032500PE.NFO,07/01/2020,09:17:14,883.45,883.15,60,900.3,20,0,69320
BANKNIFTY30JAN2032500PE.NFO,07/01/2020,09:17:16,883.45,884,40,900.05,20,0,69320
BANKNIFTY30JAN2032500PE.NFO,07/01/2020,09:17:16,883.45,884.25,20,900,260,0,69320
BANKNIFTY30JAN2032500PE.NFO,07/01/2020,09:17:17,883.45,885.05,20,899.95,20,0,69320
BANKNIFTY30JAN2032500PE.NFO,07/01/2020,09:17:18,900,885.7,80,899.95,100,20,69320
BANKNIFTY30JAN2032500PE.NFO,07/01/2020,09:17:19,900,883.7,40,899.6,20,0,69320
BANKNIFTY30JAN2032500PE.NFO,07/01/2020,09:17:20,900,884.7,60,899.55,180,0,69320
BANKNIFTY30JAN2032500PE.NFO,07/01/2020,09:17:21,884.6,885.3,20,899.55,180,120,69320
BANKNIFTY30JAN2032500PE.NFO,07/01/2020,09:17:22,884.6,886.15,320,899.55,180,0,69320
BANKNIFTY30JAN2032500PE.NFO,07/01/2020,09:17:23,884.6,886.15,340,899.55,180,0,69320
BANKNIFTY30JAN2032500PE.NFO,07/01/2020,09:17:25,884.6,886.2,40,902.95,260,0,69320
BANKNIFTY30JAN2032500PE.NFO,07/01/2020,09:17:26,884.6,886.2,440,902.9,20,0,69320
BANKNIFTY30JAN2032500PE.NFO,07/01/2020,09:17:27,884.6,886.2,440,902.9,100,0,69320
BANKNIFTY30JAN2032500PE.NFO,07/01/2020,09:17:27,884.6,886.2,440,902.9,80,0,69320
BANKNIFTY30JAN2032500PE.NFO,07/01/2020,09:17:28,884.6,889.95,20,903,20,0,69320
BANKNIFTY30JAN2032500PE.NFO,07/01/2020,09:17:29,884.6,891.1,560,903,20,0,69320
BANKNIFTY30JAN2032500PE.NFO,07/01/2020,09:17:30,884.6,891.15,40,903,20,0,69320
BANKNIFTY30JAN2032500PE.NFO,07/01/2020,09:17:31,884.6,895.2,40,903,20,0,69320
BANKNIFTY30JAN2032500PE.NFO,07/01/2020,09:17:32,884.6,896.05,40,903,20,0,69320
BANKNIFTY30JAN2032500PE.NFO,07/01/2020,09:17:33,907.95,899.8,40,919.55,20,60,69320
BANKNIFTY30JAN2032500PE.NFO,07/01/2020,09:17:34,907.95,906,20,919.55,20,0,69320
BANKNIFTY30JAN2032500PE.NFO,07/01/2020,09:17:36,907.95,906,20,918.85,20,0,69320
BANKNIFTY30JAN2032500PE.NFO,07/01/2020,09:17:37,907.95,906,20,922.1,20,0,69320
BANKNIFTY30JAN2032500PE.NFO,07/01/2020,09:17:38,906,900.45,80,920.95,260,20,69320
BANKNIFTY30JAN2032500PE.NFO,07/01/2020,09:17:38,906,899.7,280,918.15,20,0,69320
BANKNIFTY30JAN2032500PE.NFO,07/01/2020,09:17:40,906,901.15,40,920.5,20,0,69320
BANKNIFTY30JAN2032500PE.NFO,07/01/2020,09:17:41,906,900.35,40,918.65,20,0,69320
BANKNIFTY30JAN2032500PE.NFO,07/01/2020,09:17:41,906,900.4,260,922.85,20,0,69320
BANKNIFTY30JAN2032500PE.NFO,07/01/2020,09:17:42,906,906.25,100,922.85,20,0,69320
BANKNIFTY30JAN2032500PE.NFO,07/01/2020,09:17:43,906,906.25,380,922.9,180,0,69320
BANKNIFTY30JAN2032500PE.NFO,07/01/2020,09:17:46,906,907.15,180,922.85,20,0,69320
BANKNIFTY30JAN2032500PE.NFO,07/01/2020,09:17:47,906,907.15,520,926.55,20,0,69320
BANKNIFTY30JAN2032500PE.NFO,07/01/2020,09:17:47,907.15,909.7,40,926.5,180,20,69320
BANKNIFTY30JAN2032500PE.NFO,07/01/2020,09:17:48,907.15,909.8,80,926.45,20,0,69320
BANKNIFTY30JAN2032500PE.NFO,07/01/2020,09:17:49,907.15,908.55,520,926,20,0,69320
BANKNIFTY30JAN2032500PE.NFO,07/01/2020,09:17:50,907.15,909.15,20,925.6,20,0,69320
BANKNIFTY30JAN2032500PE.NFO,07/01/2020,09:17:51,907.15,909.7,60,925.55,180,0,69320
BANKNIFTY30JAN2032500PE.NFO,07/01/2020,09:17:52,907.15,909.8,180,925.55,180,0,69320
BANKNIFTY30JAN2032500PE.NFO,07/01/2020,09:17:53,907.15,909.8,440,925.55,180,0,69320
BANKNIFTY30JAN2032500PE.NFO,07/01/2020,09:17:54,907.15,910.1,300,925.55,180,0,69320
BANKNIFTY30JAN2032500PE.NFO,07/01/2020,09:17:56,907.15,907.4,40,926,20,0,69320
BANKNIFTY30JAN2032500PE.NFO,07/01/2020,09:17:57,907.15,909.75,120,929.35,220,0,69320
BANKNIFTY30JAN2032500PE.NFO,07/01/2020,09:17:57,907.15,910.35,120,927.4,40,0,69320
BANKNIFTY30JAN2032500PE.NFO,07/01/2020,09:17:58,907.15,910.8,640,927.05,20,0,69320
BANKNIFTY30JAN2032500PE.NFO,07/01/2020,09:17:59,907.15,911.7,120,926.75,40,0,69320
BANKNIFTY30JAN2032500PE.NFO,07/01/2020,09:18:00,907.15,911.35,20,926.15,60,0,69320
BANKNIFTY30JAN2032500PE.NFO,07/01/2020,09:18:01,907.15,911.65,100,926.15,40,0,69320
BANKNIFTY30JAN2032500PE.NFO,07/01/2020,09:18:02,907.15,912.2,20,925.9,200,0,69320
BANKNIFTY30JAN2032500PE.NFO,07/01/2020,09:18:03,907.15,907.55,20,924.65,20,0,69320
BANKNIFTY30JAN2032500PE.NFO,07/01/2020,09:18:05,907.15,899.9,20,923.3,40,0,69320
BANKNIFTY30JAN2032500PE.NFO,07/01/2020,09:18:06,907.15,899.5,120,921,20,0,69320
BANKNIFTY30JAN2032500PE.NFO,07/01/2020,09:18:07,907.15,900.05,140,919.25,20,0,69320
BANKNIFTY30JAN2032500PE.NFO,07/01/2020,09:18:08,907.15,900.75,20,920.65,20,0,69320
BANKNIFTY30JAN2032500PE.NFO,07/01/2020,09:18:09,907.15,896.75,80,916.75,20,0,69320
BANKNIFTY30JAN2032500PE.NFO,07/01/2020,09:18:09,907.15,896.65,40,916.5,20,0,69320
BANKNIFTY30JAN2032500PE.NFO,07/01/2020,09:18:10,907.15,907.15,20,916.15,20,0,69320
BANKNIFTY30JAN2032500PE.NFO,07/01/2020,09:18:11,907.15,907.15,20,915.65,20,0,69320
BANKNIFTY30JAN2032500PE.NFO,07/01/2020,09:18:13,907.15,907.15,20,915.95,20,0,69320
BANKNIFTY30JAN2032500PE.NFO,07/01/2020,09:18:14,907.15,907.15,20,915.2,20,0,69320
BANKNIFTY30JAN2032500PE.NFO,07/01/2020,09:18:15,907.15,907.15,20,914.85,480,0,69320
BANKNIFTY30JAN2032500PE.NFO,07/01/2020,09:18:15,907.15,907.15,20,914.75,20,0,69320
BANKNIFTY30JAN2032500PE.NFO,07/01/2020,09:18:17,907.15,898.3,40,914.7,20,20,69320
BANKNIFTY30JAN2032500PE.NFO,07/01/2020,09:18:18,907.15,897.45,80,914.85,380,0,69320
BANKNIFTY30JAN2032500PE.NFO,07/01/2020,09:18:19,907.15,897.9,100,914.85,380,0,69320
BANKNIFTY30JAN2032500PE.NFO,07/01/2020,09:18:19,907.15,897.85,180,914.5,380,0,69320
BANKNIFTY30JAN2032500PE.NFO,07/01/2020,09:18:21,907.15,895.8,20,914.5,380,0,69320
BANKNIFTY30JAN2032500PE.NFO,07/01/2020,09:18:22,907.15,892.9,40,913.75,20,0,69320
BANKNIFTY30JAN2032500PE.NFO,07/01/2020,09:18:23,907.15,890,60,911.5,20,0,69320
BANKNIFTY30JAN2032500PE.NFO,07/01/2020,09:18:24,907.15,890,40,910.85,20,0,69320
BANKNIFTY30JAN2032500PE.NFO,07/01/2020,09:18:25,907.15,890.4,20,910.15,20,0,69320
BANKNIFTY30JAN2032500PE.NFO,07/01/2020,09:18:26,907.15,890.25,60,909,20,0,69320
BANKNIFTY30JAN2032500PE.NFO,07/01/2020,09:18:26,907.15,890.25,40,909.15,20,0,69320
BANKNIFTY30JAN2032500PE.NFO,07/01/2020,09:18:28,907.15,890.75,60,909.2,180,0,69320
BANKNIFTY30JAN2032500PE.NFO,07/01/2020,09:18:29,907.15,892.05,40,909.2,180,0,69320
BANKNIFTY30JAN2032500PE.NFO,07/01/2020,09:18:30,907.15,892.6,60,909.2,180,0,69320
BANKNIFTY30JAN2032500PE.NFO,07/01/2020,09:18:31,907.15,891.55,60,909.15,80,0,69320
BANKNIFTY30JAN2032500PE.NFO,07/01/2020,09:18:31,907.15,893.5,120,909.15,80,0,69320
BANKNIFTY30JAN2032500PE.NFO,07/01/2020,09:18:32,907.15,893.55,40,909.15,80,20,69320
BANKNIFTY30JAN2032500PE.NFO,07/01/2020,09:18:34,907.15,893.75,220,909.15,80,0,69320
BANKNIFTY30JAN2032500PE.NFO,07/01/2020,09:18:35,907.15,895.75,20,909.1,20,0,69320
BANKNIFTY30JAN2032500PE.NFO,07/01/2020,09:18:36,907.15,892.45,80,909.1,20,0,69320
BANKNIFTY30JAN2032500PE.NFO,07/01/2020,09:18:37,909.1,894.6,40,909.2,180,20,69320
BANKNIFTY30JAN2032500PE.NFO,07/01/2020,09:18:38,909.1,896.1,20,912.3,180,0,69320
BANKNIFTY30JAN2032500PE.NFO,07/01/2020,09:18:39,909.1,897.65,40,912.3,180,0,69320
BANKNIFTY30JAN2032500PE.NFO,07/01/2020,09:18:40,909.1,900.7,20,917.15,20,0,69320
BANKNIFTY30JAN2032500PE.NFO,07/01/2020,09:18:40,909.1,901.45,60,917.2,260,0,69320
BANKNIFTY30JAN2032500PE.NFO,07/01/2020,09:18:42,909.1,907.15,20,923.2,20,0,69320
BANKNIFTY30JAN2032500PE.NFO,07/01/2020,09:18:43,909.1,907.25,40,923.1,20,0,69320
BANKNIFTY30JAN2032500PE.NFO,07/01/2020,09:18:43,909.1,907.25,60,923,20,0,69320
BANKNIFTY30JAN2032500PE.NFO,07/01/2020,09:18:45,909.1,907.15,20,922.05,20,0,69320
BANKNIFTY30JAN2032500PE.NFO,07/01/2020,09:18:46,909.1,907.15,20,921.95,20,0,69320
BANKNIFTY30JAN2032500PE.NFO,07/01/2020,09:18:47,909.1,907.15,20,921.9,180,0,69320
BANKNIFTY30JAN2032500PE.NFO,07/01/2020,09:18:48,909.1,908.4,280,921.85,20,0,69320
BANKNIFTY30JAN2032500PE.NFO,07/01/2020,09:18:48,909.1,908.4,180,921.85,20,0,69320
BANKNIFTY30JAN2032500PE.NFO,07/01/2020,09:18:50,909.1,907.25,200,921.9,100,0,69320
BANKNIFTY30JAN2032500PE.NFO,07/01/2020,09:18:51,909.1,907.35,40,921.85,80,0,69320
BANKNIFTY30JAN2032500PE.NFO,07/01/2020,09:18:53,909.1,907.3,100,921.85,80,0,69320
BANKNIFTY30JAN2032500PE.NFO,07/01/2020,09:18:54,909.1,908.5,20,926.55,20,0,69320
BANKNIFTY30JAN2032500PE.NFO,07/01/2020,09:18:54,909.1,908.55,80,926.45,20,0,69320
BANKNIFTY30JAN2032500PE.NFO,07/01/2020,09:18:56,909.1,907.3,20,926.45,20,0,69320
BANKNIFTY30JAN2032500PE.NFO,07/01/2020,09:18:57,909.1,909.15,60,926.1,20,0,69320
BANKNIFTY30JAN2032500PE.NFO,07/01/2020,09:18:58,909.1,908.9,20,926.1,20,0,69320
BANKNIFTY30JAN2032500PE.NFO,07/01/2020,09:18:59,909.1,907.45,240,925.05,20,0,69320
BANKNIFTY30JAN2032500PE.NFO,07/01/2020,09:18:59,909.1,907.45,200,924.8,260,0,69320
BANKNIFTY30JAN2032500PE.NFO,07/01/2020,09:19:01,909.1,907.7,60,924.55,260,0,69320
BANKNIFTY30JAN2032500PE.NFO,07/01/2020,09:19:02,909.1,907.8,100,924.5,120,0,69320
BANKNIFTY30JAN2032500PE.NFO,07/01/2020,09:19:02,907.75,907.2,80,924.5,120,60,69320
BANKNIFTY30JAN2032500PE.NFO,07/01/2020,09:19:04,907.75,908.95,20,924.5,120,0,69320
BANKNIFTY30JAN2032500PE.NFO,07/01/2020,09:19:05,907.75,909.1,80,924.55,260,0,69320
BANKNIFTY30JAN2032500PE.NFO,07/01/2020,09:19:05,907.75,909.15,60,924.55,260,0,69320
BANKNIFTY30JAN2032500PE.NFO,07/01/2020,09:19:07,907.75,910.45,280,924.55,180,0,69320
BANKNIFTY30JAN2032500PE.NFO,07/01/2020,09:19:08,907.75,911.1,20,924.55,180,0,69320
BANKNIFTY30JAN2032500PE.NFO,07/01/2020,09:19:08,907.75,910.6,80,924.55,180,0,69320
BANKNIFTY30JAN2032500PE.NFO,07/01/2020,09:19:10,907.75,911.1,60,924.55,180,0,69320
BANKNIFTY30JAN2032500PE.NFO,07/01/2020,09:19:11,907.75,911.15,380,924.55,180,0,69320
BANKNIFTY30JAN2032500PE.NFO,07/01/2020,09:19:12,907.75,911.1,20,928.1,20,0,69320
BANKNIFTY30JAN2032500PE.NFO,07/01/2020,09:19:13,907.75,911.05,80,926.6,20,0,69320
BANKNIFTY30JAN2032500PE.NFO,07/01/2020,09:19:14,907.75,911.05,80,925.25,60,0,69320
BANKNIFTY30JAN2032500PE.NFO,07/01/2020,09:19:15,907.75,908.4,440,923.9,60,0,69320
BANKNIFTY30JAN2032500PE.NFO,07/01/2020,09:19:16,907.75,908.45,80,925.8,260,0,69320
BANKNIFTY30JAN2032500PE.NFO,07/01/2020,09:19:17,907.75,907.15,20,923.75,20,0,69320
BANKNIFTY30JAN2032500PE.NFO,07/01/2020,09:19:18,907.75,907.15,20,923.1,20,0,69320
BANKNIFTY30JAN2032500PE.NFO,07/01/2020,09:19:19,907.75,907.15,20,921.1,20,0,69320
BANKNIFTY30JAN2032500PE.NFO,07/01/2020,09:19:20,907.75,907.15,20,920.55,260,0,69320
BANKNIFTY30JAN2032500PE.NFO,07/01/2020,09:19:21,907.75,907.15,20,919.2,20,0,69320
BANKNIFTY30JAN2032500PE.NFO,07/01/2020,09:19:22,907.75,907.15,20,919.1,20,0,69320
BANKNIFTY30JAN2032500PE.NFO,07/01/2020,09:19:23,907.75,907.15,20,916.9,180,0,69320
BANKNIFTY30JAN2032500PE.NFO,07/01/2020,09:19:24,907.75,907.15,20,916.9,260,0,69320
BANKNIFTY30JAN2032500PE.NFO,07/01/2020,09:19:25,907.75,907.15,20,916.85,20,0,69320
BANKNIFTY30JAN2032500PE.NFO,07/01/2020,09:19:26,907.75,907.15,20,916.9,260,0,69320
BANKNIFTY30JAN2032500PE.NFO,07/01/2020,09:19:27,907.75,907.15,20,915.15,20,0,69320
BANKNIFTY30JAN2032500PE.NFO,07/01/2020,09:19:28,907.75,907.15,20,915.1,380,0,69320
BANKNIFTY30JAN2032500PE.NFO,07/01/2020,09:19:29,907.75,907.15,20,914.25,260,0,69320
BANKNIFTY30JAN2032500PE.NFO,07/01/2020,09:19:32,907.75,907.15,20,914.25,180,0,69320
BANKNIFTY30JAN2032500PE.NFO,07/01/2020,09:19:33,907.75,907.15,40,914.25,200,0,69320
BANKNIFTY30JAN2032500PE.NFO,07/01/2020,09:19:36,907.75,907.15,40,914.25,20,0,69320
BANKNIFTY30JAN2032500PE.NFO,07/01/2020,09:19:37,907.75,907.15,40,921.2,20,0,69320
BANKNIFTY30JAN2032500PE.NFO,07/01/2020,09:19:39,907.75,907.15,40,918.75,200,0,69320
BANKNIFTY30JAN2032500PE.NFO,07/01/2020,09:19:40,907.75,907.15,40,917.6,60,0,69320
BANKNIFTY30JAN2032500PE.NFO,07/01/2020,09:19:42,907.75,907.15,40,916.2,20,0,69320
BANKNIFTY30JAN2032500PE.NFO,07/01/2020,09:19:43,907.75,907.15,20,915.2,180,0,69320
BANKNIFTY30JAN2032500PE.NFO,07/01/2020,09:19:44,907.75,907.15,20,917.4,180,0,69320
BANKNIFTY30JAN2032500PE.NFO,07/01/2020,09:19:45,907.75,907.15,20,915.1,60,0,69320
BANKNIFTY30JAN2032500PE.NFO,07/01/2020,09:19:46,907.75,907.15,20,913.8,260,0,69320
BANKNIFTY30JAN2032500PE.NFO,07/01/2020,09:19:47,907.75,907.15,20,913.75,80,0,69320
BANKNIFTY30JAN2032500PE.NFO,07/01/2020,09:19:49,907.75,907.15,20,913.45,60,0,69320
BANKNIFTY30JAN2032500PE.NFO,07/01/2020,09:19:50,907.75,907.15,20,913.75,80,0,69320
BANKNIFTY30JAN2032500PE.NFO,07/01/2020,09:19:51,907.75,907.15,20,913.75,200,0,69320
BANKNIFTY30JAN2032500PE.NFO,07/01/2020,09:19:52,907.75,907.15,20,912,20,0,69320
BANKNIFTY30JAN2032500PE.NFO,07/01/2020,09:19:53,907.75,907.15,20,911.65,260,0,69320
BANKNIFTY30JAN2032500PE.NFO,07/01/2020,09:19:54,907.75,907.15,20,911.35,60,0,69320
BANKNIFTY30JAN2032500PE.NFO,07/01/2020,09:19:55,907.75,907.15,20,911.6,120,0,69320
BANKNIFTY30JAN2032500PE.NFO,07/01/2020,09:19:56,907.75,907.15,20,911.65,260,0,69320
BANKNIFTY30JAN2032500PE.NFO,07/01/2020,09:19:57,907.75,907.15,20,911.6,80,0,69320
BANKNIFTY30JAN2032500PE.NFO,07/01/2020,09:19:59,907.15,893.6,220,908.4,20,20,69320
BANKNIFTY30JAN2032500PE.NFO,07/01/2020,09:20:00,907.15,892.45,40,908.15,260,0,69320
BANKNIFTY30JAN2032500PE.NFO,07/01/2020,09:20:01,907.15,890,60,907.2,40,0,69320
BANKNIFTY30JAN2032500PE.NFO,07/01/2020,09:20:02,907.15,890,60,904.15,20,0,69320
BANKNIFTY30JAN2032500PE.NFO,07/01/2020,09:20:03,907.15,890,20,904.75,20,0,69320
BANKNIFTY30JAN2032500PE.NFO,07/01/2020,09:20:04,907.15,890,20,904.4,480,0,69320
BANKNIFTY30JAN2032500PE.NFO,07/01/2020,09:20:05,907.15,890,20,901.65,480,0,69320
BANKNIFTY30JAN2032500PE.NFO,07/01/2020,09:20:06,907.15,880.1,280,901.2,20,0,69320
BANKNIFTY30JAN2032500PE.NFO,07/01/2020,09:20:07,907.15,885.35,100,901.25,120,0,69320
BANKNIFTY30JAN2032500PE.NFO,07/01/2020,09:20:08,907.15,885.95,60,901.3,260,0,69320
BANKNIFTY30JAN2032500PE.NFO,07/01/2020,09:20:09,907.15,886.1,120,901.3,260,0,69320
BANKNIFTY30JAN2032500PE.NFO,07/01/2020,09:20:09,907.15,886.15,120,901.3,260,0,69320
BANKNIFTY30JAN2032500PE.NFO,07/01/2020,09:20:11,907.15,886.35,120,901.05,20,0,69320
BANKNIFTY30JAN2032500PE.NFO,07/01/2020,09:20:11,907.15,884.35,60,901.3,180,0,69320
BANKNIFTY30JAN2032500PE.NFO,07/01/2020,09:20:12,907.15,882,20,900.9,220,0,69320
BANKNIFTY30JAN2032500PE.NFO,07/01/2020,09:20:14,907.15,890,60,898.15,60,0,69320
BANKNIFTY30JAN2032500PE.NFO,07/01/2020,09:20:14,907.15,890,60,898.25,60,0,69320
BANKNIFTY30JAN2032500PE.NFO,07/01/2020,09:20:15,907.15,890,60,898.2,60,0,69320
BANKNIFTY30JAN2032500PE.NFO,07/01/2020,09:20:16,900.85,890,20,900.85,60,20,69500
BANKNIFTY30JAN2032500PE.NFO,07/01/2020,09:20:18,900.85,890,20,900.85,60,0,69500
BANKNIFTY30JAN2032500PE.NFO,07/01/2020,09:20:19,900.85,890,20,897.15,180,0,69500
BANKNIFTY30JAN2032500PE.NFO,07/01/2020,09:20:20,887.4,882.5,100,894.1,40,60,69500
BANKNIFTY30JAN2032500PE.NFO,07/01/2020,09:20:21,887.4,882.6,300,896.1,60,0,69500
BANKNIFTY30JAN2032500PE.NFO,07/01/2020,09:20:22,887.4,881.7,40,896.5,40,0,69500
BANKNIFTY30JAN2032500PE.NFO,07/01/2020,09:20:23,887.4,880.25,80,897.1,40,0,69500
BANKNIFTY30JAN2032500PE.NFO,07/01/2020,09:20:24,887.4,881.1,540,897.1,40,0,69500
BANKNIFTY30JAN2032500PE.NFO,07/01/2020,09:20:25,887.4,881.25,120,897.05,40,0,69500
BANKNIFTY30JAN2032500PE.NFO,07/01/2020,09:20:26,887.4,882.85,40,896.6,180,0,69500
BANKNIFTY30JAN2032500PE.NFO,07/01/2020,09:20:27,887.4,882.9,100,895.9,100,0,69500
BANKNIFTY30JAN2032500PE.NFO,07/01/2020,09:20:28,887.4,881.3,40,895.15,220,0,69500
BANKNIFTY30JAN2032500PE.NFO,07/01/2020,09:20:29,887.4,880.05,40,895.1,40,0,69500
BANKNIFTY30JAN2032500PE.NFO,07/01/2020,09:20:30,887.4,881.1,40,895.15,180,0,69500
BANKNIFTY30JAN2032500PE.NFO,07/01/2020,09:20:31,887.4,880.05,40,894.65,360,0,69500
BANKNIFTY30JAN2032500PE.NFO,07/01/2020,09:20:32,887.4,880.05,40,893,100,0,69500
BANKNIFTY30JAN2032500PE.NFO,07/01/2020,09:20:33,887.4,880.05,40,894.6,40,0,69500
BANKNIFTY30JAN2032500PE.NFO,07/01/2020,09:20:34,887.4,880.05,40,893.85,100,0,69500
BANKNIFTY30JAN2032500PE.NFO,07/01/2020,09:20:36,887.4,880.05,40,894,220,0,69500
BANKNIFTY30JAN2032500PE.NFO,07/01/2020,09:20:37,887.4,880.05,40,893.9,40,0,69500
BANKNIFTY30JAN2032500PE.NFO,07/01/2020,09:20:38,887.4,880.05,40,893.75,140,0,69500
BANKNIFTY30JAN2032500PE.NFO,07/01/2020,09:20:39,887.4,880.05,40,892.85,240,0,69500
BANKNIFTY30JAN2032500PE.NFO,07/01/2020,09:20:40,887.4,880.05,40,892.8,40,0,69500
BANKNIFTY30JAN2032500PE.NFO,07/01/2020,09:20:44,887.4,880.05,40,892.75,60,0,69500
BANKNIFTY30JAN2032500PE.NFO,07/01/2020,09:20:45,887.4,880,60,892.7,120,0,69500
BANKNIFTY30JAN2032500PE.NFO,07/01/2020,09:20:46,887.4,880,20,891.35,40,0,69500
BANKNIFTY30JAN2032500PE.NFO,07/01/2020,09:20:47,887.4,880,20,890.85,20,0,69500
BANKNIFTY30JAN2032500PE.NFO,07/01/2020,09:20:48,887.4,880,20,890.75,20,0,69500
BANKNIFTY30JAN2032500PE.NFO,07/01/2020,09:20:50,887.4,880,20,888.75,20,0,69500
BANKNIFTY30JAN2032500PE.NFO,07/01/2020,09:20:51,887.4,880,20,888.65,20,0,69500
BANKNIFTY30JAN2032500PE.NFO,07/01/2020,09:20:52,887.4,880,20,888.6,20,0,69500
BANKNIFTY30JAN2032500PE.NFO,07/01/2020,09:20:53,887.4,880,20,885,40,0,69500
BANKNIFTY30JAN2032500PE.NFO,07/01/2020,09:20:54,887.4,880,20,884.95,240,0,69500
BANKNIFTY30JAN2032500PE.NFO,07/01/2020,09:20:56,880,868.5,340,884.7,60,20,69500
BANKNIFTY30JAN2032500PE.NFO,07/01/2020,09:20:56,880,868.5,340,884.7,60,0,69500
BANKNIFTY30JAN2032500PE.NFO,07/01/2020,09:20:57,880,869.3,100,884.85,40,0,69500
BANKNIFTY30JAN2032500PE.NFO,07/01/2020,09:20:58,880,869.35,640,884.9,120,0,69500
BANKNIFTY30JAN2032500PE.NFO,07/01/2020,09:20:59,880,869.85,120,884.9,120,0,69500
BANKNIFTY30JAN2032500PE.NFO,07/01/2020,09:21:00,880,867.4,20,880,20,0,69500
BANKNIFTY30JAN2032500PE.NFO,07/01/2020,09:21:02,880,869.95,60,880,20,0,69500
BANKNIFTY30JAN2032500PE.NFO,07/01/2020,09:21:03,880,873.3,20,885,40,20,69500
BANKNIFTY30JAN2032500PE.NFO,07/01/2020,09:21:04,880,872.85,600,885,40,0,69500
BANKNIFTY30JAN2032500PE.NFO,07/01/2020,09:21:06,880,872.9,40,885,40,0,69500
BANKNIFTY30JAN2032500PE.NFO,07/01/2020,09:21:09,880,872.1,80,881.7,60,0,69500
BANKNIFTY30JAN2032500PE.NFO,07/01/2020,09:21:10,880,869.25,40,884.9,40,0,69500
BANKNIFTY30JAN2032500PE.NFO,07/01/2020,09:21:11,879.9,869.35,300,879.2,60,20,69500
BANKNIFTY30JAN2032500PE.NFO,07/01/2020,09:21:11,879.9,869.35,300,879.2,60,0,69500
BANKNIFTY30JAN2032500PE.NFO,07/01/2020,09:21:13,879.9,866.1,20,881.95,240,0,69500
BANKNIFTY30JAN2032500PE.NFO,07/01/2020,09:21:14,879.9,859.6,60,877.5,60,0,69500
BANKNIFTY30JAN2032500PE.NFO,07/01/2020,09:21:15,879.9,860.6,40,875.85,60,0,69500
BANKNIFTY30JAN2032500PE.NFO,07/01/2020,09:21:16,879.9,860.7,40,880.7,40,0,69500
BANKNIFTY30JAN2032500PE.NFO,07/01/2020,09:21:17,879.9,857.95,40,880.6,60,0,69500
BANKNIFTY30JAN2032500PE.NFO,07/01/2020,09:21:18,879.9,858.1,60,878.7,20,0,69500
BANKNIFTY30JAN2032500PE.NFO,07/01/2020,09:21:20,879.9,855,20,873.5,60,0,69500
BANKNIFTY30JAN2032500PE.NFO,07/01/2020,09:21:21,879.9,856.3,60,876.8,40,0,69500
BANKNIFTY30JAN2032500PE.NFO,07/01/2020,09:21:22,879.9,857.85,20,875.05,360,0,69500
BANKNIFTY30JAN2032500PE.NFO,07/01/2020,09:21:23,879.9,857.8,60,874,60,0,69500
BANKNIFTY30JAN2032500PE.NFO,07/01/2020,09:21:25,879.9,853.95,60,873.95,60,0,69500
BANKNIFTY30JAN2032500PE.NFO,07/01/2020,09:21:26,879.9,856.75,20,873.9,280,0,69500
BANKNIFTY30JAN2032500PE.NFO,07/01/2020,09:21:27,879.9,858.5,40,873.9,240,0,69500
BANKNIFTY30JAN2032500PE.NFO,07/01/2020,09:21:28,879.9,858.7,100,873.9,240,0,69500
BANKNIFTY30JAN2032500PE.NFO,07/01/2020,09:21:29,879.9,858.7,140,873.9,180,0,69500
BANKNIFTY30JAN2032500PE.NFO,07/01/2020,09:21:31,879.9,858.7,140,876.7,180,0,69500
BANKNIFTY30JAN2032500PE.NFO,07/01/2020,09:21:32,879.9,860.25,20,876.7,220,0,69500
BANKNIFTY30JAN2032500PE.NFO,07/01/2020,09:21:33,879.9,862.7,20,876.7,140,0,69500
BANKNIFTY30JAN2032500PE.NFO,07/01/2020,09:21:34,879.9,863.25,60,876.7,100,0,69500
BANKNIFTY30JAN2032500PE.NFO,07/01/2020,09:21:35,879.9,860.9,80,880.6,40,0,69500
BANKNIFTY30JAN2032500PE.NFO,07/01/2020,09:21:36,879.9,862.35,460,878.95,40,0,69500
BANKNIFTY30JAN2032500PE.NFO,07/01/2020,09:21:37,879.9,862.95,80,878.9,120,0,69500
BANKNIFTY30JAN2032500PE.NFO,07/01/2020,09:21:39,879.9,863.9,40,878.95,40,0,69500
BANKNIFTY30JAN2032500PE.NFO,07/01/2020,09:21:40,879.9,866.05,100,878.95,40,0,69500
BANKNIFTY30JAN2032500PE.NFO,07/01/2020,09:21:41,879.9,864.7,80,879.55,60,0,69500
BANKNIFTY30JAN2032500PE.NFO,07/01/2020,09:21:42,879.9,862.3,80,876.5,60,0,69500
BANKNIFTY30JAN2032500PE.NFO,07/01/2020,09:21:43,879.9,855.05,20,875.65,60,0,69500
BANKNIFTY30JAN2032500PE.NFO,07/01/2020,09:21:44,879.9,858.4,60,873.95,60,0,69500
BANKNIFTY30JAN2032500PE.NFO,07/01/2020,09:21:46,879.9,854.95,80,874.75,80,0,69500
BANKNIFTY30JAN2032500PE.NFO,07/01/2020,09:21:47,879.9,851.65,60,870.1,60,0,69500
BANKNIFTY30JAN2032500PE.NFO,07/01/2020,09:21:48,879.9,853.2,20,870.05,280,0,69500
BANKNIFTY30JAN2032500PE.NFO,07/01/2020,09:21:50,879.9,854.65,120,871.1,100,0,69500
BANKNIFTY30JAN2032500PE.NFO,07/01/2020,09:21:51,879.9,850.15,80,871.45,20,0,69500
BANKNIFTY30JAN2032500PE.NFO,07/01/2020,09:21:52,879.9,857.15,20,872.5,360,0,69500
BANKNIFTY30JAN2032500PE.NFO,07/01/2020,09:21:53,879.9,856.1,60,871.5,60,0,69500
BANKNIFTY30JAN2032500PE.NFO,07/01/2020,09:21:54,879.9,858.15,20,872.5,180,0,69500
BANKNIFTY30JAN2032500PE.NFO,07/01/2020,09:21:56,879.9,857.2,20,872.5,180,0,69500
BANKNIFTY30JAN2032500PE.NFO,07/01/2020,09:21:57,879.9,859.8,60,872.5,180,0,69500
BANKNIFTY30JAN2032500PE.NFO,07/01/2020,09:21:58,879.9,850.1,580,870,20,0,69500
BANKNIFTY30JAN2032500PE.NFO,07/01/2020,09:21:59,879.9,855.1,60,870,20,0,69500
BANKNIFTY30JAN2032500PE.NFO,07/01/2020,09:22:00,879.9,852.35,80,869.4,60,0,69500
BANKNIFTY30JAN2032500PE.NFO,07/01/2020,09:22:02,879.9,852.95,20,867.1,80,0,69500
BANKNIFTY30JAN2032500PE.NFO,07/01/2020,09:22:03,867.05,850.15,40,867.05,220,20,69500
BANKNIFTY30JAN2032500PE.NFO,07/01/2020,09:22:03,867.05,850.15,40,867.05,220,0,69500
BANKNIFTY30JAN2032500PE.NFO,07/01/2020,09:22:04,867.05,850,20,865.4,20,0,69500
BANKNIFTY30JAN2032500PE.NFO,07/01/2020,09:22:05,867.05,850,20,863.65,40,0,69500
BANKNIFTY30JAN2032500PE.NFO,07/01/2020,09:22:06,867.05,850,20,860.6,220,0,69500
BANKNIFTY30JAN2032500PE.NFO,07/01/2020,09:22:08,867.05,850,20,863.55,40,0,69500
BANKNIFTY30JAN2032500PE.NFO,07/01/2020,09:22:09,867.05,850,60,866.95,40,0,69500
BANKNIFTY30JAN2032500PE.NFO,07/01/2020,09:22:10,867.05,850.25,60,864.75,280,0,69500
BANKNIFTY30JAN2032500PE.NFO,07/01/2020,09:22:11,867.05,850.2,80,863.75,60,0,69500
BANKNIFTY30JAN2032500PE.NFO,07/01/2020,09:22:12,867.05,851.5,100,864.7,40,0,69500
BANKNIFTY30JAN2032500PE.NFO,07/01/2020,09:22:14,867.05,850.25,20,864.7,40,0,69500
BANKNIFTY30JAN2032500PE.NFO,07/01/2020,09:22:15,867.05,850.65,60,868.05,40,0,69500
BANKNIFTY30JAN2032500PE.NFO,07/01/2020,09:22:16,867.05,850.05,40,864.9,20,0,69500
BANKNIFTY30JAN2032500PE.NFO,07/01/2020,09:22:17,867.05,850.05,40,863.1,100,0,69500
BANKNIFTY30JAN2032500PE.NFO,07/01/2020,09:22:18,867.05,850.05,40,864.35,40,0,69500
BANKNIFTY30JAN2032500PE.NFO,07/01/2020,09:22:19,867.05,850.05,40,862.6,220,0,69500
BANKNIFTY30JAN2032500PE.NFO,07/01/2020,09:22:19,867.05,850.25,80,862.6,180,0,69500
BANKNIFTY30JAN2032500PE.NFO,07/01/2020,09:22:21,867.05,850.05,40,862.75,40,0,69500
BANKNIFTY30JAN2032500PE.NFO,07/01/2020,09:22:22,867.05,850.6,80,864.55,220,0,69500
BANKNIFTY30JAN2032500PE.NFO,07/01/2020,09:22:24,867.05,850.1,340,864.5,40,0,69500
BANKNIFTY30JAN2032500PE.NFO,07/01/2020,09:22:26,867.05,850.75,100,864.45,220,0,69500
BANKNIFTY30JAN2032500PE.NFO,07/01/2020,09:22:27,867.05,850.05,40,862.95,100,0,69500
BANKNIFTY30JAN2032500PE.NFO,07/01/2020,09:22:28,867.05,850.05,40,862.9,280,0,69500
BANKNIFTY30JAN2032500PE.NFO,07/01/2020,09:22:29,867.05,850.8,80,862.85,40,0,69500
BANKNIFTY30JAN2032500PE.NFO,07/01/2020,09:22:30,867.05,850.05,40,862.85,40,0,69500
BANKNIFTY30JAN2032500PE.NFO,07/01/2020,09:22:32,867.05,850.65,60,862.85,40,0,69500
BANKNIFTY30JAN2032500PE.NFO,07/01/2020,09:22:33,867.05,851.4,60,862,40,0,69500
BANKNIFTY30JAN2032500PE.NFO,07/01/2020,09:22:33,867.05,851.4,60,862.85,40,0,69500
BANKNIFTY30JAN2032500PE.NFO,07/01/2020,09:22:35,867.05,850.05,40,862.85,40,0,69500
BANKNIFTY30JAN2032500PE.NFO,07/01/2020,09:22:36,867.05,851.35,80,862.85,40,0,69500
BANKNIFTY30JAN2032500PE.NFO,07/01/2020,09:22:38,867.05,850.05,40,862.85,40,0,69500
BANKNIFTY30JAN2032500PE.NFO,07/01/2020,09:22:39,867.05,850.65,60,862.85,40,0,69500
BANKNIFTY30JAN2032500PE.NFO,07/01/2020,09:22:41,838.3,850.4,100,862.6,120,400,69500
BANKNIFTY30JAN2032500PE.NFO,07/01/2020,09:22:41,838.3,850.4,100,862.6,120,0,69500
BANKNIFTY30JAN2032500PE.NFO,07/01/2020,09:22:42,838.3,851,60,861.25,120,0,69500
BANKNIFTY30JAN2032500PE.NFO,07/01/2020,09:22:43,838.3,852.35,80,859,120,0,69500
BANKNIFTY30JAN2032500PE.NFO,07/01/2020,09:22:44,838.3,851.25,60,859,120,0,69500
BANKNIFTY30JAN2032500PE.NFO,07/01/2020,09:22:46,859,852.95,80,860.1,40,80,69500
BANKNIFTY30JAN2032500PE.NFO,07/01/2020,09:22:46,859,852.95,80,860.1,40,0,69500
BANKNIFTY30JAN2032500PE.NFO,07/01/2020,09:22:48,859,854.7,60,862.3,40,0,69500
BANKNIFTY30JAN2032500PE.NFO,07/01/2020,09:22:49,859,853.05,60,862.05,40,0,69500
BANKNIFTY30JAN2032500PE.NFO,07/01/2020,09:22:50,859,854.45,80,862.15,40,0,69500
BANKNIFTY30JAN2032500PE.NFO,07/01/2020,09:22:52,859,854.05,80,860.1,40,0,69500
BANKNIFTY30JAN2032500PE.NFO,07/01/2020,09:22:53,859,852.7,60,859.5,80,0,69500
BANKNIFTY30JAN2032500PE.NFO,07/01/2020,09:22:54,859,851.45,60,858.9,40,0,69500
BANKNIFTY30JAN2032500PE.NFO,07/01/2020,09:22:55,855,850.1,80,856.6,40,40,69500
BANKNIFTY30JAN2032500PE.NFO,07/01/2020,09:22:56,853.95,846.7,180,862.2,20,40,69500
BANKNIFTY30JAN2032500PE.NFO,07/01/2020,09:22:57,853.95,847.2,120,859.95,40,0,69500
BANKNIFTY30JAN2032500PE.NFO,07/01/2020,09:22:58,853.95,847.45,60,863.45,40,0,69500
BANKNIFTY30JAN2032500PE.NFO,07/01/2020,09:22:59,853.95,846.65,60,862.15,180,0,69500
BANKNIFTY30JAN2032500PE.NFO,07/01/2020,09:23:00,853.95,846.7,100,862.15,300,0,69500
BANKNIFTY30JAN2032500PE.NFO,07/01/2020,09:23:01,853.95,846.8,40,861.9,20,0,69500
BANKNIFTY30JAN2032500PE.NFO,07/01/2020,09:23:02,853.95,847.3,120,862.05,200,0,69500
BANKNIFTY30JAN2032500PE.NFO,07/01/2020,09:23:03,847.5,846.75,120,862,40,60,69500
BANKNIFTY30JAN2032500PE.NFO,07/01/2020,09:23:03,847.5,847.45,100,862,40,0,69500
BANKNIFTY30JAN2032500PE.NFO,07/01/2020,09:23:05,847.5,844.5,60,860.6,40,0,69500
BANKNIFTY30JAN2032500PE.NFO,07/01/2020,09:23:07,847.5,841.3,80,858.75,300,0,69500
BANKNIFTY30JAN2032500PE.NFO,07/01/2020,09:23:08,847.5,841.85,40,858.7,120,0,69500
BANKNIFTY30JAN2032500PE.NFO,07/01/2020,09:23:09,847.5,841.9,40,857.8,20,0,69500
BANKNIFTY30JAN2032500PE.NFO,07/01/2020,09:23:10,847.5,843.05,80,858.7,40,0,69500
BANKNIFTY30JAN2032500PE.NFO,07/01/2020,09:23:11,847.5,843.5,60,858.65,80,0,69500
BANKNIFTY30JAN2032500PE.NFO,07/01/2020,09:23:13,847.5,844.4,20,858.65,120,0,69500
BANKNIFTY30JAN2032500PE.NFO,07/01/2020,09:23:14,847.5,846.1,100,866.25,600,0,69500
BANKNIFTY30JAN2032500PE.NFO,07/01/2020,09:23:16,847.5,849.05,60,865.75,40,0,69500
BANKNIFTY30JAN2032500PE.NFO,07/01/2020,09:23:17,847.5,849.15,40,865.7,220,0,69500
BANKNIFTY30JAN2032500PE.NFO,07/01/2020,09:23:18,847.5,852.7,20,866.25,220,0,69500
BANKNIFTY30JAN2032500PE.NFO,07/01/2020,09:23:19,847.5,850.25,60,865.5,100,0,69500
BANKNIFTY30JAN2032500PE.NFO,07/01/2020,09:23:20,847.5,840.45,20,866,20,0,69500
BANKNIFTY30JAN2032500PE.NFO,07/01/2020,09:23:21,847.5,847.8,60,865.9,40,0,69500
BANKNIFTY30JAN2032500PE.NFO,07/01/2020,09:23:22,847.5,848.65,80,866.2,40,0,69500
BANKNIFTY30JAN2032500PE.NFO,07/01/2020,09:23:23,847.5,852.35,40,866.25,180,0,69500
BANKNIFTY30JAN2032500PE.NFO,07/01/2020,09:23:25,847.5,845.05,40,866.25,220,0,69500
BANKNIFTY30JAN2032500PE.NFO,07/01/2020,09:23:26,847.5,852.6,40,866.25,180,0,69500
BANKNIFTY30JAN2032500PE.NFO,07/01/2020,09:23:27,847.5,854.15,60,866.25,180,0,69500
BANKNIFTY30JAN2032500PE.NFO,07/01/2020,09:23:28,847.5,853.65,60,867,40,0,69500
BANKNIFTY30JAN2032500PE.NFO,07/01/2020,09:23:29,847.5,855.7,100,867,40,0,69500
BANKNIFTY30JAN2032500PE.NFO,07/01/2020,09:23:31,847.5,853.8,40,866.9,40,0,69500
BANKNIFTY30JAN2032500PE.NFO,07/01/2020,09:23:32,847.5,854.6,60,866.9,80,0,69500
BANKNIFTY30JAN2032500PE.NFO,07/01/2020,09:23:33,847.5,851.5,560,866.85,120,0,69500
BANKNIFTY30JAN2032500PE.NFO,07/01/2020,09:23:34,847.5,851.55,40,866.85,40,0,69500
BANKNIFTY30JAN2032500PE.NFO,07/01/2020,09:23:35,847.5,851.95,40,866.85,40,0,69500
BANKNIFTY30JAN2032500PE.NFO,07/01/2020,09:23:36,847.5,853.4,80,866.9,40,0,69500
BANKNIFTY30JAN2032500PE.NFO,07/01/2020,09:23:37,847.5,854.7,60,866.85,120,0,69500
BANKNIFTY30JAN2032500PE.NFO,07/01/2020,09:23:38,847.5,853.8,60,866.8,40,0,69500
BANKNIFTY30JAN2032500PE.NFO,07/01/2020,09:23:40,847.5,853.9,60,866.95,40,0,69500
BANKNIFTY30JAN2032500PE.NFO,07/01/2020,09:23:41,847.5,855.45,80,866.95,140,0,69500
BANKNIFTY30JAN2032500PE.NFO,07/01/2020,09:23:42,855.75,856,80,866.95,140,40,69660
BANKNIFTY30JAN2032500PE.NFO,07/01/2020,09:23:43,855.75,856,200,866.9,220,0,69660
BANKNIFTY30JAN2032500PE.NFO,07/01/2020,09:23:44,855.75,856.45,40,866.9,140,0,69660
BANKNIFTY30JAN2032500PE.NFO,07/01/2020,09:23:45,855.75,856.5,100,866.95,40,0,69660
BANKNIFTY30JAN2032500PE.NFO,07/01/2020,09:23:46,855.75,857.05,80,866.95,40,0,69660
BANKNIFTY30JAN2032500PE.NFO,07/01/2020,09:23:48,855.75,858.3,60,867,40,0,69660
BANKNIFTY30JAN2032500PE.NFO,07/01/2020,09:23:49,855.75,858.4,20,867,40,0,69660
BANKNIFTY30JAN2032500PE.NFO,07/01/2020,09:23:55,855.75,852.15,20,866.6,60,0,69660
BANKNIFTY30JAN2032500PE.NFO,07/01/2020,09:23:56,855.75,850.9,40,866.9,40,0,69660
BANKNIFTY30JAN2032500PE.NFO,07/01/2020,09:23:57,855.75,849.2,40,864.65,40,0,69660
BANKNIFTY30JAN2032500PE.NFO,07/01/2020,09:23:58,855.75,850.75,80,866.1,60,0,69660
BANKNIFTY30JAN2032500PE.NFO,07/01/2020,09:23:59,855.75,851.25,80,864.1,100,0,69660
BANKNIFTY30JAN2032500PE.NFO,07/01/2020,09:24:00,855.75,851.65,40,865.35,60,0,69660
BANKNIFTY30JAN2032500PE.NFO,07/01/2020,09:24:02,855.75,849.25,80,865.25,40,0,69660
BANKNIFTY30JAN2032500PE.NFO,07/01/2020,09:24:03,855.75,850.4,40,865.25,40,0,69660
BANKNIFTY30JAN2032500PE.NFO,07/01/2020,09:24:04,855.75,851,40,865.25,40,0,69660
BANKNIFTY30JAN2032500PE.NFO,07/01/2020,09:24:05,855.75,852.25,20,866.95,220,0,69660
BANKNIFTY30JAN2032500PE.NFO,07/01/2020,09:24:06,855.75,852.35,20,866.9,120,0,69660
BANKNIFTY30JAN2032500PE.NFO,07/01/2020,09:24:08,855.75,852.35,40,866.85,100,0,69660
BANKNIFTY30JAN2032500PE.NFO,07/01/2020,09:24:09,855.75,852.95,60,866.95,220,0,69660
BANKNIFTY30JAN2032500PE.NFO,07/01/2020,09:24:10,855.75,856.25,80,867,40,0,69660
BANKNIFTY30JAN2032500PE.NFO,07/01/2020,09:24:11,855.75,850.95,20,867,40,0,69660
BANKNIFTY30JAN2032500PE.NFO,07/01/2020,09:24:12,855.75,854.1,20,867,40,0,69660
BANKNIFTY30JAN2032500PE.NFO,07/01/2020,09:24:13,855.75,854.15,20,867,40,0,69660
BANKNIFTY30JAN2032500PE.NFO,07/01/2020,09:24:15,855.75,852.9,40,866.9,40,0,69660
BANKNIFTY30JAN2032500PE.NFO,07/01/2020,09:24:16,855.75,854.9,40,867,40,0,69660
BANKNIFTY30JAN2032500PE.NFO,07/01/2020,09:24:17,867,855,20,867,20,20,69660
BANKNIFTY30JAN2032500PE.NFO,07/01/2020,09:24:18,867,853.9,40,867,20,0,69660
BANKNIFTY30JAN2032500PE.NFO,07/01/2020,09:24:19,867,854.75,40,867,20,0,69660
BANKNIFTY30JAN2032500PE.NFO,07/01/2020,09:24:21,867,854.9,40,867.05,60,0,69660
BANKNIFTY30JAN2032500PE.NFO,07/01/2020,09:24:22,867,854.8,20,867.05,80,0,69660
BANKNIFTY30JAN2032500PE.NFO,07/01/2020,09:24:23,867,855.8,40,867.05,80,0,69660
BANKNIFTY30JAN2032500PE.NFO,07/01/2020,09:24:24,867,856.55,20,867.05,80,0,69660
BANKNIFTY30JAN2032500PE.NFO,07/01/2020,09:24:25,867,857.2,60,867.05,60,0,69660
BANKNIFTY30JAN2032500PE.NFO,07/01/2020,09:24:26,867,854.2,40,867,20,0,69660
BANKNIFTY30JAN2032500PE.NFO,07/01/2020,09:24:27,867,854.3,40,867,20,0,69660
BANKNIFTY30JAN2032500PE.NFO,07/01/2020,09:24:28,867,856.6,120,867.05,60,0,69660
BANKNIFTY30JAN2032500PE.NFO,07/01/2020,09:24:30,867,857.35,40,867.05,60,0,69660
BANKNIFTY30JAN2032500PE.NFO,07/01/2020,09:24:31,867,859.25,20,867.05,60,0,69660
BANKNIFTY30JAN2032500PE.NFO,07/01/2020,09:24:32,867,859.45,40,867.05,80,0,69660
BANKNIFTY30JAN2032500PE.NFO,07/01/2020,09:24:33,867,859.75,20,867.05,60,0,69660
BANKNIFTY30JAN2032500PE.NFO,07/01/2020,09:24:35,867,860.1,40,867.05,20,0,69660
BANKNIFTY30JAN2032500PE.NFO,07/01/2020,09:24:36,867,860.85,60,867.05,20,0,69660
BANKNIFTY30JAN2032500PE.NFO,07/01/2020,09:24:37,867.05,863.5,20,870,20,20,69660
BANKNIFTY30JAN2032500PE.NFO,07/01/2020,09:24:38,867.05,863.85,20,870,20,0,69660
BANKNIFTY30JAN2032500PE.NFO,07/01/2020,09:24:39,867.05,864.25,20,870,20,0,69660
BANKNIFTY30JAN2032500PE.NFO,07/01/2020,09:24:41,867.05,865.75,80,870,20,0,69660
BANKNIFTY30JAN2032500PE.NFO,07/01/2020,09:24:42,870,866.7,20,879.7,60,20,69660
BANKNIFTY30JAN2032500PE.NFO,07/01/2020,09:24:43,870,868.7,60,882,80,0,69660
BANKNIFTY30JAN2032500PE.NFO,07/01/2020,09:24:44,870,869.6,80,881.9,20,0,69660
BANKNIFTY30JAN2032500PE.NFO,07/01/2020,09:24:46,870,870.7,80,882.4,20,0,69660
BANKNIFTY30JAN2032500PE.NFO,07/01/2020,09:24:47,870,870.65,40,882.4,20,0,69660
BANKNIFTY30JAN2032500PE.NFO,07/01/2020,09:24:48,870,871.35,40,882.4,20,0,69660
BANKNIFTY30JAN2032500PE.NFO,07/01/2020,09:24:49,870,871.6,40,882.4,20,0,69660
BANKNIFTY30JAN2032500PE.NFO,07/01/2020,09:24:50,870,871.3,20,883.75,40,0,69660
BANKNIFTY30JAN2032500PE.NFO,07/01/2020,09:24:52,870,870.3,80,883.7,120,0,69660
BANKNIFTY30JAN2032500PE.NFO,07/01/2020,09:24:53,870,870.3,40,883.5,80,0,69660
BANKNIFTY30JAN2032500PE.NFO,07/01/2020,09:24:54,870,871.35,20,883.7,20,0,69660
BANKNIFTY30JAN2032500PE.NFO,07/01/2020,09:24:55,870,870.2,20,883.75,40,0,69660
BANKNIFTY30JAN2032500PE.NFO,07/01/2020,09:24:56,870,871.95,40,883.75,40,0,69660
BANKNIFTY30JAN2032500PE.NFO,07/01/2020,09:24:57,870,868.9,40,882.7,80,0,69660
BANKNIFTY30JAN2032500PE.NFO,07/01/2020,09:24:59,870,869.05,20,883.6,20,0,69660
BANKNIFTY30JAN2032500PE.NFO,07/01/2020,09:25:00,870,869.15,40,883.55,80,0,69660
BANKNIFTY30JAN2032500PE.NFO,07/01/2020,09:25:01,870,869.5,20,881.15,60,0,69660
BANKNIFTY30JAN2032500PE.NFO,07/01/2020,09:25:03,870,867.3,20,878.3,60,0,69660
BANKNIFTY30JAN2032500PE.NFO,07/01/2020,09:25:04,870,867.3,20,880.85,20,0,69660
BANKNIFTY30JAN2032500PE.NFO,07/01/2020,09:25:05,870,867.3,20,880.75,20,0,69660
BANKNIFTY30JAN2032500PE.NFO,07/01/2020,09:25:06,870,864.45,20,880.75,20,0,69660
BANKNIFTY30JAN2032500PE.NFO,07/01/2020,09:25:08,870,864.45,40,878.05,180,0,69660
BANKNIFTY30JAN2032500PE.NFO,07/01/2020,09:25:09,870,865.85,40,878,20,0,69660
BANKNIFTY30JAN2032500PE.NFO,07/01/2020,09:25:10,870,865.9,20,880.15,260,0,69660
BANKNIFTY30JAN2032500PE.NFO,07/01/2020,09:25:11,870,865.9,40,879.65,200,0,69660
BANKNIFTY30JAN2032500PE.NFO,07/01/2020,09:25:13,870,866.5,20,879.65,200,0,69660
BANKNIFTY30JAN2032500PE.NFO,07/01/2020,09:25:14,870,867.9,20,879.65,200,0,69660
BANKNIFTY30JAN2032500PE.NFO,07/01/2020,09:25:15,870,868.1,20,879.65,200,0,69660
BANKNIFTY30JAN2032500PE.NFO,07/01/2020,09:25:16,870,865.7,60,881.25,60,0,69660
BANKNIFTY30JAN2032500PE.NFO,07/01/2020,09:25:17,870,867.8,40,881.8,20,0,69660
BANKNIFTY30JAN2032500PE.NFO,07/01/2020,09:25:19,870,867.8,40,881.45,20,0,69660
BANKNIFTY30JAN2032500PE.NFO,07/01/2020,09:25:20,870,868.05,40,881.1,60,0,69660
BANKNIFTY30JAN2032500PE.NFO,07/01/2020,09:25:21,870,868.25,20,881.35,20,0,69660
BANKNIFTY30JAN2032500PE.NFO,07/01/2020,09:25:22,870,868.25,20,879.95,20,0,69660
BANKNIFTY30JAN2032500PE.NFO,07/01/2020,09:25:23,870,868.45,20,879.9,420,0,69660
BANKNIFTY30JAN2032500PE.NFO,07/01/2020,09:25:25,870,868.95,20,879.85,100,0,69660
BANKNIFTY30JAN2032500PE.NFO,07/01/2020,09:25:26,870,869.25,20,879.85,20,0,69660
BANKNIFTY30JAN2032500PE.NFO,07/01/2020,09:25:27,870,869.35,20,879.85,80,0,69660
BANKNIFTY30JAN2032500PE.NFO,07/01/2020,09:25:28,870,869.8,40,880.2,120,0,69660
BANKNIFTY30JAN2032500PE.NFO,07/01/2020,09:25:29,870,869.95,40,883.5,20,0,69660
BANKNIFTY30JAN2032500PE.NFO,07/01/2020,09:25:30,870,868.6,20,881.7,200,0,69660
BANKNIFTY30JAN2032500PE.NFO,07/01/2020,09:25:32,870,869.2,40,881.6,100,0,69660
BANKNIFTY30JAN2032500PE.NFO,07/01/2020,09:25:33,870,869.6,20,881.65,80,0,69660
BANKNIFTY30JAN2032500PE.NFO,07/01/2020,09:25:34,870,870,20,881.7,180,0,69660
BANKNIFTY30JAN2032500PE.NFO,07/01/2020,09:25:35,870,868.45,60,881.65,80,0,69660
BANKNIFTY30JAN2032500PE.NFO,07/01/2020,09:25:36,870,868.65,40,881.7,180,0,69660
BANKNIFTY30JAN2032500PE.NFO,07/01/2020,09:25:38,870,869,20,881.7,180,0,69660
BANKNIFTY30JAN2032500PE.NFO,07/01/2020,09:25:39,870,871.4,20,883.4,260,0,69660
BANKNIFTY30JAN2032500PE.NFO,07/01/2020,09:25:40,870,871.05,20,883.4,260,0,69660
BANKNIFTY30JAN2032500PE.NFO,07/01/2020,09:25:41,870,871.1,40,883.4,180,0,69660
BANKNIFTY30JAN2032500PE.NFO,07/01/2020,09:25:42,870,871.3,20,883.4,180,0,69660
BANKNIFTY30JAN2032500PE.NFO,07/01/2020,09:25:44,870,871.35,40,883.4,180,0,69660
BANKNIFTY30JAN2032500PE.NFO,07/01/2020,09:25:45,870,871.35,40,882.9,180,0,69660
BANKNIFTY30JAN2032500PE.NFO,07/01/2020,09:25:46,870,873.05,100,882.9,180,0,69660
BANKNIFTY30JAN2032500PE.NFO,07/01/2020,09:25:47,870,873.1,20,883.95,60,0,69660
BANKNIFTY30JAN2032500PE.NFO,07/01/2020,09:25:48,870,873,200,884.85,80,0,69660
BANKNIFTY30JAN2032500PE.NFO,07/01/2020,09:25:50,870,873,200,884.8,120,0,69660
BANKNIFTY30JAN2032500PE.NFO,07/01/2020,09:25:51,870,873,200,882.3,60,0,69660
BANKNIFTY30JAN2032500PE.NFO,07/01/2020,09:25:52,870,873.05,40,882.6,180,0,69660
BANKNIFTY30JAN2032500PE.NFO,07/01/2020,09:25:53,870,873.05,20,882.6,180,0,69660
BANKNIFTY30JAN2032500PE.NFO,07/01/2020,09:25:54,870,873,200,884.95,260,0,69660
BANKNIFTY30JAN2032500PE.NFO,07/01/2020,09:25:55,870,873.1,40,884.55,60,0,69660
BANKNIFTY30JAN2032500PE.NFO,07/01/2020,09:25:57,870,873.2,20,884.55,340,0,69660
BANKNIFTY30JAN2032500PE.NFO,07/01/2020,09:25:58,870,873.35,100,884.55,260,0,69660
BANKNIFTY30JAN2032500PE.NFO,07/01/2020,09:25:59,870,873.4,20,884.5,80,0,69660
BANKNIFTY30JAN2032500PE.NFO,07/01/2020,09:26:00,870,873.1,100,884.45,60,0,69660
BANKNIFTY30JAN2032500PE.NFO,07/01/2020,09:26:01,870,877,180,884.5,40,0,69660
BANKNIFTY30JAN2032500PE.NFO,07/01/2020,09:26:03,870,877,200,884.55,100,0,69660
BANKNIFTY30JAN2032500PE.NFO,07/01/2020,09:26:04,870,877,200,884.95,180,0,69660
BANKNIFTY30JAN2032500PE.NFO,07/01/2020,09:26:05,870,877,200,884.95,100,0,69660
BANKNIFTY30JAN2032500PE.NFO,07/01/2020,09:26:06,870,877.15,20,885,40,0,69660
BANKNIFTY30JAN2032500PE.NFO,07/01/2020,09:26:08,870,877.1,20,884.95,180,0,69660
BANKNIFTY30JAN2032500PE.NFO,07/01/2020,09:26:09,870,877,180,884.95,180,0,69660
BANKNIFTY30JAN2032500PE.NFO,07/01/2020,09:26:10,870,877,200,885,40,0,69660
BANKNIFTY30JAN2032500PE.NFO,07/01/2020,09:26:11,870,877.05,20,884.95,100,0,69660
BANKNIFTY30JAN2032500PE.NFO,07/01/2020,09:26:12,870,877.1,40,884.95,100,0,69660
BANKNIFTY30JAN2032500PE.NFO,07/01/2020,09:26:15,870,877.1,40,885,40,0,69660
BANKNIFTY30JAN2032500PE.NFO,07/01/2020,09:26:16,870,877.1,120,885,40,0,69660
BANKNIFTY30JAN2032500PE.NFO,07/01/2020,09:26:17,870,877.2,20,885,40,0,69660
BANKNIFTY30JAN2032500PE.NFO,07/01/2020,09:26:18,885,878.05,20,890.8,60,40,69700
BANKNIFTY30JAN2032500PE.NFO,07/01/2020,09:26:20,885,879.15,20,892.75,180,0,69700
BANKNIFTY30JAN2032500PE.NFO,07/01/2020,09:26:21,885,880.6,20,892.75,180,0,69700
BANKNIFTY30JAN2032500PE.NFO,07/01/2020,09:26:22,885,885,200,892.9,60,0,69700
BANKNIFTY30JAN2032500PE.NFO,07/01/2020,09:26:23,885,885,200,894.1,60,0,69700
BANKNIFTY30JAN2032500PE.NFO,07/01/2020,09:26:25,885,885.05,40,896.3,100,0,69700
BANKNIFTY30JAN2032500PE.NFO,07/01/2020,09:26:26,885,885.05,20,896.2,80,0,69700
BANKNIFTY30JAN2032500PE.NFO,07/01/2020,09:26:27,896.25,885.05,20,892.6,60,180,69700
BANKNIFTY30JAN2032500PE.NFO,07/01/2020,09:26:28,896.25,885,180,894.55,180,0,69700
BANKNIFTY30JAN2032500PE.NFO,07/01/2020,09:26:30,896.25,885,180,894.5,80,0,69700
BANKNIFTY30JAN2032500PE.NFO,07/01/2020,09:26:31,896.25,885,180,889.5,180,0,69700
BANKNIFTY30JAN2032500PE.NFO,07/01/2020,09:26:32,896.25,885,180,888.5,240,0,69700
BANKNIFTY30JAN2032500PE.NFO,07/01/2020,09:26:33,885,876.8,20,888.5,200,180,69700
BANKNIFTY30JAN2032500PE.NFO,07/01/2020,09:26:34,885,877.3,60,889.15,180,0,69700
BANKNIFTY30JAN2032500PE.NFO,07/01/2020,09:26:36,885,878.7,40,889.15,180,0,69700
BANKNIFTY30JAN2032500PE.NFO,07/01/2020,09:26:37,885,879.8,80,892,60,0,69700
BANKNIFTY30JAN2032500PE.NFO,07/01/2020,09:26:38,885,880.8,40,892.55,200,0,69700
BANKNIFTY30JAN2032500PE.NFO,07/01/2020,09:26:39,885,881.7,20,893.15,180,0,69700
BANKNIFTY30JAN2032500PE.NFO,07/01/2020,09:26:41,885,884.4,20,899.85,20,0,69700
BANKNIFTY30JAN2032500PE.NFO,07/01/2020,09:26:42,885,891.9,60,897.8,60,0,69700
BANKNIFTY30JAN2032500PE.NFO,07/01/2020,09:26:43,885,891.2,60,896.75,60,0,69700
BANKNIFTY30JAN2032500PE.NFO,07/01/2020,09:26:44,885,883.5,60,896.3,20,0,69700
BANKNIFTY30JAN2032500PE.NFO,07/01/2020,09:26:46,885,883.8,40,896.25,160,0,69700
BANKNIFTY30JAN2032500PE.NFO,07/01/2020,09:26:47,885,884.1,20,896.25,160,0,69700
BANKNIFTY30JAN2032500PE.NFO,07/01/2020,09:26:48,885,889.8,60,895.25,60,0,69700
BANKNIFTY30JAN2032500PE.NFO,07/01/2020,09:26:49,885,890.85,60,896.2,100,0,69700
BANKNIFTY30JAN2032500PE.NFO,07/01/2020,09:26:50,885,885.4,60,896.2,100,0,69700
BANKNIFTY30JAN2032500PE.NFO,07/01/2020,09:26:51,885,892.15,60,896.2,100,0,69700
BANKNIFTY30JAN2032500PE.NFO,07/01/2020,09:26:53,885,892.3,60,896.2,100,0,69700
BANKNIFTY30JAN2032500PE.NFO,07/01/2020,09:26:54,885,887.65,20,898.1,180,0,69700
BANKNIFTY30JAN2032500PE.NFO,07/01/2020,09:26:55,885,892.35,60,897.65,320,0,69700
BANKNIFTY30JAN2032500PE.NFO,07/01/2020,09:26:56,885,891.5,60,896.8,60,0,69700
BANKNIFTY30JAN2032500PE.NFO,07/01/2020,09:26:57,885,886,20,897.5,40,0,69700
BANKNIFTY30JAN2032500PE.NFO,07/01/2020,09:26:58,885,891.8,60,897.3,60,0,69700
BANKNIFTY30JAN2032500PE.NFO,07/01/2020,09:27:00,885,889.2,20,897.4,200,0,69700
BANKNIFTY30JAN2032500PE.NFO,07/01/2020,09:27:01,885,888.1,20,899.9,180,0,69700
BANKNIFTY30JAN2032500PE.NFO,07/01/2020,09:27:02,885,891,20,899.4,40,0,69700
BANKNIFTY30JAN2032500PE.NFO,07/01/2020,09:27:03,885,889.3,80,899.35,180,0,69700
BANKNIFTY30JAN2032500PE.NFO,07/01/2020,09:27:05,885,895.2,60,899.35,180,0,69700
BANKNIFTY30JAN2032500PE.NFO,07/01/2020,09:27:06,885,894.65,60,899.9,100,0,69700
BANKNIFTY30JAN2032500PE.NFO,07/01/2020,09:27:07,885,894.7,60,899.9,180,0,69700
BANKNIFTY30JAN2032500PE.NFO,07/01/2020,09:27:08,885,888.45,40,899.9,180,0,69700
BANKNIFTY30JAN2032500PE.NFO,07/01/2020,09:27:09,885,889.2,20,899.85,200,0,69700
BANKNIFTY30JAN2032500PE.NFO,07/01/2020,09:27:10,885,891.8,60,897.3,60,0,69700
BANKNIFTY30JAN2032500PE.NFO,07/01/2020,09:27:12,885,887.45,20,897.05,20,0,69700
BANKNIFTY30JAN2032500PE.NFO,07/01/2020,09:27:12,885,891.75,60,897.1,20,0,69700
BANKNIFTY30JAN2032500PE.NFO,07/01/2020,09:27:13,885,885.15,20,897,40,0,69700
BANKNIFTY30JAN2032500PE.NFO,07/01/2020,09:27:14,885,887.4,20,896.4,20,0,69700
BANKNIFTY30JAN2032500PE.NFO,07/01/2020,09:27:15,885,885.6,40,895.6,20,0,69700
BANKNIFTY30JAN2032500PE.NFO,07/01/2020,09:27:16,885,890.65,60,895.55,180,0,69700
BANKNIFTY30JAN2032500PE.NFO,07/01/2020,09:27:17,885,883.75,40,896.3,180,0,69700
BANKNIFTY30JAN2032500PE.NFO,07/01/2020,09:27:18,885,885.05,20,896.3,180,0,69700
BANKNIFTY30JAN2032500PE.NFO,07/01/2020,09:27:19,885,892.2,60,896.3,180,0,69700
BANKNIFTY30JAN2032500PE.NFO,07/01/2020,09:27:20,885,884.3,20,898.2,20,0,69700
BANKNIFTY30JAN2032500PE.NFO,07/01/2020,09:27:22,885,882.5,20,897.3,20,0,69700
BANKNIFTY30JAN2032500PE.NFO,07/01/2020,09:27:23,885,882.8,40,895.8,340,0,69700
BANKNIFTY30JAN2032500PE.NFO,07/01/2020,09:27:24,885,881.45,20,894.25,20,0,69700
BANKNIFTY30JAN2032500PE.NFO,07/01/2020,09:27:25,885,889.4,60,894.5,180,0,69700
BANKNIFTY30JAN2032500PE.NFO,07/01/2020,09:27:26,885,880,60,894.45,80,0,69700
BANKNIFTY30JAN2032500PE.NFO,07/01/2020,09:27:27,885,881.85,440,898.05,20,0,69700
BANKNIFTY30JAN2032500PE.NFO,07/01/2020,09:27:27,885,882.65,20,898,100,0,69700
BANKNIFTY30JAN2032500PE.NFO,07/01/2020,09:27:28,885,889.3,60,894.75,340,0,69700
BANKNIFTY30JAN2032500PE.NFO,07/01/2020,09:27:30,885,889.85,60,894.7,40,0,69700
BANKNIFTY30JAN2032500PE.NFO,07/01/2020,09:27:31,885,890.2,60,894.7,40,0,69700
BANKNIFTY30JAN2032500PE.NFO,07/01/2020,09:27:32,885,891.15,60,896,180,0,69700
BANKNIFTY30JAN2032500PE.NFO,07/01/2020,09:27:34,885,885.35,20,896,180,0,69700
BANKNIFTY30JAN2032500PE.NFO,07/01/2020,09:27:35,885,890.7,60,896,180,0,69700
BANKNIFTY30JAN2032500PE.NFO,07/01/2020,09:27:36,885,890.55,60,895.95,280,0,69700
BANKNIFTY30JAN2032500PE.NFO,07/01/2020,09:27:37,885,887.95,60,893.65,60,0,69700
BANKNIFTY30JAN2032500PE.NFO,07/01/2020,09:27:38,892,892,20,893.75,340,20,69700
BANKNIFTY30JAN2032500PE.NFO,07/01/2020,09:27:39,892,892,20,893.5,180,0,69700
BANKNIFTY30JAN2032500PE.NFO,07/01/2020,09:27:41,892,881,20,893.1,20,20,69700
BANKNIFTY30JAN2032500PE.NFO,07/01/2020,09:27:42,892,887.1,60,892.55,60,0,69700
BANKNIFTY30JAN2032500PE.NFO,07/01/2020,09:27:43,892,887.45,60,892,20,0,69700
BANKNIFTY30JAN2032500PE.NFO,07/01/2020,09:27:44,892,878.25,20,893.4,20,0,69700
BANKNIFTY30JAN2032500PE.NFO,07/01/2020,09:27:45,892,879.85,20,892.85,40,0,69700
BANKNIFTY30JAN2032500PE.NFO,07/01/2020,09:27:46,888.85,881.2,20,892.85,40,40,69700
BANKNIFTY30JAN2032500PE.NFO,07/01/2020,09:27:47,888.85,890.45,60,892.95,100,0,69700
BANKNIFTY30JAN2032500PE.NFO,07/01/2020,09:27:48,888.85,880.35,20,896.1,20,0,69700
BANKNIFTY30JAN2032500PE.NFO,07/01/2020,09:27:49,888.85,886.75,60,892.9,60,0,69700
BANKNIFTY30JAN2032500PE.NFO,07/01/2020,09:27:50,888.85,884.7,60,890.4,60,0,69700
BANKNIFTY30JAN2032500PE.NFO,07/01/2020,09:27:51,888.85,884.4,60,890.1,60,0,69700
BANKNIFTY30JAN2032500PE.NFO,07/01/2020,09:27:52,888.85,883.9,60,889.6,60,0,69700
BANKNIFTY30JAN2032500PE.NFO,07/01/2020,09:27:53,888.85,883.8,20,893.15,20,0,69700
BANKNIFTY30JAN2032500PE.NFO,07/01/2020,09:27:54,889.6,884.45,60,889.9,60,240,69700
BANKNIFTY30JAN2032500PE.NFO,07/01/2020,09:27:55,889.6,883.8,20,889.2,60,0,69700
BANKNIFTY30JAN2032500PE.NFO,07/01/2020,09:27:56,889.6,884.25,60,889.8,240,0,69700
BANKNIFTY30JAN2032500PE.NFO,07/01/2020,09:27:57,889.6,880.15,40,892.85,200,0,69700
BANKNIFTY30JAN2032500PE.NFO,07/01/2020,09:27:58,889.6,885.95,60,891.2,100,0,69700
BANKNIFTY30JAN2032500PE.NFO,07/01/2020,09:27:59,889.6,882,20,894.2,180,0,69700
BANKNIFTY30JAN2032500PE.NFO,07/01/2020,09:28:00,889.6,887.6,60,893.4,60,0,69700
BANKNIFTY30JAN2032500PE.NFO,07/01/2020,09:28:01,889.6,886.4,20,899.7,20,0,69700
BANKNIFTY30JAN2032500PE.NFO,07/01/2020,09:28:02,889.6,890.9,80,896.4,60,0,69700
BANKNIFTY30JAN2032500PE.NFO,07/01/2020,09:28:03,889.6,881.95,20,896.4,20,0,69700
BANKNIFTY30JAN2032500PE.NFO,07/01/2020,09:28:04,889.6,882.3,60,896.2,20,0,69700
BANKNIFTY30JAN2032500PE.NFO,07/01/2020,09:28:05,889.6,886.25,60,891.95,60,0,69700
BANKNIFTY30JAN2032500PE.NFO,07/01/2020,09:28:06,889.6,883.75,20,896.35,180,0,69700
BANKNIFTY30JAN2032500PE.NFO,07/01/2020,09:28:07,889.6,887.15,20,896.1,20,0,69700
BANKNIFTY30JAN2032500PE.NFO,07/01/2020,09:28:08,896.1,886.1,80,892.05,60,20,69700
BANKNIFTY30JAN2032500PE.NFO,07/01/2020,09:28:09,896.1,881.75,20,894.95,20,0,69700
BANKNIFTY30JAN2032500PE.NFO,07/01/2020,09:28:10,896.1,887.15,60,892.9,60,0,69700
BANKNIFTY30JAN2032500PE.NFO,07/01/2020,09:28:11,896.1,892,60,897.45,60,0,69700
BANKNIFTY30JAN2032500PE.NFO,07/01/2020,09:28:12,896.1,886,60,898.2,20,0,69700
BANKNIFTY30JAN2032500PE.NFO,07/01/2020,09:28:13,896.1,890.15,60,896.05,60,0,69700
BANKNIFTY30JAN2032500PE.NFO,07/01/2020,09:28:14,896.1,890.6,60,896.4,60,0,69700
BANKNIFTY30JAN2032500PE.NFO,07/01/2020,09:28:15,896.1,891.2,60,896.65,60,0,69700
BANKNIFTY30JAN2032500PE.NFO,07/01/2020,09:28:16,896.1,891.05,60,896.5,60,0,69700
BANKNIFTY30JAN2032500PE.NFO,07/01/2020,09:28:17,896.1,888.7,20,898.1,80,0,69700
BANKNIFTY30JAN2032500PE.NFO,07/01/2020,09:28:18,896.1,888.95,40,899.9,180,0,69700
BANKNIFTY30JAN2032500PE.NFO,07/01/2020,09:28:19,896.1,892.6,60,898.5,60,0,69700
BANKNIFTY30JAN2032500PE.NFO,07/01/2020,09:28:20,896.1,890.35,20,900,20,0,69700
BANKNIFTY30JAN2032500PE.NFO,07/01/2020,09:28:21,896.1,891.65,40,899.95,40,0,69700
BANKNIFTY30JAN2032500PE.NFO,07/01/2020,09:28:22,896.1,895.05,20,899.95,40,0,69700
BANKNIFTY30JAN2032500PE.NFO,07/01/2020,09:28:23,896.1,894.9,60,899.95,40,0,69700
BANKNIFTY30JAN2032500PE.NFO,07/01/2020,09:28:24,896.1,894.25,20,900,20,0,69700
BANKNIFTY30JAN2032500PE.NFO,07/01/2020,09:28:25,896.1,894.85,60,899.95,40,0,69700
BANKNIFTY30JAN2032500PE.NFO,07/01/2020,09:28:26,896.1,894.45,20,899.95,40,0,69700
BANKNIFTY30JAN2032500PE.NFO,07/01/2020,09:28:27,896.1,892.5,20,900,20,0,69700
BANKNIFTY30JAN2032500PE.NFO,07/01/2020,09:28:28,896.1,892.85,20,900,20,0,69700
BANKNIFTY30JAN2032500PE.NFO,07/01/2020,09:28:29,896.1,891.55,40,900,20,0,69700
BANKNIFTY30JAN2032500PE.NFO,07/01/2020,09:28:30,896.1,894.05,80,900,20,0,69700
BANKNIFTY30JAN2032500PE.NFO,07/01/2020,09:28:31,896.1,895.95,60,900,20,0,69700
BANKNIFTY30JAN2032500PE.NFO,07/01/2020,09:28:32,896.1,891.75,20,900,20,0,69700
BANKNIFTY30JAN2032500PE.NFO,07/01/2020,09:28:33,896.1,890.3,20,900,20,0,69700
BANKNIFTY30JAN2032500PE.NFO,07/01/2020,09:28:34,896.1,895.45,60,900,20,0,69700
BANKNIFTY30JAN2032500PE.NFO,07/01/2020,09:28:35,896.1,893.05,20,900,20,0,69700
BANKNIFTY30JAN2032500PE.NFO,07/01/2020,09:28:36,896.1,891.45,60,900,20,0,69700
BANKNIFTY30JAN2032500PE.NFO,07/01/2020,09:28:37,896.1,894.05,40,900,20,0,69700
BANKNIFTY30JAN2032500PE.NFO,07/01/2020,09:28:38,896.1,894.05,20,900,20,0,69700
BANKNIFTY30JAN2032500PE.NFO,07/01/2020,09:28:39,896.1,892.55,20,900,20,0,69700
BANKNIFTY30JAN2032500PE.NFO,07/01/2020,09:28:40,896.1,893.1,40,900,20,0,69700
BANKNIFTY30JAN2032500PE.NFO,07/01/2020,09:28:41,896.1,893.2,20,900,20,0,69700
BANKNIFTY30JAN2032500PE.NFO,07/01/2020,09:28:42,896.1,891.35,20,900,20,0,69700
BANKNIFTY30JAN2032500PE.NFO,07/01/2020,09:28:43,896.1,892.15,20,900,20,0,69700
BANKNIFTY30JAN2032500PE.NFO,07/01/2020,09:28:44,896.1,896.05,60,900,20,0,69700
BANKNIFTY30JAN2032500PE.NFO,07/01/2020,09:28:45,896.1,895.8,60,900,20,0,69700
BANKNIFTY30JAN2032500PE.NFO,07/01/2020,09:28:46,896.1,892.2,20,900,20,0,69700
BANKNIFTY30JAN2032500PE.NFO,07/01/2020,09:28:47,896.1,890.15,20,900,20,0,69700
BANKNIFTY30JAN2032500PE.NFO,07/01/2020,09:28:48,896.1,890.9,20,900,40,0,69700
BANKNIFTY30JAN2032500PE.NFO,07/01/2020,09:28:49,896.1,892.8,80,898.55,60,0,69700
BANKNIFTY30JAN2032500PE.NFO,07/01/2020,09:28:50,896.1,890.3,20,899.95,180,0,69700
BANKNIFTY30JAN2032500PE.NFO,07/01/2020,09:28:51,896.1,890,20,899.7,20,0,69700
BANKNIFTY30JAN2032500PE.NFO,07/01/2020,09:28:52,896.1,890,20,898.15,180,0,69700
BANKNIFTY30JAN2032500PE.NFO,07/01/2020,09:28:53,896.1,890.6,80,896.8,60,0,69700
BANKNIFTY30JAN2032500PE.NFO,07/01/2020,09:28:54,896.1,890,20,898.1,160,0,69700
BANKNIFTY30JAN2032500PE.NFO,07/01/2020,09:28:55,896.1,890.45,20,896.55,60,0,69700
BANKNIFTY30JAN2032500PE.NFO,07/01/2020,09:28:56,896.1,892.15,60,898,60,0,69700
BANKNIFTY30JAN2032500PE.NFO,07/01/2020,09:28:57,896.1,890.15,20,899.95,180,0,69700
BANKNIFTY30JAN2032500PE.NFO,07/01/2020,09:28:58,896.1,892.55,80,898.65,60,0,69700
BANKNIFTY30JAN2032500PE.NFO,07/01/2020,09:28:59,896.1,893,60,899.1,60,0,69700
BANKNIFTY30JAN2032500PE.NFO,07/01/2020,09:29:00,896.1,892.45,80,898.15,60,0,69700
BANKNIFTY30JAN2032500PE.NFO,07/01/2020,09:29:01,896.1,892.75,80,898.4,60,0,69700
BANKNIFTY30JAN2032500PE.NFO,07/01/2020,09:29:02,896.1,892.6,80,898.3,60,0,69700
BANKNIFTY30JAN2032500PE.NFO,07/01/2020,09:29:03,896.1,891,20,899.95,180,0,69700
BANKNIFTY30JAN2032500PE.NFO,07/01/2020,09:29:04,896.1,890.45,80,896.3,60,0,69700
BANKNIFTY30JAN2032500PE.NFO,07/01/2020,09:29:05,896.1,890,20,898.1,160,0,69700
BANKNIFTY30JAN2032500PE.NFO,07/01/2020,09:29:06,896.1,890,20,897.95,160,0,69700
BANKNIFTY30JAN2032500PE.NFO,07/01/2020,09:29:07,896.1,890,20,893.75,60,0,69700
BANKNIFTY30JAN2032500PE.NFO,07/01/2020,09:29:08,896.1,890,20,893.05,60,0,69700
BANKNIFTY30JAN2032500PE.NFO,07/01/2020,09:29:09,896.1,890,20,896.3,160,0,69700
BANKNIFTY30JAN2032500PE.NFO,07/01/2020,09:29:10,896.1,890,20,893.4,60,0,69700
BANKNIFTY30JAN2032500PE.NFO,07/01/2020,09:29:11,896.1,890,20,893.25,60,0,69700
BANKNIFTY30JAN2032500PE.NFO,07/01/2020,09:29:12,896.1,890,20,892.55,60,0,69700
BANKNIFTY30JAN2032500PE.NFO,07/01/2020,09:29:13,896.1,890,20,892.95,60,0,69700
BANKNIFTY30JAN2032500PE.NFO,07/01/2020,09:29:14,896.1,890,20,894.45,60,0,69700
BANKNIFTY30JAN2032500PE.NFO,07/01/2020,09:29:15,896.1,890,20,894.35,60,0,69700
BANKNIFTY30JAN2032500PE.NFO,07/01/2020,09:29:16,896.1,890,20,893.5,60,0,69700
BANKNIFTY30JAN2032500PE.NFO,07/01/2020,09:29:18,896.1,890,20,892.75,60,0,69700
BANKNIFTY30JAN2032500PE.NFO,07/01/2020,09:29:19,896.1,890,20,893.7,60,0,69700
BANKNIFTY30JAN2032500PE.NFO,07/01/2020,09:29:20,896.1,890,20,897.15,20,0,69700
BANKNIFTY30JAN2032500PE.NFO,07/01/2020,09:29:22,896.1,890,20,894.2,60,0,69700
BANKNIFTY30JAN2032500PE.NFO,07/01/2020,09:29:23,896.1,890,20,893.95,60,0,69700
BANKNIFTY30JAN2032500PE.NFO,07/01/2020,09:29:24,896.1,890,20,896.9,40,0,69700
BANKNIFTY30JAN2032500PE.NFO,07/01/2020,09:29:25,896.1,890,20,896.85,20,0,69700
BANKNIFTY30JAN2032500PE.NFO,07/01/2020,09:29:26,896.1,890,20,896.95,20,0,69700
BANKNIFTY30JAN2032500PE.NFO,07/01/2020,09:29:28,896.1,890.05,160,896.1,60,0,69700
BANKNIFTY30JAN2032500PE.NFO,07/01/2020,09:29:29,896.1,890,20,899.5,20,0,69700
BANKNIFTY30JAN2032500PE.NFO,07/01/2020,09:29:30,896.1,890,20,894.75,80,0,69700
BANKNIFTY30JAN2032500PE.NFO,07/01/2020,09:29:31,896.1,890,20,894.85,60,0,69700
BANKNIFTY30JAN2032500PE.NFO,07/01/2020,09:29:32,896.1,890,20,899.25,20,0,69700
BANKNIFTY30JAN2032500PE.NFO,07/01/2020,09:29:34,896.1,890.05,20,899.15,20,0,69700
BANKNIFTY30JAN2032500PE.NFO,07/01/2020,09:29:35,896.1,890,40,895.9,60,0,69700
BANKNIFTY30JAN2032500PE.NFO,07/01/2020,09:29:36,896.1,890,20,896.1,80,0,69700
BANKNIFTY30JAN2032500PE.NFO,07/01/2020,09:29:37,896.1,890,20,896.4,80,0,69700
BANKNIFTY30JAN2032500PE.NFO,07/01/2020,09:29:38,896.1,890,40,899.85,20,0,69700
BANKNIFTY30JAN2032500PE.NFO,07/01/2020,09:29:39,896.1,890.1,60,896.45,80,0,69700
BANKNIFTY30JAN2032500PE.NFO,07/01/2020,09:29:40,896.1,890.1,60,895.9,60,0,69700
BANKNIFTY30JAN2032500PE.NFO,07/01/2020,09:29:41,896.1,890.2,80,896.1,200,0,69700
BANKNIFTY30JAN2032500PE.NFO,07/01/2020,09:29:42,896.1,890,20,896.1,180,20,69320
BANKNIFTY30JAN2032500PE.NFO,07/01/2020,09:29:43,896.1,890.05,20,896.1,180,0,69320
BANKNIFTY30JAN2032500PE.NFO,07/01/2020,09:29:45,896.1,891.55,80,896.1,180,0,69320
BANKNIFTY30JAN2032500PE.NFO,07/01/2020,09:29:46,896.1,890,20,896.1,180,0,69320
BANKNIFTY30JAN2032500PE.NFO,07/01/2020,09:29:47,896.1,890,20,896.05,20,0,69320
BANKNIFTY30JAN2032500PE.NFO,07/01/2020,09:29:48,896.1,890,20,896.1,200,0,69320
BANKNIFTY30JAN2032500PE.NFO,07/01/2020,09:29:49,896.1,890,20,894.05,60,0,69320
BANKNIFTY30JAN2032500PE.NFO,07/01/2020,09:29:50,896.1,890,20,895.4,60,0,69320
BANKNIFTY30JAN2032500PE.NFO,07/01/2020,09:29:51,896.1,890,20,894.65,60,0,69320
BANKNIFTY30JAN2032500PE.NFO,07/01/2020,09:29:52,896.1,890,20,894.5,60,0,69320
BANKNIFTY30JAN2032500PE.NFO,07/01/2020,09:29:53,896.1,890,20,894.35,60,0,69320
BANKNIFTY30JAN2032500PE.NFO,07/01/2020,09:29:54,896.1,890,20,894.85,60,0,69320
BANKNIFTY30JAN2032500PE.NFO,07/01/2020,09:29:55,896.1,890,20,896.1,180,0,69320
BANKNIFTY30JAN2032500PE.NFO,07/01/2020,09:29:56,896.1,890,20,894.6,20,0,69320
BANKNIFTY30JAN2032500PE.NFO,07/01/2020,09:29:57,896.1,890,20,896.05,20,0,69320
BANKNIFTY30JAN2032500PE.NFO,07/01/2020,09:29:59,896.1,890,20,893.7,60,0,69320
BANKNIFTY30JAN2032500PE.NFO,07/01/2020,09:30:00,896.1,890,20,896.05,20,0,69320
BANKNIFTY30JAN2032500PE.NFO,07/01/2020,09:30:01,890,885.9,60,891.65,60,20,69320
BANKNIFTY30JAN2032500PE.NFO,07/01/2020,09:30:02,890,883.55,60,889.25,60,0,69320
BANKNIFTY30JAN2032500PE.NFO,07/01/2020,09:30:03,890,884.5,60,890.2,60,0,69320
BANKNIFTY30JAN2032500PE.NFO,07/01/2020,09:30:04,890,884.95,80,890.65,60,0,69320
BANKNIFTY30JAN2032500PE.NFO,07/01/2020,09:30:05,890,884.6,80,890.3,60,0,69320
BANKNIFTY30JAN2032500PE.NFO,07/01/2020,09:30:06,890,882,40,894.65,40,0,69320
BANKNIFTY30JAN2032500PE.NFO,07/01/2020,09:30:07,890,883.55,60,889.15,60,0,69320
BANKNIFTY30JAN2032500PE.NFO,07/01/2020,09:30:08,890,883.45,60,888.9,60,0,69320
BANKNIFTY30JAN2032500PE.NFO,07/01/2020,09:30:09,890,880.55,20,887.95,20,0,69320
BANKNIFTY30JAN2032500PE.NFO,07/01/2020,09:30:10,890,882.3,60,887.8,60,0,69320
BANKNIFTY30JAN2032500PE.NFO,07/01/2020,09:30:11,890,880.5,60,886.45,60,0,69320
BANKNIFTY30JAN2032500PE.NFO,07/01/2020,09:30:12,890,880.55,60,886.35,80,0,69320
BANKNIFTY30JAN2032500PE.NFO,07/01/2020,09:30:13,890,878.4,20,889,20,0,69320
BANKNIFTY30JAN2032500PE.NFO,07/01/2020,09:30:15,890,879.3,60,885.9,80,0,69320
BANKNIFTY30JAN2032500PE.NFO,07/01/2020,09:30:16,890,876.2,40,889,20,0,69320
BANKNIFTY30JAN2032500PE.NFO,07/01/2020,09:30:17,890,878.4,60,883.75,60,0,69320
BANKNIFTY30JAN2032500PE.NFO,07/01/2020,09:30:18,890,876.1,20,888,20,0,69320
BANKNIFTY30JAN2032500PE.NFO,07/01/2020,09:30:19,890,878.4,20,887.9,200,0,69320
BANKNIFTY30JAN2032500PE.NFO,07/01/2020,09:30:20,890,877.95,60,883.4,60,0,69320
BANKNIFTY30JAN2032500PE.NFO,07/01/2020,09:30:22,890,876.35,60,882.3,60,0,69320
BANKNIFTY30JAN2032500PE.NFO,07/01/2020,09:30:23,890,875.15,20,887.85,20,0,69320
BANKNIFTY30JAN2032500PE.NFO,07/01/2020,09:30:24,890,874.85,80,880.45,60,0,69320
BANKNIFTY30JAN2032500PE.NFO,07/01/2020,09:30:25,890,875,60,880.65,60,0,69320
BANKNIFTY30JAN2032500PE.NFO,07/01/2020,09:30:26,890,874.35,20,886.3,20,0,69320
BANKNIFTY30JAN2032500PE.NFO,07/01/2020,09:30:28,890,873.05,20,885.2,40,0,69320
BANKNIFTY30JAN2032500PE.NFO,07/01/2020,09:30:29,890,873.3,20,884.7,20,0,69320
BANKNIFTY30JAN2032500PE.NFO,07/01/2020,09:30:30,890,871.3,20,884.25,20,0,69320
BANKNIFTY30JAN2032500PE.NFO,07/01/2020,09:30:31,890,872.75,60,878.5,60,0,69320
BANKNIFTY30JAN2032500PE.NFO,07/01/2020,09:30:32,890,872.5,60,878,20,0,69320
BANKNIFTY30JAN2032500PE.NFO,07/01/2020,09:30:34,890,868.7,20,878,20,0,69320
BANKNIFTY30JAN2032500PE.NFO,07/01/2020,09:30:35,890,870.85,20,878,20,0,69320
BANKNIFTY30JAN2032500PE.NFO,07/01/2020,09:30:36,890,873.35,60,878,20,0,69320
BANKNIFTY30JAN2032500PE.NFO,07/01/2020,09:30:37,890,871.7,20,883.75,40,0,69320
BANKNIFTY30JAN2032500PE.NFO,07/01/2020,09:30:39,890,872.45,20,883.75,40,0,69320
BANKNIFTY30JAN2032500PE.NFO,07/01/2020,09:30:40,890,873.05,60,879.1,80,0,69320
BANKNIFTY30JAN2032500PE.NFO,07/01/2020,09:30:41,890,873,60,879,80,0,69320
BANKNIFTY30JAN2032500PE.NFO,07/01/2020,09:30:42,890,872.9,60,879.2,80,0,69320
BANKNIFTY30JAN2032500PE.NFO,07/01/2020,09:30:43,890,869.95,20,883.25,20,0,69320
BANKNIFTY30JAN2032500PE.NFO,07/01/2020,09:30:45,890,872.4,60,878.6,60,0,69320
BANKNIFTY30JAN2032500PE.NFO,07/01/2020,09:30:46,890,873.25,60,878.9,60,0,69320
BANKNIFTY30JAN2032500PE.NFO,07/01/2020,09:30:47,890,871.7,20,883,20,0,69320
BANKNIFTY30JAN2032500PE.NFO,07/01/2020,09:30:48,890,873.5,60,878.85,80,0,69320
BANKNIFTY30JAN2032500PE.NFO,07/01/2020,09:30:49,890,871.65,20,883,20,0,69320
BANKNIFTY30JAN2032500PE.NFO,07/01/2020,09:30:51,890,873,20,883,20,0,69320
BANKNIFTY30JAN2032500PE.NFO,07/01/2020,09:30:52,890,871.3,20,882.65,20,0,69320
BANKNIFTY30JAN2032500PE.NFO,07/01/2020,09:30:53,890,872.35,20,882.55,20,0,69320
BANKNIFTY30JAN2032500PE.NFO,07/01/2020,09:30:54,890,872.85,60,878.35,60,0,69320
BANKNIFTY30JAN2032500PE.NFO,07/01/2020,09:30:55,890,873.05,60,878.5,80,0,69320
BANKNIFTY30JAN2032500PE.NFO,07/01/2020,09:30:56,890,872.3,20,882.55,20,0,69320
BANKNIFTY30JAN2032500PE.NFO,07/01/2020,09:30:58,890,873.35,60,878.8,60,0,69320
BANKNIFTY30JAN2032500PE.NFO,07/01/2020,09:30:59,890,873,60,878.45,60,0,69320
BANKNIFTY30JAN2032500PE.NFO,07/01/2020,09:31:00,890,872.25,60,877.95,80,0,69320
BANKNIFTY30JAN2032500PE.NFO,07/01/2020,09:31:01,890,869.75,20,882.15,20,0,69320
BANKNIFTY30JAN2032500PE.NFO,07/01/2020,09:31:02,890,870.3,60,875.65,60,0,69320
BANKNIFTY30JAN2032500PE.NFO,07/01/2020,09:31:03,890,867.75,20,880.65,20,0,69320
BANKNIFTY30JAN2032500PE.NFO,07/01/2020,09:31:05,890,870.3,60,876.25,60,0,69320
BANKNIFTY30JAN2032500PE.NFO,07/01/2020,09:31:06,890,870.45,60,875.9,60,0,69320
BANKNIFTY30JAN2032500PE.NFO,07/01/2020,09:31:07,890,870.7,60,876.7,80,0,69320
BANKNIFTY30JAN2032500PE.NFO,07/01/2020,09:31:08,890,868.5,20,875.8,20,0,69320
BANKNIFTY30JAN2032500PE.NFO,07/01/2020,09:31:09,873.7,868.3,20,881.05,20,20,69320
BANKNIFTY30JAN2032500PE.NFO,07/01/2020,09:31:10,873.7,871.6,60,877.35,60,0,69320
BANKNIFTY30JAN2032500PE.NFO,07/01/2020,09:31:12,873.7,870.85,20,877.1,60,0,69320
BANKNIFTY30JAN2032500PE.NFO,07/01/2020,09:31:13,870.4,866.1,20,875.85,20,40,69320
BANKNIFTY30JAN2032500PE.NFO,07/01/2020,09:31:14,870.4,866.45,40,879.1,20,0,69320
BANKNIFTY30JAN2032500PE.NFO,07/01/2020,09:31:15,870.4,866.65,20,878.1,40,0,69320
BANKNIFTY30JAN2032500PE.NFO,07/01/2020,09:31:16,870.4,864.9,20,877.85,20,0,69320
BANKNIFTY30JAN2032500PE.NFO,07/01/2020,09:31:17,870.4,868,60,873.5,80,0,69320
BANKNIFTY30JAN2032500PE.NFO,07/01/2020,09:31:18,870.4,862,20,877.55,20,0,69320
BANKNIFTY30JAN2032500PE.NFO,07/01/2020,09:31:19,870.4,867,60,872.5,20,0,69320
BANKNIFTY30JAN2032500PE.NFO,07/01/2020,09:31:20,870.4,861.15,20,875,20,0,69320
BANKNIFTY30JAN2032500PE.NFO,07/01/2020,09:31:21,870.4,861.6,20,874.25,20,0,69320
BANKNIFTY30JAN2032500PE.NFO,07/01/2020,09:31:22,870.4,858.65,20,873.95,40,0,69320
BANKNIFTY30JAN2032500PE.NFO,07/01/2020,09:31:23,870.4,864.15,60,869.9,80,0,69320
BANKNIFTY30JAN2032500PE.NFO,07/01/2020,09:31:24,870.4,863.75,60,869.45,60,0,69320
BANKNIFTY30JAN2032500PE.NFO,07/01/2020,09:31:25,870.4,862.6,60,868.3,60,0,69320
BANKNIFTY30JAN2032500PE.NFO,07/01/2020,09:31:26,870.4,863.2,60,868.95,60,0,69320
BANKNIFTY30JAN2032500PE.NFO,07/01/2020,09:31:27,865,863,60,865,140,40,69320
BANKNIFTY30JAN2032500PE.NFO,07/01/2020,09:31:28,865,860.1,20,871.75,20,140,69320
BANKNIFTY30JAN2032500PE.NFO,07/01/2020,09:31:29,865,862.1,60,867.8,60,0,69320
BANKNIFTY30JAN2032500PE.NFO,07/01/2020,09:31:30,865,863.35,60,869.05,80,0,69320
BANKNIFTY30JAN2032500PE.NFO,07/01/2020,09:31:31,865,862.3,60,868.4,60,0,69320
BANKNIFTY30JAN2032500PE.NFO,07/01/2020,09:31:32,865,862.5,80,868.3,80,0,69320
BANKNIFTY30JAN2032500PE.NFO,07/01/2020,09:31:33,865,863,60,868.65,20,0,69320
BANKNIFTY30JAN2032500PE.NFO,07/01/2020,09:31:34,865,859.05,20,871.45,20,0,69320
BANKNIFTY30JAN2032500PE.NFO,07/01/2020,09:31:35,865,862.75,20,871.35,20,0,69320
BANKNIFTY30JAN2032500PE.NFO,07/01/2020,09:31:36,865,862.55,60,868.7,80,0,69320
BANKNIFTY30JAN2032500PE.NFO,07/01/2020,09:31:37,865,862.2,60,867.9,80,0,69320
BANKNIFTY30JAN2032500PE.NFO,07/01/2020,09:31:38,865,861,60,867.05,80,0,69320
BANKNIFTY30JAN2032500PE.NFO,07/01/2020,09:31:39,865,861,20,870.3,20,0,69320
BANKNIFTY30JAN2032500PE.NFO,07/01/2020,09:31:41,865,861.5,60,867.35,80,0,69320
BANKNIFTY30JAN2032500PE.NFO,07/01/2020,09:31:42,865,861.1,60,867.15,80,0,69320
BANKNIFTY30JAN2032500PE.NFO,07/01/2020,09:31:43,865,861.7,60,867.2,80,0,69320
BANKNIFTY30JAN2032500PE.NFO,07/01/2020,09:31:44,865,861.75,60,867.2,80,0,69320
BANKNIFTY30JAN2032500PE.NFO,07/01/2020,09:31:45,865,861.8,60,867.25,60,0,69320
BANKNIFTY30JAN2032500PE.NFO,07/01/2020,09:31:46,865,859.75,20,872.3,20,0,69320
BANKNIFTY30JAN2032500PE.NFO,07/01/2020,09:31:47,865,861.6,60,867.05,80,0,69320
BANKNIFTY30JAN2032500PE.NFO,07/01/2020,09:31:48,865,858.6,20,870.5,40,0,69320
BANKNIFTY30JAN2032500PE.NFO,07/01/2020,09:31:49,865,854.45,20,870.3,40,0,69320
BANKNIFTY30JAN2032500PE.NFO,07/01/2020,09:31:50,865,861.15,60,866.5,20,0,69320
BANKNIFTY30JAN2032500PE.NFO,07/01/2020,09:31:51,865,860.3,60,866,60,0,69320
BANKNIFTY30JAN2032500PE.NFO,07/01/2020,09:31:52,865,860.35,60,866.05,60,0,69320
BANKNIFTY30JAN2032500PE.NFO,07/01/2020,09:31:53,865,860.25,60,865.95,60,0,69320
BANKNIFTY30JAN2032500PE.NFO,07/01/2020,09:31:54,865,855.9,20,869.65,20,0,69320
BANKNIFTY30JAN2032500PE.NFO,07/01/2020,09:31:55,865,859.8,60,865.25,60,0,69320
BANKNIFTY30JAN2032500PE.NFO,07/01/2020,09:31:56,865,857.25,20,869.5,20,0,69320
BANKNIFTY30JAN2032500PE.NFO,07/01/2020,09:31:57,865,860.55,60,866,80,0,69320
BANKNIFTY30JAN2032500PE.NFO,07/01/2020,09:31:58,865,860.9,60,866.2,60,0,69320
BANKNIFTY30JAN2032500PE.NFO,07/01/2020,09:31:59,865,860.95,60,866.4,60,0,69320
BANKNIFTY30JAN2032500PE.NFO,07/01/2020,09:32:00,865,859.5,60,864.95,60,0,69320
BANKNIFTY30JAN2032500PE.NFO,07/01/2020,09:32:01,865,855.05,20,867.85,20,0,69320
BANKNIFTY30JAN2032500PE.NFO,07/01/2020,09:32:02,865,859.5,60,864.95,80,0,69320
BANKNIFTY30JAN2032500PE.NFO,07/01/2020,09:32:03,865,855.85,60,867.6,200,0,69320
BANKNIFTY30JAN2032500PE.NFO,07/01/2020,09:32:04,865,858.95,60,864.4,80,0,69320
BANKNIFTY30JAN2032500PE.NFO,07/01/2020,09:32:05,865,859.2,60,864.65,60,0,69320
BANKNIFTY30JAN2032500PE.NFO,07/01/2020,09:32:06,865,857.55,20,867.55,20,0,69320
BANKNIFTY30JAN2032500PE.NFO,07/01/2020,09:32:07,865,858.05,20,872.55,20,0,69320
BANKNIFTY30JAN2032500PE.NFO,07/01/2020,09:32:08,865,861.85,60,867.25,20,0,69320
BANKNIFTY30JAN2032500PE.NFO,07/01/2020,09:32:09,865,861.95,60,867.25,20,0,69320
BANKNIFTY30JAN2032500PE.NFO,07/01/2020,09:32:10,865,859.15,40,867.25,20,0,69320
BANKNIFTY30JAN2032500PE.NFO,07/01/2020,09:32:11,865,859.6,20,867.25,20,0,69320
BANKNIFTY30JAN2032500PE.NFO,07/01/2020,09:32:12,865,861.9,60,867.1,40,0,69320
BANKNIFTY30JAN2032500PE.NFO,07/01/2020,09:32:13,865,861.65,60,866.85,20,0,69320
BANKNIFTY30JAN2032500PE.NFO,07/01/2020,09:32:14,865,858.35,60,863.65,80,0,69320
BANKNIFTY30JAN2032500PE.NFO,07/01/2020,09:32:15,865,858.45,60,863.9,80,0,69320
BANKNIFTY30JAN2032500PE.NFO,07/01/2020,09:32:16,865,855.5,20,865.6,20,0,69320
BANKNIFTY30JAN2032500PE.NFO,07/01/2020,09:32:17,865,855.7,20,862.65,20,0,69320
BANKNIFTY30JAN2032500PE.NFO,07/01/2020,09:32:18,865,855.75,20,866,20,0,69320
BANKNIFTY30JAN2032500PE.NFO,07/01/2020,09:32:19,865,848.05,20,859.2,40,0,69320
BANKNIFTY30JAN2032500PE.NFO,07/01/2020,09:32:20,865,854.6,60,860.05,60,0,69320
BANKNIFTY30JAN2032500PE.NFO,07/01/2020,09:32:21,865,851.7,20,864.65,20,0,69320
BANKNIFTY30JAN2032500PE.NFO,07/01/2020,09:32:22,865,854.4,60,861.1,80,0,69320
BANKNIFTY30JAN2032500PE.NFO,07/01/2020,09:32:23,865,851.9,20,860.85,20,0,69320
BANKNIFTY30JAN2032500PE.NFO,07/01/2020,09:32:24,852.7,847.7,20,859.95,20,80,69340
BANKNIFTY30JAN2032500PE.NFO,07/01/2020,09:32:25,852.7,845.5,20,859.9,20,0,69340
BANKNIFTY30JAN2032500PE.NFO,07/01/2020,09:32:26,852.7,850.55,60,857.8,60,0,69340
BANKNIFTY30JAN2032500PE.NFO,07/01/2020,09:32:27,852.7,849.9,60,856.2,20,0,69340
BANKNIFTY30JAN2032500PE.NFO,07/01/2020,09:32:28,852.7,846.65,80,859.9,20,0,69340
BANKNIFTY30JAN2032500PE.NFO,07/01/2020,09:32:29,852.7,849.7,60,855.7,60,0,69340
BANKNIFTY30JAN2032500PE.NFO,07/01/2020,09:32:30,852.7,848.4,60,854.1,60,0,69340
BANKNIFTY30JAN2032500PE.NFO,07/01/2020,09:32:31,852.7,847.35,20,859.85,20,0,69340
BANKNIFTY30JAN2032500PE.NFO,07/01/2020,09:32:32,852.7,844.7,20,853.4,20,0,69340
BANKNIFTY30JAN2032500PE.NFO,07/01/2020,09:32:33,852.75,844.9,20,855,20,40,69340
BANKNIFTY30JAN2032500PE.NFO,07/01/2020,09:32:34,852.75,845.5,20,855,20,0,69340
BANKNIFTY30JAN2032500PE.NFO,07/01/2020,09:32:35,852.75,840.9,20,855,20,0,69340
BANKNIFTY30JAN2032500PE.NFO,07/01/2020,09:32:36,852.75,841.6,20,851.7,20,0,69340
BANKNIFTY30JAN2032500PE.NFO,07/01/2020,09:32:37,852.75,845.85,60,851.25,60,0,69340
BANKNIFTY30JAN2032500PE.NFO,07/01/2020,09:32:38,852.75,842.2,20,851.2,20,0,69340
BANKNIFTY30JAN2032500PE.NFO,07/01/2020,09:32:39,852.75,844,60,850.55,80,0,69340
BANKNIFTY30JAN2032500PE.NFO,07/01/2020,09:32:40,852.75,840.25,20,850.8,20,0,69340
BANKNIFTY30JAN2032500PE.NFO,07/01/2020,09:32:41,852.75,842.55,60,848.4,20,0,69340
BANKNIFTY30JAN2032500PE.NFO,07/01/2020,09:32:42,852.75,843.6,60,849.1,60,0,69340
BANKNIFTY30JAN2032500PE.NFO,07/01/2020,09:32:43,852.75,841.5,20,853.95,20,0,69340
BANKNIFTY30JAN2032500PE.NFO,07/01/2020,09:32:44,852.75,839.95,40,854,20,0,69340
BANKNIFTY30JAN2032500PE.NFO,07/01/2020,09:32:45,852.75,840.9,20,853.95,40,0,69340
BANKNIFTY30JAN2032500PE.NFO,07/01/2020,09:32:46,852.75,842.8,60,848.25,60,0,69340
BANKNIFTY30JAN2032500PE.NFO,07/01/2020,09:32:47,852.75,841,20,847.95,20,0,69340
BANKNIFTY30JAN2032500PE.NFO,07/01/2020,09:32:48,852.75,842.55,60,848,60,0,69340
BANKNIFTY30JAN2032500PE.NFO,07/01/2020,09:32:49,852.75,841.65,20,852.85,20,0,69340
BANKNIFTY30JAN2032500PE.NFO,07/01/2020,09:32:50,852.75,841.65,20,853.85,20,0,69340
BANKNIFTY30JAN2032500PE.NFO,07/01/2020,09:32:51,852.75,842.85,60,848.3,80,0,69340
BANKNIFTY30JAN2032500PE.NFO,07/01/2020,09:32:53,852.75,841.75,20,853.6,20,0,69340
BANKNIFTY30JAN2032500PE.NFO,07/01/2020,09:32:54,852.75,839.9,20,853.65,20,0,69340
BANKNIFTY30JAN2032500PE.NFO,07/01/2020,09:32:55,852.75,842,20,853.55,20,0,69340
BANKNIFTY30JAN2032500PE.NFO,07/01/2020,09:32:56,852.75,840.05,40,854,20,0,69340
BANKNIFTY30JAN2032500PE.NFO,07/01/2020,09:32:57,852.75,841.85,40,854,20,0,69340
BANKNIFTY30JAN2032500PE.NFO,07/01/2020,09:32:58,852.75,842.5,20,854,20,0,69340
BANKNIFTY30JAN2032500PE.NFO,07/01/2020,09:32:59,852.75,841.8,20,854,20,0,69340
BANKNIFTY30JAN2032500PE.NFO,07/01/2020,09:33:00,852.75,839.4,160,854,20,0,69340
BANKNIFTY30JAN2032500PE.NFO,07/01/2020,09:33:01,852.75,844.5,60,850.2,80,0,69340
BANKNIFTY30JAN2032500PE.NFO,07/01/2020,09:33:02,852.75,843.35,60,848.8,60,0,69340
BANKNIFTY30JAN2032500PE.NFO,07/01/2020,09:33:03,852.75,845.2,60,850.6,20,0,69340
BANKNIFTY30JAN2032500PE.NFO,07/01/2020,09:33:04,852.75,845.9,60,851.45,80,0,69340
BANKNIFTY30JAN2032500PE.NFO,07/01/2020,09:33:05,852.75,847.1,60,852.55,80,0,69340
BANKNIFTY30JAN2032500PE.NFO,07/01/2020,09:33:06,852.75,848.15,60,853.6,60,0,69340
BANKNIFTY30JAN2032500PE.NFO,07/01/2020,09:33:07,852.75,845.2,40,854,20,0,69340
BANKNIFTY30JAN2032500PE.NFO,07/01/2020,09:33:08,852.75,846.85,60,853.4,80,0,69340
BANKNIFTY30JAN2032500PE.NFO,07/01/2020,09:33:09,852.75,846.55,60,852.15,60,0,69340
BANKNIFTY30JAN2032500PE.NFO,07/01/2020,09:33:10,852.75,844.35,60,850.6,20,0,69340
BANKNIFTY30JAN2032500PE.NFO,07/01/2020,09:33:11,852.75,844.8,60,850.25,60,0,69340
BANKNIFTY30JAN2032500PE.NFO,07/01/2020,09:33:12,852.75,842.35,160,849.45,20,0,69340
BANKNIFTY30JAN2032500PE.NFO,07/01/2020,09:33:13,852.75,842.35,80,852.1,40,0,69340
BANKNIFTY30JAN2032500PE.NFO,07/01/2020,09:33:14,852.75,842.4,20,850.9,40,0,69340
BANKNIFTY30JAN2032500PE.NFO,07/01/2020,09:33:15,852.75,840.25,20,851.55,40,0,69340
BANKNIFTY30JAN2032500PE.NFO,07/01/2020,09:33:16,852.75,844.8,60,850.5,60,0,69340
BANKNIFTY30JAN2032500PE.NFO,07/01/2020,09:33:17,852.75,843.8,60,849.25,60,0,69340
BANKNIFTY30JAN2032500PE.NFO,07/01/2020,09:33:18,852.75,843.55,20,848.55,20,0,69340
BANKNIFTY30JAN2032500PE.NFO,07/01/2020,09:33:19,852.75,843.65,20,848.85,80,0,69340
BANKNIFTY30JAN2032500PE.NFO,07/01/2020,09:33:20,848.1,840.35,20,852.55,20,20,69340
BANKNIFTY30JAN2032500PE.NFO,07/01/2020,09:33:21,848.1,843.35,20,848.75,80,0,69340
BANKNIFTY30JAN2032500PE.NFO,07/01/2020,09:33:22,848.1,843.4,60,848.85,80,0,69340
BANKNIFTY30JAN2032500PE.NFO,07/01/2020,09:33:23,848.1,841.8,20,856.25,20,0,69340
BANKNIFTY30JAN2032500PE.NFO,07/01/2020,09:33:24,848.1,843.25,60,848.7,60,0,69340
BANKNIFTY30JAN2032500PE.NFO,07/01/2020,09:33:25,848.1,843.3,60,848.75,60,0,69340
BANKNIFTY30JAN2032500PE.NFO,07/01/2020,09:33:26,848.1,843.25,60,848.7,60,0,69340
BANKNIFTY30JAN2032500PE.NFO,07/01/2020,09:33:27,848.1,842.9,60,848.5,20,0,69340
BANKNIFTY30JAN2032500PE.NFO,07/01/2020,09:33:28,848.1,842.15,20,852.85,40,0,69340
BANKNIFTY30JAN2032500PE.NFO,07/01/2020,09:33:29,848.1,842.5,20,850,20,0,69340
BANKNIFTY30JAN2032500PE.NFO,07/01/2020,09:33:30,848.1,842.5,20,848.55,80,0,69340
BANKNIFTY30JAN2032500PE.NFO,07/01/2020,09:33:31,848.1,842.1,20,847.75,60,0,69340
BANKNIFTY30JAN2032500PE.NFO,07/01/2020,09:33:32,847.7,842.4,20,847.85,20,60,69340
BANKNIFTY30JAN2032500PE.NFO,07/01/2020,09:33:33,847.7,842.05,20,847.9,80,0,69340
BANKNIFTY30JAN2032500PE.NFO,07/01/2020,09:33:34,847.7,841.9,20,847.85,80,0,69340
BANKNIFTY30JAN2032500PE.NFO,07/01/2020,09:33:35,847.7,845,20,847.6,60,0,69340
BANKNIFTY30JAN2032500PE.NFO,07/01/2020,09:33:36,846.85,845,20,847.05,60,20,69340
BANKNIFTY30JAN2032500PE.NFO,07/01/2020,09:33:37,846.85,845,20,847,60,0,69340
BANKNIFTY30JAN2032500PE.NFO,07/01/2020,09:33:38,846.85,845,20,847.4,60,0,69340
BANKNIFTY30JAN2032500PE.NFO,07/01/2020,09:33:39,846.85,845,20,851.35,20,0,69340
BANKNIFTY30JAN2032500PE.NFO,07/01/2020,09:33:40,845,836.3,20,851,40,20,69340
BANKNIFTY30JAN2032500PE.NFO,07/01/2020,09:33:41,845,836.5,40,847.9,40,0,69340
BANKNIFTY30JAN2032500PE.NFO,07/01/2020,09:33:42,845,838.25,60,845.45,60,0,69340
BANKNIFTY30JAN2032500PE.NFO,07/01/2020,09:33:43,845,838.65,60,844.3,80,0,69340
BANKNIFTY30JAN2032500PE.NFO,07/01/2020,09:33:44,845,835.5,20,850.75,20,0,69340
BANKNIFTY30JAN2032500PE.NFO,07/01/2020,09:33:45,845,838.1,20,850.3,40,0,69340
BANKNIFTY30JAN2032500PE.NFO,07/01/2020,09:33:46,845,840.05,60,845.5,60,0,69340
BANKNIFTY30JAN2032500PE.NFO,07/01/2020,09:33:47,845,840,60,845.45,60,0,69340
BANKNIFTY30JAN2032500PE.NFO,07/01/2020,09:33:48,845,837.2,180,848.45,20,0,69340
BANKNIFTY30JAN2032500PE.NFO,07/01/2020,09:33:49,845,837.25,20,845.15,20,0,69340
BANKNIFTY30JAN2032500PE.NFO,07/01/2020,09:33:50,845,834.6,20,848.25,20,0,69340
BANKNIFTY30JAN2032500PE.NFO,07/01/2020,09:33:51,845,835.45,40,847.45,40,0,69340
BANKNIFTY30JAN2032500PE.NFO,07/01/2020,09:33:52,845,838.4,60,844.1,60,0,69340
BANKNIFTY30JAN2032500PE.NFO,07/01/2020,09:33:54,845,836.05,20,848.25,20,0,69340
BANKNIFTY30JAN2032500PE.NFO,07/01/2020,09:33:55,845,835.95,20,848.25,40,0,69340
BANKNIFTY30JAN2032500PE.NFO,07/01/2020,09:33:56,845,836.45,80,844.1,20,0,69340
BANKNIFTY30JAN2032500PE.NFO,07/01/2020,09:33:57,845,833.5,640,848.1,20,0,69340
BANKNIFTY30JAN2032500PE.NFO,07/01/2020,09:33:58,845,838.25,60,843.7,60,0,69340
BANKNIFTY30JAN2032500PE.NFO,07/01/2020,09:33:59,845,835.1,20,844.9,20,0,69340
BANKNIFTY30JAN2032500PE.NFO,07/01/2020,09:34:00,845,836.2,60,841.65,60,0,69340
BANKNIFTY30JAN2032500PE.NFO,07/01/2020,09:34:01,845,833.8,80,844.85,20,0,69340
BANKNIFTY30JAN2032500PE.NFO,07/01/2020,09:34:02,845,836.6,60,841.95,20,0,69340
BANKNIFTY30JAN2032500PE.NFO,07/01/2020,09:34:03,842.4,838.95,60,844.6,60,100,69340
BANKNIFTY30JAN2032500PE.NFO,07/01/2020,09:34:04,842.4,833.9,20,844.95,40,0,69340
BANKNIFTY30JAN2032500PE.NFO,07/01/2020,09:34:05,842.4,839.9,60,844.95,40,0,69340
BANKNIFTY30JAN2032500PE.NFO,07/01/2020,09:34:06,842.4,835.85,20,844.95,40,0,69340
BANKNIFTY30JAN2032500PE.NFO,07/01/2020,09:34:07,842.4,841,60,845,20,0,69340
BANKNIFTY30JAN2032500PE.NFO,07/01/2020,09:34:08,845,843.8,60,850.35,40,20,69340
BANKNIFTY30JAN2032500PE.NFO,07/01/2020,09:34:09,845,839.75,20,851.6,40,0,69340
BANKNIFTY30JAN2032500PE.NFO,07/01/2020,09:34:10,845,837.2,20,851.6,40,0,69340
BANKNIFTY30JAN2032500PE.NFO,07/01/2020,09:34:11,845,841.5,20,851.5,40,0,69340
BANKNIFTY30JAN2032500PE.NFO,07/01/2020,09:34:12,845,844.95,60,850.65,60,0,69340
BANKNIFTY30JAN2032500PE.NFO,07/01/2020,09:34:13,845,839.3,20,851.5,40,0,69340
BANKNIFTY30JAN2032500PE.NFO,07/01/2020,09:34:14,845,837.75,40,851.5,40,0,69340
BANKNIFTY30JAN2032500PE.NFO,07/01/2020,09:34:15,845,844,60,850.9,40,0,69340
BANKNIFTY30JAN2032500PE.NFO,07/01/2020,09:34:16,845,844.35,60,850.2,60,0,69340
BANKNIFTY30JAN2032500PE.NFO,07/01/2020,09:34:17,845,844.85,60,851.15,40,0,69340
BANKNIFTY30JAN2032500PE.NFO,07/01/2020,09:34:18,845,844.9,60,851.55,100,0,69340
BANKNIFTY30JAN2032500PE.NFO,07/01/2020,09:34:19,845,839.85,40,851.5,40,0,69340
BANKNIFTY30JAN2032500PE.NFO,07/01/2020,09:34:20,845,848.55,60,854.55,60,0,69340
BANKNIFTY30JAN2032500PE.NFO,07/01/2020,09:34:21,845,848.1,60,854.15,60,0,69340
BANKNIFTY30JAN2032500PE.NFO,07/01/2020,09:34:22,845,843.25,40,855.8,40,0,69340
BANKNIFTY30JAN2032500PE.NFO,07/01/2020,09:34:23,845,847.9,20,855.75,80,0,69340
BANKNIFTY30JAN2032500PE.NFO,07/01/2020,09:34:24,845,847.2,20,854.35,40,0,69340
BANKNIFTY30JAN2032500PE.NFO,07/01/2020,09:34:25,845,848.05,20,855.7,40,0,69340
BANKNIFTY30JAN2032500PE.NFO,07/01/2020,09:34:27,845,846.05,20,859.8,40,0,69340
BANKNIFTY30JAN2032500PE.NFO,07/01/2020,09:34:28,845,853.9,60,859.95,80,0,69340
BANKNIFTY30JAN2032500PE.NFO,07/01/2020,09:34:29,845,847.45,20,859.9,40,0,69340
BANKNIFTY30JAN2032500PE.NFO,07/01/2020,09:34:30,845,847.65,20,859.9,40,0,69340
BANKNIFTY30JAN2032500PE.NFO,07/01/2020,09:34:31,845,852.1,80,858.65,60,0,69340
BANKNIFTY30JAN2032500PE.NFO,07/01/2020,09:34:32,845,848.95,20,859.9,40,0,69340
BANKNIFTY30JAN2032500PE.NFO,07/01/2020,09:34:33,845,849.9,20,860,20,0,69340
BANKNIFTY30JAN2032500PE.NFO,07/01/2020,09:34:34,845,854.5,60,859.95,60,0,69340
BANKNIFTY30JAN2032500PE.NFO,07/01/2020,09:34:35,845,854.4,60,859.95,40,0,69340
BANKNIFTY30JAN2032500PE.NFO,07/01/2020,09:34:36,845,852.8,40,859.95,40,0,69340
BANKNIFTY30JAN2032500PE.NFO,07/01/2020,09:34:37,845,855.05,20,859.95,40,0,69340
BANKNIFTY30JAN2032500PE.NFO,07/01/2020,09:34:38,845,854.7,80,859.95,40,0,69340
BANKNIFTY30JAN2032500PE.NFO,07/01/2020,09:34:39,854.7,855.25,80,860,20,20,69340
BANKNIFTY30JAN2032500PE.NFO,07/01/2020,09:34:40,854.7,855.75,20,860,20,0,69340
BANKNIFTY30JAN2032500PE.NFO,07/01/2020,09:34:43,854.7,853.05,80,859.7,40,0,69340
BANKNIFTY30JAN2032500PE.NFO,07/01/2020,09:34:44,854.7,854.55,60,859.95,40,0,69340
BANKNIFTY30JAN2032500PE.NFO,07/01/2020,09:34:45,854.7,854.8,80,860,20,0,69340
BANKNIFTY30JAN2032500PE.NFO,07/01/2020,09:34:46,854.7,854.25,60,860,60,0,69340
BANKNIFTY30JAN2032500PE.NFO,07/01/2020,09:34:47,860,854.6,20,860.95,40,20,69340
BANKNIFTY30JAN2032500PE.NFO,07/01/2020,09:34:48,860,852.6,60,860,60,0,69340
BANKNIFTY30JAN2032500PE.NFO,07/01/2020,09:34:49,860,848.45,20,860.95,40,0,69340
BANKNIFTY30JAN2032500PE.NFO,07/01/2020,09:34:50,860,852.35,60,858.55,100,0,69340
BANKNIFTY30JAN2032500PE.NFO,07/01/2020,09:34:51,860,853,80,859.3,100,0,69340
BANKNIFTY30JAN2032500PE.NFO,07/01/2020,09:34:52,860,851.75,60,857.2,60,0,69340
BANKNIFTY30JAN2032500PE.NFO,07/01/2020,09:34:53,860,854.2,60,859.65,60,0,69340
BANKNIFTY30JAN2032500PE.NFO,07/01/2020,09:34:54,860,848.95,100,860.95,40,0,69340
BANKNIFTY30JAN2032500PE.NFO,07/01/2020,09:34:55,860,856.6,60,862.1,60,0,69340
BANKNIFTY30JAN2032500PE.NFO,07/01/2020,09:34:56,860,856.6,60,862.05,60,0,69340
BANKNIFTY30JAN2032500PE.NFO,07/01/2020,09:34:57,860,856.1,60,861.6,60,0,69340
BANKNIFTY30JAN2032500PE.NFO,07/01/2020,09:34:58,860,850.7,20,862.6,40,0,69340
BANKNIFTY30JAN2032500PE.NFO,07/01/2020,09:34:59,860,848.9,280,863.15,60,0,69340
BANKNIFTY30JAN2032500PE.NFO,07/01/2020,09:35:00,860,852.7,60,858.85,40,0,69340
BANKNIFTY30JAN2032500PE.NFO,07/01/2020,09:35:01,860,846.75,20,861.8,40,0,69340
BANKNIFTY30JAN2032500PE.NFO,07/01/2020,09:35:02,860,853.85,60,859.3,100,0,69340
BANKNIFTY30JAN2032500PE.NFO,07/01/2020,09:35:03,860,854.5,60,859.7,20,0,69340
BANKNIFTY30JAN2032500PE.NFO,07/01/2020,09:35:04,860,854.45,60,859.9,60,0,69340
BANKNIFTY30JAN2032500PE.NFO,07/01/2020,09:35:05,860,852.25,20,860.95,100,0,69340
BANKNIFTY30JAN2032500PE.NFO,07/01/2020,09:35:06,860,853.7,60,859.15,60,0,69340
BANKNIFTY30JAN2032500PE.NFO,07/01/2020,09:35:07,860,847.8,40,860.2,60,0,69340
BANKNIFTY30JAN2032500PE.NFO,07/01/2020,09:35:08,847.8,850.55,20,862.1,180,20,69340
BANKNIFTY30JAN2032500PE.NFO,07/01/2020,09:35:09,847.8,855.7,60,861.15,60,0,69340
BANKNIFTY30JAN2032500PE.NFO,07/01/2020,09:35:10,847.8,850.25,280,861.3,40,0,69340
BANKNIFTY30JAN2032500PE.NFO,07/01/2020,09:35:11,847.8,854.75,60,860.3,60,0,69340
BANKNIFTY30JAN2032500PE.NFO,07/01/2020,09:35:12,847.8,849.35,100,860.9,40,0,69340
BANKNIFTY30JAN2032500PE.NFO,07/01/2020,09:35:13,847.8,854,20,862.1,220,0,69340
BANKNIFTY30JAN2032500PE.NFO,07/01/2020,09:35:14,847.8,855.4,60,860.85,60,0,69340
BANKNIFTY30JAN2032500PE.NFO,07/01/2020,09:35:15,847.8,855.3,60,860.8,60,0,69340
BANKNIFTY30JAN2032500PE.NFO,07/01/2020,09:35:16,847.8,855.6,60,861.05,60,0,69340
BANKNIFTY30JAN2032500PE.NFO,07/01/2020,09:35:17,847.8,855.7,60,861.15,60,0,69340
BANKNIFTY30JAN2032500PE.NFO,07/01/2020,09:35:18,847.8,851.8,40,862.15,40,0,69340
BANKNIFTY30JAN2032500PE.NFO,07/01/2020,09:35:19,847.8,855.75,20,862.7,40,0,69340
BANKNIFTY30JAN2032500PE.NFO,07/01/2020,09:35:20,847.8,857.5,60,862.95,60,0,69340
BANKNIFTY30JAN2032500PE.NFO,07/01/2020,09:35:21,847.8,857.7,60,863.15,60,0,69340
BANKNIFTY30JAN2032500PE.NFO,07/01/2020,09:35:22,847.8,858.45,60,863.9,60,0,69340
BANKNIFTY30JAN2032500PE.NFO,07/01/2020,09:35:23,847.8,859.05,60,864.45,40,0,69340
BANKNIFTY30JAN2032500PE.NFO,07/01/2020,09:35:24,847.8,858.5,80,863.95,60,0,69340
BANKNIFTY30JAN2032500PE.NFO,07/01/2020,09:35:25,847.8,858.7,60,864.15,60,0,69340
BANKNIFTY30JAN2032500PE.NFO,07/01/2020,09:35:26,847.8,857.5,20,866.2,40,0,69340
BANKNIFTY30JAN2032500PE.NFO,07/01/2020,09:35:27,864.55,854.8,40,866.15,40,20,69380
BANKNIFTY30JAN2032500PE.NFO,07/01/2020,09:35:28,864.55,859.35,20,865.45,60,0,69380
BANKNIFTY30JAN2032500PE.NFO,07/01/2020,09:35:29,864.55,859.5,80,865.65,60,0,69380
BANKNIFTY30JAN2032500PE.NFO,07/01/2020,09:35:30,864.55,859.5,20,866.05,100,0,69380
BANKNIFTY30JAN2032500PE.NFO,07/01/2020,09:35:31,864.55,859.7,60,866.75,60,0,69380
BANKNIFTY30JAN2032500PE.NFO,07/01/2020,09:35:32,864.55,860.15,60,866.25,60,0,69380
BANKNIFTY30JAN2032500PE.NFO,07/01/2020,09:35:33,864.55,859.65,80,866.85,100,0,69380
BANKNIFTY30JAN2032500PE.NFO,07/01/2020,09:35:34,864.55,859.4,60,865.05,40,0,69380
BANKNIFTY30JAN2032500PE.NFO,07/01/2020,09:35:35,864.55,859.5,80,866.8,100,0,69380
BANKNIFTY30JAN2032500PE.NFO,07/01/2020,09:35:36,864.55,860.65,20,867.9,40,0,69380
BANKNIFTY30JAN2032500PE.NFO,07/01/2020,09:35:37,864.55,858.95,20,867.25,80,0,69380
BANKNIFTY30JAN2032500PE.NFO,07/01/2020,09:35:38,864.55,862.05,60,867.95,80,0,69380
BANKNIFTY30JAN2032500PE.NFO,07/01/2020,09:35:39,864.55,862.65,60,867.95,40,0,69380
BANKNIFTY30JAN2032500PE.NFO,07/01/2020,09:35:40,864.55,863.75,60,869.7,100,0,69380
BANKNIFTY30JAN2032500PE.NFO,07/01/2020,09:35:41,864.55,866.55,60,871.45,40,0,69380
BANKNIFTY30JAN2032500PE.NFO,07/01/2020,09:35:42,871.45,865.6,60,871.55,60,40,69380
BANKNIFTY30JAN2032500PE.NFO,07/01/2020,09:35:43,871.45,864.05,20,878.3,20,0,69380
BANKNIFTY30JAN2032500PE.NFO,07/01/2020,09:35:44,871.45,864.2,20,880.2,20,0,69380
BANKNIFTY30JAN2032500PE.NFO,07/01/2020,09:35:45,871.45,869.25,20,876.25,100,0,69380
BANKNIFTY30JAN2032500PE.NFO,07/01/2020,09:35:46,871.45,869.75,80,876.8,100,0,69380
BANKNIFTY30JAN2032500PE.NFO,07/01/2020,09:35:47,871.45,865.1,20,880.2,200,0,69380
BANKNIFTY30JAN2032500PE.NFO,07/01/2020,09:35:48,871.45,866.15,20,873.35,20,0,69380
BANKNIFTY30JAN2032500PE.NFO,07/01/2020,09:35:49,871.45,864.5,20,872.05,40,0,69380
BANKNIFTY30JAN2032500PE.NFO,07/01/2020,09:35:50,871.45,861.15,20,872.45,40,0,69380
BANKNIFTY30JAN2032500PE.NFO,07/01/2020,09:35:51,871.45,862.85,60,869.55,60,0,69380
BANKNIFTY30JAN2032500PE.NFO,07/01/2020,09:35:52,871.45,862.75,60,869.35,60,0,69380
BANKNIFTY30JAN2032500PE.NFO,07/01/2020,09:35:53,871.45,862.85,60,868.85,100,0,69380
BANKNIFTY30JAN2032500PE.NFO,07/01/2020,09:35:54,871.45,862.5,80,869.25,100,0,69380
BANKNIFTY30JAN2032500PE.NFO,07/01/2020,09:35:55,871.45,863.65,20,871.5,40,0,69380
BANKNIFTY30JAN2032500PE.NFO,07/01/2020,09:35:56,871.45,862.95,60,869.8,60,0,69380
BANKNIFTY30JAN2032500PE.NFO,07/01/2020,09:35:57,871.45,862.7,80,869.05,60,0,69380
BANKNIFTY30JAN2032500PE.NFO,07/01/2020,09:35:59,871.45,862.75,100,872.45,40,0,69380
BANKNIFTY30JAN2032500PE.NFO,07/01/2020,09:36:00,868.9,861.05,60,872.45,40,40,69380
BANKNIFTY30JAN2032500PE.NFO,07/01/2020,09:36:01,868.9,861.3,40,873.2,40,0,69380
BANKNIFTY30JAN2032500PE.NFO,07/01/2020,09:36:02,868.9,865.2,60,870.9,60,0,69380
BANKNIFTY30JAN2032500PE.NFO,07/01/2020,09:36:03,868.9,866.3,60,872,60,0,69380
BANKNIFTY30JAN2032500PE.NFO,07/01/2020,09:36:04,868.9,867.7,60,873.4,60,0,69380
BANKNIFTY30JAN2032500PE.NFO,07/01/2020,09:36:06,868.9,867.4,60,873.3,100,0,69380
BANKNIFTY30JAN2032500PE.NFO,07/01/2020,09:36:07,868.9,866.35,60,872.95,60,0,69380
BANKNIFTY30JAN2032500PE.NFO,07/01/2020,09:36:08,868.9,866.75,60,872.45,100,0,69380
BANKNIFTY30JAN2032500PE.NFO,07/01/2020,09:36:09,868.9,864.2,60,870,60,0,69380
BANKNIFTY30JAN2032500PE.NFO,07/01/2020,09:36:10,868.9,862.75,60,869.15,60,0,69380
BANKNIFTY30JAN2032500PE.NFO,07/01/2020,09:36:11,868.9,863.25,60,869.6,60,0,69380
BANKNIFTY30JAN2032500PE.NFO,07/01/2020,09:36:12,868.9,861.65,60,867.55,40,0,69380
BANKNIFTY30JAN2032500PE.NFO,07/01/2020,09:36:13,868.9,859.25,60,865.6,60,0,69380
BANKNIFTY30JAN2032500PE.NFO,07/01/2020,09:36:14,868.9,856.3,20,867.9,40,0,69380
BANKNIFTY30JAN2032500PE.NFO,07/01/2020,09:36:15,868.9,860.7,60,866.4,60,0,69380
BANKNIFTY30JAN2032500PE.NFO,07/01/2020,09:36:16,868.9,862.5,60,867.95,100,0,69380
BANKNIFTY30JAN2032500PE.NFO,07/01/2020,09:36:17,868.9,862,60,867.95,40,0,69380
BANKNIFTY30JAN2032500PE.NFO,07/01/2020,09:36:18,868.9,862.95,60,868.65,100,0,69380
BANKNIFTY30JAN2032500PE.NFO,07/01/2020,09:36:19,868.9,863.15,60,870.15,100,0,69380
BANKNIFTY30JAN2032500PE.NFO,07/01/2020,09:36:20,868.9,858.95,20,873.85,40,0,69380
BANKNIFTY30JAN2032500PE.NFO,07/01/2020,09:36:21,868.9,865.6,60,871.3,60,0,69380
BANKNIFTY30JAN2032500PE.NFO,07/01/2020,09:36:22,868.9,862.8,80,874.05,40,0,69380
BANKNIFTY30JAN2032500PE.NFO,07/01/2020,09:36:23,868.9,861.8,20,874.05,40,0,69380
BANKNIFTY30JAN2032500PE.NFO,07/01/2020,09:36:24,868.9,864.5,60,871.65,60,0,69380
BANKNIFTY30JAN2032500PE.NFO,07/01/2020,09:36:25,868.9,860.15,20,871.2,40,0,69380
BANKNIFTY30JAN2032500PE.NFO,07/01/2020,09:36:26,868.9,863.55,60,870.45,60,0,69380
BANKNIFTY30JAN2032500PE.NFO,07/01/2020,09:36:27,868.9,865.2,60,871.25,40,0,69380
BANKNIFTY30JAN2032500PE.NFO,07/01/2020,09:36:28,868.9,861.05,20,874.05,40,0,69380
BANKNIFTY30JAN2032500PE.NFO,07/01/2020,09:36:29,868.9,862.75,20,874.05,40,0,69380
BANKNIFTY30JAN2032500PE.NFO,07/01/2020,09:36:30,868.9,864.15,60,870.25,100,0,69380
BANKNIFTY30JAN2032500PE.NFO,07/01/2020,09:36:31,868.9,862.8,20,874.05,40,0,69380
BANKNIFTY30JAN2032500PE.NFO,07/01/2020,09:36:32,868.9,862.85,60,869.8,100,0,69380
BANKNIFTY30JAN2032500PE.NFO,07/01/2020,09:36:33,868.9,861.05,80,872.8,60,0,69380
BANKNIFTY30JAN2032500PE.NFO,07/01/2020,09:36:34,868.9,861.15,20,869.75,40,0,69380
BANKNIFTY30JAN2032500PE.NFO,07/01/2020,09:36:35,868.9,861,20,872.15,60,0,69380
BANKNIFTY30JAN2032500PE.NFO,07/01/2020,09:36:36,868.9,862.3,60,867.75,60,0,69380
BANKNIFTY30JAN2032500PE.NFO,07/01/2020,09:36:37,868.9,862.35,60,867.8,60,0,69380
BANKNIFTY30JAN2032500PE.NFO,07/01/2020,09:36:38,868.9,860.05,80,871.95,40,0,69380
BANKNIFTY30JAN2032500PE.NFO,07/01/2020,09:36:39,868.9,861,20,871.55,60,0,69380
BANKNIFTY30JAN2032500PE.NFO,07/01/2020,09:36:40,868.9,859.55,20,871.55,40,0,69380
BANKNIFTY30JAN2032500PE.NFO,07/01/2020,09:36:41,868.9,862.2,60,867.65,60,0,69380
BANKNIFTY30JAN2032500PE.NFO,07/01/2020,09:36:42,868.9,863,60,868.4,40,0,69380
BANKNIFTY30JAN2032500PE.NFO,07/01/2020,09:36:43,868.9,862.85,60,868.25,40,0,69380
BANKNIFTY30JAN2032500PE.NFO,07/01/2020,09:36:44,868.9,859.25,20,871.55,40,0,69380
BANKNIFTY30JAN2032500PE.NFO,07/01/2020,09:36:45,868.9,859.35,120,871.25,40,0,69380
BANKNIFTY30JAN2032500PE.NFO,07/01/2020,09:36:46,868.9,862.55,60,868,60,0,69380
BANKNIFTY30JAN2032500PE.NFO,07/01/2020,09:36:47,868,863,60,868.8,60,20,69380
BANKNIFTY30JAN2032500PE.NFO,07/01/2020,09:36:48,868,859.5,40,869.65,40,0,69380
BANKNIFTY30JAN2032500PE.NFO,07/01/2020,09:36:49,868,856.75,60,871.15,60,0,69380
BANKNIFTY30JAN2032500PE.NFO,07/01/2020,09:36:50,868,861.5,60,866.95,60,0,69380
BANKNIFTY30JAN2032500PE.NFO,07/01/2020,09:36:51,868,854.6,20,867.9,40,0,69380
BANKNIFTY30JAN2032500PE.NFO,07/01/2020,09:36:52,868,861.15,60,866.7,60,0,69380
BANKNIFTY30JAN2032500PE.NFO,07/01/2020,09:36:53,868,854.75,20,867.8,120,0,69380
BANKNIFTY30JAN2032500PE.NFO,07/01/2020,09:36:54,868,854.8,100,867.8,140,0,69380
BANKNIFTY30JAN2032500PE.NFO,07/01/2020,09:36:55,868,857.5,40,867.85,140,0,69380
BANKNIFTY30JAN2032500PE.NFO,07/01/2020,09:36:56,868,854.75,20,867.9,40,0,69380
BANKNIFTY30JAN2032500PE.NFO,07/01/2020,09:36:57,868,854.8,140,867.9,40,0,69380
BANKNIFTY30JAN2032500PE.NFO,07/01/2020,09:36:58,868,854.75,20,867.85,220,0,69380
BANKNIFTY30JAN2032500PE.NFO,07/01/2020,09:36:59,868,854.95,20,867.9,40,0,69380
BANKNIFTY30JAN2032500PE.NFO,07/01/2020,09:37:00,868,855.8,40,867.95,40,0,69380
BANKNIFTY30JAN2032500PE.NFO,07/01/2020,09:37:01,868,855.05,20,872.55,180,0,69380
BANKNIFTY30JAN2032500PE.NFO,07/01/2020,09:37:02,868,855.05,20,870.5,60,0,69380
BANKNIFTY30JAN2032500PE.NFO,07/01/2020,09:37:03,868,855.1,60,870,60,0,69380
BANKNIFTY30JAN2032500PE.NFO,07/01/2020,09:37:04,868,855.2,180,868.9,60,0,69380
BANKNIFTY30JAN2032500PE.NFO,07/01/2020,09:37:05,868,855.6,40,868.8,40,0,69380
BANKNIFTY30JAN2032500PE.NFO,07/01/2020,09:37:06,868,855.65,220,868.8,40,0,69380
BANKNIFTY30JAN2032500PE.NFO,07/01/2020,09:37:07,868,855.8,40,868.3,60,0,69380
BANKNIFTY30JAN2032500PE.NFO,07/01/2020,09:37:08,868,855.7,20,868.05,60,0,69380
BANKNIFTY30JAN2032500PE.NFO,07/01/2020,09:37:09,868,858.65,40,874.15,20,0,69380
BANKNIFTY30JAN2032500PE.NFO,07/01/2020,09:37:10,868,858.45,40,873.15,60,0,69380
BANKNIFTY30JAN2032500PE.NFO,07/01/2020,09:37:11,868,862.8,60,869.7,60,0,69380
BANKNIFTY30JAN2032500PE.NFO,07/01/2020,09:37:12,868,863.25,60,869.95,100,0,69380
BANKNIFTY30JAN2032500PE.NFO,07/01/2020,09:37:13,868,863.5,60,869.95,100,0,69380
BANKNIFTY30JAN2032500PE.NFO,07/01/2020,09:37:14,868,858,60,873,200,0,69380
BANKNIFTY30JAN2032500PE.NFO,07/01/2020,09:37:15,868,864.8,60,870.3,60,0,69380
BANKNIFTY30JAN2032500PE.NFO,07/01/2020,09:37:16,868,864.65,60,870.1,60,0,69380
BANKNIFTY30JAN2032500PE.NFO,07/01/2020,09:37:17,868,863.75,60,869.2,60,0,69380
BANKNIFTY30JAN2032500PE.NFO,07/01/2020,09:37:18,868,863.5,60,869.25,60,0,69380
BANKNIFTY30JAN2032500PE.NFO,07/01/2020,09:37:19,868,858.15,220,870.2,140,0,69380
BANKNIFTY30JAN2032500PE.NFO,07/01/2020,09:37:20,868,864.65,60,870.4,60,0,69380
BANKNIFTY30JAN2032500PE.NFO,07/01/2020,09:37:21,868,865.75,60,871.45,60,0,69380
