Ticker,Date,Time,LTP,BuyPrice,BuyQty,SellPrice,SellQty,LTQ,OpenInterest
BANKNIFTY09JAN2033800CE.NFO,07/01/2020,09:15:01,0.25,0.25,2720,0,0,280,3300
BANKNIFTY09JAN2033800CE.NFO,07/01/2020,09:15:01,0.25,0.25,2720,0,0,0,3300
BANKNIFTY09JAN2033800CE.NFO,07/01/2020,09:15:01,0.25,0.25,2720,0,0,0,3300
BANKNIFTY09JAN2033800CE.NFO,07/01/2020,09:15:01,0.25,0.25,2720,0,0,0,3300
BANKNIFTY09JAN2033800CE.NFO,07/01/2020,09:15:12,0.25,0.55,100,0,0,0,3300
BANKNIFTY09JAN2033800CE.NFO,07/01/2020,09:16:16,0.25,0.6,200,0,0,0,3300
BANKNIFTY09JAN2033800CE.NFO,07/01/2020,09:17:01,0.25,0.6,200,4,280,0,3300
BANKNIFTY09JAN2033800CE.NFO,07/01/2020,09:17:35,0.25,1.05,200,4,280,0,3300
BANKNIFTY09JAN2033800CE.NFO,07/01/2020,09:18:49,0.25,1.1,20,4,280,0,3300
BANKNIFTY09JAN2033800CE.NFO,07/01/2020,09:18:51,0.25,1.1,1100,4,280,0,3300
BANKNIFTY09JAN2033800CE.NFO,07/01/2020,09:20:48,0.25,1.1,1100,3.9,260,0,3300
BANKNIFTY09JAN2033800CE.NFO,07/01/2020,09:20:51,0.25,1.1,1100,3.5,860,0,3300
BANKNIFTY09JAN2033800CE.NFO,07/01/2020,09:23:11,0.25,1.55,20,3.45,280,0,3300
BANKNIFTY09JAN2033800CE.NFO,07/01/2020,09:23:17,0.25,1.7,500,3.45,280,0,3300
BANKNIFTY09JAN2033800CE.NFO,07/01/2020,09:23:45,0.25,1.75,20,3.45,280,0,3300
BANKNIFTY09JAN2033800CE.NFO,07/01/2020,09:23:46,0.25,1.8,20,3.45,280,0,3300
BANKNIFTY09JAN2033800CE.NFO,07/01/2020,09:23:56,0.25,1.85,20,3.45,280,0,3300
BANKNIFTY09JAN2033800CE.NFO,07/01/2020,09:24:37,0.25,2.05,200,3.45,280,0,3300
BANKNIFTY09JAN2033800CE.NFO,07/01/2020,09:24:55,2.05,1.8,20,2.05,80,200,3580
BANKNIFTY09JAN2033800CE.NFO,07/01/2020,09:24:55,2.05,1.8,20,2.05,80,0,3580
BANKNIFTY09JAN2033800CE.NFO,07/01/2020,09:25:05,2.05,1.85,20,2.85,20,0,3580
BANKNIFTY09JAN2033800CE.NFO,07/01/2020,09:25:16,1.8,1.7,500,1.8,40,40,3580
BANKNIFTY09JAN2033800CE.NFO,07/01/2020,09:25:21,1.7,1.7,460,3.4,280,40,3580
BANKNIFTY09JAN2033800CE.NFO,07/01/2020,09:25:23,1.7,1.7,460,3.4,280,0,3580
BANKNIFTY09JAN2033800CE.NFO,07/01/2020,09:25:24,1.7,1.7,460,3.25,20,0,3580
BANKNIFTY09JAN2033800CE.NFO,07/01/2020,09:25:30,1.7,1.15,460,3.25,280,0,3580
BANKNIFTY09JAN2033800CE.NFO,07/01/2020,09:25:46,1.7,1.15,460,2.75,20,0,3580
BANKNIFTY09JAN2033800CE.NFO,07/01/2020,09:25:49,1.7,1.15,460,2.5,300,0,3580
BANKNIFTY09JAN2033800CE.NFO,07/01/2020,09:25:58,1.7,1.15,460,2.45,280,0,3580
BANKNIFTY09JAN2033800CE.NFO,07/01/2020,09:26:00,1.7,1.15,460,2.2,300,0,3580
BANKNIFTY09JAN2033800CE.NFO,07/01/2020,09:26:48,1.7,1.2,300,2.2,300,0,3380
BANKNIFTY09JAN2033800CE.NFO,07/01/2020,09:26:56,1.7,1.25,20,2.2,300,0,3380
BANKNIFTY09JAN2033800CE.NFO,07/01/2020,09:27:19,1.7,1.25,20,2,300,0,3380
BANKNIFTY09JAN2033800CE.NFO,07/01/2020,09:27:36,2,1.25,20,2,280,20,3380
BANKNIFTY09JAN2033800CE.NFO,07/01/2020,09:27:44,2,1.25,20,2,240,40,3380
BANKNIFTY09JAN2033800CE.NFO,07/01/2020,09:28:12,2,1.25,20,2,240,0,3380
BANKNIFTY09JAN2033800CE.NFO,07/01/2020,09:30:02,2,1.4,20,3.2,20,0,3380
BANKNIFTY09JAN2033800CE.NFO,07/01/2020,09:30:05,2,1.55,20,3.2,260,0,3380
BANKNIFTY09JAN2033800CE.NFO,07/01/2020,09:30:53,2,1.55,20,2.95,20,0,3380
BANKNIFTY09JAN2033800CE.NFO,07/01/2020,09:31:39,2.95,1.55,20,3,740,20,3380
BANKNIFTY09JAN2033800CE.NFO,07/01/2020,09:31:39,2.95,1.55,20,3,740,0,3380
BANKNIFTY09JAN2033800CE.NFO,07/01/2020,09:31:45,3,1.55,20,3,720,20,3320
BANKNIFTY09JAN2033800CE.NFO,07/01/2020,09:31:45,3,1.55,20,3,720,0,3320
BANKNIFTY09JAN2033800CE.NFO,07/01/2020,09:31:49,2.95,1.55,20,2.95,420,20,3320
BANKNIFTY09JAN2033800CE.NFO,07/01/2020,09:31:50,2.95,1.55,20,2.9,460,0,3320
BANKNIFTY09JAN2033800CE.NFO,07/01/2020,09:31:51,2.9,1.55,20,2.9,420,40,3320
BANKNIFTY09JAN2033800CE.NFO,07/01/2020,09:31:55,2.9,1.55,20,2.9,400,20,3320
BANKNIFTY09JAN2033800CE.NFO,07/01/2020,09:31:59,2.9,1.55,20,2.9,380,20,3320
BANKNIFTY09JAN2033800CE.NFO,07/01/2020,09:32:01,2.9,1.55,20,2.9,360,20,3320
BANKNIFTY09JAN2033800CE.NFO,07/01/2020,09:32:03,2.9,1.55,20,2.85,440,0,3320
BANKNIFTY09JAN2033800CE.NFO,07/01/2020,09:32:05,2.85,1.55,20,2.85,420,20,3320
BANKNIFTY09JAN2033800CE.NFO,07/01/2020,09:32:07,2.85,1.55,20,2.8,360,0,3320
BANKNIFTY09JAN2033800CE.NFO,07/01/2020,09:32:12,2.85,1.55,20,2.75,440,0,3320
BANKNIFTY09JAN2033800CE.NFO,07/01/2020,09:32:13,2.85,1.55,20,2.7,640,0,3320
BANKNIFTY09JAN2033800CE.NFO,07/01/2020,09:32:15,2.85,1.55,20,2.65,460,0,3320
BANKNIFTY09JAN2033800CE.NFO,07/01/2020,09:32:19,2.85,1.55,20,2.6,640,0,3320
BANKNIFTY09JAN2033800CE.NFO,07/01/2020,09:32:38,2.6,1.55,20,2.6,620,20,3300
BANKNIFTY09JAN2033800CE.NFO,07/01/2020,09:32:43,2.6,1.55,20,2.6,600,20,3300
BANKNIFTY09JAN2033800CE.NFO,07/01/2020,09:32:44,2.6,2,100,2.6,600,0,3300
BANKNIFTY09JAN2033800CE.NFO,07/01/2020,09:32:47,2.6,2,100,2.6,520,80,3300
BANKNIFTY09JAN2033800CE.NFO,07/01/2020,09:32:51,2.6,2,100,2.5,440,0,3300
BANKNIFTY09JAN2033800CE.NFO,07/01/2020,09:35:11,2.5,2,100,2.5,340,100,3300
BANKNIFTY09JAN2033800CE.NFO,07/01/2020,09:35:17,2.45,2,100,2.45,640,100,3400
BANKNIFTY09JAN2033800CE.NFO,07/01/2020,09:35:18,2.45,2,100,2.45,640,0,3400
BANKNIFTY09JAN2033800CE.NFO,07/01/2020,09:36:54,2.45,2,100,2.6,260,0,3400
BANKNIFTY09JAN2033800CE.NFO,07/01/2020,09:37:22,2.6,2,100,2.6,240,20,3400
BANKNIFTY09JAN2033800CE.NFO,07/01/2020,09:37:24,2.6,2,100,2.6,220,20,3400
BANKNIFTY09JAN2033800CE.NFO,07/01/2020,09:37:26,2.6,2,100,2.6,140,80,3400
BANKNIFTY09JAN2033800CE.NFO,07/01/2020,09:37:27,2.6,2,100,2.6,100,40,3400
BANKNIFTY09JAN2033800CE.NFO,07/01/2020,09:37:29,2.6,2,100,2.6,100,0,3400
BANKNIFTY09JAN2033800CE.NFO,07/01/2020,09:37:36,2.6,2,100,2.6,80,20,3400
BANKNIFTY09JAN2033800CE.NFO,07/01/2020,09:37:37,2.6,2,100,2.6,60,20,3400
BANKNIFTY09JAN2033800CE.NFO,07/01/2020,09:37:40,2.6,2,100,2.6,40,20,3400
BANKNIFTY09JAN2033800CE.NFO,07/01/2020,09:37:55,2.6,2.05,80,2.6,60,0,3400
BANKNIFTY09JAN2033800CE.NFO,07/01/2020,09:41:45,2.6,2.05,220,2.6,60,0,3400
BANKNIFTY09JAN2033800CE.NFO,07/01/2020,09:49:24,2.6,2.05,140,2.6,60,0,3400
BANKNIFTY09JAN2033800CE.NFO,07/01/2020,09:50:21,2.6,2.05,140,2.6,260,0,3400
BANKNIFTY09JAN2033800CE.NFO,07/01/2020,09:50:37,2.6,2.05,140,2.5,20,0,3400
BANKNIFTY09JAN2033800CE.NFO,07/01/2020,09:50:51,2.6,2.05,140,2.5,260,0,3400
BANKNIFTY09JAN2033800CE.NFO,07/01/2020,09:50:56,2.6,2,100,2.5,260,0,3400
BANKNIFTY09JAN2033800CE.NFO,07/01/2020,09:51:08,2.6,2,100,2.4,20,0,3400
BANKNIFTY09JAN2033800CE.NFO,07/01/2020,09:51:09,2,1.65,20,2,100,100,3280
BANKNIFTY09JAN2033800CE.NFO,07/01/2020,09:51:14,2,1.65,20,2.4,260,0,3280
BANKNIFTY09JAN2033800CE.NFO,07/01/2020,09:51:26,2,1.65,20,2.4,460,0,3280
BANKNIFTY09JAN2033800CE.NFO,07/01/2020,09:51:47,2,1.65,20,2,200,0,3280
BANKNIFTY09JAN2033800CE.NFO,07/01/2020,09:52:19,1.55,1.55,80,2.1,20,200,3280
BANKNIFTY09JAN2033800CE.NFO,07/01/2020,09:52:29,1.55,1.55,380,2.1,240,0,3280
BANKNIFTY09JAN2033800CE.NFO,07/01/2020,09:54:53,1.55,1.55,380,2.1,1220,0,3280
BANKNIFTY09JAN2033800CE.NFO,07/01/2020,09:55:17,1.55,1.6,20,2.1,1220,0,3280
BANKNIFTY09JAN2033800CE.NFO,07/01/2020,09:57:30,1.55,1.65,100,2.05,280,0,3280
BANKNIFTY09JAN2033800CE.NFO,07/01/2020,09:57:43,1.55,1.7,20,2.05,280,0,3280
BANKNIFTY09JAN2033800CE.NFO,07/01/2020,09:58:44,1.55,1.65,100,2.05,280,0,3280
BANKNIFTY09JAN2033800CE.NFO,07/01/2020,09:59:33,1.55,1.65,180,2.05,280,0,3280
BANKNIFTY09JAN2033800CE.NFO,07/01/2020,09:59:37,1.55,1.7,80,2.05,280,0,3280
BANKNIFTY09JAN2033800CE.NFO,07/01/2020,10:02:36,1.55,1.7,80,2,400,0,3280
BANKNIFTY09JAN2033800CE.NFO,07/01/2020,10:02:37,1.55,1.7,80,1.95,20,0,3280
BANKNIFTY09JAN2033800CE.NFO,07/01/2020,10:02:55,1.55,1.5,20,1.95,240,0,3280
BANKNIFTY09JAN2033800CE.NFO,07/01/2020,10:02:59,1.55,1.6,20,1.95,240,0,3280
BANKNIFTY09JAN2033800CE.NFO,07/01/2020,10:03:01,1.55,1.65,80,1.95,240,0,3280
BANKNIFTY09JAN2033800CE.NFO,07/01/2020,10:03:45,1.55,1.65,80,1.9,260,0,3280
BANKNIFTY09JAN2033800CE.NFO,07/01/2020,10:03:57,1.55,1.65,80,1.95,20,0,3280
BANKNIFTY09JAN2033800CE.NFO,07/01/2020,10:04:34,1.55,1.7,20,2,60,0,3280
BANKNIFTY09JAN2033800CE.NFO,07/01/2020,10:04:46,1.55,1.7,20,1.95,200,0,3280
BANKNIFTY09JAN2033800CE.NFO,07/01/2020,10:04:58,1.55,1.65,80,1.9,60,0,3280
BANKNIFTY09JAN2033800CE.NFO,07/01/2020,10:05:09,1.55,1.65,80,1.9,40,0,3280
BANKNIFTY09JAN2033800CE.NFO,07/01/2020,10:05:24,1.55,1.65,80,1.85,60,0,3280
BANKNIFTY09JAN2033800CE.NFO,07/01/2020,10:06:27,1.55,1.5,80,1.85,60,0,3280
BANKNIFTY09JAN2033800CE.NFO,07/01/2020,10:08:13,1.55,1.35,20,1.85,60,0,3280
BANKNIFTY09JAN2033800CE.NFO,07/01/2020,10:08:29,1.55,1.45,20,1.85,60,0,3280
BANKNIFTY09JAN2033800CE.NFO,07/01/2020,10:08:35,1.55,1.45,20,1.9,40,0,3280
BANKNIFTY09JAN2033800CE.NFO,07/01/2020,10:09:46,1.55,1.5,120,1.85,20,0,3280
BANKNIFTY09JAN2033800CE.NFO,07/01/2020,10:10:31,1.55,1.5,120,2,260,0,3280
BANKNIFTY09JAN2033800CE.NFO,07/01/2020,10:10:32,1.55,1.55,20,2,260,0,3280
BANKNIFTY09JAN2033800CE.NFO,07/01/2020,10:11:21,1.55,1.55,20,2.05,260,0,3280
BANKNIFTY09JAN2033800CE.NFO,07/01/2020,10:13:10,1.55,1.55,20,2,20,0,3280
BANKNIFTY09JAN2033800CE.NFO,07/01/2020,10:13:52,1.55,1.55,20,2.05,260,0,3280
BANKNIFTY09JAN2033800CE.NFO,07/01/2020,10:13:54,1.55,1.55,20,2,260,0,3280
BANKNIFTY09JAN2033800CE.NFO,07/01/2020,10:14:03,1.55,1.55,20,2,240,0,3280
BANKNIFTY09JAN2033800CE.NFO,07/01/2020,10:14:04,1.55,1.55,20,2.05,260,0,3280
BANKNIFTY09JAN2033800CE.NFO,07/01/2020,10:14:10,1.55,1.55,20,2,260,0,3280
BANKNIFTY09JAN2033800CE.NFO,07/01/2020,10:14:12,1.55,1.55,20,2.05,260,0,3280
BANKNIFTY09JAN2033800CE.NFO,07/01/2020,10:14:32,1.55,1.55,20,2,260,0,3280
BANKNIFTY09JAN2033800CE.NFO,07/01/2020,10:16:36,1.55,1.5,120,2,260,0,3280
BANKNIFTY09JAN2033800CE.NFO,07/01/2020,10:16:47,1.55,1.55,20,2,260,0,3280
BANKNIFTY09JAN2033800CE.NFO,07/01/2020,10:17:27,1.55,1.5,120,2,260,0,3280
BANKNIFTY09JAN2033800CE.NFO,07/01/2020,10:17:29,1.55,1.55,20,2,260,0,3280
BANKNIFTY09JAN2033800CE.NFO,07/01/2020,10:17:42,1.55,1.5,120,2,260,0,3280
BANKNIFTY09JAN2033800CE.NFO,07/01/2020,10:17:56,1.55,1.55,20,2,260,0,3280
BANKNIFTY09JAN2033800CE.NFO,07/01/2020,10:18:13,1.55,1.5,120,2,260,0,3280
BANKNIFTY09JAN2033800CE.NFO,07/01/2020,10:18:19,1.55,1.55,20,2,260,0,3280
BANKNIFTY09JAN2033800CE.NFO,07/01/2020,10:18:40,1.55,1.5,120,2,260,0,3280
BANKNIFTY09JAN2033800CE.NFO,07/01/2020,10:18:42,1.55,1.55,20,2,260,0,3280
BANKNIFTY09JAN2033800CE.NFO,07/01/2020,10:18:52,1.55,1.5,120,2,260,0,3280
BANKNIFTY09JAN2033800CE.NFO,07/01/2020,10:18:55,1.55,1.55,20,2,260,0,3280
BANKNIFTY09JAN2033800CE.NFO,07/01/2020,10:21:24,1.55,1.6,80,2,260,0,3280
BANKNIFTY09JAN2033800CE.NFO,07/01/2020,10:27:06,1.55,1.65,20,1.9,260,0,3200
BANKNIFTY09JAN2033800CE.NFO,07/01/2020,10:27:08,1.55,1.65,20,1.9,240,0,3200
BANKNIFTY09JAN2033800CE.NFO,07/01/2020,10:27:11,1.65,1.6,80,1.9,240,20,3200
BANKNIFTY09JAN2033800CE.NFO,07/01/2020,10:27:14,1.65,1.6,80,1.85,420,0,3200
BANKNIFTY09JAN2033800CE.NFO,07/01/2020,10:27:19,1.6,1.5,120,1.85,420,80,3200
BANKNIFTY09JAN2033800CE.NFO,07/01/2020,10:27:23,1.6,1.5,120,1.95,20,0,3200
BANKNIFTY09JAN2033800CE.NFO,07/01/2020,10:30:02,1.6,1.5,120,2,60,0,3200
BANKNIFTY09JAN2033800CE.NFO,07/01/2020,10:36:10,1.6,1.5,120,2,260,0,3200
BANKNIFTY09JAN2033800CE.NFO,07/01/2020,10:39:55,1.6,1.5,120,1.9,20,0,3200
BANKNIFTY09JAN2033800CE.NFO,07/01/2020,10:41:22,1.6,1.5,120,2,280,0,3200
BANKNIFTY09JAN2033800CE.NFO,07/01/2020,10:45:26,1.6,1.5,120,1.9,20,0,3200
BANKNIFTY09JAN2033800CE.NFO,07/01/2020,10:46:50,1.6,1.3,100,1.9,280,0,3200
BANKNIFTY09JAN2033800CE.NFO,07/01/2020,10:47:13,1.6,1.4,100,1.9,280,0,3200
BANKNIFTY09JAN2033800CE.NFO,07/01/2020,10:47:17,1.6,1.45,100,1.9,280,0,3200
BANKNIFTY09JAN2033800CE.NFO,07/01/2020,10:48:00,1.6,1.45,100,1.85,340,0,3200
BANKNIFTY09JAN2033800CE.NFO,07/01/2020,10:48:03,1.6,1.45,100,1.8,340,0,3200
BANKNIFTY09JAN2033800CE.NFO,07/01/2020,10:48:06,1.6,1.45,100,1.75,340,0,3200
BANKNIFTY09JAN2033800CE.NFO,07/01/2020,10:48:07,1.6,1.45,100,1.7,80,0,3200
BANKNIFTY09JAN2033800CE.NFO,07/01/2020,10:51:54,1.6,1.45,100,1.65,20,0,3200
BANKNIFTY09JAN2033800CE.NFO,07/01/2020,11:05:53,1.65,1.65,80,1.7,80,20,3160
BANKNIFTY09JAN2033800CE.NFO,07/01/2020,11:05:56,1.7,1.35,20,1.9,40,80,3160
BANKNIFTY09JAN2033800CE.NFO,07/01/2020,11:06:37,1.35,1.3,100,1.85,60,20,3160
BANKNIFTY09JAN2033800CE.NFO,07/01/2020,11:06:41,1.3,1.3,80,1.85,60,20,3160
BANKNIFTY09JAN2033800CE.NFO,07/01/2020,11:07:39,1.3,1.35,120,1.85,60,0,3160
BANKNIFTY09JAN2033800CE.NFO,07/01/2020,11:07:44,1.3,1.4,120,1.85,60,0,3160
BANKNIFTY09JAN2033800CE.NFO,07/01/2020,11:07:53,1.3,1.35,120,1.85,60,0,3160
BANKNIFTY09JAN2033800CE.NFO,07/01/2020,11:08:49,1.3,1.4,120,1.85,60,0,3160
BANKNIFTY09JAN2033800CE.NFO,07/01/2020,11:17:00,1.3,1.4,120,1.75,20,0,3160
BANKNIFTY09JAN2033800CE.NFO,07/01/2020,11:17:34,1.3,1.4,120,1.85,20,0,3160
BANKNIFTY09JAN2033800CE.NFO,07/01/2020,11:18:51,1.3,1.4,120,1.9,260,0,3160
BANKNIFTY09JAN2033800CE.NFO,07/01/2020,11:18:52,1.3,1.4,120,1.85,20,0,3160
BANKNIFTY09JAN2033800CE.NFO,07/01/2020,11:18:53,1.3,1.4,120,1.9,260,0,3160
BANKNIFTY09JAN2033800CE.NFO,07/01/2020,11:19:14,1.3,1.4,120,1.85,280,0,3160
BANKNIFTY09JAN2033800CE.NFO,07/01/2020,11:20:37,1.4,1.4,100,1.85,280,20,3160
BANKNIFTY09JAN2033800CE.NFO,07/01/2020,11:21:13,1.4,1.4,100,1.85,20,0,3160
BANKNIFTY09JAN2033800CE.NFO,07/01/2020,11:23:59,1.4,1.4,100,1.9,260,0,3160
BANKNIFTY09JAN2033800CE.NFO,07/01/2020,11:24:09,1.4,1.4,100,1.85,280,0,3160
BANKNIFTY09JAN2033800CE.NFO,07/01/2020,11:24:32,1.4,1.4,100,1.85,20,0,3160
BANKNIFTY09JAN2033800CE.NFO,07/01/2020,11:24:33,1.4,1.35,120,1.4,880,100,3140
BANKNIFTY09JAN2033800CE.NFO,07/01/2020,11:25:26,1.4,1.35,120,1.4,780,100,3140
BANKNIFTY09JAN2033800CE.NFO,07/01/2020,11:27:27,1.4,1.35,120,1.4,780,0,3140
BANKNIFTY09JAN2033800CE.NFO,07/01/2020,11:30:05,1.4,1.35,120,1.4,660,120,2940
BANKNIFTY09JAN2033800CE.NFO,07/01/2020,11:30:37,1.4,1.35,120,1.4,540,120,2940
BANKNIFTY09JAN2033800CE.NFO,07/01/2020,11:30:38,1.4,1.35,120,1.4,480,60,2940
BANKNIFTY09JAN2033800CE.NFO,07/01/2020,11:30:48,1.4,1.3,80,1.4,360,120,2940
BANKNIFTY09JAN2033800CE.NFO,07/01/2020,11:34:16,1.4,1.3,80,1.4,340,20,2520
BANKNIFTY09JAN2033800CE.NFO,07/01/2020,11:34:17,1.4,1.3,80,1.4,160,180,2520
BANKNIFTY09JAN2033800CE.NFO,07/01/2020,11:35:01,1.4,1.3,80,1.4,160,0,2520
BANKNIFTY09JAN2033800CE.NFO,07/01/2020,11:35:41,1.4,1.3,80,1.4,140,60,2520
BANKNIFTY09JAN2033800CE.NFO,07/01/2020,11:44:31,1.4,1.3,80,1.4,140,0,2520
BANKNIFTY09JAN2033800CE.NFO,07/01/2020,12:22:19,1.4,1.35,80,1.4,140,0,2520
BANKNIFTY09JAN2033800CE.NFO,07/01/2020,12:22:22,1.4,1.3,80,1.4,140,0,2520
BANKNIFTY09JAN2033800CE.NFO,07/01/2020,12:23:01,1.4,1.3,80,1.4,60,80,2520
BANKNIFTY09JAN2033800CE.NFO,07/01/2020,12:26:35,1.4,1.3,80,1.4,60,0,2440
BANKNIFTY09JAN2033800CE.NFO,07/01/2020,12:28:51,1.4,1.3,80,1.35,60,0,2440
BANKNIFTY09JAN2033800CE.NFO,07/01/2020,12:29:36,1.35,1.35,20,1.4,20,60,2440
BANKNIFTY09JAN2033800CE.NFO,07/01/2020,12:29:39,1.35,1.3,20,1.4,20,0,2440
BANKNIFTY09JAN2033800CE.NFO,07/01/2020,12:31:42,1.35,1.3,20,1.35,20,0,2440
BANKNIFTY09JAN2033800CE.NFO,07/01/2020,12:31:54,1.35,1.3,20,1.4,20,0,2440
BANKNIFTY09JAN2033800CE.NFO,07/01/2020,12:32:30,1.35,1.3,20,1.35,20,0,2440
BANKNIFTY09JAN2033800CE.NFO,07/01/2020,12:33:29,1.35,1.3,20,1.4,20,0,2440
BANKNIFTY09JAN2033800CE.NFO,07/01/2020,12:35:00,1.35,1.35,20,1.4,20,0,2440
BANKNIFTY09JAN2033800CE.NFO,07/01/2020,12:35:43,1.35,1.3,20,1.4,20,0,2440
BANKNIFTY09JAN2033800CE.NFO,07/01/2020,12:37:53,1.35,1.35,20,1.4,20,0,2440
BANKNIFTY09JAN2033800CE.NFO,07/01/2020,12:37:55,1.35,1.3,20,1.4,20,0,2440
BANKNIFTY09JAN2033800CE.NFO,07/01/2020,12:38:03,1.35,1.35,20,1.4,20,0,2440
BANKNIFTY09JAN2033800CE.NFO,07/01/2020,12:38:04,1.35,1.3,20,1.4,20,0,2440
BANKNIFTY09JAN2033800CE.NFO,07/01/2020,12:38:23,1.35,1.35,20,1.4,20,0,2440
BANKNIFTY09JAN2033800CE.NFO,07/01/2020,12:38:24,1.35,1.3,20,1.4,280,0,2440
BANKNIFTY09JAN2033800CE.NFO,07/01/2020,12:38:31,1.35,1.35,20,1.4,20,0,2440
BANKNIFTY09JAN2033800CE.NFO,07/01/2020,12:42:35,1.35,1.3,20,1.4,280,0,2440
BANKNIFTY09JAN2033800CE.NFO,07/01/2020,12:44:19,1.35,1.35,20,1.4,20,0,2440
BANKNIFTY09JAN2033800CE.NFO,07/01/2020,12:45:32,1.35,1.3,20,1.4,280,0,2440
BANKNIFTY09JAN2033800CE.NFO,07/01/2020,12:45:48,1.35,1.35,20,1.4,280,0,2440
BANKNIFTY09JAN2033800CE.NFO,07/01/2020,12:46:05,1.35,1.35,20,1.4,20,0,2440
BANKNIFTY09JAN2033800CE.NFO,07/01/2020,12:51:00,1.35,1.3,20,1.85,280,0,2440
BANKNIFTY09JAN2033800CE.NFO,07/01/2020,12:51:04,1.3,1.05,200,1.85,280,20,2380
BANKNIFTY09JAN2033800CE.NFO,07/01/2020,12:51:10,1.3,1.05,200,1.75,280,0,2380
BANKNIFTY09JAN2033800CE.NFO,07/01/2020,12:51:16,1.3,1.05,200,1.65,20,0,2380
BANKNIFTY09JAN2033800CE.NFO,07/01/2020,13:09:54,1.65,1.05,200,1.7,360,20,2360
BANKNIFTY09JAN2033800CE.NFO,07/01/2020,13:10:55,1.05,1.05,180,1.7,360,20,2360
BANKNIFTY09JAN2033800CE.NFO,07/01/2020,13:11:06,1.05,1.05,180,1.7,360,0,2360
BANKNIFTY09JAN2033800CE.NFO,07/01/2020,13:11:34,1.05,1.05,180,1.65,280,0,2360
BANKNIFTY09JAN2033800CE.NFO,07/01/2020,13:25:25,1.65,1.05,180,1.65,260,20,2360
BANKNIFTY09JAN2033800CE.NFO,07/01/2020,13:27:05,1.65,1.05,180,1.6,280,0,2360
BANKNIFTY09JAN2033800CE.NFO,07/01/2020,13:27:13,1.65,0.9,20,1.05,20,0,2360
BANKNIFTY09JAN2033800CE.NFO,07/01/2020,13:30:04,1.05,0.9,20,1.35,20,20,2360
BANKNIFTY09JAN2033800CE.NFO,07/01/2020,13:30:09,1.05,0.9,20,1.35,20,0,2360
BANKNIFTY09JAN2033800CE.NFO,07/01/2020,13:31:56,1.05,0.95,20,1.6,20,0,2360
BANKNIFTY09JAN2033800CE.NFO,07/01/2020,13:33:50,1.6,0.95,20,1.65,260,20,2360
BANKNIFTY09JAN2033800CE.NFO,07/01/2020,13:33:56,1.6,0.95,20,1.6,460,0,2360
BANKNIFTY09JAN2033800CE.NFO,07/01/2020,13:34:21,0.95,0.9,20,1.55,280,20,2360
BANKNIFTY09JAN2033800CE.NFO,07/01/2020,13:35:53,0.95,0.95,140,1.55,280,0,2360
BANKNIFTY09JAN2033800CE.NFO,07/01/2020,13:36:01,0.95,1,20,1.55,280,0,2360
BANKNIFTY09JAN2033800CE.NFO,07/01/2020,13:47:17,0.95,0.95,120,1.55,280,40,2360
BANKNIFTY09JAN2033800CE.NFO,07/01/2020,13:48:29,0.95,0.95,120,1.4,260,0,2360
BANKNIFTY09JAN2033800CE.NFO,07/01/2020,13:48:57,0.95,1,20,1.4,260,0,2360
BANKNIFTY09JAN2033800CE.NFO,07/01/2020,13:49:08,0.95,0.95,120,1.4,260,0,2360
BANKNIFTY09JAN2033800CE.NFO,07/01/2020,13:50:21,0.95,0.95,120,1.35,260,0,2360
BANKNIFTY09JAN2033800CE.NFO,07/01/2020,13:51:34,0.95,0.9,20,1.35,260,0,2360
BANKNIFTY09JAN2033800CE.NFO,07/01/2020,13:51:39,0.95,0.9,20,1.2,280,0,2360
BANKNIFTY09JAN2033800CE.NFO,07/01/2020,13:52:37,0.95,0.9,20,1.15,280,0,2360
BANKNIFTY09JAN2033800CE.NFO,07/01/2020,13:56:42,1.15,0.9,20,1.15,220,60,2360
BANKNIFTY09JAN2033800CE.NFO,07/01/2020,13:57:12,1.15,0.9,20,1.2,260,220,2300
BANKNIFTY09JAN2033800CE.NFO,07/01/2020,13:58:22,1.15,0.9,20,1.15,20,0,2300
BANKNIFTY09JAN2033800CE.NFO,07/01/2020,14:00:23,1.15,0.9,20,1.05,20,0,2300
BANKNIFTY09JAN2033800CE.NFO,07/01/2020,14:05:23,1.15,0.9,20,1,20,0,2300
BANKNIFTY09JAN2033800CE.NFO,07/01/2020,14:05:34,1.15,0.9,20,0.95,20,0,2300
BANKNIFTY09JAN2033800CE.NFO,07/01/2020,14:18:22,1.15,0.9,20,1,20,0,2300
BANKNIFTY09JAN2033800CE.NFO,07/01/2020,14:18:24,1.15,0.9,20,0.95,20,0,2300
BANKNIFTY09JAN2033800CE.NFO,07/01/2020,14:18:37,1.15,0.9,20,1,260,0,2300
BANKNIFTY09JAN2033800CE.NFO,07/01/2020,14:18:39,1,1,40,1.7,100,260,2120
BANKNIFTY09JAN2033800CE.NFO,07/01/2020,14:18:46,1,1.05,20,1.55,20,0,2120
BANKNIFTY09JAN2033800CE.NFO,07/01/2020,14:26:16,1,1.05,20,1.4,20,0,2120
BANKNIFTY09JAN2033800CE.NFO,07/01/2020,14:27:06,1,1.05,20,1.45,100,0,2120
BANKNIFTY09JAN2033800CE.NFO,07/01/2020,14:27:44,1,1.05,20,1.45,80,0,2120
BANKNIFTY09JAN2033800CE.NFO,07/01/2020,14:39:30,1,1.05,20,1.7,100,0,2120
BANKNIFTY09JAN2033800CE.NFO,07/01/2020,14:39:44,1,1.05,20,1.6,100,0,2120
BANKNIFTY09JAN2033800CE.NFO,07/01/2020,14:39:54,1,0.9,20,1.55,20,0,2120
BANKNIFTY09JAN2033800CE.NFO,07/01/2020,14:40:01,1,0.9,20,1.4,80,0,2120
BANKNIFTY09JAN2033800CE.NFO,07/01/2020,14:44:16,1,0.9,20,1.35,20,0,2120
BANKNIFTY09JAN2033800CE.NFO,07/01/2020,14:45:59,1,0.9,20,1.25,20,0,2120
BANKNIFTY09JAN2033800CE.NFO,07/01/2020,14:47:29,1,0.9,20,1,40,0,2120
BANKNIFTY09JAN2033800CE.NFO,07/01/2020,14:48:38,1,0.9,20,1.25,20,0,2120
BANKNIFTY09JAN2033800CE.NFO,07/01/2020,15:04:38,0.9,0.85,640,1.35,20,20,2120
BANKNIFTY09JAN2033800CE.NFO,07/01/2020,15:04:42,0.85,0.85,620,1.3,20,20,2120
BANKNIFTY09JAN2033800CE.NFO,07/01/2020,15:04:44,0.85,0.85,600,1.25,20,20,2120
BANKNIFTY09JAN2033800CE.NFO,07/01/2020,15:04:53,0.85,0.7,600,1.25,20,0,2120
BANKNIFTY09JAN2033800CE.NFO,07/01/2020,15:04:58,0.85,0.75,20,1.25,20,0,2120
BANKNIFTY09JAN2033800CE.NFO,07/01/2020,15:06:59,0.85,0.75,20,1.15,40,0,2120
BANKNIFTY09JAN2033800CE.NFO,07/01/2020,15:13:09,0.85,0.85,500,1.15,40,0,2120
BANKNIFTY09JAN2033800CE.NFO,07/01/2020,15:13:29,0.85,0.85,240,1.1,20,260,2100
BANKNIFTY09JAN2033800CE.NFO,07/01/2020,15:13:32,0.85,0.9,20,1.1,20,0,2100
BANKNIFTY09JAN2033800CE.NFO,07/01/2020,15:14:07,0.85,0.9,260,1.1,20,0,2100
BANKNIFTY09JAN2033800CE.NFO,07/01/2020,15:14:56,0.6,0.6,120,1.1,20,1000,2100
BANKNIFTY09JAN2033800CE.NFO,07/01/2020,15:15:11,0.6,0.55,1200,1.1,20,0,2100
BANKNIFTY09JAN2033800CE.NFO,07/01/2020,15:15:16,1,0.55,1200,1,80,60,2100
BANKNIFTY09JAN2033800CE.NFO,07/01/2020,15:15:20,1,0.55,1200,1,80,0,2100
BANKNIFTY09JAN2033800CE.NFO,07/01/2020,15:15:22,1,0.55,1200,1,20,60,2100
BANKNIFTY09JAN2033800CE.NFO,07/01/2020,15:15:23,0.95,0.55,1200,0.95,660,60,2100
BANKNIFTY09JAN2033800CE.NFO,07/01/2020,15:15:24,0.95,0.6,300,0.95,660,0,2100
BANKNIFTY09JAN2033800CE.NFO,07/01/2020,15:15:27,0.95,0.65,200,0.9,20,0,2100
BANKNIFTY09JAN2033800CE.NFO,07/01/2020,15:15:41,0.95,0.6,300,0.9,20,0,2100
BANKNIFTY09JAN2033800CE.NFO,07/01/2020,15:16:37,0.95,0.65,20,0.9,20,0,2100
BANKNIFTY09JAN2033800CE.NFO,07/01/2020,15:17:49,0.95,0.6,380,0.9,20,0,2100
BANKNIFTY09JAN2033800CE.NFO,07/01/2020,15:17:51,0.6,0.6,360,0.9,20,20,2040
BANKNIFTY09JAN2033800CE.NFO,07/01/2020,15:19:01,0.6,0.6,300,0.9,40,60,2040
BANKNIFTY09JAN2033800CE.NFO,07/01/2020,15:19:20,0.6,0.6,300,0.9,40,0,2040
BANKNIFTY09JAN2033800CE.NFO,07/01/2020,15:19:38,0.6,0.6,800,0.9,40,0,2040
BANKNIFTY09JAN2033800CE.NFO,07/01/2020,15:19:41,0.6,0.6,740,0.9,40,60,2040
BANKNIFTY09JAN2033800CE.NFO,07/01/2020,15:19:48,0.6,0.6,740,0.9,20,0,2040
BANKNIFTY09JAN2033800CE.NFO,07/01/2020,15:19:50,0.6,0.6,740,1.2,20,0,2040
BANKNIFTY09JAN2033800CE.NFO,07/01/2020,15:19:58,0.6,0.6,740,0.95,20,0,2040
BANKNIFTY09JAN2033800CE.NFO,07/01/2020,15:22:08,0.9,0.6,740,0.9,40,120,2040
BANKNIFTY09JAN2033800CE.NFO,07/01/2020,15:22:11,0.9,0.6,740,0.9,40,0,2040
BANKNIFTY09JAN2033800CE.NFO,07/01/2020,15:22:19,0.9,0.6,740,0.9,140,480,2040
BANKNIFTY09JAN2033800CE.NFO,07/01/2020,15:22:20,0.9,0.6,740,0.9,80,60,2040
BANKNIFTY09JAN2033800CE.NFO,07/01/2020,15:22:25,0.9,0.65,640,0.9,80,0,2040
BANKNIFTY09JAN2033800CE.NFO,07/01/2020,15:22:36,0.9,0.7,60,0.9,80,0,2040
BANKNIFTY09JAN2033800CE.NFO,07/01/2020,15:22:42,0.9,0.7,100,0.9,80,0,2040
BANKNIFTY09JAN2033800CE.NFO,07/01/2020,15:22:44,0.7,0.7,40,0.9,80,60,2040
BANKNIFTY09JAN2033800CE.NFO,07/01/2020,15:24:15,0.7,0.7,40,0.9,80,0,2040
BANKNIFTY09JAN2033800CE.NFO,07/01/2020,15:24:16,0.7,0.7,200,0.9,80,0,2040
BANKNIFTY09JAN2033800CE.NFO,07/01/2020,15:26:38,0.7,0.7,40,0.9,100,0,1400
BANKNIFTY09JAN2033800CE.NFO,07/01/2020,15:28:06,0.65,0.65,140,0.9,140,60,1400
BANKNIFTY09JAN2033800CE.NFO,07/01/2020,15:28:15,0.9,0.65,140,0.9,120,20,1400
BANKNIFTY09JAN2033800CE.NFO,07/01/2020,15:28:20,0.65,0.65,120,0.9,120,20,1400
BANKNIFTY09JAN2033800CE.NFO,07/01/2020,15:28:28,0.65,0.65,120,0.85,100,0,1400
BANKNIFTY09JAN2033800CE.NFO,07/01/2020,15:28:31,0.85,0.65,100,0.85,60,60,1400
BANKNIFTY09JAN2033800CE.NFO,07/01/2020,15:28:49,0.65,0.6,500,0.85,60,100,1400
BANKNIFTY09JAN2033800CE.NFO,07/01/2020,15:28:55,0.65,0.65,40,0.85,60,0,1400
BANKNIFTY09JAN2033800CE.NFO,07/01/2020,15:29:37,0.65,0.65,40,0.7,60,0,1400
