Ticker,Date,Time,LTP,BuyPrice,BuyQty,SellPrice,SellQty,LTQ,OpenInterest
BANKNIFTY16JAN2031500CE.NFO,07/01/2020,09:16:29,333.9,225.35,40,480,20,980,28340
BANKNIFTY16JAN2031500CE.NFO,07/01/2020,09:16:29,472.2,225.35,40,480,20,0,28340
BANKNIFTY16JAN2031500CE.NFO,07/01/2020,09:16:29,472.2,225.35,40,480,20,0,28340
BANKNIFTY16JAN2031500CE.NFO,07/01/2020,09:16:29,333.9,225.35,40,480,20,0,28340
BANKNIFTY16JAN2031500CE.NFO,07/01/2020,09:16:29,480,228.95,40,499.95,40,20,28340
BANKNIFTY16JAN2031500CE.NFO,07/01/2020,09:16:29,480,228.95,40,499.95,40,0,28340
BANKNIFTY16JAN2031500CE.NFO,07/01/2020,09:16:31,500,294.8,40,500,120,20,28340
BANKNIFTY16JAN2031500CE.NFO,07/01/2020,09:16:31,500,294.8,40,500,120,0,28340
BANKNIFTY16JAN2031500CE.NFO,07/01/2020,09:16:32,500,318.55,40,500,140,20,28340
BANKNIFTY16JAN2031500CE.NFO,07/01/2020,09:16:32,500,330.7,20,500,140,0,28340
BANKNIFTY16JAN2031500CE.NFO,07/01/2020,09:16:34,500,370.8,40,500,140,0,28340
BANKNIFTY16JAN2031500CE.NFO,07/01/2020,09:16:35,500,393,140,500,100,0,28340
BANKNIFTY16JAN2031500CE.NFO,07/01/2020,09:16:36,500,420,40,499.95,40,0,28340
BANKNIFTY16JAN2031500CE.NFO,07/01/2020,09:16:36,500,421.7,40,499.95,40,0,28340
BANKNIFTY16JAN2031500CE.NFO,07/01/2020,09:16:38,447.25,452.6,20,499.8,20,20,28340
BANKNIFTY16JAN2031500CE.NFO,07/01/2020,09:16:39,492,471,40,492,160,280,28340
BANKNIFTY16JAN2031500CE.NFO,07/01/2020,09:16:40,474.25,356.05,280,489.9,100,640,28340
BANKNIFTY16JAN2031500CE.NFO,07/01/2020,09:16:40,474.25,358.3,20,479.85,20,0,28340
BANKNIFTY16JAN2031500CE.NFO,07/01/2020,09:16:42,365.95,371.75,40,479.35,80,40,28340
BANKNIFTY16JAN2031500CE.NFO,07/01/2020,09:16:43,377.2,384.65,20,478.95,40,60,28340
BANKNIFTY16JAN2031500CE.NFO,07/01/2020,09:16:43,377.2,391.3,20,478.85,100,0,28340
BANKNIFTY16JAN2031500CE.NFO,07/01/2020,09:16:45,377.2,411.25,20,478.25,40,0,28340
BANKNIFTY16JAN2031500CE.NFO,07/01/2020,09:16:46,377.2,430.95,20,477.85,80,0,28340
BANKNIFTY16JAN2031500CE.NFO,07/01/2020,09:16:46,477.75,435,20,477.75,80,20,28340
BANKNIFTY16JAN2031500CE.NFO,07/01/2020,09:16:48,444.95,438,20,479.95,80,180,28340
BANKNIFTY16JAN2031500CE.NFO,07/01/2020,09:16:49,489.95,438.85,100,489.95,20,200,28340
BANKNIFTY16JAN2031500CE.NFO,07/01/2020,09:16:50,445,439.15,40,489.95,80,20,28340
BANKNIFTY16JAN2031500CE.NFO,07/01/2020,09:16:51,445,448.5,40,489.95,20,0,28340
BANKNIFTY16JAN2031500CE.NFO,07/01/2020,09:16:52,442.15,444.5,120,487.5,20,200,28340
BANKNIFTY16JAN2031500CE.NFO,07/01/2020,09:16:53,442.15,447.3,20,479.95,60,0,28340
BANKNIFTY16JAN2031500CE.NFO,07/01/2020,09:16:54,442.15,448,140,469.95,60,0,28340
BANKNIFTY16JAN2031500CE.NFO,07/01/2020,09:16:55,442.15,449.8,120,469.95,60,0,28340
BANKNIFTY16JAN2031500CE.NFO,07/01/2020,09:16:55,442.15,451.8,80,469.95,60,0,28340
BANKNIFTY16JAN2031500CE.NFO,07/01/2020,09:16:57,454.05,454.05,120,469.95,60,20,28340
BANKNIFTY16JAN2031500CE.NFO,07/01/2020,09:16:58,454.05,454.15,420,469.95,120,0,28340
BANKNIFTY16JAN2031500CE.NFO,07/01/2020,09:16:59,469.95,455.35,80,470,220,100,28340
BANKNIFTY16JAN2031500CE.NFO,07/01/2020,09:16:59,469.95,456,80,470,220,0,28340
BANKNIFTY16JAN2031500CE.NFO,07/01/2020,09:17:01,456.1,456.25,400,469.95,100,80,28340
BANKNIFTY16JAN2031500CE.NFO,07/01/2020,09:17:02,456.25,456.4,120,469.95,100,200,28340
BANKNIFTY16JAN2031500CE.NFO,07/01/2020,09:17:03,456.5,456.5,160,469.95,120,300,28340
BANKNIFTY16JAN2031500CE.NFO,07/01/2020,09:17:04,469.95,456.65,60,469.95,40,220,28340
BANKNIFTY16JAN2031500CE.NFO,07/01/2020,09:17:05,469.95,457.25,140,470,220,40,28340
BANKNIFTY16JAN2031500CE.NFO,07/01/2020,09:17:06,457.65,457.65,40,469.95,120,220,28340
BANKNIFTY16JAN2031500CE.NFO,07/01/2020,09:17:06,457.65,457.85,20,469.95,120,0,28340
BANKNIFTY16JAN2031500CE.NFO,07/01/2020,09:17:07,457.9,458.1,80,469.95,120,40,28340
BANKNIFTY16JAN2031500CE.NFO,07/01/2020,09:17:09,464.95,459.15,80,465,120,280,28340
BANKNIFTY16JAN2031500CE.NFO,07/01/2020,09:17:10,459.35,459.4,120,465,20,140,29000
BANKNIFTY16JAN2031500CE.NFO,07/01/2020,09:17:10,459.4,459.95,20,465,80,20,29000
BANKNIFTY16JAN2031500CE.NFO,07/01/2020,09:17:12,461.1,461.1,20,464.95,20,40,29000
BANKNIFTY16JAN2031500CE.NFO,07/01/2020,09:17:13,469.95,462.15,80,470,20,380,29000
BANKNIFTY16JAN2031500CE.NFO,07/01/2020,09:17:13,469.95,462.15,140,470,20,0,29000
BANKNIFTY16JAN2031500CE.NFO,07/01/2020,09:17:15,462.2,456.15,60,469.95,120,120,29000
BANKNIFTY16JAN2031500CE.NFO,07/01/2020,09:17:16,462.2,459.15,20,469.95,120,0,29000
BANKNIFTY16JAN2031500CE.NFO,07/01/2020,09:17:17,462.2,460,100,469.95,60,0,29000
BANKNIFTY16JAN2031500CE.NFO,07/01/2020,09:17:18,462.2,460,100,469.65,120,0,29000
BANKNIFTY16JAN2031500CE.NFO,07/01/2020,09:17:20,469.65,460,160,469.65,40,20,29000
BANKNIFTY16JAN2031500CE.NFO,07/01/2020,09:17:21,469.65,460,80,469.7,120,40,29000
BANKNIFTY16JAN2031500CE.NFO,07/01/2020,09:17:22,462.2,460.3,20,469.7,180,160,29000
BANKNIFTY16JAN2031500CE.NFO,07/01/2020,09:17:22,462.2,460.35,80,469.7,180,0,29000
BANKNIFTY16JAN2031500CE.NFO,07/01/2020,09:17:25,469.65,461.7,20,469.7,120,40,29000
BANKNIFTY16JAN2031500CE.NFO,07/01/2020,09:17:26,463.25,463.35,100,469.65,80,40,29000
BANKNIFTY16JAN2031500CE.NFO,07/01/2020,09:17:26,463.25,463.35,80,469.65,80,0,29000
BANKNIFTY16JAN2031500CE.NFO,07/01/2020,09:17:28,463.9,463.9,20,469.7,180,40,29000
BANKNIFTY16JAN2031500CE.NFO,07/01/2020,09:17:29,469.7,462.65,40,469.7,100,20,29000
BANKNIFTY16JAN2031500CE.NFO,07/01/2020,09:17:30,460.35,459.05,40,469.05,40,120,29000
BANKNIFTY16JAN2031500CE.NFO,07/01/2020,09:17:31,460.85,460.85,60,469,100,60,29000
BANKNIFTY16JAN2031500CE.NFO,07/01/2020,09:17:32,462.2,462.15,40,469.65,120,40,29000
BANKNIFTY16JAN2031500CE.NFO,07/01/2020,09:17:32,462.2,462.35,80,469.65,120,0,29000
BANKNIFTY16JAN2031500CE.NFO,07/01/2020,09:17:34,462.2,463.9,40,469.65,120,0,29000
BANKNIFTY16JAN2031500CE.NFO,07/01/2020,09:17:35,469.65,462.2,40,469.65,80,300,29000
BANKNIFTY16JAN2031500CE.NFO,07/01/2020,09:17:35,469.65,462.75,100,469.65,80,0,29000
BANKNIFTY16JAN2031500CE.NFO,07/01/2020,09:17:36,463.3,462.15,20,469.6,100,100,29000
BANKNIFTY16JAN2031500CE.NFO,07/01/2020,09:17:37,461.7,461.8,20,469.9,80,60,29000
BANKNIFTY16JAN2031500CE.NFO,07/01/2020,09:17:39,462.5,462.55,100,469,100,100,29000
BANKNIFTY16JAN2031500CE.NFO,07/01/2020,09:17:40,469,462.7,80,470,380,40,29000
BANKNIFTY16JAN2031500CE.NFO,07/01/2020,09:17:41,469,462.85,120,468,260,0,29000
BANKNIFTY16JAN2031500CE.NFO,07/01/2020,09:17:41,462.9,462.95,120,468,260,20,29000
BANKNIFTY16JAN2031500CE.NFO,07/01/2020,09:17:43,462.95,463.1,100,468,200,20,29000
BANKNIFTY16JAN2031500CE.NFO,07/01/2020,09:17:44,462.95,460.5,40,468,260,0,29000
BANKNIFTY16JAN2031500CE.NFO,07/01/2020,09:17:45,462.95,460.7,40,463.3,20,0,29000
BANKNIFTY16JAN2031500CE.NFO,07/01/2020,09:17:46,462.95,460.9,100,463.3,20,0,29000
BANKNIFTY16JAN2031500CE.NFO,07/01/2020,09:17:47,462.95,461.3,80,463.3,20,0,29000
BANKNIFTY16JAN2031500CE.NFO,07/01/2020,09:17:48,462.95,461.55,100,463.3,20,0,29000
BANKNIFTY16JAN2031500CE.NFO,07/01/2020,09:17:49,463.3,461.85,40,468,260,20,29000
BANKNIFTY16JAN2031500CE.NFO,07/01/2020,09:17:50,462.1,460,40,468,280,40,29000
BANKNIFTY16JAN2031500CE.NFO,07/01/2020,09:17:51,456.1,456.1,220,467.95,100,400,29000
BANKNIFTY16JAN2031500CE.NFO,07/01/2020,09:17:52,465,456.1,220,464.8,80,40,29000
BANKNIFTY16JAN2031500CE.NFO,07/01/2020,09:17:52,465,456.1,220,464.45,80,0,29000
BANKNIFTY16JAN2031500CE.NFO,07/01/2020,09:17:54,460,456.15,80,467.8,20,80,29000
BANKNIFTY16JAN2031500CE.NFO,07/01/2020,09:17:55,456.15,456.15,60,464.9,80,20,29000
BANKNIFTY16JAN2031500CE.NFO,07/01/2020,09:17:55,456.15,456.4,40,464.7,80,0,29000
BANKNIFTY16JAN2031500CE.NFO,07/01/2020,09:17:57,457.6,456.1,260,464.9,80,20,29000
BANKNIFTY16JAN2031500CE.NFO,07/01/2020,09:17:58,457.6,459.95,20,464.5,20,0,29000
BANKNIFTY16JAN2031500CE.NFO,07/01/2020,09:17:59,458.95,458.1,20,464.1,80,60,29000
BANKNIFTY16JAN2031500CE.NFO,07/01/2020,09:18:00,459.5,457.4,40,464.8,80,20,29000
BANKNIFTY16JAN2031500CE.NFO,07/01/2020,09:18:00,459.5,458,20,464.5,80,0,29000
BANKNIFTY16JAN2031500CE.NFO,07/01/2020,09:18:02,459.5,458.5,40,464.8,80,0,29000
BANKNIFTY16JAN2031500CE.NFO,07/01/2020,09:18:03,458.55,457.7,40,464.9,80,20,29000
BANKNIFTY16JAN2031500CE.NFO,07/01/2020,09:18:04,458.65,458.75,20,465,100,60,29000
BANKNIFTY16JAN2031500CE.NFO,07/01/2020,09:18:05,466,459.15,40,468,260,80,29000
BANKNIFTY16JAN2031500CE.NFO,07/01/2020,09:18:06,466.05,466.05,40,468,180,80,29000
BANKNIFTY16JAN2031500CE.NFO,07/01/2020,09:18:07,468,459.35,100,469,380,180,29000
BANKNIFTY16JAN2031500CE.NFO,07/01/2020,09:18:08,468,459.35,100,469,380,0,29000
BANKNIFTY16JAN2031500CE.NFO,07/01/2020,09:18:10,469,466.1,20,469,360,60,29000
BANKNIFTY16JAN2031500CE.NFO,07/01/2020,09:18:11,469,466.5,40,469,280,20,29000
BANKNIFTY16JAN2031500CE.NFO,07/01/2020,09:18:11,469,464.1,40,469,300,40,29000
BANKNIFTY16JAN2031500CE.NFO,07/01/2020,09:18:13,470,469.95,20,470,340,260,29000
BANKNIFTY16JAN2031500CE.NFO,07/01/2020,09:18:14,465,464.7,20,470,380,220,29000
BANKNIFTY16JAN2031500CE.NFO,07/01/2020,09:18:15,470,464.9,20,470,340,40,29000
BANKNIFTY16JAN2031500CE.NFO,07/01/2020,09:18:16,470,466.6,20,470,240,40,29000
BANKNIFTY16JAN2031500CE.NFO,07/01/2020,09:18:17,470,466.8,20,470,240,0,29000
BANKNIFTY16JAN2031500CE.NFO,07/01/2020,09:18:18,470,465.75,20,470,20,220,29000
BANKNIFTY16JAN2031500CE.NFO,07/01/2020,09:18:18,470,466.95,20,470,20,0,29000
BANKNIFTY16JAN2031500CE.NFO,07/01/2020,09:18:20,472.7,467.05,20,472.6,100,40,29000
BANKNIFTY16JAN2031500CE.NFO,07/01/2020,09:18:21,470,468.25,20,470,280,60,29000
BANKNIFTY16JAN2031500CE.NFO,07/01/2020,09:18:21,470,468.15,40,470,280,0,29000
BANKNIFTY16JAN2031500CE.NFO,07/01/2020,09:18:22,470,468.75,20,475,80,280,29000
BANKNIFTY16JAN2031500CE.NFO,07/01/2020,09:18:23,470,468.85,20,475,80,0,29000
BANKNIFTY16JAN2031500CE.NFO,07/01/2020,09:18:25,468.85,475.5,20,479.95,80,40,29000
BANKNIFTY16JAN2031500CE.NFO,07/01/2020,09:18:26,468.85,474.7,20,479.85,80,0,29000
BANKNIFTY16JAN2031500CE.NFO,07/01/2020,09:18:26,471,468.8,20,478.85,20,100,29000
BANKNIFTY16JAN2031500CE.NFO,07/01/2020,09:18:28,470,467.6,60,473.35,40,60,29000
BANKNIFTY16JAN2031500CE.NFO,07/01/2020,09:18:29,470.1,468.75,40,475.45,60,100,29000
BANKNIFTY16JAN2031500CE.NFO,07/01/2020,09:18:30,470,468.85,60,474.85,100,40,29000
BANKNIFTY16JAN2031500CE.NFO,07/01/2020,09:18:31,470,468.3,20,474.25,20,0,29000
BANKNIFTY16JAN2031500CE.NFO,07/01/2020,09:18:31,470,466.1,40,474.25,100,0,29000
BANKNIFTY16JAN2031500CE.NFO,07/01/2020,09:18:33,470,468,40,469.95,40,0,29000
BANKNIFTY16JAN2031500CE.NFO,07/01/2020,09:18:34,470,466.35,20,469.95,40,0,29000
BANKNIFTY16JAN2031500CE.NFO,07/01/2020,09:18:35,470,465.95,40,473.9,60,60,29000
BANKNIFTY16JAN2031500CE.NFO,07/01/2020,09:18:36,465.95,465.55,20,473.7,60,20,29000
BANKNIFTY16JAN2031500CE.NFO,07/01/2020,09:18:37,461.85,461.9,40,472.15,80,60,29000
BANKNIFTY16JAN2031500CE.NFO,07/01/2020,09:18:38,461.85,461.15,20,470.25,20,0,29000
BANKNIFTY16JAN2031500CE.NFO,07/01/2020,09:18:39,470,460.35,20,469.7,60,80,29000
BANKNIFTY16JAN2031500CE.NFO,07/01/2020,09:18:40,469.45,460.55,20,469.9,60,100,29000
BANKNIFTY16JAN2031500CE.NFO,07/01/2020,09:18:40,469.45,460.35,20,469,60,0,29000
BANKNIFTY16JAN2031500CE.NFO,07/01/2020,09:18:42,469.45,460.15,20,467.1,60,0,29000
BANKNIFTY16JAN2031500CE.NFO,07/01/2020,09:18:43,464.95,460.15,20,464.95,60,20,29000
BANKNIFTY16JAN2031500CE.NFO,07/01/2020,09:18:44,464.95,461.05,20,463.9,60,0,29000
BANKNIFTY16JAN2031500CE.NFO,07/01/2020,09:18:45,464.95,461.35,20,465,100,0,29000
BANKNIFTY16JAN2031500CE.NFO,07/01/2020,09:18:45,464.95,462.95,20,465,40,0,29000
BANKNIFTY16JAN2031500CE.NFO,07/01/2020,09:18:47,464.95,461.05,40,464.95,60,0,29000
BANKNIFTY16JAN2031500CE.NFO,07/01/2020,09:18:48,465,461.5,20,465.55,60,40,29000
BANKNIFTY16JAN2031500CE.NFO,07/01/2020,09:18:49,465,461.05,20,464.9,60,0,29000
BANKNIFTY16JAN2031500CE.NFO,07/01/2020,09:18:50,465,461,200,464.75,60,0,29000
BANKNIFTY16JAN2031500CE.NFO,07/01/2020,09:18:51,465,461,200,464.8,60,0,29000
BANKNIFTY16JAN2031500CE.NFO,07/01/2020,09:18:52,465,461.05,20,463.85,60,0,29000
BANKNIFTY16JAN2031500CE.NFO,07/01/2020,09:18:53,465,461,200,464.45,60,0,29000
BANKNIFTY16JAN2031500CE.NFO,07/01/2020,09:18:54,461,461,180,463.85,60,40,29000
BANKNIFTY16JAN2031500CE.NFO,07/01/2020,09:18:54,461,461,180,464.8,60,0,29000
BANKNIFTY16JAN2031500CE.NFO,07/01/2020,09:18:56,463.8,461,180,464.95,80,80,29000
BANKNIFTY16JAN2031500CE.NFO,07/01/2020,09:18:57,463.8,461,180,464.95,80,0,29000
BANKNIFTY16JAN2031500CE.NFO,07/01/2020,09:18:59,465,461.05,20,468.55,20,80,29000
BANKNIFTY16JAN2031500CE.NFO,07/01/2020,09:19:00,465,461.05,20,468.55,80,0,29000
BANKNIFTY16JAN2031500CE.NFO,07/01/2020,09:19:01,465,461.2,20,468.55,80,0,29000
BANKNIFTY16JAN2031500CE.NFO,07/01/2020,09:19:02,465,461.3,40,468.55,80,0,29000
BANKNIFTY16JAN2031500CE.NFO,07/01/2020,09:19:04,465,461.05,20,468.55,80,0,29000
BANKNIFTY16JAN2031500CE.NFO,07/01/2020,09:19:05,465,461.05,20,466.75,20,0,29000
BANKNIFTY16JAN2031500CE.NFO,07/01/2020,09:19:05,465,461.05,20,467.1,20,0,29000
BANKNIFTY16JAN2031500CE.NFO,07/01/2020,09:19:07,466.7,461,160,466.8,80,20,29000
BANKNIFTY16JAN2031500CE.NFO,07/01/2020,09:19:09,466.7,461.15,20,468.95,80,0,29000
BANKNIFTY16JAN2031500CE.NFO,07/01/2020,09:19:10,466.7,461.6,20,468.55,20,0,29000
BANKNIFTY16JAN2031500CE.NFO,07/01/2020,09:19:10,466.7,461.7,20,469.7,20,0,29000
BANKNIFTY16JAN2031500CE.NFO,07/01/2020,09:19:11,466.7,462.05,40,469.05,40,0,29000
BANKNIFTY16JAN2031500CE.NFO,07/01/2020,09:19:13,466.7,462.05,40,468.4,20,0,29000
BANKNIFTY16JAN2031500CE.NFO,07/01/2020,09:19:13,466.7,462.05,40,468.55,40,0,29000
BANKNIFTY16JAN2031500CE.NFO,07/01/2020,09:19:15,465,461.2,20,465,80,60,29000
BANKNIFTY16JAN2031500CE.NFO,07/01/2020,09:19:16,465,463.3,40,469,20,100,29000
BANKNIFTY16JAN2031500CE.NFO,07/01/2020,09:19:17,465,463.65,20,468.9,20,0,29000
BANKNIFTY16JAN2031500CE.NFO,07/01/2020,09:19:18,470,465.65,20,470,1980,140,29000
BANKNIFTY16JAN2031500CE.NFO,07/01/2020,09:19:18,470,466.35,20,470,1980,0,29000
BANKNIFTY16JAN2031500CE.NFO,07/01/2020,09:19:20,470,466.05,20,470,1900,140,29000
BANKNIFTY16JAN2031500CE.NFO,07/01/2020,09:19:21,470,467,40,469.95,80,0,29000
BANKNIFTY16JAN2031500CE.NFO,07/01/2020,09:19:22,470,468.4,20,470,1860,60,29000
BANKNIFTY16JAN2031500CE.NFO,07/01/2020,09:19:22,470,468.1,20,470,1860,0,29000
BANKNIFTY16JAN2031500CE.NFO,07/01/2020,09:19:24,469,468.25,40,469.6,20,20,29000
BANKNIFTY16JAN2031500CE.NFO,07/01/2020,09:19:25,469.2,468.9,20,469.15,20,140,29000
BANKNIFTY16JAN2031500CE.NFO,07/01/2020,09:19:26,470,468.5,20,469.95,20,60,29000
BANKNIFTY16JAN2031500CE.NFO,07/01/2020,09:19:27,470,469.95,60,470,1340,460,29000
BANKNIFTY16JAN2031500CE.NFO,07/01/2020,09:19:27,469.95,467.7,20,470,1320,40,29000
BANKNIFTY16JAN2031500CE.NFO,07/01/2020,09:19:29,469.95,468.05,20,469.95,20,0,29000
BANKNIFTY16JAN2031500CE.NFO,07/01/2020,09:19:30,470,468,60,470,1220,200,29000
BANKNIFTY16JAN2031500CE.NFO,07/01/2020,09:19:31,470,465.7,20,470,20,1220,29000
BANKNIFTY16JAN2031500CE.NFO,07/01/2020,09:19:32,472,466.35,80,473.65,20,40,29000
BANKNIFTY16JAN2031500CE.NFO,07/01/2020,09:19:32,472,466.35,80,474.65,20,0,29000
BANKNIFTY16JAN2031500CE.NFO,07/01/2020,09:19:34,471.95,466.35,80,472,20,20,29000
BANKNIFTY16JAN2031500CE.NFO,07/01/2020,09:19:35,471.95,467.25,80,472,20,0,29000
BANKNIFTY16JAN2031500CE.NFO,07/01/2020,09:19:36,467.3,465.2,20,472,20,20,29000
BANKNIFTY16JAN2031500CE.NFO,07/01/2020,09:19:37,465.15,463,20,471.95,80,20,29000
BANKNIFTY16JAN2031500CE.NFO,07/01/2020,09:19:37,465.15,463.4,20,471.95,80,0,29000
BANKNIFTY16JAN2031500CE.NFO,07/01/2020,09:19:39,465.15,466.5,20,471.35,20,0,29000
BANKNIFTY16JAN2031500CE.NFO,07/01/2020,09:19:40,469.05,468.6,20,471.7,20,100,29000
BANKNIFTY16JAN2031500CE.NFO,07/01/2020,09:19:41,471.3,467.1,20,471.35,60,80,29000
BANKNIFTY16JAN2031500CE.NFO,07/01/2020,09:19:42,472,468.4,20,474.8,20,100,29000
BANKNIFTY16JAN2031500CE.NFO,07/01/2020,09:19:42,472,468.6,40,474.75,20,0,29000
BANKNIFTY16JAN2031500CE.NFO,07/01/2020,09:19:44,478.9,470.15,40,478.95,20,200,29000
BANKNIFTY16JAN2031500CE.NFO,07/01/2020,09:19:45,472.2,472,20,475.5,40,60,29000
BANKNIFTY16JAN2031500CE.NFO,07/01/2020,09:19:46,474.15,471.2,80,478.25,20,280,29000
BANKNIFTY16JAN2031500CE.NFO,07/01/2020,09:19:47,473.7,470.35,20,474.25,120,120,29000
BANKNIFTY16JAN2031500CE.NFO,07/01/2020,09:19:47,473.7,470.45,20,474.25,120,0,29000
BANKNIFTY16JAN2031500CE.NFO,07/01/2020,09:19:49,473.9,471.1,40,473.75,20,40,29000
BANKNIFTY16JAN2031500CE.NFO,07/01/2020,09:19:50,473.8,471.35,80,475,20,40,29000
BANKNIFTY16JAN2031500CE.NFO,07/01/2020,09:19:51,472.15,470.85,20,474.95,20,20,29000
BANKNIFTY16JAN2031500CE.NFO,07/01/2020,09:19:52,475,472.6,100,478.85,80,20,29000
BANKNIFTY16JAN2031500CE.NFO,07/01/2020,09:19:52,475,472.7,20,478.7,20,0,29000
BANKNIFTY16JAN2031500CE.NFO,07/01/2020,09:19:54,475,473.8,20,478.3,80,0,29000
BANKNIFTY16JAN2031500CE.NFO,07/01/2020,09:19:55,475,473.8,20,478.5,20,0,29000
BANKNIFTY16JAN2031500CE.NFO,07/01/2020,09:19:56,475,473.8,80,478.95,20,0,29000
BANKNIFTY16JAN2031500CE.NFO,07/01/2020,09:19:57,475,473.8,20,478.8,80,0,29000
BANKNIFTY16JAN2031500CE.NFO,07/01/2020,09:19:57,475,473.85,20,478.8,80,0,29000
BANKNIFTY16JAN2031500CE.NFO,07/01/2020,09:19:59,475,474.5,120,479,20,0,29000
BANKNIFTY16JAN2031500CE.NFO,07/01/2020,09:20:00,475,473.9,100,478.85,80,0,29000
BANKNIFTY16JAN2031500CE.NFO,07/01/2020,09:20:01,478.95,475.05,140,478.95,20,80,29000
BANKNIFTY16JAN2031500CE.NFO,07/01/2020,09:20:02,480.8,476.55,20,480.8,20,200,29000
BANKNIFTY16JAN2031500CE.NFO,07/01/2020,09:20:03,480.8,477.95,20,484.8,40,20,29000
BANKNIFTY16JAN2031500CE.NFO,07/01/2020,09:20:04,480.8,479.5,20,484.95,20,0,29000
BANKNIFTY16JAN2031500CE.NFO,07/01/2020,09:20:05,480.8,479.4,80,484.75,20,0,29000
BANKNIFTY16JAN2031500CE.NFO,07/01/2020,09:20:06,480.8,481.8,20,485,20,0,29000
BANKNIFTY16JAN2031500CE.NFO,07/01/2020,09:20:06,480.8,480.75,100,484.9,20,0,29000
BANKNIFTY16JAN2031500CE.NFO,07/01/2020,09:20:08,480.8,479.1,20,484.85,20,0,29000
BANKNIFTY16JAN2031500CE.NFO,07/01/2020,09:20:09,479.1,478.6,360,484.55,20,20,29000
BANKNIFTY16JAN2031500CE.NFO,07/01/2020,09:20:10,479.1,477.25,300,483.55,40,0,29000
BANKNIFTY16JAN2031500CE.NFO,07/01/2020,09:20:11,479.1,478.85,360,484.8,40,0,29000
BANKNIFTY16JAN2031500CE.NFO,07/01/2020,09:20:12,479.1,479.85,300,484.95,20,0,29000
BANKNIFTY16JAN2031500CE.NFO,07/01/2020,09:20:13,479.1,478.85,360,484.95,20,0,29000
BANKNIFTY16JAN2031500CE.NFO,07/01/2020,09:20:16,478.85,478.9,360,484.85,80,20,28080
BANKNIFTY16JAN2031500CE.NFO,07/01/2020,09:20:17,485,479.2,100,488.35,20,200,28080
BANKNIFTY16JAN2031500CE.NFO,07/01/2020,09:20:18,485,480.3,20,487.25,20,0,28080
BANKNIFTY16JAN2031500CE.NFO,07/01/2020,09:20:19,485,480.85,80,487.25,20,0,28080
BANKNIFTY16JAN2031500CE.NFO,07/01/2020,09:20:20,485,481.45,80,486.5,20,0,28080
BANKNIFTY16JAN2031500CE.NFO,07/01/2020,09:20:21,482.55,479.55,320,482.55,40,140,28080
BANKNIFTY16JAN2031500CE.NFO,07/01/2020,09:20:22,482.55,480.5,20,487,20,40,28080
BANKNIFTY16JAN2031500CE.NFO,07/01/2020,09:20:23,487.35,480.5,80,488.75,20,80,28080
BANKNIFTY16JAN2031500CE.NFO,07/01/2020,09:20:24,487.35,480.25,80,488.65,20,0,28080
BANKNIFTY16JAN2031500CE.NFO,07/01/2020,09:20:25,487.35,481.45,100,488.25,20,0,28080
BANKNIFTY16JAN2031500CE.NFO,07/01/2020,09:20:26,487.35,481.45,100,487.8,20,0,28080
BANKNIFTY16JAN2031500CE.NFO,07/01/2020,09:20:27,487.8,481.55,100,488.5,20,20,28080
BANKNIFTY16JAN2031500CE.NFO,07/01/2020,09:20:28,488.15,482.3,40,489.7,20,20,28080
BANKNIFTY16JAN2031500CE.NFO,07/01/2020,09:20:29,488.15,482.45,120,488.2,20,40,28080
BANKNIFTY16JAN2031500CE.NFO,07/01/2020,09:20:30,490,483.55,20,490,1820,220,28080
BANKNIFTY16JAN2031500CE.NFO,07/01/2020,09:20:31,489.3,489.3,20,490,1880,20,28080
BANKNIFTY16JAN2031500CE.NFO,07/01/2020,09:20:32,488,485.7,80,490,1880,80,28080
BANKNIFTY16JAN2031500CE.NFO,07/01/2020,09:20:33,488,485.9,60,490,1820,0,28080
BANKNIFTY16JAN2031500CE.NFO,07/01/2020,09:20:34,490,485.65,320,490,1680,200,28080
BANKNIFTY16JAN2031500CE.NFO,07/01/2020,09:20:35,485.7,485.7,160,490,1620,20,28080
BANKNIFTY16JAN2031500CE.NFO,07/01/2020,09:20:36,485.7,486.1,80,490,1620,0,28080
BANKNIFTY16JAN2031500CE.NFO,07/01/2020,09:20:37,490,485.45,320,490,1620,20,28080
BANKNIFTY16JAN2031500CE.NFO,07/01/2020,09:20:38,490,486.35,320,490,1600,0,28080
BANKNIFTY16JAN2031500CE.NFO,07/01/2020,09:20:39,490,486.8,80,490,1600,0,28080
BANKNIFTY16JAN2031500CE.NFO,07/01/2020,09:20:40,490,486.6,80,490,1600,0,28080
BANKNIFTY16JAN2031500CE.NFO,07/01/2020,09:20:42,485.65,485.65,260,489.9,20,100,28080
BANKNIFTY16JAN2031500CE.NFO,07/01/2020,09:20:43,485.65,485.7,20,490,1600,0,28080
BANKNIFTY16JAN2031500CE.NFO,07/01/2020,09:20:44,485.65,487.55,20,490,1600,0,28080
BANKNIFTY16JAN2031500CE.NFO,07/01/2020,09:20:45,485.65,489.1,20,490,1600,0,28080
BANKNIFTY16JAN2031500CE.NFO,07/01/2020,09:20:47,485.65,489.4,20,490,1600,0,28080
BANKNIFTY16JAN2031500CE.NFO,07/01/2020,09:20:48,490,489.5,20,490,1180,440,28080
BANKNIFTY16JAN2031500CE.NFO,07/01/2020,09:20:49,490,489.3,20,490,600,580,28080
BANKNIFTY16JAN2031500CE.NFO,07/01/2020,09:20:50,490,489.55,40,490,520,100,28080
BANKNIFTY16JAN2031500CE.NFO,07/01/2020,09:20:51,490,489.65,20,490,260,300,28080
BANKNIFTY16JAN2031500CE.NFO,07/01/2020,09:20:52,490,490.4,20,492.8,20,260,28080
BANKNIFTY16JAN2031500CE.NFO,07/01/2020,09:20:53,493,492.95,20,493,120,100,28080
BANKNIFTY16JAN2031500CE.NFO,07/01/2020,09:20:54,493,493.55,80,499.4,20,120,28080
BANKNIFTY16JAN2031500CE.NFO,07/01/2020,09:20:55,493,494.5,80,499.1,80,0,28080
BANKNIFTY16JAN2031500CE.NFO,07/01/2020,09:20:56,494.5,494,140,499.1,140,20,28080
BANKNIFTY16JAN2031500CE.NFO,07/01/2020,09:20:57,494.5,493.45,140,498.4,140,0,28080
BANKNIFTY16JAN2031500CE.NFO,07/01/2020,09:20:58,494.5,493.6,140,498.25,80,0,28080
BANKNIFTY16JAN2031500CE.NFO,07/01/2020,09:20:59,494.5,493.95,80,498.15,80,0,28080
BANKNIFTY16JAN2031500CE.NFO,07/01/2020,09:21:00,494.5,494.2,80,499.6,20,0,28080
BANKNIFTY16JAN2031500CE.NFO,07/01/2020,09:21:01,494.5,494.25,20,496.75,20,0,28080
BANKNIFTY16JAN2031500CE.NFO,07/01/2020,09:21:02,494.25,490.6,140,496.5,20,180,28080
BANKNIFTY16JAN2031500CE.NFO,07/01/2020,09:21:03,490.55,490.55,120,494.1,40,20,28080
BANKNIFTY16JAN2031500CE.NFO,07/01/2020,09:21:04,494,490,2080,494.1,40,60,28080
BANKNIFTY16JAN2031500CE.NFO,07/01/2020,09:21:05,490.55,490.2,80,495.95,40,220,28080
BANKNIFTY16JAN2031500CE.NFO,07/01/2020,09:21:06,490.55,490.2,140,494.5,40,0,28080
BANKNIFTY16JAN2031500CE.NFO,07/01/2020,09:21:07,490.55,490.2,140,495.8,40,0,28080
BANKNIFTY16JAN2031500CE.NFO,07/01/2020,09:21:08,490.55,490.8,40,496.65,40,0,28080
BANKNIFTY16JAN2031500CE.NFO,07/01/2020,09:21:09,490.55,492.55,40,495,20,0,28080
BANKNIFTY16JAN2031500CE.NFO,07/01/2020,09:21:10,495,494.15,140,498,180,20,28080
BANKNIFTY16JAN2031500CE.NFO,07/01/2020,09:21:11,495,495.7,20,498,160,0,28080
BANKNIFTY16JAN2031500CE.NFO,07/01/2020,09:21:12,498,496.3,60,498,80,80,28080
BANKNIFTY16JAN2031500CE.NFO,07/01/2020,09:21:13,498,497.55,40,500,720,80,28080
BANKNIFTY16JAN2031500CE.NFO,07/01/2020,09:21:14,498,497.3,40,500,720,0,28080
BANKNIFTY16JAN2031500CE.NFO,07/01/2020,09:21:15,500,496.15,40,500,420,300,28080
BANKNIFTY16JAN2031500CE.NFO,07/01/2020,09:21:16,500,496.75,100,500,420,0,28080
BANKNIFTY16JAN2031500CE.NFO,07/01/2020,09:21:17,501,500.65,120,504.2,20,440,28080
BANKNIFTY16JAN2031500CE.NFO,07/01/2020,09:21:17,501,500.65,120,504.2,20,0,28080
BANKNIFTY16JAN2031500CE.NFO,07/01/2020,09:21:18,501,499.05,160,504.5,20,0,28080
BANKNIFTY16JAN2031500CE.NFO,07/01/2020,09:21:19,501,501.95,160,505.95,20,0,28080
BANKNIFTY16JAN2031500CE.NFO,07/01/2020,09:21:20,504.9,504.9,60,506.6,20,20,28080
BANKNIFTY16JAN2031500CE.NFO,07/01/2020,09:21:20,504.9,504.9,60,506.6,20,0,28080
BANKNIFTY16JAN2031500CE.NFO,07/01/2020,09:21:21,506.75,504.9,60,507.5,20,20,28080
BANKNIFTY16JAN2031500CE.NFO,07/01/2020,09:21:21,506.75,504.9,60,507.5,20,0,28080
BANKNIFTY16JAN2031500CE.NFO,07/01/2020,09:21:22,504.9,504.9,20,507.25,20,80,28080
BANKNIFTY16JAN2031500CE.NFO,07/01/2020,09:21:22,507.45,504.9,20,507.25,20,0,28080
BANKNIFTY16JAN2031500CE.NFO,07/01/2020,09:21:23,504.05,501.2,20,505.15,20,40,28080
BANKNIFTY16JAN2031500CE.NFO,07/01/2020,09:21:24,501.2,501.5,40,504,20,20,28080
BANKNIFTY16JAN2031500CE.NFO,07/01/2020,09:21:25,502.2,501.25,40,503.9,20,20,28080
BANKNIFTY16JAN2031500CE.NFO,07/01/2020,09:21:26,506.4,501.7,120,506.2,40,220,28080
BANKNIFTY16JAN2031500CE.NFO,07/01/2020,09:21:27,501.7,503.4,40,505.65,40,20,28080
BANKNIFTY16JAN2031500CE.NFO,07/01/2020,09:21:28,504.05,503.3,40,505.55,40,40,28080
BANKNIFTY16JAN2031500CE.NFO,07/01/2020,09:21:29,503.55,500.85,100,504.65,20,40,28080
BANKNIFTY16JAN2031500CE.NFO,07/01/2020,09:21:30,500.95,500.95,20,503.35,40,80,28080
BANKNIFTY16JAN2031500CE.NFO,07/01/2020,09:21:31,502.85,496.7,20,502.45,20,20,28080
BANKNIFTY16JAN2031500CE.NFO,07/01/2020,09:21:32,501.7,499.5,80,502.3,20,40,28080
BANKNIFTY16JAN2031500CE.NFO,07/01/2020,09:21:33,501.7,497.35,80,501.5,40,0,28080
BANKNIFTY16JAN2031500CE.NFO,07/01/2020,09:21:34,498.7,498.75,20,500.7,20,20,28080
BANKNIFTY16JAN2031500CE.NFO,07/01/2020,09:21:35,500.55,499.25,100,502,40,40,28080
BANKNIFTY16JAN2031500CE.NFO,07/01/2020,09:21:36,498.8,498.8,20,501.45,20,80,28080
BANKNIFTY16JAN2031500CE.NFO,07/01/2020,09:21:37,498.1,498.1,80,499.75,40,140,28080
BANKNIFTY16JAN2031500CE.NFO,07/01/2020,09:21:38,497,496.85,180,501.85,60,100,28080
BANKNIFTY16JAN2031500CE.NFO,07/01/2020,09:21:39,491.3,491.55,60,498.45,20,100,28080
BANKNIFTY16JAN2031500CE.NFO,07/01/2020,09:21:40,497.75,495.05,20,500.9,80,80,28080
BANKNIFTY16JAN2031500CE.NFO,07/01/2020,09:21:41,498,498,40,499.75,20,60,28080
BANKNIFTY16JAN2031500CE.NFO,07/01/2020,09:21:42,499.7,498,20,502.85,80,20,28080
BANKNIFTY16JAN2031500CE.NFO,07/01/2020,09:21:43,499.7,499.5,40,503.95,80,0,28080
BANKNIFTY16JAN2031500CE.NFO,07/01/2020,09:21:44,499.7,501.5,80,503.95,20,0,28080
BANKNIFTY16JAN2031500CE.NFO,07/01/2020,09:21:45,504,501.9,180,506.9,20,60,28080
BANKNIFTY16JAN2031500CE.NFO,07/01/2020,09:21:46,503.3,503.3,20,506.7,80,60,28080
BANKNIFTY16JAN2031500CE.NFO,07/01/2020,09:21:47,503.35,503.15,80,506.45,20,20,28080
BANKNIFTY16JAN2031500CE.NFO,07/01/2020,09:21:47,503.35,503.4,140,506.4,100,0,28080
BANKNIFTY16JAN2031500CE.NFO,07/01/2020,09:21:49,504.25,502.6,40,505.45,20,40,28080
BANKNIFTY16JAN2031500CE.NFO,07/01/2020,09:21:50,502.45,499,20,504.95,20,40,28080
BANKNIFTY16JAN2031500CE.NFO,07/01/2020,09:21:51,505,502.6,40,505.95,20,40,28080
BANKNIFTY16JAN2031500CE.NFO,07/01/2020,09:21:52,502.8,502.8,20,505.85,40,60,28080
BANKNIFTY16JAN2031500CE.NFO,07/01/2020,09:21:52,502.8,502.8,20,505.65,20,0,28080
BANKNIFTY16JAN2031500CE.NFO,07/01/2020,09:21:53,503.8,503.8,60,504.75,20,40,28080
BANKNIFTY16JAN2031500CE.NFO,07/01/2020,09:21:54,499.45,499.45,80,504.1,20,20,28080
BANKNIFTY16JAN2031500CE.NFO,07/01/2020,09:21:55,502.05,502.05,120,504.9,40,120,28080
BANKNIFTY16JAN2031500CE.NFO,07/01/2020,09:21:56,501.7,501.65,140,505.95,20,140,28080
BANKNIFTY16JAN2031500CE.NFO,07/01/2020,09:21:57,501.7,501.8,100,505.5,20,0,28080
BANKNIFTY16JAN2031500CE.NFO,07/01/2020,09:21:58,504.55,501.85,80,505.6,40,20,28080
BANKNIFTY16JAN2031500CE.NFO,07/01/2020,09:22:00,506,503.4,120,506,40,180,28080
BANKNIFTY16JAN2031500CE.NFO,07/01/2020,09:22:01,505.55,505.55,20,508.95,40,60,28080
BANKNIFTY16JAN2031500CE.NFO,07/01/2020,09:22:02,505.55,506.05,40,508.8,20,0,28080
BANKNIFTY16JAN2031500CE.NFO,07/01/2020,09:22:03,505.55,507.1,40,508.85,40,0,28080
BANKNIFTY16JAN2031500CE.NFO,07/01/2020,09:22:04,509.95,508.85,80,511.85,20,220,28080
BANKNIFTY16JAN2031500CE.NFO,07/01/2020,09:22:04,510,508.85,80,511.85,20,0,28080
BANKNIFTY16JAN2031500CE.NFO,07/01/2020,09:22:05,511.7,512.6,60,514.95,60,20,28080
BANKNIFTY16JAN2031500CE.NFO,07/01/2020,09:22:05,511.7,512.6,60,514.95,60,0,28080
BANKNIFTY16JAN2031500CE.NFO,07/01/2020,09:22:06,513.1,513.15,40,514.75,20,20,28080
BANKNIFTY16JAN2031500CE.NFO,07/01/2020,09:22:06,513.1,513.15,40,514.75,20,0,28080
BANKNIFTY16JAN2031500CE.NFO,07/01/2020,09:22:07,513.75,512.75,40,514.95,20,140,28080
BANKNIFTY16JAN2031500CE.NFO,07/01/2020,09:22:07,514.75,512.75,40,514.95,20,0,28080
BANKNIFTY16JAN2031500CE.NFO,07/01/2020,09:22:08,513.75,508.45,80,513.65,20,0,28080
BANKNIFTY16JAN2031500CE.NFO,07/01/2020,09:22:09,509.35,508.9,40,513.4,40,80,28080
BANKNIFTY16JAN2031500CE.NFO,07/01/2020,09:22:10,509.55,508.95,100,513,40,20,28080
BANKNIFTY16JAN2031500CE.NFO,07/01/2020,09:22:11,509.55,509.1,120,514.25,20,0,28080
BANKNIFTY16JAN2031500CE.NFO,07/01/2020,09:22:12,509.55,509.35,100,510.9,20,0,28080
BANKNIFTY16JAN2031500CE.NFO,07/01/2020,09:22:13,509.7,508.75,40,512.7,40,20,28080
BANKNIFTY16JAN2031500CE.NFO,07/01/2020,09:22:14,509.7,508.9,100,513.7,20,0,28080
BANKNIFTY16JAN2031500CE.NFO,07/01/2020,09:22:15,509.7,507.3,40,511.6,20,0,28080
BANKNIFTY16JAN2031500CE.NFO,07/01/2020,09:22:16,509.7,510,2000,511.95,40,0,28080
BANKNIFTY16JAN2031500CE.NFO,07/01/2020,09:22:17,509.7,510.4,60,514.95,20,0,28080
BANKNIFTY16JAN2031500CE.NFO,07/01/2020,09:22:18,509.7,510.55,40,515,20,0,28080
BANKNIFTY16JAN2031500CE.NFO,07/01/2020,09:22:19,509.7,511.4,40,515,20,0,28080
BANKNIFTY16JAN2031500CE.NFO,07/01/2020,09:22:20,509.7,510.35,40,514.75,20,0,28080
BANKNIFTY16JAN2031500CE.NFO,07/01/2020,09:22:21,509.7,510.35,40,514.4,20,0,28080
BANKNIFTY16JAN2031500CE.NFO,07/01/2020,09:22:22,509.7,510.95,40,513.2,20,0,28080
BANKNIFTY16JAN2031500CE.NFO,07/01/2020,09:22:22,509.7,510.3,80,513.2,40,0,28080
BANKNIFTY16JAN2031500CE.NFO,07/01/2020,09:22:23,509.7,510.05,20,512.35,20,0,28080
BANKNIFTY16JAN2031500CE.NFO,07/01/2020,09:22:25,509.7,510.25,80,514.95,20,0,28080
BANKNIFTY16JAN2031500CE.NFO,07/01/2020,09:22:26,509.7,510.5,20,514.95,20,0,28080
BANKNIFTY16JAN2031500CE.NFO,07/01/2020,09:22:27,509.7,511.6,40,514.95,20,0,28080
BANKNIFTY16JAN2031500CE.NFO,07/01/2020,09:22:28,515,515,540,517.4,20,260,28080
BANKNIFTY16JAN2031500CE.NFO,07/01/2020,09:22:28,515,515,540,517.4,20,0,28080
BANKNIFTY16JAN2031500CE.NFO,07/01/2020,09:22:29,515,515,520,517.3,20,20,28080
BANKNIFTY16JAN2031500CE.NFO,07/01/2020,09:22:30,515,515,480,517.1,20,40,28080
BANKNIFTY16JAN2031500CE.NFO,07/01/2020,09:22:31,515.25,515,540,518.3,20,40,28080
BANKNIFTY16JAN2031500CE.NFO,07/01/2020,09:22:31,515.25,515,540,518.3,20,0,28080
BANKNIFTY16JAN2031500CE.NFO,07/01/2020,09:22:32,517.35,515,400,517.85,20,100,28080
BANKNIFTY16JAN2031500CE.NFO,07/01/2020,09:22:32,517.35,515,400,517.85,20,0,28080
BANKNIFTY16JAN2031500CE.NFO,07/01/2020,09:22:33,515,515,340,516.75,20,60,28080
BANKNIFTY16JAN2031500CE.NFO,07/01/2020,09:22:34,515,515,340,516.8,20,0,28080
BANKNIFTY16JAN2031500CE.NFO,07/01/2020,09:22:35,515,515,340,516.9,20,0,28080
BANKNIFTY16JAN2031500CE.NFO,07/01/2020,09:22:35,515,515,340,516.85,20,0,28080
BANKNIFTY16JAN2031500CE.NFO,07/01/2020,09:22:37,515,515,320,516.9,20,20,28080
BANKNIFTY16JAN2031500CE.NFO,07/01/2020,09:22:38,515,515,260,517.6,20,60,28080
BANKNIFTY16JAN2031500CE.NFO,07/01/2020,09:22:39,515,515,260,517.15,20,0,28080
BANKNIFTY16JAN2031500CE.NFO,07/01/2020,09:22:40,515,515,320,518.4,20,0,28080
BANKNIFTY16JAN2031500CE.NFO,07/01/2020,09:22:40,515,515,320,518.2,20,0,28080
BANKNIFTY16JAN2031500CE.NFO,07/01/2020,09:22:42,515,515,260,517.3,40,0,28080
BANKNIFTY16JAN2031500CE.NFO,07/01/2020,09:22:43,515,515,320,518,40,0,28080
BANKNIFTY16JAN2031500CE.NFO,07/01/2020,09:22:44,515,515,180,516.65,20,100,28080
BANKNIFTY16JAN2031500CE.NFO,07/01/2020,09:22:45,517.75,515,180,517.35,20,40,28080
BANKNIFTY16JAN2031500CE.NFO,07/01/2020,09:22:45,517.75,515,180,517.35,20,0,28080
BANKNIFTY16JAN2031500CE.NFO,07/01/2020,09:22:46,516.05,515,240,516.15,20,20,28080
BANKNIFTY16JAN2031500CE.NFO,07/01/2020,09:22:46,516.05,515,180,517.5,20,0,28080
BANKNIFTY16JAN2031500CE.NFO,07/01/2020,09:22:48,515.25,510.3,80,515.5,100,220,28080
BANKNIFTY16JAN2031500CE.NFO,07/01/2020,09:22:49,515.25,510.35,100,517,20,0,28080
BANKNIFTY16JAN2031500CE.NFO,07/01/2020,09:22:50,515.25,510.45,100,517.85,60,0,28080
BANKNIFTY16JAN2031500CE.NFO,07/01/2020,09:22:51,515.25,510.45,200,517.85,60,0,28080
BANKNIFTY16JAN2031500CE.NFO,07/01/2020,09:22:52,517.95,511.9,20,518,20,20,28080
BANKNIFTY16JAN2031500CE.NFO,07/01/2020,09:22:52,517.95,511.9,20,518,20,0,28080
BANKNIFTY16JAN2031500CE.NFO,07/01/2020,09:22:53,519.4,512.7,20,520.7,20,40,28080
BANKNIFTY16JAN2031500CE.NFO,07/01/2020,09:22:53,519.4,512.7,20,520.7,20,0,28080
BANKNIFTY16JAN2031500CE.NFO,07/01/2020,09:22:54,519.4,514.5,20,520.7,20,0,28080
BANKNIFTY16JAN2031500CE.NFO,07/01/2020,09:22:55,519.4,515.95,20,522.85,20,0,28080
BANKNIFTY16JAN2031500CE.NFO,07/01/2020,09:22:56,522.4,517,40,522.4,20,40,28080
BANKNIFTY16JAN2031500CE.NFO,07/01/2020,09:22:56,522.4,517,40,522.4,20,0,28080
BANKNIFTY16JAN2031500CE.NFO,07/01/2020,09:22:57,519.8,517.65,20,523.6,20,40,28080
BANKNIFTY16JAN2031500CE.NFO,07/01/2020,09:22:58,523.85,519.2,40,524.95,20,120,28080
BANKNIFTY16JAN2031500CE.NFO,07/01/2020,09:22:58,523.85,519.2,40,524.95,20,0,28080
BANKNIFTY16JAN2031500CE.NFO,07/01/2020,09:22:59,523.85,517.9,40,522.15,60,0,28080
BANKNIFTY16JAN2031500CE.NFO,07/01/2020,09:23:00,523.85,516.95,20,520.6,60,0,28080
BANKNIFTY16JAN2031500CE.NFO,07/01/2020,09:23:01,520.15,516.9,120,520.15,40,20,28080
BANKNIFTY16JAN2031500CE.NFO,07/01/2020,09:23:02,520.15,516.65,120,520.15,40,0,28080
BANKNIFTY16JAN2031500CE.NFO,07/01/2020,09:23:02,520.15,516.5,20,520.15,40,0,28080
BANKNIFTY16JAN2031500CE.NFO,07/01/2020,09:23:03,520.15,516.85,20,520.15,40,0,28080
BANKNIFTY16JAN2031500CE.NFO,07/01/2020,09:23:05,517.65,517.7,20,523.5,60,300,28080
BANKNIFTY16JAN2031500CE.NFO,07/01/2020,09:23:05,517.65,517.95,40,522.45,60,0,28080
BANKNIFTY16JAN2031500CE.NFO,07/01/2020,09:23:07,520.1,518.9,20,520,20,40,28080
BANKNIFTY16JAN2031500CE.NFO,07/01/2020,09:23:08,521,519.8,40,520.7,20,60,28080
BANKNIFTY16JAN2031500CE.NFO,07/01/2020,09:23:09,520,519.9,60,525,60,200,28080
BANKNIFTY16JAN2031500CE.NFO,07/01/2020,09:23:09,523.9,519.9,60,525,60,0,28080
BANKNIFTY16JAN2031500CE.NFO,07/01/2020,09:23:10,520,519.9,120,524.95,20,0,24840
BANKNIFTY16JAN2031500CE.NFO,07/01/2020,09:23:10,520,519.9,120,524.55,20,0,24840
BANKNIFTY16JAN2031500CE.NFO,07/01/2020,09:23:12,520,519.9,120,524.7,20,0,24840
BANKNIFTY16JAN2031500CE.NFO,07/01/2020,09:23:13,520,519.9,60,522.5,40,20,24840
BANKNIFTY16JAN2031500CE.NFO,07/01/2020,09:23:14,520,519.9,60,523.1,20,0,24840
BANKNIFTY16JAN2031500CE.NFO,07/01/2020,09:23:15,519.75,515.65,20,520.75,80,100,24840
BANKNIFTY16JAN2031500CE.NFO,07/01/2020,09:23:16,519.75,515,20,519.95,20,0,24840
BANKNIFTY16JAN2031500CE.NFO,07/01/2020,09:23:17,519.75,515,80,519.45,20,0,24840
BANKNIFTY16JAN2031500CE.NFO,07/01/2020,09:23:18,519.75,515.05,160,521.2,20,0,24840
BANKNIFTY16JAN2031500CE.NFO,07/01/2020,09:23:19,519.75,515.25,80,522.25,20,0,24840
BANKNIFTY16JAN2031500CE.NFO,07/01/2020,09:23:20,523.35,516.45,100,523.6,20,20,24840
BANKNIFTY16JAN2031500CE.NFO,07/01/2020,09:23:21,523.35,516.95,40,524.15,20,0,24840
BANKNIFTY16JAN2031500CE.NFO,07/01/2020,09:23:22,516.8,515.6,140,522.3,60,80,24840
BANKNIFTY16JAN2031500CE.NFO,07/01/2020,09:23:23,516.8,515.05,140,520.85,60,0,24840
BANKNIFTY16JAN2031500CE.NFO,07/01/2020,09:23:25,516.8,519,80,520.75,20,0,24840
BANKNIFTY16JAN2031500CE.NFO,07/01/2020,09:23:26,516.8,519,80,520.75,60,0,24840
BANKNIFTY16JAN2031500CE.NFO,07/01/2020,09:23:27,519,515.35,20,522,20,80,24840
BANKNIFTY16JAN2031500CE.NFO,07/01/2020,09:23:28,515.35,515.05,140,520.25,20,40,24840
BANKNIFTY16JAN2031500CE.NFO,07/01/2020,09:23:29,515.05,515.05,120,519.6,80,20,24840
BANKNIFTY16JAN2031500CE.NFO,07/01/2020,09:23:30,515.05,515.55,20,522.15,20,0,24840
BANKNIFTY16JAN2031500CE.NFO,07/01/2020,09:23:31,515.05,515.05,120,522.15,120,0,24840
BANKNIFTY16JAN2031500CE.NFO,07/01/2020,09:23:32,515.05,515.05,180,521.1,80,0,24840
BANKNIFTY16JAN2031500CE.NFO,07/01/2020,09:23:33,515.05,515.05,180,520.3,20,0,24840
BANKNIFTY16JAN2031500CE.NFO,07/01/2020,09:23:34,515.05,515.05,180,521.75,40,0,24840
BANKNIFTY16JAN2031500CE.NFO,07/01/2020,09:23:35,515.05,514.6,200,519,80,0,24840
BANKNIFTY16JAN2031500CE.NFO,07/01/2020,09:23:36,515.05,514.55,180,519,80,0,24840
BANKNIFTY16JAN2031500CE.NFO,07/01/2020,09:23:38,515.05,514.7,20,519,80,40,24840
BANKNIFTY16JAN2031500CE.NFO,07/01/2020,09:23:39,515.05,513.8,180,519,80,0,24840
BANKNIFTY16JAN2031500CE.NFO,07/01/2020,09:23:40,515.05,513.7,80,519,80,0,24840
BANKNIFTY16JAN2031500CE.NFO,07/01/2020,09:23:41,515.05,514.7,60,519,80,0,24840
BANKNIFTY16JAN2031500CE.NFO,07/01/2020,09:23:42,515.05,514.9,80,519,80,0,24840
BANKNIFTY16JAN2031500CE.NFO,07/01/2020,09:23:43,515.05,515,80,519,80,0,24840
BANKNIFTY16JAN2031500CE.NFO,07/01/2020,09:23:44,515.05,514.35,240,518.95,20,0,24840
BANKNIFTY16JAN2031500CE.NFO,07/01/2020,09:23:45,515.05,514.4,80,519,20,0,24840
BANKNIFTY16JAN2031500CE.NFO,07/01/2020,09:23:46,514.75,514.5,20,518.95,80,140,24840
BANKNIFTY16JAN2031500CE.NFO,07/01/2020,09:23:47,514.75,514.8,20,518.85,20,0,24840
BANKNIFTY16JAN2031500CE.NFO,07/01/2020,09:23:48,514.75,515.3,20,518.75,80,0,24840
BANKNIFTY16JAN2031500CE.NFO,07/01/2020,09:23:49,514.75,515.35,40,518.75,80,0,24840
BANKNIFTY16JAN2031500CE.NFO,07/01/2020,09:23:50,514.75,515.05,20,518.95,20,0,24840
BANKNIFTY16JAN2031500CE.NFO,07/01/2020,09:23:51,514.75,515.65,100,518.95,20,0,24840
BANKNIFTY16JAN2031500CE.NFO,07/01/2020,09:23:52,514.75,515.55,20,518.95,20,0,24840
BANKNIFTY16JAN2031500CE.NFO,07/01/2020,09:23:53,514.75,516.15,20,518.95,20,0,24840
BANKNIFTY16JAN2031500CE.NFO,07/01/2020,09:23:54,514.75,515.5,80,519,40,0,24840
BANKNIFTY16JAN2031500CE.NFO,07/01/2020,09:23:55,519,517.2,80,524.65,20,40,24840
BANKNIFTY16JAN2031500CE.NFO,07/01/2020,09:23:56,519,518.9,20,524.95,20,0,24840
BANKNIFTY16JAN2031500CE.NFO,07/01/2020,09:23:57,519,519.7,40,524.95,20,0,24840
BANKNIFTY16JAN2031500CE.NFO,07/01/2020,09:23:58,519,520.1,100,524.95,20,0,24840
BANKNIFTY16JAN2031500CE.NFO,07/01/2020,09:23:59,519,520.1,60,524.95,20,0,24840
BANKNIFTY16JAN2031500CE.NFO,07/01/2020,09:24:00,519,524.5,20,524.95,20,0,24840
BANKNIFTY16JAN2031500CE.NFO,07/01/2020,09:24:01,524.8,518.9,100,524.95,20,40,24840
BANKNIFTY16JAN2031500CE.NFO,07/01/2020,09:24:01,524.8,518.9,100,524.95,20,0,24840
BANKNIFTY16JAN2031500CE.NFO,07/01/2020,09:24:02,524.8,518.95,100,524.95,20,0,24840
BANKNIFTY16JAN2031500CE.NFO,07/01/2020,09:24:03,524.8,517.95,200,524.95,80,0,24840
BANKNIFTY16JAN2031500CE.NFO,07/01/2020,09:24:04,524.8,515.55,80,523.75,20,0,24840
BANKNIFTY16JAN2031500CE.NFO,07/01/2020,09:24:05,524.8,515.15,80,522.85,20,0,24840
BANKNIFTY16JAN2031500CE.NFO,07/01/2020,09:24:06,524.8,516.35,100,523.9,20,0,24840
BANKNIFTY16JAN2031500CE.NFO,07/01/2020,09:24:07,524.8,517.3,20,524.7,20,0,24840
BANKNIFTY16JAN2031500CE.NFO,07/01/2020,09:24:08,524.8,516.15,80,523.8,20,0,24840
BANKNIFTY16JAN2031500CE.NFO,07/01/2020,09:24:09,515.85,515.85,180,523.6,20,60,24840
BANKNIFTY16JAN2031500CE.NFO,07/01/2020,09:24:10,515.85,515.85,160,523.1,20,0,24840
BANKNIFTY16JAN2031500CE.NFO,07/01/2020,09:24:11,515.85,515.65,20,523.55,20,0,24840
BANKNIFTY16JAN2031500CE.NFO,07/01/2020,09:24:12,515.85,515.8,20,523.05,20,0,24840
BANKNIFTY16JAN2031500CE.NFO,07/01/2020,09:24:13,515.85,515.75,20,523.25,20,0,24840
BANKNIFTY16JAN2031500CE.NFO,07/01/2020,09:24:14,515.85,516.4,140,524.35,20,0,24840
BANKNIFTY16JAN2031500CE.NFO,07/01/2020,09:24:15,515.85,516.9,120,524.05,40,0,24840
BANKNIFTY16JAN2031500CE.NFO,07/01/2020,09:24:16,515.85,516.9,100,523,20,0,24840
BANKNIFTY16JAN2031500CE.NFO,07/01/2020,09:24:17,515.85,516.9,120,524.55,20,0,24840
BANKNIFTY16JAN2031500CE.NFO,07/01/2020,09:24:18,515.85,516.9,100,524.65,40,0,24840
BANKNIFTY16JAN2031500CE.NFO,07/01/2020,09:24:19,521.95,515.55,80,523.1,20,40,24840
BANKNIFTY16JAN2031500CE.NFO,07/01/2020,09:24:20,522,516.75,20,522.95,20,40,24840
BANKNIFTY16JAN2031500CE.NFO,07/01/2020,09:24:21,522,517.2,80,522.6,20,0,24840
BANKNIFTY16JAN2031500CE.NFO,07/01/2020,09:24:22,522,516.25,20,522.65,40,0,24840
BANKNIFTY16JAN2031500CE.NFO,07/01/2020,09:24:23,522,516.65,80,522.25,20,0,24840
BANKNIFTY16JAN2031500CE.NFO,07/01/2020,09:24:25,516.65,515.9,80,522.35,160,40,24840
BANKNIFTY16JAN2031500CE.NFO,07/01/2020,09:24:26,516.65,516.4,80,522.65,100,0,24840
BANKNIFTY16JAN2031500CE.NFO,07/01/2020,09:24:27,516.65,515.8,80,522.5,20,0,24840
BANKNIFTY16JAN2031500CE.NFO,07/01/2020,09:24:28,522.15,515.9,80,522.2,20,80,24840
BANKNIFTY16JAN2031500CE.NFO,07/01/2020,09:24:29,522.15,515.9,80,521.9,20,0,24840
BANKNIFTY16JAN2031500CE.NFO,07/01/2020,09:24:30,522.15,515.85,80,521.15,80,0,24840
BANKNIFTY16JAN2031500CE.NFO,07/01/2020,09:24:31,522.15,515.85,80,520.6,20,0,24840
BANKNIFTY16JAN2031500CE.NFO,07/01/2020,09:24:32,522.15,515.85,80,520.45,20,0,24840
BANKNIFTY16JAN2031500CE.NFO,07/01/2020,09:24:34,522.15,515.85,80,519.75,20,0,24840
BANKNIFTY16JAN2031500CE.NFO,07/01/2020,09:24:35,522.15,515.85,80,518.95,200,0,24840
BANKNIFTY16JAN2031500CE.NFO,07/01/2020,09:24:36,515.8,515,180,519.35,20,60,24840
BANKNIFTY16JAN2031500CE.NFO,07/01/2020,09:24:37,515.8,515,180,518.6,40,0,24840
BANKNIFTY16JAN2031500CE.NFO,07/01/2020,09:24:38,515,515,140,518.4,20,40,24840
BANKNIFTY16JAN2031500CE.NFO,07/01/2020,09:24:39,515,510,2080,514.2,20,80,24840
BANKNIFTY16JAN2031500CE.NFO,07/01/2020,09:24:40,515,510,2020,514.3,20,0,24840
BANKNIFTY16JAN2031500CE.NFO,07/01/2020,09:24:41,515,510,2020,514.4,80,0,24840
BANKNIFTY16JAN2031500CE.NFO,07/01/2020,09:24:42,513.85,510.05,80,515.45,20,40,24840
BANKNIFTY16JAN2031500CE.NFO,07/01/2020,09:24:43,510.05,510,2080,513.1,80,40,24840
BANKNIFTY16JAN2031500CE.NFO,07/01/2020,09:24:44,510,510,1780,513.05,100,240,24840
BANKNIFTY16JAN2031500CE.NFO,07/01/2020,09:24:45,510,510,1740,512.65,40,40,24840
BANKNIFTY16JAN2031500CE.NFO,07/01/2020,09:24:46,510,510,1420,513.2,20,320,24840
BANKNIFTY16JAN2031500CE.NFO,07/01/2020,09:24:47,510,510,1220,513.4,20,220,24840
BANKNIFTY16JAN2031500CE.NFO,07/01/2020,09:24:48,510.05,510,1220,512.1,40,20,24840
BANKNIFTY16JAN2031500CE.NFO,07/01/2020,09:24:49,510,510,1200,512.6,20,20,24840
BANKNIFTY16JAN2031500CE.NFO,07/01/2020,09:24:50,510,510,1160,512.3,20,40,24840
BANKNIFTY16JAN2031500CE.NFO,07/01/2020,09:24:51,510,510,1140,512.3,20,20,24840
BANKNIFTY16JAN2031500CE.NFO,07/01/2020,09:24:52,510,510,1140,512.3,20,0,24840
BANKNIFTY16JAN2031500CE.NFO,07/01/2020,09:24:55,512.35,510,1140,514.5,80,40,24840
BANKNIFTY16JAN2031500CE.NFO,07/01/2020,09:24:56,512.35,510,1140,512.1,20,0,24840
BANKNIFTY16JAN2031500CE.NFO,07/01/2020,09:24:57,512.35,510,1140,512.65,20,0,24840
BANKNIFTY16JAN2031500CE.NFO,07/01/2020,09:24:59,510,510,1120,512.65,20,20,24840
BANKNIFTY16JAN2031500CE.NFO,07/01/2020,09:25:00,510,510,1120,512.65,20,0,24840
BANKNIFTY16JAN2031500CE.NFO,07/01/2020,09:25:01,510.6,510,1100,512.65,20,20,24840
BANKNIFTY16JAN2031500CE.NFO,07/01/2020,09:25:02,510.6,510.05,20,512.65,20,0,24840
BANKNIFTY16JAN2031500CE.NFO,07/01/2020,09:25:03,510.6,510,1100,512.65,20,0,24840
BANKNIFTY16JAN2031500CE.NFO,07/01/2020,09:25:05,510.05,510,1100,512.65,20,20,24840
BANKNIFTY16JAN2031500CE.NFO,07/01/2020,09:25:06,510.05,510.35,20,512.65,20,0,24840
BANKNIFTY16JAN2031500CE.NFO,07/01/2020,09:25:07,512.65,510.35,80,515.5,80,20,24840
BANKNIFTY16JAN2031500CE.NFO,07/01/2020,09:25:08,512.65,510.35,20,515.5,80,0,24840
BANKNIFTY16JAN2031500CE.NFO,07/01/2020,09:25:09,512.65,510.35,80,515.35,80,0,24840
BANKNIFTY16JAN2031500CE.NFO,07/01/2020,09:25:10,512.65,510.55,80,515.5,80,0,24840
BANKNIFTY16JAN2031500CE.NFO,07/01/2020,09:25:12,512.65,510.55,80,515.5,120,0,24840
BANKNIFTY16JAN2031500CE.NFO,07/01/2020,09:25:13,512.65,510.55,20,515.5,120,0,24840
BANKNIFTY16JAN2031500CE.NFO,07/01/2020,09:25:14,512.65,510.55,80,515.5,120,0,24840
BANKNIFTY16JAN2031500CE.NFO,07/01/2020,09:25:15,512.65,510.55,80,514.95,20,0,24840
BANKNIFTY16JAN2031500CE.NFO,07/01/2020,09:25:16,512.65,510.55,20,514.95,60,0,24840
BANKNIFTY16JAN2031500CE.NFO,07/01/2020,09:25:18,512.65,510.55,80,514.95,120,0,24840
BANKNIFTY16JAN2031500CE.NFO,07/01/2020,09:25:19,512.65,510.55,20,514.95,120,0,24840
BANKNIFTY16JAN2031500CE.NFO,07/01/2020,09:25:22,512.65,510.85,20,514.95,120,0,24840
BANKNIFTY16JAN2031500CE.NFO,07/01/2020,09:25:23,512.65,511.05,20,514.9,120,0,24840
BANKNIFTY16JAN2031500CE.NFO,07/01/2020,09:25:25,512.65,511.05,20,514.9,60,0,24840
BANKNIFTY16JAN2031500CE.NFO,07/01/2020,09:25:26,512.65,511.05,20,514.95,80,0,24840
BANKNIFTY16JAN2031500CE.NFO,07/01/2020,09:25:28,512.65,513.05,20,514.95,20,0,24840
BANKNIFTY16JAN2031500CE.NFO,07/01/2020,09:25:29,512.65,513.05,20,513.95,20,0,24840
BANKNIFTY16JAN2031500CE.NFO,07/01/2020,09:25:30,513.05,513,20,513.95,80,40,24840
BANKNIFTY16JAN2031500CE.NFO,07/01/2020,09:25:31,513.05,513,20,513.95,80,0,24840
BANKNIFTY16JAN2031500CE.NFO,07/01/2020,09:25:32,513,512.65,600,514,80,20,24840
BANKNIFTY16JAN2031500CE.NFO,07/01/2020,09:25:33,513,512.65,600,513.95,20,0,24840
BANKNIFTY16JAN2031500CE.NFO,07/01/2020,09:25:35,513,512.65,600,514,20,0,24840
BANKNIFTY16JAN2031500CE.NFO,07/01/2020,09:25:37,513,512.65,600,513.95,20,0,24840
BANKNIFTY16JAN2031500CE.NFO,07/01/2020,09:25:38,513,512.65,600,513.75,20,0,24840
BANKNIFTY16JAN2031500CE.NFO,07/01/2020,09:25:39,512.65,512.65,560,512.9,20,40,24840
BANKNIFTY16JAN2031500CE.NFO,07/01/2020,09:25:40,512.65,512.65,560,512.85,20,0,24840
BANKNIFTY16JAN2031500CE.NFO,07/01/2020,09:25:41,512.65,512.65,480,512.85,20,80,24840
BANKNIFTY16JAN2031500CE.NFO,07/01/2020,09:25:42,512.65,512.65,420,512.85,20,60,24840
BANKNIFTY16JAN2031500CE.NFO,07/01/2020,09:25:43,512.65,512.65,380,512.85,20,40,24840
BANKNIFTY16JAN2031500CE.NFO,07/01/2020,09:25:44,512.65,512.65,360,512.75,20,60,24840
BANKNIFTY16JAN2031500CE.NFO,07/01/2020,09:25:45,512.65,512.65,260,512.75,20,120,24840
BANKNIFTY16JAN2031500CE.NFO,07/01/2020,09:25:46,512.65,512.65,260,512.75,20,0,24840
BANKNIFTY16JAN2031500CE.NFO,07/01/2020,09:25:47,510,510,1100,511.95,20,280,24840
BANKNIFTY16JAN2031500CE.NFO,07/01/2020,09:25:48,510,510,1100,511.95,20,0,24840
BANKNIFTY16JAN2031500CE.NFO,07/01/2020,09:25:53,510,510,1080,511.65,20,20,24840
BANKNIFTY16JAN2031500CE.NFO,07/01/2020,09:25:54,510,510,1080,511.55,20,0,24840
BANKNIFTY16JAN2031500CE.NFO,07/01/2020,09:25:55,510,510,1080,511.3,40,0,24840
BANKNIFTY16JAN2031500CE.NFO,07/01/2020,09:25:56,510,510,1080,511.25,20,0,24840
BANKNIFTY16JAN2031500CE.NFO,07/01/2020,09:25:57,510,510,1060,510.95,20,20,24840
BANKNIFTY16JAN2031500CE.NFO,07/01/2020,09:25:58,510,510,1060,510.95,20,0,24840
BANKNIFTY16JAN2031500CE.NFO,07/01/2020,09:26:00,510,510,1040,510.85,20,20,24840
BANKNIFTY16JAN2031500CE.NFO,07/01/2020,09:26:01,510,510,1000,511.95,20,40,24840
BANKNIFTY16JAN2031500CE.NFO,07/01/2020,09:26:02,510,510,980,511.15,20,20,24840
BANKNIFTY16JAN2031500CE.NFO,07/01/2020,09:26:03,510,510,920,511.95,20,60,24840
BANKNIFTY16JAN2031500CE.NFO,07/01/2020,09:26:04,510,510,920,511.95,20,0,24840
BANKNIFTY16JAN2031500CE.NFO,07/01/2020,09:26:06,510,510,840,511.95,20,80,24840
BANKNIFTY16JAN2031500CE.NFO,07/01/2020,09:26:07,510,510,820,511.95,20,20,24840
BANKNIFTY16JAN2031500CE.NFO,07/01/2020,09:26:08,510,510,680,511.95,20,140,24840
BANKNIFTY16JAN2031500CE.NFO,07/01/2020,09:26:09,510,510,680,512,60,0,24840
BANKNIFTY16JAN2031500CE.NFO,07/01/2020,09:26:10,510,510,680,511.95,20,0,24840
BANKNIFTY16JAN2031500CE.NFO,07/01/2020,09:26:11,510,510,680,512,60,0,24840
BANKNIFTY16JAN2031500CE.NFO,07/01/2020,09:26:13,510,510,680,511.95,20,0,24840
BANKNIFTY16JAN2031500CE.NFO,07/01/2020,09:26:15,510,510,560,511.95,20,120,25260
BANKNIFTY16JAN2031500CE.NFO,07/01/2020,09:26:16,510,510,440,511.95,20,120,25260
BANKNIFTY16JAN2031500CE.NFO,07/01/2020,09:26:17,510,510,280,511.95,20,160,25260
BANKNIFTY16JAN2031500CE.NFO,07/01/2020,09:26:18,509,502.15,20,508.45,80,300,25260
BANKNIFTY16JAN2031500CE.NFO,07/01/2020,09:26:19,509,501.05,60,508.1,120,0,25260
BANKNIFTY16JAN2031500CE.NFO,07/01/2020,09:26:20,509,501.9,40,508.1,120,0,25260
BANKNIFTY16JAN2031500CE.NFO,07/01/2020,09:26:21,509,501.9,40,507.75,140,0,25260
BANKNIFTY16JAN2031500CE.NFO,07/01/2020,09:26:22,509,501.05,80,505.65,120,0,25260
BANKNIFTY16JAN2031500CE.NFO,07/01/2020,09:26:23,505.65,501,80,505.65,60,100,25260
BANKNIFTY16JAN2031500CE.NFO,07/01/2020,09:26:24,505.65,501.05,80,506.95,60,0,25260
BANKNIFTY16JAN2031500CE.NFO,07/01/2020,09:26:26,505.65,501.3,120,506.95,60,0,25260
BANKNIFTY16JAN2031500CE.NFO,07/01/2020,09:26:27,505.65,501.85,20,506.95,60,0,25260
BANKNIFTY16JAN2031500CE.NFO,07/01/2020,09:26:28,505.65,502.65,120,506.95,60,0,25260
BANKNIFTY16JAN2031500CE.NFO,07/01/2020,09:26:29,505.65,502.65,100,507.15,60,0,25260
BANKNIFTY16JAN2031500CE.NFO,07/01/2020,09:26:30,505.65,503.15,100,510.25,80,0,25260
BANKNIFTY16JAN2031500CE.NFO,07/01/2020,09:26:31,505.65,504.6,20,511.3,80,0,25260
BANKNIFTY16JAN2031500CE.NFO,07/01/2020,09:26:32,505.65,505.1,60,511.3,80,0,25260
BANKNIFTY16JAN2031500CE.NFO,07/01/2020,09:26:33,505,505,60,511.3,80,20,25260
BANKNIFTY16JAN2031500CE.NFO,07/01/2020,09:26:34,505,505,60,511,100,0,25260
BANKNIFTY16JAN2031500CE.NFO,07/01/2020,09:26:35,505,505,60,510.5,100,0,25260
BANKNIFTY16JAN2031500CE.NFO,07/01/2020,09:26:36,505,503.15,80,508.85,20,0,25260
BANKNIFTY16JAN2031500CE.NFO,07/01/2020,09:26:37,502.15,502.1,20,507.85,20,40,25260
BANKNIFTY16JAN2031500CE.NFO,07/01/2020,09:26:38,502.15,502,80,507.5,80,0,25260
BANKNIFTY16JAN2031500CE.NFO,07/01/2020,09:26:39,502.15,502,80,506.5,80,0,25260
BANKNIFTY16JAN2031500CE.NFO,07/01/2020,09:26:40,503.85,502,20,504.35,20,40,25260
BANKNIFTY16JAN2031500CE.NFO,07/01/2020,09:26:41,498.75,494.8,20,499.95,80,220,25260
BANKNIFTY16JAN2031500CE.NFO,07/01/2020,09:26:42,499.95,494.55,20,500,3420,40,25260
BANKNIFTY16JAN2031500CE.NFO,07/01/2020,09:26:43,499.95,497.4,20,500,3360,0,25260
BANKNIFTY16JAN2031500CE.NFO,07/01/2020,09:26:44,500,498.3,40,500,2980,380,25260
BANKNIFTY16JAN2031500CE.NFO,07/01/2020,09:26:45,500,499.4,20,500,2980,0,25260
BANKNIFTY16JAN2031500CE.NFO,07/01/2020,09:26:46,500,499.6,20,500,2980,0,25260
BANKNIFTY16JAN2031500CE.NFO,07/01/2020,09:26:47,500,497.85,40,500,2920,100,25260
BANKNIFTY16JAN2031500CE.NFO,07/01/2020,09:26:48,500,497.5,40,500,2920,0,25260
BANKNIFTY16JAN2031500CE.NFO,07/01/2020,09:26:50,500,495.25,40,499.95,80,0,25260
BANKNIFTY16JAN2031500CE.NFO,07/01/2020,09:26:51,500,495.8,40,499.95,80,0,25260
BANKNIFTY16JAN2031500CE.NFO,07/01/2020,09:26:53,499.95,495,20,499.95,60,80,25260
BANKNIFTY16JAN2031500CE.NFO,07/01/2020,09:26:54,499.95,493.4,80,499.65,60,0,25260
BANKNIFTY16JAN2031500CE.NFO,07/01/2020,09:26:55,499.95,494.85,20,500,2960,0,25260
BANKNIFTY16JAN2031500CE.NFO,07/01/2020,09:26:56,499.95,496.95,120,500,2960,0,25260
BANKNIFTY16JAN2031500CE.NFO,07/01/2020,09:26:57,499.95,495.6,20,500,3020,0,25260
BANKNIFTY16JAN2031500CE.NFO,07/01/2020,09:26:58,499.95,496.25,80,500,3020,0,25260
BANKNIFTY16JAN2031500CE.NFO,07/01/2020,09:26:59,499.95,495.15,20,500,3020,0,25260
BANKNIFTY16JAN2031500CE.NFO,07/01/2020,09:27:00,499.95,495.15,80,500,3020,0,25260
BANKNIFTY16JAN2031500CE.NFO,07/01/2020,09:27:01,499.95,493.15,80,499.45,20,0,25260
BANKNIFTY16JAN2031500CE.NFO,07/01/2020,09:27:02,499.95,493.15,80,499.25,60,0,25260
BANKNIFTY16JAN2031500CE.NFO,07/01/2020,09:27:03,499.95,493.25,80,499.25,60,0,25260
BANKNIFTY16JAN2031500CE.NFO,07/01/2020,09:27:04,499.95,493.4,80,500,3020,0,25260
BANKNIFTY16JAN2031500CE.NFO,07/01/2020,09:27:05,499.95,492.65,20,498.4,20,0,25260
BANKNIFTY16JAN2031500CE.NFO,07/01/2020,09:27:06,488.2,489.1,20,498.9,20,240,25260
BANKNIFTY16JAN2031500CE.NFO,07/01/2020,09:27:07,488.2,490.25,40,498.6,80,0,25260
BANKNIFTY16JAN2031500CE.NFO,07/01/2020,09:27:08,488.2,491.95,40,498.6,80,0,25260
BANKNIFTY16JAN2031500CE.NFO,07/01/2020,09:27:09,498.6,493.35,40,500,3060,40,25260
BANKNIFTY16JAN2031500CE.NFO,07/01/2020,09:27:10,498.6,494.65,20,500,3060,0,25260
BANKNIFTY16JAN2031500CE.NFO,07/01/2020,09:27:11,498.6,496.95,40,500,3000,0,25260
BANKNIFTY16JAN2031500CE.NFO,07/01/2020,09:27:12,500,496.45,60,500,3020,40,25260
BANKNIFTY16JAN2031500CE.NFO,07/01/2020,09:27:13,500,495.8,40,500,3000,0,25260
BANKNIFTY16JAN2031500CE.NFO,07/01/2020,09:27:14,500,497.45,60,500,2940,0,25260
BANKNIFTY16JAN2031500CE.NFO,07/01/2020,09:27:15,500,497.9,20,500,2900,40,25260
BANKNIFTY16JAN2031500CE.NFO,07/01/2020,09:27:16,500,499,20,500,2900,0,25260
BANKNIFTY16JAN2031500CE.NFO,07/01/2020,09:27:17,500,499.2,20,500,2900,0,25260
BANKNIFTY16JAN2031500CE.NFO,07/01/2020,09:27:18,500,499.3,20,500,2900,0,25260
BANKNIFTY16JAN2031500CE.NFO,07/01/2020,09:27:20,499.9,499.3,20,500,2900,40,25260
BANKNIFTY16JAN2031500CE.NFO,07/01/2020,09:27:21,499.9,499.3,20,500,2960,0,25260
BANKNIFTY16JAN2031500CE.NFO,07/01/2020,09:27:22,500,499.95,40,500,2880,20,25260
BANKNIFTY16JAN2031500CE.NFO,07/01/2020,09:27:23,500,499.95,40,500,2820,60,25260
BANKNIFTY16JAN2031500CE.NFO,07/01/2020,09:27:24,500,499.95,40,500,2420,400,25260
BANKNIFTY16JAN2031500CE.NFO,07/01/2020,09:27:25,500,499.95,40,500,2220,200,25260
BANKNIFTY16JAN2031500CE.NFO,07/01/2020,09:27:26,500,498.55,60,500,2060,200,25260
BANKNIFTY16JAN2031500CE.NFO,07/01/2020,09:27:27,500,497.2,20,500,2000,120,25260
BANKNIFTY16JAN2031500CE.NFO,07/01/2020,09:27:28,500,498.65,40,500,1920,40,25260
BANKNIFTY16JAN2031500CE.NFO,07/01/2020,09:27:29,500,498.9,40,500,1920,0,25260
BANKNIFTY16JAN2031500CE.NFO,07/01/2020,09:27:30,500,499,20,500,1920,0,25260
BANKNIFTY16JAN2031500CE.NFO,07/01/2020,09:27:36,500,499,20,500,1900,40,25260
BANKNIFTY16JAN2031500CE.NFO,07/01/2020,09:27:37,500,498.9,40,500,460,1440,25260
BANKNIFTY16JAN2031500CE.NFO,07/01/2020,09:27:38,500,499.95,40,500,280,260,25260
BANKNIFTY16JAN2031500CE.NFO,07/01/2020,09:27:39,500,499.95,40,500,280,0,25260
BANKNIFTY16JAN2031500CE.NFO,07/01/2020,09:27:40,500,499.95,20,500,160,120,25260
BANKNIFTY16JAN2031500CE.NFO,07/01/2020,09:27:41,500,501.85,20,505,20,160,25260
BANKNIFTY16JAN2031500CE.NFO,07/01/2020,09:27:42,500,502.15,20,505,20,0,25260
BANKNIFTY16JAN2031500CE.NFO,07/01/2020,09:27:47,500,502.15,20,504.95,80,0,25260
BANKNIFTY16JAN2031500CE.NFO,07/01/2020,09:27:48,502.15,499.25,20,504.85,80,20,25260
BANKNIFTY16JAN2031500CE.NFO,07/01/2020,09:27:49,502.15,497.15,20,503.6,100,0,25260
BANKNIFTY16JAN2031500CE.NFO,07/01/2020,09:27:50,502.15,497.4,20,503.6,100,0,25260
BANKNIFTY16JAN2031500CE.NFO,07/01/2020,09:27:51,502.15,500.95,20,505,80,0,25260
BANKNIFTY16JAN2031500CE.NFO,07/01/2020,09:27:52,502.15,501.55,40,505,20,0,25260
BANKNIFTY16JAN2031500CE.NFO,07/01/2020,09:27:53,502.15,502.1,100,505,20,0,25260
BANKNIFTY16JAN2031500CE.NFO,07/01/2020,09:27:54,502.15,502.1,40,505,20,0,25260
BANKNIFTY16JAN2031500CE.NFO,07/01/2020,09:27:55,505,503.1,80,507.15,80,20,25260
BANKNIFTY16JAN2031500CE.NFO,07/01/2020,09:27:56,505,503.1,80,507.15,80,0,25260
BANKNIFTY16JAN2031500CE.NFO,07/01/2020,09:27:57,505,503.1,80,509,60,0,25260
BANKNIFTY16JAN2031500CE.NFO,07/01/2020,09:27:58,505,503.9,80,509,140,0,25260
BANKNIFTY16JAN2031500CE.NFO,07/01/2020,09:27:59,503.9,500.85,80,507.85,20,40,25260
BANKNIFTY16JAN2031500CE.NFO,07/01/2020,09:28:00,503.9,498.8,280,505.6,20,0,25260
BANKNIFTY16JAN2031500CE.NFO,07/01/2020,09:28:01,503.9,498.8,220,504.75,20,0,25260
BANKNIFTY16JAN2031500CE.NFO,07/01/2020,09:28:02,503.9,498.8,220,504.75,100,0,25260
BANKNIFTY16JAN2031500CE.NFO,07/01/2020,09:28:03,503.9,500,140,505.95,100,0,25260
BANKNIFTY16JAN2031500CE.NFO,07/01/2020,09:28:05,506.1,502.1,120,508.15,80,60,25260
BANKNIFTY16JAN2031500CE.NFO,07/01/2020,09:28:06,506.1,502.2,80,508.15,80,0,25260
BANKNIFTY16JAN2031500CE.NFO,07/01/2020,09:28:07,506.1,502.05,80,508.05,80,0,25260
BANKNIFTY16JAN2031500CE.NFO,07/01/2020,09:28:08,506.1,502.4,120,508.05,80,0,25260
BANKNIFTY16JAN2031500CE.NFO,07/01/2020,09:28:09,506.1,502.4,120,508.15,20,0,25260
BANKNIFTY16JAN2031500CE.NFO,07/01/2020,09:28:10,506.1,501.85,40,508.15,80,0,25260
BANKNIFTY16JAN2031500CE.NFO,07/01/2020,09:28:11,501.95,499.9,80,506.5,20,20,25260
BANKNIFTY16JAN2031500CE.NFO,07/01/2020,09:28:12,499.9,498.85,220,504.35,120,40,25260
BANKNIFTY16JAN2031500CE.NFO,07/01/2020,09:28:13,499.9,499.7,80,503.95,20,0,25260
BANKNIFTY16JAN2031500CE.NFO,07/01/2020,09:28:14,499.9,501.2,40,503.95,20,0,25260
BANKNIFTY16JAN2031500CE.NFO,07/01/2020,09:28:15,499.9,499.9,200,503.45,20,0,25260
BANKNIFTY16JAN2031500CE.NFO,07/01/2020,09:28:16,499.9,499,120,502.9,20,0,25260
BANKNIFTY16JAN2031500CE.NFO,07/01/2020,09:28:17,499.9,499,80,502.7,20,0,25260
BANKNIFTY16JAN2031500CE.NFO,07/01/2020,09:28:18,499.9,498.85,40,502.5,20,0,25260
BANKNIFTY16JAN2031500CE.NFO,07/01/2020,09:28:19,499.9,496.05,100,501.2,20,0,25260
BANKNIFTY16JAN2031500CE.NFO,07/01/2020,09:28:20,499.9,496.05,140,500.95,20,0,25260
BANKNIFTY16JAN2031500CE.NFO,07/01/2020,09:28:21,499.9,496.05,80,500.55,80,0,25260
BANKNIFTY16JAN2031500CE.NFO,07/01/2020,09:28:22,499.9,496.2,80,499.8,20,0,25260
BANKNIFTY16JAN2031500CE.NFO,07/01/2020,09:28:23,499.9,496.5,20,499.7,80,0,25260
BANKNIFTY16JAN2031500CE.NFO,07/01/2020,09:28:24,499.9,496.5,20,499.95,20,0,25260
BANKNIFTY16JAN2031500CE.NFO,07/01/2020,09:28:25,496,495.05,80,499.25,20,40,25260
BANKNIFTY16JAN2031500CE.NFO,07/01/2020,09:28:26,496,495.2,120,499.05,20,0,25260
BANKNIFTY16JAN2031500CE.NFO,07/01/2020,09:28:27,496,494.15,80,499,20,0,25260
BANKNIFTY16JAN2031500CE.NFO,07/01/2020,09:28:28,496,494.7,80,498.6,20,0,25260
BANKNIFTY16JAN2031500CE.NFO,07/01/2020,09:28:29,496,494.05,80,498.55,20,0,25260
BANKNIFTY16JAN2031500CE.NFO,07/01/2020,09:28:30,496,494.8,60,498.35,20,0,25260
BANKNIFTY16JAN2031500CE.NFO,07/01/2020,09:28:31,496,494.35,100,497.85,20,0,25260
BANKNIFTY16JAN2031500CE.NFO,07/01/2020,09:28:32,496,495.3,40,498.85,20,0,25260
BANKNIFTY16JAN2031500CE.NFO,07/01/2020,09:28:33,496,495.15,80,498.65,20,0,25260
BANKNIFTY16JAN2031500CE.NFO,07/01/2020,09:28:34,496,493.9,40,499.15,20,0,25260
BANKNIFTY16JAN2031500CE.NFO,07/01/2020,09:28:35,496,494.15,20,498.45,20,0,25260
BANKNIFTY16JAN2031500CE.NFO,07/01/2020,09:28:36,496,492.65,20,498.2,20,0,25260
BANKNIFTY16JAN2031500CE.NFO,07/01/2020,09:28:37,496,492.4,20,497.9,20,0,25260
BANKNIFTY16JAN2031500CE.NFO,07/01/2020,09:28:38,496,492.15,20,497.85,20,0,25260
BANKNIFTY16JAN2031500CE.NFO,07/01/2020,09:28:39,496,494.05,20,497.95,20,0,25260
BANKNIFTY16JAN2031500CE.NFO,07/01/2020,09:28:40,496,493.1,120,497.7,20,0,25260
BANKNIFTY16JAN2031500CE.NFO,07/01/2020,09:28:41,496,494.2,40,497.4,20,0,25260
BANKNIFTY16JAN2031500CE.NFO,07/01/2020,09:28:42,496,493.75,20,497.65,20,0,25260
BANKNIFTY16JAN2031500CE.NFO,07/01/2020,09:28:43,496,493.1,20,497.3,20,0,25260
BANKNIFTY16JAN2031500CE.NFO,07/01/2020,09:28:44,496,493.65,40,497.6,20,0,25260
BANKNIFTY16JAN2031500CE.NFO,07/01/2020,09:28:45,496,492.9,20,497.95,20,0,25260
BANKNIFTY16JAN2031500CE.NFO,07/01/2020,09:28:46,496,492.5,40,497.5,20,0,25260
BANKNIFTY16JAN2031500CE.NFO,07/01/2020,09:28:47,496,494.1,80,497.95,20,0,25260
BANKNIFTY16JAN2031500CE.NFO,07/01/2020,09:28:48,496,493.4,20,494.95,20,0,25260
BANKNIFTY16JAN2031500CE.NFO,07/01/2020,09:28:49,494.95,493.85,80,495,20,20,25260
BANKNIFTY16JAN2031500CE.NFO,07/01/2020,09:28:50,495,494.5,80,499,80,20,25260
BANKNIFTY16JAN2031500CE.NFO,07/01/2020,09:28:51,495,496.45,80,500,100,0,25260
BANKNIFTY16JAN2031500CE.NFO,07/01/2020,09:28:52,495.25,496.3,80,500,100,20,25260
BANKNIFTY16JAN2031500CE.NFO,07/01/2020,09:28:53,495.25,495.95,80,499.95,100,0,25260
BANKNIFTY16JAN2031500CE.NFO,07/01/2020,09:28:54,495.25,496.2,100,500,40,0,25260
BANKNIFTY16JAN2031500CE.NFO,07/01/2020,09:28:55,499.95,495.8,80,500,100,20,25260
BANKNIFTY16JAN2031500CE.NFO,07/01/2020,09:28:56,499.95,495.45,80,500,100,0,25260
BANKNIFTY16JAN2031500CE.NFO,07/01/2020,09:28:57,499.95,494.1,80,499.95,100,0,25260
BANKNIFTY16JAN2031500CE.NFO,07/01/2020,09:28:58,499.95,493.6,20,499.95,80,0,25260
BANKNIFTY16JAN2031500CE.NFO,07/01/2020,09:28:59,499.95,493.85,20,499.9,100,0,25260
BANKNIFTY16JAN2031500CE.NFO,07/01/2020,09:29:00,499.95,494.35,20,499.9,80,0,25260
BANKNIFTY16JAN2031500CE.NFO,07/01/2020,09:29:01,499.95,493,40,499.7,100,0,25260
BANKNIFTY16JAN2031500CE.NFO,07/01/2020,09:29:02,499.95,493.45,20,499.7,80,0,25260
BANKNIFTY16JAN2031500CE.NFO,07/01/2020,09:29:03,499.95,494.45,20,499.7,80,0,25260
BANKNIFTY16JAN2031500CE.NFO,07/01/2020,09:29:04,499.9,495.75,20,500,100,40,25260
BANKNIFTY16JAN2031500CE.NFO,07/01/2020,09:29:05,495.45,497.25,20,499.95,80,20,25260
BANKNIFTY16JAN2031500CE.NFO,07/01/2020,09:29:06,498.4,498.2,40,500,20,20,25260
BANKNIFTY16JAN2031500CE.NFO,07/01/2020,09:29:07,498.35,498.35,40,500,20,20,25260
BANKNIFTY16JAN2031500CE.NFO,07/01/2020,09:29:08,498.35,498.7,40,499.95,20,0,25260
BANKNIFTY16JAN2031500CE.NFO,07/01/2020,09:29:09,499.2,499.1,20,499.2,20,320,25260
BANKNIFTY16JAN2031500CE.NFO,07/01/2020,09:29:10,498.25,498.3,20,499.85,20,260,25260
BANKNIFTY16JAN2031500CE.NFO,07/01/2020,09:29:11,497.65,497.5,80,501.35,20,280,25080
BANKNIFTY16JAN2031500CE.NFO,07/01/2020,09:29:12,499.2,499.35,20,501.5,40,60,25080
BANKNIFTY16JAN2031500CE.NFO,07/01/2020,09:29:13,498.75,498,40,498.7,40,80,25080
BANKNIFTY16JAN2031500CE.NFO,07/01/2020,09:29:14,498.2,497.8,20,502.95,100,60,25080
BANKNIFTY16JAN2031500CE.NFO,07/01/2020,09:29:15,498.2,497.85,20,499.9,100,0,25080
BANKNIFTY16JAN2031500CE.NFO,07/01/2020,09:29:16,499.15,497.35,40,499,20,20,25080
BANKNIFTY16JAN2031500CE.NFO,07/01/2020,09:29:17,498.3,497,60,498.3,1280,60,25080
BANKNIFTY16JAN2031500CE.NFO,07/01/2020,09:29:18,498.3,498.25,20,498.3,1060,240,25080
BANKNIFTY16JAN2031500CE.NFO,07/01/2020,09:29:19,498.3,497.4,40,498.3,1040,60,25080
BANKNIFTY16JAN2031500CE.NFO,07/01/2020,09:29:20,498.3,497.65,40,498.3,1020,20,25080
BANKNIFTY16JAN2031500CE.NFO,07/01/2020,09:29:21,497.3,495.7,20,498.3,1020,60,25080
BANKNIFTY16JAN2031500CE.NFO,07/01/2020,09:29:22,495.95,495.1,20,495.95,320,180,25080
BANKNIFTY16JAN2031500CE.NFO,07/01/2020,09:29:23,495.95,494.9,20,495.95,60,260,25080
BANKNIFTY16JAN2031500CE.NFO,07/01/2020,09:29:24,495.95,496.8,40,498.3,1020,60,25080
BANKNIFTY16JAN2031500CE.NFO,07/01/2020,09:29:25,497.3,495.75,60,498.3,1020,20,25080
BANKNIFTY16JAN2031500CE.NFO,07/01/2020,09:29:26,497.3,496.3,20,498.3,1020,0,25080
BANKNIFTY16JAN2031500CE.NFO,07/01/2020,09:29:27,497.3,494.85,40,498.25,40,0,25080
BANKNIFTY16JAN2031500CE.NFO,07/01/2020,09:29:28,497.3,493.95,20,498.25,100,0,25080
BANKNIFTY16JAN2031500CE.NFO,07/01/2020,09:29:29,497.3,494.6,20,498.15,100,0,25080
BANKNIFTY16JAN2031500CE.NFO,07/01/2020,09:29:30,497.3,494.9,20,498.1,100,0,25080
BANKNIFTY16JAN2031500CE.NFO,07/01/2020,09:29:31,497.3,494.85,20,498.25,100,0,25080
BANKNIFTY16JAN2031500CE.NFO,07/01/2020,09:29:32,497.3,494.05,20,498.25,100,0,25080
BANKNIFTY16JAN2031500CE.NFO,07/01/2020,09:29:33,497.3,494.3,40,498.25,100,0,25080
BANKNIFTY16JAN2031500CE.NFO,07/01/2020,09:29:34,497.3,494.15,20,497.3,80,0,25080
BANKNIFTY16JAN2031500CE.NFO,07/01/2020,09:29:35,497.3,494.7,20,497.25,20,0,25080
BANKNIFTY16JAN2031500CE.NFO,07/01/2020,09:29:36,497.3,493.8,20,497.95,80,20,25080
BANKNIFTY16JAN2031500CE.NFO,07/01/2020,09:29:37,497.3,493.35,20,498.25,80,0,25080
BANKNIFTY16JAN2031500CE.NFO,07/01/2020,09:29:38,497.3,493.35,80,498.15,20,0,25080
BANKNIFTY16JAN2031500CE.NFO,07/01/2020,09:29:39,497.3,493.6,20,498.15,100,0,25080
BANKNIFTY16JAN2031500CE.NFO,07/01/2020,09:29:40,497.3,493.85,80,498.15,100,0,25080
BANKNIFTY16JAN2031500CE.NFO,07/01/2020,09:29:41,497.3,493.5,80,498.15,100,0,25080
BANKNIFTY16JAN2031500CE.NFO,07/01/2020,09:29:42,497.3,493.75,80,498.15,100,0,25080
BANKNIFTY16JAN2031500CE.NFO,07/01/2020,09:29:43,497.3,491.95,20,497.9,100,0,25080
BANKNIFTY16JAN2031500CE.NFO,07/01/2020,09:29:44,497.3,491.9,100,497.8,100,0,25080
BANKNIFTY16JAN2031500CE.NFO,07/01/2020,09:29:45,497.3,492.2,80,497.8,100,0,25080
BANKNIFTY16JAN2031500CE.NFO,07/01/2020,09:29:46,497.3,492.75,80,497.8,100,0,25080
BANKNIFTY16JAN2031500CE.NFO,07/01/2020,09:29:47,497.3,493.7,80,498.25,20,0,25080
BANKNIFTY16JAN2031500CE.NFO,07/01/2020,09:29:48,497.3,495.85,20,498.25,20,0,25080
BANKNIFTY16JAN2031500CE.NFO,07/01/2020,09:29:50,496.05,494.9,80,498.25,100,20,25080
BANKNIFTY16JAN2031500CE.NFO,07/01/2020,09:29:51,496.05,494.05,20,498.3,1080,0,25080
BANKNIFTY16JAN2031500CE.NFO,07/01/2020,09:29:52,496.05,494.6,80,498.25,80,0,25080
BANKNIFTY16JAN2031500CE.NFO,07/01/2020,09:29:54,496.05,494.2,20,498.25,20,0,25080
BANKNIFTY16JAN2031500CE.NFO,07/01/2020,09:29:55,496.05,494.75,20,498.2,100,0,25080
BANKNIFTY16JAN2031500CE.NFO,07/01/2020,09:29:56,496.05,496.2,20,498.3,1020,0,25080
BANKNIFTY16JAN2031500CE.NFO,07/01/2020,09:29:57,496.05,495.6,20,498.3,1080,0,25080
BANKNIFTY16JAN2031500CE.NFO,07/01/2020,09:29:58,496,494.85,20,496,200,300,25080
BANKNIFTY16JAN2031500CE.NFO,07/01/2020,09:29:59,496,495.8,20,496,60,140,25080
BANKNIFTY16JAN2031500CE.NFO,07/01/2020,09:30:00,496,495.45,20,498.3,1080,60,25080
BANKNIFTY16JAN2031500CE.NFO,07/01/2020,09:30:01,495.75,496.65,40,498.3,1020,20,25080
BANKNIFTY16JAN2031500CE.NFO,07/01/2020,09:30:02,498.3,496.9,20,498.3,980,40,25080
BANKNIFTY16JAN2031500CE.NFO,07/01/2020,09:30:03,498.3,497.95,20,498.3,560,420,25080
BANKNIFTY16JAN2031500CE.NFO,07/01/2020,09:30:04,498.3,497.35,20,498.3,460,100,25080
BANKNIFTY16JAN2031500CE.NFO,07/01/2020,09:30:05,498.3,497.9,20,498.3,460,0,25080
BANKNIFTY16JAN2031500CE.NFO,07/01/2020,09:30:06,498.3,497.95,20,498.3,360,100,25080
BANKNIFTY16JAN2031500CE.NFO,07/01/2020,09:30:07,498.3,497.65,20,498.3,300,60,25080
BANKNIFTY16JAN2031500CE.NFO,07/01/2020,09:30:08,498.3,497.7,20,498.3,220,80,25080
BANKNIFTY16JAN2031500CE.NFO,07/01/2020,09:30:09,498.3,496.8,60,498.3,180,40,25080
BANKNIFTY16JAN2031500CE.NFO,07/01/2020,09:30:10,498.3,498.25,20,498.3,60,120,25080
BANKNIFTY16JAN2031500CE.NFO,07/01/2020,09:30:11,499.7,499.05,20,499.7,40,120,25080
BANKNIFTY16JAN2031500CE.NFO,07/01/2020,09:30:12,499.7,500.4,20,503,20,40,25080
BANKNIFTY16JAN2031500CE.NFO,07/01/2020,09:30:13,500.6,499,100,502.95,80,20,25080
BANKNIFTY16JAN2031500CE.NFO,07/01/2020,09:30:14,500.6,499.1,80,502.95,80,0,25080
BANKNIFTY16JAN2031500CE.NFO,07/01/2020,09:30:15,500.6,499.65,20,502.95,80,0,25080
BANKNIFTY16JAN2031500CE.NFO,07/01/2020,09:30:16,500.6,500.3,40,503,80,0,25080
BANKNIFTY16JAN2031500CE.NFO,07/01/2020,09:30:17,500.6,501.2,40,503,20,0,25080
BANKNIFTY16JAN2031500CE.NFO,07/01/2020,09:30:18,501.65,501.25,60,503,20,20,25080
BANKNIFTY16JAN2031500CE.NFO,07/01/2020,09:30:19,501.65,500.8,20,503,20,0,25080
BANKNIFTY16JAN2031500CE.NFO,07/01/2020,09:30:20,501.65,500.55,20,503,20,0,25080
BANKNIFTY16JAN2031500CE.NFO,07/01/2020,09:30:21,501.65,501,20,503,20,0,25080
BANKNIFTY16JAN2031500CE.NFO,07/01/2020,09:30:22,501.65,500.75,20,503,20,0,25080
BANKNIFTY16JAN2031500CE.NFO,07/01/2020,09:30:23,503,501.55,80,504.95,20,20,25080
BANKNIFTY16JAN2031500CE.NFO,07/01/2020,09:30:24,503,502.25,20,505,180,0,25080
BANKNIFTY16JAN2031500CE.NFO,07/01/2020,09:30:25,503,502,80,504.95,80,0,25080
BANKNIFTY16JAN2031500CE.NFO,07/01/2020,09:30:26,503,502.15,20,505,180,0,25080
BANKNIFTY16JAN2031500CE.NFO,07/01/2020,09:30:27,504.8,503.9,40,505,120,20,25080
BANKNIFTY16JAN2031500CE.NFO,07/01/2020,09:30:28,504.3,502.95,20,505,80,60,25080
BANKNIFTY16JAN2031500CE.NFO,07/01/2020,09:30:29,504.3,503.55,20,505,80,0,25080
BANKNIFTY16JAN2031500CE.NFO,07/01/2020,09:30:30,504.3,503.5,20,505,80,0,25080
BANKNIFTY16JAN2031500CE.NFO,07/01/2020,09:30:31,504.3,503.85,20,505,80,0,25080
BANKNIFTY16JAN2031500CE.NFO,07/01/2020,09:30:32,505,504.15,40,505,60,20,25080
BANKNIFTY16JAN2031500CE.NFO,07/01/2020,09:30:33,505,502.5,20,505,60,0,25080
BANKNIFTY16JAN2031500CE.NFO,07/01/2020,09:30:34,505,502.6,20,505,60,0,25080
BANKNIFTY16JAN2031500CE.NFO,07/01/2020,09:30:35,505,503.45,20,505,60,0,25080
BANKNIFTY16JAN2031500CE.NFO,07/01/2020,09:30:36,505,503.5,20,505,60,0,25080
BANKNIFTY16JAN2031500CE.NFO,07/01/2020,09:30:37,505,503.6,20,505,60,0,25080
BANKNIFTY16JAN2031500CE.NFO,07/01/2020,09:30:38,505,502.6,20,505,60,0,25080
BANKNIFTY16JAN2031500CE.NFO,07/01/2020,09:30:39,505,503.4,20,505,60,0,25080
BANKNIFTY16JAN2031500CE.NFO,07/01/2020,09:30:40,505,503.75,60,505,60,0,25080
BANKNIFTY16JAN2031500CE.NFO,07/01/2020,09:30:41,505,503.6,200,505,60,0,25080
BANKNIFTY16JAN2031500CE.NFO,07/01/2020,09:30:42,505,503.9,20,505,60,0,25080
BANKNIFTY16JAN2031500CE.NFO,07/01/2020,09:30:43,505,503.7,20,505,20,40,25080
BANKNIFTY16JAN2031500CE.NFO,07/01/2020,09:30:44,505,503.6,20,505,20,0,25080
BANKNIFTY16JAN2031500CE.NFO,07/01/2020,09:30:45,505,504.05,20,505,20,0,25080
BANKNIFTY16JAN2031500CE.NFO,07/01/2020,09:30:46,508.2,503.65,20,509.95,20,100,25080
BANKNIFTY16JAN2031500CE.NFO,07/01/2020,09:30:47,508.2,504.05,20,509.95,60,0,25080
BANKNIFTY16JAN2031500CE.NFO,07/01/2020,09:30:48,508.2,504,80,509.95,60,0,25080
BANKNIFTY16JAN2031500CE.NFO,07/01/2020,09:30:49,508.2,504.5,20,509.95,60,0,25080
BANKNIFTY16JAN2031500CE.NFO,07/01/2020,09:30:50,508.2,504.5,80,509.95,60,0,25080
BANKNIFTY16JAN2031500CE.NFO,07/01/2020,09:30:51,508.2,504.5,100,509.95,60,0,25080
BANKNIFTY16JAN2031500CE.NFO,07/01/2020,09:30:52,508.2,504.75,40,509.95,120,0,25080
BANKNIFTY16JAN2031500CE.NFO,07/01/2020,09:30:53,508.2,505.8,20,509.95,120,0,25080
BANKNIFTY16JAN2031500CE.NFO,07/01/2020,09:30:54,508.2,504.75,80,509.95,60,0,25080
BANKNIFTY16JAN2031500CE.NFO,07/01/2020,09:30:57,508.2,504.1,20,509.95,60,0,25080
BANKNIFTY16JAN2031500CE.NFO,07/01/2020,09:30:58,508.2,504.15,80,509.95,60,0,25080
BANKNIFTY16JAN2031500CE.NFO,07/01/2020,09:31:00,508.2,504.25,20,509.95,60,0,25080
BANKNIFTY16JAN2031500CE.NFO,07/01/2020,09:31:01,508.2,506.65,220,511.15,60,0,25080
BANKNIFTY16JAN2031500CE.NFO,07/01/2020,09:31:02,508.2,507.25,40,511.3,20,0,25080
BANKNIFTY16JAN2031500CE.NFO,07/01/2020,09:31:03,508.2,507.25,80,512.35,20,0,25080
BANKNIFTY16JAN2031500CE.NFO,07/01/2020,09:31:04,508.2,507.35,20,512.35,60,0,25080
BANKNIFTY16JAN2031500CE.NFO,07/01/2020,09:31:05,508.2,506.7,80,512.35,60,0,25080
BANKNIFTY16JAN2031500CE.NFO,07/01/2020,09:31:06,508.2,507.5,80,513.4,60,0,25080
BANKNIFTY16JAN2031500CE.NFO,07/01/2020,09:31:07,507.5,507.3,20,513.3,20,20,25080
BANKNIFTY16JAN2031500CE.NFO,07/01/2020,09:31:08,507.5,505.95,20,511.85,20,0,25080
BANKNIFTY16JAN2031500CE.NFO,07/01/2020,09:31:09,507.5,506.45,20,512.05,120,0,25080
BANKNIFTY16JAN2031500CE.NFO,07/01/2020,09:31:10,512,506.8,100,512.05,80,40,25080
BANKNIFTY16JAN2031500CE.NFO,07/01/2020,09:31:11,506.8,505.9,120,511.85,120,20,25080
BANKNIFTY16JAN2031500CE.NFO,07/01/2020,09:31:12,506.8,506.25,100,511.75,120,0,25080
BANKNIFTY16JAN2031500CE.NFO,07/01/2020,09:31:13,506.8,505.8,20,511.55,80,0,25080
BANKNIFTY16JAN2031500CE.NFO,07/01/2020,09:31:14,506.8,506.95,20,512.3,20,0,25080
BANKNIFTY16JAN2031500CE.NFO,07/01/2020,09:31:15,506.8,508.05,80,512.3,80,0,25080
BANKNIFTY16JAN2031500CE.NFO,07/01/2020,09:31:16,506.8,508.25,80,512.3,80,0,25080
BANKNIFTY16JAN2031500CE.NFO,07/01/2020,09:31:17,506.8,508.75,20,514.65,20,0,25080
BANKNIFTY16JAN2031500CE.NFO,07/01/2020,09:31:18,506.8,508.95,80,514.65,20,0,25080
BANKNIFTY16JAN2031500CE.NFO,07/01/2020,09:31:19,506.8,509.35,80,514.55,20,0,25080
BANKNIFTY16JAN2031500CE.NFO,07/01/2020,09:31:20,514.95,510.5,20,514.95,20,20,25080
BANKNIFTY16JAN2031500CE.NFO,07/01/2020,09:31:21,514.95,510.5,20,514.95,80,0,25080
BANKNIFTY16JAN2031500CE.NFO,07/01/2020,09:31:22,514.95,510.9,80,514.95,80,0,25080
BANKNIFTY16JAN2031500CE.NFO,07/01/2020,09:31:23,514.95,511.1,20,514.95,80,0,25080
BANKNIFTY16JAN2031500CE.NFO,07/01/2020,09:31:24,511.5,511.45,20,514.95,120,20,25080
BANKNIFTY16JAN2031500CE.NFO,07/01/2020,09:31:25,511.5,510.2,20,514.95,20,0,25080
BANKNIFTY16JAN2031500CE.NFO,07/01/2020,09:31:26,511.5,511.1,20,514.95,80,0,25080
BANKNIFTY16JAN2031500CE.NFO,07/01/2020,09:31:27,511.5,511.45,80,514.95,80,0,25080
BANKNIFTY16JAN2031500CE.NFO,07/01/2020,09:31:28,511.5,511.65,20,514.95,80,0,25080
BANKNIFTY16JAN2031500CE.NFO,07/01/2020,09:31:29,511.5,511.9,40,514.95,20,0,25080
BANKNIFTY16JAN2031500CE.NFO,07/01/2020,09:31:30,511.5,512.55,20,514.95,20,0,25080
BANKNIFTY16JAN2031500CE.NFO,07/01/2020,09:31:33,511.5,512.7,20,514.95,20,0,25080
BANKNIFTY16JAN2031500CE.NFO,07/01/2020,09:31:34,511.5,512.55,20,514.95,20,0,25080
BANKNIFTY16JAN2031500CE.NFO,07/01/2020,09:31:36,511.5,513.1,40,514.95,20,0,25080
BANKNIFTY16JAN2031500CE.NFO,07/01/2020,09:31:37,514.95,513.05,500,515,20,20,25080
BANKNIFTY16JAN2031500CE.NFO,07/01/2020,09:31:38,514.95,513.6,20,515,20,0,25080
BANKNIFTY16JAN2031500CE.NFO,07/01/2020,09:31:39,514.95,513.15,20,515,20,0,25080
BANKNIFTY16JAN2031500CE.NFO,07/01/2020,09:31:40,515,515.05,520,518.5,80,40,25080
BANKNIFTY16JAN2031500CE.NFO,07/01/2020,09:31:41,515,515.05,520,518.4,80,0,25080
BANKNIFTY16JAN2031500CE.NFO,07/01/2020,09:31:42,515,515.05,460,518.3,20,0,25080
BANKNIFTY16JAN2031500CE.NFO,07/01/2020,09:31:43,515,515.05,460,518.5,20,0,25080
BANKNIFTY16JAN2031500CE.NFO,07/01/2020,09:31:44,515,515.05,520,518.3,120,0,25080
BANKNIFTY16JAN2031500CE.NFO,07/01/2020,09:31:45,515,515.05,520,518.2,80,0,25080
BANKNIFTY16JAN2031500CE.NFO,07/01/2020,09:31:46,515,515.1,20,518.65,60,0,25080
BANKNIFTY16JAN2031500CE.NFO,07/01/2020,09:31:47,515,515.05,460,518.65,120,0,25080
BANKNIFTY16JAN2031500CE.NFO,07/01/2020,09:31:48,515,515.05,460,518.65,60,0,25080
BANKNIFTY16JAN2031500CE.NFO,07/01/2020,09:31:49,515,515.1,80,519.95,120,0,25080
BANKNIFTY16JAN2031500CE.NFO,07/01/2020,09:31:50,515,515.2,20,519.95,60,0,25080
BANKNIFTY16JAN2031500CE.NFO,07/01/2020,09:31:51,515,515.3,80,519.95,20,0,25080
BANKNIFTY16JAN2031500CE.NFO,07/01/2020,09:31:53,515,515.3,80,519.95,80,0,25080
BANKNIFTY16JAN2031500CE.NFO,07/01/2020,09:31:56,515,516.55,80,519.95,120,0,25080
BANKNIFTY16JAN2031500CE.NFO,07/01/2020,09:31:57,515,516.55,20,519.95,120,0,25080
BANKNIFTY16JAN2031500CE.NFO,07/01/2020,09:31:58,515,516.55,80,519.95,120,0,25080
BANKNIFTY16JAN2031500CE.NFO,07/01/2020,09:31:59,515,516.55,80,519.95,80,0,25080
BANKNIFTY16JAN2031500CE.NFO,07/01/2020,09:32:00,515,516.55,80,519.95,20,0,25080
BANKNIFTY16JAN2031500CE.NFO,07/01/2020,09:32:01,520.1,516.5,520,521.1,80,500,25080
BANKNIFTY16JAN2031500CE.NFO,07/01/2020,09:32:02,520.1,516.5,520,521,80,0,25080
BANKNIFTY16JAN2031500CE.NFO,07/01/2020,09:32:03,520.1,513.8,80,519.8,20,0,25080
BANKNIFTY16JAN2031500CE.NFO,07/01/2020,09:32:04,520.1,514.4,20,520.5,20,0,25080
BANKNIFTY16JAN2031500CE.NFO,07/01/2020,09:32:05,520.1,514.55,80,519.85,40,0,25080
BANKNIFTY16JAN2031500CE.NFO,07/01/2020,09:32:06,520.1,514.55,80,519.8,40,0,25080
BANKNIFTY16JAN2031500CE.NFO,07/01/2020,09:32:07,520.1,512.75,20,518.75,20,0,25080
BANKNIFTY16JAN2031500CE.NFO,07/01/2020,09:32:08,520.1,511.85,80,518.85,20,0,25080
BANKNIFTY16JAN2031500CE.NFO,07/01/2020,09:32:09,520.1,512.35,20,518.4,20,0,25080
BANKNIFTY16JAN2031500CE.NFO,07/01/2020,09:32:10,520.1,512.6,20,518.6,20,0,25080
BANKNIFTY16JAN2031500CE.NFO,07/01/2020,09:32:11,520.1,512.65,20,517.7,20,0,25080
BANKNIFTY16JAN2031500CE.NFO,07/01/2020,09:32:12,520.1,512.65,80,518.1,60,0,25080
BANKNIFTY16JAN2031500CE.NFO,07/01/2020,09:32:13,520.1,512.65,80,517.2,20,0,25080
BANKNIFTY16JAN2031500CE.NFO,07/01/2020,09:32:14,517.1,512.7,100,518.5,20,20,26080
BANKNIFTY16JAN2031500CE.NFO,07/01/2020,09:32:15,517.1,515.75,20,519,20,0,26080
BANKNIFTY16JAN2031500CE.NFO,07/01/2020,09:32:16,517.1,514.6,80,519.65,20,0,26080
BANKNIFTY16JAN2031500CE.NFO,07/01/2020,09:32:17,517.1,516.15,80,519.45,200,0,26080
BANKNIFTY16JAN2031500CE.NFO,07/01/2020,09:32:18,517.1,516.6,80,519.95,20,0,26080
BANKNIFTY16JAN2031500CE.NFO,07/01/2020,09:32:19,520,516.8,80,520.65,20,60,26080
BANKNIFTY16JAN2031500CE.NFO,07/01/2020,09:32:20,520,518.9,160,521.8,20,0,26080
BANKNIFTY16JAN2031500CE.NFO,07/01/2020,09:32:21,520,516.2,80,521.7,100,0,26080
BANKNIFTY16JAN2031500CE.NFO,07/01/2020,09:32:22,520,516.4,80,521.95,40,0,26080
BANKNIFTY16JAN2031500CE.NFO,07/01/2020,09:32:23,520,517.35,80,522,160,0,26080
BANKNIFTY16JAN2031500CE.NFO,07/01/2020,09:32:24,523.8,522.05,20,524.1,60,240,26080
BANKNIFTY16JAN2031500CE.NFO,07/01/2020,09:32:25,522,522,360,524.45,20,180,26080
BANKNIFTY16JAN2031500CE.NFO,07/01/2020,09:32:26,522,522.55,140,524.95,20,0,26080
BANKNIFTY16JAN2031500CE.NFO,07/01/2020,09:32:27,522,522.5,20,525,20,0,26080
BANKNIFTY16JAN2031500CE.NFO,07/01/2020,09:32:28,522,523.95,60,525,20,0,26080
BANKNIFTY16JAN2031500CE.NFO,07/01/2020,09:32:29,525,522.25,20,525.65,20,40,26080
BANKNIFTY16JAN2031500CE.NFO,07/01/2020,09:32:29,525,522.25,20,525.65,20,0,26080
BANKNIFTY16JAN2031500CE.NFO,07/01/2020,09:32:30,526.05,526.05,360,526.8,20,140,26080
BANKNIFTY16JAN2031500CE.NFO,07/01/2020,09:32:30,526.05,526.05,360,526.8,20,0,26080
BANKNIFTY16JAN2031500CE.NFO,07/01/2020,09:32:31,526.05,521.95,20,525.95,20,360,26080
BANKNIFTY16JAN2031500CE.NFO,07/01/2020,09:32:32,525.1,525.2,140,527.5,20,60,26080
BANKNIFTY16JAN2031500CE.NFO,07/01/2020,09:32:33,525.25,525.25,60,526.85,20,40,26080
BANKNIFTY16JAN2031500CE.NFO,07/01/2020,09:32:34,525.25,525.45,40,528.6,60,0,26080
BANKNIFTY16JAN2031500CE.NFO,07/01/2020,09:32:35,525.25,525.8,20,528.75,20,0,26080
BANKNIFTY16JAN2031500CE.NFO,07/01/2020,09:32:36,528.8,526.45,20,529.1,60,40,26080
BANKNIFTY16JAN2031500CE.NFO,07/01/2020,09:32:36,528.8,526.45,20,529.1,60,0,26080
BANKNIFTY16JAN2031500CE.NFO,07/01/2020,09:32:37,528.8,525.9,20,528.65,20,0,26080
BANKNIFTY16JAN2031500CE.NFO,07/01/2020,09:32:38,528.65,526.75,80,530,20,40,26080
BANKNIFTY16JAN2031500CE.NFO,07/01/2020,09:32:39,528.65,527.7,140,530.9,20,0,26080
BANKNIFTY16JAN2031500CE.NFO,07/01/2020,09:32:40,528.65,528.2,20,530.4,20,0,26080
BANKNIFTY16JAN2031500CE.NFO,07/01/2020,09:32:41,528.65,526.95,60,532.5,280,0,26080
BANKNIFTY16JAN2031500CE.NFO,07/01/2020,09:32:42,532.1,528.05,20,532.95,200,120,26080
BANKNIFTY16JAN2031500CE.NFO,07/01/2020,09:32:42,532.5,528.05,20,532.95,200,0,26080
BANKNIFTY16JAN2031500CE.NFO,07/01/2020,09:32:43,532.05,528.85,160,532.25,200,80,26080
BANKNIFTY16JAN2031500CE.NFO,07/01/2020,09:32:44,532.05,529.15,40,531.35,20,0,26080
BANKNIFTY16JAN2031500CE.NFO,07/01/2020,09:32:45,530.25,530.25,20,530.55,20,40,26080
BANKNIFTY16JAN2031500CE.NFO,07/01/2020,09:32:46,530.55,530.3,60,531.6,20,40,26080
BANKNIFTY16JAN2031500CE.NFO,07/01/2020,09:32:47,530.65,530,60,531.9,20,220,26080
BANKNIFTY16JAN2031500CE.NFO,07/01/2020,09:32:48,531.45,531.45,40,531.7,20,140,26080
BANKNIFTY16JAN2031500CE.NFO,07/01/2020,09:32:49,531.1,531.15,40,531.75,20,120,26080
BANKNIFTY16JAN2031500CE.NFO,07/01/2020,09:32:50,530.55,527.55,80,530.7,60,100,26080
BANKNIFTY16JAN2031500CE.NFO,07/01/2020,09:32:51,529.75,529.8,60,530.45,100,20,26080
BANKNIFTY16JAN2031500CE.NFO,07/01/2020,09:32:52,530.2,529.9,60,531.15,40,160,26080
BANKNIFTY16JAN2031500CE.NFO,07/01/2020,09:32:53,529.85,529.85,20,530.3,20,160,26080
BANKNIFTY16JAN2031500CE.NFO,07/01/2020,09:32:54,529.9,529.85,60,530.2,60,20,26080
BANKNIFTY16JAN2031500CE.NFO,07/01/2020,09:32:55,530.05,528.05,20,529.8,40,100,26080
BANKNIFTY16JAN2031500CE.NFO,07/01/2020,09:32:56,528.2,527.6,40,529.1,20,20,26080
BANKNIFTY16JAN2031500CE.NFO,07/01/2020,09:32:57,529.25,527.4,60,529.75,60,60,26080
BANKNIFTY16JAN2031500CE.NFO,07/01/2020,09:32:58,527.8,527.55,20,529.45,40,20,26080
BANKNIFTY16JAN2031500CE.NFO,07/01/2020,09:32:59,527.7,528.6,20,529.6,20,20,26080
BANKNIFTY16JAN2031500CE.NFO,07/01/2020,09:33:00,530.15,527.5,20,530.35,20,80,26080
BANKNIFTY16JAN2031500CE.NFO,07/01/2020,09:33:01,528.2,526.65,20,529.3,20,40,26080
BANKNIFTY16JAN2031500CE.NFO,07/01/2020,09:33:02,526.95,527.65,20,529.7,20,20,26080
BANKNIFTY16JAN2031500CE.NFO,07/01/2020,09:33:03,526.95,527.5,80,529.3,20,0,26080
BANKNIFTY16JAN2031500CE.NFO,07/01/2020,09:33:04,526.95,525.4,20,528.75,40,0,26080
BANKNIFTY16JAN2031500CE.NFO,07/01/2020,09:33:05,525.35,524,20,526.55,40,20,26080
BANKNIFTY16JAN2031500CE.NFO,07/01/2020,09:33:06,524,523.3,20,525.8,40,100,26080
BANKNIFTY16JAN2031500CE.NFO,07/01/2020,09:33:07,523.25,523.25,20,524.25,40,20,26080
BANKNIFTY16JAN2031500CE.NFO,07/01/2020,09:33:08,523.25,522.65,20,525.95,20,0,26080
BANKNIFTY16JAN2031500CE.NFO,07/01/2020,09:33:09,523.25,524,60,525.45,40,0,26080
BANKNIFTY16JAN2031500CE.NFO,07/01/2020,09:33:10,526.1,522.55,20,527.85,20,60,26080
BANKNIFTY16JAN2031500CE.NFO,07/01/2020,09:33:11,526.1,521.05,20,527.2,20,0,26080
BANKNIFTY16JAN2031500CE.NFO,07/01/2020,09:33:12,526.1,521.55,20,527.05,20,0,26080
BANKNIFTY16JAN2031500CE.NFO,07/01/2020,09:33:13,527.8,522.55,20,527.85,20,20,26080
BANKNIFTY16JAN2031500CE.NFO,07/01/2020,09:33:14,527.9,523.05,40,528.5,100,60,26080
BANKNIFTY16JAN2031500CE.NFO,07/01/2020,09:33:15,527.9,523.05,20,528.15,20,0,26080
BANKNIFTY16JAN2031500CE.NFO,07/01/2020,09:33:16,527.9,523.05,20,528.05,20,0,26080
BANKNIFTY16JAN2031500CE.NFO,07/01/2020,09:33:17,527.9,523.05,20,527.55,100,0,26080
BANKNIFTY16JAN2031500CE.NFO,07/01/2020,09:33:19,527.5,523.3,80,527.5,200,20,26080
BANKNIFTY16JAN2031500CE.NFO,07/01/2020,09:33:20,527.5,523.55,80,527.65,200,0,26080
BANKNIFTY16JAN2031500CE.NFO,07/01/2020,09:33:21,527.5,523.3,20,527.65,20,0,26080
BANKNIFTY16JAN2031500CE.NFO,07/01/2020,09:33:22,527.5,523.3,40,528.2,20,0,26080
BANKNIFTY16JAN2031500CE.NFO,07/01/2020,09:33:23,527.5,523.25,40,527.95,20,0,26080
BANKNIFTY16JAN2031500CE.NFO,07/01/2020,09:33:24,527.5,524.05,20,527.7,20,0,26080
BANKNIFTY16JAN2031500CE.NFO,07/01/2020,09:33:25,528.05,524.05,40,528.9,60,40,26080
BANKNIFTY16JAN2031500CE.NFO,07/01/2020,09:33:26,528.35,524.1,20,527.95,40,20,26080
BANKNIFTY16JAN2031500CE.NFO,07/01/2020,09:33:27,527.45,524.1,20,528,40,20,26080
BANKNIFTY16JAN2031500CE.NFO,07/01/2020,09:33:28,527.75,524.05,20,528.3,40,40,26080
BANKNIFTY16JAN2031500CE.NFO,07/01/2020,09:33:29,527.75,524.95,20,528.15,20,0,26080
BANKNIFTY16JAN2031500CE.NFO,07/01/2020,09:33:30,527.75,524.85,20,528.5,20,0,26080
BANKNIFTY16JAN2031500CE.NFO,07/01/2020,09:33:31,527.95,527.05,40,528.75,20,40,26080
BANKNIFTY16JAN2031500CE.NFO,07/01/2020,09:33:32,527.95,526.75,20,528.6,20,0,26080
BANKNIFTY16JAN2031500CE.NFO,07/01/2020,09:33:33,527.95,527.25,40,528.2,40,0,26080
BANKNIFTY16JAN2031500CE.NFO,07/01/2020,09:33:34,527.75,527.15,20,528.95,20,40,26080
BANKNIFTY16JAN2031500CE.NFO,07/01/2020,09:33:35,528.35,527.4,20,530.95,60,160,26080
BANKNIFTY16JAN2031500CE.NFO,07/01/2020,09:33:36,528.95,525.05,20,529.9,20,280,26080
BANKNIFTY16JAN2031500CE.NFO,07/01/2020,09:33:37,528.45,527.25,40,528.65,20,20,26080
BANKNIFTY16JAN2031500CE.NFO,07/01/2020,09:33:38,528.45,527.5,40,528.4,20,0,26080
BANKNIFTY16JAN2031500CE.NFO,07/01/2020,09:33:39,528.4,527.8,40,529.65,40,20,26080
BANKNIFTY16JAN2031500CE.NFO,07/01/2020,09:33:40,529.65,528.3,40,534.25,20,160,26080
BANKNIFTY16JAN2031500CE.NFO,07/01/2020,09:33:41,529.65,527,20,532.85,40,0,26080
BANKNIFTY16JAN2031500CE.NFO,07/01/2020,09:33:43,529.65,528.05,20,531.5,40,0,26080
BANKNIFTY16JAN2031500CE.NFO,07/01/2020,09:33:44,529.65,529.55,40,530.3,40,0,26080
BANKNIFTY16JAN2031500CE.NFO,07/01/2020,09:33:45,529.6,528.65,40,530.1,20,40,26080
BANKNIFTY16JAN2031500CE.NFO,07/01/2020,09:33:46,529.6,528.45,40,530.05,20,0,26080
BANKNIFTY16JAN2031500CE.NFO,07/01/2020,09:33:47,530.6,527.55,20,533.35,40,160,26080
BANKNIFTY16JAN2031500CE.NFO,07/01/2020,09:33:48,527.5,527.35,40,531.2,20,60,26080
BANKNIFTY16JAN2031500CE.NFO,07/01/2020,09:33:49,529.7,526.5,20,529.4,20,40,26080
BANKNIFTY16JAN2031500CE.NFO,07/01/2020,09:33:50,529.1,528.1,20,531.5,20,80,26080
BANKNIFTY16JAN2031500CE.NFO,07/01/2020,09:33:51,529.1,529.35,40,531.05,20,0,26080
BANKNIFTY16JAN2031500CE.NFO,07/01/2020,09:33:52,529.55,529.55,40,531.5,40,60,26080
BANKNIFTY16JAN2031500CE.NFO,07/01/2020,09:33:53,525.85,529.3,40,531.25,20,200,26080
BANKNIFTY16JAN2031500CE.NFO,07/01/2020,09:33:54,530.75,529.05,20,532.25,20,80,26080
BANKNIFTY16JAN2031500CE.NFO,07/01/2020,09:33:55,531.55,529,20,531.7,40,40,26080
BANKNIFTY16JAN2031500CE.NFO,07/01/2020,09:33:56,531.55,529,20,531.45,40,0,26080
BANKNIFTY16JAN2031500CE.NFO,07/01/2020,09:33:57,531.55,529,20,531.3,40,0,26080
BANKNIFTY16JAN2031500CE.NFO,07/01/2020,09:33:58,529,525.45,20,530.2,20,20,26080
BANKNIFTY16JAN2031500CE.NFO,07/01/2020,09:33:59,529,526,20,531.75,20,0,26080
BANKNIFTY16JAN2031500CE.NFO,07/01/2020,09:34:00,529,527.15,20,532.6,20,0,26080
BANKNIFTY16JAN2031500CE.NFO,07/01/2020,09:34:01,529,528.6,20,533,20,0,26080
BANKNIFTY16JAN2031500CE.NFO,07/01/2020,09:34:02,529,527.75,40,532.65,40,0,26080
BANKNIFTY16JAN2031500CE.NFO,07/01/2020,09:34:03,532.6,527.6,40,532.1,40,80,26080
BANKNIFTY16JAN2031500CE.NFO,07/01/2020,09:34:03,532.6,527.6,40,532.1,40,0,26080
BANKNIFTY16JAN2031500CE.NFO,07/01/2020,09:34:04,532.1,526.45,40,532.05,40,20,26080
BANKNIFTY16JAN2031500CE.NFO,07/01/2020,09:34:05,532.1,526.1,20,529.25,40,0,26080
BANKNIFTY16JAN2031500CE.NFO,07/01/2020,09:34:06,529.1,526.35,20,528.95,40,40,26080
BANKNIFTY16JAN2031500CE.NFO,07/01/2020,09:34:07,528.8,524.05,20,530.4,20,60,26080
BANKNIFTY16JAN2031500CE.NFO,07/01/2020,09:34:08,528.8,521.55,20,527.4,40,0,26080
BANKNIFTY16JAN2031500CE.NFO,07/01/2020,09:34:09,528.8,521.7,20,526.15,20,0,26080
BANKNIFTY16JAN2031500CE.NFO,07/01/2020,09:34:10,528.8,522.75,80,525.5,20,0,26080
BANKNIFTY16JAN2031500CE.NFO,07/01/2020,09:34:11,528.8,522.45,60,524.9,40,0,26080
BANKNIFTY16JAN2031500CE.NFO,07/01/2020,09:34:12,524.8,522.5,80,525.3,20,40,26080
BANKNIFTY16JAN2031500CE.NFO,07/01/2020,09:34:13,524.8,522.05,80,525.9,20,0,26080
BANKNIFTY16JAN2031500CE.NFO,07/01/2020,09:34:14,524.8,522.05,80,526.35,20,0,26080
BANKNIFTY16JAN2031500CE.NFO,07/01/2020,09:34:15,524.8,522.25,20,525.15,60,0,26080
BANKNIFTY16JAN2031500CE.NFO,07/01/2020,09:34:16,524.9,522.45,20,524.75,40,20,26080
BANKNIFTY16JAN2031500CE.NFO,07/01/2020,09:34:17,524.9,521.9,40,524.5,40,0,26080
BANKNIFTY16JAN2031500CE.NFO,07/01/2020,09:34:18,524,522.4,80,525.5,20,60,26080
BANKNIFTY16JAN2031500CE.NFO,07/01/2020,09:34:19,522.1,518.75,40,524.85,20,60,26080
BANKNIFTY16JAN2031500CE.NFO,07/01/2020,09:34:20,522.1,520.1,80,524.8,40,0,26080
BANKNIFTY16JAN2031500CE.NFO,07/01/2020,09:34:21,522.1,520.1,80,524.75,20,0,26080
BANKNIFTY16JAN2031500CE.NFO,07/01/2020,09:34:22,522.1,520.1,80,524.5,80,0,26080
BANKNIFTY16JAN2031500CE.NFO,07/01/2020,09:34:23,522.1,520.1,80,524.5,60,0,26080
BANKNIFTY16JAN2031500CE.NFO,07/01/2020,09:34:24,522.1,520.9,80,524.55,20,0,26080
BANKNIFTY16JAN2031500CE.NFO,07/01/2020,09:34:25,522.1,521.35,20,524.15,20,0,26080
BANKNIFTY16JAN2031500CE.NFO,07/01/2020,09:34:26,518.8,516.8,20,522.7,20,80,26080
BANKNIFTY16JAN2031500CE.NFO,07/01/2020,09:34:27,516.6,515.7,20,519,80,100,26080
BANKNIFTY16JAN2031500CE.NFO,07/01/2020,09:34:28,515.45,516.1,40,517.25,20,40,26080
BANKNIFTY16JAN2031500CE.NFO,07/01/2020,09:34:29,516.25,513.55,20,518.3,80,40,26080
BANKNIFTY16JAN2031500CE.NFO,07/01/2020,09:34:30,512.45,513.7,20,518.2,100,80,26080
BANKNIFTY16JAN2031500CE.NFO,07/01/2020,09:34:31,512.45,514.1,20,517.65,100,0,26080
BANKNIFTY16JAN2031500CE.NFO,07/01/2020,09:34:32,516.5,516.6,40,517.25,20,100,26080
BANKNIFTY16JAN2031500CE.NFO,07/01/2020,09:34:33,512.55,512.65,20,516.7,20,100,26080
BANKNIFTY16JAN2031500CE.NFO,07/01/2020,09:34:34,516.25,511.75,100,516.65,20,60,26080
BANKNIFTY16JAN2031500CE.NFO,07/01/2020,09:34:35,515.65,511.95,80,515.5,40,40,26080
BANKNIFTY16JAN2031500CE.NFO,07/01/2020,09:34:36,515.65,511.95,80,515.65,80,0,26080
BANKNIFTY16JAN2031500CE.NFO,07/01/2020,09:34:37,514.8,512,20,515.8,40,40,26080
BANKNIFTY16JAN2031500CE.NFO,07/01/2020,09:34:38,514.8,512.1,100,517.45,40,0,26080
BANKNIFTY16JAN2031500CE.NFO,07/01/2020,09:34:39,514.8,512.4,100,515.1,80,0,26080
BANKNIFTY16JAN2031500CE.NFO,07/01/2020,09:34:40,513.55,512.7,20,515.25,20,80,26080
BANKNIFTY16JAN2031500CE.NFO,07/01/2020,09:34:41,513.55,513.05,40,515.45,20,0,26080
BANKNIFTY16JAN2031500CE.NFO,07/01/2020,09:34:42,513.9,513.95,20,516.4,20,80,26080
BANKNIFTY16JAN2031500CE.NFO,07/01/2020,09:34:43,514.6,514.7,20,517.25,20,20,26080
BANKNIFTY16JAN2031500CE.NFO,07/01/2020,09:34:44,514.6,514.2,20,517.5,80,0,26080
BANKNIFTY16JAN2031500CE.NFO,07/01/2020,09:34:45,514.6,514.4,20,515.8,20,0,26080
BANKNIFTY16JAN2031500CE.NFO,07/01/2020,09:34:46,514.75,514.7,20,516.45,20,20,26080
BANKNIFTY16JAN2031500CE.NFO,07/01/2020,09:34:47,514.8,513.6,80,517.2,60,20,26080
BANKNIFTY16JAN2031500CE.NFO,07/01/2020,09:34:48,513.8,513.8,20,518,120,20,26080
BANKNIFTY16JAN2031500CE.NFO,07/01/2020,09:34:49,513.8,514.1,20,517.9,60,0,26080
BANKNIFTY16JAN2031500CE.NFO,07/01/2020,09:34:50,517.85,514.1,40,517.8,60,20,26080
BANKNIFTY16JAN2031500CE.NFO,07/01/2020,09:34:51,517.85,513.25,20,519.4,20,0,26080
BANKNIFTY16JAN2031500CE.NFO,07/01/2020,09:34:52,517.85,514.35,60,519.7,80,0,26080
BANKNIFTY16JAN2031500CE.NFO,07/01/2020,09:34:53,517.85,514.5,40,518.95,40,0,26080
BANKNIFTY16JAN2031500CE.NFO,07/01/2020,09:34:54,517.85,513.1,20,517.65,120,0,26080
BANKNIFTY16JAN2031500CE.NFO,07/01/2020,09:34:55,513.1,513,20,514.2,40,20,26080
BANKNIFTY16JAN2031500CE.NFO,07/01/2020,09:34:56,513.9,510.35,20,514.65,60,60,26080
BANKNIFTY16JAN2031500CE.NFO,07/01/2020,09:34:57,514.2,510.4,20,515.15,40,40,26080
BANKNIFTY16JAN2031500CE.NFO,07/01/2020,09:34:58,514.2,510.5,20,515.55,60,0,26080
BANKNIFTY16JAN2031500CE.NFO,07/01/2020,09:34:59,514.2,511.4,20,516.95,60,0,26080
BANKNIFTY16JAN2031500CE.NFO,07/01/2020,09:35:00,514.2,510.8,20,516.9,60,0,26080
BANKNIFTY16JAN2031500CE.NFO,07/01/2020,09:35:01,516.9,512.45,20,517,120,40,26080
BANKNIFTY16JAN2031500CE.NFO,07/01/2020,09:35:02,516.9,512.45,60,516.8,100,0,26080
BANKNIFTY16JAN2031500CE.NFO,07/01/2020,09:35:03,516.9,512.6,20,516.55,20,0,26080
BANKNIFTY16JAN2031500CE.NFO,07/01/2020,09:35:04,516.9,512.45,20,516.55,40,0,26080
BANKNIFTY16JAN2031500CE.NFO,07/01/2020,09:35:05,516.9,512.45,20,516.2,20,0,26080
BANKNIFTY16JAN2031500CE.NFO,07/01/2020,09:35:06,516.9,512.45,20,516.95,100,0,26080
BANKNIFTY16JAN2031500CE.NFO,07/01/2020,09:35:07,515.4,511.05,20,516.35,80,40,26080
BANKNIFTY16JAN2031500CE.NFO,07/01/2020,09:35:08,515.45,511.9,80,513.45,40,120,26080
BANKNIFTY16JAN2031500CE.NFO,07/01/2020,09:35:09,513.6,513.85,20,516.4,20,20,26080
BANKNIFTY16JAN2031500CE.NFO,07/01/2020,09:35:10,514.5,510.4,20,516.45,40,20,26080
BANKNIFTY16JAN2031500CE.NFO,07/01/2020,09:35:11,514.5,510.5,20,515.85,20,0,26080
BANKNIFTY16JAN2031500CE.NFO,07/01/2020,09:35:12,514.5,510.6,80,515.6,20,0,26080
BANKNIFTY16JAN2031500CE.NFO,07/01/2020,09:35:13,514.5,510.6,80,514.65,20,0,26080
BANKNIFTY16JAN2031500CE.NFO,07/01/2020,09:35:14,514.5,510.6,80,514.45,20,0,26080
BANKNIFTY16JAN2031500CE.NFO,07/01/2020,09:35:15,514.5,510.35,80,515.4,20,0,26080
BANKNIFTY16JAN2031500CE.NFO,07/01/2020,09:35:16,514.5,510.45,20,515.35,40,0,26080
BANKNIFTY16JAN2031500CE.NFO,07/01/2020,09:35:17,514.5,510.55,80,514.5,20,0,26080
BANKNIFTY16JAN2031500CE.NFO,07/01/2020,09:35:18,514.5,510.75,100,514,20,0,26080
BANKNIFTY16JAN2031500CE.NFO,07/01/2020,09:35:19,514.5,509.8,80,513.7,20,0,26080
BANKNIFTY16JAN2031500CE.NFO,07/01/2020,09:35:20,514.5,509.8,80,512.65,20,0,26080
BANKNIFTY16JAN2031500CE.NFO,07/01/2020,09:35:21,511.25,508.6,20,512.25,20,60,23680
BANKNIFTY16JAN2031500CE.NFO,07/01/2020,09:35:22,511.25,508.15,20,510.4,20,0,23680
BANKNIFTY16JAN2031500CE.NFO,07/01/2020,09:35:23,510.05,508.25,100,512.15,20,20,23680
BANKNIFTY16JAN2031500CE.NFO,07/01/2020,09:35:24,510.05,508.45,20,511.4,20,0,23680
BANKNIFTY16JAN2031500CE.NFO,07/01/2020,09:35:25,510.05,508.25,80,511.5,20,0,23680
BANKNIFTY16JAN2031500CE.NFO,07/01/2020,09:35:26,510.05,508.15,20,512.25,20,0,23680
BANKNIFTY16JAN2031500CE.NFO,07/01/2020,09:35:27,508.55,508.5,20,511.45,20,20,23680
BANKNIFTY16JAN2031500CE.NFO,07/01/2020,09:35:28,508.55,508.55,20,511.4,20,0,23680
BANKNIFTY16JAN2031500CE.NFO,07/01/2020,09:35:29,508.55,508.05,20,511.3,20,20,23680
BANKNIFTY16JAN2031500CE.NFO,07/01/2020,09:35:30,508.55,508.35,20,511.3,20,0,23680
BANKNIFTY16JAN2031500CE.NFO,07/01/2020,09:35:31,508.55,508.05,20,510.35,20,0,23680
BANKNIFTY16JAN2031500CE.NFO,07/01/2020,09:35:32,508.55,508,20,510.7,20,0,23680
BANKNIFTY16JAN2031500CE.NFO,07/01/2020,09:35:33,508.55,508.05,20,510.7,20,0,23680
BANKNIFTY16JAN2031500CE.NFO,07/01/2020,09:35:34,508.55,508,20,509.85,40,0,23680
BANKNIFTY16JAN2031500CE.NFO,07/01/2020,09:35:35,508.55,508.05,20,509.4,20,0,23680
BANKNIFTY16JAN2031500CE.NFO,07/01/2020,09:35:36,508.55,508,20,509.1,20,0,23680
BANKNIFTY16JAN2031500CE.NFO,07/01/2020,09:35:37,508,506.55,20,510.95,40,60,23680
BANKNIFTY16JAN2031500CE.NFO,07/01/2020,09:35:38,508,505.9,20,507.8,20,0,23680
BANKNIFTY16JAN2031500CE.NFO,07/01/2020,09:35:39,508,505.6,20,507.1,40,0,23680
BANKNIFTY16JAN2031500CE.NFO,07/01/2020,09:35:40,505.6,505.65,20,506.3,40,80,23680
BANKNIFTY16JAN2031500CE.NFO,07/01/2020,09:35:41,505.55,502.25,20,507.55,60,40,23680
BANKNIFTY16JAN2031500CE.NFO,07/01/2020,09:35:42,505.55,500.1,20,506.05,80,0,23680
BANKNIFTY16JAN2031500CE.NFO,07/01/2020,09:35:43,501.9,499.4,20,505.75,80,20,23680
BANKNIFTY16JAN2031500CE.NFO,07/01/2020,09:35:44,500,498.05,80,503,60,240,23680
BANKNIFTY16JAN2031500CE.NFO,07/01/2020,09:35:45,498.55,495.4,20,501.15,40,100,23680
BANKNIFTY16JAN2031500CE.NFO,07/01/2020,09:35:46,498.9,497,20,500.85,20,60,23680
BANKNIFTY16JAN2031500CE.NFO,07/01/2020,09:35:47,498.15,496.5,20,500.35,20,100,23680
BANKNIFTY16JAN2031500CE.NFO,07/01/2020,09:35:48,499.2,497.05,20,501.6,20,20,23680
BANKNIFTY16JAN2031500CE.NFO,07/01/2020,09:35:49,503.85,499,60,503,60,100,23680
BANKNIFTY16JAN2031500CE.NFO,07/01/2020,09:35:50,503.85,499.3,60,503.55,20,0,23680
BANKNIFTY16JAN2031500CE.NFO,07/01/2020,09:35:51,503.85,500.2,20,503.8,20,0,23680
BANKNIFTY16JAN2031500CE.NFO,07/01/2020,09:35:52,503.7,501.1,20,504.95,20,20,23680
BANKNIFTY16JAN2031500CE.NFO,07/01/2020,09:35:53,504.95,502.25,20,504.95,20,480,23680
BANKNIFTY16JAN2031500CE.NFO,07/01/2020,09:35:54,505,503.95,40,504.95,40,280,23680
BANKNIFTY16JAN2031500CE.NFO,07/01/2020,09:35:55,505,501.35,20,504.95,40,0,23680
BANKNIFTY16JAN2031500CE.NFO,07/01/2020,09:35:56,501.7,501.05,40,504,60,40,23680
BANKNIFTY16JAN2031500CE.NFO,07/01/2020,09:35:57,501.7,501.05,40,504,60,0,23680
BANKNIFTY16JAN2031500CE.NFO,07/01/2020,09:35:58,504,501.05,40,505,220,60,23680
BANKNIFTY16JAN2031500CE.NFO,07/01/2020,09:35:59,504,501.05,40,505,220,0,23680
BANKNIFTY16JAN2031500CE.NFO,07/01/2020,09:36:00,504,501,20,505,220,0,23680
BANKNIFTY16JAN2031500CE.NFO,07/01/2020,09:36:01,502.8,499.45,60,504.95,20,60,23680
BANKNIFTY16JAN2031500CE.NFO,07/01/2020,09:36:02,502.8,499.45,280,504.95,20,0,23680
BANKNIFTY16JAN2031500CE.NFO,07/01/2020,09:36:03,502.8,499.45,60,504.95,20,0,23680
BANKNIFTY16JAN2031500CE.NFO,07/01/2020,09:36:04,502.8,499.45,60,504.25,20,0,23680
BANKNIFTY16JAN2031500CE.NFO,07/01/2020,09:36:05,502.05,499.45,60,503.95,40,40,23680
BANKNIFTY16JAN2031500CE.NFO,07/01/2020,09:36:06,502.05,499.45,60,503.95,20,0,23680
BANKNIFTY16JAN2031500CE.NFO,07/01/2020,09:36:08,502.05,499.45,60,503.6,40,0,23680
BANKNIFTY16JAN2031500CE.NFO,07/01/2020,09:36:09,504,501.15,20,504,100,120,23680
BANKNIFTY16JAN2031500CE.NFO,07/01/2020,09:36:10,504,504.4,40,507.05,20,100,23680
BANKNIFTY16JAN2031500CE.NFO,07/01/2020,09:36:11,504,504.1,20,506.85,20,0,23680
BANKNIFTY16JAN2031500CE.NFO,07/01/2020,09:36:12,504,503.25,20,507.85,20,0,23680
BANKNIFTY16JAN2031500CE.NFO,07/01/2020,09:36:13,509.1,506.5,20,509.25,20,60,23680
BANKNIFTY16JAN2031500CE.NFO,07/01/2020,09:36:14,509.1,507.25,20,509.55,40,0,23680
BANKNIFTY16JAN2031500CE.NFO,07/01/2020,09:36:15,506.7,506.65,40,511,20,60,23680
BANKNIFTY16JAN2031500CE.NFO,07/01/2020,09:36:16,505.75,505.75,580,510.6,20,100,23680
BANKNIFTY16JAN2031500CE.NFO,07/01/2020,09:36:17,506.75,505.1,20,509.25,20,80,23680
BANKNIFTY16JAN2031500CE.NFO,07/01/2020,09:36:18,505.75,505.1,20,509.2,20,100,23680
BANKNIFTY16JAN2031500CE.NFO,07/01/2020,09:36:19,505.9,505.05,40,506,40,60,23680
BANKNIFTY16JAN2031500CE.NFO,07/01/2020,09:36:20,505.9,505.15,40,508.15,20,0,23680
BANKNIFTY16JAN2031500CE.NFO,07/01/2020,09:36:21,505.9,503.7,440,508,20,0,23680
BANKNIFTY16JAN2031500CE.NFO,07/01/2020,09:36:22,503.45,502.85,20,506.7,20,80,23680
BANKNIFTY16JAN2031500CE.NFO,07/01/2020,09:36:23,502.9,501.85,20,506.35,40,40,23680
BANKNIFTY16JAN2031500CE.NFO,07/01/2020,09:36:24,502.9,502.45,20,504.05,20,0,23680
BANKNIFTY16JAN2031500CE.NFO,07/01/2020,09:36:25,502.9,503.85,40,508.05,20,0,23680
BANKNIFTY16JAN2031500CE.NFO,07/01/2020,09:36:26,502.9,505.1,40,507.1,20,0,23680
BANKNIFTY16JAN2031500CE.NFO,07/01/2020,09:36:27,505.1,502.55,40,507,40,100,23680
BANKNIFTY16JAN2031500CE.NFO,07/01/2020,09:36:28,505.1,503,20,505,40,0,23680
BANKNIFTY16JAN2031500CE.NFO,07/01/2020,09:36:29,505.1,503.7,20,505.85,20,0,23680
BANKNIFTY16JAN2031500CE.NFO,07/01/2020,09:36:30,505.1,504.6,80,508.05,20,0,23680
BANKNIFTY16JAN2031500CE.NFO,07/01/2020,09:36:31,505.1,505.7,20,507.05,20,0,23680
BANKNIFTY16JAN2031500CE.NFO,07/01/2020,09:36:32,506.55,506.65,20,508.3,20,40,23680
BANKNIFTY16JAN2031500CE.NFO,07/01/2020,09:36:33,506.65,506.9,40,509.85,20,20,23680
BANKNIFTY16JAN2031500CE.NFO,07/01/2020,09:36:34,506.9,504.3,360,507.45,20,40,23680
BANKNIFTY16JAN2031500CE.NFO,07/01/2020,09:36:35,507.3,504.7,660,509.2,20,60,23680
BANKNIFTY16JAN2031500CE.NFO,07/01/2020,09:36:36,507.3,507.3,40,508.7,20,0,23680
BANKNIFTY16JAN2031500CE.NFO,07/01/2020,09:36:37,507.3,507.3,40,508.45,20,0,23680
BANKNIFTY16JAN2031500CE.NFO,07/01/2020,09:36:38,507.3,507.3,40,509.2,20,0,23680
BANKNIFTY16JAN2031500CE.NFO,07/01/2020,09:36:39,507.3,507.35,40,509.05,20,0,23680
BANKNIFTY16JAN2031500CE.NFO,07/01/2020,09:36:40,507.3,507.35,40,509.5,20,0,23680
BANKNIFTY16JAN2031500CE.NFO,07/01/2020,09:36:41,507.3,507.35,40,509.3,20,0,23680
BANKNIFTY16JAN2031500CE.NFO,07/01/2020,09:36:42,507.3,507.35,40,510.25,20,0,23680
BANKNIFTY16JAN2031500CE.NFO,07/01/2020,09:36:43,507.3,507.3,60,510.25,20,0,23680
BANKNIFTY16JAN2031500CE.NFO,07/01/2020,09:36:44,507.3,507.55,40,510.25,20,0,23680
BANKNIFTY16JAN2031500CE.NFO,07/01/2020,09:36:45,507.3,507.65,100,512.1,20,0,23680
BANKNIFTY16JAN2031500CE.NFO,07/01/2020,09:36:46,507.3,507.55,40,508.4,20,0,23680
BANKNIFTY16JAN2031500CE.NFO,07/01/2020,09:36:47,507.3,507.9,40,509.6,20,0,23680
BANKNIFTY16JAN2031500CE.NFO,07/01/2020,09:36:48,507.3,507.55,40,509.45,20,0,23680
BANKNIFTY16JAN2031500CE.NFO,07/01/2020,09:36:49,507.3,509.05,100,512.35,20,0,23680
BANKNIFTY16JAN2031500CE.NFO,07/01/2020,09:36:50,507.3,509.05,40,510.65,20,0,23680
BANKNIFTY16JAN2031500CE.NFO,07/01/2020,09:36:51,507.3,509.1,100,512.35,20,0,23680
BANKNIFTY16JAN2031500CE.NFO,07/01/2020,09:36:52,507.3,509.05,100,512.05,20,0,23680
BANKNIFTY16JAN2031500CE.NFO,07/01/2020,09:36:53,511.7,509.2,100,512.35,20,40,23680
BANKNIFTY16JAN2031500CE.NFO,07/01/2020,09:36:54,511.7,509.1,40,511.9,20,0,23680
BANKNIFTY16JAN2031500CE.NFO,07/01/2020,09:36:55,511.7,509.05,40,513.3,40,0,23680
BANKNIFTY16JAN2031500CE.NFO,07/01/2020,09:36:56,511.7,509.85,100,513.4,20,0,23680
BANKNIFTY16JAN2031500CE.NFO,07/01/2020,09:36:57,511.7,509.5,120,513.3,20,0,23680
BANKNIFTY16JAN2031500CE.NFO,07/01/2020,09:36:58,511.7,509.75,40,512.65,40,0,23680
BANKNIFTY16JAN2031500CE.NFO,07/01/2020,09:36:59,511.7,509.3,40,510.85,20,0,23680
BANKNIFTY16JAN2031500CE.NFO,07/01/2020,09:37:00,509.3,509.3,20,511.3,20,20,23680
BANKNIFTY16JAN2031500CE.NFO,07/01/2020,09:37:01,509.3,509.35,40,511.3,20,0,23680
BANKNIFTY16JAN2031500CE.NFO,07/01/2020,09:37:02,509.3,509.45,20,513.6,20,0,23680
BANKNIFTY16JAN2031500CE.NFO,07/01/2020,09:37:03,509.3,509.55,40,512.9,20,0,23680
BANKNIFTY16JAN2031500CE.NFO,07/01/2020,09:37:04,509.3,509.9,40,512.35,20,0,23680
BANKNIFTY16JAN2031500CE.NFO,07/01/2020,09:37:05,511.1,511.1,20,512.35,20,60,23680
BANKNIFTY16JAN2031500CE.NFO,07/01/2020,09:37:06,511.1,508.85,20,512.15,40,0,23680
BANKNIFTY16JAN2031500CE.NFO,07/01/2020,09:37:07,511.1,511.1,40,513.4,20,0,23680
BANKNIFTY16JAN2031500CE.NFO,07/01/2020,09:37:08,511.1,511.15,40,513,20,0,23680
BANKNIFTY16JAN2031500CE.NFO,07/01/2020,09:37:09,511.1,508.05,40,512,20,40,23680
BANKNIFTY16JAN2031500CE.NFO,07/01/2020,09:37:10,511.1,508.35,20,512.25,40,0,23680
BANKNIFTY16JAN2031500CE.NFO,07/01/2020,09:37:11,511.1,509.95,20,512.7,20,0,23680
BANKNIFTY16JAN2031500CE.NFO,07/01/2020,09:37:12,511.1,508.8,40,512.3,20,0,23680
BANKNIFTY16JAN2031500CE.NFO,07/01/2020,09:37:13,511.1,508.3,40,511.95,20,0,23680
BANKNIFTY16JAN2031500CE.NFO,07/01/2020,09:37:14,511.1,508.5,40,511.4,20,0,23680
BANKNIFTY16JAN2031500CE.NFO,07/01/2020,09:37:15,508.55,507.35,20,510.05,40,60,23680
BANKNIFTY16JAN2031500CE.NFO,07/01/2020,09:37:16,508.55,507.35,20,510,40,0,23680
BANKNIFTY16JAN2031500CE.NFO,07/01/2020,09:37:17,508.55,508.45,40,511.55,40,0,23680
BANKNIFTY16JAN2031500CE.NFO,07/01/2020,09:37:18,508.55,509.15,20,512.35,40,0,23680
