Ticker,Date,Time,LTP,BuyPrice,BuyQty,SellPrice,SellQty,LTQ,OpenInterest
BANKNIFTY27FEB2029000CE.NFO,07/01/2020,09:16:10,3100,2936.35,200,3126.95,20,20,220
BANKNIFTY27FEB2029000CE.NFO,07/01/2020,09:16:10,3100,2936.35,200,3126.95,20,0,220
BANKNIFTY27FEB2029000CE.NFO,07/01/2020,09:16:10,3100,2936.35,200,3126.95,20,0,220
BANKNIFTY27FEB2029000CE.NFO,07/01/2020,09:16:10,3100,2936.35,200,3126.95,20,0,220
BANKNIFTY27FEB2029000CE.NFO,07/01/2020,09:16:10,3100,2906.35,200,3194.45,200,0,220
BANKNIFTY27FEB2029000CE.NFO,07/01/2020,09:16:11,3100,2932.6,200,3127.55,20,0,220
BANKNIFTY27FEB2029000CE.NFO,07/01/2020,09:16:12,3100,2941.35,200,3199.95,200,0,220
BANKNIFTY27FEB2029000CE.NFO,07/01/2020,09:16:14,3100,2907.95,200,3197.95,200,0,220
BANKNIFTY27FEB2029000CE.NFO,07/01/2020,09:16:14,3100,2923.35,200,3128.4,20,0,220
BANKNIFTY27FEB2029000CE.NFO,07/01/2020,09:16:15,3100,2878.9,200,3337.35,200,0,220
BANKNIFTY27FEB2029000CE.NFO,07/01/2020,09:16:16,3100,2931.5,200,3196.2,200,0,220
BANKNIFTY27FEB2029000CE.NFO,07/01/2020,09:16:18,3100,2939.95,200,3337.35,200,0,220
BANKNIFTY27FEB2029000CE.NFO,07/01/2020,09:16:19,3100,2911.55,200,3197.2,200,0,220
BANKNIFTY27FEB2029000CE.NFO,07/01/2020,09:16:20,3100,2942.55,200,3198.35,200,0,220
BANKNIFTY27FEB2029000CE.NFO,07/01/2020,09:16:20,3100,2884.45,200,3128.9,20,0,220
BANKNIFTY27FEB2029000CE.NFO,07/01/2020,09:16:21,3100,2941.2,200,3337.2,200,0,220
BANKNIFTY27FEB2029000CE.NFO,07/01/2020,09:16:22,3100,2945.7,200,3127.8,20,0,220
BANKNIFTY27FEB2029000CE.NFO,07/01/2020,09:16:23,3100,2947.35,200,3337.2,200,0,220
BANKNIFTY27FEB2029000CE.NFO,07/01/2020,09:16:24,3100,2947.75,220,3337.2,200,0,220
BANKNIFTY27FEB2029000CE.NFO,07/01/2020,09:16:25,3100,2947.3,200,3197.5,200,0,220
BANKNIFTY27FEB2029000CE.NFO,07/01/2020,09:16:27,3100,2949.5,200,3126.6,20,0,220
BANKNIFTY27FEB2029000CE.NFO,07/01/2020,09:16:27,3100,2933.6,200,3196,200,0,220
BANKNIFTY27FEB2029000CE.NFO,07/01/2020,09:16:28,3100,2945.45,20,3337.05,20,0,220
BANKNIFTY27FEB2029000CE.NFO,07/01/2020,09:16:30,3100,2950.2,200,3126.45,20,0,220
BANKNIFTY27FEB2029000CE.NFO,07/01/2020,09:16:30,3100,2950.45,20,3336.95,20,0,220
BANKNIFTY27FEB2029000CE.NFO,07/01/2020,09:16:31,3100,2951.1,20,3128.55,20,0,220
BANKNIFTY27FEB2029000CE.NFO,07/01/2020,09:16:32,3100,2953.05,20,3336.7,20,0,220
BANKNIFTY27FEB2029000CE.NFO,07/01/2020,09:16:33,3100,2954.15,200,3336.7,20,0,220
BANKNIFTY27FEB2029000CE.NFO,07/01/2020,09:16:34,3100,2954.25,220,3129.9,20,0,220
BANKNIFTY27FEB2029000CE.NFO,07/01/2020,09:16:35,3100,2954.25,200,3198.4,20,0,220
BANKNIFTY27FEB2029000CE.NFO,07/01/2020,09:16:36,3100,2893.55,200,3149.95,20,0,220
BANKNIFTY27FEB2029000CE.NFO,07/01/2020,09:16:37,3100,2938.4,200,3149.95,20,0,220
BANKNIFTY27FEB2029000CE.NFO,07/01/2020,09:16:38,3100,2945.6,200,3149.95,20,0,220
BANKNIFTY27FEB2029000CE.NFO,07/01/2020,09:16:40,3100,2946.95,200,3104.8,20,0,220
BANKNIFTY27FEB2029000CE.NFO,07/01/2020,09:16:40,3100,2950.9,200,3105.4,20,0,220
BANKNIFTY27FEB2029000CE.NFO,07/01/2020,09:16:41,3100,2954.8,200,3149.95,20,0,220
BANKNIFTY27FEB2029000CE.NFO,07/01/2020,09:16:42,3100,2955.05,220,3149.95,20,0,220
BANKNIFTY27FEB2029000CE.NFO,07/01/2020,09:16:45,3100,2955.05,220,3149.9,200,0,220
BANKNIFTY27FEB2029000CE.NFO,07/01/2020,09:16:47,3100,2955.05,220,3149.8,200,0,220
BANKNIFTY27FEB2029000CE.NFO,07/01/2020,09:16:48,3100,2955.05,220,3149.95,20,0,220
BANKNIFTY27FEB2029000CE.NFO,07/01/2020,09:16:49,3100,2955.05,220,3104.7,20,0,220
BANKNIFTY27FEB2029000CE.NFO,07/01/2020,09:16:50,3100,2955.05,220,3103.05,20,0,220
BANKNIFTY27FEB2029000CE.NFO,07/01/2020,09:16:51,3100,2955.05,220,3149.95,20,0,220
BANKNIFTY27FEB2029000CE.NFO,07/01/2020,09:16:55,3100,2955.05,220,3149.9,200,0,220
BANKNIFTY27FEB2029000CE.NFO,07/01/2020,09:16:55,3100,2955.05,220,3149.95,20,0,220
BANKNIFTY27FEB2029000CE.NFO,07/01/2020,09:16:58,3100,2955.05,220,3105.85,20,0,220
BANKNIFTY27FEB2029000CE.NFO,07/01/2020,09:16:59,3100,2955.05,220,3149.85,20,0,220
BANKNIFTY27FEB2029000CE.NFO,07/01/2020,09:17:00,3100,2955.05,220,3105.8,20,0,220
BANKNIFTY27FEB2029000CE.NFO,07/01/2020,09:17:00,3100,2955.05,220,3149.9,200,0,220
BANKNIFTY27FEB2029000CE.NFO,07/01/2020,09:17:01,3100,2955.05,220,3149.75,20,0,220
BANKNIFTY27FEB2029000CE.NFO,07/01/2020,09:17:03,3100,2955.05,220,3149.95,20,0,220
BANKNIFTY27FEB2029000CE.NFO,07/01/2020,09:17:07,3100,2877.55,20,3149.95,20,0,220
BANKNIFTY27FEB2029000CE.NFO,07/01/2020,09:17:35,3100,2877.5,20,3149.95,20,0,220
BANKNIFTY27FEB2029000CE.NFO,07/01/2020,09:17:35,3100,2877.55,20,3149.95,20,0,220
BANKNIFTY27FEB2029000CE.NFO,07/01/2020,09:17:53,3100,2877.6,20,3149.95,20,0,220
BANKNIFTY27FEB2029000CE.NFO,07/01/2020,09:17:54,3100,2877.7,20,3149.95,20,0,220
BANKNIFTY27FEB2029000CE.NFO,07/01/2020,09:17:55,3100,2909.05,20,3149.95,20,0,220
BANKNIFTY27FEB2029000CE.NFO,07/01/2020,09:17:57,3100,2899.4,20,3149.95,20,0,220
BANKNIFTY27FEB2029000CE.NFO,07/01/2020,09:17:58,3100,2916.55,20,3149.95,20,0,220
BANKNIFTY27FEB2029000CE.NFO,07/01/2020,09:17:59,3100,2902,40,3149.95,20,0,220
BANKNIFTY27FEB2029000CE.NFO,07/01/2020,09:19:44,3100,2925,20,3084.4,20,0,220
BANKNIFTY27FEB2029000CE.NFO,07/01/2020,09:19:44,3100,2939.7,20,3084.4,20,0,220
BANKNIFTY27FEB2029000CE.NFO,07/01/2020,09:19:46,3100,2925.15,60,3079.8,20,0,220
BANKNIFTY27FEB2029000CE.NFO,07/01/2020,09:19:47,3100,2927.15,20,3096.9,20,0,220
BANKNIFTY27FEB2029000CE.NFO,07/01/2020,09:19:48,3100,2941.25,20,3089.55,20,0,220
BANKNIFTY27FEB2029000CE.NFO,07/01/2020,09:19:49,3100,2950.1,20,3089.45,20,0,220
BANKNIFTY27FEB2029000CE.NFO,07/01/2020,09:19:50,3100,2943.35,20,3089.45,20,0,220
BANKNIFTY27FEB2029000CE.NFO,07/01/2020,09:19:51,3100,2929.7,40,3079.8,20,0,220
BANKNIFTY27FEB2029000CE.NFO,07/01/2020,09:19:52,3100,2929.65,20,3093.15,20,0,220
BANKNIFTY27FEB2029000CE.NFO,07/01/2020,09:19:52,3100,2930.7,20,3093.45,20,0,220
BANKNIFTY27FEB2029000CE.NFO,07/01/2020,09:19:53,3100,2929.8,20,3092.9,20,0,220
BANKNIFTY27FEB2029000CE.NFO,07/01/2020,09:19:54,3100,2930.9,20,3092.9,20,0,220
BANKNIFTY27FEB2029000CE.NFO,07/01/2020,09:19:55,3100,2929.25,20,3092.9,20,0,220
BANKNIFTY27FEB2029000CE.NFO,07/01/2020,09:19:56,3100,2931.05,20,3149.95,20,0,220
BANKNIFTY27FEB2029000CE.NFO,07/01/2020,09:19:57,3100,2946.2,20,3101.15,20,0,220
BANKNIFTY27FEB2029000CE.NFO,07/01/2020,09:19:58,3100,2933.4,40,3070.1,20,0,220
BANKNIFTY27FEB2029000CE.NFO,07/01/2020,09:19:59,3100,2949.45,20,3094.45,20,0,220
BANKNIFTY27FEB2029000CE.NFO,07/01/2020,09:20:00,3100,2951.35,20,3094.45,20,0,220
BANKNIFTY27FEB2029000CE.NFO,07/01/2020,09:20:02,3100,2954.25,20,3085.7,20,0,220
BANKNIFTY27FEB2029000CE.NFO,07/01/2020,09:20:03,3100,2955.2,20,3083.45,20,0,220
BANKNIFTY27FEB2029000CE.NFO,07/01/2020,09:20:04,3100,2971.3,200,3119.1,20,0,220
BANKNIFTY27FEB2029000CE.NFO,07/01/2020,09:20:05,3100,2975.2,200,3087.95,20,0,220
BANKNIFTY27FEB2029000CE.NFO,07/01/2020,09:20:06,3100,2973.5,200,3085.5,20,0,220
BANKNIFTY27FEB2029000CE.NFO,07/01/2020,09:20:07,3100,2944.85,200,3117.05,20,0,220
BANKNIFTY27FEB2029000CE.NFO,07/01/2020,09:20:08,3100,2973.45,200,3113.7,20,0,220
BANKNIFTY27FEB2029000CE.NFO,07/01/2020,09:20:09,3100,2973,200,3111.55,20,0,220
BANKNIFTY27FEB2029000CE.NFO,07/01/2020,09:20:10,3100,2963.1,200,3107.5,20,0,220
BANKNIFTY27FEB2029000CE.NFO,07/01/2020,09:20:11,3100,2967.1,200,3105.15,20,0,220
BANKNIFTY27FEB2029000CE.NFO,07/01/2020,09:20:12,3100,2974.5,220,3112.9,20,0,220
BANKNIFTY27FEB2029000CE.NFO,07/01/2020,09:20:13,3100,2940.9,200,3110.6,20,0,220
BANKNIFTY27FEB2029000CE.NFO,07/01/2020,09:20:14,3100,2964.95,200,3110.3,40,0,220
BANKNIFTY27FEB2029000CE.NFO,07/01/2020,09:20:15,3100,2969.75,200,3109.9,20,0,220
BANKNIFTY27FEB2029000CE.NFO,07/01/2020,09:20:16,3100,2972.35,200,3129.65,20,0,220
BANKNIFTY27FEB2029000CE.NFO,07/01/2020,09:20:17,3100,2973.35,200,3090,20,0,220
BANKNIFTY27FEB2029000CE.NFO,07/01/2020,09:20:18,3100,2974.15,20,3089.3,20,0,220
BANKNIFTY27FEB2029000CE.NFO,07/01/2020,09:20:19,3100,2974.55,220,3113.15,20,0,220
BANKNIFTY27FEB2029000CE.NFO,07/01/2020,09:20:20,3100,2974.55,220,3131.45,20,0,220
BANKNIFTY27FEB2029000CE.NFO,07/01/2020,09:20:21,3100,2974.55,220,3107.35,20,0,220
BANKNIFTY27FEB2029000CE.NFO,07/01/2020,09:20:22,3100,2974.55,220,3122.5,20,0,220
BANKNIFTY27FEB2029000CE.NFO,07/01/2020,09:20:23,3100,2974.55,220,3089.6,20,0,220
BANKNIFTY27FEB2029000CE.NFO,07/01/2020,09:20:24,3100,2974.55,220,3087,20,0,220
BANKNIFTY27FEB2029000CE.NFO,07/01/2020,09:20:25,3100,2974.55,220,3093.9,20,0,220
BANKNIFTY27FEB2029000CE.NFO,07/01/2020,09:20:26,3100,2974.55,220,3118.5,40,0,220
BANKNIFTY27FEB2029000CE.NFO,07/01/2020,09:20:27,3100,2974.55,220,3118.75,40,0,220
BANKNIFTY27FEB2029000CE.NFO,07/01/2020,09:20:28,3100,2974.55,220,3099.55,20,0,220
BANKNIFTY27FEB2029000CE.NFO,07/01/2020,09:20:29,3100,2974.55,220,3120.3,20,0,220
BANKNIFTY27FEB2029000CE.NFO,07/01/2020,09:20:30,3100,2974.55,220,3119.4,40,0,220
BANKNIFTY27FEB2029000CE.NFO,07/01/2020,09:20:31,3100,2974.55,220,3149.9,200,0,220
BANKNIFTY27FEB2029000CE.NFO,07/01/2020,09:20:32,3100,2974.55,220,3134.5,20,0,220
BANKNIFTY27FEB2029000CE.NFO,07/01/2020,09:20:33,3100,2974.55,220,3121.2,20,0,220
BANKNIFTY27FEB2029000CE.NFO,07/01/2020,09:20:34,3100,2974.55,220,3090.8,20,0,220
BANKNIFTY27FEB2029000CE.NFO,07/01/2020,09:20:35,3100,2974.55,220,3101.85,20,0,220
BANKNIFTY27FEB2029000CE.NFO,07/01/2020,09:20:36,3100,2974.55,220,3149.95,20,0,220
BANKNIFTY27FEB2029000CE.NFO,07/01/2020,09:20:38,3100,2974.55,220,3121.2,20,0,220
BANKNIFTY27FEB2029000CE.NFO,07/01/2020,09:20:39,3100,2974.55,220,3119.55,20,0,220
BANKNIFTY27FEB2029000CE.NFO,07/01/2020,09:20:40,3100,2974.55,220,3119.45,20,0,220
BANKNIFTY27FEB2029000CE.NFO,07/01/2020,09:20:41,3100,2974.55,220,3119.4,40,0,220
BANKNIFTY27FEB2029000CE.NFO,07/01/2020,09:20:42,3100,2974.55,220,3118.8,40,0,220
BANKNIFTY27FEB2029000CE.NFO,07/01/2020,09:20:43,3100,2974.55,220,3096.55,20,0,220
BANKNIFTY27FEB2029000CE.NFO,07/01/2020,09:20:45,3100,2974.55,220,3123.05,20,0,220
BANKNIFTY27FEB2029000CE.NFO,07/01/2020,09:20:46,3100,2974.55,220,3137.25,20,0,220
BANKNIFTY27FEB2029000CE.NFO,07/01/2020,09:20:47,3100,2974.55,220,3126.05,20,0,220
BANKNIFTY27FEB2029000CE.NFO,07/01/2020,09:20:48,3100,2974.55,220,3103.15,20,0,220
BANKNIFTY27FEB2029000CE.NFO,07/01/2020,09:20:49,3100,2974.55,220,3118.4,20,0,220
BANKNIFTY27FEB2029000CE.NFO,07/01/2020,09:20:51,3100,2974.55,220,3084.4,20,0,220
BANKNIFTY27FEB2029000CE.NFO,07/01/2020,09:20:52,3100,2974.55,220,3109.45,20,0,220
BANKNIFTY27FEB2029000CE.NFO,07/01/2020,09:20:59,3100,2974.55,220,3108.85,20,0,220
BANKNIFTY27FEB2029000CE.NFO,07/01/2020,09:21:01,3100,2974.55,220,3108.75,20,0,220
BANKNIFTY27FEB2029000CE.NFO,07/01/2020,09:21:03,3100,2974.55,220,3081.85,20,0,220
BANKNIFTY27FEB2029000CE.NFO,07/01/2020,09:21:04,3100,2974.55,220,3105.15,20,0,220
BANKNIFTY27FEB2029000CE.NFO,07/01/2020,09:21:05,3100,2974.55,220,3111.9,20,0,220
BANKNIFTY27FEB2029000CE.NFO,07/01/2020,09:21:06,3100,2974.55,220,3128.7,20,0,220
BANKNIFTY27FEB2029000CE.NFO,07/01/2020,09:21:08,3100,2974.55,220,3107.65,20,0,220
BANKNIFTY27FEB2029000CE.NFO,07/01/2020,09:21:09,3100,2974.55,220,3110.05,20,0,220
BANKNIFTY27FEB2029000CE.NFO,07/01/2020,09:21:10,3100,2974.55,220,3082.7,20,0,220
BANKNIFTY27FEB2029000CE.NFO,07/01/2020,09:21:11,3100,2974.55,220,3119.05,20,0,220
BANKNIFTY27FEB2029000CE.NFO,07/01/2020,09:21:12,3100,2974.55,220,3132.8,20,0,220
BANKNIFTY27FEB2029000CE.NFO,07/01/2020,09:21:13,3100,2974.55,220,3149.95,20,0,220
BANKNIFTY27FEB2029000CE.NFO,07/01/2020,09:21:15,3100,2977.35,40,3123.25,20,0,220
BANKNIFTY27FEB2029000CE.NFO,07/01/2020,09:21:16,3100,2977.5,20,3118.1,20,0,220
BANKNIFTY27FEB2029000CE.NFO,07/01/2020,09:21:17,3100,2978.7,20,3126.95,20,0,220
BANKNIFTY27FEB2029000CE.NFO,07/01/2020,09:21:18,3100,3000.3,20,3136.1,20,0,220
BANKNIFTY27FEB2029000CE.NFO,07/01/2020,09:21:19,3100,2993.2,20,3125.05,20,0,220
BANKNIFTY27FEB2029000CE.NFO,07/01/2020,09:21:21,3100,3002.1,20,3130.1,20,0,220
BANKNIFTY27FEB2029000CE.NFO,07/01/2020,09:21:22,3100,3009.4,20,3149.95,20,0,220
BANKNIFTY27FEB2029000CE.NFO,07/01/2020,09:21:23,3100,3009.45,200,3144.25,20,0,220
BANKNIFTY27FEB2029000CE.NFO,07/01/2020,09:21:24,3100,2992.7,20,3264.1,20,0,220
BANKNIFTY27FEB2029000CE.NFO,07/01/2020,09:21:26,3100,2978.6,20,3176.9,20,0,220
BANKNIFTY27FEB2029000CE.NFO,07/01/2020,09:21:27,3100,2978.7,20,3199.05,20,0,220
BANKNIFTY27FEB2029000CE.NFO,07/01/2020,09:21:28,3100,2993.35,20,3196.8,40,0,220
BANKNIFTY27FEB2029000CE.NFO,07/01/2020,09:21:29,3100,2999.45,20,3195.2,40,0,220
BANKNIFTY27FEB2029000CE.NFO,07/01/2020,09:21:30,3100,2998.8,20,3226,20,0,220
BANKNIFTY27FEB2029000CE.NFO,07/01/2020,09:21:32,3100,2990.2,20,3164.5,20,0,220
BANKNIFTY27FEB2029000CE.NFO,07/01/2020,09:21:33,3100,2990.3,20,3188.5,20,0,220
BANKNIFTY27FEB2029000CE.NFO,07/01/2020,09:21:34,3100,2996,20,3162.7,20,0,220
BANKNIFTY27FEB2029000CE.NFO,07/01/2020,09:21:35,3100,2996.1,20,3163.9,20,0,220
BANKNIFTY27FEB2029000CE.NFO,07/01/2020,09:21:36,3100,2998.65,20,3161.8,20,0,220
BANKNIFTY27FEB2029000CE.NFO,07/01/2020,09:21:37,3100,2998.75,20,3185.45,20,0,220
BANKNIFTY27FEB2029000CE.NFO,07/01/2020,09:21:38,3100,2999.55,20,3159.75,20,0,220
BANKNIFTY27FEB2029000CE.NFO,07/01/2020,09:21:40,3100,2996.4,20,3183.6,20,0,220
BANKNIFTY27FEB2029000CE.NFO,07/01/2020,09:21:41,3100,2996.5,20,3247.55,20,0,220
BANKNIFTY27FEB2029000CE.NFO,07/01/2020,09:21:42,3100,3006.15,20,3160.3,20,0,220
BANKNIFTY27FEB2029000CE.NFO,07/01/2020,09:21:43,3100,3006.2,200,3183.75,20,0,220
BANKNIFTY27FEB2029000CE.NFO,07/01/2020,09:21:44,3100,3000.15,20,3191.35,20,0,220
BANKNIFTY27FEB2029000CE.NFO,07/01/2020,09:21:45,3100,3000.25,20,3170.9,20,0,220
BANKNIFTY27FEB2029000CE.NFO,07/01/2020,09:21:47,3100,3000.35,20,3223.8,20,0,220
BANKNIFTY27FEB2029000CE.NFO,07/01/2020,09:21:48,3100,3000.45,20,3194.55,20,0,220
BANKNIFTY27FEB2029000CE.NFO,07/01/2020,09:21:49,3100,3000.55,20,3188.75,20,0,220
BANKNIFTY27FEB2029000CE.NFO,07/01/2020,09:21:51,3100,3000.65,20,3253.25,20,0,220
BANKNIFTY27FEB2029000CE.NFO,07/01/2020,09:21:52,3100,3010.35,20,3161.5,20,0,220
BANKNIFTY27FEB2029000CE.NFO,07/01/2020,09:21:53,3100,3010.45,20,3249.4,20,0,220
BANKNIFTY27FEB2029000CE.NFO,07/01/2020,09:21:54,3100,3014.8,20,3190.1,20,0,220
BANKNIFTY27FEB2029000CE.NFO,07/01/2020,09:21:55,3100,3001.05,20,3182.7,20,0,220
BANKNIFTY27FEB2029000CE.NFO,07/01/2020,09:21:57,3100,3010.25,20,3180.75,20,0,220
BANKNIFTY27FEB2029000CE.NFO,07/01/2020,09:21:58,3100,3010.35,20,3158.45,20,0,220
BANKNIFTY27FEB2029000CE.NFO,07/01/2020,09:21:59,3100,3010.45,20,3184.6,40,0,220
BANKNIFTY27FEB2029000CE.NFO,07/01/2020,09:22:00,3100,3017,20,3216.7,20,0,220
BANKNIFTY27FEB2029000CE.NFO,07/01/2020,09:22:01,3100,3001.6,200,3186.15,20,0,220
BANKNIFTY27FEB2029000CE.NFO,07/01/2020,09:22:02,3100,3014.3,20,3183.65,20,0,220
BANKNIFTY27FEB2029000CE.NFO,07/01/2020,09:22:04,3100,3014.4,20,3182.65,20,0,220
BANKNIFTY27FEB2029000CE.NFO,07/01/2020,09:22:05,3100,3014.45,200,3223.8,20,0,220
BANKNIFTY27FEB2029000CE.NFO,07/01/2020,09:22:06,3100,3014.55,200,3167.3,20,0,220
BANKNIFTY27FEB2029000CE.NFO,07/01/2020,09:22:07,3100,3026,20,3190.85,20,0,220
BANKNIFTY27FEB2029000CE.NFO,07/01/2020,09:22:09,3100,3020.05,20,3191.6,20,0,220
BANKNIFTY27FEB2029000CE.NFO,07/01/2020,09:22:10,3100,3020.15,20,3162.2,20,0,220
BANKNIFTY27FEB2029000CE.NFO,07/01/2020,09:22:11,3100,3020.25,20,3191.3,20,0,220
BANKNIFTY27FEB2029000CE.NFO,07/01/2020,09:22:12,3100,3020.35,20,3184.9,20,0,220
BANKNIFTY27FEB2029000CE.NFO,07/01/2020,09:22:14,3100,3026.4,20,3162,20,0,220
BANKNIFTY27FEB2029000CE.NFO,07/01/2020,09:22:15,3100,3026.45,200,3157.8,20,0,220
BANKNIFTY27FEB2029000CE.NFO,07/01/2020,09:22:16,3100,2995.85,20,3180.95,20,0,220
BANKNIFTY27FEB2029000CE.NFO,07/01/2020,09:22:17,3100,2999.75,20,3191.45,20,0,220
BANKNIFTY27FEB2029000CE.NFO,07/01/2020,09:22:18,3100,3016.3,200,3186.6,20,0,220
BANKNIFTY27FEB2029000CE.NFO,07/01/2020,09:22:19,3100,3010.6,20,3185.6,40,0,220
BANKNIFTY27FEB2029000CE.NFO,07/01/2020,09:22:20,3100,3010.7,20,3184.2,40,0,220
BANKNIFTY27FEB2029000CE.NFO,07/01/2020,09:22:22,3100,3021,20,3180.8,20,0,220
BANKNIFTY27FEB2029000CE.NFO,07/01/2020,09:22:23,3100,3021.1,20,3181.5,20,0,220
BANKNIFTY27FEB2029000CE.NFO,07/01/2020,09:22:24,3100,3021.15,200,3174.7,20,0,220
BANKNIFTY27FEB2029000CE.NFO,07/01/2020,09:22:25,3100,3011.1,20,3173.5,20,0,220
BANKNIFTY27FEB2029000CE.NFO,07/01/2020,09:22:26,3100,3011.2,20,3244.4,20,0,220
BANKNIFTY27FEB2029000CE.NFO,07/01/2020,09:22:27,3100,3011.3,20,3182.45,20,0,220
BANKNIFTY27FEB2029000CE.NFO,07/01/2020,09:22:28,3100,3029.25,20,3179.85,20,0,220
BANKNIFTY27FEB2029000CE.NFO,07/01/2020,09:22:30,3100,3021.6,20,3179.4,20,0,220
BANKNIFTY27FEB2029000CE.NFO,07/01/2020,09:22:31,3100,3021.7,20,3185.65,20,0,220
BANKNIFTY27FEB2029000CE.NFO,07/01/2020,09:22:32,3100,3021.8,20,3177.3,20,0,220
BANKNIFTY27FEB2029000CE.NFO,07/01/2020,09:22:33,3100,3021.9,20,3191.35,40,0,220
BANKNIFTY27FEB2029000CE.NFO,07/01/2020,09:22:34,3100,3022,20,3177.6,20,0,220
BANKNIFTY27FEB2029000CE.NFO,07/01/2020,09:22:35,3100,3022.1,20,3238.7,20,0,220
BANKNIFTY27FEB2029000CE.NFO,07/01/2020,09:22:36,3100,3022.2,20,3176.5,40,0,220
BANKNIFTY27FEB2029000CE.NFO,07/01/2020,09:22:37,3100,3026.3,20,3173.7,20,0,220
BANKNIFTY27FEB2029000CE.NFO,07/01/2020,09:22:39,3100,3026.4,20,3147.75,20,0,220
BANKNIFTY27FEB2029000CE.NFO,07/01/2020,09:22:40,3100,3026.5,20,3171.2,20,0,220
BANKNIFTY27FEB2029000CE.NFO,07/01/2020,09:22:41,3100,3026.6,20,3169.7,40,0,220
BANKNIFTY27FEB2029000CE.NFO,07/01/2020,09:22:42,3100,3026.7,20,3168.8,20,0,220
BANKNIFTY27FEB2029000CE.NFO,07/01/2020,09:22:43,3100,3026.8,20,3171.55,20,0,220
BANKNIFTY27FEB2029000CE.NFO,07/01/2020,09:22:44,3100,3031,200,3142.05,20,0,220
BANKNIFTY27FEB2029000CE.NFO,07/01/2020,09:22:45,3100,3027.05,200,3173,40,0,220
BANKNIFTY27FEB2029000CE.NFO,07/01/2020,09:22:47,3100,3031.15,20,3164.15,20,0,220
BANKNIFTY27FEB2029000CE.NFO,07/01/2020,09:22:48,3100,2999.7,20,3195.2,20,0,220
BANKNIFTY27FEB2029000CE.NFO,07/01/2020,09:22:49,3100,3001.7,20,3167.1,20,0,220
BANKNIFTY27FEB2029000CE.NFO,07/01/2020,09:22:50,3100,3016.6,20,3225.6,20,0,220
BANKNIFTY27FEB2029000CE.NFO,07/01/2020,09:22:51,3100,3016.7,20,3162.75,20,0,220
BANKNIFTY27FEB2029000CE.NFO,07/01/2020,09:22:52,3100,3016.8,20,3227.5,20,0,220
BANKNIFTY27FEB2029000CE.NFO,07/01/2020,09:22:53,3100,3016.9,20,3167.65,20,0,220
BANKNIFTY27FEB2029000CE.NFO,07/01/2020,09:22:54,3100,3024.45,20,3213.45,40,0,220
BANKNIFTY27FEB2029000CE.NFO,07/01/2020,09:22:56,3100,3024.65,20,3214.45,20,0,220
BANKNIFTY27FEB2029000CE.NFO,07/01/2020,09:22:57,3100,3030.85,20,3211.95,20,0,220
BANKNIFTY27FEB2029000CE.NFO,07/01/2020,09:22:58,3100,3030.95,20,3210.65,20,0,220
BANKNIFTY27FEB2029000CE.NFO,07/01/2020,09:22:59,3100,3024.95,20,3217.2,40,0,220
BANKNIFTY27FEB2029000CE.NFO,07/01/2020,09:23:00,3100,3025.05,20,3176.3,20,0,220
BANKNIFTY27FEB2029000CE.NFO,07/01/2020,09:23:02,3100,3030.2,20,3148.75,20,0,220
BANKNIFTY27FEB2029000CE.NFO,07/01/2020,09:23:03,3100,3032.85,20,3235,20,0,220
BANKNIFTY27FEB2029000CE.NFO,07/01/2020,09:23:04,3100,3034.15,20,3150.65,20,0,220
BANKNIFTY27FEB2029000CE.NFO,07/01/2020,09:23:05,3100,3033.05,20,3173.5,20,0,220
BANKNIFTY27FEB2029000CE.NFO,07/01/2020,09:23:07,3100,3030.7,20,3188.65,20,0,220
BANKNIFTY27FEB2029000CE.NFO,07/01/2020,09:23:08,3100,3035.15,20,3174.25,20,0,220
BANKNIFTY27FEB2029000CE.NFO,07/01/2020,09:23:09,3100,3037.5,20,3172.05,20,0,220
BANKNIFTY27FEB2029000CE.NFO,07/01/2020,09:23:11,3100,3037.95,200,3150.45,20,0,220
BANKNIFTY27FEB2029000CE.NFO,07/01/2020,09:23:12,3100,3021.35,20,3171.7,20,0,220
BANKNIFTY27FEB2029000CE.NFO,07/01/2020,09:23:13,3100,3007,20,3169.75,20,0,220
BANKNIFTY27FEB2029000CE.NFO,07/01/2020,09:23:14,3100,3031.9,20,3134.5,20,0,220
BANKNIFTY27FEB2029000CE.NFO,07/01/2020,09:23:15,3100,3032,20,3133.55,20,0,220
BANKNIFTY27FEB2029000CE.NFO,07/01/2020,09:23:17,3100,3032.05,200,3142.45,20,0,220
BANKNIFTY27FEB2029000CE.NFO,07/01/2020,09:23:18,3100,3026.5,20,3159.85,20,0,220
BANKNIFTY27FEB2029000CE.NFO,07/01/2020,09:23:19,3100,3026.6,20,3159.4,20,0,220
BANKNIFTY27FEB2029000CE.NFO,07/01/2020,09:23:20,3100,3029.4,20,3175.15,20,0,220
BANKNIFTY27FEB2029000CE.NFO,07/01/2020,09:23:21,3100,3029.7,20,3163.3,20,0,220
BANKNIFTY27FEB2029000CE.NFO,07/01/2020,09:23:22,3100,3026.85,200,3132.8,20,0,220
BANKNIFTY27FEB2029000CE.NFO,07/01/2020,09:23:23,3100,3022.2,20,3154.3,20,0,220
BANKNIFTY27FEB2029000CE.NFO,07/01/2020,09:23:24,3100,3022.3,20,3162.2,20,0,220
BANKNIFTY27FEB2029000CE.NFO,07/01/2020,09:23:26,3100,3022.4,20,3128.6,20,0,220
BANKNIFTY27FEB2029000CE.NFO,07/01/2020,09:23:27,3100,3027.2,20,3157.35,20,0,220
BANKNIFTY27FEB2029000CE.NFO,07/01/2020,09:23:28,3100,3022.6,20,3152.15,40,0,220
BANKNIFTY27FEB2029000CE.NFO,07/01/2020,09:23:29,3100,3022.7,20,3151.4,20,0,220
BANKNIFTY27FEB2029000CE.NFO,07/01/2020,09:23:30,3100,3022.8,20,3129.45,20,0,220
BANKNIFTY27FEB2029000CE.NFO,07/01/2020,09:23:31,3100,3022.9,20,3127.9,20,0,220
BANKNIFTY27FEB2029000CE.NFO,07/01/2020,09:23:33,3100,3023,20,3162.15,20,0,220
BANKNIFTY27FEB2029000CE.NFO,07/01/2020,09:23:34,3100,3023.1,20,3129.5,20,0,220
BANKNIFTY27FEB2029000CE.NFO,07/01/2020,09:23:35,3100,3023.2,20,3154.75,40,0,220
BANKNIFTY27FEB2029000CE.NFO,07/01/2020,09:23:36,3100,3027.65,20,3153.15,20,0,220
BANKNIFTY27FEB2029000CE.NFO,07/01/2020,09:23:37,3100,3027.75,20,3124.55,20,0,220
BANKNIFTY27FEB2029000CE.NFO,07/01/2020,09:23:38,3100,3027.85,20,3164.8,20,0,220
BANKNIFTY27FEB2029000CE.NFO,07/01/2020,09:23:39,3100,3029.6,20,3146.05,20,0,220
BANKNIFTY27FEB2029000CE.NFO,07/01/2020,09:23:41,3100,3029.85,20,3145.45,20,0,220
BANKNIFTY27FEB2029000CE.NFO,07/01/2020,09:23:42,3100,3030,20,3147.25,20,0,220
BANKNIFTY27FEB2029000CE.NFO,07/01/2020,09:23:43,3100,3030.05,220,3145.55,20,0,220
BANKNIFTY27FEB2029000CE.NFO,07/01/2020,09:23:44,3100,3030.1,200,3145.55,20,0,220
BANKNIFTY27FEB2029000CE.NFO,07/01/2020,09:23:45,3100,3029.7,20,3145.55,20,0,220
BANKNIFTY27FEB2029000CE.NFO,07/01/2020,09:23:46,3100,3030,20,3145.55,20,0,220
BANKNIFTY27FEB2029000CE.NFO,07/01/2020,09:23:47,3100,3030.05,220,3145.55,20,0,220
BANKNIFTY27FEB2029000CE.NFO,07/01/2020,09:23:52,3100,3030.05,220,3122.45,20,0,220
BANKNIFTY27FEB2029000CE.NFO,07/01/2020,09:23:53,3100,3030.05,220,3149.45,20,0,220
BANKNIFTY27FEB2029000CE.NFO,07/01/2020,09:23:54,3100,3030.05,220,3164.1,20,0,220
BANKNIFTY27FEB2029000CE.NFO,07/01/2020,09:23:56,3100,3030.05,220,3149.85,20,0,220
BANKNIFTY27FEB2029000CE.NFO,07/01/2020,09:23:57,3100,3030.05,220,3149.5,20,0,220
BANKNIFTY27FEB2029000CE.NFO,07/01/2020,09:23:58,3100,3030.05,220,3137.45,20,0,220
BANKNIFTY27FEB2029000CE.NFO,07/01/2020,09:23:59,3100,3030.05,220,3157.9,20,0,220
BANKNIFTY27FEB2029000CE.NFO,07/01/2020,09:24:00,3100,3030.05,220,3154.5,20,0,220
BANKNIFTY27FEB2029000CE.NFO,07/01/2020,09:24:01,3100,3030.05,220,3185.95,20,0,220
BANKNIFTY27FEB2029000CE.NFO,07/01/2020,09:24:03,3100,3030.05,220,3126.95,20,0,220
BANKNIFTY27FEB2029000CE.NFO,07/01/2020,09:24:31,3100,2998.4,20,3126.95,20,0,220
BANKNIFTY27FEB2029000CE.NFO,07/01/2020,09:24:32,3100,3010.7,20,3126.95,20,0,220
BANKNIFTY27FEB2029000CE.NFO,07/01/2020,09:24:33,3100,3010.8,20,3126.95,20,0,220
BANKNIFTY27FEB2029000CE.NFO,07/01/2020,09:24:34,3100,3020.55,20,3126.95,20,0,220
BANKNIFTY27FEB2029000CE.NFO,07/01/2020,09:24:36,3100,2988.8,20,3126.95,20,0,220
BANKNIFTY27FEB2029000CE.NFO,07/01/2020,09:24:37,3100,2988.9,60,3126.95,20,0,220
BANKNIFTY27FEB2029000CE.NFO,07/01/2020,09:24:38,3100,2989.1,20,3126.95,20,0,220
BANKNIFTY27FEB2029000CE.NFO,07/01/2020,09:24:39,3100,3003.3,200,3126.95,20,0,220
BANKNIFTY27FEB2029000CE.NFO,07/01/2020,09:24:40,3100,2989.4,20,3126.95,20,0,220
BANKNIFTY27FEB2029000CE.NFO,07/01/2020,09:24:42,3100,3002,20,3126.95,20,0,220
BANKNIFTY27FEB2029000CE.NFO,07/01/2020,09:24:43,3100,3000.65,20,3126.95,20,0,220
BANKNIFTY27FEB2029000CE.NFO,07/01/2020,09:24:44,3100,3000.85,20,3126.95,20,0,220
BANKNIFTY27FEB2029000CE.NFO,07/01/2020,09:24:45,3100,3006.85,20,3124.95,20,0,220
BANKNIFTY27FEB2029000CE.NFO,07/01/2020,09:24:47,3100,3005.05,200,3123,20,0,220
BANKNIFTY27FEB2029000CE.NFO,07/01/2020,09:24:48,3100,2991.45,20,3121.5,20,0,220
BANKNIFTY27FEB2029000CE.NFO,07/01/2020,09:24:49,3100,2975.85,20,3121.5,20,0,220
BANKNIFTY27FEB2029000CE.NFO,07/01/2020,09:24:50,3100,2997.4,20,3121.5,20,0,220
BANKNIFTY27FEB2029000CE.NFO,07/01/2020,09:24:51,3100,2990.4,200,3124.95,20,0,220
BANKNIFTY27FEB2029000CE.NFO,07/01/2020,09:24:53,3100,2977,40,3124.95,20,0,220
BANKNIFTY27FEB2029000CE.NFO,07/01/2020,09:24:54,3100,2976.9,20,3125,40,0,220
BANKNIFTY27FEB2029000CE.NFO,07/01/2020,09:24:55,3100,2979.25,20,3125,40,0,220
BANKNIFTY27FEB2029000CE.NFO,07/01/2020,09:24:56,3100,2979.65,20,3124.55,20,0,220
BANKNIFTY27FEB2029000CE.NFO,07/01/2020,09:24:57,3100,2979.85,20,3125,40,0,220
BANKNIFTY27FEB2029000CE.NFO,07/01/2020,09:24:58,3100,2979.95,20,3125,40,0,220
BANKNIFTY27FEB2029000CE.NFO,07/01/2020,09:25:00,3100,2977.85,20,3125,40,0,220
BANKNIFTY27FEB2029000CE.NFO,07/01/2020,09:25:01,3100,2977.95,20,3125,40,0,220
BANKNIFTY27FEB2029000CE.NFO,07/01/2020,09:25:02,3100,2982.45,20,3125,40,0,220
BANKNIFTY27FEB2029000CE.NFO,07/01/2020,09:25:04,3100,2982.55,20,3125,40,0,220
BANKNIFTY27FEB2029000CE.NFO,07/01/2020,09:25:05,3100,2982.75,20,3125,40,0,220
BANKNIFTY27FEB2029000CE.NFO,07/01/2020,09:25:06,3100,2983.55,20,3125,40,0,220
BANKNIFTY27FEB2029000CE.NFO,07/01/2020,09:25:07,3100,2985.1,20,3125,40,0,220
BANKNIFTY27FEB2029000CE.NFO,07/01/2020,09:25:09,3100,2985.15,200,3125,40,0,220
BANKNIFTY27FEB2029000CE.NFO,07/01/2020,09:25:10,3100,2985.2,200,3125,40,0,220
BANKNIFTY27FEB2029000CE.NFO,07/01/2020,09:25:11,3100,2984.3,200,3125,40,0,220
BANKNIFTY27FEB2029000CE.NFO,07/01/2020,09:25:12,3100,2982.35,20,3125,40,0,220
BANKNIFTY27FEB2029000CE.NFO,07/01/2020,09:25:14,3100,2982.95,20,3125,40,0,220
BANKNIFTY27FEB2029000CE.NFO,07/01/2020,09:25:15,3100,2981.15,20,3125,40,0,220
BANKNIFTY27FEB2029000CE.NFO,07/01/2020,09:25:16,3100,2982.3,200,3125,40,0,220
BANKNIFTY27FEB2029000CE.NFO,07/01/2020,09:25:17,3100,2980.1,40,3125,40,0,220
BANKNIFTY27FEB2029000CE.NFO,07/01/2020,09:25:18,3100,2980.2,40,3125,40,0,220
BANKNIFTY27FEB2029000CE.NFO,07/01/2020,09:25:19,3100,2980.9,200,3125,40,0,220
BANKNIFTY27FEB2029000CE.NFO,07/01/2020,09:25:21,3100,2982.3,40,3125,40,0,220
BANKNIFTY27FEB2029000CE.NFO,07/01/2020,09:25:22,3100,2981.15,40,3125,40,0,220
BANKNIFTY27FEB2029000CE.NFO,07/01/2020,09:25:23,3100,2983.85,20,3125,40,0,220
BANKNIFTY27FEB2029000CE.NFO,07/01/2020,09:25:24,3100,2984.9,200,3125,40,0,220
BANKNIFTY27FEB2029000CE.NFO,07/01/2020,09:25:26,3100,2984.4,200,3125,40,0,220
BANKNIFTY27FEB2029000CE.NFO,07/01/2020,09:25:27,3100,2982.15,20,3125,40,0,220
BANKNIFTY27FEB2029000CE.NFO,07/01/2020,09:25:28,3100,2982.25,20,3125,40,0,220
BANKNIFTY27FEB2029000CE.NFO,07/01/2020,09:25:29,3100,2983.6,40,3125,40,0,220
BANKNIFTY27FEB2029000CE.NFO,07/01/2020,09:25:30,3100,2982.7,40,3125,40,0,220
BANKNIFTY27FEB2029000CE.NFO,07/01/2020,09:25:31,3100,2980.35,20,3125,40,0,220
BANKNIFTY27FEB2029000CE.NFO,07/01/2020,09:25:33,3100,2980.45,20,3125,40,0,220
BANKNIFTY27FEB2029000CE.NFO,07/01/2020,09:25:34,3100,2981.05,40,3125,40,0,220
BANKNIFTY27FEB2029000CE.NFO,07/01/2020,09:25:35,3100,2981.8,40,3125,40,0,220
BANKNIFTY27FEB2029000CE.NFO,07/01/2020,09:25:36,3100,2981.95,200,3125,40,0,220
BANKNIFTY27FEB2029000CE.NFO,07/01/2020,09:25:37,3100,2980.85,20,3125,40,0,220
BANKNIFTY27FEB2029000CE.NFO,07/01/2020,09:25:39,3100,2981.45,20,3125,40,0,220
BANKNIFTY27FEB2029000CE.NFO,07/01/2020,09:25:40,3100,2981.6,200,3125,40,0,220
BANKNIFTY27FEB2029000CE.NFO,07/01/2020,09:25:41,3100,2980.85,20,3125,40,0,220
BANKNIFTY27FEB2029000CE.NFO,07/01/2020,09:25:42,3100,2981.75,20,3125,40,0,220
BANKNIFTY27FEB2029000CE.NFO,07/01/2020,09:25:43,3100,2981.95,220,3125,40,0,220
BANKNIFTY27FEB2029000CE.NFO,07/01/2020,09:25:45,3100,2980.5,40,3124.8,20,0,220
BANKNIFTY27FEB2029000CE.NFO,07/01/2020,09:25:46,3100,2980.65,200,3124.8,20,0,220
BANKNIFTY27FEB2029000CE.NFO,07/01/2020,09:25:47,3100,2980.1,200,3124.8,20,0,220
BANKNIFTY27FEB2029000CE.NFO,07/01/2020,09:25:48,3100,2980.95,20,3125,40,0,220
BANKNIFTY27FEB2029000CE.NFO,07/01/2020,09:25:49,3100,2981,200,3125,40,0,220
BANKNIFTY27FEB2029000CE.NFO,07/01/2020,09:25:51,3100,2980.1,200,3125,40,0,220
BANKNIFTY27FEB2029000CE.NFO,07/01/2020,09:26:02,3100,2980.1,200,3124.9,20,0,220
BANKNIFTY27FEB2029000CE.NFO,07/01/2020,09:26:39,3100,2996.05,200,3066.2,20,0,220
BANKNIFTY27FEB2029000CE.NFO,07/01/2020,09:26:40,3100,2980.1,200,3115.6,20,0,220
BANKNIFTY27FEB2029000CE.NFO,07/01/2020,09:26:42,3100,2985.3,20,3108.95,20,0,220
BANKNIFTY27FEB2029000CE.NFO,07/01/2020,09:26:43,3100,2985.4,20,3111.8,20,0,220
BANKNIFTY27FEB2029000CE.NFO,07/01/2020,09:26:44,3100,2980.45,20,3116,20,0,220
BANKNIFTY27FEB2029000CE.NFO,07/01/2020,09:26:45,3100,2980.55,20,3114.5,20,0,220
BANKNIFTY27FEB2029000CE.NFO,07/01/2020,09:26:47,3100,2980.65,20,3114.25,20,0,220
BANKNIFTY27FEB2029000CE.NFO,07/01/2020,09:26:48,3100,2989.6,20,3089,20,0,220
BANKNIFTY27FEB2029000CE.NFO,07/01/2020,09:26:49,3100,2990.45,20,3111.1,20,0,220
BANKNIFTY27FEB2029000CE.NFO,07/01/2020,09:26:50,3100,2980.1,200,3124.8,20,0,220
BANKNIFTY27FEB2029000CE.NFO,07/01/2020,09:26:51,3100,2984.85,20,3110.9,20,0,220
BANKNIFTY27FEB2029000CE.NFO,07/01/2020,09:26:52,3100,2985.05,20,3108.85,20,0,220
BANKNIFTY27FEB2029000CE.NFO,07/01/2020,09:26:54,3100,2985.4,20,3108.2,20,0,220
BANKNIFTY27FEB2029000CE.NFO,07/01/2020,09:26:55,3100,2980.2,200,3085.3,20,0,220
BANKNIFTY27FEB2029000CE.NFO,07/01/2020,09:26:56,3100,2984.45,200,3110,20,0,220
BANKNIFTY27FEB2029000CE.NFO,07/01/2020,09:26:57,3100,2980.45,20,3117.05,20,0,220
BANKNIFTY27FEB2029000CE.NFO,07/01/2020,09:26:58,3100,2980.55,20,3109.15,20,0,220
BANKNIFTY27FEB2029000CE.NFO,07/01/2020,09:26:59,3100,2980.65,20,3082.55,20,0,220
BANKNIFTY27FEB2029000CE.NFO,07/01/2020,09:27:01,3100,2985.15,20,3084.7,20,0,220
BANKNIFTY27FEB2029000CE.NFO,07/01/2020,09:27:02,3100,2984.3,200,3086.15,20,0,220
BANKNIFTY27FEB2029000CE.NFO,07/01/2020,09:27:03,3100,2981.05,20,3081.45,20,0,220
BANKNIFTY27FEB2029000CE.NFO,07/01/2020,09:27:04,3100,2981.15,20,3084.25,20,0,220
BANKNIFTY27FEB2029000CE.NFO,07/01/2020,09:27:06,3100,2981.3,200,3116.25,20,0,220
BANKNIFTY27FEB2029000CE.NFO,07/01/2020,09:27:07,3100,2983.9,20,3106.95,20,0,220
BANKNIFTY27FEB2029000CE.NFO,07/01/2020,09:27:08,3100,2984,20,3109.85,20,0,220
BANKNIFTY27FEB2029000CE.NFO,07/01/2020,09:27:09,3100,2981.65,20,3124.95,20,0,220
BANKNIFTY27FEB2029000CE.NFO,07/01/2020,09:27:10,3100,2981.75,20,3111.85,20,0,220
BANKNIFTY27FEB2029000CE.NFO,07/01/2020,09:27:11,3100,2981.85,20,3124.95,20,0,220
BANKNIFTY27FEB2029000CE.NFO,07/01/2020,09:27:13,3100,2981.95,20,3113.05,20,0,220
BANKNIFTY27FEB2029000CE.NFO,07/01/2020,09:27:14,3100,2982.05,20,3113.25,20,0,220
BANKNIFTY27FEB2029000CE.NFO,07/01/2020,09:27:15,3100,2982.15,20,3090.4,20,0,220
BANKNIFTY27FEB2029000CE.NFO,07/01/2020,09:27:16,3100,2982.25,20,3117,20,0,220
BANKNIFTY27FEB2029000CE.NFO,07/01/2020,09:27:17,3100,2982.35,20,3119.65,20,0,220
BANKNIFTY27FEB2029000CE.NFO,07/01/2020,09:27:18,3100,2982.45,20,3113.65,20,0,220
BANKNIFTY27FEB2029000CE.NFO,07/01/2020,09:27:20,3100,2982.55,20,3101.95,20,0,220
BANKNIFTY27FEB2029000CE.NFO,07/01/2020,09:27:21,3100,2985.15,200,3101.95,20,0,220
BANKNIFTY27FEB2029000CE.NFO,07/01/2020,09:27:22,3100,2989.45,20,3101.95,20,0,220
BANKNIFTY27FEB2029000CE.NFO,07/01/2020,09:27:23,3100,2992.8,20,3101.95,20,0,220
BANKNIFTY27FEB2029000CE.NFO,07/01/2020,09:27:24,3100,2996.05,200,3101.95,20,0,220
BANKNIFTY27FEB2029000CE.NFO,07/01/2020,09:27:26,3100,2995.1,20,3101.95,20,0,220
BANKNIFTY27FEB2029000CE.NFO,07/01/2020,09:27:27,3100,2996.8,20,3101.95,20,0,220
BANKNIFTY27FEB2029000CE.NFO,07/01/2020,09:27:28,3100,2997.1,20,3101.95,20,0,220
BANKNIFTY27FEB2029000CE.NFO,07/01/2020,09:27:29,3100,2997.15,200,3101.95,20,0,220
BANKNIFTY27FEB2029000CE.NFO,07/01/2020,09:27:30,3100,2987.45,20,3101.95,20,0,220
BANKNIFTY27FEB2029000CE.NFO,07/01/2020,09:27:32,3100,2987.55,20,3101.95,20,0,220
BANKNIFTY27FEB2029000CE.NFO,07/01/2020,09:27:33,3100,2980.45,20,3101.95,20,0,220
BANKNIFTY27FEB2029000CE.NFO,07/01/2020,09:27:34,3100,2980.55,20,3101.95,20,0,220
BANKNIFTY27FEB2029000CE.NFO,07/01/2020,09:27:35,3100,2980.65,20,3101.95,20,0,220
BANKNIFTY27FEB2029000CE.NFO,07/01/2020,09:27:36,3100,2992.2,20,3101.95,20,0,220
BANKNIFTY27FEB2029000CE.NFO,07/01/2020,09:27:38,3100,2986.85,20,3101.95,20,0,220
BANKNIFTY27FEB2029000CE.NFO,07/01/2020,09:27:39,3100,2992.55,20,3101.95,20,0,220
BANKNIFTY27FEB2029000CE.NFO,07/01/2020,09:27:40,3100,2987.05,20,3101.95,20,0,220
BANKNIFTY27FEB2029000CE.NFO,07/01/2020,09:27:41,3100,2987.15,20,3101.95,20,0,220
BANKNIFTY27FEB2029000CE.NFO,07/01/2020,09:27:42,3100,2992.8,200,3101.95,20,0,220
BANKNIFTY27FEB2029000CE.NFO,07/01/2020,09:27:43,3100,2987.35,20,3101.95,20,0,220
BANKNIFTY27FEB2029000CE.NFO,07/01/2020,09:27:45,3100,2987.45,20,3101.95,20,0,220
BANKNIFTY27FEB2029000CE.NFO,07/01/2020,09:27:46,3100,2995.7,20,3101.95,20,0,220
BANKNIFTY27FEB2029000CE.NFO,07/01/2020,09:27:47,3100,2996.05,200,3101.95,20,0,220
BANKNIFTY27FEB2029000CE.NFO,07/01/2020,09:27:48,3100,2996.15,220,3101.95,20,0,220
BANKNIFTY27FEB2029000CE.NFO,07/01/2020,09:27:49,3100,2980.15,20,3101.95,20,0,220
BANKNIFTY27FEB2029000CE.NFO,07/01/2020,09:27:51,3100,2980.25,20,3101.95,20,0,220
BANKNIFTY27FEB2029000CE.NFO,07/01/2020,09:27:52,3100,2980.35,20,3101.95,20,0,220
BANKNIFTY27FEB2029000CE.NFO,07/01/2020,09:27:53,3100,2995.15,20,3101.95,20,0,220
BANKNIFTY27FEB2029000CE.NFO,07/01/2020,09:27:54,3100,2995.3,20,3101.95,20,0,220
BANKNIFTY27FEB2029000CE.NFO,07/01/2020,09:27:55,3100,3002.5,20,3101.95,20,0,220
BANKNIFTY27FEB2029000CE.NFO,07/01/2020,09:27:56,3002.6,3002.6,20,3101.95,20,20,240
BANKNIFTY27FEB2029000CE.NFO,07/01/2020,09:27:56,3002.6,3002.6,20,3101.95,20,0,240
BANKNIFTY27FEB2029000CE.NFO,07/01/2020,09:27:58,3002.6,3002.7,20,3101.95,20,0,240
BANKNIFTY27FEB2029000CE.NFO,07/01/2020,09:27:59,3002.6,3007.7,220,3101.95,20,0,240
BANKNIFTY27FEB2029000CE.NFO,07/01/2020,09:28:00,3002.6,3007.75,200,3101.95,20,0,240
BANKNIFTY27FEB2029000CE.NFO,07/01/2020,09:28:01,3002.6,2969.3,20,3101.95,20,0,240
BANKNIFTY27FEB2029000CE.NFO,07/01/2020,09:28:02,3002.6,2996,20,3101.95,20,0,240
BANKNIFTY27FEB2029000CE.NFO,07/01/2020,09:28:03,3002.6,2996.1,20,3101.95,20,0,240
BANKNIFTY27FEB2029000CE.NFO,07/01/2020,09:28:05,3002.6,2986.4,20,3101.95,20,0,240
BANKNIFTY27FEB2029000CE.NFO,07/01/2020,09:28:06,3002.6,3002.35,20,3101.95,20,0,240
BANKNIFTY27FEB2029000CE.NFO,07/01/2020,09:28:07,3002.6,3002.45,20,3101.95,20,0,240
BANKNIFTY27FEB2029000CE.NFO,07/01/2020,09:28:08,3002.6,3002.55,20,3101.95,20,0,240
BANKNIFTY27FEB2029000CE.NFO,07/01/2020,09:28:09,3002.6,3002.65,20,3101.95,20,0,240
BANKNIFTY27FEB2029000CE.NFO,07/01/2020,09:28:11,3002.6,2996.9,20,3101.95,20,0,240
BANKNIFTY27FEB2029000CE.NFO,07/01/2020,09:28:12,3002.6,2998.65,200,3101.95,20,0,240
BANKNIFTY27FEB2029000CE.NFO,07/01/2020,09:28:13,3002.6,2998.8,20,3101.95,20,0,240
BANKNIFTY27FEB2029000CE.NFO,07/01/2020,09:28:14,3002.6,2998.9,20,3101.95,20,0,240
BANKNIFTY27FEB2029000CE.NFO,07/01/2020,09:28:15,3002.6,2999,20,3101.95,20,0,240
BANKNIFTY27FEB2029000CE.NFO,07/01/2020,09:28:16,3002.6,3000.6,20,3101.95,20,0,240
BANKNIFTY27FEB2029000CE.NFO,07/01/2020,09:28:18,3002.6,2999.8,20,3101.95,20,0,240
BANKNIFTY27FEB2029000CE.NFO,07/01/2020,09:28:19,3002.6,2999.95,200,3101.95,20,0,240
BANKNIFTY27FEB2029000CE.NFO,07/01/2020,09:28:20,3002.6,2968,20,3101.95,20,0,240
BANKNIFTY27FEB2029000CE.NFO,07/01/2020,09:28:21,3002.6,2971,20,3101.95,20,0,240
BANKNIFTY27FEB2029000CE.NFO,07/01/2020,09:28:22,3002.6,2971.1,20,3101.95,20,0,240
BANKNIFTY27FEB2029000CE.NFO,07/01/2020,09:28:24,3002.6,2971.2,20,3101.95,20,0,240
BANKNIFTY27FEB2029000CE.NFO,07/01/2020,09:28:25,3002.6,2967.8,20,3101.95,20,0,240
BANKNIFTY27FEB2029000CE.NFO,07/01/2020,09:28:26,3002.6,2967.9,20,3101.95,20,0,240
BANKNIFTY27FEB2029000CE.NFO,07/01/2020,09:28:27,3002.6,2968,20,3101.95,20,0,240
BANKNIFTY27FEB2029000CE.NFO,07/01/2020,09:28:28,3002.6,2988.55,200,3101.95,20,0,240
BANKNIFTY27FEB2029000CE.NFO,07/01/2020,09:28:29,3002.6,2991.95,20,3101.95,20,0,240
BANKNIFTY27FEB2029000CE.NFO,07/01/2020,09:28:31,3002.6,2989.05,20,3101.95,20,0,240
BANKNIFTY27FEB2029000CE.NFO,07/01/2020,09:28:32,3002.6,2982.45,20,3101.95,20,0,240
BANKNIFTY27FEB2029000CE.NFO,07/01/2020,09:28:33,3002.6,2982.55,20,3101.95,20,0,240
BANKNIFTY27FEB2029000CE.NFO,07/01/2020,09:28:34,3002.6,2982.65,20,3101.95,20,0,240
BANKNIFTY27FEB2029000CE.NFO,07/01/2020,09:28:35,3002.6,2984.4,20,3101.95,20,0,240
BANKNIFTY27FEB2029000CE.NFO,07/01/2020,09:28:36,3002.6,2984.75,20,3101.95,20,0,240
BANKNIFTY27FEB2029000CE.NFO,07/01/2020,09:28:38,3002.6,2984.95,20,3101.95,20,0,240
BANKNIFTY27FEB2029000CE.NFO,07/01/2020,09:28:39,3002.6,2985.05,20,3101.95,20,0,240
BANKNIFTY27FEB2029000CE.NFO,07/01/2020,09:28:40,3002.6,2985.1,200,3101.95,20,0,240
BANKNIFTY27FEB2029000CE.NFO,07/01/2020,09:28:41,3002.6,2985.5,20,3101.95,20,0,240
BANKNIFTY27FEB2029000CE.NFO,07/01/2020,09:28:42,3002.6,2985.7,20,3101.95,20,0,240
BANKNIFTY27FEB2029000CE.NFO,07/01/2020,09:28:44,3002.6,2966.2,20,3101.95,20,0,240
BANKNIFTY27FEB2029000CE.NFO,07/01/2020,09:28:45,3002.6,2984.4,200,3101.95,20,0,240
BANKNIFTY27FEB2029000CE.NFO,07/01/2020,09:28:46,3002.6,2985.1,200,3101.95,20,0,240
BANKNIFTY27FEB2029000CE.NFO,07/01/2020,09:28:47,3002.6,2985.85,200,3101.95,20,0,240
BANKNIFTY27FEB2029000CE.NFO,07/01/2020,09:28:48,3002.6,2987.5,20,3101.95,20,0,240
BANKNIFTY27FEB2029000CE.NFO,07/01/2020,09:28:49,3002.6,2988.15,20,3101.95,20,0,240
BANKNIFTY27FEB2029000CE.NFO,07/01/2020,09:28:50,3002.6,2988.45,20,3101.95,20,0,240
BANKNIFTY27FEB2029000CE.NFO,07/01/2020,09:28:51,3002.6,2988.55,20,3101.95,20,0,240
BANKNIFTY27FEB2029000CE.NFO,07/01/2020,09:28:53,3002.6,2988.6,200,3101.95,20,0,240
BANKNIFTY27FEB2029000CE.NFO,07/01/2020,09:28:54,3002.6,2988.75,20,3101.95,20,0,240
BANKNIFTY27FEB2029000CE.NFO,07/01/2020,09:28:55,3002.6,2988.85,20,3101.95,20,0,240
BANKNIFTY27FEB2029000CE.NFO,07/01/2020,09:28:56,3002.6,2990.4,20,3101.95,20,0,240
BANKNIFTY27FEB2029000CE.NFO,07/01/2020,09:28:57,3002.6,2990.45,200,3101.95,20,0,240
BANKNIFTY27FEB2029000CE.NFO,07/01/2020,09:28:58,3002.6,2966.3,20,3101.95,20,0,240
BANKNIFTY27FEB2029000CE.NFO,07/01/2020,09:28:59,3002.6,2977.55,20,3101.95,20,0,240
BANKNIFTY27FEB2029000CE.NFO,07/01/2020,09:29:00,3002.6,2983.15,20,3101.95,20,0,240
BANKNIFTY27FEB2029000CE.NFO,07/01/2020,09:29:02,3002.6,2983.25,20,3101.95,20,0,240
BANKNIFTY27FEB2029000CE.NFO,07/01/2020,09:29:03,3002.6,2986.95,20,3101.95,20,0,240
BANKNIFTY27FEB2029000CE.NFO,07/01/2020,09:29:04,3002.6,2987.05,20,3101.95,20,0,240
BANKNIFTY27FEB2029000CE.NFO,07/01/2020,09:29:05,3002.6,2987.15,20,3101.95,20,0,240
BANKNIFTY27FEB2029000CE.NFO,07/01/2020,09:29:06,3002.6,2987.25,20,3101.95,20,0,240
BANKNIFTY27FEB2029000CE.NFO,07/01/2020,09:29:08,3002.6,2991.8,20,3101.95,20,0,240
BANKNIFTY27FEB2029000CE.NFO,07/01/2020,09:29:09,3002.6,2991.9,20,3101.95,20,0,240
BANKNIFTY27FEB2029000CE.NFO,07/01/2020,09:29:10,3002.6,2992,20,3101.95,20,0,240
BANKNIFTY27FEB2029000CE.NFO,07/01/2020,09:29:11,3002.6,2992.1,20,3101.95,20,0,240
BANKNIFTY27FEB2029000CE.NFO,07/01/2020,09:29:12,3002.6,2996.2,20,3101.95,20,0,240
BANKNIFTY27FEB2029000CE.NFO,07/01/2020,09:29:14,3002.6,2996.6,200,3101.95,20,0,240
BANKNIFTY27FEB2029000CE.NFO,07/01/2020,09:29:15,3002.6,2980.55,20,3101.95,20,0,240
BANKNIFTY27FEB2029000CE.NFO,07/01/2020,09:29:16,3002.6,2966.5,20,3101.95,20,0,240
BANKNIFTY27FEB2029000CE.NFO,07/01/2020,09:29:17,3002.6,2981.2,20,3101.95,20,0,240
BANKNIFTY27FEB2029000CE.NFO,07/01/2020,09:29:18,3002.6,2981.3,20,3101.95,20,0,240
BANKNIFTY27FEB2029000CE.NFO,07/01/2020,09:29:19,3002.6,2988.75,20,3101.95,20,0,240
BANKNIFTY27FEB2029000CE.NFO,07/01/2020,09:29:21,3002.6,2988.85,20,3101.95,20,0,240
BANKNIFTY27FEB2029000CE.NFO,07/01/2020,09:29:22,3002.6,2988.95,20,3101.95,20,0,240
BANKNIFTY27FEB2029000CE.NFO,07/01/2020,09:29:23,3002.6,2992.55,20,3101.95,20,0,240
BANKNIFTY27FEB2029000CE.NFO,07/01/2020,09:29:24,3002.6,2989.15,20,3101.95,20,0,240
BANKNIFTY27FEB2029000CE.NFO,07/01/2020,09:29:25,3002.6,2989.25,20,3101.95,20,0,240
BANKNIFTY27FEB2029000CE.NFO,07/01/2020,09:29:27,3002.6,2994.15,20,3101.95,20,0,240
BANKNIFTY27FEB2029000CE.NFO,07/01/2020,09:29:28,3002.6,2994.4,200,3101.95,20,0,240
BANKNIFTY27FEB2029000CE.NFO,07/01/2020,09:29:29,3002.6,2979.1,20,3101.95,20,0,240
BANKNIFTY27FEB2029000CE.NFO,07/01/2020,09:29:30,3002.6,2966.4,20,3101.95,20,0,240
BANKNIFTY27FEB2029000CE.NFO,07/01/2020,09:29:32,3002.6,2966.5,20,3101.95,20,0,240
BANKNIFTY27FEB2029000CE.NFO,07/01/2020,09:29:33,3002.6,2966.6,20,3101.95,20,0,240
BANKNIFTY27FEB2029000CE.NFO,07/01/2020,09:29:34,3002.6,2966.7,20,3101.95,20,0,240
BANKNIFTY27FEB2029000CE.NFO,07/01/2020,09:29:35,3002.6,2978.75,20,3101.95,20,0,240
BANKNIFTY27FEB2029000CE.NFO,07/01/2020,09:29:36,3002.6,2978.85,20,3101.95,20,0,240
BANKNIFTY27FEB2029000CE.NFO,07/01/2020,09:29:37,3002.6,2984.5,20,3101.95,20,0,240
BANKNIFTY27FEB2029000CE.NFO,07/01/2020,09:29:39,3002.6,2979.05,20,3101.95,20,0,240
BANKNIFTY27FEB2029000CE.NFO,07/01/2020,09:29:40,3002.6,2986.9,20,3101.95,20,0,240
BANKNIFTY27FEB2029000CE.NFO,07/01/2020,09:29:41,3002.6,2988.75,20,3101.95,20,0,240
BANKNIFTY27FEB2029000CE.NFO,07/01/2020,09:29:42,3002.6,2966.2,20,3101.95,20,0,240
BANKNIFTY27FEB2029000CE.NFO,07/01/2020,09:29:43,3002.6,2966.3,20,3101.95,20,0,240
BANKNIFTY27FEB2029000CE.NFO,07/01/2020,09:29:44,3002.6,2981.35,20,3101.95,20,0,240
BANKNIFTY27FEB2029000CE.NFO,07/01/2020,09:29:46,3002.6,2976.6,20,3101.95,20,0,240
BANKNIFTY27FEB2029000CE.NFO,07/01/2020,09:29:47,3002.6,2985.95,20,3101.95,20,0,240
BANKNIFTY27FEB2029000CE.NFO,07/01/2020,09:29:48,3002.6,2981.95,20,3101.95,20,0,240
BANKNIFTY27FEB2029000CE.NFO,07/01/2020,09:29:49,3002.6,2977,20,3101.95,20,0,240
BANKNIFTY27FEB2029000CE.NFO,07/01/2020,09:29:50,3002.6,2977.1,20,3101.95,20,0,240
BANKNIFTY27FEB2029000CE.NFO,07/01/2020,09:29:52,3002.6,2986.85,20,3101.95,20,0,240
BANKNIFTY27FEB2029000CE.NFO,07/01/2020,09:29:53,3002.6,2986.95,20,3101.95,20,0,240
BANKNIFTY27FEB2029000CE.NFO,07/01/2020,09:29:54,3002.6,2987.05,20,3101.95,20,0,240
BANKNIFTY27FEB2029000CE.NFO,07/01/2020,09:29:55,3002.6,2987.15,20,3101.95,20,0,240
BANKNIFTY27FEB2029000CE.NFO,07/01/2020,09:29:56,3002.6,2990.3,20,3101.95,20,0,240
BANKNIFTY27FEB2029000CE.NFO,07/01/2020,09:29:57,3002.6,2989.7,20,3101.95,20,0,240
BANKNIFTY27FEB2029000CE.NFO,07/01/2020,09:29:58,3002.6,2987.55,20,3101.95,20,0,240
BANKNIFTY27FEB2029000CE.NFO,07/01/2020,09:29:59,3002.6,2990,20,3101.95,20,0,240
BANKNIFTY27FEB2029000CE.NFO,07/01/2020,09:30:01,3002.6,2987.75,20,3101.95,20,0,240
BANKNIFTY27FEB2029000CE.NFO,07/01/2020,09:30:02,3002.6,2990.2,20,3101.95,20,0,240
BANKNIFTY27FEB2029000CE.NFO,07/01/2020,09:30:03,3002.6,2990.3,20,3101.95,20,0,240
BANKNIFTY27FEB2029000CE.NFO,07/01/2020,09:30:04,3002.6,2990.4,20,3101.95,20,0,240
BANKNIFTY27FEB2029000CE.NFO,07/01/2020,09:30:05,3002.6,2988.15,20,3101.95,20,0,240
BANKNIFTY27FEB2029000CE.NFO,07/01/2020,09:30:06,3002.6,2988.25,20,3101.95,20,0,240
BANKNIFTY27FEB2029000CE.NFO,07/01/2020,09:30:07,3002.6,2988.35,20,3101.95,20,0,240
BANKNIFTY27FEB2029000CE.NFO,07/01/2020,09:30:09,3002.6,2994.8,20,3101.95,20,0,240
BANKNIFTY27FEB2029000CE.NFO,07/01/2020,09:30:10,3002.6,2999,20,3101.95,20,0,240
BANKNIFTY27FEB2029000CE.NFO,07/01/2020,09:30:11,3002.6,2999.1,20,3101.95,20,0,240
BANKNIFTY27FEB2029000CE.NFO,07/01/2020,09:30:12,3002.6,3001.45,200,3101.95,20,0,240
BANKNIFTY27FEB2029000CE.NFO,07/01/2020,09:30:13,3002.6,3001.3,20,3101.95,20,0,240
BANKNIFTY27FEB2029000CE.NFO,07/01/2020,09:30:14,3002.6,3001.4,20,3101.95,20,0,240
BANKNIFTY27FEB2029000CE.NFO,07/01/2020,09:30:16,3002.6,3001.5,20,3101.95,20,0,240
BANKNIFTY27FEB2029000CE.NFO,07/01/2020,09:30:17,3002.6,3001.6,20,3101.95,20,0,240
BANKNIFTY27FEB2029000CE.NFO,07/01/2020,09:30:18,3002.6,2999.8,20,3101.95,20,0,240
BANKNIFTY27FEB2029000CE.NFO,07/01/2020,09:30:19,3002.6,2999.9,20,3101.95,20,0,240
BANKNIFTY27FEB2029000CE.NFO,07/01/2020,09:30:20,3002.6,3000,20,3101.95,20,0,240
BANKNIFTY27FEB2029000CE.NFO,07/01/2020,09:30:21,3002.6,3002.4,200,3101.95,20,0,240
BANKNIFTY27FEB2029000CE.NFO,07/01/2020,09:30:23,3002.6,3000.2,20,3101.95,20,0,240
BANKNIFTY27FEB2029000CE.NFO,07/01/2020,09:30:24,3002.6,3004.2,20,3101.95,20,0,240
BANKNIFTY27FEB2029000CE.NFO,07/01/2020,09:30:25,3002.6,3004.3,20,3101.95,20,0,240
BANKNIFTY27FEB2029000CE.NFO,07/01/2020,09:30:26,3002.6,3007.1,20,3101.95,20,0,240
BANKNIFTY27FEB2029000CE.NFO,07/01/2020,09:30:27,3002.6,3005.8,20,3101.95,20,0,240
BANKNIFTY27FEB2029000CE.NFO,07/01/2020,09:30:29,3002.6,3005.9,20,3101.95,20,0,240
BANKNIFTY27FEB2029000CE.NFO,07/01/2020,09:30:30,3002.6,3006,20,3101.95,20,0,240
BANKNIFTY27FEB2029000CE.NFO,07/01/2020,09:30:31,3002.6,3006.1,20,3101.95,20,0,240
BANKNIFTY27FEB2029000CE.NFO,07/01/2020,09:30:32,3002.6,3006.2,20,3101.95,20,0,240
BANKNIFTY27FEB2029000CE.NFO,07/01/2020,09:30:33,3002.6,3006.3,20,3101.95,20,0,240
BANKNIFTY27FEB2029000CE.NFO,07/01/2020,09:30:35,3002.6,3006.4,20,3101.95,20,0,240
BANKNIFTY27FEB2029000CE.NFO,07/01/2020,09:30:36,3002.6,3006.5,20,3101.95,20,0,240
BANKNIFTY27FEB2029000CE.NFO,07/01/2020,09:30:37,3002.6,3006.6,20,3101.95,20,0,240
BANKNIFTY27FEB2029000CE.NFO,07/01/2020,09:30:38,3002.6,3006.7,20,3101.95,20,0,240
BANKNIFTY27FEB2029000CE.NFO,07/01/2020,09:30:40,3002.6,3006.8,20,3101.95,20,0,240
BANKNIFTY27FEB2029000CE.NFO,07/01/2020,09:30:41,3002.6,3008.75,20,3101.95,20,0,240
BANKNIFTY27FEB2029000CE.NFO,07/01/2020,09:30:42,3002.6,3008.85,20,3101.95,20,0,240
BANKNIFTY27FEB2029000CE.NFO,07/01/2020,09:30:43,3002.6,3007.2,20,3101.95,20,0,240
BANKNIFTY27FEB2029000CE.NFO,07/01/2020,09:30:45,3002.6,3010.1,20,3101.95,20,0,240
BANKNIFTY27FEB2029000CE.NFO,07/01/2020,09:30:46,3002.6,3010.3,20,3101.95,20,0,240
BANKNIFTY27FEB2029000CE.NFO,07/01/2020,09:30:47,3002.6,3010.35,200,3101.95,20,0,240
BANKNIFTY27FEB2029000CE.NFO,07/01/2020,09:30:48,3002.6,2988.15,20,3101.95,20,0,240
BANKNIFTY27FEB2029000CE.NFO,07/01/2020,09:30:49,3002.6,2981.1,20,3101.95,20,0,240
BANKNIFTY27FEB2029000CE.NFO,07/01/2020,09:30:50,3002.6,2995.55,20,3101.95,20,0,240
BANKNIFTY27FEB2029000CE.NFO,07/01/2020,09:30:52,3002.6,3003.35,20,3101.95,20,0,240
BANKNIFTY27FEB2029000CE.NFO,07/01/2020,09:30:53,3002.6,3003.45,20,3101.95,20,0,240
BANKNIFTY27FEB2029000CE.NFO,07/01/2020,09:30:54,3002.6,3007.5,20,3101.95,20,0,240
BANKNIFTY27FEB2029000CE.NFO,07/01/2020,09:30:55,3002.6,3009.65,20,3101.95,20,0,240
BANKNIFTY27FEB2029000CE.NFO,07/01/2020,09:30:56,3002.6,2992.3,20,3101.95,20,0,240
BANKNIFTY27FEB2029000CE.NFO,07/01/2020,09:30:57,3002.6,2988.15,20,3101.95,20,0,240
BANKNIFTY27FEB2029000CE.NFO,07/01/2020,09:30:58,3002.6,3004.95,20,3101.95,20,0,240
BANKNIFTY27FEB2029000CE.NFO,07/01/2020,09:31:00,3002.6,2999.3,20,3101.95,20,0,240
BANKNIFTY27FEB2029000CE.NFO,07/01/2020,09:31:01,3002.6,3005.75,200,3101.95,20,0,240
BANKNIFTY27FEB2029000CE.NFO,07/01/2020,09:31:02,3002.6,3005.9,20,3119.95,20,0,240
BANKNIFTY27FEB2029000CE.NFO,07/01/2020,09:31:03,3002.6,3006,20,3119.95,20,0,240
BANKNIFTY27FEB2029000CE.NFO,07/01/2020,09:31:04,3002.6,3006.1,20,3119.95,20,0,240
BANKNIFTY27FEB2029000CE.NFO,07/01/2020,09:31:06,3002.6,3006.2,20,3119.95,20,0,240
BANKNIFTY27FEB2029000CE.NFO,07/01/2020,09:31:07,3002.6,3006.3,20,3119.95,20,0,240
BANKNIFTY27FEB2029000CE.NFO,07/01/2020,09:31:08,3002.6,3006.4,20,3119.95,20,0,240
BANKNIFTY27FEB2029000CE.NFO,07/01/2020,09:31:09,3002.6,3006.5,20,3119.95,20,0,240
BANKNIFTY27FEB2029000CE.NFO,07/01/2020,09:31:10,3002.6,3006.6,20,3119.95,20,0,240
BANKNIFTY27FEB2029000CE.NFO,07/01/2020,09:31:11,3002.6,3006.7,20,3119.95,20,0,240
BANKNIFTY27FEB2029000CE.NFO,07/01/2020,09:31:13,3002.6,3011.15,20,3119.95,20,0,240
BANKNIFTY27FEB2029000CE.NFO,07/01/2020,09:31:14,3002.6,3011.25,20,3119.95,20,0,240
BANKNIFTY27FEB2029000CE.NFO,07/01/2020,09:31:15,3002.6,3014.25,20,3119.95,20,0,240
BANKNIFTY27FEB2029000CE.NFO,07/01/2020,09:31:16,3002.6,3011.45,20,3119.95,20,0,240
BANKNIFTY27FEB2029000CE.NFO,07/01/2020,09:31:17,3002.6,3007.3,20,3119.95,20,0,240
BANKNIFTY27FEB2029000CE.NFO,07/01/2020,09:31:18,3002.6,3007.4,20,3119.95,20,0,240
BANKNIFTY27FEB2029000CE.NFO,07/01/2020,09:31:20,3002.6,3007.5,20,3119.95,20,0,240
BANKNIFTY27FEB2029000CE.NFO,07/01/2020,09:31:21,3002.6,3007.6,20,3119.95,20,0,240
BANKNIFTY27FEB2029000CE.NFO,07/01/2020,09:31:22,3002.6,3018.15,20,3119.95,20,0,240
BANKNIFTY27FEB2029000CE.NFO,07/01/2020,09:31:23,3002.6,3007.9,20,3119.95,20,0,240
BANKNIFTY27FEB2029000CE.NFO,07/01/2020,09:31:24,3002.6,3008,20,3119.95,20,0,240
BANKNIFTY27FEB2029000CE.NFO,07/01/2020,09:31:26,3002.6,3008.1,20,3119.95,20,0,240
BANKNIFTY27FEB2029000CE.NFO,07/01/2020,09:31:27,3002.6,3019.55,20,3119.95,20,0,240
BANKNIFTY27FEB2029000CE.NFO,07/01/2020,09:31:28,3002.6,3015.9,20,3119.95,20,0,240
BANKNIFTY27FEB2029000CE.NFO,07/01/2020,09:31:29,3002.6,3016.1,20,3119.95,20,0,240
BANKNIFTY27FEB2029000CE.NFO,07/01/2020,09:31:31,3002.6,3020.55,20,3119.95,20,0,240
BANKNIFTY27FEB2029000CE.NFO,07/01/2020,09:31:32,3002.6,3022.55,20,3119.95,20,0,240
BANKNIFTY27FEB2029000CE.NFO,07/01/2020,09:31:33,3002.6,3022.65,20,3119.95,20,0,240
BANKNIFTY27FEB2029000CE.NFO,07/01/2020,09:31:34,3002.6,3022.6,20,3119.95,20,0,240
BANKNIFTY27FEB2029000CE.NFO,07/01/2020,09:31:35,3002.6,3022.7,20,3119.95,20,0,240
BANKNIFTY27FEB2029000CE.NFO,07/01/2020,09:31:36,3002.6,3022.9,20,3119.95,20,0,240
BANKNIFTY27FEB2029000CE.NFO,07/01/2020,09:31:38,3002.6,3024.6,20,3119.95,20,0,240
BANKNIFTY27FEB2029000CE.NFO,07/01/2020,09:31:39,3002.6,3023.1,20,3119.95,20,0,240
BANKNIFTY27FEB2029000CE.NFO,07/01/2020,09:31:40,3002.6,3025.1,20,3119.95,20,0,240
BANKNIFTY27FEB2029000CE.NFO,07/01/2020,09:31:41,3002.6,3025.75,20,3119.95,20,0,240
BANKNIFTY27FEB2029000CE.NFO,07/01/2020,09:31:43,3002.6,3026,200,3119.95,20,0,240
BANKNIFTY27FEB2029000CE.NFO,07/01/2020,09:31:44,3002.6,2966.2,20,3119.95,20,0,240
BANKNIFTY27FEB2029000CE.NFO,07/01/2020,09:31:45,3002.6,3010.9,20,3119.95,20,0,240
BANKNIFTY27FEB2029000CE.NFO,07/01/2020,09:31:46,3002.6,3011.05,20,3119.95,20,0,240
BANKNIFTY27FEB2029000CE.NFO,07/01/2020,09:31:48,3002.6,2996.95,40,3119.95,20,0,240
BANKNIFTY27FEB2029000CE.NFO,07/01/2020,09:31:49,3002.6,2997.45,220,3119.95,20,0,240
BANKNIFTY27FEB2029000CE.NFO,07/01/2020,09:31:50,3002.6,3012.95,20,3119.95,20,0,240
BANKNIFTY27FEB2029000CE.NFO,07/01/2020,09:31:51,3002.6,3013.05,20,3119.95,20,0,240
BANKNIFTY27FEB2029000CE.NFO,07/01/2020,09:31:53,3002.6,3013.15,20,3119.95,20,0,240
BANKNIFTY27FEB2029000CE.NFO,07/01/2020,09:31:54,3002.6,3013.25,20,3119.95,20,0,240
BANKNIFTY27FEB2029000CE.NFO,07/01/2020,09:31:55,3002.6,3013.35,20,3119.95,20,0,240
BANKNIFTY27FEB2029000CE.NFO,07/01/2020,09:31:56,3002.6,3025.05,200,3119.95,20,0,240
BANKNIFTY27FEB2029000CE.NFO,07/01/2020,09:31:57,3002.6,3021.65,20,3119.95,20,0,240
BANKNIFTY27FEB2029000CE.NFO,07/01/2020,09:31:58,3002.6,3021.75,20,3119.95,20,0,240
BANKNIFTY27FEB2029000CE.NFO,07/01/2020,09:32:00,3002.6,3026.45,20,3119.95,20,0,240
BANKNIFTY27FEB2029000CE.NFO,07/01/2020,09:32:01,3002.6,3026.55,20,3119.95,20,0,240
BANKNIFTY27FEB2029000CE.NFO,07/01/2020,09:32:02,3002.6,3026.65,20,3119.95,20,0,240
BANKNIFTY27FEB2029000CE.NFO,07/01/2020,09:32:03,3002.6,3013.05,20,3119.95,20,0,240
BANKNIFTY27FEB2029000CE.NFO,07/01/2020,09:32:04,3002.6,3013.15,20,3119.95,20,0,240
BANKNIFTY27FEB2029000CE.NFO,07/01/2020,09:32:06,3002.6,3021.6,20,3119.95,20,0,240
BANKNIFTY27FEB2029000CE.NFO,07/01/2020,09:32:07,3002.6,3021.7,20,3119.95,20,0,240
BANKNIFTY27FEB2029000CE.NFO,07/01/2020,09:32:08,3002.6,3021.8,20,3119.95,20,0,240
BANKNIFTY27FEB2029000CE.NFO,07/01/2020,09:32:09,3002.6,3021.9,20,3119.95,20,0,240
BANKNIFTY27FEB2029000CE.NFO,07/01/2020,09:32:10,3002.6,3013.75,20,3119.95,20,0,240
BANKNIFTY27FEB2029000CE.NFO,07/01/2020,09:32:11,3002.6,3013.95,20,3119.95,20,0,240
BANKNIFTY27FEB2029000CE.NFO,07/01/2020,09:32:13,3002.6,3014.05,20,3119.95,20,0,240
BANKNIFTY27FEB2029000CE.NFO,07/01/2020,09:32:14,3002.6,3022.7,20,3119.95,20,0,240
BANKNIFTY27FEB2029000CE.NFO,07/01/2020,09:32:15,3002.6,3029.5,20,3119.95,20,0,240
BANKNIFTY27FEB2029000CE.NFO,07/01/2020,09:32:16,3002.6,3027.65,20,3119.95,20,0,240
BANKNIFTY27FEB2029000CE.NFO,07/01/2020,09:32:17,3002.6,3027.75,20,3119.95,20,0,240
BANKNIFTY27FEB2029000CE.NFO,07/01/2020,09:32:19,3002.6,3031.65,20,3119.95,20,0,240
BANKNIFTY27FEB2029000CE.NFO,07/01/2020,09:32:20,3002.6,3034.35,20,3119.95,20,0,240
BANKNIFTY27FEB2029000CE.NFO,07/01/2020,09:32:21,3002.6,3031.85,20,3119.95,20,0,240
BANKNIFTY27FEB2029000CE.NFO,07/01/2020,09:32:22,3002.6,3032.05,20,3119.95,20,0,240
BANKNIFTY27FEB2029000CE.NFO,07/01/2020,09:32:24,3002.6,3032.15,20,3119.95,20,0,240
BANKNIFTY27FEB2029000CE.NFO,07/01/2020,09:32:25,3002.6,3032.25,20,3119.95,20,0,240
BANKNIFTY27FEB2029000CE.NFO,07/01/2020,09:32:26,3002.6,3034.1,20,3119.95,20,0,240
BANKNIFTY27FEB2029000CE.NFO,07/01/2020,09:32:28,3002.6,3034.2,20,3119.95,20,0,240
BANKNIFTY27FEB2029000CE.NFO,07/01/2020,09:32:29,3002.6,3038.3,20,3119.95,20,0,240
BANKNIFTY27FEB2029000CE.NFO,07/01/2020,09:32:30,3002.6,3032.85,20,3119.95,20,0,240
BANKNIFTY27FEB2029000CE.NFO,07/01/2020,09:32:32,3002.6,3033.05,20,3119.95,20,0,240
BANKNIFTY27FEB2029000CE.NFO,07/01/2020,09:32:33,3002.6,3042.95,20,3119.95,20,0,240
BANKNIFTY27FEB2029000CE.NFO,07/01/2020,09:32:34,3002.6,3044,20,3119.95,20,0,240
BANKNIFTY27FEB2029000CE.NFO,07/01/2020,09:32:35,3002.6,3044.75,20,3119.95,20,0,240
BANKNIFTY27FEB2029000CE.NFO,07/01/2020,09:32:37,3002.6,3044.85,20,3119.95,20,0,240
BANKNIFTY27FEB2029000CE.NFO,07/01/2020,09:32:38,3002.6,3046.75,20,3119.95,20,0,240
BANKNIFTY27FEB2029000CE.NFO,07/01/2020,09:32:39,3002.6,3047.7,200,3119.95,20,0,240
BANKNIFTY27FEB2029000CE.NFO,07/01/2020,09:32:40,3002.6,3048.7,200,3119.95,20,0,240
BANKNIFTY27FEB2029000CE.NFO,07/01/2020,09:32:41,3002.6,3051.4,20,3119.95,20,0,240
BANKNIFTY27FEB2029000CE.NFO,07/01/2020,09:32:43,3002.6,3006.9,20,3120,40,0,240
BANKNIFTY27FEB2029000CE.NFO,07/01/2020,09:32:44,3002.6,3020.7,20,3119.75,20,0,240
BANKNIFTY27FEB2029000CE.NFO,07/01/2020,09:32:45,3002.6,3037.7,20,3120,40,0,240
BANKNIFTY27FEB2029000CE.NFO,07/01/2020,09:32:46,3002.6,3023.4,20,3120,40,0,240
BANKNIFTY27FEB2029000CE.NFO,07/01/2020,09:32:48,3002.6,3024.5,40,3120,40,0,240
BANKNIFTY27FEB2029000CE.NFO,07/01/2020,09:32:49,3002.6,3024.55,220,3119.95,20,0,240
BANKNIFTY27FEB2029000CE.NFO,07/01/2020,09:32:50,3002.6,3024.55,220,3120,40,0,240
BANKNIFTY27FEB2029000CE.NFO,07/01/2020,09:32:53,3002.6,3024.9,60,3120,40,0,240
BANKNIFTY27FEB2029000CE.NFO,07/01/2020,09:32:55,3002.6,3039.55,20,3119.9,20,0,240
BANKNIFTY27FEB2029000CE.NFO,07/01/2020,09:32:56,3002.6,3025.1,20,3119.95,20,0,240
BANKNIFTY27FEB2029000CE.NFO,07/01/2020,09:32:57,3002.6,3025.2,20,3119.95,20,0,240
BANKNIFTY27FEB2029000CE.NFO,07/01/2020,09:32:58,3002.6,3039.7,20,3119.95,20,0,240
BANKNIFTY27FEB2029000CE.NFO,07/01/2020,09:32:59,3002.6,3047.05,20,3119.95,20,0,240
BANKNIFTY27FEB2029000CE.NFO,07/01/2020,09:33:00,3002.6,3052.35,20,3119.95,20,0,240
BANKNIFTY27FEB2029000CE.NFO,07/01/2020,09:33:01,3002.6,3050.8,20,3119.95,20,0,240
BANKNIFTY27FEB2029000CE.NFO,07/01/2020,09:33:03,3002.6,3052.5,200,3119.95,20,0,240
BANKNIFTY27FEB2029000CE.NFO,07/01/2020,09:33:04,3002.6,3053.65,20,3119.55,20,0,240
BANKNIFTY27FEB2029000CE.NFO,07/01/2020,09:33:05,3002.6,3053.85,20,3119.55,20,0,240
BANKNIFTY27FEB2029000CE.NFO,07/01/2020,09:33:06,3002.6,3053.9,200,3119.55,20,0,240
BANKNIFTY27FEB2029000CE.NFO,07/01/2020,09:33:07,3002.6,3052.55,20,3119.55,20,0,240
BANKNIFTY27FEB2029000CE.NFO,07/01/2020,09:33:08,3002.6,3052.2,20,3119.55,20,0,240
BANKNIFTY27FEB2029000CE.NFO,07/01/2020,09:33:10,3002.6,3052.85,20,3119.55,20,0,240
BANKNIFTY27FEB2029000CE.NFO,07/01/2020,09:33:11,3002.6,3053.4,20,3120,40,0,240
BANKNIFTY27FEB2029000CE.NFO,07/01/2020,09:33:12,3002.6,3053.5,20,3120,40,0,240
BANKNIFTY27FEB2029000CE.NFO,07/01/2020,09:33:13,3002.6,3054.85,200,3120,40,0,240
BANKNIFTY27FEB2029000CE.NFO,07/01/2020,09:33:14,3002.6,3053.7,20,3120,40,0,240
BANKNIFTY27FEB2029000CE.NFO,07/01/2020,09:33:15,3002.6,3055.75,200,3120,40,0,240
BANKNIFTY27FEB2029000CE.NFO,07/01/2020,09:33:17,3002.6,3054.75,20,3120,40,0,240
BANKNIFTY27FEB2029000CE.NFO,07/01/2020,09:33:18,3002.6,3055.15,20,3120,40,0,240
BANKNIFTY27FEB2029000CE.NFO,07/01/2020,09:33:19,3002.6,3055.55,20,3120,40,0,240
BANKNIFTY27FEB2029000CE.NFO,07/01/2020,09:33:20,3002.6,3055.75,20,3120,40,0,240
BANKNIFTY27FEB2029000CE.NFO,07/01/2020,09:33:21,3002.6,3055.8,200,3120,40,0,240
BANKNIFTY27FEB2029000CE.NFO,07/01/2020,09:33:22,3002.6,3017.9,40,3120,40,0,240
BANKNIFTY27FEB2029000CE.NFO,07/01/2020,09:33:23,3002.6,3040,20,3120,40,0,240
BANKNIFTY27FEB2029000CE.NFO,07/01/2020,09:33:24,3002.6,2966.15,200,3120,40,0,240
BANKNIFTY27FEB2029000CE.NFO,07/01/2020,09:33:56,3002.6,3035.9,20,3120,40,0,240
BANKNIFTY27FEB2029000CE.NFO,07/01/2020,09:33:57,3002.6,2966.3,20,3120,40,0,240
BANKNIFTY27FEB2029000CE.NFO,07/01/2020,09:33:58,3002.6,3001.15,20,3120,40,0,240
BANKNIFTY27FEB2029000CE.NFO,07/01/2020,09:33:59,3002.6,3001.25,20,3120,40,0,240
BANKNIFTY27FEB2029000CE.NFO,07/01/2020,09:34:00,3002.6,2966.7,20,3120,40,0,240
BANKNIFTY27FEB2029000CE.NFO,07/01/2020,09:34:02,3002.6,3001.45,20,3120,40,0,240
BANKNIFTY27FEB2029000CE.NFO,07/01/2020,09:34:03,3002.6,2966.9,20,3120,40,0,240
BANKNIFTY27FEB2029000CE.NFO,07/01/2020,09:34:04,3002.6,2967,20,3120,40,0,240
BANKNIFTY27FEB2029000CE.NFO,07/01/2020,09:34:05,3002.6,2967.1,20,3120,40,0,240
BANKNIFTY27FEB2029000CE.NFO,07/01/2020,09:34:07,3002.6,2967.2,20,3120,40,0,240
BANKNIFTY27FEB2029000CE.NFO,07/01/2020,09:34:08,3002.6,2967.3,20,3120,40,0,240
BANKNIFTY27FEB2029000CE.NFO,07/01/2020,09:34:09,3002.6,2995.8,20,3120,40,0,240
BANKNIFTY27FEB2029000CE.NFO,07/01/2020,09:34:11,3002.6,2995.9,20,3120,40,0,240
BANKNIFTY27FEB2029000CE.NFO,07/01/2020,09:34:12,3002.6,3010.55,20,3120,40,0,240
BANKNIFTY27FEB2029000CE.NFO,07/01/2020,09:34:13,3002.6,2996.05,200,3120,40,0,240
BANKNIFTY27FEB2029000CE.NFO,07/01/2020,09:34:14,3002.6,3018.35,20,3120,40,0,240
BANKNIFTY27FEB2029000CE.NFO,07/01/2020,09:34:15,3002.6,3011.2,20,3120,40,0,240
BANKNIFTY27FEB2029000CE.NFO,07/01/2020,09:34:16,3002.6,3018.25,20,3120,40,0,240
BANKNIFTY27FEB2029000CE.NFO,07/01/2020,09:34:18,3002.6,2968.1,20,3120,40,0,240
BANKNIFTY27FEB2029000CE.NFO,07/01/2020,09:34:19,3002.6,2968.2,20,3120,40,0,240
BANKNIFTY27FEB2029000CE.NFO,07/01/2020,09:34:20,3002.6,3016.25,20,3120,40,0,240
BANKNIFTY27FEB2029000CE.NFO,07/01/2020,09:34:21,3002.6,3016.55,20,3120,40,0,240
BANKNIFTY27FEB2029000CE.NFO,07/01/2020,09:34:22,3002.6,3016.3,20,3120,40,0,240
BANKNIFTY27FEB2029000CE.NFO,07/01/2020,09:34:24,3002.6,3011.9,20,3120,40,0,240
BANKNIFTY27FEB2029000CE.NFO,07/01/2020,09:34:25,3002.6,3011.95,200,3120,40,0,240
BANKNIFTY27FEB2029000CE.NFO,07/01/2020,09:34:26,3002.6,3016.45,20,3120,40,0,240
BANKNIFTY27FEB2029000CE.NFO,07/01/2020,09:34:27,3002.6,3015.7,20,3120,40,0,240
BANKNIFTY27FEB2029000CE.NFO,07/01/2020,09:34:28,3002.6,3015.8,20,3120,40,0,240
BANKNIFTY27FEB2029000CE.NFO,07/01/2020,09:34:30,3002.6,3015.9,20,3120,40,0,240
BANKNIFTY27FEB2029000CE.NFO,07/01/2020,09:34:31,3002.6,3015.95,200,3120,40,0,240
BANKNIFTY27FEB2029000CE.NFO,07/01/2020,09:34:32,3002.6,2990.85,20,3120,40,0,240
BANKNIFTY27FEB2029000CE.NFO,07/01/2020,09:34:33,3002.6,2990.95,20,3120,40,0,240
BANKNIFTY27FEB2029000CE.NFO,07/01/2020,09:34:34,3002.6,2969.6,20,3120,40,0,240
BANKNIFTY27FEB2029000CE.NFO,07/01/2020,09:34:36,3002.6,2969.7,20,3120,40,0,240
BANKNIFTY27FEB2029000CE.NFO,07/01/2020,09:34:37,3002.6,2969.8,20,3120,40,0,240
BANKNIFTY27FEB2029000CE.NFO,07/01/2020,09:34:38,3002.6,2991.35,20,3120,40,0,240
BANKNIFTY27FEB2029000CE.NFO,07/01/2020,09:34:39,3002.6,2970,20,3120,40,0,240
BANKNIFTY27FEB2029000CE.NFO,07/01/2020,09:34:40,3002.6,2970.1,20,3120,40,0,240
BANKNIFTY27FEB2029000CE.NFO,07/01/2020,09:34:42,3002.6,2970.2,20,3120,40,0,240
BANKNIFTY27FEB2029000CE.NFO,07/01/2020,09:34:43,3002.6,2970.3,20,3120,40,0,240
BANKNIFTY27FEB2029000CE.NFO,07/01/2020,09:34:44,3002.6,2970.4,20,3120,40,0,240
BANKNIFTY27FEB2029000CE.NFO,07/01/2020,09:34:45,3002.6,2970.5,20,3120,40,0,240
BANKNIFTY27FEB2029000CE.NFO,07/01/2020,09:34:46,3002.6,2970.6,20,3120,40,0,240
BANKNIFTY27FEB2029000CE.NFO,07/01/2020,09:34:47,3002.6,2991.35,20,3120,40,0,240
BANKNIFTY27FEB2029000CE.NFO,07/01/2020,09:34:49,3002.6,2991.45,20,3120,40,0,240
BANKNIFTY27FEB2029000CE.NFO,07/01/2020,09:34:50,3002.6,2991.55,20,3120,40,0,240
BANKNIFTY27FEB2029000CE.NFO,07/01/2020,09:34:51,3002.6,2991.65,20,3120,40,0,240
BANKNIFTY27FEB2029000CE.NFO,07/01/2020,09:34:52,3002.6,3005.5,20,3120,40,0,240
BANKNIFTY27FEB2029000CE.NFO,07/01/2020,09:34:53,3002.6,2991.85,20,3120,40,0,240
BANKNIFTY27FEB2029000CE.NFO,07/01/2020,09:34:54,3002.6,2971.4,20,3120,40,0,240
BANKNIFTY27FEB2029000CE.NFO,07/01/2020,09:34:56,3002.6,3005.7,20,3120,40,0,240
BANKNIFTY27FEB2029000CE.NFO,07/01/2020,09:34:57,3002.6,3005.8,20,3120,40,0,240
BANKNIFTY27FEB2029000CE.NFO,07/01/2020,09:34:58,3002.6,2971.7,20,3120,40,0,240
BANKNIFTY27FEB2029000CE.NFO,07/01/2020,09:34:59,3002.6,2971.8,20,3120,40,0,240
BANKNIFTY27FEB2029000CE.NFO,07/01/2020,09:35:00,3002.6,3006.15,200,3120,40,0,240
BANKNIFTY27FEB2029000CE.NFO,07/01/2020,09:35:02,3002.6,2972,20,3120,40,0,240
BANKNIFTY27FEB2029000CE.NFO,07/01/2020,09:35:03,3002.6,3006.35,200,3120,40,0,240
BANKNIFTY27FEB2029000CE.NFO,07/01/2020,09:35:04,3002.6,3006.5,20,3120,40,0,240
BANKNIFTY27FEB2029000CE.NFO,07/01/2020,09:35:05,3002.6,2972.4,20,3120,40,0,240
BANKNIFTY27FEB2029000CE.NFO,07/01/2020,09:35:06,3002.6,2972.5,20,3120,40,0,240
BANKNIFTY27FEB2029000CE.NFO,07/01/2020,09:35:08,3002.6,2972.6,20,3120,40,0,240
BANKNIFTY27FEB2029000CE.NFO,07/01/2020,09:35:09,3002.6,2972.7,20,3120,40,0,240
BANKNIFTY27FEB2029000CE.NFO,07/01/2020,09:35:10,3002.6,3007.05,200,3120,40,0,240
BANKNIFTY27FEB2029000CE.NFO,07/01/2020,09:35:11,3002.6,3007.15,200,3120,40,0,240
BANKNIFTY27FEB2029000CE.NFO,07/01/2020,09:35:12,3002.6,3007.25,200,3120,40,0,240
BANKNIFTY27FEB2029000CE.NFO,07/01/2020,09:35:13,3002.6,3010.15,20,3120,40,0,240
BANKNIFTY27FEB2029000CE.NFO,07/01/2020,09:35:15,3002.6,3010.25,20,3120,40,0,240
BANKNIFTY27FEB2029000CE.NFO,07/01/2020,09:35:16,3002.6,3010.35,20,3120,40,0,240
BANKNIFTY27FEB2029000CE.NFO,07/01/2020,09:35:17,3002.6,3010.45,20,3120,40,0,240
BANKNIFTY27FEB2029000CE.NFO,07/01/2020,09:35:18,3002.6,3010.55,20,3120,40,0,240
BANKNIFTY27FEB2029000CE.NFO,07/01/2020,09:35:19,3002.6,3010.65,20,3120,40,0,240
BANKNIFTY27FEB2029000CE.NFO,07/01/2020,09:35:20,3002.6,3011.25,20,3120,40,0,240
BANKNIFTY27FEB2029000CE.NFO,07/01/2020,09:35:21,3002.6,3011.7,20,3120,40,0,240
BANKNIFTY27FEB2029000CE.NFO,07/01/2020,09:35:23,3002.6,3011.85,200,3120,40,0,240
BANKNIFTY27FEB2029000CE.NFO,07/01/2020,09:35:28,3002.6,2966.15,200,3120,40,0,240
BANKNIFTY27FEB2029000CE.NFO,07/01/2020,09:35:29,3002.6,2985.45,20,3120,40,0,240
BANKNIFTY27FEB2029000CE.NFO,07/01/2020,09:35:31,3002.6,2985.55,20,3120,40,0,240
BANKNIFTY27FEB2029000CE.NFO,07/01/2020,09:35:32,3002.6,2985.65,20,3120,40,0,240
BANKNIFTY27FEB2029000CE.NFO,07/01/2020,09:35:33,3002.6,2966.6,20,3120,40,0,240
BANKNIFTY27FEB2029000CE.NFO,07/01/2020,09:35:34,3002.6,2985.65,200,3120,40,0,240
BANKNIFTY27FEB2029000CE.NFO,07/01/2020,09:35:35,3002.6,2966.8,20,3120,40,0,240
BANKNIFTY27FEB2029000CE.NFO,07/01/2020,09:35:36,3002.6,2966.9,20,3120,40,0,240
BANKNIFTY27FEB2029000CE.NFO,07/01/2020,09:35:38,3002.6,2967,20,3120,40,0,240
BANKNIFTY27FEB2029000CE.NFO,07/01/2020,09:35:39,3002.6,2967.1,20,3120,40,0,240
BANKNIFTY27FEB2029000CE.NFO,07/01/2020,09:35:40,3002.6,2967.2,20,3120,40,0,240
BANKNIFTY27FEB2029000CE.NFO,07/01/2020,09:35:41,3002.6,2986.25,200,3120,40,0,240
BANKNIFTY27FEB2029000CE.NFO,07/01/2020,09:35:43,3002.6,2990.8,20,3120,40,0,240
BANKNIFTY27FEB2029000CE.NFO,07/01/2020,09:35:44,3002.6,2986.5,20,3120,40,0,240
BANKNIFTY27FEB2029000CE.NFO,07/01/2020,09:35:45,3002.6,2987.3,20,3120,40,0,240
BANKNIFTY27FEB2029000CE.NFO,07/01/2020,09:35:46,3002.6,2967.8,20,3120,40,0,240
BANKNIFTY27FEB2029000CE.NFO,07/01/2020,09:35:48,3002.6,2967.9,20,3120,40,0,240
BANKNIFTY27FEB2029000CE.NFO,07/01/2020,09:35:49,3002.6,2968,20,3120,40,0,240
BANKNIFTY27FEB2029000CE.NFO,07/01/2020,09:35:50,3002.6,2968.1,20,3120,40,0,240
BANKNIFTY27FEB2029000CE.NFO,07/01/2020,09:35:51,3002.6,2993.55,20,3120,40,0,240
BANKNIFTY27FEB2029000CE.NFO,07/01/2020,09:35:53,3002.6,2989.95,20,3120,40,0,240
BANKNIFTY27FEB2029000CE.NFO,07/01/2020,09:35:54,3002.6,2968.5,20,3120,40,0,240
BANKNIFTY27FEB2029000CE.NFO,07/01/2020,09:35:55,3002.6,2968.6,20,3120,40,0,240
BANKNIFTY27FEB2029000CE.NFO,07/01/2020,09:35:56,3002.6,2983.1,200,3120,40,0,240
BANKNIFTY27FEB2029000CE.NFO,07/01/2020,09:35:58,3002.6,2990.05,20,3120,40,0,240
BANKNIFTY27FEB2029000CE.NFO,07/01/2020,09:35:59,3002.6,2995.15,20,3120,40,0,240
BANKNIFTY27FEB2029000CE.NFO,07/01/2020,09:36:00,3002.6,2990.35,20,3120,40,0,240
BANKNIFTY27FEB2029000CE.NFO,07/01/2020,09:36:01,3002.6,2990.45,20,3120,40,0,240
BANKNIFTY27FEB2029000CE.NFO,07/01/2020,09:36:02,3002.6,2990.55,20,3120,40,0,240
BANKNIFTY27FEB2029000CE.NFO,07/01/2020,09:36:04,3002.6,2990.65,20,3120,40,0,240
BANKNIFTY27FEB2029000CE.NFO,07/01/2020,09:36:05,3002.6,2995.4,200,3120,40,0,240
BANKNIFTY27FEB2029000CE.NFO,07/01/2020,09:36:06,3002.6,2994.05,20,3120,40,0,240
BANKNIFTY27FEB2029000CE.NFO,07/01/2020,09:36:07,3002.6,2996.55,200,3120,40,0,240
BANKNIFTY27FEB2029000CE.NFO,07/01/2020,09:36:08,3002.6,2981.1,20,3120,40,0,240
BANKNIFTY27FEB2029000CE.NFO,07/01/2020,09:36:10,3002.6,2990,20,3120,40,0,240
BANKNIFTY27FEB2029000CE.NFO,07/01/2020,09:36:11,3002.6,2990.1,20,3120,40,0,240
BANKNIFTY27FEB2029000CE.NFO,07/01/2020,09:36:12,3002.6,2990.2,20,3120,40,0,240
BANKNIFTY27FEB2029000CE.NFO,07/01/2020,09:36:13,3002.6,2997.4,20,3120,40,0,240
BANKNIFTY27FEB2029000CE.NFO,07/01/2020,09:36:14,3002.6,2966.8,20,3120,40,0,240
BANKNIFTY27FEB2029000CE.NFO,07/01/2020,09:36:16,3002.6,2966.9,20,3120,40,0,240
BANKNIFTY27FEB2029000CE.NFO,07/01/2020,09:36:17,3002.6,2967,20,3120,40,0,240
BANKNIFTY27FEB2029000CE.NFO,07/01/2020,09:36:18,3002.6,2999.3,20,3120,40,0,240
BANKNIFTY27FEB2029000CE.NFO,07/01/2020,09:36:19,3002.6,2999.1,20,3120,40,0,240
BANKNIFTY27FEB2029000CE.NFO,07/01/2020,09:36:20,3002.6,2998.05,200,3120,40,0,240
BANKNIFTY27FEB2029000CE.NFO,07/01/2020,09:36:22,3002.6,2999.25,200,3120,40,0,240
BANKNIFTY27FEB2029000CE.NFO,07/01/2020,09:36:23,3002.6,2988.8,20,3120,40,0,240
BANKNIFTY27FEB2029000CE.NFO,07/01/2020,09:36:24,3002.6,2983.1,20,3120,40,0,240
BANKNIFTY27FEB2029000CE.NFO,07/01/2020,09:36:25,3002.6,2967.8,20,3120,40,0,240
BANKNIFTY27FEB2029000CE.NFO,07/01/2020,09:36:27,3002.6,2967.9,20,3120,40,0,240
BANKNIFTY27FEB2029000CE.NFO,07/01/2020,09:36:28,3002.6,2968,20,3120,40,0,240
BANKNIFTY27FEB2029000CE.NFO,07/01/2020,09:36:29,3002.6,2968.1,20,3120,40,0,240
BANKNIFTY27FEB2029000CE.NFO,07/01/2020,09:36:30,3002.6,2989.9,20,3120,40,0,240
BANKNIFTY27FEB2029000CE.NFO,07/01/2020,09:36:31,3002.6,2990,20,3120,40,0,240
BANKNIFTY27FEB2029000CE.NFO,07/01/2020,09:36:33,3002.6,2990.1,20,3120,40,0,240
BANKNIFTY27FEB2029000CE.NFO,07/01/2020,09:36:34,3002.6,2990.2,20,3120,40,0,240
BANKNIFTY27FEB2029000CE.NFO,07/01/2020,09:36:35,3002.6,2990.3,20,3120,40,0,240
BANKNIFTY27FEB2029000CE.NFO,07/01/2020,09:36:36,3002.6,2984.2,20,3120,40,0,240
BANKNIFTY27FEB2029000CE.NFO,07/01/2020,09:36:37,3002.6,2997.35,20,3120,40,0,240
BANKNIFTY27FEB2029000CE.NFO,07/01/2020,09:36:38,3002.6,2997.45,20,3120,40,0,240
BANKNIFTY27FEB2029000CE.NFO,07/01/2020,09:36:40,3002.6,2997.55,20,3120,40,0,240
BANKNIFTY27FEB2029000CE.NFO,07/01/2020,09:36:41,3002.6,2997.75,20,3120,40,0,240
BANKNIFTY27FEB2029000CE.NFO,07/01/2020,09:36:42,3002.6,3001.35,20,3120,40,0,240
BANKNIFTY27FEB2029000CE.NFO,07/01/2020,09:36:43,3002.6,3001.6,20,3120,40,0,240
BANKNIFTY27FEB2029000CE.NFO,07/01/2020,09:36:44,3002.6,2966.2,20,3120,40,0,240
BANKNIFTY27FEB2029000CE.NFO,07/01/2020,09:36:45,3002.6,2966.3,20,3120,40,0,240
BANKNIFTY27FEB2029000CE.NFO,07/01/2020,09:36:47,3002.6,2966.4,20,3120,40,0,240
BANKNIFTY27FEB2029000CE.NFO,07/01/2020,09:36:48,3002.6,2966.5,20,3120,40,0,240
BANKNIFTY27FEB2029000CE.NFO,07/01/2020,09:36:49,3002.6,2984.3,20,3120,40,0,240
BANKNIFTY27FEB2029000CE.NFO,07/01/2020,09:36:50,3002.6,2984.4,20,3120,40,0,240
BANKNIFTY27FEB2029000CE.NFO,07/01/2020,09:36:51,3002.6,2998.8,20,3120,40,0,240
BANKNIFTY27FEB2029000CE.NFO,07/01/2020,09:36:52,3002.6,2998.9,40,3120,40,0,240
BANKNIFTY27FEB2029000CE.NFO,07/01/2020,09:36:54,3002.6,3010.95,40,3120,40,0,240
BANKNIFTY27FEB2029000CE.NFO,07/01/2020,09:36:55,3002.6,3001.85,40,3120,40,0,240
BANKNIFTY27FEB2029000CE.NFO,07/01/2020,09:36:56,3002.6,3001.95,40,3120,40,0,240
BANKNIFTY27FEB2029000CE.NFO,07/01/2020,09:36:57,3002.6,3012.75,40,3120,40,0,240
BANKNIFTY27FEB2029000CE.NFO,07/01/2020,09:36:59,3002.6,3013.25,200,3120,40,0,240
BANKNIFTY27FEB2029000CE.NFO,07/01/2020,09:37:00,3002.6,2989.15,40,3120,40,0,240
BANKNIFTY27FEB2029000CE.NFO,07/01/2020,09:37:01,3002.6,2966.3,40,3120,40,0,240
BANKNIFTY27FEB2029000CE.NFO,07/01/2020,09:37:02,3002.6,3020.05,200,3120,40,0,240
BANKNIFTY27FEB2029000CE.NFO,07/01/2020,09:37:08,3002.6,3043.55,200,3119.95,20,0,240
BANKNIFTY27FEB2029000CE.NFO,07/01/2020,09:37:10,3002.6,3020.2,20,3119.95,20,0,240
BANKNIFTY27FEB2029000CE.NFO,07/01/2020,09:37:11,3002.6,3035.75,20,3119.95,20,0,240
BANKNIFTY27FEB2029000CE.NFO,07/01/2020,09:37:12,3002.6,3038.6,20,3119.95,20,0,240
BANKNIFTY27FEB2029000CE.NFO,07/01/2020,09:37:14,3002.6,3038.9,20,3119.95,20,0,240
BANKNIFTY27FEB2029000CE.NFO,07/01/2020,09:37:15,3002.6,3020.1,20,3119.95,20,0,240
BANKNIFTY27FEB2029000CE.NFO,07/01/2020,09:37:16,3002.6,3028.6,20,3119.95,20,0,240
BANKNIFTY27FEB2029000CE.NFO,07/01/2020,09:37:17,3002.6,3035.05,20,3119.95,20,0,240
BANKNIFTY27FEB2029000CE.NFO,07/01/2020,09:37:18,3002.6,3033.05,20,3119.95,20,0,240
BANKNIFTY27FEB2029000CE.NFO,07/01/2020,09:37:20,3002.6,3036.1,200,3119.95,20,0,240
BANKNIFTY27FEB2029000CE.NFO,07/01/2020,09:37:21,3002.6,3033.3,200,3119.95,20,0,240
BANKNIFTY27FEB2029000CE.NFO,07/01/2020,09:37:22,3002.6,3040.05,200,3119.95,20,0,240
BANKNIFTY27FEB2029000CE.NFO,07/01/2020,09:37:26,3040.05,3040.05,160,3243.05,20,40,240
BANKNIFTY27FEB2029000CE.NFO,07/01/2020,09:37:27,3040.05,3040,20,3109.1,20,20,260
BANKNIFTY27FEB2029000CE.NFO,07/01/2020,09:37:28,3040.05,3050,20,3133.05,20,0,260
BANKNIFTY27FEB2029000CE.NFO,07/01/2020,09:37:32,3040.05,3050,20,3132.95,20,0,260
BANKNIFTY27FEB2029000CE.NFO,07/01/2020,09:37:36,3040.05,3042,100,3132.95,20,0,260
BANKNIFTY27FEB2029000CE.NFO,07/01/2020,09:37:37,3040.05,3042,100,3132.85,20,0,260
BANKNIFTY27FEB2029000CE.NFO,07/01/2020,09:37:42,3040.05,3042,100,3147.15,20,0,260
BANKNIFTY27FEB2029000CE.NFO,07/01/2020,09:37:43,3040.05,3042,100,3143.6,20,0,260
BANKNIFTY27FEB2029000CE.NFO,07/01/2020,09:37:49,3040.05,3042,100,3143.45,20,0,260
BANKNIFTY27FEB2029000CE.NFO,07/01/2020,09:37:51,3040.05,3042,100,3176.5,20,0,260
BANKNIFTY27FEB2029000CE.NFO,07/01/2020,09:37:52,3040.05,3042,100,3144.1,20,0,260
BANKNIFTY27FEB2029000CE.NFO,07/01/2020,09:37:53,3040.05,3042,100,3151.85,20,0,260
BANKNIFTY27FEB2029000CE.NFO,07/01/2020,09:37:54,3040.05,3042,100,3144.95,20,0,260
BANKNIFTY27FEB2029000CE.NFO,07/01/2020,09:37:55,3040.05,3042,100,3127.15,20,0,260
BANKNIFTY27FEB2029000CE.NFO,07/01/2020,09:37:57,3040.05,3042,100,3145.1,20,0,260
BANKNIFTY27FEB2029000CE.NFO,07/01/2020,09:37:58,3040.05,3042,100,3176.6,20,0,260
BANKNIFTY27FEB2029000CE.NFO,07/01/2020,09:37:59,3040.05,3042,100,3145.2,20,0,260
BANKNIFTY27FEB2029000CE.NFO,07/01/2020,09:38:00,3040.05,3042,100,3139.45,20,0,260
BANKNIFTY27FEB2029000CE.NFO,07/01/2020,09:38:01,3040.05,3042,100,3208.5,20,0,260
BANKNIFTY27FEB2029000CE.NFO,07/01/2020,09:38:03,3040.05,3042,100,3122.35,20,0,260
BANKNIFTY27FEB2029000CE.NFO,07/01/2020,09:38:04,3040.05,3042,100,3145.6,20,0,260
BANKNIFTY27FEB2029000CE.NFO,07/01/2020,09:38:05,3040.05,3042,100,3145.45,20,0,260
BANKNIFTY27FEB2029000CE.NFO,07/01/2020,09:38:06,3040.05,3042,100,3145.35,20,0,260
BANKNIFTY27FEB2029000CE.NFO,07/01/2020,09:38:07,3040.05,3042,100,3146.5,20,0,260
BANKNIFTY27FEB2029000CE.NFO,07/01/2020,09:38:09,3040.05,3042,100,3143.85,20,0,260
BANKNIFTY27FEB2029000CE.NFO,07/01/2020,09:38:10,3040.05,3042,100,3175.6,20,0,260
BANKNIFTY27FEB2029000CE.NFO,07/01/2020,09:38:11,3040.05,3042,100,3119.45,20,0,260
BANKNIFTY27FEB2029000CE.NFO,07/01/2020,09:38:12,3040.05,3042,100,3143.75,20,0,260
BANKNIFTY27FEB2029000CE.NFO,07/01/2020,09:38:13,3040.05,3042,100,3145.25,20,0,260
BANKNIFTY27FEB2029000CE.NFO,07/01/2020,09:38:15,3040.05,3042,100,3121.8,20,0,260
BANKNIFTY27FEB2029000CE.NFO,07/01/2020,09:38:16,3040.05,3042,100,3128.85,20,0,260
BANKNIFTY27FEB2029000CE.NFO,07/01/2020,09:38:17,3040.05,3042,100,3146.8,20,0,260
BANKNIFTY27FEB2029000CE.NFO,07/01/2020,09:38:18,3040.05,3042,100,3147.3,20,0,260
BANKNIFTY27FEB2029000CE.NFO,07/01/2020,09:38:20,3040.05,3042.05,20,3164.1,20,0,260
BANKNIFTY27FEB2029000CE.NFO,07/01/2020,09:38:21,3040.05,3042,100,3149.05,20,0,260
BANKNIFTY27FEB2029000CE.NFO,07/01/2020,09:38:22,3040.05,3042,100,3145.95,20,0,260
BANKNIFTY27FEB2029000CE.NFO,07/01/2020,09:38:24,3040.05,3042,100,3143.05,20,0,260
BANKNIFTY27FEB2029000CE.NFO,07/01/2020,09:38:26,3040.05,3042,100,3140.25,20,0,260
BANKNIFTY27FEB2029000CE.NFO,07/01/2020,09:38:28,3040.05,3042,100,3138.7,20,0,260
BANKNIFTY27FEB2029000CE.NFO,07/01/2020,09:38:29,3040.05,3042,100,3127.1,20,0,260
BANKNIFTY27FEB2029000CE.NFO,07/01/2020,09:38:31,3040.05,3042,100,3110.3,20,0,260
BANKNIFTY27FEB2029000CE.NFO,07/01/2020,09:38:32,3040.05,3042,100,3134.6,20,0,260
BANKNIFTY27FEB2029000CE.NFO,07/01/2020,09:38:34,3040.05,3042,100,3112.4,20,0,260
BANKNIFTY27FEB2029000CE.NFO,07/01/2020,09:38:35,3040.05,3042,100,3135.2,20,0,260
BANKNIFTY27FEB2029000CE.NFO,07/01/2020,09:38:37,3040.05,3042,100,3133.4,20,0,260
BANKNIFTY27FEB2029000CE.NFO,07/01/2020,09:38:38,3040.05,3042,100,3135.15,20,0,260
BANKNIFTY27FEB2029000CE.NFO,07/01/2020,09:38:39,3040.05,3042,100,3133.15,20,0,260
BANKNIFTY27FEB2029000CE.NFO,07/01/2020,09:38:40,3040.05,3042,100,3132.7,20,0,260
BANKNIFTY27FEB2029000CE.NFO,07/01/2020,09:38:42,3040.05,3042,100,3130.4,20,0,260
BANKNIFTY27FEB2029000CE.NFO,07/01/2020,09:38:43,3040.05,3042,100,3127.6,20,0,260
BANKNIFTY27FEB2029000CE.NFO,07/01/2020,09:38:44,3040.05,3042,100,3110.55,20,0,260
BANKNIFTY27FEB2029000CE.NFO,07/01/2020,09:38:46,3040.05,3042,100,3101.5,20,0,260
BANKNIFTY27FEB2029000CE.NFO,07/01/2020,09:38:47,3040.05,3042,100,3156.5,20,0,260
BANKNIFTY27FEB2029000CE.NFO,07/01/2020,09:38:48,3040.05,3042,100,3123.7,20,0,260
BANKNIFTY27FEB2029000CE.NFO,07/01/2020,09:38:49,3040.05,3042,100,3125.95,20,0,260
BANKNIFTY27FEB2029000CE.NFO,07/01/2020,09:38:50,3040.05,3042,100,3102.55,20,0,260
BANKNIFTY27FEB2029000CE.NFO,07/01/2020,09:38:52,3040.05,3042,100,3142.6,20,0,260
BANKNIFTY27FEB2029000CE.NFO,07/01/2020,09:38:53,3040.05,3024.3,20,3136.35,20,0,260
BANKNIFTY27FEB2029000CE.NFO,07/01/2020,09:38:54,3040.05,3020.05,20,3134.8,20,0,260
BANKNIFTY27FEB2029000CE.NFO,07/01/2020,09:38:55,3040.05,3020.05,20,3139.1,20,0,260
BANKNIFTY27FEB2029000CE.NFO,07/01/2020,09:38:56,3040.05,2966.5,20,3134.4,20,0,260
BANKNIFTY27FEB2029000CE.NFO,07/01/2020,09:38:58,3040.05,3012.75,20,3141.95,20,0,260
BANKNIFTY27FEB2029000CE.NFO,07/01/2020,09:38:59,3040.05,2999.15,40,3142.7,20,0,260
BANKNIFTY27FEB2029000CE.NFO,07/01/2020,09:39:00,3040.05,2982.15,20,3199.2,20,0,260
BANKNIFTY27FEB2029000CE.NFO,07/01/2020,09:39:01,3040.05,2966.15,20,3135.1,20,0,260
BANKNIFTY27FEB2029000CE.NFO,07/01/2020,09:39:03,3040.05,2999.8,20,3143.2,20,0,260
BANKNIFTY27FEB2029000CE.NFO,07/01/2020,09:39:04,3040.05,2990,20,3134.15,20,0,260
BANKNIFTY27FEB2029000CE.NFO,07/01/2020,09:39:05,3040.05,2997.05,20,3133.45,20,0,260
BANKNIFTY27FEB2029000CE.NFO,07/01/2020,09:39:06,3040.05,2966.25,20,3132.8,20,0,260
BANKNIFTY27FEB2029000CE.NFO,07/01/2020,09:39:07,3040.05,3012.4,20,3195.4,20,0,260
BANKNIFTY27FEB2029000CE.NFO,07/01/2020,09:39:08,3040.05,2998,40,3132.85,20,0,260
BANKNIFTY27FEB2029000CE.NFO,07/01/2020,09:39:10,3040.05,2998,40,3116.05,20,0,260
BANKNIFTY27FEB2029000CE.NFO,07/01/2020,09:39:11,3040.05,3004.35,20,3109.85,20,0,260
BANKNIFTY27FEB2029000CE.NFO,07/01/2020,09:39:12,3040.05,2990.15,20,3108.3,20,0,260
BANKNIFTY27FEB2029000CE.NFO,07/01/2020,09:39:13,3040.05,2996.6,20,3114,20,0,260
BANKNIFTY27FEB2029000CE.NFO,07/01/2020,09:39:14,3040.05,3000.95,20,3135.25,20,0,260
BANKNIFTY27FEB2029000CE.NFO,07/01/2020,09:39:15,3040.05,3000.95,40,3201,20,0,260
BANKNIFTY27FEB2029000CE.NFO,07/01/2020,09:39:17,3040.05,3000.95,40,3140.95,20,0,260
BANKNIFTY27FEB2029000CE.NFO,07/01/2020,09:39:18,3040.05,3000.95,40,3154.95,20,0,260
BANKNIFTY27FEB2029000CE.NFO,07/01/2020,09:39:19,3040.05,3000.95,40,3115.45,20,0,260
BANKNIFTY27FEB2029000CE.NFO,07/01/2020,09:39:20,3040.05,3000.95,40,3203.05,20,0,260
BANKNIFTY27FEB2029000CE.NFO,07/01/2020,09:39:21,3040.05,3000.95,40,3116.45,20,0,260
BANKNIFTY27FEB2029000CE.NFO,07/01/2020,09:39:22,3040.05,3000.95,40,3140.3,20,0,260
BANKNIFTY27FEB2029000CE.NFO,07/01/2020,09:39:25,3040.05,3000.95,40,3162.3,20,0,260
BANKNIFTY27FEB2029000CE.NFO,07/01/2020,09:39:26,3040.05,3000.95,40,3148.55,20,0,260
BANKNIFTY27FEB2029000CE.NFO,07/01/2020,09:39:27,3040.05,3000.95,40,3122.8,20,0,260
BANKNIFTY27FEB2029000CE.NFO,07/01/2020,09:39:28,3040.05,3043.35,40,3151.4,20,0,260
BANKNIFTY27FEB2029000CE.NFO,07/01/2020,09:39:29,3040.05,3043.35,40,3147.9,20,0,260
BANKNIFTY27FEB2029000CE.NFO,07/01/2020,09:39:30,3040.05,3043.35,40,3151.15,20,0,260
BANKNIFTY27FEB2029000CE.NFO,07/01/2020,09:39:32,3040.05,3043.35,40,3149.65,20,0,260
BANKNIFTY27FEB2029000CE.NFO,07/01/2020,09:39:37,3040.05,3043.35,40,3158.65,20,0,260
BANKNIFTY27FEB2029000CE.NFO,07/01/2020,09:39:39,3040.05,3042.15,40,3123.1,20,0,260
BANKNIFTY27FEB2029000CE.NFO,07/01/2020,09:39:40,3040.05,3040.2,20,3143.5,20,0,260
BANKNIFTY27FEB2029000CE.NFO,07/01/2020,09:39:41,3040.05,3040.2,20,3141.85,20,0,260
BANKNIFTY27FEB2029000CE.NFO,07/01/2020,09:39:42,3040.05,3040.2,20,3147.95,20,0,260
BANKNIFTY27FEB2029000CE.NFO,07/01/2020,09:39:43,3040.05,3040.2,20,3160.75,20,0,260
BANKNIFTY27FEB2029000CE.NFO,07/01/2020,09:39:45,3040.05,3040.2,20,3143,20,0,260
BANKNIFTY27FEB2029000CE.NFO,07/01/2020,09:39:46,3040.05,3042.05,20,3131.15,20,0,260
BANKNIFTY27FEB2029000CE.NFO,07/01/2020,09:39:47,3040.05,3042.45,20,3148.1,20,0,260
BANKNIFTY27FEB2029000CE.NFO,07/01/2020,09:39:48,3040.05,3042.45,20,3152.1,20,0,260
BANKNIFTY27FEB2029000CE.NFO,07/01/2020,09:39:50,3040.05,3042.45,20,3148.5,20,0,260
BANKNIFTY27FEB2029000CE.NFO,07/01/2020,09:39:51,3040.05,3041.85,20,3213.05,20,0,260
BANKNIFTY27FEB2029000CE.NFO,07/01/2020,09:39:52,3040.05,3044.05,20,3152.95,20,0,260
BANKNIFTY27FEB2029000CE.NFO,07/01/2020,09:39:53,3040.05,3043.25,20,3148.65,20,0,260
BANKNIFTY27FEB2029000CE.NFO,07/01/2020,09:39:54,3040.05,3044.1,40,3152.9,20,0,260
BANKNIFTY27FEB2029000CE.NFO,07/01/2020,09:39:56,3040.05,3044.1,40,3151.4,20,0,260
BANKNIFTY27FEB2029000CE.NFO,07/01/2020,09:39:57,3040.05,3044.1,40,3150.3,20,0,260
BANKNIFTY27FEB2029000CE.NFO,07/01/2020,09:39:59,3040.05,3043.15,20,3149.8,20,0,260
BANKNIFTY27FEB2029000CE.NFO,07/01/2020,09:40:00,3040.05,3043.15,40,3151.55,20,0,260
BANKNIFTY27FEB2029000CE.NFO,07/01/2020,09:40:02,3040.05,3043.15,40,3151.45,20,0,260
BANKNIFTY27FEB2029000CE.NFO,07/01/2020,09:40:05,3040.05,3043.15,40,3134.2,20,0,260
BANKNIFTY27FEB2029000CE.NFO,07/01/2020,09:40:06,3040.05,3043.2,200,3159,20,0,260
BANKNIFTY27FEB2029000CE.NFO,07/01/2020,09:40:07,3040.05,3051,20,3132.75,20,0,260
BANKNIFTY27FEB2029000CE.NFO,07/01/2020,09:40:08,3040.05,3051.95,40,3138.15,20,0,260
BANKNIFTY27FEB2029000CE.NFO,07/01/2020,09:40:10,3040.05,3052.05,20,3135.5,20,0,260
BANKNIFTY27FEB2029000CE.NFO,07/01/2020,09:40:11,3040.05,3052.05,20,3134.45,20,0,260
BANKNIFTY27FEB2029000CE.NFO,07/01/2020,09:40:12,3040.05,3052.2,20,3167.25,20,0,260
BANKNIFTY27FEB2029000CE.NFO,07/01/2020,09:40:13,3040.05,3052.2,20,3134.95,20,0,260
BANKNIFTY27FEB2029000CE.NFO,07/01/2020,09:40:14,3040.05,3052.2,20,3159.05,20,0,260
BANKNIFTY27FEB2029000CE.NFO,07/01/2020,09:40:15,3040.05,3052.1,20,3190.6,20,0,260
BANKNIFTY27FEB2029000CE.NFO,07/01/2020,09:40:17,3040.05,3051.2,20,3160.25,20,0,260
BANKNIFTY27FEB2029000CE.NFO,07/01/2020,09:40:18,3040.05,3051.1,20,3158.55,20,0,260
BANKNIFTY27FEB2029000CE.NFO,07/01/2020,09:40:19,3040.05,3051.6,40,3173.3,20,0,260
BANKNIFTY27FEB2029000CE.NFO,07/01/2020,09:40:20,3040.05,3051.7,20,3133.15,20,0,260
BANKNIFTY27FEB2029000CE.NFO,07/01/2020,09:40:21,3040.05,3048.25,20,3129.45,20,0,260
BANKNIFTY27FEB2029000CE.NFO,07/01/2020,09:40:22,3040.05,3048.25,20,3153.7,20,0,260
BANKNIFTY27FEB2029000CE.NFO,07/01/2020,09:40:23,3040.05,3048.25,20,3185.5,20,0,260
BANKNIFTY27FEB2029000CE.NFO,07/01/2020,09:40:24,3040.05,3049,20,3157.65,20,0,260
BANKNIFTY27FEB2029000CE.NFO,07/01/2020,09:40:26,3040.05,3049.45,40,3156.45,20,0,260
BANKNIFTY27FEB2029000CE.NFO,07/01/2020,09:40:27,3040.05,3050.55,20,3165.6,20,0,260
BANKNIFTY27FEB2029000CE.NFO,07/01/2020,09:40:28,3040.05,3049.25,20,3157.2,20,0,260
BANKNIFTY27FEB2029000CE.NFO,07/01/2020,09:40:29,3040.05,3050.05,20,3164.15,20,0,260
BANKNIFTY27FEB2029000CE.NFO,07/01/2020,09:40:30,3040.05,3050.65,40,3187.75,20,0,260
BANKNIFTY27FEB2029000CE.NFO,07/01/2020,09:40:31,3040.05,3050.65,40,3156.25,20,0,260
BANKNIFTY27FEB2029000CE.NFO,07/01/2020,09:40:33,3040.05,3045.35,20,3128.65,20,0,260
BANKNIFTY27FEB2029000CE.NFO,07/01/2020,09:40:34,3040.05,3046.6,20,3152.4,20,0,260
BANKNIFTY27FEB2029000CE.NFO,07/01/2020,09:40:35,3040.05,3046.7,20,3161.05,20,0,260
BANKNIFTY27FEB2029000CE.NFO,07/01/2020,09:40:36,3040.05,3046.7,40,3160.7,20,0,260
BANKNIFTY27FEB2029000CE.NFO,07/01/2020,09:40:37,3040.05,3046.7,20,3152.4,20,0,260
BANKNIFTY27FEB2029000CE.NFO,07/01/2020,09:40:38,3040.05,3046.8,20,3168.05,20,0,260
BANKNIFTY27FEB2029000CE.NFO,07/01/2020,09:40:39,3040.05,3046.8,40,3155.55,20,0,260
BANKNIFTY27FEB2029000CE.NFO,07/01/2020,09:40:41,3040.05,3046.8,40,3185.1,20,0,260
BANKNIFTY27FEB2029000CE.NFO,07/01/2020,09:40:42,3040.05,3045.95,20,3151.4,20,0,260
BANKNIFTY27FEB2029000CE.NFO,07/01/2020,09:40:43,3040.05,3047.9,20,3185.55,20,0,260
BANKNIFTY27FEB2029000CE.NFO,07/01/2020,09:40:44,3040.05,3048.6,40,3130.45,20,0,260
BANKNIFTY27FEB2029000CE.NFO,07/01/2020,09:40:45,3040.05,3048.7,20,3154.1,20,0,260
BANKNIFTY27FEB2029000CE.NFO,07/01/2020,09:40:48,3040.05,3049.2,20,3162.5,20,0,260
BANKNIFTY27FEB2029000CE.NFO,07/01/2020,09:40:49,3040.05,3048.35,20,3154.55,20,0,260
BANKNIFTY27FEB2029000CE.NFO,07/01/2020,09:40:50,3040.05,3047.4,40,3129.05,20,0,260
BANKNIFTY27FEB2029000CE.NFO,07/01/2020,09:40:51,3040.05,3047.4,40,3130.6,20,0,260
BANKNIFTY27FEB2029000CE.NFO,07/01/2020,09:40:52,3040.05,3047.65,20,3153.65,20,0,260
BANKNIFTY27FEB2029000CE.NFO,07/01/2020,09:40:54,3040.05,3047.55,40,3185.3,20,0,260
BANKNIFTY27FEB2029000CE.NFO,07/01/2020,09:40:56,3040.05,3047.65,20,3155.6,20,0,260
BANKNIFTY27FEB2029000CE.NFO,07/01/2020,09:40:57,3040.05,3047.65,20,3154.45,20,0,260
BANKNIFTY27FEB2029000CE.NFO,07/01/2020,09:40:58,3040.05,3047.85,40,3162.2,20,0,260
BANKNIFTY27FEB2029000CE.NFO,07/01/2020,09:40:59,3040.05,3047,20,3154.45,20,0,260
BANKNIFTY27FEB2029000CE.NFO,07/01/2020,09:41:00,3040.05,3048.15,20,3170.1,20,0,260
BANKNIFTY27FEB2029000CE.NFO,07/01/2020,09:41:02,3040.05,3048.3,20,3130.65,20,0,260
BANKNIFTY27FEB2029000CE.NFO,07/01/2020,09:41:03,3040.05,3048.3,20,3154.5,20,0,260
BANKNIFTY27FEB2029000CE.NFO,07/01/2020,09:41:04,3040.05,3047.35,20,3154.5,20,0,260
BANKNIFTY27FEB2029000CE.NFO,07/01/2020,09:41:05,3040.05,3047.05,20,3170.25,20,0,260
BANKNIFTY27FEB2029000CE.NFO,07/01/2020,09:41:06,3040.05,3050.15,40,3155.65,20,0,260
BANKNIFTY27FEB2029000CE.NFO,07/01/2020,09:41:08,3040.05,3048.7,20,3154.05,20,0,260
BANKNIFTY27FEB2029000CE.NFO,07/01/2020,09:41:09,3040.05,3049.15,20,3169.95,20,0,260
BANKNIFTY27FEB2029000CE.NFO,07/01/2020,09:41:10,3040.05,3049.15,20,3154.3,20,0,260
BANKNIFTY27FEB2029000CE.NFO,07/01/2020,09:41:11,3040.05,3049.15,20,3131.65,20,0,260
BANKNIFTY27FEB2029000CE.NFO,07/01/2020,09:41:12,3040.05,3048.35,20,3154,20,0,260
BANKNIFTY27FEB2029000CE.NFO,07/01/2020,09:41:13,3040.05,3048.35,40,3131.6,20,0,260
BANKNIFTY27FEB2029000CE.NFO,07/01/2020,09:41:14,3040.05,3048.35,40,3155.4,20,0,260
BANKNIFTY27FEB2029000CE.NFO,07/01/2020,09:41:17,3040.05,3048.35,40,3154.4,20,0,260
BANKNIFTY27FEB2029000CE.NFO,07/01/2020,09:41:18,3040.05,3048.35,40,3162.45,20,0,260
BANKNIFTY27FEB2029000CE.NFO,07/01/2020,09:41:19,3040.05,3048.35,40,3129.75,20,0,260
BANKNIFTY27FEB2029000CE.NFO,07/01/2020,09:41:20,3040.05,3051.6,20,3155.4,20,0,260
BANKNIFTY27FEB2029000CE.NFO,07/01/2020,09:41:21,3040.05,3050.75,20,3186.75,20,0,260
BANKNIFTY27FEB2029000CE.NFO,07/01/2020,09:41:23,3040.05,3050.75,40,3155.4,20,0,260
BANKNIFTY27FEB2029000CE.NFO,07/01/2020,09:41:24,3040.05,3052.1,20,3134.55,20,0,260
BANKNIFTY27FEB2029000CE.NFO,07/01/2020,09:41:25,3040.05,3050.25,20,3156.25,20,0,260
BANKNIFTY27FEB2029000CE.NFO,07/01/2020,09:41:26,3040.05,3050.25,20,3154.25,20,0,260
BANKNIFTY27FEB2029000CE.NFO,07/01/2020,09:41:27,3040.05,3050.25,20,3130.3,20,0,260
BANKNIFTY27FEB2029000CE.NFO,07/01/2020,09:41:29,3040.05,3050.2,20,3170.5,20,0,260
BANKNIFTY27FEB2029000CE.NFO,07/01/2020,09:41:30,3040.05,3050,40,3157.2,20,0,260
BANKNIFTY27FEB2029000CE.NFO,07/01/2020,09:41:31,3040.05,3050,40,3155.4,20,0,260
BANKNIFTY27FEB2029000CE.NFO,07/01/2020,09:41:37,3040.05,3053.5,20,3155.4,20,0,260
BANKNIFTY27FEB2029000CE.NFO,07/01/2020,09:41:39,3040.05,3053.85,40,3155.4,20,0,260
BANKNIFTY27FEB2029000CE.NFO,07/01/2020,09:41:40,3040.05,3052.65,20,3155.4,20,0,260
BANKNIFTY27FEB2029000CE.NFO,07/01/2020,09:41:42,3040.05,3053.3,20,3161.65,20,0,260
BANKNIFTY27FEB2029000CE.NFO,07/01/2020,09:41:43,3040.05,3052.5,40,3158.5,20,0,260
BANKNIFTY27FEB2029000CE.NFO,07/01/2020,09:41:45,3040.05,3052.6,40,3158.5,20,0,260
BANKNIFTY27FEB2029000CE.NFO,07/01/2020,09:41:46,3040.05,3057.1,40,3158.5,20,0,260
BANKNIFTY27FEB2029000CE.NFO,07/01/2020,09:41:47,3040.05,3057.2,20,3158.5,20,0,260
BANKNIFTY27FEB2029000CE.NFO,07/01/2020,09:41:50,3040.05,3057.3,20,3158.5,20,0,260
BANKNIFTY27FEB2029000CE.NFO,07/01/2020,09:41:51,3040.05,3058.05,20,3158.5,20,0,260
BANKNIFTY27FEB2029000CE.NFO,07/01/2020,09:41:52,3040.05,3058.95,40,3160.35,20,0,260
BANKNIFTY27FEB2029000CE.NFO,07/01/2020,09:41:53,3040.05,3057.8,20,3159.5,20,0,260
BANKNIFTY27FEB2029000CE.NFO,07/01/2020,09:41:55,3040.05,3057.85,20,3159.5,20,0,260
BANKNIFTY27FEB2029000CE.NFO,07/01/2020,09:41:56,3040.05,3057.85,40,3159.5,20,0,260
BANKNIFTY27FEB2029000CE.NFO,07/01/2020,09:41:58,3040.05,3058.95,20,3159.5,20,0,260
BANKNIFTY27FEB2029000CE.NFO,07/01/2020,09:41:59,3040.05,3058.85,20,3159.5,20,0,260
BANKNIFTY27FEB2029000CE.NFO,07/01/2020,09:42:01,3040.05,3057.35,20,3159.5,20,0,260
BANKNIFTY27FEB2029000CE.NFO,07/01/2020,09:42:02,3040.05,3056.25,20,3134.3,20,0,260
BANKNIFTY27FEB2029000CE.NFO,07/01/2020,09:42:03,3040.05,3054.6,40,3222.1,20,0,260
BANKNIFTY27FEB2029000CE.NFO,07/01/2020,09:42:04,3040.05,3053.4,20,3134,20,0,260
BANKNIFTY27FEB2029000CE.NFO,07/01/2020,09:42:06,3040.05,3053.3,20,3158.15,20,0,260
BANKNIFTY27FEB2029000CE.NFO,07/01/2020,09:42:07,3040.05,3052.15,20,3132.2,20,0,260
BANKNIFTY27FEB2029000CE.NFO,07/01/2020,09:42:08,3040.05,3054.85,20,3167.1,20,0,260
BANKNIFTY27FEB2029000CE.NFO,07/01/2020,09:42:09,3040.05,3055.35,20,3134.55,20,0,260
BANKNIFTY27FEB2029000CE.NFO,07/01/2020,09:42:11,3040.05,3053.1,40,3158.35,20,0,260
BANKNIFTY27FEB2029000CE.NFO,07/01/2020,09:42:12,3040.05,3056.35,40,3174.9,20,0,260
BANKNIFTY27FEB2029000CE.NFO,07/01/2020,09:42:13,3040.05,3052.9,20,3158.45,20,0,260
BANKNIFTY27FEB2029000CE.NFO,07/01/2020,09:42:14,3040.05,3055.25,20,3150.5,20,0,260
BANKNIFTY27FEB2029000CE.NFO,07/01/2020,09:42:16,3040.05,3057.55,20,3135.65,20,0,260
BANKNIFTY27FEB2029000CE.NFO,07/01/2020,09:42:17,3040.05,3057,20,3159.5,20,0,260
BANKNIFTY27FEB2029000CE.NFO,07/01/2020,09:42:18,3040.05,3058.2,20,3180.15,20,0,260
BANKNIFTY27FEB2029000CE.NFO,07/01/2020,09:42:20,3040.05,3058.2,20,3165.05,20,0,260
BANKNIFTY27FEB2029000CE.NFO,07/01/2020,09:42:21,3040.05,3057.45,20,3163.85,20,0,260
BANKNIFTY27FEB2029000CE.NFO,07/01/2020,09:42:22,3040.05,3060.4,40,3168.75,20,0,260
BANKNIFTY27FEB2029000CE.NFO,07/01/2020,09:42:23,3040.05,3062.7,20,3160.55,20,0,260
BANKNIFTY27FEB2029000CE.NFO,07/01/2020,09:42:24,3040.05,3063.65,200,3172.55,20,0,260
BANKNIFTY27FEB2029000CE.NFO,07/01/2020,09:42:25,3040.05,3061.65,20,3168,20,0,260
BANKNIFTY27FEB2029000CE.NFO,07/01/2020,09:42:27,3040.05,3063.05,20,3184.65,20,0,260
BANKNIFTY27FEB2029000CE.NFO,07/01/2020,09:42:28,3040.05,3063.1,20,3144.8,20,0,260
BANKNIFTY27FEB2029000CE.NFO,07/01/2020,09:42:29,3040.05,3063.2,20,3169.25,20,0,260
BANKNIFTY27FEB2029000CE.NFO,07/01/2020,09:42:30,3040.05,3061.65,20,3199.75,20,0,260
BANKNIFTY27FEB2029000CE.NFO,07/01/2020,09:42:31,3040.05,3059.5,20,3165.55,20,0,260
BANKNIFTY27FEB2029000CE.NFO,07/01/2020,09:42:33,3040.05,3059.4,20,3181.35,20,0,260
BANKNIFTY27FEB2029000CE.NFO,07/01/2020,09:42:34,3040.05,3059.4,40,3167.75,20,0,260
BANKNIFTY27FEB2029000CE.NFO,07/01/2020,09:42:35,3040.05,3060.45,20,3157.15,20,0,260
BANKNIFTY27FEB2029000CE.NFO,07/01/2020,09:42:36,3040.05,3061.4,40,3168.45,20,0,260
BANKNIFTY27FEB2029000CE.NFO,07/01/2020,09:42:37,3040.05,3060.9,20,3183.15,20,0,260
BANKNIFTY27FEB2029000CE.NFO,07/01/2020,09:42:39,3040.05,3059.4,20,3164.65,20,0,260
BANKNIFTY27FEB2029000CE.NFO,07/01/2020,09:42:40,3040.05,3059.4,20,3164.5,20,0,260
BANKNIFTY27FEB2029000CE.NFO,07/01/2020,09:42:41,3040.05,3059.4,20,3163.85,20,0,260
BANKNIFTY27FEB2029000CE.NFO,07/01/2020,09:42:42,3040.05,3059.85,20,3195.3,20,0,260
BANKNIFTY27FEB2029000CE.NFO,07/01/2020,09:42:43,3040.05,3059.95,40,3167.65,20,0,260
BANKNIFTY27FEB2029000CE.NFO,07/01/2020,09:42:44,3040.05,3059.95,40,3195.7,20,0,260
BANKNIFTY27FEB2029000CE.NFO,07/01/2020,09:42:46,3040.05,3059.95,40,3164.35,20,0,260
BANKNIFTY27FEB2029000CE.NFO,07/01/2020,09:42:47,3040.05,3059.95,40,3137.3,20,0,260
BANKNIFTY27FEB2029000CE.NFO,07/01/2020,09:42:48,3040.05,3059.95,40,3161.65,20,0,260
BANKNIFTY27FEB2029000CE.NFO,07/01/2020,09:42:49,3040.05,3059.95,40,3160.7,20,0,260
BANKNIFTY27FEB2029000CE.NFO,07/01/2020,09:42:50,3040.05,3053.6,20,3190.95,20,0,260
BANKNIFTY27FEB2029000CE.NFO,07/01/2020,09:42:51,3040.05,3053.6,20,3159.7,20,0,260
BANKNIFTY27FEB2029000CE.NFO,07/01/2020,09:42:53,3040.05,3052.8,20,3158.9,20,0,260
BANKNIFTY27FEB2029000CE.NFO,07/01/2020,09:42:54,3040.05,3052,20,3157.2,20,0,260
BANKNIFTY27FEB2029000CE.NFO,07/01/2020,09:42:55,3040.05,3050.55,20,3147.2,20,0,260
BANKNIFTY27FEB2029000CE.NFO,07/01/2020,09:42:56,3040.05,3051.7,20,3157.3,20,0,260
BANKNIFTY27FEB2029000CE.NFO,07/01/2020,09:42:57,3040.05,3049.65,20,3155.05,20,0,260
BANKNIFTY27FEB2029000CE.NFO,07/01/2020,09:42:58,3040.05,3049.65,40,3131.55,20,0,260
BANKNIFTY27FEB2029000CE.NFO,07/01/2020,09:43:00,3040.05,3048.9,20,3153.9,20,0,260
BANKNIFTY27FEB2029000CE.NFO,07/01/2020,09:43:01,3040.05,3048.9,20,3153.2,20,0,260
BANKNIFTY27FEB2029000CE.NFO,07/01/2020,09:43:02,3040.05,3047.9,20,3169,20,0,260
BANKNIFTY27FEB2029000CE.NFO,07/01/2020,09:43:03,3040.05,3046.45,20,3152.4,20,0,260
BANKNIFTY27FEB2029000CE.NFO,07/01/2020,09:43:04,3040.05,3046.45,20,3160.15,20,0,260
BANKNIFTY27FEB2029000CE.NFO,07/01/2020,09:43:05,3040.05,3045.55,20,3168.05,20,0,260
BANKNIFTY27FEB2029000CE.NFO,07/01/2020,09:43:07,3040.05,3047.7,40,3153.15,20,0,260
BANKNIFTY27FEB2029000CE.NFO,07/01/2020,09:43:08,3040.05,3047.65,20,3215.4,20,0,260
BANKNIFTY27FEB2029000CE.NFO,07/01/2020,09:43:09,3040.05,3047.65,20,3152.4,20,0,260
BANKNIFTY27FEB2029000CE.NFO,07/01/2020,09:43:10,3040.05,3046,20,3152.3,20,0,260
BANKNIFTY27FEB2029000CE.NFO,07/01/2020,09:43:11,3040.05,3047.45,20,3160.15,20,0,260
BANKNIFTY27FEB2029000CE.NFO,07/01/2020,09:43:12,3040.05,3045.95,20,3152.35,20,0,260
BANKNIFTY27FEB2029000CE.NFO,07/01/2020,09:43:14,3040.05,3047.4,20,3152.35,20,0,260
BANKNIFTY27FEB2029000CE.NFO,07/01/2020,09:43:16,3040.05,3046.05,20,3152.35,20,0,260
BANKNIFTY27FEB2029000CE.NFO,07/01/2020,09:43:17,3040.05,3047.55,40,3152.35,20,0,260
BANKNIFTY27FEB2029000CE.NFO,07/01/2020,09:43:18,3040.05,3046.75,20,3152.35,20,0,260
BANKNIFTY27FEB2029000CE.NFO,07/01/2020,09:43:19,3040.05,3047.95,20,3152.35,20,0,260
BANKNIFTY27FEB2029000CE.NFO,07/01/2020,09:43:20,3040.05,3047.35,20,3152.35,20,0,260
BANKNIFTY27FEB2029000CE.NFO,07/01/2020,09:43:22,3040.05,3047.7,40,3152.35,20,0,260
BANKNIFTY27FEB2029000CE.NFO,07/01/2020,09:43:23,3040.05,3047.7,20,3152.35,20,0,260
BANKNIFTY27FEB2029000CE.NFO,07/01/2020,09:43:24,3040.05,3047.35,20,3152.25,20,0,260
BANKNIFTY27FEB2029000CE.NFO,07/01/2020,09:43:25,3040.05,3046.75,20,3131.45,20,0,260
BANKNIFTY27FEB2029000CE.NFO,07/01/2020,09:43:27,3040.05,3046.75,20,3152.3,20,0,260
BANKNIFTY27FEB2029000CE.NFO,07/01/2020,09:43:28,3040.05,3047.05,40,3215.4,20,0,260
BANKNIFTY27FEB2029000CE.NFO,07/01/2020,09:43:29,3040.05,3047.2,40,3152.55,20,0,260
BANKNIFTY27FEB2029000CE.NFO,07/01/2020,09:43:30,3040.05,3047.45,20,3152.4,20,0,260
BANKNIFTY27FEB2029000CE.NFO,07/01/2020,09:43:31,3040.05,3047.5,40,3152.4,20,0,260
BANKNIFTY27FEB2029000CE.NFO,07/01/2020,09:43:33,3040.05,3046.65,20,3152.3,20,0,260
BANKNIFTY27FEB2029000CE.NFO,07/01/2020,09:43:34,3040.05,3045.8,20,3151.9,20,0,260
BANKNIFTY27FEB2029000CE.NFO,07/01/2020,09:43:35,3040.05,3046.1,20,3151.9,20,0,260
BANKNIFTY27FEB2029000CE.NFO,07/01/2020,09:43:38,3040.05,3046.45,40,3152.4,20,0,260
BANKNIFTY27FEB2029000CE.NFO,07/01/2020,09:43:39,3040.05,3046.55,20,3152.3,20,0,260
BANKNIFTY27FEB2029000CE.NFO,07/01/2020,09:43:41,3040.05,3046.35,20,3152.3,20,0,260
BANKNIFTY27FEB2029000CE.NFO,07/01/2020,09:43:42,3040.05,3046.35,40,3143.4,20,0,260
BANKNIFTY27FEB2029000CE.NFO,07/01/2020,09:43:43,3040.05,3046.35,40,3155.95,20,0,260
BANKNIFTY27FEB2029000CE.NFO,07/01/2020,09:43:44,3040.05,3046.35,40,3143.25,20,0,260
BANKNIFTY27FEB2029000CE.NFO,07/01/2020,09:43:45,3040.05,3046.35,40,3152.25,20,0,260
BANKNIFTY27FEB2029000CE.NFO,07/01/2020,09:43:46,3040.05,3047.05,20,3168.05,20,0,260
BANKNIFTY27FEB2029000CE.NFO,07/01/2020,09:43:47,3040.05,3047.7,40,3152.4,20,0,260
BANKNIFTY27FEB2029000CE.NFO,07/01/2020,09:43:48,3040.05,3047.8,20,3152.4,20,0,260
BANKNIFTY27FEB2029000CE.NFO,07/01/2020,09:43:49,3040.05,3047.8,40,3152.4,20,0,260
BANKNIFTY27FEB2029000CE.NFO,07/01/2020,09:43:57,3040.05,3050,40,3152.4,20,0,260
BANKNIFTY27FEB2029000CE.NFO,07/01/2020,09:43:58,3040.05,3050.1,20,3152.4,20,0,260
BANKNIFTY27FEB2029000CE.NFO,07/01/2020,09:43:59,3040.05,3051.2,40,3152.4,20,0,260
BANKNIFTY27FEB2029000CE.NFO,07/01/2020,09:44:00,3040.05,3051.1,20,3152.4,20,0,260
BANKNIFTY27FEB2029000CE.NFO,07/01/2020,09:44:01,3040.05,3051.95,40,3152.4,20,0,260
BANKNIFTY27FEB2029000CE.NFO,07/01/2020,09:44:03,3040.05,3051.5,20,3217.35,20,0,260
BANKNIFTY27FEB2029000CE.NFO,07/01/2020,09:44:04,3040.05,3051.85,40,3130.7,20,0,260
BANKNIFTY27FEB2029000CE.NFO,07/01/2020,09:44:05,3040.05,3051.85,40,3154.5,20,0,260
BANKNIFTY27FEB2029000CE.NFO,07/01/2020,09:44:07,3040.05,3052.05,40,3154.5,20,0,260
BANKNIFTY27FEB2029000CE.NFO,07/01/2020,09:44:10,3040.05,3052.05,20,3186.85,20,0,260
BANKNIFTY27FEB2029000CE.NFO,07/01/2020,09:44:11,3040.05,3052.1,40,3170.85,20,0,260
BANKNIFTY27FEB2029000CE.NFO,07/01/2020,09:44:12,3040.05,3052.1,40,3155.4,20,0,260
BANKNIFTY27FEB2029000CE.NFO,07/01/2020,09:44:13,3040.05,3053.1,40,3155.4,20,0,260
BANKNIFTY27FEB2029000CE.NFO,07/01/2020,09:44:14,3040.05,3053.1,240,3155.4,20,0,260
BANKNIFTY27FEB2029000CE.NFO,07/01/2020,09:44:19,3040.05,3053.1,240,3135.2,20,0,260
BANKNIFTY27FEB2029000CE.NFO,07/01/2020,09:44:20,3040.05,3053.1,240,3159.5,20,0,260
BANKNIFTY27FEB2029000CE.NFO,07/01/2020,09:44:27,3040.05,3053.1,240,3159.4,20,0,260
BANKNIFTY27FEB2029000CE.NFO,07/01/2020,09:44:29,3040.05,3053.1,240,3138.6,20,0,260
BANKNIFTY27FEB2029000CE.NFO,07/01/2020,09:44:31,3040.05,3053.1,240,3159.5,20,0,260
BANKNIFTY27FEB2029000CE.NFO,07/01/2020,09:44:33,3040.05,3053.1,240,3196.1,20,0,260
BANKNIFTY27FEB2029000CE.NFO,07/01/2020,09:44:34,3040.05,3053.1,240,3172.25,20,0,260
BANKNIFTY27FEB2029000CE.NFO,07/01/2020,09:44:35,3040.05,3053.1,240,3164.5,20,0,260
BANKNIFTY27FEB2029000CE.NFO,07/01/2020,09:44:54,3040.05,3053.1,240,3177.3,20,0,260
BANKNIFTY27FEB2029000CE.NFO,07/01/2020,09:44:55,3040.05,3053.1,240,3169.5,20,0,260
BANKNIFTY27FEB2029000CE.NFO,07/01/2020,09:45:00,3040.05,3053.1,240,3232.85,20,0,260
BANKNIFTY27FEB2029000CE.NFO,07/01/2020,09:45:01,3040.05,3053.1,240,3173.3,20,0,260
BANKNIFTY27FEB2029000CE.NFO,07/01/2020,09:45:02,3040.05,3053.1,240,3181.95,20,0,260
BANKNIFTY27FEB2029000CE.NFO,07/01/2020,09:45:03,3040.05,3053.1,240,3175.15,20,0,260
BANKNIFTY27FEB2029000CE.NFO,07/01/2020,09:45:04,3040.05,3053.1,240,3207.25,20,0,260
BANKNIFTY27FEB2029000CE.NFO,07/01/2020,09:45:06,3040.05,3053.1,240,3176.6,20,0,260
BANKNIFTY27FEB2029000CE.NFO,07/01/2020,09:45:07,3040.05,3053.1,240,3166.45,20,0,260
BANKNIFTY27FEB2029000CE.NFO,07/01/2020,09:45:08,3040.05,3053.1,240,3191,20,0,260
BANKNIFTY27FEB2029000CE.NFO,07/01/2020,09:45:09,3040.05,3053.1,240,3181.9,20,0,260
BANKNIFTY27FEB2029000CE.NFO,07/01/2020,09:45:10,3040.05,3053.1,240,3180.6,20,0,260
BANKNIFTY27FEB2029000CE.NFO,07/01/2020,09:45:12,3040.05,3053.1,240,3154.85,20,0,260
BANKNIFTY27FEB2029000CE.NFO,07/01/2020,09:45:13,3040.05,3053.1,240,3209.8,20,0,260
BANKNIFTY27FEB2029000CE.NFO,07/01/2020,09:45:14,3040.05,3053.1,240,3181.45,20,0,260
BANKNIFTY27FEB2029000CE.NFO,07/01/2020,09:45:15,3040.05,3053.1,240,3179.15,20,0,260
BANKNIFTY27FEB2029000CE.NFO,07/01/2020,09:45:16,3040.05,3053.1,240,3183.35,20,0,260
BANKNIFTY27FEB2029000CE.NFO,07/01/2020,09:45:18,3040.05,3053.1,240,3179.6,20,0,260
BANKNIFTY27FEB2029000CE.NFO,07/01/2020,09:45:19,3040.05,3053.1,240,3179.45,20,0,260
BANKNIFTY27FEB2029000CE.NFO,07/01/2020,09:45:20,3040.05,3053.1,240,3152.45,20,0,260
BANKNIFTY27FEB2029000CE.NFO,07/01/2020,09:45:21,3040.05,3053.1,240,3193.15,20,0,260
BANKNIFTY27FEB2029000CE.NFO,07/01/2020,09:45:22,3040.05,3053.1,240,3179.05,20,0,260
BANKNIFTY27FEB2029000CE.NFO,07/01/2020,09:45:23,3040.05,3053.1,240,3174.85,20,0,260
BANKNIFTY27FEB2029000CE.NFO,07/01/2020,09:45:29,3040.05,3053.1,240,3206.55,20,0,260
BANKNIFTY27FEB2029000CE.NFO,07/01/2020,09:45:30,3040.05,3053.1,240,3176.65,20,0,260
BANKNIFTY27FEB2029000CE.NFO,07/01/2020,09:45:31,3040.05,3053.1,240,3174.6,20,0,260
BANKNIFTY27FEB2029000CE.NFO,07/01/2020,09:45:33,3040.05,3053.1,240,3182.25,20,0,260
BANKNIFTY27FEB2029000CE.NFO,07/01/2020,09:45:34,3040.05,3053.1,240,3149.75,20,0,260
BANKNIFTY27FEB2029000CE.NFO,07/01/2020,09:45:35,3040.05,3053.1,240,3190.5,20,0,260
BANKNIFTY27FEB2029000CE.NFO,07/01/2020,09:45:36,3040.05,3053.1,240,3176.65,20,0,260
BANKNIFTY27FEB2029000CE.NFO,07/01/2020,09:45:37,3040.05,3053.1,240,3147.4,20,0,260
BANKNIFTY27FEB2029000CE.NFO,07/01/2020,09:45:38,3040.05,3053.1,240,3171.6,20,0,260
BANKNIFTY27FEB2029000CE.NFO,07/01/2020,09:45:40,3040.05,3053.1,240,3169.8,20,0,260
BANKNIFTY27FEB2029000CE.NFO,07/01/2020,09:45:41,3040.05,3053.1,240,3186.2,20,0,260
BANKNIFTY27FEB2029000CE.NFO,07/01/2020,09:45:42,3040.05,3053.1,240,3171.75,20,0,260
BANKNIFTY27FEB2029000CE.NFO,07/01/2020,09:45:43,3040.05,3053.1,240,3170.9,20,0,260
BANKNIFTY27FEB2029000CE.NFO,07/01/2020,09:45:44,3040.05,3053.1,240,3234.45,20,0,260
BANKNIFTY27FEB2029000CE.NFO,07/01/2020,09:45:45,3040.05,3053.1,240,3144.85,20,0,260
BANKNIFTY27FEB2029000CE.NFO,07/01/2020,09:45:47,3040.05,3053.1,240,3169.4,20,0,260
BANKNIFTY27FEB2029000CE.NFO,07/01/2020,09:45:48,3040.05,3053.1,240,3177.35,20,0,260
BANKNIFTY27FEB2029000CE.NFO,07/01/2020,09:45:49,3040.05,3053.1,240,3145.6,20,0,260
BANKNIFTY27FEB2029000CE.NFO,07/01/2020,09:45:50,3040.05,3053.1,240,3169.5,20,0,260
BANKNIFTY27FEB2029000CE.NFO,07/01/2020,09:45:51,3040.05,3053.1,240,3168.1,20,0,260
BANKNIFTY27FEB2029000CE.NFO,07/01/2020,09:45:53,3040.05,3053.1,240,3166.75,20,0,260
BANKNIFTY27FEB2029000CE.NFO,07/01/2020,09:45:54,3040.05,3053.1,240,3227.35,20,0,260
BANKNIFTY27FEB2029000CE.NFO,07/01/2020,09:45:55,3040.05,3053.1,240,3142.95,20,0,260
BANKNIFTY27FEB2029000CE.NFO,07/01/2020,09:45:56,3040.05,3053.1,240,3165.8,20,0,260
BANKNIFTY27FEB2029000CE.NFO,07/01/2020,09:45:57,3040.05,3053.1,240,3197.35,20,0,260
BANKNIFTY27FEB2029000CE.NFO,07/01/2020,09:45:59,3040.05,3053.1,240,3141.55,20,0,260
