Ticker,Date,Time,LTP,BuyPrice,BuyQty,SellPrice,SellQty,LTQ,OpenInterest
BANKNIFTY27FEB2034000CE.NFO,07/01/2020,09:20:00,140,140,20,180.45,200,20,7420
BANKNIFTY27FEB2034000CE.NFO,07/01/2020,09:20:00,140,140,20,180.45,200,0,7420
BANKNIFTY27FEB2034000CE.NFO,07/01/2020,09:20:00,140,140,20,180.45,200,0,7420
BANKNIFTY27FEB2034000CE.NFO,07/01/2020,09:20:00,140,140,20,180.45,200,0,7420
BANKNIFTY27FEB2034000CE.NFO,07/01/2020,09:20:01,140,120.3,40,182.1,40,0,7420
BANKNIFTY27FEB2034000CE.NFO,07/01/2020,09:20:02,140,120.05,40,181.7,40,0,7420
BANKNIFTY27FEB2034000CE.NFO,07/01/2020,09:20:04,140,120.05,40,182.8,40,0,7420
BANKNIFTY27FEB2034000CE.NFO,07/01/2020,09:20:04,140,120.05,40,183.3,40,0,7420
BANKNIFTY27FEB2034000CE.NFO,07/01/2020,09:20:05,140,120.05,40,182.95,40,0,7420
BANKNIFTY27FEB2034000CE.NFO,07/01/2020,09:20:06,140,120.05,40,183.4,40,0,7420
BANKNIFTY27FEB2034000CE.NFO,07/01/2020,09:20:07,140,120.05,40,183.1,40,0,7420
BANKNIFTY27FEB2034000CE.NFO,07/01/2020,09:20:08,140,120.05,40,183,40,0,7420
BANKNIFTY27FEB2034000CE.NFO,07/01/2020,09:20:10,140,120.05,40,182.6,40,0,7420
BANKNIFTY27FEB2034000CE.NFO,07/01/2020,09:20:10,140,120.05,40,182.55,40,0,7420
BANKNIFTY27FEB2034000CE.NFO,07/01/2020,09:20:12,140,120.05,40,182.95,40,0,7420
BANKNIFTY27FEB2034000CE.NFO,07/01/2020,09:20:13,140,120.05,40,183.15,20,0,7420
BANKNIFTY27FEB2034000CE.NFO,07/01/2020,09:20:15,140,120.05,40,183.05,20,0,7420
BANKNIFTY27FEB2034000CE.NFO,07/01/2020,09:20:16,140,120.05,40,183,40,0,7420
BANKNIFTY27FEB2034000CE.NFO,07/01/2020,09:20:17,140,120.05,40,182.9,40,0,7420
BANKNIFTY27FEB2034000CE.NFO,07/01/2020,09:20:18,140,120.05,40,182.05,20,0,7420
BANKNIFTY27FEB2034000CE.NFO,07/01/2020,09:20:19,140,120.05,40,182.75,40,0,7420
BANKNIFTY27FEB2034000CE.NFO,07/01/2020,09:20:20,140,120.05,40,182.1,20,0,7420
BANKNIFTY27FEB2034000CE.NFO,07/01/2020,09:20:21,140,120.05,40,183.35,20,0,7420
BANKNIFTY27FEB2034000CE.NFO,07/01/2020,09:20:22,140,120.05,40,182.75,20,0,7420
BANKNIFTY27FEB2034000CE.NFO,07/01/2020,09:20:23,140,120.05,40,183.7,20,0,7420
BANKNIFTY27FEB2034000CE.NFO,07/01/2020,09:20:25,140,120.05,40,182.8,20,0,7420
BANKNIFTY27FEB2034000CE.NFO,07/01/2020,09:20:25,140,120.05,40,182,20,0,7420
BANKNIFTY27FEB2034000CE.NFO,07/01/2020,09:20:26,140,120.05,40,183.4,20,0,7420
BANKNIFTY27FEB2034000CE.NFO,07/01/2020,09:20:28,140,120.05,40,183,20,0,7420
BANKNIFTY27FEB2034000CE.NFO,07/01/2020,09:20:29,140,120.05,40,182.5,20,0,7420
BANKNIFTY27FEB2034000CE.NFO,07/01/2020,09:20:30,140,120.05,40,183.75,20,0,7420
BANKNIFTY27FEB2034000CE.NFO,07/01/2020,09:20:31,140,120.05,40,184.4,40,0,7420
BANKNIFTY27FEB2034000CE.NFO,07/01/2020,09:20:32,140,120.05,40,184.6,20,0,7420
BANKNIFTY27FEB2034000CE.NFO,07/01/2020,09:20:33,140,120.05,40,184.15,40,0,7420
BANKNIFTY27FEB2034000CE.NFO,07/01/2020,09:20:34,140,120.05,40,184.45,60,0,7420
BANKNIFTY27FEB2034000CE.NFO,07/01/2020,09:20:35,140,120.05,40,183.8,40,0,7420
BANKNIFTY27FEB2034000CE.NFO,07/01/2020,09:20:36,140,120.05,40,183.65,40,0,7420
BANKNIFTY27FEB2034000CE.NFO,07/01/2020,09:20:38,140,130,60,184.35,20,0,7420
BANKNIFTY27FEB2034000CE.NFO,07/01/2020,09:20:39,140,130.05,40,184.5,20,0,7420
BANKNIFTY27FEB2034000CE.NFO,07/01/2020,09:20:40,140,130.05,40,184.65,20,0,7420
BANKNIFTY27FEB2034000CE.NFO,07/01/2020,09:20:41,140,130.05,40,184.15,20,0,7420
BANKNIFTY27FEB2034000CE.NFO,07/01/2020,09:20:42,140,130.05,40,184.55,20,0,7420
BANKNIFTY27FEB2034000CE.NFO,07/01/2020,09:20:43,140,130.05,40,184.2,20,0,7420
BANKNIFTY27FEB2034000CE.NFO,07/01/2020,09:20:44,140,130.05,40,184.7,20,0,7420
BANKNIFTY27FEB2034000CE.NFO,07/01/2020,09:20:47,140,130.05,40,185.05,20,0,7420
BANKNIFTY27FEB2034000CE.NFO,07/01/2020,09:20:48,140,130.05,40,185.45,20,0,7420
BANKNIFTY27FEB2034000CE.NFO,07/01/2020,09:20:49,140,130.05,40,185.1,40,0,7420
BANKNIFTY27FEB2034000CE.NFO,07/01/2020,09:20:50,140,130.05,40,185.95,40,0,7420
BANKNIFTY27FEB2034000CE.NFO,07/01/2020,09:20:52,140,130.05,40,185.6,20,0,7420
BANKNIFTY27FEB2034000CE.NFO,07/01/2020,09:20:53,140,130.05,40,184.95,40,0,7420
BANKNIFTY27FEB2034000CE.NFO,07/01/2020,09:20:54,140,130.05,40,186.35,40,0,7420
BANKNIFTY27FEB2034000CE.NFO,07/01/2020,09:20:55,140,130.05,40,186.1,20,0,7420
BANKNIFTY27FEB2034000CE.NFO,07/01/2020,09:20:57,140,130.05,40,185.8,20,0,7420
BANKNIFTY27FEB2034000CE.NFO,07/01/2020,09:20:58,140,130.05,40,186,40,0,7420
BANKNIFTY27FEB2034000CE.NFO,07/01/2020,09:20:59,140,130.05,40,186.15,40,0,7420
BANKNIFTY27FEB2034000CE.NFO,07/01/2020,09:21:00,140,130.05,40,185.75,40,0,7420
BANKNIFTY27FEB2034000CE.NFO,07/01/2020,09:21:01,140,130.05,40,185.8,40,0,7420
BANKNIFTY27FEB2034000CE.NFO,07/01/2020,09:21:03,140,130.05,40,185.65,40,0,7420
BANKNIFTY27FEB2034000CE.NFO,07/01/2020,09:21:04,140,130.05,40,185.45,20,0,7420
BANKNIFTY27FEB2034000CE.NFO,07/01/2020,09:21:05,140,130.05,40,184.95,20,0,7420
BANKNIFTY27FEB2034000CE.NFO,07/01/2020,09:21:06,140,130.05,40,184.5,40,0,7420
BANKNIFTY27FEB2034000CE.NFO,07/01/2020,09:21:08,140,130.05,40,185.4,20,0,7420
BANKNIFTY27FEB2034000CE.NFO,07/01/2020,09:21:09,140,130.05,40,184.75,40,0,7420
BANKNIFTY27FEB2034000CE.NFO,07/01/2020,09:21:10,140,130.05,40,185.95,40,0,7420
BANKNIFTY27FEB2034000CE.NFO,07/01/2020,09:21:11,140,130.05,40,186.25,20,0,7420
BANKNIFTY27FEB2034000CE.NFO,07/01/2020,09:21:12,140,130.05,40,185.75,20,0,7420
BANKNIFTY27FEB2034000CE.NFO,07/01/2020,09:21:13,140,130.05,40,187.2,20,0,7420
BANKNIFTY27FEB2034000CE.NFO,07/01/2020,09:21:15,140,130.05,40,187.15,40,0,7420
BANKNIFTY27FEB2034000CE.NFO,07/01/2020,09:21:16,140,130.05,40,186.7,20,0,7420
BANKNIFTY27FEB2034000CE.NFO,07/01/2020,09:21:17,140,130.05,40,187.25,20,0,7420
BANKNIFTY27FEB2034000CE.NFO,07/01/2020,09:21:18,140,130.05,40,188.35,20,0,7420
BANKNIFTY27FEB2034000CE.NFO,07/01/2020,09:21:19,140,130.05,40,187.8,40,0,7420
BANKNIFTY27FEB2034000CE.NFO,07/01/2020,09:21:21,140,130.05,40,187.1,40,0,7420
BANKNIFTY27FEB2034000CE.NFO,07/01/2020,09:21:22,140,130.05,40,189,40,0,7420
BANKNIFTY27FEB2034000CE.NFO,07/01/2020,09:21:23,140,130.05,40,188,40,0,7420
BANKNIFTY27FEB2034000CE.NFO,07/01/2020,09:21:24,140,130.05,40,188.75,20,0,7420
BANKNIFTY27FEB2034000CE.NFO,07/01/2020,09:21:26,140,130.05,40,189.1,40,0,7420
BANKNIFTY27FEB2034000CE.NFO,07/01/2020,09:21:27,140,130.05,40,188.35,20,0,7420
BANKNIFTY27FEB2034000CE.NFO,07/01/2020,09:21:28,140,130.05,40,187.85,20,0,7420
BANKNIFTY27FEB2034000CE.NFO,07/01/2020,09:21:29,140,130.05,40,187.4,40,0,7420
BANKNIFTY27FEB2034000CE.NFO,07/01/2020,09:21:30,140,130.05,40,186.85,20,0,7420
BANKNIFTY27FEB2034000CE.NFO,07/01/2020,09:21:31,140,130.05,40,186.35,20,0,7420
BANKNIFTY27FEB2034000CE.NFO,07/01/2020,09:21:33,140,130.05,40,186.1,40,0,7420
BANKNIFTY27FEB2034000CE.NFO,07/01/2020,09:21:34,140,130.05,40,187.5,40,0,7420
BANKNIFTY27FEB2034000CE.NFO,07/01/2020,09:21:35,140,130.05,40,186.6,40,0,7420
BANKNIFTY27FEB2034000CE.NFO,07/01/2020,09:21:36,140,130.05,40,186.05,20,0,7420
BANKNIFTY27FEB2034000CE.NFO,07/01/2020,09:21:37,140,130.05,40,185.6,40,0,7420
BANKNIFTY27FEB2034000CE.NFO,07/01/2020,09:21:38,140,130.05,40,185.15,20,0,7420
BANKNIFTY27FEB2034000CE.NFO,07/01/2020,09:21:39,140,130.05,40,187.55,200,0,7420
BANKNIFTY27FEB2034000CE.NFO,07/01/2020,09:21:41,140,130.05,40,187.15,20,0,7420
BANKNIFTY27FEB2034000CE.NFO,07/01/2020,09:21:42,140,130.05,40,186.5,20,0,7420
BANKNIFTY27FEB2034000CE.NFO,07/01/2020,09:21:43,140,130.05,40,185.85,40,0,7420
BANKNIFTY27FEB2034000CE.NFO,07/01/2020,09:21:44,140,130.05,40,188.1,40,0,7420
BANKNIFTY27FEB2034000CE.NFO,07/01/2020,09:21:45,140,130.05,40,187.55,20,0,7420
BANKNIFTY27FEB2034000CE.NFO,07/01/2020,09:21:47,140,130.05,40,189.05,40,0,7420
BANKNIFTY27FEB2034000CE.NFO,07/01/2020,09:21:48,140,130.05,40,189.75,40,0,7420
BANKNIFTY27FEB2034000CE.NFO,07/01/2020,09:21:49,140,130.05,40,189.15,40,0,7420
BANKNIFTY27FEB2034000CE.NFO,07/01/2020,09:21:50,140,130.05,40,188.6,40,0,7420
BANKNIFTY27FEB2034000CE.NFO,07/01/2020,09:21:52,140,130.05,40,188.15,20,0,7420
BANKNIFTY27FEB2034000CE.NFO,07/01/2020,09:21:53,140,130.05,40,187.55,20,0,7420
BANKNIFTY27FEB2034000CE.NFO,07/01/2020,09:21:54,140,130.05,40,187.05,20,0,7420
BANKNIFTY27FEB2034000CE.NFO,07/01/2020,09:21:55,140,130.05,40,186.7,60,0,7420
BANKNIFTY27FEB2034000CE.NFO,07/01/2020,09:21:56,140,130.05,40,186.3,20,0,7420
BANKNIFTY27FEB2034000CE.NFO,07/01/2020,09:21:58,140,130.05,40,185.85,40,0,7420
BANKNIFTY27FEB2034000CE.NFO,07/01/2020,09:21:59,140,130.05,40,185.25,40,0,7420
BANKNIFTY27FEB2034000CE.NFO,07/01/2020,09:22:00,140,130.05,40,189,40,0,7420
BANKNIFTY27FEB2034000CE.NFO,07/01/2020,09:22:01,140,130.05,40,188.2,40,0,7420
BANKNIFTY27FEB2034000CE.NFO,07/01/2020,09:22:02,140,130.05,40,189.85,40,0,7420
BANKNIFTY27FEB2034000CE.NFO,07/01/2020,09:22:03,140,130.05,40,189.4,20,0,7420
BANKNIFTY27FEB2034000CE.NFO,07/01/2020,09:22:05,140,135.05,40,188.85,40,0,7420
BANKNIFTY27FEB2034000CE.NFO,07/01/2020,09:22:06,140,135.05,40,188.4,20,0,7420
BANKNIFTY27FEB2034000CE.NFO,07/01/2020,09:22:07,140,135.05,40,191.55,20,0,7420
BANKNIFTY27FEB2034000CE.NFO,07/01/2020,09:22:08,140,135.05,40,191.3,240,0,7420
BANKNIFTY27FEB2034000CE.NFO,07/01/2020,09:22:10,140,135.05,40,190.75,20,0,7420
BANKNIFTY27FEB2034000CE.NFO,07/01/2020,09:22:11,140,135.05,40,190.2,40,0,7420
BANKNIFTY27FEB2034000CE.NFO,07/01/2020,09:22:12,140,135.05,40,189.75,20,0,7420
BANKNIFTY27FEB2034000CE.NFO,07/01/2020,09:22:13,140,135.05,40,189.3,40,0,7420
BANKNIFTY27FEB2034000CE.NFO,07/01/2020,09:22:15,140,135.05,40,189,40,0,7420
BANKNIFTY27FEB2034000CE.NFO,07/01/2020,09:22:16,140,135.05,40,188.35,20,0,7420
BANKNIFTY27FEB2034000CE.NFO,07/01/2020,09:22:17,140,135.05,40,191.25,20,0,7420
BANKNIFTY27FEB2034000CE.NFO,07/01/2020,09:22:18,140,135.05,40,191.7,20,0,7420
BANKNIFTY27FEB2034000CE.NFO,07/01/2020,09:22:19,140,135.05,40,191.25,40,0,7420
BANKNIFTY27FEB2034000CE.NFO,07/01/2020,09:22:20,140,135.05,40,190.85,40,0,7420
BANKNIFTY27FEB2034000CE.NFO,07/01/2020,09:22:21,140,135.05,40,190.35,40,0,7420
BANKNIFTY27FEB2034000CE.NFO,07/01/2020,09:22:23,140,135.05,40,189.95,40,0,7420
BANKNIFTY27FEB2034000CE.NFO,07/01/2020,09:22:24,140,135.05,40,189.85,40,0,7420
BANKNIFTY27FEB2034000CE.NFO,07/01/2020,09:22:25,140,135.05,40,189.2,20,0,7420
BANKNIFTY27FEB2034000CE.NFO,07/01/2020,09:22:26,140,135.05,40,188.7,20,0,7420
BANKNIFTY27FEB2034000CE.NFO,07/01/2020,09:22:27,140,135.05,40,191.3,40,0,7420
BANKNIFTY27FEB2034000CE.NFO,07/01/2020,09:22:28,140,135.05,40,191.2,40,0,7420
BANKNIFTY27FEB2034000CE.NFO,07/01/2020,09:22:29,140,135.05,40,190.9,40,0,7420
BANKNIFTY27FEB2034000CE.NFO,07/01/2020,09:22:31,140,135.05,40,190.3,40,0,7420
BANKNIFTY27FEB2034000CE.NFO,07/01/2020,09:22:32,140,135.05,40,191.35,40,0,7420
BANKNIFTY27FEB2034000CE.NFO,07/01/2020,09:22:33,140,135.05,40,190.55,40,0,7420
BANKNIFTY27FEB2034000CE.NFO,07/01/2020,09:22:34,140,135.05,40,190.1,20,0,7420
BANKNIFTY27FEB2034000CE.NFO,07/01/2020,09:22:35,140,135.05,40,190.85,40,0,7420
BANKNIFTY27FEB2034000CE.NFO,07/01/2020,09:22:36,140,135.05,40,190.35,40,0,7420
BANKNIFTY27FEB2034000CE.NFO,07/01/2020,09:22:37,140,135.05,40,189.8,20,0,7420
BANKNIFTY27FEB2034000CE.NFO,07/01/2020,09:22:38,140,135.05,40,190.95,40,0,7420
BANKNIFTY27FEB2034000CE.NFO,07/01/2020,09:22:40,140,135.05,40,191.05,40,0,7420
BANKNIFTY27FEB2034000CE.NFO,07/01/2020,09:22:41,140,135.05,40,190.55,40,0,7420
BANKNIFTY27FEB2034000CE.NFO,07/01/2020,09:22:42,140,135.05,40,189.6,20,0,7420
BANKNIFTY27FEB2034000CE.NFO,07/01/2020,09:22:43,140,135.05,40,189.35,40,0,7420
BANKNIFTY27FEB2034000CE.NFO,07/01/2020,09:22:44,140,135.05,40,188.75,40,0,7420
BANKNIFTY27FEB2034000CE.NFO,07/01/2020,09:22:45,140,135.05,40,188.35,40,0,7420
BANKNIFTY27FEB2034000CE.NFO,07/01/2020,09:22:46,140,135.05,40,190.65,40,0,7420
BANKNIFTY27FEB2034000CE.NFO,07/01/2020,09:22:48,140,135.05,40,190.2,40,0,7420
BANKNIFTY27FEB2034000CE.NFO,07/01/2020,09:22:49,140,135.05,40,189.8,40,0,7420
BANKNIFTY27FEB2034000CE.NFO,07/01/2020,09:22:50,140,135.05,40,190.55,20,0,7420
BANKNIFTY27FEB2034000CE.NFO,07/01/2020,09:22:51,140,135.05,40,190.4,20,0,7420
BANKNIFTY27FEB2034000CE.NFO,07/01/2020,09:22:52,140,135.05,40,189.65,40,0,7420
BANKNIFTY27FEB2034000CE.NFO,07/01/2020,09:22:53,140,140.05,40,189,20,0,7420
BANKNIFTY27FEB2034000CE.NFO,07/01/2020,09:22:54,140,140.05,40,190.85,40,0,7420
BANKNIFTY27FEB2034000CE.NFO,07/01/2020,09:22:56,140,140.05,40,190.25,40,0,7420
BANKNIFTY27FEB2034000CE.NFO,07/01/2020,09:22:57,140,140.05,40,189.45,40,0,7420
BANKNIFTY27FEB2034000CE.NFO,07/01/2020,09:22:58,140,140.05,40,191.35,40,0,7420
BANKNIFTY27FEB2034000CE.NFO,07/01/2020,09:22:59,140,140.05,40,190.5,20,0,7420
BANKNIFTY27FEB2034000CE.NFO,07/01/2020,09:23:00,140,140.05,40,189.95,40,0,7420
BANKNIFTY27FEB2034000CE.NFO,07/01/2020,09:23:02,140,140.05,40,191.55,40,0,7420
BANKNIFTY27FEB2034000CE.NFO,07/01/2020,09:23:03,140,140.05,40,190.6,20,0,7420
BANKNIFTY27FEB2034000CE.NFO,07/01/2020,09:23:04,140,140.05,40,189.85,40,0,7420
BANKNIFTY27FEB2034000CE.NFO,07/01/2020,09:23:05,140,140.05,40,189.4,20,0,7420
BANKNIFTY27FEB2034000CE.NFO,07/01/2020,09:23:07,140,140.05,40,188.8,20,0,7420
BANKNIFTY27FEB2034000CE.NFO,07/01/2020,09:23:08,140,140.05,40,192.75,20,0,7420
BANKNIFTY27FEB2034000CE.NFO,07/01/2020,09:23:09,140,140.05,40,192.2,40,0,7420
BANKNIFTY27FEB2034000CE.NFO,07/01/2020,09:23:10,140,140.05,40,191.6,40,0,7420
BANKNIFTY27FEB2034000CE.NFO,07/01/2020,09:23:12,140,140.05,40,190.8,40,0,7420
BANKNIFTY27FEB2034000CE.NFO,07/01/2020,09:23:13,140,140.05,40,190.15,20,0,7420
BANKNIFTY27FEB2034000CE.NFO,07/01/2020,09:23:14,140,140.05,40,189.4,40,0,7420
BANKNIFTY27FEB2034000CE.NFO,07/01/2020,09:23:15,140,140.05,40,189.1,40,0,7420
BANKNIFTY27FEB2034000CE.NFO,07/01/2020,09:23:18,140,140.05,40,188.6,40,0,7420
BANKNIFTY27FEB2034000CE.NFO,07/01/2020,09:23:19,140,140.05,40,187.55,20,0,7420
BANKNIFTY27FEB2034000CE.NFO,07/01/2020,09:23:20,140,140.05,40,190.85,40,0,7420
BANKNIFTY27FEB2034000CE.NFO,07/01/2020,09:23:22,140,140.05,40,190.6,20,0,7420
BANKNIFTY27FEB2034000CE.NFO,07/01/2020,09:23:23,140,140.05,40,189.8,40,0,7420
BANKNIFTY27FEB2034000CE.NFO,07/01/2020,09:23:24,140,140.05,40,189.1,40,0,7420
BANKNIFTY27FEB2034000CE.NFO,07/01/2020,09:23:25,140,140.05,40,190.8,40,0,7420
BANKNIFTY27FEB2034000CE.NFO,07/01/2020,09:23:27,140,140.05,40,189.85,40,0,7420
BANKNIFTY27FEB2034000CE.NFO,07/01/2020,09:23:28,140,140.05,40,188.7,60,0,7420
BANKNIFTY27FEB2034000CE.NFO,07/01/2020,09:23:29,140,140.05,40,187.65,40,0,7420
BANKNIFTY27FEB2034000CE.NFO,07/01/2020,09:23:30,140,140.05,40,186.75,40,0,7420
BANKNIFTY27FEB2034000CE.NFO,07/01/2020,09:23:31,140,140.05,40,190.65,240,0,7420
BANKNIFTY27FEB2034000CE.NFO,07/01/2020,09:23:32,140,140.05,40,190,40,0,7420
BANKNIFTY27FEB2034000CE.NFO,07/01/2020,09:23:34,140,140.05,40,190.6,40,0,7420
BANKNIFTY27FEB2034000CE.NFO,07/01/2020,09:23:35,140,140.05,40,189.25,20,0,7420
BANKNIFTY27FEB2034000CE.NFO,07/01/2020,09:23:36,140,140.05,40,188.25,20,0,7420
BANKNIFTY27FEB2034000CE.NFO,07/01/2020,09:23:37,140,140.05,40,190.8,40,0,7420
BANKNIFTY27FEB2034000CE.NFO,07/01/2020,09:23:38,140,140.05,40,189.75,20,0,7420
BANKNIFTY27FEB2034000CE.NFO,07/01/2020,09:23:39,140,140.05,40,189.35,20,0,7420
BANKNIFTY27FEB2034000CE.NFO,07/01/2020,09:23:44,140,140.05,40,189.95,20,0,7420
BANKNIFTY27FEB2034000CE.NFO,07/01/2020,09:23:45,140,140.05,40,188.45,20,0,7420
BANKNIFTY27FEB2034000CE.NFO,07/01/2020,09:23:46,140,140.05,40,189.3,20,0,7420
BANKNIFTY27FEB2034000CE.NFO,07/01/2020,09:23:47,140,140.05,40,188.05,40,0,7420
BANKNIFTY27FEB2034000CE.NFO,07/01/2020,09:23:49,140,140.05,40,189.4,40,0,7420
BANKNIFTY27FEB2034000CE.NFO,07/01/2020,09:23:51,140,140.05,40,189.1,40,0,7420
BANKNIFTY27FEB2034000CE.NFO,07/01/2020,09:23:52,140,140.05,40,189.45,20,0,7420
BANKNIFTY27FEB2034000CE.NFO,07/01/2020,09:23:53,140,140.05,40,189.8,20,0,7420
BANKNIFTY27FEB2034000CE.NFO,07/01/2020,09:23:54,140,140.05,40,188.9,20,0,7420
BANKNIFTY27FEB2034000CE.NFO,07/01/2020,09:23:55,140,140.05,40,188.1,20,0,7420
BANKNIFTY27FEB2034000CE.NFO,07/01/2020,09:23:57,140,140.05,40,190.3,20,0,7420
BANKNIFTY27FEB2034000CE.NFO,07/01/2020,09:23:58,140,140.05,40,189.1,20,0,7420
BANKNIFTY27FEB2034000CE.NFO,07/01/2020,09:23:59,140,140.05,40,190.9,20,0,7420
BANKNIFTY27FEB2034000CE.NFO,07/01/2020,09:24:00,140,140.05,40,190.2,20,0,7420
BANKNIFTY27FEB2034000CE.NFO,07/01/2020,09:24:01,140,140.05,40,191.3,20,0,7420
BANKNIFTY27FEB2034000CE.NFO,07/01/2020,09:24:02,140,140.05,40,190.3,20,0,7420
BANKNIFTY27FEB2034000CE.NFO,07/01/2020,09:24:04,140,140.05,40,191.25,20,0,7420
BANKNIFTY27FEB2034000CE.NFO,07/01/2020,09:24:05,140,140.05,40,189.8,40,0,7420
BANKNIFTY27FEB2034000CE.NFO,07/01/2020,09:24:06,140,140.05,40,189.95,20,0,7420
BANKNIFTY27FEB2034000CE.NFO,07/01/2020,09:24:07,140,140.05,40,189.25,20,0,7420
BANKNIFTY27FEB2034000CE.NFO,07/01/2020,09:24:08,140,140.05,40,190.75,20,0,7420
BANKNIFTY27FEB2034000CE.NFO,07/01/2020,09:24:10,140,140.05,40,189.45,20,0,7420
BANKNIFTY27FEB2034000CE.NFO,07/01/2020,09:24:11,140,140.05,40,189.55,40,0,7420
BANKNIFTY27FEB2034000CE.NFO,07/01/2020,09:24:12,140,140.05,40,190.15,20,0,7420
BANKNIFTY27FEB2034000CE.NFO,07/01/2020,09:24:13,140,140.05,40,189.45,20,0,7420
BANKNIFTY27FEB2034000CE.NFO,07/01/2020,09:24:14,140,140.05,40,188.65,20,0,7420
BANKNIFTY27FEB2034000CE.NFO,07/01/2020,09:24:16,140,140.05,40,190.2,20,0,7420
BANKNIFTY27FEB2034000CE.NFO,07/01/2020,09:24:17,140,140.05,40,190.4,200,0,7420
BANKNIFTY27FEB2034000CE.NFO,07/01/2020,09:24:18,140,140.05,40,189.6,20,0,7420
BANKNIFTY27FEB2034000CE.NFO,07/01/2020,09:24:19,140,140.05,40,188.7,20,0,7420
BANKNIFTY27FEB2034000CE.NFO,07/01/2020,09:24:20,140,140.05,40,188.1,20,0,7420
BANKNIFTY27FEB2034000CE.NFO,07/01/2020,09:24:21,140,140.05,40,187.3,20,0,7420
BANKNIFTY27FEB2034000CE.NFO,07/01/2020,09:24:22,140,140.05,40,186.7,20,0,7420
BANKNIFTY27FEB2034000CE.NFO,07/01/2020,09:24:24,140,140.05,40,186.1,20,0,7420
BANKNIFTY27FEB2034000CE.NFO,07/01/2020,09:24:25,140,140.05,40,185.4,20,0,7420
BANKNIFTY27FEB2034000CE.NFO,07/01/2020,09:24:26,140,140.05,40,190.5,20,0,7420
BANKNIFTY27FEB2034000CE.NFO,07/01/2020,09:24:27,140,140.05,40,189.5,20,0,7420
BANKNIFTY27FEB2034000CE.NFO,07/01/2020,09:24:28,140,140.05,40,190.15,20,0,7420
BANKNIFTY27FEB2034000CE.NFO,07/01/2020,09:24:29,140,140.05,40,188,20,0,7420
BANKNIFTY27FEB2034000CE.NFO,07/01/2020,09:24:30,140,140.05,40,187.3,20,0,7420
BANKNIFTY27FEB2034000CE.NFO,07/01/2020,09:24:32,140,140.05,40,186,20,0,7420
BANKNIFTY27FEB2034000CE.NFO,07/01/2020,09:24:33,140,140.05,40,188.9,20,0,7420
BANKNIFTY27FEB2034000CE.NFO,07/01/2020,09:24:34,140,140.05,40,188.4,20,0,7420
BANKNIFTY27FEB2034000CE.NFO,07/01/2020,09:24:35,140,140.05,40,187.9,20,0,7420
BANKNIFTY27FEB2034000CE.NFO,07/01/2020,09:24:37,140,140.05,40,187.5,20,0,7420
BANKNIFTY27FEB2034000CE.NFO,07/01/2020,09:24:38,140,140.05,40,186.8,20,0,7420
BANKNIFTY27FEB2034000CE.NFO,07/01/2020,09:24:39,140,140.05,40,188.45,20,0,7420
BANKNIFTY27FEB2034000CE.NFO,07/01/2020,09:24:40,140,140.05,40,187.7,20,0,7420
BANKNIFTY27FEB2034000CE.NFO,07/01/2020,09:24:41,140.05,140.05,20,187,20,20,7440
BANKNIFTY27FEB2034000CE.NFO,07/01/2020,09:24:41,140.05,140.05,20,187,20,0,7440
BANKNIFTY27FEB2034000CE.NFO,07/01/2020,09:24:43,140.05,140.05,20,186.35,40,0,7440
BANKNIFTY27FEB2034000CE.NFO,07/01/2020,09:24:44,140.05,140.05,20,186.75,20,0,7440
BANKNIFTY27FEB2034000CE.NFO,07/01/2020,09:24:45,140.05,140.05,20,186.45,20,0,7440
BANKNIFTY27FEB2034000CE.NFO,07/01/2020,09:24:47,140.05,140.05,20,185.95,200,0,7440
BANKNIFTY27FEB2034000CE.NFO,07/01/2020,09:24:48,140.05,140.05,20,185.3,20,0,7440
BANKNIFTY27FEB2034000CE.NFO,07/01/2020,09:24:49,140.05,140.05,20,184.85,40,0,7440
BANKNIFTY27FEB2034000CE.NFO,07/01/2020,09:24:50,140.05,140.05,20,184.6,20,0,7440
BANKNIFTY27FEB2034000CE.NFO,07/01/2020,09:24:51,140.05,140.05,20,184,20,0,7440
BANKNIFTY27FEB2034000CE.NFO,07/01/2020,09:24:52,140.05,140.05,20,183.5,20,0,7440
BANKNIFTY27FEB2034000CE.NFO,07/01/2020,09:24:54,140.05,140.05,20,183,20,0,7440
BANKNIFTY27FEB2034000CE.NFO,07/01/2020,09:24:55,140.05,140.05,20,185.6,40,0,7440
BANKNIFTY27FEB2034000CE.NFO,07/01/2020,09:24:56,140.05,140.05,20,184.85,20,0,7440
BANKNIFTY27FEB2034000CE.NFO,07/01/2020,09:24:57,140.05,140.05,20,186.5,20,0,7440
BANKNIFTY27FEB2034000CE.NFO,07/01/2020,09:24:58,140.05,140.05,20,185.9,20,0,7440
BANKNIFTY27FEB2034000CE.NFO,07/01/2020,09:25:00,140.05,140.05,20,185.1,20,0,7440
BANKNIFTY27FEB2034000CE.NFO,07/01/2020,09:25:01,140.05,140.05,20,186.7,40,0,7440
BANKNIFTY27FEB2034000CE.NFO,07/01/2020,09:25:02,140.05,140.05,20,185.65,20,0,7440
BANKNIFTY27FEB2034000CE.NFO,07/01/2020,09:25:03,140.05,140,60,185.05,20,0,7440
BANKNIFTY27FEB2034000CE.NFO,07/01/2020,09:25:05,140.05,140,60,183.95,20,0,7440
BANKNIFTY27FEB2034000CE.NFO,07/01/2020,09:25:06,140.05,140,60,186.25,20,0,7440
BANKNIFTY27FEB2034000CE.NFO,07/01/2020,09:25:07,140.05,140,60,188.2,20,0,7440
BANKNIFTY27FEB2034000CE.NFO,07/01/2020,09:25:09,140.05,140,60,187.55,40,0,7440
BANKNIFTY27FEB2034000CE.NFO,07/01/2020,09:25:10,140.05,140,60,186.35,20,0,7440
BANKNIFTY27FEB2034000CE.NFO,07/01/2020,09:25:11,140.05,140,60,185.85,20,0,7440
BANKNIFTY27FEB2034000CE.NFO,07/01/2020,09:25:12,140.05,140,60,185.15,20,0,7440
BANKNIFTY27FEB2034000CE.NFO,07/01/2020,09:25:13,140.05,140,60,187.95,20,0,7440
BANKNIFTY27FEB2034000CE.NFO,07/01/2020,09:25:15,140.05,140,60,187.45,20,0,7440
BANKNIFTY27FEB2034000CE.NFO,07/01/2020,09:25:16,140.05,140,60,186.4,40,0,7440
BANKNIFTY27FEB2034000CE.NFO,07/01/2020,09:25:17,140.05,140,60,184.6,20,0,7440
BANKNIFTY27FEB2034000CE.NFO,07/01/2020,09:25:18,140.05,140,60,183.45,20,0,7440
BANKNIFTY27FEB2034000CE.NFO,07/01/2020,09:25:21,140.05,140,60,183.05,20,0,7440
BANKNIFTY27FEB2034000CE.NFO,07/01/2020,09:25:22,140.05,140,60,187.6,40,0,7440
BANKNIFTY27FEB2034000CE.NFO,07/01/2020,09:25:23,140.05,140,60,186,20,0,7440
BANKNIFTY27FEB2034000CE.NFO,07/01/2020,09:25:24,140.05,140,60,184.55,40,0,7440
BANKNIFTY27FEB2034000CE.NFO,07/01/2020,09:25:25,140.05,140,60,183.4,20,0,7440
BANKNIFTY27FEB2034000CE.NFO,07/01/2020,09:25:27,140.05,140,60,183.65,20,0,7440
BANKNIFTY27FEB2034000CE.NFO,07/01/2020,09:25:28,140.05,140,60,185.8,20,0,7440
BANKNIFTY27FEB2034000CE.NFO,07/01/2020,09:25:29,140.05,140,60,187.65,40,0,7440
BANKNIFTY27FEB2034000CE.NFO,07/01/2020,09:25:30,140.05,140,60,184.4,20,0,7440
BANKNIFTY27FEB2034000CE.NFO,07/01/2020,09:25:31,140.05,140,60,183.65,20,0,7440
BANKNIFTY27FEB2034000CE.NFO,07/01/2020,09:25:32,140.05,140,60,185.7,20,0,7440
BANKNIFTY27FEB2034000CE.NFO,07/01/2020,09:25:34,140.05,140,60,183.45,20,0,7440
BANKNIFTY27FEB2034000CE.NFO,07/01/2020,09:25:35,140.05,140,60,185.6,40,0,7440
BANKNIFTY27FEB2034000CE.NFO,07/01/2020,09:25:36,140.05,140,60,183.2,20,0,7440
BANKNIFTY27FEB2034000CE.NFO,07/01/2020,09:25:37,140.05,140,60,182.2,20,0,7440
BANKNIFTY27FEB2034000CE.NFO,07/01/2020,09:25:38,140.05,140,60,181,20,0,7440
BANKNIFTY27FEB2034000CE.NFO,07/01/2020,09:25:40,140.05,140,60,180,20,0,7440
BANKNIFTY27FEB2034000CE.NFO,07/01/2020,09:25:41,140.05,140,60,185.85,40,0,7440
BANKNIFTY27FEB2034000CE.NFO,07/01/2020,09:25:42,140.05,140,60,184.4,20,0,7440
BANKNIFTY27FEB2034000CE.NFO,07/01/2020,09:25:43,140.05,140,60,183.45,20,0,7440
BANKNIFTY27FEB2034000CE.NFO,07/01/2020,09:25:44,140.05,140,60,185.8,20,0,7440
BANKNIFTY27FEB2034000CE.NFO,07/01/2020,09:25:46,140.05,140,60,184.6,20,0,7440
BANKNIFTY27FEB2034000CE.NFO,07/01/2020,09:25:47,140.05,140,60,183.5,40,0,7440
BANKNIFTY27FEB2034000CE.NFO,07/01/2020,09:25:48,140.05,140,60,182.75,20,0,7440
BANKNIFTY27FEB2034000CE.NFO,07/01/2020,09:25:49,140.05,140,60,182.25,20,0,7440
BANKNIFTY27FEB2034000CE.NFO,07/01/2020,09:25:50,140.05,140,60,181.75,20,0,7440
BANKNIFTY27FEB2034000CE.NFO,07/01/2020,09:25:52,140.05,140,60,181.15,20,0,7440
BANKNIFTY27FEB2034000CE.NFO,07/01/2020,09:25:53,140.05,140,60,185.5,60,0,7440
BANKNIFTY27FEB2034000CE.NFO,07/01/2020,09:25:54,140.05,140,60,184.35,20,0,7440
BANKNIFTY27FEB2034000CE.NFO,07/01/2020,09:25:55,140.05,140,60,183.5,20,0,7440
BANKNIFTY27FEB2034000CE.NFO,07/01/2020,09:25:56,140.05,140,60,185.45,20,0,7440
BANKNIFTY27FEB2034000CE.NFO,07/01/2020,09:25:58,140.05,140,60,183.9,20,0,7440
BANKNIFTY27FEB2034000CE.NFO,07/01/2020,09:25:59,140.05,140,60,183.7,20,0,7440
BANKNIFTY27FEB2034000CE.NFO,07/01/2020,09:26:00,140.05,140,60,182.65,40,0,7440
BANKNIFTY27FEB2034000CE.NFO,07/01/2020,09:26:01,140.05,140,60,184.55,40,0,7440
BANKNIFTY27FEB2034000CE.NFO,07/01/2020,09:26:02,140.05,140,60,183.4,20,0,7440
BANKNIFTY27FEB2034000CE.NFO,07/01/2020,09:26:03,140.05,140,60,179.35,20,0,7440
BANKNIFTY27FEB2034000CE.NFO,07/01/2020,09:26:05,140.05,140,60,178.55,20,0,7440
BANKNIFTY27FEB2034000CE.NFO,07/01/2020,09:26:06,140.05,140,60,177.85,20,0,7440
BANKNIFTY27FEB2034000CE.NFO,07/01/2020,09:26:07,140.05,140,60,179.9,20,0,7440
BANKNIFTY27FEB2034000CE.NFO,07/01/2020,09:26:08,140.05,140,60,179.4,20,0,7440
BANKNIFTY27FEB2034000CE.NFO,07/01/2020,09:26:10,140.05,140,60,179.1,20,0,7440
BANKNIFTY27FEB2034000CE.NFO,07/01/2020,09:26:11,140.05,140,60,179.55,20,0,7440
BANKNIFTY27FEB2034000CE.NFO,07/01/2020,09:26:12,140.05,140,60,179.2,20,0,7440
BANKNIFTY27FEB2034000CE.NFO,07/01/2020,09:26:13,140.05,140,60,178.5,20,0,7440
BANKNIFTY27FEB2034000CE.NFO,07/01/2020,09:26:14,140.05,140,60,177.8,20,0,7440
BANKNIFTY27FEB2034000CE.NFO,07/01/2020,09:26:16,140.05,140,60,177.2,20,0,7440
BANKNIFTY27FEB2034000CE.NFO,07/01/2020,09:26:17,140.05,140,60,179.9,20,0,7440
BANKNIFTY27FEB2034000CE.NFO,07/01/2020,09:26:18,140.05,140,60,179.3,20,0,7440
BANKNIFTY27FEB2034000CE.NFO,07/01/2020,09:26:19,140.05,140,60,178.9,20,0,7440
BANKNIFTY27FEB2034000CE.NFO,07/01/2020,09:26:21,140.05,140,60,179.95,20,0,7440
BANKNIFTY27FEB2034000CE.NFO,07/01/2020,09:26:22,140.05,140,60,177.6,20,0,7440
BANKNIFTY27FEB2034000CE.NFO,07/01/2020,09:26:23,140.05,140,60,176.8,20,0,7440
BANKNIFTY27FEB2034000CE.NFO,07/01/2020,09:26:24,140.05,140,60,176.2,20,0,7440
BANKNIFTY27FEB2034000CE.NFO,07/01/2020,09:26:26,140.05,140,60,179.5,20,0,7440
BANKNIFTY27FEB2034000CE.NFO,07/01/2020,09:26:27,140.05,140,60,179.7,40,0,7440
BANKNIFTY27FEB2034000CE.NFO,07/01/2020,09:26:28,140.05,140,60,178.85,20,0,7440
BANKNIFTY27FEB2034000CE.NFO,07/01/2020,09:26:29,140.05,140,60,179.95,20,0,7440
BANKNIFTY27FEB2034000CE.NFO,07/01/2020,09:26:30,140.05,140,60,179.55,20,0,7440
BANKNIFTY27FEB2034000CE.NFO,07/01/2020,09:26:32,140.05,140,60,179.05,20,0,7440
BANKNIFTY27FEB2034000CE.NFO,07/01/2020,09:26:33,140.05,140,60,179.8,20,0,7440
BANKNIFTY27FEB2034000CE.NFO,07/01/2020,09:26:34,140.05,140,60,179,20,0,7440
BANKNIFTY27FEB2034000CE.NFO,07/01/2020,09:26:35,140.05,140,60,178.4,20,0,7440
BANKNIFTY27FEB2034000CE.NFO,07/01/2020,09:26:37,140.05,140,60,179.7,20,0,7440
BANKNIFTY27FEB2034000CE.NFO,07/01/2020,09:26:38,140.05,140,60,179.95,20,0,7440
BANKNIFTY27FEB2034000CE.NFO,07/01/2020,09:26:39,140.05,140,60,179.35,20,0,7440
BANKNIFTY27FEB2034000CE.NFO,07/01/2020,09:26:40,140.05,140,60,178.75,20,0,7440
BANKNIFTY27FEB2034000CE.NFO,07/01/2020,09:26:41,140.05,140,60,179.95,20,0,7440
BANKNIFTY27FEB2034000CE.NFO,07/01/2020,09:26:43,140.05,140,60,177.5,40,0,7440
BANKNIFTY27FEB2034000CE.NFO,07/01/2020,09:26:44,140.05,140,60,176.65,20,0,7440
BANKNIFTY27FEB2034000CE.NFO,07/01/2020,09:26:45,140.05,140,60,179.55,20,0,7440
BANKNIFTY27FEB2034000CE.NFO,07/01/2020,09:26:46,140.05,140,60,179.3,20,0,7440
BANKNIFTY27FEB2034000CE.NFO,07/01/2020,09:26:48,140.05,140,60,178.5,20,0,7440
BANKNIFTY27FEB2034000CE.NFO,07/01/2020,09:26:49,140.05,140,60,178.85,20,0,7440
BANKNIFTY27FEB2034000CE.NFO,07/01/2020,09:26:50,140.05,140,60,177.95,20,0,7440
BANKNIFTY27FEB2034000CE.NFO,07/01/2020,09:26:51,140.05,140,60,179.6,20,0,7440
BANKNIFTY27FEB2034000CE.NFO,07/01/2020,09:26:52,140.05,140,60,179,20,0,7440
BANKNIFTY27FEB2034000CE.NFO,07/01/2020,09:26:53,140.05,140,60,178.5,20,0,7440
BANKNIFTY27FEB2034000CE.NFO,07/01/2020,09:26:55,140.05,140,60,178.1,20,0,7440
BANKNIFTY27FEB2034000CE.NFO,07/01/2020,09:26:56,140.05,140,60,179.15,40,0,7440
BANKNIFTY27FEB2034000CE.NFO,07/01/2020,09:26:57,140.05,140,60,178.4,20,0,7440
BANKNIFTY27FEB2034000CE.NFO,07/01/2020,09:26:58,140.05,140,60,177.9,20,0,7440
BANKNIFTY27FEB2034000CE.NFO,07/01/2020,09:26:59,140.05,140,60,179.4,20,0,7440
BANKNIFTY27FEB2034000CE.NFO,07/01/2020,09:27:00,140.05,140,60,178.8,20,0,7440
BANKNIFTY27FEB2034000CE.NFO,07/01/2020,09:27:02,140.05,140,60,178.3,20,0,7440
BANKNIFTY27FEB2034000CE.NFO,07/01/2020,09:27:03,140.05,140,60,177.2,20,0,7440
BANKNIFTY27FEB2034000CE.NFO,07/01/2020,09:27:04,140.05,140,60,176.8,20,0,7440
BANKNIFTY27FEB2034000CE.NFO,07/01/2020,09:27:05,140.05,140,60,176.3,20,0,7440
BANKNIFTY27FEB2034000CE.NFO,07/01/2020,09:27:07,140.05,140,60,175.7,20,0,7440
BANKNIFTY27FEB2034000CE.NFO,07/01/2020,09:27:08,140.05,140,60,174.8,20,0,7440
BANKNIFTY27FEB2034000CE.NFO,07/01/2020,09:27:09,140.05,140,60,179.8,20,0,7440
BANKNIFTY27FEB2034000CE.NFO,07/01/2020,09:27:10,140.05,140,60,179.3,20,0,7440
BANKNIFTY27FEB2034000CE.NFO,07/01/2020,09:27:11,140.05,140,60,179.95,20,0,7440
BANKNIFTY27FEB2034000CE.NFO,07/01/2020,09:27:12,140.05,140,60,179.55,20,0,7440
BANKNIFTY27FEB2034000CE.NFO,07/01/2020,09:27:14,140.05,140,60,179.05,20,0,7440
BANKNIFTY27FEB2034000CE.NFO,07/01/2020,09:27:15,140.05,140,60,179.65,20,0,7440
BANKNIFTY27FEB2034000CE.NFO,07/01/2020,09:27:16,140.05,140,60,179.3,20,0,7440
BANKNIFTY27FEB2034000CE.NFO,07/01/2020,09:27:17,140.05,140,60,178.6,20,0,7440
BANKNIFTY27FEB2034000CE.NFO,07/01/2020,09:27:18,140.05,140,60,179.9,20,0,7440
BANKNIFTY27FEB2034000CE.NFO,07/01/2020,09:27:20,140.05,140,60,177.3,20,0,7440
BANKNIFTY27FEB2034000CE.NFO,07/01/2020,09:27:21,140.05,140,60,176.7,20,0,7440
BANKNIFTY27FEB2034000CE.NFO,07/01/2020,09:27:22,140.05,140,60,175.45,40,0,7440
BANKNIFTY27FEB2034000CE.NFO,07/01/2020,09:27:23,140.05,140,60,179.65,20,0,7440
BANKNIFTY27FEB2034000CE.NFO,07/01/2020,09:27:24,140.05,140,60,179.8,20,0,7440
BANKNIFTY27FEB2034000CE.NFO,07/01/2020,09:27:25,140.05,140,60,179.2,20,0,7440
BANKNIFTY27FEB2034000CE.NFO,07/01/2020,09:27:27,140.05,140,60,179.75,20,0,7440
BANKNIFTY27FEB2034000CE.NFO,07/01/2020,09:27:28,140.05,140,60,179.1,40,0,7440
BANKNIFTY27FEB2034000CE.NFO,07/01/2020,09:27:29,140.05,140,60,178.55,20,0,7440
BANKNIFTY27FEB2034000CE.NFO,07/01/2020,09:27:30,140.05,140,60,177.95,20,0,7440
BANKNIFTY27FEB2034000CE.NFO,07/01/2020,09:27:31,140.05,140,60,177.3,40,0,7440
BANKNIFTY27FEB2034000CE.NFO,07/01/2020,09:27:33,140.05,140,60,176.65,20,0,7440
BANKNIFTY27FEB2034000CE.NFO,07/01/2020,09:27:34,140.05,140,60,179.15,20,0,7440
BANKNIFTY27FEB2034000CE.NFO,07/01/2020,09:27:35,140.05,140,60,179.3,20,0,7440
BANKNIFTY27FEB2034000CE.NFO,07/01/2020,09:27:36,140.05,140,60,178.5,20,0,7440
BANKNIFTY27FEB2034000CE.NFO,07/01/2020,09:27:37,140.05,140,60,179.8,20,0,7440
BANKNIFTY27FEB2034000CE.NFO,07/01/2020,09:27:39,140.05,140,60,179.4,20,0,7440
BANKNIFTY27FEB2034000CE.NFO,07/01/2020,09:27:40,140.05,140,60,178.65,40,0,7440
BANKNIFTY27FEB2034000CE.NFO,07/01/2020,09:27:41,140.05,140,60,177.95,20,0,7440
BANKNIFTY27FEB2034000CE.NFO,07/01/2020,09:27:42,140.05,140,60,177.35,20,0,7440
BANKNIFTY27FEB2034000CE.NFO,07/01/2020,09:27:43,140.05,140,60,176.75,20,0,7440
BANKNIFTY27FEB2034000CE.NFO,07/01/2020,09:27:45,140.05,140.05,200,176.15,20,0,7440
BANKNIFTY27FEB2034000CE.NFO,07/01/2020,09:27:46,140.05,140.05,200,179.8,40,0,7440
BANKNIFTY27FEB2034000CE.NFO,07/01/2020,09:27:47,140.05,140.05,200,179.2,40,0,7440
BANKNIFTY27FEB2034000CE.NFO,07/01/2020,09:27:48,140.05,140.05,200,178.55,20,0,7440
BANKNIFTY27FEB2034000CE.NFO,07/01/2020,09:27:49,140.05,140.05,200,178.15,20,0,7440
BANKNIFTY27FEB2034000CE.NFO,07/01/2020,09:27:51,140.05,140.05,200,177.75,20,0,7440
BANKNIFTY27FEB2034000CE.NFO,07/01/2020,09:27:52,140.05,140.05,200,179.25,40,0,7440
BANKNIFTY27FEB2034000CE.NFO,07/01/2020,09:27:53,140.05,140.05,200,179.95,40,0,7440
BANKNIFTY27FEB2034000CE.NFO,07/01/2020,09:27:54,140.05,140.05,200,179.75,40,0,7440
BANKNIFTY27FEB2034000CE.NFO,07/01/2020,09:27:55,140.05,140.05,200,178.8,20,0,7440
BANKNIFTY27FEB2034000CE.NFO,07/01/2020,09:27:56,140.05,140.05,200,178.25,40,0,7440
BANKNIFTY27FEB2034000CE.NFO,07/01/2020,09:27:57,140.05,140.05,200,178.15,40,0,7440
BANKNIFTY27FEB2034000CE.NFO,07/01/2020,09:27:59,140.05,140.05,200,177.6,20,0,7440
BANKNIFTY27FEB2034000CE.NFO,07/01/2020,09:28:00,140.05,140.05,200,179.6,40,0,7440
BANKNIFTY27FEB2034000CE.NFO,07/01/2020,09:28:01,140.05,140.05,200,179.15,20,0,7440
BANKNIFTY27FEB2034000CE.NFO,07/01/2020,09:28:02,140.05,140.05,200,178.65,20,0,7440
BANKNIFTY27FEB2034000CE.NFO,07/01/2020,09:28:03,140.05,140.05,200,178.25,20,0,7440
BANKNIFTY27FEB2034000CE.NFO,07/01/2020,09:28:04,140.05,140.05,200,177.75,20,0,7440
BANKNIFTY27FEB2034000CE.NFO,07/01/2020,09:28:06,140.05,140.05,200,177,40,0,7440
BANKNIFTY27FEB2034000CE.NFO,07/01/2020,09:28:07,140.05,140.05,200,179.8,40,0,7440
BANKNIFTY27FEB2034000CE.NFO,07/01/2020,09:28:08,140.05,140.05,200,179.35,20,0,7440
BANKNIFTY27FEB2034000CE.NFO,07/01/2020,09:28:09,140.05,140.05,200,178.65,20,0,7440
BANKNIFTY27FEB2034000CE.NFO,07/01/2020,09:28:11,140.05,140.05,200,178.15,20,0,7440
BANKNIFTY27FEB2034000CE.NFO,07/01/2020,09:28:12,140.05,140.05,200,177.25,20,0,7440
BANKNIFTY27FEB2034000CE.NFO,07/01/2020,09:28:13,140.05,140.05,200,176.5,40,0,7440
BANKNIFTY27FEB2034000CE.NFO,07/01/2020,09:28:14,140.05,140.05,200,175.95,20,0,7440
BANKNIFTY27FEB2034000CE.NFO,07/01/2020,09:28:15,140.05,140.05,200,175.35,20,0,7440
BANKNIFTY27FEB2034000CE.NFO,07/01/2020,09:28:16,140.05,140.05,200,175.3,40,0,7440
BANKNIFTY27FEB2034000CE.NFO,07/01/2020,09:28:17,140.05,140.05,200,175.25,20,0,7440
BANKNIFTY27FEB2034000CE.NFO,07/01/2020,09:28:19,140.05,140.05,200,174.35,20,0,7440
BANKNIFTY27FEB2034000CE.NFO,07/01/2020,09:28:20,140.05,140.05,200,178.85,20,0,7440
BANKNIFTY27FEB2034000CE.NFO,07/01/2020,09:28:21,140.05,140.05,200,179.85,20,0,7440
BANKNIFTY27FEB2034000CE.NFO,07/01/2020,09:28:22,140.05,140.05,200,178.95,20,0,7440
BANKNIFTY27FEB2034000CE.NFO,07/01/2020,09:28:23,140.05,140.05,200,178.25,20,0,7440
BANKNIFTY27FEB2034000CE.NFO,07/01/2020,09:28:25,140.05,140.05,200,179.45,20,0,7440
BANKNIFTY27FEB2034000CE.NFO,07/01/2020,09:28:26,140.05,140.05,200,179.7,20,0,7440
BANKNIFTY27FEB2034000CE.NFO,07/01/2020,09:28:27,140.05,140.05,200,179.55,20,0,7440
BANKNIFTY27FEB2034000CE.NFO,07/01/2020,09:28:28,140.05,140.05,200,178.65,20,0,7440
BANKNIFTY27FEB2034000CE.NFO,07/01/2020,09:28:29,140.05,140.05,200,177.85,20,0,7440
BANKNIFTY27FEB2034000CE.NFO,07/01/2020,09:28:31,140.05,140.05,200,176.95,20,0,7440
BANKNIFTY27FEB2034000CE.NFO,07/01/2020,09:28:32,140.05,140.05,200,179.6,40,0,7440
BANKNIFTY27FEB2034000CE.NFO,07/01/2020,09:28:33,140.05,140.05,200,179.7,20,0,7440
BANKNIFTY27FEB2034000CE.NFO,07/01/2020,09:28:34,140.05,140.05,200,179.15,20,0,7440
BANKNIFTY27FEB2034000CE.NFO,07/01/2020,09:28:35,140.05,140.05,200,178.5,40,0,7440
BANKNIFTY27FEB2034000CE.NFO,07/01/2020,09:28:36,140.05,140.05,200,177.65,20,0,7440
BANKNIFTY27FEB2034000CE.NFO,07/01/2020,09:28:37,140.05,140.05,200,176.8,40,0,7440
BANKNIFTY27FEB2034000CE.NFO,07/01/2020,09:28:39,140.05,140.05,200,179.6,40,0,7440
BANKNIFTY27FEB2034000CE.NFO,07/01/2020,09:28:40,140.05,140.05,200,179.6,20,0,7440
BANKNIFTY27FEB2034000CE.NFO,07/01/2020,09:28:41,140.05,140.05,200,178.4,20,0,7440
BANKNIFTY27FEB2034000CE.NFO,07/01/2020,09:28:42,140.05,140.05,200,179.65,20,0,7440
BANKNIFTY27FEB2034000CE.NFO,07/01/2020,09:28:44,140.05,140.05,200,178,40,0,7440
BANKNIFTY27FEB2034000CE.NFO,07/01/2020,09:28:45,140.05,140.05,200,176.9,40,0,7440
BANKNIFTY27FEB2034000CE.NFO,07/01/2020,09:28:46,140.05,140.05,200,179.8,40,0,7440
BANKNIFTY27FEB2034000CE.NFO,07/01/2020,09:28:47,140.05,140.05,200,179.6,20,0,7440
BANKNIFTY27FEB2034000CE.NFO,07/01/2020,09:28:48,140.05,140.05,200,178.65,20,0,7440
BANKNIFTY27FEB2034000CE.NFO,07/01/2020,09:28:49,140.05,140.05,200,177.25,20,0,7440
BANKNIFTY27FEB2034000CE.NFO,07/01/2020,09:28:50,140.05,140.05,200,176.35,20,0,7440
BANKNIFTY27FEB2034000CE.NFO,07/01/2020,09:28:51,140.05,140.05,200,175.65,20,0,7440
BANKNIFTY27FEB2034000CE.NFO,07/01/2020,09:28:52,140.05,140.05,200,174.85,20,0,7440
BANKNIFTY27FEB2034000CE.NFO,07/01/2020,09:28:54,140.05,140.05,200,179.7,40,0,7440
BANKNIFTY27FEB2034000CE.NFO,07/01/2020,09:28:55,140.05,140.05,200,178.6,40,0,7440
BANKNIFTY27FEB2034000CE.NFO,07/01/2020,09:28:56,140.05,140.05,200,178.95,40,0,7440
BANKNIFTY27FEB2034000CE.NFO,07/01/2020,09:28:57,140.05,140.05,200,178.1,20,0,7440
BANKNIFTY27FEB2034000CE.NFO,07/01/2020,09:28:58,140.05,140.05,200,179.55,20,0,7440
BANKNIFTY27FEB2034000CE.NFO,07/01/2020,09:28:59,140.05,140.05,200,178.85,20,0,7440
BANKNIFTY27FEB2034000CE.NFO,07/01/2020,09:29:00,140.05,140.05,200,178.15,20,0,7440
BANKNIFTY27FEB2034000CE.NFO,07/01/2020,09:29:02,140.05,140.05,200,177.4,40,0,7440
BANKNIFTY27FEB2034000CE.NFO,07/01/2020,09:29:03,140.05,140.05,200,176.35,20,0,7440
BANKNIFTY27FEB2034000CE.NFO,07/01/2020,09:29:04,140.05,140.05,200,175.45,20,0,7440
BANKNIFTY27FEB2034000CE.NFO,07/01/2020,09:29:05,140.05,140.05,200,179.85,20,0,7440
BANKNIFTY27FEB2034000CE.NFO,07/01/2020,09:29:06,140.05,140.05,200,178.95,20,0,7440
BANKNIFTY27FEB2034000CE.NFO,07/01/2020,09:29:07,140.05,140.05,200,178.05,20,0,7440
BANKNIFTY27FEB2034000CE.NFO,07/01/2020,09:29:09,140.05,140.05,200,179.15,20,0,7440
BANKNIFTY27FEB2034000CE.NFO,07/01/2020,09:29:10,140.05,140.05,200,178.25,20,0,7440
BANKNIFTY27FEB2034000CE.NFO,07/01/2020,09:29:11,140.05,140.05,200,179.2,40,0,7440
BANKNIFTY27FEB2034000CE.NFO,07/01/2020,09:29:12,140.05,140.05,200,178.35,20,0,7440
BANKNIFTY27FEB2034000CE.NFO,07/01/2020,09:29:13,140.05,140.05,200,178,40,0,7440
BANKNIFTY27FEB2034000CE.NFO,07/01/2020,09:29:15,140.05,140.05,200,177.3,40,0,7440
BANKNIFTY27FEB2034000CE.NFO,07/01/2020,09:29:16,140.05,140.05,200,176.45,20,0,7440
BANKNIFTY27FEB2034000CE.NFO,07/01/2020,09:29:17,140.05,140.05,200,179.35,20,0,7440
BANKNIFTY27FEB2034000CE.NFO,07/01/2020,09:29:18,140.05,140.05,200,178.75,20,0,7440
BANKNIFTY27FEB2034000CE.NFO,07/01/2020,09:29:19,140.05,140.05,200,178.05,20,0,7440
BANKNIFTY27FEB2034000CE.NFO,07/01/2020,09:29:21,140.05,140.05,200,179.7,20,0,7440
BANKNIFTY27FEB2034000CE.NFO,07/01/2020,09:29:22,140.05,140.05,200,178.9,20,0,7440
BANKNIFTY27FEB2034000CE.NFO,07/01/2020,09:29:23,140.05,140.05,200,179.55,20,0,7440
BANKNIFTY27FEB2034000CE.NFO,07/01/2020,09:29:24,140.05,140.05,200,178.65,20,0,7440
BANKNIFTY27FEB2034000CE.NFO,07/01/2020,09:29:25,140.05,140.05,200,179.85,20,0,7440
BANKNIFTY27FEB2034000CE.NFO,07/01/2020,09:29:27,140.05,140.05,200,179.05,20,0,7440
BANKNIFTY27FEB2034000CE.NFO,07/01/2020,09:29:28,140.05,140.05,200,178.1,40,0,7440
BANKNIFTY27FEB2034000CE.NFO,07/01/2020,09:29:29,140.05,140.05,200,179.05,40,0,7440
BANKNIFTY27FEB2034000CE.NFO,07/01/2020,09:29:30,140.05,140.05,200,178.4,20,0,7440
BANKNIFTY27FEB2034000CE.NFO,07/01/2020,09:29:31,140.05,140.05,200,179.5,40,0,7440
BANKNIFTY27FEB2034000CE.NFO,07/01/2020,09:29:33,140.05,140.05,200,178.85,20,0,7440
BANKNIFTY27FEB2034000CE.NFO,07/01/2020,09:29:34,140.05,140.05,200,177.95,20,0,7440
BANKNIFTY27FEB2034000CE.NFO,07/01/2020,09:29:35,140.05,140.05,200,179.35,20,0,7440
BANKNIFTY27FEB2034000CE.NFO,07/01/2020,09:29:36,140.05,140.05,200,178.35,20,0,7440
BANKNIFTY27FEB2034000CE.NFO,07/01/2020,09:29:37,140.05,140.05,200,179.7,40,0,7440
BANKNIFTY27FEB2034000CE.NFO,07/01/2020,09:29:38,140.05,140.05,200,179,40,0,7440
BANKNIFTY27FEB2034000CE.NFO,07/01/2020,09:29:40,140.05,140.05,200,178.35,20,0,7440
BANKNIFTY27FEB2034000CE.NFO,07/01/2020,09:29:41,140.05,140.05,200,179.6,40,0,7440
BANKNIFTY27FEB2034000CE.NFO,07/01/2020,09:29:42,140.05,140.05,200,178.65,20,0,7440
BANKNIFTY27FEB2034000CE.NFO,07/01/2020,09:29:43,140.05,140.05,200,179.85,20,0,7440
BANKNIFTY27FEB2034000CE.NFO,07/01/2020,09:29:44,140.05,140.05,200,179.1,20,0,7440
BANKNIFTY27FEB2034000CE.NFO,07/01/2020,09:29:46,140.05,140.05,200,178.5,20,0,7440
BANKNIFTY27FEB2034000CE.NFO,07/01/2020,09:29:47,140.05,140.05,200,179.45,20,0,7440
BANKNIFTY27FEB2034000CE.NFO,07/01/2020,09:29:48,140.05,140.05,200,178.4,40,0,7440
BANKNIFTY27FEB2034000CE.NFO,07/01/2020,09:29:49,140.05,140.05,200,177.7,40,0,7440
BANKNIFTY27FEB2034000CE.NFO,07/01/2020,09:29:50,140.05,140.05,200,176.95,20,0,7440
BANKNIFTY27FEB2034000CE.NFO,07/01/2020,09:29:52,140.05,140.05,200,179.85,20,0,7440
BANKNIFTY27FEB2034000CE.NFO,07/01/2020,09:29:53,140.05,140.05,200,178.95,20,0,7440
BANKNIFTY27FEB2034000CE.NFO,07/01/2020,09:29:54,140.05,140.05,300,178,40,0,7440
BANKNIFTY27FEB2034000CE.NFO,07/01/2020,09:29:55,140.05,140.05,300,179.65,20,0,7440
BANKNIFTY27FEB2034000CE.NFO,07/01/2020,09:30:00,140.05,140.05,300,179.6,40,0,7440
BANKNIFTY27FEB2034000CE.NFO,07/01/2020,09:30:02,140.05,140.05,300,178.75,20,0,7440
BANKNIFTY27FEB2034000CE.NFO,07/01/2020,09:30:03,140.05,140.05,300,177.95,20,0,7440
BANKNIFTY27FEB2034000CE.NFO,07/01/2020,09:30:04,140.05,140.05,300,177.05,20,0,7440
BANKNIFTY27FEB2034000CE.NFO,07/01/2020,09:30:05,140.05,140.05,300,175.65,20,0,7440
BANKNIFTY27FEB2034000CE.NFO,07/01/2020,09:30:06,140.05,140.05,300,174.75,20,0,7440
BANKNIFTY27FEB2034000CE.NFO,07/01/2020,09:30:07,140.05,140.05,300,173.65,20,0,7440
BANKNIFTY27FEB2034000CE.NFO,07/01/2020,09:30:08,140.05,140.05,300,179.4,20,0,7440
BANKNIFTY27FEB2034000CE.NFO,07/01/2020,09:30:10,140.05,140.05,300,178.45,20,0,7440
BANKNIFTY27FEB2034000CE.NFO,07/01/2020,09:30:11,140.05,140.05,300,177.25,20,0,7440
BANKNIFTY27FEB2034000CE.NFO,07/01/2020,09:30:12,140.05,140.05,300,178.9,20,0,7440
BANKNIFTY27FEB2034000CE.NFO,07/01/2020,09:30:13,140.05,140.05,300,179.7,20,0,7440
BANKNIFTY27FEB2034000CE.NFO,07/01/2020,09:30:14,140.05,140.05,300,178.8,20,0,7440
BANKNIFTY27FEB2034000CE.NFO,07/01/2020,09:30:16,140.05,140.05,300,177.5,20,0,7440
BANKNIFTY27FEB2034000CE.NFO,07/01/2020,09:30:17,140.05,140.05,300,179.05,20,0,7440
BANKNIFTY27FEB2034000CE.NFO,07/01/2020,09:30:18,140.05,140.05,300,179.4,40,0,7440
BANKNIFTY27FEB2034000CE.NFO,07/01/2020,09:30:19,140.05,140.05,300,177.95,20,0,7440
BANKNIFTY27FEB2034000CE.NFO,07/01/2020,09:30:20,140.05,140.05,300,178.95,20,0,7440
BANKNIFTY27FEB2034000CE.NFO,07/01/2020,09:30:21,140.05,140.05,300,179.85,20,0,7440
BANKNIFTY27FEB2034000CE.NFO,07/01/2020,09:30:23,140.05,140.05,300,179.05,20,0,7440
BANKNIFTY27FEB2034000CE.NFO,07/01/2020,09:30:24,140.05,140.05,300,177.95,20,0,7440
BANKNIFTY27FEB2034000CE.NFO,07/01/2020,09:30:25,140.05,140.05,300,179.75,40,0,7440
BANKNIFTY27FEB2034000CE.NFO,07/01/2020,09:30:26,140.05,140.05,300,179.55,20,0,7440
BANKNIFTY27FEB2034000CE.NFO,07/01/2020,09:30:27,140.05,140.05,300,179.4,20,0,7440
BANKNIFTY27FEB2034000CE.NFO,07/01/2020,09:30:28,140.05,140.05,300,178.5,20,0,7440
BANKNIFTY27FEB2034000CE.NFO,07/01/2020,09:30:30,140.05,140.05,300,177.45,40,0,7440
BANKNIFTY27FEB2034000CE.NFO,07/01/2020,09:30:31,140.05,140.05,300,176.65,40,0,7440
BANKNIFTY27FEB2034000CE.NFO,07/01/2020,09:30:32,140.05,140.05,300,175.4,20,0,7440
BANKNIFTY27FEB2034000CE.NFO,07/01/2020,09:30:33,140.05,140.05,300,179.85,20,0,7440
BANKNIFTY27FEB2034000CE.NFO,07/01/2020,09:30:35,140.05,140.05,300,179.8,20,0,7440
BANKNIFTY27FEB2034000CE.NFO,07/01/2020,09:30:36,140.05,140.05,300,178.4,40,0,7440
BANKNIFTY27FEB2034000CE.NFO,07/01/2020,09:30:37,140.05,140.05,300,179.5,20,0,7440
BANKNIFTY27FEB2034000CE.NFO,07/01/2020,09:30:38,140.05,140.05,300,179.85,20,0,7440
BANKNIFTY27FEB2034000CE.NFO,07/01/2020,09:30:39,140.05,140.05,300,179.8,20,0,7440
BANKNIFTY27FEB2034000CE.NFO,07/01/2020,09:30:41,140.05,140.05,300,178.95,40,0,7440
BANKNIFTY27FEB2034000CE.NFO,07/01/2020,09:30:42,140.05,140.05,300,179.35,20,0,7440
BANKNIFTY27FEB2034000CE.NFO,07/01/2020,09:30:43,140.05,140.05,300,177.95,20,0,7440
BANKNIFTY27FEB2034000CE.NFO,07/01/2020,09:30:44,140.05,140.05,300,179.35,20,0,7440
BANKNIFTY27FEB2034000CE.NFO,07/01/2020,09:30:46,140.05,140.05,300,178.55,20,0,7440
BANKNIFTY27FEB2034000CE.NFO,07/01/2020,09:30:47,140.05,140.05,300,177.6,40,0,7440
BANKNIFTY27FEB2034000CE.NFO,07/01/2020,09:30:48,140.05,140.05,300,176.65,20,0,7440
BANKNIFTY27FEB2034000CE.NFO,07/01/2020,09:30:49,140.05,140.05,300,176.25,20,0,7440
BANKNIFTY27FEB2034000CE.NFO,07/01/2020,09:30:50,140.05,140.05,300,179.9,20,0,7440
BANKNIFTY27FEB2034000CE.NFO,07/01/2020,09:30:51,140.05,140.05,300,179,20,0,7440
BANKNIFTY27FEB2034000CE.NFO,07/01/2020,09:30:53,140.05,140.05,300,178.2,20,0,7440
BANKNIFTY27FEB2034000CE.NFO,07/01/2020,09:30:54,140.05,140.05,300,179.3,20,0,7440
BANKNIFTY27FEB2034000CE.NFO,07/01/2020,09:30:55,140.05,140.05,300,179.35,20,0,7440
BANKNIFTY27FEB2034000CE.NFO,07/01/2020,09:30:56,140.05,140.05,300,178.65,20,0,7440
BANKNIFTY27FEB2034000CE.NFO,07/01/2020,09:30:57,140.05,140.05,300,177.8,20,0,7440
BANKNIFTY27FEB2034000CE.NFO,07/01/2020,09:30:58,140.05,140.05,300,179.65,40,0,7440
BANKNIFTY27FEB2034000CE.NFO,07/01/2020,09:30:59,140.05,140.05,300,178.95,40,0,7440
BANKNIFTY27FEB2034000CE.NFO,07/01/2020,09:31:01,140.05,140.05,300,179.7,40,0,7440
BANKNIFTY27FEB2034000CE.NFO,07/01/2020,09:31:02,140.05,140.05,300,179.7,20,0,7440
BANKNIFTY27FEB2034000CE.NFO,07/01/2020,09:31:03,140.05,140.05,300,179.75,20,0,7440
BANKNIFTY27FEB2034000CE.NFO,07/01/2020,09:31:04,140.05,140.05,300,179.05,20,0,7440
BANKNIFTY27FEB2034000CE.NFO,07/01/2020,09:31:05,140.05,140.05,300,178.4,40,0,7440
BANKNIFTY27FEB2034000CE.NFO,07/01/2020,09:31:07,140.05,140.05,300,179.45,20,0,7440
BANKNIFTY27FEB2034000CE.NFO,07/01/2020,09:31:08,140.05,140.05,300,178.35,20,0,7440
BANKNIFTY27FEB2034000CE.NFO,07/01/2020,09:31:09,140.05,140.05,300,179.25,20,0,7440
BANKNIFTY27FEB2034000CE.NFO,07/01/2020,09:31:10,140.05,140.05,300,178.55,20,0,7440
BANKNIFTY27FEB2034000CE.NFO,07/01/2020,09:31:11,140.05,140.05,300,177.95,20,0,7440
BANKNIFTY27FEB2034000CE.NFO,07/01/2020,09:31:12,140.05,140.05,300,179.6,20,0,7440
BANKNIFTY27FEB2034000CE.NFO,07/01/2020,09:31:14,140.05,140.05,300,178.8,20,0,7440
BANKNIFTY27FEB2034000CE.NFO,07/01/2020,09:31:15,140.05,140.05,300,178.05,40,0,7440
BANKNIFTY27FEB2034000CE.NFO,07/01/2020,09:31:16,140.05,140.05,300,177.2,20,0,7440
BANKNIFTY27FEB2034000CE.NFO,07/01/2020,09:31:17,140.05,140.05,300,179.95,60,0,7440
BANKNIFTY27FEB2034000CE.NFO,07/01/2020,09:31:18,140.05,140.05,300,179.15,20,0,7440
BANKNIFTY27FEB2034000CE.NFO,07/01/2020,09:31:20,140.05,140.05,300,178.4,40,0,7440
BANKNIFTY27FEB2034000CE.NFO,07/01/2020,09:31:21,140.05,140.05,300,177.85,20,0,7440
BANKNIFTY27FEB2034000CE.NFO,07/01/2020,09:31:22,140.05,140.05,300,177.35,20,0,7440
BANKNIFTY27FEB2034000CE.NFO,07/01/2020,09:31:23,140.05,140.05,300,176.6,40,0,7440
BANKNIFTY27FEB2034000CE.NFO,07/01/2020,09:31:24,140.05,140.05,300,179.85,20,0,7440
BANKNIFTY27FEB2034000CE.NFO,07/01/2020,09:31:26,140.05,140.05,300,179.2,40,0,7440
BANKNIFTY27FEB2034000CE.NFO,07/01/2020,09:31:27,140.05,140.05,300,178.3,40,0,7440
BANKNIFTY27FEB2034000CE.NFO,07/01/2020,09:31:28,140.05,140.05,300,179.25,20,0,7440
BANKNIFTY27FEB2034000CE.NFO,07/01/2020,09:31:29,140.05,140.05,300,178.4,40,0,7440
BANKNIFTY27FEB2034000CE.NFO,07/01/2020,09:31:30,140.05,140.05,300,177.7,40,0,7440
BANKNIFTY27FEB2034000CE.NFO,07/01/2020,09:31:32,140.05,140.05,300,177.1,40,0,7440
BANKNIFTY27FEB2034000CE.NFO,07/01/2020,09:31:33,140.05,140.05,300,176.2,40,0,7440
BANKNIFTY27FEB2034000CE.NFO,07/01/2020,09:31:34,140.05,140.05,300,179,20,0,7440
BANKNIFTY27FEB2034000CE.NFO,07/01/2020,09:31:35,140.05,140.05,300,174.15,20,0,7440
BANKNIFTY27FEB2034000CE.NFO,07/01/2020,09:31:36,140.05,140.05,300,174.55,20,0,7440
BANKNIFTY27FEB2034000CE.NFO,07/01/2020,09:31:37,140.05,140.05,300,173.85,20,0,7440
BANKNIFTY27FEB2034000CE.NFO,07/01/2020,09:31:39,140.05,140.05,300,172.95,20,0,7440
BANKNIFTY27FEB2034000CE.NFO,07/01/2020,09:31:40,140.05,140.05,300,172.25,20,0,7440
BANKNIFTY27FEB2034000CE.NFO,07/01/2020,09:31:41,140.05,140.05,300,171.45,20,0,7440
BANKNIFTY27FEB2034000CE.NFO,07/01/2020,09:31:43,140.05,140.05,300,170.9,40,0,7440
BANKNIFTY27FEB2034000CE.NFO,07/01/2020,09:31:44,170.05,140.05,300,180,20,60,7440
BANKNIFTY27FEB2034000CE.NFO,07/01/2020,09:31:44,170.1,140.05,300,180,20,0,7440
BANKNIFTY27FEB2034000CE.NFO,07/01/2020,09:31:45,170.05,140.05,300,179.95,20,0,7440
BANKNIFTY27FEB2034000CE.NFO,07/01/2020,09:31:51,170.05,140.05,300,189.3,20,0,7440
BANKNIFTY27FEB2034000CE.NFO,07/01/2020,09:31:52,170.05,140.05,300,188.65,20,0,7440
BANKNIFTY27FEB2034000CE.NFO,07/01/2020,09:31:54,170.05,140.05,300,188.1,20,0,7440
BANKNIFTY27FEB2034000CE.NFO,07/01/2020,09:31:55,170.05,140.05,300,189.25,20,0,7440
BANKNIFTY27FEB2034000CE.NFO,07/01/2020,09:31:56,170.05,140.05,300,188.25,20,0,7440
BANKNIFTY27FEB2034000CE.NFO,07/01/2020,09:31:57,170.05,140.05,300,189.5,20,0,7440
BANKNIFTY27FEB2034000CE.NFO,07/01/2020,09:31:58,170.05,140.05,300,188.8,20,0,7440
BANKNIFTY27FEB2034000CE.NFO,07/01/2020,09:32:00,170.05,140.05,300,188.15,20,0,7440
BANKNIFTY27FEB2034000CE.NFO,07/01/2020,09:32:01,170.05,140.05,300,189.3,20,0,7440
BANKNIFTY27FEB2034000CE.NFO,07/01/2020,09:32:02,170.05,140.05,300,188.5,20,0,7440
BANKNIFTY27FEB2034000CE.NFO,07/01/2020,09:32:03,170.05,140.05,300,189.6,20,0,7440
BANKNIFTY27FEB2034000CE.NFO,07/01/2020,09:32:04,170.05,140.05,300,189.75,20,0,7440
BANKNIFTY27FEB2034000CE.NFO,07/01/2020,09:32:05,170.05,140.05,300,189.25,20,0,7440
BANKNIFTY27FEB2034000CE.NFO,07/01/2020,09:32:06,170.05,140.05,300,189.15,20,0,7440
BANKNIFTY27FEB2034000CE.NFO,07/01/2020,09:32:08,170.05,140.05,300,189.9,20,0,7440
BANKNIFTY27FEB2034000CE.NFO,07/01/2020,09:32:09,170.05,140.05,300,190.2,20,0,7440
BANKNIFTY27FEB2034000CE.NFO,07/01/2020,09:32:10,170.05,140.05,300,188.6,20,0,7440
BANKNIFTY27FEB2034000CE.NFO,07/01/2020,09:32:11,170.05,140.05,300,189.95,20,0,7440
BANKNIFTY27FEB2034000CE.NFO,07/01/2020,09:32:12,170.05,140.1,40,190.45,20,0,7440
BANKNIFTY27FEB2034000CE.NFO,07/01/2020,09:32:14,170.05,140.1,40,189.15,20,0,7440
BANKNIFTY27FEB2034000CE.NFO,07/01/2020,09:32:15,170.05,140.1,40,189.65,20,0,7440
BANKNIFTY27FEB2034000CE.NFO,07/01/2020,09:32:16,170.05,140.1,40,175.95,20,0,7440
BANKNIFTY27FEB2034000CE.NFO,07/01/2020,09:32:21,170.05,142.05,40,175.95,20,0,7440
BANKNIFTY27FEB2034000CE.NFO,07/01/2020,09:33:15,170,142.05,40,176,20,20,7440
BANKNIFTY27FEB2034000CE.NFO,07/01/2020,09:33:16,170,142.05,40,184,20,0,7440
BANKNIFTY27FEB2034000CE.NFO,07/01/2020,09:33:41,170,170,100,184,20,0,7440
BANKNIFTY27FEB2034000CE.NFO,07/01/2020,09:34:03,170,170,80,184,20,20,7440
BANKNIFTY27FEB2034000CE.NFO,07/01/2020,09:34:04,170,170,80,184,20,0,7440
BANKNIFTY27FEB2034000CE.NFO,07/01/2020,09:35:12,170,140.05,40,184,20,80,7440
BANKNIFTY27FEB2034000CE.NFO,07/01/2020,09:35:13,170,140.05,40,184,20,0,7440
BANKNIFTY27FEB2034000CE.NFO,07/01/2020,09:35:56,170,140,60,184,20,0,7440
BANKNIFTY27FEB2034000CE.NFO,07/01/2020,09:36:03,170,140.05,40,183.95,200,0,7440
BANKNIFTY27FEB2034000CE.NFO,07/01/2020,09:38:21,170,140.05,40,190,20,0,7440
BANKNIFTY27FEB2034000CE.NFO,07/01/2020,09:38:28,170,140.05,40,189.85,200,0,7440
BANKNIFTY27FEB2034000CE.NFO,07/01/2020,09:38:34,170,140.05,40,190,20,0,7440
BANKNIFTY27FEB2034000CE.NFO,07/01/2020,09:38:36,170,140.05,40,189.8,200,0,7440
BANKNIFTY27FEB2034000CE.NFO,07/01/2020,09:38:38,170,140.05,40,190,20,0,7440
BANKNIFTY27FEB2034000CE.NFO,07/01/2020,09:38:41,170,140.05,40,189.95,200,0,7440
BANKNIFTY27FEB2034000CE.NFO,07/01/2020,09:38:43,170,140.05,40,189.5,200,0,7440
BANKNIFTY27FEB2034000CE.NFO,07/01/2020,09:38:44,170,140.05,40,189.45,200,0,7440
BANKNIFTY27FEB2034000CE.NFO,07/01/2020,09:38:45,170,140.05,40,189.25,200,0,7440
BANKNIFTY27FEB2034000CE.NFO,07/01/2020,09:38:48,170,140.05,40,188.65,200,0,7440
BANKNIFTY27FEB2034000CE.NFO,07/01/2020,09:38:49,170,140.05,40,188.95,200,0,7440
BANKNIFTY27FEB2034000CE.NFO,07/01/2020,09:38:50,170,140.05,40,189.1,200,0,7440
BANKNIFTY27FEB2034000CE.NFO,07/01/2020,09:38:51,170,140.05,40,189.4,200,0,7440
BANKNIFTY27FEB2034000CE.NFO,07/01/2020,09:38:53,170,140.05,40,189.5,200,0,7440
BANKNIFTY27FEB2034000CE.NFO,07/01/2020,09:38:54,170,140.05,40,189.4,200,0,7440
BANKNIFTY27FEB2034000CE.NFO,07/01/2020,09:38:55,170,140.05,40,189.25,200,0,7440
BANKNIFTY27FEB2034000CE.NFO,07/01/2020,09:38:56,170,140.05,40,189.05,200,0,7440
BANKNIFTY27FEB2034000CE.NFO,07/01/2020,09:38:57,170,140.05,40,189.1,200,0,7440
BANKNIFTY27FEB2034000CE.NFO,07/01/2020,09:39:00,170,140.05,40,189.4,200,0,7440
BANKNIFTY27FEB2034000CE.NFO,07/01/2020,09:39:01,170,140.05,40,189.45,200,0,7440
BANKNIFTY27FEB2034000CE.NFO,07/01/2020,09:39:02,170,140.05,40,189.2,200,0,7440
BANKNIFTY27FEB2034000CE.NFO,07/01/2020,09:39:04,170,140.05,40,188.9,200,0,7440
BANKNIFTY27FEB2034000CE.NFO,07/01/2020,09:39:06,170,140.05,40,188.8,200,0,7440
BANKNIFTY27FEB2034000CE.NFO,07/01/2020,09:39:09,170,140.05,40,188.9,200,0,7440
BANKNIFTY27FEB2034000CE.NFO,07/01/2020,09:39:11,170,140.05,40,188.8,200,0,7440
BANKNIFTY27FEB2034000CE.NFO,07/01/2020,09:39:13,170,140.05,40,189.2,200,0,7440
BANKNIFTY27FEB2034000CE.NFO,07/01/2020,09:39:15,170,140.05,40,189.8,200,0,7440
BANKNIFTY27FEB2034000CE.NFO,07/01/2020,09:39:16,170,140.05,40,189.9,200,0,7440
BANKNIFTY27FEB2034000CE.NFO,07/01/2020,09:39:19,170,140.05,40,189.95,200,0,7440
BANKNIFTY27FEB2034000CE.NFO,07/01/2020,09:39:20,170,140.05,40,190,20,0,7440
BANKNIFTY27FEB2034000CE.NFO,07/01/2020,09:39:51,170,140.05,40,190,60,0,7440
BANKNIFTY27FEB2034000CE.NFO,07/01/2020,09:40:59,170,140.05,40,189.95,200,0,7440
BANKNIFTY27FEB2034000CE.NFO,07/01/2020,09:41:17,170,140.05,40,170,200,0,7440
BANKNIFTY27FEB2034000CE.NFO,07/01/2020,09:42:35,160,140.05,40,160,180,20,7520
BANKNIFTY27FEB2034000CE.NFO,07/01/2020,09:42:36,160,140.05,40,160,180,0,7520
BANKNIFTY27FEB2034000CE.NFO,07/01/2020,09:43:10,160,140.15,40,160,180,0,7520
BANKNIFTY27FEB2034000CE.NFO,07/01/2020,09:44:58,160,140.15,40,175,20,180,7520
BANKNIFTY27FEB2034000CE.NFO,07/01/2020,09:45:01,160,140.15,40,175,20,0,7520
BANKNIFTY27FEB2034000CE.NFO,07/01/2020,09:45:02,160,140.15,40,174.95,180,0,7520
BANKNIFTY27FEB2034000CE.NFO,07/01/2020,09:45:13,160,140.15,40,175,20,0,7520
BANKNIFTY27FEB2034000CE.NFO,07/01/2020,09:45:30,160,160,100,175,20,0,7520
BANKNIFTY27FEB2034000CE.NFO,07/01/2020,09:47:09,160,160,100,174.95,100,0,7520
BANKNIFTY27FEB2034000CE.NFO,07/01/2020,09:47:50,160,160,100,172,20,0,7520
BANKNIFTY27FEB2034000CE.NFO,07/01/2020,09:47:57,160,160,80,172,20,20,7700
BANKNIFTY27FEB2034000CE.NFO,07/01/2020,09:47:59,160,160,80,172,20,0,7700
BANKNIFTY27FEB2034000CE.NFO,07/01/2020,09:49:04,160,160,80,171.95,100,0,7700
BANKNIFTY27FEB2034000CE.NFO,07/01/2020,09:50:53,160,160,80,165,1000,0,7700
BANKNIFTY27FEB2034000CE.NFO,07/01/2020,09:51:06,160,160,60,165,1000,20,7700
BANKNIFTY27FEB2034000CE.NFO,07/01/2020,09:51:20,160,160,40,165,1000,20,7720
BANKNIFTY27FEB2034000CE.NFO,07/01/2020,09:51:21,160,160,40,165,1000,0,7720
BANKNIFTY27FEB2034000CE.NFO,07/01/2020,09:51:23,160,161,20,165,1000,0,7720
BANKNIFTY27FEB2034000CE.NFO,07/01/2020,09:51:48,161,160,40,165,1000,20,7720
BANKNIFTY27FEB2034000CE.NFO,07/01/2020,09:51:51,161,160,40,165,1000,0,7720
BANKNIFTY27FEB2034000CE.NFO,07/01/2020,09:52:08,161,161,40,165,1000,0,7720
BANKNIFTY27FEB2034000CE.NFO,07/01/2020,09:56:29,161,161,60,165,1000,0,7720
BANKNIFTY27FEB2034000CE.NFO,07/01/2020,09:58:27,161,161,40,165,1000,20,7760
BANKNIFTY27FEB2034000CE.NFO,07/01/2020,09:58:28,161,161,40,165,1000,0,7760
BANKNIFTY27FEB2034000CE.NFO,07/01/2020,09:58:52,161,161,20,165,1000,20,7760
BANKNIFTY27FEB2034000CE.NFO,07/01/2020,09:58:53,161,161,20,165,1000,0,7760
BANKNIFTY27FEB2034000CE.NFO,07/01/2020,09:59:25,161,140.1,200,165,1000,20,7800
BANKNIFTY27FEB2034000CE.NFO,07/01/2020,09:59:27,161,140.1,200,165,1000,0,7800
BANKNIFTY27FEB2034000CE.NFO,07/01/2020,10:01:06,161,140,60,165,1000,0,7800
BANKNIFTY27FEB2034000CE.NFO,07/01/2020,10:03:34,161,140,60,161,20,0,7800
BANKNIFTY27FEB2034000CE.NFO,07/01/2020,10:03:35,161,140.05,100,161,20,0,7800
BANKNIFTY27FEB2034000CE.NFO,07/01/2020,10:03:37,161,140,60,161,20,0,7800
BANKNIFTY27FEB2034000CE.NFO,07/01/2020,10:04:57,161,140,60,165,1000,20,7800
BANKNIFTY27FEB2034000CE.NFO,07/01/2020,10:04:58,161,140,60,165,1000,0,7800
BANKNIFTY27FEB2034000CE.NFO,07/01/2020,10:05:03,165,140,60,165,980,20,7800
BANKNIFTY27FEB2034000CE.NFO,07/01/2020,10:05:06,165,140,60,165,980,0,7800
BANKNIFTY27FEB2034000CE.NFO,07/01/2020,10:05:41,165,140,60,165,960,20,7800
BANKNIFTY27FEB2034000CE.NFO,07/01/2020,10:05:43,165,140,60,165,960,0,7800
BANKNIFTY27FEB2034000CE.NFO,07/01/2020,10:07:31,165,140,60,160,40,0,7800
BANKNIFTY27FEB2034000CE.NFO,07/01/2020,10:11:54,165,150,20,160,40,0,7800
BANKNIFTY27FEB2034000CE.NFO,07/01/2020,10:13:43,165,155,20,160,40,0,7800
BANKNIFTY27FEB2034000CE.NFO,07/01/2020,10:14:30,160,140,60,160,20,20,7820
BANKNIFTY27FEB2034000CE.NFO,07/01/2020,10:14:31,160,140,60,160,20,0,7820
BANKNIFTY27FEB2034000CE.NFO,07/01/2020,10:14:33,160,140,60,165,960,20,7820
BANKNIFTY27FEB2034000CE.NFO,07/01/2020,10:14:36,160,140,60,165,960,0,7820
BANKNIFTY27FEB2034000CE.NFO,07/01/2020,10:17:53,160,148.9,100,165,960,0,7820
BANKNIFTY27FEB2034000CE.NFO,07/01/2020,10:17:55,160,148.4,100,165,960,0,7820
BANKNIFTY27FEB2034000CE.NFO,07/01/2020,10:17:57,160,148.85,100,165,960,0,7820
BANKNIFTY27FEB2034000CE.NFO,07/01/2020,10:17:58,160,148.75,100,165,960,0,7820
BANKNIFTY27FEB2034000CE.NFO,07/01/2020,10:18:01,160,149,100,165,960,0,7820
BANKNIFTY27FEB2034000CE.NFO,07/01/2020,10:18:03,160,148.95,100,165,960,0,7820
BANKNIFTY27FEB2034000CE.NFO,07/01/2020,10:18:04,160,148.9,100,165,960,0,7820
BANKNIFTY27FEB2034000CE.NFO,07/01/2020,10:18:05,160,148.8,100,165,960,0,7820
BANKNIFTY27FEB2034000CE.NFO,07/01/2020,10:18:06,160,148.75,100,165,960,0,7820
BANKNIFTY27FEB2034000CE.NFO,07/01/2020,10:18:07,160,149,100,165,960,0,7820
BANKNIFTY27FEB2034000CE.NFO,07/01/2020,10:18:11,160,148.75,100,165,960,0,7820
BANKNIFTY27FEB2034000CE.NFO,07/01/2020,10:18:12,160,149.2,100,165,960,0,7820
BANKNIFTY27FEB2034000CE.NFO,07/01/2020,10:18:13,160,148.9,100,165,960,0,7820
BANKNIFTY27FEB2034000CE.NFO,07/01/2020,10:18:15,160,148.95,100,165,960,0,7820
BANKNIFTY27FEB2034000CE.NFO,07/01/2020,10:18:16,160,149.05,100,165,960,0,7820
BANKNIFTY27FEB2034000CE.NFO,07/01/2020,10:18:17,160,149,100,165,960,0,7820
BANKNIFTY27FEB2034000CE.NFO,07/01/2020,10:18:20,160,149.05,100,165,960,0,7820
BANKNIFTY27FEB2034000CE.NFO,07/01/2020,10:18:21,160,148.75,100,165,960,0,7820
BANKNIFTY27FEB2034000CE.NFO,07/01/2020,10:18:22,160,148.85,100,165,960,0,7820
BANKNIFTY27FEB2034000CE.NFO,07/01/2020,10:18:23,160,148.95,100,165,960,0,7820
BANKNIFTY27FEB2034000CE.NFO,07/01/2020,10:18:24,160,149.15,100,165,960,0,7820
BANKNIFTY27FEB2034000CE.NFO,07/01/2020,10:18:26,160,149.05,100,165,960,0,7820
BANKNIFTY27FEB2034000CE.NFO,07/01/2020,10:18:28,160,149,100,165,960,0,7820
BANKNIFTY27FEB2034000CE.NFO,07/01/2020,10:18:29,160,148.85,100,165,960,0,7820
BANKNIFTY27FEB2034000CE.NFO,07/01/2020,10:18:31,160,149.4,100,165,960,0,7820
BANKNIFTY27FEB2034000CE.NFO,07/01/2020,10:18:33,160,149.05,100,165,960,0,7820
BANKNIFTY27FEB2034000CE.NFO,07/01/2020,10:18:34,160,148.95,100,165,960,0,7820
BANKNIFTY27FEB2034000CE.NFO,07/01/2020,10:18:36,160,149.1,100,165,960,0,7820
BANKNIFTY27FEB2034000CE.NFO,07/01/2020,10:18:37,160,148.95,100,165,960,0,7820
BANKNIFTY27FEB2034000CE.NFO,07/01/2020,10:18:39,160,149.1,100,165,960,0,7820
BANKNIFTY27FEB2034000CE.NFO,07/01/2020,10:18:41,160,149,100,165,960,0,7820
BANKNIFTY27FEB2034000CE.NFO,07/01/2020,10:18:42,160,140,60,165,960,0,7820
BANKNIFTY27FEB2034000CE.NFO,07/01/2020,10:19:15,160,140,60,164.95,100,0,7820
BANKNIFTY27FEB2034000CE.NFO,07/01/2020,10:19:23,160,140,60,164.95,120,0,7820
BANKNIFTY27FEB2034000CE.NFO,07/01/2020,10:23:31,160,140,60,164.95,160,0,7820
BANKNIFTY27FEB2034000CE.NFO,07/01/2020,10:24:23,160,140,60,164,20,0,7820
BANKNIFTY27FEB2034000CE.NFO,07/01/2020,10:25:16,160,140,60,163.95,160,0,7820
BANKNIFTY27FEB2034000CE.NFO,07/01/2020,10:41:02,160,140,60,160,40,0,7820
BANKNIFTY27FEB2034000CE.NFO,07/01/2020,10:44:14,160,140,60,163.95,160,0,7820
BANKNIFTY27FEB2034000CE.NFO,07/01/2020,10:44:30,140,140,20,163.95,160,40,7820
BANKNIFTY27FEB2034000CE.NFO,07/01/2020,10:44:31,140,140,20,163.95,160,0,7820
BANKNIFTY27FEB2034000CE.NFO,07/01/2020,10:44:37,140,140.05,200,163.95,160,0,7820
BANKNIFTY27FEB2034000CE.NFO,07/01/2020,10:45:19,140,140,20,163.95,160,0,7820
BANKNIFTY27FEB2034000CE.NFO,07/01/2020,10:45:54,140,140,20,163,20,0,7820
BANKNIFTY27FEB2034000CE.NFO,07/01/2020,10:46:50,140,140,20,162.95,160,0,7820
BANKNIFTY27FEB2034000CE.NFO,07/01/2020,10:47:41,140,140,20,163,20,0,7820
BANKNIFTY27FEB2034000CE.NFO,07/01/2020,10:47:46,140,130.05,40,163,20,0,7820
BANKNIFTY27FEB2034000CE.NFO,07/01/2020,10:48:00,140,130.05,40,150,40,0,7820
BANKNIFTY27FEB2034000CE.NFO,07/01/2020,10:48:22,140,130.15,40,150,40,0,7820
BANKNIFTY27FEB2034000CE.NFO,07/01/2020,10:50:16,140,130.05,40,150,40,0,7820
BANKNIFTY27FEB2034000CE.NFO,07/01/2020,10:50:20,130.05,130,20,163,20,40,7820
BANKNIFTY27FEB2034000CE.NFO,07/01/2020,10:50:20,130.05,130,20,163,20,0,7820
BANKNIFTY27FEB2034000CE.NFO,07/01/2020,10:50:22,130.05,130.05,40,163,20,0,7820
BANKNIFTY27FEB2034000CE.NFO,07/01/2020,10:51:58,130.05,130,20,163,20,0,7820
BANKNIFTY27FEB2034000CE.NFO,07/01/2020,10:51:59,130.05,130.05,40,163,20,0,7820
BANKNIFTY27FEB2034000CE.NFO,07/01/2020,10:52:11,130.05,130,20,163,20,0,7820
BANKNIFTY27FEB2034000CE.NFO,07/01/2020,10:52:12,130.05,130.05,40,163,20,0,7820
BANKNIFTY27FEB2034000CE.NFO,07/01/2020,10:52:19,130.05,120.05,40,163,20,0,7820
BANKNIFTY27FEB2034000CE.NFO,07/01/2020,10:52:53,130.05,120.15,40,163,20,0,7820
BANKNIFTY27FEB2034000CE.NFO,07/01/2020,10:52:55,130.05,120.15,40,162.5,200,0,7820
BANKNIFTY27FEB2034000CE.NFO,07/01/2020,10:52:58,130.05,120.15,40,162.3,200,0,7820
BANKNIFTY27FEB2034000CE.NFO,07/01/2020,10:52:59,130.05,120.15,40,162.05,200,0,7820
BANKNIFTY27FEB2034000CE.NFO,07/01/2020,10:53:00,130.05,120.15,40,162,200,0,7820
BANKNIFTY27FEB2034000CE.NFO,07/01/2020,10:53:02,130.05,125.05,40,162.05,200,0,7820
BANKNIFTY27FEB2034000CE.NFO,07/01/2020,10:53:03,130.05,125.05,40,161.95,200,0,7820
BANKNIFTY27FEB2034000CE.NFO,07/01/2020,10:53:04,130.05,125.05,40,162.3,200,0,7820
BANKNIFTY27FEB2034000CE.NFO,07/01/2020,10:53:06,130.05,125.05,40,162.35,200,0,7820
BANKNIFTY27FEB2034000CE.NFO,07/01/2020,10:53:07,130.05,120.1,40,162.35,200,0,7820
BANKNIFTY27FEB2034000CE.NFO,07/01/2020,10:53:08,130.05,120.1,40,162.15,200,0,7820
BANKNIFTY27FEB2034000CE.NFO,07/01/2020,10:53:09,130.05,120.1,40,161.65,200,0,7820
BANKNIFTY27FEB2034000CE.NFO,07/01/2020,10:53:11,130.05,120.1,40,162.05,200,0,7820
BANKNIFTY27FEB2034000CE.NFO,07/01/2020,10:53:12,130.05,120.1,40,161.5,200,0,7820
BANKNIFTY27FEB2034000CE.NFO,07/01/2020,10:53:13,130.05,120.1,40,161.15,200,0,7820
BANKNIFTY27FEB2034000CE.NFO,07/01/2020,10:53:14,130.05,120.1,40,161.4,200,0,7820
BANKNIFTY27FEB2034000CE.NFO,07/01/2020,10:53:16,130.05,120.1,40,161.35,200,0,7820
BANKNIFTY27FEB2034000CE.NFO,07/01/2020,10:53:17,130.05,120.1,40,161,200,0,7820
BANKNIFTY27FEB2034000CE.NFO,07/01/2020,10:53:18,130.05,120.1,40,161.3,200,0,7820
BANKNIFTY27FEB2034000CE.NFO,07/01/2020,10:53:21,130.05,120.1,40,160.65,200,0,7820
BANKNIFTY27FEB2034000CE.NFO,07/01/2020,10:53:22,130.05,120.1,40,160.4,200,0,7820
BANKNIFTY27FEB2034000CE.NFO,07/01/2020,10:53:23,130.05,120.1,40,160.15,200,0,7820
BANKNIFTY27FEB2034000CE.NFO,07/01/2020,10:53:25,130.05,120.1,40,159.75,200,0,7820
BANKNIFTY27FEB2034000CE.NFO,07/01/2020,10:53:26,130.05,120.1,40,160.05,200,0,7820
BANKNIFTY27FEB2034000CE.NFO,07/01/2020,10:53:27,130.05,120.1,40,159.5,200,0,7820
BANKNIFTY27FEB2034000CE.NFO,07/01/2020,10:53:29,130.05,120.1,40,159.7,200,0,7820
BANKNIFTY27FEB2034000CE.NFO,07/01/2020,10:53:30,130.05,120.1,40,160.45,200,0,7820
BANKNIFTY27FEB2034000CE.NFO,07/01/2020,10:53:32,130.05,120.1,40,160.55,200,0,7820
BANKNIFTY27FEB2034000CE.NFO,07/01/2020,10:53:34,130.05,120.1,40,160.65,200,0,7820
BANKNIFTY27FEB2034000CE.NFO,07/01/2020,10:53:35,130.05,120.1,40,160.5,200,0,7820
BANKNIFTY27FEB2034000CE.NFO,07/01/2020,10:53:36,130.05,120.1,40,160.75,200,0,7820
BANKNIFTY27FEB2034000CE.NFO,07/01/2020,10:53:37,130.05,120.1,40,161,200,0,7820
BANKNIFTY27FEB2034000CE.NFO,07/01/2020,10:53:39,130.05,120.1,40,160.95,200,0,7820
BANKNIFTY27FEB2034000CE.NFO,07/01/2020,10:53:40,130.05,120.1,40,161.1,200,0,7820
BANKNIFTY27FEB2034000CE.NFO,07/01/2020,10:53:42,130.05,120.1,40,161.15,200,0,7820
BANKNIFTY27FEB2034000CE.NFO,07/01/2020,10:53:44,130.05,120.1,40,160.7,200,0,7820
BANKNIFTY27FEB2034000CE.NFO,07/01/2020,10:53:45,130.05,120.1,40,160.75,200,0,7820
BANKNIFTY27FEB2034000CE.NFO,07/01/2020,10:53:47,130.05,120.1,40,160.45,200,0,7820
BANKNIFTY27FEB2034000CE.NFO,07/01/2020,10:53:49,130.05,120.1,40,160.1,200,0,7820
BANKNIFTY27FEB2034000CE.NFO,07/01/2020,10:53:50,130.05,120.1,40,159.75,200,0,7820
BANKNIFTY27FEB2034000CE.NFO,07/01/2020,10:53:51,130.05,120.1,40,159.15,200,0,7820
BANKNIFTY27FEB2034000CE.NFO,07/01/2020,10:53:55,130.05,120.1,40,159.65,200,0,7820
BANKNIFTY27FEB2034000CE.NFO,07/01/2020,10:53:58,130.05,120.1,40,159.4,200,0,7820
BANKNIFTY27FEB2034000CE.NFO,07/01/2020,10:54:00,130.05,120.1,40,159.6,200,0,7820
BANKNIFTY27FEB2034000CE.NFO,07/01/2020,10:54:01,130.05,120.1,40,159.85,200,0,7820
BANKNIFTY27FEB2034000CE.NFO,07/01/2020,10:54:02,130.05,120.1,40,160.05,40,0,7820
BANKNIFTY27FEB2034000CE.NFO,07/01/2020,10:54:04,130.05,120.1,40,159.95,200,0,7820
BANKNIFTY27FEB2034000CE.NFO,07/01/2020,10:54:05,130.05,120.1,40,159.7,200,0,7820
BANKNIFTY27FEB2034000CE.NFO,07/01/2020,10:54:06,130.05,120.1,40,159.8,200,0,7820
BANKNIFTY27FEB2034000CE.NFO,07/01/2020,10:54:07,130.05,120.1,40,159.9,200,0,7820
BANKNIFTY27FEB2034000CE.NFO,07/01/2020,10:54:09,130.05,120.1,40,160.05,40,0,7820
BANKNIFTY27FEB2034000CE.NFO,07/01/2020,10:54:11,130.05,120.1,40,160,200,0,7820
BANKNIFTY27FEB2034000CE.NFO,07/01/2020,10:54:12,130.05,120.1,40,160.05,40,0,7820
BANKNIFTY27FEB2034000CE.NFO,07/01/2020,10:54:31,130.05,120.1,40,159.55,200,0,7820
BANKNIFTY27FEB2034000CE.NFO,07/01/2020,10:54:34,130.05,120.1,40,160.05,40,0,7820
BANKNIFTY27FEB2034000CE.NFO,07/01/2020,10:55:10,130.05,120.1,40,160,200,0,7820
BANKNIFTY27FEB2034000CE.NFO,07/01/2020,10:55:11,130.05,120.1,40,159.4,200,0,7820
BANKNIFTY27FEB2034000CE.NFO,07/01/2020,10:55:13,130.05,120.1,40,159.15,200,0,7820
BANKNIFTY27FEB2034000CE.NFO,07/01/2020,10:55:14,130.05,120.1,40,159.6,200,0,7820
BANKNIFTY27FEB2034000CE.NFO,07/01/2020,10:55:16,130.05,120.1,40,159.65,200,0,7820
BANKNIFTY27FEB2034000CE.NFO,07/01/2020,10:55:17,130.05,120.1,40,159.7,200,0,7820
BANKNIFTY27FEB2034000CE.NFO,07/01/2020,10:55:18,130.05,120.1,40,159.65,200,0,7820
BANKNIFTY27FEB2034000CE.NFO,07/01/2020,10:55:21,130.05,120.1,40,159.7,200,0,7820
BANKNIFTY27FEB2034000CE.NFO,07/01/2020,10:55:22,130.05,120.1,40,159.6,200,0,7820
BANKNIFTY27FEB2034000CE.NFO,07/01/2020,10:55:23,130.05,120.1,40,159.55,200,0,7820
BANKNIFTY27FEB2034000CE.NFO,07/01/2020,10:55:24,130.05,120.1,40,159.3,200,0,7820
BANKNIFTY27FEB2034000CE.NFO,07/01/2020,10:55:26,130.05,120.1,40,158.95,200,0,7820
BANKNIFTY27FEB2034000CE.NFO,07/01/2020,10:55:27,130.05,120.1,40,158.75,200,0,7820
BANKNIFTY27FEB2034000CE.NFO,07/01/2020,10:55:28,130.05,120.1,40,158.45,200,0,7820
BANKNIFTY27FEB2034000CE.NFO,07/01/2020,10:55:29,130.05,120.1,40,158.4,200,0,7820
BANKNIFTY27FEB2034000CE.NFO,07/01/2020,10:55:32,130.05,120.1,40,159,200,0,7820
BANKNIFTY27FEB2034000CE.NFO,07/01/2020,10:55:33,130.05,120.1,40,158.65,200,0,7820
BANKNIFTY27FEB2034000CE.NFO,07/01/2020,10:55:34,130.05,120.1,40,159.15,200,0,7820
BANKNIFTY27FEB2034000CE.NFO,07/01/2020,10:55:35,130.05,120.1,40,158.6,200,0,7820
BANKNIFTY27FEB2034000CE.NFO,07/01/2020,10:55:37,130.05,120.1,40,159.45,200,0,7820
BANKNIFTY27FEB2034000CE.NFO,07/01/2020,10:55:38,130.05,120.1,40,159.25,200,0,7820
BANKNIFTY27FEB2034000CE.NFO,07/01/2020,10:55:39,130.05,120.1,40,159.4,200,0,7820
BANKNIFTY27FEB2034000CE.NFO,07/01/2020,10:55:40,130.05,120.1,40,159.3,200,0,7820
BANKNIFTY27FEB2034000CE.NFO,07/01/2020,10:55:41,130.05,120.1,40,159.4,200,0,7820
BANKNIFTY27FEB2034000CE.NFO,07/01/2020,10:55:43,130.05,120.1,40,159.35,200,0,7820
BANKNIFTY27FEB2034000CE.NFO,07/01/2020,10:55:44,130.05,120.1,40,159.3,200,0,7820
BANKNIFTY27FEB2034000CE.NFO,07/01/2020,10:55:46,130.05,120.1,40,159.6,200,0,7820
BANKNIFTY27FEB2034000CE.NFO,07/01/2020,10:55:50,130.05,120.1,40,159.5,200,0,7820
BANKNIFTY27FEB2034000CE.NFO,07/01/2020,10:55:51,130.05,120.1,40,159.3,200,0,7820
BANKNIFTY27FEB2034000CE.NFO,07/01/2020,10:55:52,130.05,120.1,40,159.55,200,0,7820
BANKNIFTY27FEB2034000CE.NFO,07/01/2020,10:55:55,130.05,120.1,40,159.35,200,0,7820
BANKNIFTY27FEB2034000CE.NFO,07/01/2020,10:55:57,130.05,120.1,40,159.15,200,0,7820
BANKNIFTY27FEB2034000CE.NFO,07/01/2020,10:55:58,130.05,120.1,40,159.1,200,0,7820
BANKNIFTY27FEB2034000CE.NFO,07/01/2020,10:55:59,130.05,120.1,40,159.2,200,0,7820
BANKNIFTY27FEB2034000CE.NFO,07/01/2020,10:56:01,130.05,120.1,40,159.7,200,0,7820
BANKNIFTY27FEB2034000CE.NFO,07/01/2020,10:56:06,130.05,120.1,40,159.8,200,0,7820
BANKNIFTY27FEB2034000CE.NFO,07/01/2020,10:56:19,130.05,120.1,40,160.05,40,0,7820
BANKNIFTY27FEB2034000CE.NFO,07/01/2020,10:56:22,130.05,120.1,40,159.95,200,0,7820
BANKNIFTY27FEB2034000CE.NFO,07/01/2020,10:56:23,130.05,120.1,40,160,200,0,7820
BANKNIFTY27FEB2034000CE.NFO,07/01/2020,10:56:24,130.05,120.1,40,159.95,200,0,7820
BANKNIFTY27FEB2034000CE.NFO,07/01/2020,10:56:25,130.05,120.1,40,159.9,200,0,7820
BANKNIFTY27FEB2034000CE.NFO,07/01/2020,10:56:28,130.05,120.1,40,159.45,200,0,7820
BANKNIFTY27FEB2034000CE.NFO,07/01/2020,10:56:29,130.05,120.1,40,159,200,0,7820
BANKNIFTY27FEB2034000CE.NFO,07/01/2020,10:56:31,130.05,120.1,40,158.7,200,0,7820
BANKNIFTY27FEB2034000CE.NFO,07/01/2020,10:56:32,130.05,120.1,40,158.35,200,0,7820
BANKNIFTY27FEB2034000CE.NFO,07/01/2020,10:56:33,130.05,120.1,40,157.95,200,0,7820
BANKNIFTY27FEB2034000CE.NFO,07/01/2020,10:56:34,130.05,120.1,40,158.05,200,0,7820
BANKNIFTY27FEB2034000CE.NFO,07/01/2020,10:56:36,130.05,120.1,40,158.1,200,0,7820
BANKNIFTY27FEB2034000CE.NFO,07/01/2020,10:56:37,130.05,120.1,40,159.1,200,0,7820
BANKNIFTY27FEB2034000CE.NFO,07/01/2020,10:56:38,130.05,120.1,40,159.4,200,0,7820
BANKNIFTY27FEB2034000CE.NFO,07/01/2020,10:56:39,130.05,120.1,40,159.35,200,0,7820
BANKNIFTY27FEB2034000CE.NFO,07/01/2020,10:56:41,130.05,120.1,40,159.2,200,0,7820
BANKNIFTY27FEB2034000CE.NFO,07/01/2020,10:56:42,130.05,120.1,40,159.25,200,0,7820
BANKNIFTY27FEB2034000CE.NFO,07/01/2020,10:56:44,130.05,120.1,40,159.6,200,0,7820
BANKNIFTY27FEB2034000CE.NFO,07/01/2020,10:56:46,130.05,120.1,40,159.4,200,0,7820
BANKNIFTY27FEB2034000CE.NFO,07/01/2020,10:56:48,130.05,120.1,40,159.35,200,0,7820
BANKNIFTY27FEB2034000CE.NFO,07/01/2020,10:56:49,130.05,120.1,40,158.75,200,0,7820
BANKNIFTY27FEB2034000CE.NFO,07/01/2020,10:56:51,130.05,120.1,40,158.15,200,0,7820
BANKNIFTY27FEB2034000CE.NFO,07/01/2020,10:56:52,130.05,120.1,40,158.05,200,0,7820
BANKNIFTY27FEB2034000CE.NFO,07/01/2020,10:56:53,130.05,120.1,40,156.25,200,0,7820
BANKNIFTY27FEB2034000CE.NFO,07/01/2020,10:57:00,130.05,120.1,40,157,200,0,7820
BANKNIFTY27FEB2034000CE.NFO,07/01/2020,10:57:01,130.05,120.1,40,157.2,200,0,7820
BANKNIFTY27FEB2034000CE.NFO,07/01/2020,10:57:02,130.05,120.1,40,157.1,200,0,7820
BANKNIFTY27FEB2034000CE.NFO,07/01/2020,10:57:04,130.05,120.1,40,157.25,200,0,7820
BANKNIFTY27FEB2034000CE.NFO,07/01/2020,10:57:05,130.05,120.1,40,156.75,200,0,7820
BANKNIFTY27FEB2034000CE.NFO,07/01/2020,10:57:06,130.05,120.1,40,156.25,200,0,7820
BANKNIFTY27FEB2034000CE.NFO,07/01/2020,10:57:08,130.05,120.1,40,155.5,200,0,7820
BANKNIFTY27FEB2034000CE.NFO,07/01/2020,10:57:09,130.05,120.1,40,154.4,200,0,7820
BANKNIFTY27FEB2034000CE.NFO,07/01/2020,10:57:10,130.05,120.1,40,154,200,0,7820
BANKNIFTY27FEB2034000CE.NFO,07/01/2020,10:57:12,130.05,120.1,40,154.1,200,0,7820
BANKNIFTY27FEB2034000CE.NFO,07/01/2020,10:57:13,130.05,120.05,400,153.6,200,0,7820
BANKNIFTY27FEB2034000CE.NFO,07/01/2020,10:57:15,130.05,120.1,40,153.6,200,0,7820
BANKNIFTY27FEB2034000CE.NFO,07/01/2020,10:57:16,130.05,120.05,400,153.25,200,0,7820
BANKNIFTY27FEB2034000CE.NFO,07/01/2020,10:57:17,130.05,120.05,400,151.8,200,0,7820
BANKNIFTY27FEB2034000CE.NFO,07/01/2020,10:57:19,120.05,120.05,380,150.55,200,20,7820
BANKNIFTY27FEB2034000CE.NFO,07/01/2020,10:57:19,120.05,120.05,380,150.55,200,0,7820
BANKNIFTY27FEB2034000CE.NFO,07/01/2020,10:57:20,120.05,120.05,380,151.15,200,0,7820
BANKNIFTY27FEB2034000CE.NFO,07/01/2020,10:57:22,120.05,120.05,380,150.9,200,0,7820
BANKNIFTY27FEB2034000CE.NFO,07/01/2020,10:57:23,120.05,120.05,380,149.3,200,0,7820
BANKNIFTY27FEB2034000CE.NFO,07/01/2020,10:57:24,120.05,120.05,380,148.65,200,0,7820
BANKNIFTY27FEB2034000CE.NFO,07/01/2020,10:57:26,120.05,120.05,380,147.45,200,0,7820
BANKNIFTY27FEB2034000CE.NFO,07/01/2020,10:57:27,120.05,120.05,380,147.95,200,0,7820
BANKNIFTY27FEB2034000CE.NFO,07/01/2020,10:57:29,120.05,120,40,147.2,200,0,7820
BANKNIFTY27FEB2034000CE.NFO,07/01/2020,10:57:30,120.05,120,40,148.2,200,0,7820
BANKNIFTY27FEB2034000CE.NFO,07/01/2020,10:57:33,120.05,120,40,147.35,200,0,7820
BANKNIFTY27FEB2034000CE.NFO,07/01/2020,10:57:34,120.05,120,40,148.75,200,0,7820
BANKNIFTY27FEB2034000CE.NFO,07/01/2020,10:57:35,120.05,120,40,148.7,200,0,7820
BANKNIFTY27FEB2034000CE.NFO,07/01/2020,10:57:36,120.05,120,40,149.05,200,0,7820
BANKNIFTY27FEB2034000CE.NFO,07/01/2020,10:57:38,120.05,120,40,149.45,200,0,7820
BANKNIFTY27FEB2034000CE.NFO,07/01/2020,10:57:39,120.05,120,40,149.95,200,0,7820
BANKNIFTY27FEB2034000CE.NFO,07/01/2020,10:57:40,120.05,120.05,20,150.35,200,0,7820
BANKNIFTY27FEB2034000CE.NFO,07/01/2020,10:57:41,120.05,120.05,20,150.3,200,0,7820
BANKNIFTY27FEB2034000CE.NFO,07/01/2020,10:57:43,120.05,120.05,20,150.65,200,0,7820
BANKNIFTY27FEB2034000CE.NFO,07/01/2020,10:57:44,120.05,120.05,20,150.95,200,0,7820
BANKNIFTY27FEB2034000CE.NFO,07/01/2020,10:57:45,120.05,120.05,20,150.6,200,0,7820
BANKNIFTY27FEB2034000CE.NFO,07/01/2020,10:57:46,120.05,120.05,20,150.35,200,0,7820
BANKNIFTY27FEB2034000CE.NFO,07/01/2020,10:57:49,120.05,120.05,20,150.45,200,0,7820
BANKNIFTY27FEB2034000CE.NFO,07/01/2020,10:57:50,120.05,120.05,20,150.5,200,0,7820
BANKNIFTY27FEB2034000CE.NFO,07/01/2020,10:57:51,120.05,120.05,20,150.9,200,0,7820
BANKNIFTY27FEB2034000CE.NFO,07/01/2020,10:57:52,120.05,120.05,20,150.35,200,0,7820
BANKNIFTY27FEB2034000CE.NFO,07/01/2020,10:57:53,120.05,120.05,20,150.4,200,0,7820
BANKNIFTY27FEB2034000CE.NFO,07/01/2020,10:57:55,120.05,120.05,20,150.85,200,0,7820
BANKNIFTY27FEB2034000CE.NFO,07/01/2020,10:57:56,120.05,120.05,20,151,200,0,7820
BANKNIFTY27FEB2034000CE.NFO,07/01/2020,10:57:57,120.05,120.05,20,150.55,200,0,7820
BANKNIFTY27FEB2034000CE.NFO,07/01/2020,10:57:58,120.05,120.05,20,150.35,200,0,7820
BANKNIFTY27FEB2034000CE.NFO,07/01/2020,10:58:01,120.05,120.05,20,150.45,200,0,7820
BANKNIFTY27FEB2034000CE.NFO,07/01/2020,10:58:02,120.05,120.05,20,150.25,200,0,7820
BANKNIFTY27FEB2034000CE.NFO,07/01/2020,10:58:03,120.05,120.05,20,149.95,200,0,7820
BANKNIFTY27FEB2034000CE.NFO,07/01/2020,10:58:04,120.05,120.05,20,149.6,200,0,7820
BANKNIFTY27FEB2034000CE.NFO,07/01/2020,10:58:06,120.05,120.05,20,149.05,200,0,7820
BANKNIFTY27FEB2034000CE.NFO,07/01/2020,10:58:07,120.05,120.05,20,148.85,200,0,7820
BANKNIFTY27FEB2034000CE.NFO,07/01/2020,10:58:08,120.05,120.05,20,149.2,200,0,7820
BANKNIFTY27FEB2034000CE.NFO,07/01/2020,10:58:09,120.05,120.05,20,149.3,200,0,7820
BANKNIFTY27FEB2034000CE.NFO,07/01/2020,10:58:10,120.05,120.05,20,149.6,200,0,7820
BANKNIFTY27FEB2034000CE.NFO,07/01/2020,10:58:12,120.05,120.05,20,149.65,200,0,7820
BANKNIFTY27FEB2034000CE.NFO,07/01/2020,10:58:13,120.05,120.05,20,149.75,200,0,7820
BANKNIFTY27FEB2034000CE.NFO,07/01/2020,10:58:14,120.05,120.05,20,149.8,200,0,7820
BANKNIFTY27FEB2034000CE.NFO,07/01/2020,10:58:15,120.05,120.05,20,148.8,200,0,7820
BANKNIFTY27FEB2034000CE.NFO,07/01/2020,10:58:16,120.05,120.05,20,149.1,200,0,7820
BANKNIFTY27FEB2034000CE.NFO,07/01/2020,10:58:17,120.05,120.05,20,148.85,200,0,7820
BANKNIFTY27FEB2034000CE.NFO,07/01/2020,10:58:19,120.05,120.05,20,148.7,200,0,7820
BANKNIFTY27FEB2034000CE.NFO,07/01/2020,10:58:20,120.05,120.05,20,148.45,200,0,7820
BANKNIFTY27FEB2034000CE.NFO,07/01/2020,10:58:21,120.05,120.05,20,148.15,200,0,7820
BANKNIFTY27FEB2034000CE.NFO,07/01/2020,10:58:22,120.05,120.05,20,148.1,200,0,7820
BANKNIFTY27FEB2034000CE.NFO,07/01/2020,10:58:23,120.05,120.05,20,147.55,200,0,7820
BANKNIFTY27FEB2034000CE.NFO,07/01/2020,10:58:25,120.05,120.05,20,145.1,200,0,7820
BANKNIFTY27FEB2034000CE.NFO,07/01/2020,10:58:26,120.05,120.05,20,145.35,200,0,7820
BANKNIFTY27FEB2034000CE.NFO,07/01/2020,10:58:28,120.05,120.05,20,146.1,200,0,7820
BANKNIFTY27FEB2034000CE.NFO,07/01/2020,10:58:29,120.05,120.05,20,145.55,200,0,7820
BANKNIFTY27FEB2034000CE.NFO,07/01/2020,10:58:30,120.05,120.05,20,146.4,200,0,7820
BANKNIFTY27FEB2034000CE.NFO,07/01/2020,10:58:31,120.05,120.05,20,146.6,200,0,7820
BANKNIFTY27FEB2034000CE.NFO,07/01/2020,10:58:35,120.05,120.05,20,146.8,200,0,7820
BANKNIFTY27FEB2034000CE.NFO,07/01/2020,10:58:36,120.05,120.05,20,147,200,0,7820
BANKNIFTY27FEB2034000CE.NFO,07/01/2020,10:58:38,120.05,120.05,20,146.6,200,0,7820
BANKNIFTY27FEB2034000CE.NFO,07/01/2020,10:58:39,120.05,120.05,20,146.3,200,0,7820
BANKNIFTY27FEB2034000CE.NFO,07/01/2020,10:58:40,120.05,120.05,20,146.25,200,0,7820
BANKNIFTY27FEB2034000CE.NFO,07/01/2020,10:58:42,120.05,120.05,20,145.2,200,0,7820
BANKNIFTY27FEB2034000CE.NFO,07/01/2020,10:58:44,120.05,120.05,20,144.65,200,0,7820
BANKNIFTY27FEB2034000CE.NFO,07/01/2020,10:58:45,120.05,120.05,20,144.7,200,0,7820
BANKNIFTY27FEB2034000CE.NFO,07/01/2020,10:58:46,120.05,120.05,20,144.95,200,0,7820
BANKNIFTY27FEB2034000CE.NFO,07/01/2020,10:58:47,120.05,120.05,20,145.65,200,0,7820
BANKNIFTY27FEB2034000CE.NFO,07/01/2020,10:58:49,120.05,120.05,20,145.9,200,0,7820
BANKNIFTY27FEB2034000CE.NFO,07/01/2020,10:58:51,120.05,120.05,20,145.45,200,0,7820
BANKNIFTY27FEB2034000CE.NFO,07/01/2020,10:58:52,120.05,120.05,20,145.65,200,0,7820
BANKNIFTY27FEB2034000CE.NFO,07/01/2020,10:58:53,120.05,120.05,20,145.45,200,0,7820
BANKNIFTY27FEB2034000CE.NFO,07/01/2020,10:58:55,120.05,120.05,20,145.65,200,0,7820
BANKNIFTY27FEB2034000CE.NFO,07/01/2020,10:58:56,120.05,120.05,20,145.7,200,0,7820
BANKNIFTY27FEB2034000CE.NFO,07/01/2020,10:58:57,120.05,120.05,20,146.35,200,0,7820
BANKNIFTY27FEB2034000CE.NFO,07/01/2020,10:59:00,120.05,120.05,20,146.95,200,0,7820
BANKNIFTY27FEB2034000CE.NFO,07/01/2020,10:59:01,120.05,120.05,20,146.35,200,0,7820
BANKNIFTY27FEB2034000CE.NFO,07/01/2020,10:59:02,120.05,120.05,20,146.55,200,0,7820
BANKNIFTY27FEB2034000CE.NFO,07/01/2020,10:59:03,120.05,120.05,20,146.65,200,0,7820
BANKNIFTY27FEB2034000CE.NFO,07/01/2020,10:59:05,120.05,120.05,20,146.3,200,0,7820
BANKNIFTY27FEB2034000CE.NFO,07/01/2020,10:59:06,120.05,120.05,20,145.05,200,0,7820
BANKNIFTY27FEB2034000CE.NFO,07/01/2020,10:59:07,120.05,120.05,20,144.15,200,0,7820
BANKNIFTY27FEB2034000CE.NFO,07/01/2020,10:59:09,120.05,120.05,20,144.5,200,0,7820
BANKNIFTY27FEB2034000CE.NFO,07/01/2020,10:59:10,120.05,120.05,20,145.45,200,0,7820
BANKNIFTY27FEB2034000CE.NFO,07/01/2020,10:59:11,120.05,120.05,20,145.35,200,0,7820
BANKNIFTY27FEB2034000CE.NFO,07/01/2020,10:59:12,120.05,120.05,20,145.1,200,0,7820
BANKNIFTY27FEB2034000CE.NFO,07/01/2020,10:59:14,120.05,120.05,20,144.75,200,0,7820
BANKNIFTY27FEB2034000CE.NFO,07/01/2020,10:59:16,120.05,120.05,20,145.15,200,0,7820
BANKNIFTY27FEB2034000CE.NFO,07/01/2020,10:59:17,120.05,120.05,20,144.05,200,0,7820
BANKNIFTY27FEB2034000CE.NFO,07/01/2020,10:59:19,120.05,120,40,144.8,200,0,7820
BANKNIFTY27FEB2034000CE.NFO,07/01/2020,10:59:20,120.05,120,40,144.7,200,0,7820
BANKNIFTY27FEB2034000CE.NFO,07/01/2020,10:59:21,120.05,120,40,144,200,0,7820
BANKNIFTY27FEB2034000CE.NFO,07/01/2020,10:59:23,120.05,120,40,144.3,200,0,7820
BANKNIFTY27FEB2034000CE.NFO,07/01/2020,10:59:24,120.05,120,40,144.25,200,0,7820
BANKNIFTY27FEB2034000CE.NFO,07/01/2020,10:59:25,120.05,120,40,145.15,200,0,7820
BANKNIFTY27FEB2034000CE.NFO,07/01/2020,10:59:30,120.05,120,40,146.05,200,0,7820
BANKNIFTY27FEB2034000CE.NFO,07/01/2020,10:59:31,120.05,120,40,147.2,200,0,7820
BANKNIFTY27FEB2034000CE.NFO,07/01/2020,10:59:34,120.05,120,40,148.1,200,0,7820
BANKNIFTY27FEB2034000CE.NFO,07/01/2020,10:59:35,120.05,120,40,147.9,200,0,7820
BANKNIFTY27FEB2034000CE.NFO,07/01/2020,10:59:36,120.05,120,40,148.55,200,0,7820
BANKNIFTY27FEB2034000CE.NFO,07/01/2020,10:59:38,120.05,120,40,148.2,200,0,7820
BANKNIFTY27FEB2034000CE.NFO,07/01/2020,10:59:39,120.05,120,40,147.8,200,0,7820
BANKNIFTY27FEB2034000CE.NFO,07/01/2020,10:59:40,120.05,120,40,147.3,200,0,7820
BANKNIFTY27FEB2034000CE.NFO,07/01/2020,10:59:41,120.05,120,40,147.5,200,0,7820
BANKNIFTY27FEB2034000CE.NFO,07/01/2020,10:59:43,120.05,120,40,146.6,200,0,7820
BANKNIFTY27FEB2034000CE.NFO,07/01/2020,10:59:44,120.05,120,40,146.25,200,0,7820
BANKNIFTY27FEB2034000CE.NFO,07/01/2020,10:59:45,120.05,120,40,147.2,200,0,7820
BANKNIFTY27FEB2034000CE.NFO,07/01/2020,10:59:46,120.05,120,40,147,200,0,7820
BANKNIFTY27FEB2034000CE.NFO,07/01/2020,10:59:48,120.05,120.05,200,146.35,200,0,7820
BANKNIFTY27FEB2034000CE.NFO,07/01/2020,10:59:49,120.05,120.05,200,146.45,200,0,7820
BANKNIFTY27FEB2034000CE.NFO,07/01/2020,10:59:50,120.05,120.05,200,145.95,200,0,7820
BANKNIFTY27FEB2034000CE.NFO,07/01/2020,10:59:51,120.05,120.05,200,146.8,200,0,7820
BANKNIFTY27FEB2034000CE.NFO,07/01/2020,10:59:53,120.05,120.05,200,146.95,200,0,7820
BANKNIFTY27FEB2034000CE.NFO,07/01/2020,10:59:54,120.05,120.05,200,146.8,200,0,7820
BANKNIFTY27FEB2034000CE.NFO,07/01/2020,10:59:55,120.05,120.05,200,147.25,200,0,7820
BANKNIFTY27FEB2034000CE.NFO,07/01/2020,10:59:56,120.05,120.05,200,147.2,200,0,7820
BANKNIFTY27FEB2034000CE.NFO,07/01/2020,10:59:58,120.05,120.05,200,147.05,200,0,7820
BANKNIFTY27FEB2034000CE.NFO,07/01/2020,10:59:59,120.05,120.05,200,146.8,200,0,7820
BANKNIFTY27FEB2034000CE.NFO,07/01/2020,11:00:00,120.05,120.05,200,146.2,200,0,7820
BANKNIFTY27FEB2034000CE.NFO,07/01/2020,11:00:01,120.05,120.05,200,145.65,200,0,7820
BANKNIFTY27FEB2034000CE.NFO,07/01/2020,11:00:03,120.05,120.05,200,145,200,0,7820
BANKNIFTY27FEB2034000CE.NFO,07/01/2020,11:00:04,120.05,120.05,200,144.75,200,0,7820
BANKNIFTY27FEB2034000CE.NFO,07/01/2020,11:00:05,120.05,120.05,200,143.45,200,0,7820
BANKNIFTY27FEB2034000CE.NFO,07/01/2020,11:00:07,120.05,120.05,200,143.3,200,0,7820
BANKNIFTY27FEB2034000CE.NFO,07/01/2020,11:00:09,120.05,120.05,200,141.2,200,0,7820
BANKNIFTY27FEB2034000CE.NFO,07/01/2020,11:00:11,120.05,120.05,200,141.9,200,0,7820
BANKNIFTY27FEB2034000CE.NFO,07/01/2020,11:00:12,120.05,120,40,140.4,200,0,7820
BANKNIFTY27FEB2034000CE.NFO,07/01/2020,11:00:14,120.05,120,40,139.65,200,0,7820
BANKNIFTY27FEB2034000CE.NFO,07/01/2020,11:00:15,120.05,120,40,140.05,200,0,7820
BANKNIFTY27FEB2034000CE.NFO,07/01/2020,11:00:16,120.05,120,40,139.2,200,0,7820
BANKNIFTY27FEB2034000CE.NFO,07/01/2020,11:00:18,120.05,120,40,139.4,200,0,7820
BANKNIFTY27FEB2034000CE.NFO,07/01/2020,11:00:19,120.05,120,40,140.45,200,0,7820
BANKNIFTY27FEB2034000CE.NFO,07/01/2020,11:00:20,120.05,120,40,140.5,200,0,7820
BANKNIFTY27FEB2034000CE.NFO,07/01/2020,11:00:21,120.05,120,40,140.35,200,0,7820
BANKNIFTY27FEB2034000CE.NFO,07/01/2020,11:00:23,120.05,120,40,140.6,200,0,7820
BANKNIFTY27FEB2034000CE.NFO,07/01/2020,11:00:24,120.05,120,40,140.55,200,0,7820
BANKNIFTY27FEB2034000CE.NFO,07/01/2020,11:00:25,120.05,120,40,140.3,200,0,7820
BANKNIFTY27FEB2034000CE.NFO,07/01/2020,11:00:26,120.05,120,40,139.9,200,0,7820
BANKNIFTY27FEB2034000CE.NFO,07/01/2020,11:00:29,120.05,120,40,138.55,200,0,7820
BANKNIFTY27FEB2034000CE.NFO,07/01/2020,11:00:30,120.05,120,40,138.35,200,0,7820
BANKNIFTY27FEB2034000CE.NFO,07/01/2020,11:00:32,120.05,120,40,138.9,200,0,7820
BANKNIFTY27FEB2034000CE.NFO,07/01/2020,11:00:33,120.05,120,40,138.85,200,0,7820
BANKNIFTY27FEB2034000CE.NFO,07/01/2020,11:00:34,120.05,120,40,138.5,200,0,7820
BANKNIFTY27FEB2034000CE.NFO,07/01/2020,11:00:36,120.05,120,40,138.55,200,0,7820
BANKNIFTY27FEB2034000CE.NFO,07/01/2020,11:00:37,120.05,120,40,138.15,200,0,7820
BANKNIFTY27FEB2034000CE.NFO,07/01/2020,11:00:38,120.05,120,40,138.35,200,0,7820
BANKNIFTY27FEB2034000CE.NFO,07/01/2020,11:00:39,120.05,120,40,138.9,200,0,7820
BANKNIFTY27FEB2034000CE.NFO,07/01/2020,11:00:42,120.05,120,40,139.15,200,0,7820
BANKNIFTY27FEB2034000CE.NFO,07/01/2020,11:00:43,120.05,120,40,139.6,200,0,7820
BANKNIFTY27FEB2034000CE.NFO,07/01/2020,11:00:45,120.05,120,40,139.2,200,0,7820
BANKNIFTY27FEB2034000CE.NFO,07/01/2020,11:00:46,120.05,120,40,139.65,200,0,7820
BANKNIFTY27FEB2034000CE.NFO,07/01/2020,11:00:47,120.05,120,40,139.7,200,0,7820
BANKNIFTY27FEB2034000CE.NFO,07/01/2020,11:00:48,120.05,120,40,139.75,200,0,7820
BANKNIFTY27FEB2034000CE.NFO,07/01/2020,11:00:49,120.05,120,40,139.8,200,0,7820
BANKNIFTY27FEB2034000CE.NFO,07/01/2020,11:00:51,120.05,120,40,139.3,200,0,7820
BANKNIFTY27FEB2034000CE.NFO,07/01/2020,11:00:52,120.05,120,40,139.75,200,0,7820
BANKNIFTY27FEB2034000CE.NFO,07/01/2020,11:00:53,120.05,120,40,138.45,200,0,7820
BANKNIFTY27FEB2034000CE.NFO,07/01/2020,11:00:55,120.05,120,40,138.2,200,0,7820
BANKNIFTY27FEB2034000CE.NFO,07/01/2020,11:00:56,120.05,120,40,137.95,200,0,7820
BANKNIFTY27FEB2034000CE.NFO,07/01/2020,11:00:57,120.05,120,40,138.05,200,0,7820
BANKNIFTY27FEB2034000CE.NFO,07/01/2020,11:00:59,120.05,120,40,137.8,200,0,7820
BANKNIFTY27FEB2034000CE.NFO,07/01/2020,11:01:00,120.05,120,40,137.25,200,0,7820
BANKNIFTY27FEB2034000CE.NFO,07/01/2020,11:01:01,120.05,120,40,134.85,200,0,7820
BANKNIFTY27FEB2034000CE.NFO,07/01/2020,11:01:03,120.05,120,40,134.7,200,0,7820
BANKNIFTY27FEB2034000CE.NFO,07/01/2020,11:01:04,120.05,120,40,134.25,200,0,7820
BANKNIFTY27FEB2034000CE.NFO,07/01/2020,11:01:06,120.05,120,40,134.5,200,0,7820
BANKNIFTY27FEB2034000CE.NFO,07/01/2020,11:01:07,120.05,120,40,136,200,0,7820
BANKNIFTY27FEB2034000CE.NFO,07/01/2020,11:01:08,120.05,120,40,135.55,200,0,7820
BANKNIFTY27FEB2034000CE.NFO,07/01/2020,11:01:10,120.05,120,40,136.25,200,0,7820
BANKNIFTY27FEB2034000CE.NFO,07/01/2020,11:01:11,120.05,120,40,136.7,200,0,7820
BANKNIFTY27FEB2034000CE.NFO,07/01/2020,11:01:12,120.05,120,40,135.8,200,0,7820
BANKNIFTY27FEB2034000CE.NFO,07/01/2020,11:01:14,120.05,120,40,134.85,200,0,7820
BANKNIFTY27FEB2034000CE.NFO,07/01/2020,11:01:16,120.05,120,40,134.25,200,0,7820
BANKNIFTY27FEB2034000CE.NFO,07/01/2020,11:01:18,120.05,120,40,132.45,200,0,7820
BANKNIFTY27FEB2034000CE.NFO,07/01/2020,11:01:19,120.05,120,40,130.6,200,0,7820
BANKNIFTY27FEB2034000CE.NFO,07/01/2020,11:01:20,120.05,120,40,131.35,200,0,7820
BANKNIFTY27FEB2034000CE.NFO,07/01/2020,11:01:23,120.05,120,40,131.15,200,0,7820
BANKNIFTY27FEB2034000CE.NFO,07/01/2020,11:01:25,120.05,120,40,129.85,200,0,7820
BANKNIFTY27FEB2034000CE.NFO,07/01/2020,11:01:26,120.05,120,40,129.75,200,0,7820
BANKNIFTY27FEB2034000CE.NFO,07/01/2020,11:01:27,120.05,120,40,130.75,200,0,7820
BANKNIFTY27FEB2034000CE.NFO,07/01/2020,11:01:29,120.05,120,40,130.7,200,0,7820
BANKNIFTY27FEB2034000CE.NFO,07/01/2020,11:01:30,120.05,120,40,131.05,200,0,7820
BANKNIFTY27FEB2034000CE.NFO,07/01/2020,11:01:31,120.05,120,40,131.35,200,0,7820
BANKNIFTY27FEB2034000CE.NFO,07/01/2020,11:01:33,120.05,120,40,132.55,200,0,7820
BANKNIFTY27FEB2034000CE.NFO,07/01/2020,11:01:34,120.05,120,40,133.15,200,0,7820
BANKNIFTY27FEB2034000CE.NFO,07/01/2020,11:01:35,120.05,120,40,132.55,200,0,7820
BANKNIFTY27FEB2034000CE.NFO,07/01/2020,11:01:36,120.05,120,40,133,200,0,7820
BANKNIFTY27FEB2034000CE.NFO,07/01/2020,11:01:38,120.05,120,40,132.7,200,0,7820
BANKNIFTY27FEB2034000CE.NFO,07/01/2020,11:01:44,120.05,120,40,134,200,0,7820
BANKNIFTY27FEB2034000CE.NFO,07/01/2020,11:01:45,120.05,120,40,134.4,200,0,7820
BANKNIFTY27FEB2034000CE.NFO,07/01/2020,11:01:46,120.05,120,40,136.15,200,0,7820
BANKNIFTY27FEB2034000CE.NFO,07/01/2020,11:01:47,120.05,120,40,134.7,200,0,7820
BANKNIFTY27FEB2034000CE.NFO,07/01/2020,11:01:49,120.05,120,40,135.8,200,0,7820
BANKNIFTY27FEB2034000CE.NFO,07/01/2020,11:01:50,120.05,120,40,137.15,200,0,7820
BANKNIFTY27FEB2034000CE.NFO,07/01/2020,11:01:51,120.05,120,40,136.35,200,0,7820
BANKNIFTY27FEB2034000CE.NFO,07/01/2020,11:01:53,120.05,120,40,136,200,0,7820
BANKNIFTY27FEB2034000CE.NFO,07/01/2020,11:01:54,120.05,120,40,136.7,200,0,7820
BANKNIFTY27FEB2034000CE.NFO,07/01/2020,11:01:55,120.05,120,40,137.95,200,0,7820
BANKNIFTY27FEB2034000CE.NFO,07/01/2020,11:01:58,120.05,120,40,137.8,200,0,7820
BANKNIFTY27FEB2034000CE.NFO,07/01/2020,11:01:59,120.05,120,40,138,200,0,7820
BANKNIFTY27FEB2034000CE.NFO,07/01/2020,11:02:00,120.05,120,40,138.1,200,0,7820
BANKNIFTY27FEB2034000CE.NFO,07/01/2020,11:02:02,120.05,120,40,137.7,200,0,7820
BANKNIFTY27FEB2034000CE.NFO,07/01/2020,11:02:03,120.05,120,40,137.1,200,0,7820
BANKNIFTY27FEB2034000CE.NFO,07/01/2020,11:02:04,120.05,120,40,137.95,200,0,7820
BANKNIFTY27FEB2034000CE.NFO,07/01/2020,11:02:05,120.05,120,40,138.1,200,0,7820
BANKNIFTY27FEB2034000CE.NFO,07/01/2020,11:02:07,120.05,120,40,139.25,200,0,7820
BANKNIFTY27FEB2034000CE.NFO,07/01/2020,11:02:08,120.05,120,40,139.6,200,0,7820
BANKNIFTY27FEB2034000CE.NFO,07/01/2020,11:02:09,120.05,120,40,138.6,200,0,7820
BANKNIFTY27FEB2034000CE.NFO,07/01/2020,11:02:11,120.05,120,40,138.55,200,0,7820
BANKNIFTY27FEB2034000CE.NFO,07/01/2020,11:02:12,120.05,120,40,138.85,200,0,7820
BANKNIFTY27FEB2034000CE.NFO,07/01/2020,11:02:13,120.05,120,40,139.9,200,0,7820
BANKNIFTY27FEB2034000CE.NFO,07/01/2020,11:02:16,120.05,120,40,138.5,200,0,7820
BANKNIFTY27FEB2034000CE.NFO,07/01/2020,11:02:17,120.05,120,40,139.5,200,0,7820
BANKNIFTY27FEB2034000CE.NFO,07/01/2020,11:02:18,120.05,120,40,139.85,200,0,7820
BANKNIFTY27FEB2034000CE.NFO,07/01/2020,11:02:19,120.05,120,40,139.75,200,0,7820
BANKNIFTY27FEB2034000CE.NFO,07/01/2020,11:02:21,120.05,120,40,139.3,200,0,7820
BANKNIFTY27FEB2034000CE.NFO,07/01/2020,11:02:23,120.05,120,40,139.5,200,0,7820
BANKNIFTY27FEB2034000CE.NFO,07/01/2020,11:02:24,120.05,120,40,139.3,200,0,7820
BANKNIFTY27FEB2034000CE.NFO,07/01/2020,11:02:25,120.05,120,40,137.8,200,0,7820
BANKNIFTY27FEB2034000CE.NFO,07/01/2020,11:02:27,120.05,120,40,137.95,200,0,7820
BANKNIFTY27FEB2034000CE.NFO,07/01/2020,11:02:28,120.05,120,40,137.15,200,0,7820
BANKNIFTY27FEB2034000CE.NFO,07/01/2020,11:02:29,120.05,120,40,137.1,200,0,7820
BANKNIFTY27FEB2034000CE.NFO,07/01/2020,11:02:30,120.05,120,40,136.95,200,0,7820
BANKNIFTY27FEB2034000CE.NFO,07/01/2020,11:02:32,120.05,120,40,137.95,200,0,7820
BANKNIFTY27FEB2034000CE.NFO,07/01/2020,11:02:33,120.05,120,40,137.75,200,0,7820
BANKNIFTY27FEB2034000CE.NFO,07/01/2020,11:02:34,120.05,120,40,137.1,200,0,7820
BANKNIFTY27FEB2034000CE.NFO,07/01/2020,11:02:36,120.05,120,40,137.7,200,0,7820
BANKNIFTY27FEB2034000CE.NFO,07/01/2020,11:02:37,120.05,120,40,138.3,200,0,7820
BANKNIFTY27FEB2034000CE.NFO,07/01/2020,11:02:38,120.05,120,40,137.55,200,0,7820
BANKNIFTY27FEB2034000CE.NFO,07/01/2020,11:02:39,120.05,120,40,137.75,200,0,7820
BANKNIFTY27FEB2034000CE.NFO,07/01/2020,11:02:41,120.05,120,40,138.2,200,0,7820
BANKNIFTY27FEB2034000CE.NFO,07/01/2020,11:02:42,120.05,120,40,138.05,200,0,7820
BANKNIFTY27FEB2034000CE.NFO,07/01/2020,11:02:43,120.05,120,40,137.55,200,0,7820
BANKNIFTY27FEB2034000CE.NFO,07/01/2020,11:02:45,120.05,120,40,136.75,200,0,7820
BANKNIFTY27FEB2034000CE.NFO,07/01/2020,11:02:46,120.05,120,40,136.85,200,0,7820
BANKNIFTY27FEB2034000CE.NFO,07/01/2020,11:02:47,120.05,120,40,136.8,200,0,7820
BANKNIFTY27FEB2034000CE.NFO,07/01/2020,11:02:48,120.05,120,40,135.3,200,0,7820
BANKNIFTY27FEB2034000CE.NFO,07/01/2020,11:02:50,120.05,120,40,135.55,200,0,7820
BANKNIFTY27FEB2034000CE.NFO,07/01/2020,11:02:51,120.05,120,40,135,200,0,7820
BANKNIFTY27FEB2034000CE.NFO,07/01/2020,11:02:52,120.05,120,40,134.65,200,0,7820
BANKNIFTY27FEB2034000CE.NFO,07/01/2020,11:02:53,120.05,120,40,135.95,200,0,7820
BANKNIFTY27FEB2034000CE.NFO,07/01/2020,11:02:55,120.05,120,40,136.05,200,0,7820
BANKNIFTY27FEB2034000CE.NFO,07/01/2020,11:02:57,120.05,120,40,135.95,200,0,7820
BANKNIFTY27FEB2034000CE.NFO,07/01/2020,11:02:58,120.05,120,40,135.9,200,0,7820
BANKNIFTY27FEB2034000CE.NFO,07/01/2020,11:03:00,120.05,120,40,135.85,200,0,7820
BANKNIFTY27FEB2034000CE.NFO,07/01/2020,11:03:02,120.05,120,40,135.4,200,0,7820
BANKNIFTY27FEB2034000CE.NFO,07/01/2020,11:03:03,120.05,120,40,134.75,200,0,7820
BANKNIFTY27FEB2034000CE.NFO,07/01/2020,11:03:05,120.05,120,40,134.55,200,0,7820
BANKNIFTY27FEB2034000CE.NFO,07/01/2020,11:03:06,120.05,120,40,132.9,200,0,7820
BANKNIFTY27FEB2034000CE.NFO,07/01/2020,11:03:07,120.05,120,40,132.6,200,0,7820
BANKNIFTY27FEB2034000CE.NFO,07/01/2020,11:03:09,120.05,120,40,132.3,200,0,7820
BANKNIFTY27FEB2034000CE.NFO,07/01/2020,11:03:10,120.05,120,40,132.05,200,0,7820
BANKNIFTY27FEB2034000CE.NFO,07/01/2020,11:03:11,120.05,120,40,132.35,200,0,7820
BANKNIFTY27FEB2034000CE.NFO,07/01/2020,11:03:12,120.05,120,40,132.8,200,0,7820
BANKNIFTY27FEB2034000CE.NFO,07/01/2020,11:03:13,120.05,120,40,132.05,200,0,7820
BANKNIFTY27FEB2034000CE.NFO,07/01/2020,11:03:15,120.05,120,40,132.5,200,0,7820
BANKNIFTY27FEB2034000CE.NFO,07/01/2020,11:03:16,131.85,120,40,131.85,100,100,7840
BANKNIFTY27FEB2034000CE.NFO,07/01/2020,11:03:17,131.85,120,40,132.05,200,0,7840
BANKNIFTY27FEB2034000CE.NFO,07/01/2020,11:03:20,131.85,120,40,132.3,200,0,7840
BANKNIFTY27FEB2034000CE.NFO,07/01/2020,11:03:21,131.85,120,40,133.1,200,0,7840
BANKNIFTY27FEB2034000CE.NFO,07/01/2020,11:03:22,131.85,120,40,133.35,200,0,7840
BANKNIFTY27FEB2034000CE.NFO,07/01/2020,11:03:23,131.85,120,40,133.55,200,0,7840
BANKNIFTY27FEB2034000CE.NFO,07/01/2020,11:03:24,131.85,120,40,133.65,200,0,7840
BANKNIFTY27FEB2034000CE.NFO,07/01/2020,11:03:26,131.85,120,40,133.2,200,0,7840
BANKNIFTY27FEB2034000CE.NFO,07/01/2020,11:03:27,131.85,120,40,133.6,200,0,7840
BANKNIFTY27FEB2034000CE.NFO,07/01/2020,11:03:28,131.85,120,40,133.8,200,0,7840
BANKNIFTY27FEB2034000CE.NFO,07/01/2020,11:03:29,131.85,120,40,133.4,200,0,7840
BANKNIFTY27FEB2034000CE.NFO,07/01/2020,11:03:31,131.85,120,40,132.8,200,0,7840
BANKNIFTY27FEB2034000CE.NFO,07/01/2020,11:03:32,131.85,120,40,132.7,200,0,7840
BANKNIFTY27FEB2034000CE.NFO,07/01/2020,11:03:33,131.85,120,40,132.3,200,0,7840
BANKNIFTY27FEB2034000CE.NFO,07/01/2020,11:03:34,131.85,120,40,131.25,200,0,7840
BANKNIFTY27FEB2034000CE.NFO,07/01/2020,11:03:35,131.85,120,40,132.5,200,0,7840
BANKNIFTY27FEB2034000CE.NFO,07/01/2020,11:03:37,131.85,120,40,132.1,200,0,7840
BANKNIFTY27FEB2034000CE.NFO,07/01/2020,11:03:38,131.85,120,40,131.8,200,0,7840
BANKNIFTY27FEB2034000CE.NFO,07/01/2020,11:03:39,131.85,120,40,131.75,200,0,7840
BANKNIFTY27FEB2034000CE.NFO,07/01/2020,11:03:42,131.85,120,40,131.6,200,0,7840
BANKNIFTY27FEB2034000CE.NFO,07/01/2020,11:03:43,131.85,120,40,131.95,200,0,7840
BANKNIFTY27FEB2034000CE.NFO,07/01/2020,11:03:44,131.85,120,40,132.4,200,0,7840
BANKNIFTY27FEB2034000CE.NFO,07/01/2020,11:03:46,131.85,120,40,133.75,200,0,7840
BANKNIFTY27FEB2034000CE.NFO,07/01/2020,11:03:48,131.85,120,40,133.85,200,0,7840
BANKNIFTY27FEB2034000CE.NFO,07/01/2020,11:03:49,131.85,120,40,133.5,200,0,7840
BANKNIFTY27FEB2034000CE.NFO,07/01/2020,11:03:50,131.85,120,40,132.65,200,0,7840
BANKNIFTY27FEB2034000CE.NFO,07/01/2020,11:03:51,131.85,120,40,132.3,200,0,7840
BANKNIFTY27FEB2034000CE.NFO,07/01/2020,11:03:53,131.85,120,40,131.75,200,0,7840
BANKNIFTY27FEB2034000CE.NFO,07/01/2020,11:03:54,131.85,120,40,131.35,200,0,7840
BANKNIFTY27FEB2034000CE.NFO,07/01/2020,11:03:55,131.85,120,40,132,200,0,7840
BANKNIFTY27FEB2034000CE.NFO,07/01/2020,11:03:56,131.85,120,40,133.45,200,0,7840
BANKNIFTY27FEB2034000CE.NFO,07/01/2020,11:03:58,131.85,120,40,134.45,200,0,7840
BANKNIFTY27FEB2034000CE.NFO,07/01/2020,11:03:59,131.85,120,40,134.4,200,0,7840
BANKNIFTY27FEB2034000CE.NFO,07/01/2020,11:04:00,131.85,120,40,133.2,200,0,7840
BANKNIFTY27FEB2034000CE.NFO,07/01/2020,11:04:01,131.85,120,40,132.35,200,0,7840
BANKNIFTY27FEB2034000CE.NFO,07/01/2020,11:04:03,131.85,120,40,131.9,200,0,7840
BANKNIFTY27FEB2034000CE.NFO,07/01/2020,11:04:04,131.85,120,40,131.4,200,0,7840
BANKNIFTY27FEB2034000CE.NFO,07/01/2020,11:04:05,131.85,120,40,132.1,200,0,7840
BANKNIFTY27FEB2034000CE.NFO,07/01/2020,11:04:06,131.85,120,40,131.45,200,0,7840
BANKNIFTY27FEB2034000CE.NFO,07/01/2020,11:04:08,131.85,120,40,132.15,200,0,7840
BANKNIFTY27FEB2034000CE.NFO,07/01/2020,11:04:09,131.85,120,40,132.5,200,0,7840
BANKNIFTY27FEB2034000CE.NFO,07/01/2020,11:04:10,131.85,120,40,133.45,200,0,7840
BANKNIFTY27FEB2034000CE.NFO,07/01/2020,11:04:11,131.85,120,40,133.15,200,0,7840
BANKNIFTY27FEB2034000CE.NFO,07/01/2020,11:04:12,131.85,120,40,132.1,200,0,7840
BANKNIFTY27FEB2034000CE.NFO,07/01/2020,11:04:14,131.85,120,40,131.7,200,0,7840
BANKNIFTY27FEB2034000CE.NFO,07/01/2020,11:04:15,131.85,120,40,132.35,200,0,7840
BANKNIFTY27FEB2034000CE.NFO,07/01/2020,11:04:16,131.85,120,40,131.85,20,0,7840
BANKNIFTY27FEB2034000CE.NFO,07/01/2020,11:04:33,131.85,120,40,131.6,200,0,7840
BANKNIFTY27FEB2034000CE.NFO,07/01/2020,11:04:34,131.85,120,40,131.85,20,0,7840
BANKNIFTY27FEB2034000CE.NFO,07/01/2020,11:04:35,131.85,120,40,131.6,200,0,7840
BANKNIFTY27FEB2034000CE.NFO,07/01/2020,11:04:36,131.85,120,40,131.85,20,0,7840
BANKNIFTY27FEB2034000CE.NFO,07/01/2020,11:04:40,131.85,120,40,131.75,200,0,7840
BANKNIFTY27FEB2034000CE.NFO,07/01/2020,11:04:41,131.85,120,40,131.85,20,0,7840
BANKNIFTY27FEB2034000CE.NFO,07/01/2020,11:05:14,131.85,120,40,131.65,200,0,7840
BANKNIFTY27FEB2034000CE.NFO,07/01/2020,11:05:15,131.85,120,40,131.85,20,0,7840
BANKNIFTY27FEB2034000CE.NFO,07/01/2020,11:05:32,131.85,120,40,136.4,200,20,7940
BANKNIFTY27FEB2034000CE.NFO,07/01/2020,11:05:33,131.85,120,40,136.35,200,0,7940
BANKNIFTY27FEB2034000CE.NFO,07/01/2020,11:05:34,131.85,120,40,135.8,200,0,7940
BANKNIFTY27FEB2034000CE.NFO,07/01/2020,11:05:35,131.85,120,40,135.4,200,0,7940
BANKNIFTY27FEB2034000CE.NFO,07/01/2020,11:05:37,131.85,120,40,134.85,200,0,7940
BANKNIFTY27FEB2034000CE.NFO,07/01/2020,11:05:38,131.85,120,40,134.75,200,0,7940
BANKNIFTY27FEB2034000CE.NFO,07/01/2020,11:05:39,131.85,120,40,134.6,200,0,7940
BANKNIFTY27FEB2034000CE.NFO,07/01/2020,11:05:40,131.85,120,40,135.25,200,0,7940
BANKNIFTY27FEB2034000CE.NFO,07/01/2020,11:05:41,131.85,120,40,135.75,200,0,7940
BANKNIFTY27FEB2034000CE.NFO,07/01/2020,11:05:43,131.85,120,40,136,200,0,7940
BANKNIFTY27FEB2034000CE.NFO,07/01/2020,11:05:44,131.85,120,40,136.4,200,0,7940
BANKNIFTY27FEB2034000CE.NFO,07/01/2020,11:05:45,131.85,120,40,135.75,200,0,7940
BANKNIFTY27FEB2034000CE.NFO,07/01/2020,11:05:46,131.85,120,40,135.65,200,0,7940
BANKNIFTY27FEB2034000CE.NFO,07/01/2020,11:05:47,131.85,120,40,136.4,200,0,7940
BANKNIFTY27FEB2034000CE.NFO,07/01/2020,11:05:50,131.85,120,40,137.3,200,0,7940
BANKNIFTY27FEB2034000CE.NFO,07/01/2020,11:05:51,131.85,120,40,137.6,200,0,7940
BANKNIFTY27FEB2034000CE.NFO,07/01/2020,11:05:52,131.85,120,40,138.15,200,0,7940
BANKNIFTY27FEB2034000CE.NFO,07/01/2020,11:05:54,131.85,120,40,138.05,200,0,7940
BANKNIFTY27FEB2034000CE.NFO,07/01/2020,11:05:55,131.85,120,40,137.5,200,0,7940
BANKNIFTY27FEB2034000CE.NFO,07/01/2020,11:05:56,131.85,120,40,137.2,200,0,7940
BANKNIFTY27FEB2034000CE.NFO,07/01/2020,11:05:57,131.85,120,40,137.75,200,0,7940
BANKNIFTY27FEB2034000CE.NFO,07/01/2020,11:05:58,131.85,120,40,138.6,200,0,7940
BANKNIFTY27FEB2034000CE.NFO,07/01/2020,11:06:00,131.85,120,40,139.15,200,0,7940
BANKNIFTY27FEB2034000CE.NFO,07/01/2020,11:06:01,131.85,120,40,139.05,200,0,7940
BANKNIFTY27FEB2034000CE.NFO,07/01/2020,11:06:02,131.85,120,40,138.6,200,0,7940
BANKNIFTY27FEB2034000CE.NFO,07/01/2020,11:06:03,131.85,120,40,139.5,200,0,7940
BANKNIFTY27FEB2034000CE.NFO,07/01/2020,11:06:06,131.85,120,40,141.65,200,0,7940
BANKNIFTY27FEB2034000CE.NFO,07/01/2020,11:06:07,131.85,120,40,141.4,200,0,7940
BANKNIFTY27FEB2034000CE.NFO,07/01/2020,11:06:09,131.85,120,40,142.3,200,0,7940
BANKNIFTY27FEB2034000CE.NFO,07/01/2020,11:06:10,131.85,120,40,141.7,200,0,7940
BANKNIFTY27FEB2034000CE.NFO,07/01/2020,11:06:11,131.85,120,40,141.5,200,0,7940
BANKNIFTY27FEB2034000CE.NFO,07/01/2020,11:06:12,131.85,120,40,141.55,200,0,7940
BANKNIFTY27FEB2034000CE.NFO,07/01/2020,11:06:14,131.85,120,40,141.65,200,0,7940
BANKNIFTY27FEB2034000CE.NFO,07/01/2020,11:06:15,131.85,120,40,140.95,200,0,7940
BANKNIFTY27FEB2034000CE.NFO,07/01/2020,11:06:16,131.85,120,40,141.45,200,0,7940
BANKNIFTY27FEB2034000CE.NFO,07/01/2020,11:06:17,131.85,120,40,141.1,200,0,7940
BANKNIFTY27FEB2034000CE.NFO,07/01/2020,11:06:19,131.85,120,40,140.2,200,0,7940
BANKNIFTY27FEB2034000CE.NFO,07/01/2020,11:06:20,131.85,120,40,140.35,200,0,7940
