Ticker,Date,Time,LTP,BuyPrice,BuyQty,SellPrice,SellQty,LTQ,OpenInterest
BANKNIFTY09JAN2034000CE.NFO,07/01/2020,09:15:01,1.1,1.1,20,0,0,280,13880
BANKNIFTY09JAN2034000CE.NFO,07/01/2020,09:15:01,1.1,1.1,20,0,0,0,13880
BANKNIFTY09JAN2034000CE.NFO,07/01/2020,09:15:01,1.1,1.1,20,0,0,0,13880
BANKNIFTY09JAN2034000CE.NFO,07/01/2020,09:15:01,1.1,1.1,20,0,0,0,13880
BANKNIFTY09JAN2034000CE.NFO,07/01/2020,09:15:02,1.1,1.1,20,0,0,0,13880
BANKNIFTY09JAN2034000CE.NFO,07/01/2020,09:15:29,1.1,1.25,1000,0,0,0,13880
BANKNIFTY09JAN2034000CE.NFO,07/01/2020,09:15:41,1.1,1.5,60,0,0,0,13880
BANKNIFTY09JAN2034000CE.NFO,07/01/2020,09:15:47,1.1,1.5,80,0,0,0,13880
BANKNIFTY09JAN2034000CE.NFO,07/01/2020,09:16:31,1.1,1.5,80,3,60,0,13880
BANKNIFTY09JAN2034000CE.NFO,07/01/2020,09:19:15,1.1,1.6,180,2.95,20,0,13880
BANKNIFTY09JAN2034000CE.NFO,07/01/2020,09:20:52,1.55,1.55,240,2.85,20,400,14120
BANKNIFTY09JAN2034000CE.NFO,07/01/2020,09:20:52,1.6,1.55,240,2.85,20,0,14120
BANKNIFTY09JAN2034000CE.NFO,07/01/2020,09:20:53,1.55,1.55,240,2.85,20,0,14120
BANKNIFTY09JAN2034000CE.NFO,07/01/2020,09:22:32,1.55,1.6,20,2.85,160,0,14120
BANKNIFTY09JAN2034000CE.NFO,07/01/2020,09:25:40,1.55,1.6,20,2.75,20,0,14120
BANKNIFTY09JAN2034000CE.NFO,07/01/2020,09:26:15,1.55,1.6,20,2.75,360,0,14120
BANKNIFTY09JAN2034000CE.NFO,07/01/2020,09:26:30,1.55,1.6,20,2.75,360,0,14040
BANKNIFTY09JAN2034000CE.NFO,07/01/2020,09:28:37,1.55,1.6,20,2.4,240,0,14040
BANKNIFTY09JAN2034000CE.NFO,07/01/2020,09:28:45,1.55,1.6,20,2.35,340,0,14040
BANKNIFTY09JAN2034000CE.NFO,07/01/2020,09:31:28,2.35,1.6,20,2.35,320,20,14040
BANKNIFTY09JAN2034000CE.NFO,07/01/2020,09:31:28,2.35,1.6,20,2.35,320,0,14040
BANKNIFTY09JAN2034000CE.NFO,07/01/2020,09:31:34,2.35,1.6,20,2.3,540,0,14040
BANKNIFTY09JAN2034000CE.NFO,07/01/2020,09:31:38,2.35,1.6,20,2.2,420,0,14040
BANKNIFTY09JAN2034000CE.NFO,07/01/2020,09:32:34,2.3,1.55,160,2.3,80,260,14040
BANKNIFTY09JAN2034000CE.NFO,07/01/2020,09:32:35,2.3,1.55,160,2.3,40,40,14040
BANKNIFTY09JAN2034000CE.NFO,07/01/2020,09:32:37,2.3,1.55,160,2.25,280,0,14040
BANKNIFTY09JAN2034000CE.NFO,07/01/2020,09:32:44,2.3,1.6,20,2.25,280,0,14040
BANKNIFTY09JAN2034000CE.NFO,07/01/2020,09:34:14,2.3,1.65,20,2.2,160,0,14040
BANKNIFTY09JAN2034000CE.NFO,07/01/2020,09:35:27,2.3,1.65,20,2.1,160,0,14040
BANKNIFTY09JAN2034000CE.NFO,07/01/2020,09:35:43,2.3,1.6,20,2.1,160,0,14040
BANKNIFTY09JAN2034000CE.NFO,07/01/2020,09:35:56,2.3,1.6,20,2.1,140,0,14040
BANKNIFTY09JAN2034000CE.NFO,07/01/2020,09:36:44,2.1,1.6,20,2.1,100,40,13900
BANKNIFTY09JAN2034000CE.NFO,07/01/2020,09:36:46,2.1,1.6,20,2.1,100,0,13900
BANKNIFTY09JAN2034000CE.NFO,07/01/2020,09:36:56,2.1,1.6,20,2.1,80,20,13900
BANKNIFTY09JAN2034000CE.NFO,07/01/2020,09:37:03,2.1,1.6,20,2.1,80,0,13900
BANKNIFTY09JAN2034000CE.NFO,07/01/2020,09:37:24,2.1,1.6,20,2.1,1180,0,13900
BANKNIFTY09JAN2034000CE.NFO,07/01/2020,09:38:16,2.1,1.6,40,2.1,1180,0,13900
BANKNIFTY09JAN2034000CE.NFO,07/01/2020,09:41:35,2.1,1.7,200,2.1,1180,0,13900
BANKNIFTY09JAN2034000CE.NFO,07/01/2020,09:41:45,2.1,1.7,200,2,340,0,13900
BANKNIFTY09JAN2034000CE.NFO,07/01/2020,09:41:46,2,1.7,200,2,140,200,13940
BANKNIFTY09JAN2034000CE.NFO,07/01/2020,09:41:49,2,1.7,200,2,140,0,13940
BANKNIFTY09JAN2034000CE.NFO,07/01/2020,09:42:13,2,1.7,200,2,1240,0,13940
BANKNIFTY09JAN2034000CE.NFO,07/01/2020,09:42:57,2,1.7,200,2,140,0,13940
BANKNIFTY09JAN2034000CE.NFO,07/01/2020,09:43:08,2,1.7,200,2,1240,0,13940
BANKNIFTY09JAN2034000CE.NFO,07/01/2020,09:43:57,2,1.7,200,2,1220,20,13940
BANKNIFTY09JAN2034000CE.NFO,07/01/2020,09:43:59,2,1.7,160,2,1220,0,13940
BANKNIFTY09JAN2034000CE.NFO,07/01/2020,09:44:49,2,1.7,160,2,1200,0,13940
BANKNIFTY09JAN2034000CE.NFO,07/01/2020,09:44:53,2,1.75,160,2,1200,0,13940
BANKNIFTY09JAN2034000CE.NFO,07/01/2020,09:46:06,2,1.75,160,2,1160,40,13940
BANKNIFTY09JAN2034000CE.NFO,07/01/2020,09:46:15,2,1.75,160,2,1160,0,13940
BANKNIFTY09JAN2034000CE.NFO,07/01/2020,09:46:33,2,1.75,160,1.95,20,0,13940
BANKNIFTY09JAN2034000CE.NFO,07/01/2020,09:46:34,2,1.7,160,1.95,20,0,13940
BANKNIFTY09JAN2034000CE.NFO,07/01/2020,09:46:45,1.95,1.7,160,2,1160,20,13940
BANKNIFTY09JAN2034000CE.NFO,07/01/2020,09:46:47,1.95,1.7,160,1.95,80,0,13940
BANKNIFTY09JAN2034000CE.NFO,07/01/2020,09:46:51,1.95,1.95,120,2,1160,80,13940
BANKNIFTY09JAN2034000CE.NFO,07/01/2020,09:46:55,1.95,1.95,120,2,1160,0,13940
BANKNIFTY09JAN2034000CE.NFO,07/01/2020,09:46:58,2,1.95,120,2,1000,160,13940
BANKNIFTY09JAN2034000CE.NFO,07/01/2020,09:47:09,2,1.95,160,2,1040,0,13940
BANKNIFTY09JAN2034000CE.NFO,07/01/2020,09:47:53,1.95,1.95,140,2,1040,20,13940
BANKNIFTY09JAN2034000CE.NFO,07/01/2020,09:47:57,1.95,1.95,140,2,1040,0,13940
BANKNIFTY09JAN2034000CE.NFO,07/01/2020,09:48:29,1.95,1.7,180,1.95,140,140,13940
BANKNIFTY09JAN2034000CE.NFO,07/01/2020,09:48:40,1.95,1.7,180,1.95,140,0,13940
BANKNIFTY09JAN2034000CE.NFO,07/01/2020,09:49:00,1.95,1.7,180,1.9,60,0,13940
BANKNIFTY09JAN2034000CE.NFO,07/01/2020,09:49:04,1.95,1.75,20,1.9,60,0,13940
BANKNIFTY09JAN2034000CE.NFO,07/01/2020,09:49:18,1.95,1.7,160,1.9,60,0,13940
BANKNIFTY09JAN2034000CE.NFO,07/01/2020,09:52:19,1.95,1.7,160,1.85,200,0,13940
BANKNIFTY09JAN2034000CE.NFO,07/01/2020,09:52:32,1.95,1.7,160,1.8,60,0,13940
BANKNIFTY09JAN2034000CE.NFO,07/01/2020,09:52:43,1.7,1.7,140,1.8,60,20,13940
BANKNIFTY09JAN2034000CE.NFO,07/01/2020,09:52:47,1.7,1.7,140,1.8,60,0,13940
BANKNIFTY09JAN2034000CE.NFO,07/01/2020,09:53:03,1.7,1.65,140,1.8,100,0,13940
BANKNIFTY09JAN2034000CE.NFO,07/01/2020,09:54:03,1.7,1.65,140,1.8,60,0,13940
BANKNIFTY09JAN2034000CE.NFO,07/01/2020,09:54:34,1.65,1.65,80,1.8,60,60,13920
BANKNIFTY09JAN2034000CE.NFO,07/01/2020,09:54:35,1.65,1.6,40,1.7,980,0,13920
BANKNIFTY09JAN2034000CE.NFO,07/01/2020,09:55:06,1.65,1.6,40,1.7,940,0,13920
BANKNIFTY09JAN2034000CE.NFO,07/01/2020,09:55:07,1.65,1.6,40,1.7,1020,0,13920
BANKNIFTY09JAN2034000CE.NFO,07/01/2020,09:55:11,1.6,1.3,80,1.6,460,40,13920
BANKNIFTY09JAN2034000CE.NFO,07/01/2020,09:55:15,1.6,1.3,80,1.6,460,0,13920
BANKNIFTY09JAN2034000CE.NFO,07/01/2020,09:55:51,1.6,1.3,80,1.6,1400,0,13920
BANKNIFTY09JAN2034000CE.NFO,07/01/2020,09:56:06,1.3,1.3,60,1.6,1400,20,13920
BANKNIFTY09JAN2034000CE.NFO,07/01/2020,09:56:14,1.3,1.3,60,1.6,1400,0,13920
BANKNIFTY09JAN2034000CE.NFO,07/01/2020,09:56:51,1.3,1.35,20,1.6,1400,0,13920
BANKNIFTY09JAN2034000CE.NFO,07/01/2020,09:58:50,1.3,1.3,60,1.55,60,0,13920
BANKNIFTY09JAN2034000CE.NFO,07/01/2020,10:00:20,1.3,1.3,40,1.55,60,20,13900
BANKNIFTY09JAN2034000CE.NFO,07/01/2020,10:00:29,1.3,1.3,40,1.55,60,0,13900
BANKNIFTY09JAN2034000CE.NFO,07/01/2020,10:00:32,1.3,1.3,40,1.55,180,0,13900
BANKNIFTY09JAN2034000CE.NFO,07/01/2020,10:00:51,1.3,1.3,20,1.55,180,20,13900
BANKNIFTY09JAN2034000CE.NFO,07/01/2020,10:00:54,1.3,1.3,20,1.55,180,0,13900
BANKNIFTY09JAN2034000CE.NFO,07/01/2020,10:03:17,1.3,1.3,120,1.55,180,0,13900
BANKNIFTY09JAN2034000CE.NFO,07/01/2020,10:03:25,1.3,1.25,140,1.3,860,120,13860
BANKNIFTY09JAN2034000CE.NFO,07/01/2020,10:03:29,1.3,1.25,140,1.3,860,0,13860
BANKNIFTY09JAN2034000CE.NFO,07/01/2020,10:04:04,1.3,1.25,20,1.3,900,0,13860
BANKNIFTY09JAN2034000CE.NFO,07/01/2020,10:04:17,1.25,1.15,140,1.25,60,20,13860
BANKNIFTY09JAN2034000CE.NFO,07/01/2020,10:04:20,1.25,1.15,140,1.25,60,0,13860
BANKNIFTY09JAN2034000CE.NFO,07/01/2020,10:05:16,1.25,1,140,1.25,880,0,13860
BANKNIFTY09JAN2034000CE.NFO,07/01/2020,10:05:32,1.25,0.9,140,1.2,60,0,13860
BANKNIFTY09JAN2034000CE.NFO,07/01/2020,10:05:57,1.25,0.95,20,1.2,60,0,13860
BANKNIFTY09JAN2034000CE.NFO,07/01/2020,10:06:16,0.95,0.9,140,0.95,440,20,13840
BANKNIFTY09JAN2034000CE.NFO,07/01/2020,10:06:16,0.95,0.9,140,0.95,440,0,13840
BANKNIFTY09JAN2034000CE.NFO,07/01/2020,10:06:27,0.95,0.9,140,0.95,120,320,13840
BANKNIFTY09JAN2034000CE.NFO,07/01/2020,10:06:31,0.95,0.9,140,0.95,120,0,13840
BANKNIFTY09JAN2034000CE.NFO,07/01/2020,10:07:24,0.95,0.8,740,0.95,120,0,13840
BANKNIFTY09JAN2034000CE.NFO,07/01/2020,10:07:35,0.95,0.8,600,0.95,140,20,13840
BANKNIFTY09JAN2034000CE.NFO,07/01/2020,10:07:58,0.95,0.9,240,0.95,140,0,13840
BANKNIFTY09JAN2034000CE.NFO,07/01/2020,10:08:16,0.95,0.9,240,1.15,20,140,13840
BANKNIFTY09JAN2034000CE.NFO,07/01/2020,10:08:20,0.95,0.9,280,1.1,140,0,13840
BANKNIFTY09JAN2034000CE.NFO,07/01/2020,10:08:34,0.95,0.95,1040,1.1,140,0,13840
BANKNIFTY09JAN2034000CE.NFO,07/01/2020,10:08:54,1.25,0.95,1040,1.2,20,1000,13860
BANKNIFTY09JAN2034000CE.NFO,07/01/2020,10:08:55,1.25,0.95,1040,1.2,20,0,13860
BANKNIFTY09JAN2034000CE.NFO,07/01/2020,10:08:56,1.25,1,640,1.2,20,0,13860
BANKNIFTY09JAN2034000CE.NFO,07/01/2020,10:09:26,1.25,1,640,1.2,120,0,13860
BANKNIFTY09JAN2034000CE.NFO,07/01/2020,10:11:21,1.25,1,640,1.2,100,0,13860
BANKNIFTY09JAN2034000CE.NFO,07/01/2020,10:14:42,1,1,620,1.2,100,20,13860
BANKNIFTY09JAN2034000CE.NFO,07/01/2020,10:15:35,1,1,620,1.2,100,0,13860
BANKNIFTY09JAN2034000CE.NFO,07/01/2020,10:15:58,1,1,600,1.2,100,20,13860
BANKNIFTY09JAN2034000CE.NFO,07/01/2020,10:16:10,1,1,600,1.2,100,0,13860
BANKNIFTY09JAN2034000CE.NFO,07/01/2020,10:16:37,1,1,600,1.15,20,0,13860
BANKNIFTY09JAN2034000CE.NFO,07/01/2020,10:16:47,1,1,600,1.2,100,0,13860
BANKNIFTY09JAN2034000CE.NFO,07/01/2020,10:17:38,1,1,600,1.15,20,0,13860
BANKNIFTY09JAN2034000CE.NFO,07/01/2020,10:17:56,1,1,600,1.2,100,0,13860
BANKNIFTY09JAN2034000CE.NFO,07/01/2020,10:18:08,1,1,600,1.15,20,0,13860
BANKNIFTY09JAN2034000CE.NFO,07/01/2020,10:18:30,1,1,600,1.2,100,0,13860
BANKNIFTY09JAN2034000CE.NFO,07/01/2020,10:18:38,1,1,600,1.15,20,0,13860
BANKNIFTY09JAN2034000CE.NFO,07/01/2020,10:19:25,1,1,600,1.2,100,0,13860
BANKNIFTY09JAN2034000CE.NFO,07/01/2020,10:20:42,1,1,600,1.15,20,0,13860
BANKNIFTY09JAN2034000CE.NFO,07/01/2020,10:20:43,1,1,600,1.2,100,0,13860
BANKNIFTY09JAN2034000CE.NFO,07/01/2020,10:22:08,1,1,600,1.15,20,0,13860
BANKNIFTY09JAN2034000CE.NFO,07/01/2020,10:22:21,1,1,600,1.2,100,0,13860
BANKNIFTY09JAN2034000CE.NFO,07/01/2020,10:22:42,1,1,600,1.15,20,0,13860
BANKNIFTY09JAN2034000CE.NFO,07/01/2020,10:22:47,1,1,600,1.2,100,0,13860
BANKNIFTY09JAN2034000CE.NFO,07/01/2020,10:24:13,1,1,600,1.15,20,0,13860
BANKNIFTY09JAN2034000CE.NFO,07/01/2020,10:24:16,1,1,600,1.2,100,0,13860
BANKNIFTY09JAN2034000CE.NFO,07/01/2020,10:25:20,1,1,600,1.15,20,0,13860
BANKNIFTY09JAN2034000CE.NFO,07/01/2020,10:26:23,1,1,600,1.2,100,0,13860
BANKNIFTY09JAN2034000CE.NFO,07/01/2020,10:27:39,1,1,740,1.2,100,0,13860
BANKNIFTY09JAN2034000CE.NFO,07/01/2020,10:27:53,1,1,600,1.15,20,0,13860
BANKNIFTY09JAN2034000CE.NFO,07/01/2020,10:27:55,1,1,600,1.2,100,0,13860
BANKNIFTY09JAN2034000CE.NFO,07/01/2020,10:28:39,1.2,1,740,1.2,60,40,13860
BANKNIFTY09JAN2034000CE.NFO,07/01/2020,10:28:55,1.2,1,740,1.2,60,0,13860
BANKNIFTY09JAN2034000CE.NFO,07/01/2020,10:29:36,1.2,1,600,1.2,120,0,13860
BANKNIFTY09JAN2034000CE.NFO,07/01/2020,10:29:53,1,1,580,1.2,120,20,13820
BANKNIFTY09JAN2034000CE.NFO,07/01/2020,10:30:01,1,1,580,1.2,120,0,13820
BANKNIFTY09JAN2034000CE.NFO,07/01/2020,10:30:36,1,1,720,1.2,60,0,13820
BANKNIFTY09JAN2034000CE.NFO,07/01/2020,10:31:28,1,1,820,1.2,60,0,13820
BANKNIFTY09JAN2034000CE.NFO,07/01/2020,10:32:18,1,1,680,1.15,20,0,13820
BANKNIFTY09JAN2034000CE.NFO,07/01/2020,10:32:52,1,1,680,1.2,60,0,13820
BANKNIFTY09JAN2034000CE.NFO,07/01/2020,10:35:26,1.25,1,820,1.2,20,100,13820
BANKNIFTY09JAN2034000CE.NFO,07/01/2020,10:35:34,1.25,1,820,1.2,20,0,13820
BANKNIFTY09JAN2034000CE.NFO,07/01/2020,10:36:00,1.25,1,820,1.25,60,100,13820
BANKNIFTY09JAN2034000CE.NFO,07/01/2020,10:36:17,1.25,1,820,1.25,40,20,13820
BANKNIFTY09JAN2034000CE.NFO,07/01/2020,10:36:48,1,1,800,1.25,40,20,13820
BANKNIFTY09JAN2034000CE.NFO,07/01/2020,10:37:11,1,1,800,1.25,40,0,13820
BANKNIFTY09JAN2034000CE.NFO,07/01/2020,10:37:41,1,1,800,1.2,20,0,13820
BANKNIFTY09JAN2034000CE.NFO,07/01/2020,10:37:57,1,1.05,60,1.2,20,0,13820
BANKNIFTY09JAN2034000CE.NFO,07/01/2020,10:37:58,1,1.05,40,1.2,20,0,13820
BANKNIFTY09JAN2034000CE.NFO,07/01/2020,10:38:56,1.2,1.2,120,1.25,40,20,13820
BANKNIFTY09JAN2034000CE.NFO,07/01/2020,10:39:02,1.2,1.05,20,1.2,80,120,13820
BANKNIFTY09JAN2034000CE.NFO,07/01/2020,10:39:03,1.2,1.05,20,1.2,80,0,13820
BANKNIFTY09JAN2034000CE.NFO,07/01/2020,10:39:08,1.2,1.05,20,1.25,40,0,13820
BANKNIFTY09JAN2034000CE.NFO,07/01/2020,10:39:30,1.2,1.05,220,1.25,40,0,13820
BANKNIFTY09JAN2034000CE.NFO,07/01/2020,10:39:57,1.2,1.05,200,1.25,40,0,13820
BANKNIFTY09JAN2034000CE.NFO,07/01/2020,10:41:24,1.2,1.1,20,1.25,40,0,13820
BANKNIFTY09JAN2034000CE.NFO,07/01/2020,10:42:36,1.2,1.05,200,1.25,40,0,13820
BANKNIFTY09JAN2034000CE.NFO,07/01/2020,10:42:41,1.2,1.1,20,1.25,40,0,13820
BANKNIFTY09JAN2034000CE.NFO,07/01/2020,10:42:43,1.2,1.05,200,1.25,40,0,13820
BANKNIFTY09JAN2034000CE.NFO,07/01/2020,10:43:25,1.2,1.1,20,1.25,40,0,13820
BANKNIFTY09JAN2034000CE.NFO,07/01/2020,10:43:33,1.2,1.05,200,1.25,40,0,13820
BANKNIFTY09JAN2034000CE.NFO,07/01/2020,10:43:35,1.2,1.1,20,1.25,40,0,13820
BANKNIFTY09JAN2034000CE.NFO,07/01/2020,10:43:36,1.2,1.05,200,1.25,40,0,13820
BANKNIFTY09JAN2034000CE.NFO,07/01/2020,10:43:43,1.2,1.05,200,1.2,20,0,13820
BANKNIFTY09JAN2034000CE.NFO,07/01/2020,10:44:12,1.2,1.05,200,1.25,40,0,13820
BANKNIFTY09JAN2034000CE.NFO,07/01/2020,10:44:33,1.25,1.25,360,1.6,20,40,13780
BANKNIFTY09JAN2034000CE.NFO,07/01/2020,10:44:46,1.25,1.25,360,1.6,140,0,13780
BANKNIFTY09JAN2034000CE.NFO,07/01/2020,10:45:27,1.25,1.4,360,1.6,140,0,13780
BANKNIFTY09JAN2034000CE.NFO,07/01/2020,10:45:59,1.65,1.65,120,1.7,80,240,13780
BANKNIFTY09JAN2034000CE.NFO,07/01/2020,10:45:59,1.65,1.65,120,1.7,80,0,13780
BANKNIFTY09JAN2034000CE.NFO,07/01/2020,10:46:04,1.65,1.45,280,1.7,120,120,13780
BANKNIFTY09JAN2034000CE.NFO,07/01/2020,10:46:13,1.45,1.1,20,1.7,120,280,13780
BANKNIFTY09JAN2034000CE.NFO,07/01/2020,10:46:14,1.45,1.1,20,1.45,40,0,13780
BANKNIFTY09JAN2034000CE.NFO,07/01/2020,10:46:17,1.45,1.1,40,1.45,40,0,13780
BANKNIFTY09JAN2034000CE.NFO,07/01/2020,10:47:44,1.45,1.1,40,1.45,80,0,13780
BANKNIFTY09JAN2034000CE.NFO,07/01/2020,10:48:56,1.45,1.45,20,1.6,20,80,13920
BANKNIFTY09JAN2034000CE.NFO,07/01/2020,10:49:02,1.6,1.15,20,1.7,80,20,13920
BANKNIFTY09JAN2034000CE.NFO,07/01/2020,10:49:06,1.6,1.15,20,1.6,80,0,13920
BANKNIFTY09JAN2034000CE.NFO,07/01/2020,10:50:42,1.6,1.15,20,1.55,20,0,13920
BANKNIFTY09JAN2034000CE.NFO,07/01/2020,10:50:47,1.6,1.15,20,1.45,80,0,13920
BANKNIFTY09JAN2034000CE.NFO,07/01/2020,10:51:54,1.6,1.1,20,1.4,20,0,13920
BANKNIFTY09JAN2034000CE.NFO,07/01/2020,10:55:53,1.4,1.1,20,1.45,80,20,13940
BANKNIFTY09JAN2034000CE.NFO,07/01/2020,10:56:00,1.4,1.1,20,1.45,80,0,13940
BANKNIFTY09JAN2034000CE.NFO,07/01/2020,10:56:09,1.4,1.15,20,1.45,80,0,13940
BANKNIFTY09JAN2034000CE.NFO,07/01/2020,10:56:10,1.4,1.1,20,1.45,80,0,13940
BANKNIFTY09JAN2034000CE.NFO,07/01/2020,10:56:18,1.4,1.15,20,1.45,80,0,13940
BANKNIFTY09JAN2034000CE.NFO,07/01/2020,10:56:25,1.4,1.1,20,1.45,80,0,13940
BANKNIFTY09JAN2034000CE.NFO,07/01/2020,10:57:19,1.45,1.1,20,1.45,60,20,13960
BANKNIFTY09JAN2034000CE.NFO,07/01/2020,10:57:21,1.45,1.1,20,1.45,60,0,13960
BANKNIFTY09JAN2034000CE.NFO,07/01/2020,10:57:33,1.45,1.1,20,1.4,20,0,13960
BANKNIFTY09JAN2034000CE.NFO,07/01/2020,11:01:02,1.4,1.1,20,1.45,60,20,13940
BANKNIFTY09JAN2034000CE.NFO,07/01/2020,11:01:03,1.4,1.1,20,1.45,60,0,13940
BANKNIFTY09JAN2034000CE.NFO,07/01/2020,11:04:09,1.4,1.15,500,1.45,60,0,13940
BANKNIFTY09JAN2034000CE.NFO,07/01/2020,11:05:13,1.4,1.15,500,1.6,60,0,13940
BANKNIFTY09JAN2034000CE.NFO,07/01/2020,11:05:30,1.4,1.2,20,1.6,60,0,13940
BANKNIFTY09JAN2034000CE.NFO,07/01/2020,11:05:54,1.6,1.2,20,1.6,40,20,13960
BANKNIFTY09JAN2034000CE.NFO,07/01/2020,11:05:56,1.6,1.2,20,1.6,40,0,13960
BANKNIFTY09JAN2034000CE.NFO,07/01/2020,11:06:01,1.6,1.2,20,1.6,20,20,13960
BANKNIFTY09JAN2034000CE.NFO,07/01/2020,11:06:02,1.6,1.2,20,1.6,20,0,13960
BANKNIFTY09JAN2034000CE.NFO,07/01/2020,11:06:06,1.6,1.3,20,1.6,20,0,13960
BANKNIFTY09JAN2034000CE.NFO,07/01/2020,11:06:10,1.6,1.4,1000,1.6,20,0,13960
BANKNIFTY09JAN2034000CE.NFO,07/01/2020,11:06:20,1.6,1.4,1000,1.6,40,0,13960
BANKNIFTY09JAN2034000CE.NFO,07/01/2020,11:06:25,1.6,1.5,1000,1.6,40,0,13960
BANKNIFTY09JAN2034000CE.NFO,07/01/2020,11:06:27,1.6,1.55,1000,1.6,40,0,13960
BANKNIFTY09JAN2034000CE.NFO,07/01/2020,11:06:32,1.6,1.6,460,1.7,20,540,13960
BANKNIFTY09JAN2034000CE.NFO,07/01/2020,11:06:35,1.6,1.6,480,1.7,20,0,13960
BANKNIFTY09JAN2034000CE.NFO,07/01/2020,11:06:36,1.6,1.15,20,1.6,180,480,13960
BANKNIFTY09JAN2034000CE.NFO,07/01/2020,11:06:38,1.6,1.15,20,1.7,20,0,13960
BANKNIFTY09JAN2034000CE.NFO,07/01/2020,11:06:40,1.6,1.25,20,1.7,20,0,13960
BANKNIFTY09JAN2034000CE.NFO,07/01/2020,11:06:50,1.6,1.25,20,1.6,60,0,13960
BANKNIFTY09JAN2034000CE.NFO,07/01/2020,11:07:45,1.6,1.25,40,1.6,60,0,13960
BANKNIFTY09JAN2034000CE.NFO,07/01/2020,11:08:16,1.6,1.25,40,1.6,40,20,13960
BANKNIFTY09JAN2034000CE.NFO,07/01/2020,11:08:36,1.6,1.25,40,1.6,40,0,13960
BANKNIFTY09JAN2034000CE.NFO,07/01/2020,11:10:02,1.6,1.25,60,1.6,40,0,13960
BANKNIFTY09JAN2034000CE.NFO,07/01/2020,11:11:06,1.6,1.25,40,1.6,40,0,13960
BANKNIFTY09JAN2034000CE.NFO,07/01/2020,11:12:57,1.6,1.25,40,1.55,20,0,13960
BANKNIFTY09JAN2034000CE.NFO,07/01/2020,11:13:45,1.6,1.3,20,1.55,20,0,13960
BANKNIFTY09JAN2034000CE.NFO,07/01/2020,11:14:04,1.6,1.3,20,1.5,40,0,13960
BANKNIFTY09JAN2034000CE.NFO,07/01/2020,11:15:01,1.6,1.25,40,1.5,40,0,13960
BANKNIFTY09JAN2034000CE.NFO,07/01/2020,11:15:38,1.6,1.25,40,1.45,20,0,13960
BANKNIFTY09JAN2034000CE.NFO,07/01/2020,11:18:08,1.6,1.3,20,1.45,20,0,13960
BANKNIFTY09JAN2034000CE.NFO,07/01/2020,11:19:19,1.6,1.25,40,1.45,20,0,13960
BANKNIFTY09JAN2034000CE.NFO,07/01/2020,11:19:25,1.6,1.3,20,1.45,20,0,13960
BANKNIFTY09JAN2034000CE.NFO,07/01/2020,11:19:27,1.6,1.25,40,1.45,20,0,13960
BANKNIFTY09JAN2034000CE.NFO,07/01/2020,11:19:28,1.6,1.3,20,1.45,20,0,13960
BANKNIFTY09JAN2034000CE.NFO,07/01/2020,11:19:34,1.6,1.25,40,1.45,20,0,13960
BANKNIFTY09JAN2034000CE.NFO,07/01/2020,11:19:40,1.6,1.3,20,1.45,20,0,13960
BANKNIFTY09JAN2034000CE.NFO,07/01/2020,11:19:48,1.6,1.25,40,1.45,20,0,13960
BANKNIFTY09JAN2034000CE.NFO,07/01/2020,11:19:49,1.6,1.3,20,1.45,20,0,13960
BANKNIFTY09JAN2034000CE.NFO,07/01/2020,11:19:53,1.6,1.25,40,1.45,20,0,13960
BANKNIFTY09JAN2034000CE.NFO,07/01/2020,11:19:57,1.6,1.3,20,1.45,20,0,13960
BANKNIFTY09JAN2034000CE.NFO,07/01/2020,11:20:01,1.6,1.25,40,1.45,20,0,13960
BANKNIFTY09JAN2034000CE.NFO,07/01/2020,11:20:12,1.6,1.3,20,1.45,20,0,13960
BANKNIFTY09JAN2034000CE.NFO,07/01/2020,11:20:20,1.6,1.25,40,1.45,20,0,13960
BANKNIFTY09JAN2034000CE.NFO,07/01/2020,11:20:21,1.6,1.3,20,1.45,20,0,13960
BANKNIFTY09JAN2034000CE.NFO,07/01/2020,11:20:22,1.6,1.25,40,1.45,20,0,13960
BANKNIFTY09JAN2034000CE.NFO,07/01/2020,11:20:25,1.6,1.3,20,1.45,20,0,13960
BANKNIFTY09JAN2034000CE.NFO,07/01/2020,11:21:28,1.6,1.25,40,1.45,20,0,13960
BANKNIFTY09JAN2034000CE.NFO,07/01/2020,11:21:32,1.6,1.3,20,1.45,20,0,13960
BANKNIFTY09JAN2034000CE.NFO,07/01/2020,11:21:38,1.6,1.25,40,1.45,20,0,13960
BANKNIFTY09JAN2034000CE.NFO,07/01/2020,11:21:41,1.6,1.3,20,1.45,20,0,13960
BANKNIFTY09JAN2034000CE.NFO,07/01/2020,11:21:55,1.6,1.25,40,1.45,20,0,13960
BANKNIFTY09JAN2034000CE.NFO,07/01/2020,11:21:56,1.6,1.3,20,1.45,20,0,13960
BANKNIFTY09JAN2034000CE.NFO,07/01/2020,11:22:43,1.6,1.25,40,1.45,20,0,13960
BANKNIFTY09JAN2034000CE.NFO,07/01/2020,11:22:44,1.6,1.3,20,1.45,20,0,13960
BANKNIFTY09JAN2034000CE.NFO,07/01/2020,11:22:48,1.6,1.25,40,1.45,20,0,13960
BANKNIFTY09JAN2034000CE.NFO,07/01/2020,11:22:50,1.6,1.3,20,1.45,20,0,13960
BANKNIFTY09JAN2034000CE.NFO,07/01/2020,11:27:39,1.3,1.25,40,1.45,20,20,13460
BANKNIFTY09JAN2034000CE.NFO,07/01/2020,11:27:50,1.3,1.25,40,1.45,20,0,13460
BANKNIFTY09JAN2034000CE.NFO,07/01/2020,11:28:54,1.3,1.25,40,1.4,20,0,13460
BANKNIFTY09JAN2034000CE.NFO,07/01/2020,11:29:26,1.3,1.25,40,1.45,20,0,13460
BANKNIFTY09JAN2034000CE.NFO,07/01/2020,11:29:45,1.3,1.3,20,1.45,20,0,13460
BANKNIFTY09JAN2034000CE.NFO,07/01/2020,11:29:57,1.3,1.25,40,1.45,20,0,13460
BANKNIFTY09JAN2034000CE.NFO,07/01/2020,11:29:58,1.3,1.3,20,1.45,20,0,13460
BANKNIFTY09JAN2034000CE.NFO,07/01/2020,11:30:10,1.3,1.25,40,1.45,20,0,13460
BANKNIFTY09JAN2034000CE.NFO,07/01/2020,11:30:11,1.3,1.3,20,1.45,60,0,13460
BANKNIFTY09JAN2034000CE.NFO,07/01/2020,11:30:12,1.3,1.25,40,1.45,60,0,13460
BANKNIFTY09JAN2034000CE.NFO,07/01/2020,11:30:20,1.3,1.3,20,1.45,60,0,13460
BANKNIFTY09JAN2034000CE.NFO,07/01/2020,11:30:23,1.3,1.25,40,1.45,60,0,13460
BANKNIFTY09JAN2034000CE.NFO,07/01/2020,11:30:25,1.3,1.3,20,1.45,60,0,13460
BANKNIFTY09JAN2034000CE.NFO,07/01/2020,11:30:35,1.3,1.25,40,1.45,60,0,13460
BANKNIFTY09JAN2034000CE.NFO,07/01/2020,11:30:36,1.3,1.3,20,1.45,60,0,13460
BANKNIFTY09JAN2034000CE.NFO,07/01/2020,11:30:37,1.3,1.25,40,1.45,60,0,13460
BANKNIFTY09JAN2034000CE.NFO,07/01/2020,11:30:41,1.3,1.3,20,1.45,60,0,13460
BANKNIFTY09JAN2034000CE.NFO,07/01/2020,11:36:45,1.3,1.25,40,1.45,60,0,13460
BANKNIFTY09JAN2034000CE.NFO,07/01/2020,11:36:45,1.3,1.25,40,1.3,20,0,13460
BANKNIFTY09JAN2034000CE.NFO,07/01/2020,11:37:03,1.3,1.25,80,1.3,60,0,13460
BANKNIFTY09JAN2034000CE.NFO,07/01/2020,11:37:05,1.25,1.25,60,1.3,40,20,13440
BANKNIFTY09JAN2034000CE.NFO,07/01/2020,11:37:06,1.25,1.25,60,1.3,40,0,13440
BANKNIFTY09JAN2034000CE.NFO,07/01/2020,11:37:18,1.3,1.25,60,1.4,20,40,13440
BANKNIFTY09JAN2034000CE.NFO,07/01/2020,11:37:27,1.3,1.3,40,1.4,20,0,13440
BANKNIFTY09JAN2034000CE.NFO,07/01/2020,11:38:04,1.3,1.3,40,1.45,60,0,13440
BANKNIFTY09JAN2034000CE.NFO,07/01/2020,11:38:43,1.3,1.3,40,1.4,20,0,13440
BANKNIFTY09JAN2034000CE.NFO,07/01/2020,11:39:01,1.3,1.3,40,1.45,60,0,13440
BANKNIFTY09JAN2034000CE.NFO,07/01/2020,11:39:29,1.3,1.3,40,1.4,20,0,13440
BANKNIFTY09JAN2034000CE.NFO,07/01/2020,11:41:52,1.3,1.25,60,1.4,60,40,13440
BANKNIFTY09JAN2034000CE.NFO,07/01/2020,11:41:57,1.3,1.25,60,1.4,60,0,13420
BANKNIFTY09JAN2034000CE.NFO,07/01/2020,11:42:12,1.3,1.25,20,1.4,20,0,13420
BANKNIFTY09JAN2034000CE.NFO,07/01/2020,11:43:29,1.3,1.25,20,1.45,60,0,13420
BANKNIFTY09JAN2034000CE.NFO,07/01/2020,11:43:43,1.3,1.3,20,1.45,60,0,13420
BANKNIFTY09JAN2034000CE.NFO,07/01/2020,11:43:52,1.3,1.25,20,1.45,60,0,13420
BANKNIFTY09JAN2034000CE.NFO,07/01/2020,11:45:18,1.3,1.25,20,1.4,20,0,13420
BANKNIFTY09JAN2034000CE.NFO,07/01/2020,11:46:43,1.3,1.25,20,1.45,60,0,13420
BANKNIFTY09JAN2034000CE.NFO,07/01/2020,11:46:56,1.3,1.25,20,1.4,20,0,13420
BANKNIFTY09JAN2034000CE.NFO,07/01/2020,11:47:11,1.3,1.25,20,1.4,60,0,13420
BANKNIFTY09JAN2034000CE.NFO,07/01/2020,11:50:13,1.3,1.25,20,1.35,20,0,13420
BANKNIFTY09JAN2034000CE.NFO,07/01/2020,11:51:07,1.3,1.25,60,1.35,60,0,13420
BANKNIFTY09JAN2034000CE.NFO,07/01/2020,11:52:15,1.3,1.3,60,1.35,60,0,13420
BANKNIFTY09JAN2034000CE.NFO,07/01/2020,11:52:18,1.3,1.3,20,1.35,60,40,13380
BANKNIFTY09JAN2034000CE.NFO,07/01/2020,11:52:20,1.3,1.3,20,1.35,60,0,13380
BANKNIFTY09JAN2034000CE.NFO,07/01/2020,11:55:29,1.25,1.15,20,1.3,40,40,13360
BANKNIFTY09JAN2034000CE.NFO,07/01/2020,11:55:35,1.25,1.15,20,1.25,60,0,13360
BANKNIFTY09JAN2034000CE.NFO,07/01/2020,11:55:36,1.25,1.15,20,1.2,60,0,13360
BANKNIFTY09JAN2034000CE.NFO,07/01/2020,11:55:37,1.25,1.15,20,1.2,40,0,13360
BANKNIFTY09JAN2034000CE.NFO,07/01/2020,11:55:38,1.2,1.15,20,1.25,20,40,13360
BANKNIFTY09JAN2034000CE.NFO,07/01/2020,11:55:55,1.2,1.15,60,1.25,60,0,13360
BANKNIFTY09JAN2034000CE.NFO,07/01/2020,12:00:21,1.2,1.15,60,1.25,40,0,13360
BANKNIFTY09JAN2034000CE.NFO,07/01/2020,12:00:22,1.25,1.25,40,1.3,20,40,13340
BANKNIFTY09JAN2034000CE.NFO,07/01/2020,12:00:30,1.25,1.25,40,1.3,20,0,13340
BANKNIFTY09JAN2034000CE.NFO,07/01/2020,12:02:35,1.25,1.25,40,1.35,20,0,13340
BANKNIFTY09JAN2034000CE.NFO,07/01/2020,12:02:41,1.25,1.3,60,1.35,20,0,13340
BANKNIFTY09JAN2034000CE.NFO,07/01/2020,12:03:06,1.25,1.3,40,1.35,20,0,13340
BANKNIFTY09JAN2034000CE.NFO,07/01/2020,12:07:36,1.35,1.3,40,1.4,20,20,13340
BANKNIFTY09JAN2034000CE.NFO,07/01/2020,12:07:39,1.35,1.3,40,1.4,20,0,13340
BANKNIFTY09JAN2034000CE.NFO,07/01/2020,12:07:54,1.3,1.3,20,1.4,20,20,13340
BANKNIFTY09JAN2034000CE.NFO,07/01/2020,12:07:56,1.3,1.3,20,1.4,20,0,13340
BANKNIFTY09JAN2034000CE.NFO,07/01/2020,12:08:17,1.3,1.3,20,1.45,20,0,13340
BANKNIFTY09JAN2034000CE.NFO,07/01/2020,12:08:35,1.3,1.35,40,1.45,20,0,13340
BANKNIFTY09JAN2034000CE.NFO,07/01/2020,12:09:03,1.3,1.35,20,1.45,20,0,13340
BANKNIFTY09JAN2034000CE.NFO,07/01/2020,12:09:19,1.3,1.35,20,1.4,20,0,13340
BANKNIFTY09JAN2034000CE.NFO,07/01/2020,12:10:58,1.35,1.25,60,1.4,60,20,13340
BANKNIFTY09JAN2034000CE.NFO,07/01/2020,12:11:09,1.35,1.25,20,1.45,20,0,13340
BANKNIFTY09JAN2034000CE.NFO,07/01/2020,12:12:25,1.35,1.25,20,1.3,20,0,13340
BANKNIFTY09JAN2034000CE.NFO,07/01/2020,12:12:29,1.25,1.1,500,1.45,20,20,13320
BANKNIFTY09JAN2034000CE.NFO,07/01/2020,12:12:54,1.25,1.1,500,1.45,20,0,13320
BANKNIFTY09JAN2034000CE.NFO,07/01/2020,12:14:09,1.25,1.15,20,1.4,20,0,13320
BANKNIFTY09JAN2034000CE.NFO,07/01/2020,12:15:52,1.25,1.1,500,1.4,20,0,13320
BANKNIFTY09JAN2034000CE.NFO,07/01/2020,12:19:36,1.25,1.15,20,1.4,20,0,13320
BANKNIFTY09JAN2034000CE.NFO,07/01/2020,12:19:39,1.25,1.15,20,1.4,40,0,13320
BANKNIFTY09JAN2034000CE.NFO,07/01/2020,12:19:53,1.25,1.15,40,1.4,40,0,13320
BANKNIFTY09JAN2034000CE.NFO,07/01/2020,12:20:19,1.25,1.15,20,1.4,40,0,13320
BANKNIFTY09JAN2034000CE.NFO,07/01/2020,12:21:01,1.25,1.2,20,1.4,40,0,13320
BANKNIFTY09JAN2034000CE.NFO,07/01/2020,12:21:12,1.25,1.15,20,1.4,40,0,13320
BANKNIFTY09JAN2034000CE.NFO,07/01/2020,12:22:04,1.25,1.15,20,1.35,20,0,13320
BANKNIFTY09JAN2034000CE.NFO,07/01/2020,12:24:10,1.25,1.2,20,1.35,20,0,13320
BANKNIFTY09JAN2034000CE.NFO,07/01/2020,12:24:12,1.25,1.2,20,1.4,20,0,13320
BANKNIFTY09JAN2034000CE.NFO,07/01/2020,12:24:58,1.25,1.15,20,1.35,20,0,13320
BANKNIFTY09JAN2034000CE.NFO,07/01/2020,12:25:53,1.25,1.2,20,1.4,20,0,13320
BANKNIFTY09JAN2034000CE.NFO,07/01/2020,12:25:59,1.25,1.15,20,1.4,20,0,13320
BANKNIFTY09JAN2034000CE.NFO,07/01/2020,12:26:01,1.25,1.2,20,1.4,20,0,13320
BANKNIFTY09JAN2034000CE.NFO,07/01/2020,12:26:06,1.25,1.15,20,1.4,20,0,13320
BANKNIFTY09JAN2034000CE.NFO,07/01/2020,12:26:08,1.25,1.15,20,1.35,20,0,13320
BANKNIFTY09JAN2034000CE.NFO,07/01/2020,12:27:14,1.25,1.15,40,1.35,20,0,13320
BANKNIFTY09JAN2034000CE.NFO,07/01/2020,12:27:19,1.25,1.2,20,1.35,20,0,13320
BANKNIFTY09JAN2034000CE.NFO,07/01/2020,12:36:14,1.25,1.2,40,1.35,20,0,13320
BANKNIFTY09JAN2034000CE.NFO,07/01/2020,12:38:20,1.2,1.2,20,1.35,20,20,13300
BANKNIFTY09JAN2034000CE.NFO,07/01/2020,12:38:23,1.2,1.2,20,1.35,20,0,13300
BANKNIFTY09JAN2034000CE.NFO,07/01/2020,12:38:34,1.2,1.2,40,1.35,20,0,13300
BANKNIFTY09JAN2034000CE.NFO,07/01/2020,12:44:24,1.45,1.2,60,1.55,20,80,13300
BANKNIFTY09JAN2034000CE.NFO,07/01/2020,12:44:26,1.45,1.25,40,1.55,20,0,13280
BANKNIFTY09JAN2034000CE.NFO,07/01/2020,12:44:34,1.45,1.25,20,1.55,20,0,13280
BANKNIFTY09JAN2034000CE.NFO,07/01/2020,12:44:35,1.45,1.25,40,1.55,20,0,13280
BANKNIFTY09JAN2034000CE.NFO,07/01/2020,12:44:39,1.45,1.25,40,1.5,200,0,13280
BANKNIFTY09JAN2034000CE.NFO,07/01/2020,12:45:16,1.5,1.25,40,1.5,180,20,13280
BANKNIFTY09JAN2034000CE.NFO,07/01/2020,12:45:24,1.5,1.3,40,1.5,180,0,13340
BANKNIFTY09JAN2034000CE.NFO,07/01/2020,12:45:40,1.3,1.25,20,1.5,180,20,13340
BANKNIFTY09JAN2034000CE.NFO,07/01/2020,12:45:50,1.3,1.3,40,1.5,180,0,13340
BANKNIFTY09JAN2034000CE.NFO,07/01/2020,12:45:51,1.3,1.3,40,1.45,60,0,13340
BANKNIFTY09JAN2034000CE.NFO,07/01/2020,12:45:53,1.3,1.3,60,1.45,60,0,13340
BANKNIFTY09JAN2034000CE.NFO,07/01/2020,12:45:56,1.3,1.3,60,1.45,560,0,13340
BANKNIFTY09JAN2034000CE.NFO,07/01/2020,12:45:59,1.3,1.3,60,1.4,20,0,13340
BANKNIFTY09JAN2034000CE.NFO,07/01/2020,12:46:02,1.3,1.3,60,1.35,20,0,13340
BANKNIFTY09JAN2034000CE.NFO,07/01/2020,12:46:11,1.3,1.3,100,1.35,60,0,13340
BANKNIFTY09JAN2034000CE.NFO,07/01/2020,12:46:15,1.35,1.3,80,1.35,40,20,13340
BANKNIFTY09JAN2034000CE.NFO,07/01/2020,12:46:17,1.35,1.3,80,1.35,40,0,13340
BANKNIFTY09JAN2034000CE.NFO,07/01/2020,12:46:19,1.35,1.3,80,1.35,60,0,13340
BANKNIFTY09JAN2034000CE.NFO,07/01/2020,12:49:07,1.3,1.3,60,1.35,40,20,13340
BANKNIFTY09JAN2034000CE.NFO,07/01/2020,12:49:14,1.3,1.3,60,1.35,40,0,13340
BANKNIFTY09JAN2034000CE.NFO,07/01/2020,12:50:19,1.3,1.2,40,1.3,40,60,13340
BANKNIFTY09JAN2034000CE.NFO,07/01/2020,12:50:23,1.3,1.2,40,1.3,40,0,13340
BANKNIFTY09JAN2034000CE.NFO,07/01/2020,12:50:46,1.3,1.25,20,1.3,40,0,13340
BANKNIFTY09JAN2034000CE.NFO,07/01/2020,12:51:31,1.25,1.2,20,1.3,40,20,13340
BANKNIFTY09JAN2034000CE.NFO,07/01/2020,12:51:35,1.25,1.2,20,1.3,40,0,13300
BANKNIFTY09JAN2034000CE.NFO,07/01/2020,12:51:44,1.25,1.2,20,1.25,60,0,13300
BANKNIFTY09JAN2034000CE.NFO,07/01/2020,12:51:46,1.2,1.1,500,1.25,60,20,13300
BANKNIFTY09JAN2034000CE.NFO,07/01/2020,12:51:51,1.2,1.1,500,1.2,60,0,13300
BANKNIFTY09JAN2034000CE.NFO,07/01/2020,12:51:52,1.2,1.1,500,1.2,40,0,13300
BANKNIFTY09JAN2034000CE.NFO,07/01/2020,12:51:53,1.2,1.2,20,1.25,20,40,13300
BANKNIFTY09JAN2034000CE.NFO,07/01/2020,12:51:54,1.2,1.1,540,1.25,60,0,13300
BANKNIFTY09JAN2034000CE.NFO,07/01/2020,12:51:55,1.2,1.1,540,1.2,60,0,13300
BANKNIFTY09JAN2034000CE.NFO,07/01/2020,12:51:57,1.2,1.1,540,1.2,40,0,13300
BANKNIFTY09JAN2034000CE.NFO,07/01/2020,12:51:58,1.2,1.2,40,1.25,20,40,13300
BANKNIFTY09JAN2034000CE.NFO,07/01/2020,12:51:59,1.2,1.2,40,1.25,20,0,13300
BANKNIFTY09JAN2034000CE.NFO,07/01/2020,12:52:10,1.2,1.2,40,1.3,20,0,13300
BANKNIFTY09JAN2034000CE.NFO,07/01/2020,12:58:13,1.2,1.2,40,1.25,20,0,13300
BANKNIFTY09JAN2034000CE.NFO,07/01/2020,12:58:14,1.2,1.2,40,1.3,20,0,13300
BANKNIFTY09JAN2034000CE.NFO,07/01/2020,12:58:33,1.2,1.2,40,1.35,20,0,13300
BANKNIFTY09JAN2034000CE.NFO,07/01/2020,13:06:59,1.2,1.1,500,1.35,20,40,13300
BANKNIFTY09JAN2034000CE.NFO,07/01/2020,13:07:02,1.2,1.15,20,1.35,20,0,13300
BANKNIFTY09JAN2034000CE.NFO,07/01/2020,13:07:04,1.2,1.1,500,1.2,40,0,13300
BANKNIFTY09JAN2034000CE.NFO,07/01/2020,13:07:08,1.2,1.15,20,1.2,40,0,13300
BANKNIFTY09JAN2034000CE.NFO,07/01/2020,13:07:25,1.15,1.1,500,1.15,20,20,13300
BANKNIFTY09JAN2034000CE.NFO,07/01/2020,13:07:29,1.15,1.1,500,1.15,20,0,13300
BANKNIFTY09JAN2034000CE.NFO,07/01/2020,13:07:39,1.1,1.1,460,1.15,20,40,13300
BANKNIFTY09JAN2034000CE.NFO,07/01/2020,13:07:40,1.1,1.1,460,1.15,20,0,13300
BANKNIFTY09JAN2034000CE.NFO,07/01/2020,13:07:43,1.1,1.1,420,1.15,20,40,13300
BANKNIFTY09JAN2034000CE.NFO,07/01/2020,13:07:46,1.1,1.1,380,1.2,40,60,13300
BANKNIFTY09JAN2034000CE.NFO,07/01/2020,13:07:50,1.1,1.1,380,1.2,40,0,13300
BANKNIFTY09JAN2034000CE.NFO,07/01/2020,13:08:04,1.1,1.1,380,1.2,80,40,13300
BANKNIFTY09JAN2034000CE.NFO,07/01/2020,13:08:07,1.1,1.1,340,1.2,80,40,13300
BANKNIFTY09JAN2034000CE.NFO,07/01/2020,13:08:10,1.1,1.1,340,1.2,80,0,13300
BANKNIFTY09JAN2034000CE.NFO,07/01/2020,13:08:37,1.1,1.1,340,1.15,60,0,13300
BANKNIFTY09JAN2034000CE.NFO,07/01/2020,13:08:41,1.1,1.1,320,1.15,60,20,13300
BANKNIFTY09JAN2034000CE.NFO,07/01/2020,13:08:42,1.1,1.1,320,1.15,60,0,13300
BANKNIFTY09JAN2034000CE.NFO,07/01/2020,13:08:46,1.1,1.1,300,1.15,40,20,13300
BANKNIFTY09JAN2034000CE.NFO,07/01/2020,13:08:47,1.1,1.1,300,1.15,40,0,13300
BANKNIFTY09JAN2034000CE.NFO,07/01/2020,13:11:40,1.1,1.1,40,1.15,40,0,13300
BANKNIFTY09JAN2034000CE.NFO,07/01/2020,13:11:48,1.15,1.15,40,1.25,20,40,13000
BANKNIFTY09JAN2034000CE.NFO,07/01/2020,13:11:57,1.15,1.15,40,1.25,20,0,13000
BANKNIFTY09JAN2034000CE.NFO,07/01/2020,13:12:08,1.15,1.15,40,1.35,20,0,13000
BANKNIFTY09JAN2034000CE.NFO,07/01/2020,13:25:34,1.35,1.2,60,1.4,20,20,13000
BANKNIFTY09JAN2034000CE.NFO,07/01/2020,13:25:40,1.35,1.2,60,1.4,20,0,13000
BANKNIFTY09JAN2034000CE.NFO,07/01/2020,13:27:35,1.35,1.2,60,1.4,80,0,13000
BANKNIFTY09JAN2034000CE.NFO,07/01/2020,13:27:39,1.35,1.2,40,1.35,20,0,13000
BANKNIFTY09JAN2034000CE.NFO,07/01/2020,13:27:49,1.35,1.2,40,1.3,100,0,13000
BANKNIFTY09JAN2034000CE.NFO,07/01/2020,13:28:03,1.35,1.2,80,1.3,100,0,13000
BANKNIFTY09JAN2034000CE.NFO,07/01/2020,13:32:23,1.3,1.3,60,1.4,80,100,13000
BANKNIFTY09JAN2034000CE.NFO,07/01/2020,13:32:25,1.4,1.4,80,1.45,520,80,13000
BANKNIFTY09JAN2034000CE.NFO,07/01/2020,13:32:28,1.45,1.4,40,1.45,480,40,13000
BANKNIFTY09JAN2034000CE.NFO,07/01/2020,13:32:29,1.4,1.3,20,1.45,480,40,13000
BANKNIFTY09JAN2034000CE.NFO,07/01/2020,13:32:32,1.4,1.35,120,1.45,520,0,13000
BANKNIFTY09JAN2034000CE.NFO,07/01/2020,13:32:40,1.4,1.4,120,1.45,520,0,13000
BANKNIFTY09JAN2034000CE.NFO,07/01/2020,13:32:41,1.45,1.4,40,1.45,440,80,13000
BANKNIFTY09JAN2034000CE.NFO,07/01/2020,13:32:42,1.45,1.4,40,1.45,440,0,13000
BANKNIFTY09JAN2034000CE.NFO,07/01/2020,13:32:46,1.45,1.4,40,1.45,140,300,13000
BANKNIFTY09JAN2034000CE.NFO,07/01/2020,13:32:49,1.45,1.4,40,1.45,140,0,13000
BANKNIFTY09JAN2034000CE.NFO,07/01/2020,13:34:07,1.45,1.4,40,1.45,60,0,13000
BANKNIFTY09JAN2034000CE.NFO,07/01/2020,13:34:19,1.4,1.35,20,1.4,40,40,12800
BANKNIFTY09JAN2034000CE.NFO,07/01/2020,13:34:20,1.35,1.1,180,1.4,40,20,12800
BANKNIFTY09JAN2034000CE.NFO,07/01/2020,13:34:26,1.35,1.1,180,1.35,60,0,12800
BANKNIFTY09JAN2034000CE.NFO,07/01/2020,13:34:27,1.35,1.1,180,1.3,60,0,12800
BANKNIFTY09JAN2034000CE.NFO,07/01/2020,13:34:30,1.35,1.1,180,1.25,60,0,12800
BANKNIFTY09JAN2034000CE.NFO,07/01/2020,13:34:31,1.25,1.1,180,1.3,20,40,12800
BANKNIFTY09JAN2034000CE.NFO,07/01/2020,13:34:34,1.25,1.1,220,1.25,60,0,12800
BANKNIFTY09JAN2034000CE.NFO,07/01/2020,13:34:35,1.25,1.25,40,1.3,20,40,12800
BANKNIFTY09JAN2034000CE.NFO,07/01/2020,13:34:37,1.25,1.25,40,1.35,20,0,12800
BANKNIFTY09JAN2034000CE.NFO,07/01/2020,13:34:43,1.25,1.25,40,1.3,20,0,12800
BANKNIFTY09JAN2034000CE.NFO,07/01/2020,13:34:45,1.25,1.25,40,1.35,20,0,12800
BANKNIFTY09JAN2034000CE.NFO,07/01/2020,13:34:53,1.25,1.25,60,1.35,20,0,12800
BANKNIFTY09JAN2034000CE.NFO,07/01/2020,13:36:00,1.25,1.3,60,1.35,20,0,12800
BANKNIFTY09JAN2034000CE.NFO,07/01/2020,13:36:03,1.25,1.3,60,1.45,20,0,12800
BANKNIFTY09JAN2034000CE.NFO,07/01/2020,13:36:04,1.25,1.3,60,1.4,20,0,12800
BANKNIFTY09JAN2034000CE.NFO,07/01/2020,13:36:38,1.25,1.3,40,1.4,20,0,12800
BANKNIFTY09JAN2034000CE.NFO,07/01/2020,13:37:05,1.25,1.3,100,1.4,20,0,12800
BANKNIFTY09JAN2034000CE.NFO,07/01/2020,13:38:36,1.25,1.3,80,1.4,20,0,12800
BANKNIFTY09JAN2034000CE.NFO,07/01/2020,13:39:43,1.25,1.3,80,1.35,20,0,12800
BANKNIFTY09JAN2034000CE.NFO,07/01/2020,13:40:00,1.25,1.3,80,1.4,20,0,12800
BANKNIFTY09JAN2034000CE.NFO,07/01/2020,13:40:14,1.25,1.3,80,1.35,20,0,12800
BANKNIFTY09JAN2034000CE.NFO,07/01/2020,13:40:30,1.25,1.3,80,1.4,20,0,12800
BANKNIFTY09JAN2034000CE.NFO,07/01/2020,13:40:41,1.25,1.3,80,1.35,20,0,12800
BANKNIFTY09JAN2034000CE.NFO,07/01/2020,13:40:42,1.25,1.3,80,1.4,20,0,12800
BANKNIFTY09JAN2034000CE.NFO,07/01/2020,13:42:16,1.25,1.35,60,1.4,20,0,12800
BANKNIFTY09JAN2034000CE.NFO,07/01/2020,13:42:33,1.25,1.35,40,1.4,20,0,12800
BANKNIFTY09JAN2034000CE.NFO,07/01/2020,13:44:42,1.35,1.3,40,1.4,60,40,12820
BANKNIFTY09JAN2034000CE.NFO,07/01/2020,13:44:46,1.35,1.3,40,1.4,60,0,12820
BANKNIFTY09JAN2034000CE.NFO,07/01/2020,13:44:49,1.35,1.3,40,1.35,60,0,12820
BANKNIFTY09JAN2034000CE.NFO,07/01/2020,13:44:50,1.3,1.25,20,1.35,60,40,12820
BANKNIFTY09JAN2034000CE.NFO,07/01/2020,13:44:51,1.3,1.25,20,1.3,40,0,12820
BANKNIFTY09JAN2034000CE.NFO,07/01/2020,13:44:52,1.3,1.25,20,1.3,60,0,12820
BANKNIFTY09JAN2034000CE.NFO,07/01/2020,13:44:56,1.3,1.2,20,1.3,60,0,12820
BANKNIFTY09JAN2034000CE.NFO,07/01/2020,13:44:57,1.3,1.2,20,1.25,60,0,12820
BANKNIFTY09JAN2034000CE.NFO,07/01/2020,13:45:00,1.25,1.2,60,1.3,60,40,12820
BANKNIFTY09JAN2034000CE.NFO,07/01/2020,13:45:01,1.25,1.2,60,1.25,60,0,12820
BANKNIFTY09JAN2034000CE.NFO,07/01/2020,13:45:02,1.25,1.2,60,1.25,40,0,12820
BANKNIFTY09JAN2034000CE.NFO,07/01/2020,13:45:03,1.25,1.2,60,1.3,20,40,12820
BANKNIFTY09JAN2034000CE.NFO,07/01/2020,13:45:04,1.25,1.25,40,1.3,20,0,12820
BANKNIFTY09JAN2034000CE.NFO,07/01/2020,13:45:09,1.25,1.25,60,1.3,20,0,12820
BANKNIFTY09JAN2034000CE.NFO,07/01/2020,13:45:13,1.25,1.25,60,1.45,20,0,12820
BANKNIFTY09JAN2034000CE.NFO,07/01/2020,13:45:15,1.25,1.25,60,1.4,20,0,12820
BANKNIFTY09JAN2034000CE.NFO,07/01/2020,13:49:08,1.25,1.25,40,1.4,20,0,12820
BANKNIFTY09JAN2034000CE.NFO,07/01/2020,13:50:34,1.25,1.25,60,1.4,20,0,12820
BANKNIFTY09JAN2034000CE.NFO,07/01/2020,13:50:37,1.25,1.25,60,1.35,20,0,12820
BANKNIFTY09JAN2034000CE.NFO,07/01/2020,13:51:05,1.25,1.25,100,1.35,20,0,12820
BANKNIFTY09JAN2034000CE.NFO,07/01/2020,13:52:46,1.25,1.25,100,1.3,20,0,12820
BANKNIFTY09JAN2034000CE.NFO,07/01/2020,13:53:40,1.25,1.25,80,1.3,20,0,12820
BANKNIFTY09JAN2034000CE.NFO,07/01/2020,13:53:59,1.3,1.25,80,1.3,20,20,12820
BANKNIFTY09JAN2034000CE.NFO,07/01/2020,13:54:00,1.3,1.25,80,1.3,20,0,12820
BANKNIFTY09JAN2034000CE.NFO,07/01/2020,13:54:19,1.25,1.1,200,1.3,20,80,12840
BANKNIFTY09JAN2034000CE.NFO,07/01/2020,13:54:20,1.25,1.1,200,1.25,40,0,12840
BANKNIFTY09JAN2034000CE.NFO,07/01/2020,13:54:21,1.25,1.1,200,1.3,40,40,12840
BANKNIFTY09JAN2034000CE.NFO,07/01/2020,13:54:24,1.25,1.1,240,1.2,60,0,12840
BANKNIFTY09JAN2034000CE.NFO,07/01/2020,13:54:25,1.25,1.1,240,1.2,40,0,12840
BANKNIFTY09JAN2034000CE.NFO,07/01/2020,13:54:26,1.2,1.2,100,1.3,20,40,12840
BANKNIFTY09JAN2034000CE.NFO,07/01/2020,13:54:28,1.2,1.2,80,1.3,20,0,12840
BANKNIFTY09JAN2034000CE.NFO,07/01/2020,13:54:34,1.2,1.2,80,1.25,20,0,12840
BANKNIFTY09JAN2034000CE.NFO,07/01/2020,13:54:35,1.2,1.2,80,1.35,20,0,12840
BANKNIFTY09JAN2034000CE.NFO,07/01/2020,13:54:37,1.2,1.2,100,1.35,20,0,12840
BANKNIFTY09JAN2034000CE.NFO,07/01/2020,13:54:42,1.2,1.2,80,1.35,20,20,12840
BANKNIFTY09JAN2034000CE.NFO,07/01/2020,13:54:43,1.2,1.2,60,1.35,20,0,12840
BANKNIFTY09JAN2034000CE.NFO,07/01/2020,13:55:04,1.2,1.25,40,1.35,20,0,12840
BANKNIFTY09JAN2034000CE.NFO,07/01/2020,13:55:58,1.2,1.25,20,1.35,20,0,12840
BANKNIFTY09JAN2034000CE.NFO,07/01/2020,13:57:16,1.2,1.25,20,1.3,20,0,12840
BANKNIFTY09JAN2034000CE.NFO,07/01/2020,13:57:17,1.2,1.25,20,1.35,20,0,12840
BANKNIFTY09JAN2034000CE.NFO,07/01/2020,13:57:18,1.2,1.25,20,1.3,20,0,12840
BANKNIFTY09JAN2034000CE.NFO,07/01/2020,13:57:21,1.2,1.25,20,1.35,20,0,12840
BANKNIFTY09JAN2034000CE.NFO,07/01/2020,13:57:29,1.2,1.25,20,1.3,20,0,12840
BANKNIFTY09JAN2034000CE.NFO,07/01/2020,13:57:35,1.2,1.25,20,1.35,20,0,12840
BANKNIFTY09JAN2034000CE.NFO,07/01/2020,13:57:41,1.2,1.25,20,1.3,20,0,12840
BANKNIFTY09JAN2034000CE.NFO,07/01/2020,13:57:45,1.2,1.25,20,1.35,20,0,12840
BANKNIFTY09JAN2034000CE.NFO,07/01/2020,13:58:26,1.2,1.25,20,1.3,20,0,12840
BANKNIFTY09JAN2034000CE.NFO,07/01/2020,13:58:40,1.2,1.25,20,1.35,20,0,12840
BANKNIFTY09JAN2034000CE.NFO,07/01/2020,13:58:49,1.2,1.25,20,1.3,20,0,12840
BANKNIFTY09JAN2034000CE.NFO,07/01/2020,13:58:51,1.2,1.25,20,1.35,20,0,12840
BANKNIFTY09JAN2034000CE.NFO,07/01/2020,13:59:32,1.2,1.25,20,1.3,20,0,12840
BANKNIFTY09JAN2034000CE.NFO,07/01/2020,13:59:36,1.2,1.25,20,1.35,20,0,12840
BANKNIFTY09JAN2034000CE.NFO,07/01/2020,14:00:44,1.2,1.3,40,1.35,20,0,12840
BANKNIFTY09JAN2034000CE.NFO,07/01/2020,14:00:58,1.2,1.3,20,1.35,20,0,12840
BANKNIFTY09JAN2034000CE.NFO,07/01/2020,14:03:12,1.3,1.25,60,1.3,40,20,12820
BANKNIFTY09JAN2034000CE.NFO,07/01/2020,14:03:13,1.3,1.25,60,1.3,40,0,12820
BANKNIFTY09JAN2034000CE.NFO,07/01/2020,14:03:15,1.3,1.25,60,1.35,20,40,12820
BANKNIFTY09JAN2034000CE.NFO,07/01/2020,14:03:16,1.3,1.3,40,1.35,20,0,12820
BANKNIFTY09JAN2034000CE.NFO,07/01/2020,14:03:40,1.3,1.3,60,1.35,20,0,12820
BANKNIFTY09JAN2034000CE.NFO,07/01/2020,14:04:03,1.3,1.3,40,1.35,20,0,12820
BANKNIFTY09JAN2034000CE.NFO,07/01/2020,14:04:34,1.3,1.3,20,1.35,20,20,12820
BANKNIFTY09JAN2034000CE.NFO,07/01/2020,14:04:35,1.3,1.3,20,1.35,20,0,12820
BANKNIFTY09JAN2034000CE.NFO,07/01/2020,14:05:11,1.25,1.2,40,1.25,80,60,12820
BANKNIFTY09JAN2034000CE.NFO,07/01/2020,14:05:12,1.25,1.2,40,1.25,80,0,12820
BANKNIFTY09JAN2034000CE.NFO,07/01/2020,14:05:13,1.25,1.2,40,1.35,20,80,12820
BANKNIFTY09JAN2034000CE.NFO,07/01/2020,14:05:21,1.25,1.2,60,1.35,20,0,12820
BANKNIFTY09JAN2034000CE.NFO,07/01/2020,14:05:26,1.25,1.25,40,1.3,20,0,12820
BANKNIFTY09JAN2034000CE.NFO,07/01/2020,14:05:28,1.25,1.25,40,1.35,20,0,12820
BANKNIFTY09JAN2034000CE.NFO,07/01/2020,14:05:41,1.25,1.25,40,1.3,20,0,12820
BANKNIFTY09JAN2034000CE.NFO,07/01/2020,14:07:16,1.25,1.25,40,1.35,20,0,12820
BANKNIFTY09JAN2034000CE.NFO,07/01/2020,14:07:21,1.25,1.25,40,1.3,20,0,12820
BANKNIFTY09JAN2034000CE.NFO,07/01/2020,14:08:07,1.25,1.25,40,1.35,20,0,12820
BANKNIFTY09JAN2034000CE.NFO,07/01/2020,14:09:16,1.25,1.25,40,1.3,20,0,12820
BANKNIFTY09JAN2034000CE.NFO,07/01/2020,14:09:17,1.25,1.25,40,1.35,20,0,12820
BANKNIFTY09JAN2034000CE.NFO,07/01/2020,14:09:51,1.25,1.3,60,1.35,20,0,12820
BANKNIFTY09JAN2034000CE.NFO,07/01/2020,14:10:07,1.25,1.3,40,1.35,20,0,12820
BANKNIFTY09JAN2034000CE.NFO,07/01/2020,14:13:14,1.25,1.3,60,1.35,20,0,12820
BANKNIFTY09JAN2034000CE.NFO,07/01/2020,14:16:06,1.3,1.2,40,1.3,40,60,12800
BANKNIFTY09JAN2034000CE.NFO,07/01/2020,14:16:07,1.3,1.2,40,1.35,60,0,12800
BANKNIFTY09JAN2034000CE.NFO,07/01/2020,14:17:09,1.3,1.1,180,1.3,20,0,12800
BANKNIFTY09JAN2034000CE.NFO,07/01/2020,14:17:15,1.3,1.1,180,1.25,20,0,12800
BANKNIFTY09JAN2034000CE.NFO,07/01/2020,14:17:21,1.3,1.15,140,1.2,20,0,12800
BANKNIFTY09JAN2034000CE.NFO,07/01/2020,14:17:25,1.3,1.15,140,1.25,20,0,12800
BANKNIFTY09JAN2034000CE.NFO,07/01/2020,14:17:27,1.3,1.15,140,1.35,20,0,12800
BANKNIFTY09JAN2034000CE.NFO,07/01/2020,14:17:34,1.3,1.2,640,1.35,20,0,12800
BANKNIFTY09JAN2034000CE.NFO,07/01/2020,14:19:53,1.3,1.2,640,1.3,20,0,12800
BANKNIFTY09JAN2034000CE.NFO,07/01/2020,14:19:54,1.3,1.2,640,1.35,20,0,12800
BANKNIFTY09JAN2034000CE.NFO,07/01/2020,14:19:55,1.3,1.2,640,1.4,20,0,12800
BANKNIFTY09JAN2034000CE.NFO,07/01/2020,14:19:57,1.3,1.2,640,1.35,20,0,12800
BANKNIFTY09JAN2034000CE.NFO,07/01/2020,14:20:03,1.3,1.2,640,1.35,40,0,12800
BANKNIFTY09JAN2034000CE.NFO,07/01/2020,14:20:14,1.3,1.2,40,1.35,40,0,12800
BANKNIFTY09JAN2034000CE.NFO,07/01/2020,14:23:19,1.3,1.2,40,1.3,20,0,12800
BANKNIFTY09JAN2034000CE.NFO,07/01/2020,14:23:25,1.3,1.2,40,1.35,40,0,12800
BANKNIFTY09JAN2034000CE.NFO,07/01/2020,14:24:06,1.3,1.2,40,1.3,20,0,12800
BANKNIFTY09JAN2034000CE.NFO,07/01/2020,14:25:04,1.3,1.2,80,1.3,60,0,12800
BANKNIFTY09JAN2034000CE.NFO,07/01/2020,14:25:19,1.3,1.2,80,1.3,40,0,12800
BANKNIFTY09JAN2034000CE.NFO,07/01/2020,14:25:53,1.3,1.2,40,1.3,40,0,12800
BANKNIFTY09JAN2034000CE.NFO,07/01/2020,14:26:01,1.3,1.2,40,1.25,40,0,12800
BANKNIFTY09JAN2034000CE.NFO,07/01/2020,14:26:05,1.25,1.25,40,1.35,40,40,12820
BANKNIFTY09JAN2034000CE.NFO,07/01/2020,14:26:12,1.25,1.25,40,1.3,20,0,12820
BANKNIFTY09JAN2034000CE.NFO,07/01/2020,14:26:23,1.25,1.25,40,1.35,40,0,12820
BANKNIFTY09JAN2034000CE.NFO,07/01/2020,14:29:52,1.35,1.25,40,1.35,20,20,12820
BANKNIFTY09JAN2034000CE.NFO,07/01/2020,14:29:53,1.35,1.25,40,1.35,20,0,12820
BANKNIFTY09JAN2034000CE.NFO,07/01/2020,14:30:44,1.25,1.25,20,1.35,20,20,12820
BANKNIFTY09JAN2034000CE.NFO,07/01/2020,14:30:46,1.25,1.25,20,1.35,20,0,12820
BANKNIFTY09JAN2034000CE.NFO,07/01/2020,14:35:49,1.25,1.25,20,1.3,20,0,12820
BANKNIFTY09JAN2034000CE.NFO,07/01/2020,14:35:50,1.25,1.25,20,1.35,20,0,12820
BANKNIFTY09JAN2034000CE.NFO,07/01/2020,14:35:55,1.25,1.2,40,1.25,80,20,12800
BANKNIFTY09JAN2034000CE.NFO,07/01/2020,14:35:56,1.25,1.2,40,1.25,40,0,12800
BANKNIFTY09JAN2034000CE.NFO,07/01/2020,14:35:57,1.25,1.25,40,1.3,20,40,12800
BANKNIFTY09JAN2034000CE.NFO,07/01/2020,14:35:58,1.25,1.25,40,1.35,20,0,12800
BANKNIFTY09JAN2034000CE.NFO,07/01/2020,14:36:10,1.25,1.25,40,1.35,220,0,12800
BANKNIFTY09JAN2034000CE.NFO,07/01/2020,14:36:48,1.25,1.25,40,1.3,20,0,12800
BANKNIFTY09JAN2034000CE.NFO,07/01/2020,14:36:49,1.25,1.25,40,1.35,220,0,12800
BANKNIFTY09JAN2034000CE.NFO,07/01/2020,14:43:43,1.25,1.25,40,1.3,20,0,12800
BANKNIFTY09JAN2034000CE.NFO,07/01/2020,14:43:50,1.25,1.25,40,1.35,220,0,12800
BANKNIFTY09JAN2034000CE.NFO,07/01/2020,14:44:59,1.25,1.25,40,1.3,100,0,12800
BANKNIFTY09JAN2034000CE.NFO,07/01/2020,14:47:31,1.25,1.25,20,1.3,100,20,12800
BANKNIFTY09JAN2034000CE.NFO,07/01/2020,14:47:42,1.25,1.25,20,1.3,100,0,12800
BANKNIFTY09JAN2034000CE.NFO,07/01/2020,14:50:58,1.25,1.2,40,1.25,20,20,12780
BANKNIFTY09JAN2034000CE.NFO,07/01/2020,14:50:59,1.25,1.2,40,1.3,140,0,12780
BANKNIFTY09JAN2034000CE.NFO,07/01/2020,14:54:01,1.3,1.3,240,1.35,220,140,12780
BANKNIFTY09JAN2034000CE.NFO,07/01/2020,14:54:03,1.3,1.3,240,1.35,220,0,12780
BANKNIFTY09JAN2034000CE.NFO,07/01/2020,14:54:04,1.3,1.3,80,1.35,220,0,12780
BANKNIFTY09JAN2034000CE.NFO,07/01/2020,14:57:02,1.3,1.3,80,1.35,20,0,12780
BANKNIFTY09JAN2034000CE.NFO,07/01/2020,14:57:07,1.3,1.3,80,1.4,20,0,12780
BANKNIFTY09JAN2034000CE.NFO,07/01/2020,14:57:27,1.3,1.3,180,1.4,20,0,12780
BANKNIFTY09JAN2034000CE.NFO,07/01/2020,14:58:09,1.3,1.3,200,1.4,20,0,12780
BANKNIFTY09JAN2034000CE.NFO,07/01/2020,14:59:27,1.3,1.35,60,1.4,20,0,12780
BANKNIFTY09JAN2034000CE.NFO,07/01/2020,14:59:28,1.4,1.35,60,1.45,20,20,12780
BANKNIFTY09JAN2034000CE.NFO,07/01/2020,14:59:51,1.4,1.35,60,1.45,20,0,12880
BANKNIFTY09JAN2034000CE.NFO,07/01/2020,15:00:01,1.4,1.4,60,1.45,20,0,12880
BANKNIFTY09JAN2034000CE.NFO,07/01/2020,15:00:22,1.4,1.4,40,1.45,20,0,12880
BANKNIFTY09JAN2034000CE.NFO,07/01/2020,15:01:20,1.4,1.4,60,1.45,20,0,12880
BANKNIFTY09JAN2034000CE.NFO,07/01/2020,15:01:51,1.4,1.3,140,1.4,20,60,12860
BANKNIFTY09JAN2034000CE.NFO,07/01/2020,15:01:53,1.4,1.3,140,1.45,60,0,12860
BANKNIFTY09JAN2034000CE.NFO,07/01/2020,15:02:05,1.4,1.3,100,1.45,20,0,12860
BANKNIFTY09JAN2034000CE.NFO,07/01/2020,15:02:06,1.4,1.35,20,1.4,20,0,12860
BANKNIFTY09JAN2034000CE.NFO,07/01/2020,15:02:08,1.4,1.35,20,1.45,20,0,12860
BANKNIFTY09JAN2034000CE.NFO,07/01/2020,15:02:10,1.4,1.3,100,1.45,20,0,12860
BANKNIFTY09JAN2034000CE.NFO,07/01/2020,15:02:13,1.4,1.35,20,1.45,20,0,12860
BANKNIFTY09JAN2034000CE.NFO,07/01/2020,15:02:15,1.4,1.3,100,1.45,20,0,12860
BANKNIFTY09JAN2034000CE.NFO,07/01/2020,15:02:16,1.4,1.3,120,1.45,20,0,12860
BANKNIFTY09JAN2034000CE.NFO,07/01/2020,15:02:53,1.4,1.35,20,1.45,20,0,12860
BANKNIFTY09JAN2034000CE.NFO,07/01/2020,15:03:08,1.4,1.35,60,1.45,60,0,12860
BANKNIFTY09JAN2034000CE.NFO,07/01/2020,15:03:30,1.4,1.35,40,1.45,60,0,12860
BANKNIFTY09JAN2034000CE.NFO,07/01/2020,15:03:42,1.4,1.3,120,1.45,20,0,12860
BANKNIFTY09JAN2034000CE.NFO,07/01/2020,15:03:52,1.4,1.3,120,1.4,20,0,12860
BANKNIFTY09JAN2034000CE.NFO,07/01/2020,15:04:19,1.3,1.3,100,1.4,20,20,12880
BANKNIFTY09JAN2034000CE.NFO,07/01/2020,15:04:20,1.3,1.3,100,1.4,20,0,12880
BANKNIFTY09JAN2034000CE.NFO,07/01/2020,15:04:25,1.3,1.3,100,1.45,20,0,12880
BANKNIFTY09JAN2034000CE.NFO,07/01/2020,15:04:28,1.3,1.3,100,1.4,140,0,12880
BANKNIFTY09JAN2034000CE.NFO,07/01/2020,15:05:46,1.3,1.3,120,1.4,140,0,12880
BANKNIFTY09JAN2034000CE.NFO,07/01/2020,15:06:25,1.3,1.3,120,1.45,20,0,12880
BANKNIFTY09JAN2034000CE.NFO,07/01/2020,15:06:49,1.3,1.35,20,1.45,20,0,12880
BANKNIFTY09JAN2034000CE.NFO,07/01/2020,15:06:53,1.3,1.3,120,1.45,20,0,12880
BANKNIFTY09JAN2034000CE.NFO,07/01/2020,15:06:57,1.3,1.25,20,1.3,20,120,12880
BANKNIFTY09JAN2034000CE.NFO,07/01/2020,15:06:59,1.3,1.25,20,1.45,20,20,12880
BANKNIFTY09JAN2034000CE.NFO,07/01/2020,15:07:03,1.3,1.25,20,1.45,20,0,12880
BANKNIFTY09JAN2034000CE.NFO,07/01/2020,15:07:06,1.3,1.25,40,1.45,20,0,12880
BANKNIFTY09JAN2034000CE.NFO,07/01/2020,15:08:06,1.3,1.25,40,1.3,20,0,12880
BANKNIFTY09JAN2034000CE.NFO,07/01/2020,15:11:49,1.3,1.25,40,1.4,20,20,12880
BANKNIFTY09JAN2034000CE.NFO,07/01/2020,15:11:54,1.4,1.25,40,1.45,40,20,12880
BANKNIFTY09JAN2034000CE.NFO,07/01/2020,15:11:59,1.4,1.3,20,1.45,40,0,12880
BANKNIFTY09JAN2034000CE.NFO,07/01/2020,15:12:00,1.4,1.25,120,1.45,40,0,12880
BANKNIFTY09JAN2034000CE.NFO,07/01/2020,15:12:01,1.4,1.3,100,1.45,40,0,12880
BANKNIFTY09JAN2034000CE.NFO,07/01/2020,15:14:54,1.4,1.35,20,1.45,40,0,12880
BANKNIFTY09JAN2034000CE.NFO,07/01/2020,15:15:09,1.4,1.3,100,1.45,40,0,12880
BANKNIFTY09JAN2034000CE.NFO,07/01/2020,15:15:12,1.4,1.35,20,1.45,40,0,12880
BANKNIFTY09JAN2034000CE.NFO,07/01/2020,15:15:18,1.4,1.3,100,1.45,40,0,12880
BANKNIFTY09JAN2034000CE.NFO,07/01/2020,15:15:20,1.4,1.35,20,1.45,40,0,12880
BANKNIFTY09JAN2034000CE.NFO,07/01/2020,15:15:35,1.35,1.3,100,1.45,40,20,12840
BANKNIFTY09JAN2034000CE.NFO,07/01/2020,15:15:37,1.35,1.3,100,1.45,40,0,12840
BANKNIFTY09JAN2034000CE.NFO,07/01/2020,15:15:40,1.45,1.45,60,1.5,520,40,12840
BANKNIFTY09JAN2034000CE.NFO,07/01/2020,15:15:43,1.5,1.3,100,1.45,60,60,12840
BANKNIFTY09JAN2034000CE.NFO,07/01/2020,15:15:45,1.5,1.3,100,1.45,60,0,12840
BANKNIFTY09JAN2034000CE.NFO,07/01/2020,15:15:46,1.5,1.3,100,1.5,460,0,12840
BANKNIFTY09JAN2034000CE.NFO,07/01/2020,15:16:17,1.5,1.3,100,1.5,480,0,12840
BANKNIFTY09JAN2034000CE.NFO,07/01/2020,15:16:49,1.5,1.25,20,1.45,20,0,12840
BANKNIFTY09JAN2034000CE.NFO,07/01/2020,15:16:52,1.2,1.1,20,1.5,520,100,12840
BANKNIFTY09JAN2034000CE.NFO,07/01/2020,15:17:07,1.2,1.1,40,1.5,520,0,12840
BANKNIFTY09JAN2034000CE.NFO,07/01/2020,15:17:10,1.2,1.1,40,1.45,80,0,12840
BANKNIFTY09JAN2034000CE.NFO,07/01/2020,15:17:15,1.2,1.3,20,1.45,60,0,12840
BANKNIFTY09JAN2034000CE.NFO,07/01/2020,15:17:21,1.2,1.15,20,1.45,60,0,12840
BANKNIFTY09JAN2034000CE.NFO,07/01/2020,15:17:23,1.2,1.15,20,1.45,80,0,12840
BANKNIFTY09JAN2034000CE.NFO,07/01/2020,15:17:27,1.15,1.1,20,1.15,80,20,12840
BANKNIFTY09JAN2034000CE.NFO,07/01/2020,15:17:28,1.15,1.1,20,1.15,40,20,12840
BANKNIFTY09JAN2034000CE.NFO,07/01/2020,15:17:30,1.15,1.1,20,1.4,80,40,12840
BANKNIFTY09JAN2034000CE.NFO,07/01/2020,15:17:36,1.15,1.1,20,1.4,80,0,12840
BANKNIFTY09JAN2034000CE.NFO,07/01/2020,15:17:55,1.15,1.1,20,1.45,60,0,12840
BANKNIFTY09JAN2034000CE.NFO,07/01/2020,15:17:57,1.15,1.1,20,1.4,80,0,12840
BANKNIFTY09JAN2034000CE.NFO,07/01/2020,15:18:00,1.15,1.1,20,1.45,60,0,12840
BANKNIFTY09JAN2034000CE.NFO,07/01/2020,15:18:24,1.15,1.1,20,1.4,80,0,12840
BANKNIFTY09JAN2034000CE.NFO,07/01/2020,15:19:03,1.15,1.1,20,1.45,60,0,12840
BANKNIFTY09JAN2034000CE.NFO,07/01/2020,15:19:08,1.15,1.1,40,1.45,60,0,12840
BANKNIFTY09JAN2034000CE.NFO,07/01/2020,15:19:18,1.15,1.1,40,1.4,80,0,12840
BANKNIFTY09JAN2034000CE.NFO,07/01/2020,15:19:19,1.15,1.1,40,1.45,80,0,12840
BANKNIFTY09JAN2034000CE.NFO,07/01/2020,15:19:23,1.15,1.1,40,1.4,80,0,12840
BANKNIFTY09JAN2034000CE.NFO,07/01/2020,15:19:28,1.15,1.15,200,1.35,80,0,12840
BANKNIFTY09JAN2034000CE.NFO,07/01/2020,15:19:29,1.15,1.1,40,1.35,80,0,12840
BANKNIFTY09JAN2034000CE.NFO,07/01/2020,15:19:31,1.15,1.2,20,1.45,60,0,12840
BANKNIFTY09JAN2034000CE.NFO,07/01/2020,15:19:33,1.15,1.1,40,1.4,80,0,12840
BANKNIFTY09JAN2034000CE.NFO,07/01/2020,15:19:38,1.15,1.1,40,1.3,20,0,12840
BANKNIFTY09JAN2034000CE.NFO,07/01/2020,15:19:40,1.3,1.2,20,1.35,80,20,12760
BANKNIFTY09JAN2034000CE.NFO,07/01/2020,15:19:41,1.3,1.1,40,1.35,80,0,12760
BANKNIFTY09JAN2034000CE.NFO,07/01/2020,15:19:42,1.3,1.1,40,1.3,20,0,12760
BANKNIFTY09JAN2034000CE.NFO,07/01/2020,15:19:43,1.3,1.1,40,1.35,80,0,12760
BANKNIFTY09JAN2034000CE.NFO,07/01/2020,15:19:44,1.3,1.1,40,1.45,60,0,12760
BANKNIFTY09JAN2034000CE.NFO,07/01/2020,15:19:47,1.3,1.15,20,1.45,60,0,12760
BANKNIFTY09JAN2034000CE.NFO,07/01/2020,15:19:56,1.3,1.15,40,1.45,60,0,12760
BANKNIFTY09JAN2034000CE.NFO,07/01/2020,15:23:35,1.3,1.1,40,1.45,80,0,12760
BANKNIFTY09JAN2034000CE.NFO,07/01/2020,15:23:37,1.3,1.05,200,1.45,80,0,12760
BANKNIFTY09JAN2034000CE.NFO,07/01/2020,15:23:40,1.3,1.1,20,1.45,80,0,12760
BANKNIFTY09JAN2034000CE.NFO,07/01/2020,15:23:44,1.3,1.1,20,1.3,2560,0,12760
BANKNIFTY09JAN2034000CE.NFO,07/01/2020,15:23:52,1.3,1.1,40,1.3,2500,0,12760
BANKNIFTY09JAN2034000CE.NFO,07/01/2020,15:23:56,1.3,1.1,20,1.3,2900,0,12760
BANKNIFTY09JAN2034000CE.NFO,07/01/2020,15:24:01,1.3,1.1,20,1.3,2960,0,12760
BANKNIFTY09JAN2034000CE.NFO,07/01/2020,15:25:21,1.3,1.05,200,1.3,2960,0,12760
BANKNIFTY09JAN2034000CE.NFO,07/01/2020,15:25:33,1.3,1.05,200,1.25,560,0,12760
BANKNIFTY09JAN2034000CE.NFO,07/01/2020,15:25:34,1.3,1.05,560,1.25,560,0,12760
BANKNIFTY09JAN2034000CE.NFO,07/01/2020,15:25:44,1.3,1.05,560,1.2,900,0,12760
BANKNIFTY09JAN2034000CE.NFO,07/01/2020,15:25:53,1.2,1.05,20,1.2,340,560,12760
BANKNIFTY09JAN2034000CE.NFO,07/01/2020,15:25:56,1.2,1,100,1.15,80,0,12760
BANKNIFTY09JAN2034000CE.NFO,07/01/2020,15:26:34,1.2,1,100,1.1,2560,0,12760
BANKNIFTY09JAN2034000CE.NFO,07/01/2020,15:27:00,1.2,1.05,20,1.1,2560,0,12760
BANKNIFTY09JAN2034000CE.NFO,07/01/2020,15:27:04,1.2,1.05,20,1.1,2680,0,12760
BANKNIFTY09JAN2034000CE.NFO,07/01/2020,15:27:25,1.05,1,100,1.05,140,20,12760
BANKNIFTY09JAN2034000CE.NFO,07/01/2020,15:27:26,1.05,1,100,1.05,140,0,12760
BANKNIFTY09JAN2034000CE.NFO,07/01/2020,15:27:27,1.05,1,100,1.05,200,0,12760
BANKNIFTY09JAN2034000CE.NFO,07/01/2020,15:27:32,1.1,1,100,1.1,1700,1000,12200
BANKNIFTY09JAN2034000CE.NFO,07/01/2020,15:27:48,1.1,1,100,1.1,1700,0,12200
BANKNIFTY09JAN2034000CE.NFO,07/01/2020,15:28:14,1,0.75,2780,1,240,100,12200
BANKNIFTY09JAN2034000CE.NFO,07/01/2020,15:28:53,0.75,0.75,2660,1,240,120,12200
BANKNIFTY09JAN2034000CE.NFO,07/01/2020,15:28:53,0.75,0.75,2660,1,240,0,12200
BANKNIFTY09JAN2034000CE.NFO,07/01/2020,15:28:56,0.75,0.75,2660,1,240,0,12200
BANKNIFTY09JAN2034000CE.NFO,07/01/2020,15:29:33,0.75,0.75,3160,1,240,0,12200
