Ticker,Date,Time,LTP,BuyPrice,BuyQty,SellPrice,SellQty,LTQ,OpenInterest
BANKNIFTY16JAN2031700PE.NFO,07/01/2020,09:15:04,509.05,509.05,20,560.65,160,120,2900
BANKNIFTY16JAN2031700PE.NFO,07/01/2020,09:15:04,509.05,509.05,20,560.65,160,0,2900
BANKNIFTY16JAN2031700PE.NFO,07/01/2020,09:15:04,509.05,509.05,20,560.65,160,0,2900
BANKNIFTY16JAN2031700PE.NFO,07/01/2020,09:15:04,509.05,509.05,20,560.65,160,0,2900
BANKNIFTY16JAN2031700PE.NFO,07/01/2020,09:15:05,509.05,510,20,560.05,280,0,2900
BANKNIFTY16JAN2031700PE.NFO,07/01/2020,09:15:06,509.05,510,20,559.1,200,0,2900
BANKNIFTY16JAN2031700PE.NFO,07/01/2020,09:15:07,431.85,312.35,120,517.55,40,140,2900
BANKNIFTY16JAN2031700PE.NFO,07/01/2020,09:15:07,510.05,312.35,120,517.55,40,0,2900
BANKNIFTY16JAN2031700PE.NFO,07/01/2020,09:15:07,431.85,312.35,120,517.55,40,0,2900
BANKNIFTY16JAN2031700PE.NFO,07/01/2020,09:15:07,431.85,312.35,120,517.55,40,0,2900
BANKNIFTY16JAN2031700PE.NFO,07/01/2020,09:15:08,431.85,312.65,20,516.2,40,0,2900
BANKNIFTY16JAN2031700PE.NFO,07/01/2020,09:15:09,431.85,312.9,20,502.4,60,0,2900
BANKNIFTY16JAN2031700PE.NFO,07/01/2020,09:15:10,431.85,313.8,20,496,60,0,2900
BANKNIFTY16JAN2031700PE.NFO,07/01/2020,09:15:11,431.85,314.6,20,490.2,60,0,2900
BANKNIFTY16JAN2031700PE.NFO,07/01/2020,09:15:12,431.85,315.7,20,481.45,20,0,2900
BANKNIFTY16JAN2031700PE.NFO,07/01/2020,09:15:13,431.85,316.5,20,474.45,20,0,2900
BANKNIFTY16JAN2031700PE.NFO,07/01/2020,09:15:14,408.7,317.6,20,467.75,20,40,2900
BANKNIFTY16JAN2031700PE.NFO,07/01/2020,09:15:14,408.7,317.6,20,467.75,20,0,2900
BANKNIFTY16JAN2031700PE.NFO,07/01/2020,09:15:15,408.7,322.8,20,456.5,20,0,2900
BANKNIFTY16JAN2031700PE.NFO,07/01/2020,09:15:16,408.7,328.2,20,444.75,20,0,2900
BANKNIFTY16JAN2031700PE.NFO,07/01/2020,09:15:17,408.7,333.2,20,437.3,120,0,2900
BANKNIFTY16JAN2031700PE.NFO,07/01/2020,09:15:18,408.7,340.5,20,425.75,20,0,2900
BANKNIFTY16JAN2031700PE.NFO,07/01/2020,09:15:19,408.7,341.9,20,414.8,20,0,2900
BANKNIFTY16JAN2031700PE.NFO,07/01/2020,09:15:20,408.7,343.4,20,404.9,20,0,2900
BANKNIFTY16JAN2031700PE.NFO,07/01/2020,09:15:21,408.7,343.45,20,394.8,20,0,2900
BANKNIFTY16JAN2031700PE.NFO,07/01/2020,09:15:23,408.7,343.6,20,384.75,20,0,2900
BANKNIFTY16JAN2031700PE.NFO,07/01/2020,09:15:24,408.7,343.65,20,372.95,20,0,2900
BANKNIFTY16JAN2031700PE.NFO,07/01/2020,09:15:25,408.7,343.65,20,364.3,20,0,2900
BANKNIFTY16JAN2031700PE.NFO,07/01/2020,09:15:26,408.7,343.65,20,353.7,80,0,2900
BANKNIFTY16JAN2031700PE.NFO,07/01/2020,09:15:27,408.7,343.65,20,350.4,20,0,2900
BANKNIFTY16JAN2031700PE.NFO,07/01/2020,09:15:28,343.2,319.4,80,384.9,20,60,2900
BANKNIFTY16JAN2031700PE.NFO,07/01/2020,09:15:28,343.2,319.4,80,384.9,20,0,2900
BANKNIFTY16JAN2031700PE.NFO,07/01/2020,09:15:29,320.4,320.55,80,387.55,20,20,2900
BANKNIFTY16JAN2031700PE.NFO,07/01/2020,09:15:29,320.4,320.55,80,387.55,20,0,2900
BANKNIFTY16JAN2031700PE.NFO,07/01/2020,09:15:29,320.4,320.55,80,387.5,20,0,2900
BANKNIFTY16JAN2031700PE.NFO,07/01/2020,09:15:30,320.4,323.1,20,386.75,20,0,2900
BANKNIFTY16JAN2031700PE.NFO,07/01/2020,09:15:31,320.4,323.85,20,386.15,80,0,2900
BANKNIFTY16JAN2031700PE.NFO,07/01/2020,09:15:32,320.4,324.2,20,385.85,80,0,2900
BANKNIFTY16JAN2031700PE.NFO,07/01/2020,09:15:33,320.4,324.55,20,385.25,80,0,2900
BANKNIFTY16JAN2031700PE.NFO,07/01/2020,09:15:34,320.4,301.7,20,384.95,20,0,2900
BANKNIFTY16JAN2031700PE.NFO,07/01/2020,09:15:35,320.4,308.15,20,384.45,80,0,2900
BANKNIFTY16JAN2031700PE.NFO,07/01/2020,09:15:36,320.4,308.75,20,384.05,80,0,2900
BANKNIFTY16JAN2031700PE.NFO,07/01/2020,09:15:37,309.3,309.2,40,317.3,20,20,2900
BANKNIFTY16JAN2031700PE.NFO,07/01/2020,09:15:37,309.3,309.2,40,317.3,20,0,2900
BANKNIFTY16JAN2031700PE.NFO,07/01/2020,09:15:38,317.3,309.5,20,374.75,80,20,2900
BANKNIFTY16JAN2031700PE.NFO,07/01/2020,09:15:39,317.3,310,20,374.45,20,0,2900
BANKNIFTY16JAN2031700PE.NFO,07/01/2020,09:15:40,317.3,310.45,80,374.05,80,0,2900
BANKNIFTY16JAN2031700PE.NFO,07/01/2020,09:15:41,373.95,310.7,20,373.55,80,20,2900
BANKNIFTY16JAN2031700PE.NFO,07/01/2020,09:15:42,373.95,311,20,373.15,80,0,2900
BANKNIFTY16JAN2031700PE.NFO,07/01/2020,09:15:43,373.95,311.25,20,372.75,80,0,2900
BANKNIFTY16JAN2031700PE.NFO,07/01/2020,09:15:45,373.95,311.45,20,371.85,20,0,2900
BANKNIFTY16JAN2031700PE.NFO,07/01/2020,09:15:46,373.95,315.05,20,371.35,80,0,2900
BANKNIFTY16JAN2031700PE.NFO,07/01/2020,09:15:48,373.95,315.05,20,370.15,20,0,2900
BANKNIFTY16JAN2031700PE.NFO,07/01/2020,09:15:49,373.95,315.05,20,368.5,120,0,2900
BANKNIFTY16JAN2031700PE.NFO,07/01/2020,09:15:49,373.95,315.05,20,366.35,20,0,2900
BANKNIFTY16JAN2031700PE.NFO,07/01/2020,09:15:51,373.95,315.05,20,365.55,20,0,2900
BANKNIFTY16JAN2031700PE.NFO,07/01/2020,09:15:52,325,315.05,20,364.95,20,20,2900
BANKNIFTY16JAN2031700PE.NFO,07/01/2020,09:15:53,315.05,315,20,315.4,20,20,2900
BANKNIFTY16JAN2031700PE.NFO,07/01/2020,09:15:53,315.05,315.15,20,364.8,80,40,2900
BANKNIFTY16JAN2031700PE.NFO,07/01/2020,09:15:54,315.05,290.7,20,364.4,80,0,2900
BANKNIFTY16JAN2031700PE.NFO,07/01/2020,09:15:56,315.05,291.75,20,362.2,20,0,2900
BANKNIFTY16JAN2031700PE.NFO,07/01/2020,09:15:56,315.05,271.2,20,362,220,0,2900
BANKNIFTY16JAN2031700PE.NFO,07/01/2020,09:15:57,315.05,272.4,20,361.1,80,0,2900
BANKNIFTY16JAN2031700PE.NFO,07/01/2020,09:15:58,315.05,273.5,20,360.6,80,0,2900
BANKNIFTY16JAN2031700PE.NFO,07/01/2020,09:16:00,315.05,282.75,20,359.8,20,0,2900
BANKNIFTY16JAN2031700PE.NFO,07/01/2020,09:16:01,315.05,289.15,20,359.55,40,0,2900
BANKNIFTY16JAN2031700PE.NFO,07/01/2020,09:16:02,315.05,292.3,20,358.9,80,0,2900
BANKNIFTY16JAN2031700PE.NFO,07/01/2020,09:16:02,315.05,292.45,20,358.9,80,0,2900
BANKNIFTY16JAN2031700PE.NFO,07/01/2020,09:16:04,315.05,293.1,20,358.4,20,0,2900
BANKNIFTY16JAN2031700PE.NFO,07/01/2020,09:16:05,381.75,294.05,120,380.85,80,400,2900
BANKNIFTY16JAN2031700PE.NFO,07/01/2020,09:16:05,381.75,294.05,120,380.3,120,0,2900
BANKNIFTY16JAN2031700PE.NFO,07/01/2020,09:16:07,381.75,291.5,180,378.35,60,0,2900
BANKNIFTY16JAN2031700PE.NFO,07/01/2020,09:16:08,381.75,293.8,120,377.85,120,0,2900
BANKNIFTY16JAN2031700PE.NFO,07/01/2020,09:16:10,381.75,295.35,20,372.35,60,0,2900
BANKNIFTY16JAN2031700PE.NFO,07/01/2020,09:16:11,381.75,297.75,120,370.6,60,0,2900
BANKNIFTY16JAN2031700PE.NFO,07/01/2020,09:16:11,381.75,297.05,120,370.2,120,0,2900
BANKNIFTY16JAN2031700PE.NFO,07/01/2020,09:16:13,381.75,300,120,369.5,60,0,2900
BANKNIFTY16JAN2031700PE.NFO,07/01/2020,09:16:14,381.75,301.25,20,367.8,60,0,2900
BANKNIFTY16JAN2031700PE.NFO,07/01/2020,09:16:14,381.75,302.5,120,367.8,120,0,2900
BANKNIFTY16JAN2031700PE.NFO,07/01/2020,09:16:15,381.75,303.75,120,366.85,80,0,2900
BANKNIFTY16JAN2031700PE.NFO,07/01/2020,09:16:17,381.75,303.75,140,364.6,60,0,2900
BANKNIFTY16JAN2031700PE.NFO,07/01/2020,09:16:18,381.75,307.85,20,363.65,60,0,2900
BANKNIFTY16JAN2031700PE.NFO,07/01/2020,09:16:18,381.75,308.95,120,363.55,20,0,2900
BANKNIFTY16JAN2031700PE.NFO,07/01/2020,09:16:20,381.75,307.8,20,361.7,100,0,2900
BANKNIFTY16JAN2031700PE.NFO,07/01/2020,09:16:21,381.75,310.35,20,360.4,20,0,2900
BANKNIFTY16JAN2031700PE.NFO,07/01/2020,09:16:22,381.75,313.5,20,360.1,100,0,2900
BANKNIFTY16JAN2031700PE.NFO,07/01/2020,09:16:23,360.1,313.95,20,359.95,100,20,2900
BANKNIFTY16JAN2031700PE.NFO,07/01/2020,09:16:24,360.1,314.85,120,359.95,100,0,2900
BANKNIFTY16JAN2031700PE.NFO,07/01/2020,09:16:25,360.1,315.55,120,359.75,40,0,2900
BANKNIFTY16JAN2031700PE.NFO,07/01/2020,09:16:26,360.1,316.5,120,359.75,60,0,2900
BANKNIFTY16JAN2031700PE.NFO,07/01/2020,09:16:27,360.1,316.5,120,359.5,20,0,2900
BANKNIFTY16JAN2031700PE.NFO,07/01/2020,09:16:29,360.1,315.75,120,359.2,20,0,2900
BANKNIFTY16JAN2031700PE.NFO,07/01/2020,09:16:30,360.1,317.65,140,358.65,20,0,2900
BANKNIFTY16JAN2031700PE.NFO,07/01/2020,09:16:31,360.1,319.65,20,358.4,80,0,2900
BANKNIFTY16JAN2031700PE.NFO,07/01/2020,09:16:31,360.1,319,20,358.25,20,0,2900
BANKNIFTY16JAN2031700PE.NFO,07/01/2020,09:16:33,360.1,322.8,120,358.15,360,0,2900
BANKNIFTY16JAN2031700PE.NFO,07/01/2020,09:16:34,360.1,324.6,20,357.7,20,0,2900
BANKNIFTY16JAN2031700PE.NFO,07/01/2020,09:16:35,360.1,328.25,120,357.5,20,0,2900
BANKNIFTY16JAN2031700PE.NFO,07/01/2020,09:16:36,360.1,329.3,20,357.35,360,0,2900
BANKNIFTY16JAN2031700PE.NFO,07/01/2020,09:16:37,360.1,331.4,140,357.15,200,0,2900
BANKNIFTY16JAN2031700PE.NFO,07/01/2020,09:16:38,360.1,335.45,120,356.8,40,0,2900
BANKNIFTY16JAN2031700PE.NFO,07/01/2020,09:16:39,360.1,335.35,20,356.55,100,0,2900
BANKNIFTY16JAN2031700PE.NFO,07/01/2020,09:16:39,360.1,337.4,140,356.3,40,0,2900
BANKNIFTY16JAN2031700PE.NFO,07/01/2020,09:16:41,360.1,338.05,140,356.1,360,0,2900
BANKNIFTY16JAN2031700PE.NFO,07/01/2020,09:16:42,360.1,339.5,140,355.9,360,0,2900
BANKNIFTY16JAN2031700PE.NFO,07/01/2020,09:16:43,341.25,315.5,20,355.4,20,120,2900
BANKNIFTY16JAN2031700PE.NFO,07/01/2020,09:16:43,341.25,315.5,20,355.3,360,0,2900
BANKNIFTY16JAN2031700PE.NFO,07/01/2020,09:16:45,341.25,315.65,80,355.1,300,0,2900
BANKNIFTY16JAN2031700PE.NFO,07/01/2020,09:16:46,355,315.65,80,364.7,60,40,2900
BANKNIFTY16JAN2031700PE.NFO,07/01/2020,09:16:47,355,316.75,20,363.05,60,0,2900
BANKNIFTY16JAN2031700PE.NFO,07/01/2020,09:16:47,355,316.95,20,360.95,360,0,2900
BANKNIFTY16JAN2031700PE.NFO,07/01/2020,09:16:49,355,317.85,20,359.4,60,0,2900
BANKNIFTY16JAN2031700PE.NFO,07/01/2020,09:16:50,355,318.35,20,358.85,20,0,2900
BANKNIFTY16JAN2031700PE.NFO,07/01/2020,09:16:50,355,318.35,20,358.6,20,0,2900
BANKNIFTY16JAN2031700PE.NFO,07/01/2020,09:16:52,355,318.75,20,358.35,360,0,2900
BANKNIFTY16JAN2031700PE.NFO,07/01/2020,09:16:53,358.2,319,20,358.1,40,40,2900
BANKNIFTY16JAN2031700PE.NFO,07/01/2020,09:16:54,358.2,319.6,20,357.9,100,0,2900
BANKNIFTY16JAN2031700PE.NFO,07/01/2020,09:16:55,358.2,320.1,20,357.8,360,0,2900
BANKNIFTY16JAN2031700PE.NFO,07/01/2020,09:16:56,358.2,321.3,20,357.55,40,0,2900
BANKNIFTY16JAN2031700PE.NFO,07/01/2020,09:16:57,358.2,322.35,20,357.35,100,0,2900
BANKNIFTY16JAN2031700PE.NFO,07/01/2020,09:16:58,358.2,323.45,20,357.1,80,0,2900
BANKNIFTY16JAN2031700PE.NFO,07/01/2020,09:16:58,358.2,323.55,20,357.05,180,0,2900
BANKNIFTY16JAN2031700PE.NFO,07/01/2020,09:17:00,323.85,312,140,356,20,40,2900
BANKNIFTY16JAN2031700PE.NFO,07/01/2020,09:17:01,323.85,312.05,80,320.55,20,0,2900
BANKNIFTY16JAN2031700PE.NFO,07/01/2020,09:17:02,320.55,312.35,120,355.75,100,60,2900
BANKNIFTY16JAN2031700PE.NFO,07/01/2020,09:17:03,320.55,312.55,40,353,40,0,2900
BANKNIFTY16JAN2031700PE.NFO,07/01/2020,09:17:04,320.55,312.75,60,323.4,40,0,2900
BANKNIFTY16JAN2031700PE.NFO,07/01/2020,09:17:05,320.55,312.85,60,322.9,40,0,2900
BANKNIFTY16JAN2031700PE.NFO,07/01/2020,09:17:06,320.55,312.05,40,352.15,80,0,2900
BANKNIFTY16JAN2031700PE.NFO,07/01/2020,09:17:07,320.55,312.1,60,350.65,80,0,2900
BANKNIFTY16JAN2031700PE.NFO,07/01/2020,09:17:08,320.55,312.7,60,349.45,60,0,2900
BANKNIFTY16JAN2031700PE.NFO,07/01/2020,09:17:09,320.55,312.7,120,348.55,20,0,2900
BANKNIFTY16JAN2031700PE.NFO,07/01/2020,09:17:09,320.55,312.7,120,347.35,20,0,2900
BANKNIFTY16JAN2031700PE.NFO,07/01/2020,09:17:10,320.55,313.55,20,345.5,20,0,2900
BANKNIFTY16JAN2031700PE.NFO,07/01/2020,09:17:12,320.55,314.55,20,344.3,40,0,2900
BANKNIFTY16JAN2031700PE.NFO,07/01/2020,09:17:12,320.55,315,20,343.85,20,0,2900
BANKNIFTY16JAN2031700PE.NFO,07/01/2020,09:17:13,320.55,315.35,20,342.9,20,0,2900
BANKNIFTY16JAN2031700PE.NFO,07/01/2020,09:17:15,320.55,315.75,20,342.6,40,0,2900
BANKNIFTY16JAN2031700PE.NFO,07/01/2020,09:17:16,320.55,315.85,20,342.6,40,0,2900
BANKNIFTY16JAN2031700PE.NFO,07/01/2020,09:17:17,342.6,316.1,20,342.45,40,60,3520
BANKNIFTY16JAN2031700PE.NFO,07/01/2020,09:17:18,342.6,316.25,20,342.4,40,0,3520
BANKNIFTY16JAN2031700PE.NFO,07/01/2020,09:17:18,342.6,316.3,20,342.4,40,0,3520
BANKNIFTY16JAN2031700PE.NFO,07/01/2020,09:17:20,342.6,316.6,20,341.85,40,0,3520
BANKNIFTY16JAN2031700PE.NFO,07/01/2020,09:17:21,342.6,317.15,20,341.45,40,0,3520
BANKNIFTY16JAN2031700PE.NFO,07/01/2020,09:17:22,342.6,312.35,20,340.2,40,0,3520
BANKNIFTY16JAN2031700PE.NFO,07/01/2020,09:17:23,342.6,314.25,20,339.4,80,0,3520
BANKNIFTY16JAN2031700PE.NFO,07/01/2020,09:17:23,342.6,315.5,20,339.05,40,0,3520
BANKNIFTY16JAN2031700PE.NFO,07/01/2020,09:17:25,342.6,316.1,20,352.95,40,0,3520
BANKNIFTY16JAN2031700PE.NFO,07/01/2020,09:17:25,342.6,317.3,20,338.8,80,0,3520
BANKNIFTY16JAN2031700PE.NFO,07/01/2020,09:17:27,342.6,318.3,20,350.65,40,0,3520
BANKNIFTY16JAN2031700PE.NFO,07/01/2020,09:17:28,318.35,319.05,20,350.2,120,20,3520
BANKNIFTY16JAN2031700PE.NFO,07/01/2020,09:17:29,318.35,320.25,20,349.3,40,0,3520
BANKNIFTY16JAN2031700PE.NFO,07/01/2020,09:17:30,318.35,321.15,20,349.15,40,0,3520
BANKNIFTY16JAN2031700PE.NFO,07/01/2020,09:17:31,318.35,322.35,20,348.3,80,0,3520
BANKNIFTY16JAN2031700PE.NFO,07/01/2020,09:17:32,318.35,322.6,20,347.85,80,0,3520
BANKNIFTY16JAN2031700PE.NFO,07/01/2020,09:17:32,318.35,322.75,20,347.6,80,0,3520
BANKNIFTY16JAN2031700PE.NFO,07/01/2020,09:17:34,347.1,327.1,80,347.05,40,20,3520
BANKNIFTY16JAN2031700PE.NFO,07/01/2020,09:17:35,347.1,327.1,100,346.9,40,0,3520
BANKNIFTY16JAN2031700PE.NFO,07/01/2020,09:17:36,347.1,327.1,100,346.4,40,0,3520
BANKNIFTY16JAN2031700PE.NFO,07/01/2020,09:17:37,347.1,327.1,100,346.2,80,0,3520
BANKNIFTY16JAN2031700PE.NFO,07/01/2020,09:17:37,347.1,327.1,100,346,40,0,3520
BANKNIFTY16JAN2031700PE.NFO,07/01/2020,09:17:39,347.1,327.2,20,345.3,40,0,3520
BANKNIFTY16JAN2031700PE.NFO,07/01/2020,09:17:39,347.1,327.35,40,344.95,40,0,3520
BANKNIFTY16JAN2031700PE.NFO,07/01/2020,09:17:41,347.1,328.35,20,344.45,80,0,3520
BANKNIFTY16JAN2031700PE.NFO,07/01/2020,09:17:42,347.1,312.15,20,344.1,40,0,3520
BANKNIFTY16JAN2031700PE.NFO,07/01/2020,09:17:43,347.1,313.45,20,343.7,40,0,3520
BANKNIFTY16JAN2031700PE.NFO,07/01/2020,09:17:44,347.1,314.2,40,343.35,40,0,3520
BANKNIFTY16JAN2031700PE.NFO,07/01/2020,09:17:44,347.1,315.15,80,343,40,0,3520
BANKNIFTY16JAN2031700PE.NFO,07/01/2020,09:17:46,347.1,317.15,20,342.4,40,0,3520
BANKNIFTY16JAN2031700PE.NFO,07/01/2020,09:17:47,347.1,318.2,20,342.3,80,0,3520
BANKNIFTY16JAN2031700PE.NFO,07/01/2020,09:17:48,347.1,320,40,341.45,40,0,3520
BANKNIFTY16JAN2031700PE.NFO,07/01/2020,09:17:49,347.1,320.65,40,341.15,40,0,3520
BANKNIFTY16JAN2031700PE.NFO,07/01/2020,09:17:50,347.1,321.95,40,340.75,40,0,3520
BANKNIFTY16JAN2031700PE.NFO,07/01/2020,09:17:51,347.1,322.95,40,340.3,80,0,3520
BANKNIFTY16JAN2031700PE.NFO,07/01/2020,09:17:51,340.05,323.55,20,340.05,40,20,3520
BANKNIFTY16JAN2031700PE.NFO,07/01/2020,09:17:53,339.8,326.25,20,339.8,60,20,3520
BANKNIFTY16JAN2031700PE.NFO,07/01/2020,09:17:54,339.8,327.2,40,339.45,40,0,3520
BANKNIFTY16JAN2031700PE.NFO,07/01/2020,09:17:55,339.8,328.2,40,339.05,40,0,3520
BANKNIFTY16JAN2031700PE.NFO,07/01/2020,09:17:56,339.8,313.55,20,338.65,40,0,3520
BANKNIFTY16JAN2031700PE.NFO,07/01/2020,09:17:56,339.8,314.05,40,338.55,40,0,3520
BANKNIFTY16JAN2031700PE.NFO,07/01/2020,09:17:58,337.95,317.45,40,337.45,20,20,3520
BANKNIFTY16JAN2031700PE.NFO,07/01/2020,09:17:59,337.95,318.3,60,337.15,60,0,3520
BANKNIFTY16JAN2031700PE.NFO,07/01/2020,09:18:00,337.95,320.3,20,336.8,40,0,3520
BANKNIFTY16JAN2031700PE.NFO,07/01/2020,09:18:01,337.95,321.8,100,336.65,40,0,3520
BANKNIFTY16JAN2031700PE.NFO,07/01/2020,09:18:01,337.95,322.9,40,336.6,80,0,3520
BANKNIFTY16JAN2031700PE.NFO,07/01/2020,09:18:03,337.95,325.45,60,338.95,20,0,3520
BANKNIFTY16JAN2031700PE.NFO,07/01/2020,09:18:04,337.95,326.35,20,337.85,20,0,3520
BANKNIFTY16JAN2031700PE.NFO,07/01/2020,09:18:05,337.95,327.25,40,336.9,80,0,3520
BANKNIFTY16JAN2031700PE.NFO,07/01/2020,09:18:06,337.95,313.7,20,336.55,20,0,3520
BANKNIFTY16JAN2031700PE.NFO,07/01/2020,09:18:06,337.95,325.35,20,337.2,20,0,3520
BANKNIFTY16JAN2031700PE.NFO,07/01/2020,09:18:08,337.95,326,20,335.55,80,0,3520
BANKNIFTY16JAN2031700PE.NFO,07/01/2020,09:18:08,337.95,326.25,80,335.4,40,0,3520
BANKNIFTY16JAN2031700PE.NFO,07/01/2020,09:18:10,337.95,326.8,20,340.9,20,0,3520
BANKNIFTY16JAN2031700PE.NFO,07/01/2020,09:18:11,337.95,327.2,20,338.45,20,0,3520
BANKNIFTY16JAN2031700PE.NFO,07/01/2020,09:18:12,327.65,325.05,80,335.8,40,40,3520
BANKNIFTY16JAN2031700PE.NFO,07/01/2020,09:18:13,327.65,325.05,80,334.55,40,0,3520
BANKNIFTY16JAN2031700PE.NFO,07/01/2020,09:18:14,327.65,325.5,20,333.95,20,0,3520
BANKNIFTY16JAN2031700PE.NFO,07/01/2020,09:18:15,327.65,325.55,80,332.9,20,0,3520
BANKNIFTY16JAN2031700PE.NFO,07/01/2020,09:18:16,327.65,325,100,345.55,40,0,3520
BANKNIFTY16JAN2031700PE.NFO,07/01/2020,09:18:16,327.65,325.05,80,335.65,40,0,3520
BANKNIFTY16JAN2031700PE.NFO,07/01/2020,09:18:18,327.65,325.05,20,333.25,20,0,3520
BANKNIFTY16JAN2031700PE.NFO,07/01/2020,09:18:19,327.65,325.05,80,333.25,40,0,3520
BANKNIFTY16JAN2031700PE.NFO,07/01/2020,09:18:20,327.65,325.15,20,333.05,40,0,3520
BANKNIFTY16JAN2031700PE.NFO,07/01/2020,09:18:20,325.15,325,40,333,60,20,3520
BANKNIFTY16JAN2031700PE.NFO,07/01/2020,09:18:22,325.15,325.05,80,333.05,20,0,3520
BANKNIFTY16JAN2031700PE.NFO,07/01/2020,09:18:23,325.15,325,40,332.5,20,0,3520
BANKNIFTY16JAN2031700PE.NFO,07/01/2020,09:18:24,331.8,325,100,339.65,80,20,3520
BANKNIFTY16JAN2031700PE.NFO,07/01/2020,09:18:25,333.85,325.05,20,333.45,40,100,3520
BANKNIFTY16JAN2031700PE.NFO,07/01/2020,09:18:26,333.85,325.05,80,332.25,40,0,3520
BANKNIFTY16JAN2031700PE.NFO,07/01/2020,09:18:27,325.05,325.05,80,334.05,40,20,3520
BANKNIFTY16JAN2031700PE.NFO,07/01/2020,09:18:27,325.05,325.05,80,332.8,40,0,3520
BANKNIFTY16JAN2031700PE.NFO,07/01/2020,09:18:29,325.05,325.15,20,333.2,40,0,3520
BANKNIFTY16JAN2031700PE.NFO,07/01/2020,09:18:30,325.05,325.15,80,332.65,20,0,3520
BANKNIFTY16JAN2031700PE.NFO,07/01/2020,09:18:31,325.05,325.05,80,334.85,20,0,3520
BANKNIFTY16JAN2031700PE.NFO,07/01/2020,09:18:32,325.05,325.05,80,333.4,20,0,3520
BANKNIFTY16JAN2031700PE.NFO,07/01/2020,09:18:33,325.05,325.05,80,332.6,20,0,3520
BANKNIFTY16JAN2031700PE.NFO,07/01/2020,09:18:33,325.05,325.05,80,333.15,40,0,3520
BANKNIFTY16JAN2031700PE.NFO,07/01/2020,09:18:35,325.05,315.25,40,331.75,20,0,3520
BANKNIFTY16JAN2031700PE.NFO,07/01/2020,09:18:36,325.05,315.9,80,331.05,40,0,3520
BANKNIFTY16JAN2031700PE.NFO,07/01/2020,09:18:37,325.05,316.1,80,330.95,40,0,3520
BANKNIFTY16JAN2031700PE.NFO,07/01/2020,09:18:38,325.05,316.1,80,330.85,20,0,3520
BANKNIFTY16JAN2031700PE.NFO,07/01/2020,09:18:39,325.05,316.7,80,332.05,20,0,3520
BANKNIFTY16JAN2031700PE.NFO,07/01/2020,09:18:39,325.05,316.7,80,331.6,40,0,3520
BANKNIFTY16JAN2031700PE.NFO,07/01/2020,09:18:41,325.05,317.1,80,331.05,40,0,3520
BANKNIFTY16JAN2031700PE.NFO,07/01/2020,09:18:42,325.05,318.05,80,333.8,40,0,3520
BANKNIFTY16JAN2031700PE.NFO,07/01/2020,09:18:42,325.05,318.05,80,332.95,40,0,3520
BANKNIFTY16JAN2031700PE.NFO,07/01/2020,09:18:44,325.05,319.75,20,332.1,60,0,3520
BANKNIFTY16JAN2031700PE.NFO,07/01/2020,09:18:45,325.05,319.95,80,334.25,20,0,3520
BANKNIFTY16JAN2031700PE.NFO,07/01/2020,09:18:46,319.9,319.95,80,332.55,20,40,3520
BANKNIFTY16JAN2031700PE.NFO,07/01/2020,09:18:47,319.9,320.55,80,331.85,20,0,3520
BANKNIFTY16JAN2031700PE.NFO,07/01/2020,09:18:49,319.9,320.95,80,333.05,20,0,3520
BANKNIFTY16JAN2031700PE.NFO,07/01/2020,09:18:50,319.9,321.85,80,338.1,20,0,3520
BANKNIFTY16JAN2031700PE.NFO,07/01/2020,09:18:51,319.9,322.35,80,334.8,20,0,3520
BANKNIFTY16JAN2031700PE.NFO,07/01/2020,09:18:53,319.9,323.35,80,333.05,40,0,3520
BANKNIFTY16JAN2031700PE.NFO,07/01/2020,09:18:55,319.9,323.95,20,333.2,40,0,3520
BANKNIFTY16JAN2031700PE.NFO,07/01/2020,09:18:56,319.9,324.05,20,332.3,40,0,3520
BANKNIFTY16JAN2031700PE.NFO,07/01/2020,09:18:57,319.9,324.05,80,332,40,0,3520
BANKNIFTY16JAN2031700PE.NFO,07/01/2020,09:18:58,319.9,324.95,80,335.4,40,0,3520
BANKNIFTY16JAN2031700PE.NFO,07/01/2020,09:18:58,319.9,324.95,80,335.25,20,0,3520
BANKNIFTY16JAN2031700PE.NFO,07/01/2020,09:19:00,324.9,322.2,20,334.55,40,80,3520
BANKNIFTY16JAN2031700PE.NFO,07/01/2020,09:19:01,322.35,322.35,80,333.95,40,40,3520
BANKNIFTY16JAN2031700PE.NFO,07/01/2020,09:19:01,322.35,322.35,80,333.9,40,0,3520
BANKNIFTY16JAN2031700PE.NFO,07/01/2020,09:19:03,322.35,322.55,20,333.4,20,0,3520
BANKNIFTY16JAN2031700PE.NFO,07/01/2020,09:19:04,322.55,320.8,740,331.5,20,80,3520
BANKNIFTY16JAN2031700PE.NFO,07/01/2020,09:19:05,322.55,322.4,740,342.65,20,0,3520
BANKNIFTY16JAN2031700PE.NFO,07/01/2020,09:19:06,322.55,322.4,740,337.35,20,0,3520
BANKNIFTY16JAN2031700PE.NFO,07/01/2020,09:19:07,322.55,323.2,740,335.5,20,0,3520
BANKNIFTY16JAN2031700PE.NFO,07/01/2020,09:19:07,322.55,322.4,740,333.65,20,0,3520
BANKNIFTY16JAN2031700PE.NFO,07/01/2020,09:19:09,322.55,324.8,740,334.2,80,0,3520
BANKNIFTY16JAN2031700PE.NFO,07/01/2020,09:19:10,322.55,324.8,740,333.05,40,0,3520
BANKNIFTY16JAN2031700PE.NFO,07/01/2020,09:19:11,332.85,324.8,740,332.85,20,20,3520
BANKNIFTY16JAN2031700PE.NFO,07/01/2020,09:19:12,332.85,324,740,332.4,40,0,3520
BANKNIFTY16JAN2031700PE.NFO,07/01/2020,09:19:13,332.85,324,740,333.9,20,0,3520
BANKNIFTY16JAN2031700PE.NFO,07/01/2020,09:19:14,332.85,324,740,333.15,80,0,3520
BANKNIFTY16JAN2031700PE.NFO,07/01/2020,09:19:14,332.85,323.2,680,333.15,20,0,3520
BANKNIFTY16JAN2031700PE.NFO,07/01/2020,09:19:16,332.85,322,80,340.35,20,0,3520
BANKNIFTY16JAN2031700PE.NFO,07/01/2020,09:19:17,332.85,322,80,335.15,20,0,3520
BANKNIFTY16JAN2031700PE.NFO,07/01/2020,09:19:18,322,320.1,40,334.05,20,20,3520
BANKNIFTY16JAN2031700PE.NFO,07/01/2020,09:19:19,332.85,320,80,332.9,80,40,3520
BANKNIFTY16JAN2031700PE.NFO,07/01/2020,09:19:19,319.9,319.9,80,332,80,40,3520
BANKNIFTY16JAN2031700PE.NFO,07/01/2020,09:19:21,319.9,319.9,80,331.05,100,0,3520
BANKNIFTY16JAN2031700PE.NFO,07/01/2020,09:19:22,319.9,319.9,80,330.55,80,0,3520
BANKNIFTY16JAN2031700PE.NFO,07/01/2020,09:19:22,319.9,316.8,740,330.55,80,0,3520
BANKNIFTY16JAN2031700PE.NFO,07/01/2020,09:19:23,319.9,316,740,330.55,80,0,3520
BANKNIFTY16JAN2031700PE.NFO,07/01/2020,09:19:25,319.9,316.15,140,329.75,20,0,3520
BANKNIFTY16JAN2031700PE.NFO,07/01/2020,09:19:26,329.35,313.95,20,332.65,40,80,3520
BANKNIFTY16JAN2031700PE.NFO,07/01/2020,09:19:27,332.5,314.65,20,331.8,20,20,3520
BANKNIFTY16JAN2031700PE.NFO,07/01/2020,09:19:28,332.5,315.05,80,330.6,20,0,3520
BANKNIFTY16JAN2031700PE.NFO,07/01/2020,09:19:28,330.6,315.05,80,330.6,20,40,3520
BANKNIFTY16JAN2031700PE.NFO,07/01/2020,09:19:30,330.5,315.05,80,333.55,40,40,3520
BANKNIFTY16JAN2031700PE.NFO,07/01/2020,09:19:31,330.5,315.05,80,331.3,20,0,3520
BANKNIFTY16JAN2031700PE.NFO,07/01/2020,09:19:32,330.5,315.55,20,332.85,80,0,3520
BANKNIFTY16JAN2031700PE.NFO,07/01/2020,09:19:33,330.5,316.25,20,330.75,20,0,3520
BANKNIFTY16JAN2031700PE.NFO,07/01/2020,09:19:34,330.5,316.35,80,335.7,40,0,3520
BANKNIFTY16JAN2031700PE.NFO,07/01/2020,09:19:36,330.5,316.55,80,330.9,40,0,3520
BANKNIFTY16JAN2031700PE.NFO,07/01/2020,09:19:37,330.5,317.05,80,335.3,40,0,3520
BANKNIFTY16JAN2031700PE.NFO,07/01/2020,09:19:38,331.75,317.65,20,331.65,40,20,3520
BANKNIFTY16JAN2031700PE.NFO,07/01/2020,09:19:39,331.75,318.55,20,336.5,40,0,3520
BANKNIFTY16JAN2031700PE.NFO,07/01/2020,09:19:40,331.75,319.45,120,335.25,40,0,3520
BANKNIFTY16JAN2031700PE.NFO,07/01/2020,09:19:40,331.75,319.45,120,334.5,40,0,3520
BANKNIFTY16JAN2031700PE.NFO,07/01/2020,09:19:42,331.75,319.45,80,332.6,40,0,3520
BANKNIFTY16JAN2031700PE.NFO,07/01/2020,09:19:43,331.75,319.45,20,336.45,40,0,3520
BANKNIFTY16JAN2031700PE.NFO,07/01/2020,09:19:44,331.75,319.45,80,334.05,40,0,3520
BANKNIFTY16JAN2031700PE.NFO,07/01/2020,09:19:45,331.75,319.45,80,332.2,40,0,3520
BANKNIFTY16JAN2031700PE.NFO,07/01/2020,09:19:46,331.75,319.45,80,332.35,40,0,3520
BANKNIFTY16JAN2031700PE.NFO,07/01/2020,09:19:46,331.75,319.45,80,332.25,40,0,3520
BANKNIFTY16JAN2031700PE.NFO,07/01/2020,09:19:48,319.45,314.05,20,331.65,40,20,3520
BANKNIFTY16JAN2031700PE.NFO,07/01/2020,09:19:49,319.45,314.05,80,330.55,20,0,3520
BANKNIFTY16JAN2031700PE.NFO,07/01/2020,09:19:50,319.45,314.15,20,333.55,40,0,3520
BANKNIFTY16JAN2031700PE.NFO,07/01/2020,09:19:51,314.25,314.25,80,329.05,20,20,3520
BANKNIFTY16JAN2031700PE.NFO,07/01/2020,09:19:51,314.25,314.25,80,329.3,20,0,3520
BANKNIFTY16JAN2031700PE.NFO,07/01/2020,09:19:53,314.25,314.25,80,328.3,20,0,3520
BANKNIFTY16JAN2031700PE.NFO,07/01/2020,09:19:54,314.25,314.25,20,327.9,20,0,3520
BANKNIFTY16JAN2031700PE.NFO,07/01/2020,09:19:55,314.25,314.25,80,329.85,40,0,3520
BANKNIFTY16JAN2031700PE.NFO,07/01/2020,09:19:56,314.25,314.25,80,327.2,40,0,3520
BANKNIFTY16JAN2031700PE.NFO,07/01/2020,09:19:56,314.25,314.25,80,326.8,20,0,3520
BANKNIFTY16JAN2031700PE.NFO,07/01/2020,09:19:58,314.25,314.25,80,325.6,60,0,3520
BANKNIFTY16JAN2031700PE.NFO,07/01/2020,09:19:59,314.25,312.05,80,322.7,40,0,3520
BANKNIFTY16JAN2031700PE.NFO,07/01/2020,09:20:00,314.25,312.05,80,322,40,0,3520
BANKNIFTY16JAN2031700PE.NFO,07/01/2020,09:20:01,312,312,60,320.2,20,20,3520
BANKNIFTY16JAN2031700PE.NFO,07/01/2020,09:20:02,312,312,40,319,40,20,3520
BANKNIFTY16JAN2031700PE.NFO,07/01/2020,09:20:03,312,304.3,20,316.7,40,40,3520
BANKNIFTY16JAN2031700PE.NFO,07/01/2020,09:20:04,304.3,300.85,20,315.3,40,20,3520
BANKNIFTY16JAN2031700PE.NFO,07/01/2020,09:20:04,304.3,300.85,20,315.3,40,0,3520
BANKNIFTY16JAN2031700PE.NFO,07/01/2020,09:20:05,314.25,314.25,280,315,20,720,3520
BANKNIFTY16JAN2031700PE.NFO,07/01/2020,09:20:06,314.25,300.85,20,313.9,20,280,3520
BANKNIFTY16JAN2031700PE.NFO,07/01/2020,09:20:06,314.25,300.85,20,313.9,20,0,3520
BANKNIFTY16JAN2031700PE.NFO,07/01/2020,09:20:08,314.25,301.65,20,313.9,20,0,3520
BANKNIFTY16JAN2031700PE.NFO,07/01/2020,09:20:09,314.25,301.85,20,313.85,20,0,3520
BANKNIFTY16JAN2031700PE.NFO,07/01/2020,09:20:10,320.1,303.25,20,318,20,60,4600
BANKNIFTY16JAN2031700PE.NFO,07/01/2020,09:20:11,320.1,303.35,20,316.35,20,0,4600
BANKNIFTY16JAN2031700PE.NFO,07/01/2020,09:20:12,320.1,303.4,40,321,40,0,4600
BANKNIFTY16JAN2031700PE.NFO,07/01/2020,09:20:13,320.1,303.45,20,316.95,20,0,4600
BANKNIFTY16JAN2031700PE.NFO,07/01/2020,09:20:14,320.1,303.45,20,316.35,20,0,4600
BANKNIFTY16JAN2031700PE.NFO,07/01/2020,09:20:15,320.1,303.55,80,319.65,40,0,4600
BANKNIFTY16JAN2031700PE.NFO,07/01/2020,09:20:16,320.1,303.55,80,316.7,40,0,4600
BANKNIFTY16JAN2031700PE.NFO,07/01/2020,09:20:17,314.25,314.25,320,321.3,20,80,4600
BANKNIFTY16JAN2031700PE.NFO,07/01/2020,09:20:18,314.25,314.25,200,318.7,40,120,4600
BANKNIFTY16JAN2031700PE.NFO,07/01/2020,09:20:19,314.25,314.25,120,316.2,40,80,4600
BANKNIFTY16JAN2031700PE.NFO,07/01/2020,09:20:20,314.25,303.55,20,315.2,40,120,4600
BANKNIFTY16JAN2031700PE.NFO,07/01/2020,09:20:21,314.25,303.55,20,314.3,40,0,4600
BANKNIFTY16JAN2031700PE.NFO,07/01/2020,09:20:22,313.55,303.55,20,315.35,20,20,4600
BANKNIFTY16JAN2031700PE.NFO,07/01/2020,09:20:23,313.55,303.55,80,315.1,20,0,4600
BANKNIFTY16JAN2031700PE.NFO,07/01/2020,09:20:24,313.55,303.55,20,314.65,40,0,4600
BANKNIFTY16JAN2031700PE.NFO,07/01/2020,09:20:25,314.05,303.55,20,314.1,40,40,4600
BANKNIFTY16JAN2031700PE.NFO,07/01/2020,09:20:26,313.8,303.55,20,317.35,60,40,4600
BANKNIFTY16JAN2031700PE.NFO,07/01/2020,09:20:27,313.8,303.55,20,316.95,60,0,4600
BANKNIFTY16JAN2031700PE.NFO,07/01/2020,09:20:28,316.6,303.55,20,316.55,80,40,4600
BANKNIFTY16JAN2031700PE.NFO,07/01/2020,09:20:29,316.6,303.55,80,316,40,0,4600
BANKNIFTY16JAN2031700PE.NFO,07/01/2020,09:20:30,316.6,303.55,80,315.2,80,0,4600
BANKNIFTY16JAN2031700PE.NFO,07/01/2020,09:20:31,316.6,303.55,80,314.7,80,0,4600
BANKNIFTY16JAN2031700PE.NFO,07/01/2020,09:20:32,316.6,303.55,80,313.85,80,0,4600
BANKNIFTY16JAN2031700PE.NFO,07/01/2020,09:20:33,316.6,301.75,20,313.1,40,0,4600
BANKNIFTY16JAN2031700PE.NFO,07/01/2020,09:20:34,316.6,301.75,20,312.55,20,0,4600
BANKNIFTY16JAN2031700PE.NFO,07/01/2020,09:20:35,316.6,301.75,20,311.85,20,0,4600
BANKNIFTY16JAN2031700PE.NFO,07/01/2020,09:20:36,316.6,301.75,20,311.3,20,0,4600
BANKNIFTY16JAN2031700PE.NFO,07/01/2020,09:20:37,316.6,301.75,20,310.75,40,0,4600
BANKNIFTY16JAN2031700PE.NFO,07/01/2020,09:20:38,316.6,300.05,20,310.2,20,0,4600
BANKNIFTY16JAN2031700PE.NFO,07/01/2020,09:20:39,316.6,300.05,20,309.5,20,0,4600
BANKNIFTY16JAN2031700PE.NFO,07/01/2020,09:20:40,316.6,300.05,20,308.65,20,0,4600
BANKNIFTY16JAN2031700PE.NFO,07/01/2020,09:20:41,316.6,300.05,20,307.95,20,0,4600
BANKNIFTY16JAN2031700PE.NFO,07/01/2020,09:20:43,316.6,300.05,20,307.4,20,0,4600
BANKNIFTY16JAN2031700PE.NFO,07/01/2020,09:20:44,316.6,300,20,306.5,100,0,4600
BANKNIFTY16JAN2031700PE.NFO,07/01/2020,09:20:45,316.6,300,20,305.65,20,0,4600
BANKNIFTY16JAN2031700PE.NFO,07/01/2020,09:20:46,316.6,300,20,305.55,80,0,4600
BANKNIFTY16JAN2031700PE.NFO,07/01/2020,09:20:49,316.6,300,20,305.15,80,0,4600
BANKNIFTY16JAN2031700PE.NFO,07/01/2020,09:20:50,300,295.55,20,304.75,100,20,4600
BANKNIFTY16JAN2031700PE.NFO,07/01/2020,09:20:50,300,295.55,20,304.75,100,0,4600
BANKNIFTY16JAN2031700PE.NFO,07/01/2020,09:20:51,300,295.75,20,304.45,40,0,4600
BANKNIFTY16JAN2031700PE.NFO,07/01/2020,09:20:52,300,292.2,20,303.75,80,0,4600
BANKNIFTY16JAN2031700PE.NFO,07/01/2020,09:20:53,300,292.6,40,302.65,60,0,4600
BANKNIFTY16JAN2031700PE.NFO,07/01/2020,09:20:54,300,292.6,40,302.05,80,0,4600
BANKNIFTY16JAN2031700PE.NFO,07/01/2020,09:20:55,300,292.7,120,301.35,120,0,4600
BANKNIFTY16JAN2031700PE.NFO,07/01/2020,09:20:56,300,292.7,180,300.85,80,0,4600
BANKNIFTY16JAN2031700PE.NFO,07/01/2020,09:20:57,300,292.7,180,300.45,80,0,4600
BANKNIFTY16JAN2031700PE.NFO,07/01/2020,09:20:58,300,292.9,80,300.45,80,0,4600
BANKNIFTY16JAN2031700PE.NFO,07/01/2020,09:20:59,300,294.6,20,300.45,80,0,4600
BANKNIFTY16JAN2031700PE.NFO,07/01/2020,09:21:00,300,294.9,20,300.45,80,0,4600
BANKNIFTY16JAN2031700PE.NFO,07/01/2020,09:21:01,300,295.3,20,299.65,80,0,4600
BANKNIFTY16JAN2031700PE.NFO,07/01/2020,09:21:02,300,297.7,20,299.65,80,0,4600
BANKNIFTY16JAN2031700PE.NFO,07/01/2020,09:21:03,300,299.3,20,299.65,80,0,4600
BANKNIFTY16JAN2031700PE.NFO,07/01/2020,09:21:04,299.65,294.8,40,300,60,100,4600
BANKNIFTY16JAN2031700PE.NFO,07/01/2020,09:21:04,299.65,294.8,40,300,60,0,4600
BANKNIFTY16JAN2031700PE.NFO,07/01/2020,09:21:05,299.65,295.75,40,299.95,140,0,4600
BANKNIFTY16JAN2031700PE.NFO,07/01/2020,09:21:06,299.65,296.05,40,299.95,140,0,4600
BANKNIFTY16JAN2031700PE.NFO,07/01/2020,09:21:09,299.65,292.2,40,299.9,100,0,4600
BANKNIFTY16JAN2031700PE.NFO,07/01/2020,09:21:10,299.65,292.55,200,299.8,120,0,4600
BANKNIFTY16JAN2031700PE.NFO,07/01/2020,09:21:11,299.65,292.55,140,299.5,100,0,4600
BANKNIFTY16JAN2031700PE.NFO,07/01/2020,09:21:12,299.65,292.6,60,299.1,100,0,4600
BANKNIFTY16JAN2031700PE.NFO,07/01/2020,09:21:13,299.65,291.7,40,297.8,100,0,4600
BANKNIFTY16JAN2031700PE.NFO,07/01/2020,09:21:14,299.65,291.1,20,296.9,60,0,4600
BANKNIFTY16JAN2031700PE.NFO,07/01/2020,09:21:15,299.65,290.6,60,296.4,40,0,4600
BANKNIFTY16JAN2031700PE.NFO,07/01/2020,09:21:16,299.65,290.6,60,295.95,120,0,4600
BANKNIFTY16JAN2031700PE.NFO,07/01/2020,09:21:17,290.05,290,20,295.1,20,20,4600
BANKNIFTY16JAN2031700PE.NFO,07/01/2020,09:21:17,290.05,290,20,295.1,20,0,4600
BANKNIFTY16JAN2031700PE.NFO,07/01/2020,09:21:18,290.05,290.05,20,294.45,40,0,4600
BANKNIFTY16JAN2031700PE.NFO,07/01/2020,09:21:19,290.05,290,20,293.95,120,0,4600
BANKNIFTY16JAN2031700PE.NFO,07/01/2020,09:21:20,290.05,290,20,293.45,60,0,4600
BANKNIFTY16JAN2031700PE.NFO,07/01/2020,09:21:21,290,286.9,40,292.75,40,20,4600
BANKNIFTY16JAN2031700PE.NFO,07/01/2020,09:21:21,290,286.9,40,292.75,40,0,4600
BANKNIFTY16JAN2031700PE.NFO,07/01/2020,09:21:22,290,286.9,40,292.15,40,0,4600
BANKNIFTY16JAN2031700PE.NFO,07/01/2020,09:21:23,290,286.9,60,292.2,100,0,4600
BANKNIFTY16JAN2031700PE.NFO,07/01/2020,09:21:28,292.2,286.9,60,292.2,80,20,4600
BANKNIFTY16JAN2031700PE.NFO,07/01/2020,09:21:29,292.2,286.9,60,292.2,80,0,4600
BANKNIFTY16JAN2031700PE.NFO,07/01/2020,09:21:31,292.2,287.1,140,292.2,80,0,4600
BANKNIFTY16JAN2031700PE.NFO,07/01/2020,09:21:32,292.2,288.95,120,296.6,140,0,4600
BANKNIFTY16JAN2031700PE.NFO,07/01/2020,09:21:33,292.2,288.95,60,295.9,100,0,4600
BANKNIFTY16JAN2031700PE.NFO,07/01/2020,09:21:34,292.2,288.95,60,294.55,40,0,4600
BANKNIFTY16JAN2031700PE.NFO,07/01/2020,09:21:35,292.2,288.95,60,294.1,40,0,4600
BANKNIFTY16JAN2031700PE.NFO,07/01/2020,09:21:37,292.2,291.6,60,293.95,100,0,4600
BANKNIFTY16JAN2031700PE.NFO,07/01/2020,09:21:38,292.2,292.2,20,293.95,100,0,4600
BANKNIFTY16JAN2031700PE.NFO,07/01/2020,09:21:39,292.2,291.95,20,293.05,80,20,4600
BANKNIFTY16JAN2031700PE.NFO,07/01/2020,09:21:40,292.2,292.25,40,293.05,80,0,4600
BANKNIFTY16JAN2031700PE.NFO,07/01/2020,09:21:42,292.2,292.2,60,293.05,80,100,4600
BANKNIFTY16JAN2031700PE.NFO,07/01/2020,09:21:43,292.2,290.1,20,292.9,140,40,4600
BANKNIFTY16JAN2031700PE.NFO,07/01/2020,09:21:44,290.05,290.05,140,291.9,120,60,4600
BANKNIFTY16JAN2031700PE.NFO,07/01/2020,09:21:45,290.05,290.05,140,291.8,120,0,4600
BANKNIFTY16JAN2031700PE.NFO,07/01/2020,09:21:46,290.05,286.85,20,291.25,60,140,4600
BANKNIFTY16JAN2031700PE.NFO,07/01/2020,09:21:47,290.05,285.75,60,291.05,120,0,4600
BANKNIFTY16JAN2031700PE.NFO,07/01/2020,09:21:48,287.2,287.5,60,290.55,140,40,4600
BANKNIFTY16JAN2031700PE.NFO,07/01/2020,09:21:48,286.15,287.5,60,290.55,140,0,4600
BANKNIFTY16JAN2031700PE.NFO,07/01/2020,09:21:48,287.2,287.65,60,290.55,140,0,4600
BANKNIFTY16JAN2031700PE.NFO,07/01/2020,09:21:49,287.2,287.35,80,290.55,140,0,4600
BANKNIFTY16JAN2031700PE.NFO,07/01/2020,09:21:51,287.2,286.35,60,289.45,120,0,4600
BANKNIFTY16JAN2031700PE.NFO,07/01/2020,09:21:52,286.55,286.6,40,289.85,120,120,4600
BANKNIFTY16JAN2031700PE.NFO,07/01/2020,09:21:53,286.55,286.6,20,289.55,120,0,4600
BANKNIFTY16JAN2031700PE.NFO,07/01/2020,09:21:54,286.55,285.1,40,288.7,40,0,4600
BANKNIFTY16JAN2031700PE.NFO,07/01/2020,09:21:55,285.1,283.9,40,288.15,40,20,4600
BANKNIFTY16JAN2031700PE.NFO,07/01/2020,09:21:55,285.1,283.9,40,288.15,40,0,4600
BANKNIFTY16JAN2031700PE.NFO,07/01/2020,09:21:56,285.1,283.9,40,288.25,20,0,4600
BANKNIFTY16JAN2031700PE.NFO,07/01/2020,09:21:57,283.9,283.95,40,287.35,40,20,4600
BANKNIFTY16JAN2031700PE.NFO,07/01/2020,09:21:57,283.9,283.95,40,287.35,40,0,4600
BANKNIFTY16JAN2031700PE.NFO,07/01/2020,09:21:58,287.2,282.75,40,286.9,100,100,4600
BANKNIFTY16JAN2031700PE.NFO,07/01/2020,09:21:59,287.2,282.75,40,286.7,100,0,4600
BANKNIFTY16JAN2031700PE.NFO,07/01/2020,09:22:00,287.2,281.55,40,285.9,20,0,4600
BANKNIFTY16JAN2031700PE.NFO,07/01/2020,09:22:01,280.5,280.55,40,285.3,20,60,4600
BANKNIFTY16JAN2031700PE.NFO,07/01/2020,09:22:01,280.5,280.55,40,285.3,20,0,4600
BANKNIFTY16JAN2031700PE.NFO,07/01/2020,09:22:02,280.5,280.55,40,285.3,20,0,4600
BANKNIFTY16JAN2031700PE.NFO,07/01/2020,09:22:03,280.5,279.2,120,284.4,20,0,4600
BANKNIFTY16JAN2031700PE.NFO,07/01/2020,09:22:04,280.5,276.05,20,283.6,20,0,4600
BANKNIFTY16JAN2031700PE.NFO,07/01/2020,09:22:05,276.05,274.8,100,282.5,20,20,4600
BANKNIFTY16JAN2031700PE.NFO,07/01/2020,09:22:05,276.05,274.8,100,282.5,20,0,4600
BANKNIFTY16JAN2031700PE.NFO,07/01/2020,09:22:06,276.05,273.05,20,279.9,20,0,4600
BANKNIFTY16JAN2031700PE.NFO,07/01/2020,09:22:07,278.15,273.65,120,278.2,20,20,4600
BANKNIFTY16JAN2031700PE.NFO,07/01/2020,09:22:08,278.2,273.65,200,280.75,140,20,4600
BANKNIFTY16JAN2031700PE.NFO,07/01/2020,09:22:09,278.2,275.4,40,283.15,140,0,4600
BANKNIFTY16JAN2031700PE.NFO,07/01/2020,09:22:11,278.2,275.4,120,283.15,160,0,4600
BANKNIFTY16JAN2031700PE.NFO,07/01/2020,09:22:12,278.2,276.6,120,283.75,120,0,4600
BANKNIFTY16JAN2031700PE.NFO,07/01/2020,09:22:15,276.6,277.65,60,283.75,120,20,4600
BANKNIFTY16JAN2031700PE.NFO,07/01/2020,09:22:16,276.6,277.65,60,283.75,100,0,4600
BANKNIFTY16JAN2031700PE.NFO,07/01/2020,09:22:24,276.6,277.85,140,288.65,20,0,4600
BANKNIFTY16JAN2031700PE.NFO,07/01/2020,09:22:25,276.6,277.85,220,287.85,100,0,4600
BANKNIFTY16JAN2031700PE.NFO,07/01/2020,09:22:26,276.6,277.85,220,287.35,100,0,4600
BANKNIFTY16JAN2031700PE.NFO,07/01/2020,09:22:27,276.6,277.85,160,287.35,120,0,4600
BANKNIFTY16JAN2031700PE.NFO,07/01/2020,09:22:28,276.6,277.85,220,287.35,120,0,4600
BANKNIFTY16JAN2031700PE.NFO,07/01/2020,09:22:30,276.6,279.05,140,287.35,160,0,4600
BANKNIFTY16JAN2031700PE.NFO,07/01/2020,09:22:31,276.6,280.45,100,287.15,100,0,4600
BANKNIFTY16JAN2031700PE.NFO,07/01/2020,09:22:32,276.6,281.75,40,287.15,120,0,4600
BANKNIFTY16JAN2031700PE.NFO,07/01/2020,09:22:47,276.6,282.35,140,288.7,20,0,4600
BANKNIFTY16JAN2031700PE.NFO,07/01/2020,09:22:48,276.6,282.75,140,288.7,20,0,4600
BANKNIFTY16JAN2031700PE.NFO,07/01/2020,09:22:49,276.6,282.95,40,288.7,20,0,4600
BANKNIFTY16JAN2031700PE.NFO,07/01/2020,09:22:51,276.6,283.15,140,287.95,100,0,4600
BANKNIFTY16JAN2031700PE.NFO,07/01/2020,09:22:56,276.6,284.05,40,287.95,100,0,4600
BANKNIFTY16JAN2031700PE.NFO,07/01/2020,09:23:05,287.95,284.05,40,287.9,40,20,4600
BANKNIFTY16JAN2031700PE.NFO,07/01/2020,09:23:06,287.95,284.05,40,287.9,40,0,4600
BANKNIFTY16JAN2031700PE.NFO,07/01/2020,09:23:11,287.95,284.8,60,287.95,80,0,4600
BANKNIFTY16JAN2031700PE.NFO,07/01/2020,09:23:12,287.95,285.85,40,287.95,80,0,4600
BANKNIFTY16JAN2031700PE.NFO,07/01/2020,09:23:15,287.95,286.05,40,288,20,0,4600
BANKNIFTY16JAN2031700PE.NFO,07/01/2020,09:23:16,289.05,286.7,60,292.65,40,40,5100
BANKNIFTY16JAN2031700PE.NFO,07/01/2020,09:23:17,289.05,287.5,60,292.3,100,0,5100
BANKNIFTY16JAN2031700PE.NFO,07/01/2020,09:23:18,289.05,287.5,60,290.9,100,0,5100
BANKNIFTY16JAN2031700PE.NFO,07/01/2020,09:23:19,289.05,285.7,60,290.8,140,0,5100
BANKNIFTY16JAN2031700PE.NFO,07/01/2020,09:23:20,289.05,284.65,120,290.8,160,0,5100
BANKNIFTY16JAN2031700PE.NFO,07/01/2020,09:23:21,289.05,285.2,60,290.8,140,0,5100
BANKNIFTY16JAN2031700PE.NFO,07/01/2020,09:23:24,289.05,285.8,160,290.8,140,0,5100
BANKNIFTY16JAN2031700PE.NFO,07/01/2020,09:23:25,289.05,285.8,120,290.8,140,0,5100
BANKNIFTY16JAN2031700PE.NFO,07/01/2020,09:23:26,289.05,287.05,60,290.6,40,0,5100
BANKNIFTY16JAN2031700PE.NFO,07/01/2020,09:23:27,289.05,287.45,60,292.2,80,0,5100
BANKNIFTY16JAN2031700PE.NFO,07/01/2020,09:23:28,289.05,287.55,160,292.75,180,0,5100
BANKNIFTY16JAN2031700PE.NFO,07/01/2020,09:23:30,289.05,287.55,160,292.75,40,0,5100
BANKNIFTY16JAN2031700PE.NFO,07/01/2020,09:23:31,289.05,287.9,60,292.75,40,0,5100
BANKNIFTY16JAN2031700PE.NFO,07/01/2020,09:23:32,289.05,287.9,60,292.15,100,0,5100
BANKNIFTY16JAN2031700PE.NFO,07/01/2020,09:23:33,289.05,287.9,60,291.55,100,0,5100
BANKNIFTY16JAN2031700PE.NFO,07/01/2020,09:23:34,289.05,286.95,60,290.95,80,0,5100
BANKNIFTY16JAN2031700PE.NFO,07/01/2020,09:23:36,289.05,287.25,120,291.5,40,0,5100
BANKNIFTY16JAN2031700PE.NFO,07/01/2020,09:23:38,289.05,288.75,120,292.75,180,0,5100
BANKNIFTY16JAN2031700PE.NFO,07/01/2020,09:23:39,289.05,288.95,120,293.95,140,0,5100
BANKNIFTY16JAN2031700PE.NFO,07/01/2020,09:23:40,289.05,289.7,60,293.9,40,0,5100
BANKNIFTY16JAN2031700PE.NFO,07/01/2020,09:23:44,289.05,288.55,60,294.1,120,0,5100
BANKNIFTY16JAN2031700PE.NFO,07/01/2020,09:23:46,289.05,288.55,60,293.05,40,0,5100
BANKNIFTY16JAN2031700PE.NFO,07/01/2020,09:23:47,289.05,289.6,60,294.25,40,0,5100
BANKNIFTY16JAN2031700PE.NFO,07/01/2020,09:23:48,289.05,289.6,60,294.15,40,0,5100
BANKNIFTY16JAN2031700PE.NFO,07/01/2020,09:23:54,289.05,289.7,160,294.15,40,0,5100
BANKNIFTY16JAN2031700PE.NFO,07/01/2020,09:23:55,291.1,287.55,40,294.65,80,160,5100
BANKNIFTY16JAN2031700PE.NFO,07/01/2020,09:23:56,291.1,288.2,120,294.65,80,0,5100
BANKNIFTY16JAN2031700PE.NFO,07/01/2020,09:23:57,291.1,288.8,120,294.65,80,0,5100
BANKNIFTY16JAN2031700PE.NFO,07/01/2020,09:24:01,291.1,289,100,294.65,80,0,5100
BANKNIFTY16JAN2031700PE.NFO,07/01/2020,09:24:02,291.1,288.7,100,294.5,60,0,5100
BANKNIFTY16JAN2031700PE.NFO,07/01/2020,09:24:03,291.1,288.8,120,294.5,60,0,5100
BANKNIFTY16JAN2031700PE.NFO,07/01/2020,09:24:04,291.1,288.45,160,293.95,20,0,5100
BANKNIFTY16JAN2031700PE.NFO,07/01/2020,09:24:05,291.1,290.25,60,294.9,60,0,5100
BANKNIFTY16JAN2031700PE.NFO,07/01/2020,09:24:07,291.1,290.45,120,294.9,60,0,5100
BANKNIFTY16JAN2031700PE.NFO,07/01/2020,09:24:08,294.9,290.45,120,293.75,60,40,5100
BANKNIFTY16JAN2031700PE.NFO,07/01/2020,09:24:09,293.75,290.5,60,293.8,80,60,5100
BANKNIFTY16JAN2031700PE.NFO,07/01/2020,09:24:10,293.75,291.05,60,294.8,100,0,5100
BANKNIFTY16JAN2031700PE.NFO,07/01/2020,09:24:11,293.75,291.35,160,295.9,100,0,5100
BANKNIFTY16JAN2031700PE.NFO,07/01/2020,09:24:12,293.75,292.5,20,295.9,100,0,5100
BANKNIFTY16JAN2031700PE.NFO,07/01/2020,09:24:13,293.75,290.75,60,296.4,160,0,5100
BANKNIFTY16JAN2031700PE.NFO,07/01/2020,09:24:14,293.75,290.85,160,296.9,40,0,5100
BANKNIFTY16JAN2031700PE.NFO,07/01/2020,09:24:15,293.75,291.4,160,297.25,100,0,5100
BANKNIFTY16JAN2031700PE.NFO,07/01/2020,09:24:16,293.75,292.05,60,297.25,100,0,5100
BANKNIFTY16JAN2031700PE.NFO,07/01/2020,09:24:17,293.75,289.95,60,296.9,40,0,5100
BANKNIFTY16JAN2031700PE.NFO,07/01/2020,09:24:18,293.75,293.8,60,296.95,100,0,5100
BANKNIFTY16JAN2031700PE.NFO,07/01/2020,09:24:20,293.75,293.75,40,296.95,100,0,5100
BANKNIFTY16JAN2031700PE.NFO,07/01/2020,09:24:21,293.75,293.8,60,296.95,100,0,5100
BANKNIFTY16JAN2031700PE.NFO,07/01/2020,09:24:30,293.8,295.35,60,299.95,40,40,5100
BANKNIFTY16JAN2031700PE.NFO,07/01/2020,09:24:31,293.8,295.35,60,300,20,0,5100
BANKNIFTY16JAN2031700PE.NFO,07/01/2020,09:24:32,293.8,295.35,60,299.9,100,0,5100
BANKNIFTY16JAN2031700PE.NFO,07/01/2020,09:24:34,293.8,296.2,60,299.9,100,0,5100
BANKNIFTY16JAN2031700PE.NFO,07/01/2020,09:24:35,293.8,296.3,160,300,20,0,5100
BANKNIFTY16JAN2031700PE.NFO,07/01/2020,09:24:36,293.8,296.9,60,300,20,0,5100
BANKNIFTY16JAN2031700PE.NFO,07/01/2020,09:24:37,293.8,297.3,160,300,20,0,5100
BANKNIFTY16JAN2031700PE.NFO,07/01/2020,09:24:38,300,298.75,120,305.9,160,20,5100
BANKNIFTY16JAN2031700PE.NFO,07/01/2020,09:24:39,300,299.55,60,305.9,160,0,5100
BANKNIFTY16JAN2031700PE.NFO,07/01/2020,09:24:40,300,299.45,60,305.9,160,0,5100
BANKNIFTY16JAN2031700PE.NFO,07/01/2020,09:24:41,300,299.9,160,305.9,140,0,5100
BANKNIFTY16JAN2031700PE.NFO,07/01/2020,09:24:42,300,300.45,60,305.7,100,0,5100
BANKNIFTY16JAN2031700PE.NFO,07/01/2020,09:24:43,300,301,60,305.7,100,0,5100
BANKNIFTY16JAN2031700PE.NFO,07/01/2020,09:24:44,300,301.65,160,305.7,100,0,5100
BANKNIFTY16JAN2031700PE.NFO,07/01/2020,09:24:45,300,301.75,60,305.7,100,0,5100
BANKNIFTY16JAN2031700PE.NFO,07/01/2020,09:24:46,300,302.6,60,312.7,40,0,5100
BANKNIFTY16JAN2031700PE.NFO,07/01/2020,09:24:47,300,303.35,180,312.1,140,0,5100
BANKNIFTY16JAN2031700PE.NFO,07/01/2020,09:24:48,300,303.8,140,311.65,140,0,5100
BANKNIFTY16JAN2031700PE.NFO,07/01/2020,09:24:49,300,304.1,240,311.65,160,0,5100
BANKNIFTY16JAN2031700PE.NFO,07/01/2020,09:24:50,300,304.85,60,311.55,160,0,5100
BANKNIFTY16JAN2031700PE.NFO,07/01/2020,09:24:51,305.25,305.3,60,311.55,160,40,5100
BANKNIFTY16JAN2031700PE.NFO,07/01/2020,09:24:52,305.25,304.25,60,311.2,60,0,5100
BANKNIFTY16JAN2031700PE.NFO,07/01/2020,09:24:53,305.25,304.25,60,309.85,40,0,5100
BANKNIFTY16JAN2031700PE.NFO,07/01/2020,09:24:54,305.25,304.65,60,309.6,100,0,5100
BANKNIFTY16JAN2031700PE.NFO,07/01/2020,09:24:55,305.25,304.8,60,309.1,120,0,5100
BANKNIFTY16JAN2031700PE.NFO,07/01/2020,09:24:56,305.25,304.95,60,309.1,120,0,5100
BANKNIFTY16JAN2031700PE.NFO,07/01/2020,09:24:57,305.1,303.75,60,309.05,40,40,5100
BANKNIFTY16JAN2031700PE.NFO,07/01/2020,09:24:58,305.1,303.85,60,309.05,60,0,5100
BANKNIFTY16JAN2031700PE.NFO,07/01/2020,09:25:00,305.1,305.1,20,308.05,100,0,5100
BANKNIFTY16JAN2031700PE.NFO,07/01/2020,09:25:01,305.1,302.3,20,307.1,40,20,5100
BANKNIFTY16JAN2031700PE.NFO,07/01/2020,09:25:02,305.1,301,20,306.4,40,0,5100
BANKNIFTY16JAN2031700PE.NFO,07/01/2020,09:25:03,305.1,301,80,306.4,60,0,5100
BANKNIFTY16JAN2031700PE.NFO,07/01/2020,09:25:04,305.1,301,40,306.4,60,0,5100
BANKNIFTY16JAN2031700PE.NFO,07/01/2020,09:25:05,305.1,301.1,140,305.25,40,0,5100
BANKNIFTY16JAN2031700PE.NFO,07/01/2020,09:25:06,305.1,300.4,40,304.75,40,0,5100
BANKNIFTY16JAN2031700PE.NFO,07/01/2020,09:25:09,305.1,300.45,40,304.75,40,0,5100
BANKNIFTY16JAN2031700PE.NFO,07/01/2020,09:25:11,305.1,301.35,40,304.75,40,0,5100
BANKNIFTY16JAN2031700PE.NFO,07/01/2020,09:25:13,305.1,302.35,60,304.6,100,0,5100
BANKNIFTY16JAN2031700PE.NFO,07/01/2020,09:25:14,305.1,302.3,20,304.6,100,0,5100
BANKNIFTY16JAN2031700PE.NFO,07/01/2020,09:25:15,305.1,301.6,80,304.5,100,0,5100
BANKNIFTY16JAN2031700PE.NFO,07/01/2020,09:25:16,305.1,302.3,40,305.1,80,0,5100
BANKNIFTY16JAN2031700PE.NFO,07/01/2020,09:25:17,305.1,302.8,60,306.8,40,0,5100
BANKNIFTY16JAN2031700PE.NFO,07/01/2020,09:25:19,305.1,303,60,306.05,60,0,5100
BANKNIFTY16JAN2031700PE.NFO,07/01/2020,09:25:20,306.05,302.55,60,305.45,100,20,5100
BANKNIFTY16JAN2031700PE.NFO,07/01/2020,09:25:21,306.05,302.4,40,306.15,40,0,5100
BANKNIFTY16JAN2031700PE.NFO,07/01/2020,09:25:22,306.05,302.3,20,305.75,40,0,5100
BANKNIFTY16JAN2031700PE.NFO,07/01/2020,09:25:23,306.05,301.35,20,305.25,40,0,5100
BANKNIFTY16JAN2031700PE.NFO,07/01/2020,09:25:24,306.05,301.45,140,305.25,60,0,5100
BANKNIFTY16JAN2031700PE.NFO,07/01/2020,09:25:25,306.05,302.1,20,305.25,60,0,5100
BANKNIFTY16JAN2031700PE.NFO,07/01/2020,09:25:26,306.05,302.8,100,306.1,40,0,5100
BANKNIFTY16JAN2031700PE.NFO,07/01/2020,09:25:27,306.05,303,80,306.1,40,0,5100
BANKNIFTY16JAN2031700PE.NFO,07/01/2020,09:25:30,306.05,303,80,306.95,80,0,5100
BANKNIFTY16JAN2031700PE.NFO,07/01/2020,09:25:31,306.95,303.2,80,306.85,80,20,5100
BANKNIFTY16JAN2031700PE.NFO,07/01/2020,09:25:32,306.95,303.2,80,306.6,20,0,5100
BANKNIFTY16JAN2031700PE.NFO,07/01/2020,09:25:33,306.95,303.35,60,306.6,20,0,5100
BANKNIFTY16JAN2031700PE.NFO,07/01/2020,09:25:34,306.95,303.35,40,306.6,60,0,5100
BANKNIFTY16JAN2031700PE.NFO,07/01/2020,09:25:35,306.95,303.35,20,306.55,60,0,5100
BANKNIFTY16JAN2031700PE.NFO,07/01/2020,09:25:37,306.95,303.35,40,306.6,20,0,5100
BANKNIFTY16JAN2031700PE.NFO,07/01/2020,09:25:38,306.95,303.35,20,306.65,60,0,5100
BANKNIFTY16JAN2031700PE.NFO,07/01/2020,09:25:39,306.95,302.8,60,306.65,80,0,5100
BANKNIFTY16JAN2031700PE.NFO,07/01/2020,09:25:41,306.95,302.6,60,306.25,120,0,5100
BANKNIFTY16JAN2031700PE.NFO,07/01/2020,09:25:43,306.95,302.8,100,306.25,120,0,5100
BANKNIFTY16JAN2031700PE.NFO,07/01/2020,09:25:44,306.95,302.95,60,306.25,120,0,5100
BANKNIFTY16JAN2031700PE.NFO,07/01/2020,09:25:46,306.95,302.95,40,306.25,120,0,5100
BANKNIFTY16JAN2031700PE.NFO,07/01/2020,09:25:47,306.95,303,80,306.25,120,0,5100
BANKNIFTY16JAN2031700PE.NFO,07/01/2020,09:25:48,306.95,302.35,80,305.85,120,0,5100
BANKNIFTY16JAN2031700PE.NFO,07/01/2020,09:25:49,306.95,302.45,60,305.55,100,0,5100
BANKNIFTY16JAN2031700PE.NFO,07/01/2020,09:25:50,306.95,302.45,60,305.45,120,0,5100
BANKNIFTY16JAN2031700PE.NFO,07/01/2020,09:25:51,306.95,302.65,20,305.45,100,0,5100
BANKNIFTY16JAN2031700PE.NFO,07/01/2020,09:25:52,306.95,302.95,40,306.1,40,0,5100
BANKNIFTY16JAN2031700PE.NFO,07/01/2020,09:25:53,306.95,302.3,40,306.05,100,0,5100
BANKNIFTY16JAN2031700PE.NFO,07/01/2020,09:25:54,306.95,302.95,60,306.35,60,0,5100
BANKNIFTY16JAN2031700PE.NFO,07/01/2020,09:25:55,306.95,302.7,120,306.5,60,0,5100
BANKNIFTY16JAN2031700PE.NFO,07/01/2020,09:25:56,306.95,303.5,80,306.5,40,0,5100
BANKNIFTY16JAN2031700PE.NFO,07/01/2020,09:25:59,306.95,303.5,100,306.25,40,0,5100
BANKNIFTY16JAN2031700PE.NFO,07/01/2020,09:26:00,306.95,303.5,100,305.85,40,0,5100
BANKNIFTY16JAN2031700PE.NFO,07/01/2020,09:26:02,306.95,303.9,80,305.05,40,0,5100
BANKNIFTY16JAN2031700PE.NFO,07/01/2020,09:26:03,305.05,304.8,60,308,60,40,5100
BANKNIFTY16JAN2031700PE.NFO,07/01/2020,09:26:04,305.05,305,20,308,60,0,5100
BANKNIFTY16JAN2031700PE.NFO,07/01/2020,09:26:05,308,305.45,100,308.7,40,40,5100
BANKNIFTY16JAN2031700PE.NFO,07/01/2020,09:26:06,308,305.45,100,309.45,80,0,5100
BANKNIFTY16JAN2031700PE.NFO,07/01/2020,09:26:07,308,305.85,100,309.05,60,0,5100
BANKNIFTY16JAN2031700PE.NFO,07/01/2020,09:26:08,308,306.2,20,309,40,0,5100
BANKNIFTY16JAN2031700PE.NFO,07/01/2020,09:26:09,308,304.75,20,308.3,40,0,5100
BANKNIFTY16JAN2031700PE.NFO,07/01/2020,09:26:11,308,305.55,100,308.85,40,0,5100
BANKNIFTY16JAN2031700PE.NFO,07/01/2020,09:26:12,308,305.55,100,309.2,40,0,5100
BANKNIFTY16JAN2031700PE.NFO,07/01/2020,09:26:13,308,305.55,100,309,40,0,5100
BANKNIFTY16JAN2031700PE.NFO,07/01/2020,09:26:14,308,305.65,120,310.45,40,0,5100
BANKNIFTY16JAN2031700PE.NFO,07/01/2020,09:26:15,308,307.4,80,311,100,0,5100
BANKNIFTY16JAN2031700PE.NFO,07/01/2020,09:26:16,308,307.4,80,310.5,60,0,5100
BANKNIFTY16JAN2031700PE.NFO,07/01/2020,09:26:17,308,308,100,311.6,120,0,5100
BANKNIFTY16JAN2031700PE.NFO,07/01/2020,09:26:18,310,308.9,40,311.25,20,60,5000
BANKNIFTY16JAN2031700PE.NFO,07/01/2020,09:26:19,310,309.3,40,310.8,20,0,5000
BANKNIFTY16JAN2031700PE.NFO,07/01/2020,09:26:20,309.85,308.25,120,312.6,40,120,5000
BANKNIFTY16JAN2031700PE.NFO,07/01/2020,09:26:21,309.85,309,40,312.6,40,0,5000
BANKNIFTY16JAN2031700PE.NFO,07/01/2020,09:26:22,309.85,310.5,40,314.55,40,0,5000
BANKNIFTY16JAN2031700PE.NFO,07/01/2020,09:26:23,309.85,310.5,40,314.35,140,0,5000
BANKNIFTY16JAN2031700PE.NFO,07/01/2020,09:26:24,309.85,311.1,120,314.45,40,0,5000
BANKNIFTY16JAN2031700PE.NFO,07/01/2020,09:26:25,309.85,311.1,120,314.05,80,0,5000
BANKNIFTY16JAN2031700PE.NFO,07/01/2020,09:26:26,311.1,311.1,20,314.05,80,80,5000
BANKNIFTY16JAN2031700PE.NFO,07/01/2020,09:26:27,311.1,309.65,40,313.75,100,20,5000
BANKNIFTY16JAN2031700PE.NFO,07/01/2020,09:26:28,311.1,309.45,20,313.25,140,0,5000
BANKNIFTY16JAN2031700PE.NFO,07/01/2020,09:26:29,311.1,308.8,20,313.25,160,0,5000
BANKNIFTY16JAN2031700PE.NFO,07/01/2020,09:26:30,311.1,306.85,20,313.25,160,0,5000
BANKNIFTY16JAN2031700PE.NFO,07/01/2020,09:26:31,311.1,305.65,120,313.25,160,0,5000
BANKNIFTY16JAN2031700PE.NFO,07/01/2020,09:26:32,311.1,306.15,140,313.25,160,0,5000
BANKNIFTY16JAN2031700PE.NFO,07/01/2020,09:26:33,311.1,306.65,80,310.55,100,0,5000
BANKNIFTY16JAN2031700PE.NFO,07/01/2020,09:26:34,311.1,306.7,60,310.55,120,0,5000
BANKNIFTY16JAN2031700PE.NFO,07/01/2020,09:26:35,311.1,306.7,40,310.55,120,0,5000
BANKNIFTY16JAN2031700PE.NFO,07/01/2020,09:26:36,311.1,306,140,310.55,120,0,5000
BANKNIFTY16JAN2031700PE.NFO,07/01/2020,09:26:37,311.1,306.4,60,310.55,120,0,5000
BANKNIFTY16JAN2031700PE.NFO,07/01/2020,09:26:38,311.1,307.6,40,310.55,100,0,5000
BANKNIFTY16JAN2031700PE.NFO,07/01/2020,09:26:39,311.1,307.55,20,310.35,120,0,5000
BANKNIFTY16JAN2031700PE.NFO,07/01/2020,09:26:40,311.1,308.4,40,311,1600,0,5000
BANKNIFTY16JAN2031700PE.NFO,07/01/2020,09:26:41,311,309,20,311,1520,80,5000
BANKNIFTY16JAN2031700PE.NFO,07/01/2020,09:26:42,311,309.7,20,310.95,140,0,5000
BANKNIFTY16JAN2031700PE.NFO,07/01/2020,09:26:43,311,310.6,20,311,1520,0,5000
BANKNIFTY16JAN2031700PE.NFO,07/01/2020,09:26:44,311,310.1,20,311,1660,0,5000
BANKNIFTY16JAN2031700PE.NFO,07/01/2020,09:26:45,311,309.45,20,310.95,140,0,5000
BANKNIFTY16JAN2031700PE.NFO,07/01/2020,09:26:46,311,309.35,20,310.95,140,0,5000
BANKNIFTY16JAN2031700PE.NFO,07/01/2020,09:26:47,311,309.35,20,311,1520,0,5000
BANKNIFTY16JAN2031700PE.NFO,07/01/2020,09:26:48,310.95,309.55,20,311,1520,20,5000
BANKNIFTY16JAN2031700PE.NFO,07/01/2020,09:26:49,310.95,309.75,20,311,1520,0,5000
BANKNIFTY16JAN2031700PE.NFO,07/01/2020,09:26:50,310.95,310.6,20,311,1520,0,5000
BANKNIFTY16JAN2031700PE.NFO,07/01/2020,09:26:51,310.95,310.5,20,311,1520,0,5000
BANKNIFTY16JAN2031700PE.NFO,07/01/2020,09:26:52,310.95,309.75,20,311,1520,0,5000
BANKNIFTY16JAN2031700PE.NFO,07/01/2020,09:26:53,310.95,310.45,20,311,1520,0,5000
BANKNIFTY16JAN2031700PE.NFO,07/01/2020,09:26:54,310.95,310.85,20,311,1520,0,5000
BANKNIFTY16JAN2031700PE.NFO,07/01/2020,09:26:55,310.95,309.6,20,311,1520,0,5000
BANKNIFTY16JAN2031700PE.NFO,07/01/2020,09:26:56,310.95,309.55,20,311,1520,0,5000
BANKNIFTY16JAN2031700PE.NFO,07/01/2020,09:26:57,310.95,309.95,20,310.95,120,0,5000
BANKNIFTY16JAN2031700PE.NFO,07/01/2020,09:26:58,310.95,309.3,20,311,1520,0,5000
BANKNIFTY16JAN2031700PE.NFO,07/01/2020,09:26:59,310.95,308.8,20,311,1520,0,5000
BANKNIFTY16JAN2031700PE.NFO,07/01/2020,09:27:00,310.95,309.05,20,310.9,60,0,5000
BANKNIFTY16JAN2031700PE.NFO,07/01/2020,09:27:01,309,307.6,20,310.25,120,80,5000
BANKNIFTY16JAN2031700PE.NFO,07/01/2020,09:27:02,309,307.65,100,310.65,120,0,5000
BANKNIFTY16JAN2031700PE.NFO,07/01/2020,09:27:04,309,307.65,100,310.6,40,0,5000
BANKNIFTY16JAN2031700PE.NFO,07/01/2020,09:27:05,309,307.65,100,310.95,40,0,5000
BANKNIFTY16JAN2031700PE.NFO,07/01/2020,09:27:06,309,308.4,40,310.9,40,0,5000
BANKNIFTY16JAN2031700PE.NFO,07/01/2020,09:27:13,308.4,305.3,40,308.3,220,20,5000
BANKNIFTY16JAN2031700PE.NFO,07/01/2020,09:27:14,308.4,305.3,20,308.3,100,0,5000
BANKNIFTY16JAN2031700PE.NFO,07/01/2020,09:27:16,308.4,305,20,307.95,40,0,5000
BANKNIFTY16JAN2031700PE.NFO,07/01/2020,09:27:18,308.4,305.9,120,310.9,60,0,5000
BANKNIFTY16JAN2031700PE.NFO,07/01/2020,09:27:20,308.4,305.15,40,308.7,40,0,5000
BANKNIFTY16JAN2031700PE.NFO,07/01/2020,09:27:22,308.4,305.15,20,308.7,40,0,5000
BANKNIFTY16JAN2031700PE.NFO,07/01/2020,09:27:23,308.4,305,20,307.9,40,0,5000
BANKNIFTY16JAN2031700PE.NFO,07/01/2020,09:27:25,308.4,305,20,307.8,140,0,5000
BANKNIFTY16JAN2031700PE.NFO,07/01/2020,09:27:27,308.4,305,20,307.6,40,0,5000
BANKNIFTY16JAN2031700PE.NFO,07/01/2020,09:27:31,308.4,305.05,80,307.6,40,0,5000
BANKNIFTY16JAN2031700PE.NFO,07/01/2020,09:27:32,308.4,305,20,307.55,80,0,5000
BANKNIFTY16JAN2031700PE.NFO,07/01/2020,09:27:33,308.4,305,20,307.5,40,0,5000
BANKNIFTY16JAN2031700PE.NFO,07/01/2020,09:27:34,308.4,305.05,80,308.15,60,0,5000
BANKNIFTY16JAN2031700PE.NFO,07/01/2020,09:27:36,308,305.15,120,308,100,200,5000
BANKNIFTY16JAN2031700PE.NFO,07/01/2020,09:27:37,308,305,20,307.55,20,0,5000
BANKNIFTY16JAN2031700PE.NFO,07/01/2020,09:27:38,305,300.15,80,306.45,20,20,5000
BANKNIFTY16JAN2031700PE.NFO,07/01/2020,09:27:39,306.4,302.5,160,306.4,80,80,5000
BANKNIFTY16JAN2031700PE.NFO,07/01/2020,09:27:40,306.4,302.6,120,306.2,100,0,5000
BANKNIFTY16JAN2031700PE.NFO,07/01/2020,09:27:41,306.4,302.6,180,306,80,0,5000
BANKNIFTY16JAN2031700PE.NFO,07/01/2020,09:27:42,306.4,301.8,40,305.85,40,0,5000
BANKNIFTY16JAN2031700PE.NFO,07/01/2020,09:27:43,306.4,302.65,60,305.9,160,0,5000
BANKNIFTY16JAN2031700PE.NFO,07/01/2020,09:27:44,306.4,302.65,100,305.9,100,0,5000
BANKNIFTY16JAN2031700PE.NFO,07/01/2020,09:27:45,306.4,303,40,305.9,100,0,5000
BANKNIFTY16JAN2031700PE.NFO,07/01/2020,09:27:46,306.4,303.9,120,308.65,40,0,5000
BANKNIFTY16JAN2031700PE.NFO,07/01/2020,09:27:47,306.4,304.35,120,309.15,100,0,5000
BANKNIFTY16JAN2031700PE.NFO,07/01/2020,09:27:48,306.4,304.35,100,308.8,40,0,5000
BANKNIFTY16JAN2031700PE.NFO,07/01/2020,09:27:49,306.4,304.75,100,310.95,300,0,5000
BANKNIFTY16JAN2031700PE.NFO,07/01/2020,09:27:50,306.4,306.45,160,310.9,60,0,5000
BANKNIFTY16JAN2031700PE.NFO,07/01/2020,09:27:51,306.4,307.2,40,310.9,60,0,5000
BANKNIFTY16JAN2031700PE.NFO,07/01/2020,09:27:52,306.4,307.8,20,310.9,60,0,5000
BANKNIFTY16JAN2031700PE.NFO,07/01/2020,09:27:53,306.4,306.85,20,310.05,100,0,5000
BANKNIFTY16JAN2031700PE.NFO,07/01/2020,09:27:54,306.4,306.95,20,310.05,120,0,5000
BANKNIFTY16JAN2031700PE.NFO,07/01/2020,09:27:55,304.5,305.65,20,310,60,200,5000
BANKNIFTY16JAN2031700PE.NFO,07/01/2020,09:27:56,304.5,305.65,20,310,60,0,5000
BANKNIFTY16JAN2031700PE.NFO,07/01/2020,09:27:57,304.5,305.8,40,310,20,0,5000
BANKNIFTY16JAN2031700PE.NFO,07/01/2020,09:27:58,304.5,307.25,40,309.85,120,0,5000
BANKNIFTY16JAN2031700PE.NFO,07/01/2020,09:27:59,304.5,307.65,40,309.85,120,0,5000
BANKNIFTY16JAN2031700PE.NFO,07/01/2020,09:28:00,304.5,308.15,40,310.95,20,0,5000
BANKNIFTY16JAN2031700PE.NFO,07/01/2020,09:28:01,304.5,309.95,40,310.95,100,0,5000
BANKNIFTY16JAN2031700PE.NFO,07/01/2020,09:28:02,310,307.25,100,310.8,80,20,5000
BANKNIFTY16JAN2031700PE.NFO,07/01/2020,09:28:03,310,307.25,100,310.8,80,0,5000
BANKNIFTY16JAN2031700PE.NFO,07/01/2020,09:28:04,310,307.35,100,310.8,80,0,5000
BANKNIFTY16JAN2031700PE.NFO,07/01/2020,09:28:05,310,306.7,60,310.4,80,0,5000
BANKNIFTY16JAN2031700PE.NFO,07/01/2020,09:28:06,310,308.05,40,310.85,300,0,5000
BANKNIFTY16JAN2031700PE.NFO,07/01/2020,09:28:07,310,308.25,40,310.9,20,0,5000
BANKNIFTY16JAN2031700PE.NFO,07/01/2020,09:28:08,310,307.5,40,310.8,60,0,5000
BANKNIFTY16JAN2031700PE.NFO,07/01/2020,09:28:10,310,307.5,100,310.75,300,0,5000
BANKNIFTY16JAN2031700PE.NFO,07/01/2020,09:28:11,311,310.85,60,311,1320,220,5000
BANKNIFTY16JAN2031700PE.NFO,07/01/2020,09:28:12,311,310.85,60,311,1320,0,5000
BANKNIFTY16JAN2031700PE.NFO,07/01/2020,09:28:14,310.85,308.4,100,310.75,40,60,5000
BANKNIFTY16JAN2031700PE.NFO,07/01/2020,09:28:15,310.85,309.05,20,311,1320,0,5000
BANKNIFTY16JAN2031700PE.NFO,07/01/2020,09:28:18,311,309.9,80,312.6,40,1320,5000
BANKNIFTY16JAN2031700PE.NFO,07/01/2020,09:28:19,311,310.75,20,315,40,0,5000
BANKNIFTY16JAN2031700PE.NFO,07/01/2020,09:28:20,315,311.55,20,314.95,100,20,5000
BANKNIFTY16JAN2031700PE.NFO,07/01/2020,09:28:22,315,311.55,80,314.65,60,0,5000
BANKNIFTY16JAN2031700PE.NFO,07/01/2020,09:28:23,315,311.6,60,314.1,100,0,5000
BANKNIFTY16JAN2031700PE.NFO,07/01/2020,09:28:24,315,311.9,80,314.55,60,0,5000
BANKNIFTY16JAN2031700PE.NFO,07/01/2020,09:28:25,315,312.1,100,315,40,0,5000
BANKNIFTY16JAN2031700PE.NFO,07/01/2020,09:28:26,315,312.1,100,314.9,40,0,5000
BANKNIFTY16JAN2031700PE.NFO,07/01/2020,09:28:28,315,312.05,20,315.55,100,0,5000
BANKNIFTY16JAN2031700PE.NFO,07/01/2020,09:28:29,315,312.05,20,315.3,60,0,5000
BANKNIFTY16JAN2031700PE.NFO,07/01/2020,09:28:30,315,310.8,120,314.7,100,0,5000
BANKNIFTY16JAN2031700PE.NFO,07/01/2020,09:28:31,315,311.6,100,315.8,20,0,5000
BANKNIFTY16JAN2031700PE.NFO,07/01/2020,09:28:32,315,311.6,100,315.3,80,0,5000
BANKNIFTY16JAN2031700PE.NFO,07/01/2020,09:28:33,315,311.05,80,313.95,40,0,5000
BANKNIFTY16JAN2031700PE.NFO,07/01/2020,09:28:35,315,311.05,140,314,60,0,5000
BANKNIFTY16JAN2031700PE.NFO,07/01/2020,09:28:37,315,311.25,100,315.55,140,0,5000
BANKNIFTY16JAN2031700PE.NFO,07/01/2020,09:28:39,315,311,20,315.55,160,0,5000
BANKNIFTY16JAN2031700PE.NFO,07/01/2020,09:28:46,315,311,20,313.25,20,0,5000
BANKNIFTY16JAN2031700PE.NFO,07/01/2020,09:28:47,311,309.6,60,312.3,120,20,5000
BANKNIFTY16JAN2031700PE.NFO,07/01/2020,09:28:49,311,309.6,60,312.3,120,0,5000
BANKNIFTY16JAN2031700PE.NFO,07/01/2020,09:28:50,311,309.1,60,311.35,40,0,5000
BANKNIFTY16JAN2031700PE.NFO,07/01/2020,09:28:51,310.85,308.2,40,309.85,80,40,5000
BANKNIFTY16JAN2031700PE.NFO,07/01/2020,09:28:52,310.85,307.45,40,309.85,80,0,5000
BANKNIFTY16JAN2031700PE.NFO,07/01/2020,09:28:53,310.85,307.5,20,309.85,80,0,5000
BANKNIFTY16JAN2031700PE.NFO,07/01/2020,09:28:54,310.85,307.45,40,308.9,20,0,5000
BANKNIFTY16JAN2031700PE.NFO,07/01/2020,09:28:55,308.95,307.2,40,308.95,140,100,5000
BANKNIFTY16JAN2031700PE.NFO,07/01/2020,09:28:56,309,307.4,60,310.1,160,140,5000
BANKNIFTY16JAN2031700PE.NFO,07/01/2020,09:28:58,310,307.4,60,310,20,40,5000
BANKNIFTY16JAN2031700PE.NFO,07/01/2020,09:28:59,310,307.6,60,310.05,40,0,5000
BANKNIFTY16JAN2031700PE.NFO,07/01/2020,09:29:00,310.05,307,80,309.9,80,40,5000
BANKNIFTY16JAN2031700PE.NFO,07/01/2020,09:29:01,310.05,307.3,80,309.9,80,0,5000
BANKNIFTY16JAN2031700PE.NFO,07/01/2020,09:29:02,310.05,307.3,80,310,60,0,5000
BANKNIFTY16JAN2031700PE.NFO,07/01/2020,09:29:03,310.05,306.35,20,309.65,200,0,5000
BANKNIFTY16JAN2031700PE.NFO,07/01/2020,09:29:05,310.05,306.35,20,308.65,220,0,5000
BANKNIFTY16JAN2031700PE.NFO,07/01/2020,09:29:06,308.65,305.4,100,308.65,80,200,5000
BANKNIFTY16JAN2031700PE.NFO,07/01/2020,09:29:07,308.65,305.6,80,308.5,60,0,5000
BANKNIFTY16JAN2031700PE.NFO,07/01/2020,09:29:08,308.75,305.75,140,308.95,60,120,5000
BANKNIFTY16JAN2031700PE.NFO,07/01/2020,09:29:09,308.45,305.75,40,309.3,60,80,5000
BANKNIFTY16JAN2031700PE.NFO,07/01/2020,09:29:10,308.45,305.15,20,308.9,120,0,5000
BANKNIFTY16JAN2031700PE.NFO,07/01/2020,09:29:12,308.45,305.5,80,308.6,100,0,5000
BANKNIFTY16JAN2031700PE.NFO,07/01/2020,09:29:13,308.45,305.2,40,308.05,200,0,5000
BANKNIFTY16JAN2031700PE.NFO,07/01/2020,09:29:14,308.05,306.2,40,308.05,100,40,4120
BANKNIFTY16JAN2031700PE.NFO,07/01/2020,09:29:15,308.05,306.5,60,309.15,60,0,4120
BANKNIFTY16JAN2031700PE.NFO,07/01/2020,09:29:17,308.05,305.1,100,308.45,100,0,4120
BANKNIFTY16JAN2031700PE.NFO,07/01/2020,09:29:18,308.05,305.35,40,308.35,100,0,4120
BANKNIFTY16JAN2031700PE.NFO,07/01/2020,09:29:19,308.05,305.25,60,308,100,0,4120
BANKNIFTY16JAN2031700PE.NFO,07/01/2020,09:29:20,308.05,305.25,80,307.85,60,0,4120
BANKNIFTY16JAN2031700PE.NFO,07/01/2020,09:29:21,308.05,305.8,40,307.85,60,0,4120
BANKNIFTY16JAN2031700PE.NFO,07/01/2020,09:29:22,308.05,305.75,40,307.85,60,0,4120
BANKNIFTY16JAN2031700PE.NFO,07/01/2020,09:29:24,308.05,305.15,40,307.2,100,0,4120
BANKNIFTY16JAN2031700PE.NFO,07/01/2020,09:29:25,308.05,305.15,40,306.85,40,0,4120
BANKNIFTY16JAN2031700PE.NFO,07/01/2020,09:29:26,308.05,305.15,40,306.9,60,0,4120
BANKNIFTY16JAN2031700PE.NFO,07/01/2020,09:29:28,308.05,306.05,40,308.2,100,0,4120
BANKNIFTY16JAN2031700PE.NFO,07/01/2020,09:29:30,308.05,306.05,40,308.15,60,0,4120
BANKNIFTY16JAN2031700PE.NFO,07/01/2020,09:29:31,308.05,306.05,40,308.05,60,0,4120
BANKNIFTY16JAN2031700PE.NFO,07/01/2020,09:29:33,308.05,306.55,60,309.9,100,0,4120
BANKNIFTY16JAN2031700PE.NFO,07/01/2020,09:29:34,306.6,305.7,40,308.7,100,40,4120
BANKNIFTY16JAN2031700PE.NFO,07/01/2020,09:29:35,306.6,305.7,40,308.1,100,0,4120
BANKNIFTY16JAN2031700PE.NFO,07/01/2020,09:29:37,306.6,306,40,308.1,100,0,4120
BANKNIFTY16JAN2031700PE.NFO,07/01/2020,09:29:38,306.6,305.75,40,308.4,100,0,4120
BANKNIFTY16JAN2031700PE.NFO,07/01/2020,09:29:39,306.6,305.9,40,308.3,80,0,4120
BANKNIFTY16JAN2031700PE.NFO,07/01/2020,09:29:40,306.6,306.05,40,308.65,80,0,4120
BANKNIFTY16JAN2031700PE.NFO,07/01/2020,09:29:41,306.6,306.05,40,308.45,80,0,4120
BANKNIFTY16JAN2031700PE.NFO,07/01/2020,09:29:44,306.6,306.05,40,308.15,60,0,4120
BANKNIFTY16JAN2031700PE.NFO,07/01/2020,09:29:45,306.6,306.65,40,308.35,80,0,4120
BANKNIFTY16JAN2031700PE.NFO,07/01/2020,09:29:46,306.6,306.4,100,310,200,0,4120
BANKNIFTY16JAN2031700PE.NFO,07/01/2020,09:29:47,306.6,305.1,80,308.95,100,0,4120
BANKNIFTY16JAN2031700PE.NFO,07/01/2020,09:29:49,306.6,305.15,40,309.2,100,0,4120
BANKNIFTY16JAN2031700PE.NFO,07/01/2020,09:29:51,306.6,305.15,40,309.1,240,0,4120
BANKNIFTY16JAN2031700PE.NFO,07/01/2020,09:29:54,306.6,305.15,40,308.8,200,0,4120
BANKNIFTY16JAN2031700PE.NFO,07/01/2020,09:29:57,305,305.15,40,308.7,220,100,4120
BANKNIFTY16JAN2031700PE.NFO,07/01/2020,09:29:58,305,305,100,308.1,200,0,4120
BANKNIFTY16JAN2031700PE.NFO,07/01/2020,09:30:00,305,305,100,307.9,200,0,4120
BANKNIFTY16JAN2031700PE.NFO,07/01/2020,09:30:01,305,305,100,307.6,240,0,4120
BANKNIFTY16JAN2031700PE.NFO,07/01/2020,09:30:02,304,299.35,140,305.3,140,120,4120
BANKNIFTY16JAN2031700PE.NFO,07/01/2020,09:30:03,304,300.65,100,305.3,160,0,4120
BANKNIFTY16JAN2031700PE.NFO,07/01/2020,09:30:04,304,301.05,100,304.3,100,0,4120
BANKNIFTY16JAN2031700PE.NFO,07/01/2020,09:30:06,304,299.7,40,303.75,200,0,4120
BANKNIFTY16JAN2031700PE.NFO,07/01/2020,09:30:07,303.75,299.85,100,303.65,200,20,4120
BANKNIFTY16JAN2031700PE.NFO,07/01/2020,09:30:08,303.75,300.05,100,303.65,200,0,4120
BANKNIFTY16JAN2031700PE.NFO,07/01/2020,09:30:09,303.75,299.1,100,302.75,180,0,4120
BANKNIFTY16JAN2031700PE.NFO,07/01/2020,09:30:10,302.25,299,100,301.65,100,20,4120
BANKNIFTY16JAN2031700PE.NFO,07/01/2020,09:30:11,302.25,297.95,60,301.05,100,0,4120
BANKNIFTY16JAN2031700PE.NFO,07/01/2020,09:30:13,302.25,297.25,60,300.25,200,0,4120
BANKNIFTY16JAN2031700PE.NFO,07/01/2020,09:30:14,302.25,296.15,180,299.6,60,0,4120
BANKNIFTY16JAN2031700PE.NFO,07/01/2020,09:30:15,302.25,296.75,60,299.35,60,0,4120
BANKNIFTY16JAN2031700PE.NFO,07/01/2020,09:30:16,302.25,296.75,60,299.3,60,0,4120
BANKNIFTY16JAN2031700PE.NFO,07/01/2020,09:30:17,302.25,296.75,60,298.65,40,0,4120
BANKNIFTY16JAN2031700PE.NFO,07/01/2020,09:30:18,302.25,296.75,60,298.4,20,0,4120
BANKNIFTY16JAN2031700PE.NFO,07/01/2020,09:30:20,302.25,294.55,80,298.5,140,0,4120
BANKNIFTY16JAN2031700PE.NFO,07/01/2020,09:30:22,302.25,294.15,40,296.95,40,0,4120
BANKNIFTY16JAN2031700PE.NFO,07/01/2020,09:30:23,302.25,293.55,100,298.15,140,0,4120
BANKNIFTY16JAN2031700PE.NFO,07/01/2020,09:30:24,302.25,293.75,100,298.15,140,0,4120
BANKNIFTY16JAN2031700PE.NFO,07/01/2020,09:30:25,302.25,293.5,100,298.05,140,0,4120
BANKNIFTY16JAN2031700PE.NFO,07/01/2020,09:30:27,302.25,293.7,100,298.05,140,0,4120
BANKNIFTY16JAN2031700PE.NFO,07/01/2020,09:30:28,302.25,291.45,100,295.25,40,0,4120
BANKNIFTY16JAN2031700PE.NFO,07/01/2020,09:30:29,302.25,291.45,100,295.05,40,0,4120
BANKNIFTY16JAN2031700PE.NFO,07/01/2020,09:30:30,302.25,291.45,100,294.75,120,0,4120
BANKNIFTY16JAN2031700PE.NFO,07/01/2020,09:30:31,294.15,291.8,80,295.5,100,40,4120
BANKNIFTY16JAN2031700PE.NFO,07/01/2020,09:30:33,294.15,290.9,100,295,100,0,4120
BANKNIFTY16JAN2031700PE.NFO,07/01/2020,09:30:34,294.15,290.55,20,294.1,100,0,4120
BANKNIFTY16JAN2031700PE.NFO,07/01/2020,09:30:35,294.15,291.15,40,295.05,100,0,4120
BANKNIFTY16JAN2031700PE.NFO,07/01/2020,09:30:36,294.15,291.45,200,295.05,100,0,4120
BANKNIFTY16JAN2031700PE.NFO,07/01/2020,09:30:38,294.15,292,40,295.05,100,0,4120
BANKNIFTY16JAN2031700PE.NFO,07/01/2020,09:30:41,294.15,291.3,40,294.35,100,0,4120
BANKNIFTY16JAN2031700PE.NFO,07/01/2020,09:30:43,294.15,290.05,40,293.85,160,0,4120
BANKNIFTY16JAN2031700PE.NFO,07/01/2020,09:30:44,295,292.5,80,294.75,100,100,4120
BANKNIFTY16JAN2031700PE.NFO,07/01/2020,09:30:45,295,291.05,40,294.15,100,0,4120
BANKNIFTY16JAN2031700PE.NFO,07/01/2020,09:30:47,295,291.25,140,294.3,80,0,4120
BANKNIFTY16JAN2031700PE.NFO,07/01/2020,09:30:49,295,291.55,140,295.7,100,0,4120
BANKNIFTY16JAN2031700PE.NFO,07/01/2020,09:30:53,294.55,292,100,294.9,100,180,4120
BANKNIFTY16JAN2031700PE.NFO,07/01/2020,09:30:54,294.55,293.05,40,294.9,100,0,4120
BANKNIFTY16JAN2031700PE.NFO,07/01/2020,09:30:57,294.55,293.25,40,295.1,40,0,4120
BANKNIFTY16JAN2031700PE.NFO,07/01/2020,09:30:59,294.55,291.75,140,295.1,40,0,4120
BANKNIFTY16JAN2031700PE.NFO,07/01/2020,09:31:00,294.55,291.75,100,295.1,40,0,4120
BANKNIFTY16JAN2031700PE.NFO,07/01/2020,09:31:01,294.55,290,40,294.8,100,0,4120
BANKNIFTY16JAN2031700PE.NFO,07/01/2020,09:31:02,294.55,290.45,60,294.8,120,0,4120
BANKNIFTY16JAN2031700PE.NFO,07/01/2020,09:31:04,294.55,290.1,100,294.45,220,0,4120
BANKNIFTY16JAN2031700PE.NFO,07/01/2020,09:31:05,294.55,290.8,40,294.45,220,0,4120
BANKNIFTY16JAN2031700PE.NFO,07/01/2020,09:31:06,294.55,290.95,40,294.45,220,0,4120
BANKNIFTY16JAN2031700PE.NFO,07/01/2020,09:31:07,294.55,291.15,120,294.25,180,0,4120
BANKNIFTY16JAN2031700PE.NFO,07/01/2020,09:31:08,294.55,291.25,120,294.25,160,0,4120
BANKNIFTY16JAN2031700PE.NFO,07/01/2020,09:31:10,294.55,290.15,40,292.75,200,0,4120
BANKNIFTY16JAN2031700PE.NFO,07/01/2020,09:31:11,290.25,291.5,40,294.8,100,20,4120
BANKNIFTY16JAN2031700PE.NFO,07/01/2020,09:31:12,290.25,290,20,293.6,100,0,4120
BANKNIFTY16JAN2031700PE.NFO,07/01/2020,09:31:14,290,289.4,60,292.45,40,20,4120
BANKNIFTY16JAN2031700PE.NFO,07/01/2020,09:31:15,290,289.15,60,291.9,100,0,4120
BANKNIFTY16JAN2031700PE.NFO,07/01/2020,09:31:18,290,288.15,40,291.05,120,0,4120
BANKNIFTY16JAN2031700PE.NFO,07/01/2020,09:31:19,290,287.5,40,290.45,100,0,4120
BANKNIFTY16JAN2031700PE.NFO,07/01/2020,09:31:20,290,287.75,40,290.15,160,0,4120
BANKNIFTY16JAN2031700PE.NFO,07/01/2020,09:31:21,290,286.5,60,289.15,100,0,4120
BANKNIFTY16JAN2031700PE.NFO,07/01/2020,09:31:22,290,286.05,60,288.75,160,0,4120
BANKNIFTY16JAN2031700PE.NFO,07/01/2020,09:31:24,290,286.45,60,288.75,160,0,4120
BANKNIFTY16JAN2031700PE.NFO,07/01/2020,09:31:25,290,285.35,40,288.65,100,0,4120
BANKNIFTY16JAN2031700PE.NFO,07/01/2020,09:31:26,290,284.95,40,288.25,80,0,4120
BANKNIFTY16JAN2031700PE.NFO,07/01/2020,09:31:27,287.85,285.35,40,287.55,100,100,4120
BANKNIFTY16JAN2031700PE.NFO,07/01/2020,09:31:29,287.85,285.1,40,287.6,60,0,4120
BANKNIFTY16JAN2031700PE.NFO,07/01/2020,09:31:30,287.6,286,40,288.8,100,20,4120
BANKNIFTY16JAN2031700PE.NFO,07/01/2020,09:31:31,287.6,285.8,40,288.1,100,0,4120
BANKNIFTY16JAN2031700PE.NFO,07/01/2020,09:31:32,287.6,286.1,60,288.55,100,0,4120
BANKNIFTY16JAN2031700PE.NFO,07/01/2020,09:31:33,287.6,286.3,60,288.55,100,0,4120
BANKNIFTY16JAN2031700PE.NFO,07/01/2020,09:31:35,287.6,286.35,40,288.55,100,0,4120
BANKNIFTY16JAN2031700PE.NFO,07/01/2020,09:31:36,287.6,286.3,60,288.55,80,0,4120
BANKNIFTY16JAN2031700PE.NFO,07/01/2020,09:31:37,287.6,285.95,60,288.45,100,0,4120
BANKNIFTY16JAN2031700PE.NFO,07/01/2020,09:31:38,287.6,284.65,80,286.95,100,0,4120
BANKNIFTY16JAN2031700PE.NFO,07/01/2020,09:31:39,287.6,285.05,100,287.95,200,0,4120
BANKNIFTY16JAN2031700PE.NFO,07/01/2020,09:31:41,287.6,285.45,60,287.95,100,0,4120
BANKNIFTY16JAN2031700PE.NFO,07/01/2020,09:31:42,287.6,285.85,60,287.95,100,0,4120
BANKNIFTY16JAN2031700PE.NFO,07/01/2020,09:31:43,287.6,285.9,40,287.95,100,0,4120
BANKNIFTY16JAN2031700PE.NFO,07/01/2020,09:31:44,287.6,285.95,40,287.95,100,0,4120
BANKNIFTY16JAN2031700PE.NFO,07/01/2020,09:31:46,287.6,285.85,60,288.75,100,0,4120
BANKNIFTY16JAN2031700PE.NFO,07/01/2020,09:31:47,286.25,286,60,287.85,100,20,4120
BANKNIFTY16JAN2031700PE.NFO,07/01/2020,09:31:48,286.25,286,60,287.85,100,0,4120
BANKNIFTY16JAN2031700PE.NFO,07/01/2020,09:31:49,286,284,40,287.2,100,60,4120
BANKNIFTY16JAN2031700PE.NFO,07/01/2020,09:31:51,286.6,284.05,40,286.55,160,40,4120
BANKNIFTY16JAN2031700PE.NFO,07/01/2020,09:31:52,286.6,283.25,40,286.15,100,0,4120
BANKNIFTY16JAN2031700PE.NFO,07/01/2020,09:31:53,286.6,283.55,40,286.6,180,0,4120
BANKNIFTY16JAN2031700PE.NFO,07/01/2020,09:31:54,283.55,283.55,20,285.85,100,20,4120
BANKNIFTY16JAN2031700PE.NFO,07/01/2020,09:31:55,283.55,282.85,140,285.45,100,20,4120
BANKNIFTY16JAN2031700PE.NFO,07/01/2020,09:31:57,283.55,282.95,120,285.45,100,0,4120
BANKNIFTY16JAN2031700PE.NFO,07/01/2020,09:31:58,283.55,282.95,40,285.45,100,0,4120
BANKNIFTY16JAN2031700PE.NFO,07/01/2020,09:32:00,283.55,280.15,100,283.85,100,0,4120
BANKNIFTY16JAN2031700PE.NFO,07/01/2020,09:32:01,283.9,281.2,100,284,100,180,4120
BANKNIFTY16JAN2031700PE.NFO,07/01/2020,09:32:03,283.9,281.2,100,284,140,0,4120
BANKNIFTY16JAN2031700PE.NFO,07/01/2020,09:32:04,283.9,281.2,100,283.85,100,0,4120
BANKNIFTY16JAN2031700PE.NFO,07/01/2020,09:32:05,283.9,281.3,80,283.9,100,0,4120
BANKNIFTY16JAN2031700PE.NFO,07/01/2020,09:32:07,283.9,282.65,40,286.15,100,0,4120
BANKNIFTY16JAN2031700PE.NFO,07/01/2020,09:32:08,283.25,283.3,100,286.45,100,60,4120
BANKNIFTY16JAN2031700PE.NFO,07/01/2020,09:32:10,283.3,283.3,80,285.8,100,20,4120
BANKNIFTY16JAN2031700PE.NFO,07/01/2020,09:32:11,283.3,282.05,40,284.7,80,80,4120
BANKNIFTY16JAN2031700PE.NFO,07/01/2020,09:32:12,283.3,281.75,40,284.1,100,0,4120
BANKNIFTY16JAN2031700PE.NFO,07/01/2020,09:32:13,283.3,281.7,80,284.2,100,0,4120
BANKNIFTY16JAN2031700PE.NFO,07/01/2020,09:32:14,283.3,280.05,60,282.2,60,0,4120
BANKNIFTY16JAN2031700PE.NFO,07/01/2020,09:32:16,283.3,280,20,281.95,40,0,4120
BANKNIFTY16JAN2031700PE.NFO,07/01/2020,09:32:17,280,278.45,40,281.15,40,20,4660
BANKNIFTY16JAN2031700PE.NFO,07/01/2020,09:32:18,280,277.5,160,280.7,40,0,4660
BANKNIFTY16JAN2031700PE.NFO,07/01/2020,09:32:19,278.35,275.5,100,279.4,160,40,4660
BANKNIFTY16JAN2031700PE.NFO,07/01/2020,09:32:20,278.35,275.95,20,278.45,40,0,4660
BANKNIFTY16JAN2031700PE.NFO,07/01/2020,09:32:21,278.45,276.45,200,279.25,60,40,4660
BANKNIFTY16JAN2031700PE.NFO,07/01/2020,09:32:22,278.45,277.05,120,279.55,40,0,4660
BANKNIFTY16JAN2031700PE.NFO,07/01/2020,09:32:23,277.25,275.85,40,279.55,40,100,4660
BANKNIFTY16JAN2031700PE.NFO,07/01/2020,09:32:24,275.85,275.85,40,279.2,100,40,4660
BANKNIFTY16JAN2031700PE.NFO,07/01/2020,09:32:24,275.85,275.85,40,279.2,100,0,4660
BANKNIFTY16JAN2031700PE.NFO,07/01/2020,09:32:25,278.6,275.2,140,278.65,40,100,4660
BANKNIFTY16JAN2031700PE.NFO,07/01/2020,09:32:26,278.6,274.95,160,278.25,100,0,4660
BANKNIFTY16JAN2031700PE.NFO,07/01/2020,09:32:27,278.6,273.15,40,277.9,80,0,4660
BANKNIFTY16JAN2031700PE.NFO,07/01/2020,09:32:28,278.6,273.85,40,277.2,100,0,4660
BANKNIFTY16JAN2031700PE.NFO,07/01/2020,09:32:29,278.6,274.1,40,277.1,80,0,4660
BANKNIFTY16JAN2031700PE.NFO,07/01/2020,09:32:30,278.6,273.6,80,276.35,100,0,4660
BANKNIFTY16JAN2031700PE.NFO,07/01/2020,09:32:31,278.6,274.6,40,278.25,100,0,4660
BANKNIFTY16JAN2031700PE.NFO,07/01/2020,09:32:32,278.6,273.8,40,277.55,120,0,4660
BANKNIFTY16JAN2031700PE.NFO,07/01/2020,09:32:34,278.6,273,40,277.35,220,0,4660
BANKNIFTY16JAN2031700PE.NFO,07/01/2020,09:32:35,273,271.75,20,276.5,120,20,4660
BANKNIFTY16JAN2031700PE.NFO,07/01/2020,09:32:35,273,271.75,20,276.5,120,0,4660
BANKNIFTY16JAN2031700PE.NFO,07/01/2020,09:32:36,273,272.65,40,276.1,120,0,4660
BANKNIFTY16JAN2031700PE.NFO,07/01/2020,09:32:37,272.65,271.95,40,275.55,200,40,4660
BANKNIFTY16JAN2031700PE.NFO,07/01/2020,09:32:37,272.65,271.95,40,275.55,200,0,4660
BANKNIFTY16JAN2031700PE.NFO,07/01/2020,09:32:38,272.65,271.6,20,275.25,220,0,4660
BANKNIFTY16JAN2031700PE.NFO,07/01/2020,09:32:39,272.65,271.1,40,274,100,0,4660
BANKNIFTY16JAN2031700PE.NFO,07/01/2020,09:32:40,272.65,270.9,20,273.65,200,20,4660
BANKNIFTY16JAN2031700PE.NFO,07/01/2020,09:32:41,272.65,270.05,20,272.5,40,0,4660
BANKNIFTY16JAN2031700PE.NFO,07/01/2020,09:32:42,272.65,270.4,20,272.2,60,0,4660
BANKNIFTY16JAN2031700PE.NFO,07/01/2020,09:32:43,272.65,270.1,20,273.45,160,0,4660
BANKNIFTY16JAN2031700PE.NFO,07/01/2020,09:32:44,272.65,270.15,40,272.75,100,0,4660
BANKNIFTY16JAN2031700PE.NFO,07/01/2020,09:32:45,272.65,270.1,20,272.25,100,0,4660
BANKNIFTY16JAN2031700PE.NFO,07/01/2020,09:32:46,272.65,270.1,20,271.95,100,0,4660
BANKNIFTY16JAN2031700PE.NFO,07/01/2020,09:32:47,272.65,270,20,271.25,80,0,4660
BANKNIFTY16JAN2031700PE.NFO,07/01/2020,09:32:48,270,268.65,40,271,60,40,4660
BANKNIFTY16JAN2031700PE.NFO,07/01/2020,09:32:48,270,268.65,40,271,60,0,4660
BANKNIFTY16JAN2031700PE.NFO,07/01/2020,09:32:49,270,267.05,40,271.2,100,0,4660
BANKNIFTY16JAN2031700PE.NFO,07/01/2020,09:32:50,270,268.1,40,271.3,100,0,4660
BANKNIFTY16JAN2031700PE.NFO,07/01/2020,09:32:51,270,265.7,40,270.85,100,0,4660
BANKNIFTY16JAN2031700PE.NFO,07/01/2020,09:32:52,270.5,267.05,20,270.45,100,60,4660
BANKNIFTY16JAN2031700PE.NFO,07/01/2020,09:32:52,265.7,267.05,20,270.45,100,0,4660
BANKNIFTY16JAN2031700PE.NFO,07/01/2020,09:32:53,267.3,267.25,40,270.4,100,200,4660
BANKNIFTY16JAN2031700PE.NFO,07/01/2020,09:32:54,267.3,267.25,40,270.4,100,0,4660
BANKNIFTY16JAN2031700PE.NFO,07/01/2020,09:32:55,267.3,268,60,271.35,120,0,4660
BANKNIFTY16JAN2031700PE.NFO,07/01/2020,09:32:56,267.3,268.4,60,271.7,100,0,4660
BANKNIFTY16JAN2031700PE.NFO,07/01/2020,09:32:57,267.3,268.6,60,272.5,120,0,4660
BANKNIFTY16JAN2031700PE.NFO,07/01/2020,09:32:58,267.3,268.7,20,271.9,140,0,4660
BANKNIFTY16JAN2031700PE.NFO,07/01/2020,09:33:01,269.5,267.5,40,271.9,100,20,4660
BANKNIFTY16JAN2031700PE.NFO,07/01/2020,09:33:02,269.5,267.5,40,271.9,100,0,4660
BANKNIFTY16JAN2031700PE.NFO,07/01/2020,09:33:03,269.05,266.95,40,271.85,140,20,4660
BANKNIFTY16JAN2031700PE.NFO,07/01/2020,09:33:04,269.05,267.25,60,271.85,140,0,4660
BANKNIFTY16JAN2031700PE.NFO,07/01/2020,09:33:05,269.05,267.25,60,273.55,100,0,4660
BANKNIFTY16JAN2031700PE.NFO,07/01/2020,09:33:06,269,269.15,40,273.4,100,100,4660
BANKNIFTY16JAN2031700PE.NFO,07/01/2020,09:33:07,271.6,267.4,40,273.1,140,60,4660
BANKNIFTY16JAN2031700PE.NFO,07/01/2020,09:33:08,271.6,267.6,40,273,160,0,4660
BANKNIFTY16JAN2031700PE.NFO,07/01/2020,09:33:09,271.6,267.6,40,273,140,0,4660
BANKNIFTY16JAN2031700PE.NFO,07/01/2020,09:33:10,271.6,266.6,40,271.05,140,0,4660
BANKNIFTY16JAN2031700PE.NFO,07/01/2020,09:33:11,271.6,266.6,40,270.8,100,0,4660
BANKNIFTY16JAN2031700PE.NFO,07/01/2020,09:33:12,271.6,266.6,40,270.3,100,0,4660
BANKNIFTY16JAN2031700PE.NFO,07/01/2020,09:33:13,271.6,264.05,40,268.9,100,0,4660
BANKNIFTY16JAN2031700PE.NFO,07/01/2020,09:33:14,268.1,265.3,40,269.4,140,120,4660
BANKNIFTY16JAN2031700PE.NFO,07/01/2020,09:33:15,268.1,265.45,40,269.3,100,0,4660
BANKNIFTY16JAN2031700PE.NFO,07/01/2020,09:33:16,268.1,265.45,40,269.15,60,0,4660
BANKNIFTY16JAN2031700PE.NFO,07/01/2020,09:33:17,268.1,261.45,100,270.8,140,0,4660
BANKNIFTY16JAN2031700PE.NFO,07/01/2020,09:33:18,268.1,264.8,20,268.5,100,0,4660
BANKNIFTY16JAN2031700PE.NFO,07/01/2020,09:33:19,269.8,267,20,269.85,100,100,4660
BANKNIFTY16JAN2031700PE.NFO,07/01/2020,09:33:20,267,265.05,40,270.4,100,20,4660
BANKNIFTY16JAN2031700PE.NFO,07/01/2020,09:33:21,267,265.25,40,270.4,100,0,4660
BANKNIFTY16JAN2031700PE.NFO,07/01/2020,09:33:23,265.25,265.05,40,269.35,40,40,4660
BANKNIFTY16JAN2031700PE.NFO,07/01/2020,09:33:23,265.25,265.05,40,269.35,40,0,4660
BANKNIFTY16JAN2031700PE.NFO,07/01/2020,09:33:24,265.25,265.05,40,269.3,100,0,4660
BANKNIFTY16JAN2031700PE.NFO,07/01/2020,09:33:25,265.25,265.05,40,269.1,140,0,4660
BANKNIFTY16JAN2031700PE.NFO,07/01/2020,09:33:26,262,262,20,267.7,100,100,4660
BANKNIFTY16JAN2031700PE.NFO,07/01/2020,09:33:26,262,262,20,267.7,100,0,4660
BANKNIFTY16JAN2031700PE.NFO,07/01/2020,09:33:27,267.7,262.75,60,266.95,20,20,4660
BANKNIFTY16JAN2031700PE.NFO,07/01/2020,09:33:28,266.45,264,40,269.3,40,20,4660
BANKNIFTY16JAN2031700PE.NFO,07/01/2020,09:33:29,266.45,263.85,40,268.75,140,0,4660
BANKNIFTY16JAN2031700PE.NFO,07/01/2020,09:33:31,266.45,263.05,20,268.75,140,0,4660
BANKNIFTY16JAN2031700PE.NFO,07/01/2020,09:33:32,266.45,262.55,20,268.75,140,0,4660
BANKNIFTY16JAN2031700PE.NFO,07/01/2020,09:33:33,262.65,262.6,40,268.65,140,20,4660
BANKNIFTY16JAN2031700PE.NFO,07/01/2020,09:33:34,262.65,262.6,40,268.65,140,0,4660
BANKNIFTY16JAN2031700PE.NFO,07/01/2020,09:33:35,262.65,262.5,40,268.45,140,0,4660
BANKNIFTY16JAN2031700PE.NFO,07/01/2020,09:33:36,262.65,260.2,40,267.35,100,0,4660
BANKNIFTY16JAN2031700PE.NFO,07/01/2020,09:33:37,262.65,260.7,40,265.2,60,0,4660
BANKNIFTY16JAN2031700PE.NFO,07/01/2020,09:33:38,261.8,262,40,265.15,20,20,4660
BANKNIFTY16JAN2031700PE.NFO,07/01/2020,09:33:38,261.8,262,40,265.15,20,0,4660
BANKNIFTY16JAN2031700PE.NFO,07/01/2020,09:33:39,261.8,262.05,20,264.75,20,0,4660
BANKNIFTY16JAN2031700PE.NFO,07/01/2020,09:33:40,261.8,260.2,40,264.35,100,0,4660
BANKNIFTY16JAN2031700PE.NFO,07/01/2020,09:33:41,262.5,260,300,265.45,40,20,4660
BANKNIFTY16JAN2031700PE.NFO,07/01/2020,09:33:42,262.55,260.05,20,263.8,100,40,4660
BANKNIFTY16JAN2031700PE.NFO,07/01/2020,09:33:43,262.55,260,300,265.45,140,0,4660
BANKNIFTY16JAN2031700PE.NFO,07/01/2020,09:33:44,262.55,260.65,40,265.45,140,0,4660
BANKNIFTY16JAN2031700PE.NFO,07/01/2020,09:33:45,265.15,260.85,40,265.3,100,100,4660
BANKNIFTY16JAN2031700PE.NFO,07/01/2020,09:33:46,265.15,260.85,40,265.2,160,0,4660
BANKNIFTY16JAN2031700PE.NFO,07/01/2020,09:33:47,265.15,260.85,40,265.45,100,0,4660
BANKNIFTY16JAN2031700PE.NFO,07/01/2020,09:33:48,265.15,260.85,40,265.25,100,0,4660
BANKNIFTY16JAN2031700PE.NFO,07/01/2020,09:33:49,260.85,260.85,20,263.85,140,20,4660
BANKNIFTY16JAN2031700PE.NFO,07/01/2020,09:33:49,260.85,260.85,20,263.85,140,0,4660
BANKNIFTY16JAN2031700PE.NFO,07/01/2020,09:33:50,260.85,260,300,263.65,300,60,4660
BANKNIFTY16JAN2031700PE.NFO,07/01/2020,09:33:51,260,260.05,100,263.5,40,60,4660
BANKNIFTY16JAN2031700PE.NFO,07/01/2020,09:33:51,260,260.05,100,263.5,40,0,4660
BANKNIFTY16JAN2031700PE.NFO,07/01/2020,09:33:52,262.55,260.15,20,263.05,20,100,4660
BANKNIFTY16JAN2031700PE.NFO,07/01/2020,09:33:53,262.55,260.55,20,263.6,100,0,4660
BANKNIFTY16JAN2031700PE.NFO,07/01/2020,09:33:54,262.8,260,280,262.8,60,60,4660
BANKNIFTY16JAN2031700PE.NFO,07/01/2020,09:33:55,262.8,260,200,262.8,60,0,4660
BANKNIFTY16JAN2031700PE.NFO,07/01/2020,09:33:56,260.05,260.05,20,262.1,100,80,4660
BANKNIFTY16JAN2031700PE.NFO,07/01/2020,09:33:57,260,260,80,262.65,140,80,4660
BANKNIFTY16JAN2031700PE.NFO,07/01/2020,09:33:58,260,260,40,262.85,140,40,4660
BANKNIFTY16JAN2031700PE.NFO,07/01/2020,09:33:59,260,256.9,40,262.65,140,40,4660
BANKNIFTY16JAN2031700PE.NFO,07/01/2020,09:34:00,260,256.9,40,262.65,140,0,4660
BANKNIFTY16JAN2031700PE.NFO,07/01/2020,09:34:01,260,255.35,40,262.05,100,0,4660
BANKNIFTY16JAN2031700PE.NFO,07/01/2020,09:34:02,260,254.15,40,259.8,40,0,4660
BANKNIFTY16JAN2031700PE.NFO,07/01/2020,09:34:03,259.65,254.15,100,262.2,20,80,4660
BANKNIFTY16JAN2031700PE.NFO,07/01/2020,09:34:03,259.5,254.15,100,262.2,20,0,4660
BANKNIFTY16JAN2031700PE.NFO,07/01/2020,09:34:04,261.4,254.15,100,261.3,20,40,4660
BANKNIFTY16JAN2031700PE.NFO,07/01/2020,09:34:05,258.95,259.55,20,262.7,40,160,4660
BANKNIFTY16JAN2031700PE.NFO,07/01/2020,09:34:05,258.85,259.55,20,262.7,40,0,4660
BANKNIFTY16JAN2031700PE.NFO,07/01/2020,09:34:06,260.3,259.1,40,263.25,100,40,4660
BANKNIFTY16JAN2031700PE.NFO,07/01/2020,09:34:07,260,251.9,20,262.6,60,40,4660
BANKNIFTY16JAN2031700PE.NFO,07/01/2020,09:34:08,260,256.65,40,264.8,280,0,4660
BANKNIFTY16JAN2031700PE.NFO,07/01/2020,09:34:09,260,257.85,100,264.7,100,0,4660
BANKNIFTY16JAN2031700PE.NFO,07/01/2020,09:34:10,260,259.15,40,264.55,100,0,4660
BANKNIFTY16JAN2031700PE.NFO,07/01/2020,09:34:11,260,259.15,80,263.8,40,0,4660
BANKNIFTY16JAN2031700PE.NFO,07/01/2020,09:34:12,260.4,259.65,140,264.25,100,60,4660
BANKNIFTY16JAN2031700PE.NFO,07/01/2020,09:34:13,260.4,260.55,60,264,100,0,4660
BANKNIFTY16JAN2031700PE.NFO,07/01/2020,09:34:14,260.4,260.8,20,262.9,40,0,4660
BANKNIFTY16JAN2031700PE.NFO,07/01/2020,09:34:15,260.8,255.9,20,263.65,100,20,4660
BANKNIFTY16JAN2031700PE.NFO,07/01/2020,09:34:16,260.8,256.65,100,263.1,100,0,4660
BANKNIFTY16JAN2031700PE.NFO,07/01/2020,09:34:17,262.65,257.25,100,263.1,20,20,4660
BANKNIFTY16JAN2031700PE.NFO,07/01/2020,09:34:18,262.65,259.7,40,262.85,140,0,4660
BANKNIFTY16JAN2031700PE.NFO,07/01/2020,09:34:19,260.4,260.7,40,263.75,100,140,4660
BANKNIFTY16JAN2031700PE.NFO,07/01/2020,09:34:20,260.4,262.3,40,267.25,140,0,4660
BANKNIFTY16JAN2031700PE.NFO,07/01/2020,09:34:21,260.4,262.7,40,265.8,100,0,4660
BANKNIFTY16JAN2031700PE.NFO,07/01/2020,09:34:22,260.4,263.8,40,265.6,20,0,4660
BANKNIFTY16JAN2031700PE.NFO,07/01/2020,09:34:23,263.8,262.4,40,265.55,120,40,4660
BANKNIFTY16JAN2031700PE.NFO,07/01/2020,09:34:24,262.4,258.85,60,264.65,40,40,4660
BANKNIFTY16JAN2031700PE.NFO,07/01/2020,09:34:25,262.4,258.85,60,264.65,40,0,4660
BANKNIFTY16JAN2031700PE.NFO,07/01/2020,09:34:26,262.4,259.05,140,264.8,60,0,4660
BANKNIFTY16JAN2031700PE.NFO,07/01/2020,09:34:27,264.7,260.1,20,268.35,260,60,4660
BANKNIFTY16JAN2031700PE.NFO,07/01/2020,09:34:28,264.7,260.25,260,268.2,100,0,4660
BANKNIFTY16JAN2031700PE.NFO,07/01/2020,09:34:29,264.7,261.15,200,267.1,40,0,4660
BANKNIFTY16JAN2031700PE.NFO,07/01/2020,09:34:30,264.7,262.35,220,268.2,140,0,4660
BANKNIFTY16JAN2031700PE.NFO,07/01/2020,09:34:31,264.7,262.65,100,267.8,40,0,4660
BANKNIFTY16JAN2031700PE.NFO,07/01/2020,09:34:32,264.7,262.75,200,267.7,80,0,4660
BANKNIFTY16JAN2031700PE.NFO,07/01/2020,09:34:33,263.9,264,40,267.3,100,200,4660
BANKNIFTY16JAN2031700PE.NFO,07/01/2020,09:34:34,264.6,264.75,120,267.9,120,180,4660
BANKNIFTY16JAN2031700PE.NFO,07/01/2020,09:34:35,265.35,265.35,200,268.65,100,220,4660
BANKNIFTY16JAN2031700PE.NFO,07/01/2020,09:34:36,265.35,265.35,180,268.35,100,80,4660
BANKNIFTY16JAN2031700PE.NFO,07/01/2020,09:34:37,268.35,265.55,100,268.35,60,80,4660
BANKNIFTY16JAN2031700PE.NFO,07/01/2020,09:34:38,265.55,265.15,20,268.05,100,40,4660
BANKNIFTY16JAN2031700PE.NFO,07/01/2020,09:34:39,265.95,264.6,100,268.5,40,120,4660
BANKNIFTY16JAN2031700PE.NFO,07/01/2020,09:34:40,264.6,264.3,100,268,200,40,4660
BANKNIFTY16JAN2031700PE.NFO,07/01/2020,09:34:41,264.6,263.6,100,267.8,200,0,4660
BANKNIFTY16JAN2031700PE.NFO,07/01/2020,09:34:42,266.1,264.05,200,267.65,40,160,4660
BANKNIFTY16JAN2031700PE.NFO,07/01/2020,09:34:43,266.1,264.05,100,267,100,0,4660
BANKNIFTY16JAN2031700PE.NFO,07/01/2020,09:34:44,264.25,263.8,80,267.05,20,200,4660
BANKNIFTY16JAN2031700PE.NFO,07/01/2020,09:34:45,264.25,263.8,80,267.05,20,0,4660
BANKNIFTY16JAN2031700PE.NFO,07/01/2020,09:34:46,264.25,264.5,60,267.15,120,0,4660
BANKNIFTY16JAN2031700PE.NFO,07/01/2020,09:34:47,264.5,263.15,100,266.6,100,40,4660
BANKNIFTY16JAN2031700PE.NFO,07/01/2020,09:34:48,263.7,263.85,40,266.95,100,20,4660
BANKNIFTY16JAN2031700PE.NFO,07/01/2020,09:34:49,263.7,263.85,40,265.05,80,0,4660
BANKNIFTY16JAN2031700PE.NFO,07/01/2020,09:34:50,263.9,263.9,20,265.4,100,40,4660
BANKNIFTY16JAN2031700PE.NFO,07/01/2020,09:34:51,263.95,263,20,265.55,140,40,4660
BANKNIFTY16JAN2031700PE.NFO,07/01/2020,09:34:52,263.95,263,20,264.7,140,0,4660
BANKNIFTY16JAN2031700PE.NFO,07/01/2020,09:34:53,263.95,263,20,265.15,100,0,4660
BANKNIFTY16JAN2031700PE.NFO,07/01/2020,09:34:54,265,261.95,100,267.1,100,200,4660
BANKNIFTY16JAN2031700PE.NFO,07/01/2020,09:34:55,265,261.95,100,266.75,20,0,4660
BANKNIFTY16JAN2031700PE.NFO,07/01/2020,09:34:57,263.5,262.9,100,266,40,40,4660
BANKNIFTY16JAN2031700PE.NFO,07/01/2020,09:34:58,266.5,263.4,60,266.1,40,100,4660
BANKNIFTY16JAN2031700PE.NFO,07/01/2020,09:34:59,266.5,263.4,60,266.1,40,0,4660
BANKNIFTY16JAN2031700PE.NFO,07/01/2020,09:35:00,263.4,261.2,100,265.35,40,20,4660
BANKNIFTY16JAN2031700PE.NFO,07/01/2020,09:35:01,265.95,261.5,200,264.75,20,100,4660
BANKNIFTY16JAN2031700PE.NFO,07/01/2020,09:35:02,262.2,263.05,80,266.4,40,60,4660
BANKNIFTY16JAN2031700PE.NFO,07/01/2020,09:35:03,266.9,263.7,100,266.9,20,220,4660
BANKNIFTY16JAN2031700PE.NFO,07/01/2020,09:35:04,263.7,263.65,100,266.5,140,60,4660
BANKNIFTY16JAN2031700PE.NFO,07/01/2020,09:35:05,263.95,262.4,40,266.25,100,160,4660
BANKNIFTY16JAN2031700PE.NFO,07/01/2020,09:35:06,262.45,261.45,100,265.25,40,40,4660
BANKNIFTY16JAN2031700PE.NFO,07/01/2020,09:35:07,262.45,262.2,20,264.9,100,0,4660
BANKNIFTY16JAN2031700PE.NFO,07/01/2020,09:35:08,263.95,263.85,40,267.8,140,140,4660
BANKNIFTY16JAN2031700PE.NFO,07/01/2020,09:35:09,263.95,264.3,40,266.65,40,0,4660
BANKNIFTY16JAN2031700PE.NFO,07/01/2020,09:35:10,265.4,262.85,100,266.2,20,120,4660
BANKNIFTY16JAN2031700PE.NFO,07/01/2020,09:35:11,263.25,263.45,100,266.55,100,160,4660
BANKNIFTY16JAN2031700PE.NFO,07/01/2020,09:35:12,263.75,262.9,40,266.7,200,340,4660
BANKNIFTY16JAN2031700PE.NFO,07/01/2020,09:35:13,264.1,264.25,20,267.15,100,400,6940
BANKNIFTY16JAN2031700PE.NFO,07/01/2020,09:35:14,264.6,264.6,40,267.2,60,100,6940
BANKNIFTY16JAN2031700PE.NFO,07/01/2020,09:35:15,264.6,264.1,60,266.3,40,40,6940
BANKNIFTY16JAN2031700PE.NFO,07/01/2020,09:35:16,264.6,263.85,20,266.75,40,0,6940
BANKNIFTY16JAN2031700PE.NFO,07/01/2020,09:35:17,263.8,263.55,60,265.95,80,80,6940
BANKNIFTY16JAN2031700PE.NFO,07/01/2020,09:35:18,262.8,263,60,265.35,80,80,6940
BANKNIFTY16JAN2031700PE.NFO,07/01/2020,09:35:19,262.8,263.65,40,265.8,60,0,6940
BANKNIFTY16JAN2031700PE.NFO,07/01/2020,09:35:20,265,262.75,100,265.2,100,1580,6940
BANKNIFTY16JAN2031700PE.NFO,07/01/2020,09:35:21,264.45,264.2,20,266.4,80,120,6940
BANKNIFTY16JAN2031700PE.NFO,07/01/2020,09:35:22,264.55,264.5,100,267,160,100,6940
BANKNIFTY16JAN2031700PE.NFO,07/01/2020,09:35:23,264.8,265.45,20,267.6,120,40,6940
BANKNIFTY16JAN2031700PE.NFO,07/01/2020,09:35:24,265.65,264.25,60,266.95,60,20,6940
BANKNIFTY16JAN2031700PE.NFO,07/01/2020,09:35:25,265.65,264.8,20,266.9,200,0,6940
BANKNIFTY16JAN2031700PE.NFO,07/01/2020,09:35:26,264.95,265.35,20,267,500,40,6940
BANKNIFTY16JAN2031700PE.NFO,07/01/2020,09:35:27,265.5,264.75,20,266.85,200,40,6940
BANKNIFTY16JAN2031700PE.NFO,07/01/2020,09:35:28,267,265.4,40,267,120,420,6940
BANKNIFTY16JAN2031700PE.NFO,07/01/2020,09:35:29,265.45,265.3,20,267,120,60,6940
BANKNIFTY16JAN2031700PE.NFO,07/01/2020,09:35:30,265.35,264.8,140,267,120,20,6940
BANKNIFTY16JAN2031700PE.NFO,07/01/2020,09:35:31,264.9,264.9,60,267,120,40,6940
BANKNIFTY16JAN2031700PE.NFO,07/01/2020,09:35:32,264.9,264.7,20,266.95,60,0,6940
BANKNIFTY16JAN2031700PE.NFO,07/01/2020,09:35:33,264.75,263.6,120,266.5,40,160,6940
BANKNIFTY16JAN2031700PE.NFO,07/01/2020,09:35:34,265.9,263.45,20,265.85,100,160,6940
BANKNIFTY16JAN2031700PE.NFO,07/01/2020,09:35:35,264.2,263.55,200,266.85,200,240,6940
BANKNIFTY16JAN2031700PE.NFO,07/01/2020,09:35:36,264.2,264.2,140,266.85,200,0,6940
BANKNIFTY16JAN2031700PE.NFO,07/01/2020,09:35:37,264.6,263.8,100,267.6,80,240,6940
BANKNIFTY16JAN2031700PE.NFO,07/01/2020,09:35:38,265.1,264.45,60,267.4,200,80,6940
BANKNIFTY16JAN2031700PE.NFO,07/01/2020,09:35:39,266.75,262.8,100,268.3,20,160,6940
BANKNIFTY16JAN2031700PE.NFO,07/01/2020,09:35:40,266.75,263.3,200,268.3,100,0,6940
BANKNIFTY16JAN2031700PE.NFO,07/01/2020,09:35:41,266.75,265.7,100,269.3,20,0,6940
BANKNIFTY16JAN2031700PE.NFO,07/01/2020,09:35:42,267.05,266.95,20,272.15,100,180,6940
BANKNIFTY16JAN2031700PE.NFO,07/01/2020,09:35:43,265.7,265.7,80,270.8,140,100,6940
BANKNIFTY16JAN2031700PE.NFO,07/01/2020,09:35:44,265.7,268.05,20,272.15,100,0,6940
BANKNIFTY16JAN2031700PE.NFO,07/01/2020,09:35:45,270,268.65,100,271.85,100,100,6940
BANKNIFTY16JAN2031700PE.NFO,07/01/2020,09:35:46,269.3,266.25,100,271.15,60,220,6940
BANKNIFTY16JAN2031700PE.NFO,07/01/2020,09:35:47,268.9,267.45,80,270.35,100,60,6940
BANKNIFTY16JAN2031700PE.NFO,07/01/2020,09:35:48,269.5,265.65,80,269.9,140,80,6940
BANKNIFTY16JAN2031700PE.NFO,07/01/2020,09:35:49,269.5,265.1,80,268.25,100,0,6940
BANKNIFTY16JAN2031700PE.NFO,07/01/2020,09:35:50,269.5,264.85,40,266.9,40,0,6940
BANKNIFTY16JAN2031700PE.NFO,07/01/2020,09:35:51,265.1,263.7,100,266.4,20,100,6940
BANKNIFTY16JAN2031700PE.NFO,07/01/2020,09:35:52,265.1,263.7,20,265.8,100,0,6940
BANKNIFTY16JAN2031700PE.NFO,07/01/2020,09:35:53,263.9,261.95,200,265.1,40,140,6940
BANKNIFTY16JAN2031700PE.NFO,07/01/2020,09:35:54,264.6,262.9,100,266,40,540,6940
BANKNIFTY16JAN2031700PE.NFO,07/01/2020,09:35:55,265.2,263.7,100,266.6,60,240,6940
BANKNIFTY16JAN2031700PE.NFO,07/01/2020,09:35:56,265.2,263.8,40,266.35,60,0,6940
BANKNIFTY16JAN2031700PE.NFO,07/01/2020,09:35:57,263.05,263,20,265.65,100,140,6940
BANKNIFTY16JAN2031700PE.NFO,07/01/2020,09:35:58,263.3,262.9,20,265.4,60,380,6940
BANKNIFTY16JAN2031700PE.NFO,07/01/2020,09:35:59,265.2,262.5,120,265.2,80,380,6940
BANKNIFTY16JAN2031700PE.NFO,07/01/2020,09:36:00,265.85,263.9,40,266.7,100,380,6940
BANKNIFTY16JAN2031700PE.NFO,07/01/2020,09:36:01,265.85,264.3,20,268.1,40,0,6940
BANKNIFTY16JAN2031700PE.NFO,07/01/2020,09:36:02,264,262.9,100,266.5,40,100,6940
BANKNIFTY16JAN2031700PE.NFO,07/01/2020,09:36:03,263.6,263.6,40,266.6,40,340,6940
BANKNIFTY16JAN2031700PE.NFO,07/01/2020,09:36:04,266.2,265.05,80,268.4,100,140,6940
BANKNIFTY16JAN2031700PE.NFO,07/01/2020,09:36:05,264.8,263.65,20,266.65,100,160,6940
BANKNIFTY16JAN2031700PE.NFO,07/01/2020,09:36:06,264.25,264.25,20,266.75,200,80,6940
BANKNIFTY16JAN2031700PE.NFO,07/01/2020,09:36:07,264.25,264.25,20,266.7,20,0,6940
BANKNIFTY16JAN2031700PE.NFO,07/01/2020,09:36:08,264.25,263.75,20,265.35,20,20,6940
BANKNIFTY16JAN2031700PE.NFO,07/01/2020,09:36:09,263.2,261.3,20,264.75,40,160,6940
BANKNIFTY16JAN2031700PE.NFO,07/01/2020,09:36:10,262.4,260.25,80,263.55,20,100,6940
BANKNIFTY16JAN2031700PE.NFO,07/01/2020,09:36:11,263.25,260.6,40,263.95,100,40,6940
BANKNIFTY16JAN2031700PE.NFO,07/01/2020,09:36:12,260.6,260.6,20,262.95,40,160,6940
BANKNIFTY16JAN2031700PE.NFO,07/01/2020,09:36:13,260.8,258,40,261.2,60,120,6940
BANKNIFTY16JAN2031700PE.NFO,07/01/2020,09:36:14,260.9,258.75,40,262.1,100,160,6940
BANKNIFTY16JAN2031700PE.NFO,07/01/2020,09:36:15,259.7,259.9,40,262,60,60,6940
BANKNIFTY16JAN2031700PE.NFO,07/01/2020,09:36:16,261.25,262.15,20,264.2,140,120,6940
BANKNIFTY16JAN2031700PE.NFO,07/01/2020,09:36:17,262.6,261.5,200,264.2,40,60,6940
BANKNIFTY16JAN2031700PE.NFO,07/01/2020,09:36:18,261.9,261.9,120,264.5,60,80,6940
BANKNIFTY16JAN2031700PE.NFO,07/01/2020,09:36:19,262.2,262.8,140,264.95,40,40,6940
BANKNIFTY16JAN2031700PE.NFO,07/01/2020,09:36:20,262.2,262.9,40,264.4,80,0,6940
BANKNIFTY16JAN2031700PE.NFO,07/01/2020,09:36:21,263.4,263.65,40,265.7,60,80,6940
BANKNIFTY16JAN2031700PE.NFO,07/01/2020,09:36:22,263.4,264.55,180,266.75,60,0,6940
BANKNIFTY16JAN2031700PE.NFO,07/01/2020,09:36:23,263.4,265.25,80,267.85,60,0,6940
BANKNIFTY16JAN2031700PE.NFO,07/01/2020,09:36:24,263.4,265.25,40,266.6,40,0,6940
BANKNIFTY16JAN2031700PE.NFO,07/01/2020,09:36:25,263.4,265.25,40,266.75,40,0,6940
BANKNIFTY16JAN2031700PE.NFO,07/01/2020,09:36:27,263.4,265.55,40,267.75,40,0,6940
BANKNIFTY16JAN2031700PE.NFO,07/01/2020,09:36:28,263.4,265.55,80,267.95,40,0,6940
BANKNIFTY16JAN2031700PE.NFO,07/01/2020,09:36:29,267.95,265.1,60,268.3,140,40,6940
BANKNIFTY16JAN2031700PE.NFO,07/01/2020,09:36:30,267.95,265.15,40,268.1,100,0,6940
BANKNIFTY16JAN2031700PE.NFO,07/01/2020,09:36:31,267.95,264.1,60,267.55,100,0,6940
BANKNIFTY16JAN2031700PE.NFO,07/01/2020,09:36:32,267.95,264.6,40,267,100,0,6940
BANKNIFTY16JAN2031700PE.NFO,07/01/2020,09:36:33,267.95,264.6,80,267.3,40,0,6940
BANKNIFTY16JAN2031700PE.NFO,07/01/2020,09:36:34,267.95,264.35,80,267.35,40,0,6940
BANKNIFTY16JAN2031700PE.NFO,07/01/2020,09:36:35,267.95,264.45,20,266.85,40,0,6940
BANKNIFTY16JAN2031700PE.NFO,07/01/2020,09:36:37,267.95,264.6,100,267.7,40,0,6940
BANKNIFTY16JAN2031700PE.NFO,07/01/2020,09:36:38,267.95,264.85,20,267.45,60,0,6940
BANKNIFTY16JAN2031700PE.NFO,07/01/2020,09:36:39,267.95,264.9,40,268.1,100,0,6940
BANKNIFTY16JAN2031700PE.NFO,07/01/2020,09:36:40,267.95,264.7,80,267.65,20,0,6940
BANKNIFTY16JAN2031700PE.NFO,07/01/2020,09:36:41,267.95,264.6,100,267.8,40,0,6940
BANKNIFTY16JAN2031700PE.NFO,07/01/2020,09:36:42,267.5,265.45,100,268.5,60,100,6940
BANKNIFTY16JAN2031700PE.NFO,07/01/2020,09:36:43,267.5,265.5,60,268.85,100,0,6940
BANKNIFTY16JAN2031700PE.NFO,07/01/2020,09:36:44,267.5,265.4,100,268.45,40,0,6940
BANKNIFTY16JAN2031700PE.NFO,07/01/2020,09:36:45,267.5,265.7,40,268.45,40,0,6940
BANKNIFTY16JAN2031700PE.NFO,07/01/2020,09:36:46,267.5,265.3,140,268.8,80,0,6940
BANKNIFTY16JAN2031700PE.NFO,07/01/2020,09:36:47,267.5,265.7,20,268.4,60,0,6940
BANKNIFTY16JAN2031700PE.NFO,07/01/2020,09:36:48,267.5,265.75,20,268.4,40,0,6940
BANKNIFTY16JAN2031700PE.NFO,07/01/2020,09:36:49,267.5,264.8,140,267.95,40,0,6940
BANKNIFTY16JAN2031700PE.NFO,07/01/2020,09:36:50,267.5,264.85,60,267.45,40,0,6940
BANKNIFTY16JAN2031700PE.NFO,07/01/2020,09:36:51,267.5,264.25,160,267.5,80,0,6940
BANKNIFTY16JAN2031700PE.NFO,07/01/2020,09:36:52,267.5,263.6,140,267,40,0,6940
BANKNIFTY16JAN2031700PE.NFO,07/01/2020,09:36:53,267.5,264.2,60,266.6,40,0,6940
BANKNIFTY16JAN2031700PE.NFO,07/01/2020,09:36:54,267.5,264.5,80,267.35,60,0,6940
BANKNIFTY16JAN2031700PE.NFO,07/01/2020,09:36:55,267.5,264.9,100,268,40,0,6940
BANKNIFTY16JAN2031700PE.NFO,07/01/2020,09:36:56,266.95,264.1,140,267.1,20,40,6940
BANKNIFTY16JAN2031700PE.NFO,07/01/2020,09:36:57,266.95,264.65,60,267.3,20,0,6940
BANKNIFTY16JAN2031700PE.NFO,07/01/2020,09:36:58,266.95,263.95,140,267.15,20,0,6940
BANKNIFTY16JAN2031700PE.NFO,07/01/2020,09:36:59,266.95,265.4,40,268.3,100,0,6940
BANKNIFTY16JAN2031700PE.NFO,07/01/2020,09:37:00,267.35,265.4,40,269,160,20,6940
BANKNIFTY16JAN2031700PE.NFO,07/01/2020,09:37:01,267.35,265.3,20,268.4,160,0,6940
BANKNIFTY16JAN2031700PE.NFO,07/01/2020,09:37:02,267.35,265.2,40,269.1,200,0,6940
BANKNIFTY16JAN2031700PE.NFO,07/01/2020,09:37:03,267.35,264.95,100,268.6,160,0,6940
BANKNIFTY16JAN2031700PE.NFO,07/01/2020,09:37:04,267.35,264.75,120,268.1,20,0,6940
BANKNIFTY16JAN2031700PE.NFO,07/01/2020,09:37:05,267.35,265.1,80,268.25,100,0,6940
BANKNIFTY16JAN2031700PE.NFO,07/01/2020,09:37:06,267.35,265.55,20,268.35,40,0,6940
BANKNIFTY16JAN2031700PE.NFO,07/01/2020,09:37:07,267.35,264.95,60,268.3,40,0,6940
BANKNIFTY16JAN2031700PE.NFO,07/01/2020,09:37:08,267.35,265.2,40,267.8,40,0,6940
BANKNIFTY16JAN2031700PE.NFO,07/01/2020,09:37:09,267.35,266.35,80,269.75,100,0,6940
BANKNIFTY16JAN2031700PE.NFO,07/01/2020,09:37:10,267.35,266.35,100,269.45,40,0,6940
BANKNIFTY16JAN2031700PE.NFO,07/01/2020,09:37:11,267.35,267.05,40,270.4,140,0,6940
BANKNIFTY16JAN2031700PE.NFO,07/01/2020,09:37:12,267.35,266.8,20,269.9,60,0,6940
BANKNIFTY16JAN2031700PE.NFO,07/01/2020,09:37:13,267.35,266.9,40,269.7,80,0,6940
BANKNIFTY16JAN2031700PE.NFO,07/01/2020,09:37:14,267.35,266.65,100,270,100,0,6940
BANKNIFTY16JAN2031700PE.NFO,07/01/2020,09:37:15,267.35,267.65,40,269.8,80,0,6940
BANKNIFTY16JAN2031700PE.NFO,07/01/2020,09:37:16,268.35,267.6,40,270.45,100,40,6940
BANKNIFTY16JAN2031700PE.NFO,07/01/2020,09:37:17,268.35,266.9,40,269.5,100,0,6940
BANKNIFTY16JAN2031700PE.NFO,07/01/2020,09:37:19,268.35,266.95,40,270.05,100,0,6940
BANKNIFTY16JAN2031700PE.NFO,07/01/2020,09:37:20,268.35,266.9,40,269.65,100,0,6940
BANKNIFTY16JAN2031700PE.NFO,07/01/2020,09:37:21,268.35,267.2,40,270.25,100,0,6940
BANKNIFTY16JAN2031700PE.NFO,07/01/2020,09:37:22,268.35,267.05,40,270.1,100,0,6940
BANKNIFTY16JAN2031700PE.NFO,07/01/2020,09:37:23,268.35,267.2,100,270.35,160,0,6940
BANKNIFTY16JAN2031700PE.NFO,07/01/2020,09:37:24,268.35,267.75,40,270.65,80,0,6940
BANKNIFTY16JAN2031700PE.NFO,07/01/2020,09:37:25,268.35,267.8,20,270.75,60,0,6940
BANKNIFTY16JAN2031700PE.NFO,07/01/2020,09:37:26,268.35,267.7,60,270.85,100,0,6940
BANKNIFTY16JAN2031700PE.NFO,07/01/2020,09:37:27,268.35,268.05,40,270.9,80,0,6940
BANKNIFTY16JAN2031700PE.NFO,07/01/2020,09:37:28,268.35,268.7,40,272.1,100,0,6940
BANKNIFTY16JAN2031700PE.NFO,07/01/2020,09:37:29,268.35,269.2,40,272.6,100,0,6940
BANKNIFTY16JAN2031700PE.NFO,07/01/2020,09:37:30,268.35,269.3,60,272.4,100,0,6940
BANKNIFTY16JAN2031700PE.NFO,07/01/2020,09:37:31,268.35,268.7,80,272.2,100,0,6940
BANKNIFTY16JAN2031700PE.NFO,07/01/2020,09:37:32,268.35,268.75,40,271.85,100,0,6940
BANKNIFTY16JAN2031700PE.NFO,07/01/2020,09:37:33,268.35,268.5,40,270,200,0,6940
BANKNIFTY16JAN2031700PE.NFO,07/01/2020,09:37:34,270,269.55,40,272.7,100,200,6940
BANKNIFTY16JAN2031700PE.NFO,07/01/2020,09:37:35,270,269.6,40,272.75,100,0,6940
BANKNIFTY16JAN2031700PE.NFO,07/01/2020,09:37:36,270,269.7,40,272.75,100,0,6940
BANKNIFTY16JAN2031700PE.NFO,07/01/2020,09:37:37,270,269.8,60,272.75,100,0,6940
BANKNIFTY16JAN2031700PE.NFO,07/01/2020,09:37:38,270,269.9,60,273.3,40,0,6940
BANKNIFTY16JAN2031700PE.NFO,07/01/2020,09:37:39,270,269.95,60,273.3,100,0,6940
BANKNIFTY16JAN2031700PE.NFO,07/01/2020,09:37:40,270,270.15,40,273.85,100,0,6940
BANKNIFTY16JAN2031700PE.NFO,07/01/2020,09:37:41,270,270.45,40,273.95,100,0,6940
BANKNIFTY16JAN2031700PE.NFO,07/01/2020,09:37:42,270,269.7,40,273.3,100,0,6940
BANKNIFTY16JAN2031700PE.NFO,07/01/2020,09:37:43,270,269.95,20,272.85,100,0,6940
BANKNIFTY16JAN2031700PE.NFO,07/01/2020,09:37:44,270,269.5,40,272.55,100,0,6940
BANKNIFTY16JAN2031700PE.NFO,07/01/2020,09:37:45,270,269.9,40,273.2,100,0,6940
BANKNIFTY16JAN2031700PE.NFO,07/01/2020,09:37:46,270,269.85,20,273.1,100,0,6940
BANKNIFTY16JAN2031700PE.NFO,07/01/2020,09:37:47,270,269.85,20,272.8,100,0,6940
BANKNIFTY16JAN2031700PE.NFO,07/01/2020,09:37:48,270,269.9,40,272.5,100,0,6940
BANKNIFTY16JAN2031700PE.NFO,07/01/2020,09:37:49,270,269.45,40,272.2,100,0,6940
BANKNIFTY16JAN2031700PE.NFO,07/01/2020,09:37:50,270,269.55,40,272.25,100,0,6940
BANKNIFTY16JAN2031700PE.NFO,07/01/2020,09:37:51,270,269.8,40,273.15,100,0,6940
BANKNIFTY16JAN2031700PE.NFO,07/01/2020,09:37:52,270,269.85,40,272.9,100,0,6940
BANKNIFTY16JAN2031700PE.NFO,07/01/2020,09:37:53,270,269.95,40,273.3,120,0,6940
BANKNIFTY16JAN2031700PE.NFO,07/01/2020,09:37:54,270,270,120,273.2,100,0,6940
BANKNIFTY16JAN2031700PE.NFO,07/01/2020,09:37:55,270,271.05,20,274.15,100,0,6940
BANKNIFTY16JAN2031700PE.NFO,07/01/2020,09:37:56,270,271,40,274.15,100,0,6940
BANKNIFTY16JAN2031700PE.NFO,07/01/2020,09:37:57,270,270.4,40,273.95,100,0,6940
BANKNIFTY16JAN2031700PE.NFO,07/01/2020,09:37:58,270,270.15,40,273.8,40,0,6940
BANKNIFTY16JAN2031700PE.NFO,07/01/2020,09:37:59,270,270.95,40,274.1,80,0,6940
BANKNIFTY16JAN2031700PE.NFO,07/01/2020,09:38:00,270,271.1,20,274.1,100,0,6940
BANKNIFTY16JAN2031700PE.NFO,07/01/2020,09:38:01,270,270.3,120,273.7,100,0,6940
BANKNIFTY16JAN2031700PE.NFO,07/01/2020,09:38:02,270,270.1,60,273.2,60,0,6940
BANKNIFTY16JAN2031700PE.NFO,07/01/2020,09:38:03,270,269.8,60,273,60,0,6940
BANKNIFTY16JAN2031700PE.NFO,07/01/2020,09:38:04,270,269.65,100,272.8,40,0,6940
BANKNIFTY16JAN2031700PE.NFO,07/01/2020,09:38:05,270,269.6,80,272.75,100,0,6940
BANKNIFTY16JAN2031700PE.NFO,07/01/2020,09:38:06,270,269.9,40,273.25,120,0,6940
BANKNIFTY16JAN2031700PE.NFO,07/01/2020,09:38:07,270,270.1,20,273.45,100,0,6940
BANKNIFTY16JAN2031700PE.NFO,07/01/2020,09:38:08,270,270.5,40,274.1,100,0,6940
BANKNIFTY16JAN2031700PE.NFO,07/01/2020,09:38:10,270,270.65,40,273.85,100,0,6940
BANKNIFTY16JAN2031700PE.NFO,07/01/2020,09:38:11,270,270.85,40,273.95,100,0,6940
BANKNIFTY16JAN2031700PE.NFO,07/01/2020,09:38:12,270,271.4,20,274.15,100,0,6940
BANKNIFTY16JAN2031700PE.NFO,07/01/2020,09:38:13,270,270.7,20,273.8,100,0,6940
BANKNIFTY16JAN2031700PE.NFO,07/01/2020,09:38:14,270,270.3,140,273.75,100,0,6940
BANKNIFTY16JAN2031700PE.NFO,07/01/2020,09:38:15,270,270.7,20,274.05,100,0,6940
BANKNIFTY16JAN2031700PE.NFO,07/01/2020,09:38:16,270,270.9,60,273.7,60,0,6940
