Ticker,Date,Time,LTP,BuyPrice,BuyQty,SellPrice,SellQty,LTQ,OpenInterest
BANKNIFTY09JAN2032900PE.NFO,07/01/2020,09:15:37,1206.75,1099.1,200,1251.55,20,20,640
BANKNIFTY09JAN2032900PE.NFO,07/01/2020,09:15:37,1206.75,1099.1,200,1251.55,20,0,640
BANKNIFTY09JAN2032900PE.NFO,07/01/2020,09:15:37,1206.75,1099.1,200,1251.55,20,0,640
BANKNIFTY09JAN2032900PE.NFO,07/01/2020,09:15:37,1206.75,1099.1,200,1251.55,20,0,640
BANKNIFTY09JAN2032900PE.NFO,07/01/2020,09:15:39,1206.75,1200.6,20,1244.35,20,0,640
BANKNIFTY09JAN2032900PE.NFO,07/01/2020,09:15:40,1206.75,1192.05,20,1236.5,20,0,640
BANKNIFTY09JAN2032900PE.NFO,07/01/2020,09:15:41,1206.75,1188.9,20,1233,20,0,640
BANKNIFTY09JAN2032900PE.NFO,07/01/2020,09:15:42,1206.75,1185.4,20,1230.8,20,0,640
BANKNIFTY09JAN2032900PE.NFO,07/01/2020,09:15:43,1206.75,1189.4,20,1233.05,20,0,640
BANKNIFTY09JAN2032900PE.NFO,07/01/2020,09:15:43,1206.75,1183.65,20,1231,20,0,640
BANKNIFTY09JAN2032900PE.NFO,07/01/2020,09:15:44,1206.75,1196.6,20,1239.3,20,0,640
BANKNIFTY09JAN2032900PE.NFO,07/01/2020,09:15:45,1206.75,1187.4,20,1228.45,20,0,640
BANKNIFTY09JAN2032900PE.NFO,07/01/2020,09:15:46,1206.75,1188,20,1232.75,20,0,640
BANKNIFTY09JAN2032900PE.NFO,07/01/2020,09:15:47,1206.75,1186.65,20,1230.4,20,0,640
BANKNIFTY09JAN2032900PE.NFO,07/01/2020,09:15:49,1206.75,1183.6,20,1284.15,220,0,640
BANKNIFTY09JAN2032900PE.NFO,07/01/2020,09:15:49,1206.75,1183.65,20,1284.15,220,0,640
BANKNIFTY09JAN2032900PE.NFO,07/01/2020,09:15:50,1206.75,1183.3,20,1284.15,220,0,640
BANKNIFTY09JAN2032900PE.NFO,07/01/2020,09:15:51,1206.75,1183.35,20,1284.15,220,0,640
BANKNIFTY09JAN2032900PE.NFO,07/01/2020,09:15:52,1206.75,1182.45,20,1284.15,220,0,640
BANKNIFTY09JAN2032900PE.NFO,07/01/2020,09:15:53,1206.75,1177.55,20,1284.15,220,0,640
BANKNIFTY09JAN2032900PE.NFO,07/01/2020,09:15:54,1206.75,1172.65,220,1284.15,220,0,640
BANKNIFTY09JAN2032900PE.NFO,07/01/2020,09:15:56,1206.75,1172.85,20,1284.15,220,0,640
BANKNIFTY09JAN2032900PE.NFO,07/01/2020,09:15:56,1206.75,1173.1,20,1284.15,220,0,640
BANKNIFTY09JAN2032900PE.NFO,07/01/2020,09:15:57,1206.75,1172.7,20,1284.15,220,0,640
BANKNIFTY09JAN2032900PE.NFO,07/01/2020,09:15:58,1206.75,1170,20,1214.8,20,0,640
BANKNIFTY09JAN2032900PE.NFO,07/01/2020,09:15:59,1206.75,1173.15,20,1216.1,20,0,640
BANKNIFTY09JAN2032900PE.NFO,07/01/2020,09:16:00,1206.75,1172,20,1216.1,20,0,640
BANKNIFTY09JAN2032900PE.NFO,07/01/2020,09:16:01,1206.75,1179.15,220,1284.1,220,0,640
BANKNIFTY09JAN2032900PE.NFO,07/01/2020,09:16:03,1206.75,1179.15,200,1284.1,220,0,640
BANKNIFTY09JAN2032900PE.NFO,07/01/2020,09:16:03,1206.75,1149.05,200,1284.1,220,0,640
BANKNIFTY09JAN2032900PE.NFO,07/01/2020,09:16:04,1206.75,1175.25,200,1284.1,220,0,640
BANKNIFTY09JAN2032900PE.NFO,07/01/2020,09:16:06,1206.75,1175.3,20,1284.1,220,0,640
BANKNIFTY09JAN2032900PE.NFO,07/01/2020,09:16:07,1206.75,1175.25,200,1284.1,220,0,640
BANKNIFTY09JAN2032900PE.NFO,07/01/2020,09:16:09,1206.75,1170.1,20,1212.4,20,0,640
BANKNIFTY09JAN2032900PE.NFO,07/01/2020,09:16:10,1206.75,1172.15,20,1216.25,20,0,640
BANKNIFTY09JAN2032900PE.NFO,07/01/2020,09:16:11,1206.75,1172.15,20,1206.4,20,0,640
BANKNIFTY09JAN2032900PE.NFO,07/01/2020,09:16:13,1206.75,1162.8,20,1205.8,20,0,640
BANKNIFTY09JAN2032900PE.NFO,07/01/2020,09:16:14,1206.75,1167.3,20,1210.7,20,0,640
BANKNIFTY09JAN2032900PE.NFO,07/01/2020,09:16:16,1206.75,1167.35,180,1208,180,0,640
BANKNIFTY09JAN2032900PE.NFO,07/01/2020,09:16:17,1206.75,1170.65,180,1208,180,0,640
BANKNIFTY09JAN2032900PE.NFO,07/01/2020,09:16:18,1206.75,1170.65,180,1207.95,20,0,640
BANKNIFTY09JAN2032900PE.NFO,07/01/2020,09:16:20,1206.75,1170.65,180,1207.25,20,0,640
BANKNIFTY09JAN2032900PE.NFO,07/01/2020,09:16:22,1206.75,1170.65,180,1207.15,20,0,640
BANKNIFTY09JAN2032900PE.NFO,07/01/2020,09:16:24,1206.75,1170.65,180,1204.4,180,0,640
BANKNIFTY09JAN2032900PE.NFO,07/01/2020,09:16:26,1206.75,1170.7,20,1204.4,180,0,640
BANKNIFTY09JAN2032900PE.NFO,07/01/2020,09:16:28,1206.75,1170.65,180,1204.35,20,0,640
BANKNIFTY09JAN2032900PE.NFO,07/01/2020,09:16:31,1206.75,1170.65,180,1203.9,180,0,640
BANKNIFTY09JAN2032900PE.NFO,07/01/2020,09:16:33,1206.75,1170.65,180,1203.85,20,0,640
BANKNIFTY09JAN2032900PE.NFO,07/01/2020,09:16:34,1206.75,1170.65,180,1203.55,20,0,640
BANKNIFTY09JAN2032900PE.NFO,07/01/2020,09:16:35,1206.75,1170.65,180,1203.25,20,0,640
BANKNIFTY09JAN2032900PE.NFO,07/01/2020,09:16:38,1206.75,1170.65,180,1203.3,180,0,640
BANKNIFTY09JAN2032900PE.NFO,07/01/2020,09:16:39,1206.75,1170.65,180,1203.25,20,0,640
BANKNIFTY09JAN2032900PE.NFO,07/01/2020,09:16:40,1206.75,1170.65,180,1199.5,20,0,640
BANKNIFTY09JAN2032900PE.NFO,07/01/2020,09:16:42,1206.75,1170.65,180,1203.25,20,0,640
BANKNIFTY09JAN2032900PE.NFO,07/01/2020,09:16:44,1206.75,1170.65,180,1199.4,20,0,640
BANKNIFTY09JAN2032900PE.NFO,07/01/2020,09:16:46,1206.75,1170.65,180,1199.45,180,0,640
BANKNIFTY09JAN2032900PE.NFO,07/01/2020,09:16:48,1206.75,1170.65,180,1199.4,20,0,640
BANKNIFTY09JAN2032900PE.NFO,07/01/2020,09:16:49,1206.75,1161.85,160,1202.4,20,0,640
BANKNIFTY09JAN2032900PE.NFO,07/01/2020,09:16:50,1206.75,1161.95,20,1200.35,20,0,640
BANKNIFTY09JAN2032900PE.NFO,07/01/2020,09:16:52,1206.75,1161.95,20,1199.45,20,0,640
BANKNIFTY09JAN2032900PE.NFO,07/01/2020,09:16:53,1206.75,1161.9,180,1200.35,20,0,640
BANKNIFTY09JAN2032900PE.NFO,07/01/2020,09:16:54,1206.75,1161.9,180,1198.85,20,0,640
BANKNIFTY09JAN2032900PE.NFO,07/01/2020,09:16:56,1206.75,1163.3,20,1198.8,180,0,640
BANKNIFTY09JAN2032900PE.NFO,07/01/2020,09:16:57,1206.75,1163.35,180,1198.8,180,0,640
BANKNIFTY09JAN2032900PE.NFO,07/01/2020,09:16:58,1206.75,1163.35,180,1198.75,20,0,640
BANKNIFTY09JAN2032900PE.NFO,07/01/2020,09:17:02,1206.75,1163.4,20,1198.8,180,0,640
BANKNIFTY09JAN2032900PE.NFO,07/01/2020,09:17:03,1206.75,1163.4,20,1198.75,20,0,640
BANKNIFTY09JAN2032900PE.NFO,07/01/2020,09:17:04,1206.75,1163.35,180,1198.75,20,0,640
BANKNIFTY09JAN2032900PE.NFO,07/01/2020,09:17:07,1206.75,1163.4,20,1198.75,20,0,640
BANKNIFTY09JAN2032900PE.NFO,07/01/2020,09:17:08,1206.75,1163.35,180,1198.75,20,0,640
BANKNIFTY09JAN2032900PE.NFO,07/01/2020,09:17:11,1206.75,1163.35,180,1198.25,20,0,640
BANKNIFTY09JAN2032900PE.NFO,07/01/2020,09:17:12,1206.75,1163.35,180,1197.75,20,0,640
BANKNIFTY09JAN2032900PE.NFO,07/01/2020,09:17:13,1206.75,1163.35,180,1197.65,20,0,640
BANKNIFTY09JAN2032900PE.NFO,07/01/2020,09:17:21,1206.75,1163.4,20,1197.65,20,0,640
BANKNIFTY09JAN2032900PE.NFO,07/01/2020,09:17:23,1206.75,1163.35,180,1197.7,180,0,640
BANKNIFTY09JAN2032900PE.NFO,07/01/2020,09:17:24,1206.75,1163.35,180,1197.65,20,0,640
BANKNIFTY09JAN2032900PE.NFO,07/01/2020,09:17:25,1206.75,1163.4,20,1197.7,180,0,640
BANKNIFTY09JAN2032900PE.NFO,07/01/2020,09:17:26,1206.75,1163.35,180,1197.65,20,0,640
BANKNIFTY09JAN2032900PE.NFO,07/01/2020,09:17:27,1206.75,1163.4,20,1197.7,180,0,640
BANKNIFTY09JAN2032900PE.NFO,07/01/2020,09:17:28,1206.75,1164.35,20,1197.7,180,0,640
BANKNIFTY09JAN2032900PE.NFO,07/01/2020,09:17:29,1206.75,1165.25,20,1197.7,180,0,640
BANKNIFTY09JAN2032900PE.NFO,07/01/2020,09:17:30,1206.75,1166.15,60,1198.25,40,0,640
BANKNIFTY09JAN2032900PE.NFO,07/01/2020,09:17:31,1206.75,1168.5,20,1204.55,180,0,640
BANKNIFTY09JAN2032900PE.NFO,07/01/2020,09:17:33,1206.75,1172.1,20,1204.5,100,0,640
BANKNIFTY09JAN2032900PE.NFO,07/01/2020,09:17:34,1206.75,1172.15,180,1209.65,180,0,640
BANKNIFTY09JAN2032900PE.NFO,07/01/2020,09:17:35,1206.75,1176.3,180,1209.6,100,0,640
BANKNIFTY09JAN2032900PE.NFO,07/01/2020,09:17:37,1206.75,1176.35,20,1209.65,180,0,640
BANKNIFTY09JAN2032900PE.NFO,07/01/2020,09:17:38,1206.75,1176.35,20,1209.6,100,0,640
BANKNIFTY09JAN2032900PE.NFO,07/01/2020,09:17:40,1206.75,1176.3,180,1209.6,100,0,640
BANKNIFTY09JAN2032900PE.NFO,07/01/2020,09:17:41,1206.75,1176.35,20,1209.6,100,0,640
BANKNIFTY09JAN2032900PE.NFO,07/01/2020,09:17:42,1206.75,1179.9,20,1209.6,100,0,640
BANKNIFTY09JAN2032900PE.NFO,07/01/2020,09:17:44,1206.75,1180.05,20,1220.55,20,0,640
BANKNIFTY09JAN2032900PE.NFO,07/01/2020,09:17:45,1206.75,1180.05,20,1220.45,20,0,640
BANKNIFTY09JAN2032900PE.NFO,07/01/2020,09:17:46,1206.75,1181.65,20,1220.45,20,0,640
BANKNIFTY09JAN2032900PE.NFO,07/01/2020,09:17:47,1206.75,1181.65,20,1220.5,180,0,640
BANKNIFTY09JAN2032900PE.NFO,07/01/2020,09:17:48,1206.75,1183.5,20,1220.5,180,0,640
BANKNIFTY09JAN2032900PE.NFO,07/01/2020,09:17:49,1206.75,1183.6,20,1220.5,180,0,640
BANKNIFTY09JAN2032900PE.NFO,07/01/2020,09:17:50,1206.75,1183.65,20,1220.45,20,0,640
BANKNIFTY09JAN2032900PE.NFO,07/01/2020,09:17:51,1206.75,1183.7,20,1220.5,180,0,640
BANKNIFTY09JAN2032900PE.NFO,07/01/2020,09:17:53,1206.75,1184.25,20,1220.5,180,0,640
BANKNIFTY09JAN2032900PE.NFO,07/01/2020,09:17:55,1206.75,1184.3,20,1220.5,180,0,640
BANKNIFTY09JAN2032900PE.NFO,07/01/2020,09:17:56,1206.75,1184.35,20,1220.5,180,0,640
BANKNIFTY09JAN2032900PE.NFO,07/01/2020,09:17:57,1206.75,1184.4,20,1220.45,20,0,640
BANKNIFTY09JAN2032900PE.NFO,07/01/2020,09:17:57,1206.75,1184.55,20,1220.5,180,0,640
BANKNIFTY09JAN2032900PE.NFO,07/01/2020,09:17:58,1206.75,1184.7,20,1220.5,180,0,640
BANKNIFTY09JAN2032900PE.NFO,07/01/2020,09:17:59,1206.75,1184.85,20,1220.5,180,0,640
BANKNIFTY09JAN2032900PE.NFO,07/01/2020,09:18:02,1206.75,1184.9,20,1220.5,180,0,640
BANKNIFTY09JAN2032900PE.NFO,07/01/2020,09:18:03,1206.75,1184.9,20,1220.45,20,0,640
BANKNIFTY09JAN2032900PE.NFO,07/01/2020,09:18:05,1206.75,1184.75,180,1220.15,20,0,640
BANKNIFTY09JAN2032900PE.NFO,07/01/2020,09:18:07,1206.75,1184.75,180,1215.25,20,0,640
BANKNIFTY09JAN2032900PE.NFO,07/01/2020,09:18:08,1206.75,1184.75,180,1214.6,20,0,640
BANKNIFTY09JAN2032900PE.NFO,07/01/2020,09:18:08,1206.75,1184.75,180,1214,40,0,640
BANKNIFTY09JAN2032900PE.NFO,07/01/2020,09:18:09,1206.75,1184.75,180,1213.35,20,0,640
BANKNIFTY09JAN2032900PE.NFO,07/01/2020,09:18:10,1206.75,1175.1,180,1213,20,0,640
BANKNIFTY09JAN2032900PE.NFO,07/01/2020,09:18:12,1206.75,1175.1,180,1212.4,20,0,640
BANKNIFTY09JAN2032900PE.NFO,07/01/2020,09:18:13,1206.75,1175.1,180,1211.35,20,0,640
BANKNIFTY09JAN2032900PE.NFO,07/01/2020,09:18:14,1206.75,1175.1,180,1210.9,20,0,640
BANKNIFTY09JAN2032900PE.NFO,07/01/2020,09:18:15,1206.75,1175.1,180,1210.55,20,0,640
BANKNIFTY09JAN2032900PE.NFO,07/01/2020,09:18:17,1206.75,1175.1,180,1209.7,20,0,640
BANKNIFTY09JAN2032900PE.NFO,07/01/2020,09:18:19,1206.75,1175.1,180,1209.45,20,0,640
BANKNIFTY09JAN2032900PE.NFO,07/01/2020,09:18:20,1206.75,1175.1,180,1208.8,20,0,640
BANKNIFTY09JAN2032900PE.NFO,07/01/2020,09:18:21,1206.75,1175.1,180,1208.7,20,0,640
BANKNIFTY09JAN2032900PE.NFO,07/01/2020,09:18:22,1206.75,1175.1,180,1208.25,40,0,640
BANKNIFTY09JAN2032900PE.NFO,07/01/2020,09:18:23,1206.75,1175.1,180,1205.2,20,0,640
BANKNIFTY09JAN2032900PE.NFO,07/01/2020,09:18:23,1206.75,1175.1,180,1205,20,0,640
BANKNIFTY09JAN2032900PE.NFO,07/01/2020,09:18:24,1206.75,1175.1,180,1204.9,20,0,640
BANKNIFTY09JAN2032900PE.NFO,07/01/2020,09:18:26,1206.75,1175.1,180,1203.45,200,0,640
BANKNIFTY09JAN2032900PE.NFO,07/01/2020,09:18:28,1206.75,1175.1,180,1203.45,180,0,640
BANKNIFTY09JAN2032900PE.NFO,07/01/2020,09:18:34,1206.75,1175.1,180,1203.4,20,0,640
BANKNIFTY09JAN2032900PE.NFO,07/01/2020,09:18:38,1206.75,1175.1,180,1203.45,180,0,640
BANKNIFTY09JAN2032900PE.NFO,07/01/2020,09:18:40,1206.75,1175.4,20,1203.45,180,0,640
BANKNIFTY09JAN2032900PE.NFO,07/01/2020,09:18:41,1206.75,1175.6,200,1203.45,180,0,640
BANKNIFTY09JAN2032900PE.NFO,07/01/2020,09:18:42,1206.75,1175.85,180,1208.65,180,0,640
BANKNIFTY09JAN2032900PE.NFO,07/01/2020,09:18:43,1206.75,1176.15,20,1208.65,180,0,640
BANKNIFTY09JAN2032900PE.NFO,07/01/2020,09:18:44,1206.75,1179.1,20,1208.65,180,0,640
BANKNIFTY09JAN2032900PE.NFO,07/01/2020,09:18:46,1206.75,1179.35,20,1208.65,180,0,640
BANKNIFTY09JAN2032900PE.NFO,07/01/2020,09:18:47,1206.75,1179.7,200,1208.65,180,0,640
BANKNIFTY09JAN2032900PE.NFO,07/01/2020,09:18:48,1206.75,1180.25,20,1208.65,180,0,640
BANKNIFTY09JAN2032900PE.NFO,07/01/2020,09:18:49,1206.75,1180.4,20,1208.65,180,0,640
BANKNIFTY09JAN2032900PE.NFO,07/01/2020,09:18:49,1206.75,1180.75,20,1208.65,180,0,640
BANKNIFTY09JAN2032900PE.NFO,07/01/2020,09:18:51,1206.75,1181.1,180,1208.65,180,0,640
BANKNIFTY09JAN2032900PE.NFO,07/01/2020,09:18:52,1206.75,1181.35,20,1208.65,180,0,640
BANKNIFTY09JAN2032900PE.NFO,07/01/2020,09:18:53,1206.75,1181.5,180,1208.65,180,0,640
BANKNIFTY09JAN2032900PE.NFO,07/01/2020,09:18:54,1206.75,1181.75,20,1208.65,180,0,640
BANKNIFTY09JAN2032900PE.NFO,07/01/2020,09:18:55,1206.75,1181.9,200,1208.65,180,0,640
BANKNIFTY09JAN2032900PE.NFO,07/01/2020,09:18:56,1206.75,1182.6,20,1208.65,180,0,640
BANKNIFTY09JAN2032900PE.NFO,07/01/2020,09:18:57,1206.75,1183.1,20,1208.65,180,0,640
BANKNIFTY09JAN2032900PE.NFO,07/01/2020,09:18:58,1206.75,1183.25,20,1208.65,180,0,640
BANKNIFTY09JAN2032900PE.NFO,07/01/2020,09:19:00,1206.75,1183.2,180,1208.65,180,0,640
BANKNIFTY09JAN2032900PE.NFO,07/01/2020,09:19:06,1206.75,1183.25,20,1208.65,180,0,640
BANKNIFTY09JAN2032900PE.NFO,07/01/2020,09:19:15,1206.75,1183.2,180,1208.65,180,0,640
BANKNIFTY09JAN2032900PE.NFO,07/01/2020,09:19:18,1206.75,1183.2,100,1208.65,180,0,640
BANKNIFTY09JAN2032900PE.NFO,07/01/2020,09:19:19,1206.75,1183.05,20,1208.6,20,0,640
BANKNIFTY09JAN2032900PE.NFO,07/01/2020,09:19:20,1206.75,1183.65,20,1208.6,20,0,640
BANKNIFTY09JAN2032900PE.NFO,07/01/2020,09:19:21,1206.75,1177.15,180,1208.6,20,0,640
BANKNIFTY09JAN2032900PE.NFO,07/01/2020,09:19:22,1206.75,1177.4,20,1208.55,20,0,640
BANKNIFTY09JAN2032900PE.NFO,07/01/2020,09:19:23,1206.75,1177.55,180,1207.65,20,0,640
BANKNIFTY09JAN2032900PE.NFO,07/01/2020,09:19:24,1206.75,1178,20,1207.6,20,0,640
BANKNIFTY09JAN2032900PE.NFO,07/01/2020,09:19:26,1206.75,1179.1,20,1205.35,20,0,640
BANKNIFTY09JAN2032900PE.NFO,07/01/2020,09:19:27,1206.75,1179.15,20,1205.3,180,0,640
BANKNIFTY09JAN2032900PE.NFO,07/01/2020,09:19:28,1206.75,1165.2,180,1205.15,20,0,640
BANKNIFTY09JAN2032900PE.NFO,07/01/2020,09:19:29,1206.75,1166.5,20,1203.3,20,0,640
BANKNIFTY09JAN2032900PE.NFO,07/01/2020,09:19:30,1206.75,1166.95,20,1202.45,20,0,640
BANKNIFTY09JAN2032900PE.NFO,07/01/2020,09:19:31,1206.75,1167.6,20,1201.85,20,0,640
BANKNIFTY09JAN2032900PE.NFO,07/01/2020,09:19:32,1206.75,1167.95,20,1201.75,20,0,640
BANKNIFTY09JAN2032900PE.NFO,07/01/2020,09:19:33,1206.75,1168.7,20,1201.75,20,0,640
BANKNIFTY09JAN2032900PE.NFO,07/01/2020,09:19:34,1206.75,1169.1,40,1201.75,20,0,640
BANKNIFTY09JAN2032900PE.NFO,07/01/2020,09:19:34,1206.75,1169.3,20,1201.75,20,0,640
BANKNIFTY09JAN2032900PE.NFO,07/01/2020,09:19:36,1206.75,1169.5,20,1201.75,20,0,640
BANKNIFTY09JAN2032900PE.NFO,07/01/2020,09:19:37,1206.75,1169.8,20,1201.75,20,0,640
BANKNIFTY09JAN2032900PE.NFO,07/01/2020,09:19:38,1206.75,1170.3,40,1201.8,180,0,640
BANKNIFTY09JAN2032900PE.NFO,07/01/2020,09:19:38,1206.75,1170.55,180,1201.75,20,0,640
BANKNIFTY09JAN2032900PE.NFO,07/01/2020,09:19:39,1206.75,1170.8,180,1201.75,20,0,640
BANKNIFTY09JAN2032900PE.NFO,07/01/2020,09:19:40,1206.75,1170.85,20,1201.75,20,0,640
BANKNIFTY09JAN2032900PE.NFO,07/01/2020,09:19:42,1206.75,1171.2,20,1201.75,20,0,640
BANKNIFTY09JAN2032900PE.NFO,07/01/2020,09:19:43,1206.75,1171.55,20,1201.75,20,0,640
BANKNIFTY09JAN2032900PE.NFO,07/01/2020,09:19:44,1206.75,1171.75,20,1201.65,20,0,640
BANKNIFTY09JAN2032900PE.NFO,07/01/2020,09:19:45,1206.75,1172.35,180,1201.35,20,0,640
BANKNIFTY09JAN2032900PE.NFO,07/01/2020,09:19:46,1206.75,1169.75,20,1200.85,20,0,640
BANKNIFTY09JAN2032900PE.NFO,07/01/2020,09:19:47,1206.75,1170.1,20,1199.25,20,0,640
BANKNIFTY09JAN2032900PE.NFO,07/01/2020,09:19:48,1206.75,1170.95,20,1198.85,40,0,640
BANKNIFTY09JAN2032900PE.NFO,07/01/2020,09:19:49,1206.75,1171.2,20,1198.85,60,0,640
BANKNIFTY09JAN2032900PE.NFO,07/01/2020,09:19:50,1206.75,1171.45,20,1198.65,20,0,640
BANKNIFTY09JAN2032900PE.NFO,07/01/2020,09:19:51,1206.75,1171.5,20,1198.45,20,0,640
BANKNIFTY09JAN2032900PE.NFO,07/01/2020,09:19:52,1206.75,1162.95,180,1196.85,20,0,640
BANKNIFTY09JAN2032900PE.NFO,07/01/2020,09:19:53,1206.75,1162.95,180,1196.65,20,0,640
BANKNIFTY09JAN2032900PE.NFO,07/01/2020,09:19:54,1206.75,1162.95,180,1196.05,20,0,640
BANKNIFTY09JAN2032900PE.NFO,07/01/2020,09:19:55,1206.75,1163.55,20,1195.85,40,0,640
BANKNIFTY09JAN2032900PE.NFO,07/01/2020,09:19:56,1206.75,1164.2,180,1195.85,40,0,640
BANKNIFTY09JAN2032900PE.NFO,07/01/2020,09:19:57,1206.75,1164.55,180,1195.85,40,0,640
BANKNIFTY09JAN2032900PE.NFO,07/01/2020,09:19:58,1206.75,1164.9,20,1195.85,40,0,640
BANKNIFTY09JAN2032900PE.NFO,07/01/2020,09:19:59,1206.75,1165,20,1191.55,20,0,640
BANKNIFTY09JAN2032900PE.NFO,07/01/2020,09:20:00,1206.75,1152.35,20,1191.35,20,0,640
BANKNIFTY09JAN2032900PE.NFO,07/01/2020,09:20:01,1206.75,1152.4,80,1191.35,20,0,640
BANKNIFTY09JAN2032900PE.NFO,07/01/2020,09:20:03,1206.75,1152.4,80,1186,20,0,640
BANKNIFTY09JAN2032900PE.NFO,07/01/2020,09:20:03,1206.75,1152.75,20,1185.25,20,0,640
BANKNIFTY09JAN2032900PE.NFO,07/01/2020,09:20:05,1206.75,1153.4,20,1177.1,20,0,640
BANKNIFTY09JAN2032900PE.NFO,07/01/2020,09:20:06,1206.75,1139.6,40,1177.1,40,0,640
BANKNIFTY09JAN2032900PE.NFO,07/01/2020,09:20:07,1206.75,1141.55,20,1177.1,40,0,640
BANKNIFTY09JAN2032900PE.NFO,07/01/2020,09:20:08,1206.75,1142.7,20,1177.1,40,0,640
BANKNIFTY09JAN2032900PE.NFO,07/01/2020,09:20:09,1206.75,1143.05,20,1177.1,20,0,640
BANKNIFTY09JAN2032900PE.NFO,07/01/2020,09:20:09,1206.75,1144.7,40,1177.15,180,0,640
BANKNIFTY09JAN2032900PE.NFO,07/01/2020,09:20:11,1206.75,1144.8,20,1177.15,180,0,640
BANKNIFTY09JAN2032900PE.NFO,07/01/2020,09:20:12,1206.75,1144.8,40,1177.1,20,0,640
BANKNIFTY09JAN2032900PE.NFO,07/01/2020,09:20:12,1206.75,1144.85,20,1177.1,20,0,640
BANKNIFTY09JAN2032900PE.NFO,07/01/2020,09:20:14,1206.75,1145,20,1177.1,20,0,640
BANKNIFTY09JAN2032900PE.NFO,07/01/2020,09:20:15,1206.75,1145.2,20,1177.1,20,0,640
BANKNIFTY09JAN2032900PE.NFO,07/01/2020,09:20:16,1206.75,1145.4,20,1177.1,20,0,640
BANKNIFTY09JAN2032900PE.NFO,07/01/2020,09:20:17,1206.75,1146.2,20,1177.1,20,0,640
BANKNIFTY09JAN2032900PE.NFO,07/01/2020,09:20:18,1206.75,1146.85,20,1177.1,20,0,640
BANKNIFTY09JAN2032900PE.NFO,07/01/2020,09:20:19,1206.75,1147,20,1177.1,20,0,640
BANKNIFTY09JAN2032900PE.NFO,07/01/2020,09:20:20,1206.75,1147.15,180,1176.8,20,0,640
BANKNIFTY09JAN2032900PE.NFO,07/01/2020,09:20:21,1206.75,1147.8,20,1176.7,20,0,640
BANKNIFTY09JAN2032900PE.NFO,07/01/2020,09:20:22,1206.75,1148.1,20,1176.5,20,0,640
BANKNIFTY09JAN2032900PE.NFO,07/01/2020,09:20:23,1206.75,1148.7,20,1176.5,20,0,640
BANKNIFTY09JAN2032900PE.NFO,07/01/2020,09:20:24,1206.75,1148.95,20,1176.5,20,0,640
BANKNIFTY09JAN2032900PE.NFO,07/01/2020,09:20:25,1206.75,1149.25,20,1176.5,20,0,640
BANKNIFTY09JAN2032900PE.NFO,07/01/2020,09:20:26,1206.75,1149.35,20,1176.3,20,0,640
BANKNIFTY09JAN2032900PE.NFO,07/01/2020,09:20:27,1206.75,1149.45,200,1175.9,20,0,640
BANKNIFTY09JAN2032900PE.NFO,07/01/2020,09:20:28,1206.75,1150.2,20,1175.5,20,0,640
BANKNIFTY09JAN2032900PE.NFO,07/01/2020,09:20:29,1206.75,1150.35,20,1175,20,0,640
BANKNIFTY09JAN2032900PE.NFO,07/01/2020,09:20:30,1206.75,1144.75,180,1174.95,20,0,640
BANKNIFTY09JAN2032900PE.NFO,07/01/2020,09:20:31,1206.75,1139.75,20,1174.15,20,0,640
BANKNIFTY09JAN2032900PE.NFO,07/01/2020,09:20:32,1206.75,1140.2,20,1171.9,20,0,640
BANKNIFTY09JAN2032900PE.NFO,07/01/2020,09:20:33,1206.75,1140.9,20,1171.6,20,0,640
BANKNIFTY09JAN2032900PE.NFO,07/01/2020,09:20:35,1206.75,1141.05,20,1171.4,20,0,640
BANKNIFTY09JAN2032900PE.NFO,07/01/2020,09:20:36,1206.75,1141.55,20,1170.95,20,0,640
BANKNIFTY09JAN2032900PE.NFO,07/01/2020,09:20:37,1206.75,1142.05,180,1170.55,20,0,640
BANKNIFTY09JAN2032900PE.NFO,07/01/2020,09:20:38,1206.75,1142.55,20,1170.4,20,0,640
BANKNIFTY09JAN2032900PE.NFO,07/01/2020,09:20:39,1206.75,1142.8,20,1169.85,20,0,640
BANKNIFTY09JAN2032900PE.NFO,07/01/2020,09:20:40,1206.75,1142.85,20,1169.4,20,0,640
BANKNIFTY09JAN2032900PE.NFO,07/01/2020,09:20:41,1206.75,1143,20,1169.2,180,0,640
BANKNIFTY09JAN2032900PE.NFO,07/01/2020,09:20:43,1206.75,1143.7,20,1169.2,180,0,640
BANKNIFTY09JAN2032900PE.NFO,07/01/2020,09:20:44,1206.75,1131.4,80,1169.15,20,0,640
BANKNIFTY09JAN2032900PE.NFO,07/01/2020,09:20:45,1206.75,1131.75,20,1169.05,20,0,640
BANKNIFTY09JAN2032900PE.NFO,07/01/2020,09:20:46,1206.75,1132.25,20,1167.25,20,0,640
BANKNIFTY09JAN2032900PE.NFO,07/01/2020,09:20:47,1206.75,1132.95,180,1166.9,20,0,640
BANKNIFTY09JAN2032900PE.NFO,07/01/2020,09:20:49,1206.75,1133.35,20,1166.55,20,0,640
BANKNIFTY09JAN2032900PE.NFO,07/01/2020,09:20:50,1206.75,1134.4,20,1164.3,20,0,640
BANKNIFTY09JAN2032900PE.NFO,07/01/2020,09:20:51,1206.75,1134.9,20,1164.25,20,0,640
BANKNIFTY09JAN2032900PE.NFO,07/01/2020,09:20:52,1206.75,1135,20,1162.35,20,0,640
BANKNIFTY09JAN2032900PE.NFO,07/01/2020,09:20:53,1206.75,1131.3,20,1160,40,0,640
BANKNIFTY09JAN2032900PE.NFO,07/01/2020,09:20:55,1206.75,1131.3,40,1159.2,20,0,640
BANKNIFTY09JAN2032900PE.NFO,07/01/2020,09:20:56,1206.75,1131.3,20,1158.4,180,0,640
BANKNIFTY09JAN2032900PE.NFO,07/01/2020,09:20:57,1206.75,1131.3,40,1158.35,20,0,640
BANKNIFTY09JAN2032900PE.NFO,07/01/2020,09:20:58,1206.75,1131.3,20,1158.35,20,0,640
BANKNIFTY09JAN2032900PE.NFO,07/01/2020,09:21:01,1206.75,1131,200,1158.25,20,0,640
BANKNIFTY09JAN2032900PE.NFO,07/01/2020,09:21:02,1206.75,1131.55,20,1158.4,180,0,640
BANKNIFTY09JAN2032900PE.NFO,07/01/2020,09:21:03,1206.75,1132.2,20,1158.4,180,0,640
BANKNIFTY09JAN2032900PE.NFO,07/01/2020,09:21:04,1206.75,1132.5,20,1158.4,180,0,640
BANKNIFTY09JAN2032900PE.NFO,07/01/2020,09:21:06,1206.75,1133.3,20,1158.4,180,0,640
BANKNIFTY09JAN2032900PE.NFO,07/01/2020,09:21:07,1206.75,1133.75,180,1158.4,180,0,640
BANKNIFTY09JAN2032900PE.NFO,07/01/2020,09:21:08,1206.75,1134.15,20,1158.4,180,0,640
BANKNIFTY09JAN2032900PE.NFO,07/01/2020,09:21:09,1206.75,1130.95,20,1158.4,180,0,640
BANKNIFTY09JAN2032900PE.NFO,07/01/2020,09:21:10,1206.75,1130.95,20,1158.35,20,0,640
BANKNIFTY09JAN2032900PE.NFO,07/01/2020,09:21:11,1206.75,1130.95,20,1157.45,20,0,640
BANKNIFTY09JAN2032900PE.NFO,07/01/2020,09:21:13,1206.75,1130.95,20,1157.15,20,0,640
BANKNIFTY09JAN2032900PE.NFO,07/01/2020,09:21:14,1130.95,1123.45,180,1154.7,40,20,660
BANKNIFTY09JAN2032900PE.NFO,07/01/2020,09:21:14,1130.95,1123.45,180,1154.7,40,0,660
BANKNIFTY09JAN2032900PE.NFO,07/01/2020,09:21:15,1130.95,1109.95,20,1154.2,20,0,660
BANKNIFTY09JAN2032900PE.NFO,07/01/2020,09:21:16,1130.95,1110.5,180,1154.1,40,0,660
BANKNIFTY09JAN2032900PE.NFO,07/01/2020,09:21:17,1130.95,1110.75,200,1148.85,40,0,660
BANKNIFTY09JAN2032900PE.NFO,07/01/2020,09:21:19,1130.95,1111.45,20,1148.7,20,0,660
BANKNIFTY09JAN2032900PE.NFO,07/01/2020,09:21:20,1130.95,1112.45,20,1147.65,20,0,660
BANKNIFTY09JAN2032900PE.NFO,07/01/2020,09:21:21,1130.95,1112.9,20,1146.7,20,0,660
BANKNIFTY09JAN2032900PE.NFO,07/01/2020,09:21:22,1130.95,1113.25,20,1144.85,20,0,660
BANKNIFTY09JAN2032900PE.NFO,07/01/2020,09:21:23,1130.95,1113.85,180,1144.85,20,0,660
BANKNIFTY09JAN2032900PE.NFO,07/01/2020,09:21:25,1130.95,1114.3,20,1144.85,20,0,660
BANKNIFTY09JAN2032900PE.NFO,07/01/2020,09:21:26,1130.95,1114.45,20,1144.85,20,0,660
BANKNIFTY09JAN2032900PE.NFO,07/01/2020,09:21:27,1130.95,1114.65,20,1144.85,20,0,660
BANKNIFTY09JAN2032900PE.NFO,07/01/2020,09:21:28,1130.95,1115.25,20,1144.85,20,0,660
BANKNIFTY09JAN2032900PE.NFO,07/01/2020,09:21:30,1130.95,1115.85,20,1144.9,180,0,660
BANKNIFTY09JAN2032900PE.NFO,07/01/2020,09:21:31,1130.95,1116.5,180,1144.9,180,0,660
BANKNIFTY09JAN2032900PE.NFO,07/01/2020,09:21:32,1130.95,1116.9,20,1144.9,180,0,660
BANKNIFTY09JAN2032900PE.NFO,07/01/2020,09:21:33,1130.95,1117.6,20,1144.9,180,0,660
BANKNIFTY09JAN2032900PE.NFO,07/01/2020,09:21:34,1130.95,1118.2,20,1144.9,180,0,660
BANKNIFTY09JAN2032900PE.NFO,07/01/2020,09:21:35,1130.95,1118.9,180,1144.9,180,0,660
BANKNIFTY09JAN2032900PE.NFO,07/01/2020,09:21:36,1130.95,1119.1,20,1144.9,180,0,660
BANKNIFTY09JAN2032900PE.NFO,07/01/2020,09:21:38,1130.95,1119.3,20,1144.9,180,0,660
BANKNIFTY09JAN2032900PE.NFO,07/01/2020,09:21:39,1130.95,1119.5,20,1144.9,180,0,660
BANKNIFTY09JAN2032900PE.NFO,07/01/2020,09:21:40,1130.95,1120.25,180,1144.9,180,0,660
BANKNIFTY09JAN2032900PE.NFO,07/01/2020,09:21:41,1130.95,1120.55,180,1144.9,180,0,660
BANKNIFTY09JAN2032900PE.NFO,07/01/2020,09:21:42,1130.95,1121.05,20,1144.9,180,0,660
BANKNIFTY09JAN2032900PE.NFO,07/01/2020,09:21:43,1130.95,1121.25,20,1144.9,180,0,660
BANKNIFTY09JAN2032900PE.NFO,07/01/2020,09:21:45,1130.95,1121.45,20,1144.85,20,0,660
BANKNIFTY09JAN2032900PE.NFO,07/01/2020,09:21:46,1130.95,1115,180,1144.8,20,0,660
BANKNIFTY09JAN2032900PE.NFO,07/01/2020,09:21:47,1130.95,1115.4,20,1141.5,180,0,660
BANKNIFTY09JAN2032900PE.NFO,07/01/2020,09:21:48,1130.95,1115.85,200,1141.45,20,0,660
BANKNIFTY09JAN2032900PE.NFO,07/01/2020,09:21:50,1130.95,1116.1,20,1141.5,180,0,660
BANKNIFTY09JAN2032900PE.NFO,07/01/2020,09:21:51,1130.95,1116.5,20,1141.5,180,0,660
BANKNIFTY09JAN2032900PE.NFO,07/01/2020,09:21:52,1130.95,1117,20,1141.5,180,0,660
BANKNIFTY09JAN2032900PE.NFO,07/01/2020,09:21:55,1130.95,1117.75,180,1141.2,180,0,660
BANKNIFTY09JAN2032900PE.NFO,07/01/2020,09:21:56,1130.95,1118.05,20,1141.2,180,0,660
BANKNIFTY09JAN2032900PE.NFO,07/01/2020,09:21:57,1130.95,1118.1,20,1141.2,180,0,660
BANKNIFTY09JAN2032900PE.NFO,07/01/2020,09:22:00,1130.95,1105.35,20,1137.75,180,0,660
BANKNIFTY09JAN2032900PE.NFO,07/01/2020,09:22:02,1130.95,1106,20,1137.7,20,0,660
BANKNIFTY09JAN2032900PE.NFO,07/01/2020,09:22:03,1130.95,1106.75,20,1137.7,20,0,660
BANKNIFTY09JAN2032900PE.NFO,07/01/2020,09:22:04,1130.95,1099.15,180,1137.65,20,0,660
BANKNIFTY09JAN2032900PE.NFO,07/01/2020,09:22:05,1130.95,1099.15,180,1129.6,20,0,660
BANKNIFTY09JAN2032900PE.NFO,07/01/2020,09:22:07,1130.95,1099.6,20,1129.6,40,0,660
BANKNIFTY09JAN2032900PE.NFO,07/01/2020,09:22:08,1130.95,1100.35,180,1129.6,20,0,660
BANKNIFTY09JAN2032900PE.NFO,07/01/2020,09:22:09,1130.95,1100.85,20,1129.6,20,0,660
BANKNIFTY09JAN2032900PE.NFO,07/01/2020,09:22:10,1130.95,1101.25,20,1129.6,20,0,660
BANKNIFTY09JAN2032900PE.NFO,07/01/2020,09:22:12,1130.95,1101.85,200,1129.6,20,0,660
BANKNIFTY09JAN2032900PE.NFO,07/01/2020,09:22:13,1130.95,1102,20,1129.6,20,0,660
BANKNIFTY09JAN2032900PE.NFO,07/01/2020,09:22:14,1130.95,1102.25,20,1129.6,20,0,660
BANKNIFTY09JAN2032900PE.NFO,07/01/2020,09:22:15,1130.95,1102.95,20,1129.65,180,0,660
BANKNIFTY09JAN2032900PE.NFO,07/01/2020,09:22:16,1130.95,1103.85,20,1129.65,180,0,660
BANKNIFTY09JAN2032900PE.NFO,07/01/2020,09:22:17,1130.95,1104.7,20,1129.65,180,0,660
BANKNIFTY09JAN2032900PE.NFO,07/01/2020,09:22:19,1130.95,1105.2,20,1129.6,20,0,660
BANKNIFTY09JAN2032900PE.NFO,07/01/2020,09:22:20,1130.95,1106.2,20,1129.6,20,0,660
BANKNIFTY09JAN2032900PE.NFO,07/01/2020,09:22:21,1130.95,1106.8,20,1129.6,20,0,660
BANKNIFTY09JAN2032900PE.NFO,07/01/2020,09:22:22,1130.95,1106.95,20,1129.65,180,0,660
BANKNIFTY09JAN2032900PE.NFO,07/01/2020,09:22:23,1130.95,1107.1,20,1129.65,180,0,660
BANKNIFTY09JAN2032900PE.NFO,07/01/2020,09:22:24,1130.95,1107.65,180,1129.65,180,0,660
BANKNIFTY09JAN2032900PE.NFO,07/01/2020,09:22:25,1130.95,1107.85,20,1129.65,180,0,660
BANKNIFTY09JAN2032900PE.NFO,07/01/2020,09:22:27,1130.95,1107.95,20,1129.65,180,0,660
BANKNIFTY09JAN2032900PE.NFO,07/01/2020,09:22:29,1130.95,1099.8,180,1129.65,180,0,660
BANKNIFTY09JAN2032900PE.NFO,07/01/2020,09:22:30,1130.95,1100.3,180,1129.65,180,0,660
BANKNIFTY09JAN2032900PE.NFO,07/01/2020,09:22:31,1130.95,1101.2,20,1129.65,180,0,660
BANKNIFTY09JAN2032900PE.NFO,07/01/2020,09:22:32,1130.95,1102.05,20,1129.65,180,0,660
BANKNIFTY09JAN2032900PE.NFO,07/01/2020,09:22:33,1130.95,1102.55,20,1129.65,180,0,660
BANKNIFTY09JAN2032900PE.NFO,07/01/2020,09:22:34,1130.95,1102.75,20,1129.65,180,0,660
BANKNIFTY09JAN2032900PE.NFO,07/01/2020,09:22:36,1130.95,1103.1,200,1129.65,180,0,660
BANKNIFTY09JAN2032900PE.NFO,07/01/2020,09:22:37,1130.95,1103.75,20,1129.65,180,0,660
BANKNIFTY09JAN2032900PE.NFO,07/01/2020,09:22:38,1130.95,1104.1,20,1129.65,180,0,660
BANKNIFTY09JAN2032900PE.NFO,07/01/2020,09:22:39,1130.95,1104.75,20,1129.65,180,0,660
BANKNIFTY09JAN2032900PE.NFO,07/01/2020,09:22:40,1130.95,1105.3,20,1129.6,20,0,660
BANKNIFTY09JAN2032900PE.NFO,07/01/2020,09:22:41,1130.95,1105.7,20,1129.65,180,0,660
BANKNIFTY09JAN2032900PE.NFO,07/01/2020,09:22:42,1130.95,1106.55,20,1129.65,180,0,660
BANKNIFTY09JAN2032900PE.NFO,07/01/2020,09:22:43,1130.95,1107,20,1129.65,180,0,660
BANKNIFTY09JAN2032900PE.NFO,07/01/2020,09:22:45,1130.95,1107.4,20,1129.65,180,0,660
BANKNIFTY09JAN2032900PE.NFO,07/01/2020,09:22:46,1130.95,1108.1,20,1129.65,180,0,660
BANKNIFTY09JAN2032900PE.NFO,07/01/2020,09:22:47,1130.95,1108.25,20,1129.65,180,0,660
BANKNIFTY09JAN2032900PE.NFO,07/01/2020,09:22:48,1130.95,1109.3,20,1129.65,180,0,660
BANKNIFTY09JAN2032900PE.NFO,07/01/2020,09:22:49,1130.95,1109.5,20,1129.65,180,0,660
BANKNIFTY09JAN2032900PE.NFO,07/01/2020,09:22:50,1130.95,1109.55,20,1129.65,180,0,660
BANKNIFTY09JAN2032900PE.NFO,07/01/2020,09:22:51,1130.95,1109.6,20,1129.65,180,0,660
BANKNIFTY09JAN2032900PE.NFO,07/01/2020,09:22:52,1130.95,1099.15,180,1129.65,180,0,660
BANKNIFTY09JAN2032900PE.NFO,07/01/2020,09:22:54,1130.95,1099.3,20,1129.6,20,0,660
BANKNIFTY09JAN2032900PE.NFO,07/01/2020,09:22:55,1130.95,1099.55,180,1129.6,20,0,660
BANKNIFTY09JAN2032900PE.NFO,07/01/2020,09:22:56,1130.95,1100.35,20,1129.2,20,0,660
BANKNIFTY09JAN2032900PE.NFO,07/01/2020,09:22:57,1130.95,1100.9,20,1128.4,20,0,660
BANKNIFTY09JAN2032900PE.NFO,07/01/2020,09:22:58,1130.95,1088.75,180,1127.6,40,0,660
BANKNIFTY09JAN2032900PE.NFO,07/01/2020,09:23:00,1130.95,1088.9,20,1127.5,20,0,660
BANKNIFTY09JAN2032900PE.NFO,07/01/2020,09:23:01,1130.95,1089.65,20,1127.5,20,0,660
BANKNIFTY09JAN2032900PE.NFO,07/01/2020,09:23:03,1130.95,1090.15,20,1126.3,20,0,660
BANKNIFTY09JAN2032900PE.NFO,07/01/2020,09:23:04,1130.95,1090.2,20,1125.7,20,0,660
BANKNIFTY09JAN2032900PE.NFO,07/01/2020,09:23:06,1130.95,1090.4,20,1125.2,20,0,660
BANKNIFTY09JAN2032900PE.NFO,07/01/2020,09:23:07,1130.95,1091.3,20,1124.4,20,0,660
BANKNIFTY09JAN2032900PE.NFO,07/01/2020,09:23:08,1130.95,1092.45,200,1123.5,20,0,660
BANKNIFTY09JAN2032900PE.NFO,07/01/2020,09:23:10,1130.95,1092.7,200,1122.9,20,0,660
BANKNIFTY09JAN2032900PE.NFO,07/01/2020,09:23:11,1130.95,1092.95,20,1122.6,20,0,660
BANKNIFTY09JAN2032900PE.NFO,07/01/2020,09:23:12,1130.95,1093,200,1122.6,20,0,660
BANKNIFTY09JAN2032900PE.NFO,07/01/2020,09:23:13,1130.95,1093.1,20,1122.6,20,0,660
BANKNIFTY09JAN2032900PE.NFO,07/01/2020,09:23:14,1130.95,1093.65,20,1122.65,180,0,660
BANKNIFTY09JAN2032900PE.NFO,07/01/2020,09:23:16,1130.95,1094.5,20,1122.65,180,0,660
BANKNIFTY09JAN2032900PE.NFO,07/01/2020,09:23:17,1130.95,1095.35,20,1122.65,180,0,660
BANKNIFTY09JAN2032900PE.NFO,07/01/2020,09:23:18,1130.95,1097.3,180,1122.65,180,0,660
BANKNIFTY09JAN2032900PE.NFO,07/01/2020,09:23:19,1130.95,1097.55,20,1122.65,180,0,660
BANKNIFTY09JAN2032900PE.NFO,07/01/2020,09:23:20,1130.95,1098.05,20,1122.65,180,0,660
BANKNIFTY09JAN2032900PE.NFO,07/01/2020,09:23:21,1130.95,1098.6,200,1122.65,180,0,660
BANKNIFTY09JAN2032900PE.NFO,07/01/2020,09:23:22,1130.95,1099.6,20,1122.65,180,0,660
BANKNIFTY09JAN2032900PE.NFO,07/01/2020,09:23:24,1130.95,1100.4,20,1122.65,180,0,660
BANKNIFTY09JAN2032900PE.NFO,07/01/2020,09:23:25,1130.95,1100.7,20,1122.65,180,0,660
BANKNIFTY09JAN2032900PE.NFO,07/01/2020,09:23:26,1130.95,1100.9,180,1122.65,180,0,660
BANKNIFTY09JAN2032900PE.NFO,07/01/2020,09:23:27,1130.95,1101.2,20,1122.65,180,0,660
BANKNIFTY09JAN2032900PE.NFO,07/01/2020,09:23:28,1130.95,1101.65,20,1122.65,180,0,660
BANKNIFTY09JAN2032900PE.NFO,07/01/2020,09:23:29,1130.95,1101.9,20,1122.65,180,0,660
BANKNIFTY09JAN2032900PE.NFO,07/01/2020,09:23:31,1130.95,1102,20,1122.65,180,0,660
BANKNIFTY09JAN2032900PE.NFO,07/01/2020,09:23:32,1130.95,1102.2,180,1122.65,180,0,660
BANKNIFTY09JAN2032900PE.NFO,07/01/2020,09:23:33,1130.95,1102.45,20,1122.65,180,0,660
BANKNIFTY09JAN2032900PE.NFO,07/01/2020,09:23:34,1130.95,1103.05,20,1122.65,180,0,660
BANKNIFTY09JAN2032900PE.NFO,07/01/2020,09:23:35,1130.95,1103.65,20,1122.65,180,0,660
BANKNIFTY09JAN2032900PE.NFO,07/01/2020,09:23:36,1130.95,1103.7,20,1122.65,180,0,660
BANKNIFTY09JAN2032900PE.NFO,07/01/2020,09:23:37,1130.95,1104.15,20,1122.65,180,0,660
BANKNIFTY09JAN2032900PE.NFO,07/01/2020,09:23:38,1130.95,1104.45,20,1122.65,180,0,660
BANKNIFTY09JAN2032900PE.NFO,07/01/2020,09:23:40,1130.95,1105.6,20,1122.65,180,0,660
BANKNIFTY09JAN2032900PE.NFO,07/01/2020,09:23:41,1130.95,1105.85,20,1122.65,180,0,660
BANKNIFTY09JAN2032900PE.NFO,07/01/2020,09:23:42,1130.95,1106.1,20,1122.65,180,0,660
BANKNIFTY09JAN2032900PE.NFO,07/01/2020,09:23:43,1130.95,1106.45,20,1122.65,180,0,660
BANKNIFTY09JAN2032900PE.NFO,07/01/2020,09:23:44,1130.95,1106.55,20,1122.65,180,0,660
BANKNIFTY09JAN2032900PE.NFO,07/01/2020,09:23:45,1130.95,1106.8,20,1122.65,180,0,660
BANKNIFTY09JAN2032900PE.NFO,07/01/2020,09:23:47,1130.95,1106.95,200,1122.65,180,0,660
BANKNIFTY09JAN2032900PE.NFO,07/01/2020,09:23:48,1130.95,1107.25,20,1122.65,180,0,660
BANKNIFTY09JAN2032900PE.NFO,07/01/2020,09:23:49,1130.95,1107.35,100,1122.65,180,0,660
BANKNIFTY09JAN2032900PE.NFO,07/01/2020,09:23:50,1130.95,1107.45,20,1122.65,180,0,660
BANKNIFTY09JAN2032900PE.NFO,07/01/2020,09:23:51,1130.95,1107.55,20,1122.65,180,0,660
BANKNIFTY09JAN2032900PE.NFO,07/01/2020,09:23:54,1130.95,1107.65,20,1122.65,180,0,660
BANKNIFTY09JAN2032900PE.NFO,07/01/2020,09:23:55,1130.95,1107.7,20,1122.65,180,0,660
BANKNIFTY09JAN2032900PE.NFO,07/01/2020,09:23:56,1130.95,1100.55,200,1122.6,20,0,660
BANKNIFTY09JAN2032900PE.NFO,07/01/2020,09:23:57,1130.95,1101.1,40,1122.6,20,0,660
BANKNIFTY09JAN2032900PE.NFO,07/01/2020,09:23:58,1130.95,1101.75,20,1122.6,20,0,660
BANKNIFTY09JAN2032900PE.NFO,07/01/2020,09:23:59,1130.95,1102.65,20,1122.6,20,0,660
BANKNIFTY09JAN2032900PE.NFO,07/01/2020,09:24:01,1130.95,1103,20,1122.6,20,0,660
BANKNIFTY09JAN2032900PE.NFO,07/01/2020,09:24:02,1130.95,1103.1,20,1122.6,20,0,660
BANKNIFTY09JAN2032900PE.NFO,07/01/2020,09:24:03,1130.95,1103.15,100,1122.6,20,0,660
BANKNIFTY09JAN2032900PE.NFO,07/01/2020,09:24:04,1130.95,1103.15,180,1122.6,20,0,660
BANKNIFTY09JAN2032900PE.NFO,07/01/2020,09:24:05,1130.95,1103.5,20,1122.65,180,0,660
BANKNIFTY09JAN2032900PE.NFO,07/01/2020,09:24:07,1130.95,1104.15,20,1122.65,180,0,660
BANKNIFTY09JAN2032900PE.NFO,07/01/2020,09:24:08,1130.95,1104.6,20,1122.65,180,0,660
BANKNIFTY09JAN2032900PE.NFO,07/01/2020,09:24:09,1130.95,1105.1,20,1122.65,180,0,660
BANKNIFTY09JAN2032900PE.NFO,07/01/2020,09:24:10,1130.95,1105.55,20,1122.65,180,0,660
BANKNIFTY09JAN2032900PE.NFO,07/01/2020,09:24:11,1130.95,1105.95,20,1122.65,180,0,660
BANKNIFTY09JAN2032900PE.NFO,07/01/2020,09:24:12,1130.95,1106.95,20,1122.65,180,0,660
BANKNIFTY09JAN2032900PE.NFO,07/01/2020,09:24:14,1130.95,1107.45,20,1122.65,180,0,660
BANKNIFTY09JAN2032900PE.NFO,07/01/2020,09:24:15,1130.95,1107.5,20,1122.65,180,0,660
BANKNIFTY09JAN2032900PE.NFO,07/01/2020,09:24:16,1130.95,1107.7,20,1122.65,180,0,660
BANKNIFTY09JAN2032900PE.NFO,07/01/2020,09:24:17,1130.95,1107.85,20,1122.65,180,0,660
BANKNIFTY09JAN2032900PE.NFO,07/01/2020,09:24:18,1130.95,1108,20,1122.65,180,0,660
BANKNIFTY09JAN2032900PE.NFO,07/01/2020,09:24:20,1130.95,1108.15,200,1122.65,180,0,660
BANKNIFTY09JAN2032900PE.NFO,07/01/2020,09:24:21,1130.95,1108.6,20,1122.65,180,0,660
BANKNIFTY09JAN2032900PE.NFO,07/01/2020,09:24:22,1130.95,1108.75,200,1122.65,180,0,660
BANKNIFTY09JAN2032900PE.NFO,07/01/2020,09:24:23,1130.95,1108.85,20,1122.65,180,0,660
BANKNIFTY09JAN2032900PE.NFO,07/01/2020,09:24:24,1130.95,1108.9,20,1122.65,180,0,660
BANKNIFTY09JAN2032900PE.NFO,07/01/2020,09:24:25,1130.95,1109,20,1122.65,180,0,660
BANKNIFTY09JAN2032900PE.NFO,07/01/2020,09:24:26,1130.95,1109.3,20,1122.65,180,0,660
BANKNIFTY09JAN2032900PE.NFO,07/01/2020,09:24:27,1130.95,1109.5,20,1122.65,180,0,660
BANKNIFTY09JAN2032900PE.NFO,07/01/2020,09:24:29,1130.95,1109.55,20,1122.65,180,0,660
BANKNIFTY09JAN2032900PE.NFO,07/01/2020,09:24:30,1130.95,1110.15,20,1127.45,180,0,660
BANKNIFTY09JAN2032900PE.NFO,07/01/2020,09:24:31,1130.95,1110.35,20,1127.45,180,0,660
BANKNIFTY09JAN2032900PE.NFO,07/01/2020,09:24:32,1130.95,1110.45,40,1127.45,180,0,660
BANKNIFTY09JAN2032900PE.NFO,07/01/2020,09:24:33,1130.95,1110.55,40,1127.45,180,0,660
BANKNIFTY09JAN2032900PE.NFO,07/01/2020,09:24:35,1130.95,1111.15,40,1127.45,180,0,660
BANKNIFTY09JAN2032900PE.NFO,07/01/2020,09:24:36,1130.95,1112.05,180,1137,20,0,660
BANKNIFTY09JAN2032900PE.NFO,07/01/2020,09:24:37,1130.95,1112.6,40,1137,20,0,660
BANKNIFTY09JAN2032900PE.NFO,07/01/2020,09:24:38,1130.95,1113.1,40,1137,20,0,660
BANKNIFTY09JAN2032900PE.NFO,07/01/2020,09:24:40,1130.95,1113.6,20,1137,20,0,660
BANKNIFTY09JAN2032900PE.NFO,07/01/2020,09:24:41,1130.95,1114.4,40,1137,20,0,660
BANKNIFTY09JAN2032900PE.NFO,07/01/2020,09:24:42,1130.95,1115.5,40,1137,20,0,660
BANKNIFTY09JAN2032900PE.NFO,07/01/2020,09:24:45,1130.95,1118.15,40,1155.4,20,0,660
BANKNIFTY09JAN2032900PE.NFO,07/01/2020,09:24:46,1130.95,1118.55,20,1155.35,20,0,660
BANKNIFTY09JAN2032900PE.NFO,07/01/2020,09:24:47,1130.95,1120.1,20,1155.45,180,0,660
BANKNIFTY09JAN2032900PE.NFO,07/01/2020,09:24:48,1130.95,1123.3,40,1155.45,180,0,660
BANKNIFTY09JAN2032900PE.NFO,07/01/2020,09:24:49,1130.95,1124.15,20,1155.45,180,0,660
BANKNIFTY09JAN2032900PE.NFO,07/01/2020,09:24:50,1130.95,1124.75,20,1155.45,180,0,660
BANKNIFTY09JAN2032900PE.NFO,07/01/2020,09:24:52,1130.95,1125.75,20,1155.45,180,0,660
BANKNIFTY09JAN2032900PE.NFO,07/01/2020,09:24:53,1130.95,1126.4,20,1155.45,180,0,660
BANKNIFTY09JAN2032900PE.NFO,07/01/2020,09:24:54,1130.95,1127.3,20,1155.45,180,0,660
BANKNIFTY09JAN2032900PE.NFO,07/01/2020,09:24:55,1130.95,1128.35,20,1155.45,180,0,660
BANKNIFTY09JAN2032900PE.NFO,07/01/2020,09:24:56,1130.95,1129.15,20,1155.45,180,0,660
BANKNIFTY09JAN2032900PE.NFO,07/01/2020,09:24:58,1130.95,1129.8,20,1155.3,20,0,660
BANKNIFTY09JAN2032900PE.NFO,07/01/2020,09:24:59,1130.95,1130.05,20,1155.1,20,0,660
BANKNIFTY09JAN2032900PE.NFO,07/01/2020,09:25:00,1130.95,1130.05,20,1155,20,0,660
BANKNIFTY09JAN2032900PE.NFO,07/01/2020,09:25:01,1130.95,1112.7,220,1154.9,20,0,660
BANKNIFTY09JAN2032900PE.NFO,07/01/2020,09:25:03,1130.95,1113.1,20,1152.9,20,0,660
BANKNIFTY09JAN2032900PE.NFO,07/01/2020,09:25:04,1130.95,1113.8,20,1151.1,40,0,660
BANKNIFTY09JAN2032900PE.NFO,07/01/2020,09:25:05,1130.95,1114.15,20,1151,20,0,660
BANKNIFTY09JAN2032900PE.NFO,07/01/2020,09:25:07,1130.95,1114.35,20,1150.9,20,0,660
BANKNIFTY09JAN2032900PE.NFO,07/01/2020,09:25:08,1130.95,1114.35,40,1150.5,20,0,660
BANKNIFTY09JAN2032900PE.NFO,07/01/2020,09:25:09,1130.95,1114.75,40,1150.5,20,0,660
BANKNIFTY09JAN2032900PE.NFO,07/01/2020,09:25:10,1130.95,1115.35,40,1150.2,20,0,660
BANKNIFTY09JAN2032900PE.NFO,07/01/2020,09:25:11,1130.95,1115.95,20,1150,180,0,660
BANKNIFTY09JAN2032900PE.NFO,07/01/2020,09:25:13,1130.95,1116.75,40,1150,180,0,660
BANKNIFTY09JAN2032900PE.NFO,07/01/2020,09:25:14,1130.95,1117.45,20,1150,180,0,660
BANKNIFTY09JAN2032900PE.NFO,07/01/2020,09:25:15,1130.95,1118.05,40,1150,180,0,660
BANKNIFTY09JAN2032900PE.NFO,07/01/2020,09:25:16,1130.95,1118.85,20,1150,180,0,660
BANKNIFTY09JAN2032900PE.NFO,07/01/2020,09:25:17,1130.95,1119.25,40,1150,180,0,660
BANKNIFTY09JAN2032900PE.NFO,07/01/2020,09:25:19,1130.95,1119.75,40,1150,180,0,660
BANKNIFTY09JAN2032900PE.NFO,07/01/2020,09:25:20,1130.95,1120.25,20,1150,180,0,660
BANKNIFTY09JAN2032900PE.NFO,07/01/2020,09:25:21,1130.95,1120.65,20,1150,180,0,660
BANKNIFTY09JAN2032900PE.NFO,07/01/2020,09:25:22,1130.95,1120.75,40,1150,180,0,660
BANKNIFTY09JAN2032900PE.NFO,07/01/2020,09:25:23,1130.95,1120.95,20,1150,180,0,660
BANKNIFTY09JAN2032900PE.NFO,07/01/2020,09:25:25,1130.95,1121.25,20,1150,180,0,660
BANKNIFTY09JAN2032900PE.NFO,07/01/2020,09:25:26,1130.95,1121.45,40,1150,180,0,660
BANKNIFTY09JAN2032900PE.NFO,07/01/2020,09:25:27,1130.95,1121.85,40,1150,180,0,660
BANKNIFTY09JAN2032900PE.NFO,07/01/2020,09:25:28,1130.95,1122.3,20,1150,180,0,660
BANKNIFTY09JAN2032900PE.NFO,07/01/2020,09:25:29,1130.95,1122.9,180,1150,180,0,660
BANKNIFTY09JAN2032900PE.NFO,07/01/2020,09:25:30,1130.95,1123,20,1150,180,0,660
BANKNIFTY09JAN2032900PE.NFO,07/01/2020,09:25:32,1130.95,1123.3,100,1150,180,0,660
BANKNIFTY09JAN2032900PE.NFO,07/01/2020,09:25:33,1130.95,1123.35,20,1150,180,0,660
BANKNIFTY09JAN2032900PE.NFO,07/01/2020,09:25:35,1130.95,1123.4,180,1150,180,0,660
BANKNIFTY09JAN2032900PE.NFO,07/01/2020,09:25:38,1130.95,1123.7,180,1150,180,0,660
BANKNIFTY09JAN2032900PE.NFO,07/01/2020,09:25:39,1130.95,1124,20,1150,180,0,660
BANKNIFTY09JAN2032900PE.NFO,07/01/2020,09:25:40,1130.95,1124.25,20,1150,180,0,660
BANKNIFTY09JAN2032900PE.NFO,07/01/2020,09:25:41,1130.95,1124.5,20,1150,180,0,660
BANKNIFTY09JAN2032900PE.NFO,07/01/2020,09:25:43,1130.95,1124.7,120,1150,180,0,660
BANKNIFTY09JAN2032900PE.NFO,07/01/2020,09:25:44,1130.95,1124.9,20,1150,180,0,660
BANKNIFTY09JAN2032900PE.NFO,07/01/2020,09:25:45,1130.95,1124.95,100,1150,180,0,660
BANKNIFTY09JAN2032900PE.NFO,07/01/2020,09:25:46,1130.95,1125.05,80,1150,180,0,660
BANKNIFTY09JAN2032900PE.NFO,07/01/2020,09:25:47,1130.95,1125.2,100,1150,180,0,660
BANKNIFTY09JAN2032900PE.NFO,07/01/2020,09:25:48,1130.95,1125.25,20,1150,180,0,660
BANKNIFTY09JAN2032900PE.NFO,07/01/2020,09:25:51,1130.95,1125.4,20,1150,180,0,660
BANKNIFTY09JAN2032900PE.NFO,07/01/2020,09:25:52,1130.95,1125.5,20,1150,180,0,660
BANKNIFTY09JAN2032900PE.NFO,07/01/2020,09:25:54,1130.95,1125.6,20,1150,180,0,660
BANKNIFTY09JAN2032900PE.NFO,07/01/2020,09:25:56,1130.95,1125.75,200,1150,180,0,660
BANKNIFTY09JAN2032900PE.NFO,07/01/2020,09:25:57,1130.95,1125.85,20,1150,180,0,660
BANKNIFTY09JAN2032900PE.NFO,07/01/2020,09:25:58,1130.95,1126.05,20,1150,180,0,660
BANKNIFTY09JAN2032900PE.NFO,07/01/2020,09:25:59,1130.95,1126.05,20,1149.95,20,0,660
BANKNIFTY09JAN2032900PE.NFO,07/01/2020,09:26:00,1130.95,1126.1,20,1150,180,0,660
BANKNIFTY09JAN2032900PE.NFO,07/01/2020,09:26:01,1130.95,1126.2,20,1150,180,0,660
BANKNIFTY09JAN2032900PE.NFO,07/01/2020,09:26:03,1130.95,1126.8,20,1150,180,0,660
BANKNIFTY09JAN2032900PE.NFO,07/01/2020,09:26:04,1130.95,1126.9,40,1150,180,0,660
BANKNIFTY09JAN2032900PE.NFO,07/01/2020,09:26:05,1130.95,1127.65,20,1150,180,0,660
BANKNIFTY09JAN2032900PE.NFO,07/01/2020,09:26:06,1130.95,1128.55,20,1150,180,0,660
BANKNIFTY09JAN2032900PE.NFO,07/01/2020,09:26:08,1130.95,1128.8,180,1150,180,0,660
BANKNIFTY09JAN2032900PE.NFO,07/01/2020,09:26:09,1130.95,1128.85,100,1150,180,0,660
BANKNIFTY09JAN2032900PE.NFO,07/01/2020,09:26:10,1130.95,1129.05,20,1150,180,0,660
BANKNIFTY09JAN2032900PE.NFO,07/01/2020,09:26:11,1130.95,1129.85,20,1150,180,0,660
BANKNIFTY09JAN2032900PE.NFO,07/01/2020,09:26:13,1130.95,1130.1,20,1150,180,0,660
BANKNIFTY09JAN2032900PE.NFO,07/01/2020,09:26:15,1130.95,1130.2,20,1150,180,0,660
BANKNIFTY09JAN2032900PE.NFO,07/01/2020,09:26:16,1130.95,1130.65,20,1150,180,0,660
BANKNIFTY09JAN2032900PE.NFO,07/01/2020,09:26:17,1130.95,1131.45,200,1150,180,0,660
BANKNIFTY09JAN2032900PE.NFO,07/01/2020,09:26:19,1130.95,1132.1,20,1150,180,0,660
BANKNIFTY09JAN2032900PE.NFO,07/01/2020,09:26:20,1130.95,1132.7,20,1150,180,0,660
BANKNIFTY09JAN2032900PE.NFO,07/01/2020,09:26:21,1130.95,1133.35,200,1150,180,0,660
BANKNIFTY09JAN2032900PE.NFO,07/01/2020,09:26:22,1130.95,1134,40,1164.85,180,0,660
BANKNIFTY09JAN2032900PE.NFO,07/01/2020,09:26:24,1130.95,1134.75,20,1164.85,180,0,660
BANKNIFTY09JAN2032900PE.NFO,07/01/2020,09:26:25,1130.95,1135.6,20,1164.85,180,0,660
BANKNIFTY09JAN2032900PE.NFO,07/01/2020,09:26:26,1130.95,1135.95,20,1164.85,180,0,660
BANKNIFTY09JAN2032900PE.NFO,07/01/2020,09:26:27,1130.95,1136.4,20,1164.85,180,0,660
BANKNIFTY09JAN2032900PE.NFO,07/01/2020,09:26:28,1130.95,1137.1,20,1164.85,180,0,660
BANKNIFTY09JAN2032900PE.NFO,07/01/2020,09:26:30,1130.95,1137.25,20,1164.85,180,0,660
BANKNIFTY09JAN2032900PE.NFO,07/01/2020,09:26:31,1130.95,1133.75,20,1162.65,20,0,660
BANKNIFTY09JAN2032900PE.NFO,07/01/2020,09:26:32,1130.95,1133.75,20,1162.45,20,0,660
BANKNIFTY09JAN2032900PE.NFO,07/01/2020,09:26:35,1130.95,1133.75,20,1162.55,20,0,660
BANKNIFTY09JAN2032900PE.NFO,07/01/2020,09:26:36,1130.95,1133.75,20,1162.6,180,0,660
BANKNIFTY09JAN2032900PE.NFO,07/01/2020,09:26:37,1130.95,1133.95,20,1162.6,180,0,660
BANKNIFTY09JAN2032900PE.NFO,07/01/2020,09:26:38,1130.95,1134.25,20,1162.6,180,0,660
BANKNIFTY09JAN2032900PE.NFO,07/01/2020,09:26:39,1130.95,1134.4,20,1162.6,180,0,660
BANKNIFTY09JAN2032900PE.NFO,07/01/2020,09:26:41,1130.95,1134.9,180,1162.6,180,0,660
BANKNIFTY09JAN2032900PE.NFO,07/01/2020,09:26:42,1130.95,1136.1,20,1162.6,180,0,660
BANKNIFTY09JAN2032900PE.NFO,07/01/2020,09:26:43,1130.95,1136.6,40,1162.6,180,0,660
BANKNIFTY09JAN2032900PE.NFO,07/01/2020,09:26:44,1130.95,1137.45,20,1162.6,180,0,660
BANKNIFTY09JAN2032900PE.NFO,07/01/2020,09:26:46,1130.95,1137.6,20,1162.6,180,0,660
BANKNIFTY09JAN2032900PE.NFO,07/01/2020,09:26:47,1130.95,1138.15,20,1162.6,180,0,660
BANKNIFTY09JAN2032900PE.NFO,07/01/2020,09:26:48,1130.95,1138.7,20,1162.6,180,0,660
BANKNIFTY09JAN2032900PE.NFO,07/01/2020,09:26:49,1130.95,1139.1,20,1162.6,180,0,660
BANKNIFTY09JAN2032900PE.NFO,07/01/2020,09:26:50,1130.95,1139.55,40,1162.6,180,0,660
BANKNIFTY09JAN2032900PE.NFO,07/01/2020,09:26:52,1130.95,1140.05,200,1162.6,180,0,660
BANKNIFTY09JAN2032900PE.NFO,07/01/2020,09:26:53,1130.95,1140.4,20,1162.6,180,0,660
BANKNIFTY09JAN2032900PE.NFO,07/01/2020,09:26:54,1130.95,1141.15,20,1162.6,180,0,660
BANKNIFTY09JAN2032900PE.NFO,07/01/2020,09:26:55,1130.95,1141.6,20,1162.6,180,0,660
BANKNIFTY09JAN2032900PE.NFO,07/01/2020,09:26:56,1130.95,1141.8,100,1162.6,180,0,660
BANKNIFTY09JAN2032900PE.NFO,07/01/2020,09:26:57,1130.95,1141.9,20,1162.6,180,0,660
BANKNIFTY09JAN2032900PE.NFO,07/01/2020,09:26:59,1130.95,1142.3,20,1162.6,180,0,660
BANKNIFTY09JAN2032900PE.NFO,07/01/2020,09:27:00,1130.95,1142.85,180,1162.6,180,0,660
BANKNIFTY09JAN2032900PE.NFO,07/01/2020,09:27:01,1130.95,1143.15,20,1162.6,180,0,660
BANKNIFTY09JAN2032900PE.NFO,07/01/2020,09:27:02,1130.95,1143.45,20,1162.6,180,0,660
BANKNIFTY09JAN2032900PE.NFO,07/01/2020,09:27:03,1130.95,1143.95,180,1162.6,180,0,660
BANKNIFTY09JAN2032900PE.NFO,07/01/2020,09:27:05,1130.95,1144.7,20,1162.6,180,0,660
BANKNIFTY09JAN2032900PE.NFO,07/01/2020,09:27:06,1130.95,1145.6,20,1162.6,180,0,660
BANKNIFTY09JAN2032900PE.NFO,07/01/2020,09:27:07,1130.95,1146.9,20,1162.6,180,0,660
BANKNIFTY09JAN2032900PE.NFO,07/01/2020,09:27:08,1130.95,1147,20,1162.6,180,0,660
BANKNIFTY09JAN2032900PE.NFO,07/01/2020,09:27:09,1130.95,1142.4,20,1162.6,180,0,660
BANKNIFTY09JAN2032900PE.NFO,07/01/2020,09:27:12,1130.95,1142.9,20,1162.6,180,0,660
BANKNIFTY09JAN2032900PE.NFO,07/01/2020,09:27:13,1130.95,1138.4,20,1162.6,180,0,660
BANKNIFTY09JAN2032900PE.NFO,07/01/2020,09:27:14,1130.95,1138.3,20,1162.6,180,0,660
BANKNIFTY09JAN2032900PE.NFO,07/01/2020,09:27:15,1130.95,1138.4,20,1162.6,180,0,660
BANKNIFTY09JAN2032900PE.NFO,07/01/2020,09:27:16,1130.95,1138.65,20,1162.6,180,0,660
BANKNIFTY09JAN2032900PE.NFO,07/01/2020,09:27:18,1130.95,1138.9,20,1162.6,180,0,660
BANKNIFTY09JAN2032900PE.NFO,07/01/2020,09:27:19,1130.95,1139.4,20,1162.6,180,0,660
BANKNIFTY09JAN2032900PE.NFO,07/01/2020,09:27:20,1130.95,1139.95,20,1162.6,180,0,660
BANKNIFTY09JAN2032900PE.NFO,07/01/2020,09:27:21,1130.95,1140,20,1162.6,180,0,660
BANKNIFTY09JAN2032900PE.NFO,07/01/2020,09:27:22,1130.95,1138.25,20,1162.6,180,0,660
BANKNIFTY09JAN2032900PE.NFO,07/01/2020,09:27:26,1130.95,1132,20,1162.6,180,0,660
BANKNIFTY09JAN2032900PE.NFO,07/01/2020,09:27:27,1130.95,1133.25,20,1162.6,180,0,660
BANKNIFTY09JAN2032900PE.NFO,07/01/2020,09:27:28,1130.95,1133.35,40,1162.6,180,0,660
BANKNIFTY09JAN2032900PE.NFO,07/01/2020,09:27:29,1130.95,1133.65,40,1162.6,180,0,660
BANKNIFTY09JAN2032900PE.NFO,07/01/2020,09:27:31,1130.95,1133.95,20,1162.6,180,0,660
BANKNIFTY09JAN2032900PE.NFO,07/01/2020,09:27:32,1130.95,1134.5,20,1162.6,180,0,660
BANKNIFTY09JAN2032900PE.NFO,07/01/2020,09:27:33,1130.95,1134.65,20,1162.6,180,0,660
BANKNIFTY09JAN2032900PE.NFO,07/01/2020,09:27:34,1130.95,1135,20,1162.6,180,0,660
BANKNIFTY09JAN2032900PE.NFO,07/01/2020,09:27:35,1130.95,1135.9,20,1162.6,180,0,660
BANKNIFTY09JAN2032900PE.NFO,07/01/2020,09:27:38,1130.95,1135.8,20,1162.6,180,0,660
BANKNIFTY09JAN2032900PE.NFO,07/01/2020,09:27:40,1130.95,1131.8,20,1162.6,180,0,660
BANKNIFTY09JAN2032900PE.NFO,07/01/2020,09:27:43,1130.95,1131.8,20,1162.55,40,0,660
BANKNIFTY09JAN2032900PE.NFO,07/01/2020,09:27:44,1130.95,1131.95,20,1162.55,20,0,660
BANKNIFTY09JAN2032900PE.NFO,07/01/2020,09:27:46,1130.95,1132.3,20,1162.55,20,0,660
BANKNIFTY09JAN2032900PE.NFO,07/01/2020,09:27:47,1130.95,1132.5,20,1162.55,20,0,660
BANKNIFTY09JAN2032900PE.NFO,07/01/2020,09:27:49,1130.95,1133.15,20,1162.55,20,0,660
BANKNIFTY09JAN2032900PE.NFO,07/01/2020,09:27:50,1130.95,1133.3,20,1162.55,20,0,660
BANKNIFTY09JAN2032900PE.NFO,07/01/2020,09:27:53,1130.95,1133.2,20,1162.55,20,0,660
BANKNIFTY09JAN2032900PE.NFO,07/01/2020,09:27:59,1130.95,1133.35,40,1162.55,20,0,660
BANKNIFTY09JAN2032900PE.NFO,07/01/2020,09:28:00,1130.95,1133.55,40,1162.6,180,0,660
BANKNIFTY09JAN2032900PE.NFO,07/01/2020,09:28:01,1130.95,1138.7,20,1162.6,180,0,660
BANKNIFTY09JAN2032900PE.NFO,07/01/2020,09:28:03,1130.95,1135.6,20,1162.6,180,0,660
BANKNIFTY09JAN2032900PE.NFO,07/01/2020,09:28:06,1130.95,1135.65,20,1162.6,180,0,660
BANKNIFTY09JAN2032900PE.NFO,07/01/2020,09:28:09,1130.95,1135.35,20,1162.6,180,0,660
BANKNIFTY09JAN2032900PE.NFO,07/01/2020,09:28:10,1130.95,1133,20,1162.6,180,0,660
BANKNIFTY09JAN2032900PE.NFO,07/01/2020,09:28:11,1130.95,1136.9,40,1162.6,180,0,660
BANKNIFTY09JAN2032900PE.NFO,07/01/2020,09:28:12,1130.95,1137.55,20,1162.6,180,0,660
BANKNIFTY09JAN2032900PE.NFO,07/01/2020,09:28:13,1130.95,1137.5,20,1162.6,180,0,660
BANKNIFTY09JAN2032900PE.NFO,07/01/2020,09:28:16,1130.95,1138.75,20,1162.6,180,0,660
BANKNIFTY09JAN2032900PE.NFO,07/01/2020,09:28:17,1130.95,1139.35,20,1162.6,180,0,660
BANKNIFTY09JAN2032900PE.NFO,07/01/2020,09:28:18,1130.95,1139.45,40,1162.6,180,0,660
BANKNIFTY09JAN2032900PE.NFO,07/01/2020,09:28:19,1130.95,1141.95,20,1162.6,180,0,660
BANKNIFTY09JAN2032900PE.NFO,07/01/2020,09:28:20,1130.95,1142.15,40,1162.6,180,0,660
BANKNIFTY09JAN2032900PE.NFO,07/01/2020,09:28:22,1130.95,1143.1,20,1162.6,180,0,660
BANKNIFTY09JAN2032900PE.NFO,07/01/2020,09:28:23,1130.95,1143.75,20,1162.6,180,0,660
BANKNIFTY09JAN2032900PE.NFO,07/01/2020,09:28:24,1130.95,1143.95,20,1162.6,180,0,660
BANKNIFTY09JAN2032900PE.NFO,07/01/2020,09:28:25,1130.95,1144.25,40,1162.6,180,0,660
BANKNIFTY09JAN2032900PE.NFO,07/01/2020,09:28:26,1130.95,1144.45,20,1162.6,180,0,660
BANKNIFTY09JAN2032900PE.NFO,07/01/2020,09:28:27,1130.95,1145.1,20,1162.6,180,0,660
BANKNIFTY09JAN2032900PE.NFO,07/01/2020,09:28:29,1130.95,1145.25,20,1162.6,180,0,660
BANKNIFTY09JAN2032900PE.NFO,07/01/2020,09:28:30,1130.95,1145.5,20,1162.6,180,0,660
BANKNIFTY09JAN2032900PE.NFO,07/01/2020,09:28:31,1130.95,1145.55,20,1162.6,180,0,660
BANKNIFTY09JAN2032900PE.NFO,07/01/2020,09:28:32,1130.95,1145.65,20,1162.6,180,0,660
BANKNIFTY09JAN2032900PE.NFO,07/01/2020,09:28:33,1130.95,1145.6,20,1162.6,180,0,660
BANKNIFTY09JAN2032900PE.NFO,07/01/2020,09:28:36,1130.95,1145.65,20,1162.6,180,0,660
BANKNIFTY09JAN2032900PE.NFO,07/01/2020,09:28:37,1130.95,1146.2,20,1162.6,180,0,660
BANKNIFTY09JAN2032900PE.NFO,07/01/2020,09:28:38,1130.95,1147.3,20,1162.6,180,0,660
BANKNIFTY09JAN2032900PE.NFO,07/01/2020,09:28:42,1130.95,1145.65,20,1162.6,180,0,660
BANKNIFTY09JAN2032900PE.NFO,07/01/2020,09:28:44,1130.95,1146.05,20,1162.6,180,0,660
BANKNIFTY09JAN2032900PE.NFO,07/01/2020,09:28:47,1130.95,1143.4,20,1162.6,180,0,660
BANKNIFTY09JAN2032900PE.NFO,07/01/2020,09:28:48,1130.95,1143.4,40,1162.6,180,0,660
BANKNIFTY09JAN2032900PE.NFO,07/01/2020,09:28:51,1130.95,1138.7,20,1162.55,20,0,660
BANKNIFTY09JAN2032900PE.NFO,07/01/2020,09:28:54,1130.95,1138.75,20,1162.55,20,0,660
BANKNIFTY09JAN2032900PE.NFO,07/01/2020,09:28:55,1130.95,1139.35,20,1162.55,20,0,660
BANKNIFTY09JAN2032900PE.NFO,07/01/2020,09:28:56,1130.95,1139.75,40,1162.55,20,0,660
BANKNIFTY09JAN2032900PE.NFO,07/01/2020,09:28:57,1130.95,1140.8,20,1162.55,20,0,660
BANKNIFTY09JAN2032900PE.NFO,07/01/2020,09:28:58,1130.95,1140.85,40,1162.55,20,0,660
BANKNIFTY09JAN2032900PE.NFO,07/01/2020,09:29:00,1130.95,1140.8,20,1162.55,20,0,660
BANKNIFTY09JAN2032900PE.NFO,07/01/2020,09:29:04,1130.95,1139.75,40,1162.55,20,0,660
BANKNIFTY09JAN2032900PE.NFO,07/01/2020,09:29:05,1130.95,1088.85,20,1162.5,20,0,660
BANKNIFTY09JAN2032900PE.NFO,07/01/2020,09:29:07,1130.95,1089.15,20,1162.5,20,0,660
BANKNIFTY09JAN2032900PE.NFO,07/01/2020,09:29:08,1130.95,1089.25,20,1162.5,20,0,660
BANKNIFTY09JAN2032900PE.NFO,07/01/2020,09:29:09,1130.95,1089.55,20,1162.5,20,0,660
BANKNIFTY09JAN2032900PE.NFO,07/01/2020,09:29:10,1130.95,1090.25,20,1162.5,20,0,660
BANKNIFTY09JAN2032900PE.NFO,07/01/2020,09:29:11,1130.95,1091.25,20,1162.5,20,0,660
BANKNIFTY09JAN2032900PE.NFO,07/01/2020,09:29:13,1130.95,1091.75,20,1162.5,20,0,660
BANKNIFTY09JAN2032900PE.NFO,07/01/2020,09:29:14,1130.95,1091.85,20,1162.5,20,0,660
BANKNIFTY09JAN2032900PE.NFO,07/01/2020,09:29:15,1130.95,1092.15,40,1162.5,20,0,660
BANKNIFTY09JAN2032900PE.NFO,07/01/2020,09:29:16,1130.95,1092.45,20,1162.5,20,0,660
BANKNIFTY09JAN2032900PE.NFO,07/01/2020,09:29:18,1130.95,1092.55,20,1162.5,20,0,660
BANKNIFTY09JAN2032900PE.NFO,07/01/2020,09:29:19,1130.95,1092.75,40,1162.5,20,0,660
BANKNIFTY09JAN2032900PE.NFO,07/01/2020,09:29:20,1130.95,1093.05,20,1162.5,20,0,660
BANKNIFTY09JAN2032900PE.NFO,07/01/2020,09:29:21,1130.95,1093.45,20,1162.5,20,0,660
BANKNIFTY09JAN2032900PE.NFO,07/01/2020,09:29:22,1130.95,1093.85,20,1162.5,20,0,660
BANKNIFTY09JAN2032900PE.NFO,07/01/2020,09:29:23,1130.95,1094.25,20,1162.5,20,0,660
BANKNIFTY09JAN2032900PE.NFO,07/01/2020,09:29:25,1130.95,1094.85,20,1162.5,20,0,660
BANKNIFTY09JAN2032900PE.NFO,07/01/2020,09:29:26,1130.95,1095.25,20,1162.5,20,0,660
BANKNIFTY09JAN2032900PE.NFO,07/01/2020,09:29:27,1130.95,1095.65,40,1162.5,20,0,660
BANKNIFTY09JAN2032900PE.NFO,07/01/2020,09:29:28,1130.95,1096.25,20,1162.5,20,0,660
BANKNIFTY09JAN2032900PE.NFO,07/01/2020,09:29:29,1130.95,1096.55,20,1162.5,20,0,660
BANKNIFTY09JAN2032900PE.NFO,07/01/2020,09:29:31,1130.95,1096.95,20,1162.5,20,0,660
BANKNIFTY09JAN2032900PE.NFO,07/01/2020,09:29:32,1130.95,1097.25,20,1162.5,20,0,660
BANKNIFTY09JAN2032900PE.NFO,07/01/2020,09:29:33,1130.95,1097.55,20,1162.5,20,0,660
BANKNIFTY09JAN2032900PE.NFO,07/01/2020,09:29:34,1130.95,1097.75,20,1162.5,20,0,660
BANKNIFTY09JAN2032900PE.NFO,07/01/2020,09:29:35,1130.95,1097.95,20,1162.5,20,0,660
BANKNIFTY09JAN2032900PE.NFO,07/01/2020,09:29:36,1130.95,1098.25,20,1162.5,20,0,660
BANKNIFTY09JAN2032900PE.NFO,07/01/2020,09:29:38,1130.95,1098.85,20,1162.5,20,0,660
BANKNIFTY09JAN2032900PE.NFO,07/01/2020,09:29:39,1130.95,1099.15,20,1162.5,20,0,660
BANKNIFTY09JAN2032900PE.NFO,07/01/2020,09:29:40,1130.95,1099.45,20,1162.5,20,0,660
BANKNIFTY09JAN2032900PE.NFO,07/01/2020,09:29:41,1130.95,1099.65,20,1162.5,20,0,660
BANKNIFTY09JAN2032900PE.NFO,07/01/2020,09:29:42,1130.95,1099.95,40,1162.5,20,0,660
BANKNIFTY09JAN2032900PE.NFO,07/01/2020,09:29:44,1130.95,1100.55,40,1162.5,20,0,660
BANKNIFTY09JAN2032900PE.NFO,07/01/2020,09:29:45,1130.95,1100.85,40,1162.5,20,0,660
BANKNIFTY09JAN2032900PE.NFO,07/01/2020,09:29:46,1130.95,1101.05,20,1162.5,20,0,660
BANKNIFTY09JAN2032900PE.NFO,07/01/2020,09:29:47,1130.95,1101.25,20,1162.5,20,0,660
BANKNIFTY09JAN2032900PE.NFO,07/01/2020,09:29:48,1130.95,1132.95,120,1162.5,20,0,660
BANKNIFTY09JAN2032900PE.NFO,07/01/2020,09:29:50,1130.95,1134.5,120,1162.5,20,0,660
BANKNIFTY09JAN2032900PE.NFO,07/01/2020,09:29:51,1130.95,1135.2,20,1162.5,20,0,660
BANKNIFTY09JAN2032900PE.NFO,07/01/2020,09:29:55,1130.95,1135.75,20,1162.5,20,0,660
BANKNIFTY09JAN2032900PE.NFO,07/01/2020,09:29:56,1130.95,1135.8,40,1162.5,20,0,660
BANKNIFTY09JAN2032900PE.NFO,07/01/2020,09:30:03,1135.8,1129.3,20,1162.5,20,20,660
BANKNIFTY09JAN2032900PE.NFO,07/01/2020,09:30:04,1135.8,1126.75,20,1162.5,20,0,660
BANKNIFTY09JAN2032900PE.NFO,07/01/2020,09:30:07,1135.8,1126.8,40,1162.5,20,0,660
BANKNIFTY09JAN2032900PE.NFO,07/01/2020,09:30:08,1135.8,1126.85,20,1162.5,20,0,660
BANKNIFTY09JAN2032900PE.NFO,07/01/2020,09:30:09,1135.8,1126.95,40,1162.5,20,0,660
BANKNIFTY09JAN2032900PE.NFO,07/01/2020,09:30:10,1135.8,1126.9,20,1162.5,20,0,660
BANKNIFTY09JAN2032900PE.NFO,07/01/2020,09:30:14,1135.8,1126.9,20,1162.2,40,0,660
BANKNIFTY09JAN2032900PE.NFO,07/01/2020,09:30:16,1135.8,1119.25,20,1162.2,40,0,660
BANKNIFTY09JAN2032900PE.NFO,07/01/2020,09:30:17,1135.8,1119.55,20,1162.2,40,0,660
BANKNIFTY09JAN2032900PE.NFO,07/01/2020,09:30:18,1135.8,1119.65,40,1162.2,40,0,660
BANKNIFTY09JAN2032900PE.NFO,07/01/2020,09:30:19,1135.8,1119.95,20,1162.2,40,0,660
BANKNIFTY09JAN2032900PE.NFO,07/01/2020,09:30:21,1135.8,1120.1,20,1162.2,40,0,660
BANKNIFTY09JAN2032900PE.NFO,07/01/2020,09:30:22,1135.8,1120.15,20,1161.85,20,0,660
BANKNIFTY09JAN2032900PE.NFO,07/01/2020,09:30:23,1135.8,1120.3,40,1161.55,20,0,660
BANKNIFTY09JAN2032900PE.NFO,07/01/2020,09:30:24,1135.8,1120.55,20,1160.4,20,0,660
BANKNIFTY09JAN2032900PE.NFO,07/01/2020,09:30:25,1135.8,1120.65,20,1158.95,20,0,660
BANKNIFTY09JAN2032900PE.NFO,07/01/2020,09:30:27,1135.8,1118.65,20,1158,40,0,660
BANKNIFTY09JAN2032900PE.NFO,07/01/2020,09:30:28,1135.8,1115.05,20,1157.2,20,0,660
BANKNIFTY09JAN2032900PE.NFO,07/01/2020,09:30:29,1135.8,1115.05,20,1156.2,20,0,660
BANKNIFTY09JAN2032900PE.NFO,07/01/2020,09:30:30,1135.8,1115.45,20,1155.2,20,0,660
BANKNIFTY09JAN2032900PE.NFO,07/01/2020,09:30:31,1135.8,1115.55,20,1154.3,20,0,660
BANKNIFTY09JAN2032900PE.NFO,07/01/2020,09:30:33,1135.8,1115.55,20,1154.2,20,0,660
BANKNIFTY09JAN2032900PE.NFO,07/01/2020,09:30:34,1135.8,1111.15,160,1153.8,40,0,660
BANKNIFTY09JAN2032900PE.NFO,07/01/2020,09:30:35,1135.8,1111.3,20,1153.8,40,0,660
BANKNIFTY09JAN2032900PE.NFO,07/01/2020,09:30:36,1135.8,1111.5,20,1153.8,40,0,660
BANKNIFTY09JAN2032900PE.NFO,07/01/2020,09:30:37,1135.8,1113.2,20,1153.6,20,0,660
BANKNIFTY09JAN2032900PE.NFO,07/01/2020,09:30:39,1135.8,1113.25,40,1153.4,20,0,660
BANKNIFTY09JAN2032900PE.NFO,07/01/2020,09:30:40,1135.8,1113.6,120,1153.1,20,0,660
BANKNIFTY09JAN2032900PE.NFO,07/01/2020,09:30:41,1135.8,1113.8,20,1152.6,20,0,660
BANKNIFTY09JAN2032900PE.NFO,07/01/2020,09:30:42,1135.8,1114.1,20,1152.4,20,0,660
BANKNIFTY09JAN2032900PE.NFO,07/01/2020,09:30:44,1135.8,1114.45,20,1152.2,20,0,660
BANKNIFTY09JAN2032900PE.NFO,07/01/2020,09:30:45,1135.8,1114.55,20,1152,20,0,660
BANKNIFTY09JAN2032900PE.NFO,07/01/2020,09:30:46,1135.8,1114.7,40,1151.7,20,0,660
BANKNIFTY09JAN2032900PE.NFO,07/01/2020,09:30:47,1135.8,1114.8,20,1151.6,20,0,660
BANKNIFTY09JAN2032900PE.NFO,07/01/2020,09:30:48,1135.8,1114.95,80,1151.6,20,0,660
BANKNIFTY09JAN2032900PE.NFO,07/01/2020,09:30:51,1135.8,1114.9,20,1151.6,20,0,660
BANKNIFTY09JAN2032900PE.NFO,07/01/2020,09:30:52,1135.8,1114.9,20,1151.1,20,0,660
BANKNIFTY09JAN2032900PE.NFO,07/01/2020,09:30:54,1135.8,1115.25,120,1151,20,0,660
BANKNIFTY09JAN2032900PE.NFO,07/01/2020,09:30:55,1135.8,1115.3,20,1151,20,0,660
BANKNIFTY09JAN2032900PE.NFO,07/01/2020,09:30:57,1135.8,1115.4,100,1151,20,0,660
BANKNIFTY09JAN2032900PE.NFO,07/01/2020,09:30:58,1135.8,1115.65,120,1151,20,0,660
BANKNIFTY09JAN2032900PE.NFO,07/01/2020,09:30:59,1135.8,1115.65,60,1151,20,0,660
BANKNIFTY09JAN2032900PE.NFO,07/01/2020,09:31:00,1135.8,1115.65,20,1151,20,0,660
BANKNIFTY09JAN2032900PE.NFO,07/01/2020,09:31:01,1135.8,1111.15,120,1151,20,0,660
BANKNIFTY09JAN2032900PE.NFO,07/01/2020,09:31:02,1135.8,1111.15,120,1150.4,20,0,660
BANKNIFTY09JAN2032900PE.NFO,07/01/2020,09:31:03,1135.8,1111.2,80,1150.1,20,0,660
BANKNIFTY09JAN2032900PE.NFO,07/01/2020,09:31:05,1135.8,1111.15,40,1150,20,0,660
BANKNIFTY09JAN2032900PE.NFO,07/01/2020,09:31:06,1135.8,1111.15,140,1149.6,20,0,660
BANKNIFTY09JAN2032900PE.NFO,07/01/2020,09:31:07,1135.8,1111.25,20,1149.1,20,0,660
BANKNIFTY09JAN2032900PE.NFO,07/01/2020,09:31:08,1135.8,1111.25,20,1149,40,0,660
BANKNIFTY09JAN2032900PE.NFO,07/01/2020,09:31:09,1135.8,1111.3,120,1149,40,0,660
BANKNIFTY09JAN2032900PE.NFO,07/01/2020,09:31:11,1135.8,1111.4,20,1149,20,0,660
BANKNIFTY09JAN2032900PE.NFO,07/01/2020,09:31:12,1135.8,1111.7,20,1149,20,0,660
BANKNIFTY09JAN2032900PE.NFO,07/01/2020,09:31:13,1135.8,1111.8,20,1148.8,20,0,660
BANKNIFTY09JAN2032900PE.NFO,07/01/2020,09:31:14,1135.8,1111.85,20,1148.4,20,0,660
BANKNIFTY09JAN2032900PE.NFO,07/01/2020,09:31:15,1135.8,1111.85,20,1148.2,20,0,660
BANKNIFTY09JAN2032900PE.NFO,07/01/2020,09:31:16,1135.8,1111.85,20,1147.25,20,0,660
BANKNIFTY09JAN2032900PE.NFO,07/01/2020,09:31:18,1135.8,1111.1,20,1146.35,20,0,660
BANKNIFTY09JAN2032900PE.NFO,07/01/2020,09:31:19,1135.8,1099.75,160,1145.65,20,0,660
BANKNIFTY09JAN2032900PE.NFO,07/01/2020,09:31:20,1135.8,1099.85,20,1142.15,40,0,660
BANKNIFTY09JAN2032900PE.NFO,07/01/2020,09:31:22,1135.8,1099.8,20,1142.15,40,0,660
BANKNIFTY09JAN2032900PE.NFO,07/01/2020,09:31:23,1135.8,1099.9,20,1142.15,40,0,660
BANKNIFTY09JAN2032900PE.NFO,07/01/2020,09:31:25,1135.8,1100.55,120,1142.15,40,0,660
BANKNIFTY09JAN2032900PE.NFO,07/01/2020,09:31:26,1135.8,1100.6,20,1142.15,40,0,660
BANKNIFTY09JAN2032900PE.NFO,07/01/2020,09:31:27,1135.8,1100.65,20,1139.4,40,0,660
BANKNIFTY09JAN2032900PE.NFO,07/01/2020,09:31:28,1135.8,1100.8,20,1139.4,40,0,660
BANKNIFTY09JAN2032900PE.NFO,07/01/2020,09:31:30,1135.8,1101.4,20,1138.8,20,0,660
BANKNIFTY09JAN2032900PE.NFO,07/01/2020,09:31:31,1135.8,1101.95,120,1138.6,20,0,660
BANKNIFTY09JAN2032900PE.NFO,07/01/2020,09:31:32,1135.8,1101.95,120,1138.6,40,0,660
BANKNIFTY09JAN2032900PE.NFO,07/01/2020,09:31:33,1135.8,1102,20,1138.5,20,0,660
BANKNIFTY09JAN2032900PE.NFO,07/01/2020,09:31:34,1135.8,1102.2,120,1138.3,20,0,660
BANKNIFTY09JAN2032900PE.NFO,07/01/2020,09:31:36,1135.8,1102.35,20,1138.3,20,0,660
BANKNIFTY09JAN2032900PE.NFO,07/01/2020,09:31:38,1135.8,1102.65,20,1137.8,20,0,660
BANKNIFTY09JAN2032900PE.NFO,07/01/2020,09:31:39,1135.8,1102.8,20,1137.2,20,0,660
BANKNIFTY09JAN2032900PE.NFO,07/01/2020,09:31:41,1135.8,1102.8,20,1136.5,20,0,660
BANKNIFTY09JAN2032900PE.NFO,07/01/2020,09:31:42,1135.8,1103.05,20,1136.4,20,0,660
BANKNIFTY09JAN2032900PE.NFO,07/01/2020,09:31:43,1135.8,1103.3,20,1136.4,20,0,660
BANKNIFTY09JAN2032900PE.NFO,07/01/2020,09:31:47,1135.8,1103.35,20,1136.3,20,0,660
BANKNIFTY09JAN2032900PE.NFO,07/01/2020,09:31:48,1135.8,1103.35,20,1135.7,20,0,660
BANKNIFTY09JAN2032900PE.NFO,07/01/2020,09:31:49,1135.8,1091.45,140,1135.5,40,0,660
BANKNIFTY09JAN2032900PE.NFO,07/01/2020,09:31:50,1135.8,1094.65,20,1135.4,20,0,660
BANKNIFTY09JAN2032900PE.NFO,07/01/2020,09:31:52,1135.8,1095,140,1135.1,20,0,660
BANKNIFTY09JAN2032900PE.NFO,07/01/2020,09:31:53,1135.8,1095.65,140,1134.8,20,0,660
BANKNIFTY09JAN2032900PE.NFO,07/01/2020,09:31:54,1135.8,1096.15,20,1134,20,0,660
BANKNIFTY09JAN2032900PE.NFO,07/01/2020,09:31:56,1135.8,1097,20,1132.6,20,0,660
BANKNIFTY09JAN2032900PE.NFO,07/01/2020,09:31:58,1135.8,1097.45,20,1132.6,20,0,660
BANKNIFTY09JAN2032900PE.NFO,07/01/2020,09:31:59,1135.8,1097.9,20,1132.6,20,0,660
BANKNIFTY09JAN2032900PE.NFO,07/01/2020,09:32:00,1135.8,1098.05,140,1132.6,20,0,660
BANKNIFTY09JAN2032900PE.NFO,07/01/2020,09:32:01,1135.8,1098.05,140,1132.35,20,0,660
BANKNIFTY09JAN2032900PE.NFO,07/01/2020,09:32:02,1135.8,1098.1,20,1132.35,20,0,660
BANKNIFTY09JAN2032900PE.NFO,07/01/2020,09:32:04,1135.8,1098.15,20,1132.35,20,0,660
BANKNIFTY09JAN2032900PE.NFO,07/01/2020,09:32:05,1135.8,1098.2,20,1132.35,20,0,660
BANKNIFTY09JAN2032900PE.NFO,07/01/2020,09:32:06,1135.8,1098.3,120,1132.35,20,0,660
BANKNIFTY09JAN2032900PE.NFO,07/01/2020,09:32:07,1135.8,1098.4,20,1132.4,180,0,660
BANKNIFTY09JAN2032900PE.NFO,07/01/2020,09:32:08,1135.8,1098.65,20,1132.35,200,0,660
BANKNIFTY09JAN2032900PE.NFO,07/01/2020,09:32:09,1135.8,1099.6,20,1132.3,20,0,660
BANKNIFTY09JAN2032900PE.NFO,07/01/2020,09:32:11,1135.8,1100.15,20,1132.3,20,0,660
BANKNIFTY09JAN2032900PE.NFO,07/01/2020,09:32:12,1135.8,1100.45,140,1132.3,20,0,660
BANKNIFTY09JAN2032900PE.NFO,07/01/2020,09:32:13,1135.8,1100.8,20,1132.3,20,0,660
BANKNIFTY09JAN2032900PE.NFO,07/01/2020,09:32:14,1135.8,1101,20,1132.25,20,0,660
BANKNIFTY09JAN2032900PE.NFO,07/01/2020,09:32:15,1135.8,1101,20,1131.15,20,0,660
BANKNIFTY09JAN2032900PE.NFO,07/01/2020,09:32:17,1135.8,1101,20,1130.8,20,0,660
BANKNIFTY09JAN2032900PE.NFO,07/01/2020,09:32:18,1135.8,1094.55,320,1129.6,20,0,660
BANKNIFTY09JAN2032900PE.NFO,07/01/2020,09:32:19,1135.8,1094.2,20,1128.9,20,0,660
BANKNIFTY09JAN2032900PE.NFO,07/01/2020,09:32:20,1135.8,1094.2,20,1127.1,40,0,660
BANKNIFTY09JAN2032900PE.NFO,07/01/2020,09:32:22,1135.8,1094.2,20,1127,20,0,660
BANKNIFTY09JAN2032900PE.NFO,07/01/2020,09:32:23,1135.8,1094.35,20,1126.8,20,0,660
BANKNIFTY09JAN2032900PE.NFO,07/01/2020,09:32:24,1135.8,1080.8,20,1124.3,220,0,660
BANKNIFTY09JAN2032900PE.NFO,07/01/2020,09:32:25,1135.8,1082.25,120,1124.1,20,0,660
BANKNIFTY09JAN2032900PE.NFO,07/01/2020,09:32:27,1135.8,1082.55,20,1121.65,20,0,660
BANKNIFTY09JAN2032900PE.NFO,07/01/2020,09:32:28,1135.8,1082.85,20,1120.2,20,0,660
BANKNIFTY09JAN2032900PE.NFO,07/01/2020,09:32:29,1135.8,1083.3,20,1120.1,20,0,660
BANKNIFTY09JAN2032900PE.NFO,07/01/2020,09:32:31,1135.8,1084.15,20,1117.95,180,0,660
BANKNIFTY09JAN2032900PE.NFO,07/01/2020,09:32:32,1135.8,1084.7,120,1117.9,20,0,660
BANKNIFTY09JAN2032900PE.NFO,07/01/2020,09:32:33,1135.8,1084.75,20,1117.7,20,0,660
BANKNIFTY09JAN2032900PE.NFO,07/01/2020,09:32:34,1135.8,1084.8,40,1117.2,20,0,660
BANKNIFTY09JAN2032900PE.NFO,07/01/2020,09:32:36,1135.8,1084.75,20,1116.95,20,0,660
BANKNIFTY09JAN2032900PE.NFO,07/01/2020,09:32:37,1135.8,1084.8,120,1115.5,20,0,660
BANKNIFTY09JAN2032900PE.NFO,07/01/2020,09:32:38,1135.8,1084.8,20,1115.1,20,0,660
BANKNIFTY09JAN2032900PE.NFO,07/01/2020,09:32:39,1135.8,1069.9,20,1114.15,20,0,660
BANKNIFTY09JAN2032900PE.NFO,07/01/2020,09:32:40,1135.8,1070.2,20,1113.6,20,0,660
BANKNIFTY09JAN2032900PE.NFO,07/01/2020,09:32:42,1135.8,1070.55,120,1108,200,0,660
BANKNIFTY09JAN2032900PE.NFO,07/01/2020,09:32:43,1135.8,1071.05,20,1107.95,20,0,660
BANKNIFTY09JAN2032900PE.NFO,07/01/2020,09:32:44,1135.8,1071.5,120,1108,200,0,660
BANKNIFTY09JAN2032900PE.NFO,07/01/2020,09:32:47,1135.8,1071.6,20,1108,200,0,660
BANKNIFTY09JAN2032900PE.NFO,07/01/2020,09:32:48,1135.8,1071.75,140,1108,200,0,660
BANKNIFTY09JAN2032900PE.NFO,07/01/2020,09:32:49,1135.8,1072,120,1108,200,0,660
BANKNIFTY09JAN2032900PE.NFO,07/01/2020,09:32:50,1135.8,1072.25,20,1108,200,0,660
BANKNIFTY09JAN2032900PE.NFO,07/01/2020,09:32:52,1135.8,1072.45,100,1108,200,0,660
BANKNIFTY09JAN2032900PE.NFO,07/01/2020,09:32:53,1135.8,1072.6,20,1107.95,20,0,660
BANKNIFTY09JAN2032900PE.NFO,07/01/2020,09:32:54,1135.8,1072.75,20,1107.95,20,0,660
BANKNIFTY09JAN2032900PE.NFO,07/01/2020,09:32:55,1135.8,1073,20,1107.95,20,0,660
BANKNIFTY09JAN2032900PE.NFO,07/01/2020,09:32:56,1135.8,1073.15,20,1107.95,20,0,660
BANKNIFTY09JAN2032900PE.NFO,07/01/2020,09:32:57,1135.8,1073.4,140,1107.95,20,0,660
BANKNIFTY09JAN2032900PE.NFO,07/01/2020,09:32:58,1135.8,1073.8,20,1107.95,20,0,660
BANKNIFTY09JAN2032900PE.NFO,07/01/2020,09:32:59,1135.8,1074.1,120,1107.9,20,0,660
BANKNIFTY09JAN2032900PE.NFO,07/01/2020,09:33:00,1135.8,1074.4,140,1107.9,20,0,660
BANKNIFTY09JAN2032900PE.NFO,07/01/2020,09:33:02,1135.8,1074.75,20,1107.9,20,0,660
BANKNIFTY09JAN2032900PE.NFO,07/01/2020,09:33:03,1135.8,1075.05,20,1107.9,20,0,660
BANKNIFTY09JAN2032900PE.NFO,07/01/2020,09:33:04,1135.8,1075.9,20,1107.95,20,0,660
BANKNIFTY09JAN2032900PE.NFO,07/01/2020,09:33:05,1135.8,1076.15,20,1107.95,20,0,660
BANKNIFTY09JAN2032900PE.NFO,07/01/2020,09:33:06,1135.8,1076.35,20,1107.95,20,0,660
BANKNIFTY09JAN2032900PE.NFO,07/01/2020,09:33:08,1135.8,1076.75,20,1107.95,20,0,660
BANKNIFTY09JAN2032900PE.NFO,07/01/2020,09:33:09,1135.8,1076.95,140,1107.95,20,0,660
BANKNIFTY09JAN2032900PE.NFO,07/01/2020,09:33:10,1135.8,1077.5,20,1107.9,20,0,660
BANKNIFTY09JAN2032900PE.NFO,07/01/2020,09:33:11,1135.8,1078,120,1107.9,20,0,660
BANKNIFTY09JAN2032900PE.NFO,07/01/2020,09:33:12,1135.8,1078.15,20,1107.9,20,0,660
BANKNIFTY09JAN2032900PE.NFO,07/01/2020,09:33:13,1135.8,1078.35,140,1107.8,20,0,660
BANKNIFTY09JAN2032900PE.NFO,07/01/2020,09:33:15,1135.8,1078.6,20,1107,20,0,660
BANKNIFTY09JAN2032900PE.NFO,07/01/2020,09:33:16,1135.8,1079.1,20,1106.75,180,0,660
BANKNIFTY09JAN2032900PE.NFO,07/01/2020,09:33:17,1135.8,1079.6,20,1106.75,180,0,660
BANKNIFTY09JAN2032900PE.NFO,07/01/2020,09:33:18,1135.8,1080.3,20,1106.75,180,0,660
BANKNIFTY09JAN2032900PE.NFO,07/01/2020,09:33:19,1135.8,1080.95,20,1106.75,180,0,660
BANKNIFTY09JAN2032900PE.NFO,07/01/2020,09:33:20,1135.8,1081.4,20,1106.75,180,0,660
BANKNIFTY09JAN2032900PE.NFO,07/01/2020,09:33:21,1135.8,1081.8,20,1106.75,180,0,660
BANKNIFTY09JAN2032900PE.NFO,07/01/2020,09:33:22,1135.8,1082.1,60,1106.75,180,0,660
BANKNIFTY09JAN2032900PE.NFO,07/01/2020,09:33:24,1135.8,1082.95,20,1106.75,180,0,660
BANKNIFTY09JAN2032900PE.NFO,07/01/2020,09:33:25,1135.8,1083.2,20,1106.75,180,0,660
BANKNIFTY09JAN2032900PE.NFO,07/01/2020,09:33:26,1135.8,1083.3,20,1106.75,180,0,660
BANKNIFTY09JAN2032900PE.NFO,07/01/2020,09:33:27,1135.8,1083.35,20,1106.6,20,0,660
BANKNIFTY09JAN2032900PE.NFO,07/01/2020,09:33:28,1135.8,1083.65,20,1106.6,20,0,660
BANKNIFTY09JAN2032900PE.NFO,07/01/2020,09:33:29,1135.8,1075.25,220,1106.6,20,0,660
BANKNIFTY09JAN2032900PE.NFO,07/01/2020,09:33:31,1135.8,1075.3,20,1106.6,20,0,660
BANKNIFTY09JAN2032900PE.NFO,07/01/2020,09:33:33,1135.8,1075.9,20,1106.6,20,0,660
BANKNIFTY09JAN2032900PE.NFO,07/01/2020,09:33:34,1135.8,1076.45,20,1106.6,20,0,660
BANKNIFTY09JAN2032900PE.NFO,07/01/2020,09:33:35,1135.8,1077.25,20,1106.6,20,0,660
BANKNIFTY09JAN2032900PE.NFO,07/01/2020,09:33:36,1135.8,1078.05,120,1106.6,20,0,660
BANKNIFTY09JAN2032900PE.NFO,07/01/2020,09:33:37,1135.8,1078.1,20,1106,40,0,660
BANKNIFTY09JAN2032900PE.NFO,07/01/2020,09:33:38,1135.8,1078.2,20,1106,40,0,660
BANKNIFTY09JAN2032900PE.NFO,07/01/2020,09:33:39,1135.8,1078.25,20,1106,40,0,660
BANKNIFTY09JAN2032900PE.NFO,07/01/2020,09:33:41,1135.8,1074.95,120,1102.95,20,0,660
BANKNIFTY09JAN2032900PE.NFO,07/01/2020,09:33:42,1135.8,1074.6,120,1102.05,20,0,660
BANKNIFTY09JAN2032900PE.NFO,07/01/2020,09:33:43,1135.8,1074.75,20,1101.75,20,0,660
BANKNIFTY09JAN2032900PE.NFO,07/01/2020,09:33:44,1135.8,1074.95,120,1101.55,20,0,660
BANKNIFTY09JAN2032900PE.NFO,07/01/2020,09:33:45,1135.8,1075.05,20,1101.55,20,0,660
BANKNIFTY09JAN2032900PE.NFO,07/01/2020,09:33:48,1135.8,1075.3,20,1101.55,20,0,660
BANKNIFTY09JAN2032900PE.NFO,07/01/2020,09:33:50,1135.8,1075.3,20,1101.45,20,0,660
BANKNIFTY09JAN2032900PE.NFO,07/01/2020,09:33:51,1135.8,1075.5,120,1100.95,20,0,660
BANKNIFTY09JAN2032900PE.NFO,07/01/2020,09:33:52,1135.8,1075.65,20,1100.25,20,0,660
BANKNIFTY09JAN2032900PE.NFO,07/01/2020,09:33:54,1135.8,1075.75,20,1100.15,180,0,660
BANKNIFTY09JAN2032900PE.NFO,07/01/2020,09:33:55,1135.8,1075.75,20,1100,20,0,660
BANKNIFTY09JAN2032900PE.NFO,07/01/2020,09:33:56,1135.8,1075.75,20,1099.6,20,0,660
BANKNIFTY09JAN2032900PE.NFO,07/01/2020,09:33:57,1135.8,1075.75,20,1099.35,20,0,660
BANKNIFTY09JAN2032900PE.NFO,07/01/2020,09:33:58,1135.8,1075.75,20,1099,180,0,660
BANKNIFTY09JAN2032900PE.NFO,07/01/2020,09:34:00,1135.8,1075.75,20,1098.75,20,0,660
BANKNIFTY09JAN2032900PE.NFO,07/01/2020,09:34:01,1135.8,1069.25,220,1098.2,40,0,660
BANKNIFTY09JAN2032900PE.NFO,07/01/2020,09:34:02,1135.8,1069.25,220,1097.6,40,0,660
BANKNIFTY09JAN2032900PE.NFO,07/01/2020,09:34:03,1135.8,1069.35,20,1097.65,180,0,660
BANKNIFTY09JAN2032900PE.NFO,07/01/2020,09:34:05,1135.8,1069.6,140,1097.65,180,0,660
BANKNIFTY09JAN2032900PE.NFO,07/01/2020,09:34:06,1135.8,1069.9,20,1097.65,180,0,660
BANKNIFTY09JAN2032900PE.NFO,07/01/2020,09:34:07,1135.8,1070.25,20,1097.65,180,0,660
BANKNIFTY09JAN2032900PE.NFO,07/01/2020,09:34:08,1135.8,1070.6,20,1097.65,200,0,660
BANKNIFTY09JAN2032900PE.NFO,07/01/2020,09:34:10,1135.8,1070.8,20,1097.65,200,0,660
BANKNIFTY09JAN2032900PE.NFO,07/01/2020,09:34:11,1135.8,1070.95,20,1097.65,200,0,660
BANKNIFTY09JAN2032900PE.NFO,07/01/2020,09:34:12,1135.8,1071.15,120,1097.65,200,0,660
BANKNIFTY09JAN2032900PE.NFO,07/01/2020,09:34:13,1135.8,1071.15,140,1097.65,200,0,660
BANKNIFTY09JAN2032900PE.NFO,07/01/2020,09:34:14,1135.8,1071.7,20,1097.65,200,0,660
BANKNIFTY09JAN2032900PE.NFO,07/01/2020,09:34:16,1135.8,1072.05,140,1097.65,200,0,660
BANKNIFTY09JAN2032900PE.NFO,07/01/2020,09:34:17,1135.8,1072.4,20,1097.65,200,0,660
BANKNIFTY09JAN2032900PE.NFO,07/01/2020,09:34:18,1135.8,1072.6,20,1097.65,200,0,660
BANKNIFTY09JAN2032900PE.NFO,07/01/2020,09:34:19,1135.8,1073.05,40,1097.65,180,0,660
BANKNIFTY09JAN2032900PE.NFO,07/01/2020,09:34:20,1135.8,1073.5,20,1098.05,40,0,660
BANKNIFTY09JAN2032900PE.NFO,07/01/2020,09:34:22,1135.8,1073.65,20,1098.05,40,0,660
BANKNIFTY09JAN2032900PE.NFO,07/01/2020,09:34:23,1135.8,1076.55,20,1098.05,40,0,660
BANKNIFTY09JAN2032900PE.NFO,07/01/2020,09:34:24,1135.8,1076.65,20,1098.05,40,0,660
BANKNIFTY09JAN2032900PE.NFO,07/01/2020,09:34:25,1135.8,1076.8,140,1098.05,40,0,660
BANKNIFTY09JAN2032900PE.NFO,07/01/2020,09:34:26,1135.8,1077.55,20,1105.4,220,0,660
BANKNIFTY09JAN2032900PE.NFO,07/01/2020,09:34:28,1135.8,1080.75,120,1105.35,80,0,660
BANKNIFTY09JAN2032900PE.NFO,07/01/2020,09:34:29,1135.8,1081.35,20,1105.4,100,0,660
BANKNIFTY09JAN2032900PE.NFO,07/01/2020,09:34:30,1135.8,1081.6,20,1105.35,120,0,660
BANKNIFTY09JAN2032900PE.NFO,07/01/2020,09:34:31,1135.8,1082.6,120,1105.3,40,0,660
BANKNIFTY09JAN2032900PE.NFO,07/01/2020,09:34:32,1135.8,1082.7,20,1105.35,120,0,660
BANKNIFTY09JAN2032900PE.NFO,07/01/2020,09:34:34,1135.8,1085.5,20,1105.35,80,0,660
BANKNIFTY09JAN2032900PE.NFO,07/01/2020,09:34:35,1135.8,1086.55,40,1129.2,20,0,660
BANKNIFTY09JAN2032900PE.NFO,07/01/2020,09:34:36,1135.8,1087.15,20,1128.3,20,0,660
BANKNIFTY09JAN2032900PE.NFO,07/01/2020,09:34:37,1135.8,1087.25,20,1127.5,20,0,660
BANKNIFTY09JAN2032900PE.NFO,07/01/2020,09:34:38,1135.8,1087.35,20,1127.3,20,0,660
BANKNIFTY09JAN2032900PE.NFO,07/01/2020,09:34:40,1135.8,1087.65,20,1127.3,20,0,660
BANKNIFTY09JAN2032900PE.NFO,07/01/2020,09:34:41,1135.8,1088.3,20,1127.1,20,0,660
BANKNIFTY09JAN2032900PE.NFO,07/01/2020,09:34:42,1135.8,1088.65,40,1126.6,20,0,660
BANKNIFTY09JAN2032900PE.NFO,07/01/2020,09:34:43,1135.8,1089.4,40,1126.2,20,0,660
BANKNIFTY09JAN2032900PE.NFO,07/01/2020,09:34:44,1135.8,1090.3,20,1125.75,120,0,660
BANKNIFTY09JAN2032900PE.NFO,07/01/2020,09:34:45,1135.8,1090.9,20,1125.1,20,0,660
BANKNIFTY09JAN2032900PE.NFO,07/01/2020,09:34:47,1135.8,1091.5,20,1125.1,20,0,660
BANKNIFTY09JAN2032900PE.NFO,07/01/2020,09:34:48,1135.8,1091.9,20,1124.95,20,0,660
BANKNIFTY09JAN2032900PE.NFO,07/01/2020,09:34:49,1135.8,1092.1,20,1124.7,20,0,660
BANKNIFTY09JAN2032900PE.NFO,07/01/2020,09:34:50,1135.8,1092.9,20,1124.55,20,0,660
BANKNIFTY09JAN2032900PE.NFO,07/01/2020,09:34:51,1135.8,1093.45,20,1124.55,20,0,660
BANKNIFTY09JAN2032900PE.NFO,07/01/2020,09:34:52,1135.8,1093.5,120,1122.25,20,0,660
BANKNIFTY09JAN2032900PE.NFO,07/01/2020,09:34:53,1135.8,1093.8,120,1122.1,100,0,660
BANKNIFTY09JAN2032900PE.NFO,07/01/2020,09:34:55,1135.8,1094.1,20,1122.1,100,0,660
BANKNIFTY09JAN2032900PE.NFO,07/01/2020,09:34:57,1135.8,1094.45,20,1122.1,100,0,660
BANKNIFTY09JAN2032900PE.NFO,07/01/2020,09:34:58,1135.8,1094.9,20,1122.05,20,0,660
BANKNIFTY09JAN2032900PE.NFO,07/01/2020,09:35:01,1135.8,1086.6,240,1121.75,20,0,660
BANKNIFTY09JAN2032900PE.NFO,07/01/2020,09:35:02,1135.8,1086.6,240,1121.8,120,0,660
BANKNIFTY09JAN2032900PE.NFO,07/01/2020,09:35:03,1135.8,1086.9,20,1121.75,20,0,660
BANKNIFTY09JAN2032900PE.NFO,07/01/2020,09:35:04,1135.8,1087.4,20,1121.75,20,0,660
BANKNIFTY09JAN2032900PE.NFO,07/01/2020,09:35:06,1135.8,1087.6,40,1121.3,20,0,660
BANKNIFTY09JAN2032900PE.NFO,07/01/2020,09:35:07,1135.8,1088.1,20,1121.2,20,0,660
BANKNIFTY09JAN2032900PE.NFO,07/01/2020,09:35:08,1135.8,1088.3,20,1121.15,100,0,660
BANKNIFTY09JAN2032900PE.NFO,07/01/2020,09:35:09,1135.8,1088.4,20,1121.15,100,0,660
BANKNIFTY09JAN2032900PE.NFO,07/01/2020,09:35:10,1135.8,1088.8,40,1121.15,100,0,660
BANKNIFTY09JAN2032900PE.NFO,07/01/2020,09:35:11,1135.8,1089.4,20,1121.1,20,0,660
BANKNIFTY09JAN2032900PE.NFO,07/01/2020,09:35:13,1135.8,1089.9,40,1121.15,100,0,660
BANKNIFTY09JAN2032900PE.NFO,07/01/2020,09:35:14,1135.8,1090.4,20,1121.15,100,0,660
BANKNIFTY09JAN2032900PE.NFO,07/01/2020,09:35:15,1135.8,1090.6,40,1121.15,100,0,660
BANKNIFTY09JAN2032900PE.NFO,07/01/2020,09:35:16,1135.8,1091.3,20,1121.15,100,0,660
BANKNIFTY09JAN2032900PE.NFO,07/01/2020,09:35:17,1135.8,1091.8,20,1121.15,100,0,660
BANKNIFTY09JAN2032900PE.NFO,07/01/2020,09:35:18,1135.8,1092.25,120,1121.15,100,0,660
BANKNIFTY09JAN2032900PE.NFO,07/01/2020,09:35:19,1135.8,1092.75,20,1121.15,100,0,660
BANKNIFTY09JAN2032900PE.NFO,07/01/2020,09:35:20,1135.8,1092.85,40,1121.15,100,0,660
BANKNIFTY09JAN2032900PE.NFO,07/01/2020,09:35:22,1135.8,1093.05,20,1121.15,100,0,660
BANKNIFTY09JAN2032900PE.NFO,07/01/2020,09:35:23,1135.8,1093.75,20,1121.15,100,0,660
BANKNIFTY09JAN2032900PE.NFO,07/01/2020,09:35:24,1135.8,1093.95,20,1121.15,100,0,660
BANKNIFTY09JAN2032900PE.NFO,07/01/2020,09:35:25,1135.8,1094.75,20,1121.15,100,0,660
BANKNIFTY09JAN2032900PE.NFO,07/01/2020,09:35:26,1135.8,1095.45,40,1121.15,100,0,660
BANKNIFTY09JAN2032900PE.NFO,07/01/2020,09:35:27,1135.8,1095.95,20,1121.15,100,0,660
BANKNIFTY09JAN2032900PE.NFO,07/01/2020,09:35:29,1135.8,1096.55,20,1121.15,100,0,660
BANKNIFTY09JAN2032900PE.NFO,07/01/2020,09:35:30,1135.8,1096.95,40,1121.15,100,0,660
BANKNIFTY09JAN2032900PE.NFO,07/01/2020,09:35:31,1135.8,1097.35,40,1121.15,100,0,660
BANKNIFTY09JAN2032900PE.NFO,07/01/2020,09:35:32,1135.8,1098.25,20,1121.15,100,0,660
BANKNIFTY09JAN2032900PE.NFO,07/01/2020,09:35:33,1135.8,1099.35,20,1121.15,100,0,660
BANKNIFTY09JAN2032900PE.NFO,07/01/2020,09:35:34,1135.8,1099.95,20,1121.15,100,0,660
BANKNIFTY09JAN2032900PE.NFO,07/01/2020,09:35:36,1135.8,1100.2,40,1121.15,100,0,660
BANKNIFTY09JAN2032900PE.NFO,07/01/2020,09:35:37,1135.8,1100.6,20,1121.15,100,0,660
BANKNIFTY09JAN2032900PE.NFO,07/01/2020,09:35:38,1135.8,1100.85,40,1121.15,100,0,660
BANKNIFTY09JAN2032900PE.NFO,07/01/2020,09:35:39,1135.8,1101.35,20,1121.15,100,0,660
BANKNIFTY09JAN2032900PE.NFO,07/01/2020,09:35:40,1135.8,1101.95,20,1121.15,100,0,660
BANKNIFTY09JAN2032900PE.NFO,07/01/2020,09:35:42,1135.8,1102.95,20,1131.1,220,0,660
BANKNIFTY09JAN2032900PE.NFO,07/01/2020,09:35:43,1135.8,1103.55,20,1131.1,220,0,660
BANKNIFTY09JAN2032900PE.NFO,07/01/2020,09:35:44,1135.8,1104.95,20,1131.1,220,0,660
BANKNIFTY09JAN2032900PE.NFO,07/01/2020,09:35:45,1135.8,1105.35,20,1131.1,220,0,660
BANKNIFTY09JAN2032900PE.NFO,07/01/2020,09:35:47,1135.8,1105.7,20,1131.1,220,0,660
BANKNIFTY09JAN2032900PE.NFO,07/01/2020,09:35:48,1135.8,1106.4,20,1131.1,220,0,660
BANKNIFTY09JAN2032900PE.NFO,07/01/2020,09:35:49,1135.8,1106.6,20,1131.1,220,0,660
BANKNIFTY09JAN2032900PE.NFO,07/01/2020,09:35:50,1135.8,1107.05,20,1131.1,220,0,660
BANKNIFTY09JAN2032900PE.NFO,07/01/2020,09:35:52,1135.8,1107.35,20,1131.05,20,0,660
BANKNIFTY09JAN2032900PE.NFO,07/01/2020,09:35:53,1135.8,1107.4,20,1131.05,20,0,660
BANKNIFTY09JAN2032900PE.NFO,07/01/2020,09:35:57,1135.8,1103.1,120,1131.1,220,0,660
BANKNIFTY09JAN2032900PE.NFO,07/01/2020,09:35:58,1135.8,1103.15,100,1131.05,20,0,660
BANKNIFTY09JAN2032900PE.NFO,07/01/2020,09:36:00,1135.8,1103.5,20,1131.1,220,0,660
BANKNIFTY09JAN2032900PE.NFO,07/01/2020,09:36:02,1135.8,1104,120,1131.1,220,0,660
BANKNIFTY09JAN2032900PE.NFO,07/01/2020,09:36:03,1135.8,1104.15,20,1131.1,220,0,660
BANKNIFTY09JAN2032900PE.NFO,07/01/2020,09:36:04,1135.8,1104.85,20,1131.1,220,0,660
BANKNIFTY09JAN2032900PE.NFO,07/01/2020,09:36:05,1135.8,1105.3,20,1131.1,220,0,660
BANKNIFTY09JAN2032900PE.NFO,07/01/2020,09:36:06,1135.8,1105.4,120,1131.1,220,0,660
BANKNIFTY09JAN2032900PE.NFO,07/01/2020,09:36:07,1135.8,1105.85,20,1131.1,220,0,660
BANKNIFTY09JAN2032900PE.NFO,07/01/2020,09:36:09,1135.8,1106.15,20,1131.1,220,0,660
BANKNIFTY09JAN2032900PE.NFO,07/01/2020,09:36:10,1135.8,1090.1,20,1129.8,20,0,660
BANKNIFTY09JAN2032900PE.NFO,07/01/2020,09:36:11,1135.8,1092.9,20,1129.7,80,0,660
BANKNIFTY09JAN2032900PE.NFO,07/01/2020,09:36:12,1135.8,1093.05,120,1127,20,0,660
BANKNIFTY09JAN2032900PE.NFO,07/01/2020,09:36:14,1135.8,1093.65,120,1124.8,100,0,660
BANKNIFTY09JAN2032900PE.NFO,07/01/2020,09:36:15,1135.8,1094.65,20,1123.75,100,0,660
BANKNIFTY09JAN2032900PE.NFO,07/01/2020,09:36:16,1135.8,1095.65,100,1123.7,20,0,660
BANKNIFTY09JAN2032900PE.NFO,07/01/2020,09:36:17,1135.8,1096.05,20,1123.7,20,0,660
BANKNIFTY09JAN2032900PE.NFO,07/01/2020,09:36:18,1135.8,1096.45,20,1123.7,20,0,660
BANKNIFTY09JAN2032900PE.NFO,07/01/2020,09:36:20,1135.8,1096.9,120,1123.75,100,0,660
BANKNIFTY09JAN2032900PE.NFO,07/01/2020,09:36:21,1135.8,1097.65,20,1123.75,100,0,660
BANKNIFTY09JAN2032900PE.NFO,07/01/2020,09:36:22,1135.8,1098,20,1123.75,100,0,660
BANKNIFTY09JAN2032900PE.NFO,07/01/2020,09:36:23,1135.8,1098.35,140,1123.75,100,0,660
BANKNIFTY09JAN2032900PE.NFO,07/01/2020,09:36:24,1135.8,1099.15,20,1123.75,100,0,660
BANKNIFTY09JAN2032900PE.NFO,07/01/2020,09:36:26,1135.8,1099.55,120,1123.75,100,0,660
BANKNIFTY09JAN2032900PE.NFO,07/01/2020,09:36:27,1135.8,1099.95,20,1123.75,100,0,660
BANKNIFTY09JAN2032900PE.NFO,07/01/2020,09:36:28,1135.8,1100.35,120,1123.75,100,0,660
BANKNIFTY09JAN2032900PE.NFO,07/01/2020,09:36:29,1135.8,1100.5,20,1123.75,100,0,660
BANKNIFTY09JAN2032900PE.NFO,07/01/2020,09:36:31,1135.8,1100.75,20,1123.75,100,0,660
BANKNIFTY09JAN2032900PE.NFO,07/01/2020,09:36:32,1135.8,1101,20,1123.75,100,0,660
BANKNIFTY09JAN2032900PE.NFO,07/01/2020,09:36:33,1135.8,1101.65,20,1123.75,100,0,660
BANKNIFTY09JAN2032900PE.NFO,07/01/2020,09:36:34,1135.8,1102,140,1123.75,100,0,660
BANKNIFTY09JAN2032900PE.NFO,07/01/2020,09:36:35,1135.8,1102.2,20,1123.7,20,0,660
BANKNIFTY09JAN2032900PE.NFO,07/01/2020,09:36:36,1135.8,1102.6,20,1123.7,20,0,660
BANKNIFTY09JAN2032900PE.NFO,07/01/2020,09:36:38,1135.8,1103.15,20,1123.7,20,0,660
BANKNIFTY09JAN2032900PE.NFO,07/01/2020,09:36:39,1135.8,1103.5,20,1123.7,20,0,660
BANKNIFTY09JAN2032900PE.NFO,07/01/2020,09:36:42,1135.8,1103.75,20,1123.7,20,0,660
BANKNIFTY09JAN2032900PE.NFO,07/01/2020,09:36:46,1135.8,1094.5,220,1123.7,20,0,660
BANKNIFTY09JAN2032900PE.NFO,07/01/2020,09:36:50,1135.8,1094.6,20,1123.7,20,0,660
BANKNIFTY09JAN2032900PE.NFO,07/01/2020,09:36:52,1135.8,1094.85,20,1123.7,20,0,660
BANKNIFTY09JAN2032900PE.NFO,07/01/2020,09:36:53,1135.8,1095.2,20,1123.7,20,0,660
BANKNIFTY09JAN2032900PE.NFO,07/01/2020,09:36:54,1135.8,1095.9,20,1123.7,20,0,660
BANKNIFTY09JAN2032900PE.NFO,07/01/2020,09:36:55,1135.8,1096.25,120,1123.7,20,0,660
BANKNIFTY09JAN2032900PE.NFO,07/01/2020,09:36:57,1135.8,1096.6,20,1123.5,20,0,660
BANKNIFTY09JAN2032900PE.NFO,07/01/2020,09:36:58,1135.8,1097.15,120,1122.95,20,0,660
BANKNIFTY09JAN2032900PE.NFO,07/01/2020,09:36:59,1135.8,1097.7,20,1122.85,20,0,660
BANKNIFTY09JAN2032900PE.NFO,07/01/2020,09:37:00,1135.8,1097.9,20,1122.75,20,0,660
BANKNIFTY09JAN2032900PE.NFO,07/01/2020,09:37:01,1135.8,1097.95,120,1122.8,100,0,660
BANKNIFTY09JAN2032900PE.NFO,07/01/2020,09:37:03,1135.8,1097.95,140,1122.8,100,0,660
BANKNIFTY09JAN2032900PE.NFO,07/01/2020,09:37:04,1135.8,1097.95,140,1122.75,20,0,660
BANKNIFTY09JAN2032900PE.NFO,07/01/2020,09:37:05,1135.8,1098.2,120,1120.9,20,0,660
BANKNIFTY09JAN2032900PE.NFO,07/01/2020,09:37:06,1135.8,1098.2,140,1120.8,20,0,660
BANKNIFTY09JAN2032900PE.NFO,07/01/2020,09:37:08,1135.8,1098.25,20,1120.8,20,0,660
BANKNIFTY09JAN2032900PE.NFO,07/01/2020,09:37:09,1135.8,1098.4,20,1120.85,100,0,660
BANKNIFTY09JAN2032900PE.NFO,07/01/2020,09:37:10,1135.8,1098.6,120,1120.85,100,0,660
BANKNIFTY09JAN2032900PE.NFO,07/01/2020,09:37:11,1135.8,1099.05,20,1120.85,100,0,660
BANKNIFTY09JAN2032900PE.NFO,07/01/2020,09:37:13,1135.8,1099.55,120,1120.85,100,0,660
BANKNIFTY09JAN2032900PE.NFO,07/01/2020,09:37:14,1135.8,1099.85,20,1120.85,100,0,660
BANKNIFTY09JAN2032900PE.NFO,07/01/2020,09:37:15,1135.8,1100.35,20,1120.85,100,0,660
BANKNIFTY09JAN2032900PE.NFO,07/01/2020,09:37:16,1135.8,1100.65,20,1120.85,100,0,660
BANKNIFTY09JAN2032900PE.NFO,07/01/2020,09:37:18,1135.8,1100.85,20,1120.85,100,0,660
BANKNIFTY09JAN2032900PE.NFO,07/01/2020,09:37:19,1135.8,1101.15,20,1120.85,100,0,660
BANKNIFTY09JAN2032900PE.NFO,07/01/2020,09:37:20,1135.8,1101.75,60,1120.85,100,0,660
BANKNIFTY09JAN2032900PE.NFO,07/01/2020,09:37:21,1135.8,1101.9,100,1120.85,100,0,660
BANKNIFTY09JAN2032900PE.NFO,07/01/2020,09:37:23,1135.8,1102.1,60,1120.85,100,0,660
BANKNIFTY09JAN2032900PE.NFO,07/01/2020,09:37:24,1135.8,1102.45,140,1120.85,100,0,660
BANKNIFTY09JAN2032900PE.NFO,07/01/2020,09:37:25,1135.8,1102.75,20,1120.85,100,0,660
BANKNIFTY09JAN2032900PE.NFO,07/01/2020,09:37:26,1135.8,1103.15,20,1120.85,100,0,660
BANKNIFTY09JAN2032900PE.NFO,07/01/2020,09:37:27,1135.8,1103.55,120,1120.85,100,0,660
BANKNIFTY09JAN2032900PE.NFO,07/01/2020,09:37:29,1135.8,1103.9,140,1120.85,100,0,660
BANKNIFTY09JAN2032900PE.NFO,07/01/2020,09:37:30,1135.8,1104,20,1120.85,100,0,660
BANKNIFTY09JAN2032900PE.NFO,07/01/2020,09:37:31,1135.8,1104.05,20,1120.85,100,0,660
BANKNIFTY09JAN2032900PE.NFO,07/01/2020,09:37:33,1135.8,1104.25,40,1120.85,100,0,660
BANKNIFTY09JAN2032900PE.NFO,07/01/2020,09:37:34,1135.8,1104.35,20,1120.85,100,0,660
BANKNIFTY09JAN2032900PE.NFO,07/01/2020,09:37:35,1135.8,1104.6,20,1120.85,100,0,660
BANKNIFTY09JAN2032900PE.NFO,07/01/2020,09:37:36,1135.8,1104.65,20,1120.85,100,0,660
BANKNIFTY09JAN2032900PE.NFO,07/01/2020,09:37:38,1135.8,1105.05,20,1120.85,100,0,660
BANKNIFTY09JAN2032900PE.NFO,07/01/2020,09:37:39,1135.8,1105.3,20,1120.85,100,0,660
BANKNIFTY09JAN2032900PE.NFO,07/01/2020,09:37:40,1135.8,1105.55,20,1120.85,100,0,660
BANKNIFTY09JAN2032900PE.NFO,07/01/2020,09:37:41,1135.8,1106,20,1120.85,100,0,660
BANKNIFTY09JAN2032900PE.NFO,07/01/2020,09:37:42,1135.8,1106.15,20,1120.85,100,0,660
BANKNIFTY09JAN2032900PE.NFO,07/01/2020,09:37:44,1135.8,1102.75,100,1120.85,100,0,660
BANKNIFTY09JAN2032900PE.NFO,07/01/2020,09:37:45,1135.8,1102.8,120,1120.85,100,0,660
BANKNIFTY09JAN2032900PE.NFO,07/01/2020,09:37:46,1135.8,1103.3,20,1120.85,100,0,660
BANKNIFTY09JAN2032900PE.NFO,07/01/2020,09:37:47,1135.8,1103.8,20,1120.85,100,0,660
BANKNIFTY09JAN2032900PE.NFO,07/01/2020,09:37:49,1135.8,1104.45,20,1120.85,100,0,660
BANKNIFTY09JAN2032900PE.NFO,07/01/2020,09:37:50,1135.8,1104.8,20,1120.85,100,0,660
BANKNIFTY09JAN2032900PE.NFO,07/01/2020,09:37:51,1135.8,1105.15,20,1120.85,100,0,660
BANKNIFTY09JAN2032900PE.NFO,07/01/2020,09:37:52,1135.8,1105.5,20,1120.85,100,0,660
BANKNIFTY09JAN2032900PE.NFO,07/01/2020,09:37:54,1135.8,1105.55,220,1120.85,100,0,660
BANKNIFTY09JAN2032900PE.NFO,07/01/2020,09:37:56,1135.8,1105.55,120,1120.85,100,0,660
BANKNIFTY09JAN2032900PE.NFO,07/01/2020,09:37:57,1135.8,1105.95,20,1120.85,100,0,660
BANKNIFTY09JAN2032900PE.NFO,07/01/2020,09:37:58,1135.8,1106.35,20,1120.85,100,0,660
BANKNIFTY09JAN2032900PE.NFO,07/01/2020,09:37:59,1135.8,1106.45,20,1120.85,100,0,660
BANKNIFTY09JAN2032900PE.NFO,07/01/2020,09:38:03,1135.8,1094.5,240,1120.85,100,0,660
BANKNIFTY09JAN2032900PE.NFO,07/01/2020,09:38:04,1135.8,1094.7,40,1120.85,100,0,660
BANKNIFTY09JAN2032900PE.NFO,07/01/2020,09:38:05,1135.8,1095.2,40,1120.85,100,0,660
BANKNIFTY09JAN2032900PE.NFO,07/01/2020,09:38:07,1135.8,1095.5,20,1120.85,100,0,660
BANKNIFTY09JAN2032900PE.NFO,07/01/2020,09:38:08,1135.8,1096,20,1120.85,100,0,660
BANKNIFTY09JAN2032900PE.NFO,07/01/2020,09:38:09,1135.8,1096.3,20,1120.85,100,0,660
BANKNIFTY09JAN2032900PE.NFO,07/01/2020,09:38:10,1135.8,1096.7,40,1120.85,100,0,660
BANKNIFTY09JAN2032900PE.NFO,07/01/2020,09:38:11,1135.8,1097,20,1120.85,100,0,660
BANKNIFTY09JAN2032900PE.NFO,07/01/2020,09:38:13,1135.8,1097.1,20,1120.85,100,0,660
BANKNIFTY09JAN2032900PE.NFO,07/01/2020,09:38:14,1135.8,1097.2,20,1120.85,100,0,660
BANKNIFTY09JAN2032900PE.NFO,07/01/2020,09:38:15,1135.8,1097.3,20,1120.85,100,0,660
BANKNIFTY09JAN2032900PE.NFO,07/01/2020,09:38:16,1135.8,1097.5,20,1120.85,100,0,660
BANKNIFTY09JAN2032900PE.NFO,07/01/2020,09:38:17,1135.8,1097.6,40,1120.85,100,0,660
BANKNIFTY09JAN2032900PE.NFO,07/01/2020,09:38:19,1135.8,1097.8,20,1120.8,20,0,660
BANKNIFTY09JAN2032900PE.NFO,07/01/2020,09:38:20,1135.8,1098.3,20,1120.65,120,0,660
BANKNIFTY09JAN2032900PE.NFO,07/01/2020,09:38:21,1135.8,1098.55,20,1120.6,20,0,660
BANKNIFTY09JAN2032900PE.NFO,07/01/2020,09:38:22,1135.8,1099.05,40,1120.6,20,0,660
BANKNIFTY09JAN2032900PE.NFO,07/01/2020,09:38:24,1135.8,1099.15,40,1120.6,20,0,660
BANKNIFTY09JAN2032900PE.NFO,07/01/2020,09:38:25,1135.8,1099.45,20,1120.65,120,0,660
BANKNIFTY09JAN2032900PE.NFO,07/01/2020,09:38:26,1135.8,1099.75,40,1120.65,120,0,660
BANKNIFTY09JAN2032900PE.NFO,07/01/2020,09:38:27,1135.8,1100.05,20,1120.65,120,0,660
BANKNIFTY09JAN2032900PE.NFO,07/01/2020,09:38:28,1135.8,1100.15,20,1120.65,120,0,660
BANKNIFTY09JAN2032900PE.NFO,07/01/2020,09:38:30,1135.8,1100.65,20,1120.65,120,0,660
BANKNIFTY09JAN2032900PE.NFO,07/01/2020,09:38:31,1135.8,1100.75,20,1120.65,120,0,660
BANKNIFTY09JAN2032900PE.NFO,07/01/2020,09:38:32,1135.8,1100.75,40,1120.65,120,0,660
BANKNIFTY09JAN2032900PE.NFO,07/01/2020,09:38:33,1135.8,1100.95,20,1120.65,120,0,660
BANKNIFTY09JAN2032900PE.NFO,07/01/2020,09:38:35,1135.8,1101.55,20,1120.65,120,0,660
BANKNIFTY09JAN2032900PE.NFO,07/01/2020,09:38:36,1135.8,1101.85,20,1120.65,120,0,660
BANKNIFTY09JAN2032900PE.NFO,07/01/2020,09:38:37,1135.8,1102.05,20,1120.65,120,0,660
BANKNIFTY09JAN2032900PE.NFO,07/01/2020,09:38:38,1135.8,1102.35,20,1120.65,120,0,660
BANKNIFTY09JAN2032900PE.NFO,07/01/2020,09:38:39,1135.8,1102.8,20,1120.65,120,0,660
BANKNIFTY09JAN2032900PE.NFO,07/01/2020,09:38:41,1135.8,1103,20,1120.65,120,0,660
BANKNIFTY09JAN2032900PE.NFO,07/01/2020,09:38:42,1135.8,1103.5,20,1120.65,120,0,660
BANKNIFTY09JAN2032900PE.NFO,07/01/2020,09:38:43,1135.8,1104.55,40,1120.65,120,0,660
BANKNIFTY09JAN2032900PE.NFO,07/01/2020,09:38:45,1135.8,1105.05,20,1120.65,80,0,660
BANKNIFTY09JAN2032900PE.NFO,07/01/2020,09:38:46,1135.8,1105.3,20,1120.65,80,0,660
BANKNIFTY09JAN2032900PE.NFO,07/01/2020,09:38:47,1135.8,1106,120,1122.8,220,0,660
BANKNIFTY09JAN2032900PE.NFO,07/01/2020,09:38:48,1135.8,1106.6,20,1122.8,220,0,660
BANKNIFTY09JAN2032900PE.NFO,07/01/2020,09:38:50,1135.8,1106.95,20,1122.8,220,0,660
BANKNIFTY09JAN2032900PE.NFO,07/01/2020,09:38:51,1135.8,1107.4,20,1122.8,220,0,660
BANKNIFTY09JAN2032900PE.NFO,07/01/2020,09:38:52,1135.8,1108.05,120,1122.8,220,0,660
BANKNIFTY09JAN2032900PE.NFO,07/01/2020,09:38:53,1135.8,1108.8,20,1122.8,220,0,660
BANKNIFTY09JAN2032900PE.NFO,07/01/2020,09:38:54,1135.8,1109.5,20,1122.8,220,0,660
BANKNIFTY09JAN2032900PE.NFO,07/01/2020,09:38:56,1135.8,1110.05,120,1122.8,220,0,660
BANKNIFTY09JAN2032900PE.NFO,07/01/2020,09:38:57,1135.8,1110.35,20,1122.8,220,0,660
BANKNIFTY09JAN2032900PE.NFO,07/01/2020,09:38:58,1135.8,1110.7,20,1122.8,180,0,660
BANKNIFTY09JAN2032900PE.NFO,07/01/2020,09:38:59,1135.8,1111,120,1122.75,40,0,660
BANKNIFTY09JAN2032900PE.NFO,07/01/2020,09:39:00,1135.8,1111.4,140,1122.75,40,0,660
BANKNIFTY09JAN2032900PE.NFO,07/01/2020,09:39:02,1135.8,1111.75,60,1122.75,40,0,660
BANKNIFTY09JAN2032900PE.NFO,07/01/2020,09:39:03,1135.8,1111.75,20,1122.75,40,0,660
BANKNIFTY09JAN2032900PE.NFO,07/01/2020,09:39:04,1135.8,1112.3,120,1122.8,180,0,660
BANKNIFTY09JAN2032900PE.NFO,07/01/2020,09:39:05,1135.8,1112.5,20,1122.8,180,0,660
BANKNIFTY09JAN2032900PE.NFO,07/01/2020,09:39:06,1135.8,1112.9,20,1122.75,40,0,660
BANKNIFTY09JAN2032900PE.NFO,07/01/2020,09:39:08,1135.8,1113.05,20,1122.75,40,0,660
BANKNIFTY09JAN2032900PE.NFO,07/01/2020,09:39:09,1135.8,1113.25,100,1122.8,180,0,660
BANKNIFTY09JAN2032900PE.NFO,07/01/2020,09:39:10,1135.8,1113.45,20,1122.75,40,0,660
BANKNIFTY09JAN2032900PE.NFO,07/01/2020,09:39:11,1135.8,1113.55,20,1122.8,180,0,660
BANKNIFTY09JAN2032900PE.NFO,07/01/2020,09:39:12,1135.8,1113.6,20,1122.75,40,0,660
BANKNIFTY09JAN2032900PE.NFO,07/01/2020,09:39:13,1135.8,1106,40,1122.7,20,0,660
BANKNIFTY09JAN2032900PE.NFO,07/01/2020,09:39:16,1135.8,1102.1,220,1122.65,20,0,660
BANKNIFTY09JAN2032900PE.NFO,07/01/2020,09:39:19,1135.8,1102.15,20,1122.65,20,0,660
BANKNIFTY09JAN2032900PE.NFO,07/01/2020,09:39:24,1135.8,1102.15,20,1122.55,20,0,660
BANKNIFTY09JAN2032900PE.NFO,07/01/2020,09:39:25,1135.8,1091.05,20,1120.3,20,0,660
BANKNIFTY09JAN2032900PE.NFO,07/01/2020,09:39:26,1135.8,1091.05,20,1119.9,20,0,660
BANKNIFTY09JAN2032900PE.NFO,07/01/2020,09:39:27,1135.8,1091.65,120,1119.4,20,0,660
BANKNIFTY09JAN2032900PE.NFO,07/01/2020,09:39:28,1135.8,1092.35,20,1119.3,20,0,660
BANKNIFTY09JAN2032900PE.NFO,07/01/2020,09:39:30,1135.8,1092.6,140,1119.3,20,0,660
BANKNIFTY09JAN2032900PE.NFO,07/01/2020,09:39:31,1135.8,1093.1,20,1118.8,20,0,660
BANKNIFTY09JAN2032900PE.NFO,07/01/2020,09:39:32,1135.8,1093.65,20,1117.9,20,0,660
BANKNIFTY09JAN2032900PE.NFO,07/01/2020,09:39:33,1135.8,1094.15,20,1116.9,20,0,660
BANKNIFTY09JAN2032900PE.NFO,07/01/2020,09:39:34,1135.8,1094.5,20,1116.6,20,0,660
BANKNIFTY09JAN2032900PE.NFO,07/01/2020,09:39:35,1135.8,1094.8,20,1116.6,20,0,660
BANKNIFTY09JAN2032900PE.NFO,07/01/2020,09:39:36,1135.8,1095.05,20,1116.5,20,0,660
BANKNIFTY09JAN2032900PE.NFO,07/01/2020,09:39:38,1135.8,1095.1,20,1116.2,120,0,660
BANKNIFTY09JAN2032900PE.NFO,07/01/2020,09:39:39,1135.8,1095.5,20,1116.2,120,0,660
BANKNIFTY09JAN2032900PE.NFO,07/01/2020,09:39:40,1135.8,1095.8,20,1116.2,120,0,660
BANKNIFTY09JAN2032900PE.NFO,07/01/2020,09:39:41,1135.8,1095.9,20,1116.2,120,0,660
BANKNIFTY09JAN2032900PE.NFO,07/01/2020,09:39:43,1135.8,1096.1,20,1116.2,120,0,660
BANKNIFTY09JAN2032900PE.NFO,07/01/2020,09:39:44,1135.8,1096.7,20,1116.2,120,0,660
BANKNIFTY09JAN2032900PE.NFO,07/01/2020,09:39:45,1135.8,1096.85,100,1116.2,120,0,660
BANKNIFTY09JAN2032900PE.NFO,07/01/2020,09:39:46,1135.8,1097.05,40,1116.2,120,0,660
BANKNIFTY09JAN2032900PE.NFO,07/01/2020,09:39:47,1135.8,1097.25,20,1116.15,20,0,660
BANKNIFTY09JAN2032900PE.NFO,07/01/2020,09:39:49,1135.8,1097.3,20,1116.2,120,0,660
BANKNIFTY09JAN2032900PE.NFO,07/01/2020,09:39:50,1135.8,1097.4,20,1116.2,120,0,660
BANKNIFTY09JAN2032900PE.NFO,07/01/2020,09:39:51,1135.8,1097.7,20,1116.15,20,0,660
BANKNIFTY09JAN2032900PE.NFO,07/01/2020,09:39:52,1135.8,1097.9,20,1116.2,120,0,660
BANKNIFTY09JAN2032900PE.NFO,07/01/2020,09:39:54,1135.8,1097.9,20,1116.15,20,0,660
BANKNIFTY09JAN2032900PE.NFO,07/01/2020,09:39:55,1135.8,1097.9,20,1115.85,40,0,660
BANKNIFTY09JAN2032900PE.NFO,07/01/2020,09:39:56,1135.8,1097.9,20,1115.85,20,0,660
BANKNIFTY09JAN2032900PE.NFO,07/01/2020,09:40:00,1135.8,1097.95,20,1115.9,120,0,660
BANKNIFTY09JAN2032900PE.NFO,07/01/2020,09:40:01,1135.8,1091.05,20,1115.65,20,0,660
BANKNIFTY09JAN2032900PE.NFO,07/01/2020,09:40:02,1135.8,1091.05,20,1115.25,20,0,660
BANKNIFTY09JAN2032900PE.NFO,07/01/2020,09:40:03,1135.8,1091.05,20,1113.9,20,0,660
BANKNIFTY09JAN2032900PE.NFO,07/01/2020,09:40:04,1135.8,1090.95,40,1113.7,20,0,660
BANKNIFTY09JAN2032900PE.NFO,07/01/2020,09:40:05,1135.8,1090.95,40,1113.2,20,0,660
BANKNIFTY09JAN2032900PE.NFO,07/01/2020,09:40:07,1135.8,1074.5,20,1112.8,20,0,660
BANKNIFTY09JAN2032900PE.NFO,07/01/2020,09:40:08,1135.8,1074.6,20,1112,40,0,660
BANKNIFTY09JAN2032900PE.NFO,07/01/2020,09:40:10,1135.8,1075.2,20,1112,40,0,660
BANKNIFTY09JAN2032900PE.NFO,07/01/2020,09:40:11,1135.8,1075.5,20,1112,40,0,660
BANKNIFTY09JAN2032900PE.NFO,07/01/2020,09:40:12,1135.8,1075.85,20,1111.35,20,0,660
BANKNIFTY09JAN2032900PE.NFO,07/01/2020,09:40:13,1135.8,1076.5,20,1110.35,20,0,660
BANKNIFTY09JAN2032900PE.NFO,07/01/2020,09:40:14,1135.8,1076.75,20,1109.65,20,0,660
BANKNIFTY09JAN2032900PE.NFO,07/01/2020,09:40:16,1135.8,1077.25,20,1109.5,120,0,660
BANKNIFTY09JAN2032900PE.NFO,07/01/2020,09:40:17,1135.8,1077.45,20,1109.5,120,0,660
BANKNIFTY09JAN2032900PE.NFO,07/01/2020,09:40:18,1135.8,1077.75,20,1109.45,20,0,660
BANKNIFTY09JAN2032900PE.NFO,07/01/2020,09:40:19,1135.8,1077.95,20,1109.35,20,0,660
BANKNIFTY09JAN2032900PE.NFO,07/01/2020,09:40:20,1135.8,1078.45,20,1109.35,20,0,660
BANKNIFTY09JAN2032900PE.NFO,07/01/2020,09:40:21,1135.8,1078.95,20,1109.5,120,0,660
BANKNIFTY09JAN2032900PE.NFO,07/01/2020,09:40:23,1135.8,1079.45,20,1109.5,120,0,660
BANKNIFTY09JAN2032900PE.NFO,07/01/2020,09:40:24,1135.8,1079.85,20,1109.45,20,0,660
BANKNIFTY09JAN2032900PE.NFO,07/01/2020,09:40:25,1135.8,1080.05,20,1109.45,20,0,660
BANKNIFTY09JAN2032900PE.NFO,07/01/2020,09:40:27,1135.8,1080.15,20,1109.45,20,0,660
BANKNIFTY09JAN2032900PE.NFO,07/01/2020,09:40:28,1135.8,1080.45,20,1109.45,20,0,660
BANKNIFTY09JAN2032900PE.NFO,07/01/2020,09:40:29,1135.8,1080.85,40,1109.45,20,0,660
BANKNIFTY09JAN2032900PE.NFO,07/01/2020,09:40:31,1135.8,1081.2,20,1109.45,20,0,660
BANKNIFTY09JAN2032900PE.NFO,07/01/2020,09:40:32,1135.8,1081.6,40,1109.45,20,0,660
BANKNIFTY09JAN2032900PE.NFO,07/01/2020,09:40:33,1135.8,1082.2,20,1109.5,120,0,660
BANKNIFTY09JAN2032900PE.NFO,07/01/2020,09:40:34,1135.8,1082.8,20,1109.45,20,0,660
BANKNIFTY09JAN2032900PE.NFO,07/01/2020,09:40:35,1135.8,1083,20,1109.5,120,0,660
BANKNIFTY09JAN2032900PE.NFO,07/01/2020,09:40:36,1135.8,1083.1,20,1109.5,120,0,660
BANKNIFTY09JAN2032900PE.NFO,07/01/2020,09:40:38,1135.8,1083.2,40,1109.5,120,0,660
BANKNIFTY09JAN2032900PE.NFO,07/01/2020,09:40:39,1135.8,1083.4,40,1109.5,120,0,660
BANKNIFTY09JAN2032900PE.NFO,07/01/2020,09:40:40,1135.8,1083.8,40,1109.5,120,0,660
BANKNIFTY09JAN2032900PE.NFO,07/01/2020,09:40:41,1135.8,1084.1,20,1109.5,120,0,660
BANKNIFTY09JAN2032900PE.NFO,07/01/2020,09:40:42,1135.8,1084.5,20,1109.5,120,0,660
BANKNIFTY09JAN2032900PE.NFO,07/01/2020,09:40:43,1135.8,1084.5,40,1109.5,120,0,660
BANKNIFTY09JAN2032900PE.NFO,07/01/2020,09:40:44,1135.8,1084.7,40,1109.45,20,0,660
BANKNIFTY09JAN2032900PE.NFO,07/01/2020,09:40:46,1135.8,1085,40,1109.45,20,0,660
BANKNIFTY09JAN2032900PE.NFO,07/01/2020,09:40:47,1135.8,1085.65,20,1109.45,20,0,660
BANKNIFTY09JAN2032900PE.NFO,07/01/2020,09:40:48,1135.8,1085.8,40,1109.45,20,0,660
BANKNIFTY09JAN2032900PE.NFO,07/01/2020,09:40:49,1135.8,1086.1,20,1109.45,20,0,660
BANKNIFTY09JAN2032900PE.NFO,07/01/2020,09:40:50,1135.8,1086.4,20,1109.45,20,0,660
BANKNIFTY09JAN2032900PE.NFO,07/01/2020,09:40:51,1135.8,1086.8,20,1109.45,20,0,660
BANKNIFTY09JAN2032900PE.NFO,07/01/2020,09:40:52,1135.8,1087.2,40,1109.45,20,0,660
BANKNIFTY09JAN2032900PE.NFO,07/01/2020,09:40:54,1135.8,1087.6,20,1109.5,120,0,660
BANKNIFTY09JAN2032900PE.NFO,07/01/2020,09:40:55,1135.8,1088.05,120,1109.5,120,0,660
BANKNIFTY09JAN2032900PE.NFO,07/01/2020,09:40:56,1135.8,1088.6,140,1109.45,20,0,660
BANKNIFTY09JAN2032900PE.NFO,07/01/2020,09:40:57,1135.8,1089,20,1109.45,20,0,660
BANKNIFTY09JAN2032900PE.NFO,07/01/2020,09:40:58,1135.8,1089.3,20,1109.45,20,0,660
BANKNIFTY09JAN2032900PE.NFO,07/01/2020,09:41:00,1135.8,1089.8,20,1109.5,120,0,660
BANKNIFTY09JAN2032900PE.NFO,07/01/2020,09:41:01,1135.8,1090.05,40,1109.45,20,0,660
BANKNIFTY09JAN2032900PE.NFO,07/01/2020,09:41:02,1135.8,1090.25,20,1109.45,20,0,660
BANKNIFTY09JAN2032900PE.NFO,07/01/2020,09:41:03,1135.8,1090.4,20,1109.45,20,0,660
BANKNIFTY09JAN2032900PE.NFO,07/01/2020,09:41:04,1135.8,1090.75,20,1109.45,20,0,660
BANKNIFTY09JAN2032900PE.NFO,07/01/2020,09:41:06,1135.8,1091.05,20,1109.45,20,0,660
BANKNIFTY09JAN2032900PE.NFO,07/01/2020,09:41:07,1135.8,1091.2,20,1109.45,20,0,660
BANKNIFTY09JAN2032900PE.NFO,07/01/2020,09:41:08,1135.8,1091.65,40,1109.45,20,0,660
BANKNIFTY09JAN2032900PE.NFO,07/01/2020,09:41:09,1135.8,1091.95,40,1109.45,20,0,660
BANKNIFTY09JAN2032900PE.NFO,07/01/2020,09:41:10,1135.8,1092.25,20,1109.45,20,0,660
BANKNIFTY09JAN2032900PE.NFO,07/01/2020,09:41:11,1135.8,1092.8,20,1109.45,20,0,660
BANKNIFTY09JAN2032900PE.NFO,07/01/2020,09:41:12,1135.8,1093.25,20,1109.5,120,0,660
BANKNIFTY09JAN2032900PE.NFO,07/01/2020,09:41:14,1135.8,1093.65,20,1109.45,20,0,660
BANKNIFTY09JAN2032900PE.NFO,07/01/2020,09:41:15,1135.8,1093.75,20,1109.45,20,0,660
BANKNIFTY09JAN2032900PE.NFO,07/01/2020,09:41:16,1135.8,1094,20,1109.45,20,0,660
BANKNIFTY09JAN2032900PE.NFO,07/01/2020,09:41:17,1135.8,1094.05,20,1109.45,20,0,660
BANKNIFTY09JAN2032900PE.NFO,07/01/2020,09:41:21,1135.8,1089.75,20,1109.15,20,0,660
BANKNIFTY09JAN2032900PE.NFO,07/01/2020,09:41:22,1135.8,1089.7,220,1109.15,20,0,660
BANKNIFTY09JAN2032900PE.NFO,07/01/2020,09:41:24,1135.8,1089.7,40,1108.95,20,0,660
BANKNIFTY09JAN2032900PE.NFO,07/01/2020,09:41:25,1135.8,1089.75,180,1108.75,20,0,660
BANKNIFTY09JAN2032900PE.NFO,07/01/2020,09:41:28,1135.8,1089.75,180,1108.55,20,0,660
BANKNIFTY09JAN2032900PE.NFO,07/01/2020,09:41:29,1135.8,1089.75,180,1108.45,20,0,660
BANKNIFTY09JAN2032900PE.NFO,07/01/2020,09:41:30,1135.8,1089.7,40,1108.45,20,0,660
BANKNIFTY09JAN2032900PE.NFO,07/01/2020,09:41:31,1135.8,1089.75,100,1108.45,20,0,660
