Ticker,Date,Time,LTP,BuyPrice,BuyQty,SellPrice,SellQty,LTQ,OpenInterest
BANKNIFTY27FEB2030000CE.NFO,07/01/2020,09:19:06,2045.9,2045.9,20,2170.4,20,20,440
BANKNIFTY27FEB2030000CE.NFO,07/01/2020,09:19:06,2045.9,2045.9,20,2170.4,20,0,440
BANKNIFTY27FEB2030000CE.NFO,07/01/2020,09:19:06,2045.9,2045.9,20,2170.4,20,0,440
BANKNIFTY27FEB2030000CE.NFO,07/01/2020,09:19:06,2045.9,2045.9,20,2170.4,20,0,440
BANKNIFTY27FEB2030000CE.NFO,07/01/2020,09:19:07,2045.9,2045.9,20,2177.65,20,0,440
BANKNIFTY27FEB2030000CE.NFO,07/01/2020,09:19:08,2045.9,2045.9,20,2177.5,20,0,440
BANKNIFTY27FEB2030000CE.NFO,07/01/2020,09:19:09,2045.9,2045.9,20,2159.15,20,0,440
BANKNIFTY27FEB2030000CE.NFO,07/01/2020,09:19:10,2045.9,2045.9,20,2158.55,20,0,440
BANKNIFTY27FEB2030000CE.NFO,07/01/2020,09:19:11,2045.9,2045.9,20,2160.15,20,0,440
BANKNIFTY27FEB2030000CE.NFO,07/01/2020,09:19:12,2045.9,2045.9,20,2159.8,20,0,440
BANKNIFTY27FEB2030000CE.NFO,07/01/2020,09:19:13,2045.9,2045.9,20,2171.65,20,0,440
BANKNIFTY27FEB2030000CE.NFO,07/01/2020,09:19:14,2045.9,2045.9,20,2181.65,20,0,440
BANKNIFTY27FEB2030000CE.NFO,07/01/2020,09:19:15,2045.9,2045.9,20,2166.85,20,0,440
BANKNIFTY27FEB2030000CE.NFO,07/01/2020,09:19:16,2045.9,2045.9,20,2181.2,20,0,440
BANKNIFTY27FEB2030000CE.NFO,07/01/2020,09:19:17,2045.9,2045.9,20,2173.2,20,0,440
BANKNIFTY27FEB2030000CE.NFO,07/01/2020,09:19:18,2045.9,2045.9,20,2180.6,20,0,440
BANKNIFTY27FEB2030000CE.NFO,07/01/2020,09:19:19,2045.9,2045.9,20,2173.4,20,0,440
BANKNIFTY27FEB2030000CE.NFO,07/01/2020,09:19:20,2045.9,2045.9,20,2180.15,20,0,440
BANKNIFTY27FEB2030000CE.NFO,07/01/2020,09:19:22,2045.9,2045.9,20,2172.95,20,0,440
BANKNIFTY27FEB2030000CE.NFO,07/01/2020,09:19:23,2045.9,2045.9,20,2170.45,20,0,440
BANKNIFTY27FEB2030000CE.NFO,07/01/2020,09:19:23,2045.9,2045.9,20,2173,20,0,440
BANKNIFTY27FEB2030000CE.NFO,07/01/2020,09:19:25,2045.9,2045.9,20,2177,20,0,440
BANKNIFTY27FEB2030000CE.NFO,07/01/2020,09:19:25,2045.9,2045.9,20,2178.95,20,0,440
BANKNIFTY27FEB2030000CE.NFO,07/01/2020,09:19:26,2045.9,2045.9,20,2175.65,20,0,440
BANKNIFTY27FEB2030000CE.NFO,07/01/2020,09:19:27,2045.9,2045.9,20,2177.4,20,0,440
BANKNIFTY27FEB2030000CE.NFO,07/01/2020,09:19:28,2045.9,2045.9,20,2174.9,20,0,440
BANKNIFTY27FEB2030000CE.NFO,07/01/2020,09:19:29,2045.9,2045.9,20,2176.25,20,0,440
BANKNIFTY27FEB2030000CE.NFO,07/01/2020,09:19:30,2045.9,2045.9,20,2175.35,20,0,440
BANKNIFTY27FEB2030000CE.NFO,07/01/2020,09:19:31,2045.9,2045.9,20,2174.6,20,0,440
BANKNIFTY27FEB2030000CE.NFO,07/01/2020,09:19:32,2045.9,2045.9,20,2196.95,20,0,440
BANKNIFTY27FEB2030000CE.NFO,07/01/2020,09:19:33,2045.9,2045.9,20,2295.65,20,0,440
BANKNIFTY27FEB2030000CE.NFO,07/01/2020,09:19:35,2045.9,2045.9,20,2196.55,20,0,440
BANKNIFTY27FEB2030000CE.NFO,07/01/2020,09:19:36,2045.9,2045.9,20,2185.4,20,0,440
BANKNIFTY27FEB2030000CE.NFO,07/01/2020,09:19:37,2045.9,2045.9,20,2177,20,0,440
BANKNIFTY27FEB2030000CE.NFO,07/01/2020,09:19:38,2045.9,2045.9,20,2174.5,20,0,440
BANKNIFTY27FEB2030000CE.NFO,07/01/2020,09:19:39,2045.9,2045.9,20,2172.25,20,0,440
BANKNIFTY27FEB2030000CE.NFO,07/01/2020,09:19:40,2045.9,2045.9,20,2171.8,20,0,440
BANKNIFTY27FEB2030000CE.NFO,07/01/2020,09:19:41,2045.9,2045.9,20,2170.85,20,0,440
BANKNIFTY27FEB2030000CE.NFO,07/01/2020,09:19:41,2045.9,2045.9,20,2214.65,20,0,440
BANKNIFTY27FEB2030000CE.NFO,07/01/2020,09:19:42,2045.9,2045.9,20,2193.4,20,0,440
BANKNIFTY27FEB2030000CE.NFO,07/01/2020,09:19:43,2045.9,2045.9,20,2182.15,20,0,440
BANKNIFTY27FEB2030000CE.NFO,07/01/2020,09:19:44,2045.9,2047.6,20,2163.3,20,0,440
BANKNIFTY27FEB2030000CE.NFO,07/01/2020,09:19:45,2045.9,2073.45,20,2177.2,20,0,440
BANKNIFTY27FEB2030000CE.NFO,07/01/2020,09:19:46,2045.9,2074.7,20,2174.45,20,0,440
BANKNIFTY27FEB2030000CE.NFO,07/01/2020,09:19:47,2045.9,2048.95,20,2174.3,20,0,440
BANKNIFTY27FEB2030000CE.NFO,07/01/2020,09:19:48,2045.9,2045.9,20,2170.6,20,0,440
BANKNIFTY27FEB2030000CE.NFO,07/01/2020,09:19:49,2045.9,2073.4,20,2168.9,20,0,440
BANKNIFTY27FEB2030000CE.NFO,07/01/2020,09:19:50,2045.9,2049.9,20,2168.8,20,0,440
BANKNIFTY27FEB2030000CE.NFO,07/01/2020,09:19:51,2045.9,2076.7,20,2178.25,20,0,440
BANKNIFTY27FEB2030000CE.NFO,07/01/2020,09:19:53,2045.9,2048.8,20,2176.4,20,0,440
BANKNIFTY27FEB2030000CE.NFO,07/01/2020,09:19:54,2045.9,2077.65,20,2175.95,20,0,440
BANKNIFTY27FEB2030000CE.NFO,07/01/2020,09:19:55,2045.9,2054.6,20,2172.9,20,0,440
BANKNIFTY27FEB2030000CE.NFO,07/01/2020,09:19:56,2045.9,2052.3,20,2173.9,20,0,440
BANKNIFTY27FEB2030000CE.NFO,07/01/2020,09:19:56,2045.9,2053.5,20,2174.45,20,0,440
BANKNIFTY27FEB2030000CE.NFO,07/01/2020,09:19:58,2045.9,2081.05,20,2173.35,20,0,440
BANKNIFTY27FEB2030000CE.NFO,07/01/2020,09:19:58,2045.9,2081.05,20,2173.45,20,0,440
BANKNIFTY27FEB2030000CE.NFO,07/01/2020,09:19:59,2045.9,2050.85,20,2187.3,20,0,440
BANKNIFTY27FEB2030000CE.NFO,07/01/2020,09:20:00,2045.9,2051.6,20,2178.6,20,0,440
BANKNIFTY27FEB2030000CE.NFO,07/01/2020,09:20:01,2045.9,2060.05,20,2205.75,20,0,440
BANKNIFTY27FEB2030000CE.NFO,07/01/2020,09:20:02,2045.9,2086,20,2191.15,20,0,440
BANKNIFTY27FEB2030000CE.NFO,07/01/2020,09:20:04,2045.9,2088.2,20,2189.9,20,0,440
BANKNIFTY27FEB2030000CE.NFO,07/01/2020,09:20:04,2045.9,2066.2,20,2189.8,20,0,440
BANKNIFTY27FEB2030000CE.NFO,07/01/2020,09:20:05,2045.9,2098.1,200,2214.2,20,0,440
BANKNIFTY27FEB2030000CE.NFO,07/01/2020,09:20:06,2045.9,2109.75,20,2196.1,20,0,440
BANKNIFTY27FEB2030000CE.NFO,07/01/2020,09:20:07,2045.9,2090.15,200,2195.35,20,0,440
BANKNIFTY27FEB2030000CE.NFO,07/01/2020,09:20:08,2045.9,2101.9,200,2189.4,20,0,440
BANKNIFTY27FEB2030000CE.NFO,07/01/2020,09:20:10,2045.9,2079.55,200,2185.9,20,0,440
BANKNIFTY27FEB2030000CE.NFO,07/01/2020,09:20:10,2045.9,2045.95,200,2185,20,0,440
BANKNIFTY27FEB2030000CE.NFO,07/01/2020,09:20:12,2045.9,2085.3,200,2196.7,20,0,440
BANKNIFTY27FEB2030000CE.NFO,07/01/2020,09:20:13,2045.9,2103.9,200,2190.7,20,0,440
BANKNIFTY27FEB2030000CE.NFO,07/01/2020,09:20:13,2045.9,2056.15,200,2188.9,20,0,440
BANKNIFTY27FEB2030000CE.NFO,07/01/2020,09:20:15,2045.9,2108.7,200,2190.15,20,0,440
BANKNIFTY27FEB2030000CE.NFO,07/01/2020,09:20:16,2045.9,2112.4,20,2191.75,20,0,440
BANKNIFTY27FEB2030000CE.NFO,07/01/2020,09:20:17,2045.9,2110.95,20,2189.4,20,0,440
BANKNIFTY27FEB2030000CE.NFO,07/01/2020,09:20:17,2045.9,2086.25,200,2191.45,20,0,440
BANKNIFTY27FEB2030000CE.NFO,07/01/2020,09:20:18,2045.9,2061.8,200,2190.5,20,0,440
BANKNIFTY27FEB2030000CE.NFO,07/01/2020,09:20:19,2045.9,2107.15,200,2189.5,20,0,440
BANKNIFTY27FEB2030000CE.NFO,07/01/2020,09:20:20,2045.9,2067.5,200,2189.1,20,0,440
BANKNIFTY27FEB2030000CE.NFO,07/01/2020,09:20:21,2045.9,2070.3,200,2200.4,20,0,440
BANKNIFTY27FEB2030000CE.NFO,07/01/2020,09:20:22,2045.9,2118.95,20,2196.45,20,0,440
BANKNIFTY27FEB2030000CE.NFO,07/01/2020,09:20:23,2045.9,2115.85,200,2192.8,20,0,440
BANKNIFTY27FEB2030000CE.NFO,07/01/2020,09:20:24,2045.9,2097.4,200,2191.6,20,0,440
BANKNIFTY27FEB2030000CE.NFO,07/01/2020,09:20:25,2045.9,2097.5,200,2192.5,20,0,440
BANKNIFTY27FEB2030000CE.NFO,07/01/2020,09:20:26,2045.9,2109.8,200,2192.35,20,0,440
BANKNIFTY27FEB2030000CE.NFO,07/01/2020,09:20:28,2045.9,2119.25,20,2192.1,20,0,440
BANKNIFTY27FEB2030000CE.NFO,07/01/2020,09:20:29,2045.9,2098.5,200,2199.9,20,0,440
BANKNIFTY27FEB2030000CE.NFO,07/01/2020,09:20:29,2045.9,2103.55,200,2204.75,20,0,440
BANKNIFTY27FEB2030000CE.NFO,07/01/2020,09:20:31,2045.9,2110.3,200,2195.55,20,0,440
BANKNIFTY27FEB2030000CE.NFO,07/01/2020,09:20:32,2045.9,2121.85,20,2198.95,20,0,440
BANKNIFTY27FEB2030000CE.NFO,07/01/2020,09:20:33,2045.9,2071.65,200,2196.45,20,0,440
BANKNIFTY27FEB2030000CE.NFO,07/01/2020,09:20:34,2045.9,2074.45,20,2195.8,20,0,440
BANKNIFTY27FEB2030000CE.NFO,07/01/2020,09:20:35,2045.9,2100.2,200,2193.5,20,0,440
BANKNIFTY27FEB2030000CE.NFO,07/01/2020,09:20:36,2045.9,2113.6,20,2190.65,20,0,440
BANKNIFTY27FEB2030000CE.NFO,07/01/2020,09:20:38,2045.9,2118.9,200,2206.55,20,0,440
BANKNIFTY27FEB2030000CE.NFO,07/01/2020,09:20:39,2045.9,2100.8,200,2200,20,0,440
BANKNIFTY27FEB2030000CE.NFO,07/01/2020,09:20:40,2045.9,2075.45,200,2198.1,20,0,440
BANKNIFTY27FEB2030000CE.NFO,07/01/2020,09:20:41,2045.9,2120.15,20,2199.55,20,0,440
BANKNIFTY27FEB2030000CE.NFO,07/01/2020,09:20:42,2045.9,2120.15,20,2196.55,20,0,440
BANKNIFTY27FEB2030000CE.NFO,07/01/2020,09:20:43,2045.9,2123.35,20,2197.5,20,0,440
BANKNIFTY27FEB2030000CE.NFO,07/01/2020,09:20:44,2045.9,2121.8,200,2200.85,20,0,440
BANKNIFTY27FEB2030000CE.NFO,07/01/2020,09:20:46,2045.9,2078,20,2201.45,20,0,440
BANKNIFTY27FEB2030000CE.NFO,07/01/2020,09:20:47,2045.9,2081.75,20,2200.85,20,0,440
BANKNIFTY27FEB2030000CE.NFO,07/01/2020,09:20:48,2045.9,2088.7,20,2200,20,0,440
BANKNIFTY27FEB2030000CE.NFO,07/01/2020,09:20:49,2045.9,2080,20,2210.4,20,0,440
BANKNIFTY27FEB2030000CE.NFO,07/01/2020,09:20:50,2045.9,2108.45,20,2204.45,20,0,440
BANKNIFTY27FEB2030000CE.NFO,07/01/2020,09:20:52,2045.9,2086.75,20,2203.9,20,0,440
BANKNIFTY27FEB2030000CE.NFO,07/01/2020,09:20:53,2045.9,2123.8,20,2202.75,20,0,440
BANKNIFTY27FEB2030000CE.NFO,07/01/2020,09:20:54,2045.9,2087.7,20,2207.05,20,0,440
BANKNIFTY27FEB2030000CE.NFO,07/01/2020,09:20:55,2045.9,2092.05,20,2204.7,20,0,440
BANKNIFTY27FEB2030000CE.NFO,07/01/2020,09:20:56,2045.9,2128.85,200,2206.45,20,0,440
BANKNIFTY27FEB2030000CE.NFO,07/01/2020,09:20:58,2045.9,2116.6,20,2204.05,20,0,440
BANKNIFTY27FEB2030000CE.NFO,07/01/2020,09:20:59,2045.9,2128.35,20,2203.4,20,0,440
BANKNIFTY27FEB2030000CE.NFO,07/01/2020,09:21:00,2045.9,2089.65,20,2203.5,20,0,440
BANKNIFTY27FEB2030000CE.NFO,07/01/2020,09:21:01,2045.9,2068.55,20,2202.55,20,0,440
BANKNIFTY27FEB2030000CE.NFO,07/01/2020,09:21:03,2045.9,2082.25,20,2228,20,0,440
BANKNIFTY27FEB2030000CE.NFO,07/01/2020,09:21:04,2045.9,2107.55,200,2200,20,0,440
BANKNIFTY27FEB2030000CE.NFO,07/01/2020,09:21:05,2045.9,2107.7,20,2210.05,20,0,440
BANKNIFTY27FEB2030000CE.NFO,07/01/2020,09:21:06,2045.9,2107.8,20,2201.65,20,0,440
BANKNIFTY27FEB2030000CE.NFO,07/01/2020,09:21:07,2045.9,2107.9,20,2203,20,0,440
BANKNIFTY27FEB2030000CE.NFO,07/01/2020,09:21:09,2045.9,2108,20,2202.4,20,0,440
BANKNIFTY27FEB2030000CE.NFO,07/01/2020,09:21:10,2045.9,2123.25,200,2201.65,20,0,440
BANKNIFTY27FEB2030000CE.NFO,07/01/2020,09:21:11,2045.9,2108.2,20,2246.8,20,0,440
BANKNIFTY27FEB2030000CE.NFO,07/01/2020,09:21:12,2045.9,2108.3,20,2214.15,20,0,440
BANKNIFTY27FEB2030000CE.NFO,07/01/2020,09:21:13,2045.9,2108.4,20,2212,20,0,440
BANKNIFTY27FEB2030000CE.NFO,07/01/2020,09:21:14,2045.9,2108.5,20,2219.05,20,0,440
BANKNIFTY27FEB2030000CE.NFO,07/01/2020,09:21:16,2045.9,2108.6,20,2214,20,0,440
BANKNIFTY27FEB2030000CE.NFO,07/01/2020,09:21:17,2045.9,2108.7,20,2215.35,20,0,440
BANKNIFTY27FEB2030000CE.NFO,07/01/2020,09:21:18,2045.9,2135.65,200,2243.35,20,0,440
BANKNIFTY27FEB2030000CE.NFO,07/01/2020,09:21:19,2045.9,2124,20,2229.85,20,0,440
BANKNIFTY27FEB2030000CE.NFO,07/01/2020,09:21:21,2045.9,2137.5,20,2223,20,0,440
BANKNIFTY27FEB2030000CE.NFO,07/01/2020,09:21:22,2045.9,2137.6,20,2222.7,20,0,440
BANKNIFTY27FEB2030000CE.NFO,07/01/2020,09:21:23,2045.9,2137.65,200,2222.55,20,0,440
BANKNIFTY27FEB2030000CE.NFO,07/01/2020,09:21:24,2045.9,2137.8,20,2222.25,20,0,440
BANKNIFTY27FEB2030000CE.NFO,07/01/2020,09:21:26,2045.9,2143.75,20,2229.45,20,0,440
BANKNIFTY27FEB2030000CE.NFO,07/01/2020,09:21:27,2045.9,2124.6,20,2219.95,20,0,440
BANKNIFTY27FEB2030000CE.NFO,07/01/2020,09:21:28,2045.9,2124.7,20,2219.65,20,0,440
BANKNIFTY27FEB2030000CE.NFO,07/01/2020,09:21:29,2045.9,2124.8,20,2219.05,20,0,440
BANKNIFTY27FEB2030000CE.NFO,07/01/2020,09:21:30,2045.9,2140.4,20,2218.85,20,0,440
BANKNIFTY27FEB2030000CE.NFO,07/01/2020,09:21:31,2045.9,2139.5,20,2214.95,20,0,440
BANKNIFTY27FEB2030000CE.NFO,07/01/2020,09:21:32,2045.9,2139.2,20,2212.15,20,0,440
BANKNIFTY27FEB2030000CE.NFO,07/01/2020,09:21:34,2045.9,2106.55,20,2212.65,20,0,440
BANKNIFTY27FEB2030000CE.NFO,07/01/2020,09:21:35,2045.9,2094.3,20,2257.2,20,0,440
BANKNIFTY27FEB2030000CE.NFO,07/01/2020,09:21:36,2045.9,2115.45,20,2214.7,20,0,440
BANKNIFTY27FEB2030000CE.NFO,07/01/2020,09:21:37,2045.9,2116.9,20,2214.05,20,0,440
BANKNIFTY27FEB2030000CE.NFO,07/01/2020,09:21:38,2045.9,2118.7,20,2211.9,20,0,440
BANKNIFTY27FEB2030000CE.NFO,07/01/2020,09:21:39,2045.9,2091.7,20,2210.9,20,0,440
BANKNIFTY27FEB2030000CE.NFO,07/01/2020,09:21:41,2045.9,2093.1,20,2212.8,20,0,440
BANKNIFTY27FEB2030000CE.NFO,07/01/2020,09:21:42,2045.9,2095.35,20,2212.45,20,0,440
BANKNIFTY27FEB2030000CE.NFO,07/01/2020,09:21:43,2045.9,2095.7,20,2211.5,20,0,440
BANKNIFTY27FEB2030000CE.NFO,07/01/2020,09:21:44,2045.9,2099.45,20,2226.1,20,0,440
BANKNIFTY27FEB2030000CE.NFO,07/01/2020,09:21:45,2045.9,2101.7,20,2217.45,20,0,440
BANKNIFTY27FEB2030000CE.NFO,07/01/2020,09:21:46,2045.9,2130.3,20,2225.75,20,0,440
BANKNIFTY27FEB2030000CE.NFO,07/01/2020,09:21:48,2045.9,2132.45,20,2221.4,20,0,440
BANKNIFTY27FEB2030000CE.NFO,07/01/2020,09:21:49,2045.9,2107.85,20,2227.05,40,0,440
BANKNIFTY27FEB2030000CE.NFO,07/01/2020,09:21:50,2045.9,2143,20,2223.3,20,0,440
BANKNIFTY27FEB2030000CE.NFO,07/01/2020,09:21:52,2045.9,2143.1,20,2226.3,20,0,440
BANKNIFTY27FEB2030000CE.NFO,07/01/2020,09:21:53,2045.9,2143.2,20,2219.7,20,0,440
BANKNIFTY27FEB2030000CE.NFO,07/01/2020,09:21:54,2045.9,2143.3,20,2224.1,20,0,440
BANKNIFTY27FEB2030000CE.NFO,07/01/2020,09:21:55,2045.9,2109.9,20,2218.25,20,0,440
BANKNIFTY27FEB2030000CE.NFO,07/01/2020,09:21:56,2045.9,2103.9,20,2217.35,20,0,440
BANKNIFTY27FEB2030000CE.NFO,07/01/2020,09:21:57,2045.9,2129.6,20,2219.85,20,0,440
BANKNIFTY27FEB2030000CE.NFO,07/01/2020,09:21:59,2045.9,2131.2,20,2217.3,20,0,440
BANKNIFTY27FEB2030000CE.NFO,07/01/2020,09:22:00,2045.9,2107.95,20,2241.45,20,0,440
BANKNIFTY27FEB2030000CE.NFO,07/01/2020,09:22:01,2045.9,2110.95,20,2223.7,20,0,440
BANKNIFTY27FEB2030000CE.NFO,07/01/2020,09:22:02,2045.9,2136.7,20,2223.45,20,0,440
BANKNIFTY27FEB2030000CE.NFO,07/01/2020,09:22:03,2045.9,2136.8,20,2223.25,20,0,440
BANKNIFTY27FEB2030000CE.NFO,07/01/2020,09:22:05,2045.9,2149.35,20,2225.6,20,0,440
BANKNIFTY27FEB2030000CE.NFO,07/01/2020,09:22:06,2045.9,2149.45,20,2234.1,20,0,440
BANKNIFTY27FEB2030000CE.NFO,07/01/2020,09:22:07,2045.9,2149.55,20,2237.4,20,0,440
BANKNIFTY27FEB2030000CE.NFO,07/01/2020,09:22:08,2045.9,2137.2,20,2231.5,20,0,440
BANKNIFTY27FEB2030000CE.NFO,07/01/2020,09:22:10,2045.9,2150.35,200,2228.1,20,0,440
BANKNIFTY27FEB2030000CE.NFO,07/01/2020,09:22:11,2045.9,2157.75,20,2228.05,20,0,440
BANKNIFTY27FEB2030000CE.NFO,07/01/2020,09:22:12,2045.9,2137.5,20,2226.15,20,0,440
BANKNIFTY27FEB2030000CE.NFO,07/01/2020,09:22:13,2045.9,2156.85,20,2225.85,20,0,440
BANKNIFTY27FEB2030000CE.NFO,07/01/2020,09:22:14,2045.9,2156.95,20,2236.25,20,0,440
BANKNIFTY27FEB2030000CE.NFO,07/01/2020,09:22:16,2045.9,2150.8,20,2235.2,20,0,440
BANKNIFTY27FEB2030000CE.NFO,07/01/2020,09:22:17,2045.9,2163.35,20,2233.2,20,0,440
BANKNIFTY27FEB2030000CE.NFO,07/01/2020,09:22:18,2045.9,2166.9,20,2238.4,20,0,440
BANKNIFTY27FEB2030000CE.NFO,07/01/2020,09:22:19,2045.9,2141.85,20,2235.95,20,0,440
BANKNIFTY27FEB2030000CE.NFO,07/01/2020,09:22:20,2045.9,2120.85,20,2240.9,20,0,440
BANKNIFTY27FEB2030000CE.NFO,07/01/2020,09:22:21,2045.9,2096.6,20,2236.85,20,0,440
BANKNIFTY27FEB2030000CE.NFO,07/01/2020,09:22:23,2045.9,2118,20,2236.55,20,0,440
BANKNIFTY27FEB2030000CE.NFO,07/01/2020,09:22:24,2045.9,2136.55,20,2233.9,20,0,440
BANKNIFTY27FEB2030000CE.NFO,07/01/2020,09:22:25,2045.9,2136.65,20,2229.15,20,0,440
BANKNIFTY27FEB2030000CE.NFO,07/01/2020,09:22:26,2045.9,2149.75,20,2227.55,20,0,440
BANKNIFTY27FEB2030000CE.NFO,07/01/2020,09:22:27,2045.9,2149.85,20,2251.45,20,0,440
BANKNIFTY27FEB2030000CE.NFO,07/01/2020,09:22:28,2045.9,2149.95,20,2241.2,20,0,440
BANKNIFTY27FEB2030000CE.NFO,07/01/2020,09:22:29,2045.9,2150.05,20,2238.25,20,0,440
BANKNIFTY27FEB2030000CE.NFO,07/01/2020,09:22:31,2045.9,2150.15,20,2243.95,20,0,440
BANKNIFTY27FEB2030000CE.NFO,07/01/2020,09:22:32,2045.9,2158.65,20,2243.45,20,0,440
BANKNIFTY27FEB2030000CE.NFO,07/01/2020,09:22:33,2045.9,2158.75,20,2239.25,20,0,440
BANKNIFTY27FEB2030000CE.NFO,07/01/2020,09:22:34,2045.9,2158.85,20,2235.05,20,0,440
BANKNIFTY27FEB2030000CE.NFO,07/01/2020,09:22:35,2045.9,2164.45,20,2236.85,20,0,440
BANKNIFTY27FEB2030000CE.NFO,07/01/2020,09:22:36,2045.9,2159,200,2235.3,20,0,440
BANKNIFTY27FEB2030000CE.NFO,07/01/2020,09:22:37,2045.9,2150.65,20,2234.25,20,0,440
BANKNIFTY27FEB2030000CE.NFO,07/01/2020,09:22:38,2045.9,2150.75,20,2242,20,0,440
BANKNIFTY27FEB2030000CE.NFO,07/01/2020,09:22:39,2045.9,2150.85,20,2236.2,20,0,440
BANKNIFTY27FEB2030000CE.NFO,07/01/2020,09:22:41,2045.9,2150.95,20,2240.45,20,0,440
BANKNIFTY27FEB2030000CE.NFO,07/01/2020,09:22:42,2045.9,2151.05,20,2238.4,20,0,440
BANKNIFTY27FEB2030000CE.NFO,07/01/2020,09:22:43,2045.9,2160.7,20,2230.2,20,0,440
BANKNIFTY27FEB2030000CE.NFO,07/01/2020,09:22:44,2045.9,2117.45,20,2229.8,20,0,440
BANKNIFTY27FEB2030000CE.NFO,07/01/2020,09:22:45,2045.9,2120.85,40,2232.95,20,0,440
BANKNIFTY27FEB2030000CE.NFO,07/01/2020,09:22:46,2045.9,2145.55,20,2229.7,20,0,440
BANKNIFTY27FEB2030000CE.NFO,07/01/2020,09:22:47,2045.9,2161.4,20,2232.5,20,0,440
BANKNIFTY27FEB2030000CE.NFO,07/01/2020,09:22:49,2045.9,2095.4,60,2236.5,20,0,440
BANKNIFTY27FEB2030000CE.NFO,07/01/2020,09:22:50,2045.9,2111.6,20,2236.2,20,0,440
BANKNIFTY27FEB2030000CE.NFO,07/01/2020,09:22:51,2045.9,2116.7,20,2228.8,20,0,440
BANKNIFTY27FEB2030000CE.NFO,07/01/2020,09:22:52,2045.9,2074.75,160,2235.35,20,0,440
BANKNIFTY27FEB2030000CE.NFO,07/01/2020,09:22:53,2045.9,2117,20,2257.45,20,0,440
BANKNIFTY27FEB2030000CE.NFO,07/01/2020,09:22:54,2045.9,2120.15,20,2239.7,20,0,440
BANKNIFTY27FEB2030000CE.NFO,07/01/2020,09:22:55,2045.9,2121.1,20,2236.8,20,0,440
BANKNIFTY27FEB2030000CE.NFO,07/01/2020,09:22:57,2045.9,2120.3,20,2235.45,20,0,440
BANKNIFTY27FEB2030000CE.NFO,07/01/2020,09:22:58,2045.9,2147.65,20,2240.55,20,0,440
BANKNIFTY27FEB2030000CE.NFO,07/01/2020,09:22:59,2045.9,2148.45,20,2240.3,20,0,440
BANKNIFTY27FEB2030000CE.NFO,07/01/2020,09:23:00,2045.9,2159.35,20,2237.45,20,0,440
BANKNIFTY27FEB2030000CE.NFO,07/01/2020,09:23:01,2045.9,2118.4,20,2235.95,20,0,440
BANKNIFTY27FEB2030000CE.NFO,07/01/2020,09:23:03,2045.9,2120.9,40,2235.85,20,0,440
BANKNIFTY27FEB2030000CE.NFO,07/01/2020,09:23:04,2045.9,2121.2,20,2242.15,20,0,440
BANKNIFTY27FEB2030000CE.NFO,07/01/2020,09:23:05,2045.9,2147.05,20,2236.5,20,0,440
BANKNIFTY27FEB2030000CE.NFO,07/01/2020,09:23:07,2045.9,2124.55,20,2242.65,20,0,440
BANKNIFTY27FEB2030000CE.NFO,07/01/2020,09:23:08,2045.9,2149.65,20,2241.6,20,0,440
BANKNIFTY27FEB2030000CE.NFO,07/01/2020,09:23:10,2045.9,2125.5,20,2240.1,20,0,440
BANKNIFTY27FEB2030000CE.NFO,07/01/2020,09:23:12,2045.9,2125.6,20,2237.8,20,0,440
BANKNIFTY27FEB2030000CE.NFO,07/01/2020,09:23:13,2045.9,2160.9,20,2239.7,20,0,440
BANKNIFTY27FEB2030000CE.NFO,07/01/2020,09:23:14,2045.9,2161,20,2242.9,20,0,440
BANKNIFTY27FEB2030000CE.NFO,07/01/2020,09:23:15,2045.9,2101.55,20,2234.35,20,0,440
BANKNIFTY27FEB2030000CE.NFO,07/01/2020,09:23:16,2045.9,2141.05,20,2231.95,20,0,440
BANKNIFTY27FEB2030000CE.NFO,07/01/2020,09:23:18,2045.9,2116.9,20,2233.7,20,0,440
BANKNIFTY27FEB2030000CE.NFO,07/01/2020,09:23:19,2045.9,2116.9,40,2230.3,20,0,440
BANKNIFTY27FEB2030000CE.NFO,07/01/2020,09:23:20,2045.9,2116.9,40,2229.55,20,0,440
BANKNIFTY27FEB2030000CE.NFO,07/01/2020,09:23:21,2045.9,2116.9,40,2228.9,20,0,440
BANKNIFTY27FEB2030000CE.NFO,07/01/2020,09:23:22,2045.9,2141.55,20,2228.45,20,0,440
BANKNIFTY27FEB2030000CE.NFO,07/01/2020,09:23:23,2045.9,2141.8,20,2235.4,20,0,440
BANKNIFTY27FEB2030000CE.NFO,07/01/2020,09:23:24,2045.9,2154.05,20,2228.8,20,0,440
BANKNIFTY27FEB2030000CE.NFO,07/01/2020,09:23:25,2045.9,2142.1,20,2228.65,20,0,440
BANKNIFTY27FEB2030000CE.NFO,07/01/2020,09:23:27,2045.9,2154.4,20,2235.85,20,0,440
BANKNIFTY27FEB2030000CE.NFO,07/01/2020,09:23:28,2045.9,2160.7,20,2229.4,20,0,440
BANKNIFTY27FEB2030000CE.NFO,07/01/2020,09:23:29,2045.9,2131.1,20,2227.25,20,0,440
BANKNIFTY27FEB2030000CE.NFO,07/01/2020,09:23:30,2045.9,2157.35,20,2231.7,20,0,440
BANKNIFTY27FEB2030000CE.NFO,07/01/2020,09:23:31,2045.9,2148.75,200,2249.1,20,0,440
BANKNIFTY27FEB2030000CE.NFO,07/01/2020,09:23:32,2045.9,2148.9,20,2232.55,20,0,440
BANKNIFTY27FEB2030000CE.NFO,07/01/2020,09:23:33,2045.9,2148.8,20,2236.35,20,0,440
BANKNIFTY27FEB2030000CE.NFO,07/01/2020,09:23:35,2045.9,2131.7,20,2235.7,20,0,440
BANKNIFTY27FEB2030000CE.NFO,07/01/2020,09:23:36,2045.9,2131.8,20,2228.25,20,0,440
BANKNIFTY27FEB2030000CE.NFO,07/01/2020,09:23:37,2045.9,2149.05,20,2228.7,20,0,440
BANKNIFTY27FEB2030000CE.NFO,07/01/2020,09:23:38,2045.9,2149.15,20,2241.3,20,0,440
BANKNIFTY27FEB2030000CE.NFO,07/01/2020,09:23:39,2045.9,2157.25,20,2228.9,20,0,440
BANKNIFTY27FEB2030000CE.NFO,07/01/2020,09:23:40,2045.9,2157.35,20,2226.55,20,0,440
BANKNIFTY27FEB2030000CE.NFO,07/01/2020,09:23:42,2045.9,2149.55,20,2224.85,20,0,440
BANKNIFTY27FEB2030000CE.NFO,07/01/2020,09:23:43,2045.9,2130.05,20,2224.75,20,0,440
BANKNIFTY27FEB2030000CE.NFO,07/01/2020,09:23:44,2045.9,2130.05,20,2232.3,20,0,440
BANKNIFTY27FEB2030000CE.NFO,07/01/2020,09:23:45,2045.9,2130.05,20,2224.85,20,0,440
BANKNIFTY27FEB2030000CE.NFO,07/01/2020,09:23:46,2045.9,2130.05,20,2224.8,20,0,440
BANKNIFTY27FEB2030000CE.NFO,07/01/2020,09:23:47,2045.9,2147.65,20,2228.2,20,0,440
BANKNIFTY27FEB2030000CE.NFO,07/01/2020,09:23:48,2045.9,2130.35,20,2225.5,20,0,440
BANKNIFTY27FEB2030000CE.NFO,07/01/2020,09:23:50,2045.9,2130.55,20,2224.75,20,0,440
BANKNIFTY27FEB2030000CE.NFO,07/01/2020,09:23:51,2045.9,2156.5,20,2224.75,20,0,440
BANKNIFTY27FEB2030000CE.NFO,07/01/2020,09:23:52,2045.9,2130.05,20,2224.4,20,0,440
BANKNIFTY27FEB2030000CE.NFO,07/01/2020,09:23:53,2045.9,2130.05,20,2228.5,20,0,440
BANKNIFTY27FEB2030000CE.NFO,07/01/2020,09:23:54,2045.9,2130.05,20,2229.05,20,0,440
BANKNIFTY27FEB2030000CE.NFO,07/01/2020,09:23:55,2045.9,2132.9,20,2228.95,20,0,440
BANKNIFTY27FEB2030000CE.NFO,07/01/2020,09:23:57,2045.9,2134.05,20,2228.35,20,0,440
BANKNIFTY27FEB2030000CE.NFO,07/01/2020,09:23:58,2045.9,2134.1,20,2244.75,20,0,440
BANKNIFTY27FEB2030000CE.NFO,07/01/2020,09:23:59,2045.9,2135.7,20,2235.05,20,0,440
BANKNIFTY27FEB2030000CE.NFO,07/01/2020,09:24:00,2045.9,2136.5,20,2234.6,20,0,440
BANKNIFTY27FEB2030000CE.NFO,07/01/2020,09:24:01,2045.9,2134.5,40,2232.75,20,0,440
BANKNIFTY27FEB2030000CE.NFO,07/01/2020,09:24:02,2045.9,2134.5,40,2236.55,20,0,440
BANKNIFTY27FEB2030000CE.NFO,07/01/2020,09:24:04,2045.9,2134.5,40,2243.6,20,0,440
BANKNIFTY27FEB2030000CE.NFO,07/01/2020,09:24:05,2045.9,2134.5,40,2231.45,20,0,440
BANKNIFTY27FEB2030000CE.NFO,07/01/2020,09:24:06,2045.9,2134.5,40,2234.7,20,0,440
BANKNIFTY27FEB2030000CE.NFO,07/01/2020,09:24:07,2045.9,2134.5,40,2232.55,20,0,440
BANKNIFTY27FEB2030000CE.NFO,07/01/2020,09:24:08,2045.9,2134.5,40,2230.75,20,0,440
BANKNIFTY27FEB2030000CE.NFO,07/01/2020,09:24:09,2045.9,2134.5,40,2233.65,20,0,440
BANKNIFTY27FEB2030000CE.NFO,07/01/2020,09:24:11,2045.9,2134.5,40,2228.5,20,0,440
BANKNIFTY27FEB2030000CE.NFO,07/01/2020,09:24:12,2045.9,2134.6,20,2229.1,20,0,440
BANKNIFTY27FEB2030000CE.NFO,07/01/2020,09:24:13,2045.9,2134.7,20,2218.2,20,0,440
BANKNIFTY27FEB2030000CE.NFO,07/01/2020,09:24:14,2045.9,2134.8,20,2239.75,20,0,440
BANKNIFTY27FEB2030000CE.NFO,07/01/2020,09:24:15,2045.9,2134.9,20,2232.25,20,0,440
BANKNIFTY27FEB2030000CE.NFO,07/01/2020,09:24:17,2045.9,2152.05,20,2227.35,20,0,440
BANKNIFTY27FEB2030000CE.NFO,07/01/2020,09:24:18,2045.9,2135.1,20,2229.25,20,0,440
BANKNIFTY27FEB2030000CE.NFO,07/01/2020,09:24:19,2045.9,2152.25,20,2227.9,20,0,440
BANKNIFTY27FEB2030000CE.NFO,07/01/2020,09:24:20,2045.9,2152.35,20,2225.55,20,0,440
BANKNIFTY27FEB2030000CE.NFO,07/01/2020,09:24:21,2045.9,2152.45,20,2232.15,20,0,440
BANKNIFTY27FEB2030000CE.NFO,07/01/2020,09:24:22,2045.9,2160.4,20,2227.2,20,0,440
BANKNIFTY27FEB2030000CE.NFO,07/01/2020,09:24:24,2045.9,2133.05,20,2225.8,20,0,440
BANKNIFTY27FEB2030000CE.NFO,07/01/2020,09:24:25,2045.9,2133.05,20,2232.7,20,0,440
BANKNIFTY27FEB2030000CE.NFO,07/01/2020,09:24:26,2045.9,2133.05,20,2229.35,20,0,440
BANKNIFTY27FEB2030000CE.NFO,07/01/2020,09:24:27,2045.9,2133.15,20,2227.15,20,0,440
BANKNIFTY27FEB2030000CE.NFO,07/01/2020,09:24:28,2045.9,2159.4,20,2225.65,20,0,440
BANKNIFTY27FEB2030000CE.NFO,07/01/2020,09:24:29,2045.9,2159.5,20,2225.35,20,0,440
BANKNIFTY27FEB2030000CE.NFO,07/01/2020,09:24:30,2045.9,2126.05,20,2222.6,20,0,440
BANKNIFTY27FEB2030000CE.NFO,07/01/2020,09:24:32,2045.9,2126.4,20,2222.4,20,0,440
BANKNIFTY27FEB2030000CE.NFO,07/01/2020,09:24:33,2045.9,2126.4,20,2226.55,20,0,440
BANKNIFTY27FEB2030000CE.NFO,07/01/2020,09:24:34,2045.9,2123.4,20,2218.95,20,0,440
BANKNIFTY27FEB2030000CE.NFO,07/01/2020,09:24:35,2045.9,2122.7,20,2216.3,20,0,440
BANKNIFTY27FEB2030000CE.NFO,07/01/2020,09:24:37,2045.9,2121.2,20,2220.9,20,0,440
BANKNIFTY27FEB2030000CE.NFO,07/01/2020,09:24:38,2045.9,2120.25,20,2224.05,20,0,440
BANKNIFTY27FEB2030000CE.NFO,07/01/2020,09:24:39,2045.9,2136.85,20,2215.85,20,0,440
BANKNIFTY27FEB2030000CE.NFO,07/01/2020,09:24:40,2045.9,2120.45,20,2214.55,20,0,440
BANKNIFTY27FEB2030000CE.NFO,07/01/2020,09:24:41,2045.9,2149.25,20,2213.85,20,0,440
BANKNIFTY27FEB2030000CE.NFO,07/01/2020,09:24:43,2045.9,2137.25,20,2197.7,20,0,440
BANKNIFTY27FEB2030000CE.NFO,07/01/2020,09:24:44,2045.9,2143.15,20,2209.9,20,0,440
BANKNIFTY27FEB2030000CE.NFO,07/01/2020,09:24:45,2045.9,2112.1,20,2211.55,20,0,440
BANKNIFTY27FEB2030000CE.NFO,07/01/2020,09:24:46,2045.9,2108.5,20,2207.2,20,0,440
BANKNIFTY27FEB2030000CE.NFO,07/01/2020,09:24:48,2045.9,2109.6,20,2202.75,20,0,440
BANKNIFTY27FEB2030000CE.NFO,07/01/2020,09:24:49,2045.9,2110.05,20,2214.95,20,0,440
BANKNIFTY27FEB2030000CE.NFO,07/01/2020,09:24:50,2045.9,2127.55,20,2210.5,20,0,440
BANKNIFTY27FEB2030000CE.NFO,07/01/2020,09:24:51,2045.9,2110,20,2209.1,20,0,440
BANKNIFTY27FEB2030000CE.NFO,07/01/2020,09:24:52,2045.9,2110,20,2389.3,20,0,440
BANKNIFTY27FEB2030000CE.NFO,07/01/2020,09:24:53,2045.9,2110,20,2213.7,20,0,440
BANKNIFTY27FEB2030000CE.NFO,07/01/2020,09:24:55,2045.9,2110,20,2255.6,20,0,440
BANKNIFTY27FEB2030000CE.NFO,07/01/2020,09:24:56,2045.9,2110.25,200,2282.85,20,0,440
BANKNIFTY27FEB2030000CE.NFO,07/01/2020,09:24:57,2045.9,2110.45,200,2228.35,20,0,440
BANKNIFTY27FEB2030000CE.NFO,07/01/2020,09:24:58,2045.9,2110.55,200,2229.2,20,0,440
BANKNIFTY27FEB2030000CE.NFO,07/01/2020,09:24:59,2045.9,2110.7,20,2216.95,20,0,440
BANKNIFTY27FEB2030000CE.NFO,07/01/2020,09:25:01,2045.9,2110.85,200,2261.45,20,0,440
BANKNIFTY27FEB2030000CE.NFO,07/01/2020,09:25:02,2045.9,2111,20,2220.05,20,0,440
BANKNIFTY27FEB2030000CE.NFO,07/01/2020,09:25:03,2045.9,2111.2,20,2216.95,20,0,440
BANKNIFTY27FEB2030000CE.NFO,07/01/2020,09:25:05,2045.9,2111.3,20,2216,20,0,440
BANKNIFTY27FEB2030000CE.NFO,07/01/2020,09:25:06,2045.9,2111.65,20,2389.2,20,0,440
BANKNIFTY27FEB2030000CE.NFO,07/01/2020,09:25:07,2045.9,2112.05,20,2282.95,20,0,440
BANKNIFTY27FEB2030000CE.NFO,07/01/2020,09:25:08,2045.9,2112.4,20,2303.5,20,0,440
BANKNIFTY27FEB2030000CE.NFO,07/01/2020,09:25:10,2045.9,2112.65,20,2389.1,20,0,440
BANKNIFTY27FEB2030000CE.NFO,07/01/2020,09:25:11,2045.9,2113,20,2389,20,0,440
BANKNIFTY27FEB2030000CE.NFO,07/01/2020,09:25:12,2045.9,2113.55,20,2389,20,0,440
BANKNIFTY27FEB2030000CE.NFO,07/01/2020,09:25:13,2045.9,2114,20,2388.95,2420,0,440
BANKNIFTY27FEB2030000CE.NFO,07/01/2020,09:25:15,2045.9,2114.5,20,2252.3,20,0,440
BANKNIFTY27FEB2030000CE.NFO,07/01/2020,09:25:16,2045.9,2115.1,20,2388.9,20,0,440
BANKNIFTY27FEB2030000CE.NFO,07/01/2020,09:25:17,2045.9,2115.65,20,2282.95,20,0,440
BANKNIFTY27FEB2030000CE.NFO,07/01/2020,09:25:18,2045.9,2115.7,220,2388.9,20,0,440
BANKNIFTY27FEB2030000CE.NFO,07/01/2020,09:25:19,2045.9,2115.95,20,2249.4,20,0,440
BANKNIFTY27FEB2030000CE.NFO,07/01/2020,09:25:20,2045.9,2116.15,220,2388.8,20,0,440
BANKNIFTY27FEB2030000CE.NFO,07/01/2020,09:25:22,2045.9,2116.4,20,2388.8,20,0,440
BANKNIFTY27FEB2030000CE.NFO,07/01/2020,09:25:23,2045.9,2117,20,2388.8,20,0,440
BANKNIFTY27FEB2030000CE.NFO,07/01/2020,09:25:24,2045.9,2117.25,20,2388.8,20,0,440
BANKNIFTY27FEB2030000CE.NFO,07/01/2020,09:25:25,2045.9,2117.45,40,2388.7,20,0,440
BANKNIFTY27FEB2030000CE.NFO,07/01/2020,09:25:26,2045.9,2117.6,200,2388.7,20,0,440
BANKNIFTY27FEB2030000CE.NFO,07/01/2020,09:25:28,2045.9,2117.85,20,2388.6,20,0,440
BANKNIFTY27FEB2030000CE.NFO,07/01/2020,09:25:29,2045.9,2118.05,200,2388.6,20,0,440
BANKNIFTY27FEB2030000CE.NFO,07/01/2020,09:25:30,2045.9,2118.3,20,2388.6,20,0,440
BANKNIFTY27FEB2030000CE.NFO,07/01/2020,09:25:31,2045.9,2118.5,200,2388.5,20,0,440
BANKNIFTY27FEB2030000CE.NFO,07/01/2020,09:25:32,2045.9,2118.75,20,2388.5,20,0,440
BANKNIFTY27FEB2030000CE.NFO,07/01/2020,09:25:34,2045.9,2118.95,200,2388.5,20,0,440
BANKNIFTY27FEB2030000CE.NFO,07/01/2020,09:25:35,2045.9,2119.2,20,2388.4,20,0,440
BANKNIFTY27FEB2030000CE.NFO,07/01/2020,09:25:36,2045.9,2119.4,200,2260.55,20,0,440
BANKNIFTY27FEB2030000CE.NFO,07/01/2020,09:25:37,2045.9,2119.65,20,2388.3,20,0,440
BANKNIFTY27FEB2030000CE.NFO,07/01/2020,09:25:38,2045.9,2119.95,20,2388.3,20,0,440
BANKNIFTY27FEB2030000CE.NFO,07/01/2020,09:25:40,2045.9,2120.25,20,2388.3,20,0,440
BANKNIFTY27FEB2030000CE.NFO,07/01/2020,09:25:41,2045.9,2120.55,20,2388.2,20,0,440
BANKNIFTY27FEB2030000CE.NFO,07/01/2020,09:25:42,2045.9,2120.85,20,2388.2,20,0,440
BANKNIFTY27FEB2030000CE.NFO,07/01/2020,09:25:43,2045.9,2121.05,200,2388.2,20,0,440
BANKNIFTY27FEB2030000CE.NFO,07/01/2020,09:25:44,2045.9,2121.3,20,2388.1,20,0,440
BANKNIFTY27FEB2030000CE.NFO,07/01/2020,09:25:46,2045.9,2121.6,20,2388,20,0,440
BANKNIFTY27FEB2030000CE.NFO,07/01/2020,09:25:47,2045.9,2121.8,200,2387.95,160,0,440
BANKNIFTY27FEB2030000CE.NFO,07/01/2020,09:25:48,2045.9,2122.05,20,2387.85,20,0,440
BANKNIFTY27FEB2030000CE.NFO,07/01/2020,09:25:49,2045.9,2122.35,20,2387.85,20,0,440
BANKNIFTY27FEB2030000CE.NFO,07/01/2020,09:25:50,2045.9,2122.55,200,2282.95,20,0,440
BANKNIFTY27FEB2030000CE.NFO,07/01/2020,09:25:51,2045.9,2122.7,200,2387.75,20,0,440
BANKNIFTY27FEB2030000CE.NFO,07/01/2020,09:25:53,2045.9,2122.95,20,2282.95,20,0,440
BANKNIFTY27FEB2030000CE.NFO,07/01/2020,09:25:54,2045.9,2123.15,200,2282.95,20,0,440
BANKNIFTY27FEB2030000CE.NFO,07/01/2020,09:25:55,2045.9,2123.4,20,2387.65,20,0,440
BANKNIFTY27FEB2030000CE.NFO,07/01/2020,09:25:56,2045.9,2123.6,200,2387.65,20,0,440
BANKNIFTY27FEB2030000CE.NFO,07/01/2020,09:25:57,2045.9,2123.85,20,2387.65,20,0,440
BANKNIFTY27FEB2030000CE.NFO,07/01/2020,09:25:59,2045.9,2124.15,20,2387.55,20,0,440
BANKNIFTY27FEB2030000CE.NFO,07/01/2020,09:26:00,2045.9,2124.3,20,2387.55,20,0,440
BANKNIFTY27FEB2030000CE.NFO,07/01/2020,09:26:01,2045.9,2124.5,200,2387.55,20,0,440
BANKNIFTY27FEB2030000CE.NFO,07/01/2020,09:26:02,2045.9,2124.65,200,2299.6,20,0,440
BANKNIFTY27FEB2030000CE.NFO,07/01/2020,09:26:03,2045.9,2107.75,200,2231.6,20,0,440
BANKNIFTY27FEB2030000CE.NFO,07/01/2020,09:26:05,2045.9,2107.35,200,2209.95,20,0,440
BANKNIFTY27FEB2030000CE.NFO,07/01/2020,09:26:06,2045.9,2107.15,200,2213.4,20,0,440
BANKNIFTY27FEB2030000CE.NFO,07/01/2020,09:26:07,2045.9,2106.35,200,2256.65,20,0,440
BANKNIFTY27FEB2030000CE.NFO,07/01/2020,09:26:08,2045.9,2106.15,20,2256.3,20,0,440
BANKNIFTY27FEB2030000CE.NFO,07/01/2020,09:26:09,2045.9,2106.25,20,2234.2,20,0,440
BANKNIFTY27FEB2030000CE.NFO,07/01/2020,09:26:11,2045.9,2106.4,200,2215.8,20,0,440
BANKNIFTY27FEB2030000CE.NFO,07/01/2020,09:26:12,2045.9,2106.5,200,2212.55,20,0,440
BANKNIFTY27FEB2030000CE.NFO,07/01/2020,09:26:13,2045.9,2106.65,20,2208.35,20,0,440
BANKNIFTY27FEB2030000CE.NFO,07/01/2020,09:26:14,2045.9,2106.75,20,2224.5,20,0,440
BANKNIFTY27FEB2030000CE.NFO,07/01/2020,09:26:16,2045.9,2106.85,20,2235.2,20,0,440
BANKNIFTY27FEB2030000CE.NFO,07/01/2020,09:26:17,2045.9,2107,200,2216.1,20,0,440
BANKNIFTY27FEB2030000CE.NFO,07/01/2020,09:26:18,2045.9,2106.05,220,2207.4,20,0,440
BANKNIFTY27FEB2030000CE.NFO,07/01/2020,09:26:19,2045.9,2106.05,220,2231.1,20,0,440
BANKNIFTY27FEB2030000CE.NFO,07/01/2020,09:26:20,2045.9,2106.05,220,2215.55,20,0,440
BANKNIFTY27FEB2030000CE.NFO,07/01/2020,09:26:22,2045.9,2106.05,220,2220.65,20,0,440
BANKNIFTY27FEB2030000CE.NFO,07/01/2020,09:26:23,2045.9,2106.05,220,2207.65,20,0,440
BANKNIFTY27FEB2030000CE.NFO,07/01/2020,09:26:24,2045.9,2106.05,220,2387.15,20,0,440
BANKNIFTY27FEB2030000CE.NFO,07/01/2020,09:26:26,2045.9,2106.05,220,2252.25,20,0,440
BANKNIFTY27FEB2030000CE.NFO,07/01/2020,09:26:27,2045.9,2106.05,220,2210.5,20,0,440
BANKNIFTY27FEB2030000CE.NFO,07/01/2020,09:26:28,2045.9,2106.05,220,2254.25,20,0,440
BANKNIFTY27FEB2030000CE.NFO,07/01/2020,09:26:29,2045.9,2106.05,220,2221.55,20,0,440
BANKNIFTY27FEB2030000CE.NFO,07/01/2020,09:26:30,2045.9,2106.05,220,2217.6,20,0,440
BANKNIFTY27FEB2030000CE.NFO,07/01/2020,09:26:32,2045.9,2106.05,220,2212.6,20,0,440
BANKNIFTY27FEB2030000CE.NFO,07/01/2020,09:26:33,2045.9,2106.05,220,2212.15,20,0,440
BANKNIFTY27FEB2030000CE.NFO,07/01/2020,09:26:34,2045.9,2106.05,220,2232.6,20,0,440
BANKNIFTY27FEB2030000CE.NFO,07/01/2020,09:26:35,2045.9,2106.05,220,2219.95,20,0,440
BANKNIFTY27FEB2030000CE.NFO,07/01/2020,09:26:36,2045.9,2106.05,220,2219.6,20,0,440
BANKNIFTY27FEB2030000CE.NFO,07/01/2020,09:26:38,2045.9,2106.05,220,2211.85,20,0,440
BANKNIFTY27FEB2030000CE.NFO,07/01/2020,09:26:39,2045.9,2135.95,20,2211.4,20,0,440
BANKNIFTY27FEB2030000CE.NFO,07/01/2020,09:26:40,2045.9,2097.45,40,2207.25,20,0,440
BANKNIFTY27FEB2030000CE.NFO,07/01/2020,09:26:41,2045.9,2097.45,40,2202.65,20,0,440
BANKNIFTY27FEB2030000CE.NFO,07/01/2020,09:26:43,2045.9,2097.45,40,2219.75,20,0,440
BANKNIFTY27FEB2030000CE.NFO,07/01/2020,09:26:44,2045.9,2097.45,40,2209.6,20,0,440
BANKNIFTY27FEB2030000CE.NFO,07/01/2020,09:26:45,2045.9,2097.45,40,2207.75,20,0,440
BANKNIFTY27FEB2030000CE.NFO,07/01/2020,09:26:46,2045.9,2097.45,40,2208.65,20,0,440
BANKNIFTY27FEB2030000CE.NFO,07/01/2020,09:26:48,2045.9,2115.45,20,2207.45,40,0,440
BANKNIFTY27FEB2030000CE.NFO,07/01/2020,09:26:49,2045.9,2115.5,200,2204.5,20,0,440
BANKNIFTY27FEB2030000CE.NFO,07/01/2020,09:26:50,2045.9,2098.45,20,2203.85,20,0,440
BANKNIFTY27FEB2030000CE.NFO,07/01/2020,09:26:51,2045.9,2098.55,20,2210.15,20,0,440
BANKNIFTY27FEB2030000CE.NFO,07/01/2020,09:26:52,2045.9,2098.65,20,2203.4,20,0,440
BANKNIFTY27FEB2030000CE.NFO,07/01/2020,09:26:53,2045.9,2113.4,20,2202.15,20,0,440
BANKNIFTY27FEB2030000CE.NFO,07/01/2020,09:26:55,2045.9,2113.5,20,2245.9,20,0,440
BANKNIFTY27FEB2030000CE.NFO,07/01/2020,09:26:56,2045.9,2113.6,20,2207.25,20,0,440
BANKNIFTY27FEB2030000CE.NFO,07/01/2020,09:26:57,2045.9,2113.7,20,2206.95,20,0,440
BANKNIFTY27FEB2030000CE.NFO,07/01/2020,09:26:58,2045.9,2113.8,20,2203.5,20,0,440
BANKNIFTY27FEB2030000CE.NFO,07/01/2020,09:26:59,2045.9,2113.9,20,2245.9,20,0,440
BANKNIFTY27FEB2030000CE.NFO,07/01/2020,09:27:00,2045.9,2092.1,20,2210.7,20,0,440
BANKNIFTY27FEB2030000CE.NFO,07/01/2020,09:27:02,2045.9,2090.5,40,2200.85,20,0,440
BANKNIFTY27FEB2030000CE.NFO,07/01/2020,09:27:03,2045.9,2090.5,40,2200.4,20,0,440
BANKNIFTY27FEB2030000CE.NFO,07/01/2020,09:27:04,2045.9,2090.5,40,2247.7,20,0,440
BANKNIFTY27FEB2030000CE.NFO,07/01/2020,09:27:05,2045.9,2090.7,20,2200.5,20,0,440
BANKNIFTY27FEB2030000CE.NFO,07/01/2020,09:27:07,2045.9,2108.2,20,2179.45,20,0,440
BANKNIFTY27FEB2030000CE.NFO,07/01/2020,09:27:08,2045.9,2108.2,20,2182.6,20,0,440
BANKNIFTY27FEB2030000CE.NFO,07/01/2020,09:27:09,2045.9,2117.2,20,2182.45,20,0,440
BANKNIFTY27FEB2030000CE.NFO,07/01/2020,09:27:10,2045.9,2108.5,20,2214.3,20,0,440
BANKNIFTY27FEB2030000CE.NFO,07/01/2020,09:27:11,2045.9,2117.4,20,2188.55,20,0,440
BANKNIFTY27FEB2030000CE.NFO,07/01/2020,09:27:12,2045.9,2117.5,20,2177.25,20,0,440
BANKNIFTY27FEB2030000CE.NFO,07/01/2020,09:27:13,2045.9,2117.6,20,2184.95,20,0,440
BANKNIFTY27FEB2030000CE.NFO,07/01/2020,09:27:15,2045.9,2129.75,20,2209.45,20,0,440
BANKNIFTY27FEB2030000CE.NFO,07/01/2020,09:27:16,2045.9,2125.8,20,2196.85,20,0,440
BANKNIFTY27FEB2030000CE.NFO,07/01/2020,09:27:17,2045.9,2098.85,20,2195.35,20,0,440
BANKNIFTY27FEB2030000CE.NFO,07/01/2020,09:27:18,2045.9,2095.2,20,2183.6,20,0,440
BANKNIFTY27FEB2030000CE.NFO,07/01/2020,09:27:19,2045.9,2097,20,2189,20,0,440
BANKNIFTY27FEB2030000CE.NFO,07/01/2020,09:27:21,2045.9,2097.9,40,2205.6,20,0,440
BANKNIFTY27FEB2030000CE.NFO,07/01/2020,09:27:22,2045.9,2097.9,40,2193.3,20,0,440
BANKNIFTY27FEB2030000CE.NFO,07/01/2020,09:27:23,2045.9,2097.9,40,2188.8,20,0,440
BANKNIFTY27FEB2030000CE.NFO,07/01/2020,09:27:24,2045.9,2117.05,200,2188.6,20,0,440
BANKNIFTY27FEB2030000CE.NFO,07/01/2020,09:27:25,2045.9,2102,20,2188.15,20,0,440
BANKNIFTY27FEB2030000CE.NFO,07/01/2020,09:27:27,2045.9,2102.7,20,2184.15,20,0,440
BANKNIFTY27FEB2030000CE.NFO,07/01/2020,09:27:28,2045.9,2126.8,20,2186.45,20,0,440
BANKNIFTY27FEB2030000CE.NFO,07/01/2020,09:27:29,2045.9,2117.5,20,2182.95,20,0,440
BANKNIFTY27FEB2030000CE.NFO,07/01/2020,09:27:30,2045.9,2117.6,20,2208.2,20,0,440
BANKNIFTY27FEB2030000CE.NFO,07/01/2020,09:27:31,2045.9,2127,200,2185.55,20,0,440
BANKNIFTY27FEB2030000CE.NFO,07/01/2020,09:27:33,2045.9,2117.8,20,2202.2,20,0,440
BANKNIFTY27FEB2030000CE.NFO,07/01/2020,09:27:34,2045.9,2124.8,20,2198.65,20,0,440
BANKNIFTY27FEB2030000CE.NFO,07/01/2020,09:27:35,2045.9,2118.1,20,2205.65,20,0,440
BANKNIFTY27FEB2030000CE.NFO,07/01/2020,09:27:36,2045.9,2118.2,20,2187.7,20,0,440
BANKNIFTY27FEB2030000CE.NFO,07/01/2020,09:27:37,2045.9,2118.3,20,2192.15,20,0,440
BANKNIFTY27FEB2030000CE.NFO,07/01/2020,09:27:39,2045.9,2118.5,20,2202.8,20,0,440
BANKNIFTY27FEB2030000CE.NFO,07/01/2020,09:27:40,2045.9,2102.05,20,2201.35,20,0,440
BANKNIFTY27FEB2030000CE.NFO,07/01/2020,09:27:41,2045.9,2104.1,20,2190.6,20,0,440
BANKNIFTY27FEB2030000CE.NFO,07/01/2020,09:27:42,2045.9,2104.1,20,2189.95,20,0,440
BANKNIFTY27FEB2030000CE.NFO,07/01/2020,09:27:43,2045.9,2104.25,200,2201.2,20,0,440
BANKNIFTY27FEB2030000CE.NFO,07/01/2020,09:27:44,2045.9,2120.7,20,2222.95,20,0,440
BANKNIFTY27FEB2030000CE.NFO,07/01/2020,09:27:46,2045.9,2120.8,20,2212.5,20,0,440
BANKNIFTY27FEB2030000CE.NFO,07/01/2020,09:27:47,2045.9,2120.9,20,2199.7,20,0,440
BANKNIFTY27FEB2030000CE.NFO,07/01/2020,09:27:48,2045.9,2121,20,2210.2,20,0,440
BANKNIFTY27FEB2030000CE.NFO,07/01/2020,09:27:49,2045.9,2127.35,200,2184.75,20,0,440
BANKNIFTY27FEB2030000CE.NFO,07/01/2020,09:27:50,2045.9,2127.5,20,2209.3,20,0,440
BANKNIFTY27FEB2030000CE.NFO,07/01/2020,09:27:52,2045.9,2127.55,200,2193.85,20,0,440
BANKNIFTY27FEB2030000CE.NFO,07/01/2020,09:27:53,2045.9,2133.35,20,2202.7,20,0,440
BANKNIFTY27FEB2030000CE.NFO,07/01/2020,09:27:54,2045.9,2127.8,20,2196.85,20,0,440
BANKNIFTY27FEB2030000CE.NFO,07/01/2020,09:27:55,2045.9,2133.45,200,2196.4,20,0,440
BANKNIFTY27FEB2030000CE.NFO,07/01/2020,09:27:56,2045.9,2105.25,40,2194.15,20,0,440
BANKNIFTY27FEB2030000CE.NFO,07/01/2020,09:27:57,2045.9,2105.25,40,2193.2,20,0,440
BANKNIFTY27FEB2030000CE.NFO,07/01/2020,09:27:59,2045.9,2105.25,40,2191.3,20,0,440
BANKNIFTY27FEB2030000CE.NFO,07/01/2020,09:28:00,2045.9,2105.25,40,2212.85,20,0,440
BANKNIFTY27FEB2030000CE.NFO,07/01/2020,09:28:01,2045.9,2105.25,40,2199.6,20,0,440
BANKNIFTY27FEB2030000CE.NFO,07/01/2020,09:28:02,2045.9,2105.25,40,2192.6,20,0,440
BANKNIFTY27FEB2030000CE.NFO,07/01/2020,09:28:03,2045.9,2105.35,20,2187.1,20,0,440
BANKNIFTY27FEB2030000CE.NFO,07/01/2020,09:28:04,2045.9,2121.8,20,2191.45,20,0,440
BANKNIFTY27FEB2030000CE.NFO,07/01/2020,09:28:06,2045.9,2134.1,20,2190.8,20,0,440
BANKNIFTY27FEB2030000CE.NFO,07/01/2020,09:28:07,2045.9,2132.7,20,2189.85,20,0,440
BANKNIFTY27FEB2030000CE.NFO,07/01/2020,09:28:08,2045.9,2130.55,20,2212.35,20,0,440
BANKNIFTY27FEB2030000CE.NFO,07/01/2020,09:28:09,2045.9,2130.65,20,2204.9,20,0,440
BANKNIFTY27FEB2030000CE.NFO,07/01/2020,09:28:11,2045.9,2130.75,20,2204.45,20,0,440
BANKNIFTY27FEB2030000CE.NFO,07/01/2020,09:28:12,2045.9,2095.65,40,2195.35,20,0,440
BANKNIFTY27FEB2030000CE.NFO,07/01/2020,09:28:13,2045.9,2095.65,40,2195.25,20,0,440
BANKNIFTY27FEB2030000CE.NFO,07/01/2020,09:28:14,2045.9,2095.65,40,2191.25,20,0,440
BANKNIFTY27FEB2030000CE.NFO,07/01/2020,09:28:15,2045.9,2095.65,40,2190.8,20,0,440
BANKNIFTY27FEB2030000CE.NFO,07/01/2020,09:28:16,2045.9,2095.65,40,2187.35,20,0,440
BANKNIFTY27FEB2030000CE.NFO,07/01/2020,09:28:17,2045.9,2095.65,40,2186.55,20,0,440
BANKNIFTY27FEB2030000CE.NFO,07/01/2020,09:28:19,2045.9,2095.65,40,2185.9,20,0,440
BANKNIFTY27FEB2030000CE.NFO,07/01/2020,09:28:20,2045.9,2095.65,40,2179.95,20,0,440
BANKNIFTY27FEB2030000CE.NFO,07/01/2020,09:28:21,2045.9,2095.65,40,2182.6,20,0,440
BANKNIFTY27FEB2030000CE.NFO,07/01/2020,09:28:22,2045.9,2095.65,40,2207.2,20,0,440
BANKNIFTY27FEB2030000CE.NFO,07/01/2020,09:28:23,2045.9,2121,20,2188.6,20,0,440
BANKNIFTY27FEB2030000CE.NFO,07/01/2020,09:28:25,2045.9,2095.95,20,2185.25,20,0,440
BANKNIFTY27FEB2030000CE.NFO,07/01/2020,09:28:26,2045.9,2096.05,20,2187.75,20,0,440
BANKNIFTY27FEB2030000CE.NFO,07/01/2020,09:28:27,2045.9,2096.15,20,2181.7,20,0,440
BANKNIFTY27FEB2030000CE.NFO,07/01/2020,09:28:28,2045.9,2112.15,20,2183.45,20,0,440
BANKNIFTY27FEB2030000CE.NFO,07/01/2020,09:28:29,2045.9,2120.8,20,2188.3,20,0,440
BANKNIFTY27FEB2030000CE.NFO,07/01/2020,09:28:30,2045.9,2120.95,200,2188.6,20,0,440
BANKNIFTY27FEB2030000CE.NFO,07/01/2020,09:28:32,2045.9,2093.25,20,2188.3,20,0,440
BANKNIFTY27FEB2030000CE.NFO,07/01/2020,09:28:33,2045.9,2125.6,20,2188.05,20,0,440
BANKNIFTY27FEB2030000CE.NFO,07/01/2020,09:28:34,2045.9,2093.45,20,2192.9,20,0,440
BANKNIFTY27FEB2030000CE.NFO,07/01/2020,09:28:35,2045.9,2093.25,20,2192.35,20,0,440
BANKNIFTY27FEB2030000CE.NFO,07/01/2020,09:28:36,2045.9,2093.3,200,2183.3,20,0,440
BANKNIFTY27FEB2030000CE.NFO,07/01/2020,09:28:37,2045.9,2111.1,20,2180.55,20,0,440
BANKNIFTY27FEB2030000CE.NFO,07/01/2020,09:28:39,2045.9,2111.2,20,2197.2,20,0,440
BANKNIFTY27FEB2030000CE.NFO,07/01/2020,09:28:40,2045.9,2111.3,20,2182.15,20,0,440
BANKNIFTY27FEB2030000CE.NFO,07/01/2020,09:28:41,2045.9,2111.4,20,2174.4,20,0,440
BANKNIFTY27FEB2030000CE.NFO,07/01/2020,09:28:42,2045.9,2093.85,20,2181.3,20,0,440
BANKNIFTY27FEB2030000CE.NFO,07/01/2020,09:28:43,2045.9,2093.95,20,2180.4,20,0,440
BANKNIFTY27FEB2030000CE.NFO,07/01/2020,09:28:45,2045.9,2111.7,20,2203.9,20,0,440
BANKNIFTY27FEB2030000CE.NFO,07/01/2020,09:28:46,2045.9,2111.8,20,2180.5,20,0,440
BANKNIFTY27FEB2030000CE.NFO,07/01/2020,09:28:47,2045.9,2111.9,20,2179.55,20,0,440
BANKNIFTY27FEB2030000CE.NFO,07/01/2020,09:28:48,2045.9,2112,20,2182.5,20,0,440
BANKNIFTY27FEB2030000CE.NFO,07/01/2020,09:28:49,2045.9,2120.35,20,2180.75,20,0,440
BANKNIFTY27FEB2030000CE.NFO,07/01/2020,09:28:50,2045.9,2093.25,20,2179.85,20,0,440
BANKNIFTY27FEB2030000CE.NFO,07/01/2020,09:28:51,2045.9,2093.25,20,2228.2,20,0,440
BANKNIFTY27FEB2030000CE.NFO,07/01/2020,09:28:52,2045.9,2093.25,20,2192.05,20,0,440
BANKNIFTY27FEB2030000CE.NFO,07/01/2020,09:28:54,2045.9,2093.25,20,2187.85,20,0,440
BANKNIFTY27FEB2030000CE.NFO,07/01/2020,09:28:55,2045.9,2093.25,20,2191,20,0,440
BANKNIFTY27FEB2030000CE.NFO,07/01/2020,09:28:56,2045.9,2093.25,20,2184.3,20,0,440
BANKNIFTY27FEB2030000CE.NFO,07/01/2020,09:28:57,2045.9,2093.25,20,2182.3,20,0,440
BANKNIFTY27FEB2030000CE.NFO,07/01/2020,09:28:58,2045.9,2093.25,20,2190.05,20,0,440
BANKNIFTY27FEB2030000CE.NFO,07/01/2020,09:28:59,2045.9,2093.25,20,2182.6,20,0,440
BANKNIFTY27FEB2030000CE.NFO,07/01/2020,09:29:00,2045.9,2093.25,20,2206,20,0,440
BANKNIFTY27FEB2030000CE.NFO,07/01/2020,09:29:01,2045.9,2093.25,20,2205.75,20,0,440
BANKNIFTY27FEB2030000CE.NFO,07/01/2020,09:29:03,2045.9,2093.25,20,2191.3,20,0,440
BANKNIFTY27FEB2030000CE.NFO,07/01/2020,09:29:04,2045.9,2093.25,20,2185.75,20,0,440
BANKNIFTY27FEB2030000CE.NFO,07/01/2020,09:29:05,2045.9,2093.25,20,2184.9,20,0,440
BANKNIFTY27FEB2030000CE.NFO,07/01/2020,09:29:06,2045.9,2093.25,20,2186.45,20,0,440
BANKNIFTY27FEB2030000CE.NFO,07/01/2020,09:29:07,2045.9,2093.25,20,2213.8,20,0,440
BANKNIFTY27FEB2030000CE.NFO,07/01/2020,09:29:09,2045.9,2093.25,20,2200.55,20,0,440
BANKNIFTY27FEB2030000CE.NFO,07/01/2020,09:29:10,2045.9,2093.25,20,2191.5,20,0,440
BANKNIFTY27FEB2030000CE.NFO,07/01/2020,09:29:11,2045.9,2093.25,20,2188.9,20,0,440
BANKNIFTY27FEB2030000CE.NFO,07/01/2020,09:29:12,2045.9,2093.25,20,2199.65,20,0,440
BANKNIFTY27FEB2030000CE.NFO,07/01/2020,09:29:13,2045.9,2093.25,20,2188.35,20,0,440
BANKNIFTY27FEB2030000CE.NFO,07/01/2020,09:29:15,2045.9,2093.25,20,2187.6,20,0,440
BANKNIFTY27FEB2030000CE.NFO,07/01/2020,09:29:16,2045.9,2093.25,20,2187.15,20,0,440
BANKNIFTY27FEB2030000CE.NFO,07/01/2020,09:29:17,2045.9,2093.25,20,2193.45,20,0,440
BANKNIFTY27FEB2030000CE.NFO,07/01/2020,09:29:18,2045.9,2093.25,20,2198.4,20,0,440
BANKNIFTY27FEB2030000CE.NFO,07/01/2020,09:29:19,2045.9,2093.25,20,2188.2,20,0,440
BANKNIFTY27FEB2030000CE.NFO,07/01/2020,09:29:20,2045.9,2093.35,20,2200.75,20,0,440
BANKNIFTY27FEB2030000CE.NFO,07/01/2020,09:29:22,2045.9,2093.45,20,2192.2,20,0,440
BANKNIFTY27FEB2030000CE.NFO,07/01/2020,09:29:23,2045.9,2093.55,20,2191.85,20,0,440
BANKNIFTY27FEB2030000CE.NFO,07/01/2020,09:29:24,2045.9,2114.05,200,2198.1,20,0,440
BANKNIFTY27FEB2030000CE.NFO,07/01/2020,09:29:25,2045.9,2114.2,20,2190.05,20,0,440
BANKNIFTY27FEB2030000CE.NFO,07/01/2020,09:29:26,2045.9,2113.9,20,2188.3,20,0,440
BANKNIFTY27FEB2030000CE.NFO,07/01/2020,09:29:28,2045.9,2094.05,20,2186.4,20,0,440
BANKNIFTY27FEB2030000CE.NFO,07/01/2020,09:29:29,2045.9,2123.55,20,2184.3,20,0,440
BANKNIFTY27FEB2030000CE.NFO,07/01/2020,09:29:30,2045.9,2114.3,20,2207.05,20,0,440
BANKNIFTY27FEB2030000CE.NFO,07/01/2020,09:29:31,2045.9,2094.45,20,2206.4,20,0,440
BANKNIFTY27FEB2030000CE.NFO,07/01/2020,09:29:33,2045.9,2120.75,20,2194.75,20,0,440
BANKNIFTY27FEB2030000CE.NFO,07/01/2020,09:29:34,2045.9,2112.9,20,2186.55,20,0,440
BANKNIFTY27FEB2030000CE.NFO,07/01/2020,09:29:35,2045.9,2113,20,2184.35,20,0,440
BANKNIFTY27FEB2030000CE.NFO,07/01/2020,09:29:36,2045.9,2113.1,20,2189.05,20,0,440
BANKNIFTY27FEB2030000CE.NFO,07/01/2020,09:29:37,2045.9,2113.2,20,2185.5,20,0,440
BANKNIFTY27FEB2030000CE.NFO,07/01/2020,09:29:38,2045.9,2113.3,20,2183.45,20,0,440
BANKNIFTY27FEB2030000CE.NFO,07/01/2020,09:29:40,2045.9,2095.25,20,2184.15,20,0,440
BANKNIFTY27FEB2030000CE.NFO,07/01/2020,09:29:41,2045.9,2095.45,20,2182.9,20,0,440
BANKNIFTY27FEB2030000CE.NFO,07/01/2020,09:29:42,2045.9,2120.65,20,2187.55,20,0,440
BANKNIFTY27FEB2030000CE.NFO,07/01/2020,09:29:43,2045.9,2112.4,20,2206.4,20,0,440
BANKNIFTY27FEB2030000CE.NFO,07/01/2020,09:29:44,2045.9,2095.95,20,2188.4,20,0,440
BANKNIFTY27FEB2030000CE.NFO,07/01/2020,09:29:46,2045.9,2096.05,20,2187.95,20,0,440
BANKNIFTY27FEB2030000CE.NFO,07/01/2020,09:29:47,2045.9,2096.15,20,2187.5,20,0,440
BANKNIFTY27FEB2030000CE.NFO,07/01/2020,09:29:48,2045.9,2096.25,20,2187.05,20,0,440
BANKNIFTY27FEB2030000CE.NFO,07/01/2020,09:29:49,2045.9,2125.4,20,2185.15,20,0,440
BANKNIFTY27FEB2030000CE.NFO,07/01/2020,09:29:50,2045.9,2121.25,20,2205.75,20,0,440
BANKNIFTY27FEB2030000CE.NFO,07/01/2020,09:29:51,2045.9,2121.35,20,2188.7,20,0,440
BANKNIFTY27FEB2030000CE.NFO,07/01/2020,09:29:53,2045.9,2112.05,20,2184.15,20,0,440
BANKNIFTY27FEB2030000CE.NFO,07/01/2020,09:29:54,2045.9,2112.15,20,2183.7,20,0,440
BANKNIFTY27FEB2030000CE.NFO,07/01/2020,09:29:55,2045.9,2112.25,20,2187.15,20,0,440
BANKNIFTY27FEB2030000CE.NFO,07/01/2020,09:29:56,2045.9,2112.35,20,2184.65,20,0,440
BANKNIFTY27FEB2030000CE.NFO,07/01/2020,09:29:57,2045.9,2112.45,20,2197.1,20,0,440
BANKNIFTY27FEB2030000CE.NFO,07/01/2020,09:29:58,2045.9,2112.55,20,2189.75,20,0,440
BANKNIFTY27FEB2030000CE.NFO,07/01/2020,09:29:59,2045.9,2093.25,20,2195,20,0,440
BANKNIFTY27FEB2030000CE.NFO,07/01/2020,09:30:00,2045.9,2093.25,20,2186.9,20,0,440
BANKNIFTY27FEB2030000CE.NFO,07/01/2020,09:30:01,2045.9,2093.25,20,2192.85,20,0,440
BANKNIFTY27FEB2030000CE.NFO,07/01/2020,09:30:03,2045.9,2125.45,20,2187.65,20,0,440
BANKNIFTY27FEB2030000CE.NFO,07/01/2020,09:30:04,2045.9,2114.7,20,2187,20,0,440
BANKNIFTY27FEB2030000CE.NFO,07/01/2020,09:30:05,2045.9,2114.8,20,2198.7,20,0,440
BANKNIFTY27FEB2030000CE.NFO,07/01/2020,09:30:06,2045.9,2126,200,2198.3,20,0,440
BANKNIFTY27FEB2030000CE.NFO,07/01/2020,09:30:07,2045.9,2132.35,20,2187,20,0,440
BANKNIFTY27FEB2030000CE.NFO,07/01/2020,09:30:08,2045.9,2115.2,20,2209.55,20,0,440
BANKNIFTY27FEB2030000CE.NFO,07/01/2020,09:30:10,2045.9,2115.3,20,2187.75,20,0,440
BANKNIFTY27FEB2030000CE.NFO,07/01/2020,09:30:11,2045.9,2128.2,20,2217.9,20,0,440
BANKNIFTY27FEB2030000CE.NFO,07/01/2020,09:30:12,2045.9,2128.3,20,2203.6,20,0,440
BANKNIFTY27FEB2030000CE.NFO,07/01/2020,09:30:13,2045.9,2128.4,20,2203.2,20,0,440
BANKNIFTY27FEB2030000CE.NFO,07/01/2020,09:30:14,2045.9,2128.6,20,2197.5,20,0,440
BANKNIFTY27FEB2030000CE.NFO,07/01/2020,09:30:15,2045.9,2128.7,20,2193.25,20,0,440
BANKNIFTY27FEB2030000CE.NFO,07/01/2020,09:30:17,2045.9,2136.3,20,2196.5,20,0,440
BANKNIFTY27FEB2030000CE.NFO,07/01/2020,09:30:18,2045.9,2136.4,20,2192.35,20,0,440
BANKNIFTY27FEB2030000CE.NFO,07/01/2020,09:30:19,2045.9,2136.5,20,2192.1,20,0,440
BANKNIFTY27FEB2030000CE.NFO,07/01/2020,09:30:20,2045.9,2129.1,20,2214.15,20,0,440
BANKNIFTY27FEB2030000CE.NFO,07/01/2020,09:30:21,2045.9,2129.2,20,2205.1,20,0,440
BANKNIFTY27FEB2030000CE.NFO,07/01/2020,09:30:22,2045.9,2129.3,20,2204.5,20,0,440
BANKNIFTY27FEB2030000CE.NFO,07/01/2020,09:30:24,2045.9,2141.85,20,2197,20,0,440
BANKNIFTY27FEB2030000CE.NFO,07/01/2020,09:30:25,2045.9,2098.3,20,2196.65,20,0,440
BANKNIFTY27FEB2030000CE.NFO,07/01/2020,09:30:26,2045.9,2097.8,20,2194.65,20,0,440
BANKNIFTY27FEB2030000CE.NFO,07/01/2020,09:30:27,2045.9,2100.35,20,2216.85,20,0,440
BANKNIFTY27FEB2030000CE.NFO,07/01/2020,09:30:28,2045.9,2100.9,40,2216.3,20,0,440
BANKNIFTY27FEB2030000CE.NFO,07/01/2020,09:30:30,2045.9,2125.6,20,2201.4,20,0,440
BANKNIFTY27FEB2030000CE.NFO,07/01/2020,09:30:31,2045.9,2125.8,200,2203.5,20,0,440
BANKNIFTY27FEB2030000CE.NFO,07/01/2020,09:30:32,2045.9,2125.95,20,2211.2,20,0,440
BANKNIFTY27FEB2030000CE.NFO,07/01/2020,09:30:33,2045.9,2126.05,20,2221.45,20,0,440
BANKNIFTY27FEB2030000CE.NFO,07/01/2020,09:30:34,2045.9,2126.15,20,2220.85,20,0,440
BANKNIFTY27FEB2030000CE.NFO,07/01/2020,09:30:36,2045.9,2138.75,20,2220.4,20,0,440
BANKNIFTY27FEB2030000CE.NFO,07/01/2020,09:30:37,2045.9,2126.35,20,2200.3,20,0,440
BANKNIFTY27FEB2030000CE.NFO,07/01/2020,09:30:38,2045.9,2139.05,20,2212.2,20,0,440
BANKNIFTY27FEB2030000CE.NFO,07/01/2020,09:30:39,2045.9,2097.75,20,2203.35,20,0,440
BANKNIFTY27FEB2030000CE.NFO,07/01/2020,09:30:41,2045.9,2102.65,20,2244.9,20,0,440
BANKNIFTY27FEB2030000CE.NFO,07/01/2020,09:30:42,2045.9,2103.1,20,2213.15,20,0,440
BANKNIFTY27FEB2030000CE.NFO,07/01/2020,09:30:59,2045.9,2103.15,200,2213.15,20,0,440
BANKNIFTY27FEB2030000CE.NFO,07/01/2020,09:31:09,2045.9,2103.2,120,2213.15,20,0,440
BANKNIFTY27FEB2030000CE.NFO,07/01/2020,09:31:10,2045.9,2103.15,200,2213.15,20,0,440
BANKNIFTY27FEB2030000CE.NFO,07/01/2020,09:31:16,2045.9,2103.15,200,2213.2,20,0,440
BANKNIFTY27FEB2030000CE.NFO,07/01/2020,09:31:17,2045.9,2103.25,200,2213.15,20,0,440
BANKNIFTY27FEB2030000CE.NFO,07/01/2020,09:31:18,2045.9,2103.2,40,2213.15,20,0,440
BANKNIFTY27FEB2030000CE.NFO,07/01/2020,09:31:19,2045.9,2103.4,180,2213.15,20,0,440
BANKNIFTY27FEB2030000CE.NFO,07/01/2020,09:31:21,2045.9,2103.6,180,2213.15,20,0,440
BANKNIFTY27FEB2030000CE.NFO,07/01/2020,09:31:22,2045.9,2103.8,140,2213.15,20,0,440
BANKNIFTY27FEB2030000CE.NFO,07/01/2020,09:31:23,2045.9,2104,140,2213.15,20,0,440
BANKNIFTY27FEB2030000CE.NFO,07/01/2020,09:31:24,2045.9,2104.2,140,2213.15,20,0,440
BANKNIFTY27FEB2030000CE.NFO,07/01/2020,09:31:25,2045.9,2104.5,120,2213.15,20,0,440
BANKNIFTY27FEB2030000CE.NFO,07/01/2020,09:31:27,2045.9,2104.6,140,2213.15,20,0,440
BANKNIFTY27FEB2030000CE.NFO,07/01/2020,09:31:28,2045.9,2104.9,180,2213.15,20,0,440
BANKNIFTY27FEB2030000CE.NFO,07/01/2020,09:31:29,2045.9,2105.1,180,2213.15,20,0,440
BANKNIFTY27FEB2030000CE.NFO,07/01/2020,09:31:30,2045.9,2105.3,180,2213.15,20,0,440
BANKNIFTY27FEB2030000CE.NFO,07/01/2020,09:31:32,2045.9,2105.5,180,2213.15,20,0,440
BANKNIFTY27FEB2030000CE.NFO,07/01/2020,09:31:33,2045.9,2105.7,140,2213.15,20,0,440
BANKNIFTY27FEB2030000CE.NFO,07/01/2020,09:31:34,2045.9,2105.9,180,2213.15,20,0,440
BANKNIFTY27FEB2030000CE.NFO,07/01/2020,09:31:35,2045.9,2106.1,200,2213.15,20,0,440
BANKNIFTY27FEB2030000CE.NFO,07/01/2020,09:31:36,2045.9,2106.3,160,2213.15,20,0,440
BANKNIFTY27FEB2030000CE.NFO,07/01/2020,09:31:37,2045.9,2106.5,220,2213.15,20,0,440
BANKNIFTY27FEB2030000CE.NFO,07/01/2020,09:31:39,2045.9,2106.7,200,2213.15,20,0,440
BANKNIFTY27FEB2030000CE.NFO,07/01/2020,09:31:40,2045.9,2106.9,220,2213.15,20,0,440
BANKNIFTY27FEB2030000CE.NFO,07/01/2020,09:31:41,2045.9,2107.2,280,2213.15,20,0,440
BANKNIFTY27FEB2030000CE.NFO,07/01/2020,09:31:42,2045.9,2107.3,160,2213.15,20,0,440
BANKNIFTY27FEB2030000CE.NFO,07/01/2020,09:31:44,2045.9,2107.5,220,2213.15,20,0,440
BANKNIFTY27FEB2030000CE.NFO,07/01/2020,09:31:45,2045.9,2107.7,220,2213.15,20,0,440
BANKNIFTY27FEB2030000CE.NFO,07/01/2020,09:31:46,2045.9,2108,200,2213.15,20,0,440
BANKNIFTY27FEB2030000CE.NFO,07/01/2020,09:31:47,2045.9,2108.2,220,2213.15,20,0,440
BANKNIFTY27FEB2030000CE.NFO,07/01/2020,09:31:49,2045.9,2108.3,200,2213.15,20,0,440
BANKNIFTY27FEB2030000CE.NFO,07/01/2020,09:31:50,2045.9,2108.9,20,2213.25,20,0,440
BANKNIFTY27FEB2030000CE.NFO,07/01/2020,09:31:51,2045.9,2110.15,240,2213.25,20,0,440
BANKNIFTY27FEB2030000CE.NFO,07/01/2020,09:31:52,2045.9,2110.8,200,2213.25,20,0,440
BANKNIFTY27FEB2030000CE.NFO,07/01/2020,09:31:54,2045.9,2111.05,20,2213.25,20,0,440
BANKNIFTY27FEB2030000CE.NFO,07/01/2020,09:31:55,2045.9,2111.2,20,2213.25,20,0,440
BANKNIFTY27FEB2030000CE.NFO,07/01/2020,09:31:56,2045.9,2111.35,20,2213.25,20,0,440
BANKNIFTY27FEB2030000CE.NFO,07/01/2020,09:31:57,2045.9,2111.5,20,2213.25,20,0,440
BANKNIFTY27FEB2030000CE.NFO,07/01/2020,09:31:58,2045.9,2111.65,20,2213.25,20,0,440
BANKNIFTY27FEB2030000CE.NFO,07/01/2020,09:31:59,2045.9,2111.8,20,2213.25,20,0,440
BANKNIFTY27FEB2030000CE.NFO,07/01/2020,09:32:01,2045.9,2111.95,20,2213.25,20,0,440
BANKNIFTY27FEB2030000CE.NFO,07/01/2020,09:32:02,2045.9,2112.1,20,2213.25,20,0,440
BANKNIFTY27FEB2030000CE.NFO,07/01/2020,09:32:03,2045.9,2112.25,20,2213.25,20,0,440
BANKNIFTY27FEB2030000CE.NFO,07/01/2020,09:32:04,2045.9,2112.4,20,2213.25,20,0,440
BANKNIFTY27FEB2030000CE.NFO,07/01/2020,09:32:05,2045.9,2112.45,200,2213.25,20,0,440
BANKNIFTY27FEB2030000CE.NFO,07/01/2020,09:32:06,2045.9,2112.6,200,2213.25,20,0,440
BANKNIFTY27FEB2030000CE.NFO,07/01/2020,09:32:08,2045.9,2112.75,200,2213.25,20,0,440
BANKNIFTY27FEB2030000CE.NFO,07/01/2020,09:32:09,2045.9,2113,20,2213.25,20,0,440
BANKNIFTY27FEB2030000CE.NFO,07/01/2020,09:32:10,2045.9,2113.15,20,2213.25,20,0,440
BANKNIFTY27FEB2030000CE.NFO,07/01/2020,09:32:11,2045.9,2113.3,20,2213.25,20,0,440
BANKNIFTY27FEB2030000CE.NFO,07/01/2020,09:32:12,2045.9,2113.45,20,2213.25,20,0,440
BANKNIFTY27FEB2030000CE.NFO,07/01/2020,09:32:14,2045.9,2113.6,20,2213.25,20,0,440
BANKNIFTY27FEB2030000CE.NFO,07/01/2020,09:32:15,2045.9,2113.75,20,2213.25,20,0,440
BANKNIFTY27FEB2030000CE.NFO,07/01/2020,09:32:16,2045.9,2113.9,20,2213.25,20,0,440
BANKNIFTY27FEB2030000CE.NFO,07/01/2020,09:32:17,2045.9,2114.05,20,2213.25,20,0,440
BANKNIFTY27FEB2030000CE.NFO,07/01/2020,09:32:19,2045.9,2113.9,20,2213.25,20,0,440
BANKNIFTY27FEB2030000CE.NFO,07/01/2020,09:32:20,2045.9,2114.05,20,2213.25,20,0,440
BANKNIFTY27FEB2030000CE.NFO,07/01/2020,09:32:21,2045.9,2114.65,20,2213.25,20,0,440
BANKNIFTY27FEB2030000CE.NFO,07/01/2020,09:32:22,2045.9,2114.8,20,2213.25,20,0,440
BANKNIFTY27FEB2030000CE.NFO,07/01/2020,09:32:23,2045.9,2114.95,20,2213.25,20,0,440
BANKNIFTY27FEB2030000CE.NFO,07/01/2020,09:32:25,2045.9,2114.8,20,2213.25,20,0,440
BANKNIFTY27FEB2030000CE.NFO,07/01/2020,09:32:26,2045.9,2114.95,20,2213.25,20,0,440
BANKNIFTY27FEB2030000CE.NFO,07/01/2020,09:32:27,2045.9,2115.55,20,2213.25,20,0,440
BANKNIFTY27FEB2030000CE.NFO,07/01/2020,09:32:29,2045.9,2115.4,20,2213.25,20,0,440
BANKNIFTY27FEB2030000CE.NFO,07/01/2020,09:32:30,2045.9,2115.55,20,2213.25,20,0,440
BANKNIFTY27FEB2030000CE.NFO,07/01/2020,09:32:31,2045.9,2116.15,20,2213.25,20,0,440
BANKNIFTY27FEB2030000CE.NFO,07/01/2020,09:32:33,2045.9,2116,20,2213.25,20,0,440
BANKNIFTY27FEB2030000CE.NFO,07/01/2020,09:32:34,2045.9,2116.05,200,2213.25,20,0,440
BANKNIFTY27FEB2030000CE.NFO,07/01/2020,09:32:35,2045.9,2116.25,20,2213.25,20,0,440
BANKNIFTY27FEB2030000CE.NFO,07/01/2020,09:32:36,2045.9,2116.9,20,2213.25,20,0,440
BANKNIFTY27FEB2030000CE.NFO,07/01/2020,09:32:37,2045.9,2117.05,20,2213.25,20,0,440
BANKNIFTY27FEB2030000CE.NFO,07/01/2020,09:32:39,2045.9,2117.2,20,2213.25,20,0,440
BANKNIFTY27FEB2030000CE.NFO,07/01/2020,09:32:40,2045.9,2117.35,20,2213.25,20,0,440
BANKNIFTY27FEB2030000CE.NFO,07/01/2020,09:32:41,2045.9,2117.95,20,2213.25,20,0,440
BANKNIFTY27FEB2030000CE.NFO,07/01/2020,09:32:43,2045.9,2119.05,160,2213.25,20,0,440
BANKNIFTY27FEB2030000CE.NFO,07/01/2020,09:32:44,2045.9,2119.95,120,2213.25,20,0,440
BANKNIFTY27FEB2030000CE.NFO,07/01/2020,09:32:45,2045.9,2121.3,180,2213.25,20,0,440
BANKNIFTY27FEB2030000CE.NFO,07/01/2020,09:32:46,2045.9,2122.2,180,2213.25,20,0,440
BANKNIFTY27FEB2030000CE.NFO,07/01/2020,09:32:47,2045.9,2122.5,20,2213.25,20,0,440
BANKNIFTY27FEB2030000CE.NFO,07/01/2020,09:32:50,2045.9,2122.85,200,2213.25,20,0,440
BANKNIFTY27FEB2030000CE.NFO,07/01/2020,09:32:51,2045.9,2123.1,20,2213.25,20,0,440
BANKNIFTY27FEB2030000CE.NFO,07/01/2020,09:32:52,2045.9,2123.25,20,2213.25,20,0,440
BANKNIFTY27FEB2030000CE.NFO,07/01/2020,09:32:53,2045.9,2123.4,20,2213.25,20,0,440
BANKNIFTY27FEB2030000CE.NFO,07/01/2020,09:32:54,2045.9,2123.55,20,2213.25,20,0,440
BANKNIFTY27FEB2030000CE.NFO,07/01/2020,09:32:55,2045.9,2123.7,20,2213.25,20,0,440
BANKNIFTY27FEB2030000CE.NFO,07/01/2020,09:32:57,2045.9,2123.85,20,2213.25,20,0,440
BANKNIFTY27FEB2030000CE.NFO,07/01/2020,09:32:58,2045.9,2124,20,2213.25,20,0,440
BANKNIFTY27FEB2030000CE.NFO,07/01/2020,09:32:59,2045.9,2124.15,20,2213.25,20,0,440
BANKNIFTY27FEB2030000CE.NFO,07/01/2020,09:33:00,2045.9,2124.3,20,2213.25,20,0,440
BANKNIFTY27FEB2030000CE.NFO,07/01/2020,09:33:02,2045.9,2124.45,20,2213.25,20,0,440
BANKNIFTY27FEB2030000CE.NFO,07/01/2020,09:33:04,2045.9,2124.6,20,2213.25,20,0,440
BANKNIFTY27FEB2030000CE.NFO,07/01/2020,09:33:05,2045.9,2124.75,20,2213.25,20,0,440
BANKNIFTY27FEB2030000CE.NFO,07/01/2020,09:33:06,2045.9,2125.2,20,2213.25,20,0,440
BANKNIFTY27FEB2030000CE.NFO,07/01/2020,09:33:07,2045.9,2125.35,20,2213.25,20,0,440
BANKNIFTY27FEB2030000CE.NFO,07/01/2020,09:33:08,2045.9,2125.5,20,2213.25,20,0,440
BANKNIFTY27FEB2030000CE.NFO,07/01/2020,09:33:09,2045.9,2125.65,20,2213.25,20,0,440
BANKNIFTY27FEB2030000CE.NFO,07/01/2020,09:33:12,2045.9,2125.8,20,2213.25,20,0,440
BANKNIFTY27FEB2030000CE.NFO,07/01/2020,09:33:13,2045.9,2125.95,20,2213.25,20,0,440
BANKNIFTY27FEB2030000CE.NFO,07/01/2020,09:33:14,2045.9,2126.1,20,2213.25,20,0,440
BANKNIFTY27FEB2030000CE.NFO,07/01/2020,09:33:15,2045.9,2126.5,20,2213.25,20,0,440
BANKNIFTY27FEB2030000CE.NFO,07/01/2020,09:33:16,2045.9,2126.8,20,2213.25,20,0,440
BANKNIFTY27FEB2030000CE.NFO,07/01/2020,09:33:18,2045.9,2127.1,20,2213.25,20,0,440
BANKNIFTY27FEB2030000CE.NFO,07/01/2020,09:33:19,2045.9,2127.4,20,2213.25,20,0,440
BANKNIFTY27FEB2030000CE.NFO,07/01/2020,09:33:20,2045.9,2127.55,20,2213.25,20,0,440
BANKNIFTY27FEB2030000CE.NFO,07/01/2020,09:33:21,2045.9,2127.85,20,2213.25,20,0,440
BANKNIFTY27FEB2030000CE.NFO,07/01/2020,09:33:22,2045.9,2128.05,200,2213.25,20,0,440
BANKNIFTY27FEB2030000CE.NFO,07/01/2020,09:33:23,2045.9,2128.3,20,2213.25,20,0,440
BANKNIFTY27FEB2030000CE.NFO,07/01/2020,09:33:24,2045.9,2128.6,20,2717.35,140,0,440
BANKNIFTY27FEB2030000CE.NFO,07/01/2020,09:33:25,2045.9,2128.9,20,2717.4,2420,0,440
BANKNIFTY27FEB2030000CE.NFO,07/01/2020,09:33:27,2045.9,2129.05,20,2717.35,140,0,440
BANKNIFTY27FEB2030000CE.NFO,07/01/2020,09:33:28,2045.9,2129.35,20,2717.3,2420,0,440
BANKNIFTY27FEB2030000CE.NFO,07/01/2020,09:33:29,2045.9,2129.5,20,2717.25,120,0,440
BANKNIFTY27FEB2030000CE.NFO,07/01/2020,09:33:30,2045.9,2129.7,200,2717.25,200,0,440
BANKNIFTY27FEB2030000CE.NFO,07/01/2020,09:33:31,2045.9,2129.95,20,2717.25,140,0,440
BANKNIFTY27FEB2030000CE.NFO,07/01/2020,09:33:32,2045.9,2130.25,20,2717.25,200,0,440
BANKNIFTY27FEB2030000CE.NFO,07/01/2020,09:33:33,2045.9,2130.4,20,2717.2,2420,0,440
BANKNIFTY27FEB2030000CE.NFO,07/01/2020,09:33:34,2045.9,2130.7,20,2717.2,2420,0,440
BANKNIFTY27FEB2030000CE.NFO,07/01/2020,09:33:35,2045.9,2130.85,20,2717.1,2420,0,440
BANKNIFTY27FEB2030000CE.NFO,07/01/2020,09:33:37,2045.9,2131.15,20,2717.1,2420,0,440
BANKNIFTY27FEB2030000CE.NFO,07/01/2020,09:33:38,2045.9,2131.35,200,2717.1,2420,0,440
BANKNIFTY27FEB2030000CE.NFO,07/01/2020,09:33:39,2045.9,2131.6,20,2551.75,2000,0,440
BANKNIFTY27FEB2030000CE.NFO,07/01/2020,09:33:40,2045.9,2132.4,20,2551.75,2000,0,440
BANKNIFTY27FEB2030000CE.NFO,07/01/2020,09:33:41,2045.9,2132.05,20,2551.8,2420,0,440
BANKNIFTY27FEB2030000CE.NFO,07/01/2020,09:33:43,2045.9,2132.45,20,2551.8,2420,0,440
BANKNIFTY27FEB2030000CE.NFO,07/01/2020,09:33:44,2045.9,2132.6,20,2551.75,2000,0,440
BANKNIFTY27FEB2030000CE.NFO,07/01/2020,09:33:45,2045.9,2132.75,20,2551.7,2420,0,440
BANKNIFTY27FEB2030000CE.NFO,07/01/2020,09:33:46,2045.9,2132.9,20,2551.65,2000,0,440
BANKNIFTY27FEB2030000CE.NFO,07/01/2020,09:33:47,2045.9,2133.05,20,2551.65,2000,0,440
BANKNIFTY27FEB2030000CE.NFO,07/01/2020,09:33:48,2045.9,2133.2,20,2551.6,2420,0,440
BANKNIFTY27FEB2030000CE.NFO,07/01/2020,09:33:49,2045.9,2133.35,20,2551.55,2000,0,440
BANKNIFTY27FEB2030000CE.NFO,07/01/2020,09:33:51,2045.9,2133.5,20,2546.85,2420,0,440
BANKNIFTY27FEB2030000CE.NFO,07/01/2020,09:33:52,2045.9,2133.65,20,2546.85,2420,0,440
BANKNIFTY27FEB2030000CE.NFO,07/01/2020,09:33:53,2045.9,2134,20,2546.85,2420,0,440
BANKNIFTY27FEB2030000CE.NFO,07/01/2020,09:33:54,2045.9,2134.65,20,2546.8,2000,0,440
BANKNIFTY27FEB2030000CE.NFO,07/01/2020,09:33:55,2045.9,2155.9,20,2284,20,0,440
BANKNIFTY27FEB2030000CE.NFO,07/01/2020,09:33:57,2045.9,2156.15,20,2473.55,20,0,440
BANKNIFTY27FEB2030000CE.NFO,07/01/2020,09:33:58,2045.9,2156.3,20,2473.45,20,0,440
BANKNIFTY27FEB2030000CE.NFO,07/01/2020,09:33:59,2045.9,2156.5,200,2328.35,20,0,440
BANKNIFTY27FEB2030000CE.NFO,07/01/2020,09:34:00,2045.9,2156.15,200,2285.8,20,0,440
BANKNIFTY27FEB2030000CE.NFO,07/01/2020,09:34:01,2045.9,2157.2,20,2280.55,20,0,440
BANKNIFTY27FEB2030000CE.NFO,07/01/2020,09:34:03,2045.9,2157.6,200,2279.3,20,0,440
BANKNIFTY27FEB2030000CE.NFO,07/01/2020,09:34:04,2045.9,2114.1,140,2275.55,20,0,440
BANKNIFTY27FEB2030000CE.NFO,07/01/2020,09:34:05,2045.9,2147,20,2272.25,20,0,440
BANKNIFTY27FEB2030000CE.NFO,07/01/2020,09:34:06,2045.9,2152.5,200,2269.8,20,0,440
BANKNIFTY27FEB2030000CE.NFO,07/01/2020,09:34:08,2045.9,2149.3,200,2265.6,20,0,440
BANKNIFTY27FEB2030000CE.NFO,07/01/2020,09:34:09,2045.9,2122.9,20,2260.65,20,0,440
BANKNIFTY27FEB2030000CE.NFO,07/01/2020,09:34:10,2045.9,2101.35,100,2271.5,20,0,440
BANKNIFTY27FEB2030000CE.NFO,07/01/2020,09:34:12,2045.9,2123.8,20,2261,20,0,440
BANKNIFTY27FEB2030000CE.NFO,07/01/2020,09:34:13,2045.9,2134.55,20,2258.6,20,0,440
BANKNIFTY27FEB2030000CE.NFO,07/01/2020,09:34:14,2045.9,2134.55,220,2301.4,20,0,440
BANKNIFTY27FEB2030000CE.NFO,07/01/2020,09:34:15,2045.9,2134.55,220,2277,20,0,440
BANKNIFTY27FEB2030000CE.NFO,07/01/2020,09:34:16,2045.9,2134.55,220,2275.25,20,0,440
BANKNIFTY27FEB2030000CE.NFO,07/01/2020,09:34:17,2045.9,2134.55,220,2273.25,20,0,440
BANKNIFTY27FEB2030000CE.NFO,07/01/2020,09:34:19,2045.9,2134.55,220,2269.35,20,0,440
BANKNIFTY27FEB2030000CE.NFO,07/01/2020,09:34:20,2045.9,2134.55,220,2311.1,20,0,440
BANKNIFTY27FEB2030000CE.NFO,07/01/2020,09:34:21,2045.9,2134.55,220,2265.7,20,0,440
BANKNIFTY27FEB2030000CE.NFO,07/01/2020,09:34:22,2045.9,2134.55,220,2260,20,0,440
BANKNIFTY27FEB2030000CE.NFO,07/01/2020,09:34:23,2045.9,2134.55,220,2256.8,20,0,440
BANKNIFTY27FEB2030000CE.NFO,07/01/2020,09:34:25,2045.9,2134.55,220,2255.8,20,0,440
BANKNIFTY27FEB2030000CE.NFO,07/01/2020,09:34:26,2045.9,2134.55,220,2254.55,20,0,440
BANKNIFTY27FEB2030000CE.NFO,07/01/2020,09:34:27,2045.9,2134.55,220,2249.65,20,0,440
BANKNIFTY27FEB2030000CE.NFO,07/01/2020,09:34:28,2045.9,2134.55,220,2267.4,20,0,440
BANKNIFTY27FEB2030000CE.NFO,07/01/2020,09:34:29,2045.9,2134.55,220,2277.4,20,0,440
BANKNIFTY27FEB2030000CE.NFO,07/01/2020,09:34:31,2045.9,2134.55,200,2266.1,20,0,440
BANKNIFTY27FEB2030000CE.NFO,07/01/2020,09:34:32,2045.9,2112.85,20,2266.85,20,0,440
BANKNIFTY27FEB2030000CE.NFO,07/01/2020,09:34:33,2045.9,2093.55,80,2263.85,20,0,440
BANKNIFTY27FEB2030000CE.NFO,07/01/2020,09:34:34,2045.9,2113.05,200,2257.9,20,0,440
BANKNIFTY27FEB2030000CE.NFO,07/01/2020,09:34:36,2045.9,2122.55,20,2301.35,20,0,440
BANKNIFTY27FEB2030000CE.NFO,07/01/2020,09:34:37,2045.9,2122.65,20,2256.05,20,0,440
BANKNIFTY27FEB2030000CE.NFO,07/01/2020,09:34:38,2045.9,2122.7,200,2255.5,20,0,440
BANKNIFTY27FEB2030000CE.NFO,07/01/2020,09:34:39,2045.9,2127.35,20,2251.9,20,0,440
BANKNIFTY27FEB2030000CE.NFO,07/01/2020,09:34:40,2045.9,2127.45,20,2296.9,20,0,440
BANKNIFTY27FEB2030000CE.NFO,07/01/2020,09:34:41,2045.9,2113.7,20,2249.7,20,0,440
BANKNIFTY27FEB2030000CE.NFO,07/01/2020,09:34:43,2045.9,2113.8,20,2255.15,20,0,440
BANKNIFTY27FEB2030000CE.NFO,07/01/2020,09:34:44,2045.9,2113.9,20,2250.8,20,0,440
BANKNIFTY27FEB2030000CE.NFO,07/01/2020,09:34:45,2045.9,2114,20,2248.95,20,0,440
BANKNIFTY27FEB2030000CE.NFO,07/01/2020,09:34:46,2045.9,2114.1,20,2266,20,0,440
BANKNIFTY27FEB2030000CE.NFO,07/01/2020,09:34:47,2045.9,2118.6,20,2287.55,20,0,440
BANKNIFTY27FEB2030000CE.NFO,07/01/2020,09:34:48,2045.9,2122.5,20,2269.3,20,0,440
BANKNIFTY27FEB2030000CE.NFO,07/01/2020,09:34:49,2045.9,2118.8,20,2271.45,20,0,440
BANKNIFTY27FEB2030000CE.NFO,07/01/2020,09:34:51,2045.9,2121.25,20,2264.15,20,0,440
BANKNIFTY27FEB2030000CE.NFO,07/01/2020,09:34:52,2045.9,2118.95,200,2264.85,20,0,440
BANKNIFTY27FEB2030000CE.NFO,07/01/2020,09:34:53,2045.9,2119.1,20,2261.7,20,0,440
BANKNIFTY27FEB2030000CE.NFO,07/01/2020,09:34:54,2045.9,2124.75,20,2259.7,20,0,440
BANKNIFTY27FEB2030000CE.NFO,07/01/2020,09:34:55,2045.9,2119.3,20,2252.25,20,0,440
BANKNIFTY27FEB2030000CE.NFO,07/01/2020,09:34:57,2045.9,2119.4,20,2263.55,20,0,440
BANKNIFTY27FEB2030000CE.NFO,07/01/2020,09:34:58,2045.9,2119.5,20,2345.95,20,0,440
BANKNIFTY27FEB2030000CE.NFO,07/01/2020,09:34:59,2045.9,2115.3,20,2258.55,20,0,440
BANKNIFTY27FEB2030000CE.NFO,07/01/2020,09:35:00,2045.9,2119.7,20,2253.15,20,0,440
BANKNIFTY27FEB2030000CE.NFO,07/01/2020,09:35:01,2045.9,2119.8,20,2251.15,20,0,440
BANKNIFTY27FEB2030000CE.NFO,07/01/2020,09:35:03,2045.9,2115.6,20,2249.55,20,0,440
BANKNIFTY27FEB2030000CE.NFO,07/01/2020,09:35:04,2045.9,2115.7,20,2248.3,20,0,440
BANKNIFTY27FEB2030000CE.NFO,07/01/2020,09:35:05,2045.9,2125.25,20,2439.5,20,0,440
BANKNIFTY27FEB2030000CE.NFO,07/01/2020,09:35:06,2045.9,2125.6,20,2289.35,20,0,440
BANKNIFTY27FEB2030000CE.NFO,07/01/2020,09:35:07,2045.9,2120.4,20,2268.1,20,0,440
BANKNIFTY27FEB2030000CE.NFO,07/01/2020,09:35:09,2045.9,2120.5,20,2259.55,20,0,440
BANKNIFTY27FEB2030000CE.NFO,07/01/2020,09:35:10,2045.9,2120.6,20,2259,20,0,440
BANKNIFTY27FEB2030000CE.NFO,07/01/2020,09:35:11,2045.9,2122.05,200,2264.75,20,0,440
BANKNIFTY27FEB2030000CE.NFO,07/01/2020,09:35:12,2045.9,2122.15,200,2264.35,20,0,440
BANKNIFTY27FEB2030000CE.NFO,07/01/2020,09:35:13,2045.9,2126.4,20,2257.05,20,0,440
BANKNIFTY27FEB2030000CE.NFO,07/01/2020,09:35:14,2045.9,2125.25,20,2263.55,20,0,440
BANKNIFTY27FEB2030000CE.NFO,07/01/2020,09:35:16,2045.9,2125.35,20,2255.9,20,0,440
BANKNIFTY27FEB2030000CE.NFO,07/01/2020,09:35:17,2045.9,2125.45,20,2257.8,20,0,440
BANKNIFTY27FEB2030000CE.NFO,07/01/2020,09:35:18,2045.9,2125.55,20,2253.6,20,0,440
BANKNIFTY27FEB2030000CE.NFO,07/01/2020,09:35:19,2045.9,2126.25,20,2343.2,20,0,440
BANKNIFTY27FEB2030000CE.NFO,07/01/2020,09:35:20,2045.9,2126.6,20,2260.5,20,0,440
BANKNIFTY27FEB2030000CE.NFO,07/01/2020,09:35:21,2045.9,2126.75,20,2258.25,20,0,440
BANKNIFTY27FEB2030000CE.NFO,07/01/2020,09:35:22,2045.9,2126.9,200,2256.2,20,0,440
BANKNIFTY27FEB2030000CE.NFO,07/01/2020,09:35:24,2045.9,2126.9,200,2253.95,20,0,440
BANKNIFTY27FEB2030000CE.NFO,07/01/2020,09:35:25,2045.9,2126.9,200,2251.9,20,0,440
BANKNIFTY27FEB2030000CE.NFO,07/01/2020,09:35:26,2045.9,2126.9,200,2249.9,20,0,440
BANKNIFTY27FEB2030000CE.NFO,07/01/2020,09:35:27,2045.9,2126.9,200,2247.2,20,0,440
BANKNIFTY27FEB2030000CE.NFO,07/01/2020,09:35:28,2045.9,2126.9,200,2246,20,0,440
BANKNIFTY27FEB2030000CE.NFO,07/01/2020,09:35:29,2045.9,2106.85,20,2244.8,20,0,440
BANKNIFTY27FEB2030000CE.NFO,07/01/2020,09:35:30,2045.9,2106.9,220,2248.55,20,0,440
BANKNIFTY27FEB2030000CE.NFO,07/01/2020,09:35:32,2045.9,2106.9,220,2304.35,20,0,440
BANKNIFTY27FEB2030000CE.NFO,07/01/2020,09:35:33,2045.9,2106.9,220,2280.25,20,0,440
BANKNIFTY27FEB2030000CE.NFO,07/01/2020,09:35:34,2045.9,2106.9,220,2258.2,20,0,440
BANKNIFTY27FEB2030000CE.NFO,07/01/2020,09:35:35,2045.9,2106.9,220,2254.05,20,0,440
BANKNIFTY27FEB2030000CE.NFO,07/01/2020,09:35:36,2045.9,2106.9,220,2251.95,20,0,440
BANKNIFTY27FEB2030000CE.NFO,07/01/2020,09:35:37,2045.9,2106.9,220,2296.8,20,0,440
BANKNIFTY27FEB2030000CE.NFO,07/01/2020,09:35:39,2045.9,2106.9,220,2253.05,20,0,440
BANKNIFTY27FEB2030000CE.NFO,07/01/2020,09:35:40,2045.9,2106.9,220,2247.65,20,0,440
BANKNIFTY27FEB2030000CE.NFO,07/01/2020,09:35:41,2045.9,2106.9,220,2242.35,20,0,440
BANKNIFTY27FEB2030000CE.NFO,07/01/2020,09:35:42,2045.9,2106.9,220,2238.75,20,0,440
BANKNIFTY27FEB2030000CE.NFO,07/01/2020,09:35:44,2045.9,2106.9,200,2258.6,20,0,440
BANKNIFTY27FEB2030000CE.NFO,07/01/2020,09:35:45,2045.9,2099.65,200,2237.7,20,0,440
BANKNIFTY27FEB2030000CE.NFO,07/01/2020,09:35:46,2045.9,2101.8,20,2249.45,20,0,440
BANKNIFTY27FEB2030000CE.NFO,07/01/2020,09:35:47,2045.9,2093.6,20,2269.9,20,0,440
BANKNIFTY27FEB2030000CE.NFO,07/01/2020,09:35:49,2045.9,2104.1,20,2247.3,20,0,440
BANKNIFTY27FEB2030000CE.NFO,07/01/2020,09:35:50,2045.9,2107.35,20,2243.7,20,0,440
BANKNIFTY27FEB2030000CE.NFO,07/01/2020,09:35:51,2045.9,2093.9,20,2247.2,20,0,440
BANKNIFTY27FEB2030000CE.NFO,07/01/2020,09:35:52,2045.9,2094,20,2245.55,20,0,440
BANKNIFTY27FEB2030000CE.NFO,07/01/2020,09:35:54,2045.9,2094.1,20,2244.45,20,0,440
BANKNIFTY27FEB2030000CE.NFO,07/01/2020,09:35:55,2045.9,2094.2,20,2243.8,20,0,440
BANKNIFTY27FEB2030000CE.NFO,07/01/2020,09:35:56,2045.9,2094.35,200,2243.05,20,0,440
BANKNIFTY27FEB2030000CE.NFO,07/01/2020,09:35:57,2045.9,2094.35,200,2242.95,20,0,440
BANKNIFTY27FEB2030000CE.NFO,07/01/2020,09:36:02,2045.9,2103.2,20,2263.85,20,0,440
BANKNIFTY27FEB2030000CE.NFO,07/01/2020,09:36:03,2045.9,2103.3,20,2247,20,0,440
BANKNIFTY27FEB2030000CE.NFO,07/01/2020,09:36:05,2045.9,2103.4,20,2245.75,20,0,440
BANKNIFTY27FEB2030000CE.NFO,07/01/2020,09:36:06,2045.9,2103.5,20,2244.65,20,0,440
BANKNIFTY27FEB2030000CE.NFO,07/01/2020,09:36:07,2045.9,2109.5,20,2240.6,20,0,440
BANKNIFTY27FEB2030000CE.NFO,07/01/2020,09:36:08,2045.9,2108.15,200,2238.25,20,0,440
BANKNIFTY27FEB2030000CE.NFO,07/01/2020,09:36:09,2045.9,2108.55,200,2268.55,20,0,440
BANKNIFTY27FEB2030000CE.NFO,07/01/2020,09:36:11,2045.9,2113.2,20,2248.35,20,0,440
BANKNIFTY27FEB2030000CE.NFO,07/01/2020,09:36:12,2045.9,2104.45,200,2245.8,20,0,440
BANKNIFTY27FEB2030000CE.NFO,07/01/2020,09:36:13,2045.9,2115.7,20,2250.9,20,0,440
BANKNIFTY27FEB2030000CE.NFO,07/01/2020,09:36:14,2045.9,2111.7,20,2244.3,20,0,440
BANKNIFTY27FEB2030000CE.NFO,07/01/2020,09:36:15,2045.9,2104.8,20,2243.3,20,0,440
BANKNIFTY27FEB2030000CE.NFO,07/01/2020,09:36:17,2045.9,2104.9,20,2242.3,20,0,440
BANKNIFTY27FEB2030000CE.NFO,07/01/2020,09:36:18,2045.9,2105,20,2241.35,20,0,440
BANKNIFTY27FEB2030000CE.NFO,07/01/2020,09:36:19,2045.9,2105.1,20,2240,20,0,440
BANKNIFTY27FEB2030000CE.NFO,07/01/2020,09:36:20,2045.9,2105.2,20,2262.1,20,0,440
BANKNIFTY27FEB2030000CE.NFO,07/01/2020,09:36:21,2045.9,2112.85,20,2244.3,20,0,440
BANKNIFTY27FEB2030000CE.NFO,07/01/2020,09:36:23,2045.9,2112.9,200,2253.5,20,0,440
BANKNIFTY27FEB2030000CE.NFO,07/01/2020,09:36:24,2045.9,2107.75,20,2250.95,20,0,440
BANKNIFTY27FEB2030000CE.NFO,07/01/2020,09:36:25,2045.9,2108.25,200,2258.7,20,0,440
BANKNIFTY27FEB2030000CE.NFO,07/01/2020,09:36:26,2045.9,2108.4,20,2254.85,20,0,440
BANKNIFTY27FEB2030000CE.NFO,07/01/2020,09:36:28,2045.9,2108.5,20,2249.2,20,0,440
BANKNIFTY27FEB2030000CE.NFO,07/01/2020,09:36:29,2045.9,2108.6,20,2291.85,20,0,440
BANKNIFTY27FEB2030000CE.NFO,07/01/2020,09:36:30,2045.9,2108.7,20,2257.45,20,0,440
BANKNIFTY27FEB2030000CE.NFO,07/01/2020,09:36:31,2045.9,2108.8,20,2251.1,20,0,440
BANKNIFTY27FEB2030000CE.NFO,07/01/2020,09:36:32,2045.9,2108.9,20,2250.6,20,0,440
BANKNIFTY27FEB2030000CE.NFO,07/01/2020,09:36:34,2045.9,2109,20,2246.35,20,0,440
BANKNIFTY27FEB2030000CE.NFO,07/01/2020,09:36:35,2045.9,2109.1,20,2268.4,20,0,440
BANKNIFTY27FEB2030000CE.NFO,07/01/2020,09:36:36,2045.9,2111.9,20,2290.2,20,0,440
BANKNIFTY27FEB2030000CE.NFO,07/01/2020,09:36:37,2045.9,2114.35,20,2247.05,20,0,440
BANKNIFTY27FEB2030000CE.NFO,07/01/2020,09:36:38,2045.9,2116.4,20,2243.1,20,0,440
BANKNIFTY27FEB2030000CE.NFO,07/01/2020,09:36:39,2045.9,2116.8,20,2242.4,20,0,440
BANKNIFTY27FEB2030000CE.NFO,07/01/2020,09:36:41,2045.9,2116.85,220,2241.35,20,0,440
BANKNIFTY27FEB2030000CE.NFO,07/01/2020,09:36:42,2045.9,2116.85,220,2334.6,240,0,440
BANKNIFTY27FEB2030000CE.NFO,07/01/2020,09:36:43,2045.9,2116.85,220,2251.4,20,0,440
BANKNIFTY27FEB2030000CE.NFO,07/01/2020,09:36:44,2045.9,2093.3,140,2250.7,20,0,440
BANKNIFTY27FEB2030000CE.NFO,07/01/2020,09:36:45,2045.9,2105.4,20,2258.25,20,0,440
BANKNIFTY27FEB2030000CE.NFO,07/01/2020,09:36:46,2045.9,2111.1,20,2256.05,20,0,440
BANKNIFTY27FEB2030000CE.NFO,07/01/2020,09:36:48,2045.9,2105.6,20,2254.25,20,0,440
BANKNIFTY27FEB2030000CE.NFO,07/01/2020,09:36:49,2045.9,2111.65,20,2253.2,20,0,440
BANKNIFTY27FEB2030000CE.NFO,07/01/2020,09:36:50,2045.9,2105.8,20,2252.35,20,0,440
BANKNIFTY27FEB2030000CE.NFO,07/01/2020,09:36:51,2045.9,2105.9,20,2251.4,20,0,440
BANKNIFTY27FEB2030000CE.NFO,07/01/2020,09:36:52,2045.9,2116.25,20,2250.65,20,0,440
BANKNIFTY27FEB2030000CE.NFO,07/01/2020,09:36:53,2045.9,2116.35,20,2249.85,20,0,440
BANKNIFTY27FEB2030000CE.NFO,07/01/2020,09:36:55,2045.9,2116.5,200,2248.75,20,0,440
BANKNIFTY27FEB2030000CE.NFO,07/01/2020,09:36:56,2045.9,2116.65,20,2247.95,20,0,440
BANKNIFTY27FEB2030000CE.NFO,07/01/2020,09:36:57,2045.9,2116.75,20,2246.9,20,0,440
BANKNIFTY27FEB2030000CE.NFO,07/01/2020,09:36:58,2045.9,2116.85,20,2245.95,20,0,440
BANKNIFTY27FEB2030000CE.NFO,07/01/2020,09:37:00,2045.9,2118.5,20,2244.8,20,0,440
BANKNIFTY27FEB2030000CE.NFO,07/01/2020,09:37:01,2045.9,2117.15,20,2243.8,20,0,440
BANKNIFTY27FEB2030000CE.NFO,07/01/2020,09:37:02,2045.9,2117.25,20,2335.95,20,0,440
BANKNIFTY27FEB2030000CE.NFO,07/01/2020,09:37:03,2045.9,2117.35,20,2254.65,20,0,440
BANKNIFTY27FEB2030000CE.NFO,07/01/2020,09:37:05,2045.9,2117.45,20,2248,20,0,440
BANKNIFTY27FEB2030000CE.NFO,07/01/2020,09:37:06,2045.9,2117.55,20,2241.2,20,0,440
BANKNIFTY27FEB2030000CE.NFO,07/01/2020,09:37:07,2045.9,2117.65,20,2430,20,0,440
BANKNIFTY27FEB2030000CE.NFO,07/01/2020,09:37:08,2045.9,2144.85,20,2259.5,20,0,440
BANKNIFTY27FEB2030000CE.NFO,07/01/2020,09:37:09,2045.9,2156.1,20,2238.05,20,0,440
BANKNIFTY27FEB2030000CE.NFO,07/01/2020,09:37:11,2045.9,2120.65,20,2232.25,20,0,440
BANKNIFTY27FEB2030000CE.NFO,07/01/2020,09:37:12,2045.9,2120.95,20,2230.15,20,0,440
BANKNIFTY27FEB2030000CE.NFO,07/01/2020,09:37:13,2045.9,2121.15,20,2229,20,0,440
BANKNIFTY27FEB2030000CE.NFO,07/01/2020,09:37:15,2045.9,2154.05,20,2227.4,20,0,440
BANKNIFTY27FEB2030000CE.NFO,07/01/2020,09:37:16,2045.9,2121.45,20,2225.65,20,0,440
BANKNIFTY27FEB2030000CE.NFO,07/01/2020,09:37:17,2045.9,2143.45,20,2239.55,20,0,440
BANKNIFTY27FEB2030000CE.NFO,07/01/2020,09:37:18,2045.9,2143.9,20,2226.8,20,0,440
BANKNIFTY27FEB2030000CE.NFO,07/01/2020,09:37:19,2045.9,2144,20,2224.9,20,0,440
BANKNIFTY27FEB2030000CE.NFO,07/01/2020,09:37:21,2045.9,2144.1,20,2222.6,20,0,440
BANKNIFTY27FEB2030000CE.NFO,07/01/2020,09:37:22,2045.9,2144.2,20,2221.05,20,0,440
BANKNIFTY27FEB2030000CE.NFO,07/01/2020,09:37:23,2045.9,2155.2,20,2219.5,20,0,440
BANKNIFTY27FEB2030000CE.NFO,07/01/2020,09:37:24,2045.9,2155.3,20,2218.2,20,0,440
BANKNIFTY27FEB2030000CE.NFO,07/01/2020,09:37:26,2045.9,2155.5,20,2215.45,20,0,440
BANKNIFTY27FEB2030000CE.NFO,07/01/2020,09:37:27,2045.9,2110.2,20,2221.85,20,0,440
BANKNIFTY27FEB2030000CE.NFO,07/01/2020,09:37:28,2045.9,2103.35,20,2215.1,20,0,440
BANKNIFTY27FEB2030000CE.NFO,07/01/2020,09:37:30,2045.9,2108.8,20,2227.3,20,0,440
BANKNIFTY27FEB2030000CE.NFO,07/01/2020,09:37:31,2045.9,2136.9,20,2225.8,20,0,440
BANKNIFTY27FEB2030000CE.NFO,07/01/2020,09:37:32,2045.9,2137.1,20,2224.5,20,0,440
BANKNIFTY27FEB2030000CE.NFO,07/01/2020,09:37:33,2045.9,2150.4,20,2223.5,20,0,440
BANKNIFTY27FEB2030000CE.NFO,07/01/2020,09:37:35,2045.9,2156.6,20,2221.95,20,0,440
BANKNIFTY27FEB2030000CE.NFO,07/01/2020,09:37:36,2045.9,2103.95,20,2221,20,0,440
BANKNIFTY27FEB2030000CE.NFO,07/01/2020,09:37:37,2045.9,2114.4,40,2218.85,20,0,440
BANKNIFTY27FEB2030000CE.NFO,07/01/2020,09:37:38,2045.9,2093.25,20,2217.85,20,0,440
BANKNIFTY27FEB2030000CE.NFO,07/01/2020,09:37:40,2045.9,2093.25,20,2216.95,20,0,440
BANKNIFTY27FEB2030000CE.NFO,07/01/2020,09:37:41,2045.9,2111.65,40,2215.75,20,0,440
BANKNIFTY27FEB2030000CE.NFO,07/01/2020,09:37:42,2045.9,2113.75,20,2232.35,20,0,440
BANKNIFTY27FEB2030000CE.NFO,07/01/2020,09:37:43,2045.9,2114.5,40,2218.65,20,0,440
BANKNIFTY27FEB2030000CE.NFO,07/01/2020,09:37:44,2045.9,2139.2,20,2217.55,20,0,440
BANKNIFTY27FEB2030000CE.NFO,07/01/2020,09:37:46,2045.9,2151.65,20,2216.7,20,0,440
BANKNIFTY27FEB2030000CE.NFO,07/01/2020,09:37:47,2045.9,2151.95,20,2215.8,20,0,440
BANKNIFTY27FEB2030000CE.NFO,07/01/2020,09:37:48,2045.9,2152.15,20,2201.4,20,0,440
BANKNIFTY27FEB2030000CE.NFO,07/01/2020,09:37:49,2045.9,2158.7,20,2244.7,20,0,440
BANKNIFTY27FEB2030000CE.NFO,07/01/2020,09:37:50,2045.9,2113.85,20,2255.95,20,0,440
BANKNIFTY27FEB2030000CE.NFO,07/01/2020,09:37:51,2045.9,2138.75,20,2244.85,20,0,440
BANKNIFTY27FEB2030000CE.NFO,07/01/2020,09:37:53,2045.9,2113.4,20,2234.65,20,0,440
BANKNIFTY27FEB2030000CE.NFO,07/01/2020,09:37:54,2045.9,2136.75,20,2229.6,20,0,440
BANKNIFTY27FEB2030000CE.NFO,07/01/2020,09:37:55,2045.9,2136.85,20,2230,20,0,440
BANKNIFTY27FEB2030000CE.NFO,07/01/2020,09:37:56,2045.9,2150.85,20,2226.55,20,0,440
BANKNIFTY27FEB2030000CE.NFO,07/01/2020,09:37:58,2045.9,2137.15,20,2225.2,20,0,440
BANKNIFTY27FEB2030000CE.NFO,07/01/2020,09:37:59,2045.9,2161.5,20,2243.75,20,0,440
BANKNIFTY27FEB2030000CE.NFO,07/01/2020,09:38:00,2045.9,2151.8,20,2217.8,20,0,440
BANKNIFTY27FEB2030000CE.NFO,07/01/2020,09:38:01,2045.9,2157.95,20,2216.3,20,0,440
BANKNIFTY27FEB2030000CE.NFO,07/01/2020,09:38:03,2045.9,2113.85,20,2231.35,20,0,440
BANKNIFTY27FEB2030000CE.NFO,07/01/2020,09:38:04,2045.9,2141.75,20,2222.5,20,0,440
BANKNIFTY27FEB2030000CE.NFO,07/01/2020,09:38:05,2045.9,2113.15,20,2218.5,20,0,440
BANKNIFTY27FEB2030000CE.NFO,07/01/2020,09:38:06,2045.9,2116.25,40,2216.95,20,0,440
BANKNIFTY27FEB2030000CE.NFO,07/01/2020,09:38:07,2045.9,2117.1,40,2216.25,20,0,440
BANKNIFTY27FEB2030000CE.NFO,07/01/2020,09:38:08,2045.9,2141.35,20,2213.5,20,0,440
BANKNIFTY27FEB2030000CE.NFO,07/01/2020,09:38:10,2045.9,2122.4,20,2234.9,20,0,440
BANKNIFTY27FEB2030000CE.NFO,07/01/2020,09:38:11,2045.9,2122.6,20,2231.3,20,0,440
BANKNIFTY27FEB2030000CE.NFO,07/01/2020,09:38:12,2045.9,2147.2,20,2229.85,20,0,440
BANKNIFTY27FEB2030000CE.NFO,07/01/2020,09:38:13,2045.9,2147.3,20,2231.7,20,0,440
BANKNIFTY27FEB2030000CE.NFO,07/01/2020,09:38:14,2045.9,2160.85,20,2230.15,20,0,440
BANKNIFTY27FEB2030000CE.NFO,07/01/2020,09:38:16,2045.9,2167.65,20,2250.2,20,0,440
BANKNIFTY27FEB2030000CE.NFO,07/01/2020,09:38:17,2045.9,2117.7,20,2227.3,20,0,440
BANKNIFTY27FEB2030000CE.NFO,07/01/2020,09:38:18,2045.9,2150.9,20,2233.65,20,0,440
BANKNIFTY27FEB2030000CE.NFO,07/01/2020,09:38:19,2045.9,2126.9,20,2226.55,20,0,440
BANKNIFTY27FEB2030000CE.NFO,07/01/2020,09:38:21,2045.9,2155.3,20,2224.7,20,0,440
BANKNIFTY27FEB2030000CE.NFO,07/01/2020,09:38:22,2045.9,2155.4,20,2221.2,20,0,440
BANKNIFTY27FEB2030000CE.NFO,07/01/2020,09:38:23,2045.9,2165.75,20,2220.05,20,0,440
BANKNIFTY27FEB2030000CE.NFO,07/01/2020,09:38:24,2045.9,2093.3,300,2219.15,20,0,440
BANKNIFTY27FEB2030000CE.NFO,07/01/2020,09:38:25,2045.9,2124.75,20,2218.4,20,0,440
BANKNIFTY27FEB2030000CE.NFO,07/01/2020,09:38:27,2045.9,2125.05,40,2212.25,20,0,440
BANKNIFTY27FEB2030000CE.NFO,07/01/2020,09:38:28,2045.9,2144.5,20,2229.6,20,0,440
BANKNIFTY27FEB2030000CE.NFO,07/01/2020,09:38:29,2045.9,2123.05,40,2228.1,20,0,440
BANKNIFTY27FEB2030000CE.NFO,07/01/2020,09:38:30,2045.9,2123.55,20,2233.65,20,0,440
BANKNIFTY27FEB2030000CE.NFO,07/01/2020,09:38:32,2045.9,2123.65,20,2237.05,20,0,440
BANKNIFTY27FEB2030000CE.NFO,07/01/2020,09:38:33,2045.9,2148.05,20,2225.95,20,0,440
BANKNIFTY27FEB2030000CE.NFO,07/01/2020,09:38:34,2045.9,2166.45,20,2224.8,20,0,440
BANKNIFTY27FEB2030000CE.NFO,07/01/2020,09:38:35,2045.9,2166.65,20,2223.6,20,0,440
BANKNIFTY27FEB2030000CE.NFO,07/01/2020,09:38:36,2045.9,2123.05,40,2220.75,20,0,440
BANKNIFTY27FEB2030000CE.NFO,07/01/2020,09:38:38,2045.9,2123.05,40,2228,20,0,440
BANKNIFTY27FEB2030000CE.NFO,07/01/2020,09:38:39,2045.9,2159.5,20,2222.15,20,0,440
BANKNIFTY27FEB2030000CE.NFO,07/01/2020,09:38:40,2045.9,2164.85,20,2218.6,20,0,440
BANKNIFTY27FEB2030000CE.NFO,07/01/2020,09:38:41,2045.9,2131.9,20,2216.75,20,0,440
BANKNIFTY27FEB2030000CE.NFO,07/01/2020,09:38:43,2045.9,2132.05,200,2202.3,20,0,440
BANKNIFTY27FEB2030000CE.NFO,07/01/2020,09:38:44,2045.9,2132.2,20,2211.6,20,0,440
BANKNIFTY27FEB2030000CE.NFO,07/01/2020,09:38:45,2045.9,2156.4,20,2239,20,0,440
BANKNIFTY27FEB2030000CE.NFO,07/01/2020,09:38:47,2045.9,2149.2,20,2223.45,20,0,440
BANKNIFTY27FEB2030000CE.NFO,07/01/2020,09:38:48,2045.9,2107.3,20,2224.6,20,0,440
BANKNIFTY27FEB2030000CE.NFO,07/01/2020,09:38:49,2045.9,2114.75,40,2226.05,20,0,440
BANKNIFTY27FEB2030000CE.NFO,07/01/2020,09:38:50,2045.9,2112.5,20,2225.05,20,0,440
BANKNIFTY27FEB2030000CE.NFO,07/01/2020,09:38:51,2045.9,2113.4,20,2238.95,20,0,440
BANKNIFTY27FEB2030000CE.NFO,07/01/2020,09:38:53,2045.9,2139.45,20,2226.8,20,0,440
BANKNIFTY27FEB2030000CE.NFO,07/01/2020,09:38:54,2045.9,2139.55,20,2227.7,20,0,440
BANKNIFTY27FEB2030000CE.NFO,07/01/2020,09:38:55,2045.9,2151.95,200,2229.55,20,0,440
BANKNIFTY27FEB2030000CE.NFO,07/01/2020,09:38:56,2045.9,2152.1,20,2236.65,20,0,440
BANKNIFTY27FEB2030000CE.NFO,07/01/2020,09:38:57,2045.9,2109.5,20,2230.55,20,0,440
BANKNIFTY27FEB2030000CE.NFO,07/01/2020,09:38:59,2045.9,2103.85,20,2224.25,20,0,440
BANKNIFTY27FEB2030000CE.NFO,07/01/2020,09:39:00,2045.9,2114.85,20,2219.35,20,0,440
BANKNIFTY27FEB2030000CE.NFO,07/01/2020,09:39:01,2045.9,2115.7,40,2217.3,20,0,440
BANKNIFTY27FEB2030000CE.NFO,07/01/2020,09:39:02,2045.9,2116.8,20,2258.15,20,0,440
BANKNIFTY27FEB2030000CE.NFO,07/01/2020,09:39:04,2045.9,2139.7,20,2215.35,20,0,440
BANKNIFTY27FEB2030000CE.NFO,07/01/2020,09:39:05,2045.9,2117.2,20,2209.5,20,0,440
BANKNIFTY27FEB2030000CE.NFO,07/01/2020,09:39:06,2045.9,2140.05,20,2207.9,20,0,440
BANKNIFTY27FEB2030000CE.NFO,07/01/2020,09:39:07,2045.9,2117.6,20,2207,20,0,440
BANKNIFTY27FEB2030000CE.NFO,07/01/2020,09:39:08,2045.9,2152,20,2216.4,20,0,440
BANKNIFTY27FEB2030000CE.NFO,07/01/2020,09:39:09,2045.9,2140.55,20,2225.45,20,0,440
BANKNIFTY27FEB2030000CE.NFO,07/01/2020,09:39:11,2045.9,2140.65,20,2223.4,20,0,440
BANKNIFTY27FEB2030000CE.NFO,07/01/2020,09:39:12,2045.9,2151.75,20,2246.6,20,0,440
BANKNIFTY27FEB2030000CE.NFO,07/01/2020,09:39:13,2045.9,2140.95,20,2223,20,0,440
BANKNIFTY27FEB2030000CE.NFO,07/01/2020,09:39:14,2045.9,2152.05,20,2266.5,20,0,440
BANKNIFTY27FEB2030000CE.NFO,07/01/2020,09:39:15,2045.9,2158.85,200,2223.75,20,0,440
BANKNIFTY27FEB2030000CE.NFO,07/01/2020,09:39:16,2045.9,2159,20,2223.8,20,0,440
BANKNIFTY27FEB2030000CE.NFO,07/01/2020,09:39:18,2045.9,2159.1,20,2250.5,20,0,440
BANKNIFTY27FEB2030000CE.NFO,07/01/2020,09:39:19,2045.9,2141.8,20,2221.25,20,0,440
BANKNIFTY27FEB2030000CE.NFO,07/01/2020,09:39:20,2045.9,2145.85,20,2219.85,20,0,440
BANKNIFTY27FEB2030000CE.NFO,07/01/2020,09:39:21,2045.9,2122,20,2222.75,20,0,440
BANKNIFTY27FEB2030000CE.NFO,07/01/2020,09:39:22,2045.9,2122.25,20,2220.35,20,0,440
BANKNIFTY27FEB2030000CE.NFO,07/01/2020,09:39:23,2045.9,2146.95,20,2217.35,20,0,440
BANKNIFTY27FEB2030000CE.NFO,07/01/2020,09:39:24,2045.9,2160.9,20,2223.8,20,0,440
BANKNIFTY27FEB2030000CE.NFO,07/01/2020,09:39:26,2045.9,2161,20,2224.6,20,0,440
BANKNIFTY27FEB2030000CE.NFO,07/01/2020,09:39:27,2045.9,2147.35,20,2220.5,20,0,440
BANKNIFTY27FEB2030000CE.NFO,07/01/2020,09:39:28,2045.9,2163.45,20,2219.5,20,0,440
BANKNIFTY27FEB2030000CE.NFO,07/01/2020,09:39:29,2045.9,2171.55,20,2218.5,20,0,440
BANKNIFTY27FEB2030000CE.NFO,07/01/2020,09:39:30,2045.9,2163.75,20,2240.05,20,0,440
BANKNIFTY27FEB2030000CE.NFO,07/01/2020,09:39:31,2045.9,2155.15,20,2237.6,20,0,440
BANKNIFTY27FEB2030000CE.NFO,07/01/2020,09:39:33,2045.9,2131.05,40,2235.9,20,0,440
BANKNIFTY27FEB2030000CE.NFO,07/01/2020,09:39:34,2045.9,2132.05,40,2245.05,20,0,440
BANKNIFTY27FEB2030000CE.NFO,07/01/2020,09:39:35,2045.9,2156.75,20,2232.4,20,0,440
BANKNIFTY27FEB2030000CE.NFO,07/01/2020,09:39:36,2045.9,2169.1,20,2232.7,20,0,440
BANKNIFTY27FEB2030000CE.NFO,07/01/2020,09:39:37,2045.9,2175.25,20,2232.15,20,0,440
BANKNIFTY27FEB2030000CE.NFO,07/01/2020,09:39:38,2045.9,2111.35,20,2226.85,20,0,440
BANKNIFTY27FEB2030000CE.NFO,07/01/2020,09:39:40,2045.9,2093.3,220,2247.55,20,0,440
BANKNIFTY27FEB2030000CE.NFO,07/01/2020,09:39:41,2045.9,2151.35,20,2222.35,20,0,440
BANKNIFTY27FEB2030000CE.NFO,07/01/2020,09:39:42,2045.9,2127,20,2243.1,20,0,440
BANKNIFTY27FEB2030000CE.NFO,07/01/2020,09:39:43,2045.9,2127.15,200,2231.2,20,0,440
BANKNIFTY27FEB2030000CE.NFO,07/01/2020,09:39:44,2045.9,2151.7,20,2218,20,0,440
BANKNIFTY27FEB2030000CE.NFO,07/01/2020,09:39:46,2045.9,2164.05,20,2231.2,20,0,440
BANKNIFTY27FEB2030000CE.NFO,07/01/2020,09:39:47,2045.9,2152,20,2241.6,20,0,440
BANKNIFTY27FEB2030000CE.NFO,07/01/2020,09:39:48,2045.9,2152.2,20,2237.35,20,0,440
BANKNIFTY27FEB2030000CE.NFO,07/01/2020,09:39:49,2045.9,2152.4,20,2245.85,20,0,440
BANKNIFTY27FEB2030000CE.NFO,07/01/2020,09:39:51,2045.9,2165.55,20,2232.95,20,0,440
BANKNIFTY27FEB2030000CE.NFO,07/01/2020,09:39:52,2045.9,2173.75,20,2257.25,20,0,440
BANKNIFTY27FEB2030000CE.NFO,07/01/2020,09:39:53,2045.9,2130.1,40,2255,20,0,440
BANKNIFTY27FEB2030000CE.NFO,07/01/2020,09:39:54,2045.9,2155.25,20,2237.2,20,0,440
BANKNIFTY27FEB2030000CE.NFO,07/01/2020,09:39:55,2045.9,2155.45,20,2230,20,0,440
BANKNIFTY27FEB2030000CE.NFO,07/01/2020,09:39:57,2045.9,2168.65,20,2227.75,20,0,440
BANKNIFTY27FEB2030000CE.NFO,07/01/2020,09:39:58,2045.9,2174.9,20,2226.15,20,0,440
BANKNIFTY27FEB2030000CE.NFO,07/01/2020,09:39:59,2045.9,2136.25,20,2224.05,20,0,440
BANKNIFTY27FEB2030000CE.NFO,07/01/2020,09:40:00,2045.9,2129.2,20,2246.05,20,0,440
BANKNIFTY27FEB2030000CE.NFO,07/01/2020,09:40:01,2045.9,2133.5,20,2227.65,20,0,440
BANKNIFTY27FEB2030000CE.NFO,07/01/2020,09:40:03,2045.9,2134.15,20,2225.45,20,0,440
BANKNIFTY27FEB2030000CE.NFO,07/01/2020,09:40:04,2045.9,2159.3,20,2246.95,20,0,440
BANKNIFTY27FEB2030000CE.NFO,07/01/2020,09:40:05,2045.9,2137.1,20,2245.55,20,0,440
BANKNIFTY27FEB2030000CE.NFO,07/01/2020,09:40:06,2045.9,2162.75,20,2218.75,20,0,440
BANKNIFTY27FEB2030000CE.NFO,07/01/2020,09:40:07,2045.9,2159.7,20,2226.45,20,0,440
BANKNIFTY27FEB2030000CE.NFO,07/01/2020,09:40:08,2045.9,2173.95,20,2249,20,0,440
BANKNIFTY27FEB2030000CE.NFO,07/01/2020,09:40:09,2045.9,2181.1,20,2250.6,20,0,440
BANKNIFTY27FEB2030000CE.NFO,07/01/2020,09:40:11,2045.9,2181.2,20,2245.1,20,0,440
BANKNIFTY27FEB2030000CE.NFO,07/01/2020,09:40:12,2045.9,2174.35,20,2255,20,0,440
BANKNIFTY27FEB2030000CE.NFO,07/01/2020,09:40:13,2045.9,2174.45,20,2241.9,20,0,440
BANKNIFTY27FEB2030000CE.NFO,07/01/2020,09:40:14,2045.9,2181.6,20,2239.3,20,0,440
BANKNIFTY27FEB2030000CE.NFO,07/01/2020,09:40:15,2045.9,2181.35,200,2237.4,20,0,440
BANKNIFTY27FEB2030000CE.NFO,07/01/2020,09:40:16,2045.9,2138.35,20,2236.45,20,0,440
BANKNIFTY27FEB2030000CE.NFO,07/01/2020,09:40:18,2045.9,2135.55,20,2247.3,20,0,440
BANKNIFTY27FEB2030000CE.NFO,07/01/2020,09:40:19,2045.9,2138.3,20,2246.55,20,0,440
BANKNIFTY27FEB2030000CE.NFO,07/01/2020,09:40:20,2045.9,2138.6,40,2230.05,20,0,440
BANKNIFTY27FEB2030000CE.NFO,07/01/2020,09:40:21,2045.9,2138.65,200,2226.65,20,0,440
BANKNIFTY27FEB2030000CE.NFO,07/01/2020,09:40:22,2045.9,2138.8,20,2243,20,0,440
BANKNIFTY27FEB2030000CE.NFO,07/01/2020,09:40:23,2045.9,2138.9,20,2223.6,20,0,440
BANKNIFTY27FEB2030000CE.NFO,07/01/2020,09:40:24,2045.9,2167,200,2230.95,20,0,440
BANKNIFTY27FEB2030000CE.NFO,07/01/2020,09:40:25,2045.9,2149.85,20,2266.25,20,0,440
BANKNIFTY27FEB2030000CE.NFO,07/01/2020,09:40:27,2045.9,2176.75,20,2245.9,20,0,440
BANKNIFTY27FEB2030000CE.NFO,07/01/2020,09:40:28,2045.9,2167.75,20,2253.35,20,0,440
BANKNIFTY27FEB2030000CE.NFO,07/01/2020,09:40:29,2045.9,2177.2,20,2241.8,20,0,440
BANKNIFTY27FEB2030000CE.NFO,07/01/2020,09:40:30,2045.9,2167.95,20,2236.85,20,0,440
BANKNIFTY27FEB2030000CE.NFO,07/01/2020,09:40:31,2045.9,2177.5,20,2235,20,0,440
BANKNIFTY27FEB2030000CE.NFO,07/01/2020,09:40:32,2045.9,2177.6,20,2253.45,20,0,440
BANKNIFTY27FEB2030000CE.NFO,07/01/2020,09:40:34,2045.9,2155.75,20,2225.85,20,0,440
BANKNIFTY27FEB2030000CE.NFO,07/01/2020,09:40:35,2045.9,2133.35,20,2226.45,20,0,440
BANKNIFTY27FEB2030000CE.NFO,07/01/2020,09:40:36,2045.9,2133.6,40,2227.4,20,0,440
BANKNIFTY27FEB2030000CE.NFO,07/01/2020,09:40:37,2045.9,2123.5,20,2288.75,20,0,440
BANKNIFTY27FEB2030000CE.NFO,07/01/2020,09:40:38,2045.9,2133.7,40,2244.55,20,0,440
BANKNIFTY27FEB2030000CE.NFO,07/01/2020,09:40:39,2045.9,2133.7,40,2261.7,20,0,440
BANKNIFTY27FEB2030000CE.NFO,07/01/2020,09:40:40,2045.9,2133.7,40,2242.6,20,0,440
BANKNIFTY27FEB2030000CE.NFO,07/01/2020,09:40:42,2045.9,2133.7,40,2242.65,20,0,440
BANKNIFTY27FEB2030000CE.NFO,07/01/2020,09:40:43,2045.9,2113.85,20,2247.45,20,0,440
BANKNIFTY27FEB2030000CE.NFO,07/01/2020,09:40:44,2045.9,2134.95,20,2241.2,20,0,440
BANKNIFTY27FEB2030000CE.NFO,07/01/2020,09:40:45,2045.9,2135.7,20,2239.85,20,0,440
BANKNIFTY27FEB2030000CE.NFO,07/01/2020,09:40:46,2045.9,2172.45,20,2231.05,20,0,440
BANKNIFTY27FEB2030000CE.NFO,07/01/2020,09:40:47,2045.9,2172.65,20,2237.95,20,0,440
BANKNIFTY27FEB2030000CE.NFO,07/01/2020,09:40:48,2045.9,2172.85,20,2233.95,20,0,440
BANKNIFTY27FEB2030000CE.NFO,07/01/2020,09:40:50,2045.9,2093.3,200,2228.75,20,0,440
BANKNIFTY27FEB2030000CE.NFO,07/01/2020,09:40:51,2045.9,2133.95,20,2215.05,20,0,440
BANKNIFTY27FEB2030000CE.NFO,07/01/2020,09:40:52,2045.9,2153.75,20,2214.95,20,0,440
BANKNIFTY27FEB2030000CE.NFO,07/01/2020,09:40:53,2045.9,2134.4,20,2223,20,0,440
BANKNIFTY27FEB2030000CE.NFO,07/01/2020,09:40:54,2045.9,2093.35,20,2249.15,20,0,440
BANKNIFTY27FEB2030000CE.NFO,07/01/2020,09:40:55,2045.9,2156.45,20,2264.15,20,0,440
BANKNIFTY27FEB2030000CE.NFO,07/01/2020,09:40:57,2045.9,2157.75,20,2251.25,20,0,440
BANKNIFTY27FEB2030000CE.NFO,07/01/2020,09:40:58,2045.9,2134.85,20,2244.35,20,0,440
BANKNIFTY27FEB2030000CE.NFO,07/01/2020,09:40:59,2045.9,2126,20,2239,20,0,440
BANKNIFTY27FEB2030000CE.NFO,07/01/2020,09:41:00,2045.9,2156.45,20,2236.1,20,0,440
BANKNIFTY27FEB2030000CE.NFO,07/01/2020,09:41:01,2045.9,2155.35,20,2268.4,20,0,440
BANKNIFTY27FEB2030000CE.NFO,07/01/2020,09:41:03,2045.9,2155.45,20,2233.65,20,0,440
BANKNIFTY27FEB2030000CE.NFO,07/01/2020,09:41:04,2045.9,2169.95,20,2232.05,20,0,440
BANKNIFTY27FEB2030000CE.NFO,07/01/2020,09:41:05,2045.9,2170.2,200,2231.8,20,0,440
BANKNIFTY27FEB2030000CE.NFO,07/01/2020,09:41:06,2045.9,2170.45,20,2237.25,20,0,440
BANKNIFTY27FEB2030000CE.NFO,07/01/2020,09:41:07,2045.9,2170.65,20,2227.55,20,0,440
BANKNIFTY27FEB2030000CE.NFO,07/01/2020,09:41:09,2045.9,2177.75,20,2230.05,20,0,440
BANKNIFTY27FEB2030000CE.NFO,07/01/2020,09:41:10,2045.9,2135.9,20,2247.95,20,0,440
BANKNIFTY27FEB2030000CE.NFO,07/01/2020,09:41:11,2045.9,2135.9,20,2224.95,20,0,440
BANKNIFTY27FEB2030000CE.NFO,07/01/2020,09:41:12,2045.9,2093.25,20,2234.65,20,0,440
BANKNIFTY27FEB2030000CE.NFO,07/01/2020,09:41:13,2045.9,2135.1,20,2243.4,20,0,440
BANKNIFTY27FEB2030000CE.NFO,07/01/2020,09:41:14,2045.9,2138.05,20,2241.5,20,0,440
BANKNIFTY27FEB2030000CE.NFO,07/01/2020,09:41:15,2045.9,2138.25,20,2239.9,20,0,440
BANKNIFTY27FEB2030000CE.NFO,07/01/2020,09:41:16,2045.9,2162.05,200,2236.9,20,0,440
BANKNIFTY27FEB2030000CE.NFO,07/01/2020,09:41:18,2045.9,2138.55,20,2235.35,20,0,440
BANKNIFTY27FEB2030000CE.NFO,07/01/2020,09:41:19,2045.9,2162.3,20,2234,20,0,440
BANKNIFTY27FEB2030000CE.NFO,07/01/2020,09:41:20,2045.9,2162.45,200,2249.8,20,0,440
BANKNIFTY27FEB2030000CE.NFO,07/01/2020,09:41:21,2045.9,2162.6,20,2233.4,20,0,440
BANKNIFTY27FEB2030000CE.NFO,07/01/2020,09:41:22,2045.9,2162.8,20,2251.9,20,0,440
BANKNIFTY27FEB2030000CE.NFO,07/01/2020,09:41:24,2045.9,2175.6,20,2230.85,20,0,440
BANKNIFTY27FEB2030000CE.NFO,07/01/2020,09:41:25,2045.9,2175.8,20,2238.3,20,0,440
BANKNIFTY27FEB2030000CE.NFO,07/01/2020,09:41:26,2045.9,2158.85,20,2226.65,20,0,440
BANKNIFTY27FEB2030000CE.NFO,07/01/2020,09:41:28,2045.9,2137,20,2246.65,20,0,440
BANKNIFTY27FEB2030000CE.NFO,07/01/2020,09:41:30,2045.9,2131.7,20,2253.85,20,0,440
BANKNIFTY27FEB2030000CE.NFO,07/01/2020,09:41:31,2045.9,2138.45,20,2243.6,20,0,440
BANKNIFTY27FEB2030000CE.NFO,07/01/2020,09:41:32,2045.9,2138.45,20,2239.65,20,0,440
BANKNIFTY27FEB2030000CE.NFO,07/01/2020,09:41:33,2045.9,2139.15,20,2250.85,20,0,440
BANKNIFTY27FEB2030000CE.NFO,07/01/2020,09:41:34,2045.9,2139.9,20,2235.6,20,0,440
BANKNIFTY27FEB2030000CE.NFO,07/01/2020,09:41:35,2045.9,2162.2,20,2232.75,20,0,440
BANKNIFTY27FEB2030000CE.NFO,07/01/2020,09:41:37,2045.9,2140.8,20,2230.05,20,0,440
BANKNIFTY27FEB2030000CE.NFO,07/01/2020,09:41:38,2045.9,2140.9,20,2219.8,20,0,440
BANKNIFTY27FEB2030000CE.NFO,07/01/2020,09:41:39,2045.9,2141.1,20,2227.1,20,0,440
BANKNIFTY27FEB2030000CE.NFO,07/01/2020,09:41:40,2045.9,2141.3,20,2225.75,20,0,440
BANKNIFTY27FEB2030000CE.NFO,07/01/2020,09:41:41,2045.9,2141.5,20,2229.6,20,0,440
BANKNIFTY27FEB2030000CE.NFO,07/01/2020,09:41:43,2045.9,2141.7,20,2227.5,20,0,440
BANKNIFTY27FEB2030000CE.NFO,07/01/2020,09:41:44,2045.9,2142.7,20,2245.85,20,0,440
BANKNIFTY27FEB2030000CE.NFO,07/01/2020,09:41:45,2045.9,2143.45,20,2247.35,20,0,440
BANKNIFTY27FEB2030000CE.NFO,07/01/2020,09:41:46,2045.9,2144.2,20,2242.65,20,0,440
BANKNIFTY27FEB2030000CE.NFO,07/01/2020,09:41:47,2045.9,2144.3,20,2241.15,20,0,440
BANKNIFTY27FEB2030000CE.NFO,07/01/2020,09:41:48,2045.9,2181.05,20,2241.2,20,0,440
BANKNIFTY27FEB2030000CE.NFO,07/01/2020,09:41:50,2045.9,2181.2,200,2237.5,20,0,440
BANKNIFTY27FEB2030000CE.NFO,07/01/2020,09:41:51,2045.9,2187.8,20,2235.5,20,0,440
BANKNIFTY27FEB2030000CE.NFO,07/01/2020,09:41:52,2045.9,2188,20,2260.05,20,0,440
BANKNIFTY27FEB2030000CE.NFO,07/01/2020,09:41:53,2045.9,2141.85,20,2232.7,20,0,440
BANKNIFTY27FEB2030000CE.NFO,07/01/2020,09:41:54,2045.9,2187.1,20,2243.3,20,0,440
BANKNIFTY27FEB2030000CE.NFO,07/01/2020,09:41:56,2045.9,2145.95,20,2222.45,20,0,440
BANKNIFTY27FEB2030000CE.NFO,07/01/2020,09:41:57,2045.9,2146.15,20,2228.55,20,0,440
BANKNIFTY27FEB2030000CE.NFO,07/01/2020,09:41:58,2045.9,2170.75,20,2248,20,0,440
BANKNIFTY27FEB2030000CE.NFO,07/01/2020,09:41:59,2045.9,2170.95,20,2245.95,20,0,440
BANKNIFTY27FEB2030000CE.NFO,07/01/2020,09:42:00,2045.9,2171.15,20,2244.35,20,0,440
BANKNIFTY27FEB2030000CE.NFO,07/01/2020,09:42:02,2045.9,2171.25,20,2241.9,20,0,440
BANKNIFTY27FEB2030000CE.NFO,07/01/2020,09:42:03,2045.9,2171.4,200,2267.25,20,0,440
BANKNIFTY27FEB2030000CE.NFO,07/01/2020,09:42:04,2045.9,2181.25,20,2261.8,20,0,440
BANKNIFTY27FEB2030000CE.NFO,07/01/2020,09:42:05,2045.9,2181.45,20,2236.25,20,0,440
BANKNIFTY27FEB2030000CE.NFO,07/01/2020,09:42:07,2045.9,2120.55,20,2233.05,20,0,440
BANKNIFTY27FEB2030000CE.NFO,07/01/2020,09:42:08,2045.9,2164.45,20,2246.05,20,0,440
BANKNIFTY27FEB2030000CE.NFO,07/01/2020,09:42:09,2045.9,2142.8,40,2233.25,20,0,440
BANKNIFTY27FEB2030000CE.NFO,07/01/2020,09:42:10,2045.9,2119.85,20,2254.7,20,0,440
BANKNIFTY27FEB2030000CE.NFO,07/01/2020,09:42:12,2045.9,2120.65,20,2243.1,20,0,440
BANKNIFTY27FEB2030000CE.NFO,07/01/2020,09:42:13,2045.9,2166.1,20,2228.65,20,0,440
BANKNIFTY27FEB2030000CE.NFO,07/01/2020,09:42:14,2045.9,2166.6,20,2258.25,20,0,440
BANKNIFTY27FEB2030000CE.NFO,07/01/2020,09:42:16,2045.9,2166.8,20,2258.15,20,0,440
BANKNIFTY27FEB2030000CE.NFO,07/01/2020,09:42:17,2045.9,2166.9,20,2248.15,20,0,440
BANKNIFTY27FEB2030000CE.NFO,07/01/2020,09:42:18,2045.9,2167.1,20,2250.7,20,0,440
BANKNIFTY27FEB2030000CE.NFO,07/01/2020,09:42:19,2045.9,2181.55,20,2235.1,20,0,440
BANKNIFTY27FEB2030000CE.NFO,07/01/2020,09:42:21,2045.9,2188,20,2247,20,0,440
BANKNIFTY27FEB2030000CE.NFO,07/01/2020,09:42:22,2045.9,2181.85,20,2267.95,20,0,440
BANKNIFTY27FEB2030000CE.NFO,07/01/2020,09:42:23,2045.9,2189.3,20,2270.65,20,0,440
BANKNIFTY27FEB2030000CE.NFO,07/01/2020,09:42:24,2045.9,2146.5,20,2246.75,20,0,440
BANKNIFTY27FEB2030000CE.NFO,07/01/2020,09:42:25,2045.9,2148.3,20,2270.55,20,0,440
BANKNIFTY27FEB2030000CE.NFO,07/01/2020,09:42:26,2045.9,2148.4,40,2310.75,20,0,440
BANKNIFTY27FEB2030000CE.NFO,07/01/2020,09:42:28,2045.9,2148.4,40,2287.1,20,0,440
BANKNIFTY27FEB2030000CE.NFO,07/01/2020,09:42:29,2045.9,2148.4,40,2250.8,20,0,440
BANKNIFTY27FEB2030000CE.NFO,07/01/2020,09:42:30,2045.9,2148.4,20,2259.95,20,0,440
BANKNIFTY27FEB2030000CE.NFO,07/01/2020,09:42:31,2045.9,2146.2,20,2256.65,20,0,440
BANKNIFTY27FEB2030000CE.NFO,07/01/2020,09:42:32,2045.9,2124.65,20,2321.15,20,0,440
BANKNIFTY27FEB2030000CE.NFO,07/01/2020,09:42:34,2045.9,2171.15,20,2275.4,20,0,440
BANKNIFTY27FEB2030000CE.NFO,07/01/2020,09:42:35,2045.9,2171.65,20,2273.1,20,0,440
BANKNIFTY27FEB2030000CE.NFO,07/01/2020,09:42:36,2045.9,2171.75,20,2260.85,20,0,440
BANKNIFTY27FEB2030000CE.NFO,07/01/2020,09:42:37,2045.9,2184.7,20,2271.85,20,0,440
BANKNIFTY27FEB2030000CE.NFO,07/01/2020,09:42:38,2045.9,2172.05,20,2267.55,20,0,440
BANKNIFTY27FEB2030000CE.NFO,07/01/2020,09:42:40,2045.9,2172.15,20,2265.8,20,0,440
BANKNIFTY27FEB2030000CE.NFO,07/01/2020,09:42:41,2045.9,2189.55,20,2264,20,0,440
BANKNIFTY27FEB2030000CE.NFO,07/01/2020,09:42:42,2045.9,2123.6,20,2250.35,20,0,440
BANKNIFTY27FEB2030000CE.NFO,07/01/2020,09:42:43,2045.9,2144.05,20,2260.6,20,0,440
BANKNIFTY27FEB2030000CE.NFO,07/01/2020,09:42:44,2045.9,2146.9,20,2304.9,20,0,440
BANKNIFTY27FEB2030000CE.NFO,07/01/2020,09:42:45,2045.9,2146.9,20,2263,20,0,440
BANKNIFTY27FEB2030000CE.NFO,07/01/2020,09:42:47,2045.9,2146.9,20,2255.95,20,0,440
BANKNIFTY27FEB2030000CE.NFO,07/01/2020,09:42:48,2045.9,2146.9,20,2273.1,20,0,440
BANKNIFTY27FEB2030000CE.NFO,07/01/2020,09:42:49,2045.9,2146.9,20,2271.9,20,0,440
BANKNIFTY27FEB2030000CE.NFO,07/01/2020,09:42:50,2045.9,2146.9,20,2247.75,20,0,440
BANKNIFTY27FEB2030000CE.NFO,07/01/2020,09:42:51,2045.9,2168.35,20,2244.2,20,0,440
BANKNIFTY27FEB2030000CE.NFO,07/01/2020,09:42:52,2045.9,2168.45,20,2241.8,20,0,440
BANKNIFTY27FEB2030000CE.NFO,07/01/2020,09:42:54,2045.9,2168.65,20,2238.9,20,0,440
BANKNIFTY27FEB2030000CE.NFO,07/01/2020,09:42:55,2045.9,2168.75,20,2238.75,20,0,440
BANKNIFTY27FEB2030000CE.NFO,07/01/2020,09:42:56,2045.9,2168.9,200,2234.7,20,0,440
BANKNIFTY27FEB2030000CE.NFO,07/01/2020,09:42:57,2045.9,2097.55,20,2241.8,20,0,440
BANKNIFTY27FEB2030000CE.NFO,07/01/2020,09:42:58,2045.9,2161.55,20,2235.05,20,0,440
BANKNIFTY27FEB2030000CE.NFO,07/01/2020,09:42:59,2045.9,2137.05,220,2233.15,20,0,440
BANKNIFTY27FEB2030000CE.NFO,07/01/2020,09:43:00,2045.9,2137.05,220,2229.85,20,0,440
BANKNIFTY27FEB2030000CE.NFO,07/01/2020,09:43:02,2045.9,2137.05,220,2225.7,20,0,440
BANKNIFTY27FEB2030000CE.NFO,07/01/2020,09:43:03,2045.9,2137.05,220,2245.5,20,0,440
BANKNIFTY27FEB2030000CE.NFO,07/01/2020,09:43:04,2045.9,2137.05,220,2242.55,20,0,440
BANKNIFTY27FEB2030000CE.NFO,07/01/2020,09:43:05,2045.9,2137.05,220,2240.8,20,0,440
BANKNIFTY27FEB2030000CE.NFO,07/01/2020,09:43:06,2045.9,2137.05,220,2238.95,20,0,440
BANKNIFTY27FEB2030000CE.NFO,07/01/2020,09:43:08,2045.9,2137.05,220,2237.25,20,0,440
BANKNIFTY27FEB2030000CE.NFO,07/01/2020,09:43:09,2045.9,2137.05,220,2235.8,20,0,440
BANKNIFTY27FEB2030000CE.NFO,07/01/2020,09:43:10,2045.9,2137.05,220,2261.65,20,0,440
BANKNIFTY27FEB2030000CE.NFO,07/01/2020,09:43:11,2045.9,2137.05,220,2233.25,20,0,440
BANKNIFTY27FEB2030000CE.NFO,07/01/2020,09:43:12,2045.9,2137.05,220,2231.7,20,0,440
BANKNIFTY27FEB2030000CE.NFO,07/01/2020,09:43:13,2045.9,2137.05,220,2230.1,20,0,440
BANKNIFTY27FEB2030000CE.NFO,07/01/2020,09:43:14,2045.9,2137.05,220,2228.55,20,0,440
