Ticker,Date,Time,LTP,BuyPrice,BuyQty,SellPrice,SellQty,LTQ,OpenInterest
BANKNIFTY27FEB2032000PE.NFO,07/01/2020,09:15:36,805,803.75,80,895.35,40,20,14220
BANKNIFTY27FEB2032000PE.NFO,07/01/2020,09:15:36,805,803.75,80,895.35,40,0,14220
BANKNIFTY27FEB2032000PE.NFO,07/01/2020,09:15:36,805,803.75,80,895.35,40,0,14220
BANKNIFTY27FEB2032000PE.NFO,07/01/2020,09:15:36,805,803.75,80,895.35,40,0,14220
BANKNIFTY27FEB2032000PE.NFO,07/01/2020,09:15:38,805,804.45,40,892.75,40,0,14220
BANKNIFTY27FEB2032000PE.NFO,07/01/2020,09:15:38,805,804.95,80,892.6,40,0,14220
BANKNIFTY27FEB2032000PE.NFO,07/01/2020,09:15:39,805,805.5,80,887.85,40,0,14220
BANKNIFTY27FEB2032000PE.NFO,07/01/2020,09:15:40,805,806.05,80,884.35,20,0,14220
BANKNIFTY27FEB2032000PE.NFO,07/01/2020,09:15:42,805,807.05,80,881.9,20,0,14220
BANKNIFTY27FEB2032000PE.NFO,07/01/2020,09:15:42,805,808.55,80,877.7,40,0,14220
BANKNIFTY27FEB2032000PE.NFO,07/01/2020,09:15:43,805,802.5,80,877.5,40,0,14220
BANKNIFTY27FEB2032000PE.NFO,07/01/2020,09:15:45,805,803.1,40,882.5,40,0,14220
BANKNIFTY27FEB2032000PE.NFO,07/01/2020,09:15:45,805,804.05,80,881.65,40,0,14220
BANKNIFTY27FEB2032000PE.NFO,07/01/2020,09:15:46,805,802.5,80,873.65,40,0,14220
BANKNIFTY27FEB2032000PE.NFO,07/01/2020,09:15:47,805,803.05,80,874.35,40,0,14220
BANKNIFTY27FEB2032000PE.NFO,07/01/2020,09:15:48,805,803.6,80,870.7,20,0,14220
BANKNIFTY27FEB2032000PE.NFO,07/01/2020,09:15:49,805,804.15,80,870.65,40,0,14220
BANKNIFTY27FEB2032000PE.NFO,07/01/2020,09:15:50,805,804.7,80,881.4,40,0,14220
BANKNIFTY27FEB2032000PE.NFO,07/01/2020,09:15:51,805,805.25,80,876.1,40,0,14220
BANKNIFTY27FEB2032000PE.NFO,07/01/2020,09:15:53,805,805.85,40,875.75,20,0,14220
BANKNIFTY27FEB2032000PE.NFO,07/01/2020,09:15:53,805,806.35,80,874.55,40,0,14220
BANKNIFTY27FEB2032000PE.NFO,07/01/2020,09:15:54,805,802.5,80,874.45,40,0,14220
BANKNIFTY27FEB2032000PE.NFO,07/01/2020,09:15:55,805,802.5,80,872.75,20,0,14220
BANKNIFTY27FEB2032000PE.NFO,07/01/2020,09:15:56,805,802.5,80,872.45,80,0,14220
BANKNIFTY27FEB2032000PE.NFO,07/01/2020,09:15:57,805,802,20,870.9,20,0,14220
BANKNIFTY27FEB2032000PE.NFO,07/01/2020,09:15:58,805,802.5,80,870.7,40,0,14220
BANKNIFTY27FEB2032000PE.NFO,07/01/2020,09:16:00,805,802.5,80,868.55,20,0,14220
BANKNIFTY27FEB2032000PE.NFO,07/01/2020,09:16:00,805,804.1,20,868.4,40,0,14220
BANKNIFTY27FEB2032000PE.NFO,07/01/2020,09:16:01,805,802.5,80,867.85,40,0,14220
BANKNIFTY27FEB2032000PE.NFO,07/01/2020,09:16:02,805,802,20,866.05,20,0,14220
BANKNIFTY27FEB2032000PE.NFO,07/01/2020,09:16:03,805,802,20,865.8,40,0,14220
BANKNIFTY27FEB2032000PE.NFO,07/01/2020,09:16:04,805,802,20,865.2,40,0,14220
BANKNIFTY27FEB2032000PE.NFO,07/01/2020,09:16:05,805,802.15,80,865.1,40,0,14220
BANKNIFTY27FEB2032000PE.NFO,07/01/2020,09:16:06,805,802,20,862.15,20,0,14220
BANKNIFTY27FEB2032000PE.NFO,07/01/2020,09:16:07,805,802,20,862.05,40,0,14220
BANKNIFTY27FEB2032000PE.NFO,07/01/2020,09:16:09,805,802.5,80,861.45,20,0,14220
BANKNIFTY27FEB2032000PE.NFO,07/01/2020,09:16:09,805,802,20,861.35,40,0,14220
BANKNIFTY27FEB2032000PE.NFO,07/01/2020,09:16:11,805,802,20,861.15,20,0,14220
BANKNIFTY27FEB2032000PE.NFO,07/01/2020,09:16:11,805,802,20,861.05,40,0,14220
BANKNIFTY27FEB2032000PE.NFO,07/01/2020,09:16:12,805,802,20,860.9,40,0,14220
BANKNIFTY27FEB2032000PE.NFO,07/01/2020,09:16:13,805,802,20,851.9,40,0,14220
BANKNIFTY27FEB2032000PE.NFO,07/01/2020,09:16:14,805,802,20,860.55,40,0,14220
BANKNIFTY27FEB2032000PE.NFO,07/01/2020,09:16:15,805,802,20,851.6,40,0,14220
BANKNIFTY27FEB2032000PE.NFO,07/01/2020,09:16:16,805,802,20,858.25,40,0,14220
BANKNIFTY27FEB2032000PE.NFO,07/01/2020,09:16:18,805,802,20,851.25,20,0,14220
BANKNIFTY27FEB2032000PE.NFO,07/01/2020,09:16:19,805,802,20,851.05,20,0,14220
BANKNIFTY27FEB2032000PE.NFO,07/01/2020,09:16:20,805,802,20,860.4,20,0,14220
BANKNIFTY27FEB2032000PE.NFO,07/01/2020,09:16:20,805,802,20,857.8,20,0,14220
BANKNIFTY27FEB2032000PE.NFO,07/01/2020,09:16:21,805,802,20,857.65,40,0,14220
BANKNIFTY27FEB2032000PE.NFO,07/01/2020,09:16:22,805,802,20,857.5,40,0,14220
BANKNIFTY27FEB2032000PE.NFO,07/01/2020,09:16:24,805,802,20,855.5,20,0,14220
BANKNIFTY27FEB2032000PE.NFO,07/01/2020,09:16:24,805,802,20,852.1,20,0,14220
BANKNIFTY27FEB2032000PE.NFO,07/01/2020,09:16:25,805,802,20,851.25,20,0,14220
BANKNIFTY27FEB2032000PE.NFO,07/01/2020,09:16:26,805,802,20,851.05,40,0,14220
BANKNIFTY27FEB2032000PE.NFO,07/01/2020,09:16:27,805,802,20,850.85,40,0,14220
BANKNIFTY27FEB2032000PE.NFO,07/01/2020,09:16:29,805,802,20,850.5,20,0,14220
BANKNIFTY27FEB2032000PE.NFO,07/01/2020,09:16:29,805,802,20,850.45,40,0,14220
BANKNIFTY27FEB2032000PE.NFO,07/01/2020,09:16:31,805,802,20,850.1,20,0,14220
BANKNIFTY27FEB2032000PE.NFO,07/01/2020,09:16:32,805,802,20,849.85,40,0,14220
BANKNIFTY27FEB2032000PE.NFO,07/01/2020,09:16:33,805,802,20,854.55,100,0,14220
BANKNIFTY27FEB2032000PE.NFO,07/01/2020,09:16:34,805,802,20,854.05,20,0,14220
BANKNIFTY27FEB2032000PE.NFO,07/01/2020,09:16:35,805,802,20,849.35,40,0,14220
BANKNIFTY27FEB2032000PE.NFO,07/01/2020,09:16:36,805,802,20,849.15,40,0,14220
BANKNIFTY27FEB2032000PE.NFO,07/01/2020,09:16:37,805,802,20,848.95,40,0,14220
BANKNIFTY27FEB2032000PE.NFO,07/01/2020,09:16:38,805,802,20,848.75,40,0,14220
BANKNIFTY27FEB2032000PE.NFO,07/01/2020,09:16:39,805,802,20,848.55,40,0,14220
BANKNIFTY27FEB2032000PE.NFO,07/01/2020,09:16:41,805,802,20,848.1,20,0,14220
BANKNIFTY27FEB2032000PE.NFO,07/01/2020,09:16:41,805,802,20,848.05,40,0,14220
BANKNIFTY27FEB2032000PE.NFO,07/01/2020,09:16:42,805,802,20,847.75,40,0,14220
BANKNIFTY27FEB2032000PE.NFO,07/01/2020,09:16:43,805,802,20,847.45,40,0,14220
BANKNIFTY27FEB2032000PE.NFO,07/01/2020,09:16:44,805,802,20,847.15,40,0,14220
BANKNIFTY27FEB2032000PE.NFO,07/01/2020,09:16:45,805,802,20,854.6,20,0,14220
BANKNIFTY27FEB2032000PE.NFO,07/01/2020,09:16:46,805,802,20,853.9,20,0,14220
BANKNIFTY27FEB2032000PE.NFO,07/01/2020,09:16:47,805,802,20,853.65,20,0,14220
BANKNIFTY27FEB2032000PE.NFO,07/01/2020,09:16:48,805,802,20,853.15,80,0,14220
BANKNIFTY27FEB2032000PE.NFO,07/01/2020,09:16:49,805,802,20,852.65,60,0,14220
BANKNIFTY27FEB2032000PE.NFO,07/01/2020,09:16:50,805,802,20,852.35,40,0,14220
BANKNIFTY27FEB2032000PE.NFO,07/01/2020,09:16:51,805,802,20,852.05,40,0,14220
BANKNIFTY27FEB2032000PE.NFO,07/01/2020,09:16:52,805,802,20,851.75,40,0,14220
BANKNIFTY27FEB2032000PE.NFO,07/01/2020,09:16:53,805,802,20,851.55,40,0,14220
BANKNIFTY27FEB2032000PE.NFO,07/01/2020,09:16:54,805,802,20,851.35,40,0,14220
BANKNIFTY27FEB2032000PE.NFO,07/01/2020,09:16:55,805,802,20,851.15,40,0,14220
BANKNIFTY27FEB2032000PE.NFO,07/01/2020,09:16:56,805,802,20,850.95,40,0,14220
BANKNIFTY27FEB2032000PE.NFO,07/01/2020,09:16:57,805,802,20,850.75,40,0,14220
BANKNIFTY27FEB2032000PE.NFO,07/01/2020,09:16:59,805,802,20,853.6,20,0,14220
BANKNIFTY27FEB2032000PE.NFO,07/01/2020,09:16:59,805,802,20,850.35,40,0,14220
BANKNIFTY27FEB2032000PE.NFO,07/01/2020,09:17:01,805,802,20,849.95,40,0,14220
BANKNIFTY27FEB2032000PE.NFO,07/01/2020,09:17:01,805,802.35,80,849.95,40,0,14220
BANKNIFTY27FEB2032000PE.NFO,07/01/2020,09:17:03,805,802.5,80,849.65,40,0,14220
BANKNIFTY27FEB2032000PE.NFO,07/01/2020,09:17:04,805,802,20,849.05,40,0,14220
BANKNIFTY27FEB2032000PE.NFO,07/01/2020,09:17:05,805,802,20,848.8,20,0,14220
BANKNIFTY27FEB2032000PE.NFO,07/01/2020,09:17:06,805,802.5,80,848.75,40,0,14220
BANKNIFTY27FEB2032000PE.NFO,07/01/2020,09:17:06,805,802.5,80,848.35,40,0,14220
BANKNIFTY27FEB2032000PE.NFO,07/01/2020,09:17:08,805,802.5,80,847.65,40,0,14220
BANKNIFTY27FEB2032000PE.NFO,07/01/2020,09:17:09,805,802,20,847.35,40,0,14220
BANKNIFTY27FEB2032000PE.NFO,07/01/2020,09:17:10,805,802,20,847.05,40,0,14220
BANKNIFTY27FEB2032000PE.NFO,07/01/2020,09:17:12,805,802,20,846.65,40,0,14220
BANKNIFTY27FEB2032000PE.NFO,07/01/2020,09:17:13,805,802,20,846,20,0,14220
BANKNIFTY27FEB2032000PE.NFO,07/01/2020,09:17:13,805,802,20,845.25,40,0,14220
BANKNIFTY27FEB2032000PE.NFO,07/01/2020,09:17:14,805,802,20,844.95,40,0,14220
BANKNIFTY27FEB2032000PE.NFO,07/01/2020,09:17:15,805,802,20,844.5,20,0,14220
BANKNIFTY27FEB2032000PE.NFO,07/01/2020,09:17:16,805,802,20,843.95,40,0,14220
BANKNIFTY27FEB2032000PE.NFO,07/01/2020,09:17:18,805,802,20,843.35,40,0,14220
BANKNIFTY27FEB2032000PE.NFO,07/01/2020,09:17:19,805,802.5,80,842.75,40,0,14220
BANKNIFTY27FEB2032000PE.NFO,07/01/2020,09:17:20,805,802.5,80,849.8,20,0,14220
BANKNIFTY27FEB2032000PE.NFO,07/01/2020,09:17:21,805,802.5,80,845.95,20,0,14220
BANKNIFTY27FEB2032000PE.NFO,07/01/2020,09:17:21,805,802.5,80,845.65,20,0,14220
BANKNIFTY27FEB2032000PE.NFO,07/01/2020,09:17:22,805,802.5,80,845.15,40,0,14220
BANKNIFTY27FEB2032000PE.NFO,07/01/2020,09:17:23,805,802.5,80,844.65,40,0,14220
BANKNIFTY27FEB2032000PE.NFO,07/01/2020,09:17:24,805,802.5,80,844.25,40,0,14220
BANKNIFTY27FEB2032000PE.NFO,07/01/2020,09:17:25,805,802.5,80,843.55,40,0,14220
BANKNIFTY27FEB2032000PE.NFO,07/01/2020,09:17:26,805,802.5,80,843.05,40,0,14220
BANKNIFTY27FEB2032000PE.NFO,07/01/2020,09:17:27,805,802.5,80,842.65,40,0,14220
BANKNIFTY27FEB2032000PE.NFO,07/01/2020,09:17:29,805,802.5,80,842.15,40,0,14220
BANKNIFTY27FEB2032000PE.NFO,07/01/2020,09:17:30,805,802.5,80,841.75,40,0,14220
BANKNIFTY27FEB2032000PE.NFO,07/01/2020,09:17:31,805,802.5,80,841.2,20,0,14220
BANKNIFTY27FEB2032000PE.NFO,07/01/2020,09:17:31,805,802.5,80,840.95,40,0,14220
BANKNIFTY27FEB2032000PE.NFO,07/01/2020,09:17:32,805,802.5,80,840.55,40,0,14220
BANKNIFTY27FEB2032000PE.NFO,07/01/2020,09:17:33,805,802.5,80,840.25,40,0,14220
BANKNIFTY27FEB2032000PE.NFO,07/01/2020,09:17:34,805,802.5,80,858.75,40,0,14220
BANKNIFTY27FEB2032000PE.NFO,07/01/2020,09:17:35,805,802.5,80,858.45,40,0,14220
BANKNIFTY27FEB2032000PE.NFO,07/01/2020,09:17:36,805,802.5,80,858.1,20,0,14220
BANKNIFTY27FEB2032000PE.NFO,07/01/2020,09:17:37,805,802.5,80,857.65,40,0,14220
BANKNIFTY27FEB2032000PE.NFO,07/01/2020,09:17:39,805,802.5,80,857.35,40,0,14220
BANKNIFTY27FEB2032000PE.NFO,07/01/2020,09:17:39,805,802.5,80,857,20,0,14220
BANKNIFTY27FEB2032000PE.NFO,07/01/2020,09:17:40,805,802.5,80,856.65,40,0,14220
BANKNIFTY27FEB2032000PE.NFO,07/01/2020,09:17:41,805,802.5,80,856.25,40,0,14220
BANKNIFTY27FEB2032000PE.NFO,07/01/2020,09:17:43,805,802.5,80,855.85,40,0,14220
BANKNIFTY27FEB2032000PE.NFO,07/01/2020,09:17:43,805,802.5,80,855.65,40,0,14220
BANKNIFTY27FEB2032000PE.NFO,07/01/2020,09:17:44,805,802.5,80,855.35,40,0,14220
BANKNIFTY27FEB2032000PE.NFO,07/01/2020,09:17:45,805,802.5,80,855.05,40,0,14220
BANKNIFTY27FEB2032000PE.NFO,07/01/2020,09:17:46,805,802.5,80,854.75,40,0,14220
BANKNIFTY27FEB2032000PE.NFO,07/01/2020,09:17:47,805,802.5,80,854.45,40,0,14220
BANKNIFTY27FEB2032000PE.NFO,07/01/2020,09:17:49,805,802.5,80,854.15,40,0,14220
BANKNIFTY27FEB2032000PE.NFO,07/01/2020,09:17:50,805,802.5,80,853.75,40,0,14220
BANKNIFTY27FEB2032000PE.NFO,07/01/2020,09:17:51,805,802.5,80,853.45,40,0,14220
BANKNIFTY27FEB2032000PE.NFO,07/01/2020,09:17:52,805,802.5,80,870.75,20,0,14220
BANKNIFTY27FEB2032000PE.NFO,07/01/2020,09:17:53,805,802.5,80,869,20,0,14220
BANKNIFTY27FEB2032000PE.NFO,07/01/2020,09:17:54,805,802.5,80,868.6,40,0,14220
BANKNIFTY27FEB2032000PE.NFO,07/01/2020,09:17:54,805,802.5,80,857.9,40,0,14220
BANKNIFTY27FEB2032000PE.NFO,07/01/2020,09:17:55,805,802.5,80,857.5,40,0,14220
BANKNIFTY27FEB2032000PE.NFO,07/01/2020,09:17:56,805,802.5,80,857.1,40,0,14220
BANKNIFTY27FEB2032000PE.NFO,07/01/2020,09:17:57,805,802.5,80,870.8,40,0,14220
BANKNIFTY27FEB2032000PE.NFO,07/01/2020,09:17:58,805,802.5,80,870.3,40,0,14220
BANKNIFTY27FEB2032000PE.NFO,07/01/2020,09:17:59,805,803,80,869.9,40,0,14220
BANKNIFTY27FEB2032000PE.NFO,07/01/2020,09:18:01,805,803,80,870.7,40,0,14220
BANKNIFTY27FEB2032000PE.NFO,07/01/2020,09:18:02,805,803,80,870.3,40,0,14220
BANKNIFTY27FEB2032000PE.NFO,07/01/2020,09:18:03,805,803,80,870.95,60,0,14220
BANKNIFTY27FEB2032000PE.NFO,07/01/2020,09:18:04,805,803,80,869.7,40,0,14220
BANKNIFTY27FEB2032000PE.NFO,07/01/2020,09:18:05,805,803,80,868.2,40,0,14220
BANKNIFTY27FEB2032000PE.NFO,07/01/2020,09:18:05,805,803,80,867.3,20,0,14220
BANKNIFTY27FEB2032000PE.NFO,07/01/2020,09:18:06,805,803,80,866.5,20,0,14220
BANKNIFTY27FEB2032000PE.NFO,07/01/2020,09:18:07,805,803,80,865.9,20,0,14220
BANKNIFTY27FEB2032000PE.NFO,07/01/2020,09:18:09,805,803,80,865.6,40,0,14220
BANKNIFTY27FEB2032000PE.NFO,07/01/2020,09:18:10,805,803.55,80,865.2,40,0,14220
BANKNIFTY27FEB2032000PE.NFO,07/01/2020,09:18:11,805,804.1,80,864.8,40,0,14220
BANKNIFTY27FEB2032000PE.NFO,07/01/2020,09:18:12,805,805.2,80,864.4,40,0,14220
BANKNIFTY27FEB2032000PE.NFO,07/01/2020,09:18:13,805,806.35,20,865.35,40,0,14220
BANKNIFTY27FEB2032000PE.NFO,07/01/2020,09:18:13,805,806.35,20,865.05,40,0,14220
BANKNIFTY27FEB2032000PE.NFO,07/01/2020,09:18:14,805,807.45,20,864.65,40,0,14220
BANKNIFTY27FEB2032000PE.NFO,07/01/2020,09:18:16,805,808.55,20,864.25,40,0,14220
BANKNIFTY27FEB2032000PE.NFO,07/01/2020,09:18:17,805,809.65,20,863.65,20,0,14220
BANKNIFTY27FEB2032000PE.NFO,07/01/2020,09:18:18,805,810.75,20,862.4,20,0,14220
BANKNIFTY27FEB2032000PE.NFO,07/01/2020,09:18:19,805,814,20,861.85,20,0,14220
BANKNIFTY27FEB2032000PE.NFO,07/01/2020,09:18:19,805,814,20,861.6,40,0,14220
BANKNIFTY27FEB2032000PE.NFO,07/01/2020,09:18:20,805,803.6,20,861.2,40,0,14220
BANKNIFTY27FEB2032000PE.NFO,07/01/2020,09:18:21,805,805.25,20,860.85,20,0,14220
BANKNIFTY27FEB2032000PE.NFO,07/01/2020,09:18:23,805,806.9,20,860.5,40,0,14220
BANKNIFTY27FEB2032000PE.NFO,07/01/2020,09:18:24,805,808.95,80,860.1,20,0,14220
BANKNIFTY27FEB2032000PE.NFO,07/01/2020,09:18:25,805,805.8,20,858.15,20,0,14220
BANKNIFTY27FEB2032000PE.NFO,07/01/2020,09:18:25,805,805.8,20,857.9,40,0,14220
BANKNIFTY27FEB2032000PE.NFO,07/01/2020,09:18:26,805,808,20,857.3,20,0,14220
BANKNIFTY27FEB2032000PE.NFO,07/01/2020,09:18:27,805,803.05,20,856.85,40,0,14220
BANKNIFTY27FEB2032000PE.NFO,07/01/2020,09:18:29,805,804.7,20,856.45,40,0,14220
BANKNIFTY27FEB2032000PE.NFO,07/01/2020,09:18:30,805,806.9,20,853.55,40,0,14220
BANKNIFTY27FEB2032000PE.NFO,07/01/2020,09:18:31,805,809.65,20,853.15,40,0,14220
BANKNIFTY27FEB2032000PE.NFO,07/01/2020,09:18:32,805,812.4,20,852.75,40,0,14220
BANKNIFTY27FEB2032000PE.NFO,07/01/2020,09:18:33,805,805.8,20,852.2,20,0,14220
BANKNIFTY27FEB2032000PE.NFO,07/01/2020,09:18:33,805,806.3,80,858.65,20,0,14220
BANKNIFTY27FEB2032000PE.NFO,07/01/2020,09:18:34,805,809.1,20,857.7,40,0,14220
BANKNIFTY27FEB2032000PE.NFO,07/01/2020,09:18:36,805,811.8,80,857.2,40,0,14220
BANKNIFTY27FEB2032000PE.NFO,07/01/2020,09:18:36,805,804.6,80,856.65,40,0,14220
BANKNIFTY27FEB2032000PE.NFO,07/01/2020,09:18:38,805,811.8,20,860.9,60,0,14220
BANKNIFTY27FEB2032000PE.NFO,07/01/2020,09:18:39,805,815.6,80,860.15,40,0,14220
BANKNIFTY27FEB2032000PE.NFO,07/01/2020,09:18:40,805,818.9,80,859.9,20,0,14220
BANKNIFTY27FEB2032000PE.NFO,07/01/2020,09:18:41,805,805.25,80,869.95,20,0,14220
BANKNIFTY27FEB2032000PE.NFO,07/01/2020,09:18:42,805,803,80,868.85,20,0,14220
BANKNIFTY27FEB2032000PE.NFO,07/01/2020,09:18:43,805,804.75,80,868.35,20,0,14220
BANKNIFTY27FEB2032000PE.NFO,07/01/2020,09:18:43,805,804.8,20,868.1,40,0,14220
BANKNIFTY27FEB2032000PE.NFO,07/01/2020,09:18:44,805,806.4,80,874.2,20,0,14220
BANKNIFTY27FEB2032000PE.NFO,07/01/2020,09:18:45,805,808.05,80,868,20,0,14220
BANKNIFTY27FEB2032000PE.NFO,07/01/2020,09:18:46,805,809.7,80,867.75,40,0,14220
BANKNIFTY27FEB2032000PE.NFO,07/01/2020,09:18:48,805,810.8,80,878.3,20,0,14220
BANKNIFTY27FEB2032000PE.NFO,07/01/2020,09:18:49,805,811.9,80,873.4,20,0,14220
BANKNIFTY27FEB2032000PE.NFO,07/01/2020,09:18:50,805,813.6,20,871.6,20,0,14220
BANKNIFTY27FEB2032000PE.NFO,07/01/2020,09:18:50,805,814.1,80,870.5,20,0,14220
BANKNIFTY27FEB2032000PE.NFO,07/01/2020,09:18:51,805,815.2,80,869.8,40,0,14220
BANKNIFTY27FEB2032000PE.NFO,07/01/2020,09:18:52,805,815.75,80,869.4,40,0,14220
BANKNIFTY27FEB2032000PE.NFO,07/01/2020,09:18:54,805,803.55,80,867.25,40,0,14220
BANKNIFTY27FEB2032000PE.NFO,07/01/2020,09:18:55,805,804.35,80,867,40,0,14220
BANKNIFTY27FEB2032000PE.NFO,07/01/2020,09:18:56,805,805.8,80,869.05,20,0,14220
BANKNIFTY27FEB2032000PE.NFO,07/01/2020,09:18:57,805,806.65,80,868.7,40,0,14220
BANKNIFTY27FEB2032000PE.NFO,07/01/2020,09:19:00,805,808.05,80,865.95,40,0,14220
BANKNIFTY27FEB2032000PE.NFO,07/01/2020,09:19:00,805,808.6,80,865.55,40,0,14220
BANKNIFTY27FEB2032000PE.NFO,07/01/2020,09:19:01,805,809.15,80,865.15,40,0,14220
BANKNIFTY27FEB2032000PE.NFO,07/01/2020,09:19:03,805,809.7,80,864.65,40,0,14220
BANKNIFTY27FEB2032000PE.NFO,07/01/2020,09:19:04,805,810.25,80,864.15,40,0,14220
BANKNIFTY27FEB2032000PE.NFO,07/01/2020,09:19:05,805,810.8,80,866.55,40,0,14220
BANKNIFTY27FEB2032000PE.NFO,07/01/2020,09:19:06,805,811.35,80,866.05,40,0,14220
BANKNIFTY27FEB2032000PE.NFO,07/01/2020,09:19:07,805,811.9,80,865.85,40,0,14220
BANKNIFTY27FEB2032000PE.NFO,07/01/2020,09:19:08,805,812.45,80,865.35,40,0,14220
BANKNIFTY27FEB2032000PE.NFO,07/01/2020,09:19:09,805,813.05,20,864.8,20,0,14220
BANKNIFTY27FEB2032000PE.NFO,07/01/2020,09:19:10,805,813.6,20,868.45,40,0,14220
BANKNIFTY27FEB2032000PE.NFO,07/01/2020,09:19:11,805,814.15,20,868.05,60,0,14220
BANKNIFTY27FEB2032000PE.NFO,07/01/2020,09:19:12,805,814.7,20,867.25,20,0,14220
BANKNIFTY27FEB2032000PE.NFO,07/01/2020,09:19:13,805,815.25,20,866.55,40,0,14220
BANKNIFTY27FEB2032000PE.NFO,07/01/2020,09:19:14,805,815.8,20,866.15,40,0,14220
BANKNIFTY27FEB2032000PE.NFO,07/01/2020,09:19:15,805,816.35,20,865.7,40,0,14220
BANKNIFTY27FEB2032000PE.NFO,07/01/2020,09:19:16,805,817.4,80,864.8,40,0,14220
BANKNIFTY27FEB2032000PE.NFO,07/01/2020,09:19:16,805,817.4,80,864.55,20,0,14220
BANKNIFTY27FEB2032000PE.NFO,07/01/2020,09:19:17,805,817.95,80,861.2,20,0,14220
BANKNIFTY27FEB2032000PE.NFO,07/01/2020,09:19:18,805,818.5,80,860.8,20,0,14220
BANKNIFTY27FEB2032000PE.NFO,07/01/2020,09:19:19,805,819.05,80,860.35,40,0,14220
BANKNIFTY27FEB2032000PE.NFO,07/01/2020,09:19:20,805,819.6,80,859.85,40,0,14220
BANKNIFTY27FEB2032000PE.NFO,07/01/2020,09:19:22,805,820.15,80,861.85,20,0,14220
BANKNIFTY27FEB2032000PE.NFO,07/01/2020,09:19:23,805,821.25,80,859.5,40,0,14220
BANKNIFTY27FEB2032000PE.NFO,07/01/2020,09:19:23,805,821.25,80,859.35,20,0,14220
BANKNIFTY27FEB2032000PE.NFO,07/01/2020,09:19:25,805,821.85,20,858.5,20,0,14220
BANKNIFTY27FEB2032000PE.NFO,07/01/2020,09:19:26,805,822.35,80,858.25,40,0,14220
BANKNIFTY27FEB2032000PE.NFO,07/01/2020,09:19:26,805,822.9,80,857.85,40,0,14220
BANKNIFTY27FEB2032000PE.NFO,07/01/2020,09:19:27,805,822.95,20,856.7,40,0,14220
BANKNIFTY27FEB2032000PE.NFO,07/01/2020,09:19:28,805,803.15,80,855.9,20,0,14220
BANKNIFTY27FEB2032000PE.NFO,07/01/2020,09:19:29,805,804.2,80,855.45,40,0,14220
BANKNIFTY27FEB2032000PE.NFO,07/01/2020,09:19:30,805,804.85,80,854.95,40,0,14220
BANKNIFTY27FEB2032000PE.NFO,07/01/2020,09:19:31,805,805.4,80,854.45,40,0,14220
BANKNIFTY27FEB2032000PE.NFO,07/01/2020,09:19:32,805,805.95,80,860.1,20,0,14220
BANKNIFTY27FEB2032000PE.NFO,07/01/2020,09:19:33,805,806.6,80,859.65,40,0,14220
BANKNIFTY27FEB2032000PE.NFO,07/01/2020,09:19:35,805,807.2,20,859.15,40,0,14220
BANKNIFTY27FEB2032000PE.NFO,07/01/2020,09:19:36,805,807.75,20,858.55,40,0,14220
BANKNIFTY27FEB2032000PE.NFO,07/01/2020,09:19:37,805,808.85,80,861,40,0,14220
BANKNIFTY27FEB2032000PE.NFO,07/01/2020,09:19:38,805,808.9,20,860.4,40,0,14220
BANKNIFTY27FEB2032000PE.NFO,07/01/2020,09:19:39,805,809.45,20,860.15,20,0,14220
BANKNIFTY27FEB2032000PE.NFO,07/01/2020,09:19:40,805,810,20,859.7,40,0,14220
BANKNIFTY27FEB2032000PE.NFO,07/01/2020,09:19:41,805,810.55,20,859.15,20,0,14220
BANKNIFTY27FEB2032000PE.NFO,07/01/2020,09:19:41,805,811.05,80,858.7,20,0,14220
BANKNIFTY27FEB2032000PE.NFO,07/01/2020,09:19:42,805,811.6,80,857.5,20,0,14220
BANKNIFTY27FEB2032000PE.NFO,07/01/2020,09:19:43,805,812.15,80,857.3,20,0,14220
BANKNIFTY27FEB2032000PE.NFO,07/01/2020,09:19:44,805,812.7,80,844.15,40,0,14220
BANKNIFTY27FEB2032000PE.NFO,07/01/2020,09:19:45,805,813.25,80,843.1,20,0,14220
BANKNIFTY27FEB2032000PE.NFO,07/01/2020,09:19:46,805,813.8,80,842.15,20,0,14220
BANKNIFTY27FEB2032000PE.NFO,07/01/2020,09:19:47,805,814.35,80,846.35,20,0,14220
BANKNIFTY27FEB2032000PE.NFO,07/01/2020,09:19:48,805,814.9,80,842.65,40,0,14220
BANKNIFTY27FEB2032000PE.NFO,07/01/2020,09:19:49,805,815.45,80,848.55,20,0,14220
BANKNIFTY27FEB2032000PE.NFO,07/01/2020,09:19:50,805,816,80,844.4,20,0,14220
BANKNIFTY27FEB2032000PE.NFO,07/01/2020,09:19:51,805,816.55,80,841.75,20,0,14220
BANKNIFTY27FEB2032000PE.NFO,07/01/2020,09:19:53,805,817.15,20,840.45,40,0,14220
BANKNIFTY27FEB2032000PE.NFO,07/01/2020,09:19:54,805,817.7,20,838.4,20,0,14220
BANKNIFTY27FEB2032000PE.NFO,07/01/2020,09:19:55,805,818.25,20,842.15,40,0,14220
BANKNIFTY27FEB2032000PE.NFO,07/01/2020,09:19:56,805,819.3,80,839.25,20,0,14220
BANKNIFTY27FEB2032000PE.NFO,07/01/2020,09:19:57,805,819.85,80,838.6,20,0,14220
BANKNIFTY27FEB2032000PE.NFO,07/01/2020,09:19:58,805,803,80,846.45,20,0,14220
BANKNIFTY27FEB2032000PE.NFO,07/01/2020,09:19:59,805,803.55,80,836.65,20,0,14220
BANKNIFTY27FEB2032000PE.NFO,07/01/2020,09:20:00,805,804.1,80,835.25,20,0,14220
BANKNIFTY27FEB2032000PE.NFO,07/01/2020,09:20:01,805,804.65,80,832.85,20,0,14220
BANKNIFTY27FEB2032000PE.NFO,07/01/2020,09:20:02,805,805.2,80,837,20,0,14220
BANKNIFTY27FEB2032000PE.NFO,07/01/2020,09:20:04,805,805.75,80,834.5,20,0,14220
BANKNIFTY27FEB2032000PE.NFO,07/01/2020,09:20:04,805,806.3,80,832.5,20,0,14220
BANKNIFTY27FEB2032000PE.NFO,07/01/2020,09:20:05,805,806.85,80,835.9,20,0,14220
BANKNIFTY27FEB2032000PE.NFO,07/01/2020,09:20:06,805,807.4,80,830.3,20,0,14220
BANKNIFTY27FEB2032000PE.NFO,07/01/2020,09:20:07,805,807.95,80,829.7,20,0,14220
BANKNIFTY27FEB2032000PE.NFO,07/01/2020,09:20:08,805,808.5,80,834.5,20,0,14220
BANKNIFTY27FEB2032000PE.NFO,07/01/2020,09:20:10,805,809.1,20,832.25,40,0,14220
BANKNIFTY27FEB2032000PE.NFO,07/01/2020,09:20:10,805,809.6,80,850,20,0,14220
BANKNIFTY27FEB2032000PE.NFO,07/01/2020,09:20:12,805,810.7,80,843.7,20,0,14220
BANKNIFTY27FEB2032000PE.NFO,07/01/2020,09:20:13,805,810.75,20,830.75,20,0,14220
BANKNIFTY27FEB2032000PE.NFO,07/01/2020,09:20:13,805,811.25,80,830.75,20,0,14220
BANKNIFTY27FEB2032000PE.NFO,07/01/2020,09:20:15,805,803.55,80,837.9,20,0,14220
BANKNIFTY27FEB2032000PE.NFO,07/01/2020,09:20:16,805,803.6,20,828.2,20,0,14220
BANKNIFTY27FEB2032000PE.NFO,07/01/2020,09:20:17,805,804.15,20,830.45,20,0,14220
BANKNIFTY27FEB2032000PE.NFO,07/01/2020,09:20:17,805,804.65,80,834.6,20,0,14220
BANKNIFTY27FEB2032000PE.NFO,07/01/2020,09:20:18,805,805.2,80,825.4,20,0,14220
BANKNIFTY27FEB2032000PE.NFO,07/01/2020,09:20:19,805,805.75,80,824.3,20,0,14220
BANKNIFTY27FEB2032000PE.NFO,07/01/2020,09:20:20,805,806.3,80,828.6,20,0,14220
BANKNIFTY27FEB2032000PE.NFO,07/01/2020,09:20:21,805,803,80,824,20,0,14220
BANKNIFTY27FEB2032000PE.NFO,07/01/2020,09:20:22,805,803.55,80,828.55,20,0,14220
BANKNIFTY27FEB2032000PE.NFO,07/01/2020,09:20:23,805,804.1,80,828.45,20,0,14220
BANKNIFTY27FEB2032000PE.NFO,07/01/2020,09:20:24,805,804.65,80,828.45,20,0,14220
BANKNIFTY27FEB2032000PE.NFO,07/01/2020,09:20:25,805,805.2,80,828.25,20,0,14220
BANKNIFTY27FEB2032000PE.NFO,07/01/2020,09:20:26,805,805.75,80,827.9,20,0,14220
BANKNIFTY27FEB2032000PE.NFO,07/01/2020,09:20:28,805,806.3,80,827.6,20,0,14220
BANKNIFTY27FEB2032000PE.NFO,07/01/2020,09:20:29,805,806.85,80,827.75,20,0,14220
BANKNIFTY27FEB2032000PE.NFO,07/01/2020,09:20:29,805,809.85,80,827.55,20,0,14220
BANKNIFTY27FEB2032000PE.NFO,07/01/2020,09:20:31,805,803.6,20,822.2,20,0,14220
BANKNIFTY27FEB2032000PE.NFO,07/01/2020,09:20:32,805,804.15,20,822.9,20,0,14220
BANKNIFTY27FEB2032000PE.NFO,07/01/2020,09:20:33,805,804.7,20,820.95,20,0,14220
BANKNIFTY27FEB2032000PE.NFO,07/01/2020,09:20:34,805,805.25,20,825.1,20,0,14220
BANKNIFTY27FEB2032000PE.NFO,07/01/2020,09:20:35,805,805.8,20,829.15,20,0,14220
BANKNIFTY27FEB2032000PE.NFO,07/01/2020,09:20:36,805,806.85,80,825.75,20,0,14220
BANKNIFTY27FEB2032000PE.NFO,07/01/2020,09:20:38,806.85,803,80,825.95,20,20,14220
BANKNIFTY27FEB2032000PE.NFO,07/01/2020,09:20:38,806.85,803,80,825.95,20,0,14220
BANKNIFTY27FEB2032000PE.NFO,07/01/2020,09:20:39,806.85,803.6,20,829.75,20,0,14220
BANKNIFTY27FEB2032000PE.NFO,07/01/2020,09:20:40,806.85,804.15,20,828.9,20,0,14220
BANKNIFTY27FEB2032000PE.NFO,07/01/2020,09:20:41,806.85,804.7,20,836.1,20,0,14220
BANKNIFTY27FEB2032000PE.NFO,07/01/2020,09:20:42,806.85,805.25,20,837.25,20,0,14220
BANKNIFTY27FEB2032000PE.NFO,07/01/2020,09:20:43,806.85,805.8,20,825.95,20,0,14220
BANKNIFTY27FEB2032000PE.NFO,07/01/2020,09:20:44,806.85,806.85,80,825.3,20,0,14220
BANKNIFTY27FEB2032000PE.NFO,07/01/2020,09:20:46,806.85,803,80,821.8,20,0,14220
BANKNIFTY27FEB2032000PE.NFO,07/01/2020,09:20:47,806.85,803.6,20,825.8,40,0,14220
BANKNIFTY27FEB2032000PE.NFO,07/01/2020,09:20:48,806.85,804.1,80,824.85,20,0,14220
BANKNIFTY27FEB2032000PE.NFO,07/01/2020,09:20:49,806.85,803,80,817.55,20,0,14220
BANKNIFTY27FEB2032000PE.NFO,07/01/2020,09:20:50,806.85,803,80,817.8,20,0,14220
BANKNIFTY27FEB2032000PE.NFO,07/01/2020,09:20:52,806.85,803,80,821.7,20,0,14220
BANKNIFTY27FEB2032000PE.NFO,07/01/2020,09:20:53,806.85,803,80,813.15,20,0,14220
BANKNIFTY27FEB2032000PE.NFO,07/01/2020,09:20:54,806.85,803,80,810.45,20,0,14220
BANKNIFTY27FEB2032000PE.NFO,07/01/2020,09:20:55,806.85,803,80,809.6,20,0,14220
BANKNIFTY27FEB2032000PE.NFO,07/01/2020,09:20:57,806.85,803,80,817.05,20,0,14220
BANKNIFTY27FEB2032000PE.NFO,07/01/2020,09:20:58,806.85,803,80,815.55,20,0,14220
BANKNIFTY27FEB2032000PE.NFO,07/01/2020,09:20:59,806.85,803,80,811.9,20,0,14220
BANKNIFTY27FEB2032000PE.NFO,07/01/2020,09:21:00,806.85,803,80,811.1,20,0,14220
BANKNIFTY27FEB2032000PE.NFO,07/01/2020,09:21:01,806.85,803,80,818.4,20,0,14220
BANKNIFTY27FEB2032000PE.NFO,07/01/2020,09:21:03,806.85,803,80,830.9,20,0,14220
BANKNIFTY27FEB2032000PE.NFO,07/01/2020,09:21:04,806.85,802.5,20,824.95,20,0,14220
BANKNIFTY27FEB2032000PE.NFO,07/01/2020,09:21:05,802.5,802,20,823.2,20,20,14220
BANKNIFTY27FEB2032000PE.NFO,07/01/2020,09:21:05,802.5,802,20,823.2,20,0,14220
BANKNIFTY27FEB2032000PE.NFO,07/01/2020,09:21:06,802.5,802,20,822.75,20,0,14220
BANKNIFTY27FEB2032000PE.NFO,07/01/2020,09:21:07,802.5,802,20,822.3,40,0,14220
BANKNIFTY27FEB2032000PE.NFO,07/01/2020,09:21:09,802.5,802,20,822.15,20,0,14220
BANKNIFTY27FEB2032000PE.NFO,07/01/2020,09:21:10,802.5,802,20,821.9,20,0,14220
BANKNIFTY27FEB2032000PE.NFO,07/01/2020,09:21:11,802.5,802,20,818.05,20,0,14220
BANKNIFTY27FEB2032000PE.NFO,07/01/2020,09:21:12,818,802,20,815.5,20,40,14220
BANKNIFTY27FEB2032000PE.NFO,07/01/2020,09:21:12,818,802,20,815.5,20,0,14220
BANKNIFTY27FEB2032000PE.NFO,07/01/2020,09:21:13,818,802,20,815,20,0,14220
BANKNIFTY27FEB2032000PE.NFO,07/01/2020,09:21:14,818,802,20,830.85,20,0,14220
BANKNIFTY27FEB2032000PE.NFO,07/01/2020,09:21:16,802,748.15,20,812.25,20,20,14220
BANKNIFTY27FEB2032000PE.NFO,07/01/2020,09:21:16,802,748.15,20,812.25,20,0,14220
BANKNIFTY27FEB2032000PE.NFO,07/01/2020,09:21:17,802,750.25,60,811.65,20,0,14220
BANKNIFTY27FEB2032000PE.NFO,07/01/2020,09:21:18,802,750.9,100,819.1,20,0,14220
BANKNIFTY27FEB2032000PE.NFO,07/01/2020,09:21:19,802,751.45,60,812.6,20,0,14220
BANKNIFTY27FEB2032000PE.NFO,07/01/2020,09:21:21,802,752.1,120,810.35,20,0,14220
BANKNIFTY27FEB2032000PE.NFO,07/01/2020,09:21:22,802,753.25,60,829.9,20,0,14220
BANKNIFTY27FEB2032000PE.NFO,07/01/2020,09:21:23,802,754,60,819,20,0,14220
BANKNIFTY27FEB2032000PE.NFO,07/01/2020,09:21:24,802,754.5,40,818.65,20,0,14220
BANKNIFTY27FEB2032000PE.NFO,07/01/2020,09:21:26,802,754.95,40,818.35,20,0,14220
BANKNIFTY27FEB2032000PE.NFO,07/01/2020,09:21:27,802,755.6,80,818,20,0,14220
BANKNIFTY27FEB2032000PE.NFO,07/01/2020,09:21:28,802,756.2,60,814.45,20,0,14220
BANKNIFTY27FEB2032000PE.NFO,07/01/2020,09:21:29,802,756.7,80,814.7,20,0,14220
BANKNIFTY27FEB2032000PE.NFO,07/01/2020,09:21:30,802,757.25,60,815.7,20,0,14220
BANKNIFTY27FEB2032000PE.NFO,07/01/2020,09:21:31,802,757.7,100,814.95,20,0,14220
BANKNIFTY27FEB2032000PE.NFO,07/01/2020,09:21:33,802,758.15,80,830.9,20,0,14220
BANKNIFTY27FEB2032000PE.NFO,07/01/2020,09:21:34,802,758.6,40,819.6,20,0,14220
BANKNIFTY27FEB2032000PE.NFO,07/01/2020,09:21:35,802,759.3,40,816.8,20,0,14220
BANKNIFTY27FEB2032000PE.NFO,07/01/2020,09:21:36,802,759.9,100,816.35,20,0,14220
BANKNIFTY27FEB2032000PE.NFO,07/01/2020,09:21:38,802,760.85,60,823.95,20,0,14220
BANKNIFTY27FEB2032000PE.NFO,07/01/2020,09:21:39,802,761.35,80,818.65,20,0,14220
BANKNIFTY27FEB2032000PE.NFO,07/01/2020,09:21:41,802,761.8,80,818.45,20,0,14220
BANKNIFTY27FEB2032000PE.NFO,07/01/2020,09:21:42,802,762.7,20,816.55,20,0,14220
BANKNIFTY27FEB2032000PE.NFO,07/01/2020,09:21:43,802,763.35,20,813.55,20,0,14220
BANKNIFTY27FEB2032000PE.NFO,07/01/2020,09:21:44,802,763.8,60,830.7,40,0,14220
BANKNIFTY27FEB2032000PE.NFO,07/01/2020,09:21:45,802,764.2,80,828.6,40,0,14220
BANKNIFTY27FEB2032000PE.NFO,07/01/2020,09:21:47,802,765.7,20,827.2,60,0,14220
BANKNIFTY27FEB2032000PE.NFO,07/01/2020,09:21:48,802,766.3,40,826.05,40,0,14220
BANKNIFTY27FEB2032000PE.NFO,07/01/2020,09:21:49,802,766.8,40,825.65,20,0,14220
BANKNIFTY27FEB2032000PE.NFO,07/01/2020,09:21:50,802,767.25,40,825.45,40,0,14220
BANKNIFTY27FEB2032000PE.NFO,07/01/2020,09:21:52,802,767.7,100,825.15,40,0,14220
BANKNIFTY27FEB2032000PE.NFO,07/01/2020,09:21:53,802,768.4,60,824.65,40,0,14220
BANKNIFTY27FEB2032000PE.NFO,07/01/2020,09:21:54,802,768.95,40,828.05,20,0,14220
BANKNIFTY27FEB2032000PE.NFO,07/01/2020,09:21:55,802,721.3,20,827.65,20,0,14220
BANKNIFTY27FEB2032000PE.NFO,07/01/2020,09:21:56,802,730.95,20,827.35,20,0,14220
BANKNIFTY27FEB2032000PE.NFO,07/01/2020,09:21:57,802,733.6,20,826.95,20,0,14220
BANKNIFTY27FEB2032000PE.NFO,07/01/2020,09:21:59,802,734.6,20,826.55,20,0,14220
BANKNIFTY27FEB2032000PE.NFO,07/01/2020,09:22:00,802,739.75,60,825.9,20,0,14220
BANKNIFTY27FEB2032000PE.NFO,07/01/2020,09:22:01,802,740.75,100,825.15,20,0,14220
BANKNIFTY27FEB2032000PE.NFO,07/01/2020,09:22:02,802,741.6,20,825.8,20,0,14220
BANKNIFTY27FEB2032000PE.NFO,07/01/2020,09:22:03,802,742.1,20,825.45,20,0,14220
BANKNIFTY27FEB2032000PE.NFO,07/01/2020,09:22:05,802,742.5,40,821.15,40,0,14220
BANKNIFTY27FEB2032000PE.NFO,07/01/2020,09:22:06,802,743.15,40,820.5,20,0,14220
BANKNIFTY27FEB2032000PE.NFO,07/01/2020,09:22:07,802,780.85,20,824,20,0,14220
BANKNIFTY27FEB2032000PE.NFO,07/01/2020,09:22:08,802,783.6,40,823.7,20,0,14220
BANKNIFTY27FEB2032000PE.NFO,07/01/2020,09:22:10,802,784.8,20,802,20,0,14220
BANKNIFTY27FEB2032000PE.NFO,07/01/2020,09:22:11,825.8,768.7,20,824.25,20,100,14220
BANKNIFTY27FEB2032000PE.NFO,07/01/2020,09:22:11,825.8,768.7,20,824.25,20,0,14220
BANKNIFTY27FEB2032000PE.NFO,07/01/2020,09:22:12,825.8,713,20,823.85,20,0,14220
BANKNIFTY27FEB2032000PE.NFO,07/01/2020,09:22:13,825.8,715.4,20,823.4,20,0,14220
BANKNIFTY27FEB2032000PE.NFO,07/01/2020,09:22:15,825.8,721.15,20,823.1,20,0,14220
BANKNIFTY27FEB2032000PE.NFO,07/01/2020,09:22:16,825.8,726.6,20,822.75,20,0,14220
BANKNIFTY27FEB2032000PE.NFO,07/01/2020,09:22:17,825.8,727.45,60,822.3,20,0,14220
BANKNIFTY27FEB2032000PE.NFO,07/01/2020,09:22:18,825.8,730.1,100,821.85,20,0,14220
BANKNIFTY27FEB2032000PE.NFO,07/01/2020,09:22:19,825.8,755.5,40,821.6,20,0,14220
BANKNIFTY27FEB2032000PE.NFO,07/01/2020,09:22:20,825.8,756,100,821.35,20,0,14220
BANKNIFTY27FEB2032000PE.NFO,07/01/2020,09:22:21,825.8,756.65,20,821.05,20,0,14220
BANKNIFTY27FEB2032000PE.NFO,07/01/2020,09:22:23,825.8,757.1,40,820.85,20,0,14220
BANKNIFTY27FEB2032000PE.NFO,07/01/2020,09:22:24,825.8,757.8,20,820.35,20,0,14220
BANKNIFTY27FEB2032000PE.NFO,07/01/2020,09:22:25,825.8,758.3,40,819.8,20,0,14220
BANKNIFTY27FEB2032000PE.NFO,07/01/2020,09:22:26,825.8,758.75,60,818.7,40,0,14220
BANKNIFTY27FEB2032000PE.NFO,07/01/2020,09:22:27,825.8,759.4,40,818.4,40,0,14220
BANKNIFTY27FEB2032000PE.NFO,07/01/2020,09:22:28,825.8,759.9,40,818.1,40,0,14220
BANKNIFTY27FEB2032000PE.NFO,07/01/2020,09:22:29,825.8,760.35,100,817.85,20,0,14220
BANKNIFTY27FEB2032000PE.NFO,07/01/2020,09:22:31,825.8,761.15,60,817.5,20,0,14220
BANKNIFTY27FEB2032000PE.NFO,07/01/2020,09:22:32,825.8,761.7,60,818,20,0,14220
BANKNIFTY27FEB2032000PE.NFO,07/01/2020,09:22:33,825.8,762.7,20,817.5,20,0,14220
BANKNIFTY27FEB2032000PE.NFO,07/01/2020,09:22:34,825.8,763.4,60,817.1,20,0,14220
BANKNIFTY27FEB2032000PE.NFO,07/01/2020,09:22:35,825.8,764.05,100,820,20,0,14220
BANKNIFTY27FEB2032000PE.NFO,07/01/2020,09:22:36,825.8,764.8,20,819.7,20,0,14220
BANKNIFTY27FEB2032000PE.NFO,07/01/2020,09:22:37,825.8,765.6,20,819.4,20,0,14220
BANKNIFTY27FEB2032000PE.NFO,07/01/2020,09:22:38,825.8,766.15,100,819.8,40,0,14220
BANKNIFTY27FEB2032000PE.NFO,07/01/2020,09:22:39,825.8,766.6,60,819.5,40,0,14220
BANKNIFTY27FEB2032000PE.NFO,07/01/2020,09:22:41,825.8,755.1,80,819.2,40,0,14220
BANKNIFTY27FEB2032000PE.NFO,07/01/2020,09:22:42,825.8,756.25,40,818.75,20,0,14220
BANKNIFTY27FEB2032000PE.NFO,07/01/2020,09:22:43,825.8,757,20,818.45,20,0,14220
BANKNIFTY27FEB2032000PE.NFO,07/01/2020,09:22:44,825.8,758,20,819.95,20,0,14220
BANKNIFTY27FEB2032000PE.NFO,07/01/2020,09:22:45,825.8,758.6,40,820.6,20,0,14220
BANKNIFTY27FEB2032000PE.NFO,07/01/2020,09:22:46,825.8,759.05,40,819.35,20,0,14220
BANKNIFTY27FEB2032000PE.NFO,07/01/2020,09:22:48,825.8,770.2,20,820.95,20,0,14220
BANKNIFTY27FEB2032000PE.NFO,07/01/2020,09:22:49,825.8,770.2,20,818.7,20,0,14220
BANKNIFTY27FEB2032000PE.NFO,07/01/2020,09:22:50,825.8,770.2,20,818.1,20,0,14220
BANKNIFTY27FEB2032000PE.NFO,07/01/2020,09:22:51,825.8,770.2,20,817.65,20,0,14220
BANKNIFTY27FEB2032000PE.NFO,07/01/2020,09:22:52,825.8,770.2,20,817.2,20,0,14220
BANKNIFTY27FEB2032000PE.NFO,07/01/2020,09:22:53,825.8,770.2,20,820.75,20,0,14220
BANKNIFTY27FEB2032000PE.NFO,07/01/2020,09:22:54,825.8,770.2,20,820.45,20,0,14220
BANKNIFTY27FEB2032000PE.NFO,07/01/2020,09:22:55,825.8,770.2,20,820,20,0,14220
BANKNIFTY27FEB2032000PE.NFO,07/01/2020,09:22:57,825.8,770.2,20,819.65,20,0,14220
BANKNIFTY27FEB2032000PE.NFO,07/01/2020,09:22:58,825.8,770.2,20,819.25,20,0,14220
BANKNIFTY27FEB2032000PE.NFO,07/01/2020,09:22:59,825.8,770.2,20,809.7,20,0,14220
BANKNIFTY27FEB2032000PE.NFO,07/01/2020,09:23:00,825.8,770.2,20,809.25,20,0,14220
BANKNIFTY27FEB2032000PE.NFO,07/01/2020,09:23:01,825.8,770.2,20,809.75,20,0,14220
BANKNIFTY27FEB2032000PE.NFO,07/01/2020,09:23:03,825.8,770.2,20,809.15,20,0,14220
BANKNIFTY27FEB2032000PE.NFO,07/01/2020,09:23:04,825.8,770.2,20,808.55,20,0,14220
BANKNIFTY27FEB2032000PE.NFO,07/01/2020,09:23:05,825.8,770.2,20,808.15,20,0,14220
BANKNIFTY27FEB2032000PE.NFO,07/01/2020,09:23:07,825.8,780,20,809.75,20,0,14220
BANKNIFTY27FEB2032000PE.NFO,07/01/2020,09:23:08,825.8,780.05,20,809,20,0,14220
BANKNIFTY27FEB2032000PE.NFO,07/01/2020,09:23:09,825.8,780.05,20,808.35,20,0,14220
BANKNIFTY27FEB2032000PE.NFO,07/01/2020,09:23:10,825.8,780.05,20,807.85,20,0,14220
BANKNIFTY27FEB2032000PE.NFO,07/01/2020,09:23:12,825.8,780.05,20,800,100,0,14220
BANKNIFTY27FEB2032000PE.NFO,07/01/2020,09:23:13,800,780.05,20,800,20,80,14140
BANKNIFTY27FEB2032000PE.NFO,07/01/2020,09:23:13,800,780.05,20,800,20,0,14140
BANKNIFTY27FEB2032000PE.NFO,07/01/2020,09:23:14,800,780.05,20,800,20,0,14140
BANKNIFTY27FEB2032000PE.NFO,07/01/2020,09:23:20,800,780,20,800,20,0,14140
BANKNIFTY27FEB2032000PE.NFO,07/01/2020,09:23:22,800,780.05,20,800,20,0,14140
BANKNIFTY27FEB2032000PE.NFO,07/01/2020,09:23:34,790,780.05,20,800,20,100,14140
BANKNIFTY27FEB2032000PE.NFO,07/01/2020,09:23:34,790,780.05,20,800,20,0,14140
BANKNIFTY27FEB2032000PE.NFO,07/01/2020,09:23:35,790,780.05,20,800,20,0,14140
BANKNIFTY27FEB2032000PE.NFO,07/01/2020,09:23:45,790,780.05,20,800,20,20,14140
BANKNIFTY27FEB2032000PE.NFO,07/01/2020,09:23:51,790,780.05,20,800,20,0,14140
BANKNIFTY27FEB2032000PE.NFO,07/01/2020,09:24:16,790,780.05,20,819.15,20,20,14140
BANKNIFTY27FEB2032000PE.NFO,07/01/2020,09:24:17,790,780.05,20,818.4,20,0,14140
BANKNIFTY27FEB2032000PE.NFO,07/01/2020,09:24:18,790,780.05,20,817.95,20,0,14140
BANKNIFTY27FEB2032000PE.NFO,07/01/2020,09:24:19,790,780.05,20,819.2,20,0,14140
BANKNIFTY27FEB2032000PE.NFO,07/01/2020,09:24:20,790,780.05,20,818.6,20,0,14140
BANKNIFTY27FEB2032000PE.NFO,07/01/2020,09:24:21,790,780.05,20,818.2,20,0,14140
BANKNIFTY27FEB2032000PE.NFO,07/01/2020,09:24:22,790,780.05,20,817.7,20,0,14140
BANKNIFTY27FEB2032000PE.NFO,07/01/2020,09:24:24,790,780.05,20,819.4,20,0,14140
BANKNIFTY27FEB2032000PE.NFO,07/01/2020,09:24:25,790,780.05,20,818.9,20,0,14140
BANKNIFTY27FEB2032000PE.NFO,07/01/2020,09:24:26,790,780.05,20,818.05,20,0,14140
BANKNIFTY27FEB2032000PE.NFO,07/01/2020,09:24:27,790,780.05,20,817.7,20,0,14140
BANKNIFTY27FEB2032000PE.NFO,07/01/2020,09:24:28,790,780.05,20,817.3,20,0,14140
BANKNIFTY27FEB2032000PE.NFO,07/01/2020,09:24:29,790,780.05,20,816.8,20,0,14140
BANKNIFTY27FEB2032000PE.NFO,07/01/2020,09:24:30,790,780.05,20,816.3,20,0,14140
BANKNIFTY27FEB2032000PE.NFO,07/01/2020,09:24:32,790,780.05,20,815.9,20,0,14140
BANKNIFTY27FEB2032000PE.NFO,07/01/2020,09:24:33,790,780.2,20,815.25,20,0,14140
BANKNIFTY27FEB2032000PE.NFO,07/01/2020,09:24:34,790,780.2,20,814.6,20,0,14140
BANKNIFTY27FEB2032000PE.NFO,07/01/2020,09:24:35,790,780.2,20,819.6,20,0,14140
BANKNIFTY27FEB2032000PE.NFO,07/01/2020,09:24:37,790,780.2,20,819.2,20,0,14140
BANKNIFTY27FEB2032000PE.NFO,07/01/2020,09:24:38,790,780.2,20,818.8,20,0,14140
BANKNIFTY27FEB2032000PE.NFO,07/01/2020,09:24:39,800,780.2,20,800,20,80,14140
BANKNIFTY27FEB2032000PE.NFO,07/01/2020,09:24:40,800,780.2,20,819.4,20,20,14140
BANKNIFTY27FEB2032000PE.NFO,07/01/2020,09:24:41,800,780.2,20,819.1,20,0,14140
BANKNIFTY27FEB2032000PE.NFO,07/01/2020,09:24:43,800,780.2,20,819.6,20,0,14140
BANKNIFTY27FEB2032000PE.NFO,07/01/2020,09:24:44,800,780.3,20,819.6,20,0,14140
BANKNIFTY27FEB2032000PE.NFO,07/01/2020,09:24:45,800,780.25,40,819.65,20,0,14140
BANKNIFTY27FEB2032000PE.NFO,07/01/2020,09:24:46,800,780.7,20,819.65,20,0,14140
BANKNIFTY27FEB2032000PE.NFO,07/01/2020,09:24:48,800,781.15,100,819.65,20,0,14140
BANKNIFTY27FEB2032000PE.NFO,07/01/2020,09:24:49,800,782.1,20,819.65,20,0,14140
BANKNIFTY27FEB2032000PE.NFO,07/01/2020,09:24:50,800,780.75,40,819.65,20,0,14140
BANKNIFTY27FEB2032000PE.NFO,07/01/2020,09:24:51,800,781.65,20,819.65,20,0,14140
BANKNIFTY27FEB2032000PE.NFO,07/01/2020,09:24:52,800,782.3,40,819.65,20,0,14140
BANKNIFTY27FEB2032000PE.NFO,07/01/2020,09:24:53,800,780.5,60,819.6,20,0,14140
BANKNIFTY27FEB2032000PE.NFO,07/01/2020,09:24:55,800,781.3,60,819.65,20,0,14140
BANKNIFTY27FEB2032000PE.NFO,07/01/2020,09:24:56,800,782.25,40,819.65,20,0,14140
BANKNIFTY27FEB2032000PE.NFO,07/01/2020,09:24:57,800,782.85,40,819.6,20,0,14140
BANKNIFTY27FEB2032000PE.NFO,07/01/2020,09:24:58,800,780.65,40,819.65,20,0,14140
BANKNIFTY27FEB2032000PE.NFO,07/01/2020,09:25:00,800,781.45,60,819.65,20,0,14140
BANKNIFTY27FEB2032000PE.NFO,07/01/2020,09:25:01,800,782.3,40,819.65,20,0,14140
BANKNIFTY27FEB2032000PE.NFO,07/01/2020,09:25:02,800,780.2,20,819.6,20,0,14140
BANKNIFTY27FEB2032000PE.NFO,07/01/2020,09:25:03,800,785.2,20,819.6,20,0,14140
BANKNIFTY27FEB2032000PE.NFO,07/01/2020,09:25:06,800,785.2,20,819.5,20,0,14140
BANKNIFTY27FEB2032000PE.NFO,07/01/2020,09:25:07,800,785.2,20,819.6,20,0,14140
BANKNIFTY27FEB2032000PE.NFO,07/01/2020,09:25:09,800,785.2,20,819.1,20,0,14140
BANKNIFTY27FEB2032000PE.NFO,07/01/2020,09:25:10,800,785.2,20,819.2,20,0,14140
BANKNIFTY27FEB2032000PE.NFO,07/01/2020,09:25:11,800,785.2,20,819.55,20,0,14140
BANKNIFTY27FEB2032000PE.NFO,07/01/2020,09:25:12,800,785.2,20,818.9,20,0,14140
BANKNIFTY27FEB2032000PE.NFO,07/01/2020,09:25:13,800,785.2,20,819.3,20,0,14140
BANKNIFTY27FEB2032000PE.NFO,07/01/2020,09:25:15,800,785.2,20,818.8,20,0,14140
BANKNIFTY27FEB2032000PE.NFO,07/01/2020,09:25:16,800,785.2,20,818.95,20,0,14140
BANKNIFTY27FEB2032000PE.NFO,07/01/2020,09:25:17,800,785.2,20,819.6,20,0,14140
BANKNIFTY27FEB2032000PE.NFO,07/01/2020,09:25:18,800,785.2,20,819.65,20,0,14140
BANKNIFTY27FEB2032000PE.NFO,07/01/2020,09:25:20,800,785.2,20,819.25,20,0,14140
BANKNIFTY27FEB2032000PE.NFO,07/01/2020,09:25:22,800,785.2,20,819.2,20,0,14140
BANKNIFTY27FEB2032000PE.NFO,07/01/2020,09:25:23,800,785.2,20,819.35,20,0,14140
BANKNIFTY27FEB2032000PE.NFO,07/01/2020,09:25:24,800,785.2,20,819.3,20,0,14140
BANKNIFTY27FEB2032000PE.NFO,07/01/2020,09:25:25,800,785.2,20,819.65,20,0,14140
BANKNIFTY27FEB2032000PE.NFO,07/01/2020,09:25:38,819.65,785.7,40,821,20,20,14140
BANKNIFTY27FEB2032000PE.NFO,07/01/2020,09:25:40,819.65,785.85,40,821,20,0,14140
BANKNIFTY27FEB2032000PE.NFO,07/01/2020,09:25:41,819.65,786.3,40,821,20,0,14140
BANKNIFTY27FEB2032000PE.NFO,07/01/2020,09:25:42,819.65,786.2,40,821,20,0,14140
BANKNIFTY27FEB2032000PE.NFO,07/01/2020,09:25:43,819.65,785.75,40,821,20,0,14140
BANKNIFTY27FEB2032000PE.NFO,07/01/2020,09:25:44,819.65,785.7,40,821,20,0,14140
BANKNIFTY27FEB2032000PE.NFO,07/01/2020,09:25:46,819.65,785.55,40,821,20,0,14140
BANKNIFTY27FEB2032000PE.NFO,07/01/2020,09:25:47,819.65,785.75,40,821,20,0,14140
BANKNIFTY27FEB2032000PE.NFO,07/01/2020,09:25:48,819.65,785.7,80,821,20,0,14140
BANKNIFTY27FEB2032000PE.NFO,07/01/2020,09:25:49,819.65,786.5,40,821,20,0,14140
BANKNIFTY27FEB2032000PE.NFO,07/01/2020,09:25:50,819.65,785.2,40,820.95,20,0,14140
BANKNIFTY27FEB2032000PE.NFO,07/01/2020,09:25:53,819.65,785.2,40,821,20,0,14140
BANKNIFTY27FEB2032000PE.NFO,07/01/2020,09:26:06,819.65,785.3,40,821,20,0,14140
BANKNIFTY27FEB2032000PE.NFO,07/01/2020,09:26:07,821,785.5,40,843.6,40,20,14140
BANKNIFTY27FEB2032000PE.NFO,07/01/2020,09:26:08,821,785.55,40,843.2,20,0,14140
BANKNIFTY27FEB2032000PE.NFO,07/01/2020,09:26:10,821,785.5,40,842.9,20,0,14140
BANKNIFTY27FEB2032000PE.NFO,07/01/2020,09:26:11,821,785.8,40,842.3,40,0,14140
BANKNIFTY27FEB2032000PE.NFO,07/01/2020,09:26:12,821,785.95,40,844.45,20,0,14140
BANKNIFTY27FEB2032000PE.NFO,07/01/2020,09:26:13,821,785.65,40,841.5,20,0,14140
BANKNIFTY27FEB2032000PE.NFO,07/01/2020,09:26:14,821,787.15,40,841.1,20,0,14140
BANKNIFTY27FEB2032000PE.NFO,07/01/2020,09:26:16,821,786.1,40,843.65,20,0,14140
BANKNIFTY27FEB2032000PE.NFO,07/01/2020,09:26:17,821,787.4,120,842.8,20,0,14140
BANKNIFTY27FEB2032000PE.NFO,07/01/2020,09:26:18,821,788.25,80,842.05,20,0,14140
BANKNIFTY27FEB2032000PE.NFO,07/01/2020,09:26:19,821,788.75,80,841.65,20,0,14140
BANKNIFTY27FEB2032000PE.NFO,07/01/2020,09:26:20,821,789.8,40,841.25,20,0,14140
BANKNIFTY27FEB2032000PE.NFO,07/01/2020,09:26:22,821,786.3,80,840.7,20,0,14140
BANKNIFTY27FEB2032000PE.NFO,07/01/2020,09:26:23,821,787.35,40,840.1,20,0,14140
BANKNIFTY27FEB2032000PE.NFO,07/01/2020,09:26:24,821,788.05,40,849.5,20,0,14140
BANKNIFTY27FEB2032000PE.NFO,07/01/2020,09:26:26,821,789.2,40,849,20,0,14140
BANKNIFTY27FEB2032000PE.NFO,07/01/2020,09:26:27,821,790.8,80,848.25,20,0,14140
BANKNIFTY27FEB2032000PE.NFO,07/01/2020,09:26:28,821,785.55,40,849.3,20,0,14140
BANKNIFTY27FEB2032000PE.NFO,07/01/2020,09:26:29,821,786.3,40,848.95,20,0,14140
BANKNIFTY27FEB2032000PE.NFO,07/01/2020,09:26:30,821,787.05,80,847,20,0,14140
BANKNIFTY27FEB2032000PE.NFO,07/01/2020,09:26:32,821,785.45,40,846.6,20,0,14140
BANKNIFTY27FEB2032000PE.NFO,07/01/2020,09:26:33,821,787.9,40,846,20,0,14140
BANKNIFTY27FEB2032000PE.NFO,07/01/2020,09:26:34,821,786.05,80,845.4,20,0,14140
BANKNIFTY27FEB2032000PE.NFO,07/01/2020,09:26:35,821,787.15,80,844.9,20,0,14140
BANKNIFTY27FEB2032000PE.NFO,07/01/2020,09:26:37,821,788.25,40,846.35,20,0,14140
BANKNIFTY27FEB2032000PE.NFO,07/01/2020,09:26:38,821,789.65,40,845.7,20,0,14140
BANKNIFTY27FEB2032000PE.NFO,07/01/2020,09:26:39,821,790.6,40,845.05,20,0,14140
BANKNIFTY27FEB2032000PE.NFO,07/01/2020,09:26:40,821,791.65,40,844.8,20,0,14140
BANKNIFTY27FEB2032000PE.NFO,07/01/2020,09:26:41,821,792.3,80,844.45,40,0,14140
BANKNIFTY27FEB2032000PE.NFO,07/01/2020,09:26:43,821,793,40,844.05,20,0,14140
BANKNIFTY27FEB2032000PE.NFO,07/01/2020,09:26:44,821,785.8,40,843.3,20,0,14140
BANKNIFTY27FEB2032000PE.NFO,07/01/2020,09:26:45,821,787,80,842.8,20,0,14140
BANKNIFTY27FEB2032000PE.NFO,07/01/2020,09:26:46,821,788.45,40,842.25,20,0,14140
BANKNIFTY27FEB2032000PE.NFO,07/01/2020,09:26:48,821,789.85,40,849.65,20,0,14140
BANKNIFTY27FEB2032000PE.NFO,07/01/2020,09:26:49,821,791.4,120,840.95,20,0,14140
BANKNIFTY27FEB2032000PE.NFO,07/01/2020,09:26:50,821,792.4,40,840.6,20,0,14140
BANKNIFTY27FEB2032000PE.NFO,07/01/2020,09:26:51,821,793.5,80,840.05,20,0,14140
BANKNIFTY27FEB2032000PE.NFO,07/01/2020,09:26:52,821,794.4,40,839.6,20,0,14140
BANKNIFTY27FEB2032000PE.NFO,07/01/2020,09:26:53,821,795.05,40,852,20,0,14140
BANKNIFTY27FEB2032000PE.NFO,07/01/2020,09:26:55,821,785.65,40,853.45,20,0,14140
BANKNIFTY27FEB2032000PE.NFO,07/01/2020,09:26:56,821,786.75,40,837.7,20,0,14140
BANKNIFTY27FEB2032000PE.NFO,07/01/2020,09:26:57,821,787.7,40,852.25,20,0,14140
BANKNIFTY27FEB2032000PE.NFO,07/01/2020,09:26:58,821,788.5,80,851.6,20,0,14140
BANKNIFTY27FEB2032000PE.NFO,07/01/2020,09:26:59,821,789.45,40,850.9,20,0,14140
BANKNIFTY27FEB2032000PE.NFO,07/01/2020,09:27:00,821,790.4,40,850.3,20,0,14140
BANKNIFTY27FEB2032000PE.NFO,07/01/2020,09:27:02,821,791.1,80,849.6,20,0,14140
BANKNIFTY27FEB2032000PE.NFO,07/01/2020,09:27:03,821,792.8,80,848.7,20,0,14140
BANKNIFTY27FEB2032000PE.NFO,07/01/2020,09:27:04,821,794.35,20,848.2,20,0,14140
BANKNIFTY27FEB2032000PE.NFO,07/01/2020,09:27:05,821,796.1,20,853.9,20,0,14140
BANKNIFTY27FEB2032000PE.NFO,07/01/2020,09:27:07,821,797.9,20,854.45,20,0,14140
BANKNIFTY27FEB2032000PE.NFO,07/01/2020,09:27:08,821,785.65,20,853.8,20,0,14140
BANKNIFTY27FEB2032000PE.NFO,07/01/2020,09:27:09,821,786.85,20,853.45,40,0,14140
BANKNIFTY27FEB2032000PE.NFO,07/01/2020,09:27:10,821,788.2,20,853.05,40,0,14140
BANKNIFTY27FEB2032000PE.NFO,07/01/2020,09:27:11,821,789.45,20,854.1,20,0,14140
BANKNIFTY27FEB2032000PE.NFO,07/01/2020,09:27:12,821,790.5,60,852.35,20,0,14140
BANKNIFTY27FEB2032000PE.NFO,07/01/2020,09:27:13,821,792.55,20,851.95,20,0,14140
BANKNIFTY27FEB2032000PE.NFO,07/01/2020,09:27:14,821,794.1,20,853.15,20,0,14140
BANKNIFTY27FEB2032000PE.NFO,07/01/2020,09:27:15,821,795.5,60,852.75,20,0,14140
BANKNIFTY27FEB2032000PE.NFO,07/01/2020,09:27:16,821,785.65,20,852.15,20,0,14140
BANKNIFTY27FEB2032000PE.NFO,07/01/2020,09:27:17,821,787.45,20,851.75,20,0,14140
BANKNIFTY27FEB2032000PE.NFO,07/01/2020,09:27:18,821,789.05,20,854.75,20,0,14140
BANKNIFTY27FEB2032000PE.NFO,07/01/2020,09:27:19,821,790.3,20,853.85,20,0,14140
BANKNIFTY27FEB2032000PE.NFO,07/01/2020,09:27:20,821,791.85,20,853.4,20,0,14140
BANKNIFTY27FEB2032000PE.NFO,07/01/2020,09:27:21,821,793.35,20,852.95,20,0,14140
BANKNIFTY27FEB2032000PE.NFO,07/01/2020,09:27:21,821,793.45,20,852.95,20,0,14140
BANKNIFTY27FEB2032000PE.NFO,07/01/2020,09:27:23,821,795,20,853.4,20,0,14140
BANKNIFTY27FEB2032000PE.NFO,07/01/2020,09:27:24,821,796.6,20,853.05,20,0,14140
BANKNIFTY27FEB2032000PE.NFO,07/01/2020,09:27:25,821,785.2,20,852.2,20,0,14140
BANKNIFTY27FEB2032000PE.NFO,07/01/2020,09:27:26,821,786.55,20,851.7,20,0,14140
BANKNIFTY27FEB2032000PE.NFO,07/01/2020,09:27:27,821,788.5,20,851.05,20,0,14140
BANKNIFTY27FEB2032000PE.NFO,07/01/2020,09:27:28,821,789.9,20,850.45,20,0,14140
BANKNIFTY27FEB2032000PE.NFO,07/01/2020,09:27:29,821,791.2,20,849.95,20,0,14140
BANKNIFTY27FEB2032000PE.NFO,07/01/2020,09:27:30,821,792.75,20,849.55,20,0,14140
BANKNIFTY27FEB2032000PE.NFO,07/01/2020,09:27:31,821,793.5,80,849.2,20,0,14140
BANKNIFTY27FEB2032000PE.NFO,07/01/2020,09:27:32,821,795.75,20,848.75,20,0,14140
BANKNIFTY27FEB2032000PE.NFO,07/01/2020,09:27:33,821,797.05,20,848.35,20,0,14140
BANKNIFTY27FEB2032000PE.NFO,07/01/2020,09:27:34,821,785.9,20,847.85,20,0,14140
BANKNIFTY27FEB2032000PE.NFO,07/01/2020,09:27:34,821,786,20,847.85,20,0,14140
BANKNIFTY27FEB2032000PE.NFO,07/01/2020,09:27:36,821,787.95,60,852.95,20,0,14140
BANKNIFTY27FEB2032000PE.NFO,07/01/2020,09:27:37,821,790.2,40,846.9,20,0,14140
BANKNIFTY27FEB2032000PE.NFO,07/01/2020,09:27:38,821,791.2,20,848.95,20,0,14140
BANKNIFTY27FEB2032000PE.NFO,07/01/2020,09:27:39,821,792.25,20,848.65,20,0,14140
BANKNIFTY27FEB2032000PE.NFO,07/01/2020,09:27:40,821,793.85,20,846.1,20,0,14140
BANKNIFTY27FEB2032000PE.NFO,07/01/2020,09:27:41,821,786.2,20,845.8,20,0,14140
BANKNIFTY27FEB2032000PE.NFO,07/01/2020,09:27:42,821,788.05,20,845.5,20,0,14140
BANKNIFTY27FEB2032000PE.NFO,07/01/2020,09:27:43,821,789.95,20,847.4,20,0,14140
BANKNIFTY27FEB2032000PE.NFO,07/01/2020,09:27:44,821,791.5,20,851.6,20,0,14140
BANKNIFTY27FEB2032000PE.NFO,07/01/2020,09:27:45,821,791.6,20,851.6,20,0,14140
BANKNIFTY27FEB2032000PE.NFO,07/01/2020,09:27:46,821,793.2,20,844.15,20,0,14140
BANKNIFTY27FEB2032000PE.NFO,07/01/2020,09:27:47,821,794.75,20,843.55,20,0,14140
BANKNIFTY27FEB2032000PE.NFO,07/01/2020,09:27:48,821,796.35,20,843.05,20,0,14140
BANKNIFTY27FEB2032000PE.NFO,07/01/2020,09:27:49,821,797.75,20,852.55,20,0,14140
BANKNIFTY27FEB2032000PE.NFO,07/01/2020,09:27:50,821,799.25,20,851.75,20,0,14140
BANKNIFTY27FEB2032000PE.NFO,07/01/2020,09:27:51,821,786.2,20,850.2,20,0,14140
BANKNIFTY27FEB2032000PE.NFO,07/01/2020,09:27:52,821,787.25,20,849.6,20,0,14140
BANKNIFTY27FEB2032000PE.NFO,07/01/2020,09:27:53,821,789.05,20,848.4,20,0,14140
BANKNIFTY27FEB2032000PE.NFO,07/01/2020,09:27:54,821,790.7,20,847.5,20,0,14140
BANKNIFTY27FEB2032000PE.NFO,07/01/2020,09:27:55,821,790.75,20,847.5,20,0,14140
BANKNIFTY27FEB2032000PE.NFO,07/01/2020,09:27:56,821,792.55,20,847,20,0,14140
BANKNIFTY27FEB2032000PE.NFO,07/01/2020,09:27:57,821,794.5,20,846.55,20,0,14140
BANKNIFTY27FEB2032000PE.NFO,07/01/2020,09:27:58,821,787.25,20,845.95,20,0,14140
BANKNIFTY27FEB2032000PE.NFO,07/01/2020,09:27:59,821,788.9,20,845.5,20,0,14140
BANKNIFTY27FEB2032000PE.NFO,07/01/2020,09:28:00,821,789.9,20,845.1,20,0,14140
BANKNIFTY27FEB2032000PE.NFO,07/01/2020,09:28:01,821,790.65,20,844.75,20,0,14140
BANKNIFTY27FEB2032000PE.NFO,07/01/2020,09:28:02,821,791.65,20,844.35,20,0,14140
BANKNIFTY27FEB2032000PE.NFO,07/01/2020,09:28:03,821,792.65,20,844,20,0,14140
BANKNIFTY27FEB2032000PE.NFO,07/01/2020,09:28:04,821,793.55,20,843.65,20,0,14140
BANKNIFTY27FEB2032000PE.NFO,07/01/2020,09:28:05,821,795.25,20,843.25,20,0,14140
BANKNIFTY27FEB2032000PE.NFO,07/01/2020,09:28:06,821,796.7,20,842.75,20,0,14140
BANKNIFTY27FEB2032000PE.NFO,07/01/2020,09:28:07,821,798.3,20,842.15,20,0,14140
BANKNIFTY27FEB2032000PE.NFO,07/01/2020,09:28:08,830,787.2,20,853.45,20,100,14500
BANKNIFTY27FEB2032000PE.NFO,07/01/2020,09:28:08,830,787.2,20,853.45,20,0,14500
BANKNIFTY27FEB2032000PE.NFO,07/01/2020,09:28:09,830,788.55,20,851.4,40,0,14500
BANKNIFTY27FEB2032000PE.NFO,07/01/2020,09:28:10,830,790.2,20,850.6,20,0,14500
BANKNIFTY27FEB2032000PE.NFO,07/01/2020,09:28:11,830,791.3,20,850.3,20,0,14500
BANKNIFTY27FEB2032000PE.NFO,07/01/2020,09:28:12,830,792.45,20,852.35,20,0,14500
BANKNIFTY27FEB2032000PE.NFO,07/01/2020,09:28:13,830,793.35,20,849.1,20,0,14500
BANKNIFTY27FEB2032000PE.NFO,07/01/2020,09:28:14,830,785.6,20,845.3,20,0,14500
BANKNIFTY27FEB2032000PE.NFO,07/01/2020,09:28:15,830,787.2,20,844.95,20,0,14500
BANKNIFTY27FEB2032000PE.NFO,07/01/2020,09:28:16,830,789,20,844.45,20,0,14500
BANKNIFTY27FEB2032000PE.NFO,07/01/2020,09:28:17,830,790.6,20,843.95,20,0,14500
BANKNIFTY27FEB2032000PE.NFO,07/01/2020,09:28:18,830,792.4,20,843.4,20,0,14500
BANKNIFTY27FEB2032000PE.NFO,07/01/2020,09:28:19,830,793.95,20,842.85,20,0,14500
BANKNIFTY27FEB2032000PE.NFO,07/01/2020,09:28:20,830,795.5,20,842.4,20,0,14500
BANKNIFTY27FEB2032000PE.NFO,07/01/2020,09:28:21,830,797.3,20,841.8,20,0,14500
BANKNIFTY27FEB2032000PE.NFO,07/01/2020,09:28:22,830,799,20,852.55,20,0,14500
BANKNIFTY27FEB2032000PE.NFO,07/01/2020,09:28:23,830,788.15,20,851.7,40,0,14500
BANKNIFTY27FEB2032000PE.NFO,07/01/2020,09:28:24,830,790.65,40,851.3,20,0,14500
BANKNIFTY27FEB2032000PE.NFO,07/01/2020,09:28:25,830,792.2,20,850.85,20,0,14500
BANKNIFTY27FEB2032000PE.NFO,07/01/2020,09:28:26,830,793.85,20,850.55,20,0,14500
BANKNIFTY27FEB2032000PE.NFO,07/01/2020,09:28:27,830,794.9,60,850.2,20,0,14500
BANKNIFTY27FEB2032000PE.NFO,07/01/2020,09:28:28,830,796.6,20,846.6,20,0,14500
BANKNIFTY27FEB2032000PE.NFO,07/01/2020,09:28:29,830,798.2,20,843.85,20,0,14500
BANKNIFTY27FEB2032000PE.NFO,07/01/2020,09:28:30,830,799.8,20,841.9,20,0,14500
BANKNIFTY27FEB2032000PE.NFO,07/01/2020,09:28:31,830,787.3,20,841.3,20,0,14500
BANKNIFTY27FEB2032000PE.NFO,07/01/2020,09:28:32,830,790.3,20,844.15,20,0,14500
BANKNIFTY27FEB2032000PE.NFO,07/01/2020,09:28:33,830,793.35,20,841.7,20,0,14500
BANKNIFTY27FEB2032000PE.NFO,07/01/2020,09:28:34,830,794.8,40,842,20,0,14500
BANKNIFTY27FEB2032000PE.NFO,07/01/2020,09:28:35,830,795.45,20,860.5,20,0,14500
BANKNIFTY27FEB2032000PE.NFO,07/01/2020,09:28:36,830,797.15,20,860.1,20,0,14500
BANKNIFTY27FEB2032000PE.NFO,07/01/2020,09:28:37,830,799.35,20,859.75,20,0,14500
BANKNIFTY27FEB2032000PE.NFO,07/01/2020,09:28:38,830,801.3,20,859.15,20,0,14500
BANKNIFTY27FEB2032000PE.NFO,07/01/2020,09:28:39,830,787.5,20,858.7,20,0,14500
BANKNIFTY27FEB2032000PE.NFO,07/01/2020,09:28:40,830,790.15,20,858.2,20,0,14500
BANKNIFTY27FEB2032000PE.NFO,07/01/2020,09:28:41,830,792,40,857.65,20,0,14500
BANKNIFTY27FEB2032000PE.NFO,07/01/2020,09:28:42,830,793.7,20,860,40,0,14500
BANKNIFTY27FEB2032000PE.NFO,07/01/2020,09:28:43,830,796.1,20,859.3,20,0,14500
BANKNIFTY27FEB2032000PE.NFO,07/01/2020,09:28:44,830,800.05,20,858.7,20,0,14500
BANKNIFTY27FEB2032000PE.NFO,07/01/2020,09:28:45,830,801.7,20,857.95,20,0,14500
BANKNIFTY27FEB2032000PE.NFO,07/01/2020,09:28:46,830,801.05,20,857.2,20,0,14500
BANKNIFTY27FEB2032000PE.NFO,07/01/2020,09:28:47,830,800.75,20,856.7,20,0,14500
BANKNIFTY27FEB2032000PE.NFO,07/01/2020,09:28:48,830,801.45,20,856.1,20,0,14500
BANKNIFTY27FEB2032000PE.NFO,07/01/2020,09:28:49,830,800.85,20,855.5,20,0,14500
BANKNIFTY27FEB2032000PE.NFO,07/01/2020,09:28:50,830,800.45,20,855,20,0,14500
BANKNIFTY27FEB2032000PE.NFO,07/01/2020,09:28:51,830,800.05,20,854.5,20,0,14500
BANKNIFTY27FEB2032000PE.NFO,07/01/2020,09:28:52,830,800.05,20,854,20,0,14500
BANKNIFTY27FEB2032000PE.NFO,07/01/2020,09:28:53,830,800.05,20,853.45,20,0,14500
BANKNIFTY27FEB2032000PE.NFO,07/01/2020,09:28:54,830,800.05,20,853.05,20,0,14500
BANKNIFTY27FEB2032000PE.NFO,07/01/2020,09:28:55,830,800.05,20,854.95,20,0,14500
BANKNIFTY27FEB2032000PE.NFO,07/01/2020,09:28:56,830,800.05,20,854.5,20,0,14500
BANKNIFTY27FEB2032000PE.NFO,07/01/2020,09:28:57,830,800.05,20,857.5,40,0,14500
BANKNIFTY27FEB2032000PE.NFO,07/01/2020,09:28:58,830,800.05,20,856.95,20,0,14500
BANKNIFTY27FEB2032000PE.NFO,07/01/2020,09:28:59,830,800.05,20,856.35,20,0,14500
BANKNIFTY27FEB2032000PE.NFO,07/01/2020,09:29:00,830,800.05,20,855.85,20,0,14500
BANKNIFTY27FEB2032000PE.NFO,07/01/2020,09:29:01,830,800.05,20,856.9,20,0,14500
BANKNIFTY27FEB2032000PE.NFO,07/01/2020,09:29:02,830,800.05,20,856.45,20,0,14500
BANKNIFTY27FEB2032000PE.NFO,07/01/2020,09:29:03,830,800.05,20,856,20,0,14500
BANKNIFTY27FEB2032000PE.NFO,07/01/2020,09:29:04,830,800.05,20,855.55,20,0,14500
BANKNIFTY27FEB2032000PE.NFO,07/01/2020,09:29:05,830,800.05,20,855.65,20,0,14500
BANKNIFTY27FEB2032000PE.NFO,07/01/2020,09:29:06,830,800.05,20,855.25,20,0,14500
BANKNIFTY27FEB2032000PE.NFO,07/01/2020,09:29:07,830,805.05,20,853.9,20,0,14500
BANKNIFTY27FEB2032000PE.NFO,07/01/2020,09:29:08,830,805.05,20,853.2,20,0,14500
BANKNIFTY27FEB2032000PE.NFO,07/01/2020,09:29:09,830,805.05,20,852.85,20,0,14500
BANKNIFTY27FEB2032000PE.NFO,07/01/2020,09:29:10,830,805,100,852.25,20,0,14500
BANKNIFTY27FEB2032000PE.NFO,07/01/2020,09:29:11,830,805,100,851.75,20,0,14500
BANKNIFTY27FEB2032000PE.NFO,07/01/2020,09:29:12,830,805,100,851.4,20,0,14500
BANKNIFTY27FEB2032000PE.NFO,07/01/2020,09:29:13,830,805,100,851.05,20,0,14500
BANKNIFTY27FEB2032000PE.NFO,07/01/2020,09:29:14,830,805,100,850.65,20,0,14500
BANKNIFTY27FEB2032000PE.NFO,07/01/2020,09:29:15,830,805.05,20,850.25,20,0,14500
BANKNIFTY27FEB2032000PE.NFO,07/01/2020,09:29:16,830,805.05,20,849.9,20,0,14500
BANKNIFTY27FEB2032000PE.NFO,07/01/2020,09:29:17,830,805.05,20,853.5,20,0,14500
BANKNIFTY27FEB2032000PE.NFO,07/01/2020,09:29:18,830,805,100,853.1,20,0,14500
BANKNIFTY27FEB2032000PE.NFO,07/01/2020,09:29:19,830,805,100,852.3,20,0,14500
BANKNIFTY27FEB2032000PE.NFO,07/01/2020,09:29:20,830,805.05,20,851.9,20,0,14500
BANKNIFTY27FEB2032000PE.NFO,07/01/2020,09:29:21,830,805,100,851.45,20,0,14500
BANKNIFTY27FEB2032000PE.NFO,07/01/2020,09:29:22,830,805.05,20,851,20,0,14500
BANKNIFTY27FEB2032000PE.NFO,07/01/2020,09:29:23,830,805,100,850.55,20,0,14500
BANKNIFTY27FEB2032000PE.NFO,07/01/2020,09:29:24,830,805,100,853.9,20,0,14500
BANKNIFTY27FEB2032000PE.NFO,07/01/2020,09:29:25,830,805,100,853.15,20,0,14500
BANKNIFTY27FEB2032000PE.NFO,07/01/2020,09:29:26,830,805.05,20,852.65,20,0,14500
BANKNIFTY27FEB2032000PE.NFO,07/01/2020,09:29:27,830,805,100,852.15,20,0,14500
BANKNIFTY27FEB2032000PE.NFO,07/01/2020,09:29:28,830,805.05,20,854.65,20,0,14500
BANKNIFTY27FEB2032000PE.NFO,07/01/2020,09:29:29,830,805.05,20,851.3,20,0,14500
BANKNIFTY27FEB2032000PE.NFO,07/01/2020,09:29:30,830,805.05,20,850.8,20,0,14500
BANKNIFTY27FEB2032000PE.NFO,07/01/2020,09:29:31,830,805.05,20,850.3,20,0,14500
BANKNIFTY27FEB2032000PE.NFO,07/01/2020,09:29:32,830,805.05,20,854.9,20,0,14500
BANKNIFTY27FEB2032000PE.NFO,07/01/2020,09:29:33,830,805.05,20,854.45,20,0,14500
BANKNIFTY27FEB2032000PE.NFO,07/01/2020,09:29:34,830,805.05,20,854,20,0,14500
BANKNIFTY27FEB2032000PE.NFO,07/01/2020,09:29:35,830,805.05,20,853.55,20,0,14500
BANKNIFTY27FEB2032000PE.NFO,07/01/2020,09:29:36,830,805.05,20,853.15,20,0,14500
BANKNIFTY27FEB2032000PE.NFO,07/01/2020,09:29:37,830,805.05,20,852.75,20,0,14500
BANKNIFTY27FEB2032000PE.NFO,07/01/2020,09:29:38,830,805.05,20,854.5,20,0,14500
BANKNIFTY27FEB2032000PE.NFO,07/01/2020,09:29:39,830,805.05,20,854.1,20,0,14500
BANKNIFTY27FEB2032000PE.NFO,07/01/2020,09:29:40,830,805.05,20,853.7,20,0,14500
BANKNIFTY27FEB2032000PE.NFO,07/01/2020,09:29:41,830,805.05,20,854.9,20,0,14500
BANKNIFTY27FEB2032000PE.NFO,07/01/2020,09:29:42,830,805.05,20,854.5,20,0,14500
BANKNIFTY27FEB2032000PE.NFO,07/01/2020,09:29:43,830,805.05,20,854.1,20,0,14500
BANKNIFTY27FEB2032000PE.NFO,07/01/2020,09:29:44,830,805.05,20,853.6,20,0,14500
BANKNIFTY27FEB2032000PE.NFO,07/01/2020,09:29:45,830,805.05,20,853.1,20,0,14500
BANKNIFTY27FEB2032000PE.NFO,07/01/2020,09:29:46,830,805.05,20,852.55,20,0,14500
BANKNIFTY27FEB2032000PE.NFO,07/01/2020,09:29:47,830,805.05,20,852.1,20,0,14500
BANKNIFTY27FEB2032000PE.NFO,07/01/2020,09:29:48,830,805.05,20,851.5,20,0,14500
BANKNIFTY27FEB2032000PE.NFO,07/01/2020,09:29:49,830,805.05,20,851,20,0,14500
BANKNIFTY27FEB2032000PE.NFO,07/01/2020,09:29:50,830,805.05,20,850.35,20,0,14500
BANKNIFTY27FEB2032000PE.NFO,07/01/2020,09:29:51,830,805.05,20,849.75,20,0,14500
BANKNIFTY27FEB2032000PE.NFO,07/01/2020,09:29:52,830,805.05,20,849.25,20,0,14500
BANKNIFTY27FEB2032000PE.NFO,07/01/2020,09:29:53,830,805.05,20,853.7,20,0,14500
BANKNIFTY27FEB2032000PE.NFO,07/01/2020,09:29:54,830,805.05,20,853.15,20,0,14500
BANKNIFTY27FEB2032000PE.NFO,07/01/2020,09:29:55,830,805.05,20,852.65,20,0,14500
BANKNIFTY27FEB2032000PE.NFO,07/01/2020,09:29:56,830,805.05,20,852.05,20,0,14500
BANKNIFTY27FEB2032000PE.NFO,07/01/2020,09:29:57,830,805.05,20,851.45,20,0,14500
BANKNIFTY27FEB2032000PE.NFO,07/01/2020,09:29:58,830,805.05,20,850.9,20,0,14500
BANKNIFTY27FEB2032000PE.NFO,07/01/2020,09:29:59,830,805.05,20,853.45,20,0,14500
BANKNIFTY27FEB2032000PE.NFO,07/01/2020,09:30:00,830,805,100,852.95,20,0,14500
BANKNIFTY27FEB2032000PE.NFO,07/01/2020,09:30:01,830,805,100,851.8,20,0,14500
BANKNIFTY27FEB2032000PE.NFO,07/01/2020,09:30:02,830,805,100,851.15,20,0,14500
BANKNIFTY27FEB2032000PE.NFO,07/01/2020,09:30:03,830,805,100,850.5,20,0,14500
BANKNIFTY27FEB2032000PE.NFO,07/01/2020,09:30:04,830,805.05,20,850.4,20,0,14500
BANKNIFTY27FEB2032000PE.NFO,07/01/2020,09:30:05,830,805.05,20,849.6,20,0,14500
BANKNIFTY27FEB2032000PE.NFO,07/01/2020,09:30:06,830,805,100,849.4,20,0,14500
BANKNIFTY27FEB2032000PE.NFO,07/01/2020,09:30:07,830,805,100,848.9,20,0,14500
BANKNIFTY27FEB2032000PE.NFO,07/01/2020,09:30:08,830,805,100,848.35,20,0,14500
BANKNIFTY27FEB2032000PE.NFO,07/01/2020,09:30:09,830,805,100,847.6,20,0,14500
BANKNIFTY27FEB2032000PE.NFO,07/01/2020,09:30:10,830,805,100,847.35,20,0,14500
BANKNIFTY27FEB2032000PE.NFO,07/01/2020,09:30:11,830,805,100,846.95,20,0,14500
BANKNIFTY27FEB2032000PE.NFO,07/01/2020,09:30:12,830,805,100,846.55,20,0,14500
BANKNIFTY27FEB2032000PE.NFO,07/01/2020,09:30:13,830,805,100,845.7,20,0,14500
BANKNIFTY27FEB2032000PE.NFO,07/01/2020,09:30:14,830,805,100,845.15,20,0,14500
BANKNIFTY27FEB2032000PE.NFO,07/01/2020,09:30:15,830,805,100,844.65,20,0,14500
BANKNIFTY27FEB2032000PE.NFO,07/01/2020,09:30:17,830,805,100,844.25,20,0,14500
BANKNIFTY27FEB2032000PE.NFO,07/01/2020,09:30:18,830,805,100,843.65,20,0,14500
BANKNIFTY27FEB2032000PE.NFO,07/01/2020,09:30:19,830,805,100,843,20,0,14500
BANKNIFTY27FEB2032000PE.NFO,07/01/2020,09:30:20,830,805,100,842.2,20,0,14500
BANKNIFTY27FEB2032000PE.NFO,07/01/2020,09:30:21,830,805,100,841.65,20,0,14500
BANKNIFTY27FEB2032000PE.NFO,07/01/2020,09:30:22,830,805,100,844.55,20,0,14500
BANKNIFTY27FEB2032000PE.NFO,07/01/2020,09:30:24,830,805,100,844.15,20,0,14500
BANKNIFTY27FEB2032000PE.NFO,07/01/2020,09:30:25,830,805,100,843.05,20,0,14500
BANKNIFTY27FEB2032000PE.NFO,07/01/2020,09:30:26,830,805,100,843.35,20,0,14500
BANKNIFTY27FEB2032000PE.NFO,07/01/2020,09:30:27,830,805,100,841.8,40,0,14500
BANKNIFTY27FEB2032000PE.NFO,07/01/2020,09:30:28,830,805,100,841.15,20,0,14500
BANKNIFTY27FEB2032000PE.NFO,07/01/2020,09:30:30,830,805,100,840.75,20,0,14500
BANKNIFTY27FEB2032000PE.NFO,07/01/2020,09:30:31,830,805,100,840.15,20,0,14500
BANKNIFTY27FEB2032000PE.NFO,07/01/2020,09:30:32,830,805,100,839.15,20,0,14500
BANKNIFTY27FEB2032000PE.NFO,07/01/2020,09:30:33,830,805,100,838.7,20,0,14500
BANKNIFTY27FEB2032000PE.NFO,07/01/2020,09:30:34,830,805,100,838.25,20,0,14500
BANKNIFTY27FEB2032000PE.NFO,07/01/2020,09:30:36,830,805,100,841.35,20,0,14500
BANKNIFTY27FEB2032000PE.NFO,07/01/2020,09:30:37,830,805,100,840.5,20,0,14500
BANKNIFTY27FEB2032000PE.NFO,07/01/2020,09:30:38,830,805,100,840.1,20,0,14500
BANKNIFTY27FEB2032000PE.NFO,07/01/2020,09:30:39,830,805,100,839.65,20,0,14500
BANKNIFTY27FEB2032000PE.NFO,07/01/2020,09:30:41,830,805,100,839.25,20,0,14500
BANKNIFTY27FEB2032000PE.NFO,07/01/2020,09:30:42,830,805,100,838.75,20,0,14500
BANKNIFTY27FEB2032000PE.NFO,07/01/2020,09:30:43,830,805,100,838.1,20,0,14500
BANKNIFTY27FEB2032000PE.NFO,07/01/2020,09:30:44,830,805,100,841.3,20,0,14500
BANKNIFTY27FEB2032000PE.NFO,07/01/2020,09:30:46,830,805,100,839.25,20,0,14500
BANKNIFTY27FEB2032000PE.NFO,07/01/2020,09:30:47,830,805.05,40,838.75,20,0,14500
BANKNIFTY27FEB2032000PE.NFO,07/01/2020,09:30:48,830,805.05,40,838.15,20,0,14500
BANKNIFTY27FEB2032000PE.NFO,07/01/2020,09:30:49,830,805.05,40,837.75,20,0,14500
BANKNIFTY27FEB2032000PE.NFO,07/01/2020,09:30:50,830,805.05,40,837.35,20,0,14500
BANKNIFTY27FEB2032000PE.NFO,07/01/2020,09:30:51,830,805.05,40,836.9,20,0,14500
BANKNIFTY27FEB2032000PE.NFO,07/01/2020,09:30:53,830,805.05,40,836.5,20,0,14500
BANKNIFTY27FEB2032000PE.NFO,07/01/2020,09:30:54,830,805.05,40,835.9,20,0,14500
BANKNIFTY27FEB2032000PE.NFO,07/01/2020,09:30:55,830,805.05,40,835.1,20,0,14500
BANKNIFTY27FEB2032000PE.NFO,07/01/2020,09:30:56,830,805.05,40,834.65,20,0,14500
BANKNIFTY27FEB2032000PE.NFO,07/01/2020,09:30:57,830,805.05,40,834.2,20,0,14500
BANKNIFTY27FEB2032000PE.NFO,07/01/2020,09:30:58,830,805.05,40,833.8,20,0,14500
BANKNIFTY27FEB2032000PE.NFO,07/01/2020,09:30:59,830,805.05,40,841.2,20,0,14500
BANKNIFTY27FEB2032000PE.NFO,07/01/2020,09:31:01,830,805.05,40,840.1,20,0,14500
BANKNIFTY27FEB2032000PE.NFO,07/01/2020,09:31:02,830,805.05,40,836.9,20,0,14500
BANKNIFTY27FEB2032000PE.NFO,07/01/2020,09:31:03,830,805.05,40,835.8,20,0,14500
BANKNIFTY27FEB2032000PE.NFO,07/01/2020,09:31:04,830,805.05,40,835.4,20,0,14500
BANKNIFTY27FEB2032000PE.NFO,07/01/2020,09:31:05,830,805.05,40,835.05,20,0,14500
BANKNIFTY27FEB2032000PE.NFO,07/01/2020,09:31:07,830,805.05,40,837.8,20,0,14500
BANKNIFTY27FEB2032000PE.NFO,07/01/2020,09:31:08,830,805.05,40,837.1,20,0,14500
BANKNIFTY27FEB2032000PE.NFO,07/01/2020,09:31:09,830,805.05,40,834.65,40,0,14500
BANKNIFTY27FEB2032000PE.NFO,07/01/2020,09:31:10,830,805.05,40,834.05,20,0,14500
BANKNIFTY27FEB2032000PE.NFO,07/01/2020,09:31:11,830,805.05,40,833.65,20,0,14500
BANKNIFTY27FEB2032000PE.NFO,07/01/2020,09:31:12,830,805.05,40,839.7,20,0,14500
BANKNIFTY27FEB2032000PE.NFO,07/01/2020,09:31:14,830,805.05,40,836.1,20,0,14500
BANKNIFTY27FEB2032000PE.NFO,07/01/2020,09:31:15,830,805.05,40,834.85,20,0,14500
BANKNIFTY27FEB2032000PE.NFO,07/01/2020,09:31:16,830,805.05,40,834.1,20,0,14500
BANKNIFTY27FEB2032000PE.NFO,07/01/2020,09:31:17,830,805,100,833.25,20,0,14500
BANKNIFTY27FEB2032000PE.NFO,07/01/2020,09:31:18,830,805,100,832.35,20,0,14500
BANKNIFTY27FEB2032000PE.NFO,07/01/2020,09:31:19,830,805,100,831.85,20,0,14500
BANKNIFTY27FEB2032000PE.NFO,07/01/2020,09:31:21,830,805,100,829.95,20,0,14500
BANKNIFTY27FEB2032000PE.NFO,07/01/2020,09:31:22,830,805,100,829.45,20,0,14500
BANKNIFTY27FEB2032000PE.NFO,07/01/2020,09:31:23,830,805,100,828.55,20,0,14500
BANKNIFTY27FEB2032000PE.NFO,07/01/2020,09:31:24,830,805,100,828.35,20,0,14500
BANKNIFTY27FEB2032000PE.NFO,07/01/2020,09:31:26,830,805,100,827.75,20,0,14500
BANKNIFTY27FEB2032000PE.NFO,07/01/2020,09:31:27,830,805,100,826.8,20,0,14500
BANKNIFTY27FEB2032000PE.NFO,07/01/2020,09:31:28,830,805,100,825.85,20,0,14500
BANKNIFTY27FEB2032000PE.NFO,07/01/2020,09:31:29,830,805,100,825.3,20,0,14500
BANKNIFTY27FEB2032000PE.NFO,07/01/2020,09:31:30,830,805,100,824.9,20,0,14500
BANKNIFTY27FEB2032000PE.NFO,07/01/2020,09:31:32,830,805,100,832.75,20,0,14500
BANKNIFTY27FEB2032000PE.NFO,07/01/2020,09:31:33,830,805,100,824.1,20,0,14500
BANKNIFTY27FEB2032000PE.NFO,07/01/2020,09:31:34,830,805,100,823.45,20,0,14500
BANKNIFTY27FEB2032000PE.NFO,07/01/2020,09:31:35,830,805,100,823.05,20,0,14500
BANKNIFTY27FEB2032000PE.NFO,07/01/2020,09:31:36,830,805,100,822.65,20,0,14500
BANKNIFTY27FEB2032000PE.NFO,07/01/2020,09:31:37,830,805,100,822.15,20,0,14500
BANKNIFTY27FEB2032000PE.NFO,07/01/2020,09:31:39,830,805,100,821.6,20,0,14500
BANKNIFTY27FEB2032000PE.NFO,07/01/2020,09:31:40,830,805,100,829.5,20,0,14500
BANKNIFTY27FEB2032000PE.NFO,07/01/2020,09:31:41,830,805,100,820.45,20,0,14500
BANKNIFTY27FEB2032000PE.NFO,07/01/2020,09:31:42,830,805,100,820,20,0,14500
BANKNIFTY27FEB2032000PE.NFO,07/01/2020,09:31:44,830,805,100,819.6,20,0,14500
BANKNIFTY27FEB2032000PE.NFO,07/01/2020,09:31:45,830,805,100,818.95,20,0,14500
BANKNIFTY27FEB2032000PE.NFO,07/01/2020,09:31:46,830,805,100,818.5,20,0,14500
BANKNIFTY27FEB2032000PE.NFO,07/01/2020,09:31:47,830,805,100,818.1,20,0,14500
BANKNIFTY27FEB2032000PE.NFO,07/01/2020,09:31:49,830,805,100,817.6,20,0,14500
BANKNIFTY27FEB2032000PE.NFO,07/01/2020,09:31:50,830,805,100,817.35,20,0,14500
BANKNIFTY27FEB2032000PE.NFO,07/01/2020,09:31:51,830,805,100,824.8,20,0,14500
BANKNIFTY27FEB2032000PE.NFO,07/01/2020,09:31:52,830,805,100,824.45,20,0,14500
BANKNIFTY27FEB2032000PE.NFO,07/01/2020,09:31:54,830,805,100,822.35,20,0,14500
BANKNIFTY27FEB2032000PE.NFO,07/01/2020,09:31:55,830,805,100,821.7,20,0,14500
BANKNIFTY27FEB2032000PE.NFO,07/01/2020,09:31:56,830,805,100,827.55,20,0,14500
BANKNIFTY27FEB2032000PE.NFO,07/01/2020,09:31:57,830,805,100,825.25,20,0,14500
BANKNIFTY27FEB2032000PE.NFO,07/01/2020,09:31:58,830,805,100,823.8,20,0,14500
BANKNIFTY27FEB2032000PE.NFO,07/01/2020,09:32:00,830,805,100,823.35,20,0,14500
BANKNIFTY27FEB2032000PE.NFO,07/01/2020,09:32:01,823.15,805,100,822.5,20,20,14600
BANKNIFTY27FEB2032000PE.NFO,07/01/2020,09:32:02,823.15,805,100,821.8,20,0,14600
BANKNIFTY27FEB2032000PE.NFO,07/01/2020,09:32:05,823.15,805,100,822.4,20,0,14600
BANKNIFTY27FEB2032000PE.NFO,07/01/2020,09:32:06,823.15,805,100,824.65,20,0,14600
BANKNIFTY27FEB2032000PE.NFO,07/01/2020,09:32:09,823.15,805,100,820.5,20,0,14600
BANKNIFTY27FEB2032000PE.NFO,07/01/2020,09:32:12,823.15,805,100,820.8,20,0,14600
BANKNIFTY27FEB2032000PE.NFO,07/01/2020,09:32:14,823.15,805,100,820.5,20,0,14600
BANKNIFTY27FEB2032000PE.NFO,07/01/2020,09:32:15,823.15,805,100,822.85,20,0,14600
BANKNIFTY27FEB2032000PE.NFO,07/01/2020,09:32:16,823.15,805,100,825.55,20,0,14600
BANKNIFTY27FEB2032000PE.NFO,07/01/2020,09:32:17,823.15,805,100,819.2,20,0,14600
BANKNIFTY27FEB2032000PE.NFO,07/01/2020,09:32:19,823.15,805,100,819.4,20,0,14600
BANKNIFTY27FEB2032000PE.NFO,07/01/2020,09:32:20,823.15,805,100,816.9,20,0,14600
BANKNIFTY27FEB2032000PE.NFO,07/01/2020,09:32:21,823.15,805,100,819.25,20,0,14600
BANKNIFTY27FEB2032000PE.NFO,07/01/2020,09:32:22,823.15,805,100,817,20,0,14600
BANKNIFTY27FEB2032000PE.NFO,07/01/2020,09:32:23,805,805,80,823.15,20,20,14600
BANKNIFTY27FEB2032000PE.NFO,07/01/2020,09:32:25,805,805,80,821.9,20,0,14600
BANKNIFTY27FEB2032000PE.NFO,07/01/2020,09:32:26,805,805,80,820.4,20,0,14600
BANKNIFTY27FEB2032000PE.NFO,07/01/2020,09:32:27,805,805,80,818.1,20,0,14600
BANKNIFTY27FEB2032000PE.NFO,07/01/2020,09:32:29,805,805,80,820.05,20,0,14600
BANKNIFTY27FEB2032000PE.NFO,07/01/2020,09:32:30,805,805,80,816.5,20,0,14600
BANKNIFTY27FEB2032000PE.NFO,07/01/2020,09:32:31,805,805,80,820.25,20,0,14600
BANKNIFTY27FEB2032000PE.NFO,07/01/2020,09:32:33,805,805,80,815.2,20,0,14600
BANKNIFTY27FEB2032000PE.NFO,07/01/2020,09:32:34,805,805,80,815.85,20,0,14600
BANKNIFTY27FEB2032000PE.NFO,07/01/2020,09:32:35,814.65,805,80,813.5,20,20,14600
BANKNIFTY27FEB2032000PE.NFO,07/01/2020,09:32:36,805,805,40,814.3,20,40,14600
BANKNIFTY27FEB2032000PE.NFO,07/01/2020,09:32:38,805,805,40,822.2,20,0,14600
BANKNIFTY27FEB2032000PE.NFO,07/01/2020,09:32:39,805,805,40,821.7,20,0,14600
BANKNIFTY27FEB2032000PE.NFO,07/01/2020,09:32:41,805,805,20,820.3,20,20,14600
BANKNIFTY27FEB2032000PE.NFO,07/01/2020,09:32:43,805,805,20,820.4,20,0,14600
BANKNIFTY27FEB2032000PE.NFO,07/01/2020,09:32:44,805,805,20,817.4,20,0,14600
BANKNIFTY27FEB2032000PE.NFO,07/01/2020,09:32:45,805,805,20,821.9,20,0,14600
BANKNIFTY27FEB2032000PE.NFO,07/01/2020,09:32:46,805,805,20,819.75,20,0,14600
BANKNIFTY27FEB2032000PE.NFO,07/01/2020,09:32:47,805,805,20,816.55,20,0,14600
BANKNIFTY27FEB2032000PE.NFO,07/01/2020,09:32:49,805,805,20,816.15,20,0,14600
BANKNIFTY27FEB2032000PE.NFO,07/01/2020,09:32:50,805,805,20,819.55,20,0,14600
BANKNIFTY27FEB2032000PE.NFO,07/01/2020,09:32:51,805,805,20,820.4,20,0,14600
BANKNIFTY27FEB2032000PE.NFO,07/01/2020,09:32:52,805,805,20,819.9,20,0,14600
BANKNIFTY27FEB2032000PE.NFO,07/01/2020,09:32:53,805,805,20,821.25,20,0,14600
BANKNIFTY27FEB2032000PE.NFO,07/01/2020,09:32:54,805,805,20,815.85,20,0,14600
BANKNIFTY27FEB2032000PE.NFO,07/01/2020,09:32:55,805,805,20,819.65,20,0,14600
BANKNIFTY27FEB2032000PE.NFO,07/01/2020,09:32:57,805,805,20,821.25,20,0,14600
BANKNIFTY27FEB2032000PE.NFO,07/01/2020,09:32:58,805,805,20,820.95,40,0,14600
BANKNIFTY27FEB2032000PE.NFO,07/01/2020,09:32:59,805,805,20,816.15,20,0,14600
BANKNIFTY27FEB2032000PE.NFO,07/01/2020,09:33:00,805,805,20,820.7,20,0,14600
BANKNIFTY27FEB2032000PE.NFO,07/01/2020,09:33:01,805,805,20,820.4,20,0,14600
BANKNIFTY27FEB2032000PE.NFO,07/01/2020,09:33:02,805,805,20,820.3,20,0,14600
BANKNIFTY27FEB2032000PE.NFO,07/01/2020,09:33:04,805,805,20,820.65,20,0,14600
BANKNIFTY27FEB2032000PE.NFO,07/01/2020,09:33:05,805,805,20,817.1,20,0,14600
BANKNIFTY27FEB2032000PE.NFO,07/01/2020,09:33:06,805,805,20,824,20,0,14600
BANKNIFTY27FEB2032000PE.NFO,07/01/2020,09:33:07,805,805,20,817.2,20,0,14600
BANKNIFTY27FEB2032000PE.NFO,07/01/2020,09:33:08,805,805,20,817.1,20,0,14600
BANKNIFTY27FEB2032000PE.NFO,07/01/2020,09:33:10,805,805,20,821.75,20,0,14600
BANKNIFTY27FEB2032000PE.NFO,07/01/2020,09:33:11,805,805,20,821.35,20,0,14600
BANKNIFTY27FEB2032000PE.NFO,07/01/2020,09:33:12,805,805,20,820.65,20,0,14600
BANKNIFTY27FEB2032000PE.NFO,07/01/2020,09:33:13,805,805,20,820.05,20,0,14600
BANKNIFTY27FEB2032000PE.NFO,07/01/2020,09:33:14,805,805,20,814.7,20,0,14600
BANKNIFTY27FEB2032000PE.NFO,07/01/2020,09:33:15,805,805,20,814.25,20,0,14600
BANKNIFTY27FEB2032000PE.NFO,07/01/2020,09:33:16,805,805,20,819.1,20,0,14600
BANKNIFTY27FEB2032000PE.NFO,07/01/2020,09:33:18,805,805,20,820.1,20,0,14600
BANKNIFTY27FEB2032000PE.NFO,07/01/2020,09:33:19,805,805,20,819.65,20,0,14600
BANKNIFTY27FEB2032000PE.NFO,07/01/2020,09:33:21,805,805,20,820.9,20,0,14600
BANKNIFTY27FEB2032000PE.NFO,07/01/2020,09:33:22,805,805,20,820.1,20,0,14600
BANKNIFTY27FEB2032000PE.NFO,07/01/2020,09:33:25,805,805,20,815.2,20,0,14600
BANKNIFTY27FEB2032000PE.NFO,07/01/2020,09:33:27,805,805,20,814.7,20,0,14600
BANKNIFTY27FEB2032000PE.NFO,07/01/2020,09:33:28,805,805,20,819.2,20,0,14600
BANKNIFTY27FEB2032000PE.NFO,07/01/2020,09:33:29,805,805,20,815.1,20,0,14600
BANKNIFTY27FEB2032000PE.NFO,07/01/2020,09:33:30,805,805,20,820.2,20,0,14600
BANKNIFTY27FEB2032000PE.NFO,07/01/2020,09:33:31,805,805,20,814.45,20,0,14600
BANKNIFTY27FEB2032000PE.NFO,07/01/2020,09:33:32,805,805,20,819.65,40,0,14600
BANKNIFTY27FEB2032000PE.NFO,07/01/2020,09:33:33,805,805,20,819.7,20,0,14600
BANKNIFTY27FEB2032000PE.NFO,07/01/2020,09:33:34,805,805,20,820.65,20,0,14600
BANKNIFTY27FEB2032000PE.NFO,07/01/2020,09:33:36,805,805,20,813.45,20,0,14600
BANKNIFTY27FEB2032000PE.NFO,07/01/2020,09:33:37,805,805,20,819.05,20,0,14600
BANKNIFTY27FEB2032000PE.NFO,07/01/2020,09:33:38,805,805,20,819.2,20,0,14600
BANKNIFTY27FEB2032000PE.NFO,07/01/2020,09:33:39,805,805,20,813.8,20,0,14600
BANKNIFTY27FEB2032000PE.NFO,07/01/2020,09:33:40,805,800,200,816.6,20,20,14600
BANKNIFTY27FEB2032000PE.NFO,07/01/2020,09:33:41,805,800,200,816.05,20,0,14600
BANKNIFTY27FEB2032000PE.NFO,07/01/2020,09:33:43,805,800,200,819.75,20,0,14600
BANKNIFTY27FEB2032000PE.NFO,07/01/2020,09:33:44,805,800,200,812.05,20,0,14600
BANKNIFTY27FEB2032000PE.NFO,07/01/2020,09:33:45,805,800,200,817.8,20,0,14600
BANKNIFTY27FEB2032000PE.NFO,07/01/2020,09:33:46,805,800,200,817.7,20,0,14600
BANKNIFTY27FEB2032000PE.NFO,07/01/2020,09:33:47,805,800,200,817.9,40,0,14600
BANKNIFTY27FEB2032000PE.NFO,07/01/2020,09:33:48,805,800,200,817.9,20,0,14600
BANKNIFTY27FEB2032000PE.NFO,07/01/2020,09:33:50,805,800,200,817.6,20,0,14600
BANKNIFTY27FEB2032000PE.NFO,07/01/2020,09:33:51,805,800,200,816.8,20,0,14600
BANKNIFTY27FEB2032000PE.NFO,07/01/2020,09:33:52,805,800,200,810.6,20,0,14600
BANKNIFTY27FEB2032000PE.NFO,07/01/2020,09:33:53,805,800,200,815.95,20,0,14600
BANKNIFTY27FEB2032000PE.NFO,07/01/2020,09:33:58,805,800,200,815.85,20,0,14600
BANKNIFTY27FEB2032000PE.NFO,07/01/2020,09:33:59,805,800,200,815.7,20,0,14600
BANKNIFTY27FEB2032000PE.NFO,07/01/2020,09:34:00,805,800,200,809.1,20,0,14600
BANKNIFTY27FEB2032000PE.NFO,07/01/2020,09:34:02,805,800,200,814.4,20,0,14600
BANKNIFTY27FEB2032000PE.NFO,07/01/2020,09:34:03,805,800,200,814.05,20,0,14600
BANKNIFTY27FEB2032000PE.NFO,07/01/2020,09:34:04,805,800,200,813,20,0,14600
BANKNIFTY27FEB2032000PE.NFO,07/01/2020,09:34:05,805,800,200,816.5,20,0,14600
BANKNIFTY27FEB2032000PE.NFO,07/01/2020,09:34:07,805,800,200,817.4,20,0,14600
BANKNIFTY27FEB2032000PE.NFO,07/01/2020,09:34:08,805,800,200,818.05,20,0,14600
BANKNIFTY27FEB2032000PE.NFO,07/01/2020,09:34:09,805,800,200,821.3,20,0,14600
BANKNIFTY27FEB2032000PE.NFO,07/01/2020,09:34:10,805,800,200,820.6,20,0,14600
BANKNIFTY27FEB2032000PE.NFO,07/01/2020,09:34:12,805,800,200,819.9,20,0,14600
BANKNIFTY27FEB2032000PE.NFO,07/01/2020,09:34:13,805,800,200,819.55,20,0,14600
BANKNIFTY27FEB2032000PE.NFO,07/01/2020,09:34:14,805,800,200,819.3,40,0,14600
BANKNIFTY27FEB2032000PE.NFO,07/01/2020,09:34:15,805,800,200,820.3,40,0,14600
BANKNIFTY27FEB2032000PE.NFO,07/01/2020,09:34:16,805,800,200,819.35,20,0,14600
BANKNIFTY27FEB2032000PE.NFO,07/01/2020,09:34:17,805,800,200,820.45,40,0,14600
BANKNIFTY27FEB2032000PE.NFO,07/01/2020,09:34:19,805,800,200,820.85,20,0,14600
BANKNIFTY27FEB2032000PE.NFO,07/01/2020,09:34:20,805,800,200,824.25,20,0,14600
BANKNIFTY27FEB2032000PE.NFO,07/01/2020,09:34:21,805,800,200,823.7,40,0,14600
BANKNIFTY27FEB2032000PE.NFO,07/01/2020,09:34:22,805,800.05,40,823.45,40,0,14600
BANKNIFTY27FEB2032000PE.NFO,07/01/2020,09:34:23,805,800,200,823.05,20,0,14600
BANKNIFTY27FEB2032000PE.NFO,07/01/2020,09:34:25,805,800,200,823.7,40,0,14600
BANKNIFTY27FEB2032000PE.NFO,07/01/2020,09:34:26,805,800,200,822,20,0,14600
BANKNIFTY27FEB2032000PE.NFO,07/01/2020,09:34:27,805,800.05,40,825.75,40,0,14600
BANKNIFTY27FEB2032000PE.NFO,07/01/2020,09:34:28,805,800.05,40,828.05,20,0,14600
BANKNIFTY27FEB2032000PE.NFO,07/01/2020,09:34:29,805,800.05,40,828.3,40,0,14600
BANKNIFTY27FEB2032000PE.NFO,07/01/2020,09:34:31,805,800.05,40,826.95,20,0,14600
BANKNIFTY27FEB2032000PE.NFO,07/01/2020,09:34:32,805,800.05,40,828.9,20,0,14600
BANKNIFTY27FEB2032000PE.NFO,07/01/2020,09:34:33,805,800.05,40,828.55,20,0,14600
BANKNIFTY27FEB2032000PE.NFO,07/01/2020,09:34:34,805,800.05,40,828.75,20,0,14600
BANKNIFTY27FEB2032000PE.NFO,07/01/2020,09:34:36,805,800.05,40,828.8,20,0,14600
BANKNIFTY27FEB2032000PE.NFO,07/01/2020,09:34:37,805,800.05,40,829.95,20,0,14600
BANKNIFTY27FEB2032000PE.NFO,07/01/2020,09:34:38,805,800.05,40,828.7,40,0,14600
BANKNIFTY27FEB2032000PE.NFO,07/01/2020,09:34:39,805,800.05,40,830.85,40,0,14600
BANKNIFTY27FEB2032000PE.NFO,07/01/2020,09:34:40,805,800.05,40,829.45,40,0,14600
BANKNIFTY27FEB2032000PE.NFO,07/01/2020,09:34:43,805,800.05,40,829.5,40,0,14600
BANKNIFTY27FEB2032000PE.NFO,07/01/2020,09:34:44,805,800.05,40,829.75,20,0,14600
BANKNIFTY27FEB2032000PE.NFO,07/01/2020,09:34:45,805,800.05,40,828.95,40,0,14600
BANKNIFTY27FEB2032000PE.NFO,07/01/2020,09:34:46,805,800.05,40,829.7,40,0,14600
BANKNIFTY27FEB2032000PE.NFO,07/01/2020,09:34:47,805,800.05,40,829.4,40,0,14600
BANKNIFTY27FEB2032000PE.NFO,07/01/2020,09:34:48,805,800.05,40,828.5,20,0,14600
BANKNIFTY27FEB2032000PE.NFO,07/01/2020,09:34:50,805,800.05,40,830.95,20,0,14600
BANKNIFTY27FEB2032000PE.NFO,07/01/2020,09:34:51,805,800.05,40,828.8,40,0,14600
BANKNIFTY27FEB2032000PE.NFO,07/01/2020,09:34:52,805,800.05,40,826.4,40,0,14600
BANKNIFTY27FEB2032000PE.NFO,07/01/2020,09:34:53,805,800.05,40,828.25,40,0,14600
BANKNIFTY27FEB2032000PE.NFO,07/01/2020,09:34:54,805,800.05,40,828.6,40,0,14600
BANKNIFTY27FEB2032000PE.NFO,07/01/2020,09:34:55,805,800.05,40,829.85,40,0,14600
BANKNIFTY27FEB2032000PE.NFO,07/01/2020,09:34:57,805,800.05,40,829.1,20,0,14600
BANKNIFTY27FEB2032000PE.NFO,07/01/2020,09:34:58,805,800.05,40,828.85,40,0,14600
BANKNIFTY27FEB2032000PE.NFO,07/01/2020,09:34:59,805,800.05,40,827.3,20,0,14600
BANKNIFTY27FEB2032000PE.NFO,07/01/2020,09:35:00,805,800.05,40,826.4,40,0,14600
BANKNIFTY27FEB2032000PE.NFO,07/01/2020,09:35:01,805,800.05,40,826.45,40,0,14600
BANKNIFTY27FEB2032000PE.NFO,07/01/2020,09:35:03,805,800.05,40,827.5,20,0,14600
BANKNIFTY27FEB2032000PE.NFO,07/01/2020,09:35:04,805,800.05,40,826.15,20,0,14600
BANKNIFTY27FEB2032000PE.NFO,07/01/2020,09:35:05,805,800.05,40,827.15,20,0,14600
BANKNIFTY27FEB2032000PE.NFO,07/01/2020,09:35:06,805,800.05,40,827.45,40,0,14600
BANKNIFTY27FEB2032000PE.NFO,07/01/2020,09:35:07,805,800.05,40,827.9,20,0,14600
BANKNIFTY27FEB2032000PE.NFO,07/01/2020,09:35:09,805,800.05,40,828.9,20,0,14600
BANKNIFTY27FEB2032000PE.NFO,07/01/2020,09:35:10,805,800.05,40,828.45,40,0,14600
BANKNIFTY27FEB2032000PE.NFO,07/01/2020,09:35:11,805,800.05,40,828.4,20,0,14600
BANKNIFTY27FEB2032000PE.NFO,07/01/2020,09:35:12,805,800.05,40,827.5,40,0,14600
BANKNIFTY27FEB2032000PE.NFO,07/01/2020,09:35:13,805,800.05,40,829.35,20,0,14600
BANKNIFTY27FEB2032000PE.NFO,07/01/2020,09:35:14,805,800.05,40,829.6,20,0,14600
BANKNIFTY27FEB2032000PE.NFO,07/01/2020,09:35:16,805,800.05,40,828.1,40,0,14600
BANKNIFTY27FEB2032000PE.NFO,07/01/2020,09:35:17,805,800.05,40,829.45,40,0,14600
BANKNIFTY27FEB2032000PE.NFO,07/01/2020,09:35:19,805,800.05,40,829.95,40,0,14600
BANKNIFTY27FEB2032000PE.NFO,07/01/2020,09:35:21,805,800,200,829.95,40,0,14600
BANKNIFTY27FEB2032000PE.NFO,07/01/2020,09:35:22,805,800.05,40,830,20,0,14600
BANKNIFTY27FEB2032000PE.NFO,07/01/2020,09:35:27,805,800.05,40,829.5,40,0,14600
BANKNIFTY27FEB2032000PE.NFO,07/01/2020,09:35:28,805,801.05,40,831.45,40,0,14600
BANKNIFTY27FEB2032000PE.NFO,07/01/2020,09:35:29,805,801.05,40,831.85,40,0,14600
BANKNIFTY27FEB2032000PE.NFO,07/01/2020,09:35:30,805,801.05,40,832.35,40,0,14600
BANKNIFTY27FEB2032000PE.NFO,07/01/2020,09:35:34,805,801.05,40,829.05,40,0,14600
BANKNIFTY27FEB2032000PE.NFO,07/01/2020,09:35:35,805,801.05,40,831.65,40,0,14600
BANKNIFTY27FEB2032000PE.NFO,07/01/2020,09:35:36,805,801.05,40,828.65,40,0,14600
BANKNIFTY27FEB2032000PE.NFO,07/01/2020,09:35:37,805,801.05,40,832.45,40,0,14600
BANKNIFTY27FEB2032000PE.NFO,07/01/2020,09:35:39,805,801.05,40,829.4,40,0,14600
BANKNIFTY27FEB2032000PE.NFO,07/01/2020,09:35:40,805,801.05,40,832.5,40,0,14600
BANKNIFTY27FEB2032000PE.NFO,07/01/2020,09:35:42,805,801.05,40,834.4,40,0,14600
BANKNIFTY27FEB2032000PE.NFO,07/01/2020,09:35:44,805,801.05,40,836.15,40,0,14600
BANKNIFTY27FEB2032000PE.NFO,07/01/2020,09:35:45,805,801.05,40,841,40,0,14600
BANKNIFTY27FEB2032000PE.NFO,07/01/2020,09:35:46,805,801.05,40,839.3,40,0,14600
BANKNIFTY27FEB2032000PE.NFO,07/01/2020,09:35:47,805,801.05,40,834.8,40,0,14600
BANKNIFTY27FEB2032000PE.NFO,07/01/2020,09:35:49,805,801.05,40,838.45,40,0,14600
BANKNIFTY27FEB2032000PE.NFO,07/01/2020,09:35:50,805,801.05,40,834.95,40,0,14600
BANKNIFTY27FEB2032000PE.NFO,07/01/2020,09:35:51,805,802.05,40,834.5,40,0,14600
BANKNIFTY27FEB2032000PE.NFO,07/01/2020,09:35:52,805,802.05,40,833.2,40,0,14600
BANKNIFTY27FEB2032000PE.NFO,07/01/2020,09:35:54,805,802.05,40,835.45,40,0,14600
BANKNIFTY27FEB2032000PE.NFO,07/01/2020,09:35:55,805,802.05,40,835.75,40,0,14600
BANKNIFTY27FEB2032000PE.NFO,07/01/2020,09:35:56,805,802,20,867.45,20,0,14600
BANKNIFTY27FEB2032000PE.NFO,07/01/2020,09:35:57,805,802,20,866.8,20,0,14600
BANKNIFTY27FEB2032000PE.NFO,07/01/2020,09:35:59,805,802,20,857.25,40,0,14600
BANKNIFTY27FEB2032000PE.NFO,07/01/2020,09:36:00,805,802.05,40,854.15,60,0,14600
BANKNIFTY27FEB2032000PE.NFO,07/01/2020,09:36:01,805,802,20,849.45,20,0,14600
BANKNIFTY27FEB2032000PE.NFO,07/01/2020,09:36:02,805,802.05,40,847.55,40,0,14600
BANKNIFTY27FEB2032000PE.NFO,07/01/2020,09:36:03,805,802.05,40,836.4,40,0,14600
BANKNIFTY27FEB2032000PE.NFO,07/01/2020,09:36:05,805,802.05,40,839.2,40,0,14600
BANKNIFTY27FEB2032000PE.NFO,07/01/2020,09:36:06,805,802.05,40,837.65,40,0,14600
BANKNIFTY27FEB2032000PE.NFO,07/01/2020,09:36:07,805,802.05,40,836.6,40,0,14600
BANKNIFTY27FEB2032000PE.NFO,07/01/2020,09:36:08,805,802.05,40,837.4,40,0,14600
BANKNIFTY27FEB2032000PE.NFO,07/01/2020,09:36:09,805,805,20,836.75,40,0,14600
BANKNIFTY27FEB2032000PE.NFO,07/01/2020,09:36:11,805,805.05,40,835.7,40,0,14600
BANKNIFTY27FEB2032000PE.NFO,07/01/2020,09:36:12,805,805.05,40,831.7,40,0,14600
BANKNIFTY27FEB2032000PE.NFO,07/01/2020,09:36:13,805,805.05,40,832.75,40,0,14600
BANKNIFTY27FEB2032000PE.NFO,07/01/2020,09:36:14,805,805.05,40,831.75,40,0,14600
BANKNIFTY27FEB2032000PE.NFO,07/01/2020,09:36:15,805,805.05,40,832.25,40,0,14600
BANKNIFTY27FEB2032000PE.NFO,07/01/2020,09:36:17,805,805.05,40,833.5,40,0,14600
BANKNIFTY27FEB2032000PE.NFO,07/01/2020,09:36:18,805,805.05,40,831,40,0,14600
BANKNIFTY27FEB2032000PE.NFO,07/01/2020,09:36:19,805,805.05,40,829,40,0,14600
BANKNIFTY27FEB2032000PE.NFO,07/01/2020,09:36:20,805,805.05,40,834.4,40,0,14600
BANKNIFTY27FEB2032000PE.NFO,07/01/2020,09:36:21,805,805.05,40,837.15,40,0,14600
BANKNIFTY27FEB2032000PE.NFO,07/01/2020,09:36:23,805,805.05,40,832.65,40,0,14600
BANKNIFTY27FEB2032000PE.NFO,07/01/2020,09:36:24,805,805.05,40,838.25,40,0,14600
BANKNIFTY27FEB2032000PE.NFO,07/01/2020,09:36:25,805,805.05,40,835,40,0,14600
BANKNIFTY27FEB2032000PE.NFO,07/01/2020,09:36:26,805,805.05,40,831.5,40,0,14600
BANKNIFTY27FEB2032000PE.NFO,07/01/2020,09:36:28,805,805.05,40,836.7,40,0,14600
BANKNIFTY27FEB2032000PE.NFO,07/01/2020,09:36:29,805,805.05,40,833.2,40,0,14600
BANKNIFTY27FEB2032000PE.NFO,07/01/2020,09:36:30,805,805.05,40,830.7,40,0,14600
BANKNIFTY27FEB2032000PE.NFO,07/01/2020,09:36:31,805,805.05,40,835.75,40,0,14600
BANKNIFTY27FEB2032000PE.NFO,07/01/2020,09:36:32,805,810.05,40,836.25,60,0,14600
BANKNIFTY27FEB2032000PE.NFO,07/01/2020,09:36:34,805,810.05,40,835.7,40,0,14600
BANKNIFTY27FEB2032000PE.NFO,07/01/2020,09:36:35,805,810.05,40,834.75,40,0,14600
BANKNIFTY27FEB2032000PE.NFO,07/01/2020,09:36:37,805,810.05,40,832.75,40,0,14600
BANKNIFTY27FEB2032000PE.NFO,07/01/2020,09:36:38,805,810.05,40,834.75,40,0,14600
BANKNIFTY27FEB2032000PE.NFO,07/01/2020,09:36:39,805,810.05,40,835,40,0,14600
BANKNIFTY27FEB2032000PE.NFO,07/01/2020,09:36:41,805,810.05,40,834,40,0,14600
BANKNIFTY27FEB2032000PE.NFO,07/01/2020,09:36:42,805,810.05,40,835,40,0,14600
BANKNIFTY27FEB2032000PE.NFO,07/01/2020,09:36:45,805,810.05,40,832,40,0,14600
BANKNIFTY27FEB2032000PE.NFO,07/01/2020,09:36:46,805,810.05,40,835.75,40,0,14600
BANKNIFTY27FEB2032000PE.NFO,07/01/2020,09:36:49,805,810.05,40,834.25,40,0,14600
BANKNIFTY27FEB2032000PE.NFO,07/01/2020,09:36:50,805,810.05,40,830.75,40,0,14600
BANKNIFTY27FEB2032000PE.NFO,07/01/2020,09:36:51,805,810.05,40,834.5,40,0,14600
BANKNIFTY27FEB2032000PE.NFO,07/01/2020,09:36:52,805,810.05,40,833.45,40,0,14600
BANKNIFTY27FEB2032000PE.NFO,07/01/2020,09:36:54,805,810.05,40,833,40,0,14600
BANKNIFTY27FEB2032000PE.NFO,07/01/2020,09:36:55,805,810.05,40,831.5,40,0,14600
BANKNIFTY27FEB2032000PE.NFO,07/01/2020,09:36:56,805,810.05,40,834.95,40,0,14600
BANKNIFTY27FEB2032000PE.NFO,07/01/2020,09:36:57,805,810.05,40,835.25,40,0,14600
BANKNIFTY27FEB2032000PE.NFO,07/01/2020,09:37:00,805,810.05,40,835.2,40,0,14600
BANKNIFTY27FEB2032000PE.NFO,07/01/2020,09:37:01,805,810.05,40,835.5,40,0,14600
BANKNIFTY27FEB2032000PE.NFO,07/01/2020,09:37:02,805,810.05,40,833.95,40,0,14600
BANKNIFTY27FEB2032000PE.NFO,07/01/2020,09:37:03,805,810.05,40,835.75,40,0,14600
BANKNIFTY27FEB2032000PE.NFO,07/01/2020,09:37:05,805,810.05,40,830.75,40,0,14600
BANKNIFTY27FEB2032000PE.NFO,07/01/2020,09:37:06,805,810.05,40,835.25,40,0,14600
BANKNIFTY27FEB2032000PE.NFO,07/01/2020,09:37:07,805,810.05,40,834.4,40,0,14600
BANKNIFTY27FEB2032000PE.NFO,07/01/2020,09:37:08,805,810.05,40,830.8,40,0,14600
BANKNIFTY27FEB2032000PE.NFO,07/01/2020,09:37:10,805,810.05,40,833.15,40,0,14600
BANKNIFTY27FEB2032000PE.NFO,07/01/2020,09:37:11,805,810.05,40,836.45,40,0,14600
BANKNIFTY27FEB2032000PE.NFO,07/01/2020,09:37:12,805,810.05,40,835.95,40,0,14600
BANKNIFTY27FEB2032000PE.NFO,07/01/2020,09:37:13,805,810.05,40,836.5,40,0,14600
BANKNIFTY27FEB2032000PE.NFO,07/01/2020,09:37:15,805,810.05,40,835.5,40,0,14600
BANKNIFTY27FEB2032000PE.NFO,07/01/2020,09:37:16,805,810,20,833,40,0,14600
BANKNIFTY27FEB2032000PE.NFO,07/01/2020,09:37:17,805,810.05,40,836.4,40,0,14600
BANKNIFTY27FEB2032000PE.NFO,07/01/2020,09:37:18,805,810.05,40,834.15,40,0,14600
BANKNIFTY27FEB2032000PE.NFO,07/01/2020,09:37:20,805,810.05,40,836.75,40,0,14600
BANKNIFTY27FEB2032000PE.NFO,07/01/2020,09:37:21,805,810.05,40,835.25,40,0,14600
BANKNIFTY27FEB2032000PE.NFO,07/01/2020,09:37:22,805,810.05,40,836.25,40,0,14600
BANKNIFTY27FEB2032000PE.NFO,07/01/2020,09:37:23,805,810.05,40,836.15,40,0,14600
BANKNIFTY27FEB2032000PE.NFO,07/01/2020,09:37:24,805,810.05,40,837.2,40,0,14600
BANKNIFTY27FEB2032000PE.NFO,07/01/2020,09:37:26,805,810.05,40,838.25,40,0,14600
BANKNIFTY27FEB2032000PE.NFO,07/01/2020,09:37:27,805,810.05,40,837.5,40,0,14600
BANKNIFTY27FEB2032000PE.NFO,07/01/2020,09:37:28,805,810.05,40,837.7,40,0,14600
BANKNIFTY27FEB2032000PE.NFO,07/01/2020,09:37:30,805,810.05,40,838.25,40,0,14600
BANKNIFTY27FEB2032000PE.NFO,07/01/2020,09:37:31,805,810.05,40,837.75,40,0,14600
BANKNIFTY27FEB2032000PE.NFO,07/01/2020,09:37:32,805,810.05,40,839.15,40,0,14600
BANKNIFTY27FEB2032000PE.NFO,07/01/2020,09:37:35,805,810.05,40,839.2,40,0,14600
BANKNIFTY27FEB2032000PE.NFO,07/01/2020,09:37:36,805,810.05,40,839.25,40,0,14600
BANKNIFTY27FEB2032000PE.NFO,07/01/2020,09:37:37,805,810.05,40,838.9,40,0,14600
BANKNIFTY27FEB2032000PE.NFO,07/01/2020,09:37:38,805,810.05,40,837.9,40,0,14600
BANKNIFTY27FEB2032000PE.NFO,07/01/2020,09:37:40,805,810.05,40,839.25,40,0,14600
BANKNIFTY27FEB2032000PE.NFO,07/01/2020,09:37:41,805,810.05,40,836.25,40,0,14600
BANKNIFTY27FEB2032000PE.NFO,07/01/2020,09:37:42,805,810.05,40,839.25,40,0,14600
BANKNIFTY27FEB2032000PE.NFO,07/01/2020,09:37:43,805,810.05,40,838.75,40,0,14600
BANKNIFTY27FEB2032000PE.NFO,07/01/2020,09:37:44,805,810.05,40,838.95,40,0,14600
BANKNIFTY27FEB2032000PE.NFO,07/01/2020,09:37:50,805,810.05,40,838.75,40,0,14600
BANKNIFTY27FEB2032000PE.NFO,07/01/2020,09:37:53,805,815.05,40,838.75,40,0,14600
BANKNIFTY27FEB2032000PE.NFO,07/01/2020,09:37:54,805,815.05,40,838.25,40,0,14600
BANKNIFTY27FEB2032000PE.NFO,07/01/2020,09:37:55,815.05,815.1,20,839.5,40,20,14600
BANKNIFTY27FEB2032000PE.NFO,07/01/2020,09:37:56,815.05,815.05,40,839.25,40,0,14480
BANKNIFTY27FEB2032000PE.NFO,07/01/2020,09:38:01,815.05,815.05,40,838.7,40,0,14480
BANKNIFTY27FEB2032000PE.NFO,07/01/2020,09:38:03,815.05,815.05,40,839,40,0,14480
BANKNIFTY27FEB2032000PE.NFO,07/01/2020,09:38:04,815.05,815.05,40,837.2,40,0,14480
BANKNIFTY27FEB2032000PE.NFO,07/01/2020,09:38:05,815.05,815.05,40,838.8,40,0,14480
BANKNIFTY27FEB2032000PE.NFO,07/01/2020,09:38:06,815.05,815.05,40,836.8,40,0,14480
BANKNIFTY27FEB2032000PE.NFO,07/01/2020,09:38:07,815.05,815.05,40,838.65,40,0,14480
BANKNIFTY27FEB2032000PE.NFO,07/01/2020,09:38:08,815.05,815.05,40,839.15,40,0,14480
BANKNIFTY27FEB2032000PE.NFO,07/01/2020,09:38:10,815.05,815.05,40,837.9,40,0,14480
BANKNIFTY27FEB2032000PE.NFO,07/01/2020,09:38:11,815.05,815.05,40,839.35,40,0,14480
BANKNIFTY27FEB2032000PE.NFO,07/01/2020,09:38:13,815.05,815.05,40,838.9,40,0,14480
BANKNIFTY27FEB2032000PE.NFO,07/01/2020,09:38:14,815.05,815.05,40,837.55,40,0,14480
BANKNIFTY27FEB2032000PE.NFO,07/01/2020,09:38:16,815.05,815.05,40,837.65,40,0,14480
BANKNIFTY27FEB2032000PE.NFO,07/01/2020,09:38:17,815.05,815.05,40,837.05,40,0,14480
BANKNIFTY27FEB2032000PE.NFO,07/01/2020,09:38:18,815.05,815.05,40,837.4,40,0,14480
BANKNIFTY27FEB2032000PE.NFO,07/01/2020,09:38:19,815.05,815.05,40,837.7,40,0,14480
BANKNIFTY27FEB2032000PE.NFO,07/01/2020,09:38:21,815.05,815.05,40,834.7,40,0,14480
BANKNIFTY27FEB2032000PE.NFO,07/01/2020,09:38:22,815.05,815.05,40,838.25,40,0,14480
BANKNIFTY27FEB2032000PE.NFO,07/01/2020,09:38:23,815.05,815.05,40,839,20,0,14480
BANKNIFTY27FEB2032000PE.NFO,07/01/2020,09:38:24,815.05,815.05,40,836.85,40,0,14480
BANKNIFTY27FEB2032000PE.NFO,07/01/2020,09:38:25,815.05,815.05,40,838.8,40,0,14480
BANKNIFTY27FEB2032000PE.NFO,07/01/2020,09:38:27,815.05,815.05,40,837.3,40,0,14480
BANKNIFTY27FEB2032000PE.NFO,07/01/2020,09:38:28,815.05,815.05,40,839.55,40,0,14480
BANKNIFTY27FEB2032000PE.NFO,07/01/2020,09:38:29,815.05,815.05,40,839.75,40,0,14480
BANKNIFTY27FEB2032000PE.NFO,07/01/2020,09:38:32,815.05,815.05,40,840,40,0,14480
BANKNIFTY27FEB2032000PE.NFO,07/01/2020,09:38:33,815.05,815.05,40,839.9,40,0,14480
BANKNIFTY27FEB2032000PE.NFO,07/01/2020,09:38:34,815.05,815.05,40,839.55,40,0,14480
BANKNIFTY27FEB2032000PE.NFO,07/01/2020,09:38:35,815.05,815.05,40,838.55,40,0,14480
BANKNIFTY27FEB2032000PE.NFO,07/01/2020,09:38:36,815.05,815.05,40,840.15,40,0,14480
BANKNIFTY27FEB2032000PE.NFO,07/01/2020,09:38:38,815.05,815.05,40,840,20,0,14480
BANKNIFTY27FEB2032000PE.NFO,07/01/2020,09:38:39,815.05,815.05,40,839.25,40,0,14480
BANKNIFTY27FEB2032000PE.NFO,07/01/2020,09:38:40,815.05,815.05,40,840.5,40,0,14480
BANKNIFTY27FEB2032000PE.NFO,07/01/2020,09:38:43,815.05,815.05,40,843.05,40,0,14480
BANKNIFTY27FEB2032000PE.NFO,07/01/2020,09:38:44,815.05,815.05,40,843.25,40,0,14480
BANKNIFTY27FEB2032000PE.NFO,07/01/2020,09:38:45,815.05,815.05,40,844.05,40,0,14480
BANKNIFTY27FEB2032000PE.NFO,07/01/2020,09:38:47,815.05,815.05,40,842.05,40,0,14480
BANKNIFTY27FEB2032000PE.NFO,07/01/2020,09:38:48,815.05,815.05,40,838.55,40,0,14480
BANKNIFTY27FEB2032000PE.NFO,07/01/2020,09:38:49,815.05,815.05,40,844.5,40,0,14480
BANKNIFTY27FEB2032000PE.NFO,07/01/2020,09:38:50,815.05,815.05,40,842.55,40,0,14480
BANKNIFTY27FEB2032000PE.NFO,07/01/2020,09:38:51,815.05,815.05,40,843,40,0,14480
BANKNIFTY27FEB2032000PE.NFO,07/01/2020,09:38:53,815.05,815.05,40,841.8,40,0,14480
BANKNIFTY27FEB2032000PE.NFO,07/01/2020,09:38:54,815.05,815,20,841.55,40,0,14480
BANKNIFTY27FEB2032000PE.NFO,07/01/2020,09:38:55,815.05,815.05,40,837.5,40,0,14480
BANKNIFTY27FEB2032000PE.NFO,07/01/2020,09:38:56,815.05,815.05,40,844.5,40,0,14480
BANKNIFTY27FEB2032000PE.NFO,07/01/2020,09:39:04,815.05,800.05,40,844.5,40,0,14480
BANKNIFTY27FEB2032000PE.NFO,07/01/2020,09:39:13,815.05,800.05,40,843,40,0,14480
BANKNIFTY27FEB2032000PE.NFO,07/01/2020,09:39:14,815.05,800.05,40,843.35,40,0,14480
BANKNIFTY27FEB2032000PE.NFO,07/01/2020,09:39:15,815.05,800.05,40,841.85,40,0,14480
BANKNIFTY27FEB2032000PE.NFO,07/01/2020,09:39:16,815.05,800.05,40,838.85,40,0,14480
BANKNIFTY27FEB2032000PE.NFO,07/01/2020,09:39:18,815.05,800.05,40,842,40,0,14480
BANKNIFTY27FEB2032000PE.NFO,07/01/2020,09:39:19,815.05,800.05,40,841.7,20,0,14480
BANKNIFTY27FEB2032000PE.NFO,07/01/2020,09:39:20,815.05,800.05,40,839.7,40,0,14480
BANKNIFTY27FEB2032000PE.NFO,07/01/2020,09:39:21,815.05,800.05,40,839.6,40,0,14480
BANKNIFTY27FEB2032000PE.NFO,07/01/2020,09:39:22,815.05,800.05,40,839.05,40,0,14480
BANKNIFTY27FEB2032000PE.NFO,07/01/2020,09:39:23,815.05,800.05,40,838.95,40,0,14480
BANKNIFTY27FEB2032000PE.NFO,07/01/2020,09:39:24,815.05,800.05,40,838.7,40,0,14480
BANKNIFTY27FEB2032000PE.NFO,07/01/2020,09:39:26,815.05,800.05,40,836.7,40,0,14480
BANKNIFTY27FEB2032000PE.NFO,07/01/2020,09:39:27,815.05,800.05,40,838,40,0,14480
BANKNIFTY27FEB2032000PE.NFO,07/01/2020,09:39:28,815.05,800.05,40,838.1,40,0,14480
BANKNIFTY27FEB2032000PE.NFO,07/01/2020,09:39:29,815.05,800.05,40,837.1,40,0,14480
BANKNIFTY27FEB2032000PE.NFO,07/01/2020,09:39:30,815.05,800.05,40,836.5,40,0,14480
BANKNIFTY27FEB2032000PE.NFO,07/01/2020,09:39:31,815.05,800.05,40,830,40,0,14480
BANKNIFTY27FEB2032000PE.NFO,07/01/2020,09:40:06,815.05,800.05,40,829.5,40,0,14480
BANKNIFTY27FEB2032000PE.NFO,07/01/2020,09:40:23,815.05,800,200,829.5,40,0,14480
BANKNIFTY27FEB2032000PE.NFO,07/01/2020,09:40:28,815.05,800.05,40,829.5,40,0,14480
BANKNIFTY27FEB2032000PE.NFO,07/01/2020,09:40:29,815.05,800.05,40,832.9,40,0,14480
BANKNIFTY27FEB2032000PE.NFO,07/01/2020,09:40:32,815.05,800.05,40,833.85,40,0,14480
BANKNIFTY27FEB2032000PE.NFO,07/01/2020,09:40:34,815.05,800.05,40,835.3,40,0,14480
BANKNIFTY27FEB2032000PE.NFO,07/01/2020,09:40:36,815.05,800.05,40,835.5,40,0,14480
BANKNIFTY27FEB2032000PE.NFO,07/01/2020,09:40:37,815.05,800.05,40,832.6,40,0,14480
BANKNIFTY27FEB2032000PE.NFO,07/01/2020,09:40:38,815.05,800.05,40,829.6,40,0,14480
BANKNIFTY27FEB2032000PE.NFO,07/01/2020,09:40:39,815.05,800.05,40,834.4,40,0,14480
BANKNIFTY27FEB2032000PE.NFO,07/01/2020,09:40:40,815.05,800.05,40,830.4,40,0,14480
BANKNIFTY27FEB2032000PE.NFO,07/01/2020,09:40:42,815.05,800.05,40,835.65,40,0,14480
BANKNIFTY27FEB2032000PE.NFO,07/01/2020,09:40:43,815.05,800.05,40,833.15,40,0,14480
BANKNIFTY27FEB2032000PE.NFO,07/01/2020,09:40:44,815.05,800.05,40,834.7,40,0,14480
BANKNIFTY27FEB2032000PE.NFO,07/01/2020,09:40:47,815.05,800.05,40,833.95,40,0,14480
BANKNIFTY27FEB2032000PE.NFO,07/01/2020,09:40:50,815.05,800.05,40,833.7,40,0,14480
BANKNIFTY27FEB2032000PE.NFO,07/01/2020,09:40:51,815.05,800.05,40,834.75,40,0,14480
BANKNIFTY27FEB2032000PE.NFO,07/01/2020,09:40:52,815.05,800.05,40,833,40,0,14480
BANKNIFTY27FEB2032000PE.NFO,07/01/2020,09:40:53,815.05,800.05,40,835.7,40,0,14480
BANKNIFTY27FEB2032000PE.NFO,07/01/2020,09:40:57,815.05,800.05,40,834.2,40,0,14480
BANKNIFTY27FEB2032000PE.NFO,07/01/2020,09:40:58,815.05,800.05,40,834.95,40,0,14480
BANKNIFTY27FEB2032000PE.NFO,07/01/2020,09:40:59,815.05,800.05,40,832.2,40,0,14480
BANKNIFTY27FEB2032000PE.NFO,07/01/2020,09:41:00,815.05,800.05,40,835.15,40,0,14480
BANKNIFTY27FEB2032000PE.NFO,07/01/2020,09:41:01,815.05,800.05,40,835.2,40,0,14480
BANKNIFTY27FEB2032000PE.NFO,07/01/2020,09:41:04,815.05,800,200,835.2,40,0,14480
BANKNIFTY27FEB2032000PE.NFO,07/01/2020,09:41:05,815.05,800,200,834.4,40,0,14480
BANKNIFTY27FEB2032000PE.NFO,07/01/2020,09:41:06,815.05,800.05,40,833.3,40,0,14480
BANKNIFTY27FEB2032000PE.NFO,07/01/2020,09:41:09,815.05,800.05,40,834.75,20,0,14480
BANKNIFTY27FEB2032000PE.NFO,07/01/2020,09:41:10,815.05,800.05,40,834.25,40,0,14480
BANKNIFTY27FEB2032000PE.NFO,07/01/2020,09:41:12,815.05,800.05,40,833.75,40,0,14480
BANKNIFTY27FEB2032000PE.NFO,07/01/2020,09:41:13,815.05,800.05,40,832.1,40,0,14480
BANKNIFTY27FEB2032000PE.NFO,07/01/2020,09:41:16,815.05,800.05,40,829.95,40,0,14480
BANKNIFTY27FEB2032000PE.NFO,07/01/2020,09:41:18,815.05,800.05,40,833.5,40,0,14480
BANKNIFTY27FEB2032000PE.NFO,07/01/2020,09:41:19,815.05,800.05,40,835.45,40,0,14480
BANKNIFTY27FEB2032000PE.NFO,07/01/2020,09:41:20,815.05,800.05,40,831.15,40,0,14480
BANKNIFTY27FEB2032000PE.NFO,07/01/2020,09:41:21,815.05,800.05,40,833.15,20,0,14480
BANKNIFTY27FEB2032000PE.NFO,07/01/2020,09:41:22,815.05,800.05,40,831.05,40,0,14480
BANKNIFTY27FEB2032000PE.NFO,07/01/2020,09:41:24,815.05,800.05,40,832.4,20,0,14480
BANKNIFTY27FEB2032000PE.NFO,07/01/2020,09:41:25,815.05,800.05,40,832.25,40,0,14480
BANKNIFTY27FEB2032000PE.NFO,07/01/2020,09:41:26,815.05,800.05,40,833,40,0,14480
BANKNIFTY27FEB2032000PE.NFO,07/01/2020,09:41:30,815.05,800.05,40,833.05,40,0,14480
BANKNIFTY27FEB2032000PE.NFO,07/01/2020,09:41:31,815.05,800.05,40,831.5,40,0,14480
BANKNIFTY27FEB2032000PE.NFO,07/01/2020,09:41:34,815.05,800.05,40,830.5,40,0,14480
BANKNIFTY27FEB2032000PE.NFO,07/01/2020,09:41:35,815.05,800.05,40,830.1,40,0,14480
BANKNIFTY27FEB2032000PE.NFO,07/01/2020,09:41:37,815.05,800.05,40,829.6,40,0,14480
BANKNIFTY27FEB2032000PE.NFO,07/01/2020,09:41:39,815.05,800.05,40,829.1,40,0,14480
BANKNIFTY27FEB2032000PE.NFO,07/01/2020,09:41:40,815.05,800.05,40,834.3,40,0,14480
BANKNIFTY27FEB2032000PE.NFO,07/01/2020,09:41:41,815.05,800.05,40,832.2,20,0,14480
BANKNIFTY27FEB2032000PE.NFO,07/01/2020,09:41:43,815.05,800.05,40,828.95,20,0,14480
BANKNIFTY27FEB2032000PE.NFO,07/01/2020,09:41:44,815.05,800.05,40,832.3,40,0,14480
BANKNIFTY27FEB2032000PE.NFO,07/01/2020,09:41:45,815.05,800.05,40,831.95,40,0,14480
BANKNIFTY27FEB2032000PE.NFO,07/01/2020,09:41:46,815.05,800.05,40,827.3,20,0,14480
BANKNIFTY27FEB2032000PE.NFO,07/01/2020,09:41:47,815.05,800.05,40,832.25,40,0,14480
BANKNIFTY27FEB2032000PE.NFO,07/01/2020,09:41:48,815.05,800.05,40,827.9,20,0,14480
BANKNIFTY27FEB2032000PE.NFO,07/01/2020,09:41:50,815.05,800.05,40,827.15,40,0,14480
BANKNIFTY27FEB2032000PE.NFO,07/01/2020,09:41:51,815.05,800.05,40,831.3,20,0,14480
BANKNIFTY27FEB2032000PE.NFO,07/01/2020,09:41:52,815.05,800.05,40,827.55,20,0,14480
BANKNIFTY27FEB2032000PE.NFO,07/01/2020,09:41:53,815.05,800.05,40,826.9,20,0,14480
BANKNIFTY27FEB2032000PE.NFO,07/01/2020,09:41:54,815.05,800.05,40,828,40,0,14480
BANKNIFTY27FEB2032000PE.NFO,07/01/2020,09:41:56,815.05,800.05,40,830.4,40,0,14480
BANKNIFTY27FEB2032000PE.NFO,07/01/2020,09:41:57,815.05,800.05,40,827.2,20,0,14480
BANKNIFTY27FEB2032000PE.NFO,07/01/2020,09:41:58,815.05,800.05,40,827.9,20,0,14480
BANKNIFTY27FEB2032000PE.NFO,07/01/2020,09:41:59,815.05,800.05,40,828.35,40,0,14480
BANKNIFTY27FEB2032000PE.NFO,07/01/2020,09:42:00,815.05,800.05,40,829.5,20,0,14480
BANKNIFTY27FEB2032000PE.NFO,07/01/2020,09:42:02,815.05,800.05,40,829.1,20,0,14480
BANKNIFTY27FEB2032000PE.NFO,07/01/2020,09:42:03,815.05,800.05,40,829.45,20,0,14480
BANKNIFTY27FEB2032000PE.NFO,07/01/2020,09:42:04,815.05,800.05,40,831.15,20,0,14480
BANKNIFTY27FEB2032000PE.NFO,07/01/2020,09:42:05,815.05,800.05,40,829.7,40,0,14480
BANKNIFTY27FEB2032000PE.NFO,07/01/2020,09:42:07,815.05,800.05,40,831.25,40,0,14480
BANKNIFTY27FEB2032000PE.NFO,07/01/2020,09:42:08,815.05,800.05,40,828.95,20,0,14480
BANKNIFTY27FEB2032000PE.NFO,07/01/2020,09:42:09,815.05,800.05,40,830.5,20,0,14480
BANKNIFTY27FEB2032000PE.NFO,07/01/2020,09:42:10,815.05,800.05,40,830.25,40,0,14480
BANKNIFTY27FEB2032000PE.NFO,07/01/2020,09:42:12,815.05,800.05,40,830.1,20,0,14480
BANKNIFTY27FEB2032000PE.NFO,07/01/2020,09:42:13,815.05,800.05,40,829.85,60,0,14480
BANKNIFTY27FEB2032000PE.NFO,07/01/2020,09:42:14,815.05,800.05,40,832.15,40,0,14480
BANKNIFTY27FEB2032000PE.NFO,07/01/2020,09:42:16,815.05,800.05,40,828.2,20,0,14480
BANKNIFTY27FEB2032000PE.NFO,07/01/2020,09:42:17,815.05,800.05,40,828.65,20,0,14480
BANKNIFTY27FEB2032000PE.NFO,07/01/2020,09:42:18,815.05,800.05,40,826.25,20,0,14480
BANKNIFTY27FEB2032000PE.NFO,07/01/2020,09:42:19,815.05,800.05,40,827.45,20,0,14480
BANKNIFTY27FEB2032000PE.NFO,07/01/2020,09:42:21,815.05,800.05,40,828.7,40,0,14480
BANKNIFTY27FEB2032000PE.NFO,07/01/2020,09:42:22,815.05,800.05,40,828.65,40,0,14480
BANKNIFTY27FEB2032000PE.NFO,07/01/2020,09:42:23,815.05,800.05,40,824.3,20,0,14480
