Ticker,Date,Time,LTP,BuyPrice,BuyQty,SellPrice,SellQty,LTQ,OpenInterest
BANKNIFTY09JAN2032400PE.NFO,07/01/2020,09:15:07,796.95,793.4,20,980.5,200,40,35140
BANKNIFTY09JAN2032400PE.NFO,07/01/2020,09:15:07,796.95,793.4,20,980.5,200,0,35140
BANKNIFTY09JAN2032400PE.NFO,07/01/2020,09:15:07,796.95,793.4,20,980.5,200,0,35140
BANKNIFTY09JAN2032400PE.NFO,07/01/2020,09:15:07,796.95,793.4,20,980.5,200,0,35140
BANKNIFTY09JAN2032400PE.NFO,07/01/2020,09:15:09,900,785.35,20,980.4,200,40,35140
BANKNIFTY09JAN2032400PE.NFO,07/01/2020,09:15:09,900,785.35,20,980.4,200,0,35140
BANKNIFTY09JAN2032400PE.NFO,07/01/2020,09:15:10,900,785.35,20,824.5,20,0,35140
BANKNIFTY09JAN2032400PE.NFO,07/01/2020,09:15:11,900,774.45,20,816.2,20,0,35140
BANKNIFTY09JAN2032400PE.NFO,07/01/2020,09:15:12,900,769.2,20,818.5,20,0,35140
BANKNIFTY09JAN2032400PE.NFO,07/01/2020,09:15:13,816.1,771.15,20,951.2,20,20,35140
BANKNIFTY09JAN2032400PE.NFO,07/01/2020,09:15:14,816.1,773.6,20,951.2,20,0,35140
BANKNIFTY09JAN2032400PE.NFO,07/01/2020,09:15:15,696.15,700,20,934.6,20,1000,35140
BANKNIFTY09JAN2032400PE.NFO,07/01/2020,09:15:15,696.15,700,20,934.6,20,0,35140
BANKNIFTY09JAN2032400PE.NFO,07/01/2020,09:15:16,696.15,700,20,921.55,60,0,35140
BANKNIFTY09JAN2032400PE.NFO,07/01/2020,09:15:17,696.15,700,20,908.05,60,0,35140
BANKNIFTY09JAN2032400PE.NFO,07/01/2020,09:15:19,696.15,700.05,400,870.6,780,0,35140
BANKNIFTY09JAN2032400PE.NFO,07/01/2020,09:15:20,696.15,700.1,400,856.7,780,0,35140
BANKNIFTY09JAN2032400PE.NFO,07/01/2020,09:15:21,700,558.45,2420,844.35,60,20,35140
BANKNIFTY09JAN2032400PE.NFO,07/01/2020,09:15:22,700,558.5,400,830.4,20,0,35140
BANKNIFTY09JAN2032400PE.NFO,07/01/2020,09:15:24,700,558.55,400,815.5,60,0,35140
BANKNIFTY09JAN2032400PE.NFO,07/01/2020,09:15:25,700,558.6,400,801.15,40,0,35140
BANKNIFTY09JAN2032400PE.NFO,07/01/2020,09:15:26,558.65,558.65,280,801.15,40,120,35140
BANKNIFTY09JAN2032400PE.NFO,07/01/2020,09:15:26,558.65,558.65,280,801.15,40,0,35140
BANKNIFTY09JAN2032400PE.NFO,07/01/2020,09:15:27,558.65,558.7,400,785.6,40,0,35140
BANKNIFTY09JAN2032400PE.NFO,07/01/2020,09:15:29,770.5,558.8,2860,837.3,20,780,35140
BANKNIFTY09JAN2032400PE.NFO,07/01/2020,09:15:31,558.8,558.8,2840,837.1,20,20,35140
BANKNIFTY09JAN2032400PE.NFO,07/01/2020,09:15:31,558.8,558.8,2840,836.9,20,0,35140
BANKNIFTY09JAN2032400PE.NFO,07/01/2020,09:15:32,558.8,558.8,2840,836.7,20,0,35140
BANKNIFTY09JAN2032400PE.NFO,07/01/2020,09:15:34,558.8,558.8,2840,836,20,0,35140
BANKNIFTY09JAN2032400PE.NFO,07/01/2020,09:15:35,558.8,560,20,835.6,20,0,35140
BANKNIFTY09JAN2032400PE.NFO,07/01/2020,09:15:36,558.8,561,100,835.2,20,0,35140
BANKNIFTY09JAN2032400PE.NFO,07/01/2020,09:15:37,558.8,561.05,400,834.8,20,0,35140
BANKNIFTY09JAN2032400PE.NFO,07/01/2020,09:15:37,558.8,561.05,400,834.4,20,0,35140
BANKNIFTY09JAN2032400PE.NFO,07/01/2020,09:15:39,642.6,654.45,2400,833.8,20,20,35140
BANKNIFTY09JAN2032400PE.NFO,07/01/2020,09:15:40,642.6,642.7,400,833.7,20,0,35140
BANKNIFTY09JAN2032400PE.NFO,07/01/2020,09:15:40,642.6,642.75,40,833.7,20,0,35140
BANKNIFTY09JAN2032400PE.NFO,07/01/2020,09:15:42,642.6,565,500,833.7,20,0,35140
BANKNIFTY09JAN2032400PE.NFO,07/01/2020,09:15:43,642.6,565.05,40,833.7,20,0,35140
BANKNIFTY09JAN2032400PE.NFO,07/01/2020,09:15:58,642.6,565.05,40,833.6,20,0,35140
BANKNIFTY09JAN2032400PE.NFO,07/01/2020,09:16:03,642.6,703.65,40,748.9,20,0,35140
BANKNIFTY09JAN2032400PE.NFO,07/01/2020,09:16:04,642.6,699.2,20,743.8,20,0,35140
BANKNIFTY09JAN2032400PE.NFO,07/01/2020,09:16:05,642.6,701.2,20,740.55,20,0,35140
BANKNIFTY09JAN2032400PE.NFO,07/01/2020,09:16:07,642.6,695.8,20,740.55,20,0,35140
BANKNIFTY09JAN2032400PE.NFO,07/01/2020,09:16:07,642.6,695.8,20,738.4,20,0,35140
BANKNIFTY09JAN2032400PE.NFO,07/01/2020,09:16:08,642.6,698.6,20,738.4,20,0,35140
BANKNIFTY09JAN2032400PE.NFO,07/01/2020,09:16:09,642.6,698.25,20,738,20,0,35140
BANKNIFTY09JAN2032400PE.NFO,07/01/2020,09:16:10,642.6,700.5,20,741.55,20,0,35140
BANKNIFTY09JAN2032400PE.NFO,07/01/2020,09:16:11,642.6,690.3,20,736.8,20,0,35140
BANKNIFTY09JAN2032400PE.NFO,07/01/2020,09:16:13,642.6,687.6,20,732,20,0,35140
BANKNIFTY09JAN2032400PE.NFO,07/01/2020,09:16:13,642.6,696.05,20,731.95,20,0,35140
BANKNIFTY09JAN2032400PE.NFO,07/01/2020,09:16:14,642.6,696.2,520,735.6,40,0,35140
BANKNIFTY09JAN2032400PE.NFO,07/01/2020,09:16:16,642.6,696.25,20,733.75,600,0,35140
BANKNIFTY09JAN2032400PE.NFO,07/01/2020,09:16:17,642.6,696.25,20,733.7,20,0,35140
BANKNIFTY09JAN2032400PE.NFO,07/01/2020,09:16:17,642.6,696.25,20,733.75,600,0,35140
BANKNIFTY09JAN2032400PE.NFO,07/01/2020,09:16:18,642.6,696.2,520,733.7,20,0,35140
BANKNIFTY09JAN2032400PE.NFO,07/01/2020,09:16:19,642.6,696.25,20,733.7,20,0,35140
BANKNIFTY09JAN2032400PE.NFO,07/01/2020,09:16:23,642.6,696.25,20,733.6,20,0,35140
BANKNIFTY09JAN2032400PE.NFO,07/01/2020,09:16:23,642.6,696.25,20,733,20,0,35140
BANKNIFTY09JAN2032400PE.NFO,07/01/2020,09:16:24,642.6,696.25,20,732.3,20,0,35140
BANKNIFTY09JAN2032400PE.NFO,07/01/2020,09:16:26,642.6,696.25,20,732.1,40,0,35140
BANKNIFTY09JAN2032400PE.NFO,07/01/2020,09:16:26,642.6,696.3,20,732.1,40,0,35140
BANKNIFTY09JAN2032400PE.NFO,07/01/2020,09:16:28,642.6,696.9,20,732.1,40,0,35140
BANKNIFTY09JAN2032400PE.NFO,07/01/2020,09:16:30,642.6,696.9,20,731.75,20,0,35140
BANKNIFTY09JAN2032400PE.NFO,07/01/2020,09:16:31,642.6,696.9,20,729.45,20,0,35140
BANKNIFTY09JAN2032400PE.NFO,07/01/2020,09:16:32,642.6,696.9,20,729.25,20,0,35140
BANKNIFTY09JAN2032400PE.NFO,07/01/2020,09:16:38,642.6,696.9,20,729.3,600,0,35140
BANKNIFTY09JAN2032400PE.NFO,07/01/2020,09:16:39,642.6,696.9,20,729.25,20,0,35140
BANKNIFTY09JAN2032400PE.NFO,07/01/2020,09:16:41,642.6,696.9,20,726.65,20,0,35140
BANKNIFTY09JAN2032400PE.NFO,07/01/2020,09:16:44,642.6,696.9,20,726,20,0,35140
BANKNIFTY09JAN2032400PE.NFO,07/01/2020,09:16:46,642.6,696.9,20,725.85,20,0,35140
BANKNIFTY09JAN2032400PE.NFO,07/01/2020,09:16:48,642.6,696.9,20,725.8,20,0,35140
BANKNIFTY09JAN2032400PE.NFO,07/01/2020,09:16:49,642.6,696.9,20,725.8,40,0,35140
BANKNIFTY09JAN2032400PE.NFO,07/01/2020,09:16:53,642.6,696.9,20,725.5,20,0,35140
BANKNIFTY09JAN2032400PE.NFO,07/01/2020,09:16:54,642.6,696.9,20,725.55,20,0,35140
BANKNIFTY09JAN2032400PE.NFO,07/01/2020,09:17:08,642.6,696.9,120,725.55,20,0,35140
BANKNIFTY09JAN2032400PE.NFO,07/01/2020,09:17:11,642.6,696.9,120,725.45,20,0,35140
BANKNIFTY09JAN2032400PE.NFO,07/01/2020,09:17:12,642.6,696.9,120,725.05,20,0,35140
BANKNIFTY09JAN2032400PE.NFO,07/01/2020,09:17:13,642.6,696.9,120,724.75,20,0,35140
BANKNIFTY09JAN2032400PE.NFO,07/01/2020,09:17:14,642.6,696.9,120,724.2,600,0,35140
BANKNIFTY09JAN2032400PE.NFO,07/01/2020,09:17:16,642.6,696.9,120,723.85,20,0,35140
BANKNIFTY09JAN2032400PE.NFO,07/01/2020,09:17:17,642.6,696.9,120,723.9,600,0,35140
BANKNIFTY09JAN2032400PE.NFO,07/01/2020,09:17:17,642.6,696.9,120,723.85,20,0,35140
BANKNIFTY09JAN2032400PE.NFO,07/01/2020,09:17:19,642.6,696.9,120,723.9,600,0,35140
BANKNIFTY09JAN2032400PE.NFO,07/01/2020,09:17:20,642.6,696.9,20,723.85,100,0,35140
BANKNIFTY09JAN2032400PE.NFO,07/01/2020,09:17:21,642.6,696.9,20,723.8,20,0,35140
BANKNIFTY09JAN2032400PE.NFO,07/01/2020,09:17:30,642.6,696.9,20,723.75,100,0,35140
BANKNIFTY09JAN2032400PE.NFO,07/01/2020,09:17:31,642.6,697.1,20,723.85,80,0,35140
BANKNIFTY09JAN2032400PE.NFO,07/01/2020,09:17:32,723.8,697.25,20,729.95,680,20,36080
BANKNIFTY09JAN2032400PE.NFO,07/01/2020,09:17:33,723.8,697.25,20,729.95,20,0,36080
BANKNIFTY09JAN2032400PE.NFO,07/01/2020,09:17:34,723.8,700.15,20,729.85,20,0,36080
BANKNIFTY09JAN2032400PE.NFO,07/01/2020,09:17:36,723.8,700.35,40,729.85,20,0,36080
BANKNIFTY09JAN2032400PE.NFO,07/01/2020,09:17:37,723.8,700.6,20,729.9,20,0,36080
BANKNIFTY09JAN2032400PE.NFO,07/01/2020,09:17:40,723.8,701.05,40,729.7,20,0,36080
BANKNIFTY09JAN2032400PE.NFO,07/01/2020,09:17:41,723.8,701.25,40,729.6,20,0,36080
BANKNIFTY09JAN2032400PE.NFO,07/01/2020,09:17:41,723.8,701.65,40,729.55,40,0,36080
BANKNIFTY09JAN2032400PE.NFO,07/01/2020,09:17:42,723.8,703.25,40,729.9,40,0,36080
BANKNIFTY09JAN2032400PE.NFO,07/01/2020,09:17:43,723.8,703.85,60,729.75,20,0,36080
BANKNIFTY09JAN2032400PE.NFO,07/01/2020,09:17:45,723.8,703.85,60,729.85,20,0,36080
BANKNIFTY09JAN2032400PE.NFO,07/01/2020,09:17:46,723.8,704.55,40,729.85,20,0,36080
BANKNIFTY09JAN2032400PE.NFO,07/01/2020,09:17:47,723.8,706.45,40,729.95,20,0,36080
BANKNIFTY09JAN2032400PE.NFO,07/01/2020,09:17:48,723.8,706.95,40,729.95,20,0,36080
BANKNIFTY09JAN2032400PE.NFO,07/01/2020,09:17:49,723.8,707.8,40,729.85,20,0,36080
BANKNIFTY09JAN2032400PE.NFO,07/01/2020,09:17:50,723.8,708.05,20,729.95,20,0,36080
BANKNIFTY09JAN2032400PE.NFO,07/01/2020,09:17:51,723.8,708,20,729.95,20,0,36080
BANKNIFTY09JAN2032400PE.NFO,07/01/2020,09:17:52,723.8,708,20,730,20,0,36080
BANKNIFTY09JAN2032400PE.NFO,07/01/2020,09:17:53,723.8,708.3,40,729.95,20,0,36080
BANKNIFTY09JAN2032400PE.NFO,07/01/2020,09:17:54,729.95,708.3,40,729.95,20,20,36080
BANKNIFTY09JAN2032400PE.NFO,07/01/2020,09:17:56,729.95,708.3,20,729.95,20,0,36080
BANKNIFTY09JAN2032400PE.NFO,07/01/2020,09:17:57,729.95,708.4,20,729.95,20,0,36080
BANKNIFTY09JAN2032400PE.NFO,07/01/2020,09:17:58,729.95,708.65,20,729.95,20,0,36080
BANKNIFTY09JAN2032400PE.NFO,07/01/2020,09:17:59,729.95,709.7,40,729.95,20,0,36080
BANKNIFTY09JAN2032400PE.NFO,07/01/2020,09:17:59,729.95,710.05,20,729.95,20,0,36080
BANKNIFTY09JAN2032400PE.NFO,07/01/2020,09:18:00,729.95,710.2,60,729.95,20,0,36080
BANKNIFTY09JAN2032400PE.NFO,07/01/2020,09:18:01,729.95,710.65,40,730,20,40,36080
BANKNIFTY09JAN2032400PE.NFO,07/01/2020,09:18:02,729.95,710.75,120,730,20,0,36080
BANKNIFTY09JAN2032400PE.NFO,07/01/2020,09:18:03,729.95,710.85,60,729.95,680,0,36080
BANKNIFTY09JAN2032400PE.NFO,07/01/2020,09:18:04,729.95,710.8,60,729.85,20,0,36080
BANKNIFTY09JAN2032400PE.NFO,07/01/2020,09:18:06,729.95,710.8,80,729.85,20,0,36080
BANKNIFTY09JAN2032400PE.NFO,07/01/2020,09:18:08,729.95,710.95,80,729.75,20,0,36080
BANKNIFTY09JAN2032400PE.NFO,07/01/2020,09:18:09,729.95,711.15,100,729.65,20,0,36080
BANKNIFTY09JAN2032400PE.NFO,07/01/2020,09:18:09,729.95,711.25,80,729.55,20,0,36080
BANKNIFTY09JAN2032400PE.NFO,07/01/2020,09:18:10,729.95,711.4,80,729.55,20,0,36080
BANKNIFTY09JAN2032400PE.NFO,07/01/2020,09:18:11,729.95,711.5,80,729.55,20,0,36080
BANKNIFTY09JAN2032400PE.NFO,07/01/2020,09:18:13,729.55,711.65,60,729.6,400,20,36080
BANKNIFTY09JAN2032400PE.NFO,07/01/2020,09:18:14,729.55,711.6,160,729.6,400,0,36080
BANKNIFTY09JAN2032400PE.NFO,07/01/2020,09:18:15,729.55,711.8,80,729.6,400,0,36080
BANKNIFTY09JAN2032400PE.NFO,07/01/2020,09:18:16,729.55,711.85,640,729.6,400,0,36080
BANKNIFTY09JAN2032400PE.NFO,07/01/2020,09:18:16,729.55,712.05,120,729.6,400,0,36080
BANKNIFTY09JAN2032400PE.NFO,07/01/2020,09:18:19,729.55,712.2,120,729.6,400,0,36080
BANKNIFTY09JAN2032400PE.NFO,07/01/2020,09:18:20,729.55,712.25,20,729.55,20,0,36080
BANKNIFTY09JAN2032400PE.NFO,07/01/2020,09:18:21,729.55,710.1,480,729.55,20,0,36080
BANKNIFTY09JAN2032400PE.NFO,07/01/2020,09:18:22,729.55,710.2,100,729.6,400,20,36080
BANKNIFTY09JAN2032400PE.NFO,07/01/2020,09:18:23,729.55,710.3,100,729.6,400,0,36080
BANKNIFTY09JAN2032400PE.NFO,07/01/2020,09:18:26,729.55,710.05,20,729.55,20,0,36080
BANKNIFTY09JAN2032400PE.NFO,07/01/2020,09:18:27,729.55,710.1,100,729.6,400,0,36080
BANKNIFTY09JAN2032400PE.NFO,07/01/2020,09:18:28,729.55,710.2,100,729.6,400,0,36080
BANKNIFTY09JAN2032400PE.NFO,07/01/2020,09:18:29,729.55,710.25,20,729.6,400,0,36080
BANKNIFTY09JAN2032400PE.NFO,07/01/2020,09:18:29,729.55,710.25,100,729.6,400,0,36080
BANKNIFTY09JAN2032400PE.NFO,07/01/2020,09:18:30,710.1,710.1,60,729.6,400,60,36080
BANKNIFTY09JAN2032400PE.NFO,07/01/2020,09:18:31,710.1,710.2,60,729.55,60,0,36080
BANKNIFTY09JAN2032400PE.NFO,07/01/2020,09:18:32,710.3,710.3,40,729.55,60,20,36080
BANKNIFTY09JAN2032400PE.NFO,07/01/2020,09:18:34,710.3,710.45,40,729.4,20,0,36080
BANKNIFTY09JAN2032400PE.NFO,07/01/2020,09:18:36,710.3,710.85,40,729.05,400,0,36080
BANKNIFTY09JAN2032400PE.NFO,07/01/2020,09:18:37,710.3,710.95,40,729.05,400,0,36080
BANKNIFTY09JAN2032400PE.NFO,07/01/2020,09:18:38,710.3,711.05,40,729.05,400,0,36080
BANKNIFTY09JAN2032400PE.NFO,07/01/2020,09:18:40,729.05,711.15,180,729,100,20,36080
BANKNIFTY09JAN2032400PE.NFO,07/01/2020,09:18:41,729.05,711.35,40,728.95,200,0,36080
BANKNIFTY09JAN2032400PE.NFO,07/01/2020,09:18:42,729.05,711.55,40,729.05,40,0,36080
BANKNIFTY09JAN2032400PE.NFO,07/01/2020,09:18:42,729.05,711.65,40,729.5,40,0,36080
BANKNIFTY09JAN2032400PE.NFO,07/01/2020,09:18:44,729.05,711.95,40,729.5,40,0,36080
BANKNIFTY09JAN2032400PE.NFO,07/01/2020,09:18:45,729.05,712.05,40,729.4,120,0,36080
BANKNIFTY09JAN2032400PE.NFO,07/01/2020,09:18:46,729.05,712.25,40,729.4,120,0,36080
BANKNIFTY09JAN2032400PE.NFO,07/01/2020,09:18:47,729.05,712.75,40,729.35,220,0,36080
BANKNIFTY09JAN2032400PE.NFO,07/01/2020,09:18:48,729,713.4,40,728.95,400,20,36080
BANKNIFTY09JAN2032400PE.NFO,07/01/2020,09:18:49,729,713.4,60,728.95,40,0,36080
BANKNIFTY09JAN2032400PE.NFO,07/01/2020,09:18:50,729,714.1,40,729,40,0,36080
BANKNIFTY09JAN2032400PE.NFO,07/01/2020,09:18:51,729,714.25,20,728.95,40,0,36080
BANKNIFTY09JAN2032400PE.NFO,07/01/2020,09:18:52,729,714.65,20,728.95,40,0,36080
BANKNIFTY09JAN2032400PE.NFO,07/01/2020,09:18:53,729,714.85,40,729,40,0,36080
BANKNIFTY09JAN2032400PE.NFO,07/01/2020,09:18:54,729,715.15,40,728.95,100,0,36080
BANKNIFTY09JAN2032400PE.NFO,07/01/2020,09:18:56,728.95,715.7,60,728.95,40,20,36080
BANKNIFTY09JAN2032400PE.NFO,07/01/2020,09:18:57,728.95,716.3,60,729,40,0,36080
BANKNIFTY09JAN2032400PE.NFO,07/01/2020,09:18:58,728.95,716.7,60,729,40,0,36080
BANKNIFTY09JAN2032400PE.NFO,07/01/2020,09:18:59,728.95,716.85,580,728.95,200,0,36080
BANKNIFTY09JAN2032400PE.NFO,07/01/2020,09:19:00,728.95,717.35,40,728.85,360,0,36080
BANKNIFTY09JAN2032400PE.NFO,07/01/2020,09:19:01,728.95,717.55,40,728.75,20,0,36080
BANKNIFTY09JAN2032400PE.NFO,07/01/2020,09:19:02,728.95,717.75,40,728.7,20,0,36080
BANKNIFTY09JAN2032400PE.NFO,07/01/2020,09:19:02,728.95,717.75,20,728.6,20,0,36080
BANKNIFTY09JAN2032400PE.NFO,07/01/2020,09:19:03,728.95,717.8,160,728.6,160,0,36080
BANKNIFTY09JAN2032400PE.NFO,07/01/2020,09:19:05,728.95,717.85,60,728.65,100,0,36080
BANKNIFTY09JAN2032400PE.NFO,07/01/2020,09:19:06,730,718.45,100,737.7,20,220,36080
BANKNIFTY09JAN2032400PE.NFO,07/01/2020,09:19:07,730,719.3,60,737.7,40,0,36080
BANKNIFTY09JAN2032400PE.NFO,07/01/2020,09:19:08,730,720.1,40,737.7,40,0,36080
BANKNIFTY09JAN2032400PE.NFO,07/01/2020,09:19:08,730,720.1,60,737.7,40,0,36080
BANKNIFTY09JAN2032400PE.NFO,07/01/2020,09:19:09,730,720.4,40,737.7,40,0,36080
BANKNIFTY09JAN2032400PE.NFO,07/01/2020,09:19:10,730,720.8,40,737.7,40,0,36080
BANKNIFTY09JAN2032400PE.NFO,07/01/2020,09:19:11,730,720.9,60,737.7,40,0,36080
BANKNIFTY09JAN2032400PE.NFO,07/01/2020,09:19:12,730,721.1,40,737.65,20,0,36080
BANKNIFTY09JAN2032400PE.NFO,07/01/2020,09:19:14,730,721.2,40,737.65,20,0,36080
BANKNIFTY09JAN2032400PE.NFO,07/01/2020,09:19:15,737.65,721.2,40,737.65,20,20,36080
BANKNIFTY09JAN2032400PE.NFO,07/01/2020,09:19:16,737.65,721.2,40,737.65,20,0,36080
BANKNIFTY09JAN2032400PE.NFO,07/01/2020,09:19:17,721.2,708.6,820,737.65,20,40,36080
BANKNIFTY09JAN2032400PE.NFO,07/01/2020,09:19:18,721.2,708.6,800,735.25,20,0,36080
BANKNIFTY09JAN2032400PE.NFO,07/01/2020,09:19:19,721.2,708.9,60,733.25,20,0,36080
BANKNIFTY09JAN2032400PE.NFO,07/01/2020,09:19:20,721.2,709.45,40,732.6,20,0,36080
BANKNIFTY09JAN2032400PE.NFO,07/01/2020,09:19:21,721.2,709.7,40,731.75,60,0,36080
BANKNIFTY09JAN2032400PE.NFO,07/01/2020,09:19:22,721.2,710.2,20,730.65,20,0,36080
BANKNIFTY09JAN2032400PE.NFO,07/01/2020,09:19:23,721.2,708.6,20,730.45,20,0,36080
BANKNIFTY09JAN2032400PE.NFO,07/01/2020,09:19:24,721.2,708.55,40,729.55,20,0,36080
BANKNIFTY09JAN2032400PE.NFO,07/01/2020,09:19:25,721.2,708.6,60,729,40,0,36080
BANKNIFTY09JAN2032400PE.NFO,07/01/2020,09:19:26,721.2,709.5,20,728.95,680,0,36080
BANKNIFTY09JAN2032400PE.NFO,07/01/2020,09:19:27,721.2,709.5,20,728.95,660,0,36080
BANKNIFTY09JAN2032400PE.NFO,07/01/2020,09:19:28,721.2,700.15,20,727.75,20,0,36080
BANKNIFTY09JAN2032400PE.NFO,07/01/2020,09:19:29,721.2,700.6,40,727.55,20,0,36080
BANKNIFTY09JAN2032400PE.NFO,07/01/2020,09:19:30,721.2,701.45,20,726.8,20,0,36080
BANKNIFTY09JAN2032400PE.NFO,07/01/2020,09:19:31,721.2,702.05,20,726.6,20,0,36080
BANKNIFTY09JAN2032400PE.NFO,07/01/2020,09:19:32,721.2,702.55,40,726.6,20,0,36080
BANKNIFTY09JAN2032400PE.NFO,07/01/2020,09:19:33,721.2,703.45,20,726.6,20,0,36080
BANKNIFTY09JAN2032400PE.NFO,07/01/2020,09:19:34,721.2,703.75,40,726.6,20,0,36080
BANKNIFTY09JAN2032400PE.NFO,07/01/2020,09:19:34,721.2,704.15,20,726.6,20,0,36080
BANKNIFTY09JAN2032400PE.NFO,07/01/2020,09:19:35,721.2,704.45,20,726.6,20,0,36080
BANKNIFTY09JAN2032400PE.NFO,07/01/2020,09:19:36,721.2,704.65,20,726.6,20,0,36080
BANKNIFTY09JAN2032400PE.NFO,07/01/2020,09:19:37,721.2,705.3,20,726.6,20,0,36080
BANKNIFTY09JAN2032400PE.NFO,07/01/2020,09:19:38,721.2,705.6,20,726.65,200,0,36080
BANKNIFTY09JAN2032400PE.NFO,07/01/2020,09:19:39,721.2,705.9,20,726.65,200,0,36080
BANKNIFTY09JAN2032400PE.NFO,07/01/2020,09:19:40,721.2,705.95,20,726.65,200,0,36080
BANKNIFTY09JAN2032400PE.NFO,07/01/2020,09:19:42,721.2,706.35,20,726.6,20,0,36080
BANKNIFTY09JAN2032400PE.NFO,07/01/2020,09:19:43,721.2,706.45,20,726.6,20,0,36080
BANKNIFTY09JAN2032400PE.NFO,07/01/2020,09:19:44,721.2,703.3,20,726.25,20,0,36080
BANKNIFTY09JAN2032400PE.NFO,07/01/2020,09:19:45,721.2,703.45,20,724.45,200,0,36080
BANKNIFTY09JAN2032400PE.NFO,07/01/2020,09:19:46,721.2,700.15,20,723.1,20,0,36080
BANKNIFTY09JAN2032400PE.NFO,07/01/2020,09:19:47,721.2,700.75,20,722.55,20,0,36080
BANKNIFTY09JAN2032400PE.NFO,07/01/2020,09:19:48,721.2,691.9,20,722.55,20,0,36080
BANKNIFTY09JAN2032400PE.NFO,07/01/2020,09:19:49,721.2,691.65,20,722.55,20,0,36080
BANKNIFTY09JAN2032400PE.NFO,07/01/2020,09:19:50,721.2,691.9,40,719.85,200,0,36080
BANKNIFTY09JAN2032400PE.NFO,07/01/2020,09:19:51,721.2,692.1,20,719.05,20,0,36080
BANKNIFTY09JAN2032400PE.NFO,07/01/2020,09:19:52,721.2,692.55,20,718.95,20,0,36080
BANKNIFTY09JAN2032400PE.NFO,07/01/2020,09:19:53,721.2,692.75,20,718.85,20,0,36080
BANKNIFTY09JAN2032400PE.NFO,07/01/2020,09:19:54,721.2,693,20,718.65,20,0,36080
BANKNIFTY09JAN2032400PE.NFO,07/01/2020,09:19:55,721.2,693.65,40,717,20,0,36080
BANKNIFTY09JAN2032400PE.NFO,07/01/2020,09:19:56,721.2,694.4,40,716.8,60,0,36080
BANKNIFTY09JAN2032400PE.NFO,07/01/2020,09:19:57,721.2,694.7,20,716.65,20,0,36080
BANKNIFTY09JAN2032400PE.NFO,07/01/2020,09:19:58,721.2,695.1,20,716.15,20,0,36080
BANKNIFTY09JAN2032400PE.NFO,07/01/2020,09:19:59,721.2,688.25,20,713.15,20,0,36080
BANKNIFTY09JAN2032400PE.NFO,07/01/2020,09:20:00,721.2,688.35,220,713,660,0,36080
BANKNIFTY09JAN2032400PE.NFO,07/01/2020,09:20:01,721.2,682.15,560,709.3,80,0,36080
BANKNIFTY09JAN2032400PE.NFO,07/01/2020,09:20:02,695.95,682.25,60,708.9,40,100,36080
BANKNIFTY09JAN2032400PE.NFO,07/01/2020,09:20:03,695.95,682.25,20,705.95,20,0,36080
BANKNIFTY09JAN2032400PE.NFO,07/01/2020,09:20:04,695.95,682.8,20,705.6,20,0,36080
BANKNIFTY09JAN2032400PE.NFO,07/01/2020,09:20:05,695.95,672.6,20,703.1,20,0,36080
BANKNIFTY09JAN2032400PE.NFO,07/01/2020,09:20:06,695.95,672.6,20,703,20,0,36080
BANKNIFTY09JAN2032400PE.NFO,07/01/2020,09:20:07,695.95,673.15,20,701,200,0,36080
BANKNIFTY09JAN2032400PE.NFO,07/01/2020,09:20:08,695.95,673.35,20,700.95,660,0,36080
BANKNIFTY09JAN2032400PE.NFO,07/01/2020,09:20:09,695.95,673.5,20,700.95,660,0,36080
BANKNIFTY09JAN2032400PE.NFO,07/01/2020,09:20:09,695.95,673.8,20,700.95,660,0,36080
BANKNIFTY09JAN2032400PE.NFO,07/01/2020,09:20:11,695.95,674.15,20,700.95,660,0,36080
BANKNIFTY09JAN2032400PE.NFO,07/01/2020,09:20:11,674.1,674.1,580,700.95,660,40,35880
BANKNIFTY09JAN2032400PE.NFO,07/01/2020,09:20:12,674.1,674.1,580,700.95,660,0,35880
BANKNIFTY09JAN2032400PE.NFO,07/01/2020,09:20:15,674.1,674.1,560,700.95,660,0,35880
BANKNIFTY09JAN2032400PE.NFO,07/01/2020,09:20:16,674.1,675.05,20,700.95,660,0,35880
BANKNIFTY09JAN2032400PE.NFO,07/01/2020,09:20:18,674.1,675.65,20,700.95,660,0,35880
BANKNIFTY09JAN2032400PE.NFO,07/01/2020,09:20:19,674.1,676.05,20,700.9,20,0,35880
BANKNIFTY09JAN2032400PE.NFO,07/01/2020,09:20:20,674.1,676.1,560,700.9,20,0,35880
BANKNIFTY09JAN2032400PE.NFO,07/01/2020,09:20:21,674.1,676.75,20,700.9,20,0,35880
BANKNIFTY09JAN2032400PE.NFO,07/01/2020,09:20:22,674.1,677.25,20,700.9,20,0,35880
BANKNIFTY09JAN2032400PE.NFO,07/01/2020,09:20:23,674.1,677.8,20,700.9,20,0,35880
BANKNIFTY09JAN2032400PE.NFO,07/01/2020,09:20:24,674.1,678.05,220,700.9,20,0,35880
BANKNIFTY09JAN2032400PE.NFO,07/01/2020,09:20:25,674.1,678.35,20,700.9,20,0,35880
BANKNIFTY09JAN2032400PE.NFO,07/01/2020,09:20:26,674.1,678.45,20,700.35,20,0,35880
BANKNIFTY09JAN2032400PE.NFO,07/01/2020,09:20:27,674.1,678.55,80,700.25,20,0,35880
BANKNIFTY09JAN2032400PE.NFO,07/01/2020,09:20:28,700.25,672.55,660,700.3,660,20,35880
BANKNIFTY09JAN2032400PE.NFO,07/01/2020,09:20:29,700.25,672.55,660,699.55,660,0,35880
BANKNIFTY09JAN2032400PE.NFO,07/01/2020,09:20:30,700.25,672.55,660,699.3,40,0,35880
BANKNIFTY09JAN2032400PE.NFO,07/01/2020,09:20:31,700.25,672.55,20,698.05,20,0,35880
BANKNIFTY09JAN2032400PE.NFO,07/01/2020,09:20:32,700.25,672.75,20,694.4,20,0,35880
BANKNIFTY09JAN2032400PE.NFO,07/01/2020,09:20:33,700.25,661.55,20,694.45,200,0,35880
BANKNIFTY09JAN2032400PE.NFO,07/01/2020,09:20:36,700.25,662.15,20,694.45,200,0,35880
BANKNIFTY09JAN2032400PE.NFO,07/01/2020,09:20:37,700.25,662.5,580,694.45,200,0,35880
BANKNIFTY09JAN2032400PE.NFO,07/01/2020,09:20:38,700.25,663.05,40,694.45,200,0,35880
BANKNIFTY09JAN2032400PE.NFO,07/01/2020,09:20:39,700.25,663.75,20,693.15,20,0,35880
BANKNIFTY09JAN2032400PE.NFO,07/01/2020,09:20:40,700.25,664.65,20,692.5,660,0,35880
BANKNIFTY09JAN2032400PE.NFO,07/01/2020,09:20:41,700.25,665.4,20,692.5,660,0,35880
BANKNIFTY09JAN2032400PE.NFO,07/01/2020,09:20:42,700.25,665.95,20,692.5,660,0,35880
BANKNIFTY09JAN2032400PE.NFO,07/01/2020,09:20:44,700.25,667.35,20,692.5,660,0,35880
BANKNIFTY09JAN2032400PE.NFO,07/01/2020,09:20:45,700.25,667.95,100,691.65,660,0,35880
BANKNIFTY09JAN2032400PE.NFO,07/01/2020,09:20:46,700.25,668.05,20,691.25,20,0,35880
BANKNIFTY09JAN2032400PE.NFO,07/01/2020,09:20:47,700.25,661.6,20,689,40,0,35880
BANKNIFTY09JAN2032400PE.NFO,07/01/2020,09:20:48,700.25,662,560,688.4,40,0,35880
BANKNIFTY09JAN2032400PE.NFO,07/01/2020,09:20:50,700.25,662.85,20,685.75,40,0,35880
BANKNIFTY09JAN2032400PE.NFO,07/01/2020,09:20:51,700.25,663.7,20,685.55,20,0,35880
BANKNIFTY09JAN2032400PE.NFO,07/01/2020,09:20:52,700.25,663.7,20,685,20,0,35880
BANKNIFTY09JAN2032400PE.NFO,07/01/2020,09:20:53,700.25,652.15,660,681.25,20,0,35880
BANKNIFTY09JAN2032400PE.NFO,07/01/2020,09:20:54,700.25,652.3,20,679.85,20,0,35880
BANKNIFTY09JAN2032400PE.NFO,07/01/2020,09:20:56,700.25,652.65,20,679.8,200,0,35880
BANKNIFTY09JAN2032400PE.NFO,07/01/2020,09:20:57,700.25,653.8,20,678.35,660,0,35880
BANKNIFTY09JAN2032400PE.NFO,07/01/2020,09:20:58,700.25,654.25,20,678.35,660,0,35880
BANKNIFTY09JAN2032400PE.NFO,07/01/2020,09:20:59,700.25,654.65,20,678.35,660,0,35880
BANKNIFTY09JAN2032400PE.NFO,07/01/2020,09:21:00,678.35,655.2,560,678.3,100,20,35880
BANKNIFTY09JAN2032400PE.NFO,07/01/2020,09:21:02,678.3,656.15,20,678.3,100,40,35880
BANKNIFTY09JAN2032400PE.NFO,07/01/2020,09:21:03,678.3,656.85,20,678.3,100,0,35880
BANKNIFTY09JAN2032400PE.NFO,07/01/2020,09:21:04,678.3,657.3,20,678.3,100,0,35880
BANKNIFTY09JAN2032400PE.NFO,07/01/2020,09:21:06,678.3,658.15,20,678.3,100,0,35880
BANKNIFTY09JAN2032400PE.NFO,07/01/2020,09:21:07,678.3,658.6,20,678.3,100,0,35880
BANKNIFTY09JAN2032400PE.NFO,07/01/2020,09:21:08,678.3,659.15,20,678.3,100,0,35880
BANKNIFTY09JAN2032400PE.NFO,07/01/2020,09:21:09,678.3,659.2,120,678.3,100,0,35880
BANKNIFTY09JAN2032400PE.NFO,07/01/2020,09:21:10,678.3,659.2,20,678.3,100,0,35880
BANKNIFTY09JAN2032400PE.NFO,07/01/2020,09:21:11,678.3,652.15,660,677.9,80,0,35880
BANKNIFTY09JAN2032400PE.NFO,07/01/2020,09:21:12,678.3,652.3,20,676.9,40,0,35880
BANKNIFTY09JAN2032400PE.NFO,07/01/2020,09:21:13,678.3,652.65,20,676.75,20,0,35880
BANKNIFTY09JAN2032400PE.NFO,07/01/2020,09:21:14,676.8,652.7,20,675.4,40,40,35880
BANKNIFTY09JAN2032400PE.NFO,07/01/2020,09:21:15,675.2,652.1,40,673.15,40,20,35880
BANKNIFTY09JAN2032400PE.NFO,07/01/2020,09:21:16,675.2,652.25,40,673.05,100,0,35880
BANKNIFTY09JAN2032400PE.NFO,07/01/2020,09:21:17,651,650.05,80,670.55,40,40,35880
BANKNIFTY09JAN2032400PE.NFO,07/01/2020,09:21:18,651,650.05,280,670.5,100,0,35880
BANKNIFTY09JAN2032400PE.NFO,07/01/2020,09:21:19,651,650,40,669.05,660,0,35880
BANKNIFTY09JAN2032400PE.NFO,07/01/2020,09:21:20,650,639,680,669,100,40,35880
BANKNIFTY09JAN2032400PE.NFO,07/01/2020,09:21:21,650,639,660,668.15,660,0,35880
BANKNIFTY09JAN2032400PE.NFO,07/01/2020,09:21:22,650,639.15,20,668.15,660,0,35880
BANKNIFTY09JAN2032400PE.NFO,07/01/2020,09:21:23,650,639.95,20,659.9,100,0,35880
BANKNIFTY09JAN2032400PE.NFO,07/01/2020,09:21:24,650,640.05,120,659.9,100,0,35880
BANKNIFTY09JAN2032400PE.NFO,07/01/2020,09:21:25,650,640.5,20,659.9,100,0,35880
BANKNIFTY09JAN2032400PE.NFO,07/01/2020,09:21:26,650,640.7,20,659.9,100,0,35880
BANKNIFTY09JAN2032400PE.NFO,07/01/2020,09:21:27,650,640.9,20,659.9,100,0,35880
BANKNIFTY09JAN2032400PE.NFO,07/01/2020,09:21:28,650,641.3,20,659.9,100,20,35880
BANKNIFTY09JAN2032400PE.NFO,07/01/2020,09:21:29,650,642,40,659.95,660,0,35880
BANKNIFTY09JAN2032400PE.NFO,07/01/2020,09:21:30,659.95,642.5,20,664.9,760,20,35880
BANKNIFTY09JAN2032400PE.NFO,07/01/2020,09:21:31,659.95,643,60,664.9,760,0,35880
BANKNIFTY09JAN2032400PE.NFO,07/01/2020,09:21:32,659.95,643.5,40,664.9,760,0,35880
BANKNIFTY09JAN2032400PE.NFO,07/01/2020,09:21:33,659.95,644.2,20,664.85,660,0,35880
BANKNIFTY09JAN2032400PE.NFO,07/01/2020,09:21:34,659.95,644.65,60,664.85,560,0,35880
BANKNIFTY09JAN2032400PE.NFO,07/01/2020,09:21:35,659.95,645.55,60,664.85,560,0,35880
BANKNIFTY09JAN2032400PE.NFO,07/01/2020,09:21:36,659.95,645.85,40,664.9,100,0,35880
BANKNIFTY09JAN2032400PE.NFO,07/01/2020,09:21:37,659.95,645.95,40,664.9,40,0,35880
BANKNIFTY09JAN2032400PE.NFO,07/01/2020,09:21:38,659.95,646.25,40,664.85,60,0,35880
BANKNIFTY09JAN2032400PE.NFO,07/01/2020,09:21:39,665,646.65,40,675.4,760,60,35880
BANKNIFTY09JAN2032400PE.NFO,07/01/2020,09:21:40,665,647.15,40,675.4,760,0,35880
BANKNIFTY09JAN2032400PE.NFO,07/01/2020,09:21:41,665,647.55,40,675.4,760,0,35880
BANKNIFTY09JAN2032400PE.NFO,07/01/2020,09:21:42,665,648.05,60,675.4,760,0,35880
BANKNIFTY09JAN2032400PE.NFO,07/01/2020,09:21:43,665,648.35,40,675.3,40,0,35880
BANKNIFTY09JAN2032400PE.NFO,07/01/2020,09:21:44,665,648.9,180,672.85,660,0,35880
BANKNIFTY09JAN2032400PE.NFO,07/01/2020,09:21:45,665,649.4,20,671,40,0,35880
BANKNIFTY09JAN2032400PE.NFO,07/01/2020,09:21:46,665,645.7,280,670.6,40,0,35880
BANKNIFTY09JAN2032400PE.NFO,07/01/2020,09:21:47,665,645.45,260,668.65,40,0,35880
BANKNIFTY09JAN2032400PE.NFO,07/01/2020,09:21:48,665,645.5,220,668.4,40,0,35880
BANKNIFTY09JAN2032400PE.NFO,07/01/2020,09:21:48,665,645.5,220,668.35,20,0,35880
BANKNIFTY09JAN2032400PE.NFO,07/01/2020,09:21:50,665,645.55,40,668.55,660,0,35880
BANKNIFTY09JAN2032400PE.NFO,07/01/2020,09:21:51,665,645.8,20,668.5,20,0,35880
BANKNIFTY09JAN2032400PE.NFO,07/01/2020,09:21:52,665,650,20,668.55,660,0,35880
BANKNIFTY09JAN2032400PE.NFO,07/01/2020,09:21:59,665,650,20,668.55,700,0,35880
BANKNIFTY09JAN2032400PE.NFO,07/01/2020,09:22:00,650,642.3,200,666.15,660,20,35880
BANKNIFTY09JAN2032400PE.NFO,07/01/2020,09:22:01,650,642.75,20,665.65,40,0,35880
BANKNIFTY09JAN2032400PE.NFO,07/01/2020,09:22:02,650,642.9,20,664.95,660,0,35880
BANKNIFTY09JAN2032400PE.NFO,07/01/2020,09:22:03,650,628.35,20,664.75,80,0,35880
BANKNIFTY09JAN2032400PE.NFO,07/01/2020,09:22:04,650,628.4,100,659.7,40,0,35880
BANKNIFTY09JAN2032400PE.NFO,07/01/2020,09:22:05,650,628.8,40,655.35,660,0,35880
BANKNIFTY09JAN2032400PE.NFO,07/01/2020,09:22:06,650,629.25,20,655.3,140,0,35880
BANKNIFTY09JAN2032400PE.NFO,07/01/2020,09:22:07,650,629.85,20,655.3,100,0,35880
BANKNIFTY09JAN2032400PE.NFO,07/01/2020,09:22:08,650,630.3,20,655.3,100,0,35880
BANKNIFTY09JAN2032400PE.NFO,07/01/2020,09:22:09,650,630.8,20,655.3,100,0,35880
BANKNIFTY09JAN2032400PE.NFO,07/01/2020,09:22:10,650,631.15,20,655.3,100,0,35880
BANKNIFTY09JAN2032400PE.NFO,07/01/2020,09:22:11,650,631.7,20,655.3,100,0,35880
BANKNIFTY09JAN2032400PE.NFO,07/01/2020,09:22:13,650,632.1,40,655.3,100,0,35880
BANKNIFTY09JAN2032400PE.NFO,07/01/2020,09:22:14,650,632.3,20,655.3,100,0,35880
BANKNIFTY09JAN2032400PE.NFO,07/01/2020,09:22:15,650,632.85,40,655.3,100,0,35880
BANKNIFTY09JAN2032400PE.NFO,07/01/2020,09:22:16,650,634.1,40,655.3,100,0,35880
BANKNIFTY09JAN2032400PE.NFO,07/01/2020,09:22:17,650,634.65,20,655.3,100,0,35880
BANKNIFTY09JAN2032400PE.NFO,07/01/2020,09:22:18,650,635.05,20,655.3,100,0,35880
BANKNIFTY09JAN2032400PE.NFO,07/01/2020,09:22:19,655.3,635.55,20,655.3,100,40,35880
BANKNIFTY09JAN2032400PE.NFO,07/01/2020,09:22:20,655.3,636.6,560,655.3,100,0,35880
BANKNIFTY09JAN2032400PE.NFO,07/01/2020,09:22:21,655.3,637.25,20,655.3,100,0,35880
BANKNIFTY09JAN2032400PE.NFO,07/01/2020,09:22:21,655.3,637.4,40,655.3,100,0,35880
BANKNIFTY09JAN2032400PE.NFO,07/01/2020,09:22:23,655.35,637.45,560,655.3,180,60,35880
BANKNIFTY09JAN2032400PE.NFO,07/01/2020,09:22:24,655.35,637.65,20,655.3,180,0,35880
BANKNIFTY09JAN2032400PE.NFO,07/01/2020,09:22:25,655.35,637.85,560,648.05,20,0,35880
BANKNIFTY09JAN2032400PE.NFO,07/01/2020,09:22:26,655.35,638.7,20,647.55,20,0,35880
BANKNIFTY09JAN2032400PE.NFO,07/01/2020,09:22:27,655.35,638.85,180,647,480,0,35880
BANKNIFTY09JAN2032400PE.NFO,07/01/2020,09:22:29,655.35,638.65,20,646.05,20,0,35880
BANKNIFTY09JAN2032400PE.NFO,07/01/2020,09:22:30,655.35,638.75,40,646.5,40,0,35880
BANKNIFTY09JAN2032400PE.NFO,07/01/2020,09:22:30,655.35,638.75,200,647.25,660,0,35880
BANKNIFTY09JAN2032400PE.NFO,07/01/2020,09:22:31,655.35,638.85,100,648.4,100,0,35880
BANKNIFTY09JAN2032400PE.NFO,07/01/2020,09:22:32,655.35,639.4,20,648.4,100,0,35880
BANKNIFTY09JAN2032400PE.NFO,07/01/2020,09:22:34,655.35,639.85,340,649.45,480,0,35880
BANKNIFTY09JAN2032400PE.NFO,07/01/2020,09:22:35,655.35,639.85,180,647.4,60,0,35880
BANKNIFTY09JAN2032400PE.NFO,07/01/2020,09:22:36,655.35,639.95,20,649.2,560,0,35880
BANKNIFTY09JAN2032400PE.NFO,07/01/2020,09:22:37,655.35,640.25,20,648.1,480,0,35880
BANKNIFTY09JAN2032400PE.NFO,07/01/2020,09:22:37,655.35,640.25,20,648.1,560,0,35880
BANKNIFTY09JAN2032400PE.NFO,07/01/2020,09:22:38,655.35,640.25,20,648.05,80,0,35880
BANKNIFTY09JAN2032400PE.NFO,07/01/2020,09:22:40,648.05,640.45,180,649.5,500,40,35880
BANKNIFTY09JAN2032400PE.NFO,07/01/2020,09:22:41,648.05,640.45,180,649.45,300,0,35880
BANKNIFTY09JAN2032400PE.NFO,07/01/2020,09:22:42,648.05,640.7,20,649.4,80,0,35880
BANKNIFTY09JAN2032400PE.NFO,07/01/2020,09:22:43,648.05,640.8,20,649.1,20,0,35880
BANKNIFTY09JAN2032400PE.NFO,07/01/2020,09:22:43,648.05,640.85,20,649.1,20,0,35880
BANKNIFTY09JAN2032400PE.NFO,07/01/2020,09:22:45,649.05,640.9,20,648.65,560,20,35880
BANKNIFTY09JAN2032400PE.NFO,07/01/2020,09:22:45,649.05,641.05,40,648.65,100,0,35880
BANKNIFTY09JAN2032400PE.NFO,07/01/2020,09:22:47,649.05,641.5,40,651.2,760,0,35880
BANKNIFTY09JAN2032400PE.NFO,07/01/2020,09:22:48,649.05,642.65,60,651.15,40,0,35880
BANKNIFTY09JAN2032400PE.NFO,07/01/2020,09:22:49,648.05,642.6,20,650.3,140,140,35880
BANKNIFTY09JAN2032400PE.NFO,07/01/2020,09:22:50,648.05,639.85,20,649.25,20,0,35880
BANKNIFTY09JAN2032400PE.NFO,07/01/2020,09:22:51,648.05,639.85,180,649.4,560,0,35880
BANKNIFTY09JAN2032400PE.NFO,07/01/2020,09:22:52,648.05,638.05,20,647.8,20,0,35880
BANKNIFTY09JAN2032400PE.NFO,07/01/2020,09:22:53,648.05,636.95,60,646.15,660,0,35880
BANKNIFTY09JAN2032400PE.NFO,07/01/2020,09:22:54,648.05,636.65,20,645,660,0,35880
BANKNIFTY09JAN2032400PE.NFO,07/01/2020,09:22:55,648.05,636.65,20,643.4,20,0,35880
BANKNIFTY09JAN2032400PE.NFO,07/01/2020,09:22:56,648.05,633.25,20,641.85,480,0,35880
BANKNIFTY09JAN2032400PE.NFO,07/01/2020,09:22:57,648.05,633.35,20,641.8,180,0,35880
BANKNIFTY09JAN2032400PE.NFO,07/01/2020,09:22:58,648.05,631.85,180,641.85,40,0,35880
BANKNIFTY09JAN2032400PE.NFO,07/01/2020,09:22:59,648.05,635.65,180,642.85,40,0,35880
BANKNIFTY09JAN2032400PE.NFO,07/01/2020,09:23:00,648.05,635.65,180,644.35,560,0,35880
BANKNIFTY09JAN2032400PE.NFO,07/01/2020,09:23:01,648.05,636.1,240,644.35,40,0,35880
BANKNIFTY09JAN2032400PE.NFO,07/01/2020,09:23:03,648.05,635.8,380,644.3,60,0,35880
BANKNIFTY09JAN2032400PE.NFO,07/01/2020,09:23:04,648.05,635.85,180,644.25,380,0,35880
BANKNIFTY09JAN2032400PE.NFO,07/01/2020,09:23:05,648.05,635.35,20,643.15,120,0,35880
BANKNIFTY09JAN2032400PE.NFO,07/01/2020,09:23:06,648.05,632.25,180,641.65,20,0,35880
BANKNIFTY09JAN2032400PE.NFO,07/01/2020,09:23:07,648.05,632.3,20,640.75,20,0,35880
BANKNIFTY09JAN2032400PE.NFO,07/01/2020,09:23:08,648.05,632.75,20,640.25,560,0,35880
BANKNIFTY09JAN2032400PE.NFO,07/01/2020,09:23:09,648.05,632.8,380,641.25,100,0,35880
BANKNIFTY09JAN2032400PE.NFO,07/01/2020,09:23:09,648.05,632.8,460,641.25,100,0,35880
BANKNIFTY09JAN2032400PE.NFO,07/01/2020,09:23:11,648.05,633.8,340,643,480,0,35880
BANKNIFTY09JAN2032400PE.NFO,07/01/2020,09:23:11,648.05,634.85,180,642.95,60,0,35880
BANKNIFTY09JAN2032400PE.NFO,07/01/2020,09:23:13,648.05,634.95,20,643.05,40,0,35880
BANKNIFTY09JAN2032400PE.NFO,07/01/2020,09:23:14,648.05,636.35,20,645,100,0,35880
BANKNIFTY09JAN2032400PE.NFO,07/01/2020,09:23:15,648.05,638.55,20,647.15,100,0,35880
BANKNIFTY09JAN2032400PE.NFO,07/01/2020,09:23:16,647.2,640,140,648.05,60,40,35800
BANKNIFTY09JAN2032400PE.NFO,07/01/2020,09:23:17,647.2,640.4,20,648.05,140,0,35800
BANKNIFTY09JAN2032400PE.NFO,07/01/2020,09:23:18,647.2,640.7,20,648,60,0,35800
BANKNIFTY09JAN2032400PE.NFO,07/01/2020,09:23:19,647.2,637.85,20,647.55,120,0,35800
BANKNIFTY09JAN2032400PE.NFO,07/01/2020,09:23:20,647.2,636.35,20,645.5,660,0,35800
BANKNIFTY09JAN2032400PE.NFO,07/01/2020,09:23:21,647.2,636.5,20,645,560,0,35800
BANKNIFTY09JAN2032400PE.NFO,07/01/2020,09:23:22,647.2,637.25,20,646.5,560,0,35800
BANKNIFTY09JAN2032400PE.NFO,07/01/2020,09:23:23,647.2,638.9,20,646.5,40,0,35800
BANKNIFTY09JAN2032400PE.NFO,07/01/2020,09:23:24,647.2,638.05,20,646.8,120,0,35800
BANKNIFTY09JAN2032400PE.NFO,07/01/2020,09:23:25,647.2,638.05,20,646.9,600,0,35800
BANKNIFTY09JAN2032400PE.NFO,07/01/2020,09:23:26,647.2,639.25,140,646.9,40,0,35800
BANKNIFTY09JAN2032400PE.NFO,07/01/2020,09:23:27,646.9,641.45,20,650.15,100,20,35800
BANKNIFTY09JAN2032400PE.NFO,07/01/2020,09:23:28,646.9,641.5,200,650.1,380,0,35800
BANKNIFTY09JAN2032400PE.NFO,07/01/2020,09:23:29,646.9,640.4,380,650.1,460,0,35800
BANKNIFTY09JAN2032400PE.NFO,07/01/2020,09:23:30,646.9,638.75,200,648.2,660,0,35800
BANKNIFTY09JAN2032400PE.NFO,07/01/2020,09:23:31,646.9,639.75,120,648.2,560,0,35800
BANKNIFTY09JAN2032400PE.NFO,07/01/2020,09:23:32,646.9,639.8,200,648.2,560,0,35800
BANKNIFTY09JAN2032400PE.NFO,07/01/2020,09:23:33,646.9,639.45,20,648.15,80,0,35800
BANKNIFTY09JAN2032400PE.NFO,07/01/2020,09:23:34,646.9,639.4,380,648.15,380,0,35800
BANKNIFTY09JAN2032400PE.NFO,07/01/2020,09:23:35,646.9,640.2,120,648.15,380,0,35800
BANKNIFTY09JAN2032400PE.NFO,07/01/2020,09:23:36,646.9,639.4,200,648.15,460,0,35800
BANKNIFTY09JAN2032400PE.NFO,07/01/2020,09:23:37,646.9,640.2,120,648.15,460,0,35800
BANKNIFTY09JAN2032400PE.NFO,07/01/2020,09:23:38,646.9,639.8,180,648.15,380,0,35800
BANKNIFTY09JAN2032400PE.NFO,07/01/2020,09:23:39,646.9,641.55,40,650.85,200,0,35800
BANKNIFTY09JAN2032400PE.NFO,07/01/2020,09:23:40,646.9,641.65,20,650.85,200,0,35800
BANKNIFTY09JAN2032400PE.NFO,07/01/2020,09:23:41,646.9,641.65,20,650.5,240,0,35800
BANKNIFTY09JAN2032400PE.NFO,07/01/2020,09:23:42,646.9,641.65,20,650.45,660,0,35800
BANKNIFTY09JAN2032400PE.NFO,07/01/2020,09:23:45,646.9,641.65,20,650.35,20,0,35800
BANKNIFTY09JAN2032400PE.NFO,07/01/2020,09:23:46,646.9,641.65,20,650.4,200,0,35800
BANKNIFTY09JAN2032400PE.NFO,07/01/2020,09:23:48,646.9,640.55,120,650.4,300,0,35800
BANKNIFTY09JAN2032400PE.NFO,07/01/2020,09:23:49,646.9,640.55,120,650.2,560,0,35800
BANKNIFTY09JAN2032400PE.NFO,07/01/2020,09:23:50,646.9,640.65,20,649.9,660,0,35800
BANKNIFTY09JAN2032400PE.NFO,07/01/2020,09:23:52,646.9,640.65,20,649.4,120,0,35800
BANKNIFTY09JAN2032400PE.NFO,07/01/2020,09:23:53,646.9,640.05,120,649.4,240,0,35800
BANKNIFTY09JAN2032400PE.NFO,07/01/2020,09:23:54,646.9,640.2,20,649.9,660,0,35800
BANKNIFTY09JAN2032400PE.NFO,07/01/2020,09:23:55,646.9,637.8,60,647.35,60,0,35800
BANKNIFTY09JAN2032400PE.NFO,07/01/2020,09:23:56,646.9,635.6,120,645.5,20,0,35800
BANKNIFTY09JAN2032400PE.NFO,07/01/2020,09:23:57,646.9,636.4,20,645.6,200,0,35800
BANKNIFTY09JAN2032400PE.NFO,07/01/2020,09:23:58,646.9,635.55,60,644.2,20,0,35800
BANKNIFTY09JAN2032400PE.NFO,07/01/2020,09:23:59,646.9,635.65,20,644,20,0,35800
BANKNIFTY09JAN2032400PE.NFO,07/01/2020,09:24:01,646.9,635.75,20,644.1,480,0,35800
BANKNIFTY09JAN2032400PE.NFO,07/01/2020,09:24:02,646.9,635.85,120,644.15,60,0,35800
BANKNIFTY09JAN2032400PE.NFO,07/01/2020,09:24:03,646.9,635.8,200,644,400,0,35800
BANKNIFTY09JAN2032400PE.NFO,07/01/2020,09:24:04,646.9,637.55,240,646.15,420,0,35800
BANKNIFTY09JAN2032400PE.NFO,07/01/2020,09:24:05,646.45,640.1,20,649.5,200,80,35800
BANKNIFTY09JAN2032400PE.NFO,07/01/2020,09:24:06,646.45,637.65,380,647.9,240,0,35800
BANKNIFTY09JAN2032400PE.NFO,07/01/2020,09:24:07,646.45,636.15,20,645.8,20,0,35800
BANKNIFTY09JAN2032400PE.NFO,07/01/2020,09:24:08,646.45,638.75,120,646.3,60,0,35800
BANKNIFTY09JAN2032400PE.NFO,07/01/2020,09:24:09,646.45,639.2,200,648.75,220,0,35800
BANKNIFTY09JAN2032400PE.NFO,07/01/2020,09:24:10,646.45,640.2,20,648.8,560,0,35800
BANKNIFTY09JAN2032400PE.NFO,07/01/2020,09:24:11,646.45,639.25,180,648.75,100,0,35800
BANKNIFTY09JAN2032400PE.NFO,07/01/2020,09:24:12,646.45,639.45,20,648.75,300,0,35800
BANKNIFTY09JAN2032400PE.NFO,07/01/2020,09:24:13,646.45,639.7,20,648.8,480,0,35800
BANKNIFTY09JAN2032400PE.NFO,07/01/2020,09:24:14,646.45,640.2,20,648.7,40,0,35800
BANKNIFTY09JAN2032400PE.NFO,07/01/2020,09:24:15,646.45,638.85,20,647.5,560,0,35800
BANKNIFTY09JAN2032400PE.NFO,07/01/2020,09:24:16,647.45,639.6,120,648.65,560,40,35800
BANKNIFTY09JAN2032400PE.NFO,07/01/2020,09:24:17,648.65,641.05,20,650.6,660,20,35800
BANKNIFTY09JAN2032400PE.NFO,07/01/2020,09:24:18,648.65,639.55,20,648.45,20,0,35800
BANKNIFTY09JAN2032400PE.NFO,07/01/2020,09:24:19,649.05,641.15,20,650.5,560,40,35800
BANKNIFTY09JAN2032400PE.NFO,07/01/2020,09:24:20,649.05,641.55,20,650.5,560,0,35800
BANKNIFTY09JAN2032400PE.NFO,07/01/2020,09:24:21,649.05,641.45,120,650.5,560,0,35800
BANKNIFTY09JAN2032400PE.NFO,07/01/2020,09:24:22,649.05,641.8,120,650.5,560,0,35800
BANKNIFTY09JAN2032400PE.NFO,07/01/2020,09:24:23,649.05,641.45,240,650.5,560,0,35800
BANKNIFTY09JAN2032400PE.NFO,07/01/2020,09:24:24,649.05,641.95,120,650.5,560,0,35800
BANKNIFTY09JAN2032400PE.NFO,07/01/2020,09:24:25,649.05,641.1,200,650.5,560,0,35800
BANKNIFTY09JAN2032400PE.NFO,07/01/2020,09:24:26,649.05,641.15,20,650.2,20,0,35800
BANKNIFTY09JAN2032400PE.NFO,07/01/2020,09:24:27,649.05,641.25,20,650.15,560,0,35800
BANKNIFTY09JAN2032400PE.NFO,07/01/2020,09:24:28,649.05,641.8,20,650.1,380,0,35800
BANKNIFTY09JAN2032400PE.NFO,07/01/2020,09:24:29,649.05,643.5,20,650.15,60,0,35800
BANKNIFTY09JAN2032400PE.NFO,07/01/2020,09:24:30,649.05,644.9,20,653.15,140,0,35800
BANKNIFTY09JAN2032400PE.NFO,07/01/2020,09:24:31,649.05,644.7,20,653.1,100,0,35800
BANKNIFTY09JAN2032400PE.NFO,07/01/2020,09:24:32,649.05,644.8,180,654.8,700,0,35800
BANKNIFTY09JAN2032400PE.NFO,07/01/2020,09:24:33,649.05,644.95,20,654.8,600,0,35800
BANKNIFTY09JAN2032400PE.NFO,07/01/2020,09:24:34,649.05,645.7,40,654.8,100,0,35800
BANKNIFTY09JAN2032400PE.NFO,07/01/2020,09:24:35,649.05,646.3,20,654.8,100,0,35800
BANKNIFTY09JAN2032400PE.NFO,07/01/2020,09:24:36,649.05,648.8,20,658.85,520,0,35800
BANKNIFTY09JAN2032400PE.NFO,07/01/2020,09:24:37,649.05,648.95,20,658.05,40,0,35800
BANKNIFTY09JAN2032400PE.NFO,07/01/2020,09:24:38,649.05,649.65,20,658.5,600,0,35800
BANKNIFTY09JAN2032400PE.NFO,07/01/2020,09:24:39,649.05,651.45,20,661.8,900,0,35800
BANKNIFTY09JAN2032400PE.NFO,07/01/2020,09:24:40,649.05,651.35,40,661.05,600,0,35800
BANKNIFTY09JAN2032400PE.NFO,07/01/2020,09:24:41,649.05,651.6,160,661.05,100,0,35800
BANKNIFTY09JAN2032400PE.NFO,07/01/2020,09:24:42,649.05,651.9,40,661.05,100,0,35800
BANKNIFTY09JAN2032400PE.NFO,07/01/2020,09:24:43,661.7,654.7,200,664,20,180,35800
BANKNIFTY09JAN2032400PE.NFO,07/01/2020,09:24:44,664,657.35,20,665,20,20,35800
BANKNIFTY09JAN2032400PE.NFO,07/01/2020,09:24:45,665,656.75,20,667.05,600,60,35800
BANKNIFTY09JAN2032400PE.NFO,07/01/2020,09:24:46,665,658.7,20,667.3,40,0,35800
BANKNIFTY09JAN2032400PE.NFO,07/01/2020,09:24:47,665,659.65,200,669.05,120,0,35800
BANKNIFTY09JAN2032400PE.NFO,07/01/2020,09:24:48,665,660,20,668.6,120,0,35800
BANKNIFTY09JAN2032400PE.NFO,07/01/2020,09:24:49,665,660.4,20,669.95,100,0,35800
BANKNIFTY09JAN2032400PE.NFO,07/01/2020,09:24:50,665,660.35,180,669.65,40,0,35800
BANKNIFTY09JAN2032400PE.NFO,07/01/2020,09:24:51,665,660.3,20,668.95,600,0,35800
BANKNIFTY09JAN2032400PE.NFO,07/01/2020,09:24:52,665,660.3,20,668.6,200,0,35800
BANKNIFTY09JAN2032400PE.NFO,07/01/2020,09:24:53,665,660.3,20,668,20,0,35800
BANKNIFTY09JAN2032400PE.NFO,07/01/2020,09:24:55,665,660.35,20,668.05,600,0,35800
BANKNIFTY09JAN2032400PE.NFO,07/01/2020,09:24:56,665,660.4,200,668.05,140,0,35800
BANKNIFTY09JAN2032400PE.NFO,07/01/2020,09:24:57,665,660.45,200,668.05,100,0,35800
BANKNIFTY09JAN2032400PE.NFO,07/01/2020,09:24:58,665,660.5,20,667.95,20,0,35800
BANKNIFTY09JAN2032400PE.NFO,07/01/2020,09:24:59,665,660.55,20,667.95,20,0,35800
BANKNIFTY09JAN2032400PE.NFO,07/01/2020,09:25:00,665,658.55,40,667.85,20,0,35800
BANKNIFTY09JAN2032400PE.NFO,07/01/2020,09:25:01,664.3,656.3,20,666.3,20,140,35800
BANKNIFTY09JAN2032400PE.NFO,07/01/2020,09:25:02,662.75,656.3,20,662.9,20,40,35800
BANKNIFTY09JAN2032400PE.NFO,07/01/2020,09:25:03,662.75,652.5,20,661.75,20,0,35800
BANKNIFTY09JAN2032400PE.NFO,07/01/2020,09:25:04,662.75,654.4,20,662.8,100,0,35800
BANKNIFTY09JAN2032400PE.NFO,07/01/2020,09:25:05,662.75,654.5,20,662.8,100,0,35800
BANKNIFTY09JAN2032400PE.NFO,07/01/2020,09:25:06,662.75,654.1,20,661.15,20,0,35800
BANKNIFTY09JAN2032400PE.NFO,07/01/2020,09:25:07,662.75,654.1,20,660.5,20,0,35800
BANKNIFTY09JAN2032400PE.NFO,07/01/2020,09:25:08,662.75,654.1,20,660.4,20,0,35800
BANKNIFTY09JAN2032400PE.NFO,07/01/2020,09:25:09,662.75,654.15,20,660.55,100,0,35800
BANKNIFTY09JAN2032400PE.NFO,07/01/2020,09:25:10,660.4,654.15,60,660.9,40,180,35800
BANKNIFTY09JAN2032400PE.NFO,07/01/2020,09:25:11,660,654.1,20,662.75,560,80,35800
BANKNIFTY09JAN2032400PE.NFO,07/01/2020,09:25:12,660,654.3,20,662.3,40,0,35800
BANKNIFTY09JAN2032400PE.NFO,07/01/2020,09:25:12,660,654.4,20,661.9,40,0,35800
BANKNIFTY09JAN2032400PE.NFO,07/01/2020,09:25:13,660,654.4,20,661.95,40,0,35800
BANKNIFTY09JAN2032400PE.NFO,07/01/2020,09:25:14,660,654.5,20,662.4,40,0,35800
BANKNIFTY09JAN2032400PE.NFO,07/01/2020,09:25:15,661.55,654.7,20,661.8,40,60,35800
BANKNIFTY09JAN2032400PE.NFO,07/01/2020,09:25:16,661.5,655.05,20,663.7,120,100,35800
BANKNIFTY09JAN2032400PE.NFO,07/01/2020,09:25:17,662.55,655.15,20,662.55,40,60,35800
BANKNIFTY09JAN2032400PE.NFO,07/01/2020,09:25:18,662.55,655.15,40,662.75,100,0,35800
BANKNIFTY09JAN2032400PE.NFO,07/01/2020,09:25:19,662.55,655.35,20,661.8,40,0,35800
BANKNIFTY09JAN2032400PE.NFO,07/01/2020,09:25:20,662.55,655.45,20,661.9,100,0,35800
BANKNIFTY09JAN2032400PE.NFO,07/01/2020,09:25:21,660,655.35,20,660.45,40,120,35800
BANKNIFTY09JAN2032400PE.NFO,07/01/2020,09:25:22,660,655.35,20,659.65,40,0,35800
BANKNIFTY09JAN2032400PE.NFO,07/01/2020,09:25:23,660,652.75,20,659.7,40,0,35800
BANKNIFTY09JAN2032400PE.NFO,07/01/2020,09:25:24,660,652.85,20,662.65,40,0,35800
BANKNIFTY09JAN2032400PE.NFO,07/01/2020,09:25:25,660,653.25,20,662.6,600,0,35800
BANKNIFTY09JAN2032400PE.NFO,07/01/2020,09:25:26,660,654.55,60,662.55,80,0,35800
BANKNIFTY09JAN2032400PE.NFO,07/01/2020,09:25:27,660,654.55,60,662.6,520,0,35800
BANKNIFTY09JAN2032400PE.NFO,07/01/2020,09:25:28,660,654.3,40,662.5,200,0,35800
BANKNIFTY09JAN2032400PE.NFO,07/01/2020,09:25:29,660,654.35,380,662.55,80,0,35800
BANKNIFTY09JAN2032400PE.NFO,07/01/2020,09:25:30,660,654.35,200,662.55,80,0,35800
BANKNIFTY09JAN2032400PE.NFO,07/01/2020,09:25:31,660,654.35,200,662.55,120,0,35800
BANKNIFTY09JAN2032400PE.NFO,07/01/2020,09:25:32,660,654.7,40,662.6,100,0,35800
BANKNIFTY09JAN2032400PE.NFO,07/01/2020,09:25:33,660,655.15,120,664.25,600,0,35800
BANKNIFTY09JAN2032400PE.NFO,07/01/2020,09:25:34,660,654.4,180,664.2,200,0,35800
BANKNIFTY09JAN2032400PE.NFO,07/01/2020,09:25:36,660,655.05,120,664.25,600,0,35800
BANKNIFTY09JAN2032400PE.NFO,07/01/2020,09:25:37,660,655.5,200,664.25,600,0,35800
BANKNIFTY09JAN2032400PE.NFO,07/01/2020,09:25:38,660,656.05,120,664.25,100,0,35800
BANKNIFTY09JAN2032400PE.NFO,07/01/2020,09:25:39,660,655.55,40,664.15,120,0,35800
BANKNIFTY09JAN2032400PE.NFO,07/01/2020,09:25:40,660,656,120,664.15,120,0,35800
BANKNIFTY09JAN2032400PE.NFO,07/01/2020,09:25:41,660,655.75,40,664.1,80,0,35800
BANKNIFTY09JAN2032400PE.NFO,07/01/2020,09:25:42,660,655.75,40,664.2,460,0,35800
BANKNIFTY09JAN2032400PE.NFO,07/01/2020,09:25:43,660,655.7,20,664.2,540,0,35800
BANKNIFTY09JAN2032400PE.NFO,07/01/2020,09:25:44,660,656.4,40,664.2,80,0,35800
BANKNIFTY09JAN2032400PE.NFO,07/01/2020,09:25:45,660,656.35,120,664.2,380,0,35800
BANKNIFTY09JAN2032400PE.NFO,07/01/2020,09:25:46,660,660,20,664.2,380,0,35800
BANKNIFTY09JAN2032400PE.NFO,07/01/2020,09:25:47,660,660,20,666,920,0,35800
BANKNIFTY09JAN2032400PE.NFO,07/01/2020,09:25:48,660,654.6,120,661.3,40,20,35800
BANKNIFTY09JAN2032400PE.NFO,07/01/2020,09:25:49,660,654.75,20,662.05,40,0,35800
BANKNIFTY09JAN2032400PE.NFO,07/01/2020,09:25:50,660,655.1,140,662.05,40,0,35800
BANKNIFTY09JAN2032400PE.NFO,07/01/2020,09:25:51,660,655.45,120,662.4,40,0,35800
BANKNIFTY09JAN2032400PE.NFO,07/01/2020,09:25:52,660,656.15,180,663.2,40,0,35800
BANKNIFTY09JAN2032400PE.NFO,07/01/2020,09:25:53,660,657.1,60,663.85,40,0,35800
BANKNIFTY09JAN2032400PE.NFO,07/01/2020,09:25:54,660,656.35,120,663.65,40,0,35800
BANKNIFTY09JAN2032400PE.NFO,07/01/2020,09:25:55,660,656.2,40,663.65,40,0,35800
BANKNIFTY09JAN2032400PE.NFO,07/01/2020,09:25:56,660,657.25,120,664.05,140,0,35800
BANKNIFTY09JAN2032400PE.NFO,07/01/2020,09:25:57,660,657.25,120,663.95,40,0,35800
BANKNIFTY09JAN2032400PE.NFO,07/01/2020,09:25:59,660,657.15,120,664.1,140,0,35800
BANKNIFTY09JAN2032400PE.NFO,07/01/2020,09:26:01,660,657.6,120,664.7,100,0,35800
BANKNIFTY09JAN2032400PE.NFO,07/01/2020,09:26:02,660,657.55,120,664.45,100,0,35800
BANKNIFTY09JAN2032400PE.NFO,07/01/2020,09:26:03,660,658.8,40,668.4,600,0,35800
BANKNIFTY09JAN2032400PE.NFO,07/01/2020,09:26:04,660,659.2,40,668.4,600,0,35800
BANKNIFTY09JAN2032400PE.NFO,07/01/2020,09:26:05,660,659.5,180,668.35,460,0,35800
BANKNIFTY09JAN2032400PE.NFO,07/01/2020,09:26:06,660,660.25,40,668.4,140,0,35800
BANKNIFTY09JAN2032400PE.NFO,07/01/2020,09:26:07,660,660.3,40,668.4,100,0,35800
BANKNIFTY09JAN2032400PE.NFO,07/01/2020,09:26:08,660,660.25,20,668.35,500,0,35800
BANKNIFTY09JAN2032400PE.NFO,07/01/2020,09:26:11,660,660.25,20,668.3,200,0,35800
BANKNIFTY09JAN2032400PE.NFO,07/01/2020,09:26:12,660,659.2,40,668.3,200,0,35800
BANKNIFTY09JAN2032400PE.NFO,07/01/2020,09:26:12,660,659.25,200,668.35,500,0,35800
BANKNIFTY09JAN2032400PE.NFO,07/01/2020,09:26:14,660,659.3,40,668.35,500,0,35800
BANKNIFTY09JAN2032400PE.NFO,07/01/2020,09:26:15,660,660.65,40,669.75,520,0,35800
BANKNIFTY09JAN2032400PE.NFO,07/01/2020,09:26:16,660,660.7,40,669.35,120,0,35800
BANKNIFTY09JAN2032400PE.NFO,07/01/2020,09:26:17,660,661.45,180,669.75,100,0,35800
BANKNIFTY09JAN2032400PE.NFO,07/01/2020,09:26:18,670,670.05,40,673.35,40,20,35900
BANKNIFTY09JAN2032400PE.NFO,07/01/2020,09:26:19,670,670.05,60,674.1,40,0,35900
BANKNIFTY09JAN2032400PE.NFO,07/01/2020,09:26:20,670,664.8,560,673.5,40,60,35900
BANKNIFTY09JAN2032400PE.NFO,07/01/2020,09:26:21,670,664.8,380,673.5,140,0,35900
BANKNIFTY09JAN2032400PE.NFO,07/01/2020,09:26:22,670,667.85,40,674.95,40,0,35900
BANKNIFTY09JAN2032400PE.NFO,07/01/2020,09:26:23,675,667.95,20,676.05,40,60,35900
BANKNIFTY09JAN2032400PE.NFO,07/01/2020,09:26:24,675,668.3,40,677.5,120,0,35900
BANKNIFTY09JAN2032400PE.NFO,07/01/2020,09:26:25,675,668.3,40,677.9,200,0,35900
BANKNIFTY09JAN2032400PE.NFO,07/01/2020,09:26:26,675,668.3,40,677.05,120,0,35900
BANKNIFTY09JAN2032400PE.NFO,07/01/2020,09:26:27,675,668.3,40,676.45,600,0,35900
BANKNIFTY09JAN2032400PE.NFO,07/01/2020,09:26:28,675,668.05,20,675.65,120,0,35900
BANKNIFTY09JAN2032400PE.NFO,07/01/2020,09:26:29,675,665.9,40,675.05,60,0,35900
BANKNIFTY09JAN2032400PE.NFO,07/01/2020,09:26:30,675,661.95,560,671.95,120,0,35900
BANKNIFTY09JAN2032400PE.NFO,07/01/2020,09:26:31,675,661.9,60,670.3,20,0,35900
BANKNIFTY09JAN2032400PE.NFO,07/01/2020,09:26:32,675,661.9,60,670.1,20,0,35900
BANKNIFTY09JAN2032400PE.NFO,07/01/2020,09:26:33,675,661.9,60,670.2,20,0,35900
BANKNIFTY09JAN2032400PE.NFO,07/01/2020,09:26:34,675,662,120,670.25,560,0,35900
BANKNIFTY09JAN2032400PE.NFO,07/01/2020,09:26:35,675,661.95,380,670.25,100,0,35900
BANKNIFTY09JAN2032400PE.NFO,07/01/2020,09:26:36,675,664.95,120,673.5,480,0,35900
BANKNIFTY09JAN2032400PE.NFO,07/01/2020,09:26:37,675,665.45,120,673.5,480,0,35900
BANKNIFTY09JAN2032400PE.NFO,07/01/2020,09:26:38,675,665.45,120,673.45,380,0,35900
BANKNIFTY09JAN2032400PE.NFO,07/01/2020,09:26:39,675,665.8,120,673.5,100,0,35900
BANKNIFTY09JAN2032400PE.NFO,07/01/2020,09:26:40,675,667.85,120,675,20,0,35900
BANKNIFTY09JAN2032400PE.NFO,07/01/2020,09:26:41,675,670.5,640,679.45,40,20,35900
BANKNIFTY09JAN2032400PE.NFO,07/01/2020,09:26:42,679.45,672.05,20,679.4,40,20,35900
BANKNIFTY09JAN2032400PE.NFO,07/01/2020,09:26:43,679.45,672.05,80,678.6,40,0,35900
BANKNIFTY09JAN2032400PE.NFO,07/01/2020,09:26:44,679.45,671.35,20,674.6,40,0,35900
BANKNIFTY09JAN2032400PE.NFO,07/01/2020,09:26:45,675.4,671.35,20,677.3,560,100,35900
BANKNIFTY09JAN2032400PE.NFO,07/01/2020,09:26:46,675.4,671.35,20,675.45,40,0,35900
BANKNIFTY09JAN2032400PE.NFO,07/01/2020,09:26:47,675.4,671.35,20,675.35,40,0,35900
BANKNIFTY09JAN2032400PE.NFO,07/01/2020,09:26:48,675.6,671.35,20,677.25,480,80,35900
BANKNIFTY09JAN2032400PE.NFO,07/01/2020,09:26:49,675.6,671.35,20,677.05,40,0,35900
BANKNIFTY09JAN2032400PE.NFO,07/01/2020,09:26:50,675.6,671.85,180,679.85,140,0,35900
BANKNIFTY09JAN2032400PE.NFO,07/01/2020,09:26:51,675.6,672.35,120,681,340,0,35900
BANKNIFTY09JAN2032400PE.NFO,07/01/2020,09:26:52,675.6,672.85,120,681.05,140,0,35900
BANKNIFTY09JAN2032400PE.NFO,07/01/2020,09:26:53,675.6,673.65,120,682.85,480,0,35900
BANKNIFTY09JAN2032400PE.NFO,07/01/2020,09:26:54,675.6,673.2,80,682.55,120,0,35900
BANKNIFTY09JAN2032400PE.NFO,07/01/2020,09:26:55,675.6,677.3,20,682,660,0,35900
BANKNIFTY09JAN2032400PE.NFO,07/01/2020,09:26:56,677.85,671.55,180,678.75,40,120,35900
BANKNIFTY09JAN2032400PE.NFO,07/01/2020,09:26:57,677.85,671.6,200,679.4,40,0,35900
BANKNIFTY09JAN2032400PE.NFO,07/01/2020,09:26:58,677.85,672.05,20,681.55,140,0,35900
BANKNIFTY09JAN2032400PE.NFO,07/01/2020,09:26:59,677.85,672.05,340,681.55,480,0,35900
BANKNIFTY09JAN2032400PE.NFO,07/01/2020,09:27:00,677.85,673.6,180,681.5,100,0,35900
BANKNIFTY09JAN2032400PE.NFO,07/01/2020,09:27:01,677.85,674.15,60,682.8,80,0,35900
BANKNIFTY09JAN2032400PE.NFO,07/01/2020,09:27:02,677.85,673.35,120,682.75,420,0,35900
BANKNIFTY09JAN2032400PE.NFO,07/01/2020,09:27:03,677.85,674.6,200,684.6,100,0,35900
BANKNIFTY09JAN2032400PE.NFO,07/01/2020,09:27:04,677.85,673.8,120,683.6,200,0,35900
BANKNIFTY09JAN2032400PE.NFO,07/01/2020,09:27:05,677.85,676.2,200,685,140,0,35900
BANKNIFTY09JAN2032400PE.NFO,07/01/2020,09:27:06,681.05,676.15,60,682.75,40,20,35900
BANKNIFTY09JAN2032400PE.NFO,07/01/2020,09:27:07,681.05,676.2,20,682.75,40,0,35900
BANKNIFTY09JAN2032400PE.NFO,07/01/2020,09:27:08,681.05,673.75,120,682.45,40,0,35900
BANKNIFTY09JAN2032400PE.NFO,07/01/2020,09:27:09,681.05,672.7,20,681.65,20,0,35900
BANKNIFTY09JAN2032400PE.NFO,07/01/2020,09:27:10,681.05,672.7,20,680,20,0,35900
BANKNIFTY09JAN2032400PE.NFO,07/01/2020,09:27:11,681.05,668.65,480,679.4,560,0,35900
BANKNIFTY09JAN2032400PE.NFO,07/01/2020,09:27:12,681.05,668.85,20,678.95,120,0,35900
BANKNIFTY09JAN2032400PE.NFO,07/01/2020,09:27:13,681.05,669.45,20,678.25,20,0,35900
BANKNIFTY09JAN2032400PE.NFO,07/01/2020,09:27:14,681.05,669.45,20,676.75,20,0,35900
BANKNIFTY09JAN2032400PE.NFO,07/01/2020,09:27:15,681.05,669.45,20,676.35,20,0,35900
BANKNIFTY09JAN2032400PE.NFO,07/01/2020,09:27:16,681.05,666.65,180,676.4,560,0,35900
BANKNIFTY09JAN2032400PE.NFO,07/01/2020,09:27:17,681.05,667.05,60,676.35,20,0,35900
BANKNIFTY09JAN2032400PE.NFO,07/01/2020,09:27:18,681.05,667.95,180,675.7,100,0,35900
BANKNIFTY09JAN2032400PE.NFO,07/01/2020,09:27:19,681.05,668.8,180,679.25,860,0,35900
BANKNIFTY09JAN2032400PE.NFO,07/01/2020,09:27:20,681.05,668.5,180,677.55,20,0,35900
BANKNIFTY09JAN2032400PE.NFO,07/01/2020,09:27:21,681.05,668.45,80,677.1,20,0,35900
BANKNIFTY09JAN2032400PE.NFO,07/01/2020,09:27:23,681.05,665.05,120,675.8,20,0,35900
BANKNIFTY09JAN2032400PE.NFO,07/01/2020,09:27:24,681.05,665.1,20,674.65,20,0,35900
BANKNIFTY09JAN2032400PE.NFO,07/01/2020,09:27:25,681.05,665.1,20,673.55,20,0,35900
BANKNIFTY09JAN2032400PE.NFO,07/01/2020,09:27:26,681.05,665.1,20,673.65,20,0,35900
BANKNIFTY09JAN2032400PE.NFO,07/01/2020,09:27:27,681.05,665.15,20,673.55,20,0,35900
BANKNIFTY09JAN2032400PE.NFO,07/01/2020,09:27:28,681.05,665.15,20,673.6,200,0,35900
BANKNIFTY09JAN2032400PE.NFO,07/01/2020,09:27:31,681.05,665.15,20,673.65,120,0,35900
BANKNIFTY09JAN2032400PE.NFO,07/01/2020,09:27:32,681.05,665.25,180,673.6,20,0,35900
BANKNIFTY09JAN2032400PE.NFO,07/01/2020,09:27:33,681.05,666.2,120,673.7,100,0,35900
BANKNIFTY09JAN2032400PE.NFO,07/01/2020,09:27:33,681.05,665.75,120,673.7,100,0,35900
BANKNIFTY09JAN2032400PE.NFO,07/01/2020,09:27:35,681.05,667.05,120,673.7,100,0,35900
BANKNIFTY09JAN2032400PE.NFO,07/01/2020,09:27:36,681.05,666.25,20,673.7,100,0,35900
BANKNIFTY09JAN2032400PE.NFO,07/01/2020,09:27:37,681.05,662.25,180,671.8,60,0,35900
BANKNIFTY09JAN2032400PE.NFO,07/01/2020,09:27:38,681.05,661.9,60,671.2,520,0,35900
BANKNIFTY09JAN2032400PE.NFO,07/01/2020,09:27:39,681.05,661.95,180,671.15,200,0,35900
BANKNIFTY09JAN2032400PE.NFO,07/01/2020,09:27:40,681.05,661.9,20,671.15,300,0,35900
BANKNIFTY09JAN2032400PE.NFO,07/01/2020,09:27:40,681.05,661.9,20,670.3,140,0,35900
BANKNIFTY09JAN2032400PE.NFO,07/01/2020,09:27:41,681.05,661.9,20,669.5,20,0,35900
BANKNIFTY09JAN2032400PE.NFO,07/01/2020,09:27:44,681.05,662.1,120,669.55,100,0,35900
BANKNIFTY09JAN2032400PE.NFO,07/01/2020,09:27:46,681.05,662.1,120,669.5,300,0,35900
BANKNIFTY09JAN2032400PE.NFO,07/01/2020,09:27:47,681.05,663.9,120,672.2,520,0,35900
BANKNIFTY09JAN2032400PE.NFO,07/01/2020,09:27:48,681.05,664.25,120,672.15,200,0,35900
BANKNIFTY09JAN2032400PE.NFO,07/01/2020,09:27:49,681.05,664.85,40,675.45,460,0,35900
BANKNIFTY09JAN2032400PE.NFO,07/01/2020,09:27:50,681.05,663.7,120,673.85,20,0,35900
BANKNIFTY09JAN2032400PE.NFO,07/01/2020,09:27:51,681.05,663.15,40,671.55,20,0,35900
BANKNIFTY09JAN2032400PE.NFO,07/01/2020,09:27:52,681.05,661.25,40,671.1,20,0,35900
BANKNIFTY09JAN2032400PE.NFO,07/01/2020,09:27:53,681.05,661.7,20,670.35,20,0,35900
BANKNIFTY09JAN2032400PE.NFO,07/01/2020,09:27:54,681.05,661.7,20,670.25,20,0,35900
BANKNIFTY09JAN2032400PE.NFO,07/01/2020,09:27:56,681.05,661.7,20,669.95,20,0,35900
BANKNIFTY09JAN2032400PE.NFO,07/01/2020,09:27:57,681.05,661.7,20,669.65,20,0,35900
BANKNIFTY09JAN2032400PE.NFO,07/01/2020,09:27:58,681.05,662.1,120,669.8,520,0,35900
BANKNIFTY09JAN2032400PE.NFO,07/01/2020,09:27:59,681.05,663.55,120,673.65,820,0,35900
BANKNIFTY09JAN2032400PE.NFO,07/01/2020,09:28:00,681.05,668.8,240,676.4,360,0,35900
BANKNIFTY09JAN2032400PE.NFO,07/01/2020,09:28:01,681.05,668.8,120,676.4,360,0,35900
BANKNIFTY09JAN2032400PE.NFO,07/01/2020,09:28:02,681.05,664.1,40,673.5,120,0,35900
BANKNIFTY09JAN2032400PE.NFO,07/01/2020,09:28:03,681.05,664.1,40,672.85,20,0,35900
BANKNIFTY09JAN2032400PE.NFO,07/01/2020,09:28:04,681.05,664.1,40,672.8,520,0,35900
BANKNIFTY09JAN2032400PE.NFO,07/01/2020,09:28:05,681.05,664.1,40,672.5,20,0,35900
BANKNIFTY09JAN2032400PE.NFO,07/01/2020,09:28:06,681.05,664.15,20,672.45,520,0,35900
BANKNIFTY09JAN2032400PE.NFO,07/01/2020,09:28:07,681.05,665.35,60,674.35,20,0,35900
BANKNIFTY09JAN2032400PE.NFO,07/01/2020,09:28:08,681.05,664.1,40,673.1,20,0,35900
BANKNIFTY09JAN2032400PE.NFO,07/01/2020,09:28:09,681.05,662.35,20,672.35,20,0,35900
BANKNIFTY09JAN2032400PE.NFO,07/01/2020,09:28:10,681.05,664.9,60,672.8,20,0,35900
BANKNIFTY09JAN2032400PE.NFO,07/01/2020,09:28:11,681.05,670.25,120,678.6,40,0,35900
BANKNIFTY09JAN2032400PE.NFO,07/01/2020,09:28:12,681.05,670.1,40,678.55,680,0,35900
BANKNIFTY09JAN2032400PE.NFO,07/01/2020,09:28:13,681.05,668.45,20,676.65,120,0,35900
BANKNIFTY09JAN2032400PE.NFO,07/01/2020,09:28:14,681.05,668.45,20,676.55,620,0,35900
BANKNIFTY09JAN2032400PE.NFO,07/01/2020,09:28:15,681.05,667.95,20,676.55,400,0,35900
BANKNIFTY09JAN2032400PE.NFO,07/01/2020,09:28:16,681.05,668.9,20,676.5,260,0,35900
BANKNIFTY09JAN2032400PE.NFO,07/01/2020,09:28:17,681.05,669.7,120,676.55,100,0,35900
BANKNIFTY09JAN2032400PE.NFO,07/01/2020,09:28:18,681.05,669.8,20,676.5,260,0,35900
BANKNIFTY09JAN2032400PE.NFO,07/01/2020,09:28:19,681.05,672.25,60,679.55,100,0,35900
BANKNIFTY09JAN2032400PE.NFO,07/01/2020,09:28:20,681.05,671.2,20,679.55,720,0,35900
BANKNIFTY09JAN2032400PE.NFO,07/01/2020,09:28:21,681.05,673,20,679.5,260,0,35900
BANKNIFTY09JAN2032400PE.NFO,07/01/2020,09:28:22,679.5,673.7,20,681.6,620,80,35900
BANKNIFTY09JAN2032400PE.NFO,07/01/2020,09:28:23,678.75,672.9,20,681.6,620,100,35900
BANKNIFTY09JAN2032400PE.NFO,07/01/2020,09:28:24,678.75,673.75,20,679.25,100,0,35900
BANKNIFTY09JAN2032400PE.NFO,07/01/2020,09:28:25,678.75,674.4,20,681.55,300,0,35900
BANKNIFTY09JAN2032400PE.NFO,07/01/2020,09:28:26,678.75,673.7,20,681.5,320,0,35900
BANKNIFTY09JAN2032400PE.NFO,07/01/2020,09:28:27,678.75,674.05,20,681.5,120,0,35900
BANKNIFTY09JAN2032400PE.NFO,07/01/2020,09:28:28,678.75,675.35,20,681.5,200,0,35900
BANKNIFTY09JAN2032400PE.NFO,07/01/2020,09:28:29,678.75,674.7,20,681.5,200,0,35900
BANKNIFTY09JAN2032400PE.NFO,07/01/2020,09:28:30,678.75,674.9,20,681.45,200,0,35900
BANKNIFTY09JAN2032400PE.NFO,07/01/2020,09:28:31,678.75,674.1,20,681.45,160,0,35900
BANKNIFTY09JAN2032400PE.NFO,07/01/2020,09:28:32,678.75,674,20,681.5,360,0,35900
BANKNIFTY09JAN2032400PE.NFO,07/01/2020,09:28:33,678.75,674.15,20,681.45,360,0,35900
BANKNIFTY09JAN2032400PE.NFO,07/01/2020,09:28:34,678.75,674.05,20,681.45,160,0,35900
BANKNIFTY09JAN2032400PE.NFO,07/01/2020,09:28:35,678.75,674.15,20,681.45,160,0,35900
BANKNIFTY09JAN2032400PE.NFO,07/01/2020,09:28:36,678.75,674.9,20,681.4,120,0,35900
BANKNIFTY09JAN2032400PE.NFO,07/01/2020,09:28:37,678.75,675.4,20,681.55,100,0,35900
BANKNIFTY09JAN2032400PE.NFO,07/01/2020,09:28:38,678.75,675.45,120,681.5,160,0,35900
BANKNIFTY09JAN2032400PE.NFO,07/01/2020,09:28:39,678.75,674.45,20,681.5,160,0,35900
BANKNIFTY09JAN2032400PE.NFO,07/01/2020,09:28:40,678.75,674.95,20,681.5,160,0,35900
BANKNIFTY09JAN2032400PE.NFO,07/01/2020,09:28:41,678.75,674.95,20,681.5,320,0,35900
BANKNIFTY09JAN2032400PE.NFO,07/01/2020,09:28:42,678.75,674.55,20,681.5,320,0,35900
BANKNIFTY09JAN2032400PE.NFO,07/01/2020,09:28:43,678.75,674.55,20,681.45,200,0,35900
BANKNIFTY09JAN2032400PE.NFO,07/01/2020,09:28:44,678.75,674.55,20,681.5,320,0,35900
BANKNIFTY09JAN2032400PE.NFO,07/01/2020,09:28:46,678.75,674.55,20,678.75,40,100,35900
BANKNIFTY09JAN2032400PE.NFO,07/01/2020,09:28:47,678.75,674.55,20,677.9,40,0,35900
BANKNIFTY09JAN2032400PE.NFO,07/01/2020,09:28:48,678.75,671.2,20,676.85,40,0,35900
BANKNIFTY09JAN2032400PE.NFO,07/01/2020,09:28:49,678.75,671.3,20,676.55,40,0,35900
BANKNIFTY09JAN2032400PE.NFO,07/01/2020,09:28:50,678.75,671.3,20,676.15,40,0,35900
BANKNIFTY09JAN2032400PE.NFO,07/01/2020,09:28:51,678.75,667,120,673.4,20,0,35900
BANKNIFTY09JAN2032400PE.NFO,07/01/2020,09:28:52,678.75,668.05,20,676.35,20,0,35900
BANKNIFTY09JAN2032400PE.NFO,07/01/2020,09:28:53,678.75,667.65,20,676.35,20,0,35900
BANKNIFTY09JAN2032400PE.NFO,07/01/2020,09:28:54,678.75,667.65,20,676.3,100,0,35900
BANKNIFTY09JAN2032400PE.NFO,07/01/2020,09:28:55,678.75,667.15,20,676.15,40,0,35900
BANKNIFTY09JAN2032400PE.NFO,07/01/2020,09:28:56,678.75,668.3,120,676.1,100,0,35900
BANKNIFTY09JAN2032400PE.NFO,07/01/2020,09:28:57,678.75,669.15,60,676.1,100,0,35900
BANKNIFTY09JAN2032400PE.NFO,07/01/2020,09:28:58,678.75,669.15,60,676.05,280,0,35900
BANKNIFTY09JAN2032400PE.NFO,07/01/2020,09:28:59,678.75,669.3,180,676.1,100,0,35900
BANKNIFTY09JAN2032400PE.NFO,07/01/2020,09:29:00,678.75,667.85,60,676.05,280,0,35900
BANKNIFTY09JAN2032400PE.NFO,07/01/2020,09:29:01,678.75,669.35,120,676.1,100,0,35900
BANKNIFTY09JAN2032400PE.NFO,07/01/2020,09:29:02,678.75,668.85,120,676.05,280,0,35900
BANKNIFTY09JAN2032400PE.NFO,07/01/2020,09:29:03,678.75,667.85,60,676,200,0,35900
BANKNIFTY09JAN2032400PE.NFO,07/01/2020,09:29:04,678.75,667.75,20,675.65,20,0,35900
BANKNIFTY09JAN2032400PE.NFO,07/01/2020,09:29:05,678.75,665.1,20,674.45,20,0,35900
BANKNIFTY09JAN2032400PE.NFO,07/01/2020,09:29:06,678.75,665.05,60,674.25,20,0,35900
BANKNIFTY09JAN2032400PE.NFO,07/01/2020,09:29:07,678.75,665.05,60,673.2,20,0,35900
BANKNIFTY09JAN2032400PE.NFO,07/01/2020,09:29:08,678.75,665.05,60,672.8,20,0,35900
BANKNIFTY09JAN2032400PE.NFO,07/01/2020,09:29:09,678.75,665.05,60,672.1,20,0,35900
BANKNIFTY09JAN2032400PE.NFO,07/01/2020,09:29:10,678.75,665.05,60,672.15,420,0,35900
BANKNIFTY09JAN2032400PE.NFO,07/01/2020,09:29:11,678.75,665,20,671.7,20,0,35900
BANKNIFTY09JAN2032400PE.NFO,07/01/2020,09:29:13,678.75,665,80,671.75,420,0,35900
BANKNIFTY09JAN2032400PE.NFO,07/01/2020,09:29:14,678.75,665,80,671.75,100,0,35900
BANKNIFTY09JAN2032400PE.NFO,07/01/2020,09:29:16,678.75,665,20,671.65,20,0,35900
BANKNIFTY09JAN2032400PE.NFO,07/01/2020,09:29:18,678.75,665,20,671.45,20,0,35900
BANKNIFTY09JAN2032400PE.NFO,07/01/2020,09:29:20,678.75,665,20,671.5,380,0,35900
BANKNIFTY09JAN2032400PE.NFO,07/01/2020,09:29:21,678.75,665,20,671.5,100,0,35900
BANKNIFTY09JAN2032400PE.NFO,07/01/2020,09:29:22,678.75,665,20,671.45,280,0,35900
BANKNIFTY09JAN2032400PE.NFO,07/01/2020,09:29:23,678.75,665,20,671.5,100,0,35900
BANKNIFTY09JAN2032400PE.NFO,07/01/2020,09:29:24,678.75,665,40,671.45,160,0,35900
BANKNIFTY09JAN2032400PE.NFO,07/01/2020,09:29:25,678.75,665,120,671.5,100,0,35900
BANKNIFTY09JAN2032400PE.NFO,07/01/2020,09:29:26,678.75,665,40,671.5,100,0,35900
BANKNIFTY09JAN2032400PE.NFO,07/01/2020,09:29:27,678.75,665.3,200,673.2,420,0,35900
BANKNIFTY09JAN2032400PE.NFO,07/01/2020,09:29:28,678.75,666.1,120,673.2,300,0,35900
BANKNIFTY09JAN2032400PE.NFO,07/01/2020,09:29:29,678.75,667.5,120,675.65,620,0,35900
BANKNIFTY09JAN2032400PE.NFO,07/01/2020,09:29:30,678.75,665.3,80,675.2,120,0,35900
BANKNIFTY09JAN2032400PE.NFO,07/01/2020,09:29:31,678.75,665.7,120,675.45,20,0,35900
BANKNIFTY09JAN2032400PE.NFO,07/01/2020,09:29:32,678.75,666.7,80,675.6,80,0,35900
BANKNIFTY09JAN2032400PE.NFO,07/01/2020,09:29:33,678.75,666.9,200,675.6,80,0,35900
BANKNIFTY09JAN2032400PE.NFO,07/01/2020,09:29:34,678.75,666.9,80,675.6,80,0,35900
BANKNIFTY09JAN2032400PE.NFO,07/01/2020,09:29:35,678.75,666,120,675.6,80,0,35900
BANKNIFTY09JAN2032400PE.NFO,07/01/2020,09:29:36,678.75,667.45,120,675.6,80,0,35900
BANKNIFTY09JAN2032400PE.NFO,07/01/2020,09:29:37,678.75,665.4,80,675.6,80,0,35900
BANKNIFTY09JAN2032400PE.NFO,07/01/2020,09:29:38,678.75,667.35,120,675.65,420,0,35900
BANKNIFTY09JAN2032400PE.NFO,07/01/2020,09:29:39,678.75,666.35,120,675.55,100,0,35900
BANKNIFTY09JAN2032400PE.NFO,07/01/2020,09:29:40,678.75,666.85,120,675.55,80,0,35900
BANKNIFTY09JAN2032400PE.NFO,07/01/2020,09:29:41,678.75,667.25,120,675.55,80,0,35900
BANKNIFTY09JAN2032400PE.NFO,07/01/2020,09:29:42,678.75,667.3,120,675.55,80,0,35900
BANKNIFTY09JAN2032400PE.NFO,07/01/2020,09:29:43,678.75,668.85,80,675.65,100,0,35900
BANKNIFTY09JAN2032400PE.NFO,07/01/2020,09:29:44,678.75,669.4,120,675.65,100,0,35900
BANKNIFTY09JAN2032400PE.NFO,07/01/2020,09:29:45,678.75,669.1,20,675.65,100,0,35900
BANKNIFTY09JAN2032400PE.NFO,07/01/2020,09:29:46,678.75,669,40,675.65,100,0,35900
BANKNIFTY09JAN2032400PE.NFO,07/01/2020,09:29:47,678.75,668.95,20,675.6,520,0,35900
BANKNIFTY09JAN2032400PE.NFO,07/01/2020,09:29:48,678.75,665.3,80,674.45,20,0,35900
BANKNIFTY09JAN2032400PE.NFO,07/01/2020,09:29:49,678.75,666,20,674.3,420,0,35900
BANKNIFTY09JAN2032400PE.NFO,07/01/2020,09:29:50,678.75,666.3,120,674.3,420,0,35900
BANKNIFTY09JAN2032400PE.NFO,07/01/2020,09:29:51,678.75,666,20,674.25,20,0,35900
BANKNIFTY09JAN2032400PE.NFO,07/01/2020,09:29:52,678.75,666,20,674.2,20,0,35900
BANKNIFTY09JAN2032400PE.NFO,07/01/2020,09:29:55,678.75,666,20,674.25,200,0,35900
BANKNIFTY09JAN2032400PE.NFO,07/01/2020,09:29:56,678.75,666,20,674.2,120,0,35900
BANKNIFTY09JAN2032400PE.NFO,07/01/2020,09:29:57,678.75,666,20,674.2,20,0,35900
BANKNIFTY09JAN2032400PE.NFO,07/01/2020,09:29:58,678.75,666,20,673.65,20,0,35900
BANKNIFTY09JAN2032400PE.NFO,07/01/2020,09:29:59,678.75,666,20,673.65,140,0,35900
BANKNIFTY09JAN2032400PE.NFO,07/01/2020,09:30:00,678.75,666,20,672.55,20,0,35900
BANKNIFTY09JAN2032400PE.NFO,07/01/2020,09:30:01,678.75,666,20,671.75,20,0,35900
BANKNIFTY09JAN2032400PE.NFO,07/01/2020,09:30:02,666,660.4,120,668.1,20,20,36000
BANKNIFTY09JAN2032400PE.NFO,07/01/2020,09:30:03,666,658,120,665.65,100,0,36000
BANKNIFTY09JAN2032400PE.NFO,07/01/2020,09:30:04,666,659.8,80,669.05,20,0,36000
BANKNIFTY09JAN2032400PE.NFO,07/01/2020,09:30:05,666,659.05,60,668.95,20,0,36000
BANKNIFTY09JAN2032400PE.NFO,07/01/2020,09:30:06,666,659.05,60,667.95,40,0,36000
BANKNIFTY09JAN2032400PE.NFO,07/01/2020,09:30:07,666,658.15,120,667.35,20,0,36000
BANKNIFTY09JAN2032400PE.NFO,07/01/2020,09:30:08,666,658,120,667.35,20,0,36000
BANKNIFTY09JAN2032400PE.NFO,07/01/2020,09:30:09,666,657.75,20,665.85,20,0,36000
BANKNIFTY09JAN2032400PE.NFO,07/01/2020,09:30:10,666,657.75,20,664.85,200,0,36000
BANKNIFTY09JAN2032400PE.NFO,07/01/2020,09:30:11,666,653.1,280,662.85,120,0,36000
BANKNIFTY09JAN2032400PE.NFO,07/01/2020,09:30:12,666,653.2,40,662.7,420,0,36000
BANKNIFTY09JAN2032400PE.NFO,07/01/2020,09:30:13,666,653.9,80,662.15,140,0,36000
BANKNIFTY09JAN2032400PE.NFO,07/01/2020,09:30:15,666,653.9,80,662.1,40,0,36000
BANKNIFTY09JAN2032400PE.NFO,07/01/2020,09:30:16,666,653.85,20,661.4,20,0,36000
BANKNIFTY09JAN2032400PE.NFO,07/01/2020,09:30:17,666,653.85,20,660.3,420,0,36000
BANKNIFTY09JAN2032400PE.NFO,07/01/2020,09:30:18,666,650.85,120,660.3,300,0,36000
BANKNIFTY09JAN2032400PE.NFO,07/01/2020,09:30:19,666,651.4,120,660.25,320,0,36000
BANKNIFTY09JAN2032400PE.NFO,07/01/2020,09:30:20,666,650.6,80,660.05,20,0,36000
BANKNIFTY09JAN2032400PE.NFO,07/01/2020,09:30:22,666,650.6,80,659.45,20,0,36000
BANKNIFTY09JAN2032400PE.NFO,07/01/2020,09:30:23,666,650.25,20,658.25,20,0,36000
BANKNIFTY09JAN2032400PE.NFO,07/01/2020,09:30:24,666,650,20,655.85,20,0,36000
BANKNIFTY09JAN2032400PE.NFO,07/01/2020,09:30:25,666,650,40,656.9,420,0,36000
BANKNIFTY09JAN2032400PE.NFO,07/01/2020,09:30:26,666,650,20,655.35,120,0,36000
BANKNIFTY09JAN2032400PE.NFO,07/01/2020,09:30:28,650,643.75,240,651.55,20,20,36000
BANKNIFTY09JAN2032400PE.NFO,07/01/2020,09:30:29,650,644.25,20,652.2,40,0,36000
BANKNIFTY09JAN2032400PE.NFO,07/01/2020,09:30:30,650,644.4,20,652.15,20,0,36000
BANKNIFTY09JAN2032400PE.NFO,07/01/2020,09:30:31,650,644.4,40,652.05,20,0,36000
BANKNIFTY09JAN2032400PE.NFO,07/01/2020,09:30:32,650,644.4,20,651.3,140,0,36000
BANKNIFTY09JAN2032400PE.NFO,07/01/2020,09:30:34,650,644.45,80,652.05,20,0,36000
BANKNIFTY09JAN2032400PE.NFO,07/01/2020,09:30:35,652.05,643.9,40,651.45,40,40,36000
BANKNIFTY09JAN2032400PE.NFO,07/01/2020,09:30:36,652.05,644,120,651.3,40,0,36000
BANKNIFTY09JAN2032400PE.NFO,07/01/2020,09:30:37,651.75,644.35,80,652,20,40,36000
BANKNIFTY09JAN2032400PE.NFO,07/01/2020,09:30:39,651.75,645.2,20,652.6,40,0,36000
BANKNIFTY09JAN2032400PE.NFO,07/01/2020,09:30:40,651.75,644.25,20,651.45,80,0,36000
BANKNIFTY09JAN2032400PE.NFO,07/01/2020,09:30:41,651.75,644.25,20,650.95,20,0,36000
BANKNIFTY09JAN2032400PE.NFO,07/01/2020,09:30:42,651.75,644.35,20,650.45,40,0,36000
BANKNIFTY09JAN2032400PE.NFO,07/01/2020,09:30:43,651.75,644.4,100,651.95,100,0,36000
BANKNIFTY09JAN2032400PE.NFO,07/01/2020,09:30:45,651.75,644.4,20,651.85,60,0,36000
BANKNIFTY09JAN2032400PE.NFO,07/01/2020,09:30:46,651.75,643.05,40,651.85,40,0,36000
BANKNIFTY09JAN2032400PE.NFO,07/01/2020,09:30:47,651.75,645.1,120,654.2,20,0,36000
BANKNIFTY09JAN2032400PE.NFO,07/01/2020,09:30:48,651.75,644.5,40,653.65,420,0,36000
BANKNIFTY09JAN2032400PE.NFO,07/01/2020,09:30:49,651.75,644.55,80,653.65,420,0,36000
BANKNIFTY09JAN2032400PE.NFO,07/01/2020,09:30:51,651.75,644.1,20,653,20,0,36000
BANKNIFTY09JAN2032400PE.NFO,07/01/2020,09:30:52,651.75,644.1,20,652.25,20,0,36000
BANKNIFTY09JAN2032400PE.NFO,07/01/2020,09:30:54,651.75,644.7,80,652.3,100,0,36000
BANKNIFTY09JAN2032400PE.NFO,07/01/2020,09:30:56,651.75,644.7,80,653,100,0,36000
BANKNIFTY09JAN2032400PE.NFO,07/01/2020,09:30:58,650,644.75,300,652.75,40,40,36000
BANKNIFTY09JAN2032400PE.NFO,07/01/2020,09:30:59,650,644.7,80,652.05,20,0,36000
BANKNIFTY09JAN2032400PE.NFO,07/01/2020,09:31:00,650,644.55,20,649.95,20,0,36000
BANKNIFTY09JAN2032400PE.NFO,07/01/2020,09:31:01,650,640.2,120,648.6,20,0,36000
BANKNIFTY09JAN2032400PE.NFO,07/01/2020,09:31:02,650,641.55,80,648.5,20,0,36000
BANKNIFTY09JAN2032400PE.NFO,07/01/2020,09:31:03,650,639.3,120,648.4,20,0,36000
BANKNIFTY09JAN2032400PE.NFO,07/01/2020,09:31:05,650,640.65,160,650.7,20,0,36000
BANKNIFTY09JAN2032400PE.NFO,07/01/2020,09:31:06,650,642.15,160,649.6,100,0,36000
BANKNIFTY09JAN2032400PE.NFO,07/01/2020,09:31:07,650,642.2,80,651.1,20,0,36000
BANKNIFTY09JAN2032400PE.NFO,07/01/2020,09:31:08,650,640.75,80,649.55,20,0,36000
BANKNIFTY09JAN2032400PE.NFO,07/01/2020,09:31:09,650,640.35,120,649.15,20,0,36000
BANKNIFTY09JAN2032400PE.NFO,07/01/2020,09:31:10,650,642.65,80,652.4,20,0,36000
BANKNIFTY09JAN2032400PE.NFO,07/01/2020,09:31:12,650,641.7,120,652.25,120,0,36000
BANKNIFTY09JAN2032400PE.NFO,07/01/2020,09:31:13,650,641.25,20,649.75,20,0,36000
BANKNIFTY09JAN2032400PE.NFO,07/01/2020,09:31:14,650,641.25,20,648.9,60,0,36000
BANKNIFTY09JAN2032400PE.NFO,07/01/2020,09:31:15,650,641.25,20,648.2,20,0,36000
BANKNIFTY09JAN2032400PE.NFO,07/01/2020,09:31:17,650,639.05,40,648.2,20,0,36000
BANKNIFTY09JAN2032400PE.NFO,07/01/2020,09:31:18,650,639.05,40,647.15,40,0,36000
BANKNIFTY09JAN2032400PE.NFO,07/01/2020,09:31:19,650,638.7,20,646.95,20,0,36000
BANKNIFTY09JAN2032400PE.NFO,07/01/2020,09:31:20,650,638.7,20,645.75,20,0,36000
BANKNIFTY09JAN2032400PE.NFO,07/01/2020,09:31:21,650,638.75,80,645.4,20,0,36000
BANKNIFTY09JAN2032400PE.NFO,07/01/2020,09:31:22,650,634.1,500,644.05,20,0,36000
BANKNIFTY09JAN2032400PE.NFO,07/01/2020,09:31:23,650,634.1,80,643.15,20,0,36000
BANKNIFTY09JAN2032400PE.NFO,07/01/2020,09:31:24,650,634.2,120,643.3,140,0,36000
BANKNIFTY09JAN2032400PE.NFO,07/01/2020,09:31:25,650,634.35,80,642.55,20,0,36000
BANKNIFTY09JAN2032400PE.NFO,07/01/2020,09:31:26,650,634.3,20,642.2,20,0,36000
BANKNIFTY09JAN2032400PE.NFO,07/01/2020,09:31:27,650,634.3,20,642.2,420,0,36000
BANKNIFTY09JAN2032400PE.NFO,07/01/2020,09:31:28,650,634.3,20,641.6,20,0,36000
BANKNIFTY09JAN2032400PE.NFO,07/01/2020,09:31:29,650,634.3,20,641.5,20,0,36000
BANKNIFTY09JAN2032400PE.NFO,07/01/2020,09:31:30,650,634.35,80,641.55,140,0,36000
BANKNIFTY09JAN2032400PE.NFO,07/01/2020,09:31:31,650,634.3,20,641.5,20,0,36000
BANKNIFTY09JAN2032400PE.NFO,07/01/2020,09:31:32,650,634.3,20,642.4,20,0,36000
BANKNIFTY09JAN2032400PE.NFO,07/01/2020,09:31:33,650,634.35,80,642.35,140,0,36000
BANKNIFTY09JAN2032400PE.NFO,07/01/2020,09:31:34,650,634.65,120,642.25,20,0,36000
BANKNIFTY09JAN2032400PE.NFO,07/01/2020,09:31:35,650,634.35,80,642.1,20,0,36000
BANKNIFTY09JAN2032400PE.NFO,07/01/2020,09:31:36,650,634.3,20,642.1,180,0,36000
BANKNIFTY09JAN2032400PE.NFO,07/01/2020,09:31:37,650,634.3,20,641.95,140,0,36000
BANKNIFTY09JAN2032400PE.NFO,07/01/2020,09:31:38,650,630.5,120,640.05,20,0,36000
BANKNIFTY09JAN2032400PE.NFO,07/01/2020,09:31:39,650,631.4,120,640.15,300,0,36000
BANKNIFTY09JAN2032400PE.NFO,07/01/2020,09:31:40,650,631.5,80,640.15,100,0,36000
BANKNIFTY09JAN2032400PE.NFO,07/01/2020,09:31:41,650,631.75,20,640.05,160,0,36000
BANKNIFTY09JAN2032400PE.NFO,07/01/2020,09:31:42,650,632.5,20,640,20,0,36000
BANKNIFTY09JAN2032400PE.NFO,07/01/2020,09:31:43,650,633.05,20,640.15,100,0,36000
BANKNIFTY09JAN2032400PE.NFO,07/01/2020,09:31:44,650,633.35,20,640.15,100,0,36000
BANKNIFTY09JAN2032400PE.NFO,07/01/2020,09:31:45,650,633.5,20,640.15,100,0,36000
BANKNIFTY09JAN2032400PE.NFO,07/01/2020,09:31:46,650,633.85,20,640.15,100,0,36000
BANKNIFTY09JAN2032400PE.NFO,07/01/2020,09:31:48,650,633.85,20,640.1,20,0,36000
BANKNIFTY09JAN2032400PE.NFO,07/01/2020,09:31:49,650,631.45,40,640.05,20,0,36000
BANKNIFTY09JAN2032400PE.NFO,07/01/2020,09:31:50,650,630.4,20,639.6,120,0,36000
BANKNIFTY09JAN2032400PE.NFO,07/01/2020,09:31:51,650,630.9,20,638.85,40,0,36000
BANKNIFTY09JAN2032400PE.NFO,07/01/2020,09:31:52,650,631.15,20,638.75,20,0,36000
BANKNIFTY09JAN2032400PE.NFO,07/01/2020,09:31:53,650,631.35,20,638.7,40,0,36000
BANKNIFTY09JAN2032400PE.NFO,07/01/2020,09:31:54,650,631.6,20,638.55,380,0,36000
BANKNIFTY09JAN2032400PE.NFO,07/01/2020,09:31:55,650,631.6,20,638.45,200,0,36000
BANKNIFTY09JAN2032400PE.NFO,07/01/2020,09:31:56,650,631.6,20,638.4,20,0,36000
BANKNIFTY09JAN2032400PE.NFO,07/01/2020,09:31:57,650,631.7,20,638.3,100,0,36000
BANKNIFTY09JAN2032400PE.NFO,07/01/2020,09:31:58,650,632,20,638.25,20,0,36000
BANKNIFTY09JAN2032400PE.NFO,07/01/2020,09:31:59,650,632.3,20,638.25,20,0,36000
BANKNIFTY09JAN2032400PE.NFO,07/01/2020,09:32:00,650,632.35,20,638.25,20,0,36000
BANKNIFTY09JAN2032400PE.NFO,07/01/2020,09:32:01,650,632.35,20,638.15,20,0,36000
BANKNIFTY09JAN2032400PE.NFO,07/01/2020,09:32:03,650,632.35,20,638,100,0,36000
BANKNIFTY09JAN2032400PE.NFO,07/01/2020,09:32:04,650,630.35,80,637.95,20,0,36000
BANKNIFTY09JAN2032400PE.NFO,07/01/2020,09:32:05,650,630.35,80,637.95,60,0,36000
BANKNIFTY09JAN2032400PE.NFO,07/01/2020,09:32:06,650,631.35,160,637.95,20,0,36000
BANKNIFTY09JAN2032400PE.NFO,07/01/2020,09:32:07,637.95,633.45,220,640,100,20,36000
BANKNIFTY09JAN2032400PE.NFO,07/01/2020,09:32:08,637.95,634.2,40,640,100,0,36000
BANKNIFTY09JAN2032400PE.NFO,07/01/2020,09:32:11,637.95,634.2,40,639.9,20,0,36000
BANKNIFTY09JAN2032400PE.NFO,07/01/2020,09:32:12,637.95,634.2,40,639.95,100,0,36000
BANKNIFTY09JAN2032400PE.NFO,07/01/2020,09:32:14,634.2,630.35,120,637.55,80,40,36080
BANKNIFTY09JAN2032400PE.NFO,07/01/2020,09:32:15,634.2,630.35,40,637.2,40,0,36080
BANKNIFTY09JAN2032400PE.NFO,07/01/2020,09:32:16,634.2,630.35,40,637.45,140,0,36080
BANKNIFTY09JAN2032400PE.NFO,07/01/2020,09:32:17,634.2,630.15,40,635.75,420,0,36080
BANKNIFTY09JAN2032400PE.NFO,07/01/2020,09:32:18,634.2,630.15,40,635.55,20,0,36080
BANKNIFTY09JAN2032400PE.NFO,07/01/2020,09:32:19,630,623.8,140,631.75,60,60,36080
BANKNIFTY09JAN2032400PE.NFO,07/01/2020,09:32:20,630,623.85,80,631.4,40,0,36080
BANKNIFTY09JAN2032400PE.NFO,07/01/2020,09:32:21,630,624.05,40,633.2,140,0,36080
BANKNIFTY09JAN2032400PE.NFO,07/01/2020,09:32:22,630,624.1,80,632.7,300,0,36080
BANKNIFTY09JAN2032400PE.NFO,07/01/2020,09:32:23,624.5,620,20,629.2,40,40,36080
BANKNIFTY09JAN2032400PE.NFO,07/01/2020,09:32:24,624.5,622.95,40,631.5,40,0,36080
BANKNIFTY09JAN2032400PE.NFO,07/01/2020,09:32:25,624.5,620.2,20,629.9,40,0,36080
BANKNIFTY09JAN2032400PE.NFO,07/01/2020,09:32:26,624.5,620.15,120,629.3,120,0,36080
BANKNIFTY09JAN2032400PE.NFO,07/01/2020,09:32:27,624.5,620.15,40,628.25,300,0,36080
BANKNIFTY09JAN2032400PE.NFO,07/01/2020,09:32:28,624.5,620.2,80,627.65,100,0,36080
BANKNIFTY09JAN2032400PE.NFO,07/01/2020,09:32:29,624.5,620.2,80,628.2,340,0,36080
BANKNIFTY09JAN2032400PE.NFO,07/01/2020,09:32:30,624.5,620.15,40,627.6,20,0,36080
BANKNIFTY09JAN2032400PE.NFO,07/01/2020,09:32:31,620.15,620.3,20,627.15,40,20,36080
BANKNIFTY09JAN2032400PE.NFO,07/01/2020,09:32:32,620.15,620.4,20,626.75,40,0,36080
BANKNIFTY09JAN2032400PE.NFO,07/01/2020,09:32:33,620.15,620,20,625.65,40,0,36080
BANKNIFTY09JAN2032400PE.NFO,07/01/2020,09:32:34,620,616.25,140,623.85,40,20,36080
BANKNIFTY09JAN2032400PE.NFO,07/01/2020,09:32:35,620,616.25,40,623.2,40,0,36080
BANKNIFTY09JAN2032400PE.NFO,07/01/2020,09:32:36,620,616.3,80,624,140,0,36080
BANKNIFTY09JAN2032400PE.NFO,07/01/2020,09:32:37,620,616.25,40,623.9,120,0,36080
BANKNIFTY09JAN2032400PE.NFO,07/01/2020,09:32:38,620,616.25,40,623.3,100,0,36080
BANKNIFTY09JAN2032400PE.NFO,07/01/2020,09:32:39,620,613.65,120,621.6,20,0,36080
BANKNIFTY09JAN2032400PE.NFO,07/01/2020,09:32:40,613.7,604.6,40,621.3,60,40,36080
BANKNIFTY09JAN2032400PE.NFO,07/01/2020,09:32:41,613.7,609.1,20,617.25,40,0,36080
BANKNIFTY09JAN2032400PE.NFO,07/01/2020,09:32:42,613.7,610.25,20,621.1,20,0,36080
BANKNIFTY09JAN2032400PE.NFO,07/01/2020,09:32:43,613.7,611.3,360,621.1,120,0,36080
BANKNIFTY09JAN2032400PE.NFO,07/01/2020,09:32:44,613.7,612.3,120,621.25,100,0,36080
BANKNIFTY09JAN2032400PE.NFO,07/01/2020,09:32:45,613.7,612.45,240,621.2,40,0,36080
BANKNIFTY09JAN2032400PE.NFO,07/01/2020,09:32:46,613.7,612.5,180,621.2,40,0,36080
BANKNIFTY09JAN2032400PE.NFO,07/01/2020,09:32:47,613.7,612.5,80,620.7,120,0,36080
BANKNIFTY09JAN2032400PE.NFO,07/01/2020,09:32:48,613.7,612.5,80,620.65,140,0,36080
BANKNIFTY09JAN2032400PE.NFO,07/01/2020,09:32:49,613.7,612.5,80,620.6,40,0,36080
BANKNIFTY09JAN2032400PE.NFO,07/01/2020,09:32:50,613.7,612.45,40,620.55,20,0,36080
BANKNIFTY09JAN2032400PE.NFO,07/01/2020,09:32:51,613.7,612.45,40,620.6,40,0,36080
BANKNIFTY09JAN2032400PE.NFO,07/01/2020,09:32:52,613.7,612.5,80,621.2,160,0,36080
BANKNIFTY09JAN2032400PE.NFO,07/01/2020,09:32:53,613.7,612.55,220,621.25,40,0,36080
BANKNIFTY09JAN2032400PE.NFO,07/01/2020,09:32:54,613.7,612.6,20,621.9,140,0,36080
BANKNIFTY09JAN2032400PE.NFO,07/01/2020,09:32:55,613.7,612.8,240,621.9,140,0,36080
BANKNIFTY09JAN2032400PE.NFO,07/01/2020,09:32:56,613.7,613.25,120,621.9,140,0,36080
BANKNIFTY09JAN2032400PE.NFO,07/01/2020,09:32:57,613.7,614,120,622.55,140,0,36080
BANKNIFTY09JAN2032400PE.NFO,07/01/2020,09:32:58,613.7,613.8,120,622.5,40,0,36080
BANKNIFTY09JAN2032400PE.NFO,07/01/2020,09:32:59,613.7,614.05,120,622.45,20,0,36080
BANKNIFTY09JAN2032400PE.NFO,07/01/2020,09:33:00,613.7,614.05,40,622.35,20,0,36080
BANKNIFTY09JAN2032400PE.NFO,07/01/2020,09:33:01,613.7,614.15,20,622,20,0,36080
BANKNIFTY09JAN2032400PE.NFO,07/01/2020,09:33:02,613.7,614.1,80,622,20,0,36080
BANKNIFTY09JAN2032400PE.NFO,07/01/2020,09:33:03,613.7,614.1,80,621.8,20,0,36080
BANKNIFTY09JAN2032400PE.NFO,07/01/2020,09:33:04,613.7,614.5,20,627.9,620,0,36080
BANKNIFTY09JAN2032400PE.NFO,07/01/2020,09:33:05,613.7,614.7,20,626.4,20,0,36080
BANKNIFTY09JAN2032400PE.NFO,07/01/2020,09:33:06,613.7,614.7,20,626.3,20,0,36080
BANKNIFTY09JAN2032400PE.NFO,07/01/2020,09:33:07,613.7,617.8,20,626.3,20,0,36080
BANKNIFTY09JAN2032400PE.NFO,07/01/2020,09:33:08,613.7,617.75,120,626.2,140,0,36080
BANKNIFTY09JAN2032400PE.NFO,07/01/2020,09:33:09,613.7,617.75,120,625.5,20,0,36080
BANKNIFTY09JAN2032400PE.NFO,07/01/2020,09:33:10,613.7,614.8,120,623.85,20,0,36080
BANKNIFTY09JAN2032400PE.NFO,07/01/2020,09:33:11,613.7,615.25,120,623.85,20,0,36080
BANKNIFTY09JAN2032400PE.NFO,07/01/2020,09:33:12,613.7,614.85,80,623.65,20,0,36080
BANKNIFTY09JAN2032400PE.NFO,07/01/2020,09:33:13,613.7,614.8,40,622.15,20,0,36080
BANKNIFTY09JAN2032400PE.NFO,07/01/2020,09:33:14,613.7,614.8,40,622.05,20,0,36080
BANKNIFTY09JAN2032400PE.NFO,07/01/2020,09:33:15,613.7,614.45,40,622.2,140,0,36080
BANKNIFTY09JAN2032400PE.NFO,07/01/2020,09:33:16,613.7,614.45,60,622.15,20,0,36080
BANKNIFTY09JAN2032400PE.NFO,07/01/2020,09:33:17,613.7,614.45,60,621.9,20,0,36080
BANKNIFTY09JAN2032400PE.NFO,07/01/2020,09:33:18,613.7,614.45,60,621.85,20,0,36080
BANKNIFTY09JAN2032400PE.NFO,07/01/2020,09:33:19,613.7,614.5,20,621.85,20,0,36080
BANKNIFTY09JAN2032400PE.NFO,07/01/2020,09:33:20,613.7,614.55,20,621.85,20,0,36080
BANKNIFTY09JAN2032400PE.NFO,07/01/2020,09:33:21,613.7,614.6,20,621.9,40,0,36080
BANKNIFTY09JAN2032400PE.NFO,07/01/2020,09:33:22,613.7,614.7,40,621.9,40,0,36080
BANKNIFTY09JAN2032400PE.NFO,07/01/2020,09:33:24,613.7,614.7,40,621.8,100,0,36080
BANKNIFTY09JAN2032400PE.NFO,07/01/2020,09:33:25,613.7,614.7,40,621.6,20,0,36080
BANKNIFTY09JAN2032400PE.NFO,07/01/2020,09:33:26,613.7,614.35,40,621.6,240,0,36080
BANKNIFTY09JAN2032400PE.NFO,07/01/2020,09:33:27,613.7,614.15,20,620.95,20,0,36080
BANKNIFTY09JAN2032400PE.NFO,07/01/2020,09:33:28,613.7,614.45,40,621,140,0,36080
BANKNIFTY09JAN2032400PE.NFO,07/01/2020,09:33:29,613.7,613.8,40,620.25,120,0,36080
BANKNIFTY09JAN2032400PE.NFO,07/01/2020,09:33:30,613.7,611.95,40,618.95,120,0,36080
BANKNIFTY09JAN2032400PE.NFO,07/01/2020,09:33:31,613.7,611.95,40,619.3,40,0,36080
BANKNIFTY09JAN2032400PE.NFO,07/01/2020,09:33:32,613.7,612,20,619.3,40,0,36080
BANKNIFTY09JAN2032400PE.NFO,07/01/2020,09:33:33,613.7,612.35,20,619.15,20,0,36080
BANKNIFTY09JAN2032400PE.NFO,07/01/2020,09:33:34,613.7,610.25,120,617.7,20,0,36080
BANKNIFTY09JAN2032400PE.NFO,07/01/2020,09:33:35,613.7,610.4,20,617.75,140,0,36080
BANKNIFTY09JAN2032400PE.NFO,07/01/2020,09:33:36,613.7,610.5,120,617.75,40,0,36080
BANKNIFTY09JAN2032400PE.NFO,07/01/2020,09:33:37,613.7,610.55,20,617.7,100,0,36080
BANKNIFTY09JAN2032400PE.NFO,07/01/2020,09:33:38,613.7,610.55,100,618.05,100,0,36080
BANKNIFTY09JAN2032400PE.NFO,07/01/2020,09:33:39,613.7,610.6,40,617.4,140,0,36080
BANKNIFTY09JAN2032400PE.NFO,07/01/2020,09:33:40,613.7,608.35,80,615.9,40,0,36080
BANKNIFTY09JAN2032400PE.NFO,07/01/2020,09:33:41,613.7,606.6,120,615.5,120,0,36080
BANKNIFTY09JAN2032400PE.NFO,07/01/2020,09:33:42,613.7,605.95,100,615.35,20,0,36080
BANKNIFTY09JAN2032400PE.NFO,07/01/2020,09:33:43,613.7,606.75,120,615.4,140,0,36080
BANKNIFTY09JAN2032400PE.NFO,07/01/2020,09:33:44,613.7,607,40,615.35,20,0,36080
BANKNIFTY09JAN2032400PE.NFO,07/01/2020,09:33:45,613.7,607.4,120,616.55,140,0,36080
BANKNIFTY09JAN2032400PE.NFO,07/01/2020,09:33:46,613.7,608,100,616.6,140,0,36080
BANKNIFTY09JAN2032400PE.NFO,07/01/2020,09:33:47,613.7,608.15,120,616.6,40,0,36080
BANKNIFTY09JAN2032400PE.NFO,07/01/2020,09:33:48,613.7,610,500,617.35,20,0,36080
BANKNIFTY09JAN2032400PE.NFO,07/01/2020,09:33:49,613.7,610.05,60,616.95,240,0,36080
BANKNIFTY09JAN2032400PE.NFO,07/01/2020,09:33:50,613.7,610,500,615.7,120,0,36080
BANKNIFTY09JAN2032400PE.NFO,07/01/2020,09:33:51,613.7,610,500,615.5,120,0,36080
BANKNIFTY09JAN2032400PE.NFO,07/01/2020,09:33:53,613.7,610,500,615.6,100,0,36080
BANKNIFTY09JAN2032400PE.NFO,07/01/2020,09:33:54,613.7,610,500,615,140,0,36080
BANKNIFTY09JAN2032400PE.NFO,07/01/2020,09:33:55,615,606,120,614.65,40,500,36080
BANKNIFTY09JAN2032400PE.NFO,07/01/2020,09:33:56,615,605.9,120,614.4,40,0,36080
BANKNIFTY09JAN2032400PE.NFO,07/01/2020,09:33:57,615,606.65,120,614.95,100,0,36080
BANKNIFTY09JAN2032400PE.NFO,07/01/2020,09:33:58,615,606.65,120,614.75,40,0,36080
BANKNIFTY09JAN2032400PE.NFO,07/01/2020,09:33:59,615,606.65,120,614.7,100,0,36080
BANKNIFTY09JAN2032400PE.NFO,07/01/2020,09:34:00,615,606.65,40,613.55,20,0,36080
BANKNIFTY09JAN2032400PE.NFO,07/01/2020,09:34:01,615,606.5,20,612.3,140,0,36080
BANKNIFTY09JAN2032400PE.NFO,07/01/2020,09:34:02,615,604.65,120,612.2,20,0,36080
BANKNIFTY09JAN2032400PE.NFO,07/01/2020,09:34:03,615,604.7,100,612.7,20,0,36080
BANKNIFTY09JAN2032400PE.NFO,07/01/2020,09:34:04,615,606.55,320,614.75,40,0,36080
BANKNIFTY09JAN2032400PE.NFO,07/01/2020,09:34:05,615,607.55,20,616.45,20,0,36080
BANKNIFTY09JAN2032400PE.NFO,07/01/2020,09:34:06,615,608.7,60,618.05,60,0,36080
BANKNIFTY09JAN2032400PE.NFO,07/01/2020,09:34:07,615,608.9,200,617.7,40,0,36080
BANKNIFTY09JAN2032400PE.NFO,07/01/2020,09:34:08,615,611.95,20,620.3,40,0,36080
BANKNIFTY09JAN2032400PE.NFO,07/01/2020,09:34:09,615,613.4,20,621.9,140,0,36080
BANKNIFTY09JAN2032400PE.NFO,07/01/2020,09:34:10,615,613.1,80,621.2,20,0,36080
BANKNIFTY09JAN2032400PE.NFO,07/01/2020,09:34:11,615,613.05,120,621.1,20,0,36080
BANKNIFTY09JAN2032400PE.NFO,07/01/2020,09:34:12,615,613.3,120,621,20,0,36080
BANKNIFTY09JAN2032400PE.NFO,07/01/2020,09:34:13,615,613.35,120,620.75,60,0,36080
BANKNIFTY09JAN2032400PE.NFO,07/01/2020,09:34:14,615,613.4,80,620.65,20,0,36080
BANKNIFTY09JAN2032400PE.NFO,07/01/2020,09:34:15,615,613.4,80,620.7,40,0,36080
BANKNIFTY09JAN2032400PE.NFO,07/01/2020,09:34:16,615,613.5,60,621.8,160,0,36080
BANKNIFTY09JAN2032400PE.NFO,07/01/2020,09:34:17,615,613.6,140,621.8,40,0,36080
BANKNIFTY09JAN2032400PE.NFO,07/01/2020,09:34:18,615,613.7,20,621.95,40,0,36080
BANKNIFTY09JAN2032400PE.NFO,07/01/2020,09:34:19,615,614.5,20,622,20,0,36080
BANKNIFTY09JAN2032400PE.NFO,07/01/2020,09:34:20,622,616.55,320,624.3,140,20,36080
BANKNIFTY09JAN2032400PE.NFO,07/01/2020,09:34:21,622,616.55,200,623.85,140,0,36080
BANKNIFTY09JAN2032400PE.NFO,07/01/2020,09:34:22,622,616.85,20,625.55,100,0,36080
BANKNIFTY09JAN2032400PE.NFO,07/01/2020,09:34:23,622,616.8,200,625.55,440,0,36080
BANKNIFTY09JAN2032400PE.NFO,07/01/2020,09:34:24,622,616.9,20,625.5,20,0,36080
BANKNIFTY09JAN2032400PE.NFO,07/01/2020,09:34:25,622,616.85,80,624.9,140,0,36080
BANKNIFTY09JAN2032400PE.NFO,07/01/2020,09:34:26,617.15,620,20,627.7,20,20,36080
BANKNIFTY09JAN2032400PE.NFO,07/01/2020,09:34:27,617.15,623.15,20,629.45,20,0,36080
BANKNIFTY09JAN2032400PE.NFO,07/01/2020,09:34:28,617.15,623.8,20,629.45,20,0,36080
BANKNIFTY09JAN2032400PE.NFO,07/01/2020,09:34:29,629.45,624.05,140,630,20,20,36080
BANKNIFTY09JAN2032400PE.NFO,07/01/2020,09:34:30,629.45,623.9,20,629.95,40,0,36080
BANKNIFTY09JAN2032400PE.NFO,07/01/2020,09:34:31,629.45,623.9,20,630,20,0,36080
BANKNIFTY09JAN2032400PE.NFO,07/01/2020,09:34:32,629.45,624,20,630,20,0,36080
BANKNIFTY09JAN2032400PE.NFO,07/01/2020,09:34:33,629.45,624.2,20,630,20,0,36080
BANKNIFTY09JAN2032400PE.NFO,07/01/2020,09:34:34,629.45,624.75,20,630,20,0,36080
BANKNIFTY09JAN2032400PE.NFO,07/01/2020,09:34:35,629.45,625.45,20,630,20,0,36080
BANKNIFTY09JAN2032400PE.NFO,07/01/2020,09:34:36,630,625.9,180,634.25,20,20,36080
BANKNIFTY09JAN2032400PE.NFO,07/01/2020,09:34:37,630,625.95,140,634,20,0,36080
BANKNIFTY09JAN2032400PE.NFO,07/01/2020,09:34:38,630,626.05,20,633.8,20,0,36080
BANKNIFTY09JAN2032400PE.NFO,07/01/2020,09:34:39,630,627.2,20,634.95,20,0,36080
BANKNIFTY09JAN2032400PE.NFO,07/01/2020,09:34:40,630,627.2,60,634.95,20,0,36080
BANKNIFTY09JAN2032400PE.NFO,07/01/2020,09:34:41,630,627.3,20,636,200,0,36080
BANKNIFTY09JAN2032400PE.NFO,07/01/2020,09:34:42,630,627.3,20,635,20,0,36080
BANKNIFTY09JAN2032400PE.NFO,07/01/2020,09:34:43,630,627.05,20,634.45,20,0,36080
BANKNIFTY09JAN2032400PE.NFO,07/01/2020,09:34:44,630,627.1,20,634.45,180,0,36080
BANKNIFTY09JAN2032400PE.NFO,07/01/2020,09:34:45,630,627.55,20,635.65,20,0,36080
BANKNIFTY09JAN2032400PE.NFO,07/01/2020,09:34:46,630,627.75,160,634.95,180,0,36080
BANKNIFTY09JAN2032400PE.NFO,07/01/2020,09:34:47,630,627.1,160,634.35,120,0,36080
BANKNIFTY09JAN2032400PE.NFO,07/01/2020,09:34:48,630,624.4,140,631.95,120,0,36080
BANKNIFTY09JAN2032400PE.NFO,07/01/2020,09:34:49,630,624.45,20,631.1,40,0,36080
BANKNIFTY09JAN2032400PE.NFO,07/01/2020,09:34:50,630,624.75,20,632.25,40,0,36080
BANKNIFTY09JAN2032400PE.NFO,07/01/2020,09:34:51,630,621.95,420,630.45,40,0,36080
BANKNIFTY09JAN2032400PE.NFO,07/01/2020,09:34:52,630,622.7,240,632.05,180,0,36080
BANKNIFTY09JAN2032400PE.NFO,07/01/2020,09:34:53,630,624.5,20,633.3,40,0,36080
BANKNIFTY09JAN2032400PE.NFO,07/01/2020,09:34:54,630,624.6,20,633.3,40,0,36080
BANKNIFTY09JAN2032400PE.NFO,07/01/2020,09:34:55,630,629.35,320,637.9,140,0,36080
BANKNIFTY09JAN2032400PE.NFO,07/01/2020,09:34:56,630,629.4,40,637.8,20,0,36080
BANKNIFTY09JAN2032400PE.NFO,07/01/2020,09:34:57,630,629.4,80,636.25,40,0,36080
BANKNIFTY09JAN2032400PE.NFO,07/01/2020,09:34:58,630,629.35,80,636.25,180,0,36080
BANKNIFTY09JAN2032400PE.NFO,07/01/2020,09:34:59,630,623.55,220,632.85,420,0,36080
BANKNIFTY09JAN2032400PE.NFO,07/01/2020,09:35:00,630,623.7,20,632.15,120,0,36080
BANKNIFTY09JAN2032400PE.NFO,07/01/2020,09:35:01,630,623.85,200,630.4,40,0,36080
BANKNIFTY09JAN2032400PE.NFO,07/01/2020,09:35:02,630,625.05,160,632.75,40,0,36080
BANKNIFTY09JAN2032400PE.NFO,07/01/2020,09:35:03,630,626.2,160,634.3,240,0,36080
BANKNIFTY09JAN2032400PE.NFO,07/01/2020,09:35:04,630,626.25,80,634.05,420,0,36080
BANKNIFTY09JAN2032400PE.NFO,07/01/2020,09:35:05,630,626.2,160,634,240,0,36080
BANKNIFTY09JAN2032400PE.NFO,07/01/2020,09:35:06,630,626.25,80,633.5,40,0,36080
BANKNIFTY09JAN2032400PE.NFO,07/01/2020,09:35:07,630,626.35,40,634.85,120,0,36080
BANKNIFTY09JAN2032400PE.NFO,07/01/2020,09:35:08,630,629,160,637.95,180,0,36080
BANKNIFTY09JAN2032400PE.NFO,07/01/2020,09:35:09,630,629,160,636.4,180,0,36080
BANKNIFTY09JAN2032400PE.NFO,07/01/2020,09:35:10,630,626.8,160,634.7,300,0,36080
BANKNIFTY09JAN2032400PE.NFO,07/01/2020,09:35:11,630,626.85,80,633.9,420,0,36080
BANKNIFTY09JAN2032400PE.NFO,07/01/2020,09:35:12,630,626.9,40,635.55,180,0,36080
BANKNIFTY09JAN2032400PE.NFO,07/01/2020,09:35:13,630,626.85,120,635.45,20,0,36080
BANKNIFTY09JAN2032400PE.NFO,07/01/2020,09:35:14,630,627.25,160,635.5,340,0,36080
BANKNIFTY09JAN2032400PE.NFO,07/01/2020,09:35:15,630,627.3,40,634.75,40,0,36080
BANKNIFTY09JAN2032400PE.NFO,07/01/2020,09:35:16,630,627.3,40,635.2,20,0,36080
BANKNIFTY09JAN2032400PE.NFO,07/01/2020,09:35:17,630,627.35,20,635.25,340,0,36080
BANKNIFTY09JAN2032400PE.NFO,07/01/2020,09:35:18,630,627.55,20,635.3,180,0,36080
BANKNIFTY09JAN2032400PE.NFO,07/01/2020,09:35:19,630,628.35,20,636,40,0,36080
BANKNIFTY09JAN2032400PE.NFO,07/01/2020,09:35:20,630,629.05,20,637.4,140,0,36080
BANKNIFTY09JAN2032400PE.NFO,07/01/2020,09:35:21,630,629.8,20,637.4,140,0,36080
BANKNIFTY09JAN2032400PE.NFO,07/01/2020,09:35:22,630,630.65,60,638.6,40,0,36080
BANKNIFTY09JAN2032400PE.NFO,07/01/2020,09:35:23,630,630.7,20,638.55,120,0,36080
BANKNIFTY09JAN2032400PE.NFO,07/01/2020,09:35:24,630,630.65,40,638.55,240,0,36080
BANKNIFTY09JAN2032400PE.NFO,07/01/2020,09:35:25,630,630.85,160,638.55,240,0,36080
BANKNIFTY09JAN2032400PE.NFO,07/01/2020,09:35:26,630,631.25,120,639.65,260,0,36080
BANKNIFTY09JAN2032400PE.NFO,07/01/2020,09:35:27,630,631.3,80,639.4,120,0,36080
BANKNIFTY09JAN2032400PE.NFO,07/01/2020,09:35:28,630,632.45,20,639.8,100,0,36080
BANKNIFTY09JAN2032400PE.NFO,07/01/2020,09:35:29,630,631.35,60,639.3,240,0,36080
BANKNIFTY09JAN2032400PE.NFO,07/01/2020,09:35:30,630,632.05,20,639.85,180,0,36080
BANKNIFTY09JAN2032400PE.NFO,07/01/2020,09:35:31,630,632.05,40,639.85,40,0,36080
BANKNIFTY09JAN2032400PE.NFO,07/01/2020,09:35:32,630,632.45,160,639.8,140,0,36080
BANKNIFTY09JAN2032400PE.NFO,07/01/2020,09:35:33,630,632.75,20,639.75,40,0,36080
BANKNIFTY09JAN2032400PE.NFO,07/01/2020,09:35:34,630,630.7,200,639.5,120,0,36080
BANKNIFTY09JAN2032400PE.NFO,07/01/2020,09:35:35,630,631.1,20,639.75,40,0,36080
BANKNIFTY09JAN2032400PE.NFO,07/01/2020,09:35:36,630,632.7,160,639.8,140,0,36080
BANKNIFTY09JAN2032400PE.NFO,07/01/2020,09:35:37,630,633,20,641.1,140,0,36080
BANKNIFTY09JAN2032400PE.NFO,07/01/2020,09:35:38,630,633.5,20,642.4,120,0,36080
BANKNIFTY09JAN2032400PE.NFO,07/01/2020,09:35:39,630,634.7,20,642.7,140,0,36080
BANKNIFTY09JAN2032400PE.NFO,07/01/2020,09:35:40,630,636.7,20,645.35,140,0,36080
BANKNIFTY09JAN2032400PE.NFO,07/01/2020,09:35:41,630,640.7,20,648.75,140,0,36080
BANKNIFTY09JAN2032400PE.NFO,07/01/2020,09:35:42,630,640.75,160,648.7,260,0,36080
BANKNIFTY09JAN2032400PE.NFO,07/01/2020,09:35:43,630,640.35,20,650,20,0,36080
BANKNIFTY09JAN2032400PE.NFO,07/01/2020,09:35:44,630,644.5,20,650,20,0,36080
BANKNIFTY09JAN2032400PE.NFO,07/01/2020,09:35:45,630,644.45,200,650,20,0,36080
BANKNIFTY09JAN2032400PE.NFO,07/01/2020,09:35:46,630,644.5,100,650,20,0,36080
BANKNIFTY09JAN2032400PE.NFO,07/01/2020,09:35:47,630,644.45,160,650,20,0,36080
BANKNIFTY09JAN2032400PE.NFO,07/01/2020,09:35:48,630,641.75,120,648.55,120,0,36080
BANKNIFTY09JAN2032400PE.NFO,07/01/2020,09:35:49,630,640.35,40,646.65,120,0,36080
BANKNIFTY09JAN2032400PE.NFO,07/01/2020,09:35:50,630,636,220,644.35,20,0,36080
BANKNIFTY09JAN2032400PE.NFO,07/01/2020,09:35:51,630,636.15,20,643.9,240,0,36080
BANKNIFTY09JAN2032400PE.NFO,07/01/2020,09:35:52,630,636.2,20,643.85,180,0,36080
BANKNIFTY09JAN2032400PE.NFO,07/01/2020,09:35:53,643,636.25,40,642.15,40,40,36060
BANKNIFTY09JAN2032400PE.NFO,07/01/2020,09:35:54,643,636.3,80,642.6,20,0,36060
BANKNIFTY09JAN2032400PE.NFO,07/01/2020,09:35:55,643,636.3,200,643.35,140,0,36060
BANKNIFTY09JAN2032400PE.NFO,07/01/2020,09:35:56,643,636.3,160,643.25,120,0,36060
BANKNIFTY09JAN2032400PE.NFO,07/01/2020,09:35:57,643,634.2,200,643.2,20,0,36060
BANKNIFTY09JAN2032400PE.NFO,07/01/2020,09:35:58,643,634.25,40,642.75,40,0,36060
BANKNIFTY09JAN2032400PE.NFO,07/01/2020,09:35:59,643,634.25,140,642.8,120,0,36060
BANKNIFTY09JAN2032400PE.NFO,07/01/2020,09:36:00,643,634.25,140,642.95,20,0,36060
BANKNIFTY09JAN2032400PE.NFO,07/01/2020,09:36:01,643,634.45,160,648.4,20,0,36060
BANKNIFTY09JAN2032400PE.NFO,07/01/2020,09:36:02,643,634.5,60,648.4,20,0,36060
BANKNIFTY09JAN2032400PE.NFO,07/01/2020,09:36:03,643,634.55,240,648.4,20,0,36060
BANKNIFTY09JAN2032400PE.NFO,07/01/2020,09:36:04,643,635.4,440,648.4,20,0,36060
BANKNIFTY09JAN2032400PE.NFO,07/01/2020,09:36:05,643,635.45,20,648.4,20,0,36060
BANKNIFTY09JAN2032400PE.NFO,07/01/2020,09:36:06,643,635.6,100,648.45,40,0,36060
BANKNIFTY09JAN2032400PE.NFO,07/01/2020,09:36:07,643,635.9,20,648.4,20,0,36060
BANKNIFTY09JAN2032400PE.NFO,07/01/2020,09:36:08,643,636.3,20,648.4,20,0,36060
BANKNIFTY09JAN2032400PE.NFO,07/01/2020,09:36:09,643,632.2,300,646.85,20,0,36060
BANKNIFTY09JAN2032400PE.NFO,07/01/2020,09:36:10,643,632.2,160,645.75,20,0,36060
BANKNIFTY09JAN2032400PE.NFO,07/01/2020,09:36:11,643,632.3,20,641.05,20,0,36060
BANKNIFTY09JAN2032400PE.NFO,07/01/2020,09:36:12,643,632.35,20,638.1,20,0,36060
BANKNIFTY09JAN2032400PE.NFO,07/01/2020,09:36:13,643,628.45,160,637.1,20,0,36060
BANKNIFTY09JAN2032400PE.NFO,07/01/2020,09:36:14,643,626.4,160,635.3,20,0,36060
BANKNIFTY09JAN2032400PE.NFO,07/01/2020,09:36:15,643,628.35,200,637.6,20,0,36060
BANKNIFTY09JAN2032400PE.NFO,07/01/2020,09:36:16,643,632.35,120,642,420,0,36060
BANKNIFTY09JAN2032400PE.NFO,07/01/2020,09:36:17,643,630.95,160,639.7,20,0,36060
BANKNIFTY09JAN2032400PE.NFO,07/01/2020,09:36:18,643,632.9,120,640.25,140,0,36060
BANKNIFTY09JAN2032400PE.NFO,07/01/2020,09:36:19,643,632.85,220,641.9,420,0,36060
BANKNIFTY09JAN2032400PE.NFO,07/01/2020,09:36:20,643,632.8,40,640.7,20,0,36060
BANKNIFTY09JAN2032400PE.NFO,07/01/2020,09:36:21,643,634.1,120,643.8,420,0,36060
BANKNIFTY09JAN2032400PE.NFO,07/01/2020,09:36:22,643,635.75,200,643.75,120,0,36060
BANKNIFTY09JAN2032400PE.NFO,07/01/2020,09:36:23,643,636.85,100,645.2,180,0,36060
BANKNIFTY09JAN2032400PE.NFO,07/01/2020,09:36:24,643,640,40,645.15,120,0,36060
BANKNIFTY09JAN2032400PE.NFO,07/01/2020,09:36:25,640,635.35,120,641.65,20,40,36060
BANKNIFTY09JAN2032400PE.NFO,07/01/2020,09:36:26,640,635.35,40,642.2,20,0,36060
BANKNIFTY09JAN2032400PE.NFO,07/01/2020,09:36:27,640,635.4,120,642.75,140,0,36060
BANKNIFTY09JAN2032400PE.NFO,07/01/2020,09:36:30,640,635.35,40,642.7,280,0,36060
BANKNIFTY09JAN2032400PE.NFO,07/01/2020,09:36:31,640,635.35,40,642.4,120,0,36060
BANKNIFTY09JAN2032400PE.NFO,07/01/2020,09:36:32,640,632.8,140,641.75,180,0,36060
BANKNIFTY09JAN2032400PE.NFO,07/01/2020,09:36:33,640,632.8,40,641.7,120,0,36060
BANKNIFTY09JAN2032400PE.NFO,07/01/2020,09:36:34,640,633.55,200,641.75,140,0,36060
BANKNIFTY09JAN2032400PE.NFO,07/01/2020,09:36:35,640,633.55,160,640.7,20,0,36060
BANKNIFTY09JAN2032400PE.NFO,07/01/2020,09:36:36,640,633.6,80,640.7,20,0,36060
BANKNIFTY09JAN2032400PE.NFO,07/01/2020,09:36:37,640,633.65,40,640.75,180,0,36060
BANKNIFTY09JAN2032400PE.NFO,07/01/2020,09:36:38,640,633.65,60,640.75,140,0,36060
BANKNIFTY09JAN2032400PE.NFO,07/01/2020,09:36:39,640,633.7,120,640.7,160,0,36060
BANKNIFTY09JAN2032400PE.NFO,07/01/2020,09:36:40,640,633.65,20,640.25,20,0,36060
BANKNIFTY09JAN2032400PE.NFO,07/01/2020,09:36:41,640,633.7,160,641.3,20,0,36060
BANKNIFTY09JAN2032400PE.NFO,07/01/2020,09:36:42,640,633.7,160,641.8,180,0,36060
BANKNIFTY09JAN2032400PE.NFO,07/01/2020,09:36:43,640,633.7,160,641.7,20,0,36060
BANKNIFTY09JAN2032400PE.NFO,07/01/2020,09:36:44,640,630.95,160,639.85,20,0,36060
BANKNIFTY09JAN2032400PE.NFO,07/01/2020,09:36:45,640,631.55,120,640.3,140,0,36060
BANKNIFTY09JAN2032400PE.NFO,07/01/2020,09:36:46,640,632.05,120,640.75,20,0,36060
BANKNIFTY09JAN2032400PE.NFO,07/01/2020,09:36:47,640,632.05,100,640.7,20,0,36060
BANKNIFTY09JAN2032400PE.NFO,07/01/2020,09:36:48,640,632.4,200,640.8,140,0,36060
BANKNIFTY09JAN2032400PE.NFO,07/01/2020,09:36:49,640,632.4,120,639.6,120,0,36060
BANKNIFTY09JAN2032400PE.NFO,07/01/2020,09:36:50,640,632.4,40,638.95,20,0,36060
BANKNIFTY09JAN2032400PE.NFO,07/01/2020,09:36:51,640,632.4,40,638.9,20,0,36060
BANKNIFTY09JAN2032400PE.NFO,07/01/2020,09:36:52,640,630.95,120,638.8,20,0,36060
BANKNIFTY09JAN2032400PE.NFO,07/01/2020,09:36:53,640,629.2,160,638,120,0,36060
BANKNIFTY09JAN2032400PE.NFO,07/01/2020,09:36:54,640,629.8,200,637.95,180,0,36060
BANKNIFTY09JAN2032400PE.NFO,07/01/2020,09:36:55,640,630.3,40,638.3,20,0,36060
BANKNIFTY09JAN2032400PE.NFO,07/01/2020,09:36:58,640,630.35,80,638.35,20,0,36060
BANKNIFTY09JAN2032400PE.NFO,07/01/2020,09:36:59,640,631.1,200,639.9,260,0,36060
BANKNIFTY09JAN2032400PE.NFO,07/01/2020,09:37:00,640,631.1,200,639.85,220,0,36060
BANKNIFTY09JAN2032400PE.NFO,07/01/2020,09:37:01,640,631.15,80,639.45,40,0,36060
BANKNIFTY09JAN2032400PE.NFO,07/01/2020,09:37:02,640,629.9,240,639.35,40,0,36060
BANKNIFTY09JAN2032400PE.NFO,07/01/2020,09:37:03,640,629.95,200,639.35,20,0,36060
BANKNIFTY09JAN2032400PE.NFO,07/01/2020,09:37:04,640,629.95,160,638.35,20,0,36060
BANKNIFTY09JAN2032400PE.NFO,07/01/2020,09:37:05,640,629.95,280,638.35,140,0,36060
BANKNIFTY09JAN2032400PE.NFO,07/01/2020,09:37:06,640,629.95,160,638.3,20,0,36060
BANKNIFTY09JAN2032400PE.NFO,07/01/2020,09:37:07,640,629.95,120,638.3,20,0,36060
BANKNIFTY09JAN2032400PE.NFO,07/01/2020,09:37:08,640,630,40,638.35,380,0,36060
BANKNIFTY09JAN2032400PE.NFO,07/01/2020,09:37:09,640,630.3,200,638.4,140,0,36060
BANKNIFTY09JAN2032400PE.NFO,07/01/2020,09:37:10,640,630.3,120,638.35,400,0,36060
BANKNIFTY09JAN2032400PE.NFO,07/01/2020,09:37:11,640,630.35,40,638.25,20,0,36060
BANKNIFTY09JAN2032400PE.NFO,07/01/2020,09:37:12,640,630.4,160,638.35,40,0,36060
BANKNIFTY09JAN2032400PE.NFO,07/01/2020,09:37:13,640,630.4,160,638.4,140,0,36060
BANKNIFTY09JAN2032400PE.NFO,07/01/2020,09:37:14,640,631.05,120,639.4,280,0,36060
BANKNIFTY09JAN2032400PE.NFO,07/01/2020,09:37:15,640,632.95,120,640,100,0,36060
BANKNIFTY09JAN2032400PE.NFO,07/01/2020,09:37:16,640,633,160,639.95,180,0,36060
BANKNIFTY09JAN2032400PE.NFO,07/01/2020,09:37:17,640,631.55,40,639.65,420,0,36060
BANKNIFTY09JAN2032400PE.NFO,07/01/2020,09:37:18,640,631.5,40,639.5,40,0,36060
BANKNIFTY09JAN2032400PE.NFO,07/01/2020,09:37:19,640,631.55,80,639.65,420,0,36060
BANKNIFTY09JAN2032400PE.NFO,07/01/2020,09:37:20,640,631.6,80,639.65,180,0,36060
BANKNIFTY09JAN2032400PE.NFO,07/01/2020,09:37:21,640,631.6,80,639.65,140,0,36060
BANKNIFTY09JAN2032400PE.NFO,07/01/2020,09:37:22,640,631.65,20,639.65,140,0,36060
BANKNIFTY09JAN2032400PE.NFO,07/01/2020,09:37:23,640,631.9,120,639.9,20,0,36060
BANKNIFTY09JAN2032400PE.NFO,07/01/2020,09:37:24,640,632.05,200,640,100,0,36060
BANKNIFTY09JAN2032400PE.NFO,07/01/2020,09:37:25,640,632.35,200,640,100,0,36060
BANKNIFTY09JAN2032400PE.NFO,07/01/2020,09:37:26,640,632.75,120,640,100,0,36060
BANKNIFTY09JAN2032400PE.NFO,07/01/2020,09:37:27,640,633.45,120,640,100,0,36060
BANKNIFTY09JAN2032400PE.NFO,07/01/2020,09:37:28,640,634.15,120,640,100,0,36060
BANKNIFTY09JAN2032400PE.NFO,07/01/2020,09:37:29,640,634,200,640,100,0,36060
BANKNIFTY09JAN2032400PE.NFO,07/01/2020,09:37:30,640,634.5,200,640,100,0,36060
BANKNIFTY09JAN2032400PE.NFO,07/01/2020,09:37:31,640,634.5,160,640,100,0,36060
BANKNIFTY09JAN2032400PE.NFO,07/01/2020,09:37:34,640,634.6,120,640,100,0,36060
BANKNIFTY09JAN2032400PE.NFO,07/01/2020,09:37:35,640,634.9,200,640,100,0,36060
BANKNIFTY09JAN2032400PE.NFO,07/01/2020,09:37:38,640,634.9,220,640,100,0,36060
BANKNIFTY09JAN2032400PE.NFO,07/01/2020,09:37:39,640,635.15,160,640,100,0,36060
BANKNIFTY09JAN2032400PE.NFO,07/01/2020,09:37:40,640,635.2,20,640,100,0,36060
