Ticker,Date,Time,LTP,BuyPrice,BuyQty,SellPrice,SellQty,LTQ,OpenInterest
BANKNIFTY30JAN2030100PE.NFO,07/01/2020,11:34:29,144.1,141.25,100,144.35,100,80,40
BANKNIFTY30JAN2030100PE.NFO,07/01/2020,11:34:29,144.1,141.25,100,144.35,100,0,40
BANKNIFTY30JAN2030100PE.NFO,07/01/2020,11:34:29,144.1,141.25,100,144.35,100,0,40
BANKNIFTY30JAN2030100PE.NFO,07/01/2020,11:34:29,144.1,141.25,100,144.35,100,0,40
BANKNIFTY30JAN2030100PE.NFO,07/01/2020,11:34:30,144.1,75.05,40,0,0,0,40
BANKNIFTY30JAN2030100PE.NFO,07/01/2020,11:34:32,144.1,75,2000,0,0,0,40
BANKNIFTY30JAN2030100PE.NFO,07/01/2020,11:34:33,144.1,140.4,100,143.55,100,0,40
BANKNIFTY30JAN2030100PE.NFO,07/01/2020,11:34:34,144.1,75.05,40,0,0,0,40
BANKNIFTY30JAN2030100PE.NFO,07/01/2020,11:34:36,143.35,75.05,40,0,0,80,40
BANKNIFTY30JAN2030100PE.NFO,07/01/2020,11:34:36,143.35,75.05,40,0,0,0,40
BANKNIFTY30JAN2030100PE.NFO,07/01/2020,11:34:37,143.35,140.3,100,143.6,100,0,40
BANKNIFTY30JAN2030100PE.NFO,07/01/2020,11:34:38,143.35,140.4,100,143.75,100,0,40
BANKNIFTY30JAN2030100PE.NFO,07/01/2020,11:34:39,143.35,75,2000,0,0,0,40
BANKNIFTY30JAN2030100PE.NFO,07/01/2020,11:34:41,143.35,75.05,40,0,0,0,40
BANKNIFTY30JAN2030100PE.NFO,07/01/2020,11:34:42,143.35,142.2,100,145.5,100,0,40
BANKNIFTY30JAN2030100PE.NFO,07/01/2020,11:34:43,143.35,75,2000,0,0,0,40
BANKNIFTY30JAN2030100PE.NFO,07/01/2020,11:34:45,143.35,75.05,40,0,0,0,40
BANKNIFTY30JAN2030100PE.NFO,07/01/2020,11:34:46,143.35,142.05,100,145.15,100,0,40
BANKNIFTY30JAN2030100PE.NFO,07/01/2020,11:34:47,143.35,75.05,40,0,0,0,40
BANKNIFTY30JAN2030100PE.NFO,07/01/2020,11:34:48,143.35,75,2000,0,0,0,40
BANKNIFTY30JAN2030100PE.NFO,07/01/2020,11:34:49,143.35,75.05,40,0,0,0,40
BANKNIFTY30JAN2030100PE.NFO,07/01/2020,11:34:50,143.35,142.4,100,145.7,100,0,40
BANKNIFTY30JAN2030100PE.NFO,07/01/2020,11:34:51,143.35,142.4,100,145.65,100,0,40
BANKNIFTY30JAN2030100PE.NFO,07/01/2020,11:34:52,143.35,142.45,100,145.65,100,0,40
BANKNIFTY30JAN2030100PE.NFO,07/01/2020,11:34:53,143.35,75,2000,0,0,0,40
BANKNIFTY30JAN2030100PE.NFO,07/01/2020,11:34:54,143.35,142.1,100,145.4,100,0,40
BANKNIFTY30JAN2030100PE.NFO,07/01/2020,11:34:55,143.35,141.85,100,145.2,100,0,40
BANKNIFTY30JAN2030100PE.NFO,07/01/2020,11:34:56,143.35,75.05,40,0,0,0,40
BANKNIFTY30JAN2030100PE.NFO,07/01/2020,11:34:57,143.35,75,2000,0,0,0,40
BANKNIFTY30JAN2030100PE.NFO,07/01/2020,11:34:58,143.75,140.55,100,143.75,100,40,40
BANKNIFTY30JAN2030100PE.NFO,07/01/2020,11:34:59,143.75,75.05,40,0,0,0,40
BANKNIFTY30JAN2030100PE.NFO,07/01/2020,11:35:00,143.75,75,2000,0,0,0,40
BANKNIFTY30JAN2030100PE.NFO,07/01/2020,11:35:06,143.75,75.05,40,0,0,0,40
BANKNIFTY30JAN2030100PE.NFO,07/01/2020,11:35:07,143.75,139.9,100,143.15,100,0,40
BANKNIFTY30JAN2030100PE.NFO,07/01/2020,11:35:08,143.75,75,2000,0,0,0,40
BANKNIFTY30JAN2030100PE.NFO,07/01/2020,11:35:09,143.75,139.9,100,143.25,100,0,40
BANKNIFTY30JAN2030100PE.NFO,07/01/2020,11:35:10,143.75,140.2,100,143.65,100,0,40
BANKNIFTY30JAN2030100PE.NFO,07/01/2020,11:35:11,143.75,75.05,40,0,0,0,40
BANKNIFTY30JAN2030100PE.NFO,07/01/2020,11:35:12,143.75,75,2000,0,0,0,40
BANKNIFTY30JAN2030100PE.NFO,07/01/2020,11:35:13,143.75,141.15,100,144.4,100,0,40
BANKNIFTY30JAN2030100PE.NFO,07/01/2020,11:35:14,143.75,141.2,100,144.55,100,0,40
BANKNIFTY30JAN2030100PE.NFO,07/01/2020,11:35:15,143.75,140.7,100,144.05,100,0,40
BANKNIFTY30JAN2030100PE.NFO,07/01/2020,11:35:16,143.75,75.05,40,0,0,0,40
BANKNIFTY30JAN2030100PE.NFO,07/01/2020,11:35:17,143.75,140.2,100,143.6,100,0,40
BANKNIFTY30JAN2030100PE.NFO,07/01/2020,11:35:18,143.75,75,2000,0,0,0,40
BANKNIFTY30JAN2030100PE.NFO,07/01/2020,11:35:20,143.75,75.05,40,0,0,0,40
BANKNIFTY30JAN2030100PE.NFO,07/01/2020,11:35:21,143.75,138,100,141.05,100,0,40
BANKNIFTY30JAN2030100PE.NFO,07/01/2020,11:35:22,143.75,75,2000,0,0,0,40
BANKNIFTY30JAN2030100PE.NFO,07/01/2020,11:35:23,143.75,137.7,100,140.95,100,0,40
BANKNIFTY30JAN2030100PE.NFO,07/01/2020,11:35:24,143.75,137.3,100,140.4,100,0,40
BANKNIFTY30JAN2030100PE.NFO,07/01/2020,11:35:25,143.75,75.05,40,0,0,0,40
BANKNIFTY30JAN2030100PE.NFO,07/01/2020,11:35:27,143.75,75,2000,0,0,0,40
BANKNIFTY30JAN2030100PE.NFO,07/01/2020,11:35:28,143.75,137.3,100,140.45,100,0,40
BANKNIFTY30JAN2030100PE.NFO,07/01/2020,11:35:29,143.75,75,2000,0,0,0,40
BANKNIFTY30JAN2030100PE.NFO,07/01/2020,11:35:30,143.75,75.05,40,0,0,0,40
BANKNIFTY30JAN2030100PE.NFO,07/01/2020,11:35:31,143.75,137,100,140.05,100,0,40
BANKNIFTY30JAN2030100PE.NFO,07/01/2020,11:35:32,143.75,137.1,100,140.15,100,0,40
BANKNIFTY30JAN2030100PE.NFO,07/01/2020,11:35:33,143.75,75.05,40,0,0,0,40
BANKNIFTY30JAN2030100PE.NFO,07/01/2020,11:35:34,143.75,136.05,100,139.3,100,0,40
BANKNIFTY30JAN2030100PE.NFO,07/01/2020,11:35:35,143.75,75,2000,0,0,0,40
BANKNIFTY30JAN2030100PE.NFO,07/01/2020,11:35:36,143.75,75.05,40,0,0,0,40
BANKNIFTY30JAN2030100PE.NFO,07/01/2020,11:36:02,143.75,75.05,40,200.5,2420,0,40
BANKNIFTY30JAN2030100PE.NFO,07/01/2020,11:36:05,143.75,138.3,100,141.65,100,0,40
BANKNIFTY30JAN2030100PE.NFO,07/01/2020,11:36:07,143.75,75,2000,200.45,40,0,40
BANKNIFTY30JAN2030100PE.NFO,07/01/2020,11:36:08,143.75,75,2000,200.5,2420,0,40
BANKNIFTY30JAN2030100PE.NFO,07/01/2020,11:36:09,143.75,138.05,100,141.25,100,0,40
BANKNIFTY30JAN2030100PE.NFO,07/01/2020,11:36:10,143.75,75,2000,200.35,40,0,40
BANKNIFTY30JAN2030100PE.NFO,07/01/2020,11:36:12,143.75,138.1,100,141.3,100,0,40
BANKNIFTY30JAN2030100PE.NFO,07/01/2020,11:36:13,143.75,138.15,100,141.45,100,0,40
BANKNIFTY30JAN2030100PE.NFO,07/01/2020,11:36:14,143.75,138.5,100,141.6,100,0,40
BANKNIFTY30JAN2030100PE.NFO,07/01/2020,11:36:15,143.75,138.65,100,141.75,100,0,40
BANKNIFTY30JAN2030100PE.NFO,07/01/2020,11:36:16,143.75,75,2000,200.3,2420,0,40
BANKNIFTY30JAN2030100PE.NFO,07/01/2020,11:36:17,143.75,139.45,100,142.5,100,0,40
BANKNIFTY30JAN2030100PE.NFO,07/01/2020,11:36:18,143.75,139.4,100,142.45,100,0,40
BANKNIFTY30JAN2030100PE.NFO,07/01/2020,11:36:19,143.75,139.85,100,142.95,100,0,40
BANKNIFTY30JAN2030100PE.NFO,07/01/2020,11:36:20,143.75,75,2000,196.7,40,0,40
BANKNIFTY30JAN2030100PE.NFO,07/01/2020,11:36:21,143.75,75,2000,196.6,40,0,40
BANKNIFTY30JAN2030100PE.NFO,07/01/2020,11:36:22,143.75,139.2,100,142.45,100,0,40
BANKNIFTY30JAN2030100PE.NFO,07/01/2020,11:36:23,143.75,75,2000,196.6,40,0,40
BANKNIFTY30JAN2030100PE.NFO,07/01/2020,11:36:24,143.75,139.05,100,142.35,100,0,40
BANKNIFTY30JAN2030100PE.NFO,07/01/2020,11:36:25,143.75,139.25,100,142.6,100,0,40
BANKNIFTY30JAN2030100PE.NFO,07/01/2020,11:36:26,143.75,139.4,100,142.55,100,0,40
BANKNIFTY30JAN2030100PE.NFO,07/01/2020,11:36:27,143.75,139.55,100,142.7,100,0,40
BANKNIFTY30JAN2030100PE.NFO,07/01/2020,11:36:28,143.75,139.65,100,142.9,100,0,40
BANKNIFTY30JAN2030100PE.NFO,07/01/2020,11:36:29,143.75,75,2000,196.55,2420,0,40
BANKNIFTY30JAN2030100PE.NFO,07/01/2020,11:36:31,143.75,139.6,100,142.8,100,0,40
BANKNIFTY30JAN2030100PE.NFO,07/01/2020,11:36:32,143.75,139.2,100,142.65,100,0,40
BANKNIFTY30JAN2030100PE.NFO,07/01/2020,11:36:33,143.75,139,100,142.35,100,0,40
BANKNIFTY30JAN2030100PE.NFO,07/01/2020,11:36:34,143.75,139,100,142.3,100,0,40
BANKNIFTY30JAN2030100PE.NFO,07/01/2020,11:36:35,143.75,139.5,100,142.55,100,0,40
BANKNIFTY30JAN2030100PE.NFO,07/01/2020,11:36:36,143.75,75,2000,196.5,40,0,40
BANKNIFTY30JAN2030100PE.NFO,07/01/2020,11:36:37,143.75,139.9,100,143.1,100,0,40
BANKNIFTY30JAN2030100PE.NFO,07/01/2020,11:36:38,143.75,140.1,100,143.2,100,0,40
BANKNIFTY30JAN2030100PE.NFO,07/01/2020,11:36:39,143.75,139.85,100,143.05,100,0,40
BANKNIFTY30JAN2030100PE.NFO,07/01/2020,11:36:40,143.75,75,2000,194.9,2420,0,40
BANKNIFTY30JAN2030100PE.NFO,07/01/2020,11:36:41,143.75,140.6,100,143.65,100,0,40
BANKNIFTY30JAN2030100PE.NFO,07/01/2020,11:36:42,143.75,140.45,100,143.65,100,0,40
BANKNIFTY30JAN2030100PE.NFO,07/01/2020,11:36:43,143.75,140.85,100,143.9,100,0,40
BANKNIFTY30JAN2030100PE.NFO,07/01/2020,11:36:44,143.75,75,2000,194.85,40,0,40
BANKNIFTY30JAN2030100PE.NFO,07/01/2020,11:36:46,143.75,75,2000,194.8,2420,0,40
BANKNIFTY30JAN2030100PE.NFO,07/01/2020,11:36:47,143.75,141.35,100,144.6,100,0,40
BANKNIFTY30JAN2030100PE.NFO,07/01/2020,11:36:48,143.75,75,2000,194.75,40,0,40
BANKNIFTY30JAN2030100PE.NFO,07/01/2020,11:36:49,143.75,75,2000,194.7,2420,0,40
BANKNIFTY30JAN2030100PE.NFO,07/01/2020,11:36:50,143.75,141.65,100,145.05,100,0,40
BANKNIFTY30JAN2030100PE.NFO,07/01/2020,11:36:51,143.75,75,2000,194.7,2420,0,40
BANKNIFTY30JAN2030100PE.NFO,07/01/2020,11:36:52,143.75,75,2000,144.75,100,0,40
BANKNIFTY30JAN2030100PE.NFO,07/01/2020,11:36:53,143.75,141.8,100,145,100,0,40
BANKNIFTY30JAN2030100PE.NFO,07/01/2020,11:36:54,143.75,75,2000,194.7,2420,0,40
BANKNIFTY30JAN2030100PE.NFO,07/01/2020,11:36:55,143.75,141.45,100,144.6,100,0,40
BANKNIFTY30JAN2030100PE.NFO,07/01/2020,11:36:56,143.75,142.35,100,145.65,100,0,40
BANKNIFTY30JAN2030100PE.NFO,07/01/2020,11:36:57,143.75,142.05,100,145.45,100,0,40
BANKNIFTY30JAN2030100PE.NFO,07/01/2020,11:36:58,143.75,75,2000,194.5,40,0,40
BANKNIFTY30JAN2030100PE.NFO,07/01/2020,11:36:59,143.75,141.9,100,145.3,100,0,40
BANKNIFTY30JAN2030100PE.NFO,07/01/2020,11:37:00,143.75,75,2000,187.15,40,0,40
BANKNIFTY30JAN2030100PE.NFO,07/01/2020,11:37:01,143.75,75,2000,187.2,2420,0,40
BANKNIFTY30JAN2030100PE.NFO,07/01/2020,11:37:02,143.75,141.15,100,144.45,100,0,40
BANKNIFTY30JAN2030100PE.NFO,07/01/2020,11:37:03,143.75,75,2000,187.2,2420,0,40
BANKNIFTY30JAN2030100PE.NFO,07/01/2020,11:37:04,143.75,140.9,100,144.1,100,0,40
BANKNIFTY30JAN2030100PE.NFO,07/01/2020,11:37:05,143.75,140.95,100,144.1,100,0,40
BANKNIFTY30JAN2030100PE.NFO,07/01/2020,11:37:06,143.75,75,2000,185.8,2420,0,40
BANKNIFTY30JAN2030100PE.NFO,07/01/2020,11:37:07,143.75,141.55,100,144.75,100,0,40
BANKNIFTY30JAN2030100PE.NFO,07/01/2020,11:37:08,143.75,142.05,100,145.35,100,0,40
BANKNIFTY30JAN2030100PE.NFO,07/01/2020,11:37:09,143.75,75,2000,185.8,2420,0,40
BANKNIFTY30JAN2030100PE.NFO,07/01/2020,11:37:10,143.75,75,2000,184.05,40,0,40
BANKNIFTY30JAN2030100PE.NFO,07/01/2020,11:37:11,143.75,141.4,100,144.55,100,0,40
BANKNIFTY30JAN2030100PE.NFO,07/01/2020,11:37:12,143.75,141.2,100,144.35,100,0,40
BANKNIFTY30JAN2030100PE.NFO,07/01/2020,11:37:13,143.75,141.6,100,144.85,100,0,40
BANKNIFTY30JAN2030100PE.NFO,07/01/2020,11:37:14,143.75,75,2000,184,2420,0,40
BANKNIFTY30JAN2030100PE.NFO,07/01/2020,11:37:15,143.75,142.55,100,145.75,100,0,40
BANKNIFTY30JAN2030100PE.NFO,07/01/2020,11:37:16,143.75,75.05,40,236.95,2420,0,40
BANKNIFTY30JAN2030100PE.NFO,07/01/2020,11:37:17,143.75,75,2000,236.9,40,0,40
BANKNIFTY30JAN2030100PE.NFO,07/01/2020,11:37:19,143.75,142.15,100,145.35,100,0,40
BANKNIFTY30JAN2030100PE.NFO,07/01/2020,11:37:20,143.75,141.7,100,144.9,100,0,40
BANKNIFTY30JAN2030100PE.NFO,07/01/2020,11:37:21,143.75,141.85,100,145.1,100,0,40
BANKNIFTY30JAN2030100PE.NFO,07/01/2020,11:37:22,143.75,141.75,100,145.1,100,0,40
BANKNIFTY30JAN2030100PE.NFO,07/01/2020,11:37:23,143.75,141.85,100,156.35,100,0,40
BANKNIFTY30JAN2030100PE.NFO,07/01/2020,11:37:24,143.75,141.85,100,156.3,100,0,40
BANKNIFTY30JAN2030100PE.NFO,07/01/2020,11:37:25,143.75,141.85,100,144.85,100,0,40
BANKNIFTY30JAN2030100PE.NFO,07/01/2020,11:37:26,143.75,141.85,100,156,100,0,40
BANKNIFTY30JAN2030100PE.NFO,07/01/2020,11:37:27,143.75,141.85,100,155.7,100,0,40
BANKNIFTY30JAN2030100PE.NFO,07/01/2020,11:37:28,143.75,141.85,100,155.35,100,0,40
BANKNIFTY30JAN2030100PE.NFO,07/01/2020,11:37:29,143.75,142.2,100,145.4,100,0,40
BANKNIFTY30JAN2030100PE.NFO,07/01/2020,11:37:30,143.75,142.3,100,145.5,100,0,40
BANKNIFTY30JAN2030100PE.NFO,07/01/2020,11:37:31,143.75,141.85,100,154.85,100,0,40
BANKNIFTY30JAN2030100PE.NFO,07/01/2020,11:37:32,143.75,142.45,100,145.75,100,0,40
BANKNIFTY30JAN2030100PE.NFO,07/01/2020,11:37:33,143.75,141.85,100,154.85,100,0,40
BANKNIFTY30JAN2030100PE.NFO,07/01/2020,11:37:34,143.75,142.1,100,145.2,100,0,40
BANKNIFTY30JAN2030100PE.NFO,07/01/2020,11:37:35,143.75,142.05,100,145.15,100,0,40
BANKNIFTY30JAN2030100PE.NFO,07/01/2020,11:37:36,143.75,141.85,100,144.9,100,0,40
BANKNIFTY30JAN2030100PE.NFO,07/01/2020,11:37:37,143.75,141.85,100,144.4,100,0,40
BANKNIFTY30JAN2030100PE.NFO,07/01/2020,11:37:38,143.75,141.85,100,154.25,100,0,40
BANKNIFTY30JAN2030100PE.NFO,07/01/2020,11:37:39,143.75,141.85,100,154.05,100,0,40
BANKNIFTY30JAN2030100PE.NFO,07/01/2020,11:37:40,143.75,141.85,100,144.7,100,0,40
BANKNIFTY30JAN2030100PE.NFO,07/01/2020,11:37:41,143.75,141.85,100,153.75,100,0,40
BANKNIFTY30JAN2030100PE.NFO,07/01/2020,11:37:42,143.75,141.85,200,145,100,0,40
BANKNIFTY30JAN2030100PE.NFO,07/01/2020,11:37:43,143.75,141.85,100,153.6,40,0,40
BANKNIFTY30JAN2030100PE.NFO,07/01/2020,11:37:44,143.75,142.2,100,145.3,100,0,40
BANKNIFTY30JAN2030100PE.NFO,07/01/2020,11:37:45,143.75,142.05,100,145.15,100,0,40
BANKNIFTY30JAN2030100PE.NFO,07/01/2020,11:37:46,143.75,142,100,145.1,100,0,40
BANKNIFTY30JAN2030100PE.NFO,07/01/2020,11:37:47,143.75,142.45,100,145.55,100,0,40
BANKNIFTY30JAN2030100PE.NFO,07/01/2020,11:37:49,143.75,142.5,100,145.7,100,0,40
BANKNIFTY30JAN2030100PE.NFO,07/01/2020,11:37:50,143.75,141.85,100,152.55,100,0,40
BANKNIFTY30JAN2030100PE.NFO,07/01/2020,11:37:51,143.75,142.65,100,145.8,100,0,40
BANKNIFTY30JAN2030100PE.NFO,07/01/2020,11:37:52,143.75,142.7,100,145.85,100,0,40
BANKNIFTY30JAN2030100PE.NFO,07/01/2020,11:37:53,143.75,141.85,100,151.85,100,0,40
BANKNIFTY30JAN2030100PE.NFO,07/01/2020,11:37:54,143.75,141.85,100,144.8,100,0,40
BANKNIFTY30JAN2030100PE.NFO,07/01/2020,11:37:55,143.75,141.85,100,151.45,100,0,40
BANKNIFTY30JAN2030100PE.NFO,07/01/2020,11:37:56,143.75,141.95,100,145.25,100,0,40
BANKNIFTY30JAN2030100PE.NFO,07/01/2020,11:37:57,143.75,142.85,100,146.1,100,0,40
BANKNIFTY30JAN2030100PE.NFO,07/01/2020,11:37:58,143.75,142.4,100,145.7,100,0,40
BANKNIFTY30JAN2030100PE.NFO,07/01/2020,11:37:59,143.75,142,100,145.25,100,0,40
BANKNIFTY30JAN2030100PE.NFO,07/01/2020,11:38:00,143.75,142.2,100,145.55,100,0,40
BANKNIFTY30JAN2030100PE.NFO,07/01/2020,11:38:01,143.75,142.1,100,145.45,100,0,40
BANKNIFTY30JAN2030100PE.NFO,07/01/2020,11:38:03,143.75,141.85,100,150.9,40,0,40
BANKNIFTY30JAN2030100PE.NFO,07/01/2020,11:38:04,143.75,141.85,100,150.7,100,0,40
BANKNIFTY30JAN2030100PE.NFO,07/01/2020,11:38:05,143.75,141,100,144.25,100,0,40
BANKNIFTY30JAN2030100PE.NFO,07/01/2020,11:38:06,143.75,131.45,100,148.85,40,0,40
BANKNIFTY30JAN2030100PE.NFO,07/01/2020,11:38:07,143.75,141,100,144.25,100,0,40
BANKNIFTY30JAN2030100PE.NFO,07/01/2020,11:38:08,143.75,131.75,100,148.2,100,0,40
BANKNIFTY30JAN2030100PE.NFO,07/01/2020,11:38:09,143.75,140.55,100,143.8,100,0,40
BANKNIFTY30JAN2030100PE.NFO,07/01/2020,11:38:11,143.75,132.85,100,147.05,40,0,40
BANKNIFTY30JAN2030100PE.NFO,07/01/2020,11:38:12,143.75,141,100,144.15,100,0,40
BANKNIFTY30JAN2030100PE.NFO,07/01/2020,11:38:13,143.75,140.85,100,144.1,100,0,40
BANKNIFTY30JAN2030100PE.NFO,07/01/2020,11:38:14,143.75,141.2,100,144.45,100,0,40
BANKNIFTY30JAN2030100PE.NFO,07/01/2020,11:38:15,143.75,141.1,100,144.4,100,0,40
BANKNIFTY30JAN2030100PE.NFO,07/01/2020,11:38:18,143.75,140.95,100,144.2,100,0,40
BANKNIFTY30JAN2030100PE.NFO,07/01/2020,11:38:19,143.75,141,100,144.35,100,0,40
BANKNIFTY30JAN2030100PE.NFO,07/01/2020,11:38:20,143.75,134.05,100,146.7,100,0,40
BANKNIFTY30JAN2030100PE.NFO,07/01/2020,11:38:21,143.75,141.4,100,144.75,100,0,40
BANKNIFTY30JAN2030100PE.NFO,07/01/2020,11:38:22,143.75,141.65,100,144.75,100,0,40
BANKNIFTY30JAN2030100PE.NFO,07/01/2020,11:38:23,143.75,134.25,100,146.65,40,0,40
BANKNIFTY30JAN2030100PE.NFO,07/01/2020,11:38:25,143.75,141.45,100,144.75,100,0,40
BANKNIFTY30JAN2030100PE.NFO,07/01/2020,11:38:26,143.75,134.25,100,146.65,40,0,40
BANKNIFTY30JAN2030100PE.NFO,07/01/2020,11:38:28,143.75,142.1,100,145.2,100,0,40
BANKNIFTY30JAN2030100PE.NFO,07/01/2020,11:38:29,143.75,134.25,100,146.65,40,0,40
BANKNIFTY30JAN2030100PE.NFO,07/01/2020,11:38:31,143.75,141.95,100,145.15,100,0,40
BANKNIFTY30JAN2030100PE.NFO,07/01/2020,11:38:32,143.75,142.1,100,145.25,100,0,40
BANKNIFTY30JAN2030100PE.NFO,07/01/2020,11:38:33,143.75,134.45,100,146.6,40,0,40
BANKNIFTY30JAN2030100PE.NFO,07/01/2020,11:38:34,143.75,134.45,100,146.65,40,0,40
BANKNIFTY30JAN2030100PE.NFO,07/01/2020,11:38:35,143.75,142.1,100,145.25,100,0,40
BANKNIFTY30JAN2030100PE.NFO,07/01/2020,11:38:37,143.75,142.35,100,145.5,100,0,40
BANKNIFTY30JAN2030100PE.NFO,07/01/2020,11:38:38,143.75,142.45,100,145.65,100,0,40
BANKNIFTY30JAN2030100PE.NFO,07/01/2020,11:38:39,143.75,136.15,100,146.7,100,0,40
BANKNIFTY30JAN2030100PE.NFO,07/01/2020,11:38:41,143.75,136.15,100,146.65,40,0,40
BANKNIFTY30JAN2030100PE.NFO,07/01/2020,11:38:43,143.75,136.15,100,146.55,40,0,40
BANKNIFTY30JAN2030100PE.NFO,07/01/2020,11:38:44,143.75,142.9,100,146,100,0,40
BANKNIFTY30JAN2030100PE.NFO,07/01/2020,11:38:45,143.75,136.15,100,146.7,100,0,40
BANKNIFTY30JAN2030100PE.NFO,07/01/2020,11:38:46,143.75,142.45,100,145.65,100,0,40
BANKNIFTY30JAN2030100PE.NFO,07/01/2020,11:38:48,143.75,142.5,100,145.75,100,0,40
BANKNIFTY30JAN2030100PE.NFO,07/01/2020,11:38:49,143.75,141.8,100,145.15,100,0,40
BANKNIFTY30JAN2030100PE.NFO,07/01/2020,11:38:50,143.75,142.45,100,145.65,100,0,40
BANKNIFTY30JAN2030100PE.NFO,07/01/2020,11:38:51,143.75,142.45,100,145.6,100,0,40
BANKNIFTY30JAN2030100PE.NFO,07/01/2020,11:38:53,143.75,142.3,100,145.4,100,0,40
BANKNIFTY30JAN2030100PE.NFO,07/01/2020,11:38:54,143.75,136.15,100,146.35,40,0,40
BANKNIFTY30JAN2030100PE.NFO,07/01/2020,11:38:55,143.75,142.05,100,145.15,100,0,40
BANKNIFTY30JAN2030100PE.NFO,07/01/2020,11:38:56,143.75,141.9,100,145,100,0,40
BANKNIFTY30JAN2030100PE.NFO,07/01/2020,11:38:57,143.75,142.15,100,145.3,100,0,40
BANKNIFTY30JAN2030100PE.NFO,07/01/2020,11:38:59,143.75,141.8,100,144.95,100,0,40
BANKNIFTY30JAN2030100PE.NFO,07/01/2020,11:39:00,143.75,142.1,100,145.25,100,0,40
BANKNIFTY30JAN2030100PE.NFO,07/01/2020,11:39:01,143.75,136.15,100,146.6,40,0,40
BANKNIFTY30JAN2030100PE.NFO,07/01/2020,11:39:02,143.75,141.75,100,144.9,100,0,40
BANKNIFTY30JAN2030100PE.NFO,07/01/2020,11:39:03,143.75,141.9,100,145.1,100,0,40
BANKNIFTY30JAN2030100PE.NFO,07/01/2020,11:39:05,143.75,142,100,145.1,100,0,40
BANKNIFTY30JAN2030100PE.NFO,07/01/2020,11:39:07,143.75,141.9,100,145,100,0,40
BANKNIFTY30JAN2030100PE.NFO,07/01/2020,11:39:08,143.75,141.85,100,144.95,100,0,40
BANKNIFTY30JAN2030100PE.NFO,07/01/2020,11:39:10,143.75,141.75,100,144.9,100,0,40
BANKNIFTY30JAN2030100PE.NFO,07/01/2020,11:39:11,143.75,141.65,100,144.8,100,0,40
BANKNIFTY30JAN2030100PE.NFO,07/01/2020,11:39:12,143.75,142.1,100,145.3,100,0,40
BANKNIFTY30JAN2030100PE.NFO,07/01/2020,11:39:13,143.75,136.15,100,146.65,40,0,40
BANKNIFTY30JAN2030100PE.NFO,07/01/2020,11:39:14,143.75,141.85,100,145.1,100,0,40
BANKNIFTY30JAN2030100PE.NFO,07/01/2020,11:39:16,143.75,136.15,100,146.45,40,0,40
BANKNIFTY30JAN2030100PE.NFO,07/01/2020,11:39:17,143.75,142.15,100,145.35,100,0,40
BANKNIFTY30JAN2030100PE.NFO,07/01/2020,11:39:18,143.75,142.9,100,146.05,100,0,40
BANKNIFTY30JAN2030100PE.NFO,07/01/2020,11:39:19,143.75,143,100,146.15,100,0,40
BANKNIFTY30JAN2030100PE.NFO,07/01/2020,11:39:21,143.75,136.6,100,146.7,100,0,40
BANKNIFTY30JAN2030100PE.NFO,07/01/2020,11:39:23,143.75,136.65,100,146.7,100,0,40
BANKNIFTY30JAN2030100PE.NFO,07/01/2020,11:39:24,143.75,142.8,100,145.95,100,0,40
BANKNIFTY30JAN2030100PE.NFO,07/01/2020,11:39:26,143.75,142.9,100,146.15,100,0,40
BANKNIFTY30JAN2030100PE.NFO,07/01/2020,11:39:27,143.75,136.85,100,146.7,100,0,40
BANKNIFTY30JAN2030100PE.NFO,07/01/2020,11:39:28,143.75,137,100,146.7,100,0,40
BANKNIFTY30JAN2030100PE.NFO,07/01/2020,11:39:29,143.75,143.9,100,147.15,100,0,40
BANKNIFTY30JAN2030100PE.NFO,07/01/2020,11:39:31,143.75,137.95,100,152.75,100,0,40
BANKNIFTY30JAN2030100PE.NFO,07/01/2020,11:39:32,143.75,144.05,100,147.25,100,0,40
BANKNIFTY30JAN2030100PE.NFO,07/01/2020,11:39:33,143.75,144.15,100,147.3,100,0,40
BANKNIFTY30JAN2030100PE.NFO,07/01/2020,11:39:34,143.75,144.7,100,147.95,100,0,40
BANKNIFTY30JAN2030100PE.NFO,07/01/2020,11:39:36,143.75,143.85,100,147.25,100,0,40
BANKNIFTY30JAN2030100PE.NFO,07/01/2020,11:39:37,143.75,138.6,100,150.65,100,0,40
BANKNIFTY30JAN2030100PE.NFO,07/01/2020,11:39:38,143.75,143.7,100,147.1,100,0,40
BANKNIFTY30JAN2030100PE.NFO,07/01/2020,11:39:39,143.75,138.85,100,149.55,40,0,40
BANKNIFTY30JAN2030100PE.NFO,07/01/2020,11:39:41,143.75,138.85,100,148.85,100,0,40
BANKNIFTY30JAN2030100PE.NFO,07/01/2020,11:39:42,143.75,143.85,100,147.25,100,0,40
BANKNIFTY30JAN2030100PE.NFO,07/01/2020,11:39:43,143.75,144.15,100,147.35,100,0,40
BANKNIFTY30JAN2030100PE.NFO,07/01/2020,11:39:45,143.75,138.85,100,148.75,100,0,40
BANKNIFTY30JAN2030100PE.NFO,07/01/2020,11:39:46,143.75,145.1,100,148.2,100,0,40
BANKNIFTY30JAN2030100PE.NFO,07/01/2020,11:39:47,143.75,138.85,100,148.75,100,0,40
BANKNIFTY30JAN2030100PE.NFO,07/01/2020,11:39:48,143.75,145.7,100,148.75,100,0,40
BANKNIFTY30JAN2030100PE.NFO,07/01/2020,11:39:50,143.75,140.25,100,156.4,40,0,40
BANKNIFTY30JAN2030100PE.NFO,07/01/2020,11:39:51,143.75,140.25,100,156.45,100,0,40
BANKNIFTY30JAN2030100PE.NFO,07/01/2020,11:39:52,143.75,142.35,100,156.3,100,0,40
BANKNIFTY30JAN2030100PE.NFO,07/01/2020,11:39:54,143.75,142.35,100,156.2,100,0,40
BANKNIFTY30JAN2030100PE.NFO,07/01/2020,11:39:55,143.75,145.8,100,148.95,100,0,40
BANKNIFTY30JAN2030100PE.NFO,07/01/2020,11:39:56,143.75,142.35,100,155.95,100,0,40
BANKNIFTY30JAN2030100PE.NFO,07/01/2020,11:39:57,143.75,142.35,100,155.05,100,0,40
BANKNIFTY30JAN2030100PE.NFO,07/01/2020,11:40:00,143.75,145.4,100,148.7,100,0,40
BANKNIFTY30JAN2030100PE.NFO,07/01/2020,11:40:01,143.75,142.35,100,155.05,100,0,40
BANKNIFTY30JAN2030100PE.NFO,07/01/2020,11:40:05,143.75,146.3,100,149.4,100,0,40
BANKNIFTY30JAN2030100PE.NFO,07/01/2020,11:40:06,143.75,142.35,100,155.05,100,0,40
BANKNIFTY30JAN2030100PE.NFO,07/01/2020,11:40:07,143.75,146.85,100,150.25,100,0,40
BANKNIFTY30JAN2030100PE.NFO,07/01/2020,11:40:08,143.75,146.25,100,149.7,100,0,40
BANKNIFTY30JAN2030100PE.NFO,07/01/2020,11:40:10,143.75,146.4,100,149.85,100,0,40
BANKNIFTY30JAN2030100PE.NFO,07/01/2020,11:40:11,143.75,142.35,100,155.05,100,0,40
BANKNIFTY30JAN2030100PE.NFO,07/01/2020,11:40:16,143.75,147.45,100,150.8,100,0,40
BANKNIFTY30JAN2030100PE.NFO,07/01/2020,11:40:17,143.75,146.7,100,150,100,0,40
BANKNIFTY30JAN2030100PE.NFO,07/01/2020,11:40:18,143.75,142.35,100,155.05,100,0,40
BANKNIFTY30JAN2030100PE.NFO,07/01/2020,11:40:19,143.75,146.9,100,150.15,100,0,40
BANKNIFTY30JAN2030100PE.NFO,07/01/2020,11:40:21,143.75,147.25,100,150.55,100,0,40
BANKNIFTY30JAN2030100PE.NFO,07/01/2020,11:40:22,143.75,142.5,100,155.05,100,0,40
BANKNIFTY30JAN2030100PE.NFO,07/01/2020,11:40:23,143.75,143.05,100,155.05,100,0,40
BANKNIFTY30JAN2030100PE.NFO,07/01/2020,11:40:25,143.75,147.65,100,151,100,0,40
BANKNIFTY30JAN2030100PE.NFO,07/01/2020,11:40:27,143.75,143.8,100,155.05,100,0,40
BANKNIFTY30JAN2030100PE.NFO,07/01/2020,11:40:28,143.75,148.3,100,151.45,100,0,40
BANKNIFTY30JAN2030100PE.NFO,07/01/2020,11:40:29,143.75,144,100,155.05,100,0,40
BANKNIFTY30JAN2030100PE.NFO,07/01/2020,11:40:30,143.75,148.1,100,151.45,100,0,40
BANKNIFTY30JAN2030100PE.NFO,07/01/2020,11:40:32,143.75,148.45,100,151.7,100,0,40
BANKNIFTY30JAN2030100PE.NFO,07/01/2020,11:40:33,143.75,148.25,100,155.05,100,0,40
BANKNIFTY30JAN2030100PE.NFO,07/01/2020,11:40:34,143.75,147.85,100,151.1,100,0,40
BANKNIFTY30JAN2030100PE.NFO,07/01/2020,11:40:35,143.75,144.6,100,155.05,100,0,40
BANKNIFTY30JAN2030100PE.NFO,07/01/2020,11:40:36,143.75,148.75,100,152.1,100,0,40
BANKNIFTY30JAN2030100PE.NFO,07/01/2020,11:40:38,143.75,148.65,100,152,100,0,40
BANKNIFTY30JAN2030100PE.NFO,07/01/2020,11:40:39,143.75,148.6,100,152.1,100,0,40
BANKNIFTY30JAN2030100PE.NFO,07/01/2020,11:40:40,143.75,148.35,100,151.8,100,0,40
BANKNIFTY30JAN2030100PE.NFO,07/01/2020,11:40:41,143.75,148.6,100,152,100,0,40
BANKNIFTY30JAN2030100PE.NFO,07/01/2020,11:40:42,143.75,144.6,100,155.05,100,0,40
BANKNIFTY30JAN2030100PE.NFO,07/01/2020,11:40:45,143.75,148.6,100,151.8,100,0,40
BANKNIFTY30JAN2030100PE.NFO,07/01/2020,11:40:46,143.75,148.6,100,151.9,100,0,40
BANKNIFTY30JAN2030100PE.NFO,07/01/2020,11:40:47,143.75,148.5,100,151.65,100,0,40
BANKNIFTY30JAN2030100PE.NFO,07/01/2020,11:40:48,143.75,148.85,100,152,100,0,40
BANKNIFTY30JAN2030100PE.NFO,07/01/2020,11:40:49,143.75,144.6,100,155.05,100,0,40
BANKNIFTY30JAN2030100PE.NFO,07/01/2020,11:40:51,143.75,149,100,152.2,100,0,40
BANKNIFTY30JAN2030100PE.NFO,07/01/2020,11:40:52,143.75,144.6,100,155.05,100,0,40
BANKNIFTY30JAN2030100PE.NFO,07/01/2020,11:40:53,143.75,149.1,100,152.25,100,0,40
BANKNIFTY30JAN2030100PE.NFO,07/01/2020,11:40:54,143.75,144.6,100,155.05,100,0,40
BANKNIFTY30JAN2030100PE.NFO,07/01/2020,11:40:59,143.75,144.6,100,153.3,40,0,40
BANKNIFTY30JAN2030100PE.NFO,07/01/2020,11:41:00,143.75,148.85,100,152,100,0,40
BANKNIFTY30JAN2030100PE.NFO,07/01/2020,11:41:01,143.75,149.1,100,152.4,100,0,40
BANKNIFTY30JAN2030100PE.NFO,07/01/2020,11:41:02,143.75,144.6,100,153.3,40,0,40
BANKNIFTY30JAN2030100PE.NFO,07/01/2020,11:41:03,143.75,149.15,100,152.3,100,0,40
BANKNIFTY30JAN2030100PE.NFO,07/01/2020,11:41:05,143.75,144.6,100,153.3,40,0,40
BANKNIFTY30JAN2030100PE.NFO,07/01/2020,11:41:06,143.75,148.95,100,152.15,100,0,40
BANKNIFTY30JAN2030100PE.NFO,07/01/2020,11:41:08,143.75,144.6,100,153.25,100,0,40
BANKNIFTY30JAN2030100PE.NFO,07/01/2020,11:41:09,150.15,150.15,60,153.25,100,40,40
BANKNIFTY30JAN2030100PE.NFO,07/01/2020,11:41:09,150.15,150.15,60,153.25,100,0,40
BANKNIFTY30JAN2030100PE.NFO,07/01/2020,11:41:10,150.15,145,100,153.25,100,0,240
BANKNIFTY30JAN2030100PE.NFO,07/01/2020,11:41:12,150.15,145.15,100,153.25,100,0,240
BANKNIFTY30JAN2030100PE.NFO,07/01/2020,11:41:13,150.15,145.45,100,153.25,100,0,240
BANKNIFTY30JAN2030100PE.NFO,07/01/2020,11:41:14,150.15,149.1,100,152.3,100,0,240
BANKNIFTY30JAN2030100PE.NFO,07/01/2020,11:41:15,150.15,148.8,100,152,100,0,240
BANKNIFTY30JAN2030100PE.NFO,07/01/2020,11:41:16,150.15,145.45,100,153.2,40,0,240
BANKNIFTY30JAN2030100PE.NFO,07/01/2020,11:41:18,150.15,149,100,152.5,100,0,240
BANKNIFTY30JAN2030100PE.NFO,07/01/2020,11:41:19,150.15,145.45,100,153.15,40,0,240
BANKNIFTY30JAN2030100PE.NFO,07/01/2020,11:41:21,150.15,149.35,100,152.75,100,0,240
BANKNIFTY30JAN2030100PE.NFO,07/01/2020,11:41:22,150.15,149.3,100,152.5,100,0,240
BANKNIFTY30JAN2030100PE.NFO,07/01/2020,11:41:23,150.15,149.35,100,152.75,100,0,240
BANKNIFTY30JAN2030100PE.NFO,07/01/2020,11:41:24,150.15,149.75,100,153.1,100,0,240
BANKNIFTY30JAN2030100PE.NFO,07/01/2020,11:41:26,150.15,149.9,100,153.2,100,0,240
BANKNIFTY30JAN2030100PE.NFO,07/01/2020,11:41:27,150.15,150,100,153.2,100,0,240
BANKNIFTY30JAN2030100PE.NFO,07/01/2020,11:41:28,150.15,147.45,100,156.4,40,0,240
BANKNIFTY30JAN2030100PE.NFO,07/01/2020,11:41:29,150.15,149.75,100,152.7,100,0,240
BANKNIFTY30JAN2030100PE.NFO,07/01/2020,11:41:31,150.15,149.75,100,152.5,100,0,240
BANKNIFTY30JAN2030100PE.NFO,07/01/2020,11:41:32,150.15,149.75,100,155.95,100,0,240
BANKNIFTY30JAN2030100PE.NFO,07/01/2020,11:41:33,150.15,149.75,100,155.75,40,0,240
BANKNIFTY30JAN2030100PE.NFO,07/01/2020,11:41:34,150.15,149.9,100,153.1,100,0,240
BANKNIFTY30JAN2030100PE.NFO,07/01/2020,11:41:35,150.15,150.05,100,153.25,100,0,240
BANKNIFTY30JAN2030100PE.NFO,07/01/2020,11:41:37,150.15,149.75,100,152.9,100,0,240
BANKNIFTY30JAN2030100PE.NFO,07/01/2020,11:41:38,150.15,149.75,100,155.65,100,0,240
BANKNIFTY30JAN2030100PE.NFO,07/01/2020,11:41:39,150.15,150.35,100,153.6,100,0,240
BANKNIFTY30JAN2030100PE.NFO,07/01/2020,11:41:40,150.15,150.65,100,153.85,100,0,240
BANKNIFTY30JAN2030100PE.NFO,07/01/2020,11:41:42,150.15,149.75,100,155.65,100,0,240
BANKNIFTY30JAN2030100PE.NFO,07/01/2020,11:41:43,150.15,150.55,100,154,100,0,240
BANKNIFTY30JAN2030100PE.NFO,07/01/2020,11:41:44,150.15,150.25,100,153.6,100,0,240
BANKNIFTY30JAN2030100PE.NFO,07/01/2020,11:41:45,150.15,150.1,100,153.5,100,0,240
BANKNIFTY30JAN2030100PE.NFO,07/01/2020,11:41:47,150.15,149.75,100,155.6,40,0,240
BANKNIFTY30JAN2030100PE.NFO,07/01/2020,11:41:48,150.15,150.95,100,154.2,100,0,240
BANKNIFTY30JAN2030100PE.NFO,07/01/2020,11:41:49,150.15,150.7,100,154.05,100,0,240
BANKNIFTY30JAN2030100PE.NFO,07/01/2020,11:41:50,150.15,149.75,100,155.6,40,0,240
BANKNIFTY30JAN2030100PE.NFO,07/01/2020,11:41:52,150.15,151,100,154.25,100,0,240
BANKNIFTY30JAN2030100PE.NFO,07/01/2020,11:41:54,150.15,150.95,100,154.25,100,0,240
BANKNIFTY30JAN2030100PE.NFO,07/01/2020,11:41:55,150.15,151.3,100,154.6,100,0,240
BANKNIFTY30JAN2030100PE.NFO,07/01/2020,11:41:57,150.15,151.65,100,155,100,0,240
BANKNIFTY30JAN2030100PE.NFO,07/01/2020,11:41:58,150.15,149.75,100,155.65,100,0,240
BANKNIFTY30JAN2030100PE.NFO,07/01/2020,11:41:59,150.15,151.4,100,154.8,100,0,240
BANKNIFTY30JAN2030100PE.NFO,07/01/2020,11:42:00,150.15,149.75,100,155.65,100,0,240
BANKNIFTY30JAN2030100PE.NFO,07/01/2020,11:42:02,150.15,151.85,100,155.2,100,0,240
BANKNIFTY30JAN2030100PE.NFO,07/01/2020,11:42:03,150.15,152.05,100,155.35,100,0,240
BANKNIFTY30JAN2030100PE.NFO,07/01/2020,11:42:04,150.15,151.6,100,154.9,100,0,240
BANKNIFTY30JAN2030100PE.NFO,07/01/2020,11:42:05,150.15,149.75,100,155.65,100,0,240
BANKNIFTY30JAN2030100PE.NFO,07/01/2020,11:42:09,150.15,152.35,100,155.65,200,0,240
BANKNIFTY30JAN2030100PE.NFO,07/01/2020,11:42:10,150.15,149.75,100,156.45,100,0,240
BANKNIFTY30JAN2030100PE.NFO,07/01/2020,11:42:12,150.15,152.95,100,156.15,100,0,240
BANKNIFTY30JAN2030100PE.NFO,07/01/2020,11:42:13,150.15,152.4,100,155.7,100,0,240
BANKNIFTY30JAN2030100PE.NFO,07/01/2020,11:42:14,150.15,139.95,100,170.15,100,0,240
BANKNIFTY30JAN2030100PE.NFO,07/01/2020,11:42:15,150.15,140.15,100,169.75,100,0,240
BANKNIFTY30JAN2030100PE.NFO,07/01/2020,11:42:17,150.15,140.3,40,169.45,80,0,240
BANKNIFTY30JAN2030100PE.NFO,07/01/2020,11:42:18,150.15,152.9,100,156.25,100,0,240
BANKNIFTY30JAN2030100PE.NFO,07/01/2020,11:42:19,150.15,140.65,40,168.9,80,0,240
BANKNIFTY30JAN2030100PE.NFO,07/01/2020,11:42:21,150.15,141.2,100,168.2,40,0,240
BANKNIFTY30JAN2030100PE.NFO,07/01/2020,11:42:22,150.15,152.55,100,155.8,100,0,240
BANKNIFTY30JAN2030100PE.NFO,07/01/2020,11:42:23,150.15,141.5,100,167.05,40,0,240
BANKNIFTY30JAN2030100PE.NFO,07/01/2020,11:42:24,150.15,152.85,100,156.3,100,0,240
BANKNIFTY30JAN2030100PE.NFO,07/01/2020,11:42:26,150.15,152.85,100,156.45,100,0,240
BANKNIFTY30JAN2030100PE.NFO,07/01/2020,11:42:27,150.15,152.65,100,155.9,100,0,240
BANKNIFTY30JAN2030100PE.NFO,07/01/2020,11:42:28,150.15,143.5,100,166,80,0,240
BANKNIFTY30JAN2030100PE.NFO,07/01/2020,11:42:30,150.15,152.8,100,156.2,100,0,240
BANKNIFTY30JAN2030100PE.NFO,07/01/2020,11:42:31,150.15,143.6,100,164.65,100,0,240
BANKNIFTY30JAN2030100PE.NFO,07/01/2020,11:42:32,150.15,143.85,40,163.9,100,0,240
BANKNIFTY30JAN2030100PE.NFO,07/01/2020,11:42:33,150.15,143.9,100,163.2,100,0,240
BANKNIFTY30JAN2030100PE.NFO,07/01/2020,11:42:35,150.15,143.9,100,162.3,40,0,240
BANKNIFTY30JAN2030100PE.NFO,07/01/2020,11:42:36,150.15,151.15,100,154.7,100,0,240
BANKNIFTY30JAN2030100PE.NFO,07/01/2020,11:42:37,150.15,151.05,100,154.5,100,0,240
BANKNIFTY30JAN2030100PE.NFO,07/01/2020,11:42:38,150.15,143.9,100,160.5,40,0,240
BANKNIFTY30JAN2030100PE.NFO,07/01/2020,11:42:40,150.15,151.45,100,154.8,100,0,240
BANKNIFTY30JAN2030100PE.NFO,07/01/2020,11:42:41,150.15,151.45,100,154.7,100,0,240
BANKNIFTY30JAN2030100PE.NFO,07/01/2020,11:42:42,150.15,143.9,100,159.3,100,0,240
BANKNIFTY30JAN2030100PE.NFO,07/01/2020,11:42:44,150.15,150.35,100,153.8,100,0,240
BANKNIFTY30JAN2030100PE.NFO,07/01/2020,11:42:46,150.15,143.9,100,158.95,40,0,240
BANKNIFTY30JAN2030100PE.NFO,07/01/2020,11:42:47,150.15,150.5,100,154,100,0,240
BANKNIFTY30JAN2030100PE.NFO,07/01/2020,11:42:48,150.15,143.9,100,158.95,40,0,240
BANKNIFTY30JAN2030100PE.NFO,07/01/2020,11:42:49,150.15,151.45,100,154.85,100,0,240
BANKNIFTY30JAN2030100PE.NFO,07/01/2020,11:42:50,150.15,151.6,100,154.9,100,0,240
BANKNIFTY30JAN2030100PE.NFO,07/01/2020,11:42:52,150.15,144,100,159,100,0,240
BANKNIFTY30JAN2030100PE.NFO,07/01/2020,11:42:53,150.15,144,100,158.9,40,0,240
BANKNIFTY30JAN2030100PE.NFO,07/01/2020,11:42:54,150.15,151.65,100,154.95,100,0,240
BANKNIFTY30JAN2030100PE.NFO,07/01/2020,11:42:55,150.15,151.9,100,155.2,100,0,240
BANKNIFTY30JAN2030100PE.NFO,07/01/2020,11:42:56,150.15,151.45,100,154.85,100,0,240
BANKNIFTY30JAN2030100PE.NFO,07/01/2020,11:42:58,150.15,144.1,100,158.9,40,0,240
BANKNIFTY30JAN2030100PE.NFO,07/01/2020,11:42:59,150.15,151.4,100,154.6,100,0,240
BANKNIFTY30JAN2030100PE.NFO,07/01/2020,11:43:00,150.15,151.1,100,154.35,100,0,240
BANKNIFTY30JAN2030100PE.NFO,07/01/2020,11:43:01,150.15,150.7,100,153.9,100,0,240
BANKNIFTY30JAN2030100PE.NFO,07/01/2020,11:43:02,150.15,150.25,100,153.45,100,0,240
BANKNIFTY30JAN2030100PE.NFO,07/01/2020,11:43:04,150.15,150.1,100,153.45,100,0,240
BANKNIFTY30JAN2030100PE.NFO,07/01/2020,11:43:05,150.15,150.3,100,153.75,100,0,240
BANKNIFTY30JAN2030100PE.NFO,07/01/2020,11:43:06,150.15,144.2,100,158.75,80,0,240
BANKNIFTY30JAN2030100PE.NFO,07/01/2020,11:43:07,150.15,150.45,100,153.6,100,0,240
BANKNIFTY30JAN2030100PE.NFO,07/01/2020,11:43:09,150.15,150.55,100,154.1,100,0,240
BANKNIFTY30JAN2030100PE.NFO,07/01/2020,11:43:10,150.15,150.25,100,153.75,100,0,240
BANKNIFTY30JAN2030100PE.NFO,07/01/2020,11:43:11,150.15,144.2,100,158.75,100,0,240
BANKNIFTY30JAN2030100PE.NFO,07/01/2020,11:43:12,150.15,144.2,100,158.7,120,0,240
BANKNIFTY30JAN2030100PE.NFO,07/01/2020,11:43:13,150.15,150.75,100,153.95,100,0,240
BANKNIFTY30JAN2030100PE.NFO,07/01/2020,11:43:15,150.15,144.2,100,158.7,40,0,240
BANKNIFTY30JAN2030100PE.NFO,07/01/2020,11:43:16,150.15,150.45,100,153.7,100,0,240
BANKNIFTY30JAN2030100PE.NFO,07/01/2020,11:43:17,150.15,150.05,100,153.35,100,0,240
BANKNIFTY30JAN2030100PE.NFO,07/01/2020,11:43:18,150.15,150.05,100,153.4,100,0,240
BANKNIFTY30JAN2030100PE.NFO,07/01/2020,11:43:19,150.15,150,100,153.25,100,0,240
BANKNIFTY30JAN2030100PE.NFO,07/01/2020,11:43:21,150.15,149.7,100,153.05,100,0,240
BANKNIFTY30JAN2030100PE.NFO,07/01/2020,11:43:22,150.15,150.65,100,154.15,100,0,240
BANKNIFTY30JAN2030100PE.NFO,07/01/2020,11:43:23,150.15,150.25,100,153.75,100,0,240
BANKNIFTY30JAN2030100PE.NFO,07/01/2020,11:43:24,150.15,150,100,153.25,100,0,240
BANKNIFTY30JAN2030100PE.NFO,07/01/2020,11:43:25,150.15,150,100,153.3,100,0,240
BANKNIFTY30JAN2030100PE.NFO,07/01/2020,11:43:27,150.15,149.85,100,153.3,100,0,240
BANKNIFTY30JAN2030100PE.NFO,07/01/2020,11:43:28,150.15,144.3,100,157.2,40,0,240
BANKNIFTY30JAN2030100PE.NFO,07/01/2020,11:43:29,150.15,144.3,100,156.8,120,0,240
BANKNIFTY30JAN2030100PE.NFO,07/01/2020,11:43:30,150.15,149.15,100,152.4,100,0,240
BANKNIFTY30JAN2030100PE.NFO,07/01/2020,11:43:32,150.15,144.3,100,156.5,40,0,240
BANKNIFTY30JAN2030100PE.NFO,07/01/2020,11:43:33,150.15,144.3,100,156.05,120,0,240
BANKNIFTY30JAN2030100PE.NFO,07/01/2020,11:43:34,150.15,144.3,100,155.55,40,0,240
BANKNIFTY30JAN2030100PE.NFO,07/01/2020,11:43:35,150.15,144.3,100,154.85,40,0,240
BANKNIFTY30JAN2030100PE.NFO,07/01/2020,11:43:36,150.15,144.3,100,154.3,40,0,240
BANKNIFTY30JAN2030100PE.NFO,07/01/2020,11:43:37,150.15,144.3,100,153.9,40,0,240
BANKNIFTY30JAN2030100PE.NFO,07/01/2020,11:43:39,150.15,144.3,100,153.4,40,0,240
BANKNIFTY30JAN2030100PE.NFO,07/01/2020,11:43:40,150.15,144.3,100,156.45,40,0,240
BANKNIFTY30JAN2030100PE.NFO,07/01/2020,11:43:41,150.15,144.3,100,155.8,80,0,240
BANKNIFTY30JAN2030100PE.NFO,07/01/2020,11:43:42,150.15,144.3,100,155.3,40,0,240
BANKNIFTY30JAN2030100PE.NFO,07/01/2020,11:43:43,150.15,144.3,100,154.75,40,0,240
BANKNIFTY30JAN2030100PE.NFO,07/01/2020,11:43:45,150.15,144.3,100,154.2,40,0,240
BANKNIFTY30JAN2030100PE.NFO,07/01/2020,11:43:46,150.15,144.3,100,153.65,40,0,240
BANKNIFTY30JAN2030100PE.NFO,07/01/2020,11:43:47,150.15,144.3,100,152.9,40,0,240
BANKNIFTY30JAN2030100PE.NFO,07/01/2020,11:43:48,150.15,144.3,100,152.8,40,0,240
BANKNIFTY30JAN2030100PE.NFO,07/01/2020,11:43:49,150.15,144.3,100,156.4,100,0,240
BANKNIFTY30JAN2030100PE.NFO,07/01/2020,11:43:51,150.15,144.3,100,155.45,40,0,240
BANKNIFTY30JAN2030100PE.NFO,07/01/2020,11:43:52,150.15,144.3,100,154.8,40,0,240
BANKNIFTY30JAN2030100PE.NFO,07/01/2020,11:43:53,150.15,144.3,100,154,40,0,240
BANKNIFTY30JAN2030100PE.NFO,07/01/2020,11:43:54,150.15,144.3,100,153.5,40,0,240
BANKNIFTY30JAN2030100PE.NFO,07/01/2020,11:43:55,150.15,144.3,100,155.1,120,0,240
BANKNIFTY30JAN2030100PE.NFO,07/01/2020,11:43:57,150.15,144.3,100,154.25,80,0,240
BANKNIFTY30JAN2030100PE.NFO,07/01/2020,11:43:58,150.15,144.3,100,155.55,40,0,240
BANKNIFTY30JAN2030100PE.NFO,07/01/2020,11:43:59,150.15,144.3,100,154.65,40,0,240
BANKNIFTY30JAN2030100PE.NFO,07/01/2020,11:44:00,150.15,144.3,100,153.8,80,0,240
BANKNIFTY30JAN2030100PE.NFO,07/01/2020,11:44:01,150.15,144.3,100,155.05,80,0,240
BANKNIFTY30JAN2030100PE.NFO,07/01/2020,11:44:02,150.15,144.3,100,154.45,120,0,240
BANKNIFTY30JAN2030100PE.NFO,07/01/2020,11:44:04,150.15,144.3,100,153.85,80,0,240
BANKNIFTY30JAN2030100PE.NFO,07/01/2020,11:44:05,150.15,144.3,100,155.1,80,0,240
BANKNIFTY30JAN2030100PE.NFO,07/01/2020,11:44:06,150.15,144.3,100,154.4,80,0,240
BANKNIFTY30JAN2030100PE.NFO,07/01/2020,11:44:07,150.15,144.3,100,155.1,80,0,240
BANKNIFTY30JAN2030100PE.NFO,07/01/2020,11:44:08,150.15,144.3,100,154.5,80,0,240
BANKNIFTY30JAN2030100PE.NFO,07/01/2020,11:44:10,150.15,144.3,100,155.35,40,0,240
BANKNIFTY30JAN2030100PE.NFO,07/01/2020,11:44:11,150.15,144.3,100,154.75,40,0,240
BANKNIFTY30JAN2030100PE.NFO,07/01/2020,11:44:12,150.15,144.3,100,154.3,40,0,240
BANKNIFTY30JAN2030100PE.NFO,07/01/2020,11:44:13,150.15,144.3,100,155.5,80,0,240
BANKNIFTY30JAN2030100PE.NFO,07/01/2020,11:44:14,150.15,144.3,100,154.75,40,0,240
BANKNIFTY30JAN2030100PE.NFO,07/01/2020,11:44:16,150.15,144.3,100,154.25,40,0,240
BANKNIFTY30JAN2030100PE.NFO,07/01/2020,11:44:17,150.15,144.3,100,155.2,40,0,240
BANKNIFTY30JAN2030100PE.NFO,07/01/2020,11:44:18,150.15,144.3,100,154.6,40,0,240
BANKNIFTY30JAN2030100PE.NFO,07/01/2020,11:44:19,150.15,144.3,100,155.2,120,0,240
BANKNIFTY30JAN2030100PE.NFO,07/01/2020,11:44:20,150.15,144.3,100,154.5,40,0,240
BANKNIFTY30JAN2030100PE.NFO,07/01/2020,11:44:21,150.15,144.3,100,155.15,80,0,240
BANKNIFTY30JAN2030100PE.NFO,07/01/2020,11:44:23,150.15,144.3,100,154.5,40,0,240
BANKNIFTY30JAN2030100PE.NFO,07/01/2020,11:44:24,150.15,144.3,100,155.2,40,0,240
BANKNIFTY30JAN2030100PE.NFO,07/01/2020,11:44:25,150.15,144.3,100,155.45,40,0,240
BANKNIFTY30JAN2030100PE.NFO,07/01/2020,11:44:26,150.15,144.3,100,155.5,40,0,240
BANKNIFTY30JAN2030100PE.NFO,07/01/2020,11:44:27,150.15,144.3,100,154.85,120,0,240
BANKNIFTY30JAN2030100PE.NFO,07/01/2020,11:44:28,150.15,144.3,100,155.15,40,0,240
BANKNIFTY30JAN2030100PE.NFO,07/01/2020,11:44:29,150.15,144.3,100,155.35,40,0,240
BANKNIFTY30JAN2030100PE.NFO,07/01/2020,11:44:31,150.15,144.4,100,155.55,40,0,240
BANKNIFTY30JAN2030100PE.NFO,07/01/2020,11:44:32,150.15,144.4,100,155.45,40,0,240
BANKNIFTY30JAN2030100PE.NFO,07/01/2020,11:44:33,150.15,144.4,100,155.25,40,0,240
BANKNIFTY30JAN2030100PE.NFO,07/01/2020,11:44:34,150.15,144.4,100,155.45,40,0,240
BANKNIFTY30JAN2030100PE.NFO,07/01/2020,11:44:35,150.15,144.4,100,155.35,40,0,240
BANKNIFTY30JAN2030100PE.NFO,07/01/2020,11:44:36,150.15,144.4,100,155.2,40,0,240
BANKNIFTY30JAN2030100PE.NFO,07/01/2020,11:44:38,150.15,144.4,100,155.45,80,0,240
BANKNIFTY30JAN2030100PE.NFO,07/01/2020,11:44:39,150.15,144.4,100,155.35,40,0,240
BANKNIFTY30JAN2030100PE.NFO,07/01/2020,11:44:40,150.15,144.4,100,155.2,80,0,240
BANKNIFTY30JAN2030100PE.NFO,07/01/2020,11:44:41,150.15,144.4,100,155.55,40,0,240
BANKNIFTY30JAN2030100PE.NFO,07/01/2020,11:44:42,150.15,144.4,100,155.4,40,0,240
BANKNIFTY30JAN2030100PE.NFO,07/01/2020,11:44:43,150.15,144.4,100,155.2,40,0,240
BANKNIFTY30JAN2030100PE.NFO,07/01/2020,11:44:45,150.15,144.4,100,155.55,80,0,240
BANKNIFTY30JAN2030100PE.NFO,07/01/2020,11:44:46,150.15,144.4,100,155.5,80,0,240
BANKNIFTY30JAN2030100PE.NFO,07/01/2020,11:44:47,150.15,144.4,100,155.25,40,0,240
BANKNIFTY30JAN2030100PE.NFO,07/01/2020,11:44:48,150.15,144.4,100,155.1,80,0,240
BANKNIFTY30JAN2030100PE.NFO,07/01/2020,11:44:49,150.15,144.4,100,155.1,40,0,240
BANKNIFTY30JAN2030100PE.NFO,07/01/2020,11:44:54,150.15,144.4,100,155.25,40,0,240
BANKNIFTY30JAN2030100PE.NFO,07/01/2020,11:44:55,150.15,144.4,100,155.15,40,0,240
BANKNIFTY30JAN2030100PE.NFO,07/01/2020,11:44:57,150.15,144.4,100,155.15,80,0,240
BANKNIFTY30JAN2030100PE.NFO,07/01/2020,11:44:58,150.15,144.4,100,155.4,40,0,240
BANKNIFTY30JAN2030100PE.NFO,07/01/2020,11:45:01,150.15,144.4,100,155.55,40,0,240
BANKNIFTY30JAN2030100PE.NFO,07/01/2020,11:45:02,150.15,144.4,100,155,80,0,240
BANKNIFTY30JAN2030100PE.NFO,07/01/2020,11:45:04,150.15,144.4,100,155.15,80,0,240
BANKNIFTY30JAN2030100PE.NFO,07/01/2020,11:45:05,150.15,144.4,100,155,80,0,240
BANKNIFTY30JAN2030100PE.NFO,07/01/2020,11:45:08,150.15,144.4,100,154.85,40,0,240
BANKNIFTY30JAN2030100PE.NFO,07/01/2020,11:45:09,150.15,144.4,100,154.9,80,0,240
BANKNIFTY30JAN2030100PE.NFO,07/01/2020,11:45:11,150.15,144.4,100,155,40,0,240
BANKNIFTY30JAN2030100PE.NFO,07/01/2020,11:45:12,150.15,144.4,100,154.9,40,0,240
BANKNIFTY30JAN2030100PE.NFO,07/01/2020,11:45:13,150.15,144.4,100,155.05,40,0,240
BANKNIFTY30JAN2030100PE.NFO,07/01/2020,11:45:14,150.15,144.4,100,154.9,40,0,240
BANKNIFTY30JAN2030100PE.NFO,07/01/2020,11:45:16,150.15,144.4,100,154.85,80,0,240
BANKNIFTY30JAN2030100PE.NFO,07/01/2020,11:45:17,150.15,144.4,100,155.05,40,0,240
BANKNIFTY30JAN2030100PE.NFO,07/01/2020,11:45:18,150.15,144.4,100,155.1,80,0,240
BANKNIFTY30JAN2030100PE.NFO,07/01/2020,11:45:19,150.15,144.4,100,155.2,100,0,240
BANKNIFTY30JAN2030100PE.NFO,07/01/2020,11:45:23,150.15,144.6,100,155.2,100,0,240
BANKNIFTY30JAN2030100PE.NFO,07/01/2020,11:45:25,150.15,144.75,40,155.2,100,0,240
BANKNIFTY30JAN2030100PE.NFO,07/01/2020,11:45:30,150.15,145,40,169.05,40,0,240
BANKNIFTY30JAN2030100PE.NFO,07/01/2020,11:45:54,150.15,145.3,40,169.3,40,0,240
BANKNIFTY30JAN2030100PE.NFO,07/01/2020,11:45:59,150.15,145.25,100,168.85,100,0,240
BANKNIFTY30JAN2030100PE.NFO,07/01/2020,11:46:00,150.15,145.25,100,168.05,180,0,240
BANKNIFTY30JAN2030100PE.NFO,07/01/2020,11:46:01,150.15,145.25,100,167.25,100,0,240
BANKNIFTY30JAN2030100PE.NFO,07/01/2020,11:46:02,150.15,145.25,100,166.7,80,0,240
BANKNIFTY30JAN2030100PE.NFO,07/01/2020,11:46:04,150.15,145.25,100,166.1,40,0,240
BANKNIFTY30JAN2030100PE.NFO,07/01/2020,11:46:05,150.15,145.25,100,165.65,40,0,240
BANKNIFTY30JAN2030100PE.NFO,07/01/2020,11:46:06,150.15,145.25,100,165.35,40,0,240
BANKNIFTY30JAN2030100PE.NFO,07/01/2020,11:48:13,150.15,145.25,100,165.05,100,0,240
BANKNIFTY30JAN2030100PE.NFO,07/01/2020,11:48:14,150.15,146.35,100,164.75,100,0,240
BANKNIFTY30JAN2030100PE.NFO,07/01/2020,11:48:15,150.15,146.9,100,164.75,100,0,240
BANKNIFTY30JAN2030100PE.NFO,07/01/2020,11:48:17,150.15,147.55,140,164.75,100,0,240
BANKNIFTY30JAN2030100PE.NFO,07/01/2020,11:48:18,150.15,148.1,40,164.75,100,0,240
BANKNIFTY30JAN2030100PE.NFO,07/01/2020,11:48:19,150.15,148.9,100,164.75,100,0,240
BANKNIFTY30JAN2030100PE.NFO,07/01/2020,11:48:20,149.45,149.55,100,164.75,100,20,240
BANKNIFTY30JAN2030100PE.NFO,07/01/2020,11:48:22,149.45,150.1,40,164.75,100,0,200
BANKNIFTY30JAN2030100PE.NFO,07/01/2020,11:48:23,149.45,150.4,40,163.85,100,0,200
BANKNIFTY30JAN2030100PE.NFO,07/01/2020,11:48:25,149.45,150.4,40,162.8,40,0,200
BANKNIFTY30JAN2030100PE.NFO,07/01/2020,11:48:29,149.45,150.35,100,162.75,40,0,200
BANKNIFTY30JAN2030100PE.NFO,07/01/2020,11:48:30,149.45,150.35,100,162.45,100,0,200
BANKNIFTY30JAN2030100PE.NFO,07/01/2020,11:48:36,149.45,150.35,100,161.45,100,0,200
BANKNIFTY30JAN2030100PE.NFO,07/01/2020,11:48:37,149.45,150.35,100,160.95,100,0,200
BANKNIFTY30JAN2030100PE.NFO,07/01/2020,11:48:39,149.45,150.35,100,160.9,20,0,200
BANKNIFTY30JAN2030100PE.NFO,07/01/2020,11:48:55,149.45,150.55,100,160.9,20,0,200
BANKNIFTY30JAN2030100PE.NFO,07/01/2020,11:49:03,149.45,150.95,100,160.9,20,0,200
BANKNIFTY30JAN2030100PE.NFO,07/01/2020,11:49:24,149.45,151.8,100,160.9,20,0,200
BANKNIFTY30JAN2030100PE.NFO,07/01/2020,11:50:13,160.9,151.85,40,170.45,40,20,200
BANKNIFTY30JAN2030100PE.NFO,07/01/2020,11:50:13,160.9,151.85,40,170.45,40,0,200
BANKNIFTY30JAN2030100PE.NFO,07/01/2020,11:50:14,160.9,151.85,40,169.55,100,0,200
BANKNIFTY30JAN2030100PE.NFO,07/01/2020,11:50:15,160.9,151.85,40,168.95,80,0,200
BANKNIFTY30JAN2030100PE.NFO,07/01/2020,11:50:17,160.9,151.85,40,168.45,100,0,200
BANKNIFTY30JAN2030100PE.NFO,07/01/2020,11:50:18,160.9,151.85,40,167.75,40,0,200
BANKNIFTY30JAN2030100PE.NFO,07/01/2020,11:50:19,160.9,151.85,40,167.3,40,0,200
BANKNIFTY30JAN2030100PE.NFO,07/01/2020,11:50:20,160.9,152.2,100,165.95,100,0,200
BANKNIFTY30JAN2030100PE.NFO,07/01/2020,11:50:22,160.9,153.5,100,165.95,100,0,200
BANKNIFTY30JAN2030100PE.NFO,07/01/2020,11:50:23,160.9,154,120,165.95,100,0,200
BANKNIFTY30JAN2030100PE.NFO,07/01/2020,11:50:24,160.9,154.1,40,165.95,100,0,200
BANKNIFTY30JAN2030100PE.NFO,07/01/2020,11:50:30,160.9,154.05,100,165.95,100,0,200
BANKNIFTY30JAN2030100PE.NFO,07/01/2020,11:50:34,160.9,154.15,100,165.95,100,0,200
BANKNIFTY30JAN2030100PE.NFO,07/01/2020,11:50:40,160.9,154.95,100,165.95,100,0,200
BANKNIFTY30JAN2030100PE.NFO,07/01/2020,11:50:55,160.9,154.95,100,165.75,100,0,200
BANKNIFTY30JAN2030100PE.NFO,07/01/2020,11:51:00,160.9,155.1,40,165.75,100,0,200
BANKNIFTY30JAN2030100PE.NFO,07/01/2020,11:51:02,160.9,155.05,100,165.75,100,0,200
BANKNIFTY30JAN2030100PE.NFO,07/01/2020,11:51:04,160.9,75.2,40,166,20,0,200
BANKNIFTY30JAN2030100PE.NFO,07/01/2020,11:51:06,160.9,75.55,40,166,20,0,200
BANKNIFTY30JAN2030100PE.NFO,07/01/2020,11:51:07,160.9,75.8,120,166,20,0,200
BANKNIFTY30JAN2030100PE.NFO,07/01/2020,11:51:08,160.9,76.15,120,166,20,0,200
BANKNIFTY30JAN2030100PE.NFO,07/01/2020,11:51:09,160.9,76.6,80,166,20,0,200
BANKNIFTY30JAN2030100PE.NFO,07/01/2020,11:51:10,160.9,77,120,166,20,0,200
BANKNIFTY30JAN2030100PE.NFO,07/01/2020,11:51:11,160.9,77.4,120,166,20,0,200
BANKNIFTY30JAN2030100PE.NFO,07/01/2020,11:51:13,160.9,77.8,80,166,20,0,200
BANKNIFTY30JAN2030100PE.NFO,07/01/2020,11:51:14,160.9,78.2,40,166,20,0,200
BANKNIFTY30JAN2030100PE.NFO,07/01/2020,11:51:15,160.9,78.55,40,166,20,0,200
BANKNIFTY30JAN2030100PE.NFO,07/01/2020,11:51:16,160.9,78.95,40,166,20,0,200
BANKNIFTY30JAN2030100PE.NFO,07/01/2020,11:51:17,160.9,79.25,80,166,20,0,200
BANKNIFTY30JAN2030100PE.NFO,07/01/2020,11:51:19,160.9,79.6,80,166,20,0,200
BANKNIFTY30JAN2030100PE.NFO,07/01/2020,11:51:20,160.9,79.95,40,166,20,0,200
BANKNIFTY30JAN2030100PE.NFO,07/01/2020,11:51:21,160.9,80.25,40,166,20,0,200
BANKNIFTY30JAN2030100PE.NFO,07/01/2020,11:51:22,160.9,80.65,120,166,20,0,200
BANKNIFTY30JAN2030100PE.NFO,07/01/2020,11:51:24,160.9,75.05,40,165.9,40,0,200
BANKNIFTY30JAN2030100PE.NFO,07/01/2020,11:51:25,160.9,75.05,40,165.55,40,0,200
BANKNIFTY30JAN2030100PE.NFO,07/01/2020,11:51:26,160.9,75.05,40,165.15,40,0,200
BANKNIFTY30JAN2030100PE.NFO,07/01/2020,11:51:27,160.9,75.05,40,164.8,40,0,200
BANKNIFTY30JAN2030100PE.NFO,07/01/2020,11:51:28,160.9,75.05,40,164.5,40,0,200
BANKNIFTY30JAN2030100PE.NFO,07/01/2020,11:51:29,160.9,75.05,40,165.8,40,0,200
BANKNIFTY30JAN2030100PE.NFO,07/01/2020,11:51:37,160.9,75.05,40,165.65,40,0,200
BANKNIFTY30JAN2030100PE.NFO,07/01/2020,11:51:38,160.9,75.05,40,165.3,120,0,200
BANKNIFTY30JAN2030100PE.NFO,07/01/2020,11:51:39,160.9,75.05,40,164.95,120,0,200
BANKNIFTY30JAN2030100PE.NFO,07/01/2020,11:51:40,160.9,75.05,40,164.55,120,0,200
BANKNIFTY30JAN2030100PE.NFO,07/01/2020,11:51:41,160.9,75.05,40,164.2,40,0,200
BANKNIFTY30JAN2030100PE.NFO,07/01/2020,11:51:43,160.9,75.05,40,163.85,120,0,200
BANKNIFTY30JAN2030100PE.NFO,07/01/2020,11:51:44,160.9,75.05,40,163.5,120,0,200
BANKNIFTY30JAN2030100PE.NFO,07/01/2020,11:51:45,160.9,75.15,40,163.2,40,0,200
BANKNIFTY30JAN2030100PE.NFO,07/01/2020,11:51:46,160.9,75.45,40,165.6,40,0,200
BANKNIFTY30JAN2030100PE.NFO,07/01/2020,11:51:48,160.9,75.05,40,165.25,40,0,200
BANKNIFTY30JAN2030100PE.NFO,07/01/2020,11:51:49,160.9,75.05,40,164.65,80,0,200
BANKNIFTY30JAN2030100PE.NFO,07/01/2020,11:57:49,160.9,76,40,164.7,100,0,200
BANKNIFTY30JAN2030100PE.NFO,07/01/2020,11:57:50,160.9,76.95,40,164.7,100,0,200
BANKNIFTY30JAN2030100PE.NFO,07/01/2020,11:57:51,160.9,77.85,100,164.7,100,0,200
BANKNIFTY30JAN2030100PE.NFO,07/01/2020,11:57:52,160.9,79.05,40,164.7,100,0,200
BANKNIFTY30JAN2030100PE.NFO,07/01/2020,11:57:53,160.9,80,40,164.7,100,0,200
BANKNIFTY30JAN2030100PE.NFO,07/01/2020,11:57:55,160.9,80.85,40,164.7,100,0,200
BANKNIFTY30JAN2030100PE.NFO,07/01/2020,11:57:56,160.9,82.75,80,164.7,100,0,200
BANKNIFTY30JAN2030100PE.NFO,07/01/2020,11:57:57,160.9,83.7,40,163.5,100,0,200
BANKNIFTY30JAN2030100PE.NFO,07/01/2020,11:57:58,160.9,84.7,40,163.5,100,0,200
BANKNIFTY30JAN2030100PE.NFO,07/01/2020,11:57:59,160.9,85.7,120,163.5,100,0,200
BANKNIFTY30JAN2030100PE.NFO,07/01/2020,11:58:01,160.9,86.7,120,163.5,100,0,200
BANKNIFTY30JAN2030100PE.NFO,07/01/2020,11:58:02,160.9,87.3,40,163.5,100,0,200
BANKNIFTY30JAN2030100PE.NFO,07/01/2020,11:58:03,160.9,89.55,80,163.5,100,0,200
BANKNIFTY30JAN2030100PE.NFO,07/01/2020,11:58:04,160.9,91.1,80,163.5,100,0,200
BANKNIFTY30JAN2030100PE.NFO,07/01/2020,11:58:05,160.9,93.05,40,163.5,100,0,200
BANKNIFTY30JAN2030100PE.NFO,07/01/2020,11:58:06,160.9,94.6,40,163.3,100,0,200
BANKNIFTY30JAN2030100PE.NFO,07/01/2020,11:58:08,160.9,96.8,40,163.3,100,0,200
BANKNIFTY30JAN2030100PE.NFO,07/01/2020,11:58:09,160.9,101.5,40,163.3,100,0,200
BANKNIFTY30JAN2030100PE.NFO,07/01/2020,11:58:10,160.9,104.7,40,163.3,100,0,200
BANKNIFTY30JAN2030100PE.NFO,07/01/2020,11:58:11,160.9,106.1,80,163.3,100,0,200
BANKNIFTY30JAN2030100PE.NFO,07/01/2020,11:58:12,160.9,108.8,40,163.3,100,0,200
BANKNIFTY30JAN2030100PE.NFO,07/01/2020,11:58:14,160.9,111.4,80,163.3,100,0,200
BANKNIFTY30JAN2030100PE.NFO,07/01/2020,11:58:15,160.9,115.5,40,163.3,100,0,200
BANKNIFTY30JAN2030100PE.NFO,07/01/2020,11:58:16,160.9,117.75,80,163.3,100,0,200
BANKNIFTY30JAN2030100PE.NFO,07/01/2020,11:58:17,160.9,119.6,40,163.3,100,0,200
BANKNIFTY30JAN2030100PE.NFO,07/01/2020,11:58:19,160.9,122.15,40,163.3,100,0,200
BANKNIFTY30JAN2030100PE.NFO,07/01/2020,11:58:20,160.9,124.35,40,163.3,100,0,200
BANKNIFTY30JAN2030100PE.NFO,07/01/2020,11:58:21,160.9,128.05,100,163.3,100,0,200
BANKNIFTY30JAN2030100PE.NFO,07/01/2020,11:58:22,160.9,130.4,40,163.3,100,0,200
BANKNIFTY30JAN2030100PE.NFO,07/01/2020,11:58:23,160.9,132.75,40,163.3,100,0,200
BANKNIFTY30JAN2030100PE.NFO,07/01/2020,11:58:24,160.9,134.05,40,163.3,100,0,200
BANKNIFTY30JAN2030100PE.NFO,07/01/2020,11:58:26,160.9,137.1,80,163.1,100,0,200
BANKNIFTY30JAN2030100PE.NFO,07/01/2020,11:58:27,160.9,138.75,40,163.1,100,0,200
BANKNIFTY30JAN2030100PE.NFO,07/01/2020,11:58:28,160.9,139.4,80,163.1,100,0,200
BANKNIFTY30JAN2030100PE.NFO,07/01/2020,12:06:42,160.9,140.15,40,166,20,0,200
BANKNIFTY30JAN2030100PE.NFO,07/01/2020,12:06:43,160.9,140.35,40,166,20,0,200
BANKNIFTY30JAN2030100PE.NFO,07/01/2020,12:08:19,160.9,140.7,80,165.95,20,0,200
BANKNIFTY30JAN2030100PE.NFO,07/01/2020,12:08:20,160.9,140.8,40,165.95,20,0,200
BANKNIFTY30JAN2030100PE.NFO,07/01/2020,12:09:19,160.9,141.2,40,165.75,80,0,200
BANKNIFTY30JAN2030100PE.NFO,07/01/2020,12:09:20,160.9,141.55,40,165.45,40,0,200
BANKNIFTY30JAN2030100PE.NFO,07/01/2020,12:09:23,160.9,142.25,40,164.8,40,0,200
BANKNIFTY30JAN2030100PE.NFO,07/01/2020,12:09:24,160.9,142.65,40,164.35,40,0,200
BANKNIFTY30JAN2030100PE.NFO,07/01/2020,12:09:26,160.9,143.35,40,163.7,40,0,200
BANKNIFTY30JAN2030100PE.NFO,07/01/2020,12:09:32,160.9,145.35,40,161.8,40,0,200
BANKNIFTY30JAN2030100PE.NFO,07/01/2020,12:09:33,160.9,145.65,40,161.4,40,0,200
BANKNIFTY30JAN2030100PE.NFO,07/01/2020,12:09:34,160.9,75.05,40,160.45,40,0,200
BANKNIFTY30JAN2030100PE.NFO,07/01/2020,12:09:35,160.9,75.05,40,159.3,40,0,200
BANKNIFTY30JAN2030100PE.NFO,07/01/2020,12:09:37,160.9,75.05,40,158.55,40,0,200
BANKNIFTY30JAN2030100PE.NFO,07/01/2020,12:09:38,160.9,75.05,40,158.1,40,0,200
BANKNIFTY30JAN2030100PE.NFO,07/01/2020,12:09:39,160.9,75.05,40,165.45,80,0,200
BANKNIFTY30JAN2030100PE.NFO,07/01/2020,12:09:40,160.9,75.05,40,163.95,40,0,200
BANKNIFTY30JAN2030100PE.NFO,07/01/2020,12:09:41,160.9,75.05,40,163.05,120,0,200
BANKNIFTY30JAN2030100PE.NFO,07/01/2020,12:09:42,160.9,75.05,40,162.75,40,0,200
BANKNIFTY30JAN2030100PE.NFO,07/01/2020,12:09:43,160.9,75.05,40,162.4,80,0,200
BANKNIFTY30JAN2030100PE.NFO,07/01/2020,12:09:44,160.9,75.05,40,161.75,40,0,200
BANKNIFTY30JAN2030100PE.NFO,07/01/2020,12:09:46,160.9,75.05,40,161.2,40,0,200
BANKNIFTY30JAN2030100PE.NFO,07/01/2020,12:09:47,160.9,75.05,40,160.1,40,0,200
BANKNIFTY30JAN2030100PE.NFO,07/01/2020,12:09:48,160.9,75.05,40,159.35,40,0,200
BANKNIFTY30JAN2030100PE.NFO,07/01/2020,12:09:49,160.9,75.05,40,158.5,40,0,200
BANKNIFTY30JAN2030100PE.NFO,07/01/2020,12:09:50,160.9,75.2,40,158,40,0,200
BANKNIFTY30JAN2030100PE.NFO,07/01/2020,12:09:51,160.9,75.65,40,165.95,40,0,200
BANKNIFTY30JAN2030100PE.NFO,07/01/2020,12:09:52,160.9,76.05,40,165.95,40,0,200
BANKNIFTY30JAN2030100PE.NFO,07/01/2020,12:09:53,160.9,76.35,40,165.95,40,0,200
BANKNIFTY30JAN2030100PE.NFO,07/01/2020,12:09:55,160.9,76.75,40,165.65,40,0,200
BANKNIFTY30JAN2030100PE.NFO,07/01/2020,12:09:56,160.9,77.05,40,165.25,40,0,200
BANKNIFTY30JAN2030100PE.NFO,07/01/2020,12:09:58,160.9,77.75,40,164.5,40,0,200
BANKNIFTY30JAN2030100PE.NFO,07/01/2020,12:10:00,160.9,78.15,40,164.15,40,0,200
BANKNIFTY30JAN2030100PE.NFO,07/01/2020,12:10:02,160.9,78.95,40,163.4,40,0,200
BANKNIFTY30JAN2030100PE.NFO,07/01/2020,12:10:04,160.9,79.7,40,162.6,40,0,200
BANKNIFTY30JAN2030100PE.NFO,07/01/2020,12:10:08,160.9,80.85,40,161.4,40,0,200
BANKNIFTY30JAN2030100PE.NFO,07/01/2020,12:10:09,160.9,81.35,40,160.95,40,0,200
BANKNIFTY30JAN2030100PE.NFO,07/01/2020,12:10:10,160.9,81.75,40,160.65,40,0,200
BANKNIFTY30JAN2030100PE.NFO,07/01/2020,12:10:11,160.9,82.15,40,160.2,40,0,200
BANKNIFTY30JAN2030100PE.NFO,07/01/2020,12:10:14,160.9,82.75,40,159.45,40,0,200
BANKNIFTY30JAN2030100PE.NFO,07/01/2020,12:10:15,160.9,83.15,40,159.1,40,0,200
BANKNIFTY30JAN2030100PE.NFO,07/01/2020,12:10:17,160.9,83.85,40,158.45,40,0,200
BANKNIFTY30JAN2030100PE.NFO,07/01/2020,12:10:21,160.9,76.15,40,165.8,40,0,200
BANKNIFTY30JAN2030100PE.NFO,07/01/2020,12:10:22,160.9,76.75,40,165.6,40,0,200
BANKNIFTY30JAN2030100PE.NFO,07/01/2020,12:10:23,160.9,77.45,40,165.35,40,0,200
BANKNIFTY30JAN2030100PE.NFO,07/01/2020,12:10:24,160.9,78.3,40,165.1,80,0,200
BANKNIFTY30JAN2030100PE.NFO,07/01/2020,12:10:25,160.9,79.4,40,164.8,40,0,200
BANKNIFTY30JAN2030100PE.NFO,07/01/2020,12:10:26,160.9,80.9,40,164.6,80,0,200
BANKNIFTY30JAN2030100PE.NFO,07/01/2020,12:10:28,160.9,81.85,40,164.3,80,0,200
BANKNIFTY30JAN2030100PE.NFO,07/01/2020,12:10:29,160.9,83.65,40,164.05,80,0,200
BANKNIFTY30JAN2030100PE.NFO,07/01/2020,12:10:30,160.9,75.05,40,163.8,40,0,200
BANKNIFTY30JAN2030100PE.NFO,07/01/2020,12:10:31,160.9,75.05,40,163.4,40,0,200
BANKNIFTY30JAN2030100PE.NFO,07/01/2020,12:10:32,160.9,75.05,40,163.1,40,0,200
BANKNIFTY30JAN2030100PE.NFO,07/01/2020,12:10:33,160.9,75.05,40,162.8,40,0,200
BANKNIFTY30JAN2030100PE.NFO,07/01/2020,12:10:34,160.9,75.05,40,162.55,40,0,200
BANKNIFTY30JAN2030100PE.NFO,07/01/2020,12:10:35,160.9,75.05,40,162.25,120,0,200
BANKNIFTY30JAN2030100PE.NFO,07/01/2020,12:10:37,160.9,75.05,40,161.9,40,0,200
BANKNIFTY30JAN2030100PE.NFO,07/01/2020,12:10:38,160.9,75.05,40,161.5,40,0,200
BANKNIFTY30JAN2030100PE.NFO,07/01/2020,12:10:39,160.9,75.05,40,161.25,80,0,200
BANKNIFTY30JAN2030100PE.NFO,07/01/2020,12:10:40,160.9,75.05,40,160.8,40,0,200
BANKNIFTY30JAN2030100PE.NFO,07/01/2020,12:10:41,160.9,75.05,40,160.45,40,0,200
BANKNIFTY30JAN2030100PE.NFO,07/01/2020,12:10:42,160.9,75.05,40,160.15,40,0,200
BANKNIFTY30JAN2030100PE.NFO,07/01/2020,12:10:43,160.9,75.05,40,159.85,40,0,200
BANKNIFTY30JAN2030100PE.NFO,07/01/2020,12:10:44,160.9,75.05,40,159.45,40,0,200
BANKNIFTY30JAN2030100PE.NFO,07/01/2020,12:10:45,160.9,75.05,40,159.1,40,0,200
BANKNIFTY30JAN2030100PE.NFO,07/01/2020,12:10:47,160.9,75.05,40,158.55,40,0,200
BANKNIFTY30JAN2030100PE.NFO,07/01/2020,12:10:48,160.9,75.05,40,158.15,40,0,200
BANKNIFTY30JAN2030100PE.NFO,07/01/2020,12:10:49,160.9,75.05,40,157.8,40,0,200
BANKNIFTY30JAN2030100PE.NFO,07/01/2020,12:10:51,160.9,75.05,40,157.35,40,0,200
BANKNIFTY30JAN2030100PE.NFO,07/01/2020,12:10:52,160.9,75.1,40,157,80,0,200
BANKNIFTY30JAN2030100PE.NFO,07/01/2020,12:10:53,160.9,75.95,40,165.95,40,0,200
BANKNIFTY30JAN2030100PE.NFO,07/01/2020,12:10:54,160.9,76.9,40,165.95,40,0,200
BANKNIFTY30JAN2030100PE.NFO,07/01/2020,12:10:55,160.9,77.8,40,165.95,40,0,200
BANKNIFTY30JAN2030100PE.NFO,07/01/2020,12:10:56,160.9,78.65,40,165.95,40,0,200
BANKNIFTY30JAN2030100PE.NFO,07/01/2020,12:10:57,160.9,79.25,40,165.95,40,0,200
BANKNIFTY30JAN2030100PE.NFO,07/01/2020,12:10:58,160.9,79.9,80,165.95,40,0,200
BANKNIFTY30JAN2030100PE.NFO,07/01/2020,12:11:00,160.9,80.75,80,165.95,40,0,200
BANKNIFTY30JAN2030100PE.NFO,07/01/2020,12:11:01,160.9,81.3,80,165.95,40,0,200
BANKNIFTY30JAN2030100PE.NFO,07/01/2020,12:11:02,160.9,81.9,40,165.95,40,0,200
BANKNIFTY30JAN2030100PE.NFO,07/01/2020,12:11:03,160.9,82.55,40,165.95,40,0,200
BANKNIFTY30JAN2030100PE.NFO,07/01/2020,12:11:04,160.9,83.7,40,165.95,40,0,200
BANKNIFTY30JAN2030100PE.NFO,07/01/2020,12:11:05,160.9,75.05,40,165.35,40,0,200
BANKNIFTY30JAN2030100PE.NFO,07/01/2020,12:11:07,160.9,75.05,40,164.85,40,0,200
BANKNIFTY30JAN2030100PE.NFO,07/01/2020,12:11:08,160.9,75.05,40,164.1,40,0,200
BANKNIFTY30JAN2030100PE.NFO,07/01/2020,12:11:09,160.9,75.05,40,163.6,120,0,200
BANKNIFTY30JAN2030100PE.NFO,07/01/2020,12:11:10,160.9,75.05,40,163.2,80,0,200
BANKNIFTY30JAN2030100PE.NFO,07/01/2020,12:11:11,160.9,75.05,40,162.85,80,0,200
BANKNIFTY30JAN2030100PE.NFO,07/01/2020,12:11:13,160.9,75.05,40,162.6,120,0,200
BANKNIFTY30JAN2030100PE.NFO,07/01/2020,12:11:14,160.9,75.05,40,162.25,80,0,200
BANKNIFTY30JAN2030100PE.NFO,07/01/2020,12:11:15,160.9,75.05,40,161.65,80,0,200
BANKNIFTY30JAN2030100PE.NFO,07/01/2020,12:11:16,160.9,75.05,40,160.4,40,0,200
BANKNIFTY30JAN2030100PE.NFO,07/01/2020,12:11:17,160.9,75.05,40,158.4,40,0,200
BANKNIFTY30JAN2030100PE.NFO,07/01/2020,12:11:18,160.9,75.05,40,158.1,80,0,200
BANKNIFTY30JAN2030100PE.NFO,07/01/2020,12:11:20,160.9,75.05,40,157.45,40,0,200
BANKNIFTY30JAN2030100PE.NFO,07/01/2020,12:11:21,160.9,75.2,40,157.1,40,0,200
BANKNIFTY30JAN2030100PE.NFO,07/01/2020,12:11:22,160.9,75.7,40,156.45,40,0,200
BANKNIFTY30JAN2030100PE.NFO,07/01/2020,12:11:23,160.9,76.15,80,165.95,40,0,200
BANKNIFTY30JAN2030100PE.NFO,07/01/2020,12:11:24,160.9,76.45,80,165.95,40,0,200
BANKNIFTY30JAN2030100PE.NFO,07/01/2020,12:11:26,160.9,76.7,120,165.95,40,0,200
BANKNIFTY30JAN2030100PE.NFO,07/01/2020,12:11:27,160.9,77.6,40,165.95,40,0,200
BANKNIFTY30JAN2030100PE.NFO,07/01/2020,12:11:28,160.9,78.9,40,165.95,40,0,200
BANKNIFTY30JAN2030100PE.NFO,07/01/2020,12:11:29,160.9,80.25,40,165.95,40,0,200
BANKNIFTY30JAN2030100PE.NFO,07/01/2020,12:11:30,160.9,81.7,40,165.95,40,0,200
BANKNIFTY30JAN2030100PE.NFO,07/01/2020,12:11:31,160.9,83.25,40,165.85,40,0,200
BANKNIFTY30JAN2030100PE.NFO,07/01/2020,12:11:32,160.9,84.55,40,165.6,40,0,200
BANKNIFTY30JAN2030100PE.NFO,07/01/2020,12:11:33,160.9,75.05,40,165.2,40,0,200
BANKNIFTY30JAN2030100PE.NFO,07/01/2020,12:11:34,160.9,75.05,40,164.9,40,0,200
BANKNIFTY30JAN2030100PE.NFO,07/01/2020,12:11:35,160.9,75.05,40,164.5,40,0,200
BANKNIFTY30JAN2030100PE.NFO,07/01/2020,12:11:36,160.9,75.05,40,164.15,40,0,200
BANKNIFTY30JAN2030100PE.NFO,07/01/2020,12:11:38,160.9,75.05,40,163.6,40,0,200
BANKNIFTY30JAN2030100PE.NFO,07/01/2020,12:11:39,160.9,75.05,40,163.4,80,0,200
BANKNIFTY30JAN2030100PE.NFO,07/01/2020,12:11:40,160.9,75.05,40,163.2,120,0,200
BANKNIFTY30JAN2030100PE.NFO,07/01/2020,12:11:41,160.9,75.05,40,162.85,40,0,200
BANKNIFTY30JAN2030100PE.NFO,07/01/2020,12:11:42,160.9,75.05,40,162.5,40,0,200
BANKNIFTY30JAN2030100PE.NFO,07/01/2020,12:11:43,160.9,75.05,40,162.3,120,0,200
BANKNIFTY30JAN2030100PE.NFO,07/01/2020,12:11:45,160.9,75.05,40,161.9,40,0,200
BANKNIFTY30JAN2030100PE.NFO,07/01/2020,12:11:46,160.9,75.05,40,161.7,80,0,200
BANKNIFTY30JAN2030100PE.NFO,07/01/2020,12:11:47,160.9,75.05,40,161.45,40,0,200
BANKNIFTY30JAN2030100PE.NFO,07/01/2020,12:11:48,160.9,75.05,40,161.15,40,0,200
BANKNIFTY30JAN2030100PE.NFO,07/01/2020,12:11:49,160.9,75.05,40,160.8,40,0,200
BANKNIFTY30JAN2030100PE.NFO,07/01/2020,12:11:50,160.9,75.05,40,160.45,40,0,200
BANKNIFTY30JAN2030100PE.NFO,07/01/2020,12:11:52,160.9,75.05,40,160.15,40,0,200
BANKNIFTY30JAN2030100PE.NFO,07/01/2020,12:11:53,160.9,75.05,40,159.8,40,0,200
BANKNIFTY30JAN2030100PE.NFO,07/01/2020,12:11:54,160.9,75.05,40,159.45,40,0,200
BANKNIFTY30JAN2030100PE.NFO,07/01/2020,12:11:55,160.9,75.05,40,159.1,80,0,200
BANKNIFTY30JAN2030100PE.NFO,07/01/2020,12:11:56,160.9,75.05,40,158.8,80,0,200
BANKNIFTY30JAN2030100PE.NFO,07/01/2020,12:11:57,160.9,75.05,40,158.55,40,0,200
BANKNIFTY30JAN2030100PE.NFO,07/01/2020,12:11:58,160.9,75.05,40,158.05,40,0,200
BANKNIFTY30JAN2030100PE.NFO,07/01/2020,12:11:59,160.9,75.05,40,157.65,40,0,200
BANKNIFTY30JAN2030100PE.NFO,07/01/2020,12:12:00,160.9,75.05,40,157.3,80,0,200
BANKNIFTY30JAN2030100PE.NFO,07/01/2020,12:12:02,160.9,75.05,40,157,80,0,200
BANKNIFTY30JAN2030100PE.NFO,07/01/2020,12:12:03,160.9,75.05,40,156.65,40,0,200
BANKNIFTY30JAN2030100PE.NFO,07/01/2020,12:12:04,160.9,75.05,40,156.25,40,0,200
BANKNIFTY30JAN2030100PE.NFO,07/01/2020,12:12:05,160.9,75.35,40,165.95,40,0,200
BANKNIFTY30JAN2030100PE.NFO,07/01/2020,12:12:06,160.9,75.75,40,165.5,40,0,200
BANKNIFTY30JAN2030100PE.NFO,07/01/2020,12:12:08,160.9,76.65,40,164.65,40,0,200
BANKNIFTY30JAN2030100PE.NFO,07/01/2020,12:12:09,160.9,77.35,40,164,40,0,200
BANKNIFTY30JAN2030100PE.NFO,07/01/2020,12:12:16,160.9,79.95,40,161.5,40,0,200
BANKNIFTY30JAN2030100PE.NFO,07/01/2020,12:12:22,160.9,82.05,40,159.35,40,0,200
BANKNIFTY30JAN2030100PE.NFO,07/01/2020,12:12:23,160.9,82.55,40,158.9,40,0,200
BANKNIFTY30JAN2030100PE.NFO,07/01/2020,12:12:25,160.9,83.55,40,158,40,0,200
BANKNIFTY30JAN2030100PE.NFO,07/01/2020,12:12:26,160.9,83.95,40,157.5,40,0,200
BANKNIFTY30JAN2030100PE.NFO,07/01/2020,12:12:28,160.9,84.8,40,165.9,40,0,200
BANKNIFTY30JAN2030100PE.NFO,07/01/2020,12:12:29,160.9,75.05,40,165.3,40,0,200
BANKNIFTY30JAN2030100PE.NFO,07/01/2020,12:12:30,160.9,75.05,40,165.05,40,0,200
BANKNIFTY30JAN2030100PE.NFO,07/01/2020,12:12:32,160.9,75.05,40,164.75,80,0,200
BANKNIFTY30JAN2030100PE.NFO,07/01/2020,12:12:33,160.9,75.05,40,164.5,40,0,200
BANKNIFTY30JAN2030100PE.NFO,07/01/2020,12:12:34,160.9,75.05,40,164.1,40,0,200
BANKNIFTY30JAN2030100PE.NFO,07/01/2020,12:12:35,160.9,75.05,40,163.8,40,0,200
BANKNIFTY30JAN2030100PE.NFO,07/01/2020,12:12:36,160.9,75.05,40,163.35,40,0,200
BANKNIFTY30JAN2030100PE.NFO,07/01/2020,12:12:37,160.9,75.05,40,163.1,40,0,200
BANKNIFTY30JAN2030100PE.NFO,07/01/2020,12:12:39,160.9,75.05,40,162.75,80,0,200
BANKNIFTY30JAN2030100PE.NFO,07/01/2020,12:12:40,160.9,75.05,40,162.45,40,0,200
BANKNIFTY30JAN2030100PE.NFO,07/01/2020,12:12:41,160.9,75.05,40,162,40,0,200
BANKNIFTY30JAN2030100PE.NFO,07/01/2020,12:12:42,160.9,75.05,40,161.6,40,0,200
BANKNIFTY30JAN2030100PE.NFO,07/01/2020,12:12:43,160.9,75.05,40,161.15,40,0,200
BANKNIFTY30JAN2030100PE.NFO,07/01/2020,12:12:44,160.9,75.05,40,160.7,40,0,200
BANKNIFTY30JAN2030100PE.NFO,07/01/2020,12:12:46,160.9,75.05,40,160.25,80,0,200
BANKNIFTY30JAN2030100PE.NFO,07/01/2020,12:12:47,160.9,75.05,40,159.9,40,0,200
BANKNIFTY30JAN2030100PE.NFO,07/01/2020,12:12:48,160.9,75.05,40,159.55,40,0,200
BANKNIFTY30JAN2030100PE.NFO,07/01/2020,12:12:49,160.9,75.05,40,159.2,40,0,200
BANKNIFTY30JAN2030100PE.NFO,07/01/2020,12:12:50,160.9,75.05,40,158.85,40,0,200
BANKNIFTY30JAN2030100PE.NFO,07/01/2020,12:12:51,160.9,75.05,40,158.5,80,0,200
BANKNIFTY30JAN2030100PE.NFO,07/01/2020,12:12:53,160.9,75.05,40,158.1,40,0,200
BANKNIFTY30JAN2030100PE.NFO,07/01/2020,12:12:54,160.9,75.05,40,157.85,120,0,200
BANKNIFTY30JAN2030100PE.NFO,07/01/2020,12:12:55,160.9,75.05,40,157.5,120,0,200
BANKNIFTY30JAN2030100PE.NFO,07/01/2020,12:12:56,160.9,75.05,40,157.05,40,0,200
BANKNIFTY30JAN2030100PE.NFO,07/01/2020,12:12:57,160.9,75.2,40,156.65,40,0,200
BANKNIFTY30JAN2030100PE.NFO,07/01/2020,12:12:58,160.9,76.3,40,165.95,40,0,200
BANKNIFTY30JAN2030100PE.NFO,07/01/2020,12:13:00,160.9,77.3,80,165.95,40,0,200
BANKNIFTY30JAN2030100PE.NFO,07/01/2020,12:13:01,160.9,77.9,80,165.95,40,0,200
BANKNIFTY30JAN2030100PE.NFO,07/01/2020,12:13:02,160.9,78.55,40,165.95,40,0,200
BANKNIFTY30JAN2030100PE.NFO,07/01/2020,12:13:03,160.9,79.6,40,165.95,40,0,200
BANKNIFTY30JAN2030100PE.NFO,07/01/2020,12:13:04,160.9,81.8,40,165.95,40,0,200
BANKNIFTY30JAN2030100PE.NFO,07/01/2020,12:13:05,160.9,82.9,40,165.8,40,0,200
BANKNIFTY30JAN2030100PE.NFO,07/01/2020,12:13:07,160.9,83.2,40,165.3,40,0,200
BANKNIFTY30JAN2030100PE.NFO,07/01/2020,12:13:09,160.9,83.7,40,164.65,40,0,200
BANKNIFTY30JAN2030100PE.NFO,07/01/2020,12:13:10,160.9,75.05,40,164.2,40,0,200
BANKNIFTY30JAN2030100PE.NFO,07/01/2020,12:13:12,160.9,75.05,40,163.55,40,0,200
BANKNIFTY30JAN2030100PE.NFO,07/01/2020,12:13:13,160.9,75.05,40,163.1,40,0,200
BANKNIFTY30JAN2030100PE.NFO,07/01/2020,12:13:14,160.9,75.05,40,162.55,80,0,200
BANKNIFTY30JAN2030100PE.NFO,07/01/2020,12:13:16,160.9,75.05,40,162,40,0,200
BANKNIFTY30JAN2030100PE.NFO,07/01/2020,12:13:17,160.9,75.05,40,161.75,40,0,200
BANKNIFTY30JAN2030100PE.NFO,07/01/2020,12:13:18,160.9,75.05,40,160.55,40,0,200
BANKNIFTY30JAN2030100PE.NFO,07/01/2020,12:13:19,160.9,75.05,40,160.05,80,0,200
BANKNIFTY30JAN2030100PE.NFO,07/01/2020,12:13:21,160.9,75.05,40,159.4,40,0,200
BANKNIFTY30JAN2030100PE.NFO,07/01/2020,12:13:22,160.9,75.05,40,158.85,40,0,200
BANKNIFTY30JAN2030100PE.NFO,07/01/2020,12:13:23,160.9,75.05,40,157.9,40,0,200
BANKNIFTY30JAN2030100PE.NFO,07/01/2020,12:13:25,160.9,75.05,40,157.45,40,0,200
BANKNIFTY30JAN2030100PE.NFO,07/01/2020,12:13:26,160.9,75.05,40,156.9,40,0,200
BANKNIFTY30JAN2030100PE.NFO,07/01/2020,12:13:27,160.9,75.05,40,156.45,80,0,200
BANKNIFTY30JAN2030100PE.NFO,07/01/2020,12:13:28,160.9,75.05,40,156.2,80,0,200
BANKNIFTY30JAN2030100PE.NFO,07/01/2020,12:13:30,160.9,75.05,40,155.85,80,0,200
BANKNIFTY30JAN2030100PE.NFO,07/01/2020,12:13:31,160.9,75.05,40,155.55,40,0,200
BANKNIFTY30JAN2030100PE.NFO,07/01/2020,12:13:32,160.9,75.05,40,153.8,40,0,200
BANKNIFTY30JAN2030100PE.NFO,07/01/2020,12:13:33,160.9,75.05,40,153.45,120,0,200
BANKNIFTY30JAN2030100PE.NFO,07/01/2020,12:13:35,160.9,75.3,40,165.8,80,0,200
BANKNIFTY30JAN2030100PE.NFO,07/01/2020,12:13:36,160.9,75.7,40,165.45,40,0,200
BANKNIFTY30JAN2030100PE.NFO,07/01/2020,12:13:37,160.9,76.2,40,165.1,40,0,200
BANKNIFTY30JAN2030100PE.NFO,07/01/2020,12:13:38,160.9,76.7,40,164.65,40,0,200
BANKNIFTY30JAN2030100PE.NFO,07/01/2020,12:13:43,160.9,78.4,40,163.05,40,0,200
BANKNIFTY30JAN2030100PE.NFO,07/01/2020,12:13:44,160.9,78.8,40,162.55,40,0,200
BANKNIFTY30JAN2030100PE.NFO,07/01/2020,12:17:54,160.9,79.7,40,165.85,80,0,200
BANKNIFTY30JAN2030100PE.NFO,07/01/2020,12:17:56,160.9,80.15,40,165.5,80,0,200
BANKNIFTY30JAN2030100PE.NFO,07/01/2020,12:17:57,160.9,75.05,40,165.2,40,0,200
BANKNIFTY30JAN2030100PE.NFO,07/01/2020,12:17:58,160.9,75.05,40,164.85,40,0,200
BANKNIFTY30JAN2030100PE.NFO,07/01/2020,12:17:59,160.9,75.05,40,164.5,80,0,200
BANKNIFTY30JAN2030100PE.NFO,07/01/2020,12:18:00,160.9,75.05,40,164.15,40,0,200
BANKNIFTY30JAN2030100PE.NFO,07/01/2020,12:18:01,160.9,75.05,40,163.75,40,0,200
BANKNIFTY30JAN2030100PE.NFO,07/01/2020,12:18:02,160.9,75.05,40,163.5,120,0,200
BANKNIFTY30JAN2030100PE.NFO,07/01/2020,12:18:03,160.9,75.05,40,163.15,40,0,200
BANKNIFTY30JAN2030100PE.NFO,07/01/2020,12:18:04,160.9,75.05,40,163,120,0,200
BANKNIFTY30JAN2030100PE.NFO,07/01/2020,12:18:05,160.9,75.05,40,162.7,40,0,200
BANKNIFTY30JAN2030100PE.NFO,07/01/2020,12:18:06,160.9,75.05,40,162.45,40,0,200
BANKNIFTY30JAN2030100PE.NFO,07/01/2020,12:18:07,160.9,75.05,40,162.15,120,0,200
BANKNIFTY30JAN2030100PE.NFO,07/01/2020,12:18:08,160.9,75.05,40,161.8,40,0,200
BANKNIFTY30JAN2030100PE.NFO,07/01/2020,12:18:09,160.9,75.05,40,161.45,120,0,200
BANKNIFTY30JAN2030100PE.NFO,07/01/2020,12:18:10,160.9,75.05,40,161.15,40,0,200
BANKNIFTY30JAN2030100PE.NFO,07/01/2020,12:18:12,160.9,75.15,40,165.95,80,0,200
BANKNIFTY30JAN2030100PE.NFO,07/01/2020,12:18:13,160.9,75.45,40,165.75,40,0,200
BANKNIFTY30JAN2030100PE.NFO,07/01/2020,12:18:14,160.9,75.75,40,165.4,40,0,200
BANKNIFTY30JAN2030100PE.NFO,07/01/2020,12:18:15,160.9,76.2,40,165,40,0,200
BANKNIFTY30JAN2030100PE.NFO,07/01/2020,12:18:17,160.9,76.95,40,164.3,40,0,200
BANKNIFTY30JAN2030100PE.NFO,07/01/2020,12:18:24,160.9,79.05,40,162.15,40,0,200
BANKNIFTY30JAN2030100PE.NFO,07/01/2020,12:18:27,160.9,75.05,40,161.1,80,0,200
BANKNIFTY30JAN2030100PE.NFO,07/01/2020,12:18:28,160.9,75.05,40,159.6,40,0,200
BANKNIFTY30JAN2030100PE.NFO,07/01/2020,12:18:29,160.9,75.2,40,165.95,40,0,200
BANKNIFTY30JAN2030100PE.NFO,07/01/2020,12:18:30,160.9,75.5,40,165.95,40,0,200
BANKNIFTY30JAN2030100PE.NFO,07/01/2020,12:20:21,160.9,75.7,40,165.95,40,0,200
BANKNIFTY30JAN2030100PE.NFO,07/01/2020,12:20:22,160.9,76.1,40,165.95,40,0,200
BANKNIFTY30JAN2030100PE.NFO,07/01/2020,12:20:23,160.9,76.5,40,165.95,40,0,200
BANKNIFTY30JAN2030100PE.NFO,07/01/2020,12:20:25,160.9,76.8,40,165.95,40,0,200
BANKNIFTY30JAN2030100PE.NFO,07/01/2020,12:23:14,160.9,77,40,165.85,40,0,200
BANKNIFTY30JAN2030100PE.NFO,07/01/2020,12:23:15,160.9,77.25,40,165.65,40,0,200
BANKNIFTY30JAN2030100PE.NFO,07/01/2020,12:23:16,160.9,77.6,40,165.35,40,0,200
BANKNIFTY30JAN2030100PE.NFO,07/01/2020,12:23:22,160.9,79.2,40,163.7,40,0,200
BANKNIFTY30JAN2030100PE.NFO,07/01/2020,12:23:23,160.9,79.5,40,163.45,40,0,200
BANKNIFTY30JAN2030100PE.NFO,07/01/2020,12:23:25,160.9,79.85,40,163.05,40,0,200
BANKNIFTY30JAN2030100PE.NFO,07/01/2020,12:23:26,160.9,80.2,40,162.75,40,0,200
BANKNIFTY30JAN2030100PE.NFO,07/01/2020,12:23:27,160.9,75.05,40,162.3,40,0,200
BANKNIFTY30JAN2030100PE.NFO,07/01/2020,12:23:28,160.9,75.05,40,162.1,120,0,200
BANKNIFTY30JAN2030100PE.NFO,07/01/2020,12:23:29,160.9,75.05,40,161.75,40,0,200
BANKNIFTY30JAN2030100PE.NFO,07/01/2020,12:23:30,160.9,75.05,40,161.35,40,0,200
BANKNIFTY30JAN2030100PE.NFO,07/01/2020,12:23:31,160.9,75.05,40,161,40,0,200
BANKNIFTY30JAN2030100PE.NFO,07/01/2020,12:23:33,160.9,75.05,40,160.65,40,0,200
BANKNIFTY30JAN2030100PE.NFO,07/01/2020,12:23:34,160.9,75.05,40,160.3,120,0,200
BANKNIFTY30JAN2030100PE.NFO,07/01/2020,12:23:35,160.9,75.05,40,160,40,0,200
BANKNIFTY30JAN2030100PE.NFO,07/01/2020,12:23:36,160.9,75.65,40,165.95,40,0,200
BANKNIFTY30JAN2030100PE.NFO,07/01/2020,12:23:37,160.9,76.3,40,165.95,40,0,200
BANKNIFTY30JAN2030100PE.NFO,07/01/2020,12:23:39,160.9,77.45,40,165.95,40,0,200
BANKNIFTY30JAN2030100PE.NFO,07/01/2020,12:23:40,160.9,78.7,40,165.95,40,0,200
BANKNIFTY30JAN2030100PE.NFO,07/01/2020,12:23:41,160.9,79.4,40,165.95,40,0,200
BANKNIFTY30JAN2030100PE.NFO,07/01/2020,12:23:43,160.9,80.35,40,165.1,40,0,200
BANKNIFTY30JAN2030100PE.NFO,07/01/2020,12:23:44,160.9,80.65,40,164.75,40,0,200
BANKNIFTY30JAN2030100PE.NFO,07/01/2020,12:23:46,160.9,81.05,40,164.4,40,0,200
BANKNIFTY30JAN2030100PE.NFO,07/01/2020,12:23:48,160.9,81.85,40,163.5,40,0,200
BANKNIFTY30JAN2030100PE.NFO,07/01/2020,12:23:49,160.9,82.35,40,163.15,40,0,200
BANKNIFTY30JAN2030100PE.NFO,07/01/2020,12:23:50,160.9,82.85,40,162.7,40,0,200
BANKNIFTY30JAN2030100PE.NFO,07/01/2020,12:23:52,160.9,83.3,40,162.2,40,0,200
BANKNIFTY30JAN2030100PE.NFO,07/01/2020,12:23:54,160.9,84.05,40,161.4,40,0,200
BANKNIFTY30JAN2030100PE.NFO,07/01/2020,12:23:56,160.9,75.05,40,159.95,40,0,200
BANKNIFTY30JAN2030100PE.NFO,07/01/2020,12:23:57,160.9,75.05,40,158.55,40,0,200
BANKNIFTY30JAN2030100PE.NFO,07/01/2020,12:23:58,160.9,75.05,40,157.7,40,0,200
BANKNIFTY30JAN2030100PE.NFO,07/01/2020,12:23:59,160.9,75.05,40,157.4,120,0,200
BANKNIFTY30JAN2030100PE.NFO,07/01/2020,12:24:01,160.9,75.05,40,157.1,120,0,200
BANKNIFTY30JAN2030100PE.NFO,07/01/2020,12:24:02,160.9,75.35,40,165.95,40,0,200
BANKNIFTY30JAN2030100PE.NFO,07/01/2020,12:24:03,160.9,75.75,80,165.95,40,0,200
BANKNIFTY30JAN2030100PE.NFO,07/01/2020,12:24:04,160.9,76.1,40,165.95,40,0,200
BANKNIFTY30JAN2030100PE.NFO,07/01/2020,12:24:05,160.9,76.75,40,165.95,40,0,200
BANKNIFTY30JAN2030100PE.NFO,07/01/2020,12:24:07,160.9,77.75,40,165.95,40,0,200
BANKNIFTY30JAN2030100PE.NFO,07/01/2020,12:24:08,160.9,78.6,40,165.95,40,0,200
BANKNIFTY30JAN2030100PE.NFO,07/01/2020,12:24:09,160.9,79.55,40,165.65,40,0,200
BANKNIFTY30JAN2030100PE.NFO,07/01/2020,12:24:10,160.9,80.1,40,165.35,40,0,200
BANKNIFTY30JAN2030100PE.NFO,07/01/2020,12:24:11,160.9,80.5,40,165.1,40,0,200
BANKNIFTY30JAN2030100PE.NFO,07/01/2020,12:24:13,160.9,81,40,164.85,40,0,200
BANKNIFTY30JAN2030100PE.NFO,07/01/2020,12:24:14,160.9,81.45,40,164.55,40,0,200
BANKNIFTY30JAN2030100PE.NFO,07/01/2020,12:24:15,160.9,81.95,40,164.25,40,0,200
BANKNIFTY30JAN2030100PE.NFO,07/01/2020,12:24:16,160.9,82.45,40,163.95,40,0,200
BANKNIFTY30JAN2030100PE.NFO,07/01/2020,12:24:17,160.9,82.9,40,163.65,40,0,200
BANKNIFTY30JAN2030100PE.NFO,07/01/2020,12:24:19,160.9,83.3,40,163.3,40,0,200
BANKNIFTY30JAN2030100PE.NFO,07/01/2020,12:24:20,160.9,83.95,40,162.95,40,0,200
BANKNIFTY30JAN2030100PE.NFO,07/01/2020,12:24:21,160.9,84.5,40,162.6,40,0,200
BANKNIFTY30JAN2030100PE.NFO,07/01/2020,12:24:22,160.9,75,2000,162.25,120,0,200
BANKNIFTY30JAN2030100PE.NFO,07/01/2020,12:24:23,160.9,75,2000,161.8,40,0,200
BANKNIFTY30JAN2030100PE.NFO,07/01/2020,12:24:25,160.9,75,2000,161.4,120,0,200
BANKNIFTY30JAN2030100PE.NFO,07/01/2020,12:24:26,160.9,75,2000,160.95,80,0,200
BANKNIFTY30JAN2030100PE.NFO,07/01/2020,12:24:27,160.9,75,2000,160.55,80,0,200
BANKNIFTY30JAN2030100PE.NFO,07/01/2020,12:24:28,160.9,75,2000,159.95,40,0,200
BANKNIFTY30JAN2030100PE.NFO,07/01/2020,12:24:29,160.9,75,2000,158.85,40,0,200
BANKNIFTY30JAN2030100PE.NFO,07/01/2020,12:24:30,160.9,75,2000,158,40,0,200
BANKNIFTY30JAN2030100PE.NFO,07/01/2020,12:24:32,160.9,75,2000,157.6,120,0,200
BANKNIFTY30JAN2030100PE.NFO,07/01/2020,12:24:33,160.9,75,2000,157.05,40,0,200
BANKNIFTY30JAN2030100PE.NFO,07/01/2020,12:24:34,160.9,75,2000,156.6,80,0,200
BANKNIFTY30JAN2030100PE.NFO,07/01/2020,12:24:35,160.9,75,2000,156,40,0,200
BANKNIFTY30JAN2030100PE.NFO,07/01/2020,12:24:36,160.9,75.3,40,165.95,40,0,200
BANKNIFTY30JAN2030100PE.NFO,07/01/2020,12:24:38,160.9,75.7,40,165.95,40,0,200
BANKNIFTY30JAN2030100PE.NFO,07/01/2020,12:24:39,160.9,76.05,80,165.95,40,0,200
BANKNIFTY30JAN2030100PE.NFO,07/01/2020,12:24:40,160.9,76.45,40,165.95,40,0,200
BANKNIFTY30JAN2030100PE.NFO,07/01/2020,12:24:41,160.9,76.8,80,165.95,40,0,200
BANKNIFTY30JAN2030100PE.NFO,07/01/2020,12:24:42,160.9,77.15,80,165.95,40,0,200
BANKNIFTY30JAN2030100PE.NFO,07/01/2020,12:24:43,160.9,77.55,40,165.95,40,0,200
BANKNIFTY30JAN2030100PE.NFO,07/01/2020,12:24:44,160.9,77.9,80,165.95,40,0,200
BANKNIFTY30JAN2030100PE.NFO,07/01/2020,12:24:45,160.9,78.1,40,165.95,40,0,200
BANKNIFTY30JAN2030100PE.NFO,07/01/2020,12:24:46,160.9,78.4,80,165.95,40,0,200
BANKNIFTY30JAN2030100PE.NFO,07/01/2020,12:24:47,160.9,78.7,40,165.95,40,0,200
BANKNIFTY30JAN2030100PE.NFO,07/01/2020,12:24:48,160.9,79,80,165.95,40,0,200
BANKNIFTY30JAN2030100PE.NFO,07/01/2020,12:24:49,160.9,79.3,40,165.95,40,0,200
BANKNIFTY30JAN2030100PE.NFO,07/01/2020,12:24:51,160.9,79.65,40,165.95,40,0,200
BANKNIFTY30JAN2030100PE.NFO,07/01/2020,12:24:52,160.9,79.95,80,165.95,40,0,200
BANKNIFTY30JAN2030100PE.NFO,07/01/2020,12:24:53,160.9,80.45,40,165.95,40,0,200
BANKNIFTY30JAN2030100PE.NFO,07/01/2020,12:24:54,160.9,80.75,80,165.95,40,0,200
BANKNIFTY30JAN2030100PE.NFO,07/01/2020,12:24:55,160.9,81.05,120,165.95,40,0,200
BANKNIFTY30JAN2030100PE.NFO,07/01/2020,12:24:56,160.9,81.35,40,165.95,40,0,200
BANKNIFTY30JAN2030100PE.NFO,07/01/2020,12:24:57,160.9,81.75,40,165.95,40,0,200
BANKNIFTY30JAN2030100PE.NFO,07/01/2020,12:24:58,160.9,82,40,165.95,40,0,200
BANKNIFTY30JAN2030100PE.NFO,07/01/2020,12:25:00,160.9,82.35,40,165.85,40,0,200
BANKNIFTY30JAN2030100PE.NFO,07/01/2020,12:25:01,160.9,75.05,40,165.3,80,0,200
BANKNIFTY30JAN2030100PE.NFO,07/01/2020,12:25:02,160.9,75.05,40,164.95,80,0,200
BANKNIFTY30JAN2030100PE.NFO,07/01/2020,12:25:03,160.9,75.05,40,164.45,40,0,200
BANKNIFTY30JAN2030100PE.NFO,07/01/2020,12:25:04,160.9,75.05,40,163.9,40,0,200
BANKNIFTY30JAN2030100PE.NFO,07/01/2020,12:25:06,160.9,75.05,40,163.55,80,0,200
BANKNIFTY30JAN2030100PE.NFO,07/01/2020,12:25:07,160.9,75.05,40,163.5,40,0,200
BANKNIFTY30JAN2030100PE.NFO,07/01/2020,12:27:01,160.9,75.05,40,163.1,40,0,180
BANKNIFTY30JAN2030100PE.NFO,07/01/2020,12:27:02,160.9,75.05,40,165.7,40,0,180
BANKNIFTY30JAN2030100PE.NFO,07/01/2020,12:27:03,160.9,75.05,40,165.3,80,0,180
BANKNIFTY30JAN2030100PE.NFO,07/01/2020,12:27:05,160.9,75.05,40,165,120,0,180
BANKNIFTY30JAN2030100PE.NFO,07/01/2020,12:27:06,160.9,75.05,40,164.65,80,0,180
BANKNIFTY30JAN2030100PE.NFO,07/01/2020,12:27:07,160.9,75.05,40,164.2,80,0,180
BANKNIFTY30JAN2030100PE.NFO,07/01/2020,12:27:08,160.9,75.05,40,163.6,40,0,180
BANKNIFTY30JAN2030100PE.NFO,07/01/2020,12:27:09,160.9,75.2,40,166,20,0,180
BANKNIFTY30JAN2030100PE.NFO,07/01/2020,12:27:10,160.9,75.65,40,165.75,40,0,180
BANKNIFTY30JAN2030100PE.NFO,07/01/2020,12:27:11,160.9,76.25,40,165.6,80,0,180
BANKNIFTY30JAN2030100PE.NFO,07/01/2020,12:27:13,160.9,77.15,40,165.3,80,0,180
BANKNIFTY30JAN2030100PE.NFO,07/01/2020,12:27:14,160.9,78.05,40,165,80,0,180
BANKNIFTY30JAN2030100PE.NFO,07/01/2020,12:27:15,160.9,78.65,40,164.75,80,0,180
BANKNIFTY30JAN2030100PE.NFO,07/01/2020,12:27:16,160.9,79.2,40,164.45,40,0,180
BANKNIFTY30JAN2030100PE.NFO,07/01/2020,12:27:18,160.9,79.85,40,164.2,80,0,180
BANKNIFTY30JAN2030100PE.NFO,07/01/2020,12:27:19,160.9,80.4,40,163.95,80,0,180
BANKNIFTY30JAN2030100PE.NFO,07/01/2020,12:27:20,160.9,81.1,40,163.7,80,0,180
BANKNIFTY30JAN2030100PE.NFO,07/01/2020,12:27:21,160.9,81.9,40,163.4,80,0,180
BANKNIFTY30JAN2030100PE.NFO,07/01/2020,12:27:22,160.9,82.5,40,163.1,40,0,180
BANKNIFTY30JAN2030100PE.NFO,07/01/2020,12:27:23,160.9,83.2,40,162.9,80,0,180
BANKNIFTY30JAN2030100PE.NFO,07/01/2020,12:27:25,160.9,84.1,40,162.6,40,0,180
BANKNIFTY30JAN2030100PE.NFO,07/01/2020,12:27:26,160.9,84.75,40,162.35,40,0,180
BANKNIFTY30JAN2030100PE.NFO,07/01/2020,12:27:27,160.9,75,2000,162.1,120,0,180
BANKNIFTY30JAN2030100PE.NFO,07/01/2020,12:27:28,160.9,75.2,80,165.95,40,0,180
BANKNIFTY30JAN2030100PE.NFO,07/01/2020,12:27:29,160.9,75.55,40,165.95,40,0,180
BANKNIFTY30JAN2030100PE.NFO,07/01/2020,12:27:30,160.9,75.9,80,165.95,40,0,180
BANKNIFTY30JAN2030100PE.NFO,07/01/2020,12:27:32,160.9,76.25,40,165.95,40,0,180
BANKNIFTY30JAN2030100PE.NFO,07/01/2020,12:27:33,160.9,76.65,80,165.95,40,0,180
BANKNIFTY30JAN2030100PE.NFO,07/01/2020,12:27:34,160.9,77.05,80,165.95,40,0,180
BANKNIFTY30JAN2030100PE.NFO,07/01/2020,12:27:35,160.9,77.4,80,165.95,40,0,180
BANKNIFTY30JAN2030100PE.NFO,07/01/2020,12:27:36,160.9,77.8,80,165.95,40,0,180
BANKNIFTY30JAN2030100PE.NFO,07/01/2020,12:27:38,160.9,78.25,120,165.95,40,0,180
BANKNIFTY30JAN2030100PE.NFO,07/01/2020,12:27:39,160.9,78.7,80,165.95,40,0,180
BANKNIFTY30JAN2030100PE.NFO,07/01/2020,12:27:40,160.9,78.9,80,165.95,40,0,180
BANKNIFTY30JAN2030100PE.NFO,07/01/2020,12:27:41,160.9,79.4,80,165.95,40,0,180
BANKNIFTY30JAN2030100PE.NFO,07/01/2020,12:27:42,160.9,79.95,120,165.95,40,0,180
BANKNIFTY30JAN2030100PE.NFO,07/01/2020,12:27:43,160.9,80.5,40,165.95,40,0,180
BANKNIFTY30JAN2030100PE.NFO,07/01/2020,12:27:45,160.9,81.25,40,165.95,40,0,180
BANKNIFTY30JAN2030100PE.NFO,07/01/2020,12:27:46,160.9,81.7,40,165.6,40,0,180
BANKNIFTY30JAN2030100PE.NFO,07/01/2020,12:27:47,160.9,75.05,40,165.15,40,0,180
BANKNIFTY30JAN2030100PE.NFO,07/01/2020,12:27:48,160.9,75.05,40,164.7,120,0,180
BANKNIFTY30JAN2030100PE.NFO,07/01/2020,12:27:49,160.9,75.05,40,164.25,80,0,180
BANKNIFTY30JAN2030100PE.NFO,07/01/2020,12:27:50,160.9,75.05,40,163.7,80,0,180
BANKNIFTY30JAN2030100PE.NFO,07/01/2020,12:27:51,160.9,75.05,40,163.3,80,0,180
BANKNIFTY30JAN2030100PE.NFO,07/01/2020,12:27:52,160.9,75.05,40,162.8,80,0,180
BANKNIFTY30JAN2030100PE.NFO,07/01/2020,12:27:53,160.9,75.05,40,162.5,80,0,180
BANKNIFTY30JAN2030100PE.NFO,07/01/2020,12:27:54,160.9,75.05,40,162.05,80,0,180
BANKNIFTY30JAN2030100PE.NFO,07/01/2020,12:27:56,160.9,75.15,40,165.95,40,0,180
BANKNIFTY30JAN2030100PE.NFO,07/01/2020,12:27:57,160.9,75.65,40,165.95,40,0,180
BANKNIFTY30JAN2030100PE.NFO,07/01/2020,12:27:58,160.9,76.25,40,165.95,40,0,180
BANKNIFTY30JAN2030100PE.NFO,07/01/2020,12:27:59,160.9,77.05,40,165.95,40,0,180
BANKNIFTY30JAN2030100PE.NFO,07/01/2020,12:28:00,160.9,77.65,40,165.95,40,0,180
BANKNIFTY30JAN2030100PE.NFO,07/01/2020,12:28:01,160.9,78.1,40,165.65,40,0,180
BANKNIFTY30JAN2030100PE.NFO,07/01/2020,12:28:03,160.9,78.9,40,165.35,40,0,180
BANKNIFTY30JAN2030100PE.NFO,07/01/2020,12:28:04,160.9,79.7,40,165.1,40,0,180
BANKNIFTY30JAN2030100PE.NFO,07/01/2020,12:28:05,160.9,80.65,40,164.85,40,0,180
BANKNIFTY30JAN2030100PE.NFO,07/01/2020,12:28:06,160.9,81.15,40,164.65,40,0,180
BANKNIFTY30JAN2030100PE.NFO,07/01/2020,12:28:08,160.9,81.8,40,165.95,40,0,180
BANKNIFTY30JAN2030100PE.NFO,07/01/2020,12:28:09,160.9,82.45,40,165.95,40,0,180
BANKNIFTY30JAN2030100PE.NFO,07/01/2020,12:28:10,160.9,82.95,80,165.95,40,0,180
BANKNIFTY30JAN2030100PE.NFO,07/01/2020,12:28:11,160.9,83.6,40,165.95,40,0,180
BANKNIFTY30JAN2030100PE.NFO,07/01/2020,12:28:12,160.9,84.3,40,165.95,40,0,180
BANKNIFTY30JAN2030100PE.NFO,07/01/2020,12:28:14,160.9,75.05,40,165.7,40,0,180
BANKNIFTY30JAN2030100PE.NFO,07/01/2020,12:28:15,160.9,75.05,40,165.25,80,0,180
BANKNIFTY30JAN2030100PE.NFO,07/01/2020,12:28:16,160.9,75.05,40,164.9,40,0,180
BANKNIFTY30JAN2030100PE.NFO,07/01/2020,12:28:17,160.9,75.05,40,164.6,120,0,180
BANKNIFTY30JAN2030100PE.NFO,07/01/2020,12:28:18,160.9,75.05,40,164.35,80,0,180
BANKNIFTY30JAN2030100PE.NFO,07/01/2020,12:28:20,160.9,75.05,40,163.9,40,0,180
BANKNIFTY30JAN2030100PE.NFO,07/01/2020,12:28:21,160.9,75.05,40,163.45,80,0,180
BANKNIFTY30JAN2030100PE.NFO,07/01/2020,12:28:22,160.9,75.05,40,162.7,40,0,180
BANKNIFTY30JAN2030100PE.NFO,07/01/2020,12:28:23,160.9,75.05,40,161.75,40,0,180
BANKNIFTY30JAN2030100PE.NFO,07/01/2020,12:28:24,160.9,75.1,40,165.75,40,0,180
BANKNIFTY30JAN2030100PE.NFO,07/01/2020,12:28:25,160.9,75.35,40,165.05,40,0,180
BANKNIFTY30JAN2030100PE.NFO,07/01/2020,12:28:26,160.9,75.6,40,164.3,40,0,180
BANKNIFTY30JAN2030100PE.NFO,07/01/2020,12:28:27,160.9,75.85,40,163.4,40,0,180
BANKNIFTY30JAN2030100PE.NFO,07/01/2020,12:28:28,160.9,76.05,40,162.9,40,0,180
BANKNIFTY30JAN2030100PE.NFO,07/01/2020,12:28:30,160.9,76.3,40,162.15,40,0,180
BANKNIFTY30JAN2030100PE.NFO,07/01/2020,12:28:31,160.9,76.55,40,161.5,40,0,180
BANKNIFTY30JAN2030100PE.NFO,07/01/2020,12:28:32,160.9,76.85,40,165.95,40,0,180
BANKNIFTY30JAN2030100PE.NFO,07/01/2020,12:28:33,160.9,77.05,80,165.95,40,0,180
BANKNIFTY30JAN2030100PE.NFO,07/01/2020,12:28:34,160.9,77.4,40,165.95,40,0,180
BANKNIFTY30JAN2030100PE.NFO,07/01/2020,12:28:36,160.9,77.75,120,165.95,40,0,180
BANKNIFTY30JAN2030100PE.NFO,07/01/2020,12:28:37,160.9,78.05,80,165.95,40,0,180
BANKNIFTY30JAN2030100PE.NFO,07/01/2020,12:28:38,160.9,78.35,80,165.95,40,0,180
BANKNIFTY30JAN2030100PE.NFO,07/01/2020,12:28:39,160.9,78.75,80,165.95,40,0,180
BANKNIFTY30JAN2030100PE.NFO,07/01/2020,12:28:40,160.9,79.15,80,165.95,40,0,180
BANKNIFTY30JAN2030100PE.NFO,07/01/2020,12:28:42,160.9,79.5,120,165.95,40,0,180
BANKNIFTY30JAN2030100PE.NFO,07/01/2020,12:28:43,160.9,79.8,40,165.95,40,0,180
BANKNIFTY30JAN2030100PE.NFO,07/01/2020,12:28:44,160.9,80.2,120,165.95,40,0,180
BANKNIFTY30JAN2030100PE.NFO,07/01/2020,12:28:45,160.9,80.55,40,165.95,40,0,180
BANKNIFTY30JAN2030100PE.NFO,07/01/2020,12:28:46,160.9,80.9,40,165.95,40,0,180
BANKNIFTY30JAN2030100PE.NFO,07/01/2020,12:28:47,160.9,81.15,40,165.75,40,0,180
BANKNIFTY30JAN2030100PE.NFO,07/01/2020,12:28:49,160.9,81.6,40,165.4,40,0,180
BANKNIFTY30JAN2030100PE.NFO,07/01/2020,12:28:51,160.9,82.35,40,164.7,40,0,180
BANKNIFTY30JAN2030100PE.NFO,07/01/2020,12:28:52,160.9,82.65,40,164.35,40,0,180
BANKNIFTY30JAN2030100PE.NFO,07/01/2020,12:28:55,160.9,82.8,40,166,20,0,180
BANKNIFTY30JAN2030100PE.NFO,07/01/2020,12:28:56,160.9,83.2,80,166,20,0,180
BANKNIFTY30JAN2030100PE.NFO,07/01/2020,12:28:58,160.9,83.45,120,166,20,0,180
BANKNIFTY30JAN2030100PE.NFO,07/01/2020,12:28:59,160.9,83.75,80,166,20,0,180
BANKNIFTY30JAN2030100PE.NFO,07/01/2020,12:29:00,160.9,84.1,40,166,20,0,180
BANKNIFTY30JAN2030100PE.NFO,07/01/2020,12:29:01,160.9,84.45,80,166,20,0,180
BANKNIFTY30JAN2030100PE.NFO,07/01/2020,12:29:03,160.9,84.75,80,166,20,0,180
BANKNIFTY30JAN2030100PE.NFO,07/01/2020,12:29:04,160.9,85.15,80,166,20,0,180
BANKNIFTY30JAN2030100PE.NFO,07/01/2020,12:29:05,160.9,85.35,80,166,20,0,180
BANKNIFTY30JAN2030100PE.NFO,07/01/2020,12:29:07,160.9,85.65,40,166,20,0,180
BANKNIFTY30JAN2030100PE.NFO,07/01/2020,12:29:08,160.9,86.25,80,166,20,0,180
BANKNIFTY30JAN2030100PE.NFO,07/01/2020,12:29:09,160.9,86.6,40,166,20,0,180
BANKNIFTY30JAN2030100PE.NFO,07/01/2020,12:29:11,160.9,87.05,40,166,20,0,180
BANKNIFTY30JAN2030100PE.NFO,07/01/2020,12:29:12,160.9,87.3,160,166,20,0,180
BANKNIFTY30JAN2030100PE.NFO,07/01/2020,12:29:13,160.9,87.65,80,166,20,0,180
BANKNIFTY30JAN2030100PE.NFO,07/01/2020,12:29:14,160.9,87.95,120,166,20,0,180
BANKNIFTY30JAN2030100PE.NFO,07/01/2020,12:29:16,160.9,88.35,80,166,20,0,180
BANKNIFTY30JAN2030100PE.NFO,07/01/2020,12:29:17,160.9,88.75,160,166,20,0,180
BANKNIFTY30JAN2030100PE.NFO,07/01/2020,12:29:18,160.9,89.15,80,166,20,0,180
BANKNIFTY30JAN2030100PE.NFO,07/01/2020,12:29:19,160.9,89.5,40,165.95,40,0,180
BANKNIFTY30JAN2030100PE.NFO,07/01/2020,12:29:21,160.9,89.75,120,166,20,0,180
BANKNIFTY30JAN2030100PE.NFO,07/01/2020,12:29:22,160.9,90,40,166,20,0,180
BANKNIFTY30JAN2030100PE.NFO,07/01/2020,12:29:23,160.9,90.25,120,166,20,0,180
BANKNIFTY30JAN2030100PE.NFO,07/01/2020,12:29:25,160.9,90.6,120,166,20,0,180
BANKNIFTY30JAN2030100PE.NFO,07/01/2020,12:29:26,160.9,90.85,80,166,20,0,180
BANKNIFTY30JAN2030100PE.NFO,07/01/2020,12:29:27,160.9,91.55,40,166,20,0,180
BANKNIFTY30JAN2030100PE.NFO,07/01/2020,12:29:28,160.9,92.5,40,166,20,0,180
BANKNIFTY30JAN2030100PE.NFO,07/01/2020,12:29:30,160.9,93.65,40,166,20,0,180
BANKNIFTY30JAN2030100PE.NFO,07/01/2020,12:29:31,160.9,93.85,80,166,20,0,180
BANKNIFTY30JAN2030100PE.NFO,07/01/2020,12:29:32,160.9,94.4,40,166,20,0,180
BANKNIFTY30JAN2030100PE.NFO,07/01/2020,12:29:34,160.9,94.75,40,166,20,0,180
BANKNIFTY30JAN2030100PE.NFO,07/01/2020,12:29:35,160.9,95.4,80,166,20,0,180
BANKNIFTY30JAN2030100PE.NFO,07/01/2020,12:29:36,160.9,96.05,40,166,20,0,180
BANKNIFTY30JAN2030100PE.NFO,07/01/2020,12:29:37,160.9,96.5,80,166,20,0,180
BANKNIFTY30JAN2030100PE.NFO,07/01/2020,12:29:38,160.9,97,40,166,20,0,180
BANKNIFTY30JAN2030100PE.NFO,07/01/2020,12:29:40,160.9,97.7,80,166,20,0,180
BANKNIFTY30JAN2030100PE.NFO,07/01/2020,12:29:41,160.9,98.1,80,166,20,0,180
BANKNIFTY30JAN2030100PE.NFO,07/01/2020,12:29:42,160.9,98.75,40,166,20,0,180
BANKNIFTY30JAN2030100PE.NFO,07/01/2020,12:29:43,160.9,99.25,80,166,20,0,180
BANKNIFTY30JAN2030100PE.NFO,07/01/2020,12:29:45,160.9,99.75,40,166,20,0,180
BANKNIFTY30JAN2030100PE.NFO,07/01/2020,12:29:46,160.9,101.3,40,166,20,0,180
BANKNIFTY30JAN2030100PE.NFO,07/01/2020,12:29:47,160.9,102.55,40,166,20,0,180
BANKNIFTY30JAN2030100PE.NFO,07/01/2020,12:29:48,160.9,103.25,40,166,20,0,180
BANKNIFTY30JAN2030100PE.NFO,07/01/2020,12:29:50,160.9,103.95,120,166,20,0,180
BANKNIFTY30JAN2030100PE.NFO,07/01/2020,12:29:51,160.9,104.2,160,166,20,0,180
BANKNIFTY30JAN2030100PE.NFO,07/01/2020,12:29:52,160.9,104.45,80,166,20,0,180
BANKNIFTY30JAN2030100PE.NFO,07/01/2020,12:29:53,160.9,104.7,40,166,20,0,180
BANKNIFTY30JAN2030100PE.NFO,07/01/2020,12:29:54,160.9,105.1,160,166,20,0,180
BANKNIFTY30JAN2030100PE.NFO,07/01/2020,12:29:56,160.9,105.4,40,166,20,0,180
BANKNIFTY30JAN2030100PE.NFO,07/01/2020,12:29:57,160.9,105.75,120,166,20,0,180
BANKNIFTY30JAN2030100PE.NFO,07/01/2020,12:29:58,160.9,105.95,160,166,20,0,180
BANKNIFTY30JAN2030100PE.NFO,07/01/2020,12:29:59,160.9,106.2,120,166,20,0,180
BANKNIFTY30JAN2030100PE.NFO,07/01/2020,12:30:01,160.9,106.55,120,166,20,0,180
BANKNIFTY30JAN2030100PE.NFO,07/01/2020,12:30:02,160.9,106.95,80,166,20,0,180
BANKNIFTY30JAN2030100PE.NFO,07/01/2020,12:30:03,160.9,107.15,160,166,20,0,180
BANKNIFTY30JAN2030100PE.NFO,07/01/2020,12:30:04,166,107.45,80,220,20,20,180
BANKNIFTY30JAN2030100PE.NFO,07/01/2020,12:30:04,166,107.45,80,220,20,0,180
BANKNIFTY30JAN2030100PE.NFO,07/01/2020,12:30:06,166,107.75,80,220,20,0,180
BANKNIFTY30JAN2030100PE.NFO,07/01/2020,12:30:07,166,108.45,40,220,20,0,180
BANKNIFTY30JAN2030100PE.NFO,07/01/2020,12:30:08,166,108.85,80,220,20,0,180
BANKNIFTY30JAN2030100PE.NFO,07/01/2020,12:30:10,166,109.2,40,220,20,0,180
BANKNIFTY30JAN2030100PE.NFO,07/01/2020,12:30:11,166,109.7,40,220,20,0,180
BANKNIFTY30JAN2030100PE.NFO,07/01/2020,12:30:12,166,109.9,160,220,20,0,180
BANKNIFTY30JAN2030100PE.NFO,07/01/2020,12:30:13,166,110.15,160,220,20,0,180
BANKNIFTY30JAN2030100PE.NFO,07/01/2020,12:30:15,166,110.65,80,220,20,0,180
BANKNIFTY30JAN2030100PE.NFO,07/01/2020,12:30:16,166,111.1,80,219.95,40,0,180
BANKNIFTY30JAN2030100PE.NFO,07/01/2020,12:30:17,166,111.35,80,219.95,40,0,180
BANKNIFTY30JAN2030100PE.NFO,07/01/2020,12:30:19,166,111.55,80,219.95,40,0,180
BANKNIFTY30JAN2030100PE.NFO,07/01/2020,12:30:20,166,111.9,80,219.7,40,0,180
BANKNIFTY30JAN2030100PE.NFO,07/01/2020,12:30:21,166,75.05,40,219.45,80,0,180
BANKNIFTY30JAN2030100PE.NFO,07/01/2020,12:30:22,166,75.05,40,219.15,40,0,180
BANKNIFTY30JAN2030100PE.NFO,07/01/2020,12:30:24,166,75.05,40,218.85,120,0,180
BANKNIFTY30JAN2030100PE.NFO,07/01/2020,12:30:25,166,75.05,40,218.55,80,0,180
BANKNIFTY30JAN2030100PE.NFO,07/01/2020,12:30:26,166,75.05,40,218.3,40,0,180
BANKNIFTY30JAN2030100PE.NFO,07/01/2020,12:30:27,166,75.05,40,218.1,120,0,180
BANKNIFTY30JAN2030100PE.NFO,07/01/2020,12:30:28,166,75.05,40,217.8,40,0,180
BANKNIFTY30JAN2030100PE.NFO,07/01/2020,12:30:30,166,75.05,40,217.55,40,0,180
BANKNIFTY30JAN2030100PE.NFO,07/01/2020,12:30:31,166,75.05,40,217.25,40,0,180
BANKNIFTY30JAN2030100PE.NFO,07/01/2020,12:30:32,166,75.05,40,217,40,0,180
BANKNIFTY30JAN2030100PE.NFO,07/01/2020,12:30:33,166,75.05,40,216.65,40,0,180
BANKNIFTY30JAN2030100PE.NFO,07/01/2020,12:30:34,166,75.05,40,216.35,40,0,180
BANKNIFTY30JAN2030100PE.NFO,07/01/2020,12:30:36,166,75.05,40,216.1,120,0,180
BANKNIFTY30JAN2030100PE.NFO,07/01/2020,12:30:37,166,75.05,40,216,120,0,180
BANKNIFTY30JAN2030100PE.NFO,07/01/2020,12:32:37,166,75.05,40,215.8,40,0,180
BANKNIFTY30JAN2030100PE.NFO,07/01/2020,12:32:38,166,75.05,40,215.55,120,0,180
BANKNIFTY30JAN2030100PE.NFO,07/01/2020,12:32:40,166,75.05,40,215.25,120,0,180
BANKNIFTY30JAN2030100PE.NFO,07/01/2020,12:32:41,166,75.05,40,215,120,0,180
BANKNIFTY30JAN2030100PE.NFO,07/01/2020,12:32:42,166,75.05,40,214.65,40,0,180
BANKNIFTY30JAN2030100PE.NFO,07/01/2020,12:32:43,166,75.05,40,214.4,40,0,180
BANKNIFTY30JAN2030100PE.NFO,07/01/2020,12:32:45,166,75.05,40,214.15,120,0,180
BANKNIFTY30JAN2030100PE.NFO,07/01/2020,12:32:46,166,75.05,40,213.85,80,0,180
BANKNIFTY30JAN2030100PE.NFO,07/01/2020,12:32:47,166,75.05,40,213.6,40,0,180
BANKNIFTY30JAN2030100PE.NFO,07/01/2020,12:32:48,166,75.05,40,213.35,40,0,180
BANKNIFTY30JAN2030100PE.NFO,07/01/2020,12:32:50,166,75.05,40,213.1,40,0,180
BANKNIFTY30JAN2030100PE.NFO,07/01/2020,12:32:51,166,75.05,40,212.85,40,0,180
BANKNIFTY30JAN2030100PE.NFO,07/01/2020,12:32:52,166,75.05,40,212.65,40,0,180
BANKNIFTY30JAN2030100PE.NFO,07/01/2020,12:32:54,166,75.05,40,212.55,40,0,180
BANKNIFTY30JAN2030100PE.NFO,07/01/2020,12:34:25,166,75.05,40,212.5,80,0,180
BANKNIFTY30JAN2030100PE.NFO,07/01/2020,12:34:26,166,75.05,40,212.25,40,0,180
BANKNIFTY30JAN2030100PE.NFO,07/01/2020,12:34:27,166,75.05,40,212,120,0,180
BANKNIFTY30JAN2030100PE.NFO,07/01/2020,12:34:29,166,75.05,40,211.55,40,0,180
BANKNIFTY30JAN2030100PE.NFO,07/01/2020,12:34:30,166,75.05,40,211.25,40,0,180
BANKNIFTY30JAN2030100PE.NFO,07/01/2020,12:34:31,166,75.05,40,210.9,80,0,180
BANKNIFTY30JAN2030100PE.NFO,07/01/2020,12:34:32,166,75.05,40,210.6,120,0,180
BANKNIFTY30JAN2030100PE.NFO,07/01/2020,12:34:34,166,75.05,40,210.25,40,0,180
BANKNIFTY30JAN2030100PE.NFO,07/01/2020,12:34:35,166,75.05,40,209.95,40,0,180
BANKNIFTY30JAN2030100PE.NFO,07/01/2020,12:34:36,166,75.05,40,209.65,120,0,180
BANKNIFTY30JAN2030100PE.NFO,07/01/2020,12:34:37,166,75.05,40,209.3,120,0,180
BANKNIFTY30JAN2030100PE.NFO,07/01/2020,12:34:39,166,75.05,40,208.95,120,0,180
BANKNIFTY30JAN2030100PE.NFO,07/01/2020,12:34:40,166,75.05,40,208.65,80,0,180
BANKNIFTY30JAN2030100PE.NFO,07/01/2020,12:34:41,166,75.05,40,208.3,40,0,180
BANKNIFTY30JAN2030100PE.NFO,07/01/2020,12:34:42,166,75.05,40,208.05,120,0,180
BANKNIFTY30JAN2030100PE.NFO,07/01/2020,12:34:43,166,75.05,40,207.7,120,0,180
BANKNIFTY30JAN2030100PE.NFO,07/01/2020,12:34:45,166,75.05,40,207.35,80,0,180
BANKNIFTY30JAN2030100PE.NFO,07/01/2020,12:34:46,166,75.05,40,206.95,80,0,180
BANKNIFTY30JAN2030100PE.NFO,07/01/2020,12:34:47,166,75.05,40,206.55,40,0,180
BANKNIFTY30JAN2030100PE.NFO,07/01/2020,12:34:48,166,75.05,40,206.15,120,0,180
BANKNIFTY30JAN2030100PE.NFO,07/01/2020,12:34:49,166,75.05,40,205.8,40,0,180
BANKNIFTY30JAN2030100PE.NFO,07/01/2020,12:34:51,166,75.05,40,205.5,120,0,180
BANKNIFTY30JAN2030100PE.NFO,07/01/2020,12:34:52,166,75.05,40,205.05,40,0,180
BANKNIFTY30JAN2030100PE.NFO,07/01/2020,12:34:53,166,75.05,40,204.8,120,0,180
BANKNIFTY30JAN2030100PE.NFO,07/01/2020,12:34:54,166,75.05,40,204.45,40,0,180
BANKNIFTY30JAN2030100PE.NFO,07/01/2020,12:34:55,166,75.05,40,204.15,120,0,180
BANKNIFTY30JAN2030100PE.NFO,07/01/2020,12:34:57,166,75.05,40,203.85,120,0,180
BANKNIFTY30JAN2030100PE.NFO,07/01/2020,12:34:58,166,75.05,40,203.55,120,0,180
BANKNIFTY30JAN2030100PE.NFO,07/01/2020,12:34:59,166,75.05,40,203.2,80,0,180
BANKNIFTY30JAN2030100PE.NFO,07/01/2020,12:35:00,166,75.05,40,202.9,80,0,180
BANKNIFTY30JAN2030100PE.NFO,07/01/2020,12:35:01,166,75.05,40,202.65,120,0,180
BANKNIFTY30JAN2030100PE.NFO,07/01/2020,12:35:03,166,75.05,40,202.35,120,0,180
BANKNIFTY30JAN2030100PE.NFO,07/01/2020,12:35:04,166,75.05,40,202,80,0,180
BANKNIFTY30JAN2030100PE.NFO,07/01/2020,12:35:05,166,75.05,40,201.65,40,0,180
BANKNIFTY30JAN2030100PE.NFO,07/01/2020,12:35:06,166,75.05,40,201.35,40,0,180
BANKNIFTY30JAN2030100PE.NFO,07/01/2020,12:35:08,166,75.05,40,201.05,80,0,180
BANKNIFTY30JAN2030100PE.NFO,07/01/2020,12:35:09,166,75.05,40,200.75,120,0,180
BANKNIFTY30JAN2030100PE.NFO,07/01/2020,12:35:10,166,75.05,40,200.4,120,0,180
BANKNIFTY30JAN2030100PE.NFO,07/01/2020,12:35:11,166,75.05,40,200.1,80,0,180
BANKNIFTY30JAN2030100PE.NFO,07/01/2020,12:35:13,166,75.05,40,199.75,40,0,180
BANKNIFTY30JAN2030100PE.NFO,07/01/2020,12:35:14,166,75.05,40,199.4,120,0,180
BANKNIFTY30JAN2030100PE.NFO,07/01/2020,12:35:15,166,75.05,40,199.05,40,0,180
BANKNIFTY30JAN2030100PE.NFO,07/01/2020,12:35:16,166,75.05,40,198.75,120,0,180
BANKNIFTY30JAN2030100PE.NFO,07/01/2020,12:35:18,166,75.05,40,198.35,120,0,180
BANKNIFTY30JAN2030100PE.NFO,07/01/2020,12:35:19,166,75.05,40,198,120,0,180
BANKNIFTY30JAN2030100PE.NFO,07/01/2020,12:35:20,166,75.05,40,197.6,40,0,180
BANKNIFTY30JAN2030100PE.NFO,07/01/2020,12:35:21,166,75.05,40,197.25,40,0,180
BANKNIFTY30JAN2030100PE.NFO,07/01/2020,12:35:22,166,75.05,40,197,80,0,180
BANKNIFTY30JAN2030100PE.NFO,07/01/2020,12:35:24,166,75.05,40,196.55,120,0,180
BANKNIFTY30JAN2030100PE.NFO,07/01/2020,12:35:25,166,75.05,40,196.25,40,0,180
BANKNIFTY30JAN2030100PE.NFO,07/01/2020,12:35:26,166,75.05,40,195.9,80,0,180
BANKNIFTY30JAN2030100PE.NFO,07/01/2020,12:35:27,166,75.05,40,195.5,80,0,180
BANKNIFTY30JAN2030100PE.NFO,07/01/2020,12:35:28,166,75.05,40,195.2,80,0,180
BANKNIFTY30JAN2030100PE.NFO,07/01/2020,12:35:30,166,75.05,40,194.8,80,0,180
BANKNIFTY30JAN2030100PE.NFO,07/01/2020,12:35:31,166,75.05,40,194.55,80,0,180
BANKNIFTY30JAN2030100PE.NFO,07/01/2020,12:35:50,166,75.05,40,194.2,80,0,180
BANKNIFTY30JAN2030100PE.NFO,07/01/2020,12:35:52,166,75.05,40,194.15,80,0,180
BANKNIFTY30JAN2030100PE.NFO,07/01/2020,12:35:53,166,75.05,40,193.95,120,0,180
BANKNIFTY30JAN2030100PE.NFO,07/01/2020,12:35:54,166,75.05,40,193.6,40,0,180
BANKNIFTY30JAN2030100PE.NFO,07/01/2020,12:35:55,166,75.05,40,193.3,120,0,180
BANKNIFTY30JAN2030100PE.NFO,07/01/2020,12:35:56,166,75.05,40,192.9,80,0,180
BANKNIFTY30JAN2030100PE.NFO,07/01/2020,12:35:58,166,75.05,40,192.25,40,0,180
BANKNIFTY30JAN2030100PE.NFO,07/01/2020,12:35:59,166,75.05,40,191.9,40,0,180
BANKNIFTY30JAN2030100PE.NFO,07/01/2020,12:36:00,166,75.05,40,191.55,120,0,180
BANKNIFTY30JAN2030100PE.NFO,07/01/2020,12:36:01,166,75.05,40,191.2,120,0,180
BANKNIFTY30JAN2030100PE.NFO,07/01/2020,12:36:02,166,75.05,40,190.9,80,0,180
BANKNIFTY30JAN2030100PE.NFO,07/01/2020,12:36:04,166,75.05,40,190.45,80,0,180
BANKNIFTY30JAN2030100PE.NFO,07/01/2020,12:36:05,166,75.05,40,189.9,40,0,180
BANKNIFTY30JAN2030100PE.NFO,07/01/2020,12:36:06,166,75.05,40,189.55,120,0,180
BANKNIFTY30JAN2030100PE.NFO,07/01/2020,12:36:07,166,75.05,40,189.15,120,0,180
BANKNIFTY30JAN2030100PE.NFO,07/01/2020,12:36:09,166,75.05,40,188.7,40,0,180
BANKNIFTY30JAN2030100PE.NFO,07/01/2020,12:36:10,166,75.05,40,188.3,80,0,180
BANKNIFTY30JAN2030100PE.NFO,07/01/2020,12:36:11,166,75.05,40,187.8,40,0,180
BANKNIFTY30JAN2030100PE.NFO,07/01/2020,12:36:12,166,75.05,40,187.45,120,0,180
BANKNIFTY30JAN2030100PE.NFO,07/01/2020,12:36:13,166,75.05,40,187.05,40,0,180
BANKNIFTY30JAN2030100PE.NFO,07/01/2020,12:36:15,166,75.05,40,186.7,120,0,180
BANKNIFTY30JAN2030100PE.NFO,07/01/2020,12:36:16,166,75.05,40,186.3,80,0,180
BANKNIFTY30JAN2030100PE.NFO,07/01/2020,12:36:17,166,75.05,40,185.9,80,0,180
BANKNIFTY30JAN2030100PE.NFO,07/01/2020,12:36:18,166,75.05,40,185.55,40,0,180
BANKNIFTY30JAN2030100PE.NFO,07/01/2020,12:36:20,166,75.05,40,185.2,40,0,180
BANKNIFTY30JAN2030100PE.NFO,07/01/2020,12:36:21,166,75.05,40,184.85,80,0,180
BANKNIFTY30JAN2030100PE.NFO,07/01/2020,12:36:22,166,75.05,40,184.5,80,0,180
BANKNIFTY30JAN2030100PE.NFO,07/01/2020,12:36:23,166,75.05,40,184.1,40,0,180
BANKNIFTY30JAN2030100PE.NFO,07/01/2020,12:36:24,166,75.05,40,183.75,40,0,180
BANKNIFTY30JAN2030100PE.NFO,07/01/2020,12:36:26,166,75.05,40,183.3,80,0,180
BANKNIFTY30JAN2030100PE.NFO,07/01/2020,12:36:27,166,75.05,40,182.8,120,0,180
BANKNIFTY30JAN2030100PE.NFO,07/01/2020,12:36:28,166,75.05,40,182.4,80,0,180
BANKNIFTY30JAN2030100PE.NFO,07/01/2020,12:36:29,166,75.05,40,181.95,80,0,180
BANKNIFTY30JAN2030100PE.NFO,07/01/2020,12:36:30,166,75.05,40,181.45,40,0,180
BANKNIFTY30JAN2030100PE.NFO,07/01/2020,12:36:32,166,75.05,40,181,80,0,180
BANKNIFTY30JAN2030100PE.NFO,07/01/2020,12:36:33,166,75.05,40,180.6,80,0,180
BANKNIFTY30JAN2030100PE.NFO,07/01/2020,12:36:34,166,75.05,40,180.25,80,0,180
BANKNIFTY30JAN2030100PE.NFO,07/01/2020,12:36:35,166,75.05,40,179.85,120,0,180
BANKNIFTY30JAN2030100PE.NFO,07/01/2020,12:36:36,166,75.05,40,179.35,120,0,180
BANKNIFTY30JAN2030100PE.NFO,07/01/2020,12:36:37,166,75.05,40,178.85,40,0,180
BANKNIFTY30JAN2030100PE.NFO,07/01/2020,12:36:38,166,75.05,40,178.45,40,0,180
BANKNIFTY30JAN2030100PE.NFO,07/01/2020,12:36:39,166,75.05,40,178.05,40,0,180
BANKNIFTY30JAN2030100PE.NFO,07/01/2020,12:36:40,166,75.05,40,177.65,120,0,180
BANKNIFTY30JAN2030100PE.NFO,07/01/2020,12:36:42,166,75.05,40,177.2,80,0,180
BANKNIFTY30JAN2030100PE.NFO,07/01/2020,12:36:43,166,75.05,40,176.8,120,0,180
BANKNIFTY30JAN2030100PE.NFO,07/01/2020,12:36:44,166,75.05,40,176.3,80,0,180
BANKNIFTY30JAN2030100PE.NFO,07/01/2020,12:36:45,166,75.05,40,175.85,40,0,180
BANKNIFTY30JAN2030100PE.NFO,07/01/2020,12:36:46,166,75.05,40,175.45,120,0,180
BANKNIFTY30JAN2030100PE.NFO,07/01/2020,12:36:47,166,75.05,40,175,80,0,180
BANKNIFTY30JAN2030100PE.NFO,07/01/2020,12:36:48,166,75.05,40,174.6,80,0,180
BANKNIFTY30JAN2030100PE.NFO,07/01/2020,12:36:50,166,75.05,40,174.2,40,0,180
BANKNIFTY30JAN2030100PE.NFO,07/01/2020,12:36:51,166,75.05,40,173.85,80,0,180
BANKNIFTY30JAN2030100PE.NFO,07/01/2020,12:36:52,166,75.05,40,173.3,80,0,180
BANKNIFTY30JAN2030100PE.NFO,07/01/2020,12:36:53,166,75.05,40,172.85,120,0,180
BANKNIFTY30JAN2030100PE.NFO,07/01/2020,12:36:54,166,75.05,40,172.4,40,0,180
BANKNIFTY30JAN2030100PE.NFO,07/01/2020,12:36:55,166,75.05,40,172,80,0,180
BANKNIFTY30JAN2030100PE.NFO,07/01/2020,12:36:57,166,75.05,40,171.55,40,0,180
BANKNIFTY30JAN2030100PE.NFO,07/01/2020,12:36:58,166,75.35,40,219.8,80,0,180
BANKNIFTY30JAN2030100PE.NFO,07/01/2020,12:36:59,166,75.05,40,219.5,40,0,180
BANKNIFTY30JAN2030100PE.NFO,07/01/2020,12:37:00,166,75.05,40,219.5,120,0,180
BANKNIFTY30JAN2030100PE.NFO,07/01/2020,12:37:16,166,75.05,40,219.15,120,0,180
