Ticker,Date,Time,LTP,BuyPrice,BuyQty,SellPrice,SellQty,LTQ,OpenInterest
BANKNIFTY09JAN2032900CE.NFO,07/01/2020,09:15:13,6.3,6.1,60,7.8,200,240,75560
BANKNIFTY09JAN2032900CE.NFO,07/01/2020,09:15:13,6,6.1,60,7.8,200,0,75560
BANKNIFTY09JAN2032900CE.NFO,07/01/2020,09:15:13,6.3,6.1,60,7.8,200,0,75560
BANKNIFTY09JAN2032900CE.NFO,07/01/2020,09:15:13,6,6.1,60,7.8,200,0,75560
BANKNIFTY09JAN2032900CE.NFO,07/01/2020,09:15:14,6,6.35,60,7.8,200,0,75560
BANKNIFTY09JAN2032900CE.NFO,07/01/2020,09:15:15,7.2,6.15,60,6.4,20,340,75560
BANKNIFTY09JAN2032900CE.NFO,07/01/2020,09:15:15,7.35,6.15,60,6.4,20,0,75560
BANKNIFTY09JAN2032900CE.NFO,07/01/2020,09:15:16,7.45,6.3,220,7.6,80,100,75560
BANKNIFTY09JAN2032900CE.NFO,07/01/2020,09:15:16,7.45,6.3,220,7.6,80,0,75560
BANKNIFTY09JAN2032900CE.NFO,07/01/2020,09:15:18,7.95,6.85,220,8,20,1200,75560
BANKNIFTY09JAN2032900CE.NFO,07/01/2020,09:15:18,7.95,6.85,220,8,20,0,75560
BANKNIFTY09JAN2032900CE.NFO,07/01/2020,09:15:19,6.05,7.45,60,8,20,100,75560
BANKNIFTY09JAN2032900CE.NFO,07/01/2020,09:15:20,6.05,7.75,60,8,20,0,75560
BANKNIFTY09JAN2032900CE.NFO,07/01/2020,09:15:21,8.65,8.6,20,0,0,80,75560
BANKNIFTY09JAN2032900CE.NFO,07/01/2020,09:15:21,8.65,8.6,20,0,0,0,75560
BANKNIFTY09JAN2032900CE.NFO,07/01/2020,09:15:23,8.1,8,20,0,0,100,75560
BANKNIFTY09JAN2032900CE.NFO,07/01/2020,09:15:24,9.65,8.35,60,0,0,20,75560
BANKNIFTY09JAN2032900CE.NFO,07/01/2020,09:15:24,9.65,8.35,60,0,0,0,75560
BANKNIFTY09JAN2032900CE.NFO,07/01/2020,09:15:25,9.65,8.7,60,0,0,0,75560
BANKNIFTY09JAN2032900CE.NFO,07/01/2020,09:15:26,9.65,8.5,60,0,0,0,75560
BANKNIFTY09JAN2032900CE.NFO,07/01/2020,09:15:29,9.65,8.65,60,0,0,0,75560
BANKNIFTY09JAN2032900CE.NFO,07/01/2020,09:15:31,8.7,8.7,40,9.65,100,20,75560
BANKNIFTY09JAN2032900CE.NFO,07/01/2020,09:15:32,8.7,8.7,80,9.65,100,0,75560
BANKNIFTY09JAN2032900CE.NFO,07/01/2020,09:15:32,7.1,8.65,80,9.65,100,20,75560
BANKNIFTY09JAN2032900CE.NFO,07/01/2020,09:15:34,7.1,8.65,80,9.65,100,0,75560
BANKNIFTY09JAN2032900CE.NFO,07/01/2020,09:15:35,9.65,8.65,80,9.65,40,60,75560
BANKNIFTY09JAN2032900CE.NFO,07/01/2020,09:15:36,9.65,8.65,80,9.65,40,0,75560
BANKNIFTY09JAN2032900CE.NFO,07/01/2020,09:15:37,10,10,40,0,0,160,75560
BANKNIFTY09JAN2032900CE.NFO,07/01/2020,09:15:37,10,10,40,0,0,0,75560
BANKNIFTY09JAN2032900CE.NFO,07/01/2020,09:15:39,9.5,9,180,9.5,100,100,75560
BANKNIFTY09JAN2032900CE.NFO,07/01/2020,09:15:40,9,7.1,240,9,20,140,75560
BANKNIFTY09JAN2032900CE.NFO,07/01/2020,09:15:41,9,7.3,80,9,20,0,75560
BANKNIFTY09JAN2032900CE.NFO,07/01/2020,09:15:42,9,8.95,20,9.1,80,0,75560
BANKNIFTY09JAN2032900CE.NFO,07/01/2020,09:15:43,9,9,80,9.1,80,0,75560
BANKNIFTY09JAN2032900CE.NFO,07/01/2020,09:15:43,9,7.25,80,9.3,20,80,75560
BANKNIFTY09JAN2032900CE.NFO,07/01/2020,09:15:44,9,9,220,9.5,100,0,75560
BANKNIFTY09JAN2032900CE.NFO,07/01/2020,09:15:45,9,8.95,200,9.5,40,260,75560
BANKNIFTY09JAN2032900CE.NFO,07/01/2020,09:15:46,9.65,9,20,0,0,300,75560
BANKNIFTY09JAN2032900CE.NFO,07/01/2020,09:15:47,9.65,9.55,80,0,0,0,75560
BANKNIFTY09JAN2032900CE.NFO,07/01/2020,09:15:49,11.3,11.3,20,0,0,20,75560
BANKNIFTY09JAN2032900CE.NFO,07/01/2020,09:15:49,11.3,11.3,20,0,0,0,75560
BANKNIFTY09JAN2032900CE.NFO,07/01/2020,09:15:49,11.3,12.4,20,0,0,0,75560
BANKNIFTY09JAN2032900CE.NFO,07/01/2020,09:15:52,12.4,9.65,160,0,0,20,75560
BANKNIFTY09JAN2032900CE.NFO,07/01/2020,09:15:52,12.4,9.65,160,0,0,0,75560
BANKNIFTY09JAN2032900CE.NFO,07/01/2020,09:15:53,12.4,9.65,160,0,0,0,75560
BANKNIFTY09JAN2032900CE.NFO,07/01/2020,09:15:54,12.4,9.8,240,0,0,0,75560
BANKNIFTY09JAN2032900CE.NFO,07/01/2020,09:15:56,12.4,10,500,0,0,0,75560
BANKNIFTY09JAN2032900CE.NFO,07/01/2020,09:15:57,12.4,12,500,0,0,0,75560
BANKNIFTY09JAN2032900CE.NFO,07/01/2020,09:15:58,12,12,400,12.4,180,100,75560
BANKNIFTY09JAN2032900CE.NFO,07/01/2020,09:15:59,12,12,220,12.4,180,180,75560
BANKNIFTY09JAN2032900CE.NFO,07/01/2020,09:16:00,12.55,12.75,720,0,0,280,75560
BANKNIFTY09JAN2032900CE.NFO,07/01/2020,09:16:00,12.55,12.75,720,0,0,0,75560
BANKNIFTY09JAN2032900CE.NFO,07/01/2020,09:16:01,12.55,12.75,720,0,0,0,75560
BANKNIFTY09JAN2032900CE.NFO,07/01/2020,09:16:03,12.55,12.75,1020,0,0,0,75560
BANKNIFTY09JAN2032900CE.NFO,07/01/2020,09:16:06,12.75,12.75,1000,0,0,20,75560
BANKNIFTY09JAN2032900CE.NFO,07/01/2020,09:16:06,12.75,12.75,1000,0,0,0,75560
BANKNIFTY09JAN2032900CE.NFO,07/01/2020,09:16:06,12.75,12.75,920,0,0,80,75560
BANKNIFTY09JAN2032900CE.NFO,07/01/2020,09:16:07,12.75,12.75,920,0,0,0,75560
BANKNIFTY09JAN2032900CE.NFO,07/01/2020,09:16:08,9.65,9.65,40,0,0,1320,75560
BANKNIFTY09JAN2032900CE.NFO,07/01/2020,09:16:09,9.65,10.15,120,12.4,1000,0,75560
BANKNIFTY09JAN2032900CE.NFO,07/01/2020,09:16:11,12.4,10.35,120,12.4,920,80,75560
BANKNIFTY09JAN2032900CE.NFO,07/01/2020,09:16:13,10.05,9.9,80,11.95,220,220,75560
BANKNIFTY09JAN2032900CE.NFO,07/01/2020,09:16:13,10.05,9.9,240,11.95,180,0,75560
BANKNIFTY09JAN2032900CE.NFO,07/01/2020,09:16:14,9.95,9.95,20,11.65,260,20,75560
BANKNIFTY09JAN2032900CE.NFO,07/01/2020,09:16:16,9.9,9.9,200,11.1,140,80,75560
BANKNIFTY09JAN2032900CE.NFO,07/01/2020,09:16:16,9.9,9.9,40,11.1,180,0,75560
BANKNIFTY09JAN2032900CE.NFO,07/01/2020,09:16:17,9.9,10.65,60,11.1,60,0,75560
BANKNIFTY09JAN2032900CE.NFO,07/01/2020,09:16:18,10.45,10,40,10.8,20,280,75560
BANKNIFTY09JAN2032900CE.NFO,07/01/2020,09:16:19,10.2,10.2,20,10.6,20,80,75560
BANKNIFTY09JAN2032900CE.NFO,07/01/2020,09:16:20,10.55,9.95,40,10.5,60,220,75560
BANKNIFTY09JAN2032900CE.NFO,07/01/2020,09:16:22,10.65,10.55,20,10.9,20,160,75560
BANKNIFTY09JAN2032900CE.NFO,07/01/2020,09:16:23,10.5,10.2,260,11.1,120,120,75560
BANKNIFTY09JAN2032900CE.NFO,07/01/2020,09:16:23,10.7,10.25,180,10.85,80,20,75560
BANKNIFTY09JAN2032900CE.NFO,07/01/2020,09:16:24,10.3,10.1,60,11.15,20,40,75560
BANKNIFTY09JAN2032900CE.NFO,07/01/2020,09:16:26,10.75,10.55,240,10.85,20,140,75560
BANKNIFTY09JAN2032900CE.NFO,07/01/2020,09:16:26,10.85,10.7,180,10.95,20,20,75560
BANKNIFTY09JAN2032900CE.NFO,07/01/2020,09:16:27,11,10.85,180,11,480,100,75560
BANKNIFTY09JAN2032900CE.NFO,07/01/2020,09:16:28,10.8,10.25,180,10.75,80,1160,75560
BANKNIFTY09JAN2032900CE.NFO,07/01/2020,09:16:29,10.1,10,340,10.7,260,80,75560
BANKNIFTY09JAN2032900CE.NFO,07/01/2020,09:16:30,10.7,10.7,280,11,480,1040,75560
BANKNIFTY09JAN2032900CE.NFO,07/01/2020,09:16:31,10.55,10.2,20,10.85,160,240,75560
BANKNIFTY09JAN2032900CE.NFO,07/01/2020,09:16:33,10.8,10.4,60,10.85,100,160,75560
BANKNIFTY09JAN2032900CE.NFO,07/01/2020,09:16:34,10.65,10.25,20,10.7,160,600,75560
BANKNIFTY09JAN2032900CE.NFO,07/01/2020,09:16:35,10.7,10.1,220,10.7,100,60,75560
BANKNIFTY09JAN2032900CE.NFO,07/01/2020,09:16:36,10.7,10,300,10.7,240,20,75560
BANKNIFTY09JAN2032900CE.NFO,07/01/2020,09:16:37,10.5,10,300,10.5,1200,40,75560
BANKNIFTY09JAN2032900CE.NFO,07/01/2020,09:16:38,10.5,10.15,220,10.5,660,480,75560
BANKNIFTY09JAN2032900CE.NFO,07/01/2020,09:16:39,10.5,10.15,220,10.5,500,0,75560
BANKNIFTY09JAN2032900CE.NFO,07/01/2020,09:16:40,10.5,10.05,220,10.5,480,20,75560
BANKNIFTY09JAN2032900CE.NFO,07/01/2020,09:16:40,10.1,10.1,200,10.5,480,20,75560
BANKNIFTY09JAN2032900CE.NFO,07/01/2020,09:16:41,10.15,10.15,200,10.5,520,140,75560
BANKNIFTY09JAN2032900CE.NFO,07/01/2020,09:16:43,10.5,10.15,180,10.5,520,80,75560
BANKNIFTY09JAN2032900CE.NFO,07/01/2020,09:16:43,10.5,10.15,60,10.5,340,140,75560
BANKNIFTY09JAN2032900CE.NFO,07/01/2020,09:16:44,10.5,10.3,220,10.5,340,0,75560
BANKNIFTY09JAN2032900CE.NFO,07/01/2020,09:16:46,10.5,10,320,10.5,240,180,75560
BANKNIFTY09JAN2032900CE.NFO,07/01/2020,09:16:47,10.5,10.3,220,10.5,300,0,75560
BANKNIFTY09JAN2032900CE.NFO,07/01/2020,09:16:48,10.65,10.5,440,10.75,240,180,75560
BANKNIFTY09JAN2032900CE.NFO,07/01/2020,09:16:49,11,10.55,180,11.45,80,980,75560
BANKNIFTY09JAN2032900CE.NFO,07/01/2020,09:16:50,10.55,10.55,300,11.45,20,20,75560
BANKNIFTY09JAN2032900CE.NFO,07/01/2020,09:16:51,10.55,10.55,340,11.45,80,0,75560
BANKNIFTY09JAN2032900CE.NFO,07/01/2020,09:16:52,10.55,10.55,80,11.45,80,60,75560
BANKNIFTY09JAN2032900CE.NFO,07/01/2020,09:16:53,10.55,10.6,200,11.45,80,0,75560
BANKNIFTY09JAN2032900CE.NFO,07/01/2020,09:16:54,10.55,10.7,380,11.45,40,0,75560
BANKNIFTY09JAN2032900CE.NFO,07/01/2020,09:16:56,10.7,10.75,140,11.45,80,20,75560
BANKNIFTY09JAN2032900CE.NFO,07/01/2020,09:16:58,11,11,320,11.45,380,440,75560
BANKNIFTY09JAN2032900CE.NFO,07/01/2020,09:16:58,11,11,260,11.45,380,60,75560
BANKNIFTY09JAN2032900CE.NFO,07/01/2020,09:17:00,11,10.65,220,11.45,380,100,75560
BANKNIFTY09JAN2032900CE.NFO,07/01/2020,09:17:00,11,10.6,60,11.6,60,620,75560
BANKNIFTY09JAN2032900CE.NFO,07/01/2020,09:17:02,11,10.7,220,11.5,80,0,75560
BANKNIFTY09JAN2032900CE.NFO,07/01/2020,09:17:02,11,10.8,200,11.5,120,0,75560
BANKNIFTY09JAN2032900CE.NFO,07/01/2020,09:17:03,10.9,10.75,20,11.55,60,180,75560
BANKNIFTY09JAN2032900CE.NFO,07/01/2020,09:17:04,10.85,10.7,240,11.15,20,100,75560
BANKNIFTY09JAN2032900CE.NFO,07/01/2020,09:17:06,10.85,10.7,220,10.95,60,20,75560
BANKNIFTY09JAN2032900CE.NFO,07/01/2020,09:17:07,10.85,10.75,60,10.95,80,0,75560
BANKNIFTY09JAN2032900CE.NFO,07/01/2020,09:17:08,10.95,10.75,20,11.15,20,60,75560
BANKNIFTY09JAN2032900CE.NFO,07/01/2020,09:17:08,10.7,10.5,420,11,20,220,75560
BANKNIFTY09JAN2032900CE.NFO,07/01/2020,09:17:10,10.5,10.5,540,10.9,200,40,79200
BANKNIFTY09JAN2032900CE.NFO,07/01/2020,09:17:10,10.5,10.5,540,10.9,20,0,79200
BANKNIFTY09JAN2032900CE.NFO,07/01/2020,09:17:11,10.5,10.5,360,10.9,140,20,79200
BANKNIFTY09JAN2032900CE.NFO,07/01/2020,09:17:12,10.5,10.5,320,10.75,120,40,79200
BANKNIFTY09JAN2032900CE.NFO,07/01/2020,09:17:13,10.5,10.5,180,10.7,120,160,79200
BANKNIFTY09JAN2032900CE.NFO,07/01/2020,09:17:15,10.7,10.7,300,11,200,80,79200
BANKNIFTY09JAN2032900CE.NFO,07/01/2020,09:17:16,10.7,10.7,100,10.95,80,40,79200
BANKNIFTY09JAN2032900CE.NFO,07/01/2020,09:17:16,10.7,10.7,60,10.95,20,40,79200
BANKNIFTY09JAN2032900CE.NFO,07/01/2020,09:17:17,10.5,10.5,60,10.85,20,240,79200
BANKNIFTY09JAN2032900CE.NFO,07/01/2020,09:17:18,10,10,560,10.7,360,520,79200
BANKNIFTY09JAN2032900CE.NFO,07/01/2020,09:17:19,10.7,10.1,20,10.7,40,380,79200
BANKNIFTY09JAN2032900CE.NFO,07/01/2020,09:17:20,10.7,10.75,20,11,320,180,79200
BANKNIFTY09JAN2032900CE.NFO,07/01/2020,09:17:21,10.8,10.75,80,11,320,20,79200
BANKNIFTY09JAN2032900CE.NFO,07/01/2020,09:17:22,10.65,10.65,420,10.85,20,440,79200
BANKNIFTY09JAN2032900CE.NFO,07/01/2020,09:17:24,10.7,10.7,20,10.75,80,520,79200
BANKNIFTY09JAN2032900CE.NFO,07/01/2020,09:17:25,10.7,10.7,100,10.8,260,380,79200
BANKNIFTY09JAN2032900CE.NFO,07/01/2020,09:17:25,10.7,10.15,20,10.7,340,520,79200
BANKNIFTY09JAN2032900CE.NFO,07/01/2020,09:17:26,10.65,10.15,20,10.65,220,120,79200
BANKNIFTY09JAN2032900CE.NFO,07/01/2020,09:17:27,10.75,10.45,180,10.75,220,260,79200
BANKNIFTY09JAN2032900CE.NFO,07/01/2020,09:17:28,10.7,10.15,20,10.8,460,580,79200
BANKNIFTY09JAN2032900CE.NFO,07/01/2020,09:17:29,10.7,10.15,180,10.8,520,520,79200
BANKNIFTY09JAN2032900CE.NFO,07/01/2020,09:17:30,10.65,10,260,10.7,340,340,79200
BANKNIFTY09JAN2032900CE.NFO,07/01/2020,09:17:31,10.65,10,220,10.7,340,80,79200
BANKNIFTY09JAN2032900CE.NFO,07/01/2020,09:17:33,10,10,260,10.7,320,380,79200
BANKNIFTY09JAN2032900CE.NFO,07/01/2020,09:17:34,10.2,10,100,10.7,300,240,79200
BANKNIFTY09JAN2032900CE.NFO,07/01/2020,09:17:35,10.65,10.2,200,10.8,280,300,79200
BANKNIFTY09JAN2032900CE.NFO,07/01/2020,09:17:36,10.65,10,260,10.75,320,260,79200
BANKNIFTY09JAN2032900CE.NFO,07/01/2020,09:17:37,10.7,9.95,180,10.7,120,400,79200
BANKNIFTY09JAN2032900CE.NFO,07/01/2020,09:17:38,10.7,9.85,200,10.7,440,280,79200
BANKNIFTY09JAN2032900CE.NFO,07/01/2020,09:17:38,9.9,9.5,100,9.9,280,1740,79200
BANKNIFTY09JAN2032900CE.NFO,07/01/2020,09:17:40,9.9,9.5,260,9.9,80,200,79200
BANKNIFTY09JAN2032900CE.NFO,07/01/2020,09:17:41,9.85,9.5,180,9.85,20,720,79200
BANKNIFTY09JAN2032900CE.NFO,07/01/2020,09:17:41,9.9,9.5,240,9.9,240,180,79200
BANKNIFTY09JAN2032900CE.NFO,07/01/2020,09:17:42,9.95,9.95,80,10.1,220,80,79200
BANKNIFTY09JAN2032900CE.NFO,07/01/2020,09:17:43,9.95,9.95,260,10.2,60,0,79200
BANKNIFTY09JAN2032900CE.NFO,07/01/2020,09:17:45,9.95,9.95,260,10.25,220,0,79200
BANKNIFTY09JAN2032900CE.NFO,07/01/2020,09:17:46,10.25,9.95,420,10.25,60,20,79200
BANKNIFTY09JAN2032900CE.NFO,07/01/2020,09:17:47,10,10.05,20,10.35,20,840,79200
BANKNIFTY09JAN2032900CE.NFO,07/01/2020,09:17:47,10.05,10,180,10.35,60,300,79200
BANKNIFTY09JAN2032900CE.NFO,07/01/2020,09:17:48,10.35,10,180,10.35,240,40,79200
BANKNIFTY09JAN2032900CE.NFO,07/01/2020,09:17:49,10.1,10,240,10.25,460,340,79200
BANKNIFTY09JAN2032900CE.NFO,07/01/2020,09:17:50,10.25,10,20,10.25,360,100,79200
BANKNIFTY09JAN2032900CE.NFO,07/01/2020,09:17:51,10.15,9.75,20,10.1,320,1040,79200
BANKNIFTY09JAN2032900CE.NFO,07/01/2020,09:17:52,9.95,9.55,80,9.95,220,140,79200
BANKNIFTY09JAN2032900CE.NFO,07/01/2020,09:17:53,9.95,9.55,40,9.95,320,120,79200
BANKNIFTY09JAN2032900CE.NFO,07/01/2020,09:17:55,10,9.6,40,10,820,160,79200
BANKNIFTY09JAN2032900CE.NFO,07/01/2020,09:17:56,10,9.6,80,10,200,460,79200
BANKNIFTY09JAN2032900CE.NFO,07/01/2020,09:17:57,9.8,9.4,80,9.8,460,940,79200
BANKNIFTY09JAN2032900CE.NFO,07/01/2020,09:17:57,9.95,9.55,160,9.95,420,280,79200
BANKNIFTY09JAN2032900CE.NFO,07/01/2020,09:17:58,9.95,9.55,100,9.95,260,160,79200
BANKNIFTY09JAN2032900CE.NFO,07/01/2020,09:17:59,10,9.55,100,10.5,160,40,79200
BANKNIFTY09JAN2032900CE.NFO,07/01/2020,09:18:00,10,9.65,140,10.4,420,0,79200
BANKNIFTY09JAN2032900CE.NFO,07/01/2020,09:18:02,9.65,9.7,120,10.35,280,60,79200
BANKNIFTY09JAN2032900CE.NFO,07/01/2020,09:18:03,9.65,9.85,120,10.35,80,260,79200
BANKNIFTY09JAN2032900CE.NFO,07/01/2020,09:18:05,9.9,9.9,20,10.15,180,300,79200
BANKNIFTY09JAN2032900CE.NFO,07/01/2020,09:18:06,9.75,9.75,40,10.15,180,340,79200
BANKNIFTY09JAN2032900CE.NFO,07/01/2020,09:18:07,9.95,9.85,100,10.15,180,100,79200
BANKNIFTY09JAN2032900CE.NFO,07/01/2020,09:18:08,9.95,9.75,100,9.95,80,160,79200
BANKNIFTY09JAN2032900CE.NFO,07/01/2020,09:18:08,9.95,9.8,60,9.95,160,360,79200
BANKNIFTY09JAN2032900CE.NFO,07/01/2020,09:18:09,9.85,9.8,100,10.1,180,380,79200
BANKNIFTY09JAN2032900CE.NFO,07/01/2020,09:18:10,9.9,9.85,20,10.15,40,260,79200
BANKNIFTY09JAN2032900CE.NFO,07/01/2020,09:18:11,9.7,9.7,100,10.15,360,540,79200
BANKNIFTY09JAN2032900CE.NFO,07/01/2020,09:18:13,9.8,9.55,80,10.15,360,440,79200
BANKNIFTY09JAN2032900CE.NFO,07/01/2020,09:18:14,9.95,9.45,20,9.95,340,40,79200
BANKNIFTY09JAN2032900CE.NFO,07/01/2020,09:18:15,9.5,9.5,20,9.9,380,120,79200
BANKNIFTY09JAN2032900CE.NFO,07/01/2020,09:18:16,9.35,9.3,300,9.9,380,120,79200
BANKNIFTY09JAN2032900CE.NFO,07/01/2020,09:18:16,9.35,9.25,140,9.9,640,500,79200
BANKNIFTY09JAN2032900CE.NFO,07/01/2020,09:18:18,9.5,9,40,9.6,740,480,79200
BANKNIFTY09JAN2032900CE.NFO,07/01/2020,09:18:19,8.95,8.95,100,9.6,680,120,79200
BANKNIFTY09JAN2032900CE.NFO,07/01/2020,09:18:20,9.3,8.7,40,9.8,200,1100,79200
BANKNIFTY09JAN2032900CE.NFO,07/01/2020,09:18:20,9.4,8.95,20,9.4,80,240,79200
BANKNIFTY09JAN2032900CE.NFO,07/01/2020,09:18:22,9.1,9.1,220,9.75,20,1040,79200
BANKNIFTY09JAN2032900CE.NFO,07/01/2020,09:18:23,8.85,8.85,40,9.55,40,460,79200
BANKNIFTY09JAN2032900CE.NFO,07/01/2020,09:18:24,9.15,9.3,40,9.55,260,280,79200
BANKNIFTY09JAN2032900CE.NFO,07/01/2020,09:18:25,8.85,8.75,220,9.55,100,100,79200
BANKNIFTY09JAN2032900CE.NFO,07/01/2020,09:18:26,9,9,320,9.55,100,140,79200
BANKNIFTY09JAN2032900CE.NFO,07/01/2020,09:18:27,9,9,320,9.55,100,0,79200
BANKNIFTY09JAN2032900CE.NFO,07/01/2020,09:18:27,9,9.05,180,9.55,40,80,79200
BANKNIFTY09JAN2032900CE.NFO,07/01/2020,09:18:29,9,9.1,360,9.6,200,40,79200
BANKNIFTY09JAN2032900CE.NFO,07/01/2020,09:18:30,9.1,9.1,280,9.6,200,180,79200
BANKNIFTY09JAN2032900CE.NFO,07/01/2020,09:18:31,9.6,9.15,240,9.7,80,40,79200
BANKNIFTY09JAN2032900CE.NFO,07/01/2020,09:18:32,9.15,9.1,260,9.7,240,80,79200
BANKNIFTY09JAN2032900CE.NFO,07/01/2020,09:18:33,9.1,9,340,9.7,80,100,79200
BANKNIFTY09JAN2032900CE.NFO,07/01/2020,09:18:33,8.9,8.75,60,9.45,60,200,79200
BANKNIFTY09JAN2032900CE.NFO,07/01/2020,09:18:35,9,9,500,9.3,240,360,79200
BANKNIFTY09JAN2032900CE.NFO,07/01/2020,09:18:36,9,9,460,9.3,280,40,79200
BANKNIFTY09JAN2032900CE.NFO,07/01/2020,09:18:37,9,9,300,9.25,320,180,79200
BANKNIFTY09JAN2032900CE.NFO,07/01/2020,09:18:38,9,9,220,9.25,340,60,79200
BANKNIFTY09JAN2032900CE.NFO,07/01/2020,09:18:39,9.1,9,80,9.15,300,420,79200
BANKNIFTY09JAN2032900CE.NFO,07/01/2020,09:18:39,9.05,9,200,9.2,180,120,79200
BANKNIFTY09JAN2032900CE.NFO,07/01/2020,09:18:41,8.65,8.65,80,9.2,380,100,79200
BANKNIFTY09JAN2032900CE.NFO,07/01/2020,09:18:42,8.6,8.6,120,9.2,380,120,79200
BANKNIFTY09JAN2032900CE.NFO,07/01/2020,09:18:43,8.3,8.3,60,8.4,20,1220,79200
BANKNIFTY09JAN2032900CE.NFO,07/01/2020,09:18:44,8.55,8.45,180,8.65,260,640,79200
BANKNIFTY09JAN2032900CE.NFO,07/01/2020,09:18:45,8.65,8.6,40,8.75,20,280,79200
BANKNIFTY09JAN2032900CE.NFO,07/01/2020,09:18:46,8.7,8.7,20,8.8,20,60,79200
BANKNIFTY09JAN2032900CE.NFO,07/01/2020,09:18:47,8.2,8.2,120,8.55,40,460,79200
BANKNIFTY09JAN2032900CE.NFO,07/01/2020,09:18:47,8.2,8.2,60,8.45,280,140,79200
BANKNIFTY09JAN2032900CE.NFO,07/01/2020,09:18:49,8.2,8.15,180,8.3,100,300,79200
BANKNIFTY09JAN2032900CE.NFO,07/01/2020,09:18:50,8.05,8.05,400,8.25,100,740,79200
BANKNIFTY09JAN2032900CE.NFO,07/01/2020,09:18:50,8.05,8.05,380,8.25,100,20,79200
BANKNIFTY09JAN2032900CE.NFO,07/01/2020,09:18:52,8.05,8.05,160,8.2,200,60,79200
BANKNIFTY09JAN2032900CE.NFO,07/01/2020,09:18:53,8.1,8.05,460,8.2,180,240,79200
BANKNIFTY09JAN2032900CE.NFO,07/01/2020,09:18:53,8.2,8.15,20,8.3,20,120,79200
BANKNIFTY09JAN2032900CE.NFO,07/01/2020,09:18:55,8.3,8.2,180,8.4,240,580,79200
BANKNIFTY09JAN2032900CE.NFO,07/01/2020,09:18:56,8.1,8.1,60,8.2,60,480,79200
BANKNIFTY09JAN2032900CE.NFO,07/01/2020,09:18:57,8.1,8.15,280,8.25,80,620,79200
BANKNIFTY09JAN2032900CE.NFO,07/01/2020,09:18:58,8.15,8.15,160,8.35,80,220,79200
BANKNIFTY09JAN2032900CE.NFO,07/01/2020,09:18:58,8.1,8.05,100,8.1,20,100,79200
BANKNIFTY09JAN2032900CE.NFO,07/01/2020,09:19:00,8.15,8.15,20,8.3,260,500,79200
BANKNIFTY09JAN2032900CE.NFO,07/01/2020,09:19:01,8.15,8.05,220,8.25,60,60,79200
BANKNIFTY09JAN2032900CE.NFO,07/01/2020,09:19:02,8.15,8.05,220,8.25,220,0,79200
BANKNIFTY09JAN2032900CE.NFO,07/01/2020,09:19:03,8.2,8.2,60,8.3,180,320,79200
BANKNIFTY09JAN2032900CE.NFO,07/01/2020,09:19:04,8.15,8,2200,8.1,20,240,79200
BANKNIFTY09JAN2032900CE.NFO,07/01/2020,09:19:05,8.05,8,2000,8.05,20,80,79200
BANKNIFTY09JAN2032900CE.NFO,07/01/2020,09:19:06,8.05,8,2000,8.1,40,80,79200
BANKNIFTY09JAN2032900CE.NFO,07/01/2020,09:19:07,8,8.05,20,8.15,400,40,79200
BANKNIFTY09JAN2032900CE.NFO,07/01/2020,09:19:07,8,8.05,20,8.15,500,0,79200
BANKNIFTY09JAN2032900CE.NFO,07/01/2020,09:19:09,8,8,1800,8.1,20,200,79200
BANKNIFTY09JAN2032900CE.NFO,07/01/2020,09:19:10,8,8,1800,8.1,20,0,79200
BANKNIFTY09JAN2032900CE.NFO,07/01/2020,09:19:11,8,8,1920,8.1,20,40,79200
BANKNIFTY09JAN2032900CE.NFO,07/01/2020,09:19:12,8.05,8.05,40,8.15,820,440,79200
BANKNIFTY09JAN2032900CE.NFO,07/01/2020,09:19:12,8.15,8.05,120,8.15,820,40,79200
BANKNIFTY09JAN2032900CE.NFO,07/01/2020,09:19:14,8.05,8,1840,8.1,20,120,79200
BANKNIFTY09JAN2032900CE.NFO,07/01/2020,09:19:15,8,8,1600,8.1,60,480,79200
BANKNIFTY09JAN2032900CE.NFO,07/01/2020,09:19:16,8.2,8.2,140,8.35,140,180,79200
BANKNIFTY09JAN2032900CE.NFO,07/01/2020,09:19:17,8.3,8.25,260,8.4,40,80,79200
BANKNIFTY09JAN2032900CE.NFO,07/01/2020,09:19:17,8.25,8.2,80,8.4,20,180,79200
BANKNIFTY09JAN2032900CE.NFO,07/01/2020,09:19:19,8.3,8.3,240,8.5,100,980,79200
BANKNIFTY09JAN2032900CE.NFO,07/01/2020,09:19:20,8.25,8.15,240,8.35,340,40,79200
BANKNIFTY09JAN2032900CE.NFO,07/01/2020,09:19:21,8.25,8.15,240,8.3,240,0,79200
BANKNIFTY09JAN2032900CE.NFO,07/01/2020,09:19:22,8.25,8.05,300,8.25,220,0,79200
BANKNIFTY09JAN2032900CE.NFO,07/01/2020,09:19:23,8.3,8.1,280,8.3,140,180,79200
BANKNIFTY09JAN2032900CE.NFO,07/01/2020,09:19:23,8.3,8.1,280,8.35,180,20,79200
BANKNIFTY09JAN2032900CE.NFO,07/01/2020,09:19:25,8.4,8.4,120,8.5,200,420,79200
BANKNIFTY09JAN2032900CE.NFO,07/01/2020,09:19:26,8.4,8.35,180,8.5,360,100,79200
BANKNIFTY09JAN2032900CE.NFO,07/01/2020,09:19:27,8.4,8.3,160,8.4,60,360,79200
BANKNIFTY09JAN2032900CE.NFO,07/01/2020,09:19:28,8.4,8.3,180,8.4,20,120,79200
BANKNIFTY09JAN2032900CE.NFO,07/01/2020,09:19:29,8.4,8.25,200,8.35,20,340,79200
BANKNIFTY09JAN2032900CE.NFO,07/01/2020,09:19:29,8.35,8.25,200,8.4,380,20,79200
BANKNIFTY09JAN2032900CE.NFO,07/01/2020,09:19:31,8.35,8.3,60,8.4,220,20,79200
BANKNIFTY09JAN2032900CE.NFO,07/01/2020,09:19:32,8.15,8.15,80,8.35,400,160,79200
BANKNIFTY09JAN2032900CE.NFO,07/01/2020,09:19:33,8.25,8.15,180,8.3,300,160,79200
BANKNIFTY09JAN2032900CE.NFO,07/01/2020,09:19:34,8.15,8.1,260,8.2,20,140,79200
BANKNIFTY09JAN2032900CE.NFO,07/01/2020,09:19:34,8.25,8.25,80,8.3,360,40,79200
BANKNIFTY09JAN2032900CE.NFO,07/01/2020,09:19:35,8.25,8.25,40,8.3,320,20,79200
BANKNIFTY09JAN2032900CE.NFO,07/01/2020,09:19:37,8.15,8,1840,8.15,20,400,79200
BANKNIFTY09JAN2032900CE.NFO,07/01/2020,09:19:38,8.05,8.05,20,8.15,40,260,79200
BANKNIFTY09JAN2032900CE.NFO,07/01/2020,09:19:39,8.15,8.1,20,8.2,260,40,79200
BANKNIFTY09JAN2032900CE.NFO,07/01/2020,09:19:40,8.15,8.05,260,8.2,160,260,79200
BANKNIFTY09JAN2032900CE.NFO,07/01/2020,09:19:41,8.25,8.1,260,8.25,20,100,79200
BANKNIFTY09JAN2032900CE.NFO,07/01/2020,09:19:41,8.25,8.1,240,8.25,20,0,79200
BANKNIFTY09JAN2032900CE.NFO,07/01/2020,09:19:43,8.2,8.15,460,8.25,20,140,79200
BANKNIFTY09JAN2032900CE.NFO,07/01/2020,09:19:44,8.25,8.2,140,8.3,740,100,79200
BANKNIFTY09JAN2032900CE.NFO,07/01/2020,09:19:45,8.25,8.25,100,8.3,760,160,79200
BANKNIFTY09JAN2032900CE.NFO,07/01/2020,09:19:46,8.25,8.2,240,8.25,20,100,79200
BANKNIFTY09JAN2032900CE.NFO,07/01/2020,09:19:46,8.25,8.15,80,8.25,20,0,79200
BANKNIFTY09JAN2032900CE.NFO,07/01/2020,09:19:48,8.15,8.05,80,8.15,120,220,79200
BANKNIFTY09JAN2032900CE.NFO,07/01/2020,09:19:49,8.15,8.05,80,8.15,40,200,79200
BANKNIFTY09JAN2032900CE.NFO,07/01/2020,09:19:50,8.15,8,1780,8.1,20,40,79200
BANKNIFTY09JAN2032900CE.NFO,07/01/2020,09:19:51,8,8,1580,8.1,20,40,79200
BANKNIFTY09JAN2032900CE.NFO,07/01/2020,09:19:52,8.05,7.95,80,8.05,140,2440,79200
BANKNIFTY09JAN2032900CE.NFO,07/01/2020,09:19:52,8.05,7.9,100,8,20,0,79200
BANKNIFTY09JAN2032900CE.NFO,07/01/2020,09:19:54,8.05,7.95,220,8.1,300,260,79200
BANKNIFTY09JAN2032900CE.NFO,07/01/2020,09:19:55,8.1,8.1,160,8.15,220,260,79200
BANKNIFTY09JAN2032900CE.NFO,07/01/2020,09:19:56,8.1,8,240,8.15,380,160,79200
BANKNIFTY09JAN2032900CE.NFO,07/01/2020,09:19:57,8,7.95,140,8.05,20,400,79200
BANKNIFTY09JAN2032900CE.NFO,07/01/2020,09:19:57,8,7.95,140,8.05,20,0,79200
BANKNIFTY09JAN2032900CE.NFO,07/01/2020,09:19:59,8.05,8,1040,8.15,280,300,79200
BANKNIFTY09JAN2032900CE.NFO,07/01/2020,09:20:00,8.05,8.1,160,8.15,220,0,79200
BANKNIFTY09JAN2032900CE.NFO,07/01/2020,09:20:01,8.1,8.1,160,8.25,1340,160,79200
BANKNIFTY09JAN2032900CE.NFO,07/01/2020,09:20:02,8.15,8.1,240,8.25,1480,380,79200
BANKNIFTY09JAN2032900CE.NFO,07/01/2020,09:20:03,8.1,8.05,140,8.25,1400,240,79200
BANKNIFTY09JAN2032900CE.NFO,07/01/2020,09:20:04,8.25,8.1,100,8.25,1200,420,79200
BANKNIFTY09JAN2032900CE.NFO,07/01/2020,09:20:05,8.25,8.1,200,8.25,1220,0,79200
BANKNIFTY09JAN2032900CE.NFO,07/01/2020,09:20:06,8.25,8.1,140,8.25,1520,0,79200
BANKNIFTY09JAN2032900CE.NFO,07/01/2020,09:20:06,8.1,8.1,20,8.25,1540,20,79200
BANKNIFTY09JAN2032900CE.NFO,07/01/2020,09:20:08,8.1,8.05,120,8.25,1580,40,79200
BANKNIFTY09JAN2032900CE.NFO,07/01/2020,09:20:09,8.05,8,900,8.15,260,40,79200
BANKNIFTY09JAN2032900CE.NFO,07/01/2020,09:20:10,8,8,840,8.1,100,240,94440
BANKNIFTY09JAN2032900CE.NFO,07/01/2020,09:20:11,8.1,8,680,8.2,280,20,94440
BANKNIFTY09JAN2032900CE.NFO,07/01/2020,09:20:12,8.1,8,840,8.2,280,0,94440
BANKNIFTY09JAN2032900CE.NFO,07/01/2020,09:20:13,8,8,640,8.1,20,40,94440
BANKNIFTY09JAN2032900CE.NFO,07/01/2020,09:20:14,8,8,420,8.15,180,440,94440
BANKNIFTY09JAN2032900CE.NFO,07/01/2020,09:20:15,8.15,8,320,8.15,180,120,94440
BANKNIFTY09JAN2032900CE.NFO,07/01/2020,09:20:16,8.15,8,220,8.1,20,20,94440
BANKNIFTY09JAN2032900CE.NFO,07/01/2020,09:20:17,8.15,8,380,8.1,80,0,94440
BANKNIFTY09JAN2032900CE.NFO,07/01/2020,09:20:18,8.1,8.05,160,8.1,240,40,94440
BANKNIFTY09JAN2032900CE.NFO,07/01/2020,09:20:19,8.1,8.05,180,8.1,160,80,94440
BANKNIFTY09JAN2032900CE.NFO,07/01/2020,09:20:20,8.1,8.05,180,8.1,100,60,94440
BANKNIFTY09JAN2032900CE.NFO,07/01/2020,09:20:21,8.05,8.05,80,8.1,120,120,94440
BANKNIFTY09JAN2032900CE.NFO,07/01/2020,09:20:22,8.1,8.05,20,8.1,160,60,94440
BANKNIFTY09JAN2032900CE.NFO,07/01/2020,09:20:23,8.1,8.05,20,8.1,180,0,94440
BANKNIFTY09JAN2032900CE.NFO,07/01/2020,09:20:24,8.1,8.05,20,8.1,200,0,94440
BANKNIFTY09JAN2032900CE.NFO,07/01/2020,09:20:25,8.1,8.05,100,8.1,160,60,94440
BANKNIFTY09JAN2032900CE.NFO,07/01/2020,09:20:26,8.1,8.05,20,8.1,100,80,94440
BANKNIFTY09JAN2032900CE.NFO,07/01/2020,09:20:27,8.05,8,420,8.1,40,80,94440
BANKNIFTY09JAN2032900CE.NFO,07/01/2020,09:20:28,8.15,8.05,240,8.15,180,60,94440
BANKNIFTY09JAN2032900CE.NFO,07/01/2020,09:20:29,8.15,8.1,240,8.15,20,0,94440
BANKNIFTY09JAN2032900CE.NFO,07/01/2020,09:20:30,8.15,8.1,260,8.15,20,0,94440
BANKNIFTY09JAN2032900CE.NFO,07/01/2020,09:20:31,8.2,8.2,160,8.25,1180,100,94440
BANKNIFTY09JAN2032900CE.NFO,07/01/2020,09:20:32,8.2,8.15,80,8.25,1180,80,94440
BANKNIFTY09JAN2032900CE.NFO,07/01/2020,09:20:33,8.1,8.05,340,8.25,1280,400,94440
BANKNIFTY09JAN2032900CE.NFO,07/01/2020,09:20:34,8.15,8,420,8.15,240,620,94440
BANKNIFTY09JAN2032900CE.NFO,07/01/2020,09:20:35,8.15,8.15,120,8.2,80,640,94440
BANKNIFTY09JAN2032900CE.NFO,07/01/2020,09:20:36,8.15,8.2,160,8.25,1180,0,94440
BANKNIFTY09JAN2032900CE.NFO,07/01/2020,09:20:37,8.05,8,660,8.2,300,320,94440
BANKNIFTY09JAN2032900CE.NFO,07/01/2020,09:20:38,8.25,8.1,260,8.25,1260,100,94440
BANKNIFTY09JAN2032900CE.NFO,07/01/2020,09:20:39,8.25,8.2,160,8.25,960,140,94440
BANKNIFTY09JAN2032900CE.NFO,07/01/2020,09:20:40,8.25,8.2,160,8.25,900,60,94440
BANKNIFTY09JAN2032900CE.NFO,07/01/2020,09:20:40,8.25,8.2,160,8.25,900,0,94440
BANKNIFTY09JAN2032900CE.NFO,07/01/2020,09:20:42,8.05,8.05,240,8.2,760,200,94440
BANKNIFTY09JAN2032900CE.NFO,07/01/2020,09:20:43,8.2,8.05,240,8.2,680,60,94440
BANKNIFTY09JAN2032900CE.NFO,07/01/2020,09:20:44,8.25,8.25,100,8.4,260,800,94440
BANKNIFTY09JAN2032900CE.NFO,07/01/2020,09:20:45,8.2,8.25,160,8.4,380,460,94440
BANKNIFTY09JAN2032900CE.NFO,07/01/2020,09:20:46,8.3,8.35,400,8.5,80,100,94440
BANKNIFTY09JAN2032900CE.NFO,07/01/2020,09:20:46,8.3,8.35,400,8.5,80,0,94440
BANKNIFTY09JAN2032900CE.NFO,07/01/2020,09:20:48,8.3,8.3,240,8.45,20,0,94440
BANKNIFTY09JAN2032900CE.NFO,07/01/2020,09:20:49,8.3,8.35,320,8.5,100,0,94440
BANKNIFTY09JAN2032900CE.NFO,07/01/2020,09:20:50,8.3,8.35,380,8.5,100,0,94440
BANKNIFTY09JAN2032900CE.NFO,07/01/2020,09:20:51,8.3,8.35,400,8.55,200,0,94440
BANKNIFTY09JAN2032900CE.NFO,07/01/2020,09:20:52,8.35,8.35,140,8.45,20,340,94440
BANKNIFTY09JAN2032900CE.NFO,07/01/2020,09:20:53,8.55,8.45,80,8.6,60,160,94440
BANKNIFTY09JAN2032900CE.NFO,07/01/2020,09:20:54,8.6,8.45,240,8.6,220,20,94440
BANKNIFTY09JAN2032900CE.NFO,07/01/2020,09:20:55,8.6,8.45,300,8.65,120,20,94440
BANKNIFTY09JAN2032900CE.NFO,07/01/2020,09:20:56,8.6,8.45,300,8.65,120,0,94440
BANKNIFTY09JAN2032900CE.NFO,07/01/2020,09:20:57,8.6,8.4,280,8.6,280,0,94440
BANKNIFTY09JAN2032900CE.NFO,07/01/2020,09:20:58,8.6,8.35,80,8.5,220,0,94440
BANKNIFTY09JAN2032900CE.NFO,07/01/2020,09:20:59,8.35,8.3,260,8.5,280,40,94440
BANKNIFTY09JAN2032900CE.NFO,07/01/2020,09:21:00,8.45,8.35,40,8.45,360,400,94440
BANKNIFTY09JAN2032900CE.NFO,07/01/2020,09:21:01,8.4,8.3,20,8.4,80,40,94440
BANKNIFTY09JAN2032900CE.NFO,07/01/2020,09:21:02,8.35,8.2,20,8.35,60,280,94440
BANKNIFTY09JAN2032900CE.NFO,07/01/2020,09:21:03,8.3,8.2,20,8.3,20,80,94440
BANKNIFTY09JAN2032900CE.NFO,07/01/2020,09:21:04,8.3,8.15,20,8.3,320,0,94440
BANKNIFTY09JAN2032900CE.NFO,07/01/2020,09:21:05,8.3,8.2,20,8.3,60,0,94440
BANKNIFTY09JAN2032900CE.NFO,07/01/2020,09:21:06,8.3,8.2,180,8.35,220,0,94440
BANKNIFTY09JAN2032900CE.NFO,07/01/2020,09:21:07,8.3,8.2,80,8.35,220,0,94440
BANKNIFTY09JAN2032900CE.NFO,07/01/2020,09:21:08,8.3,8.2,160,8.35,160,0,94440
BANKNIFTY09JAN2032900CE.NFO,07/01/2020,09:21:09,8.3,8.35,80,8.5,60,0,94440
BANKNIFTY09JAN2032900CE.NFO,07/01/2020,09:21:10,8.3,8.5,20,8.6,60,0,94440
BANKNIFTY09JAN2032900CE.NFO,07/01/2020,09:21:11,8.6,8.55,200,8.75,220,200,94440
BANKNIFTY09JAN2032900CE.NFO,07/01/2020,09:21:12,8.65,8.5,60,8.65,20,320,94440
BANKNIFTY09JAN2032900CE.NFO,07/01/2020,09:21:13,8.75,8.7,80,8.9,100,120,94440
BANKNIFTY09JAN2032900CE.NFO,07/01/2020,09:21:14,8.8,8.6,240,8.85,260,120,94440
BANKNIFTY09JAN2032900CE.NFO,07/01/2020,09:21:15,8.7,8.6,120,8.8,200,420,94440
BANKNIFTY09JAN2032900CE.NFO,07/01/2020,09:21:16,8.4,8.45,140,8.65,100,240,94440
BANKNIFTY09JAN2032900CE.NFO,07/01/2020,09:21:17,8.8,8.8,420,8.95,300,640,94440
BANKNIFTY09JAN2032900CE.NFO,07/01/2020,09:21:18,8.8,8.8,340,8.95,300,80,94440
BANKNIFTY09JAN2032900CE.NFO,07/01/2020,09:21:19,8.8,8.8,400,8.95,20,40,94440
BANKNIFTY09JAN2032900CE.NFO,07/01/2020,09:21:20,8.8,8.8,380,8.95,20,20,94440
BANKNIFTY09JAN2032900CE.NFO,07/01/2020,09:21:21,8.8,8.8,180,8.95,180,120,94440
BANKNIFTY09JAN2032900CE.NFO,07/01/2020,09:21:22,8.8,8.8,180,8.95,180,0,94440
BANKNIFTY09JAN2032900CE.NFO,07/01/2020,09:21:23,8.8,8.8,40,8.95,340,140,94440
BANKNIFTY09JAN2032900CE.NFO,07/01/2020,09:21:24,8.55,8.5,300,8.65,200,240,94440
BANKNIFTY09JAN2032900CE.NFO,07/01/2020,09:21:25,8.5,8.35,80,8.55,400,360,94440
BANKNIFTY09JAN2032900CE.NFO,07/01/2020,09:21:26,8.55,8.45,20,8.6,80,100,94440
BANKNIFTY09JAN2032900CE.NFO,07/01/2020,09:21:27,8.55,8.45,100,8.65,100,0,94440
BANKNIFTY09JAN2032900CE.NFO,07/01/2020,09:21:28,8.45,8.45,40,8.65,240,20,94440
BANKNIFTY09JAN2032900CE.NFO,07/01/2020,09:21:29,8.45,8.45,40,8.65,240,0,94440
BANKNIFTY09JAN2032900CE.NFO,07/01/2020,09:21:30,8.55,8.3,60,8.55,60,100,94440
BANKNIFTY09JAN2032900CE.NFO,07/01/2020,09:21:31,8.55,8.35,20,8.55,300,120,94440
BANKNIFTY09JAN2032900CE.NFO,07/01/2020,09:21:32,8.55,8.35,20,8.5,260,0,94440
BANKNIFTY09JAN2032900CE.NFO,07/01/2020,09:21:33,8.55,8.3,100,8.5,360,0,94440
BANKNIFTY09JAN2032900CE.NFO,07/01/2020,09:21:34,8.55,8.35,60,8.5,260,0,94440
BANKNIFTY09JAN2032900CE.NFO,07/01/2020,09:21:35,8.55,8.3,20,8.5,360,0,94440
BANKNIFTY09JAN2032900CE.NFO,07/01/2020,09:21:36,8.55,8.2,60,8.45,340,0,94440
BANKNIFTY09JAN2032900CE.NFO,07/01/2020,09:21:37,8.45,8.2,260,8.45,180,420,94440
BANKNIFTY09JAN2032900CE.NFO,07/01/2020,09:21:38,8.45,8.3,260,8.5,220,20,94440
BANKNIFTY09JAN2032900CE.NFO,07/01/2020,09:21:39,8.45,8.3,100,8.5,480,0,94440
BANKNIFTY09JAN2032900CE.NFO,07/01/2020,09:21:40,8.45,8.35,20,8.5,260,0,94440
BANKNIFTY09JAN2032900CE.NFO,07/01/2020,09:21:41,8.5,8.3,140,8.5,200,160,94440
BANKNIFTY09JAN2032900CE.NFO,07/01/2020,09:21:42,8.5,8.5,20,8.6,160,100,94440
BANKNIFTY09JAN2032900CE.NFO,07/01/2020,09:21:43,8.55,8.5,200,8.65,60,80,94440
BANKNIFTY09JAN2032900CE.NFO,07/01/2020,09:21:44,8.5,8.5,60,8.65,220,80,94440
BANKNIFTY09JAN2032900CE.NFO,07/01/2020,09:21:45,8.65,8.5,180,8.7,320,60,94440
BANKNIFTY09JAN2032900CE.NFO,07/01/2020,09:21:46,8.55,8.45,100,8.7,120,280,94440
BANKNIFTY09JAN2032900CE.NFO,07/01/2020,09:21:47,8.55,8.55,40,8.7,220,840,94440
BANKNIFTY09JAN2032900CE.NFO,07/01/2020,09:21:47,8.55,8.55,40,8.7,220,0,94440
BANKNIFTY09JAN2032900CE.NFO,07/01/2020,09:21:49,8.55,8.5,40,8.65,60,40,94440
BANKNIFTY09JAN2032900CE.NFO,07/01/2020,09:21:50,8.5,8.45,20,8.5,20,980,94440
BANKNIFTY09JAN2032900CE.NFO,07/01/2020,09:21:51,8.5,8.45,80,8.65,160,20,94440
BANKNIFTY09JAN2032900CE.NFO,07/01/2020,09:21:52,8.4,8.4,500,8.55,20,120,94440
BANKNIFTY09JAN2032900CE.NFO,07/01/2020,09:21:52,8.6,8.4,500,8.6,380,60,94440
BANKNIFTY09JAN2032900CE.NFO,07/01/2020,09:21:53,8.6,8.4,500,8.6,220,0,94440
BANKNIFTY09JAN2032900CE.NFO,07/01/2020,09:21:54,8.6,8.4,500,8.6,340,40,94440
BANKNIFTY09JAN2032900CE.NFO,07/01/2020,09:21:55,8.6,8.4,500,8.6,260,0,94440
BANKNIFTY09JAN2032900CE.NFO,07/01/2020,09:21:56,8.6,8.4,300,8.6,520,300,94440
BANKNIFTY09JAN2032900CE.NFO,07/01/2020,09:21:57,8.6,8.5,60,8.65,300,300,94440
BANKNIFTY09JAN2032900CE.NFO,07/01/2020,09:21:58,8.5,8.5,200,8.7,180,60,94440
BANKNIFTY09JAN2032900CE.NFO,07/01/2020,09:22:00,8.6,8.55,240,8.7,100,260,94440
BANKNIFTY09JAN2032900CE.NFO,07/01/2020,09:22:01,8.6,8.55,200,8.75,100,220,94440
BANKNIFTY09JAN2032900CE.NFO,07/01/2020,09:22:02,8.6,8.55,80,8.7,120,300,94440
BANKNIFTY09JAN2032900CE.NFO,07/01/2020,09:22:03,8.7,8.45,80,8.7,300,1080,94440
BANKNIFTY09JAN2032900CE.NFO,07/01/2020,09:22:04,8.6,8.55,100,8.6,100,100,94440
BANKNIFTY09JAN2032900CE.NFO,07/01/2020,09:22:05,8.8,8.6,180,8.8,2100,260,94440
BANKNIFTY09JAN2032900CE.NFO,07/01/2020,09:22:06,8.8,8.6,180,8.8,2000,0,94440
BANKNIFTY09JAN2032900CE.NFO,07/01/2020,09:22:07,8.7,8.45,100,8.7,140,120,94440
BANKNIFTY09JAN2032900CE.NFO,07/01/2020,09:22:08,8.6,8.4,340,8.6,20,60,94440
BANKNIFTY09JAN2032900CE.NFO,07/01/2020,09:22:09,8.55,8.4,280,8.6,480,140,94440
BANKNIFTY09JAN2032900CE.NFO,07/01/2020,09:22:10,8.4,8.4,40,8.55,240,360,94440
BANKNIFTY09JAN2032900CE.NFO,07/01/2020,09:22:11,8.5,8.45,40,8.6,120,260,94440
BANKNIFTY09JAN2032900CE.NFO,07/01/2020,09:22:12,8.6,8.4,160,8.65,320,60,94440
BANKNIFTY09JAN2032900CE.NFO,07/01/2020,09:22:13,8.6,8.4,160,8.65,320,0,94440
BANKNIFTY09JAN2032900CE.NFO,07/01/2020,09:22:14,8.6,8.4,280,8.65,100,0,94440
BANKNIFTY09JAN2032900CE.NFO,07/01/2020,09:22:15,8.6,8.4,180,8.65,420,0,94440
BANKNIFTY09JAN2032900CE.NFO,07/01/2020,09:22:16,8.5,8.45,720,8.65,260,160,94440
BANKNIFTY09JAN2032900CE.NFO,07/01/2020,09:22:17,8.6,8.6,60,8.75,120,260,94440
BANKNIFTY09JAN2032900CE.NFO,07/01/2020,09:22:18,8.8,8.6,260,8.8,1980,220,94440
BANKNIFTY09JAN2032900CE.NFO,07/01/2020,09:22:19,8.8,8.6,180,8.75,180,0,94440
BANKNIFTY09JAN2032900CE.NFO,07/01/2020,09:22:20,8.6,8.6,160,8.75,280,20,94440
BANKNIFTY09JAN2032900CE.NFO,07/01/2020,09:22:21,8.75,8.6,160,8.75,120,140,94440
BANKNIFTY09JAN2032900CE.NFO,07/01/2020,09:22:23,8.5,8.45,1040,8.65,100,540,94440
BANKNIFTY09JAN2032900CE.NFO,07/01/2020,09:22:24,8.5,8.5,320,8.7,320,240,94440
BANKNIFTY09JAN2032900CE.NFO,07/01/2020,09:22:25,8.8,8.6,480,8.8,1440,640,94440
BANKNIFTY09JAN2032900CE.NFO,07/01/2020,09:22:26,8.8,8.6,380,8.8,960,220,94440
BANKNIFTY09JAN2032900CE.NFO,07/01/2020,09:22:27,8.6,8.6,60,8.75,40,120,94440
BANKNIFTY09JAN2032900CE.NFO,07/01/2020,09:22:28,8.55,8.55,80,8.75,440,140,94440
BANKNIFTY09JAN2032900CE.NFO,07/01/2020,09:22:29,8.65,8.6,60,8.8,1220,200,94440
BANKNIFTY09JAN2032900CE.NFO,07/01/2020,09:22:30,8.65,8.65,200,8.8,1220,0,94440
BANKNIFTY09JAN2032900CE.NFO,07/01/2020,09:22:31,8.65,8.55,180,8.8,1160,120,94440
BANKNIFTY09JAN2032900CE.NFO,07/01/2020,09:22:32,8.75,8.55,240,8.75,300,20,94440
BANKNIFTY09JAN2032900CE.NFO,07/01/2020,09:22:33,8.75,8.55,240,8.75,460,0,94440
BANKNIFTY09JAN2032900CE.NFO,07/01/2020,09:22:34,8.55,8.5,380,8.75,500,20,94440
BANKNIFTY09JAN2032900CE.NFO,07/01/2020,09:22:35,8.55,8.5,340,8.75,380,0,94440
BANKNIFTY09JAN2032900CE.NFO,07/01/2020,09:22:36,8.55,8.5,220,8.7,380,0,94440
BANKNIFTY09JAN2032900CE.NFO,07/01/2020,09:22:36,8.7,8.7,160,8.75,240,380,94440
BANKNIFTY09JAN2032900CE.NFO,07/01/2020,09:22:38,8.65,8.55,100,8.7,140,1280,94440
BANKNIFTY09JAN2032900CE.NFO,07/01/2020,09:22:39,8.7,8.55,180,8.7,160,60,94440
BANKNIFTY09JAN2032900CE.NFO,07/01/2020,09:22:40,8.55,8.55,120,8.75,420,60,94440
BANKNIFTY09JAN2032900CE.NFO,07/01/2020,09:22:41,8.45,8.45,140,8.65,420,240,94440
BANKNIFTY09JAN2032900CE.NFO,07/01/2020,09:22:42,8.45,8.4,240,8.65,580,0,94440
BANKNIFTY09JAN2032900CE.NFO,07/01/2020,09:22:42,8.45,8.4,240,8.65,420,0,94440
BANKNIFTY09JAN2032900CE.NFO,07/01/2020,09:22:44,8.4,8.4,60,8.65,580,180,94440
BANKNIFTY09JAN2032900CE.NFO,07/01/2020,09:22:45,8.45,8.45,20,8.6,560,500,94440
BANKNIFTY09JAN2032900CE.NFO,07/01/2020,09:22:46,8.45,8.45,120,8.6,340,0,94440
BANKNIFTY09JAN2032900CE.NFO,07/01/2020,09:22:47,8.45,8.3,120,8.55,560,20,94440
BANKNIFTY09JAN2032900CE.NFO,07/01/2020,09:22:48,8.55,8.35,80,8.55,440,20,94440
BANKNIFTY09JAN2032900CE.NFO,07/01/2020,09:22:49,8.55,8.45,40,8.65,560,200,94440
BANKNIFTY09JAN2032900CE.NFO,07/01/2020,09:22:50,8.45,8.45,300,8.65,480,20,94440
BANKNIFTY09JAN2032900CE.NFO,07/01/2020,09:22:51,8.65,8.45,320,8.65,280,160,94440
BANKNIFTY09JAN2032900CE.NFO,07/01/2020,09:22:52,8.65,8.5,380,8.7,260,120,94440
BANKNIFTY09JAN2032900CE.NFO,07/01/2020,09:22:53,8.7,8.55,360,8.8,220,120,94440
BANKNIFTY09JAN2032900CE.NFO,07/01/2020,09:22:54,8.6,8.6,280,8.9,300,220,94440
BANKNIFTY09JAN2032900CE.NFO,07/01/2020,09:22:55,8.7,8.7,300,8.95,160,280,94440
BANKNIFTY09JAN2032900CE.NFO,07/01/2020,09:22:55,8.7,8.7,220,8.95,80,0,94440
BANKNIFTY09JAN2032900CE.NFO,07/01/2020,09:22:56,8.7,8.7,140,8.9,60,140,94440
BANKNIFTY09JAN2032900CE.NFO,07/01/2020,09:22:57,8.7,8.65,160,8.85,60,160,94440
BANKNIFTY09JAN2032900CE.NFO,07/01/2020,09:22:58,8.7,8.65,20,8.85,60,0,94440
BANKNIFTY09JAN2032900CE.NFO,07/01/2020,09:22:59,8.65,8.6,20,8.75,240,40,94440
BANKNIFTY09JAN2032900CE.NFO,07/01/2020,09:23:00,8.7,8.55,640,8.7,40,60,94440
BANKNIFTY09JAN2032900CE.NFO,07/01/2020,09:23:02,8.55,8.55,260,8.7,360,300,94440
BANKNIFTY09JAN2032900CE.NFO,07/01/2020,09:23:03,8.4,8.4,120,8.55,180,400,94440
BANKNIFTY09JAN2032900CE.NFO,07/01/2020,09:23:04,8.4,8.4,120,8.55,180,0,94440
BANKNIFTY09JAN2032900CE.NFO,07/01/2020,09:23:05,8.4,8.4,160,8.6,180,180,94440
BANKNIFTY09JAN2032900CE.NFO,07/01/2020,09:23:06,8.4,8.55,280,8.75,300,0,94440
BANKNIFTY09JAN2032900CE.NFO,07/01/2020,09:23:07,8.75,8.55,340,8.8,380,120,94440
BANKNIFTY09JAN2032900CE.NFO,07/01/2020,09:23:08,8.8,8.6,100,8.75,40,20,94440
BANKNIFTY09JAN2032900CE.NFO,07/01/2020,09:23:08,8.8,8.5,300,8.7,180,0,94440
BANKNIFTY09JAN2032900CE.NFO,07/01/2020,09:23:10,8.45,8.3,240,8.55,300,40,94440
BANKNIFTY09JAN2032900CE.NFO,07/01/2020,09:23:11,8.6,8.6,220,8.7,200,1220,94740
BANKNIFTY09JAN2032900CE.NFO,07/01/2020,09:23:12,8.6,8.5,220,8.65,100,40,94740
BANKNIFTY09JAN2032900CE.NFO,07/01/2020,09:23:13,8.45,8.45,80,8.6,20,60,94740
BANKNIFTY09JAN2032900CE.NFO,07/01/2020,09:23:14,8.45,8.4,400,8.6,80,0,94740
BANKNIFTY09JAN2032900CE.NFO,07/01/2020,09:23:15,8.45,8.3,320,8.55,460,0,94740
BANKNIFTY09JAN2032900CE.NFO,07/01/2020,09:23:16,8.45,8.3,300,8.55,520,0,94740
BANKNIFTY09JAN2032900CE.NFO,07/01/2020,09:23:17,8.35,8.2,220,8.35,240,100,94740
BANKNIFTY09JAN2032900CE.NFO,07/01/2020,09:23:18,8.4,8.3,180,8.45,420,200,94740
BANKNIFTY09JAN2032900CE.NFO,07/01/2020,09:23:19,8.4,8.3,260,8.45,160,0,94740
BANKNIFTY09JAN2032900CE.NFO,07/01/2020,09:23:20,8.4,8.35,20,8.5,440,0,94740
BANKNIFTY09JAN2032900CE.NFO,07/01/2020,09:23:21,8.5,8.35,340,8.55,180,140,94740
BANKNIFTY09JAN2032900CE.NFO,07/01/2020,09:23:22,8.45,8.35,60,8.5,40,80,94740
BANKNIFTY09JAN2032900CE.NFO,07/01/2020,09:23:23,8.45,8.35,140,8.55,320,0,94740
BANKNIFTY09JAN2032900CE.NFO,07/01/2020,09:23:24,8.45,8.25,380,8.45,300,0,94740
BANKNIFTY09JAN2032900CE.NFO,07/01/2020,09:23:25,8.45,8.3,340,8.5,220,0,94740
BANKNIFTY09JAN2032900CE.NFO,07/01/2020,09:23:26,8.45,8.3,300,8.5,420,0,94740
BANKNIFTY09JAN2032900CE.NFO,07/01/2020,09:23:28,8.45,8.3,180,8.45,200,240,94740
BANKNIFTY09JAN2032900CE.NFO,07/01/2020,09:23:29,8.45,8.3,240,8.45,20,0,94740
BANKNIFTY09JAN2032900CE.NFO,07/01/2020,09:23:30,8.45,8.3,280,8.45,20,0,94740
BANKNIFTY09JAN2032900CE.NFO,07/01/2020,09:23:31,8.5,8.45,180,8.6,180,20,94740
BANKNIFTY09JAN2032900CE.NFO,07/01/2020,09:23:32,8.5,8.45,180,8.6,340,0,94740
BANKNIFTY09JAN2032900CE.NFO,07/01/2020,09:23:33,8.5,8.45,220,8.6,280,0,94740
BANKNIFTY09JAN2032900CE.NFO,07/01/2020,09:23:34,8.5,8.45,180,8.6,140,0,94740
BANKNIFTY09JAN2032900CE.NFO,07/01/2020,09:23:35,8.5,8.45,180,8.6,160,0,94740
BANKNIFTY09JAN2032900CE.NFO,07/01/2020,09:23:36,8.45,8.4,80,8.5,40,20,94740
BANKNIFTY09JAN2032900CE.NFO,07/01/2020,09:23:37,8.45,8.4,240,8.55,100,0,94740
BANKNIFTY09JAN2032900CE.NFO,07/01/2020,09:23:38,8.5,8.4,240,8.6,240,20,94740
BANKNIFTY09JAN2032900CE.NFO,07/01/2020,09:23:39,8.4,8.4,140,8.5,280,20,94740
BANKNIFTY09JAN2032900CE.NFO,07/01/2020,09:23:40,8.4,8.3,340,8.5,460,0,94740
BANKNIFTY09JAN2032900CE.NFO,07/01/2020,09:23:41,8.35,8.3,280,8.5,520,180,94740
BANKNIFTY09JAN2032900CE.NFO,07/01/2020,09:23:42,8.5,8.5,40,8.55,60,660,94740
BANKNIFTY09JAN2032900CE.NFO,07/01/2020,09:23:43,8.5,8.45,180,8.6,420,40,94740
BANKNIFTY09JAN2032900CE.NFO,07/01/2020,09:23:44,8.45,8.45,60,8.6,260,40,94740
BANKNIFTY09JAN2032900CE.NFO,07/01/2020,09:23:45,8.6,8.4,200,8.6,360,140,94740
BANKNIFTY09JAN2032900CE.NFO,07/01/2020,09:23:46,8.4,8.4,280,8.6,360,60,94740
BANKNIFTY09JAN2032900CE.NFO,07/01/2020,09:23:47,8.4,8.4,260,8.6,360,20,94740
BANKNIFTY09JAN2032900CE.NFO,07/01/2020,09:23:48,8.45,8.45,160,8.6,360,40,94740
BANKNIFTY09JAN2032900CE.NFO,07/01/2020,09:23:49,8.45,8.45,280,8.6,400,40,94740
BANKNIFTY09JAN2032900CE.NFO,07/01/2020,09:23:50,8.45,8.45,280,8.6,360,0,94740
BANKNIFTY09JAN2032900CE.NFO,07/01/2020,09:23:51,8.45,8.45,280,8.6,360,60,94740
BANKNIFTY09JAN2032900CE.NFO,07/01/2020,09:23:52,8.45,8.4,440,8.6,360,60,94740
BANKNIFTY09JAN2032900CE.NFO,07/01/2020,09:23:53,8.45,8.4,400,8.6,340,0,94740
BANKNIFTY09JAN2032900CE.NFO,07/01/2020,09:23:54,8.5,8.4,200,8.5,160,600,94740
BANKNIFTY09JAN2032900CE.NFO,07/01/2020,09:23:55,8.4,8.45,120,8.55,40,40,94740
BANKNIFTY09JAN2032900CE.NFO,07/01/2020,09:23:56,8.45,8.45,180,8.55,20,200,94740
BANKNIFTY09JAN2032900CE.NFO,07/01/2020,09:23:57,8.45,8.45,200,8.65,20,380,94740
BANKNIFTY09JAN2032900CE.NFO,07/01/2020,09:23:58,8.45,8.6,140,8.7,20,60,94740
BANKNIFTY09JAN2032900CE.NFO,07/01/2020,09:23:59,8.6,8.6,140,8.75,240,20,94740
BANKNIFTY09JAN2032900CE.NFO,07/01/2020,09:24:00,8.6,8.6,40,8.75,200,20,94740
BANKNIFTY09JAN2032900CE.NFO,07/01/2020,09:24:01,8.6,8.5,200,8.7,360,0,94740
BANKNIFTY09JAN2032900CE.NFO,07/01/2020,09:24:02,8.6,8.4,260,8.6,240,0,94740
BANKNIFTY09JAN2032900CE.NFO,07/01/2020,09:24:03,8.4,8.4,220,8.6,240,20,94740
BANKNIFTY09JAN2032900CE.NFO,07/01/2020,09:24:04,8.55,8.3,60,8.45,360,40,94740
BANKNIFTY09JAN2032900CE.NFO,07/01/2020,09:24:05,8.45,8.3,140,8.45,160,60,94740
BANKNIFTY09JAN2032900CE.NFO,07/01/2020,09:24:06,8.45,8.4,60,8.5,20,0,94740
BANKNIFTY09JAN2032900CE.NFO,07/01/2020,09:24:07,8.45,8.35,220,8.5,40,0,94740
BANKNIFTY09JAN2032900CE.NFO,07/01/2020,09:24:08,8.35,8.35,40,8.5,320,20,94740
BANKNIFTY09JAN2032900CE.NFO,07/01/2020,09:24:09,8.35,8.35,100,8.5,380,0,94740
BANKNIFTY09JAN2032900CE.NFO,07/01/2020,09:24:10,8.25,8.25,60,8.45,340,140,94740
BANKNIFTY09JAN2032900CE.NFO,07/01/2020,09:24:11,8.4,8.25,60,8.4,220,280,94740
BANKNIFTY09JAN2032900CE.NFO,07/01/2020,09:24:12,8.4,8.25,60,8.4,280,0,94740
BANKNIFTY09JAN2032900CE.NFO,07/01/2020,09:24:13,8.4,8.3,20,8.45,60,0,94740
BANKNIFTY09JAN2032900CE.NFO,07/01/2020,09:24:14,8.35,8.35,20,8.45,20,340,94740
BANKNIFTY09JAN2032900CE.NFO,07/01/2020,09:24:15,8.2,8.3,40,8.4,180,200,94740
BANKNIFTY09JAN2032900CE.NFO,07/01/2020,09:24:16,8.2,8.15,60,8.35,240,0,94740
BANKNIFTY09JAN2032900CE.NFO,07/01/2020,09:24:17,8.25,8.25,20,8.4,220,220,94740
BANKNIFTY09JAN2032900CE.NFO,07/01/2020,09:24:18,8.35,8.3,260,8.5,260,20,94740
BANKNIFTY09JAN2032900CE.NFO,07/01/2020,09:24:19,8.35,8.2,320,8.4,220,0,94740
BANKNIFTY09JAN2032900CE.NFO,07/01/2020,09:24:20,8.35,8.2,260,8.4,220,0,94740
BANKNIFTY09JAN2032900CE.NFO,07/01/2020,09:24:21,8.2,8.2,260,8.45,40,20,94740
BANKNIFTY09JAN2032900CE.NFO,07/01/2020,09:24:22,8.2,8.25,20,8.4,200,0,94740
BANKNIFTY09JAN2032900CE.NFO,07/01/2020,09:24:23,8.2,8.25,20,8.4,40,0,94740
BANKNIFTY09JAN2032900CE.NFO,07/01/2020,09:24:24,8.2,8.25,20,8.4,220,0,94740
BANKNIFTY09JAN2032900CE.NFO,07/01/2020,09:24:25,8.2,8.25,380,8.45,100,0,94740
BANKNIFTY09JAN2032900CE.NFO,07/01/2020,09:24:26,8.35,8.3,400,8.5,20,40,94740
BANKNIFTY09JAN2032900CE.NFO,07/01/2020,09:24:27,8.35,8.3,360,8.5,240,20,94740
BANKNIFTY09JAN2032900CE.NFO,07/01/2020,09:24:29,8.25,8.2,1280,8.3,40,40,94740
BANKNIFTY09JAN2032900CE.NFO,07/01/2020,09:24:30,8.2,8.25,80,8.3,100,120,94740
BANKNIFTY09JAN2032900CE.NFO,07/01/2020,09:24:31,8.2,8.25,80,8.3,100,0,94740
BANKNIFTY09JAN2032900CE.NFO,07/01/2020,09:24:32,8.2,8.2,660,8.3,100,400,94740
BANKNIFTY09JAN2032900CE.NFO,07/01/2020,09:24:33,8.2,8.2,660,8.3,100,0,94740
BANKNIFTY09JAN2032900CE.NFO,07/01/2020,09:24:34,8.3,8.2,660,8.3,80,20,94740
BANKNIFTY09JAN2032900CE.NFO,07/01/2020,09:24:35,8.2,8.2,640,8.25,60,20,94740
BANKNIFTY09JAN2032900CE.NFO,07/01/2020,09:24:36,8.2,8.2,400,8.25,60,240,94740
BANKNIFTY09JAN2032900CE.NFO,07/01/2020,09:24:37,8.2,8.2,420,8.25,60,0,94740
BANKNIFTY09JAN2032900CE.NFO,07/01/2020,09:24:38,8.2,8.2,420,8.3,260,20,94740
BANKNIFTY09JAN2032900CE.NFO,07/01/2020,09:24:39,8.1,8,560,8.15,240,420,94740
BANKNIFTY09JAN2032900CE.NFO,07/01/2020,09:24:40,8,8,300,8.15,260,360,94740
BANKNIFTY09JAN2032900CE.NFO,07/01/2020,09:24:41,8,8,280,8.15,260,40,94740
BANKNIFTY09JAN2032900CE.NFO,07/01/2020,09:24:42,8,8,20,8.1,340,320,94740
BANKNIFTY09JAN2032900CE.NFO,07/01/2020,09:24:43,8,7.8,200,8,380,20,94740
BANKNIFTY09JAN2032900CE.NFO,07/01/2020,09:24:44,7.95,7.8,60,7.95,160,60,94740
BANKNIFTY09JAN2032900CE.NFO,07/01/2020,09:24:45,7.8,7.7,100,7.9,300,80,94740
BANKNIFTY09JAN2032900CE.NFO,07/01/2020,09:24:46,7.85,7.7,40,7.85,120,180,94740
BANKNIFTY09JAN2032900CE.NFO,07/01/2020,09:24:47,7.7,7.65,180,7.8,60,40,94740
BANKNIFTY09JAN2032900CE.NFO,07/01/2020,09:24:48,7.65,7.6,140,7.8,280,100,94740
BANKNIFTY09JAN2032900CE.NFO,07/01/2020,09:24:49,7.65,7.65,100,7.8,360,0,94740
BANKNIFTY09JAN2032900CE.NFO,07/01/2020,09:24:50,7.75,7.75,40,7.85,340,200,94740
BANKNIFTY09JAN2032900CE.NFO,07/01/2020,09:24:51,7.75,7.75,40,7.85,180,0,94740
BANKNIFTY09JAN2032900CE.NFO,07/01/2020,09:24:52,7.8,7.7,340,7.9,380,40,94740
BANKNIFTY09JAN2032900CE.NFO,07/01/2020,09:24:53,7.75,7.55,120,7.75,440,1360,94740
BANKNIFTY09JAN2032900CE.NFO,07/01/2020,09:24:54,7.7,7.65,80,7.75,260,400,94740
BANKNIFTY09JAN2032900CE.NFO,07/01/2020,09:24:55,7.6,7.6,60,7.75,240,40,94740
BANKNIFTY09JAN2032900CE.NFO,07/01/2020,09:24:56,7.6,7.6,60,7.75,300,0,94740
BANKNIFTY09JAN2032900CE.NFO,07/01/2020,09:24:57,7.6,7.65,20,7.75,220,40,94740
BANKNIFTY09JAN2032900CE.NFO,07/01/2020,09:24:58,7.65,7.7,40,7.8,360,20,94740
BANKNIFTY09JAN2032900CE.NFO,07/01/2020,09:24:59,7.65,7.65,180,7.8,420,180,94740
BANKNIFTY09JAN2032900CE.NFO,07/01/2020,09:25:00,7.65,7.65,340,7.9,440,40,94740
BANKNIFTY09JAN2032900CE.NFO,07/01/2020,09:25:01,7.65,7.7,340,7.9,240,0,94740
BANKNIFTY09JAN2032900CE.NFO,07/01/2020,09:25:02,7.65,7.7,320,7.9,300,0,94740
BANKNIFTY09JAN2032900CE.NFO,07/01/2020,09:25:03,7.65,7.75,240,7.9,40,0,94740
BANKNIFTY09JAN2032900CE.NFO,07/01/2020,09:25:04,7.65,7.65,320,7.85,280,0,94740
BANKNIFTY09JAN2032900CE.NFO,07/01/2020,09:25:05,7.9,7.7,280,7.9,260,40,94740
BANKNIFTY09JAN2032900CE.NFO,07/01/2020,09:25:06,7.9,7.75,120,7.9,20,0,94740
BANKNIFTY09JAN2032900CE.NFO,07/01/2020,09:25:07,7.8,7.75,520,7.9,180,120,94740
BANKNIFTY09JAN2032900CE.NFO,07/01/2020,09:25:08,7.95,7.75,640,7.95,2240,40,94740
BANKNIFTY09JAN2032900CE.NFO,07/01/2020,09:25:09,7.75,7.75,420,7.9,340,100,94740
BANKNIFTY09JAN2032900CE.NFO,07/01/2020,09:25:10,7.75,7.75,200,7.9,180,60,94740
BANKNIFTY09JAN2032900CE.NFO,07/01/2020,09:25:11,7.9,7.75,200,7.9,360,40,94740
BANKNIFTY09JAN2032900CE.NFO,07/01/2020,09:25:12,7.9,7.75,40,7.9,420,200,94740
BANKNIFTY09JAN2032900CE.NFO,07/01/2020,09:25:13,7.9,7.75,40,7.9,400,20,94740
BANKNIFTY09JAN2032900CE.NFO,07/01/2020,09:25:14,7.9,7.75,200,7.9,480,0,94740
BANKNIFTY09JAN2032900CE.NFO,07/01/2020,09:25:15,7.9,7.75,100,7.9,200,240,94740
BANKNIFTY09JAN2032900CE.NFO,07/01/2020,09:25:16,7.9,7.75,240,7.9,200,0,94740
BANKNIFTY09JAN2032900CE.NFO,07/01/2020,09:25:17,7.9,7.75,180,7.9,400,0,94740
BANKNIFTY09JAN2032900CE.NFO,07/01/2020,09:25:18,7.9,7.75,20,7.9,320,100,94740
BANKNIFTY09JAN2032900CE.NFO,07/01/2020,09:25:19,7.7,7.75,160,7.9,320,80,94740
BANKNIFTY09JAN2032900CE.NFO,07/01/2020,09:25:20,7.7,7.7,460,7.9,400,20,94740
BANKNIFTY09JAN2032900CE.NFO,07/01/2020,09:25:21,7.75,7.75,180,7.9,400,40,94740
BANKNIFTY09JAN2032900CE.NFO,07/01/2020,09:25:22,7.75,7.75,180,7.9,400,0,94740
BANKNIFTY09JAN2032900CE.NFO,07/01/2020,09:25:23,7.7,7.7,380,7.85,20,300,94740
BANKNIFTY09JAN2032900CE.NFO,07/01/2020,09:25:24,7.7,7.7,160,7.8,20,0,94740
BANKNIFTY09JAN2032900CE.NFO,07/01/2020,09:25:25,7.65,7.65,60,7.75,20,20,94740
BANKNIFTY09JAN2032900CE.NFO,07/01/2020,09:25:26,7.65,7.65,40,7.75,20,20,94740
BANKNIFTY09JAN2032900CE.NFO,07/01/2020,09:25:27,7.8,7.65,40,7.8,280,100,94740
BANKNIFTY09JAN2032900CE.NFO,07/01/2020,09:25:28,7.65,7.6,480,7.8,280,60,94740
BANKNIFTY09JAN2032900CE.NFO,07/01/2020,09:25:29,7.75,7.75,400,7.85,220,100,94740
BANKNIFTY09JAN2032900CE.NFO,07/01/2020,09:25:30,7.75,7.75,400,7.8,1000,0,94740
BANKNIFTY09JAN2032900CE.NFO,07/01/2020,09:25:31,7.75,7.75,360,7.8,1000,40,94740
BANKNIFTY09JAN2032900CE.NFO,07/01/2020,09:25:32,7.75,7.75,360,7.8,1000,0,94740
BANKNIFTY09JAN2032900CE.NFO,07/01/2020,09:25:34,7.8,7.75,360,7.8,940,60,94740
BANKNIFTY09JAN2032900CE.NFO,07/01/2020,09:25:35,7.75,7.75,340,7.8,940,20,94740
BANKNIFTY09JAN2032900CE.NFO,07/01/2020,09:25:36,7.75,7.75,340,7.8,940,0,94740
BANKNIFTY09JAN2032900CE.NFO,07/01/2020,09:25:38,7.75,7.75,320,7.8,940,20,94740
BANKNIFTY09JAN2032900CE.NFO,07/01/2020,09:25:39,7.75,7.75,280,7.8,940,40,94740
BANKNIFTY09JAN2032900CE.NFO,07/01/2020,09:25:40,7.75,7.75,240,7.8,940,40,94740
BANKNIFTY09JAN2032900CE.NFO,07/01/2020,09:25:41,7.75,7.75,200,7.8,940,40,94740
BANKNIFTY09JAN2032900CE.NFO,07/01/2020,09:25:42,7.75,7.75,180,7.8,940,20,94740
BANKNIFTY09JAN2032900CE.NFO,07/01/2020,09:25:43,7.75,7.75,140,7.8,940,40,94740
BANKNIFTY09JAN2032900CE.NFO,07/01/2020,09:25:44,7.65,7.6,240,7.8,1220,240,94740
BANKNIFTY09JAN2032900CE.NFO,07/01/2020,09:25:45,7.8,7.6,280,7.8,1240,520,94740
BANKNIFTY09JAN2032900CE.NFO,07/01/2020,09:25:46,7.8,7.6,340,7.8,1320,20,94740
BANKNIFTY09JAN2032900CE.NFO,07/01/2020,09:25:47,7.8,7.6,280,7.7,40,0,94740
BANKNIFTY09JAN2032900CE.NFO,07/01/2020,09:25:48,7.6,7.6,260,7.75,300,20,94740
BANKNIFTY09JAN2032900CE.NFO,07/01/2020,09:25:49,7.6,7.65,160,7.8,1400,0,94740
BANKNIFTY09JAN2032900CE.NFO,07/01/2020,09:25:50,7.6,7.6,320,7.75,300,80,94740
BANKNIFTY09JAN2032900CE.NFO,07/01/2020,09:25:51,7.6,7.6,440,7.75,300,80,94740
BANKNIFTY09JAN2032900CE.NFO,07/01/2020,09:25:52,7.6,7.7,20,7.75,300,0,94740
BANKNIFTY09JAN2032900CE.NFO,07/01/2020,09:25:53,7.7,7.6,80,7.7,140,20,94740
BANKNIFTY09JAN2032900CE.NFO,07/01/2020,09:25:54,7.7,7.6,80,7.7,140,0,94740
BANKNIFTY09JAN2032900CE.NFO,07/01/2020,09:25:55,7.7,7.6,240,7.75,460,0,94740
BANKNIFTY09JAN2032900CE.NFO,07/01/2020,09:25:56,7.7,7.6,80,7.7,40,0,94740
BANKNIFTY09JAN2032900CE.NFO,07/01/2020,09:25:57,7.7,7.6,80,7.7,220,0,94740
BANKNIFTY09JAN2032900CE.NFO,07/01/2020,09:25:58,7.6,7.6,40,7.65,160,40,94740
BANKNIFTY09JAN2032900CE.NFO,07/01/2020,09:25:58,7.5,7.45,120,7.6,280,80,94740
BANKNIFTY09JAN2032900CE.NFO,07/01/2020,09:26:00,7.55,7.45,260,7.6,260,180,94740
BANKNIFTY09JAN2032900CE.NFO,07/01/2020,09:26:01,7.55,7.4,80,7.55,320,60,94740
BANKNIFTY09JAN2032900CE.NFO,07/01/2020,09:26:02,7.5,7.4,40,7.55,280,300,94740
BANKNIFTY09JAN2032900CE.NFO,07/01/2020,09:26:03,7.55,7.4,180,7.5,40,40,94740
BANKNIFTY09JAN2032900CE.NFO,07/01/2020,09:26:04,7.35,7.3,160,7.5,280,120,94740
BANKNIFTY09JAN2032900CE.NFO,07/01/2020,09:26:05,7.35,7.3,100,7.5,440,0,94740
BANKNIFTY09JAN2032900CE.NFO,07/01/2020,09:26:06,7.4,7.35,40,7.45,260,40,94740
BANKNIFTY09JAN2032900CE.NFO,07/01/2020,09:26:07,7.4,7.35,40,7.45,100,0,94740
BANKNIFTY09JAN2032900CE.NFO,07/01/2020,09:26:08,7.4,7.35,180,7.5,300,20,94740
BANKNIFTY09JAN2032900CE.NFO,07/01/2020,09:26:09,7.35,7.3,140,7.45,160,100,94740
BANKNIFTY09JAN2032900CE.NFO,07/01/2020,09:26:10,7.35,7.25,200,7.45,300,0,94740
BANKNIFTY09JAN2032900CE.NFO,07/01/2020,09:26:11,7.25,7.25,100,7.45,340,80,95040
BANKNIFTY09JAN2032900CE.NFO,07/01/2020,09:26:13,7.35,7.15,40,7.35,440,240,95040
BANKNIFTY09JAN2032900CE.NFO,07/01/2020,09:26:14,7.15,7,160,7.25,460,40,95040
BANKNIFTY09JAN2032900CE.NFO,07/01/2020,09:26:15,7,7,80,7.25,440,80,95040
BANKNIFTY09JAN2032900CE.NFO,07/01/2020,09:26:16,7.1,7.1,80,7.3,300,520,95040
BANKNIFTY09JAN2032900CE.NFO,07/01/2020,09:26:17,7,7,220,7.2,420,140,95040
BANKNIFTY09JAN2032900CE.NFO,07/01/2020,09:26:19,6.8,6.75,340,6.95,260,800,95040
BANKNIFTY09JAN2032900CE.NFO,07/01/2020,09:26:20,6.85,6.8,140,7,240,500,95040
BANKNIFTY09JAN2032900CE.NFO,07/01/2020,09:26:21,6.85,6.75,120,6.95,280,260,95040
BANKNIFTY09JAN2032900CE.NFO,07/01/2020,09:26:22,6.75,6.75,280,6.9,220,20,95040
BANKNIFTY09JAN2032900CE.NFO,07/01/2020,09:26:24,6.75,6.75,260,6.9,280,20,95040
BANKNIFTY09JAN2032900CE.NFO,07/01/2020,09:26:25,6.75,6.75,240,6.9,200,40,95040
BANKNIFTY09JAN2032900CE.NFO,07/01/2020,09:26:26,6.75,6.75,240,6.9,260,0,95040
BANKNIFTY09JAN2032900CE.NFO,07/01/2020,09:26:27,6.9,6.75,260,6.9,140,260,95040
BANKNIFTY09JAN2032900CE.NFO,07/01/2020,09:26:28,6.9,6.8,380,6.95,220,0,95040
BANKNIFTY09JAN2032900CE.NFO,07/01/2020,09:26:30,7,6.85,300,7,1460,280,95040
BANKNIFTY09JAN2032900CE.NFO,07/01/2020,09:26:31,7,6.95,120,7,580,720,95040
BANKNIFTY09JAN2032900CE.NFO,07/01/2020,09:26:32,7,6.85,340,7,740,0,95040
BANKNIFTY09JAN2032900CE.NFO,07/01/2020,09:26:33,6.85,6.9,160,7,560,220,95040
BANKNIFTY09JAN2032900CE.NFO,07/01/2020,09:26:35,7,6.9,280,7,380,240,95040
BANKNIFTY09JAN2032900CE.NFO,07/01/2020,09:26:36,7,6.9,280,7,860,20,95040
BANKNIFTY09JAN2032900CE.NFO,07/01/2020,09:26:37,7,6.8,280,6.95,220,0,95040
BANKNIFTY09JAN2032900CE.NFO,07/01/2020,09:26:38,6.8,6.85,120,6.95,60,40,95040
BANKNIFTY09JAN2032900CE.NFO,07/01/2020,09:26:39,6.8,6.75,40,6.9,220,0,95040
BANKNIFTY09JAN2032900CE.NFO,07/01/2020,09:26:41,6.7,6.65,100,6.8,220,400,95040
BANKNIFTY09JAN2032900CE.NFO,07/01/2020,09:26:42,6.7,6.65,100,6.75,180,0,95040
BANKNIFTY09JAN2032900CE.NFO,07/01/2020,09:26:43,6.7,6.65,120,6.75,180,0,95040
BANKNIFTY09JAN2032900CE.NFO,07/01/2020,09:26:44,6.7,6.7,200,6.9,400,0,95040
BANKNIFTY09JAN2032900CE.NFO,07/01/2020,09:26:46,6.7,6.7,240,6.9,420,0,95040
BANKNIFTY09JAN2032900CE.NFO,07/01/2020,09:26:47,6.7,6.7,180,6.9,420,80,95040
BANKNIFTY09JAN2032900CE.NFO,07/01/2020,09:26:48,6.7,6.7,20,6.85,340,20,95040
BANKNIFTY09JAN2032900CE.NFO,07/01/2020,09:26:49,6.7,6.55,240,6.7,60,360,95040
BANKNIFTY09JAN2032900CE.NFO,07/01/2020,09:26:50,6.7,6.6,20,6.75,420,60,95040
BANKNIFTY09JAN2032900CE.NFO,07/01/2020,09:26:52,6.75,6.6,180,6.75,180,240,95040
BANKNIFTY09JAN2032900CE.NFO,07/01/2020,09:26:53,6.75,6.65,20,6.75,60,260,95040
BANKNIFTY09JAN2032900CE.NFO,07/01/2020,09:26:54,6.75,6.65,40,6.8,280,60,95040
BANKNIFTY09JAN2032900CE.NFO,07/01/2020,09:26:55,6.8,6.65,200,6.8,380,80,95040
BANKNIFTY09JAN2032900CE.NFO,07/01/2020,09:26:56,6.8,6.65,460,6.8,220,20,95040
BANKNIFTY09JAN2032900CE.NFO,07/01/2020,09:26:57,6.8,6.65,200,6.8,320,0,95040
BANKNIFTY09JAN2032900CE.NFO,07/01/2020,09:27:00,6.8,6.65,200,6.8,280,0,95040
BANKNIFTY09JAN2032900CE.NFO,07/01/2020,09:27:01,6.8,6.65,160,6.8,380,0,95040
BANKNIFTY09JAN2032900CE.NFO,07/01/2020,09:27:02,6.8,6.65,280,6.85,220,0,95040
BANKNIFTY09JAN2032900CE.NFO,07/01/2020,09:27:03,6.65,6.65,20,6.7,60,60,95040
BANKNIFTY09JAN2032900CE.NFO,07/01/2020,09:27:05,6.6,6.6,180,6.7,180,80,95040
BANKNIFTY09JAN2032900CE.NFO,07/01/2020,09:27:06,6.8,6.65,180,6.8,280,480,95040
BANKNIFTY09JAN2032900CE.NFO,07/01/2020,09:27:07,6.85,6.65,560,6.85,300,240,95040
BANKNIFTY09JAN2032900CE.NFO,07/01/2020,09:27:08,6.85,6.7,300,6.85,200,60,95040
BANKNIFTY09JAN2032900CE.NFO,07/01/2020,09:27:09,6.9,6.8,140,6.9,60,220,95040
BANKNIFTY09JAN2032900CE.NFO,07/01/2020,09:27:11,6.9,6.8,380,6.95,220,60,95040
BANKNIFTY09JAN2032900CE.NFO,07/01/2020,09:27:12,6.95,6.8,400,6.95,120,100,95040
BANKNIFTY09JAN2032900CE.NFO,07/01/2020,09:27:13,6.95,6.8,400,6.95,120,0,95040
BANKNIFTY09JAN2032900CE.NFO,07/01/2020,09:27:14,6.95,6.85,180,7,3080,40,95040
BANKNIFTY09JAN2032900CE.NFO,07/01/2020,09:27:15,6.9,6.85,240,7,3080,60,95040
BANKNIFTY09JAN2032900CE.NFO,07/01/2020,09:27:16,6.9,6.9,100,7,3080,20,95040
BANKNIFTY09JAN2032900CE.NFO,07/01/2020,09:27:17,6.85,6.85,160,7,3100,120,95040
BANKNIFTY09JAN2032900CE.NFO,07/01/2020,09:27:18,6.95,6.85,160,6.95,200,260,95040
BANKNIFTY09JAN2032900CE.NFO,07/01/2020,09:27:19,6.95,6.85,320,7,3020,120,95040
BANKNIFTY09JAN2032900CE.NFO,07/01/2020,09:27:20,6.95,6.75,340,6.95,360,0,95040
BANKNIFTY09JAN2032900CE.NFO,07/01/2020,09:27:21,6.95,6.75,120,6.95,360,80,95040
BANKNIFTY09JAN2032900CE.NFO,07/01/2020,09:27:22,6.95,6.8,340,6.95,40,60,95040
BANKNIFTY09JAN2032900CE.NFO,07/01/2020,09:27:23,6.85,6.8,160,6.95,140,460,95040
BANKNIFTY09JAN2032900CE.NFO,07/01/2020,09:27:24,6.85,6.8,280,6.95,140,0,95040
BANKNIFTY09JAN2032900CE.NFO,07/01/2020,09:27:25,6.85,6.8,440,7,2960,0,95040
BANKNIFTY09JAN2032900CE.NFO,07/01/2020,09:27:26,7,6.8,460,7,2700,120,95040
BANKNIFTY09JAN2032900CE.NFO,07/01/2020,09:27:27,7,6.8,400,7,2780,0,95040
BANKNIFTY09JAN2032900CE.NFO,07/01/2020,09:27:27,7,6.8,400,7,2760,0,95040
BANKNIFTY09JAN2032900CE.NFO,07/01/2020,09:27:29,7,6.8,460,7,2780,0,95040
BANKNIFTY09JAN2032900CE.NFO,07/01/2020,09:27:30,7,6.75,280,6.95,280,0,95040
BANKNIFTY09JAN2032900CE.NFO,07/01/2020,09:27:31,6.9,6.75,80,6.9,40,100,95040
BANKNIFTY09JAN2032900CE.NFO,07/01/2020,09:27:31,6.9,6.75,140,6.9,40,0,95040
BANKNIFTY09JAN2032900CE.NFO,07/01/2020,09:27:33,6.9,6.7,260,6.9,460,80,95040
BANKNIFTY09JAN2032900CE.NFO,07/01/2020,09:27:34,6.9,6.7,260,6.9,460,0,95040
BANKNIFTY09JAN2032900CE.NFO,07/01/2020,09:27:35,6.75,6.7,460,6.9,440,200,95040
BANKNIFTY09JAN2032900CE.NFO,07/01/2020,09:27:36,6.75,6.7,460,6.9,440,0,95040
BANKNIFTY09JAN2032900CE.NFO,07/01/2020,09:27:37,6.75,6.75,200,6.95,220,0,95040
BANKNIFTY09JAN2032900CE.NFO,07/01/2020,09:27:38,6.75,6.75,200,6.95,460,0,95040
BANKNIFTY09JAN2032900CE.NFO,07/01/2020,09:27:40,6.75,6.75,300,6.95,540,0,95040
BANKNIFTY09JAN2032900CE.NFO,07/01/2020,09:27:41,7,6.9,20,7,4660,40,95040
BANKNIFTY09JAN2032900CE.NFO,07/01/2020,09:27:42,7,6.85,300,7,4480,80,95040
BANKNIFTY09JAN2032900CE.NFO,07/01/2020,09:27:43,7,6.85,240,7,4420,60,95040
BANKNIFTY09JAN2032900CE.NFO,07/01/2020,09:27:44,7,6.85,120,7,4280,140,95040
BANKNIFTY09JAN2032900CE.NFO,07/01/2020,09:27:45,7,6.85,120,7,4280,240,95040
BANKNIFTY09JAN2032900CE.NFO,07/01/2020,09:27:46,7,6.8,540,7,3740,540,95040
BANKNIFTY09JAN2032900CE.NFO,07/01/2020,09:27:47,7,6.8,360,7,3800,0,95040
BANKNIFTY09JAN2032900CE.NFO,07/01/2020,09:27:48,7,6.8,500,7,3740,0,95040
BANKNIFTY09JAN2032900CE.NFO,07/01/2020,09:27:49,6.95,6.75,1600,7,3940,160,95040
BANKNIFTY09JAN2032900CE.NFO,07/01/2020,09:27:50,6.95,6.9,220,7,4060,340,95040
BANKNIFTY09JAN2032900CE.NFO,07/01/2020,09:27:51,6.95,6.9,220,7,4060,0,95040
BANKNIFTY09JAN2032900CE.NFO,07/01/2020,09:27:52,7,6.9,400,7,3880,40,95040
BANKNIFTY09JAN2032900CE.NFO,07/01/2020,09:27:53,7,6.9,400,7,3880,0,95040
BANKNIFTY09JAN2032900CE.NFO,07/01/2020,09:27:54,7,6.9,240,7,3880,0,95040
BANKNIFTY09JAN2032900CE.NFO,07/01/2020,09:27:55,7,6.9,240,7,3980,0,95040
BANKNIFTY09JAN2032900CE.NFO,07/01/2020,09:27:58,7,6.9,220,7,4220,0,95040
BANKNIFTY09JAN2032900CE.NFO,07/01/2020,09:27:59,7,6.9,220,7,4240,0,95040
BANKNIFTY09JAN2032900CE.NFO,07/01/2020,09:28:00,7,6.9,220,6.95,200,0,95040
BANKNIFTY09JAN2032900CE.NFO,07/01/2020,09:28:01,6.9,6.85,60,6.9,200,280,95040
BANKNIFTY09JAN2032900CE.NFO,07/01/2020,09:28:02,6.85,6.8,1660,6.95,520,680,95040
BANKNIFTY09JAN2032900CE.NFO,07/01/2020,09:28:03,6.85,6.85,320,6.95,520,0,95040
BANKNIFTY09JAN2032900CE.NFO,07/01/2020,09:28:04,6.95,6.85,300,6.95,480,60,95040
BANKNIFTY09JAN2032900CE.NFO,07/01/2020,09:28:05,6.95,6.9,220,7,4040,480,95040
BANKNIFTY09JAN2032900CE.NFO,07/01/2020,09:28:06,7,6.85,1940,7,2240,2000,95040
BANKNIFTY09JAN2032900CE.NFO,07/01/2020,09:28:07,7,6.85,1960,7,2040,0,95040
BANKNIFTY09JAN2032900CE.NFO,07/01/2020,09:28:08,7,6.9,220,7,2020,20,95040
BANKNIFTY09JAN2032900CE.NFO,07/01/2020,09:28:09,7,6.9,220,7,840,1180,95040
BANKNIFTY09JAN2032900CE.NFO,07/01/2020,09:28:10,7,6.85,1740,7,880,140,95040
BANKNIFTY09JAN2032900CE.NFO,07/01/2020,09:28:11,6.9,6.9,1500,6.95,340,200,95040
BANKNIFTY09JAN2032900CE.NFO,07/01/2020,09:28:12,6.9,6.9,1500,6.95,340,0,95040
BANKNIFTY09JAN2032900CE.NFO,07/01/2020,09:28:13,6.9,6.9,1400,7,1380,100,95040
BANKNIFTY09JAN2032900CE.NFO,07/01/2020,09:28:15,6.9,6.9,1400,7,1380,0,95040
BANKNIFTY09JAN2032900CE.NFO,07/01/2020,09:28:16,6.9,6.85,1480,6.95,140,2000,95040
BANKNIFTY09JAN2032900CE.NFO,07/01/2020,09:28:17,6.9,6.85,1480,6.95,320,0,95040
BANKNIFTY09JAN2032900CE.NFO,07/01/2020,09:28:18,6.9,6.85,1480,6.95,140,0,95040
BANKNIFTY09JAN2032900CE.NFO,07/01/2020,09:28:19,6.95,6.85,1480,6.9,1000,400,95040
BANKNIFTY09JAN2032900CE.NFO,07/01/2020,09:28:20,6.95,6.85,1480,6.9,1060,0,95040
BANKNIFTY09JAN2032900CE.NFO,07/01/2020,09:28:23,6.85,6.7,340,6.85,220,1480,95040
BANKNIFTY09JAN2032900CE.NFO,07/01/2020,09:28:24,6.8,6.7,320,6.85,1200,80,95040
BANKNIFTY09JAN2032900CE.NFO,07/01/2020,09:28:25,6.85,6.7,160,6.85,1180,20,95040
BANKNIFTY09JAN2032900CE.NFO,07/01/2020,09:28:26,6.85,6.7,260,6.85,1180,60,95040
BANKNIFTY09JAN2032900CE.NFO,07/01/2020,09:28:27,6.85,6.7,160,6.85,1060,20,95040
BANKNIFTY09JAN2032900CE.NFO,07/01/2020,09:28:29,6.85,6.65,360,6.8,200,0,95040
BANKNIFTY09JAN2032900CE.NFO,07/01/2020,09:28:30,6.85,6.75,160,6.85,1100,0,95040
BANKNIFTY09JAN2032900CE.NFO,07/01/2020,09:28:31,6.85,6.65,200,6.85,1300,40,95040
BANKNIFTY09JAN2032900CE.NFO,07/01/2020,09:28:32,6.85,6.65,220,6.85,1280,0,95040
BANKNIFTY09JAN2032900CE.NFO,07/01/2020,09:28:33,6.85,6.7,160,6.85,1080,0,95040
BANKNIFTY09JAN2032900CE.NFO,07/01/2020,09:28:34,6.85,6.7,180,6.85,1040,20,95040
BANKNIFTY09JAN2032900CE.NFO,07/01/2020,09:28:36,6.85,6.65,320,6.85,1280,0,95040
BANKNIFTY09JAN2032900CE.NFO,07/01/2020,09:28:38,6.85,6.65,320,6.85,1260,0,95040
BANKNIFTY09JAN2032900CE.NFO,07/01/2020,09:28:40,6.85,6.7,160,6.85,1040,0,95040
BANKNIFTY09JAN2032900CE.NFO,07/01/2020,09:28:42,6.85,6.7,300,6.85,1160,0,95040
BANKNIFTY09JAN2032900CE.NFO,07/01/2020,09:28:43,6.75,6.7,320,6.85,1180,220,95040
BANKNIFTY09JAN2032900CE.NFO,07/01/2020,09:28:44,6.7,6.6,320,6.7,960,160,95040
BANKNIFTY09JAN2032900CE.NFO,07/01/2020,09:28:45,6.7,6.6,320,6.7,960,0,95040
BANKNIFTY09JAN2032900CE.NFO,07/01/2020,09:28:46,6.6,6.6,160,6.7,960,40,95040
BANKNIFTY09JAN2032900CE.NFO,07/01/2020,09:28:47,6.7,6.6,160,6.7,940,20,95040
BANKNIFTY09JAN2032900CE.NFO,07/01/2020,09:28:48,6.7,6.6,160,6.7,940,0,95040
BANKNIFTY09JAN2032900CE.NFO,07/01/2020,09:28:49,6.65,6.55,280,6.7,1100,1080,95040
BANKNIFTY09JAN2032900CE.NFO,07/01/2020,09:28:51,6.7,6.75,160,6.9,400,1100,95040
BANKNIFTY09JAN2032900CE.NFO,07/01/2020,09:28:52,6.7,6.7,440,6.9,240,0,95040
BANKNIFTY09JAN2032900CE.NFO,07/01/2020,09:28:53,6.7,6.7,420,6.9,240,60,95040
BANKNIFTY09JAN2032900CE.NFO,07/01/2020,09:28:54,6.7,6.75,320,6.9,240,0,95040
BANKNIFTY09JAN2032900CE.NFO,07/01/2020,09:28:56,6.9,6.75,320,6.9,300,100,95040
BANKNIFTY09JAN2032900CE.NFO,07/01/2020,09:28:57,6.9,6.75,320,6.9,300,0,95040
BANKNIFTY09JAN2032900CE.NFO,07/01/2020,09:29:01,6.9,6.75,320,6.9,400,0,95040
BANKNIFTY09JAN2032900CE.NFO,07/01/2020,09:29:02,6.75,6.75,260,6.9,240,160,95040
BANKNIFTY09JAN2032900CE.NFO,07/01/2020,09:29:03,6.75,6.75,480,6.9,40,0,95040
BANKNIFTY09JAN2032900CE.NFO,07/01/2020,09:29:04,6.75,6.75,440,6.95,200,0,95040
BANKNIFTY09JAN2032900CE.NFO,07/01/2020,09:29:05,6.75,6.85,340,7,1640,0,95040
BANKNIFTY09JAN2032900CE.NFO,07/01/2020,09:29:07,6.9,6.9,40,7,1600,180,95040
BANKNIFTY09JAN2032900CE.NFO,07/01/2020,09:29:08,6.85,6.85,540,7,1640,60,95040
BANKNIFTY09JAN2032900CE.NFO,07/01/2020,09:29:09,6.85,6.85,480,7,1600,0,95040
BANKNIFTY09JAN2032900CE.NFO,07/01/2020,09:29:10,6.85,6.9,220,7,1600,0,95040
BANKNIFTY09JAN2032900CE.NFO,07/01/2020,09:29:11,6.95,6.9,220,7,1600,20,95040
BANKNIFTY09JAN2032900CE.NFO,07/01/2020,09:29:13,6.95,6.9,220,7,1600,0,95040
BANKNIFTY09JAN2032900CE.NFO,07/01/2020,09:29:14,6.95,6.9,160,7,1760,0,95040
BANKNIFTY09JAN2032900CE.NFO,07/01/2020,09:29:15,6.95,6.9,160,7,2040,0,95040
BANKNIFTY09JAN2032900CE.NFO,07/01/2020,09:29:18,6.95,6.9,280,7,2040,0,95040
BANKNIFTY09JAN2032900CE.NFO,07/01/2020,09:29:19,6.9,6.9,240,7,1900,40,94020
BANKNIFTY09JAN2032900CE.NFO,07/01/2020,09:29:20,6.9,6.95,40,7,2100,0,94020
BANKNIFTY09JAN2032900CE.NFO,07/01/2020,09:29:22,6.9,6.95,40,7,1960,0,94020
BANKNIFTY09JAN2032900CE.NFO,07/01/2020,09:29:23,6.9,6.95,40,7,2120,0,94020
BANKNIFTY09JAN2032900CE.NFO,07/01/2020,09:29:25,6.9,6.95,40,7,1960,0,94020
BANKNIFTY09JAN2032900CE.NFO,07/01/2020,09:29:26,6.95,6.9,160,6.95,660,40,94020
BANKNIFTY09JAN2032900CE.NFO,07/01/2020,09:29:27,6.95,6.85,160,6.95,700,0,94020
BANKNIFTY09JAN2032900CE.NFO,07/01/2020,09:29:28,6.95,6.8,260,6.95,720,0,94020
BANKNIFTY09JAN2032900CE.NFO,07/01/2020,09:29:29,6.95,6.8,700,6.95,860,0,94020
BANKNIFTY09JAN2032900CE.NFO,07/01/2020,09:29:32,6.95,6.8,640,6.95,780,80,94020
BANKNIFTY09JAN2032900CE.NFO,07/01/2020,09:29:33,6.95,6.85,160,6.95,620,0,94020
BANKNIFTY09JAN2032900CE.NFO,07/01/2020,09:29:34,6.95,6.85,160,6.95,720,60,94020
BANKNIFTY09JAN2032900CE.NFO,07/01/2020,09:29:35,6.95,6.85,160,6.95,560,0,94020
BANKNIFTY09JAN2032900CE.NFO,07/01/2020,09:29:36,6.95,6.85,160,6.95,860,0,94020
BANKNIFTY09JAN2032900CE.NFO,07/01/2020,09:29:38,6.9,6.8,300,6.9,20,20,94020
BANKNIFTY09JAN2032900CE.NFO,07/01/2020,09:29:39,6.9,6.75,260,6.9,280,180,94020
BANKNIFTY09JAN2032900CE.NFO,07/01/2020,09:29:40,6.9,6.75,360,6.9,320,40,94020
BANKNIFTY09JAN2032900CE.NFO,07/01/2020,09:29:41,6.9,6.75,520,6.9,580,0,94020
BANKNIFTY09JAN2032900CE.NFO,07/01/2020,09:29:42,6.9,6.75,160,6.85,320,0,94020
BANKNIFTY09JAN2032900CE.NFO,07/01/2020,09:29:44,6.85,6.75,160,6.85,320,40,94020
BANKNIFTY09JAN2032900CE.NFO,07/01/2020,09:29:45,6.85,6.75,160,6.85,420,0,94020
BANKNIFTY09JAN2032900CE.NFO,07/01/2020,09:29:46,6.85,6.7,660,6.85,540,0,94020
BANKNIFTY09JAN2032900CE.NFO,07/01/2020,09:29:47,6.95,6.8,500,6.95,1120,20,94020
BANKNIFTY09JAN2032900CE.NFO,07/01/2020,09:29:48,6.95,6.8,560,6.95,1120,0,94020
BANKNIFTY09JAN2032900CE.NFO,07/01/2020,09:29:50,6.95,6.8,500,6.95,960,0,94020
BANKNIFTY09JAN2032900CE.NFO,07/01/2020,09:29:51,6.95,6.8,220,6.9,320,0,94020
BANKNIFTY09JAN2032900CE.NFO,07/01/2020,09:29:52,6.8,6.75,260,6.9,340,260,94020
BANKNIFTY09JAN2032900CE.NFO,07/01/2020,09:29:53,6.9,6.75,400,6.95,1300,80,94020
BANKNIFTY09JAN2032900CE.NFO,07/01/2020,09:29:54,6.9,6.75,180,6.9,640,0,94020
BANKNIFTY09JAN2032900CE.NFO,07/01/2020,09:29:55,6.9,6.75,400,6.9,100,0,94020
BANKNIFTY09JAN2032900CE.NFO,07/01/2020,09:29:58,6.9,6.75,400,6.9,240,20,94020
BANKNIFTY09JAN2032900CE.NFO,07/01/2020,09:29:59,6.9,6.75,340,6.9,240,0,94020
BANKNIFTY09JAN2032900CE.NFO,07/01/2020,09:30:01,6.9,6.8,680,6.95,700,0,94020
BANKNIFTY09JAN2032900CE.NFO,07/01/2020,09:30:02,6.85,6.85,60,6.95,240,660,94020
BANKNIFTY09JAN2032900CE.NFO,07/01/2020,09:30:03,6.9,6.85,100,6.95,80,20,94020
BANKNIFTY09JAN2032900CE.NFO,07/01/2020,09:30:04,6.9,6.8,200,6.95,260,0,94020
BANKNIFTY09JAN2032900CE.NFO,07/01/2020,09:30:05,6.9,6.8,520,6.95,80,0,94020
BANKNIFTY09JAN2032900CE.NFO,07/01/2020,09:30:07,6.9,6.8,520,6.95,320,0,94020
BANKNIFTY09JAN2032900CE.NFO,07/01/2020,09:30:08,6.95,6.85,380,6.95,40,40,94020
BANKNIFTY09JAN2032900CE.NFO,07/01/2020,09:30:09,6.95,6.85,220,6.95,40,0,94020
BANKNIFTY09JAN2032900CE.NFO,07/01/2020,09:30:10,6.95,6.9,160,7,260,40,94020
BANKNIFTY09JAN2032900CE.NFO,07/01/2020,09:30:11,6.95,6.9,80,7,260,0,94020
BANKNIFTY09JAN2032900CE.NFO,07/01/2020,09:30:12,7.05,6.9,160,7.05,60,280,94020
BANKNIFTY09JAN2032900CE.NFO,07/01/2020,09:30:14,7.05,6.95,220,7.1,520,0,94020
BANKNIFTY09JAN2032900CE.NFO,07/01/2020,09:30:15,7.05,6.95,140,7.1,460,0,94020
BANKNIFTY09JAN2032900CE.NFO,07/01/2020,09:30:16,7.05,6.95,140,7.1,240,0,94020
BANKNIFTY09JAN2032900CE.NFO,07/01/2020,09:30:17,7.15,6.95,700,7.15,160,60,94020
BANKNIFTY09JAN2032900CE.NFO,07/01/2020,09:30:18,7.15,6.95,700,7.15,420,20,94020
BANKNIFTY09JAN2032900CE.NFO,07/01/2020,09:30:19,7.15,6.95,700,7.15,380,0,94020
BANKNIFTY09JAN2032900CE.NFO,07/01/2020,09:30:21,7.15,7,580,7.2,300,0,94020
BANKNIFTY09JAN2032900CE.NFO,07/01/2020,09:30:22,7.15,7,660,7.2,300,0,94020
BANKNIFTY09JAN2032900CE.NFO,07/01/2020,09:30:23,7.15,7,600,7.2,300,0,94020
BANKNIFTY09JAN2032900CE.NFO,07/01/2020,09:30:24,7.15,7,600,7.2,80,0,94020
BANKNIFTY09JAN2032900CE.NFO,07/01/2020,09:30:27,7.15,7,460,7.2,140,0,94020
BANKNIFTY09JAN2032900CE.NFO,07/01/2020,09:30:28,7,7,440,7.15,20,20,94020
BANKNIFTY09JAN2032900CE.NFO,07/01/2020,09:30:29,7.2,7.05,240,7.2,40,140,94020
BANKNIFTY09JAN2032900CE.NFO,07/01/2020,09:30:30,7.2,7.05,240,7.2,180,20,94020
BANKNIFTY09JAN2032900CE.NFO,07/01/2020,09:30:31,7.2,7.05,320,7.25,420,0,94020
BANKNIFTY09JAN2032900CE.NFO,07/01/2020,09:30:33,7.2,7.05,320,7.25,440,0,94020
BANKNIFTY09JAN2032900CE.NFO,07/01/2020,09:30:34,7.25,7.05,240,7.25,560,20,94020
BANKNIFTY09JAN2032900CE.NFO,07/01/2020,09:30:35,7.05,7.1,460,7.25,260,20,94020
BANKNIFTY09JAN2032900CE.NFO,07/01/2020,09:30:36,7.1,7.1,280,7.25,200,20,94020
BANKNIFTY09JAN2032900CE.NFO,07/01/2020,09:30:37,7.1,7.1,280,7.25,300,0,94020
BANKNIFTY09JAN2032900CE.NFO,07/01/2020,09:30:39,7.25,7.1,240,7.25,100,40,94020
BANKNIFTY09JAN2032900CE.NFO,07/01/2020,09:30:40,7.25,7.1,440,7.25,220,40,94020
BANKNIFTY09JAN2032900CE.NFO,07/01/2020,09:30:41,7.25,7.1,440,7.25,60,0,94020
BANKNIFTY09JAN2032900CE.NFO,07/01/2020,09:30:46,7.25,7.2,280,7.4,360,0,94020
BANKNIFTY09JAN2032900CE.NFO,07/01/2020,09:30:47,7.15,7.15,180,7.25,20,20,94020
BANKNIFTY09JAN2032900CE.NFO,07/01/2020,09:30:48,7.2,7.1,900,7.25,60,20,94020
BANKNIFTY09JAN2032900CE.NFO,07/01/2020,09:30:50,7.1,7.15,160,7.25,60,40,94020
BANKNIFTY09JAN2032900CE.NFO,07/01/2020,09:30:51,7.2,7.15,160,7.25,60,20,94020
BANKNIFTY09JAN2032900CE.NFO,07/01/2020,09:30:52,7.2,7.15,440,7.25,60,0,94020
BANKNIFTY09JAN2032900CE.NFO,07/01/2020,09:30:53,7.25,7.2,280,7.25,20,80,94020
BANKNIFTY09JAN2032900CE.NFO,07/01/2020,09:30:54,7.25,7.2,280,7.3,100,0,94020
BANKNIFTY09JAN2032900CE.NFO,07/01/2020,09:30:55,7.3,7.15,320,7.3,380,120,94020
BANKNIFTY09JAN2032900CE.NFO,07/01/2020,09:30:57,7.3,7.15,480,7.3,220,0,94020
BANKNIFTY09JAN2032900CE.NFO,07/01/2020,09:30:58,7.3,7.15,240,7.3,380,0,94020
BANKNIFTY09JAN2032900CE.NFO,07/01/2020,09:30:59,7.3,7.25,80,7.3,380,0,94020
BANKNIFTY09JAN2032900CE.NFO,07/01/2020,09:31:00,7.3,7.25,240,7.35,160,60,94020
BANKNIFTY09JAN2032900CE.NFO,07/01/2020,09:31:01,7.35,7.25,480,7.35,20,20,94020
BANKNIFTY09JAN2032900CE.NFO,07/01/2020,09:31:02,7.25,7.25,160,7.35,300,20,94020
BANKNIFTY09JAN2032900CE.NFO,07/01/2020,09:31:03,7.25,7.2,260,7.3,20,0,94020
BANKNIFTY09JAN2032900CE.NFO,07/01/2020,09:31:05,7.15,7.15,460,7.35,600,40,94020
BANKNIFTY09JAN2032900CE.NFO,07/01/2020,09:31:06,7.15,7.15,400,7.35,620,0,94020
BANKNIFTY09JAN2032900CE.NFO,07/01/2020,09:31:07,7.15,7.15,400,7.35,780,60,94020
BANKNIFTY09JAN2032900CE.NFO,07/01/2020,09:31:08,7.15,7.15,400,7.35,760,0,94020
BANKNIFTY09JAN2032900CE.NFO,07/01/2020,09:31:09,7.15,7.15,280,7.35,640,0,94020
BANKNIFTY09JAN2032900CE.NFO,07/01/2020,09:31:11,7.15,7.15,340,7.35,820,0,94020
BANKNIFTY09JAN2032900CE.NFO,07/01/2020,09:31:12,7.15,7.15,480,7.35,760,20,94020
BANKNIFTY09JAN2032900CE.NFO,07/01/2020,09:31:13,7.15,7.15,480,7.35,760,0,94020
BANKNIFTY09JAN2032900CE.NFO,07/01/2020,09:31:14,7.15,7.15,500,7.3,180,0,94020
BANKNIFTY09JAN2032900CE.NFO,07/01/2020,09:31:15,7.2,7.2,460,7.35,220,20,94020
BANKNIFTY09JAN2032900CE.NFO,07/01/2020,09:31:16,7.2,7.25,460,7.4,400,0,94020
BANKNIFTY09JAN2032900CE.NFO,07/01/2020,09:31:18,7.2,7.25,460,7.4,240,0,94020
BANKNIFTY09JAN2032900CE.NFO,07/01/2020,09:31:19,7.2,7.25,460,7.45,600,0,94020
BANKNIFTY09JAN2032900CE.NFO,07/01/2020,09:31:20,7.2,7.25,620,7.45,620,0,94020
BANKNIFTY09JAN2032900CE.NFO,07/01/2020,09:31:21,7.2,7.25,680,7.45,480,0,94020
BANKNIFTY09JAN2032900CE.NFO,07/01/2020,09:31:22,7.2,7.25,520,7.45,320,0,94020
BANKNIFTY09JAN2032900CE.NFO,07/01/2020,09:31:23,7.25,7.25,180,7.3,260,760,94020
BANKNIFTY09JAN2032900CE.NFO,07/01/2020,09:31:25,7.3,7.35,100,7.5,220,280,94020
BANKNIFTY09JAN2032900CE.NFO,07/01/2020,09:31:26,7.3,7.4,40,7.5,220,0,94020
BANKNIFTY09JAN2032900CE.NFO,07/01/2020,09:31:27,7.55,7.4,420,7.55,160,40,94020
BANKNIFTY09JAN2032900CE.NFO,07/01/2020,09:31:28,7.55,7.4,480,7.55,160,0,94020
BANKNIFTY09JAN2032900CE.NFO,07/01/2020,09:31:30,7.55,7.4,600,7.6,260,0,94020
BANKNIFTY09JAN2032900CE.NFO,07/01/2020,09:31:31,7.55,7.4,600,7.6,420,0,94020
BANKNIFTY09JAN2032900CE.NFO,07/01/2020,09:31:32,7.55,7.45,240,7.6,240,0,94020
BANKNIFTY09JAN2032900CE.NFO,07/01/2020,09:31:33,7.55,7.45,160,7.6,400,0,94020
BANKNIFTY09JAN2032900CE.NFO,07/01/2020,09:31:34,7.55,7.4,340,7.6,400,0,94020
BANKNIFTY09JAN2032900CE.NFO,07/01/2020,09:31:36,7.55,7.4,360,7.6,400,0,94020
BANKNIFTY09JAN2032900CE.NFO,07/01/2020,09:31:37,7.55,7.4,440,7.55,20,0,94020
BANKNIFTY09JAN2032900CE.NFO,07/01/2020,09:31:38,7.65,7.5,620,7.6,20,100,94020
BANKNIFTY09JAN2032900CE.NFO,07/01/2020,09:31:39,7.45,7.45,200,7.6,320,20,94020
BANKNIFTY09JAN2032900CE.NFO,07/01/2020,09:31:41,7.45,7.5,380,7.65,240,0,94020
BANKNIFTY09JAN2032900CE.NFO,07/01/2020,09:31:42,7.45,7.5,380,7.65,160,0,94020
BANKNIFTY09JAN2032900CE.NFO,07/01/2020,09:31:43,7.7,7.5,500,7.7,100,180,94020
BANKNIFTY09JAN2032900CE.NFO,07/01/2020,09:31:44,7.7,7.5,520,7.7,120,40,94020
BANKNIFTY09JAN2032900CE.NFO,07/01/2020,09:31:45,7.7,7.5,500,7.7,120,0,94020
BANKNIFTY09JAN2032900CE.NFO,07/01/2020,09:31:47,7.7,7.5,560,7.7,380,40,94020
BANKNIFTY09JAN2032900CE.NFO,07/01/2020,09:31:48,7.7,7.45,360,7.65,300,80,94020
BANKNIFTY09JAN2032900CE.NFO,07/01/2020,09:31:49,7.7,7.55,180,7.75,220,80,94020
BANKNIFTY09JAN2032900CE.NFO,07/01/2020,09:31:50,7.75,7.55,340,7.75,200,20,94020
BANKNIFTY09JAN2032900CE.NFO,07/01/2020,09:31:52,7.7,7.55,420,7.7,300,40,94020
BANKNIFTY09JAN2032900CE.NFO,07/01/2020,09:31:53,7.7,7.55,260,7.7,280,20,94020
BANKNIFTY09JAN2032900CE.NFO,07/01/2020,09:31:54,7.7,7.55,420,7.7,260,20,94020
BANKNIFTY09JAN2032900CE.NFO,07/01/2020,09:31:55,7.7,7.55,420,7.65,20,0,94020
BANKNIFTY09JAN2032900CE.NFO,07/01/2020,09:31:56,7.55,7.55,240,7.7,260,20,94020
BANKNIFTY09JAN2032900CE.NFO,07/01/2020,09:31:58,7.55,7.55,240,7.65,20,0,94020
BANKNIFTY09JAN2032900CE.NFO,07/01/2020,09:31:59,7.7,7.55,220,7.7,240,40,94020
BANKNIFTY09JAN2032900CE.NFO,07/01/2020,09:32:00,7.7,7.55,220,7.7,240,0,94020
BANKNIFTY09JAN2032900CE.NFO,07/01/2020,09:32:01,7.7,7.55,440,7.7,220,20,94020
BANKNIFTY09JAN2032900CE.NFO,07/01/2020,09:32:02,7.7,7.55,440,7.7,100,0,94020
BANKNIFTY09JAN2032900CE.NFO,07/01/2020,09:32:04,7.7,7.55,440,7.7,260,0,94020
BANKNIFTY09JAN2032900CE.NFO,07/01/2020,09:32:05,7.7,7.55,380,7.65,100,0,94020
BANKNIFTY09JAN2032900CE.NFO,07/01/2020,09:32:06,7.7,7.55,440,7.7,240,100,94020
BANKNIFTY09JAN2032900CE.NFO,07/01/2020,09:32:07,7.6,7.45,280,7.6,240,160,94020
BANKNIFTY09JAN2032900CE.NFO,07/01/2020,09:32:08,7.6,7.45,280,7.6,240,0,94020
BANKNIFTY09JAN2032900CE.NFO,07/01/2020,09:32:09,7.6,7.5,60,7.6,240,0,94020
BANKNIFTY09JAN2032900CE.NFO,07/01/2020,09:32:12,7.5,7.45,280,7.6,320,20,94020
BANKNIFTY09JAN2032900CE.NFO,07/01/2020,09:32:13,7.6,7.45,280,7.6,280,40,94020
BANKNIFTY09JAN2032900CE.NFO,07/01/2020,09:32:14,7.7,7.5,480,7.65,40,140,93560
BANKNIFTY09JAN2032900CE.NFO,07/01/2020,09:32:15,7.7,7.5,300,7.65,40,0,93560
BANKNIFTY09JAN2032900CE.NFO,07/01/2020,09:32:17,7.65,7.55,60,7.65,40,40,93560
BANKNIFTY09JAN2032900CE.NFO,07/01/2020,09:32:18,7.75,7.65,380,7.75,200,180,93560
BANKNIFTY09JAN2032900CE.NFO,07/01/2020,09:32:19,7.75,7.6,440,7.8,40,140,93560
BANKNIFTY09JAN2032900CE.NFO,07/01/2020,09:32:20,7.75,7.6,140,7.7,240,0,93560
BANKNIFTY09JAN2032900CE.NFO,07/01/2020,09:32:22,7.7,7.65,100,7.75,400,400,93560
BANKNIFTY09JAN2032900CE.NFO,07/01/2020,09:32:23,7.7,7.65,100,7.75,160,0,93560
BANKNIFTY09JAN2032900CE.NFO,07/01/2020,09:32:24,7.7,7.65,140,7.75,160,340,93560
BANKNIFTY09JAN2032900CE.NFO,07/01/2020,09:32:25,7.7,7.65,260,7.85,580,0,93560
BANKNIFTY09JAN2032900CE.NFO,07/01/2020,09:32:27,7.7,7.65,100,7.7,20,0,93560
BANKNIFTY09JAN2032900CE.NFO,07/01/2020,09:32:28,7.75,7.8,100,7.9,20,140,93560
BANKNIFTY09JAN2032900CE.NFO,07/01/2020,09:32:29,7.85,7.75,220,7.9,300,320,93560
BANKNIFTY09JAN2032900CE.NFO,07/01/2020,09:32:31,7.85,7.8,340,7.95,300,360,93560
BANKNIFTY09JAN2032900CE.NFO,07/01/2020,09:32:32,7.9,7.85,160,7.9,40,1100,93560
BANKNIFTY09JAN2032900CE.NFO,07/01/2020,09:32:33,7.9,7.85,180,7.9,40,0,93560
BANKNIFTY09JAN2032900CE.NFO,07/01/2020,09:32:34,7.85,7.85,160,7.9,40,20,93560
BANKNIFTY09JAN2032900CE.NFO,07/01/2020,09:32:36,7.95,7.9,80,7.95,240,80,93560
BANKNIFTY09JAN2032900CE.NFO,07/01/2020,09:32:37,7.85,7.85,40,7.95,120,60,93560
BANKNIFTY09JAN2032900CE.NFO,07/01/2020,09:32:38,7.95,7.85,220,7.95,340,100,93560
BANKNIFTY09JAN2032900CE.NFO,07/01/2020,09:32:39,7.9,7.9,320,8.05,280,60,93560
BANKNIFTY09JAN2032900CE.NFO,07/01/2020,09:32:40,8.05,7.9,480,8.05,20,20,93560
BANKNIFTY09JAN2032900CE.NFO,07/01/2020,09:32:42,8.05,7.9,240,8.05,140,0,93560
BANKNIFTY09JAN2032900CE.NFO,07/01/2020,09:32:43,7.9,7.9,360,8.05,160,120,93560
BANKNIFTY09JAN2032900CE.NFO,07/01/2020,09:32:44,7.9,7.9,240,8.05,200,0,93560
BANKNIFTY09JAN2032900CE.NFO,07/01/2020,09:32:46,7.9,7.9,480,8.05,140,0,93560
BANKNIFTY09JAN2032900CE.NFO,07/01/2020,09:32:47,7.9,7.9,400,8.05,260,100,93560
BANKNIFTY09JAN2032900CE.NFO,07/01/2020,09:32:48,8.1,7.9,560,8.05,220,480,93560
BANKNIFTY09JAN2032900CE.NFO,07/01/2020,09:32:49,8.1,7.9,1260,8.05,460,0,93560
BANKNIFTY09JAN2032900CE.NFO,07/01/2020,09:32:50,7.9,7.9,1220,8.05,120,20,93560
BANKNIFTY09JAN2032900CE.NFO,07/01/2020,09:32:52,7.9,7.9,1060,8.05,520,60,93560
BANKNIFTY09JAN2032900CE.NFO,07/01/2020,09:32:53,7.9,7.9,1080,8.05,240,0,93560
BANKNIFTY09JAN2032900CE.NFO,07/01/2020,09:32:54,7.95,7.9,980,8,380,80,93560
BANKNIFTY09JAN2032900CE.NFO,07/01/2020,09:32:55,7.9,7.9,960,8,320,20,93560
BANKNIFTY09JAN2032900CE.NFO,07/01/2020,09:32:56,7.9,7.9,1000,8,760,20,93560
BANKNIFTY09JAN2032900CE.NFO,07/01/2020,09:32:57,7.9,7.9,940,7.95,20,0,93560
BANKNIFTY09JAN2032900CE.NFO,07/01/2020,09:32:58,8,7.9,780,8,600,460,93560
BANKNIFTY09JAN2032900CE.NFO,07/01/2020,09:32:59,7.95,7.9,860,8,380,20,93560
BANKNIFTY09JAN2032900CE.NFO,07/01/2020,09:33:00,7.95,7.9,780,7.95,40,0,93560
BANKNIFTY09JAN2032900CE.NFO,07/01/2020,09:33:02,7.95,7.9,780,8,420,40,93560
BANKNIFTY09JAN2032900CE.NFO,07/01/2020,09:33:03,7.9,7.9,740,7.95,40,60,93560
BANKNIFTY09JAN2032900CE.NFO,07/01/2020,09:33:04,7.9,7.8,160,7.95,340,1060,93560
BANKNIFTY09JAN2032900CE.NFO,07/01/2020,09:33:05,7.85,7.65,200,7.8,360,420,93560
BANKNIFTY09JAN2032900CE.NFO,07/01/2020,09:33:06,7.75,7.6,280,7.75,180,260,93560
BANKNIFTY09JAN2032900CE.NFO,07/01/2020,09:33:08,7.75,7.7,360,7.85,140,40,93560
BANKNIFTY09JAN2032900CE.NFO,07/01/2020,09:33:09,7.9,7.75,380,7.9,340,20,93560
BANKNIFTY09JAN2032900CE.NFO,07/01/2020,09:33:10,7.9,7.85,360,8,700,0,93560
BANKNIFTY09JAN2032900CE.NFO,07/01/2020,09:33:11,7.9,7.75,460,7.85,40,0,93560
BANKNIFTY09JAN2032900CE.NFO,07/01/2020,09:33:12,7.9,7.8,340,7.9,40,0,93560
BANKNIFTY09JAN2032900CE.NFO,07/01/2020,09:33:13,7.9,7.85,280,7.95,20,0,93560
BANKNIFTY09JAN2032900CE.NFO,07/01/2020,09:33:14,7.9,7.85,120,7.9,100,20,93560
BANKNIFTY09JAN2032900CE.NFO,07/01/2020,09:33:15,7.9,7.85,320,7.95,40,0,93560
BANKNIFTY09JAN2032900CE.NFO,07/01/2020,09:33:18,7.9,7.85,500,8,480,0,93560
BANKNIFTY09JAN2032900CE.NFO,07/01/2020,09:33:19,8,7.85,660,8,460,40,93560
BANKNIFTY09JAN2032900CE.NFO,07/01/2020,09:33:20,8,7.85,660,8,480,0,93560
BANKNIFTY09JAN2032900CE.NFO,07/01/2020,09:33:21,8,7.85,500,7.95,60,0,93560
BANKNIFTY09JAN2032900CE.NFO,07/01/2020,09:33:24,7.85,7.85,640,8,400,20,93560
BANKNIFTY09JAN2032900CE.NFO,07/01/2020,09:33:25,8,7.85,460,7.95,40,20,93560
BANKNIFTY09JAN2032900CE.NFO,07/01/2020,09:33:26,7.95,7.9,400,8.05,540,1560,93560
BANKNIFTY09JAN2032900CE.NFO,07/01/2020,09:33:27,7.95,7.9,60,8.05,620,0,93560
BANKNIFTY09JAN2032900CE.NFO,07/01/2020,09:33:28,7.85,7.85,120,8,580,80,93560
BANKNIFTY09JAN2032900CE.NFO,07/01/2020,09:33:29,7.85,7.85,260,8,400,60,93560
BANKNIFTY09JAN2032900CE.NFO,07/01/2020,09:33:30,7.85,7.85,420,8,120,20,93560
BANKNIFTY09JAN2032900CE.NFO,07/01/2020,09:33:31,7.85,7.85,420,8,120,0,93560
BANKNIFTY09JAN2032900CE.NFO,07/01/2020,09:33:32,8,7.85,420,8,220,20,93560
BANKNIFTY09JAN2032900CE.NFO,07/01/2020,09:33:33,8,7.85,540,8,100,0,93560
BANKNIFTY09JAN2032900CE.NFO,07/01/2020,09:33:34,8,7.85,540,8,300,0,93560
BANKNIFTY09JAN2032900CE.NFO,07/01/2020,09:33:35,8.1,7.9,620,8.05,360,60,93560
BANKNIFTY09JAN2032900CE.NFO,07/01/2020,09:33:36,8,7.9,500,8.05,160,20,93560
BANKNIFTY09JAN2032900CE.NFO,07/01/2020,09:33:37,8,7.9,300,8.05,460,100,93560
BANKNIFTY09JAN2032900CE.NFO,07/01/2020,09:33:38,8,7.9,300,8.05,480,20,93560
BANKNIFTY09JAN2032900CE.NFO,07/01/2020,09:33:39,8,7.9,500,8.05,240,0,93560
BANKNIFTY09JAN2032900CE.NFO,07/01/2020,09:33:40,8.1,8.05,200,8.2,11780,20,93560
BANKNIFTY09JAN2032900CE.NFO,07/01/2020,09:33:41,8.1,8,160,8.1,40,0,93560
BANKNIFTY09JAN2032900CE.NFO,07/01/2020,09:33:42,8,7.95,580,8.1,20,960,93560
BANKNIFTY09JAN2032900CE.NFO,07/01/2020,09:33:43,7.95,7.95,140,8.1,240,120,93560
BANKNIFTY09JAN2032900CE.NFO,07/01/2020,09:33:44,7.95,7.9,180,8,20,0,93560
BANKNIFTY09JAN2032900CE.NFO,07/01/2020,09:33:45,7.95,7.9,300,7.95,20,20,93560
BANKNIFTY09JAN2032900CE.NFO,07/01/2020,09:33:46,7.95,7.9,300,8.05,360,100,93560
BANKNIFTY09JAN2032900CE.NFO,07/01/2020,09:33:47,7.9,7.9,100,8,280,60,93560
BANKNIFTY09JAN2032900CE.NFO,07/01/2020,09:33:48,7.9,7.9,120,8,260,0,93560
BANKNIFTY09JAN2032900CE.NFO,07/01/2020,09:33:49,7.9,7.9,260,8.05,360,20,93560
BANKNIFTY09JAN2032900CE.NFO,07/01/2020,09:33:50,8.05,7.9,380,8,60,20,93560
BANKNIFTY09JAN2032900CE.NFO,07/01/2020,09:33:51,7.9,7.85,580,8,20,20,93560
BANKNIFTY09JAN2032900CE.NFO,07/01/2020,09:33:52,8.05,7.85,560,8,280,360,93560
BANKNIFTY09JAN2032900CE.NFO,07/01/2020,09:33:53,8.05,7.9,460,8.05,240,0,93560
BANKNIFTY09JAN2032900CE.NFO,07/01/2020,09:33:54,7.95,7.95,480,8.05,20,40,93560
BANKNIFTY09JAN2032900CE.NFO,07/01/2020,09:33:55,8,7.95,60,8.05,120,80,93560
BANKNIFTY09JAN2032900CE.NFO,07/01/2020,09:33:56,8.1,7.95,220,8.1,520,340,93560
BANKNIFTY09JAN2032900CE.NFO,07/01/2020,09:33:57,8.1,7.95,100,8.05,20,0,93560
BANKNIFTY09JAN2032900CE.NFO,07/01/2020,09:33:58,8.05,7.95,200,8.1,440,40,93560
BANKNIFTY09JAN2032900CE.NFO,07/01/2020,09:33:59,8.05,7.95,460,8.1,20,0,93560
BANKNIFTY09JAN2032900CE.NFO,07/01/2020,09:34:02,8,7.95,760,8.15,440,1480,93560
BANKNIFTY09JAN2032900CE.NFO,07/01/2020,09:34:03,8.1,8,40,8.1,300,60,93560
BANKNIFTY09JAN2032900CE.NFO,07/01/2020,09:34:04,8.1,7.95,360,8.1,160,340,93560
BANKNIFTY09JAN2032900CE.NFO,07/01/2020,09:34:05,8.05,7.9,280,8,80,20,93560
BANKNIFTY09JAN2032900CE.NFO,07/01/2020,09:34:06,7.9,7.9,200,8,100,20,93560
BANKNIFTY09JAN2032900CE.NFO,07/01/2020,09:34:07,7.95,7.85,360,8,520,100,93560
BANKNIFTY09JAN2032900CE.NFO,07/01/2020,09:34:08,7.85,7.75,240,7.9,240,120,93560
BANKNIFTY09JAN2032900CE.NFO,07/01/2020,09:34:09,7.85,7.75,340,7.85,20,0,93560
BANKNIFTY09JAN2032900CE.NFO,07/01/2020,09:34:10,7.8,7.75,300,7.85,20,80,93560
BANKNIFTY09JAN2032900CE.NFO,07/01/2020,09:34:11,7.8,7.8,40,7.9,120,0,93560
BANKNIFTY09JAN2032900CE.NFO,07/01/2020,09:34:12,7.85,7.75,340,7.9,320,60,93560
BANKNIFTY09JAN2032900CE.NFO,07/01/2020,09:34:13,7.85,7.8,260,7.9,120,20,93560
BANKNIFTY09JAN2032900CE.NFO,07/01/2020,09:34:14,7.85,7.8,240,7.9,120,0,93560
BANKNIFTY09JAN2032900CE.NFO,07/01/2020,09:34:15,7.9,7.8,280,7.9,100,20,93560
BANKNIFTY09JAN2032900CE.NFO,07/01/2020,09:34:16,7.95,7.85,20,7.95,380,40,93560
BANKNIFTY09JAN2032900CE.NFO,07/01/2020,09:34:17,7.9,7.9,80,7.95,160,120,93560
BANKNIFTY09JAN2032900CE.NFO,07/01/2020,09:34:18,7.9,7.85,100,7.95,340,240,93560
BANKNIFTY09JAN2032900CE.NFO,07/01/2020,09:34:19,7.9,7.85,100,7.9,20,0,93560
BANKNIFTY09JAN2032900CE.NFO,07/01/2020,09:34:20,7.7,7.7,380,7.8,120,680,93560
BANKNIFTY09JAN2032900CE.NFO,07/01/2020,09:34:21,7.7,7.7,40,7.8,500,20,93560
BANKNIFTY09JAN2032900CE.NFO,07/01/2020,09:34:22,7.75,7.75,40,7.85,380,120,93560
BANKNIFTY09JAN2032900CE.NFO,07/01/2020,09:34:23,7.8,7.75,240,7.85,160,40,93560
BANKNIFTY09JAN2032900CE.NFO,07/01/2020,09:34:24,7.8,7.75,240,7.85,160,0,93560
BANKNIFTY09JAN2032900CE.NFO,07/01/2020,09:34:25,7.8,7.75,140,7.8,20,300,93560
BANKNIFTY09JAN2032900CE.NFO,07/01/2020,09:34:26,7.75,7.65,360,7.75,140,200,93560
BANKNIFTY09JAN2032900CE.NFO,07/01/2020,09:34:27,7.7,7.55,20,7.7,140,740,93560
BANKNIFTY09JAN2032900CE.NFO,07/01/2020,09:34:28,7.6,7.5,1860,7.65,260,260,93560
BANKNIFTY09JAN2032900CE.NFO,07/01/2020,09:34:29,7.5,7.5,1580,7.65,460,120,93560
BANKNIFTY09JAN2032900CE.NFO,07/01/2020,09:34:30,7.5,7.5,1380,7.55,40,380,93560
BANKNIFTY09JAN2032900CE.NFO,07/01/2020,09:34:31,7.5,7.5,1380,7.55,40,0,93560
BANKNIFTY09JAN2032900CE.NFO,07/01/2020,09:34:32,7.5,7.5,1320,7.6,80,40,93560
BANKNIFTY09JAN2032900CE.NFO,07/01/2020,09:34:33,7.5,7.5,1300,7.55,40,20,93560
BANKNIFTY09JAN2032900CE.NFO,07/01/2020,09:34:34,7.5,7.5,1240,7.55,40,60,93560
BANKNIFTY09JAN2032900CE.NFO,07/01/2020,09:34:35,7.55,7.5,1280,7.65,280,40,93560
BANKNIFTY09JAN2032900CE.NFO,07/01/2020,09:34:36,7.55,7.5,1440,7.6,20,0,93560
BANKNIFTY09JAN2032900CE.NFO,07/01/2020,09:34:37,7.5,7.5,1260,7.6,20,20,93560
BANKNIFTY09JAN2032900CE.NFO,07/01/2020,09:34:38,7.55,7.5,1220,7.6,160,200,93560
BANKNIFTY09JAN2032900CE.NFO,07/01/2020,09:34:39,7.5,7.5,1040,7.6,280,180,93560
BANKNIFTY09JAN2032900CE.NFO,07/01/2020,09:34:40,7.5,7.45,160,7.6,300,1040,93560
BANKNIFTY09JAN2032900CE.NFO,07/01/2020,09:34:41,7.55,7.4,140,7.55,320,20,93560
BANKNIFTY09JAN2032900CE.NFO,07/01/2020,09:34:42,7.55,7.45,160,7.55,180,0,93560
BANKNIFTY09JAN2032900CE.NFO,07/01/2020,09:34:43,7.55,7.5,160,7.6,160,20,93560
BANKNIFTY09JAN2032900CE.NFO,07/01/2020,09:34:44,7.55,7.45,120,7.6,120,0,93560
BANKNIFTY09JAN2032900CE.NFO,07/01/2020,09:34:45,7.45,7.55,40,7.65,280,80,93560
BANKNIFTY09JAN2032900CE.NFO,07/01/2020,09:34:46,7.55,7.55,20,7.65,280,280,93560
BANKNIFTY09JAN2032900CE.NFO,07/01/2020,09:34:47,7.5,7.5,100,7.65,440,80,93560
BANKNIFTY09JAN2032900CE.NFO,07/01/2020,09:34:48,7.5,7.45,200,7.55,160,940,93560
BANKNIFTY09JAN2032900CE.NFO,07/01/2020,09:34:49,7.5,7.5,140,7.55,160,820,93560
BANKNIFTY09JAN2032900CE.NFO,07/01/2020,09:34:50,7.45,7.45,120,7.55,260,20,93560
BANKNIFTY09JAN2032900CE.NFO,07/01/2020,09:34:51,7.45,7.5,160,7.6,140,0,93560
BANKNIFTY09JAN2032900CE.NFO,07/01/2020,09:34:52,7.45,7.5,40,7.55,160,0,93560
BANKNIFTY09JAN2032900CE.NFO,07/01/2020,09:34:53,7.45,7.45,120,7.55,220,0,93560
BANKNIFTY09JAN2032900CE.NFO,07/01/2020,09:34:54,7.45,7.35,80,7.45,100,80,93560
BANKNIFTY09JAN2032900CE.NFO,07/01/2020,09:34:55,7.35,7.3,160,7.45,220,80,93560
BANKNIFTY09JAN2032900CE.NFO,07/01/2020,09:34:56,7.35,7.3,160,7.45,200,0,93560
BANKNIFTY09JAN2032900CE.NFO,07/01/2020,09:34:57,7.45,7.3,440,7.5,520,40,93560
BANKNIFTY09JAN2032900CE.NFO,07/01/2020,09:34:58,7.45,7.45,120,7.55,140,80,93560
BANKNIFTY09JAN2032900CE.NFO,07/01/2020,09:34:59,7.55,7.45,120,7.55,120,20,93560
BANKNIFTY09JAN2032900CE.NFO,07/01/2020,09:35:00,7.65,7.5,280,7.65,200,200,93560
BANKNIFTY09JAN2032900CE.NFO,07/01/2020,09:35:01,7.5,7.5,680,7.7,80,360,93560
BANKNIFTY09JAN2032900CE.NFO,07/01/2020,09:35:02,7.55,7.5,140,7.65,400,60,93560
BANKNIFTY09JAN2032900CE.NFO,07/01/2020,09:35:03,7.55,7.45,340,7.65,440,0,93560
BANKNIFTY09JAN2032900CE.NFO,07/01/2020,09:35:04,7.5,7.5,120,7.6,120,20,93560
BANKNIFTY09JAN2032900CE.NFO,07/01/2020,09:35:05,7.5,7.5,40,7.6,80,80,93560
BANKNIFTY09JAN2032900CE.NFO,07/01/2020,09:35:06,7.5,7.45,380,7.6,360,200,93560
BANKNIFTY09JAN2032900CE.NFO,07/01/2020,09:35:07,7.5,7.45,160,7.6,540,200,93560
BANKNIFTY09JAN2032900CE.NFO,07/01/2020,09:35:08,7.45,7.35,200,7.5,600,160,93560
BANKNIFTY09JAN2032900CE.NFO,07/01/2020,09:35:09,7.4,7.3,460,7.45,280,140,93560
BANKNIFTY09JAN2032900CE.NFO,07/01/2020,09:35:10,7.45,7.3,460,7.45,160,20,93560
BANKNIFTY09JAN2032900CE.NFO,07/01/2020,09:35:11,7.35,7.35,480,7.55,260,180,93560
BANKNIFTY09JAN2032900CE.NFO,07/01/2020,09:35:12,7.35,7.35,300,7.5,300,60,93560
BANKNIFTY09JAN2032900CE.NFO,07/01/2020,09:35:13,7.35,7.35,280,7.5,220,20,96560
BANKNIFTY09JAN2032900CE.NFO,07/01/2020,09:35:14,7.35,7.3,680,7.5,320,180,96560
BANKNIFTY09JAN2032900CE.NFO,07/01/2020,09:35:15,7.35,7.3,680,7.5,260,0,96560
BANKNIFTY09JAN2032900CE.NFO,07/01/2020,09:35:16,7.4,7.4,40,7.5,80,140,96560
BANKNIFTY09JAN2032900CE.NFO,07/01/2020,09:35:17,7.35,7.35,260,7.5,340,260,96560
BANKNIFTY09JAN2032900CE.NFO,07/01/2020,09:35:18,7.35,7.3,400,7.45,200,240,96560
BANKNIFTY09JAN2032900CE.NFO,07/01/2020,09:35:19,7.35,7.3,340,7.45,300,0,96560
BANKNIFTY09JAN2032900CE.NFO,07/01/2020,09:35:20,7.3,7.3,20,7.4,160,260,96560
BANKNIFTY09JAN2032900CE.NFO,07/01/2020,09:35:21,7.3,7.25,220,7.4,440,20,96560
BANKNIFTY09JAN2032900CE.NFO,07/01/2020,09:35:22,7.3,7.25,220,7.4,440,0,96560
BANKNIFTY09JAN2032900CE.NFO,07/01/2020,09:35:23,7.3,7.25,380,7.4,460,0,96560
BANKNIFTY09JAN2032900CE.NFO,07/01/2020,09:35:25,7.25,7.2,480,7.4,520,800,96560
BANKNIFTY09JAN2032900CE.NFO,07/01/2020,09:35:26,7.2,7.2,480,7.4,540,120,96560
BANKNIFTY09JAN2032900CE.NFO,07/01/2020,09:35:27,7.2,7.2,360,7.4,380,120,96560
BANKNIFTY09JAN2032900CE.NFO,07/01/2020,09:35:28,7.35,7.2,240,7.35,140,360,96560
BANKNIFTY09JAN2032900CE.NFO,07/01/2020,09:35:29,7.35,7.2,120,7.35,80,60,96560
BANKNIFTY09JAN2032900CE.NFO,07/01/2020,09:35:30,7.35,7.2,160,7.4,320,0,96560
BANKNIFTY09JAN2032900CE.NFO,07/01/2020,09:35:31,7.3,7.2,320,7.4,540,1620,96560
BANKNIFTY09JAN2032900CE.NFO,07/01/2020,09:35:32,7.2,7.2,300,7.4,640,20,96560
BANKNIFTY09JAN2032900CE.NFO,07/01/2020,09:35:33,7.2,7.25,140,7.4,240,0,96560
BANKNIFTY09JAN2032900CE.NFO,07/01/2020,09:35:34,7.4,7.25,140,7.4,340,20,96560
BANKNIFTY09JAN2032900CE.NFO,07/01/2020,09:35:35,7.4,7.25,300,7.4,360,0,96560
BANKNIFTY09JAN2032900CE.NFO,07/01/2020,09:35:37,7.3,7.15,420,7.35,540,340,96560
BANKNIFTY09JAN2032900CE.NFO,07/01/2020,09:35:38,7.35,7.2,80,7.35,280,60,96560
BANKNIFTY09JAN2032900CE.NFO,07/01/2020,09:35:39,7.35,7.15,260,7.3,400,0,96560
BANKNIFTY09JAN2032900CE.NFO,07/01/2020,09:35:40,7.25,7.05,140,7.25,400,620,96560
BANKNIFTY09JAN2032900CE.NFO,07/01/2020,09:35:41,7.15,7,1200,7.15,440,200,96560
BANKNIFTY09JAN2032900CE.NFO,07/01/2020,09:35:42,7,7,1000,7.15,440,60,96560
BANKNIFTY09JAN2032900CE.NFO,07/01/2020,09:35:43,7.05,7,900,7.1,40,180,96560
BANKNIFTY09JAN2032900CE.NFO,07/01/2020,09:35:44,7,6.75,140,6.9,320,900,96560
BANKNIFTY09JAN2032900CE.NFO,07/01/2020,09:35:45,7,6.75,300,6.9,320,0,96560
BANKNIFTY09JAN2032900CE.NFO,07/01/2020,09:35:46,6.75,6.7,220,6.85,380,60,96560
BANKNIFTY09JAN2032900CE.NFO,07/01/2020,09:35:47,6.75,6.7,500,6.9,360,0,96560
BANKNIFTY09JAN2032900CE.NFO,07/01/2020,09:35:48,6.9,6.75,380,6.9,300,180,96560
BANKNIFTY09JAN2032900CE.NFO,07/01/2020,09:35:49,6.9,6.85,100,7,160,300,96560
BANKNIFTY09JAN2032900CE.NFO,07/01/2020,09:35:50,6.95,6.9,580,7.1,340,40,96560
BANKNIFTY09JAN2032900CE.NFO,07/01/2020,09:35:51,6.95,6.9,580,7.1,340,0,96560
BANKNIFTY09JAN2032900CE.NFO,07/01/2020,09:35:52,7,7,20,7.15,240,440,96560
BANKNIFTY09JAN2032900CE.NFO,07/01/2020,09:35:53,6.95,6.95,400,7.15,220,260,96560
BANKNIFTY09JAN2032900CE.NFO,07/01/2020,09:35:54,6.95,6.95,320,7.15,340,80,96560
BANKNIFTY09JAN2032900CE.NFO,07/01/2020,09:35:55,6.95,6.9,20,7,600,80,96560
BANKNIFTY09JAN2032900CE.NFO,07/01/2020,09:35:56,6.95,6.9,20,7,600,0,96560
BANKNIFTY09JAN2032900CE.NFO,07/01/2020,09:35:57,7,6.9,80,7,900,300,96560
BANKNIFTY09JAN2032900CE.NFO,07/01/2020,09:35:58,7,6.9,200,7,880,20,96560
BANKNIFTY09JAN2032900CE.NFO,07/01/2020,09:35:59,7,6.9,260,7,880,0,96560
BANKNIFTY09JAN2032900CE.NFO,07/01/2020,09:36:01,6.9,6.8,420,6.95,260,120,96560
BANKNIFTY09JAN2032900CE.NFO,07/01/2020,09:36:02,6.9,6.8,440,6.95,160,0,96560
BANKNIFTY09JAN2032900CE.NFO,07/01/2020,09:36:03,6.9,6.8,200,6.95,280,0,96560
BANKNIFTY09JAN2032900CE.NFO,07/01/2020,09:36:04,6.9,6.8,300,6.95,400,0,96560
BANKNIFTY09JAN2032900CE.NFO,07/01/2020,09:36:05,6.9,6.8,300,6.95,440,0,96560
BANKNIFTY09JAN2032900CE.NFO,07/01/2020,09:36:06,6.9,6.8,360,6.95,440,0,96560
BANKNIFTY09JAN2032900CE.NFO,07/01/2020,09:36:07,6.9,6.8,360,6.95,280,0,96560
BANKNIFTY09JAN2032900CE.NFO,07/01/2020,09:36:08,6.9,6.8,200,6.95,200,0,96560
BANKNIFTY09JAN2032900CE.NFO,07/01/2020,09:36:09,6.9,6.85,240,7,1480,0,96560
BANKNIFTY09JAN2032900CE.NFO,07/01/2020,09:36:10,6.85,6.85,220,7,1460,240,96560
BANKNIFTY09JAN2032900CE.NFO,07/01/2020,09:36:11,6.85,6.85,300,7,1500,0,96560
BANKNIFTY09JAN2032900CE.NFO,07/01/2020,09:36:12,6.95,6.85,360,7,1460,20,96560
BANKNIFTY09JAN2032900CE.NFO,07/01/2020,09:36:14,7,6.9,140,7,720,960,96560
BANKNIFTY09JAN2032900CE.NFO,07/01/2020,09:36:15,7,6.95,60,7,640,80,96560
BANKNIFTY09JAN2032900CE.NFO,07/01/2020,09:36:16,6.95,6.85,60,6.95,80,60,96560
BANKNIFTY09JAN2032900CE.NFO,07/01/2020,09:36:17,6.95,6.85,300,7,1400,0,96560
BANKNIFTY09JAN2032900CE.NFO,07/01/2020,09:36:18,6.95,6.85,60,7,1400,0,96560
BANKNIFTY09JAN2032900CE.NFO,07/01/2020,09:36:21,6.95,6.85,60,6.95,120,0,96560
BANKNIFTY09JAN2032900CE.NFO,07/01/2020,09:36:22,6.85,6.8,260,6.9,80,20,96560
BANKNIFTY09JAN2032900CE.NFO,07/01/2020,09:36:23,6.9,6.75,180,6.9,280,20,96560
BANKNIFTY09JAN2032900CE.NFO,07/01/2020,09:36:24,6.9,6.75,400,6.95,460,20,96560
BANKNIFTY09JAN2032900CE.NFO,07/01/2020,09:36:26,6.95,6.75,420,6.95,420,40,96560
BANKNIFTY09JAN2032900CE.NFO,07/01/2020,09:36:27,6.9,6.8,140,6.95,420,60,96560
BANKNIFTY09JAN2032900CE.NFO,07/01/2020,09:36:28,6.9,6.8,140,6.95,420,0,96560
BANKNIFTY09JAN2032900CE.NFO,07/01/2020,09:36:29,6.9,6.85,200,7,2160,0,96560
BANKNIFTY09JAN2032900CE.NFO,07/01/2020,09:36:32,6.9,6.85,140,6.95,20,0,96560
BANKNIFTY09JAN2032900CE.NFO,07/01/2020,09:36:33,6.9,6.85,140,7,2200,0,96560
BANKNIFTY09JAN2032900CE.NFO,07/01/2020,09:36:34,6.9,6.85,40,7,2220,0,96560
BANKNIFTY09JAN2032900CE.NFO,07/01/2020,09:36:35,7,6.85,140,7,1960,80,96560
BANKNIFTY09JAN2032900CE.NFO,07/01/2020,09:36:36,6.85,6.85,120,7,2120,20,96560
BANKNIFTY09JAN2032900CE.NFO,07/01/2020,09:36:38,6.85,6.85,20,7,2120,0,96560
BANKNIFTY09JAN2032900CE.NFO,07/01/2020,09:36:39,6.85,6.8,480,7,2140,60,96560
BANKNIFTY09JAN2032900CE.NFO,07/01/2020,09:36:40,6.85,6.8,660,7,2120,0,96560
BANKNIFTY09JAN2032900CE.NFO,07/01/2020,09:36:41,6.85,6.8,500,7,2300,40,96560
BANKNIFTY09JAN2032900CE.NFO,07/01/2020,09:36:42,6.85,6.8,280,6.95,940,0,96560
BANKNIFTY09JAN2032900CE.NFO,07/01/2020,09:36:43,6.85,6.8,120,6.95,940,0,96560
BANKNIFTY09JAN2032900CE.NFO,07/01/2020,09:36:45,6.85,6.8,380,6.95,660,0,96560
BANKNIFTY09JAN2032900CE.NFO,07/01/2020,09:36:46,6.95,6.8,120,6.95,660,20,96560
BANKNIFTY09JAN2032900CE.NFO,07/01/2020,09:36:47,6.95,6.8,120,6.95,640,0,96560
BANKNIFTY09JAN2032900CE.NFO,07/01/2020,09:36:48,6.95,6.8,240,6.95,680,0,96560
BANKNIFTY09JAN2032900CE.NFO,07/01/2020,09:36:49,6.8,6.8,380,6.95,660,200,96560
BANKNIFTY09JAN2032900CE.NFO,07/01/2020,09:36:50,6.8,6.8,380,6.95,620,0,96560
BANKNIFTY09JAN2032900CE.NFO,07/01/2020,09:36:53,6.95,6.8,320,6.95,540,140,96560
BANKNIFTY09JAN2032900CE.NFO,07/01/2020,09:36:54,6.95,6.8,320,6.95,500,40,96560
BANKNIFTY09JAN2032900CE.NFO,07/01/2020,09:36:55,6.95,6.8,340,6.95,500,0,96560
BANKNIFTY09JAN2032900CE.NFO,07/01/2020,09:36:57,6.95,6.8,340,6.95,340,20,96560
BANKNIFTY09JAN2032900CE.NFO,07/01/2020,09:36:58,6.95,6.8,320,6.95,300,40,96560
BANKNIFTY09JAN2032900CE.NFO,07/01/2020,09:36:59,6.95,6.8,200,6.95,780,0,96560
BANKNIFTY09JAN2032900CE.NFO,07/01/2020,09:37:01,6.95,6.8,2560,6.95,280,20,96560
BANKNIFTY09JAN2032900CE.NFO,07/01/2020,09:37:03,6.95,6.8,2700,6.95,620,100,96560
BANKNIFTY09JAN2032900CE.NFO,07/01/2020,09:37:04,6.95,6.8,2720,6.95,220,0,96560
BANKNIFTY09JAN2032900CE.NFO,07/01/2020,09:37:05,6.95,6.8,2700,6.95,300,0,96560
BANKNIFTY09JAN2032900CE.NFO,07/01/2020,09:37:06,6.95,6.8,2700,6.95,620,0,96560
BANKNIFTY09JAN2032900CE.NFO,07/01/2020,09:37:08,6.95,6.8,2720,6.95,220,0,96560
BANKNIFTY09JAN2032900CE.NFO,07/01/2020,09:37:09,6.95,6.8,2820,6.95,440,20,96560
BANKNIFTY09JAN2032900CE.NFO,07/01/2020,09:37:11,6.95,6.8,2700,6.95,560,60,96560
BANKNIFTY09JAN2032900CE.NFO,07/01/2020,09:37:13,6.95,6.8,2700,6.95,560,0,96560
BANKNIFTY09JAN2032900CE.NFO,07/01/2020,09:37:15,6.95,6.8,2660,6.95,520,0,96560
BANKNIFTY09JAN2032900CE.NFO,07/01/2020,09:37:16,6.8,6.8,2300,6.95,560,360,96560
BANKNIFTY09JAN2032900CE.NFO,07/01/2020,09:37:18,6.8,6.8,2020,6.95,1060,300,96560
BANKNIFTY09JAN2032900CE.NFO,07/01/2020,09:37:19,6.8,6.8,2000,6.95,1060,0,96560
BANKNIFTY09JAN2032900CE.NFO,07/01/2020,09:37:20,6.8,6.8,2000,6.95,1580,0,96560
BANKNIFTY09JAN2032900CE.NFO,07/01/2020,09:37:23,6.8,6.8,2000,6.95,1560,0,96560
BANKNIFTY09JAN2032900CE.NFO,07/01/2020,09:37:24,6.8,6.8,2000,6.95,1580,0,96560
BANKNIFTY09JAN2032900CE.NFO,07/01/2020,09:37:25,6.8,6.8,1880,6.95,1500,160,96560
BANKNIFTY09JAN2032900CE.NFO,07/01/2020,09:37:26,6.8,6.8,3540,6.95,1540,0,96560
BANKNIFTY09JAN2032900CE.NFO,07/01/2020,09:37:27,6.95,6.8,3540,6.95,1520,20,96560
BANKNIFTY09JAN2032900CE.NFO,07/01/2020,09:37:29,6.95,6.8,3560,6.95,1500,20,96560
BANKNIFTY09JAN2032900CE.NFO,07/01/2020,09:37:30,6.95,6.8,3540,6.95,1460,40,96560
BANKNIFTY09JAN2032900CE.NFO,07/01/2020,09:37:31,6.95,6.8,3540,6.95,1460,0,96560
BANKNIFTY09JAN2032900CE.NFO,07/01/2020,09:37:34,6.95,6.8,3540,6.95,1280,0,96560
BANKNIFTY09JAN2032900CE.NFO,07/01/2020,09:37:35,6.8,6.8,3640,6.95,1420,60,96560
BANKNIFTY09JAN2032900CE.NFO,07/01/2020,09:37:36,6.8,6.8,3640,6.95,1320,0,96560
BANKNIFTY09JAN2032900CE.NFO,07/01/2020,09:37:38,6.95,6.8,3640,6.95,1300,20,96560
BANKNIFTY09JAN2032900CE.NFO,07/01/2020,09:37:39,6.95,6.8,3640,6.95,1300,0,96560
BANKNIFTY09JAN2032900CE.NFO,07/01/2020,09:37:40,6.95,6.8,3640,6.95,1240,200,96560
BANKNIFTY09JAN2032900CE.NFO,07/01/2020,09:37:41,6.95,6.8,3640,6.95,1200,40,96560
BANKNIFTY09JAN2032900CE.NFO,07/01/2020,09:37:42,6.95,6.8,3640,6.95,1400,0,96560
BANKNIFTY09JAN2032900CE.NFO,07/01/2020,09:37:44,6.95,6.8,3680,6.95,1340,60,96560
BANKNIFTY09JAN2032900CE.NFO,07/01/2020,09:37:45,6.95,6.8,3480,6.95,1340,0,96560
BANKNIFTY09JAN2032900CE.NFO,07/01/2020,09:37:47,6.95,6.8,3480,6.95,1220,120,96560
BANKNIFTY09JAN2032900CE.NFO,07/01/2020,09:37:49,6.95,6.8,3640,6.95,1220,0,96560
BANKNIFTY09JAN2032900CE.NFO,07/01/2020,09:37:50,6.8,6.8,3620,6.95,1180,40,96560
BANKNIFTY09JAN2032900CE.NFO,07/01/2020,09:37:51,6.8,6.8,3600,6.95,1220,0,96560
BANKNIFTY09JAN2032900CE.NFO,07/01/2020,09:37:52,6.8,6.8,3140,6.95,1220,300,96560
BANKNIFTY09JAN2032900CE.NFO,07/01/2020,09:37:53,6.8,6.8,3140,6.95,1240,0,96560
BANKNIFTY09JAN2032900CE.NFO,07/01/2020,09:37:56,6.8,6.8,3320,6.95,1180,0,96560
BANKNIFTY09JAN2032900CE.NFO,07/01/2020,09:37:57,6.8,6.8,3140,6.95,1220,0,96560
BANKNIFTY09JAN2032900CE.NFO,07/01/2020,09:37:58,6.8,6.8,3140,6.95,1180,0,96560
BANKNIFTY09JAN2032900CE.NFO,07/01/2020,09:37:59,6.95,6.8,3320,6.95,1160,20,96560
BANKNIFTY09JAN2032900CE.NFO,07/01/2020,09:38:00,6.95,6.8,3160,6.95,1160,0,96560
BANKNIFTY09JAN2032900CE.NFO,07/01/2020,09:38:02,6.95,6.8,3160,6.95,1200,0,96560
BANKNIFTY09JAN2032900CE.NFO,07/01/2020,09:38:03,6.95,6.8,3160,6.95,1120,80,96560
BANKNIFTY09JAN2032900CE.NFO,07/01/2020,09:38:04,6.8,6.8,2920,6.95,1120,240,96560
BANKNIFTY09JAN2032900CE.NFO,07/01/2020,09:38:05,6.8,6.8,2920,6.95,1120,0,96560
BANKNIFTY09JAN2032900CE.NFO,07/01/2020,09:38:07,6.95,6.8,2900,6.95,200,880,96560
BANKNIFTY09JAN2032900CE.NFO,07/01/2020,09:38:08,6.95,6.8,2900,6.95,440,0,96560
BANKNIFTY09JAN2032900CE.NFO,07/01/2020,09:38:10,6.95,6.8,2900,6.95,400,0,96560
BANKNIFTY09JAN2032900CE.NFO,07/01/2020,09:38:13,6.95,6.8,2920,6.95,240,0,96560
BANKNIFTY09JAN2032900CE.NFO,07/01/2020,09:38:15,6.95,6.8,2900,6.95,240,0,96560
BANKNIFTY09JAN2032900CE.NFO,07/01/2020,09:38:17,6.85,6.8,3080,6.95,180,620,98140
BANKNIFTY09JAN2032900CE.NFO,07/01/2020,09:38:19,6.85,6.8,3080,6.95,180,0,98140
BANKNIFTY09JAN2032900CE.NFO,07/01/2020,09:38:20,6.85,6.8,2900,6.9,600,0,98140
BANKNIFTY09JAN2032900CE.NFO,07/01/2020,09:38:21,6.8,6.8,2840,6.9,600,60,98140
BANKNIFTY09JAN2032900CE.NFO,07/01/2020,09:38:22,6.8,6.8,2840,6.9,600,0,98140
BANKNIFTY09JAN2032900CE.NFO,07/01/2020,09:38:25,6.9,6.8,2840,6.9,700,80,98140
BANKNIFTY09JAN2032900CE.NFO,07/01/2020,09:38:26,6.8,6.85,300,6.9,700,60,98140
BANKNIFTY09JAN2032900CE.NFO,07/01/2020,09:38:27,6.85,6.85,220,6.9,700,80,98140
BANKNIFTY09JAN2032900CE.NFO,07/01/2020,09:38:28,6.85,6.85,220,6.9,700,0,98140
BANKNIFTY09JAN2032900CE.NFO,07/01/2020,09:38:30,6.85,6.85,160,6.9,700,60,98140
BANKNIFTY09JAN2032900CE.NFO,07/01/2020,09:38:31,6.9,6.85,160,6.9,680,20,98140
BANKNIFTY09JAN2032900CE.NFO,07/01/2020,09:38:32,6.85,6.8,2980,6.9,680,160,98140
BANKNIFTY09JAN2032900CE.NFO,07/01/2020,09:38:33,6.85,6.8,2980,6.9,680,0,98140
