Ticker,Date,Time,LTP,BuyPrice,BuyQty,SellPrice,SellQty,LTQ,OpenInterest
BANKNIFTY09JAN2032300CE.NFO,07/01/2020,09:15:00,37.1,23.7,60,36.7,20,180,410800
BANKNIFTY09JAN2032300CE.NFO,07/01/2020,09:15:00,37.1,23.7,60,36.7,20,0,410800
BANKNIFTY09JAN2032300CE.NFO,07/01/2020,09:15:00,37.1,23.7,60,36.7,20,0,410800
BANKNIFTY09JAN2032300CE.NFO,07/01/2020,09:15:00,36.7,23.7,60,36.7,20,0,410800
BANKNIFTY09JAN2032300CE.NFO,07/01/2020,09:15:02,33.2,28,120,33.2,60,60,410800
BANKNIFTY09JAN2032300CE.NFO,07/01/2020,09:15:02,33.2,28,120,33.2,60,0,410800
BANKNIFTY09JAN2032300CE.NFO,07/01/2020,09:15:03,33.2,31.25,40,31.3,20,0,410800
BANKNIFTY09JAN2032300CE.NFO,07/01/2020,09:15:04,33.2,30.4,20,31.3,40,0,410800
BANKNIFTY09JAN2032300CE.NFO,07/01/2020,09:15:04,33.2,30.45,80,31.3,20,0,410800
BANKNIFTY09JAN2032300CE.NFO,07/01/2020,09:15:05,33.2,30.8,80,30.85,40,0,410800
BANKNIFTY09JAN2032300CE.NFO,07/01/2020,09:15:06,33.2,25.85,120,30.2,20,0,410800
BANKNIFTY09JAN2032300CE.NFO,07/01/2020,09:15:07,33.2,28.75,160,28.85,40,0,410800
BANKNIFTY09JAN2032300CE.NFO,07/01/2020,09:15:08,33.2,28.9,20,29.15,60,0,410800
BANKNIFTY09JAN2032300CE.NFO,07/01/2020,09:15:09,33.2,29.15,20,29.5,20,0,410800
BANKNIFTY09JAN2032300CE.NFO,07/01/2020,09:15:10,33.2,29.45,80,29.5,20,0,410800
BANKNIFTY09JAN2032300CE.NFO,07/01/2020,09:15:12,33.2,29.95,20,30,80,0,410800
BANKNIFTY09JAN2032300CE.NFO,07/01/2020,09:15:13,33.2,29.9,80,29.95,120,0,410800
BANKNIFTY09JAN2032300CE.NFO,07/01/2020,09:15:14,33.2,29.45,60,29.95,60,0,410800
BANKNIFTY09JAN2032300CE.NFO,07/01/2020,09:15:15,33.2,29.9,160,29.95,60,0,410800
BANKNIFTY09JAN2032300CE.NFO,07/01/2020,09:15:15,33.2,29.9,160,29.95,20,0,410800
BANKNIFTY09JAN2032300CE.NFO,07/01/2020,09:15:16,33.2,29.6,160,29.9,40,0,410800
BANKNIFTY09JAN2032300CE.NFO,07/01/2020,09:15:17,33.2,29.6,160,29.65,40,0,410800
BANKNIFTY09JAN2032300CE.NFO,07/01/2020,09:15:18,33.2,29.35,100,29.85,20,0,410800
BANKNIFTY09JAN2032300CE.NFO,07/01/2020,09:15:19,33.2,29.45,60,29.85,40,0,410800
BANKNIFTY09JAN2032300CE.NFO,07/01/2020,09:15:20,33.2,29.45,60,29.8,40,0,410800
BANKNIFTY09JAN2032300CE.NFO,07/01/2020,09:15:22,25.4,25.25,40,25.4,160,9760,410800
BANKNIFTY09JAN2032300CE.NFO,07/01/2020,09:15:22,25.1,25.25,40,25.4,160,0,410800
BANKNIFTY09JAN2032300CE.NFO,07/01/2020,09:15:23,33.05,30.5,140,33.1,20,5200,410800
BANKNIFTY09JAN2032300CE.NFO,07/01/2020,09:15:24,36.3,35.15,40,36.2,20,3720,410800
BANKNIFTY09JAN2032300CE.NFO,07/01/2020,09:15:25,37,36,100,37,20,3160,410800
BANKNIFTY09JAN2032300CE.NFO,07/01/2020,09:15:25,39.2,36,100,37,20,0,410800
BANKNIFTY09JAN2032300CE.NFO,07/01/2020,09:15:26,38.6,38,200,38.65,80,2900,410800
BANKNIFTY09JAN2032300CE.NFO,07/01/2020,09:15:26,38.7,38,80,38.95,20,420,410800
BANKNIFTY09JAN2032300CE.NFO,07/01/2020,09:15:27,39.9,39.35,240,39.9,220,920,410800
BANKNIFTY09JAN2032300CE.NFO,07/01/2020,09:15:27,39.9,39.35,240,39.9,220,0,410800
BANKNIFTY09JAN2032300CE.NFO,07/01/2020,09:15:28,40.5,39.95,400,40.65,20,3260,410800
BANKNIFTY09JAN2032300CE.NFO,07/01/2020,09:15:28,40.5,39.95,400,40.65,20,0,410800
BANKNIFTY09JAN2032300CE.NFO,07/01/2020,09:15:30,40.85,40.8,40,42.3,20,2160,410800
BANKNIFTY09JAN2032300CE.NFO,07/01/2020,09:15:30,43,40.8,40,42.3,20,0,410800
BANKNIFTY09JAN2032300CE.NFO,07/01/2020,09:15:31,42,41.05,200,41.95,20,2380,410800
BANKNIFTY09JAN2032300CE.NFO,07/01/2020,09:15:31,47.5,41.05,200,41.95,20,0,410800
BANKNIFTY09JAN2032300CE.NFO,07/01/2020,09:15:32,42.85,41.8,100,42.85,260,3660,410800
BANKNIFTY09JAN2032300CE.NFO,07/01/2020,09:15:33,42.8,41.85,20,42.75,100,1500,410800
BANKNIFTY09JAN2032300CE.NFO,07/01/2020,09:15:34,41.65,40.75,240,41.4,20,440,410800
BANKNIFTY09JAN2032300CE.NFO,07/01/2020,09:15:34,40.8,40.95,20,41.4,20,100,410800
BANKNIFTY09JAN2032300CE.NFO,07/01/2020,09:15:35,40,39.55,180,40.35,60,860,410800
BANKNIFTY09JAN2032300CE.NFO,07/01/2020,09:15:36,41.5,40.85,40,41.75,180,7380,410800
BANKNIFTY09JAN2032300CE.NFO,07/01/2020,09:15:37,44.3,44.7,60,45.35,20,1960,410800
BANKNIFTY09JAN2032300CE.NFO,07/01/2020,09:15:39,47.25,46.45,120,47.25,20,3960,410800
BANKNIFTY09JAN2032300CE.NFO,07/01/2020,09:15:39,54.8,46.45,120,47.25,20,0,410800
BANKNIFTY09JAN2032300CE.NFO,07/01/2020,09:15:40,48.35,47.55,40,48.65,20,1180,410800
BANKNIFTY09JAN2032300CE.NFO,07/01/2020,09:15:41,48.6,48.2,80,48.75,60,1340,410800
BANKNIFTY09JAN2032300CE.NFO,07/01/2020,09:15:41,48.85,48.3,40,48.85,20,160,410800
BANKNIFTY09JAN2032300CE.NFO,07/01/2020,09:15:42,48.8,48.3,40,48.9,20,1760,410800
BANKNIFTY09JAN2032300CE.NFO,07/01/2020,09:15:44,48.75,48.05,20,48.5,20,2040,410800
BANKNIFTY09JAN2032300CE.NFO,07/01/2020,09:15:45,46.85,46.95,80,47.15,20,2580,410800
BANKNIFTY09JAN2032300CE.NFO,07/01/2020,09:15:45,48.9,46.7,380,48.8,80,620,410800
BANKNIFTY09JAN2032300CE.NFO,07/01/2020,09:15:47,45.85,45.8,20,46.05,20,2800,410800
BANKNIFTY09JAN2032300CE.NFO,07/01/2020,09:15:47,47.25,46.15,20,46.35,20,820,410800
BANKNIFTY09JAN2032300CE.NFO,07/01/2020,09:15:48,45.8,45.65,80,46.25,60,1140,410800
BANKNIFTY09JAN2032300CE.NFO,07/01/2020,09:15:50,46.95,47.15,20,48,20,1740,410800
BANKNIFTY09JAN2032300CE.NFO,07/01/2020,09:15:51,48.35,48.35,800,48.55,20,2440,410800
BANKNIFTY09JAN2032300CE.NFO,07/01/2020,09:15:51,48.95,48.6,40,48.9,20,360,410800
BANKNIFTY09JAN2032300CE.NFO,07/01/2020,09:15:52,48.95,48.7,40,49.3,80,1960,410800
BANKNIFTY09JAN2032300CE.NFO,07/01/2020,09:15:54,49.9,49.55,560,49.95,40,2880,410800
BANKNIFTY09JAN2032300CE.NFO,07/01/2020,09:15:54,50.1,50.1,100,51.1,20,1000,410800
BANKNIFTY09JAN2032300CE.NFO,07/01/2020,09:15:56,50.7,50.4,280,51.5,80,2760,410800
BANKNIFTY09JAN2032300CE.NFO,07/01/2020,09:15:57,51.55,51.05,20,51.55,40,1740,410800
BANKNIFTY09JAN2032300CE.NFO,07/01/2020,09:15:57,50.3,50.25,60,51.15,60,540,410800
BANKNIFTY09JAN2032300CE.NFO,07/01/2020,09:15:59,51.1,50.65,20,51.3,20,1480,410800
BANKNIFTY09JAN2032300CE.NFO,07/01/2020,09:16:00,50,50,620,50.6,220,1380,410800
BANKNIFTY09JAN2032300CE.NFO,07/01/2020,09:16:00,50,50.15,20,50.45,60,280,410800
BANKNIFTY09JAN2032300CE.NFO,07/01/2020,09:16:02,49.8,49.8,80,50.25,20,3440,410800
BANKNIFTY09JAN2032300CE.NFO,07/01/2020,09:16:03,49.5,49.65,20,50,20,1800,410800
BANKNIFTY09JAN2032300CE.NFO,07/01/2020,09:16:03,49.6,49.6,120,50.5,40,2640,410800
BANKNIFTY09JAN2032300CE.NFO,07/01/2020,09:16:03,56.15,49.6,120,50.5,40,0,410800
BANKNIFTY09JAN2032300CE.NFO,07/01/2020,09:16:05,48.7,48.7,20,49.05,20,3380,410800
BANKNIFTY09JAN2032300CE.NFO,07/01/2020,09:16:06,49.3,49.45,20,49.6,60,660,410800
BANKNIFTY09JAN2032300CE.NFO,07/01/2020,09:16:06,49.05,49.15,40,49.55,20,660,410800
BANKNIFTY09JAN2032300CE.NFO,07/01/2020,09:16:08,49.3,48.8,120,49.3,240,1260,410800
BANKNIFTY09JAN2032300CE.NFO,07/01/2020,09:16:09,49.85,49.6,280,49.85,40,2500,410800
BANKNIFTY09JAN2032300CE.NFO,07/01/2020,09:16:10,48.9,48.8,200,49.4,140,660,410800
BANKNIFTY09JAN2032300CE.NFO,07/01/2020,09:16:11,49.05,49.1,100,49.55,20,4680,410800
BANKNIFTY09JAN2032300CE.NFO,07/01/2020,09:16:12,48,47.9,340,48,320,3700,410800
BANKNIFTY09JAN2032300CE.NFO,07/01/2020,09:16:13,47.05,47.05,80,47.55,40,1520,410800
BANKNIFTY09JAN2032300CE.NFO,07/01/2020,09:16:14,47,46.75,240,47.05,80,420,410800
BANKNIFTY09JAN2032300CE.NFO,07/01/2020,09:16:15,46.65,46.65,40,46.7,20,420,410800
BANKNIFTY09JAN2032300CE.NFO,07/01/2020,09:16:15,46.55,46.45,20,46.5,60,260,410800
BANKNIFTY09JAN2032300CE.NFO,07/01/2020,09:16:17,46.45,46.55,20,46.65,20,2120,410800
BANKNIFTY09JAN2032300CE.NFO,07/01/2020,09:16:18,46.4,46.55,20,46.95,20,2560,410800
BANKNIFTY09JAN2032300CE.NFO,07/01/2020,09:16:19,46.5,46.5,100,46.9,20,1300,410800
BANKNIFTY09JAN2032300CE.NFO,07/01/2020,09:16:19,46.9,47.3,20,47.5,20,1340,410800
BANKNIFTY09JAN2032300CE.NFO,07/01/2020,09:16:21,46.2,46,100,46.6,140,2040,410800
BANKNIFTY09JAN2032300CE.NFO,07/01/2020,09:16:22,46.65,46.45,180,46.7,60,2680,410800
BANKNIFTY09JAN2032300CE.NFO,07/01/2020,09:16:22,46.95,46.9,220,47.65,20,900,410800
BANKNIFTY09JAN2032300CE.NFO,07/01/2020,09:16:24,47.45,46.9,80,47.45,80,3140,410800
BANKNIFTY09JAN2032300CE.NFO,07/01/2020,09:16:25,47.15,46.9,20,47.2,160,2600,410800
BANKNIFTY09JAN2032300CE.NFO,07/01/2020,09:16:25,46.9,47,20,47.3,100,360,410800
BANKNIFTY09JAN2032300CE.NFO,07/01/2020,09:16:27,46.4,46.4,20,46.55,60,2140,410800
BANKNIFTY09JAN2032300CE.NFO,07/01/2020,09:16:28,46.65,46.65,540,47.05,40,2100,410800
BANKNIFTY09JAN2032300CE.NFO,07/01/2020,09:16:28,47.05,46.5,80,47.1,20,2060,410800
BANKNIFTY09JAN2032300CE.NFO,07/01/2020,09:16:30,46.9,46.5,160,46.9,160,1920,410800
BANKNIFTY09JAN2032300CE.NFO,07/01/2020,09:16:31,47,46.45,20,46.9,20,1780,410800
BANKNIFTY09JAN2032300CE.NFO,07/01/2020,09:16:32,47,46.75,20,47,20,2140,410800
BANKNIFTY09JAN2032300CE.NFO,07/01/2020,09:16:33,47.4,46.8,240,47.25,80,4500,410800
BANKNIFTY09JAN2032300CE.NFO,07/01/2020,09:16:34,47.4,46.9,160,47.35,20,520,410800
BANKNIFTY09JAN2032300CE.NFO,07/01/2020,09:16:35,47,46.65,300,47.05,40,500,410800
BANKNIFTY09JAN2032300CE.NFO,07/01/2020,09:16:36,47,46.85,260,47.25,20,780,410800
BANKNIFTY09JAN2032300CE.NFO,07/01/2020,09:16:37,46.95,46.5,60,46.6,20,940,410800
BANKNIFTY09JAN2032300CE.NFO,07/01/2020,09:16:38,47,46.6,260,47,2080,640,410800
BANKNIFTY09JAN2032300CE.NFO,07/01/2020,09:16:39,46.75,46.65,60,47,440,2420,410800
BANKNIFTY09JAN2032300CE.NFO,07/01/2020,09:16:40,47,46.7,180,46.95,60,160,410800
BANKNIFTY09JAN2032300CE.NFO,07/01/2020,09:16:41,47.25,47,240,47.4,20,1700,410800
BANKNIFTY09JAN2032300CE.NFO,07/01/2020,09:16:42,47.05,47.1,200,47.65,20,1740,410800
BANKNIFTY09JAN2032300CE.NFO,07/01/2020,09:16:42,47,47,1300,47.35,40,840,410800
BANKNIFTY09JAN2032300CE.NFO,07/01/2020,09:16:44,47.4,46.95,80,47.4,80,1800,410800
BANKNIFTY09JAN2032300CE.NFO,07/01/2020,09:16:45,47.2,47.15,20,47.6,80,520,410800
BANKNIFTY09JAN2032300CE.NFO,07/01/2020,09:16:46,47.25,46.9,180,47.35,20,3340,410800
BANKNIFTY09JAN2032300CE.NFO,07/01/2020,09:16:47,47.55,47.55,40,47.7,20,1560,410800
BANKNIFTY09JAN2032300CE.NFO,07/01/2020,09:16:48,48,47.65,20,48,1720,1780,410800
BANKNIFTY09JAN2032300CE.NFO,07/01/2020,09:16:49,47.95,47.7,100,47.95,20,900,410800
BANKNIFTY09JAN2032300CE.NFO,07/01/2020,09:16:50,48.05,48,100,48.35,60,1320,410800
BANKNIFTY09JAN2032300CE.NFO,07/01/2020,09:16:51,47,47.8,40,48,540,2900,410800
BANKNIFTY09JAN2032300CE.NFO,07/01/2020,09:16:52,48.15,47.75,40,48.25,100,1120,410800
BANKNIFTY09JAN2032300CE.NFO,07/01/2020,09:16:53,48.8,48.3,40,48.4,40,3180,410800
BANKNIFTY09JAN2032300CE.NFO,07/01/2020,09:16:53,48.05,48.35,40,48.55,40,200,410800
BANKNIFTY09JAN2032300CE.NFO,07/01/2020,09:16:54,48.45,48.5,40,48.8,20,860,410800
BANKNIFTY09JAN2032300CE.NFO,07/01/2020,09:16:56,49.1,48.8,60,49.3,120,1380,410800
BANKNIFTY09JAN2032300CE.NFO,07/01/2020,09:16:57,49,48.95,120,49.45,140,1000,410800
BANKNIFTY09JAN2032300CE.NFO,07/01/2020,09:16:57,49.3,48.9,120,49.35,40,1060,410800
BANKNIFTY09JAN2032300CE.NFO,07/01/2020,09:16:58,49.35,49.35,40,49.85,160,640,410800
BANKNIFTY09JAN2032300CE.NFO,07/01/2020,09:17:00,50,49.6,60,50,1940,3100,410800
BANKNIFTY09JAN2032300CE.NFO,07/01/2020,09:17:01,50.1,49.8,20,50.1,40,3440,410800
BANKNIFTY09JAN2032300CE.NFO,07/01/2020,09:17:02,49.75,49.6,80,49.95,160,3600,410800
BANKNIFTY09JAN2032300CE.NFO,07/01/2020,09:17:03,50.3,50,200,50.4,220,1000,410800
BANKNIFTY09JAN2032300CE.NFO,07/01/2020,09:17:03,50,49.8,40,50,920,1160,410800
BANKNIFTY09JAN2032300CE.NFO,07/01/2020,09:17:05,49.85,49.8,380,50.25,100,2680,410800
BANKNIFTY09JAN2032300CE.NFO,07/01/2020,09:17:06,50,49.8,200,50.25,40,1680,410800
BANKNIFTY09JAN2032300CE.NFO,07/01/2020,09:17:07,49.95,49.6,100,49.95,40,4160,410800
BANKNIFTY09JAN2032300CE.NFO,07/01/2020,09:17:08,49.85,49.35,20,49.85,180,3520,410800
BANKNIFTY09JAN2032300CE.NFO,07/01/2020,09:17:09,49.95,49.5,40,49.95,280,4640,436560
BANKNIFTY09JAN2032300CE.NFO,07/01/2020,09:17:09,49.45,49.5,40,49.95,60,440,436560
BANKNIFTY09JAN2032300CE.NFO,07/01/2020,09:17:11,49.95,49.55,100,49.95,240,2140,436560
BANKNIFTY09JAN2032300CE.NFO,07/01/2020,09:17:12,49.85,49.55,40,49.85,80,1980,436560
BANKNIFTY09JAN2032300CE.NFO,07/01/2020,09:17:13,49.75,49.7,320,50.25,60,1720,436560
BANKNIFTY09JAN2032300CE.NFO,07/01/2020,09:17:14,49,49,220,49.5,260,1840,436560
BANKNIFTY09JAN2032300CE.NFO,07/01/2020,09:17:14,49.1,49.1,60,49.45,20,1460,436560
BANKNIFTY09JAN2032300CE.NFO,07/01/2020,09:17:15,49,48.85,40,49.3,120,1860,436560
BANKNIFTY09JAN2032300CE.NFO,07/01/2020,09:17:17,49,48.55,40,48.95,80,1520,436560
BANKNIFTY09JAN2032300CE.NFO,07/01/2020,09:17:18,48.35,48.4,180,48.8,140,3220,436560
BANKNIFTY09JAN2032300CE.NFO,07/01/2020,09:17:19,48.25,48.25,20,48.65,40,1840,436560
BANKNIFTY09JAN2032300CE.NFO,07/01/2020,09:17:20,47.95,48,40,48.5,640,3540,436560
BANKNIFTY09JAN2032300CE.NFO,07/01/2020,09:17:21,48.2,47.85,120,48.45,40,1260,436560
BANKNIFTY09JAN2032300CE.NFO,07/01/2020,09:17:21,48,47.85,140,48.3,40,80,436560
BANKNIFTY09JAN2032300CE.NFO,07/01/2020,09:17:23,48.15,48.05,20,48.2,40,1520,436560
BANKNIFTY09JAN2032300CE.NFO,07/01/2020,09:17:24,48.15,48,200,48.5,100,1340,436560
BANKNIFTY09JAN2032300CE.NFO,07/01/2020,09:17:24,48.15,48.1,40,48.3,60,300,436560
BANKNIFTY09JAN2032300CE.NFO,07/01/2020,09:17:26,48.2,47.65,20,48.2,200,2120,436560
BANKNIFTY09JAN2032300CE.NFO,07/01/2020,09:17:27,47.2,47.15,120,47.6,20,960,436560
BANKNIFTY09JAN2032300CE.NFO,07/01/2020,09:17:27,47.7,47.05,20,47.5,20,1300,436560
BANKNIFTY09JAN2032300CE.NFO,07/01/2020,09:17:29,46.2,46.2,80,46.8,120,2100,436560
BANKNIFTY09JAN2032300CE.NFO,07/01/2020,09:17:30,46.55,46.1,40,46.5,20,1200,436560
BANKNIFTY09JAN2032300CE.NFO,07/01/2020,09:17:30,46.7,46.05,320,46.7,80,520,436560
BANKNIFTY09JAN2032300CE.NFO,07/01/2020,09:17:32,45.4,45.45,100,45.85,180,2680,436560
BANKNIFTY09JAN2032300CE.NFO,07/01/2020,09:17:33,45.4,45,1520,45.25,60,1620,436560
BANKNIFTY09JAN2032300CE.NFO,07/01/2020,09:17:34,44.65,44.2,40,44.6,100,2160,436560
BANKNIFTY09JAN2032300CE.NFO,07/01/2020,09:17:35,44.75,44.65,20,44.95,20,700,436560
BANKNIFTY09JAN2032300CE.NFO,07/01/2020,09:17:36,44.25,44.25,420,44.45,20,1020,436560
BANKNIFTY09JAN2032300CE.NFO,07/01/2020,09:17:37,43.85,43.7,260,43.95,60,1160,436560
BANKNIFTY09JAN2032300CE.NFO,07/01/2020,09:17:38,43.35,43.45,20,43.9,20,760,436560
BANKNIFTY09JAN2032300CE.NFO,07/01/2020,09:17:39,43.55,43.25,40,43.85,40,2060,436560
BANKNIFTY09JAN2032300CE.NFO,07/01/2020,09:17:40,43.45,43,20,43.45,100,1760,436560
BANKNIFTY09JAN2032300CE.NFO,07/01/2020,09:17:40,43.45,43,120,43.35,40,0,436560
BANKNIFTY09JAN2032300CE.NFO,07/01/2020,09:17:42,42.85,42.5,100,42.85,20,2660,436560
BANKNIFTY09JAN2032300CE.NFO,07/01/2020,09:17:43,42.25,42.15,40,42.65,20,660,436560
BANKNIFTY09JAN2032300CE.NFO,07/01/2020,09:17:44,42.55,42.2,340,42.55,20,2280,436560
BANKNIFTY09JAN2032300CE.NFO,07/01/2020,09:17:45,42.4,42.05,120,42.45,140,1120,436560
BANKNIFTY09JAN2032300CE.NFO,07/01/2020,09:17:46,42.7,42.35,40,42.7,20,4460,436560
BANKNIFTY09JAN2032300CE.NFO,07/01/2020,09:17:47,42.55,42.35,240,42.7,20,840,436560
BANKNIFTY09JAN2032300CE.NFO,07/01/2020,09:17:48,42.65,42.35,100,42.75,360,560,436560
BANKNIFTY09JAN2032300CE.NFO,07/01/2020,09:17:48,42.25,42.2,260,42.65,20,420,436560
BANKNIFTY09JAN2032300CE.NFO,07/01/2020,09:17:49,41.75,41.75,60,42.05,40,880,436560
BANKNIFTY09JAN2032300CE.NFO,07/01/2020,09:17:50,41.9,41.75,60,42.15,280,180,436560
BANKNIFTY09JAN2032300CE.NFO,07/01/2020,09:17:51,41.6,41.35,20,41.55,40,900,436560
BANKNIFTY09JAN2032300CE.NFO,07/01/2020,09:17:53,41,40.9,260,41.4,40,2240,436560
BANKNIFTY09JAN2032300CE.NFO,07/01/2020,09:17:54,41.55,41.25,40,41.9,60,2840,436560
BANKNIFTY09JAN2032300CE.NFO,07/01/2020,09:17:55,41.9,41,40,41.45,20,20,436560
BANKNIFTY09JAN2032300CE.NFO,07/01/2020,09:17:56,41.55,41.45,260,41.75,40,620,436560
BANKNIFTY09JAN2032300CE.NFO,07/01/2020,09:17:56,41.3,41.35,100,41.65,40,200,436560
BANKNIFTY09JAN2032300CE.NFO,07/01/2020,09:17:58,41.9,42.05,20,42.35,20,2280,436560
BANKNIFTY09JAN2032300CE.NFO,07/01/2020,09:17:58,42.55,41.95,20,42.4,40,1160,436560
BANKNIFTY09JAN2032300CE.NFO,07/01/2020,09:17:59,42.35,42.05,40,42.4,20,1860,436560
BANKNIFTY09JAN2032300CE.NFO,07/01/2020,09:18:01,43,42.7,100,43,320,1820,436560
BANKNIFTY09JAN2032300CE.NFO,07/01/2020,09:18:02,43.55,43.2,40,43.5,120,600,436560
BANKNIFTY09JAN2032300CE.NFO,07/01/2020,09:18:03,44.35,43.95,20,44.35,100,440,436560
BANKNIFTY09JAN2032300CE.NFO,07/01/2020,09:18:03,44.55,44.1,180,44.6,40,380,436560
BANKNIFTY09JAN2032300CE.NFO,07/01/2020,09:18:05,45.25,44.75,160,45.25,100,3020,436560
BANKNIFTY09JAN2032300CE.NFO,07/01/2020,09:18:06,45.75,45.25,120,45.75,40,680,436560
BANKNIFTY09JAN2032300CE.NFO,07/01/2020,09:18:07,45.55,45.5,300,45.8,20,520,436560
BANKNIFTY09JAN2032300CE.NFO,07/01/2020,09:18:07,46,45.8,20,46.1,60,700,436560
BANKNIFTY09JAN2032300CE.NFO,07/01/2020,09:18:09,46.15,45.8,60,46.35,60,1400,436560
BANKNIFTY09JAN2032300CE.NFO,07/01/2020,09:18:10,46.05,46,20,46.35,20,460,436560
BANKNIFTY09JAN2032300CE.NFO,07/01/2020,09:18:11,46.8,46.45,20,46.95,100,380,436560
BANKNIFTY09JAN2032300CE.NFO,07/01/2020,09:18:12,46.65,46.7,220,47.15,20,880,436560
BANKNIFTY09JAN2032300CE.NFO,07/01/2020,09:18:13,47.2,46.75,100,47.2,40,760,436560
BANKNIFTY09JAN2032300CE.NFO,07/01/2020,09:18:14,47.05,46.6,400,47.05,40,360,436560
BANKNIFTY09JAN2032300CE.NFO,07/01/2020,09:18:15,47.05,47.05,20,47.25,60,400,436560
BANKNIFTY09JAN2032300CE.NFO,07/01/2020,09:18:16,47.05,47.05,20,47.4,80,660,436560
BANKNIFTY09JAN2032300CE.NFO,07/01/2020,09:18:17,47.75,47.25,40,47.75,80,1160,436560
BANKNIFTY09JAN2032300CE.NFO,07/01/2020,09:18:17,47.5,47.5,200,47.7,20,1740,436560
BANKNIFTY09JAN2032300CE.NFO,07/01/2020,09:18:19,47.6,47.65,40,48.1,20,1260,436560
BANKNIFTY09JAN2032300CE.NFO,07/01/2020,09:18:20,47.8,47.8,100,48.1,20,2140,436560
BANKNIFTY09JAN2032300CE.NFO,07/01/2020,09:18:21,48.45,48.2,40,48.5,20,460,436560
BANKNIFTY09JAN2032300CE.NFO,07/01/2020,09:18:22,48.8,48.4,60,48.85,20,460,436560
BANKNIFTY09JAN2032300CE.NFO,07/01/2020,09:18:23,48.6,48.6,20,49.2,200,800,436560
BANKNIFTY09JAN2032300CE.NFO,07/01/2020,09:18:24,49,48.55,40,49.1,40,2820,436560
BANKNIFTY09JAN2032300CE.NFO,07/01/2020,09:18:25,49.4,49.1,100,49.4,180,780,436560
BANKNIFTY09JAN2032300CE.NFO,07/01/2020,09:18:26,49.4,49.1,300,49.25,80,200,436560
BANKNIFTY09JAN2032300CE.NFO,07/01/2020,09:18:27,49.15,49.1,280,49.5,100,900,436560
BANKNIFTY09JAN2032300CE.NFO,07/01/2020,09:18:28,49.65,49.35,60,49.75,120,760,436560
BANKNIFTY09JAN2032300CE.NFO,07/01/2020,09:18:28,49.65,49.05,20,49.5,60,1200,436560
BANKNIFTY09JAN2032300CE.NFO,07/01/2020,09:18:30,49.5,49.4,240,49.9,220,520,436560
BANKNIFTY09JAN2032300CE.NFO,07/01/2020,09:18:31,49.45,49.4,80,49.8,60,540,436560
BANKNIFTY09JAN2032300CE.NFO,07/01/2020,09:18:32,49.7,49.25,340,49.7,60,2380,436560
BANKNIFTY09JAN2032300CE.NFO,07/01/2020,09:18:33,49.3,49.2,200,49.45,20,640,436560
BANKNIFTY09JAN2032300CE.NFO,07/01/2020,09:18:33,49.6,49.15,80,49.55,60,280,436560
BANKNIFTY09JAN2032300CE.NFO,07/01/2020,09:18:35,49,49,240,49.3,20,2720,436560
BANKNIFTY09JAN2032300CE.NFO,07/01/2020,09:18:36,48.5,48.1,80,48.55,20,1820,436560
BANKNIFTY09JAN2032300CE.NFO,07/01/2020,09:18:37,48.15,47.95,20,48.3,80,100,436560
BANKNIFTY09JAN2032300CE.NFO,07/01/2020,09:18:38,47.9,47.65,60,48.1,340,260,436560
BANKNIFTY09JAN2032300CE.NFO,07/01/2020,09:18:39,47.3,47.2,60,47.65,300,940,436560
BANKNIFTY09JAN2032300CE.NFO,07/01/2020,09:18:39,47.6,47.2,60,47.6,360,180,436560
BANKNIFTY09JAN2032300CE.NFO,07/01/2020,09:18:41,47,46.25,300,46.75,300,560,436560
BANKNIFTY09JAN2032300CE.NFO,07/01/2020,09:18:42,46.15,46.15,160,46.5,240,380,436560
BANKNIFTY09JAN2032300CE.NFO,07/01/2020,09:18:43,46.15,46.05,160,46.25,80,540,436560
BANKNIFTY09JAN2032300CE.NFO,07/01/2020,09:18:44,46.5,46.35,280,46.6,80,1160,436560
BANKNIFTY09JAN2032300CE.NFO,07/01/2020,09:18:44,46.6,46.65,120,47.05,60,600,436560
BANKNIFTY09JAN2032300CE.NFO,07/01/2020,09:18:46,47.15,47,160,47.1,20,880,436560
BANKNIFTY09JAN2032300CE.NFO,07/01/2020,09:18:47,46.65,46.85,300,47.25,120,460,436560
BANKNIFTY09JAN2032300CE.NFO,07/01/2020,09:18:48,47,46.6,20,46.85,40,340,436560
BANKNIFTY09JAN2032300CE.NFO,07/01/2020,09:18:49,46.9,46.55,300,46.85,20,480,436560
BANKNIFTY09JAN2032300CE.NFO,07/01/2020,09:18:49,46.65,46.55,20,46.95,60,1260,436560
BANKNIFTY09JAN2032300CE.NFO,07/01/2020,09:18:51,46.55,46.3,120,46.55,20,720,436560
BANKNIFTY09JAN2032300CE.NFO,07/01/2020,09:18:52,46.35,46,160,46.3,40,700,436560
BANKNIFTY09JAN2032300CE.NFO,07/01/2020,09:18:53,46.05,46.05,540,46.35,80,520,436560
BANKNIFTY09JAN2032300CE.NFO,07/01/2020,09:18:53,46.35,46.05,60,46.35,40,480,436560
BANKNIFTY09JAN2032300CE.NFO,07/01/2020,09:18:55,46.15,45.75,20,45.95,40,840,436560
BANKNIFTY09JAN2032300CE.NFO,07/01/2020,09:18:56,45.7,45.75,40,46,160,260,436560
BANKNIFTY09JAN2032300CE.NFO,07/01/2020,09:18:57,46,45.6,260,46,740,600,436560
BANKNIFTY09JAN2032300CE.NFO,07/01/2020,09:18:58,45.7,45.8,80,46,40,900,436560
BANKNIFTY09JAN2032300CE.NFO,07/01/2020,09:18:59,46.45,46.15,400,46.55,200,780,436560
BANKNIFTY09JAN2032300CE.NFO,07/01/2020,09:19:00,46.15,46.2,20,46.4,40,160,436560
BANKNIFTY09JAN2032300CE.NFO,07/01/2020,09:19:01,46.25,46.25,60,46.45,60,400,436560
BANKNIFTY09JAN2032300CE.NFO,07/01/2020,09:19:01,46.45,46.25,60,46.45,20,60,436560
BANKNIFTY09JAN2032300CE.NFO,07/01/2020,09:19:03,46.45,46.15,40,46.45,160,200,436560
BANKNIFTY09JAN2032300CE.NFO,07/01/2020,09:19:04,46.15,45.8,200,46.1,20,760,436560
BANKNIFTY09JAN2032300CE.NFO,07/01/2020,09:19:05,45.8,45.75,240,46.05,60,140,436560
BANKNIFTY09JAN2032300CE.NFO,07/01/2020,09:19:06,45.5,45.45,260,45.75,40,300,436560
BANKNIFTY09JAN2032300CE.NFO,07/01/2020,09:19:07,45.65,45.6,60,45.85,20,120,436560
BANKNIFTY09JAN2032300CE.NFO,07/01/2020,09:19:08,45.8,45.8,260,46,20,460,436560
BANKNIFTY09JAN2032300CE.NFO,07/01/2020,09:19:09,46.1,46.1,20,46.4,360,1180,436560
BANKNIFTY09JAN2032300CE.NFO,07/01/2020,09:19:09,46,46,180,46.3,80,40,436560
BANKNIFTY09JAN2032300CE.NFO,07/01/2020,09:19:11,46.1,45.9,300,46.05,40,920,436560
BANKNIFTY09JAN2032300CE.NFO,07/01/2020,09:19:12,46.25,46.15,220,46.5,400,840,436560
BANKNIFTY09JAN2032300CE.NFO,07/01/2020,09:19:13,46.25,46.3,180,46.55,200,560,436560
BANKNIFTY09JAN2032300CE.NFO,07/01/2020,09:19:14,46.65,46.45,40,46.6,80,2260,436560
BANKNIFTY09JAN2032300CE.NFO,07/01/2020,09:19:15,47.25,46.9,20,47.25,100,2960,436560
BANKNIFTY09JAN2032300CE.NFO,07/01/2020,09:19:16,47.65,47.6,80,47.95,40,2400,436560
BANKNIFTY09JAN2032300CE.NFO,07/01/2020,09:19:16,47.45,47.5,460,47.9,20,520,436560
BANKNIFTY09JAN2032300CE.NFO,07/01/2020,09:19:18,48.45,48.15,20,48.4,60,1980,436560
BANKNIFTY09JAN2032300CE.NFO,07/01/2020,09:19:19,48.15,48.1,100,48.45,340,1160,436560
BANKNIFTY09JAN2032300CE.NFO,07/01/2020,09:19:20,48.5,48.2,80,48.5,380,80,436560
BANKNIFTY09JAN2032300CE.NFO,07/01/2020,09:19:21,47.85,47.55,80,47.85,20,840,436560
BANKNIFTY09JAN2032300CE.NFO,07/01/2020,09:19:22,47.75,47.8,60,48.1,240,780,436560
BANKNIFTY09JAN2032300CE.NFO,07/01/2020,09:19:23,48,47.95,80,48.05,20,380,436560
BANKNIFTY09JAN2032300CE.NFO,07/01/2020,09:19:23,48.5,47.95,440,48.2,20,1420,436560
BANKNIFTY09JAN2032300CE.NFO,07/01/2020,09:19:25,48.3,48.1,500,48.35,40,240,436560
BANKNIFTY09JAN2032300CE.NFO,07/01/2020,09:19:26,48.1,47.8,160,48.15,40,1320,436560
BANKNIFTY09JAN2032300CE.NFO,07/01/2020,09:19:27,47.9,47.85,60,48.1,20,1240,436560
BANKNIFTY09JAN2032300CE.NFO,07/01/2020,09:19:28,48,47.6,460,48,200,520,436560
BANKNIFTY09JAN2032300CE.NFO,07/01/2020,09:19:28,48,47.65,460,48,140,240,436560
BANKNIFTY09JAN2032300CE.NFO,07/01/2020,09:19:30,47.7,47.55,180,47.85,560,240,436560
BANKNIFTY09JAN2032300CE.NFO,07/01/2020,09:19:31,47.9,47.5,40,47.85,60,840,436560
BANKNIFTY09JAN2032300CE.NFO,07/01/2020,09:19:32,47.15,47.15,60,47.5,20,2280,436560
BANKNIFTY09JAN2032300CE.NFO,07/01/2020,09:19:33,46.95,46.75,40,47.15,60,4240,436560
BANKNIFTY09JAN2032300CE.NFO,07/01/2020,09:19:33,47.15,46.7,20,47,300,100,436560
BANKNIFTY09JAN2032300CE.NFO,07/01/2020,09:19:35,46.6,46.35,20,46.6,320,1900,436560
BANKNIFTY09JAN2032300CE.NFO,07/01/2020,09:19:36,46,46,80,46.3,320,1660,436560
BANKNIFTY09JAN2032300CE.NFO,07/01/2020,09:19:37,45.9,45.7,20,46,200,520,436560
BANKNIFTY09JAN2032300CE.NFO,07/01/2020,09:19:38,46.05,45.8,60,46.05,260,2800,436560
BANKNIFTY09JAN2032300CE.NFO,07/01/2020,09:19:38,46.05,45.95,160,46.05,60,80,436560
BANKNIFTY09JAN2032300CE.NFO,07/01/2020,09:19:40,45.85,45.65,60,45.85,20,440,436560
BANKNIFTY09JAN2032300CE.NFO,07/01/2020,09:19:41,45.8,45.9,20,46.2,320,2640,436560
BANKNIFTY09JAN2032300CE.NFO,07/01/2020,09:19:42,46.3,46.25,200,46.4,1580,1200,436560
BANKNIFTY09JAN2032300CE.NFO,07/01/2020,09:19:43,46.75,46.6,440,46.75,1080,2020,436560
BANKNIFTY09JAN2032300CE.NFO,07/01/2020,09:19:43,46.75,46.6,440,46.75,580,500,436560
BANKNIFTY09JAN2032300CE.NFO,07/01/2020,09:19:45,47.05,47.1,40,47.4,40,900,436560
BANKNIFTY09JAN2032300CE.NFO,07/01/2020,09:19:46,47.2,47.2,60,47.5,180,620,436560
BANKNIFTY09JAN2032300CE.NFO,07/01/2020,09:19:47,46.7,46.6,120,46.9,280,800,436560
BANKNIFTY09JAN2032300CE.NFO,07/01/2020,09:19:48,46.75,46.55,200,46.9,20,620,436560
BANKNIFTY09JAN2032300CE.NFO,07/01/2020,09:19:48,46.75,46.7,60,47.1,60,0,436560
BANKNIFTY09JAN2032300CE.NFO,07/01/2020,09:19:50,46.8,46.8,40,47,40,620,436560
BANKNIFTY09JAN2032300CE.NFO,07/01/2020,09:19:51,47.15,46.8,260,47.15,80,720,436560
BANKNIFTY09JAN2032300CE.NFO,07/01/2020,09:19:52,46.9,47.1,100,47.45,140,640,436560
BANKNIFTY09JAN2032300CE.NFO,07/01/2020,09:19:53,46.75,46.65,280,47,40,520,436560
BANKNIFTY09JAN2032300CE.NFO,07/01/2020,09:19:53,46.75,46.8,420,47.05,20,0,436560
BANKNIFTY09JAN2032300CE.NFO,07/01/2020,09:19:55,46.95,46.75,200,47.15,80,1060,436560
BANKNIFTY09JAN2032300CE.NFO,07/01/2020,09:19:56,46.85,46.65,80,47,140,740,436560
BANKNIFTY09JAN2032300CE.NFO,07/01/2020,09:19:57,46.5,46.4,80,46.75,380,2560,436560
BANKNIFTY09JAN2032300CE.NFO,07/01/2020,09:19:58,46.55,46.5,40,46.7,140,580,436560
BANKNIFTY09JAN2032300CE.NFO,07/01/2020,09:19:58,46.75,46.55,20,46.75,60,60,436560
BANKNIFTY09JAN2032300CE.NFO,07/01/2020,09:20:00,46.25,46.15,140,46.3,20,560,436560
BANKNIFTY09JAN2032300CE.NFO,07/01/2020,09:20:01,46.25,46.2,260,46.55,60,3640,436560
BANKNIFTY09JAN2032300CE.NFO,07/01/2020,09:20:02,46.7,46.65,40,46.95,60,980,436560
BANKNIFTY09JAN2032300CE.NFO,07/01/2020,09:20:03,46.75,46.7,80,47,1720,3640,436560
BANKNIFTY09JAN2032300CE.NFO,07/01/2020,09:20:04,47,46.95,160,47,20,1920,436560
BANKNIFTY09JAN2032300CE.NFO,07/01/2020,09:20:05,47,46.6,300,47,80,900,436560
BANKNIFTY09JAN2032300CE.NFO,07/01/2020,09:20:06,47,47,200,47.5,420,540,436560
BANKNIFTY09JAN2032300CE.NFO,07/01/2020,09:20:07,46.7,46.25,100,46.65,320,600,436560
BANKNIFTY09JAN2032300CE.NFO,07/01/2020,09:20:07,46.7,46.3,40,46.65,20,0,436560
BANKNIFTY09JAN2032300CE.NFO,07/01/2020,09:20:09,46.4,46,360,46.45,280,220,436560
BANKNIFTY09JAN2032300CE.NFO,07/01/2020,09:20:10,46.25,46,280,46.3,140,280,452960
BANKNIFTY09JAN2032300CE.NFO,07/01/2020,09:20:11,46.55,46,60,46.35,280,780,452960
BANKNIFTY09JAN2032300CE.NFO,07/01/2020,09:20:12,45.95,45.85,20,46.25,20,940,452960
BANKNIFTY09JAN2032300CE.NFO,07/01/2020,09:20:13,45.95,45.75,40,46.2,300,640,452960
BANKNIFTY09JAN2032300CE.NFO,07/01/2020,09:20:14,45.95,45.7,60,45.95,60,280,452960
BANKNIFTY09JAN2032300CE.NFO,07/01/2020,09:20:15,45.95,45.7,340,46.2,200,620,452960
BANKNIFTY09JAN2032300CE.NFO,07/01/2020,09:20:16,46.1,45.95,20,46.15,80,560,452960
BANKNIFTY09JAN2032300CE.NFO,07/01/2020,09:20:17,45.8,45.7,180,45.95,80,460,452960
BANKNIFTY09JAN2032300CE.NFO,07/01/2020,09:20:18,45.95,45.75,180,46.1,120,300,452960
BANKNIFTY09JAN2032300CE.NFO,07/01/2020,09:20:19,45.75,45.75,60,46.1,60,240,452960
BANKNIFTY09JAN2032300CE.NFO,07/01/2020,09:20:20,46,45.7,80,45.95,40,400,452960
BANKNIFTY09JAN2032300CE.NFO,07/01/2020,09:20:21,45.85,45.45,20,45.9,220,1080,452960
BANKNIFTY09JAN2032300CE.NFO,07/01/2020,09:20:22,45.5,45.45,280,45.85,60,900,452960
BANKNIFTY09JAN2032300CE.NFO,07/01/2020,09:20:23,45.75,45.75,40,46.05,140,4020,452960
BANKNIFTY09JAN2032300CE.NFO,07/01/2020,09:20:24,46.45,46.1,40,46.5,40,660,452960
BANKNIFTY09JAN2032300CE.NFO,07/01/2020,09:20:25,46.1,46.1,260,46.5,60,80,452960
BANKNIFTY09JAN2032300CE.NFO,07/01/2020,09:20:26,45.8,45.8,40,46.25,380,1020,452960
BANKNIFTY09JAN2032300CE.NFO,07/01/2020,09:20:27,46.15,46,60,46.4,300,460,452960
BANKNIFTY09JAN2032300CE.NFO,07/01/2020,09:20:28,46.3,46.15,40,46.5,260,220,452960
BANKNIFTY09JAN2032300CE.NFO,07/01/2020,09:20:29,46.5,46.35,40,46.5,80,60,452960
BANKNIFTY09JAN2032300CE.NFO,07/01/2020,09:20:30,46.45,46.3,40,46.55,40,840,452960
BANKNIFTY09JAN2032300CE.NFO,07/01/2020,09:20:31,47,46.75,40,46.95,80,380,452960
BANKNIFTY09JAN2032300CE.NFO,07/01/2020,09:20:32,46.8,46.6,300,46.95,100,540,452960
BANKNIFTY09JAN2032300CE.NFO,07/01/2020,09:20:33,46.95,46.9,20,46.95,480,580,452960
BANKNIFTY09JAN2032300CE.NFO,07/01/2020,09:20:34,46.3,46.3,20,46.5,80,2240,452960
BANKNIFTY09JAN2032300CE.NFO,07/01/2020,09:20:35,46.5,46.35,200,46.65,20,640,452960
BANKNIFTY09JAN2032300CE.NFO,07/01/2020,09:20:36,46.5,46.7,40,47,980,400,452960
BANKNIFTY09JAN2032300CE.NFO,07/01/2020,09:20:37,46.55,46.5,200,46.7,20,1100,452960
BANKNIFTY09JAN2032300CE.NFO,07/01/2020,09:20:38,46.85,46.8,20,47.2,180,1040,452960
BANKNIFTY09JAN2032300CE.NFO,07/01/2020,09:20:39,47.2,47.2,280,47.35,60,120,452960
BANKNIFTY09JAN2032300CE.NFO,07/01/2020,09:20:40,47,46.95,260,47.3,280,180,452960
BANKNIFTY09JAN2032300CE.NFO,07/01/2020,09:20:41,46.7,46.6,40,46.8,20,440,452960
BANKNIFTY09JAN2032300CE.NFO,07/01/2020,09:20:41,46.55,46.45,140,46.75,60,100,452960
BANKNIFTY09JAN2032300CE.NFO,07/01/2020,09:20:43,46.9,46.75,20,47,360,480,452960
BANKNIFTY09JAN2032300CE.NFO,07/01/2020,09:20:44,47.25,47.2,140,47.35,20,1420,452960
BANKNIFTY09JAN2032300CE.NFO,07/01/2020,09:20:45,47.45,47.2,20,47.5,60,520,452960
BANKNIFTY09JAN2032300CE.NFO,07/01/2020,09:20:46,47.75,47.5,60,47.75,20,520,452960
BANKNIFTY09JAN2032300CE.NFO,07/01/2020,09:20:46,47.75,47.6,260,47.9,100,20,452960
BANKNIFTY09JAN2032300CE.NFO,07/01/2020,09:20:48,47.75,47.8,260,47.95,20,140,452960
BANKNIFTY09JAN2032300CE.NFO,07/01/2020,09:20:49,47.7,47.65,140,47.9,300,1360,452960
BANKNIFTY09JAN2032300CE.NFO,07/01/2020,09:20:50,47.75,47.75,200,48.1,140,720,452960
BANKNIFTY09JAN2032300CE.NFO,07/01/2020,09:20:51,48,47.8,140,48.15,40,360,452960
BANKNIFTY09JAN2032300CE.NFO,07/01/2020,09:20:52,48,48.05,20,48.25,40,640,452960
BANKNIFTY09JAN2032300CE.NFO,07/01/2020,09:20:53,48.45,48.4,40,48.5,280,660,452960
BANKNIFTY09JAN2032300CE.NFO,07/01/2020,09:20:54,48.25,48.35,20,48.6,340,900,452960
BANKNIFTY09JAN2032300CE.NFO,07/01/2020,09:20:55,48.3,48.3,60,48.5,60,1120,452960
BANKNIFTY09JAN2032300CE.NFO,07/01/2020,09:20:56,48.3,48.15,60,48.45,60,420,452960
BANKNIFTY09JAN2032300CE.NFO,07/01/2020,09:20:57,47.9,47.8,260,48.1,100,3900,452960
BANKNIFTY09JAN2032300CE.NFO,07/01/2020,09:20:58,48,47.8,260,48.05,220,940,452960
BANKNIFTY09JAN2032300CE.NFO,07/01/2020,09:20:59,47.9,47.75,60,47.95,80,1360,452960
BANKNIFTY09JAN2032300CE.NFO,07/01/2020,09:21:00,47.55,47.6,80,47.95,60,1040,452960
BANKNIFTY09JAN2032300CE.NFO,07/01/2020,09:21:01,47.5,47.25,20,47.5,1380,2180,452960
BANKNIFTY09JAN2032300CE.NFO,07/01/2020,09:21:02,46.85,46.55,20,46.85,40,2200,452960
BANKNIFTY09JAN2032300CE.NFO,07/01/2020,09:21:03,46.75,46.5,180,46.75,80,1020,452960
BANKNIFTY09JAN2032300CE.NFO,07/01/2020,09:21:04,46.75,46.75,200,46.95,160,1140,452960
BANKNIFTY09JAN2032300CE.NFO,07/01/2020,09:21:05,46.95,46.65,80,46.95,20,720,452960
BANKNIFTY09JAN2032300CE.NFO,07/01/2020,09:21:06,46.7,46.7,360,47,20,540,452960
BANKNIFTY09JAN2032300CE.NFO,07/01/2020,09:21:07,46.8,46.5,240,46.9,20,1540,452960
BANKNIFTY09JAN2032300CE.NFO,07/01/2020,09:21:08,47.05,47,20,47.25,40,440,452960
BANKNIFTY09JAN2032300CE.NFO,07/01/2020,09:21:09,47.5,47.6,60,47.9,60,1080,452960
BANKNIFTY09JAN2032300CE.NFO,07/01/2020,09:21:10,47.65,47.8,80,47.95,40,1140,452960
BANKNIFTY09JAN2032300CE.NFO,07/01/2020,09:21:11,48.2,48.05,60,48.15,40,2980,452960
BANKNIFTY09JAN2032300CE.NFO,07/01/2020,09:21:12,48.2,48.1,100,48.35,260,1100,452960
BANKNIFTY09JAN2032300CE.NFO,07/01/2020,09:21:13,48.65,48.55,220,48.75,20,400,452960
BANKNIFTY09JAN2032300CE.NFO,07/01/2020,09:21:14,48.5,48.45,40,48.7,280,840,452960
BANKNIFTY09JAN2032300CE.NFO,07/01/2020,09:21:15,48.45,48.35,60,48.5,40,2020,452960
BANKNIFTY09JAN2032300CE.NFO,07/01/2020,09:21:16,47.95,47.95,20,48.15,40,2340,452960
BANKNIFTY09JAN2032300CE.NFO,07/01/2020,09:21:17,48.65,48.45,20,48.65,20,2880,452960
BANKNIFTY09JAN2032300CE.NFO,07/01/2020,09:21:18,48.4,48.3,180,48.55,100,220,452960
BANKNIFTY09JAN2032300CE.NFO,07/01/2020,09:21:19,48.65,48.65,140,48.8,20,840,452960
BANKNIFTY09JAN2032300CE.NFO,07/01/2020,09:21:20,48.75,48.6,20,48.95,60,600,452960
BANKNIFTY09JAN2032300CE.NFO,07/01/2020,09:21:21,48.75,48.45,60,48.7,60,260,452960
BANKNIFTY09JAN2032300CE.NFO,07/01/2020,09:21:22,48.45,48.15,60,48.45,300,520,452960
BANKNIFTY09JAN2032300CE.NFO,07/01/2020,09:21:23,47.8,47.75,200,48,260,900,452960
BANKNIFTY09JAN2032300CE.NFO,07/01/2020,09:21:24,47.8,47.55,80,47.85,140,1320,452960
BANKNIFTY09JAN2032300CE.NFO,07/01/2020,09:21:25,47.7,47.45,180,47.75,260,940,452960
BANKNIFTY09JAN2032300CE.NFO,07/01/2020,09:21:26,47.5,47.25,40,47.6,140,1280,452960
BANKNIFTY09JAN2032300CE.NFO,07/01/2020,09:21:27,47.55,47.5,20,47.9,400,920,452960
BANKNIFTY09JAN2032300CE.NFO,07/01/2020,09:21:28,47.4,47.45,320,47.7,80,3780,452960
BANKNIFTY09JAN2032300CE.NFO,07/01/2020,09:21:29,47.65,47.3,60,47.6,340,420,452960
BANKNIFTY09JAN2032300CE.NFO,07/01/2020,09:21:30,47.2,47.05,20,47.25,60,660,452960
BANKNIFTY09JAN2032300CE.NFO,07/01/2020,09:21:31,46.65,46.6,380,46.95,160,2900,452960
BANKNIFTY09JAN2032300CE.NFO,07/01/2020,09:21:32,46.85,46.6,200,46.95,300,2240,452960
BANKNIFTY09JAN2032300CE.NFO,07/01/2020,09:21:33,46.9,46.75,160,47.05,80,1080,452960
BANKNIFTY09JAN2032300CE.NFO,07/01/2020,09:21:34,47,46.75,440,47.1,40,900,452960
BANKNIFTY09JAN2032300CE.NFO,07/01/2020,09:21:35,46.75,46.7,100,46.9,140,640,452960
BANKNIFTY09JAN2032300CE.NFO,07/01/2020,09:21:36,46.8,46.5,200,46.8,40,400,452960
BANKNIFTY09JAN2032300CE.NFO,07/01/2020,09:21:37,46.65,46.45,240,46.75,60,820,452960
BANKNIFTY09JAN2032300CE.NFO,07/01/2020,09:21:38,46.9,46.75,60,47.05,120,880,452960
BANKNIFTY09JAN2032300CE.NFO,07/01/2020,09:21:39,46.55,46.4,180,46.7,140,300,452960
BANKNIFTY09JAN2032300CE.NFO,07/01/2020,09:21:40,47.15,46.9,20,47.15,360,2440,452960
BANKNIFTY09JAN2032300CE.NFO,07/01/2020,09:21:41,47.05,46.95,80,47.15,260,380,452960
BANKNIFTY09JAN2032300CE.NFO,07/01/2020,09:21:42,47.5,47.6,20,47.75,160,980,452960
BANKNIFTY09JAN2032300CE.NFO,07/01/2020,09:21:43,48.35,48.35,20,48.6,440,1740,452960
BANKNIFTY09JAN2032300CE.NFO,07/01/2020,09:21:44,48.35,48.2,120,48.4,20,300,452960
BANKNIFTY09JAN2032300CE.NFO,07/01/2020,09:21:45,48.65,48.5,340,48.75,80,1760,452960
BANKNIFTY09JAN2032300CE.NFO,07/01/2020,09:21:46,48.75,48.8,300,49.15,20,2380,452960
BANKNIFTY09JAN2032300CE.NFO,07/01/2020,09:21:47,48.8,48.7,200,49.1,380,3420,452960
BANKNIFTY09JAN2032300CE.NFO,07/01/2020,09:21:48,48.6,48.45,80,48.7,60,2120,452960
BANKNIFTY09JAN2032300CE.NFO,07/01/2020,09:21:48,48.6,48.45,20,48.65,80,0,452960
BANKNIFTY09JAN2032300CE.NFO,07/01/2020,09:21:50,48.55,48.3,140,48.55,240,920,452960
BANKNIFTY09JAN2032300CE.NFO,07/01/2020,09:21:51,49.05,48.85,100,49.1,100,1060,452960
BANKNIFTY09JAN2032300CE.NFO,07/01/2020,09:21:52,48.85,48.65,80,48.85,60,1560,452960
BANKNIFTY09JAN2032300CE.NFO,07/01/2020,09:21:53,48.85,48.5,200,48.8,340,2940,452960
BANKNIFTY09JAN2032300CE.NFO,07/01/2020,09:21:54,48.9,48.8,60,48.9,240,600,452960
BANKNIFTY09JAN2032300CE.NFO,07/01/2020,09:21:55,48.85,48.65,140,48.9,100,1820,452960
BANKNIFTY09JAN2032300CE.NFO,07/01/2020,09:21:56,48.9,48.65,20,48.9,200,940,452960
BANKNIFTY09JAN2032300CE.NFO,07/01/2020,09:21:57,48.65,48.55,80,48.75,20,1460,452960
BANKNIFTY09JAN2032300CE.NFO,07/01/2020,09:21:58,49,48.9,20,49.05,80,640,452960
BANKNIFTY09JAN2032300CE.NFO,07/01/2020,09:21:59,49.1,48.95,120,49.15,40,380,452960
BANKNIFTY09JAN2032300CE.NFO,07/01/2020,09:22:00,49.8,49.5,360,49.8,980,1600,452960
BANKNIFTY09JAN2032300CE.NFO,07/01/2020,09:22:01,49.95,49.75,20,49.95,80,5140,452960
BANKNIFTY09JAN2032300CE.NFO,07/01/2020,09:22:02,49.95,49.7,160,50.05,380,1500,452960
BANKNIFTY09JAN2032300CE.NFO,07/01/2020,09:22:03,50.35,50.2,60,50.4,80,2040,452960
BANKNIFTY09JAN2032300CE.NFO,07/01/2020,09:22:04,51.15,51.05,40,51.35,180,3060,452960
BANKNIFTY09JAN2032300CE.NFO,07/01/2020,09:22:05,51.35,51.15,20,51.3,80,1200,452960
BANKNIFTY09JAN2032300CE.NFO,07/01/2020,09:22:06,51.95,51.55,580,51.95,40,2880,452960
BANKNIFTY09JAN2032300CE.NFO,07/01/2020,09:22:07,51.4,51.45,20,51.75,80,2680,452960
BANKNIFTY09JAN2032300CE.NFO,07/01/2020,09:22:08,50.85,50.9,80,51.15,100,1160,452960
BANKNIFTY09JAN2032300CE.NFO,07/01/2020,09:22:09,50.8,50.6,420,50.9,20,5680,452960
BANKNIFTY09JAN2032300CE.NFO,07/01/2020,09:22:10,50.65,50.55,180,50.85,80,3600,452960
BANKNIFTY09JAN2032300CE.NFO,07/01/2020,09:22:11,50.85,50.85,2260,51,100,1340,452960
BANKNIFTY09JAN2032300CE.NFO,07/01/2020,09:22:12,50.65,50.8,2500,50.95,120,3860,452960
BANKNIFTY09JAN2032300CE.NFO,07/01/2020,09:22:12,50.8,50.8,2540,50.95,200,320,452960
BANKNIFTY09JAN2032300CE.NFO,07/01/2020,09:22:13,50.75,50.6,140,51,300,3760,452960
BANKNIFTY09JAN2032300CE.NFO,07/01/2020,09:22:14,50.95,50.95,700,51.1,80,3260,452960
BANKNIFTY09JAN2032300CE.NFO,07/01/2020,09:22:15,50.95,50.85,320,51,60,4040,452960
BANKNIFTY09JAN2032300CE.NFO,07/01/2020,09:22:16,51.45,51.4,340,51.75,160,1720,452960
BANKNIFTY09JAN2032300CE.NFO,07/01/2020,09:22:17,51.95,51.55,320,51.9,80,360,452960
BANKNIFTY09JAN2032300CE.NFO,07/01/2020,09:22:18,52.25,52.05,20,52.25,140,2120,452960
BANKNIFTY09JAN2032300CE.NFO,07/01/2020,09:22:20,51.9,51.65,340,51.9,160,1120,452960
BANKNIFTY09JAN2032300CE.NFO,07/01/2020,09:22:21,51.9,51.65,80,51.9,300,820,452960
BANKNIFTY09JAN2032300CE.NFO,07/01/2020,09:22:22,51.7,51.8,120,52,80,4640,452960
BANKNIFTY09JAN2032300CE.NFO,07/01/2020,09:22:23,51.95,51.9,40,52.15,60,1580,452960
BANKNIFTY09JAN2032300CE.NFO,07/01/2020,09:22:24,52.4,52.25,340,52.45,720,2020,452960
BANKNIFTY09JAN2032300CE.NFO,07/01/2020,09:22:25,52.35,52.05,60,52.25,80,1820,452960
BANKNIFTY09JAN2032300CE.NFO,07/01/2020,09:22:25,52.4,52.3,20,52.55,20,240,452960
BANKNIFTY09JAN2032300CE.NFO,07/01/2020,09:22:26,52.65,52.55,140,52.75,80,420,452960
BANKNIFTY09JAN2032300CE.NFO,07/01/2020,09:22:27,52.9,52.7,180,52.95,300,1100,452960
BANKNIFTY09JAN2032300CE.NFO,07/01/2020,09:22:28,52.9,52.8,20,52.9,80,560,452960
BANKNIFTY09JAN2032300CE.NFO,07/01/2020,09:22:29,52.9,52.6,60,52.85,80,800,452960
BANKNIFTY09JAN2032300CE.NFO,07/01/2020,09:22:30,53.05,53,100,53.2,40,1680,452960
BANKNIFTY09JAN2032300CE.NFO,07/01/2020,09:22:31,52.85,52.85,60,52.95,80,560,452960
BANKNIFTY09JAN2032300CE.NFO,07/01/2020,09:22:32,52.8,52.75,80,52.9,80,620,452960
BANKNIFTY09JAN2032300CE.NFO,07/01/2020,09:22:34,52.85,52.65,80,52.8,40,520,452960
BANKNIFTY09JAN2032300CE.NFO,07/01/2020,09:22:35,53,52.75,20,52.95,20,1920,452960
BANKNIFTY09JAN2032300CE.NFO,07/01/2020,09:22:36,52.6,52.4,20,52.6,60,640,452960
BANKNIFTY09JAN2032300CE.NFO,07/01/2020,09:22:37,52.5,52.15,60,52.45,100,1580,452960
BANKNIFTY09JAN2032300CE.NFO,07/01/2020,09:22:37,52.4,52.15,200,52.5,180,60,452960
BANKNIFTY09JAN2032300CE.NFO,07/01/2020,09:22:39,52.5,52.15,140,52.45,120,2000,452960
BANKNIFTY09JAN2032300CE.NFO,07/01/2020,09:22:40,52,51.8,120,52,560,4580,452960
BANKNIFTY09JAN2032300CE.NFO,07/01/2020,09:22:41,51.65,51.65,100,51.8,80,3300,452960
BANKNIFTY09JAN2032300CE.NFO,07/01/2020,09:22:42,52,52,80,52.15,120,860,452960
BANKNIFTY09JAN2032300CE.NFO,07/01/2020,09:22:42,52.3,52,80,52.2,40,1120,452960
BANKNIFTY09JAN2032300CE.NFO,07/01/2020,09:22:44,51.85,51.7,120,52,100,1380,452960
BANKNIFTY09JAN2032300CE.NFO,07/01/2020,09:22:45,52.05,51.85,240,52,20,1320,452960
BANKNIFTY09JAN2032300CE.NFO,07/01/2020,09:22:46,51.5,51.45,240,51.7,60,600,452960
BANKNIFTY09JAN2032300CE.NFO,07/01/2020,09:22:47,50.9,50.9,380,51.15,100,5820,452960
BANKNIFTY09JAN2032300CE.NFO,07/01/2020,09:22:48,51,51,540,51.3,100,1160,452960
BANKNIFTY09JAN2032300CE.NFO,07/01/2020,09:22:49,51.8,51.6,80,51.85,520,1460,452960
BANKNIFTY09JAN2032300CE.NFO,07/01/2020,09:22:50,51.95,51.8,40,51.9,40,880,452960
BANKNIFTY09JAN2032300CE.NFO,07/01/2020,09:22:51,52.35,52.2,260,52.4,40,2060,452960
BANKNIFTY09JAN2032300CE.NFO,07/01/2020,09:22:52,52.65,52.5,100,52.7,40,1400,452960
BANKNIFTY09JAN2032300CE.NFO,07/01/2020,09:22:53,53.25,53.2,80,53.5,160,2560,452960
BANKNIFTY09JAN2032300CE.NFO,07/01/2020,09:22:54,53.3,53.3,160,53.5,80,740,452960
BANKNIFTY09JAN2032300CE.NFO,07/01/2020,09:22:54,53.35,53.35,160,53.6,80,160,452960
BANKNIFTY09JAN2032300CE.NFO,07/01/2020,09:22:56,53.95,53.7,40,53.85,80,2960,452960
BANKNIFTY09JAN2032300CE.NFO,07/01/2020,09:22:57,54,53.95,100,54.1,40,1300,452960
BANKNIFTY09JAN2032300CE.NFO,07/01/2020,09:22:58,53.75,53.75,80,53.85,60,320,452960
BANKNIFTY09JAN2032300CE.NFO,07/01/2020,09:22:59,53.5,53.3,280,53.55,120,3020,452960
BANKNIFTY09JAN2032300CE.NFO,07/01/2020,09:23:00,53,52.8,60,53,320,1620,452960
BANKNIFTY09JAN2032300CE.NFO,07/01/2020,09:23:01,52.7,52.6,320,52.75,20,1880,452960
BANKNIFTY09JAN2032300CE.NFO,07/01/2020,09:23:02,52.7,52.6,80,52.8,140,880,452960
BANKNIFTY09JAN2032300CE.NFO,07/01/2020,09:23:03,52.7,52.55,20,52.8,180,2160,452960
BANKNIFTY09JAN2032300CE.NFO,07/01/2020,09:23:04,52.65,52.65,60,52.75,20,1540,452960
BANKNIFTY09JAN2032300CE.NFO,07/01/2020,09:23:05,53,52.85,140,53.05,20,300,452960
BANKNIFTY09JAN2032300CE.NFO,07/01/2020,09:23:06,53.5,53.4,60,53.65,360,2120,452960
BANKNIFTY09JAN2032300CE.NFO,07/01/2020,09:23:07,53.35,53.35,300,53.55,40,380,452960
BANKNIFTY09JAN2032300CE.NFO,07/01/2020,09:23:07,53.55,53.6,80,53.7,60,40,452960
BANKNIFTY09JAN2032300CE.NFO,07/01/2020,09:23:09,53.1,53.1,40,53.3,100,560,452960
BANKNIFTY09JAN2032300CE.NFO,07/01/2020,09:23:10,52.85,52.75,20,52.9,80,840,454180
BANKNIFTY09JAN2032300CE.NFO,07/01/2020,09:23:11,52.7,52.4,40,52.65,40,1040,454180
BANKNIFTY09JAN2032300CE.NFO,07/01/2020,09:23:12,52.85,52.75,80,53,20,2380,454180
BANKNIFTY09JAN2032300CE.NFO,07/01/2020,09:23:13,52.9,52.75,220,53,80,2520,454180
BANKNIFTY09JAN2032300CE.NFO,07/01/2020,09:23:14,52.95,52.6,160,52.9,260,360,454180
BANKNIFTY09JAN2032300CE.NFO,07/01/2020,09:23:15,52.15,52.05,40,52.25,80,2440,454180
BANKNIFTY09JAN2032300CE.NFO,07/01/2020,09:23:16,51.55,51.6,200,51.9,340,1660,454180
BANKNIFTY09JAN2032300CE.NFO,07/01/2020,09:23:17,51.75,51.6,20,51.8,320,680,454180
BANKNIFTY09JAN2032300CE.NFO,07/01/2020,09:23:18,51.45,51.2,420,51.45,100,2060,454180
BANKNIFTY09JAN2032300CE.NFO,07/01/2020,09:23:19,52.3,52.1,60,52.3,120,1580,454180
BANKNIFTY09JAN2032300CE.NFO,07/01/2020,09:23:20,52.35,52.45,60,52.5,40,320,454180
BANKNIFTY09JAN2032300CE.NFO,07/01/2020,09:23:21,53,52.85,80,53,580,1040,454180
BANKNIFTY09JAN2032300CE.NFO,07/01/2020,09:23:22,52.45,52.45,20,52.75,220,1420,454180
BANKNIFTY09JAN2032300CE.NFO,07/01/2020,09:23:23,52.35,52.2,80,52.4,120,500,454180
BANKNIFTY09JAN2032300CE.NFO,07/01/2020,09:23:24,52.15,52.05,60,52.25,340,1140,454180
BANKNIFTY09JAN2032300CE.NFO,07/01/2020,09:23:25,51.95,51.75,20,51.95,40,240,454180
BANKNIFTY09JAN2032300CE.NFO,07/01/2020,09:23:26,52.1,52,20,52.25,200,1740,454180
BANKNIFTY09JAN2032300CE.NFO,07/01/2020,09:23:27,51.85,51.65,80,51.9,140,440,454180
BANKNIFTY09JAN2032300CE.NFO,07/01/2020,09:23:28,51.7,51.45,20,51.65,80,320,454180
BANKNIFTY09JAN2032300CE.NFO,07/01/2020,09:23:29,51.8,51.7,20,51.9,60,1880,454180
BANKNIFTY09JAN2032300CE.NFO,07/01/2020,09:23:30,52.4,52.35,60,52.6,300,1020,454180
BANKNIFTY09JAN2032300CE.NFO,07/01/2020,09:23:31,52.35,52.25,160,52.45,80,160,454180
BANKNIFTY09JAN2032300CE.NFO,07/01/2020,09:23:32,52.35,52.35,240,52.6,80,60,454180
BANKNIFTY09JAN2032300CE.NFO,07/01/2020,09:23:33,52.1,52,1440,52.15,40,780,454180
BANKNIFTY09JAN2032300CE.NFO,07/01/2020,09:23:34,52.05,52,1400,52.35,560,220,454180
BANKNIFTY09JAN2032300CE.NFO,07/01/2020,09:23:35,51.85,51.8,20,51.9,220,1620,454180
BANKNIFTY09JAN2032300CE.NFO,07/01/2020,09:23:36,51.9,51.85,320,52,540,320,454180
BANKNIFTY09JAN2032300CE.NFO,07/01/2020,09:23:37,52,51.8,60,51.95,80,60,454180
BANKNIFTY09JAN2032300CE.NFO,07/01/2020,09:23:38,51.8,51.6,80,51.85,100,600,454180
BANKNIFTY09JAN2032300CE.NFO,07/01/2020,09:23:39,51.4,51.4,80,51.6,40,760,454180
BANKNIFTY09JAN2032300CE.NFO,07/01/2020,09:23:40,51.85,51.65,20,51.85,80,280,454180
BANKNIFTY09JAN2032300CE.NFO,07/01/2020,09:23:41,51.9,51.8,100,52,660,400,454180
BANKNIFTY09JAN2032300CE.NFO,07/01/2020,09:23:42,51.6,51.6,20,51.85,140,340,454180
BANKNIFTY09JAN2032300CE.NFO,07/01/2020,09:23:43,51.8,51.8,80,51.95,20,460,454180
BANKNIFTY09JAN2032300CE.NFO,07/01/2020,09:23:44,51.65,51.75,80,51.95,20,700,454180
BANKNIFTY09JAN2032300CE.NFO,07/01/2020,09:23:45,51.95,51.85,100,51.9,240,120,454180
BANKNIFTY09JAN2032300CE.NFO,07/01/2020,09:23:46,52,51.95,260,52,20,1800,454180
BANKNIFTY09JAN2032300CE.NFO,07/01/2020,09:23:47,52,52,1020,52.2,240,180,454180
BANKNIFTY09JAN2032300CE.NFO,07/01/2020,09:23:48,52.05,52,40,52.3,300,2420,454180
BANKNIFTY09JAN2032300CE.NFO,07/01/2020,09:23:49,52,52,80,52.25,20,200,454180
BANKNIFTY09JAN2032300CE.NFO,07/01/2020,09:23:50,52.15,52.05,20,52.2,180,280,454180
BANKNIFTY09JAN2032300CE.NFO,07/01/2020,09:23:51,52.05,51.95,20,52.15,180,600,454180
BANKNIFTY09JAN2032300CE.NFO,07/01/2020,09:23:52,52.15,52,40,52.15,380,240,454180
BANKNIFTY09JAN2032300CE.NFO,07/01/2020,09:23:53,52.3,52.2,20,52.3,220,680,454180
BANKNIFTY09JAN2032300CE.NFO,07/01/2020,09:23:54,52.1,52.15,40,52.45,440,340,454180
BANKNIFTY09JAN2032300CE.NFO,07/01/2020,09:23:55,52.7,52.55,40,52.75,240,540,454180
BANKNIFTY09JAN2032300CE.NFO,07/01/2020,09:23:56,53.35,53.1,140,53.3,160,3000,454180
BANKNIFTY09JAN2032300CE.NFO,07/01/2020,09:23:57,53.45,53.25,20,53.5,200,2280,454180
BANKNIFTY09JAN2032300CE.NFO,07/01/2020,09:23:58,53.95,53.75,360,54.1,480,1320,454180
BANKNIFTY09JAN2032300CE.NFO,07/01/2020,09:23:59,54.1,53.95,200,54.1,20,1220,454180
BANKNIFTY09JAN2032300CE.NFO,07/01/2020,09:24:00,54.25,54.15,160,54.3,20,620,454180
BANKNIFTY09JAN2032300CE.NFO,07/01/2020,09:24:01,53.55,53.3,240,53.55,240,1860,454180
BANKNIFTY09JAN2032300CE.NFO,07/01/2020,09:24:02,53,52.7,20,53,340,1100,454180
BANKNIFTY09JAN2032300CE.NFO,07/01/2020,09:24:03,52.85,52.65,40,52.85,120,3360,454180
BANKNIFTY09JAN2032300CE.NFO,07/01/2020,09:24:04,52,51.65,440,52,240,1580,454180
BANKNIFTY09JAN2032300CE.NFO,07/01/2020,09:24:05,51.65,51.65,400,51.85,60,140,454180
BANKNIFTY09JAN2032300CE.NFO,07/01/2020,09:24:06,52.15,52.15,200,52.4,460,420,454180
BANKNIFTY09JAN2032300CE.NFO,07/01/2020,09:24:07,52.4,52.2,20,52.4,480,800,454180
BANKNIFTY09JAN2032300CE.NFO,07/01/2020,09:24:08,51.9,51.7,180,51.9,60,760,454180
BANKNIFTY09JAN2032300CE.NFO,07/01/2020,09:24:09,51.9,52,1000,52.15,60,660,454180
BANKNIFTY09JAN2032300CE.NFO,07/01/2020,09:24:10,51.95,51.8,180,51.95,100,1180,454180
BANKNIFTY09JAN2032300CE.NFO,07/01/2020,09:24:11,52,52,880,52.05,20,380,454180
BANKNIFTY09JAN2032300CE.NFO,07/01/2020,09:24:12,51.9,51.75,80,52.05,440,3100,454180
BANKNIFTY09JAN2032300CE.NFO,07/01/2020,09:24:13,51.95,51.85,180,52.05,20,1120,454180
BANKNIFTY09JAN2032300CE.NFO,07/01/2020,09:24:14,52.5,52.35,80,52.5,1600,880,454180
BANKNIFTY09JAN2032300CE.NFO,07/01/2020,09:24:15,52.65,52.45,180,52.65,60,3140,454180
BANKNIFTY09JAN2032300CE.NFO,07/01/2020,09:24:16,52.1,51.95,240,52.2,20,1160,454180
BANKNIFTY09JAN2032300CE.NFO,07/01/2020,09:24:17,52.1,52,160,52.2,20,540,454180
BANKNIFTY09JAN2032300CE.NFO,07/01/2020,09:24:18,52.25,51.9,300,52.25,120,720,454180
BANKNIFTY09JAN2032300CE.NFO,07/01/2020,09:24:19,51.75,51.7,140,51.85,20,280,454180
BANKNIFTY09JAN2032300CE.NFO,07/01/2020,09:24:20,51.85,51.65,160,51.9,40,300,454180
BANKNIFTY09JAN2032300CE.NFO,07/01/2020,09:24:21,51.95,51.8,360,52,40,680,454180
BANKNIFTY09JAN2032300CE.NFO,07/01/2020,09:24:22,51.8,51.55,120,51.75,20,720,454180
BANKNIFTY09JAN2032300CE.NFO,07/01/2020,09:24:23,51.15,51.35,80,51.6,120,3460,454180
BANKNIFTY09JAN2032300CE.NFO,07/01/2020,09:24:24,51.65,51.4,260,51.7,300,1260,454180
BANKNIFTY09JAN2032300CE.NFO,07/01/2020,09:24:25,52.25,51.95,160,52.15,20,1220,454180
BANKNIFTY09JAN2032300CE.NFO,07/01/2020,09:24:26,51.9,52.35,160,52.55,260,2300,454180
BANKNIFTY09JAN2032300CE.NFO,07/01/2020,09:24:27,52.5,52,60,52.2,560,200,454180
BANKNIFTY09JAN2032300CE.NFO,07/01/2020,09:24:28,51.55,51.45,220,51.7,40,1140,454180
BANKNIFTY09JAN2032300CE.NFO,07/01/2020,09:24:29,51.4,51.25,20,51.4,60,720,454180
BANKNIFTY09JAN2032300CE.NFO,07/01/2020,09:24:30,51.15,51,1580,51.15,160,620,454180
BANKNIFTY09JAN2032300CE.NFO,07/01/2020,09:24:31,51,50.9,100,51,480,1780,454180
BANKNIFTY09JAN2032300CE.NFO,07/01/2020,09:24:32,51.1,51,20,51.15,80,1420,454180
BANKNIFTY09JAN2032300CE.NFO,07/01/2020,09:24:33,51.05,51,20,51.2,40,1280,454180
BANKNIFTY09JAN2032300CE.NFO,07/01/2020,09:24:34,50.85,50.85,160,51.1,440,1420,454180
BANKNIFTY09JAN2032300CE.NFO,07/01/2020,09:24:35,50.55,50.45,40,50.7,20,2160,454180
BANKNIFTY09JAN2032300CE.NFO,07/01/2020,09:24:36,50.45,50.2,180,50.45,200,5800,454180
BANKNIFTY09JAN2032300CE.NFO,07/01/2020,09:24:37,50.45,50.3,160,50.5,40,800,454180
BANKNIFTY09JAN2032300CE.NFO,07/01/2020,09:24:38,50.3,50.25,260,50.55,20,2940,454180
BANKNIFTY09JAN2032300CE.NFO,07/01/2020,09:24:39,50.25,49.85,60,50.15,40,1440,454180
BANKNIFTY09JAN2032300CE.NFO,07/01/2020,09:24:40,49.85,49.7,360,49.95,180,820,454180
BANKNIFTY09JAN2032300CE.NFO,07/01/2020,09:24:41,49.85,49.6,20,49.85,160,240,454180
BANKNIFTY09JAN2032300CE.NFO,07/01/2020,09:24:42,49.35,49.35,120,49.6,180,1860,454180
BANKNIFTY09JAN2032300CE.NFO,07/01/2020,09:24:43,49.25,49.2,240,49.5,520,3420,454180
BANKNIFTY09JAN2032300CE.NFO,07/01/2020,09:24:44,49.15,49.1,60,49.2,20,2680,454180
BANKNIFTY09JAN2032300CE.NFO,07/01/2020,09:24:45,48.9,48.8,100,48.9,180,600,454180
BANKNIFTY09JAN2032300CE.NFO,07/01/2020,09:24:46,48.55,48.25,20,48.55,380,340,454180
BANKNIFTY09JAN2032300CE.NFO,07/01/2020,09:24:47,48.25,48.35,100,48.65,180,500,454180
BANKNIFTY09JAN2032300CE.NFO,07/01/2020,09:24:48,48.25,48.4,100,48.7,160,3120,454180
BANKNIFTY09JAN2032300CE.NFO,07/01/2020,09:24:49,48.4,48.2,140,48.4,120,580,454180
BANKNIFTY09JAN2032300CE.NFO,07/01/2020,09:24:50,48.4,48.35,160,48.65,80,160,454180
BANKNIFTY09JAN2032300CE.NFO,07/01/2020,09:24:51,48.65,48.55,60,48.8,200,300,454180
BANKNIFTY09JAN2032300CE.NFO,07/01/2020,09:24:52,48.4,48.55,100,48.8,200,1000,454180
BANKNIFTY09JAN2032300CE.NFO,07/01/2020,09:24:53,49,48.8,60,49.05,300,400,454180
BANKNIFTY09JAN2032300CE.NFO,07/01/2020,09:24:54,48.5,48.5,320,48.75,80,460,454180
BANKNIFTY09JAN2032300CE.NFO,07/01/2020,09:24:55,48.45,48.55,300,48.8,60,360,454180
BANKNIFTY09JAN2032300CE.NFO,07/01/2020,09:24:56,48.4,48.4,160,48.7,140,1000,454180
BANKNIFTY09JAN2032300CE.NFO,07/01/2020,09:24:57,49,48.65,20,48.95,40,1000,454180
BANKNIFTY09JAN2032300CE.NFO,07/01/2020,09:24:58,48.8,48.9,320,49.2,60,380,454180
BANKNIFTY09JAN2032300CE.NFO,07/01/2020,09:24:59,49.4,49.1,180,49.5,260,1200,454180
BANKNIFTY09JAN2032300CE.NFO,07/01/2020,09:25:00,49.75,49.55,260,49.8,160,1540,454180
BANKNIFTY09JAN2032300CE.NFO,07/01/2020,09:25:01,50.1,49.95,180,50.2,80,540,454180
BANKNIFTY09JAN2032300CE.NFO,07/01/2020,09:25:02,49.95,49.9,100,50.2,80,420,454180
BANKNIFTY09JAN2032300CE.NFO,07/01/2020,09:25:03,50.45,50.2,60,50.45,120,820,454180
BANKNIFTY09JAN2032300CE.NFO,07/01/2020,09:25:04,49.8,49.75,20,49.95,60,1780,454180
BANKNIFTY09JAN2032300CE.NFO,07/01/2020,09:25:05,50,50.2,100,50.35,40,60,454180
BANKNIFTY09JAN2032300CE.NFO,07/01/2020,09:25:06,50.3,50.35,340,50.6,40,620,454180
BANKNIFTY09JAN2032300CE.NFO,07/01/2020,09:25:07,50.1,50.1,100,50.3,240,1580,454180
BANKNIFTY09JAN2032300CE.NFO,07/01/2020,09:25:08,50.3,50.2,20,50.5,160,260,454180
BANKNIFTY09JAN2032300CE.NFO,07/01/2020,09:25:09,50.1,49.95,40,50.25,460,340,454180
BANKNIFTY09JAN2032300CE.NFO,07/01/2020,09:25:10,50.2,49.9,340,50.25,140,680,454180
BANKNIFTY09JAN2032300CE.NFO,07/01/2020,09:25:11,50.35,49.95,80,50.2,80,260,454180
BANKNIFTY09JAN2032300CE.NFO,07/01/2020,09:25:12,49.7,50,180,50.3,200,260,454180
BANKNIFTY09JAN2032300CE.NFO,07/01/2020,09:25:13,49.85,49.65,20,50,340,60,454180
BANKNIFTY09JAN2032300CE.NFO,07/01/2020,09:25:14,49.9,49.75,20,50,160,100,454180
BANKNIFTY09JAN2032300CE.NFO,07/01/2020,09:25:15,49.95,49.8,80,50.1,120,500,454180
BANKNIFTY09JAN2032300CE.NFO,07/01/2020,09:25:16,49.85,49.7,100,49.9,20,680,454180
BANKNIFTY09JAN2032300CE.NFO,07/01/2020,09:25:17,49.6,49.55,80,49.85,140,280,454180
BANKNIFTY09JAN2032300CE.NFO,07/01/2020,09:25:18,49.75,49.65,20,49.75,20,700,454180
BANKNIFTY09JAN2032300CE.NFO,07/01/2020,09:25:19,49.7,49.7,20,49.9,20,520,454180
BANKNIFTY09JAN2032300CE.NFO,07/01/2020,09:25:20,49.8,49.75,20,49.9,80,340,454180
BANKNIFTY09JAN2032300CE.NFO,07/01/2020,09:25:21,49.9,49.75,300,49.95,80,40,454180
BANKNIFTY09JAN2032300CE.NFO,07/01/2020,09:25:22,50,50.1,280,50.25,40,600,454180
BANKNIFTY09JAN2032300CE.NFO,07/01/2020,09:25:23,50.25,50.2,160,50.5,120,1680,454180
BANKNIFTY09JAN2032300CE.NFO,07/01/2020,09:25:24,50.3,50.2,80,50.45,60,60,454180
BANKNIFTY09JAN2032300CE.NFO,07/01/2020,09:25:25,50.05,50.05,1580,50.25,120,2020,454180
BANKNIFTY09JAN2032300CE.NFO,07/01/2020,09:25:26,50.4,50,40,50.25,320,1540,454180
BANKNIFTY09JAN2032300CE.NFO,07/01/2020,09:25:27,49.95,49.8,100,49.95,60,160,454180
BANKNIFTY09JAN2032300CE.NFO,07/01/2020,09:25:28,50.05,50.05,80,50.35,120,660,454180
BANKNIFTY09JAN2032300CE.NFO,07/01/2020,09:25:29,50,49.8,220,50.05,320,200,454180
BANKNIFTY09JAN2032300CE.NFO,07/01/2020,09:25:30,49.9,49.65,360,49.9,60,120,454180
BANKNIFTY09JAN2032300CE.NFO,07/01/2020,09:25:31,49.75,49.6,180,49.7,80,440,454180
BANKNIFTY09JAN2032300CE.NFO,07/01/2020,09:25:32,49.65,49.65,100,49.9,320,220,454180
BANKNIFTY09JAN2032300CE.NFO,07/01/2020,09:25:33,49.7,49.5,20,49.75,120,340,454180
BANKNIFTY09JAN2032300CE.NFO,07/01/2020,09:25:34,49.55,49.45,340,49.75,40,260,454180
BANKNIFTY09JAN2032300CE.NFO,07/01/2020,09:25:35,49.7,49.65,300,49.95,180,240,454180
BANKNIFTY09JAN2032300CE.NFO,07/01/2020,09:25:36,49.55,49.45,40,49.75,300,160,454180
BANKNIFTY09JAN2032300CE.NFO,07/01/2020,09:25:37,49.45,49.35,100,49.6,320,140,454180
BANKNIFTY09JAN2032300CE.NFO,07/01/2020,09:25:38,49.6,49.35,60,49.65,120,320,454180
BANKNIFTY09JAN2032300CE.NFO,07/01/2020,09:25:39,49.3,49.3,420,49.5,1320,140,454180
BANKNIFTY09JAN2032300CE.NFO,07/01/2020,09:25:40,49.35,49.45,20,49.5,1440,260,454180
BANKNIFTY09JAN2032300CE.NFO,07/01/2020,09:25:41,49.3,49.25,120,49.5,300,1780,454180
BANKNIFTY09JAN2032300CE.NFO,07/01/2020,09:25:42,49.3,49.15,40,49.4,180,300,454180
BANKNIFTY09JAN2032300CE.NFO,07/01/2020,09:25:43,49.4,49.25,180,49.5,300,640,454180
BANKNIFTY09JAN2032300CE.NFO,07/01/2020,09:25:44,49.3,49.05,300,49.3,420,540,454180
BANKNIFTY09JAN2032300CE.NFO,07/01/2020,09:25:45,49.15,49.15,80,49.3,280,220,454180
BANKNIFTY09JAN2032300CE.NFO,07/01/2020,09:25:46,49.15,49.1,140,49.3,260,40,454180
BANKNIFTY09JAN2032300CE.NFO,07/01/2020,09:25:47,49,49.15,40,49.3,180,340,454180
BANKNIFTY09JAN2032300CE.NFO,07/01/2020,09:25:48,49.2,49.2,20,49.45,320,1080,454180
BANKNIFTY09JAN2032300CE.NFO,07/01/2020,09:25:49,49.5,49.4,20,49.6,80,60,454180
BANKNIFTY09JAN2032300CE.NFO,07/01/2020,09:25:50,49.2,49.1,160,49.35,20,860,454180
BANKNIFTY09JAN2032300CE.NFO,07/01/2020,09:25:51,49.2,49.05,240,49.3,120,640,454180
BANKNIFTY09JAN2032300CE.NFO,07/01/2020,09:25:52,49,48.9,120,49.1,260,180,454180
BANKNIFTY09JAN2032300CE.NFO,07/01/2020,09:25:53,48.85,48.8,200,49.05,140,120,454180
BANKNIFTY09JAN2032300CE.NFO,07/01/2020,09:25:54,48.95,48.9,320,49.15,340,160,454180
BANKNIFTY09JAN2032300CE.NFO,07/01/2020,09:25:55,48.9,48.85,40,48.95,2180,640,454180
BANKNIFTY09JAN2032300CE.NFO,07/01/2020,09:25:56,48.95,48.7,360,48.9,20,380,454180
BANKNIFTY09JAN2032300CE.NFO,07/01/2020,09:25:57,48.5,48.5,300,48.7,320,640,454180
BANKNIFTY09JAN2032300CE.NFO,07/01/2020,09:25:58,48.25,48.3,120,48.5,2140,740,454180
BANKNIFTY09JAN2032300CE.NFO,07/01/2020,09:25:59,48.3,48.15,40,48.35,400,3500,454180
BANKNIFTY09JAN2032300CE.NFO,07/01/2020,09:26:00,48.4,48.2,140,48.45,60,680,454180
BANKNIFTY09JAN2032300CE.NFO,07/01/2020,09:26:01,48.05,47.95,260,48.15,20,3280,454180
BANKNIFTY09JAN2032300CE.NFO,07/01/2020,09:26:02,48,47.9,80,48.1,80,180,454180
BANKNIFTY09JAN2032300CE.NFO,07/01/2020,09:26:03,47.75,47.6,200,47.75,320,160,454180
BANKNIFTY09JAN2032300CE.NFO,07/01/2020,09:26:04,47.65,47.5,340,47.85,240,300,454180
BANKNIFTY09JAN2032300CE.NFO,07/01/2020,09:26:05,47.65,47.65,100,47.9,80,1120,454180
BANKNIFTY09JAN2032300CE.NFO,07/01/2020,09:26:06,47.7,47.4,240,47.6,20,440,454180
BANKNIFTY09JAN2032300CE.NFO,07/01/2020,09:26:07,47.6,47.45,440,47.7,280,60,454180
BANKNIFTY09JAN2032300CE.NFO,07/01/2020,09:26:08,48,48,40,48.05,80,1600,454180
BANKNIFTY09JAN2032300CE.NFO,07/01/2020,09:26:09,48.35,48.25,20,48.55,180,420,454180
BANKNIFTY09JAN2032300CE.NFO,07/01/2020,09:26:10,48.05,48,60,48.2,20,2540,480520
BANKNIFTY09JAN2032300CE.NFO,07/01/2020,09:26:11,48.05,48,100,48.25,320,740,480520
BANKNIFTY09JAN2032300CE.NFO,07/01/2020,09:26:12,48.3,48.1,80,48.3,40,1660,480520
BANKNIFTY09JAN2032300CE.NFO,07/01/2020,09:26:13,48.15,47.85,20,48.05,20,400,480520
BANKNIFTY09JAN2032300CE.NFO,07/01/2020,09:26:14,47.9,47.85,260,48.1,380,760,480520
BANKNIFTY09JAN2032300CE.NFO,07/01/2020,09:26:15,47.95,47.9,100,47.95,260,640,480520
BANKNIFTY09JAN2032300CE.NFO,07/01/2020,09:26:16,47.75,47.6,140,47.8,100,640,480520
BANKNIFTY09JAN2032300CE.NFO,07/01/2020,09:26:17,47.55,47.4,200,47.7,80,260,480520
BANKNIFTY09JAN2032300CE.NFO,07/01/2020,09:26:18,46.9,46.85,100,47.1,360,2620,480520
BANKNIFTY09JAN2032300CE.NFO,07/01/2020,09:26:19,46.9,46.8,100,47,160,580,480520
BANKNIFTY09JAN2032300CE.NFO,07/01/2020,09:26:20,46.9,46.85,100,46.95,80,1420,480520
BANKNIFTY09JAN2032300CE.NFO,07/01/2020,09:26:21,46.2,46.2,440,46.5,20,700,480520
BANKNIFTY09JAN2032300CE.NFO,07/01/2020,09:26:22,45.95,45.8,20,46.1,80,1760,480520
BANKNIFTY09JAN2032300CE.NFO,07/01/2020,09:26:23,45.95,45.75,80,45.95,40,380,480520
BANKNIFTY09JAN2032300CE.NFO,07/01/2020,09:26:24,46.3,46.3,40,46.35,160,1480,480520
BANKNIFTY09JAN2032300CE.NFO,07/01/2020,09:26:25,46.35,46.15,380,46.5,60,1160,480520
BANKNIFTY09JAN2032300CE.NFO,07/01/2020,09:26:26,46.4,46.4,20,46.6,80,280,480520
BANKNIFTY09JAN2032300CE.NFO,07/01/2020,09:26:27,46.85,46.85,200,47.1,340,1720,480520
BANKNIFTY09JAN2032300CE.NFO,07/01/2020,09:26:28,47,47.15,20,47.35,60,340,480520
BANKNIFTY09JAN2032300CE.NFO,07/01/2020,09:26:29,47.4,47.4,80,47.65,60,40,480520
BANKNIFTY09JAN2032300CE.NFO,07/01/2020,09:26:30,48.1,47.8,40,48.05,80,1640,480520
BANKNIFTY09JAN2032300CE.NFO,07/01/2020,09:26:31,48.4,48.15,160,48.4,100,340,480520
BANKNIFTY09JAN2032300CE.NFO,07/01/2020,09:26:32,48.25,48.05,60,48.45,440,580,480520
BANKNIFTY09JAN2032300CE.NFO,07/01/2020,09:26:33,47.9,47.9,60,48.15,240,420,480520
BANKNIFTY09JAN2032300CE.NFO,07/01/2020,09:26:34,47.6,47.5,340,47.75,260,180,480520
BANKNIFTY09JAN2032300CE.NFO,07/01/2020,09:26:35,47.6,47.25,40,47.5,20,440,480520
BANKNIFTY09JAN2032300CE.NFO,07/01/2020,09:26:36,47.5,47.15,340,47.4,80,20,480520
BANKNIFTY09JAN2032300CE.NFO,07/01/2020,09:26:37,47,46.95,60,47.15,320,300,480520
BANKNIFTY09JAN2032300CE.NFO,07/01/2020,09:26:38,47.15,47.1,20,47.35,400,380,480520
BANKNIFTY09JAN2032300CE.NFO,07/01/2020,09:26:39,46.9,46.55,40,46.85,80,700,480520
BANKNIFTY09JAN2032300CE.NFO,07/01/2020,09:26:40,46.15,46.15,20,46.4,60,2820,480520
BANKNIFTY09JAN2032300CE.NFO,07/01/2020,09:26:41,46.1,45.85,80,46.1,60,740,480520
BANKNIFTY09JAN2032300CE.NFO,07/01/2020,09:26:42,45.8,45.8,60,46,440,300,480520
BANKNIFTY09JAN2032300CE.NFO,07/01/2020,09:26:43,46.45,46.35,100,46.6,280,760,480520
BANKNIFTY09JAN2032300CE.NFO,07/01/2020,09:26:44,46.95,46.85,300,47.05,80,380,480520
BANKNIFTY09JAN2032300CE.NFO,07/01/2020,09:26:45,46.95,46.85,60,47.1,320,640,480520
BANKNIFTY09JAN2032300CE.NFO,07/01/2020,09:26:46,46.65,46.65,40,46.9,320,760,480520
BANKNIFTY09JAN2032300CE.NFO,07/01/2020,09:26:47,46.65,46.45,40,46.75,120,480,480520
BANKNIFTY09JAN2032300CE.NFO,07/01/2020,09:26:48,46.5,46.25,300,46.6,380,580,480520
BANKNIFTY09JAN2032300CE.NFO,07/01/2020,09:26:49,46.25,46.25,20,46.35,80,280,480520
BANKNIFTY09JAN2032300CE.NFO,07/01/2020,09:26:50,46.2,46.05,20,46.3,120,580,480520
BANKNIFTY09JAN2032300CE.NFO,07/01/2020,09:26:51,46.05,46.05,20,46.1,20,160,480520
BANKNIFTY09JAN2032300CE.NFO,07/01/2020,09:26:52,46.25,46,540,46.25,20,340,480520
BANKNIFTY09JAN2032300CE.NFO,07/01/2020,09:26:52,46.25,46,520,46.25,80,0,480520
BANKNIFTY09JAN2032300CE.NFO,07/01/2020,09:26:53,45.9,45.65,360,45.8,20,680,480520
BANKNIFTY09JAN2032300CE.NFO,07/01/2020,09:26:54,46.1,46.25,120,46.45,20,340,480520
BANKNIFTY09JAN2032300CE.NFO,07/01/2020,09:26:55,46.2,46.25,80,46.4,20,220,480520
BANKNIFTY09JAN2032300CE.NFO,07/01/2020,09:26:56,46.2,46.2,120,46.45,320,80,480520
BANKNIFTY09JAN2032300CE.NFO,07/01/2020,09:26:57,46.45,46.35,100,46.6,200,60,480520
BANKNIFTY09JAN2032300CE.NFO,07/01/2020,09:26:58,46.2,46.45,40,46.6,220,60,480520
BANKNIFTY09JAN2032300CE.NFO,07/01/2020,09:26:59,46.4,46.5,320,46.65,100,420,480520
BANKNIFTY09JAN2032300CE.NFO,07/01/2020,09:27:00,46.35,46.15,20,46.3,80,1460,480520
BANKNIFTY09JAN2032300CE.NFO,07/01/2020,09:27:01,46.3,46.05,20,46.2,80,840,480520
BANKNIFTY09JAN2032300CE.NFO,07/01/2020,09:27:02,46.2,46.1,80,46.3,40,1040,480520
BANKNIFTY09JAN2032300CE.NFO,07/01/2020,09:27:03,46.35,46.2,20,46.5,20,220,480520
BANKNIFTY09JAN2032300CE.NFO,07/01/2020,09:27:04,46.25,46.05,100,46.3,80,480,480520
BANKNIFTY09JAN2032300CE.NFO,07/01/2020,09:27:05,46,46.15,20,46.4,40,260,480520
BANKNIFTY09JAN2032300CE.NFO,07/01/2020,09:27:06,46.5,46.35,40,46.45,100,120,480520
BANKNIFTY09JAN2032300CE.NFO,07/01/2020,09:27:07,46.55,46.4,300,46.65,80,740,480520
BANKNIFTY09JAN2032300CE.NFO,07/01/2020,09:27:08,46.45,46.35,60,46.55,240,2280,480520
BANKNIFTY09JAN2032300CE.NFO,07/01/2020,09:27:09,47,46.95,160,47,140,600,480520
BANKNIFTY09JAN2032300CE.NFO,07/01/2020,09:27:10,47.2,47,40,47.25,60,700,480520
BANKNIFTY09JAN2032300CE.NFO,07/01/2020,09:27:11,47.2,47.05,100,47.35,320,340,480520
BANKNIFTY09JAN2032300CE.NFO,07/01/2020,09:27:13,47,47.2,40,47.3,80,160,480520
BANKNIFTY09JAN2032300CE.NFO,07/01/2020,09:27:14,47.3,47.3,220,47.5,20,240,480520
BANKNIFTY09JAN2032300CE.NFO,07/01/2020,09:27:15,47.4,47.35,120,47.6,80,880,480520
BANKNIFTY09JAN2032300CE.NFO,07/01/2020,09:27:16,47.6,47.6,60,47.85,80,500,480520
BANKNIFTY09JAN2032300CE.NFO,07/01/2020,09:27:17,47.6,47.35,40,47.55,260,60,480520
BANKNIFTY09JAN2032300CE.NFO,07/01/2020,09:27:18,47.45,47.25,20,47.45,320,180,480520
BANKNIFTY09JAN2032300CE.NFO,07/01/2020,09:27:19,47.25,47.25,20,47.3,340,60,480520
BANKNIFTY09JAN2032300CE.NFO,07/01/2020,09:27:20,47.05,46.9,120,47.05,40,580,480520
BANKNIFTY09JAN2032300CE.NFO,07/01/2020,09:27:21,47.05,47.05,20,47.15,80,60,480520
BANKNIFTY09JAN2032300CE.NFO,07/01/2020,09:27:22,47.2,47.2,120,47.4,20,160,480520
BANKNIFTY09JAN2032300CE.NFO,07/01/2020,09:27:23,47.55,47.4,40,47.7,100,180,480520
BANKNIFTY09JAN2032300CE.NFO,07/01/2020,09:27:24,47.5,47.45,80,47.6,20,220,480520
BANKNIFTY09JAN2032300CE.NFO,07/01/2020,09:27:25,47.75,47.55,100,47.85,220,1100,480520
BANKNIFTY09JAN2032300CE.NFO,07/01/2020,09:27:26,47.75,47.7,20,47.9,320,500,480520
BANKNIFTY09JAN2032300CE.NFO,07/01/2020,09:27:27,47.55,47.5,60,47.65,320,40,480520
BANKNIFTY09JAN2032300CE.NFO,07/01/2020,09:27:28,47.55,47.55,20,47.75,80,0,480520
BANKNIFTY09JAN2032300CE.NFO,07/01/2020,09:27:29,47.5,47.25,40,47.45,320,180,480520
BANKNIFTY09JAN2032300CE.NFO,07/01/2020,09:27:30,47.1,47.05,360,47.2,20,260,480520
BANKNIFTY09JAN2032300CE.NFO,07/01/2020,09:27:31,47.1,47.1,280,47.3,20,160,480520
BANKNIFTY09JAN2032300CE.NFO,07/01/2020,09:27:32,47.15,47.1,440,47.3,80,320,480520
BANKNIFTY09JAN2032300CE.NFO,07/01/2020,09:27:33,47.15,47.05,180,47.3,80,1600,480520
BANKNIFTY09JAN2032300CE.NFO,07/01/2020,09:27:34,47.15,47.05,180,47.3,320,0,480520
BANKNIFTY09JAN2032300CE.NFO,07/01/2020,09:27:35,47.15,47.1,40,47.25,80,400,480520
BANKNIFTY09JAN2032300CE.NFO,07/01/2020,09:27:36,47.35,47.2,380,47.4,240,60,480520
BANKNIFTY09JAN2032300CE.NFO,07/01/2020,09:27:37,47.7,47.7,260,47.95,300,2540,480520
BANKNIFTY09JAN2032300CE.NFO,07/01/2020,09:27:38,47.6,47.7,80,47.85,20,300,480520
BANKNIFTY09JAN2032300CE.NFO,07/01/2020,09:27:39,47.55,47.5,100,47.75,100,660,480520
BANKNIFTY09JAN2032300CE.NFO,07/01/2020,09:27:40,47.75,47.5,200,47.75,80,20,480520
BANKNIFTY09JAN2032300CE.NFO,07/01/2020,09:27:41,48.2,48.2,240,48.4,180,740,480520
BANKNIFTY09JAN2032300CE.NFO,07/01/2020,09:27:42,48.45,48.35,40,48.55,20,380,480520
BANKNIFTY09JAN2032300CE.NFO,07/01/2020,09:27:43,48.1,48.05,60,48.3,20,200,480520
BANKNIFTY09JAN2032300CE.NFO,07/01/2020,09:27:44,48.35,48.1,80,48.35,260,220,480520
BANKNIFTY09JAN2032300CE.NFO,07/01/2020,09:27:45,47.95,47.95,40,48.15,300,240,480520
BANKNIFTY09JAN2032300CE.NFO,07/01/2020,09:27:46,47.9,47.7,100,47.95,100,540,480520
BANKNIFTY09JAN2032300CE.NFO,07/01/2020,09:27:47,47.5,47.45,20,47.65,200,720,480520
BANKNIFTY09JAN2032300CE.NFO,07/01/2020,09:27:48,47.6,47.6,500,47.8,80,140,480520
BANKNIFTY09JAN2032300CE.NFO,07/01/2020,09:27:49,47.65,47.45,300,47.8,200,1620,480520
BANKNIFTY09JAN2032300CE.NFO,07/01/2020,09:27:50,48,47.9,300,48.15,220,580,480520
BANKNIFTY09JAN2032300CE.NFO,07/01/2020,09:27:51,48,47.95,80,48.15,200,0,480520
BANKNIFTY09JAN2032300CE.NFO,07/01/2020,09:27:52,47.95,47.95,100,48.15,20,360,480520
BANKNIFTY09JAN2032300CE.NFO,07/01/2020,09:27:53,48.15,48,120,48.15,100,440,480520
BANKNIFTY09JAN2032300CE.NFO,07/01/2020,09:27:54,47.85,47.75,100,47.85,40,60,480520
BANKNIFTY09JAN2032300CE.NFO,07/01/2020,09:27:55,47.85,47.7,120,47.85,60,280,480520
BANKNIFTY09JAN2032300CE.NFO,07/01/2020,09:27:56,48.15,47.7,160,47.9,80,960,480520
BANKNIFTY09JAN2032300CE.NFO,07/01/2020,09:27:57,47.8,47.65,500,47.8,240,80,480520
BANKNIFTY09JAN2032300CE.NFO,07/01/2020,09:27:58,47.75,47.65,500,47.85,80,40,480520
BANKNIFTY09JAN2032300CE.NFO,07/01/2020,09:27:59,47.7,47.7,100,47.9,40,1460,480520
BANKNIFTY09JAN2032300CE.NFO,07/01/2020,09:28:00,46.8,46.65,420,46.85,60,4160,480520
BANKNIFTY09JAN2032300CE.NFO,07/01/2020,09:28:01,46.6,46.6,80,46.85,60,680,480520
BANKNIFTY09JAN2032300CE.NFO,07/01/2020,09:28:02,47.5,47.4,200,47.7,160,160,480520
BANKNIFTY09JAN2032300CE.NFO,07/01/2020,09:28:03,47.5,47.4,200,47.7,160,0,480520
BANKNIFTY09JAN2032300CE.NFO,07/01/2020,09:28:04,47.8,47.8,80,47.95,40,140,480520
BANKNIFTY09JAN2032300CE.NFO,07/01/2020,09:28:05,48,48,140,48.25,40,580,480520
BANKNIFTY09JAN2032300CE.NFO,07/01/2020,09:28:06,48.2,48.2,180,48.4,40,480,480520
BANKNIFTY09JAN2032300CE.NFO,07/01/2020,09:28:07,47.85,47.8,420,47.95,20,160,480520
BANKNIFTY09JAN2032300CE.NFO,07/01/2020,09:28:08,48.4,48.25,220,48.5,20,520,480520
BANKNIFTY09JAN2032300CE.NFO,07/01/2020,09:28:09,48.7,48.6,20,48.85,380,80,480520
BANKNIFTY09JAN2032300CE.NFO,07/01/2020,09:28:10,48.05,48,20,48.15,20,3660,480520
BANKNIFTY09JAN2032300CE.NFO,07/01/2020,09:28:11,47.75,47.75,120,48.15,100,1260,480520
BANKNIFTY09JAN2032300CE.NFO,07/01/2020,09:28:12,47.5,47.35,20,47.55,60,880,480520
BANKNIFTY09JAN2032300CE.NFO,07/01/2020,09:28:13,47.8,47.7,400,48,180,300,480520
BANKNIFTY09JAN2032300CE.NFO,07/01/2020,09:28:14,48,47.9,260,48.25,40,740,480520
BANKNIFTY09JAN2032300CE.NFO,07/01/2020,09:28:15,47.75,47.55,120,47.85,340,260,480520
BANKNIFTY09JAN2032300CE.NFO,07/01/2020,09:28:16,47.4,47.25,180,47.5,100,300,480520
BANKNIFTY09JAN2032300CE.NFO,07/01/2020,09:28:17,47.55,47.35,20,47.5,80,140,480520
BANKNIFTY09JAN2032300CE.NFO,07/01/2020,09:28:18,47.35,47.3,180,47.55,60,260,480520
BANKNIFTY09JAN2032300CE.NFO,07/01/2020,09:28:19,46.75,46.55,80,46.8,320,1800,480520
BANKNIFTY09JAN2032300CE.NFO,07/01/2020,09:28:20,46.75,46.75,200,47,100,240,480520
BANKNIFTY09JAN2032300CE.NFO,07/01/2020,09:28:21,46.8,46.75,60,46.9,120,1060,480520
BANKNIFTY09JAN2032300CE.NFO,07/01/2020,09:28:22,46.8,46.55,80,46.7,20,600,480520
BANKNIFTY09JAN2032300CE.NFO,07/01/2020,09:28:23,46.6,46.45,180,46.7,280,420,480520
BANKNIFTY09JAN2032300CE.NFO,07/01/2020,09:28:24,46.7,46.55,100,46.75,80,560,480520
BANKNIFTY09JAN2032300CE.NFO,07/01/2020,09:28:25,46.5,46.4,100,46.6,80,220,480520
BANKNIFTY09JAN2032300CE.NFO,07/01/2020,09:28:26,46.55,46.55,260,46.75,20,580,480520
BANKNIFTY09JAN2032300CE.NFO,07/01/2020,09:28:27,46.55,46.5,20,46.6,80,1360,480520
BANKNIFTY09JAN2032300CE.NFO,07/01/2020,09:28:28,46.45,46.3,300,46.6,320,100,480520
BANKNIFTY09JAN2032300CE.NFO,07/01/2020,09:28:29,46.45,46.25,60,46.4,40,0,480520
BANKNIFTY09JAN2032300CE.NFO,07/01/2020,09:28:30,46.85,46.75,20,47,140,300,480520
BANKNIFTY09JAN2032300CE.NFO,07/01/2020,09:28:31,46.3,46.25,320,46.45,20,840,480520
BANKNIFTY09JAN2032300CE.NFO,07/01/2020,09:28:32,46.7,46.6,20,46.7,80,260,480520
BANKNIFTY09JAN2032300CE.NFO,07/01/2020,09:28:33,46.9,46.8,160,47.05,320,220,480520
BANKNIFTY09JAN2032300CE.NFO,07/01/2020,09:28:34,47,46.75,80,46.95,20,580,480520
BANKNIFTY09JAN2032300CE.NFO,07/01/2020,09:28:35,46.6,46.45,100,46.75,80,420,480520
BANKNIFTY09JAN2032300CE.NFO,07/01/2020,09:28:36,46.35,46.25,180,46.5,60,60,480520
BANKNIFTY09JAN2032300CE.NFO,07/01/2020,09:28:37,46.3,46.25,320,46.45,80,140,480520
BANKNIFTY09JAN2032300CE.NFO,07/01/2020,09:28:38,46,46.15,20,46.3,380,720,480520
BANKNIFTY09JAN2032300CE.NFO,07/01/2020,09:28:39,46.25,46.25,320,46.4,60,540,480520
BANKNIFTY09JAN2032300CE.NFO,07/01/2020,09:28:40,46.2,46.15,240,46.4,260,940,480520
BANKNIFTY09JAN2032300CE.NFO,07/01/2020,09:28:41,46.3,46.35,80,46.45,120,2120,480520
BANKNIFTY09JAN2032300CE.NFO,07/01/2020,09:28:42,46.55,46.25,100,46.55,320,280,480520
BANKNIFTY09JAN2032300CE.NFO,07/01/2020,09:28:43,46.3,46.15,120,46.35,80,20,480520
BANKNIFTY09JAN2032300CE.NFO,07/01/2020,09:28:44,46.1,45.9,20,46.1,320,80,480520
BANKNIFTY09JAN2032300CE.NFO,07/01/2020,09:28:45,45.95,45.9,60,46,100,560,480520
BANKNIFTY09JAN2032300CE.NFO,07/01/2020,09:28:46,46.2,46,80,46.2,100,640,480520
BANKNIFTY09JAN2032300CE.NFO,07/01/2020,09:28:47,46,46,80,46.15,20,40,480520
BANKNIFTY09JAN2032300CE.NFO,07/01/2020,09:28:48,46.2,46.15,160,46.45,420,80,480520
BANKNIFTY09JAN2032300CE.NFO,07/01/2020,09:28:49,46.2,46,140,46.3,480,720,480520
BANKNIFTY09JAN2032300CE.NFO,07/01/2020,09:28:50,46.2,46.05,320,46.25,40,160,480520
BANKNIFTY09JAN2032300CE.NFO,07/01/2020,09:28:51,46.4,46.45,80,46.55,20,680,480520
BANKNIFTY09JAN2032300CE.NFO,07/01/2020,09:28:52,46.25,46.25,160,46.5,320,240,480520
BANKNIFTY09JAN2032300CE.NFO,07/01/2020,09:28:53,46.25,46.15,40,46.35,20,80,480520
BANKNIFTY09JAN2032300CE.NFO,07/01/2020,09:28:54,46.45,46.3,280,46.5,80,300,480520
BANKNIFTY09JAN2032300CE.NFO,07/01/2020,09:28:55,46.5,46.3,20,46.45,20,400,480520
BANKNIFTY09JAN2032300CE.NFO,07/01/2020,09:28:56,46.15,46.05,320,46.25,40,1040,480520
BANKNIFTY09JAN2032300CE.NFO,07/01/2020,09:28:57,45.8,45.7,360,45.95,40,1460,480520
BANKNIFTY09JAN2032300CE.NFO,07/01/2020,09:28:58,45.9,45.9,200,46,300,60,480520
BANKNIFTY09JAN2032300CE.NFO,07/01/2020,09:28:59,45.8,45.55,180,45.85,80,520,480520
BANKNIFTY09JAN2032300CE.NFO,07/01/2020,09:29:00,46.15,46,20,46.15,140,220,480520
BANKNIFTY09JAN2032300CE.NFO,07/01/2020,09:29:01,46,45.75,340,46.05,40,60,480520
BANKNIFTY09JAN2032300CE.NFO,07/01/2020,09:29:02,46,45.9,80,46.2,120,320,480520
BANKNIFTY09JAN2032300CE.NFO,07/01/2020,09:29:03,46.3,46.2,160,46.5,380,560,480520
BANKNIFTY09JAN2032300CE.NFO,07/01/2020,09:29:04,46.5,46.6,80,46.7,20,420,480520
BANKNIFTY09JAN2032300CE.NFO,07/01/2020,09:29:05,46.95,46.75,120,47,920,300,480520
BANKNIFTY09JAN2032300CE.NFO,07/01/2020,09:29:06,47.2,47.2,240,47.4,40,1540,480520
BANKNIFTY09JAN2032300CE.NFO,07/01/2020,09:29:07,47.55,47.3,360,47.6,120,600,480520
BANKNIFTY09JAN2032300CE.NFO,07/01/2020,09:29:08,47.55,47.3,380,47.6,160,420,480520
BANKNIFTY09JAN2032300CE.NFO,07/01/2020,09:29:09,47.8,47.55,320,47.85,620,560,480520
BANKNIFTY09JAN2032300CE.NFO,07/01/2020,09:29:10,47.65,47.7,20,47.9,80,160,480520
BANKNIFTY09JAN2032300CE.NFO,07/01/2020,09:29:11,47.6,47.55,100,47.75,40,100,478840
BANKNIFTY09JAN2032300CE.NFO,07/01/2020,09:29:12,47.35,47.15,420,47.4,20,520,478840
BANKNIFTY09JAN2032300CE.NFO,07/01/2020,09:29:13,47.5,47.25,80,47.4,20,440,478840
BANKNIFTY09JAN2032300CE.NFO,07/01/2020,09:29:14,47,46.9,20,47.05,20,80,478840
BANKNIFTY09JAN2032300CE.NFO,07/01/2020,09:29:15,47,46.8,160,47.05,20,0,478840
BANKNIFTY09JAN2032300CE.NFO,07/01/2020,09:29:16,47.35,47.15,120,47.35,80,1240,478840
BANKNIFTY09JAN2032300CE.NFO,07/01/2020,09:29:17,47.35,47.15,80,47.35,40,0,478840
BANKNIFTY09JAN2032300CE.NFO,07/01/2020,09:29:18,47.35,47.35,80,47.55,300,40,478840
BANKNIFTY09JAN2032300CE.NFO,07/01/2020,09:29:19,47.15,47,280,47.3,20,300,478840
BANKNIFTY09JAN2032300CE.NFO,07/01/2020,09:29:20,47.15,47,80,47.15,160,160,478840
BANKNIFTY09JAN2032300CE.NFO,07/01/2020,09:29:21,46.9,46.75,320,47,20,220,478840
BANKNIFTY09JAN2032300CE.NFO,07/01/2020,09:29:22,47.05,46.75,40,47,220,180,478840
BANKNIFTY09JAN2032300CE.NFO,07/01/2020,09:29:23,47,46.85,80,47.1,160,100,478840
BANKNIFTY09JAN2032300CE.NFO,07/01/2020,09:29:24,46.8,46.85,320,47.1,60,500,478840
BANKNIFTY09JAN2032300CE.NFO,07/01/2020,09:29:25,46.85,46.9,20,47.15,120,20,478840
BANKNIFTY09JAN2032300CE.NFO,07/01/2020,09:29:26,46.8,46.95,80,47.15,40,20,478840
BANKNIFTY09JAN2032300CE.NFO,07/01/2020,09:29:27,47.1,46.8,100,47.1,520,660,478840
BANKNIFTY09JAN2032300CE.NFO,07/01/2020,09:29:28,46.45,46.3,60,46.55,100,620,478840
BANKNIFTY09JAN2032300CE.NFO,07/01/2020,09:29:29,46.7,46.6,320,46.85,40,360,478840
BANKNIFTY09JAN2032300CE.NFO,07/01/2020,09:29:30,46.7,46.7,60,46.85,20,160,478840
BANKNIFTY09JAN2032300CE.NFO,07/01/2020,09:29:31,46.6,46.6,160,46.85,380,180,478840
BANKNIFTY09JAN2032300CE.NFO,07/01/2020,09:29:32,46.6,46.35,200,46.6,240,200,478840
BANKNIFTY09JAN2032300CE.NFO,07/01/2020,09:29:33,46.6,46.3,20,46.5,100,200,478840
BANKNIFTY09JAN2032300CE.NFO,07/01/2020,09:29:34,46.6,46.35,320,46.6,100,580,478840
BANKNIFTY09JAN2032300CE.NFO,07/01/2020,09:29:35,46.5,46.4,80,46.55,20,20,478840
BANKNIFTY09JAN2032300CE.NFO,07/01/2020,09:29:36,46.45,46.4,80,46.6,140,60,478840
BANKNIFTY09JAN2032300CE.NFO,07/01/2020,09:29:37,46.25,46.2,80,46.45,40,120,478840
BANKNIFTY09JAN2032300CE.NFO,07/01/2020,09:29:38,46.45,46.3,340,46.55,120,800,478840
BANKNIFTY09JAN2032300CE.NFO,07/01/2020,09:29:39,46.4,46.3,80,46.5,140,20,478840
BANKNIFTY09JAN2032300CE.NFO,07/01/2020,09:29:40,46.2,46.2,100,46.3,500,560,478840
BANKNIFTY09JAN2032300CE.NFO,07/01/2020,09:29:41,46.1,46.05,120,46.15,20,20,478840
BANKNIFTY09JAN2032300CE.NFO,07/01/2020,09:29:42,45.85,45.7,440,46,20,800,478840
BANKNIFTY09JAN2032300CE.NFO,07/01/2020,09:29:43,45.7,45.6,420,45.75,80,420,478840
BANKNIFTY09JAN2032300CE.NFO,07/01/2020,09:29:44,45.7,45.6,420,45.75,320,0,478840
BANKNIFTY09JAN2032300CE.NFO,07/01/2020,09:29:45,45.4,45.35,340,45.6,80,1140,478840
BANKNIFTY09JAN2032300CE.NFO,07/01/2020,09:29:46,45.9,45.65,80,45.9,1260,520,478840
BANKNIFTY09JAN2032300CE.NFO,07/01/2020,09:29:47,46,46.1,320,46.3,700,1680,478840
BANKNIFTY09JAN2032300CE.NFO,07/01/2020,09:29:48,46.6,46.6,300,46.85,120,1520,478840
BANKNIFTY09JAN2032300CE.NFO,07/01/2020,09:29:49,46.2,46.25,240,46.5,140,280,478840
BANKNIFTY09JAN2032300CE.NFO,07/01/2020,09:29:50,46.3,46.05,20,46.25,20,120,478840
BANKNIFTY09JAN2032300CE.NFO,07/01/2020,09:29:51,45.95,46,240,46.2,200,20,478840
BANKNIFTY09JAN2032300CE.NFO,07/01/2020,09:29:52,46.2,46.1,80,46.3,20,360,478840
BANKNIFTY09JAN2032300CE.NFO,07/01/2020,09:29:53,46.1,45.95,20,46,20,100,478840
BANKNIFTY09JAN2032300CE.NFO,07/01/2020,09:29:54,46,45.95,40,46.15,260,400,478840
BANKNIFTY09JAN2032300CE.NFO,07/01/2020,09:29:55,46.15,46,20,46.2,380,280,478840
BANKNIFTY09JAN2032300CE.NFO,07/01/2020,09:29:56,46.2,46.35,20,46.5,100,520,478840
BANKNIFTY09JAN2032300CE.NFO,07/01/2020,09:29:57,46.15,45.95,500,46.25,320,100,478840
BANKNIFTY09JAN2032300CE.NFO,07/01/2020,09:29:58,46.4,46.4,20,46.6,40,240,478840
BANKNIFTY09JAN2032300CE.NFO,07/01/2020,09:29:59,46.45,46.45,20,46.6,80,1260,478840
BANKNIFTY09JAN2032300CE.NFO,07/01/2020,09:30:00,46.5,46.35,20,46.6,140,460,478840
BANKNIFTY09JAN2032300CE.NFO,07/01/2020,09:30:01,46.75,46.6,20,46.85,320,820,478840
BANKNIFTY09JAN2032300CE.NFO,07/01/2020,09:30:02,46.7,46.75,420,46.95,100,580,478840
BANKNIFTY09JAN2032300CE.NFO,07/01/2020,09:30:03,46.95,47.05,40,47.2,20,1680,478840
BANKNIFTY09JAN2032300CE.NFO,07/01/2020,09:30:04,46.75,46.7,20,46.85,340,400,478840
BANKNIFTY09JAN2032300CE.NFO,07/01/2020,09:30:05,46.65,46.6,40,46.75,80,200,478840
BANKNIFTY09JAN2032300CE.NFO,07/01/2020,09:30:06,46.8,46.9,300,47.05,340,520,478840
BANKNIFTY09JAN2032300CE.NFO,07/01/2020,09:30:07,46.9,46.85,20,46.95,320,280,478840
BANKNIFTY09JAN2032300CE.NFO,07/01/2020,09:30:08,46.7,46.8,20,47,340,80,478840
BANKNIFTY09JAN2032300CE.NFO,07/01/2020,09:30:09,47.05,46.85,80,47.05,320,320,478840
BANKNIFTY09JAN2032300CE.NFO,07/01/2020,09:30:10,47.25,47.1,20,47.3,280,900,478840
BANKNIFTY09JAN2032300CE.NFO,07/01/2020,09:30:11,47.3,47.3,80,47.4,40,120,478840
BANKNIFTY09JAN2032300CE.NFO,07/01/2020,09:30:12,47.25,47.2,100,47.45,640,220,478840
BANKNIFTY09JAN2032300CE.NFO,07/01/2020,09:30:13,47.05,47.05,180,47.2,160,300,478840
BANKNIFTY09JAN2032300CE.NFO,07/01/2020,09:30:14,47.25,47.15,320,47.45,480,240,478840
BANKNIFTY09JAN2032300CE.NFO,07/01/2020,09:30:15,47.25,47.15,320,47.35,20,100,478840
BANKNIFTY09JAN2032300CE.NFO,07/01/2020,09:30:16,47.2,47.15,100,47.25,60,140,478840
BANKNIFTY09JAN2032300CE.NFO,07/01/2020,09:30:17,47.55,47.25,380,47.45,40,860,478840
BANKNIFTY09JAN2032300CE.NFO,07/01/2020,09:30:18,47.35,47.25,340,47.5,80,1120,478840
BANKNIFTY09JAN2032300CE.NFO,07/01/2020,09:30:19,47.35,47.35,320,47.55,20,0,478840
BANKNIFTY09JAN2032300CE.NFO,07/01/2020,09:30:20,47.5,47.35,240,47.55,20,720,478840
BANKNIFTY09JAN2032300CE.NFO,07/01/2020,09:30:21,47.25,47.2,100,47.4,100,1440,478840
BANKNIFTY09JAN2032300CE.NFO,07/01/2020,09:30:22,47.55,47.35,480,47.6,60,500,478840
BANKNIFTY09JAN2032300CE.NFO,07/01/2020,09:30:23,47.5,47.5,180,47.55,20,360,478840
BANKNIFTY09JAN2032300CE.NFO,07/01/2020,09:30:24,47.5,47.4,200,47.6,40,940,478840
BANKNIFTY09JAN2032300CE.NFO,07/01/2020,09:30:25,47.35,47.5,60,47.55,60,320,478840
BANKNIFTY09JAN2032300CE.NFO,07/01/2020,09:30:26,47.55,47.4,340,47.6,60,220,478840
BANKNIFTY09JAN2032300CE.NFO,07/01/2020,09:30:27,47.55,47.5,300,47.7,40,320,478840
BANKNIFTY09JAN2032300CE.NFO,07/01/2020,09:30:28,47.5,47.4,60,47.65,320,860,478840
BANKNIFTY09JAN2032300CE.NFO,07/01/2020,09:30:29,47.6,47.45,280,47.7,60,260,478840
BANKNIFTY09JAN2032300CE.NFO,07/01/2020,09:30:30,47.45,47.4,100,47.65,200,240,478840
BANKNIFTY09JAN2032300CE.NFO,07/01/2020,09:30:31,47.5,47.4,1700,47.7,160,620,478840
BANKNIFTY09JAN2032300CE.NFO,07/01/2020,09:30:32,47.45,47.4,1580,47.55,20,480,478840
BANKNIFTY09JAN2032300CE.NFO,07/01/2020,09:30:33,47.65,47.4,1640,47.7,80,1480,478840
BANKNIFTY09JAN2032300CE.NFO,07/01/2020,09:30:34,47.45,47.3,760,47.6,140,1920,478840
BANKNIFTY09JAN2032300CE.NFO,07/01/2020,09:30:35,47.7,47.55,320,47.8,160,460,478840
BANKNIFTY09JAN2032300CE.NFO,07/01/2020,09:30:36,47.6,47.6,260,47.8,140,500,478840
BANKNIFTY09JAN2032300CE.NFO,07/01/2020,09:30:37,47.55,47.45,1500,47.6,100,700,478840
BANKNIFTY09JAN2032300CE.NFO,07/01/2020,09:30:38,47.45,47.35,20,47.5,200,940,478840
BANKNIFTY09JAN2032300CE.NFO,07/01/2020,09:30:39,47.55,47.45,340,47.7,100,1520,478840
BANKNIFTY09JAN2032300CE.NFO,07/01/2020,09:30:40,47.55,47.5,20,47.55,20,100,478840
BANKNIFTY09JAN2032300CE.NFO,07/01/2020,09:30:41,47.4,47.4,40,47.55,120,280,478840
BANKNIFTY09JAN2032300CE.NFO,07/01/2020,09:30:42,47.65,47.65,40,47.7,300,200,478840
BANKNIFTY09JAN2032300CE.NFO,07/01/2020,09:30:43,47.75,47.6,60,47.8,300,680,478840
BANKNIFTY09JAN2032300CE.NFO,07/01/2020,09:30:44,47.6,47.6,320,47.85,140,2320,478840
BANKNIFTY09JAN2032300CE.NFO,07/01/2020,09:30:45,47.75,47.7,80,47.9,420,280,478840
BANKNIFTY09JAN2032300CE.NFO,07/01/2020,09:30:46,47.7,47.6,380,47.8,140,1760,478840
BANKNIFTY09JAN2032300CE.NFO,07/01/2020,09:30:47,47.5,47.35,20,47.5,120,960,478840
BANKNIFTY09JAN2032300CE.NFO,07/01/2020,09:30:48,47.55,47.65,20,47.85,400,700,478840
BANKNIFTY09JAN2032300CE.NFO,07/01/2020,09:30:49,47.6,47.3,120,47.5,20,680,478840
BANKNIFTY09JAN2032300CE.NFO,07/01/2020,09:30:50,47.5,47.45,300,47.65,20,80,478840
BANKNIFTY09JAN2032300CE.NFO,07/01/2020,09:30:51,47.5,47.5,160,47.7,100,3500,478840
BANKNIFTY09JAN2032300CE.NFO,07/01/2020,09:30:52,47.9,47.6,320,47.8,20,980,478840
BANKNIFTY09JAN2032300CE.NFO,07/01/2020,09:30:53,47.75,47.7,340,47.9,140,40,478840
BANKNIFTY09JAN2032300CE.NFO,07/01/2020,09:30:54,47.65,47.5,40,47.65,220,120,478840
BANKNIFTY09JAN2032300CE.NFO,07/01/2020,09:30:55,47.65,47.5,40,47.65,100,240,478840
BANKNIFTY09JAN2032300CE.NFO,07/01/2020,09:30:56,47.65,47.55,80,47.7,300,420,478840
BANKNIFTY09JAN2032300CE.NFO,07/01/2020,09:30:57,47.5,47.35,160,47.6,240,80,478840
BANKNIFTY09JAN2032300CE.NFO,07/01/2020,09:30:58,47.4,47.4,320,47.6,120,560,478840
BANKNIFTY09JAN2032300CE.NFO,07/01/2020,09:30:59,47.55,47.5,260,47.7,220,140,478840
BANKNIFTY09JAN2032300CE.NFO,07/01/2020,09:31:00,47.85,47.85,80,48.1,120,1460,478840
BANKNIFTY09JAN2032300CE.NFO,07/01/2020,09:31:01,47.9,47.85,180,47.95,140,240,478840
BANKNIFTY09JAN2032300CE.NFO,07/01/2020,09:31:02,47.95,47.85,80,48.1,280,600,478840
BANKNIFTY09JAN2032300CE.NFO,07/01/2020,09:31:03,48.2,47.95,140,48.25,140,1040,478840
BANKNIFTY09JAN2032300CE.NFO,07/01/2020,09:31:04,47.7,47.8,240,48,20,500,478840
BANKNIFTY09JAN2032300CE.NFO,07/01/2020,09:31:05,47.85,47.85,320,48.1,80,240,478840
BANKNIFTY09JAN2032300CE.NFO,07/01/2020,09:31:06,47.95,47.85,80,48.1,80,260,478840
BANKNIFTY09JAN2032300CE.NFO,07/01/2020,09:31:07,47.85,47.75,20,47.95,80,1200,478840
BANKNIFTY09JAN2032300CE.NFO,07/01/2020,09:31:08,47.75,47.6,20,47.85,80,60,478840
BANKNIFTY09JAN2032300CE.NFO,07/01/2020,09:31:09,47.8,47.55,140,47.75,20,600,478840
BANKNIFTY09JAN2032300CE.NFO,07/01/2020,09:31:10,47.8,47.65,140,47.9,60,620,478840
BANKNIFTY09JAN2032300CE.NFO,07/01/2020,09:31:11,47.95,47.9,20,48.1,300,120,478840
BANKNIFTY09JAN2032300CE.NFO,07/01/2020,09:31:12,47.8,47.8,340,48.1,260,380,478840
BANKNIFTY09JAN2032300CE.NFO,07/01/2020,09:31:13,47.8,47.8,380,48.1,260,0,478840
BANKNIFTY09JAN2032300CE.NFO,07/01/2020,09:31:14,47.95,48.1,140,48.35,20,120,478840
BANKNIFTY09JAN2032300CE.NFO,07/01/2020,09:31:15,48,48.05,40,48.3,260,340,478840
BANKNIFTY09JAN2032300CE.NFO,07/01/2020,09:31:16,48.3,47.95,180,48.2,240,220,478840
BANKNIFTY09JAN2032300CE.NFO,07/01/2020,09:31:17,48.3,48.3,200,48.45,280,160,478840
BANKNIFTY09JAN2032300CE.NFO,07/01/2020,09:31:18,48.65,48.35,100,48.55,20,320,478840
BANKNIFTY09JAN2032300CE.NFO,07/01/2020,09:31:19,48.6,48.5,100,48.7,300,20,478840
BANKNIFTY09JAN2032300CE.NFO,07/01/2020,09:31:20,48.6,48.65,260,48.85,100,600,478840
BANKNIFTY09JAN2032300CE.NFO,07/01/2020,09:31:21,48.5,48.35,20,48.55,60,180,478840
BANKNIFTY09JAN2032300CE.NFO,07/01/2020,09:31:22,48.6,48.6,20,48.8,240,220,478840
BANKNIFTY09JAN2032300CE.NFO,07/01/2020,09:31:23,48.65,48.45,260,48.7,260,720,478840
BANKNIFTY09JAN2032300CE.NFO,07/01/2020,09:31:24,48.85,48.55,260,48.8,20,140,478840
BANKNIFTY09JAN2032300CE.NFO,07/01/2020,09:31:25,49.2,49.15,20,49.4,160,3320,478840
BANKNIFTY09JAN2032300CE.NFO,07/01/2020,09:31:26,49.05,49.05,300,49.3,300,180,478840
BANKNIFTY09JAN2032300CE.NFO,07/01/2020,09:31:27,49.25,49.25,280,49.45,20,80,478840
BANKNIFTY09JAN2032300CE.NFO,07/01/2020,09:31:28,49.3,49.3,480,49.5,20,340,478840
BANKNIFTY09JAN2032300CE.NFO,07/01/2020,09:31:29,49.75,49.75,240,49.95,300,520,478840
BANKNIFTY09JAN2032300CE.NFO,07/01/2020,09:31:30,49.75,49.65,20,49.75,260,340,478840
BANKNIFTY09JAN2032300CE.NFO,07/01/2020,09:31:31,50,49.8,260,50,400,1160,478840
BANKNIFTY09JAN2032300CE.NFO,07/01/2020,09:31:32,50,49.7,460,50,340,140,478840
BANKNIFTY09JAN2032300CE.NFO,07/01/2020,09:31:33,49.9,49.65,60,49.95,60,900,478840
BANKNIFTY09JAN2032300CE.NFO,07/01/2020,09:31:34,49.9,49.6,200,49.85,20,500,478840
BANKNIFTY09JAN2032300CE.NFO,07/01/2020,09:31:35,49.85,49.95,20,50.2,400,2540,478840
BANKNIFTY09JAN2032300CE.NFO,07/01/2020,09:31:36,50.2,50.15,20,50.4,20,1220,478840
BANKNIFTY09JAN2032300CE.NFO,07/01/2020,09:31:37,50.9,50.55,60,50.9,100,4140,478840
BANKNIFTY09JAN2032300CE.NFO,07/01/2020,09:31:38,50.7,50.65,100,50.95,40,100,478840
BANKNIFTY09JAN2032300CE.NFO,07/01/2020,09:31:39,50.75,50.5,340,50.75,20,200,478840
BANKNIFTY09JAN2032300CE.NFO,07/01/2020,09:31:40,50.8,50.4,140,50.7,60,360,478840
BANKNIFTY09JAN2032300CE.NFO,07/01/2020,09:31:41,50.65,50.65,280,50.95,40,2380,478840
BANKNIFTY09JAN2032300CE.NFO,07/01/2020,09:31:42,50.95,50.95,20,51.1,20,240,478840
BANKNIFTY09JAN2032300CE.NFO,07/01/2020,09:31:43,51.15,50.95,20,51.25,180,2800,478840
BANKNIFTY09JAN2032300CE.NFO,07/01/2020,09:31:44,50.65,50.75,20,51.05,40,1240,478840
BANKNIFTY09JAN2032300CE.NFO,07/01/2020,09:31:45,50.9,50.55,60,50.9,380,400,478840
BANKNIFTY09JAN2032300CE.NFO,07/01/2020,09:31:46,51,50.65,320,51,160,920,478840
BANKNIFTY09JAN2032300CE.NFO,07/01/2020,09:31:47,50.55,50.55,80,50.8,300,240,478840
BANKNIFTY09JAN2032300CE.NFO,07/01/2020,09:31:48,50.45,50.45,300,50.7,40,680,478840
BANKNIFTY09JAN2032300CE.NFO,07/01/2020,09:31:49,50.85,50.8,100,51.15,240,1320,478840
BANKNIFTY09JAN2032300CE.NFO,07/01/2020,09:31:50,50.65,50.65,320,50.95,80,520,478840
BANKNIFTY09JAN2032300CE.NFO,07/01/2020,09:31:51,50.85,50.85,60,51.15,140,280,478840
BANKNIFTY09JAN2032300CE.NFO,07/01/2020,09:31:52,50.85,50.85,120,51.05,20,360,478840
BANKNIFTY09JAN2032300CE.NFO,07/01/2020,09:31:53,50.9,50.95,20,51.1,20,100,478840
BANKNIFTY09JAN2032300CE.NFO,07/01/2020,09:31:54,51.15,50.9,380,51.3,340,440,478840
BANKNIFTY09JAN2032300CE.NFO,07/01/2020,09:31:55,51.15,51.05,280,51.3,100,320,478840
BANKNIFTY09JAN2032300CE.NFO,07/01/2020,09:31:56,51.1,51,1980,51.3,240,220,478840
BANKNIFTY09JAN2032300CE.NFO,07/01/2020,09:31:57,51.25,51,1900,51.3,320,560,478840
BANKNIFTY09JAN2032300CE.NFO,07/01/2020,09:31:58,51.1,51.05,40,51.25,20,380,478840
BANKNIFTY09JAN2032300CE.NFO,07/01/2020,09:31:59,51.05,51,1560,51.15,20,120,478840
BANKNIFTY09JAN2032300CE.NFO,07/01/2020,09:32:00,51.05,51.05,40,51.3,120,80,478840
BANKNIFTY09JAN2032300CE.NFO,07/01/2020,09:32:01,51,51,640,51.15,20,1320,478840
BANKNIFTY09JAN2032300CE.NFO,07/01/2020,09:32:02,51,51,460,51.15,20,320,478840
BANKNIFTY09JAN2032300CE.NFO,07/01/2020,09:32:03,51.25,51,260,51.25,420,2780,478840
BANKNIFTY09JAN2032300CE.NFO,07/01/2020,09:32:04,51.1,51,20,51.15,20,160,478840
BANKNIFTY09JAN2032300CE.NFO,07/01/2020,09:32:05,51.15,51,1000,51.25,340,600,478840
BANKNIFTY09JAN2032300CE.NFO,07/01/2020,09:32:06,50.9,50.85,80,50.95,300,1200,478840
BANKNIFTY09JAN2032300CE.NFO,07/01/2020,09:32:07,50.3,50.3,320,50.55,80,700,478840
BANKNIFTY09JAN2032300CE.NFO,07/01/2020,09:32:08,50.3,50.25,200,50.55,360,380,478840
BANKNIFTY09JAN2032300CE.NFO,07/01/2020,09:32:09,50.4,50.25,40,50.4,160,340,478840
BANKNIFTY09JAN2032300CE.NFO,07/01/2020,09:32:10,50.35,50.05,180,50.35,140,440,478840
BANKNIFTY09JAN2032300CE.NFO,07/01/2020,09:32:11,50.5,50.3,20,50.5,260,520,474680
BANKNIFTY09JAN2032300CE.NFO,07/01/2020,09:32:12,50.1,50.1,300,50.35,40,120,474680
BANKNIFTY09JAN2032300CE.NFO,07/01/2020,09:32:13,50.4,50.15,20,50.4,160,60,474680
BANKNIFTY09JAN2032300CE.NFO,07/01/2020,09:32:14,50.6,50.3,60,50.75,60,1000,474680
BANKNIFTY09JAN2032300CE.NFO,07/01/2020,09:32:15,50.55,50.55,60,50.7,180,2120,474680
BANKNIFTY09JAN2032300CE.NFO,07/01/2020,09:32:16,50.75,50.6,300,50.85,100,280,474680
BANKNIFTY09JAN2032300CE.NFO,07/01/2020,09:32:17,50.85,50.75,280,50.95,20,260,474680
BANKNIFTY09JAN2032300CE.NFO,07/01/2020,09:32:18,51.1,50.9,320,51.15,180,640,474680
BANKNIFTY09JAN2032300CE.NFO,07/01/2020,09:32:19,51.4,51.05,80,51.45,200,640,474680
BANKNIFTY09JAN2032300CE.NFO,07/01/2020,09:32:20,51.2,51.15,60,51.45,120,3720,474680
BANKNIFTY09JAN2032300CE.NFO,07/01/2020,09:32:21,50.95,50.85,60,51.15,160,320,474680
BANKNIFTY09JAN2032300CE.NFO,07/01/2020,09:32:22,51.05,51,260,51.25,80,760,474680
BANKNIFTY09JAN2032300CE.NFO,07/01/2020,09:32:23,51.05,50.95,80,51.2,20,280,474680
BANKNIFTY09JAN2032300CE.NFO,07/01/2020,09:32:24,51.15,50.75,260,51.1,140,3920,474680
BANKNIFTY09JAN2032300CE.NFO,07/01/2020,09:32:25,51.2,51.1,260,51.5,300,840,474680
BANKNIFTY09JAN2032300CE.NFO,07/01/2020,09:32:26,51.1,50.85,240,51.15,20,520,474680
BANKNIFTY09JAN2032300CE.NFO,07/01/2020,09:32:27,51.35,51.2,20,51.45,20,400,474680
BANKNIFTY09JAN2032300CE.NFO,07/01/2020,09:32:28,51.75,51.3,40,51.65,180,140,474680
BANKNIFTY09JAN2032300CE.NFO,07/01/2020,09:32:29,51.75,51.5,60,51.75,40,240,474680
BANKNIFTY09JAN2032300CE.NFO,07/01/2020,09:32:30,51.65,51.65,40,51.85,40,200,474680
BANKNIFTY09JAN2032300CE.NFO,07/01/2020,09:32:31,51.85,51.55,20,51.85,260,2140,474680
BANKNIFTY09JAN2032300CE.NFO,07/01/2020,09:32:32,51.85,51.75,140,51.95,260,620,474680
BANKNIFTY09JAN2032300CE.NFO,07/01/2020,09:32:33,51.95,51.65,80,51.9,20,520,474680
BANKNIFTY09JAN2032300CE.NFO,07/01/2020,09:32:34,52.2,52,20,52.2,40,1440,474680
BANKNIFTY09JAN2032300CE.NFO,07/01/2020,09:32:35,51.75,51.9,60,52.15,260,840,474680
BANKNIFTY09JAN2032300CE.NFO,07/01/2020,09:32:36,52.55,52.35,20,52.6,160,440,474680
BANKNIFTY09JAN2032300CE.NFO,07/01/2020,09:32:37,52.6,52.3,40,52.55,60,500,474680
BANKNIFTY09JAN2032300CE.NFO,07/01/2020,09:32:38,52.4,52.55,20,52.8,80,400,474680
BANKNIFTY09JAN2032300CE.NFO,07/01/2020,09:32:39,52.95,52.9,260,53.1,300,1780,474680
BANKNIFTY09JAN2032300CE.NFO,07/01/2020,09:32:40,53.1,53.1,20,53.35,540,600,474680
BANKNIFTY09JAN2032300CE.NFO,07/01/2020,09:32:41,53.7,53.3,20,53.6,20,6000,474680
BANKNIFTY09JAN2032300CE.NFO,07/01/2020,09:32:42,53.5,53.15,160,53.45,20,220,474680
BANKNIFTY09JAN2032300CE.NFO,07/01/2020,09:32:43,53.45,53.2,300,53.45,160,540,474680
BANKNIFTY09JAN2032300CE.NFO,07/01/2020,09:32:44,53.3,53.2,20,53.45,20,2600,474680
BANKNIFTY09JAN2032300CE.NFO,07/01/2020,09:32:45,53.4,53.15,20,53.4,180,240,474680
BANKNIFTY09JAN2032300CE.NFO,07/01/2020,09:32:46,53.3,53.25,20,53.4,100,300,474680
BANKNIFTY09JAN2032300CE.NFO,07/01/2020,09:32:47,53.25,53,20,53.2,260,240,474680
BANKNIFTY09JAN2032300CE.NFO,07/01/2020,09:32:48,53.15,52.95,20,53.15,200,520,474680
BANKNIFTY09JAN2032300CE.NFO,07/01/2020,09:32:49,53.05,52.75,80,53,20,1480,474680
BANKNIFTY09JAN2032300CE.NFO,07/01/2020,09:32:50,52.9,52.65,20,52.9,20,380,474680
BANKNIFTY09JAN2032300CE.NFO,07/01/2020,09:32:51,53,52.7,260,52.85,20,220,474680
BANKNIFTY09JAN2032300CE.NFO,07/01/2020,09:32:52,52.75,52.7,20,52.8,300,580,474680
BANKNIFTY09JAN2032300CE.NFO,07/01/2020,09:32:53,52.8,52.75,260,52.95,20,560,474680
BANKNIFTY09JAN2032300CE.NFO,07/01/2020,09:32:54,52.35,52.4,80,52.65,340,1200,474680
BANKNIFTY09JAN2032300CE.NFO,07/01/2020,09:32:55,52.5,52.3,20,52.5,40,2800,474680
BANKNIFTY09JAN2032300CE.NFO,07/01/2020,09:32:56,52.1,52.1,160,52.25,20,160,474680
BANKNIFTY09JAN2032300CE.NFO,07/01/2020,09:32:57,51.95,51.8,20,52,20,2560,474680
BANKNIFTY09JAN2032300CE.NFO,07/01/2020,09:32:58,52.05,51.8,200,52.05,40,880,474680
BANKNIFTY09JAN2032300CE.NFO,07/01/2020,09:32:59,51.9,51.9,40,52.15,200,680,474680
BANKNIFTY09JAN2032300CE.NFO,07/01/2020,09:33:00,51.7,51.65,80,51.85,20,1980,474680
BANKNIFTY09JAN2032300CE.NFO,07/01/2020,09:33:01,51.45,51.55,20,51.8,20,1400,474680
BANKNIFTY09JAN2032300CE.NFO,07/01/2020,09:33:02,51.6,51.65,20,51.85,260,480,474680
BANKNIFTY09JAN2032300CE.NFO,07/01/2020,09:33:03,51.45,51.15,320,51.35,20,1280,474680
BANKNIFTY09JAN2032300CE.NFO,07/01/2020,09:33:04,51.1,51.05,1660,51.35,40,1360,474680
BANKNIFTY09JAN2032300CE.NFO,07/01/2020,09:33:05,50.7,50.5,20,50.8,420,2500,474680
BANKNIFTY09JAN2032300CE.NFO,07/01/2020,09:33:06,50.1,50,2220,50.2,20,2420,474680
BANKNIFTY09JAN2032300CE.NFO,07/01/2020,09:33:07,50.1,49.95,380,50.25,120,3120,474680
BANKNIFTY09JAN2032300CE.NFO,07/01/2020,09:33:08,50.55,50.45,60,50.7,100,1640,474680
BANKNIFTY09JAN2032300CE.NFO,07/01/2020,09:33:09,50.6,50.5,180,50.7,20,480,474680
BANKNIFTY09JAN2032300CE.NFO,07/01/2020,09:33:10,51.5,51.35,200,51.6,80,420,474680
BANKNIFTY09JAN2032300CE.NFO,07/01/2020,09:33:11,51.35,51.1,80,51.35,220,260,474680
BANKNIFTY09JAN2032300CE.NFO,07/01/2020,09:33:12,51.35,51.35,220,51.6,100,520,474680
BANKNIFTY09JAN2032300CE.NFO,07/01/2020,09:33:13,51.8,51.6,20,51.85,40,840,474680
BANKNIFTY09JAN2032300CE.NFO,07/01/2020,09:33:14,51.35,51.35,20,51.55,20,320,474680
BANKNIFTY09JAN2032300CE.NFO,07/01/2020,09:33:15,51.35,51.35,20,51.55,100,80,474680
BANKNIFTY09JAN2032300CE.NFO,07/01/2020,09:33:16,51.55,51.25,60,51.5,20,360,474680
BANKNIFTY09JAN2032300CE.NFO,07/01/2020,09:33:17,51.7,51.5,20,51.7,80,620,474680
BANKNIFTY09JAN2032300CE.NFO,07/01/2020,09:33:18,51.75,51.5,340,51.75,20,800,474680
BANKNIFTY09JAN2032300CE.NFO,07/01/2020,09:33:19,51.65,51.65,300,51.9,20,940,474680
BANKNIFTY09JAN2032300CE.NFO,07/01/2020,09:33:20,51.8,51.7,20,51.85,20,360,474680
BANKNIFTY09JAN2032300CE.NFO,07/01/2020,09:33:21,51.65,51.6,40,51.7,20,120,474680
BANKNIFTY09JAN2032300CE.NFO,07/01/2020,09:33:22,51.75,51.6,20,51.85,180,60,474680
BANKNIFTY09JAN2032300CE.NFO,07/01/2020,09:33:23,51.8,51.5,800,51.75,20,1440,474680
BANKNIFTY09JAN2032300CE.NFO,07/01/2020,09:33:24,51.9,51.7,20,51.85,20,220,474680
BANKNIFTY09JAN2032300CE.NFO,07/01/2020,09:33:25,51.65,51.6,100,51.8,260,520,474680
BANKNIFTY09JAN2032300CE.NFO,07/01/2020,09:33:26,52,51.75,20,51.95,20,560,474680
BANKNIFTY09JAN2032300CE.NFO,07/01/2020,09:33:27,52.05,51.8,20,51.85,40,60,474680
BANKNIFTY09JAN2032300CE.NFO,07/01/2020,09:33:28,51.75,51.8,20,52.05,120,100,474680
BANKNIFTY09JAN2032300CE.NFO,07/01/2020,09:33:29,52.1,51.8,20,52,20,180,474680
BANKNIFTY09JAN2032300CE.NFO,07/01/2020,09:33:30,52.05,52.05,720,52.15,80,700,474680
BANKNIFTY09JAN2032300CE.NFO,07/01/2020,09:33:31,52,51.9,520,52.05,20,1020,474680
BANKNIFTY09JAN2032300CE.NFO,07/01/2020,09:33:32,51.9,51.95,100,52.15,60,120,474680
BANKNIFTY09JAN2032300CE.NFO,07/01/2020,09:33:33,51.95,51.9,460,52,280,140,474680
BANKNIFTY09JAN2032300CE.NFO,07/01/2020,09:33:34,51.8,51.8,40,52.05,360,780,474680
BANKNIFTY09JAN2032300CE.NFO,07/01/2020,09:33:35,52,51.85,180,52.1,220,360,474680
BANKNIFTY09JAN2032300CE.NFO,07/01/2020,09:33:36,52,51.8,20,52.05,40,1080,474680
BANKNIFTY09JAN2032300CE.NFO,07/01/2020,09:33:37,51.95,51.85,20,51.9,20,320,474680
BANKNIFTY09JAN2032300CE.NFO,07/01/2020,09:33:38,51.8,51.7,300,51.9,280,320,474680
BANKNIFTY09JAN2032300CE.NFO,07/01/2020,09:33:39,51.9,51.8,100,51.95,40,1120,474680
BANKNIFTY09JAN2032300CE.NFO,07/01/2020,09:33:40,52,52.1,20,52.25,20,560,474680
BANKNIFTY09JAN2032300CE.NFO,07/01/2020,09:33:41,52.35,52.2,60,52.45,60,80,474680
BANKNIFTY09JAN2032300CE.NFO,07/01/2020,09:33:42,52.1,52.05,300,52.4,60,220,474680
BANKNIFTY09JAN2032300CE.NFO,07/01/2020,09:33:43,52.15,52.05,80,52.3,100,1500,474680
BANKNIFTY09JAN2032300CE.NFO,07/01/2020,09:33:44,52.2,52.1,300,52.35,20,320,474680
BANKNIFTY09JAN2032300CE.NFO,07/01/2020,09:33:45,52.25,52.15,20,52.35,40,240,474680
BANKNIFTY09JAN2032300CE.NFO,07/01/2020,09:33:46,52.35,52.2,20,52.4,120,120,474680
BANKNIFTY09JAN2032300CE.NFO,07/01/2020,09:33:47,52.2,52,20,52.2,300,1400,474680
BANKNIFTY09JAN2032300CE.NFO,07/01/2020,09:33:48,52.2,51.95,120,52,100,0,474680
BANKNIFTY09JAN2032300CE.NFO,07/01/2020,09:33:49,52.15,52,20,52.1,80,260,474680
BANKNIFTY09JAN2032300CE.NFO,07/01/2020,09:33:50,52.2,52.2,20,52.45,340,1120,474680
BANKNIFTY09JAN2032300CE.NFO,07/01/2020,09:33:51,52.2,52.35,40,52.55,20,120,474680
BANKNIFTY09JAN2032300CE.NFO,07/01/2020,09:33:52,52.4,52.5,40,52.65,140,20,474680
BANKNIFTY09JAN2032300CE.NFO,07/01/2020,09:33:53,52.55,52.55,20,52.7,100,620,474680
BANKNIFTY09JAN2032300CE.NFO,07/01/2020,09:33:54,52.55,52.5,60,52.65,20,60,474680
BANKNIFTY09JAN2032300CE.NFO,07/01/2020,09:33:55,52.7,52.6,300,52.85,240,160,474680
BANKNIFTY09JAN2032300CE.NFO,07/01/2020,09:33:56,52.7,52.6,20,52.75,360,360,474680
BANKNIFTY09JAN2032300CE.NFO,07/01/2020,09:33:57,52.55,52.55,20,52.6,20,100,474680
BANKNIFTY09JAN2032300CE.NFO,07/01/2020,09:33:58,52.7,52.5,360,52.7,220,240,474680
BANKNIFTY09JAN2032300CE.NFO,07/01/2020,09:33:59,52.8,52.6,20,52.8,260,260,474680
BANKNIFTY09JAN2032300CE.NFO,07/01/2020,09:34:00,52.95,52.8,20,52.95,220,1900,474680
BANKNIFTY09JAN2032300CE.NFO,07/01/2020,09:34:01,53.2,52.95,360,53.2,100,4960,474680
BANKNIFTY09JAN2032300CE.NFO,07/01/2020,09:34:02,53.35,53,260,53.2,20,320,474680
BANKNIFTY09JAN2032300CE.NFO,07/01/2020,09:34:03,52.85,52.75,40,52.95,200,640,474680
BANKNIFTY09JAN2032300CE.NFO,07/01/2020,09:34:04,52.7,52.5,20,52.7,80,1260,474680
BANKNIFTY09JAN2032300CE.NFO,07/01/2020,09:34:05,52.4,52.4,2180,52.5,100,800,474680
BANKNIFTY09JAN2032300CE.NFO,07/01/2020,09:34:06,52.3,52.2,260,52.35,320,2920,474680
BANKNIFTY09JAN2032300CE.NFO,07/01/2020,09:34:07,52.3,52.2,140,52.3,340,580,474680
BANKNIFTY09JAN2032300CE.NFO,07/01/2020,09:34:08,51.45,51.5,20,51.75,300,5720,474680
BANKNIFTY09JAN2032300CE.NFO,07/01/2020,09:34:09,51.65,51.5,1420,51.75,140,620,474680
BANKNIFTY09JAN2032300CE.NFO,07/01/2020,09:34:10,51.95,51.65,1300,51.9,260,860,474680
BANKNIFTY09JAN2032300CE.NFO,07/01/2020,09:34:11,51.7,51.7,240,51.9,20,1220,474680
BANKNIFTY09JAN2032300CE.NFO,07/01/2020,09:34:12,51.5,51.5,1240,51.65,20,80,474680
BANKNIFTY09JAN2032300CE.NFO,07/01/2020,09:34:13,51.65,51.55,1240,51.75,20,1060,474680
BANKNIFTY09JAN2032300CE.NFO,07/01/2020,09:34:14,51.6,51.55,1020,51.8,120,1180,474680
BANKNIFTY09JAN2032300CE.NFO,07/01/2020,09:34:15,51.5,51.5,760,51.7,20,260,474680
BANKNIFTY09JAN2032300CE.NFO,07/01/2020,09:34:16,51.8,51.75,20,51.9,20,100,474680
BANKNIFTY09JAN2032300CE.NFO,07/01/2020,09:34:17,51.55,51.55,300,51.8,240,400,474680
BANKNIFTY09JAN2032300CE.NFO,07/01/2020,09:34:18,51.45,51.45,40,51.65,260,560,474680
BANKNIFTY09JAN2032300CE.NFO,07/01/2020,09:34:19,51.2,51.2,100,51.4,360,1160,474680
BANKNIFTY09JAN2032300CE.NFO,07/01/2020,09:34:20,50.9,50.7,60,50.9,320,3600,474680
BANKNIFTY09JAN2032300CE.NFO,07/01/2020,09:34:21,50.65,50.6,100,50.8,20,840,474680
BANKNIFTY09JAN2032300CE.NFO,07/01/2020,09:34:22,50.85,50.75,80,51,20,180,474680
BANKNIFTY09JAN2032300CE.NFO,07/01/2020,09:34:23,51,50.85,380,51.15,40,980,474680
BANKNIFTY09JAN2032300CE.NFO,07/01/2020,09:34:24,51.15,51.05,40,51.25,20,180,474680
BANKNIFTY09JAN2032300CE.NFO,07/01/2020,09:34:25,51.15,51.05,40,51.25,360,0,474680
BANKNIFTY09JAN2032300CE.NFO,07/01/2020,09:34:26,50.75,50.5,40,50.75,320,600,474680
BANKNIFTY09JAN2032300CE.NFO,07/01/2020,09:34:27,49.4,49.25,20,49.4,80,4240,474680
BANKNIFTY09JAN2032300CE.NFO,07/01/2020,09:34:28,49.1,49.1,20,49.3,320,1000,474680
BANKNIFTY09JAN2032300CE.NFO,07/01/2020,09:34:29,49.1,49.05,80,49.35,480,1340,474680
BANKNIFTY09JAN2032300CE.NFO,07/01/2020,09:34:30,49.7,49.5,100,49.7,120,1300,474680
BANKNIFTY09JAN2032300CE.NFO,07/01/2020,09:34:31,49.25,49.35,340,49.65,80,2160,474680
BANKNIFTY09JAN2032300CE.NFO,07/01/2020,09:34:32,49.6,49.2,80,49.5,100,100,474680
BANKNIFTY09JAN2032300CE.NFO,07/01/2020,09:34:33,49.35,49.25,20,49.4,20,2800,474680
BANKNIFTY09JAN2032300CE.NFO,07/01/2020,09:34:34,49.3,49.15,20,49.3,240,340,474680
BANKNIFTY09JAN2032300CE.NFO,07/01/2020,09:34:35,49.15,49.05,40,49.2,300,60,474680
BANKNIFTY09JAN2032300CE.NFO,07/01/2020,09:34:36,49.15,49,100,49.2,300,60,474680
BANKNIFTY09JAN2032300CE.NFO,07/01/2020,09:34:37,49,49,40,49.15,80,380,474680
BANKNIFTY09JAN2032300CE.NFO,07/01/2020,09:34:38,49.6,49.5,40,49.75,180,1240,474680
BANKNIFTY09JAN2032300CE.NFO,07/01/2020,09:34:39,49.25,49.15,20,49.35,440,280,474680
BANKNIFTY09JAN2032300CE.NFO,07/01/2020,09:34:40,49.1,49.2,40,49.35,380,120,474680
BANKNIFTY09JAN2032300CE.NFO,07/01/2020,09:34:41,49.35,49.25,20,49.4,240,180,474680
BANKNIFTY09JAN2032300CE.NFO,07/01/2020,09:34:42,49.6,49.65,20,49.85,60,560,474680
BANKNIFTY09JAN2032300CE.NFO,07/01/2020,09:34:43,49.85,49.55,160,49.8,40,3160,474680
BANKNIFTY09JAN2032300CE.NFO,07/01/2020,09:34:44,49.85,49.6,340,49.85,40,440,474680
BANKNIFTY09JAN2032300CE.NFO,07/01/2020,09:34:45,49.65,49.7,40,49.9,240,240,474680
BANKNIFTY09JAN2032300CE.NFO,07/01/2020,09:34:46,49.8,49.65,20,49.9,400,200,474680
BANKNIFTY09JAN2032300CE.NFO,07/01/2020,09:34:47,49.9,49.8,20,50,180,720,474680
BANKNIFTY09JAN2032300CE.NFO,07/01/2020,09:34:48,50.15,50.15,40,50.4,20,860,474680
BANKNIFTY09JAN2032300CE.NFO,07/01/2020,09:34:49,50.3,50.35,80,50.6,360,1440,474680
