Ticker,Date,Time,LTP,BuyPrice,BuyQty,SellPrice,SellQty,LTQ,OpenInterest
BANKNIFTY16JAN2031200CE.NFO,07/01/2020,09:15:04,619.4,463.95,300,618.75,80,20,1620
BANKNIFTY16JAN2031200CE.NFO,07/01/2020,09:15:04,619.4,463.95,300,618.75,80,0,1620
BANKNIFTY16JAN2031200CE.NFO,07/01/2020,09:15:04,619.4,463.95,300,618.75,80,0,1620
BANKNIFTY16JAN2031200CE.NFO,07/01/2020,09:15:04,619.4,463.95,300,618.75,80,0,1620
BANKNIFTY16JAN2031200CE.NFO,07/01/2020,09:15:05,619.4,464.25,200,618.65,40,0,1620
BANKNIFTY16JAN2031200CE.NFO,07/01/2020,09:15:06,619.4,464.65,300,618.5,40,0,1620
BANKNIFTY16JAN2031200CE.NFO,07/01/2020,09:15:07,619.4,470,20,618.4,40,0,1620
BANKNIFTY16JAN2031200CE.NFO,07/01/2020,09:15:08,619.4,470.3,300,618.35,40,0,1620
BANKNIFTY16JAN2031200CE.NFO,07/01/2020,09:15:09,619.4,470.65,160,618.25,40,0,1620
BANKNIFTY16JAN2031200CE.NFO,07/01/2020,09:15:10,619.4,471.05,20,618.15,40,0,1620
BANKNIFTY16JAN2031200CE.NFO,07/01/2020,09:15:11,619.4,471.45,320,618.05,40,0,1620
BANKNIFTY16JAN2031200CE.NFO,07/01/2020,09:15:13,618,472.45,320,618,40,20,1620
BANKNIFTY16JAN2031200CE.NFO,07/01/2020,09:15:13,618,472.45,320,618,40,0,1620
BANKNIFTY16JAN2031200CE.NFO,07/01/2020,09:15:14,618,472.95,40,617.9,20,0,1620
BANKNIFTY16JAN2031200CE.NFO,07/01/2020,09:15:15,617.95,474.15,40,617.95,40,40,1620
BANKNIFTY16JAN2031200CE.NFO,07/01/2020,09:15:15,617.9,474.15,40,617.95,40,0,1620
BANKNIFTY16JAN2031200CE.NFO,07/01/2020,09:15:16,617.95,475.9,20,642.4,40,0,1620
BANKNIFTY16JAN2031200CE.NFO,07/01/2020,09:15:17,617.95,477.4,20,642.35,40,0,1620
BANKNIFTY16JAN2031200CE.NFO,07/01/2020,09:15:18,617.95,478.7,20,665.45,80,0,1620
BANKNIFTY16JAN2031200CE.NFO,07/01/2020,09:15:19,617.95,480.7,20,676.85,80,0,1620
BANKNIFTY16JAN2031200CE.NFO,07/01/2020,09:15:20,617.95,483.3,20,676.8,40,0,1620
BANKNIFTY16JAN2031200CE.NFO,07/01/2020,09:15:21,617.95,484.45,40,680.15,80,0,1620
BANKNIFTY16JAN2031200CE.NFO,07/01/2020,09:15:22,617.95,486.3,20,683.65,80,0,1620
BANKNIFTY16JAN2031200CE.NFO,07/01/2020,09:15:24,486.5,487.2,160,684.1,80,20,1620
BANKNIFTY16JAN2031200CE.NFO,07/01/2020,09:15:24,486.5,487.2,160,684.1,80,0,1620
BANKNIFTY16JAN2031200CE.NFO,07/01/2020,09:15:25,486.5,487.65,160,687.95,80,0,1620
BANKNIFTY16JAN2031200CE.NFO,07/01/2020,09:15:26,487.65,487.95,20,689.75,80,40,1620
BANKNIFTY16JAN2031200CE.NFO,07/01/2020,09:15:27,487.65,488.7,20,687.75,80,0,1620
BANKNIFTY16JAN2031200CE.NFO,07/01/2020,09:15:28,487.65,489,160,683.35,80,0,1620
BANKNIFTY16JAN2031200CE.NFO,07/01/2020,09:15:29,487.65,489.35,160,681.2,80,0,1620
BANKNIFTY16JAN2031200CE.NFO,07/01/2020,09:15:30,487.65,489.65,160,679.3,40,0,1620
BANKNIFTY16JAN2031200CE.NFO,07/01/2020,09:15:32,487.65,489.95,160,681.55,40,0,1620
BANKNIFTY16JAN2031200CE.NFO,07/01/2020,09:15:33,487.65,490.05,160,683.1,80,0,1620
BANKNIFTY16JAN2031200CE.NFO,07/01/2020,09:15:34,487.65,490.15,160,690.15,80,0,1620
BANKNIFTY16JAN2031200CE.NFO,07/01/2020,09:15:35,487.65,490.3,160,691.15,80,0,1620
BANKNIFTY16JAN2031200CE.NFO,07/01/2020,09:15:35,487.65,490.3,160,693.35,80,0,1620
BANKNIFTY16JAN2031200CE.NFO,07/01/2020,09:15:36,487.65,490.45,160,693.35,80,0,1620
BANKNIFTY16JAN2031200CE.NFO,07/01/2020,09:15:37,487.65,490.65,120,697.9,80,0,1620
BANKNIFTY16JAN2031200CE.NFO,07/01/2020,09:15:38,487.65,490.8,160,701.7,80,0,1620
BANKNIFTY16JAN2031200CE.NFO,07/01/2020,09:15:40,487.65,491,40,701.8,80,0,1620
BANKNIFTY16JAN2031200CE.NFO,07/01/2020,09:15:41,487.65,491.15,160,706.25,80,0,1620
BANKNIFTY16JAN2031200CE.NFO,07/01/2020,09:15:42,487.65,491.25,140,709.05,80,0,1620
BANKNIFTY16JAN2031200CE.NFO,07/01/2020,09:15:42,487.65,491.25,140,710.7,80,0,1620
BANKNIFTY16JAN2031200CE.NFO,07/01/2020,09:15:43,487.65,491.35,160,707.65,80,0,1620
BANKNIFTY16JAN2031200CE.NFO,07/01/2020,09:15:45,487.65,491.7,160,704.4,80,0,1620
BANKNIFTY16JAN2031200CE.NFO,07/01/2020,09:15:45,487.65,491.7,160,705.5,80,0,1620
BANKNIFTY16JAN2031200CE.NFO,07/01/2020,09:15:47,487.65,491.85,40,713.8,80,0,1620
BANKNIFTY16JAN2031200CE.NFO,07/01/2020,09:15:48,487.65,492,160,711.85,80,0,1620
BANKNIFTY16JAN2031200CE.NFO,07/01/2020,09:15:48,487.65,492,160,713.5,80,0,1620
BANKNIFTY16JAN2031200CE.NFO,07/01/2020,09:15:49,600,492.1,160,715.85,80,20,1620
BANKNIFTY16JAN2031200CE.NFO,07/01/2020,09:15:51,600,492.25,40,717.55,80,0,1620
BANKNIFTY16JAN2031200CE.NFO,07/01/2020,09:15:52,600,492.4,160,714.5,80,0,1620
BANKNIFTY16JAN2031200CE.NFO,07/01/2020,09:15:52,600,492.4,160,717.5,80,0,1620
BANKNIFTY16JAN2031200CE.NFO,07/01/2020,09:15:54,600,492.55,40,720.4,80,0,1620
BANKNIFTY16JAN2031200CE.NFO,07/01/2020,09:15:55,600,492.7,160,722.55,80,0,1620
BANKNIFTY16JAN2031200CE.NFO,07/01/2020,09:15:55,600,492.7,160,723.5,80,0,1620
BANKNIFTY16JAN2031200CE.NFO,07/01/2020,09:15:57,600,492.85,40,725.1,80,0,1620
BANKNIFTY16JAN2031200CE.NFO,07/01/2020,09:15:58,600,493.2,160,725.1,80,0,1620
BANKNIFTY16JAN2031200CE.NFO,07/01/2020,09:15:58,493.2,493.2,140,725.05,20,20,1620
BANKNIFTY16JAN2031200CE.NFO,07/01/2020,09:16:00,493.2,493.35,40,724.65,20,0,1620
BANKNIFTY16JAN2031200CE.NFO,07/01/2020,09:16:01,493.2,493.5,160,721.65,20,0,1620
BANKNIFTY16JAN2031200CE.NFO,07/01/2020,09:16:02,493.2,493.5,160,720.85,20,0,1620
BANKNIFTY16JAN2031200CE.NFO,07/01/2020,09:16:03,493.2,493.65,40,720.85,20,0,1620
BANKNIFTY16JAN2031200CE.NFO,07/01/2020,09:16:05,493.2,488.05,40,720.85,20,0,1620
BANKNIFTY16JAN2031200CE.NFO,07/01/2020,09:16:17,493.2,488.05,40,720.75,20,0,1620
BANKNIFTY16JAN2031200CE.NFO,07/01/2020,09:16:17,493.2,488.05,40,720.65,20,0,1620
BANKNIFTY16JAN2031200CE.NFO,07/01/2020,09:16:19,493.2,488.05,40,720.45,20,0,1620
BANKNIFTY16JAN2031200CE.NFO,07/01/2020,09:16:23,493.2,488,20,720.45,20,0,1620
BANKNIFTY16JAN2031200CE.NFO,07/01/2020,09:16:25,720.45,488,20,729.8,80,20,1620
BANKNIFTY16JAN2031200CE.NFO,07/01/2020,09:16:25,720.45,488,20,729.8,80,0,1620
BANKNIFTY16JAN2031200CE.NFO,07/01/2020,09:16:26,720.45,488,20,726.9,80,0,1620
BANKNIFTY16JAN2031200CE.NFO,07/01/2020,09:16:28,720.45,488,20,728.9,80,0,1620
BANKNIFTY16JAN2031200CE.NFO,07/01/2020,09:16:29,720.45,488,20,728.95,80,0,1620
BANKNIFTY16JAN2031200CE.NFO,07/01/2020,09:16:30,720.45,488.05,300,728.95,80,0,1620
BANKNIFTY16JAN2031200CE.NFO,07/01/2020,09:16:31,488.05,488.05,300,730.4,80,40,1620
BANKNIFTY16JAN2031200CE.NFO,07/01/2020,09:16:31,488.05,488.05,300,730.4,80,0,1620
BANKNIFTY16JAN2031200CE.NFO,07/01/2020,09:16:33,488.05,488.2,60,731.6,20,0,1620
BANKNIFTY16JAN2031200CE.NFO,07/01/2020,09:16:34,488.05,488.4,20,731.1,20,0,1620
BANKNIFTY16JAN2031200CE.NFO,07/01/2020,09:16:34,488.05,488.5,20,733.2,20,0,1620
BANKNIFTY16JAN2031200CE.NFO,07/01/2020,09:16:35,488.05,488.7,20,732.55,100,0,1620
BANKNIFTY16JAN2031200CE.NFO,07/01/2020,09:16:37,488.05,488.8,20,733.45,20,0,1620
BANKNIFTY16JAN2031200CE.NFO,07/01/2020,09:16:38,488.05,489.55,40,728.85,20,0,1620
BANKNIFTY16JAN2031200CE.NFO,07/01/2020,09:16:39,488.05,491.1,200,727.5,20,0,1620
BANKNIFTY16JAN2031200CE.NFO,07/01/2020,09:16:39,488.05,492.5,220,726.9,40,0,1620
BANKNIFTY16JAN2031200CE.NFO,07/01/2020,09:16:41,488.05,498.15,20,719.95,20,0,1620
BANKNIFTY16JAN2031200CE.NFO,07/01/2020,09:16:42,488.05,501.85,240,719.9,40,0,1620
BANKNIFTY16JAN2031200CE.NFO,07/01/2020,09:16:43,488.05,506.6,200,719.95,20,0,1620
BANKNIFTY16JAN2031200CE.NFO,07/01/2020,09:16:44,488.05,508.4,220,719.95,20,0,1620
BANKNIFTY16JAN2031200CE.NFO,07/01/2020,09:16:45,719.95,513.7,200,720,100,20,1620
BANKNIFTY16JAN2031200CE.NFO,07/01/2020,09:16:45,719.95,515.5,40,720,100,0,1620
BANKNIFTY16JAN2031200CE.NFO,07/01/2020,09:16:47,719.95,523.1,40,720,100,0,1620
BANKNIFTY16JAN2031200CE.NFO,07/01/2020,09:16:48,719.95,533.55,200,720,100,0,1620
BANKNIFTY16JAN2031200CE.NFO,07/01/2020,09:16:48,720,540.4,20,720,40,60,1620
BANKNIFTY16JAN2031200CE.NFO,07/01/2020,09:16:50,720,560.65,200,719.95,20,0,1620
BANKNIFTY16JAN2031200CE.NFO,07/01/2020,09:16:50,720,564.7,20,719.95,20,0,1620
BANKNIFTY16JAN2031200CE.NFO,07/01/2020,09:16:52,720,572.3,220,719.95,20,0,1620
BANKNIFTY16JAN2031200CE.NFO,07/01/2020,09:16:53,720,579.45,220,719.95,20,0,1620
BANKNIFTY16JAN2031200CE.NFO,07/01/2020,09:16:54,720,586.95,280,719.95,20,0,1620
BANKNIFTY16JAN2031200CE.NFO,07/01/2020,09:16:54,720,589.1,200,719.95,20,0,1620
BANKNIFTY16JAN2031200CE.NFO,07/01/2020,09:16:56,720,598.45,20,719.95,20,0,1620
BANKNIFTY16JAN2031200CE.NFO,07/01/2020,09:16:57,719.95,607.2,40,720,60,20,1620
BANKNIFTY16JAN2031200CE.NFO,07/01/2020,09:16:58,719.95,612.1,40,720,60,0,1620
BANKNIFTY16JAN2031200CE.NFO,07/01/2020,09:16:58,719.95,613.15,20,720,60,0,1620
BANKNIFTY16JAN2031200CE.NFO,07/01/2020,09:17:00,719.95,615.45,20,720,60,0,1620
BANKNIFTY16JAN2031200CE.NFO,07/01/2020,09:17:01,719.95,618.05,20,719.95,40,0,1620
BANKNIFTY16JAN2031200CE.NFO,07/01/2020,09:17:02,719.95,620.2,40,720,60,0,1620
BANKNIFTY16JAN2031200CE.NFO,07/01/2020,09:17:03,719.95,621.7,40,720,60,0,1620
BANKNIFTY16JAN2031200CE.NFO,07/01/2020,09:17:04,720,622.75,300,720,20,40,1620
BANKNIFTY16JAN2031200CE.NFO,07/01/2020,09:17:04,720,623.35,20,720,20,0,1620
BANKNIFTY16JAN2031200CE.NFO,07/01/2020,09:17:05,720,625.85,20,720,20,0,1620
BANKNIFTY16JAN2031200CE.NFO,07/01/2020,09:17:07,720,630.7,20,720,20,0,1620
BANKNIFTY16JAN2031200CE.NFO,07/01/2020,09:17:08,720,633.8,20,733.9,80,20,1620
BANKNIFTY16JAN2031200CE.NFO,07/01/2020,09:17:09,720,636.8,40,720,200,0,1620
BANKNIFTY16JAN2031200CE.NFO,07/01/2020,09:17:10,720,639.65,300,719.95,20,0,1620
BANKNIFTY16JAN2031200CE.NFO,07/01/2020,09:17:11,720,640.5,40,719.95,20,0,1620
BANKNIFTY16JAN2031200CE.NFO,07/01/2020,09:17:12,720,642.2,40,719.95,20,0,1620
BANKNIFTY16JAN2031200CE.NFO,07/01/2020,09:17:13,720,604.6,40,719.95,20,0,1620
BANKNIFTY16JAN2031200CE.NFO,07/01/2020,09:17:14,720,607.7,40,719.95,20,0,1620
BANKNIFTY16JAN2031200CE.NFO,07/01/2020,09:17:15,720,609.5,40,719.95,20,0,1620
BANKNIFTY16JAN2031200CE.NFO,07/01/2020,09:17:16,720,614.7,40,719.95,20,0,1620
BANKNIFTY16JAN2031200CE.NFO,07/01/2020,09:17:17,720,617.65,20,719.95,20,0,1620
BANKNIFTY16JAN2031200CE.NFO,07/01/2020,09:17:17,720,618.3,40,719.95,20,0,1620
BANKNIFTY16JAN2031200CE.NFO,07/01/2020,09:17:19,720,621.15,20,719.95,20,0,1620
BANKNIFTY16JAN2031200CE.NFO,07/01/2020,09:17:20,720,621.4,40,719.95,20,0,1620
BANKNIFTY16JAN2031200CE.NFO,07/01/2020,09:17:21,624.5,625.95,40,719.85,20,20,1620
BANKNIFTY16JAN2031200CE.NFO,07/01/2020,09:17:22,624.5,627.25,40,719.55,20,0,1440
BANKNIFTY16JAN2031200CE.NFO,07/01/2020,09:17:23,624.5,630.3,20,718.95,20,0,1440
BANKNIFTY16JAN2031200CE.NFO,07/01/2020,09:17:24,624.5,632.85,40,717.95,20,0,1440
BANKNIFTY16JAN2031200CE.NFO,07/01/2020,09:17:24,624.5,596.45,40,719.95,20,0,1440
BANKNIFTY16JAN2031200CE.NFO,07/01/2020,09:17:26,624.5,601.75,40,719.95,20,0,1440
BANKNIFTY16JAN2031200CE.NFO,07/01/2020,09:17:26,624.5,601.95,40,719.95,20,0,1440
BANKNIFTY16JAN2031200CE.NFO,07/01/2020,09:17:27,624.5,604.9,40,719.95,20,0,1440
BANKNIFTY16JAN2031200CE.NFO,07/01/2020,09:17:29,624.5,607.6,40,719.95,20,0,1440
BANKNIFTY16JAN2031200CE.NFO,07/01/2020,09:17:30,624.5,612.3,40,719.95,20,0,1440
BANKNIFTY16JAN2031200CE.NFO,07/01/2020,09:17:31,624.5,613.85,20,719.95,40,0,1440
BANKNIFTY16JAN2031200CE.NFO,07/01/2020,09:17:31,624.5,614.8,40,719.95,20,0,1440
BANKNIFTY16JAN2031200CE.NFO,07/01/2020,09:17:33,624.5,619.5,40,719.95,40,0,1440
BANKNIFTY16JAN2031200CE.NFO,07/01/2020,09:17:34,624.5,621.15,20,719.95,40,0,1440
BANKNIFTY16JAN2031200CE.NFO,07/01/2020,09:17:35,624.5,624.4,40,719.95,40,0,1440
BANKNIFTY16JAN2031200CE.NFO,07/01/2020,09:17:36,624.5,626.6,40,719.95,40,0,1440
BANKNIFTY16JAN2031200CE.NFO,07/01/2020,09:17:37,624.5,629.05,20,719.95,40,0,1440
BANKNIFTY16JAN2031200CE.NFO,07/01/2020,09:17:38,624.5,631,40,719.95,40,0,1440
BANKNIFTY16JAN2031200CE.NFO,07/01/2020,09:17:38,624.5,632.8,40,719.95,40,0,1440
BANKNIFTY16JAN2031200CE.NFO,07/01/2020,09:17:40,624.5,636.2,40,719.95,40,0,1440
BANKNIFTY16JAN2031200CE.NFO,07/01/2020,09:17:41,624.5,640.5,40,719.95,40,0,1440
BANKNIFTY16JAN2031200CE.NFO,07/01/2020,09:17:42,624.5,644.7,40,718.95,20,0,1440
BANKNIFTY16JAN2031200CE.NFO,07/01/2020,09:17:43,624.5,646.75,20,717.5,20,0,1440
BANKNIFTY16JAN2031200CE.NFO,07/01/2020,09:17:43,624.5,649.3,40,717.4,20,0,1440
BANKNIFTY16JAN2031200CE.NFO,07/01/2020,09:17:45,624.5,654.3,40,716.3,20,0,1440
BANKNIFTY16JAN2031200CE.NFO,07/01/2020,09:17:46,624.5,655.45,20,716,20,0,1440
BANKNIFTY16JAN2031200CE.NFO,07/01/2020,09:17:47,624.5,659.4,40,716.4,20,0,1440
BANKNIFTY16JAN2031200CE.NFO,07/01/2020,09:17:48,624.5,662.6,40,716.3,20,0,1440
BANKNIFTY16JAN2031200CE.NFO,07/01/2020,09:17:49,624.5,665.15,40,715.5,20,0,1440
BANKNIFTY16JAN2031200CE.NFO,07/01/2020,09:17:50,624.5,666.45,40,715.5,20,0,1440
BANKNIFTY16JAN2031200CE.NFO,07/01/2020,09:17:50,624.5,667.15,40,715.5,20,0,1440
BANKNIFTY16JAN2031200CE.NFO,07/01/2020,09:17:52,624.5,668.5,40,714.75,20,0,1440
BANKNIFTY16JAN2031200CE.NFO,07/01/2020,09:17:53,624.5,669.65,40,713.55,80,0,1440
BANKNIFTY16JAN2031200CE.NFO,07/01/2020,09:17:54,624.5,641.2,40,714,60,0,1440
BANKNIFTY16JAN2031200CE.NFO,07/01/2020,09:17:55,624.5,645.25,20,713.6,20,0,1440
BANKNIFTY16JAN2031200CE.NFO,07/01/2020,09:17:56,624.5,650.5,40,713.2,20,0,1440
BANKNIFTY16JAN2031200CE.NFO,07/01/2020,09:17:57,624.5,653.75,40,712.8,20,0,1440
BANKNIFTY16JAN2031200CE.NFO,07/01/2020,09:17:57,624.5,656.4,40,712.55,40,0,1440
BANKNIFTY16JAN2031200CE.NFO,07/01/2020,09:17:59,624.5,660.1,40,712,20,0,1440
BANKNIFTY16JAN2031200CE.NFO,07/01/2020,09:18:00,624.5,664.8,40,711.7,20,0,1440
BANKNIFTY16JAN2031200CE.NFO,07/01/2020,09:18:01,624.5,665.95,40,711.25,40,0,1440
BANKNIFTY16JAN2031200CE.NFO,07/01/2020,09:18:02,624.5,667.05,40,710.8,20,0,1440
BANKNIFTY16JAN2031200CE.NFO,07/01/2020,09:18:02,624.5,667.9,40,710.55,40,0,1440
BANKNIFTY16JAN2031200CE.NFO,07/01/2020,09:18:04,624.5,668.35,40,709.9,20,0,1440
BANKNIFTY16JAN2031200CE.NFO,07/01/2020,09:18:05,624.5,668.95,40,709.5,20,0,1440
BANKNIFTY16JAN2031200CE.NFO,07/01/2020,09:18:06,624.5,669.2,40,709,20,0,1440
BANKNIFTY16JAN2031200CE.NFO,07/01/2020,09:18:07,624.5,670.05,40,708.5,20,0,1440
BANKNIFTY16JAN2031200CE.NFO,07/01/2020,09:18:07,624.5,670.35,200,708.05,40,0,1440
BANKNIFTY16JAN2031200CE.NFO,07/01/2020,09:18:09,624.5,670.95,40,707.4,20,0,1440
BANKNIFTY16JAN2031200CE.NFO,07/01/2020,09:18:10,624.5,671.3,40,707,20,0,1440
BANKNIFTY16JAN2031200CE.NFO,07/01/2020,09:18:11,624.5,672.2,40,706.45,40,0,1440
BANKNIFTY16JAN2031200CE.NFO,07/01/2020,09:18:12,706.15,672.25,20,706.15,20,80,1440
BANKNIFTY16JAN2031200CE.NFO,07/01/2020,09:18:13,706.15,672.85,300,705.95,40,0,1440
BANKNIFTY16JAN2031200CE.NFO,07/01/2020,09:18:14,706.15,674.05,300,719.95,40,0,1440
BANKNIFTY16JAN2031200CE.NFO,07/01/2020,09:18:15,706.15,674.25,20,719.75,20,0,1440
BANKNIFTY16JAN2031200CE.NFO,07/01/2020,09:18:16,706.15,675.1,20,716.8,40,0,1440
BANKNIFTY16JAN2031200CE.NFO,07/01/2020,09:18:16,706.15,676.35,300,716.1,40,0,1440
BANKNIFTY16JAN2031200CE.NFO,07/01/2020,09:18:18,706.15,677.75,40,715.7,20,0,1440
BANKNIFTY16JAN2031200CE.NFO,07/01/2020,09:18:19,706.15,678.65,40,715.35,40,0,1440
BANKNIFTY16JAN2031200CE.NFO,07/01/2020,09:18:20,706.15,682.2,20,715,20,0,1440
BANKNIFTY16JAN2031200CE.NFO,07/01/2020,09:18:20,706.15,683.05,300,714.7,20,0,1440
BANKNIFTY16JAN2031200CE.NFO,07/01/2020,09:18:22,706.15,683.6,20,713.9,100,0,1440
BANKNIFTY16JAN2031200CE.NFO,07/01/2020,09:18:23,706.15,653.3,300,713.35,40,0,1440
BANKNIFTY16JAN2031200CE.NFO,07/01/2020,09:18:24,706.15,653.95,40,712.55,20,0,1440
BANKNIFTY16JAN2031200CE.NFO,07/01/2020,09:18:25,706.15,657.05,20,718.8,40,0,1440
BANKNIFTY16JAN2031200CE.NFO,07/01/2020,09:18:25,706.15,659.7,320,718.6,40,0,1440
BANKNIFTY16JAN2031200CE.NFO,07/01/2020,09:18:27,706.15,662.65,40,718.2,40,0,1440
BANKNIFTY16JAN2031200CE.NFO,07/01/2020,09:18:28,706.15,663.45,20,717.95,40,0,1440
BANKNIFTY16JAN2031200CE.NFO,07/01/2020,09:18:29,706.15,664.2,40,717.6,40,0,1440
BANKNIFTY16JAN2031200CE.NFO,07/01/2020,09:18:30,706.15,665.35,40,717.3,40,0,1440
BANKNIFTY16JAN2031200CE.NFO,07/01/2020,09:18:31,706.15,666.7,20,716.9,40,0,1440
BANKNIFTY16JAN2031200CE.NFO,07/01/2020,09:18:32,706.15,669.3,40,716.6,40,0,1440
BANKNIFTY16JAN2031200CE.NFO,07/01/2020,09:18:33,706.15,670.4,20,716.3,40,0,1440
BANKNIFTY16JAN2031200CE.NFO,07/01/2020,09:18:33,706.15,672.4,280,716.1,40,0,1440
BANKNIFTY16JAN2031200CE.NFO,07/01/2020,09:18:35,706.15,674.6,20,715.7,40,0,1440
BANKNIFTY16JAN2031200CE.NFO,07/01/2020,09:18:36,706.15,676.35,40,715.3,40,0,1440
BANKNIFTY16JAN2031200CE.NFO,07/01/2020,09:18:37,706.15,677.5,20,715,40,0,1440
BANKNIFTY16JAN2031200CE.NFO,07/01/2020,09:18:38,706.15,678.7,20,714.8,40,0,1440
BANKNIFTY16JAN2031200CE.NFO,07/01/2020,09:18:39,706.15,680.15,120,714.2,40,0,1440
BANKNIFTY16JAN2031200CE.NFO,07/01/2020,09:18:39,706.15,659.5,100,713.9,40,0,1440
BANKNIFTY16JAN2031200CE.NFO,07/01/2020,09:18:41,706.15,661.25,40,713.3,120,0,1440
BANKNIFTY16JAN2031200CE.NFO,07/01/2020,09:18:42,706.15,662.55,40,712.4,80,0,1440
BANKNIFTY16JAN2031200CE.NFO,07/01/2020,09:18:43,706.15,663.65,40,711.95,20,0,1440
BANKNIFTY16JAN2031200CE.NFO,07/01/2020,09:18:44,706.15,665.05,60,711.2,40,0,1440
BANKNIFTY16JAN2031200CE.NFO,07/01/2020,09:18:45,706.15,666.25,40,699.85,60,0,1440
BANKNIFTY16JAN2031200CE.NFO,07/01/2020,09:18:46,706.15,666.9,20,699.85,60,0,1440
BANKNIFTY16JAN2031200CE.NFO,07/01/2020,09:18:47,706.15,668.1,60,699.85,60,0,1440
BANKNIFTY16JAN2031200CE.NFO,07/01/2020,09:18:47,706.15,668.9,20,699.85,60,0,1440
BANKNIFTY16JAN2031200CE.NFO,07/01/2020,09:18:49,706.15,670.5,20,699.45,40,0,1440
BANKNIFTY16JAN2031200CE.NFO,07/01/2020,09:18:50,706.15,671.9,40,698.15,20,0,1440
BANKNIFTY16JAN2031200CE.NFO,07/01/2020,09:18:50,706.15,672.2,200,697.8,20,0,1440
BANKNIFTY16JAN2031200CE.NFO,07/01/2020,09:18:52,706.15,672.55,80,696.15,20,0,1440
BANKNIFTY16JAN2031200CE.NFO,07/01/2020,09:18:53,706.15,672.95,120,693.75,20,0,1440
BANKNIFTY16JAN2031200CE.NFO,07/01/2020,09:18:54,706.15,673.1,180,699.5,20,0,1440
BANKNIFTY16JAN2031200CE.NFO,07/01/2020,09:18:55,706.15,673.4,80,697.45,20,0,1440
BANKNIFTY16JAN2031200CE.NFO,07/01/2020,09:18:56,706.15,673.7,120,695.8,20,0,1440
BANKNIFTY16JAN2031200CE.NFO,07/01/2020,09:18:57,706.15,674,20,699.3,20,0,1440
BANKNIFTY16JAN2031200CE.NFO,07/01/2020,09:18:58,706.15,674.95,40,696.85,40,0,1440
BANKNIFTY16JAN2031200CE.NFO,07/01/2020,09:18:58,706.15,675.15,240,696.25,40,0,1440
BANKNIFTY16JAN2031200CE.NFO,07/01/2020,09:19:00,706.15,676.35,40,698.35,20,0,1440
BANKNIFTY16JAN2031200CE.NFO,07/01/2020,09:19:01,706.15,677.1,20,697.9,60,0,1440
BANKNIFTY16JAN2031200CE.NFO,07/01/2020,09:19:02,706.15,677.25,180,697.9,60,0,1440
BANKNIFTY16JAN2031200CE.NFO,07/01/2020,09:19:03,706.15,662.65,40,697.5,20,0,1440
BANKNIFTY16JAN2031200CE.NFO,07/01/2020,09:19:03,706.15,663.3,240,697.25,60,0,1440
BANKNIFTY16JAN2031200CE.NFO,07/01/2020,09:19:05,706.15,665.65,20,697.25,60,0,1440
BANKNIFTY16JAN2031200CE.NFO,07/01/2020,09:19:06,706.15,670.15,20,697.25,60,0,1440
BANKNIFTY16JAN2031200CE.NFO,07/01/2020,09:19:07,706.15,672.05,20,697.25,60,0,1440
BANKNIFTY16JAN2031200CE.NFO,07/01/2020,09:19:08,706.15,672.85,220,697.25,60,0,1440
BANKNIFTY16JAN2031200CE.NFO,07/01/2020,09:19:09,706.15,673.55,40,696.85,40,0,1440
BANKNIFTY16JAN2031200CE.NFO,07/01/2020,09:19:10,706.15,674.7,20,696.85,40,0,1440
BANKNIFTY16JAN2031200CE.NFO,07/01/2020,09:19:11,675.2,675.05,300,696.5,20,20,1440
BANKNIFTY16JAN2031200CE.NFO,07/01/2020,09:19:12,675.2,676.1,20,696.1,40,0,1440
BANKNIFTY16JAN2031200CE.NFO,07/01/2020,09:19:12,675.2,676.45,300,696.1,40,0,1440
BANKNIFTY16JAN2031200CE.NFO,07/01/2020,09:19:14,675.2,677.25,20,696.05,40,0,1440
BANKNIFTY16JAN2031200CE.NFO,07/01/2020,09:19:15,675.2,677.45,20,696,40,0,1440
BANKNIFTY16JAN2031200CE.NFO,07/01/2020,09:19:16,675.2,677.8,300,695.85,20,0,1440
BANKNIFTY16JAN2031200CE.NFO,07/01/2020,09:19:17,675.2,678.75,20,695.75,40,0,1440
BANKNIFTY16JAN2031200CE.NFO,07/01/2020,09:19:17,675.2,679.2,300,695.75,20,0,1440
BANKNIFTY16JAN2031200CE.NFO,07/01/2020,09:19:19,675.2,679.7,100,699.95,40,0,1440
BANKNIFTY16JAN2031200CE.NFO,07/01/2020,09:19:20,675.2,680.45,60,699.95,40,0,1440
BANKNIFTY16JAN2031200CE.NFO,07/01/2020,09:19:21,675.2,680.9,300,699.95,40,0,1440
BANKNIFTY16JAN2031200CE.NFO,07/01/2020,09:19:22,675.2,681.65,20,699.95,40,0,1440
BANKNIFTY16JAN2031200CE.NFO,07/01/2020,09:19:23,675.2,682.2,80,699.95,40,0,1440
BANKNIFTY16JAN2031200CE.NFO,07/01/2020,09:19:23,675.2,682.5,300,699.95,40,0,1440
BANKNIFTY16JAN2031200CE.NFO,07/01/2020,09:19:25,675.2,683,300,699.8,20,0,1440
BANKNIFTY16JAN2031200CE.NFO,07/01/2020,09:19:26,675.2,683.6,300,699.35,20,0,1440
BANKNIFTY16JAN2031200CE.NFO,07/01/2020,09:19:27,675.2,684.25,20,698.55,20,0,1440
BANKNIFTY16JAN2031200CE.NFO,07/01/2020,09:19:28,675.2,684.85,20,699.95,40,0,1440
BANKNIFTY16JAN2031200CE.NFO,07/01/2020,09:19:29,686,686,120,699.95,20,200,1440
BANKNIFTY16JAN2031200CE.NFO,07/01/2020,09:19:29,686,631.45,100,699.95,20,0,1440
BANKNIFTY16JAN2031200CE.NFO,07/01/2020,09:19:31,686,671.15,300,699.95,20,0,1440
BANKNIFTY16JAN2031200CE.NFO,07/01/2020,09:19:32,686,672.5,40,699.75,40,0,1440
BANKNIFTY16JAN2031200CE.NFO,07/01/2020,09:19:33,686,673.35,20,699.75,40,0,1440
BANKNIFTY16JAN2031200CE.NFO,07/01/2020,09:19:34,686,674.1,80,699.85,20,0,1440
BANKNIFTY16JAN2031200CE.NFO,07/01/2020,09:19:34,686,674.2,300,699.95,20,0,1440
BANKNIFTY16JAN2031200CE.NFO,07/01/2020,09:19:35,686,674.7,220,699.85,20,0,1440
BANKNIFTY16JAN2031200CE.NFO,07/01/2020,09:19:36,686,675.05,260,699.55,20,0,1440
BANKNIFTY16JAN2031200CE.NFO,07/01/2020,09:19:38,686,675.5,140,699.75,20,0,1440
BANKNIFTY16JAN2031200CE.NFO,07/01/2020,09:19:39,686,675.85,120,699,20,0,1440
BANKNIFTY16JAN2031200CE.NFO,07/01/2020,09:19:40,683,676.65,120,683,40,40,1440
BANKNIFTY16JAN2031200CE.NFO,07/01/2020,09:19:41,683,677.7,20,683,40,0,1440
BANKNIFTY16JAN2031200CE.NFO,07/01/2020,09:19:41,683,678.05,300,683,40,0,1440
BANKNIFTY16JAN2031200CE.NFO,07/01/2020,09:19:43,683,678.95,40,683,40,0,1440
BANKNIFTY16JAN2031200CE.NFO,07/01/2020,09:19:44,683,679.65,40,683,40,0,1440
BANKNIFTY16JAN2031200CE.NFO,07/01/2020,09:19:45,683,680.3,20,683,40,0,1440
BANKNIFTY16JAN2031200CE.NFO,07/01/2020,09:19:46,683,681.05,80,683,20,20,1440
BANKNIFTY16JAN2031200CE.NFO,07/01/2020,09:19:47,683,681.7,40,683,20,0,1440
BANKNIFTY16JAN2031200CE.NFO,07/01/2020,09:19:47,683,681.9,200,683,20,0,1440
BANKNIFTY16JAN2031200CE.NFO,07/01/2020,09:19:49,683,682.3,260,683,20,0,1440
BANKNIFTY16JAN2031200CE.NFO,07/01/2020,09:19:50,683,682.95,40,683,20,0,1440
BANKNIFTY16JAN2031200CE.NFO,07/01/2020,09:19:51,683,683.4,40,699.65,20,20,1440
BANKNIFTY16JAN2031200CE.NFO,07/01/2020,09:19:52,683,683.8,40,699.6,20,0,1440
BANKNIFTY16JAN2031200CE.NFO,07/01/2020,09:19:52,683,684,300,699.55,40,0,1440
BANKNIFTY16JAN2031200CE.NFO,07/01/2020,09:19:54,683,684.7,260,699.9,20,0,1440
BANKNIFTY16JAN2031200CE.NFO,07/01/2020,09:19:55,685.5,685.55,40,699.9,20,40,1440
BANKNIFTY16JAN2031200CE.NFO,07/01/2020,09:19:56,685.5,686,60,699.9,20,0,1440
BANKNIFTY16JAN2031200CE.NFO,07/01/2020,09:19:57,685.5,686.3,100,699.9,20,0,1440
BANKNIFTY16JAN2031200CE.NFO,07/01/2020,09:19:57,685.5,686.55,140,699.9,20,0,1440
BANKNIFTY16JAN2031200CE.NFO,07/01/2020,09:19:59,685.5,687.4,320,699.9,20,0,1440
BANKNIFTY16JAN2031200CE.NFO,07/01/2020,09:20:00,688.4,688.45,40,714.85,20,100,1440
BANKNIFTY16JAN2031200CE.NFO,07/01/2020,09:20:01,688.4,689.15,60,721.85,20,0,1440
BANKNIFTY16JAN2031200CE.NFO,07/01/2020,09:20:02,688.4,689.95,60,721.4,40,0,1440
BANKNIFTY16JAN2031200CE.NFO,07/01/2020,09:20:03,688.4,690.9,20,721.4,40,0,1440
BANKNIFTY16JAN2031200CE.NFO,07/01/2020,09:20:04,688.4,691.7,100,721.4,40,0,1440
BANKNIFTY16JAN2031200CE.NFO,07/01/2020,09:20:05,688.4,692.5,140,721.4,40,0,1440
BANKNIFTY16JAN2031200CE.NFO,07/01/2020,09:20:06,688.4,693.4,60,721.4,40,0,1440
BANKNIFTY16JAN2031200CE.NFO,07/01/2020,09:20:06,688.4,693.55,240,721.4,40,0,1440
BANKNIFTY16JAN2031200CE.NFO,07/01/2020,09:20:08,688.4,695,20,721.4,40,0,1440
BANKNIFTY16JAN2031200CE.NFO,07/01/2020,09:20:09,688.4,695.5,40,721.4,40,0,1440
BANKNIFTY16JAN2031200CE.NFO,07/01/2020,09:20:10,688.4,695.75,300,720.85,60,0,1440
BANKNIFTY16JAN2031200CE.NFO,07/01/2020,09:20:11,688.4,696.15,300,720.85,40,0,1440
BANKNIFTY16JAN2031200CE.NFO,07/01/2020,09:20:12,688.4,696.55,120,720.85,40,0,1440
BANKNIFTY16JAN2031200CE.NFO,07/01/2020,09:20:12,688.4,696.85,300,720.85,40,0,1440
BANKNIFTY16JAN2031200CE.NFO,07/01/2020,09:20:13,688.4,697.1,300,720.85,40,0,1440
BANKNIFTY16JAN2031200CE.NFO,07/01/2020,09:20:14,688.4,697.55,220,720.85,40,0,1440
BANKNIFTY16JAN2031200CE.NFO,07/01/2020,09:20:15,688.4,697.85,160,720.85,40,0,1440
BANKNIFTY16JAN2031200CE.NFO,07/01/2020,09:20:16,688.4,698.4,300,720.85,40,0,1440
BANKNIFTY16JAN2031200CE.NFO,07/01/2020,09:20:17,688.4,698.75,280,720.85,40,0,1440
BANKNIFTY16JAN2031200CE.NFO,07/01/2020,09:20:18,688.4,699,300,720.85,40,0,1440
BANKNIFTY16JAN2031200CE.NFO,07/01/2020,09:20:19,688.4,699.3,300,720.85,40,0,1440
BANKNIFTY16JAN2031200CE.NFO,07/01/2020,09:20:20,688.4,699.6,300,720.85,40,0,1440
BANKNIFTY16JAN2031200CE.NFO,07/01/2020,09:20:21,688.4,699.9,300,720.85,40,0,1440
BANKNIFTY16JAN2031200CE.NFO,07/01/2020,09:20:22,688.4,700.3,300,720.85,40,0,1440
BANKNIFTY16JAN2031200CE.NFO,07/01/2020,09:20:23,688.4,700.65,300,720.85,40,0,1440
BANKNIFTY16JAN2031200CE.NFO,07/01/2020,09:20:24,688.4,701.05,300,720.4,20,0,1440
BANKNIFTY16JAN2031200CE.NFO,07/01/2020,09:20:25,688.4,701.15,300,718.95,20,0,1440
BANKNIFTY16JAN2031200CE.NFO,07/01/2020,09:20:26,688.4,701.3,300,717.35,60,0,1440
BANKNIFTY16JAN2031200CE.NFO,07/01/2020,09:20:27,688.4,701.35,300,717.35,60,0,1440
BANKNIFTY16JAN2031200CE.NFO,07/01/2020,09:20:28,688.4,701.6,300,729.35,20,0,1440
BANKNIFTY16JAN2031200CE.NFO,07/01/2020,09:20:29,688.4,701.9,300,728.1,20,0,1440
BANKNIFTY16JAN2031200CE.NFO,07/01/2020,09:20:30,688.4,702,300,726.8,20,0,1440
BANKNIFTY16JAN2031200CE.NFO,07/01/2020,09:20:31,688.4,702.55,300,725.6,20,0,1440
BANKNIFTY16JAN2031200CE.NFO,07/01/2020,09:20:32,688.4,703.35,200,724.3,20,0,1440
BANKNIFTY16JAN2031200CE.NFO,07/01/2020,09:20:33,688.4,704.05,160,723.05,20,0,1440
BANKNIFTY16JAN2031200CE.NFO,07/01/2020,09:20:34,688.4,704.6,300,722.05,20,0,1440
BANKNIFTY16JAN2031200CE.NFO,07/01/2020,09:20:35,688.4,705.05,300,720.4,20,0,1440
BANKNIFTY16JAN2031200CE.NFO,07/01/2020,09:20:36,688.4,705.35,300,736.35,20,0,1440
BANKNIFTY16JAN2031200CE.NFO,07/01/2020,09:20:37,688.4,705.8,300,733.85,20,0,1440
BANKNIFTY16JAN2031200CE.NFO,07/01/2020,09:20:38,688.4,706.55,40,731.55,20,0,1440
BANKNIFTY16JAN2031200CE.NFO,07/01/2020,09:20:39,688.4,706.75,80,729.2,20,0,1440
BANKNIFTY16JAN2031200CE.NFO,07/01/2020,09:20:40,688.4,707.05,40,726.7,20,0,1440
BANKNIFTY16JAN2031200CE.NFO,07/01/2020,09:20:42,688.4,707.4,40,725.1,20,0,1440
BANKNIFTY16JAN2031200CE.NFO,07/01/2020,09:20:43,688.4,707.7,40,722.9,20,0,1440
BANKNIFTY16JAN2031200CE.NFO,07/01/2020,09:20:44,721.75,707.95,40,721.75,20,40,1460
BANKNIFTY16JAN2031200CE.NFO,07/01/2020,09:20:44,721.75,707.95,40,721.75,20,0,1460
BANKNIFTY16JAN2031200CE.NFO,07/01/2020,09:20:45,721.75,708.25,60,738.2,20,0,1460
BANKNIFTY16JAN2031200CE.NFO,07/01/2020,09:20:45,721.75,708.35,40,738.15,20,0,1460
BANKNIFTY16JAN2031200CE.NFO,07/01/2020,09:20:47,721.75,708.6,20,737.8,20,0,1460
BANKNIFTY16JAN2031200CE.NFO,07/01/2020,09:20:48,721.75,708.9,40,737.4,20,0,1460
BANKNIFTY16JAN2031200CE.NFO,07/01/2020,09:20:49,721.75,709.5,20,736.85,20,0,1460
BANKNIFTY16JAN2031200CE.NFO,07/01/2020,09:20:50,721.75,709.7,20,736.15,20,0,1460
BANKNIFTY16JAN2031200CE.NFO,07/01/2020,09:20:51,721.75,710.05,40,733.3,20,0,1460
BANKNIFTY16JAN2031200CE.NFO,07/01/2020,09:20:52,721.75,710.25,40,728.75,20,0,1460
BANKNIFTY16JAN2031200CE.NFO,07/01/2020,09:20:53,721.75,710.55,60,742.35,20,0,1460
BANKNIFTY16JAN2031200CE.NFO,07/01/2020,09:20:54,721.75,711.25,20,742.3,60,0,1460
BANKNIFTY16JAN2031200CE.NFO,07/01/2020,09:20:55,721.75,712,40,742.15,40,0,1460
BANKNIFTY16JAN2031200CE.NFO,07/01/2020,09:20:56,721.75,712.55,20,741.7,20,0,1460
BANKNIFTY16JAN2031200CE.NFO,07/01/2020,09:20:57,721.75,698.5,60,741.3,60,0,1460
BANKNIFTY16JAN2031200CE.NFO,07/01/2020,09:20:58,721.75,699.1,60,740.85,40,0,1460
BANKNIFTY16JAN2031200CE.NFO,07/01/2020,09:20:59,721.75,699.6,40,740.5,40,0,1460
BANKNIFTY16JAN2031200CE.NFO,07/01/2020,09:21:00,721.75,700.2,40,740.1,60,0,1460
BANKNIFTY16JAN2031200CE.NFO,07/01/2020,09:21:01,721.75,700.85,40,740.1,60,0,1460
BANKNIFTY16JAN2031200CE.NFO,07/01/2020,09:21:02,721.75,701.55,40,740.1,60,0,1460
BANKNIFTY16JAN2031200CE.NFO,07/01/2020,09:21:03,721.75,702.15,40,740.1,60,0,1460
BANKNIFTY16JAN2031200CE.NFO,07/01/2020,09:21:04,721.75,702.8,40,740.1,80,0,1460
BANKNIFTY16JAN2031200CE.NFO,07/01/2020,09:21:05,721.75,703.55,60,740.1,60,0,1460
BANKNIFTY16JAN2031200CE.NFO,07/01/2020,09:21:06,721.75,704.55,40,740.1,60,0,1460
BANKNIFTY16JAN2031200CE.NFO,07/01/2020,09:21:07,721.75,705.15,20,739.4,60,0,1460
BANKNIFTY16JAN2031200CE.NFO,07/01/2020,09:21:08,721.75,705.8,40,738.8,40,0,1460
BANKNIFTY16JAN2031200CE.NFO,07/01/2020,09:21:09,721.75,706.2,100,738.3,60,0,1460
BANKNIFTY16JAN2031200CE.NFO,07/01/2020,09:21:10,721.75,706.8,40,738.3,60,0,1460
BANKNIFTY16JAN2031200CE.NFO,07/01/2020,09:21:11,721.75,707.5,40,738.3,60,0,1460
BANKNIFTY16JAN2031200CE.NFO,07/01/2020,09:21:12,721.75,708.15,20,738.3,60,0,1460
BANKNIFTY16JAN2031200CE.NFO,07/01/2020,09:21:13,721.75,709.25,60,738.3,60,0,1460
BANKNIFTY16JAN2031200CE.NFO,07/01/2020,09:21:14,721.75,710.1,40,738.3,60,0,1460
BANKNIFTY16JAN2031200CE.NFO,07/01/2020,09:21:15,721.75,710.65,60,738.3,60,0,1460
BANKNIFTY16JAN2031200CE.NFO,07/01/2020,09:21:16,721.75,711.1,40,738.3,60,0,1460
BANKNIFTY16JAN2031200CE.NFO,07/01/2020,09:21:17,721.75,711.45,100,737.8,40,0,1460
BANKNIFTY16JAN2031200CE.NFO,07/01/2020,09:21:18,721.75,711.9,40,736.6,40,0,1460
BANKNIFTY16JAN2031200CE.NFO,07/01/2020,09:21:19,721.75,712.35,60,736.1,20,0,1460
BANKNIFTY16JAN2031200CE.NFO,07/01/2020,09:21:20,721.75,712.75,60,741.75,20,0,1460
BANKNIFTY16JAN2031200CE.NFO,07/01/2020,09:21:21,721.75,713.3,40,740.55,20,0,1460
BANKNIFTY16JAN2031200CE.NFO,07/01/2020,09:21:22,721.75,713.85,20,739.65,20,0,1460
BANKNIFTY16JAN2031200CE.NFO,07/01/2020,09:21:23,721.75,714.4,80,738.8,20,0,1460
BANKNIFTY16JAN2031200CE.NFO,07/01/2020,09:21:24,721.75,715.1,40,737.5,20,0,1460
BANKNIFTY16JAN2031200CE.NFO,07/01/2020,09:21:25,721.75,715.8,40,736.5,20,0,1460
BANKNIFTY16JAN2031200CE.NFO,07/01/2020,09:21:26,721.75,716.55,20,735.2,20,0,1460
BANKNIFTY16JAN2031200CE.NFO,07/01/2020,09:21:27,721.75,717.45,80,735.05,40,0,1460
BANKNIFTY16JAN2031200CE.NFO,07/01/2020,09:21:28,721.75,718.1,40,734.65,20,0,1460
BANKNIFTY16JAN2031200CE.NFO,07/01/2020,09:21:29,721.75,718.75,100,740.9,20,0,1460
BANKNIFTY16JAN2031200CE.NFO,07/01/2020,09:21:30,721.75,719.15,100,739.1,40,0,1460
BANKNIFTY16JAN2031200CE.NFO,07/01/2020,09:21:31,721.75,719.65,60,737.2,20,0,1460
BANKNIFTY16JAN2031200CE.NFO,07/01/2020,09:21:32,721.75,720.05,80,735.7,20,0,1460
BANKNIFTY16JAN2031200CE.NFO,07/01/2020,09:21:33,721.75,720.45,40,734.4,40,0,1460
BANKNIFTY16JAN2031200CE.NFO,07/01/2020,09:21:34,721.75,720.95,40,732.6,20,0,1460
BANKNIFTY16JAN2031200CE.NFO,07/01/2020,09:21:35,721.75,721.4,40,739.8,40,0,1460
BANKNIFTY16JAN2031200CE.NFO,07/01/2020,09:21:36,721.75,721.85,80,737.7,40,0,1460
BANKNIFTY16JAN2031200CE.NFO,07/01/2020,09:21:37,721.75,722.3,40,736.6,20,0,1460
BANKNIFTY16JAN2031200CE.NFO,07/01/2020,09:21:38,721.75,722.65,80,735,40,0,1460
BANKNIFTY16JAN2031200CE.NFO,07/01/2020,09:21:39,721.75,708.25,40,733.9,60,0,1460
BANKNIFTY16JAN2031200CE.NFO,07/01/2020,09:21:40,721.75,709.2,60,733.9,60,0,1460
BANKNIFTY16JAN2031200CE.NFO,07/01/2020,09:21:41,721.75,710.25,40,733.9,60,0,1460
BANKNIFTY16JAN2031200CE.NFO,07/01/2020,09:21:42,721.75,711.4,60,733.9,60,0,1460
BANKNIFTY16JAN2031200CE.NFO,07/01/2020,09:21:43,721.75,712.35,40,733.9,40,0,1460
BANKNIFTY16JAN2031200CE.NFO,07/01/2020,09:21:44,721.75,714.05,60,733.9,40,0,1460
BANKNIFTY16JAN2031200CE.NFO,07/01/2020,09:21:45,721.75,715.7,100,741.5,20,0,1460
BANKNIFTY16JAN2031200CE.NFO,07/01/2020,09:21:46,721.75,716.95,20,740,40,0,1460
BANKNIFTY16JAN2031200CE.NFO,07/01/2020,09:21:47,721.75,718.4,100,738.8,20,0,1460
BANKNIFTY16JAN2031200CE.NFO,07/01/2020,09:21:47,721.75,718.5,60,738.8,20,0,1460
BANKNIFTY16JAN2031200CE.NFO,07/01/2020,09:21:49,721.75,719.95,40,736.75,20,0,1460
BANKNIFTY16JAN2031200CE.NFO,07/01/2020,09:21:50,721.75,720.85,20,734.85,40,0,1460
BANKNIFTY16JAN2031200CE.NFO,07/01/2020,09:21:51,721.75,722.1,40,748.5,20,0,1460
BANKNIFTY16JAN2031200CE.NFO,07/01/2020,09:21:52,721.75,722.95,40,747.3,40,0,1460
BANKNIFTY16JAN2031200CE.NFO,07/01/2020,09:21:53,721.75,723.55,60,745.8,40,0,1460
BANKNIFTY16JAN2031200CE.NFO,07/01/2020,09:21:54,721.75,724.25,20,744.35,40,0,1460
BANKNIFTY16JAN2031200CE.NFO,07/01/2020,09:21:55,721.75,725.05,40,743.05,40,0,1460
BANKNIFTY16JAN2031200CE.NFO,07/01/2020,09:21:56,721.75,725.75,20,740.85,20,0,1460
BANKNIFTY16JAN2031200CE.NFO,07/01/2020,09:21:57,721.75,726.5,100,738.15,20,0,1460
BANKNIFTY16JAN2031200CE.NFO,07/01/2020,09:21:58,721.75,726.95,100,737.9,20,0,1460
BANKNIFTY16JAN2031200CE.NFO,07/01/2020,09:21:59,721.75,727.55,20,737.15,20,0,1460
BANKNIFTY16JAN2031200CE.NFO,07/01/2020,09:21:59,721.75,727.55,100,737.15,20,0,1460
BANKNIFTY16JAN2031200CE.NFO,07/01/2020,09:22:00,721.75,728.4,40,756.4,40,0,1460
BANKNIFTY16JAN2031200CE.NFO,07/01/2020,09:22:01,721.75,729.25,20,754.6,40,0,1460
BANKNIFTY16JAN2031200CE.NFO,07/01/2020,09:22:02,721.75,730.15,80,753,40,0,1460
BANKNIFTY16JAN2031200CE.NFO,07/01/2020,09:22:03,721.75,731,100,751.8,40,0,1460
BANKNIFTY16JAN2031200CE.NFO,07/01/2020,09:22:04,721.75,731.7,20,751.2,20,0,1460
BANKNIFTY16JAN2031200CE.NFO,07/01/2020,09:22:05,721.75,732.55,20,750.45,20,0,1460
BANKNIFTY16JAN2031200CE.NFO,07/01/2020,09:22:06,721.75,733.15,60,758.15,20,0,1460
BANKNIFTY16JAN2031200CE.NFO,07/01/2020,09:22:07,721.75,733.8,40,756.45,20,0,1460
BANKNIFTY16JAN2031200CE.NFO,07/01/2020,09:22:08,721.75,734.45,20,755.75,40,0,1460
BANKNIFTY16JAN2031200CE.NFO,07/01/2020,09:22:09,721.75,735.1,20,754.65,20,0,1460
BANKNIFTY16JAN2031200CE.NFO,07/01/2020,09:22:10,721.75,735.65,40,752.8,20,0,1460
BANKNIFTY16JAN2031200CE.NFO,07/01/2020,09:22:11,721.75,736.1,60,751.45,20,0,1460
BANKNIFTY16JAN2031200CE.NFO,07/01/2020,09:22:13,721.75,737.25,40,749.35,20,0,1460
BANKNIFTY16JAN2031200CE.NFO,07/01/2020,09:22:14,721.75,737.65,40,748.15,20,0,1460
BANKNIFTY16JAN2031200CE.NFO,07/01/2020,09:22:15,721.75,726.7,40,746.9,20,0,1460
BANKNIFTY16JAN2031200CE.NFO,07/01/2020,09:22:16,721.75,727.95,20,745.7,20,0,1460
BANKNIFTY16JAN2031200CE.NFO,07/01/2020,09:22:17,721.75,729.35,40,758.95,40,0,1460
BANKNIFTY16JAN2031200CE.NFO,07/01/2020,09:22:18,721.75,731.25,40,757.15,20,0,1460
BANKNIFTY16JAN2031200CE.NFO,07/01/2020,09:22:19,721.75,733.5,100,755.05,20,0,1460
BANKNIFTY16JAN2031200CE.NFO,07/01/2020,09:22:20,721.75,734.75,60,754,20,0,1460
BANKNIFTY16JAN2031200CE.NFO,07/01/2020,09:22:21,721.75,736.15,20,752.6,20,0,1460
BANKNIFTY16JAN2031200CE.NFO,07/01/2020,09:22:22,721.75,736.8,40,752.05,20,0,1460
BANKNIFTY16JAN2031200CE.NFO,07/01/2020,09:22:23,721.75,737.95,20,749.9,20,0,1460
BANKNIFTY16JAN2031200CE.NFO,07/01/2020,09:22:24,721.75,726.25,40,748.65,20,0,1460
BANKNIFTY16JAN2031200CE.NFO,07/01/2020,09:22:25,721.75,728.6,20,747.35,20,0,1460
BANKNIFTY16JAN2031200CE.NFO,07/01/2020,09:22:26,721.75,730.8,20,746.1,20,0,1460
BANKNIFTY16JAN2031200CE.NFO,07/01/2020,09:22:27,721.75,732.3,20,757.45,20,0,1460
BANKNIFTY16JAN2031200CE.NFO,07/01/2020,09:22:28,721.75,733.7,20,754.45,20,0,1460
BANKNIFTY16JAN2031200CE.NFO,07/01/2020,09:22:29,721.75,735.2,40,750.05,20,0,1460
BANKNIFTY16JAN2031200CE.NFO,07/01/2020,09:22:30,721.75,736.65,100,748.9,20,0,1460
BANKNIFTY16JAN2031200CE.NFO,07/01/2020,09:22:31,721.75,737.4,40,759.25,20,0,1460
BANKNIFTY16JAN2031200CE.NFO,07/01/2020,09:22:32,721.75,738.8,80,757.45,20,0,1460
BANKNIFTY16JAN2031200CE.NFO,07/01/2020,09:22:33,721.75,739.45,40,755.1,20,0,1460
BANKNIFTY16JAN2031200CE.NFO,07/01/2020,09:22:34,721.75,740.25,80,751.25,20,0,1460
BANKNIFTY16JAN2031200CE.NFO,07/01/2020,09:22:35,721.75,741.15,40,747.3,20,0,1460
BANKNIFTY16JAN2031200CE.NFO,07/01/2020,09:22:35,721.75,741.2,80,746.85,20,0,1460
BANKNIFTY16JAN2031200CE.NFO,07/01/2020,09:22:37,721.75,741.85,40,756.15,20,0,1460
BANKNIFTY16JAN2031200CE.NFO,07/01/2020,09:22:38,721.75,742.45,80,753.55,20,0,1460
BANKNIFTY16JAN2031200CE.NFO,07/01/2020,09:22:39,721.75,742.95,40,749.9,40,0,1460
BANKNIFTY16JAN2031200CE.NFO,07/01/2020,09:22:40,721.75,732.25,100,749.2,40,0,1460
BANKNIFTY16JAN2031200CE.NFO,07/01/2020,09:22:41,721.75,734.45,60,748.5,40,0,1460
BANKNIFTY16JAN2031200CE.NFO,07/01/2020,09:22:41,721.75,734.95,20,748.15,20,0,1460
BANKNIFTY16JAN2031200CE.NFO,07/01/2020,09:22:43,721.75,736.85,40,747.7,40,0,1460
BANKNIFTY16JAN2031200CE.NFO,07/01/2020,09:22:44,721.75,738.05,40,757.4,20,0,1460
BANKNIFTY16JAN2031200CE.NFO,07/01/2020,09:22:45,721.75,738.9,40,755.15,20,0,1460
BANKNIFTY16JAN2031200CE.NFO,07/01/2020,09:22:46,721.75,739.5,40,752.7,20,0,1460
BANKNIFTY16JAN2031200CE.NFO,07/01/2020,09:22:47,740.15,740.35,40,749.75,40,20,1460
BANKNIFTY16JAN2031200CE.NFO,07/01/2020,09:22:47,740.15,740.35,40,749.75,40,0,1460
BANKNIFTY16JAN2031200CE.NFO,07/01/2020,09:22:48,740.15,726.05,40,759.4,40,0,1460
BANKNIFTY16JAN2031200CE.NFO,07/01/2020,09:22:49,740.15,728.05,120,758.4,20,0,1460
BANKNIFTY16JAN2031200CE.NFO,07/01/2020,09:22:50,740.15,730.2,80,757.2,20,0,1460
BANKNIFTY16JAN2031200CE.NFO,07/01/2020,09:22:51,740.15,731.9,100,756.5,20,0,1460
BANKNIFTY16JAN2031200CE.NFO,07/01/2020,09:22:52,740.15,733.45,20,755.9,20,0,1460
BANKNIFTY16JAN2031200CE.NFO,07/01/2020,09:22:53,740.15,735.25,20,755.2,20,0,1460
BANKNIFTY16JAN2031200CE.NFO,07/01/2020,09:22:54,740.15,736.8,80,754.4,20,0,1460
BANKNIFTY16JAN2031200CE.NFO,07/01/2020,09:22:54,740.15,737.15,40,754.3,20,0,1460
BANKNIFTY16JAN2031200CE.NFO,07/01/2020,09:22:56,740.15,739.65,80,759.5,40,0,1460
BANKNIFTY16JAN2031200CE.NFO,07/01/2020,09:22:57,740.15,740.8,20,759.5,40,0,1460
BANKNIFTY16JAN2031200CE.NFO,07/01/2020,09:22:58,740.15,741.95,100,759.5,40,0,1460
BANKNIFTY16JAN2031200CE.NFO,07/01/2020,09:22:59,740.15,742.6,20,759.5,20,0,1460
BANKNIFTY16JAN2031200CE.NFO,07/01/2020,09:23:00,740.15,743.05,80,770.2,40,0,1460
BANKNIFTY16JAN2031200CE.NFO,07/01/2020,09:23:01,740.15,743.55,40,769.5,40,0,1460
BANKNIFTY16JAN2031200CE.NFO,07/01/2020,09:23:02,740.15,744.15,120,768.15,40,0,1460
BANKNIFTY16JAN2031200CE.NFO,07/01/2020,09:23:03,740.15,744.6,40,765.7,40,0,1460
BANKNIFTY16JAN2031200CE.NFO,07/01/2020,09:23:04,740.15,745.3,40,765.65,40,0,1460
BANKNIFTY16JAN2031200CE.NFO,07/01/2020,09:23:05,745.7,745.65,40,765.65,40,120,1460
BANKNIFTY16JAN2031200CE.NFO,07/01/2020,09:23:05,745.75,745.65,40,765.65,40,0,1460
BANKNIFTY16JAN2031200CE.NFO,07/01/2020,09:23:06,745.7,746.1,80,765.65,40,40,1460
BANKNIFTY16JAN2031200CE.NFO,07/01/2020,09:23:07,745.7,746.65,40,765.65,40,0,1460
BANKNIFTY16JAN2031200CE.NFO,07/01/2020,09:23:07,745.7,746.75,40,765.65,40,0,1460
BANKNIFTY16JAN2031200CE.NFO,07/01/2020,09:23:09,745.7,747.55,40,765.65,40,0,1460
BANKNIFTY16JAN2031200CE.NFO,07/01/2020,09:23:10,745.7,748.2,80,765.65,40,0,1460
BANKNIFTY16JAN2031200CE.NFO,07/01/2020,09:23:11,745.7,736.3,100,764.95,60,0,1460
BANKNIFTY16JAN2031200CE.NFO,07/01/2020,09:23:12,745.7,737.95,20,764.95,60,0,1460
BANKNIFTY16JAN2031200CE.NFO,07/01/2020,09:23:13,745.7,740.2,100,764.95,60,0,1460
BANKNIFTY16JAN2031200CE.NFO,07/01/2020,09:23:14,745.7,741.2,120,764.95,60,0,1460
BANKNIFTY16JAN2031200CE.NFO,07/01/2020,09:23:15,745.7,741.8,120,764.25,60,0,1460
BANKNIFTY16JAN2031200CE.NFO,07/01/2020,09:23:16,745.7,730.35,20,763.45,80,0,1460
BANKNIFTY16JAN2031200CE.NFO,07/01/2020,09:23:17,745.7,732.6,100,762.55,60,0,1460
BANKNIFTY16JAN2031200CE.NFO,07/01/2020,09:23:18,745.7,734.15,40,762.25,40,0,1460
BANKNIFTY16JAN2031200CE.NFO,07/01/2020,09:23:19,745.7,735.35,40,762.25,40,0,1460
BANKNIFTY16JAN2031200CE.NFO,07/01/2020,09:23:20,745.7,737.45,60,762.25,40,0,1460
BANKNIFTY16JAN2031200CE.NFO,07/01/2020,09:23:21,745.7,738.65,20,762.25,40,0,1460
BANKNIFTY16JAN2031200CE.NFO,07/01/2020,09:23:22,745.7,739.5,40,762.15,20,0,1460
BANKNIFTY16JAN2031200CE.NFO,07/01/2020,09:23:23,745.7,740.1,80,761.7,20,0,1460
BANKNIFTY16JAN2031200CE.NFO,07/01/2020,09:23:24,745.7,740.65,80,761.55,40,0,1460
BANKNIFTY16JAN2031200CE.NFO,07/01/2020,09:23:25,745.7,741.4,80,761.55,40,0,1460
BANKNIFTY16JAN2031200CE.NFO,07/01/2020,09:23:26,745.7,742.3,40,761.15,40,0,1460
BANKNIFTY16JAN2031200CE.NFO,07/01/2020,09:23:27,745.7,726.8,120,760.55,20,0,1460
BANKNIFTY16JAN2031200CE.NFO,07/01/2020,09:23:28,745.7,729.5,80,759.35,80,0,1460
BANKNIFTY16JAN2031200CE.NFO,07/01/2020,09:23:29,745.7,731.9,40,758.1,20,0,1460
BANKNIFTY16JAN2031200CE.NFO,07/01/2020,09:23:30,745.7,735.45,100,757.1,20,0,1460
BANKNIFTY16JAN2031200CE.NFO,07/01/2020,09:23:31,745.7,737.05,40,756.05,40,0,1460
BANKNIFTY16JAN2031200CE.NFO,07/01/2020,09:23:32,745.7,738.5,40,755.3,20,0,1460
BANKNIFTY16JAN2031200CE.NFO,07/01/2020,09:23:33,745.7,739.25,40,754.6,20,0,1460
BANKNIFTY16JAN2031200CE.NFO,07/01/2020,09:23:34,745.7,739.9,40,753.85,40,0,1460
BANKNIFTY16JAN2031200CE.NFO,07/01/2020,09:23:35,745.7,740.55,40,753.3,20,0,1460
BANKNIFTY16JAN2031200CE.NFO,07/01/2020,09:23:36,745.7,726,20,752.6,20,0,1460
BANKNIFTY16JAN2031200CE.NFO,07/01/2020,09:23:37,745.7,731.5,20,751.85,40,0,1460
BANKNIFTY16JAN2031200CE.NFO,07/01/2020,09:23:38,745.7,733.85,40,751.2,20,0,1460
BANKNIFTY16JAN2031200CE.NFO,07/01/2020,09:23:39,745.7,736.05,40,750.65,40,0,1460
BANKNIFTY16JAN2031200CE.NFO,07/01/2020,09:23:40,745.7,737.15,40,750.05,40,0,1460
BANKNIFTY16JAN2031200CE.NFO,07/01/2020,09:23:41,745.7,737.9,40,749.2,20,0,1460
BANKNIFTY16JAN2031200CE.NFO,07/01/2020,09:23:42,745.7,738.4,40,748.3,20,0,1460
BANKNIFTY16JAN2031200CE.NFO,07/01/2020,09:23:43,745.7,739.1,40,747.65,20,0,1460
BANKNIFTY16JAN2031200CE.NFO,07/01/2020,09:23:44,745.7,739.4,40,757.95,40,0,1460
BANKNIFTY16JAN2031200CE.NFO,07/01/2020,09:23:45,745.7,740,40,757.5,40,0,1460
BANKNIFTY16JAN2031200CE.NFO,07/01/2020,09:23:46,745.7,740.6,80,757.5,40,0,1460
BANKNIFTY16JAN2031200CE.NFO,07/01/2020,09:23:47,745.7,727.15,20,756.85,40,0,1460
BANKNIFTY16JAN2031200CE.NFO,07/01/2020,09:23:48,745.7,730.75,20,756.25,40,0,1460
BANKNIFTY16JAN2031200CE.NFO,07/01/2020,09:23:49,745.7,733.75,20,755.6,20,0,1460
BANKNIFTY16JAN2031200CE.NFO,07/01/2020,09:23:50,745.7,736.3,100,755,40,0,1460
BANKNIFTY16JAN2031200CE.NFO,07/01/2020,09:23:51,745.7,737,40,754.3,40,0,1460
BANKNIFTY16JAN2031200CE.NFO,07/01/2020,09:23:52,745.7,737.8,100,753.6,20,0,1460
BANKNIFTY16JAN2031200CE.NFO,07/01/2020,09:23:53,745.7,738.45,80,752.75,20,0,1460
BANKNIFTY16JAN2031200CE.NFO,07/01/2020,09:23:54,745.7,739,40,752.15,20,0,1460
BANKNIFTY16JAN2031200CE.NFO,07/01/2020,09:23:55,745.7,739.65,60,751.6,40,0,1460
BANKNIFTY16JAN2031200CE.NFO,07/01/2020,09:23:56,745.7,740.9,40,767.6,40,0,1460
BANKNIFTY16JAN2031200CE.NFO,07/01/2020,09:23:57,745.7,742.6,100,767.6,40,0,1460
BANKNIFTY16JAN2031200CE.NFO,07/01/2020,09:23:58,745.7,743.85,40,767.4,40,0,1460
BANKNIFTY16JAN2031200CE.NFO,07/01/2020,09:23:59,745.7,744.55,40,767.4,40,0,1460
BANKNIFTY16JAN2031200CE.NFO,07/01/2020,09:24:00,745.7,745.65,40,766.35,20,0,1460
BANKNIFTY16JAN2031200CE.NFO,07/01/2020,09:24:01,745.7,746.15,80,762.85,20,0,1460
BANKNIFTY16JAN2031200CE.NFO,07/01/2020,09:24:02,745.7,735.3,100,759.7,20,0,1460
BANKNIFTY16JAN2031200CE.NFO,07/01/2020,09:24:03,745.7,738.6,100,756.65,20,0,1460
BANKNIFTY16JAN2031200CE.NFO,07/01/2020,09:24:04,745.7,740.85,120,752.75,20,0,1460
BANKNIFTY16JAN2031200CE.NFO,07/01/2020,09:24:05,745.7,741.3,40,751.15,20,0,1460
BANKNIFTY16JAN2031200CE.NFO,07/01/2020,09:24:06,745.7,735.9,60,762.6,20,0,1460
BANKNIFTY16JAN2031200CE.NFO,07/01/2020,09:24:07,745.7,738.6,20,760.25,20,0,1460
BANKNIFTY16JAN2031200CE.NFO,07/01/2020,09:24:08,745.7,740.55,40,757.65,20,0,1460
BANKNIFTY16JAN2031200CE.NFO,07/01/2020,09:24:09,740.9,729.2,100,755.15,40,60,1500
BANKNIFTY16JAN2031200CE.NFO,07/01/2020,09:24:10,740.9,734.5,40,754.35,40,0,1500
BANKNIFTY16JAN2031200CE.NFO,07/01/2020,09:24:11,740.9,736.4,20,753.75,20,0,1500
BANKNIFTY16JAN2031200CE.NFO,07/01/2020,09:24:12,740.9,738.2,20,752.8,20,0,1500
BANKNIFTY16JAN2031200CE.NFO,07/01/2020,09:24:13,740.9,724.7,60,751.55,20,0,1500
BANKNIFTY16JAN2031200CE.NFO,07/01/2020,09:24:14,740.9,728.9,20,766.6,40,0,1500
BANKNIFTY16JAN2031200CE.NFO,07/01/2020,09:24:15,740.9,735.2,20,766.1,20,0,1500
BANKNIFTY16JAN2031200CE.NFO,07/01/2020,09:24:16,740.9,737.4,40,765.2,20,0,1500
BANKNIFTY16JAN2031200CE.NFO,07/01/2020,09:24:17,740.9,738.55,40,763.6,20,0,1500
BANKNIFTY16JAN2031200CE.NFO,07/01/2020,09:24:18,740.9,739.5,40,762.75,20,0,1500
BANKNIFTY16JAN2031200CE.NFO,07/01/2020,09:24:20,740.9,740.9,40,761.25,20,0,1500
BANKNIFTY16JAN2031200CE.NFO,07/01/2020,09:24:21,740.9,741.5,40,760.45,20,0,1500
BANKNIFTY16JAN2031200CE.NFO,07/01/2020,09:24:22,740.9,726.95,20,759.25,20,0,1500
BANKNIFTY16JAN2031200CE.NFO,07/01/2020,09:24:23,740.9,733.5,20,758.2,20,0,1500
BANKNIFTY16JAN2031200CE.NFO,07/01/2020,09:24:24,740.9,736.65,40,756.7,60,0,1500
BANKNIFTY16JAN2031200CE.NFO,07/01/2020,09:24:25,740.9,728.7,40,755.7,20,0,1500
BANKNIFTY16JAN2031200CE.NFO,07/01/2020,09:24:26,740.9,735.85,40,754.3,60,0,1500
BANKNIFTY16JAN2031200CE.NFO,07/01/2020,09:24:27,740.9,737.8,20,753.5,20,0,1500
BANKNIFTY16JAN2031200CE.NFO,07/01/2020,09:24:28,740.9,727.45,20,752.8,20,0,1500
BANKNIFTY16JAN2031200CE.NFO,07/01/2020,09:24:29,740.9,732.75,20,752.05,60,0,1500
BANKNIFTY16JAN2031200CE.NFO,07/01/2020,09:24:30,740.9,734.85,40,751.4,20,0,1500
BANKNIFTY16JAN2031200CE.NFO,07/01/2020,09:24:31,740.9,728.7,20,750.95,40,0,1500
BANKNIFTY16JAN2031200CE.NFO,07/01/2020,09:24:32,740.9,732.8,20,750.35,40,0,1500
BANKNIFTY16JAN2031200CE.NFO,07/01/2020,09:24:33,740.9,736.05,40,749.75,40,0,1500
BANKNIFTY16JAN2031200CE.NFO,07/01/2020,09:24:34,740.9,731.65,20,749.15,40,0,1500
BANKNIFTY16JAN2031200CE.NFO,07/01/2020,09:24:35,740.9,733.75,60,748.65,20,0,1500
BANKNIFTY16JAN2031200CE.NFO,07/01/2020,09:24:36,740.9,720.8,20,748.3,20,0,1500
BANKNIFTY16JAN2031200CE.NFO,07/01/2020,09:24:37,740.9,723.4,20,747.85,40,0,1500
BANKNIFTY16JAN2031200CE.NFO,07/01/2020,09:24:38,740.9,726.35,40,747.45,20,0,1500
BANKNIFTY16JAN2031200CE.NFO,07/01/2020,09:24:39,740.9,727.05,60,747,20,0,1500
BANKNIFTY16JAN2031200CE.NFO,07/01/2020,09:24:40,740.9,727.9,40,746.5,40,0,1500
BANKNIFTY16JAN2031200CE.NFO,07/01/2020,09:24:41,740.9,728.8,40,746,40,0,1500
BANKNIFTY16JAN2031200CE.NFO,07/01/2020,09:24:42,740.9,717.9,20,745.45,40,0,1500
BANKNIFTY16JAN2031200CE.NFO,07/01/2020,09:24:43,740.9,719.9,20,745.05,40,0,1500
BANKNIFTY16JAN2031200CE.NFO,07/01/2020,09:24:44,740.9,722.2,40,744.4,20,0,1500
BANKNIFTY16JAN2031200CE.NFO,07/01/2020,09:24:45,740.9,723.05,20,743.85,40,0,1500
BANKNIFTY16JAN2031200CE.NFO,07/01/2020,09:24:46,740.9,713.35,20,743.3,20,0,1500
BANKNIFTY16JAN2031200CE.NFO,07/01/2020,09:24:47,740.9,716.85,60,742.7,40,0,1500
BANKNIFTY16JAN2031200CE.NFO,07/01/2020,09:24:48,740.9,718.8,40,742,40,0,1500
BANKNIFTY16JAN2031200CE.NFO,07/01/2020,09:24:49,740.9,721.15,40,741.3,40,0,1500
BANKNIFTY16JAN2031200CE.NFO,07/01/2020,09:24:50,740.9,722.8,40,740.7,20,0,1500
BANKNIFTY16JAN2031200CE.NFO,07/01/2020,09:24:51,740.9,723.8,40,740.1,40,0,1500
BANKNIFTY16JAN2031200CE.NFO,07/01/2020,09:24:52,740.9,724.8,40,739.5,40,0,1500
BANKNIFTY16JAN2031200CE.NFO,07/01/2020,09:24:53,740.9,712.05,20,738.9,20,0,1500
BANKNIFTY16JAN2031200CE.NFO,07/01/2020,09:24:54,740.9,717.65,20,738.2,40,0,1500
BANKNIFTY16JAN2031200CE.NFO,07/01/2020,09:24:55,740.9,719.3,120,737.6,20,0,1500
BANKNIFTY16JAN2031200CE.NFO,07/01/2020,09:24:56,740.9,720.3,80,748.6,20,0,1500
BANKNIFTY16JAN2031200CE.NFO,07/01/2020,09:24:57,740.9,721.6,40,747.9,40,0,1500
BANKNIFTY16JAN2031200CE.NFO,07/01/2020,09:24:58,740.9,722.75,40,747.9,40,0,1500
BANKNIFTY16JAN2031200CE.NFO,07/01/2020,09:24:59,740.9,723.4,120,747.9,40,0,1500
BANKNIFTY16JAN2031200CE.NFO,07/01/2020,09:25:00,740.9,724.15,40,747.9,40,0,1500
BANKNIFTY16JAN2031200CE.NFO,07/01/2020,09:25:01,740.9,724.9,20,747.9,40,0,1500
BANKNIFTY16JAN2031200CE.NFO,07/01/2020,09:25:02,740.9,725.75,60,747.9,40,0,1500
BANKNIFTY16JAN2031200CE.NFO,07/01/2020,09:25:03,740.9,726.95,20,747.9,40,0,1500
BANKNIFTY16JAN2031200CE.NFO,07/01/2020,09:25:04,740.9,727.75,80,747.9,40,0,1500
BANKNIFTY16JAN2031200CE.NFO,07/01/2020,09:25:05,740.9,728.7,60,747.9,40,0,1500
BANKNIFTY16JAN2031200CE.NFO,07/01/2020,09:25:06,740.9,730.15,40,747.9,40,0,1500
BANKNIFTY16JAN2031200CE.NFO,07/01/2020,09:25:07,740.9,731.2,20,747.6,40,0,1500
BANKNIFTY16JAN2031200CE.NFO,07/01/2020,09:25:08,740.9,718.35,40,746.9,40,0,1500
BANKNIFTY16JAN2031200CE.NFO,07/01/2020,09:25:09,740.9,724.8,20,746.2,20,0,1500
BANKNIFTY16JAN2031200CE.NFO,07/01/2020,09:25:10,740.9,727.3,40,745.6,40,0,1500
BANKNIFTY16JAN2031200CE.NFO,07/01/2020,09:25:11,740.9,728.6,40,744.95,40,0,1500
BANKNIFTY16JAN2031200CE.NFO,07/01/2020,09:25:12,740.9,715.95,20,744.2,40,0,1500
BANKNIFTY16JAN2031200CE.NFO,07/01/2020,09:25:13,740.9,722.15,40,743.3,40,0,1500
BANKNIFTY16JAN2031200CE.NFO,07/01/2020,09:25:14,740.9,726.9,40,742.45,40,0,1500
BANKNIFTY16JAN2031200CE.NFO,07/01/2020,09:25:15,740.9,720.15,80,741.5,40,0,1500
BANKNIFTY16JAN2031200CE.NFO,07/01/2020,09:25:16,740.9,723.5,60,740.85,40,0,1500
BANKNIFTY16JAN2031200CE.NFO,07/01/2020,09:25:17,740.9,724.85,40,740.05,20,0,1500
BANKNIFTY16JAN2031200CE.NFO,07/01/2020,09:25:18,740.9,727.05,20,749.75,20,0,1500
BANKNIFTY16JAN2031200CE.NFO,07/01/2020,09:25:19,740.9,728.15,40,747.5,20,0,1500
BANKNIFTY16JAN2031200CE.NFO,07/01/2020,09:25:20,740.9,728.75,40,744.55,20,0,1500
BANKNIFTY16JAN2031200CE.NFO,07/01/2020,09:25:21,740.9,729.75,40,742.9,20,0,1500
BANKNIFTY16JAN2031200CE.NFO,07/01/2020,09:25:22,740.9,730.65,60,741.9,20,0,1500
BANKNIFTY16JAN2031200CE.NFO,07/01/2020,09:25:23,740.9,731.55,40,755.85,20,0,1500
BANKNIFTY16JAN2031200CE.NFO,07/01/2020,09:25:24,740.9,716.25,40,754.4,20,0,1500
BANKNIFTY16JAN2031200CE.NFO,07/01/2020,09:25:25,740.9,720.75,20,753.05,20,0,1500
BANKNIFTY16JAN2031200CE.NFO,07/01/2020,09:25:26,740.9,724.9,40,751.4,20,0,1500
BANKNIFTY16JAN2031200CE.NFO,07/01/2020,09:25:27,740.9,727.45,20,747.35,20,0,1500
BANKNIFTY16JAN2031200CE.NFO,07/01/2020,09:25:28,740.9,729.35,40,742.95,20,0,1500
BANKNIFTY16JAN2031200CE.NFO,07/01/2020,09:25:29,740.9,719.85,40,740.25,20,0,1500
BANKNIFTY16JAN2031200CE.NFO,07/01/2020,09:25:30,740.9,722.55,60,738.9,20,0,1500
BANKNIFTY16JAN2031200CE.NFO,07/01/2020,09:25:31,740.9,725.1,40,751.6,20,0,1500
BANKNIFTY16JAN2031200CE.NFO,07/01/2020,09:25:32,740.9,726.35,20,750.3,20,0,1500
BANKNIFTY16JAN2031200CE.NFO,07/01/2020,09:25:33,740.9,727.7,60,749.55,40,0,1500
BANKNIFTY16JAN2031200CE.NFO,07/01/2020,09:25:34,740.9,728.75,40,748.75,40,0,1500
BANKNIFTY16JAN2031200CE.NFO,07/01/2020,09:25:35,740.9,729.05,40,748.65,40,0,1500
BANKNIFTY16JAN2031200CE.NFO,07/01/2020,09:25:36,740.9,729.65,40,748.55,40,0,1500
BANKNIFTY16JAN2031200CE.NFO,07/01/2020,09:25:37,740.9,730.25,40,748.55,40,0,1500
BANKNIFTY16JAN2031200CE.NFO,07/01/2020,09:25:38,740.9,730.7,40,748.1,20,0,1500
BANKNIFTY16JAN2031200CE.NFO,07/01/2020,09:25:39,740.9,731.25,40,747.65,40,0,1500
BANKNIFTY16JAN2031200CE.NFO,07/01/2020,09:25:40,740.9,731.95,40,747.45,40,0,1500
BANKNIFTY16JAN2031200CE.NFO,07/01/2020,09:25:41,740.9,732.65,40,747.15,40,0,1500
BANKNIFTY16JAN2031200CE.NFO,07/01/2020,09:25:42,740.9,722.45,40,746.85,40,0,1500
BANKNIFTY16JAN2031200CE.NFO,07/01/2020,09:25:43,740.9,723.9,40,746.05,40,0,1500
BANKNIFTY16JAN2031200CE.NFO,07/01/2020,09:25:44,740.9,724.9,40,745.25,20,0,1500
BANKNIFTY16JAN2031200CE.NFO,07/01/2020,09:25:45,740.9,726.45,40,744.45,40,0,1500
BANKNIFTY16JAN2031200CE.NFO,07/01/2020,09:25:46,740.9,718.55,60,743.65,40,0,1500
BANKNIFTY16JAN2031200CE.NFO,07/01/2020,09:25:47,740.9,721.25,60,743.05,40,0,1500
BANKNIFTY16JAN2031200CE.NFO,07/01/2020,09:25:48,740.9,724.35,20,742.35,20,0,1500
BANKNIFTY16JAN2031200CE.NFO,07/01/2020,09:25:49,740.9,725.3,60,741.65,40,0,1500
BANKNIFTY16JAN2031200CE.NFO,07/01/2020,09:25:50,740.9,726.3,20,740.85,20,0,1500
BANKNIFTY16JAN2031200CE.NFO,07/01/2020,09:25:51,740.9,727.15,40,740.15,40,0,1500
BANKNIFTY16JAN2031200CE.NFO,07/01/2020,09:25:52,740.9,713.35,20,739.45,40,0,1500
BANKNIFTY16JAN2031200CE.NFO,07/01/2020,09:25:53,740.9,715.45,80,738.65,40,0,1500
BANKNIFTY16JAN2031200CE.NFO,07/01/2020,09:25:54,740.9,718.65,40,737.95,40,0,1500
BANKNIFTY16JAN2031200CE.NFO,07/01/2020,09:25:55,740.9,722,40,737.15,40,0,1500
BANKNIFTY16JAN2031200CE.NFO,07/01/2020,09:25:56,740.9,723.4,40,736.75,40,0,1500
BANKNIFTY16JAN2031200CE.NFO,07/01/2020,09:25:57,740.9,724.2,40,736.75,40,0,1500
BANKNIFTY16JAN2031200CE.NFO,07/01/2020,09:25:58,740.9,725.45,40,736.75,40,0,1500
BANKNIFTY16JAN2031200CE.NFO,07/01/2020,09:25:59,740.9,726.05,40,736.75,40,0,1500
BANKNIFTY16JAN2031200CE.NFO,07/01/2020,09:26:00,740.9,726.65,40,736.75,40,0,1500
BANKNIFTY16JAN2031200CE.NFO,07/01/2020,09:26:01,740.9,727.25,40,736.75,40,0,1500
BANKNIFTY16JAN2031200CE.NFO,07/01/2020,09:26:02,740.9,727.6,40,736.75,40,0,1500
BANKNIFTY16JAN2031200CE.NFO,07/01/2020,09:26:03,740.9,728.15,40,736.75,40,0,1500
BANKNIFTY16JAN2031200CE.NFO,07/01/2020,09:26:04,740.9,728.85,40,736.75,40,0,1500
BANKNIFTY16JAN2031200CE.NFO,07/01/2020,09:26:05,740.9,729.45,40,736.75,40,0,1500
BANKNIFTY16JAN2031200CE.NFO,07/01/2020,09:26:06,740.9,729.9,40,736.75,40,0,1500
BANKNIFTY16JAN2031200CE.NFO,07/01/2020,09:26:07,740.9,719.85,40,736.75,40,0,1500
BANKNIFTY16JAN2031200CE.NFO,07/01/2020,09:26:08,740.9,721.05,40,736.75,40,0,1500
BANKNIFTY16JAN2031200CE.NFO,07/01/2020,09:26:09,740.9,721.7,40,736.75,40,0,1500
BANKNIFTY16JAN2031200CE.NFO,07/01/2020,09:26:10,740.9,722.35,20,736.75,40,0,1500
BANKNIFTY16JAN2031200CE.NFO,07/01/2020,09:26:11,740.9,714.5,80,736.25,40,0,1500
BANKNIFTY16JAN2031200CE.NFO,07/01/2020,09:26:13,740.9,717,60,735.95,40,0,1500
BANKNIFTY16JAN2031200CE.NFO,07/01/2020,09:26:14,740.9,718.6,60,735.95,40,0,1500
BANKNIFTY16JAN2031200CE.NFO,07/01/2020,09:26:15,740.9,720,60,735.95,40,0,1500
BANKNIFTY16JAN2031200CE.NFO,07/01/2020,09:26:16,740.9,720.7,40,735.95,40,0,1500
BANKNIFTY16JAN2031200CE.NFO,07/01/2020,09:26:17,740.9,721.1,80,735.95,40,0,1500
BANKNIFTY16JAN2031200CE.NFO,07/01/2020,09:26:18,740.9,721.45,40,735.95,40,0,1500
BANKNIFTY16JAN2031200CE.NFO,07/01/2020,09:26:19,740.9,712.75,20,735.65,40,0,1500
BANKNIFTY16JAN2031200CE.NFO,07/01/2020,09:26:20,740.9,714.35,20,735.05,40,0,1500
BANKNIFTY16JAN2031200CE.NFO,07/01/2020,09:26:21,740.9,715.75,20,734.45,40,0,1500
BANKNIFTY16JAN2031200CE.NFO,07/01/2020,09:26:22,740.9,702.9,20,733.85,20,0,1500
BANKNIFTY16JAN2031200CE.NFO,07/01/2020,09:26:23,740.9,704.1,80,733.35,40,0,1500
BANKNIFTY16JAN2031200CE.NFO,07/01/2020,09:26:24,740.9,705.8,60,732.85,20,0,1500
BANKNIFTY16JAN2031200CE.NFO,07/01/2020,09:26:25,740.9,708.75,100,732.25,20,0,1500
BANKNIFTY16JAN2031200CE.NFO,07/01/2020,09:26:26,740.9,712.95,20,730.25,20,0,1500
BANKNIFTY16JAN2031200CE.NFO,07/01/2020,09:26:27,740.9,713.8,20,729.2,20,0,1500
BANKNIFTY16JAN2031200CE.NFO,07/01/2020,09:26:28,740.9,714.8,20,738.85,40,0,1500
BANKNIFTY16JAN2031200CE.NFO,07/01/2020,09:26:29,740.9,715.7,20,737.35,20,0,1500
BANKNIFTY16JAN2031200CE.NFO,07/01/2020,09:26:30,740.9,716.75,20,736.35,20,0,1500
BANKNIFTY16JAN2031200CE.NFO,07/01/2020,09:26:31,740.9,718.4,20,735.75,20,0,1500
BANKNIFTY16JAN2031200CE.NFO,07/01/2020,09:26:32,740.9,719.75,20,735.3,20,0,1500
BANKNIFTY16JAN2031200CE.NFO,07/01/2020,09:26:33,740.9,721.05,20,743.8,20,0,1500
BANKNIFTY16JAN2031200CE.NFO,07/01/2020,09:26:34,740.9,722.3,40,743.5,40,0,1500
BANKNIFTY16JAN2031200CE.NFO,07/01/2020,09:26:35,740.9,722.7,40,743.4,40,0,1500
BANKNIFTY16JAN2031200CE.NFO,07/01/2020,09:26:36,740.9,723.05,80,743,40,0,1500
BANKNIFTY16JAN2031200CE.NFO,07/01/2020,09:26:37,740.9,709.25,60,742.3,20,0,1500
BANKNIFTY16JAN2031200CE.NFO,07/01/2020,09:26:38,740.9,711.85,60,741.4,40,0,1500
BANKNIFTY16JAN2031200CE.NFO,07/01/2020,09:26:39,740.9,713.35,20,740.4,20,0,1500
BANKNIFTY16JAN2031200CE.NFO,07/01/2020,09:26:40,740.9,714.4,40,739.8,40,0,1500
BANKNIFTY16JAN2031200CE.NFO,07/01/2020,09:26:41,740.9,701.85,20,736.05,20,0,1500
BANKNIFTY16JAN2031200CE.NFO,07/01/2020,09:26:42,740.9,702.75,20,735.4,20,0,1500
BANKNIFTY16JAN2031200CE.NFO,07/01/2020,09:26:43,740.9,704.15,120,734.4,40,0,1500
BANKNIFTY16JAN2031200CE.NFO,07/01/2020,09:26:44,740.9,705.15,60,733.4,20,0,1500
BANKNIFTY16JAN2031200CE.NFO,07/01/2020,09:26:45,740.9,706.65,60,732.7,60,0,1500
BANKNIFTY16JAN2031200CE.NFO,07/01/2020,09:26:46,740.9,707.85,60,731.9,60,0,1500
BANKNIFTY16JAN2031200CE.NFO,07/01/2020,09:26:47,740.9,710.45,60,729.9,20,0,1500
BANKNIFTY16JAN2031200CE.NFO,07/01/2020,09:26:48,740.9,711.7,60,729.1,60,0,1500
BANKNIFTY16JAN2031200CE.NFO,07/01/2020,09:26:49,740.9,712.55,20,728.2,60,0,1500
BANKNIFTY16JAN2031200CE.NFO,07/01/2020,09:26:50,740.9,701.35,20,727.55,40,0,1500
BANKNIFTY16JAN2031200CE.NFO,07/01/2020,09:26:51,740.9,704.45,20,726.85,20,0,1500
BANKNIFTY16JAN2031200CE.NFO,07/01/2020,09:26:52,740.9,707.05,60,726.25,20,0,1500
BANKNIFTY16JAN2031200CE.NFO,07/01/2020,09:26:53,740.9,695.35,40,725.55,20,0,1500
BANKNIFTY16JAN2031200CE.NFO,07/01/2020,09:26:54,740.9,696.75,20,725.15,40,0,1500
BANKNIFTY16JAN2031200CE.NFO,07/01/2020,09:26:55,740.9,699.25,20,724.65,20,0,1500
BANKNIFTY16JAN2031200CE.NFO,07/01/2020,09:26:56,740.9,703.1,20,723.9,40,0,1500
BANKNIFTY16JAN2031200CE.NFO,07/01/2020,09:26:57,740.9,707.9,20,723.2,40,0,1500
BANKNIFTY16JAN2031200CE.NFO,07/01/2020,09:26:58,740.9,709.55,20,729.65,40,0,1500
BANKNIFTY16JAN2031200CE.NFO,07/01/2020,09:26:59,740.9,710.6,40,729.1,40,0,1500
BANKNIFTY16JAN2031200CE.NFO,07/01/2020,09:27:00,740.9,695.2,80,728.3,20,0,1500
BANKNIFTY16JAN2031200CE.NFO,07/01/2020,09:27:01,740.9,696.9,80,727.5,60,0,1500
BANKNIFTY16JAN2031200CE.NFO,07/01/2020,09:27:02,740.9,698.7,80,726.95,40,0,1500
BANKNIFTY16JAN2031200CE.NFO,07/01/2020,09:27:03,740.9,701.5,20,726.4,40,0,1500
BANKNIFTY16JAN2031200CE.NFO,07/01/2020,09:27:04,740.9,703.2,20,725.3,20,0,1500
BANKNIFTY16JAN2031200CE.NFO,07/01/2020,09:27:05,740.9,705.1,20,724,20,0,1500
BANKNIFTY16JAN2031200CE.NFO,07/01/2020,09:27:06,740.9,707.35,40,723.05,20,0,1500
BANKNIFTY16JAN2031200CE.NFO,07/01/2020,09:27:07,740.9,696.15,60,722.35,20,0,1500
BANKNIFTY16JAN2031200CE.NFO,07/01/2020,09:27:08,740.9,698.85,20,721.65,20,0,1500
BANKNIFTY16JAN2031200CE.NFO,07/01/2020,09:27:09,740.9,704.65,40,730.95,20,0,1500
BANKNIFTY16JAN2031200CE.NFO,07/01/2020,09:27:10,740.9,706.05,80,729.6,40,0,1500
BANKNIFTY16JAN2031200CE.NFO,07/01/2020,09:27:11,740.9,706.05,80,728.35,20,0,1500
BANKNIFTY16JAN2031200CE.NFO,07/01/2020,09:27:12,740.9,706.05,80,727.65,100,0,1500
BANKNIFTY16JAN2031200CE.NFO,07/01/2020,09:27:13,740.9,706.05,80,726.9,40,0,1500
BANKNIFTY16JAN2031200CE.NFO,07/01/2020,09:27:14,740.9,706.05,80,726.1,40,0,1500
BANKNIFTY16JAN2031200CE.NFO,07/01/2020,09:27:15,740.9,706.05,80,725.1,40,0,1500
BANKNIFTY16JAN2031200CE.NFO,07/01/2020,09:27:16,740.9,706.05,80,724.2,40,0,1500
BANKNIFTY16JAN2031200CE.NFO,07/01/2020,09:27:17,740.9,711.4,100,738.5,60,0,1500
BANKNIFTY16JAN2031200CE.NFO,07/01/2020,09:27:18,740.9,714,40,737.9,20,0,1500
BANKNIFTY16JAN2031200CE.NFO,07/01/2020,09:27:19,740.9,714.85,80,735.1,40,0,1500
BANKNIFTY16JAN2031200CE.NFO,07/01/2020,09:27:20,740.9,715.35,40,734.3,40,0,1500
BANKNIFTY16JAN2031200CE.NFO,07/01/2020,09:27:21,740.9,715.95,40,733.9,20,0,1500
BANKNIFTY16JAN2031200CE.NFO,07/01/2020,09:27:22,740.9,716.6,40,733.3,40,0,1500
BANKNIFTY16JAN2031200CE.NFO,07/01/2020,09:27:23,740.9,717.45,40,733.2,40,0,1500
BANKNIFTY16JAN2031200CE.NFO,07/01/2020,09:27:24,740.9,717.8,40,733.2,40,0,1500
BANKNIFTY16JAN2031200CE.NFO,07/01/2020,09:27:25,740.9,708.65,60,733,20,0,1500
BANKNIFTY16JAN2031200CE.NFO,07/01/2020,09:27:26,740.9,710.15,20,732.05,40,0,1500
BANKNIFTY16JAN2031200CE.NFO,07/01/2020,09:27:26,740.9,710.35,60,731.9,20,0,1500
BANKNIFTY16JAN2031200CE.NFO,07/01/2020,09:27:28,740.9,710.75,80,730.6,40,0,1500
BANKNIFTY16JAN2031200CE.NFO,07/01/2020,09:27:29,740.9,710.75,80,728.7,20,0,1500
BANKNIFTY16JAN2031200CE.NFO,07/01/2020,09:27:30,740.9,710.75,80,727.5,20,0,1500
BANKNIFTY16JAN2031200CE.NFO,07/01/2020,09:27:32,740.9,710.75,80,725.4,20,0,1500
BANKNIFTY16JAN2031200CE.NFO,07/01/2020,09:27:33,740.9,710.75,80,734.2,40,0,1500
BANKNIFTY16JAN2031200CE.NFO,07/01/2020,09:27:34,740.9,710.75,80,732.5,40,0,1500
BANKNIFTY16JAN2031200CE.NFO,07/01/2020,09:27:35,740.9,710.75,80,730.15,20,0,1500
BANKNIFTY16JAN2031200CE.NFO,07/01/2020,09:27:36,740.9,710.75,80,728.55,60,0,1500
BANKNIFTY16JAN2031200CE.NFO,07/01/2020,09:27:37,740.9,710.75,80,728.5,80,0,1500
BANKNIFTY16JAN2031200CE.NFO,07/01/2020,09:27:38,740.9,710.75,80,727.95,60,0,1500
BANKNIFTY16JAN2031200CE.NFO,07/01/2020,09:27:39,740.9,710.75,80,727.3,60,0,1500
BANKNIFTY16JAN2031200CE.NFO,07/01/2020,09:27:40,740.9,710.75,80,726.45,40,0,1500
BANKNIFTY16JAN2031200CE.NFO,07/01/2020,09:27:41,740.9,715.4,100,733.2,20,0,1500
BANKNIFTY16JAN2031200CE.NFO,07/01/2020,09:27:42,740.9,717.65,20,732.3,20,0,1500
BANKNIFTY16JAN2031200CE.NFO,07/01/2020,09:27:43,740.9,719.25,20,731.55,40,0,1500
BANKNIFTY16JAN2031200CE.NFO,07/01/2020,09:27:44,740.9,719.75,20,731.2,20,0,1500
BANKNIFTY16JAN2031200CE.NFO,07/01/2020,09:27:45,740.9,709.4,80,730.35,40,0,1500
BANKNIFTY16JAN2031200CE.NFO,07/01/2020,09:27:46,740.9,711.6,80,729.5,40,0,1500
BANKNIFTY16JAN2031200CE.NFO,07/01/2020,09:27:47,740.9,712.1,80,728.55,20,0,1500
BANKNIFTY16JAN2031200CE.NFO,07/01/2020,09:27:48,740.9,713.65,40,727.5,20,0,1500
BANKNIFTY16JAN2031200CE.NFO,07/01/2020,09:27:49,740.9,716.05,20,733.25,20,0,1500
BANKNIFTY16JAN2031200CE.NFO,07/01/2020,09:27:50,740.9,716.1,80,733.05,20,0,1500
BANKNIFTY16JAN2031200CE.NFO,07/01/2020,09:27:51,740.9,717.1,20,732.15,20,0,1500
BANKNIFTY16JAN2031200CE.NFO,07/01/2020,09:27:52,740.9,718.2,20,736.2,20,0,1500
BANKNIFTY16JAN2031200CE.NFO,07/01/2020,09:27:53,740.9,719.05,20,735.35,40,0,1500
BANKNIFTY16JAN2031200CE.NFO,07/01/2020,09:27:54,740.9,719.95,20,735.35,40,0,1500
BANKNIFTY16JAN2031200CE.NFO,07/01/2020,09:27:55,740.9,721.2,80,735.35,40,0,1500
BANKNIFTY16JAN2031200CE.NFO,07/01/2020,09:27:56,740.9,721.95,40,734.7,40,0,1500
BANKNIFTY16JAN2031200CE.NFO,07/01/2020,09:27:57,740.9,716.5,40,733.65,20,0,1500
BANKNIFTY16JAN2031200CE.NFO,07/01/2020,09:27:58,740.9,716.5,40,733.4,40,0,1500
BANKNIFTY16JAN2031200CE.NFO,07/01/2020,09:27:59,740.9,716.8,20,732.75,20,0,1500
BANKNIFTY16JAN2031200CE.NFO,07/01/2020,09:28:00,740.9,706.25,20,731.9,40,0,1500
BANKNIFTY16JAN2031200CE.NFO,07/01/2020,09:28:01,740.9,706.25,80,731.2,20,0,1500
BANKNIFTY16JAN2031200CE.NFO,07/01/2020,09:28:02,740.9,706.25,80,730.35,20,0,1500
BANKNIFTY16JAN2031200CE.NFO,07/01/2020,09:28:03,740.9,706.25,80,730.15,20,0,1500
BANKNIFTY16JAN2031200CE.NFO,07/01/2020,09:28:04,740.9,706.25,80,730,80,0,1500
BANKNIFTY16JAN2031200CE.NFO,07/01/2020,09:28:05,740.9,706.25,80,729.45,40,0,1500
BANKNIFTY16JAN2031200CE.NFO,07/01/2020,09:28:06,740.9,710.15,60,735.9,40,0,1500
BANKNIFTY16JAN2031200CE.NFO,07/01/2020,09:28:07,740.9,714.35,60,735.1,40,0,1500
BANKNIFTY16JAN2031200CE.NFO,07/01/2020,09:28:08,740.9,715.85,60,734.5,40,0,1500
BANKNIFTY16JAN2031200CE.NFO,07/01/2020,09:28:09,740.9,717.05,60,733.65,20,0,1500
BANKNIFTY16JAN2031200CE.NFO,07/01/2020,09:28:10,740.9,718.05,20,732.95,40,0,1500
BANKNIFTY16JAN2031200CE.NFO,07/01/2020,09:28:11,740.9,718.8,40,736.7,40,0,1500
BANKNIFTY16JAN2031200CE.NFO,07/01/2020,09:28:12,740.9,702.55,40,735,80,0,1500
BANKNIFTY16JAN2031200CE.NFO,07/01/2020,09:28:13,740.9,708.95,20,733.9,40,0,1500
BANKNIFTY16JAN2031200CE.NFO,07/01/2020,09:28:14,740.9,709.7,60,730.8,40,0,1500
BANKNIFTY16JAN2031200CE.NFO,07/01/2020,09:28:15,740.9,709.7,60,729.3,40,0,1500
BANKNIFTY16JAN2031200CE.NFO,07/01/2020,09:28:16,740.9,709.7,60,728.5,40,0,1500
BANKNIFTY16JAN2031200CE.NFO,07/01/2020,09:28:17,740.9,709.7,60,727.4,40,0,1500
BANKNIFTY16JAN2031200CE.NFO,07/01/2020,09:28:18,740.9,709.75,20,726.7,80,0,1500
BANKNIFTY16JAN2031200CE.NFO,07/01/2020,09:28:19,740.9,710.45,20,726.3,80,0,1500
BANKNIFTY16JAN2031200CE.NFO,07/01/2020,09:28:20,740.9,710.45,20,725.2,40,0,1500
BANKNIFTY16JAN2031200CE.NFO,07/01/2020,09:28:21,740.9,711.3,20,724.35,20,0,1500
BANKNIFTY16JAN2031200CE.NFO,07/01/2020,09:28:22,740.9,700.7,80,723.4,80,0,1500
BANKNIFTY16JAN2031200CE.NFO,07/01/2020,09:28:23,740.9,700.7,80,722.75,60,0,1500
BANKNIFTY16JAN2031200CE.NFO,07/01/2020,09:28:24,740.9,700.85,80,721.7,80,0,1500
BANKNIFTY16JAN2031200CE.NFO,07/01/2020,09:28:25,740.9,700.85,80,720.65,40,0,1500
BANKNIFTY16JAN2031200CE.NFO,07/01/2020,09:28:26,710.7,707.2,80,729.6,20,40,1500
BANKNIFTY16JAN2031200CE.NFO,07/01/2020,09:28:27,710.7,708.6,40,728.8,20,0,1500
BANKNIFTY16JAN2031200CE.NFO,07/01/2020,09:28:28,710.7,710.05,20,728.05,40,0,1500
BANKNIFTY16JAN2031200CE.NFO,07/01/2020,09:28:29,710.7,710.9,40,727.3,20,0,1500
BANKNIFTY16JAN2031200CE.NFO,07/01/2020,09:28:30,710.7,698.4,100,726.4,40,0,1500
BANKNIFTY16JAN2031200CE.NFO,07/01/2020,09:28:31,710.7,702.3,100,725.2,20,0,1500
BANKNIFTY16JAN2031200CE.NFO,07/01/2020,09:28:32,710.7,706.3,40,723.8,20,0,1500
BANKNIFTY16JAN2031200CE.NFO,07/01/2020,09:28:33,710.7,707.7,20,722.75,40,0,1500
BANKNIFTY16JAN2031200CE.NFO,07/01/2020,09:28:34,710.7,708.65,60,721.75,40,0,1500
BANKNIFTY16JAN2031200CE.NFO,07/01/2020,09:28:35,710.7,709.2,20,720.75,40,0,1500
BANKNIFTY16JAN2031200CE.NFO,07/01/2020,09:28:36,710.7,698.8,20,719.95,60,0,1500
BANKNIFTY16JAN2031200CE.NFO,07/01/2020,09:28:37,710.7,701.35,60,718.6,20,0,1500
BANKNIFTY16JAN2031200CE.NFO,07/01/2020,09:28:38,710.7,704.35,60,725.85,60,0,1500
BANKNIFTY16JAN2031200CE.NFO,07/01/2020,09:28:39,710.7,706.5,40,725.85,60,0,1500
BANKNIFTY16JAN2031200CE.NFO,07/01/2020,09:28:40,710.7,708.7,20,725.85,60,0,1500
BANKNIFTY16JAN2031200CE.NFO,07/01/2020,09:28:41,710.7,710,20,725.85,60,0,1500
BANKNIFTY16JAN2031200CE.NFO,07/01/2020,09:28:42,710.7,700.55,80,724.7,40,0,1500
BANKNIFTY16JAN2031200CE.NFO,07/01/2020,09:28:43,710.7,700.55,80,723.4,40,0,1500
BANKNIFTY16JAN2031200CE.NFO,07/01/2020,09:28:44,710.7,700.55,80,721.7,40,0,1500
BANKNIFTY16JAN2031200CE.NFO,07/01/2020,09:28:45,710.7,700.55,80,720.2,40,0,1500
BANKNIFTY16JAN2031200CE.NFO,07/01/2020,09:28:46,710.7,700.55,60,719.4,40,0,1500
BANKNIFTY16JAN2031200CE.NFO,07/01/2020,09:28:47,710.7,704.25,20,727.35,40,0,1500
BANKNIFTY16JAN2031200CE.NFO,07/01/2020,09:28:48,710.7,708.05,60,726.75,40,0,1500
BANKNIFTY16JAN2031200CE.NFO,07/01/2020,09:28:49,710.7,710.15,40,726.75,40,0,1500
BANKNIFTY16JAN2031200CE.NFO,07/01/2020,09:28:50,710.7,711.5,40,726.75,40,0,1500
BANKNIFTY16JAN2031200CE.NFO,07/01/2020,09:28:51,710.7,712.7,20,726.75,40,0,1500
BANKNIFTY16JAN2031200CE.NFO,07/01/2020,09:28:52,710.7,713.65,20,725.2,40,0,1500
BANKNIFTY16JAN2031200CE.NFO,07/01/2020,09:28:53,710.7,702.1,20,723.3,40,0,1500
BANKNIFTY16JAN2031200CE.NFO,07/01/2020,09:28:54,710.7,703.1,20,729.05,20,0,1500
BANKNIFTY16JAN2031200CE.NFO,07/01/2020,09:28:55,710.7,704.5,80,726.65,40,0,1500
BANKNIFTY16JAN2031200CE.NFO,07/01/2020,09:28:56,710.7,705.95,100,724.7,40,0,1500
BANKNIFTY16JAN2031200CE.NFO,07/01/2020,09:28:57,710.7,706.3,40,723.5,40,0,1500
BANKNIFTY16JAN2031200CE.NFO,07/01/2020,09:28:58,710.7,706.55,100,722.55,20,0,1500
BANKNIFTY16JAN2031200CE.NFO,07/01/2020,09:28:59,710.7,706.95,40,721.35,20,0,1500
BANKNIFTY16JAN2031200CE.NFO,07/01/2020,09:29:00,710.7,709.05,40,727.4,20,0,1500
BANKNIFTY16JAN2031200CE.NFO,07/01/2020,09:29:01,710.7,711.3,40,725.7,20,0,1500
BANKNIFTY16JAN2031200CE.NFO,07/01/2020,09:29:02,710.7,704.25,80,722.5,40,0,1500
BANKNIFTY16JAN2031200CE.NFO,07/01/2020,09:29:03,710.7,708.35,40,730,40,0,1500
BANKNIFTY16JAN2031200CE.NFO,07/01/2020,09:29:04,710,710.2,40,727.4,40,20,1500
BANKNIFTY16JAN2031200CE.NFO,07/01/2020,09:29:05,710,713.2,40,724.65,20,0,1500
BANKNIFTY16JAN2031200CE.NFO,07/01/2020,09:29:06,710,714.9,100,739.7,20,0,1500
BANKNIFTY16JAN2031200CE.NFO,07/01/2020,09:29:07,710,716.25,20,736,20,0,1500
BANKNIFTY16JAN2031200CE.NFO,07/01/2020,09:29:08,710,717.3,100,734.1,20,0,1500
BANKNIFTY16JAN2031200CE.NFO,07/01/2020,09:29:09,710,717.8,100,731.4,20,0,1500
BANKNIFTY16JAN2031200CE.NFO,07/01/2020,09:29:10,710,704.15,20,730.4,20,0,1500
BANKNIFTY16JAN2031200CE.NFO,07/01/2020,09:29:11,710,700.6,60,729.5,40,0,1500
BANKNIFTY16JAN2031200CE.NFO,07/01/2020,09:29:13,710,706.8,60,728.1,20,0,1500
BANKNIFTY16JAN2031200CE.NFO,07/01/2020,09:29:14,710,706.8,60,727.45,40,0,1500
BANKNIFTY16JAN2031200CE.NFO,07/01/2020,09:29:15,710,707.1,20,726.7,20,0,1500
BANKNIFTY16JAN2031200CE.NFO,07/01/2020,09:29:16,710,707.4,20,725.6,20,0,1500
BANKNIFTY16JAN2031200CE.NFO,07/01/2020,09:29:17,710,707.75,20,724.45,40,0,1500
BANKNIFTY16JAN2031200CE.NFO,07/01/2020,09:29:18,710,708.6,20,722.45,40,0,1500
BANKNIFTY16JAN2031200CE.NFO,07/01/2020,09:29:19,722.75,709.45,100,722.7,40,80,1500
BANKNIFTY16JAN2031200CE.NFO,07/01/2020,09:29:20,722.75,710.15,40,722.1,40,0,1500
BANKNIFTY16JAN2031200CE.NFO,07/01/2020,09:29:21,722.75,711.55,100,729.9,40,0,1500
BANKNIFTY16JAN2031200CE.NFO,07/01/2020,09:29:22,722.75,712.85,40,728.6,20,0,1500
BANKNIFTY16JAN2031200CE.NFO,07/01/2020,09:29:23,722.75,714.05,40,727,40,0,1500
BANKNIFTY16JAN2031200CE.NFO,07/01/2020,09:29:24,722.75,701.25,60,725.8,40,0,1500
BANKNIFTY16JAN2031200CE.NFO,07/01/2020,09:29:25,722.75,703.95,80,724.95,40,0,1500
BANKNIFTY16JAN2031200CE.NFO,07/01/2020,09:29:26,722.75,705.15,80,724.25,40,0,1500
BANKNIFTY16JAN2031200CE.NFO,07/01/2020,09:29:27,722.75,706.75,20,723.25,40,0,1500
BANKNIFTY16JAN2031200CE.NFO,07/01/2020,09:29:28,722.75,708.15,60,722.15,40,0,1500
BANKNIFTY16JAN2031200CE.NFO,07/01/2020,09:29:29,722.75,709.45,20,721.15,40,0,1500
BANKNIFTY16JAN2031200CE.NFO,07/01/2020,09:29:30,722.75,711.5,40,720.45,20,0,1500
BANKNIFTY16JAN2031200CE.NFO,07/01/2020,09:29:31,722.75,712.95,40,727.2,20,0,1500
BANKNIFTY16JAN2031200CE.NFO,07/01/2020,09:29:32,722.75,701.5,20,725.65,40,0,1500
BANKNIFTY16JAN2031200CE.NFO,07/01/2020,09:29:33,722.75,704.4,80,724.4,20,0,1500
BANKNIFTY16JAN2031200CE.NFO,07/01/2020,09:29:34,722.75,705.6,60,722.7,40,0,1500
BANKNIFTY16JAN2031200CE.NFO,07/01/2020,09:29:35,722.75,706.6,20,721.6,40,0,1500
BANKNIFTY16JAN2031200CE.NFO,07/01/2020,09:29:36,722.75,709.15,100,720.1,20,0,1500
BANKNIFTY16JAN2031200CE.NFO,07/01/2020,09:29:37,722.75,710.65,100,719.05,20,0,1500
BANKNIFTY16JAN2031200CE.NFO,07/01/2020,09:29:38,722.75,711.9,40,718.25,20,0,1500
BANKNIFTY16JAN2031200CE.NFO,07/01/2020,09:29:39,722.75,702.45,40,717.6,20,0,1500
BANKNIFTY16JAN2031200CE.NFO,07/01/2020,09:29:40,722.75,704.25,40,716.6,20,0,1500
BANKNIFTY16JAN2031200CE.NFO,07/01/2020,09:29:41,722.75,706.65,60,724.3,20,0,1500
BANKNIFTY16JAN2031200CE.NFO,07/01/2020,09:29:42,722.75,707.9,60,723.2,40,0,1500
BANKNIFTY16JAN2031200CE.NFO,07/01/2020,09:29:43,722.75,709.35,40,722.5,20,0,1500
BANKNIFTY16JAN2031200CE.NFO,07/01/2020,09:29:44,722.75,710.85,20,720.35,20,0,1500
BANKNIFTY16JAN2031200CE.NFO,07/01/2020,09:29:45,722.75,711.2,40,719.6,20,0,1500
BANKNIFTY16JAN2031200CE.NFO,07/01/2020,09:29:46,722.75,711.8,40,719.6,40,0,1500
BANKNIFTY16JAN2031200CE.NFO,07/01/2020,09:29:47,722.75,713.45,100,719.35,20,0,1500
BANKNIFTY16JAN2031200CE.NFO,07/01/2020,09:29:48,719.1,714.65,100,725.9,20,20,1500
BANKNIFTY16JAN2031200CE.NFO,07/01/2020,09:29:49,719.1,704.2,40,724.55,40,0,1500
BANKNIFTY16JAN2031200CE.NFO,07/01/2020,09:29:50,719.1,705.4,20,723.1,40,0,1500
BANKNIFTY16JAN2031200CE.NFO,07/01/2020,09:29:51,719.1,706.2,40,721.7,40,0,1500
BANKNIFTY16JAN2031200CE.NFO,07/01/2020,09:29:52,719.1,707.1,40,720.95,20,0,1500
BANKNIFTY16JAN2031200CE.NFO,07/01/2020,09:29:53,719.1,708.6,40,725.7,20,0,1500
BANKNIFTY16JAN2031200CE.NFO,07/01/2020,09:29:54,719.1,710.35,100,724.1,20,0,1500
BANKNIFTY16JAN2031200CE.NFO,07/01/2020,09:29:55,719.1,712,40,722.3,20,0,1500
BANKNIFTY16JAN2031200CE.NFO,07/01/2020,09:29:56,719.1,714.05,40,721.85,40,0,1500
BANKNIFTY16JAN2031200CE.NFO,07/01/2020,09:29:57,719.1,703.5,40,720.95,20,0,1500
BANKNIFTY16JAN2031200CE.NFO,07/01/2020,09:29:58,719.1,705.65,40,719.9,20,0,1500
BANKNIFTY16JAN2031200CE.NFO,07/01/2020,09:29:59,719.65,707.15,80,726.7,20,20,1500
BANKNIFTY16JAN2031200CE.NFO,07/01/2020,09:30:00,719.65,709.15,100,731.8,20,0,1500
BANKNIFTY16JAN2031200CE.NFO,07/01/2020,09:30:01,719.65,709.85,40,730.05,20,0,1500
BANKNIFTY16JAN2031200CE.NFO,07/01/2020,09:30:02,719.65,710.75,40,729.3,40,0,1500
BANKNIFTY16JAN2031200CE.NFO,07/01/2020,09:30:03,719.65,711.3,40,728.55,20,0,1500
BANKNIFTY16JAN2031200CE.NFO,07/01/2020,09:30:04,719.65,711.3,40,727.95,20,0,1500
BANKNIFTY16JAN2031200CE.NFO,07/01/2020,09:30:06,719.65,712.2,20,727.05,20,0,1500
BANKNIFTY16JAN2031200CE.NFO,07/01/2020,09:30:07,719.65,713.1,40,725.7,40,0,1500
BANKNIFTY16JAN2031200CE.NFO,07/01/2020,09:30:08,719.65,713.1,40,724.9,40,0,1500
BANKNIFTY16JAN2031200CE.NFO,07/01/2020,09:30:09,724.15,714.3,40,733.4,20,20,1500
BANKNIFTY16JAN2031200CE.NFO,07/01/2020,09:30:10,724.15,715.8,40,732.9,20,0,1500
BANKNIFTY16JAN2031200CE.NFO,07/01/2020,09:30:11,724.15,716.8,80,732.3,20,0,1500
BANKNIFTY16JAN2031200CE.NFO,07/01/2020,09:30:12,724.15,718.3,40,736.6,20,0,1500
BANKNIFTY16JAN2031200CE.NFO,07/01/2020,09:30:13,724.15,719.8,40,735.75,20,0,1500
BANKNIFTY16JAN2031200CE.NFO,07/01/2020,09:30:14,724.15,720.95,40,735.2,40,0,1500
BANKNIFTY16JAN2031200CE.NFO,07/01/2020,09:30:15,724.15,720.9,40,733.85,40,0,1500
BANKNIFTY16JAN2031200CE.NFO,07/01/2020,09:30:16,724.15,720.9,40,732.7,20,0,1500
BANKNIFTY16JAN2031200CE.NFO,07/01/2020,09:30:17,724.15,720.9,40,731.65,40,0,1500
BANKNIFTY16JAN2031200CE.NFO,07/01/2020,09:30:18,724.15,720.9,40,730.3,20,0,1500
BANKNIFTY16JAN2031200CE.NFO,07/01/2020,09:30:19,724.15,720.9,40,730,20,0,1500
BANKNIFTY16JAN2031200CE.NFO,07/01/2020,09:30:20,724.15,721.8,40,729.3,20,0,1500
BANKNIFTY16JAN2031200CE.NFO,07/01/2020,09:30:21,724.15,722.95,100,737.8,40,0,1500
BANKNIFTY16JAN2031200CE.NFO,07/01/2020,09:30:22,724.15,713.55,40,736.5,60,0,1500
BANKNIFTY16JAN2031200CE.NFO,07/01/2020,09:30:23,724.15,715,40,734.9,20,0,1500
BANKNIFTY16JAN2031200CE.NFO,07/01/2020,09:30:24,724.15,716.15,60,733.8,60,0,1500
BANKNIFTY16JAN2031200CE.NFO,07/01/2020,09:30:25,724.15,717.65,60,732.3,20,0,1500
BANKNIFTY16JAN2031200CE.NFO,07/01/2020,09:30:26,724.15,719.15,40,731.4,20,0,1500
BANKNIFTY16JAN2031200CE.NFO,07/01/2020,09:30:27,724.15,720.6,100,730.8,20,0,1500
BANKNIFTY16JAN2031200CE.NFO,07/01/2020,09:30:28,730.8,722.55,40,741.1,20,20,1500
BANKNIFTY16JAN2031200CE.NFO,07/01/2020,09:30:29,730.8,723.7,40,740.45,20,0,1500
BANKNIFTY16JAN2031200CE.NFO,07/01/2020,09:30:30,730.8,724.95,40,739.75,20,0,1500
BANKNIFTY16JAN2031200CE.NFO,07/01/2020,09:30:31,730.8,726.3,100,739.15,20,0,1500
BANKNIFTY16JAN2031200CE.NFO,07/01/2020,09:30:32,730.8,726.65,40,742.45,20,0,1500
BANKNIFTY16JAN2031200CE.NFO,07/01/2020,09:30:33,730.8,726.65,40,741.9,20,0,1500
BANKNIFTY16JAN2031200CE.NFO,07/01/2020,09:30:34,730.8,718.55,40,742.25,20,0,1500
BANKNIFTY16JAN2031200CE.NFO,07/01/2020,09:30:35,730.8,719.5,20,740.05,20,0,1500
BANKNIFTY16JAN2031200CE.NFO,07/01/2020,09:30:36,730.8,721.15,100,739.4,20,0,1500
BANKNIFTY16JAN2031200CE.NFO,07/01/2020,09:30:37,730.8,722.1,40,738.2,40,0,1500
BANKNIFTY16JAN2031200CE.NFO,07/01/2020,09:30:38,730.8,722.4,40,737.1,40,0,1500
BANKNIFTY16JAN2031200CE.NFO,07/01/2020,09:30:39,730.8,722.4,40,736.95,20,0,1500
BANKNIFTY16JAN2031200CE.NFO,07/01/2020,09:30:40,730.8,723.3,60,736.25,20,0,1500
BANKNIFTY16JAN2031200CE.NFO,07/01/2020,09:30:41,730.8,724.2,40,741.4,40,0,1500
BANKNIFTY16JAN2031200CE.NFO,07/01/2020,09:30:42,730.8,724.2,40,740.2,60,0,1500
BANKNIFTY16JAN2031200CE.NFO,07/01/2020,09:30:43,730.8,724.2,40,739,20,0,1500
BANKNIFTY16JAN2031200CE.NFO,07/01/2020,09:30:44,730.8,724.2,40,738,20,0,1500
BANKNIFTY16JAN2031200CE.NFO,07/01/2020,09:30:45,730.8,724.2,40,736.4,20,0,1500
BANKNIFTY16JAN2031200CE.NFO,07/01/2020,09:30:46,730.8,724.25,20,735.75,40,0,1500
BANKNIFTY16JAN2031200CE.NFO,07/01/2020,09:30:47,730.8,725.2,40,743.5,40,0,1500
BANKNIFTY16JAN2031200CE.NFO,07/01/2020,09:30:48,730.8,726.1,40,741,40,0,1500
BANKNIFTY16JAN2031200CE.NFO,07/01/2020,09:30:49,730.8,727.25,40,740.05,20,0,1500
BANKNIFTY16JAN2031200CE.NFO,07/01/2020,09:30:50,730.8,718.15,100,738.2,40,0,1500
BANKNIFTY16JAN2031200CE.NFO,07/01/2020,09:30:51,730.8,719.7,20,736.2,20,0,1500
BANKNIFTY16JAN2031200CE.NFO,07/01/2020,09:30:52,730.8,722.4,60,743,20,0,1500
BANKNIFTY16JAN2031200CE.NFO,07/01/2020,09:30:53,730.8,723.9,40,741.2,20,0,1500
BANKNIFTY16JAN2031200CE.NFO,07/01/2020,09:30:54,730.8,724.6,40,739.55,20,0,1500
BANKNIFTY16JAN2031200CE.NFO,07/01/2020,09:30:55,730.8,725.75,40,738.8,20,0,1500
BANKNIFTY16JAN2031200CE.NFO,07/01/2020,09:30:56,730.8,726.7,40,737.05,20,0,1500
BANKNIFTY16JAN2031200CE.NFO,07/01/2020,09:30:57,730.8,727.55,40,735.55,20,0,1500
BANKNIFTY16JAN2031200CE.NFO,07/01/2020,09:30:58,730.8,716,40,734.9,20,0,1500
BANKNIFTY16JAN2031200CE.NFO,07/01/2020,09:30:59,730.8,718.95,60,734.3,20,0,1500
BANKNIFTY16JAN2031200CE.NFO,07/01/2020,09:31:00,730.8,720.8,80,742.45,60,0,1500
BANKNIFTY16JAN2031200CE.NFO,07/01/2020,09:31:01,730.8,722.2,100,742.45,60,0,1500
BANKNIFTY16JAN2031200CE.NFO,07/01/2020,09:31:02,730.8,723.45,60,741.35,40,0,1500
BANKNIFTY16JAN2031200CE.NFO,07/01/2020,09:31:03,730.8,724.6,100,739.3,20,0,1500
BANKNIFTY16JAN2031200CE.NFO,07/01/2020,09:31:04,730.8,725.95,40,738.3,20,0,1500
BANKNIFTY16JAN2031200CE.NFO,07/01/2020,09:31:05,730.8,727.05,80,737.75,20,0,1500
BANKNIFTY16JAN2031200CE.NFO,07/01/2020,09:31:06,730.8,727.9,100,737.15,20,0,1500
BANKNIFTY16JAN2031200CE.NFO,07/01/2020,09:31:07,730.8,728.85,40,746.05,60,0,1500
BANKNIFTY16JAN2031200CE.NFO,07/01/2020,09:31:08,730.8,729.5,40,744.2,20,0,1500
BANKNIFTY16JAN2031200CE.NFO,07/01/2020,09:31:09,730.8,719.85,40,744.05,80,0,1500
BANKNIFTY16JAN2031200CE.NFO,07/01/2020,09:31:10,730.8,720.65,80,743.3,40,0,1500
BANKNIFTY16JAN2031200CE.NFO,07/01/2020,09:31:11,730.8,721.35,20,742.55,40,0,1500
BANKNIFTY16JAN2031200CE.NFO,07/01/2020,09:31:12,730.8,722.45,20,741.3,40,0,1500
BANKNIFTY16JAN2031200CE.NFO,07/01/2020,09:31:13,730.8,725.15,20,738.1,20,0,1500
BANKNIFTY16JAN2031200CE.NFO,07/01/2020,09:31:14,737.6,726.95,40,750.6,60,20,1500
BANKNIFTY16JAN2031200CE.NFO,07/01/2020,09:31:15,737.6,728.45,40,749.45,20,0,1500
BANKNIFTY16JAN2031200CE.NFO,07/01/2020,09:31:16,737.6,729.35,80,748.85,40,0,1500
BANKNIFTY16JAN2031200CE.NFO,07/01/2020,09:31:17,737.6,730.55,40,748.65,40,0,1500
BANKNIFTY16JAN2031200CE.NFO,07/01/2020,09:31:18,737.6,731.5,40,748.55,40,0,1500
BANKNIFTY16JAN2031200CE.NFO,07/01/2020,09:31:19,737.6,732.6,40,748.3,20,0,1500
BANKNIFTY16JAN2031200CE.NFO,07/01/2020,09:31:20,737.6,733.15,40,751.65,20,0,1500
BANKNIFTY16JAN2031200CE.NFO,07/01/2020,09:31:21,737.6,733.15,40,750.35,40,0,1500
BANKNIFTY16JAN2031200CE.NFO,07/01/2020,09:31:22,737.6,733.15,40,749.45,40,0,1500
BANKNIFTY16JAN2031200CE.NFO,07/01/2020,09:31:23,737.6,733.15,40,748.3,20,0,1500
BANKNIFTY16JAN2031200CE.NFO,07/01/2020,09:31:24,737.6,733.15,40,747.85,40,0,1500
BANKNIFTY16JAN2031200CE.NFO,07/01/2020,09:31:25,737.6,733.15,40,747.4,20,0,1500
BANKNIFTY16JAN2031200CE.NFO,07/01/2020,09:31:26,737.6,733.15,40,745.95,20,0,1500
BANKNIFTY16JAN2031200CE.NFO,07/01/2020,09:31:27,737.6,733.7,100,744.6,20,0,1500
BANKNIFTY16JAN2031200CE.NFO,07/01/2020,09:31:28,737.6,734.75,40,754,60,0,1500
BANKNIFTY16JAN2031200CE.NFO,07/01/2020,09:31:29,737.6,735.65,40,753.75,20,0,1500
BANKNIFTY16JAN2031200CE.NFO,07/01/2020,09:31:30,737.6,736.75,40,752.45,20,0,1500
BANKNIFTY16JAN2031200CE.NFO,07/01/2020,09:31:31,737.6,737.65,40,751.05,20,0,1500
BANKNIFTY16JAN2031200CE.NFO,07/01/2020,09:31:32,737.6,723.2,40,748.95,60,0,1500
BANKNIFTY16JAN2031200CE.NFO,07/01/2020,09:31:33,737.6,724.55,100,747.6,40,0,1500
BANKNIFTY16JAN2031200CE.NFO,07/01/2020,09:31:34,737.6,726.15,20,746.1,60,0,1500
BANKNIFTY16JAN2031200CE.NFO,07/01/2020,09:31:35,737.6,728.5,40,744.9,40,0,1500
BANKNIFTY16JAN2031200CE.NFO,07/01/2020,09:31:36,737.6,730.9,20,753.1,20,0,1500
BANKNIFTY16JAN2031200CE.NFO,07/01/2020,09:31:37,737.6,733.3,60,751.95,20,0,1500
BANKNIFTY16JAN2031200CE.NFO,07/01/2020,09:31:38,737.6,734.85,80,750.65,20,0,1500
BANKNIFTY16JAN2031200CE.NFO,07/01/2020,09:31:39,737.6,735.75,40,749.9,20,0,1500
BANKNIFTY16JAN2031200CE.NFO,07/01/2020,09:31:40,737.6,736.6,40,748.8,20,0,1500
BANKNIFTY16JAN2031200CE.NFO,07/01/2020,09:31:41,737.6,737.5,40,754,60,0,1500
BANKNIFTY16JAN2031200CE.NFO,07/01/2020,09:31:42,737.6,738.15,40,753.15,20,0,1500
BANKNIFTY16JAN2031200CE.NFO,07/01/2020,09:31:43,737.6,739.25,100,752.45,60,0,1500
BANKNIFTY16JAN2031200CE.NFO,07/01/2020,09:31:44,737.6,739.3,40,750,60,0,1500
BANKNIFTY16JAN2031200CE.NFO,07/01/2020,09:31:45,737.6,739.3,40,749.65,40,0,1500
BANKNIFTY16JAN2031200CE.NFO,07/01/2020,09:31:46,737.6,740.2,40,755.5,60,0,1500
BANKNIFTY16JAN2031200CE.NFO,07/01/2020,09:31:47,737.6,727.55,20,753.35,20,0,1500
BANKNIFTY16JAN2031200CE.NFO,07/01/2020,09:31:48,737.6,728.35,100,751.9,60,0,1500
BANKNIFTY16JAN2031200CE.NFO,07/01/2020,09:31:49,737.6,729.1,60,750.25,40,0,1500
BANKNIFTY16JAN2031200CE.NFO,07/01/2020,09:31:50,737.6,729.9,100,749.6,20,0,1500
BANKNIFTY16JAN2031200CE.NFO,07/01/2020,09:31:51,737.6,732.05,40,748.65,20,0,1500
BANKNIFTY16JAN2031200CE.NFO,07/01/2020,09:31:52,737.6,733.55,40,748.2,20,0,1500
BANKNIFTY16JAN2031200CE.NFO,07/01/2020,09:31:53,737.6,734.75,40,756.85,20,0,1500
BANKNIFTY16JAN2031200CE.NFO,07/01/2020,09:31:54,737.6,735.6,40,755.9,20,0,1500
BANKNIFTY16JAN2031200CE.NFO,07/01/2020,09:31:55,737.6,736.5,40,754.4,20,0,1500
BANKNIFTY16JAN2031200CE.NFO,07/01/2020,09:31:56,737.6,737.2,40,753.2,20,0,1500
BANKNIFTY16JAN2031200CE.NFO,07/01/2020,09:31:57,737.6,738.3,40,752.45,20,0,1500
BANKNIFTY16JAN2031200CE.NFO,07/01/2020,09:31:58,737.6,739.3,40,752.05,40,0,1500
BANKNIFTY16JAN2031200CE.NFO,07/01/2020,09:31:59,737.6,740.05,100,751.75,40,0,1500
BANKNIFTY16JAN2031200CE.NFO,07/01/2020,09:32:00,737.6,740.1,40,750.7,20,0,1500
BANKNIFTY16JAN2031200CE.NFO,07/01/2020,09:32:01,737.6,740.4,40,750.55,20,0,1500
BANKNIFTY16JAN2031200CE.NFO,07/01/2020,09:32:02,737.6,741,40,757.2,20,0,1500
BANKNIFTY16JAN2031200CE.NFO,07/01/2020,09:32:03,737.6,741.85,100,756.6,40,0,1500
BANKNIFTY16JAN2031200CE.NFO,07/01/2020,09:32:04,737.6,732.85,20,754.6,20,0,1500
BANKNIFTY16JAN2031200CE.NFO,07/01/2020,09:32:05,737.6,733.95,20,752.6,20,0,1500
BANKNIFTY16JAN2031200CE.NFO,07/01/2020,09:32:06,737.6,734.55,60,751.6,20,0,1500
BANKNIFTY16JAN2031200CE.NFO,07/01/2020,09:32:07,737.6,735.15,40,751.2,20,0,1500
BANKNIFTY16JAN2031200CE.NFO,07/01/2020,09:32:08,737.6,735.15,40,750.65,40,0,1500
BANKNIFTY16JAN2031200CE.NFO,07/01/2020,09:32:09,737.6,735.15,40,749.9,20,0,1500
BANKNIFTY16JAN2031200CE.NFO,07/01/2020,09:32:10,737.6,735.8,40,749.1,20,0,1500
BANKNIFTY16JAN2031200CE.NFO,07/01/2020,09:32:11,737.6,736.4,40,748.35,40,0,1500
BANKNIFTY16JAN2031200CE.NFO,07/01/2020,09:32:12,737.6,737.2,100,747.35,20,0,1500
BANKNIFTY16JAN2031200CE.NFO,07/01/2020,09:32:13,737.6,737.65,40,754.8,40,0,1500
BANKNIFTY16JAN2031200CE.NFO,07/01/2020,09:32:14,737.6,738.45,40,754.5,20,0,1500
BANKNIFTY16JAN2031200CE.NFO,07/01/2020,09:32:15,737.6,739.05,40,754.35,20,0,1500
BANKNIFTY16JAN2031200CE.NFO,07/01/2020,09:32:16,737.6,739.65,40,758.1,20,0,1500
BANKNIFTY16JAN2031200CE.NFO,07/01/2020,09:32:17,737.6,740.5,100,757.05,20,0,1500
BANKNIFTY16JAN2031200CE.NFO,07/01/2020,09:32:18,737.6,741.45,40,758.75,20,0,1500
BANKNIFTY16JAN2031200CE.NFO,07/01/2020,09:32:19,737.6,742.2,40,757.65,20,0,1500
BANKNIFTY16JAN2031200CE.NFO,07/01/2020,09:32:20,737.6,742.9,40,762.8,40,0,1500
BANKNIFTY16JAN2031200CE.NFO,07/01/2020,09:32:21,737.6,743.5,80,761.4,20,0,1500
BANKNIFTY16JAN2031200CE.NFO,07/01/2020,09:32:22,737.6,744.35,40,760.95,20,0,1500
BANKNIFTY16JAN2031200CE.NFO,07/01/2020,09:32:23,737.6,734.15,60,759.85,20,0,1500
BANKNIFTY16JAN2031200CE.NFO,07/01/2020,09:32:24,737.6,735.05,60,759.45,20,0,1500
BANKNIFTY16JAN2031200CE.NFO,07/01/2020,09:32:25,737.6,736.55,40,759,40,0,1500
BANKNIFTY16JAN2031200CE.NFO,07/01/2020,09:32:26,737.6,737.75,20,758.3,40,0,1500
BANKNIFTY16JAN2031200CE.NFO,07/01/2020,09:32:27,737.6,740.15,100,757.65,20,0,1500
BANKNIFTY16JAN2031200CE.NFO,07/01/2020,09:32:28,737.6,744.1,40,768.1,20,0,1500
BANKNIFTY16JAN2031200CE.NFO,07/01/2020,09:32:29,737.6,747.35,20,767.05,40,0,1500
BANKNIFTY16JAN2031200CE.NFO,07/01/2020,09:32:30,737.6,748.35,40,766.35,40,0,1500
BANKNIFTY16JAN2031200CE.NFO,07/01/2020,09:32:31,737.6,749.2,40,766,40,0,1500
BANKNIFTY16JAN2031200CE.NFO,07/01/2020,09:32:32,737.6,750,100,765.5,20,0,1500
BANKNIFTY16JAN2031200CE.NFO,07/01/2020,09:32:33,737.6,750.9,100,772.25,20,0,1500
BANKNIFTY16JAN2031200CE.NFO,07/01/2020,09:32:34,737.6,751.25,40,768.55,40,0,1500
BANKNIFTY16JAN2031200CE.NFO,07/01/2020,09:32:35,737.6,751.25,40,767.8,20,0,1500
BANKNIFTY16JAN2031200CE.NFO,07/01/2020,09:32:36,737.6,751.25,40,767.1,20,0,1500
BANKNIFTY16JAN2031200CE.NFO,07/01/2020,09:32:37,737.6,751.25,40,766.05,40,0,1500
BANKNIFTY16JAN2031200CE.NFO,07/01/2020,09:32:38,737.6,741.85,20,765.45,40,0,1500
BANKNIFTY16JAN2031200CE.NFO,07/01/2020,09:32:39,737.6,743.3,100,764.85,40,0,1500
BANKNIFTY16JAN2031200CE.NFO,07/01/2020,09:32:40,737.6,745.25,20,764.2,20,0,1500
BANKNIFTY16JAN2031200CE.NFO,07/01/2020,09:32:41,737.6,747.25,60,774.7,20,0,1500
BANKNIFTY16JAN2031200CE.NFO,07/01/2020,09:32:42,737.6,748.85,40,774.6,20,0,1500
BANKNIFTY16JAN2031200CE.NFO,07/01/2020,09:32:43,737.6,750.55,40,772.7,20,0,1500
BANKNIFTY16JAN2031200CE.NFO,07/01/2020,09:32:44,737.6,751.75,40,772.7,40,0,1500
BANKNIFTY16JAN2031200CE.NFO,07/01/2020,09:32:45,737.6,752.7,20,772.7,40,0,1500
BANKNIFTY16JAN2031200CE.NFO,07/01/2020,09:32:46,737.6,753.55,40,772.7,40,0,1500
BANKNIFTY16JAN2031200CE.NFO,07/01/2020,09:32:47,737.6,754.5,40,772.7,40,0,1500
BANKNIFTY16JAN2031200CE.NFO,07/01/2020,09:32:48,737.6,755.3,100,772.7,40,0,1500
BANKNIFTY16JAN2031200CE.NFO,07/01/2020,09:32:49,737.6,755.95,40,772.25,40,0,1500
BANKNIFTY16JAN2031200CE.NFO,07/01/2020,09:32:50,737.6,755.95,40,770.75,40,0,1500
BANKNIFTY16JAN2031200CE.NFO,07/01/2020,09:32:51,737.6,755.95,40,769.6,20,0,1500
BANKNIFTY16JAN2031200CE.NFO,07/01/2020,09:32:52,737.6,755.95,40,768.8,20,0,1500
BANKNIFTY16JAN2031200CE.NFO,07/01/2020,09:32:53,737.6,755.95,40,768,20,0,1500
BANKNIFTY16JAN2031200CE.NFO,07/01/2020,09:32:54,737.6,755.95,40,766.95,40,0,1500
BANKNIFTY16JAN2031200CE.NFO,07/01/2020,09:32:55,737.6,755.95,40,766.1,20,0,1500
BANKNIFTY16JAN2031200CE.NFO,07/01/2020,09:32:56,737.6,755.95,40,764.95,40,0,1500
BANKNIFTY16JAN2031200CE.NFO,07/01/2020,09:32:57,737.6,755.95,40,763.85,40,0,1500
BANKNIFTY16JAN2031200CE.NFO,07/01/2020,09:32:58,737.6,755.95,40,763.1,20,0,1500
BANKNIFTY16JAN2031200CE.NFO,07/01/2020,09:32:59,737.6,756.55,40,772.4,40,0,1500
BANKNIFTY16JAN2031200CE.NFO,07/01/2020,09:33:00,737.6,757.15,40,771.15,60,0,1500
BANKNIFTY16JAN2031200CE.NFO,07/01/2020,09:33:01,737.6,757.15,40,769.65,20,0,1500
BANKNIFTY16JAN2031200CE.NFO,07/01/2020,09:33:02,737.6,757.15,40,769.05,20,0,1500
BANKNIFTY16JAN2031200CE.NFO,07/01/2020,09:33:03,737.6,757.15,40,768.2,40,0,1500
BANKNIFTY16JAN2031200CE.NFO,07/01/2020,09:33:04,737.6,746.6,40,766.8,40,0,1500
BANKNIFTY16JAN2031200CE.NFO,07/01/2020,09:33:05,737.6,746.6,40,766.1,40,0,1500
BANKNIFTY16JAN2031200CE.NFO,07/01/2020,09:33:06,737.6,746.6,40,764.95,20,0,1500
BANKNIFTY16JAN2031200CE.NFO,07/01/2020,09:33:07,737.6,746.6,40,764.25,20,0,1500
BANKNIFTY16JAN2031200CE.NFO,07/01/2020,09:33:08,737.6,746.6,40,763.45,20,0,1500
BANKNIFTY16JAN2031200CE.NFO,07/01/2020,09:33:09,737.6,746.9,40,762.65,20,0,1500
BANKNIFTY16JAN2031200CE.NFO,07/01/2020,09:33:10,737.6,746.9,40,767.7,20,0,1500
BANKNIFTY16JAN2031200CE.NFO,07/01/2020,09:33:11,737.6,746.9,40,767.3,20,0,1500
BANKNIFTY16JAN2031200CE.NFO,07/01/2020,09:33:12,737.6,746.9,40,766.6,20,0,1500
BANKNIFTY16JAN2031200CE.NFO,07/01/2020,09:33:13,737.6,746.9,40,765.85,40,0,1500
BANKNIFTY16JAN2031200CE.NFO,07/01/2020,09:33:14,737.6,747.3,40,764.75,40,0,1500
BANKNIFTY16JAN2031200CE.NFO,07/01/2020,09:33:15,737.6,747.9,40,764.05,20,0,1500
BANKNIFTY16JAN2031200CE.NFO,07/01/2020,09:33:16,737.6,749.05,40,763.25,20,0,1500
BANKNIFTY16JAN2031200CE.NFO,07/01/2020,09:33:17,737.6,750.25,40,762.65,20,0,1500
BANKNIFTY16JAN2031200CE.NFO,07/01/2020,09:33:18,737.6,752.05,20,771.9,20,0,1500
BANKNIFTY16JAN2031200CE.NFO,07/01/2020,09:33:19,737.6,754.1,40,774.65,20,0,1500
BANKNIFTY16JAN2031200CE.NFO,07/01/2020,09:33:20,737.6,755.05,40,773.05,20,0,1500
BANKNIFTY16JAN2031200CE.NFO,07/01/2020,09:33:21,737.6,742.35,100,771.05,40,0,1500
BANKNIFTY16JAN2031200CE.NFO,07/01/2020,09:33:22,737.6,746.25,60,769.95,20,0,1500
BANKNIFTY16JAN2031200CE.NFO,07/01/2020,09:33:23,737.6,749.25,60,768.5,40,0,1500
BANKNIFTY16JAN2031200CE.NFO,07/01/2020,09:33:24,737.6,749.85,100,767.1,40,0,1500
BANKNIFTY16JAN2031200CE.NFO,07/01/2020,09:33:25,737.6,750.75,100,765.45,20,0,1500
BANKNIFTY16JAN2031200CE.NFO,07/01/2020,09:33:26,737.6,751.7,40,763.75,20,0,1500
BANKNIFTY16JAN2031200CE.NFO,07/01/2020,09:33:27,737.6,752.85,80,774.1,20,0,1500
BANKNIFTY16JAN2031200CE.NFO,07/01/2020,09:33:28,737.6,753.8,40,773.35,60,0,1500
BANKNIFTY16JAN2031200CE.NFO,07/01/2020,09:33:29,737.6,754.75,40,772.35,20,0,1500
BANKNIFTY16JAN2031200CE.NFO,07/01/2020,09:33:30,737.6,755.65,80,771.5,20,0,1500
BANKNIFTY16JAN2031200CE.NFO,07/01/2020,09:33:31,737.6,756.5,40,774.2,20,0,1500
BANKNIFTY16JAN2031200CE.NFO,07/01/2020,09:33:32,737.6,757.1,80,773.65,40,0,1500
BANKNIFTY16JAN2031200CE.NFO,07/01/2020,09:33:33,737.6,757.75,40,774.35,40,0,1500
BANKNIFTY16JAN2031200CE.NFO,07/01/2020,09:33:34,737.6,758.5,100,773.5,20,0,1500
BANKNIFTY16JAN2031200CE.NFO,07/01/2020,09:33:35,737.6,748.95,20,775.5,80,0,1500
BANKNIFTY16JAN2031200CE.NFO,07/01/2020,09:33:36,737.6,750.75,40,774.5,40,0,1500
BANKNIFTY16JAN2031200CE.NFO,07/01/2020,09:33:37,737.6,750.75,40,772.85,20,0,1500
BANKNIFTY16JAN2031200CE.NFO,07/01/2020,09:33:38,737.6,751.05,40,771.9,40,0,1500
BANKNIFTY16JAN2031200CE.NFO,07/01/2020,09:33:39,737.6,751.65,20,771,40,0,1500
BANKNIFTY16JAN2031200CE.NFO,07/01/2020,09:33:40,737.6,752.6,40,770.15,20,0,1500
BANKNIFTY16JAN2031200CE.NFO,07/01/2020,09:33:41,737.6,753.5,40,769.3,20,0,1500
BANKNIFTY16JAN2031200CE.NFO,07/01/2020,09:33:42,737.6,754.6,40,783.3,80,0,1500
BANKNIFTY16JAN2031200CE.NFO,07/01/2020,09:33:43,737.6,755.8,80,781.9,20,0,1500
BANKNIFTY16JAN2031200CE.NFO,07/01/2020,09:33:44,737.6,756.5,80,778.9,20,0,1500
BANKNIFTY16JAN2031200CE.NFO,07/01/2020,09:33:45,737.6,758,40,779.25,20,0,1500
BANKNIFTY16JAN2031200CE.NFO,07/01/2020,09:33:46,737.6,759.15,40,778.55,20,0,1500
BANKNIFTY16JAN2031200CE.NFO,07/01/2020,09:33:47,737.6,759.8,80,777.6,40,0,1500
BANKNIFTY16JAN2031200CE.NFO,07/01/2020,09:33:48,737.6,760,40,777.6,40,0,1500
BANKNIFTY16JAN2031200CE.NFO,07/01/2020,09:33:49,737.6,760.6,40,775.8,20,0,1500
BANKNIFTY16JAN2031200CE.NFO,07/01/2020,09:33:50,737.6,752.4,40,774.8,20,0,1500
BANKNIFTY16JAN2031200CE.NFO,07/01/2020,09:33:51,737.6,753.35,40,774.05,40,0,1500
BANKNIFTY16JAN2031200CE.NFO,07/01/2020,09:33:52,737.6,754.2,40,773.15,40,0,1500
BANKNIFTY16JAN2031200CE.NFO,07/01/2020,09:33:53,737.6,754.6,20,772.55,40,0,1500
BANKNIFTY16JAN2031200CE.NFO,07/01/2020,09:33:54,737.6,755.15,20,771.6,20,0,1500
BANKNIFTY16JAN2031200CE.NFO,07/01/2020,09:33:55,737.6,755.7,40,770.9,20,0,1500
BANKNIFTY16JAN2031200CE.NFO,07/01/2020,09:33:56,737.6,756.1,20,770.1,20,0,1500
BANKNIFTY16JAN2031200CE.NFO,07/01/2020,09:33:57,737.6,756.7,20,769.2,20,0,1500
BANKNIFTY16JAN2031200CE.NFO,07/01/2020,09:33:58,737.6,757.3,20,768.5,20,0,1500
BANKNIFTY16JAN2031200CE.NFO,07/01/2020,09:33:59,737.6,758.2,20,779.3,20,0,1500
BANKNIFTY16JAN2031200CE.NFO,07/01/2020,09:34:00,737.6,759.95,40,781.95,20,0,1500
BANKNIFTY16JAN2031200CE.NFO,07/01/2020,09:34:01,737.6,761.45,40,779.25,20,0,1500
BANKNIFTY16JAN2031200CE.NFO,07/01/2020,09:34:02,737.6,762.35,40,785,20,0,1500
BANKNIFTY16JAN2031200CE.NFO,07/01/2020,09:34:03,737.6,762.95,40,779.8,20,0,1500
BANKNIFTY16JAN2031200CE.NFO,07/01/2020,09:34:04,737.6,748.9,40,778.75,40,0,1500
BANKNIFTY16JAN2031200CE.NFO,07/01/2020,09:34:05,737.6,750.3,40,777.75,40,0,1500
BANKNIFTY16JAN2031200CE.NFO,07/01/2020,09:34:06,737.6,751.8,60,776.25,40,0,1500
BANKNIFTY16JAN2031200CE.NFO,07/01/2020,09:34:07,737.6,752.7,100,774.95,20,0,1500
BANKNIFTY16JAN2031200CE.NFO,07/01/2020,09:34:08,737.6,753.35,40,774.05,20,0,1500
BANKNIFTY16JAN2031200CE.NFO,07/01/2020,09:34:09,737.6,753.6,40,772.8,20,0,1500
BANKNIFTY16JAN2031200CE.NFO,07/01/2020,09:34:10,737.6,753.65,40,770.5,20,0,1500
BANKNIFTY16JAN2031200CE.NFO,07/01/2020,09:34:11,737.6,753.65,40,768.95,20,0,1500
BANKNIFTY16JAN2031200CE.NFO,07/01/2020,09:34:12,737.6,753.95,20,768.25,20,0,1500
BANKNIFTY16JAN2031200CE.NFO,07/01/2020,09:34:13,737.6,754.3,40,767.35,20,0,1500
BANKNIFTY16JAN2031200CE.NFO,07/01/2020,09:34:14,737.6,754.5,40,766.65,20,0,1500
BANKNIFTY16JAN2031200CE.NFO,07/01/2020,09:34:15,737.6,743.1,20,766.05,20,0,1500
BANKNIFTY16JAN2031200CE.NFO,07/01/2020,09:34:16,737.6,745.7,100,765.45,20,0,1500
BANKNIFTY16JAN2031200CE.NFO,07/01/2020,09:34:17,737.6,746.4,20,764.75,20,0,1500
BANKNIFTY16JAN2031200CE.NFO,07/01/2020,09:34:18,737.6,747.2,100,763.75,20,0,1500
BANKNIFTY16JAN2031200CE.NFO,07/01/2020,09:34:19,737.6,747.85,20,763.1,40,0,1500
BANKNIFTY16JAN2031200CE.NFO,07/01/2020,09:34:20,737.6,748.15,40,762.5,20,0,1500
BANKNIFTY16JAN2031200CE.NFO,07/01/2020,09:34:21,737.6,748.15,40,762.2,20,0,1500
BANKNIFTY16JAN2031200CE.NFO,07/01/2020,09:34:22,737.6,748.15,40,761.6,20,0,1500
BANKNIFTY16JAN2031200CE.NFO,07/01/2020,09:34:23,737.6,748.15,40,760.8,20,0,1500
BANKNIFTY16JAN2031200CE.NFO,07/01/2020,09:34:24,737.6,748.15,40,760.3,20,0,1500
BANKNIFTY16JAN2031200CE.NFO,07/01/2020,09:34:25,737.6,748.45,40,759.95,40,0,1500
BANKNIFTY16JAN2031200CE.NFO,07/01/2020,09:34:26,737.6,748.45,40,759.8,20,0,1500
BANKNIFTY16JAN2031200CE.NFO,07/01/2020,09:34:27,737.6,738.3,60,759.25,40,0,1500
BANKNIFTY16JAN2031200CE.NFO,07/01/2020,09:34:28,737.6,738.85,40,758.05,20,0,1500
BANKNIFTY16JAN2031200CE.NFO,07/01/2020,09:34:29,737.6,739.1,40,757.2,40,0,1500
BANKNIFTY16JAN2031200CE.NFO,07/01/2020,09:34:30,737.6,739.15,40,756.65,20,0,1500
BANKNIFTY16JAN2031200CE.NFO,07/01/2020,09:34:31,737.6,739.15,40,756.05,20,0,1500
BANKNIFTY16JAN2031200CE.NFO,07/01/2020,09:34:32,737.6,739.4,80,755,40,0,1500
BANKNIFTY16JAN2031200CE.NFO,07/01/2020,09:34:33,737.6,740,80,754.25,20,0,1500
BANKNIFTY16JAN2031200CE.NFO,07/01/2020,09:34:34,737.6,740.35,40,753.45,20,0,1500
BANKNIFTY16JAN2031200CE.NFO,07/01/2020,09:34:35,737.6,740.35,40,752.55,20,0,1500
BANKNIFTY16JAN2031200CE.NFO,07/01/2020,09:34:36,737.6,740.3,40,751.35,20,0,1500
BANKNIFTY16JAN2031200CE.NFO,07/01/2020,09:34:37,737.6,740.3,40,750.15,20,0,1500
BANKNIFTY16JAN2031200CE.NFO,07/01/2020,09:34:38,737.6,740.35,40,750,40,0,1500
BANKNIFTY16JAN2031200CE.NFO,07/01/2020,09:34:39,737.6,740.9,40,756.2,20,0,1500
BANKNIFTY16JAN2031200CE.NFO,07/01/2020,09:34:40,737.6,738.6,60,754.85,20,0,1500
BANKNIFTY16JAN2031200CE.NFO,07/01/2020,09:34:41,737.6,739.65,100,753.8,20,0,1500
BANKNIFTY16JAN2031200CE.NFO,07/01/2020,09:34:42,737.6,740.6,60,753.05,20,0,1500
BANKNIFTY16JAN2031200CE.NFO,07/01/2020,09:34:43,737.6,741.5,20,752.35,20,0,1500
BANKNIFTY16JAN2031200CE.NFO,07/01/2020,09:34:44,752.15,742.05,100,760.1,20,20,1420
BANKNIFTY16JAN2031200CE.NFO,07/01/2020,09:34:44,752.15,742.05,100,760.1,20,0,1420
BANKNIFTY16JAN2031200CE.NFO,07/01/2020,09:34:45,752.15,742.45,40,758.85,20,0,1420
BANKNIFTY16JAN2031200CE.NFO,07/01/2020,09:34:46,752.15,743.05,40,757.6,60,0,1420
BANKNIFTY16JAN2031200CE.NFO,07/01/2020,09:34:47,752.15,743.6,20,757,20,0,1420
BANKNIFTY16JAN2031200CE.NFO,07/01/2020,09:34:48,752.15,738.4,60,756.55,40,0,1420
BANKNIFTY16JAN2031200CE.NFO,07/01/2020,09:34:49,752.15,738.75,20,756,20,0,1420
BANKNIFTY16JAN2031200CE.NFO,07/01/2020,09:34:50,752.15,739.55,40,755.25,40,0,1420
BANKNIFTY16JAN2031200CE.NFO,07/01/2020,09:34:51,752.15,740.25,100,754.65,40,0,1420
BANKNIFTY16JAN2031200CE.NFO,07/01/2020,09:34:52,752.15,740.95,20,760.1,40,0,1420
BANKNIFTY16JAN2031200CE.NFO,07/01/2020,09:34:53,752.15,741.6,20,758.85,60,0,1420
BANKNIFTY16JAN2031200CE.NFO,07/01/2020,09:34:54,752.15,742.35,100,758,40,0,1420
BANKNIFTY16JAN2031200CE.NFO,07/01/2020,09:34:55,752.15,738.3,80,756.85,100,0,1420
BANKNIFTY16JAN2031200CE.NFO,07/01/2020,09:34:56,752.15,739.1,100,755.9,20,0,1420
BANKNIFTY16JAN2031200CE.NFO,07/01/2020,09:34:57,752.15,739.45,40,754.75,20,0,1420
BANKNIFTY16JAN2031200CE.NFO,07/01/2020,09:34:58,752.15,739.75,40,753.65,20,0,1420
BANKNIFTY16JAN2031200CE.NFO,07/01/2020,09:34:59,752.15,739.75,40,753.25,20,0,1420
BANKNIFTY16JAN2031200CE.NFO,07/01/2020,09:35:00,752.15,740.1,20,752.65,20,0,1420
BANKNIFTY16JAN2031200CE.NFO,07/01/2020,09:35:01,752.15,740.7,20,752,40,0,1420
BANKNIFTY16JAN2031200CE.NFO,07/01/2020,09:35:02,752.15,741.2,100,761,20,0,1420
BANKNIFTY16JAN2031200CE.NFO,07/01/2020,09:35:03,752.15,741.6,20,758.75,20,0,1420
BANKNIFTY16JAN2031200CE.NFO,07/01/2020,09:35:04,752.15,741.85,40,758.05,20,0,1420
BANKNIFTY16JAN2031200CE.NFO,07/01/2020,09:35:05,752.15,741.85,40,757.2,40,0,1420
BANKNIFTY16JAN2031200CE.NFO,07/01/2020,09:35:06,752.15,741.85,40,756.25,20,0,1420
BANKNIFTY16JAN2031200CE.NFO,07/01/2020,09:35:07,752.15,741.85,40,755.4,40,0,1420
BANKNIFTY16JAN2031200CE.NFO,07/01/2020,09:35:08,752.15,742.45,40,754.75,20,0,1420
BANKNIFTY16JAN2031200CE.NFO,07/01/2020,09:35:09,752.15,730.35,20,754.15,20,0,1420
BANKNIFTY16JAN2031200CE.NFO,07/01/2020,09:35:10,752.15,731.95,20,753.6,40,0,1420
BANKNIFTY16JAN2031200CE.NFO,07/01/2020,09:35:11,752.15,732.8,60,753,40,0,1420
BANKNIFTY16JAN2031200CE.NFO,07/01/2020,09:35:12,752.15,734.3,80,751.9,20,0,1420
BANKNIFTY16JAN2031200CE.NFO,07/01/2020,09:35:13,752.15,735.2,80,749.6,20,0,1420
BANKNIFTY16JAN2031200CE.NFO,07/01/2020,09:35:14,752.15,737,100,747.9,20,0,1420
BANKNIFTY16JAN2031200CE.NFO,07/01/2020,09:35:15,752.15,738.2,80,755,20,0,1420
BANKNIFTY16JAN2031200CE.NFO,07/01/2020,09:35:16,752.15,740.65,40,752.7,20,0,1420
BANKNIFTY16JAN2031200CE.NFO,07/01/2020,09:35:17,752.15,741.5,60,748.4,20,0,1420
BANKNIFTY16JAN2031200CE.NFO,07/01/2020,09:35:18,752.15,727.7,60,754.05,40,0,1420
BANKNIFTY16JAN2031200CE.NFO,07/01/2020,09:35:19,752.15,729.9,20,752.25,20,0,1420
BANKNIFTY16JAN2031200CE.NFO,07/01/2020,09:35:21,752.15,732.6,80,750.45,20,0,1420
BANKNIFTY16JAN2031200CE.NFO,07/01/2020,09:35:22,752.15,733.7,40,746.55,20,0,1420
BANKNIFTY16JAN2031200CE.NFO,07/01/2020,09:35:23,752.15,734.65,40,749.85,20,0,1420
BANKNIFTY16JAN2031200CE.NFO,07/01/2020,09:35:24,752.15,735.55,40,754.75,20,0,1420
BANKNIFTY16JAN2031200CE.NFO,07/01/2020,09:35:25,752.15,737.6,80,749,20,0,1420
BANKNIFTY16JAN2031200CE.NFO,07/01/2020,09:35:27,752.15,738.2,60,746,20,0,1420
BANKNIFTY16JAN2031200CE.NFO,07/01/2020,09:35:28,752.15,738.3,20,750.6,20,0,1420
BANKNIFTY16JAN2031200CE.NFO,07/01/2020,09:35:29,752.15,726.75,80,747.25,20,0,1420
BANKNIFTY16JAN2031200CE.NFO,07/01/2020,09:35:30,752.15,727.65,60,744.85,20,0,1420
BANKNIFTY16JAN2031200CE.NFO,07/01/2020,09:35:31,752.15,728.55,80,749.65,20,0,1420
BANKNIFTY16JAN2031200CE.NFO,07/01/2020,09:35:32,752.15,730.95,80,746.5,20,0,1420
BANKNIFTY16JAN2031200CE.NFO,07/01/2020,09:35:33,752.15,732.75,40,747.9,20,0,1420
BANKNIFTY16JAN2031200CE.NFO,07/01/2020,09:35:35,752.15,734.05,40,746.1,20,0,1420
BANKNIFTY16JAN2031200CE.NFO,07/01/2020,09:35:36,752.15,734.95,40,744.3,20,0,1420
BANKNIFTY16JAN2031200CE.NFO,07/01/2020,09:35:37,752.15,724.5,100,751.1,20,0,1420
BANKNIFTY16JAN2031200CE.NFO,07/01/2020,09:35:38,752.15,725.85,80,747.05,20,0,1420
BANKNIFTY16JAN2031200CE.NFO,07/01/2020,09:35:39,752.15,727.25,60,745.05,20,0,1420
BANKNIFTY16JAN2031200CE.NFO,07/01/2020,09:35:41,752.15,728.2,60,741.85,20,0,1420
BANKNIFTY16JAN2031200CE.NFO,07/01/2020,09:35:42,752.15,728.45,40,739.95,20,0,1420
BANKNIFTY16JAN2031200CE.NFO,07/01/2020,09:35:43,752.15,713.45,40,738.35,20,0,1420
BANKNIFTY16JAN2031200CE.NFO,07/01/2020,09:35:44,752.15,714.3,80,738.05,20,0,1420
BANKNIFTY16JAN2031200CE.NFO,07/01/2020,09:35:46,752.15,715,40,736.55,20,0,1420
BANKNIFTY16JAN2031200CE.NFO,07/01/2020,09:35:47,752.15,716.45,20,735.05,20,0,1420
BANKNIFTY16JAN2031200CE.NFO,07/01/2020,09:35:48,752.15,717.4,80,742.7,20,0,1420
BANKNIFTY16JAN2031200CE.NFO,07/01/2020,09:35:49,752.15,718.9,40,741,20,0,1420
BANKNIFTY16JAN2031200CE.NFO,07/01/2020,09:35:51,752.15,721,40,745.4,20,0,1420
BANKNIFTY16JAN2031200CE.NFO,07/01/2020,09:35:52,752.15,723.1,20,743.9,20,0,1420
BANKNIFTY16JAN2031200CE.NFO,07/01/2020,09:35:53,752.15,725.1,80,742.5,20,0,1420
