Ticker,Date,Time,LTP,BuyPrice,BuyQty,SellPrice,SellQty,LTQ,OpenInterest
BANKNIFTY09JAN2032600PE.NFO,07/01/2020,09:15:00,1268.55,975.75,200,1254.9,2400,280,0
BANKNIFTY09JAN2032600PE.NFO,07/01/2020,09:15:00,1268.55,975.75,200,1254.9,2400,0,0
BANKNIFTY09JAN2032600PE.NFO,07/01/2020,09:15:00,1268.55,975.75,200,1254.9,2400,0,0
BANKNIFTY09JAN2032600PE.NFO,07/01/2020,09:15:00,1268.55,975.75,200,1254.9,2400,0,0
BANKNIFTY09JAN2032600PE.NFO,07/01/2020,09:15:01,1268.55,971.2,200,1255.95,200,0,31100
BANKNIFTY09JAN2032600PE.NFO,07/01/2020,09:15:02,1268.55,864.75,40,1217.6,40,0,31100
BANKNIFTY09JAN2032600PE.NFO,07/01/2020,09:15:03,1268.55,1015.15,20,1068.95,20,0,31100
BANKNIFTY09JAN2032600PE.NFO,07/01/2020,09:15:05,1268.55,995.05,20,1056.6,20,0,31100
BANKNIFTY09JAN2032600PE.NFO,07/01/2020,09:15:06,1038.25,983.3,40,1175.25,40,20,31100
BANKNIFTY09JAN2032600PE.NFO,07/01/2020,09:15:06,1038.25,983.3,40,1175.25,40,0,31100
BANKNIFTY09JAN2032600PE.NFO,07/01/2020,09:15:07,1025.65,983.35,20,1175.2,200,20,31100
BANKNIFTY09JAN2032600PE.NFO,07/01/2020,09:15:07,1025.65,983.35,20,1175.2,200,0,31100
BANKNIFTY09JAN2032600PE.NFO,07/01/2020,09:15:09,1020.1,983.3,40,1175.15,2720,40,31100
BANKNIFTY09JAN2032600PE.NFO,07/01/2020,09:15:09,1014.35,983.3,40,1175.15,2720,0,31100
BANKNIFTY09JAN2032600PE.NFO,07/01/2020,09:15:10,1014.35,983.3,40,1175.15,2720,60,31100
BANKNIFTY09JAN2032600PE.NFO,07/01/2020,09:15:10,1014.25,983.3,40,1175.15,2720,0,31100
BANKNIFTY09JAN2032600PE.NFO,07/01/2020,09:15:11,1010.1,983.3,40,1175.15,2720,20,31100
BANKNIFTY09JAN2032600PE.NFO,07/01/2020,09:15:11,1010.1,983.3,40,1175.15,2720,0,31100
BANKNIFTY09JAN2032600PE.NFO,07/01/2020,09:15:12,1010.1,768.35,2420,1175.15,2720,0,31100
BANKNIFTY09JAN2032600PE.NFO,07/01/2020,09:15:16,1010.1,880,20,1175.15,2720,0,31100
BANKNIFTY09JAN2032600PE.NFO,07/01/2020,09:15:17,1010.1,880,20,1172.95,280,0,31100
BANKNIFTY09JAN2032600PE.NFO,07/01/2020,09:15:19,1010.1,880.05,20,1158.95,20,0,31100
BANKNIFTY09JAN2032600PE.NFO,07/01/2020,09:15:20,1010.1,880.05,20,1158.85,20,0,31100
BANKNIFTY09JAN2032600PE.NFO,07/01/2020,09:15:21,1010.1,880.05,20,1158.75,20,0,31100
BANKNIFTY09JAN2032600PE.NFO,07/01/2020,09:15:22,1010.1,880.05,20,1144.65,20,0,31100
BANKNIFTY09JAN2032600PE.NFO,07/01/2020,09:15:24,1010.1,880.05,20,1144.55,20,0,31100
BANKNIFTY09JAN2032600PE.NFO,07/01/2020,09:15:25,1010.1,880.05,20,1144.45,20,0,31100
BANKNIFTY09JAN2032600PE.NFO,07/01/2020,09:15:26,1010.1,880.2,20,1144.35,20,0,31100
BANKNIFTY09JAN2032600PE.NFO,07/01/2020,09:15:27,1010,880.25,20,1144.25,20,40,31100
BANKNIFTY09JAN2032600PE.NFO,07/01/2020,09:15:27,1010,880.25,20,1144.25,20,0,31100
BANKNIFTY09JAN2032600PE.NFO,07/01/2020,09:15:29,1010,880.25,20,1144.05,20,0,31100
BANKNIFTY09JAN2032600PE.NFO,07/01/2020,09:15:31,1010,880.25,20,1143.85,20,0,31100
BANKNIFTY09JAN2032600PE.NFO,07/01/2020,09:15:32,1010,880.25,20,1143.6,20,0,31100
BANKNIFTY09JAN2032600PE.NFO,07/01/2020,09:15:34,1010,880.25,20,1143.5,20,0,31100
BANKNIFTY09JAN2032600PE.NFO,07/01/2020,09:15:35,1010,880.25,20,1143.4,20,0,31100
BANKNIFTY09JAN2032600PE.NFO,07/01/2020,09:15:36,1010,880.25,20,1143.3,20,0,31100
BANKNIFTY09JAN2032600PE.NFO,07/01/2020,09:15:37,1010,880.25,20,1143.2,20,0,31100
BANKNIFTY09JAN2032600PE.NFO,07/01/2020,09:15:37,870,768.35,2420,1143,20,1500,31100
BANKNIFTY09JAN2032600PE.NFO,07/01/2020,09:15:37,870,768.35,2420,1143,20,0,31100
BANKNIFTY09JAN2032600PE.NFO,07/01/2020,09:15:39,870,880.3,40,1068.95,20,0,31100
BANKNIFTY09JAN2032600PE.NFO,07/01/2020,09:15:40,870,880.3,40,1068.85,20,0,31100
BANKNIFTY09JAN2032600PE.NFO,07/01/2020,09:15:43,870,880.3,40,1068.75,20,0,31100
BANKNIFTY09JAN2032600PE.NFO,07/01/2020,09:15:46,870,880.3,40,1068.65,20,0,31100
BANKNIFTY09JAN2032600PE.NFO,07/01/2020,09:15:50,870,880.3,40,1068.55,20,0,31100
BANKNIFTY09JAN2032600PE.NFO,07/01/2020,09:15:53,870,880.3,40,1068.45,20,0,31100
BANKNIFTY09JAN2032600PE.NFO,07/01/2020,09:15:54,870,880.3,40,977.4,200,0,31100
BANKNIFTY09JAN2032600PE.NFO,07/01/2020,09:15:55,870,880.3,40,977.85,200,0,31100
BANKNIFTY09JAN2032600PE.NFO,07/01/2020,09:15:57,870,880.3,40,973,200,0,31100
BANKNIFTY09JAN2032600PE.NFO,07/01/2020,09:15:58,870,880.3,40,974.75,200,0,31100
BANKNIFTY09JAN2032600PE.NFO,07/01/2020,09:15:59,870,880.3,40,971,200,0,31100
BANKNIFTY09JAN2032600PE.NFO,07/01/2020,09:16:00,870,880.3,40,969.65,200,0,31100
BANKNIFTY09JAN2032600PE.NFO,07/01/2020,09:16:01,870,880.3,40,969.75,200,0,31100
BANKNIFTY09JAN2032600PE.NFO,07/01/2020,09:16:03,870,880.3,40,972.45,200,0,31100
BANKNIFTY09JAN2032600PE.NFO,07/01/2020,09:16:04,870,880.3,40,972.1,200,0,31100
BANKNIFTY09JAN2032600PE.NFO,07/01/2020,09:16:05,870,880.3,40,967.85,200,0,31100
BANKNIFTY09JAN2032600PE.NFO,07/01/2020,09:16:07,870,880.3,40,967.25,200,0,31100
BANKNIFTY09JAN2032600PE.NFO,07/01/2020,09:16:07,870,880.3,40,963.75,200,0,31100
BANKNIFTY09JAN2032600PE.NFO,07/01/2020,09:16:08,870,880.3,40,969.65,200,0,31100
BANKNIFTY09JAN2032600PE.NFO,07/01/2020,09:16:09,870,880.3,40,964.85,200,0,31100
BANKNIFTY09JAN2032600PE.NFO,07/01/2020,09:16:10,870,880.3,40,964.05,200,0,31100
BANKNIFTY09JAN2032600PE.NFO,07/01/2020,09:16:11,870,880.3,40,960.8,200,0,31100
BANKNIFTY09JAN2032600PE.NFO,07/01/2020,09:16:13,870,880.3,40,958.85,200,0,31100
BANKNIFTY09JAN2032600PE.NFO,07/01/2020,09:16:13,870,880.35,20,921.85,20,0,31100
BANKNIFTY09JAN2032600PE.NFO,07/01/2020,09:16:14,870,880.4,420,918.9,20,0,31100
BANKNIFTY09JAN2032600PE.NFO,07/01/2020,09:16:16,870,882.25,420,918.85,420,0,31100
BANKNIFTY09JAN2032600PE.NFO,07/01/2020,09:16:17,870,882.35,20,918.8,20,0,31100
BANKNIFTY09JAN2032600PE.NFO,07/01/2020,09:16:17,870,882.35,20,918.85,420,0,31100
BANKNIFTY09JAN2032600PE.NFO,07/01/2020,09:16:18,870,882.3,100,918.85,420,0,31100
BANKNIFTY09JAN2032600PE.NFO,07/01/2020,09:16:22,870,882.3,100,918.8,20,0,31100
BANKNIFTY09JAN2032600PE.NFO,07/01/2020,09:16:24,870,882.25,420,916.25,420,0,31100
BANKNIFTY09JAN2032600PE.NFO,07/01/2020,09:16:26,870,882.25,420,916.2,100,0,31100
BANKNIFTY09JAN2032600PE.NFO,07/01/2020,09:16:26,870,882.3,20,916.2,100,0,31100
BANKNIFTY09JAN2032600PE.NFO,07/01/2020,09:16:28,870,882.4,100,916.2,100,0,31100
BANKNIFTY09JAN2032600PE.NFO,07/01/2020,09:16:28,870,882.4,100,916.2,20,0,31100
BANKNIFTY09JAN2032600PE.NFO,07/01/2020,09:16:29,870,882.55,20,916.25,420,0,31100
BANKNIFTY09JAN2032600PE.NFO,07/01/2020,09:16:30,870,882.55,100,916.15,20,0,31100
BANKNIFTY09JAN2032600PE.NFO,07/01/2020,09:16:31,870,882.55,100,916.1,20,0,31100
BANKNIFTY09JAN2032600PE.NFO,07/01/2020,09:16:32,870,882.55,100,915.65,20,0,31100
BANKNIFTY09JAN2032600PE.NFO,07/01/2020,09:16:35,870,882.55,100,915.5,20,0,31100
BANKNIFTY09JAN2032600PE.NFO,07/01/2020,09:16:36,870,882.6,20,914.6,20,0,31100
BANKNIFTY09JAN2032600PE.NFO,07/01/2020,09:16:37,870,882.6,20,914.7,20,0,31100
BANKNIFTY09JAN2032600PE.NFO,07/01/2020,09:16:39,870,882.6,20,914.6,20,0,31100
BANKNIFTY09JAN2032600PE.NFO,07/01/2020,09:16:40,870,882.55,120,914.4,20,0,31100
BANKNIFTY09JAN2032600PE.NFO,07/01/2020,09:16:40,870,882.55,120,912.75,20,0,31100
BANKNIFTY09JAN2032600PE.NFO,07/01/2020,09:16:41,870,882.55,120,912.65,20,0,31100
BANKNIFTY09JAN2032600PE.NFO,07/01/2020,09:16:43,870,882.55,120,912.5,20,0,31100
BANKNIFTY09JAN2032600PE.NFO,07/01/2020,09:16:44,870,882.55,20,912.35,20,0,31100
BANKNIFTY09JAN2032600PE.NFO,07/01/2020,09:16:46,870,882.55,20,912.25,20,0,31100
BANKNIFTY09JAN2032600PE.NFO,07/01/2020,09:16:47,870,882.65,20,912.25,20,0,31100
BANKNIFTY09JAN2032600PE.NFO,07/01/2020,09:16:48,870,882.65,20,911.65,20,0,31100
BANKNIFTY09JAN2032600PE.NFO,07/01/2020,09:16:49,870,882.55,20,911.15,20,0,31100
BANKNIFTY09JAN2032600PE.NFO,07/01/2020,09:16:50,870,882.65,20,910.65,40,0,31100
BANKNIFTY09JAN2032600PE.NFO,07/01/2020,09:16:53,870,882.65,20,910.25,20,0,31100
BANKNIFTY09JAN2032600PE.NFO,07/01/2020,09:16:58,870,882.65,20,910.25,40,0,31100
BANKNIFTY09JAN2032600PE.NFO,07/01/2020,09:17:00,870,882.65,20,910,420,0,31100
BANKNIFTY09JAN2032600PE.NFO,07/01/2020,09:17:00,870,882.65,20,909.95,20,0,31100
BANKNIFTY09JAN2032600PE.NFO,07/01/2020,09:17:01,870,882.65,20,909.85,20,0,31100
BANKNIFTY09JAN2032600PE.NFO,07/01/2020,09:17:08,870,882.65,20,909.65,20,0,31100
BANKNIFTY09JAN2032600PE.NFO,07/01/2020,09:17:11,870,882.65,20,909.45,20,0,31100
BANKNIFTY09JAN2032600PE.NFO,07/01/2020,09:17:12,870,882.65,20,909.65,20,0,31100
BANKNIFTY09JAN2032600PE.NFO,07/01/2020,09:17:18,870,882.55,20,909.4,40,0,31100
BANKNIFTY09JAN2032600PE.NFO,07/01/2020,09:17:22,870,882.65,20,909.3,20,0,31100
BANKNIFTY09JAN2032600PE.NFO,07/01/2020,09:17:25,870,882.65,20,909.35,40,0,31100
BANKNIFTY09JAN2032600PE.NFO,07/01/2020,09:17:27,870,882.65,20,909.2,420,0,31100
BANKNIFTY09JAN2032600PE.NFO,07/01/2020,09:17:29,870,882.65,20,909.15,100,0,31100
BANKNIFTY09JAN2032600PE.NFO,07/01/2020,09:17:30,870,882.65,20,909.3,20,0,31100
BANKNIFTY09JAN2032600PE.NFO,07/01/2020,09:17:31,870,882.85,20,914.75,100,0,31100
BANKNIFTY09JAN2032600PE.NFO,07/01/2020,09:17:32,870,882.95,20,914.8,20,0,31100
BANKNIFTY09JAN2032600PE.NFO,07/01/2020,09:17:33,870,885.75,60,914.95,20,0,31100
BANKNIFTY09JAN2032600PE.NFO,07/01/2020,09:17:34,915,886.7,20,920.2,20,100,31100
BANKNIFTY09JAN2032600PE.NFO,07/01/2020,09:17:36,915,886.8,20,920.05,20,0,29460
BANKNIFTY09JAN2032600PE.NFO,07/01/2020,09:17:37,915,886.7,20,919.85,20,0,29460
BANKNIFTY09JAN2032600PE.NFO,07/01/2020,09:17:38,915,888.75,420,919.7,20,0,29460
BANKNIFTY09JAN2032600PE.NFO,07/01/2020,09:17:38,915,888.8,100,919.75,380,0,29460
BANKNIFTY09JAN2032600PE.NFO,07/01/2020,09:17:40,915,888.9,40,919.6,20,0,29460
BANKNIFTY09JAN2032600PE.NFO,07/01/2020,09:17:41,915,888.85,40,919.6,20,0,29460
BANKNIFTY09JAN2032600PE.NFO,07/01/2020,09:17:41,915,888.85,40,919.45,280,0,29460
BANKNIFTY09JAN2032600PE.NFO,07/01/2020,09:17:42,915,888.85,40,919.4,300,0,29460
BANKNIFTY09JAN2032600PE.NFO,07/01/2020,09:17:43,915,890.95,40,919.95,20,0,29460
BANKNIFTY09JAN2032600PE.NFO,07/01/2020,09:17:45,915,891.5,20,919.95,20,0,29460
BANKNIFTY09JAN2032600PE.NFO,07/01/2020,09:17:46,915,891.95,40,919.75,20,0,29460
BANKNIFTY09JAN2032600PE.NFO,07/01/2020,09:17:47,915,892.15,60,920.15,20,0,29460
BANKNIFTY09JAN2032600PE.NFO,07/01/2020,09:17:47,915,892.15,60,920.05,20,0,29460
BANKNIFTY09JAN2032600PE.NFO,07/01/2020,09:17:48,915,894.05,20,919.95,20,0,29460
BANKNIFTY09JAN2032600PE.NFO,07/01/2020,09:17:49,915,895,40,919.85,20,0,29460
BANKNIFTY09JAN2032600PE.NFO,07/01/2020,09:17:50,915,895.2,80,928.9,20,0,29460
BANKNIFTY09JAN2032600PE.NFO,07/01/2020,09:17:51,915,895.35,40,928.9,20,0,29460
BANKNIFTY09JAN2032600PE.NFO,07/01/2020,09:17:52,915,895.65,40,928.8,20,0,29460
BANKNIFTY09JAN2032600PE.NFO,07/01/2020,09:17:53,915,896.1,20,928.8,20,0,29460
BANKNIFTY09JAN2032600PE.NFO,07/01/2020,09:17:54,915,896.55,40,928.8,20,0,29460
BANKNIFTY09JAN2032600PE.NFO,07/01/2020,09:17:56,915,896.55,40,928.75,120,0,29460
BANKNIFTY09JAN2032600PE.NFO,07/01/2020,09:17:57,915,896.6,20,928.65,20,0,29460
BANKNIFTY09JAN2032600PE.NFO,07/01/2020,09:18:00,915,896.6,20,928.55,20,0,29460
BANKNIFTY09JAN2032600PE.NFO,07/01/2020,09:18:03,915,896.55,40,928.45,20,0,29460
BANKNIFTY09JAN2032600PE.NFO,07/01/2020,09:18:04,915,896.55,20,928.25,20,0,29460
BANKNIFTY09JAN2032600PE.NFO,07/01/2020,09:18:07,915,896.55,20,926,20,0,29460
BANKNIFTY09JAN2032600PE.NFO,07/01/2020,09:18:08,915,896.55,20,924.6,20,0,29460
BANKNIFTY09JAN2032600PE.NFO,07/01/2020,09:18:09,915,896.55,20,924.35,40,0,29460
BANKNIFTY09JAN2032600PE.NFO,07/01/2020,09:18:09,915,896.6,20,923.95,20,0,29460
BANKNIFTY09JAN2032600PE.NFO,07/01/2020,09:18:10,915,896.55,20,923.15,20,0,29460
BANKNIFTY09JAN2032600PE.NFO,07/01/2020,09:18:11,915,896.6,20,921.85,20,0,29460
BANKNIFTY09JAN2032600PE.NFO,07/01/2020,09:18:13,915,896.55,20,920.95,20,0,29460
BANKNIFTY09JAN2032600PE.NFO,07/01/2020,09:18:14,915,896.55,20,920.15,40,0,29460
BANKNIFTY09JAN2032600PE.NFO,07/01/2020,09:18:16,915,895.45,20,920.15,20,0,29460
BANKNIFTY09JAN2032600PE.NFO,07/01/2020,09:18:16,915,895.35,20,920.1,120,0,29460
BANKNIFTY09JAN2032600PE.NFO,07/01/2020,09:18:17,915,884.15,20,920.1,120,0,29460
BANKNIFTY09JAN2032600PE.NFO,07/01/2020,09:18:19,915,884.55,20,920.1,120,0,29460
BANKNIFTY09JAN2032600PE.NFO,07/01/2020,09:18:20,915,884.6,100,920.1,120,0,29460
BANKNIFTY09JAN2032600PE.NFO,07/01/2020,09:18:22,915,884.55,40,920.1,120,0,29460
BANKNIFTY09JAN2032600PE.NFO,07/01/2020,09:18:23,915,884.65,40,917,20,0,29460
BANKNIFTY09JAN2032600PE.NFO,07/01/2020,09:18:23,915,884.65,40,916.8,20,0,29460
BANKNIFTY09JAN2032600PE.NFO,07/01/2020,09:18:24,915,884.65,40,916.2,20,0,29460
BANKNIFTY09JAN2032600PE.NFO,07/01/2020,09:18:26,915,884.65,40,915.35,20,0,29460
BANKNIFTY09JAN2032600PE.NFO,07/01/2020,09:18:27,915,884.65,40,914.85,20,0,29460
BANKNIFTY09JAN2032600PE.NFO,07/01/2020,09:18:28,915,885.05,40,914.8,100,0,29460
BANKNIFTY09JAN2032600PE.NFO,07/01/2020,09:18:29,915,885.15,40,914.8,100,0,29460
BANKNIFTY09JAN2032600PE.NFO,07/01/2020,09:18:35,915,885.15,40,914.8,20,0,29460
BANKNIFTY09JAN2032600PE.NFO,07/01/2020,09:18:36,915,885.15,40,914.7,20,0,29460
BANKNIFTY09JAN2032600PE.NFO,07/01/2020,09:18:37,915,885.15,40,914.8,20,0,29460
BANKNIFTY09JAN2032600PE.NFO,07/01/2020,09:18:40,915,885.75,40,914.8,20,0,29460
BANKNIFTY09JAN2032600PE.NFO,07/01/2020,09:18:41,915,886.05,40,914.9,100,0,29460
BANKNIFTY09JAN2032600PE.NFO,07/01/2020,09:18:42,915,887.35,40,920.1,480,0,29460
BANKNIFTY09JAN2032600PE.NFO,07/01/2020,09:18:42,915,888.2,40,920,60,0,29460
BANKNIFTY09JAN2032600PE.NFO,07/01/2020,09:18:44,915,890.95,40,920,60,0,29460
BANKNIFTY09JAN2032600PE.NFO,07/01/2020,09:18:45,915,891.15,40,920,60,0,29460
BANKNIFTY09JAN2032600PE.NFO,07/01/2020,09:18:46,915,891.35,40,920,60,0,29460
BANKNIFTY09JAN2032600PE.NFO,07/01/2020,09:18:47,915,891.95,40,919.8,20,0,29460
BANKNIFTY09JAN2032600PE.NFO,07/01/2020,09:18:48,915,892.55,40,919.8,20,0,29460
BANKNIFTY09JAN2032600PE.NFO,07/01/2020,09:18:49,915,893.15,40,919.85,480,0,29460
BANKNIFTY09JAN2032600PE.NFO,07/01/2020,09:18:49,915,893.35,40,919.85,480,0,29460
BANKNIFTY09JAN2032600PE.NFO,07/01/2020,09:18:51,915,893.55,40,919.7,20,0,29460
BANKNIFTY09JAN2032600PE.NFO,07/01/2020,09:18:52,915,893.95,40,919.75,100,0,29460
BANKNIFTY09JAN2032600PE.NFO,07/01/2020,09:18:53,915,893.95,40,919.8,20,0,29460
BANKNIFTY09JAN2032600PE.NFO,07/01/2020,09:18:53,915,894.15,40,919.7,20,0,29460
BANKNIFTY09JAN2032600PE.NFO,07/01/2020,09:18:54,915,894.45,40,919.8,20,0,29460
BANKNIFTY09JAN2032600PE.NFO,07/01/2020,09:18:56,915,895.25,40,919.85,480,0,29460
BANKNIFTY09JAN2032600PE.NFO,07/01/2020,09:18:57,915,895.7,60,919.8,20,0,29460
BANKNIFTY09JAN2032600PE.NFO,07/01/2020,09:18:58,915,896.15,60,919.75,100,0,29460
BANKNIFTY09JAN2032600PE.NFO,07/01/2020,09:18:59,915,896.3,480,919.75,100,0,29460
BANKNIFTY09JAN2032600PE.NFO,07/01/2020,09:19:00,915,896.75,40,919.75,100,0,29460
BANKNIFTY09JAN2032600PE.NFO,07/01/2020,09:19:01,915,896.95,60,919.75,100,0,29460
BANKNIFTY09JAN2032600PE.NFO,07/01/2020,09:19:02,915,897.15,60,919.75,100,0,29460
BANKNIFTY09JAN2032600PE.NFO,07/01/2020,09:19:02,915,897.35,40,919.75,100,0,29460
BANKNIFTY09JAN2032600PE.NFO,07/01/2020,09:19:03,915,897.55,40,919.75,100,0,29460
BANKNIFTY09JAN2032600PE.NFO,07/01/2020,09:19:05,915,897.85,60,919.75,100,0,29460
BANKNIFTY09JAN2032600PE.NFO,07/01/2020,09:19:06,915,898.55,40,919.85,480,0,29460
BANKNIFTY09JAN2032600PE.NFO,07/01/2020,09:19:07,915,899.4,40,919.85,480,0,29460
BANKNIFTY09JAN2032600PE.NFO,07/01/2020,09:19:08,915,900.05,20,919.8,100,0,29460
BANKNIFTY09JAN2032600PE.NFO,07/01/2020,09:19:08,915,900.15,40,919.8,100,0,29460
BANKNIFTY09JAN2032600PE.NFO,07/01/2020,09:19:09,915,900.45,40,919.8,100,0,29460
BANKNIFTY09JAN2032600PE.NFO,07/01/2020,09:19:10,915,900.85,40,919.8,100,0,29460
BANKNIFTY09JAN2032600PE.NFO,07/01/2020,09:19:11,915,901.05,40,919.85,480,0,29460
BANKNIFTY09JAN2032600PE.NFO,07/01/2020,09:19:12,915,901.25,20,919.75,20,0,29460
BANKNIFTY09JAN2032600PE.NFO,07/01/2020,09:19:14,915,901.65,20,919.75,20,0,29460
BANKNIFTY09JAN2032600PE.NFO,07/01/2020,09:19:15,915,901.65,40,919.75,20,0,29460
BANKNIFTY09JAN2032600PE.NFO,07/01/2020,09:19:16,915,902.05,40,919.8,100,0,29460
BANKNIFTY09JAN2032600PE.NFO,07/01/2020,09:19:17,915,900.15,20,919.75,20,0,29460
BANKNIFTY09JAN2032600PE.NFO,07/01/2020,09:19:18,915,900.05,20,919.75,80,0,29460
BANKNIFTY09JAN2032600PE.NFO,07/01/2020,09:19:21,900,890.7,600,919.45,20,40,29460
BANKNIFTY09JAN2032600PE.NFO,07/01/2020,09:19:22,900,891,60,919.45,20,0,29460
BANKNIFTY09JAN2032600PE.NFO,07/01/2020,09:19:23,900,891.2,40,919.35,20,0,29460
BANKNIFTY09JAN2032600PE.NFO,07/01/2020,09:19:24,900,891.6,60,918.85,40,0,29460
BANKNIFTY09JAN2032600PE.NFO,07/01/2020,09:19:25,900,891.75,20,918.75,40,0,29460
BANKNIFTY09JAN2032600PE.NFO,07/01/2020,09:19:26,900,892.7,20,918.15,20,0,29460
BANKNIFTY09JAN2032600PE.NFO,07/01/2020,09:19:28,900,890.7,120,917.55,20,0,29460
BANKNIFTY09JAN2032600PE.NFO,07/01/2020,09:19:29,900,891.1,40,917,20,0,29460
BANKNIFTY09JAN2032600PE.NFO,07/01/2020,09:19:30,900,891.4,100,914.65,40,0,29460
BANKNIFTY09JAN2032600PE.NFO,07/01/2020,09:19:31,900,891.25,20,914.35,20,0,29460
BANKNIFTY09JAN2032600PE.NFO,07/01/2020,09:19:32,900,890.95,20,914.2,20,0,29460
BANKNIFTY09JAN2032600PE.NFO,07/01/2020,09:19:33,900,891.55,40,914.2,20,0,29460
BANKNIFTY09JAN2032600PE.NFO,07/01/2020,09:19:34,900,891.95,20,914.2,20,0,29460
BANKNIFTY09JAN2032600PE.NFO,07/01/2020,09:19:34,900,892.15,20,914.2,20,0,29460
BANKNIFTY09JAN2032600PE.NFO,07/01/2020,09:19:35,900,892.35,40,914.2,20,0,29460
BANKNIFTY09JAN2032600PE.NFO,07/01/2020,09:19:36,900,892.55,20,914.2,20,0,29460
BANKNIFTY09JAN2032600PE.NFO,07/01/2020,09:19:37,900,893.2,480,914.15,100,0,29460
BANKNIFTY09JAN2032600PE.NFO,07/01/2020,09:19:38,900,893.55,20,914.15,20,0,29460
BANKNIFTY09JAN2032600PE.NFO,07/01/2020,09:19:39,900,893.65,40,914.15,20,0,29460
BANKNIFTY09JAN2032600PE.NFO,07/01/2020,09:19:40,900,893.75,20,914.15,20,0,29460
BANKNIFTY09JAN2032600PE.NFO,07/01/2020,09:19:42,900,890.45,20,913.1,20,0,29460
BANKNIFTY09JAN2032600PE.NFO,07/01/2020,09:19:43,900,890.45,20,912.25,20,0,29460
BANKNIFTY09JAN2032600PE.NFO,07/01/2020,09:19:44,900,885.1,20,911.85,20,0,29460
BANKNIFTY09JAN2032600PE.NFO,07/01/2020,09:19:45,900,885.4,20,911.6,40,0,29460
BANKNIFTY09JAN2032600PE.NFO,07/01/2020,09:19:46,900,885.8,40,911.6,40,0,29460
BANKNIFTY09JAN2032600PE.NFO,07/01/2020,09:19:47,900,885.6,40,911.2,40,0,29460
BANKNIFTY09JAN2032600PE.NFO,07/01/2020,09:19:48,900,873.1,20,910.15,40,0,29460
BANKNIFTY09JAN2032600PE.NFO,07/01/2020,09:19:49,900,874.55,20,908.85,20,0,29460
BANKNIFTY09JAN2032600PE.NFO,07/01/2020,09:19:50,900,875.4,40,908.5,40,0,29460
BANKNIFTY09JAN2032600PE.NFO,07/01/2020,09:19:52,900,875.95,60,908.4,40,0,29460
BANKNIFTY09JAN2032600PE.NFO,07/01/2020,09:19:54,900,876.35,20,907.8,40,0,29460
BANKNIFTY09JAN2032600PE.NFO,07/01/2020,09:19:55,900,877.1,20,906.7,40,0,29460
BANKNIFTY09JAN2032600PE.NFO,07/01/2020,09:19:56,900,877.8,20,906.5,40,0,29460
BANKNIFTY09JAN2032600PE.NFO,07/01/2020,09:19:57,900,878.2,60,906.4,40,0,29460
BANKNIFTY09JAN2032600PE.NFO,07/01/2020,09:19:58,900,878.6,60,906.1,40,0,29460
BANKNIFTY09JAN2032600PE.NFO,07/01/2020,09:19:59,900,875.2,200,906,20,0,29460
BANKNIFTY09JAN2032600PE.NFO,07/01/2020,09:20:00,900,875.25,20,900.3,20,0,29460
BANKNIFTY09JAN2032600PE.NFO,07/01/2020,09:20:01,900,865.05,100,899.15,20,0,29460
BANKNIFTY09JAN2032600PE.NFO,07/01/2020,09:20:02,900,865.05,100,897.6,20,0,29460
BANKNIFTY09JAN2032600PE.NFO,07/01/2020,09:20:03,900,865.05,100,896.05,40,0,29460
BANKNIFTY09JAN2032600PE.NFO,07/01/2020,09:20:04,900,865.65,20,892.55,20,0,29460
BANKNIFTY09JAN2032600PE.NFO,07/01/2020,09:20:05,900,866.1,20,892.2,20,0,29460
BANKNIFTY09JAN2032600PE.NFO,07/01/2020,09:20:06,900,865.05,100,891.95,20,0,29460
BANKNIFTY09JAN2032600PE.NFO,07/01/2020,09:20:07,900,859.95,20,891.45,100,0,29460
BANKNIFTY09JAN2032600PE.NFO,07/01/2020,09:20:08,900,860.05,20,891.4,480,0,29460
BANKNIFTY09JAN2032600PE.NFO,07/01/2020,09:20:09,900,860.25,20,891.4,480,0,29460
BANKNIFTY09JAN2032600PE.NFO,07/01/2020,09:20:09,900,860.45,20,891.4,480,0,29460
BANKNIFTY09JAN2032600PE.NFO,07/01/2020,09:20:11,900,860.9,20,891.35,100,0,29460
BANKNIFTY09JAN2032600PE.NFO,07/01/2020,09:20:11,900,861,20,891.3,20,0,29460
BANKNIFTY09JAN2032600PE.NFO,07/01/2020,09:20:13,900,861.15,480,891.1,20,0,29460
BANKNIFTY09JAN2032600PE.NFO,07/01/2020,09:20:14,900,861.25,20,891.05,480,0,29460
BANKNIFTY09JAN2032600PE.NFO,07/01/2020,09:20:15,900,861.5,20,891.05,480,0,29460
BANKNIFTY09JAN2032600PE.NFO,07/01/2020,09:20:16,900,862,20,891,20,0,29460
BANKNIFTY09JAN2032600PE.NFO,07/01/2020,09:20:17,900,862.6,20,891,20,0,29460
BANKNIFTY09JAN2032600PE.NFO,07/01/2020,09:20:18,900,863.35,20,891,20,0,29460
BANKNIFTY09JAN2032600PE.NFO,07/01/2020,09:20:19,900,863.5,20,890.5,20,0,29460
BANKNIFTY09JAN2032600PE.NFO,07/01/2020,09:20:20,900,863.6,20,890.2,20,0,29460
BANKNIFTY09JAN2032600PE.NFO,07/01/2020,09:20:21,900,864.3,20,889.55,480,0,29460
BANKNIFTY09JAN2032600PE.NFO,07/01/2020,09:20:22,900,864.6,20,889.5,20,0,29460
BANKNIFTY09JAN2032600PE.NFO,07/01/2020,09:20:23,900,865.2,20,889.5,20,0,29460
BANKNIFTY09JAN2032600PE.NFO,07/01/2020,09:20:24,900,865.3,20,889.5,20,0,29460
BANKNIFTY09JAN2032600PE.NFO,07/01/2020,09:20:26,900,853.3,20,888.8,20,0,29460
BANKNIFTY09JAN2032600PE.NFO,07/01/2020,09:20:27,900,853.3,20,888.2,20,0,29460
BANKNIFTY09JAN2032600PE.NFO,07/01/2020,09:20:28,900,854,20,887.65,20,0,29460
BANKNIFTY09JAN2032600PE.NFO,07/01/2020,09:20:29,865,854.2,60,887.4,20,320,29420
BANKNIFTY09JAN2032600PE.NFO,07/01/2020,09:20:29,864.95,854.2,60,887.4,20,0,29420
BANKNIFTY09JAN2032600PE.NFO,07/01/2020,09:20:30,865,854.4,20,887.05,40,0,29420
BANKNIFTY09JAN2032600PE.NFO,07/01/2020,09:20:31,865,854.6,20,886.75,20,0,29420
BANKNIFTY09JAN2032600PE.NFO,07/01/2020,09:20:32,865,855.4,20,884.6,20,0,29420
BANKNIFTY09JAN2032600PE.NFO,07/01/2020,09:20:33,865,855.8,20,882.3,480,0,29420
BANKNIFTY09JAN2032600PE.NFO,07/01/2020,09:20:34,865,856.35,400,881.95,40,0,29420
BANKNIFTY09JAN2032600PE.NFO,07/01/2020,09:20:35,865,856.6,20,881.95,40,0,29420
BANKNIFTY09JAN2032600PE.NFO,07/01/2020,09:20:36,865,856.9,20,881.9,20,0,29420
BANKNIFTY09JAN2032600PE.NFO,07/01/2020,09:20:37,865,857.05,300,881.75,480,0,29420
BANKNIFTY09JAN2032600PE.NFO,07/01/2020,09:20:38,865,857.3,100,881.7,20,0,29420
BANKNIFTY09JAN2032600PE.NFO,07/01/2020,09:20:39,865,854.3,20,881.45,20,0,29420
BANKNIFTY09JAN2032600PE.NFO,07/01/2020,09:20:40,865,854.65,20,880.75,20,0,29420
BANKNIFTY09JAN2032600PE.NFO,07/01/2020,09:20:41,865,855.1,20,880.65,20,0,29420
BANKNIFTY09JAN2032600PE.NFO,07/01/2020,09:20:42,865,855.55,420,880.7,40,0,29420
BANKNIFTY09JAN2032600PE.NFO,07/01/2020,09:20:43,865,856.45,20,880.7,40,0,29420
BANKNIFTY09JAN2032600PE.NFO,07/01/2020,09:20:43,865,856.75,20,880.7,40,0,29420
BANKNIFTY09JAN2032600PE.NFO,07/01/2020,09:20:45,865,841.5,20,880.6,20,0,29420
BANKNIFTY09JAN2032600PE.NFO,07/01/2020,09:20:46,865,842.25,20,879.5,20,0,29420
BANKNIFTY09JAN2032600PE.NFO,07/01/2020,09:20:47,865,842.75,20,878.5,20,0,29420
BANKNIFTY09JAN2032600PE.NFO,07/01/2020,09:20:48,865,843.2,20,878.5,20,0,29420
BANKNIFTY09JAN2032600PE.NFO,07/01/2020,09:20:49,865,843.7,20,876.85,20,0,29420
BANKNIFTY09JAN2032600PE.NFO,07/01/2020,09:20:50,865,844.9,480,876.4,20,0,29420
BANKNIFTY09JAN2032600PE.NFO,07/01/2020,09:20:51,865,845.35,100,875.45,20,0,29420
BANKNIFTY09JAN2032600PE.NFO,07/01/2020,09:20:52,865,845.85,120,874.75,20,0,29420
BANKNIFTY09JAN2032600PE.NFO,07/01/2020,09:20:53,865,844.75,20,872.8,40,0,29420
BANKNIFTY09JAN2032600PE.NFO,07/01/2020,09:20:54,865,844.75,20,871.75,20,0,29420
BANKNIFTY09JAN2032600PE.NFO,07/01/2020,09:20:55,865,844.75,20,871,20,0,29420
BANKNIFTY09JAN2032600PE.NFO,07/01/2020,09:20:56,865,844.8,100,871,20,0,29420
BANKNIFTY09JAN2032600PE.NFO,07/01/2020,09:20:57,865,844.75,20,871,20,0,29420
BANKNIFTY09JAN2032600PE.NFO,07/01/2020,09:20:58,865,844.8,100,871,20,0,29420
BANKNIFTY09JAN2032600PE.NFO,07/01/2020,09:21:00,865,844.85,20,870.4,20,0,29420
BANKNIFTY09JAN2032600PE.NFO,07/01/2020,09:21:01,865,844.85,280,870.25,480,0,29420
BANKNIFTY09JAN2032600PE.NFO,07/01/2020,09:21:02,865,844.95,40,870.25,480,0,29420
BANKNIFTY09JAN2032600PE.NFO,07/01/2020,09:21:03,865,845.6,40,870.25,480,0,29420
BANKNIFTY09JAN2032600PE.NFO,07/01/2020,09:21:04,865,845.75,20,870.25,480,0,29420
BANKNIFTY09JAN2032600PE.NFO,07/01/2020,09:21:05,865,846.4,20,870.25,480,0,29420
BANKNIFTY09JAN2032600PE.NFO,07/01/2020,09:21:06,865,847.05,20,870.25,480,0,29420
BANKNIFTY09JAN2032600PE.NFO,07/01/2020,09:21:07,865,847.45,20,870.25,480,0,29420
BANKNIFTY09JAN2032600PE.NFO,07/01/2020,09:21:08,865,847.55,40,870.25,480,0,29420
BANKNIFTY09JAN2032600PE.NFO,07/01/2020,09:21:09,865,844.8,100,870.25,480,0,29420
BANKNIFTY09JAN2032600PE.NFO,07/01/2020,09:21:10,865,844.75,20,870.2,20,0,29420
BANKNIFTY09JAN2032600PE.NFO,07/01/2020,09:21:11,865,844.75,20,869.9,20,0,29420
BANKNIFTY09JAN2032600PE.NFO,07/01/2020,09:21:12,865,844.75,20,868.55,20,0,29420
BANKNIFTY09JAN2032600PE.NFO,07/01/2020,09:21:13,844.75,840.75,20,867.75,20,20,29420
BANKNIFTY09JAN2032600PE.NFO,07/01/2020,09:21:13,844.75,840.75,20,867.75,20,0,29420
BANKNIFTY09JAN2032600PE.NFO,07/01/2020,09:21:14,844.75,840.75,20,866.25,20,0,29420
BANKNIFTY09JAN2032600PE.NFO,07/01/2020,09:21:15,844.75,840.75,20,861.5,40,0,29420
BANKNIFTY09JAN2032600PE.NFO,07/01/2020,09:21:16,844.75,840.75,20,861.45,100,0,29420
BANKNIFTY09JAN2032600PE.NFO,07/01/2020,09:21:17,840.75,832,380,861.25,20,20,29420
BANKNIFTY09JAN2032600PE.NFO,07/01/2020,09:21:17,840.75,832,380,861.25,20,0,29420
BANKNIFTY09JAN2032600PE.NFO,07/01/2020,09:21:18,840.75,832.05,280,861.25,20,0,29420
BANKNIFTY09JAN2032600PE.NFO,07/01/2020,09:21:19,840.75,831.95,40,860.25,40,0,29420
BANKNIFTY09JAN2032600PE.NFO,07/01/2020,09:21:20,840.75,815.55,20,860.05,20,0,29420
BANKNIFTY09JAN2032600PE.NFO,07/01/2020,09:21:21,840.75,816.25,20,857.4,20,0,29420
BANKNIFTY09JAN2032600PE.NFO,07/01/2020,09:21:22,840.75,818.55,20,857.15,60,0,29420
BANKNIFTY09JAN2032600PE.NFO,07/01/2020,09:21:23,840.75,818.9,20,857.05,20,0,29420
BANKNIFTY09JAN2032600PE.NFO,07/01/2020,09:21:24,840.75,820.45,20,857.05,20,0,29420
BANKNIFTY09JAN2032600PE.NFO,07/01/2020,09:21:25,840.75,820.55,140,857.05,20,0,29420
BANKNIFTY09JAN2032600PE.NFO,07/01/2020,09:21:26,840.75,820.55,160,857.05,20,0,29420
BANKNIFTY09JAN2032600PE.NFO,07/01/2020,09:21:27,840.75,820.8,480,857.05,20,0,29420
BANKNIFTY09JAN2032600PE.NFO,07/01/2020,09:21:28,840.75,821.35,40,857.1,480,0,29420
BANKNIFTY09JAN2032600PE.NFO,07/01/2020,09:21:29,840.75,822.05,480,857.1,480,0,29420
BANKNIFTY09JAN2032600PE.NFO,07/01/2020,09:21:30,840.75,822.4,20,857.1,480,0,29420
BANKNIFTY09JAN2032600PE.NFO,07/01/2020,09:21:31,840.75,823.05,60,857.1,480,0,29420
BANKNIFTY09JAN2032600PE.NFO,07/01/2020,09:21:32,840.75,824.95,40,857.1,480,0,29420
BANKNIFTY09JAN2032600PE.NFO,07/01/2020,09:21:33,840.75,825.45,40,857.1,480,0,29420
BANKNIFTY09JAN2032600PE.NFO,07/01/2020,09:21:34,840.75,825.95,40,857.1,480,0,29420
BANKNIFTY09JAN2032600PE.NFO,07/01/2020,09:21:35,840.75,826.65,40,857.1,480,0,29420
BANKNIFTY09JAN2032600PE.NFO,07/01/2020,09:21:36,840.75,827.2,40,857.1,480,0,29420
BANKNIFTY09JAN2032600PE.NFO,07/01/2020,09:21:37,840.75,827.4,40,857.05,100,0,29420
BANKNIFTY09JAN2032600PE.NFO,07/01/2020,09:21:38,840.75,827.45,40,857.05,100,0,29420
BANKNIFTY09JAN2032600PE.NFO,07/01/2020,09:21:39,840.75,827.85,40,857.05,100,0,29420
BANKNIFTY09JAN2032600PE.NFO,07/01/2020,09:21:40,840.75,828.4,40,857.05,100,0,29420
BANKNIFTY09JAN2032600PE.NFO,07/01/2020,09:21:41,840.75,828.6,60,857.05,100,0,29420
BANKNIFTY09JAN2032600PE.NFO,07/01/2020,09:21:42,840.75,829.2,40,857.05,100,0,29420
BANKNIFTY09JAN2032600PE.NFO,07/01/2020,09:21:43,840.75,829.6,40,857.05,100,0,29420
BANKNIFTY09JAN2032600PE.NFO,07/01/2020,09:21:44,840.75,830.05,20,857,20,0,29420
BANKNIFTY09JAN2032600PE.NFO,07/01/2020,09:21:45,840.75,831.15,20,856.7,20,0,29420
BANKNIFTY09JAN2032600PE.NFO,07/01/2020,09:21:46,840.75,830.05,100,854.9,40,0,29420
BANKNIFTY09JAN2032600PE.NFO,07/01/2020,09:21:47,840.75,830.05,100,853.65,20,0,29420
BANKNIFTY09JAN2032600PE.NFO,07/01/2020,09:21:49,840.75,830.2,200,853.65,20,0,29420
BANKNIFTY09JAN2032600PE.NFO,07/01/2020,09:21:50,840.75,830.25,40,853.7,100,0,29420
BANKNIFTY09JAN2032600PE.NFO,07/01/2020,09:21:51,840.75,830.15,40,853.65,20,0,29420
BANKNIFTY09JAN2032600PE.NFO,07/01/2020,09:21:52,840.75,830.2,380,853.65,20,0,29420
BANKNIFTY09JAN2032600PE.NFO,07/01/2020,09:21:53,840.75,830.25,280,853.65,20,0,29420
BANKNIFTY09JAN2032600PE.NFO,07/01/2020,09:21:54,840.75,830.35,40,853.7,100,0,29420
BANKNIFTY09JAN2032600PE.NFO,07/01/2020,09:21:55,840.75,830.55,20,853.7,100,0,29420
BANKNIFTY09JAN2032600PE.NFO,07/01/2020,09:21:56,840.75,830.75,40,853.7,100,0,29420
BANKNIFTY09JAN2032600PE.NFO,07/01/2020,09:21:57,840.75,830.8,20,853.7,100,0,29420
BANKNIFTY09JAN2032600PE.NFO,07/01/2020,09:21:58,840.75,830.85,100,853.7,100,0,29420
BANKNIFTY09JAN2032600PE.NFO,07/01/2020,09:21:59,840.75,830,300,853.7,100,0,29420
BANKNIFTY09JAN2032600PE.NFO,07/01/2020,09:22:00,840.75,830,300,849.75,40,0,29420
BANKNIFTY09JAN2032600PE.NFO,07/01/2020,09:22:01,840.75,830,300,849.55,480,0,29420
BANKNIFTY09JAN2032600PE.NFO,07/01/2020,09:22:02,830,830,280,849.5,20,20,29420
BANKNIFTY09JAN2032600PE.NFO,07/01/2020,09:22:02,830,830,280,849.5,20,0,29420
BANKNIFTY09JAN2032600PE.NFO,07/01/2020,09:22:03,830,830,220,849.5,80,60,29420
BANKNIFTY09JAN2032600PE.NFO,07/01/2020,09:22:04,830,814.9,380,841.9,20,220,29420
BANKNIFTY09JAN2032600PE.NFO,07/01/2020,09:22:05,830,814.9,400,841.65,20,0,29420
BANKNIFTY09JAN2032600PE.NFO,07/01/2020,09:22:06,830,815.15,20,841.65,20,0,29420
BANKNIFTY09JAN2032600PE.NFO,07/01/2020,09:22:07,830,815.65,20,841.7,480,0,29420
BANKNIFTY09JAN2032600PE.NFO,07/01/2020,09:22:08,830,816.05,20,841.7,480,0,29420
BANKNIFTY09JAN2032600PE.NFO,07/01/2020,09:22:09,830,816.5,20,841.7,480,0,29420
BANKNIFTY09JAN2032600PE.NFO,07/01/2020,09:22:10,830,816.75,20,841.7,480,0,29420
BANKNIFTY09JAN2032600PE.NFO,07/01/2020,09:22:11,830,817.3,20,841.7,480,0,29420
BANKNIFTY09JAN2032600PE.NFO,07/01/2020,09:22:13,830,817.6,20,841.7,480,0,29420
BANKNIFTY09JAN2032600PE.NFO,07/01/2020,09:22:14,830,818.05,20,841.7,480,0,29420
BANKNIFTY09JAN2032600PE.NFO,07/01/2020,09:22:15,830,818.6,20,841.7,480,0,29420
BANKNIFTY09JAN2032600PE.NFO,07/01/2020,09:22:16,830,819.1,480,841.7,480,0,29420
BANKNIFTY09JAN2032600PE.NFO,07/01/2020,09:22:17,830,820.25,300,841.7,480,0,29420
BANKNIFTY09JAN2032600PE.NFO,07/01/2020,09:22:18,830,820.25,100,841.65,20,0,29420
BANKNIFTY09JAN2032600PE.NFO,07/01/2020,09:22:19,830,820.25,100,841.7,480,0,29420
BANKNIFTY09JAN2032600PE.NFO,07/01/2020,09:22:20,830,820.9,20,841.7,480,0,29420
BANKNIFTY09JAN2032600PE.NFO,07/01/2020,09:22:20,830,820.95,20,841.7,480,0,29420
BANKNIFTY09JAN2032600PE.NFO,07/01/2020,09:22:22,830,821,500,841.7,480,0,29420
BANKNIFTY09JAN2032600PE.NFO,07/01/2020,09:22:23,830,821.1,20,841.7,480,0,29420
BANKNIFTY09JAN2032600PE.NFO,07/01/2020,09:22:24,830,821.5,120,841.7,480,0,29420
BANKNIFTY09JAN2032600PE.NFO,07/01/2020,09:22:25,830,821.6,80,841.65,40,0,29420
BANKNIFTY09JAN2032600PE.NFO,07/01/2020,09:22:25,830,821.55,100,841.65,40,0,29420
BANKNIFTY09JAN2032600PE.NFO,07/01/2020,09:22:27,830,821.55,100,841.65,80,0,29420
BANKNIFTY09JAN2032600PE.NFO,07/01/2020,09:22:28,830,818.65,400,841.65,80,0,29420
BANKNIFTY09JAN2032600PE.NFO,07/01/2020,09:22:29,830,819.35,20,841.65,80,0,29420
BANKNIFTY09JAN2032600PE.NFO,07/01/2020,09:22:30,830,819.9,20,841.65,80,0,29420
BANKNIFTY09JAN2032600PE.NFO,07/01/2020,09:22:31,830,820.3,20,841.65,80,0,29420
BANKNIFTY09JAN2032600PE.NFO,07/01/2020,09:22:32,830,820.7,20,841.65,40,0,29420
BANKNIFTY09JAN2032600PE.NFO,07/01/2020,09:22:33,830,821.1,20,841.65,40,0,29420
BANKNIFTY09JAN2032600PE.NFO,07/01/2020,09:22:34,830,821.3,120,841.65,40,0,29420
BANKNIFTY09JAN2032600PE.NFO,07/01/2020,09:22:35,830,821.35,20,841.65,40,0,29420
BANKNIFTY09JAN2032600PE.NFO,07/01/2020,09:22:37,830,821.8,20,841.65,40,0,29420
BANKNIFTY09JAN2032600PE.NFO,07/01/2020,09:22:38,830,821.9,120,841.65,40,0,29420
BANKNIFTY09JAN2032600PE.NFO,07/01/2020,09:22:39,830,822.2,100,841.6,40,0,29420
BANKNIFTY09JAN2032600PE.NFO,07/01/2020,09:22:41,830,822.4,20,841.6,40,0,29420
BANKNIFTY09JAN2032600PE.NFO,07/01/2020,09:22:43,830,822.65,20,841.6,40,0,29420
BANKNIFTY09JAN2032600PE.NFO,07/01/2020,09:22:44,830,822.8,20,841.6,40,0,29420
BANKNIFTY09JAN2032600PE.NFO,07/01/2020,09:22:45,830,822.9,40,841.6,40,0,29420
BANKNIFTY09JAN2032600PE.NFO,07/01/2020,09:22:46,830,822.95,20,841.6,40,0,29420
BANKNIFTY09JAN2032600PE.NFO,07/01/2020,09:22:47,830,823.15,40,841.65,40,0,29420
BANKNIFTY09JAN2032600PE.NFO,07/01/2020,09:22:48,830,824.05,100,841.65,40,0,29420
BANKNIFTY09JAN2032600PE.NFO,07/01/2020,09:22:49,830,824.05,100,841.6,240,0,29420
BANKNIFTY09JAN2032600PE.NFO,07/01/2020,09:22:50,830,824.1,40,841.6,240,0,29420
BANKNIFTY09JAN2032600PE.NFO,07/01/2020,09:22:51,830,822.95,100,841.6,240,0,29420
BANKNIFTY09JAN2032600PE.NFO,07/01/2020,09:22:52,830,814.95,100,841.6,240,0,29420
BANKNIFTY09JAN2032600PE.NFO,07/01/2020,09:22:53,830,814.95,120,841.6,240,0,29420
BANKNIFTY09JAN2032600PE.NFO,07/01/2020,09:22:54,830,815.2,100,841.55,20,0,29420
BANKNIFTY09JAN2032600PE.NFO,07/01/2020,09:22:56,830,815.2,100,841.35,20,0,29420
BANKNIFTY09JAN2032600PE.NFO,07/01/2020,09:22:57,830,815.2,120,840.5,20,0,29420
BANKNIFTY09JAN2032600PE.NFO,07/01/2020,09:22:58,830,815.35,200,839.9,20,0,29420
BANKNIFTY09JAN2032600PE.NFO,07/01/2020,09:22:59,830,804.4,40,839.9,20,0,29420
BANKNIFTY09JAN2032600PE.NFO,07/01/2020,09:23:00,830,805,20,839.6,20,0,29420
BANKNIFTY09JAN2032600PE.NFO,07/01/2020,09:23:01,830,805.85,40,839.4,20,0,29420
BANKNIFTY09JAN2032600PE.NFO,07/01/2020,09:23:02,830,805.95,40,838.8,20,0,29420
BANKNIFTY09JAN2032600PE.NFO,07/01/2020,09:23:03,830,805.9,480,838.3,20,0,29420
BANKNIFTY09JAN2032600PE.NFO,07/01/2020,09:23:04,830,805.9,480,837.6,20,0,29420
BANKNIFTY09JAN2032600PE.NFO,07/01/2020,09:23:05,830,805.9,480,837.3,20,0,29420
BANKNIFTY09JAN2032600PE.NFO,07/01/2020,09:23:06,830,806.1,20,837,20,0,29420
BANKNIFTY09JAN2032600PE.NFO,07/01/2020,09:23:06,830,806.2,20,837,20,0,29420
BANKNIFTY09JAN2032600PE.NFO,07/01/2020,09:23:08,830,807.35,20,836.7,20,0,29420
BANKNIFTY09JAN2032600PE.NFO,07/01/2020,09:23:09,830,808.2,480,836.1,20,0,29420
BANKNIFTY09JAN2032600PE.NFO,07/01/2020,09:23:10,830,808.45,40,835.9,20,0,29420
BANKNIFTY09JAN2032600PE.NFO,07/01/2020,09:23:11,830,808.7,20,835.8,20,0,29420
BANKNIFTY09JAN2032600PE.NFO,07/01/2020,09:23:12,830,808.75,20,835.8,20,0,29420
BANKNIFTY09JAN2032600PE.NFO,07/01/2020,09:23:13,820.05,808.95,40,835.95,480,60,29460
BANKNIFTY09JAN2032600PE.NFO,07/01/2020,09:23:13,820,808.95,40,835.95,480,0,29460
BANKNIFTY09JAN2032600PE.NFO,07/01/2020,09:23:14,820.05,809.45,20,835.95,480,100,29460
BANKNIFTY09JAN2032600PE.NFO,07/01/2020,09:23:15,826.45,810.2,40,835.95,480,120,29460
BANKNIFTY09JAN2032600PE.NFO,07/01/2020,09:23:16,826.45,810.75,60,835.95,480,0,29460
BANKNIFTY09JAN2032600PE.NFO,07/01/2020,09:23:17,826.45,811.05,40,835.95,480,0,29460
BANKNIFTY09JAN2032600PE.NFO,07/01/2020,09:23:18,826.45,811.25,60,835.95,480,0,29460
BANKNIFTY09JAN2032600PE.NFO,07/01/2020,09:23:19,826.45,811.7,40,835.95,480,0,29460
BANKNIFTY09JAN2032600PE.NFO,07/01/2020,09:23:20,826.45,812.15,40,835.95,480,0,29460
BANKNIFTY09JAN2032600PE.NFO,07/01/2020,09:23:21,826.45,812.75,40,835.95,480,0,29460
BANKNIFTY09JAN2032600PE.NFO,07/01/2020,09:23:22,826.45,813.75,20,835.95,480,0,29460
BANKNIFTY09JAN2032600PE.NFO,07/01/2020,09:23:23,826.45,814.6,40,835.95,480,0,29460
BANKNIFTY09JAN2032600PE.NFO,07/01/2020,09:23:24,826.45,814.9,20,835.9,40,0,29460
BANKNIFTY09JAN2032600PE.NFO,07/01/2020,09:23:25,826.45,815.1,20,835.9,40,0,29460
BANKNIFTY09JAN2032600PE.NFO,07/01/2020,09:23:26,826.45,815.3,20,835.9,40,0,29460
BANKNIFTY09JAN2032600PE.NFO,07/01/2020,09:23:27,826.45,815.55,20,835.9,40,0,29460
BANKNIFTY09JAN2032600PE.NFO,07/01/2020,09:23:28,826.45,816,20,835.9,40,0,29460
BANKNIFTY09JAN2032600PE.NFO,07/01/2020,09:23:29,826.45,816.3,20,835.9,40,0,29460
BANKNIFTY09JAN2032600PE.NFO,07/01/2020,09:23:30,826.45,816.35,20,835.9,40,0,29460
BANKNIFTY09JAN2032600PE.NFO,07/01/2020,09:23:31,826.45,816.65,40,835.9,40,0,29460
BANKNIFTY09JAN2032600PE.NFO,07/01/2020,09:23:32,826.45,816.85,20,835.9,40,0,29460
BANKNIFTY09JAN2032600PE.NFO,07/01/2020,09:23:33,826.45,817.4,20,835.9,40,0,29460
BANKNIFTY09JAN2032600PE.NFO,07/01/2020,09:23:34,826.45,817.8,20,835.9,40,0,29460
BANKNIFTY09JAN2032600PE.NFO,07/01/2020,09:23:35,826.45,818.3,480,835.9,40,0,29460
BANKNIFTY09JAN2032600PE.NFO,07/01/2020,09:23:36,826.45,818.45,20,835.9,40,0,29460
BANKNIFTY09JAN2032600PE.NFO,07/01/2020,09:23:37,826.45,818.85,20,835.9,40,0,29460
BANKNIFTY09JAN2032600PE.NFO,07/01/2020,09:23:38,826.45,819.2,20,835.9,40,0,29460
BANKNIFTY09JAN2032600PE.NFO,07/01/2020,09:23:39,826.45,820.15,20,835.9,40,0,29460
BANKNIFTY09JAN2032600PE.NFO,07/01/2020,09:23:40,826.45,820.6,20,835.9,40,0,29460
BANKNIFTY09JAN2032600PE.NFO,07/01/2020,09:23:41,826.45,820.8,20,835.9,40,0,29460
BANKNIFTY09JAN2032600PE.NFO,07/01/2020,09:23:42,826.45,821.2,20,835.9,40,0,29460
BANKNIFTY09JAN2032600PE.NFO,07/01/2020,09:23:44,826.45,821.45,20,835.9,40,0,29460
BANKNIFTY09JAN2032600PE.NFO,07/01/2020,09:23:45,826.45,821.55,20,835.9,40,0,29460
BANKNIFTY09JAN2032600PE.NFO,07/01/2020,09:23:46,826.45,821.8,20,835.9,40,0,29460
BANKNIFTY09JAN2032600PE.NFO,07/01/2020,09:23:47,826.45,822,20,835.9,40,0,29460
BANKNIFTY09JAN2032600PE.NFO,07/01/2020,09:23:48,826.45,822.2,300,835.9,40,0,29460
BANKNIFTY09JAN2032600PE.NFO,07/01/2020,09:23:49,826.45,822.2,100,835.9,40,0,29460
BANKNIFTY09JAN2032600PE.NFO,07/01/2020,09:23:50,826.45,822.2,120,835.9,40,0,29460
BANKNIFTY09JAN2032600PE.NFO,07/01/2020,09:23:51,826.45,822.3,100,835.9,40,0,29460
BANKNIFTY09JAN2032600PE.NFO,07/01/2020,09:23:52,826.45,822.35,40,835.9,40,0,29460
BANKNIFTY09JAN2032600PE.NFO,07/01/2020,09:23:54,826.45,822.35,20,835.9,40,0,29460
BANKNIFTY09JAN2032600PE.NFO,07/01/2020,09:23:55,826.45,817.3,120,835.9,60,0,29460
BANKNIFTY09JAN2032600PE.NFO,07/01/2020,09:23:56,826.45,817.3,200,835.85,20,0,29460
BANKNIFTY09JAN2032600PE.NFO,07/01/2020,09:23:57,826.45,817.45,20,835.85,20,0,29460
BANKNIFTY09JAN2032600PE.NFO,07/01/2020,09:23:58,826.45,817.5,100,835.85,20,0,29460
BANKNIFTY09JAN2032600PE.NFO,07/01/2020,09:23:59,826.45,817.25,100,835.85,20,0,29460
BANKNIFTY09JAN2032600PE.NFO,07/01/2020,09:24:02,826.45,817.3,200,835.85,20,0,29460
BANKNIFTY09JAN2032600PE.NFO,07/01/2020,09:24:04,826.45,817.4,100,835.85,20,0,29460
BANKNIFTY09JAN2032600PE.NFO,07/01/2020,09:24:05,826.45,817.55,20,835.9,40,0,29460
BANKNIFTY09JAN2032600PE.NFO,07/01/2020,09:24:06,826.45,817.65,40,835.9,40,0,29460
BANKNIFTY09JAN2032600PE.NFO,07/01/2020,09:24:07,826.45,818.1,20,835.9,40,0,29460
BANKNIFTY09JAN2032600PE.NFO,07/01/2020,09:24:08,826.45,818.45,20,835.9,40,0,29460
BANKNIFTY09JAN2032600PE.NFO,07/01/2020,09:24:09,826.45,818.7,40,835.9,40,0,29460
BANKNIFTY09JAN2032600PE.NFO,07/01/2020,09:24:10,826.45,819.2,60,835.9,40,0,29460
BANKNIFTY09JAN2032600PE.NFO,07/01/2020,09:24:11,826.45,819.75,20,835.9,40,0,29460
BANKNIFTY09JAN2032600PE.NFO,07/01/2020,09:24:12,826.45,820.15,20,835.9,40,0,29460
BANKNIFTY09JAN2032600PE.NFO,07/01/2020,09:24:13,826.45,820.6,40,835.9,40,0,29460
BANKNIFTY09JAN2032600PE.NFO,07/01/2020,09:24:14,826.45,820.95,20,835.9,40,0,29460
BANKNIFTY09JAN2032600PE.NFO,07/01/2020,09:24:15,826.45,821,20,835.9,40,0,29460
BANKNIFTY09JAN2032600PE.NFO,07/01/2020,09:24:16,826.45,821.2,20,835.95,480,0,29460
BANKNIFTY09JAN2032600PE.NFO,07/01/2020,09:24:17,835.95,821.3,20,835.9,100,60,29460
BANKNIFTY09JAN2032600PE.NFO,07/01/2020,09:24:18,835.95,821.5,120,835.85,40,0,29460
BANKNIFTY09JAN2032600PE.NFO,07/01/2020,09:24:19,835.95,821.5,500,835.85,40,0,29460
BANKNIFTY09JAN2032600PE.NFO,07/01/2020,09:24:20,835.95,821.6,20,835.85,40,0,29460
BANKNIFTY09JAN2032600PE.NFO,07/01/2020,09:24:21,835.95,822,20,835.85,40,0,29460
BANKNIFTY09JAN2032600PE.NFO,07/01/2020,09:24:22,835.95,822.25,200,835.85,40,0,29460
BANKNIFTY09JAN2032600PE.NFO,07/01/2020,09:24:23,835.95,822.3,20,835.85,40,0,29460
BANKNIFTY09JAN2032600PE.NFO,07/01/2020,09:24:24,835.95,822.55,40,835.85,40,0,29460
BANKNIFTY09JAN2032600PE.NFO,07/01/2020,09:24:25,835.95,822.5,100,835.85,40,0,29460
BANKNIFTY09JAN2032600PE.NFO,07/01/2020,09:24:26,835.95,822.55,20,835.85,40,0,29460
BANKNIFTY09JAN2032600PE.NFO,07/01/2020,09:24:27,835.95,822.8,20,835.85,40,0,29460
BANKNIFTY09JAN2032600PE.NFO,07/01/2020,09:24:28,835.95,822.95,20,835.85,40,0,29460
BANKNIFTY09JAN2032600PE.NFO,07/01/2020,09:24:29,835.95,823.15,40,835.9,100,0,29460
BANKNIFTY09JAN2032600PE.NFO,07/01/2020,09:24:30,836.05,823.65,60,841.5,760,140,29460
BANKNIFTY09JAN2032600PE.NFO,07/01/2020,09:24:31,836.05,823.75,40,841.45,20,0,29460
BANKNIFTY09JAN2032600PE.NFO,07/01/2020,09:24:32,836.05,824.1,60,841.45,20,0,29460
BANKNIFTY09JAN2032600PE.NFO,07/01/2020,09:24:33,836.05,824.1,40,841.45,20,0,29460
BANKNIFTY09JAN2032600PE.NFO,07/01/2020,09:24:34,836.05,824.65,20,841.45,20,0,29460
BANKNIFTY09JAN2032600PE.NFO,07/01/2020,09:24:35,836.05,825.55,20,841.45,20,0,29460
BANKNIFTY09JAN2032600PE.NFO,07/01/2020,09:24:36,841.4,828.15,40,841.5,100,100,29460
BANKNIFTY09JAN2032600PE.NFO,07/01/2020,09:24:37,841.4,829.7,60,841.4,20,40,29460
BANKNIFTY09JAN2032600PE.NFO,07/01/2020,09:24:38,841.45,830.95,40,849.35,20,160,29460
BANKNIFTY09JAN2032600PE.NFO,07/01/2020,09:24:39,841.45,831.65,40,849.35,100,0,29460
BANKNIFTY09JAN2032600PE.NFO,07/01/2020,09:24:40,841.45,833.15,60,849.25,100,0,29460
BANKNIFTY09JAN2032600PE.NFO,07/01/2020,09:24:41,841.45,833.65,20,849.1,80,0,29460
BANKNIFTY09JAN2032600PE.NFO,07/01/2020,09:24:42,841.45,834.8,20,849.1,80,0,29460
BANKNIFTY09JAN2032600PE.NFO,07/01/2020,09:24:43,841.45,836.2,20,849.3,380,0,29460
BANKNIFTY09JAN2032600PE.NFO,07/01/2020,09:24:44,841.45,836.7,20,851.9,100,0,29460
BANKNIFTY09JAN2032600PE.NFO,07/01/2020,09:24:45,841.45,838.75,20,851.9,100,0,29460
BANKNIFTY09JAN2032600PE.NFO,07/01/2020,09:24:46,851.95,840,40,851.9,40,20,29460
BANKNIFTY09JAN2032600PE.NFO,07/01/2020,09:24:47,851.85,841.2,40,857,20,40,29460
BANKNIFTY09JAN2032600PE.NFO,07/01/2020,09:24:48,851.85,842.2,20,856.95,20,0,29460
BANKNIFTY09JAN2032600PE.NFO,07/01/2020,09:24:49,851.85,843.1,60,856.95,20,0,29460
BANKNIFTY09JAN2032600PE.NFO,07/01/2020,09:24:50,851.85,843.25,100,856.95,20,0,29460
BANKNIFTY09JAN2032600PE.NFO,07/01/2020,09:24:55,851.85,843.4,20,856.95,20,0,29460
BANKNIFTY09JAN2032600PE.NFO,07/01/2020,09:24:56,851.85,843.5,100,856.9,100,0,29460
BANKNIFTY09JAN2032600PE.NFO,07/01/2020,09:24:57,851.85,843.5,120,856.85,480,0,29460
BANKNIFTY09JAN2032600PE.NFO,07/01/2020,09:24:58,851.85,843.65,20,856.8,40,0,29460
BANKNIFTY09JAN2032600PE.NFO,07/01/2020,09:24:59,851.85,843.65,20,856.85,480,0,29460
BANKNIFTY09JAN2032600PE.NFO,07/01/2020,09:25:00,851.85,843.5,100,856.85,480,0,29460
BANKNIFTY09JAN2032600PE.NFO,07/01/2020,09:25:01,851.85,840.75,160,856.8,60,0,29460
BANKNIFTY09JAN2032600PE.NFO,07/01/2020,09:25:02,851.85,832.45,20,856.8,60,0,29460
BANKNIFTY09JAN2032600PE.NFO,07/01/2020,09:25:03,851.85,832.55,20,856.8,60,0,29460
BANKNIFTY09JAN2032600PE.NFO,07/01/2020,09:25:04,851.85,833.05,20,856.8,60,0,29460
BANKNIFTY09JAN2032600PE.NFO,07/01/2020,09:25:05,851.85,833.65,60,856.8,60,0,29460
BANKNIFTY09JAN2032600PE.NFO,07/01/2020,09:25:06,851.85,833.75,40,856.8,60,0,29460
BANKNIFTY09JAN2032600PE.NFO,07/01/2020,09:25:07,851.85,834.05,20,856.75,20,0,29460
BANKNIFTY09JAN2032600PE.NFO,07/01/2020,09:25:08,851.85,834.15,20,856.75,20,0,29460
BANKNIFTY09JAN2032600PE.NFO,07/01/2020,09:25:09,851.85,834.35,20,856.75,20,0,29460
BANKNIFTY09JAN2032600PE.NFO,07/01/2020,09:25:10,851.85,834.55,40,856.75,20,0,29460
BANKNIFTY09JAN2032600PE.NFO,07/01/2020,09:25:11,851.85,835.05,20,856.75,20,0,29460
BANKNIFTY09JAN2032600PE.NFO,07/01/2020,09:25:12,851.85,835.45,40,856.8,40,0,29460
BANKNIFTY09JAN2032600PE.NFO,07/01/2020,09:25:12,851.85,836.05,20,856.8,40,0,29460
BANKNIFTY09JAN2032600PE.NFO,07/01/2020,09:25:13,851.85,836.35,20,856.8,40,0,29460
BANKNIFTY09JAN2032600PE.NFO,07/01/2020,09:25:14,851.85,836.55,40,856.8,40,0,29460
BANKNIFTY09JAN2032600PE.NFO,07/01/2020,09:25:15,851.85,836.95,40,856.8,40,0,29460
BANKNIFTY09JAN2032600PE.NFO,07/01/2020,09:25:16,851.85,837.55,20,856.8,40,0,29460
BANKNIFTY09JAN2032600PE.NFO,07/01/2020,09:25:17,851.85,837.65,20,856.8,40,0,29460
BANKNIFTY09JAN2032600PE.NFO,07/01/2020,09:25:18,851.85,837.95,60,856.8,40,0,29460
BANKNIFTY09JAN2032600PE.NFO,07/01/2020,09:25:19,851.85,838.05,20,856.8,40,0,29460
BANKNIFTY09JAN2032600PE.NFO,07/01/2020,09:25:23,851.85,835.2,20,856.8,40,0,29460
BANKNIFTY09JAN2032600PE.NFO,07/01/2020,09:25:24,851.85,835.3,20,856.8,40,0,29460
BANKNIFTY09JAN2032600PE.NFO,07/01/2020,09:25:25,851.85,835.9,20,856.8,40,0,29460
BANKNIFTY09JAN2032600PE.NFO,07/01/2020,09:25:26,851.85,839.55,100,856.8,20,0,29460
BANKNIFTY09JAN2032600PE.NFO,07/01/2020,09:25:28,851.85,835.95,40,856.8,20,0,29460
BANKNIFTY09JAN2032600PE.NFO,07/01/2020,09:25:29,851.85,835.95,200,856.8,20,0,29460
BANKNIFTY09JAN2032600PE.NFO,07/01/2020,09:25:30,851.85,836.05,20,856.8,20,0,29460
BANKNIFTY09JAN2032600PE.NFO,07/01/2020,09:25:31,851.85,836.25,40,856.8,20,0,29460
BANKNIFTY09JAN2032600PE.NFO,07/01/2020,09:25:32,851.85,836.9,20,856.8,20,0,29460
BANKNIFTY09JAN2032600PE.NFO,07/01/2020,09:25:33,851.85,837,20,856.8,20,0,29460
BANKNIFTY09JAN2032600PE.NFO,07/01/2020,09:25:34,851.85,836.95,100,856.8,20,0,29460
BANKNIFTY09JAN2032600PE.NFO,07/01/2020,09:25:35,851.85,837.1,100,856.8,20,0,29460
BANKNIFTY09JAN2032600PE.NFO,07/01/2020,09:25:36,851.85,837.2,40,856.8,20,0,29460
BANKNIFTY09JAN2032600PE.NFO,07/01/2020,09:25:37,851.85,837.2,200,856.8,20,0,29460
BANKNIFTY09JAN2032600PE.NFO,07/01/2020,09:25:38,851.85,837.3,40,856.8,20,0,29460
BANKNIFTY09JAN2032600PE.NFO,07/01/2020,09:25:39,851.85,837.35,100,856.8,20,0,29460
BANKNIFTY09JAN2032600PE.NFO,07/01/2020,09:25:40,851.85,837.5,20,856.8,20,0,29460
BANKNIFTY09JAN2032600PE.NFO,07/01/2020,09:25:41,851.85,837.75,40,856.8,20,0,29460
BANKNIFTY09JAN2032600PE.NFO,07/01/2020,09:25:42,851.85,837.75,20,856.8,20,0,29460
BANKNIFTY09JAN2032600PE.NFO,07/01/2020,09:25:43,851.85,837.8,20,856.8,20,0,29460
BANKNIFTY09JAN2032600PE.NFO,07/01/2020,09:25:44,851.85,837.9,40,856.8,20,0,29460
BANKNIFTY09JAN2032600PE.NFO,07/01/2020,09:25:45,851.85,838.1,40,856.8,20,0,29460
BANKNIFTY09JAN2032600PE.NFO,07/01/2020,09:25:46,851.85,838.15,200,856.8,20,0,29460
BANKNIFTY09JAN2032600PE.NFO,07/01/2020,09:25:47,851.85,838.2,100,856.8,20,0,29460
BANKNIFTY09JAN2032600PE.NFO,07/01/2020,09:25:51,851.85,838.3,40,856.8,20,0,29460
BANKNIFTY09JAN2032600PE.NFO,07/01/2020,09:25:52,851.85,838.35,40,856.8,20,0,29460
BANKNIFTY09JAN2032600PE.NFO,07/01/2020,09:25:53,851.85,838.55,40,856.8,20,0,29460
BANKNIFTY09JAN2032600PE.NFO,07/01/2020,09:25:54,851.85,838.5,100,856.8,20,0,29460
BANKNIFTY09JAN2032600PE.NFO,07/01/2020,09:25:56,851.85,838.55,280,856.8,20,0,29460
BANKNIFTY09JAN2032600PE.NFO,07/01/2020,09:25:59,851.85,838.75,380,856.75,20,0,29460
BANKNIFTY09JAN2032600PE.NFO,07/01/2020,09:26:00,851.85,838.75,380,856.8,20,0,29460
BANKNIFTY09JAN2032600PE.NFO,07/01/2020,09:26:01,851.85,838.85,40,856.8,20,0,29460
BANKNIFTY09JAN2032600PE.NFO,07/01/2020,09:26:02,851.85,838.85,20,856.85,480,0,29460
BANKNIFTY09JAN2032600PE.NFO,07/01/2020,09:26:03,851.85,839.25,20,856.85,480,0,29460
BANKNIFTY09JAN2032600PE.NFO,07/01/2020,09:26:04,851.85,839.35,20,856.85,480,0,29460
BANKNIFTY09JAN2032600PE.NFO,07/01/2020,09:26:05,851.85,839.65,40,856.8,100,0,29460
BANKNIFTY09JAN2032600PE.NFO,07/01/2020,09:26:06,851.85,840.45,20,856.8,100,0,29460
BANKNIFTY09JAN2032600PE.NFO,07/01/2020,09:26:07,851.85,841.15,40,856.8,100,0,29460
BANKNIFTY09JAN2032600PE.NFO,07/01/2020,09:26:08,851.85,841.55,40,856.8,100,0,29460
BANKNIFTY09JAN2032600PE.NFO,07/01/2020,09:26:09,851.85,841.5,300,856.75,100,0,29460
BANKNIFTY09JAN2032600PE.NFO,07/01/2020,09:26:10,851.85,841.6,200,856.75,100,0,29460
BANKNIFTY09JAN2032600PE.NFO,07/01/2020,09:26:11,851.85,841.75,20,856.75,100,0,29460
BANKNIFTY09JAN2032600PE.NFO,07/01/2020,09:26:12,851.85,842.45,20,856.75,100,0,29460
BANKNIFTY09JAN2032600PE.NFO,07/01/2020,09:26:12,851.85,842.5,100,856.75,100,0,29460
BANKNIFTY09JAN2032600PE.NFO,07/01/2020,09:26:14,851.85,842.55,200,856.75,100,0,29460
BANKNIFTY09JAN2032600PE.NFO,07/01/2020,09:26:15,851.85,842.65,80,856.75,100,0,29460
BANKNIFTY09JAN2032600PE.NFO,07/01/2020,09:26:16,851.85,842.7,20,856.75,100,0,29460
BANKNIFTY09JAN2032600PE.NFO,07/01/2020,09:26:17,851.85,843.65,60,856.8,100,0,29460
BANKNIFTY09JAN2032600PE.NFO,07/01/2020,09:26:18,851.85,844.2,40,859.3,480,0,29460
BANKNIFTY09JAN2032600PE.NFO,07/01/2020,09:26:20,859.2,844.5,40,859.2,300,120,29460
BANKNIFTY09JAN2032600PE.NFO,07/01/2020,09:26:21,859.2,845.1,40,859.2,240,0,29460
BANKNIFTY09JAN2032600PE.NFO,07/01/2020,09:26:22,859.1,847.6,40,865.9,20,80,29460
BANKNIFTY09JAN2032600PE.NFO,07/01/2020,09:26:23,859.1,849.95,40,865.9,20,0,29460
BANKNIFTY09JAN2032600PE.NFO,07/01/2020,09:26:25,859.1,850.4,20,865.85,140,0,29460
BANKNIFTY09JAN2032600PE.NFO,07/01/2020,09:26:26,859.1,850.7,20,865.85,140,0,29460
BANKNIFTY09JAN2032600PE.NFO,07/01/2020,09:26:27,859.1,850.75,20,865.85,140,0,29460
BANKNIFTY09JAN2032600PE.NFO,07/01/2020,09:26:28,859.1,851.1,100,865.75,480,0,29460
BANKNIFTY09JAN2032600PE.NFO,07/01/2020,09:26:30,859.1,849.35,100,865.7,40,0,29460
BANKNIFTY09JAN2032600PE.NFO,07/01/2020,09:26:31,859.1,843.8,280,865.7,40,0,29460
BANKNIFTY09JAN2032600PE.NFO,07/01/2020,09:26:32,859.1,843.85,20,865.7,40,0,29460
BANKNIFTY09JAN2032600PE.NFO,07/01/2020,09:26:33,859.1,844.15,180,865.7,40,0,29460
BANKNIFTY09JAN2032600PE.NFO,07/01/2020,09:26:34,859.1,844.3,20,865.7,40,0,29460
BANKNIFTY09JAN2032600PE.NFO,07/01/2020,09:26:36,859.1,845,380,865.7,40,0,29460
BANKNIFTY09JAN2032600PE.NFO,07/01/2020,09:26:37,859.1,845.75,20,865.7,40,0,29460
BANKNIFTY09JAN2032600PE.NFO,07/01/2020,09:26:38,859.1,846.15,20,865.7,40,0,29460
BANKNIFTY09JAN2032600PE.NFO,07/01/2020,09:26:39,859.1,846.4,20,865.7,40,0,29460
BANKNIFTY09JAN2032600PE.NFO,07/01/2020,09:26:41,859.1,847.1,20,865.75,280,0,29460
BANKNIFTY09JAN2032600PE.NFO,07/01/2020,09:26:42,859.1,848.85,20,868.9,200,0,29460
BANKNIFTY09JAN2032600PE.NFO,07/01/2020,09:26:43,859.1,849.35,20,868.85,140,0,29460
BANKNIFTY09JAN2032600PE.NFO,07/01/2020,09:26:44,859.1,850.25,20,868.85,140,0,29460
BANKNIFTY09JAN2032600PE.NFO,07/01/2020,09:26:46,859.1,850.35,200,868.85,140,0,29460
BANKNIFTY09JAN2032600PE.NFO,07/01/2020,09:26:47,859.1,850.75,180,868.85,140,0,29460
BANKNIFTY09JAN2032600PE.NFO,07/01/2020,09:26:48,859.1,850.9,20,868.8,40,0,29460
BANKNIFTY09JAN2032600PE.NFO,07/01/2020,09:26:49,859.1,851.35,20,868.8,40,0,29460
BANKNIFTY09JAN2032600PE.NFO,07/01/2020,09:26:50,859.1,851.6,20,868.85,100,0,29460
BANKNIFTY09JAN2032600PE.NFO,07/01/2020,09:26:51,859.1,852.3,480,868.85,100,0,29460
BANKNIFTY09JAN2032600PE.NFO,07/01/2020,09:26:53,859.1,852.6,20,868.85,100,0,29460
BANKNIFTY09JAN2032600PE.NFO,07/01/2020,09:26:54,859.1,853.4,20,868.85,100,0,29460
BANKNIFTY09JAN2032600PE.NFO,07/01/2020,09:26:55,859.1,853.75,340,868.85,200,0,29460
BANKNIFTY09JAN2032600PE.NFO,07/01/2020,09:26:56,859.1,853.75,300,868.7,180,0,29460
BANKNIFTY09JAN2032600PE.NFO,07/01/2020,09:26:57,859.1,853.8,200,868.65,100,0,29460
BANKNIFTY09JAN2032600PE.NFO,07/01/2020,09:26:58,859.1,854.05,20,868.6,100,0,29460
BANKNIFTY09JAN2032600PE.NFO,07/01/2020,09:27:00,859.1,854.65,480,868.55,100,0,29460
BANKNIFTY09JAN2032600PE.NFO,07/01/2020,09:27:01,859.1,855.05,480,868.6,100,0,29460
BANKNIFTY09JAN2032600PE.NFO,07/01/2020,09:27:02,859.1,855.35,20,868.65,300,0,29460
BANKNIFTY09JAN2032600PE.NFO,07/01/2020,09:27:03,859.1,855.8,20,868.6,100,0,29460
BANKNIFTY09JAN2032600PE.NFO,07/01/2020,09:27:05,859.1,856.65,20,868.95,200,0,29460
BANKNIFTY09JAN2032600PE.NFO,07/01/2020,09:27:06,859.1,857.3,20,868.9,280,0,29460
BANKNIFTY09JAN2032600PE.NFO,07/01/2020,09:27:07,859.1,858.95,180,868.9,280,0,29460
BANKNIFTY09JAN2032600PE.NFO,07/01/2020,09:27:08,859.1,859,20,868.85,200,0,29460
BANKNIFTY09JAN2032600PE.NFO,07/01/2020,09:27:09,859.1,854.75,180,868.8,140,0,29460
BANKNIFTY09JAN2032600PE.NFO,07/01/2020,09:27:12,859.1,854.75,120,868.8,140,0,29460
BANKNIFTY09JAN2032600PE.NFO,07/01/2020,09:27:13,859.1,852.2,180,868.8,140,0,29460
BANKNIFTY09JAN2032600PE.NFO,07/01/2020,09:27:14,859.1,852.2,100,868.8,200,0,29460
BANKNIFTY09JAN2032600PE.NFO,07/01/2020,09:27:18,859.1,852.25,80,868.8,140,0,29460
BANKNIFTY09JAN2032600PE.NFO,07/01/2020,09:27:19,859.1,852.25,80,868.8,100,0,29460
BANKNIFTY09JAN2032600PE.NFO,07/01/2020,09:27:20,859.1,852.25,80,868.75,40,0,29460
BANKNIFTY09JAN2032600PE.NFO,07/01/2020,09:27:22,859.1,846.6,20,868.75,40,0,29460
BANKNIFTY09JAN2032600PE.NFO,07/01/2020,09:27:23,859.1,847.1,20,868.75,40,0,29460
BANKNIFTY09JAN2032600PE.NFO,07/01/2020,09:27:25,859.1,847.85,200,868.75,40,0,29460
BANKNIFTY09JAN2032600PE.NFO,07/01/2020,09:27:26,859.1,848.3,200,868.75,40,0,29460
BANKNIFTY09JAN2032600PE.NFO,07/01/2020,09:27:27,855,848.45,20,868.7,40,20,29460
BANKNIFTY09JAN2032600PE.NFO,07/01/2020,09:27:28,855,848.65,180,868.65,280,0,29460
BANKNIFTY09JAN2032600PE.NFO,07/01/2020,09:27:29,855,848.65,180,868.6,100,0,29460
BANKNIFTY09JAN2032600PE.NFO,07/01/2020,09:27:30,855,848.7,200,868.55,100,0,29460
BANKNIFTY09JAN2032600PE.NFO,07/01/2020,09:27:31,855,848.65,180,868.55,100,0,29460
BANKNIFTY09JAN2032600PE.NFO,07/01/2020,09:27:32,855,848.7,200,868.55,100,0,29460
BANKNIFTY09JAN2032600PE.NFO,07/01/2020,09:27:33,855,848.75,20,868.55,100,0,29460
BANKNIFTY09JAN2032600PE.NFO,07/01/2020,09:27:34,855,848.95,20,868.55,100,0,29460
BANKNIFTY09JAN2032600PE.NFO,07/01/2020,09:27:36,855,849.15,180,868.55,100,0,29460
BANKNIFTY09JAN2032600PE.NFO,07/01/2020,09:27:37,849.05,846.55,220,868.55,100,20,29460
BANKNIFTY09JAN2032600PE.NFO,07/01/2020,09:27:38,849.05,846.55,100,868.55,100,0,29460
BANKNIFTY09JAN2032600PE.NFO,07/01/2020,09:27:41,849.05,846.5,40,868.55,100,0,29460
BANKNIFTY09JAN2032600PE.NFO,07/01/2020,09:27:43,849.05,846.6,80,868.55,100,0,29460
BANKNIFTY09JAN2032600PE.NFO,07/01/2020,09:27:44,849.05,846.55,100,868.55,100,0,29460
BANKNIFTY09JAN2032600PE.NFO,07/01/2020,09:27:45,849.05,846.6,80,868.55,100,0,29460
BANKNIFTY09JAN2032600PE.NFO,07/01/2020,09:27:46,849.05,846.55,100,868.55,100,0,29460
BANKNIFTY09JAN2032600PE.NFO,07/01/2020,09:27:47,849.05,846.6,80,868.55,100,0,29460
BANKNIFTY09JAN2032600PE.NFO,07/01/2020,09:27:48,849.05,846.75,20,868.55,100,0,29460
BANKNIFTY09JAN2032600PE.NFO,07/01/2020,09:27:49,849.05,846.95,20,868.55,100,0,29460
BANKNIFTY09JAN2032600PE.NFO,07/01/2020,09:27:50,849.05,847.1,100,868.55,100,0,29460
BANKNIFTY09JAN2032600PE.NFO,07/01/2020,09:27:51,849.05,846.6,100,868.55,100,0,29460
BANKNIFTY09JAN2032600PE.NFO,07/01/2020,09:27:52,849.05,846.5,40,868.55,100,0,29460
BANKNIFTY09JAN2032600PE.NFO,07/01/2020,09:27:54,849.05,846.5,60,868.55,100,0,29460
BANKNIFTY09JAN2032600PE.NFO,07/01/2020,09:27:55,849.05,839.8,60,868.55,100,0,29460
BANKNIFTY09JAN2032600PE.NFO,07/01/2020,09:27:56,849.05,839.9,60,868.55,100,0,29460
BANKNIFTY09JAN2032600PE.NFO,07/01/2020,09:27:57,849.05,840.2,40,868.55,100,0,29460
BANKNIFTY09JAN2032600PE.NFO,07/01/2020,09:27:58,849.05,844.7,60,868.55,100,0,29460
BANKNIFTY09JAN2032600PE.NFO,07/01/2020,09:27:59,849.05,845.1,40,868.55,100,0,29460
BANKNIFTY09JAN2032600PE.NFO,07/01/2020,09:28:00,849.05,846.9,20,868.55,100,0,29460
BANKNIFTY09JAN2032600PE.NFO,07/01/2020,09:28:01,849.05,848,40,868.55,100,0,29460
BANKNIFTY09JAN2032600PE.NFO,07/01/2020,09:28:02,849.05,850.7,20,868.55,100,0,29460
BANKNIFTY09JAN2032600PE.NFO,07/01/2020,09:28:03,849.05,845.7,20,868.55,100,0,29460
BANKNIFTY09JAN2032600PE.NFO,07/01/2020,09:28:04,849.05,845.9,40,868.55,100,0,29460
BANKNIFTY09JAN2032600PE.NFO,07/01/2020,09:28:05,849.05,846,60,868.55,100,0,29460
BANKNIFTY09JAN2032600PE.NFO,07/01/2020,09:28:06,849.05,846.6,20,868.55,100,0,29460
BANKNIFTY09JAN2032600PE.NFO,07/01/2020,09:28:07,849.05,847.1,20,868.55,100,0,29460
BANKNIFTY09JAN2032600PE.NFO,07/01/2020,09:28:08,849.05,847.4,20,868.55,100,0,29460
BANKNIFTY09JAN2032600PE.NFO,07/01/2020,09:28:09,849.05,847.25,100,868.55,100,0,29460
BANKNIFTY09JAN2032600PE.NFO,07/01/2020,09:28:10,849.05,847.6,20,868.55,100,0,29460
BANKNIFTY09JAN2032600PE.NFO,07/01/2020,09:28:11,849.05,849.35,40,868.55,100,0,29460
BANKNIFTY09JAN2032600PE.NFO,07/01/2020,09:28:12,849.05,851.25,20,868.55,100,0,29460
BANKNIFTY09JAN2032600PE.NFO,07/01/2020,09:28:13,849.05,852.05,20,868.55,100,0,29460
BANKNIFTY09JAN2032600PE.NFO,07/01/2020,09:28:15,849.05,852.15,20,868.55,100,0,29460
BANKNIFTY09JAN2032600PE.NFO,07/01/2020,09:28:16,849.05,852.4,60,868.55,100,0,29460
BANKNIFTY09JAN2032600PE.NFO,07/01/2020,09:28:17,849.05,852.7,60,868.55,100,0,29460
BANKNIFTY09JAN2032600PE.NFO,07/01/2020,09:28:18,849.05,853,80,868.55,100,0,29460
BANKNIFTY09JAN2032600PE.NFO,07/01/2020,09:28:19,849.05,853.1,80,868.55,100,0,29460
BANKNIFTY09JAN2032600PE.NFO,07/01/2020,09:28:20,849.05,854.25,20,868.55,100,0,29460
BANKNIFTY09JAN2032600PE.NFO,07/01/2020,09:28:21,849.05,855.2,40,868.55,100,0,29460
BANKNIFTY09JAN2032600PE.NFO,07/01/2020,09:28:22,849.05,856.05,40,868.55,100,0,29460
BANKNIFTY09JAN2032600PE.NFO,07/01/2020,09:28:23,849.05,856.25,40,868.55,100,0,29460
BANKNIFTY09JAN2032600PE.NFO,07/01/2020,09:28:24,849.05,856.7,20,868.55,100,0,29460
BANKNIFTY09JAN2032600PE.NFO,07/01/2020,09:28:25,849.05,857.3,20,868.55,100,0,29460
BANKNIFTY09JAN2032600PE.NFO,07/01/2020,09:28:26,849.05,857.25,40,868.55,100,0,29460
BANKNIFTY09JAN2032600PE.NFO,07/01/2020,09:28:27,849.05,857.65,20,868.6,100,0,29460
BANKNIFTY09JAN2032600PE.NFO,07/01/2020,09:28:28,849.05,858.15,20,868.6,100,0,29460
BANKNIFTY09JAN2032600PE.NFO,07/01/2020,09:28:29,849.05,858.4,40,868.6,100,0,29460
BANKNIFTY09JAN2032600PE.NFO,07/01/2020,09:28:30,849.05,858.1,20,868.55,100,0,29460
BANKNIFTY09JAN2032600PE.NFO,07/01/2020,09:28:31,849.05,858.2,20,868.5,100,0,29460
BANKNIFTY09JAN2032600PE.NFO,07/01/2020,09:28:32,849.05,858.25,20,868.6,100,0,29460
BANKNIFTY09JAN2032600PE.NFO,07/01/2020,09:28:33,849.05,858.25,20,868.5,100,0,29460
BANKNIFTY09JAN2032600PE.NFO,07/01/2020,09:28:34,849.05,855.55,40,868.5,100,0,29460
BANKNIFTY09JAN2032600PE.NFO,07/01/2020,09:28:35,849.05,855.7,20,868.55,40,0,29460
BANKNIFTY09JAN2032600PE.NFO,07/01/2020,09:28:36,849.05,857.15,20,868.55,40,0,29460
BANKNIFTY09JAN2032600PE.NFO,07/01/2020,09:28:37,849.05,857.6,40,868.6,40,0,29460
BANKNIFTY09JAN2032600PE.NFO,07/01/2020,09:28:38,849.05,858.7,180,868.6,100,0,29460
BANKNIFTY09JAN2032600PE.NFO,07/01/2020,09:28:39,849.05,858.8,20,868.6,100,0,29460
BANKNIFTY09JAN2032600PE.NFO,07/01/2020,09:28:40,849.05,859,20,868.65,280,0,29460
BANKNIFTY09JAN2032600PE.NFO,07/01/2020,09:28:41,849.05,859,20,868.55,100,0,29460
BANKNIFTY09JAN2032600PE.NFO,07/01/2020,09:28:42,849.05,858.45,100,868.55,100,0,29460
BANKNIFTY09JAN2032600PE.NFO,07/01/2020,09:28:44,849.05,858.5,20,868.55,100,0,29460
BANKNIFTY09JAN2032600PE.NFO,07/01/2020,09:28:46,849.05,855.7,20,868.55,100,0,29460
BANKNIFTY09JAN2032600PE.NFO,07/01/2020,09:28:47,849.05,856,20,868.5,100,0,29460
BANKNIFTY09JAN2032600PE.NFO,07/01/2020,09:28:48,849.05,855.95,100,868.5,100,0,29460
BANKNIFTY09JAN2032600PE.NFO,07/01/2020,09:28:49,849.05,856,20,868.5,100,0,29460
BANKNIFTY09JAN2032600PE.NFO,07/01/2020,09:28:50,849.05,853.05,20,868.5,100,0,29460
BANKNIFTY09JAN2032600PE.NFO,07/01/2020,09:28:51,849.05,853.1,100,868.5,100,0,29460
BANKNIFTY09JAN2032600PE.NFO,07/01/2020,09:28:52,849.05,853.15,100,868.5,100,0,29460
BANKNIFTY09JAN2032600PE.NFO,07/01/2020,09:28:53,849.05,850.1,20,868.5,100,0,29460
BANKNIFTY09JAN2032600PE.NFO,07/01/2020,09:28:54,849.05,850.5,20,868.5,100,0,29460
BANKNIFTY09JAN2032600PE.NFO,07/01/2020,09:28:55,849.05,850.6,20,868.5,100,0,29460
BANKNIFTY09JAN2032600PE.NFO,07/01/2020,09:28:56,849.05,851,20,868.5,100,0,29460
BANKNIFTY09JAN2032600PE.NFO,07/01/2020,09:28:57,849.05,851.75,20,868.5,100,0,29460
BANKNIFTY09JAN2032600PE.NFO,07/01/2020,09:28:58,849.05,851.2,20,868.5,100,0,29460
BANKNIFTY09JAN2032600PE.NFO,07/01/2020,09:28:59,849.05,851.3,40,868.5,100,0,29460
BANKNIFTY09JAN2032600PE.NFO,07/01/2020,09:29:01,849.05,851.45,180,868.5,100,0,29460
BANKNIFTY09JAN2032600PE.NFO,07/01/2020,09:29:02,849.05,851.5,20,868.5,100,0,29460
BANKNIFTY09JAN2032600PE.NFO,07/01/2020,09:29:03,849.05,851.75,200,868.5,100,0,29460
BANKNIFTY09JAN2032600PE.NFO,07/01/2020,09:29:04,849.05,851.8,20,868.5,100,0,29460
BANKNIFTY09JAN2032600PE.NFO,07/01/2020,09:29:05,849.05,851.35,120,868.5,100,0,29460
BANKNIFTY09JAN2032600PE.NFO,07/01/2020,09:29:06,849.05,848.9,100,868.45,20,0,29460
BANKNIFTY09JAN2032600PE.NFO,07/01/2020,09:29:07,849.05,848.95,60,868.4,280,0,29460
BANKNIFTY09JAN2032600PE.NFO,07/01/2020,09:29:08,849.05,848.95,60,868.35,100,0,29460
BANKNIFTY09JAN2032600PE.NFO,07/01/2020,09:29:09,849.05,848.95,40,868.2,20,0,29460
BANKNIFTY09JAN2032600PE.NFO,07/01/2020,09:29:10,849.05,840.05,20,868,20,0,29460
BANKNIFTY09JAN2032600PE.NFO,07/01/2020,09:29:11,849.05,840.65,40,867.9,20,0,29460
BANKNIFTY09JAN2032600PE.NFO,07/01/2020,09:29:12,849.05,841.15,20,867.5,20,0,29460
BANKNIFTY09JAN2032600PE.NFO,07/01/2020,09:29:12,849.05,841.65,20,867.4,20,0,29460
BANKNIFTY09JAN2032600PE.NFO,07/01/2020,09:29:14,849.05,841.75,40,867.3,20,0,29460
BANKNIFTY09JAN2032600PE.NFO,07/01/2020,09:29:15,849.05,843.75,20,867.3,20,0,29460
BANKNIFTY09JAN2032600PE.NFO,07/01/2020,09:29:16,849.05,843.95,60,867.3,20,0,29460
BANKNIFTY09JAN2032600PE.NFO,07/01/2020,09:29:19,849.05,844,300,867.3,20,0,29460
BANKNIFTY09JAN2032600PE.NFO,07/01/2020,09:29:20,849.05,844.2,20,867.3,20,0,29460
BANKNIFTY09JAN2032600PE.NFO,07/01/2020,09:29:21,849.05,844.5,40,867.3,20,0,29460
BANKNIFTY09JAN2032600PE.NFO,07/01/2020,09:29:22,849.05,844.8,20,867.3,20,0,29460
BANKNIFTY09JAN2032600PE.NFO,07/01/2020,09:29:23,849.05,845.3,20,867.3,20,0,29460
BANKNIFTY09JAN2032600PE.NFO,07/01/2020,09:29:24,849.05,845.5,40,867.3,20,0,29460
BANKNIFTY09JAN2032600PE.NFO,07/01/2020,09:29:26,849.05,845.9,20,867.3,20,0,29460
BANKNIFTY09JAN2032600PE.NFO,07/01/2020,09:29:27,849.05,846.6,20,867.3,20,0,29460
BANKNIFTY09JAN2032600PE.NFO,07/01/2020,09:29:28,849.05,847.25,20,867.3,20,0,29460
BANKNIFTY09JAN2032600PE.NFO,07/01/2020,09:29:29,849.05,847.45,20,867.3,20,0,29460
BANKNIFTY09JAN2032600PE.NFO,07/01/2020,09:29:31,849.05,847.65,40,867.3,20,0,29460
BANKNIFTY09JAN2032600PE.NFO,07/01/2020,09:29:32,849.05,848,20,867.3,20,0,29460
BANKNIFTY09JAN2032600PE.NFO,07/01/2020,09:29:33,849.05,848.45,40,867.3,20,0,29460
BANKNIFTY09JAN2032600PE.NFO,07/01/2020,09:29:34,849.05,848.45,120,867.3,20,0,29460
BANKNIFTY09JAN2032600PE.NFO,07/01/2020,09:29:36,849.05,848.75,20,867.3,20,0,29460
BANKNIFTY09JAN2032600PE.NFO,07/01/2020,09:29:37,849.05,848.9,20,867.3,20,0,29460
BANKNIFTY09JAN2032600PE.NFO,07/01/2020,09:29:39,849.05,849.75,280,867.3,20,0,29460
BANKNIFTY09JAN2032600PE.NFO,07/01/2020,09:29:40,849.05,849.75,180,867.3,20,0,29460
BANKNIFTY09JAN2032600PE.NFO,07/01/2020,09:29:41,849.05,849.85,20,867.3,20,0,29460
BANKNIFTY09JAN2032600PE.NFO,07/01/2020,09:29:42,849.05,850.05,20,867.3,20,0,29460
BANKNIFTY09JAN2032600PE.NFO,07/01/2020,09:29:43,849.05,850.65,20,867.35,100,0,29460
BANKNIFTY09JAN2032600PE.NFO,07/01/2020,09:29:45,849.05,851.15,20,867.35,100,0,29460
BANKNIFTY09JAN2032600PE.NFO,07/01/2020,09:29:46,849.05,851.35,20,867.35,100,0,29460
BANKNIFTY09JAN2032600PE.NFO,07/01/2020,09:29:47,849.05,851.2,100,867.3,20,0,29460
BANKNIFTY09JAN2032600PE.NFO,07/01/2020,09:29:48,849.05,845.6,20,867.3,20,0,29460
BANKNIFTY09JAN2032600PE.NFO,07/01/2020,09:29:49,849.05,846.1,40,867.3,20,0,29460
BANKNIFTY09JAN2032600PE.NFO,07/01/2020,09:29:51,849.05,846.75,20,867.3,20,0,29460
BANKNIFTY09JAN2032600PE.NFO,07/01/2020,09:29:52,849.05,846.9,280,867.3,20,0,29460
BANKNIFTY09JAN2032600PE.NFO,07/01/2020,09:29:53,849.05,847,20,867.3,20,0,29460
BANKNIFTY09JAN2032600PE.NFO,07/01/2020,09:29:54,849.05,847.1,40,867.3,20,0,29460
BANKNIFTY09JAN2032600PE.NFO,07/01/2020,09:29:55,849.05,847.45,20,867.3,20,0,29460
BANKNIFTY09JAN2032600PE.NFO,07/01/2020,09:29:56,849.05,847.45,40,867.3,20,0,29460
BANKNIFTY09JAN2032600PE.NFO,07/01/2020,09:30:00,849.05,847.45,60,867.3,20,0,29460
BANKNIFTY09JAN2032600PE.NFO,07/01/2020,09:30:01,849.05,847.5,20,867.3,20,0,29460
BANKNIFTY09JAN2032600PE.NFO,07/01/2020,09:30:02,849.05,847.45,40,867.3,20,0,29460
BANKNIFTY09JAN2032600PE.NFO,07/01/2020,09:30:03,847.45,844,100,867.3,20,40,29480
BANKNIFTY09JAN2032600PE.NFO,07/01/2020,09:30:04,847.45,844.05,80,867.3,20,0,29480
BANKNIFTY09JAN2032600PE.NFO,07/01/2020,09:30:05,847.45,844,100,867.3,20,0,29480
BANKNIFTY09JAN2032600PE.NFO,07/01/2020,09:30:09,847.45,843.95,40,867.3,20,0,29480
BANKNIFTY09JAN2032600PE.NFO,07/01/2020,09:30:10,847.45,837,20,867.3,20,0,29480
BANKNIFTY09JAN2032600PE.NFO,07/01/2020,09:30:11,847.45,836.95,280,867.3,20,0,29480
BANKNIFTY09JAN2032600PE.NFO,07/01/2020,09:30:12,847.45,837.25,20,867.3,20,0,29480
BANKNIFTY09JAN2032600PE.NFO,07/01/2020,09:30:13,847.45,837.4,40,867.3,20,0,29480
BANKNIFTY09JAN2032600PE.NFO,07/01/2020,09:30:14,847.45,837.35,180,867.3,20,0,29480
BANKNIFTY09JAN2032600PE.NFO,07/01/2020,09:30:15,847.45,837.4,80,867.3,20,0,29480
BANKNIFTY09JAN2032600PE.NFO,07/01/2020,09:30:17,847.45,837.35,100,867.3,20,0,29480
BANKNIFTY09JAN2032600PE.NFO,07/01/2020,09:30:18,847.45,836.7,40,867.3,20,0,29480
BANKNIFTY09JAN2032600PE.NFO,07/01/2020,09:30:19,847.45,836.65,100,867.3,20,0,29480
BANKNIFTY09JAN2032600PE.NFO,07/01/2020,09:30:22,847.45,829.9,660,867.3,20,0,29480
BANKNIFTY09JAN2032600PE.NFO,07/01/2020,09:30:23,847.45,830.3,40,867.3,20,0,29480
BANKNIFTY09JAN2032600PE.NFO,07/01/2020,09:30:24,847.45,830.3,200,865.55,20,0,29480
BANKNIFTY09JAN2032600PE.NFO,07/01/2020,09:30:25,847.45,830.65,20,865.15,20,0,29480
BANKNIFTY09JAN2032600PE.NFO,07/01/2020,09:30:26,847.45,830.85,180,865.15,20,0,29480
BANKNIFTY09JAN2032600PE.NFO,07/01/2020,09:30:27,847.45,830.85,100,863.6,20,0,29480
BANKNIFTY09JAN2032600PE.NFO,07/01/2020,09:30:28,847.45,830,80,862.4,20,0,29480
BANKNIFTY09JAN2032600PE.NFO,07/01/2020,09:30:29,847.45,829.95,80,862.4,20,0,29480
BANKNIFTY09JAN2032600PE.NFO,07/01/2020,09:30:30,847.45,829.9,100,862.4,20,0,29480
BANKNIFTY09JAN2032600PE.NFO,07/01/2020,09:30:31,847.45,829.85,60,861.85,20,0,29480
BANKNIFTY09JAN2032600PE.NFO,07/01/2020,09:30:32,829.85,822.9,40,860.5,20,60,29480
BANKNIFTY09JAN2032600PE.NFO,07/01/2020,09:30:33,829.85,823.05,20,860.4,20,0,29480
BANKNIFTY09JAN2032600PE.NFO,07/01/2020,09:30:34,829.85,823.3,140,860.4,20,0,29480
BANKNIFTY09JAN2032600PE.NFO,07/01/2020,09:30:35,829.85,824.05,40,860.4,20,0,29480
BANKNIFTY09JAN2032600PE.NFO,07/01/2020,09:30:36,829.85,824.45,40,860.4,20,0,29480
BANKNIFTY09JAN2032600PE.NFO,07/01/2020,09:30:37,829.85,824.6,20,860.4,20,0,29480
BANKNIFTY09JAN2032600PE.NFO,07/01/2020,09:30:38,829.85,825.2,60,860.4,20,0,29480
BANKNIFTY09JAN2032600PE.NFO,07/01/2020,09:30:39,829.85,825.35,20,860.4,20,0,29480
BANKNIFTY09JAN2032600PE.NFO,07/01/2020,09:30:40,829.85,825.5,40,860.4,20,0,29480
BANKNIFTY09JAN2032600PE.NFO,07/01/2020,09:30:41,829.85,825.6,40,860.4,20,0,29480
BANKNIFTY09JAN2032600PE.NFO,07/01/2020,09:30:42,829.85,826.1,40,860.4,20,0,29480
BANKNIFTY09JAN2032600PE.NFO,07/01/2020,09:30:43,829.85,826.15,260,856.05,20,0,29480
BANKNIFTY09JAN2032600PE.NFO,07/01/2020,09:30:44,829.85,826.5,20,855.95,20,0,29480
BANKNIFTY09JAN2032600PE.NFO,07/01/2020,09:30:45,829.85,826.6,20,855.95,20,0,29480
BANKNIFTY09JAN2032600PE.NFO,07/01/2020,09:30:46,829.85,826.85,120,855.95,20,0,29480
BANKNIFTY09JAN2032600PE.NFO,07/01/2020,09:30:47,829.85,827.05,40,855.95,20,0,29480
BANKNIFTY09JAN2032600PE.NFO,07/01/2020,09:30:49,829.85,827.15,180,855.95,20,0,29480
BANKNIFTY09JAN2032600PE.NFO,07/01/2020,09:30:50,829.85,827.25,180,855.95,20,0,29480
BANKNIFTY09JAN2032600PE.NFO,07/01/2020,09:30:51,829.85,827.25,80,855.95,20,0,29480
BANKNIFTY09JAN2032600PE.NFO,07/01/2020,09:30:54,829.85,827.4,100,855.95,20,0,29480
BANKNIFTY09JAN2032600PE.NFO,07/01/2020,09:30:55,829.85,827.4,300,855.95,20,0,29480
BANKNIFTY09JAN2032600PE.NFO,07/01/2020,09:30:56,829.85,827.55,80,855.95,20,0,29480
BANKNIFTY09JAN2032600PE.NFO,07/01/2020,09:30:57,829.85,827.65,20,855.95,20,0,29480
BANKNIFTY09JAN2032600PE.NFO,07/01/2020,09:30:58,829.85,827.75,200,855.95,20,0,29480
BANKNIFTY09JAN2032600PE.NFO,07/01/2020,09:30:59,829.85,827.8,80,855.95,20,0,29480
BANKNIFTY09JAN2032600PE.NFO,07/01/2020,09:31:00,829.85,827.75,100,855.95,20,0,29480
BANKNIFTY09JAN2032600PE.NFO,07/01/2020,09:31:01,829.85,822.7,360,855.95,20,0,29480
BANKNIFTY09JAN2032600PE.NFO,07/01/2020,09:31:02,829.85,822.7,560,855.95,20,0,29480
BANKNIFTY09JAN2032600PE.NFO,07/01/2020,09:31:04,829.85,822.7,280,855.95,20,0,29480
BANKNIFTY09JAN2032600PE.NFO,07/01/2020,09:31:05,829.85,822.9,20,855.95,20,0,29480
BANKNIFTY09JAN2032600PE.NFO,07/01/2020,09:31:06,829.85,823,220,855.95,20,0,29480
BANKNIFTY09JAN2032600PE.NFO,07/01/2020,09:31:07,829.85,823.05,100,855.95,20,0,29480
BANKNIFTY09JAN2032600PE.NFO,07/01/2020,09:31:09,829.85,823.1,20,855.95,20,0,29480
BANKNIFTY09JAN2032600PE.NFO,07/01/2020,09:31:10,829.85,823.3,280,855.95,20,0,29480
BANKNIFTY09JAN2032600PE.NFO,07/01/2020,09:31:11,829.85,823.45,20,855.95,20,0,29480
BANKNIFTY09JAN2032600PE.NFO,07/01/2020,09:31:12,829.85,823.75,300,855.95,20,0,29480
BANKNIFTY09JAN2032600PE.NFO,07/01/2020,09:31:13,829.85,823.9,120,855.95,20,0,29480
BANKNIFTY09JAN2032600PE.NFO,07/01/2020,09:31:14,829.85,823.95,20,855.95,20,0,29480
BANKNIFTY09JAN2032600PE.NFO,07/01/2020,09:31:15,829.85,824,100,855.95,20,0,29480
BANKNIFTY09JAN2032600PE.NFO,07/01/2020,09:31:19,829.85,822.7,100,854.3,20,0,29480
BANKNIFTY09JAN2032600PE.NFO,07/01/2020,09:31:20,829.85,822.75,80,853.7,40,0,29480
BANKNIFTY09JAN2032600PE.NFO,07/01/2020,09:31:21,829.85,822.7,100,853.7,40,0,29480
BANKNIFTY09JAN2032600PE.NFO,07/01/2020,09:31:22,829.85,812,20,853.1,40,0,29480
BANKNIFTY09JAN2032600PE.NFO,07/01/2020,09:31:23,829.85,812.1,20,852.4,20,0,29480
BANKNIFTY09JAN2032600PE.NFO,07/01/2020,09:31:24,829.85,812.65,40,852.3,20,0,29480
BANKNIFTY09JAN2032600PE.NFO,07/01/2020,09:31:25,829.85,812.75,20,851.6,20,0,29480
BANKNIFTY09JAN2032600PE.NFO,07/01/2020,09:31:26,829.85,812.75,20,850.8,200,0,29480
BANKNIFTY09JAN2032600PE.NFO,07/01/2020,09:31:27,829.85,812.7,360,850.5,40,0,29480
BANKNIFTY09JAN2032600PE.NFO,07/01/2020,09:31:28,829.85,812.9,40,849.9,20,0,29480
BANKNIFTY09JAN2032600PE.NFO,07/01/2020,09:31:29,829.85,813.05,360,849,20,0,29480
BANKNIFTY09JAN2032600PE.NFO,07/01/2020,09:31:30,829.85,813.55,200,848.7,20,0,29480
BANKNIFTY09JAN2032600PE.NFO,07/01/2020,09:31:31,829.85,814.15,40,848.6,20,0,29480
BANKNIFTY09JAN2032600PE.NFO,07/01/2020,09:31:32,829.85,814.1,100,848.5,60,0,29480
BANKNIFTY09JAN2032600PE.NFO,07/01/2020,09:31:33,829.85,814.1,100,848.4,20,0,29480
BANKNIFTY09JAN2032600PE.NFO,07/01/2020,09:31:34,829.85,814.2,20,848.4,20,0,29480
BANKNIFTY09JAN2032600PE.NFO,07/01/2020,09:31:35,829.85,814.25,380,848.4,20,0,29480
BANKNIFTY09JAN2032600PE.NFO,07/01/2020,09:31:36,829.85,814.65,20,848.4,20,0,29480
BANKNIFTY09JAN2032600PE.NFO,07/01/2020,09:31:37,829.85,814.75,200,848.4,20,0,29480
BANKNIFTY09JAN2032600PE.NFO,07/01/2020,09:31:38,829.85,814.8,100,848.3,20,0,29480
BANKNIFTY09JAN2032600PE.NFO,07/01/2020,09:31:39,829.85,815.2,20,848.1,20,0,29480
BANKNIFTY09JAN2032600PE.NFO,07/01/2020,09:31:40,829.85,815.25,200,847.9,20,0,29480
BANKNIFTY09JAN2032600PE.NFO,07/01/2020,09:31:41,829.85,815.35,20,847.9,20,0,29480
BANKNIFTY09JAN2032600PE.NFO,07/01/2020,09:31:42,829.85,815.9,20,847.9,20,0,29480
BANKNIFTY09JAN2032600PE.NFO,07/01/2020,09:31:43,829.85,816.15,100,847.9,20,0,29480
BANKNIFTY09JAN2032600PE.NFO,07/01/2020,09:31:44,829.85,816.2,80,847.9,20,0,29480
BANKNIFTY09JAN2032600PE.NFO,07/01/2020,09:31:46,829.85,816.2,80,847.8,20,0,29480
BANKNIFTY09JAN2032600PE.NFO,07/01/2020,09:31:47,829.85,816.2,80,847.7,20,0,29480
BANKNIFTY09JAN2032600PE.NFO,07/01/2020,09:31:48,829.85,816.2,80,847.5,20,0,29480
BANKNIFTY09JAN2032600PE.NFO,07/01/2020,09:31:49,816.15,811.9,60,846.95,20,40,29480
BANKNIFTY09JAN2032600PE.NFO,07/01/2020,09:31:49,816.15,811.9,60,846.95,20,0,29480
BANKNIFTY09JAN2032600PE.NFO,07/01/2020,09:31:50,816.15,812.05,20,846.85,20,0,29480
BANKNIFTY09JAN2032600PE.NFO,07/01/2020,09:31:51,816.15,812.2,20,846.75,20,0,29480
BANKNIFTY09JAN2032600PE.NFO,07/01/2020,09:31:52,816.15,812.45,20,846.55,40,0,29480
BANKNIFTY09JAN2032600PE.NFO,07/01/2020,09:31:53,816.15,812.9,220,846.45,20,0,29480
BANKNIFTY09JAN2032600PE.NFO,07/01/2020,09:31:54,816.15,813.2,20,845.95,20,0,29480
BANKNIFTY09JAN2032600PE.NFO,07/01/2020,09:31:55,816.15,813.7,20,845.85,20,0,29480
BANKNIFTY09JAN2032600PE.NFO,07/01/2020,09:31:56,816.15,813.8,160,845.35,40,0,29480
BANKNIFTY09JAN2032600PE.NFO,07/01/2020,09:31:57,816.15,813.9,20,845.15,20,0,29480
BANKNIFTY09JAN2032600PE.NFO,07/01/2020,09:31:58,816.15,814,20,845.15,20,0,29480
BANKNIFTY09JAN2032600PE.NFO,07/01/2020,09:31:59,816.15,814.35,20,845.15,20,0,29480
BANKNIFTY09JAN2032600PE.NFO,07/01/2020,09:32:00,816.15,814.55,160,845.15,20,0,29480
BANKNIFTY09JAN2032600PE.NFO,07/01/2020,09:32:01,816.15,814.6,80,845.15,20,0,29480
BANKNIFTY09JAN2032600PE.NFO,07/01/2020,09:32:02,816.15,814.55,60,844.45,40,0,29480
BANKNIFTY09JAN2032600PE.NFO,07/01/2020,09:32:06,816.15,814.6,80,844.45,40,0,29480
BANKNIFTY09JAN2032600PE.NFO,07/01/2020,09:32:08,816.15,814.9,40,844.45,20,0,29480
BANKNIFTY09JAN2032600PE.NFO,07/01/2020,09:32:10,816.15,815.45,40,844.45,20,0,29480
BANKNIFTY09JAN2032600PE.NFO,07/01/2020,09:32:11,816.15,815.9,40,844.45,20,0,29480
BANKNIFTY09JAN2032600PE.NFO,07/01/2020,09:32:12,816.15,816.05,140,844.45,20,0,29480
BANKNIFTY09JAN2032600PE.NFO,07/01/2020,09:32:13,816.15,816.1,20,844.45,20,0,29480
BANKNIFTY09JAN2032600PE.NFO,07/01/2020,09:32:14,816.15,811.85,320,844.45,20,0,29480
BANKNIFTY09JAN2032600PE.NFO,07/01/2020,09:32:15,816.15,811.85,140,843.35,20,0,29480
BANKNIFTY09JAN2032600PE.NFO,07/01/2020,09:32:16,816.15,811.85,140,842.35,20,0,29480
BANKNIFTY09JAN2032600PE.NFO,07/01/2020,09:32:18,816.15,811.85,60,841.95,40,0,29480
BANKNIFTY09JAN2032600PE.NFO,07/01/2020,09:32:19,816.15,799.75,40,838.75,20,0,29480
BANKNIFTY09JAN2032600PE.NFO,07/01/2020,09:32:20,816.15,800,20,838.1,20,0,29480
BANKNIFTY09JAN2032600PE.NFO,07/01/2020,09:32:21,816.15,799.95,20,837.9,20,0,29480
BANKNIFTY09JAN2032600PE.NFO,07/01/2020,09:32:23,816.15,800.35,20,837.9,20,0,29480
BANKNIFTY09JAN2032600PE.NFO,07/01/2020,09:32:24,800.45,800.3,40,836.5,20,40,29420
BANKNIFTY09JAN2032600PE.NFO,07/01/2020,09:32:24,800.45,800.3,40,836.5,20,0,29420
BANKNIFTY09JAN2032600PE.NFO,07/01/2020,09:32:25,800.45,800.5,40,836,20,0,29420
BANKNIFTY09JAN2032600PE.NFO,07/01/2020,09:32:26,800.45,800.6,60,835.7,20,0,29420
BANKNIFTY09JAN2032600PE.NFO,07/01/2020,09:32:28,800.45,800.9,40,832.6,40,0,29420
BANKNIFTY09JAN2032600PE.NFO,07/01/2020,09:32:29,800.45,801.15,60,832.6,20,0,29420
BANKNIFTY09JAN2032600PE.NFO,07/01/2020,09:32:30,800.45,801.65,20,830.2,300,0,29420
BANKNIFTY09JAN2032600PE.NFO,07/01/2020,09:32:32,800.45,802.3,40,830.1,20,0,29420
BANKNIFTY09JAN2032600PE.NFO,07/01/2020,09:32:33,800.45,799.7,140,829.2,40,0,29420
BANKNIFTY09JAN2032600PE.NFO,07/01/2020,09:32:34,800.45,799.75,80,829.1,40,0,29420
BANKNIFTY09JAN2032600PE.NFO,07/01/2020,09:32:37,800.45,799.75,80,828.1,20,0,29420
BANKNIFTY09JAN2032600PE.NFO,07/01/2020,09:32:38,800.45,788.8,20,827.7,20,0,29420
BANKNIFTY09JAN2032600PE.NFO,07/01/2020,09:32:39,800.45,789,20,827.05,20,0,29420
BANKNIFTY09JAN2032600PE.NFO,07/01/2020,09:32:40,800.45,789.3,20,824.9,60,0,29420
BANKNIFTY09JAN2032600PE.NFO,07/01/2020,09:32:42,800.45,790,420,821.05,20,0,29420
BANKNIFTY09JAN2032600PE.NFO,07/01/2020,09:32:43,800.45,790.55,20,823.4,20,0,29420
BANKNIFTY09JAN2032600PE.NFO,07/01/2020,09:32:44,800.45,790.9,20,823.3,20,0,29420
BANKNIFTY09JAN2032600PE.NFO,07/01/2020,09:32:45,800.45,790.95,20,822.6,20,0,29420
BANKNIFTY09JAN2032600PE.NFO,07/01/2020,09:32:47,800.45,791.05,340,822,60,0,29420
BANKNIFTY09JAN2032600PE.NFO,07/01/2020,09:32:48,800.45,791.15,20,821.8,40,0,29420
BANKNIFTY09JAN2032600PE.NFO,07/01/2020,09:32:49,800.45,791.4,40,821.8,20,0,29420
BANKNIFTY09JAN2032600PE.NFO,07/01/2020,09:32:50,800.45,791.6,20,821.7,20,0,29420
BANKNIFTY09JAN2032600PE.NFO,07/01/2020,09:32:51,800.45,791.8,20,821.5,300,0,29420
BANKNIFTY09JAN2032600PE.NFO,07/01/2020,09:32:53,800.45,792.1,40,821.4,20,0,29420
BANKNIFTY09JAN2032600PE.NFO,07/01/2020,09:32:54,800.45,792.2,40,821.4,20,0,29420
BANKNIFTY09JAN2032600PE.NFO,07/01/2020,09:32:55,800.45,792.3,20,821.4,20,0,29420
BANKNIFTY09JAN2032600PE.NFO,07/01/2020,09:32:56,800.45,792.5,40,821.4,20,0,29420
BANKNIFTY09JAN2032600PE.NFO,07/01/2020,09:32:57,800.45,792.55,20,821.45,40,0,29420
BANKNIFTY09JAN2032600PE.NFO,07/01/2020,09:32:58,800.45,792.9,20,821.45,40,0,29420
BANKNIFTY09JAN2032600PE.NFO,07/01/2020,09:32:59,800.45,793.3,40,821.4,20,0,29420
BANKNIFTY09JAN2032600PE.NFO,07/01/2020,09:33:00,800.45,793.5,340,821.2,20,0,29420
BANKNIFTY09JAN2032600PE.NFO,07/01/2020,09:33:02,800.45,793.85,20,821.2,20,0,29420
BANKNIFTY09JAN2032600PE.NFO,07/01/2020,09:33:04,800.45,794.9,40,820.9,20,0,29420
BANKNIFTY09JAN2032600PE.NFO,07/01/2020,09:33:05,800.45,795,40,820.95,480,0,29420
BANKNIFTY09JAN2032600PE.NFO,07/01/2020,09:33:06,800.45,795.1,60,820.95,480,0,29420
BANKNIFTY09JAN2032600PE.NFO,07/01/2020,09:33:07,800.45,795.5,60,820.95,480,0,29420
BANKNIFTY09JAN2032600PE.NFO,07/01/2020,09:33:09,800.45,795.85,40,820.95,480,0,29420
BANKNIFTY09JAN2032600PE.NFO,07/01/2020,09:33:10,800.45,795.85,100,820.9,20,0,29420
BANKNIFTY09JAN2032600PE.NFO,07/01/2020,09:33:11,800.45,795.95,80,820.9,20,0,29420
BANKNIFTY09JAN2032600PE.NFO,07/01/2020,09:33:12,800.45,796.05,20,820.9,20,0,29420
BANKNIFTY09JAN2032600PE.NFO,07/01/2020,09:33:13,800.45,796.15,140,820.4,20,0,29420
BANKNIFTY09JAN2032600PE.NFO,07/01/2020,09:33:14,800.45,796.15,140,819.9,20,0,29420
BANKNIFTY09JAN2032600PE.NFO,07/01/2020,09:33:15,800.45,796.15,140,819.3,20,0,29420
BANKNIFTY09JAN2032600PE.NFO,07/01/2020,09:33:16,800.45,796.25,20,819.45,480,0,29420
BANKNIFTY09JAN2032600PE.NFO,07/01/2020,09:33:18,800.45,796.6,160,819.4,20,0,29420
BANKNIFTY09JAN2032600PE.NFO,07/01/2020,09:33:20,800.45,796.7,20,819.3,20,0,29420
BANKNIFTY09JAN2032600PE.NFO,07/01/2020,09:33:21,800.45,796.75,20,819.25,300,0,29420
BANKNIFTY09JAN2032600PE.NFO,07/01/2020,09:33:22,800.45,796.8,20,819.15,40,0,29420
BANKNIFTY09JAN2032600PE.NFO,07/01/2020,09:33:23,800.45,796.85,140,819.15,40,0,29420
BANKNIFTY09JAN2032600PE.NFO,07/01/2020,09:33:25,800.45,796.85,60,819.15,40,0,29420
BANKNIFTY09JAN2032600PE.NFO,07/01/2020,09:33:26,800.45,796.9,80,819,40,0,29420
BANKNIFTY09JAN2032600PE.NFO,07/01/2020,09:33:27,800.45,796.85,60,818.8,20,0,29420
BANKNIFTY09JAN2032600PE.NFO,07/01/2020,09:33:28,800.45,796.9,80,818.8,20,0,29420
BANKNIFTY09JAN2032600PE.NFO,07/01/2020,09:33:29,800.45,796.45,60,818.8,20,0,29420
BANKNIFTY09JAN2032600PE.NFO,07/01/2020,09:33:30,800.45,793.45,140,818.8,20,0,29420
BANKNIFTY09JAN2032600PE.NFO,07/01/2020,09:33:32,800.45,793.7,20,818.8,20,0,29420
BANKNIFTY09JAN2032600PE.NFO,07/01/2020,09:33:33,800.45,794.3,20,818.8,20,0,29420
BANKNIFTY09JAN2032600PE.NFO,07/01/2020,09:33:34,800.45,794.35,140,818.8,20,0,29420
BANKNIFTY09JAN2032600PE.NFO,07/01/2020,09:33:35,800.45,789,20,818.8,20,0,29420
BANKNIFTY09JAN2032600PE.NFO,07/01/2020,09:33:36,800.45,789.45,340,818.6,20,0,29420
BANKNIFTY09JAN2032600PE.NFO,07/01/2020,09:33:37,800.45,789.55,20,818.2,60,0,29420
BANKNIFTY09JAN2032600PE.NFO,07/01/2020,09:33:38,800.45,789.6,20,818,20,0,29420
BANKNIFTY09JAN2032600PE.NFO,07/01/2020,09:33:39,800.45,789.85,20,817.9,20,0,29420
BANKNIFTY09JAN2032600PE.NFO,07/01/2020,09:33:40,800.45,790,140,815.55,20,0,29420
BANKNIFTY09JAN2032600PE.NFO,07/01/2020,09:33:41,800.45,790,140,815.05,20,0,29420
BANKNIFTY09JAN2032600PE.NFO,07/01/2020,09:33:42,800.45,788.45,140,814.95,20,0,29420
BANKNIFTY09JAN2032600PE.NFO,07/01/2020,09:33:43,800.45,788.5,80,814.65,60,0,29420
BANKNIFTY09JAN2032600PE.NFO,07/01/2020,09:33:44,800.45,788.5,80,814.55,20,0,29420
BANKNIFTY09JAN2032600PE.NFO,07/01/2020,09:33:45,800.45,788.6,100,814.55,20,0,29420
BANKNIFTY09JAN2032600PE.NFO,07/01/2020,09:33:47,800.45,788.6,100,814.35,20,0,29420
BANKNIFTY09JAN2032600PE.NFO,07/01/2020,09:33:48,800.45,788.6,100,814.25,20,0,29420
BANKNIFTY09JAN2032600PE.NFO,07/01/2020,09:33:49,800.45,788.6,100,814.05,20,0,29420
BANKNIFTY09JAN2032600PE.NFO,07/01/2020,09:33:50,800.45,788.55,100,813.95,20,0,29420
BANKNIFTY09JAN2032600PE.NFO,07/01/2020,09:33:51,800.45,788.6,20,813.55,20,0,29420
BANKNIFTY09JAN2032600PE.NFO,07/01/2020,09:33:52,800.45,788.75,140,812.65,20,0,29420
BANKNIFTY09JAN2032600PE.NFO,07/01/2020,09:33:53,800.45,788.8,20,812.45,20,0,29420
BANKNIFTY09JAN2032600PE.NFO,07/01/2020,09:33:54,800.45,788.9,20,812.4,480,0,29420
BANKNIFTY09JAN2032600PE.NFO,07/01/2020,09:33:55,800.45,788.9,20,812.35,20,0,29420
BANKNIFTY09JAN2032600PE.NFO,07/01/2020,09:33:56,800.45,788.9,20,812.15,20,0,29420
BANKNIFTY09JAN2032600PE.NFO,07/01/2020,09:33:57,800.45,788.9,20,811.65,480,0,29420
BANKNIFTY09JAN2032600PE.NFO,07/01/2020,09:33:58,800.45,788.9,20,811.6,40,0,29420
BANKNIFTY09JAN2032600PE.NFO,07/01/2020,09:33:59,800.45,788.9,20,811.6,20,0,29420
BANKNIFTY09JAN2032600PE.NFO,07/01/2020,09:34:00,800.45,788.9,20,811.2,20,0,29420
BANKNIFTY09JAN2032600PE.NFO,07/01/2020,09:34:01,800.45,788.75,80,810.45,20,0,29420
BANKNIFTY09JAN2032600PE.NFO,07/01/2020,09:34:02,800.45,788.2,80,809.9,60,0,29420
BANKNIFTY09JAN2032600PE.NFO,07/01/2020,09:34:03,800.45,788.2,80,809.7,20,0,29420
BANKNIFTY09JAN2032600PE.NFO,07/01/2020,09:34:04,800.45,788.3,80,809.75,300,0,29420
BANKNIFTY09JAN2032600PE.NFO,07/01/2020,09:34:05,800.45,788.35,100,809.75,300,0,29420
BANKNIFTY09JAN2032600PE.NFO,07/01/2020,09:34:06,800.45,788.45,80,809.75,300,0,29420
BANKNIFTY09JAN2032600PE.NFO,07/01/2020,09:34:07,800.45,788.6,40,809.75,300,0,29420
BANKNIFTY09JAN2032600PE.NFO,07/01/2020,09:34:08,800.45,788.85,40,809.75,300,0,29420
BANKNIFTY09JAN2032600PE.NFO,07/01/2020,09:34:09,800.45,788.95,40,809.75,300,0,29420
BANKNIFTY09JAN2032600PE.NFO,07/01/2020,09:34:10,800.45,789,20,809.75,300,0,29420
BANKNIFTY09JAN2032600PE.NFO,07/01/2020,09:34:11,800.45,789.1,40,809.7,40,0,29420
BANKNIFTY09JAN2032600PE.NFO,07/01/2020,09:34:12,800.45,789.1,20,809.7,40,0,29420
BANKNIFTY09JAN2032600PE.NFO,07/01/2020,09:34:13,800.45,789.15,20,809.7,40,0,29420
BANKNIFTY09JAN2032600PE.NFO,07/01/2020,09:34:14,800.45,789.45,20,809.7,40,0,29420
BANKNIFTY09JAN2032600PE.NFO,07/01/2020,09:34:15,800.45,789.75,200,809.7,40,0,29420
BANKNIFTY09JAN2032600PE.NFO,07/01/2020,09:34:18,800.45,790,20,809.7,40,0,29420
BANKNIFTY09JAN2032600PE.NFO,07/01/2020,09:34:19,800.45,790.6,40,809.75,300,0,29420
BANKNIFTY09JAN2032600PE.NFO,07/01/2020,09:34:20,800.45,791.9,20,809.6,20,0,29420
BANKNIFTY09JAN2032600PE.NFO,07/01/2020,09:34:21,800.45,792.05,20,809.55,300,0,29420
BANKNIFTY09JAN2032600PE.NFO,07/01/2020,09:34:22,800.45,792.45,20,809.55,100,0,29420
BANKNIFTY09JAN2032600PE.NFO,07/01/2020,09:34:23,800.45,792.45,20,809.5,40,0,29420
BANKNIFTY09JAN2032600PE.NFO,07/01/2020,09:34:24,800.45,792.7,20,809.45,180,0,29420
BANKNIFTY09JAN2032600PE.NFO,07/01/2020,09:34:25,800.45,793.05,40,809.45,180,0,29420
BANKNIFTY09JAN2032600PE.NFO,07/01/2020,09:34:26,800.45,793.65,20,814,360,0,29420
BANKNIFTY09JAN2032600PE.NFO,07/01/2020,09:34:27,800.45,794.2,80,822,460,0,29420
BANKNIFTY09JAN2032600PE.NFO,07/01/2020,09:34:28,800.45,794.9,40,822,460,0,29420
BANKNIFTY09JAN2032600PE.NFO,07/01/2020,09:34:29,800.45,795.3,40,822,460,0,29420
BANKNIFTY09JAN2032600PE.NFO,07/01/2020,09:34:30,800.45,795.6,60,821.95,100,0,29420
BANKNIFTY09JAN2032600PE.NFO,07/01/2020,09:34:31,800.45,795.9,40,821.95,100,0,29420
BANKNIFTY09JAN2032600PE.NFO,07/01/2020,09:34:32,800.45,796.15,60,821.95,100,0,29420
BANKNIFTY09JAN2032600PE.NFO,07/01/2020,09:34:33,800.45,796.5,20,821.95,100,0,29420
BANKNIFTY09JAN2032600PE.NFO,07/01/2020,09:34:34,800.45,798.3,40,821.95,100,0,29420
BANKNIFTY09JAN2032600PE.NFO,07/01/2020,09:34:35,800.45,799.25,20,821.95,100,0,29420
BANKNIFTY09JAN2032600PE.NFO,07/01/2020,09:34:36,800.45,801.3,40,822,460,0,29420
BANKNIFTY09JAN2032600PE.NFO,07/01/2020,09:34:37,800.45,801.3,40,821.95,100,0,29420
BANKNIFTY09JAN2032600PE.NFO,07/01/2020,09:34:38,800.45,801.6,40,821.95,100,0,29420
BANKNIFTY09JAN2032600PE.NFO,07/01/2020,09:34:39,800.45,803.4,40,821.95,100,0,29420
BANKNIFTY09JAN2032600PE.NFO,07/01/2020,09:34:40,800.45,803.05,20,821.9,100,0,29420
BANKNIFTY09JAN2032600PE.NFO,07/01/2020,09:34:41,800.45,803,200,821.9,100,0,29420
BANKNIFTY09JAN2032600PE.NFO,07/01/2020,09:34:42,800.45,804.75,40,821.9,100,0,29420
BANKNIFTY09JAN2032600PE.NFO,07/01/2020,09:34:43,800.45,804.5,20,821.85,100,0,29420
BANKNIFTY09JAN2032600PE.NFO,07/01/2020,09:34:44,800.45,805.45,20,821.85,100,0,29420
BANKNIFTY09JAN2032600PE.NFO,07/01/2020,09:34:45,800.45,806.2,340,821.85,100,0,29420
BANKNIFTY09JAN2032600PE.NFO,07/01/2020,09:34:46,800.45,806.8,40,821.85,100,0,29420
BANKNIFTY09JAN2032600PE.NFO,07/01/2020,09:34:47,800.45,807.1,20,821.85,100,0,29420
BANKNIFTY09JAN2032600PE.NFO,07/01/2020,09:34:48,800.45,807.3,140,821.85,100,0,29420
BANKNIFTY09JAN2032600PE.NFO,07/01/2020,09:34:50,800.45,807.35,40,821.85,100,0,29420
BANKNIFTY09JAN2032600PE.NFO,07/01/2020,09:34:51,800.45,802.55,420,821.85,100,0,29420
BANKNIFTY09JAN2032600PE.NFO,07/01/2020,09:34:52,800.45,802.6,100,821.85,100,0,29420
BANKNIFTY09JAN2032600PE.NFO,07/01/2020,09:34:53,800.45,803.15,40,821.85,100,0,29420
BANKNIFTY09JAN2032600PE.NFO,07/01/2020,09:34:54,800.45,803.25,20,821.85,100,0,29420
BANKNIFTY09JAN2032600PE.NFO,07/01/2020,09:34:55,800.45,811.85,220,822,220,0,29420
BANKNIFTY09JAN2032600PE.NFO,07/01/2020,09:34:56,800.45,811.85,140,821.9,100,0,29420
BANKNIFTY09JAN2032600PE.NFO,07/01/2020,09:34:57,800.45,811.85,140,821.9,200,0,29420
BANKNIFTY09JAN2032600PE.NFO,07/01/2020,09:34:59,800.45,808.55,40,821.85,100,0,29420
BANKNIFTY09JAN2032600PE.NFO,07/01/2020,09:35:00,800.45,806.05,20,821.85,100,0,29420
BANKNIFTY09JAN2032600PE.NFO,07/01/2020,09:35:01,800.45,806.2,60,821.85,100,0,29420
BANKNIFTY09JAN2032600PE.NFO,07/01/2020,09:35:02,800.45,806.35,20,821.85,100,0,29420
BANKNIFTY09JAN2032600PE.NFO,07/01/2020,09:35:03,800.45,806.4,140,821.85,100,0,29420
BANKNIFTY09JAN2032600PE.NFO,07/01/2020,09:35:04,800.45,806.5,20,821.85,100,0,29420
BANKNIFTY09JAN2032600PE.NFO,07/01/2020,09:35:05,800.45,806.55,100,821.85,100,0,29420
BANKNIFTY09JAN2032600PE.NFO,07/01/2020,09:35:06,800.45,806.45,180,821.85,100,0,29420
BANKNIFTY09JAN2032600PE.NFO,07/01/2020,09:35:07,800.45,806.7,40,821.85,100,0,29420
BANKNIFTY09JAN2032600PE.NFO,07/01/2020,09:35:08,800.45,807.7,20,821.9,100,0,29420
BANKNIFTY09JAN2032600PE.NFO,07/01/2020,09:35:09,800.45,807.9,40,821.85,100,0,29420
BANKNIFTY09JAN2032600PE.NFO,07/01/2020,09:35:10,800.45,807.8,20,821.75,120,0,29420
BANKNIFTY09JAN2032600PE.NFO,07/01/2020,09:35:11,800.45,808,20,821.7,40,0,29420
BANKNIFTY09JAN2032600PE.NFO,07/01/2020,09:35:12,800.45,808.35,160,821.7,40,0,29420
BANKNIFTY09JAN2032600PE.NFO,07/01/2020,09:35:13,800.45,808.55,40,821.7,40,0,29420
BANKNIFTY09JAN2032600PE.NFO,07/01/2020,09:35:14,800.45,808.9,20,821.7,40,0,29420
BANKNIFTY09JAN2032600PE.NFO,07/01/2020,09:35:15,800.45,808.85,140,821.7,40,0,29420
BANKNIFTY09JAN2032600PE.NFO,07/01/2020,09:35:16,800.45,809.1,20,821.7,40,0,29420
BANKNIFTY09JAN2032600PE.NFO,07/01/2020,09:35:17,800.45,809.55,20,821.7,40,0,29420
BANKNIFTY09JAN2032600PE.NFO,07/01/2020,09:35:18,800.45,809.8,20,821.7,40,0,29420
BANKNIFTY09JAN2032600PE.NFO,07/01/2020,09:35:19,800.45,810.1,40,821.7,40,0,29420
BANKNIFTY09JAN2032600PE.NFO,07/01/2020,09:35:20,800.45,810.2,100,821.7,40,0,29420
BANKNIFTY09JAN2032600PE.NFO,07/01/2020,09:35:21,800.45,810.2,20,821.7,40,0,29420
BANKNIFTY09JAN2032600PE.NFO,07/01/2020,09:35:22,800.45,812.45,40,821.75,40,0,29420
BANKNIFTY09JAN2032600PE.NFO,07/01/2020,09:35:23,800.45,812.75,140,821.6,40,0,29420
BANKNIFTY09JAN2032600PE.NFO,07/01/2020,09:35:24,800.45,812.8,20,821.7,80,0,29420
BANKNIFTY09JAN2032600PE.NFO,07/01/2020,09:35:25,800.45,812.8,20,821.65,140,0,29420
BANKNIFTY09JAN2032600PE.NFO,07/01/2020,09:35:26,800.45,813.5,160,821.75,40,0,29420
BANKNIFTY09JAN2032600PE.NFO,07/01/2020,09:35:27,800.45,813.5,160,821.65,40,0,29420
BANKNIFTY09JAN2032600PE.NFO,07/01/2020,09:35:28,800.45,813.75,140,824.45,460,0,29420
BANKNIFTY09JAN2032600PE.NFO,07/01/2020,09:35:29,800.45,813.75,140,824.4,100,0,29420
BANKNIFTY09JAN2032600PE.NFO,07/01/2020,09:35:30,800.45,813.8,40,824.45,360,0,29420
BANKNIFTY09JAN2032600PE.NFO,07/01/2020,09:35:31,800.45,814.15,40,824.4,100,0,29420
BANKNIFTY09JAN2032600PE.NFO,07/01/2020,09:35:32,800.45,814.55,40,824.4,100,0,29420
BANKNIFTY09JAN2032600PE.NFO,07/01/2020,09:35:33,800.45,815.15,40,824.45,260,0,29420
BANKNIFTY09JAN2032600PE.NFO,07/01/2020,09:35:34,800.45,816.3,40,824.4,200,0,29420
BANKNIFTY09JAN2032600PE.NFO,07/01/2020,09:35:35,800.45,816.3,40,824.4,100,0,29420
BANKNIFTY09JAN2032600PE.NFO,07/01/2020,09:35:36,800.45,816.4,60,824.45,260,0,29420
BANKNIFTY09JAN2032600PE.NFO,07/01/2020,09:35:37,800.45,819.5,40,824.45,40,0,29420
BANKNIFTY09JAN2032600PE.NFO,07/01/2020,09:35:39,800.45,821.2,40,834.15,460,0,29420
BANKNIFTY09JAN2032600PE.NFO,07/01/2020,09:35:40,800.45,822.8,40,834.15,460,0,29420
BANKNIFTY09JAN2032600PE.NFO,07/01/2020,09:35:41,800.45,824.3,40,834.15,460,0,29420
BANKNIFTY09JAN2032600PE.NFO,07/01/2020,09:35:42,800.45,823.75,40,834.1,100,0,29420
BANKNIFTY09JAN2032600PE.NFO,07/01/2020,09:35:43,800.45,823.75,40,834.05,160,0,29420
BANKNIFTY09JAN2032600PE.NFO,07/01/2020,09:35:44,800.45,828.2,40,837.25,180,0,29420
BANKNIFTY09JAN2032600PE.NFO,07/01/2020,09:35:45,800.45,828.15,240,837.25,80,0,29420
BANKNIFTY09JAN2032600PE.NFO,07/01/2020,09:35:46,800.45,829.35,80,837.25,80,0,29420
BANKNIFTY09JAN2032600PE.NFO,07/01/2020,09:35:47,800.45,829.35,40,837.25,220,0,29420
BANKNIFTY09JAN2032600PE.NFO,07/01/2020,09:35:48,800.45,825.8,40,837.15,100,0,29420
BANKNIFTY09JAN2032600PE.NFO,07/01/2020,09:35:50,800.45,817.8,40,837.05,40,0,29420
BANKNIFTY09JAN2032600PE.NFO,07/01/2020,09:35:51,800.45,818.8,40,837,120,0,29420
BANKNIFTY09JAN2032600PE.NFO,07/01/2020,09:35:52,800.45,818.8,40,836.95,100,0,29420
BANKNIFTY09JAN2032600PE.NFO,07/01/2020,09:35:53,800.45,818.8,40,836.9,100,0,29420
BANKNIFTY09JAN2032600PE.NFO,07/01/2020,09:36:01,800.45,818.9,40,836.9,100,0,29420
BANKNIFTY09JAN2032600PE.NFO,07/01/2020,09:36:02,800.45,819,40,836.9,100,0,29420
BANKNIFTY09JAN2032600PE.NFO,07/01/2020,09:36:04,800.45,819.2,40,836.9,100,0,29420
BANKNIFTY09JAN2032600PE.NFO,07/01/2020,09:36:05,800.45,819.4,40,836.9,100,0,29420
BANKNIFTY09JAN2032600PE.NFO,07/01/2020,09:36:07,800.45,819.5,40,836.9,100,0,29420
BANKNIFTY09JAN2032600PE.NFO,07/01/2020,09:36:08,800.45,819.6,40,836.9,100,0,29420
BANKNIFTY09JAN2032600PE.NFO,07/01/2020,09:36:11,800.45,818.55,40,836.9,100,0,29420
BANKNIFTY09JAN2032600PE.NFO,07/01/2020,09:36:12,800.45,809.9,40,836.85,20,0,29420
BANKNIFTY09JAN2032600PE.NFO,07/01/2020,09:36:13,800.45,809.85,240,836.55,20,0,29420
BANKNIFTY09JAN2032600PE.NFO,07/01/2020,09:36:15,800.45,809.9,280,835.6,360,0,29420
BANKNIFTY09JAN2032600PE.NFO,07/01/2020,09:36:16,800.45,811,40,835.5,20,0,29420
BANKNIFTY09JAN2032600PE.NFO,07/01/2020,09:36:17,800.45,811.3,60,835.5,20,0,29420
BANKNIFTY09JAN2032600PE.NFO,07/01/2020,09:36:18,800.45,811.6,80,835.5,20,0,29420
BANKNIFTY09JAN2032600PE.NFO,07/01/2020,09:36:19,800.45,811.8,60,835.55,200,0,29420
BANKNIFTY09JAN2032600PE.NFO,07/01/2020,09:36:21,800.45,812.1,60,835.55,200,0,29420
BANKNIFTY09JAN2032600PE.NFO,07/01/2020,09:36:22,800.45,812.7,40,835.55,200,0,29420
BANKNIFTY09JAN2032600PE.NFO,07/01/2020,09:36:23,800.45,817.4,40,835.55,200,0,29420
BANKNIFTY09JAN2032600PE.NFO,07/01/2020,09:36:24,800.45,817.75,20,835.55,200,0,29420
BANKNIFTY09JAN2032600PE.NFO,07/01/2020,09:36:26,800.45,817.9,140,835.55,200,0,29420
BANKNIFTY09JAN2032600PE.NFO,07/01/2020,09:36:27,800.45,817.95,80,835.55,200,0,29420
BANKNIFTY09JAN2032600PE.NFO,07/01/2020,09:36:32,800.45,813,40,835.55,200,0,29420
BANKNIFTY09JAN2032600PE.NFO,07/01/2020,09:36:33,800.45,814.35,320,835.55,200,0,29420
BANKNIFTY09JAN2032600PE.NFO,07/01/2020,09:36:34,800.45,814.9,40,835.55,200,0,29420
BANKNIFTY09JAN2032600PE.NFO,07/01/2020,09:36:35,800.45,814.8,20,835.5,20,0,29420
BANKNIFTY09JAN2032600PE.NFO,07/01/2020,09:36:36,800.45,815.2,20,835.5,20,0,29420
BANKNIFTY09JAN2032600PE.NFO,07/01/2020,09:36:37,800.45,815.7,20,835.5,20,0,29420
BANKNIFTY09JAN2032600PE.NFO,07/01/2020,09:36:39,800.45,815.8,160,835.5,20,0,29420
BANKNIFTY09JAN2032600PE.NFO,07/01/2020,09:36:40,800.45,815.85,80,835.5,20,0,29420
BANKNIFTY09JAN2032600PE.NFO,07/01/2020,09:36:41,800.45,815.9,80,835.5,20,0,29420
BANKNIFTY09JAN2032600PE.NFO,07/01/2020,09:36:42,800.45,816,20,835.5,20,0,29420
BANKNIFTY09JAN2032600PE.NFO,07/01/2020,09:36:43,800.45,816.05,60,835.5,20,0,29420
BANKNIFTY09JAN2032600PE.NFO,07/01/2020,09:36:44,800.45,812.9,280,835.5,20,0,29420
BANKNIFTY09JAN2032600PE.NFO,07/01/2020,09:36:46,800.45,813,40,835.5,20,0,29420
BANKNIFTY09JAN2032600PE.NFO,07/01/2020,09:36:47,800.45,813.7,40,835.5,20,0,29420
BANKNIFTY09JAN2032600PE.NFO,07/01/2020,09:36:48,800.45,813.65,320,835.5,20,0,29420
BANKNIFTY09JAN2032600PE.NFO,07/01/2020,09:36:49,800.45,813.65,140,835.5,20,0,29420
BANKNIFTY09JAN2032600PE.NFO,07/01/2020,09:36:53,800.45,813.65,140,835.45,20,0,29420
BANKNIFTY09JAN2032600PE.NFO,07/01/2020,09:36:54,800.45,813.7,80,835.45,20,0,29420
BANKNIFTY09JAN2032600PE.NFO,07/01/2020,09:36:55,800.45,813.65,60,835.45,20,0,29420
BANKNIFTY09JAN2032600PE.NFO,07/01/2020,09:36:56,800.45,812.9,60,831.15,360,0,29420
BANKNIFTY09JAN2032600PE.NFO,07/01/2020,09:36:58,800.45,805.6,520,831.1,200,0,29420
BANKNIFTY09JAN2032600PE.NFO,07/01/2020,09:36:59,800.45,806.1,20,831.1,200,0,29420
BANKNIFTY09JAN2032600PE.NFO,07/01/2020,09:37:00,800.45,806.2,60,831.1,200,0,29420
BANKNIFTY09JAN2032600PE.NFO,07/01/2020,09:37:01,800.45,808.2,40,831.1,200,0,29420
BANKNIFTY09JAN2032600PE.NFO,07/01/2020,09:37:03,800.45,810.8,40,831.1,200,0,29420
BANKNIFTY09JAN2032600PE.NFO,07/01/2020,09:37:04,800.45,810.55,260,831.1,200,0,29420
BANKNIFTY09JAN2032600PE.NFO,07/01/2020,09:37:05,800.45,810.6,80,831.05,20,0,29420
BANKNIFTY09JAN2032600PE.NFO,07/01/2020,09:37:06,800.45,810.75,40,831.1,200,0,29420
BANKNIFTY09JAN2032600PE.NFO,07/01/2020,09:37:07,800.45,810.85,40,831.05,20,0,29420
BANKNIFTY09JAN2032600PE.NFO,07/01/2020,09:37:09,800.45,810.95,40,831.1,200,0,29420
BANKNIFTY09JAN2032600PE.NFO,07/01/2020,09:37:10,800.45,811.15,40,831.1,200,0,29420
BANKNIFTY09JAN2032600PE.NFO,07/01/2020,09:37:11,800.45,811.25,40,831.1,200,0,29420
BANKNIFTY09JAN2032600PE.NFO,07/01/2020,09:37:12,800.45,811.75,80,831.1,200,0,29420
BANKNIFTY09JAN2032600PE.NFO,07/01/2020,09:37:13,800.45,811.75,40,831.1,200,0,29420
BANKNIFTY09JAN2032600PE.NFO,07/01/2020,09:37:14,800.45,812.3,40,831.1,200,0,29420
BANKNIFTY09JAN2032600PE.NFO,07/01/2020,09:37:15,800.45,813.35,40,831.1,200,0,29420
BANKNIFTY09JAN2032600PE.NFO,07/01/2020,09:37:16,800.45,813.3,320,831.1,200,0,29420
BANKNIFTY09JAN2032600PE.NFO,07/01/2020,09:37:17,800.45,813.3,160,831.1,200,0,29420
BANKNIFTY09JAN2032600PE.NFO,07/01/2020,09:37:18,800.45,813.45,20,831.1,200,0,29420
BANKNIFTY09JAN2032600PE.NFO,07/01/2020,09:37:20,800.45,813.85,140,831.1,200,0,29420
BANKNIFTY09JAN2032600PE.NFO,07/01/2020,09:37:21,800.45,814,120,831.1,200,0,29420
BANKNIFTY09JAN2032600PE.NFO,07/01/2020,09:37:22,800.45,814.1,140,831.1,200,0,29420
BANKNIFTY09JAN2032600PE.NFO,07/01/2020,09:37:23,800.45,814.3,60,831.1,200,0,29420
BANKNIFTY09JAN2032600PE.NFO,07/01/2020,09:37:24,800.45,814.5,40,831.1,200,0,29420
BANKNIFTY09JAN2032600PE.NFO,07/01/2020,09:37:25,800.45,814.75,140,831.1,200,0,29420
BANKNIFTY09JAN2032600PE.NFO,07/01/2020,09:37:26,800.45,815,20,831.1,200,0,29420
BANKNIFTY09JAN2032600PE.NFO,07/01/2020,09:37:27,800.45,815.3,20,831.1,200,0,29420
BANKNIFTY09JAN2032600PE.NFO,07/01/2020,09:37:28,800.45,815.6,20,831.1,200,0,29420
BANKNIFTY09JAN2032600PE.NFO,07/01/2020,09:37:29,800.45,815.95,220,831.1,200,0,29420
BANKNIFTY09JAN2032600PE.NFO,07/01/2020,09:37:30,800.45,815.95,160,831.1,200,0,29420
BANKNIFTY09JAN2032600PE.NFO,07/01/2020,09:37:31,800.45,816,180,831.1,200,0,29420
BANKNIFTY09JAN2032600PE.NFO,07/01/2020,09:37:32,800.45,816.1,20,831.1,200,0,29420
BANKNIFTY09JAN2032600PE.NFO,07/01/2020,09:37:33,800.45,816.2,140,831.1,200,0,29420
BANKNIFTY09JAN2032600PE.NFO,07/01/2020,09:37:34,800.45,816.35,20,831.1,200,0,29420
BANKNIFTY09JAN2032600PE.NFO,07/01/2020,09:37:35,800.45,816.55,240,831.1,200,0,29420
BANKNIFTY09JAN2032600PE.NFO,07/01/2020,09:37:36,800.45,816.6,20,831.1,200,0,29420
BANKNIFTY09JAN2032600PE.NFO,07/01/2020,09:37:37,800.45,816.65,20,831.1,200,0,29420
BANKNIFTY09JAN2032600PE.NFO,07/01/2020,09:37:38,800.45,817.15,20,831.1,200,0,29420
BANKNIFTY09JAN2032600PE.NFO,07/01/2020,09:37:39,800.45,817.3,140,831.1,200,0,29420
BANKNIFTY09JAN2032600PE.NFO,07/01/2020,09:37:40,800.45,817.5,20,831.1,200,0,29420
BANKNIFTY09JAN2032600PE.NFO,07/01/2020,09:37:41,800.45,817.8,40,831.1,100,0,29420
BANKNIFTY09JAN2032600PE.NFO,07/01/2020,09:37:42,800.45,818.05,80,831.05,100,0,29420
BANKNIFTY09JAN2032600PE.NFO,07/01/2020,09:37:43,800.45,818.05,160,831.05,100,0,29420
BANKNIFTY09JAN2032600PE.NFO,07/01/2020,09:37:44,800.45,815.95,220,831.05,100,0,29420
BANKNIFTY09JAN2032600PE.NFO,07/01/2020,09:37:46,800.45,816.25,20,831.05,100,0,29420
BANKNIFTY09JAN2032600PE.NFO,07/01/2020,09:37:47,800.45,816.75,20,831.05,100,0,29420
BANKNIFTY09JAN2032600PE.NFO,07/01/2020,09:37:48,800.45,817,20,831.05,100,0,29420
BANKNIFTY09JAN2032600PE.NFO,07/01/2020,09:37:49,800.45,817.7,20,831.05,100,0,29420
BANKNIFTY09JAN2032600PE.NFO,07/01/2020,09:37:50,800.45,817.75,100,831.05,100,0,29420
BANKNIFTY09JAN2032600PE.NFO,07/01/2020,09:37:53,800.45,817.8,80,831.05,100,0,29420
BANKNIFTY09JAN2032600PE.NFO,07/01/2020,09:37:55,800.45,817.85,20,831.05,100,0,29420
BANKNIFTY09JAN2032600PE.NFO,07/01/2020,09:37:57,800.45,818.05,20,831.05,100,0,29420
BANKNIFTY09JAN2032600PE.NFO,07/01/2020,09:37:58,800.45,818.2,20,831.05,100,0,29420
BANKNIFTY09JAN2032600PE.NFO,07/01/2020,09:37:59,800.45,818.2,40,831.05,100,0,29420
BANKNIFTY09JAN2032600PE.NFO,07/01/2020,09:38:00,800.45,818.2,20,831.05,100,0,29420
BANKNIFTY09JAN2032600PE.NFO,07/01/2020,09:38:01,800.45,818.25,20,831.05,100,0,29420
BANKNIFTY09JAN2032600PE.NFO,07/01/2020,09:38:03,800.45,816.1,20,831.05,100,0,29420
BANKNIFTY09JAN2032600PE.NFO,07/01/2020,09:38:04,800.45,816.2,20,831.05,100,0,29420
BANKNIFTY09JAN2032600PE.NFO,07/01/2020,09:38:06,800.45,816.35,20,831.05,100,0,29420
BANKNIFTY09JAN2032600PE.NFO,07/01/2020,09:38:07,800.45,816.6,20,831.05,100,0,29420
BANKNIFTY09JAN2032600PE.NFO,07/01/2020,09:38:08,800.45,816.8,20,831.05,100,0,29420
BANKNIFTY09JAN2032600PE.NFO,07/01/2020,09:38:09,800.45,817.1,60,831.05,100,0,29420
BANKNIFTY09JAN2032600PE.NFO,07/01/2020,09:38:10,800.45,817.4,20,831.05,100,0,29420
BANKNIFTY09JAN2032600PE.NFO,07/01/2020,09:38:11,800.45,817.5,20,831.05,100,0,29420
BANKNIFTY09JAN2032600PE.NFO,07/01/2020,09:38:12,800.45,817.5,40,831.05,100,0,29420
BANKNIFTY09JAN2032600PE.NFO,07/01/2020,09:38:15,800.45,817.55,80,831.05,100,0,29420
BANKNIFTY09JAN2032600PE.NFO,07/01/2020,09:38:16,800.45,817.45,100,831.05,100,0,29420
BANKNIFTY09JAN2032600PE.NFO,07/01/2020,09:38:17,800.45,815.7,220,831.05,160,0,29420
BANKNIFTY09JAN2032600PE.NFO,07/01/2020,09:38:19,800.45,815.7,100,831.05,160,0,29420
BANKNIFTY09JAN2032600PE.NFO,07/01/2020,09:38:22,800.45,815.75,80,831.05,160,0,29420
BANKNIFTY09JAN2032600PE.NFO,07/01/2020,09:38:23,800.45,815.75,80,831.05,100,0,29420
BANKNIFTY09JAN2032600PE.NFO,07/01/2020,09:38:26,800.45,815.8,80,831.05,100,0,29420
BANKNIFTY09JAN2032600PE.NFO,07/01/2020,09:38:27,800.45,816.1,20,831.05,100,0,29420
BANKNIFTY09JAN2032600PE.NFO,07/01/2020,09:38:28,800.45,816.3,20,831.05,100,0,29420
BANKNIFTY09JAN2032600PE.NFO,07/01/2020,09:38:30,800.45,816.5,20,831.05,100,0,29420
BANKNIFTY09JAN2032600PE.NFO,07/01/2020,09:38:31,800.45,816.8,20,831.05,100,0,29420
BANKNIFTY09JAN2032600PE.NFO,07/01/2020,09:38:34,800.45,816.9,20,831.05,100,0,29420
BANKNIFTY09JAN2032600PE.NFO,07/01/2020,09:38:36,800.45,817.25,180,831.05,100,0,29420
BANKNIFTY09JAN2032600PE.NFO,07/01/2020,09:38:37,800.45,817.3,20,831.05,100,0,29420
