Ticker,Date,Time,LTP,BuyPrice,BuyQty,SellPrice,SellQty,LTQ,OpenInterest
BATAINDIA30JAN201740PE.NFO,07/01/2020,09:24:20,39.6,37.35,9350,40.35,550,1100,15950
BATAINDIA30JAN201740PE.NFO,07/01/2020,09:24:20,39.6,37.35,9350,40.35,550,0,15950
BATAINDIA30JAN201740PE.NFO,07/01/2020,09:24:20,39.6,37.35,9350,40.35,550,0,15950
BATAINDIA30JAN201740PE.NFO,07/01/2020,09:24:20,39.6,37.35,9350,40.35,550,0,15950
BATAINDIA30JAN201740PE.NFO,07/01/2020,09:24:27,39.6,37.35,9350,40.8,550,0,15950
BATAINDIA30JAN201740PE.NFO,07/01/2020,09:24:34,39.6,37.65,9350,41.05,550,0,15950
BATAINDIA30JAN201740PE.NFO,07/01/2020,09:24:41,39.6,38.55,9350,42.05,1100,0,15950
BATAINDIA30JAN201740PE.NFO,07/01/2020,09:24:53,39.6,38.9,7150,41,550,0,15950
BATAINDIA30JAN201740PE.NFO,07/01/2020,09:24:59,41,39.7,9350,42.45,550,550,15950
BATAINDIA30JAN201740PE.NFO,07/01/2020,09:24:59,41,39.7,9350,42.45,550,0,15950
BATAINDIA30JAN201740PE.NFO,07/01/2020,09:25:06,41,39.7,9350,41.95,550,0,15950
BATAINDIA30JAN201740PE.NFO,07/01/2020,09:25:13,41,39.8,9350,42.05,550,0,15950
BATAINDIA30JAN201740PE.NFO,07/01/2020,09:25:21,41,40.15,9350,42.25,550,0,15950
BATAINDIA30JAN201740PE.NFO,07/01/2020,09:25:28,41,40.15,8250,42.35,550,0,15950
BATAINDIA30JAN201740PE.NFO,07/01/2020,09:25:35,41,40.15,7150,42.15,550,0,15950
BATAINDIA30JAN201740PE.NFO,07/01/2020,09:25:42,41,40.25,2750,42.15,550,0,15950
BATAINDIA30JAN201740PE.NFO,07/01/2020,09:25:55,41,40.25,2750,42.1,550,0,15950
BATAINDIA30JAN201740PE.NFO,07/01/2020,09:26:06,41,40.25,3850,42.3,550,0,15950
BATAINDIA30JAN201740PE.NFO,07/01/2020,09:26:13,41,40.45,6050,42.35,550,0,15950
BATAINDIA30JAN201740PE.NFO,07/01/2020,09:26:19,41,40.55,4950,42.6,550,0,15950
BATAINDIA30JAN201740PE.NFO,07/01/2020,09:26:25,41,40.65,4950,42.65,550,0,15950
BATAINDIA30JAN201740PE.NFO,07/01/2020,09:26:30,41,40.95,1650,42.9,550,0,15950
BATAINDIA30JAN201740PE.NFO,07/01/2020,09:26:38,41,40.95,2750,42.8,550,0,15950
BATAINDIA30JAN201740PE.NFO,07/01/2020,09:26:50,41,40.95,2750,42.8,1100,0,15950
BATAINDIA30JAN201740PE.NFO,07/01/2020,09:26:54,41,40.95,2750,42.75,550,0,15950
BATAINDIA30JAN201740PE.NFO,07/01/2020,09:27:04,41,40.95,2750,42.85,550,0,15950
BATAINDIA30JAN201740PE.NFO,07/01/2020,09:27:10,41,41.05,2750,42.8,1100,0,15950
BATAINDIA30JAN201740PE.NFO,07/01/2020,09:27:15,41,41.05,2750,42.85,550,0,15950
BATAINDIA30JAN201740PE.NFO,07/01/2020,09:27:22,41,41.05,2750,42.95,1100,0,15950
BATAINDIA30JAN201740PE.NFO,07/01/2020,09:27:29,41,40.35,1650,42.25,550,0,15950
BATAINDIA30JAN201740PE.NFO,07/01/2020,09:27:35,41,40.35,2750,42,550,0,15950
BATAINDIA30JAN201740PE.NFO,07/01/2020,09:27:46,41,40.35,2750,41.95,550,0,15950
BATAINDIA30JAN201740PE.NFO,07/01/2020,09:27:51,41,40,2750,41.9,550,0,15950
BATAINDIA30JAN201740PE.NFO,07/01/2020,09:28:05,41,40.1,2750,41.7,550,0,15950
BATAINDIA30JAN201740PE.NFO,07/01/2020,09:28:18,41,40.1,2750,41.8,550,0,15950
BATAINDIA30JAN201740PE.NFO,07/01/2020,09:28:24,41,39.65,2750,41.25,550,0,15950
BATAINDIA30JAN201740PE.NFO,07/01/2020,09:28:31,41,39.75,2750,41.2,550,0,15950
BATAINDIA30JAN201740PE.NFO,07/01/2020,09:28:36,41,39.75,3850,41.3,550,0,15950
BATAINDIA30JAN201740PE.NFO,07/01/2020,09:28:41,41,39.75,2750,41.25,550,0,15950
BATAINDIA30JAN201740PE.NFO,07/01/2020,09:28:46,41,40.3,2750,41.75,550,0,15950
BATAINDIA30JAN201740PE.NFO,07/01/2020,09:28:53,41,40.4,3850,41.95,550,0,15950
BATAINDIA30JAN201740PE.NFO,07/01/2020,09:28:58,41.35,41.05,2750,42.75,1650,550,17050
BATAINDIA30JAN201740PE.NFO,07/01/2020,09:28:58,41.35,41.05,2750,42.75,1650,0,17050
BATAINDIA30JAN201740PE.NFO,07/01/2020,09:29:04,41.35,41.05,1650,42.3,550,0,17050
BATAINDIA30JAN201740PE.NFO,07/01/2020,09:29:11,41.35,41.15,550,42.6,1100,0,17050
BATAINDIA30JAN201740PE.NFO,07/01/2020,09:29:13,41.35,41.15,1650,42.35,550,0,17050
BATAINDIA30JAN201740PE.NFO,07/01/2020,09:29:13,41.35,40.7,550,42.35,1100,0,17050
BATAINDIA30JAN201740PE.NFO,07/01/2020,09:29:14,41.35,41,1650,42.45,1100,0,17050
BATAINDIA30JAN201740PE.NFO,07/01/2020,09:29:15,41.35,41.05,1650,42.45,550,0,17050
BATAINDIA30JAN201740PE.NFO,07/01/2020,09:29:16,41.35,41.2,550,42.65,550,0,17050
BATAINDIA30JAN201740PE.NFO,07/01/2020,09:29:17,41.35,41.3,2750,42.6,550,0,17050
BATAINDIA30JAN201740PE.NFO,07/01/2020,09:29:24,41.35,40.5,1100,42.45,550,0,17050
BATAINDIA30JAN201740PE.NFO,07/01/2020,09:29:24,41.35,40.5,4400,42.45,550,0,17050
BATAINDIA30JAN201740PE.NFO,07/01/2020,09:29:25,41.35,40.5,5500,42.35,550,0,17050
BATAINDIA30JAN201740PE.NFO,07/01/2020,09:29:26,41.35,40.5,4400,42.65,1100,0,17050
BATAINDIA30JAN201740PE.NFO,07/01/2020,09:29:27,41.35,40.5,4400,42.55,550,0,17050
BATAINDIA30JAN201740PE.NFO,07/01/2020,09:29:28,41.35,40.5,4400,42.4,550,0,17050
BATAINDIA30JAN201740PE.NFO,07/01/2020,09:29:29,41.35,40.5,4400,42.65,1100,0,17050
BATAINDIA30JAN201740PE.NFO,07/01/2020,09:29:30,41.35,40.5,4400,42.45,1100,0,17050
BATAINDIA30JAN201740PE.NFO,07/01/2020,09:29:32,41.35,40.5,4400,42.35,1100,0,17050
BATAINDIA30JAN201740PE.NFO,07/01/2020,09:29:33,41.35,40.5,4400,42.65,1100,0,17050
BATAINDIA30JAN201740PE.NFO,07/01/2020,09:29:34,41.35,40.5,4400,42.6,550,0,17050
BATAINDIA30JAN201740PE.NFO,07/01/2020,09:29:34,41.35,40.5,4400,42.65,1100,0,17050
BATAINDIA30JAN201740PE.NFO,07/01/2020,09:29:35,41.35,40.5,5500,42.65,1100,0,17050
BATAINDIA30JAN201740PE.NFO,07/01/2020,09:29:37,41.35,40.5,5500,42.85,550,0,17050
BATAINDIA30JAN201740PE.NFO,07/01/2020,09:29:39,41.35,40.5,5500,43,550,0,17050
BATAINDIA30JAN201740PE.NFO,07/01/2020,09:29:40,41.35,40.5,4400,43.3,1100,0,17050
BATAINDIA30JAN201740PE.NFO,07/01/2020,09:29:41,41.35,40.5,4400,43.15,550,0,17050
BATAINDIA30JAN201740PE.NFO,07/01/2020,09:29:42,41.35,40.5,5500,43,1100,0,17050
BATAINDIA30JAN201740PE.NFO,07/01/2020,09:29:43,41.35,40.5,5500,43.3,550,0,17050
BATAINDIA30JAN201740PE.NFO,07/01/2020,09:29:44,41.35,40.5,5500,43.45,1100,0,17050
BATAINDIA30JAN201740PE.NFO,07/01/2020,09:29:45,41.35,40.5,5500,43.25,1100,0,17050
BATAINDIA30JAN201740PE.NFO,07/01/2020,09:29:46,41.35,40.5,5500,43.3,550,0,17050
BATAINDIA30JAN201740PE.NFO,07/01/2020,09:29:47,41.35,40.5,6600,43.45,1100,0,17050
BATAINDIA30JAN201740PE.NFO,07/01/2020,09:29:49,41.35,40.5,5500,43.35,1100,0,17050
BATAINDIA30JAN201740PE.NFO,07/01/2020,09:29:49,41.35,40.5,5500,43.3,550,0,17050
BATAINDIA30JAN201740PE.NFO,07/01/2020,09:29:50,41.35,40.5,7700,43.25,550,0,17050
BATAINDIA30JAN201740PE.NFO,07/01/2020,09:29:54,41.35,40.5,6600,43.25,550,0,17050
BATAINDIA30JAN201740PE.NFO,07/01/2020,09:29:57,41.35,41.1,1650,44.05,550,0,17050
BATAINDIA30JAN201740PE.NFO,07/01/2020,09:29:57,41.35,41.9,550,44.05,550,0,17050
BATAINDIA30JAN201740PE.NFO,07/01/2020,09:29:58,41.35,42.3,1650,44.05,550,0,17050
BATAINDIA30JAN201740PE.NFO,07/01/2020,09:29:59,41.35,42.45,550,43.9,550,0,17050
BATAINDIA30JAN201740PE.NFO,07/01/2020,09:30:00,41.35,41.65,2200,43.6,550,0,17050
BATAINDIA30JAN201740PE.NFO,07/01/2020,09:30:01,41.35,41.75,1100,43.45,550,0,17050
BATAINDIA30JAN201740PE.NFO,07/01/2020,09:30:02,41.35,41.35,550,43,550,0,17050
BATAINDIA30JAN201740PE.NFO,07/01/2020,09:30:03,41.35,40.85,1650,42.35,550,0,17050
BATAINDIA30JAN201740PE.NFO,07/01/2020,09:30:05,41.35,41.05,1650,42.35,550,0,17050
BATAINDIA30JAN201740PE.NFO,07/01/2020,09:30:06,41.35,41.1,550,42.15,550,0,17050
BATAINDIA30JAN201740PE.NFO,07/01/2020,09:30:07,41.35,41.2,1100,42.45,1100,0,17050
BATAINDIA30JAN201740PE.NFO,07/01/2020,09:30:08,41.35,41.2,1100,42.45,550,0,17050
BATAINDIA30JAN201740PE.NFO,07/01/2020,09:30:09,41.35,41.2,1100,42.4,550,0,17050
BATAINDIA30JAN201740PE.NFO,07/01/2020,09:30:10,41.35,41.2,1100,42.45,550,0,17050
BATAINDIA30JAN201740PE.NFO,07/01/2020,09:30:12,41.35,41.2,1100,42.4,550,0,17050
BATAINDIA30JAN201740PE.NFO,07/01/2020,09:30:12,41.35,41.2,1100,42.25,550,0,17050
BATAINDIA30JAN201740PE.NFO,07/01/2020,09:30:14,41.35,41.2,1100,42.35,550,0,17050
BATAINDIA30JAN201740PE.NFO,07/01/2020,09:30:15,41.35,41.2,1100,42.3,550,0,17050
BATAINDIA30JAN201740PE.NFO,07/01/2020,09:30:16,41.35,41.2,1100,42.45,1100,0,17050
BATAINDIA30JAN201740PE.NFO,07/01/2020,09:30:17,41.35,40.5,550,42.35,550,0,17050
BATAINDIA30JAN201740PE.NFO,07/01/2020,09:30:18,41.35,40.75,550,42.2,550,0,17050
BATAINDIA30JAN201740PE.NFO,07/01/2020,09:30:19,41.35,40.85,1650,42.2,1100,0,17050
BATAINDIA30JAN201740PE.NFO,07/01/2020,09:30:20,41.35,40.85,1650,42.1,1100,0,17050
BATAINDIA30JAN201740PE.NFO,07/01/2020,09:30:21,41.35,40.85,1650,42.2,550,0,17050
BATAINDIA30JAN201740PE.NFO,07/01/2020,09:30:22,41.35,40.85,1650,42.15,1100,0,17050
BATAINDIA30JAN201740PE.NFO,07/01/2020,09:30:24,41.35,40.85,1650,42.15,550,0,17050
BATAINDIA30JAN201740PE.NFO,07/01/2020,09:30:24,41.35,40.85,1650,42.45,1100,0,17050
BATAINDIA30JAN201740PE.NFO,07/01/2020,09:30:25,41.35,40.85,1650,42.35,1100,0,17050
BATAINDIA30JAN201740PE.NFO,07/01/2020,09:30:26,41.35,40.85,1650,42.2,550,0,17050
BATAINDIA30JAN201740PE.NFO,07/01/2020,09:30:27,41.35,40.85,1650,42.15,550,0,17050
BATAINDIA30JAN201740PE.NFO,07/01/2020,09:30:28,41.35,40.85,1650,42.1,550,0,17050
BATAINDIA30JAN201740PE.NFO,07/01/2020,09:30:31,41.35,40.85,1650,42.15,550,0,17050
BATAINDIA30JAN201740PE.NFO,07/01/2020,09:30:33,41.35,40.6,550,42.2,1100,0,17050
BATAINDIA30JAN201740PE.NFO,07/01/2020,09:30:34,41.35,40.8,1650,42.2,1100,0,17050
BATAINDIA30JAN201740PE.NFO,07/01/2020,09:30:35,41.35,40.8,1650,42.2,1650,0,17050
BATAINDIA30JAN201740PE.NFO,07/01/2020,09:30:36,41.35,40.8,1650,42.15,550,0,17050
BATAINDIA30JAN201740PE.NFO,07/01/2020,09:30:38,41.35,40.9,1650,42.15,550,0,17050
BATAINDIA30JAN201740PE.NFO,07/01/2020,09:30:38,41.35,39.6,2750,42.45,1100,0,17050
BATAINDIA30JAN201740PE.NFO,07/01/2020,09:30:39,41.35,39.85,550,42.35,1100,0,17050
BATAINDIA30JAN201740PE.NFO,07/01/2020,09:30:40,41.35,40.45,1650,42.3,550,0,17050
BATAINDIA30JAN201740PE.NFO,07/01/2020,09:30:41,41.35,39.75,2200,41.7,550,0,17050
BATAINDIA30JAN201740PE.NFO,07/01/2020,09:30:42,41.35,39.75,2200,41.8,550,0,17050
BATAINDIA30JAN201740PE.NFO,07/01/2020,09:30:43,41.35,39.75,2200,42.15,550,0,17050
BATAINDIA30JAN201740PE.NFO,07/01/2020,09:30:44,41.35,39.75,2200,42.3,1100,0,17050
BATAINDIA30JAN201740PE.NFO,07/01/2020,09:30:46,41.35,39.75,2200,42.1,1100,0,17050
BATAINDIA30JAN201740PE.NFO,07/01/2020,09:30:47,41.35,39.75,2200,42.05,550,0,17050
BATAINDIA30JAN201740PE.NFO,07/01/2020,09:30:48,41.35,39.75,2200,42.25,1100,0,17050
BATAINDIA30JAN201740PE.NFO,07/01/2020,09:30:49,41.35,39.75,2200,42.15,1100,0,17050
BATAINDIA30JAN201740PE.NFO,07/01/2020,09:30:50,41.35,39.75,2200,42.05,1100,0,17050
BATAINDIA30JAN201740PE.NFO,07/01/2020,09:30:51,41.35,39.75,2200,42.3,1100,0,17050
BATAINDIA30JAN201740PE.NFO,07/01/2020,09:30:53,41.35,39.75,2200,42,1100,0,17050
BATAINDIA30JAN201740PE.NFO,07/01/2020,09:30:53,41.35,39.75,2200,41.9,1100,0,17050
BATAINDIA30JAN201740PE.NFO,07/01/2020,09:30:58,41.35,39.75,2200,42.05,550,0,17050
BATAINDIA30JAN201740PE.NFO,07/01/2020,09:30:59,41.35,39.75,2200,41.95,1100,0,17050
BATAINDIA30JAN201740PE.NFO,07/01/2020,09:31:01,41.35,39.75,2200,41.8,550,0,17050
BATAINDIA30JAN201740PE.NFO,07/01/2020,09:31:02,41.35,39.75,2200,41.95,550,0,17050
BATAINDIA30JAN201740PE.NFO,07/01/2020,09:31:03,41.35,39.75,2200,41.75,550,0,17050
BATAINDIA30JAN201740PE.NFO,07/01/2020,09:31:04,41.35,39.75,2200,41.85,550,0,17050
BATAINDIA30JAN201740PE.NFO,07/01/2020,09:31:05,41.35,39.75,2200,42.1,1100,0,17050
BATAINDIA30JAN201740PE.NFO,07/01/2020,09:31:06,41.35,39.75,2200,42,1100,0,17050
BATAINDIA30JAN201740PE.NFO,07/01/2020,09:31:07,41.35,39.75,2200,42,550,0,17050
BATAINDIA30JAN201740PE.NFO,07/01/2020,09:31:08,41.35,39.75,2200,42.25,1100,0,17050
BATAINDIA30JAN201740PE.NFO,07/01/2020,09:31:09,41.35,39.75,2200,42,1100,0,17050
BATAINDIA30JAN201740PE.NFO,07/01/2020,09:31:12,41.35,39.75,2200,41.8,1100,0,17050
BATAINDIA30JAN201740PE.NFO,07/01/2020,09:31:15,41.35,39.75,2200,41.8,550,0,17050
BATAINDIA30JAN201740PE.NFO,07/01/2020,09:31:16,41.35,39.75,2200,41.75,1100,0,17050
BATAINDIA30JAN201740PE.NFO,07/01/2020,09:31:18,41.35,39.75,2200,41.75,550,0,17050
BATAINDIA30JAN201740PE.NFO,07/01/2020,09:31:24,41.35,39.75,2200,41.9,550,0,17050
BATAINDIA30JAN201740PE.NFO,07/01/2020,09:31:26,41.35,39.75,2200,42.05,550,0,17050
BATAINDIA30JAN201740PE.NFO,07/01/2020,09:31:27,41.35,39.75,2200,41.95,1100,0,17050
BATAINDIA30JAN201740PE.NFO,07/01/2020,09:31:28,41.35,39.75,2200,41.9,550,0,17050
BATAINDIA30JAN201740PE.NFO,07/01/2020,09:31:29,41.35,39.75,2200,42.05,1100,0,17050
BATAINDIA30JAN201740PE.NFO,07/01/2020,09:31:30,41.35,39.75,2200,41.95,1100,0,17050
BATAINDIA30JAN201740PE.NFO,07/01/2020,09:31:31,41.35,39.75,2200,41.9,550,0,17050
BATAINDIA30JAN201740PE.NFO,07/01/2020,09:31:32,41.35,39.75,2200,41.75,1100,0,17050
BATAINDIA30JAN201740PE.NFO,07/01/2020,09:31:34,41.35,39.75,2200,41.75,550,0,17050
BATAINDIA30JAN201740PE.NFO,07/01/2020,09:31:36,41.35,39.75,2200,42.2,1100,0,17050
BATAINDIA30JAN201740PE.NFO,07/01/2020,09:31:37,41.35,39.75,2200,42,1100,0,17050
BATAINDIA30JAN201740PE.NFO,07/01/2020,09:31:39,41.35,39.75,2200,42.2,1100,0,17050
BATAINDIA30JAN201740PE.NFO,07/01/2020,09:31:40,41.35,39.75,2200,42.1,1100,0,17050
BATAINDIA30JAN201740PE.NFO,07/01/2020,09:31:41,41.35,39.75,2200,42,1100,0,17050
BATAINDIA30JAN201740PE.NFO,07/01/2020,09:31:42,41.35,39.75,2200,41.95,550,0,17050
BATAINDIA30JAN201740PE.NFO,07/01/2020,09:31:43,41.35,39.75,2200,42.2,1100,0,17050
BATAINDIA30JAN201740PE.NFO,07/01/2020,09:31:44,41.35,39.75,2200,42.1,1100,0,17050
BATAINDIA30JAN201740PE.NFO,07/01/2020,09:31:45,41.35,39.75,2200,42,1100,0,17050
BATAINDIA30JAN201740PE.NFO,07/01/2020,09:31:46,41.35,39.75,2200,41.95,550,0,17050
BATAINDIA30JAN201740PE.NFO,07/01/2020,09:31:47,41.35,39.75,2200,42.2,1100,0,17050
BATAINDIA30JAN201740PE.NFO,07/01/2020,09:31:48,41.35,39.75,2200,42.05,550,0,17050
BATAINDIA30JAN201740PE.NFO,07/01/2020,09:31:49,41.35,39.75,2200,42.2,1100,0,17050
BATAINDIA30JAN201740PE.NFO,07/01/2020,09:31:51,41.35,39.75,2200,42.1,1100,0,17050
BATAINDIA30JAN201740PE.NFO,07/01/2020,09:31:52,41.35,39.75,2200,42.05,550,0,17050
BATAINDIA30JAN201740PE.NFO,07/01/2020,09:31:52,41.35,39.75,2200,42.2,1100,0,17050
BATAINDIA30JAN201740PE.NFO,07/01/2020,09:31:54,41.35,39.75,2200,42,1100,0,17050
BATAINDIA30JAN201740PE.NFO,07/01/2020,09:31:55,41.35,39.75,2200,41.9,1100,0,17050
BATAINDIA30JAN201740PE.NFO,07/01/2020,09:31:56,41.35,39.75,2200,41.9,1650,0,17050
BATAINDIA30JAN201740PE.NFO,07/01/2020,09:32:08,41.35,39.75,2200,41.8,1650,0,17050
BATAINDIA30JAN201740PE.NFO,07/01/2020,09:32:09,41.35,39.75,2200,41.8,1100,0,17050
BATAINDIA30JAN201740PE.NFO,07/01/2020,09:32:11,41.35,39.75,1650,41.7,1100,0,17050
BATAINDIA30JAN201740PE.NFO,07/01/2020,09:32:11,41.35,39.8,1650,41.45,550,0,17050
BATAINDIA30JAN201740PE.NFO,07/01/2020,09:32:13,41.35,38.95,550,41.4,550,0,17050
BATAINDIA30JAN201740PE.NFO,07/01/2020,09:32:18,41.35,40,1650,41.35,550,0,17050
BATAINDIA30JAN201740PE.NFO,07/01/2020,09:32:31,41.35,39.8,550,41.2,550,0,17050
BATAINDIA30JAN201740PE.NFO,07/01/2020,09:32:37,41.35,39.9,550,41.3,550,0,17050
BATAINDIA30JAN201740PE.NFO,07/01/2020,09:32:43,41.35,39.4,1650,41.3,550,0,17050
BATAINDIA30JAN201740PE.NFO,07/01/2020,09:32:49,41.35,39.15,550,41.25,550,0,17050
BATAINDIA30JAN201740PE.NFO,07/01/2020,09:32:55,41.35,39.8,1650,41.2,550,0,17050
BATAINDIA30JAN201740PE.NFO,07/01/2020,09:33:00,41.35,39.7,1650,41.45,1100,0,17050
BATAINDIA30JAN201740PE.NFO,07/01/2020,09:33:05,41.35,39.8,1650,41.2,550,0,17050
BATAINDIA30JAN201740PE.NFO,07/01/2020,09:33:14,41.35,39,550,41.2,550,0,17050
BATAINDIA30JAN201740PE.NFO,07/01/2020,09:33:15,41.35,39.45,1650,41.2,550,0,17050
BATAINDIA30JAN201740PE.NFO,07/01/2020,09:33:16,41.35,39.65,1650,41.2,550,0,17050
BATAINDIA30JAN201740PE.NFO,07/01/2020,09:33:17,41.35,39.75,1650,41.15,550,0,17050
BATAINDIA30JAN201740PE.NFO,07/01/2020,09:33:25,41.35,39.85,1650,41.2,550,0,17050
BATAINDIA30JAN201740PE.NFO,07/01/2020,09:33:32,41.35,39.85,1650,41.15,550,0,17050
BATAINDIA30JAN201740PE.NFO,07/01/2020,09:33:36,41.35,39.85,1650,41.1,550,0,17050
BATAINDIA30JAN201740PE.NFO,07/01/2020,09:33:37,41.35,39.85,1650,41.25,550,0,17050
BATAINDIA30JAN201740PE.NFO,07/01/2020,09:33:38,41.35,38.75,1650,41.2,550,0,17050
BATAINDIA30JAN201740PE.NFO,07/01/2020,09:33:38,41.35,38.85,1650,41.2,550,0,17050
BATAINDIA30JAN201740PE.NFO,07/01/2020,09:33:39,41.35,39.6,1650,41.45,1100,0,17050
BATAINDIA30JAN201740PE.NFO,07/01/2020,09:33:41,41.35,39.6,1650,41.35,1100,0,17050
BATAINDIA30JAN201740PE.NFO,07/01/2020,09:33:42,41.35,39.7,1650,41.2,550,0,17050
BATAINDIA30JAN201740PE.NFO,07/01/2020,09:33:43,41.35,39.7,1650,41.15,550,0,17050
BATAINDIA30JAN201740PE.NFO,07/01/2020,09:33:44,41.35,39.7,1650,41.55,1100,0,17050
BATAINDIA30JAN201740PE.NFO,07/01/2020,09:33:45,41.35,39.7,1650,41.3,1100,0,17050
BATAINDIA30JAN201740PE.NFO,07/01/2020,09:33:46,41.35,39.7,1650,41.2,550,0,17050
BATAINDIA30JAN201740PE.NFO,07/01/2020,09:33:48,41.35,39.7,1650,41.05,550,0,17050
BATAINDIA30JAN201740PE.NFO,07/01/2020,09:33:49,41.35,39.7,1650,41.35,1100,0,17050
BATAINDIA30JAN201740PE.NFO,07/01/2020,09:33:50,41.35,39.7,1650,41.25,1100,0,17050
BATAINDIA30JAN201740PE.NFO,07/01/2020,09:33:50,41.35,39.7,1650,41.15,1100,0,17050
BATAINDIA30JAN201740PE.NFO,07/01/2020,09:33:51,41.35,39.7,1650,41.05,550,0,17050
BATAINDIA30JAN201740PE.NFO,07/01/2020,09:33:52,41.35,39.7,1650,41,550,0,17050
BATAINDIA30JAN201740PE.NFO,07/01/2020,09:33:54,41.35,39.7,1650,41.1,1100,0,17050
BATAINDIA30JAN201740PE.NFO,07/01/2020,09:33:55,41.35,39.7,1650,41.05,550,0,17050
BATAINDIA30JAN201740PE.NFO,07/01/2020,09:33:56,41.35,39.7,1650,41.2,1100,0,17050
BATAINDIA30JAN201740PE.NFO,07/01/2020,09:33:57,41.35,39.7,1650,41.1,1100,0,17050
BATAINDIA30JAN201740PE.NFO,07/01/2020,09:33:58,41.35,39.7,1650,41.05,550,0,17050
BATAINDIA30JAN201740PE.NFO,07/01/2020,09:33:59,41.35,39.7,1650,41.1,1100,0,17050
BATAINDIA30JAN201740PE.NFO,07/01/2020,09:34:01,41.35,39.7,1650,41.05,550,0,17050
BATAINDIA30JAN201740PE.NFO,07/01/2020,09:34:01,41.35,39.7,1650,41.2,1100,0,17050
BATAINDIA30JAN201740PE.NFO,07/01/2020,09:34:02,41.35,39.7,1650,41.1,1100,0,17050
BATAINDIA30JAN201740PE.NFO,07/01/2020,09:34:03,41.35,39.7,1650,41.05,550,0,17050
BATAINDIA30JAN201740PE.NFO,07/01/2020,09:34:04,41.35,39.7,1650,41.2,1100,0,17050
BATAINDIA30JAN201740PE.NFO,07/01/2020,09:34:06,41.35,39.7,1650,41.1,1100,0,17050
BATAINDIA30JAN201740PE.NFO,07/01/2020,09:34:07,41.35,39.7,1650,41.2,1100,0,17050
BATAINDIA30JAN201740PE.NFO,07/01/2020,09:34:08,41.35,39.7,1650,41.1,1100,0,17050
BATAINDIA30JAN201740PE.NFO,07/01/2020,09:34:09,41.35,39.7,1650,41.05,550,0,17050
BATAINDIA30JAN201740PE.NFO,07/01/2020,09:34:10,41.35,39.7,1650,41.2,1100,0,17050
BATAINDIA30JAN201740PE.NFO,07/01/2020,09:34:11,41.35,39.7,1650,41.1,1100,0,17050
BATAINDIA30JAN201740PE.NFO,07/01/2020,09:34:20,41.35,39.7,1650,41.1,550,0,17050
BATAINDIA30JAN201740PE.NFO,07/01/2020,09:34:25,41.35,39.7,1650,41.1,1100,0,17050
BATAINDIA30JAN201740PE.NFO,07/01/2020,09:34:30,41.35,40,1650,41.35,550,0,17050
BATAINDIA30JAN201740PE.NFO,07/01/2020,09:34:36,41.35,40.1,1650,41.7,1100,0,17050
BATAINDIA30JAN201740PE.NFO,07/01/2020,09:34:41,41.35,40,1650,41.4,1100,0,17050
BATAINDIA30JAN201740PE.NFO,07/01/2020,09:34:46,41.35,39.8,1650,41.15,550,0,17050
BATAINDIA30JAN201740PE.NFO,07/01/2020,09:34:50,41.35,39.3,2200,40.75,1100,0,17050
BATAINDIA30JAN201740PE.NFO,07/01/2020,09:34:55,41.35,39.3,2200,40.7,1100,0,17050
BATAINDIA30JAN201740PE.NFO,07/01/2020,09:35:00,41.35,39.5,1650,40.65,550,0,17050
BATAINDIA30JAN201740PE.NFO,07/01/2020,09:35:05,41.35,38.3,1650,39.65,550,0,17050
BATAINDIA30JAN201740PE.NFO,07/01/2020,09:35:10,41.35,38.65,1650,40,1100,0,17050
BATAINDIA30JAN201740PE.NFO,07/01/2020,09:35:12,41.35,38.4,1650,39.9,1100,0,17050
BATAINDIA30JAN201740PE.NFO,07/01/2020,09:35:13,41.35,38.5,1650,39.85,550,0,17050
BATAINDIA30JAN201740PE.NFO,07/01/2020,09:35:14,41.35,37.8,1650,40,1100,0,17050
BATAINDIA30JAN201740PE.NFO,07/01/2020,09:35:15,41.35,38.55,1650,39.85,550,0,17050
BATAINDIA30JAN201740PE.NFO,07/01/2020,09:35:16,41.35,38.65,1650,40,1100,0,17050
BATAINDIA30JAN201740PE.NFO,07/01/2020,09:35:17,41.35,38.65,1650,39.9,550,0,17050
BATAINDIA30JAN201740PE.NFO,07/01/2020,09:35:18,41.35,38.65,1650,39.85,550,0,17050
BATAINDIA30JAN201740PE.NFO,07/01/2020,09:35:19,41.35,38.7,1650,39.95,550,0,17050
BATAINDIA30JAN201740PE.NFO,07/01/2020,09:35:20,41.35,38.7,1650,39.9,550,0,17050
BATAINDIA30JAN201740PE.NFO,07/01/2020,09:35:21,41.35,38.7,1650,40,1100,0,17050
BATAINDIA30JAN201740PE.NFO,07/01/2020,09:35:23,41.35,38.7,1650,39.95,550,0,17050
BATAINDIA30JAN201740PE.NFO,07/01/2020,09:35:26,41.35,38.7,1650,40,1100,0,17050
BATAINDIA30JAN201740PE.NFO,07/01/2020,09:35:27,38.7,38.75,1650,39.85,550,550,17050
BATAINDIA30JAN201740PE.NFO,07/01/2020,09:35:27,38.7,38.75,1650,39.85,550,0,17050
BATAINDIA30JAN201740PE.NFO,07/01/2020,09:35:28,38.7,38.75,1650,39.85,550,0,17050
BATAINDIA30JAN201740PE.NFO,07/01/2020,09:35:29,38.7,38.75,1650,39.75,550,0,17050
BATAINDIA30JAN201740PE.NFO,07/01/2020,09:35:39,38.7,39.1,550,40.3,550,0,17050
BATAINDIA30JAN201740PE.NFO,07/01/2020,09:35:39,38.7,39.25,550,40.45,550,0,17050
BATAINDIA30JAN201740PE.NFO,07/01/2020,09:35:40,38.7,39.1,1650,40.35,550,0,17050
BATAINDIA30JAN201740PE.NFO,07/01/2020,09:35:41,38.75,37.75,3300,40,550,550,17050
BATAINDIA30JAN201740PE.NFO,07/01/2020,09:35:42,38.75,37.8,2750,39.95,550,0,17050
BATAINDIA30JAN201740PE.NFO,07/01/2020,09:35:43,38.75,37.8,2750,39.75,550,0,17050
BATAINDIA30JAN201740PE.NFO,07/01/2020,09:35:46,38.75,37.8,2750,39.95,550,0,17050
BATAINDIA30JAN201740PE.NFO,07/01/2020,09:35:50,38.75,37.8,2750,39.85,550,0,17050
BATAINDIA30JAN201740PE.NFO,07/01/2020,09:35:51,38.75,37.8,2750,39.7,550,0,17050
BATAINDIA30JAN201740PE.NFO,07/01/2020,09:35:52,38.75,37.8,2750,39.8,550,0,17050
BATAINDIA30JAN201740PE.NFO,07/01/2020,09:35:53,38.75,37.8,1650,39.7,550,0,17050
BATAINDIA30JAN201740PE.NFO,07/01/2020,09:35:55,38.75,37.8,2750,39.75,550,0,17050
BATAINDIA30JAN201740PE.NFO,07/01/2020,09:35:57,38.75,37.8,2750,39.7,550,0,17050
BATAINDIA30JAN201740PE.NFO,07/01/2020,09:36:00,38.75,37.8,3850,40.35,1100,0,17050
BATAINDIA30JAN201740PE.NFO,07/01/2020,09:36:01,38.75,37.8,2750,39.9,550,0,17050
BATAINDIA30JAN201740PE.NFO,07/01/2020,09:36:04,38.75,37.8,3850,39.95,550,0,17050
BATAINDIA30JAN201740PE.NFO,07/01/2020,09:36:05,38.75,37.8,2750,39.8,550,0,17050
BATAINDIA30JAN201740PE.NFO,07/01/2020,09:36:28,38.75,37.8,2750,39.85,550,0,17050
BATAINDIA30JAN201740PE.NFO,07/01/2020,09:36:32,38.75,37.8,2750,39.95,550,0,17050
BATAINDIA30JAN201740PE.NFO,07/01/2020,09:36:34,38.75,37.8,2750,39.85,550,0,17050
BATAINDIA30JAN201740PE.NFO,07/01/2020,09:36:38,38.75,37.8,3850,39.95,550,0,17050
BATAINDIA30JAN201740PE.NFO,07/01/2020,09:36:42,38.75,37.8,3850,40.1,550,0,17050
BATAINDIA30JAN201740PE.NFO,07/01/2020,09:36:45,38.75,37.8,3850,40,550,0,17050
BATAINDIA30JAN201740PE.NFO,07/01/2020,09:36:51,38.75,37.8,3850,39.9,550,0,17050
BATAINDIA30JAN201740PE.NFO,07/01/2020,09:36:55,38.75,37.8,3850,40.05,550,0,17050
BATAINDIA30JAN201740PE.NFO,07/01/2020,09:36:56,38.75,37.8,3850,40.15,1100,0,17050
BATAINDIA30JAN201740PE.NFO,07/01/2020,09:36:57,38.75,37.8,3850,40.1,550,0,17050
BATAINDIA30JAN201740PE.NFO,07/01/2020,09:36:59,38.75,37.8,3850,40,550,0,17050
BATAINDIA30JAN201740PE.NFO,07/01/2020,09:37:07,38.75,37.8,4950,40.15,550,0,17050
BATAINDIA30JAN201740PE.NFO,07/01/2020,09:37:08,38.75,37.8,3850,40.05,550,0,17050
BATAINDIA30JAN201740PE.NFO,07/01/2020,09:37:09,38.75,37.8,3850,40,550,0,17050
BATAINDIA30JAN201740PE.NFO,07/01/2020,09:37:09,38.75,37.8,4950,40.15,1100,0,17050
BATAINDIA30JAN201740PE.NFO,07/01/2020,09:37:10,38.75,37.8,3850,40,550,0,17050
BATAINDIA30JAN201740PE.NFO,07/01/2020,09:37:11,38.75,37.8,6050,40.1,550,0,17050
BATAINDIA30JAN201740PE.NFO,07/01/2020,09:37:15,38.75,37.8,4950,40.15,1100,0,17050
BATAINDIA30JAN201740PE.NFO,07/01/2020,09:37:16,38.75,37.8,6050,40.15,550,0,17050
BATAINDIA30JAN201740PE.NFO,07/01/2020,09:37:17,38.75,37.8,6050,40.1,550,0,17050
BATAINDIA30JAN201740PE.NFO,07/01/2020,09:37:28,38.75,37.8,3850,40.1,550,0,17050
BATAINDIA30JAN201740PE.NFO,07/01/2020,09:37:29,38.75,37.8,4950,40.1,550,0,17050
BATAINDIA30JAN201740PE.NFO,07/01/2020,09:37:35,38.75,37.8,3850,39.8,550,0,17050
BATAINDIA30JAN201740PE.NFO,07/01/2020,09:37:36,38.75,37.8,3850,39.65,550,0,17050
BATAINDIA30JAN201740PE.NFO,07/01/2020,09:37:37,38.75,37.8,2750,39.8,1100,0,17050
BATAINDIA30JAN201740PE.NFO,07/01/2020,09:37:37,38.75,37.8,2750,39.65,550,0,17050
BATAINDIA30JAN201740PE.NFO,07/01/2020,09:37:38,38.75,37.8,3850,39.65,550,0,17050
BATAINDIA30JAN201740PE.NFO,07/01/2020,09:37:46,38.75,37.9,2750,39.7,1100,0,17050
BATAINDIA30JAN201740PE.NFO,07/01/2020,09:37:48,38.75,37.9,2750,39.6,550,0,17050
BATAINDIA30JAN201740PE.NFO,07/01/2020,09:37:50,38.75,37.9,2750,39.7,550,0,17050
BATAINDIA30JAN201740PE.NFO,07/01/2020,09:37:51,38.75,37.9,3850,39.8,550,0,17050
BATAINDIA30JAN201740PE.NFO,07/01/2020,09:37:53,38.75,37.9,4950,39.95,1100,0,17050
BATAINDIA30JAN201740PE.NFO,07/01/2020,09:37:54,38.75,37.9,3850,40.1,1100,0,17050
BATAINDIA30JAN201740PE.NFO,07/01/2020,09:37:55,38.75,37.9,3850,39.8,550,0,17050
BATAINDIA30JAN201740PE.NFO,07/01/2020,09:37:56,38.75,37.9,3850,39.85,550,0,17050
BATAINDIA30JAN201740PE.NFO,07/01/2020,09:37:57,38.75,37.9,6050,40,550,0,17050
BATAINDIA30JAN201740PE.NFO,07/01/2020,09:37:58,38.75,37.9,4950,40.1,1100,0,17050
BATAINDIA30JAN201740PE.NFO,07/01/2020,09:37:59,38.75,37.9,4950,39.85,550,0,17050
BATAINDIA30JAN201740PE.NFO,07/01/2020,09:38:02,38.75,37.9,4950,40.1,550,0,17050
BATAINDIA30JAN201740PE.NFO,07/01/2020,09:38:03,38.75,37.9,4950,40,550,0,17050
BATAINDIA30JAN201740PE.NFO,07/01/2020,09:38:07,38.75,37.9,4950,39.9,550,0,17050
BATAINDIA30JAN201740PE.NFO,07/01/2020,09:38:08,38.75,37.9,4950,40.15,1100,0,17050
BATAINDIA30JAN201740PE.NFO,07/01/2020,09:38:09,38.75,37.9,3850,39.9,550,0,17050
BATAINDIA30JAN201740PE.NFO,07/01/2020,09:38:09,38.75,37.9,3850,40,550,0,17050
BATAINDIA30JAN201740PE.NFO,07/01/2020,09:38:10,38.75,37.9,4950,39.9,550,0,17050
BATAINDIA30JAN201740PE.NFO,07/01/2020,09:38:11,38.75,37.9,6050,39.9,550,0,17050
BATAINDIA30JAN201740PE.NFO,07/01/2020,09:38:14,38.75,37.9,4950,40.45,1100,0,17050
BATAINDIA30JAN201740PE.NFO,07/01/2020,09:38:19,38.75,37.9,6050,40.45,1100,0,17050
BATAINDIA30JAN201740PE.NFO,07/01/2020,09:38:24,38.75,37.9,6050,40.1,550,0,17050
BATAINDIA30JAN201740PE.NFO,07/01/2020,09:38:28,38.75,37.9,4950,40.3,1100,0,17050
BATAINDIA30JAN201740PE.NFO,07/01/2020,09:38:33,38.75,37.9,6050,40.2,550,0,17050
BATAINDIA30JAN201740PE.NFO,07/01/2020,09:38:37,38.75,37.9,6050,40.5,1650,0,17050
BATAINDIA30JAN201740PE.NFO,07/01/2020,09:38:42,40.5,38.75,1650,40.85,1100,1100,17050
BATAINDIA30JAN201740PE.NFO,07/01/2020,09:38:52,40.5,39,1650,40.85,1100,0,17050
BATAINDIA30JAN201740PE.NFO,07/01/2020,09:38:56,40.5,38.85,1650,40.4,550,0,17050
BATAINDIA30JAN201740PE.NFO,07/01/2020,09:39:01,40.5,38.95,1650,40.95,1100,0,17050
BATAINDIA30JAN201740PE.NFO,07/01/2020,09:39:10,40.5,39.35,1650,40.85,1100,0,17050
BATAINDIA30JAN201740PE.NFO,07/01/2020,09:39:12,40.5,38.55,1650,40.55,1100,0,17050
BATAINDIA30JAN201740PE.NFO,07/01/2020,09:39:13,40.5,38.65,1650,40.25,550,0,17050
BATAINDIA30JAN201740PE.NFO,07/01/2020,09:39:14,40.5,38.2,1650,39.95,1100,0,17050
BATAINDIA30JAN201740PE.NFO,07/01/2020,09:39:15,40.5,38.5,550,40.05,550,0,17050
BATAINDIA30JAN201740PE.NFO,07/01/2020,09:39:16,40.5,38,550,40.1,550,0,17050
BATAINDIA30JAN201740PE.NFO,07/01/2020,09:39:17,40.5,38.4,1650,39.95,550,0,17050
BATAINDIA30JAN201740PE.NFO,07/01/2020,09:39:19,40.5,38.3,1650,39.8,1100,0,17050
BATAINDIA30JAN201740PE.NFO,07/01/2020,09:39:20,40.5,38.3,1650,39.8,550,0,17050
BATAINDIA30JAN201740PE.NFO,07/01/2020,09:39:21,40.5,38.3,1650,39.7,550,0,17050
BATAINDIA30JAN201740PE.NFO,07/01/2020,09:39:23,40.5,38,1650,39.6,550,0,17050
BATAINDIA30JAN201740PE.NFO,07/01/2020,09:39:25,40.5,38.05,1650,39.6,550,0,17050
BATAINDIA30JAN201740PE.NFO,07/01/2020,09:39:26,40.5,38.05,1650,39.5,550,0,17050
BATAINDIA30JAN201740PE.NFO,07/01/2020,09:39:31,40.5,38.15,1650,39.75,1100,0,17050
BATAINDIA30JAN201740PE.NFO,07/01/2020,09:39:32,40.5,38.15,1650,39.6,550,0,17050
BATAINDIA30JAN201740PE.NFO,07/01/2020,09:39:44,40.5,38.35,1650,39.8,550,0,17050
BATAINDIA30JAN201740PE.NFO,07/01/2020,09:39:48,40.5,38.35,2200,39.85,550,0,17050
BATAINDIA30JAN201740PE.NFO,07/01/2020,09:39:53,39.85,38.35,2200,40.35,1100,550,17050
BATAINDIA30JAN201740PE.NFO,07/01/2020,09:39:54,39.85,38.35,3300,40.35,1100,0,17050
BATAINDIA30JAN201740PE.NFO,07/01/2020,09:39:56,39.85,38.35,1100,40.35,1100,0,17050
BATAINDIA30JAN201740PE.NFO,07/01/2020,09:39:56,39.85,38.35,2200,40.35,1100,0,17050
BATAINDIA30JAN201740PE.NFO,07/01/2020,09:39:58,39.85,38.35,3300,40.35,1100,0,17050
BATAINDIA30JAN201740PE.NFO,07/01/2020,09:40:00,39.85,38.35,2200,40.35,1100,0,17050
BATAINDIA30JAN201740PE.NFO,07/01/2020,09:40:02,39.85,38.35,3300,40.35,1100,0,17050
BATAINDIA30JAN201740PE.NFO,07/01/2020,09:40:03,39.85,38.55,1100,40.35,1100,0,17050
BATAINDIA30JAN201740PE.NFO,07/01/2020,09:40:06,39.85,38.75,550,40.35,550,0,17050
BATAINDIA30JAN201740PE.NFO,07/01/2020,09:40:07,39.85,38.85,550,40.35,550,0,17050
BATAINDIA30JAN201740PE.NFO,07/01/2020,09:40:08,39.85,38.85,550,40.3,550,0,17050
BATAINDIA30JAN201740PE.NFO,07/01/2020,09:40:11,39.85,38.85,550,40.55,550,0,17050
BATAINDIA30JAN201740PE.NFO,07/01/2020,09:40:16,39.85,38.85,550,40.25,550,0,17050
BATAINDIA30JAN201740PE.NFO,07/01/2020,09:40:28,39.85,38.85,550,40.4,550,0,17050
BATAINDIA30JAN201740PE.NFO,07/01/2020,09:40:33,39.85,38.85,550,40.25,550,0,17050
BATAINDIA30JAN201740PE.NFO,07/01/2020,09:40:43,39.85,38.85,550,40.05,550,0,17050
BATAINDIA30JAN201740PE.NFO,07/01/2020,09:41:07,39.85,39.1,1100,40.65,550,0,17050
BATAINDIA30JAN201740PE.NFO,07/01/2020,09:41:12,39.85,39.2,1100,40.9,1100,0,17050
BATAINDIA30JAN201740PE.NFO,07/01/2020,09:41:17,39.85,39.1,1100,40.8,1100,0,17050
BATAINDIA30JAN201740PE.NFO,07/01/2020,09:41:28,39.85,39.3,550,40.8,550,0,17050
BATAINDIA30JAN201740PE.NFO,07/01/2020,09:41:32,39.85,39.3,550,40.65,550,0,17050
BATAINDIA30JAN201740PE.NFO,07/01/2020,09:41:37,39.85,39.3,550,40.55,550,0,17050
BATAINDIA30JAN201740PE.NFO,07/01/2020,09:42:10,39.85,39.3,550,40.8,550,0,17050
BATAINDIA30JAN201740PE.NFO,07/01/2020,09:42:23,39.85,39.4,1100,40.8,550,0,17050
BATAINDIA30JAN201740PE.NFO,07/01/2020,09:42:31,39.85,38.8,1650,40.7,550,0,17050
BATAINDIA30JAN201740PE.NFO,07/01/2020,09:42:38,39.85,38.8,3850,40.7,550,0,17050
BATAINDIA30JAN201740PE.NFO,07/01/2020,09:42:45,39.85,38.8,3850,40.75,550,0,17050
BATAINDIA30JAN201740PE.NFO,07/01/2020,09:42:51,39.85,38.8,3850,40.65,550,0,17050
BATAINDIA30JAN201740PE.NFO,07/01/2020,09:43:02,39.85,38.8,2750,40.7,550,0,17050
BATAINDIA30JAN201740PE.NFO,07/01/2020,09:43:08,39.85,38.8,1650,40.5,550,0,17050
BATAINDIA30JAN201740PE.NFO,07/01/2020,09:43:43,40.5,38.8,5500,41.4,550,550,17600
BATAINDIA30JAN201740PE.NFO,07/01/2020,09:43:48,40.5,38.9,3300,41.4,550,0,17600
BATAINDIA30JAN201740PE.NFO,07/01/2020,09:43:53,40.5,39,2200,41.4,550,0,17600
BATAINDIA30JAN201740PE.NFO,07/01/2020,09:44:04,40.5,39,1100,41.4,550,0,17600
BATAINDIA30JAN201740PE.NFO,07/01/2020,09:44:10,40.5,39,2200,41.4,550,0,17600
BATAINDIA30JAN201740PE.NFO,07/01/2020,09:44:20,40.5,39,1100,41.4,550,0,17600
BATAINDIA30JAN201740PE.NFO,07/01/2020,09:44:26,40.5,39,2200,41.4,550,0,17600
BATAINDIA30JAN201740PE.NFO,07/01/2020,09:44:37,40.5,39.1,2200,41.4,550,0,17600
BATAINDIA30JAN201740PE.NFO,07/01/2020,09:44:48,40.5,39.2,2200,41.4,550,0,17600
BATAINDIA30JAN201740PE.NFO,07/01/2020,09:44:53,40.5,39.3,2200,41.4,550,0,17600
BATAINDIA30JAN201740PE.NFO,07/01/2020,09:44:59,40.5,39.4,1100,41.4,550,0,17600
BATAINDIA30JAN201740PE.NFO,07/01/2020,09:45:10,40.5,38.45,550,41.4,1100,0,17600
BATAINDIA30JAN201740PE.NFO,07/01/2020,09:45:17,40.5,39.2,550,41.4,550,0,17600
BATAINDIA30JAN201740PE.NFO,07/01/2020,09:45:42,40.5,39.3,550,41.4,550,0,17600
BATAINDIA30JAN201740PE.NFO,07/01/2020,09:46:01,40.5,39.7,550,41.9,550,0,17600
BATAINDIA30JAN201740PE.NFO,07/01/2020,09:46:30,40.5,39.8,550,41.9,550,0,17600
BATAINDIA30JAN201740PE.NFO,07/01/2020,09:46:47,40.5,40.2,550,42.4,550,0,17600
BATAINDIA30JAN201740PE.NFO,07/01/2020,09:46:59,40.5,40.4,550,42.4,550,0,17600
BATAINDIA30JAN201740PE.NFO,07/01/2020,09:47:08,40.5,40.5,550,42.4,550,0,17600
BATAINDIA30JAN201740PE.NFO,07/01/2020,09:47:53,42.4,41.5,550,44.25,550,550,17600
BATAINDIA30JAN201740PE.NFO,07/01/2020,09:47:53,42.4,41.5,550,44.25,550,0,17600
BATAINDIA30JAN201740PE.NFO,07/01/2020,09:47:58,42.4,41.1,550,44.65,550,0,17600
BATAINDIA30JAN201740PE.NFO,07/01/2020,09:48:02,42.4,40.65,550,44.5,550,0,17600
BATAINDIA30JAN201740PE.NFO,07/01/2020,09:48:07,42.4,40.75,550,44.5,550,0,17600
BATAINDIA30JAN201740PE.NFO,07/01/2020,09:48:11,42.4,40.8,550,44.5,550,0,17600
BATAINDIA30JAN201740PE.NFO,07/01/2020,09:48:15,42.4,40.9,550,44.5,550,0,17600
BATAINDIA30JAN201740PE.NFO,07/01/2020,09:48:19,42.4,41.1,550,44.7,550,0,17600
BATAINDIA30JAN201740PE.NFO,07/01/2020,09:48:31,42.4,41.6,550,45.2,550,0,17600
BATAINDIA30JAN201740PE.NFO,07/01/2020,09:48:36,42.4,40.45,550,44.6,550,0,17600
BATAINDIA30JAN201740PE.NFO,07/01/2020,09:48:41,42.4,40.55,1100,44.6,550,0,17600
BATAINDIA30JAN201740PE.NFO,07/01/2020,09:48:45,42.4,40.65,1100,44.6,550,0,17600
BATAINDIA30JAN201740PE.NFO,07/01/2020,09:48:49,42.4,40.65,1100,44.45,550,0,17600
BATAINDIA30JAN201740PE.NFO,07/01/2020,09:48:53,42.4,40.65,1100,44.35,550,0,17600
BATAINDIA30JAN201740PE.NFO,07/01/2020,09:49:01,42.4,40.65,1100,44.6,550,0,17600
BATAINDIA30JAN201740PE.NFO,07/01/2020,09:49:06,42.4,40.65,1100,44.2,550,0,17600
BATAINDIA30JAN201740PE.NFO,07/01/2020,09:49:10,42.4,40.65,1100,44.4,550,0,17600
BATAINDIA30JAN201740PE.NFO,07/01/2020,09:49:17,42.4,40.65,1100,44.05,550,0,17600
BATAINDIA30JAN201740PE.NFO,07/01/2020,09:49:21,42.4,40.35,550,43.7,550,0,17600
BATAINDIA30JAN201740PE.NFO,07/01/2020,09:49:26,42.4,40.4,550,43.7,550,0,17600
BATAINDIA30JAN201740PE.NFO,07/01/2020,09:49:32,42.4,39.45,3300,44.25,550,0,17600
BATAINDIA30JAN201740PE.NFO,07/01/2020,09:49:38,42.4,39.65,2200,44.25,550,0,17600
BATAINDIA30JAN201740PE.NFO,07/01/2020,09:50:03,42.4,39.65,2200,44,550,0,17600
BATAINDIA30JAN201740PE.NFO,07/01/2020,09:50:07,42.4,39.95,1100,43.3,550,0,17600
BATAINDIA30JAN201740PE.NFO,07/01/2020,09:50:11,42.4,39.95,1100,42.8,550,0,17600
BATAINDIA30JAN201740PE.NFO,07/01/2020,09:50:12,42.4,39.95,1100,42.75,550,0,17600
BATAINDIA30JAN201740PE.NFO,07/01/2020,09:50:14,42.4,39.95,1100,44,550,0,17600
BATAINDIA30JAN201740PE.NFO,07/01/2020,09:50:22,42.4,39.95,1100,43.95,550,0,17600
BATAINDIA30JAN201740PE.NFO,07/01/2020,09:50:23,42.4,39.95,1100,43.7,550,0,17600
BATAINDIA30JAN201740PE.NFO,07/01/2020,09:50:24,42.4,39.95,1100,43.5,550,0,17600
BATAINDIA30JAN201740PE.NFO,07/01/2020,09:50:26,42.4,39.95,1100,43.25,550,0,17600
BATAINDIA30JAN201740PE.NFO,07/01/2020,09:50:26,42.4,39.95,1100,43.2,550,0,17600
BATAINDIA30JAN201740PE.NFO,07/01/2020,09:50:28,42.4,39.95,1100,42.95,550,0,17600
BATAINDIA30JAN201740PE.NFO,07/01/2020,09:50:29,42.4,40.25,550,42.75,550,0,17600
BATAINDIA30JAN201740PE.NFO,07/01/2020,09:50:31,42.4,39.2,1100,42.7,550,0,17600
BATAINDIA30JAN201740PE.NFO,07/01/2020,09:50:32,42.4,39.2,1100,42.5,550,0,17600
BATAINDIA30JAN201740PE.NFO,07/01/2020,09:50:33,42.4,39.2,1100,42.45,550,0,17600
BATAINDIA30JAN201740PE.NFO,07/01/2020,09:50:37,42.4,39.4,1100,42.35,550,0,17600
BATAINDIA30JAN201740PE.NFO,07/01/2020,09:50:38,42.4,39.5,1100,42.35,550,0,17600
BATAINDIA30JAN201740PE.NFO,07/01/2020,09:50:39,42.4,39.6,1100,42.35,550,0,17600
BATAINDIA30JAN201740PE.NFO,07/01/2020,09:50:40,42.4,39.6,1100,42.45,550,0,17600
BATAINDIA30JAN201740PE.NFO,07/01/2020,09:50:44,42.4,39.6,1100,42.4,550,0,17600
BATAINDIA30JAN201740PE.NFO,07/01/2020,09:50:45,42.4,39.6,1100,42.35,1100,0,17600
BATAINDIA30JAN201740PE.NFO,07/01/2020,09:50:46,42.4,39.6,1100,42.35,550,0,17600
BATAINDIA30JAN201740PE.NFO,07/01/2020,09:50:49,42.4,39.6,1100,42.3,550,0,17600
BATAINDIA30JAN201740PE.NFO,07/01/2020,09:50:50,42.4,39.6,1100,42.5,550,0,17600
BATAINDIA30JAN201740PE.NFO,07/01/2020,09:50:51,42.4,39.7,1100,42.5,550,0,17600
BATAINDIA30JAN201740PE.NFO,07/01/2020,09:50:53,42.4,39.7,1100,42.35,550,0,17600
BATAINDIA30JAN201740PE.NFO,07/01/2020,09:50:54,42.4,39.7,1100,42.3,550,0,17600
BATAINDIA30JAN201740PE.NFO,07/01/2020,09:50:55,42.4,39.7,1100,42.55,550,0,17600
BATAINDIA30JAN201740PE.NFO,07/01/2020,09:50:57,42.4,39.7,1100,42.45,550,0,17600
BATAINDIA30JAN201740PE.NFO,07/01/2020,09:50:58,42.4,39.7,1100,42.55,1100,0,17600
BATAINDIA30JAN201740PE.NFO,07/01/2020,09:50:59,42.4,39.7,1100,42.5,550,0,17600
BATAINDIA30JAN201740PE.NFO,07/01/2020,09:51:00,42.4,39.7,1100,42.65,550,0,17600
BATAINDIA30JAN201740PE.NFO,07/01/2020,09:51:03,42.4,39.7,1100,42.6,550,0,17600
BATAINDIA30JAN201740PE.NFO,07/01/2020,09:51:06,42.4,39.7,1100,42.7,550,0,17600
BATAINDIA30JAN201740PE.NFO,07/01/2020,09:51:08,42.4,39.7,1100,42.8,550,0,17600
BATAINDIA30JAN201740PE.NFO,07/01/2020,09:51:10,42.4,39.7,1100,42.65,550,0,17600
BATAINDIA30JAN201740PE.NFO,07/01/2020,09:51:12,42.4,39.7,1100,42.8,550,0,17600
BATAINDIA30JAN201740PE.NFO,07/01/2020,09:51:13,42.4,39.7,1100,42.65,550,0,17600
BATAINDIA30JAN201740PE.NFO,07/01/2020,09:51:14,42.4,39.7,1100,42.8,550,0,17600
BATAINDIA30JAN201740PE.NFO,07/01/2020,09:51:25,42.4,39.7,1100,42.75,550,0,17600
BATAINDIA30JAN201740PE.NFO,07/01/2020,09:51:26,42.4,39.7,1100,43.75,550,0,17600
BATAINDIA30JAN201740PE.NFO,07/01/2020,09:51:27,42.4,39.7,1100,43.55,550,0,17600
BATAINDIA30JAN201740PE.NFO,07/01/2020,09:51:28,42.4,39.7,1100,43.5,550,0,17600
BATAINDIA30JAN201740PE.NFO,07/01/2020,09:51:29,42.4,39.7,1100,43.3,550,0,17600
BATAINDIA30JAN201740PE.NFO,07/01/2020,09:51:31,42.4,39.7,1100,43.25,550,0,17600
BATAINDIA30JAN201740PE.NFO,07/01/2020,09:51:32,42.4,39.7,1100,43.05,550,0,17600
BATAINDIA30JAN201740PE.NFO,07/01/2020,09:51:33,42.4,39.7,1100,42.8,550,0,17600
BATAINDIA30JAN201740PE.NFO,07/01/2020,09:51:34,42.4,39.7,1100,42.75,550,0,17600
BATAINDIA30JAN201740PE.NFO,07/01/2020,09:51:39,42.4,39.7,1100,43.55,550,0,17600
BATAINDIA30JAN201740PE.NFO,07/01/2020,09:51:40,42.4,39.7,1100,43.35,550,0,17600
BATAINDIA30JAN201740PE.NFO,07/01/2020,09:51:42,42.4,39.7,1100,43.85,550,0,17600
BATAINDIA30JAN201740PE.NFO,07/01/2020,09:51:43,42.4,39.7,1100,43.65,550,0,17600
BATAINDIA30JAN201740PE.NFO,07/01/2020,09:51:44,42.4,39.7,1100,43.4,550,0,17600
BATAINDIA30JAN201740PE.NFO,07/01/2020,09:51:55,42.4,39.7,1100,43.25,550,0,17600
BATAINDIA30JAN201740PE.NFO,07/01/2020,09:52:03,42.4,39.7,1100,43.4,550,0,17600
BATAINDIA30JAN201740PE.NFO,07/01/2020,09:52:04,42.4,39.7,1100,43.2,550,0,17600
BATAINDIA30JAN201740PE.NFO,07/01/2020,09:52:05,42.4,39.7,1100,43.45,550,0,17600
BATAINDIA30JAN201740PE.NFO,07/01/2020,09:52:07,42.4,39.7,1100,43.75,550,0,17600
BATAINDIA30JAN201740PE.NFO,07/01/2020,09:52:16,42.4,39.7,1100,43.6,550,0,17600
BATAINDIA30JAN201740PE.NFO,07/01/2020,09:52:25,42.4,39.7,2200,43.75,550,0,17600
BATAINDIA30JAN201740PE.NFO,07/01/2020,09:52:30,42.4,39.7,2200,43.5,550,0,17600
BATAINDIA30JAN201740PE.NFO,07/01/2020,09:52:35,42.4,39.7,2200,43.25,550,0,17600
BATAINDIA30JAN201740PE.NFO,07/01/2020,09:52:40,42.4,39.7,1100,43.25,550,0,17600
BATAINDIA30JAN201740PE.NFO,07/01/2020,09:52:44,42.4,39.7,1100,43.55,550,0,17600
BATAINDIA30JAN201740PE.NFO,07/01/2020,09:52:49,42.4,39.7,1100,43.3,550,0,17600
BATAINDIA30JAN201740PE.NFO,07/01/2020,09:53:05,42.4,39.7,2200,44.05,550,0,17600
BATAINDIA30JAN201740PE.NFO,07/01/2020,09:53:11,42.4,39.8,2200,44.05,550,0,17600
BATAINDIA30JAN201740PE.NFO,07/01/2020,09:53:16,42.4,39.8,2200,43.8,550,0,17600
BATAINDIA30JAN201740PE.NFO,07/01/2020,09:54:20,42.4,40,1100,44.1,550,0,17600
BATAINDIA30JAN201740PE.NFO,07/01/2020,09:54:30,42.4,40,2200,43.85,550,0,17600
BATAINDIA30JAN201740PE.NFO,07/01/2020,09:54:34,42.4,40,2200,44.05,550,0,17600
BATAINDIA30JAN201740PE.NFO,07/01/2020,09:54:43,42.4,40.1,2200,44.05,550,0,17600
BATAINDIA30JAN201740PE.NFO,07/01/2020,09:55:04,42.4,40.1,2200,43.9,550,0,17600
BATAINDIA30JAN201740PE.NFO,07/01/2020,09:55:10,42.4,40.1,2200,44.05,550,0,17600
BATAINDIA30JAN201740PE.NFO,07/01/2020,09:55:24,42.4,40.2,2200,44.05,550,0,17600
BATAINDIA30JAN201740PE.NFO,07/01/2020,09:55:41,42.4,40.2,2200,43.55,550,0,17600
BATAINDIA30JAN201740PE.NFO,07/01/2020,09:55:45,42.4,40.2,2200,43.45,550,0,17600
BATAINDIA30JAN201740PE.NFO,07/01/2020,09:55:49,42.4,40.2,3300,43.45,550,0,17600
BATAINDIA30JAN201740PE.NFO,07/01/2020,09:56:09,42.4,40.2,4400,43.65,550,0,17600
BATAINDIA30JAN201740PE.NFO,07/01/2020,09:56:14,42.4,40.3,2200,43.65,550,0,17600
BATAINDIA30JAN201740PE.NFO,07/01/2020,09:56:18,42.4,40.3,4400,44.65,550,0,17600
BATAINDIA30JAN201740PE.NFO,07/01/2020,09:56:23,42.4,40.3,2200,44.4,550,0,17600
BATAINDIA30JAN201740PE.NFO,07/01/2020,09:56:28,42.4,40.3,3300,44.4,550,0,17600
BATAINDIA30JAN201740PE.NFO,07/01/2020,09:56:37,42.4,40.3,2200,44.4,550,0,17600
BATAINDIA30JAN201740PE.NFO,07/01/2020,09:56:41,42.4,40.3,2200,44.55,550,0,17600
BATAINDIA30JAN201740PE.NFO,07/01/2020,09:56:46,42.4,40.4,4400,44.7,550,0,17600
BATAINDIA30JAN201740PE.NFO,07/01/2020,09:56:50,42.4,40.5,2200,44.55,550,0,17600
BATAINDIA30JAN201740PE.NFO,07/01/2020,09:57:03,42.4,40.6,2200,44.7,550,0,17600
BATAINDIA30JAN201740PE.NFO,07/01/2020,09:57:12,42.4,40.6,1100,44.5,550,0,17600
BATAINDIA30JAN201740PE.NFO,07/01/2020,09:57:25,42.4,40.6,2200,44.5,550,0,17600
BATAINDIA30JAN201740PE.NFO,07/01/2020,09:57:37,42.4,40.6,1100,44.5,550,0,17600
BATAINDIA30JAN201740PE.NFO,07/01/2020,09:57:51,42.4,40.7,1100,44.5,550,0,17600
BATAINDIA30JAN201740PE.NFO,07/01/2020,09:57:58,42.4,40.7,1100,44.65,550,0,17600
BATAINDIA30JAN201740PE.NFO,07/01/2020,09:58:03,42.4,40.7,1100,44.5,550,0,17600
BATAINDIA30JAN201740PE.NFO,07/01/2020,09:58:15,42.4,40.7,1100,44.35,550,0,17600
BATAINDIA30JAN201740PE.NFO,07/01/2020,09:58:18,42.4,40.7,1100,44.2,550,0,17600
BATAINDIA30JAN201740PE.NFO,07/01/2020,09:58:35,42.4,40.7,1100,44.35,550,0,17600
BATAINDIA30JAN201740PE.NFO,07/01/2020,09:58:39,42.4,40.8,1100,44.35,550,0,17600
BATAINDIA30JAN201740PE.NFO,07/01/2020,09:58:50,42.4,41.1,1650,45.15,550,0,17600
BATAINDIA30JAN201740PE.NFO,07/01/2020,09:58:55,42.4,41.6,550,45.4,550,0,17600
BATAINDIA30JAN201740PE.NFO,07/01/2020,09:59:01,42.4,41.7,1100,45.4,550,0,17600
BATAINDIA30JAN201740PE.NFO,07/01/2020,09:59:05,42.4,41.7,1100,45.2,550,0,17600
BATAINDIA30JAN201740PE.NFO,07/01/2020,09:59:10,42.4,42.1,1100,45.8,550,0,17600
BATAINDIA30JAN201740PE.NFO,07/01/2020,09:59:15,42.4,42.3,1100,45.8,550,0,17600
BATAINDIA30JAN201740PE.NFO,07/01/2020,09:59:33,42.4,42.85,550,46,550,0,17600
BATAINDIA30JAN201740PE.NFO,07/01/2020,09:59:38,42.4,42.55,550,45.85,550,0,17600
BATAINDIA30JAN201740PE.NFO,07/01/2020,09:59:44,42.4,42.05,1100,46.05,550,0,17600
BATAINDIA30JAN201740PE.NFO,07/01/2020,09:59:48,42.4,42.25,1650,45.85,550,0,17600
BATAINDIA30JAN201740PE.NFO,07/01/2020,10:00:05,42.4,43.5,550,46.6,550,0,17600
BATAINDIA30JAN201740PE.NFO,07/01/2020,10:00:09,42.4,43.1,550,46.4,550,0,17600
BATAINDIA30JAN201740PE.NFO,07/01/2020,10:00:14,42.4,42.2,2200,46.35,550,0,17600
BATAINDIA30JAN201740PE.NFO,07/01/2020,10:00:18,42.4,42.2,1100,45.65,550,0,17600
BATAINDIA30JAN201740PE.NFO,07/01/2020,10:00:28,42.4,42.2,1100,45.85,550,0,17600
BATAINDIA30JAN201740PE.NFO,07/01/2020,10:00:33,42.4,42.2,1100,45.65,550,0,17600
BATAINDIA30JAN201740PE.NFO,07/01/2020,10:00:37,42.4,42.3,1100,45.65,550,0,17600
BATAINDIA30JAN201740PE.NFO,07/01/2020,10:00:47,42.4,42.5,1100,45.65,550,0,17600
BATAINDIA30JAN201740PE.NFO,07/01/2020,10:00:54,42.4,42.6,1100,45.65,550,0,17600
BATAINDIA30JAN201740PE.NFO,07/01/2020,10:00:59,42.4,42.6,1100,45.8,550,0,17600
BATAINDIA30JAN201740PE.NFO,07/01/2020,10:01:05,42.4,42.6,1100,45.6,550,0,17600
BATAINDIA30JAN201740PE.NFO,07/01/2020,10:01:11,42.4,42.6,1100,45.75,550,0,17600
BATAINDIA30JAN201740PE.NFO,07/01/2020,10:01:17,42.4,42.7,1100,45.75,550,0,17600
BATAINDIA30JAN201740PE.NFO,07/01/2020,10:01:23,42.4,42.7,1100,45.8,550,0,17600
BATAINDIA30JAN201740PE.NFO,07/01/2020,10:01:35,42.4,42.7,1100,46.15,550,0,17600
BATAINDIA30JAN201740PE.NFO,07/01/2020,10:01:41,42.4,42.7,1100,45.95,550,0,17600
BATAINDIA30JAN201740PE.NFO,07/01/2020,10:01:57,42.4,42.7,1100,45.75,550,0,17600
BATAINDIA30JAN201740PE.NFO,07/01/2020,10:02:02,42.4,42.7,1100,45.95,550,0,17600
BATAINDIA30JAN201740PE.NFO,07/01/2020,10:02:48,42.4,42.7,1100,45.65,550,0,17600
BATAINDIA30JAN201740PE.NFO,07/01/2020,10:02:52,42.4,42.45,550,45.5,550,0,17600
BATAINDIA30JAN201740PE.NFO,07/01/2020,10:02:56,42.4,42.3,550,44.85,550,0,17600
BATAINDIA30JAN201740PE.NFO,07/01/2020,10:03:00,42.4,41.8,550,44.9,550,0,17600
BATAINDIA30JAN201740PE.NFO,07/01/2020,10:03:04,42.4,41.7,550,45.2,550,0,17600
BATAINDIA30JAN201740PE.NFO,07/01/2020,10:03:09,42.4,42.6,550,45.4,550,0,17600
BATAINDIA30JAN201740PE.NFO,07/01/2020,10:03:16,42.4,41.5,1100,45.25,550,0,17600
BATAINDIA30JAN201740PE.NFO,07/01/2020,10:03:17,42.4,42,550,45.25,550,0,17600
BATAINDIA30JAN201740PE.NFO,07/01/2020,10:03:18,42.4,42.25,550,45.25,550,0,17600
BATAINDIA30JAN201740PE.NFO,07/01/2020,10:03:19,42.4,42.45,550,45.25,550,0,17600
BATAINDIA30JAN201740PE.NFO,07/01/2020,10:03:33,42.4,42.55,550,45.25,550,0,17600
BATAINDIA30JAN201740PE.NFO,07/01/2020,10:03:44,42.4,42.65,550,45.25,550,0,17600
BATAINDIA30JAN201740PE.NFO,07/01/2020,10:03:48,42.4,41.5,550,45.45,550,0,17600
BATAINDIA30JAN201740PE.NFO,07/01/2020,10:03:49,42.4,41.8,1100,45.45,550,0,17600
BATAINDIA30JAN201740PE.NFO,07/01/2020,10:03:52,42.4,41.9,1100,45.45,550,0,17600
BATAINDIA30JAN201740PE.NFO,07/01/2020,10:03:53,42.4,42,1100,45.3,550,0,17600
BATAINDIA30JAN201740PE.NFO,07/01/2020,10:03:55,42.4,42,1100,45.5,550,0,17600
BATAINDIA30JAN201740PE.NFO,07/01/2020,10:03:55,42.4,42,1100,45.25,550,0,17600
BATAINDIA30JAN201740PE.NFO,07/01/2020,10:04:10,42.4,42,1100,45.4,550,0,17600
BATAINDIA30JAN201740PE.NFO,07/01/2020,10:04:15,42.4,42,1100,45.1,550,0,17600
BATAINDIA30JAN201740PE.NFO,07/01/2020,10:04:30,42.4,42.1,1100,45.45,550,0,17600
BATAINDIA30JAN201740PE.NFO,07/01/2020,10:04:32,42.4,42.1,1100,45.25,550,0,17600
BATAINDIA30JAN201740PE.NFO,07/01/2020,10:04:49,42.4,42.1,1100,45.1,550,0,17600
BATAINDIA30JAN201740PE.NFO,07/01/2020,10:05:21,42.4,42.1,1100,45.5,550,0,17600
BATAINDIA30JAN201740PE.NFO,07/01/2020,10:05:27,42.4,42.1,1100,45.35,550,0,17600
BATAINDIA30JAN201740PE.NFO,07/01/2020,10:05:37,42.4,42.1,1100,45.55,550,0,17600
BATAINDIA30JAN201740PE.NFO,07/01/2020,10:05:44,42.4,42.1,1100,45.35,550,0,17600
BATAINDIA30JAN201740PE.NFO,07/01/2020,10:05:55,42.4,42.1,1100,45.55,550,0,17600
BATAINDIA30JAN201740PE.NFO,07/01/2020,10:06:09,42.4,42.1,1100,45.6,550,0,17600
BATAINDIA30JAN201740PE.NFO,07/01/2020,10:06:14,42.4,42.1,1100,45.45,550,0,17600
BATAINDIA30JAN201740PE.NFO,07/01/2020,10:06:18,42.4,42.1,1100,45.3,550,0,17600
BATAINDIA30JAN201740PE.NFO,07/01/2020,10:06:53,42.4,42.1,1100,45.45,550,0,17600
BATAINDIA30JAN201740PE.NFO,07/01/2020,10:06:58,42.4,42.1,1100,45.3,550,0,17600
BATAINDIA30JAN201740PE.NFO,07/01/2020,10:07:18,42.4,42.1,1100,45.1,550,0,17600
BATAINDIA30JAN201740PE.NFO,07/01/2020,10:07:24,42.4,42.25,550,44.95,550,0,17600
BATAINDIA30JAN201740PE.NFO,07/01/2020,10:07:49,42.4,42.35,550,44.95,550,0,17600
BATAINDIA30JAN201740PE.NFO,07/01/2020,10:07:55,42.4,42.45,550,44.95,550,0,17600
BATAINDIA30JAN201740PE.NFO,07/01/2020,10:08:00,42.4,42.15,550,44.75,550,0,17600
BATAINDIA30JAN201740PE.NFO,07/01/2020,10:08:04,42.4,41.95,550,44.75,550,0,17600
BATAINDIA30JAN201740PE.NFO,07/01/2020,10:08:09,42.4,42.15,550,44.75,550,0,17600
BATAINDIA30JAN201740PE.NFO,07/01/2020,10:08:13,42.4,42.05,550,44.6,550,0,17600
BATAINDIA30JAN201740PE.NFO,07/01/2020,10:08:19,42.4,42.15,550,44.6,550,0,17600
BATAINDIA30JAN201740PE.NFO,07/01/2020,10:08:24,42.4,41.7,550,44.35,550,0,17600
BATAINDIA30JAN201740PE.NFO,07/01/2020,10:08:28,42.4,41.9,550,44.35,550,0,17600
BATAINDIA30JAN201740PE.NFO,07/01/2020,10:08:38,42.4,40.3,550,43.85,550,0,17600
BATAINDIA30JAN201740PE.NFO,07/01/2020,10:08:43,42.4,41.5,550,43.65,550,0,17600
BATAINDIA30JAN201740PE.NFO,07/01/2020,10:08:48,42.4,41.6,550,43.65,550,0,17600
BATAINDIA30JAN201740PE.NFO,07/01/2020,10:08:51,42.4,40.65,550,43.55,550,0,17600
BATAINDIA30JAN201740PE.NFO,07/01/2020,10:08:56,42.4,41.4,550,43.55,550,0,17600
BATAINDIA30JAN201740PE.NFO,07/01/2020,10:09:09,42.4,40.85,550,43.75,550,0,17600
BATAINDIA30JAN201740PE.NFO,07/01/2020,10:09:13,42.4,41.4,550,43.75,550,0,17600
BATAINDIA30JAN201740PE.NFO,07/01/2020,10:09:17,42.4,41.5,550,43.75,550,0,17600
BATAINDIA30JAN201740PE.NFO,07/01/2020,10:09:22,42.4,41.35,550,43.6,550,0,17600
BATAINDIA30JAN201740PE.NFO,07/01/2020,10:09:40,42.4,40.9,550,43.45,550,0,17600
BATAINDIA30JAN201740PE.NFO,07/01/2020,10:09:44,42.4,41.3,550,43.45,550,0,17600
BATAINDIA30JAN201740PE.NFO,07/01/2020,10:09:53,42.4,40.2,550,43.3,550,0,17600
BATAINDIA30JAN201740PE.NFO,07/01/2020,10:09:57,42.4,40.8,550,43.35,550,0,17600
BATAINDIA30JAN201740PE.NFO,07/01/2020,10:10:03,42.4,39.85,550,43.2,550,0,17600
BATAINDIA30JAN201740PE.NFO,07/01/2020,10:10:09,42.4,40.95,550,43.2,550,0,17600
BATAINDIA30JAN201740PE.NFO,07/01/2020,10:10:14,42.4,41.1,550,43.2,550,0,17600
BATAINDIA30JAN201740PE.NFO,07/01/2020,10:10:23,42.4,40.25,550,43.2,1100,0,17600
BATAINDIA30JAN201740PE.NFO,07/01/2020,10:10:30,42.4,40.35,550,43.2,1100,0,17600
BATAINDIA30JAN201740PE.NFO,07/01/2020,10:10:35,42.4,40.45,550,43.2,1100,0,17600
BATAINDIA30JAN201740PE.NFO,07/01/2020,10:10:40,42.4,40.95,550,43.35,550,0,17600
BATAINDIA30JAN201740PE.NFO,07/01/2020,10:10:43,42.4,40.8,550,43.85,550,0,17600
BATAINDIA30JAN201740PE.NFO,07/01/2020,10:10:46,42.4,41.2,550,43.65,550,0,17600
BATAINDIA30JAN201740PE.NFO,07/01/2020,10:10:50,42.4,40.65,550,43.7,550,0,17600
BATAINDIA30JAN201740PE.NFO,07/01/2020,10:10:53,42.4,41.6,550,43.85,550,0,17600
BATAINDIA30JAN201740PE.NFO,07/01/2020,10:10:56,42.4,41.4,550,43.7,550,0,17600
BATAINDIA30JAN201740PE.NFO,07/01/2020,10:11:00,42.4,41.6,550,43.7,550,0,17600
BATAINDIA30JAN201740PE.NFO,07/01/2020,10:11:06,42.4,41.05,550,43.6,550,0,17600
BATAINDIA30JAN201740PE.NFO,07/01/2020,10:11:11,42.4,40.85,550,43.15,550,0,17600
BATAINDIA30JAN201740PE.NFO,07/01/2020,10:11:15,42.4,40.8,550,43.15,550,0,17600
BATAINDIA30JAN201740PE.NFO,07/01/2020,10:11:19,42.4,41.2,550,43.3,550,0,17600
BATAINDIA30JAN201740PE.NFO,07/01/2020,10:11:47,42.4,40.95,550,43.15,550,0,17600
BATAINDIA30JAN201740PE.NFO,07/01/2020,10:11:51,42.4,40.6,550,43.3,550,0,17600
BATAINDIA30JAN201740PE.NFO,07/01/2020,10:11:55,42.4,41.25,550,43.45,550,0,17600
BATAINDIA30JAN201740PE.NFO,07/01/2020,10:11:59,42.4,41.25,550,43.3,550,0,17600
BATAINDIA30JAN201740PE.NFO,07/01/2020,10:12:03,42.4,40.75,550,43.3,550,0,17600
BATAINDIA30JAN201740PE.NFO,07/01/2020,10:12:07,42.4,41.1,550,43.15,550,0,17600
BATAINDIA30JAN201740PE.NFO,07/01/2020,10:12:15,42.4,40.15,1650,43.15,550,0,17600
BATAINDIA30JAN201740PE.NFO,07/01/2020,10:12:19,42.4,40.65,550,43.15,550,0,17600
BATAINDIA30JAN201740PE.NFO,07/01/2020,10:12:24,42.4,40.75,550,43.15,550,0,17600
BATAINDIA30JAN201740PE.NFO,07/01/2020,10:12:28,42.4,40.25,550,43.15,550,0,17600
BATAINDIA30JAN201740PE.NFO,07/01/2020,10:12:33,42.4,41,550,43.15,550,0,17600
BATAINDIA30JAN201740PE.NFO,07/01/2020,10:12:42,42.4,40.6,550,43.15,550,0,17600
BATAINDIA30JAN201740PE.NFO,07/01/2020,10:12:49,42.4,40.95,550,43.15,550,0,17600
BATAINDIA30JAN201740PE.NFO,07/01/2020,10:12:53,42.4,41.05,550,43.15,550,0,17600
BATAINDIA30JAN201740PE.NFO,07/01/2020,10:12:57,42.4,40.4,550,43,550,0,17600
BATAINDIA30JAN201740PE.NFO,07/01/2020,10:13:00,42.4,40.95,550,43,550,0,17600
BATAINDIA30JAN201740PE.NFO,07/01/2020,10:13:05,42.4,40.7,550,42.8,550,0,17600
BATAINDIA30JAN201740PE.NFO,07/01/2020,10:13:13,42.4,40.9,550,43.05,550,0,17600
BATAINDIA30JAN201740PE.NFO,07/01/2020,10:13:18,42.4,41.1,550,43.05,550,0,17600
BATAINDIA30JAN201740PE.NFO,07/01/2020,10:13:40,42.4,40.15,550,42.9,550,0,17600
BATAINDIA30JAN201740PE.NFO,07/01/2020,10:13:43,42.4,40.9,550,42.9,550,0,17600
BATAINDIA30JAN201740PE.NFO,07/01/2020,10:13:47,42.4,40.1,550,42.65,550,0,17600
BATAINDIA30JAN201740PE.NFO,07/01/2020,10:13:53,42.4,40.25,550,42.45,550,0,17600
BATAINDIA30JAN201740PE.NFO,07/01/2020,10:13:58,42.4,39.05,550,42.85,550,0,17600
BATAINDIA30JAN201740PE.NFO,07/01/2020,10:14:02,42.4,39.8,550,42.35,550,0,17600
BATAINDIA30JAN201740PE.NFO,07/01/2020,10:14:07,42.4,39.7,550,41.8,550,0,17600
BATAINDIA30JAN201740PE.NFO,07/01/2020,10:14:12,42.4,39.65,550,41.8,550,0,17600
BATAINDIA30JAN201740PE.NFO,07/01/2020,10:14:13,42.4,39.75,550,41.8,550,0,17600
BATAINDIA30JAN201740PE.NFO,07/01/2020,10:14:14,42.4,38.4,550,42,550,0,17600
BATAINDIA30JAN201740PE.NFO,07/01/2020,10:14:15,42.4,39.85,550,42,550,0,17600
BATAINDIA30JAN201740PE.NFO,07/01/2020,10:14:16,42.4,39.95,550,42,550,0,17600
BATAINDIA30JAN201740PE.NFO,07/01/2020,10:14:17,42.4,39.1,550,41.85,550,0,17600
BATAINDIA30JAN201740PE.NFO,07/01/2020,10:14:19,42.4,39.15,550,41.8,1100,0,17600
BATAINDIA30JAN201740PE.NFO,07/01/2020,10:14:20,42.4,38.5,550,41.8,550,0,17600
BATAINDIA30JAN201740PE.NFO,07/01/2020,10:14:21,42.4,39.15,550,41.7,550,0,17600
BATAINDIA30JAN201740PE.NFO,07/01/2020,10:14:22,42.4,39.55,550,41.7,550,0,17600
BATAINDIA30JAN201740PE.NFO,07/01/2020,10:14:26,42.4,38.8,550,41.85,550,0,17600
BATAINDIA30JAN201740PE.NFO,07/01/2020,10:14:27,42.4,38.8,550,41.65,550,0,17600
BATAINDIA30JAN201740PE.NFO,07/01/2020,10:14:28,42.4,39.1,550,41.8,550,0,17600
BATAINDIA30JAN201740PE.NFO,07/01/2020,10:14:29,42.4,39.65,550,41.8,550,0,17600
BATAINDIA30JAN201740PE.NFO,07/01/2020,10:14:30,42.4,39.75,550,41.8,550,0,17600
BATAINDIA30JAN201740PE.NFO,07/01/2020,10:14:33,42.4,38.85,550,41.7,550,0,17600
BATAINDIA30JAN201740PE.NFO,07/01/2020,10:14:34,42.4,39.05,550,41.7,550,0,17600
BATAINDIA30JAN201740PE.NFO,07/01/2020,10:14:35,42.4,39.35,550,41.7,550,0,17600
BATAINDIA30JAN201740PE.NFO,07/01/2020,10:14:36,42.4,39.55,550,41.7,550,0,17600
BATAINDIA30JAN201740PE.NFO,07/01/2020,10:14:37,42.4,39.6,550,41.7,550,0,17600
BATAINDIA30JAN201740PE.NFO,07/01/2020,10:14:38,42.4,38.95,550,41.75,550,0,17600
BATAINDIA30JAN201740PE.NFO,07/01/2020,10:14:39,42.4,39.35,550,41.75,550,0,17600
BATAINDIA30JAN201740PE.NFO,07/01/2020,10:14:40,42.4,39.45,550,41.75,550,0,17600
BATAINDIA30JAN201740PE.NFO,07/01/2020,10:14:41,42.4,38.95,550,41.6,550,0,17600
BATAINDIA30JAN201740PE.NFO,07/01/2020,10:14:42,42.4,39.15,550,41.6,550,0,17600
BATAINDIA30JAN201740PE.NFO,07/01/2020,10:14:43,42.4,39.25,550,41.6,550,0,17600
BATAINDIA30JAN201740PE.NFO,07/01/2020,10:14:44,42.4,39.45,550,41.6,550,0,17600
BATAINDIA30JAN201740PE.NFO,07/01/2020,10:14:45,42.4,39.5,550,41.6,550,0,17600
BATAINDIA30JAN201740PE.NFO,07/01/2020,10:14:46,42.4,39.6,550,41.6,550,0,17600
BATAINDIA30JAN201740PE.NFO,07/01/2020,10:14:48,42.4,38.85,550,41.75,550,0,17600
BATAINDIA30JAN201740PE.NFO,07/01/2020,10:14:49,42.4,38.95,550,41.75,550,0,17600
BATAINDIA30JAN201740PE.NFO,07/01/2020,10:14:50,42.4,39.15,550,41.75,550,0,17600
BATAINDIA30JAN201740PE.NFO,07/01/2020,10:14:51,42.4,39.7,550,41.9,550,0,17600
BATAINDIA30JAN201740PE.NFO,07/01/2020,10:14:52,42.4,39.8,550,41.9,550,0,17600
BATAINDIA30JAN201740PE.NFO,07/01/2020,10:14:53,42.4,39.15,1100,42.05,550,0,17600
BATAINDIA30JAN201740PE.NFO,07/01/2020,10:14:55,42.4,39.15,1100,41.95,550,0,17600
BATAINDIA30JAN201740PE.NFO,07/01/2020,10:14:56,42.4,38.25,550,41.35,550,0,17600
BATAINDIA30JAN201740PE.NFO,07/01/2020,10:14:57,42.4,37.7,1650,41.3,550,0,17600
BATAINDIA30JAN201740PE.NFO,07/01/2020,10:14:58,42.4,37.9,550,41.1,550,0,17600
BATAINDIA30JAN201740PE.NFO,07/01/2020,10:14:59,42.4,38,550,41.1,550,0,17600
BATAINDIA30JAN201740PE.NFO,07/01/2020,10:15:00,42.4,38,550,41.05,550,0,17600
BATAINDIA30JAN201740PE.NFO,07/01/2020,10:15:01,42.4,38,550,40.85,550,0,17600
BATAINDIA30JAN201740PE.NFO,07/01/2020,10:15:02,42.4,38,550,40.8,550,0,17600
BATAINDIA30JAN201740PE.NFO,07/01/2020,10:15:06,42.4,38,550,40.95,550,0,17600
BATAINDIA30JAN201740PE.NFO,07/01/2020,10:15:08,42.4,38,1650,41.05,550,0,17600
BATAINDIA30JAN201740PE.NFO,07/01/2020,10:15:09,42.4,38,1650,41.5,550,0,17600
BATAINDIA30JAN201740PE.NFO,07/01/2020,10:15:10,42.4,38,550,41.25,550,0,17600
BATAINDIA30JAN201740PE.NFO,07/01/2020,10:15:11,42.4,38,550,41.2,550,0,17600
BATAINDIA30JAN201740PE.NFO,07/01/2020,10:15:17,42.4,38,550,40.8,550,0,17600
BATAINDIA30JAN201740PE.NFO,07/01/2020,10:15:22,42.4,38,550,40.95,1100,0,17600
BATAINDIA30JAN201740PE.NFO,07/01/2020,10:15:27,42.4,38,1650,41.05,550,0,17600
BATAINDIA30JAN201740PE.NFO,07/01/2020,10:15:32,42.4,38,550,40.8,550,0,17600
BATAINDIA30JAN201740PE.NFO,07/01/2020,10:15:41,42.4,38,1650,40.95,550,0,17600
BATAINDIA30JAN201740PE.NFO,07/01/2020,10:15:52,42.4,37.3,11000,41.6,550,0,17600
BATAINDIA30JAN201740PE.NFO,07/01/2020,10:15:58,42.4,37.3,11000,41.3,550,0,17600
BATAINDIA30JAN201740PE.NFO,07/01/2020,10:16:02,42.4,37.4,11000,41.15,550,0,17600
BATAINDIA30JAN201740PE.NFO,07/01/2020,10:16:07,42.4,37.5,2200,40.65,550,0,17600
BATAINDIA30JAN201740PE.NFO,07/01/2020,10:16:11,42.4,37.6,2200,40.6,550,0,17600
BATAINDIA30JAN201740PE.NFO,07/01/2020,10:16:32,42.4,37.6,1100,40.35,550,0,17600
BATAINDIA30JAN201740PE.NFO,07/01/2020,10:16:36,42.4,37.6,1100,40.2,550,0,17600
BATAINDIA30JAN201740PE.NFO,07/01/2020,10:16:40,42.4,37.6,1650,40.4,550,0,17600
BATAINDIA30JAN201740PE.NFO,07/01/2020,10:16:44,42.4,38.5,550,41,550,0,17600
BATAINDIA30JAN201740PE.NFO,07/01/2020,10:16:49,42.4,37.75,550,40.55,550,0,17600
BATAINDIA30JAN201740PE.NFO,07/01/2020,10:16:53,42.4,37.85,1100,40.5,550,0,17600
BATAINDIA30JAN201740PE.NFO,07/01/2020,10:17:01,42.4,37.85,2200,40.5,550,0,17600
BATAINDIA30JAN201740PE.NFO,07/01/2020,10:17:05,42.4,37.85,1100,40.5,550,0,17600
BATAINDIA30JAN201740PE.NFO,07/01/2020,10:17:08,42.4,38.05,550,40.5,1100,0,17600
BATAINDIA30JAN201740PE.NFO,07/01/2020,10:17:12,42.4,38.15,550,40.6,1100,0,17600
BATAINDIA30JAN201740PE.NFO,07/01/2020,10:17:16,42.4,38.15,550,40.7,550,0,17600
BATAINDIA30JAN201740PE.NFO,07/01/2020,10:17:20,42.4,38.3,550,40.75,550,0,17600
BATAINDIA30JAN201740PE.NFO,07/01/2020,10:17:25,42.4,38.65,550,41,550,0,17600
BATAINDIA30JAN201740PE.NFO,07/01/2020,10:17:33,42.4,38.75,550,41,550,0,17600
BATAINDIA30JAN201740PE.NFO,07/01/2020,10:17:38,42.4,38.8,550,41.3,1100,0,17600
BATAINDIA30JAN201740PE.NFO,07/01/2020,10:17:41,42.4,38.75,550,41.25,550,0,17600
BATAINDIA30JAN201740PE.NFO,07/01/2020,10:17:45,42.4,38.95,550,41.3,550,0,17600
BATAINDIA30JAN201740PE.NFO,07/01/2020,10:17:49,42.4,38.8,1100,41.3,550,0,17600
BATAINDIA30JAN201740PE.NFO,07/01/2020,10:17:53,42.4,38.8,1100,41.45,550,0,17600
BATAINDIA30JAN201740PE.NFO,07/01/2020,10:17:57,42.4,38.9,1100,41.6,550,0,17600
BATAINDIA30JAN201740PE.NFO,07/01/2020,10:18:04,42.4,38.9,1100,41.55,550,0,17600
BATAINDIA30JAN201740PE.NFO,07/01/2020,10:18:25,42.4,39,1100,41.55,550,0,17600
BATAINDIA30JAN201740PE.NFO,07/01/2020,10:18:28,42.4,39.2,1100,42.1,1100,0,17600
BATAINDIA30JAN201740PE.NFO,07/01/2020,10:18:33,42.4,39.2,1100,41.7,550,0,17600
BATAINDIA30JAN201740PE.NFO,07/01/2020,10:18:38,42.4,39.2,1100,41.65,550,0,17600
BATAINDIA30JAN201740PE.NFO,07/01/2020,10:18:43,42.4,39.05,1100,41.6,550,0,17600
BATAINDIA30JAN201740PE.NFO,07/01/2020,10:18:48,41.6,39.05,1100,41.85,550,550,18150
BATAINDIA30JAN201740PE.NFO,07/01/2020,10:18:53,41.6,39.15,1100,41.85,550,0,18150
BATAINDIA30JAN201740PE.NFO,07/01/2020,10:18:58,41.6,39.25,550,41.95,550,0,18150
BATAINDIA30JAN201740PE.NFO,07/01/2020,10:19:03,41.6,38.8,550,41.95,550,0,18150
BATAINDIA30JAN201740PE.NFO,07/01/2020,10:19:07,41.6,39.1,550,41.8,550,0,18150
BATAINDIA30JAN201740PE.NFO,07/01/2020,10:19:11,41.6,39,550,41.8,550,0,18150
BATAINDIA30JAN201740PE.NFO,07/01/2020,10:19:15,41.6,39,550,41.55,550,0,18150
BATAINDIA30JAN201740PE.NFO,07/01/2020,10:19:29,41.6,39,550,41.4,550,0,18150
BATAINDIA30JAN201740PE.NFO,07/01/2020,10:19:43,41.6,39,550,41.25,550,0,18150
BATAINDIA30JAN201740PE.NFO,07/01/2020,10:19:47,41.6,39,550,41.1,550,0,18150
BATAINDIA30JAN201740PE.NFO,07/01/2020,10:20:05,41.6,38.5,550,40.8,550,0,18150
BATAINDIA30JAN201740PE.NFO,07/01/2020,10:20:10,41.6,38.5,550,40.55,550,0,18150
BATAINDIA30JAN201740PE.NFO,07/01/2020,10:20:15,41.6,38.5,550,40.3,550,0,18150
BATAINDIA30JAN201740PE.NFO,07/01/2020,10:20:19,41.6,38.5,550,40.35,550,0,18150
BATAINDIA30JAN201740PE.NFO,07/01/2020,10:20:23,41.6,38.5,550,40.55,550,0,18150
BATAINDIA30JAN201740PE.NFO,07/01/2020,10:20:26,41.6,38.5,550,40.6,550,0,18150
BATAINDIA30JAN201740PE.NFO,07/01/2020,10:20:31,41.6,38.55,550,41.2,550,0,18150
BATAINDIA30JAN201740PE.NFO,07/01/2020,10:20:35,41.6,38.5,550,40.25,550,0,18150
BATAINDIA30JAN201740PE.NFO,07/01/2020,10:20:38,41.6,38.5,550,40.6,550,0,18150
BATAINDIA30JAN201740PE.NFO,07/01/2020,10:20:47,41.6,38.5,550,40.65,550,0,18150
BATAINDIA30JAN201740PE.NFO,07/01/2020,10:20:51,41.6,38.5,550,40.5,550,0,18150
BATAINDIA30JAN201740PE.NFO,07/01/2020,10:20:57,41.6,38.5,550,40.55,550,0,18150
BATAINDIA30JAN201740PE.NFO,07/01/2020,10:21:01,41.6,38.5,550,40.65,550,0,18150
BATAINDIA30JAN201740PE.NFO,07/01/2020,10:21:05,41.6,38.6,550,40.75,550,0,18150
BATAINDIA30JAN201740PE.NFO,07/01/2020,10:21:12,41.6,38.6,550,40.85,550,0,18150
BATAINDIA30JAN201740PE.NFO,07/01/2020,10:21:17,41.6,38.95,550,41.2,550,0,18150
BATAINDIA30JAN201740PE.NFO,07/01/2020,10:21:21,41.6,38.95,550,41.15,550,0,18150
BATAINDIA30JAN201740PE.NFO,07/01/2020,10:21:25,41.6,38.95,550,41.05,550,0,18150
BATAINDIA30JAN201740PE.NFO,07/01/2020,10:21:33,41.6,38.95,550,41.1,550,0,18150
BATAINDIA30JAN201740PE.NFO,07/01/2020,10:21:36,41,39.05,550,41.1,550,550,18150
BATAINDIA30JAN201740PE.NFO,07/01/2020,10:21:40,41,39.35,550,41.4,550,0,18150
BATAINDIA30JAN201740PE.NFO,07/01/2020,10:21:44,41,39.45,550,41.55,550,0,18150
BATAINDIA30JAN201740PE.NFO,07/01/2020,10:21:48,41,39.65,550,41.6,550,0,18150
BATAINDIA30JAN201740PE.NFO,07/01/2020,10:21:52,41,39.65,1100,41.6,550,0,18150
BATAINDIA30JAN201740PE.NFO,07/01/2020,10:22:00,41,40.05,1100,41.6,550,0,18150
BATAINDIA30JAN201740PE.NFO,07/01/2020,10:22:22,41,39.75,550,41.6,550,0,18150
BATAINDIA30JAN201740PE.NFO,07/01/2020,10:22:30,41,39.95,550,41.6,550,0,18150
BATAINDIA30JAN201740PE.NFO,07/01/2020,10:22:35,41,40.25,550,41.6,550,0,18150
BATAINDIA30JAN201740PE.NFO,07/01/2020,10:22:50,41,40.2,550,41.6,550,0,18150
BATAINDIA30JAN201740PE.NFO,07/01/2020,10:22:56,41,40.1,550,41.5,550,0,18150
BATAINDIA30JAN201740PE.NFO,07/01/2020,10:23:01,41,40.1,550,41.45,550,0,18150
BATAINDIA30JAN201740PE.NFO,07/01/2020,10:23:06,41,40.1,550,41.4,550,0,18150
BATAINDIA30JAN201740PE.NFO,07/01/2020,10:23:15,41,40.1,550,41.45,550,0,18150
BATAINDIA30JAN201740PE.NFO,07/01/2020,10:23:19,41,40.1,550,41.5,550,0,18150
BATAINDIA30JAN201740PE.NFO,07/01/2020,10:23:28,41,40.1,550,41.45,550,0,18150
BATAINDIA30JAN201740PE.NFO,07/01/2020,10:23:34,41,40.1,550,41.3,550,0,18150
BATAINDIA30JAN201740PE.NFO,07/01/2020,10:23:45,41,40.1,550,41.2,550,0,18150
BATAINDIA30JAN201740PE.NFO,07/01/2020,10:23:59,41,40.1,550,41.4,550,0,18150
BATAINDIA30JAN201740PE.NFO,07/01/2020,10:24:06,41,40.1,550,41.35,550,0,18150
BATAINDIA30JAN201740PE.NFO,07/01/2020,10:24:18,41,40.25,550,41.35,550,0,18150
BATAINDIA30JAN201740PE.NFO,07/01/2020,10:24:26,41,40.25,550,41.8,550,0,18150
BATAINDIA30JAN201740PE.NFO,07/01/2020,10:24:30,41,40.35,550,41.9,550,0,18150
BATAINDIA30JAN201740PE.NFO,07/01/2020,10:24:39,41,40.45,550,42.1,550,0,18150
BATAINDIA30JAN201740PE.NFO,07/01/2020,10:24:43,41,40.55,550,42.1,550,0,18150
BATAINDIA30JAN201740PE.NFO,07/01/2020,10:24:46,41,40.55,550,41.85,550,0,18150
BATAINDIA30JAN201740PE.NFO,07/01/2020,10:24:49,41,41.05,550,41.9,550,0,18150
BATAINDIA30JAN201740PE.NFO,07/01/2020,10:24:56,41,41.05,550,41.95,550,0,18150
BATAINDIA30JAN201740PE.NFO,07/01/2020,10:25:00,41.9,41.05,550,44.55,2750,550,18700
BATAINDIA30JAN201740PE.NFO,07/01/2020,10:25:04,41.9,41.05,550,41.8,550,0,18700
BATAINDIA30JAN201740PE.NFO,07/01/2020,10:25:08,41.8,41.05,550,46.25,6050,550,18700
BATAINDIA30JAN201740PE.NFO,07/01/2020,10:25:11,41.8,41.05,550,46.25,7150,0,18700
BATAINDIA30JAN201740PE.NFO,07/01/2020,10:25:15,41.8,41.05,550,46.2,9350,0,18700
BATAINDIA30JAN201740PE.NFO,07/01/2020,10:25:24,41.8,41.05,550,46.2,8800,0,18700
BATAINDIA30JAN201740PE.NFO,07/01/2020,10:25:34,41.8,41.05,550,46.2,6600,0,18700
BATAINDIA30JAN201740PE.NFO,07/01/2020,10:25:40,41.8,41.05,550,46.2,8800,0,18700
BATAINDIA30JAN201740PE.NFO,07/01/2020,10:25:45,41.8,41.25,550,46.2,8800,0,18700
BATAINDIA30JAN201740PE.NFO,07/01/2020,10:25:59,41.8,41.35,550,46.2,8800,0,18700
BATAINDIA30JAN201740PE.NFO,07/01/2020,10:26:07,41.8,41.45,550,46.2,8800,0,18700
BATAINDIA30JAN201740PE.NFO,07/01/2020,10:26:16,43.1,41.3,550,46.2,8800,550,18700
BATAINDIA30JAN201740PE.NFO,07/01/2020,10:26:16,43.1,41.3,550,46.2,8800,0,18700
BATAINDIA30JAN201740PE.NFO,07/01/2020,10:26:20,43.1,41.4,550,46.2,8800,0,18700
BATAINDIA30JAN201740PE.NFO,07/01/2020,10:26:24,43.1,41.45,550,43.1,550,0,18700
BATAINDIA30JAN201740PE.NFO,07/01/2020,10:27:11,43.1,41.25,550,43.15,550,0,18700
BATAINDIA30JAN201740PE.NFO,07/01/2020,10:27:15,43.1,41.25,550,43.4,550,0,18700
BATAINDIA30JAN201740PE.NFO,07/01/2020,10:27:34,43.1,41.25,550,43.3,550,0,18700
BATAINDIA30JAN201740PE.NFO,07/01/2020,10:27:37,43.1,41.35,550,43.45,550,0,18700
BATAINDIA30JAN201740PE.NFO,07/01/2020,10:27:45,43.1,41.35,550,43.35,550,0,18700
BATAINDIA30JAN201740PE.NFO,07/01/2020,10:27:48,43.1,41.35,550,43.4,550,0,18700
BATAINDIA30JAN201740PE.NFO,07/01/2020,10:27:55,43.1,41.45,550,43.4,550,0,18700
BATAINDIA30JAN201740PE.NFO,07/01/2020,10:27:58,43.1,41.4,550,43.35,550,0,18700
BATAINDIA30JAN201740PE.NFO,07/01/2020,10:28:01,43.1,41.55,550,43.1,550,0,18700
BATAINDIA30JAN201740PE.NFO,07/01/2020,10:28:17,43.1,41.25,550,42.75,550,0,18700
BATAINDIA30JAN201740PE.NFO,07/01/2020,10:28:21,43.1,41.4,550,43,550,0,18700
BATAINDIA30JAN201740PE.NFO,07/01/2020,10:28:24,43.1,41.45,550,43,550,0,18700
BATAINDIA30JAN201740PE.NFO,07/01/2020,10:28:33,43.1,41.35,550,43,550,0,18700
BATAINDIA30JAN201740PE.NFO,07/01/2020,10:28:41,43.1,41.45,550,43,1100,0,18700
BATAINDIA30JAN201740PE.NFO,07/01/2020,10:28:44,43.1,41.35,550,42.95,550,0,18700
BATAINDIA30JAN201740PE.NFO,07/01/2020,10:28:47,43.1,41.45,550,42.95,550,0,18700
BATAINDIA30JAN201740PE.NFO,07/01/2020,10:29:02,43.1,41.3,550,42.85,550,0,18700
BATAINDIA30JAN201740PE.NFO,07/01/2020,10:29:11,43.1,41.25,550,42.6,550,0,18700
BATAINDIA30JAN201740PE.NFO,07/01/2020,10:29:15,43.1,41.05,550,42.35,550,0,18700
BATAINDIA30JAN201740PE.NFO,07/01/2020,10:29:35,43.1,40.6,550,42.2,550,0,18700
BATAINDIA30JAN201740PE.NFO,07/01/2020,10:29:38,43.1,40.45,550,42.05,550,0,18700
BATAINDIA30JAN201740PE.NFO,07/01/2020,10:29:42,43.1,40.65,550,42.05,550,0,18700
BATAINDIA30JAN201740PE.NFO,07/01/2020,10:29:46,43.1,40.75,550,42.05,550,0,18700
BATAINDIA30JAN201740PE.NFO,07/01/2020,10:29:57,43.1,40.4,550,41.9,550,0,18700
BATAINDIA30JAN201740PE.NFO,07/01/2020,10:30:00,43.1,40.45,550,41.9,550,0,18700
BATAINDIA30JAN201740PE.NFO,07/01/2020,10:30:07,43.1,40.45,550,41.7,550,0,18700
BATAINDIA30JAN201740PE.NFO,07/01/2020,10:30:10,43.1,40.25,550,41.45,550,0,18700
BATAINDIA30JAN201740PE.NFO,07/01/2020,10:30:18,43.1,40.25,550,41.25,550,0,18700
BATAINDIA30JAN201740PE.NFO,07/01/2020,10:30:37,43.1,40.2,1100,41.1,550,0,18700
BATAINDIA30JAN201740PE.NFO,07/01/2020,10:30:57,43.1,40.3,550,41.65,550,0,18700
BATAINDIA30JAN201740PE.NFO,07/01/2020,10:31:01,43.1,40.55,550,42.05,550,0,18700
BATAINDIA30JAN201740PE.NFO,07/01/2020,10:31:08,43.1,40.3,550,42.05,550,0,18700
BATAINDIA30JAN201740PE.NFO,07/01/2020,10:31:11,43.1,40.3,550,41.85,550,0,18700
BATAINDIA30JAN201740PE.NFO,07/01/2020,10:31:14,43.1,40.45,550,41.85,550,0,18700
BATAINDIA30JAN201740PE.NFO,07/01/2020,10:31:21,40.5,40.4,550,41.85,550,550,19800
BATAINDIA30JAN201740PE.NFO,07/01/2020,10:31:23,40.5,40.75,550,41.8,550,0,19800
BATAINDIA30JAN201740PE.NFO,07/01/2020,10:31:27,40.5,40.4,550,41.8,1100,0,19800
BATAINDIA30JAN201740PE.NFO,07/01/2020,10:31:30,40.5,40.3,550,41.85,1100,0,19800
BATAINDIA30JAN201740PE.NFO,07/01/2020,10:31:35,40.5,40.65,550,42,1100,0,19800
BATAINDIA30JAN201740PE.NFO,07/01/2020,10:31:42,40.5,40.4,550,42.05,1100,0,19800
BATAINDIA30JAN201740PE.NFO,07/01/2020,10:31:46,40.5,40.65,550,42.3,1100,0,19800
BATAINDIA30JAN201740PE.NFO,07/01/2020,10:31:50,40.5,40.3,550,41.8,1100,0,19800
BATAINDIA30JAN201740PE.NFO,07/01/2020,10:31:54,40.5,40.45,550,41.7,550,0,19800
BATAINDIA30JAN201740PE.NFO,07/01/2020,10:31:58,40.5,40.45,550,41.85,550,0,19800
BATAINDIA30JAN201740PE.NFO,07/01/2020,10:32:02,40.5,40.3,550,41.65,550,0,19800
BATAINDIA30JAN201740PE.NFO,07/01/2020,10:32:06,40.5,40.25,550,41.2,550,0,19800
BATAINDIA30JAN201740PE.NFO,07/01/2020,10:32:10,40.5,40.25,550,41.25,550,0,19800
BATAINDIA30JAN201740PE.NFO,07/01/2020,10:32:13,40.5,40.25,550,41.5,550,0,19800
BATAINDIA30JAN201740PE.NFO,07/01/2020,10:32:13,40.5,40.25,550,41.4,550,0,19800
BATAINDIA30JAN201740PE.NFO,07/01/2020,10:32:18,40.5,40.3,550,41.45,550,0,19800
BATAINDIA30JAN201740PE.NFO,07/01/2020,10:32:19,40.5,40.25,550,41.4,550,0,19800
BATAINDIA30JAN201740PE.NFO,07/01/2020,10:32:20,40.5,40.25,550,41.3,550,0,19800
BATAINDIA30JAN201740PE.NFO,07/01/2020,10:32:30,40.5,40.25,550,41.45,550,0,19800
BATAINDIA30JAN201740PE.NFO,07/01/2020,10:32:31,40.5,40.25,550,41.4,550,0,19800
BATAINDIA30JAN201740PE.NFO,07/01/2020,10:32:32,40.5,40.25,550,41.5,1100,0,19800
BATAINDIA30JAN201740PE.NFO,07/01/2020,10:32:33,40.5,40.25,550,41.3,550,0,19800
BATAINDIA30JAN201740PE.NFO,07/01/2020,10:32:35,40.5,40.25,550,41.25,550,0,19800
BATAINDIA30JAN201740PE.NFO,07/01/2020,10:32:35,40.5,40.25,550,41.5,550,0,19800
BATAINDIA30JAN201740PE.NFO,07/01/2020,10:32:37,40.5,40.25,550,41.35,550,0,19800
BATAINDIA30JAN201740PE.NFO,07/01/2020,10:32:39,40.5,40.25,550,41.5,550,0,19800
BATAINDIA30JAN201740PE.NFO,07/01/2020,10:32:49,40.5,40.35,550,41.5,550,0,19800
BATAINDIA30JAN201740PE.NFO,07/01/2020,10:32:54,40.5,40.45,550,41.9,550,0,19800
BATAINDIA30JAN201740PE.NFO,07/01/2020,10:32:56,40.5,40.35,550,41.75,550,0,19800
BATAINDIA30JAN201740PE.NFO,07/01/2020,10:32:57,40.5,40.25,550,41.6,1100,0,19800
BATAINDIA30JAN201740PE.NFO,07/01/2020,10:32:58,40.5,40.25,550,41.45,550,0,19800
BATAINDIA30JAN201740PE.NFO,07/01/2020,10:32:59,40.5,40.25,550,41.35,550,0,19800
BATAINDIA30JAN201740PE.NFO,07/01/2020,10:33:00,40.5,40.25,550,41.3,550,0,19800
BATAINDIA30JAN201740PE.NFO,07/01/2020,10:33:11,40.5,40.25,550,41.55,550,0,19800
BATAINDIA30JAN201740PE.NFO,07/01/2020,10:33:13,40.5,40.25,550,41.45,1100,0,19800
BATAINDIA30JAN201740PE.NFO,07/01/2020,10:33:16,40.5,40.25,550,41.3,550,0,19800
BATAINDIA30JAN201740PE.NFO,07/01/2020,10:33:19,40.5,40.25,550,41.55,1100,0,19800
BATAINDIA30JAN201740PE.NFO,07/01/2020,10:33:21,40.5,40.25,550,41.35,550,0,19800
BATAINDIA30JAN201740PE.NFO,07/01/2020,10:33:24,40.5,40.25,550,41.3,550,0,19800
BATAINDIA30JAN201740PE.NFO,07/01/2020,10:33:26,40.5,40.25,550,41.55,550,0,19800
BATAINDIA30JAN201740PE.NFO,07/01/2020,10:33:29,40.5,40.25,550,41.45,550,0,19800
BATAINDIA30JAN201740PE.NFO,07/01/2020,10:33:33,40.5,40.25,550,41.65,550,0,19800
BATAINDIA30JAN201740PE.NFO,07/01/2020,10:33:36,40.5,40.25,550,41.5,550,0,19800
BATAINDIA30JAN201740PE.NFO,07/01/2020,10:33:45,40.5,40.25,550,41.65,550,0,19800
BATAINDIA30JAN201740PE.NFO,07/01/2020,10:33:54,40.5,40.4,550,41.65,550,0,19800
BATAINDIA30JAN201740PE.NFO,07/01/2020,10:33:59,40.5,40.4,550,41.5,550,0,19800
BATAINDIA30JAN201740PE.NFO,07/01/2020,10:34:12,40.5,40.4,550,41.35,550,0,19800
BATAINDIA30JAN201740PE.NFO,07/01/2020,10:34:41,41,40.5,550,41.5,550,550,19800
BATAINDIA30JAN201740PE.NFO,07/01/2020,10:34:45,41,40.4,550,41.75,550,0,19800
BATAINDIA30JAN201740PE.NFO,07/01/2020,10:34:48,41,40.4,550,41.65,550,0,19800
BATAINDIA30JAN201740PE.NFO,07/01/2020,10:34:51,41,40.4,550,41.4,550,0,19800
BATAINDIA30JAN201740PE.NFO,07/01/2020,10:34:55,41,40.4,550,41.55,550,0,19800
BATAINDIA30JAN201740PE.NFO,07/01/2020,10:34:58,41,40.4,550,41.4,550,0,19800
BATAINDIA30JAN201740PE.NFO,07/01/2020,10:35:04,41,40.4,550,41.55,550,0,19800
BATAINDIA30JAN201740PE.NFO,07/01/2020,10:35:14,41,40.5,550,41.55,550,0,19800
BATAINDIA30JAN201740PE.NFO,07/01/2020,10:35:17,41,40.4,550,41.4,550,0,19800
BATAINDIA30JAN201740PE.NFO,07/01/2020,10:35:26,41,40.6,550,41.75,550,0,19800
BATAINDIA30JAN201740PE.NFO,07/01/2020,10:35:29,41,40.5,550,41.7,550,0,19800
BATAINDIA30JAN201740PE.NFO,07/01/2020,10:35:33,41,40.4,550,41.45,550,0,19800
BATAINDIA30JAN201740PE.NFO,07/01/2020,10:35:36,41,40.5,550,41.45,550,0,19800
BATAINDIA30JAN201740PE.NFO,07/01/2020,10:35:40,41,40.6,550,41.65,550,0,19800
BATAINDIA30JAN201740PE.NFO,07/01/2020,10:35:43,41,40.4,550,41.55,550,0,19800
BATAINDIA30JAN201740PE.NFO,07/01/2020,10:35:46,41,40.6,550,41.7,550,0,19800
BATAINDIA30JAN201740PE.NFO,07/01/2020,10:35:50,41,40.6,550,41.75,550,0,19800
BATAINDIA30JAN201740PE.NFO,07/01/2020,10:35:53,41,40.45,550,42,550,0,19800
BATAINDIA30JAN201740PE.NFO,07/01/2020,10:35:56,41,40.85,550,42.3,550,0,19800
BATAINDIA30JAN201740PE.NFO,07/01/2020,10:35:59,41,40.6,550,42,550,0,19800
BATAINDIA30JAN201740PE.NFO,07/01/2020,10:36:02,41,40.7,550,42,550,0,19800
BATAINDIA30JAN201740PE.NFO,07/01/2020,10:36:20,41,40.8,550,42.25,550,0,19800
BATAINDIA30JAN201740PE.NFO,07/01/2020,10:36:22,41,40.9,550,42.25,550,0,19800
BATAINDIA30JAN201740PE.NFO,07/01/2020,10:36:26,41,40.7,550,42.1,550,0,19800
BATAINDIA30JAN201740PE.NFO,07/01/2020,10:36:29,41,40.8,550,42.1,550,0,19800
BATAINDIA30JAN201740PE.NFO,07/01/2020,10:36:31,41,40.7,550,42.1,550,0,19800
BATAINDIA30JAN201740PE.NFO,07/01/2020,10:36:33,41,40.55,550,42,550,0,19800
BATAINDIA30JAN201740PE.NFO,07/01/2020,10:36:35,41,40.7,550,42,550,0,19800
BATAINDIA30JAN201740PE.NFO,07/01/2020,10:36:39,41,40.45,550,42.2,550,0,19800
BATAINDIA30JAN201740PE.NFO,07/01/2020,10:36:47,41,41.05,550,41.95,550,0,19800
BATAINDIA30JAN201740PE.NFO,07/01/2020,10:37:02,41,41.05,550,42.05,550,0,19800
BATAINDIA30JAN201740PE.NFO,07/01/2020,10:37:18,41,41.05,550,42.35,550,0,19800
BATAINDIA30JAN201740PE.NFO,07/01/2020,10:37:21,41,41.05,550,42.3,550,0,19800
BATAINDIA30JAN201740PE.NFO,07/01/2020,10:37:24,41,41.15,550,42.3,1100,0,19800
BATAINDIA30JAN201740PE.NFO,07/01/2020,10:37:32,41,41.8,550,43.2,550,0,19800
BATAINDIA30JAN201740PE.NFO,07/01/2020,10:37:35,41,41.25,550,43.1,550,0,19800
BATAINDIA30JAN201740PE.NFO,07/01/2020,10:37:37,41,41.2,550,42.8,550,0,19800
BATAINDIA30JAN201740PE.NFO,07/01/2020,10:37:41,41,41.55,550,42.8,550,0,19800
BATAINDIA30JAN201740PE.NFO,07/01/2020,10:37:51,41,41.65,550,43.1,550,0,19800
BATAINDIA30JAN201740PE.NFO,07/01/2020,10:37:53,41,41.75,550,43.1,550,0,19800
BATAINDIA30JAN201740PE.NFO,07/01/2020,10:37:56,41,41.65,550,42.9,550,0,19800
BATAINDIA30JAN201740PE.NFO,07/01/2020,10:38:00,41,41.3,550,43.05,550,0,19800
BATAINDIA30JAN201740PE.NFO,07/01/2020,10:38:03,41,41.55,550,42.9,550,0,19800
BATAINDIA30JAN201740PE.NFO,07/01/2020,10:38:06,41,41.85,550,43.1,550,0,19800
BATAINDIA30JAN201740PE.NFO,07/01/2020,10:38:13,41,41.65,550,42.9,550,0,19800
BATAINDIA30JAN201740PE.NFO,07/01/2020,10:38:15,41,41.4,550,43.05,550,0,19800
BATAINDIA30JAN201740PE.NFO,07/01/2020,10:38:18,41,41.4,550,43.15,550,0,19800
BATAINDIA30JAN201740PE.NFO,07/01/2020,10:38:20,41,41.6,550,43.2,550,0,19800
BATAINDIA30JAN201740PE.NFO,07/01/2020,10:38:22,41,41.65,550,42.95,550,0,19800
BATAINDIA30JAN201740PE.NFO,07/01/2020,10:38:24,41,41.3,550,42.9,550,0,19800
BATAINDIA30JAN201740PE.NFO,07/01/2020,10:38:28,41,41.55,550,42.85,550,0,19800
BATAINDIA30JAN201740PE.NFO,07/01/2020,10:38:31,41,41.35,550,43,550,0,19800
BATAINDIA30JAN201740PE.NFO,07/01/2020,10:38:34,41,41.5,550,42.9,550,0,19800
BATAINDIA30JAN201740PE.NFO,07/01/2020,10:38:36,41,41.75,550,43.05,550,0,19800
BATAINDIA30JAN201740PE.NFO,07/01/2020,10:38:38,41,41.3,550,42.9,550,0,19800
BATAINDIA30JAN201740PE.NFO,07/01/2020,10:38:40,41,41.55,550,43,1100,0,19800
BATAINDIA30JAN201740PE.NFO,07/01/2020,10:38:42,41,41.75,550,43,1100,0,19800
BATAINDIA30JAN201740PE.NFO,07/01/2020,10:38:48,41,41.3,550,42.85,550,0,19800
BATAINDIA30JAN201740PE.NFO,07/01/2020,10:38:50,41,41.15,550,42.75,550,0,19800
BATAINDIA30JAN201740PE.NFO,07/01/2020,10:38:53,41,41.3,550,42.75,550,0,19800
BATAINDIA30JAN201740PE.NFO,07/01/2020,10:38:54,41,41.1,550,42.9,550,0,19800
BATAINDIA30JAN201740PE.NFO,07/01/2020,10:38:56,41,41.5,550,42.75,550,0,19800
BATAINDIA30JAN201740PE.NFO,07/01/2020,10:38:58,41,41.55,550,42.8,550,0,19800
BATAINDIA30JAN201740PE.NFO,07/01/2020,10:39:00,41,41.3,550,42.9,550,0,19800
BATAINDIA30JAN201740PE.NFO,07/01/2020,10:39:04,41,41.65,550,42.95,550,0,19800
BATAINDIA30JAN201740PE.NFO,07/01/2020,10:39:07,41,41.15,550,42,550,0,19800
BATAINDIA30JAN201740PE.NFO,07/01/2020,10:39:22,41,41,550,42,550,0,19800
BATAINDIA30JAN201740PE.NFO,07/01/2020,10:39:26,41,41.05,550,42,550,0,19800
BATAINDIA30JAN201740PE.NFO,07/01/2020,10:39:32,41,41.15,550,42,550,0,19800
BATAINDIA30JAN201740PE.NFO,07/01/2020,10:39:44,41,41.05,550,41.95,550,0,19800
BATAINDIA30JAN201740PE.NFO,07/01/2020,10:39:47,41,41,1100,41.95,550,0,19800
BATAINDIA30JAN201740PE.NFO,07/01/2020,10:39:50,41,41,1100,42,550,0,19800
BATAINDIA30JAN201740PE.NFO,07/01/2020,10:40:02,41,41,1100,41.95,550,0,19800
BATAINDIA30JAN201740PE.NFO,07/01/2020,10:40:05,41,41.1,550,42,550,0,19800
BATAINDIA30JAN201740PE.NFO,07/01/2020,10:40:24,41,41.05,550,42,550,0,19800
BATAINDIA30JAN201740PE.NFO,07/01/2020,10:41:18,41,41.05,550,42,1100,0,19800
BATAINDIA30JAN201740PE.NFO,07/01/2020,10:41:31,41,41.05,550,41.95,550,0,19800
BATAINDIA30JAN201740PE.NFO,07/01/2020,10:42:11,41,41.15,550,42,550,0,19800
BATAINDIA30JAN201740PE.NFO,07/01/2020,10:42:32,41,41.25,550,42,550,0,19800
BATAINDIA30JAN201740PE.NFO,07/01/2020,10:42:36,41,41.15,550,42,550,0,19800
BATAINDIA30JAN201740PE.NFO,07/01/2020,10:43:23,41,41.35,550,42,550,0,19800
BATAINDIA30JAN201740PE.NFO,07/01/2020,10:44:25,41,41.15,550,42,550,0,19800
BATAINDIA30JAN201740PE.NFO,07/01/2020,10:44:30,41,41.05,550,42,1100,0,19800
BATAINDIA30JAN201740PE.NFO,07/01/2020,10:44:33,41,41.05,550,41.7,550,0,19800
BATAINDIA30JAN201740PE.NFO,07/01/2020,10:44:36,41,41.1,550,41.7,550,0,19800
BATAINDIA30JAN201740PE.NFO,07/01/2020,10:44:39,41,41.05,550,41.7,550,0,19800
BATAINDIA30JAN201740PE.NFO,07/01/2020,10:44:42,41,41,1100,41.7,550,0,19800
BATAINDIA30JAN201740PE.NFO,07/01/2020,10:44:45,41,41.05,550,41.7,550,0,19800
BATAINDIA30JAN201740PE.NFO,07/01/2020,10:44:49,41,41.2,550,41.7,550,0,19800
BATAINDIA30JAN201740PE.NFO,07/01/2020,10:44:58,41,41.1,550,41.5,550,0,19800
BATAINDIA30JAN201740PE.NFO,07/01/2020,10:45:11,41,41.1,550,41.9,550,0,19800
BATAINDIA30JAN201740PE.NFO,07/01/2020,10:45:15,41,41.25,550,41.9,550,0,19800
BATAINDIA30JAN201740PE.NFO,07/01/2020,10:45:50,42.25,41.7,550,43.15,550,1650,19800
BATAINDIA30JAN201740PE.NFO,07/01/2020,10:45:53,42.25,42,550,43.15,550,0,19800
BATAINDIA30JAN201740PE.NFO,07/01/2020,10:45:55,42.25,42.1,550,42.95,550,0,19800
BATAINDIA30JAN201740PE.NFO,07/01/2020,10:45:58,42.25,41.35,2200,42.9,550,0,19800
BATAINDIA30JAN201740PE.NFO,07/01/2020,10:46:00,42.25,41.55,1650,42.9,550,0,19800
BATAINDIA30JAN201740PE.NFO,07/01/2020,10:46:03,42.25,41.15,2200,42.9,1100,0,19800
BATAINDIA30JAN201740PE.NFO,07/01/2020,10:46:06,42.25,41.45,1100,42.9,1100,0,19800
BATAINDIA30JAN201740PE.NFO,07/01/2020,10:46:09,42.25,41.85,550,42.7,550,0,19800
BATAINDIA30JAN201740PE.NFO,07/01/2020,10:46:11,42,41.95,1100,42.65,550,550,19800
BATAINDIA30JAN201740PE.NFO,07/01/2020,10:46:14,42,41.25,2200,42.55,550,0,19800
BATAINDIA30JAN201740PE.NFO,07/01/2020,10:46:17,42,41.55,550,42.6,550,0,19800
BATAINDIA30JAN201740PE.NFO,07/01/2020,10:46:20,42,41.85,550,42.6,550,0,19800
BATAINDIA30JAN201740PE.NFO,07/01/2020,10:46:23,42,41.95,550,42.6,550,0,19800
BATAINDIA30JAN201740PE.NFO,07/01/2020,10:46:26,42,41.2,550,42.6,550,0,19800
BATAINDIA30JAN201740PE.NFO,07/01/2020,10:46:28,42,41.6,550,42.6,550,0,19800
BATAINDIA30JAN201740PE.NFO,07/01/2020,10:46:31,42,41.85,1100,42.6,550,0,19800
BATAINDIA30JAN201740PE.NFO,07/01/2020,10:46:33,42,41.25,1650,42.65,1100,0,19800
BATAINDIA30JAN201740PE.NFO,07/01/2020,10:46:36,42,41.45,1100,42.6,550,0,19800
BATAINDIA30JAN201740PE.NFO,07/01/2020,10:46:39,42,41.75,550,42.7,550,0,19800
BATAINDIA30JAN201740PE.NFO,07/01/2020,10:46:42,42,42,550,42.7,550,0,19800
BATAINDIA30JAN201740PE.NFO,07/01/2020,10:46:50,42,41.15,1650,42.7,550,0,19800
BATAINDIA30JAN201740PE.NFO,07/01/2020,10:46:53,42,41.45,1100,42.8,550,0,19800
BATAINDIA30JAN201740PE.NFO,07/01/2020,10:46:56,42,41.75,550,42.8,550,0,19800
BATAINDIA30JAN201740PE.NFO,07/01/2020,10:46:59,42,42.05,550,42.8,550,0,19800
BATAINDIA30JAN201740PE.NFO,07/01/2020,10:47:01,42,42.2,550,42.8,550,0,19800
BATAINDIA30JAN201740PE.NFO,07/01/2020,10:47:19,42,41.5,1100,43.15,1100,0,19800
BATAINDIA30JAN201740PE.NFO,07/01/2020,10:47:24,42,42,550,43.15,1100,0,19800
BATAINDIA30JAN201740PE.NFO,07/01/2020,10:47:27,42,42.4,550,43.15,1100,0,19800
BATAINDIA30JAN201740PE.NFO,07/01/2020,10:47:30,42,42.5,550,43.15,1100,0,19800
BATAINDIA30JAN201740PE.NFO,07/01/2020,10:47:32,42,42.45,550,43.05,1100,0,19800
BATAINDIA30JAN201740PE.NFO,07/01/2020,10:47:35,42,42.45,1100,43.1,550,0,19800
BATAINDIA30JAN201740PE.NFO,07/01/2020,10:47:37,42,42.45,1100,43,550,0,19800
BATAINDIA30JAN201740PE.NFO,07/01/2020,10:47:41,42,42.35,550,43,550,0,19800
BATAINDIA30JAN201740PE.NFO,07/01/2020,10:47:44,42,41.45,1100,42.9,550,0,19800
BATAINDIA30JAN201740PE.NFO,07/01/2020,10:47:47,42,41.75,550,43,550,0,19800
BATAINDIA30JAN201740PE.NFO,07/01/2020,10:47:50,42,42.05,550,43,550,0,19800
BATAINDIA30JAN201740PE.NFO,07/01/2020,10:47:52,42,42.2,1100,43,550,0,19800
BATAINDIA30JAN201740PE.NFO,07/01/2020,10:47:55,42,42.3,1100,43,550,0,19800
BATAINDIA30JAN201740PE.NFO,07/01/2020,10:47:58,42,42.35,550,43,550,0,19800
BATAINDIA30JAN201740PE.NFO,07/01/2020,10:48:18,42,42.55,550,43.25,550,0,19800
BATAINDIA30JAN201740PE.NFO,07/01/2020,10:48:33,42,42.6,1100,43.25,550,0,19800
BATAINDIA30JAN201740PE.NFO,07/01/2020,10:48:39,42,41.45,1100,43.35,550,0,19800
BATAINDIA30JAN201740PE.NFO,07/01/2020,10:48:43,42,41.85,1100,43.4,550,0,19800
BATAINDIA30JAN201740PE.NFO,07/01/2020,10:48:47,42,42.35,550,43.4,550,0,19800
BATAINDIA30JAN201740PE.NFO,07/01/2020,10:48:50,42,42.65,550,43.4,550,0,19800
BATAINDIA30JAN201740PE.NFO,07/01/2020,10:48:54,42,42.75,550,43.4,550,0,19800
BATAINDIA30JAN201740PE.NFO,07/01/2020,10:49:04,42,42.55,550,43.25,550,0,19800
BATAINDIA30JAN201740PE.NFO,07/01/2020,10:49:08,42,42.65,1100,43.35,550,0,19800
BATAINDIA30JAN201740PE.NFO,07/01/2020,10:49:11,42,42.65,550,43.3,1100,0,19800
BATAINDIA30JAN201740PE.NFO,07/01/2020,10:49:13,42,42.6,1100,43.3,1100,0,19800
BATAINDIA30JAN201740PE.NFO,07/01/2020,10:49:23,42,42.7,550,43.3,1100,0,19800
BATAINDIA30JAN201740PE.NFO,07/01/2020,10:49:36,42,42.7,1100,43.25,550,0,19800
BATAINDIA30JAN201740PE.NFO,07/01/2020,10:49:43,42,42.7,1100,43.2,550,0,19800
BATAINDIA30JAN201740PE.NFO,07/01/2020,10:49:47,42,42,1100,43.55,550,0,19800
BATAINDIA30JAN201740PE.NFO,07/01/2020,10:49:51,42,42.4,1100,43.55,550,0,19800
BATAINDIA30JAN201740PE.NFO,07/01/2020,10:49:55,42,42.8,550,43.55,550,0,19800
BATAINDIA30JAN201740PE.NFO,07/01/2020,10:50:02,42,42.9,1100,43.55,550,0,19800
BATAINDIA30JAN201740PE.NFO,07/01/2020,10:50:08,42,43.1,1100,43.75,1100,0,19800
BATAINDIA30JAN201740PE.NFO,07/01/2020,10:50:14,42,42.85,550,43.4,550,0,19800
BATAINDIA30JAN201740PE.NFO,07/01/2020,10:50:19,42,41.55,1100,43.1,550,0,19800
BATAINDIA30JAN201740PE.NFO,07/01/2020,10:50:24,42,42.05,1100,43.1,550,0,19800
BATAINDIA30JAN201740PE.NFO,07/01/2020,10:50:28,42,41.3,1100,43.05,550,0,19800
BATAINDIA30JAN201740PE.NFO,07/01/2020,10:50:32,42,41.6,1100,43.15,550,0,19800
BATAINDIA30JAN201740PE.NFO,07/01/2020,10:50:36,42,41.4,1100,42.95,550,0,19800
BATAINDIA30JAN201740PE.NFO,07/01/2020,10:50:40,42,41.8,550,42.5,550,0,19800
BATAINDIA30JAN201740PE.NFO,07/01/2020,10:50:45,42,41.55,550,42.4,550,0,19800
BATAINDIA30JAN201740PE.NFO,07/01/2020,10:50:48,42,41.75,1100,42.4,550,0,19800
BATAINDIA30JAN201740PE.NFO,07/01/2020,10:50:51,42,41.8,1100,42.4,550,0,19800
BATAINDIA30JAN201740PE.NFO,07/01/2020,10:50:55,42,41.9,550,42.6,550,0,19800
BATAINDIA30JAN201740PE.NFO,07/01/2020,10:50:58,42,41.35,2200,42.6,550,0,19800
BATAINDIA30JAN201740PE.NFO,07/01/2020,10:51:02,42,41.85,550,42.6,550,0,19800
BATAINDIA30JAN201740PE.NFO,07/01/2020,10:51:07,42,41.35,2200,42.6,550,0,19800
BATAINDIA30JAN201740PE.NFO,07/01/2020,10:51:10,42,41.75,550,42.6,550,0,19800
BATAINDIA30JAN201740PE.NFO,07/01/2020,10:51:13,42,42,550,42.6,550,0,19800
BATAINDIA30JAN201740PE.NFO,07/01/2020,10:51:20,42,41.35,1100,42.7,550,0,19800
BATAINDIA30JAN201740PE.NFO,07/01/2020,10:51:23,42,41.65,1100,42.7,550,0,19800
BATAINDIA30JAN201740PE.NFO,07/01/2020,10:51:27,42,42.05,550,42.7,550,0,19800
BATAINDIA30JAN201740PE.NFO,07/01/2020,10:51:31,42,42.1,550,42.7,550,0,19800
BATAINDIA30JAN201740PE.NFO,07/01/2020,10:51:50,42,42,550,42.6,1100,0,19800
BATAINDIA30JAN201740PE.NFO,07/01/2020,10:51:54,42,41.95,550,42.55,550,0,19800
BATAINDIA30JAN201740PE.NFO,07/01/2020,10:52:00,42,41.55,1100,42.55,1100,0,19800
BATAINDIA30JAN201740PE.NFO,07/01/2020,10:52:04,42,41.35,1650,42.45,550,0,19800
BATAINDIA30JAN201740PE.NFO,07/01/2020,10:52:10,42,41.15,1650,42.45,550,0,19800
BATAINDIA30JAN201740PE.NFO,07/01/2020,10:52:14,42,41.7,1100,42.55,550,0,19800
BATAINDIA30JAN201740PE.NFO,07/01/2020,10:52:19,42,41.65,1100,42.4,550,0,19800
BATAINDIA30JAN201740PE.NFO,07/01/2020,10:52:24,42,41.95,1100,42.5,550,0,19800
BATAINDIA30JAN201740PE.NFO,07/01/2020,10:52:29,42,41.45,1650,42.45,550,0,19800
BATAINDIA30JAN201740PE.NFO,07/01/2020,10:52:35,42,41.85,1100,42.5,550,0,19800
BATAINDIA30JAN201740PE.NFO,07/01/2020,10:52:40,42,41.55,550,42.45,1650,0,19800
BATAINDIA30JAN201740PE.NFO,07/01/2020,10:52:44,42,41.45,1650,42.45,550,0,19800
BATAINDIA30JAN201740PE.NFO,07/01/2020,10:52:48,42,41.7,550,42.45,550,0,19800
BATAINDIA30JAN201740PE.NFO,07/01/2020,10:52:56,42,41.35,2200,42.5,550,0,19800
BATAINDIA30JAN201740PE.NFO,07/01/2020,10:53:01,42,41.85,550,42.55,550,0,19800
BATAINDIA30JAN201740PE.NFO,07/01/2020,10:53:08,42,41.7,550,42.45,550,0,19800
BATAINDIA30JAN201740PE.NFO,07/01/2020,10:53:13,42,41.75,550,42.45,550,0,19800
BATAINDIA30JAN201740PE.NFO,07/01/2020,10:53:19,42,41.75,550,42.55,550,0,19800
BATAINDIA30JAN201740PE.NFO,07/01/2020,10:53:24,42,42,1100,42.55,550,0,19800
BATAINDIA30JAN201740PE.NFO,07/01/2020,10:53:29,42,42.05,550,42.55,550,0,19800
BATAINDIA30JAN201740PE.NFO,07/01/2020,10:53:34,42,41.55,1650,42.45,550,0,19800
BATAINDIA30JAN201740PE.NFO,07/01/2020,10:53:39,42,41.95,550,42.55,550,0,19800
BATAINDIA30JAN201740PE.NFO,07/01/2020,10:53:44,42,41.55,1100,42.6,550,0,19800
BATAINDIA30JAN201740PE.NFO,07/01/2020,10:53:50,42,41.35,2200,42.7,550,0,19800
BATAINDIA30JAN201740PE.NFO,07/01/2020,10:53:56,42,41.75,1100,42.65,550,0,19800
BATAINDIA30JAN201740PE.NFO,07/01/2020,10:54:02,42,41.4,1650,42.6,550,0,19800
BATAINDIA30JAN201740PE.NFO,07/01/2020,10:54:06,42,41.8,1100,42.8,550,0,19800
BATAINDIA30JAN201740PE.NFO,07/01/2020,10:54:12,42,42.5,1100,43.35,550,0,19800
BATAINDIA30JAN201740PE.NFO,07/01/2020,10:54:18,42,41.55,1100,43.15,550,0,19800
BATAINDIA30JAN201740PE.NFO,07/01/2020,10:54:23,42,42.15,550,43.25,550,0,19800
BATAINDIA30JAN201740PE.NFO,07/01/2020,10:54:29,42,42.45,1100,43.05,550,0,19800
BATAINDIA30JAN201740PE.NFO,07/01/2020,10:54:39,42,41.85,1100,43.1,550,0,19800
BATAINDIA30JAN201740PE.NFO,07/01/2020,10:54:44,42,42.35,550,43.1,550,0,19800
BATAINDIA30JAN201740PE.NFO,07/01/2020,10:54:49,42,41.45,1100,43.15,1100,0,19800
BATAINDIA30JAN201740PE.NFO,07/01/2020,10:54:54,42,42.05,1100,43.1,550,0,19800
BATAINDIA30JAN201740PE.NFO,07/01/2020,10:54:58,42,42.4,1100,43.1,550,0,19800
BATAINDIA30JAN201740PE.NFO,07/01/2020,10:55:03,42,42.8,1100,43.45,1100,0,19800
BATAINDIA30JAN201740PE.NFO,07/01/2020,10:55:08,42,42.8,1100,43.45,550,0,19800
BATAINDIA30JAN201740PE.NFO,07/01/2020,10:55:13,42,42.9,1100,43.65,550,0,19800
BATAINDIA30JAN201740PE.NFO,07/01/2020,10:55:17,42,42.9,1100,43.45,550,0,19800
BATAINDIA30JAN201740PE.NFO,07/01/2020,10:55:22,42,41.8,1100,43.55,550,0,19800
BATAINDIA30JAN201740PE.NFO,07/01/2020,10:55:26,42,42.3,550,43.3,550,0,19800
BATAINDIA30JAN201740PE.NFO,07/01/2020,10:55:31,42,41.45,1100,43.35,550,0,19800
BATAINDIA30JAN201740PE.NFO,07/01/2020,10:55:37,42,41.95,1100,43.05,550,0,19800
BATAINDIA30JAN201740PE.NFO,07/01/2020,10:55:43,42,41.45,1100,43.1,550,0,19800
BATAINDIA30JAN201740PE.NFO,07/01/2020,10:55:47,42,41.85,1100,43.15,550,0,19800
BATAINDIA30JAN201740PE.NFO,07/01/2020,10:55:52,42,42.45,550,43.15,550,0,19800
BATAINDIA30JAN201740PE.NFO,07/01/2020,10:55:57,42,42.75,550,43.3,550,0,19800
BATAINDIA30JAN201740PE.NFO,07/01/2020,10:56:04,42,42.75,1100,43.3,1100,0,19800
BATAINDIA30JAN201740PE.NFO,07/01/2020,10:56:09,42,42.75,550,43.2,550,0,19800
BATAINDIA30JAN201740PE.NFO,07/01/2020,10:56:15,42,42.65,550,43.2,1100,0,19800
BATAINDIA30JAN201740PE.NFO,07/01/2020,10:56:20,42,42.6,1100,43.2,1100,0,19800
BATAINDIA30JAN201740PE.NFO,07/01/2020,10:56:24,42,42.6,1100,43.3,1100,0,19800
BATAINDIA30JAN201740PE.NFO,07/01/2020,10:56:40,42,42.3,1100,43.25,1100,0,19800
BATAINDIA30JAN201740PE.NFO,07/01/2020,10:56:44,42,42.75,550,43.25,1100,0,19800
BATAINDIA30JAN201740PE.NFO,07/01/2020,10:56:47,42,42.2,1100,43.25,1100,0,19800
BATAINDIA30JAN201740PE.NFO,07/01/2020,10:56:50,42,42.5,550,43.25,1100,0,19800
BATAINDIA30JAN201740PE.NFO,07/01/2020,10:56:55,42,42,1100,43.25,1100,0,19800
BATAINDIA30JAN201740PE.NFO,07/01/2020,10:57:00,42,42.55,550,43.25,1100,0,19800
BATAINDIA30JAN201740PE.NFO,07/01/2020,10:57:04,42,42,1100,43.25,1100,0,19800
BATAINDIA30JAN201740PE.NFO,07/01/2020,10:57:07,42,42.3,1100,43.25,1100,0,19800
BATAINDIA30JAN201740PE.NFO,07/01/2020,10:57:13,42,42,1100,43.25,1100,0,19800
BATAINDIA30JAN201740PE.NFO,07/01/2020,10:57:19,42,42.85,1100,43.6,550,0,19800
BATAINDIA30JAN201740PE.NFO,07/01/2020,10:57:26,42,43.15,1100,43.75,1100,0,19800
BATAINDIA30JAN201740PE.NFO,07/01/2020,10:57:38,42,42,1100,43.15,550,0,19800
BATAINDIA30JAN201740PE.NFO,07/01/2020,10:57:43,42,42,550,42.85,550,0,19800
BATAINDIA30JAN201740PE.NFO,07/01/2020,10:57:49,42,41.65,1100,42.9,550,0,19800
BATAINDIA30JAN201740PE.NFO,07/01/2020,10:57:53,42,41.85,1100,42.8,550,0,19800
BATAINDIA30JAN201740PE.NFO,07/01/2020,10:57:57,42,42.3,1100,43,550,0,19800
BATAINDIA30JAN201740PE.NFO,07/01/2020,10:58:02,42,42.3,550,42.95,550,0,19800
BATAINDIA30JAN201740PE.NFO,07/01/2020,10:58:06,42,42.55,1100,43.15,550,0,19800
BATAINDIA30JAN201740PE.NFO,07/01/2020,10:58:11,42,42.55,1100,43.2,550,0,19800
BATAINDIA30JAN201740PE.NFO,07/01/2020,10:58:16,42,42.55,1100,43.2,1100,0,19800
BATAINDIA30JAN201740PE.NFO,07/01/2020,10:58:25,42,42.55,1100,43.15,550,0,19800
BATAINDIA30JAN201740PE.NFO,07/01/2020,10:58:31,42,42.6,1100,43.25,550,0,19800
BATAINDIA30JAN201740PE.NFO,07/01/2020,10:58:36,42,42.6,1100,43.2,550,0,19800
BATAINDIA30JAN201740PE.NFO,07/01/2020,10:58:41,42,42.75,1100,43.45,550,0,19800
BATAINDIA30JAN201740PE.NFO,07/01/2020,10:58:46,42,42.8,550,43.55,550,0,19800
BATAINDIA30JAN201740PE.NFO,07/01/2020,10:58:52,42,42.8,550,43.45,1100,0,19800
BATAINDIA30JAN201740PE.NFO,07/01/2020,10:59:01,42,42.75,550,43.3,550,0,19800
BATAINDIA30JAN201740PE.NFO,07/01/2020,10:59:07,42,42.15,1100,43.4,550,0,19800
BATAINDIA30JAN201740PE.NFO,07/01/2020,10:59:13,42,42.55,1100,43.35,550,0,19800
BATAINDIA30JAN201740PE.NFO,07/01/2020,10:59:19,42,42.95,550,43.45,550,0,19800
BATAINDIA30JAN201740PE.NFO,07/01/2020,10:59:24,42,42.95,550,43.45,1100,0,19800
BATAINDIA30JAN201740PE.NFO,07/01/2020,10:59:29,42,42.15,1100,43.45,1100,0,19800
BATAINDIA30JAN201740PE.NFO,07/01/2020,10:59:35,42,42.75,550,43.45,1650,0,19800
BATAINDIA30JAN201740PE.NFO,07/01/2020,10:59:40,42,42.8,1100,43.45,1650,0,19800
BATAINDIA30JAN201740PE.NFO,07/01/2020,10:59:46,42,42.25,1100,43.35,550,0,19800
BATAINDIA30JAN201740PE.NFO,07/01/2020,10:59:51,42,42.7,1100,43.35,550,0,19800
BATAINDIA30JAN201740PE.NFO,07/01/2020,10:59:56,42,42.05,1100,43.9,550,0,19800
BATAINDIA30JAN201740PE.NFO,07/01/2020,11:00:01,42,42.75,1100,43.9,550,0,19800
BATAINDIA30JAN201740PE.NFO,07/01/2020,11:00:08,42,43.35,550,43.95,550,0,19800
BATAINDIA30JAN201740PE.NFO,07/01/2020,11:00:14,42,43.4,1100,44,550,0,19800
BATAINDIA30JAN201740PE.NFO,07/01/2020,11:00:20,42,42.95,1100,44.75,550,0,19800
BATAINDIA30JAN201740PE.NFO,07/01/2020,11:00:26,42,43.2,1100,44.3,550,0,19800
BATAINDIA30JAN201740PE.NFO,07/01/2020,11:00:33,42,42.4,1100,44.25,550,0,19800
BATAINDIA30JAN201740PE.NFO,07/01/2020,11:00:39,42,43.1,1100,44.2,550,0,19800
BATAINDIA30JAN201740PE.NFO,07/01/2020,11:00:46,42,43.6,1100,44.4,550,0,19800
BATAINDIA30JAN201740PE.NFO,07/01/2020,11:01:06,42,43.7,1100,44.6,550,0,19800
BATAINDIA30JAN201740PE.NFO,07/01/2020,11:01:14,42,44.1,550,44.8,550,0,19800
BATAINDIA30JAN201740PE.NFO,07/01/2020,11:01:21,42,42.7,1100,44.7,550,0,19800
BATAINDIA30JAN201740PE.NFO,07/01/2020,11:01:27,42,42.9,1650,44.6,550,0,19800
BATAINDIA30JAN201740PE.NFO,07/01/2020,11:01:48,42,42.9,1100,44.5,550,0,19800
BATAINDIA30JAN201740PE.NFO,07/01/2020,11:01:55,42,42.9,1100,44.3,550,0,19800
BATAINDIA30JAN201740PE.NFO,07/01/2020,11:02:02,42,42.65,550,44.25,550,0,19800
BATAINDIA30JAN201740PE.NFO,07/01/2020,11:02:09,42,42.95,550,44.2,550,0,19800
BATAINDIA30JAN201740PE.NFO,07/01/2020,11:02:15,42,42.55,550,44,550,0,19800
BATAINDIA30JAN201740PE.NFO,07/01/2020,11:02:22,42,41.9,550,43.9,550,0,19800
BATAINDIA30JAN201740PE.NFO,07/01/2020,11:02:28,42,42.7,550,43.75,1100,0,19800
BATAINDIA30JAN201740PE.NFO,07/01/2020,11:02:46,42,42.8,550,43.75,1100,0,19800
BATAINDIA30JAN201740PE.NFO,07/01/2020,11:03:03,42,42.6,550,43.8,550,0,19800
BATAINDIA30JAN201740PE.NFO,07/01/2020,11:03:09,42,43.4,550,44.35,550,0,19800
BATAINDIA30JAN201740PE.NFO,07/01/2020,11:03:26,42,43.2,550,44.3,550,0,19800
BATAINDIA30JAN201740PE.NFO,07/01/2020,11:03:31,42,42.85,550,44.2,550,0,19800
BATAINDIA30JAN201740PE.NFO,07/01/2020,11:03:36,42,42.95,550,44.4,550,0,19800
BATAINDIA30JAN201740PE.NFO,07/01/2020,11:03:42,42,43.35,1100,44.5,1100,0,19800
BATAINDIA30JAN201740PE.NFO,07/01/2020,11:03:49,42,43.1,550,44.2,550,0,19800
BATAINDIA30JAN201740PE.NFO,07/01/2020,11:03:55,42,43.2,550,44.2,550,0,19800
BATAINDIA30JAN201740PE.NFO,07/01/2020,11:04:01,42,42.75,550,44.2,1100,0,19800
BATAINDIA30JAN201740PE.NFO,07/01/2020,11:04:07,42,43.3,550,44.25,550,0,19800
BATAINDIA30JAN201740PE.NFO,07/01/2020,11:04:24,42,43.45,550,44.4,550,0,19800
BATAINDIA30JAN201740PE.NFO,07/01/2020,11:04:54,42,42.9,550,44.45,550,0,19800
BATAINDIA30JAN201740PE.NFO,07/01/2020,11:04:59,42,43.35,550,44.35,550,0,19800
BATAINDIA30JAN201740PE.NFO,07/01/2020,11:05:04,42,43.55,550,44.55,550,0,19800
BATAINDIA30JAN201740PE.NFO,07/01/2020,11:05:16,42,43.65,550,44.55,550,0,19800
BATAINDIA30JAN201740PE.NFO,07/01/2020,11:05:22,42,43.5,550,44.6,550,0,19800
BATAINDIA30JAN201740PE.NFO,07/01/2020,11:05:27,42,43.65,550,44.6,550,0,19800
BATAINDIA30JAN201740PE.NFO,07/01/2020,11:05:37,42,43.55,550,44.5,550,0,19800
BATAINDIA30JAN201740PE.NFO,07/01/2020,11:05:42,42,43.8,550,44.6,550,0,19800
BATAINDIA30JAN201740PE.NFO,07/01/2020,11:05:48,42,44,550,44.6,550,0,19800
BATAINDIA30JAN201740PE.NFO,07/01/2020,11:05:54,42,43.55,550,44.55,550,0,19800
BATAINDIA30JAN201740PE.NFO,07/01/2020,11:06:00,42,43.35,550,44.55,550,0,19800
BATAINDIA30JAN201740PE.NFO,07/01/2020,11:06:05,42,43.85,550,44.7,550,0,19800
BATAINDIA30JAN201740PE.NFO,07/01/2020,11:06:12,42,42.65,1100,44.1,550,0,19800
BATAINDIA30JAN201740PE.NFO,07/01/2020,11:06:19,42,42.5,1100,44.3,550,0,19800
BATAINDIA30JAN201740PE.NFO,07/01/2020,11:06:25,42,43.2,550,44.4,550,0,19800
BATAINDIA30JAN201740PE.NFO,07/01/2020,11:06:31,42,43.45,1100,44.2,1100,0,19800
BATAINDIA30JAN201740PE.NFO,07/01/2020,11:06:45,42,42.75,1100,44.25,550,0,19800
BATAINDIA30JAN201740PE.NFO,07/01/2020,11:06:51,42,43.45,1100,44.55,550,0,19800
BATAINDIA30JAN201740PE.NFO,07/01/2020,11:06:56,42,43.75,550,44.55,550,0,19800
BATAINDIA30JAN201740PE.NFO,07/01/2020,11:07:02,42,43.35,1100,44.65,550,0,19800
BATAINDIA30JAN201740PE.NFO,07/01/2020,11:07:07,42,43.65,550,44.65,550,0,19800
BATAINDIA30JAN201740PE.NFO,07/01/2020,11:07:12,42,43.9,1100,44.65,550,0,19800
BATAINDIA30JAN201740PE.NFO,07/01/2020,11:07:22,42,43.9,1100,44.55,550,0,19800
BATAINDIA30JAN201740PE.NFO,07/01/2020,11:07:59,42,44.05,550,44.55,550,0,19800
BATAINDIA30JAN201740PE.NFO,07/01/2020,11:08:11,42,44.25,550,44.8,550,0,19800
BATAINDIA30JAN201740PE.NFO,07/01/2020,11:08:16,42,43.2,1100,44.8,550,0,19800
BATAINDIA30JAN201740PE.NFO,07/01/2020,11:08:19,42,43.6,1100,44.8,550,0,19800
BATAINDIA30JAN201740PE.NFO,07/01/2020,11:08:23,42,44.1,550,44.9,550,0,19800
BATAINDIA30JAN201740PE.NFO,07/01/2020,11:08:28,42,44.15,550,44.9,550,0,19800
BATAINDIA30JAN201740PE.NFO,07/01/2020,11:08:33,42,43.95,550,44.7,550,0,19800
BATAINDIA30JAN201740PE.NFO,07/01/2020,11:08:38,42,43.65,1100,44.7,550,0,19800
BATAINDIA30JAN201740PE.NFO,07/01/2020,11:08:43,42,43.05,1100,44.6,550,0,19800
BATAINDIA30JAN201740PE.NFO,07/01/2020,11:08:48,42,43.45,1100,44.45,550,0,19800
BATAINDIA30JAN201740PE.NFO,07/01/2020,11:08:52,42,43.8,1100,44.45,550,0,19800
BATAINDIA30JAN201740PE.NFO,07/01/2020,11:08:57,42,43.4,550,44.25,1100,0,19800
BATAINDIA30JAN201740PE.NFO,07/01/2020,11:09:02,42,43.55,550,44.25,1100,0,19800
BATAINDIA30JAN201740PE.NFO,07/01/2020,11:09:06,42,42.75,1100,44.45,550,0,19800
BATAINDIA30JAN201740PE.NFO,07/01/2020,11:09:11,42,43.25,1100,44.45,550,0,19800
BATAINDIA30JAN201740PE.NFO,07/01/2020,11:09:15,42,43.55,550,44.45,550,0,19800
BATAINDIA30JAN201740PE.NFO,07/01/2020,11:09:20,42,43.8,1100,44.45,550,0,19800
BATAINDIA30JAN201740PE.NFO,07/01/2020,11:09:25,42,42.75,1100,44.45,550,0,19800
BATAINDIA30JAN201740PE.NFO,07/01/2020,11:09:29,42,43.25,1100,44.35,550,0,19800
BATAINDIA30JAN201740PE.NFO,07/01/2020,11:09:34,42,42.55,1100,44.25,550,0,19800
BATAINDIA30JAN201740PE.NFO,07/01/2020,11:09:38,42,42.85,1100,44.15,550,0,19800
BATAINDIA30JAN201740PE.NFO,07/01/2020,11:09:42,42,43.3,550,44.25,550,0,19800
BATAINDIA30JAN201740PE.NFO,07/01/2020,11:09:46,42,42.75,1100,44.25,550,0,19800
BATAINDIA30JAN201740PE.NFO,07/01/2020,11:09:50,42,43.25,550,44.2,1100,0,19800
BATAINDIA30JAN201740PE.NFO,07/01/2020,11:09:53,42,43.5,1100,44.2,550,0,19800
BATAINDIA30JAN201740PE.NFO,07/01/2020,11:09:57,42,42.75,1100,44.2,550,0,19800
BATAINDIA30JAN201740PE.NFO,07/01/2020,11:10:00,42,43.25,550,44.3,550,0,19800
BATAINDIA30JAN201740PE.NFO,07/01/2020,11:10:05,42,43.55,550,44.3,550,0,19800
BATAINDIA30JAN201740PE.NFO,07/01/2020,11:10:09,42,43.8,1100,44.45,550,0,19800
BATAINDIA30JAN201740PE.NFO,07/01/2020,11:10:34,42,42.85,1100,44.2,550,0,19800
BATAINDIA30JAN201740PE.NFO,07/01/2020,11:10:38,42,43.25,550,44.3,550,0,19800
BATAINDIA30JAN201740PE.NFO,07/01/2020,11:10:42,42,43.55,550,44.1,550,0,19800
BATAINDIA30JAN201740PE.NFO,07/01/2020,11:10:46,42,42.65,1100,44.15,550,0,19800
BATAINDIA30JAN201740PE.NFO,07/01/2020,11:10:50,42,43.15,550,44.05,1100,0,19800
BATAINDIA30JAN201740PE.NFO,07/01/2020,11:10:53,42,43.45,550,44.05,1100,0,19800
BATAINDIA30JAN201740PE.NFO,07/01/2020,11:10:57,42,43.5,550,44.05,1100,0,19800
BATAINDIA30JAN201740PE.NFO,07/01/2020,11:11:00,42,42.85,1100,44.1,550,0,19800
BATAINDIA30JAN201740PE.NFO,07/01/2020,11:11:04,42,43.45,550,44.3,550,0,19800
BATAINDIA30JAN201740PE.NFO,07/01/2020,11:11:12,42,43.7,550,44.35,550,0,19800
BATAINDIA30JAN201740PE.NFO,07/01/2020,11:11:18,42,43.8,1100,44.6,550,0,19800
BATAINDIA30JAN201740PE.NFO,07/01/2020,11:11:38,42,43.75,1100,45,550,0,19800
BATAINDIA30JAN201740PE.NFO,07/01/2020,11:11:44,42,43,1100,44.65,550,0,19800
BATAINDIA30JAN201740PE.NFO,07/01/2020,11:11:50,42,43.6,550,44.45,550,0,19800
BATAINDIA30JAN201740PE.NFO,07/01/2020,11:11:55,42,43.9,550,44.55,550,0,19800
BATAINDIA30JAN201740PE.NFO,07/01/2020,11:12:02,42,44.05,550,44.65,550,0,19800
BATAINDIA30JAN201740PE.NFO,07/01/2020,11:12:11,42,43.55,1100,44.65,550,0,19800
BATAINDIA30JAN201740PE.NFO,07/01/2020,11:12:17,42,44.4,1100,45.15,550,0,19800
BATAINDIA30JAN201740PE.NFO,07/01/2020,11:12:24,45.45,44.95,550,46.25,550,550,19800
BATAINDIA30JAN201740PE.NFO,07/01/2020,11:12:24,45.45,44.95,550,46.25,550,0,19800
BATAINDIA30JAN201740PE.NFO,07/01/2020,11:12:31,45.45,45,550,46.25,550,0,19800
BATAINDIA30JAN201740PE.NFO,07/01/2020,11:12:37,45.45,44.35,1100,46.1,550,0,19800
BATAINDIA30JAN201740PE.NFO,07/01/2020,11:12:43,45.45,44.1,1100,46.05,550,0,19800
BATAINDIA30JAN201740PE.NFO,07/01/2020,11:12:48,45.45,44.25,550,46.1,550,0,19800
BATAINDIA30JAN201740PE.NFO,07/01/2020,11:12:52,45.45,44.5,1100,46.2,550,0,19800
BATAINDIA30JAN201740PE.NFO,07/01/2020,11:12:57,45.45,44.6,550,46,550,0,19800
BATAINDIA30JAN201740PE.NFO,07/01/2020,11:13:02,45.45,44.5,1650,45.95,550,0,19800
