Ticker,Date,Time,LTP,BuyPrice,BuyQty,SellPrice,SellQty,LTQ,OpenInterest
BEL30JAN20110CE.NFO,07/01/2020,09:20:51,0.8,0.75,24000,0.85,6000,6000,1422000
BEL30JAN20110CE.NFO,07/01/2020,09:20:51,0.8,0.75,24000,0.85,6000,0,1422000
BEL30JAN20110CE.NFO,07/01/2020,09:20:51,0.8,0.75,24000,0.85,6000,0,1422000
BEL30JAN20110CE.NFO,07/01/2020,09:20:51,0.8,0.75,24000,0.85,6000,0,1422000
BEL30JAN20110CE.NFO,07/01/2020,09:20:59,0.8,0.75,24000,0.85,6000,0,1422000
BEL30JAN20110CE.NFO,07/01/2020,09:21:36,0.8,0.8,6000,0.85,6000,0,1422000
BEL30JAN20110CE.NFO,07/01/2020,09:22:19,0.8,0.75,24000,0.85,6000,6000,1422000
BEL30JAN20110CE.NFO,07/01/2020,09:22:26,0.8,0.75,12000,0.85,6000,0,1422000
BEL30JAN20110CE.NFO,07/01/2020,09:22:33,0.8,0.8,12000,0.85,6000,0,1422000
BEL30JAN20110CE.NFO,07/01/2020,09:23:52,0.8,0.8,18000,0.85,6000,0,1422000
BEL30JAN20110CE.NFO,07/01/2020,09:24:13,0.8,0.8,12000,0.85,6000,0,1422000
BEL30JAN20110CE.NFO,07/01/2020,09:24:27,0.8,0.75,6000,0.85,6000,12000,1422000
BEL30JAN20110CE.NFO,07/01/2020,09:24:34,0.8,0.7,48000,0.85,6000,0,1416000
BEL30JAN20110CE.NFO,07/01/2020,09:24:41,0.8,0.7,48000,0.8,48000,0,1416000
BEL30JAN20110CE.NFO,07/01/2020,09:24:47,0.8,0.7,48000,0.8,36000,6000,1416000
BEL30JAN20110CE.NFO,07/01/2020,09:24:53,0.8,0.75,24000,0.8,48000,0,1416000
BEL30JAN20110CE.NFO,07/01/2020,09:25:28,0.8,0.75,24000,0.8,54000,0,1416000
BEL30JAN20110CE.NFO,07/01/2020,09:26:06,0.75,0.75,12000,0.8,60000,12000,1416000
BEL30JAN20110CE.NFO,07/01/2020,09:26:06,0.75,0.75,12000,0.8,60000,0,1416000
BEL30JAN20110CE.NFO,07/01/2020,09:26:13,0.75,0.75,6000,0.8,60000,0,1416000
BEL30JAN20110CE.NFO,07/01/2020,09:26:50,0.75,0.7,42000,0.8,60000,0,1416000
BEL30JAN20110CE.NFO,07/01/2020,09:27:10,0.75,0.7,42000,0.8,54000,6000,1416000
BEL30JAN20110CE.NFO,07/01/2020,09:27:15,0.75,0.7,36000,0.8,54000,0,1416000
BEL30JAN20110CE.NFO,07/01/2020,09:27:22,0.75,0.7,36000,0.8,54000,6000,1416000
BEL30JAN20110CE.NFO,07/01/2020,09:27:29,0.75,0.7,36000,0.8,54000,0,1416000
BEL30JAN20110CE.NFO,07/01/2020,09:27:40,0.75,0.7,24000,0.8,54000,0,1416000
BEL30JAN20110CE.NFO,07/01/2020,09:28:06,0.75,0.7,6000,0.8,54000,0,1416000
BEL30JAN20110CE.NFO,07/01/2020,09:28:19,0.75,0.7,12000,0.8,54000,6000,1416000
BEL30JAN20110CE.NFO,07/01/2020,09:28:25,0.75,0.7,12000,0.8,54000,0,1416000
BEL30JAN20110CE.NFO,07/01/2020,09:28:41,0.75,0.7,12000,0.75,30000,0,1416000
BEL30JAN20110CE.NFO,07/01/2020,09:28:47,0.75,0.7,12000,0.75,18000,0,1416000
BEL30JAN20110CE.NFO,07/01/2020,09:28:53,0.75,0.7,18000,0.75,18000,0,1416000
BEL30JAN20110CE.NFO,07/01/2020,09:28:59,0.75,0.7,12000,0.75,18000,0,1416000
BEL30JAN20110CE.NFO,07/01/2020,09:29:05,0.75,0.7,18000,0.75,18000,0,1416000
BEL30JAN20110CE.NFO,07/01/2020,09:29:17,0.75,0.7,18000,0.8,36000,18000,1416000
BEL30JAN20110CE.NFO,07/01/2020,09:29:23,0.75,0.7,18000,0.8,36000,0,1416000
BEL30JAN20110CE.NFO,07/01/2020,09:29:28,0.75,0.7,24000,0.8,42000,24000,1416000
BEL30JAN20110CE.NFO,07/01/2020,09:29:28,0.7,0.7,24000,0.8,42000,0,1416000
BEL30JAN20110CE.NFO,07/01/2020,09:29:34,0.75,0.7,24000,0.8,42000,0,1416000
BEL30JAN20110CE.NFO,07/01/2020,09:30:12,0.75,0.75,6000,0.8,42000,0,1416000
BEL30JAN20110CE.NFO,07/01/2020,09:30:26,0.75,0.75,12000,0.8,42000,0,1416000
BEL30JAN20110CE.NFO,07/01/2020,09:30:31,0.75,0.75,18000,0.8,42000,0,1416000
BEL30JAN20110CE.NFO,07/01/2020,09:30:47,0.75,0.7,24000,0.8,42000,0,1416000
BEL30JAN20110CE.NFO,07/01/2020,09:30:52,0.75,0.7,30000,0.8,42000,0,1416000
BEL30JAN20110CE.NFO,07/01/2020,09:31:03,0.75,0.75,6000,0.8,42000,0,1416000
BEL30JAN20110CE.NFO,07/01/2020,09:31:16,0.75,0.75,18000,0.8,42000,0,1416000
BEL30JAN20110CE.NFO,07/01/2020,09:31:22,0.75,0.75,12000,0.8,42000,0,1416000
BEL30JAN20110CE.NFO,07/01/2020,09:31:33,0.75,0.75,12000,0.8,36000,0,1416000
BEL30JAN20110CE.NFO,07/01/2020,09:32:18,0.75,0.75,12000,0.8,30000,0,1416000
BEL30JAN20110CE.NFO,07/01/2020,09:32:43,0.75,0.75,18000,0.8,30000,0,1416000
BEL30JAN20110CE.NFO,07/01/2020,09:33:17,0.75,0.75,12000,0.8,30000,0,1416000
BEL30JAN20110CE.NFO,07/01/2020,09:33:22,0.75,0.75,6000,0.8,30000,0,1416000
BEL30JAN20110CE.NFO,07/01/2020,09:33:44,0.75,0.75,12000,0.8,30000,0,1416000
BEL30JAN20110CE.NFO,07/01/2020,09:33:50,0.75,0.75,6000,0.8,30000,0,1416000
BEL30JAN20110CE.NFO,07/01/2020,09:34:10,0.75,0.75,6000,0.8,42000,0,1416000
BEL30JAN20110CE.NFO,07/01/2020,09:34:15,0.75,0.75,6000,0.8,36000,0,1416000
BEL30JAN20110CE.NFO,07/01/2020,09:34:30,0.75,0.7,24000,0.8,54000,0,1416000
BEL30JAN20110CE.NFO,07/01/2020,09:35:06,0.75,0.7,30000,0.8,36000,0,1416000
BEL30JAN20110CE.NFO,07/01/2020,09:35:15,0.75,0.7,24000,0.8,36000,0,1416000
BEL30JAN20110CE.NFO,07/01/2020,09:35:43,0.75,0.7,12000,0.8,36000,0,1416000
BEL30JAN20110CE.NFO,07/01/2020,09:35:50,0.75,0.7,6000,0.75,54000,0,1416000
BEL30JAN20110CE.NFO,07/01/2020,09:35:57,0.75,0.7,6000,0.75,48000,6000,1404000
BEL30JAN20110CE.NFO,07/01/2020,09:36:03,0.75,0.7,6000,0.75,48000,0,1404000
BEL30JAN20110CE.NFO,07/01/2020,09:36:09,0.75,0.7,18000,0.75,48000,0,1404000
BEL30JAN20110CE.NFO,07/01/2020,09:36:14,0.75,0.7,18000,0.75,42000,0,1404000
BEL30JAN20110CE.NFO,07/01/2020,09:36:56,0.75,0.7,18000,0.75,48000,0,1404000
BEL30JAN20110CE.NFO,07/01/2020,09:37:21,0.75,0.7,24000,0.75,54000,0,1404000
BEL30JAN20110CE.NFO,07/01/2020,09:37:31,0.75,0.7,24000,0.75,48000,0,1404000
BEL30JAN20110CE.NFO,07/01/2020,09:38:14,0.75,0.7,24000,0.75,42000,6000,1404000
BEL30JAN20110CE.NFO,07/01/2020,09:38:19,0.75,0.7,24000,0.75,42000,0,1404000
BEL30JAN20110CE.NFO,07/01/2020,09:38:24,0.75,0.7,30000,0.75,42000,0,1404000
BEL30JAN20110CE.NFO,07/01/2020,09:38:42,0.75,0.7,30000,0.75,36000,0,1404000
BEL30JAN20110CE.NFO,07/01/2020,09:38:47,0.75,0.7,30000,0.75,42000,0,1404000
BEL30JAN20110CE.NFO,07/01/2020,09:39:56,0.75,0.7,24000,0.75,42000,0,1404000
BEL30JAN20110CE.NFO,07/01/2020,09:40:05,0.75,0.7,30000,0.75,42000,0,1404000
BEL30JAN20110CE.NFO,07/01/2020,09:40:11,0.75,0.7,12000,0.75,54000,0,1404000
BEL30JAN20110CE.NFO,07/01/2020,09:40:16,0.7,0.65,78000,0.75,72000,6000,1416000
BEL30JAN20110CE.NFO,07/01/2020,09:40:23,0.7,0.7,12000,0.75,72000,0,1416000
BEL30JAN20110CE.NFO,07/01/2020,09:40:33,0.7,0.7,24000,0.75,66000,0,1416000
BEL30JAN20110CE.NFO,07/01/2020,09:41:02,0.7,0.7,24000,0.75,60000,0,1416000
BEL30JAN20110CE.NFO,07/01/2020,09:41:12,0.7,0.7,30000,0.75,60000,0,1416000
BEL30JAN20110CE.NFO,07/01/2020,09:41:17,0.7,0.7,24000,0.75,60000,0,1416000
BEL30JAN20110CE.NFO,07/01/2020,09:41:22,0.7,0.7,30000,0.75,60000,0,1416000
BEL30JAN20110CE.NFO,07/01/2020,09:41:28,0.7,0.7,24000,0.75,60000,0,1416000
BEL30JAN20110CE.NFO,07/01/2020,09:41:33,0.7,0.7,30000,0.75,60000,0,1416000
BEL30JAN20110CE.NFO,07/01/2020,09:42:03,0.7,0.7,24000,0.75,60000,0,1416000
BEL30JAN20110CE.NFO,07/01/2020,09:42:31,0.7,0.7,24000,0.75,42000,0,1416000
BEL30JAN20110CE.NFO,07/01/2020,09:42:38,0.7,0.7,30000,0.75,42000,0,1416000
BEL30JAN20110CE.NFO,07/01/2020,09:43:14,0.7,0.7,42000,0.75,42000,0,1416000
BEL30JAN20110CE.NFO,07/01/2020,09:44:20,0.75,0.7,42000,0.75,36000,6000,1422000
BEL30JAN20110CE.NFO,07/01/2020,09:44:26,0.75,0.7,42000,0.75,36000,0,1422000
BEL30JAN20110CE.NFO,07/01/2020,09:44:31,0.75,0.7,36000,0.75,36000,0,1422000
BEL30JAN20110CE.NFO,07/01/2020,09:44:37,0.75,0.7,42000,0.75,36000,0,1422000
BEL30JAN20110CE.NFO,07/01/2020,09:44:43,0.75,0.7,36000,0.75,36000,0,1422000
BEL30JAN20110CE.NFO,07/01/2020,09:45:10,0.75,0.7,60000,0.75,36000,0,1422000
BEL30JAN20110CE.NFO,07/01/2020,09:45:17,0.75,0.7,54000,0.8,66000,6000,1422000
BEL30JAN20110CE.NFO,07/01/2020,09:45:33,0.75,0.7,54000,0.8,66000,0,1422000
BEL30JAN20110CE.NFO,07/01/2020,09:45:57,0.75,0.7,54000,0.75,6000,0,1422000
BEL30JAN20110CE.NFO,07/01/2020,09:47:26,0.75,0.7,60000,0.75,6000,0,1422000
BEL30JAN20110CE.NFO,07/01/2020,09:48:23,0.75,0.7,66000,0.75,6000,0,1422000
BEL30JAN20110CE.NFO,07/01/2020,09:48:27,0.75,0.7,60000,0.75,6000,0,1422000
BEL30JAN20110CE.NFO,07/01/2020,09:48:36,0.75,0.7,66000,0.75,6000,0,1422000
BEL30JAN20110CE.NFO,07/01/2020,09:48:53,0.75,0.7,60000,0.75,6000,0,1422000
BEL30JAN20110CE.NFO,07/01/2020,09:49:26,0.75,0.7,42000,0.75,6000,0,1422000
BEL30JAN20110CE.NFO,07/01/2020,09:49:38,0.75,0.7,42000,0.75,42000,0,1422000
BEL30JAN20110CE.NFO,07/01/2020,09:52:07,0.75,0.7,42000,0.75,36000,6000,1422000
BEL30JAN20110CE.NFO,07/01/2020,09:52:20,0.75,0.7,42000,0.75,36000,0,1422000
BEL30JAN20110CE.NFO,07/01/2020,09:53:51,0.75,0.7,42000,0.8,48000,0,1422000
BEL30JAN20110CE.NFO,07/01/2020,09:54:39,0.75,0.7,54000,0.8,48000,0,1422000
BEL30JAN20110CE.NFO,07/01/2020,09:54:43,0.75,0.7,54000,0.75,36000,0,1422000
BEL30JAN20110CE.NFO,07/01/2020,09:56:46,0.75,0.7,54000,0.75,48000,0,1422000
BEL30JAN20110CE.NFO,07/01/2020,09:57:16,0.75,0.7,54000,0.75,42000,0,1422000
BEL30JAN20110CE.NFO,07/01/2020,09:57:25,0.75,0.7,54000,0.75,54000,0,1422000
BEL30JAN20110CE.NFO,07/01/2020,09:57:32,0.75,0.7,24000,0.75,54000,0,1422000
BEL30JAN20110CE.NFO,07/01/2020,09:58:07,0.7,0.7,12000,0.75,42000,12000,1428000
BEL30JAN20110CE.NFO,07/01/2020,09:58:15,0.7,0.7,18000,0.75,42000,0,1428000
BEL30JAN20110CE.NFO,07/01/2020,09:58:19,0.7,0.7,6000,0.75,42000,12000,1428000
BEL30JAN20110CE.NFO,07/01/2020,09:58:22,0.7,0.7,6000,0.75,42000,0,1428000
BEL30JAN20110CE.NFO,07/01/2020,09:59:29,0.7,0.65,90000,0.75,42000,0,1428000
BEL30JAN20110CE.NFO,07/01/2020,09:59:33,0.7,0.65,96000,0.75,42000,0,1428000
BEL30JAN20110CE.NFO,07/01/2020,10:00:14,0.7,0.65,96000,0.7,24000,0,1428000
BEL30JAN20110CE.NFO,07/01/2020,10:03:15,0.7,0.65,96000,0.75,42000,0,1428000
BEL30JAN20110CE.NFO,07/01/2020,10:06:42,0.7,0.65,90000,0.75,42000,0,1428000
BEL30JAN20110CE.NFO,07/01/2020,10:06:53,0.7,0.65,90000,0.7,24000,0,1428000
BEL30JAN20110CE.NFO,07/01/2020,10:07:03,0.7,0.65,96000,0.7,24000,0,1428000
BEL30JAN20110CE.NFO,07/01/2020,10:08:00,0.7,0.65,84000,0.7,24000,0,1428000
BEL30JAN20110CE.NFO,07/01/2020,10:08:13,0.7,0.65,84000,0.7,12000,12000,1404000
BEL30JAN20110CE.NFO,07/01/2020,10:08:19,0.7,0.65,84000,0.75,42000,0,1404000
BEL30JAN20110CE.NFO,07/01/2020,10:08:52,0.7,0.65,84000,0.7,6000,0,1404000
BEL30JAN20110CE.NFO,07/01/2020,10:10:27,0.7,0.65,90000,0.7,6000,0,1404000
BEL30JAN20110CE.NFO,07/01/2020,10:11:43,0.65,0.65,78000,0.7,6000,12000,1404000
BEL30JAN20110CE.NFO,07/01/2020,10:11:43,0.65,0.65,78000,0.7,6000,0,1404000
BEL30JAN20110CE.NFO,07/01/2020,10:12:24,0.65,0.65,78000,0.7,30000,0,1404000
BEL30JAN20110CE.NFO,07/01/2020,10:12:49,0.65,0.65,72000,0.7,30000,0,1404000
BEL30JAN20110CE.NFO,07/01/2020,10:13:08,0.7,0.65,72000,0.7,24000,6000,1404000
BEL30JAN20110CE.NFO,07/01/2020,10:13:13,0.7,0.65,72000,0.7,24000,0,1404000
BEL30JAN20110CE.NFO,07/01/2020,10:13:30,0.7,0.65,72000,0.7,18000,6000,1404000
BEL30JAN20110CE.NFO,07/01/2020,10:14:47,0.7,0.65,78000,0.7,6000,0,1404000
BEL30JAN20110CE.NFO,07/01/2020,10:15:46,0.7,0.65,84000,0.7,6000,0,1404000
BEL30JAN20110CE.NFO,07/01/2020,10:16:12,0.7,0.65,84000,0.7,30000,0,1404000
BEL30JAN20110CE.NFO,07/01/2020,10:16:57,0.7,0.65,84000,0.7,24000,6000,1398000
BEL30JAN20110CE.NFO,07/01/2020,10:17:49,0.7,0.65,48000,0.7,24000,0,1398000
BEL30JAN20110CE.NFO,07/01/2020,10:17:53,0.7,0.65,48000,0.7,36000,0,1398000
BEL30JAN20110CE.NFO,07/01/2020,10:18:00,0.7,0.65,66000,0.7,24000,0,1398000
BEL30JAN20110CE.NFO,07/01/2020,10:18:33,0.7,0.65,60000,0.7,36000,0,1398000
BEL30JAN20110CE.NFO,07/01/2020,10:18:38,0.7,0.65,60000,0.7,30000,0,1398000
BEL30JAN20110CE.NFO,07/01/2020,10:19:07,0.7,0.65,54000,0.7,30000,0,1398000
BEL30JAN20110CE.NFO,07/01/2020,10:19:57,0.7,0.65,54000,0.7,36000,0,1398000
BEL30JAN20110CE.NFO,07/01/2020,10:20:10,0.65,0.65,42000,0.7,36000,12000,1404000
BEL30JAN20110CE.NFO,07/01/2020,10:20:15,0.65,0.65,42000,0.7,36000,0,1404000
BEL30JAN20110CE.NFO,07/01/2020,10:20:26,0.65,0.65,36000,0.7,36000,0,1404000
BEL30JAN20110CE.NFO,07/01/2020,10:20:35,0.65,0.65,48000,0.7,30000,6000,1404000
BEL30JAN20110CE.NFO,07/01/2020,10:20:47,0.65,0.65,48000,0.7,30000,0,1404000
BEL30JAN20110CE.NFO,07/01/2020,10:21:01,0.65,0.65,54000,0.7,30000,0,1404000
BEL30JAN20110CE.NFO,07/01/2020,10:21:13,0.65,0.65,24000,0.7,30000,0,1404000
BEL30JAN20110CE.NFO,07/01/2020,10:21:21,0.65,0.65,36000,0.7,30000,0,1404000
BEL30JAN20110CE.NFO,07/01/2020,10:21:25,0.65,0.65,30000,0.7,30000,0,1404000
BEL30JAN20110CE.NFO,07/01/2020,10:21:44,0.65,0.65,36000,0.7,30000,0,1404000
BEL30JAN20110CE.NFO,07/01/2020,10:21:56,0.65,0.65,36000,0.7,48000,0,1404000
BEL30JAN20110CE.NFO,07/01/2020,10:22:44,0.65,0.65,30000,0.7,48000,0,1404000
BEL30JAN20110CE.NFO,07/01/2020,10:22:51,0.65,0.65,36000,0.7,48000,0,1404000
BEL30JAN20110CE.NFO,07/01/2020,10:23:34,0.65,0.65,30000,0.7,48000,6000,1398000
BEL30JAN20110CE.NFO,07/01/2020,10:23:42,0.65,0.65,30000,0.7,48000,0,1398000
BEL30JAN20110CE.NFO,07/01/2020,10:24:06,0.65,0.65,30000,0.7,42000,0,1398000
BEL30JAN20110CE.NFO,07/01/2020,10:25:08,0.65,0.65,30000,0.7,48000,0,1398000
BEL30JAN20110CE.NFO,07/01/2020,10:25:15,0.65,0.65,30000,0.7,42000,0,1398000
BEL30JAN20110CE.NFO,07/01/2020,10:25:20,0.65,0.65,30000,0.7,54000,0,1398000
BEL30JAN20110CE.NFO,07/01/2020,10:25:45,0.65,0.65,24000,0.7,54000,0,1398000
BEL30JAN20110CE.NFO,07/01/2020,10:25:50,0.65,0.65,24000,0.7,48000,0,1398000
BEL30JAN20110CE.NFO,07/01/2020,10:26:07,0.65,0.65,36000,0.7,48000,6000,1398000
BEL30JAN20110CE.NFO,07/01/2020,10:26:12,0.65,0.65,36000,0.7,48000,0,1398000
BEL30JAN20110CE.NFO,07/01/2020,10:26:27,0.65,0.65,36000,0.7,54000,0,1398000
BEL30JAN20110CE.NFO,07/01/2020,10:26:30,0.65,0.65,36000,0.7,48000,0,1398000
BEL30JAN20110CE.NFO,07/01/2020,10:27:15,0.65,0.65,36000,0.7,42000,0,1398000
BEL30JAN20110CE.NFO,07/01/2020,10:28:25,0.65,0.65,48000,0.7,42000,0,1398000
BEL30JAN20110CE.NFO,07/01/2020,10:29:57,0.65,0.65,48000,0.7,24000,0,1398000
BEL30JAN20110CE.NFO,07/01/2020,10:30:04,0.65,0.65,48000,0.7,30000,0,1398000
BEL30JAN20110CE.NFO,07/01/2020,10:31:35,0.65,0.65,48000,0.7,36000,0,1398000
BEL30JAN20110CE.NFO,07/01/2020,10:32:02,0.65,0.65,48000,0.7,30000,0,1398000
BEL30JAN20110CE.NFO,07/01/2020,10:33:02,0.65,0.65,48000,0.7,36000,0,1398000
BEL30JAN20110CE.NFO,07/01/2020,10:33:31,0.65,0.65,48000,0.7,30000,0,1398000
BEL30JAN20110CE.NFO,07/01/2020,10:36:22,0.65,0.65,48000,0.7,42000,0,1398000
BEL30JAN20110CE.NFO,07/01/2020,10:37:00,0.65,0.65,48000,0.7,36000,0,1398000
BEL30JAN20110CE.NFO,07/01/2020,10:37:41,0.65,0.65,24000,0.7,36000,0,1398000
BEL30JAN20110CE.NFO,07/01/2020,10:37:56,0.65,0.65,36000,0.7,36000,0,1398000
BEL30JAN20110CE.NFO,07/01/2020,10:38:00,0.65,0.65,30000,0.7,36000,0,1398000
BEL30JAN20110CE.NFO,07/01/2020,10:39:14,0.65,0.65,24000,0.7,36000,0,1398000
BEL30JAN20110CE.NFO,07/01/2020,10:39:39,0.65,0.6,108000,0.7,36000,24000,1398000
BEL30JAN20110CE.NFO,07/01/2020,10:39:47,0.65,0.6,108000,0.7,36000,0,1398000
BEL30JAN20110CE.NFO,07/01/2020,10:41:07,0.65,0.65,6000,0.7,36000,0,1398000
BEL30JAN20110CE.NFO,07/01/2020,10:41:10,0.65,0.6,108000,0.7,36000,0,1398000
BEL30JAN20110CE.NFO,07/01/2020,10:41:18,0.65,0.6,108000,0.65,6000,6000,1398000
BEL30JAN20110CE.NFO,07/01/2020,10:41:22,0.65,0.6,108000,0.65,6000,0,1398000
BEL30JAN20110CE.NFO,07/01/2020,10:41:31,0.65,0.6,114000,0.65,6000,0,1398000
BEL30JAN20110CE.NFO,07/01/2020,10:42:39,0.65,0.65,18000,0.7,36000,6000,1428000
BEL30JAN20110CE.NFO,07/01/2020,10:42:53,0.65,0.65,18000,0.7,36000,0,1428000
BEL30JAN20110CE.NFO,07/01/2020,10:43:07,0.65,0.65,12000,0.7,36000,0,1428000
BEL30JAN20110CE.NFO,07/01/2020,10:44:10,0.65,0.65,6000,0.7,36000,6000,1428000
BEL30JAN20110CE.NFO,07/01/2020,10:45:26,0.65,0.65,18000,0.7,36000,0,1428000
BEL30JAN20110CE.NFO,07/01/2020,10:46:56,0.65,0.65,48000,0.7,36000,0,1428000
BEL30JAN20110CE.NFO,07/01/2020,10:47:04,0.65,0.65,42000,0.7,36000,0,1428000
BEL30JAN20110CE.NFO,07/01/2020,10:47:09,0.65,0.65,36000,0.7,36000,0,1428000
BEL30JAN20110CE.NFO,07/01/2020,10:50:45,0.65,0.65,36000,0.7,48000,0,1428000
BEL30JAN20110CE.NFO,07/01/2020,10:51:27,0.65,0.65,36000,0.7,36000,0,1428000
BEL30JAN20110CE.NFO,07/01/2020,10:53:13,0.65,0.65,30000,0.7,36000,0,1428000
BEL30JAN20110CE.NFO,07/01/2020,10:53:29,0.65,0.6,90000,0.7,36000,30000,1440000
BEL30JAN20110CE.NFO,07/01/2020,10:53:34,0.65,0.6,90000,0.65,12000,0,1440000
BEL30JAN20110CE.NFO,07/01/2020,10:53:39,0.65,0.6,90000,0.65,18000,0,1440000
BEL30JAN20110CE.NFO,07/01/2020,10:54:39,0.65,0.6,90000,0.65,24000,0,1440000
BEL30JAN20110CE.NFO,07/01/2020,10:55:43,0.65,0.6,84000,0.65,24000,0,1440000
BEL30JAN20110CE.NFO,07/01/2020,10:55:47,0.65,0.6,90000,0.65,18000,6000,1434000
BEL30JAN20110CE.NFO,07/01/2020,10:57:19,0.65,0.6,90000,0.65,18000,0,1434000
BEL30JAN20110CE.NFO,07/01/2020,11:00:46,0.65,0.6,84000,0.65,18000,0,1434000
BEL30JAN20110CE.NFO,07/01/2020,11:02:09,0.6,0.6,78000,0.65,18000,6000,1440000
BEL30JAN20110CE.NFO,07/01/2020,11:02:09,0.6,0.6,78000,0.65,18000,0,1440000
BEL30JAN20110CE.NFO,07/01/2020,11:02:57,0.6,0.6,78000,0.65,18000,0,1440000
BEL30JAN20110CE.NFO,07/01/2020,11:03:43,0.6,0.6,78000,0.65,24000,0,1440000
BEL30JAN20110CE.NFO,07/01/2020,11:05:54,0.65,0.65,12000,0.7,36000,24000,1440000
BEL30JAN20110CE.NFO,07/01/2020,11:06:12,0.65,0.65,12000,0.7,36000,0,1440000
BEL30JAN20110CE.NFO,07/01/2020,11:06:56,0.65,0.65,18000,0.7,36000,0,1440000
BEL30JAN20110CE.NFO,07/01/2020,11:10:14,0.65,0.65,12000,0.7,36000,0,1440000
BEL30JAN20110CE.NFO,07/01/2020,11:10:34,0.65,0.65,18000,0.7,36000,0,1440000
BEL30JAN20110CE.NFO,07/01/2020,11:11:44,0.65,0.65,12000,0.7,36000,6000,1452000
BEL30JAN20110CE.NFO,07/01/2020,11:11:55,0.65,0.65,6000,0.7,36000,0,1452000
BEL30JAN20110CE.NFO,07/01/2020,11:12:17,0.65,0.65,12000,0.7,36000,0,1452000
BEL30JAN20110CE.NFO,07/01/2020,11:13:13,0.65,0.6,78000,0.65,12000,12000,1452000
BEL30JAN20110CE.NFO,07/01/2020,11:13:19,0.65,0.6,78000,0.65,12000,0,1452000
BEL30JAN20110CE.NFO,07/01/2020,11:13:56,0.65,0.6,78000,0.65,18000,0,1452000
BEL30JAN20110CE.NFO,07/01/2020,11:23:05,0.65,0.6,78000,0.65,6000,0,1452000
BEL30JAN20110CE.NFO,07/01/2020,11:29:58,0.65,0.6,78000,0.65,42000,0,1452000
BEL30JAN20110CE.NFO,07/01/2020,11:30:57,0.65,0.6,78000,0.65,6000,0,1452000
BEL30JAN20110CE.NFO,07/01/2020,11:35:32,0.65,0.6,78000,0.7,36000,6000,1464000
BEL30JAN20110CE.NFO,07/01/2020,11:35:56,0.65,0.6,78000,0.7,36000,0,1464000
BEL30JAN20110CE.NFO,07/01/2020,11:36:06,0.65,0.6,78000,0.65,36000,0,1464000
BEL30JAN20110CE.NFO,07/01/2020,11:36:19,0.65,0.6,78000,0.7,36000,36000,1458000
BEL30JAN20110CE.NFO,07/01/2020,11:37:14,0.65,0.6,78000,0.7,36000,0,1458000
BEL30JAN20110CE.NFO,07/01/2020,11:37:53,0.65,0.6,78000,0.7,42000,0,1458000
BEL30JAN20110CE.NFO,07/01/2020,11:39:05,0.65,0.6,78000,0.65,36000,0,1458000
BEL30JAN20110CE.NFO,07/01/2020,11:54:16,0.65,0.6,78000,0.65,24000,12000,1428000
BEL30JAN20110CE.NFO,07/01/2020,11:55:02,0.65,0.6,78000,0.65,24000,0,1428000
BEL30JAN20110CE.NFO,07/01/2020,12:04:37,0.65,0.6,78000,0.65,30000,0,1428000
BEL30JAN20110CE.NFO,07/01/2020,12:09:49,0.65,0.6,78000,0.7,42000,30000,1422000
BEL30JAN20110CE.NFO,07/01/2020,12:10:05,0.65,0.6,78000,0.65,36000,0,1422000
BEL30JAN20110CE.NFO,07/01/2020,12:10:47,0.65,0.6,78000,0.65,24000,12000,1422000
BEL30JAN20110CE.NFO,07/01/2020,12:11:19,0.65,0.6,78000,0.65,48000,0,1422000
BEL30JAN20110CE.NFO,07/01/2020,12:12:41,0.65,0.6,78000,0.65,90000,0,1422000
BEL30JAN20110CE.NFO,07/01/2020,12:14:59,0.65,0.6,78000,0.65,78000,12000,1458000
BEL30JAN20110CE.NFO,07/01/2020,12:15:25,0.65,0.6,78000,0.65,54000,0,1458000
BEL30JAN20110CE.NFO,07/01/2020,12:21:02,0.65,0.6,78000,0.65,12000,0,1458000
BEL30JAN20110CE.NFO,07/01/2020,12:22:11,0.65,0.6,78000,0.65,6000,6000,1458000
BEL30JAN20110CE.NFO,07/01/2020,12:23:38,0.65,0.6,78000,0.65,6000,0,1458000
BEL30JAN20110CE.NFO,07/01/2020,12:32:03,0.65,0.6,78000,0.65,12000,0,1458000
BEL30JAN20110CE.NFO,07/01/2020,12:32:07,0.65,0.6,78000,0.65,48000,0,1458000
BEL30JAN20110CE.NFO,07/01/2020,12:32:16,0.65,0.6,72000,0.65,48000,0,1458000
BEL30JAN20110CE.NFO,07/01/2020,12:33:26,0.65,0.6,72000,0.65,12000,0,1458000
BEL30JAN20110CE.NFO,07/01/2020,12:34:32,0.65,0.6,72000,0.65,6000,0,1458000
BEL30JAN20110CE.NFO,07/01/2020,12:35:13,0.65,0.6,72000,0.65,12000,0,1458000
BEL30JAN20110CE.NFO,07/01/2020,12:35:51,0.65,0.6,72000,0.65,6000,0,1458000
BEL30JAN20110CE.NFO,07/01/2020,12:38:46,0.65,0.6,72000,0.65,12000,0,1458000
BEL30JAN20110CE.NFO,07/01/2020,12:43:36,0.65,0.6,72000,0.65,6000,0,1458000
BEL30JAN20110CE.NFO,07/01/2020,12:44:57,0.65,0.6,72000,0.65,12000,0,1458000
BEL30JAN20110CE.NFO,07/01/2020,12:45:25,0.65,0.6,72000,0.65,6000,6000,1458000
BEL30JAN20110CE.NFO,07/01/2020,12:50:19,0.65,0.6,72000,0.7,42000,0,1458000
BEL30JAN20110CE.NFO,07/01/2020,13:00:14,0.65,0.6,72000,0.65,36000,0,1458000
BEL30JAN20110CE.NFO,07/01/2020,13:00:44,0.6,0.6,48000,0.65,36000,24000,1464000
BEL30JAN20110CE.NFO,07/01/2020,13:00:54,0.6,0.6,48000,0.65,72000,0,1464000
BEL30JAN20110CE.NFO,07/01/2020,13:03:45,0.6,0.6,54000,0.65,72000,0,1464000
BEL30JAN20110CE.NFO,07/01/2020,13:05:08,0.6,0.6,48000,0.65,72000,0,1464000
BEL30JAN20110CE.NFO,07/01/2020,13:05:27,0.6,0.6,42000,0.65,72000,6000,1464000
BEL30JAN20110CE.NFO,07/01/2020,13:05:32,0.6,0.6,42000,0.65,72000,0,1464000
BEL30JAN20110CE.NFO,07/01/2020,13:06:38,0.6,0.6,36000,0.65,72000,0,1464000
BEL30JAN20110CE.NFO,07/01/2020,13:08:12,0.6,0.6,18000,0.65,72000,0,1464000
BEL30JAN20110CE.NFO,07/01/2020,13:08:18,0.6,0.55,102000,0.65,72000,18000,1458000
BEL30JAN20110CE.NFO,07/01/2020,13:08:24,0.6,0.55,102000,0.65,72000,0,1458000
BEL30JAN20110CE.NFO,07/01/2020,13:12:37,0.6,0.55,102000,0.65,42000,0,1458000
BEL30JAN20110CE.NFO,07/01/2020,13:12:42,0.6,0.6,36000,0.65,42000,0,1458000
BEL30JAN20110CE.NFO,07/01/2020,13:13:58,0.6,0.6,42000,0.65,42000,0,1458000
BEL30JAN20110CE.NFO,07/01/2020,13:14:48,0.6,0.6,36000,0.65,42000,6000,1476000
BEL30JAN20110CE.NFO,07/01/2020,13:14:55,0.6,0.6,36000,0.65,42000,0,1476000
BEL30JAN20110CE.NFO,07/01/2020,13:15:32,0.6,0.55,96000,0.65,42000,6000,1470000
BEL30JAN20110CE.NFO,07/01/2020,13:16:52,0.6,0.55,96000,0.65,42000,0,1470000
BEL30JAN20110CE.NFO,07/01/2020,13:17:09,0.6,0.55,102000,0.65,42000,0,1470000
BEL30JAN20110CE.NFO,07/01/2020,13:17:29,0.6,0.55,96000,0.65,42000,0,1470000
BEL30JAN20110CE.NFO,07/01/2020,13:17:40,0.6,0.55,102000,0.65,42000,0,1470000
BEL30JAN20110CE.NFO,07/01/2020,13:18:51,0.6,0.55,96000,0.65,42000,0,1470000
BEL30JAN20110CE.NFO,07/01/2020,13:19:22,0.6,0.55,96000,0.6,24000,0,1470000
BEL30JAN20110CE.NFO,07/01/2020,13:20:28,0.6,0.55,96000,0.6,18000,6000,1476000
BEL30JAN20110CE.NFO,07/01/2020,13:20:35,0.6,0.55,96000,0.6,18000,0,1476000
BEL30JAN20110CE.NFO,07/01/2020,13:21:10,0.6,0.55,96000,0.65,42000,0,1476000
BEL30JAN20110CE.NFO,07/01/2020,13:21:53,0.6,0.55,102000,0.65,42000,0,1476000
BEL30JAN20110CE.NFO,07/01/2020,13:22:05,0.6,0.55,96000,0.65,42000,0,1476000
BEL30JAN20110CE.NFO,07/01/2020,13:25:15,0.6,0.55,102000,0.65,42000,0,1476000
BEL30JAN20110CE.NFO,07/01/2020,13:25:20,0.6,0.55,108000,0.65,42000,0,1476000
BEL30JAN20110CE.NFO,07/01/2020,13:27:25,0.6,0.55,102000,0.65,42000,0,1476000
BEL30JAN20110CE.NFO,07/01/2020,13:29:17,0.6,0.55,102000,0.6,18000,0,1476000
BEL30JAN20110CE.NFO,07/01/2020,13:30:03,0.6,0.55,102000,0.6,30000,0,1476000
BEL30JAN20110CE.NFO,07/01/2020,13:30:10,0.6,0.55,102000,0.6,24000,0,1476000
BEL30JAN20110CE.NFO,07/01/2020,13:30:51,0.6,0.55,96000,0.6,24000,0,1476000
BEL30JAN20110CE.NFO,07/01/2020,13:31:11,0.6,0.55,90000,0.6,24000,0,1476000
BEL30JAN20110CE.NFO,07/01/2020,13:32:02,0.6,0.55,90000,0.6,18000,0,1476000
BEL30JAN20110CE.NFO,07/01/2020,13:32:55,0.6,0.55,90000,0.6,36000,0,1476000
BEL30JAN20110CE.NFO,07/01/2020,13:33:40,0.6,0.55,90000,0.6,42000,0,1476000
BEL30JAN20110CE.NFO,07/01/2020,13:33:57,0.55,0.55,72000,0.6,24000,18000,1482000
BEL30JAN20110CE.NFO,07/01/2020,13:33:57,0.55,0.55,72000,0.6,24000,0,1482000
BEL30JAN20110CE.NFO,07/01/2020,13:34:17,0.55,0.55,78000,0.6,42000,0,1482000
BEL30JAN20110CE.NFO,07/01/2020,13:34:32,0.55,0.55,72000,0.6,42000,6000,1482000
BEL30JAN20110CE.NFO,07/01/2020,13:35:26,0.6,0.55,72000,0.6,42000,6000,1482000
BEL30JAN20110CE.NFO,07/01/2020,13:35:33,0.6,0.55,72000,0.6,42000,0,1482000
BEL30JAN20110CE.NFO,07/01/2020,13:35:38,0.6,0.55,144000,0.6,42000,0,1482000
BEL30JAN20110CE.NFO,07/01/2020,13:35:48,0.6,0.55,120000,0.6,42000,0,1482000
BEL30JAN20110CE.NFO,07/01/2020,13:36:14,0.6,0.55,72000,0.6,42000,0,1482000
BEL30JAN20110CE.NFO,07/01/2020,13:36:55,0.6,0.55,72000,0.6,48000,0,1482000
BEL30JAN20110CE.NFO,07/01/2020,13:37:00,0.6,0.55,72000,0.6,42000,6000,1494000
BEL30JAN20110CE.NFO,07/01/2020,13:37:20,0.6,0.55,150000,0.6,42000,0,1494000
BEL30JAN20110CE.NFO,07/01/2020,13:37:25,0.6,0.55,78000,0.6,42000,0,1494000
BEL30JAN20110CE.NFO,07/01/2020,13:37:59,0.6,0.55,108000,0.6,42000,0,1494000
BEL30JAN20110CE.NFO,07/01/2020,13:38:04,0.6,0.55,120000,0.6,42000,0,1494000
BEL30JAN20110CE.NFO,07/01/2020,13:39:10,0.6,0.55,186000,0.6,42000,0,1494000
BEL30JAN20110CE.NFO,07/01/2020,13:39:14,0.6,0.55,120000,0.6,36000,0,1494000
BEL30JAN20110CE.NFO,07/01/2020,13:39:25,0.6,0.55,186000,0.6,36000,0,1494000
BEL30JAN20110CE.NFO,07/01/2020,13:39:28,0.6,0.55,120000,0.6,36000,0,1494000
BEL30JAN20110CE.NFO,07/01/2020,13:39:40,0.6,0.55,210000,0.6,36000,0,1494000
BEL30JAN20110CE.NFO,07/01/2020,13:39:46,0.6,0.55,120000,0.6,36000,0,1494000
BEL30JAN20110CE.NFO,07/01/2020,13:39:59,0.6,0.55,186000,0.6,36000,0,1494000
BEL30JAN20110CE.NFO,07/01/2020,13:40:03,0.6,0.55,120000,0.6,36000,0,1494000
BEL30JAN20110CE.NFO,07/01/2020,13:41:21,0.6,0.55,180000,0.6,36000,0,1494000
BEL30JAN20110CE.NFO,07/01/2020,13:41:28,0.6,0.55,120000,0.6,36000,0,1494000
BEL30JAN20110CE.NFO,07/01/2020,13:41:40,0.6,0.55,216000,0.6,36000,0,1494000
BEL30JAN20110CE.NFO,07/01/2020,13:41:43,0.6,0.55,120000,0.6,36000,0,1494000
BEL30JAN20110CE.NFO,07/01/2020,13:45:18,0.6,0.55,204000,0.6,36000,0,1494000
BEL30JAN20110CE.NFO,07/01/2020,13:45:23,0.6,0.55,120000,0.6,36000,0,1494000
BEL30JAN20110CE.NFO,07/01/2020,13:45:37,0.6,0.55,78000,0.6,36000,0,1494000
BEL30JAN20110CE.NFO,07/01/2020,13:45:53,0.6,0.55,78000,0.6,48000,0,1494000
BEL30JAN20110CE.NFO,07/01/2020,13:45:58,0.6,0.55,78000,0.6,42000,0,1494000
BEL30JAN20110CE.NFO,07/01/2020,13:46:49,0.6,0.55,156000,0.6,36000,0,1494000
BEL30JAN20110CE.NFO,07/01/2020,13:46:56,0.6,0.55,78000,0.6,36000,0,1494000
BEL30JAN20110CE.NFO,07/01/2020,13:49:08,0.6,0.55,114000,0.6,36000,0,1494000
BEL30JAN20110CE.NFO,07/01/2020,13:49:13,0.6,0.55,132000,0.6,36000,0,1494000
BEL30JAN20110CE.NFO,07/01/2020,13:49:29,0.6,0.55,138000,0.65,42000,36000,1500000
BEL30JAN20110CE.NFO,07/01/2020,13:49:35,0.6,0.55,84000,0.65,42000,0,1500000
BEL30JAN20110CE.NFO,07/01/2020,13:49:49,0.6,0.6,18000,0.65,42000,0,1500000
BEL30JAN20110CE.NFO,07/01/2020,13:49:53,0.6,0.55,78000,0.65,42000,0,1500000
BEL30JAN20110CE.NFO,07/01/2020,13:50:00,0.6,0.55,78000,0.6,6000,0,1500000
BEL30JAN20110CE.NFO,07/01/2020,13:51:32,0.6,0.55,84000,0.6,6000,0,1500000
BEL30JAN20110CE.NFO,07/01/2020,13:52:01,0.6,0.55,78000,0.6,6000,0,1500000
BEL30JAN20110CE.NFO,07/01/2020,13:58:01,0.6,0.55,72000,0.6,6000,0,1500000
BEL30JAN20110CE.NFO,07/01/2020,13:59:42,0.6,0.55,72000,0.6,18000,0,1500000
BEL30JAN20110CE.NFO,07/01/2020,13:59:58,0.6,0.55,72000,0.6,6000,0,1500000
BEL30JAN20110CE.NFO,07/01/2020,14:03:23,0.6,0.55,72000,0.65,42000,6000,1464000
BEL30JAN20110CE.NFO,07/01/2020,14:03:43,0.6,0.55,72000,0.65,42000,0,1464000
BEL30JAN20110CE.NFO,07/01/2020,14:05:19,0.6,0.55,72000,0.65,48000,0,1464000
BEL30JAN20110CE.NFO,07/01/2020,14:07:38,0.6,0.55,78000,0.65,48000,0,1464000
BEL30JAN20110CE.NFO,07/01/2020,14:07:51,0.6,0.55,72000,0.65,48000,0,1464000
BEL30JAN20110CE.NFO,07/01/2020,14:23:41,0.6,0.55,78000,0.65,48000,0,1464000
BEL30JAN20110CE.NFO,07/01/2020,14:30:51,0.6,0.6,24000,0.65,48000,0,1464000
BEL30JAN20110CE.NFO,07/01/2020,14:31:14,0.6,0.6,60000,0.65,48000,0,1464000
BEL30JAN20110CE.NFO,07/01/2020,14:43:15,0.65,0.6,60000,0.65,60000,6000,1470000
BEL30JAN20110CE.NFO,07/01/2020,14:45:06,0.65,0.6,60000,0.65,60000,0,1470000
BEL30JAN20110CE.NFO,07/01/2020,14:45:35,0.65,0.6,60000,0.65,66000,0,1470000
BEL30JAN20110CE.NFO,07/01/2020,14:48:18,0.65,0.6,24000,0.65,66000,0,1470000
BEL30JAN20110CE.NFO,07/01/2020,14:49:03,0.65,0.55,84000,0.65,66000,0,1470000
BEL30JAN20110CE.NFO,07/01/2020,14:51:58,0.65,0.55,90000,0.65,66000,0,1470000
BEL30JAN20110CE.NFO,07/01/2020,14:53:17,0.65,0.6,6000,0.65,66000,0,1470000
BEL30JAN20110CE.NFO,07/01/2020,14:53:54,0.65,0.6,12000,0.65,66000,0,1470000
BEL30JAN20110CE.NFO,07/01/2020,14:54:29,0.65,0.6,36000,0.65,66000,0,1470000
BEL30JAN20110CE.NFO,07/01/2020,14:54:42,0.65,0.6,36000,0.65,60000,0,1470000
BEL30JAN20110CE.NFO,07/01/2020,14:55:15,0.6,0.6,30000,0.65,48000,6000,1476000
BEL30JAN20110CE.NFO,07/01/2020,14:55:26,0.6,0.6,30000,0.65,48000,0,1476000
BEL30JAN20110CE.NFO,07/01/2020,14:55:30,0.6,0.6,30000,0.65,54000,0,1476000
BEL30JAN20110CE.NFO,07/01/2020,14:57:13,0.6,0.6,30000,0.65,48000,0,1476000
BEL30JAN20110CE.NFO,07/01/2020,14:58:14,0.6,0.6,30000,0.65,24000,0,1476000
BEL30JAN20110CE.NFO,07/01/2020,14:59:25,0.6,0.6,30000,0.65,36000,0,1476000
BEL30JAN20110CE.NFO,07/01/2020,15:00:10,0.6,0.6,30000,0.65,30000,0,1476000
BEL30JAN20110CE.NFO,07/01/2020,15:00:17,0.6,0.6,30000,0.65,36000,0,1476000
BEL30JAN20110CE.NFO,07/01/2020,15:00:51,0.6,0.6,36000,0.65,36000,6000,1470000
BEL30JAN20110CE.NFO,07/01/2020,15:01:25,0.6,0.6,30000,0.65,36000,6000,1470000
BEL30JAN20110CE.NFO,07/01/2020,15:01:47,0.6,0.6,24000,0.65,36000,0,1470000
BEL30JAN20110CE.NFO,07/01/2020,15:03:16,0.6,0.6,18000,0.65,36000,6000,1470000
BEL30JAN20110CE.NFO,07/01/2020,15:03:27,0.6,0.6,12000,0.65,36000,6000,1476000
BEL30JAN20110CE.NFO,07/01/2020,15:03:49,0.6,0.6,6000,0.65,36000,0,1476000
BEL30JAN20110CE.NFO,07/01/2020,15:03:55,0.6,0.55,78000,0.65,30000,6000,1476000
BEL30JAN20110CE.NFO,07/01/2020,15:04:01,0.6,0.55,78000,0.65,30000,0,1476000
BEL30JAN20110CE.NFO,07/01/2020,15:04:12,0.6,0.55,84000,0.65,30000,0,1476000
BEL30JAN20110CE.NFO,07/01/2020,15:04:25,0.6,0.55,84000,0.6,36000,0,1476000
BEL30JAN20110CE.NFO,07/01/2020,15:04:38,0.6,0.55,84000,0.6,48000,0,1476000
BEL30JAN20110CE.NFO,07/01/2020,15:05:22,0.6,0.55,84000,0.6,42000,0,1476000
BEL30JAN20110CE.NFO,07/01/2020,15:05:35,0.6,0.55,84000,0.6,36000,6000,1476000
BEL30JAN20110CE.NFO,07/01/2020,15:05:54,0.55,0.55,78000,0.6,36000,6000,1476000
BEL30JAN20110CE.NFO,07/01/2020,15:06:26,0.55,0.55,78000,0.6,36000,0,1476000
BEL30JAN20110CE.NFO,07/01/2020,15:08:36,0.55,0.55,84000,0.6,36000,0,1476000
BEL30JAN20110CE.NFO,07/01/2020,15:08:57,0.6,0.55,78000,0.6,30000,6000,1482000
BEL30JAN20110CE.NFO,07/01/2020,15:09:10,0.6,0.55,78000,0.6,30000,0,1482000
BEL30JAN20110CE.NFO,07/01/2020,15:09:48,0.6,0.55,78000,0.6,24000,6000,1488000
BEL30JAN20110CE.NFO,07/01/2020,15:09:53,0.6,0.6,12000,0.65,30000,24000,1488000
BEL30JAN20110CE.NFO,07/01/2020,15:10:07,0.6,0.6,12000,0.65,30000,0,1488000
BEL30JAN20110CE.NFO,07/01/2020,15:10:21,0.6,0.6,18000,0.65,30000,0,1488000
BEL30JAN20110CE.NFO,07/01/2020,15:10:55,0.6,0.6,12000,0.65,30000,0,1488000
BEL30JAN20110CE.NFO,07/01/2020,15:12:21,0.6,0.6,12000,0.65,54000,0,1488000
BEL30JAN20110CE.NFO,07/01/2020,15:13:10,0.6,0.6,6000,0.65,54000,6000,1500000
BEL30JAN20110CE.NFO,07/01/2020,15:15:20,0.6,0.6,24000,0.65,54000,0,1500000
BEL30JAN20110CE.NFO,07/01/2020,15:16:58,0.6,0.6,18000,0.65,54000,0,1500000
BEL30JAN20110CE.NFO,07/01/2020,15:17:04,0.6,0.6,12000,0.65,54000,0,1500000
BEL30JAN20110CE.NFO,07/01/2020,15:17:09,0.6,0.55,78000,0.6,18000,12000,1500000
BEL30JAN20110CE.NFO,07/01/2020,15:17:14,0.6,0.55,78000,0.6,18000,0,1500000
BEL30JAN20110CE.NFO,07/01/2020,15:19:31,0.6,0.55,78000,0.65,54000,0,1500000
BEL30JAN20110CE.NFO,07/01/2020,15:19:36,0.6,0.6,6000,0.65,54000,0,1500000
BEL30JAN20110CE.NFO,07/01/2020,15:19:53,0.6,0.6,12000,0.65,54000,0,1500000
BEL30JAN20110CE.NFO,07/01/2020,15:20:08,0.6,0.6,12000,0.65,60000,0,1500000
BEL30JAN20110CE.NFO,07/01/2020,15:20:53,0.6,0.6,6000,0.65,60000,0,1500000
BEL30JAN20110CE.NFO,07/01/2020,15:20:58,0.6,0.55,66000,0.65,60000,6000,1500000
BEL30JAN20110CE.NFO,07/01/2020,15:21:09,0.6,0.55,66000,0.65,60000,0,1500000
BEL30JAN20110CE.NFO,07/01/2020,15:22:15,0.6,0.55,66000,0.6,6000,0,1500000
BEL30JAN20110CE.NFO,07/01/2020,15:22:27,0.6,0.55,66000,0.6,18000,0,1500000
BEL30JAN20110CE.NFO,07/01/2020,15:23:16,0.55,0.55,60000,0.6,18000,6000,1506000
BEL30JAN20110CE.NFO,07/01/2020,15:24:47,0.55,0.55,66000,0.6,24000,0,1506000
BEL30JAN20110CE.NFO,07/01/2020,15:25:02,0.55,0.55,60000,0.6,24000,0,1506000
BEL30JAN20110CE.NFO,07/01/2020,15:25:33,0.55,0.55,66000,0.6,24000,0,1506000
BEL30JAN20110CE.NFO,07/01/2020,15:27:29,0.55,0.55,72000,0.6,24000,0,1506000
BEL30JAN20110CE.NFO,07/01/2020,15:27:34,0.55,0.55,78000,0.6,24000,0,1506000
BEL30JAN20110CE.NFO,07/01/2020,15:27:38,0.55,0.55,72000,0.6,24000,0,1506000
BEL30JAN20110CE.NFO,07/01/2020,15:28:42,0.55,0.55,66000,0.6,24000,0,1506000
BEL30JAN20110CE.NFO,07/01/2020,15:28:48,0.6,0.55,60000,0.6,18000,6000,1500000
BEL30JAN20110CE.NFO,07/01/2020,15:28:53,0.6,0.55,60000,0.6,18000,0,1500000
BEL30JAN20110CE.NFO,07/01/2020,15:28:56,0.6,0.55,60000,0.6,12000,6000,1500000
BEL30JAN20110CE.NFO,07/01/2020,15:29:06,0.6,0.55,60000,0.6,12000,0,1500000
BEL30JAN20110CE.NFO,07/01/2020,15:29:13,0.6,0.55,66000,0.6,12000,0,1500000
BEL30JAN20110CE.NFO,07/01/2020,15:29:50,0.6,0.55,66000,0.6,6000,6000,1500000
BEL30JAN20110CE.NFO,07/01/2020,15:30:03,0.6,0.55,66000,0.6,6000,0,1500000
