Ticker,Date,Time,LTP,BuyPrice,BuyQty,SellPrice,SellQty,LTQ,OpenInterest
BERGEPAINT30JAN20545CE.NFO,07/01/2020,13:53:50,1.5,0.55,6600,1.95,13200,2200,4400
BERGEPAINT30JAN20545CE.NFO,07/01/2020,13:53:50,1.5,0.55,6600,1.95,13200,0,4400
BERGEPAINT30JAN20545CE.NFO,07/01/2020,13:53:50,1.5,0.55,6600,1.95,13200,0,4400
BERGEPAINT30JAN20545CE.NFO,07/01/2020,13:53:50,1.5,0.55,6600,1.95,13200,0,4400
BERGEPAINT30JAN20545CE.NFO,07/01/2020,13:53:57,1.5,0.55,6600,1.95,13200,0,4400
BERGEPAINT30JAN20545CE.NFO,07/01/2020,13:54:12,1.5,0.55,11000,1.95,4400,0,4400
BERGEPAINT30JAN20545CE.NFO,07/01/2020,13:54:42,1.5,0.55,15400,1.95,4400,0,4400
BERGEPAINT30JAN20545CE.NFO,07/01/2020,13:54:56,1.5,0.55,19800,1.95,4400,0,4400
BERGEPAINT30JAN20545CE.NFO,07/01/2020,13:55:03,1.5,0.55,19800,2.1,13200,0,4400
BERGEPAINT30JAN20545CE.NFO,07/01/2020,13:55:21,1.5,0.55,15400,2.1,13200,0,4400
BERGEPAINT30JAN20545CE.NFO,07/01/2020,13:55:26,1.5,0.55,19800,2.1,13200,0,4400
BERGEPAINT30JAN20545CE.NFO,07/01/2020,13:55:42,1.5,0.55,19800,2.1,8800,0,4400
BERGEPAINT30JAN20545CE.NFO,07/01/2020,13:55:45,1.5,0.55,24200,2.1,8800,0,4400
BERGEPAINT30JAN20545CE.NFO,07/01/2020,13:55:49,1.5,0.55,24200,2.1,13200,0,4400
BERGEPAINT30JAN20545CE.NFO,07/01/2020,13:56:37,1.5,0.55,24200,2.1,4400,0,4400
BERGEPAINT30JAN20545CE.NFO,07/01/2020,13:56:42,1.5,0.55,24200,2.1,8800,0,4400
BERGEPAINT30JAN20545CE.NFO,07/01/2020,13:56:46,1.5,0.55,24200,2.1,13200,0,4400
BERGEPAINT30JAN20545CE.NFO,07/01/2020,13:58:19,1.5,0.55,19800,2.1,13200,0,4400
BERGEPAINT30JAN20545CE.NFO,07/01/2020,13:58:32,1.5,0.55,11000,2.1,13200,0,4400
BERGEPAINT30JAN20545CE.NFO,07/01/2020,13:58:37,1.5,0.55,11000,2.1,17600,0,4400
BERGEPAINT30JAN20545CE.NFO,07/01/2020,13:59:30,1.5,0.55,11000,2.1,13200,0,4400
BERGEPAINT30JAN20545CE.NFO,07/01/2020,13:59:47,1.5,0.55,11000,2.1,17600,0,4400
BERGEPAINT30JAN20545CE.NFO,07/01/2020,13:59:58,1.5,0.55,11000,2.1,13200,0,4400
BERGEPAINT30JAN20545CE.NFO,07/01/2020,14:00:11,1.5,0.55,11000,2.1,17600,0,4400
BERGEPAINT30JAN20545CE.NFO,07/01/2020,14:00:24,1.5,0.55,6600,2.1,26400,0,4400
BERGEPAINT30JAN20545CE.NFO,07/01/2020,14:00:41,1.5,0.55,11000,2.1,17600,0,4400
BERGEPAINT30JAN20545CE.NFO,07/01/2020,14:00:54,1.5,0.55,6600,2.1,17600,0,4400
BERGEPAINT30JAN20545CE.NFO,07/01/2020,14:01:21,1.5,0.55,11000,2.1,17600,0,4400
BERGEPAINT30JAN20545CE.NFO,07/01/2020,14:01:30,1.5,0.55,6600,2.1,17600,0,4400
BERGEPAINT30JAN20545CE.NFO,07/01/2020,14:01:35,1.5,0.55,6600,2.1,22000,0,4400
BERGEPAINT30JAN20545CE.NFO,07/01/2020,14:01:59,1.5,0.55,11000,2.1,22000,0,4400
BERGEPAINT30JAN20545CE.NFO,07/01/2020,14:02:14,1.5,0.55,11000,2.1,17600,0,4400
BERGEPAINT30JAN20545CE.NFO,07/01/2020,14:02:30,1.5,0.55,6600,2.1,26400,0,4400
BERGEPAINT30JAN20545CE.NFO,07/01/2020,14:03:10,1.5,0.55,11000,2.1,13200,0,4400
BERGEPAINT30JAN20545CE.NFO,07/01/2020,14:03:15,1.5,0.55,24200,2.1,13200,0,4400
BERGEPAINT30JAN20545CE.NFO,07/01/2020,14:03:18,1.5,0.55,19800,2.1,13200,0,4400
BERGEPAINT30JAN20545CE.NFO,07/01/2020,14:03:53,1.5,0.55,24200,2.1,13200,0,4400
BERGEPAINT30JAN20545CE.NFO,07/01/2020,14:04:03,1.5,0.55,19800,2.1,13200,0,4400
BERGEPAINT30JAN20545CE.NFO,07/01/2020,14:05:08,1.5,0.55,11000,2.1,13200,0,4400
BERGEPAINT30JAN20545CE.NFO,07/01/2020,14:07:03,1.5,0.55,6600,2.1,26400,0,4400
BERGEPAINT30JAN20545CE.NFO,07/01/2020,14:07:05,1.5,0.55,6600,2.1,17600,0,4400
BERGEPAINT30JAN20545CE.NFO,07/01/2020,14:07:07,1.5,0.55,6600,2.1,22000,0,4400
BERGEPAINT30JAN20545CE.NFO,07/01/2020,14:07:09,1.5,0.55,6600,2.1,17600,0,4400
BERGEPAINT30JAN20545CE.NFO,07/01/2020,14:08:41,1.5,0.55,6600,2.1,22000,0,4400
BERGEPAINT30JAN20545CE.NFO,07/01/2020,14:08:50,1.5,0.55,6600,2.1,17600,0,4400
BERGEPAINT30JAN20545CE.NFO,07/01/2020,14:09:43,1.5,0.55,6600,2.1,13200,0,4400
BERGEPAINT30JAN20545CE.NFO,07/01/2020,14:09:48,1.5,0.55,11000,2.1,13200,0,4400
BERGEPAINT30JAN20545CE.NFO,07/01/2020,14:10:09,1.5,0.55,6600,2.1,13200,0,4400
BERGEPAINT30JAN20545CE.NFO,07/01/2020,14:11:11,1.5,0.55,11000,2.1,13200,0,4400
BERGEPAINT30JAN20545CE.NFO,07/01/2020,14:11:24,1.5,0.55,6600,2.1,13200,0,4400
BERGEPAINT30JAN20545CE.NFO,07/01/2020,14:12:08,1.5,0.55,11000,2.1,13200,0,4400
BERGEPAINT30JAN20545CE.NFO,07/01/2020,14:12:24,1.5,0.55,6600,2.1,13200,0,4400
BERGEPAINT30JAN20545CE.NFO,07/01/2020,14:12:28,1.5,0.55,11000,2.1,13200,0,4400
BERGEPAINT30JAN20545CE.NFO,07/01/2020,14:14:00,1.5,0.55,19800,2.1,13200,0,4400
BERGEPAINT30JAN20545CE.NFO,07/01/2020,14:14:36,1.5,0.55,24200,2.1,13200,0,4400
BERGEPAINT30JAN20545CE.NFO,07/01/2020,14:14:47,1.5,0.55,19800,2.1,13200,0,4400
BERGEPAINT30JAN20545CE.NFO,07/01/2020,14:15:29,1.5,0.55,24200,2.1,13200,0,4400
BERGEPAINT30JAN20545CE.NFO,07/01/2020,14:16:04,1.5,0.55,19800,2.1,13200,0,4400
BERGEPAINT30JAN20545CE.NFO,07/01/2020,14:16:17,1.5,0.55,24200,2.1,13200,0,4400
BERGEPAINT30JAN20545CE.NFO,07/01/2020,14:18:20,1.5,0.55,24200,2.1,4400,0,4400
BERGEPAINT30JAN20545CE.NFO,07/01/2020,14:18:31,1.5,0.55,24200,2.1,8800,0,4400
BERGEPAINT30JAN20545CE.NFO,07/01/2020,14:18:45,1.5,0.55,24200,2.1,13200,0,4400
BERGEPAINT30JAN20545CE.NFO,07/01/2020,14:24:07,1.5,0.55,19800,2.1,13200,0,4400
BERGEPAINT30JAN20545CE.NFO,07/01/2020,14:24:53,1.5,0.55,19800,2.1,17600,0,4400
BERGEPAINT30JAN20545CE.NFO,07/01/2020,14:24:57,1.5,0.55,19800,2.1,13200,0,4400
BERGEPAINT30JAN20545CE.NFO,07/01/2020,14:30:26,1.5,0.55,24200,2.1,13200,0,4400
BERGEPAINT30JAN20545CE.NFO,07/01/2020,14:30:59,1.5,0.55,19800,2.1,13200,0,4400
BERGEPAINT30JAN20545CE.NFO,07/01/2020,14:31:07,1.5,0.55,15400,2.1,13200,0,4400
BERGEPAINT30JAN20545CE.NFO,07/01/2020,14:31:14,1.5,0.55,11000,2.1,22000,0,4400
BERGEPAINT30JAN20545CE.NFO,07/01/2020,14:32:18,1.5,0.55,15400,2.1,22000,0,4400
BERGEPAINT30JAN20545CE.NFO,07/01/2020,14:32:23,1.5,0.55,11000,2.1,22000,0,4400
BERGEPAINT30JAN20545CE.NFO,07/01/2020,14:32:35,1.5,0.55,15400,2.1,22000,0,4400
BERGEPAINT30JAN20545CE.NFO,07/01/2020,14:33:44,1.5,0.55,11000,2.1,22000,0,4400
BERGEPAINT30JAN20545CE.NFO,07/01/2020,14:34:10,1.5,0.55,15400,2.1,22000,0,4400
BERGEPAINT30JAN20545CE.NFO,07/01/2020,14:35:09,1.5,0.55,11000,2.1,22000,0,4400
BERGEPAINT30JAN20545CE.NFO,07/01/2020,14:35:45,1.5,0.55,11000,2.1,26400,0,4400
BERGEPAINT30JAN20545CE.NFO,07/01/2020,14:40:38,1.5,0.55,6600,2.1,26400,0,4400
BERGEPAINT30JAN20545CE.NFO,07/01/2020,14:40:42,1.5,0.55,11000,2.1,26400,0,4400
BERGEPAINT30JAN20545CE.NFO,07/01/2020,14:40:46,1.5,0.55,6600,2.1,26400,0,4400
BERGEPAINT30JAN20545CE.NFO,07/01/2020,14:40:54,1.5,0.55,11000,2.1,26400,0,4400
BERGEPAINT30JAN20545CE.NFO,07/01/2020,14:40:57,1.5,0.55,6600,2.1,26400,0,4400
BERGEPAINT30JAN20545CE.NFO,07/01/2020,14:41:30,1.5,0.55,11000,2.1,26400,0,4400
BERGEPAINT30JAN20545CE.NFO,07/01/2020,14:45:14,1.5,0.55,6600,2.1,26400,0,4400
BERGEPAINT30JAN20545CE.NFO,07/01/2020,14:45:56,1.5,0.55,6600,2.1,30800,0,4400
BERGEPAINT30JAN20545CE.NFO,07/01/2020,14:46:09,1.5,0.55,6600,2.1,26400,0,4400
BERGEPAINT30JAN20545CE.NFO,07/01/2020,14:47:08,1.5,0.55,6600,2.1,30800,0,4400
BERGEPAINT30JAN20545CE.NFO,07/01/2020,14:47:13,1.5,0.55,6600,2.1,26400,0,4400
BERGEPAINT30JAN20545CE.NFO,07/01/2020,14:47:39,1.5,0.55,11000,2.1,26400,0,4400
BERGEPAINT30JAN20545CE.NFO,07/01/2020,14:49:12,1.5,0.55,6600,2.1,26400,0,4400
BERGEPAINT30JAN20545CE.NFO,07/01/2020,14:51:51,1.5,0.55,6600,2.1,30800,0,4400
BERGEPAINT30JAN20545CE.NFO,07/01/2020,14:59:15,1.5,0.6,2200,2.1,30800,0,4400
BERGEPAINT30JAN20545CE.NFO,07/01/2020,15:00:10,1.5,0.6,2200,2.1,26400,0,4400
BERGEPAINT30JAN20545CE.NFO,07/01/2020,15:00:17,1.5,0.6,2200,2.1,30800,0,4400
BERGEPAINT30JAN20545CE.NFO,07/01/2020,15:16:06,1.5,0.6,2200,2.1,26400,0,4400
BERGEPAINT30JAN20545CE.NFO,07/01/2020,15:16:12,1.5,0.6,2200,2.1,30800,0,4400
