Ticker,Date,Time,LTP,BuyPrice,BuyQty,SellPrice,SellQty,LTQ,OpenInterest
BHEL30JAN2040PE.NFO,07/01/2020,09:15:08,0.8,0.6,41600,3.5,10400,10400,1653600
BHEL30JAN2040PE.NFO,07/01/2020,09:15:08,0.8,0.6,41600,3.5,10400,0,1653600
BHEL30JAN2040PE.NFO,07/01/2020,09:15:08,0.8,0.6,41600,3.5,10400,0,1653600
BHEL30JAN2040PE.NFO,07/01/2020,09:15:08,0.8,0.6,41600,3.5,10400,0,1653600
BHEL30JAN2040PE.NFO,07/01/2020,09:15:18,0.8,0.6,41600,0.95,20800,0,1653600
BHEL30JAN2040PE.NFO,07/01/2020,09:15:30,0.8,0.65,20800,0.85,41600,0,1653600
BHEL30JAN2040PE.NFO,07/01/2020,09:15:42,0.8,0.65,20800,0.85,93600,0,1653600
BHEL30JAN2040PE.NFO,07/01/2020,09:16:06,0.8,0.65,20800,0.85,83200,0,1653600
BHEL30JAN2040PE.NFO,07/01/2020,09:16:16,0.8,0.65,20800,0.75,20800,0,1653600
BHEL30JAN2040PE.NFO,07/01/2020,09:17:18,0.7,0.65,20800,0.7,20800,10400,1653600
BHEL30JAN2040PE.NFO,07/01/2020,09:17:18,0.7,0.65,20800,0.7,20800,0,1653600
BHEL30JAN2040PE.NFO,07/01/2020,09:17:27,0.7,0.65,20800,0.7,20800,0,1653600
BHEL30JAN2040PE.NFO,07/01/2020,09:17:35,0.7,0.65,10400,0.7,20800,0,1653600
BHEL30JAN2040PE.NFO,07/01/2020,09:17:45,0.65,0.65,20800,0.7,20800,10400,1653600
BHEL30JAN2040PE.NFO,07/01/2020,09:17:45,0.65,0.65,20800,0.7,20800,0,1653600
BHEL30JAN2040PE.NFO,07/01/2020,09:17:53,0.65,0.65,20800,0.7,20800,0,1653600
BHEL30JAN2040PE.NFO,07/01/2020,09:18:01,0.65,0.65,10400,0.7,20800,0,1653600
BHEL30JAN2040PE.NFO,07/01/2020,09:18:09,0.65,0.6,52000,0.7,20800,0,1653600
BHEL30JAN2040PE.NFO,07/01/2020,09:18:32,0.65,0.6,31200,0.7,20800,0,1653600
BHEL30JAN2040PE.NFO,07/01/2020,09:18:40,0.65,0.6,52000,0.7,20800,0,1653600
BHEL30JAN2040PE.NFO,07/01/2020,09:19:02,0.65,0.65,10400,0.7,20800,0,1653600
BHEL30JAN2040PE.NFO,07/01/2020,09:19:10,0.65,0.6,31200,0.65,10400,10400,1653600
BHEL30JAN2040PE.NFO,07/01/2020,09:19:18,0.65,0.6,31200,0.65,31200,0,1653600
BHEL30JAN2040PE.NFO,07/01/2020,09:19:57,0.65,0.6,20800,0.65,31200,0,1653600
BHEL30JAN2040PE.NFO,07/01/2020,09:20:21,0.65,0.6,31200,0.65,31200,0,1653600
BHEL30JAN2040PE.NFO,07/01/2020,09:20:28,0.65,0.6,20800,0.65,31200,0,1653600
BHEL30JAN2040PE.NFO,07/01/2020,09:20:51,0.65,0.6,41600,0.65,31200,0,1653600
BHEL30JAN2040PE.NFO,07/01/2020,09:20:59,0.65,0.6,20800,0.65,31200,0,1653600
BHEL30JAN2040PE.NFO,07/01/2020,09:21:07,0.65,0.55,93600,0.6,31200,0,1653600
BHEL30JAN2040PE.NFO,07/01/2020,09:21:14,0.65,0.55,104000,0.65,41600,0,1653600
BHEL30JAN2040PE.NFO,07/01/2020,09:21:22,0.55,0.55,93600,0.6,10400,10400,1653600
BHEL30JAN2040PE.NFO,07/01/2020,09:21:22,0.55,0.55,93600,0.6,10400,0,1653600
BHEL30JAN2040PE.NFO,07/01/2020,09:21:29,0.55,0.55,93600,0.6,10400,0,1643200
BHEL30JAN2040PE.NFO,07/01/2020,09:21:43,0.6,0.55,93600,0.6,20800,10400,1643200
BHEL30JAN2040PE.NFO,07/01/2020,09:21:51,0.6,0.55,93600,0.6,10400,0,1643200
BHEL30JAN2040PE.NFO,07/01/2020,09:22:04,0.6,0.55,93600,0.6,31200,0,1643200
BHEL30JAN2040PE.NFO,07/01/2020,09:22:12,0.55,0.55,52000,0.6,62400,10400,1643200
BHEL30JAN2040PE.NFO,07/01/2020,09:22:19,0.55,0.55,52000,0.6,62400,0,1643200
BHEL30JAN2040PE.NFO,07/01/2020,09:22:27,0.55,0.55,52000,0.6,72800,0,1643200
BHEL30JAN2040PE.NFO,07/01/2020,09:22:33,0.55,0.55,62400,0.6,41600,0,1643200
BHEL30JAN2040PE.NFO,07/01/2020,09:23:06,0.55,0.55,52000,0.6,72800,0,1643200
BHEL30JAN2040PE.NFO,07/01/2020,09:23:19,0.55,0.55,62400,0.6,72800,0,1643200
BHEL30JAN2040PE.NFO,07/01/2020,09:23:32,0.55,0.55,62400,0.6,52000,0,1643200
BHEL30JAN2040PE.NFO,07/01/2020,09:23:39,0.55,0.55,72800,0.6,83200,0,1643200
BHEL30JAN2040PE.NFO,07/01/2020,09:23:52,0.55,0.55,62400,0.6,72800,0,1643200
BHEL30JAN2040PE.NFO,07/01/2020,09:23:59,0.55,0.55,72800,0.6,52000,0,1643200
BHEL30JAN2040PE.NFO,07/01/2020,09:24:06,0.55,0.55,135200,0.6,83200,0,1643200
BHEL30JAN2040PE.NFO,07/01/2020,09:24:13,0.55,0.55,72800,0.6,83200,0,1643200
BHEL30JAN2040PE.NFO,07/01/2020,09:24:27,0.55,0.55,72800,0.6,72800,0,1643200
BHEL30JAN2040PE.NFO,07/01/2020,09:25:00,0.55,0.55,72800,0.6,41600,0,1643200
BHEL30JAN2040PE.NFO,07/01/2020,09:25:14,0.55,0.55,72800,0.6,83200,20800,1632800
BHEL30JAN2040PE.NFO,07/01/2020,09:25:21,0.55,0.55,10400,0.6,93600,0,1632800
BHEL30JAN2040PE.NFO,07/01/2020,09:25:35,0.55,0.5,83200,0.6,93600,10400,1632800
BHEL30JAN2040PE.NFO,07/01/2020,09:25:43,0.55,0.5,52000,0.55,31200,0,1632800
BHEL30JAN2040PE.NFO,07/01/2020,09:25:55,0.5,0.45,62400,0.5,20800,62400,1632800
BHEL30JAN2040PE.NFO,07/01/2020,09:25:55,0.5,0.45,62400,0.5,20800,0,1632800
BHEL30JAN2040PE.NFO,07/01/2020,09:26:06,0.5,0.45,72800,0.5,20800,0,1632800
BHEL30JAN2040PE.NFO,07/01/2020,09:26:14,0.5,0.45,62400,0.5,20800,0,1632800
BHEL30JAN2040PE.NFO,07/01/2020,09:26:20,0.5,0.45,124800,0.5,20800,0,1632800
BHEL30JAN2040PE.NFO,07/01/2020,09:26:25,0.5,0.45,62400,0.5,10400,10400,1622400
BHEL30JAN2040PE.NFO,07/01/2020,09:26:31,0.5,0.45,62400,0.55,31200,10400,1622400
BHEL30JAN2040PE.NFO,07/01/2020,09:26:38,0.5,0.45,62400,0.55,52000,0,1622400
BHEL30JAN2040PE.NFO,07/01/2020,09:26:50,0.5,0.5,20800,0.55,52000,0,1622400
BHEL30JAN2040PE.NFO,07/01/2020,09:27:00,0.5,0.5,20800,0.55,31200,0,1622400
BHEL30JAN2040PE.NFO,07/01/2020,09:27:05,0.5,0.5,10400,0.55,31200,0,1622400
BHEL30JAN2040PE.NFO,07/01/2020,09:27:23,0.5,0.5,20800,0.55,31200,0,1622400
BHEL30JAN2040PE.NFO,07/01/2020,09:27:29,0.5,0.5,41600,0.55,31200,0,1622400
BHEL30JAN2040PE.NFO,07/01/2020,09:27:51,0.5,0.5,41600,0.55,41600,0,1622400
BHEL30JAN2040PE.NFO,07/01/2020,09:28:19,0.5,0.5,31200,0.55,41600,0,1622400
BHEL30JAN2040PE.NFO,07/01/2020,09:28:31,0.5,0.5,41600,0.55,41600,0,1622400
BHEL30JAN2040PE.NFO,07/01/2020,09:28:41,0.5,0.5,31200,0.55,41600,0,1622400
BHEL30JAN2040PE.NFO,07/01/2020,09:28:47,0.5,0.5,31200,0.55,52000,0,1622400
BHEL30JAN2040PE.NFO,07/01/2020,09:28:53,0.5,0.5,31200,0.55,41600,0,1622400
BHEL30JAN2040PE.NFO,07/01/2020,09:29:05,0.5,0.5,41600,0.55,41600,0,1622400
BHEL30JAN2040PE.NFO,07/01/2020,09:29:59,0.5,0.5,20800,0.55,52000,0,1622400
BHEL30JAN2040PE.NFO,07/01/2020,09:30:06,0.5,0.5,31200,0.55,52000,0,1622400
BHEL30JAN2040PE.NFO,07/01/2020,09:30:32,0.5,0.5,20800,0.55,52000,0,1622400
BHEL30JAN2040PE.NFO,07/01/2020,09:30:37,0.5,0.5,20800,0.55,52000,20800,1612000
BHEL30JAN2040PE.NFO,07/01/2020,09:30:42,0.5,0.5,10400,0.55,52000,0,1612000
BHEL30JAN2040PE.NFO,07/01/2020,09:30:47,0.5,0.45,83200,0.55,52000,0,1612000
BHEL30JAN2040PE.NFO,07/01/2020,09:30:52,0.5,0.5,20800,0.55,52000,0,1612000
BHEL30JAN2040PE.NFO,07/01/2020,09:30:57,0.5,0.5,10400,0.55,52000,0,1612000
BHEL30JAN2040PE.NFO,07/01/2020,09:32:55,0.5,0.45,104000,0.55,41600,10400,1612000
BHEL30JAN2040PE.NFO,07/01/2020,09:33:00,0.5,0.45,104000,0.55,41600,0,1612000
BHEL30JAN2040PE.NFO,07/01/2020,09:33:34,0.5,0.45,93600,0.55,41600,0,1612000
BHEL30JAN2040PE.NFO,07/01/2020,09:33:39,0.5,0.45,104000,0.55,41600,0,1612000
BHEL30JAN2040PE.NFO,07/01/2020,09:33:44,0.5,0.45,114400,0.55,41600,0,1612000
BHEL30JAN2040PE.NFO,07/01/2020,09:34:00,0.5,0.5,10400,0.55,41600,0,1612000
BHEL30JAN2040PE.NFO,07/01/2020,09:34:05,0.5,0.45,114400,0.55,41600,0,1612000
BHEL30JAN2040PE.NFO,07/01/2020,09:34:20,0.5,0.5,10400,0.55,41600,0,1612000
BHEL30JAN2040PE.NFO,07/01/2020,09:35:01,0.5,0.5,20800,0.55,41600,0,1612000
BHEL30JAN2040PE.NFO,07/01/2020,09:35:16,0.5,0.5,10400,0.55,41600,0,1612000
BHEL30JAN2040PE.NFO,07/01/2020,09:35:20,0.5,0.5,20800,0.55,41600,0,1612000
BHEL30JAN2040PE.NFO,07/01/2020,09:35:25,0.5,0.5,10400,0.55,41600,0,1612000
BHEL30JAN2040PE.NFO,07/01/2020,09:35:31,0.5,0.5,52000,0.55,41600,0,1612000
BHEL30JAN2040PE.NFO,07/01/2020,09:35:37,0.5,0.5,62400,0.55,41600,0,1612000
BHEL30JAN2040PE.NFO,07/01/2020,09:35:43,0.5,0.5,41600,0.55,31200,0,1612000
BHEL30JAN2040PE.NFO,07/01/2020,09:35:50,0.5,0.5,62400,0.55,41600,0,1612000
BHEL30JAN2040PE.NFO,07/01/2020,09:36:04,0.5,0.5,52000,0.55,41600,0,1612000
BHEL30JAN2040PE.NFO,07/01/2020,09:36:09,0.5,0.5,104000,0.55,41600,0,1612000
BHEL30JAN2040PE.NFO,07/01/2020,09:36:15,0.5,0.5,52000,0.55,41600,0,1612000
BHEL30JAN2040PE.NFO,07/01/2020,09:36:21,0.5,0.5,62400,0.55,41600,0,1612000
BHEL30JAN2040PE.NFO,07/01/2020,09:36:57,0.5,0.5,52000,0.55,41600,0,1612000
BHEL30JAN2040PE.NFO,07/01/2020,09:37:16,0.5,0.5,72800,0.55,41600,0,1612000
BHEL30JAN2040PE.NFO,07/01/2020,09:37:37,0.5,0.5,83200,0.55,41600,0,1612000
BHEL30JAN2040PE.NFO,07/01/2020,09:37:47,0.5,0.5,72800,0.55,41600,0,1612000
BHEL30JAN2040PE.NFO,07/01/2020,09:38:00,0.5,0.5,135200,0.55,41600,0,1612000
BHEL30JAN2040PE.NFO,07/01/2020,09:38:05,0.5,0.5,83200,0.55,41600,0,1612000
BHEL30JAN2040PE.NFO,07/01/2020,09:38:19,0.5,0.5,72800,0.55,41600,0,1612000
BHEL30JAN2040PE.NFO,07/01/2020,09:38:29,0.5,0.5,83200,0.55,41600,0,1612000
BHEL30JAN2040PE.NFO,07/01/2020,09:39:56,0.5,0.5,145600,0.55,41600,0,1612000
BHEL30JAN2040PE.NFO,07/01/2020,09:40:11,0.5,0.5,135200,0.55,41600,0,1612000
BHEL30JAN2040PE.NFO,07/01/2020,09:40:17,0.5,0.5,104000,0.55,41600,0,1612000
BHEL30JAN2040PE.NFO,07/01/2020,09:40:23,0.5,0.5,52000,0.55,41600,0,1612000
BHEL30JAN2040PE.NFO,07/01/2020,09:40:28,0.5,0.5,41600,0.55,41600,0,1612000
BHEL30JAN2040PE.NFO,07/01/2020,09:40:48,0.5,0.5,31200,0.55,41600,0,1612000
BHEL30JAN2040PE.NFO,07/01/2020,09:41:28,0.5,0.5,93600,0.55,41600,0,1612000
BHEL30JAN2040PE.NFO,07/01/2020,09:42:51,0.5,0.5,104000,0.55,52000,0,1612000
BHEL30JAN2040PE.NFO,07/01/2020,09:43:02,0.5,0.5,166400,0.55,52000,0,1612000
BHEL30JAN2040PE.NFO,07/01/2020,09:43:09,0.5,0.5,208000,0.55,52000,0,1612000
BHEL30JAN2040PE.NFO,07/01/2020,09:43:30,0.5,0.5,104000,0.55,41600,0,1612000
BHEL30JAN2040PE.NFO,07/01/2020,09:44:05,0.5,0.5,83200,0.55,41600,0,1612000
BHEL30JAN2040PE.NFO,07/01/2020,09:44:21,0.5,0.5,72800,0.55,41600,0,1612000
BHEL30JAN2040PE.NFO,07/01/2020,09:44:26,0.5,0.5,52000,0.55,41600,0,1612000
BHEL30JAN2040PE.NFO,07/01/2020,09:44:32,0.5,0.5,93600,0.55,31200,0,1612000
BHEL30JAN2040PE.NFO,07/01/2020,09:44:43,0.5,0.5,83200,0.55,31200,0,1612000
BHEL30JAN2040PE.NFO,07/01/2020,09:44:53,0.5,0.5,93600,0.55,31200,0,1612000
BHEL30JAN2040PE.NFO,07/01/2020,09:45:04,0.5,0.5,218400,0.55,31200,0,1612000
BHEL30JAN2040PE.NFO,07/01/2020,09:45:10,0.5,0.5,208000,0.55,31200,0,1612000
BHEL30JAN2040PE.NFO,07/01/2020,09:45:17,0.5,0.5,93600,0.55,31200,0,1612000
BHEL30JAN2040PE.NFO,07/01/2020,09:46:25,0.55,0.5,93600,0.6,52000,52000,1601600
BHEL30JAN2040PE.NFO,07/01/2020,09:46:30,0.55,0.5,93600,0.6,52000,0,1601600
BHEL30JAN2040PE.NFO,07/01/2020,09:47:49,0.55,0.5,83200,0.6,52000,0,1601600
BHEL30JAN2040PE.NFO,07/01/2020,09:48:03,0.55,0.5,93600,0.6,52000,0,1601600
BHEL30JAN2040PE.NFO,07/01/2020,09:48:53,0.55,0.5,104000,0.6,52000,0,1601600
BHEL30JAN2040PE.NFO,07/01/2020,09:49:33,0.55,0.5,114400,0.6,52000,0,1601600
BHEL30JAN2040PE.NFO,07/01/2020,09:50:56,0.55,0.5,104000,0.6,52000,0,1601600
BHEL30JAN2040PE.NFO,07/01/2020,09:51:14,0.55,0.5,114400,0.6,52000,0,1601600
BHEL30JAN2040PE.NFO,07/01/2020,09:51:44,0.55,0.5,104000,0.6,52000,0,1601600
BHEL30JAN2040PE.NFO,07/01/2020,09:51:55,0.55,0.5,114400,0.6,52000,0,1601600
BHEL30JAN2040PE.NFO,07/01/2020,09:53:05,0.55,0.55,31200,0.6,52000,0,1601600
BHEL30JAN2040PE.NFO,07/01/2020,09:53:11,0.55,0.55,31200,0.6,41600,0,1601600
BHEL30JAN2040PE.NFO,07/01/2020,09:55:04,0.55,0.55,31200,0.6,31200,0,1601600
BHEL30JAN2040PE.NFO,07/01/2020,09:56:00,0.55,0.55,20800,0.6,31200,0,1601600
BHEL30JAN2040PE.NFO,07/01/2020,09:56:04,0.55,0.55,41600,0.6,31200,0,1601600
BHEL30JAN2040PE.NFO,07/01/2020,09:56:24,0.55,0.55,20800,0.6,31200,0,1601600
BHEL30JAN2040PE.NFO,07/01/2020,09:57:17,0.55,0.55,20800,0.6,41600,0,1601600
BHEL30JAN2040PE.NFO,07/01/2020,09:57:58,0.55,0.5,93600,0.6,41600,0,1601600
BHEL30JAN2040PE.NFO,07/01/2020,09:58:15,0.55,0.5,83200,0.6,72800,0,1601600
BHEL30JAN2040PE.NFO,07/01/2020,09:58:19,0.55,0.5,93600,0.6,72800,0,1601600
BHEL30JAN2040PE.NFO,07/01/2020,09:59:44,0.55,0.5,93600,0.6,41600,0,1601600
BHEL30JAN2040PE.NFO,07/01/2020,10:00:01,0.55,0.5,83200,0.6,41600,0,1601600
BHEL30JAN2040PE.NFO,07/01/2020,10:00:48,0.55,0.55,52000,0.6,41600,0,1601600
BHEL30JAN2040PE.NFO,07/01/2020,10:00:54,0.55,0.55,10400,0.6,41600,0,1601600
BHEL30JAN2040PE.NFO,07/01/2020,10:01:11,0.55,0.55,20800,0.6,41600,0,1601600
BHEL30JAN2040PE.NFO,07/01/2020,10:01:57,0.55,0.55,10400,0.6,41600,0,1601600
BHEL30JAN2040PE.NFO,07/01/2020,10:02:19,0.55,0.5,72800,0.6,72800,0,1601600
BHEL30JAN2040PE.NFO,07/01/2020,10:03:10,0.55,0.5,62400,0.6,72800,0,1601600
BHEL30JAN2040PE.NFO,07/01/2020,10:03:49,0.55,0.5,62400,0.55,52000,0,1601600
BHEL30JAN2040PE.NFO,07/01/2020,10:04:12,0.55,0.5,62400,0.55,62400,0,1601600
BHEL30JAN2040PE.NFO,07/01/2020,10:04:55,0.55,0.5,62400,0.55,52000,0,1601600
BHEL30JAN2040PE.NFO,07/01/2020,10:05:27,0.55,0.5,52000,0.55,52000,0,1601600
BHEL30JAN2040PE.NFO,07/01/2020,10:05:31,0.55,0.5,93600,0.55,52000,0,1601600
BHEL30JAN2040PE.NFO,07/01/2020,10:06:59,0.55,0.5,83200,0.55,52000,0,1601600
BHEL30JAN2040PE.NFO,07/01/2020,10:07:09,0.55,0.5,93600,0.55,52000,0,1601600
BHEL30JAN2040PE.NFO,07/01/2020,10:07:35,0.55,0.5,93600,0.55,41600,10400,1632800
BHEL30JAN2040PE.NFO,07/01/2020,10:07:45,0.55,0.5,93600,0.6,41600,0,1632800
BHEL30JAN2040PE.NFO,07/01/2020,10:07:55,0.55,0.55,10400,0.6,41600,0,1632800
BHEL30JAN2040PE.NFO,07/01/2020,10:08:00,0.55,0.55,41600,0.6,31200,0,1632800
BHEL30JAN2040PE.NFO,07/01/2020,10:08:33,0.55,0.55,93600,0.6,20800,0,1632800
BHEL30JAN2040PE.NFO,07/01/2020,10:08:48,0.55,0.55,104000,0.6,20800,0,1632800
BHEL30JAN2040PE.NFO,07/01/2020,10:08:52,0.55,0.55,93600,0.6,20800,0,1632800
BHEL30JAN2040PE.NFO,07/01/2020,10:09:05,0.55,0.55,83200,0.6,20800,0,1632800
BHEL30JAN2040PE.NFO,07/01/2020,10:09:09,0.55,0.55,83200,0.6,31200,0,1632800
BHEL30JAN2040PE.NFO,07/01/2020,10:09:27,0.55,0.55,62400,0.6,31200,0,1632800
BHEL30JAN2040PE.NFO,07/01/2020,10:09:32,0.55,0.55,41600,0.6,31200,0,1632800
BHEL30JAN2040PE.NFO,07/01/2020,10:10:31,0.55,0.55,52000,0.6,31200,0,1632800
BHEL30JAN2040PE.NFO,07/01/2020,10:11:11,0.55,0.55,62400,0.6,31200,0,1632800
BHEL30JAN2040PE.NFO,07/01/2020,10:12:04,0.55,0.55,62400,0.6,41600,0,1632800
BHEL30JAN2040PE.NFO,07/01/2020,10:12:08,0.55,0.55,62400,0.6,31200,0,1632800
BHEL30JAN2040PE.NFO,07/01/2020,10:13:58,0.55,0.55,62400,0.6,20800,0,1632800
BHEL30JAN2040PE.NFO,07/01/2020,10:14:02,0.55,0.55,72800,0.6,20800,0,1632800
BHEL30JAN2040PE.NFO,07/01/2020,10:14:23,0.55,0.55,72800,0.6,31200,0,1632800
BHEL30JAN2040PE.NFO,07/01/2020,10:14:33,0.55,0.55,41600,0.6,31200,0,1632800
BHEL30JAN2040PE.NFO,07/01/2020,10:15:07,0.55,0.55,52000,0.6,31200,0,1632800
BHEL30JAN2040PE.NFO,07/01/2020,10:15:22,0.55,0.55,41600,0.6,31200,0,1632800
BHEL30JAN2040PE.NFO,07/01/2020,10:16:12,0.55,0.55,72800,0.6,31200,0,1632800
BHEL30JAN2040PE.NFO,07/01/2020,10:18:05,0.55,0.55,52000,0.6,31200,0,1632800
BHEL30JAN2040PE.NFO,07/01/2020,10:18:58,0.55,0.55,72800,0.6,31200,0,1632800
BHEL30JAN2040PE.NFO,07/01/2020,10:19:08,0.55,0.55,83200,0.6,31200,0,1632800
BHEL30JAN2040PE.NFO,07/01/2020,10:20:01,0.55,0.55,72800,0.6,31200,0,1632800
BHEL30JAN2040PE.NFO,07/01/2020,10:20:10,0.55,0.55,83200,0.6,31200,0,1632800
BHEL30JAN2040PE.NFO,07/01/2020,10:20:27,0.55,0.55,72800,0.6,31200,0,1632800
BHEL30JAN2040PE.NFO,07/01/2020,10:21:52,0.55,0.55,83200,0.6,31200,0,1632800
BHEL30JAN2040PE.NFO,07/01/2020,10:25:46,0.55,0.55,83200,0.6,20800,0,1632800
BHEL30JAN2040PE.NFO,07/01/2020,10:25:51,0.55,0.55,83200,0.6,31200,0,1632800
BHEL30JAN2040PE.NFO,07/01/2020,10:26:16,0.55,0.55,83200,0.6,20800,0,1632800
BHEL30JAN2040PE.NFO,07/01/2020,10:26:47,0.55,0.55,83200,0.6,31200,0,1632800
BHEL30JAN2040PE.NFO,07/01/2020,10:27:08,0.55,0.55,83200,0.6,20800,0,1632800
BHEL30JAN2040PE.NFO,07/01/2020,10:27:11,0.55,0.55,83200,0.6,31200,0,1632800
BHEL30JAN2040PE.NFO,07/01/2020,10:29:18,0.55,0.55,72800,0.6,31200,0,1632800
BHEL30JAN2040PE.NFO,07/01/2020,10:29:49,0.55,0.55,83200,0.6,31200,0,1632800
BHEL30JAN2040PE.NFO,07/01/2020,10:29:52,0.55,0.55,72800,0.6,31200,0,1632800
BHEL30JAN2040PE.NFO,07/01/2020,10:30:00,0.55,0.55,41600,0.6,31200,0,1632800
BHEL30JAN2040PE.NFO,07/01/2020,10:30:10,0.55,0.55,62400,0.6,31200,0,1632800
BHEL30JAN2040PE.NFO,07/01/2020,10:30:13,0.55,0.55,83200,0.6,31200,0,1632800
BHEL30JAN2040PE.NFO,07/01/2020,10:30:18,0.55,0.55,72800,0.6,31200,0,1632800
BHEL30JAN2040PE.NFO,07/01/2020,10:30:30,0.55,0.55,62400,0.6,31200,0,1632800
BHEL30JAN2040PE.NFO,07/01/2020,10:30:33,0.55,0.55,72800,0.6,31200,0,1632800
BHEL30JAN2040PE.NFO,07/01/2020,10:30:37,0.55,0.55,83200,0.6,31200,0,1632800
BHEL30JAN2040PE.NFO,07/01/2020,10:30:40,0.55,0.55,72800,0.6,31200,0,1632800
BHEL30JAN2040PE.NFO,07/01/2020,10:30:48,0.55,0.55,83200,0.6,31200,0,1632800
BHEL30JAN2040PE.NFO,07/01/2020,10:30:51,0.55,0.55,72800,0.6,31200,0,1632800
BHEL30JAN2040PE.NFO,07/01/2020,10:30:57,0.55,0.55,72800,0.6,41600,0,1632800
BHEL30JAN2040PE.NFO,07/01/2020,10:32:07,0.55,0.55,83200,0.6,41600,0,1632800
BHEL30JAN2040PE.NFO,07/01/2020,10:33:08,0.55,0.55,104000,0.6,31200,0,1632800
BHEL30JAN2040PE.NFO,07/01/2020,10:33:11,0.55,0.55,93600,0.6,31200,0,1632800
BHEL30JAN2040PE.NFO,07/01/2020,10:33:13,0.55,0.55,93600,0.6,41600,0,1632800
BHEL30JAN2040PE.NFO,07/01/2020,10:35:07,0.55,0.55,93600,0.6,31200,0,1632800
BHEL30JAN2040PE.NFO,07/01/2020,10:35:23,0.55,0.55,93600,0.6,41600,0,1632800
BHEL30JAN2040PE.NFO,07/01/2020,10:35:29,0.55,0.55,83200,0.6,41600,0,1632800
BHEL30JAN2040PE.NFO,07/01/2020,10:36:44,0.55,0.55,41600,0.6,41600,0,1632800
BHEL30JAN2040PE.NFO,07/01/2020,10:36:47,0.55,0.55,52000,0.6,41600,0,1632800
BHEL30JAN2040PE.NFO,07/01/2020,10:37:02,0.55,0.55,83200,0.6,41600,0,1632800
BHEL30JAN2040PE.NFO,07/01/2020,10:37:05,0.55,0.55,52000,0.6,41600,0,1632800
BHEL30JAN2040PE.NFO,07/01/2020,10:37:11,0.55,0.55,83200,0.6,41600,0,1632800
BHEL30JAN2040PE.NFO,07/01/2020,10:38:45,0.55,0.55,52000,0.6,41600,0,1632800
BHEL30JAN2040PE.NFO,07/01/2020,10:38:48,0.55,0.55,83200,0.6,41600,0,1632800
BHEL30JAN2040PE.NFO,07/01/2020,10:39:18,0.55,0.55,93600,0.6,41600,0,1632800
BHEL30JAN2040PE.NFO,07/01/2020,10:40:05,0.55,0.55,83200,0.6,41600,0,1632800
BHEL30JAN2040PE.NFO,07/01/2020,10:41:04,0.55,0.55,72800,0.6,41600,0,1632800
BHEL30JAN2040PE.NFO,07/01/2020,10:41:15,0.55,0.55,83200,0.6,41600,0,1632800
BHEL30JAN2040PE.NFO,07/01/2020,10:41:18,0.55,0.55,72800,0.6,41600,0,1632800
BHEL30JAN2040PE.NFO,07/01/2020,10:41:27,0.55,0.55,52000,0.6,41600,0,1632800
BHEL30JAN2040PE.NFO,07/01/2020,10:41:31,0.55,0.55,62400,0.6,41600,0,1632800
BHEL30JAN2040PE.NFO,07/01/2020,10:42:02,0.55,0.55,31200,0.6,41600,0,1632800
BHEL30JAN2040PE.NFO,07/01/2020,10:42:05,0.55,0.55,20800,0.6,72800,0,1632800
BHEL30JAN2040PE.NFO,07/01/2020,10:42:08,0.55,0.55,10400,0.6,72800,0,1632800
BHEL30JAN2040PE.NFO,07/01/2020,10:43:27,0.55,0.55,20800,0.6,72800,0,1632800
BHEL30JAN2040PE.NFO,07/01/2020,10:43:30,0.55,0.55,10400,0.6,72800,0,1632800
BHEL30JAN2040PE.NFO,07/01/2020,10:43:38,0.55,0.55,20800,0.6,72800,0,1632800
BHEL30JAN2040PE.NFO,07/01/2020,10:45:19,0.55,0.55,20800,0.6,41600,0,1632800
BHEL30JAN2040PE.NFO,07/01/2020,10:46:06,0.55,0.55,41600,0.6,41600,0,1632800
BHEL30JAN2040PE.NFO,07/01/2020,10:46:17,0.55,0.55,31200,0.6,41600,0,1632800
BHEL30JAN2040PE.NFO,07/01/2020,10:46:23,0.55,0.55,20800,0.6,41600,0,1632800
BHEL30JAN2040PE.NFO,07/01/2020,10:46:36,0.55,0.55,41600,0.6,41600,0,1632800
BHEL30JAN2040PE.NFO,07/01/2020,10:46:51,0.55,0.55,31200,0.6,41600,0,1632800
BHEL30JAN2040PE.NFO,07/01/2020,10:47:12,0.55,0.55,41600,0.6,41600,0,1632800
BHEL30JAN2040PE.NFO,07/01/2020,10:47:24,0.55,0.55,52000,0.6,41600,0,1632800
BHEL30JAN2040PE.NFO,07/01/2020,10:48:02,0.55,0.55,31200,0.6,72800,0,1632800
BHEL30JAN2040PE.NFO,07/01/2020,10:49:01,0.55,0.55,52000,0.6,72800,0,1632800
BHEL30JAN2040PE.NFO,07/01/2020,10:49:05,0.55,0.55,31200,0.6,72800,0,1632800
BHEL30JAN2040PE.NFO,07/01/2020,10:49:27,0.55,0.55,20800,0.6,72800,0,1632800
BHEL30JAN2040PE.NFO,07/01/2020,10:49:48,0.55,0.55,41600,0.6,72800,0,1632800
BHEL30JAN2040PE.NFO,07/01/2020,10:49:56,0.55,0.55,52000,0.6,72800,0,1632800
BHEL30JAN2040PE.NFO,07/01/2020,10:50:32,0.55,0.55,62400,0.6,41600,0,1632800
BHEL30JAN2040PE.NFO,07/01/2020,10:50:55,0.55,0.55,52000,0.6,41600,0,1632800
BHEL30JAN2040PE.NFO,07/01/2020,10:52:24,0.55,0.55,41600,0.6,41600,0,1632800
BHEL30JAN2040PE.NFO,07/01/2020,10:52:30,0.55,0.55,52000,0.6,41600,0,1632800
BHEL30JAN2040PE.NFO,07/01/2020,10:53:29,0.55,0.55,62400,0.6,41600,0,1632800
BHEL30JAN2040PE.NFO,07/01/2020,10:53:34,0.55,0.55,52000,0.6,41600,0,1632800
BHEL30JAN2040PE.NFO,07/01/2020,10:54:12,0.55,0.55,41600,0.6,41600,0,1632800
BHEL30JAN2040PE.NFO,07/01/2020,10:55:08,0.55,0.55,52000,0.6,41600,0,1632800
BHEL30JAN2040PE.NFO,07/01/2020,10:56:15,0.55,0.55,62400,0.6,41600,0,1632800
BHEL30JAN2040PE.NFO,07/01/2020,10:56:34,0.55,0.55,72800,0.6,41600,0,1632800
BHEL30JAN2040PE.NFO,07/01/2020,10:56:51,0.55,0.55,93600,0.6,41600,0,1632800
BHEL30JAN2040PE.NFO,07/01/2020,10:57:20,0.55,0.55,83200,0.6,41600,0,1632800
BHEL30JAN2040PE.NFO,07/01/2020,10:57:33,0.55,0.55,93600,0.6,41600,0,1632800
BHEL30JAN2040PE.NFO,07/01/2020,10:59:51,0.55,0.55,104000,0.6,20800,0,1632800
BHEL30JAN2040PE.NFO,07/01/2020,11:00:33,0.6,0.55,104000,0.6,10400,10400,1632800
BHEL30JAN2040PE.NFO,07/01/2020,11:00:40,0.6,0.55,104000,0.6,10400,0,1632800
BHEL30JAN2040PE.NFO,07/01/2020,11:00:46,0.6,0.6,10400,0.65,41600,10400,1632800
BHEL30JAN2040PE.NFO,07/01/2020,11:00:52,0.6,0.6,31200,0.65,41600,0,1632800
BHEL30JAN2040PE.NFO,07/01/2020,11:01:34,0.6,0.6,41600,0.65,41600,0,1632800
BHEL30JAN2040PE.NFO,07/01/2020,11:02:28,0.6,0.6,31200,0.65,41600,0,1632800
BHEL30JAN2040PE.NFO,07/01/2020,11:03:37,0.6,0.6,41600,0.65,41600,0,1632800
BHEL30JAN2040PE.NFO,07/01/2020,11:03:43,0.6,0.6,62400,0.65,41600,0,1632800
BHEL30JAN2040PE.NFO,07/01/2020,11:03:56,0.6,0.6,83200,0.65,10400,0,1632800
BHEL30JAN2040PE.NFO,07/01/2020,11:05:16,0.6,0.6,62400,0.65,20800,0,1632800
BHEL30JAN2040PE.NFO,07/01/2020,11:05:22,0.6,0.6,62400,0.65,31200,0,1632800
BHEL30JAN2040PE.NFO,07/01/2020,11:05:27,0.6,0.6,62400,0.65,20800,0,1632800
BHEL30JAN2040PE.NFO,07/01/2020,11:05:48,0.6,0.6,62400,0.65,31200,0,1632800
BHEL30JAN2040PE.NFO,07/01/2020,11:05:54,0.6,0.6,31200,0.65,31200,0,1632800
BHEL30JAN2040PE.NFO,07/01/2020,11:06:19,0.6,0.6,20800,0.65,31200,0,1632800
BHEL30JAN2040PE.NFO,07/01/2020,11:08:39,0.6,0.6,31200,0.65,31200,0,1632800
BHEL30JAN2040PE.NFO,07/01/2020,11:09:02,0.6,0.6,41600,0.65,31200,0,1632800
BHEL30JAN2040PE.NFO,07/01/2020,11:09:30,0.6,0.6,83200,0.65,20800,0,1632800
BHEL30JAN2040PE.NFO,07/01/2020,11:09:50,0.6,0.6,83200,0.65,10400,0,1632800
BHEL30JAN2040PE.NFO,07/01/2020,11:10:53,0.6,0.6,83200,0.7,83200,0,1632800
BHEL30JAN2040PE.NFO,07/01/2020,11:11:00,0.6,0.6,93600,0.7,83200,0,1632800
BHEL30JAN2040PE.NFO,07/01/2020,11:11:05,0.6,0.6,83200,0.7,83200,0,1632800
BHEL30JAN2040PE.NFO,07/01/2020,11:11:12,0.6,0.6,93600,0.7,83200,0,1632800
BHEL30JAN2040PE.NFO,07/01/2020,11:11:25,0.6,0.6,104000,0.7,83200,0,1632800
BHEL30JAN2040PE.NFO,07/01/2020,11:11:32,0.6,0.65,10400,0.7,93600,0,1632800
BHEL30JAN2040PE.NFO,07/01/2020,11:11:50,0.65,0.6,93600,0.7,83200,10400,1632800
BHEL30JAN2040PE.NFO,07/01/2020,11:12:02,0.65,0.6,93600,0.7,83200,0,1632800
BHEL30JAN2040PE.NFO,07/01/2020,11:12:24,0.65,0.6,83200,0.7,83200,0,1632800
BHEL30JAN2040PE.NFO,07/01/2020,11:12:31,0.65,0.6,93600,0.7,83200,0,1632800
BHEL30JAN2040PE.NFO,07/01/2020,11:14:24,0.65,0.6,93600,0.7,52000,0,1632800
BHEL30JAN2040PE.NFO,07/01/2020,11:16:20,0.65,0.6,83200,0.7,52000,0,1632800
BHEL30JAN2040PE.NFO,07/01/2020,11:16:32,0.65,0.6,83200,0.7,83200,0,1632800
BHEL30JAN2040PE.NFO,07/01/2020,11:17:08,0.65,0.6,93600,0.7,52000,0,1632800
BHEL30JAN2040PE.NFO,07/01/2020,11:17:23,0.65,0.6,93600,0.65,10400,0,1632800
BHEL30JAN2040PE.NFO,07/01/2020,11:17:44,0.65,0.6,83200,0.65,10400,0,1632800
BHEL30JAN2040PE.NFO,07/01/2020,11:17:54,0.65,0.6,93600,0.65,10400,0,1632800
BHEL30JAN2040PE.NFO,07/01/2020,11:18:43,0.65,0.6,83200,0.65,10400,0,1632800
BHEL30JAN2040PE.NFO,07/01/2020,11:18:49,0.65,0.6,93600,0.65,10400,0,1632800
BHEL30JAN2040PE.NFO,07/01/2020,11:18:55,0.65,0.6,72800,0.65,20800,0,1632800
BHEL30JAN2040PE.NFO,07/01/2020,11:19:00,0.65,0.6,62400,0.65,20800,0,1632800
BHEL30JAN2040PE.NFO,07/01/2020,11:19:18,0.65,0.6,72800,0.65,20800,0,1632800
BHEL30JAN2040PE.NFO,07/01/2020,11:19:27,0.65,0.6,93600,0.65,10400,0,1632800
BHEL30JAN2040PE.NFO,07/01/2020,11:19:41,0.65,0.6,72800,0.65,10400,0,1632800
BHEL30JAN2040PE.NFO,07/01/2020,11:19:48,0.65,0.6,83200,0.65,10400,0,1632800
BHEL30JAN2040PE.NFO,07/01/2020,11:20:42,0.65,0.6,83200,0.7,83200,10400,1632800
BHEL30JAN2040PE.NFO,07/01/2020,11:20:47,0.65,0.6,83200,0.7,83200,0,1632800
BHEL30JAN2040PE.NFO,07/01/2020,11:21:04,0.65,0.6,62400,0.65,10400,0,1632800
BHEL30JAN2040PE.NFO,07/01/2020,11:21:14,0.65,0.6,83200,0.7,83200,0,1632800
BHEL30JAN2040PE.NFO,07/01/2020,11:21:18,0.65,0.6,72800,0.7,83200,0,1632800
BHEL30JAN2040PE.NFO,07/01/2020,11:21:22,0.65,0.6,72800,0.65,10400,0,1632800
BHEL30JAN2040PE.NFO,07/01/2020,11:21:42,0.65,0.6,72800,0.7,83200,0,1632800
BHEL30JAN2040PE.NFO,07/01/2020,11:23:24,0.65,0.6,83200,0.7,83200,0,1632800
BHEL30JAN2040PE.NFO,07/01/2020,11:23:55,0.65,0.6,72800,0.7,83200,0,1632800
BHEL30JAN2040PE.NFO,07/01/2020,11:24:06,0.65,0.6,72800,0.65,10400,0,1632800
BHEL30JAN2040PE.NFO,07/01/2020,11:24:53,0.65,0.6,83200,0.65,10400,0,1632800
BHEL30JAN2040PE.NFO,07/01/2020,11:24:57,0.65,0.6,83200,0.7,83200,0,1632800
BHEL30JAN2040PE.NFO,07/01/2020,11:25:01,0.65,0.6,72800,0.7,83200,0,1632800
BHEL30JAN2040PE.NFO,07/01/2020,11:25:19,0.65,0.6,83200,0.7,83200,0,1632800
BHEL30JAN2040PE.NFO,07/01/2020,11:26:37,0.65,0.6,72800,0.7,83200,0,1632800
BHEL30JAN2040PE.NFO,07/01/2020,11:26:41,0.65,0.6,72800,0.65,10400,0,1632800
BHEL30JAN2040PE.NFO,07/01/2020,11:27:06,0.65,0.6,62400,0.65,10400,0,1632800
BHEL30JAN2040PE.NFO,07/01/2020,11:27:25,0.65,0.6,62400,0.7,83200,0,1632800
BHEL30JAN2040PE.NFO,07/01/2020,11:27:42,0.65,0.6,62400,0.65,10400,0,1632800
BHEL30JAN2040PE.NFO,07/01/2020,11:28:10,0.65,0.6,62400,0.65,20800,0,1632800
BHEL30JAN2040PE.NFO,07/01/2020,11:28:26,0.65,0.6,62400,0.65,31200,0,1632800
BHEL30JAN2040PE.NFO,07/01/2020,11:28:32,0.65,0.6,62400,0.65,20800,0,1632800
BHEL30JAN2040PE.NFO,07/01/2020,11:28:34,0.65,0.6,62400,0.7,83200,0,1632800
BHEL30JAN2040PE.NFO,07/01/2020,11:28:37,0.65,0.6,62400,0.65,10400,0,1632800
BHEL30JAN2040PE.NFO,07/01/2020,11:29:42,0.65,0.6,62400,0.7,83200,0,1632800
BHEL30JAN2040PE.NFO,07/01/2020,11:29:55,0.65,0.6,62400,0.65,20800,0,1632800
BHEL30JAN2040PE.NFO,07/01/2020,11:30:12,0.65,0.6,62400,0.65,31200,0,1632800
BHEL30JAN2040PE.NFO,07/01/2020,11:30:48,0.65,0.6,62400,0.65,20800,0,1632800
BHEL30JAN2040PE.NFO,07/01/2020,11:30:51,0.65,0.6,62400,0.65,31200,0,1632800
BHEL30JAN2040PE.NFO,07/01/2020,11:31:00,0.65,0.6,41600,0.65,31200,0,1632800
BHEL30JAN2040PE.NFO,07/01/2020,11:31:07,0.65,0.6,62400,0.65,31200,0,1632800
BHEL30JAN2040PE.NFO,07/01/2020,11:31:39,0.65,0.6,52000,0.65,31200,0,1632800
BHEL30JAN2040PE.NFO,07/01/2020,11:31:42,0.6,0.6,41600,0.65,31200,10400,1632800
BHEL30JAN2040PE.NFO,07/01/2020,11:31:51,0.6,0.6,41600,0.65,31200,0,1632800
BHEL30JAN2040PE.NFO,07/01/2020,11:31:57,0.6,0.6,62400,0.65,31200,0,1632800
BHEL30JAN2040PE.NFO,07/01/2020,11:33:20,0.65,0.6,62400,0.65,20800,10400,1632800
BHEL30JAN2040PE.NFO,07/01/2020,11:33:23,0.65,0.6,62400,0.65,20800,0,1632800
BHEL30JAN2040PE.NFO,07/01/2020,11:34:37,0.65,0.6,62400,0.65,52000,0,1632800
BHEL30JAN2040PE.NFO,07/01/2020,11:36:56,0.65,0.6,72800,0.65,52000,0,1632800
BHEL30JAN2040PE.NFO,07/01/2020,11:37:28,0.65,0.6,83200,0.65,20800,0,1632800
BHEL30JAN2040PE.NFO,07/01/2020,11:37:38,0.65,0.6,72800,0.65,20800,0,1632800
BHEL30JAN2040PE.NFO,07/01/2020,11:37:44,0.65,0.6,62400,0.65,52000,0,1632800
BHEL30JAN2040PE.NFO,07/01/2020,11:37:53,0.6,0.6,52000,0.65,20800,20800,1632800
BHEL30JAN2040PE.NFO,07/01/2020,11:37:57,0.6,0.6,52000,0.65,20800,0,1632800
BHEL30JAN2040PE.NFO,07/01/2020,11:38:04,0.6,0.6,62400,0.65,20800,0,1632800
BHEL30JAN2040PE.NFO,07/01/2020,11:38:38,0.6,0.6,52000,0.65,20800,0,1632800
BHEL30JAN2040PE.NFO,07/01/2020,11:39:26,0.6,0.6,62400,0.65,20800,0,1632800
BHEL30JAN2040PE.NFO,07/01/2020,11:39:37,0.6,0.6,62400,0.65,10400,0,1632800
BHEL30JAN2040PE.NFO,07/01/2020,11:39:51,0.6,0.6,62400,0.7,72800,0,1632800
BHEL30JAN2040PE.NFO,07/01/2020,11:40:24,0.6,0.6,72800,0.7,72800,0,1632800
BHEL30JAN2040PE.NFO,07/01/2020,11:40:29,0.6,0.6,62400,0.7,72800,0,1632800
BHEL30JAN2040PE.NFO,07/01/2020,11:40:40,0.6,0.6,72800,0.7,72800,0,1632800
BHEL30JAN2040PE.NFO,07/01/2020,11:40:43,0.6,0.6,62400,0.7,72800,0,1632800
BHEL30JAN2040PE.NFO,07/01/2020,11:40:47,0.6,0.6,72800,0.7,72800,0,1632800
BHEL30JAN2040PE.NFO,07/01/2020,11:42:22,0.6,0.6,62400,0.7,72800,0,1632800
BHEL30JAN2040PE.NFO,07/01/2020,11:45:13,0.6,0.65,10400,0.7,72800,0,1632800
BHEL30JAN2040PE.NFO,07/01/2020,11:47:11,0.6,0.6,62400,0.7,72800,0,1632800
BHEL30JAN2040PE.NFO,07/01/2020,11:47:15,0.6,0.6,72800,0.7,72800,0,1632800
BHEL30JAN2040PE.NFO,07/01/2020,11:48:19,0.6,0.6,62400,0.7,72800,0,1632800
BHEL30JAN2040PE.NFO,07/01/2020,11:49:07,0.6,0.65,20800,0.7,72800,0,1632800
BHEL30JAN2040PE.NFO,07/01/2020,11:49:10,0.6,0.65,10400,0.7,72800,0,1632800
BHEL30JAN2040PE.NFO,07/01/2020,11:50:07,0.6,0.6,83200,0.7,72800,0,1632800
BHEL30JAN2040PE.NFO,07/01/2020,11:51:24,0.6,0.6,72800,0.7,72800,0,1632800
BHEL30JAN2040PE.NFO,07/01/2020,11:51:33,0.6,0.6,83200,0.7,72800,0,1632800
BHEL30JAN2040PE.NFO,07/01/2020,11:51:37,0.65,0.6,83200,0.7,72800,10400,1632800
BHEL30JAN2040PE.NFO,07/01/2020,11:51:41,0.65,0.6,62400,0.7,72800,0,1632800
BHEL30JAN2040PE.NFO,07/01/2020,11:51:51,0.65,0.6,72800,0.7,72800,0,1632800
BHEL30JAN2040PE.NFO,07/01/2020,11:52:32,0.65,0.6,62400,0.7,72800,0,1632800
BHEL30JAN2040PE.NFO,07/01/2020,11:53:08,0.65,0.6,52000,0.7,72800,0,1632800
BHEL30JAN2040PE.NFO,07/01/2020,11:53:12,0.65,0.6,62400,0.7,72800,0,1632800
BHEL30JAN2040PE.NFO,07/01/2020,11:53:17,0.65,0.6,52000,0.7,72800,0,1632800
BHEL30JAN2040PE.NFO,07/01/2020,11:53:21,0.65,0.6,62400,0.7,72800,0,1632800
BHEL30JAN2040PE.NFO,07/01/2020,11:53:51,0.65,0.6,72800,0.7,72800,0,1632800
BHEL30JAN2040PE.NFO,07/01/2020,11:54:19,0.65,0.6,62400,0.7,72800,0,1632800
BHEL30JAN2040PE.NFO,07/01/2020,11:55:02,0.65,0.6,72800,0.7,72800,0,1632800
BHEL30JAN2040PE.NFO,07/01/2020,11:55:40,0.65,0.6,83200,0.7,72800,0,1632800
BHEL30JAN2040PE.NFO,07/01/2020,11:56:41,0.65,0.6,72800,0.7,72800,0,1632800
BHEL30JAN2040PE.NFO,07/01/2020,11:56:44,0.65,0.6,83200,0.7,72800,0,1632800
BHEL30JAN2040PE.NFO,07/01/2020,11:57:07,0.65,0.6,72800,0.7,72800,0,1632800
BHEL30JAN2040PE.NFO,07/01/2020,11:57:13,0.65,0.6,83200,0.7,72800,0,1632800
BHEL30JAN2040PE.NFO,07/01/2020,11:58:45,0.65,0.6,72800,0.7,72800,0,1632800
BHEL30JAN2040PE.NFO,07/01/2020,11:59:45,0.65,0.65,10400,0.7,72800,0,1632800
BHEL30JAN2040PE.NFO,07/01/2020,11:59:48,0.65,0.6,72800,0.7,72800,0,1632800
BHEL30JAN2040PE.NFO,07/01/2020,12:00:02,0.65,0.6,83200,0.7,72800,0,1632800
BHEL30JAN2040PE.NFO,07/01/2020,12:00:48,0.65,0.6,72800,0.7,72800,0,1632800
BHEL30JAN2040PE.NFO,07/01/2020,12:01:32,0.65,0.6,83200,0.7,72800,0,1632800
BHEL30JAN2040PE.NFO,07/01/2020,12:01:48,0.65,0.6,72800,0.7,72800,0,1632800
BHEL30JAN2040PE.NFO,07/01/2020,12:08:02,0.65,0.6,62400,0.7,72800,0,1632800
BHEL30JAN2040PE.NFO,07/01/2020,12:13:11,0.65,0.6,31200,0.7,72800,0,1632800
BHEL30JAN2040PE.NFO,07/01/2020,12:13:18,0.65,0.6,62400,0.7,72800,0,1632800
BHEL30JAN2040PE.NFO,07/01/2020,12:18:19,0.65,0.65,41600,0.7,72800,0,1632800
BHEL30JAN2040PE.NFO,07/01/2020,12:19:38,0.65,0.65,20800,0.7,72800,0,1632800
BHEL30JAN2040PE.NFO,07/01/2020,12:22:57,0.65,0.65,52000,0.7,72800,0,1632800
BHEL30JAN2040PE.NFO,07/01/2020,12:23:35,0.65,0.65,41600,0.7,72800,0,1632800
BHEL30JAN2040PE.NFO,07/01/2020,12:24:08,0.65,0.65,52000,0.7,72800,0,1632800
BHEL30JAN2040PE.NFO,07/01/2020,12:24:11,0.65,0.65,41600,0.7,72800,0,1632800
BHEL30JAN2040PE.NFO,07/01/2020,12:28:17,0.65,0.65,31200,0.7,72800,0,1632800
BHEL30JAN2040PE.NFO,07/01/2020,12:28:22,0.65,0.65,41600,0.7,72800,0,1632800
BHEL30JAN2040PE.NFO,07/01/2020,12:28:56,0.7,0.65,72800,0.7,31200,10400,1632800
BHEL30JAN2040PE.NFO,07/01/2020,12:29:03,0.7,0.65,72800,0.7,31200,0,1632800
BHEL30JAN2040PE.NFO,07/01/2020,12:30:40,0.7,0.65,72800,0.7,41600,0,1632800
BHEL30JAN2040PE.NFO,07/01/2020,12:30:46,0.7,0.65,72800,0.7,31200,0,1632800
BHEL30JAN2040PE.NFO,07/01/2020,12:30:50,0.7,0.65,62400,0.7,31200,0,1632800
BHEL30JAN2040PE.NFO,07/01/2020,12:31:45,0.7,0.65,72800,0.7,31200,0,1632800
BHEL30JAN2040PE.NFO,07/01/2020,12:32:03,0.7,0.65,72800,0.7,41600,0,1632800
BHEL30JAN2040PE.NFO,07/01/2020,12:32:25,0.7,0.65,72800,0.7,52000,0,1632800
BHEL30JAN2040PE.NFO,07/01/2020,12:32:36,0.7,0.65,72800,0.7,41600,0,1632800
BHEL30JAN2040PE.NFO,07/01/2020,12:32:42,0.7,0.65,72800,0.7,31200,0,1632800
BHEL30JAN2040PE.NFO,07/01/2020,12:37:21,0.7,0.65,72800,0.7,41600,0,1632800
BHEL30JAN2040PE.NFO,07/01/2020,12:37:26,0.7,0.65,72800,0.7,52000,0,1632800
BHEL30JAN2040PE.NFO,07/01/2020,12:37:42,0.7,0.65,52000,0.7,52000,0,1632800
BHEL30JAN2040PE.NFO,07/01/2020,12:38:51,0.7,0.65,41600,0.7,52000,0,1632800
BHEL30JAN2040PE.NFO,07/01/2020,12:38:54,0.7,0.65,52000,0.7,52000,0,1632800
BHEL30JAN2040PE.NFO,07/01/2020,12:39:01,0.7,0.65,62400,0.7,52000,0,1632800
BHEL30JAN2040PE.NFO,07/01/2020,12:39:22,0.7,0.65,52000,0.7,52000,0,1632800
BHEL30JAN2040PE.NFO,07/01/2020,12:42:55,0.7,0.65,31200,0.7,52000,0,1632800
BHEL30JAN2040PE.NFO,07/01/2020,12:42:58,0.7,0.65,52000,0.7,52000,0,1632800
BHEL30JAN2040PE.NFO,07/01/2020,12:45:49,0.7,0.65,20800,0.7,52000,0,1632800
BHEL30JAN2040PE.NFO,07/01/2020,12:50:08,0.7,0.65,20800,0.7,104000,0,1632800
BHEL30JAN2040PE.NFO,07/01/2020,12:54:26,0.7,0.65,20800,0.7,52000,0,1632800
BHEL30JAN2040PE.NFO,07/01/2020,12:58:11,0.7,0.65,52000,0.7,52000,0,1632800
BHEL30JAN2040PE.NFO,07/01/2020,12:58:20,0.7,0.65,41600,0.7,52000,0,1632800
BHEL30JAN2040PE.NFO,07/01/2020,12:59:30,0.7,0.65,31200,0.7,52000,0,1632800
BHEL30JAN2040PE.NFO,07/01/2020,12:59:33,0.7,0.65,20800,0.7,52000,0,1632800
BHEL30JAN2040PE.NFO,07/01/2020,12:59:42,0.7,0.65,31200,0.7,52000,0,1632800
BHEL30JAN2040PE.NFO,07/01/2020,13:00:02,0.7,0.65,20800,0.7,52000,0,1632800
BHEL30JAN2040PE.NFO,07/01/2020,13:00:14,0.7,0.65,41600,0.7,52000,0,1632800
BHEL30JAN2040PE.NFO,07/01/2020,13:00:29,0.7,0.65,41600,0.7,41600,0,1632800
BHEL30JAN2040PE.NFO,07/01/2020,13:00:49,0.7,0.65,41600,0.7,52000,0,1632800
BHEL30JAN2040PE.NFO,07/01/2020,13:00:59,0.7,0.65,72800,0.7,41600,0,1632800
BHEL30JAN2040PE.NFO,07/01/2020,13:01:21,0.7,0.65,62400,0.7,41600,0,1632800
BHEL30JAN2040PE.NFO,07/01/2020,13:01:49,0.7,0.65,72800,0.7,41600,0,1632800
BHEL30JAN2040PE.NFO,07/01/2020,13:02:05,0.7,0.65,20800,0.7,52000,0,1632800
BHEL30JAN2040PE.NFO,07/01/2020,13:02:11,0.7,0.65,20800,0.7,41600,0,1632800
BHEL30JAN2040PE.NFO,07/01/2020,13:04:06,0.7,0.65,20800,0.7,52000,0,1632800
BHEL30JAN2040PE.NFO,07/01/2020,13:05:09,0.7,0.65,72800,0.7,41600,0,1632800
BHEL30JAN2040PE.NFO,07/01/2020,13:05:49,0.7,0.65,62400,0.7,41600,0,1632800
BHEL30JAN2040PE.NFO,07/01/2020,13:06:24,0.7,0.65,52000,0.7,31200,0,1632800
BHEL30JAN2040PE.NFO,07/01/2020,13:06:30,0.7,0.65,72800,0.7,31200,0,1632800
BHEL30JAN2040PE.NFO,07/01/2020,13:06:38,0.7,0.65,62400,0.7,31200,0,1632800
BHEL30JAN2040PE.NFO,07/01/2020,13:06:48,0.7,0.65,72800,0.7,31200,0,1632800
BHEL30JAN2040PE.NFO,07/01/2020,13:07:38,0.7,0.65,72800,0.7,41600,0,1632800
BHEL30JAN2040PE.NFO,07/01/2020,13:08:06,0.7,0.65,72800,0.75,83200,0,1632800
BHEL30JAN2040PE.NFO,07/01/2020,13:08:45,0.7,0.7,52000,0.75,83200,0,1632800
BHEL30JAN2040PE.NFO,07/01/2020,13:11:53,0.7,0.7,104000,0.75,83200,0,1632800
BHEL30JAN2040PE.NFO,07/01/2020,13:12:46,0.7,0.7,93600,0.75,83200,0,1632800
BHEL30JAN2040PE.NFO,07/01/2020,13:12:55,0.7,0.7,83200,0.75,83200,0,1632800
BHEL30JAN2040PE.NFO,07/01/2020,13:12:58,0.7,0.7,93600,0.75,83200,0,1632800
BHEL30JAN2040PE.NFO,07/01/2020,13:13:58,0.7,0.7,104000,0.75,83200,0,1632800
BHEL30JAN2040PE.NFO,07/01/2020,13:14:03,0.7,0.7,93600,0.75,83200,0,1632800
BHEL30JAN2040PE.NFO,07/01/2020,13:14:08,0.7,0.7,104000,0.75,83200,0,1632800
BHEL30JAN2040PE.NFO,07/01/2020,13:14:20,0.7,0.7,93600,0.75,83200,0,1632800
BHEL30JAN2040PE.NFO,07/01/2020,13:15:19,0.7,0.7,145600,0.75,83200,0,1632800
BHEL30JAN2040PE.NFO,07/01/2020,13:15:26,0.7,0.7,145600,0.75,52000,0,1632800
BHEL30JAN2040PE.NFO,07/01/2020,13:15:33,0.7,0.7,145600,0.75,62400,0,1632800
BHEL30JAN2040PE.NFO,07/01/2020,13:15:38,0.7,0.7,135200,0.75,62400,0,1632800
BHEL30JAN2040PE.NFO,07/01/2020,13:15:51,0.75,0.75,10400,0.8,62400,20800,1622400
BHEL30JAN2040PE.NFO,07/01/2020,13:15:56,0.75,0.75,10400,0.8,62400,0,1622400
BHEL30JAN2040PE.NFO,07/01/2020,13:16:23,0.75,0.7,145600,0.8,62400,10400,1622400
BHEL30JAN2040PE.NFO,07/01/2020,13:16:37,0.75,0.7,145600,0.8,62400,0,1622400
BHEL30JAN2040PE.NFO,07/01/2020,13:16:46,0.75,0.7,145600,0.75,31200,0,1622400
BHEL30JAN2040PE.NFO,07/01/2020,13:16:52,0.75,0.7,145600,0.75,20800,10400,1622400
BHEL30JAN2040PE.NFO,07/01/2020,13:18:36,0.75,0.7,145600,0.75,20800,0,1622400
BHEL30JAN2040PE.NFO,07/01/2020,13:19:03,0.75,0.75,31200,0.8,31200,20800,1632800
BHEL30JAN2040PE.NFO,07/01/2020,13:19:18,0.75,0.75,31200,0.8,31200,0,1632800
BHEL30JAN2040PE.NFO,07/01/2020,13:20:28,0.75,0.7,145600,0.8,31200,0,1632800
BHEL30JAN2040PE.NFO,07/01/2020,13:20:32,0.75,0.75,31200,0.8,31200,0,1632800
BHEL30JAN2040PE.NFO,07/01/2020,13:20:43,0.75,0.7,145600,0.8,31200,0,1632800
BHEL30JAN2040PE.NFO,07/01/2020,13:20:50,0.75,0.75,10400,0.8,31200,0,1632800
BHEL30JAN2040PE.NFO,07/01/2020,13:21:16,0.75,0.75,20800,0.8,31200,0,1632800
BHEL30JAN2040PE.NFO,07/01/2020,13:21:33,0.75,0.75,31200,0.8,31200,0,1632800
BHEL30JAN2040PE.NFO,07/01/2020,13:22:47,0.75,0.75,20800,0.8,31200,0,1632800
BHEL30JAN2040PE.NFO,07/01/2020,13:22:51,0.75,0.75,31200,0.8,31200,0,1632800
BHEL30JAN2040PE.NFO,07/01/2020,13:22:57,0.75,0.75,41600,0.8,31200,0,1632800
BHEL30JAN2040PE.NFO,07/01/2020,13:24:41,0.75,0.75,31200,0.8,20800,10400,1632800
BHEL30JAN2040PE.NFO,07/01/2020,13:24:48,0.75,0.75,31200,0.8,20800,0,1632800
BHEL30JAN2040PE.NFO,07/01/2020,13:25:54,0.75,0.75,20800,0.8,20800,0,1632800
BHEL30JAN2040PE.NFO,07/01/2020,13:26:11,0.75,0.75,10400,0.8,20800,0,1632800
BHEL30JAN2040PE.NFO,07/01/2020,13:27:22,0.75,0.75,10400,0.8,62400,0,1632800
BHEL30JAN2040PE.NFO,07/01/2020,13:28:12,0.75,0.75,10400,0.8,20800,0,1632800
BHEL30JAN2040PE.NFO,07/01/2020,13:28:25,0.75,0.75,20800,0.8,20800,0,1632800
BHEL30JAN2040PE.NFO,07/01/2020,13:28:33,0.75,0.75,31200,0.8,20800,0,1632800
BHEL30JAN2040PE.NFO,07/01/2020,13:28:40,0.75,0.75,62400,0.8,20800,0,1632800
BHEL30JAN2040PE.NFO,07/01/2020,13:28:45,0.75,0.75,83200,0.8,20800,0,1632800
BHEL30JAN2040PE.NFO,07/01/2020,13:28:51,0.75,0.75,31200,0.8,20800,0,1632800
BHEL30JAN2040PE.NFO,07/01/2020,13:28:59,0.75,0.75,83200,0.8,20800,0,1632800
BHEL30JAN2040PE.NFO,07/01/2020,13:29:23,0.8,0.75,83200,0.85,31200,10400,1643200
BHEL30JAN2040PE.NFO,07/01/2020,13:29:30,0.8,0.8,10400,0.85,31200,0,1643200
BHEL30JAN2040PE.NFO,07/01/2020,13:29:37,0.8,0.75,83200,0.85,31200,0,1643200
BHEL30JAN2040PE.NFO,07/01/2020,13:29:44,0.8,0.75,31200,0.85,31200,0,1643200
BHEL30JAN2040PE.NFO,07/01/2020,13:29:50,0.8,0.75,83200,0.85,31200,0,1643200
BHEL30JAN2040PE.NFO,07/01/2020,13:30:29,0.8,0.75,124800,0.85,31200,0,1643200
BHEL30JAN2040PE.NFO,07/01/2020,13:30:45,0.8,0.75,114400,0.85,31200,0,1643200
BHEL30JAN2040PE.NFO,07/01/2020,13:31:23,0.8,0.75,104000,0.85,31200,0,1643200
BHEL30JAN2040PE.NFO,07/01/2020,13:31:28,0.8,0.75,93600,0.85,31200,0,1643200
BHEL30JAN2040PE.NFO,07/01/2020,13:31:55,0.8,0.75,83200,0.85,31200,0,1643200
BHEL30JAN2040PE.NFO,07/01/2020,13:32:28,0.8,0.75,72800,0.85,31200,0,1643200
BHEL30JAN2040PE.NFO,07/01/2020,13:32:43,0.8,0.75,83200,0.85,31200,0,1643200
BHEL30JAN2040PE.NFO,07/01/2020,13:32:49,0.8,0.75,83200,0.85,72800,0,1643200
BHEL30JAN2040PE.NFO,07/01/2020,13:33:01,0.8,0.75,93600,0.85,72800,0,1643200
BHEL30JAN2040PE.NFO,07/01/2020,13:33:06,0.8,0.75,114400,0.85,72800,0,1643200
BHEL30JAN2040PE.NFO,07/01/2020,13:33:11,0.8,0.75,83200,0.85,72800,0,1643200
BHEL30JAN2040PE.NFO,07/01/2020,13:33:19,0.8,0.75,93600,0.85,72800,0,1643200
BHEL30JAN2040PE.NFO,07/01/2020,13:33:30,0.8,0.75,72800,0.85,72800,0,1643200
BHEL30JAN2040PE.NFO,07/01/2020,13:33:41,0.8,0.75,104000,0.85,72800,0,1643200
BHEL30JAN2040PE.NFO,07/01/2020,13:33:46,0.8,0.75,83200,0.85,72800,0,1643200
BHEL30JAN2040PE.NFO,07/01/2020,13:33:51,0.8,0.75,72800,0.85,72800,0,1643200
BHEL30JAN2040PE.NFO,07/01/2020,13:34:07,0.8,0.75,83200,0.85,72800,0,1643200
BHEL30JAN2040PE.NFO,07/01/2020,13:34:22,0.8,0.75,72800,0.85,72800,0,1643200
BHEL30JAN2040PE.NFO,07/01/2020,13:34:27,0.8,0.75,83200,0.85,72800,0,1643200
BHEL30JAN2040PE.NFO,07/01/2020,13:34:43,0.8,0.75,72800,0.85,72800,0,1643200
BHEL30JAN2040PE.NFO,07/01/2020,13:34:49,0.8,0.75,62400,0.85,124800,0,1643200
BHEL30JAN2040PE.NFO,07/01/2020,13:35:15,0.8,0.75,62400,0.8,62400,0,1643200
BHEL30JAN2040PE.NFO,07/01/2020,13:35:26,0.8,0.75,62400,0.8,72800,0,1643200
BHEL30JAN2040PE.NFO,07/01/2020,13:37:00,0.8,0.75,10400,0.8,72800,0,1643200
BHEL30JAN2040PE.NFO,07/01/2020,13:41:53,0.8,0.75,41600,0.8,72800,0,1643200
BHEL30JAN2040PE.NFO,07/01/2020,13:41:58,0.8,0.75,52000,0.8,72800,0,1643200
BHEL30JAN2040PE.NFO,07/01/2020,13:42:08,0.8,0.75,31200,0.8,72800,0,1643200
BHEL30JAN2040PE.NFO,07/01/2020,13:42:13,0.8,0.75,41600,0.8,72800,0,1643200
BHEL30JAN2040PE.NFO,07/01/2020,13:42:19,0.8,0.75,20800,0.8,31200,0,1643200
BHEL30JAN2040PE.NFO,07/01/2020,13:42:26,0.8,0.75,31200,0.8,31200,0,1643200
BHEL30JAN2040PE.NFO,07/01/2020,13:43:22,0.8,0.75,20800,0.8,31200,0,1643200
BHEL30JAN2040PE.NFO,07/01/2020,13:45:12,0.8,0.75,10400,0.8,31200,0,1643200
BHEL30JAN2040PE.NFO,07/01/2020,13:46:07,0.8,0.75,20800,0.8,31200,0,1643200
BHEL30JAN2040PE.NFO,07/01/2020,13:46:14,0.8,0.75,10400,0.8,31200,0,1643200
BHEL30JAN2040PE.NFO,07/01/2020,13:46:49,0.8,0.7,114400,0.8,31200,0,1643200
BHEL30JAN2040PE.NFO,07/01/2020,13:48:25,0.8,0.7,104000,0.8,31200,0,1643200
BHEL30JAN2040PE.NFO,07/01/2020,13:48:30,0.8,0.7,114400,0.8,31200,0,1643200
BHEL30JAN2040PE.NFO,07/01/2020,13:48:37,0.8,0.7,114400,0.75,62400,0,1643200
BHEL30JAN2040PE.NFO,07/01/2020,13:49:36,0.8,0.7,93600,0.75,62400,0,1643200
BHEL30JAN2040PE.NFO,07/01/2020,13:49:46,0.8,0.7,104000,0.75,62400,0,1643200
BHEL30JAN2040PE.NFO,07/01/2020,13:50:17,0.8,0.7,93600,0.75,62400,0,1643200
BHEL30JAN2040PE.NFO,07/01/2020,13:50:24,0.8,0.7,83200,0.75,62400,0,1643200
BHEL30JAN2040PE.NFO,07/01/2020,13:50:43,0.8,0.7,62400,0.75,62400,0,1643200
BHEL30JAN2040PE.NFO,07/01/2020,13:51:37,0.8,0.7,10400,0.75,62400,0,1643200
BHEL30JAN2040PE.NFO,07/01/2020,13:53:42,0.8,0.7,20800,0.75,62400,0,1643200
BHEL30JAN2040PE.NFO,07/01/2020,13:53:50,0.8,0.7,104000,0.75,62400,0,1643200
BHEL30JAN2040PE.NFO,07/01/2020,13:53:57,0.8,0.7,93600,0.75,62400,0,1643200
BHEL30JAN2040PE.NFO,07/01/2020,13:54:24,0.8,0.7,114400,0.75,62400,0,1643200
BHEL30JAN2040PE.NFO,07/01/2020,13:54:29,0.8,0.7,93600,0.75,62400,0,1643200
BHEL30JAN2040PE.NFO,07/01/2020,13:54:42,0.8,0.7,114400,0.75,62400,0,1643200
BHEL30JAN2040PE.NFO,07/01/2020,13:55:03,0.8,0.7,104000,0.75,62400,0,1643200
BHEL30JAN2040PE.NFO,07/01/2020,13:55:10,0.8,0.7,93600,0.75,62400,0,1643200
BHEL30JAN2040PE.NFO,07/01/2020,13:56:32,0.8,0.7,114400,0.75,62400,0,1643200
BHEL30JAN2040PE.NFO,07/01/2020,13:56:52,0.8,0.7,83200,0.75,62400,0,1643200
BHEL30JAN2040PE.NFO,07/01/2020,13:57:27,0.8,0.7,104000,0.75,62400,0,1643200
BHEL30JAN2040PE.NFO,07/01/2020,13:58:08,0.8,0.7,104000,0.75,10400,0,1643200
BHEL30JAN2040PE.NFO,07/01/2020,13:59:59,0.8,0.7,93600,0.75,10400,0,1643200
BHEL30JAN2040PE.NFO,07/01/2020,14:00:29,0.8,0.7,72800,0.75,10400,0,1643200
BHEL30JAN2040PE.NFO,07/01/2020,14:01:24,0.8,0.7,83200,0.75,10400,0,1643200
BHEL30JAN2040PE.NFO,07/01/2020,14:02:02,0.8,0.7,93600,0.75,10400,0,1643200
BHEL30JAN2040PE.NFO,07/01/2020,14:02:17,0.8,0.7,20800,0.75,10400,0,1643200
BHEL30JAN2040PE.NFO,07/01/2020,14:02:20,0.8,0.7,10400,0.75,10400,0,1643200
BHEL30JAN2040PE.NFO,07/01/2020,14:02:23,0.8,0.7,20800,0.75,10400,0,1643200
BHEL30JAN2040PE.NFO,07/01/2020,14:02:38,0.8,0.7,20800,0.75,62400,0,1643200
BHEL30JAN2040PE.NFO,07/01/2020,14:03:06,0.8,0.7,10400,0.75,62400,0,1643200
BHEL30JAN2040PE.NFO,07/01/2020,14:05:53,0.8,0.7,72800,0.75,62400,0,1643200
BHEL30JAN2040PE.NFO,07/01/2020,14:06:29,0.8,0.7,20800,0.75,62400,0,1643200
BHEL30JAN2040PE.NFO,07/01/2020,14:06:34,0.8,0.7,10400,0.75,62400,0,1643200
BHEL30JAN2040PE.NFO,07/01/2020,14:06:37,0.8,0.7,72800,0.75,62400,0,1643200
BHEL30JAN2040PE.NFO,07/01/2020,14:06:41,0.8,0.7,10400,0.75,62400,0,1643200
BHEL30JAN2040PE.NFO,07/01/2020,14:06:44,0.8,0.7,20800,0.75,62400,0,1643200
BHEL30JAN2040PE.NFO,07/01/2020,14:06:53,0.8,0.7,72800,0.75,62400,0,1643200
BHEL30JAN2040PE.NFO,07/01/2020,14:06:58,0.8,0.7,20800,0.75,62400,0,1643200
BHEL30JAN2040PE.NFO,07/01/2020,14:07:07,0.8,0.7,72800,0.75,62400,0,1643200
BHEL30JAN2040PE.NFO,07/01/2020,14:07:27,0.8,0.7,62400,0.75,62400,0,1643200
BHEL30JAN2040PE.NFO,07/01/2020,14:07:32,0.8,0.7,10400,0.75,62400,0,1643200
BHEL30JAN2040PE.NFO,07/01/2020,14:07:38,0.8,0.7,62400,0.75,62400,0,1643200
BHEL30JAN2040PE.NFO,07/01/2020,14:07:43,0.8,0.7,104000,0.75,62400,0,1643200
BHEL30JAN2040PE.NFO,07/01/2020,14:07:51,0.8,0.7,83200,0.75,62400,0,1643200
BHEL30JAN2040PE.NFO,07/01/2020,14:07:56,0.8,0.7,72800,0.75,62400,0,1643200
BHEL30JAN2040PE.NFO,07/01/2020,14:08:06,0.8,0.7,62400,0.75,62400,0,1643200
BHEL30JAN2040PE.NFO,07/01/2020,14:08:10,0.8,0.65,124800,0.75,62400,0,1643200
BHEL30JAN2040PE.NFO,07/01/2020,14:08:14,0.8,0.7,10400,0.75,62400,0,1643200
BHEL30JAN2040PE.NFO,07/01/2020,14:08:46,0.8,0.7,72800,0.75,62400,0,1643200
BHEL30JAN2040PE.NFO,07/01/2020,14:08:53,0.8,0.7,62400,0.75,62400,0,1643200
BHEL30JAN2040PE.NFO,07/01/2020,14:09:00,0.8,0.65,124800,0.75,62400,0,1643200
BHEL30JAN2040PE.NFO,07/01/2020,14:09:12,0.8,0.7,10400,0.75,62400,0,1643200
BHEL30JAN2040PE.NFO,07/01/2020,14:09:19,0.8,0.65,124800,0.75,62400,0,1643200
BHEL30JAN2040PE.NFO,07/01/2020,14:09:32,0.8,0.7,20800,0.75,62400,0,1643200
BHEL30JAN2040PE.NFO,07/01/2020,14:09:35,0.8,0.7,10400,0.75,62400,0,1643200
BHEL30JAN2040PE.NFO,07/01/2020,14:09:48,0.8,0.65,124800,0.75,62400,0,1643200
BHEL30JAN2040PE.NFO,07/01/2020,14:10:02,0.8,0.65,114400,0.75,62400,0,1643200
BHEL30JAN2040PE.NFO,07/01/2020,14:10:14,0.8,0.65,104000,0.75,62400,0,1643200
BHEL30JAN2040PE.NFO,07/01/2020,14:10:22,0.8,0.65,114400,0.75,62400,0,1643200
BHEL30JAN2040PE.NFO,07/01/2020,14:11:30,0.8,0.65,104000,0.75,62400,0,1643200
BHEL30JAN2040PE.NFO,07/01/2020,14:13:23,0.8,0.65,124800,0.75,62400,0,1643200
BHEL30JAN2040PE.NFO,07/01/2020,14:13:55,0.8,0.65,114400,0.75,62400,0,1643200
BHEL30JAN2040PE.NFO,07/01/2020,14:14:00,0.8,0.65,104000,0.75,62400,0,1643200
BHEL30JAN2040PE.NFO,07/01/2020,14:14:24,0.8,0.65,93600,0.75,62400,0,1643200
BHEL30JAN2040PE.NFO,07/01/2020,14:15:23,0.8,0.65,104000,0.75,62400,0,1643200
BHEL30JAN2040PE.NFO,07/01/2020,14:15:29,0.8,0.65,114400,0.75,62400,0,1643200
BHEL30JAN2040PE.NFO,07/01/2020,14:17:28,0.8,0.65,124800,0.75,62400,0,1643200
BHEL30JAN2040PE.NFO,07/01/2020,14:18:31,0.8,0.65,114400,0.75,62400,0,1643200
BHEL30JAN2040PE.NFO,07/01/2020,14:18:53,0.8,0.65,124800,0.75,62400,0,1643200
BHEL30JAN2040PE.NFO,07/01/2020,14:19:14,0.8,0.65,114400,0.75,62400,0,1643200
BHEL30JAN2040PE.NFO,07/01/2020,14:20:53,0.8,0.65,124800,0.75,62400,0,1643200
BHEL30JAN2040PE.NFO,07/01/2020,14:23:17,0.8,0.65,93600,0.75,62400,0,1643200
BHEL30JAN2040PE.NFO,07/01/2020,14:23:36,0.8,0.65,124800,0.75,62400,0,1643200
BHEL30JAN2040PE.NFO,07/01/2020,14:23:47,0.8,0.65,104000,0.75,62400,0,1643200
BHEL30JAN2040PE.NFO,07/01/2020,14:23:50,0.8,0.65,83200,0.75,62400,0,1643200
BHEL30JAN2040PE.NFO,07/01/2020,14:24:07,0.8,0.65,93600,0.75,62400,0,1643200
BHEL30JAN2040PE.NFO,07/01/2020,14:24:15,0.8,0.65,124800,0.75,62400,0,1643200
BHEL30JAN2040PE.NFO,07/01/2020,14:24:22,0.8,0.65,124800,0.75,114400,0,1643200
BHEL30JAN2040PE.NFO,07/01/2020,14:26:17,0.8,0.65,114400,0.75,114400,0,1643200
BHEL30JAN2040PE.NFO,07/01/2020,14:27:19,0.8,0.65,124800,0.75,62400,0,1643200
BHEL30JAN2040PE.NFO,07/01/2020,14:27:24,0.8,0.65,114400,0.75,114400,0,1643200
BHEL30JAN2040PE.NFO,07/01/2020,14:27:53,0.8,0.65,114400,0.75,62400,0,1643200
BHEL30JAN2040PE.NFO,07/01/2020,14:28:17,0.8,0.65,104000,0.75,114400,0,1643200
BHEL30JAN2040PE.NFO,07/01/2020,14:28:21,0.8,0.65,114400,0.75,62400,0,1643200
BHEL30JAN2040PE.NFO,07/01/2020,14:30:26,0.8,0.65,93600,0.75,62400,0,1643200
BHEL30JAN2040PE.NFO,07/01/2020,14:30:35,0.8,0.65,114400,0.75,114400,0,1643200
BHEL30JAN2040PE.NFO,07/01/2020,14:30:52,0.8,0.65,72800,0.75,114400,0,1643200
BHEL30JAN2040PE.NFO,07/01/2020,14:31:00,0.8,0.65,83200,0.75,114400,0,1643200
BHEL30JAN2040PE.NFO,07/01/2020,14:31:07,0.8,0.6,135200,0.75,114400,0,1643200
BHEL30JAN2040PE.NFO,07/01/2020,14:31:54,0.8,0.65,52000,0.75,114400,0,1643200
BHEL30JAN2040PE.NFO,07/01/2020,14:32:18,0.8,0.6,135200,0.75,114400,0,1643200
BHEL30JAN2040PE.NFO,07/01/2020,14:32:23,0.8,0.65,52000,0.75,114400,0,1643200
BHEL30JAN2040PE.NFO,07/01/2020,14:33:15,0.8,0.6,124800,0.7,62400,0,1643200
BHEL30JAN2040PE.NFO,07/01/2020,14:33:56,0.8,0.6,135200,0.7,62400,0,1643200
BHEL30JAN2040PE.NFO,07/01/2020,14:34:43,0.8,0.6,135200,0.7,20800,0,1643200
BHEL30JAN2040PE.NFO,07/01/2020,14:34:53,0.8,0.6,83200,0.7,20800,0,1643200
BHEL30JAN2040PE.NFO,07/01/2020,14:34:58,0.8,0.6,135200,0.7,20800,0,1643200
BHEL30JAN2040PE.NFO,07/01/2020,14:35:34,0.8,0.6,124800,0.7,20800,0,1643200
BHEL30JAN2040PE.NFO,07/01/2020,14:35:40,0.8,0.6,135200,0.7,20800,0,1643200
BHEL30JAN2040PE.NFO,07/01/2020,14:38:00,0.8,0.6,124800,0.7,20800,0,1643200
BHEL30JAN2040PE.NFO,07/01/2020,14:38:21,0.8,0.6,135200,0.7,20800,0,1643200
BHEL30JAN2040PE.NFO,07/01/2020,14:38:27,0.8,0.6,124800,0.7,20800,0,1643200
BHEL30JAN2040PE.NFO,07/01/2020,14:38:43,0.8,0.6,124800,0.7,72800,0,1643200
BHEL30JAN2040PE.NFO,07/01/2020,14:39:12,0.8,0.6,124800,0.65,72800,0,1643200
BHEL30JAN2040PE.NFO,07/01/2020,14:39:37,0.8,0.6,114400,0.65,72800,0,1643200
BHEL30JAN2040PE.NFO,07/01/2020,14:39:45,0.8,0.6,104000,0.65,72800,0,1643200
BHEL30JAN2040PE.NFO,07/01/2020,14:39:50,0.8,0.6,93600,0.65,72800,0,1643200
BHEL30JAN2040PE.NFO,07/01/2020,14:39:55,0.8,0.6,104000,0.65,72800,0,1643200
BHEL30JAN2040PE.NFO,07/01/2020,14:40:05,0.8,0.6,93600,0.65,72800,0,1643200
BHEL30JAN2040PE.NFO,07/01/2020,14:41:04,0.8,0.6,93600,0.65,20800,0,1643200
BHEL30JAN2040PE.NFO,07/01/2020,14:42:10,0.8,0.6,83200,0.65,20800,0,1643200
BHEL30JAN2040PE.NFO,07/01/2020,14:42:40,0.65,0.6,83200,0.65,10400,10400,1653600
BHEL30JAN2040PE.NFO,07/01/2020,14:42:46,0.65,0.6,83200,0.65,10400,0,1653600
BHEL30JAN2040PE.NFO,07/01/2020,14:42:55,0.65,0.6,104000,0.65,10400,0,1653600
BHEL30JAN2040PE.NFO,07/01/2020,14:43:49,0.65,0.6,93600,0.65,10400,0,1653600
BHEL30JAN2040PE.NFO,07/01/2020,14:44:04,0.65,0.6,104000,0.65,10400,0,1653600
BHEL30JAN2040PE.NFO,07/01/2020,14:45:14,0.65,0.6,93600,0.7,20800,10400,1653600
BHEL30JAN2040PE.NFO,07/01/2020,14:45:22,0.65,0.65,41600,0.7,20800,0,1653600
BHEL30JAN2040PE.NFO,07/01/2020,14:45:35,0.65,0.65,52000,0.7,20800,0,1653600
BHEL30JAN2040PE.NFO,07/01/2020,14:45:56,0.65,0.65,52000,0.7,62400,0,1653600
BHEL30JAN2040PE.NFO,07/01/2020,14:47:31,0.65,0.6,104000,0.7,62400,0,1653600
BHEL30JAN2040PE.NFO,07/01/2020,14:49:08,0.65,0.65,52000,0.7,62400,0,1653600
BHEL30JAN2040PE.NFO,07/01/2020,14:49:57,0.65,0.6,114400,0.7,62400,0,1653600
BHEL30JAN2040PE.NFO,07/01/2020,14:53:01,0.65,0.6,104000,0.7,62400,0,1653600
BHEL30JAN2040PE.NFO,07/01/2020,14:53:07,0.65,0.6,114400,0.7,62400,0,1653600
BHEL30JAN2040PE.NFO,07/01/2020,14:53:12,0.65,0.6,104000,0.7,62400,0,1653600
BHEL30JAN2040PE.NFO,07/01/2020,14:53:17,0.65,0.6,114400,0.7,62400,0,1653600
BHEL30JAN2040PE.NFO,07/01/2020,14:53:42,0.65,0.6,83200,0.7,114400,0,1653600
BHEL30JAN2040PE.NFO,07/01/2020,14:53:47,0.65,0.6,93600,0.7,114400,0,1653600
BHEL30JAN2040PE.NFO,07/01/2020,14:53:54,0.65,0.6,114400,0.7,114400,0,1653600
BHEL30JAN2040PE.NFO,07/01/2020,14:54:01,0.65,0.6,93600,0.7,114400,0,1653600
BHEL30JAN2040PE.NFO,07/01/2020,14:54:30,0.65,0.6,104000,0.7,114400,0,1653600
BHEL30JAN2040PE.NFO,07/01/2020,14:55:22,0.65,0.6,93600,0.7,114400,0,1653600
BHEL30JAN2040PE.NFO,07/01/2020,14:55:31,0.65,0.6,104000,0.7,114400,0,1653600
BHEL30JAN2040PE.NFO,07/01/2020,14:57:45,0.65,0.6,104000,0.65,31200,0,1653600
BHEL30JAN2040PE.NFO,07/01/2020,14:58:14,0.65,0.6,93600,0.65,31200,0,1653600
BHEL30JAN2040PE.NFO,07/01/2020,14:59:00,0.65,0.6,104000,0.65,31200,0,1653600
BHEL30JAN2040PE.NFO,07/01/2020,14:59:04,0.65,0.6,124800,0.65,31200,0,1653600
BHEL30JAN2040PE.NFO,07/01/2020,14:59:22,0.65,0.6,104000,0.65,31200,0,1653600
BHEL30JAN2040PE.NFO,07/01/2020,14:59:33,0.65,0.6,104000,0.65,10400,20800,1674400
BHEL30JAN2040PE.NFO,07/01/2020,15:00:01,0.65,0.6,104000,0.65,10400,0,1674400
BHEL30JAN2040PE.NFO,07/01/2020,15:01:29,0.65,0.6,104000,0.65,31200,0,1674400
BHEL30JAN2040PE.NFO,07/01/2020,15:02:48,0.65,0.6,93600,0.65,31200,0,1674400
BHEL30JAN2040PE.NFO,07/01/2020,15:03:55,0.65,0.6,104000,0.65,31200,0,1674400
BHEL30JAN2040PE.NFO,07/01/2020,15:04:07,0.65,0.6,93600,0.65,31200,0,1674400
BHEL30JAN2040PE.NFO,07/01/2020,15:04:42,0.65,0.6,83200,0.65,31200,0,1674400
BHEL30JAN2040PE.NFO,07/01/2020,15:04:54,0.65,0.6,93600,0.65,31200,0,1674400
BHEL30JAN2040PE.NFO,07/01/2020,15:04:58,0.65,0.6,104000,0.65,31200,0,1674400
BHEL30JAN2040PE.NFO,07/01/2020,15:05:28,0.65,0.65,31200,0.7,62400,20800,1695200
BHEL30JAN2040PE.NFO,07/01/2020,15:05:31,0.65,0.65,31200,0.7,62400,0,1695200
BHEL30JAN2040PE.NFO,07/01/2020,15:05:38,0.65,0.6,62400,0.65,10400,31200,1695200
BHEL30JAN2040PE.NFO,07/01/2020,15:05:42,0.65,0.6,72800,0.65,10400,0,1695200
BHEL30JAN2040PE.NFO,07/01/2020,15:05:50,0.65,0.6,72800,0.7,62400,10400,1695200
BHEL30JAN2040PE.NFO,07/01/2020,15:06:17,0.65,0.6,72800,0.7,62400,0,1695200
BHEL30JAN2040PE.NFO,07/01/2020,15:06:30,0.65,0.6,83200,0.7,62400,0,1695200
BHEL30JAN2040PE.NFO,07/01/2020,15:08:27,0.65,0.6,93600,0.7,62400,0,1695200
BHEL30JAN2040PE.NFO,07/01/2020,15:08:47,0.65,0.6,104000,0.7,62400,0,1695200
BHEL30JAN2040PE.NFO,07/01/2020,15:08:54,0.65,0.6,93600,0.7,62400,0,1695200
BHEL30JAN2040PE.NFO,07/01/2020,15:17:04,0.65,0.6,93600,0.65,31200,0,1695200
BHEL30JAN2040PE.NFO,07/01/2020,15:17:09,0.65,0.6,93600,0.65,20800,0,1695200
BHEL30JAN2040PE.NFO,07/01/2020,15:17:42,0.65,0.6,62400,0.65,20800,0,1695200
BHEL30JAN2040PE.NFO,07/01/2020,15:18:03,0.65,0.6,31200,0.65,20800,0,1695200
BHEL30JAN2040PE.NFO,07/01/2020,15:19:11,0.65,0.6,31200,0.65,72800,0,1695200
BHEL30JAN2040PE.NFO,07/01/2020,15:19:17,0.65,0.6,52000,0.65,72800,0,1695200
BHEL30JAN2040PE.NFO,07/01/2020,15:19:36,0.65,0.6,52000,0.65,104000,0,1695200
BHEL30JAN2040PE.NFO,07/01/2020,15:20:01,0.65,0.6,31200,0.65,104000,0,1695200
BHEL30JAN2040PE.NFO,07/01/2020,15:20:14,0.65,0.6,41600,0.65,104000,0,1695200
BHEL30JAN2040PE.NFO,07/01/2020,15:20:22,0.65,0.6,52000,0.65,104000,0,1695200
BHEL30JAN2040PE.NFO,07/01/2020,15:20:35,0.65,0.6,72800,0.65,104000,0,1695200
BHEL30JAN2040PE.NFO,07/01/2020,15:20:41,0.65,0.6,62400,0.65,104000,0,1695200
BHEL30JAN2040PE.NFO,07/01/2020,15:21:16,0.65,0.6,52000,0.65,104000,0,1695200
BHEL30JAN2040PE.NFO,07/01/2020,15:21:34,0.65,0.6,41600,0.65,104000,0,1695200
BHEL30JAN2040PE.NFO,07/01/2020,15:22:34,0.65,0.6,62400,0.65,104000,0,1695200
BHEL30JAN2040PE.NFO,07/01/2020,15:25:33,0.65,0.6,41600,0.65,104000,0,1695200
BHEL30JAN2040PE.NFO,07/01/2020,15:25:48,0.65,0.6,72800,0.65,104000,0,1695200
BHEL30JAN2040PE.NFO,07/01/2020,15:25:54,0.65,0.6,41600,0.65,104000,0,1695200
BHEL30JAN2040PE.NFO,07/01/2020,15:26:09,0.65,0.6,52000,0.65,104000,0,1695200
BHEL30JAN2040PE.NFO,07/01/2020,15:26:28,0.65,0.6,62400,0.65,104000,0,1695200
BHEL30JAN2040PE.NFO,07/01/2020,15:27:43,0.65,0.6,52000,0.65,104000,0,1695200
BHEL30JAN2040PE.NFO,07/01/2020,15:27:56,0.65,0.6,41600,0.65,104000,0,1695200
BHEL30JAN2040PE.NFO,07/01/2020,15:28:42,0.65,0.6,31200,0.65,83200,0,1695200
BHEL30JAN2040PE.NFO,07/01/2020,15:29:14,0.65,0.6,20800,0.65,83200,0,1695200
BHEL30JAN2040PE.NFO,07/01/2020,15:29:34,0.65,0.6,20800,0.65,31200,0,1695200
BHEL30JAN2040PE.NFO,07/01/2020,15:29:50,0.65,0.6,31200,0.65,31200,0,1695200
