Ticker,Date,Time,LTP,BuyPrice,BuyQty,SellPrice,SellQty,LTQ,OpenInterest
BHEL30JAN2045PE.NFO,07/01/2020,09:15:08,3,0,0,3,52000,10400,1112800
BHEL30JAN2045PE.NFO,07/01/2020,09:15:08,3,0,0,3,52000,0,1112800
BHEL30JAN2045PE.NFO,07/01/2020,09:15:08,3,0,0,3,52000,0,1112800
BHEL30JAN2045PE.NFO,07/01/2020,09:15:08,3,0,0,3,52000,0,1112800
BHEL30JAN2045PE.NFO,07/01/2020,09:15:18,3,1.15,104000,3,52000,10400,1112800
BHEL30JAN2045PE.NFO,07/01/2020,09:15:30,3,2.65,31200,2.95,10400,0,1112800
BHEL30JAN2045PE.NFO,07/01/2020,09:15:42,3,2.6,62400,2.9,20800,0,1112800
BHEL30JAN2045PE.NFO,07/01/2020,09:15:54,3,2.6,72800,2.95,20800,0,1112800
BHEL30JAN2045PE.NFO,07/01/2020,09:16:06,3,2.7,93600,3,62400,0,1112800
BHEL30JAN2045PE.NFO,07/01/2020,09:16:16,3,2.7,83200,3,62400,0,1112800
BHEL30JAN2045PE.NFO,07/01/2020,09:16:35,3,2.65,31200,2.95,20800,0,1112800
BHEL30JAN2045PE.NFO,07/01/2020,09:16:44,3,2.65,52000,2.95,10400,0,1112800
BHEL30JAN2045PE.NFO,07/01/2020,09:16:53,3,2.65,62400,2.95,20800,0,1112800
BHEL30JAN2045PE.NFO,07/01/2020,09:17:01,2.9,2.7,31200,2.95,20800,10400,1112800
BHEL30JAN2045PE.NFO,07/01/2020,09:17:01,2.9,2.7,31200,2.95,20800,0,1112800
BHEL30JAN2045PE.NFO,07/01/2020,09:17:09,2.9,2.65,72800,2.95,20800,0,1112800
BHEL30JAN2045PE.NFO,07/01/2020,09:17:18,2.9,2.65,72800,2.95,10400,0,1112800
BHEL30JAN2045PE.NFO,07/01/2020,09:17:27,2.9,2.65,72800,2.95,20800,0,1112800
BHEL30JAN2045PE.NFO,07/01/2020,09:17:35,2.9,2.65,83200,2.9,10400,0,1112800
BHEL30JAN2045PE.NFO,07/01/2020,09:17:45,2.9,2.7,52000,2.9,10400,0,1112800
BHEL30JAN2045PE.NFO,07/01/2020,09:17:53,2.9,2.7,52000,2.95,10400,0,1112800
BHEL30JAN2045PE.NFO,07/01/2020,09:18:01,2.9,2.65,72800,2.95,31200,0,1112800
BHEL30JAN2045PE.NFO,07/01/2020,09:18:09,2.9,2.65,52000,2.9,10400,0,1112800
BHEL30JAN2045PE.NFO,07/01/2020,09:18:16,2.9,2.65,72800,2.9,10400,0,1112800
BHEL30JAN2045PE.NFO,07/01/2020,09:18:25,2.9,2.65,93600,2.9,20800,0,1112800
BHEL30JAN2045PE.NFO,07/01/2020,09:18:32,2.9,2.6,72800,2.9,20800,0,1112800
BHEL30JAN2045PE.NFO,07/01/2020,09:18:40,2.9,2.6,156000,2.9,20800,0,1112800
BHEL30JAN2045PE.NFO,07/01/2020,09:18:48,2.9,2.65,62400,2.9,20800,0,1112800
BHEL30JAN2045PE.NFO,07/01/2020,09:18:55,2.9,2.65,52000,2.9,10400,0,1112800
BHEL30JAN2045PE.NFO,07/01/2020,09:19:02,2.9,2.65,41600,2.9,10400,0,1112800
BHEL30JAN2045PE.NFO,07/01/2020,09:19:10,2.9,2.65,62400,2.9,10400,0,1112800
BHEL30JAN2045PE.NFO,07/01/2020,09:19:18,2.9,2.65,31200,2.85,10400,0,1112800
BHEL30JAN2045PE.NFO,07/01/2020,09:19:26,2.9,2.6,52000,2.85,41600,0,1112800
BHEL30JAN2045PE.NFO,07/01/2020,09:19:34,2.9,2.6,52000,2.85,20800,0,1112800
BHEL30JAN2045PE.NFO,07/01/2020,09:19:57,2.9,2.6,52000,2.85,31200,0,1112800
BHEL30JAN2045PE.NFO,07/01/2020,09:20:05,2.9,2.6,52000,2.85,20800,0,1112800
BHEL30JAN2045PE.NFO,07/01/2020,09:20:13,2.9,2.6,20800,2.8,10400,0,1112800
BHEL30JAN2045PE.NFO,07/01/2020,09:20:21,2.9,2.55,31200,2.8,10400,0,1112800
BHEL30JAN2045PE.NFO,07/01/2020,09:20:28,2.9,2.6,20800,2.8,10400,0,1112800
BHEL30JAN2045PE.NFO,07/01/2020,09:20:36,2.9,2.6,41600,2.8,10400,0,1112800
BHEL30JAN2045PE.NFO,07/01/2020,09:20:51,2.9,2.6,31200,2.8,10400,0,1112800
BHEL30JAN2045PE.NFO,07/01/2020,09:20:59,2.9,2.55,10400,2.8,31200,0,1112800
BHEL30JAN2045PE.NFO,07/01/2020,09:21:07,2.9,2.5,20800,2.75,41600,0,1112800
BHEL30JAN2045PE.NFO,07/01/2020,09:21:14,2.9,2.55,10400,2.75,10400,0,1112800
BHEL30JAN2045PE.NFO,07/01/2020,09:21:30,2.9,2.55,41600,2.75,10400,0,1112800
BHEL30JAN2045PE.NFO,07/01/2020,09:21:36,2.9,2.55,62400,2.75,10400,0,1112800
BHEL30JAN2045PE.NFO,07/01/2020,09:21:43,2.9,2.55,41600,2.75,10400,0,1112800
BHEL30JAN2045PE.NFO,07/01/2020,09:22:04,2.9,2.5,52000,2.75,41600,0,1112800
BHEL30JAN2045PE.NFO,07/01/2020,09:22:12,2.9,2.45,10400,2.7,10400,0,1112800
BHEL30JAN2045PE.NFO,07/01/2020,09:22:20,2.9,2.5,10400,2.7,10400,0,1112800
BHEL30JAN2045PE.NFO,07/01/2020,09:22:27,2.9,2.5,20800,2.7,10400,0,1112800
BHEL30JAN2045PE.NFO,07/01/2020,09:22:33,2.9,2.5,20800,2.75,10400,0,1112800
BHEL30JAN2045PE.NFO,07/01/2020,09:22:41,2.9,2.5,20800,2.7,10400,0,1112800
BHEL30JAN2045PE.NFO,07/01/2020,09:22:53,2.9,2.5,20800,2.7,20800,0,1112800
BHEL30JAN2045PE.NFO,07/01/2020,09:23:06,2.9,2.5,10400,2.65,10400,0,1112800
BHEL30JAN2045PE.NFO,07/01/2020,09:23:13,2.9,2.45,20800,2.65,10400,0,1112800
BHEL30JAN2045PE.NFO,07/01/2020,09:23:19,2.9,2.45,41600,2.7,10400,0,1112800
BHEL30JAN2045PE.NFO,07/01/2020,09:23:26,2.9,2.45,41600,2.7,20800,0,1112800
BHEL30JAN2045PE.NFO,07/01/2020,09:23:52,2.9,2.45,41600,2.7,10400,0,1112800
BHEL30JAN2045PE.NFO,07/01/2020,09:23:59,2.9,2.45,62400,2.7,20800,0,1112800
BHEL30JAN2045PE.NFO,07/01/2020,09:24:13,2.9,2.45,62400,2.65,10400,0,1112800
BHEL30JAN2045PE.NFO,07/01/2020,09:24:21,2.9,2.45,83200,2.65,10400,0,1112800
BHEL30JAN2045PE.NFO,07/01/2020,09:24:54,2.9,2.5,10400,2.7,31200,0,1112800
BHEL30JAN2045PE.NFO,07/01/2020,09:25:00,2.9,2.5,10400,2.7,10400,0,1112800
BHEL30JAN2045PE.NFO,07/01/2020,09:25:07,2.9,2.5,10400,2.7,31200,0,1112800
BHEL30JAN2045PE.NFO,07/01/2020,09:25:14,2.9,2.4,20800,2.6,20800,0,1112800
BHEL30JAN2045PE.NFO,07/01/2020,09:25:21,2.9,2.4,20800,2.6,10400,0,1112800
BHEL30JAN2045PE.NFO,07/01/2020,09:25:43,2.9,2.3,31200,2.5,20800,0,1112800
BHEL30JAN2045PE.NFO,07/01/2020,09:25:55,2.9,2.3,31200,2.5,10400,0,1112800
BHEL30JAN2045PE.NFO,07/01/2020,09:26:06,2.9,2.35,41600,2.55,41600,0,1112800
BHEL30JAN2045PE.NFO,07/01/2020,09:26:14,2.9,2.35,20800,2.55,41600,0,1112800
BHEL30JAN2045PE.NFO,07/01/2020,09:26:20,2.9,2.35,20800,2.55,10400,0,1112800
BHEL30JAN2045PE.NFO,07/01/2020,09:26:25,2.9,2.35,20800,2.55,41600,0,1112800
BHEL30JAN2045PE.NFO,07/01/2020,09:26:38,2.9,2.35,20800,2.55,20800,0,1112800
BHEL30JAN2045PE.NFO,07/01/2020,09:26:44,2.9,2.35,20800,2.55,41600,0,1112800
BHEL30JAN2045PE.NFO,07/01/2020,09:26:50,2.9,2.35,20800,2.55,52000,0,1112800
BHEL30JAN2045PE.NFO,07/01/2020,09:26:55,2.9,2.35,20800,2.55,31200,0,1112800
BHEL30JAN2045PE.NFO,07/01/2020,09:27:00,2.9,2.35,20800,2.55,10400,0,1112800
BHEL30JAN2045PE.NFO,07/01/2020,09:27:10,2.9,2.4,20800,2.55,20800,0,1112800
BHEL30JAN2045PE.NFO,07/01/2020,09:27:16,2.9,2.4,31200,2.6,31200,0,1112800
BHEL30JAN2045PE.NFO,07/01/2020,09:27:29,2.9,2.4,31200,2.6,41600,0,1112800
BHEL30JAN2045PE.NFO,07/01/2020,09:27:35,2.9,2.4,20800,2.55,20800,0,1112800
BHEL30JAN2045PE.NFO,07/01/2020,09:27:51,2.9,2.4,31200,2.55,41600,0,1112800
BHEL30JAN2045PE.NFO,07/01/2020,09:28:06,2.9,2.4,20800,2.6,52000,0,1112800
BHEL30JAN2045PE.NFO,07/01/2020,09:28:19,2.9,2.4,10400,2.55,41600,0,1112800
BHEL30JAN2045PE.NFO,07/01/2020,09:28:36,2.9,2.4,10400,2.55,10400,0,1112800
BHEL30JAN2045PE.NFO,07/01/2020,09:28:41,2.9,2.35,20800,2.55,41600,0,1112800
BHEL30JAN2045PE.NFO,07/01/2020,09:28:47,2.9,2.35,20800,2.5,10400,0,1112800
BHEL30JAN2045PE.NFO,07/01/2020,09:28:53,2.9,2.35,20800,2.55,41600,0,1112800
BHEL30JAN2045PE.NFO,07/01/2020,09:28:59,2.9,2.4,10400,2.55,10400,0,1112800
BHEL30JAN2045PE.NFO,07/01/2020,09:29:41,2.9,2.35,20800,2.55,62400,0,1112800
BHEL30JAN2045PE.NFO,07/01/2020,09:29:59,2.9,2.35,20800,2.55,52000,0,1112800
BHEL30JAN2045PE.NFO,07/01/2020,09:30:06,2.9,2.35,20800,2.55,62400,0,1112800
BHEL30JAN2045PE.NFO,07/01/2020,09:30:26,2.9,2.35,20800,2.55,72800,0,1112800
BHEL30JAN2045PE.NFO,07/01/2020,09:30:37,2.9,2.35,20800,2.55,62400,0,1112800
BHEL30JAN2045PE.NFO,07/01/2020,09:30:47,2.9,2.35,20800,2.5,10400,0,1112800
BHEL30JAN2045PE.NFO,07/01/2020,09:30:52,2.9,2.4,10400,2.55,20800,0,1112800
BHEL30JAN2045PE.NFO,07/01/2020,09:31:03,2.9,2.35,20800,2.5,10400,0,1112800
BHEL30JAN2045PE.NFO,07/01/2020,09:31:16,2.9,2.35,20800,2.5,52000,0,1112800
BHEL30JAN2045PE.NFO,07/01/2020,09:31:22,2.9,2.35,20800,2.5,62400,0,1112800
BHEL30JAN2045PE.NFO,07/01/2020,09:31:33,2.9,2.35,20800,2.5,41600,0,1112800
BHEL30JAN2045PE.NFO,07/01/2020,09:33:55,2.5,2.35,20800,2.5,31200,10400,1102400
BHEL30JAN2045PE.NFO,07/01/2020,09:33:55,2.5,2.35,20800,2.5,31200,0,1102400
BHEL30JAN2045PE.NFO,07/01/2020,09:34:00,2.5,2.35,41600,2.5,20800,10400,1102400
BHEL30JAN2045PE.NFO,07/01/2020,09:34:05,2.5,2.35,41600,2.5,20800,0,1102400
BHEL30JAN2045PE.NFO,07/01/2020,09:34:30,2.5,2.35,104000,2.5,20800,0,1102400
BHEL30JAN2045PE.NFO,07/01/2020,09:34:36,2.5,2.4,10400,2.5,20800,0,1102400
BHEL30JAN2045PE.NFO,07/01/2020,09:35:25,2.5,2.4,31200,2.55,10400,20800,1102400
BHEL30JAN2045PE.NFO,07/01/2020,09:35:31,2.5,2.4,31200,2.55,10400,0,1102400
BHEL30JAN2045PE.NFO,07/01/2020,09:35:37,2.5,2.45,10400,2.6,10400,0,1102400
BHEL30JAN2045PE.NFO,07/01/2020,09:37:16,2.5,2.5,10400,2.6,10400,0,1102400
BHEL30JAN2045PE.NFO,07/01/2020,09:38:29,2.6,2.5,10400,2.7,41600,10400,1102400
BHEL30JAN2045PE.NFO,07/01/2020,09:38:33,2.6,2.5,10400,2.7,20800,0,1102400
BHEL30JAN2045PE.NFO,07/01/2020,09:38:38,2.6,2.5,10400,2.7,10400,0,1102400
BHEL30JAN2045PE.NFO,07/01/2020,09:39:21,2.6,2.5,10400,2.7,41600,0,1102400
BHEL30JAN2045PE.NFO,07/01/2020,09:39:27,2.6,2.5,10400,2.7,10400,0,1102400
BHEL30JAN2045PE.NFO,07/01/2020,09:39:32,2.6,2.5,10400,2.7,31200,0,1102400
BHEL30JAN2045PE.NFO,07/01/2020,09:39:37,2.6,2.5,10400,2.7,10400,0,1102400
BHEL30JAN2045PE.NFO,07/01/2020,09:39:47,2.6,2.5,10400,2.7,31200,0,1102400
BHEL30JAN2045PE.NFO,07/01/2020,09:40:00,2.6,2.5,10400,2.7,20800,0,1102400
BHEL30JAN2045PE.NFO,07/01/2020,09:40:11,2.6,2.5,10400,2.65,10400,0,1102400
BHEL30JAN2045PE.NFO,07/01/2020,09:40:17,2.6,2.45,62400,2.65,31200,0,1102400
BHEL30JAN2045PE.NFO,07/01/2020,09:40:23,2.6,2.45,52000,2.65,20800,0,1102400
BHEL30JAN2045PE.NFO,07/01/2020,09:40:28,2.6,2.45,62400,2.65,62400,0,1102400
BHEL30JAN2045PE.NFO,07/01/2020,09:40:38,2.6,2.45,20800,2.65,72800,0,1102400
BHEL30JAN2045PE.NFO,07/01/2020,09:40:43,2.6,2.45,10400,2.65,72800,0,1102400
BHEL30JAN2045PE.NFO,07/01/2020,09:41:02,2.6,2.45,20800,2.65,72800,0,1102400
BHEL30JAN2045PE.NFO,07/01/2020,09:41:22,2.6,2.5,20800,2.65,10400,0,1102400
BHEL30JAN2045PE.NFO,07/01/2020,09:41:28,2.6,2.5,31200,2.7,20800,0,1102400
BHEL30JAN2045PE.NFO,07/01/2020,09:41:42,2.6,2.5,31200,2.7,41600,0,1102400
BHEL30JAN2045PE.NFO,07/01/2020,09:42:10,2.6,2.5,31200,2.7,20800,0,1102400
BHEL30JAN2045PE.NFO,07/01/2020,09:43:02,2.6,2.5,31200,2.7,10400,0,1102400
BHEL30JAN2045PE.NFO,07/01/2020,09:44:05,2.6,2.5,31200,2.7,20800,0,1102400
BHEL30JAN2045PE.NFO,07/01/2020,09:44:10,2.6,2.5,31200,2.7,31200,0,1102400
BHEL30JAN2045PE.NFO,07/01/2020,09:44:21,2.6,2.5,10400,2.7,31200,0,1102400
BHEL30JAN2045PE.NFO,07/01/2020,09:44:26,2.6,2.5,10400,2.7,41600,0,1102400
BHEL30JAN2045PE.NFO,07/01/2020,09:44:32,2.6,2.5,20800,2.7,20800,0,1102400
BHEL30JAN2045PE.NFO,07/01/2020,09:44:43,2.6,2.5,20800,2.7,31200,0,1102400
BHEL30JAN2045PE.NFO,07/01/2020,09:44:53,2.6,2.5,20800,2.75,41600,0,1102400
BHEL30JAN2045PE.NFO,07/01/2020,09:44:59,2.6,2.5,41600,2.75,41600,0,1102400
BHEL30JAN2045PE.NFO,07/01/2020,09:45:10,2.6,2.5,41600,2.7,20800,0,1102400
BHEL30JAN2045PE.NFO,07/01/2020,09:45:17,2.6,2.5,83200,2.7,20800,0,1102400
BHEL30JAN2045PE.NFO,07/01/2020,09:45:28,2.6,2.5,41600,2.7,20800,0,1102400
BHEL30JAN2045PE.NFO,07/01/2020,09:45:38,2.6,2.5,83200,2.7,20800,0,1102400
BHEL30JAN2045PE.NFO,07/01/2020,09:46:06,2.6,2.5,93600,2.7,20800,0,1102400
BHEL30JAN2045PE.NFO,07/01/2020,09:46:10,2.6,2.5,104000,2.7,20800,0,1102400
BHEL30JAN2045PE.NFO,07/01/2020,09:46:30,2.6,2.5,62400,2.7,20800,0,1102400
BHEL30JAN2045PE.NFO,07/01/2020,09:46:41,2.6,2.5,52000,2.7,20800,0,1102400
BHEL30JAN2045PE.NFO,07/01/2020,09:47:26,2.6,2.5,52000,2.7,31200,0,1102400
BHEL30JAN2045PE.NFO,07/01/2020,09:47:49,2.6,2.5,20800,2.7,31200,0,1102400
BHEL30JAN2045PE.NFO,07/01/2020,09:48:03,2.6,2.5,52000,2.7,31200,0,1102400
BHEL30JAN2045PE.NFO,07/01/2020,09:48:36,2.6,2.5,31200,2.7,31200,0,1102400
BHEL30JAN2045PE.NFO,07/01/2020,09:48:41,2.6,2.5,72800,2.7,31200,0,1102400
BHEL30JAN2045PE.NFO,07/01/2020,09:49:33,2.6,2.55,10400,2.75,52000,0,1102400
BHEL30JAN2045PE.NFO,07/01/2020,09:49:57,2.6,2.55,10400,2.75,41600,0,1102400
BHEL30JAN2045PE.NFO,07/01/2020,09:50:15,2.6,2.55,10400,2.75,52000,0,1102400
BHEL30JAN2045PE.NFO,07/01/2020,09:50:23,2.6,2.55,10400,2.75,41600,0,1102400
BHEL30JAN2045PE.NFO,07/01/2020,09:51:14,2.6,2.55,20800,2.75,10400,0,1102400
BHEL30JAN2045PE.NFO,07/01/2020,09:51:44,2.6,2.55,20800,2.75,31200,0,1102400
BHEL30JAN2045PE.NFO,07/01/2020,09:51:55,2.6,2.55,20800,2.75,10400,0,1102400
BHEL30JAN2045PE.NFO,07/01/2020,09:53:05,2.6,2.55,62400,2.75,10400,0,1102400
BHEL30JAN2045PE.NFO,07/01/2020,09:53:11,2.6,2.55,72800,2.8,41600,0,1102400
BHEL30JAN2045PE.NFO,07/01/2020,09:53:51,2.6,2.6,124800,2.85,52000,0,1102400
BHEL30JAN2045PE.NFO,07/01/2020,09:55:05,2.6,2.6,41600,2.85,52000,0,1102400
BHEL30JAN2045PE.NFO,07/01/2020,09:55:10,2.6,2.6,10400,2.85,52000,0,1102400
BHEL30JAN2045PE.NFO,07/01/2020,09:55:14,2.6,2.6,10400,2.8,31200,0,1102400
BHEL30JAN2045PE.NFO,07/01/2020,09:55:19,2.6,2.6,10400,2.8,41600,0,1102400
BHEL30JAN2045PE.NFO,07/01/2020,09:55:32,2.6,2.55,20800,2.8,52000,0,1102400
BHEL30JAN2045PE.NFO,07/01/2020,09:55:36,2.6,2.55,20800,2.75,41600,0,1102400
BHEL30JAN2045PE.NFO,07/01/2020,09:55:41,2.6,2.55,20800,2.8,52000,0,1102400
BHEL30JAN2045PE.NFO,07/01/2020,09:55:46,2.6,2.55,20800,2.75,41600,0,1102400
BHEL30JAN2045PE.NFO,07/01/2020,09:55:50,2.6,2.55,20800,2.8,52000,0,1102400
BHEL30JAN2045PE.NFO,07/01/2020,09:56:04,2.6,2.55,72800,2.8,20800,0,1102400
BHEL30JAN2045PE.NFO,07/01/2020,09:56:09,2.6,2.55,135200,2.8,20800,0,1102400
BHEL30JAN2045PE.NFO,07/01/2020,09:56:14,2.6,2.6,20800,2.8,20800,0,1102400
BHEL30JAN2045PE.NFO,07/01/2020,09:56:24,2.6,2.6,20800,2.8,31200,0,1102400
BHEL30JAN2045PE.NFO,07/01/2020,09:56:33,2.6,2.55,20800,2.8,62400,0,1102400
BHEL30JAN2045PE.NFO,07/01/2020,09:56:41,2.6,2.55,31200,2.8,62400,0,1102400
BHEL30JAN2045PE.NFO,07/01/2020,09:56:59,2.6,2.55,31200,2.8,41600,0,1102400
BHEL30JAN2045PE.NFO,07/01/2020,09:57:12,2.6,2.55,72800,2.8,41600,0,1102400
BHEL30JAN2045PE.NFO,07/01/2020,09:57:17,2.6,2.55,20800,2.75,41600,0,1102400
BHEL30JAN2045PE.NFO,07/01/2020,09:57:21,2.6,2.55,20800,2.8,62400,0,1102400
BHEL30JAN2045PE.NFO,07/01/2020,09:57:25,2.6,2.55,20800,2.75,41600,0,1102400
BHEL30JAN2045PE.NFO,07/01/2020,09:57:58,2.6,2.5,72800,2.75,62400,0,1102400
BHEL30JAN2045PE.NFO,07/01/2020,09:58:04,2.6,2.5,31200,2.75,52000,0,1102400
BHEL30JAN2045PE.NFO,07/01/2020,09:58:07,2.6,2.5,72800,2.75,52000,0,1102400
BHEL30JAN2045PE.NFO,07/01/2020,09:58:15,2.6,2.5,20800,2.75,62400,0,1102400
BHEL30JAN2045PE.NFO,07/01/2020,09:58:19,2.6,2.55,10400,2.75,52000,0,1102400
BHEL30JAN2045PE.NFO,07/01/2020,09:59:44,2.6,2.55,10400,2.75,41600,0,1102400
BHEL30JAN2045PE.NFO,07/01/2020,10:00:01,2.6,2.55,10400,2.75,52000,0,1102400
BHEL30JAN2045PE.NFO,07/01/2020,10:00:19,2.6,2.55,20800,2.75,52000,0,1102400
BHEL30JAN2045PE.NFO,07/01/2020,10:00:33,2.6,2.55,20800,2.75,62400,0,1102400
BHEL30JAN2045PE.NFO,07/01/2020,10:00:37,2.6,2.55,20800,2.75,52000,0,1102400
BHEL30JAN2045PE.NFO,07/01/2020,10:01:11,2.6,2.55,20800,2.75,41600,0,1102400
BHEL30JAN2045PE.NFO,07/01/2020,10:01:17,2.6,2.55,20800,2.75,52000,0,1102400
BHEL30JAN2045PE.NFO,07/01/2020,10:01:30,2.6,2.55,20800,2.75,10400,0,1102400
BHEL30JAN2045PE.NFO,07/01/2020,10:01:35,2.6,2.6,10400,2.75,10400,0,1102400
BHEL30JAN2045PE.NFO,07/01/2020,10:01:52,2.6,2.55,10400,2.75,20800,0,1102400
BHEL30JAN2045PE.NFO,07/01/2020,10:01:57,2.6,2.55,10400,2.75,41600,0,1102400
BHEL30JAN2045PE.NFO,07/01/2020,10:02:19,2.6,2.55,10400,2.65,10400,0,1102400
BHEL30JAN2045PE.NFO,07/01/2020,10:02:24,2.6,2.55,10400,2.65,31200,0,1102400
BHEL30JAN2045PE.NFO,07/01/2020,10:02:30,2.6,2.55,10400,2.65,10400,0,1102400
BHEL30JAN2045PE.NFO,07/01/2020,10:02:44,2.6,2.55,10400,2.7,52000,0,1102400
BHEL30JAN2045PE.NFO,07/01/2020,10:03:05,2.6,2.55,10400,2.65,20800,0,1102400
BHEL30JAN2045PE.NFO,07/01/2020,10:03:10,2.6,2.55,10400,2.7,41600,0,1102400
BHEL30JAN2045PE.NFO,07/01/2020,10:03:29,2.6,2.55,10400,2.7,31200,0,1102400
BHEL30JAN2045PE.NFO,07/01/2020,10:04:07,2.6,2.55,10400,2.7,41600,0,1102400
BHEL30JAN2045PE.NFO,07/01/2020,10:04:55,2.6,2.55,10400,2.7,10400,0,1102400
BHEL30JAN2045PE.NFO,07/01/2020,10:05:31,2.6,2.55,10400,2.75,52000,0,1102400
BHEL30JAN2045PE.NFO,07/01/2020,10:05:38,2.6,2.6,20800,2.75,31200,0,1102400
BHEL30JAN2045PE.NFO,07/01/2020,10:06:05,2.6,2.6,20800,2.75,10400,0,1102400
BHEL30JAN2045PE.NFO,07/01/2020,10:06:18,2.6,2.6,20800,2.75,31200,0,1102400
BHEL30JAN2045PE.NFO,07/01/2020,10:07:09,2.6,2.6,20800,2.75,52000,0,1102400
BHEL30JAN2045PE.NFO,07/01/2020,10:07:19,2.6,2.6,20800,2.75,20800,0,1102400
BHEL30JAN2045PE.NFO,07/01/2020,10:07:55,2.6,2.6,20800,2.75,52000,0,1102400
BHEL30JAN2045PE.NFO,07/01/2020,10:08:00,2.6,2.6,20800,2.8,20800,0,1102400
BHEL30JAN2045PE.NFO,07/01/2020,10:08:33,2.6,2.7,20800,2.9,62400,0,1102400
BHEL30JAN2045PE.NFO,07/01/2020,10:08:48,2.6,2.7,20800,2.9,20800,0,1102400
BHEL30JAN2045PE.NFO,07/01/2020,10:08:52,2.6,2.7,20800,2.9,52000,0,1102400
BHEL30JAN2045PE.NFO,07/01/2020,10:08:56,2.6,2.7,20800,2.9,62400,0,1102400
BHEL30JAN2045PE.NFO,07/01/2020,10:09:05,2.6,2.7,20800,2.9,52000,0,1102400
BHEL30JAN2045PE.NFO,07/01/2020,10:09:09,2.6,2.7,20800,2.9,72800,0,1102400
BHEL30JAN2045PE.NFO,07/01/2020,10:09:27,2.6,2.65,20800,2.85,52000,0,1102400
BHEL30JAN2045PE.NFO,07/01/2020,10:09:32,2.6,2.65,20800,2.85,62400,0,1102400
BHEL30JAN2045PE.NFO,07/01/2020,10:09:49,2.6,2.65,20800,2.8,10400,0,1102400
BHEL30JAN2045PE.NFO,07/01/2020,10:10:03,2.6,2.65,20800,2.85,52000,0,1102400
BHEL30JAN2045PE.NFO,07/01/2020,10:14:28,2.6,2.65,20800,2.85,41600,0,1102400
BHEL30JAN2045PE.NFO,07/01/2020,10:14:33,2.6,2.65,20800,2.8,20800,0,1102400
BHEL30JAN2045PE.NFO,07/01/2020,10:15:22,2.6,2.65,20800,2.8,52000,0,1102400
BHEL30JAN2045PE.NFO,07/01/2020,10:15:53,2.6,2.6,10400,2.8,52000,0,1102400
BHEL30JAN2045PE.NFO,07/01/2020,10:17:16,2.6,2.6,10400,2.8,31200,0,1102400
BHEL30JAN2045PE.NFO,07/01/2020,10:17:29,2.6,2.6,10400,2.8,52000,0,1102400
BHEL30JAN2045PE.NFO,07/01/2020,10:18:05,2.6,2.6,10400,2.75,10400,0,1102400
BHEL30JAN2045PE.NFO,07/01/2020,10:18:58,2.6,2.6,10400,2.8,41600,0,1102400
BHEL30JAN2045PE.NFO,07/01/2020,10:19:08,2.6,2.65,10400,2.8,20800,0,1102400
BHEL30JAN2045PE.NFO,07/01/2020,10:19:20,2.6,2.65,10400,2.8,10400,0,1102400
BHEL30JAN2045PE.NFO,07/01/2020,10:20:01,2.6,2.6,10400,2.8,31200,0,1102400
BHEL30JAN2045PE.NFO,07/01/2020,10:20:10,2.6,2.6,10400,2.8,10400,0,1102400
BHEL30JAN2045PE.NFO,07/01/2020,10:20:27,2.6,2.6,10400,2.8,31200,0,1102400
BHEL30JAN2045PE.NFO,07/01/2020,10:21:21,2.6,2.6,10400,2.8,41600,0,1102400
BHEL30JAN2045PE.NFO,07/01/2020,10:21:26,2.6,2.6,10400,2.8,52000,0,1102400
BHEL30JAN2045PE.NFO,07/01/2020,10:22:39,2.6,2.6,10400,2.8,41600,0,1102400
BHEL30JAN2045PE.NFO,07/01/2020,10:22:44,2.6,2.6,10400,2.8,31200,0,1102400
BHEL30JAN2045PE.NFO,07/01/2020,10:24:56,2.6,2.6,10400,2.8,52000,0,1102400
BHEL30JAN2045PE.NFO,07/01/2020,10:25:08,2.6,2.6,10400,2.8,41600,0,1102400
BHEL30JAN2045PE.NFO,07/01/2020,10:25:40,2.6,2.6,10400,2.8,31200,0,1102400
BHEL30JAN2045PE.NFO,07/01/2020,10:26:33,2.6,2.6,10400,2.8,41600,0,1102400
BHEL30JAN2045PE.NFO,07/01/2020,10:27:15,2.6,2.6,20800,2.8,52000,0,1102400
BHEL30JAN2045PE.NFO,07/01/2020,10:27:51,2.6,2.6,20800,2.8,31200,0,1102400
BHEL30JAN2045PE.NFO,07/01/2020,10:28:09,2.6,2.6,41600,2.8,31200,0,1102400
BHEL30JAN2045PE.NFO,07/01/2020,10:28:41,2.6,2.65,10400,2.8,31200,0,1102400
BHEL30JAN2045PE.NFO,07/01/2020,10:29:18,2.6,2.65,10400,2.8,41600,0,1102400
BHEL30JAN2045PE.NFO,07/01/2020,10:29:21,2.6,2.65,10400,2.8,52000,0,1102400
BHEL30JAN2045PE.NFO,07/01/2020,10:29:49,2.6,2.65,10400,2.8,41600,0,1102400
BHEL30JAN2045PE.NFO,07/01/2020,10:29:52,2.6,2.65,10400,2.8,52000,0,1102400
BHEL30JAN2045PE.NFO,07/01/2020,10:30:00,2.6,2.65,10400,2.75,31200,0,1102400
BHEL30JAN2045PE.NFO,07/01/2020,10:30:04,2.6,2.65,10400,2.75,10400,0,1102400
BHEL30JAN2045PE.NFO,07/01/2020,10:30:10,2.6,2.65,10400,2.8,41600,0,1102400
BHEL30JAN2045PE.NFO,07/01/2020,10:30:14,2.6,2.65,10400,2.8,20800,0,1102400
BHEL30JAN2045PE.NFO,07/01/2020,10:30:18,2.6,2.65,10400,2.8,62400,0,1102400
BHEL30JAN2045PE.NFO,07/01/2020,10:30:21,2.6,2.65,10400,2.8,52000,0,1102400
BHEL30JAN2045PE.NFO,07/01/2020,10:30:30,2.6,2.65,10400,2.8,41600,0,1102400
BHEL30JAN2045PE.NFO,07/01/2020,10:30:33,2.6,2.65,10400,2.8,52000,0,1102400
BHEL30JAN2045PE.NFO,07/01/2020,10:30:37,2.6,2.65,10400,2.8,31200,0,1102400
BHEL30JAN2045PE.NFO,07/01/2020,10:30:41,2.6,2.65,10400,2.8,52000,0,1102400
BHEL30JAN2045PE.NFO,07/01/2020,10:30:48,2.6,2.65,10400,2.8,31200,0,1102400
BHEL30JAN2045PE.NFO,07/01/2020,10:32:07,2.6,2.65,10400,2.8,10400,0,1102400
BHEL30JAN2045PE.NFO,07/01/2020,10:32:33,2.6,2.65,10400,2.8,20800,0,1102400
BHEL30JAN2045PE.NFO,07/01/2020,10:32:44,2.6,2.65,10400,2.8,31200,0,1102400
BHEL30JAN2045PE.NFO,07/01/2020,10:33:08,2.6,2.7,20800,2.85,41600,0,1102400
BHEL30JAN2045PE.NFO,07/01/2020,10:33:11,2.6,2.65,10400,2.8,31200,0,1102400
BHEL30JAN2045PE.NFO,07/01/2020,10:35:30,2.6,2.6,20800,2.8,62400,0,1102400
BHEL30JAN2045PE.NFO,07/01/2020,10:35:33,2.6,2.6,20800,2.8,52000,0,1102400
BHEL30JAN2045PE.NFO,07/01/2020,10:36:44,2.6,2.6,20800,2.75,31200,0,1102400
BHEL30JAN2045PE.NFO,07/01/2020,10:36:47,2.6,2.6,20800,2.8,52000,0,1102400
BHEL30JAN2045PE.NFO,07/01/2020,10:38:41,2.6,2.6,20800,2.8,41600,0,1102400
BHEL30JAN2045PE.NFO,07/01/2020,10:38:43,2.6,2.6,20800,2.8,52000,0,1102400
BHEL30JAN2045PE.NFO,07/01/2020,10:38:45,2.6,2.6,20800,2.75,31200,0,1102400
BHEL30JAN2045PE.NFO,07/01/2020,10:38:48,2.6,2.6,20800,2.8,52000,0,1102400
BHEL30JAN2045PE.NFO,07/01/2020,10:41:27,2.6,2.6,20800,2.75,31200,0,1102400
BHEL30JAN2045PE.NFO,07/01/2020,10:42:02,2.6,2.55,10400,2.75,72800,0,1102400
BHEL30JAN2045PE.NFO,07/01/2020,10:42:05,2.6,2.55,10400,2.7,41600,0,1102400
BHEL30JAN2045PE.NFO,07/01/2020,10:42:43,2.6,2.55,10400,2.7,10400,0,1102400
BHEL30JAN2045PE.NFO,07/01/2020,10:42:46,2.6,2.55,10400,2.7,31200,0,1102400
BHEL30JAN2045PE.NFO,07/01/2020,10:45:19,2.6,2.55,10400,2.7,10400,0,1102400
BHEL30JAN2045PE.NFO,07/01/2020,10:45:38,2.6,2.55,10400,2.7,31200,0,1102400
BHEL30JAN2045PE.NFO,07/01/2020,10:46:06,2.6,2.55,10400,2.75,52000,0,1102400
BHEL30JAN2045PE.NFO,07/01/2020,10:46:23,2.6,2.55,10400,2.7,31200,0,1102400
BHEL30JAN2045PE.NFO,07/01/2020,10:46:36,2.6,2.55,10400,2.75,62400,0,1102400
BHEL30JAN2045PE.NFO,07/01/2020,10:48:02,2.6,2.55,10400,2.7,10400,0,1102400
BHEL30JAN2045PE.NFO,07/01/2020,10:49:01,2.6,2.55,10400,2.75,62400,0,1102400
BHEL30JAN2045PE.NFO,07/01/2020,10:49:05,2.6,2.55,10400,2.7,10400,0,1102400
BHEL30JAN2045PE.NFO,07/01/2020,10:49:27,2.6,2.55,10400,2.7,62400,0,1102400
BHEL30JAN2045PE.NFO,07/01/2020,10:49:48,2.6,2.55,10400,2.7,41600,0,1102400
BHEL30JAN2045PE.NFO,07/01/2020,10:49:56,2.6,2.55,10400,2.7,31200,0,1102400
BHEL30JAN2045PE.NFO,07/01/2020,10:50:32,2.6,2.55,10400,2.75,52000,0,1102400
BHEL30JAN2045PE.NFO,07/01/2020,10:52:00,2.6,2.55,10400,2.75,41600,0,1102400
BHEL30JAN2045PE.NFO,07/01/2020,10:52:19,2.6,2.55,10400,2.7,31200,0,1102400
BHEL30JAN2045PE.NFO,07/01/2020,10:52:35,2.6,2.55,10400,2.75,52000,0,1102400
BHEL30JAN2045PE.NFO,07/01/2020,10:53:02,2.6,2.55,10400,2.75,41600,0,1102400
BHEL30JAN2045PE.NFO,07/01/2020,10:53:29,2.6,2.55,10400,2.75,52000,0,1102400
BHEL30JAN2045PE.NFO,07/01/2020,10:53:57,2.6,2.55,20800,2.75,52000,0,1102400
BHEL30JAN2045PE.NFO,07/01/2020,10:55:08,2.6,2.6,20800,2.75,52000,0,1102400
BHEL30JAN2045PE.NFO,07/01/2020,10:56:34,2.6,2.6,20800,2.75,31200,0,1102400
BHEL30JAN2045PE.NFO,07/01/2020,10:56:51,2.6,2.6,20800,2.8,52000,0,1102400
BHEL30JAN2045PE.NFO,07/01/2020,10:57:53,2.6,2.6,31200,2.8,52000,0,1102400
BHEL30JAN2045PE.NFO,07/01/2020,10:58:07,2.6,2.6,52000,2.8,41600,0,1102400
BHEL30JAN2045PE.NFO,07/01/2020,10:58:26,2.6,2.6,52000,2.8,31200,0,1102400
BHEL30JAN2045PE.NFO,07/01/2020,10:58:32,2.6,2.65,20800,2.8,31200,0,1102400
BHEL30JAN2045PE.NFO,07/01/2020,10:59:30,2.6,2.65,20800,2.8,41600,0,1102400
BHEL30JAN2045PE.NFO,07/01/2020,10:59:46,2.6,2.65,20800,2.85,52000,0,1102400
BHEL30JAN2045PE.NFO,07/01/2020,11:00:33,2.6,2.65,41600,2.85,10400,0,1102400
BHEL30JAN2045PE.NFO,07/01/2020,11:00:46,2.6,2.7,10400,2.95,52000,0,1102400
BHEL30JAN2045PE.NFO,07/01/2020,11:00:59,2.6,2.75,10400,2.95,52000,0,1102400
BHEL30JAN2045PE.NFO,07/01/2020,11:01:07,2.6,2.75,10400,2.95,41600,0,1102400
BHEL30JAN2045PE.NFO,07/01/2020,11:01:15,2.6,2.75,10400,2.95,52000,0,1102400
BHEL30JAN2045PE.NFO,07/01/2020,11:01:41,2.6,2.75,10400,2.95,20800,0,1102400
BHEL30JAN2045PE.NFO,07/01/2020,11:02:03,2.6,2.75,10400,2.95,10400,0,1102400
BHEL30JAN2045PE.NFO,07/01/2020,11:03:43,2.6,2.75,10400,3,31200,0,1102400
BHEL30JAN2045PE.NFO,07/01/2020,11:03:50,2.6,2.8,10400,3,20800,0,1102400
BHEL30JAN2045PE.NFO,07/01/2020,11:05:11,2.6,2.8,10400,3,41600,0,1102400
BHEL30JAN2045PE.NFO,07/01/2020,11:05:38,2.6,2.75,20800,3,41600,0,1102400
BHEL30JAN2045PE.NFO,07/01/2020,11:05:54,2.6,2.75,20800,2.95,10400,0,1102400
BHEL30JAN2045PE.NFO,07/01/2020,11:06:13,2.6,2.75,20800,2.95,20800,0,1102400
BHEL30JAN2045PE.NFO,07/01/2020,11:06:19,2.6,2.75,20800,2.95,31200,0,1102400
BHEL30JAN2045PE.NFO,07/01/2020,11:06:51,2.6,2.75,20800,2.95,52000,0,1102400
BHEL30JAN2045PE.NFO,07/01/2020,11:07:22,2.6,2.75,20800,2.95,62400,0,1102400
BHEL30JAN2045PE.NFO,07/01/2020,11:08:04,2.6,2.75,20800,2.95,41600,0,1102400
BHEL30JAN2045PE.NFO,07/01/2020,11:09:02,2.6,2.75,20800,2.95,10400,0,1102400
BHEL30JAN2045PE.NFO,07/01/2020,11:09:20,2.6,2.75,20800,3,62400,0,1102400
BHEL30JAN2045PE.NFO,07/01/2020,11:09:30,2.6,2.75,20800,3,52000,0,1102400
BHEL30JAN2045PE.NFO,07/01/2020,11:10:09,2.6,2.75,41600,3,52000,0,1102400
BHEL30JAN2045PE.NFO,07/01/2020,11:10:31,2.6,2.75,20800,3,52000,0,1102400
BHEL30JAN2045PE.NFO,07/01/2020,11:10:53,2.6,2.75,41600,3,20800,0,1102400
BHEL30JAN2045PE.NFO,07/01/2020,11:11:00,2.6,2.8,41600,3,10400,0,1102400
BHEL30JAN2045PE.NFO,07/01/2020,11:11:12,2.6,2.8,10400,3,10400,0,1102400
BHEL30JAN2045PE.NFO,07/01/2020,11:11:32,2.6,2.8,20800,3,10400,0,1102400
BHEL30JAN2045PE.NFO,07/01/2020,11:15:05,2.6,2.85,10400,3,10400,0,1102400
BHEL30JAN2045PE.NFO,07/01/2020,11:15:17,2.6,2.85,31200,3,10400,0,1102400
BHEL30JAN2045PE.NFO,07/01/2020,11:15:22,2.6,2.85,20800,3,10400,0,1102400
BHEL30JAN2045PE.NFO,07/01/2020,11:16:08,2.6,2.85,20800,3.1,41600,0,1102400
BHEL30JAN2045PE.NFO,07/01/2020,11:16:20,2.6,2.85,20800,3.05,10400,0,1102400
BHEL30JAN2045PE.NFO,07/01/2020,11:16:32,2.6,2.8,20800,3.05,41600,0,1102400
BHEL30JAN2045PE.NFO,07/01/2020,11:17:04,2.6,2.8,41600,3.05,10400,0,1102400
BHEL30JAN2045PE.NFO,07/01/2020,11:17:08,2.6,2.85,10400,3.1,31200,0,1102400
BHEL30JAN2045PE.NFO,07/01/2020,11:17:18,2.6,2.85,20800,3.1,31200,0,1102400
BHEL30JAN2045PE.NFO,07/01/2020,11:17:49,2.6,2.85,20800,3.05,10400,0,1102400
BHEL30JAN2045PE.NFO,07/01/2020,11:17:59,2.6,2.8,10400,3.05,31200,0,1102400
BHEL30JAN2045PE.NFO,07/01/2020,11:18:55,2.6,2.8,10400,3.05,41600,0,1102400
BHEL30JAN2045PE.NFO,07/01/2020,11:19:00,2.6,2.8,10400,3,20800,0,1102400
BHEL30JAN2045PE.NFO,07/01/2020,11:19:18,2.6,2.8,10400,3.05,41600,0,1102400
BHEL30JAN2045PE.NFO,07/01/2020,11:19:27,2.6,2.85,10400,3.05,10400,0,1102400
BHEL30JAN2045PE.NFO,07/01/2020,11:19:35,2.6,2.8,20800,3.05,31200,0,1102400
BHEL30JAN2045PE.NFO,07/01/2020,11:19:41,2.6,2.8,10400,3.05,20800,0,1102400
BHEL30JAN2045PE.NFO,07/01/2020,11:19:58,2.6,2.8,10400,3,10400,0,1102400
BHEL30JAN2045PE.NFO,07/01/2020,11:20:02,2.6,2.8,10400,3.05,20800,0,1102400
BHEL30JAN2045PE.NFO,07/01/2020,11:21:14,2.6,2.8,10400,3,10400,0,1102400
BHEL30JAN2045PE.NFO,07/01/2020,11:21:18,2.6,2.8,10400,3.05,20800,0,1102400
BHEL30JAN2045PE.NFO,07/01/2020,11:22:15,2.6,2.8,31200,3.05,20800,0,1102400
BHEL30JAN2045PE.NFO,07/01/2020,11:22:19,2.6,2.8,20800,3.05,20800,0,1102400
BHEL30JAN2045PE.NFO,07/01/2020,11:23:55,2.6,2.8,20800,3,20800,0,1102400
BHEL30JAN2045PE.NFO,07/01/2020,11:24:00,2.6,2.8,20800,3,10400,0,1102400
BHEL30JAN2045PE.NFO,07/01/2020,11:25:01,2.6,2.8,20800,3,20800,0,1102400
BHEL30JAN2045PE.NFO,07/01/2020,11:25:19,2.6,2.8,20800,3,10400,0,1102400
BHEL30JAN2045PE.NFO,07/01/2020,11:26:41,2.6,2.8,20800,3,20800,0,1102400
BHEL30JAN2045PE.NFO,07/01/2020,11:28:10,2.6,2.8,10400,3,41600,0,1102400
BHEL30JAN2045PE.NFO,07/01/2020,11:28:34,2.6,2.85,10400,3.05,41600,0,1102400
BHEL30JAN2045PE.NFO,07/01/2020,11:28:37,2.6,2.8,10400,3,20800,0,1102400
BHEL30JAN2045PE.NFO,07/01/2020,11:29:55,2.6,2.75,10400,3,41600,0,1102400
BHEL30JAN2045PE.NFO,07/01/2020,11:30:12,2.6,2.75,10400,2.95,31200,0,1102400
BHEL30JAN2045PE.NFO,07/01/2020,11:30:21,2.6,2.75,10400,3,52000,0,1102400
BHEL30JAN2045PE.NFO,07/01/2020,11:31:01,2.6,2.75,10400,3,31200,0,1102400
BHEL30JAN2045PE.NFO,07/01/2020,11:31:07,2.6,2.75,10400,2.95,10400,0,1102400
BHEL30JAN2045PE.NFO,07/01/2020,11:31:17,2.6,2.75,10400,2.95,41600,0,1102400
BHEL30JAN2045PE.NFO,07/01/2020,11:31:39,2.6,2.7,10400,2.95,52000,0,1102400
BHEL30JAN2045PE.NFO,07/01/2020,11:31:42,2.6,2.7,31200,2.9,10400,0,1102400
BHEL30JAN2045PE.NFO,07/01/2020,11:33:36,2.6,2.7,10400,2.9,10400,0,1102400
BHEL30JAN2045PE.NFO,07/01/2020,11:34:12,2.6,2.7,10400,2.9,20800,0,1102400
BHEL30JAN2045PE.NFO,07/01/2020,11:35:47,2.6,2.7,10400,2.9,31200,0,1102400
BHEL30JAN2045PE.NFO,07/01/2020,11:36:16,2.6,2.7,10400,2.9,41600,0,1102400
BHEL30JAN2045PE.NFO,07/01/2020,11:37:28,2.6,2.75,10400,2.95,52000,0,1102400
BHEL30JAN2045PE.NFO,07/01/2020,11:37:38,2.6,2.7,10400,2.9,31200,0,1102400
BHEL30JAN2045PE.NFO,07/01/2020,11:37:44,2.6,2.7,10400,2.9,52000,0,1102400
BHEL30JAN2045PE.NFO,07/01/2020,11:37:53,2.6,2.7,10400,2.9,41600,0,1102400
BHEL30JAN2045PE.NFO,07/01/2020,11:37:57,2.6,2.7,10400,2.9,20800,0,1102400
BHEL30JAN2045PE.NFO,07/01/2020,11:38:04,2.6,2.7,10400,2.9,10400,0,1102400
BHEL30JAN2045PE.NFO,07/01/2020,11:38:08,2.6,2.7,31200,2.9,10400,0,1102400
BHEL30JAN2045PE.NFO,07/01/2020,11:38:20,2.6,2.75,10400,2.95,52000,0,1102400
BHEL30JAN2045PE.NFO,07/01/2020,11:38:24,2.6,2.75,10400,2.9,10400,0,1102400
BHEL30JAN2045PE.NFO,07/01/2020,11:38:38,2.6,2.75,10400,2.95,52000,0,1102400
BHEL30JAN2045PE.NFO,07/01/2020,11:38:53,2.6,2.75,10400,2.9,10400,0,1102400
BHEL30JAN2045PE.NFO,07/01/2020,11:39:05,2.6,2.75,10400,2.95,52000,0,1102400
BHEL30JAN2045PE.NFO,07/01/2020,11:39:37,2.6,2.75,10400,2.95,31200,0,1102400
BHEL30JAN2045PE.NFO,07/01/2020,11:39:45,2.6,2.8,10400,3,52000,0,1102400
BHEL30JAN2045PE.NFO,07/01/2020,11:39:51,2.6,2.8,10400,3,10400,0,1102400
BHEL30JAN2045PE.NFO,07/01/2020,11:39:58,2.6,2.8,20800,3,31200,0,1102400
BHEL30JAN2045PE.NFO,07/01/2020,11:40:04,2.6,2.8,20800,3,52000,0,1102400
BHEL30JAN2045PE.NFO,07/01/2020,11:40:17,2.6,2.8,20800,3,41600,0,1102400
BHEL30JAN2045PE.NFO,07/01/2020,11:40:24,2.6,2.8,10400,3,10400,0,1102400
BHEL30JAN2045PE.NFO,07/01/2020,11:40:29,2.6,2.8,10400,3,31200,0,1102400
BHEL30JAN2045PE.NFO,07/01/2020,11:40:36,2.6,2.8,10400,3,20800,0,1102400
BHEL30JAN2045PE.NFO,07/01/2020,11:40:44,2.6,2.8,10400,3.05,41600,0,1102400
BHEL30JAN2045PE.NFO,07/01/2020,11:40:54,2.6,2.8,10400,3,10400,0,1102400
BHEL30JAN2045PE.NFO,07/01/2020,11:42:05,2.6,2.8,20800,3.05,41600,0,1102400
BHEL30JAN2045PE.NFO,07/01/2020,11:42:17,2.6,2.85,10400,3.05,41600,0,1102400
BHEL30JAN2045PE.NFO,07/01/2020,11:42:19,2.6,2.8,20800,3.05,41600,0,1102400
BHEL30JAN2045PE.NFO,07/01/2020,11:42:22,2.6,2.8,20800,3,10400,0,1102400
BHEL30JAN2045PE.NFO,07/01/2020,11:42:25,2.6,2.8,20800,3.05,41600,0,1102400
BHEL30JAN2045PE.NFO,07/01/2020,11:43:05,2.6,2.8,20800,3,10400,0,1102400
BHEL30JAN2045PE.NFO,07/01/2020,11:44:26,2.6,2.8,10400,3,10400,0,1102400
BHEL30JAN2045PE.NFO,07/01/2020,11:44:32,2.6,2.8,20800,3,10400,0,1102400
BHEL30JAN2045PE.NFO,07/01/2020,11:44:43,2.6,2.8,10400,3,10400,0,1102400
BHEL30JAN2045PE.NFO,07/01/2020,11:45:32,2.6,2.8,10400,3.05,41600,0,1102400
BHEL30JAN2045PE.NFO,07/01/2020,11:47:06,2.6,2.8,31200,3.05,41600,0,1102400
BHEL30JAN2045PE.NFO,07/01/2020,11:49:07,2.6,2.8,104000,3.05,20800,0,1102400
BHEL30JAN2045PE.NFO,07/01/2020,11:49:10,2.6,2.85,31200,3.05,20800,0,1102400
BHEL30JAN2045PE.NFO,07/01/2020,11:49:26,2.6,2.85,31200,3.05,31200,0,1102400
BHEL30JAN2045PE.NFO,07/01/2020,11:49:46,2.6,2.8,145600,3.05,31200,0,1102400
BHEL30JAN2045PE.NFO,07/01/2020,11:49:56,2.6,2.8,93600,3.05,31200,0,1102400
BHEL30JAN2045PE.NFO,07/01/2020,11:49:59,2.6,2.8,114400,3.05,31200,0,1102400
BHEL30JAN2045PE.NFO,07/01/2020,11:50:07,2.6,2.8,20800,3.05,31200,0,1102400
BHEL30JAN2045PE.NFO,07/01/2020,11:50:11,2.6,2.8,31200,3.05,31200,0,1102400
BHEL30JAN2045PE.NFO,07/01/2020,11:50:15,2.6,2.8,52000,3.05,31200,0,1102400
BHEL30JAN2045PE.NFO,07/01/2020,11:50:32,2.6,2.8,52000,3.05,41600,0,1102400
BHEL30JAN2045PE.NFO,07/01/2020,11:50:59,2.6,2.8,31200,3.05,41600,0,1102400
BHEL30JAN2045PE.NFO,07/01/2020,11:51:07,2.6,2.8,52000,3.05,41600,0,1102400
BHEL30JAN2045PE.NFO,07/01/2020,11:51:24,2.6,2.8,20800,3.05,41600,0,1102400
BHEL30JAN2045PE.NFO,07/01/2020,11:51:28,2.6,2.8,20800,3,10400,0,1102400
BHEL30JAN2045PE.NFO,07/01/2020,11:51:41,2.6,2.8,20800,3,20800,0,1102400
BHEL30JAN2045PE.NFO,07/01/2020,11:53:02,2.6,2.8,20800,3,41600,0,1102400
BHEL30JAN2045PE.NFO,07/01/2020,11:53:51,2.6,2.8,20800,3,20800,0,1102400
BHEL30JAN2045PE.NFO,07/01/2020,11:54:23,2.6,2.8,20800,3,41600,0,1102400
BHEL30JAN2045PE.NFO,07/01/2020,11:55:02,2.6,2.8,10400,3,10400,0,1102400
BHEL30JAN2045PE.NFO,07/01/2020,11:55:09,2.6,2.8,31200,3,10400,0,1102400
BHEL30JAN2045PE.NFO,07/01/2020,11:55:28,2.6,2.85,10400,3,10400,0,1102400
BHEL30JAN2045PE.NFO,07/01/2020,11:55:40,2.6,2.85,10400,3.05,41600,0,1102400
BHEL30JAN2045PE.NFO,07/01/2020,11:55:45,2.6,2.85,10400,3.05,52000,0,1102400
BHEL30JAN2045PE.NFO,07/01/2020,11:56:41,2.6,2.85,10400,3.05,41600,0,1102400
BHEL30JAN2045PE.NFO,07/01/2020,11:56:47,2.6,2.85,10400,3.05,52000,0,1102400
BHEL30JAN2045PE.NFO,07/01/2020,11:57:07,2.6,2.85,10400,3.05,41600,0,1102400
BHEL30JAN2045PE.NFO,07/01/2020,11:57:13,2.6,2.85,10400,3.05,52000,0,1102400
BHEL30JAN2045PE.NFO,07/01/2020,11:58:45,2.6,2.85,10400,3,20800,0,1102400
BHEL30JAN2045PE.NFO,07/01/2020,11:58:49,2.6,2.85,10400,3.05,52000,0,1102400
BHEL30JAN2045PE.NFO,07/01/2020,11:59:07,2.6,2.85,10400,3.05,41600,0,1102400
BHEL30JAN2045PE.NFO,07/01/2020,11:59:45,2.6,2.9,10400,3.05,41600,0,1102400
BHEL30JAN2045PE.NFO,07/01/2020,11:59:48,2.6,2.85,10400,3.05,41600,0,1102400
BHEL30JAN2045PE.NFO,07/01/2020,12:00:07,2.6,2.85,10400,3.05,31200,0,1102400
BHEL30JAN2045PE.NFO,07/01/2020,12:00:16,2.6,2.85,10400,3.05,20800,0,1102400
BHEL30JAN2045PE.NFO,07/01/2020,12:02:29,2.6,2.9,10400,3.05,20800,0,1102400
BHEL30JAN2045PE.NFO,07/01/2020,12:02:33,2.6,2.85,10400,3.05,20800,0,1102400
BHEL30JAN2045PE.NFO,07/01/2020,12:03:46,2.6,2.85,10400,3.05,41600,0,1102400
BHEL30JAN2045PE.NFO,07/01/2020,12:06:12,2.6,2.85,10400,3,10400,0,1102400
BHEL30JAN2045PE.NFO,07/01/2020,12:07:18,2.6,2.85,10400,3.05,41600,0,1102400
BHEL30JAN2045PE.NFO,07/01/2020,12:08:02,2.6,2.8,10400,3,41600,0,1102400
BHEL30JAN2045PE.NFO,07/01/2020,12:08:23,2.6,2.8,10400,3,31200,0,1102400
BHEL30JAN2045PE.NFO,07/01/2020,12:08:34,2.6,2.8,10400,3,20800,0,1102400
BHEL30JAN2045PE.NFO,07/01/2020,12:14:11,2.6,2.8,10400,3,10400,0,1102400
BHEL30JAN2045PE.NFO,07/01/2020,12:19:38,2.6,2.75,10400,3,31200,0,1102400
BHEL30JAN2045PE.NFO,07/01/2020,12:19:59,2.6,2.8,10400,3,20800,0,1102400
BHEL30JAN2045PE.NFO,07/01/2020,12:20:02,2.6,2.75,10400,3,31200,0,1102400
BHEL30JAN2045PE.NFO,07/01/2020,12:21:32,2.6,2.75,10400,2.95,10400,0,1102400
BHEL30JAN2045PE.NFO,07/01/2020,12:22:51,2.6,2.75,10400,3,31200,0,1102400
BHEL30JAN2045PE.NFO,07/01/2020,12:22:57,2.6,2.8,10400,3,41600,0,1102400
BHEL30JAN2045PE.NFO,07/01/2020,12:28:17,2.6,2.8,10400,3,31200,0,1102400
BHEL30JAN2045PE.NFO,07/01/2020,12:28:22,2.6,2.8,10400,3,41600,0,1102400
BHEL30JAN2045PE.NFO,07/01/2020,12:28:56,2.6,2.85,20800,3.05,31200,0,1102400
BHEL30JAN2045PE.NFO,07/01/2020,12:29:03,2.6,2.85,20800,3.1,41600,0,1102400
BHEL30JAN2045PE.NFO,07/01/2020,12:29:08,2.6,2.85,20800,3.05,31200,0,1102400
BHEL30JAN2045PE.NFO,07/01/2020,12:29:55,2.6,2.85,20800,3.05,20800,0,1102400
BHEL30JAN2045PE.NFO,07/01/2020,12:29:58,2.6,2.85,20800,3.1,41600,0,1102400
BHEL30JAN2045PE.NFO,07/01/2020,12:30:02,2.6,2.9,20800,3.1,41600,0,1102400
BHEL30JAN2045PE.NFO,07/01/2020,12:30:40,2.6,2.85,10400,3.05,10400,0,1102400
BHEL30JAN2045PE.NFO,07/01/2020,12:32:03,2.6,2.85,10400,3.05,20800,0,1102400
BHEL30JAN2045PE.NFO,07/01/2020,12:32:36,2.6,2.85,10400,3.05,10400,0,1102400
BHEL30JAN2045PE.NFO,07/01/2020,12:37:21,2.6,2.85,10400,3.05,20800,0,1102400
BHEL30JAN2045PE.NFO,07/01/2020,12:37:42,2.6,2.8,10400,3.05,41600,0,1102400
BHEL30JAN2045PE.NFO,07/01/2020,12:42:55,2.6,2.8,10400,3.05,31200,0,1102400
BHEL30JAN2045PE.NFO,07/01/2020,12:42:58,2.6,2.8,10400,3.05,41600,0,1102400
BHEL30JAN2045PE.NFO,07/01/2020,12:44:35,2.6,2.85,10400,3.05,41600,0,1102400
BHEL30JAN2045PE.NFO,07/01/2020,12:45:14,2.6,2.85,20800,3.05,41600,0,1102400
BHEL30JAN2045PE.NFO,07/01/2020,12:45:15,2.6,2.85,10400,3.05,41600,0,1102400
BHEL30JAN2045PE.NFO,07/01/2020,12:45:49,2.6,2.75,41600,3.05,41600,0,1102400
BHEL30JAN2045PE.NFO,07/01/2020,12:45:56,2.6,2.8,20800,3,10400,0,1102400
BHEL30JAN2045PE.NFO,07/01/2020,12:46:37,2.6,2.8,20800,3,41600,0,1102400
BHEL30JAN2045PE.NFO,07/01/2020,12:47:22,2.6,2.8,20800,3,31200,0,1102400
BHEL30JAN2045PE.NFO,07/01/2020,12:47:32,2.6,2.8,20800,3,41600,0,1102400
BHEL30JAN2045PE.NFO,07/01/2020,12:47:40,2.6,2.8,20800,3,31200,0,1102400
BHEL30JAN2045PE.NFO,07/01/2020,12:47:43,2.6,2.8,20800,3,41600,0,1102400
BHEL30JAN2045PE.NFO,07/01/2020,12:48:08,2.6,2.8,20800,3,31200,0,1102400
BHEL30JAN2045PE.NFO,07/01/2020,12:48:13,2.6,2.8,20800,3,41600,0,1102400
BHEL30JAN2045PE.NFO,07/01/2020,12:55:25,2.6,2.8,20800,3,31200,0,1102400
BHEL30JAN2045PE.NFO,07/01/2020,12:55:29,2.6,2.8,20800,3,41600,0,1102400
BHEL30JAN2045PE.NFO,07/01/2020,12:58:11,2.6,2.8,20800,3,10400,0,1102400
BHEL30JAN2045PE.NFO,07/01/2020,12:59:33,2.6,2.8,20800,3,31200,0,1102400
BHEL30JAN2045PE.NFO,07/01/2020,12:59:42,2.6,2.8,20800,3,10400,0,1102400
BHEL30JAN2045PE.NFO,07/01/2020,13:00:02,2.6,2.8,20800,3,20800,0,1102400
BHEL30JAN2045PE.NFO,07/01/2020,13:00:14,2.6,2.8,20800,3.05,31200,0,1102400
BHEL30JAN2045PE.NFO,07/01/2020,13:00:49,2.6,2.8,20800,3.05,41600,0,1102400
BHEL30JAN2045PE.NFO,07/01/2020,13:00:59,2.6,2.85,20800,3.05,20800,0,1102400
BHEL30JAN2045PE.NFO,07/01/2020,13:01:54,2.6,2.85,20800,3.05,31200,0,1102400
BHEL30JAN2045PE.NFO,07/01/2020,13:02:05,2.6,2.85,20800,3.05,41600,0,1102400
BHEL30JAN2045PE.NFO,07/01/2020,13:02:11,2.6,2.85,20800,3.05,31200,0,1102400
BHEL30JAN2045PE.NFO,07/01/2020,13:02:52,2.6,2.85,20800,3.05,20800,0,1102400
BHEL30JAN2045PE.NFO,07/01/2020,13:02:56,2.6,2.85,20800,3.05,31200,0,1102400
BHEL30JAN2045PE.NFO,07/01/2020,13:04:06,2.6,2.85,10400,3,10400,0,1102400
BHEL30JAN2045PE.NFO,07/01/2020,13:04:51,2.6,2.85,10400,3.05,20800,0,1102400
BHEL30JAN2045PE.NFO,07/01/2020,13:05:09,2.6,2.9,10400,3.1,41600,0,1102400
BHEL30JAN2045PE.NFO,07/01/2020,13:05:49,2.6,2.85,10400,3.1,41600,0,1102400
BHEL30JAN2045PE.NFO,07/01/2020,13:05:53,2.6,2.9,10400,3.1,31200,0,1102400
BHEL30JAN2045PE.NFO,07/01/2020,13:06:05,2.6,2.9,10400,3.1,41600,0,1102400
BHEL30JAN2045PE.NFO,07/01/2020,13:06:10,2.6,2.9,31200,3.1,10400,0,1102400
BHEL30JAN2045PE.NFO,07/01/2020,13:06:24,2.6,2.9,31200,3.15,31200,0,1102400
BHEL30JAN2045PE.NFO,07/01/2020,13:06:30,2.6,2.9,31200,3.15,41600,0,1102400
BHEL30JAN2045PE.NFO,07/01/2020,13:06:34,2.6,2.9,31200,3.1,10400,0,1102400
BHEL30JAN2045PE.NFO,07/01/2020,13:06:38,2.6,2.9,31200,3.15,41600,0,1102400
BHEL30JAN2045PE.NFO,07/01/2020,13:06:43,2.6,2.9,31200,3.1,10400,0,1102400
BHEL30JAN2045PE.NFO,07/01/2020,13:06:52,2.6,2.9,10400,3.1,41600,0,1102400
BHEL30JAN2045PE.NFO,07/01/2020,13:08:06,2.6,2.95,10400,3.1,10400,0,1102400
BHEL30JAN2045PE.NFO,07/01/2020,13:08:12,2.6,2.95,10400,3.15,41600,0,1102400
BHEL30JAN2045PE.NFO,07/01/2020,13:08:45,2.6,3,10400,3.15,10400,0,1102400
BHEL30JAN2045PE.NFO,07/01/2020,13:09:33,2.6,3,10400,3.2,20800,0,1102400
BHEL30JAN2045PE.NFO,07/01/2020,13:12:09,2.6,2.95,10400,3.15,10400,0,1102400
BHEL30JAN2045PE.NFO,07/01/2020,13:12:14,2.6,2.95,10400,3.2,20800,0,1102400
BHEL30JAN2045PE.NFO,07/01/2020,13:12:19,2.6,2.95,10400,3.15,10400,0,1102400
BHEL30JAN2045PE.NFO,07/01/2020,13:12:33,2.6,2.95,10400,3.15,31200,0,1102400
BHEL30JAN2045PE.NFO,07/01/2020,13:12:42,2.6,2.95,10400,3.15,41600,0,1102400
BHEL30JAN2045PE.NFO,07/01/2020,13:12:46,2.6,2.95,10400,3.15,52000,0,1102400
BHEL30JAN2045PE.NFO,07/01/2020,13:12:58,2.6,3,10400,3.15,52000,0,1102400
BHEL30JAN2045PE.NFO,07/01/2020,13:13:35,2.6,3,10400,3.15,41600,0,1102400
BHEL30JAN2045PE.NFO,07/01/2020,13:13:39,2.6,3,10400,3.15,31200,0,1102400
BHEL30JAN2045PE.NFO,07/01/2020,13:13:43,2.6,2.95,10400,3.15,31200,0,1102400
BHEL30JAN2045PE.NFO,07/01/2020,13:13:52,2.6,3,10400,3.2,41600,0,1102400
BHEL30JAN2045PE.NFO,07/01/2020,13:14:38,2.6,3,10400,3.15,10400,0,1102400
BHEL30JAN2045PE.NFO,07/01/2020,13:14:45,2.6,3,10400,3.2,41600,0,1102400
BHEL30JAN2045PE.NFO,07/01/2020,13:15:19,2.6,3.05,10400,3.25,31200,0,1102400
BHEL30JAN2045PE.NFO,07/01/2020,13:15:44,2.6,3.05,10400,3.25,20800,0,1102400
BHEL30JAN2045PE.NFO,07/01/2020,13:15:51,2.6,3.05,10400,3.3,20800,0,1102400
BHEL30JAN2045PE.NFO,07/01/2020,13:16:18,2.6,3.05,10400,3.25,10400,0,1102400
BHEL30JAN2045PE.NFO,07/01/2020,13:16:29,2.6,3.05,10400,3.3,20800,0,1102400
BHEL30JAN2045PE.NFO,07/01/2020,13:16:37,2.6,3.05,10400,3.25,10400,0,1102400
BHEL30JAN2045PE.NFO,07/01/2020,13:17:06,2.6,3.05,10400,3.25,20800,0,1102400
BHEL30JAN2045PE.NFO,07/01/2020,13:17:23,2.6,3.05,10400,3.25,31200,0,1102400
BHEL30JAN2045PE.NFO,07/01/2020,13:17:35,2.6,3.05,10400,3.25,20800,0,1102400
BHEL30JAN2045PE.NFO,07/01/2020,13:18:36,2.6,3.05,10400,3.25,10400,0,1102400
BHEL30JAN2045PE.NFO,07/01/2020,13:20:14,2.6,3.05,10400,3.25,20800,0,1102400
BHEL30JAN2045PE.NFO,07/01/2020,13:20:19,2.6,3.05,10400,3.25,10400,0,1102400
BHEL30JAN2045PE.NFO,07/01/2020,13:20:39,2.6,3.05,10400,3.25,20800,0,1102400
BHEL30JAN2045PE.NFO,07/01/2020,13:20:43,2.6,3.05,10400,3.25,10400,0,1102400
BHEL30JAN2045PE.NFO,07/01/2020,13:20:53,2.6,3.05,10400,3.25,20800,0,1102400
BHEL30JAN2045PE.NFO,07/01/2020,13:21:10,2.6,3.05,10400,3.25,10400,0,1102400
BHEL30JAN2045PE.NFO,07/01/2020,13:21:23,2.6,3.05,41600,3.3,31200,0,1102400
BHEL30JAN2045PE.NFO,07/01/2020,13:21:29,2.6,3.05,10400,3.3,52000,0,1102400
BHEL30JAN2045PE.NFO,07/01/2020,13:22:17,2.6,3.1,10400,3.3,41600,0,1102400
BHEL30JAN2045PE.NFO,07/01/2020,13:22:27,2.6,3.05,10400,3.3,52000,0,1102400
BHEL30JAN2045PE.NFO,07/01/2020,13:22:37,2.6,3.05,10400,3.3,62400,0,1102400
BHEL30JAN2045PE.NFO,07/01/2020,13:22:47,2.6,3.05,10400,3.25,20800,0,1102400
BHEL30JAN2045PE.NFO,07/01/2020,13:23:24,2.6,3.05,10400,3.25,10400,0,1102400
BHEL30JAN2045PE.NFO,07/01/2020,13:24:41,2.6,3,10400,3.25,62400,0,1102400
BHEL30JAN2045PE.NFO,07/01/2020,13:26:21,2.6,3,10400,3.2,41600,0,1102400
BHEL30JAN2045PE.NFO,07/01/2020,13:27:40,2.6,3,10400,3.25,62400,0,1102400
BHEL30JAN2045PE.NFO,07/01/2020,13:28:29,2.6,3.05,10400,3.25,62400,0,1102400
BHEL30JAN2045PE.NFO,07/01/2020,13:28:59,2.6,3.1,10400,3.3,52000,0,1102400
BHEL30JAN2045PE.NFO,07/01/2020,13:29:11,2.6,3.05,41600,3.3,52000,0,1102400
BHEL30JAN2045PE.NFO,07/01/2020,13:29:30,2.6,3.05,41600,3.3,20800,0,1102400
BHEL30JAN2045PE.NFO,07/01/2020,13:29:50,2.6,3.05,31200,3.3,20800,0,1102400
BHEL30JAN2045PE.NFO,07/01/2020,13:29:57,2.6,3.05,31200,3.3,31200,0,1102400
BHEL30JAN2045PE.NFO,07/01/2020,13:30:29,2.6,3.1,10400,3.35,52000,0,1102400
BHEL30JAN2045PE.NFO,07/01/2020,13:31:55,2.6,3.1,10400,3.3,20800,0,1102400
BHEL30JAN2045PE.NFO,07/01/2020,13:32:03,2.6,3.1,10400,3.3,31200,0,1102400
BHEL30JAN2045PE.NFO,07/01/2020,13:32:09,2.6,3.05,62400,3.3,31200,0,1102400
BHEL30JAN2045PE.NFO,07/01/2020,13:32:16,2.6,3.05,31200,3.3,31200,0,1102400
BHEL30JAN2045PE.NFO,07/01/2020,13:32:22,2.6,3.05,20800,3.3,31200,0,1102400
BHEL30JAN2045PE.NFO,07/01/2020,13:32:28,2.6,3.05,10400,3.3,52000,0,1102400
BHEL30JAN2045PE.NFO,07/01/2020,13:32:43,2.6,3.05,10400,3.3,31200,0,1102400
BHEL30JAN2045PE.NFO,07/01/2020,13:33:01,2.6,3.1,10400,3.35,62400,0,1102400
BHEL30JAN2045PE.NFO,07/01/2020,13:33:11,2.6,3.1,10400,3.3,20800,0,1102400
BHEL30JAN2045PE.NFO,07/01/2020,13:33:19,2.6,3.1,10400,3.35,62400,0,1102400
BHEL30JAN2045PE.NFO,07/01/2020,13:33:30,2.6,3.05,10400,3.3,20800,0,1102400
BHEL30JAN2045PE.NFO,07/01/2020,13:33:36,2.6,3.05,10400,3.3,31200,0,1102400
BHEL30JAN2045PE.NFO,07/01/2020,13:33:41,2.6,3.05,10400,3.35,62400,0,1102400
BHEL30JAN2045PE.NFO,07/01/2020,13:33:46,2.6,3.05,10400,3.3,20800,0,1102400
BHEL30JAN2045PE.NFO,07/01/2020,13:33:51,2.6,3.05,10400,3.3,31200,0,1102400
BHEL30JAN2045PE.NFO,07/01/2020,13:34:03,2.6,3.05,10400,3.3,20800,0,1102400
BHEL30JAN2045PE.NFO,07/01/2020,13:34:07,2.6,3.05,10400,3.3,10400,0,1102400
BHEL30JAN2045PE.NFO,07/01/2020,13:34:22,2.6,3.05,10400,3.3,62400,0,1102400
BHEL30JAN2045PE.NFO,07/01/2020,13:34:27,2.6,3.05,10400,3.3,52000,0,1102400
BHEL30JAN2045PE.NFO,07/01/2020,13:34:33,2.6,3.05,10400,3.3,41600,0,1102400
BHEL30JAN2045PE.NFO,07/01/2020,13:34:43,2.6,3,10400,3.25,52000,0,1102400
BHEL30JAN2045PE.NFO,07/01/2020,13:34:55,2.6,3,10400,3.25,62400,0,1102400
BHEL30JAN2045PE.NFO,07/01/2020,13:35:15,2.6,3,10400,3.2,10400,0,1102400
BHEL30JAN2045PE.NFO,07/01/2020,13:35:33,2.6,3,10400,3.25,41600,0,1102400
BHEL30JAN2045PE.NFO,07/01/2020,13:38:09,2.6,2.95,10400,3.2,10400,0,1102400
BHEL30JAN2045PE.NFO,07/01/2020,13:38:16,2.6,2.95,10400,3.25,41600,0,1102400
BHEL30JAN2045PE.NFO,07/01/2020,13:38:27,2.6,3,10400,3.25,31200,0,1102400
BHEL30JAN2045PE.NFO,07/01/2020,13:38:33,2.6,3,10400,3.25,41600,0,1102400
BHEL30JAN2045PE.NFO,07/01/2020,13:38:39,2.6,3,10400,3.25,62400,0,1102400
BHEL30JAN2045PE.NFO,07/01/2020,13:40:03,2.6,3.05,10400,3.25,20800,0,1102400
BHEL30JAN2045PE.NFO,07/01/2020,13:41:53,2.6,3.05,10400,3.3,62400,0,1102400
BHEL30JAN2045PE.NFO,07/01/2020,13:41:58,2.6,3.05,10400,3.3,31200,0,1102400
BHEL30JAN2045PE.NFO,07/01/2020,13:42:08,2.6,3.05,10400,3.3,62400,0,1102400
BHEL30JAN2045PE.NFO,07/01/2020,13:42:19,2.6,3,20800,3.3,52000,0,1102400
BHEL30JAN2045PE.NFO,07/01/2020,13:42:26,2.6,2.95,10400,3.3,62400,0,1102400
BHEL30JAN2045PE.NFO,07/01/2020,13:42:32,2.6,3.05,10400,3.3,62400,0,1102400
BHEL30JAN2045PE.NFO,07/01/2020,13:42:37,2.6,3.05,20800,3.3,62400,0,1102400
BHEL30JAN2045PE.NFO,07/01/2020,13:42:49,2.6,3.05,72800,3.3,62400,0,1102400
BHEL30JAN2045PE.NFO,07/01/2020,13:42:52,2.6,2.95,20800,3.3,62400,0,1102400
BHEL30JAN2045PE.NFO,07/01/2020,13:42:56,2.6,3.05,20800,3.3,62400,0,1102400
BHEL30JAN2045PE.NFO,07/01/2020,13:43:00,2.6,2.95,31200,3.3,62400,0,1102400
BHEL30JAN2045PE.NFO,07/01/2020,13:43:07,2.6,3.05,31200,3.3,62400,0,1102400
BHEL30JAN2045PE.NFO,07/01/2020,13:43:10,2.6,3.05,20800,3.3,62400,0,1102400
BHEL30JAN2045PE.NFO,07/01/2020,13:43:17,2.6,3.05,10400,3.3,62400,0,1102400
BHEL30JAN2045PE.NFO,07/01/2020,13:43:22,2.6,3,20800,3.3,62400,0,1102400
BHEL30JAN2045PE.NFO,07/01/2020,13:43:25,2.6,3.05,10400,3.3,62400,0,1102400
BHEL30JAN2045PE.NFO,07/01/2020,13:43:28,2.6,2.95,10400,3.3,62400,0,1102400
BHEL30JAN2045PE.NFO,07/01/2020,13:43:31,2.6,3.05,10400,3.3,62400,0,1102400
BHEL30JAN2045PE.NFO,07/01/2020,13:43:36,2.6,3,20800,3.3,62400,0,1102400
BHEL30JAN2045PE.NFO,07/01/2020,13:44:15,2.6,2.95,10400,3.3,62400,0,1102400
BHEL30JAN2045PE.NFO,07/01/2020,13:44:17,2.6,3.05,10400,3.3,62400,0,1102400
BHEL30JAN2045PE.NFO,07/01/2020,13:44:24,2.6,2.95,10400,3.3,62400,0,1102400
BHEL30JAN2045PE.NFO,07/01/2020,13:44:42,2.6,2.95,104000,3.3,62400,0,1102400
BHEL30JAN2045PE.NFO,07/01/2020,13:44:45,2.6,3,20800,3.3,62400,0,1102400
BHEL30JAN2045PE.NFO,07/01/2020,13:45:41,2.6,3,20800,3.25,31200,0,1102400
BHEL30JAN2045PE.NFO,07/01/2020,13:46:03,2.6,3,20800,3.25,10400,0,1102400
BHEL30JAN2045PE.NFO,07/01/2020,13:46:14,2.6,3,20800,3.25,52000,0,1102400
BHEL30JAN2045PE.NFO,07/01/2020,13:46:49,2.6,2.95,10400,3.2,52000,0,1102400
BHEL30JAN2045PE.NFO,07/01/2020,13:48:20,2.6,2.95,10400,3.15,41600,0,1102400
BHEL30JAN2045PE.NFO,07/01/2020,13:48:25,2.6,2.95,10400,3.15,52000,0,1102400
BHEL30JAN2045PE.NFO,07/01/2020,13:49:36,2.6,2.9,10400,3.15,52000,0,1102400
BHEL30JAN2045PE.NFO,07/01/2020,13:50:43,2.6,2.9,10400,3.1,52000,0,1102400
BHEL30JAN2045PE.NFO,07/01/2020,13:51:42,2.6,2.9,10400,3.1,31200,0,1102400
BHEL30JAN2045PE.NFO,07/01/2020,13:51:47,2.6,2.9,10400,3.1,41600,0,1102400
BHEL30JAN2045PE.NFO,07/01/2020,13:52:47,2.6,2.9,10400,3.1,52000,0,1102400
BHEL30JAN2045PE.NFO,07/01/2020,13:53:00,2.6,2.85,10400,3.1,52000,0,1102400
BHEL30JAN2045PE.NFO,07/01/2020,13:53:04,2.6,2.9,10400,3.1,41600,0,1102400
BHEL30JAN2045PE.NFO,07/01/2020,13:53:08,2.6,2.9,10400,3.1,52000,0,1102400
BHEL30JAN2045PE.NFO,07/01/2020,13:53:13,2.6,2.9,10400,3.1,41600,0,1102400
BHEL30JAN2045PE.NFO,07/01/2020,13:53:42,2.6,2.95,10400,3.15,41600,0,1102400
BHEL30JAN2045PE.NFO,07/01/2020,13:53:50,2.6,2.95,10400,3.15,52000,0,1102400
BHEL30JAN2045PE.NFO,07/01/2020,13:54:12,2.6,2.95,10400,3.15,41600,0,1102400
BHEL30JAN2045PE.NFO,07/01/2020,13:54:24,2.6,2.95,10400,3.15,20800,0,1102400
BHEL30JAN2045PE.NFO,07/01/2020,13:54:29,2.6,2.95,10400,3.15,52000,0,1102400
BHEL30JAN2045PE.NFO,07/01/2020,13:54:42,2.6,2.95,10400,3.15,31200,0,1102400
BHEL30JAN2045PE.NFO,07/01/2020,13:54:45,2.6,2.95,10400,3.15,10400,0,1102400
BHEL30JAN2045PE.NFO,07/01/2020,13:55:03,2.6,2.95,10400,3.15,31200,0,1102400
BHEL30JAN2045PE.NFO,07/01/2020,13:55:21,2.6,2.95,10400,3.15,20800,0,1102400
BHEL30JAN2045PE.NFO,07/01/2020,13:55:31,2.6,2.95,10400,3.15,31200,0,1102400
BHEL30JAN2045PE.NFO,07/01/2020,13:56:01,2.6,2.95,10400,3.15,20800,0,1102400
BHEL30JAN2045PE.NFO,07/01/2020,13:56:32,2.6,2.95,10400,3.2,52000,0,1102400
BHEL30JAN2045PE.NFO,07/01/2020,13:56:52,2.6,2.95,10400,3.15,20800,0,1102400
BHEL30JAN2045PE.NFO,07/01/2020,13:57:27,2.6,2.95,10400,3.15,10400,0,1102400
BHEL30JAN2045PE.NFO,07/01/2020,14:00:29,2.6,2.9,72800,3.15,20800,0,1102400
BHEL30JAN2045PE.NFO,07/01/2020,14:02:14,2.6,2.9,52000,3.15,31200,0,1102400
BHEL30JAN2045PE.NFO,07/01/2020,14:02:17,2.6,2.9,10400,3.15,41600,0,1102400
BHEL30JAN2045PE.NFO,07/01/2020,14:02:20,2.6,2.9,10400,3.1,20800,0,1102400
BHEL30JAN2045PE.NFO,07/01/2020,14:02:23,2.6,2.9,10400,3.15,52000,0,1102400
BHEL30JAN2045PE.NFO,07/01/2020,14:03:06,2.6,2.9,10400,3.1,20800,0,1102400
BHEL30JAN2045PE.NFO,07/01/2020,14:05:02,2.6,2.9,10400,3.1,31200,0,1102400
BHEL30JAN2045PE.NFO,07/01/2020,14:05:53,2.6,2.95,10400,3.15,62400,0,1102400
BHEL30JAN2045PE.NFO,07/01/2020,14:06:29,2.6,2.9,10400,3.15,52000,0,1102400
BHEL30JAN2045PE.NFO,07/01/2020,14:06:37,2.6,2.95,10400,3.15,52000,0,1102400
BHEL30JAN2045PE.NFO,07/01/2020,14:06:41,2.6,2.9,10400,3.15,52000,0,1102400
BHEL30JAN2045PE.NFO,07/01/2020,14:06:54,2.6,2.95,10400,3.15,52000,0,1102400
BHEL30JAN2045PE.NFO,07/01/2020,14:07:32,2.6,2.9,10400,3.15,52000,0,1102400
BHEL30JAN2045PE.NFO,07/01/2020,14:07:38,2.6,2.95,10400,3.15,52000,0,1102400
BHEL30JAN2045PE.NFO,07/01/2020,14:07:43,2.6,2.95,10400,3.15,20800,0,1102400
BHEL30JAN2045PE.NFO,07/01/2020,14:07:51,2.6,2.95,10400,3.15,52000,0,1102400
BHEL30JAN2045PE.NFO,07/01/2020,14:08:06,2.6,2.9,20800,3.1,41600,0,1102400
BHEL30JAN2045PE.NFO,07/01/2020,14:08:14,2.6,2.9,20800,3.1,10400,0,1102400
BHEL30JAN2045PE.NFO,07/01/2020,14:08:21,2.6,2.9,20800,3.1,20800,0,1102400
BHEL30JAN2045PE.NFO,07/01/2020,14:08:41,2.6,2.9,10400,3.1,20800,0,1102400
BHEL30JAN2045PE.NFO,07/01/2020,14:08:46,2.6,2.9,62400,3.1,20800,0,1102400
BHEL30JAN2045PE.NFO,07/01/2020,14:08:53,2.6,2.9,20800,3.1,20800,0,1102400
BHEL30JAN2045PE.NFO,07/01/2020,14:08:57,2.6,2.95,10400,3.1,20800,0,1102400
BHEL30JAN2045PE.NFO,07/01/2020,14:09:00,2.6,2.9,10400,3.1,20800,0,1102400
BHEL30JAN2045PE.NFO,07/01/2020,14:10:02,2.6,2.9,10400,3.1,41600,0,1102400
BHEL30JAN2045PE.NFO,07/01/2020,14:10:14,2.6,2.9,10400,3.1,62400,0,1102400
BHEL30JAN2045PE.NFO,07/01/2020,14:10:22,2.6,2.9,10400,3.1,52000,0,1102400
BHEL30JAN2045PE.NFO,07/01/2020,14:11:30,2.6,2.9,10400,3.1,62400,0,1102400
BHEL30JAN2045PE.NFO,07/01/2020,14:12:08,2.6,2.9,10400,3.05,31200,0,1102400
BHEL30JAN2045PE.NFO,07/01/2020,14:12:42,2.6,2.9,10400,3.05,41600,0,1102400
BHEL30JAN2045PE.NFO,07/01/2020,14:13:29,2.6,2.85,10400,3.05,62400,0,1102400
BHEL30JAN2045PE.NFO,07/01/2020,14:14:24,2.6,2.85,10400,3,10400,0,1102400
BHEL30JAN2045PE.NFO,07/01/2020,14:17:28,2.6,2.85,10400,3.05,62400,0,1102400
BHEL30JAN2045PE.NFO,07/01/2020,14:17:43,2.6,2.85,10400,3.05,52000,0,1102400
BHEL30JAN2045PE.NFO,07/01/2020,14:17:46,2.6,2.85,10400,3.05,41600,0,1102400
BHEL30JAN2045PE.NFO,07/01/2020,14:17:52,2.6,2.85,10400,3.05,31200,0,1102400
BHEL30JAN2045PE.NFO,07/01/2020,14:18:26,2.6,2.85,10400,3.05,41600,0,1102400
BHEL30JAN2045PE.NFO,07/01/2020,14:18:40,2.6,2.8,10400,3.05,41600,0,1102400
BHEL30JAN2045PE.NFO,07/01/2020,14:18:45,2.6,2.85,10400,3.05,41600,0,1102400
BHEL30JAN2045PE.NFO,07/01/2020,14:18:54,2.6,2.85,10400,3.05,62400,0,1102400
BHEL30JAN2045PE.NFO,07/01/2020,14:18:59,2.6,2.85,10400,3.05,41600,0,1102400
BHEL30JAN2045PE.NFO,07/01/2020,14:19:06,2.6,2.85,10400,3.05,62400,0,1102400
BHEL30JAN2045PE.NFO,07/01/2020,14:19:09,2.6,2.85,10400,3.05,41600,0,1102400
BHEL30JAN2045PE.NFO,07/01/2020,14:19:14,2.6,2.85,10400,3.05,62400,0,1102400
BHEL30JAN2045PE.NFO,07/01/2020,14:19:44,2.6,2.8,10400,3.05,62400,0,1102400
BHEL30JAN2045PE.NFO,07/01/2020,14:19:50,2.6,2.85,10400,3.05,62400,0,1102400
BHEL30JAN2045PE.NFO,07/01/2020,14:19:58,2.6,2.85,10400,3.05,52000,0,1102400
BHEL30JAN2045PE.NFO,07/01/2020,14:20:03,2.6,2.85,10400,3.05,62400,0,1102400
BHEL30JAN2045PE.NFO,07/01/2020,14:20:13,2.6,2.8,10400,3.05,52000,0,1102400
BHEL30JAN2045PE.NFO,07/01/2020,14:20:17,2.6,2.8,10400,3.05,62400,0,1102400
BHEL30JAN2045PE.NFO,07/01/2020,14:20:29,2.6,2.8,72800,3.05,52000,0,1102400
BHEL30JAN2045PE.NFO,07/01/2020,14:20:37,2.6,2.8,72800,3.05,41600,0,1102400
BHEL30JAN2045PE.NFO,07/01/2020,14:20:45,2.6,2.85,10400,3.05,41600,0,1102400
BHEL30JAN2045PE.NFO,07/01/2020,14:20:48,2.6,2.8,10400,3.05,41600,0,1102400
BHEL30JAN2045PE.NFO,07/01/2020,14:20:58,2.6,2.85,10400,3.05,41600,0,1102400
BHEL30JAN2045PE.NFO,07/01/2020,14:23:17,2.6,2.8,10400,3,10400,0,1102400
BHEL30JAN2045PE.NFO,07/01/2020,14:23:36,2.6,2.85,10400,3.05,52000,0,1102400
BHEL30JAN2045PE.NFO,07/01/2020,14:23:47,2.6,2.8,10400,3,31200,0,1102400
BHEL30JAN2045PE.NFO,07/01/2020,14:23:50,2.6,2.8,10400,3,52000,0,1102400
BHEL30JAN2045PE.NFO,07/01/2020,14:24:07,2.6,2.85,10400,3.05,20800,0,1102400
BHEL30JAN2045PE.NFO,07/01/2020,14:24:15,2.6,2.85,10400,3.05,62400,0,1102400
BHEL30JAN2045PE.NFO,07/01/2020,14:28:18,2.6,2.85,10400,3,10400,0,1102400
BHEL30JAN2045PE.NFO,07/01/2020,14:28:21,2.6,2.85,10400,3.05,62400,0,1102400
BHEL30JAN2045PE.NFO,07/01/2020,14:30:26,2.6,2.85,10400,3.05,20800,0,1102400
BHEL30JAN2045PE.NFO,07/01/2020,14:30:35,2.6,2.85,10400,3.05,41600,0,1102400
BHEL30JAN2045PE.NFO,07/01/2020,14:30:43,2.6,2.85,10400,3.05,52000,0,1102400
BHEL30JAN2045PE.NFO,07/01/2020,14:30:52,2.6,2.8,20800,3,52000,0,1102400
BHEL30JAN2045PE.NFO,07/01/2020,14:31:07,2.6,2.75,20800,2.95,31200,0,1102400
BHEL30JAN2045PE.NFO,07/01/2020,14:31:15,2.6,2.75,20800,2.95,41600,0,1102400
BHEL30JAN2045PE.NFO,07/01/2020,14:31:22,2.6,2.75,20800,2.95,52000,0,1102400
BHEL30JAN2045PE.NFO,07/01/2020,14:31:54,2.6,2.75,31200,2.95,31200,0,1102400
BHEL30JAN2045PE.NFO,07/01/2020,14:32:18,2.6,2.75,20800,2.95,52000,0,1102400
BHEL30JAN2045PE.NFO,07/01/2020,14:32:23,2.6,2.75,20800,2.95,31200,0,1102400
BHEL30JAN2045PE.NFO,07/01/2020,14:32:30,2.6,2.75,31200,2.95,31200,0,1102400
BHEL30JAN2045PE.NFO,07/01/2020,14:32:40,2.6,2.75,31200,2.95,41600,0,1102400
BHEL30JAN2045PE.NFO,07/01/2020,14:33:02,2.6,2.75,20800,2.95,41600,0,1102400
BHEL30JAN2045PE.NFO,07/01/2020,14:33:15,2.6,2.75,20800,2.9,10400,0,1102400
BHEL30JAN2045PE.NFO,07/01/2020,14:33:33,2.6,2.75,20800,2.9,20800,0,1102400
BHEL30JAN2045PE.NFO,07/01/2020,14:34:28,2.6,2.75,20800,2.95,52000,0,1102400
BHEL30JAN2045PE.NFO,07/01/2020,14:35:09,2.6,2.75,20800,2.95,62400,0,1102400
BHEL30JAN2045PE.NFO,07/01/2020,14:35:29,2.6,2.75,20800,2.95,52000,0,1102400
BHEL30JAN2045PE.NFO,07/01/2020,14:35:34,2.6,2.75,20800,2.95,41600,0,1102400
BHEL30JAN2045PE.NFO,07/01/2020,14:35:40,2.6,2.75,20800,2.95,52000,0,1102400
BHEL30JAN2045PE.NFO,07/01/2020,14:36:47,2.6,2.75,20800,2.95,62400,0,1102400
BHEL30JAN2045PE.NFO,07/01/2020,14:36:53,2.6,2.75,20800,2.95,52000,0,1102400
BHEL30JAN2045PE.NFO,07/01/2020,14:37:11,2.6,2.75,20800,2.95,62400,0,1102400
BHEL30JAN2045PE.NFO,07/01/2020,14:37:16,2.6,2.75,20800,2.95,52000,0,1102400
BHEL30JAN2045PE.NFO,07/01/2020,14:37:42,2.6,2.75,20800,2.95,62400,0,1102400
BHEL30JAN2045PE.NFO,07/01/2020,14:38:00,2.6,2.75,20800,2.9,31200,0,1102400
BHEL30JAN2045PE.NFO,07/01/2020,14:38:21,2.6,2.75,20800,2.95,62400,0,1102400
BHEL30JAN2045PE.NFO,07/01/2020,14:38:27,2.6,2.75,20800,2.95,52000,0,1102400
BHEL30JAN2045PE.NFO,07/01/2020,14:38:33,2.6,2.75,20800,2.9,31200,0,1102400
BHEL30JAN2045PE.NFO,07/01/2020,14:38:43,2.6,2.7,20800,2.85,31200,0,1102400
BHEL30JAN2045PE.NFO,07/01/2020,14:39:12,2.6,2.7,20800,2.85,10400,0,1102400
BHEL30JAN2045PE.NFO,07/01/2020,14:39:23,2.6,2.7,20800,2.85,20800,0,1102400
BHEL30JAN2045PE.NFO,07/01/2020,14:39:50,2.6,2.7,20800,2.85,10400,0,1102400
BHEL30JAN2045PE.NFO,07/01/2020,14:39:55,2.6,2.7,20800,2.85,20800,0,1102400
BHEL30JAN2045PE.NFO,07/01/2020,14:40:38,2.6,2.7,20800,2.9,62400,0,1102400
BHEL30JAN2045PE.NFO,07/01/2020,14:40:42,2.6,2.7,20800,2.9,52000,0,1102400
BHEL30JAN2045PE.NFO,07/01/2020,14:40:46,2.6,2.7,20800,2.9,62400,0,1102400
BHEL30JAN2045PE.NFO,07/01/2020,14:41:26,2.6,2.7,20800,2.85,20800,0,1102400
BHEL30JAN2045PE.NFO,07/01/2020,14:41:34,2.6,2.7,20800,2.9,62400,0,1102400
BHEL30JAN2045PE.NFO,07/01/2020,14:41:42,2.6,2.7,20800,2.9,72800,0,1102400
BHEL30JAN2045PE.NFO,07/01/2020,14:43:19,2.6,2.7,20800,2.9,62400,0,1102400
BHEL30JAN2045PE.NFO,07/01/2020,14:43:23,2.6,2.7,20800,2.9,72800,0,1102400
BHEL30JAN2045PE.NFO,07/01/2020,14:43:39,2.6,2.7,20800,2.9,62400,0,1102400
BHEL30JAN2045PE.NFO,07/01/2020,14:43:45,2.6,2.7,52000,2.9,62400,0,1102400
BHEL30JAN2045PE.NFO,07/01/2020,14:43:49,2.6,2.7,20800,2.9,72800,0,1102400
BHEL30JAN2045PE.NFO,07/01/2020,14:44:47,2.6,2.7,20800,2.9,62400,0,1102400
BHEL30JAN2045PE.NFO,07/01/2020,14:44:51,2.6,2.7,52000,2.9,62400,0,1102400
BHEL30JAN2045PE.NFO,07/01/2020,14:45:14,2.6,2.75,20800,2.9,20800,0,1102400
BHEL30JAN2045PE.NFO,07/01/2020,14:45:29,2.6,2.75,31200,2.9,20800,0,1102400
BHEL30JAN2045PE.NFO,07/01/2020,14:45:40,2.6,2.75,31200,2.9,10400,0,1102400
BHEL30JAN2045PE.NFO,07/01/2020,14:46:36,2.6,2.75,31200,2.95,31200,0,1102400
BHEL30JAN2045PE.NFO,07/01/2020,14:47:31,2.6,2.75,10400,2.9,20800,0,1102400
BHEL30JAN2045PE.NFO,07/01/2020,14:47:39,2.6,2.75,10400,2.95,31200,0,1102400
BHEL30JAN2045PE.NFO,07/01/2020,14:47:43,2.6,2.75,10400,2.9,20800,0,1102400
BHEL30JAN2045PE.NFO,07/01/2020,14:48:37,2.6,2.75,10400,2.95,31200,0,1102400
BHEL30JAN2045PE.NFO,07/01/2020,14:48:59,2.6,2.75,10400,2.95,62400,0,1102400
BHEL30JAN2045PE.NFO,07/01/2020,14:49:08,2.6,2.75,20800,2.95,62400,0,1102400
BHEL30JAN2045PE.NFO,07/01/2020,14:49:16,2.6,2.75,20800,2.95,52000,0,1102400
BHEL30JAN2045PE.NFO,07/01/2020,14:49:47,2.6,2.75,20800,2.95,31200,0,1102400
BHEL30JAN2045PE.NFO,07/01/2020,14:49:52,2.6,2.75,20800,2.95,41600,0,1102400
BHEL30JAN2045PE.NFO,07/01/2020,14:49:57,2.6,2.7,20800,2.9,31200,0,1102400
BHEL30JAN2045PE.NFO,07/01/2020,14:50:11,2.6,2.7,31200,2.9,31200,0,1102400
BHEL30JAN2045PE.NFO,07/01/2020,14:50:16,2.6,2.7,20800,2.9,31200,0,1102400
BHEL30JAN2045PE.NFO,07/01/2020,14:50:20,2.6,2.7,52000,2.9,10400,0,1102400
BHEL30JAN2045PE.NFO,07/01/2020,14:50:24,2.6,2.7,20800,2.9,31200,0,1102400
BHEL30JAN2045PE.NFO,07/01/2020,14:50:27,2.6,2.7,52000,2.9,10400,0,1102400
BHEL30JAN2045PE.NFO,07/01/2020,14:53:42,2.6,2.65,20800,2.85,31200,0,1102400
BHEL30JAN2045PE.NFO,07/01/2020,14:53:48,2.6,2.65,31200,2.85,41600,0,1102400
BHEL30JAN2045PE.NFO,07/01/2020,14:53:54,2.6,2.7,20800,2.85,10400,0,1102400
BHEL30JAN2045PE.NFO,07/01/2020,14:54:01,2.6,2.7,10400,2.85,41600,0,1102400
BHEL30JAN2045PE.NFO,07/01/2020,14:54:12,2.6,2.7,10400,2.85,31200,0,1102400
BHEL30JAN2045PE.NFO,07/01/2020,14:54:24,2.6,2.7,31200,2.85,31200,0,1102400
BHEL30JAN2045PE.NFO,07/01/2020,14:54:30,2.6,2.7,20800,2.85,31200,0,1102400
BHEL30JAN2045PE.NFO,07/01/2020,14:54:42,2.6,2.7,20800,2.85,20800,0,1102400
BHEL30JAN2045PE.NFO,07/01/2020,14:58:04,2.6,2.7,10400,2.85,20800,0,1102400
BHEL30JAN2045PE.NFO,07/01/2020,14:58:19,2.6,2.7,10400,2.85,31200,0,1102400
BHEL30JAN2045PE.NFO,07/01/2020,14:59:00,2.6,2.7,10400,2.9,62400,0,1102400
BHEL30JAN2045PE.NFO,07/01/2020,14:59:04,2.6,2.7,41600,2.9,41600,0,1102400
BHEL30JAN2045PE.NFO,07/01/2020,15:00:01,2.6,2.7,10400,2.9,41600,0,1102400
BHEL30JAN2045PE.NFO,07/01/2020,15:00:10,2.6,2.7,10400,2.9,62400,0,1102400
BHEL30JAN2045PE.NFO,07/01/2020,15:00:24,2.6,2.7,10400,2.9,52000,0,1102400
BHEL30JAN2045PE.NFO,07/01/2020,15:00:30,2.6,2.7,10400,2.9,62400,0,1102400
BHEL30JAN2045PE.NFO,07/01/2020,15:00:55,2.6,2.7,10400,2.9,72800,0,1102400
BHEL30JAN2045PE.NFO,07/01/2020,15:01:33,2.6,2.7,10400,2.9,62400,0,1102400
BHEL30JAN2045PE.NFO,07/01/2020,15:02:12,2.6,2.75,10400,2.9,62400,0,1102400
BHEL30JAN2045PE.NFO,07/01/2020,15:02:53,2.6,2.7,31200,2.9,62400,0,1102400
BHEL30JAN2045PE.NFO,07/01/2020,15:02:58,2.6,2.7,10400,2.9,62400,0,1102400
BHEL30JAN2045PE.NFO,07/01/2020,15:03:49,2.6,2.75,10400,2.9,62400,0,1102400
BHEL30JAN2045PE.NFO,07/01/2020,15:04:13,2.6,2.7,10400,2.9,62400,0,1102400
BHEL30JAN2045PE.NFO,07/01/2020,15:04:18,2.6,2.7,20800,2.9,62400,0,1102400
BHEL30JAN2045PE.NFO,07/01/2020,15:04:30,2.6,2.7,52000,2.9,62400,0,1102400
BHEL30JAN2045PE.NFO,07/01/2020,15:05:28,2.6,2.8,10400,2.95,41600,0,1102400
BHEL30JAN2045PE.NFO,07/01/2020,15:05:42,2.6,2.8,10400,2.95,20800,0,1102400
BHEL30JAN2045PE.NFO,07/01/2020,15:05:55,2.6,2.8,20800,2.95,20800,0,1102400
BHEL30JAN2045PE.NFO,07/01/2020,15:06:17,2.6,2.75,10400,2.95,52000,0,1102400
BHEL30JAN2045PE.NFO,07/01/2020,15:06:26,2.6,2.8,10400,2.95,31200,0,1102400
BHEL30JAN2045PE.NFO,07/01/2020,15:06:49,2.6,2.75,10400,2.95,52000,0,1102400
BHEL30JAN2045PE.NFO,07/01/2020,15:06:57,2.6,2.75,10400,2.95,62400,0,1102400
BHEL30JAN2045PE.NFO,07/01/2020,15:07:06,2.6,2.75,10400,2.95,52000,0,1102400
BHEL30JAN2045PE.NFO,07/01/2020,15:07:11,2.6,2.75,10400,2.95,62400,0,1102400
BHEL30JAN2045PE.NFO,07/01/2020,15:07:47,2.6,2.75,31200,2.95,62400,0,1102400
BHEL30JAN2045PE.NFO,07/01/2020,15:07:57,2.6,2.75,52000,2.95,62400,0,1102400
BHEL30JAN2045PE.NFO,07/01/2020,15:08:20,2.6,2.8,20800,2.95,20800,0,1102400
BHEL30JAN2045PE.NFO,07/01/2020,15:08:23,2.6,2.8,20800,2.95,31200,0,1102400
BHEL30JAN2045PE.NFO,07/01/2020,15:08:27,2.6,2.8,31200,2.95,10400,0,1102400
BHEL30JAN2045PE.NFO,07/01/2020,15:08:54,2.6,2.8,31200,2.95,31200,0,1102400
BHEL30JAN2045PE.NFO,07/01/2020,15:08:57,2.6,2.8,31200,2.95,20800,0,1102400
BHEL30JAN2045PE.NFO,07/01/2020,15:09:42,2.6,2.8,10400,2.95,31200,0,1102400
BHEL30JAN2045PE.NFO,07/01/2020,15:09:53,2.6,2.8,10400,2.95,41600,0,1102400
BHEL30JAN2045PE.NFO,07/01/2020,15:11:38,2.6,2.8,10400,2.95,31200,0,1102400
BHEL30JAN2045PE.NFO,07/01/2020,15:11:44,2.6,2.8,10400,2.95,41600,0,1102400
BHEL30JAN2045PE.NFO,07/01/2020,15:12:54,2.6,2.75,10400,2.95,72800,0,1102400
BHEL30JAN2045PE.NFO,07/01/2020,15:12:57,2.6,2.8,10400,2.95,41600,0,1102400
BHEL30JAN2045PE.NFO,07/01/2020,15:14:25,2.6,2.8,10400,2.95,72800,0,1102400
BHEL30JAN2045PE.NFO,07/01/2020,15:14:34,2.6,2.8,10400,2.95,41600,0,1102400
BHEL30JAN2045PE.NFO,07/01/2020,15:14:38,2.6,2.8,10400,2.95,31200,0,1102400
BHEL30JAN2045PE.NFO,07/01/2020,15:14:43,2.6,2.75,10400,2.95,31200,0,1102400
BHEL30JAN2045PE.NFO,07/01/2020,15:15:02,2.6,2.75,10400,2.9,10400,0,1102400
BHEL30JAN2045PE.NFO,07/01/2020,15:15:47,2.6,2.75,10400,2.9,20800,0,1102400
BHEL30JAN2045PE.NFO,07/01/2020,15:15:54,2.6,2.7,10400,2.9,31200,0,1102400
BHEL30JAN2045PE.NFO,07/01/2020,15:16:31,2.6,2.7,10400,2.9,62400,0,1102400
BHEL30JAN2045PE.NFO,07/01/2020,15:16:53,2.6,2.7,10400,2.85,10400,0,1102400
BHEL30JAN2045PE.NFO,07/01/2020,15:17:42,2.6,2.7,10400,2.85,62400,0,1102400
BHEL30JAN2045PE.NFO,07/01/2020,15:18:03,2.6,2.65,20800,2.85,62400,0,1102400
BHEL30JAN2045PE.NFO,07/01/2020,15:18:25,2.6,2.65,20800,2.8,20800,0,1102400
BHEL30JAN2045PE.NFO,07/01/2020,15:18:36,2.6,2.65,20800,2.8,31200,0,1102400
BHEL30JAN2045PE.NFO,07/01/2020,15:19:11,2.6,2.65,20800,2.8,20800,0,1102400
BHEL30JAN2045PE.NFO,07/01/2020,15:19:17,2.6,2.65,31200,2.85,62400,0,1102400
BHEL30JAN2045PE.NFO,07/01/2020,15:20:01,2.6,2.65,20800,2.85,62400,0,1102400
BHEL30JAN2045PE.NFO,07/01/2020,15:20:22,2.6,2.65,31200,2.85,62400,0,1102400
BHEL30JAN2045PE.NFO,07/01/2020,15:20:35,2.6,2.7,31200,2.85,10400,0,1102400
BHEL30JAN2045PE.NFO,07/01/2020,15:20:41,2.6,2.7,20800,2.85,31200,0,1102400
BHEL30JAN2045PE.NFO,07/01/2020,15:20:48,2.6,2.7,31200,2.85,31200,0,1102400
BHEL30JAN2045PE.NFO,07/01/2020,15:21:03,2.6,2.7,20800,2.85,20800,0,1102400
BHEL30JAN2045PE.NFO,07/01/2020,15:21:16,2.6,2.7,31200,2.85,20800,0,1102400
BHEL30JAN2045PE.NFO,07/01/2020,15:21:47,2.6,2.7,20800,2.85,20800,0,1102400
BHEL30JAN2045PE.NFO,07/01/2020,15:22:15,2.6,2.7,20800,2.85,31200,0,1102400
BHEL30JAN2045PE.NFO,07/01/2020,15:22:34,2.6,2.7,20800,2.85,10400,0,1102400
BHEL30JAN2045PE.NFO,07/01/2020,15:25:08,2.6,2.7,20800,2.9,52000,0,1102400
BHEL30JAN2045PE.NFO,07/01/2020,15:25:33,2.6,2.7,10400,2.85,31200,0,1102400
BHEL30JAN2045PE.NFO,07/01/2020,15:25:48,2.6,2.7,10400,2.9,52000,0,1102400
BHEL30JAN2045PE.NFO,07/01/2020,15:25:54,2.6,2.7,10400,2.85,20800,0,1102400
BHEL30JAN2045PE.NFO,07/01/2020,15:27:43,2.6,2.7,10400,2.9,20800,0,1102400
BHEL30JAN2045PE.NFO,07/01/2020,15:27:47,2.6,2.7,10400,2.85,10400,0,1102400
BHEL30JAN2045PE.NFO,07/01/2020,15:28:07,2.6,2.7,10400,2.95,10400,0,1102400
BHEL30JAN2045PE.NFO,07/01/2020,15:28:12,2.6,2.7,10400,2.95,41600,0,1102400
BHEL30JAN2045PE.NFO,07/01/2020,15:28:18,2.6,2.7,10400,2.95,31200,0,1102400
BHEL30JAN2045PE.NFO,07/01/2020,15:29:45,2.6,2.75,10400,3,10400,0,1102400
