Ticker,Date,Time,LTP,BuyPrice,BuyQty,SellPrice,SellQty,LTQ,OpenInterest
BIOCON30JAN20305PE.NFO,07/01/2020,10:46:14,30.6,29.5,29900,30.8,2300,4600,13800
BIOCON30JAN20305PE.NFO,07/01/2020,10:46:14,30.7,29.5,29900,30.8,2300,0,13800
BIOCON30JAN20305PE.NFO,07/01/2020,10:46:14,30.7,29.5,29900,30.8,2300,0,13800
BIOCON30JAN20305PE.NFO,07/01/2020,10:46:14,30.6,29.5,29900,30.8,2300,0,13800
BIOCON30JAN20305PE.NFO,07/01/2020,10:46:17,30.7,29.85,13800,30.95,2300,0,13800
BIOCON30JAN20305PE.NFO,07/01/2020,10:46:20,30.7,29.65,6900,30.95,2300,0,13800
BIOCON30JAN20305PE.NFO,07/01/2020,10:46:23,30.7,30.1,2300,31,2300,0,13800
BIOCON30JAN20305PE.NFO,07/01/2020,10:46:29,30.7,30.15,2300,31,2300,0,13800
BIOCON30JAN20305PE.NFO,07/01/2020,10:46:31,30.7,30.25,2300,31,2300,0,13800
BIOCON30JAN20305PE.NFO,07/01/2020,10:46:34,31,30.35,9200,31.55,2300,2300,13800
BIOCON30JAN20305PE.NFO,07/01/2020,10:46:34,31,30.35,9200,31.55,2300,0,13800
BIOCON30JAN20305PE.NFO,07/01/2020,10:46:36,31,30.55,9200,31.65,2300,0,13800
BIOCON30JAN20305PE.NFO,07/01/2020,10:46:39,31,30.65,9200,31.65,2300,0,13800
BIOCON30JAN20305PE.NFO,07/01/2020,10:46:42,31,30.6,2300,31.95,4600,0,13800
BIOCON30JAN20305PE.NFO,07/01/2020,10:46:48,31,30.55,6900,31.95,4600,0,13800
BIOCON30JAN20305PE.NFO,07/01/2020,10:46:51,31,30.65,6900,31.95,4600,0,13800
BIOCON30JAN20305PE.NFO,07/01/2020,10:46:53,31,30,18400,31.95,4600,0,13800
BIOCON30JAN20305PE.NFO,07/01/2020,10:46:56,31,30.45,18400,32.55,2300,0,13800
BIOCON30JAN20305PE.NFO,07/01/2020,10:46:59,31,31.05,2300,32.55,2300,0,13800
BIOCON30JAN20305PE.NFO,07/01/2020,10:47:02,31,30.95,2300,32.55,2300,0,13800
BIOCON30JAN20305PE.NFO,07/01/2020,10:47:04,31,31.35,6900,32.55,2300,0,13800
BIOCON30JAN20305PE.NFO,07/01/2020,10:47:07,31,31.3,2300,32.55,2300,0,13800
BIOCON30JAN20305PE.NFO,07/01/2020,10:47:10,31,31.4,6900,32.55,2300,0,13800
BIOCON30JAN20305PE.NFO,07/01/2020,10:47:12,31,31.45,2300,32.6,2300,0,13800
BIOCON30JAN20305PE.NFO,07/01/2020,10:47:13,31,31.5,9200,33.1,2300,0,13800
BIOCON30JAN20305PE.NFO,07/01/2020,10:47:14,31,31.25,9200,32.9,2300,0,13800
BIOCON30JAN20305PE.NFO,07/01/2020,10:47:15,31,31.3,2300,32.9,2300,0,13800
BIOCON30JAN20305PE.NFO,07/01/2020,10:47:16,31,31.3,2300,32.8,2300,0,13800
BIOCON30JAN20305PE.NFO,07/01/2020,10:47:31,31,31.3,6900,32.8,2300,0,13800
BIOCON30JAN20305PE.NFO,07/01/2020,10:47:32,31,31.3,11500,32.8,2300,0,13800
BIOCON30JAN20305PE.NFO,07/01/2020,10:47:32,31,31.3,6900,32.8,2300,0,13800
BIOCON30JAN20305PE.NFO,07/01/2020,10:47:33,31,31.5,6900,32.8,2300,0,13800
BIOCON30JAN20305PE.NFO,07/01/2020,10:47:35,31,31.5,11500,32.8,2300,0,13800
BIOCON30JAN20305PE.NFO,07/01/2020,10:47:35,31,31.45,6900,32.8,2300,0,13800
BIOCON30JAN20305PE.NFO,07/01/2020,10:47:36,31,30.95,23000,32.8,2300,0,13800
BIOCON30JAN20305PE.NFO,07/01/2020,10:47:58,31,31.2,23000,32.8,2300,0,13800
BIOCON30JAN20305PE.NFO,07/01/2020,10:48:07,31,31.2,27600,32.8,2300,0,13800
BIOCON30JAN20305PE.NFO,07/01/2020,10:48:08,31,31.3,13800,32.8,2300,0,13800
BIOCON30JAN20305PE.NFO,07/01/2020,10:48:10,31,31.3,18400,32.8,2300,0,13800
BIOCON30JAN20305PE.NFO,07/01/2020,10:48:11,31,31.3,13800,32.8,2300,0,13800
BIOCON30JAN20305PE.NFO,07/01/2020,10:48:14,31,31.4,9200,32.8,2300,0,13800
BIOCON30JAN20305PE.NFO,07/01/2020,10:48:18,31,31.4,2300,32.8,2300,0,13800
BIOCON30JAN20305PE.NFO,07/01/2020,10:48:30,31,31.25,2300,32.8,2300,0,13800
BIOCON30JAN20305PE.NFO,07/01/2020,10:48:39,31,31.35,2300,32.8,2300,0,13800
BIOCON30JAN20305PE.NFO,07/01/2020,10:48:43,31,30.9,27600,32.8,2300,0,13800
BIOCON30JAN20305PE.NFO,07/01/2020,10:48:47,31,31.4,6900,32.8,2300,0,13800
BIOCON30JAN20305PE.NFO,07/01/2020,10:48:51,31,31.35,18400,32.8,2300,0,13800
BIOCON30JAN20305PE.NFO,07/01/2020,10:48:54,31,30.95,43700,32.7,2300,0,13800
BIOCON30JAN20305PE.NFO,07/01/2020,10:48:58,31,31.25,9200,32.7,2300,0,13800
BIOCON30JAN20305PE.NFO,07/01/2020,10:49:01,31,31.35,13800,32.7,2300,0,13800
BIOCON30JAN20305PE.NFO,07/01/2020,10:49:05,31,31.35,16100,32.7,2300,0,13800
BIOCON30JAN20305PE.NFO,07/01/2020,10:49:20,31,31.15,13800,32.6,2300,0,13800
BIOCON30JAN20305PE.NFO,07/01/2020,10:49:23,31,31.1,18400,32.6,2300,0,13800
BIOCON30JAN20305PE.NFO,07/01/2020,10:49:27,31,31.1,9200,32.6,2300,0,13800
BIOCON30JAN20305PE.NFO,07/01/2020,10:49:30,31,30.95,2300,32.5,2300,0,13800
BIOCON30JAN20305PE.NFO,07/01/2020,10:49:33,31,31.05,2300,32.5,2300,0,13800
BIOCON30JAN20305PE.NFO,07/01/2020,10:49:36,31,31.05,6900,32.5,2300,0,13800
BIOCON30JAN20305PE.NFO,07/01/2020,10:49:40,31,31.05,16100,32.5,2300,0,13800
BIOCON30JAN20305PE.NFO,07/01/2020,10:49:43,31,31.25,2300,32.9,2300,0,13800
BIOCON30JAN20305PE.NFO,07/01/2020,10:49:48,31,31.3,2300,32.8,2300,0,13800
BIOCON30JAN20305PE.NFO,07/01/2020,10:49:52,31,31.3,2300,32.7,2300,0,13800
BIOCON30JAN20305PE.NFO,07/01/2020,10:50:19,31,31.3,2300,32.6,2300,0,13800
BIOCON30JAN20305PE.NFO,07/01/2020,10:50:32,31,31.4,2300,32.6,4600,0,13800
BIOCON30JAN20305PE.NFO,07/01/2020,10:50:45,31,31.45,2300,32.6,2300,0,13800
BIOCON30JAN20305PE.NFO,07/01/2020,10:50:48,31,31.45,2300,32.65,2300,0,13800
BIOCON30JAN20305PE.NFO,07/01/2020,10:50:55,31,31.4,2300,32.65,2300,0,13800
BIOCON30JAN20305PE.NFO,07/01/2020,10:51:03,31,31.6,2300,32.8,2300,0,13800
BIOCON30JAN20305PE.NFO,07/01/2020,10:51:17,31,31.8,2300,33.1,2300,0,13800
BIOCON30JAN20305PE.NFO,07/01/2020,10:51:20,31,32.2,2300,33.8,6900,0,13800
BIOCON30JAN20305PE.NFO,07/01/2020,10:51:24,31,32.05,2300,33.5,2300,0,13800
BIOCON30JAN20305PE.NFO,07/01/2020,10:51:31,31,32.15,2300,33.5,2300,0,13800
BIOCON30JAN20305PE.NFO,07/01/2020,10:51:35,31,32.2,2300,33.7,2300,0,13800
BIOCON30JAN20305PE.NFO,07/01/2020,10:51:37,31,32.25,2300,33.7,2300,0,13800
BIOCON30JAN20305PE.NFO,07/01/2020,10:51:42,31,31.6,27600,33.4,2300,0,13800
BIOCON30JAN20305PE.NFO,07/01/2020,10:51:46,31,31.95,2300,33.3,2300,0,13800
BIOCON30JAN20305PE.NFO,07/01/2020,10:51:50,31,31.85,2300,33.2,2300,0,13800
BIOCON30JAN20305PE.NFO,07/01/2020,10:51:55,31,32,2300,33.15,2300,0,13800
BIOCON30JAN20305PE.NFO,07/01/2020,10:52:00,31,32,2300,33.2,2300,0,13800
BIOCON30JAN20305PE.NFO,07/01/2020,10:52:05,31,31.85,11500,33.2,2300,0,13800
BIOCON30JAN20305PE.NFO,07/01/2020,10:52:10,31,31.8,4600,33.2,2300,0,13800
BIOCON30JAN20305PE.NFO,07/01/2020,10:52:19,31,31.9,2300,33.2,2300,0,13800
BIOCON30JAN20305PE.NFO,07/01/2020,10:52:24,31,32.2,2300,33.5,2300,0,13800
BIOCON30JAN20305PE.NFO,07/01/2020,10:52:30,31,32.35,2300,34.05,2300,0,13800
BIOCON30JAN20305PE.NFO,07/01/2020,10:52:40,31,32.25,2300,34.05,2300,0,13800
BIOCON30JAN20305PE.NFO,07/01/2020,10:52:44,31,32.15,2300,34.05,2300,0,13800
BIOCON30JAN20305PE.NFO,07/01/2020,10:52:48,31,32.05,2300,34.05,2300,0,13800
BIOCON30JAN20305PE.NFO,07/01/2020,10:52:52,31,32.15,2300,34.05,2300,0,13800
BIOCON30JAN20305PE.NFO,07/01/2020,10:52:56,31,32.05,2300,34.05,2300,0,13800
BIOCON30JAN20305PE.NFO,07/01/2020,10:53:02,31,32.3,2300,34.05,2300,0,13800
BIOCON30JAN20305PE.NFO,07/01/2020,10:53:08,31,32.3,2300,34.05,6900,0,13800
BIOCON30JAN20305PE.NFO,07/01/2020,10:53:14,31,32.15,2300,34.05,6900,0,13800
BIOCON30JAN20305PE.NFO,07/01/2020,10:53:19,31,32.2,2300,34.05,6900,0,13800
BIOCON30JAN20305PE.NFO,07/01/2020,10:53:34,31,32.3,2300,33.95,2300,0,13800
BIOCON30JAN20305PE.NFO,07/01/2020,10:53:39,31,32.65,2300,33.95,2300,0,13800
BIOCON30JAN20305PE.NFO,07/01/2020,10:53:50,31,32.6,2300,34.55,2300,0,13800
BIOCON30JAN20305PE.NFO,07/01/2020,10:53:57,31,32.35,27600,34.45,2300,0,13800
BIOCON30JAN20305PE.NFO,07/01/2020,10:54:07,31,32.35,27600,35.15,2300,0,13800
BIOCON30JAN20305PE.NFO,07/01/2020,10:54:12,31,32.85,2300,35.15,2300,0,13800
BIOCON30JAN20305PE.NFO,07/01/2020,10:54:18,31,32.25,13800,35.15,2300,0,13800
BIOCON30JAN20305PE.NFO,07/01/2020,10:54:24,31,32.8,2300,35.15,2300,0,13800
BIOCON30JAN20305PE.NFO,07/01/2020,10:54:30,31,32.5,4600,35.15,2300,0,13800
BIOCON30JAN20305PE.NFO,07/01/2020,10:54:35,31,32.5,18400,35.15,2300,0,13800
BIOCON30JAN20305PE.NFO,07/01/2020,10:54:40,31,33.25,2300,35.15,2300,0,13800
BIOCON30JAN20305PE.NFO,07/01/2020,10:54:45,31,33,23000,35.15,2300,0,13800
BIOCON30JAN20305PE.NFO,07/01/2020,10:54:49,31,33.05,2300,35.15,2300,0,13800
BIOCON30JAN20305PE.NFO,07/01/2020,10:54:54,31,32.85,18400,35.15,2300,0,13800
BIOCON30JAN20305PE.NFO,07/01/2020,10:54:59,31,33.15,9200,35.5,20700,0,13800
BIOCON30JAN20305PE.NFO,07/01/2020,10:55:04,31,33.15,2300,36.05,2300,0,13800
BIOCON30JAN20305PE.NFO,07/01/2020,10:55:08,31,33,2300,36.05,2300,0,13800
BIOCON30JAN20305PE.NFO,07/01/2020,10:55:18,31,32.75,4600,36.05,2300,0,13800
BIOCON30JAN20305PE.NFO,07/01/2020,10:55:26,31,32.75,2300,36.05,2300,0,13800
BIOCON30JAN20305PE.NFO,07/01/2020,10:55:32,31,32.75,2300,35.95,2300,0,13800
BIOCON30JAN20305PE.NFO,07/01/2020,10:56:10,31,32.3,2300,35.95,2300,0,13800
BIOCON30JAN20305PE.NFO,07/01/2020,10:56:25,31,32.3,2300,33.35,9200,0,13800
BIOCON30JAN20305PE.NFO,07/01/2020,10:56:51,31,32.3,2300,33.4,2300,0,13800
BIOCON30JAN20305PE.NFO,07/01/2020,10:56:56,31,32.3,2300,36.5,2300,0,13800
BIOCON30JAN20305PE.NFO,07/01/2020,10:57:13,31,32.5,2300,36.5,2300,0,13800
BIOCON30JAN20305PE.NFO,07/01/2020,10:57:27,31,32.6,2300,36.5,2300,0,13800
BIOCON30JAN20305PE.NFO,07/01/2020,10:57:33,31,32.7,2300,35.35,16100,0,13800
BIOCON30JAN20305PE.NFO,07/01/2020,10:57:39,31,32.7,2300,34.8,2300,0,13800
BIOCON30JAN20305PE.NFO,07/01/2020,10:57:44,31,32.7,2300,34.65,16100,0,13800
BIOCON30JAN20305PE.NFO,07/01/2020,10:57:49,31,32.7,2300,35.2,2300,0,13800
BIOCON30JAN20305PE.NFO,07/01/2020,10:57:58,31,32.7,2300,35.7,2300,0,13800
BIOCON30JAN20305PE.NFO,07/01/2020,10:58:02,32.7,32.1,6900,33.35,2300,2300,13800
BIOCON30JAN20305PE.NFO,07/01/2020,10:58:02,32.7,32.1,6900,33.35,2300,0,13800
BIOCON30JAN20305PE.NFO,07/01/2020,10:58:07,32.7,31.9,2300,33.65,2300,0,11500
BIOCON30JAN20305PE.NFO,07/01/2020,10:58:12,32.7,31.9,6900,33.45,6900,0,11500
BIOCON30JAN20305PE.NFO,07/01/2020,10:58:16,32.7,32,2300,33.55,6900,0,11500
BIOCON30JAN20305PE.NFO,07/01/2020,10:58:21,32.7,32,2300,33.3,2300,0,11500
BIOCON30JAN20305PE.NFO,07/01/2020,10:58:26,32.7,31.9,2300,33.75,25300,0,11500
BIOCON30JAN20305PE.NFO,07/01/2020,10:58:36,32.7,31.9,2300,33.25,2300,0,11500
BIOCON30JAN20305PE.NFO,07/01/2020,10:58:41,32.7,31.9,2300,33.6,2300,0,11500
BIOCON30JAN20305PE.NFO,07/01/2020,10:58:47,32.7,31.75,6900,33.5,2300,0,11500
BIOCON30JAN20305PE.NFO,07/01/2020,10:59:02,32.7,31.85,6900,33.5,2300,0,11500
BIOCON30JAN20305PE.NFO,07/01/2020,10:59:08,32.7,31.85,29900,33.6,2300,0,11500
BIOCON30JAN20305PE.NFO,07/01/2020,10:59:19,32.7,31.85,6900,33.85,25300,0,11500
BIOCON30JAN20305PE.NFO,07/01/2020,10:59:56,32.7,31.85,4600,33.65,11500,0,11500
BIOCON30JAN20305PE.NFO,07/01/2020,11:00:02,32.7,31.9,2300,33.65,2300,0,11500
BIOCON30JAN20305PE.NFO,07/01/2020,11:00:08,32.7,31.85,4600,33.5,6900,0,11500
BIOCON30JAN20305PE.NFO,07/01/2020,11:00:21,32.7,31.85,4600,33.45,20700,0,11500
BIOCON30JAN20305PE.NFO,07/01/2020,11:00:27,32.7,31.9,2300,33.65,4600,0,11500
BIOCON30JAN20305PE.NFO,07/01/2020,11:00:34,32.7,31.9,2300,33.5,2300,0,11500
BIOCON30JAN20305PE.NFO,07/01/2020,11:00:46,32.7,31.4,29900,33.05,2300,0,11500
BIOCON30JAN20305PE.NFO,07/01/2020,11:00:52,32.7,31.4,29900,33.45,27600,0,11500
BIOCON30JAN20305PE.NFO,07/01/2020,11:01:07,32.7,31.4,20700,33.15,2300,0,11500
BIOCON30JAN20305PE.NFO,07/01/2020,11:01:15,32.7,31.4,29900,33.25,4600,0,11500
BIOCON30JAN20305PE.NFO,07/01/2020,11:01:41,32.7,31.4,29900,33.45,13800,0,11500
BIOCON30JAN20305PE.NFO,07/01/2020,11:01:48,32.7,31.4,29900,33.45,27600,0,11500
BIOCON30JAN20305PE.NFO,07/01/2020,11:02:09,32.7,31.4,16100,33.45,27600,0,11500
BIOCON30JAN20305PE.NFO,07/01/2020,11:02:16,32.7,31.4,11500,33.45,27600,0,11500
BIOCON30JAN20305PE.NFO,07/01/2020,11:02:22,32.7,31.4,6900,33.45,27600,0,11500
BIOCON30JAN20305PE.NFO,07/01/2020,11:02:28,32.7,31.4,16100,33.45,27600,0,11500
BIOCON30JAN20305PE.NFO,07/01/2020,11:02:35,32.7,31.4,29900,33.45,23000,0,11500
BIOCON30JAN20305PE.NFO,07/01/2020,11:02:41,32.7,31.4,25300,33.45,23000,0,11500
BIOCON30JAN20305PE.NFO,07/01/2020,11:02:52,32.7,31.4,25300,33.45,2300,0,11500
BIOCON30JAN20305PE.NFO,07/01/2020,11:02:58,32.7,31.4,25300,33.45,6900,0,11500
BIOCON30JAN20305PE.NFO,07/01/2020,11:03:04,32.7,31.4,25300,33.4,9200,0,11500
BIOCON30JAN20305PE.NFO,07/01/2020,11:03:10,32.7,31.55,43700,33.45,18400,0,11500
BIOCON30JAN20305PE.NFO,07/01/2020,11:03:16,32.7,31.8,6900,33.45,18400,0,11500
BIOCON30JAN20305PE.NFO,07/01/2020,11:03:21,32.7,31.8,6900,33.45,16100,0,11500
BIOCON30JAN20305PE.NFO,07/01/2020,11:03:27,32.7,31.8,2300,33.4,4600,0,11500
BIOCON30JAN20305PE.NFO,07/01/2020,11:03:32,32.7,31.8,6900,33.4,2300,0,11500
BIOCON30JAN20305PE.NFO,07/01/2020,11:03:50,32.7,31.8,2300,33.3,2300,0,11500
BIOCON30JAN20305PE.NFO,07/01/2020,11:04:01,32.7,31.8,2300,33.4,4600,0,11500
BIOCON30JAN20305PE.NFO,07/01/2020,11:04:07,32.7,31.8,6900,33.4,2300,0,11500
BIOCON30JAN20305PE.NFO,07/01/2020,11:04:13,32.7,31.45,16100,33,2300,0,11500
BIOCON30JAN20305PE.NFO,07/01/2020,11:04:19,32.7,31.45,20700,33.3,9200,0,11500
BIOCON30JAN20305PE.NFO,07/01/2020,11:04:36,32.7,31.45,20700,33.2,2300,0,11500
BIOCON30JAN20305PE.NFO,07/01/2020,11:04:48,32.7,31.45,20700,33.1,2300,0,11500
BIOCON30JAN20305PE.NFO,07/01/2020,11:05:00,32.7,31.45,20700,33.1,4600,0,11500
BIOCON30JAN20305PE.NFO,07/01/2020,11:05:05,32.7,31.5,6900,33,2300,0,11500
BIOCON30JAN20305PE.NFO,07/01/2020,11:05:11,32.7,31,11500,32.8,2300,0,11500
BIOCON30JAN20305PE.NFO,07/01/2020,11:05:17,32.7,30.6,29900,32.5,4600,0,11500
BIOCON30JAN20305PE.NFO,07/01/2020,11:05:22,32.7,31,16100,32.5,4600,0,11500
BIOCON30JAN20305PE.NFO,07/01/2020,11:05:27,32.7,31,16100,32.5,2300,0,11500
BIOCON30JAN20305PE.NFO,07/01/2020,11:05:32,32.7,31,6900,33,27600,0,11500
BIOCON30JAN20305PE.NFO,07/01/2020,11:05:38,32.7,31.15,4600,32.45,2300,0,11500
BIOCON30JAN20305PE.NFO,07/01/2020,11:05:43,32.7,31.05,6900,32.45,2300,0,11500
BIOCON30JAN20305PE.NFO,07/01/2020,11:05:54,32.7,31.1,13800,32.45,2300,0,11500
BIOCON30JAN20305PE.NFO,07/01/2020,11:06:00,32.7,31.15,9200,32.45,2300,0,11500
BIOCON30JAN20305PE.NFO,07/01/2020,11:06:13,32.7,30.95,16100,32.45,2300,0,11500
BIOCON30JAN20305PE.NFO,07/01/2020,11:06:20,32.7,31.1,13800,32.45,2300,0,11500
BIOCON30JAN20305PE.NFO,07/01/2020,11:06:26,32.7,30.6,52900,32.55,2300,0,11500
BIOCON30JAN20305PE.NFO,07/01/2020,11:06:36,32.7,30.7,52900,32.4,2300,0,11500
BIOCON30JAN20305PE.NFO,07/01/2020,11:06:45,32.7,31.25,9200,32.4,2300,0,11500
BIOCON30JAN20305PE.NFO,07/01/2020,11:06:51,32.7,30.95,32200,32.4,2300,0,11500
BIOCON30JAN20305PE.NFO,07/01/2020,11:06:57,32.7,30.65,9200,32.3,20700,0,11500
BIOCON30JAN20305PE.NFO,07/01/2020,11:07:02,32.7,30.7,16100,32.05,2300,0,11500
BIOCON30JAN20305PE.NFO,07/01/2020,11:07:07,32.7,30.7,4600,32.35,18400,0,11500
BIOCON30JAN20305PE.NFO,07/01/2020,11:07:13,32.7,30.75,9200,32.35,18400,0,11500
BIOCON30JAN20305PE.NFO,07/01/2020,11:07:22,32.7,30.75,4600,32.05,2300,0,11500
BIOCON30JAN20305PE.NFO,07/01/2020,11:07:51,32.7,30.8,4600,32.05,2300,0,11500
BIOCON30JAN20305PE.NFO,07/01/2020,11:07:55,32.7,30.9,9200,32.1,2300,0,11500
BIOCON30JAN20305PE.NFO,07/01/2020,11:08:00,32.7,30.9,9200,32.3,2300,0,11500
BIOCON30JAN20305PE.NFO,07/01/2020,11:08:04,32.7,30.95,4600,32.3,2300,0,11500
BIOCON30JAN20305PE.NFO,07/01/2020,11:08:16,32.7,31,11500,32.3,2300,0,11500
BIOCON30JAN20305PE.NFO,07/01/2020,11:08:34,32.7,30.95,6900,32.3,2300,0,11500
BIOCON30JAN20305PE.NFO,07/01/2020,11:08:39,32.7,30.95,11500,32.3,2300,0,11500
BIOCON30JAN20305PE.NFO,07/01/2020,11:08:48,32.7,31,9200,32.3,2300,0,11500
BIOCON30JAN20305PE.NFO,07/01/2020,11:08:52,32.7,30.75,6900,32.3,2300,0,11500
BIOCON30JAN20305PE.NFO,07/01/2020,11:08:57,32.7,30.75,20700,32.3,2300,0,11500
BIOCON30JAN20305PE.NFO,07/01/2020,11:09:02,32.7,30.75,6900,32.3,2300,0,11500
BIOCON30JAN20305PE.NFO,07/01/2020,11:09:11,32.7,30.75,4600,32.1,4600,0,11500
BIOCON30JAN20305PE.NFO,07/01/2020,11:09:20,32.7,30.75,4600,32,2300,0,11500
BIOCON30JAN20305PE.NFO,07/01/2020,11:09:38,32.7,30.9,4600,32,2300,0,11500
BIOCON30JAN20305PE.NFO,07/01/2020,11:09:42,32.7,30.95,4600,32.05,2300,0,11500
BIOCON30JAN20305PE.NFO,07/01/2020,11:09:46,32.7,31,6900,32.1,2300,0,11500
BIOCON30JAN20305PE.NFO,07/01/2020,11:09:50,32.7,30.6,20700,32.4,9200,0,11500
BIOCON30JAN20305PE.NFO,07/01/2020,11:09:54,32.7,30.6,29900,32.4,2300,0,11500
BIOCON30JAN20305PE.NFO,07/01/2020,11:09:57,32.7,30.6,29900,32.2,2300,0,11500
BIOCON30JAN20305PE.NFO,07/01/2020,11:10:01,32.7,30.6,11500,32.2,2300,0,11500
BIOCON30JAN20305PE.NFO,07/01/2020,11:10:10,32.7,30.8,4600,32.2,2300,0,11500
BIOCON30JAN20305PE.NFO,07/01/2020,11:10:23,32.7,30.8,4600,32.1,4600,0,11500
BIOCON30JAN20305PE.NFO,07/01/2020,11:10:46,32.7,30.8,4600,32,2300,0,11500
BIOCON30JAN20305PE.NFO,07/01/2020,11:11:05,32.7,30.85,6900,32.45,2300,0,11500
BIOCON30JAN20305PE.NFO,07/01/2020,11:11:12,32.7,30.95,4600,32.35,2300,0,11500
BIOCON30JAN20305PE.NFO,07/01/2020,11:11:19,32.7,31,4600,32.35,2300,0,11500
BIOCON30JAN20305PE.NFO,07/01/2020,11:11:25,32.7,30.95,9200,32.35,2300,0,11500
BIOCON30JAN20305PE.NFO,07/01/2020,11:11:33,32.7,30.7,32200,32.35,2300,0,11500
BIOCON30JAN20305PE.NFO,07/01/2020,11:11:39,32.7,30.7,41400,32.35,2300,0,11500
BIOCON30JAN20305PE.NFO,07/01/2020,11:11:50,32.7,30.8,27600,32.35,2300,0,11500
BIOCON30JAN20305PE.NFO,07/01/2020,11:11:56,32.7,30.8,36800,32.35,2300,0,11500
BIOCON30JAN20305PE.NFO,07/01/2020,11:12:03,32.7,30.9,29900,32.35,2300,0,11500
BIOCON30JAN20305PE.NFO,07/01/2020,11:12:11,32.7,31.15,27600,32.75,2300,0,11500
BIOCON30JAN20305PE.NFO,07/01/2020,11:12:18,32.7,31.45,11500,32.75,2300,0,11500
BIOCON30JAN20305PE.NFO,07/01/2020,11:12:24,32.7,31.45,9200,32.75,2300,0,11500
BIOCON30JAN20305PE.NFO,07/01/2020,11:12:31,32.7,31.55,4600,32.8,2300,0,11500
BIOCON30JAN20305PE.NFO,07/01/2020,11:12:38,32.7,31.6,4600,33.15,2300,0,11500
BIOCON30JAN20305PE.NFO,07/01/2020,11:12:44,32.7,31.65,6900,33.05,2300,0,11500
BIOCON30JAN20305PE.NFO,07/01/2020,11:13:02,32.7,31.65,6900,32.95,2300,0,11500
BIOCON30JAN20305PE.NFO,07/01/2020,11:13:08,32.7,31.55,4600,32.85,2300,0,11500
BIOCON30JAN20305PE.NFO,07/01/2020,11:13:14,32.7,31.4,6900,32.85,2300,0,11500
BIOCON30JAN20305PE.NFO,07/01/2020,11:13:26,32.7,31.4,4600,32.75,4600,0,11500
BIOCON30JAN20305PE.NFO,07/01/2020,11:13:31,32.7,30.85,29900,32.55,2300,0,11500
BIOCON30JAN20305PE.NFO,07/01/2020,11:13:38,32.7,31.15,4600,32.55,2300,0,11500
BIOCON30JAN20305PE.NFO,07/01/2020,11:13:56,32.7,30.7,29900,32.55,2300,0,11500
BIOCON30JAN20305PE.NFO,07/01/2020,11:14:12,32.7,30.7,29900,32.45,9200,0,11500
BIOCON30JAN20305PE.NFO,07/01/2020,11:14:18,32.7,30.9,6900,32.35,4600,0,11500
BIOCON30JAN20305PE.NFO,07/01/2020,11:14:29,32.7,30.95,6900,32.35,4600,0,11500
BIOCON30JAN20305PE.NFO,07/01/2020,11:14:34,32.7,30.95,4600,32.35,4600,0,11500
BIOCON30JAN20305PE.NFO,07/01/2020,11:14:39,32.7,31,6900,32.35,4600,0,11500
BIOCON30JAN20305PE.NFO,07/01/2020,11:14:44,32.7,31,4600,32.35,4600,0,11500
BIOCON30JAN20305PE.NFO,07/01/2020,11:14:59,32.7,31.1,4600,32.35,4600,0,11500
BIOCON30JAN20305PE.NFO,07/01/2020,11:15:05,32.7,31.25,4600,33,32200,0,11500
BIOCON30JAN20305PE.NFO,07/01/2020,11:15:12,32.7,31.25,4600,32.7,2300,0,11500
BIOCON30JAN20305PE.NFO,07/01/2020,11:15:17,32.7,30.75,46000,32.7,2300,0,11500
BIOCON30JAN20305PE.NFO,07/01/2020,11:15:22,32.7,30.85,36800,32.5,2300,0,11500
BIOCON30JAN20305PE.NFO,07/01/2020,11:15:28,32.7,31.2,9200,32.5,2300,0,11500
BIOCON30JAN20305PE.NFO,07/01/2020,11:15:33,32.7,31.3,6900,32.5,2300,0,11500
BIOCON30JAN20305PE.NFO,07/01/2020,11:15:56,32.7,31.35,9200,32.5,2300,0,11500
BIOCON30JAN20305PE.NFO,07/01/2020,11:16:02,32.7,30.9,39100,32.5,2300,0,11500
BIOCON30JAN20305PE.NFO,07/01/2020,11:16:08,32.7,31.2,9200,32.5,2300,0,11500
BIOCON30JAN20305PE.NFO,07/01/2020,11:16:14,32.7,30.95,11500,32.3,2300,0,11500
BIOCON30JAN20305PE.NFO,07/01/2020,11:16:21,32.7,30.65,18400,32.3,2300,0,11500
BIOCON30JAN20305PE.NFO,07/01/2020,11:16:27,32.7,30.65,18400,32.2,2300,0,11500
BIOCON30JAN20305PE.NFO,07/01/2020,11:16:33,32.7,30.8,9200,32.2,2300,0,11500
BIOCON30JAN20305PE.NFO,07/01/2020,11:16:37,32.7,30.8,4600,32.2,2300,0,11500
BIOCON30JAN20305PE.NFO,07/01/2020,11:16:42,32.7,30.65,16100,32.1,2300,0,11500
BIOCON30JAN20305PE.NFO,07/01/2020,11:16:46,32.7,30.7,2300,32.1,4600,0,11500
BIOCON30JAN20305PE.NFO,07/01/2020,11:17:18,32.7,30.6,2300,32,2300,0,11500
BIOCON30JAN20305PE.NFO,07/01/2020,11:17:32,32.7,29.85,6900,32,2300,0,11500
BIOCON30JAN20305PE.NFO,07/01/2020,11:17:38,32.7,30.45,2300,31.8,2300,0,11500
BIOCON30JAN20305PE.NFO,07/01/2020,11:17:44,32.7,30.35,2300,31.6,2300,0,11500
BIOCON30JAN20305PE.NFO,07/01/2020,11:17:49,32.7,30.45,2300,32.05,2300,0,11500
BIOCON30JAN20305PE.NFO,07/01/2020,11:17:54,32.7,30.45,2300,31.95,2300,0,11500
BIOCON30JAN20305PE.NFO,07/01/2020,11:17:59,32.7,30.45,2300,31.95,4600,0,11500
BIOCON30JAN20305PE.NFO,07/01/2020,11:18:04,32.7,29.85,6900,31.85,2300,0,11500
BIOCON30JAN20305PE.NFO,07/01/2020,11:18:09,32.7,30.35,2300,31.85,2300,0,11500
BIOCON30JAN20305PE.NFO,07/01/2020,11:18:27,32.7,29.7,6900,31.65,4600,0,11500
BIOCON30JAN20305PE.NFO,07/01/2020,11:18:37,32.7,29.55,6900,31.45,2300,0,11500
BIOCON30JAN20305PE.NFO,07/01/2020,11:18:43,32.7,29.55,6900,31.65,2300,0,11500
BIOCON30JAN20305PE.NFO,07/01/2020,11:18:50,32.7,29.55,6900,31.55,2300,0,11500
BIOCON30JAN20305PE.NFO,07/01/2020,11:19:00,32.7,29.7,6900,31.55,2300,0,11500
BIOCON30JAN20305PE.NFO,07/01/2020,11:19:12,32.7,29.65,6900,31.55,2300,0,11500
BIOCON30JAN20305PE.NFO,07/01/2020,11:19:18,32.7,28.3,18400,31.7,2300,0,11500
BIOCON30JAN20305PE.NFO,07/01/2020,11:19:27,32.7,15.9,52900,31.6,2300,0,11500
BIOCON30JAN20305PE.NFO,07/01/2020,11:19:35,32.7,15.9,52900,31.3,2300,0,11500
BIOCON30JAN20305PE.NFO,07/01/2020,11:19:41,32.7,15.9,52900,30.9,2300,0,11500
BIOCON30JAN20305PE.NFO,07/01/2020,11:19:53,29,29.5,11500,30.9,2300,2300,11500
BIOCON30JAN20305PE.NFO,07/01/2020,11:19:53,29,29.5,11500,30.9,2300,0,11500
BIOCON30JAN20305PE.NFO,07/01/2020,11:19:58,29,29.6,6900,30.9,2300,0,11500
BIOCON30JAN20305PE.NFO,07/01/2020,11:20:07,29,29.75,2300,30.9,2300,0,11500
BIOCON30JAN20305PE.NFO,07/01/2020,11:20:12,29,29.5,16100,30.9,2300,0,11500
BIOCON30JAN20305PE.NFO,07/01/2020,11:20:18,29,29.55,18400,30.9,2300,0,11500
BIOCON30JAN20305PE.NFO,07/01/2020,11:20:22,29,29.65,6900,30.9,2300,0,11500
BIOCON30JAN20305PE.NFO,07/01/2020,11:20:26,29,29.65,4600,30.9,2300,0,11500
BIOCON30JAN20305PE.NFO,07/01/2020,11:20:32,29,29.6,4600,30.9,2300,0,11500
BIOCON30JAN20305PE.NFO,07/01/2020,11:20:36,29,29.1,36800,30.8,2300,0,11500
BIOCON30JAN20305PE.NFO,07/01/2020,11:20:42,29,29.55,9200,30.8,2300,0,11500
BIOCON30JAN20305PE.NFO,07/01/2020,11:20:54,29,29.55,6900,30.8,2300,0,11500
BIOCON30JAN20305PE.NFO,07/01/2020,11:21:04,29,29.5,9200,30.8,2300,0,11500
BIOCON30JAN20305PE.NFO,07/01/2020,11:21:09,29,29.45,2300,30.8,2300,0,11500
BIOCON30JAN20305PE.NFO,07/01/2020,11:21:31,29,29.55,2300,30.8,2300,0,11500
BIOCON30JAN20305PE.NFO,07/01/2020,11:21:37,29,29.35,25300,30.8,2300,0,11500
BIOCON30JAN20305PE.NFO,07/01/2020,11:21:47,29,29.35,11500,30.8,2300,0,11500
BIOCON30JAN20305PE.NFO,07/01/2020,11:21:51,29,29.45,2300,30.8,2300,0,11500
BIOCON30JAN20305PE.NFO,07/01/2020,11:22:15,29,29.55,2300,30.8,2300,0,11500
BIOCON30JAN20305PE.NFO,07/01/2020,11:22:23,29,29.65,2300,30.8,2300,0,11500
BIOCON30JAN20305PE.NFO,07/01/2020,11:22:32,29,29.45,11500,30.8,2300,0,11500
BIOCON30JAN20305PE.NFO,07/01/2020,11:22:36,29,29.4,11500,30.8,2300,0,11500
BIOCON30JAN20305PE.NFO,07/01/2020,11:22:41,29,29.6,2300,30.8,2300,0,11500
BIOCON30JAN20305PE.NFO,07/01/2020,11:22:45,29,29.5,2300,30.8,2300,0,11500
BIOCON30JAN20305PE.NFO,07/01/2020,11:22:52,29,29.6,2300,30.8,2300,0,11500
BIOCON30JAN20305PE.NFO,07/01/2020,11:22:56,29,29.4,20700,30.8,2300,0,11500
BIOCON30JAN20305PE.NFO,07/01/2020,11:23:01,29,29.4,11500,30.8,2300,0,11500
BIOCON30JAN20305PE.NFO,07/01/2020,11:23:05,29,29.6,2300,30.8,2300,0,11500
BIOCON30JAN20305PE.NFO,07/01/2020,11:23:16,29,29.65,2300,30.8,2300,0,11500
BIOCON30JAN20305PE.NFO,07/01/2020,11:23:24,29,29.65,2300,30.7,2300,0,11500
BIOCON30JAN20305PE.NFO,07/01/2020,11:23:37,29,29.55,2300,30.7,2300,0,11500
BIOCON30JAN20305PE.NFO,07/01/2020,11:23:42,29,29.65,4600,30.7,2300,0,11500
BIOCON30JAN20305PE.NFO,07/01/2020,11:23:46,29,29.65,2300,30.7,2300,0,11500
BIOCON30JAN20305PE.NFO,07/01/2020,11:23:55,29,29.5,2300,30.7,2300,0,11500
BIOCON30JAN20305PE.NFO,07/01/2020,11:24:00,29,29.2,25300,30.7,2300,0,11500
BIOCON30JAN20305PE.NFO,07/01/2020,11:24:06,29,29.3,11500,30.7,2300,0,11500
BIOCON30JAN20305PE.NFO,07/01/2020,11:24:12,29,28.65,11500,30.1,2300,0,11500
BIOCON30JAN20305PE.NFO,07/01/2020,11:24:17,29,28.85,2300,30,2300,0,11500
BIOCON30JAN20305PE.NFO,07/01/2020,11:24:22,29,28.7,2300,30,2300,0,11500
BIOCON30JAN20305PE.NFO,07/01/2020,11:24:27,29,28.8,2300,30,2300,0,11500
BIOCON30JAN20305PE.NFO,07/01/2020,11:24:36,29,28.35,16100,30,2300,0,11500
BIOCON30JAN20305PE.NFO,07/01/2020,11:24:40,29,28.7,4600,30,2300,0,11500
BIOCON30JAN20305PE.NFO,07/01/2020,11:24:44,29,28.75,2300,30,2300,0,11500
BIOCON30JAN20305PE.NFO,07/01/2020,11:24:49,29,28.7,4600,30,2300,0,11500
BIOCON30JAN20305PE.NFO,07/01/2020,11:25:12,29,28.75,2300,30,2300,0,11500
BIOCON30JAN20305PE.NFO,07/01/2020,11:25:25,29,28.75,11500,30,2300,0,11500
BIOCON30JAN20305PE.NFO,07/01/2020,11:25:30,29,28.85,2300,30,2300,0,11500
BIOCON30JAN20305PE.NFO,07/01/2020,11:25:35,29,28.85,11500,30,2300,0,11500
BIOCON30JAN20305PE.NFO,07/01/2020,11:25:39,29,28.95,2300,30,2300,0,11500
BIOCON30JAN20305PE.NFO,07/01/2020,11:26:03,29,29.05,2300,30,2300,0,11500
BIOCON30JAN20305PE.NFO,07/01/2020,11:26:06,29,28.6,25300,30,2300,0,11500
BIOCON30JAN20305PE.NFO,07/01/2020,11:26:09,29,29,2300,30,2300,0,11500
BIOCON30JAN20305PE.NFO,07/01/2020,11:26:13,29,28.85,25300,30,2300,0,11500
BIOCON30JAN20305PE.NFO,07/01/2020,11:26:16,29,29.05,2300,30,2300,0,11500
BIOCON30JAN20305PE.NFO,07/01/2020,11:26:19,29,29.1,2300,30,2300,0,11500
BIOCON30JAN20305PE.NFO,07/01/2020,11:26:42,29,28.95,2300,30,2300,0,11500
BIOCON30JAN20305PE.NFO,07/01/2020,11:26:46,29,29,2300,30,2300,0,11500
BIOCON30JAN20305PE.NFO,07/01/2020,11:27:00,29,28.9,2300,30,2300,0,11500
BIOCON30JAN20305PE.NFO,07/01/2020,11:27:09,29,29,2300,30,2300,0,11500
BIOCON30JAN20305PE.NFO,07/01/2020,11:27:13,29,28.85,2300,30,2300,0,11500
BIOCON30JAN20305PE.NFO,07/01/2020,11:27:16,29,28.75,4600,30,2300,0,11500
BIOCON30JAN20305PE.NFO,07/01/2020,11:27:25,29,28.9,2300,30,2300,0,11500
BIOCON30JAN20305PE.NFO,07/01/2020,11:27:29,29,28.7,13800,30,2300,0,11500
BIOCON30JAN20305PE.NFO,07/01/2020,11:27:35,29,28.75,4600,30,2300,0,11500
BIOCON30JAN20305PE.NFO,07/01/2020,11:27:48,29,28.7,6900,30,2300,0,11500
BIOCON30JAN20305PE.NFO,07/01/2020,11:28:00,29,28.6,6900,30,2300,0,11500
BIOCON30JAN20305PE.NFO,07/01/2020,11:28:08,29,28.7,6900,30,2300,0,11500
BIOCON30JAN20305PE.NFO,07/01/2020,11:28:12,29,28.7,4600,30,2300,0,11500
BIOCON30JAN20305PE.NFO,07/01/2020,11:28:29,29,28.75,2300,30,2300,0,11500
BIOCON30JAN20305PE.NFO,07/01/2020,11:28:32,29,28.6,6900,30,2300,0,11500
BIOCON30JAN20305PE.NFO,07/01/2020,11:28:40,29,28.9,2300,30,2300,0,11500
BIOCON30JAN20305PE.NFO,07/01/2020,11:28:42,29,28.9,6900,30,2300,0,11500
BIOCON30JAN20305PE.NFO,07/01/2020,11:28:45,29,28.9,2300,30,2300,0,11500
BIOCON30JAN20305PE.NFO,07/01/2020,11:28:48,29,29,4600,30,2300,0,11500
BIOCON30JAN20305PE.NFO,07/01/2020,11:28:51,29,28.8,16100,30,2300,0,11500
BIOCON30JAN20305PE.NFO,07/01/2020,11:28:55,29,28.85,2300,30,2300,0,11500
BIOCON30JAN20305PE.NFO,07/01/2020,11:28:58,29,28.85,6900,30,2300,0,11500
BIOCON30JAN20305PE.NFO,07/01/2020,11:29:07,29,28.7,6900,30,2300,0,11500
BIOCON30JAN20305PE.NFO,07/01/2020,11:29:14,29,28.9,2300,30,2300,0,11500
BIOCON30JAN20305PE.NFO,07/01/2020,11:30:05,29,28.7,16100,30,2300,0,11500
BIOCON30JAN20305PE.NFO,07/01/2020,11:30:09,29,28.85,13800,30,2300,0,11500
BIOCON30JAN20305PE.NFO,07/01/2020,11:30:12,29,28.85,6900,30,2300,0,11500
BIOCON30JAN20305PE.NFO,07/01/2020,11:31:12,29,28.85,6900,29.95,11500,0,11500
BIOCON30JAN20305PE.NFO,07/01/2020,11:31:17,29.95,28.85,6900,30.35,2300,11500,11500
BIOCON30JAN20305PE.NFO,07/01/2020,11:31:22,29.95,28.85,6900,30.35,2300,0,11500
BIOCON30JAN20305PE.NFO,07/01/2020,11:31:25,29.95,29,4600,30.35,2300,0,11500
BIOCON30JAN20305PE.NFO,07/01/2020,11:31:32,29.95,29,2300,30.35,2300,0,11500
BIOCON30JAN20305PE.NFO,07/01/2020,11:31:36,29.95,29.1,2300,30.35,2300,0,11500
BIOCON30JAN20305PE.NFO,07/01/2020,11:31:46,29.95,29.15,11500,30.35,2300,0,11500
BIOCON30JAN20305PE.NFO,07/01/2020,11:31:51,29.15,28.65,25300,30.35,2300,11500,11500
BIOCON30JAN20305PE.NFO,07/01/2020,11:31:57,29.15,28.65,25300,30.35,2300,0,11500
BIOCON30JAN20305PE.NFO,07/01/2020,11:32:08,29.15,29.05,2300,30.35,2300,0,11500
BIOCON30JAN20305PE.NFO,07/01/2020,11:32:18,29.15,29.1,11500,30.35,2300,0,11500
BIOCON30JAN20305PE.NFO,07/01/2020,11:32:22,29.1,28.7,25300,30.35,2300,11500,11500
BIOCON30JAN20305PE.NFO,07/01/2020,11:32:25,29.1,29.1,2300,30.35,2300,0,11500
BIOCON30JAN20305PE.NFO,07/01/2020,11:32:34,29.1,28.85,32200,30.35,2300,0,11500
BIOCON30JAN20305PE.NFO,07/01/2020,11:33:09,29.1,28.85,13800,30.35,2300,0,11500
BIOCON30JAN20305PE.NFO,07/01/2020,11:33:13,29.1,28.85,18400,30.35,2300,0,11500
BIOCON30JAN20305PE.NFO,07/01/2020,11:33:20,29.1,28.85,13800,30.35,2300,0,11500
BIOCON30JAN20305PE.NFO,07/01/2020,11:33:23,29.1,28.85,32200,30.35,2300,0,11500
BIOCON30JAN20305PE.NFO,07/01/2020,11:33:27,29.1,29.15,9200,30.35,2300,0,11500
BIOCON30JAN20305PE.NFO,07/01/2020,11:33:31,29.1,29.2,2300,30.35,2300,0,11500
BIOCON30JAN20305PE.NFO,07/01/2020,11:33:55,29.1,29.15,2300,30.35,2300,0,11500
BIOCON30JAN20305PE.NFO,07/01/2020,11:34:31,29.1,29.1,2300,30.35,2300,0,11500
BIOCON30JAN20305PE.NFO,07/01/2020,11:35:16,29.1,29.15,2300,30.35,2300,0,11500
BIOCON30JAN20305PE.NFO,07/01/2020,11:35:21,29.1,29.1,2300,30.35,2300,0,11500
BIOCON30JAN20305PE.NFO,07/01/2020,11:35:27,29.1,29.25,2300,30.35,2300,0,11500
BIOCON30JAN20305PE.NFO,07/01/2020,11:35:32,29.1,29.15,2300,30.35,2300,0,11500
BIOCON30JAN20305PE.NFO,07/01/2020,11:35:43,29.1,29.15,2300,30.25,2300,0,11500
BIOCON30JAN20305PE.NFO,07/01/2020,11:35:48,29.1,28.75,13800,30.25,2300,0,11500
BIOCON30JAN20305PE.NFO,07/01/2020,11:36:34,29.1,28.85,9200,30.25,2300,0,11500
BIOCON30JAN20305PE.NFO,07/01/2020,11:37:02,29.1,28.85,9200,30.05,2300,0,11500
BIOCON30JAN20305PE.NFO,07/01/2020,11:37:15,29.1,28.5,32200,30.05,2300,0,11500
BIOCON30JAN20305PE.NFO,07/01/2020,11:39:01,29.1,28.95,2300,30.05,2300,0,11500
BIOCON30JAN20305PE.NFO,07/01/2020,11:39:51,29.1,29,2300,30.05,2300,0,11500
BIOCON30JAN20305PE.NFO,07/01/2020,11:39:58,29.1,28.95,2300,30.05,2300,0,11500
BIOCON30JAN20305PE.NFO,07/01/2020,11:41:12,29.1,29,2300,30.05,2300,0,11500
BIOCON30JAN20305PE.NFO,07/01/2020,11:41:15,29.1,28.85,9200,30.05,2300,0,11500
BIOCON30JAN20305PE.NFO,07/01/2020,11:41:19,29.1,28.85,13800,30.05,2300,0,11500
BIOCON30JAN20305PE.NFO,07/01/2020,11:41:32,29.1,28.95,9200,30.05,2300,0,11500
BIOCON30JAN20305PE.NFO,07/01/2020,11:42:19,29.1,29.05,2300,30.05,2300,0,11500
BIOCON30JAN20305PE.NFO,07/01/2020,11:42:22,29.1,28.7,27600,30.05,2300,0,11500
BIOCON30JAN20305PE.NFO,07/01/2020,11:42:33,29.1,28.7,32200,30.05,2300,0,11500
BIOCON30JAN20305PE.NFO,07/01/2020,11:44:40,29.1,28.7,32200,30.55,2300,0,11500
BIOCON30JAN20305PE.NFO,07/01/2020,11:44:49,29.1,29.15,11500,30.55,2300,0,11500
BIOCON30JAN20305PE.NFO,07/01/2020,11:44:52,29.1,29.2,20700,30.55,2300,0,11500
BIOCON30JAN20305PE.NFO,07/01/2020,11:44:55,29.1,29.05,13800,30.55,2300,0,11500
BIOCON30JAN20305PE.NFO,07/01/2020,11:45:01,29.1,29.05,18400,30.55,2300,0,11500
BIOCON30JAN20305PE.NFO,07/01/2020,11:45:10,29.1,29.05,13800,30.55,2300,0,11500
BIOCON30JAN20305PE.NFO,07/01/2020,11:45:48,29.1,29.05,18400,30.55,2300,0,11500
BIOCON30JAN20305PE.NFO,07/01/2020,11:45:54,29.1,29.05,13800,30.55,2300,0,11500
BIOCON30JAN20305PE.NFO,07/01/2020,11:46:08,29.1,29.05,27600,30.55,2300,0,11500
BIOCON30JAN20305PE.NFO,07/01/2020,11:46:11,29.1,28.65,32200,30.35,2300,0,11500
BIOCON30JAN20305PE.NFO,07/01/2020,11:46:54,29.1,28.65,13800,30.15,2300,0,11500
BIOCON30JAN20305PE.NFO,07/01/2020,11:47:08,29.1,28.65,18400,30.15,2300,0,11500
BIOCON30JAN20305PE.NFO,07/01/2020,11:47:18,29.1,28.65,27600,30.15,2300,0,11500
BIOCON30JAN20305PE.NFO,07/01/2020,11:47:20,29.1,28.65,32200,30.15,2300,0,11500
BIOCON30JAN20305PE.NFO,07/01/2020,11:47:25,29.1,28.9,16100,30.15,2300,0,11500
BIOCON30JAN20305PE.NFO,07/01/2020,11:47:27,29.1,28.9,9200,30.15,2300,0,11500
BIOCON30JAN20305PE.NFO,07/01/2020,11:47:40,29.1,28.95,4600,30.15,2300,0,11500
BIOCON30JAN20305PE.NFO,07/01/2020,11:48:08,29.1,29,20700,30.15,2300,0,11500
BIOCON30JAN20305PE.NFO,07/01/2020,11:48:16,29.1,29.3,4600,30.15,2300,0,11500
BIOCON30JAN20305PE.NFO,07/01/2020,11:48:19,29.1,29.25,2300,30.15,2300,0,11500
BIOCON30JAN20305PE.NFO,07/01/2020,11:48:23,29.1,28.8,6900,30.15,2300,0,11500
BIOCON30JAN20305PE.NFO,07/01/2020,11:48:26,29.1,28.9,4600,30.15,2300,0,11500
BIOCON30JAN20305PE.NFO,07/01/2020,11:48:40,29.1,28.6,23000,30.15,2300,0,11500
BIOCON30JAN20305PE.NFO,07/01/2020,11:48:44,29.1,28.6,32200,30.15,2300,0,11500
BIOCON30JAN20305PE.NFO,07/01/2020,11:48:47,29.1,28.6,32200,30.75,2300,0,11500
BIOCON30JAN20305PE.NFO,07/01/2020,11:49:02,29.1,28.6,32200,30.65,2300,0,11500
BIOCON30JAN20305PE.NFO,07/01/2020,11:49:10,29.1,29.1,27600,30.65,2300,0,11500
BIOCON30JAN20305PE.NFO,07/01/2020,11:49:12,29.1,29.1,13800,30.65,2300,0,11500
BIOCON30JAN20305PE.NFO,07/01/2020,11:49:18,29.1,29.1,32200,30.65,2300,0,11500
BIOCON30JAN20305PE.NFO,07/01/2020,11:49:32,29.1,29.1,13800,30.65,2300,0,11500
BIOCON30JAN20305PE.NFO,07/01/2020,11:49:38,29.1,29.1,18400,30.65,2300,0,11500
BIOCON30JAN20305PE.NFO,07/01/2020,11:49:43,29.1,29.1,13800,30.65,2300,0,11500
BIOCON30JAN20305PE.NFO,07/01/2020,11:49:48,29.1,29.1,6900,30.65,2300,0,11500
BIOCON30JAN20305PE.NFO,07/01/2020,11:49:50,29.1,29.4,2300,30.65,2300,0,11500
BIOCON30JAN20305PE.NFO,07/01/2020,11:49:56,29.1,28.9,32200,30.65,2300,0,11500
BIOCON30JAN20305PE.NFO,07/01/2020,11:50:07,29.1,28.9,27600,30.55,2300,0,11500
BIOCON30JAN20305PE.NFO,07/01/2020,11:50:28,29.1,28.9,27600,30.45,2300,0,11500
BIOCON30JAN20305PE.NFO,07/01/2020,11:50:32,29.1,28.9,13800,30.45,2300,0,11500
BIOCON30JAN20305PE.NFO,07/01/2020,11:50:52,29.1,29.15,2300,30.45,2300,0,11500
BIOCON30JAN20305PE.NFO,07/01/2020,11:51:07,29.1,29.25,2300,30.45,2300,0,11500
BIOCON30JAN20305PE.NFO,07/01/2020,11:51:51,29.1,29,2300,30.45,2300,0,11500
BIOCON30JAN20305PE.NFO,07/01/2020,11:51:54,29.1,29.1,2300,30.45,2300,0,11500
BIOCON30JAN20305PE.NFO,07/01/2020,11:52:01,29.1,28.85,13800,30.45,2300,0,11500
BIOCON30JAN20305PE.NFO,07/01/2020,11:53:25,29.1,28.95,4600,30.45,2300,0,11500
BIOCON30JAN20305PE.NFO,07/01/2020,11:53:28,29.1,29,2300,30.45,2300,0,11500
BIOCON30JAN20305PE.NFO,07/01/2020,11:53:31,29.1,29,2300,30.35,2300,0,11500
BIOCON30JAN20305PE.NFO,07/01/2020,11:53:42,29.1,28.9,2300,30.15,2300,0,11500
BIOCON30JAN20305PE.NFO,07/01/2020,11:53:45,29.1,28.25,16100,30.15,2300,0,11500
BIOCON30JAN20305PE.NFO,07/01/2020,11:53:48,29.1,28.7,2300,30.15,2300,0,11500
BIOCON30JAN20305PE.NFO,07/01/2020,11:53:51,29.1,28.55,13800,30.15,2300,0,11500
BIOCON30JAN20305PE.NFO,07/01/2020,11:53:53,29.1,28.55,13800,30.05,2300,0,11500
BIOCON30JAN20305PE.NFO,07/01/2020,11:53:56,29.1,28.55,2300,29.75,2300,0,11500
BIOCON30JAN20305PE.NFO,07/01/2020,11:54:03,29.1,28.6,4600,30.3,4600,0,11500
BIOCON30JAN20305PE.NFO,07/01/2020,11:54:05,29.1,28.35,27600,30.1,2300,0,11500
BIOCON30JAN20305PE.NFO,07/01/2020,11:54:07,29.1,28.35,13800,30,2300,0,11500
BIOCON30JAN20305PE.NFO,07/01/2020,11:54:10,29.1,28.35,13800,29.9,2300,0,11500
BIOCON30JAN20305PE.NFO,07/01/2020,11:54:12,29.1,28.35,6900,29.8,2300,0,11500
BIOCON30JAN20305PE.NFO,07/01/2020,11:54:16,29.1,28.35,6900,29.7,2300,0,11500
BIOCON30JAN20305PE.NFO,07/01/2020,11:54:20,29.1,28.35,2300,29.6,2300,0,11500
BIOCON30JAN20305PE.NFO,07/01/2020,11:54:23,29.1,27.95,32200,29.4,2300,0,11500
BIOCON30JAN20305PE.NFO,07/01/2020,11:54:26,29.1,27.95,11500,29.4,2300,0,11500
BIOCON30JAN20305PE.NFO,07/01/2020,11:54:29,29.1,28.15,6900,29.4,2300,0,11500
BIOCON30JAN20305PE.NFO,07/01/2020,11:54:32,29.1,28.35,2300,29.4,2300,0,11500
BIOCON30JAN20305PE.NFO,07/01/2020,11:54:37,29.1,28.3,2300,29.4,2300,0,11500
BIOCON30JAN20305PE.NFO,07/01/2020,11:54:40,29.1,28.4,2300,29.4,2300,0,11500
BIOCON30JAN20305PE.NFO,07/01/2020,11:54:43,29.1,28.3,2300,29.4,2300,0,11500
BIOCON30JAN20305PE.NFO,07/01/2020,11:54:48,29.1,28.4,2300,29.4,2300,0,11500
BIOCON30JAN20305PE.NFO,07/01/2020,11:54:50,29.1,28.05,18400,29.4,2300,0,11500
BIOCON30JAN20305PE.NFO,07/01/2020,11:54:52,29.1,28.3,2300,29.35,2300,0,11500
BIOCON30JAN20305PE.NFO,07/01/2020,11:54:54,29.1,28.3,2300,29.65,2300,0,11500
BIOCON30JAN20305PE.NFO,07/01/2020,11:54:56,29.1,28.3,2300,29.65,4600,0,11500
BIOCON30JAN20305PE.NFO,07/01/2020,11:55:06,29.1,28.05,2300,29.55,32200,0,11500
BIOCON30JAN20305PE.NFO,07/01/2020,11:55:10,29.1,27.55,27600,29.25,2300,0,11500
BIOCON30JAN20305PE.NFO,07/01/2020,11:55:13,29.1,27.55,27600,29.2,2300,0,11500
BIOCON30JAN20305PE.NFO,07/01/2020,11:55:16,29.1,27.55,27600,29.4,13800,0,11500
BIOCON30JAN20305PE.NFO,07/01/2020,11:55:19,29.1,27.55,27600,29.1,2300,0,11500
BIOCON30JAN20305PE.NFO,07/01/2020,11:55:22,29.1,27.55,27600,29.05,2300,0,11500
BIOCON30JAN20305PE.NFO,07/01/2020,11:55:25,29.1,27.55,27600,29,2300,0,11500
BIOCON30JAN20305PE.NFO,07/01/2020,11:55:28,29.1,27,23000,28.4,4600,0,11500
BIOCON30JAN20305PE.NFO,07/01/2020,11:55:31,29.1,26.95,2300,28.25,2300,0,11500
BIOCON30JAN20305PE.NFO,07/01/2020,11:55:34,29.1,27.25,2300,28.8,2300,0,11500
BIOCON30JAN20305PE.NFO,07/01/2020,11:55:37,29.1,27.05,27600,28.5,2300,0,11500
BIOCON30JAN20305PE.NFO,07/01/2020,11:55:40,29.1,27.05,27600,28.85,2300,0,11500
BIOCON30JAN20305PE.NFO,07/01/2020,11:55:45,29.1,27.05,23000,28.65,2300,0,11500
BIOCON30JAN20305PE.NFO,07/01/2020,11:55:48,29.1,27.05,23000,28.55,2300,0,11500
BIOCON30JAN20305PE.NFO,07/01/2020,11:55:51,29.1,27.4,2300,28.95,20700,0,11500
BIOCON30JAN20305PE.NFO,07/01/2020,11:55:52,29.1,27.15,2300,28.65,2300,0,11500
BIOCON30JAN20305PE.NFO,07/01/2020,11:55:57,29.1,27.25,2300,28.65,2300,0,11500
BIOCON30JAN20305PE.NFO,07/01/2020,11:56:00,29.1,27.05,23000,28.65,2300,0,11500
BIOCON30JAN20305PE.NFO,07/01/2020,11:56:02,29.1,27.05,27600,28.65,2300,0,11500
BIOCON30JAN20305PE.NFO,07/01/2020,11:56:05,29.1,27.05,23000,28.6,2300,0,11500
BIOCON30JAN20305PE.NFO,07/01/2020,11:56:08,29.1,27.05,23000,28.85,4600,0,11500
BIOCON30JAN20305PE.NFO,07/01/2020,11:56:11,29.1,27.05,23000,28.65,2300,0,11500
BIOCON30JAN20305PE.NFO,07/01/2020,11:56:13,29.1,27.05,23000,29.15,20700,0,11500
BIOCON30JAN20305PE.NFO,07/01/2020,11:56:15,29.1,27.05,23000,28.95,2300,0,11500
BIOCON30JAN20305PE.NFO,07/01/2020,11:56:17,29.1,27.05,23000,28.65,2300,0,11500
BIOCON30JAN20305PE.NFO,07/01/2020,11:56:19,29.1,27.05,23000,29,2300,0,11500
BIOCON30JAN20305PE.NFO,07/01/2020,11:56:21,29.1,27.05,23000,28.7,2300,0,11500
BIOCON30JAN20305PE.NFO,07/01/2020,11:56:23,29.1,27.05,23000,28.5,2300,0,11500
BIOCON30JAN20305PE.NFO,07/01/2020,11:56:25,29.1,27.05,23000,28.45,2300,0,11500
BIOCON30JAN20305PE.NFO,07/01/2020,11:56:28,29.1,27.05,27600,28.7,2300,0,11500
BIOCON30JAN20305PE.NFO,07/01/2020,11:56:32,29.1,27.05,23000,28.95,20700,0,11500
BIOCON30JAN20305PE.NFO,07/01/2020,11:56:35,29.1,27.05,23000,28.75,4600,0,11500
BIOCON30JAN20305PE.NFO,07/01/2020,11:56:41,29.1,27.05,23000,28.65,4600,0,11500
BIOCON30JAN20305PE.NFO,07/01/2020,11:56:44,29.1,27.05,23000,28.45,2300,0,11500
BIOCON30JAN20305PE.NFO,07/01/2020,11:56:47,29.1,27.1,2300,28.4,2300,0,11500
BIOCON30JAN20305PE.NFO,07/01/2020,11:56:50,29.1,27.15,2300,28.3,2300,0,11500
BIOCON30JAN20305PE.NFO,07/01/2020,11:56:52,29.1,26.95,2300,28.3,2300,0,11500
BIOCON30JAN20305PE.NFO,07/01/2020,11:56:54,29.1,26.85,16100,28.2,2300,0,11500
BIOCON30JAN20305PE.NFO,07/01/2020,11:56:56,29.1,26.65,6900,28.35,2300,0,11500
BIOCON30JAN20305PE.NFO,07/01/2020,11:56:59,29.1,26.75,2300,28.15,2300,0,11500
BIOCON30JAN20305PE.NFO,07/01/2020,11:57:01,29.1,26.65,6900,28.15,2300,0,11500
BIOCON30JAN20305PE.NFO,07/01/2020,11:57:03,29.1,26.75,2300,28.05,4600,0,11500
BIOCON30JAN20305PE.NFO,07/01/2020,11:57:05,29.1,26,6900,27.95,4600,0,11500
BIOCON30JAN20305PE.NFO,07/01/2020,11:57:07,29.1,26,6900,27.8,2300,0,11500
BIOCON30JAN20305PE.NFO,07/01/2020,11:57:10,29.1,26.1,6900,28.1,2300,0,11500
BIOCON30JAN20305PE.NFO,07/01/2020,11:57:13,29.1,26.65,6900,28,2300,0,11500
BIOCON30JAN20305PE.NFO,07/01/2020,11:57:15,29.1,26.65,6900,28,4600,0,11500
BIOCON30JAN20305PE.NFO,07/01/2020,11:57:18,29.1,26.75,2300,28,4600,0,11500
BIOCON30JAN20305PE.NFO,07/01/2020,11:57:21,29.1,26.85,2300,28,4600,0,11500
BIOCON30JAN20305PE.NFO,07/01/2020,11:57:24,29.1,26.75,2300,28.4,4600,0,11500
BIOCON30JAN20305PE.NFO,07/01/2020,11:57:27,29.1,27.05,2300,28.3,4600,0,11500
BIOCON30JAN20305PE.NFO,07/01/2020,11:57:30,29.1,26.85,2300,28.3,4600,0,11500
BIOCON30JAN20305PE.NFO,07/01/2020,11:57:34,29.1,27.05,2300,28.15,2300,0,11500
BIOCON30JAN20305PE.NFO,07/01/2020,11:57:37,29.1,26.85,6900,28.4,2300,0,11500
BIOCON30JAN20305PE.NFO,07/01/2020,11:57:41,29.1,26.75,2300,28.3,4600,0,11500
BIOCON30JAN20305PE.NFO,07/01/2020,11:57:47,29.1,26.75,2300,28.2,4600,0,11500
BIOCON30JAN20305PE.NFO,07/01/2020,11:57:52,29.1,26.85,2300,28.05,2300,0,11500
BIOCON30JAN20305PE.NFO,07/01/2020,11:57:55,29.1,26.75,2300,28.4,9200,0,11500
BIOCON30JAN20305PE.NFO,07/01/2020,11:57:58,29.1,26.75,2300,28.1,2300,0,11500
BIOCON30JAN20305PE.NFO,07/01/2020,11:58:01,29.1,26.75,2300,28.3,11500,0,11500
BIOCON30JAN20305PE.NFO,07/01/2020,11:58:04,29.1,26.75,2300,28.1,2300,0,11500
BIOCON30JAN20305PE.NFO,07/01/2020,11:58:07,29.1,26.75,2300,28.55,16100,0,11500
BIOCON30JAN20305PE.NFO,07/01/2020,11:58:10,29.1,26.85,2300,28.25,2300,0,11500
BIOCON30JAN20305PE.NFO,07/01/2020,11:58:14,29.1,26.85,2300,28.15,2300,0,11500
BIOCON30JAN20305PE.NFO,07/01/2020,11:58:16,29.1,26.95,2300,28.3,2300,0,11500
BIOCON30JAN20305PE.NFO,07/01/2020,11:58:19,29.1,26.95,2300,28.05,2300,0,11500
BIOCON30JAN20305PE.NFO,07/01/2020,11:58:21,29.1,26.9,11500,28.25,2300,0,11500
BIOCON30JAN20305PE.NFO,07/01/2020,11:58:22,29.1,26.95,2300,28.1,2300,0,11500
BIOCON30JAN20305PE.NFO,07/01/2020,11:58:24,29.1,26.95,2300,28.45,2300,0,11500
BIOCON30JAN20305PE.NFO,07/01/2020,11:58:26,29.1,26.95,2300,28.35,2300,0,11500
BIOCON30JAN20305PE.NFO,07/01/2020,11:58:28,29.1,27,2300,28.55,2300,0,11500
BIOCON30JAN20305PE.NFO,07/01/2020,11:58:31,29.1,27,2300,28.45,4600,0,11500
BIOCON30JAN20305PE.NFO,07/01/2020,11:58:33,29.1,26.75,2300,28.45,4600,0,11500
BIOCON30JAN20305PE.NFO,07/01/2020,11:58:35,29.1,27.05,2300,28.35,2300,0,11500
BIOCON30JAN20305PE.NFO,07/01/2020,11:58:37,29.1,27.05,2300,28.25,2300,0,11500
BIOCON30JAN20305PE.NFO,07/01/2020,11:58:39,29.1,27.05,2300,28.75,25300,0,11500
BIOCON30JAN20305PE.NFO,07/01/2020,11:58:41,29.1,27.05,2300,28.55,2300,0,11500
BIOCON30JAN20305PE.NFO,07/01/2020,11:58:43,29.1,27.05,2300,28.3,2300,0,11500
BIOCON30JAN20305PE.NFO,07/01/2020,11:58:45,29.1,27.05,2300,28.2,2300,0,11500
BIOCON30JAN20305PE.NFO,07/01/2020,11:58:49,29.1,27.05,2300,28.15,2300,0,11500
BIOCON30JAN20305PE.NFO,07/01/2020,11:58:52,29.1,26.95,2300,28.4,2300,0,11500
BIOCON30JAN20305PE.NFO,07/01/2020,11:58:55,29.1,26.95,2300,28.15,2300,0,11500
BIOCON30JAN20305PE.NFO,07/01/2020,11:58:57,29.1,26.95,2300,28.45,2300,0,11500
BIOCON30JAN20305PE.NFO,07/01/2020,11:58:58,29.1,26.95,2300,28.25,2300,0,11500
BIOCON30JAN20305PE.NFO,07/01/2020,11:59:01,29.1,26.95,2300,28.15,2300,0,11500
BIOCON30JAN20305PE.NFO,07/01/2020,11:59:04,29.1,27,2300,28.45,2300,0,11500
BIOCON30JAN20305PE.NFO,07/01/2020,11:59:07,29.1,27,2300,28.3,2300,0,11500
BIOCON30JAN20305PE.NFO,07/01/2020,11:59:09,29.1,27.1,2300,28.6,2300,0,11500
BIOCON30JAN20305PE.NFO,07/01/2020,11:59:11,29.1,27.2,2300,28.4,4600,0,11500
BIOCON30JAN20305PE.NFO,07/01/2020,11:59:14,29.1,27.15,2300,28.4,4600,0,11500
BIOCON30JAN20305PE.NFO,07/01/2020,11:59:19,29.1,27,2300,28.4,4600,0,11500
BIOCON30JAN20305PE.NFO,07/01/2020,11:59:22,29.1,27.05,2300,28.4,4600,0,11500
BIOCON30JAN20305PE.NFO,07/01/2020,11:59:25,29.1,27.15,2300,28.4,4600,0,11500
BIOCON30JAN20305PE.NFO,07/01/2020,11:59:29,29.1,27.25,2300,28.4,4600,0,11500
BIOCON30JAN20305PE.NFO,07/01/2020,11:59:43,29.1,27,13800,28.4,4600,0,11500
BIOCON30JAN20305PE.NFO,07/01/2020,11:59:45,29.1,27,18400,28.4,4600,0,11500
BIOCON30JAN20305PE.NFO,07/01/2020,11:59:48,29.1,27,9200,28.4,4600,0,11500
BIOCON30JAN20305PE.NFO,07/01/2020,11:59:53,29.1,26.95,6900,28.2,2300,0,11500
BIOCON30JAN20305PE.NFO,07/01/2020,11:59:56,29.1,26.75,2300,28,2300,0,11500
BIOCON30JAN20305PE.NFO,07/01/2020,11:59:59,29.1,26.75,2300,28.45,25300,0,11500
BIOCON30JAN20305PE.NFO,07/01/2020,12:00:02,29.1,26.85,2300,28.05,2300,0,11500
BIOCON30JAN20305PE.NFO,07/01/2020,12:00:07,29.1,26.85,2300,28.45,20700,0,11500
BIOCON30JAN20305PE.NFO,07/01/2020,12:00:10,29.1,26.85,2300,28.25,4600,0,11500
BIOCON30JAN20305PE.NFO,07/01/2020,12:00:13,29.1,26.85,2300,28.15,4600,0,11500
BIOCON30JAN20305PE.NFO,07/01/2020,12:00:16,29.1,26.75,2300,27.95,2300,0,11500
BIOCON30JAN20305PE.NFO,07/01/2020,12:00:18,29.1,25.95,6900,27.75,4600,0,11500
BIOCON30JAN20305PE.NFO,07/01/2020,12:00:28,29.1,25.45,6900,27.15,2300,0,11500
BIOCON30JAN20305PE.NFO,07/01/2020,12:00:31,29.1,25.45,6900,27,2300,0,11500
BIOCON30JAN20305PE.NFO,07/01/2020,12:00:36,29.1,25.35,6900,26.95,2300,0,11500
BIOCON30JAN20305PE.NFO,07/01/2020,12:00:39,29.1,25.35,6900,26.95,4600,0,11500
BIOCON30JAN20305PE.NFO,07/01/2020,12:00:42,29.1,25.35,6900,26.8,2300,0,11500
BIOCON30JAN20305PE.NFO,07/01/2020,12:00:43,29.1,25.35,6900,26.95,2300,0,11500
BIOCON30JAN20305PE.NFO,07/01/2020,12:00:45,29.1,25.35,6900,26.85,2300,0,11500
BIOCON30JAN20305PE.NFO,07/01/2020,12:00:51,29.1,25.15,6900,26.7,2300,0,11500
BIOCON30JAN20305PE.NFO,07/01/2020,12:00:53,29.1,23.4,20700,26.9,2300,0,11500
BIOCON30JAN20305PE.NFO,07/01/2020,12:00:56,29.1,15.1,13800,26.5,2300,0,11500
BIOCON30JAN20305PE.NFO,07/01/2020,12:01:00,29.1,15.15,52900,26.3,2300,0,11500
BIOCON30JAN20305PE.NFO,07/01/2020,12:01:32,29.1,15.15,52900,26.2,2300,0,11500
BIOCON30JAN20305PE.NFO,07/01/2020,12:01:36,29.1,15.15,52900,26,2300,0,11500
BIOCON30JAN20305PE.NFO,07/01/2020,12:02:01,29.1,15.15,52900,26,4600,0,11500
BIOCON30JAN20305PE.NFO,07/01/2020,12:02:04,29.1,15.15,52900,26,2300,0,11500
BIOCON30JAN20305PE.NFO,07/01/2020,12:02:30,29.1,15.15,52900,25.9,2300,0,11500
BIOCON30JAN20305PE.NFO,07/01/2020,12:02:40,29.1,15.15,52900,25.9,4600,0,11500
BIOCON30JAN20305PE.NFO,07/01/2020,12:03:03,29.1,15.15,52900,25.9,2300,0,11500
BIOCON30JAN20305PE.NFO,07/01/2020,12:04:17,29.1,15.15,52900,25.8,2300,0,11500
BIOCON30JAN20305PE.NFO,07/01/2020,12:05:07,25.8,25.2,2300,26.75,6900,2300,11500
BIOCON30JAN20305PE.NFO,07/01/2020,12:05:07,25.8,25.2,2300,26.75,6900,0,11500
BIOCON30JAN20305PE.NFO,07/01/2020,12:05:11,25.8,25,9200,26.45,6900,0,11500
BIOCON30JAN20305PE.NFO,07/01/2020,12:05:14,25.8,24.85,2300,26.2,6900,0,11500
BIOCON30JAN20305PE.NFO,07/01/2020,12:05:17,25.8,24.85,2300,26.3,2300,0,11500
BIOCON30JAN20305PE.NFO,07/01/2020,12:05:19,25.8,24.7,2300,26.25,6900,0,11500
BIOCON30JAN20305PE.NFO,07/01/2020,12:05:21,25.8,24.7,6900,26.05,2300,0,11500
BIOCON30JAN20305PE.NFO,07/01/2020,12:05:24,25.8,24.9,2300,26.35,6900,0,11500
BIOCON30JAN20305PE.NFO,07/01/2020,12:05:26,25.8,25,2300,26.7,13800,0,11500
BIOCON30JAN20305PE.NFO,07/01/2020,12:05:28,25.8,25.1,2300,26.5,6900,0,11500
BIOCON30JAN20305PE.NFO,07/01/2020,12:05:30,25.8,25.1,2300,26.7,2300,0,11500
BIOCON30JAN20305PE.NFO,07/01/2020,12:05:32,25.8,25.1,2300,26.45,2300,0,11500
BIOCON30JAN20305PE.NFO,07/01/2020,12:05:37,25.8,25.1,2300,26.8,27600,0,11500
BIOCON30JAN20305PE.NFO,07/01/2020,12:05:40,25.8,25.1,2300,26.6,9200,0,11500
BIOCON30JAN20305PE.NFO,07/01/2020,12:05:43,25.8,25.1,2300,26.95,25300,0,11500
BIOCON30JAN20305PE.NFO,07/01/2020,12:05:45,25.8,24.75,32200,26.5,6900,0,11500
BIOCON30JAN20305PE.NFO,07/01/2020,12:05:48,25.8,24.75,32200,26.5,2300,0,11500
BIOCON30JAN20305PE.NFO,07/01/2020,12:05:51,25.8,24.75,32200,26.6,2300,0,11500
BIOCON30JAN20305PE.NFO,07/01/2020,12:05:59,25.8,24.75,32200,26.95,6900,0,11500
BIOCON30JAN20305PE.NFO,07/01/2020,12:06:02,25.8,24.75,32200,27.2,9200,0,11500
BIOCON30JAN20305PE.NFO,07/01/2020,12:06:05,25.8,24.75,32200,26.95,2300,0,11500
BIOCON30JAN20305PE.NFO,07/01/2020,12:06:08,25.8,24.75,32200,27.1,9200,0,11500
BIOCON30JAN20305PE.NFO,07/01/2020,12:06:10,25.8,24.75,32200,26.85,2300,0,11500
BIOCON30JAN20305PE.NFO,07/01/2020,12:06:12,25.8,24.75,32200,27.05,9200,0,11500
BIOCON30JAN20305PE.NFO,07/01/2020,12:06:13,25.8,24.75,32200,26.9,2300,0,11500
BIOCON30JAN20305PE.NFO,07/01/2020,12:06:15,25.8,24.75,32200,26.95,2300,0,11500
BIOCON30JAN20305PE.NFO,07/01/2020,12:06:16,25.8,24.75,32200,26.9,6900,0,11500
BIOCON30JAN20305PE.NFO,07/01/2020,12:06:17,25.8,24.75,32200,27.1,9200,0,11500
BIOCON30JAN20305PE.NFO,07/01/2020,12:06:18,25.8,24.75,32200,27,6900,0,11500
BIOCON30JAN20305PE.NFO,07/01/2020,12:06:19,25.8,24.75,32200,26.95,2300,0,11500
BIOCON30JAN20305PE.NFO,07/01/2020,12:06:20,25.8,24.75,32200,27.2,18400,0,11500
BIOCON30JAN20305PE.NFO,07/01/2020,12:06:21,25.8,24.75,32200,27.1,9200,0,11500
BIOCON30JAN20305PE.NFO,07/01/2020,12:06:22,25.8,24.75,32200,27,6900,0,11500
BIOCON30JAN20305PE.NFO,07/01/2020,12:06:23,25.8,24.75,32200,26.85,2300,0,11500
BIOCON30JAN20305PE.NFO,07/01/2020,12:06:24,25.8,24.75,32200,27.05,2300,0,11500
BIOCON30JAN20305PE.NFO,07/01/2020,12:06:25,25.8,24.75,32200,27,9200,0,11500
BIOCON30JAN20305PE.NFO,07/01/2020,12:06:26,25.8,24.75,32200,26.85,2300,0,11500
BIOCON30JAN20305PE.NFO,07/01/2020,12:06:27,25.8,24.75,32200,27.2,18400,0,11500
BIOCON30JAN20305PE.NFO,07/01/2020,12:06:30,25.8,24.75,32200,27.1,9200,0,11500
BIOCON30JAN20305PE.NFO,07/01/2020,12:06:31,25.8,24.75,32200,27.1,13800,0,11500
BIOCON30JAN20305PE.NFO,07/01/2020,12:06:34,25.8,24.75,32200,27,9200,0,11500
BIOCON30JAN20305PE.NFO,07/01/2020,12:06:35,25.8,24.75,32200,26.8,6900,0,11500
BIOCON30JAN20305PE.NFO,07/01/2020,12:06:36,25.8,24.75,32200,26.75,2300,0,11500
BIOCON30JAN20305PE.NFO,07/01/2020,12:06:39,25.8,24.75,32200,26.95,2300,0,11500
BIOCON30JAN20305PE.NFO,07/01/2020,12:06:40,25.8,24.75,32200,26.85,6900,0,11500
BIOCON30JAN20305PE.NFO,07/01/2020,12:06:41,25.8,24.75,32200,26.8,2300,0,11500
BIOCON30JAN20305PE.NFO,07/01/2020,12:06:42,25.8,24.75,32200,26.95,9200,0,11500
BIOCON30JAN20305PE.NFO,07/01/2020,12:06:43,25.8,24.75,32200,26.85,6900,0,11500
BIOCON30JAN20305PE.NFO,07/01/2020,12:06:44,25.8,24.75,32200,26.8,2300,0,11500
BIOCON30JAN20305PE.NFO,07/01/2020,12:06:45,25.8,24.75,32200,26.6,2300,0,11500
BIOCON30JAN20305PE.NFO,07/01/2020,12:06:50,25.8,24.75,32200,26.5,2300,0,11500
BIOCON30JAN20305PE.NFO,07/01/2020,12:06:52,25.8,24.75,32200,26.4,2300,0,11500
BIOCON30JAN20305PE.NFO,07/01/2020,12:06:55,25.8,24.75,32200,26.3,2300,0,11500
BIOCON30JAN20305PE.NFO,07/01/2020,12:06:57,25.8,24.75,32200,26.2,2300,0,11500
BIOCON30JAN20305PE.NFO,07/01/2020,12:07:16,25.8,24.75,32200,26.1,2300,0,11500
BIOCON30JAN20305PE.NFO,07/01/2020,12:07:19,25.8,24.75,32200,26,2300,0,11500
BIOCON30JAN20305PE.NFO,07/01/2020,12:07:28,25.8,24.75,27600,25.9,2300,0,11500
BIOCON30JAN20305PE.NFO,07/01/2020,12:07:30,25.8,24.75,32200,25.9,2300,0,11500
BIOCON30JAN20305PE.NFO,07/01/2020,12:07:38,25.8,24.85,36800,25.9,2300,0,11500
BIOCON30JAN20305PE.NFO,07/01/2020,12:07:41,25.8,24.95,9200,25.9,2300,0,11500
BIOCON30JAN20305PE.NFO,07/01/2020,12:07:49,25.8,24.95,13800,25.9,2300,0,11500
BIOCON30JAN20305PE.NFO,07/01/2020,12:07:54,25.8,24.95,18400,25.9,2300,0,11500
BIOCON30JAN20305PE.NFO,07/01/2020,12:07:57,25.8,24.95,13800,25.9,2300,0,11500
BIOCON30JAN20305PE.NFO,07/01/2020,12:08:02,25.8,24.95,18400,25.9,2300,0,11500
BIOCON30JAN20305PE.NFO,07/01/2020,12:08:10,25.8,24.95,13800,25.9,2300,0,11500
BIOCON30JAN20305PE.NFO,07/01/2020,12:08:15,25.8,24.95,18400,25.9,2300,0,11500
BIOCON30JAN20305PE.NFO,07/01/2020,12:08:42,25.8,24.95,32200,25.9,2300,0,11500
BIOCON30JAN20305PE.NFO,07/01/2020,12:08:48,25.8,24.95,18400,25.9,2300,0,11500
BIOCON30JAN20305PE.NFO,07/01/2020,12:08:52,25.8,24.95,27600,25.9,2300,0,11500
BIOCON30JAN20305PE.NFO,07/01/2020,12:09:00,25.8,24.95,32200,25.9,2300,0,11500
BIOCON30JAN20305PE.NFO,07/01/2020,12:09:09,25.9,24.95,32200,26.55,2300,2300,13800
BIOCON30JAN20305PE.NFO,07/01/2020,12:09:12,25.9,24.95,32200,27.05,13800,0,13800
BIOCON30JAN20305PE.NFO,07/01/2020,12:09:15,25.9,24.95,32200,26.95,13800,0,13800
BIOCON30JAN20305PE.NFO,07/01/2020,12:09:18,25.9,24.95,32200,27,6900,0,13800
BIOCON30JAN20305PE.NFO,07/01/2020,12:09:21,25.9,24.95,32200,27.05,9200,0,13800
BIOCON30JAN20305PE.NFO,07/01/2020,12:09:24,25.9,24.95,32200,27.15,9200,0,13800
BIOCON30JAN20305PE.NFO,07/01/2020,12:09:27,25.9,24.95,32200,26.85,6900,0,13800
BIOCON30JAN20305PE.NFO,07/01/2020,12:09:30,25.9,24.95,32200,27.05,9200,0,13800
BIOCON30JAN20305PE.NFO,07/01/2020,12:09:33,25.9,24.95,32200,26.8,2300,0,13800
BIOCON30JAN20305PE.NFO,07/01/2020,12:09:36,25.9,24.95,32200,27.05,9200,0,13800
BIOCON30JAN20305PE.NFO,07/01/2020,12:09:39,25.9,24.95,32200,27.05,13800,0,13800
BIOCON30JAN20305PE.NFO,07/01/2020,12:09:43,25.9,24.95,13800,26.75,6900,0,13800
BIOCON30JAN20305PE.NFO,07/01/2020,12:09:46,25.9,24.95,18400,27.05,13800,0,13800
BIOCON30JAN20305PE.NFO,07/01/2020,12:09:49,25.9,24.95,9200,27.05,18400,0,13800
BIOCON30JAN20305PE.NFO,07/01/2020,12:10:03,25.9,24.95,2300,26.65,13800,0,13800
BIOCON30JAN20305PE.NFO,07/01/2020,12:10:05,25.9,24.95,2300,26.45,6900,0,13800
BIOCON30JAN20305PE.NFO,07/01/2020,12:10:07,25.9,24.75,2300,26.45,9200,0,13800
BIOCON30JAN20305PE.NFO,07/01/2020,12:10:10,25.9,24.8,4600,26.25,9200,0,13800
BIOCON30JAN20305PE.NFO,07/01/2020,12:10:12,25.9,24.7,13800,26.85,18400,0,13800
BIOCON30JAN20305PE.NFO,07/01/2020,12:10:14,25.9,24.7,13800,26.55,13800,0,13800
BIOCON30JAN20305PE.NFO,07/01/2020,12:10:15,25.9,24.45,4600,26.45,18400,0,13800
BIOCON30JAN20305PE.NFO,07/01/2020,12:10:16,25.9,24.5,2300,26.35,13800,0,13800
BIOCON30JAN20305PE.NFO,07/01/2020,12:10:17,25.9,24.5,2300,26.25,13800,0,13800
BIOCON30JAN20305PE.NFO,07/01/2020,12:10:18,25.9,24.5,2300,26.15,9200,0,13800
BIOCON30JAN20305PE.NFO,07/01/2020,12:10:19,25.9,24.5,2300,26.05,9200,0,13800
BIOCON30JAN20305PE.NFO,07/01/2020,12:10:20,25.9,24.25,18400,25.9,2300,0,13800
BIOCON30JAN20305PE.NFO,07/01/2020,12:10:21,25.9,24.25,23000,26.5,23000,0,13800
BIOCON30JAN20305PE.NFO,07/01/2020,12:10:22,25.9,24.25,23000,26.4,27600,0,13800
BIOCON30JAN20305PE.NFO,07/01/2020,12:10:23,25.9,24.25,27600,26.3,27600,0,13800
BIOCON30JAN20305PE.NFO,07/01/2020,12:10:24,25.9,24.25,6900,26.2,27600,0,13800
BIOCON30JAN20305PE.NFO,07/01/2020,12:10:25,25.9,23.8,29900,26.1,23000,0,13800
BIOCON30JAN20305PE.NFO,07/01/2020,12:10:26,25.9,23.8,29900,26,18400,0,13800
BIOCON30JAN20305PE.NFO,07/01/2020,12:10:27,25.9,23.8,29900,25.8,6900,0,13800
BIOCON30JAN20305PE.NFO,07/01/2020,12:10:28,25.9,23.8,29900,25.7,6900,0,13800
BIOCON30JAN20305PE.NFO,07/01/2020,12:10:29,25.9,23.8,29900,25.65,2300,0,13800
BIOCON30JAN20305PE.NFO,07/01/2020,12:10:30,25.9,23.8,29900,26.5,27600,0,13800
BIOCON30JAN20305PE.NFO,07/01/2020,12:10:31,25.9,23.8,29900,26.4,27600,0,13800
BIOCON30JAN20305PE.NFO,07/01/2020,12:10:32,25.9,23.8,29900,26.3,27600,0,13800
BIOCON30JAN20305PE.NFO,07/01/2020,12:10:33,25.9,23.8,29900,26.2,18400,0,13800
BIOCON30JAN20305PE.NFO,07/01/2020,12:10:34,25.9,23.8,29900,26.05,6900,0,13800
BIOCON30JAN20305PE.NFO,07/01/2020,12:10:37,25.9,23.8,29900,26.05,11500,0,13800
BIOCON30JAN20305PE.NFO,07/01/2020,12:10:38,25.9,23.8,29900,26,6900,0,13800
BIOCON30JAN20305PE.NFO,07/01/2020,12:10:39,25.9,23.8,29900,25.9,6900,0,13800
BIOCON30JAN20305PE.NFO,07/01/2020,12:10:40,25.9,23.8,29900,26.05,6900,0,13800
BIOCON30JAN20305PE.NFO,07/01/2020,12:10:41,25.9,23.8,29900,26.35,23000,0,13800
BIOCON30JAN20305PE.NFO,07/01/2020,12:10:42,25.9,23.8,29900,26.35,27600,0,13800
BIOCON30JAN20305PE.NFO,07/01/2020,12:10:48,25.9,23.8,29900,26.35,23000,0,13800
BIOCON30JAN20305PE.NFO,07/01/2020,12:10:51,25.9,23.8,29900,26.35,27600,0,13800
BIOCON30JAN20305PE.NFO,07/01/2020,12:10:54,25.9,23.8,29900,26.35,23000,0,13800
BIOCON30JAN20305PE.NFO,07/01/2020,12:10:55,25.9,23.8,29900,26.35,27600,0,13800
BIOCON30JAN20305PE.NFO,07/01/2020,12:11:29,25.9,23.8,29900,26.35,23000,0,13800
BIOCON30JAN20305PE.NFO,07/01/2020,12:11:31,25.9,24.25,29900,26.35,18400,0,13800
BIOCON30JAN20305PE.NFO,07/01/2020,12:11:35,25.9,24.25,29900,26.35,6900,0,13800
BIOCON30JAN20305PE.NFO,07/01/2020,12:11:37,25.9,24.25,29900,26.45,23000,0,13800
BIOCON30JAN20305PE.NFO,07/01/2020,12:11:40,25.9,24.25,29900,26.45,27600,0,13800
BIOCON30JAN20305PE.NFO,07/01/2020,12:11:48,25.9,24.25,29900,26.25,18400,0,13800
BIOCON30JAN20305PE.NFO,07/01/2020,12:11:51,25.9,24.25,29900,26.25,13800,0,13800
BIOCON30JAN20305PE.NFO,07/01/2020,12:11:56,25.9,24.25,29900,26.25,18400,0,13800
BIOCON30JAN20305PE.NFO,07/01/2020,12:12:07,25.9,24.25,29900,26.35,9200,0,13800
BIOCON30JAN20305PE.NFO,07/01/2020,12:12:16,25.9,24.25,29900,26.3,6900,0,13800
BIOCON30JAN20305PE.NFO,07/01/2020,12:12:23,25.9,24.25,29900,26.65,39100,0,13800
BIOCON30JAN20305PE.NFO,07/01/2020,12:12:26,25.9,24.25,29900,26.35,6900,0,13800
BIOCON30JAN20305PE.NFO,07/01/2020,12:12:30,25.9,24.25,29900,26.3,11500,0,13800
BIOCON30JAN20305PE.NFO,07/01/2020,12:12:32,25.9,24.25,29900,26.45,23000,0,13800
BIOCON30JAN20305PE.NFO,07/01/2020,12:12:39,25.9,24.75,6900,26.35,13800,0,13800
BIOCON30JAN20305PE.NFO,07/01/2020,12:12:41,25.9,24.65,9200,26.35,13800,0,13800
BIOCON30JAN20305PE.NFO,07/01/2020,12:12:47,25.9,24.65,13800,26.55,36800,0,13800
BIOCON30JAN20305PE.NFO,07/01/2020,12:12:54,25.9,24.75,9200,26.55,36800,0,13800
BIOCON30JAN20305PE.NFO,07/01/2020,12:12:56,25.9,24.75,9200,26.45,20700,0,13800
BIOCON30JAN20305PE.NFO,07/01/2020,12:12:58,25.9,24.75,9200,26.45,4600,0,13800
BIOCON30JAN20305PE.NFO,07/01/2020,12:13:06,25.9,24.75,9200,26.9,46000,0,13800
BIOCON30JAN20305PE.NFO,07/01/2020,12:13:11,25.9,24.75,2300,26.5,16100,0,13800
BIOCON30JAN20305PE.NFO,07/01/2020,12:13:12,25.9,24.75,2300,26.5,20700,0,13800
BIOCON30JAN20305PE.NFO,07/01/2020,12:13:13,25.9,24.75,2300,26.35,6900,0,13800
BIOCON30JAN20305PE.NFO,07/01/2020,12:13:14,25.9,24.75,2300,26.45,6900,0,13800
BIOCON30JAN20305PE.NFO,07/01/2020,12:13:15,25.9,24.75,2300,26.35,9200,0,13800
BIOCON30JAN20305PE.NFO,07/01/2020,12:13:17,25.9,24.75,2300,26.2,9200,0,13800
BIOCON30JAN20305PE.NFO,07/01/2020,12:13:21,25.9,24.6,9200,26.2,9200,0,13800
BIOCON30JAN20305PE.NFO,07/01/2020,12:13:22,25.9,24.75,2300,26.2,9200,0,13800
BIOCON30JAN20305PE.NFO,07/01/2020,12:13:30,25.9,24.75,2300,26.1,6900,0,13800
BIOCON30JAN20305PE.NFO,07/01/2020,12:13:31,25.9,24.75,2300,26.05,2300,0,13800
BIOCON30JAN20305PE.NFO,07/01/2020,12:13:32,25.9,24.75,2300,26.35,4600,0,13800
BIOCON30JAN20305PE.NFO,07/01/2020,12:13:33,25.9,24.75,2300,26.3,20700,0,13800
BIOCON30JAN20305PE.NFO,07/01/2020,12:13:34,25.9,24.75,2300,26.2,16100,0,13800
BIOCON30JAN20305PE.NFO,07/01/2020,12:13:35,25.9,24.75,2300,26.1,11500,0,13800
BIOCON30JAN20305PE.NFO,07/01/2020,12:13:36,25.9,24.75,2300,26.05,2300,0,13800
BIOCON30JAN20305PE.NFO,07/01/2020,12:13:37,25.9,24.75,2300,26.3,6900,0,13800
BIOCON30JAN20305PE.NFO,07/01/2020,12:13:38,25.9,24.75,2300,26.2,6900,0,13800
BIOCON30JAN20305PE.NFO,07/01/2020,12:13:39,25.9,24.75,2300,26.15,2300,0,13800
BIOCON30JAN20305PE.NFO,07/01/2020,12:13:40,25.9,24.75,2300,26.4,6900,0,13800
BIOCON30JAN20305PE.NFO,07/01/2020,12:13:41,25.9,24.75,2300,26.3,9200,0,13800
BIOCON30JAN20305PE.NFO,07/01/2020,12:13:42,25.9,24.8,2300,26.4,9200,0,13800
BIOCON30JAN20305PE.NFO,07/01/2020,12:13:43,25.9,24.85,2300,26.65,27600,0,13800
BIOCON30JAN20305PE.NFO,07/01/2020,12:13:45,25.9,24.85,2300,26.45,6900,0,13800
BIOCON30JAN20305PE.NFO,07/01/2020,12:13:46,25.9,24.85,2300,26.4,2300,0,13800
BIOCON30JAN20305PE.NFO,07/01/2020,12:13:47,25.9,24.85,2300,26.3,2300,0,13800
BIOCON30JAN20305PE.NFO,07/01/2020,12:13:48,25.9,24.85,2300,26.45,9200,0,13800
BIOCON30JAN20305PE.NFO,07/01/2020,12:13:49,25.9,24.85,2300,26.35,6900,0,13800
BIOCON30JAN20305PE.NFO,07/01/2020,12:13:50,25.9,24.85,2300,26.3,2300,0,13800
BIOCON30JAN20305PE.NFO,07/01/2020,12:13:51,25.9,24.95,2300,26.5,2300,0,13800
BIOCON30JAN20305PE.NFO,07/01/2020,12:13:52,25.9,24.95,2300,26.4,2300,0,13800
BIOCON30JAN20305PE.NFO,07/01/2020,12:13:55,25.9,24.95,2300,26.5,6900,0,13800
BIOCON30JAN20305PE.NFO,07/01/2020,12:13:56,25.9,25.05,2300,26.45,2300,0,13800
BIOCON30JAN20305PE.NFO,07/01/2020,12:13:57,25.9,24.5,29900,26.45,2300,0,13800
BIOCON30JAN20305PE.NFO,07/01/2020,12:13:58,25.9,24.5,29900,26.5,6900,0,13800
BIOCON30JAN20305PE.NFO,07/01/2020,12:13:59,25.9,24.5,29900,26.45,2300,0,13800
BIOCON30JAN20305PE.NFO,07/01/2020,12:14:00,25.9,24.5,29900,26.5,6900,0,13800
BIOCON30JAN20305PE.NFO,07/01/2020,12:14:01,25.9,24.5,29900,26.45,2300,0,13800
BIOCON30JAN20305PE.NFO,07/01/2020,12:14:02,25.9,24.5,29900,26.5,6900,0,13800
BIOCON30JAN20305PE.NFO,07/01/2020,12:14:03,25.9,24.5,29900,26.45,2300,0,13800
BIOCON30JAN20305PE.NFO,07/01/2020,12:14:05,25.9,24.5,29900,26.75,18400,0,13800
BIOCON30JAN20305PE.NFO,07/01/2020,12:14:06,25.9,24.5,29900,26.65,13800,0,13800
BIOCON30JAN20305PE.NFO,07/01/2020,12:14:07,25.9,24.5,29900,26.55,6900,0,13800
BIOCON30JAN20305PE.NFO,07/01/2020,12:14:08,25.9,24.5,29900,26.5,2300,0,13800
BIOCON30JAN20305PE.NFO,07/01/2020,12:14:09,25.9,24.5,29900,26.6,9200,0,13800
BIOCON30JAN20305PE.NFO,07/01/2020,12:14:10,25.9,24.5,29900,26.5,6900,0,13800
BIOCON30JAN20305PE.NFO,07/01/2020,12:14:11,25.9,24.5,29900,26.45,2300,0,13800
BIOCON30JAN20305PE.NFO,07/01/2020,12:14:12,25.9,24.5,29900,26.6,9200,0,13800
BIOCON30JAN20305PE.NFO,07/01/2020,12:14:19,25.9,24.5,29900,26.5,9200,0,13800
BIOCON30JAN20305PE.NFO,07/01/2020,12:14:48,25.9,24.5,29900,26.55,2300,0,13800
BIOCON30JAN20305PE.NFO,07/01/2020,12:14:54,25.9,24.5,29900,26.6,6900,0,13800
BIOCON30JAN20305PE.NFO,07/01/2020,12:14:59,25.9,24.5,29900,26.6,9200,0,13800
BIOCON30JAN20305PE.NFO,07/01/2020,12:15:03,25.9,24.5,29900,26.5,2300,0,13800
BIOCON30JAN20305PE.NFO,07/01/2020,12:15:07,25.9,24.5,29900,26.55,6900,0,13800
BIOCON30JAN20305PE.NFO,07/01/2020,12:15:10,25.9,24.5,29900,26.5,2300,0,13800
BIOCON30JAN20305PE.NFO,07/01/2020,12:15:14,25.9,25,2300,26.6,2300,0,13800
BIOCON30JAN20305PE.NFO,07/01/2020,12:15:17,25.9,25,2300,26.55,6900,0,13800
BIOCON30JAN20305PE.NFO,07/01/2020,12:15:21,25.9,25,2300,26.45,2300,0,13800
BIOCON30JAN20305PE.NFO,07/01/2020,12:15:25,25.9,25,2300,26.5,9200,0,13800
BIOCON30JAN20305PE.NFO,07/01/2020,12:15:28,25.9,25,2300,26.45,6900,0,13800
BIOCON30JAN20305PE.NFO,07/01/2020,12:15:31,25.9,25,2300,26.55,9200,0,13800
BIOCON30JAN20305PE.NFO,07/01/2020,12:15:33,25.9,25.1,2300,26.55,2300,0,13800
BIOCON30JAN20305PE.NFO,07/01/2020,12:15:36,25.9,25.1,2300,26.5,2300,0,13800
BIOCON30JAN20305PE.NFO,07/01/2020,12:15:39,25.9,25.1,2300,26.4,2300,0,13800
BIOCON30JAN20305PE.NFO,07/01/2020,12:15:42,25.9,25.1,2300,26.55,9200,0,13800
BIOCON30JAN20305PE.NFO,07/01/2020,12:15:48,25.9,25.15,9200,26.8,23000,0,13800
BIOCON30JAN20305PE.NFO,07/01/2020,12:15:51,25.9,25.15,2300,26.65,2300,0,13800
BIOCON30JAN20305PE.NFO,07/01/2020,12:15:59,25.9,25.2,2300,26.65,2300,0,13800
BIOCON30JAN20305PE.NFO,07/01/2020,12:16:03,25.9,25.15,4600,26.7,2300,0,13800
BIOCON30JAN20305PE.NFO,07/01/2020,12:16:10,25.9,24.75,25300,26.6,2300,0,13800
BIOCON30JAN20305PE.NFO,07/01/2020,12:16:13,25.9,24.75,29900,26.6,2300,0,13800
BIOCON30JAN20305PE.NFO,07/01/2020,12:16:15,25.9,24.75,29900,26.65,9200,0,13800
BIOCON30JAN20305PE.NFO,07/01/2020,12:16:18,25.9,24.75,29900,26.6,2300,0,13800
BIOCON30JAN20305PE.NFO,07/01/2020,12:16:23,25.9,24.75,20700,26.5,2300,0,13800
BIOCON30JAN20305PE.NFO,07/01/2020,12:16:25,25.9,24.75,4600,26.35,4600,0,13800
BIOCON30JAN20305PE.NFO,07/01/2020,12:16:28,25.9,24.75,4600,26.45,23000,0,13800
BIOCON30JAN20305PE.NFO,07/01/2020,12:16:30,25.9,24.75,4600,26.3,2300,0,13800
BIOCON30JAN20305PE.NFO,07/01/2020,12:16:31,25.9,24.75,4600,26.45,25300,0,13800
BIOCON30JAN20305PE.NFO,07/01/2020,12:16:33,25.9,24.75,4600,26.2,2300,0,13800
BIOCON30JAN20305PE.NFO,07/01/2020,12:16:35,25.9,24.75,4600,26.4,9200,0,13800
BIOCON30JAN20305PE.NFO,07/01/2020,12:16:36,25.9,24.75,4600,26.25,2300,0,13800
BIOCON30JAN20305PE.NFO,07/01/2020,12:16:39,25.9,24.75,4600,26.25,9200,0,13800
BIOCON30JAN20305PE.NFO,07/01/2020,12:16:43,25.9,24.75,2300,26.3,4600,0,13800
BIOCON30JAN20305PE.NFO,07/01/2020,12:16:45,25.9,24.75,2300,26.2,9200,0,13800
BIOCON30JAN20305PE.NFO,07/01/2020,12:16:59,25.9,24.8,2300,26.2,9200,0,13800
BIOCON30JAN20305PE.NFO,07/01/2020,12:17:01,25.9,24.8,2300,26.2,11500,0,13800
BIOCON30JAN20305PE.NFO,07/01/2020,12:17:03,25.9,24.8,2300,26.15,2300,0,13800
BIOCON30JAN20305PE.NFO,07/01/2020,12:17:05,25.9,24.85,2300,26.15,2300,0,13800
BIOCON30JAN20305PE.NFO,07/01/2020,12:17:07,25.9,24.85,2300,26.2,16100,0,13800
BIOCON30JAN20305PE.NFO,07/01/2020,12:17:09,25.9,24.85,2300,26.2,9200,0,13800
BIOCON30JAN20305PE.NFO,07/01/2020,12:17:12,25.9,24.85,2300,26.1,9200,0,13800
BIOCON30JAN20305PE.NFO,07/01/2020,12:17:13,25.9,24.85,2300,26.55,46000,0,13800
BIOCON30JAN20305PE.NFO,07/01/2020,12:17:14,25.9,24.85,2300,26.3,6900,0,13800
BIOCON30JAN20305PE.NFO,07/01/2020,12:17:15,25.9,24.6,2300,26.05,2300,0,13800
BIOCON30JAN20305PE.NFO,07/01/2020,12:17:16,25.9,24.6,2300,26,6900,0,13800
BIOCON30JAN20305PE.NFO,07/01/2020,12:17:17,25.9,24.6,2300,25.95,2300,0,13800
BIOCON30JAN20305PE.NFO,07/01/2020,12:17:18,25.9,24.6,2300,26.45,27600,0,13800
BIOCON30JAN20305PE.NFO,07/01/2020,12:17:19,25.9,24.6,2300,26.25,13800,0,13800
BIOCON30JAN20305PE.NFO,07/01/2020,12:17:20,25.9,24.6,2300,26.15,23000,0,13800
BIOCON30JAN20305PE.NFO,07/01/2020,12:17:22,25.9,24.6,2300,26.05,9200,0,13800
BIOCON30JAN20305PE.NFO,07/01/2020,12:17:23,25.9,24.6,2300,25.95,6900,0,13800
BIOCON30JAN20305PE.NFO,07/01/2020,12:17:24,25.9,24.6,2300,25.8,2300,0,13800
BIOCON30JAN20305PE.NFO,07/01/2020,12:17:25,25.9,24.6,2300,25.7,2300,0,13800
BIOCON30JAN20305PE.NFO,07/01/2020,12:17:26,25.9,24.6,2300,25.9,2300,0,13800
BIOCON30JAN20305PE.NFO,07/01/2020,12:17:27,25.9,24.6,2300,25.8,6900,0,13800
BIOCON30JAN20305PE.NFO,07/01/2020,12:17:28,25.9,24.6,2300,25.75,2300,0,13800
BIOCON30JAN20305PE.NFO,07/01/2020,12:17:30,25.9,24.6,2300,26.3,23000,0,13800
BIOCON30JAN20305PE.NFO,07/01/2020,12:17:31,25.9,24.7,2300,26.15,6900,0,13800
BIOCON30JAN20305PE.NFO,07/01/2020,12:17:32,25.9,24.7,2300,26,2300,0,13800
BIOCON30JAN20305PE.NFO,07/01/2020,12:17:33,25.9,24.7,2300,26,9200,0,13800
BIOCON30JAN20305PE.NFO,07/01/2020,12:17:34,25.9,24.7,2300,26,6900,0,13800
BIOCON30JAN20305PE.NFO,07/01/2020,12:17:35,25.9,24.7,2300,25.95,2300,0,13800
BIOCON30JAN20305PE.NFO,07/01/2020,12:17:36,25.9,24.7,2300,26.1,9200,0,13800
BIOCON30JAN20305PE.NFO,07/01/2020,12:17:37,25.9,24.7,2300,26,6900,0,13800
BIOCON30JAN20305PE.NFO,07/01/2020,12:17:38,25.9,24.7,2300,26.05,9200,0,13800
BIOCON30JAN20305PE.NFO,07/01/2020,12:17:39,25.9,24.7,2300,25.95,6900,0,13800
BIOCON30JAN20305PE.NFO,07/01/2020,12:17:40,25.9,24.7,2300,25.9,2300,0,13800
BIOCON30JAN20305PE.NFO,07/01/2020,12:17:41,25.9,24.7,2300,26.05,9200,0,13800
BIOCON30JAN20305PE.NFO,07/01/2020,12:17:42,25.9,24.7,2300,25.95,6900,0,13800
BIOCON30JAN20305PE.NFO,07/01/2020,12:17:43,25.9,24.7,2300,25.9,2300,0,13800
BIOCON30JAN20305PE.NFO,07/01/2020,12:17:44,25.9,24.7,2300,26.05,9200,0,13800
BIOCON30JAN20305PE.NFO,07/01/2020,12:17:45,25.9,24.5,2300,25.95,6900,0,13800
BIOCON30JAN20305PE.NFO,07/01/2020,12:17:46,25.9,24.5,2300,25.85,6900,0,13800
BIOCON30JAN20305PE.NFO,07/01/2020,12:17:47,25.9,24.5,2300,25.8,2300,0,13800
BIOCON30JAN20305PE.NFO,07/01/2020,12:17:48,25.9,24.6,2300,26.05,23000,0,13800
BIOCON30JAN20305PE.NFO,07/01/2020,12:17:49,25.9,24.6,2300,25.85,6900,0,13800
BIOCON30JAN20305PE.NFO,07/01/2020,12:17:50,25.9,24.6,2300,25.8,2300,0,13800
BIOCON30JAN20305PE.NFO,07/01/2020,12:17:51,25.9,24.8,2300,26.35,27600,0,13800
BIOCON30JAN20305PE.NFO,07/01/2020,12:17:52,25.9,24.75,2300,26.25,27600,0,13800
BIOCON30JAN20305PE.NFO,07/01/2020,12:17:53,25.9,24.75,2300,26.1,6900,0,13800
BIOCON30JAN20305PE.NFO,07/01/2020,12:17:54,25.9,24.75,2300,26.05,2300,0,13800
BIOCON30JAN20305PE.NFO,07/01/2020,12:17:55,25.9,24.75,2300,26.05,6900,0,13800
BIOCON30JAN20305PE.NFO,07/01/2020,12:17:56,25.9,24.75,2300,26,2300,0,13800
BIOCON30JAN20305PE.NFO,07/01/2020,12:17:57,25.9,24.75,2300,26.05,6900,0,13800
BIOCON30JAN20305PE.NFO,07/01/2020,12:18:00,25.9,24.75,2300,26,2300,0,13800
BIOCON30JAN20305PE.NFO,07/01/2020,12:18:01,25.9,24.75,2300,26.05,6900,0,13800
BIOCON30JAN20305PE.NFO,07/01/2020,12:18:02,25.9,24.75,2300,26,2300,0,13800
BIOCON30JAN20305PE.NFO,07/01/2020,12:18:03,25.9,24.75,2300,26.05,6900,0,13800
BIOCON30JAN20305PE.NFO,07/01/2020,12:18:04,25.9,24.75,2300,26,2300,0,13800
BIOCON30JAN20305PE.NFO,07/01/2020,12:18:05,25.9,24.7,2300,26.05,6900,0,13800
BIOCON30JAN20305PE.NFO,07/01/2020,12:18:06,25.9,24.7,2300,26,2300,0,13800
BIOCON30JAN20305PE.NFO,07/01/2020,12:18:07,25.9,24.7,2300,25.95,2300,0,13800
BIOCON30JAN20305PE.NFO,07/01/2020,12:18:08,25.9,24.7,2300,26,6900,0,13800
BIOCON30JAN20305PE.NFO,07/01/2020,12:18:09,25.9,24.7,2300,25.95,2300,0,13800
BIOCON30JAN20305PE.NFO,07/01/2020,12:18:11,25.9,24.7,2300,26,6900,0,13800
BIOCON30JAN20305PE.NFO,07/01/2020,12:18:13,25.9,24.7,2300,25.95,2300,0,13800
BIOCON30JAN20305PE.NFO,07/01/2020,12:18:14,25.9,24.65,2300,26,6900,0,13800
BIOCON30JAN20305PE.NFO,07/01/2020,12:18:15,25.9,24.65,2300,25.95,2300,0,13800
BIOCON30JAN20305PE.NFO,07/01/2020,12:18:16,25.9,24.65,2300,26,2300,0,13800
BIOCON30JAN20305PE.NFO,07/01/2020,12:18:17,25.9,24.65,6900,25.9,6900,0,13800
BIOCON30JAN20305PE.NFO,07/01/2020,12:18:18,25.9,24.65,6900,25.85,2300,0,13800
BIOCON30JAN20305PE.NFO,07/01/2020,12:18:19,25.9,24.65,6900,25.95,6900,0,13800
BIOCON30JAN20305PE.NFO,07/01/2020,12:18:20,25.9,24.75,6900,25.9,2300,0,13800
BIOCON30JAN20305PE.NFO,07/01/2020,12:18:21,25.9,24.75,4600,26.35,27600,0,13800
BIOCON30JAN20305PE.NFO,07/01/2020,12:18:22,25.9,24.75,4600,26.25,27600,0,13800
BIOCON30JAN20305PE.NFO,07/01/2020,12:18:23,25.9,24.75,4600,26.15,6900,0,13800
BIOCON30JAN20305PE.NFO,07/01/2020,12:18:24,25.9,24.75,4600,26.1,2300,0,13800
BIOCON30JAN20305PE.NFO,07/01/2020,12:18:26,25.9,24.75,4600,26.65,27600,0,13800
BIOCON30JAN20305PE.NFO,07/01/2020,12:18:27,25.9,24.75,4600,26.55,27600,0,13800
BIOCON30JAN20305PE.NFO,07/01/2020,12:18:28,25.9,24.75,4600,26.45,27600,0,13800
BIOCON30JAN20305PE.NFO,07/01/2020,12:18:36,25.9,24.85,2300,26.35,23000,0,13800
BIOCON30JAN20305PE.NFO,07/01/2020,12:18:37,25.9,24.85,2300,26.2,2300,0,13800
BIOCON30JAN20305PE.NFO,07/01/2020,12:18:41,25.9,24.85,2300,26.1,2300,0,13800
BIOCON30JAN20305PE.NFO,07/01/2020,12:18:43,25.9,24.85,2300,26.2,6900,0,13800
BIOCON30JAN20305PE.NFO,07/01/2020,12:18:44,25.9,24.85,2300,26.15,2300,0,13800
BIOCON30JAN20305PE.NFO,07/01/2020,12:18:52,25.9,24.85,2300,26.15,6900,0,13800
BIOCON30JAN20305PE.NFO,07/01/2020,12:18:53,25.9,24.85,2300,26.15,2300,0,13800
BIOCON30JAN20305PE.NFO,07/01/2020,12:18:59,25.9,24.85,2300,26.1,6900,0,13800
BIOCON30JAN20305PE.NFO,07/01/2020,12:19:06,25.9,24.85,2300,26.05,2300,0,13800
BIOCON30JAN20305PE.NFO,07/01/2020,12:19:15,25.9,24.85,2300,26,2300,0,13800
BIOCON30JAN20305PE.NFO,07/01/2020,12:19:17,25.9,24.85,2300,26.1,2300,0,13800
BIOCON30JAN20305PE.NFO,07/01/2020,12:19:22,25.9,24.85,2300,26.1,6900,0,13800
BIOCON30JAN20305PE.NFO,07/01/2020,12:19:25,25.9,24.85,2300,26,2300,0,13800
BIOCON30JAN20305PE.NFO,07/01/2020,12:19:27,25.9,24.85,2300,25.95,2300,0,13800
BIOCON30JAN20305PE.NFO,07/01/2020,12:19:29,25.9,24.85,2300,26.4,20700,0,13800
BIOCON30JAN20305PE.NFO,07/01/2020,12:19:32,25.9,24.85,2300,26.2,6900,0,13800
BIOCON30JAN20305PE.NFO,07/01/2020,12:19:34,25.9,24.85,2300,26.15,2300,0,13800
BIOCON30JAN20305PE.NFO,07/01/2020,12:19:38,25.9,24.85,2300,26.15,6900,0,13800
BIOCON30JAN20305PE.NFO,07/01/2020,12:19:48,25.9,24.95,2300,26.15,6900,0,13800
BIOCON30JAN20305PE.NFO,07/01/2020,12:19:52,25.9,24.95,2300,26.1,2300,0,13800
BIOCON30JAN20305PE.NFO,07/01/2020,12:19:55,25.9,24.95,2300,26.15,2300,0,13800
BIOCON30JAN20305PE.NFO,07/01/2020,12:19:59,25.9,24.95,2300,26.35,6900,0,13800
BIOCON30JAN20305PE.NFO,07/01/2020,12:20:09,25.9,24.95,2300,26.3,9200,0,13800
BIOCON30JAN20305PE.NFO,07/01/2020,12:20:12,25.9,24.95,2300,26.2,2300,0,13800
BIOCON30JAN20305PE.NFO,07/01/2020,12:20:19,25.9,24.95,2300,26.3,2300,0,13800
BIOCON30JAN20305PE.NFO,07/01/2020,12:20:23,25.9,24.95,2300,26.25,2300,0,13800
BIOCON30JAN20305PE.NFO,07/01/2020,12:20:26,25.9,24.95,2300,26.35,2300,0,13800
BIOCON30JAN20305PE.NFO,07/01/2020,12:20:38,25.9,25.05,2300,26.3,16100,0,13800
BIOCON30JAN20305PE.NFO,07/01/2020,12:20:41,25.9,25.05,2300,26.25,2300,0,13800
BIOCON30JAN20305PE.NFO,07/01/2020,12:20:43,25.9,25.05,2300,26.3,9200,0,13800
BIOCON30JAN20305PE.NFO,07/01/2020,12:20:49,25.9,25.05,2300,26.25,9200,0,13800
BIOCON30JAN20305PE.NFO,07/01/2020,12:20:51,25.9,25.05,2300,26.25,18400,0,13800
BIOCON30JAN20305PE.NFO,07/01/2020,12:20:55,25.9,25.05,2300,26.2,2300,0,13800
BIOCON30JAN20305PE.NFO,07/01/2020,12:21:08,25.9,25.05,2300,26.25,11500,0,13800
BIOCON30JAN20305PE.NFO,07/01/2020,12:21:12,25.9,25.05,2300,26.2,2300,0,13800
BIOCON30JAN20305PE.NFO,07/01/2020,12:21:15,25.9,25.05,2300,26.25,11500,0,13800
BIOCON30JAN20305PE.NFO,07/01/2020,12:21:20,25.9,25.05,2300,26.2,2300,0,13800
BIOCON30JAN20305PE.NFO,07/01/2020,12:21:23,25.9,25.05,2300,26.25,18400,0,13800
BIOCON30JAN20305PE.NFO,07/01/2020,12:21:26,25.9,24.8,2300,26.2,2300,0,13800
BIOCON30JAN20305PE.NFO,07/01/2020,12:21:29,25.9,24.8,2300,26,2300,0,13800
BIOCON30JAN20305PE.NFO,07/01/2020,12:21:32,25.9,24.8,2300,26.1,9200,0,13800
BIOCON30JAN20305PE.NFO,07/01/2020,12:21:34,25.9,24.8,2300,26.1,2300,0,13800
BIOCON30JAN20305PE.NFO,07/01/2020,12:21:36,25.9,24.8,2300,26.25,2300,0,13800
BIOCON30JAN20305PE.NFO,07/01/2020,12:21:39,25.9,24.8,2300,26.15,2300,0,13800
BIOCON30JAN20305PE.NFO,07/01/2020,12:21:43,25.9,24.8,2300,26.2,6900,0,13800
BIOCON30JAN20305PE.NFO,07/01/2020,12:21:45,25.9,24.8,2300,26.25,2300,0,13800
BIOCON30JAN20305PE.NFO,07/01/2020,12:21:47,25.9,24.8,2300,26.2,6900,0,13800
BIOCON30JAN20305PE.NFO,07/01/2020,12:21:50,25.9,24.9,2300,26.25,2300,0,13800
BIOCON30JAN20305PE.NFO,07/01/2020,12:21:51,25.9,24.9,2300,26.4,23000,0,13800
BIOCON30JAN20305PE.NFO,07/01/2020,12:21:54,25.9,24.9,2300,26.25,2300,0,13800
BIOCON30JAN20305PE.NFO,07/01/2020,12:22:25,25.9,24.9,2300,26.2,2300,0,13800
BIOCON30JAN20305PE.NFO,07/01/2020,12:22:27,25.9,24.9,2300,26.3,6900,0,13800
BIOCON30JAN20305PE.NFO,07/01/2020,12:22:28,25.9,24.9,2300,26.25,2300,0,13800
BIOCON30JAN20305PE.NFO,07/01/2020,12:22:30,25.9,24.9,2300,26.3,9200,0,13800
BIOCON30JAN20305PE.NFO,07/01/2020,12:22:32,25.9,24.9,2300,26.25,2300,0,13800
BIOCON30JAN20305PE.NFO,07/01/2020,12:22:35,25.9,25.2,2300,26.5,16100,0,13800
BIOCON30JAN20305PE.NFO,07/01/2020,12:22:37,25.9,25.2,2300,26.45,2300,0,13800
BIOCON30JAN20305PE.NFO,07/01/2020,12:22:42,25.9,25.2,2300,26.35,2300,0,13800
BIOCON30JAN20305PE.NFO,07/01/2020,12:22:46,25.9,25.2,2300,26.45,2300,0,13800
BIOCON30JAN20305PE.NFO,07/01/2020,12:22:51,25.9,25.2,2300,26.35,2300,0,13800
BIOCON30JAN20305PE.NFO,07/01/2020,12:22:57,25.9,25.2,2300,26.75,20700,0,13800
BIOCON30JAN20305PE.NFO,07/01/2020,12:23:01,25.9,25.3,2300,26.5,2300,0,13800
BIOCON30JAN20305PE.NFO,07/01/2020,12:23:13,25.9,25.3,2300,26.55,6900,0,13800
BIOCON30JAN20305PE.NFO,07/01/2020,12:23:17,25.9,25.3,2300,26.55,2300,0,13800
BIOCON30JAN20305PE.NFO,07/01/2020,12:23:22,25.9,25.3,2300,26.6,16100,0,13800
BIOCON30JAN20305PE.NFO,07/01/2020,12:23:26,25.9,25.3,2300,26.55,2300,0,13800
BIOCON30JAN20305PE.NFO,07/01/2020,12:23:48,25.9,25.3,2300,26.45,2300,0,13800
BIOCON30JAN20305PE.NFO,07/01/2020,12:23:50,25.9,24.9,2300,26.35,2300,0,13800
BIOCON30JAN20305PE.NFO,07/01/2020,12:23:52,25.9,24.9,2300,26.4,2300,0,13800
BIOCON30JAN20305PE.NFO,07/01/2020,12:23:54,25.9,24.9,2300,26.3,2300,0,13800
BIOCON30JAN20305PE.NFO,07/01/2020,12:23:57,25.9,25,2300,26.45,2300,0,13800
BIOCON30JAN20305PE.NFO,07/01/2020,12:24:01,25.9,25,2300,26.25,2300,0,13800
BIOCON30JAN20305PE.NFO,07/01/2020,12:24:04,25.9,25,2300,26.3,11500,0,13800
BIOCON30JAN20305PE.NFO,07/01/2020,12:24:06,25.9,25,2300,26.35,11500,0,13800
BIOCON30JAN20305PE.NFO,07/01/2020,12:24:09,25.9,25,2300,26.45,9200,0,13800
BIOCON30JAN20305PE.NFO,07/01/2020,12:24:11,25.9,25,2300,26.5,2300,0,13800
BIOCON30JAN20305PE.NFO,07/01/2020,12:24:16,25.9,25.2,2300,26.5,9200,0,13800
BIOCON30JAN20305PE.NFO,07/01/2020,12:24:21,25.9,25.2,2300,26.6,2300,0,13800
BIOCON30JAN20305PE.NFO,07/01/2020,12:24:48,25.9,25.3,2300,26.6,2300,0,13800
BIOCON30JAN20305PE.NFO,07/01/2020,12:24:51,25.9,25.3,2300,27,39100,0,13800
BIOCON30JAN20305PE.NFO,07/01/2020,12:24:54,25.9,25.5,2300,26.85,6900,0,13800
BIOCON30JAN20305PE.NFO,07/01/2020,12:24:57,25.9,25.5,2300,26.85,2300,0,13800
BIOCON30JAN20305PE.NFO,07/01/2020,12:24:59,25.9,25.5,2300,26.85,18400,0,13800
BIOCON30JAN20305PE.NFO,07/01/2020,12:25:01,25.9,25.15,2300,26.6,2300,0,13800
BIOCON30JAN20305PE.NFO,07/01/2020,12:25:03,25.9,25.15,2300,26.45,11500,0,13800
BIOCON30JAN20305PE.NFO,07/01/2020,12:25:05,25.9,25.15,2300,26.6,16100,0,13800
BIOCON30JAN20305PE.NFO,07/01/2020,12:25:06,25.9,25.15,2300,26.5,9200,0,13800
BIOCON30JAN20305PE.NFO,07/01/2020,12:25:08,25.9,25.15,2300,26.45,2300,0,13800
BIOCON30JAN20305PE.NFO,07/01/2020,12:25:09,25.9,25.15,2300,26.5,9200,0,13800
BIOCON30JAN20305PE.NFO,07/01/2020,12:25:11,25.9,25.15,2300,26.45,2300,0,13800
BIOCON30JAN20305PE.NFO,07/01/2020,12:25:12,25.9,25.15,2300,26.55,4600,0,13800
BIOCON30JAN20305PE.NFO,07/01/2020,12:25:13,25.9,25.15,2300,26.5,2300,0,13800
BIOCON30JAN20305PE.NFO,07/01/2020,12:25:15,25.9,25.15,2300,26.55,6900,0,13800
BIOCON30JAN20305PE.NFO,07/01/2020,12:25:16,25.9,25.15,2300,26.45,11500,0,13800
BIOCON30JAN20305PE.NFO,07/01/2020,12:25:17,25.9,25.15,2300,26.4,2300,0,13800
BIOCON30JAN20305PE.NFO,07/01/2020,12:25:18,25.9,25.15,2300,26.5,13800,0,13800
BIOCON30JAN20305PE.NFO,07/01/2020,12:25:19,25.9,25.15,2300,26.45,2300,0,13800
BIOCON30JAN20305PE.NFO,07/01/2020,12:25:20,25.9,25.15,2300,26.5,9200,0,13800
BIOCON30JAN20305PE.NFO,07/01/2020,12:25:21,25.9,25.15,2300,26.45,2300,0,13800
BIOCON30JAN20305PE.NFO,07/01/2020,12:25:22,25.9,25.15,2300,26.55,13800,0,13800
BIOCON30JAN20305PE.NFO,07/01/2020,12:25:23,25.9,25.15,2300,26.5,2300,0,13800
BIOCON30JAN20305PE.NFO,07/01/2020,12:25:25,25.9,25.15,2300,26.45,11500,0,13800
BIOCON30JAN20305PE.NFO,07/01/2020,12:25:26,25.9,25.15,2300,26.4,2300,0,13800
BIOCON30JAN20305PE.NFO,07/01/2020,12:25:27,25.9,25.15,2300,26.35,11500,0,13800
BIOCON30JAN20305PE.NFO,07/01/2020,12:25:29,25.9,25.15,2300,26.45,18400,0,13800
BIOCON30JAN20305PE.NFO,07/01/2020,12:25:30,25.9,25.15,2300,26.35,11500,0,13800
BIOCON30JAN20305PE.NFO,07/01/2020,12:25:31,25.9,25.15,2300,26.3,2300,0,13800
BIOCON30JAN20305PE.NFO,07/01/2020,12:25:32,25.9,25.15,2300,26.45,18400,0,13800
BIOCON30JAN20305PE.NFO,07/01/2020,12:25:33,25.9,25.15,2300,26.4,2300,0,13800
BIOCON30JAN20305PE.NFO,07/01/2020,12:25:34,25.9,25.15,2300,26.55,18400,0,13800
BIOCON30JAN20305PE.NFO,07/01/2020,12:25:35,25.9,25.15,2300,26.4,2300,0,13800
BIOCON30JAN20305PE.NFO,07/01/2020,12:25:37,25.9,25.15,2300,26.55,18400,0,13800
BIOCON30JAN20305PE.NFO,07/01/2020,12:25:38,25.9,25.15,2300,26.45,6900,0,13800
BIOCON30JAN20305PE.NFO,07/01/2020,12:25:39,25.9,25.15,2300,26.35,6900,0,13800
BIOCON30JAN20305PE.NFO,07/01/2020,12:25:40,25.9,25.15,2300,26.3,2300,0,13800
BIOCON30JAN20305PE.NFO,07/01/2020,12:25:42,25.9,25.15,2300,26.45,6900,0,13800
BIOCON30JAN20305PE.NFO,07/01/2020,12:25:42,25.9,25.15,2300,26.35,6900,0,13800
BIOCON30JAN20305PE.NFO,07/01/2020,12:25:43,25.9,25.15,2300,26.5,9200,0,13800
BIOCON30JAN20305PE.NFO,07/01/2020,12:25:44,25.9,25.15,2300,26.4,6900,0,13800
BIOCON30JAN20305PE.NFO,07/01/2020,12:25:45,25.9,25.15,2300,26.35,2300,0,13800
BIOCON30JAN20305PE.NFO,07/01/2020,12:25:46,25.9,25.15,2300,26.5,9200,0,13800
BIOCON30JAN20305PE.NFO,07/01/2020,12:25:47,25.9,25.15,2300,26.4,6900,0,13800
BIOCON30JAN20305PE.NFO,07/01/2020,12:25:48,25.9,25.15,2300,26.5,9200,0,13800
BIOCON30JAN20305PE.NFO,07/01/2020,12:25:50,25.9,25.15,2300,26.4,6900,0,13800
BIOCON30JAN20305PE.NFO,07/01/2020,12:25:50,25.9,25.15,2300,26.35,2300,0,13800
BIOCON30JAN20305PE.NFO,07/01/2020,12:25:51,25.9,25.15,2300,26.5,9200,0,13800
BIOCON30JAN20305PE.NFO,07/01/2020,12:25:53,25.9,25.15,2300,26.4,6900,0,13800
BIOCON30JAN20305PE.NFO,07/01/2020,12:25:53,25.9,25.15,2300,26.35,2300,0,13800
BIOCON30JAN20305PE.NFO,07/01/2020,12:25:54,25.9,25.15,2300,26.5,9200,0,13800
BIOCON30JAN20305PE.NFO,07/01/2020,12:25:55,25.9,25.15,2300,26.4,6900,0,13800
BIOCON30JAN20305PE.NFO,07/01/2020,12:25:56,25.9,25.15,2300,26.35,2300,0,13800
BIOCON30JAN20305PE.NFO,07/01/2020,12:25:57,25.9,25.15,2300,26.5,9200,0,13800
BIOCON30JAN20305PE.NFO,07/01/2020,12:25:58,25.9,25.15,2300,26.4,6900,0,13800
BIOCON30JAN20305PE.NFO,07/01/2020,12:25:59,25.9,25.15,2300,26.35,2300,0,13800
BIOCON30JAN20305PE.NFO,07/01/2020,12:26:00,25.9,25.15,2300,26.5,9200,0,13800
BIOCON30JAN20305PE.NFO,07/01/2020,12:26:01,25.9,25.15,2300,26.4,6900,0,13800
BIOCON30JAN20305PE.NFO,07/01/2020,12:26:02,25.9,25.15,2300,26.35,2300,0,13800
BIOCON30JAN20305PE.NFO,07/01/2020,12:26:03,25.9,25.15,2300,26.5,9200,0,13800
BIOCON30JAN20305PE.NFO,07/01/2020,12:26:04,25.9,25.15,2300,26.35,2300,0,13800
BIOCON30JAN20305PE.NFO,07/01/2020,12:26:06,25.9,25.15,2300,26.5,6900,0,13800
BIOCON30JAN20305PE.NFO,07/01/2020,12:26:06,25.9,25.15,2300,26.5,9200,0,13800
BIOCON30JAN20305PE.NFO,07/01/2020,12:26:07,25.9,25.15,2300,26.35,2300,0,13800
BIOCON30JAN20305PE.NFO,07/01/2020,12:26:08,25.9,25.15,2300,26.5,9200,0,13800
BIOCON30JAN20305PE.NFO,07/01/2020,12:26:09,25.9,25.15,2300,26.35,2300,0,13800
BIOCON30JAN20305PE.NFO,07/01/2020,12:26:10,25.9,25.15,2300,26.8,18400,0,13800
BIOCON30JAN20305PE.NFO,07/01/2020,12:26:11,25.9,25.15,2300,26.8,27600,0,13800
BIOCON30JAN20305PE.NFO,07/01/2020,12:26:12,25.9,25.15,2300,26.7,27600,0,13800
BIOCON30JAN20305PE.NFO,07/01/2020,12:26:13,25.9,25.15,2300,26.5,9200,0,13800
BIOCON30JAN20305PE.NFO,07/01/2020,12:26:15,25.9,25.15,2300,26.4,6900,0,13800
BIOCON30JAN20305PE.NFO,07/01/2020,12:26:15,25.9,25.15,2300,26.35,2300,0,13800
BIOCON30JAN20305PE.NFO,07/01/2020,12:26:16,25.9,25.15,2300,26.5,9200,0,13800
BIOCON30JAN20305PE.NFO,07/01/2020,12:26:17,25.9,25.15,2300,26.4,6900,0,13800
BIOCON30JAN20305PE.NFO,07/01/2020,12:26:18,25.9,25.15,2300,26.35,2300,0,13800
BIOCON30JAN20305PE.NFO,07/01/2020,12:26:19,25.9,25.15,2300,26.5,2300,0,13800
BIOCON30JAN20305PE.NFO,07/01/2020,12:26:20,25.9,25.15,2300,26.45,2300,0,13800
BIOCON30JAN20305PE.NFO,07/01/2020,12:26:21,25.9,25.15,2300,26.35,2300,0,13800
BIOCON30JAN20305PE.NFO,07/01/2020,12:26:22,25.9,25.15,2300,26.5,9200,0,13800
BIOCON30JAN20305PE.NFO,07/01/2020,12:26:23,25.9,25.15,2300,26.4,6900,0,13800
BIOCON30JAN20305PE.NFO,07/01/2020,12:26:24,25.9,25.15,2300,26.35,2300,0,13800
BIOCON30JAN20305PE.NFO,07/01/2020,12:26:25,25.9,25.15,2300,26.45,9200,0,13800
BIOCON30JAN20305PE.NFO,07/01/2020,12:26:27,25.9,25.15,2300,26.3,2300,0,13800
BIOCON30JAN20305PE.NFO,07/01/2020,12:26:28,25.9,25.15,2300,26.45,9200,0,13800
BIOCON30JAN20305PE.NFO,07/01/2020,12:26:28,25.9,25.15,2300,26.4,2300,0,13800
BIOCON30JAN20305PE.NFO,07/01/2020,12:26:29,25.9,25.15,2300,26.45,6900,0,13800
BIOCON30JAN20305PE.NFO,07/01/2020,12:26:30,25.9,25.15,2300,26.4,2300,0,13800
BIOCON30JAN20305PE.NFO,07/01/2020,12:26:31,25.9,25.15,2300,26.5,9200,0,13800
BIOCON30JAN20305PE.NFO,07/01/2020,12:26:32,25.9,25.15,2300,26.4,6900,0,13800
BIOCON30JAN20305PE.NFO,07/01/2020,12:26:33,25.9,25.15,2300,26.45,6900,0,13800
BIOCON30JAN20305PE.NFO,07/01/2020,12:26:34,25.9,25.15,2300,26.4,6900,0,13800
BIOCON30JAN20305PE.NFO,07/01/2020,12:26:37,25.9,25.15,2300,26.35,2300,0,13800
BIOCON30JAN20305PE.NFO,07/01/2020,12:26:37,25.9,25.15,2300,26.5,9200,0,13800
BIOCON30JAN20305PE.NFO,07/01/2020,12:26:38,25.9,25.15,2300,26.4,6900,0,13800
BIOCON30JAN20305PE.NFO,07/01/2020,12:26:39,25.9,25.15,2300,26.35,2300,0,13800
BIOCON30JAN20305PE.NFO,07/01/2020,12:26:40,25.9,25.15,2300,26.5,9200,0,13800
BIOCON30JAN20305PE.NFO,07/01/2020,12:26:41,25.9,25.15,2300,26.4,6900,0,13800
BIOCON30JAN20305PE.NFO,07/01/2020,12:26:42,25.9,25.15,2300,26.35,2300,0,13800
BIOCON30JAN20305PE.NFO,07/01/2020,12:26:43,25.9,25.15,2300,26.5,9200,0,13800
BIOCON30JAN20305PE.NFO,07/01/2020,12:26:45,25.9,25.15,2300,26.35,2300,0,13800
BIOCON30JAN20305PE.NFO,07/01/2020,12:26:46,25.9,25.15,2300,26.5,9200,0,13800
BIOCON30JAN20305PE.NFO,07/01/2020,12:26:47,25.9,25.15,2300,26.4,6900,0,13800
BIOCON30JAN20305PE.NFO,07/01/2020,12:26:48,25.9,25.15,2300,26.45,2300,0,13800
BIOCON30JAN20305PE.NFO,07/01/2020,12:26:49,25.9,25.15,2300,26.45,6900,0,13800
BIOCON30JAN20305PE.NFO,07/01/2020,12:26:54,25.9,25.15,2300,26.4,6900,0,13800
BIOCON30JAN20305PE.NFO,07/01/2020,12:26:55,25.9,25.15,2300,26.35,2300,0,13800
BIOCON30JAN20305PE.NFO,07/01/2020,12:26:57,25.9,25.15,2300,26.45,2300,0,13800
BIOCON30JAN20305PE.NFO,07/01/2020,12:26:58,25.9,25.15,2300,26.35,2300,0,13800
BIOCON30JAN20305PE.NFO,07/01/2020,12:27:00,25.9,25.35,2300,26.45,2300,0,13800
BIOCON30JAN20305PE.NFO,07/01/2020,12:27:02,25.9,25.35,2300,26.7,20700,0,13800
BIOCON30JAN20305PE.NFO,07/01/2020,12:27:02,25.9,25.35,2300,26.7,6900,0,13800
BIOCON30JAN20305PE.NFO,07/01/2020,12:27:03,25.9,25.35,2300,26.65,2300,0,13800
BIOCON30JAN20305PE.NFO,07/01/2020,12:27:06,25.9,25.35,2300,26.6,6900,0,13800
BIOCON30JAN20305PE.NFO,07/01/2020,12:27:07,25.9,25.35,2300,26.55,2300,0,13800
BIOCON30JAN20305PE.NFO,07/01/2020,12:27:08,25.9,25.35,2300,26.65,6900,0,13800
BIOCON30JAN20305PE.NFO,07/01/2020,12:27:09,25.9,25.35,2300,26.6,2300,0,13800
BIOCON30JAN20305PE.NFO,07/01/2020,12:27:10,25.9,25.35,2300,26.65,2300,0,13800
BIOCON30JAN20305PE.NFO,07/01/2020,12:27:11,25.9,25.35,2300,26.6,6900,0,13800
BIOCON30JAN20305PE.NFO,07/01/2020,12:27:14,25.9,25.35,2300,26.8,2300,0,13800
BIOCON30JAN20305PE.NFO,07/01/2020,12:27:17,25.9,25.35,2300,26.65,6900,0,13800
BIOCON30JAN20305PE.NFO,07/01/2020,12:27:20,25.9,25.35,2300,26.55,6900,0,13800
BIOCON30JAN20305PE.NFO,07/01/2020,12:27:25,25.9,25.35,2300,26.9,32200,0,13800
BIOCON30JAN20305PE.NFO,07/01/2020,12:27:27,25.9,25.35,2300,26.8,32200,0,13800
BIOCON30JAN20305PE.NFO,07/01/2020,12:27:30,25.9,25.35,2300,26.55,2300,0,13800
BIOCON30JAN20305PE.NFO,07/01/2020,12:27:46,25.9,25.35,2300,26.95,25300,0,13800
BIOCON30JAN20305PE.NFO,07/01/2020,12:27:48,25.9,25.35,2300,26.65,2300,0,13800
BIOCON30JAN20305PE.NFO,07/01/2020,12:28:01,25.9,25.35,2300,26.7,2300,0,13800
BIOCON30JAN20305PE.NFO,07/01/2020,12:28:17,25.9,25.35,2300,26.75,4600,0,13800
BIOCON30JAN20305PE.NFO,07/01/2020,12:28:22,25.9,25.35,2300,26.7,9200,0,13800
BIOCON30JAN20305PE.NFO,07/01/2020,12:28:25,25.9,25.35,2300,26.65,2300,0,13800
BIOCON30JAN20305PE.NFO,07/01/2020,12:28:47,25.9,25.35,2300,26.75,2300,0,13800
BIOCON30JAN20305PE.NFO,07/01/2020,12:28:57,25.9,25.35,2300,26.8,6900,0,13800
BIOCON30JAN20305PE.NFO,07/01/2020,12:29:03,25.9,25.45,2300,27.05,41400,0,13800
BIOCON30JAN20305PE.NFO,07/01/2020,12:29:08,25.9,25.45,2300,26.85,2300,0,13800
BIOCON30JAN20305PE.NFO,07/01/2020,12:29:12,25.9,25.45,2300,26.9,2300,0,13800
BIOCON30JAN20305PE.NFO,07/01/2020,12:29:16,25.9,25.45,2300,26.7,2300,0,13800
BIOCON30JAN20305PE.NFO,07/01/2020,12:29:19,25.9,25.15,2300,26.6,2300,0,13800
BIOCON30JAN20305PE.NFO,07/01/2020,12:29:27,25.9,25.15,2300,26.6,6900,0,13800
BIOCON30JAN20305PE.NFO,07/01/2020,12:29:35,25.9,25.15,2300,26.6,2300,0,13800
BIOCON30JAN20305PE.NFO,07/01/2020,12:29:38,25.9,25.15,2300,26.6,4600,0,13800
BIOCON30JAN20305PE.NFO,07/01/2020,12:29:42,25.9,25.15,2300,26.55,2300,0,13800
BIOCON30JAN20305PE.NFO,07/01/2020,12:29:51,25.9,24.9,2300,26.25,2300,0,13800
BIOCON30JAN20305PE.NFO,07/01/2020,12:29:55,25.9,24.9,2300,26.3,6900,0,13800
BIOCON30JAN20305PE.NFO,07/01/2020,12:29:58,25.9,24.9,2300,26.35,11500,0,13800
BIOCON30JAN20305PE.NFO,07/01/2020,12:30:03,25.9,24.9,2300,26.3,2300,0,13800
BIOCON30JAN20305PE.NFO,07/01/2020,12:30:08,25.9,24.9,2300,26.4,11500,0,13800
BIOCON30JAN20305PE.NFO,07/01/2020,12:30:13,25.9,24.9,2300,26.2,2300,0,13800
BIOCON30JAN20305PE.NFO,07/01/2020,12:30:19,25.9,24.9,2300,26.3,6900,0,13800
BIOCON30JAN20305PE.NFO,07/01/2020,12:30:23,25.9,24.9,2300,26.25,2300,0,13800
BIOCON30JAN20305PE.NFO,07/01/2020,12:30:27,25.9,24.9,2300,26.55,46000,0,13800
BIOCON30JAN20305PE.NFO,07/01/2020,12:30:31,25.9,25,2300,26.45,6900,0,13800
BIOCON30JAN20305PE.NFO,07/01/2020,12:30:34,25.9,25,2300,26.4,2300,0,13800
BIOCON30JAN20305PE.NFO,07/01/2020,12:30:37,25.9,25,2300,26.4,6900,0,13800
BIOCON30JAN20305PE.NFO,07/01/2020,12:30:40,25.9,25,2300,26.35,2300,0,13800
BIOCON30JAN20305PE.NFO,07/01/2020,12:30:43,25.9,24.7,2300,26.15,6900,0,13800
BIOCON30JAN20305PE.NFO,07/01/2020,12:30:46,25.9,24.7,2300,26.15,9200,0,13800
BIOCON30JAN20305PE.NFO,07/01/2020,12:30:50,25.9,24.7,2300,26.05,6900,0,13800
BIOCON30JAN20305PE.NFO,07/01/2020,12:30:55,25.9,24.9,2300,26.4,6900,0,13800
BIOCON30JAN20305PE.NFO,07/01/2020,12:30:59,25.9,24.9,2300,26.3,2300,0,13800
BIOCON30JAN20305PE.NFO,07/01/2020,12:31:03,25.9,24.9,2300,26.15,2300,0,13800
BIOCON30JAN20305PE.NFO,07/01/2020,12:31:07,25.9,24.9,2300,26.1,9200,0,13800
BIOCON30JAN20305PE.NFO,07/01/2020,12:31:31,25.9,24.9,2300,26.05,6900,0,13800
BIOCON30JAN20305PE.NFO,07/01/2020,12:31:32,25.9,24.9,2300,26,2300,0,13800
BIOCON30JAN20305PE.NFO,07/01/2020,12:31:34,25.9,24.9,2300,26.25,18400,0,13800
BIOCON30JAN20305PE.NFO,07/01/2020,12:31:36,25.9,24.9,2300,26.05,9200,0,13800
BIOCON30JAN20305PE.NFO,07/01/2020,12:31:36,25.9,24.9,2300,26,2300,0,13800
BIOCON30JAN20305PE.NFO,07/01/2020,12:31:37,25.9,24.9,2300,26.05,6900,0,13800
BIOCON30JAN20305PE.NFO,07/01/2020,12:31:39,25.9,24.9,2300,26,6900,0,13800
BIOCON30JAN20305PE.NFO,07/01/2020,12:31:39,25.9,24.9,2300,25.95,2300,0,13800
BIOCON30JAN20305PE.NFO,07/01/2020,12:31:40,25.9,24.9,2300,26.15,2300,0,13800
BIOCON30JAN20305PE.NFO,07/01/2020,12:31:41,25.9,24.9,2300,26.05,6900,0,13800
BIOCON30JAN20305PE.NFO,07/01/2020,12:31:43,25.9,24.9,2300,26,2300,0,13800
BIOCON30JAN20305PE.NFO,07/01/2020,12:31:43,25.9,24.9,2300,26.2,2300,0,13800
BIOCON30JAN20305PE.NFO,07/01/2020,12:31:44,25.9,24.9,2300,26.1,6900,0,13800
BIOCON30JAN20305PE.NFO,07/01/2020,12:31:45,25.9,24.9,2300,25.95,2300,0,13800
BIOCON30JAN20305PE.NFO,07/01/2020,12:31:46,25.9,24.9,2300,26.15,9200,0,13800
BIOCON30JAN20305PE.NFO,07/01/2020,12:31:48,25.9,24.9,2300,26,2300,0,13800
BIOCON30JAN20305PE.NFO,07/01/2020,12:31:49,25.9,24.9,2300,26.2,9200,0,13800
BIOCON30JAN20305PE.NFO,07/01/2020,12:31:50,25.9,24.9,2300,26.05,2300,0,13800
BIOCON30JAN20305PE.NFO,07/01/2020,12:31:52,25.9,24.7,2300,26.2,9200,0,13800
BIOCON30JAN20305PE.NFO,07/01/2020,12:31:53,25.9,24.7,2300,26.1,6900,0,13800
BIOCON30JAN20305PE.NFO,07/01/2020,12:31:53,25.9,24.7,2300,26.05,2300,0,13800
BIOCON30JAN20305PE.NFO,07/01/2020,12:31:55,25.9,24.7,2300,26.2,2300,0,13800
BIOCON30JAN20305PE.NFO,07/01/2020,12:31:56,25.9,24.7,2300,26.15,2300,0,13800
BIOCON30JAN20305PE.NFO,07/01/2020,12:31:57,25.9,24.9,2300,26.15,2300,0,13800
BIOCON30JAN20305PE.NFO,07/01/2020,12:31:58,25.9,24.9,2300,26.35,9200,0,13800
BIOCON30JAN20305PE.NFO,07/01/2020,12:32:00,25.9,25,2300,26.4,2300,0,13800
BIOCON30JAN20305PE.NFO,07/01/2020,12:32:03,25.9,25,2300,26.35,6900,0,13800
BIOCON30JAN20305PE.NFO,07/01/2020,12:32:03,25.9,25,2300,26.3,2300,0,13800
BIOCON30JAN20305PE.NFO,07/01/2020,12:32:04,25.9,25,2300,26.35,9200,0,13800
BIOCON30JAN20305PE.NFO,07/01/2020,12:32:05,25.9,25,2300,26.35,2300,0,13800
BIOCON30JAN20305PE.NFO,07/01/2020,12:32:06,25.9,25,2300,26.3,2300,0,13800
BIOCON30JAN20305PE.NFO,07/01/2020,12:32:17,25.9,25,2300,26.25,2300,0,13800
BIOCON30JAN20305PE.NFO,07/01/2020,12:32:23,25.9,25,2300,26.3,2300,0,13800
BIOCON30JAN20305PE.NFO,07/01/2020,12:32:25,25.9,25,2300,26.2,2300,0,13800
BIOCON30JAN20305PE.NFO,07/01/2020,12:32:30,25.9,25,2300,26.3,2300,0,13800
BIOCON30JAN20305PE.NFO,07/01/2020,12:32:36,25.9,25,2300,26.45,27600,0,13800
BIOCON30JAN20305PE.NFO,07/01/2020,12:32:43,25.9,25,2300,26.25,2300,0,13800
BIOCON30JAN20305PE.NFO,07/01/2020,12:32:47,25.9,25,2300,26.25,9200,0,13800
BIOCON30JAN20305PE.NFO,07/01/2020,12:32:51,25.9,25,2300,26.6,32200,0,13800
BIOCON30JAN20305PE.NFO,07/01/2020,12:32:55,25.9,25,2300,26.25,2300,0,13800
BIOCON30JAN20305PE.NFO,07/01/2020,12:32:58,25.9,25,2300,26.3,6900,0,13800
BIOCON30JAN20305PE.NFO,07/01/2020,12:33:02,25.9,25,2300,26.3,9200,0,13800
BIOCON30JAN20305PE.NFO,07/01/2020,12:33:07,25.9,25,2300,26.25,2300,0,13800
BIOCON30JAN20305PE.NFO,07/01/2020,12:33:11,25.9,25,2300,26.45,23000,0,13800
BIOCON30JAN20305PE.NFO,07/01/2020,12:33:12,25.9,25,2300,26.25,11500,0,13800
BIOCON30JAN20305PE.NFO,07/01/2020,12:33:13,25.9,25,2300,26.15,9200,0,13800
BIOCON30JAN20305PE.NFO,07/01/2020,12:33:14,25.9,25,2300,26.1,2300,0,13800
BIOCON30JAN20305PE.NFO,07/01/2020,12:33:15,25.9,25,2300,26.3,16100,0,13800
BIOCON30JAN20305PE.NFO,07/01/2020,12:33:16,25.9,25,2300,26.15,2300,0,13800
BIOCON30JAN20305PE.NFO,07/01/2020,12:33:17,25.9,25,2300,26.35,16100,0,13800
BIOCON30JAN20305PE.NFO,07/01/2020,12:33:18,25.9,25,2300,26.25,9200,0,13800
BIOCON30JAN20305PE.NFO,07/01/2020,12:33:19,25.9,25,2300,26.2,2300,0,13800
BIOCON30JAN20305PE.NFO,07/01/2020,12:33:20,25.9,25,2300,26.4,2300,0,13800
BIOCON30JAN20305PE.NFO,07/01/2020,12:33:21,25.9,25,2300,26.55,16100,0,13800
BIOCON30JAN20305PE.NFO,07/01/2020,12:33:22,25.9,25,2300,26.55,20700,0,13800
BIOCON30JAN20305PE.NFO,07/01/2020,12:33:23,25.9,25,2300,26.2,2300,0,13800
BIOCON30JAN20305PE.NFO,07/01/2020,12:33:25,25.9,25,2300,26.35,25300,0,13800
BIOCON30JAN20305PE.NFO,07/01/2020,12:33:26,25.9,25,2300,26.25,11500,0,13800
BIOCON30JAN20305PE.NFO,07/01/2020,12:33:27,25.9,24.6,2300,26.2,9200,0,13800
BIOCON30JAN20305PE.NFO,07/01/2020,12:33:29,25.9,24.6,2300,26.15,11500,0,13800
BIOCON30JAN20305PE.NFO,07/01/2020,12:33:30,25.9,24.7,2300,26.1,2300,0,13800
BIOCON30JAN20305PE.NFO,07/01/2020,12:33:31,25.9,24.7,2300,26.25,13800,0,13800
BIOCON30JAN20305PE.NFO,07/01/2020,12:33:32,25.9,24.7,2300,26.15,11500,0,13800
BIOCON30JAN20305PE.NFO,07/01/2020,12:33:33,25.9,24.7,2300,26.1,2300,0,13800
BIOCON30JAN20305PE.NFO,07/01/2020,12:33:34,25.9,24.7,2300,26.2,2300,0,13800
BIOCON30JAN20305PE.NFO,07/01/2020,12:33:35,25.9,24.7,2300,26.3,9200,0,13800
BIOCON30JAN20305PE.NFO,07/01/2020,12:33:36,25.9,24.7,2300,26.15,2300,0,13800
BIOCON30JAN20305PE.NFO,07/01/2020,12:33:38,25.9,24.7,2300,26.2,2300,0,13800
BIOCON30JAN20305PE.NFO,07/01/2020,12:33:42,25.9,24.7,2300,26.25,2300,0,13800
BIOCON30JAN20305PE.NFO,07/01/2020,12:33:43,25.9,24.7,2300,26.4,32200,0,13800
BIOCON30JAN20305PE.NFO,07/01/2020,12:33:44,25.9,24.7,2300,26.3,16100,0,13800
BIOCON30JAN20305PE.NFO,07/01/2020,12:33:45,25.9,24.7,2300,26.25,11500,0,13800
BIOCON30JAN20305PE.NFO,07/01/2020,12:33:46,25.9,24.7,2300,26.15,2300,0,13800
BIOCON30JAN20305PE.NFO,07/01/2020,12:33:47,25.9,24.7,2300,26.2,6900,0,13800
BIOCON30JAN20305PE.NFO,07/01/2020,12:33:48,25.9,24.7,2300,26.35,18400,0,13800
BIOCON30JAN20305PE.NFO,07/01/2020,12:33:49,25.9,24.7,2300,26.35,23000,0,13800
BIOCON30JAN20305PE.NFO,07/01/2020,12:33:50,25.9,24.7,2300,26.15,6900,0,13800
BIOCON30JAN20305PE.NFO,07/01/2020,12:33:52,25.9,24.7,2300,26.2,2300,0,13800
BIOCON30JAN20305PE.NFO,07/01/2020,12:33:54,25.9,24.7,2300,26.3,9200,0,13800
BIOCON30JAN20305PE.NFO,07/01/2020,12:33:55,25.9,24.7,2300,26.3,6900,0,13800
BIOCON30JAN20305PE.NFO,07/01/2020,12:33:56,25.9,24.7,2300,26.25,6900,0,13800
BIOCON30JAN20305PE.NFO,07/01/2020,12:33:57,25.9,24.7,2300,26.2,2300,0,13800
BIOCON30JAN20305PE.NFO,07/01/2020,12:33:58,25.9,24.7,2300,26.3,2300,0,13800
BIOCON30JAN20305PE.NFO,07/01/2020,12:33:59,25.9,24.7,2300,26.2,2300,0,13800
BIOCON30JAN20305PE.NFO,07/01/2020,12:34:01,25.9,24.7,2300,26.15,2300,0,13800
BIOCON30JAN20305PE.NFO,07/01/2020,12:34:02,25.9,24.7,2300,26.65,32200,0,13800
BIOCON30JAN20305PE.NFO,07/01/2020,12:34:03,25.9,24.7,2300,26.55,32200,0,13800
BIOCON30JAN20305PE.NFO,07/01/2020,12:34:04,25.9,24.7,2300,26.45,23000,0,13800
BIOCON30JAN20305PE.NFO,07/01/2020,12:34:04,25.9,24.7,2300,26.35,13800,0,13800
BIOCON30JAN20305PE.NFO,07/01/2020,12:34:05,25.9,24.7,2300,26.25,9200,0,13800
BIOCON30JAN20305PE.NFO,07/01/2020,12:34:06,25.9,24.7,2300,26.25,6900,0,13800
BIOCON30JAN20305PE.NFO,07/01/2020,12:34:07,25.9,24.7,2300,26.2,2300,0,13800
BIOCON30JAN20305PE.NFO,07/01/2020,12:34:09,25.9,24.7,2300,26.15,2300,0,13800
BIOCON30JAN20305PE.NFO,07/01/2020,12:34:10,25.9,24.8,2300,26.35,2300,0,13800
BIOCON30JAN20305PE.NFO,07/01/2020,12:34:11,25.9,24.8,2300,26.35,6900,0,13800
BIOCON30JAN20305PE.NFO,07/01/2020,12:34:13,25.9,24.8,2300,26.3,2300,0,13800
BIOCON30JAN20305PE.NFO,07/01/2020,12:34:14,25.9,24.8,2300,26.4,2300,0,13800
BIOCON30JAN20305PE.NFO,07/01/2020,12:34:15,25.9,24.9,2300,26.4,2300,0,13800
BIOCON30JAN20305PE.NFO,07/01/2020,12:34:16,25.9,24.9,2300,26.35,6900,0,13800
BIOCON30JAN20305PE.NFO,07/01/2020,12:34:17,25.9,24.9,2300,26.4,6900,0,13800
BIOCON30JAN20305PE.NFO,07/01/2020,12:34:17,25.9,24.9,2300,26.3,6900,0,13800
BIOCON30JAN20305PE.NFO,07/01/2020,12:34:19,25.9,24.9,2300,26.35,9200,0,13800
BIOCON30JAN20305PE.NFO,07/01/2020,12:34:19,25.9,24.9,2300,26.35,6900,0,13800
BIOCON30JAN20305PE.NFO,07/01/2020,12:34:20,25.9,24.9,2300,26.25,6900,0,13800
BIOCON30JAN20305PE.NFO,07/01/2020,12:34:21,25.9,24.9,2300,26.3,6900,0,13800
BIOCON30JAN20305PE.NFO,07/01/2020,12:34:22,25.9,24.9,2300,26.2,2300,0,13800
BIOCON30JAN20305PE.NFO,07/01/2020,12:34:24,25.9,24.9,2300,26.25,2300,0,13800
BIOCON30JAN20305PE.NFO,07/01/2020,12:34:24,25.9,24.9,2300,26.2,6900,0,13800
BIOCON30JAN20305PE.NFO,07/01/2020,12:34:27,25.9,24.9,2300,26.1,6900,0,13800
BIOCON30JAN20305PE.NFO,07/01/2020,12:34:28,25.9,24.9,2300,26.05,2300,0,13800
BIOCON30JAN20305PE.NFO,07/01/2020,12:34:29,25.9,24.9,2300,26.2,9200,0,13800
BIOCON30JAN20305PE.NFO,07/01/2020,12:34:30,25.9,24.9,2300,26.15,2300,0,13800
BIOCON30JAN20305PE.NFO,07/01/2020,12:34:31,25.9,24.9,2300,26.15,6900,0,13800
BIOCON30JAN20305PE.NFO,07/01/2020,12:34:32,25.9,24.9,2300,26.1,2300,0,13800
BIOCON30JAN20305PE.NFO,07/01/2020,12:34:33,25.9,24.9,2300,26.3,6900,0,13800
BIOCON30JAN20305PE.NFO,07/01/2020,12:34:34,25.9,24.9,2300,26.15,2300,0,13800
BIOCON30JAN20305PE.NFO,07/01/2020,12:34:35,25.9,24.9,2300,26.25,6900,0,13800
BIOCON30JAN20305PE.NFO,07/01/2020,12:34:37,25.9,24.9,2300,26.2,2300,0,13800
BIOCON30JAN20305PE.NFO,07/01/2020,12:34:40,25.9,24.9,2300,26.25,6900,0,13800
BIOCON30JAN20305PE.NFO,07/01/2020,12:34:41,25.9,24.9,2300,26.1,2300,0,13800
BIOCON30JAN20305PE.NFO,07/01/2020,12:34:42,25.9,24.9,2300,26.2,9200,0,13800
BIOCON30JAN20305PE.NFO,07/01/2020,12:34:42,25.9,24.9,2300,26.15,2300,0,13800
BIOCON30JAN20305PE.NFO,07/01/2020,12:34:43,25.9,24.9,2300,26.45,18400,0,13800
BIOCON30JAN20305PE.NFO,07/01/2020,12:34:45,25.9,24.9,2300,26.35,13800,0,13800
BIOCON30JAN20305PE.NFO,07/01/2020,12:34:45,25.9,24.9,2300,26.25,9200,0,13800
BIOCON30JAN20305PE.NFO,07/01/2020,12:34:46,25.9,24.9,2300,26.15,6900,0,13800
BIOCON30JAN20305PE.NFO,07/01/2020,12:34:47,25.9,24.9,2300,26.1,2300,0,13800
BIOCON30JAN20305PE.NFO,07/01/2020,12:34:50,25.9,24.9,2300,26.15,6900,0,13800
BIOCON30JAN20305PE.NFO,07/01/2020,12:34:51,25.9,24.9,2300,26.1,2300,0,13800
BIOCON30JAN20305PE.NFO,07/01/2020,12:34:52,25.9,24.9,2300,26.2,2300,0,13800
BIOCON30JAN20305PE.NFO,07/01/2020,12:34:55,25.9,24.9,2300,26.2,6900,0,13800
BIOCON30JAN20305PE.NFO,07/01/2020,12:34:56,25.9,24.9,2300,26.15,2300,0,13800
BIOCON30JAN20305PE.NFO,07/01/2020,12:34:57,25.9,24.9,2300,26.3,9200,0,13800
BIOCON30JAN20305PE.NFO,07/01/2020,12:34:57,25.9,24.9,2300,26.2,6900,0,13800
BIOCON30JAN20305PE.NFO,07/01/2020,12:34:59,25.9,24.9,2300,26.15,2300,0,13800
BIOCON30JAN20305PE.NFO,07/01/2020,12:35:01,25.9,24.9,2300,26.25,9200,0,13800
BIOCON30JAN20305PE.NFO,07/01/2020,12:35:03,25.9,24.9,2300,26.2,2300,0,13800
BIOCON30JAN20305PE.NFO,07/01/2020,12:35:04,25.9,24.9,2300,26.25,2300,0,13800
BIOCON30JAN20305PE.NFO,07/01/2020,12:35:05,25.9,24.9,2300,26.2,2300,0,13800
BIOCON30JAN20305PE.NFO,07/01/2020,12:35:06,25.9,24.9,2300,26.3,2300,0,13800
BIOCON30JAN20305PE.NFO,07/01/2020,12:35:07,25.9,24.9,2300,26.15,6900,0,13800
BIOCON30JAN20305PE.NFO,07/01/2020,12:35:09,25.9,24.9,2300,26.1,2300,0,13800
BIOCON30JAN20305PE.NFO,07/01/2020,12:35:09,25.9,24.9,2300,26.15,6900,0,13800
BIOCON30JAN20305PE.NFO,07/01/2020,12:35:11,25.9,24.9,2300,26.35,2300,0,13800
BIOCON30JAN20305PE.NFO,07/01/2020,12:35:12,25.9,24.9,2300,26.5,2300,0,13800
BIOCON30JAN20305PE.NFO,07/01/2020,12:35:14,25.9,24.9,2300,26.5,11500,0,13800
BIOCON30JAN20305PE.NFO,07/01/2020,12:35:16,25.9,24.9,2300,26.25,2300,0,13800
