Ticker,Date,Time,LTP,BuyPrice,BuyQty,SellPrice,SellQty,LTQ,OpenInterest
BPCL30JAN20390PE.NFO,07/01/2020,10:04:25,1.8,1.7,3600,2.5,1800,1800,5400
BPCL30JAN20390PE.NFO,07/01/2020,10:04:25,1.8,1.7,3600,2.5,1800,0,5400
BPCL30JAN20390PE.NFO,07/01/2020,10:04:25,1.8,1.7,3600,2.5,1800,0,5400
BPCL30JAN20390PE.NFO,07/01/2020,10:04:25,1.8,1.7,3600,2.5,1800,0,5400
BPCL30JAN20390PE.NFO,07/01/2020,10:04:29,1.8,1.8,1800,2.5,1800,0,5400
BPCL30JAN20390PE.NFO,07/01/2020,10:04:34,1.8,1.8,1800,2.25,1800,0,5400
BPCL30JAN20390PE.NFO,07/01/2020,10:04:39,1.8,1.7,3600,2.2,1800,0,5400
BPCL30JAN20390PE.NFO,07/01/2020,10:04:43,1.8,1.7,3600,2.5,1800,0,5400
BPCL30JAN20390PE.NFO,07/01/2020,10:04:47,1.8,1.3,1800,2.4,1800,0,5400
BPCL30JAN20390PE.NFO,07/01/2020,10:04:51,1.8,1.6,3600,2.4,1800,0,5400
BPCL30JAN20390PE.NFO,07/01/2020,10:04:59,1.8,1.6,3600,2.3,1800,0,5400
BPCL30JAN20390PE.NFO,07/01/2020,10:05:22,1.8,1.6,3600,2.2,1800,0,5400
BPCL30JAN20390PE.NFO,07/01/2020,10:06:05,1.8,1.6,3600,2.3,1800,0,5400
BPCL30JAN20390PE.NFO,07/01/2020,10:06:18,1.8,1.8,5400,2.3,1800,0,5400
BPCL30JAN20390PE.NFO,07/01/2020,10:07:55,1.8,1.8,5400,2.25,1800,0,5400
BPCL30JAN20390PE.NFO,07/01/2020,10:08:09,1.8,1.6,3600,2.25,1800,0,5400
BPCL30JAN20390PE.NFO,07/01/2020,10:08:24,1.8,1.6,3600,2.3,1800,0,5400
BPCL30JAN20390PE.NFO,07/01/2020,10:08:33,1.8,1.6,3600,2.25,1800,0,5400
BPCL30JAN20390PE.NFO,07/01/2020,10:08:39,1.8,1.5,3600,2.25,1800,0,5400
BPCL30JAN20390PE.NFO,07/01/2020,10:08:52,1.8,1.25,3600,2.25,1800,0,5400
BPCL30JAN20390PE.NFO,07/01/2020,10:08:56,1.8,1.35,3600,2.25,1800,0,5400
BPCL30JAN20390PE.NFO,07/01/2020,10:09:00,1.8,1.4,1800,2.25,1800,0,5400
BPCL30JAN20390PE.NFO,07/01/2020,10:10:47,1.8,1.4,1800,2.1,3600,0,5400
BPCL30JAN20390PE.NFO,07/01/2020,10:11:16,1.8,1.4,1800,2.05,1800,0,5400
BPCL30JAN20390PE.NFO,07/01/2020,10:11:35,1.8,1,10800,2.05,1800,0,5400
BPCL30JAN20390PE.NFO,07/01/2020,10:11:43,1.8,1.05,10800,2.05,1800,0,5400
BPCL30JAN20390PE.NFO,07/01/2020,10:11:48,1.8,1.05,14400,2.05,1800,0,5400
BPCL30JAN20390PE.NFO,07/01/2020,10:11:51,1.8,1.05,10800,2.05,1800,0,5400
BPCL30JAN20390PE.NFO,07/01/2020,10:12:00,1.8,1.05,14400,2,1800,0,5400
BPCL30JAN20390PE.NFO,07/01/2020,10:12:04,1.8,1.1,1800,2,1800,0,5400
BPCL30JAN20390PE.NFO,07/01/2020,10:12:08,1.8,1.15,1800,2,1800,0,5400
BPCL30JAN20390PE.NFO,07/01/2020,10:12:16,1.8,1.2,1800,1.95,3600,0,5400
BPCL30JAN20390PE.NFO,07/01/2020,10:12:24,1.8,1.2,1800,2.6,5400,0,5400
BPCL30JAN20390PE.NFO,07/01/2020,10:12:29,1.8,1.15,1800,2.05,1800,0,5400
BPCL30JAN20390PE.NFO,07/01/2020,10:12:38,1.8,1.2,1800,2.05,1800,0,5400
BPCL30JAN20390PE.NFO,07/01/2020,10:12:42,1.8,1.15,1800,2.05,1800,0,5400
BPCL30JAN20390PE.NFO,07/01/2020,10:12:45,1.8,0.65,12600,2.05,1800,0,5400
BPCL30JAN20390PE.NFO,07/01/2020,10:12:49,1.8,0.75,7200,2.05,1800,0,5400
BPCL30JAN20390PE.NFO,07/01/2020,10:13:01,1.8,0.75,10800,2.05,1800,0,5400
BPCL30JAN20390PE.NFO,07/01/2020,10:13:05,1.8,1,1800,2.05,1800,0,5400
BPCL30JAN20390PE.NFO,07/01/2020,10:13:14,1.8,1,1800,2,1800,0,5400
BPCL30JAN20390PE.NFO,07/01/2020,10:13:18,1.8,1.05,1800,2,1800,0,5400
BPCL30JAN20390PE.NFO,07/01/2020,10:14:23,1.8,1.05,1800,1.95,1800,0,5400
BPCL30JAN20390PE.NFO,07/01/2020,10:15:02,1.8,1.05,1800,1.5,1800,0,5400
BPCL30JAN20390PE.NFO,07/01/2020,10:15:38,1.1,1.05,1800,1.5,1800,1800,7200
BPCL30JAN20390PE.NFO,07/01/2020,10:15:38,1.1,1.05,1800,1.5,1800,0,7200
BPCL30JAN20390PE.NFO,07/01/2020,10:15:42,1.1,1.1,3600,1.5,1800,1800,7200
BPCL30JAN20390PE.NFO,07/01/2020,10:15:47,1.1,1.05,1800,1.1,1800,0,7200
BPCL30JAN20390PE.NFO,07/01/2020,10:15:53,1.1,1.05,1800,1.4,1800,0,7200
BPCL30JAN20390PE.NFO,07/01/2020,10:16:12,1.1,1.05,1800,1.2,1800,0,7200
BPCL30JAN20390PE.NFO,07/01/2020,10:17:21,1.1,0.8,1800,1.2,1800,0,7200
BPCL30JAN20390PE.NFO,07/01/2020,10:17:29,1.1,0.85,1800,1.2,1800,0,7200
BPCL30JAN20390PE.NFO,07/01/2020,10:17:38,1.1,1.05,1800,1.2,1800,0,7200
BPCL30JAN20390PE.NFO,07/01/2020,10:17:42,1.1,1,5400,1.2,1800,0,7200
BPCL30JAN20390PE.NFO,07/01/2020,10:18:01,1.1,1.05,1800,1.2,1800,0,7200
BPCL30JAN20390PE.NFO,07/01/2020,10:18:05,1.1,1.1,3600,1.2,1800,0,7200
BPCL30JAN20390PE.NFO,07/01/2020,10:18:25,1.1,1,5400,1.2,1800,0,7200
BPCL30JAN20390PE.NFO,07/01/2020,10:18:53,1.1,1,5400,1.5,1800,0,7200
BPCL30JAN20390PE.NFO,07/01/2020,10:18:58,1.1,1.1,1800,1.5,1800,0,7200
BPCL30JAN20390PE.NFO,07/01/2020,10:19:03,1.1,1.1,1800,1.45,1800,0,7200
BPCL30JAN20390PE.NFO,07/01/2020,10:19:11,1.1,1.15,3600,1.45,1800,0,7200
BPCL30JAN20390PE.NFO,07/01/2020,10:19:20,1.1,1.15,3600,1.35,1800,0,7200
BPCL30JAN20390PE.NFO,07/01/2020,10:19:25,1.1,1.15,3600,1.3,1800,0,7200
BPCL30JAN20390PE.NFO,07/01/2020,10:19:30,1.1,1.15,3600,1.45,1800,0,7200
BPCL30JAN20390PE.NFO,07/01/2020,10:20:06,1.1,1.15,3600,1.5,1800,0,7200
BPCL30JAN20390PE.NFO,07/01/2020,10:20:31,1.1,1.15,3600,2,1800,0,7200
BPCL30JAN20390PE.NFO,07/01/2020,10:20:35,1.1,1.15,3600,1.95,1800,0,7200
BPCL30JAN20390PE.NFO,07/01/2020,10:20:38,1.1,1.15,3600,1.85,3600,0,7200
BPCL30JAN20390PE.NFO,07/01/2020,10:20:42,1.1,1.15,3600,1.8,1800,0,7200
BPCL30JAN20390PE.NFO,07/01/2020,10:20:47,1.1,1.15,3600,1.65,1800,0,7200
BPCL30JAN20390PE.NFO,07/01/2020,10:20:52,1.1,1.15,3600,1.5,1800,0,7200
BPCL30JAN20390PE.NFO,07/01/2020,10:21:09,1.1,1.15,3600,2,1800,0,7200
BPCL30JAN20390PE.NFO,07/01/2020,10:21:13,1.1,1.15,3600,1.95,3600,0,7200
BPCL30JAN20390PE.NFO,07/01/2020,10:21:21,1.1,1.15,3600,1.5,1800,0,7200
BPCL30JAN20390PE.NFO,07/01/2020,10:23:38,1.1,1.2,3600,1.5,1800,0,7200
BPCL30JAN20390PE.NFO,07/01/2020,10:24:36,1.5,1.2,3600,1.95,1800,1800,7200
BPCL30JAN20390PE.NFO,07/01/2020,10:24:40,1.5,1.2,3600,1.9,1800,0,5400
BPCL30JAN20390PE.NFO,07/01/2020,10:24:43,1.5,1.2,3600,1.75,1800,0,5400
BPCL30JAN20390PE.NFO,07/01/2020,10:24:46,1.5,1.2,3600,1.7,1800,0,5400
BPCL30JAN20390PE.NFO,07/01/2020,10:24:50,1.5,1.2,3600,1.65,3600,0,5400
BPCL30JAN20390PE.NFO,07/01/2020,10:24:56,1.5,1.2,3600,1.7,1800,0,5400
BPCL30JAN20390PE.NFO,07/01/2020,10:25:00,1.5,1.2,3600,1.8,1800,0,5400
BPCL30JAN20390PE.NFO,07/01/2020,10:27:04,1.5,1.2,3600,1.75,1800,0,5400
BPCL30JAN20390PE.NFO,07/01/2020,10:27:15,1.5,1.25,3600,1.75,1800,0,5400
BPCL30JAN20390PE.NFO,07/01/2020,10:27:19,1.5,1.2,3600,1.75,1800,0,5400
BPCL30JAN20390PE.NFO,07/01/2020,10:28:33,1.5,1.2,3600,1.7,1800,0,5400
BPCL30JAN20390PE.NFO,07/01/2020,10:29:09,1.5,1.2,3600,1.95,1800,0,5400
BPCL30JAN20390PE.NFO,07/01/2020,10:29:15,1.5,1.2,3600,1.9,1800,0,5400
BPCL30JAN20390PE.NFO,07/01/2020,10:29:24,1.5,1.2,3600,1.85,1800,0,5400
BPCL30JAN20390PE.NFO,07/01/2020,10:29:28,1.5,1.2,3600,1.8,3600,0,5400
BPCL30JAN20390PE.NFO,07/01/2020,10:31:35,1.5,1.2,3600,1.8,1800,0,5400
BPCL30JAN20390PE.NFO,07/01/2020,10:32:10,1.5,1.2,3600,1.6,3600,0,5400
BPCL30JAN20390PE.NFO,07/01/2020,10:32:15,1.5,1.2,3600,1.5,3600,0,5400
BPCL30JAN20390PE.NFO,07/01/2020,10:32:20,1.5,1.2,3600,1.95,1800,0,5400
BPCL30JAN20390PE.NFO,07/01/2020,10:32:24,1.5,1.2,3600,1.9,3600,0,5400
BPCL30JAN20390PE.NFO,07/01/2020,10:33:24,1.5,1.2,3600,1.75,1800,0,5400
BPCL30JAN20390PE.NFO,07/01/2020,10:37:15,1.5,1,3600,1.75,1800,0,5400
BPCL30JAN20390PE.NFO,07/01/2020,10:37:24,1.5,1,3600,1.7,1800,0,5400
BPCL30JAN20390PE.NFO,07/01/2020,10:38:07,1.5,1,3600,1.75,1800,0,5400
BPCL30JAN20390PE.NFO,07/01/2020,10:38:53,1.5,1,5400,1.75,1800,0,5400
BPCL30JAN20390PE.NFO,07/01/2020,10:39:08,1.5,1,5400,1.95,1800,0,5400
BPCL30JAN20390PE.NFO,07/01/2020,10:41:22,1.5,1,5400,1.9,1800,0,5400
BPCL30JAN20390PE.NFO,07/01/2020,10:41:43,1.5,1.05,1800,1.9,1800,0,5400
BPCL30JAN20390PE.NFO,07/01/2020,10:42:20,1.5,1.1,1800,1.9,1800,0,5400
BPCL30JAN20390PE.NFO,07/01/2020,10:43:51,1.5,1.1,1800,1.85,1800,0,5400
BPCL30JAN20390PE.NFO,07/01/2020,10:43:53,1.5,1.2,3600,1.85,1800,0,5400
BPCL30JAN20390PE.NFO,07/01/2020,10:45:30,1.5,1,5400,1.85,1800,0,5400
BPCL30JAN20390PE.NFO,07/01/2020,10:50:36,1.5,1,5400,1.5,1800,0,5400
BPCL30JAN20390PE.NFO,07/01/2020,10:52:52,1.5,1.1,3600,1.85,1800,0,5400
BPCL30JAN20390PE.NFO,07/01/2020,10:53:39,1.5,1.15,1800,1.85,1800,0,5400
BPCL30JAN20390PE.NFO,07/01/2020,11:04:25,1.5,1.25,1800,1.85,1800,0,5400
BPCL30JAN20390PE.NFO,07/01/2020,11:09:34,1.5,1.25,1800,1.8,1800,0,5400
BPCL30JAN20390PE.NFO,07/01/2020,11:11:05,1.5,1.25,1800,2,1800,0,5400
BPCL30JAN20390PE.NFO,07/01/2020,11:13:02,1.5,1.25,1800,1.95,1800,0,5400
BPCL30JAN20390PE.NFO,07/01/2020,11:13:26,1.5,1.25,1800,2,1800,0,5400
BPCL30JAN20390PE.NFO,07/01/2020,11:14:06,1.5,1.25,3600,2,1800,0,5400
BPCL30JAN20390PE.NFO,07/01/2020,11:14:29,1.5,1.25,3600,2.2,1800,0,5400
BPCL30JAN20390PE.NFO,07/01/2020,11:21:51,1.5,1.25,3600,2.1,1800,0,5400
BPCL30JAN20390PE.NFO,07/01/2020,11:22:03,1.5,1.25,3600,2.2,1800,0,5400
BPCL30JAN20390PE.NFO,07/01/2020,11:22:07,1.5,1.25,3600,2.1,1800,0,5400
BPCL30JAN20390PE.NFO,07/01/2020,11:22:56,1.5,1.25,1800,2.1,1800,0,5400
BPCL30JAN20390PE.NFO,07/01/2020,11:26:09,1.5,1.25,1800,2,1800,0,5400
BPCL30JAN20390PE.NFO,07/01/2020,11:32:34,1.5,1.25,1800,1.65,3600,0,5400
BPCL30JAN20390PE.NFO,07/01/2020,11:32:38,1.5,1.25,1800,1.5,3600,0,5400
BPCL30JAN20390PE.NFO,07/01/2020,11:32:49,1.5,1.25,1800,2,1800,0,5400
BPCL30JAN20390PE.NFO,07/01/2020,11:32:55,1.5,1.25,1800,1.9,1800,0,5400
BPCL30JAN20390PE.NFO,07/01/2020,11:33:23,1.5,1.25,1800,1.8,1800,0,5400
BPCL30JAN20390PE.NFO,07/01/2020,11:33:27,1.5,1.25,1800,1.75,1800,0,5400
BPCL30JAN20390PE.NFO,07/01/2020,11:37:48,1.5,0.65,3600,1.75,1800,0,5400
BPCL30JAN20390PE.NFO,07/01/2020,11:38:01,1.5,0.75,1800,1.75,1800,0,5400
BPCL30JAN20390PE.NFO,07/01/2020,11:39:37,1.5,0.8,3600,1.75,1800,0,5400
BPCL30JAN20390PE.NFO,07/01/2020,11:40:04,1.5,0.8,3600,1.65,1800,0,5400
BPCL30JAN20390PE.NFO,07/01/2020,11:41:00,1.5,0.85,3600,1.65,1800,0,5400
BPCL30JAN20390PE.NFO,07/01/2020,11:42:51,1.5,1,3600,1.65,1800,0,5400
BPCL30JAN20390PE.NFO,07/01/2020,11:43:46,1.5,1.1,3600,1.65,1800,0,5400
BPCL30JAN20390PE.NFO,07/01/2020,12:02:15,1.5,1.1,3600,1.8,1800,0,5400
BPCL30JAN20390PE.NFO,07/01/2020,12:45:46,1.5,0.75,1800,1.8,1800,0,5400
BPCL30JAN20390PE.NFO,07/01/2020,12:45:50,1.5,0.8,3600,1.8,1800,0,5400
BPCL30JAN20390PE.NFO,07/01/2020,13:00:34,1.5,1.35,1800,1.8,1800,0,5400
BPCL30JAN20390PE.NFO,07/01/2020,13:08:51,1.5,1.5,1800,1.8,1800,0,5400
BPCL30JAN20390PE.NFO,07/01/2020,13:09:45,1.5,1.5,1800,1.75,1800,0,5400
BPCL30JAN20390PE.NFO,07/01/2020,13:10:03,1.5,1.65,1800,1.75,1800,0,5400
BPCL30JAN20390PE.NFO,07/01/2020,13:14:42,1.65,0.8,3600,1.75,1800,1800,5400
BPCL30JAN20390PE.NFO,07/01/2020,13:14:51,1.65,1.1,1800,1.65,1800,0,5400
BPCL30JAN20390PE.NFO,07/01/2020,13:14:55,1.65,1.1,1800,1.7,1800,0,5400
BPCL30JAN20390PE.NFO,07/01/2020,13:15:04,1.65,1.1,1800,1.65,1800,0,5400
BPCL30JAN20390PE.NFO,07/01/2020,13:15:51,1.65,1.3,1800,1.65,1800,0,5400
BPCL30JAN20390PE.NFO,07/01/2020,13:15:56,1.65,1.35,1800,1.65,1800,0,5400
BPCL30JAN20390PE.NFO,07/01/2020,13:16:06,1.65,1.5,3600,1.65,1800,0,5400
BPCL30JAN20390PE.NFO,07/01/2020,13:16:37,1.65,1.35,1800,1.65,1800,0,5400
BPCL30JAN20390PE.NFO,07/01/2020,13:16:41,1.65,1.4,1800,1.65,1800,0,5400
BPCL30JAN20390PE.NFO,07/01/2020,13:17:41,1.65,1.45,1800,1.65,1800,0,5400
BPCL30JAN20390PE.NFO,07/01/2020,13:17:46,1.65,1.4,1800,1.65,1800,0,5400
BPCL30JAN20390PE.NFO,07/01/2020,13:23:04,1.65,1.4,1800,2.2,1800,1800,7200
BPCL30JAN20390PE.NFO,07/01/2020,13:23:09,1.65,1.4,1800,2,3600,0,7200
BPCL30JAN20390PE.NFO,07/01/2020,13:23:28,1.65,1.4,1800,1.95,1800,0,7200
BPCL30JAN20390PE.NFO,07/01/2020,13:23:34,1.65,1.4,1800,1.9,1800,0,7200
BPCL30JAN20390PE.NFO,07/01/2020,13:23:47,1.65,1.4,1800,1.85,5400,0,7200
BPCL30JAN20390PE.NFO,07/01/2020,13:24:17,1.65,1.4,1800,1.8,1800,0,7200
BPCL30JAN20390PE.NFO,07/01/2020,13:24:21,1.45,1.4,1800,1.8,1800,3600,9000
BPCL30JAN20390PE.NFO,07/01/2020,13:24:35,1.45,1.4,1800,1.75,3600,0,9000
BPCL30JAN20390PE.NFO,07/01/2020,13:24:41,1.45,1.4,1800,2.2,1800,0,9000
BPCL30JAN20390PE.NFO,07/01/2020,13:24:48,1.45,1.4,1800,1.95,1800,0,9000
BPCL30JAN20390PE.NFO,07/01/2020,13:25:10,1.45,1.4,1800,1.9,1800,0,9000
BPCL30JAN20390PE.NFO,07/01/2020,13:25:26,1.45,1.4,1800,1.85,1800,0,9000
BPCL30JAN20390PE.NFO,07/01/2020,13:27:26,1.45,1.4,1800,1.8,3600,0,9000
BPCL30JAN20390PE.NFO,07/01/2020,13:27:40,1.45,1.4,1800,1.65,3600,0,9000
BPCL30JAN20390PE.NFO,07/01/2020,13:27:50,1.45,1.4,1800,1.7,3600,0,9000
BPCL30JAN20390PE.NFO,07/01/2020,13:27:57,1.45,1.4,1800,1.75,1800,0,9000
BPCL30JAN20390PE.NFO,07/01/2020,13:29:37,1.4,1.3,1800,1.75,1800,1800,9000
BPCL30JAN20390PE.NFO,07/01/2020,13:29:57,1.4,1.3,1800,1.75,1800,1800,9000
BPCL30JAN20390PE.NFO,07/01/2020,13:30:35,1.4,0.8,3600,1.75,1800,0,9000
BPCL30JAN20390PE.NFO,07/01/2020,13:31:17,1.4,1,1800,1.75,1800,0,9000
BPCL30JAN20390PE.NFO,07/01/2020,13:34:03,1.4,1.05,3600,1.75,1800,0,9000
BPCL30JAN20390PE.NFO,07/01/2020,13:43:28,1.4,1.1,3600,1.75,1800,0,9000
BPCL30JAN20390PE.NFO,07/01/2020,13:44:02,1.4,0.75,1800,1.75,1800,0,9000
BPCL30JAN20390PE.NFO,07/01/2020,13:44:04,1.4,0.9,3600,1.75,1800,0,9000
BPCL30JAN20390PE.NFO,07/01/2020,13:44:21,1.4,1,18000,1.75,1800,0,9000
BPCL30JAN20390PE.NFO,07/01/2020,13:50:05,1,1,16200,1.75,1800,1800,9000
BPCL30JAN20390PE.NFO,07/01/2020,13:50:05,1,1,16200,1.75,1800,0,9000
BPCL30JAN20390PE.NFO,07/01/2020,13:50:17,1,1,16200,1.75,1800,0,9000
BPCL30JAN20390PE.NFO,07/01/2020,13:51:57,1,1,3600,1.75,1800,0,9000
BPCL30JAN20390PE.NFO,07/01/2020,13:53:50,1,1,3600,1.65,1800,0,9000
BPCL30JAN20390PE.NFO,07/01/2020,13:54:12,1,1.05,3600,1.65,1800,0,9000
BPCL30JAN20390PE.NFO,07/01/2020,13:56:12,1,1,3600,1.65,1800,0,9000
BPCL30JAN20390PE.NFO,07/01/2020,13:56:42,1,1,3600,1.6,3600,0,9000
BPCL30JAN20390PE.NFO,07/01/2020,13:56:49,1,1,3600,1.5,3600,0,9000
BPCL30JAN20390PE.NFO,07/01/2020,13:56:52,1,1,3600,1.6,3600,0,9000
BPCL30JAN20390PE.NFO,07/01/2020,13:58:01,1,1.05,1800,1.6,3600,0,9000
BPCL30JAN20390PE.NFO,07/01/2020,13:58:32,1,1,3600,1.6,3600,0,9000
BPCL30JAN20390PE.NFO,07/01/2020,14:07:00,1,1.05,1800,2,3600,0,9000
BPCL30JAN20390PE.NFO,07/01/2020,14:07:03,1,1.1,3600,2,3600,0,9000
BPCL30JAN20390PE.NFO,07/01/2020,14:07:33,1,1.1,3600,1.9,1800,0,9000
BPCL30JAN20390PE.NFO,07/01/2020,14:07:38,1,1.1,3600,1.85,3600,0,9000
BPCL30JAN20390PE.NFO,07/01/2020,14:07:47,1,1,3600,1.85,3600,0,9000
BPCL30JAN20390PE.NFO,07/01/2020,14:07:52,1,1.05,3600,1.85,3600,0,9000
BPCL30JAN20390PE.NFO,07/01/2020,14:07:56,1,1.05,3600,1.8,1800,0,9000
BPCL30JAN20390PE.NFO,07/01/2020,14:11:46,1,1.1,3600,1.8,1800,0,9000
BPCL30JAN20390PE.NFO,07/01/2020,14:13:52,1,1.1,3600,1.65,3600,0,9000
BPCL30JAN20390PE.NFO,07/01/2020,14:14:32,1,1.1,3600,1.65,1800,0,9000
BPCL30JAN20390PE.NFO,07/01/2020,14:17:36,1,1,16200,1.65,1800,0,9000
BPCL30JAN20390PE.NFO,07/01/2020,14:19:06,1,1.05,3600,1.65,1800,0,9000
BPCL30JAN20390PE.NFO,07/01/2020,14:19:23,1,1,16200,1.65,1800,0,9000
BPCL30JAN20390PE.NFO,07/01/2020,14:25:27,1,1.05,1800,1.65,1800,0,9000
BPCL30JAN20390PE.NFO,07/01/2020,14:45:22,1,1.1,3600,1.75,1800,0,9000
BPCL30JAN20390PE.NFO,07/01/2020,14:47:27,1,1.1,3600,1.7,1800,0,9000
BPCL30JAN20390PE.NFO,07/01/2020,14:47:43,1,1.1,3600,1.7,3600,0,9000
BPCL30JAN20390PE.NFO,07/01/2020,14:48:41,1,1.1,3600,1.7,1800,0,9000
BPCL30JAN20390PE.NFO,07/01/2020,14:48:46,1,1.1,3600,1.75,1800,0,9000
BPCL30JAN20390PE.NFO,07/01/2020,14:50:46,1,1.15,1800,1.75,1800,0,9000
BPCL30JAN20390PE.NFO,07/01/2020,14:50:54,1,1.15,1800,1.8,1800,0,9000
BPCL30JAN20390PE.NFO,07/01/2020,14:51:23,1,1.1,1800,1.8,1800,0,9000
BPCL30JAN20390PE.NFO,07/01/2020,14:51:28,1,1.2,1800,1.8,1800,0,9000
BPCL30JAN20390PE.NFO,07/01/2020,14:51:33,1,1.1,1800,1.8,1800,0,9000
BPCL30JAN20390PE.NFO,07/01/2020,14:51:36,1,1.15,1800,1.8,1800,0,9000
BPCL30JAN20390PE.NFO,07/01/2020,14:54:53,1,1.15,1800,2,3600,0,9000
BPCL30JAN20390PE.NFO,07/01/2020,14:54:57,1,1.15,1800,2,5400,0,9000
BPCL30JAN20390PE.NFO,07/01/2020,14:55:02,1,1.15,1800,1.95,1800,0,9000
BPCL30JAN20390PE.NFO,07/01/2020,14:56:25,1,1.15,1800,1.9,1800,0,9000
BPCL30JAN20390PE.NFO,07/01/2020,14:57:20,1,1.15,1800,1.95,1800,0,9000
BPCL30JAN20390PE.NFO,07/01/2020,14:57:46,1,1.2,3600,1.95,1800,0,9000
BPCL30JAN20390PE.NFO,07/01/2020,14:59:10,1,1.2,3600,1.9,1800,0,9000
BPCL30JAN20390PE.NFO,07/01/2020,15:03:37,1,1.2,3600,1.8,1800,0,9000
BPCL30JAN20390PE.NFO,07/01/2020,15:04:34,1,1.1,3600,1.8,1800,0,9000
BPCL30JAN20390PE.NFO,07/01/2020,15:06:57,1,1.1,3600,1.75,1800,0,9000
BPCL30JAN20390PE.NFO,07/01/2020,15:07:01,1,1.1,3600,1.8,1800,0,9000
BPCL30JAN20390PE.NFO,07/01/2020,15:08:37,1,1.15,1800,1.8,1800,0,9000
BPCL30JAN20390PE.NFO,07/01/2020,15:09:37,1,1.25,1800,1.8,1800,0,9000
BPCL30JAN20390PE.NFO,07/01/2020,15:14:05,1,1.15,1800,1.8,1800,0,9000
BPCL30JAN20390PE.NFO,07/01/2020,15:15:34,1,1.15,1800,2,1800,0,9000
BPCL30JAN20390PE.NFO,07/01/2020,15:16:36,1,1.15,1800,1.95,1800,0,9000
BPCL30JAN20390PE.NFO,07/01/2020,15:17:37,1,1.15,3600,1.95,1800,0,9000
BPCL30JAN20390PE.NFO,07/01/2020,15:22:35,1,1.15,3600,1.9,1800,0,9000
BPCL30JAN20390PE.NFO,07/01/2020,15:23:40,1,1.15,3600,1.85,1800,0,9000
BPCL30JAN20390PE.NFO,07/01/2020,15:28:32,1,1.15,1800,1.85,1800,0,9000
