Ticker,Date,Time,LTP,BuyPrice,BuyQty,SellPrice,SellQty,LTQ,OpenInterest
BRITANNIA30JAN203200CE.NFO,07/01/2020,09:34:56,19.4,18.6,200,19.5,200,200,20200
BRITANNIA30JAN203200CE.NFO,07/01/2020,09:34:56,19.4,18.6,200,19.5,200,0,20200
BRITANNIA30JAN203200CE.NFO,07/01/2020,09:34:56,19.4,18.6,200,19.5,200,0,20200
BRITANNIA30JAN203200CE.NFO,07/01/2020,09:34:56,19.4,18.6,200,19.5,200,0,20200
BRITANNIA30JAN203200CE.NFO,07/01/2020,09:35:01,19.4,18.6,200,19.5,200,0,20200
BRITANNIA30JAN203200CE.NFO,07/01/2020,09:35:06,19.4,18.4,200,19.5,200,0,20200
BRITANNIA30JAN203200CE.NFO,07/01/2020,09:35:11,19.4,18.45,200,19.5,200,0,20200
BRITANNIA30JAN203200CE.NFO,07/01/2020,09:35:26,19.4,16.75,200,19.5,200,0,20200
BRITANNIA30JAN203200CE.NFO,07/01/2020,09:35:32,19.4,17.45,200,19.5,200,0,20200
BRITANNIA30JAN203200CE.NFO,07/01/2020,09:35:37,19.4,17.55,200,19.5,200,0,20200
BRITANNIA30JAN203200CE.NFO,07/01/2020,09:35:44,19.4,17.65,200,19.5,200,0,20200
BRITANNIA30JAN203200CE.NFO,07/01/2020,09:35:51,19.4,17.75,200,19.5,200,0,20200
BRITANNIA30JAN203200CE.NFO,07/01/2020,09:35:58,19.4,17.8,400,19.5,200,0,20200
BRITANNIA30JAN203200CE.NFO,07/01/2020,09:36:15,19.4,17.8,400,19.8,200,0,20200
BRITANNIA30JAN203200CE.NFO,07/01/2020,09:37:22,19.4,17.8,400,19.6,200,0,20200
BRITANNIA30JAN203200CE.NFO,07/01/2020,09:37:27,19.4,17.8,400,19.4,200,0,20200
BRITANNIA30JAN203200CE.NFO,07/01/2020,09:37:37,19.4,17.8,400,19.3,200,0,20200
BRITANNIA30JAN203200CE.NFO,07/01/2020,09:38:48,19.4,17.8,400,19.1,200,0,20200
BRITANNIA30JAN203200CE.NFO,07/01/2020,09:40:33,19.4,17.8,400,19,200,0,20200
BRITANNIA30JAN203200CE.NFO,07/01/2020,09:41:18,19.4,17.8,200,18.7,200,0,20200
BRITANNIA30JAN203200CE.NFO,07/01/2020,09:41:23,19.4,17,200,18.4,200,0,20200
BRITANNIA30JAN203200CE.NFO,07/01/2020,09:41:28,19.4,17.3,200,18.4,200,0,20200
BRITANNIA30JAN203200CE.NFO,07/01/2020,09:41:33,19.4,17.4,200,18.4,200,0,20200
BRITANNIA30JAN203200CE.NFO,07/01/2020,09:41:38,18.4,17.5,200,18.6,200,200,20400
BRITANNIA30JAN203200CE.NFO,07/01/2020,09:41:38,18.4,17.5,200,18.6,200,0,20400
BRITANNIA30JAN203200CE.NFO,07/01/2020,09:41:42,18.4,17.6,200,18.65,200,0,20400
BRITANNIA30JAN203200CE.NFO,07/01/2020,09:42:04,18.4,17.5,200,18.45,200,0,20400
BRITANNIA30JAN203200CE.NFO,07/01/2020,09:42:31,18.4,17.5,200,18.35,200,0,20400
BRITANNIA30JAN203200CE.NFO,07/01/2020,09:42:45,18.4,17.45,200,18.35,200,0,20400
BRITANNIA30JAN203200CE.NFO,07/01/2020,09:42:51,18.4,15.2,200,18.2,200,0,20400
BRITANNIA30JAN203200CE.NFO,07/01/2020,09:42:57,18.4,16.75,200,18.05,200,0,20400
BRITANNIA30JAN203200CE.NFO,07/01/2020,09:43:15,18.4,16.95,200,18.05,200,0,20400
BRITANNIA30JAN203200CE.NFO,07/01/2020,09:43:25,18.05,17.25,200,18.25,200,200,20400
BRITANNIA30JAN203200CE.NFO,07/01/2020,09:43:25,18.05,17.25,200,18.25,200,0,20400
BRITANNIA30JAN203200CE.NFO,07/01/2020,09:43:30,18.05,17.25,200,18.25,200,0,20400
BRITANNIA30JAN203200CE.NFO,07/01/2020,09:44:27,18.05,17.25,200,18.15,200,0,20400
BRITANNIA30JAN203200CE.NFO,07/01/2020,09:44:32,18.05,17.25,200,18.2,200,0,20400
BRITANNIA30JAN203200CE.NFO,07/01/2020,09:44:37,18.05,17.25,200,18.15,200,0,20400
BRITANNIA30JAN203200CE.NFO,07/01/2020,09:44:43,18.05,17.25,200,18.2,200,0,20400
BRITANNIA30JAN203200CE.NFO,07/01/2020,09:44:54,18.05,17.35,200,18.25,200,0,20400
BRITANNIA30JAN203200CE.NFO,07/01/2020,09:45:00,18.05,17.35,200,18.15,200,0,20400
BRITANNIA30JAN203200CE.NFO,07/01/2020,09:45:11,18.05,17.5,200,18.55,200,0,20400
BRITANNIA30JAN203200CE.NFO,07/01/2020,09:45:18,18.05,17.45,200,18.45,200,0,20400
BRITANNIA30JAN203200CE.NFO,07/01/2020,09:46:01,18.05,17.55,200,18.45,200,0,20400
BRITANNIA30JAN203200CE.NFO,07/01/2020,09:46:11,18.05,17.65,200,18.5,200,0,20400
BRITANNIA30JAN203200CE.NFO,07/01/2020,09:46:15,18.05,17.65,200,18.55,200,0,20400
BRITANNIA30JAN203200CE.NFO,07/01/2020,09:46:31,18.05,17.85,200,18.75,200,0,20400
BRITANNIA30JAN203200CE.NFO,07/01/2020,09:46:36,18.05,17.75,200,18.45,200,0,20400
BRITANNIA30JAN203200CE.NFO,07/01/2020,09:46:52,18.05,17.75,200,18.5,200,0,20400
BRITANNIA30JAN203200CE.NFO,07/01/2020,09:47:04,18.05,17.85,200,18.65,200,0,20400
BRITANNIA30JAN203200CE.NFO,07/01/2020,09:47:35,18.05,18.05,200,18.75,200,0,20400
BRITANNIA30JAN203200CE.NFO,07/01/2020,09:47:40,18.05,17.35,200,18.7,200,0,20400
BRITANNIA30JAN203200CE.NFO,07/01/2020,09:47:44,18.05,17.65,200,18.7,200,0,20400
BRITANNIA30JAN203200CE.NFO,07/01/2020,09:47:49,18.05,17.75,200,18.8,200,0,20400
BRITANNIA30JAN203200CE.NFO,07/01/2020,09:47:54,18.05,17.85,200,18.85,200,0,20400
BRITANNIA30JAN203200CE.NFO,07/01/2020,09:48:12,18.05,17.8,200,18.75,200,0,20400
BRITANNIA30JAN203200CE.NFO,07/01/2020,09:49:02,18.05,18,200,19.05,200,0,20400
BRITANNIA30JAN203200CE.NFO,07/01/2020,09:49:43,18.05,18.1,200,19,200,0,20400
BRITANNIA30JAN203200CE.NFO,07/01/2020,09:50:47,18.05,18.65,400,24.05,200,0,20400
BRITANNIA30JAN203200CE.NFO,07/01/2020,09:50:52,18.05,18.65,200,21.1,200,0,20400
BRITANNIA30JAN203200CE.NFO,07/01/2020,09:50:56,18.05,18.65,200,20.3,200,0,20400
BRITANNIA30JAN203200CE.NFO,07/01/2020,09:51:01,18.05,18.65,200,20.2,200,0,20400
BRITANNIA30JAN203200CE.NFO,07/01/2020,09:51:14,18.05,18.45,200,20,200,0,20400
BRITANNIA30JAN203200CE.NFO,07/01/2020,09:51:23,18.05,18.35,200,19.9,200,0,20400
BRITANNIA30JAN203200CE.NFO,07/01/2020,09:51:48,18.05,18.3,200,19.9,200,0,20400
BRITANNIA30JAN203200CE.NFO,07/01/2020,09:51:56,18.05,18.25,200,19.9,200,0,20400
BRITANNIA30JAN203200CE.NFO,07/01/2020,09:52:03,18.05,18.15,200,19.9,200,0,20400
BRITANNIA30JAN203200CE.NFO,07/01/2020,09:52:20,18.05,18.15,200,19.8,200,0,20400
BRITANNIA30JAN203200CE.NFO,07/01/2020,09:52:45,18.05,17.9,200,19.6,200,0,20400
BRITANNIA30JAN203200CE.NFO,07/01/2020,09:53:16,18.05,17.9,200,19.5,200,0,20400
BRITANNIA30JAN203200CE.NFO,07/01/2020,09:53:34,18.05,17.95,200,19.4,200,0,20400
BRITANNIA30JAN203200CE.NFO,07/01/2020,09:53:47,18.05,18.05,200,19.4,200,0,20400
BRITANNIA30JAN203200CE.NFO,07/01/2020,09:53:51,18.05,18.05,200,19.3,200,0,20400
BRITANNIA30JAN203200CE.NFO,07/01/2020,09:54:11,18.05,18.05,400,19.3,200,0,20400
BRITANNIA30JAN203200CE.NFO,07/01/2020,09:54:25,18.05,18.05,400,19.2,200,0,20400
BRITANNIA30JAN203200CE.NFO,07/01/2020,09:54:35,18.05,18.05,400,19.1,200,0,20400
BRITANNIA30JAN203200CE.NFO,07/01/2020,09:54:48,18.05,18.05,200,19.1,200,0,20400
BRITANNIA30JAN203200CE.NFO,07/01/2020,09:54:52,18.05,18,200,19.1,200,0,20400
BRITANNIA30JAN203200CE.NFO,07/01/2020,09:55:05,18.05,17.95,200,19.1,200,0,20400
BRITANNIA30JAN203200CE.NFO,07/01/2020,09:55:36,18.05,18,200,19.1,200,0,20400
BRITANNIA30JAN203200CE.NFO,07/01/2020,09:55:50,18.05,17.5,200,18.6,200,0,20400
BRITANNIA30JAN203200CE.NFO,07/01/2020,09:55:53,18.05,17.5,200,18.5,200,0,20400
BRITANNIA30JAN203200CE.NFO,07/01/2020,09:55:57,18.05,17.4,200,18.3,200,0,20400
BRITANNIA30JAN203200CE.NFO,07/01/2020,09:56:00,18.05,17.5,200,18.3,200,0,20400
BRITANNIA30JAN203200CE.NFO,07/01/2020,09:56:42,18.05,17.65,200,18.3,200,0,20400
BRITANNIA30JAN203200CE.NFO,07/01/2020,09:56:55,18.05,17.55,200,18.3,200,0,20400
BRITANNIA30JAN203200CE.NFO,07/01/2020,09:57:04,18.05,17.6,200,18.3,200,0,20400
BRITANNIA30JAN203200CE.NFO,07/01/2020,09:57:29,18.05,17.55,400,18.3,200,0,20400
BRITANNIA30JAN203200CE.NFO,07/01/2020,09:58:40,18.05,17.55,200,18.3,200,0,20400
BRITANNIA30JAN203200CE.NFO,07/01/2020,09:59:11,18.05,17.65,200,18.3,200,0,20400
BRITANNIA30JAN203200CE.NFO,07/01/2020,09:59:20,18.05,17.8,200,18.3,200,0,20400
BRITANNIA30JAN203200CE.NFO,07/01/2020,10:00:41,18.05,17.75,200,18.3,200,0,20400
BRITANNIA30JAN203200CE.NFO,07/01/2020,10:01:36,18.05,17.65,400,18.3,200,0,20400
BRITANNIA30JAN203200CE.NFO,07/01/2020,10:02:03,18.05,17.65,400,18.2,200,0,20400
BRITANNIA30JAN203200CE.NFO,07/01/2020,10:02:14,18.05,17.65,400,18.25,200,0,20400
BRITANNIA30JAN203200CE.NFO,07/01/2020,10:02:20,18.05,17.95,200,18.3,200,0,20400
BRITANNIA30JAN203200CE.NFO,07/01/2020,10:02:25,18.05,17.75,400,18.3,200,0,20400
BRITANNIA30JAN203200CE.NFO,07/01/2020,10:02:35,18.05,17.75,400,18.25,200,0,20400
BRITANNIA30JAN203200CE.NFO,07/01/2020,10:02:40,18.05,17.75,400,18.25,400,0,20400
BRITANNIA30JAN203200CE.NFO,07/01/2020,10:02:48,18.05,17.75,400,18.25,200,0,20400
BRITANNIA30JAN203200CE.NFO,07/01/2020,10:03:10,18.05,17.75,200,18.25,200,0,20400
BRITANNIA30JAN203200CE.NFO,07/01/2020,10:03:15,18.05,17.7,200,18.25,400,0,20400
BRITANNIA30JAN203200CE.NFO,07/01/2020,10:03:30,18.05,17.65,200,18.25,400,0,20400
BRITANNIA30JAN203200CE.NFO,07/01/2020,10:03:40,18.05,17.75,200,18.25,400,0,20400
BRITANNIA30JAN203200CE.NFO,07/01/2020,10:03:44,18.05,17.7,200,18.25,400,0,20400
BRITANNIA30JAN203200CE.NFO,07/01/2020,10:03:49,18.05,17.65,200,18.25,400,0,20400
BRITANNIA30JAN203200CE.NFO,07/01/2020,10:04:12,18.05,17.6,200,18.25,400,0,20400
BRITANNIA30JAN203200CE.NFO,07/01/2020,10:04:20,18.05,17.6,200,18.2,400,0,20400
BRITANNIA30JAN203200CE.NFO,07/01/2020,10:04:29,18.05,17.6,200,18.2,200,0,20400
BRITANNIA30JAN203200CE.NFO,07/01/2020,10:04:39,18.05,17.6,200,18.15,200,0,20400
BRITANNIA30JAN203200CE.NFO,07/01/2020,10:04:44,18.05,17.6,200,18.2,200,0,20400
BRITANNIA30JAN203200CE.NFO,07/01/2020,10:05:03,18.05,17.6,200,18.2,400,0,20400
BRITANNIA30JAN203200CE.NFO,07/01/2020,10:05:07,18.05,17.65,200,18.2,400,0,20400
BRITANNIA30JAN203200CE.NFO,07/01/2020,10:05:25,18.05,17.65,200,18.2,200,0,20400
BRITANNIA30JAN203200CE.NFO,07/01/2020,10:05:55,18.05,17.65,200,18.2,400,0,20400
BRITANNIA30JAN203200CE.NFO,07/01/2020,10:06:33,18.05,17.65,200,18.2,200,0,20400
BRITANNIA30JAN203200CE.NFO,07/01/2020,10:06:38,18.05,17.55,200,18.15,200,0,20400
BRITANNIA30JAN203200CE.NFO,07/01/2020,10:06:59,18.05,17.55,200,18.2,400,0,20400
BRITANNIA30JAN203200CE.NFO,07/01/2020,10:07:40,18.05,17.45,400,17.95,200,0,20400
BRITANNIA30JAN203200CE.NFO,07/01/2020,10:07:45,18.05,17.45,400,18,200,0,20400
BRITANNIA30JAN203200CE.NFO,07/01/2020,10:08:09,18.05,17.45,400,18,400,0,20400
BRITANNIA30JAN203200CE.NFO,07/01/2020,10:08:14,18.05,17.45,400,18.05,200,0,20400
BRITANNIA30JAN203200CE.NFO,07/01/2020,10:09:05,18.05,17.45,400,18.15,200,0,20400
BRITANNIA30JAN203200CE.NFO,07/01/2020,10:09:18,18.05,17.45,400,18.15,400,0,20400
BRITANNIA30JAN203200CE.NFO,07/01/2020,10:09:22,18.05,17,200,17.75,200,0,20400
BRITANNIA30JAN203200CE.NFO,07/01/2020,10:09:27,18.05,17.1,200,17.75,200,0,20400
BRITANNIA30JAN203200CE.NFO,07/01/2020,10:10:10,18.05,17.4,200,18.1,200,0,20400
BRITANNIA30JAN203200CE.NFO,07/01/2020,10:10:36,17.5,17.5,200,18.15,400,200,20200
BRITANNIA30JAN203200CE.NFO,07/01/2020,10:10:36,17.5,17.5,200,18.15,400,0,20200
BRITANNIA30JAN203200CE.NFO,07/01/2020,10:10:40,17.5,17.5,200,18.15,200,0,20200
BRITANNIA30JAN203200CE.NFO,07/01/2020,10:10:50,17.5,17.65,200,18.2,200,0,20200
BRITANNIA30JAN203200CE.NFO,07/01/2020,10:11:07,17.5,17.55,200,18.05,200,0,20200
BRITANNIA30JAN203200CE.NFO,07/01/2020,10:11:11,17.5,17.65,200,18.2,400,0,20200
BRITANNIA30JAN203200CE.NFO,07/01/2020,10:11:20,17.5,17.6,200,18.2,400,0,20200
BRITANNIA30JAN203200CE.NFO,07/01/2020,10:11:24,17.5,17.6,200,18.15,200,0,20200
BRITANNIA30JAN203200CE.NFO,07/01/2020,10:11:28,17.5,17.6,200,18.15,400,0,20200
BRITANNIA30JAN203200CE.NFO,07/01/2020,10:11:44,17.5,17.6,200,18.15,200,0,20200
BRITANNIA30JAN203200CE.NFO,07/01/2020,10:12:00,17.5,17.6,200,18.15,400,0,20200
BRITANNIA30JAN203200CE.NFO,07/01/2020,10:12:04,17.5,17.6,200,18.15,200,0,20200
BRITANNIA30JAN203200CE.NFO,07/01/2020,10:12:12,17.5,17.6,200,18.15,400,0,20200
BRITANNIA30JAN203200CE.NFO,07/01/2020,10:12:16,17.5,17.6,200,18.15,200,0,20200
BRITANNIA30JAN203200CE.NFO,07/01/2020,10:12:33,17.5,17.6,200,18.15,400,0,20200
BRITANNIA30JAN203200CE.NFO,07/01/2020,10:12:53,17.5,17.6,200,18.15,200,0,20200
BRITANNIA30JAN203200CE.NFO,07/01/2020,10:13:48,17.5,17.7,200,18.2,200,0,20200
BRITANNIA30JAN203200CE.NFO,07/01/2020,10:13:53,17.5,17.65,200,18.15,200,0,20200
BRITANNIA30JAN203200CE.NFO,07/01/2020,10:14:08,17.5,17.75,200,18.2,200,0,20200
BRITANNIA30JAN203200CE.NFO,07/01/2020,10:14:48,18.2,18.05,200,18.55,200,200,20400
BRITANNIA30JAN203200CE.NFO,07/01/2020,10:14:53,18.2,18,200,18.5,200,0,20400
BRITANNIA30JAN203200CE.NFO,07/01/2020,10:15:02,18.2,18,200,18.5,400,0,20400
BRITANNIA30JAN203200CE.NFO,07/01/2020,10:15:12,18.2,17.95,200,18.5,400,0,20400
BRITANNIA30JAN203200CE.NFO,07/01/2020,10:15:23,18.2,18.15,200,18.65,400,0,20400
BRITANNIA30JAN203200CE.NFO,07/01/2020,10:15:28,18.2,18.15,200,18.65,200,0,20400
BRITANNIA30JAN203200CE.NFO,07/01/2020,10:15:53,18.2,18.05,200,18.55,200,0,20400
BRITANNIA30JAN203200CE.NFO,07/01/2020,10:15:58,18.2,18.05,400,18.55,200,0,20400
BRITANNIA30JAN203200CE.NFO,07/01/2020,10:16:08,18.2,18.05,400,18.6,200,0,20400
BRITANNIA30JAN203200CE.NFO,07/01/2020,10:16:49,18.2,18.05,400,18.65,200,0,20400
BRITANNIA30JAN203200CE.NFO,07/01/2020,10:16:54,18.2,18.05,400,18.7,200,0,20400
BRITANNIA30JAN203200CE.NFO,07/01/2020,10:16:58,18.2,18.05,400,18.6,200,0,20400
BRITANNIA30JAN203200CE.NFO,07/01/2020,10:17:13,18.2,18,400,18.6,200,0,20400
BRITANNIA30JAN203200CE.NFO,07/01/2020,10:17:17,18.2,18.05,400,18.6,200,0,20400
BRITANNIA30JAN203200CE.NFO,07/01/2020,10:17:21,18.2,18.05,200,18.6,200,0,20400
BRITANNIA30JAN203200CE.NFO,07/01/2020,10:17:29,18.2,18.35,200,19.7,200,0,20400
BRITANNIA30JAN203200CE.NFO,07/01/2020,10:17:34,18.2,18.45,400,19.25,200,0,20400
BRITANNIA30JAN203200CE.NFO,07/01/2020,10:17:42,18.2,18.35,400,19.25,200,0,20400
BRITANNIA30JAN203200CE.NFO,07/01/2020,10:17:46,18.2,18.45,200,19.25,200,0,20400
BRITANNIA30JAN203200CE.NFO,07/01/2020,10:17:57,18.2,18.25,400,19.25,200,0,20400
BRITANNIA30JAN203200CE.NFO,07/01/2020,10:18:05,18.2,18.3,400,19.25,200,0,20400
BRITANNIA30JAN203200CE.NFO,07/01/2020,10:18:34,18.2,18.3,200,19.15,200,0,20400
BRITANNIA30JAN203200CE.NFO,07/01/2020,10:18:38,18.2,18.3,400,19.15,200,0,20400
BRITANNIA30JAN203200CE.NFO,07/01/2020,10:18:49,18.2,18.3,200,19.15,200,0,20400
BRITANNIA30JAN203200CE.NFO,07/01/2020,10:18:53,18.2,18.3,400,19.15,200,0,20400
BRITANNIA30JAN203200CE.NFO,07/01/2020,10:19:25,18.2,18.3,200,19.15,200,0,20400
BRITANNIA30JAN203200CE.NFO,07/01/2020,10:19:34,18.2,18.3,400,19.15,200,0,20400
BRITANNIA30JAN203200CE.NFO,07/01/2020,10:19:39,18.2,18.3,200,19.15,200,0,20400
BRITANNIA30JAN203200CE.NFO,07/01/2020,10:19:43,18.2,18.2,400,19.05,200,0,20400
BRITANNIA30JAN203200CE.NFO,07/01/2020,10:20:16,18.2,18.35,200,18.95,200,0,20400
BRITANNIA30JAN203200CE.NFO,07/01/2020,10:21:17,18.2,18.25,200,18.85,200,0,20400
BRITANNIA30JAN203200CE.NFO,07/01/2020,10:21:33,18.2,18.25,200,18.75,200,0,20400
BRITANNIA30JAN203200CE.NFO,07/01/2020,10:21:44,18.2,18.2,200,18.75,200,0,20400
BRITANNIA30JAN203200CE.NFO,07/01/2020,10:21:57,18.2,18.15,200,18.75,200,0,20400
BRITANNIA30JAN203200CE.NFO,07/01/2020,10:22:10,18.2,18.15,200,18.65,200,0,20400
BRITANNIA30JAN203200CE.NFO,07/01/2020,10:22:27,18.2,18.15,200,18.55,200,0,20400
BRITANNIA30JAN203200CE.NFO,07/01/2020,10:22:31,18.2,17.9,200,18.45,200,0,20400
BRITANNIA30JAN203200CE.NFO,07/01/2020,10:22:39,18.2,17.9,200,18.35,200,0,20400
BRITANNIA30JAN203200CE.NFO,07/01/2020,10:22:45,18.2,17.85,200,18.35,200,0,20400
BRITANNIA30JAN203200CE.NFO,07/01/2020,10:23:07,18.35,18.15,200,18.9,200,200,20400
BRITANNIA30JAN203200CE.NFO,07/01/2020,10:23:12,18.35,18.15,200,18.85,200,0,20400
BRITANNIA30JAN203200CE.NFO,07/01/2020,10:23:16,18.35,18.15,200,18.85,400,0,20400
BRITANNIA30JAN203200CE.NFO,07/01/2020,10:23:38,18.35,18.15,200,18.75,200,0,20400
BRITANNIA30JAN203200CE.NFO,07/01/2020,10:23:55,18.35,18.15,200,18.8,400,0,20400
BRITANNIA30JAN203200CE.NFO,07/01/2020,10:24:03,18.35,18.25,200,18.8,200,0,20400
BRITANNIA30JAN203200CE.NFO,07/01/2020,10:24:11,18.35,18.25,200,18.7,200,0,20400
BRITANNIA30JAN203200CE.NFO,07/01/2020,10:24:23,18.35,18.25,200,18.85,200,0,20400
BRITANNIA30JAN203200CE.NFO,07/01/2020,10:24:43,18.35,18.25,200,18.85,400,0,20400
BRITANNIA30JAN203200CE.NFO,07/01/2020,10:24:50,18.35,18.25,200,18.85,200,0,20400
BRITANNIA30JAN203200CE.NFO,07/01/2020,10:25:35,18.35,18.25,200,18.85,400,0,20400
BRITANNIA30JAN203200CE.NFO,07/01/2020,10:26:08,18.35,18.25,200,18.85,200,0,20400
BRITANNIA30JAN203200CE.NFO,07/01/2020,10:26:12,18.35,18.35,200,18.9,200,0,20400
BRITANNIA30JAN203200CE.NFO,07/01/2020,10:26:17,18.35,18.35,200,18.85,200,0,20400
BRITANNIA30JAN203200CE.NFO,07/01/2020,10:26:21,18.35,18.35,200,18.95,200,0,20400
BRITANNIA30JAN203200CE.NFO,07/01/2020,10:26:33,18.35,18.55,200,19.2,200,0,20400
BRITANNIA30JAN203200CE.NFO,07/01/2020,10:26:36,18.35,18.75,200,19.35,400,0,20400
BRITANNIA30JAN203200CE.NFO,07/01/2020,10:26:44,18.35,18.6,200,19.35,400,0,20400
BRITANNIA30JAN203200CE.NFO,07/01/2020,10:26:47,18.35,18.5,400,19.35,400,0,20400
BRITANNIA30JAN203200CE.NFO,07/01/2020,10:27:27,18.35,18.5,200,19.35,400,0,20400
BRITANNIA30JAN203200CE.NFO,07/01/2020,10:27:31,18.35,18.5,200,19.2,400,0,20400
BRITANNIA30JAN203200CE.NFO,07/01/2020,10:27:35,18.35,18.35,400,19.2,400,0,20400
BRITANNIA30JAN203200CE.NFO,07/01/2020,10:27:45,18.35,18.4,200,19.2,400,0,20400
BRITANNIA30JAN203200CE.NFO,07/01/2020,10:27:49,18.35,18.35,200,19.2,400,0,20400
BRITANNIA30JAN203200CE.NFO,07/01/2020,10:27:51,18.35,18.4,400,19.2,400,0,20400
BRITANNIA30JAN203200CE.NFO,07/01/2020,10:27:55,18.35,18.1,200,19.2,400,0,20400
BRITANNIA30JAN203200CE.NFO,07/01/2020,10:27:59,18.35,18.1,400,19.2,400,0,20400
BRITANNIA30JAN203200CE.NFO,07/01/2020,10:28:06,18.35,18.45,200,19,200,0,20400
BRITANNIA30JAN203200CE.NFO,07/01/2020,10:28:13,18.35,18.45,400,19,200,0,20400
BRITANNIA30JAN203200CE.NFO,07/01/2020,10:28:21,18.35,18.45,200,19,200,0,20400
BRITANNIA30JAN203200CE.NFO,07/01/2020,10:28:30,18.35,18.45,200,19.05,200,0,20400
BRITANNIA30JAN203200CE.NFO,07/01/2020,10:28:34,18.35,18.5,200,19.05,200,0,20400
BRITANNIA30JAN203200CE.NFO,07/01/2020,10:28:38,18.35,18.45,200,19,400,0,20400
BRITANNIA30JAN203200CE.NFO,07/01/2020,10:28:41,18.35,18.45,200,19.05,200,0,20400
BRITANNIA30JAN203200CE.NFO,07/01/2020,10:28:44,18.35,18.45,200,19,400,0,20400
BRITANNIA30JAN203200CE.NFO,07/01/2020,10:28:47,18.35,18.45,200,19,200,0,20400
BRITANNIA30JAN203200CE.NFO,07/01/2020,10:28:56,18.35,18.45,200,19.05,200,0,20400
BRITANNIA30JAN203200CE.NFO,07/01/2020,10:28:58,18.35,18.45,200,19.05,400,0,20400
BRITANNIA30JAN203200CE.NFO,07/01/2020,10:29:06,18.35,18.45,200,19,400,0,20400
BRITANNIA30JAN203200CE.NFO,07/01/2020,10:29:39,18.35,18.4,200,18.95,200,0,20400
BRITANNIA30JAN203200CE.NFO,07/01/2020,10:29:43,18.35,18.4,200,18.9,200,0,20400
BRITANNIA30JAN203200CE.NFO,07/01/2020,10:29:50,18.35,18.4,200,18.95,200,0,20400
BRITANNIA30JAN203200CE.NFO,07/01/2020,10:29:57,18.35,18.4,200,18.95,400,0,20400
BRITANNIA30JAN203200CE.NFO,07/01/2020,10:30:18,18.35,18.35,200,18.95,400,0,20400
BRITANNIA30JAN203200CE.NFO,07/01/2020,10:30:34,18.35,18.05,200,18.55,200,0,20400
BRITANNIA30JAN203200CE.NFO,07/01/2020,10:30:37,18.35,18.05,400,18.55,200,0,20400
BRITANNIA30JAN203200CE.NFO,07/01/2020,10:30:41,18.35,18.05,400,18.6,200,0,20400
BRITANNIA30JAN203200CE.NFO,07/01/2020,10:30:45,18.35,18.3,400,18.9,400,0,20400
BRITANNIA30JAN203200CE.NFO,07/01/2020,10:30:48,18.35,18.35,400,18.9,200,0,20400
BRITANNIA30JAN203200CE.NFO,07/01/2020,10:30:52,18.35,18.35,200,18.9,200,0,20400
BRITANNIA30JAN203200CE.NFO,07/01/2020,10:30:55,18.35,18.25,200,18.8,200,0,20400
BRITANNIA30JAN203200CE.NFO,07/01/2020,10:30:58,18.35,18.15,200,18.65,200,0,20400
BRITANNIA30JAN203200CE.NFO,07/01/2020,10:31:02,18.35,18.2,200,18.7,200,0,20400
BRITANNIA30JAN203200CE.NFO,07/01/2020,10:31:05,18.35,18.2,400,18.7,200,0,20400
BRITANNIA30JAN203200CE.NFO,07/01/2020,10:31:08,18.35,18.1,400,18.7,200,0,20400
BRITANNIA30JAN203200CE.NFO,07/01/2020,10:31:18,18.35,18.1,400,18.75,200,0,20400
BRITANNIA30JAN203200CE.NFO,07/01/2020,10:31:24,18.35,18.1,400,18.65,200,0,20400
BRITANNIA30JAN203200CE.NFO,07/01/2020,10:31:36,18.35,18.1,400,18.7,400,0,20400
BRITANNIA30JAN203200CE.NFO,07/01/2020,10:32:03,18.35,18.1,400,18.7,200,0,20400
BRITANNIA30JAN203200CE.NFO,07/01/2020,10:32:07,18.35,18.1,400,18.8,200,0,20400
BRITANNIA30JAN203200CE.NFO,07/01/2020,10:32:11,18.35,18.1,400,18.85,200,0,20400
BRITANNIA30JAN203200CE.NFO,07/01/2020,10:32:59,18.35,18.1,400,18.9,200,0,20400
BRITANNIA30JAN203200CE.NFO,07/01/2020,10:33:08,18.35,18.3,200,18.85,400,0,20400
BRITANNIA30JAN203200CE.NFO,07/01/2020,10:33:22,18.35,18.35,200,18.85,200,0,20400
BRITANNIA30JAN203200CE.NFO,07/01/2020,10:33:24,18.35,18.35,200,18.9,200,0,20400
BRITANNIA30JAN203200CE.NFO,07/01/2020,10:33:29,18.35,18.3,200,18.8,200,0,20400
BRITANNIA30JAN203200CE.NFO,07/01/2020,10:33:31,18.35,18.25,400,18.8,200,0,20400
BRITANNIA30JAN203200CE.NFO,07/01/2020,10:33:34,18.35,18.5,400,19.2,200,0,20400
BRITANNIA30JAN203200CE.NFO,07/01/2020,10:33:37,18.35,18.5,200,19.1,200,0,20400
BRITANNIA30JAN203200CE.NFO,07/01/2020,10:33:40,18.35,18.3,400,19,200,0,20400
BRITANNIA30JAN203200CE.NFO,07/01/2020,10:33:48,18.35,18.3,200,19,200,0,20400
BRITANNIA30JAN203200CE.NFO,07/01/2020,10:33:54,18.35,18.3,400,19,200,0,20400
BRITANNIA30JAN203200CE.NFO,07/01/2020,10:34:03,18.35,18.3,200,19,200,0,20400
BRITANNIA30JAN203200CE.NFO,07/01/2020,10:34:06,18.35,18.15,400,19,200,0,20400
BRITANNIA30JAN203200CE.NFO,07/01/2020,10:34:23,18.35,18.5,200,19,200,0,20400
BRITANNIA30JAN203200CE.NFO,07/01/2020,10:34:27,18.35,18.5,400,19.1,200,0,20400
BRITANNIA30JAN203200CE.NFO,07/01/2020,10:34:29,18.35,18.5,200,19.1,200,0,20400
BRITANNIA30JAN203200CE.NFO,07/01/2020,10:34:45,18.35,18.4,200,19.1,200,0,20400
BRITANNIA30JAN203200CE.NFO,07/01/2020,10:35:26,18.35,18.6,200,19.1,200,0,20400
BRITANNIA30JAN203200CE.NFO,07/01/2020,10:35:30,18.35,18.45,200,19.1,200,0,20400
BRITANNIA30JAN203200CE.NFO,07/01/2020,10:35:33,18.35,18.4,200,19,200,0,20400
BRITANNIA30JAN203200CE.NFO,07/01/2020,10:36:44,18.35,18.45,200,19,200,0,20400
BRITANNIA30JAN203200CE.NFO,07/01/2020,10:36:47,18.35,18.5,200,19,200,0,20400
BRITANNIA30JAN203200CE.NFO,07/01/2020,10:37:02,18.35,18.45,200,19,200,0,20400
BRITANNIA30JAN203200CE.NFO,07/01/2020,10:37:09,18.35,18.5,200,19,200,0,20400
BRITANNIA30JAN203200CE.NFO,07/01/2020,10:37:16,18.35,18.45,200,19,200,0,20400
BRITANNIA30JAN203200CE.NFO,07/01/2020,10:37:25,18.35,18.45,200,18.9,200,0,20400
BRITANNIA30JAN203200CE.NFO,07/01/2020,10:38:28,18.35,18.35,200,18.8,200,0,20400
BRITANNIA30JAN203200CE.NFO,07/01/2020,10:38:58,18.35,18.35,400,18.85,200,0,20400
BRITANNIA30JAN203200CE.NFO,07/01/2020,10:39:01,18.35,18.6,200,19.05,200,0,20400
BRITANNIA30JAN203200CE.NFO,07/01/2020,10:39:04,18.35,18.65,200,19.1,200,0,20400
BRITANNIA30JAN203200CE.NFO,07/01/2020,10:39:11,18.35,18.8,400,19.9,200,0,20400
BRITANNIA30JAN203200CE.NFO,07/01/2020,10:39:14,18.35,18.85,400,19.9,200,0,20400
BRITANNIA30JAN203200CE.NFO,07/01/2020,10:39:18,18.35,18.85,200,19.8,200,0,20400
BRITANNIA30JAN203200CE.NFO,07/01/2020,10:39:33,18.35,18.85,200,19.7,200,0,20400
BRITANNIA30JAN203200CE.NFO,07/01/2020,10:39:39,18.35,18.8,400,19.7,200,0,20400
BRITANNIA30JAN203200CE.NFO,07/01/2020,10:39:42,18.35,18.8,200,19.7,200,0,20400
BRITANNIA30JAN203200CE.NFO,07/01/2020,10:39:45,18.35,18.85,200,19.7,200,0,20400
BRITANNIA30JAN203200CE.NFO,07/01/2020,10:40:25,18.35,18.85,200,19.6,200,0,20400
BRITANNIA30JAN203200CE.NFO,07/01/2020,10:40:27,18.35,18.8,200,19.5,200,0,20400
BRITANNIA30JAN203200CE.NFO,07/01/2020,10:40:36,18.35,18.85,200,19.5,200,0,20400
BRITANNIA30JAN203200CE.NFO,07/01/2020,10:40:50,18.35,18.8,400,19.5,200,0,20400
BRITANNIA30JAN203200CE.NFO,07/01/2020,10:41:23,18.35,18.95,200,19.5,200,0,20400
BRITANNIA30JAN203200CE.NFO,07/01/2020,10:41:45,18.35,18.95,400,19.5,200,0,20400
BRITANNIA30JAN203200CE.NFO,07/01/2020,10:41:53,18.35,18.95,400,19.55,200,0,20400
BRITANNIA30JAN203200CE.NFO,07/01/2020,10:41:56,18.35,18.95,200,19.55,200,0,20400
BRITANNIA30JAN203200CE.NFO,07/01/2020,10:42:12,18.35,19,200,19.55,200,0,20400
BRITANNIA30JAN203200CE.NFO,07/01/2020,10:42:15,18.35,19,400,19.55,200,0,20400
BRITANNIA30JAN203200CE.NFO,07/01/2020,10:42:28,18.35,19,200,19.55,200,0,20400
BRITANNIA30JAN203200CE.NFO,07/01/2020,10:42:32,18.35,18.95,200,19.45,200,0,20400
BRITANNIA30JAN203200CE.NFO,07/01/2020,10:42:36,18.35,18.8,400,19.35,200,0,20400
BRITANNIA30JAN203200CE.NFO,07/01/2020,10:42:46,18.35,18.8,600,19.35,200,0,20400
BRITANNIA30JAN203200CE.NFO,07/01/2020,10:42:49,18.35,18.85,200,19.35,200,0,20400
BRITANNIA30JAN203200CE.NFO,07/01/2020,10:42:58,18.35,18.8,200,19.25,200,0,20400
BRITANNIA30JAN203200CE.NFO,07/01/2020,10:43:02,18.35,18.8,400,19.35,200,0,20400
BRITANNIA30JAN203200CE.NFO,07/01/2020,10:43:05,18.35,18.8,200,19.35,200,0,20400
BRITANNIA30JAN203200CE.NFO,07/01/2020,10:43:13,18.35,18.65,200,19.25,200,0,20400
BRITANNIA30JAN203200CE.NFO,07/01/2020,10:43:17,18.35,18.7,200,19.25,200,0,20400
BRITANNIA30JAN203200CE.NFO,07/01/2020,10:43:18,18.35,18.75,200,19.25,200,0,20400
BRITANNIA30JAN203200CE.NFO,07/01/2020,10:43:27,18.35,18.85,200,19.25,200,0,20400
BRITANNIA30JAN203200CE.NFO,07/01/2020,10:43:30,18.35,18.8,200,19.25,200,0,20400
BRITANNIA30JAN203200CE.NFO,07/01/2020,10:44:01,19.25,18.9,200,19.55,200,200,20400
BRITANNIA30JAN203200CE.NFO,07/01/2020,10:44:03,19.25,19.05,200,19.6,200,0,20400
BRITANNIA30JAN203200CE.NFO,07/01/2020,10:44:06,19.25,19.05,200,19.55,200,0,20400
BRITANNIA30JAN203200CE.NFO,07/01/2020,10:44:08,19.25,19.05,200,19.6,200,0,20400
BRITANNIA30JAN203200CE.NFO,07/01/2020,10:44:21,19.25,19.05,200,19.55,200,0,20400
BRITANNIA30JAN203200CE.NFO,07/01/2020,10:44:34,19.25,19.05,200,19.6,200,0,20400
BRITANNIA30JAN203200CE.NFO,07/01/2020,10:45:16,19.25,19.15,200,19.8,200,0,20400
BRITANNIA30JAN203200CE.NFO,07/01/2020,10:45:23,19.25,19.15,200,19.75,200,0,20400
BRITANNIA30JAN203200CE.NFO,07/01/2020,10:45:27,19.25,19.15,200,19.8,200,0,20400
BRITANNIA30JAN203200CE.NFO,07/01/2020,10:45:33,19.25,19.15,200,19.75,200,0,20400
BRITANNIA30JAN203200CE.NFO,07/01/2020,10:45:36,19.25,19.15,200,19.8,200,0,20400
BRITANNIA30JAN203200CE.NFO,07/01/2020,10:45:45,19.25,19.15,200,19.75,200,0,20400
BRITANNIA30JAN203200CE.NFO,07/01/2020,10:45:51,19.25,19.15,200,19.8,200,0,20400
BRITANNIA30JAN203200CE.NFO,07/01/2020,10:46:00,19.25,19.15,200,19.75,200,0,20400
BRITANNIA30JAN203200CE.NFO,07/01/2020,10:46:06,19.25,19.15,200,19.8,200,0,20400
BRITANNIA30JAN203200CE.NFO,07/01/2020,10:46:09,19.25,19.15,200,19.75,200,0,20400
BRITANNIA30JAN203200CE.NFO,07/01/2020,10:46:17,19.25,19.15,200,19.8,400,0,20400
BRITANNIA30JAN203200CE.NFO,07/01/2020,10:46:20,19.25,19.15,200,19.75,400,0,20400
BRITANNIA30JAN203200CE.NFO,07/01/2020,10:46:24,19.25,19.15,200,19.8,400,0,20400
BRITANNIA30JAN203200CE.NFO,07/01/2020,10:46:45,19.25,19.15,200,19.8,200,0,20400
BRITANNIA30JAN203200CE.NFO,07/01/2020,10:46:48,19.25,19.25,200,19.8,200,0,20400
BRITANNIA30JAN203200CE.NFO,07/01/2020,10:47:20,19.25,19.35,200,19.8,200,0,20400
BRITANNIA30JAN203200CE.NFO,07/01/2020,10:47:56,19.25,19.25,200,19.75,200,0,20400
BRITANNIA30JAN203200CE.NFO,07/01/2020,10:48:39,19.25,19.1,200,19.65,200,0,20400
BRITANNIA30JAN203200CE.NFO,07/01/2020,10:48:44,19.25,19,200,19.45,200,0,20400
BRITANNIA30JAN203200CE.NFO,07/01/2020,10:48:47,19.25,19,200,19.55,400,0,20400
BRITANNIA30JAN203200CE.NFO,07/01/2020,10:48:54,19.25,18.9,400,19.45,200,0,20400
BRITANNIA30JAN203200CE.NFO,07/01/2020,10:48:58,19.25,18.9,400,19.5,200,0,20400
BRITANNIA30JAN203200CE.NFO,07/01/2020,10:49:11,19.25,19,200,19.65,200,0,20400
BRITANNIA30JAN203200CE.NFO,07/01/2020,10:49:14,19.25,19,200,19.55,400,0,20400
BRITANNIA30JAN203200CE.NFO,07/01/2020,10:49:20,19.25,18.95,200,19.55,200,0,20400
BRITANNIA30JAN203200CE.NFO,07/01/2020,10:49:56,19.25,18.95,200,19.5,400,0,20400
BRITANNIA30JAN203200CE.NFO,07/01/2020,10:50:03,19.25,18.95,200,19.5,200,0,20400
BRITANNIA30JAN203200CE.NFO,07/01/2020,10:50:25,19.25,19,200,19.5,200,0,20400
BRITANNIA30JAN203200CE.NFO,07/01/2020,10:50:29,19.25,19.05,200,19.5,200,0,20400
BRITANNIA30JAN203200CE.NFO,07/01/2020,10:50:33,19.25,19.05,200,19.55,400,0,20400
BRITANNIA30JAN203200CE.NFO,07/01/2020,10:50:41,19.25,19.05,400,19.6,200,0,20400
BRITANNIA30JAN203200CE.NFO,07/01/2020,10:50:45,19.25,19.05,200,19.6,200,0,20400
BRITANNIA30JAN203200CE.NFO,07/01/2020,10:51:03,19.25,19.05,200,19.55,400,0,20400
BRITANNIA30JAN203200CE.NFO,07/01/2020,10:51:07,19.25,19,200,19.55,400,0,20400
BRITANNIA30JAN203200CE.NFO,07/01/2020,10:51:14,19.25,19.05,200,19.55,400,0,20400
BRITANNIA30JAN203200CE.NFO,07/01/2020,10:51:38,19.25,18.9,200,19.4,200,0,20400
BRITANNIA30JAN203200CE.NFO,07/01/2020,10:51:42,19.25,18.9,400,19.45,400,0,20400
BRITANNIA30JAN203200CE.NFO,07/01/2020,10:51:47,19.25,18.9,400,19.4,200,0,20400
BRITANNIA30JAN203200CE.NFO,07/01/2020,10:51:50,19.25,18.9,200,19.45,400,0,20400
BRITANNIA30JAN203200CE.NFO,07/01/2020,10:51:55,19.25,19,400,19.5,200,0,20400
BRITANNIA30JAN203200CE.NFO,07/01/2020,10:52:15,19.25,19.1,200,19.5,200,0,20400
BRITANNIA30JAN203200CE.NFO,07/01/2020,10:53:08,19.25,19.1,200,19.55,200,0,20400
BRITANNIA30JAN203200CE.NFO,07/01/2020,10:54:02,19.25,19,200,19.5,200,0,20400
BRITANNIA30JAN203200CE.NFO,07/01/2020,10:54:07,19.25,19,200,19.55,200,0,20400
BRITANNIA30JAN203200CE.NFO,07/01/2020,10:54:12,19.25,19.1,200,19.55,200,0,20400
BRITANNIA30JAN203200CE.NFO,07/01/2020,10:54:18,19.25,19.3,200,19.65,200,0,20400
BRITANNIA30JAN203200CE.NFO,07/01/2020,10:54:24,19.25,19.45,200,19.85,200,0,20400
BRITANNIA30JAN203200CE.NFO,07/01/2020,10:55:32,19.25,19.4,200,19.85,200,0,20400
BRITANNIA30JAN203200CE.NFO,07/01/2020,10:56:01,19.25,19.35,200,19.85,200,0,20400
BRITANNIA30JAN203200CE.NFO,07/01/2020,10:56:30,19.25,19.25,200,19.8,400,0,20400
BRITANNIA30JAN203200CE.NFO,07/01/2020,10:56:35,19.25,19.1,200,19.65,400,0,20400
BRITANNIA30JAN203200CE.NFO,07/01/2020,10:56:40,19.25,19.1,200,19.65,200,0,20400
BRITANNIA30JAN203200CE.NFO,07/01/2020,10:56:44,19.25,19.1,200,19.75,400,0,20400
BRITANNIA30JAN203200CE.NFO,07/01/2020,10:56:48,19.25,19.1,200,19.7,200,0,20400
BRITANNIA30JAN203200CE.NFO,07/01/2020,10:56:51,19.25,19.2,200,19.75,200,0,20400
BRITANNIA30JAN203200CE.NFO,07/01/2020,10:56:56,19.25,19.2,200,19.7,200,0,20400
BRITANNIA30JAN203200CE.NFO,07/01/2020,10:57:01,19.25,19.15,200,19.6,200,0,20400
BRITANNIA30JAN203200CE.NFO,07/01/2020,10:57:08,19.25,19.15,200,19.7,200,0,20400
BRITANNIA30JAN203200CE.NFO,07/01/2020,10:57:14,19.25,19.45,200,19.75,200,0,20400
BRITANNIA30JAN203200CE.NFO,07/01/2020,10:57:20,19.25,19.35,200,19.6,200,0,20400
BRITANNIA30JAN203200CE.NFO,07/01/2020,10:57:33,19.25,19.35,200,19.6,400,0,20400
BRITANNIA30JAN203200CE.NFO,07/01/2020,10:57:39,19.25,19.35,200,19.6,200,0,20400
BRITANNIA30JAN203200CE.NFO,07/01/2020,10:57:49,19.25,19.05,200,19.6,400,200,20400
BRITANNIA30JAN203200CE.NFO,07/01/2020,10:57:54,19.25,19.05,200,19.6,400,0,20400
BRITANNIA30JAN203200CE.NFO,07/01/2020,10:58:02,19.25,19.05,200,19.6,600,0,20400
BRITANNIA30JAN203200CE.NFO,07/01/2020,10:58:32,19.25,19.05,200,19.6,400,0,20400
BRITANNIA30JAN203200CE.NFO,07/01/2020,10:58:37,19.25,19.05,200,19.55,200,0,20400
BRITANNIA30JAN203200CE.NFO,07/01/2020,10:58:47,19.25,19.35,200,19.6,200,0,20400
BRITANNIA30JAN203200CE.NFO,07/01/2020,10:59:08,19.25,19.25,200,19.6,200,0,20400
BRITANNIA30JAN203200CE.NFO,07/01/2020,10:59:19,19.25,19.2,200,19.6,200,0,20400
BRITANNIA30JAN203200CE.NFO,07/01/2020,10:59:30,19.25,19.3,200,19.6,200,0,20400
BRITANNIA30JAN203200CE.NFO,07/01/2020,10:59:41,19.25,19.25,200,19.6,200,0,20400
BRITANNIA30JAN203200CE.NFO,07/01/2020,10:59:56,19.25,19.3,400,19.6,200,0,20400
BRITANNIA30JAN203200CE.NFO,07/01/2020,11:00:08,19.25,19.25,400,19.6,200,0,20400
BRITANNIA30JAN203200CE.NFO,07/01/2020,11:00:21,19.25,19.2,400,19.6,200,0,20400
BRITANNIA30JAN203200CE.NFO,07/01/2020,11:00:27,19.25,19.15,200,19.55,200,0,20400
BRITANNIA30JAN203200CE.NFO,07/01/2020,11:00:34,19.25,18.95,400,19.55,200,0,20400
BRITANNIA30JAN203200CE.NFO,07/01/2020,11:00:40,19.25,18.7,200,19.25,200,0,20400
BRITANNIA30JAN203200CE.NFO,07/01/2020,11:00:46,19.25,18.7,200,19.3,400,0,20400
BRITANNIA30JAN203200CE.NFO,07/01/2020,11:01:15,19.25,18.5,200,19.15,200,0,20400
BRITANNIA30JAN203200CE.NFO,07/01/2020,11:01:22,19.25,18.55,200,19.15,400,0,20400
BRITANNIA30JAN203200CE.NFO,07/01/2020,11:01:28,19.25,18.55,200,19.15,200,0,20400
BRITANNIA30JAN203200CE.NFO,07/01/2020,11:01:35,19.25,18.45,200,19.1,200,0,20400
BRITANNIA30JAN203200CE.NFO,07/01/2020,11:01:42,19.25,18.6,200,19.2,200,0,20400
BRITANNIA30JAN203200CE.NFO,07/01/2020,11:01:49,19.25,19.05,400,19.7,200,0,20400
BRITANNIA30JAN203200CE.NFO,07/01/2020,11:02:10,19.25,19.05,400,19.75,200,0,20400
BRITANNIA30JAN203200CE.NFO,07/01/2020,11:02:16,19.25,19.05,600,19.7,200,0,20400
BRITANNIA30JAN203200CE.NFO,07/01/2020,11:02:22,19.25,19.05,600,19.75,200,0,20400
BRITANNIA30JAN203200CE.NFO,07/01/2020,11:02:35,19.25,19.05,600,19.7,200,0,20400
BRITANNIA30JAN203200CE.NFO,07/01/2020,11:02:41,19.25,19.05,600,19.6,200,0,20400
BRITANNIA30JAN203200CE.NFO,07/01/2020,11:02:58,19.25,18.95,200,19.5,200,0,20400
BRITANNIA30JAN203200CE.NFO,07/01/2020,11:03:04,19.25,18.9,400,19.5,200,0,20400
BRITANNIA30JAN203200CE.NFO,07/01/2020,11:03:10,19.25,18.65,200,19.25,200,0,20400
BRITANNIA30JAN203200CE.NFO,07/01/2020,11:03:16,19.25,18.85,200,19.45,200,0,20400
BRITANNIA30JAN203200CE.NFO,07/01/2020,11:03:21,19.25,18.85,200,19.45,400,0,20400
BRITANNIA30JAN203200CE.NFO,07/01/2020,11:03:27,19.25,19.05,200,19.65,200,0,20400
BRITANNIA30JAN203200CE.NFO,07/01/2020,11:03:32,19.25,19,200,19.55,200,0,20400
BRITANNIA30JAN203200CE.NFO,07/01/2020,11:03:37,19.25,19.05,200,19.55,200,0,20400
BRITANNIA30JAN203200CE.NFO,07/01/2020,11:03:43,19.25,19,200,19.55,200,0,20400
BRITANNIA30JAN203200CE.NFO,07/01/2020,11:03:56,19.25,19.15,400,19.65,200,0,20400
BRITANNIA30JAN203200CE.NFO,07/01/2020,11:04:02,19.25,19.05,200,19.6,400,0,20400
BRITANNIA30JAN203200CE.NFO,07/01/2020,11:04:07,19.25,19,200,19.55,200,0,20400
BRITANNIA30JAN203200CE.NFO,07/01/2020,11:04:13,19.25,18.95,200,19.45,200,0,20400
BRITANNIA30JAN203200CE.NFO,07/01/2020,11:04:19,19.25,18.75,200,19.45,400,0,20400
BRITANNIA30JAN203200CE.NFO,07/01/2020,11:04:25,19.25,18.85,200,19.45,400,0,20400
BRITANNIA30JAN203200CE.NFO,07/01/2020,11:04:37,19.25,18.85,200,19.4,200,0,20400
BRITANNIA30JAN203200CE.NFO,07/01/2020,11:05:00,19.25,18.85,200,19.4,400,0,20400
BRITANNIA30JAN203200CE.NFO,07/01/2020,11:05:11,19.25,18.65,200,19.4,600,0,20400
BRITANNIA30JAN203200CE.NFO,07/01/2020,11:05:17,19.25,18.85,200,19.4,200,0,20400
BRITANNIA30JAN203200CE.NFO,07/01/2020,11:05:27,19.25,18.85,200,19.4,400,0,20400
BRITANNIA30JAN203200CE.NFO,07/01/2020,11:05:32,19.25,18.85,200,19.4,200,0,20400
BRITANNIA30JAN203200CE.NFO,07/01/2020,11:05:38,19.25,18.85,200,19.45,400,0,20400
BRITANNIA30JAN203200CE.NFO,07/01/2020,11:05:43,19.25,18.9,200,19.5,200,0,20400
BRITANNIA30JAN203200CE.NFO,07/01/2020,11:05:55,19.25,19.5,200,20,200,0,20400
BRITANNIA30JAN203200CE.NFO,07/01/2020,11:06:01,19.25,19.5,400,20.05,200,0,20400
BRITANNIA30JAN203200CE.NFO,07/01/2020,11:06:06,19.25,19.5,200,20,200,0,20400
BRITANNIA30JAN203200CE.NFO,07/01/2020,11:06:13,19.25,19.55,200,20,200,0,20400
BRITANNIA30JAN203200CE.NFO,07/01/2020,11:06:20,19.25,19.35,200,19.9,200,0,20400
BRITANNIA30JAN203200CE.NFO,07/01/2020,11:06:26,19.25,19.35,200,19.85,400,0,20400
BRITANNIA30JAN203200CE.NFO,07/01/2020,11:06:32,19.25,19.35,400,19.95,200,0,20400
BRITANNIA30JAN203200CE.NFO,07/01/2020,11:06:45,19.25,19.35,200,19.95,200,0,20400
BRITANNIA30JAN203200CE.NFO,07/01/2020,11:06:51,19.25,19.35,200,19.85,200,0,20400
BRITANNIA30JAN203200CE.NFO,07/01/2020,11:07:02,19.25,19.35,200,19.7,400,0,20400
BRITANNIA30JAN203200CE.NFO,07/01/2020,11:07:08,19.25,19.2,200,19.7,400,0,20400
BRITANNIA30JAN203200CE.NFO,07/01/2020,11:07:28,19.25,19.2,200,19.75,200,0,20400
BRITANNIA30JAN203200CE.NFO,07/01/2020,11:07:42,19.25,19.2,200,19.65,200,0,20400
BRITANNIA30JAN203200CE.NFO,07/01/2020,11:08:04,19.25,19.2,200,19.65,200,200,20400
BRITANNIA30JAN203200CE.NFO,07/01/2020,11:08:08,19.25,19.2,200,19.65,200,0,20400
BRITANNIA30JAN203200CE.NFO,07/01/2020,11:08:44,19.25,18.95,600,19.55,200,0,20400
BRITANNIA30JAN203200CE.NFO,07/01/2020,11:09:02,19.25,19.05,400,19.55,200,0,20400
BRITANNIA30JAN203200CE.NFO,07/01/2020,11:09:11,19.25,19.1,200,19.55,200,0,20400
BRITANNIA30JAN203200CE.NFO,07/01/2020,11:09:20,19.25,19.1,200,19.6,200,0,20400
BRITANNIA30JAN203200CE.NFO,07/01/2020,11:10:10,19.25,19.1,200,19.55,200,0,20400
BRITANNIA30JAN203200CE.NFO,07/01/2020,11:10:14,19.25,19.1,200,19.6,200,0,20400
BRITANNIA30JAN203200CE.NFO,07/01/2020,11:10:19,19.25,19.1,200,19.5,200,0,20400
BRITANNIA30JAN203200CE.NFO,07/01/2020,11:10:31,19.25,19.1,200,19.55,200,0,20400
BRITANNIA30JAN203200CE.NFO,07/01/2020,11:10:43,19.25,19.05,200,19.55,200,0,20400
BRITANNIA30JAN203200CE.NFO,07/01/2020,11:10:47,19.25,18.95,200,19.55,200,0,20400
BRITANNIA30JAN203200CE.NFO,07/01/2020,11:10:54,19.25,19.05,400,19.55,200,0,20400
BRITANNIA30JAN203200CE.NFO,07/01/2020,11:11:05,19.25,18.9,200,19.4,200,0,20400
BRITANNIA30JAN203200CE.NFO,07/01/2020,11:11:12,19.25,18.65,400,19.1,200,0,20400
BRITANNIA30JAN203200CE.NFO,07/01/2020,11:11:19,19.25,18.55,200,19,200,0,20400
BRITANNIA30JAN203200CE.NFO,07/01/2020,11:11:25,19.25,18.5,200,18.9,200,0,20400
BRITANNIA30JAN203200CE.NFO,07/01/2020,11:11:39,19.25,18.3,200,18.8,200,0,20400
BRITANNIA30JAN203200CE.NFO,07/01/2020,11:11:45,19.25,18.3,200,18.8,400,0,20400
BRITANNIA30JAN203200CE.NFO,07/01/2020,11:11:51,19.25,18.6,200,18.95,200,0,20400
BRITANNIA30JAN203200CE.NFO,07/01/2020,11:11:56,19.25,18.6,200,19,200,0,20400
BRITANNIA30JAN203200CE.NFO,07/01/2020,11:12:03,19.25,18.45,200,18.95,400,0,20400
BRITANNIA30JAN203200CE.NFO,07/01/2020,11:12:12,19.25,18.55,200,18.95,200,0,20400
BRITANNIA30JAN203200CE.NFO,07/01/2020,11:12:25,19.25,18.8,400,19.25,200,0,20400
BRITANNIA30JAN203200CE.NFO,07/01/2020,11:12:31,19.25,18.9,200,19.35,400,0,20400
BRITANNIA30JAN203200CE.NFO,07/01/2020,11:12:38,19.25,19,200,19.35,200,0,20400
BRITANNIA30JAN203200CE.NFO,07/01/2020,11:12:44,19.25,19,200,19.35,400,0,20400
BRITANNIA30JAN203200CE.NFO,07/01/2020,11:12:49,19.25,18.9,200,19.35,400,0,20400
BRITANNIA30JAN203200CE.NFO,07/01/2020,11:12:58,19.25,18.9,200,19.35,200,0,20400
BRITANNIA30JAN203200CE.NFO,07/01/2020,11:13:03,19.25,19,200,19.35,200,0,20400
BRITANNIA30JAN203200CE.NFO,07/01/2020,11:13:20,19.25,19,200,19.4,200,0,20400
BRITANNIA30JAN203200CE.NFO,07/01/2020,11:13:26,19.25,18.95,200,19.4,400,0,20400
BRITANNIA30JAN203200CE.NFO,07/01/2020,11:13:32,19.25,18.95,200,19.35,200,0,20400
BRITANNIA30JAN203200CE.NFO,07/01/2020,11:13:38,19.25,19.05,200,19.35,200,0,20400
BRITANNIA30JAN203200CE.NFO,07/01/2020,11:13:44,19.25,18.95,400,19.45,200,0,20400
BRITANNIA30JAN203200CE.NFO,07/01/2020,11:13:56,19.25,19,200,19.65,200,0,20400
BRITANNIA30JAN203200CE.NFO,07/01/2020,11:14:01,19.25,19.1,400,19.65,400,0,20400
BRITANNIA30JAN203200CE.NFO,07/01/2020,11:14:12,19.25,19.15,200,19.65,400,0,20400
BRITANNIA30JAN203200CE.NFO,07/01/2020,11:14:19,19.25,19.15,200,19.6,400,0,20400
BRITANNIA30JAN203200CE.NFO,07/01/2020,11:14:24,19.25,19.15,200,19.55,200,0,20400
BRITANNIA30JAN203200CE.NFO,07/01/2020,11:14:29,19.25,19.15,200,19.6,200,0,20400
BRITANNIA30JAN203200CE.NFO,07/01/2020,11:14:34,19.25,19.15,200,19.55,200,0,20400
BRITANNIA30JAN203200CE.NFO,07/01/2020,11:14:39,19.25,19.1,200,19.55,200,0,20400
BRITANNIA30JAN203200CE.NFO,07/01/2020,11:14:53,19.25,19.15,200,19.55,200,0,20400
BRITANNIA30JAN203200CE.NFO,07/01/2020,11:14:59,19.25,18.95,200,19.45,200,0,20400
BRITANNIA30JAN203200CE.NFO,07/01/2020,11:15:06,19.25,18.95,400,19.45,200,0,20400
BRITANNIA30JAN203200CE.NFO,07/01/2020,11:15:12,19.25,18.9,400,19.35,200,0,20400
BRITANNIA30JAN203200CE.NFO,07/01/2020,11:15:17,19.25,18.9,400,19.4,200,0,20400
BRITANNIA30JAN203200CE.NFO,07/01/2020,11:15:23,19.25,18.95,400,19.45,200,0,20400
BRITANNIA30JAN203200CE.NFO,07/01/2020,11:15:41,19.25,18.95,400,19.5,200,0,20400
BRITANNIA30JAN203200CE.NFO,07/01/2020,11:15:46,19.25,19.05,400,19.55,200,0,20400
BRITANNIA30JAN203200CE.NFO,07/01/2020,11:15:56,19.25,19.05,600,19.55,200,0,20400
BRITANNIA30JAN203200CE.NFO,07/01/2020,11:16:02,19.25,19.05,200,19.55,400,0,20400
BRITANNIA30JAN203200CE.NFO,07/01/2020,11:16:33,19.25,18.9,400,19.55,400,0,20400
BRITANNIA30JAN203200CE.NFO,07/01/2020,11:16:37,19.25,18.9,400,19.45,400,0,20400
BRITANNIA30JAN203200CE.NFO,07/01/2020,11:16:42,19.25,18.75,200,19.45,400,0,20400
BRITANNIA30JAN203200CE.NFO,07/01/2020,11:16:58,19.25,18.7,400,19.45,400,0,20400
BRITANNIA30JAN203200CE.NFO,07/01/2020,11:17:04,19.25,18.8,200,19.45,400,0,20400
BRITANNIA30JAN203200CE.NFO,07/01/2020,11:17:28,19.25,18.75,200,19.45,400,0,20400
BRITANNIA30JAN203200CE.NFO,07/01/2020,11:17:39,19.25,18.95,200,19.45,200,0,20400
BRITANNIA30JAN203200CE.NFO,07/01/2020,11:17:44,19.25,19,200,19.5,200,0,20400
BRITANNIA30JAN203200CE.NFO,07/01/2020,11:17:50,19.25,19,200,19.45,200,0,20400
BRITANNIA30JAN203200CE.NFO,07/01/2020,11:17:54,19.25,19.05,200,19.5,200,0,20400
BRITANNIA30JAN203200CE.NFO,07/01/2020,11:18:04,19.25,19,200,19.5,200,0,20400
BRITANNIA30JAN203200CE.NFO,07/01/2020,11:18:14,19.25,19,200,19.45,200,0,20400
BRITANNIA30JAN203200CE.NFO,07/01/2020,11:18:18,19.25,19.05,200,19.45,200,0,20400
BRITANNIA30JAN203200CE.NFO,07/01/2020,11:18:23,19.25,19,200,19.4,200,0,20400
BRITANNIA30JAN203200CE.NFO,07/01/2020,11:18:27,19.25,19,200,19.45,400,0,20400
BRITANNIA30JAN203200CE.NFO,07/01/2020,11:18:32,19.25,19.05,200,19.5,200,0,20400
BRITANNIA30JAN203200CE.NFO,07/01/2020,11:18:50,19.25,19,200,19.5,200,0,20400
BRITANNIA30JAN203200CE.NFO,07/01/2020,11:18:55,19.25,19,200,19.45,200,0,20400
BRITANNIA30JAN203200CE.NFO,07/01/2020,11:19:01,19.25,18.95,400,19.5,200,0,20400
BRITANNIA30JAN203200CE.NFO,07/01/2020,11:19:06,19.25,18.95,200,19.45,200,0,20400
BRITANNIA30JAN203200CE.NFO,07/01/2020,11:19:19,19.25,18.75,200,19.25,400,0,20400
BRITANNIA30JAN203200CE.NFO,07/01/2020,11:19:27,19.25,18.65,400,19.2,200,0,20400
BRITANNIA30JAN203200CE.NFO,07/01/2020,11:19:35,19.25,18.7,600,19.25,200,0,20400
BRITANNIA30JAN203200CE.NFO,07/01/2020,11:19:41,19.25,18.55,200,19.2,200,0,20400
BRITANNIA30JAN203200CE.NFO,07/01/2020,11:19:48,19.25,18.55,400,19.1,200,0,20400
BRITANNIA30JAN203200CE.NFO,07/01/2020,11:19:53,19.25,18.55,400,19.15,200,0,20400
BRITANNIA30JAN203200CE.NFO,07/01/2020,11:19:58,19.25,18.55,400,19.2,200,0,20400
BRITANNIA30JAN203200CE.NFO,07/01/2020,11:20:02,19.25,18.65,200,19.2,200,0,20400
BRITANNIA30JAN203200CE.NFO,07/01/2020,11:20:07,19.25,18.55,400,19.15,200,0,20400
BRITANNIA30JAN203200CE.NFO,07/01/2020,11:20:13,19.25,18.55,400,19.1,200,0,20400
BRITANNIA30JAN203200CE.NFO,07/01/2020,11:20:18,19.25,18.55,400,19.1,400,0,20400
BRITANNIA30JAN203200CE.NFO,07/01/2020,11:20:23,19.25,18.65,200,19.2,200,0,20400
BRITANNIA30JAN203200CE.NFO,07/01/2020,11:20:27,19.25,18.65,200,19.2,400,0,20400
BRITANNIA30JAN203200CE.NFO,07/01/2020,11:20:32,19.25,18.75,200,19.2,400,0,20400
BRITANNIA30JAN203200CE.NFO,07/01/2020,11:20:37,19.25,18.75,200,19.2,200,0,20400
BRITANNIA30JAN203200CE.NFO,07/01/2020,11:20:42,19.25,18.75,200,19.25,200,0,20400
BRITANNIA30JAN203200CE.NFO,07/01/2020,11:20:48,19.25,18.75,200,19.2,400,0,20400
BRITANNIA30JAN203200CE.NFO,07/01/2020,11:20:54,19.25,18.75,200,19.25,200,0,20400
BRITANNIA30JAN203200CE.NFO,07/01/2020,11:21:22,19.25,18.75,200,19.2,200,0,20400
BRITANNIA30JAN203200CE.NFO,07/01/2020,11:21:31,19.25,18.6,200,19.15,400,0,20400
BRITANNIA30JAN203200CE.NFO,07/01/2020,11:21:55,19.25,18.6,200,19.15,200,0,20400
BRITANNIA30JAN203200CE.NFO,07/01/2020,11:22:03,19.25,18.45,200,19.05,200,0,20400
BRITANNIA30JAN203200CE.NFO,07/01/2020,11:22:24,19.25,18.6,400,19.05,200,0,20400
BRITANNIA30JAN203200CE.NFO,07/01/2020,11:22:28,19.25,18.65,200,19.15,200,0,20400
BRITANNIA30JAN203200CE.NFO,07/01/2020,11:22:32,19.25,18.65,400,19.2,200,0,20400
BRITANNIA30JAN203200CE.NFO,07/01/2020,11:22:37,19.25,18.65,400,19.15,200,0,20400
BRITANNIA30JAN203200CE.NFO,07/01/2020,11:22:41,19.25,18.65,400,19.2,200,0,20400
BRITANNIA30JAN203200CE.NFO,07/01/2020,11:22:45,19.25,18.65,400,19.15,200,0,20400
BRITANNIA30JAN203200CE.NFO,07/01/2020,11:22:48,19.25,18.65,400,19.2,200,0,20400
BRITANNIA30JAN203200CE.NFO,07/01/2020,11:23:01,19.25,18.65,400,19.3,200,0,20400
BRITANNIA30JAN203200CE.NFO,07/01/2020,11:23:11,19.25,18.65,400,19.2,200,0,20400
BRITANNIA30JAN203200CE.NFO,07/01/2020,11:23:16,19.25,18.65,400,19.25,200,0,20400
BRITANNIA30JAN203200CE.NFO,07/01/2020,11:23:33,19.25,18.65,400,19.2,200,0,20400
BRITANNIA30JAN203200CE.NFO,07/01/2020,11:23:37,19.25,18.7,400,19.25,200,0,20400
BRITANNIA30JAN203200CE.NFO,07/01/2020,11:23:42,19.25,18.75,200,19.2,200,0,20400
BRITANNIA30JAN203200CE.NFO,07/01/2020,11:23:46,19.25,18.45,200,18.95,200,0,20400
BRITANNIA30JAN203200CE.NFO,07/01/2020,11:23:51,19.25,18.45,200,18.9,200,0,20400
BRITANNIA30JAN203200CE.NFO,07/01/2020,11:23:55,19.25,18.45,200,18.95,400,0,20400
BRITANNIA30JAN203200CE.NFO,07/01/2020,11:24:01,19.25,18.5,200,19,200,0,20400
BRITANNIA30JAN203200CE.NFO,07/01/2020,11:24:06,19.25,18.3,400,18.9,200,0,20400
BRITANNIA30JAN203200CE.NFO,07/01/2020,11:24:12,19.25,18.3,400,18.85,200,0,20400
BRITANNIA30JAN203200CE.NFO,07/01/2020,11:24:17,19.25,18.3,200,18.8,200,0,20400
BRITANNIA30JAN203200CE.NFO,07/01/2020,11:24:22,19.25,18.3,400,18.85,200,0,20400
BRITANNIA30JAN203200CE.NFO,07/01/2020,11:24:27,19.25,18.3,200,18.8,200,0,20400
BRITANNIA30JAN203200CE.NFO,07/01/2020,11:24:36,19.25,18.1,400,18.65,200,0,20400
BRITANNIA30JAN203200CE.NFO,07/01/2020,11:24:40,19.25,18.15,400,19.15,400,0,20400
BRITANNIA30JAN203200CE.NFO,07/01/2020,11:24:45,19.25,18.15,200,19.15,400,0,20400
BRITANNIA30JAN203200CE.NFO,07/01/2020,11:24:49,19.25,18.1,400,19.15,400,0,20400
BRITANNIA30JAN203200CE.NFO,07/01/2020,11:24:53,19.25,18.15,200,18.65,200,0,20400
BRITANNIA30JAN203200CE.NFO,07/01/2020,11:25:01,19.25,18.15,200,18.7,400,0,20400
BRITANNIA30JAN203200CE.NFO,07/01/2020,11:25:07,19.25,18.15,400,18.65,200,0,20400
BRITANNIA30JAN203200CE.NFO,07/01/2020,11:25:12,19.25,18.15,200,18.65,200,0,20400
BRITANNIA30JAN203200CE.NFO,07/01/2020,11:25:16,19.25,18.2,200,18.7,200,0,20400
BRITANNIA30JAN203200CE.NFO,07/01/2020,11:25:20,19.25,18.1,200,18.6,200,0,20400
BRITANNIA30JAN203200CE.NFO,07/01/2020,11:25:43,19.25,18.25,200,18.75,200,0,20400
BRITANNIA30JAN203200CE.NFO,07/01/2020,11:25:48,19.25,18.1,200,18.65,200,0,20400
BRITANNIA30JAN203200CE.NFO,07/01/2020,11:25:52,19.25,18.1,200,18.6,200,0,20400
BRITANNIA30JAN203200CE.NFO,07/01/2020,11:25:56,19.25,18.1,400,18.6,200,0,20400
BRITANNIA30JAN203200CE.NFO,07/01/2020,11:26:00,19.25,18.1,200,18.6,200,0,20400
BRITANNIA30JAN203200CE.NFO,07/01/2020,11:26:04,19.25,18.15,200,18.6,200,0,20400
BRITANNIA30JAN203200CE.NFO,07/01/2020,11:26:09,19.25,18.1,200,18.6,200,0,20400
BRITANNIA30JAN203200CE.NFO,07/01/2020,11:26:13,19.25,18.05,200,18.6,200,0,20400
BRITANNIA30JAN203200CE.NFO,07/01/2020,11:26:16,19.25,18.05,400,18.6,200,0,20400
BRITANNIA30JAN203200CE.NFO,07/01/2020,11:26:24,19.25,18.05,200,18.6,200,0,20400
BRITANNIA30JAN203200CE.NFO,07/01/2020,11:26:37,19.25,18.05,200,18.5,200,0,20400
BRITANNIA30JAN203200CE.NFO,07/01/2020,11:27:04,19.25,18.15,200,18.6,200,0,20400
BRITANNIA30JAN203200CE.NFO,07/01/2020,11:27:07,19.25,18.2,200,18.6,200,0,20400
BRITANNIA30JAN203200CE.NFO,07/01/2020,11:27:13,19.25,18.15,200,18.6,200,0,20400
BRITANNIA30JAN203200CE.NFO,07/01/2020,11:27:39,19.25,18.15,400,18.7,200,0,20400
BRITANNIA30JAN203200CE.NFO,07/01/2020,11:27:42,19.25,18.15,400,18.8,200,0,20400
BRITANNIA30JAN203200CE.NFO,07/01/2020,11:27:48,19.25,18.15,400,18.75,200,0,20400
BRITANNIA30JAN203200CE.NFO,07/01/2020,11:27:53,19.25,18.15,400,18.8,200,0,20400
BRITANNIA30JAN203200CE.NFO,07/01/2020,11:28:03,19.25,18.15,400,18.75,400,0,20400
BRITANNIA30JAN203200CE.NFO,07/01/2020,11:28:10,19.25,18.15,200,18.75,400,0,20400
BRITANNIA30JAN203200CE.NFO,07/01/2020,11:28:26,19.25,18.15,200,18.65,200,0,20400
BRITANNIA30JAN203200CE.NFO,07/01/2020,11:28:34,19.25,18.1,200,18.6,200,0,20400
BRITANNIA30JAN203200CE.NFO,07/01/2020,11:28:46,19.25,18.1,400,18.6,200,0,20400
BRITANNIA30JAN203200CE.NFO,07/01/2020,11:28:51,19.25,18.1,400,18.6,400,0,20400
BRITANNIA30JAN203200CE.NFO,07/01/2020,11:28:55,19.25,18.1,400,18.6,200,0,20400
BRITANNIA30JAN203200CE.NFO,07/01/2020,11:28:58,19.25,18.1,200,18.6,200,0,20400
BRITANNIA30JAN203200CE.NFO,07/01/2020,11:29:01,19.25,18.1,400,18.65,200,0,20400
BRITANNIA30JAN203200CE.NFO,07/01/2020,11:29:04,19.25,18.1,400,18.6,200,0,20400
BRITANNIA30JAN203200CE.NFO,07/01/2020,11:29:07,19.25,18.1,200,18.6,200,0,20400
BRITANNIA30JAN203200CE.NFO,07/01/2020,11:29:11,19.25,18.1,400,18.6,200,0,20400
BRITANNIA30JAN203200CE.NFO,07/01/2020,11:29:14,19.25,18.1,200,18.6,200,0,20400
BRITANNIA30JAN203200CE.NFO,07/01/2020,11:29:18,19.25,18.1,400,18.6,200,0,20400
BRITANNIA30JAN203200CE.NFO,07/01/2020,11:29:21,19.25,18.1,400,18.65,200,0,20400
BRITANNIA30JAN203200CE.NFO,07/01/2020,11:29:25,19.25,18.1,400,18.6,200,0,20400
BRITANNIA30JAN203200CE.NFO,07/01/2020,11:29:28,19.25,18.1,400,18.75,200,0,20400
BRITANNIA30JAN203200CE.NFO,07/01/2020,11:29:32,19.25,18.1,400,18.65,200,0,20400
BRITANNIA30JAN203200CE.NFO,07/01/2020,11:29:47,19.25,18.1,400,18.6,200,0,20400
BRITANNIA30JAN203200CE.NFO,07/01/2020,11:29:52,19.25,18.1,200,18.6,200,0,20400
BRITANNIA30JAN203200CE.NFO,07/01/2020,11:30:09,19.25,18.1,400,18.65,200,0,20400
BRITANNIA30JAN203200CE.NFO,07/01/2020,11:30:13,19.25,18.1,400,18.6,200,0,20400
BRITANNIA30JAN203200CE.NFO,07/01/2020,11:30:18,19.25,18.1,400,18.65,200,0,20400
BRITANNIA30JAN203200CE.NFO,07/01/2020,11:30:21,19.25,18.1,400,18.6,400,0,20400
BRITANNIA30JAN203200CE.NFO,07/01/2020,11:30:25,19.25,18.1,400,18.7,200,0,20400
BRITANNIA30JAN203200CE.NFO,07/01/2020,11:30:28,19.25,18.1,400,18.65,400,0,20400
BRITANNIA30JAN203200CE.NFO,07/01/2020,11:30:32,19.25,18.1,400,18.65,200,0,20400
BRITANNIA30JAN203200CE.NFO,07/01/2020,11:30:34,19.25,18.1,400,18.7,200,0,20400
BRITANNIA30JAN203200CE.NFO,07/01/2020,11:30:37,19.25,18.1,400,18.65,200,0,20400
BRITANNIA30JAN203200CE.NFO,07/01/2020,11:30:41,19.25,18.1,400,18.75,200,0,20400
BRITANNIA30JAN203200CE.NFO,07/01/2020,11:30:44,19.25,18.1,400,18.7,200,0,20400
BRITANNIA30JAN203200CE.NFO,07/01/2020,11:31:01,19.25,18.1,400,18.85,200,0,20400
BRITANNIA30JAN203200CE.NFO,07/01/2020,11:31:07,19.25,18.1,400,18.8,400,0,20400
BRITANNIA30JAN203200CE.NFO,07/01/2020,11:31:12,19.25,18.1,400,18.85,200,0,20400
BRITANNIA30JAN203200CE.NFO,07/01/2020,11:31:17,19.25,18.1,400,18.85,400,0,20400
BRITANNIA30JAN203200CE.NFO,07/01/2020,11:31:51,19.25,18.2,400,18.85,200,0,20400
BRITANNIA30JAN203200CE.NFO,07/01/2020,11:31:58,19.25,18.2,400,18.85,400,0,20400
BRITANNIA30JAN203200CE.NFO,07/01/2020,11:32:03,19.25,18.2,400,18.9,400,0,20400
BRITANNIA30JAN203200CE.NFO,07/01/2020,11:32:22,19.25,18.2,400,18.9,200,0,20400
BRITANNIA30JAN203200CE.NFO,07/01/2020,11:32:43,19.25,18.2,400,18.9,400,0,20400
BRITANNIA30JAN203200CE.NFO,07/01/2020,11:33:02,19.25,18.35,400,18.9,200,0,20400
BRITANNIA30JAN203200CE.NFO,07/01/2020,11:33:06,19.25,18.3,400,18.9,200,0,20400
BRITANNIA30JAN203200CE.NFO,07/01/2020,11:33:09,19.25,18.35,200,18.9,200,0,20400
BRITANNIA30JAN203200CE.NFO,07/01/2020,11:33:13,19.25,18.4,200,18.9,200,0,20400
BRITANNIA30JAN203200CE.NFO,07/01/2020,11:33:16,19.25,18.35,200,18.9,200,0,20400
BRITANNIA30JAN203200CE.NFO,07/01/2020,11:33:27,19.25,18.3,400,18.9,200,0,20400
BRITANNIA30JAN203200CE.NFO,07/01/2020,11:33:36,19.25,18.35,400,18.9,200,0,20400
BRITANNIA30JAN203200CE.NFO,07/01/2020,11:33:40,19.25,18.35,400,18.95,200,0,20400
BRITANNIA30JAN203200CE.NFO,07/01/2020,11:33:55,19.25,18.35,400,19,200,0,20400
BRITANNIA30JAN203200CE.NFO,07/01/2020,11:34:01,19.25,18.35,400,19,400,0,20400
BRITANNIA30JAN203200CE.NFO,07/01/2020,11:34:06,19.25,18.35,600,19.05,200,0,20400
BRITANNIA30JAN203200CE.NFO,07/01/2020,11:34:12,19.25,18.35,600,19.1,200,0,20400
BRITANNIA30JAN203200CE.NFO,07/01/2020,11:34:19,19.25,18.35,600,19.15,200,0,20400
BRITANNIA30JAN203200CE.NFO,07/01/2020,11:34:25,19.25,18.35,600,19.2,200,0,20400
BRITANNIA30JAN203200CE.NFO,07/01/2020,11:34:31,19.25,18.45,400,19.2,200,0,20400
BRITANNIA30JAN203200CE.NFO,07/01/2020,11:34:38,19.25,18.45,400,19.4,200,0,20400
BRITANNIA30JAN203200CE.NFO,07/01/2020,11:34:49,19.25,18.45,400,19.3,200,0,20400
BRITANNIA30JAN203200CE.NFO,07/01/2020,11:35:16,19.25,18.45,400,19.25,200,0,20400
BRITANNIA30JAN203200CE.NFO,07/01/2020,11:35:22,19.25,18.45,400,19.35,200,0,20400
BRITANNIA30JAN203200CE.NFO,07/01/2020,11:35:27,19.25,18.45,400,19.4,200,0,20400
BRITANNIA30JAN203200CE.NFO,07/01/2020,11:35:48,19.25,18.45,400,19.3,200,0,20400
BRITANNIA30JAN203200CE.NFO,07/01/2020,11:35:52,19.25,18.45,400,19.35,400,0,20400
BRITANNIA30JAN203200CE.NFO,07/01/2020,11:36:02,19.25,18.45,400,19.25,200,0,20400
BRITANNIA30JAN203200CE.NFO,07/01/2020,11:36:07,19.25,18.45,400,19.3,200,0,20400
BRITANNIA30JAN203200CE.NFO,07/01/2020,11:36:16,19.25,18.45,400,19.2,200,0,20400
BRITANNIA30JAN203200CE.NFO,07/01/2020,11:36:20,19.25,18.45,400,19.25,400,0,20400
BRITANNIA30JAN203200CE.NFO,07/01/2020,11:36:25,19.25,18.45,400,19.25,200,0,20400
BRITANNIA30JAN203200CE.NFO,07/01/2020,11:36:30,19.25,18.45,400,19.2,400,0,20400
BRITANNIA30JAN203200CE.NFO,07/01/2020,11:36:50,19.25,18.55,200,19.15,200,0,20400
BRITANNIA30JAN203200CE.NFO,07/01/2020,11:37:07,19.25,18.55,400,19.15,200,0,20400
BRITANNIA30JAN203200CE.NFO,07/01/2020,11:37:11,19.25,18.55,200,19.15,200,0,20400
BRITANNIA30JAN203200CE.NFO,07/01/2020,11:37:19,19.25,18.6,400,19.15,200,0,20400
BRITANNIA30JAN203200CE.NFO,07/01/2020,11:37:24,19.25,18.55,200,19.15,200,0,20400
BRITANNIA30JAN203200CE.NFO,07/01/2020,11:39:51,19.25,18.6,200,19.15,200,0,20400
BRITANNIA30JAN203200CE.NFO,07/01/2020,11:39:58,19.25,18.35,200,18.9,200,0,20400
BRITANNIA30JAN203200CE.NFO,07/01/2020,11:40:04,19.25,18.35,200,18.85,200,0,20400
BRITANNIA30JAN203200CE.NFO,07/01/2020,11:40:21,19.25,18.35,400,19,200,0,20400
BRITANNIA30JAN203200CE.NFO,07/01/2020,11:40:25,19.25,18.35,400,18.95,200,0,20400
BRITANNIA30JAN203200CE.NFO,07/01/2020,11:40:29,19.25,18.35,400,19,200,0,20400
BRITANNIA30JAN203200CE.NFO,07/01/2020,11:40:48,19.25,18.35,400,18.95,200,0,20400
BRITANNIA30JAN203200CE.NFO,07/01/2020,11:41:36,19.25,18.35,400,18.95,400,0,20400
BRITANNIA30JAN203200CE.NFO,07/01/2020,11:42:38,19.25,18.45,200,18.95,200,0,20400
BRITANNIA30JAN203200CE.NFO,07/01/2020,11:42:43,19.25,18.4,200,18.95,200,0,20400
BRITANNIA30JAN203200CE.NFO,07/01/2020,11:42:47,19.25,18.35,200,18.95,200,0,20400
BRITANNIA30JAN203200CE.NFO,07/01/2020,11:42:56,19.25,18.3,400,18.95,200,0,20400
BRITANNIA30JAN203200CE.NFO,07/01/2020,11:43:01,19.25,18.3,400,18.85,200,0,20400
BRITANNIA30JAN203200CE.NFO,07/01/2020,11:43:12,19.25,18.3,400,18.9,200,0,20400
BRITANNIA30JAN203200CE.NFO,07/01/2020,11:43:18,19.25,18.3,400,19,200,0,20400
BRITANNIA30JAN203200CE.NFO,07/01/2020,11:43:22,19.25,18.3,400,19.05,200,0,20400
BRITANNIA30JAN203200CE.NFO,07/01/2020,11:43:42,19.25,18.3,400,18.95,200,0,20400
BRITANNIA30JAN203200CE.NFO,07/01/2020,11:44:14,19.25,18.15,200,18.75,200,0,20400
BRITANNIA30JAN203200CE.NFO,07/01/2020,11:44:18,19.25,18.15,400,18.75,200,0,20400
BRITANNIA30JAN203200CE.NFO,07/01/2020,11:44:24,19.25,18.15,200,18.75,200,0,20400
BRITANNIA30JAN203200CE.NFO,07/01/2020,11:44:26,19.25,18.1,400,18.65,200,0,20400
BRITANNIA30JAN203200CE.NFO,07/01/2020,11:44:32,19.25,18.05,400,18.65,200,0,20400
BRITANNIA30JAN203200CE.NFO,07/01/2020,11:44:36,19.25,18,400,18.65,200,0,20400
BRITANNIA30JAN203200CE.NFO,07/01/2020,11:44:40,19.25,18.05,400,18.65,200,0,20400
BRITANNIA30JAN203200CE.NFO,07/01/2020,11:44:43,19.25,18,400,18.65,200,0,20400
BRITANNIA30JAN203200CE.NFO,07/01/2020,11:45:04,19.25,18.05,200,18.65,200,0,20400
BRITANNIA30JAN203200CE.NFO,07/01/2020,11:45:18,19.25,18,200,18.65,200,0,20400
BRITANNIA30JAN203200CE.NFO,07/01/2020,11:45:26,19.25,18,200,18.55,200,0,20400
BRITANNIA30JAN203200CE.NFO,07/01/2020,11:45:51,19.25,18,400,18.55,200,0,20400
BRITANNIA30JAN203200CE.NFO,07/01/2020,11:46:11,19.25,18,200,18.55,200,0,20400
BRITANNIA30JAN203200CE.NFO,07/01/2020,11:46:16,19.25,18,200,18.45,200,0,20400
BRITANNIA30JAN203200CE.NFO,07/01/2020,11:46:56,19.25,18,200,18.5,200,0,20400
BRITANNIA30JAN203200CE.NFO,07/01/2020,11:46:58,19.25,18,400,18.5,200,0,20400
BRITANNIA30JAN203200CE.NFO,07/01/2020,11:47:06,19.25,18,400,18.55,400,0,20400
BRITANNIA30JAN203200CE.NFO,07/01/2020,11:47:55,19.25,18,200,18.55,400,0,20400
BRITANNIA30JAN203200CE.NFO,07/01/2020,11:48:02,19.25,17.85,400,18.55,400,0,20400
BRITANNIA30JAN203200CE.NFO,07/01/2020,11:48:05,19.25,17.9,400,18.55,400,0,20400
BRITANNIA30JAN203200CE.NFO,07/01/2020,11:48:19,19.25,17.8,200,18.45,400,0,20400
BRITANNIA30JAN203200CE.NFO,07/01/2020,11:48:26,19.25,17.85,200,18.45,400,0,20400
BRITANNIA30JAN203200CE.NFO,07/01/2020,11:48:30,19.25,17.9,400,18.45,400,0,20400
BRITANNIA30JAN203200CE.NFO,07/01/2020,11:48:40,19.25,17.85,200,18.45,400,0,20400
BRITANNIA30JAN203200CE.NFO,07/01/2020,11:48:47,19.25,17.8,400,18.45,400,0,20400
BRITANNIA30JAN203200CE.NFO,07/01/2020,11:49:18,19.25,17.75,200,18.45,400,0,20400
BRITANNIA30JAN203200CE.NFO,07/01/2020,11:49:32,19.25,17.7,400,18.45,400,0,20400
BRITANNIA30JAN203200CE.NFO,07/01/2020,11:50:20,19.25,17.7,400,18.4,200,0,20400
BRITANNIA30JAN203200CE.NFO,07/01/2020,11:50:28,19.25,17.7,400,18.45,200,0,20400
BRITANNIA30JAN203200CE.NFO,07/01/2020,11:50:49,19.25,17.7,400,18.5,200,0,20400
BRITANNIA30JAN203200CE.NFO,07/01/2020,11:51:03,19.25,17.7,400,18.55,200,0,20400
BRITANNIA30JAN203200CE.NFO,07/01/2020,11:51:12,19.25,17.7,400,18.45,200,0,20400
BRITANNIA30JAN203200CE.NFO,07/01/2020,11:51:15,19.25,17.7,400,18.4,200,0,20400
BRITANNIA30JAN203200CE.NFO,07/01/2020,11:51:18,19.25,17.7,400,18.5,400,0,20400
BRITANNIA30JAN203200CE.NFO,07/01/2020,11:51:21,19.25,17.7,400,18.6,200,0,20400
BRITANNIA30JAN203200CE.NFO,07/01/2020,11:51:25,19.25,17.7,400,18.55,400,0,20400
BRITANNIA30JAN203200CE.NFO,07/01/2020,11:51:28,19.25,17.7,400,18.6,200,0,20400
BRITANNIA30JAN203200CE.NFO,07/01/2020,11:51:48,19.25,17.7,400,18.5,200,0,20400
BRITANNIA30JAN203200CE.NFO,07/01/2020,11:52:10,19.25,17.7,400,18.4,200,0,20400
BRITANNIA30JAN203200CE.NFO,07/01/2020,11:52:13,19.25,17.8,400,18.4,200,0,20400
BRITANNIA30JAN203200CE.NFO,07/01/2020,11:52:15,19.25,17.8,200,18.4,200,0,20400
BRITANNIA30JAN203200CE.NFO,07/01/2020,11:52:22,19.25,17.75,200,18.3,200,0,20400
BRITANNIA30JAN203200CE.NFO,07/01/2020,11:52:27,19.25,17.75,400,18.3,200,0,20400
BRITANNIA30JAN203200CE.NFO,07/01/2020,11:52:30,19.25,17.75,200,18.3,200,0,20400
BRITANNIA30JAN203200CE.NFO,07/01/2020,11:54:37,19.25,18.15,200,18.7,200,0,20400
BRITANNIA30JAN203200CE.NFO,07/01/2020,11:54:52,19.25,17.95,400,18.6,200,0,20400
BRITANNIA30JAN203200CE.NFO,07/01/2020,11:54:54,19.25,18.05,200,18.6,200,0,20400
BRITANNIA30JAN203200CE.NFO,07/01/2020,11:56:00,19.25,17.95,200,18.5,200,0,20400
BRITANNIA30JAN203200CE.NFO,07/01/2020,11:56:13,19.25,17.95,400,18.5,200,0,20400
BRITANNIA30JAN203200CE.NFO,07/01/2020,11:56:19,19.25,17.95,200,18.5,200,0,20400
BRITANNIA30JAN203200CE.NFO,07/01/2020,11:56:23,19.25,17.95,400,18.5,200,0,20400
BRITANNIA30JAN203200CE.NFO,07/01/2020,11:57:05,19.25,17.95,200,18.5,200,0,20400
BRITANNIA30JAN203200CE.NFO,07/01/2020,11:57:48,19.25,17.95,200,18.4,200,0,20400
BRITANNIA30JAN203200CE.NFO,07/01/2020,11:59:48,19.25,17.9,200,18.4,200,0,20400
BRITANNIA30JAN203200CE.NFO,07/01/2020,11:59:56,19.25,17.95,200,18.4,200,0,20400
BRITANNIA30JAN203200CE.NFO,07/01/2020,12:00:10,19.25,17.8,200,18.3,200,0,20400
BRITANNIA30JAN203200CE.NFO,07/01/2020,12:00:13,19.25,17.8,200,18.2,200,0,20400
BRITANNIA30JAN203200CE.NFO,07/01/2020,12:00:28,19.25,17.8,200,18.25,200,0,20400
BRITANNIA30JAN203200CE.NFO,07/01/2020,12:00:36,19.25,17.9,200,18.4,200,0,20400
BRITANNIA30JAN203200CE.NFO,07/01/2020,12:01:00,19.25,17.9,200,18.35,200,0,20400
BRITANNIA30JAN203200CE.NFO,07/01/2020,12:01:14,19.25,17.9,200,18.4,200,0,20400
BRITANNIA30JAN203200CE.NFO,07/01/2020,12:01:32,19.25,17.8,200,18.3,200,0,20400
BRITANNIA30JAN203200CE.NFO,07/01/2020,12:01:41,19.25,17.8,400,18.3,200,0,20400
BRITANNIA30JAN203200CE.NFO,07/01/2020,12:01:46,19.25,17.8,200,18.3,200,0,20400
BRITANNIA30JAN203200CE.NFO,07/01/2020,12:02:34,19.25,17.8,600,18.7,200,0,20400
BRITANNIA30JAN203200CE.NFO,07/01/2020,12:02:40,19.25,17.95,400,18.5,200,0,20400
BRITANNIA30JAN203200CE.NFO,07/01/2020,12:03:23,19.25,17.95,200,18.5,200,0,20400
BRITANNIA30JAN203200CE.NFO,07/01/2020,12:03:53,19.25,17.85,400,18.4,200,0,20400
BRITANNIA30JAN203200CE.NFO,07/01/2020,12:03:56,19.25,17.85,200,18.4,200,0,20400
BRITANNIA30JAN203200CE.NFO,07/01/2020,12:04:25,19.25,17.85,400,18.4,200,0,20400
BRITANNIA30JAN203200CE.NFO,07/01/2020,12:05:07,19.25,17.85,400,18.5,200,0,20400
BRITANNIA30JAN203200CE.NFO,07/01/2020,12:05:11,19.25,17.85,200,18.5,200,0,20400
BRITANNIA30JAN203200CE.NFO,07/01/2020,12:05:56,19.25,17.85,200,18.3,200,0,20400
BRITANNIA30JAN203200CE.NFO,07/01/2020,12:06:03,19.25,17.85,200,18.35,200,0,20400
BRITANNIA30JAN203200CE.NFO,07/01/2020,12:06:05,19.25,17.85,400,18.35,200,0,20400
BRITANNIA30JAN203200CE.NFO,07/01/2020,12:06:10,19.25,17.85,400,18.4,200,0,20400
BRITANNIA30JAN203200CE.NFO,07/01/2020,12:06:39,19.25,17.8,200,18.3,200,0,20400
BRITANNIA30JAN203200CE.NFO,07/01/2020,12:06:42,19.25,17.85,200,18.3,200,0,20400
BRITANNIA30JAN203200CE.NFO,07/01/2020,12:06:44,19.25,17.8,400,18.3,200,0,20400
BRITANNIA30JAN203200CE.NFO,07/01/2020,12:06:48,19.25,17.85,200,18.3,200,0,20400
BRITANNIA30JAN203200CE.NFO,07/01/2020,12:07:28,19.25,17.8,200,18.2,200,0,20400
BRITANNIA30JAN203200CE.NFO,07/01/2020,12:08:11,19.25,17.8,400,18.35,400,0,20400
BRITANNIA30JAN203200CE.NFO,07/01/2020,12:08:16,19.25,17.85,400,18.45,200,0,20400
BRITANNIA30JAN203200CE.NFO,07/01/2020,12:08:23,19.25,17.85,400,18.4,200,0,20400
BRITANNIA30JAN203200CE.NFO,07/01/2020,12:09:21,19.25,17.85,200,18.4,200,0,20400
BRITANNIA30JAN203200CE.NFO,07/01/2020,12:09:24,19.25,17.85,400,18.4,200,0,20400
BRITANNIA30JAN203200CE.NFO,07/01/2020,12:09:33,19.25,17.85,200,18.4,200,0,20400
BRITANNIA30JAN203200CE.NFO,07/01/2020,12:09:43,19.25,17.85,400,18.4,200,0,20400
BRITANNIA30JAN203200CE.NFO,07/01/2020,12:09:52,19.25,17.85,200,18.4,200,0,20400
BRITANNIA30JAN203200CE.NFO,07/01/2020,12:10:33,19.25,17.85,400,18.4,200,0,20400
BRITANNIA30JAN203200CE.NFO,07/01/2020,12:10:43,19.25,17.85,200,18.4,200,0,20400
BRITANNIA30JAN203200CE.NFO,07/01/2020,12:10:45,19.25,17.85,400,18.4,200,0,20400
BRITANNIA30JAN203200CE.NFO,07/01/2020,12:11:05,19.25,17.95,400,18.45,200,0,20400
BRITANNIA30JAN203200CE.NFO,07/01/2020,12:11:15,19.25,17.95,200,18.45,200,0,20400
BRITANNIA30JAN203200CE.NFO,07/01/2020,12:13:11,19.25,17.95,200,18.5,200,0,20400
BRITANNIA30JAN203200CE.NFO,07/01/2020,12:13:18,19.25,18.15,200,18.55,200,0,20400
BRITANNIA30JAN203200CE.NFO,07/01/2020,12:13:24,19.25,18.25,400,18.75,200,0,20400
BRITANNIA30JAN203200CE.NFO,07/01/2020,12:13:28,19.25,18.4,200,18.85,200,0,20400
BRITANNIA30JAN203200CE.NFO,07/01/2020,12:13:33,19.25,18.4,400,18.85,200,0,20400
BRITANNIA30JAN203200CE.NFO,07/01/2020,12:13:41,19.25,18.4,200,18.85,200,0,20400
BRITANNIA30JAN203200CE.NFO,07/01/2020,12:13:44,19.25,18.55,200,18.95,200,0,20400
BRITANNIA30JAN203200CE.NFO,07/01/2020,12:13:48,19.25,18.55,200,19,200,0,20400
BRITANNIA30JAN203200CE.NFO,07/01/2020,12:13:53,19.25,18.6,200,19,200,0,20400
BRITANNIA30JAN203200CE.NFO,07/01/2020,12:14:06,19.25,18.7,200,19,200,0,20400
BRITANNIA30JAN203200CE.NFO,07/01/2020,12:15:14,19.25,18.65,200,19,200,0,20400
BRITANNIA30JAN203200CE.NFO,07/01/2020,12:15:21,19.25,18.6,200,19,200,0,20400
BRITANNIA30JAN203200CE.NFO,07/01/2020,12:15:46,19.25,18.7,200,19,200,0,20400
BRITANNIA30JAN203200CE.NFO,07/01/2020,12:16:39,19.25,18.8,400,19,200,0,20400
BRITANNIA30JAN203200CE.NFO,07/01/2020,12:16:43,19.25,18.8,200,19,200,0,20400
BRITANNIA30JAN203200CE.NFO,07/01/2020,12:17:55,19.25,18.9,200,19,200,0,20400
BRITANNIA30JAN203200CE.NFO,07/01/2020,12:19:38,19,18.9,200,19.35,200,200,20400
BRITANNIA30JAN203200CE.NFO,07/01/2020,12:19:44,19,18.9,200,19.45,400,0,20400
BRITANNIA30JAN203200CE.NFO,07/01/2020,12:19:56,19,18.9,200,19.4,200,0,20400
BRITANNIA30JAN203200CE.NFO,07/01/2020,12:20:15,19,18.9,200,19.35,200,0,20400
BRITANNIA30JAN203200CE.NFO,07/01/2020,12:20:19,19,18.9,200,19.45,400,0,20400
BRITANNIA30JAN203200CE.NFO,07/01/2020,12:20:58,19,19,200,19.65,200,0,20400
BRITANNIA30JAN203200CE.NFO,07/01/2020,12:21:12,19,19,200,19.5,200,0,20400
BRITANNIA30JAN203200CE.NFO,07/01/2020,12:21:15,19,19,200,19.65,200,0,20400
BRITANNIA30JAN203200CE.NFO,07/01/2020,12:22:04,19,18.85,200,19.35,200,0,20400
BRITANNIA30JAN203200CE.NFO,07/01/2020,12:22:06,19,18.85,200,19.4,200,0,20400
BRITANNIA30JAN203200CE.NFO,07/01/2020,12:22:11,19,18.95,200,19.45,200,0,20400
BRITANNIA30JAN203200CE.NFO,07/01/2020,12:22:52,19,18.95,200,19.5,200,0,20400
BRITANNIA30JAN203200CE.NFO,07/01/2020,12:22:57,19,18.95,200,19.5,400,0,20400
BRITANNIA30JAN203200CE.NFO,07/01/2020,12:23:02,19,18.9,400,19.5,400,0,20400
BRITANNIA30JAN203200CE.NFO,07/01/2020,12:23:17,19,18.9,400,19.65,200,0,20400
BRITANNIA30JAN203200CE.NFO,07/01/2020,12:23:22,19,18.9,400,19.6,400,0,20400
BRITANNIA30JAN203200CE.NFO,07/01/2020,12:23:54,19,19.2,400,19.95,200,0,20400
BRITANNIA30JAN203200CE.NFO,07/01/2020,12:23:59,19,19.2,400,19.85,200,0,20400
BRITANNIA30JAN203200CE.NFO,07/01/2020,12:24:01,19,19.2,400,19.9,400,0,20400
BRITANNIA30JAN203200CE.NFO,07/01/2020,12:24:04,19,19.2,400,19.9,200,0,20400
BRITANNIA30JAN203200CE.NFO,07/01/2020,12:24:06,19.9,19.9,2800,20.1,200,200,20400
BRITANNIA30JAN203200CE.NFO,07/01/2020,12:24:06,19.9,19.9,2800,20.1,200,0,20400
BRITANNIA30JAN203200CE.NFO,07/01/2020,12:24:09,19.9,19.9,2800,20.3,200,0,20400
BRITANNIA30JAN203200CE.NFO,07/01/2020,12:24:11,19.9,19.95,200,20.45,200,0,20400
BRITANNIA30JAN203200CE.NFO,07/01/2020,12:24:17,19.9,19.95,200,20.7,200,0,20400
BRITANNIA30JAN203200CE.NFO,07/01/2020,12:24:21,19.9,19.95,200,20.75,200,0,20400
BRITANNIA30JAN203200CE.NFO,07/01/2020,12:24:33,19.9,20.05,200,20.85,200,0,20400
BRITANNIA30JAN203200CE.NFO,07/01/2020,12:24:36,19.9,20.05,200,21,200,0,20400
BRITANNIA30JAN203200CE.NFO,07/01/2020,12:24:48,19.9,20.05,200,21.05,200,0,20400
BRITANNIA30JAN203200CE.NFO,07/01/2020,12:24:51,21.05,20.75,200,21.4,200,200,20400
BRITANNIA30JAN203200CE.NFO,07/01/2020,12:24:51,21.05,20.75,200,21.4,200,0,20400
BRITANNIA30JAN203200CE.NFO,07/01/2020,12:24:54,21.05,20.75,200,21.4,200,0,20400
BRITANNIA30JAN203200CE.NFO,07/01/2020,12:25:01,21.05,20.75,200,21.35,200,0,20400
BRITANNIA30JAN203200CE.NFO,07/01/2020,12:25:06,21.05,20.8,200,21.35,200,0,20400
BRITANNIA30JAN203200CE.NFO,07/01/2020,12:25:08,21.05,20.45,200,21.35,200,0,20400
BRITANNIA30JAN203200CE.NFO,07/01/2020,12:25:15,21.05,20.45,200,21.1,200,0,20400
BRITANNIA30JAN203200CE.NFO,07/01/2020,12:25:17,21.05,20.45,200,21.15,200,0,20400
BRITANNIA30JAN203200CE.NFO,07/01/2020,12:25:19,21.05,20.45,200,21.2,400,0,20400
BRITANNIA30JAN203200CE.NFO,07/01/2020,12:25:20,21.05,20.45,200,21.2,200,0,20400
BRITANNIA30JAN203200CE.NFO,07/01/2020,12:25:26,21.15,20.45,200,21.2,200,200,20400
BRITANNIA30JAN203200CE.NFO,07/01/2020,12:25:26,21.15,20.45,200,21.2,200,0,20400
BRITANNIA30JAN203200CE.NFO,07/01/2020,12:25:29,21.15,20.45,200,21.2,200,0,20400
BRITANNIA30JAN203200CE.NFO,07/01/2020,12:25:44,21.15,20.7,200,21.3,400,0,20400
BRITANNIA30JAN203200CE.NFO,07/01/2020,12:25:47,21.15,20.65,200,21.25,400,0,20400
BRITANNIA30JAN203200CE.NFO,07/01/2020,12:25:49,21.15,20.65,200,21.3,200,0,20400
BRITANNIA30JAN203200CE.NFO,07/01/2020,12:25:51,21.15,20.65,200,21.25,200,0,20400
BRITANNIA30JAN203200CE.NFO,07/01/2020,12:25:53,20.9,20.95,200,21.3,200,200,20400
BRITANNIA30JAN203200CE.NFO,07/01/2020,12:25:56,20.9,20.5,200,21.3,200,200,20400
BRITANNIA30JAN203200CE.NFO,07/01/2020,12:25:59,20.9,20.5,200,21.3,200,0,20400
BRITANNIA30JAN203200CE.NFO,07/01/2020,12:26:03,20.9,20.5,200,21.2,200,0,20400
BRITANNIA30JAN203200CE.NFO,07/01/2020,12:26:09,20.9,20.5,200,21.15,200,0,20400
BRITANNIA30JAN203200CE.NFO,07/01/2020,12:26:32,20.9,20.5,200,21.1,400,0,20400
BRITANNIA30JAN203200CE.NFO,07/01/2020,12:26:39,20.9,20.5,200,21.1,200,0,20400
BRITANNIA30JAN203200CE.NFO,07/01/2020,12:26:43,20.9,20.5,200,21.15,200,0,20400
BRITANNIA30JAN203200CE.NFO,07/01/2020,12:26:48,20.9,20.5,200,21.05,200,0,20400
BRITANNIA30JAN203200CE.NFO,07/01/2020,12:26:50,20.9,20.5,200,21.1,200,0,20400
BRITANNIA30JAN203200CE.NFO,07/01/2020,12:27:04,20.9,20.6,200,21.2,200,0,20400
BRITANNIA30JAN203200CE.NFO,07/01/2020,12:27:08,20.9,20.6,200,21.25,200,0,20400
BRITANNIA30JAN203200CE.NFO,07/01/2020,12:28:25,20.9,20.6,200,21.2,200,0,20400
BRITANNIA30JAN203200CE.NFO,07/01/2020,12:28:40,20.9,20.6,200,20.95,200,0,20400
BRITANNIA30JAN203200CE.NFO,07/01/2020,12:29:03,20.9,20.6,200,21,400,0,20400
BRITANNIA30JAN203200CE.NFO,07/01/2020,12:29:09,20.9,20.6,200,21,200,0,20400
BRITANNIA30JAN203200CE.NFO,07/01/2020,12:29:16,20.9,20.6,200,21.15,200,0,20400
BRITANNIA30JAN203200CE.NFO,07/01/2020,12:29:45,20.9,20.6,200,21.15,400,0,20400
BRITANNIA30JAN203200CE.NFO,07/01/2020,12:30:03,20.9,20.5,200,21.15,400,0,20400
BRITANNIA30JAN203200CE.NFO,07/01/2020,12:30:08,20.9,20.4,200,20.9,200,0,20400
BRITANNIA30JAN203200CE.NFO,07/01/2020,12:30:13,20.9,20.4,200,20.85,200,0,20400
BRITANNIA30JAN203200CE.NFO,07/01/2020,12:30:19,20.9,20.35,400,20.9,200,0,20400
BRITANNIA30JAN203200CE.NFO,07/01/2020,12:30:27,20.9,20.35,600,20.9,200,0,20400
BRITANNIA30JAN203200CE.NFO,07/01/2020,12:30:34,20.9,20.35,600,20.95,200,0,20400
BRITANNIA30JAN203200CE.NFO,07/01/2020,12:30:46,20.9,20.35,600,20.9,200,0,20400
BRITANNIA30JAN203200CE.NFO,07/01/2020,12:30:50,20.9,20.35,600,21.05,200,0,20400
BRITANNIA30JAN203200CE.NFO,07/01/2020,12:30:59,20.9,20.7,200,21.35,200,0,20400
BRITANNIA30JAN203200CE.NFO,07/01/2020,12:31:45,20.9,21,200,21.45,200,0,20400
BRITANNIA30JAN203200CE.NFO,07/01/2020,12:31:59,20.9,21,200,21.55,200,0,20400
BRITANNIA30JAN203200CE.NFO,07/01/2020,12:32:04,20.9,21.1,200,21.55,200,0,20400
BRITANNIA30JAN203200CE.NFO,07/01/2020,12:32:07,21.2,20.9,200,21.65,400,200,20600
BRITANNIA30JAN203200CE.NFO,07/01/2020,12:32:07,21.2,20.9,200,21.65,400,0,20600
BRITANNIA30JAN203200CE.NFO,07/01/2020,12:32:10,21.2,21,200,21.65,400,0,20600
BRITANNIA30JAN203200CE.NFO,07/01/2020,12:32:17,21.2,20.95,400,21.5,200,0,20600
BRITANNIA30JAN203200CE.NFO,07/01/2020,12:32:23,21.2,20.9,200,21.5,400,0,20600
BRITANNIA30JAN203200CE.NFO,07/01/2020,12:32:26,21.2,21,200,21.6,200,0,20600
BRITANNIA30JAN203200CE.NFO,07/01/2020,12:32:28,21.2,20.95,400,21.55,200,0,20600
BRITANNIA30JAN203200CE.NFO,07/01/2020,12:32:37,21.2,20.95,400,21.65,400,0,20600
BRITANNIA30JAN203200CE.NFO,07/01/2020,12:32:43,21.2,21.05,200,21.65,400,0,20600
BRITANNIA30JAN203200CE.NFO,07/01/2020,12:32:55,21.2,21.05,200,21.65,200,0,20600
BRITANNIA30JAN203200CE.NFO,07/01/2020,12:33:02,21.2,21.15,200,21.65,200,0,20600
BRITANNIA30JAN203200CE.NFO,07/01/2020,12:33:07,21.2,21.15,400,21.65,200,0,20600
BRITANNIA30JAN203200CE.NFO,07/01/2020,12:33:11,21.2,21.2,200,21.65,200,0,20600
BRITANNIA30JAN203200CE.NFO,07/01/2020,12:33:16,21.2,21.15,400,21.65,200,0,20600
BRITANNIA30JAN203200CE.NFO,07/01/2020,12:33:36,21.15,21.15,200,21.65,200,200,20600
BRITANNIA30JAN203200CE.NFO,07/01/2020,12:33:39,21.15,21.05,200,21.6,200,0,20600
BRITANNIA30JAN203200CE.NFO,07/01/2020,12:33:44,21.15,21,200,21.6,400,0,20600
BRITANNIA30JAN203200CE.NFO,07/01/2020,12:33:49,21.15,21,200,21.6,200,0,20600
BRITANNIA30JAN203200CE.NFO,07/01/2020,12:33:52,21.15,21,200,21.6,400,0,20600
BRITANNIA30JAN203200CE.NFO,07/01/2020,12:33:55,21.15,20.95,200,21.6,400,0,20600
BRITANNIA30JAN203200CE.NFO,07/01/2020,12:33:58,21.15,20.95,200,21.55,200,0,20600
BRITANNIA30JAN203200CE.NFO,07/01/2020,12:34:02,21.15,21.05,400,21.65,400,0,20600
BRITANNIA30JAN203200CE.NFO,07/01/2020,12:34:06,21.15,21.05,200,21.6,200,0,20600
BRITANNIA30JAN203200CE.NFO,07/01/2020,12:34:09,21.15,21,200,21.6,200,0,20600
BRITANNIA30JAN203200CE.NFO,07/01/2020,12:34:12,21.15,21.05,400,21.65,400,0,20600
BRITANNIA30JAN203200CE.NFO,07/01/2020,12:34:14,21.15,21.05,200,21.6,200,0,20600
BRITANNIA30JAN203200CE.NFO,07/01/2020,12:34:22,21.05,20.85,400,21.4,400,200,20600
BRITANNIA30JAN203200CE.NFO,07/01/2020,12:34:25,21.05,20.85,400,21.4,200,0,20600
BRITANNIA30JAN203200CE.NFO,07/01/2020,12:34:46,21.05,20.85,200,21.4,200,0,20600
BRITANNIA30JAN203200CE.NFO,07/01/2020,12:34:49,21.05,20.7,200,21.25,400,0,20600
BRITANNIA30JAN203200CE.NFO,07/01/2020,12:34:58,21.05,20.5,200,21.1,400,0,20600
BRITANNIA30JAN203200CE.NFO,07/01/2020,12:36:30,21.05,20.5,200,20.9,200,0,20600
BRITANNIA30JAN203200CE.NFO,07/01/2020,12:36:34,21.05,20.5,600,21.05,200,0,20600
BRITANNIA30JAN203200CE.NFO,07/01/2020,12:36:37,21.05,20.5,600,21.1,200,0,20600
BRITANNIA30JAN203200CE.NFO,07/01/2020,12:36:48,21.05,20.5,400,21.1,200,0,20600
BRITANNIA30JAN203200CE.NFO,07/01/2020,12:36:51,21.05,20.5,600,21.1,200,0,20600
BRITANNIA30JAN203200CE.NFO,07/01/2020,12:37:13,21.05,20.5,600,21.2,200,0,20600
BRITANNIA30JAN203200CE.NFO,07/01/2020,12:37:15,21.05,20.5,600,21.25,200,0,20600
BRITANNIA30JAN203200CE.NFO,07/01/2020,12:37:17,21.05,20.5,600,21.3,200,0,20600
BRITANNIA30JAN203200CE.NFO,07/01/2020,12:37:42,21.05,20.5,600,21.35,200,0,20600
BRITANNIA30JAN203200CE.NFO,07/01/2020,12:37:46,21.05,20.5,600,21.4,200,0,20600
BRITANNIA30JAN203200CE.NFO,07/01/2020,12:38:04,21.05,20.5,600,21.45,200,0,20600
BRITANNIA30JAN203200CE.NFO,07/01/2020,12:38:08,21.05,20.5,600,21.35,200,0,20600
BRITANNIA30JAN203200CE.NFO,07/01/2020,12:38:26,21.05,20.5,600,21.3,200,0,20600
BRITANNIA30JAN203200CE.NFO,07/01/2020,12:39:13,21.05,20.5,200,21.15,200,0,20600
BRITANNIA30JAN203200CE.NFO,07/01/2020,12:39:16,21.05,20.4,400,21,200,0,20600
BRITANNIA30JAN203200CE.NFO,07/01/2020,12:39:23,21.05,20.4,400,21.15,200,0,20600
BRITANNIA30JAN203200CE.NFO,07/01/2020,12:39:29,21.05,20.3,600,21,200,0,20600
BRITANNIA30JAN203200CE.NFO,07/01/2020,12:39:32,21.05,20.3,600,21,600,0,20600
BRITANNIA30JAN203200CE.NFO,07/01/2020,12:39:34,21.05,20.3,600,20.85,400,0,20600
BRITANNIA30JAN203200CE.NFO,07/01/2020,12:39:42,21.05,20.3,400,20.85,400,0,20600
BRITANNIA30JAN203200CE.NFO,07/01/2020,12:39:50,21.05,20.3,600,20.85,400,0,20600
BRITANNIA30JAN203200CE.NFO,07/01/2020,12:39:54,21.05,20.3,600,21,200,0,20600
BRITANNIA30JAN203200CE.NFO,07/01/2020,12:39:57,21.05,20.3,600,21.05,200,0,20600
BRITANNIA30JAN203200CE.NFO,07/01/2020,12:39:59,21.05,20.4,200,21.1,400,0,20600
BRITANNIA30JAN203200CE.NFO,07/01/2020,12:40:11,21.05,20.4,200,21.1,200,0,20600
BRITANNIA30JAN203200CE.NFO,07/01/2020,12:40:21,21.05,20.4,200,21.05,400,0,20600
BRITANNIA30JAN203200CE.NFO,07/01/2020,12:40:24,21.05,20.4,200,21.05,200,0,20600
BRITANNIA30JAN203200CE.NFO,07/01/2020,12:40:30,21.05,20.4,200,21.1,400,0,20600
BRITANNIA30JAN203200CE.NFO,07/01/2020,12:40:45,21.05,20.4,200,21.1,200,0,20600
BRITANNIA30JAN203200CE.NFO,07/01/2020,12:40:51,21.05,20.6,200,21.3,200,0,20600
BRITANNIA30JAN203200CE.NFO,07/01/2020,12:41:00,21.05,20.6,200,21.35,400,0,20600
BRITANNIA30JAN203200CE.NFO,07/01/2020,12:41:16,21.05,20.7,200,21.45,400,0,20600
BRITANNIA30JAN203200CE.NFO,07/01/2020,12:41:43,21.05,20.7,200,21.35,400,0,20600
BRITANNIA30JAN203200CE.NFO,07/01/2020,12:41:59,21.05,20.65,200,21.35,200,0,20600
BRITANNIA30JAN203200CE.NFO,07/01/2020,12:42:08,21.05,20.65,200,21.3,200,0,20600
BRITANNIA30JAN203200CE.NFO,07/01/2020,12:42:26,21.05,20.65,200,21.3,400,0,20600
BRITANNIA30JAN203200CE.NFO,07/01/2020,12:42:35,21.05,20.6,200,21.2,400,0,20600
BRITANNIA30JAN203200CE.NFO,07/01/2020,12:42:39,21.05,20.55,200,21.15,400,0,20600
BRITANNIA30JAN203200CE.NFO,07/01/2020,12:42:42,21.05,20.55,200,21.15,200,0,20600
BRITANNIA30JAN203200CE.NFO,07/01/2020,12:42:46,21.05,20.6,400,21.15,200,0,20600
BRITANNIA30JAN203200CE.NFO,07/01/2020,12:42:49,21.05,20.55,200,21.15,200,0,20600
BRITANNIA30JAN203200CE.NFO,07/01/2020,12:42:55,21.05,20.6,200,21.15,200,0,20600
BRITANNIA30JAN203200CE.NFO,07/01/2020,12:43:08,21.05,20.6,400,21.2,200,0,20600
BRITANNIA30JAN203200CE.NFO,07/01/2020,12:43:23,21.05,20.65,200,21.2,200,0,20600
BRITANNIA30JAN203200CE.NFO,07/01/2020,12:43:27,21.05,20.65,400,21.2,200,0,20600
BRITANNIA30JAN203200CE.NFO,07/01/2020,12:43:32,21.05,20.65,400,21.25,200,0,20600
BRITANNIA30JAN203200CE.NFO,07/01/2020,12:43:34,21.05,20.6,200,21.2,400,0,20600
BRITANNIA30JAN203200CE.NFO,07/01/2020,12:43:36,21.05,20.65,400,21.2,200,0,20600
BRITANNIA30JAN203200CE.NFO,07/01/2020,12:43:42,21.05,20.65,400,21.4,200,0,20600
BRITANNIA30JAN203200CE.NFO,07/01/2020,12:43:45,21.05,20.75,400,21.45,200,0,20600
BRITANNIA30JAN203200CE.NFO,07/01/2020,12:43:48,21.05,20.75,400,21.45,400,0,20600
BRITANNIA30JAN203200CE.NFO,07/01/2020,12:43:50,21.05,20.75,400,21.45,200,0,20600
BRITANNIA30JAN203200CE.NFO,07/01/2020,12:44:02,21.05,20.75,400,21.5,400,0,20600
BRITANNIA30JAN203200CE.NFO,07/01/2020,12:44:08,21.05,20.75,200,21.35,400,0,20600
BRITANNIA30JAN203200CE.NFO,07/01/2020,12:44:11,21.05,20.75,200,21.35,200,0,20600
BRITANNIA30JAN203200CE.NFO,07/01/2020,12:44:22,21.05,20.8,200,21.35,200,0,20600
BRITANNIA30JAN203200CE.NFO,07/01/2020,12:44:35,21.05,20.7,200,21.35,400,0,20600
BRITANNIA30JAN203200CE.NFO,07/01/2020,12:44:42,21.05,20.75,400,21.35,200,0,20600
BRITANNIA30JAN203200CE.NFO,07/01/2020,12:44:44,21.05,20.7,200,21.3,200,0,20600
BRITANNIA30JAN203200CE.NFO,07/01/2020,12:44:48,21.05,20.75,200,21.3,200,0,20600
BRITANNIA30JAN203200CE.NFO,07/01/2020,12:44:54,21.05,20.7,200,21.25,200,0,20600
BRITANNIA30JAN203200CE.NFO,07/01/2020,12:44:56,21.05,20.75,200,21.3,200,0,20600
BRITANNIA30JAN203200CE.NFO,07/01/2020,12:45:05,21.05,20.75,400,21.3,200,0,20600
BRITANNIA30JAN203200CE.NFO,07/01/2020,12:45:07,21.05,20.75,200,21.3,200,0,20600
BRITANNIA30JAN203200CE.NFO,07/01/2020,12:45:25,21.05,20.75,400,21.5,200,0,20600
BRITANNIA30JAN203200CE.NFO,07/01/2020,12:46:01,21.05,20.75,400,21.4,200,0,20600
BRITANNIA30JAN203200CE.NFO,07/01/2020,12:46:10,21.05,20.65,400,21.25,200,0,20600
BRITANNIA30JAN203200CE.NFO,07/01/2020,12:46:16,21.05,20.7,200,21.25,200,0,20600
BRITANNIA30JAN203200CE.NFO,07/01/2020,12:46:34,21.05,20.45,200,21,200,0,20600
BRITANNIA30JAN203200CE.NFO,07/01/2020,12:46:40,21.05,20.75,200,21,200,0,20600
BRITANNIA30JAN203200CE.NFO,07/01/2020,12:46:47,21.05,20.85,200,21.4,200,0,20600
BRITANNIA30JAN203200CE.NFO,07/01/2020,12:46:50,21.05,20.85,200,21.35,200,0,20600
BRITANNIA30JAN203200CE.NFO,07/01/2020,12:47:28,21.45,21.75,200,22.5,200,400,20600
BRITANNIA30JAN203200CE.NFO,07/01/2020,12:47:28,21.45,21.75,200,22.5,200,0,20600
BRITANNIA30JAN203200CE.NFO,07/01/2020,12:47:32,21.45,21.75,200,22.45,200,0,20600
BRITANNIA30JAN203200CE.NFO,07/01/2020,12:47:36,22.5,22.15,200,23.35,400,200,20600
BRITANNIA30JAN203200CE.NFO,07/01/2020,12:47:36,22.5,22.15,200,23.35,400,0,20600
BRITANNIA30JAN203200CE.NFO,07/01/2020,12:47:40,22.5,22.25,200,23.05,200,0,20600
BRITANNIA30JAN203200CE.NFO,07/01/2020,12:47:44,22.5,22.25,200,22.85,400,0,20600
BRITANNIA30JAN203200CE.NFO,07/01/2020,12:47:47,22.5,22.25,200,22.7,200,0,20600
BRITANNIA30JAN203200CE.NFO,07/01/2020,12:47:51,22.5,22.25,200,22.65,200,0,20600
BRITANNIA30JAN203200CE.NFO,07/01/2020,12:47:53,22.5,22.15,200,22.4,200,0,20600
BRITANNIA30JAN203200CE.NFO,07/01/2020,12:48:03,22.5,22.15,200,22.35,200,0,20600
BRITANNIA30JAN203200CE.NFO,07/01/2020,12:48:08,22.5,22.1,200,22.7,200,0,20600
BRITANNIA30JAN203200CE.NFO,07/01/2020,12:48:13,22.5,22.1,200,22.5,200,0,20600
BRITANNIA30JAN203200CE.NFO,07/01/2020,12:48:19,22.5,22.1,200,22.55,200,0,20600
BRITANNIA30JAN203200CE.NFO,07/01/2020,12:48:28,22.5,22.3,200,22.55,200,0,20600
BRITANNIA30JAN203200CE.NFO,07/01/2020,12:48:35,22.5,22.25,200,22.4,200,0,20600
BRITANNIA30JAN203200CE.NFO,07/01/2020,12:48:38,22.5,22.25,200,22.5,200,0,20600
BRITANNIA30JAN203200CE.NFO,07/01/2020,12:48:41,22.5,22.2,200,22.5,200,0,20600
BRITANNIA30JAN203200CE.NFO,07/01/2020,12:48:44,22.5,22.2,200,22.65,200,0,20600
BRITANNIA30JAN203200CE.NFO,07/01/2020,12:48:53,22.5,22.2,200,22.7,400,0,20600
BRITANNIA30JAN203200CE.NFO,07/01/2020,12:48:56,22.5,22.2,200,22.55,200,0,20600
BRITANNIA30JAN203200CE.NFO,07/01/2020,12:48:59,22.5,22.1,200,22.35,200,0,20600
BRITANNIA30JAN203200CE.NFO,07/01/2020,12:49:03,22.5,22.05,200,22.35,200,0,20600
BRITANNIA30JAN203200CE.NFO,07/01/2020,12:49:11,22.5,22.15,200,22.5,200,0,20600
BRITANNIA30JAN203200CE.NFO,07/01/2020,12:49:42,22.5,22.15,200,22.7,200,0,20600
BRITANNIA30JAN203200CE.NFO,07/01/2020,12:49:43,22.5,22.15,200,22.75,200,0,20600
BRITANNIA30JAN203200CE.NFO,07/01/2020,12:49:51,22.5,22.3,200,22.85,200,0,20600
BRITANNIA30JAN203200CE.NFO,07/01/2020,12:49:58,22.5,22.3,200,22.8,200,0,20600
BRITANNIA30JAN203200CE.NFO,07/01/2020,12:50:01,22.5,22.1,200,22.7,600,0,20600
BRITANNIA30JAN203200CE.NFO,07/01/2020,12:50:03,22.5,22.15,200,22.7,200,0,20600
BRITANNIA30JAN203200CE.NFO,07/01/2020,12:50:06,22.5,22.05,200,22.55,400,0,20600
BRITANNIA30JAN203200CE.NFO,07/01/2020,12:50:11,22.5,22.05,200,22.45,200,0,20600
BRITANNIA30JAN203200CE.NFO,07/01/2020,12:50:16,22.5,21.9,200,22.45,400,0,20600
BRITANNIA30JAN203200CE.NFO,07/01/2020,12:50:20,22.5,21.75,200,22.45,400,0,20600
BRITANNIA30JAN203200CE.NFO,07/01/2020,12:50:31,22.5,21.45,200,22,400,0,20600
BRITANNIA30JAN203200CE.NFO,07/01/2020,12:50:34,22.5,21.45,400,22.1,400,0,20600
BRITANNIA30JAN203200CE.NFO,07/01/2020,12:50:41,22.5,21.5,200,21.95,200,0,20600
BRITANNIA30JAN203200CE.NFO,07/01/2020,12:50:44,22.5,21.5,200,21.9,200,0,20600
BRITANNIA30JAN203200CE.NFO,07/01/2020,12:51:20,21.9,21.5,200,21.95,200,200,20800
BRITANNIA30JAN203200CE.NFO,07/01/2020,12:51:23,21.9,21.6,200,22,200,0,20800
BRITANNIA30JAN203200CE.NFO,07/01/2020,12:51:30,21.9,21.6,200,22.05,200,0,20800
BRITANNIA30JAN203200CE.NFO,07/01/2020,12:51:33,21.9,21.6,200,22.25,400,0,20800
BRITANNIA30JAN203200CE.NFO,07/01/2020,12:51:37,21.9,21.9,200,22.45,200,0,20800
BRITANNIA30JAN203200CE.NFO,07/01/2020,12:51:39,21.9,21.9,200,22.5,200,0,20800
BRITANNIA30JAN203200CE.NFO,07/01/2020,12:51:42,21.9,21.9,200,22.4,200,0,20800
BRITANNIA30JAN203200CE.NFO,07/01/2020,12:51:50,21.9,21.9,200,22.35,200,0,20800
BRITANNIA30JAN203200CE.NFO,07/01/2020,12:51:54,21.9,22,200,22.45,200,0,20800
BRITANNIA30JAN203200CE.NFO,07/01/2020,12:52:16,21.9,22.1,200,22.45,200,0,20800
BRITANNIA30JAN203200CE.NFO,07/01/2020,12:52:47,21.95,21.85,200,22,1200,600,20800
BRITANNIA30JAN203200CE.NFO,07/01/2020,12:52:49,21.95,21.85,200,21.9,1200,0,20800
BRITANNIA30JAN203200CE.NFO,07/01/2020,12:52:52,21.8,21.7,200,22.4,400,400,20800
BRITANNIA30JAN203200CE.NFO,07/01/2020,12:52:54,21.8,21.7,200,22.4,400,0,20800
BRITANNIA30JAN203200CE.NFO,07/01/2020,12:52:56,21.8,21.65,400,22.4,400,0,20800
BRITANNIA30JAN203200CE.NFO,07/01/2020,12:52:59,21.8,21.65,600,22.4,400,0,20800
BRITANNIA30JAN203200CE.NFO,07/01/2020,12:53:01,21.8,21.65,400,22.4,400,0,20800
BRITANNIA30JAN203200CE.NFO,07/01/2020,12:53:04,21.8,21.65,200,22.3,400,0,20800
BRITANNIA30JAN203200CE.NFO,07/01/2020,12:53:09,21.8,21.7,200,22.3,400,0,20800
BRITANNIA30JAN203200CE.NFO,07/01/2020,12:54:02,21.8,21.75,200,22.2,200,0,20800
BRITANNIA30JAN203200CE.NFO,07/01/2020,12:54:23,21.8,21.5,400,22.1,200,0,20800
BRITANNIA30JAN203200CE.NFO,07/01/2020,12:54:30,21.8,21.5,400,22.15,200,0,20800
BRITANNIA30JAN203200CE.NFO,07/01/2020,12:54:35,21.8,21.55,200,22.15,200,0,20800
BRITANNIA30JAN203200CE.NFO,07/01/2020,12:54:43,21.8,21.55,400,22.15,200,0,20800
BRITANNIA30JAN203200CE.NFO,07/01/2020,12:54:45,21.8,21.5,400,22.15,200,0,20800
BRITANNIA30JAN203200CE.NFO,07/01/2020,12:54:52,21.8,21.55,400,22.15,200,0,20800
BRITANNIA30JAN203200CE.NFO,07/01/2020,12:54:56,21.8,21.55,200,22.15,200,0,20800
BRITANNIA30JAN203200CE.NFO,07/01/2020,12:54:59,21.8,21.5,200,22.15,200,0,20800
BRITANNIA30JAN203200CE.NFO,07/01/2020,12:55:03,21.8,21.5,200,22.05,200,0,20800
BRITANNIA30JAN203200CE.NFO,07/01/2020,12:55:06,21.8,21.5,200,22.1,400,0,20800
BRITANNIA30JAN203200CE.NFO,07/01/2020,12:55:09,21.8,21.55,200,22.1,400,0,20800
BRITANNIA30JAN203200CE.NFO,07/01/2020,12:55:20,21.8,21.5,400,22.1,400,0,20800
BRITANNIA30JAN203200CE.NFO,07/01/2020,12:55:25,21.8,21.5,200,22.1,400,0,20800
BRITANNIA30JAN203200CE.NFO,07/01/2020,12:55:40,21.8,21.4,200,21.9,200,0,20800
BRITANNIA30JAN203200CE.NFO,07/01/2020,12:55:47,21.8,21.4,200,21.95,200,0,20800
BRITANNIA30JAN203200CE.NFO,07/01/2020,12:55:50,21.8,21.35,200,21.95,200,0,20800
BRITANNIA30JAN203200CE.NFO,07/01/2020,12:55:52,21.8,21.35,200,21.85,200,0,20800
BRITANNIA30JAN203200CE.NFO,07/01/2020,12:55:58,21.8,21.2,200,21.8,200,0,20800
BRITANNIA30JAN203200CE.NFO,07/01/2020,12:56:02,21.8,21.25,200,21.8,200,0,20800
BRITANNIA30JAN203200CE.NFO,07/01/2020,12:56:20,21.8,21.15,400,21.8,400,0,20800
BRITANNIA30JAN203200CE.NFO,07/01/2020,12:56:28,21.8,21.15,200,21.8,400,0,20800
BRITANNIA30JAN203200CE.NFO,07/01/2020,12:56:34,21.8,21.45,200,21.8,200,0,20800
BRITANNIA30JAN203200CE.NFO,07/01/2020,12:56:41,21.6,21.25,400,21.8,200,200,21400
BRITANNIA30JAN203200CE.NFO,07/01/2020,12:56:43,21.6,21.25,400,21.8,200,0,21400
BRITANNIA30JAN203200CE.NFO,07/01/2020,12:56:59,21.6,21.35,200,21.95,200,0,21400
BRITANNIA30JAN203200CE.NFO,07/01/2020,12:57:00,21.6,21.35,200,21.9,200,0,21400
BRITANNIA30JAN203200CE.NFO,07/01/2020,12:57:25,21.6,21.45,200,21.85,200,0,21400
BRITANNIA30JAN203200CE.NFO,07/01/2020,12:57:47,21.6,21.45,200,21.95,200,0,21400
BRITANNIA30JAN203200CE.NFO,07/01/2020,12:57:48,21.6,21.45,200,21.9,200,0,21400
BRITANNIA30JAN203200CE.NFO,07/01/2020,12:57:50,21.6,21.45,200,21.95,200,0,21400
BRITANNIA30JAN203200CE.NFO,07/01/2020,12:57:54,21.6,21.45,200,21.9,200,0,21400
BRITANNIA30JAN203200CE.NFO,07/01/2020,12:57:55,21.6,21.45,200,21.95,200,0,21400
BRITANNIA30JAN203200CE.NFO,07/01/2020,12:58:08,21.6,21.45,200,21.9,200,0,21400
BRITANNIA30JAN203200CE.NFO,07/01/2020,12:58:17,21.6,21.45,200,22.15,600,0,21400
BRITANNIA30JAN203200CE.NFO,07/01/2020,12:58:21,21.6,21.45,200,22,200,0,21400
BRITANNIA30JAN203200CE.NFO,07/01/2020,12:58:28,21.6,21.45,200,22.25,600,0,21400
BRITANNIA30JAN203200CE.NFO,07/01/2020,12:59:47,21.6,21.45,200,22.25,800,0,21400
BRITANNIA30JAN203200CE.NFO,07/01/2020,12:59:50,21.6,21.45,200,22.25,1000,0,21400
BRITANNIA30JAN203200CE.NFO,07/01/2020,12:59:54,21.6,21.45,200,22,200,0,21400
BRITANNIA30JAN203200CE.NFO,07/01/2020,13:00:15,21.6,21.5,200,21.95,200,200,21200
BRITANNIA30JAN203200CE.NFO,07/01/2020,13:00:23,21.6,21.5,200,22.05,400,0,21200
BRITANNIA30JAN203200CE.NFO,07/01/2020,13:00:34,21.6,21.5,200,21.95,200,0,21200
BRITANNIA30JAN203200CE.NFO,07/01/2020,13:00:39,21.6,21.5,200,22,200,0,21200
BRITANNIA30JAN203200CE.NFO,07/01/2020,13:00:49,21.6,21.5,200,21.85,200,0,21200
BRITANNIA30JAN203200CE.NFO,07/01/2020,13:00:54,21.6,21.45,200,21.95,200,0,21200
BRITANNIA30JAN203200CE.NFO,07/01/2020,13:01:04,21.6,21.35,200,21.85,200,0,21200
BRITANNIA30JAN203200CE.NFO,07/01/2020,13:01:16,21.6,21.35,200,21.8,200,0,21200
BRITANNIA30JAN203200CE.NFO,07/01/2020,13:01:21,21.6,21.25,200,21.7,200,0,21200
BRITANNIA30JAN203200CE.NFO,07/01/2020,13:01:27,21.6,20.85,200,21.65,400,0,21200
BRITANNIA30JAN203200CE.NFO,07/01/2020,13:01:33,21.6,20.85,200,21.45,200,0,21200
BRITANNIA30JAN203200CE.NFO,07/01/2020,13:01:39,21.6,20.8,200,21.4,400,0,21200
BRITANNIA30JAN203200CE.NFO,07/01/2020,13:01:45,21.6,20.65,200,21.3,200,0,21200
BRITANNIA30JAN203200CE.NFO,07/01/2020,13:01:49,21.6,20.75,200,21.35,400,0,21200
BRITANNIA30JAN203200CE.NFO,07/01/2020,13:01:54,21.6,20.75,200,21.3,200,0,21200
BRITANNIA30JAN203200CE.NFO,07/01/2020,13:02:00,21.6,20.95,200,21.5,200,0,21200
BRITANNIA30JAN203200CE.NFO,07/01/2020,13:02:06,21.6,20.9,200,21.55,400,0,21200
BRITANNIA30JAN203200CE.NFO,07/01/2020,13:02:11,21.6,20.85,200,21.5,200,0,21200
BRITANNIA30JAN203200CE.NFO,07/01/2020,13:02:24,21.6,20.8,200,21.4,200,0,21200
BRITANNIA30JAN203200CE.NFO,07/01/2020,13:02:30,21.6,20.8,200,21.35,200,0,21200
BRITANNIA30JAN203200CE.NFO,07/01/2020,13:02:35,21.6,20.8,200,21.4,200,0,21200
BRITANNIA30JAN203200CE.NFO,07/01/2020,13:03:00,21.6,20.85,400,21.45,200,0,21200
BRITANNIA30JAN203200CE.NFO,07/01/2020,13:03:11,21.6,20.85,400,21.5,200,0,21200
BRITANNIA30JAN203200CE.NFO,07/01/2020,13:03:30,21.6,20.85,400,21.55,200,0,21200
BRITANNIA30JAN203200CE.NFO,07/01/2020,13:03:37,21.6,20.85,400,21.65,200,0,21200
BRITANNIA30JAN203200CE.NFO,07/01/2020,13:03:45,21.6,20.85,400,21.65,400,0,21200
BRITANNIA30JAN203200CE.NFO,07/01/2020,13:03:49,21.6,20.85,400,21.55,200,0,21200
BRITANNIA30JAN203200CE.NFO,07/01/2020,13:04:41,21.6,20.85,200,21.55,200,0,21200
BRITANNIA30JAN203200CE.NFO,07/01/2020,13:04:44,21.6,20.85,200,21.55,400,0,21200
BRITANNIA30JAN203200CE.NFO,07/01/2020,13:05:02,21.6,20.9,200,21.55,400,0,21200
BRITANNIA30JAN203200CE.NFO,07/01/2020,13:05:09,21.6,20.85,200,21.55,400,0,21200
BRITANNIA30JAN203200CE.NFO,07/01/2020,13:05:54,21.6,20.75,200,21.4,400,0,21200
BRITANNIA30JAN203200CE.NFO,07/01/2020,13:06:20,21.6,20.7,200,21.4,400,0,21200
BRITANNIA30JAN203200CE.NFO,07/01/2020,13:06:30,21.6,20.55,200,21.15,200,0,21200
BRITANNIA30JAN203200CE.NFO,07/01/2020,13:06:34,21.6,20.5,200,21.15,200,0,21200
BRITANNIA30JAN203200CE.NFO,07/01/2020,13:06:39,21.6,20.55,200,21.15,200,0,21200
BRITANNIA30JAN203200CE.NFO,07/01/2020,13:06:48,21.6,20.5,200,21.15,200,0,21200
BRITANNIA30JAN203200CE.NFO,07/01/2020,13:06:53,21.6,20.45,400,21.1,200,0,21200
BRITANNIA30JAN203200CE.NFO,07/01/2020,13:06:58,21.6,20.45,200,21.1,200,0,21200
BRITANNIA30JAN203200CE.NFO,07/01/2020,13:07:03,21.6,20.5,200,21.1,200,0,21200
BRITANNIA30JAN203200CE.NFO,07/01/2020,13:07:07,21.6,20.5,400,21.1,200,0,21200
BRITANNIA30JAN203200CE.NFO,07/01/2020,13:07:18,21.6,20.45,200,21.1,200,0,21200
BRITANNIA30JAN203200CE.NFO,07/01/2020,13:07:31,21.6,20.45,200,21.15,200,0,21200
BRITANNIA30JAN203200CE.NFO,07/01/2020,13:07:50,21.6,20.45,200,21.05,200,0,21200
BRITANNIA30JAN203200CE.NFO,07/01/2020,13:07:55,21.6,20.45,200,21,400,0,21200
BRITANNIA30JAN203200CE.NFO,07/01/2020,13:08:12,21.6,20.45,200,21.05,200,0,21200
BRITANNIA30JAN203200CE.NFO,07/01/2020,13:08:25,21.6,20.3,400,20.85,200,0,21200
BRITANNIA30JAN203200CE.NFO,07/01/2020,13:08:32,21.6,20.3,200,20.75,400,0,21200
BRITANNIA30JAN203200CE.NFO,07/01/2020,13:08:40,21.6,20.3,200,20.8,200,0,21200
BRITANNIA30JAN203200CE.NFO,07/01/2020,13:08:45,20.2,19.55,400,20.1,200,400,21200
BRITANNIA30JAN203200CE.NFO,07/01/2020,13:08:52,20.15,19.85,200,20.4,200,200,21200
BRITANNIA30JAN203200CE.NFO,07/01/2020,13:08:57,20.15,20,200,20.5,200,0,21200
BRITANNIA30JAN203200CE.NFO,07/01/2020,13:09:02,20.15,20.05,200,20.5,200,0,21200
BRITANNIA30JAN203200CE.NFO,07/01/2020,13:09:07,20.15,19.85,200,20.2,200,0,21200
BRITANNIA30JAN203200CE.NFO,07/01/2020,13:09:14,20.15,19.8,200,20.3,200,0,21200
BRITANNIA30JAN203200CE.NFO,07/01/2020,13:09:27,20.15,19.8,400,20.35,200,0,21200
BRITANNIA30JAN203200CE.NFO,07/01/2020,13:09:33,20.15,19.75,200,20.25,200,0,21200
BRITANNIA30JAN203200CE.NFO,07/01/2020,13:09:45,20.15,19.75,400,20.35,400,0,21200
BRITANNIA30JAN203200CE.NFO,07/01/2020,13:10:28,20.15,19.75,400,20.5,200,0,21200
BRITANNIA30JAN203200CE.NFO,07/01/2020,13:10:42,20.15,19.85,200,20.5,400,0,21200
BRITANNIA30JAN203200CE.NFO,07/01/2020,13:10:46,20.15,19.85,200,20.5,200,0,21200
BRITANNIA30JAN203200CE.NFO,07/01/2020,13:11:31,20.15,19.95,200,20.6,200,0,21200
BRITANNIA30JAN203200CE.NFO,07/01/2020,13:11:36,20.15,20.1,200,20.6,200,0,21200
BRITANNIA30JAN203200CE.NFO,07/01/2020,13:11:40,20.15,20.05,200,20.75,400,0,21200
BRITANNIA30JAN203200CE.NFO,07/01/2020,13:11:49,20.15,20,200,20.75,400,0,21200
BRITANNIA30JAN203200CE.NFO,07/01/2020,13:11:53,20.15,20,200,20.75,200,0,21200
BRITANNIA30JAN203200CE.NFO,07/01/2020,13:12:15,20.15,20,200,20.8,200,0,21200
BRITANNIA30JAN203200CE.NFO,07/01/2020,13:12:55,20.15,19.8,400,20.5,200,0,21200
BRITANNIA30JAN203200CE.NFO,07/01/2020,13:12:58,20.15,20,200,20.5,200,0,21200
BRITANNIA30JAN203200CE.NFO,07/01/2020,13:13:02,20.15,19.95,200,20.5,200,0,21200
BRITANNIA30JAN203200CE.NFO,07/01/2020,13:13:08,20.15,19.9,400,20.5,200,0,21200
BRITANNIA30JAN203200CE.NFO,07/01/2020,13:13:14,20.15,19.9,400,20.55,400,0,21200
BRITANNIA30JAN203200CE.NFO,07/01/2020,13:13:18,20.15,19.9,400,20.55,200,0,21200
BRITANNIA30JAN203200CE.NFO,07/01/2020,13:13:31,20.15,19.9,200,20.45,400,0,21200
BRITANNIA30JAN203200CE.NFO,07/01/2020,13:13:35,20.15,19.9,200,20.45,200,0,21200
BRITANNIA30JAN203200CE.NFO,07/01/2020,13:14:03,20.15,19.95,400,20.45,200,0,21200
BRITANNIA30JAN203200CE.NFO,07/01/2020,13:14:08,20.15,19.9,200,20.4,200,0,21200
BRITANNIA30JAN203200CE.NFO,07/01/2020,13:14:20,20.15,19.9,200,20.55,200,0,21200
BRITANNIA30JAN203200CE.NFO,07/01/2020,13:14:32,20.15,19.9,200,20.55,400,0,21200
BRITANNIA30JAN203200CE.NFO,07/01/2020,13:14:35,20.15,19.9,200,20.55,200,0,21200
BRITANNIA30JAN203200CE.NFO,07/01/2020,13:14:39,20.15,19.9,200,20.55,400,0,21200
BRITANNIA30JAN203200CE.NFO,07/01/2020,13:14:51,20.15,19.9,200,20.6,200,0,21200
BRITANNIA30JAN203200CE.NFO,07/01/2020,13:14:55,20.15,19.9,200,20.55,400,0,21200
BRITANNIA30JAN203200CE.NFO,07/01/2020,13:15:04,20.15,19.8,400,20.4,200,0,21200
BRITANNIA30JAN203200CE.NFO,07/01/2020,13:15:19,20.15,19.8,400,20.4,400,0,21200
BRITANNIA30JAN203200CE.NFO,07/01/2020,13:15:27,20.15,19.8,200,20.3,400,0,21200
BRITANNIA30JAN203200CE.NFO,07/01/2020,13:15:45,20.15,19.85,200,20.45,200,0,21200
BRITANNIA30JAN203200CE.NFO,07/01/2020,13:15:51,20.15,19.85,200,20.55,200,0,21200
BRITANNIA30JAN203200CE.NFO,07/01/2020,13:16:07,20.15,19.85,200,20.85,200,0,21200
BRITANNIA30JAN203200CE.NFO,07/01/2020,13:16:18,20.15,19.85,200,20.55,200,0,21200
BRITANNIA30JAN203200CE.NFO,07/01/2020,13:16:24,20.15,19.85,200,20.7,600,0,21200
BRITANNIA30JAN203200CE.NFO,07/01/2020,13:16:33,20.15,19.85,200,20.7,200,0,21200
BRITANNIA30JAN203200CE.NFO,07/01/2020,13:16:47,20.15,19.85,200,20.6,200,0,21200
BRITANNIA30JAN203200CE.NFO,07/01/2020,13:17:23,20.15,19.85,200,20.6,400,0,21200
BRITANNIA30JAN203200CE.NFO,07/01/2020,13:17:29,20.15,19.85,200,20.55,400,0,21200
BRITANNIA30JAN203200CE.NFO,07/01/2020,13:17:36,20.15,19.85,200,20.55,600,0,21200
BRITANNIA30JAN203200CE.NFO,07/01/2020,13:17:57,20.15,19.85,200,20.55,400,0,21200
BRITANNIA30JAN203200CE.NFO,07/01/2020,13:18:11,20.15,19.85,200,20.5,400,0,21200
BRITANNIA30JAN203200CE.NFO,07/01/2020,13:18:16,20.15,19.85,200,20.4,200,0,21200
BRITANNIA30JAN203200CE.NFO,07/01/2020,13:18:21,20.15,19.95,200,20.5,200,0,21200
BRITANNIA30JAN203200CE.NFO,07/01/2020,13:18:47,20.15,19.95,400,21.15,200,0,21200
BRITANNIA30JAN203200CE.NFO,07/01/2020,13:18:51,20.15,20.3,200,21.1,400,0,21200
BRITANNIA30JAN203200CE.NFO,07/01/2020,13:19:03,20.15,20.25,200,20.95,200,0,21200
BRITANNIA30JAN203200CE.NFO,07/01/2020,13:19:09,20.15,20.25,200,20.9,200,0,21200
BRITANNIA30JAN203200CE.NFO,07/01/2020,13:19:14,20.15,20.25,200,20.95,200,0,21200
BRITANNIA30JAN203200CE.NFO,07/01/2020,13:19:23,20.15,20.25,200,21.2,400,0,21200
BRITANNIA30JAN203200CE.NFO,07/01/2020,13:19:27,20.15,20.25,200,21.1,200,0,21200
BRITANNIA30JAN203200CE.NFO,07/01/2020,13:20:32,20.15,20.15,200,20.85,400,0,21200
BRITANNIA30JAN203200CE.NFO,07/01/2020,13:20:39,20.15,20.15,200,20.85,200,0,21200
BRITANNIA30JAN203200CE.NFO,07/01/2020,13:21:16,20.15,20.15,200,20.8,200,0,21200
BRITANNIA30JAN203200CE.NFO,07/01/2020,13:21:24,20.15,20.15,200,20.9,200,0,21200
BRITANNIA30JAN203200CE.NFO,07/01/2020,13:21:29,20.15,20.15,200,20.85,200,0,21200
BRITANNIA30JAN203200CE.NFO,07/01/2020,13:21:57,20.15,20.15,200,20.95,200,0,21200
BRITANNIA30JAN203200CE.NFO,07/01/2020,13:22:09,20.15,20.1,200,20.9,200,200,21200
BRITANNIA30JAN203200CE.NFO,07/01/2020,13:22:13,20.15,20.1,200,20.9,200,0,21200
BRITANNIA30JAN203200CE.NFO,07/01/2020,13:22:18,20.15,20.2,200,21.05,200,0,21200
BRITANNIA30JAN203200CE.NFO,07/01/2020,13:22:57,20.15,20.2,200,21,200,0,21200
BRITANNIA30JAN203200CE.NFO,07/01/2020,13:23:05,20.15,20.2,200,20.85,200,0,21200
BRITANNIA30JAN203200CE.NFO,07/01/2020,13:23:09,20.15,20.2,200,20.9,200,0,21200
BRITANNIA30JAN203200CE.NFO,07/01/2020,13:23:14,20.15,20.2,200,20.85,400,0,21200
BRITANNIA30JAN203200CE.NFO,07/01/2020,13:23:19,20.15,20.2,200,20.9,200,0,21200
BRITANNIA30JAN203200CE.NFO,07/01/2020,13:23:29,20.15,20.2,200,21.1,400,0,21200
BRITANNIA30JAN203200CE.NFO,07/01/2020,13:23:34,20.15,20.2,200,21.1,200,0,21200
BRITANNIA30JAN203200CE.NFO,07/01/2020,13:23:43,20.15,20.2,200,21.15,200,0,21200
BRITANNIA30JAN203200CE.NFO,07/01/2020,13:23:47,20.15,20.2,200,21.05,200,0,21200
BRITANNIA30JAN203200CE.NFO,07/01/2020,13:23:57,20.15,20.2,200,21.05,400,0,21200
BRITANNIA30JAN203200CE.NFO,07/01/2020,13:24:17,20.15,20.4,200,21.05,200,0,21200
BRITANNIA30JAN203200CE.NFO,07/01/2020,13:24:21,20.15,20.4,200,21.25,400,0,21200
BRITANNIA30JAN203200CE.NFO,07/01/2020,13:24:27,20.15,20.4,200,21.15,400,0,21200
BRITANNIA30JAN203200CE.NFO,07/01/2020,13:24:49,20.15,20.35,200,21.15,200,0,21200
BRITANNIA30JAN203200CE.NFO,07/01/2020,13:25:05,20.15,20.35,200,21.05,200,0,21200
BRITANNIA30JAN203200CE.NFO,07/01/2020,13:25:16,20.15,20.55,200,21.05,200,0,21200
BRITANNIA30JAN203200CE.NFO,07/01/2020,13:25:21,20.15,20.4,200,21.05,200,0,21200
BRITANNIA30JAN203200CE.NFO,07/01/2020,13:25:59,20.15,20.4,200,21.2,200,0,21200
BRITANNIA30JAN203200CE.NFO,07/01/2020,13:26:07,20.15,20.35,400,21.1,200,0,21200
BRITANNIA30JAN203200CE.NFO,07/01/2020,13:26:11,20.15,20.35,200,21.1,200,0,21200
BRITANNIA30JAN203200CE.NFO,07/01/2020,13:26:17,20.15,20.35,400,21.1,200,0,21200
BRITANNIA30JAN203200CE.NFO,07/01/2020,13:26:21,20.15,20.55,200,21.1,200,0,21200
BRITANNIA30JAN203200CE.NFO,07/01/2020,13:26:32,20.15,20.5,200,21.1,200,0,21200
BRITANNIA30JAN203200CE.NFO,07/01/2020,13:26:41,20.15,20.45,600,21.05,200,0,21200
BRITANNIA30JAN203200CE.NFO,07/01/2020,13:26:46,20.15,20.45,400,21.2,200,0,21200
BRITANNIA30JAN203200CE.NFO,07/01/2020,13:26:49,20.15,20.45,400,21.25,200,0,21200
BRITANNIA30JAN203200CE.NFO,07/01/2020,13:26:57,20.15,20.45,400,21.25,400,0,21200
BRITANNIA30JAN203200CE.NFO,07/01/2020,13:27:41,20.15,20.45,400,21.1,200,0,21200
BRITANNIA30JAN203200CE.NFO,07/01/2020,13:27:46,20.15,20.3,200,20.8,200,0,21200
BRITANNIA30JAN203200CE.NFO,07/01/2020,13:27:51,20.15,20.05,200,20.5,200,0,21200
BRITANNIA30JAN203200CE.NFO,07/01/2020,13:27:57,20.15,19.95,200,20.45,200,0,21200
BRITANNIA30JAN203200CE.NFO,07/01/2020,13:28:03,20.45,19.95,400,20.5,200,200,21200
BRITANNIA30JAN203200CE.NFO,07/01/2020,13:28:07,20.45,19.9,400,20.5,200,0,21200
BRITANNIA30JAN203200CE.NFO,07/01/2020,13:28:12,20.45,19.85,200,20.5,200,0,21200
BRITANNIA30JAN203200CE.NFO,07/01/2020,13:28:17,20.45,19.8,200,20.5,200,0,21200
BRITANNIA30JAN203200CE.NFO,07/01/2020,13:28:21,20.45,19.95,200,20.5,200,0,21200
BRITANNIA30JAN203200CE.NFO,07/01/2020,13:28:25,20.5,20,200,20.6,200,200,21200
BRITANNIA30JAN203200CE.NFO,07/01/2020,13:28:29,20.5,19.95,400,20.6,200,0,21200
BRITANNIA30JAN203200CE.NFO,07/01/2020,13:28:33,20.5,19.95,400,20.55,400,0,21200
BRITANNIA30JAN203200CE.NFO,07/01/2020,13:28:36,20.5,19.95,400,20.55,200,0,21200
BRITANNIA30JAN203200CE.NFO,07/01/2020,13:28:40,20.5,19.85,200,20.45,200,0,21200
BRITANNIA30JAN203200CE.NFO,07/01/2020,13:28:45,20.5,19.9,200,20.5,200,0,21200
BRITANNIA30JAN203200CE.NFO,07/01/2020,13:28:51,20.5,19.9,400,20.5,200,0,21200
BRITANNIA30JAN203200CE.NFO,07/01/2020,13:28:59,20.5,19.65,200,20.25,200,0,21200
BRITANNIA30JAN203200CE.NFO,07/01/2020,13:29:24,20.5,19.95,200,20.5,200,0,21200
BRITANNIA30JAN203200CE.NFO,07/01/2020,13:29:30,20.5,20.05,200,20.5,200,0,21200
BRITANNIA30JAN203200CE.NFO,07/01/2020,13:29:37,20.5,20.05,200,20.55,200,0,21200
BRITANNIA30JAN203200CE.NFO,07/01/2020,13:29:45,20.5,20.15,200,20.6,200,0,21200
BRITANNIA30JAN203200CE.NFO,07/01/2020,13:29:50,20.5,20.15,200,20.5,200,0,21200
BRITANNIA30JAN203200CE.NFO,07/01/2020,13:29:57,20.5,20.15,200,20.6,200,0,21200
BRITANNIA30JAN203200CE.NFO,07/01/2020,13:30:04,20.5,20.25,200,20.75,200,0,21200
BRITANNIA30JAN203200CE.NFO,07/01/2020,13:30:10,20.5,20.25,200,20.65,200,0,21200
BRITANNIA30JAN203200CE.NFO,07/01/2020,13:30:29,20.5,20.2,200,20.65,200,0,21200
BRITANNIA30JAN203200CE.NFO,07/01/2020,13:30:40,20.5,20.2,200,20.55,200,0,21200
BRITANNIA30JAN203200CE.NFO,07/01/2020,13:30:45,20.5,20.2,200,20.7,200,0,21200
BRITANNIA30JAN203200CE.NFO,07/01/2020,13:30:52,20.5,20.2,200,20.6,200,0,21200
BRITANNIA30JAN203200CE.NFO,07/01/2020,13:30:58,20.5,20.2,200,20.7,200,0,21200
BRITANNIA30JAN203200CE.NFO,07/01/2020,13:31:05,20.5,19.9,200,20.6,200,0,21200
BRITANNIA30JAN203200CE.NFO,07/01/2020,13:31:18,20.5,20,400,20.5,200,0,21200
BRITANNIA30JAN203200CE.NFO,07/01/2020,13:31:35,20.5,20,400,20.7,400,0,21200
BRITANNIA30JAN203200CE.NFO,07/01/2020,13:31:56,20.5,20,400,20.75,200,0,21200
BRITANNIA30JAN203200CE.NFO,07/01/2020,13:32:10,20.5,20,400,20.65,200,0,21200
BRITANNIA30JAN203200CE.NFO,07/01/2020,13:32:23,20.5,20.1,200,20.6,200,0,21200
BRITANNIA30JAN203200CE.NFO,07/01/2020,13:32:43,20.5,20,400,20.4,200,0,21200
BRITANNIA30JAN203200CE.NFO,07/01/2020,13:32:55,20.5,20,400,20.35,200,0,21200
