Ticker,Date,Time,LTP,BuyPrice,BuyQty,SellPrice,SellQty,LTQ,OpenInterest
BRITANNIA30JAN203150CE.NFO,07/01/2020,09:35:26,28.75,26.85,200,29.4,200,200,7800
BRITANNIA30JAN203150CE.NFO,07/01/2020,09:35:26,28.75,26.85,200,29.4,200,0,7800
BRITANNIA30JAN203150CE.NFO,07/01/2020,09:35:26,28.75,26.85,200,29.4,200,0,7800
BRITANNIA30JAN203150CE.NFO,07/01/2020,09:35:26,28.75,26.85,200,29.4,200,0,7800
BRITANNIA30JAN203150CE.NFO,07/01/2020,09:35:32,28.75,27.75,200,29.4,200,0,7800
BRITANNIA30JAN203150CE.NFO,07/01/2020,09:35:37,28.75,27.9,200,29.4,200,0,7800
BRITANNIA30JAN203150CE.NFO,07/01/2020,09:35:44,28.75,27.9,400,29.4,200,0,7800
BRITANNIA30JAN203150CE.NFO,07/01/2020,09:35:58,28.75,27.9,400,30.4,200,0,7800
BRITANNIA30JAN203150CE.NFO,07/01/2020,09:36:04,28.75,27.9,400,29.9,200,0,7800
BRITANNIA30JAN203150CE.NFO,07/01/2020,09:36:15,28.75,27.9,400,31.2,200,0,7800
BRITANNIA30JAN203150CE.NFO,07/01/2020,09:36:21,28.75,29.25,200,31.2,200,0,7800
BRITANNIA30JAN203150CE.NFO,07/01/2020,09:36:27,28.75,29.35,200,31,200,0,7800
BRITANNIA30JAN203150CE.NFO,07/01/2020,09:36:52,28.75,29.25,200,31,200,0,7800
BRITANNIA30JAN203150CE.NFO,07/01/2020,09:37:02,28.75,29.3,400,31,200,0,7800
BRITANNIA30JAN203150CE.NFO,07/01/2020,09:37:17,28.75,29.3,400,30.8,200,0,7800
BRITANNIA30JAN203150CE.NFO,07/01/2020,09:37:22,28.75,28.5,200,30.65,200,0,7800
BRITANNIA30JAN203150CE.NFO,07/01/2020,09:37:27,28.75,28.75,200,30.25,200,0,7800
BRITANNIA30JAN203150CE.NFO,07/01/2020,09:37:32,28.75,28.6,200,30.25,200,0,7800
BRITANNIA30JAN203150CE.NFO,07/01/2020,09:37:37,28.75,28.75,200,30.25,200,0,7800
BRITANNIA30JAN203150CE.NFO,07/01/2020,09:37:56,28.75,28.75,400,30.25,200,0,7800
BRITANNIA30JAN203150CE.NFO,07/01/2020,09:38:00,28.75,28.75,200,30.25,200,0,7800
BRITANNIA30JAN203150CE.NFO,07/01/2020,09:38:15,28.75,28.75,400,30.25,200,0,7800
BRITANNIA30JAN203150CE.NFO,07/01/2020,09:38:48,28.75,28.65,200,29.85,200,0,7800
BRITANNIA30JAN203150CE.NFO,07/01/2020,09:39:33,28.75,28.65,200,29.95,200,0,7800
BRITANNIA30JAN203150CE.NFO,07/01/2020,09:39:42,28.75,28.75,200,29.95,200,0,7800
BRITANNIA30JAN203150CE.NFO,07/01/2020,09:39:52,28.75,28.65,200,29.95,200,0,7800
BRITANNIA30JAN203150CE.NFO,07/01/2020,09:39:56,28.75,28.7,200,29.85,200,0,7800
BRITANNIA30JAN203150CE.NFO,07/01/2020,09:40:00,28.75,28.65,200,29.85,200,0,7800
BRITANNIA30JAN203150CE.NFO,07/01/2020,09:40:06,28.75,28.7,200,29.85,200,0,7800
BRITANNIA30JAN203150CE.NFO,07/01/2020,09:40:28,28.75,28.6,200,29.85,200,0,7800
BRITANNIA30JAN203150CE.NFO,07/01/2020,09:40:33,28.75,28.55,200,29.85,200,0,7800
BRITANNIA30JAN203150CE.NFO,07/01/2020,09:40:48,28.75,28.7,200,29.75,200,0,7800
BRITANNIA30JAN203150CE.NFO,07/01/2020,09:41:18,28.75,28.35,200,29.35,200,0,7800
BRITANNIA30JAN203150CE.NFO,07/01/2020,09:41:23,28.75,27.6,200,28.75,200,0,7800
BRITANNIA30JAN203150CE.NFO,07/01/2020,09:41:28,28.75,27.65,200,28.65,200,0,7800
BRITANNIA30JAN203150CE.NFO,07/01/2020,09:41:33,28.75,27.85,400,28.9,200,0,7800
BRITANNIA30JAN203150CE.NFO,07/01/2020,09:41:37,28.75,28.1,400,29.2,400,0,7800
BRITANNIA30JAN203150CE.NFO,07/01/2020,09:41:42,28.75,28.4,200,29.4,400,0,7800
BRITANNIA30JAN203150CE.NFO,07/01/2020,09:41:46,28.75,28.05,200,29.4,400,0,7800
BRITANNIA30JAN203150CE.NFO,07/01/2020,09:41:52,28.75,28.15,200,29.4,400,0,7800
BRITANNIA30JAN203150CE.NFO,07/01/2020,09:41:58,28.75,27.85,200,29.2,400,0,7800
BRITANNIA30JAN203150CE.NFO,07/01/2020,09:42:04,28.75,27.65,400,28.65,200,0,7800
BRITANNIA30JAN203150CE.NFO,07/01/2020,09:42:11,28.75,27.85,200,28.7,400,0,7800
BRITANNIA30JAN203150CE.NFO,07/01/2020,09:42:24,28.75,27.65,200,28.7,400,0,7800
BRITANNIA30JAN203150CE.NFO,07/01/2020,09:42:31,28.75,27.65,200,28.5,400,0,7800
BRITANNIA30JAN203150CE.NFO,07/01/2020,09:42:39,28.75,27.5,200,28.5,400,0,7800
BRITANNIA30JAN203150CE.NFO,07/01/2020,09:42:45,28.75,27.45,200,28.5,400,0,7800
BRITANNIA30JAN203150CE.NFO,07/01/2020,09:42:51,28.75,26.85,200,28.5,400,0,7800
BRITANNIA30JAN203150CE.NFO,07/01/2020,09:42:57,28.75,26.9,400,28.5,400,0,7800
BRITANNIA30JAN203150CE.NFO,07/01/2020,09:43:03,28.75,27,200,28.5,400,0,7800
BRITANNIA30JAN203150CE.NFO,07/01/2020,09:43:15,28.75,27.15,200,28.15,200,0,7800
BRITANNIA30JAN203150CE.NFO,07/01/2020,09:43:20,28.75,27.3,200,28.3,200,0,7800
BRITANNIA30JAN203150CE.NFO,07/01/2020,09:43:25,28.75,27.5,200,28.5,400,0,7800
BRITANNIA30JAN203150CE.NFO,07/01/2020,09:43:30,28.75,27.45,200,28.5,400,0,7800
BRITANNIA30JAN203150CE.NFO,07/01/2020,09:43:39,28.75,27.4,200,28.5,400,0,7800
BRITANNIA30JAN203150CE.NFO,07/01/2020,09:43:44,28.75,27.25,200,28.5,400,0,7800
BRITANNIA30JAN203150CE.NFO,07/01/2020,09:43:49,28.75,27.5,200,28.5,200,0,7800
BRITANNIA30JAN203150CE.NFO,07/01/2020,09:43:54,28.75,27.5,400,28.55,200,0,7800
BRITANNIA30JAN203150CE.NFO,07/01/2020,09:44:05,28.75,27.5,400,28.65,400,0,7800
BRITANNIA30JAN203150CE.NFO,07/01/2020,09:44:11,28.75,27.45,200,28.45,200,0,7800
BRITANNIA30JAN203150CE.NFO,07/01/2020,09:44:16,28.75,27.55,400,28.55,200,0,7800
BRITANNIA30JAN203150CE.NFO,07/01/2020,09:44:27,28.75,27.2,400,28.45,400,0,7800
BRITANNIA30JAN203150CE.NFO,07/01/2020,09:44:32,28.75,27.45,200,28.55,400,0,7800
BRITANNIA30JAN203150CE.NFO,07/01/2020,09:44:37,28.75,27.5,200,28.55,400,0,7800
BRITANNIA30JAN203150CE.NFO,07/01/2020,09:44:49,28.75,27.55,200,28.55,400,0,7800
BRITANNIA30JAN203150CE.NFO,07/01/2020,09:44:54,28.75,27.5,200,28.55,400,0,7800
BRITANNIA30JAN203150CE.NFO,07/01/2020,09:45:00,28.75,27.25,400,28.55,400,0,7800
BRITANNIA30JAN203150CE.NFO,07/01/2020,09:45:11,28.75,27.3,200,28.8,200,0,7800
BRITANNIA30JAN203150CE.NFO,07/01/2020,09:45:18,28.75,27.7,200,28.6,200,0,7800
BRITANNIA30JAN203150CE.NFO,07/01/2020,09:45:24,28.75,27.7,200,28.7,200,0,7800
BRITANNIA30JAN203150CE.NFO,07/01/2020,09:45:29,28.75,27.65,200,28.7,400,0,7800
BRITANNIA30JAN203150CE.NFO,07/01/2020,09:45:34,28.75,27.6,200,28.7,400,0,7800
BRITANNIA30JAN203150CE.NFO,07/01/2020,09:45:39,28.75,27.65,200,28.7,400,0,7800
BRITANNIA30JAN203150CE.NFO,07/01/2020,09:45:47,28.75,27.75,200,28.7,200,0,7800
BRITANNIA30JAN203150CE.NFO,07/01/2020,09:45:52,28.75,27.8,400,28.7,200,0,7800
BRITANNIA30JAN203150CE.NFO,07/01/2020,09:46:01,28.75,27.8,400,28.8,200,0,7800
BRITANNIA30JAN203150CE.NFO,07/01/2020,09:46:11,28.75,27.8,400,29.05,200,0,7800
BRITANNIA30JAN203150CE.NFO,07/01/2020,09:46:15,28.75,27.8,400,29,200,0,7800
BRITANNIA30JAN203150CE.NFO,07/01/2020,09:46:31,28.75,27.8,400,29.15,200,0,7800
BRITANNIA30JAN203150CE.NFO,07/01/2020,09:46:36,28.75,27.75,200,28.75,400,0,7800
BRITANNIA30JAN203150CE.NFO,07/01/2020,09:46:42,28.75,27.75,200,28.75,200,0,7800
BRITANNIA30JAN203150CE.NFO,07/01/2020,09:46:47,28.75,27.85,200,28.9,200,0,7800
BRITANNIA30JAN203150CE.NFO,07/01/2020,09:47:00,28.75,27.95,200,28.9,200,0,7800
BRITANNIA30JAN203150CE.NFO,07/01/2020,09:47:04,28.75,27.95,200,29.05,400,0,7800
BRITANNIA30JAN203150CE.NFO,07/01/2020,09:47:23,28.75,28.1,400,29.15,400,0,7800
BRITANNIA30JAN203150CE.NFO,07/01/2020,09:47:27,28.75,28.1,400,29.15,200,0,7800
BRITANNIA30JAN203150CE.NFO,07/01/2020,09:47:35,28.75,28.1,400,29.3,200,0,7800
BRITANNIA30JAN203150CE.NFO,07/01/2020,09:47:40,28.75,28.15,200,29.2,200,0,7800
BRITANNIA30JAN203150CE.NFO,07/01/2020,09:47:44,28.75,28.25,200,29.35,200,0,7800
BRITANNIA30JAN203150CE.NFO,07/01/2020,09:47:54,28.75,28.2,200,29.35,400,0,7800
BRITANNIA30JAN203150CE.NFO,07/01/2020,09:47:58,28.75,28.2,200,29.35,600,0,7800
BRITANNIA30JAN203150CE.NFO,07/01/2020,09:48:03,28.75,28.2,200,29.35,800,0,7800
BRITANNIA30JAN203150CE.NFO,07/01/2020,09:48:08,28.75,28.2,400,29.35,800,0,7800
BRITANNIA30JAN203150CE.NFO,07/01/2020,09:48:12,28.75,28.05,200,29.35,800,0,7800
BRITANNIA30JAN203150CE.NFO,07/01/2020,09:48:15,28.75,28.1,400,29.35,800,0,7800
BRITANNIA30JAN203150CE.NFO,07/01/2020,09:48:24,28.75,27.95,200,29.35,800,0,7800
BRITANNIA30JAN203150CE.NFO,07/01/2020,09:48:28,28.75,28,400,29.35,800,0,7800
BRITANNIA30JAN203150CE.NFO,07/01/2020,09:48:36,28.75,27.8,200,29.35,800,0,7800
BRITANNIA30JAN203150CE.NFO,07/01/2020,09:48:41,28.75,27.95,200,29.35,800,0,7800
BRITANNIA30JAN203150CE.NFO,07/01/2020,09:48:46,28.75,28.05,200,29.35,800,0,7800
BRITANNIA30JAN203150CE.NFO,07/01/2020,09:48:49,28.75,27.95,200,29.35,800,0,7800
BRITANNIA30JAN203150CE.NFO,07/01/2020,09:48:54,28.75,28.1,200,29.35,800,0,7800
BRITANNIA30JAN203150CE.NFO,07/01/2020,09:48:58,28.75,28,400,29.35,800,0,7800
BRITANNIA30JAN203150CE.NFO,07/01/2020,09:49:02,28.75,28.35,200,29.35,400,0,7800
BRITANNIA30JAN203150CE.NFO,07/01/2020,09:49:10,28.75,28.45,200,29.35,400,0,7800
BRITANNIA30JAN203150CE.NFO,07/01/2020,09:49:33,28.75,28.55,200,29.35,400,0,7800
BRITANNIA30JAN203150CE.NFO,07/01/2020,09:50:47,28.75,28.95,200,29.35,400,0,7800
BRITANNIA30JAN203150CE.NFO,07/01/2020,09:50:52,28.75,29.05,200,29.35,400,0,7800
BRITANNIA30JAN203150CE.NFO,07/01/2020,09:50:56,28.75,29.05,400,29.35,400,0,7800
BRITANNIA30JAN203150CE.NFO,07/01/2020,09:51:14,28.75,28.95,200,29.35,400,0,7800
BRITANNIA30JAN203150CE.NFO,07/01/2020,09:51:23,28.75,28.7,200,29.35,400,0,7800
BRITANNIA30JAN203150CE.NFO,07/01/2020,09:51:32,28.75,28.75,200,29.35,400,0,7800
BRITANNIA30JAN203150CE.NFO,07/01/2020,09:51:36,28.75,28.7,200,29.35,400,0,7800
BRITANNIA30JAN203150CE.NFO,07/01/2020,09:52:26,28.75,28.7,200,29.35,600,0,7800
BRITANNIA30JAN203150CE.NFO,07/01/2020,09:52:31,28.75,28.7,200,29.35,400,0,7800
BRITANNIA30JAN203150CE.NFO,07/01/2020,09:52:45,28.75,28.1,400,29.35,600,0,7800
BRITANNIA30JAN203150CE.NFO,07/01/2020,09:53:16,28.75,28.1,400,29.2,200,0,7800
BRITANNIA30JAN203150CE.NFO,07/01/2020,09:53:21,28.75,28.1,400,29.25,200,0,7800
BRITANNIA30JAN203150CE.NFO,07/01/2020,09:53:26,28.75,28.1,400,29.2,400,0,7800
BRITANNIA30JAN203150CE.NFO,07/01/2020,09:53:34,28.75,28.1,200,29.2,400,0,7800
BRITANNIA30JAN203150CE.NFO,07/01/2020,09:53:47,28.75,27.9,200,29.2,400,0,7800
BRITANNIA30JAN203150CE.NFO,07/01/2020,09:53:51,28.75,27.95,400,29.2,400,0,7800
BRITANNIA30JAN203150CE.NFO,07/01/2020,09:53:56,28.75,28.05,400,29.2,400,0,7800
BRITANNIA30JAN203150CE.NFO,07/01/2020,09:54:25,28.75,27.95,200,29.1,200,0,7800
BRITANNIA30JAN203150CE.NFO,07/01/2020,09:54:31,28.75,27.95,200,29.15,400,0,7800
BRITANNIA30JAN203150CE.NFO,07/01/2020,09:54:35,28.75,28,200,29.1,200,0,7800
BRITANNIA30JAN203150CE.NFO,07/01/2020,09:54:39,28.75,28,200,29.2,200,0,7800
BRITANNIA30JAN203150CE.NFO,07/01/2020,09:54:44,28.75,28,200,29.2,400,0,7800
BRITANNIA30JAN203150CE.NFO,07/01/2020,09:54:48,28.75,28,200,29.15,400,0,7800
BRITANNIA30JAN203150CE.NFO,07/01/2020,09:54:52,28.75,28,200,29.1,400,0,7800
BRITANNIA30JAN203150CE.NFO,07/01/2020,09:55:00,28.75,28.05,200,29.1,400,0,7800
BRITANNIA30JAN203150CE.NFO,07/01/2020,09:55:10,28.75,28,200,29.1,400,0,7800
BRITANNIA30JAN203150CE.NFO,07/01/2020,09:55:15,28.75,28,400,29.1,400,0,7800
BRITANNIA30JAN203150CE.NFO,07/01/2020,09:55:36,28.75,28,600,29.1,400,0,7800
BRITANNIA30JAN203150CE.NFO,07/01/2020,09:55:41,28.75,28,400,29.05,400,0,7800
BRITANNIA30JAN203150CE.NFO,07/01/2020,09:55:50,28.75,27.6,200,28.6,200,0,7800
BRITANNIA30JAN203150CE.NFO,07/01/2020,09:55:53,28.75,27.4,400,28.4,200,0,7800
BRITANNIA30JAN203150CE.NFO,07/01/2020,09:55:57,28.75,27.2,400,28.3,600,0,7800
BRITANNIA30JAN203150CE.NFO,07/01/2020,09:56:00,28.75,27.35,400,28.3,600,0,7800
BRITANNIA30JAN203150CE.NFO,07/01/2020,09:56:05,28.75,27.65,200,28.6,400,0,7800
BRITANNIA30JAN203150CE.NFO,07/01/2020,09:56:09,28.75,27.6,200,28.6,400,0,7800
BRITANNIA30JAN203150CE.NFO,07/01/2020,09:56:19,28.75,27.55,200,28.6,400,0,7800
BRITANNIA30JAN203150CE.NFO,07/01/2020,09:56:29,28.75,27.45,400,28.6,400,0,7800
BRITANNIA30JAN203150CE.NFO,07/01/2020,09:56:37,28.75,27.45,600,28.6,400,0,7800
BRITANNIA30JAN203150CE.NFO,07/01/2020,09:56:47,28.75,27.8,200,28.7,400,0,7800
BRITANNIA30JAN203150CE.NFO,07/01/2020,09:56:51,28.75,27.8,200,28.65,400,0,7800
BRITANNIA30JAN203150CE.NFO,07/01/2020,09:56:55,28.75,27.6,200,28.65,400,0,7800
BRITANNIA30JAN203150CE.NFO,07/01/2020,09:56:59,28.75,27.6,400,28.55,400,0,7800
BRITANNIA30JAN203150CE.NFO,07/01/2020,09:57:29,28.75,27.6,200,28.55,400,0,7800
BRITANNIA30JAN203150CE.NFO,07/01/2020,09:57:40,28.75,27.6,400,28.55,400,0,7800
BRITANNIA30JAN203150CE.NFO,07/01/2020,09:57:45,28.75,27.6,200,28.55,400,0,7800
BRITANNIA30JAN203150CE.NFO,07/01/2020,09:59:11,28.75,27.65,600,28.65,200,0,7800
BRITANNIA30JAN203150CE.NFO,07/01/2020,09:59:16,28.75,27.65,400,28.6,200,0,7800
BRITANNIA30JAN203150CE.NFO,07/01/2020,09:59:20,28.75,27.6,200,28.5,400,0,7800
BRITANNIA30JAN203150CE.NFO,07/01/2020,09:59:25,28.75,27.6,200,28.5,200,0,7800
BRITANNIA30JAN203150CE.NFO,07/01/2020,09:59:34,28.75,27.6,200,28.45,400,0,7800
BRITANNIA30JAN203150CE.NFO,07/01/2020,10:01:36,28.75,27.55,200,28.45,400,0,7800
BRITANNIA30JAN203150CE.NFO,07/01/2020,10:02:03,28.75,27.55,200,28.25,200,0,7800
BRITANNIA30JAN203150CE.NFO,07/01/2020,10:02:08,28.75,27.5,400,28.4,200,0,7800
BRITANNIA30JAN203150CE.NFO,07/01/2020,10:02:20,28.75,27.8,200,28.45,200,0,7800
BRITANNIA30JAN203150CE.NFO,07/01/2020,10:02:25,28.75,27.6,200,28.45,200,0,7800
BRITANNIA30JAN203150CE.NFO,07/01/2020,10:02:31,28.75,27.55,400,28.45,200,0,7800
BRITANNIA30JAN203150CE.NFO,07/01/2020,10:02:35,28.75,27.6,200,28.45,200,0,7800
BRITANNIA30JAN203150CE.NFO,07/01/2020,10:02:40,28.75,27.55,400,28.45,200,0,7800
BRITANNIA30JAN203150CE.NFO,07/01/2020,10:02:44,28.75,27.55,400,28.5,200,0,7800
BRITANNIA30JAN203150CE.NFO,07/01/2020,10:02:48,28,27.55,400,28.5,200,200,7600
BRITANNIA30JAN203150CE.NFO,07/01/2020,10:02:48,28,27.55,400,28.5,200,0,7600
BRITANNIA30JAN203150CE.NFO,07/01/2020,10:02:52,28,27.55,400,28.5,200,0,7600
BRITANNIA30JAN203150CE.NFO,07/01/2020,10:03:10,28,27.6,400,28.5,200,0,7600
BRITANNIA30JAN203150CE.NFO,07/01/2020,10:03:15,28,27.6,200,28.5,200,0,7600
BRITANNIA30JAN203150CE.NFO,07/01/2020,10:03:25,28,27.6,200,28.5,400,0,7600
BRITANNIA30JAN203150CE.NFO,07/01/2020,10:03:30,28,27.55,200,28.5,400,0,7600
BRITANNIA30JAN203150CE.NFO,07/01/2020,10:03:40,28,27.5,200,28.5,400,0,7600
BRITANNIA30JAN203150CE.NFO,07/01/2020,10:03:44,28,27.45,200,28.5,400,0,7600
BRITANNIA30JAN203150CE.NFO,07/01/2020,10:03:49,28,27.4,200,28.5,400,0,7600
BRITANNIA30JAN203150CE.NFO,07/01/2020,10:03:54,28,27.45,200,28.5,400,0,7600
BRITANNIA30JAN203150CE.NFO,07/01/2020,10:03:58,28,27.55,200,28.5,400,0,7600
BRITANNIA30JAN203150CE.NFO,07/01/2020,10:04:03,28,27.5,400,28.5,400,0,7600
BRITANNIA30JAN203150CE.NFO,07/01/2020,10:04:07,28,27.4,200,28.5,400,0,7600
BRITANNIA30JAN203150CE.NFO,07/01/2020,10:04:34,28,27.5,400,28.5,400,0,7600
BRITANNIA30JAN203150CE.NFO,07/01/2020,10:04:39,28,27.45,200,28.5,400,0,7600
BRITANNIA30JAN203150CE.NFO,07/01/2020,10:04:59,28,27.45,200,28.5,600,0,7600
BRITANNIA30JAN203150CE.NFO,07/01/2020,10:05:03,28,27.4,200,28.5,600,0,7600
BRITANNIA30JAN203150CE.NFO,07/01/2020,10:06:18,28,27.35,200,28.5,600,0,7600
BRITANNIA30JAN203150CE.NFO,07/01/2020,10:06:38,28,27.3,200,28.5,600,0,7600
BRITANNIA30JAN203150CE.NFO,07/01/2020,10:06:54,28,27.45,200,28.5,600,0,7600
BRITANNIA30JAN203150CE.NFO,07/01/2020,10:07:04,28,27.4,400,28.5,600,0,7600
BRITANNIA30JAN203150CE.NFO,07/01/2020,10:07:10,28,27.4,200,28.5,600,0,7600
BRITANNIA30JAN203150CE.NFO,07/01/2020,10:07:40,28,27,200,28,400,0,7600
BRITANNIA30JAN203150CE.NFO,07/01/2020,10:07:55,28,27,200,28,200,0,7600
BRITANNIA30JAN203150CE.NFO,07/01/2020,10:08:09,28,27,200,27.9,200,0,7600
BRITANNIA30JAN203150CE.NFO,07/01/2020,10:08:14,28,27.2,200,28.05,200,0,7600
BRITANNIA30JAN203150CE.NFO,07/01/2020,10:09:05,28,27.3,200,28.2,200,0,7600
BRITANNIA30JAN203150CE.NFO,07/01/2020,10:09:18,28,27.2,200,28.1,400,0,7600
BRITANNIA30JAN203150CE.NFO,07/01/2020,10:09:22,28,26.5,200,27.6,200,0,7600
BRITANNIA30JAN203150CE.NFO,07/01/2020,10:09:27,28,26.6,200,27.6,200,0,7600
BRITANNIA30JAN203150CE.NFO,07/01/2020,10:09:45,28,26.6,200,27.55,200,0,7600
BRITANNIA30JAN203150CE.NFO,07/01/2020,10:10:10,28,26.95,200,28.15,400,0,7600
BRITANNIA30JAN203150CE.NFO,07/01/2020,10:10:15,28,27.05,200,28.15,200,0,7600
BRITANNIA30JAN203150CE.NFO,07/01/2020,10:10:36,28,27.15,200,28.15,200,0,7600
BRITANNIA30JAN203150CE.NFO,07/01/2020,10:10:47,28,27.35,200,28.15,200,0,7600
BRITANNIA30JAN203150CE.NFO,07/01/2020,10:11:03,28,27.35,200,28.35,200,0,7600
BRITANNIA30JAN203150CE.NFO,07/01/2020,10:11:07,28,27.15,200,28.15,200,0,7600
BRITANNIA30JAN203150CE.NFO,07/01/2020,10:11:11,28.15,27.25,200,28.3,200,200,7800
BRITANNIA30JAN203150CE.NFO,07/01/2020,10:11:16,28.15,27.25,200,28.25,200,0,7800
BRITANNIA30JAN203150CE.NFO,07/01/2020,10:11:20,28.15,27.2,200,28.35,200,0,7800
BRITANNIA30JAN203150CE.NFO,07/01/2020,10:11:24,28.15,27.2,200,28.3,400,0,7800
BRITANNIA30JAN203150CE.NFO,07/01/2020,10:11:44,28.15,27.2,200,28.2,200,0,7800
BRITANNIA30JAN203150CE.NFO,07/01/2020,10:12:00,28.15,27.2,200,28.1,200,0,7800
BRITANNIA30JAN203150CE.NFO,07/01/2020,10:12:53,28.15,27.25,200,28.1,200,0,7800
BRITANNIA30JAN203150CE.NFO,07/01/2020,10:12:57,28.15,27.25,200,28.15,200,0,7800
BRITANNIA30JAN203150CE.NFO,07/01/2020,10:13:01,28.15,27.25,200,28.25,200,0,7800
BRITANNIA30JAN203150CE.NFO,07/01/2020,10:13:05,28.15,27.35,200,28.2,200,0,7800
BRITANNIA30JAN203150CE.NFO,07/01/2020,10:13:48,28.15,27.4,400,28.2,200,0,7800
BRITANNIA30JAN203150CE.NFO,07/01/2020,10:13:53,28.15,27.25,200,28.1,200,0,7800
BRITANNIA30JAN203150CE.NFO,07/01/2020,10:14:08,28.15,27.45,200,28.35,200,0,7800
BRITANNIA30JAN203150CE.NFO,07/01/2020,10:14:48,28.15,27.9,400,28.5,200,0,7800
BRITANNIA30JAN203150CE.NFO,07/01/2020,10:14:53,28.15,27.8,400,28.5,400,0,7800
BRITANNIA30JAN203150CE.NFO,07/01/2020,10:15:02,28.15,27.8,200,28.5,400,0,7800
BRITANNIA30JAN203150CE.NFO,07/01/2020,10:16:28,28.15,27.8,400,28.45,200,0,7800
BRITANNIA30JAN203150CE.NFO,07/01/2020,10:16:58,28.15,27.85,400,28.45,200,0,7800
BRITANNIA30JAN203150CE.NFO,07/01/2020,10:17:13,28.15,27.8,400,28.45,200,0,7800
BRITANNIA30JAN203150CE.NFO,07/01/2020,10:17:29,28.5,28.3,200,29.1,200,200,7800
BRITANNIA30JAN203150CE.NFO,07/01/2020,10:17:34,28.5,28.45,400,29.1,200,0,7800
BRITANNIA30JAN203150CE.NFO,07/01/2020,10:17:42,28.5,28.2,400,29.1,200,0,7800
BRITANNIA30JAN203150CE.NFO,07/01/2020,10:17:46,28.5,28.25,400,29.1,200,0,7800
BRITANNIA30JAN203150CE.NFO,07/01/2020,10:17:57,28.5,28.4,200,29.1,200,0,7800
BRITANNIA30JAN203150CE.NFO,07/01/2020,10:18:01,28.5,28.35,400,29.1,200,0,7800
BRITANNIA30JAN203150CE.NFO,07/01/2020,10:18:08,28.5,28.25,400,29.1,200,0,7800
BRITANNIA30JAN203150CE.NFO,07/01/2020,10:18:12,28.5,28.35,400,29.1,200,0,7800
BRITANNIA30JAN203150CE.NFO,07/01/2020,10:18:17,28.5,28.35,400,29.45,200,0,7800
BRITANNIA30JAN203150CE.NFO,07/01/2020,10:18:25,28.5,28.35,400,29.5,400,0,7800
BRITANNIA30JAN203150CE.NFO,07/01/2020,10:18:29,28.5,28.35,400,29.5,200,0,7800
BRITANNIA30JAN203150CE.NFO,07/01/2020,10:18:33,28.5,28.35,200,29.35,200,0,7800
BRITANNIA30JAN203150CE.NFO,07/01/2020,10:18:38,28.5,28.4,200,29.4,200,0,7800
BRITANNIA30JAN203150CE.NFO,07/01/2020,10:18:44,28.5,28.35,400,29.45,200,0,7800
BRITANNIA30JAN203150CE.NFO,07/01/2020,10:18:49,28.5,28.35,200,29.35,200,0,7800
BRITANNIA30JAN203150CE.NFO,07/01/2020,10:18:53,28.5,28.35,400,29.4,200,0,7800
BRITANNIA30JAN203150CE.NFO,07/01/2020,10:19:08,28.5,28.35,400,29.25,200,0,7800
BRITANNIA30JAN203150CE.NFO,07/01/2020,10:19:20,28.5,28.35,400,29.5,200,0,7800
BRITANNIA30JAN203150CE.NFO,07/01/2020,10:19:25,28.5,28.3,400,29.25,200,0,7800
BRITANNIA30JAN203150CE.NFO,07/01/2020,10:19:53,28.5,28.3,600,29.25,200,0,7800
BRITANNIA30JAN203150CE.NFO,07/01/2020,10:20:06,28.5,28.35,400,29.25,200,0,7800
BRITANNIA30JAN203150CE.NFO,07/01/2020,10:20:15,28.5,28.5,200,29.25,400,0,7800
BRITANNIA30JAN203150CE.NFO,07/01/2020,10:20:35,28.5,28.5,200,29.25,200,0,7800
BRITANNIA30JAN203150CE.NFO,07/01/2020,10:21:13,28.5,28.45,200,29.2,400,0,7800
BRITANNIA30JAN203150CE.NFO,07/01/2020,10:21:37,28.5,28.45,200,29.2,200,0,7800
BRITANNIA30JAN203150CE.NFO,07/01/2020,10:21:41,28.5,28.45,200,29.2,400,0,7800
BRITANNIA30JAN203150CE.NFO,07/01/2020,10:21:44,28.5,28.3,200,29.2,400,0,7800
BRITANNIA30JAN203150CE.NFO,07/01/2020,10:22:31,28.3,27.75,200,28.6,200,200,8000
BRITANNIA30JAN203150CE.NFO,07/01/2020,10:22:45,28.3,27.7,200,28.55,200,0,8000
BRITANNIA30JAN203150CE.NFO,07/01/2020,10:22:51,28.3,27.7,200,28.55,400,0,8000
BRITANNIA30JAN203150CE.NFO,07/01/2020,10:23:01,28.3,27.7,200,28.55,200,0,8000
BRITANNIA30JAN203150CE.NFO,07/01/2020,10:23:07,28.3,28.4,200,29.2,200,0,8000
BRITANNIA30JAN203150CE.NFO,07/01/2020,10:23:16,28.3,28.4,200,29.15,200,0,8000
BRITANNIA30JAN203150CE.NFO,07/01/2020,10:23:20,28.3,28.1,200,29.05,400,0,8000
BRITANNIA30JAN203150CE.NFO,07/01/2020,10:23:24,28.3,28.15,200,29.05,200,0,8000
BRITANNIA30JAN203150CE.NFO,07/01/2020,10:23:42,28.3,28.15,200,28.95,200,0,8000
BRITANNIA30JAN203150CE.NFO,07/01/2020,10:23:46,28.3,28.1,400,28.95,200,0,8000
BRITANNIA30JAN203150CE.NFO,07/01/2020,10:24:03,28.3,28.25,200,29.15,200,0,8000
BRITANNIA30JAN203150CE.NFO,07/01/2020,10:24:07,28.3,28.25,200,29.1,200,0,8000
BRITANNIA30JAN203150CE.NFO,07/01/2020,10:24:11,28.3,28.2,200,29.1,200,0,8000
BRITANNIA30JAN203150CE.NFO,07/01/2020,10:24:40,28.3,28.3,200,29.1,200,0,8000
BRITANNIA30JAN203150CE.NFO,07/01/2020,10:24:43,28.3,28.25,200,29.1,200,0,8000
BRITANNIA30JAN203150CE.NFO,07/01/2020,10:25:30,28.3,28.3,200,29.1,200,0,8000
BRITANNIA30JAN203150CE.NFO,07/01/2020,10:25:35,28.3,28.2,200,29.1,200,0,8000
BRITANNIA30JAN203150CE.NFO,07/01/2020,10:25:51,28.3,28.25,400,29.1,200,0,8000
BRITANNIA30JAN203150CE.NFO,07/01/2020,10:25:56,28.3,28.25,200,29.1,200,0,8000
BRITANNIA30JAN203150CE.NFO,07/01/2020,10:26:12,28.3,28.45,400,29.15,200,0,8000
BRITANNIA30JAN203150CE.NFO,07/01/2020,10:26:33,28.3,28.75,200,29.2,200,0,8000
BRITANNIA30JAN203150CE.NFO,07/01/2020,10:26:36,28.3,28.95,200,29.2,200,0,8000
BRITANNIA30JAN203150CE.NFO,07/01/2020,10:26:40,28.3,28.8,400,29.2,200,0,8000
BRITANNIA30JAN203150CE.NFO,07/01/2020,10:26:44,28.3,28.8,200,29,400,0,8000
BRITANNIA30JAN203150CE.NFO,07/01/2020,10:26:47,28.3,28.8,200,28.95,200,0,8000
BRITANNIA30JAN203150CE.NFO,07/01/2020,10:26:50,28.3,28.55,200,28.95,200,0,8000
BRITANNIA30JAN203150CE.NFO,07/01/2020,10:26:54,28.3,28.6,400,29,600,0,8000
BRITANNIA30JAN203150CE.NFO,07/01/2020,10:27:11,28.3,28.6,200,29,600,0,8000
BRITANNIA30JAN203150CE.NFO,07/01/2020,10:27:35,28.3,28.3,400,29,600,0,8000
BRITANNIA30JAN203150CE.NFO,07/01/2020,10:27:55,28.3,28,200,28.95,400,0,8000
BRITANNIA30JAN203150CE.NFO,07/01/2020,10:27:59,28.3,28,400,28.95,400,0,8000
BRITANNIA30JAN203150CE.NFO,07/01/2020,10:28:06,28.3,28.45,200,29,600,0,8000
BRITANNIA30JAN203150CE.NFO,07/01/2020,10:28:13,28.3,28.45,400,29,600,0,8000
BRITANNIA30JAN203150CE.NFO,07/01/2020,10:28:25,28.3,28.45,400,29.45,400,0,8000
BRITANNIA30JAN203150CE.NFO,07/01/2020,10:28:29,28.3,28.45,400,29.45,200,0,8000
BRITANNIA30JAN203150CE.NFO,07/01/2020,10:28:34,28.3,28.45,400,29.35,200,0,8000
BRITANNIA30JAN203150CE.NFO,07/01/2020,10:28:58,28.3,28.45,400,28.95,200,0,8000
BRITANNIA30JAN203150CE.NFO,07/01/2020,10:29:19,28.3,28.45,200,28.95,200,0,8000
BRITANNIA30JAN203150CE.NFO,07/01/2020,10:29:28,28.3,28.45,400,28.95,200,0,8000
BRITANNIA30JAN203150CE.NFO,07/01/2020,10:29:32,28.3,28.45,200,28.95,200,0,8000
BRITANNIA30JAN203150CE.NFO,07/01/2020,10:29:35,28.3,28.45,400,28.95,200,0,8000
BRITANNIA30JAN203150CE.NFO,07/01/2020,10:29:39,28.3,28.45,200,28.95,200,0,8000
BRITANNIA30JAN203150CE.NFO,07/01/2020,10:29:50,28.3,28.45,400,28.95,200,0,8000
BRITANNIA30JAN203150CE.NFO,07/01/2020,10:29:57,28.3,28.45,200,28.95,200,0,8000
BRITANNIA30JAN203150CE.NFO,07/01/2020,10:30:11,28.3,28.45,200,29,400,0,8000
BRITANNIA30JAN203150CE.NFO,07/01/2020,10:30:18,28.3,28.45,200,28.95,200,0,8000
BRITANNIA30JAN203150CE.NFO,07/01/2020,10:30:30,28.3,28.45,200,29,400,0,8000
BRITANNIA30JAN203150CE.NFO,07/01/2020,10:30:34,28.3,27.95,400,28.7,400,200,8200
BRITANNIA30JAN203150CE.NFO,07/01/2020,10:30:37,28.3,27.95,400,28.7,200,0,8200
BRITANNIA30JAN203150CE.NFO,07/01/2020,10:30:45,28.3,28.3,200,28.95,200,0,8200
BRITANNIA30JAN203150CE.NFO,07/01/2020,10:30:48,28.3,28.35,200,29,400,0,8200
BRITANNIA30JAN203150CE.NFO,07/01/2020,10:30:55,28.3,28.3,200,28.95,200,0,8200
BRITANNIA30JAN203150CE.NFO,07/01/2020,10:30:58,28.3,28.1,200,28.85,200,0,8200
BRITANNIA30JAN203150CE.NFO,07/01/2020,10:31:14,28.3,28.15,200,28.85,200,0,8200
BRITANNIA30JAN203150CE.NFO,07/01/2020,10:31:24,28.3,28.1,200,28.85,200,0,8200
BRITANNIA30JAN203150CE.NFO,07/01/2020,10:32:03,28.3,28.15,200,28.95,200,0,8200
BRITANNIA30JAN203150CE.NFO,07/01/2020,10:32:07,28.3,28.15,400,29,400,0,8200
BRITANNIA30JAN203150CE.NFO,07/01/2020,10:32:11,28.3,28.15,200,29,400,0,8200
BRITANNIA30JAN203150CE.NFO,07/01/2020,10:32:20,28.3,28.45,200,29,400,0,8200
BRITANNIA30JAN203150CE.NFO,07/01/2020,10:32:24,28.3,28.35,200,29,400,0,8200
BRITANNIA30JAN203150CE.NFO,07/01/2020,10:32:41,28.3,28.45,200,29,400,0,8200
BRITANNIA30JAN203150CE.NFO,07/01/2020,10:32:45,28.3,28.35,200,29,400,0,8200
BRITANNIA30JAN203150CE.NFO,07/01/2020,10:33:22,28.3,28.45,200,29,400,0,8200
BRITANNIA30JAN203150CE.NFO,07/01/2020,10:33:24,28.3,28.35,200,29,400,0,8200
BRITANNIA30JAN203150CE.NFO,07/01/2020,10:33:34,28.3,28.55,200,29,400,0,8200
BRITANNIA30JAN203150CE.NFO,07/01/2020,10:33:43,28.3,28.35,200,29,400,0,8200
BRITANNIA30JAN203150CE.NFO,07/01/2020,10:34:00,28.3,28.45,200,29,400,0,8200
BRITANNIA30JAN203150CE.NFO,07/01/2020,10:34:06,28.3,28.35,200,29,400,0,8200
BRITANNIA30JAN203150CE.NFO,07/01/2020,10:34:23,28.3,28.7,200,29,400,0,8200
BRITANNIA30JAN203150CE.NFO,07/01/2020,10:34:27,29,28.65,200,29,200,200,8400
BRITANNIA30JAN203150CE.NFO,07/01/2020,10:34:27,29,28.65,200,29,200,0,8400
BRITANNIA30JAN203150CE.NFO,07/01/2020,10:34:29,29,28.6,200,29,200,0,8400
BRITANNIA30JAN203150CE.NFO,07/01/2020,10:34:41,29,28.7,200,29,200,0,8400
BRITANNIA30JAN203150CE.NFO,07/01/2020,10:34:45,29,28.6,200,29,200,0,8400
BRITANNIA30JAN203150CE.NFO,07/01/2020,10:34:52,29,28.55,400,29,200,0,8400
BRITANNIA30JAN203150CE.NFO,07/01/2020,10:34:56,29,28.6,200,29,200,0,8400
BRITANNIA30JAN203150CE.NFO,07/01/2020,10:35:12,29,28.6,400,29,200,0,8400
BRITANNIA30JAN203150CE.NFO,07/01/2020,10:35:26,29,28.55,200,29,200,0,8400
BRITANNIA30JAN203150CE.NFO,07/01/2020,10:35:30,29,28.6,200,29,200,0,8400
BRITANNIA30JAN203150CE.NFO,07/01/2020,10:35:37,29,28.6,200,29.2,200,200,8200
BRITANNIA30JAN203150CE.NFO,07/01/2020,10:35:41,29,28.6,200,29.25,200,0,8200
BRITANNIA30JAN203150CE.NFO,07/01/2020,10:35:46,29,28.6,200,29.25,400,0,8200
BRITANNIA30JAN203150CE.NFO,07/01/2020,10:35:49,29,28.6,200,29.25,200,0,8200
BRITANNIA30JAN203150CE.NFO,07/01/2020,10:35:53,29,28.6,200,29.3,200,0,8200
BRITANNIA30JAN203150CE.NFO,07/01/2020,10:35:56,29,28.6,200,29.25,200,0,8200
BRITANNIA30JAN203150CE.NFO,07/01/2020,10:36:00,29,28.6,200,29.3,200,0,8200
BRITANNIA30JAN203150CE.NFO,07/01/2020,10:36:05,29,28.6,200,29.25,400,0,8200
BRITANNIA30JAN203150CE.NFO,07/01/2020,10:36:09,29,28.6,200,29.4,200,0,8200
BRITANNIA30JAN203150CE.NFO,07/01/2020,10:36:11,29,28.6,200,29.35,400,0,8200
BRITANNIA30JAN203150CE.NFO,07/01/2020,10:36:17,29,28.6,200,29.35,200,0,8200
BRITANNIA30JAN203150CE.NFO,07/01/2020,10:36:20,29,28.6,200,29.4,200,0,8200
BRITANNIA30JAN203150CE.NFO,07/01/2020,10:36:23,29,28.6,200,29.4,400,0,8200
BRITANNIA30JAN203150CE.NFO,07/01/2020,10:36:51,29,28.6,200,29.45,200,0,8200
BRITANNIA30JAN203150CE.NFO,07/01/2020,10:36:53,29,28.6,200,29.4,400,0,8200
BRITANNIA30JAN203150CE.NFO,07/01/2020,10:37:01,29,28.6,200,29.4,200,0,8200
BRITANNIA30JAN203150CE.NFO,07/01/2020,10:37:02,29,28.6,200,29.35,400,0,8200
BRITANNIA30JAN203150CE.NFO,07/01/2020,10:37:09,29,28.6,200,29.35,200,0,8200
BRITANNIA30JAN203150CE.NFO,07/01/2020,10:37:11,29,28.6,200,29.35,400,0,8200
BRITANNIA30JAN203150CE.NFO,07/01/2020,10:37:16,29,28.55,200,29.35,400,0,8200
BRITANNIA30JAN203150CE.NFO,07/01/2020,10:37:19,29,28.6,200,29.35,400,0,8200
BRITANNIA30JAN203150CE.NFO,07/01/2020,10:37:25,29,28.55,200,29.35,400,0,8200
BRITANNIA30JAN203150CE.NFO,07/01/2020,10:37:27,29,28.6,200,29.35,400,0,8200
BRITANNIA30JAN203150CE.NFO,07/01/2020,10:37:30,29,28.55,200,29.35,400,0,8200
BRITANNIA30JAN203150CE.NFO,07/01/2020,10:37:35,29,28.55,200,29.15,200,0,8200
BRITANNIA30JAN203150CE.NFO,07/01/2020,10:38:22,29,28.6,200,29.15,200,0,8200
BRITANNIA30JAN203150CE.NFO,07/01/2020,10:38:28,29,28.55,200,29.1,200,0,8200
BRITANNIA30JAN203150CE.NFO,07/01/2020,10:38:31,29,28.55,200,29.15,200,0,8200
BRITANNIA30JAN203150CE.NFO,07/01/2020,10:38:43,29,28.6,200,29.15,200,0,8200
BRITANNIA30JAN203150CE.NFO,07/01/2020,10:39:01,29.15,28.85,200,29.9,200,200,8200
BRITANNIA30JAN203150CE.NFO,07/01/2020,10:39:01,29.15,28.85,200,29.9,200,0,8200
BRITANNIA30JAN203150CE.NFO,07/01/2020,10:39:04,29.15,28.9,200,29.95,400,0,8200
BRITANNIA30JAN203150CE.NFO,07/01/2020,10:39:08,29.15,28.9,200,29.95,200,0,8200
BRITANNIA30JAN203150CE.NFO,07/01/2020,10:39:11,29.15,29.15,600,30.3,200,0,8200
BRITANNIA30JAN203150CE.NFO,07/01/2020,10:39:14,29.15,29.15,600,30.4,200,0,8200
BRITANNIA30JAN203150CE.NFO,07/01/2020,10:39:18,29.15,29.15,600,30.3,200,0,8200
BRITANNIA30JAN203150CE.NFO,07/01/2020,10:39:27,29.15,29.15,400,30.3,200,0,8200
BRITANNIA30JAN203150CE.NFO,07/01/2020,10:39:33,29.15,29.15,200,30.1,200,0,8200
BRITANNIA30JAN203150CE.NFO,07/01/2020,10:39:39,29.15,29.3,200,30.1,200,0,8200
BRITANNIA30JAN203150CE.NFO,07/01/2020,10:39:48,29.15,29.35,200,30.1,200,0,8200
BRITANNIA30JAN203150CE.NFO,07/01/2020,10:40:06,29.15,29.4,200,30.15,400,0,8200
BRITANNIA30JAN203150CE.NFO,07/01/2020,10:40:10,29.15,29.4,200,30.15,200,0,8200
BRITANNIA30JAN203150CE.NFO,07/01/2020,10:40:18,29.15,29.35,400,30.05,200,0,8200
BRITANNIA30JAN203150CE.NFO,07/01/2020,10:40:20,29.15,29.35,400,30.1,200,0,8200
BRITANNIA30JAN203150CE.NFO,07/01/2020,10:40:25,29.15,29.35,400,30.05,200,0,8200
BRITANNIA30JAN203150CE.NFO,07/01/2020,10:40:27,29.15,29.35,200,30.05,200,0,8200
BRITANNIA30JAN203150CE.NFO,07/01/2020,10:40:36,29.15,29.4,200,30.05,200,0,8200
BRITANNIA30JAN203150CE.NFO,07/01/2020,10:40:42,29.15,29.35,200,30.05,200,0,8200
BRITANNIA30JAN203150CE.NFO,07/01/2020,10:41:16,29.15,29.4,200,30.05,200,0,8200
BRITANNIA30JAN203150CE.NFO,07/01/2020,10:41:23,29.15,29.4,200,30.55,200,0,8200
BRITANNIA30JAN203150CE.NFO,07/01/2020,10:41:38,29.15,29.4,200,30.45,200,0,8200
BRITANNIA30JAN203150CE.NFO,07/01/2020,10:41:45,29.15,29.4,600,30.55,200,0,8200
BRITANNIA30JAN203150CE.NFO,07/01/2020,10:41:50,29.15,29.4,600,30.6,200,0,8200
BRITANNIA30JAN203150CE.NFO,07/01/2020,10:41:56,29.15,29.4,200,30.35,400,0,8200
BRITANNIA30JAN203150CE.NFO,07/01/2020,10:42:05,29.15,29.4,200,30.45,200,0,8200
BRITANNIA30JAN203150CE.NFO,07/01/2020,10:42:12,29.15,29.4,400,30.55,200,0,8200
BRITANNIA30JAN203150CE.NFO,07/01/2020,10:42:15,29.15,29.4,400,30.6,200,0,8200
BRITANNIA30JAN203150CE.NFO,07/01/2020,10:42:25,29.15,29.4,400,30.6,400,0,8200
BRITANNIA30JAN203150CE.NFO,07/01/2020,10:42:28,29.15,29.4,200,30.6,400,0,8200
BRITANNIA30JAN203150CE.NFO,07/01/2020,10:42:32,29.15,29.35,400,30.6,400,0,8200
BRITANNIA30JAN203150CE.NFO,07/01/2020,10:42:36,30.6,29.35,200,30.6,200,200,7800
BRITANNIA30JAN203150CE.NFO,07/01/2020,10:42:36,30.6,29.35,200,30.6,200,0,7800
BRITANNIA30JAN203150CE.NFO,07/01/2020,10:42:40,30.6,29.35,200,30.6,200,0,7800
BRITANNIA30JAN203150CE.NFO,07/01/2020,10:42:46,30.6,29.4,200,30.3,200,0,7800
BRITANNIA30JAN203150CE.NFO,07/01/2020,10:42:49,30.6,29.35,200,30.2,200,0,7800
BRITANNIA30JAN203150CE.NFO,07/01/2020,10:42:54,30.6,29.35,200,30.25,200,0,7800
BRITANNIA30JAN203150CE.NFO,07/01/2020,10:42:58,30.6,29.35,200,30.05,200,0,7800
BRITANNIA30JAN203150CE.NFO,07/01/2020,10:43:02,30.6,29.35,200,30.45,200,0,7800
BRITANNIA30JAN203150CE.NFO,07/01/2020,10:43:05,30.6,29.35,200,30.2,200,0,7800
BRITANNIA30JAN203150CE.NFO,07/01/2020,10:43:08,30.6,29.35,200,30.15,200,0,7800
BRITANNIA30JAN203150CE.NFO,07/01/2020,10:43:13,30.6,29.05,200,30,400,0,7800
BRITANNIA30JAN203150CE.NFO,07/01/2020,10:43:15,30.6,29.05,200,30,200,0,7800
BRITANNIA30JAN203150CE.NFO,07/01/2020,10:43:17,30.6,29.1,200,30,200,0,7800
BRITANNIA30JAN203150CE.NFO,07/01/2020,10:43:18,30.6,29.15,200,30,200,0,7800
BRITANNIA30JAN203150CE.NFO,07/01/2020,10:43:21,30.6,29.15,200,30.05,200,0,7800
BRITANNIA30JAN203150CE.NFO,07/01/2020,10:43:27,30.6,29.15,200,30.35,200,0,7800
BRITANNIA30JAN203150CE.NFO,07/01/2020,10:43:30,30.6,29.15,200,30.25,200,0,7800
BRITANNIA30JAN203150CE.NFO,07/01/2020,10:43:33,30.6,29.15,400,30.25,200,0,7800
BRITANNIA30JAN203150CE.NFO,07/01/2020,10:43:42,30.6,29.15,200,30.25,200,0,7800
BRITANNIA30JAN203150CE.NFO,07/01/2020,10:43:48,30.6,29.15,200,30.15,200,0,7800
BRITANNIA30JAN203150CE.NFO,07/01/2020,10:43:51,30.6,29.15,200,30.1,200,0,7800
BRITANNIA30JAN203150CE.NFO,07/01/2020,10:44:03,30.1,29.35,200,30.55,200,200,7800
BRITANNIA30JAN203150CE.NFO,07/01/2020,10:44:06,30.1,29.35,200,30.55,200,0,7800
BRITANNIA30JAN203150CE.NFO,07/01/2020,10:44:08,30.1,29.35,400,30.55,200,0,7800
BRITANNIA30JAN203150CE.NFO,07/01/2020,10:45:08,30.1,29.45,200,30.4,200,0,7800
BRITANNIA30JAN203150CE.NFO,07/01/2020,10:45:11,30.1,29.45,200,30.6,200,0,7800
BRITANNIA30JAN203150CE.NFO,07/01/2020,10:45:16,30.1,29.85,200,30.85,200,0,7800
BRITANNIA30JAN203150CE.NFO,07/01/2020,10:45:20,30.1,29.8,400,30.85,200,0,7800
BRITANNIA30JAN203150CE.NFO,07/01/2020,10:45:23,30.1,29.8,200,30.85,200,0,7800
BRITANNIA30JAN203150CE.NFO,07/01/2020,10:45:30,30.1,29.8,400,30.85,200,0,7800
BRITANNIA30JAN203150CE.NFO,07/01/2020,10:45:33,30.1,29.8,200,30.85,200,0,7800
BRITANNIA30JAN203150CE.NFO,07/01/2020,10:45:36,30.1,29.8,400,30.85,200,0,7800
BRITANNIA30JAN203150CE.NFO,07/01/2020,10:45:45,30.1,29.8,200,30.85,200,0,7800
BRITANNIA30JAN203150CE.NFO,07/01/2020,10:45:48,30.1,29.8,400,30.85,200,0,7800
BRITANNIA30JAN203150CE.NFO,07/01/2020,10:46:00,30.1,29.8,200,30.85,200,0,7800
BRITANNIA30JAN203150CE.NFO,07/01/2020,10:46:03,30.1,29.8,200,30.85,400,0,7800
BRITANNIA30JAN203150CE.NFO,07/01/2020,10:46:06,30.1,29.8,200,30.85,200,0,7800
BRITANNIA30JAN203150CE.NFO,07/01/2020,10:46:09,30.1,29.8,200,30.85,400,0,7800
BRITANNIA30JAN203150CE.NFO,07/01/2020,10:46:20,30.1,29.8,200,30.75,200,0,7800
BRITANNIA30JAN203150CE.NFO,07/01/2020,10:46:45,30.1,29.8,200,30.7,200,0,7800
BRITANNIA30JAN203150CE.NFO,07/01/2020,10:46:48,30.1,29.85,200,30.7,200,0,7800
BRITANNIA30JAN203150CE.NFO,07/01/2020,10:46:56,30.1,29.8,200,30.7,200,0,7800
BRITANNIA30JAN203150CE.NFO,07/01/2020,10:46:59,30.1,29.8,400,30.7,200,0,7800
BRITANNIA30JAN203150CE.NFO,07/01/2020,10:47:14,30.1,29.85,400,30.7,200,0,7800
BRITANNIA30JAN203150CE.NFO,07/01/2020,10:47:20,30.1,29.95,200,30.7,200,0,7800
BRITANNIA30JAN203150CE.NFO,07/01/2020,10:47:33,30.1,29.9,400,30.7,200,0,7800
BRITANNIA30JAN203150CE.NFO,07/01/2020,10:47:42,30.1,29.8,400,30.7,200,0,7800
BRITANNIA30JAN203150CE.NFO,07/01/2020,10:47:56,30.1,29.8,200,30.65,200,0,7800
BRITANNIA30JAN203150CE.NFO,07/01/2020,10:48:34,30.1,29.65,200,30.65,200,0,7800
BRITANNIA30JAN203150CE.NFO,07/01/2020,10:48:39,30.1,29.5,200,30.55,200,0,7800
BRITANNIA30JAN203150CE.NFO,07/01/2020,10:48:44,30.1,29.4,200,30.55,400,0,7800
BRITANNIA30JAN203150CE.NFO,07/01/2020,10:48:47,30.1,29.3,200,30.55,400,0,7800
BRITANNIA30JAN203150CE.NFO,07/01/2020,10:48:54,30.1,29.15,200,30.25,200,0,7800
BRITANNIA30JAN203150CE.NFO,07/01/2020,10:48:58,30.1,29.2,400,30.25,200,0,7800
BRITANNIA30JAN203150CE.NFO,07/01/2020,10:49:01,30.1,29.2,400,30.3,200,0,7800
BRITANNIA30JAN203150CE.NFO,07/01/2020,10:49:05,30.1,29.3,200,30.25,200,0,7800
BRITANNIA30JAN203150CE.NFO,07/01/2020,10:49:08,30.1,29.3,200,30.4,200,0,7800
BRITANNIA30JAN203150CE.NFO,07/01/2020,10:49:11,30.1,29.4,200,30.4,200,0,7800
BRITANNIA30JAN203150CE.NFO,07/01/2020,10:49:14,30.1,29.35,200,30.4,200,0,7800
BRITANNIA30JAN203150CE.NFO,07/01/2020,10:49:16,30.1,29.3,200,30.4,400,0,7800
BRITANNIA30JAN203150CE.NFO,07/01/2020,10:49:48,30.1,29.3,200,30.3,200,0,7800
BRITANNIA30JAN203150CE.NFO,07/01/2020,10:50:14,30.1,29.3,200,30.25,200,0,7800
BRITANNIA30JAN203150CE.NFO,07/01/2020,10:50:25,30.1,29.3,400,30.4,400,0,7800
BRITANNIA30JAN203150CE.NFO,07/01/2020,10:50:29,30.1,29.3,400,30.4,200,0,7800
BRITANNIA30JAN203150CE.NFO,07/01/2020,10:50:37,30.1,29.4,200,30.4,200,0,7800
BRITANNIA30JAN203150CE.NFO,07/01/2020,10:50:41,30.1,29.4,200,30.45,200,0,7800
BRITANNIA30JAN203150CE.NFO,07/01/2020,10:50:45,30.1,29.4,200,30.4,200,0,7800
BRITANNIA30JAN203150CE.NFO,07/01/2020,10:50:55,30.1,29.4,200,30.45,200,0,7800
BRITANNIA30JAN203150CE.NFO,07/01/2020,10:50:59,30.1,29.4,200,30.4,200,0,7800
BRITANNIA30JAN203150CE.NFO,07/01/2020,10:51:14,30.1,29.4,200,30.45,400,0,7800
BRITANNIA30JAN203150CE.NFO,07/01/2020,10:51:17,30.1,29.4,200,30.4,200,0,7800
BRITANNIA30JAN203150CE.NFO,07/01/2020,10:51:21,30.1,29.4,200,30.45,400,0,7800
BRITANNIA30JAN203150CE.NFO,07/01/2020,10:51:31,30.1,29.4,200,30.4,400,0,7800
BRITANNIA30JAN203150CE.NFO,07/01/2020,10:51:35,30.1,29.4,200,30.4,200,0,7800
BRITANNIA30JAN203150CE.NFO,07/01/2020,10:51:38,30.1,29.25,200,30.4,200,0,7800
BRITANNIA30JAN203150CE.NFO,07/01/2020,10:51:42,30.1,29.3,200,30.3,400,0,7800
BRITANNIA30JAN203150CE.NFO,07/01/2020,10:51:47,30.1,29.25,200,30.2,200,0,7800
BRITANNIA30JAN203150CE.NFO,07/01/2020,10:51:55,30.1,29.3,400,30.35,200,0,7800
BRITANNIA30JAN203150CE.NFO,07/01/2020,10:52:00,30.1,29.3,400,30.4,200,0,7800
BRITANNIA30JAN203150CE.NFO,07/01/2020,10:52:15,30.1,29.3,400,30.45,200,0,7800
BRITANNIA30JAN203150CE.NFO,07/01/2020,10:52:48,30.1,29.3,400,30.4,200,0,7800
BRITANNIA30JAN203150CE.NFO,07/01/2020,10:53:02,30.1,29.3,600,30.4,200,0,7800
BRITANNIA30JAN203150CE.NFO,07/01/2020,10:53:39,30.1,29.3,600,30.45,200,0,7800
BRITANNIA30JAN203150CE.NFO,07/01/2020,10:54:02,30.1,29.35,200,30.3,200,0,7800
BRITANNIA30JAN203150CE.NFO,07/01/2020,10:54:12,30.1,29.45,200,30.4,200,0,7800
BRITANNIA30JAN203150CE.NFO,07/01/2020,10:54:18,30.1,29.75,200,30.65,200,0,7800
BRITANNIA30JAN203150CE.NFO,07/01/2020,10:54:24,30.1,29.95,200,30.85,200,0,7800
BRITANNIA30JAN203150CE.NFO,07/01/2020,10:54:35,30.1,30,200,30.85,200,0,7800
BRITANNIA30JAN203150CE.NFO,07/01/2020,10:54:40,30.1,30.05,200,30.85,200,0,7800
BRITANNIA30JAN203150CE.NFO,07/01/2020,10:54:45,30.1,29.95,200,30.85,200,0,7800
BRITANNIA30JAN203150CE.NFO,07/01/2020,10:54:49,30.1,30,200,30.9,200,0,7800
BRITANNIA30JAN203150CE.NFO,07/01/2020,10:54:54,30.1,30.05,200,30.9,200,0,7800
BRITANNIA30JAN203150CE.NFO,07/01/2020,10:55:13,30.1,30.1,200,30.9,200,0,7800
BRITANNIA30JAN203150CE.NFO,07/01/2020,10:55:18,30.1,30.05,200,30.9,200,0,7800
BRITANNIA30JAN203150CE.NFO,07/01/2020,10:55:32,30.1,29.9,200,30.85,200,0,7800
BRITANNIA30JAN203150CE.NFO,07/01/2020,10:55:43,30.1,29.95,200,30.85,200,0,7800
BRITANNIA30JAN203150CE.NFO,07/01/2020,10:55:48,30.1,29.85,400,30.85,200,0,7800
BRITANNIA30JAN203150CE.NFO,07/01/2020,10:55:57,30.1,29.95,200,30.85,200,0,7800
BRITANNIA30JAN203150CE.NFO,07/01/2020,10:56:01,30.1,29.85,400,30.85,200,0,7800
BRITANNIA30JAN203150CE.NFO,07/01/2020,10:56:10,30.1,29.9,200,30.85,200,0,7800
BRITANNIA30JAN203150CE.NFO,07/01/2020,10:56:16,30.1,29.85,400,30.85,200,0,7800
BRITANNIA30JAN203150CE.NFO,07/01/2020,10:56:30,30.1,29.6,200,30.6,200,0,7800
BRITANNIA30JAN203150CE.NFO,07/01/2020,10:56:35,30.1,29.45,200,30.6,400,0,7800
BRITANNIA30JAN203150CE.NFO,07/01/2020,10:56:40,30.1,29.5,400,30.6,400,0,7800
BRITANNIA30JAN203150CE.NFO,07/01/2020,10:56:44,30.1,29.5,400,30.6,200,0,7800
BRITANNIA30JAN203150CE.NFO,07/01/2020,10:56:48,30.1,29.5,200,30.6,200,0,7800
BRITANNIA30JAN203150CE.NFO,07/01/2020,10:56:51,30.1,29.55,400,30.65,200,0,7800
BRITANNIA30JAN203150CE.NFO,07/01/2020,10:56:56,30.1,29.55,200,30.65,200,0,7800
BRITANNIA30JAN203150CE.NFO,07/01/2020,10:57:01,30.1,29.4,400,30.4,200,0,7800
BRITANNIA30JAN203150CE.NFO,07/01/2020,10:57:05,30.1,29.5,200,30.45,200,0,7800
BRITANNIA30JAN203150CE.NFO,07/01/2020,10:57:08,30.1,29.6,200,30.6,200,0,7800
BRITANNIA30JAN203150CE.NFO,07/01/2020,10:57:14,30.1,30,200,30.95,200,0,7800
BRITANNIA30JAN203150CE.NFO,07/01/2020,10:57:20,30.1,29.7,200,30.7,200,0,7800
BRITANNIA30JAN203150CE.NFO,07/01/2020,10:57:39,30.1,29.7,200,30.6,200,0,7800
BRITANNIA30JAN203150CE.NFO,07/01/2020,10:57:49,30.1,29.4,200,30.35,200,0,7800
BRITANNIA30JAN203150CE.NFO,07/01/2020,10:58:07,30.1,29.35,200,30.35,200,0,7800
BRITANNIA30JAN203150CE.NFO,07/01/2020,10:58:12,30.1,29.4,400,30.35,200,0,7800
BRITANNIA30JAN203150CE.NFO,07/01/2020,10:58:26,30.1,29.35,200,30.35,200,0,7800
BRITANNIA30JAN203150CE.NFO,07/01/2020,10:58:32,30.1,29.4,400,30.35,200,0,7800
BRITANNIA30JAN203150CE.NFO,07/01/2020,10:58:47,30.1,29.45,400,30.55,200,0,7800
BRITANNIA30JAN203150CE.NFO,07/01/2020,10:58:53,30.1,29.45,400,30.6,200,0,7800
BRITANNIA30JAN203150CE.NFO,07/01/2020,10:59:25,30.1,29.45,400,30.55,200,0,7800
BRITANNIA30JAN203150CE.NFO,07/01/2020,10:59:30,30.1,29.45,400,30.65,200,0,7800
BRITANNIA30JAN203150CE.NFO,07/01/2020,10:59:41,30.1,29.45,400,30.6,200,0,7800
BRITANNIA30JAN203150CE.NFO,07/01/2020,10:59:46,30.1,29.45,400,30.65,200,0,7800
BRITANNIA30JAN203150CE.NFO,07/01/2020,10:59:51,30.1,29.45,400,30.6,200,0,7800
BRITANNIA30JAN203150CE.NFO,07/01/2020,10:59:56,30.1,29.8,200,30.65,200,0,7800
BRITANNIA30JAN203150CE.NFO,07/01/2020,11:00:08,30.1,29.65,200,30.6,200,0,7800
BRITANNIA30JAN203150CE.NFO,07/01/2020,11:00:14,30.1,29.65,400,30.65,200,0,7800
BRITANNIA30JAN203150CE.NFO,07/01/2020,11:00:21,30.1,29.6,400,30.65,200,0,7800
BRITANNIA30JAN203150CE.NFO,07/01/2020,11:00:27,30.1,29.5,200,30.6,400,0,7800
BRITANNIA30JAN203150CE.NFO,07/01/2020,11:00:34,30.1,29.35,200,30.6,400,0,7800
BRITANNIA30JAN203150CE.NFO,07/01/2020,11:00:40,30.1,28.95,200,30.05,200,0,7800
BRITANNIA30JAN203150CE.NFO,07/01/2020,11:00:46,30.1,28.85,400,29.95,400,0,7800
BRITANNIA30JAN203150CE.NFO,07/01/2020,11:00:53,30.1,28.9,200,29.95,400,0,7800
BRITANNIA30JAN203150CE.NFO,07/01/2020,11:00:59,30.1,28.85,400,29.95,400,0,7800
BRITANNIA30JAN203150CE.NFO,07/01/2020,11:01:08,30.1,28.85,400,29.95,200,0,7800
BRITANNIA30JAN203150CE.NFO,07/01/2020,11:01:15,30.1,28.6,200,29.8,200,0,7800
BRITANNIA30JAN203150CE.NFO,07/01/2020,11:01:22,30.1,28.6,200,29.75,400,0,7800
BRITANNIA30JAN203150CE.NFO,07/01/2020,11:01:28,30.1,28.75,400,29.75,200,0,7800
BRITANNIA30JAN203150CE.NFO,07/01/2020,11:01:42,30.1,28.8,400,29.85,200,0,7800
BRITANNIA30JAN203150CE.NFO,07/01/2020,11:01:49,30.1,29.6,200,30.6,200,0,7800
BRITANNIA30JAN203150CE.NFO,07/01/2020,11:02:03,30.1,29.6,200,30.65,200,0,7800
BRITANNIA30JAN203150CE.NFO,07/01/2020,11:02:10,30.1,29.65,200,30.65,200,0,7800
BRITANNIA30JAN203150CE.NFO,07/01/2020,11:02:22,30.1,29.7,200,30.7,400,0,7800
BRITANNIA30JAN203150CE.NFO,07/01/2020,11:02:29,30.1,29.7,200,30.6,200,0,7800
BRITANNIA30JAN203150CE.NFO,07/01/2020,11:02:35,30.1,29.7,200,30.65,400,0,7800
BRITANNIA30JAN203150CE.NFO,07/01/2020,11:02:41,30.1,29.45,200,30.5,200,0,7800
BRITANNIA30JAN203150CE.NFO,07/01/2020,11:02:46,30.1,29.45,200,30.5,400,0,7800
BRITANNIA30JAN203150CE.NFO,07/01/2020,11:02:58,30.1,29.45,200,30.35,200,0,7800
BRITANNIA30JAN203150CE.NFO,07/01/2020,11:03:04,30.1,29.35,200,30.3,200,0,7800
BRITANNIA30JAN203150CE.NFO,07/01/2020,11:03:10,30.1,28.95,200,30.3,400,0,7800
BRITANNIA30JAN203150CE.NFO,07/01/2020,11:03:16,30.1,28.95,400,30.3,400,0,7800
BRITANNIA30JAN203150CE.NFO,07/01/2020,11:03:21,30.1,29.05,400,30.15,200,0,7800
BRITANNIA30JAN203150CE.NFO,07/01/2020,11:03:27,30.1,29.05,400,30.5,200,0,7800
BRITANNIA30JAN203150CE.NFO,07/01/2020,11:03:32,30.1,29.05,400,30.35,200,0,7800
BRITANNIA30JAN203150CE.NFO,07/01/2020,11:03:37,30.1,29.05,400,30.45,200,0,7800
BRITANNIA30JAN203150CE.NFO,07/01/2020,11:03:43,30.1,29.05,400,30.35,200,0,7800
BRITANNIA30JAN203150CE.NFO,07/01/2020,11:03:56,30.1,29.05,400,30.45,200,0,7800
BRITANNIA30JAN203150CE.NFO,07/01/2020,11:04:02,30.1,29.35,200,30.45,200,0,7800
BRITANNIA30JAN203150CE.NFO,07/01/2020,11:04:07,30.1,29.3,400,30.45,400,0,7800
BRITANNIA30JAN203150CE.NFO,07/01/2020,11:04:13,30.1,29.05,200,30.45,400,0,7800
BRITANNIA30JAN203150CE.NFO,07/01/2020,11:04:25,30.1,29.15,200,30.45,400,0,7800
BRITANNIA30JAN203150CE.NFO,07/01/2020,11:04:31,30.1,29.1,200,30.45,400,0,7800
BRITANNIA30JAN203150CE.NFO,07/01/2020,11:04:37,30.1,29.1,200,30.1,200,0,7800
BRITANNIA30JAN203150CE.NFO,07/01/2020,11:04:55,30.1,29.1,200,30.05,200,0,7800
BRITANNIA30JAN203150CE.NFO,07/01/2020,11:05:00,30.1,29.1,200,30,200,0,7800
BRITANNIA30JAN203150CE.NFO,07/01/2020,11:05:11,30.1,28.85,200,29.9,200,0,7800
BRITANNIA30JAN203150CE.NFO,07/01/2020,11:05:17,30.1,29.1,200,30.05,200,0,7800
BRITANNIA30JAN203150CE.NFO,07/01/2020,11:05:27,30.1,29.1,200,30,200,0,7800
BRITANNIA30JAN203150CE.NFO,07/01/2020,11:05:32,30.1,29.1,200,30.1,200,0,7800
BRITANNIA30JAN203150CE.NFO,07/01/2020,11:05:38,30.1,29.25,200,30.15,200,0,7800
BRITANNIA30JAN203150CE.NFO,07/01/2020,11:05:43,30.1,29.25,400,30.15,200,0,7800
BRITANNIA30JAN203150CE.NFO,07/01/2020,11:05:49,30.1,29.25,400,30.2,200,0,7800
BRITANNIA30JAN203150CE.NFO,07/01/2020,11:05:55,30.1,30,200,30.95,200,0,7800
BRITANNIA30JAN203150CE.NFO,07/01/2020,11:06:01,30.1,30.15,200,30.95,200,0,7800
BRITANNIA30JAN203150CE.NFO,07/01/2020,11:06:13,30.1,29.95,200,31,200,0,7800
BRITANNIA30JAN203150CE.NFO,07/01/2020,11:06:20,30.1,29.9,200,30.75,200,0,7800
BRITANNIA30JAN203150CE.NFO,07/01/2020,11:06:26,30.1,29.75,200,30.75,200,0,7800
BRITANNIA30JAN203150CE.NFO,07/01/2020,11:06:32,30.1,29.75,400,30.95,200,0,7800
BRITANNIA30JAN203150CE.NFO,07/01/2020,11:06:51,30.1,29.75,200,30.75,200,0,7800
BRITANNIA30JAN203150CE.NFO,07/01/2020,11:06:57,30.1,29.75,200,30.85,200,0,7800
BRITANNIA30JAN203150CE.NFO,07/01/2020,11:07:02,30.1,29.75,200,30.75,200,0,7800
BRITANNIA30JAN203150CE.NFO,07/01/2020,11:07:08,30.1,29.75,200,30.6,400,0,7800
BRITANNIA30JAN203150CE.NFO,07/01/2020,11:07:18,30.1,29.75,200,30.6,200,0,7800
BRITANNIA30JAN203150CE.NFO,07/01/2020,11:07:28,30.1,29.75,200,30.8,200,0,7800
BRITANNIA30JAN203150CE.NFO,07/01/2020,11:07:37,30.1,29.75,200,30.7,200,0,7800
BRITANNIA30JAN203150CE.NFO,07/01/2020,11:07:42,30.1,29.75,200,30.65,400,0,7800
BRITANNIA30JAN203150CE.NFO,07/01/2020,11:08:20,30.1,29.35,400,30.55,200,0,7800
BRITANNIA30JAN203150CE.NFO,07/01/2020,11:08:34,30.1,29.35,400,30.6,200,0,7800
BRITANNIA30JAN203150CE.NFO,07/01/2020,11:08:44,30.1,29.35,400,30.5,200,0,7800
BRITANNIA30JAN203150CE.NFO,07/01/2020,11:08:48,30.1,29.35,200,30.5,200,0,7800
BRITANNIA30JAN203150CE.NFO,07/01/2020,11:08:52,30.1,29.35,400,30.5,200,0,7800
BRITANNIA30JAN203150CE.NFO,07/01/2020,11:09:11,30.1,29.35,400,30.55,200,0,7800
BRITANNIA30JAN203150CE.NFO,07/01/2020,11:09:16,30.1,29.35,400,30.6,200,0,7800
BRITANNIA30JAN203150CE.NFO,07/01/2020,11:09:46,30.1,29.35,400,30.5,200,0,7800
BRITANNIA30JAN203150CE.NFO,07/01/2020,11:09:50,30.1,29.35,400,30.6,200,0,7800
BRITANNIA30JAN203150CE.NFO,07/01/2020,11:10:10,30.1,29.35,400,30.55,400,0,7800
BRITANNIA30JAN203150CE.NFO,07/01/2020,11:10:14,30.1,29.35,400,30.55,200,0,7800
BRITANNIA30JAN203150CE.NFO,07/01/2020,11:10:19,30.1,29.35,400,30.5,200,0,7800
BRITANNIA30JAN203150CE.NFO,07/01/2020,11:10:23,30.1,29.35,200,30.45,400,0,7800
BRITANNIA30JAN203150CE.NFO,07/01/2020,11:10:27,30.1,29.35,400,30.5,200,0,7800
BRITANNIA30JAN203150CE.NFO,07/01/2020,11:10:35,30.1,29.35,400,30.55,200,0,7800
BRITANNIA30JAN203150CE.NFO,07/01/2020,11:10:43,30.1,29.35,200,30.35,200,0,7800
BRITANNIA30JAN203150CE.NFO,07/01/2020,11:10:57,30.1,29.35,200,30.4,200,0,7800
BRITANNIA30JAN203150CE.NFO,07/01/2020,11:11:05,30.1,29.3,200,30.25,400,0,7800
BRITANNIA30JAN203150CE.NFO,07/01/2020,11:11:12,30.1,28.8,400,30,400,0,7800
BRITANNIA30JAN203150CE.NFO,07/01/2020,11:11:19,30.1,28.6,400,30,400,0,7800
BRITANNIA30JAN203150CE.NFO,07/01/2020,11:11:25,30.1,28.55,200,30,400,0,7800
BRITANNIA30JAN203150CE.NFO,07/01/2020,11:11:39,30.1,28.3,400,29.45,200,0,7800
BRITANNIA30JAN203150CE.NFO,07/01/2020,11:11:45,30.1,28.3,200,29.3,200,0,7800
BRITANNIA30JAN203150CE.NFO,07/01/2020,11:11:51,30.15,28.75,200,29.55,200,600,8000
BRITANNIA30JAN203150CE.NFO,07/01/2020,11:11:56,30.15,28.75,200,29.65,200,0,8000
BRITANNIA30JAN203150CE.NFO,07/01/2020,11:12:03,30.15,28.55,200,29.6,400,0,8000
BRITANNIA30JAN203150CE.NFO,07/01/2020,11:12:12,30.15,28.6,200,29.6,400,0,8000
BRITANNIA30JAN203150CE.NFO,07/01/2020,11:12:18,30.15,28.7,200,29.6,400,0,8000
BRITANNIA30JAN203150CE.NFO,07/01/2020,11:12:24,30.15,29.05,200,29.9,200,0,8000
BRITANNIA30JAN203150CE.NFO,07/01/2020,11:12:31,30.15,29.15,200,30,200,0,8000
BRITANNIA30JAN203150CE.NFO,07/01/2020,11:12:38,30.15,29.25,200,30.1,200,0,8000
BRITANNIA30JAN203150CE.NFO,07/01/2020,11:12:44,30.15,29.25,200,30.1,400,0,8000
BRITANNIA30JAN203150CE.NFO,07/01/2020,11:12:49,30.15,29.15,200,30.1,400,0,8000
BRITANNIA30JAN203150CE.NFO,07/01/2020,11:12:58,30.15,29.15,200,30.1,200,0,8000
BRITANNIA30JAN203150CE.NFO,07/01/2020,11:13:03,30.15,29.25,200,30.1,200,0,8000
BRITANNIA30JAN203150CE.NFO,07/01/2020,11:13:32,30.15,29.25,200,30.05,200,0,8000
BRITANNIA30JAN203150CE.NFO,07/01/2020,11:13:38,30.15,29.35,200,30.05,200,0,8000
BRITANNIA30JAN203150CE.NFO,07/01/2020,11:13:44,30.15,29.35,200,30.2,200,0,8000
BRITANNIA30JAN203150CE.NFO,07/01/2020,11:13:56,30.2,29.4,200,30.45,200,200,8000
BRITANNIA30JAN203150CE.NFO,07/01/2020,11:14:01,30.2,29.4,200,30.45,200,0,8000
BRITANNIA30JAN203150CE.NFO,07/01/2020,11:14:07,30.2,29.5,200,30.45,200,0,8000
BRITANNIA30JAN203150CE.NFO,07/01/2020,11:14:24,30.2,29.5,200,30.45,400,0,8000
BRITANNIA30JAN203150CE.NFO,07/01/2020,11:14:44,30.2,29.45,200,30.45,400,0,8000
BRITANNIA30JAN203150CE.NFO,07/01/2020,11:14:59,30.2,29.3,200,30.45,400,0,8000
BRITANNIA30JAN203150CE.NFO,07/01/2020,11:15:12,30.2,29.1,400,30.15,200,0,8000
BRITANNIA30JAN203150CE.NFO,07/01/2020,11:15:17,30.2,29.25,200,30.1,200,0,8000
BRITANNIA30JAN203150CE.NFO,07/01/2020,11:15:22,30.2,29.3,200,30.25,200,0,8000
BRITANNIA30JAN203150CE.NFO,07/01/2020,11:15:28,30.2,29.3,400,30.25,200,0,8000
BRITANNIA30JAN203150CE.NFO,07/01/2020,11:15:37,30.2,29.3,200,30.25,200,0,8000
BRITANNIA30JAN203150CE.NFO,07/01/2020,11:15:41,30.2,29.3,400,30.3,200,0,8000
BRITANNIA30JAN203150CE.NFO,07/01/2020,11:15:46,30.2,29.3,400,30.4,200,0,8000
BRITANNIA30JAN203150CE.NFO,07/01/2020,11:15:51,30.2,29.3,400,30.35,200,0,8000
BRITANNIA30JAN203150CE.NFO,07/01/2020,11:16:08,30.2,29.3,200,30.35,200,0,8000
BRITANNIA30JAN203150CE.NFO,07/01/2020,11:16:14,30.2,29.35,200,30.35,200,0,8000
BRITANNIA30JAN203150CE.NFO,07/01/2020,11:16:27,30.2,29.35,200,30.35,400,0,8000
BRITANNIA30JAN203150CE.NFO,07/01/2020,11:16:33,30.2,29.25,200,30.35,400,0,8000
BRITANNIA30JAN203150CE.NFO,07/01/2020,11:16:42,30.2,29.05,200,30.1,400,0,8000
BRITANNIA30JAN203150CE.NFO,07/01/2020,11:17:39,30.2,29.1,400,30.25,400,0,8000
BRITANNIA30JAN203150CE.NFO,07/01/2020,11:17:44,30.2,29.1,400,30.2,200,0,8000
BRITANNIA30JAN203150CE.NFO,07/01/2020,11:17:50,30.2,29.25,200,30.25,400,0,8000
BRITANNIA30JAN203150CE.NFO,07/01/2020,11:17:54,30.2,29.25,200,30.3,200,0,8000
BRITANNIA30JAN203150CE.NFO,07/01/2020,11:17:59,30.2,29.25,200,30.25,200,0,8000
BRITANNIA30JAN203150CE.NFO,07/01/2020,11:18:04,30.2,29.2,200,30.25,200,0,8000
BRITANNIA30JAN203150CE.NFO,07/01/2020,11:18:14,30.2,29.2,200,30.2,200,0,8000
BRITANNIA30JAN203150CE.NFO,07/01/2020,11:18:18,30.2,29.2,200,30.25,200,0,8000
BRITANNIA30JAN203150CE.NFO,07/01/2020,11:18:23,30.2,29.2,200,30.15,200,0,8000
BRITANNIA30JAN203150CE.NFO,07/01/2020,11:18:27,30.2,29.2,200,30.1,200,0,8000
BRITANNIA30JAN203150CE.NFO,07/01/2020,11:18:32,30.2,29.2,400,30.3,200,0,8000
BRITANNIA30JAN203150CE.NFO,07/01/2020,11:18:44,30.2,29.3,200,30.35,400,0,8000
BRITANNIA30JAN203150CE.NFO,07/01/2020,11:18:55,30.2,29.3,200,30.2,400,0,8000
BRITANNIA30JAN203150CE.NFO,07/01/2020,11:19:01,30.2,29.3,200,30.25,400,0,8000
BRITANNIA30JAN203150CE.NFO,07/01/2020,11:19:06,30.2,29.3,200,30.3,400,0,8000
BRITANNIA30JAN203150CE.NFO,07/01/2020,11:19:12,30.2,29.25,200,30.3,400,0,8000
BRITANNIA30JAN203150CE.NFO,07/01/2020,11:19:14,30.2,29.1,200,30.3,400,0,8000
BRITANNIA30JAN203150CE.NFO,07/01/2020,11:19:15,30.2,29.1,400,30.3,400,0,8000
BRITANNIA30JAN203150CE.NFO,07/01/2020,11:19:16,30.2,29.1,200,30.3,400,0,8000
BRITANNIA30JAN203150CE.NFO,07/01/2020,11:19:17,30.2,29.05,200,30.3,400,0,8000
BRITANNIA30JAN203150CE.NFO,07/01/2020,11:19:21,30.2,28.75,400,30.3,400,0,8000
BRITANNIA30JAN203150CE.NFO,07/01/2020,11:19:22,30.2,28.8,200,30.3,400,0,8000
BRITANNIA30JAN203150CE.NFO,07/01/2020,11:19:23,30.2,28.75,200,30.3,400,0,8000
BRITANNIA30JAN203150CE.NFO,07/01/2020,11:19:25,30.2,28.8,200,30.3,400,0,8000
BRITANNIA30JAN203150CE.NFO,07/01/2020,11:19:28,30.2,28.8,400,30.3,400,0,8000
BRITANNIA30JAN203150CE.NFO,07/01/2020,11:19:29,30.2,28.9,200,30.3,400,0,8000
BRITANNIA30JAN203150CE.NFO,07/01/2020,11:19:30,30.2,28.95,200,30.3,400,0,8000
BRITANNIA30JAN203150CE.NFO,07/01/2020,11:19:42,30.2,28.75,200,30.3,400,0,8000
BRITANNIA30JAN203150CE.NFO,07/01/2020,11:19:42,30.2,28.7,200,30.3,400,0,8000
BRITANNIA30JAN203150CE.NFO,07/01/2020,11:19:43,30.2,28.8,200,30.3,400,0,8000
BRITANNIA30JAN203150CE.NFO,07/01/2020,11:20:02,30.2,28.85,200,30.3,400,0,8000
BRITANNIA30JAN203150CE.NFO,07/01/2020,11:20:02,30.2,28.85,200,30.05,400,0,8000
BRITANNIA30JAN203150CE.NFO,07/01/2020,11:20:04,30.2,28.8,200,30.05,400,0,8000
BRITANNIA30JAN203150CE.NFO,07/01/2020,11:20:13,30.2,28.8,200,29.65,200,0,8000
BRITANNIA30JAN203150CE.NFO,07/01/2020,11:20:18,30.2,28.8,200,29.65,400,0,8000
BRITANNIA30JAN203150CE.NFO,07/01/2020,11:20:23,30.2,28.85,200,29.75,200,0,8000
BRITANNIA30JAN203150CE.NFO,07/01/2020,11:20:27,30.2,28.85,200,29.8,400,0,8000
BRITANNIA30JAN203150CE.NFO,07/01/2020,11:20:32,30.2,28.85,200,29.8,200,0,8000
BRITANNIA30JAN203150CE.NFO,07/01/2020,11:20:37,30.2,28.9,200,29.8,400,0,8000
BRITANNIA30JAN203150CE.NFO,07/01/2020,11:20:42,30.2,29,200,29.8,200,0,8000
BRITANNIA30JAN203150CE.NFO,07/01/2020,11:20:48,30.2,29,200,29.85,400,0,8000
BRITANNIA30JAN203150CE.NFO,07/01/2020,11:21:26,30.2,28.85,200,29.85,400,0,8000
BRITANNIA30JAN203150CE.NFO,07/01/2020,11:21:31,30.2,28.8,200,29.7,400,0,8000
BRITANNIA30JAN203150CE.NFO,07/01/2020,11:21:37,30.2,28.65,200,29.7,400,0,8000
BRITANNIA30JAN203150CE.NFO,07/01/2020,11:22:03,30.2,28.55,200,29.7,400,0,8000
BRITANNIA30JAN203150CE.NFO,07/01/2020,11:22:24,30.2,28.6,200,29.7,400,0,8000
BRITANNIA30JAN203150CE.NFO,07/01/2020,11:22:32,30.2,28.6,400,29.8,200,0,8000
BRITANNIA30JAN203150CE.NFO,07/01/2020,11:22:37,30.2,28.6,400,29.75,200,0,8000
BRITANNIA30JAN203150CE.NFO,07/01/2020,11:22:52,30.2,28.6,400,29.8,200,0,8000
BRITANNIA30JAN203150CE.NFO,07/01/2020,11:23:01,30.2,28.6,400,29.95,200,0,8000
BRITANNIA30JAN203150CE.NFO,07/01/2020,11:23:06,30.2,28.6,400,29.9,200,0,8000
BRITANNIA30JAN203150CE.NFO,07/01/2020,11:23:11,30.2,28.6,400,29.8,200,0,8000
BRITANNIA30JAN203150CE.NFO,07/01/2020,11:23:21,30.2,28.6,400,29.85,200,0,8000
BRITANNIA30JAN203150CE.NFO,07/01/2020,11:23:42,30.2,28.6,400,29.8,200,0,8000
BRITANNIA30JAN203150CE.NFO,07/01/2020,11:23:46,30.2,28.4,400,29.4,200,0,8000
BRITANNIA30JAN203150CE.NFO,07/01/2020,11:23:51,30.2,28.35,400,29.35,200,0,8000
BRITANNIA30JAN203150CE.NFO,07/01/2020,11:23:55,30.2,28.55,200,29.45,200,0,8000
BRITANNIA30JAN203150CE.NFO,07/01/2020,11:24:01,30.2,28.6,200,29.9,200,0,8000
BRITANNIA30JAN203150CE.NFO,07/01/2020,11:24:06,30.2,28.3,200,29.25,400,0,8000
BRITANNIA30JAN203150CE.NFO,07/01/2020,11:24:12,30.2,28.3,200,29.15,400,0,8000
BRITANNIA30JAN203150CE.NFO,07/01/2020,11:24:13,30.2,28.3,200,29.15,200,0,8000
BRITANNIA30JAN203150CE.NFO,07/01/2020,11:24:18,30.2,28.3,200,29.15,400,0,8000
BRITANNIA30JAN203150CE.NFO,07/01/2020,11:24:20,30.2,28.3,200,29.15,200,0,8000
BRITANNIA30JAN203150CE.NFO,07/01/2020,11:24:20,30.2,28.3,200,29.2,200,0,8000
BRITANNIA30JAN203150CE.NFO,07/01/2020,11:24:21,30.2,28.3,200,29.2,400,0,8000
BRITANNIA30JAN203150CE.NFO,07/01/2020,11:24:23,30.2,28.45,200,29.25,200,0,8000
BRITANNIA30JAN203150CE.NFO,07/01/2020,11:24:24,30.2,28.3,200,29.2,200,0,8000
BRITANNIA30JAN203150CE.NFO,07/01/2020,11:24:25,30.2,28.3,200,29.15,400,0,8000
BRITANNIA30JAN203150CE.NFO,07/01/2020,11:24:28,30.2,28.25,200,29.15,400,0,8000
BRITANNIA30JAN203150CE.NFO,07/01/2020,11:24:30,30.2,28.3,200,29.15,400,0,8000
BRITANNIA30JAN203150CE.NFO,07/01/2020,11:24:32,30.2,28.25,200,29.15,400,0,8000
BRITANNIA30JAN203150CE.NFO,07/01/2020,11:24:33,30.2,28.1,200,29.15,400,0,8000
BRITANNIA30JAN203150CE.NFO,07/01/2020,11:24:34,30.2,28.05,400,29.15,400,0,8000
BRITANNIA30JAN203150CE.NFO,07/01/2020,11:24:35,30.2,28.1,200,29.15,400,0,8000
BRITANNIA30JAN203150CE.NFO,07/01/2020,11:24:36,30.2,28.1,200,29.05,200,0,8000
BRITANNIA30JAN203150CE.NFO,07/01/2020,11:24:37,30.2,28.1,200,28.9,200,0,8000
BRITANNIA30JAN203150CE.NFO,07/01/2020,11:24:38,30.2,28.1,400,29.05,200,0,8000
BRITANNIA30JAN203150CE.NFO,07/01/2020,11:24:39,30.2,28.1,200,28.95,200,0,8000
BRITANNIA30JAN203150CE.NFO,07/01/2020,11:24:40,30.2,28.05,200,28.95,400,0,8000
BRITANNIA30JAN203150CE.NFO,07/01/2020,11:24:41,30.2,28.1,200,29,200,0,8000
BRITANNIA30JAN203150CE.NFO,07/01/2020,11:24:42,30.2,28.1,200,29,400,0,8000
BRITANNIA30JAN203150CE.NFO,07/01/2020,11:24:44,30.2,28.05,200,29,400,0,8000
BRITANNIA30JAN203150CE.NFO,07/01/2020,11:24:46,30.2,28.05,200,28.9,200,0,8000
BRITANNIA30JAN203150CE.NFO,07/01/2020,11:24:48,30.2,28.05,200,28.85,400,0,8000
BRITANNIA30JAN203150CE.NFO,07/01/2020,11:24:49,30.2,28.05,200,28.85,200,0,8000
BRITANNIA30JAN203150CE.NFO,07/01/2020,11:24:51,30.2,28.05,200,29.2,200,0,8000
BRITANNIA30JAN203150CE.NFO,07/01/2020,11:24:52,30.2,28.05,200,28.9,200,0,8000
BRITANNIA30JAN203150CE.NFO,07/01/2020,11:24:57,28.05,27.95,200,28.85,200,200,7600
BRITANNIA30JAN203150CE.NFO,07/01/2020,11:24:59,28.05,28,400,28.9,200,0,7600
BRITANNIA30JAN203150CE.NFO,07/01/2020,11:25:00,28.05,28.05,200,28.9,200,0,7600
BRITANNIA30JAN203150CE.NFO,07/01/2020,11:25:03,28.05,28.05,400,29.05,400,0,7600
BRITANNIA30JAN203150CE.NFO,07/01/2020,11:25:06,28.05,28,200,28.95,400,0,7600
BRITANNIA30JAN203150CE.NFO,07/01/2020,11:25:07,28.05,28.05,200,28.9,200,0,7600
BRITANNIA30JAN203150CE.NFO,07/01/2020,11:25:08,28.05,28.05,200,28.9,400,0,7600
BRITANNIA30JAN203150CE.NFO,07/01/2020,11:25:10,28.05,28,200,28.9,400,0,7600
BRITANNIA30JAN203150CE.NFO,07/01/2020,11:25:16,28.05,28.05,200,29.05,200,0,7600
BRITANNIA30JAN203150CE.NFO,07/01/2020,11:25:20,28.05,27.95,200,28.95,400,0,7600
BRITANNIA30JAN203150CE.NFO,07/01/2020,11:25:35,28.05,28,200,28.95,400,0,7600
BRITANNIA30JAN203150CE.NFO,07/01/2020,11:25:39,28.05,28.05,200,28.95,400,0,7600
BRITANNIA30JAN203150CE.NFO,07/01/2020,11:25:43,28.05,28.25,200,29,200,0,7600
BRITANNIA30JAN203150CE.NFO,07/01/2020,11:25:48,28.05,28.2,200,28.9,200,0,7600
BRITANNIA30JAN203150CE.NFO,07/01/2020,11:26:00,28.05,27.75,400,28.9,200,0,7600
BRITANNIA30JAN203150CE.NFO,07/01/2020,11:26:06,28.05,28.05,200,28.9,200,0,7600
BRITANNIA30JAN203150CE.NFO,07/01/2020,11:26:09,28.05,28.05,200,28.85,200,0,7600
BRITANNIA30JAN203150CE.NFO,07/01/2020,11:26:13,28.05,28.05,200,28.8,200,0,7600
BRITANNIA30JAN203150CE.NFO,07/01/2020,11:26:54,28.05,28.1,200,28.8,200,0,7600
BRITANNIA30JAN203150CE.NFO,07/01/2020,11:26:57,28.05,28.05,200,28.8,200,0,7600
BRITANNIA30JAN203150CE.NFO,07/01/2020,11:27:01,28.05,28.1,200,28.8,200,0,7600
BRITANNIA30JAN203150CE.NFO,07/01/2020,11:27:04,28.05,28.05,400,28.9,200,0,7600
BRITANNIA30JAN203150CE.NFO,07/01/2020,11:27:07,28.05,28.1,200,28.9,200,0,7600
BRITANNIA30JAN203150CE.NFO,07/01/2020,11:27:39,28.05,28.1,200,29,200,0,7600
BRITANNIA30JAN203150CE.NFO,07/01/2020,11:27:42,28.05,28.2,200,29.1,400,0,7600
BRITANNIA30JAN203150CE.NFO,07/01/2020,11:27:50,28.05,28.2,200,29.1,200,0,7600
BRITANNIA30JAN203150CE.NFO,07/01/2020,11:27:53,28.05,28.2,400,29.15,200,0,7600
BRITANNIA30JAN203150CE.NFO,07/01/2020,11:27:57,28.05,28.2,400,29.2,200,0,7600
BRITANNIA30JAN203150CE.NFO,07/01/2020,11:28:00,28.05,28.2,200,29.1,200,0,7600
BRITANNIA30JAN203150CE.NFO,07/01/2020,11:28:03,28.05,28.2,200,29.05,400,0,7600
BRITANNIA30JAN203150CE.NFO,07/01/2020,11:28:10,28.05,28.25,200,29.05,400,0,7600
BRITANNIA30JAN203150CE.NFO,07/01/2020,11:28:13,28.05,28.2,200,28.95,200,0,7600
BRITANNIA30JAN203150CE.NFO,07/01/2020,11:28:15,28.05,28.1,200,28.95,200,0,7600
BRITANNIA30JAN203150CE.NFO,07/01/2020,11:28:26,28.05,28.1,200,29,200,0,7600
BRITANNIA30JAN203150CE.NFO,07/01/2020,11:28:29,28.05,28.1,200,28.9,200,0,7600
BRITANNIA30JAN203150CE.NFO,07/01/2020,11:28:38,28.05,28.1,200,28.85,400,0,7600
BRITANNIA30JAN203150CE.NFO,07/01/2020,11:28:40,28.05,28.05,200,28.85,400,0,7600
BRITANNIA30JAN203150CE.NFO,07/01/2020,11:28:43,28.05,28.1,200,28.85,200,0,7600
BRITANNIA30JAN203150CE.NFO,07/01/2020,11:29:01,28.05,28.1,200,29,200,0,7600
BRITANNIA30JAN203150CE.NFO,07/01/2020,11:29:04,28.05,28.1,200,28.9,200,0,7600
BRITANNIA30JAN203150CE.NFO,07/01/2020,11:29:07,28.05,28.1,200,28.85,200,0,7600
BRITANNIA30JAN203150CE.NFO,07/01/2020,11:29:11,28.05,28.1,200,28.85,400,0,7600
BRITANNIA30JAN203150CE.NFO,07/01/2020,11:29:18,28.05,28.1,200,28.9,200,0,7600
BRITANNIA30JAN203150CE.NFO,07/01/2020,11:29:25,28.05,28.1,200,28.9,400,0,7600
BRITANNIA30JAN203150CE.NFO,07/01/2020,11:29:28,28.05,28.2,200,29,200,0,7600
BRITANNIA30JAN203150CE.NFO,07/01/2020,11:29:32,28.05,28.1,200,28.95,200,0,7600
BRITANNIA30JAN203150CE.NFO,07/01/2020,11:29:47,28.05,28.1,200,28.9,200,0,7600
BRITANNIA30JAN203150CE.NFO,07/01/2020,11:30:09,28.05,28.1,200,28.95,200,0,7600
BRITANNIA30JAN203150CE.NFO,07/01/2020,11:30:13,28.05,28.1,200,28.9,400,0,7600
BRITANNIA30JAN203150CE.NFO,07/01/2020,11:30:21,28.05,28.05,200,28.9,400,0,7600
BRITANNIA30JAN203150CE.NFO,07/01/2020,11:30:25,28.05,28.1,200,28.95,200,0,7600
BRITANNIA30JAN203150CE.NFO,07/01/2020,11:30:28,28.05,28.1,200,28.95,400,0,7600
BRITANNIA30JAN203150CE.NFO,07/01/2020,11:30:30,28.05,28.1,200,28.95,200,0,7600
BRITANNIA30JAN203150CE.NFO,07/01/2020,11:30:41,28.05,28.1,400,28.95,200,0,7600
BRITANNIA30JAN203150CE.NFO,07/01/2020,11:31:01,28.05,28.1,400,29.2,200,0,7600
BRITANNIA30JAN203150CE.NFO,07/01/2020,11:31:07,28.05,28.1,400,29.2,400,0,7600
BRITANNIA30JAN203150CE.NFO,07/01/2020,11:31:12,28.05,28.1,400,29.3,200,0,7600
BRITANNIA30JAN203150CE.NFO,07/01/2020,11:31:17,28.05,28.1,400,29.25,400,0,7600
BRITANNIA30JAN203150CE.NFO,07/01/2020,11:31:51,28.05,28.4,200,29.25,400,0,7600
BRITANNIA30JAN203150CE.NFO,07/01/2020,11:31:58,28.05,28.4,200,29.25,200,0,7600
BRITANNIA30JAN203150CE.NFO,07/01/2020,11:32:14,28.05,28.4,400,29.2,200,0,7600
BRITANNIA30JAN203150CE.NFO,07/01/2020,11:32:26,28.05,28.4,600,29.2,200,0,7600
BRITANNIA30JAN203150CE.NFO,07/01/2020,11:32:29,28.05,28.4,400,29.2,200,0,7600
BRITANNIA30JAN203150CE.NFO,07/01/2020,11:32:34,28.05,28.4,600,29.2,200,0,7600
BRITANNIA30JAN203150CE.NFO,07/01/2020,11:32:38,28.05,28.4,400,29.2,200,0,7600
BRITANNIA30JAN203150CE.NFO,07/01/2020,11:32:43,28.05,28.4,200,29.2,200,0,7600
BRITANNIA30JAN203150CE.NFO,07/01/2020,11:32:55,28.05,28.4,200,29.2,400,0,7600
BRITANNIA30JAN203150CE.NFO,07/01/2020,11:33:02,28.05,28.5,200,29.3,200,0,7600
BRITANNIA30JAN203150CE.NFO,07/01/2020,11:33:06,28.05,28.45,200,29.25,200,0,7600
BRITANNIA30JAN203150CE.NFO,07/01/2020,11:33:09,28.05,28.45,200,29.3,400,0,7600
BRITANNIA30JAN203150CE.NFO,07/01/2020,11:33:13,28.05,28.45,200,29.3,200,0,7600
BRITANNIA30JAN203150CE.NFO,07/01/2020,11:33:16,28.05,28.4,200,29.3,400,0,7600
BRITANNIA30JAN203150CE.NFO,07/01/2020,11:33:20,28.05,28.45,200,29.3,400,0,7600
BRITANNIA30JAN203150CE.NFO,07/01/2020,11:33:27,28.05,28.4,200,29.3,400,0,7600
BRITANNIA30JAN203150CE.NFO,07/01/2020,11:33:36,28.05,28.45,200,29.3,200,0,7600
BRITANNIA30JAN203150CE.NFO,07/01/2020,11:33:43,28.05,28.45,200,29.35,200,0,7600
BRITANNIA30JAN203150CE.NFO,07/01/2020,11:33:47,28.05,28.45,400,29.35,200,0,7600
BRITANNIA30JAN203150CE.NFO,07/01/2020,11:33:55,28.05,28.45,400,29.5,400,0,7600
BRITANNIA30JAN203150CE.NFO,07/01/2020,11:34:06,28.05,28.45,400,29.55,400,0,7600
BRITANNIA30JAN203150CE.NFO,07/01/2020,11:34:12,28.05,28.45,400,29.55,200,0,7600
BRITANNIA30JAN203150CE.NFO,07/01/2020,11:34:19,28.05,28.45,400,29.7,400,0,7600
BRITANNIA30JAN203150CE.NFO,07/01/2020,11:34:25,28.05,28.45,400,29.7,200,0,7600
BRITANNIA30JAN203150CE.NFO,07/01/2020,11:34:31,28.05,28.55,400,29.7,200,0,7600
BRITANNIA30JAN203150CE.NFO,07/01/2020,11:34:38,28.05,28.7,400,30.05,200,0,7600
BRITANNIA30JAN203150CE.NFO,07/01/2020,11:34:44,28.05,28.7,400,29.95,200,0,7600
BRITANNIA30JAN203150CE.NFO,07/01/2020,11:34:49,28.05,28.8,400,29.9,400,0,7600
BRITANNIA30JAN203150CE.NFO,07/01/2020,11:34:54,28.05,28.8,400,29.85,200,0,7600
BRITANNIA30JAN203150CE.NFO,07/01/2020,11:34:59,28.05,28.8,400,29.9,200,0,7600
BRITANNIA30JAN203150CE.NFO,07/01/2020,11:35:05,28.05,28.8,400,29.9,400,0,7600
BRITANNIA30JAN203150CE.NFO,07/01/2020,11:35:22,28.05,28.8,400,30,200,0,7600
BRITANNIA30JAN203150CE.NFO,07/01/2020,11:35:27,28.05,28.8,400,30.1,200,0,7600
BRITANNIA30JAN203150CE.NFO,07/01/2020,11:35:32,28.05,28.8,400,30.05,200,0,7600
BRITANNIA30JAN203150CE.NFO,07/01/2020,11:35:48,28.05,28.8,400,29.95,200,0,7600
BRITANNIA30JAN203150CE.NFO,07/01/2020,11:35:52,28.05,28.95,200,29.95,200,0,7600
BRITANNIA30JAN203150CE.NFO,07/01/2020,11:35:57,28.05,28.95,200,29.85,400,0,7600
BRITANNIA30JAN203150CE.NFO,07/01/2020,11:36:02,28.05,28.9,200,29.75,200,0,7600
BRITANNIA30JAN203150CE.NFO,07/01/2020,11:36:07,28.05,28.95,200,29.85,200,0,7600
BRITANNIA30JAN203150CE.NFO,07/01/2020,11:36:11,28.05,29,200,29.9,200,0,7600
BRITANNIA30JAN203150CE.NFO,07/01/2020,11:36:16,28.05,28.9,200,29.8,200,0,7600
BRITANNIA30JAN203150CE.NFO,07/01/2020,11:36:30,28.05,28.9,200,29.8,400,0,7600
BRITANNIA30JAN203150CE.NFO,07/01/2020,11:37:07,28.05,28.95,200,29.8,400,0,7600
BRITANNIA30JAN203150CE.NFO,07/01/2020,11:37:11,28.05,28.9,200,29.8,400,0,7600
BRITANNIA30JAN203150CE.NFO,07/01/2020,11:37:28,28.05,28.75,200,29.8,400,0,7600
BRITANNIA30JAN203150CE.NFO,07/01/2020,11:37:39,28.05,28.8,200,29.8,400,0,7600
BRITANNIA30JAN203150CE.NFO,07/01/2020,11:38:01,28.05,28.75,200,29.8,400,0,7600
BRITANNIA30JAN203150CE.NFO,07/01/2020,11:39:29,28.05,28.8,200,29.8,400,0,7600
BRITANNIA30JAN203150CE.NFO,07/01/2020,11:39:51,28.05,28.8,200,29.7,200,0,7600
BRITANNIA30JAN203150CE.NFO,07/01/2020,11:39:58,28.05,28.4,200,29.3,200,0,7600
BRITANNIA30JAN203150CE.NFO,07/01/2020,11:40:04,28.05,28.5,200,29.3,200,0,7600
BRITANNIA30JAN203150CE.NFO,07/01/2020,11:40:21,28.05,28.5,200,29.5,200,0,7600
BRITANNIA30JAN203150CE.NFO,07/01/2020,11:40:25,28.05,28.4,400,29.45,200,0,7600
BRITANNIA30JAN203150CE.NFO,07/01/2020,11:40:48,28.05,28.4,600,29.45,400,0,7600
BRITANNIA30JAN203150CE.NFO,07/01/2020,11:41:36,28.05,28.4,600,29.35,200,0,7600
BRITANNIA30JAN203150CE.NFO,07/01/2020,11:42:38,28.05,28.45,200,29.4,200,0,7600
BRITANNIA30JAN203150CE.NFO,07/01/2020,11:42:43,28.05,28.45,200,29.3,200,0,7600
BRITANNIA30JAN203150CE.NFO,07/01/2020,11:42:56,28.05,28.45,200,29.25,200,0,7600
BRITANNIA30JAN203150CE.NFO,07/01/2020,11:43:08,28.05,28.45,200,29.3,200,0,7600
BRITANNIA30JAN203150CE.NFO,07/01/2020,11:43:12,28.05,28.45,200,29.25,200,0,7600
BRITANNIA30JAN203150CE.NFO,07/01/2020,11:43:15,28.05,28.45,200,29.35,200,0,7600
BRITANNIA30JAN203150CE.NFO,07/01/2020,11:43:18,28.05,28.6,200,29.45,200,0,7600
BRITANNIA30JAN203150CE.NFO,07/01/2020,11:43:25,28.05,28.65,200,29.5,200,0,7600
BRITANNIA30JAN203150CE.NFO,07/01/2020,11:43:28,28.05,28.6,200,29.45,400,0,7600
BRITANNIA30JAN203150CE.NFO,07/01/2020,11:43:30,28.05,28.65,200,29.45,400,0,7600
BRITANNIA30JAN203150CE.NFO,07/01/2020,11:43:33,28.05,28.6,200,29.45,400,0,7600
BRITANNIA30JAN203150CE.NFO,07/01/2020,11:43:36,28.05,28.6,200,29.4,200,0,7600
BRITANNIA30JAN203150CE.NFO,07/01/2020,11:43:39,28.05,28.65,200,29.4,200,0,7600
BRITANNIA30JAN203150CE.NFO,07/01/2020,11:43:42,28.05,28.5,400,29.4,200,0,7600
BRITANNIA30JAN203150CE.NFO,07/01/2020,11:44:02,28.05,28.6,200,29.35,200,0,7600
BRITANNIA30JAN203150CE.NFO,07/01/2020,11:44:11,28.05,28.55,200,29.3,200,0,7600
BRITANNIA30JAN203150CE.NFO,07/01/2020,11:44:14,28.05,28.15,400,29,200,0,7600
BRITANNIA30JAN203150CE.NFO,07/01/2020,11:44:18,28.05,28.2,200,28.95,200,0,7600
BRITANNIA30JAN203150CE.NFO,07/01/2020,11:44:26,28.05,28.15,200,28.9,200,0,7600
BRITANNIA30JAN203150CE.NFO,07/01/2020,11:44:32,28.05,28.15,200,28.85,200,0,7600
BRITANNIA30JAN203150CE.NFO,07/01/2020,11:44:36,28.05,28,200,28.8,200,0,7600
BRITANNIA30JAN203150CE.NFO,07/01/2020,11:44:43,28.05,28,200,28.75,200,0,7600
BRITANNIA30JAN203150CE.NFO,07/01/2020,11:44:49,28.05,28,200,28.8,200,0,7600
BRITANNIA30JAN203150CE.NFO,07/01/2020,11:44:58,28.05,28,200,28.85,200,0,7600
BRITANNIA30JAN203150CE.NFO,07/01/2020,11:45:01,28.05,28,200,28.8,200,0,7600
BRITANNIA30JAN203150CE.NFO,07/01/2020,11:45:10,28.05,28,200,28.75,200,0,7600
BRITANNIA30JAN203150CE.NFO,07/01/2020,11:45:13,28.05,28,200,28.8,200,0,7600
BRITANNIA30JAN203150CE.NFO,07/01/2020,11:45:15,28.05,28,200,28.75,200,0,7600
BRITANNIA30JAN203150CE.NFO,07/01/2020,11:45:18,28.05,27.9,200,28.75,200,0,7600
BRITANNIA30JAN203150CE.NFO,07/01/2020,11:45:23,28.05,27.9,200,28.75,400,0,7600
BRITANNIA30JAN203150CE.NFO,07/01/2020,11:45:51,28.05,27.9,200,28.75,200,0,7600
BRITANNIA30JAN203150CE.NFO,07/01/2020,11:46:01,28.05,27.9,200,28.7,200,0,7600
BRITANNIA30JAN203150CE.NFO,07/01/2020,11:46:09,28.05,27.9,200,28.7,400,0,7600
BRITANNIA30JAN203150CE.NFO,07/01/2020,11:46:51,28.05,27.9,200,28.7,200,0,7600
BRITANNIA30JAN203150CE.NFO,07/01/2020,11:47:06,28.05,27.9,200,28.75,200,0,7600
BRITANNIA30JAN203150CE.NFO,07/01/2020,11:47:29,28.05,27.9,200,28.75,400,0,7600
BRITANNIA30JAN203150CE.NFO,07/01/2020,11:48:02,28.05,27.8,200,28.75,400,0,7600
BRITANNIA30JAN203150CE.NFO,07/01/2020,11:48:19,28.05,27.55,200,28.75,400,0,7600
BRITANNIA30JAN203150CE.NFO,07/01/2020,11:48:23,28.05,27.6,200,28.65,400,0,7600
BRITANNIA30JAN203150CE.NFO,07/01/2020,11:48:30,28.05,27.65,400,28.65,400,0,7600
BRITANNIA30JAN203150CE.NFO,07/01/2020,11:48:33,28.05,27.65,200,28.65,400,0,7600
BRITANNIA30JAN203150CE.NFO,07/01/2020,11:48:36,28.05,27.65,400,28.65,400,0,7600
BRITANNIA30JAN203150CE.NFO,07/01/2020,11:48:40,28.05,27.65,200,28.65,400,0,7600
BRITANNIA30JAN203150CE.NFO,07/01/2020,11:49:18,28.05,27.55,200,28.65,400,0,7600
BRITANNIA30JAN203150CE.NFO,07/01/2020,11:49:29,28.05,27.55,200,28.4,200,0,7600
BRITANNIA30JAN203150CE.NFO,07/01/2020,11:49:32,28.05,27.65,200,28.4,200,0,7600
BRITANNIA30JAN203150CE.NFO,07/01/2020,11:49:38,28.05,27.65,200,28.5,200,0,7600
BRITANNIA30JAN203150CE.NFO,07/01/2020,11:49:43,28.05,27.9,200,28.65,400,0,7600
BRITANNIA30JAN203150CE.NFO,07/01/2020,11:50:11,28.05,27.9,200,28.6,400,0,7600
BRITANNIA30JAN203150CE.NFO,07/01/2020,11:50:43,28.05,27.9,200,28.6,200,0,7600
BRITANNIA30JAN203150CE.NFO,07/01/2020,11:50:59,28.05,27.9,200,28.65,200,0,7600
BRITANNIA30JAN203150CE.NFO,07/01/2020,11:51:03,28.05,27.9,200,28.7,400,0,7600
BRITANNIA30JAN203150CE.NFO,07/01/2020,11:51:07,28.05,27.95,200,28.75,200,0,7600
BRITANNIA30JAN203150CE.NFO,07/01/2020,11:51:12,28.05,27.9,200,28.6,400,0,7600
BRITANNIA30JAN203150CE.NFO,07/01/2020,11:51:15,28.05,27.9,200,28.6,200,0,7600
BRITANNIA30JAN203150CE.NFO,07/01/2020,11:51:18,28.05,27.9,200,28.65,200,0,7600
BRITANNIA30JAN203150CE.NFO,07/01/2020,11:51:21,28.05,27.95,200,28.8,400,0,7600
BRITANNIA30JAN203150CE.NFO,07/01/2020,11:51:25,28.05,27.95,200,28.75,400,0,7600
BRITANNIA30JAN203150CE.NFO,07/01/2020,11:51:28,28.05,27.95,200,28.85,200,0,7600
BRITANNIA30JAN203150CE.NFO,07/01/2020,11:51:33,28.05,27.95,200,28.75,200,0,7600
BRITANNIA30JAN203150CE.NFO,07/01/2020,11:51:48,28.05,27.95,200,28.65,200,0,7600
BRITANNIA30JAN203150CE.NFO,07/01/2020,11:52:10,28.05,27.5,400,28.55,200,0,7600
BRITANNIA30JAN203150CE.NFO,07/01/2020,11:52:13,28.05,27.6,200,28.55,200,0,7600
BRITANNIA30JAN203150CE.NFO,07/01/2020,11:52:17,28.05,27.8,200,28.55,200,0,7600
BRITANNIA30JAN203150CE.NFO,07/01/2020,11:52:22,28.05,27.8,200,28.45,200,0,7600
BRITANNIA30JAN203150CE.NFO,07/01/2020,11:54:37,28.05,27.8,400,29.2,200,0,7600
BRITANNIA30JAN203150CE.NFO,07/01/2020,11:54:40,28.05,28.25,200,29.2,200,0,7600
BRITANNIA30JAN203150CE.NFO,07/01/2020,11:54:52,28.05,27.9,400,29.1,200,0,7600
BRITANNIA30JAN203150CE.NFO,07/01/2020,11:55:10,28.05,27.9,200,29,200,0,7600
BRITANNIA30JAN203150CE.NFO,07/01/2020,11:55:40,28.05,27.9,400,29,200,0,7600
BRITANNIA30JAN203150CE.NFO,07/01/2020,11:55:45,28.05,27.9,200,29,200,0,7600
BRITANNIA30JAN203150CE.NFO,07/01/2020,11:56:00,28.05,27.9,200,28.9,200,0,7600
BRITANNIA30JAN203150CE.NFO,07/01/2020,11:56:05,28.05,27.9,200,28.8,200,0,7600
BRITANNIA30JAN203150CE.NFO,07/01/2020,11:56:13,28.05,27.9,200,28.9,200,0,7600
BRITANNIA30JAN203150CE.NFO,07/01/2020,11:56:15,28.05,28,200,28.95,200,0,7600
BRITANNIA30JAN203150CE.NFO,07/01/2020,11:56:19,28.05,27.9,200,28.85,200,0,7600
BRITANNIA30JAN203150CE.NFO,07/01/2020,11:57:48,28.05,27.9,200,28.75,200,0,7600
BRITANNIA30JAN203150CE.NFO,07/01/2020,11:59:01,28.05,27.9,200,28.8,200,0,7600
BRITANNIA30JAN203150CE.NFO,07/01/2020,11:59:43,28.05,27.9,200,28.75,400,0,7600
BRITANNIA30JAN203150CE.NFO,07/01/2020,12:00:10,28.05,27.7,200,28.75,400,0,7600
BRITANNIA30JAN203150CE.NFO,07/01/2020,12:00:36,28.05,28,200,28.8,200,0,7600
BRITANNIA30JAN203150CE.NFO,07/01/2020,12:00:39,28.05,28,400,28.8,200,0,7600
BRITANNIA30JAN203150CE.NFO,07/01/2020,12:00:51,28.05,28,200,28.8,200,0,7600
BRITANNIA30JAN203150CE.NFO,07/01/2020,12:01:00,28.05,28.05,200,28.75,400,0,7600
BRITANNIA30JAN203150CE.NFO,07/01/2020,12:01:14,28.05,28.1,200,28.8,200,0,7600
BRITANNIA30JAN203150CE.NFO,07/01/2020,12:01:27,28.05,28.05,200,28.8,200,0,7600
BRITANNIA30JAN203150CE.NFO,07/01/2020,12:01:32,28.05,28.05,200,28.7,200,0,7600
BRITANNIA30JAN203150CE.NFO,07/01/2020,12:02:34,28.05,28.1,400,29.25,200,0,7600
BRITANNIA30JAN203150CE.NFO,07/01/2020,12:02:40,28.05,28.1,400,29.05,200,0,7600
BRITANNIA30JAN203150CE.NFO,07/01/2020,12:03:07,28.05,28.1,200,29.05,200,0,7600
BRITANNIA30JAN203150CE.NFO,07/01/2020,12:03:31,28.05,28.1,200,28.95,200,0,7600
BRITANNIA30JAN203150CE.NFO,07/01/2020,12:03:51,28.05,28.1,200,28.85,200,0,7600
BRITANNIA30JAN203150CE.NFO,07/01/2020,12:05:07,28.05,28.1,200,29.05,200,0,7600
BRITANNIA30JAN203150CE.NFO,07/01/2020,12:05:56,28.05,28.05,200,28.85,200,0,7600
BRITANNIA30JAN203150CE.NFO,07/01/2020,12:06:00,28.05,28.1,200,28.85,200,0,7600
BRITANNIA30JAN203150CE.NFO,07/01/2020,12:06:16,28.05,28.1,200,28.9,200,0,7600
BRITANNIA30JAN203150CE.NFO,07/01/2020,12:06:39,28.05,27.9,200,28.8,200,0,7600
BRITANNIA30JAN203150CE.NFO,07/01/2020,12:06:44,28.05,27.9,200,28.75,200,0,7600
BRITANNIA30JAN203150CE.NFO,07/01/2020,12:07:28,28.05,27.8,200,28.55,200,0,7600
BRITANNIA30JAN203150CE.NFO,07/01/2020,12:07:47,28.05,27.75,400,28.45,200,0,7600
BRITANNIA30JAN203150CE.NFO,07/01/2020,12:07:51,28.05,27.75,400,28.5,400,0,7600
BRITANNIA30JAN203150CE.NFO,07/01/2020,12:07:58,28.05,27.75,400,28.5,200,0,7600
BRITANNIA30JAN203150CE.NFO,07/01/2020,12:08:02,28.05,27.8,200,28.55,200,0,7600
BRITANNIA30JAN203150CE.NFO,07/01/2020,12:08:06,28.05,27.75,400,28.5,200,0,7600
BRITANNIA30JAN203150CE.NFO,07/01/2020,12:08:11,28.05,27.9,200,28.8,400,0,7600
BRITANNIA30JAN203150CE.NFO,07/01/2020,12:08:16,28.05,28.1,200,28.9,200,0,7600
BRITANNIA30JAN203150CE.NFO,07/01/2020,12:08:52,28.05,28.1,200,28.85,200,0,7600
BRITANNIA30JAN203150CE.NFO,07/01/2020,12:08:56,28.05,28.15,200,28.9,200,0,7600
BRITANNIA30JAN203150CE.NFO,07/01/2020,12:09:21,28.05,28.05,400,28.9,200,0,7600
BRITANNIA30JAN203150CE.NFO,07/01/2020,12:09:24,28.05,28.1,200,28.8,200,0,7600
BRITANNIA30JAN203150CE.NFO,07/01/2020,12:09:43,28.05,28.1,200,28.85,200,0,7600
BRITANNIA30JAN203150CE.NFO,07/01/2020,12:11:02,28.05,28.1,200,28.9,200,0,7600
BRITANNIA30JAN203150CE.NFO,07/01/2020,12:11:05,28.05,28.1,400,29.05,200,0,7600
BRITANNIA30JAN203150CE.NFO,07/01/2020,12:13:11,28.05,28.1,400,29.15,200,0,7600
BRITANNIA30JAN203150CE.NFO,07/01/2020,12:13:18,28.05,28.4,200,29.2,200,0,7600
BRITANNIA30JAN203150CE.NFO,07/01/2020,12:13:24,28.05,28.55,200,29.45,200,0,7600
BRITANNIA30JAN203150CE.NFO,07/01/2020,12:13:28,28.05,28.55,400,29.45,200,0,7600
BRITANNIA30JAN203150CE.NFO,07/01/2020,12:13:37,28.05,28.75,200,29.45,200,0,7600
BRITANNIA30JAN203150CE.NFO,07/01/2020,12:13:44,28.05,28.8,400,29.9,400,0,7600
BRITANNIA30JAN203150CE.NFO,07/01/2020,12:13:48,28.05,28.8,200,29.9,400,0,7600
BRITANNIA30JAN203150CE.NFO,07/01/2020,12:13:51,28.05,28.8,200,29.9,200,0,7600
BRITANNIA30JAN203150CE.NFO,07/01/2020,12:14:06,28.05,28.9,200,30.2,400,0,7600
BRITANNIA30JAN203150CE.NFO,07/01/2020,12:14:29,28.05,29.05,400,30.2,400,0,7600
BRITANNIA30JAN203150CE.NFO,07/01/2020,12:14:36,28.05,29.05,400,30.2,200,0,7600
BRITANNIA30JAN203150CE.NFO,07/01/2020,12:15:10,28.05,29.15,200,30.2,200,0,7600
BRITANNIA30JAN203150CE.NFO,07/01/2020,12:15:14,28.05,28.9,400,30.2,400,0,7600
BRITANNIA30JAN203150CE.NFO,07/01/2020,12:15:17,28.05,29,200,30.2,200,0,7600
BRITANNIA30JAN203150CE.NFO,07/01/2020,12:15:21,28.05,28.9,200,30,200,0,7600
BRITANNIA30JAN203150CE.NFO,07/01/2020,12:15:25,28.05,29.05,400,30,200,0,7600
BRITANNIA30JAN203150CE.NFO,07/01/2020,12:15:28,28.05,29.05,200,30,200,0,7600
BRITANNIA30JAN203150CE.NFO,07/01/2020,12:15:36,28.05,29.1,200,30,200,0,7600
BRITANNIA30JAN203150CE.NFO,07/01/2020,12:15:39,28.05,28.95,200,30.1,400,0,7600
BRITANNIA30JAN203150CE.NFO,07/01/2020,12:15:46,28.05,29.1,400,30.15,200,0,7600
BRITANNIA30JAN203150CE.NFO,07/01/2020,12:15:59,28.05,29.1,400,30.1,200,0,7600
BRITANNIA30JAN203150CE.NFO,07/01/2020,12:16:25,28.05,29.2,400,30.2,200,0,7600
BRITANNIA30JAN203150CE.NFO,07/01/2020,12:16:54,28.05,29.2,200,30.2,200,0,7600
BRITANNIA30JAN203150CE.NFO,07/01/2020,12:16:57,28.05,29.3,200,30.2,200,0,7600
BRITANNIA30JAN203150CE.NFO,07/01/2020,12:17:48,28.05,29.25,200,30.2,200,0,7600
BRITANNIA30JAN203150CE.NFO,07/01/2020,12:17:55,28.05,29.3,200,30.2,200,0,7600
BRITANNIA30JAN203150CE.NFO,07/01/2020,12:17:59,28.05,29.25,200,30.2,200,0,7600
BRITANNIA30JAN203150CE.NFO,07/01/2020,12:18:07,28.05,29.45,400,30.4,200,0,7600
BRITANNIA30JAN203150CE.NFO,07/01/2020,12:18:12,28.05,29.45,200,30.4,200,0,7600
BRITANNIA30JAN203150CE.NFO,07/01/2020,12:18:17,28.05,29.35,200,30.45,400,0,7600
BRITANNIA30JAN203150CE.NFO,07/01/2020,12:18:20,28.05,29.3,200,30.45,400,0,7600
BRITANNIA30JAN203150CE.NFO,07/01/2020,12:18:23,28.05,29.35,400,30.45,400,0,7600
BRITANNIA30JAN203150CE.NFO,07/01/2020,12:18:26,28.05,29.35,200,30.45,200,0,7600
BRITANNIA30JAN203150CE.NFO,07/01/2020,12:18:39,28.05,29.4,200,30.45,200,0,7600
BRITANNIA30JAN203150CE.NFO,07/01/2020,12:18:46,28.05,29.4,200,30.45,400,0,7600
BRITANNIA30JAN203150CE.NFO,07/01/2020,12:19:07,28.05,29.4,200,30.35,200,0,7600
BRITANNIA30JAN203150CE.NFO,07/01/2020,12:19:15,28.05,29.4,400,30.35,200,0,7600
BRITANNIA30JAN203150CE.NFO,07/01/2020,12:19:38,28.05,29.4,400,30.4,200,0,7600
BRITANNIA30JAN203150CE.NFO,07/01/2020,12:19:44,28.05,29.45,400,30.4,200,0,7600
BRITANNIA30JAN203150CE.NFO,07/01/2020,12:19:48,28.05,29.45,200,30.4,200,0,7600
BRITANNIA30JAN203150CE.NFO,07/01/2020,12:20:23,28.05,29.45,400,30.4,200,0,7600
BRITANNIA30JAN203150CE.NFO,07/01/2020,12:20:29,28.05,29.45,400,30.45,200,0,7600
BRITANNIA30JAN203150CE.NFO,07/01/2020,12:20:58,28.05,29.65,400,30.5,200,0,7600
BRITANNIA30JAN203150CE.NFO,07/01/2020,12:21:12,28.05,29.5,200,30.45,200,0,7600
BRITANNIA30JAN203150CE.NFO,07/01/2020,12:21:15,28.05,29.5,400,30.5,200,0,7600
BRITANNIA30JAN203150CE.NFO,07/01/2020,12:21:20,28.05,29.6,400,30.5,200,0,7600
BRITANNIA30JAN203150CE.NFO,07/01/2020,12:22:04,28.05,29.4,200,30.15,200,0,7600
BRITANNIA30JAN203150CE.NFO,07/01/2020,12:22:06,28.05,29.25,400,30.3,200,0,7600
BRITANNIA30JAN203150CE.NFO,07/01/2020,12:22:08,28.05,29.25,400,30.25,200,0,7600
BRITANNIA30JAN203150CE.NFO,07/01/2020,12:22:11,28.05,29.25,400,30.3,200,0,7600
BRITANNIA30JAN203150CE.NFO,07/01/2020,12:22:23,28.05,29.45,200,30.3,200,0,7600
BRITANNIA30JAN203150CE.NFO,07/01/2020,12:23:17,28.05,29.45,400,30.5,200,0,7600
BRITANNIA30JAN203150CE.NFO,07/01/2020,12:23:29,28.05,29.45,200,30.5,200,0,7600
BRITANNIA30JAN203150CE.NFO,07/01/2020,12:23:35,28.05,29.45,200,30.5,400,0,7600
BRITANNIA30JAN203150CE.NFO,07/01/2020,12:23:50,28.05,29.45,200,30.5,200,0,7600
BRITANNIA30JAN203150CE.NFO,07/01/2020,12:23:54,28.05,29.85,200,31,200,0,7600
BRITANNIA30JAN203150CE.NFO,07/01/2020,12:23:57,28.05,29.85,400,31.05,400,0,7600
BRITANNIA30JAN203150CE.NFO,07/01/2020,12:23:59,28.05,29.85,400,31,200,0,7600
BRITANNIA30JAN203150CE.NFO,07/01/2020,12:24:04,31,29.95,400,31.2,200,200,7400
BRITANNIA30JAN203150CE.NFO,07/01/2020,12:24:04,31,29.95,400,31.2,200,0,7400
BRITANNIA30JAN203150CE.NFO,07/01/2020,12:24:06,31.25,31.2,2800,31.4,200,400,7400
BRITANNIA30JAN203150CE.NFO,07/01/2020,12:24:06,31.25,31.2,2800,31.4,200,0,7400
BRITANNIA30JAN203150CE.NFO,07/01/2020,12:24:09,31.2,31.2,2600,31.6,400,200,7400
BRITANNIA30JAN203150CE.NFO,07/01/2020,12:24:11,31.2,31.2,2600,31.6,200,0,7400
BRITANNIA30JAN203150CE.NFO,07/01/2020,12:24:17,32,32,2000,32.2,200,1000,7400
BRITANNIA30JAN203150CE.NFO,07/01/2020,12:24:17,32,32,2000,32.2,200,0,7400
BRITANNIA30JAN203150CE.NFO,07/01/2020,12:24:21,32,32,2000,32.05,200,0,7400
BRITANNIA30JAN203150CE.NFO,07/01/2020,12:24:33,32,32,1600,32.55,200,400,7400
BRITANNIA30JAN203150CE.NFO,07/01/2020,12:24:36,32,32,1600,32.55,200,0,7400
BRITANNIA30JAN203150CE.NFO,07/01/2020,12:24:41,32.55,32.55,2800,32.95,200,200,7400
BRITANNIA30JAN203150CE.NFO,07/01/2020,12:24:41,32.55,32.55,2800,32.95,200,0,7400
BRITANNIA30JAN203150CE.NFO,07/01/2020,12:24:44,32.55,32.55,2800,32.95,200,0,7400
BRITANNIA30JAN203150CE.NFO,07/01/2020,12:24:48,32.55,32.55,2800,33,200,0,7400
BRITANNIA30JAN203150CE.NFO,07/01/2020,12:24:51,32.55,32.55,2800,33.15,200,0,7400
BRITANNIA30JAN203150CE.NFO,07/01/2020,12:24:57,32.55,32.15,200,33.15,200,0,7400
BRITANNIA30JAN203150CE.NFO,07/01/2020,12:24:59,32.55,33,200,33.4,400,0,7400
BRITANNIA30JAN203150CE.NFO,07/01/2020,12:25:44,33,31.8,200,32.95,200,200,7400
BRITANNIA30JAN203150CE.NFO,07/01/2020,12:25:44,33,31.8,200,32.95,200,0,7400
BRITANNIA30JAN203150CE.NFO,07/01/2020,12:25:47,33,31.4,600,32.95,200,0,7400
BRITANNIA30JAN203150CE.NFO,07/01/2020,12:25:49,33,31.95,200,33.05,200,0,7400
BRITANNIA30JAN203150CE.NFO,07/01/2020,12:25:51,33,31.85,200,33,200,0,7400
BRITANNIA30JAN203150CE.NFO,07/01/2020,12:25:53,33,31.85,400,33.1,200,0,7400
BRITANNIA30JAN203150CE.NFO,07/01/2020,12:26:03,33,31.55,200,32.8,200,0,7400
BRITANNIA30JAN203150CE.NFO,07/01/2020,12:26:32,33,31.25,400,32.55,200,0,7400
BRITANNIA30JAN203150CE.NFO,07/01/2020,12:27:04,33,31.6,400,32.9,400,0,7400
BRITANNIA30JAN203150CE.NFO,07/01/2020,12:27:11,33,31.7,600,32.9,200,0,7400
BRITANNIA30JAN203150CE.NFO,07/01/2020,12:27:14,33,31.8,400,33.05,200,0,7400
BRITANNIA30JAN203150CE.NFO,07/01/2020,12:27:17,33,31.8,400,33,200,0,7400
BRITANNIA30JAN203150CE.NFO,07/01/2020,12:27:39,33,31.9,200,33,200,0,7400
BRITANNIA30JAN203150CE.NFO,07/01/2020,12:27:46,33,32,200,33,200,0,7400
BRITANNIA30JAN203150CE.NFO,07/01/2020,12:27:57,33,31.9,200,33,200,0,7400
BRITANNIA30JAN203150CE.NFO,07/01/2020,12:28:22,33,31.9,200,32.95,200,0,7400
BRITANNIA30JAN203150CE.NFO,07/01/2020,12:28:25,33,31.7,200,32.95,200,0,7400
BRITANNIA30JAN203150CE.NFO,07/01/2020,12:28:30,33,31.85,200,32.95,200,0,7400
BRITANNIA30JAN203150CE.NFO,07/01/2020,12:28:36,33,31.7,200,32.95,200,0,7400
BRITANNIA30JAN203150CE.NFO,07/01/2020,12:28:38,33,31.8,200,32.95,200,0,7400
BRITANNIA30JAN203150CE.NFO,07/01/2020,12:28:42,33,31.7,200,32.95,200,0,7400
BRITANNIA30JAN203150CE.NFO,07/01/2020,12:28:47,33,31.85,200,32.95,200,0,7400
BRITANNIA30JAN203150CE.NFO,07/01/2020,12:28:52,33,31.7,200,32.95,200,0,7400
BRITANNIA30JAN203150CE.NFO,07/01/2020,12:28:57,33,31.8,200,32.95,200,0,7400
BRITANNIA30JAN203150CE.NFO,07/01/2020,12:29:03,33,31.65,200,32.95,200,0,7400
BRITANNIA30JAN203150CE.NFO,07/01/2020,12:29:09,33,31.8,200,32.95,200,0,7400
BRITANNIA30JAN203150CE.NFO,07/01/2020,12:29:12,33,31.7,200,32.95,200,0,7400
BRITANNIA30JAN203150CE.NFO,07/01/2020,12:29:16,33,31.8,200,32.95,200,0,7400
BRITANNIA30JAN203150CE.NFO,07/01/2020,12:29:22,33,31.7,200,32.95,200,0,7400
BRITANNIA30JAN203150CE.NFO,07/01/2020,12:29:27,33,31.85,200,32.95,200,0,7400
BRITANNIA30JAN203150CE.NFO,07/01/2020,12:29:31,33,31.7,200,32.95,200,0,7400
BRITANNIA30JAN203150CE.NFO,07/01/2020,12:29:35,33,31.8,200,32.95,200,0,7400
BRITANNIA30JAN203150CE.NFO,07/01/2020,12:29:38,33,31.85,200,32.95,200,0,7400
BRITANNIA30JAN203150CE.NFO,07/01/2020,12:29:42,33,31.7,200,32.95,200,0,7400
BRITANNIA30JAN203150CE.NFO,07/01/2020,12:29:45,33,31.75,200,32.85,200,0,7400
BRITANNIA30JAN203150CE.NFO,07/01/2020,12:29:49,33,31.7,200,32.85,200,0,7400
BRITANNIA30JAN203150CE.NFO,07/01/2020,12:29:51,33,31.75,200,32.85,200,0,7400
BRITANNIA30JAN203150CE.NFO,07/01/2020,12:30:03,33,31.45,200,32.85,200,0,7400
BRITANNIA30JAN203150CE.NFO,07/01/2020,12:30:08,33,31.3,200,32.6,200,0,7400
BRITANNIA30JAN203150CE.NFO,07/01/2020,12:30:13,33,31.35,200,32.6,200,0,7400
BRITANNIA30JAN203150CE.NFO,07/01/2020,12:30:19,33,31.5,200,32.6,200,0,7400
BRITANNIA30JAN203150CE.NFO,07/01/2020,12:30:23,33,31.45,200,32.6,200,0,7400
BRITANNIA30JAN203150CE.NFO,07/01/2020,12:30:27,33,31.5,200,32.6,200,0,7400
BRITANNIA30JAN203150CE.NFO,07/01/2020,12:30:31,33,31.55,200,32.6,200,0,7400
BRITANNIA30JAN203150CE.NFO,07/01/2020,12:30:38,33,31.4,200,32.6,200,0,7400
BRITANNIA30JAN203150CE.NFO,07/01/2020,12:30:40,33,31.55,200,32.6,200,0,7400
BRITANNIA30JAN203150CE.NFO,07/01/2020,12:30:50,33,31.95,200,32.95,200,0,7400
BRITANNIA30JAN203150CE.NFO,07/01/2020,12:30:55,33,31.9,200,33.05,200,0,7400
BRITANNIA30JAN203150CE.NFO,07/01/2020,12:30:59,33,32,200,33.15,200,0,7400
BRITANNIA30JAN203150CE.NFO,07/01/2020,12:31:45,33,32.25,200,33.4,200,0,7400
BRITANNIA30JAN203150CE.NFO,07/01/2020,12:31:48,33,32.25,200,33.25,200,0,7400
BRITANNIA30JAN203150CE.NFO,07/01/2020,12:31:55,33,32.3,200,33.25,200,0,7400
BRITANNIA30JAN203150CE.NFO,07/01/2020,12:31:59,33,32.45,200,33.35,200,0,7400
BRITANNIA30JAN203150CE.NFO,07/01/2020,12:32:04,33,32.5,200,33.35,200,0,7400
BRITANNIA30JAN203150CE.NFO,07/01/2020,12:32:07,33,32.15,400,33.5,200,0,7400
BRITANNIA30JAN203150CE.NFO,07/01/2020,12:32:10,33,32.35,200,33.45,400,0,7400
BRITANNIA30JAN203150CE.NFO,07/01/2020,12:32:13,33,32.3,200,33.45,600,0,7400
BRITANNIA30JAN203150CE.NFO,07/01/2020,12:32:17,33,32.15,200,33.45,600,0,7400
BRITANNIA30JAN203150CE.NFO,07/01/2020,12:32:20,33,32.3,200,33.45,600,0,7400
BRITANNIA30JAN203150CE.NFO,07/01/2020,12:32:23,33,32.15,200,33.45,600,0,7400
BRITANNIA30JAN203150CE.NFO,07/01/2020,12:32:26,33,32.2,200,33.45,400,0,7400
BRITANNIA30JAN203150CE.NFO,07/01/2020,12:32:28,33,32.15,200,33.45,400,0,7400
BRITANNIA30JAN203150CE.NFO,07/01/2020,12:32:30,33,32.3,200,33.45,400,0,7400
BRITANNIA30JAN203150CE.NFO,07/01/2020,12:32:37,33,32.35,200,33.35,200,0,7400
BRITANNIA30JAN203150CE.NFO,07/01/2020,12:32:43,33,32.35,200,33.4,400,0,7400
BRITANNIA30JAN203150CE.NFO,07/01/2020,12:32:55,33,32.45,200,33.4,200,0,7400
BRITANNIA30JAN203150CE.NFO,07/01/2020,12:32:58,33,32.5,200,33.4,200,0,7400
BRITANNIA30JAN203150CE.NFO,07/01/2020,12:33:02,33,32.45,200,33.4,200,0,7400
BRITANNIA30JAN203150CE.NFO,07/01/2020,12:33:07,33,32.55,200,33.6,200,0,7400
BRITANNIA30JAN203150CE.NFO,07/01/2020,12:33:11,33,32.55,200,33.5,200,0,7400
BRITANNIA30JAN203150CE.NFO,07/01/2020,12:33:16,33,32.5,200,33.5,200,0,7400
BRITANNIA30JAN203150CE.NFO,07/01/2020,12:33:20,33,32.55,200,33.5,200,0,7400
BRITANNIA30JAN203150CE.NFO,07/01/2020,12:33:36,33,32.55,200,33.5,400,0,7400
BRITANNIA30JAN203150CE.NFO,07/01/2020,12:33:39,33,32.45,200,33.45,200,0,7400
BRITANNIA30JAN203150CE.NFO,07/01/2020,12:33:42,33,32.3,200,33.35,200,0,7400
BRITANNIA30JAN203150CE.NFO,07/01/2020,12:33:44,33,32.25,200,33.5,600,0,7400
BRITANNIA30JAN203150CE.NFO,07/01/2020,12:33:47,33,32.15,200,33.5,600,0,7400
BRITANNIA30JAN203150CE.NFO,07/01/2020,12:33:49,33,32.25,200,33.5,400,0,7400
BRITANNIA30JAN203150CE.NFO,07/01/2020,12:33:52,33,32.3,200,33.35,400,0,7400
BRITANNIA30JAN203150CE.NFO,07/01/2020,12:33:54,33,32.15,200,33.35,400,0,7400
BRITANNIA30JAN203150CE.NFO,07/01/2020,12:33:55,33,32.3,200,33.35,400,0,7400
BRITANNIA30JAN203150CE.NFO,07/01/2020,12:33:58,33,32.15,200,33.35,400,0,7400
BRITANNIA30JAN203150CE.NFO,07/01/2020,12:34:02,33,32.3,200,33.35,200,0,7400
BRITANNIA30JAN203150CE.NFO,07/01/2020,12:34:06,33,32.25,200,33.35,400,0,7400
BRITANNIA30JAN203150CE.NFO,07/01/2020,12:34:09,33,32.2,200,33.35,200,0,7400
BRITANNIA30JAN203150CE.NFO,07/01/2020,12:34:17,33,32.35,200,33.35,200,0,7400
BRITANNIA30JAN203150CE.NFO,07/01/2020,12:34:20,33,32.2,200,33.35,200,0,7400
BRITANNIA30JAN203150CE.NFO,07/01/2020,12:34:22,32.35,32.1,200,33.15,200,200,6800
BRITANNIA30JAN203150CE.NFO,07/01/2020,12:34:25,32.35,32.1,200,33.15,200,0,6800
BRITANNIA30JAN203150CE.NFO,07/01/2020,12:34:28,32.35,32.2,200,33.15,200,0,6800
BRITANNIA30JAN203150CE.NFO,07/01/2020,12:34:32,32.35,32.25,200,33.15,200,0,6800
BRITANNIA30JAN203150CE.NFO,07/01/2020,12:34:40,32.35,32.1,200,33.15,200,0,6800
BRITANNIA30JAN203150CE.NFO,07/01/2020,12:34:46,32.35,32.2,200,33.15,200,0,6800
BRITANNIA30JAN203150CE.NFO,07/01/2020,12:34:49,32.35,31.9,200,33.15,400,0,6800
BRITANNIA30JAN203150CE.NFO,07/01/2020,12:34:52,32.35,31.85,200,33.15,400,0,6800
BRITANNIA30JAN203150CE.NFO,07/01/2020,12:34:55,32.35,31.75,200,33.15,400,0,6800
BRITANNIA30JAN203150CE.NFO,07/01/2020,12:34:58,32.35,31.55,200,33.15,400,0,6800
BRITANNIA30JAN203150CE.NFO,07/01/2020,12:35:01,32.35,31.65,200,33.15,400,0,6800
BRITANNIA30JAN203150CE.NFO,07/01/2020,12:35:10,32.35,31.7,200,33.15,400,0,6800
BRITANNIA30JAN203150CE.NFO,07/01/2020,12:35:14,32.35,31.45,200,33.15,400,0,6800
BRITANNIA30JAN203150CE.NFO,07/01/2020,12:35:16,32.35,31.7,200,33.15,400,0,6800
BRITANNIA30JAN203150CE.NFO,07/01/2020,12:35:18,32.35,31.6,200,33.15,400,0,6800
BRITANNIA30JAN203150CE.NFO,07/01/2020,12:35:20,32.35,31.7,200,33.15,400,0,6800
BRITANNIA30JAN203150CE.NFO,07/01/2020,12:35:23,32.35,31.65,400,33.15,400,0,6800
BRITANNIA30JAN203150CE.NFO,07/01/2020,12:36:25,32.35,31.65,200,32.8,200,0,6800
BRITANNIA30JAN203150CE.NFO,07/01/2020,12:36:28,32.35,31.65,200,32.7,200,0,6800
BRITANNIA30JAN203150CE.NFO,07/01/2020,12:36:30,32.35,31.6,200,32.7,200,0,6800
BRITANNIA30JAN203150CE.NFO,07/01/2020,12:36:32,32.35,31.65,200,32.7,200,0,6800
BRITANNIA30JAN203150CE.NFO,07/01/2020,12:36:34,32.35,32,200,32.7,200,0,6800
BRITANNIA30JAN203150CE.NFO,07/01/2020,12:36:37,32.35,31.9,200,32.7,200,0,6800
BRITANNIA30JAN203150CE.NFO,07/01/2020,12:36:40,32.35,31.85,200,32.7,200,0,6800
BRITANNIA30JAN203150CE.NFO,07/01/2020,12:36:42,32.35,31.9,200,32.7,200,0,6800
BRITANNIA30JAN203150CE.NFO,07/01/2020,12:36:45,32.35,31.85,200,32.7,200,0,6800
BRITANNIA30JAN203150CE.NFO,07/01/2020,12:36:48,32.35,31.9,200,32.7,200,0,6800
BRITANNIA30JAN203150CE.NFO,07/01/2020,12:36:58,32.35,31.8,200,32.7,200,0,6800
BRITANNIA30JAN203150CE.NFO,07/01/2020,12:37:00,32.35,31.85,200,32.7,200,0,6800
BRITANNIA30JAN203150CE.NFO,07/01/2020,12:37:09,32.35,31.8,200,32.7,200,0,6800
BRITANNIA30JAN203150CE.NFO,07/01/2020,12:37:10,32.35,31.85,200,32.7,200,0,6800
BRITANNIA30JAN203150CE.NFO,07/01/2020,12:37:13,32.35,31.95,200,32.9,200,0,6800
BRITANNIA30JAN203150CE.NFO,07/01/2020,12:37:15,32.35,31.95,200,32.95,200,0,6800
BRITANNIA30JAN203150CE.NFO,07/01/2020,12:37:19,32.35,32.1,200,33,200,0,6800
BRITANNIA30JAN203150CE.NFO,07/01/2020,12:37:22,32.35,32.1,200,33.05,200,0,6800
BRITANNIA30JAN203150CE.NFO,07/01/2020,12:37:23,32.35,32.15,200,33.05,200,0,6800
BRITANNIA30JAN203150CE.NFO,07/01/2020,12:37:24,32.35,32.1,200,33.05,200,0,6800
BRITANNIA30JAN203150CE.NFO,07/01/2020,12:37:25,32.35,32.15,200,33.05,200,0,6800
BRITANNIA30JAN203150CE.NFO,07/01/2020,12:37:26,32.35,32.05,200,33.05,200,0,6800
BRITANNIA30JAN203150CE.NFO,07/01/2020,12:37:29,32.35,31.9,200,33.05,200,0,6800
BRITANNIA30JAN203150CE.NFO,07/01/2020,12:37:31,32.35,32.05,200,33.05,200,0,6800
BRITANNIA30JAN203150CE.NFO,07/01/2020,12:37:32,32.35,32,200,33.05,200,0,6800
BRITANNIA30JAN203150CE.NFO,07/01/2020,12:37:34,32.35,32.05,200,33.05,200,0,6800
BRITANNIA30JAN203150CE.NFO,07/01/2020,12:37:42,32.35,32.1,400,33.1,200,0,6800
BRITANNIA30JAN203150CE.NFO,07/01/2020,12:37:46,32.35,32.1,400,33.15,200,0,6800
BRITANNIA30JAN203150CE.NFO,07/01/2020,12:37:55,32.35,32.1,400,33.2,200,0,6800
BRITANNIA30JAN203150CE.NFO,07/01/2020,12:38:08,32.35,31.9,200,33.25,400,0,6800
BRITANNIA30JAN203150CE.NFO,07/01/2020,12:38:11,32.35,32.05,200,33.25,400,0,6800
BRITANNIA30JAN203150CE.NFO,07/01/2020,12:38:14,32.35,31.85,200,33.25,400,0,6800
BRITANNIA30JAN203150CE.NFO,07/01/2020,12:38:17,32.35,32.05,200,33.25,400,0,6800
BRITANNIA30JAN203150CE.NFO,07/01/2020,12:38:20,32.35,31.9,200,33.25,400,0,6800
BRITANNIA30JAN203150CE.NFO,07/01/2020,12:38:23,32.35,31.95,200,33.25,400,0,6800
BRITANNIA30JAN203150CE.NFO,07/01/2020,12:38:26,32.35,31.85,200,33.25,400,0,6800
BRITANNIA30JAN203150CE.NFO,07/01/2020,12:38:29,32.35,32.1,200,33.25,400,0,6800
BRITANNIA30JAN203150CE.NFO,07/01/2020,12:38:32,32.35,32.15,200,33.25,400,0,6800
BRITANNIA30JAN203150CE.NFO,07/01/2020,12:38:37,32.35,32.05,200,33.25,400,0,6800
BRITANNIA30JAN203150CE.NFO,07/01/2020,12:38:39,32.35,32.15,200,33.25,400,0,6800
BRITANNIA30JAN203150CE.NFO,07/01/2020,12:38:41,32.35,32.1,200,33.25,400,0,6800
BRITANNIA30JAN203150CE.NFO,07/01/2020,12:38:44,32.35,32.15,200,33.25,400,0,6800
BRITANNIA30JAN203150CE.NFO,07/01/2020,12:38:46,32.35,32.05,200,33.25,400,0,6800
BRITANNIA30JAN203150CE.NFO,07/01/2020,12:38:51,32.35,32.15,200,33.25,400,0,6800
BRITANNIA30JAN203150CE.NFO,07/01/2020,12:38:54,32.35,32.15,200,33.1,200,0,6800
BRITANNIA30JAN203150CE.NFO,07/01/2020,12:38:58,32.35,31.9,200,33.05,200,0,6800
BRITANNIA30JAN203150CE.NFO,07/01/2020,12:39:01,32.35,32.15,200,33,200,0,6800
BRITANNIA30JAN203150CE.NFO,07/01/2020,12:39:05,32.35,32.1,200,33,200,0,6800
BRITANNIA30JAN203150CE.NFO,07/01/2020,12:39:07,32.35,32,200,33,400,0,6800
BRITANNIA30JAN203150CE.NFO,07/01/2020,12:39:13,32.35,31.9,200,33,400,0,6800
BRITANNIA30JAN203150CE.NFO,07/01/2020,12:39:16,32.35,31.75,200,33,400,0,6800
BRITANNIA30JAN203150CE.NFO,07/01/2020,12:39:19,32.35,31.7,200,33,400,0,6800
BRITANNIA30JAN203150CE.NFO,07/01/2020,12:39:23,32.8,31.75,200,33,400,200,6800
BRITANNIA30JAN203150CE.NFO,07/01/2020,12:39:26,32.8,31.75,200,33,400,0,6800
BRITANNIA30JAN203150CE.NFO,07/01/2020,12:39:29,32.8,31.45,200,33,400,0,6800
BRITANNIA30JAN203150CE.NFO,07/01/2020,12:39:32,32.8,31.35,200,33,400,0,6800
BRITANNIA30JAN203150CE.NFO,07/01/2020,12:39:34,32.8,31.3,200,33,400,0,6800
BRITANNIA30JAN203150CE.NFO,07/01/2020,12:39:36,32.8,31.35,200,33,400,0,6800
BRITANNIA30JAN203150CE.NFO,07/01/2020,12:39:38,32.8,31.4,200,33,400,0,6800
BRITANNIA30JAN203150CE.NFO,07/01/2020,12:39:40,32.8,31.35,200,33,400,0,6800
BRITANNIA30JAN203150CE.NFO,07/01/2020,12:39:42,32.8,31.4,200,33,400,0,6800
BRITANNIA30JAN203150CE.NFO,07/01/2020,12:39:48,32.8,31.35,200,32.75,200,0,6800
BRITANNIA30JAN203150CE.NFO,07/01/2020,12:39:50,32.8,31.5,200,32.45,200,0,6800
BRITANNIA30JAN203150CE.NFO,07/01/2020,12:39:52,32.8,31.5,200,32.3,200,0,6800
BRITANNIA30JAN203150CE.NFO,07/01/2020,12:39:54,32.8,31.55,400,32.5,400,0,6800
BRITANNIA30JAN203150CE.NFO,07/01/2020,12:39:57,32.8,31.55,400,32.5,200,0,6800
BRITANNIA30JAN203150CE.NFO,07/01/2020,12:40:33,32.8,31.55,400,32.6,200,0,6800
BRITANNIA30JAN203150CE.NFO,07/01/2020,12:40:36,32.8,31.55,400,32.65,400,0,6800
BRITANNIA30JAN203150CE.NFO,07/01/2020,12:40:51,32.8,31.9,200,32.95,400,0,6800
BRITANNIA30JAN203150CE.NFO,07/01/2020,12:40:53,32.8,31.95,200,32.95,200,0,6800
BRITANNIA30JAN203150CE.NFO,07/01/2020,12:41:00,32.8,31.85,200,32.95,200,0,6800
BRITANNIA30JAN203150CE.NFO,07/01/2020,12:41:11,32.8,31.9,200,32.95,200,0,6800
BRITANNIA30JAN203150CE.NFO,07/01/2020,12:41:13,32.8,31.85,200,32.95,200,0,6800
BRITANNIA30JAN203150CE.NFO,07/01/2020,12:41:16,32.8,31.95,200,33.1,200,0,6800
BRITANNIA30JAN203150CE.NFO,07/01/2020,12:41:18,32.8,32.05,200,33.1,200,0,6800
BRITANNIA30JAN203150CE.NFO,07/01/2020,12:41:21,32.8,32.1,200,33.1,200,0,6800
BRITANNIA30JAN203150CE.NFO,07/01/2020,12:41:23,32.8,32.05,200,33.1,200,0,6800
BRITANNIA30JAN203150CE.NFO,07/01/2020,12:41:25,32.8,31.95,200,33.1,200,0,6800
BRITANNIA30JAN203150CE.NFO,07/01/2020,12:41:29,32.8,32.1,200,33.1,200,0,6800
BRITANNIA30JAN203150CE.NFO,07/01/2020,12:41:35,32.8,32.15,200,33.1,200,0,6800
BRITANNIA30JAN203150CE.NFO,07/01/2020,12:41:37,32.8,32.05,200,33.1,200,0,6800
BRITANNIA30JAN203150CE.NFO,07/01/2020,12:41:43,32.8,31.95,200,32.95,200,0,6800
BRITANNIA30JAN203150CE.NFO,07/01/2020,12:41:45,32.8,31.85,200,32.95,200,0,6800
BRITANNIA30JAN203150CE.NFO,07/01/2020,12:41:46,32.8,31.9,200,32.95,200,0,6800
BRITANNIA30JAN203150CE.NFO,07/01/2020,12:41:48,32.8,31.85,200,32.95,400,0,6800
BRITANNIA30JAN203150CE.NFO,07/01/2020,12:41:50,32.8,31.8,200,32.95,400,0,6800
BRITANNIA30JAN203150CE.NFO,07/01/2020,12:41:53,32.8,31.85,200,32.95,400,0,6800
BRITANNIA30JAN203150CE.NFO,07/01/2020,12:41:55,32.8,31.75,200,32.95,400,0,6800
BRITANNIA30JAN203150CE.NFO,07/01/2020,12:41:56,32.8,31.85,200,32.95,400,0,6800
BRITANNIA30JAN203150CE.NFO,07/01/2020,12:41:59,32.8,31.75,200,32.95,400,0,6800
BRITANNIA30JAN203150CE.NFO,07/01/2020,12:42:01,32.8,31.9,200,32.95,400,0,6800
BRITANNIA30JAN203150CE.NFO,07/01/2020,12:42:08,32.8,31.8,200,32.95,200,0,6800
BRITANNIA30JAN203150CE.NFO,07/01/2020,12:42:10,32.8,31.95,200,32.95,200,0,6800
BRITANNIA30JAN203150CE.NFO,07/01/2020,12:42:16,32.8,32,200,32.95,200,0,6800
BRITANNIA30JAN203150CE.NFO,07/01/2020,12:42:19,32.8,31.85,200,32.95,200,0,6800
BRITANNIA30JAN203150CE.NFO,07/01/2020,12:42:22,32.8,32,200,32.95,200,0,6800
BRITANNIA30JAN203150CE.NFO,07/01/2020,12:42:26,32.8,31.85,200,32.95,200,0,6800
BRITANNIA30JAN203150CE.NFO,07/01/2020,12:42:29,32.8,31.9,200,32.95,400,0,6800
BRITANNIA30JAN203150CE.NFO,07/01/2020,12:42:35,32.8,31.65,200,32.95,400,0,6800
BRITANNIA30JAN203150CE.NFO,07/01/2020,12:42:39,32.8,31.7,200,32.95,400,0,6800
BRITANNIA30JAN203150CE.NFO,07/01/2020,12:42:42,32.8,31.75,200,32.95,400,0,6800
BRITANNIA30JAN203150CE.NFO,07/01/2020,12:42:46,32.8,31.85,200,32.95,400,0,6800
BRITANNIA30JAN203150CE.NFO,07/01/2020,12:42:49,32.8,31.8,200,32.95,400,0,6800
BRITANNIA30JAN203150CE.NFO,07/01/2020,12:42:52,32.8,31.75,200,32.95,400,0,6800
BRITANNIA30JAN203150CE.NFO,07/01/2020,12:42:55,32.8,31.8,200,32.95,400,0,6800
BRITANNIA30JAN203150CE.NFO,07/01/2020,12:42:59,32.8,31.6,200,32.95,400,0,6800
BRITANNIA30JAN203150CE.NFO,07/01/2020,12:43:02,32.8,31.75,200,32.95,400,0,6800
BRITANNIA30JAN203150CE.NFO,07/01/2020,12:43:06,32.8,31.6,200,32.95,400,0,6800
BRITANNIA30JAN203150CE.NFO,07/01/2020,12:43:08,32.8,31.8,200,32.95,400,0,6800
BRITANNIA30JAN203150CE.NFO,07/01/2020,12:43:11,32.8,31.75,200,32.95,400,0,6800
BRITANNIA30JAN203150CE.NFO,07/01/2020,12:43:13,32.8,31.65,200,32.95,400,0,6800
BRITANNIA30JAN203150CE.NFO,07/01/2020,12:43:15,32.8,31.85,200,32.95,400,0,6800
BRITANNIA30JAN203150CE.NFO,07/01/2020,12:43:21,32.8,31.65,200,32.95,400,0,6800
BRITANNIA30JAN203150CE.NFO,07/01/2020,12:43:23,32.8,31.85,200,32.95,400,0,6800
BRITANNIA30JAN203150CE.NFO,07/01/2020,12:43:27,32.8,31.9,200,32.95,400,0,6800
BRITANNIA30JAN203150CE.NFO,07/01/2020,12:43:30,32.8,31.85,200,32.95,400,0,6800
BRITANNIA30JAN203150CE.NFO,07/01/2020,12:43:32,32.8,31.9,200,32.95,400,0,6800
BRITANNIA30JAN203150CE.NFO,07/01/2020,12:43:34,32.8,31.95,200,32.95,400,0,6800
BRITANNIA30JAN203150CE.NFO,07/01/2020,12:43:36,32.8,31.9,200,32.95,400,0,6800
BRITANNIA30JAN203150CE.NFO,07/01/2020,12:43:39,32.8,31.8,200,32.95,400,0,6800
BRITANNIA30JAN203150CE.NFO,07/01/2020,12:43:42,32.8,32.05,200,33.1,200,0,6800
BRITANNIA30JAN203150CE.NFO,07/01/2020,12:43:45,32.8,32,200,33.1,200,0,6800
BRITANNIA30JAN203150CE.NFO,07/01/2020,12:43:48,32.8,32.1,200,33.1,200,0,6800
BRITANNIA30JAN203150CE.NFO,07/01/2020,12:43:50,32.8,32,200,33.1,200,0,6800
BRITANNIA30JAN203150CE.NFO,07/01/2020,12:43:54,32.8,32.15,200,33.1,200,0,6800
BRITANNIA30JAN203150CE.NFO,07/01/2020,12:43:56,32.8,32,200,33.1,200,0,6800
BRITANNIA30JAN203150CE.NFO,07/01/2020,12:44:00,32.8,32.05,200,33.1,200,0,6800
BRITANNIA30JAN203150CE.NFO,07/01/2020,12:44:02,32.8,32.2,200,33.1,200,0,6800
BRITANNIA30JAN203150CE.NFO,07/01/2020,12:44:04,32.8,32.05,200,33.1,200,0,6800
BRITANNIA30JAN203150CE.NFO,07/01/2020,12:44:06,32.8,32.15,200,33.1,200,0,6800
BRITANNIA30JAN203150CE.NFO,07/01/2020,12:44:08,32.8,31.85,200,33.1,400,0,6800
BRITANNIA30JAN203150CE.NFO,07/01/2020,12:44:11,32.8,31.95,200,33.1,400,0,6800
BRITANNIA30JAN203150CE.NFO,07/01/2020,12:44:14,32.8,31.85,200,33.1,400,0,6800
BRITANNIA30JAN203150CE.NFO,07/01/2020,12:44:17,32.8,31.95,200,33.1,400,0,6800
BRITANNIA30JAN203150CE.NFO,07/01/2020,12:44:19,32.8,32,200,33.1,400,0,6800
BRITANNIA30JAN203150CE.NFO,07/01/2020,12:44:32,32.8,31.9,200,33.1,400,0,6800
BRITANNIA30JAN203150CE.NFO,07/01/2020,12:44:39,32.8,32,200,33.1,400,0,6800
BRITANNIA30JAN203150CE.NFO,07/01/2020,12:44:42,32.8,32.05,200,33.1,400,0,6800
BRITANNIA30JAN203150CE.NFO,07/01/2020,12:44:46,32.8,31.9,200,33.1,400,0,6800
