Ticker,Date,Time,LTP,BuyPrice,BuyQty,SellPrice,SellQty,LTQ,OpenInterest
BRITANNIA30JAN202850PE.NFO,07/01/2020,09:37:47,11.1,9.6,200,11.1,200,200,7400
BRITANNIA30JAN202850PE.NFO,07/01/2020,09:37:47,11.1,9.6,200,11.1,200,0,7400
BRITANNIA30JAN202850PE.NFO,07/01/2020,09:37:47,11.1,9.6,200,11.1,200,0,7400
BRITANNIA30JAN202850PE.NFO,07/01/2020,09:37:47,11.1,9.6,200,11.1,200,0,7400
BRITANNIA30JAN202850PE.NFO,07/01/2020,09:38:38,11.1,9.6,200,11.1,200,0,7400
BRITANNIA30JAN202850PE.NFO,07/01/2020,09:38:48,11.1,9.6,200,11.05,200,0,7400
BRITANNIA30JAN202850PE.NFO,07/01/2020,09:39:47,11.05,9.6,200,11.15,200,200,7400
BRITANNIA30JAN202850PE.NFO,07/01/2020,09:39:47,11.05,9.6,200,11.15,200,0,7400
BRITANNIA30JAN202850PE.NFO,07/01/2020,09:40:00,11.15,9.6,200,11.4,200,200,7600
BRITANNIA30JAN202850PE.NFO,07/01/2020,09:40:00,11.15,9.6,200,11.4,200,0,7600
BRITANNIA30JAN202850PE.NFO,07/01/2020,09:41:18,11.15,9.6,200,11.45,400,0,7600
BRITANNIA30JAN202850PE.NFO,07/01/2020,09:41:23,11.15,9.6,200,11.75,200,0,7600
BRITANNIA30JAN202850PE.NFO,07/01/2020,09:41:28,11.15,9.6,200,11.7,200,0,7600
BRITANNIA30JAN202850PE.NFO,07/01/2020,09:41:33,11.15,9.6,200,11.75,400,0,7600
BRITANNIA30JAN202850PE.NFO,07/01/2020,09:42:04,11.15,9.6,200,11.85,200,0,7600
BRITANNIA30JAN202850PE.NFO,07/01/2020,09:42:51,11.85,9.6,200,12,200,200,7600
BRITANNIA30JAN202850PE.NFO,07/01/2020,09:42:51,11.85,9.6,200,12,200,0,7600
BRITANNIA30JAN202850PE.NFO,07/01/2020,09:42:57,11.85,9.6,200,12,400,0,8000
BRITANNIA30JAN202850PE.NFO,07/01/2020,09:43:03,11.85,9.6,200,12,200,0,8000
BRITANNIA30JAN202850PE.NFO,07/01/2020,09:43:20,11.85,9.6,200,12,400,0,8000
BRITANNIA30JAN202850PE.NFO,07/01/2020,09:45:11,11.85,9.6,200,12,200,0,8000
BRITANNIA30JAN202850PE.NFO,07/01/2020,09:45:18,11.85,9.6,200,12,400,0,8000
BRITANNIA30JAN202850PE.NFO,07/01/2020,09:46:31,11.85,9.6,200,11.75,200,0,8000
BRITANNIA30JAN202850PE.NFO,07/01/2020,09:46:36,11.85,9.6,200,12,200,0,8000
BRITANNIA30JAN202850PE.NFO,07/01/2020,09:46:42,11.85,9.6,200,12,400,0,8000
BRITANNIA30JAN202850PE.NFO,07/01/2020,09:47:49,11.85,9.6,200,11.75,200,0,8000
BRITANNIA30JAN202850PE.NFO,07/01/2020,09:50:47,11.85,9.6,200,11.45,200,0,8000
BRITANNIA30JAN202850PE.NFO,07/01/2020,09:51:51,11.85,9.6,200,11.45,400,0,8000
BRITANNIA30JAN202850PE.NFO,07/01/2020,09:52:26,11.85,9.85,200,11.45,400,0,8000
BRITANNIA30JAN202850PE.NFO,07/01/2020,09:52:40,11.85,10.25,200,11.45,400,0,8000
BRITANNIA30JAN202850PE.NFO,07/01/2020,09:52:45,11.85,10.45,200,11.45,200,0,8000
BRITANNIA30JAN202850PE.NFO,07/01/2020,09:53:34,11.85,10.65,200,11.55,200,0,8000
BRITANNIA30JAN202850PE.NFO,07/01/2020,09:54:01,11.85,10.65,200,11.6,200,0,8000
BRITANNIA30JAN202850PE.NFO,07/01/2020,09:54:11,11.85,10.65,200,11.65,200,0,8000
BRITANNIA30JAN202850PE.NFO,07/01/2020,09:54:21,11.85,10.65,200,11.7,200,0,8000
BRITANNIA30JAN202850PE.NFO,07/01/2020,09:54:25,11.85,10.85,200,11.75,400,0,8000
BRITANNIA30JAN202850PE.NFO,07/01/2020,09:55:05,11.85,10.85,200,11.75,200,0,8000
BRITANNIA30JAN202850PE.NFO,07/01/2020,09:55:50,11.85,11.15,200,12,200,0,8000
BRITANNIA30JAN202850PE.NFO,07/01/2020,09:55:53,11.85,11.35,200,12.05,200,0,8000
BRITANNIA30JAN202850PE.NFO,07/01/2020,09:55:57,11.85,11.55,200,12.25,200,0,8000
BRITANNIA30JAN202850PE.NFO,07/01/2020,09:56:00,11.85,11.65,200,12.25,200,0,8000
BRITANNIA30JAN202850PE.NFO,07/01/2020,09:56:05,11.85,11.55,200,12.25,200,0,8000
BRITANNIA30JAN202850PE.NFO,07/01/2020,09:56:24,11.85,11.7,200,12.25,200,0,8000
BRITANNIA30JAN202850PE.NFO,07/01/2020,09:56:29,11.85,11.65,400,12.25,200,0,8000
BRITANNIA30JAN202850PE.NFO,07/01/2020,09:56:33,11.85,11.65,200,12.25,200,0,8000
BRITANNIA30JAN202850PE.NFO,07/01/2020,09:56:37,11.85,11.6,200,12.25,200,0,8000
BRITANNIA30JAN202850PE.NFO,07/01/2020,09:56:47,11.85,11.5,200,12.25,200,0,8000
BRITANNIA30JAN202850PE.NFO,07/01/2020,09:56:51,11.85,11.55,400,12.25,200,0,8000
BRITANNIA30JAN202850PE.NFO,07/01/2020,09:57:04,11.85,11.55,200,12.25,200,0,8000
BRITANNIA30JAN202850PE.NFO,07/01/2020,09:58:15,11.85,11.55,200,12.15,200,0,8000
BRITANNIA30JAN202850PE.NFO,07/01/2020,09:58:19,11.85,11.65,200,12.15,200,0,8000
BRITANNIA30JAN202850PE.NFO,07/01/2020,09:59:20,11.85,11.65,200,12.2,200,0,8000
BRITANNIA30JAN202850PE.NFO,07/01/2020,10:00:33,11.85,11.65,200,12.25,200,0,8000
BRITANNIA30JAN202850PE.NFO,07/01/2020,10:01:00,11.85,11.75,200,12.25,200,0,8000
BRITANNIA30JAN202850PE.NFO,07/01/2020,10:01:36,11.85,11.85,200,12.25,200,0,8000
BRITANNIA30JAN202850PE.NFO,07/01/2020,10:01:42,11.85,11.85,200,12.3,200,0,8000
BRITANNIA30JAN202850PE.NFO,07/01/2020,10:01:47,11.85,11.85,200,12.35,400,0,8000
BRITANNIA30JAN202850PE.NFO,07/01/2020,10:02:03,11.85,11.95,200,12.3,200,0,8000
BRITANNIA30JAN202850PE.NFO,07/01/2020,10:03:29,11.85,12.05,200,12.35,200,0,8000
BRITANNIA30JAN202850PE.NFO,07/01/2020,10:03:35,11.85,12.05,200,12.35,400,0,8000
BRITANNIA30JAN202850PE.NFO,07/01/2020,10:03:40,11.85,12.05,200,12.35,200,0,8000
BRITANNIA30JAN202850PE.NFO,07/01/2020,10:03:58,11.85,12.05,200,12.35,400,0,8000
BRITANNIA30JAN202850PE.NFO,07/01/2020,10:04:03,11.85,12.05,200,12.35,200,0,8000
BRITANNIA30JAN202850PE.NFO,07/01/2020,10:04:12,11.85,12.15,200,12.35,200,0,8000
BRITANNIA30JAN202850PE.NFO,07/01/2020,10:05:03,11.85,12.25,200,12.65,200,0,8000
BRITANNIA30JAN202850PE.NFO,07/01/2020,10:05:38,11.85,12.25,200,12.6,200,0,8000
BRITANNIA30JAN202850PE.NFO,07/01/2020,10:06:05,11.85,12.25,200,12.65,400,0,8000
BRITANNIA30JAN202850PE.NFO,07/01/2020,10:06:18,11.85,12.25,200,12.65,200,0,8000
BRITANNIA30JAN202850PE.NFO,07/01/2020,10:06:23,11.85,12.35,200,12.65,200,0,8000
BRITANNIA30JAN202850PE.NFO,07/01/2020,10:06:28,11.85,12.35,200,12.6,200,0,8000
BRITANNIA30JAN202850PE.NFO,07/01/2020,10:06:38,12.45,12.4,200,12.65,200,200,7400
BRITANNIA30JAN202850PE.NFO,07/01/2020,10:06:38,12.45,12.4,200,12.65,200,0,7400
BRITANNIA30JAN202850PE.NFO,07/01/2020,10:06:54,12.45,12.4,200,12.65,200,0,7400
BRITANNIA30JAN202850PE.NFO,07/01/2020,10:07:40,12.45,12.5,200,12.65,200,0,7400
BRITANNIA30JAN202850PE.NFO,07/01/2020,10:08:24,12.45,12.45,200,12.65,200,0,7400
BRITANNIA30JAN202850PE.NFO,07/01/2020,10:09:17,12.45,12.5,400,12.65,200,0,7400
BRITANNIA30JAN202850PE.NFO,07/01/2020,10:09:22,12.45,12.7,200,12.95,200,0,7400
BRITANNIA30JAN202850PE.NFO,07/01/2020,10:10:10,12.45,12.6,200,12.95,200,0,7400
BRITANNIA30JAN202850PE.NFO,07/01/2020,10:10:36,12.45,12.6,200,12.95,400,0,7400
BRITANNIA30JAN202850PE.NFO,07/01/2020,10:10:40,12.45,12.6,200,12.95,200,0,7400
BRITANNIA30JAN202850PE.NFO,07/01/2020,10:11:11,12.45,12.6,200,12.9,200,0,7400
BRITANNIA30JAN202850PE.NFO,07/01/2020,10:11:16,12.45,12.6,200,12.95,200,0,7400
BRITANNIA30JAN202850PE.NFO,07/01/2020,10:11:20,12.45,12.6,200,12.9,200,0,7400
BRITANNIA30JAN202850PE.NFO,07/01/2020,10:11:24,12.45,12.6,200,12.95,400,0,7400
BRITANNIA30JAN202850PE.NFO,07/01/2020,10:11:51,12.45,12.6,200,12.95,200,0,7400
BRITANNIA30JAN202850PE.NFO,07/01/2020,10:12:00,12.45,12.7,200,12.95,200,0,7400
BRITANNIA30JAN202850PE.NFO,07/01/2020,10:14:48,12.45,12.5,200,12.95,200,0,7400
BRITANNIA30JAN202850PE.NFO,07/01/2020,10:15:23,12.45,12.25,200,12.95,200,0,7400
BRITANNIA30JAN202850PE.NFO,07/01/2020,10:15:47,12.45,12.25,200,12.75,200,0,7400
BRITANNIA30JAN202850PE.NFO,07/01/2020,10:15:53,12.45,12.35,200,12.8,200,0,7400
BRITANNIA30JAN202850PE.NFO,07/01/2020,10:15:58,12.45,12.35,200,12.75,200,0,7400
BRITANNIA30JAN202850PE.NFO,07/01/2020,10:16:54,12.45,12.3,200,12.75,200,0,7400
BRITANNIA30JAN202850PE.NFO,07/01/2020,10:16:58,12.45,12.35,400,12.75,200,0,7400
BRITANNIA30JAN202850PE.NFO,07/01/2020,10:17:01,12.45,12.35,200,12.75,200,0,7400
BRITANNIA30JAN202850PE.NFO,07/01/2020,10:17:05,12.45,12.25,200,12.75,200,0,7400
BRITANNIA30JAN202850PE.NFO,07/01/2020,10:17:13,12.45,12.3,200,12.75,200,0,7400
BRITANNIA30JAN202850PE.NFO,07/01/2020,10:17:17,12.45,12.2,200,12.75,200,0,7400
BRITANNIA30JAN202850PE.NFO,07/01/2020,10:17:21,12.45,12.25,200,12.75,200,0,7400
BRITANNIA30JAN202850PE.NFO,07/01/2020,10:17:29,12.45,11.65,200,12.6,200,0,7400
BRITANNIA30JAN202850PE.NFO,07/01/2020,10:17:34,12.45,11.8,200,12.4,200,0,7400
BRITANNIA30JAN202850PE.NFO,07/01/2020,10:17:46,12.45,11.8,400,12.4,200,0,7400
BRITANNIA30JAN202850PE.NFO,07/01/2020,10:17:50,12.45,11.8,200,12.4,200,0,7400
BRITANNIA30JAN202850PE.NFO,07/01/2020,10:17:54,12.45,11.75,400,12.4,200,0,7400
BRITANNIA30JAN202850PE.NFO,07/01/2020,10:17:57,12.45,11.8,400,12.4,200,0,7400
BRITANNIA30JAN202850PE.NFO,07/01/2020,10:18:01,12.45,11.8,200,12.4,200,0,7400
BRITANNIA30JAN202850PE.NFO,07/01/2020,10:18:08,12.45,11.75,400,12.4,200,0,7400
BRITANNIA30JAN202850PE.NFO,07/01/2020,10:18:12,12.45,11.75,200,12.4,200,0,7400
BRITANNIA30JAN202850PE.NFO,07/01/2020,10:18:17,12.45,11.7,400,12.4,200,0,7400
BRITANNIA30JAN202850PE.NFO,07/01/2020,10:18:33,12.45,11.8,200,12.3,200,0,7400
BRITANNIA30JAN202850PE.NFO,07/01/2020,10:18:38,12.45,11.75,200,12.3,200,0,7400
BRITANNIA30JAN202850PE.NFO,07/01/2020,10:18:44,12.45,11.8,200,12.3,200,0,7400
BRITANNIA30JAN202850PE.NFO,07/01/2020,10:18:49,12.45,11.8,400,12.3,200,0,7400
BRITANNIA30JAN202850PE.NFO,07/01/2020,10:18:53,12.45,11.8,200,12.3,200,0,7400
BRITANNIA30JAN202850PE.NFO,07/01/2020,10:19:08,12.45,11.85,200,12.3,200,0,7400
BRITANNIA30JAN202850PE.NFO,07/01/2020,10:19:16,12.45,11.8,200,12.3,200,0,7400
BRITANNIA30JAN202850PE.NFO,07/01/2020,10:19:34,12.45,11.75,200,12.3,200,0,7400
BRITANNIA30JAN202850PE.NFO,07/01/2020,10:21:17,12.45,11.75,400,12.3,200,0,7400
BRITANNIA30JAN202850PE.NFO,07/01/2020,10:22:23,12.45,11.75,400,12.35,200,0,7400
BRITANNIA30JAN202850PE.NFO,07/01/2020,10:22:27,12.45,11.75,400,12.4,200,0,7400
BRITANNIA30JAN202850PE.NFO,07/01/2020,10:22:31,12.45,11.75,400,12.55,200,0,7400
BRITANNIA30JAN202850PE.NFO,07/01/2020,10:23:07,12.45,11.75,200,12.45,200,0,7400
BRITANNIA30JAN202850PE.NFO,07/01/2020,10:23:11,12.45,11.85,200,12.45,200,0,7400
BRITANNIA30JAN202850PE.NFO,07/01/2020,10:23:20,12.45,12.05,200,12.45,200,0,7400
BRITANNIA30JAN202850PE.NFO,07/01/2020,10:23:55,12.45,12,200,12.45,200,0,7400
BRITANNIA30JAN202850PE.NFO,07/01/2020,10:24:19,12.45,12,200,12.5,200,0,7400
BRITANNIA30JAN202850PE.NFO,07/01/2020,10:24:50,12.45,12.05,200,12.5,200,0,7400
BRITANNIA30JAN202850PE.NFO,07/01/2020,10:26:08,12.45,12,400,12.5,200,0,7400
BRITANNIA30JAN202850PE.NFO,07/01/2020,10:26:12,12.45,12,400,12.4,200,0,7400
BRITANNIA30JAN202850PE.NFO,07/01/2020,10:26:16,12.45,12,400,12.45,200,0,7400
BRITANNIA30JAN202850PE.NFO,07/01/2020,10:26:30,12.45,12,400,12.5,400,0,7400
BRITANNIA30JAN202850PE.NFO,07/01/2020,10:26:33,12.45,11.95,200,12.5,400,0,7400
BRITANNIA30JAN202850PE.NFO,07/01/2020,10:26:36,12.45,11.9,200,12.5,400,0,7400
BRITANNIA30JAN202850PE.NFO,07/01/2020,10:26:40,12.45,11.85,200,12.5,400,0,7400
BRITANNIA30JAN202850PE.NFO,07/01/2020,10:26:50,12.45,11.9,400,12.5,400,0,7400
BRITANNIA30JAN202850PE.NFO,07/01/2020,10:26:53,12.45,11.85,200,12.5,400,0,7400
BRITANNIA30JAN202850PE.NFO,07/01/2020,10:27:11,12.45,11.9,400,12.5,400,0,7400
BRITANNIA30JAN202850PE.NFO,07/01/2020,10:27:35,12.45,12,200,12.5,200,0,7400
BRITANNIA30JAN202850PE.NFO,07/01/2020,10:27:55,12.45,12,400,12.5,200,0,7400
BRITANNIA30JAN202850PE.NFO,07/01/2020,10:28:06,12.45,11.95,400,12.5,200,0,7400
BRITANNIA30JAN202850PE.NFO,07/01/2020,10:30:34,12.45,11.95,400,12.65,200,0,7400
BRITANNIA30JAN202850PE.NFO,07/01/2020,10:30:45,12.45,12.05,200,12.65,200,0,7400
BRITANNIA30JAN202850PE.NFO,07/01/2020,10:30:55,12.45,12.15,200,12.65,200,0,7400
BRITANNIA30JAN202850PE.NFO,07/01/2020,10:30:58,12.45,12.2,200,12.65,200,0,7400
BRITANNIA30JAN202850PE.NFO,07/01/2020,10:31:02,12.45,12.15,200,12.65,200,0,7400
BRITANNIA30JAN202850PE.NFO,07/01/2020,10:31:24,12.45,12.2,400,12.65,200,0,7400
BRITANNIA30JAN202850PE.NFO,07/01/2020,10:31:51,12.45,12.2,200,12.65,200,0,7400
BRITANNIA30JAN202850PE.NFO,07/01/2020,10:32:03,12.45,12.15,200,12.65,200,0,7400
BRITANNIA30JAN202850PE.NFO,07/01/2020,10:32:07,12.45,12.1,200,12.65,200,0,7400
BRITANNIA30JAN202850PE.NFO,07/01/2020,10:32:20,12.45,12.05,200,12.65,200,0,7400
BRITANNIA30JAN202850PE.NFO,07/01/2020,10:33:08,12.45,12.1,400,12.65,200,0,7400
BRITANNIA30JAN202850PE.NFO,07/01/2020,10:33:22,12.45,12.1,200,12.65,200,0,7400
BRITANNIA30JAN202850PE.NFO,07/01/2020,10:33:24,12.45,12.05,200,12.65,200,0,7400
BRITANNIA30JAN202850PE.NFO,07/01/2020,10:33:34,12.45,11.75,200,12.65,200,0,7400
BRITANNIA30JAN202850PE.NFO,07/01/2020,10:33:37,12.45,11.85,200,12.65,200,0,7400
BRITANNIA30JAN202850PE.NFO,07/01/2020,10:33:45,12.45,11.8,200,12.65,200,0,7400
BRITANNIA30JAN202850PE.NFO,07/01/2020,10:33:54,12.45,11.75,200,12.65,200,0,7400
BRITANNIA30JAN202850PE.NFO,07/01/2020,10:33:57,12.45,11.7,200,12.65,200,0,7400
BRITANNIA30JAN202850PE.NFO,07/01/2020,10:34:00,12.45,11.65,200,12.65,200,0,7400
BRITANNIA30JAN202850PE.NFO,07/01/2020,10:34:03,12.45,11.7,200,12.65,200,0,7400
BRITANNIA30JAN202850PE.NFO,07/01/2020,10:34:09,12.45,11.7,400,12.65,200,0,7400
BRITANNIA30JAN202850PE.NFO,07/01/2020,10:34:14,12.45,11.8,200,12.65,200,0,7400
BRITANNIA30JAN202850PE.NFO,07/01/2020,10:34:23,12.45,11.55,200,12.55,200,0,7400
BRITANNIA30JAN202850PE.NFO,07/01/2020,10:34:26,12.45,11.5,200,12.35,200,0,7400
BRITANNIA30JAN202850PE.NFO,07/01/2020,10:35:26,12.45,11.5,400,12.35,200,0,7400
BRITANNIA30JAN202850PE.NFO,07/01/2020,10:35:37,12.45,11.5,200,12.35,200,0,7400
BRITANNIA30JAN202850PE.NFO,07/01/2020,10:36:39,12.45,11.5,400,12.35,200,0,7400
BRITANNIA30JAN202850PE.NFO,07/01/2020,10:36:42,12.45,11.5,200,12.35,200,0,7400
BRITANNIA30JAN202850PE.NFO,07/01/2020,10:38:22,12.45,11.45,200,12.35,200,0,7400
BRITANNIA30JAN202850PE.NFO,07/01/2020,10:38:28,12.45,11.45,400,12.35,200,0,7400
BRITANNIA30JAN202850PE.NFO,07/01/2020,10:38:43,12.45,11.45,200,12.35,200,0,7400
BRITANNIA30JAN202850PE.NFO,07/01/2020,10:39:00,12.45,11.4,200,12.25,200,0,7400
BRITANNIA30JAN202850PE.NFO,07/01/2020,10:39:11,12.45,10.65,200,12.25,200,0,7400
BRITANNIA30JAN202850PE.NFO,07/01/2020,10:39:14,12.45,10.85,200,12.25,200,0,7400
BRITANNIA30JAN202850PE.NFO,07/01/2020,10:39:33,12.45,10.95,200,12.25,200,0,7400
BRITANNIA30JAN202850PE.NFO,07/01/2020,10:39:39,12.45,11.25,200,12.1,200,0,7400
BRITANNIA30JAN202850PE.NFO,07/01/2020,10:39:48,12.45,11.25,200,12,200,0,7400
BRITANNIA30JAN202850PE.NFO,07/01/2020,10:40:06,12.45,11.2,200,12,200,0,7400
BRITANNIA30JAN202850PE.NFO,07/01/2020,10:40:10,12.45,11.15,200,12,200,0,7400
BRITANNIA30JAN202850PE.NFO,07/01/2020,10:40:44,12.45,11.15,200,11.9,200,0,7400
BRITANNIA30JAN202850PE.NFO,07/01/2020,10:40:47,12.45,11.1,200,11.9,200,0,7400
BRITANNIA30JAN202850PE.NFO,07/01/2020,10:41:22,12.45,10.9,400,11.9,200,0,7400
BRITANNIA30JAN202850PE.NFO,07/01/2020,10:41:27,12.45,10.9,200,11.8,200,0,7400
BRITANNIA30JAN202850PE.NFO,07/01/2020,10:41:56,12.45,11,200,11.8,200,0,7400
BRITANNIA30JAN202850PE.NFO,07/01/2020,10:42:32,12.45,11.15,200,11.8,200,0,7400
BRITANNIA30JAN202850PE.NFO,07/01/2020,10:42:36,12.45,11.1,400,11.8,200,0,7400
BRITANNIA30JAN202850PE.NFO,07/01/2020,10:43:13,12.45,11.1,200,11.8,200,0,7400
BRITANNIA30JAN202850PE.NFO,07/01/2020,10:43:17,12.45,11.05,200,11.8,200,0,7400
BRITANNIA30JAN202850PE.NFO,07/01/2020,10:43:20,12.45,11,200,11.8,200,0,7400
BRITANNIA30JAN202850PE.NFO,07/01/2020,10:43:27,12.45,10.95,200,11.8,200,0,7400
BRITANNIA30JAN202850PE.NFO,07/01/2020,10:43:30,12.45,11,200,11.8,200,0,7400
BRITANNIA30JAN202850PE.NFO,07/01/2020,10:43:35,12.45,11,400,11.8,200,0,7400
BRITANNIA30JAN202850PE.NFO,07/01/2020,10:44:03,12.45,11.1,200,11.8,200,0,7400
BRITANNIA30JAN202850PE.NFO,07/01/2020,10:44:21,12.45,11.15,200,11.8,200,0,7400
BRITANNIA30JAN202850PE.NFO,07/01/2020,10:45:16,12.45,11.05,200,11.8,200,0,7400
BRITANNIA30JAN202850PE.NFO,07/01/2020,10:45:23,12.45,11.1,200,11.8,200,0,7400
BRITANNIA30JAN202850PE.NFO,07/01/2020,10:45:33,12.45,11.1,400,11.8,200,0,7400
BRITANNIA30JAN202850PE.NFO,07/01/2020,10:45:36,12.45,11.1,200,11.8,200,0,7400
BRITANNIA30JAN202850PE.NFO,07/01/2020,10:46:37,12.45,11.1,200,11.7,200,0,7400
BRITANNIA30JAN202850PE.NFO,07/01/2020,10:48:39,12.45,11.1,400,11.7,200,0,7400
BRITANNIA30JAN202850PE.NFO,07/01/2020,10:49:05,12.45,11.2,200,11.7,200,0,7400
BRITANNIA30JAN202850PE.NFO,07/01/2020,10:49:13,12.45,11.15,400,11.7,200,0,7400
BRITANNIA30JAN202850PE.NFO,07/01/2020,10:50:09,12.45,11.15,200,11.7,200,0,7400
BRITANNIA30JAN202850PE.NFO,07/01/2020,10:50:37,12.45,11.15,400,11.7,200,0,7400
BRITANNIA30JAN202850PE.NFO,07/01/2020,10:51:17,12.45,11.15,200,11.7,200,0,7400
BRITANNIA30JAN202850PE.NFO,07/01/2020,10:51:38,12.45,11.3,200,11.7,200,0,7400
BRITANNIA30JAN202850PE.NFO,07/01/2020,10:51:47,12.45,11.25,200,11.7,200,0,7400
BRITANNIA30JAN202850PE.NFO,07/01/2020,10:52:00,12.45,11.3,200,11.75,400,0,7400
BRITANNIA30JAN202850PE.NFO,07/01/2020,10:52:48,12.45,11.3,200,11.8,400,0,7400
BRITANNIA30JAN202850PE.NFO,07/01/2020,10:53:50,12.45,11.3,200,11.85,400,0,7400
BRITANNIA30JAN202850PE.NFO,07/01/2020,10:53:57,12.45,11.3,200,11.85,200,0,7400
BRITANNIA30JAN202850PE.NFO,07/01/2020,10:54:02,12.45,11.4,200,11.9,200,0,7400
BRITANNIA30JAN202850PE.NFO,07/01/2020,10:54:24,12.45,11.4,200,11.8,200,0,7400
BRITANNIA30JAN202850PE.NFO,07/01/2020,10:54:45,12.45,11.4,200,11.85,200,0,7400
BRITANNIA30JAN202850PE.NFO,07/01/2020,10:56:10,12.45,11.35,400,11.85,200,0,7400
BRITANNIA30JAN202850PE.NFO,07/01/2020,10:56:30,12.45,11.35,400,11.9,200,0,7400
BRITANNIA30JAN202850PE.NFO,07/01/2020,10:57:01,12.45,11.35,400,11.95,200,0,7400
BRITANNIA30JAN202850PE.NFO,07/01/2020,10:57:14,12.45,11.35,200,11.75,200,0,7400
BRITANNIA30JAN202850PE.NFO,07/01/2020,10:57:20,12.45,11.45,200,11.9,200,0,7400
BRITANNIA30JAN202850PE.NFO,07/01/2020,10:57:33,12.45,11.5,400,11.9,200,0,7400
BRITANNIA30JAN202850PE.NFO,07/01/2020,10:57:49,12.45,11.5,200,12,200,0,7400
BRITANNIA30JAN202850PE.NFO,07/01/2020,10:58:47,12.45,11.3,200,12,200,0,7400
BRITANNIA30JAN202850PE.NFO,07/01/2020,10:58:53,12.45,11.3,400,12,200,0,7400
BRITANNIA30JAN202850PE.NFO,07/01/2020,10:59:14,12.45,11.4,200,12,200,0,7400
BRITANNIA30JAN202850PE.NFO,07/01/2020,10:59:30,12.45,11.3,200,12,200,0,7400
BRITANNIA30JAN202850PE.NFO,07/01/2020,10:59:36,12.45,11.3,400,12,200,0,7400
BRITANNIA30JAN202850PE.NFO,07/01/2020,10:59:56,12.45,11.3,200,12,200,0,7400
BRITANNIA30JAN202850PE.NFO,07/01/2020,11:00:34,12.45,11.4,200,12,200,0,7400
BRITANNIA30JAN202850PE.NFO,07/01/2020,11:00:40,12.45,11.4,400,12,200,0,7400
BRITANNIA30JAN202850PE.NFO,07/01/2020,11:01:15,12.45,11.6,200,12,200,0,7400
BRITANNIA30JAN202850PE.NFO,07/01/2020,11:01:22,12.45,11.55,400,12,200,0,7400
BRITANNIA30JAN202850PE.NFO,07/01/2020,11:01:28,12.45,11.55,200,12,200,0,7400
BRITANNIA30JAN202850PE.NFO,07/01/2020,11:01:42,12.45,11.5,200,12,200,0,7400
BRITANNIA30JAN202850PE.NFO,07/01/2020,11:01:49,12.45,11.25,200,11.9,200,0,7400
BRITANNIA30JAN202850PE.NFO,07/01/2020,11:01:56,12.45,11.25,400,11.9,200,0,7400
BRITANNIA30JAN202850PE.NFO,07/01/2020,11:02:35,12.45,11.35,200,11.9,200,0,7400
BRITANNIA30JAN202850PE.NFO,07/01/2020,11:02:58,12.45,11.4,400,11.9,200,0,7400
BRITANNIA30JAN202850PE.NFO,07/01/2020,11:03:10,12.45,11.4,400,11.95,200,0,7400
BRITANNIA30JAN202850PE.NFO,07/01/2020,11:03:27,12.45,11.4,200,11.9,200,0,7400
BRITANNIA30JAN202850PE.NFO,07/01/2020,11:03:32,12.45,11.5,200,11.95,400,0,7400
BRITANNIA30JAN202850PE.NFO,07/01/2020,11:03:56,12.45,11.45,200,11.95,400,0,7400
BRITANNIA30JAN202850PE.NFO,07/01/2020,11:04:02,12.45,11.55,200,11.95,200,0,7400
BRITANNIA30JAN202850PE.NFO,07/01/2020,11:04:07,12.45,11.5,400,11.95,200,0,7400
BRITANNIA30JAN202850PE.NFO,07/01/2020,11:04:13,12.45,11.5,400,12.05,400,0,7400
BRITANNIA30JAN202850PE.NFO,07/01/2020,11:04:37,12.45,11.6,200,12.05,200,0,7400
BRITANNIA30JAN202850PE.NFO,07/01/2020,11:04:55,12.45,11.65,200,12.05,200,0,7400
BRITANNIA30JAN202850PE.NFO,07/01/2020,11:05:11,12.45,11.7,400,12.2,200,0,7400
BRITANNIA30JAN202850PE.NFO,07/01/2020,11:05:17,12.45,11.7,200,12.2,200,0,7400
BRITANNIA30JAN202850PE.NFO,07/01/2020,11:05:32,12.45,11.65,200,12.2,200,0,7400
BRITANNIA30JAN202850PE.NFO,07/01/2020,11:05:38,12.45,11.6,200,12.2,200,0,7400
BRITANNIA30JAN202850PE.NFO,07/01/2020,11:05:49,12.45,11.65,200,12.2,200,0,7400
BRITANNIA30JAN202850PE.NFO,07/01/2020,11:05:54,12.45,11.4,200,12.2,200,0,7400
BRITANNIA30JAN202850PE.NFO,07/01/2020,11:06:01,12.45,11.4,200,11.9,200,0,7400
BRITANNIA30JAN202850PE.NFO,07/01/2020,11:06:32,12.45,11.25,200,11.9,200,0,7400
BRITANNIA30JAN202850PE.NFO,07/01/2020,11:06:51,12.45,11.35,200,11.9,200,0,7400
BRITANNIA30JAN202850PE.NFO,07/01/2020,11:07:02,12.45,11.4,400,11.9,200,0,7400
BRITANNIA30JAN202850PE.NFO,07/01/2020,11:07:23,12.45,11.4,200,11.9,200,0,7400
BRITANNIA30JAN202850PE.NFO,07/01/2020,11:07:28,12.45,11.3,200,11.75,200,0,7400
BRITANNIA30JAN202850PE.NFO,07/01/2020,11:07:37,12.45,11.2,200,11.75,200,0,7400
BRITANNIA30JAN202850PE.NFO,07/01/2020,11:07:42,12.45,11.3,200,11.75,200,0,7400
BRITANNIA30JAN202850PE.NFO,07/01/2020,11:09:46,12.45,11.3,400,11.75,200,0,7400
BRITANNIA30JAN202850PE.NFO,07/01/2020,11:09:50,12.45,11.3,200,11.75,200,0,7400
BRITANNIA30JAN202850PE.NFO,07/01/2020,11:11:05,12.45,11.3,400,11.75,200,0,7400
BRITANNIA30JAN202850PE.NFO,07/01/2020,11:11:12,12.45,11.3,400,11.8,200,0,7400
BRITANNIA30JAN202850PE.NFO,07/01/2020,11:11:19,12.45,11.3,400,11.85,200,0,7400
BRITANNIA30JAN202850PE.NFO,07/01/2020,11:11:25,12.45,11.3,400,11.9,200,0,7400
BRITANNIA30JAN202850PE.NFO,07/01/2020,11:11:39,12.45,11.6,400,12.3,200,0,7400
BRITANNIA30JAN202850PE.NFO,07/01/2020,11:12:24,12.45,11.65,200,12.3,200,0,7400
BRITANNIA30JAN202850PE.NFO,07/01/2020,11:12:31,12.45,11.6,400,12.1,200,0,7400
BRITANNIA30JAN202850PE.NFO,07/01/2020,11:13:56,12.45,11.55,200,12.1,200,0,7400
BRITANNIA30JAN202850PE.NFO,07/01/2020,11:14:01,12.45,11.55,200,11.95,200,0,7400
BRITANNIA30JAN202850PE.NFO,07/01/2020,11:14:07,12.45,11.5,200,11.95,200,0,7400
BRITANNIA30JAN202850PE.NFO,07/01/2020,11:14:12,12.45,11.45,200,11.95,200,0,7400
BRITANNIA30JAN202850PE.NFO,07/01/2020,11:14:19,12.45,11.5,200,11.95,200,0,7400
BRITANNIA30JAN202850PE.NFO,07/01/2020,11:14:59,12.45,11.5,400,11.95,200,0,7400
BRITANNIA30JAN202850PE.NFO,07/01/2020,11:15:12,12.45,11.5,400,12,200,0,7400
BRITANNIA30JAN202850PE.NFO,07/01/2020,11:16:27,12.45,11.5,200,12,200,0,7400
BRITANNIA30JAN202850PE.NFO,07/01/2020,11:16:33,12.45,11.5,400,12,200,0,7400
BRITANNIA30JAN202850PE.NFO,07/01/2020,11:16:46,12.45,11.6,200,12,200,0,7400
BRITANNIA30JAN202850PE.NFO,07/01/2020,11:16:52,12.45,11.65,200,12,200,0,7400
BRITANNIA30JAN202850PE.NFO,07/01/2020,11:17:04,12.45,11.65,400,12,200,0,7400
BRITANNIA30JAN202850PE.NFO,07/01/2020,11:17:28,12.45,11.65,400,12.05,200,0,7400
BRITANNIA30JAN202850PE.NFO,07/01/2020,11:17:39,12.45,11.55,200,12,200,0,7400
BRITANNIA30JAN202850PE.NFO,07/01/2020,11:17:44,12.45,11.6,200,12,200,0,7400
BRITANNIA30JAN202850PE.NFO,07/01/2020,11:17:54,12.45,11.55,200,12,200,0,7400
BRITANNIA30JAN202850PE.NFO,07/01/2020,11:18:14,12.45,11.55,400,12,200,0,7400
BRITANNIA30JAN202850PE.NFO,07/01/2020,11:19:19,12.45,11.55,400,12.05,200,0,7400
BRITANNIA30JAN202850PE.NFO,07/01/2020,11:19:27,12.45,11.55,400,12.15,200,0,7400
BRITANNIA30JAN202850PE.NFO,07/01/2020,11:19:41,12.45,11.55,400,12.2,200,0,7400
BRITANNIA30JAN202850PE.NFO,07/01/2020,11:20:07,12.45,11.55,400,12.25,200,0,7400
BRITANNIA30JAN202850PE.NFO,07/01/2020,11:20:32,12.45,11.55,400,12.15,200,0,7400
BRITANNIA30JAN202850PE.NFO,07/01/2020,11:20:37,12.45,11.55,400,12.2,200,0,7400
BRITANNIA30JAN202850PE.NFO,07/01/2020,11:20:54,12.45,11.55,400,12.15,200,0,7400
BRITANNIA30JAN202850PE.NFO,07/01/2020,11:21:31,12.45,11.7,200,12.2,200,0,7400
BRITANNIA30JAN202850PE.NFO,07/01/2020,11:21:37,12.45,11.8,200,12.2,200,0,7400
BRITANNIA30JAN202850PE.NFO,07/01/2020,11:21:55,12.45,11.8,200,12.25,200,0,7400
BRITANNIA30JAN202850PE.NFO,07/01/2020,11:22:03,12.45,11.8,200,12.3,200,0,7400
BRITANNIA30JAN202850PE.NFO,07/01/2020,11:22:23,12.45,11.75,200,12.3,200,0,7400
BRITANNIA30JAN202850PE.NFO,07/01/2020,11:22:28,12.45,11.6,200,12.3,200,0,7400
BRITANNIA30JAN202850PE.NFO,07/01/2020,11:23:01,12.45,11.45,200,12.3,400,0,7400
BRITANNIA30JAN202850PE.NFO,07/01/2020,11:23:06,12.45,11.45,400,12.3,400,0,7400
BRITANNIA30JAN202850PE.NFO,07/01/2020,11:23:11,12.45,11.45,400,12.3,200,0,7400
BRITANNIA30JAN202850PE.NFO,07/01/2020,11:23:20,12.45,11.45,200,12.3,200,0,7400
BRITANNIA30JAN202850PE.NFO,07/01/2020,11:23:28,12.45,11.45,400,12.3,200,0,7400
BRITANNIA30JAN202850PE.NFO,07/01/2020,11:23:37,12.45,11.45,200,12.3,200,0,7400
BRITANNIA30JAN202850PE.NFO,07/01/2020,11:23:46,12.45,11.75,200,12.3,200,0,7400
BRITANNIA30JAN202850PE.NFO,07/01/2020,11:23:55,12.45,11.65,200,12.3,200,0,7400
BRITANNIA30JAN202850PE.NFO,07/01/2020,11:24:22,12.45,11.85,200,12.3,200,0,7400
BRITANNIA30JAN202850PE.NFO,07/01/2020,11:24:27,12.45,11.8,200,12.3,200,0,7400
BRITANNIA30JAN202850PE.NFO,07/01/2020,11:24:36,12.45,11.85,200,12.3,200,0,7400
BRITANNIA30JAN202850PE.NFO,07/01/2020,11:24:40,12.45,11.8,200,12.3,200,0,7400
BRITANNIA30JAN202850PE.NFO,07/01/2020,11:25:01,12.45,12,200,12.3,200,0,7400
BRITANNIA30JAN202850PE.NFO,07/01/2020,11:25:07,12.45,11.9,200,12.3,200,0,7400
BRITANNIA30JAN202850PE.NFO,07/01/2020,11:25:16,12.45,11.7,200,12.3,200,0,7400
BRITANNIA30JAN202850PE.NFO,07/01/2020,11:25:20,12.45,11.8,200,12.3,200,0,7400
BRITANNIA30JAN202850PE.NFO,07/01/2020,11:25:35,12.45,12,200,12.3,200,0,7400
BRITANNIA30JAN202850PE.NFO,07/01/2020,11:25:39,12.45,11.9,200,12.3,200,0,7400
BRITANNIA30JAN202850PE.NFO,07/01/2020,11:25:43,12.45,11.8,200,12.3,200,0,7400
BRITANNIA30JAN202850PE.NFO,07/01/2020,11:26:50,12.45,12.05,200,12.3,200,0,7400
BRITANNIA30JAN202850PE.NFO,07/01/2020,11:26:54,12.45,11.85,200,12.3,200,0,7400
BRITANNIA30JAN202850PE.NFO,07/01/2020,11:27:42,12.45,11.8,200,12.3,200,0,7400
BRITANNIA30JAN202850PE.NFO,07/01/2020,11:27:48,12.45,11.8,400,12.3,200,0,7400
BRITANNIA30JAN202850PE.NFO,07/01/2020,11:27:50,12.45,11.8,200,12.3,200,0,7400
BRITANNIA30JAN202850PE.NFO,07/01/2020,11:27:53,12.45,11.75,200,12.3,200,0,7400
BRITANNIA30JAN202850PE.NFO,07/01/2020,11:27:57,12.45,11.75,400,12.3,200,0,7400
BRITANNIA30JAN202850PE.NFO,07/01/2020,11:28:03,12.45,11.8,400,12.3,200,0,7400
BRITANNIA30JAN202850PE.NFO,07/01/2020,11:29:28,12.45,11.75,400,12.3,200,0,7400
BRITANNIA30JAN202850PE.NFO,07/01/2020,11:29:32,12.45,11.8,400,12.3,200,0,7400
BRITANNIA30JAN202850PE.NFO,07/01/2020,11:31:01,12.45,11.75,200,12.3,200,0,7400
BRITANNIA30JAN202850PE.NFO,07/01/2020,11:31:26,12.45,11.85,400,12.3,200,0,7400
BRITANNIA30JAN202850PE.NFO,07/01/2020,11:31:33,12.45,11.85,200,12.3,200,0,7400
BRITANNIA30JAN202850PE.NFO,07/01/2020,11:31:43,12.45,11.8,200,12.3,200,0,7400
BRITANNIA30JAN202850PE.NFO,07/01/2020,11:32:09,12.45,11.85,200,12.3,200,0,7400
BRITANNIA30JAN202850PE.NFO,07/01/2020,11:32:14,12.45,11.85,400,12.3,200,0,7400
BRITANNIA30JAN202850PE.NFO,07/01/2020,11:32:18,12.45,11.85,200,12.3,200,0,7400
BRITANNIA30JAN202850PE.NFO,07/01/2020,11:32:43,12.45,11.8,400,12.3,200,0,7400
BRITANNIA30JAN202850PE.NFO,07/01/2020,11:32:55,12.45,11.85,200,12.3,200,0,7400
BRITANNIA30JAN202850PE.NFO,07/01/2020,11:33:02,12.45,11.8,200,12.3,200,0,7400
BRITANNIA30JAN202850PE.NFO,07/01/2020,11:33:06,12.45,11.8,400,12.3,200,0,7400
BRITANNIA30JAN202850PE.NFO,07/01/2020,11:33:16,12.45,11.8,200,12.3,200,0,7400
BRITANNIA30JAN202850PE.NFO,07/01/2020,11:33:40,12.45,11.8,400,12.3,200,0,7400
BRITANNIA30JAN202850PE.NFO,07/01/2020,11:33:55,12.45,11.75,200,12.3,200,0,7400
BRITANNIA30JAN202850PE.NFO,07/01/2020,11:34:06,12.45,11.7,200,12.3,200,0,7400
BRITANNIA30JAN202850PE.NFO,07/01/2020,11:34:19,12.45,11.65,200,12.3,200,0,7400
BRITANNIA30JAN202850PE.NFO,07/01/2020,11:34:31,12.45,11.65,200,12.2,200,0,7400
BRITANNIA30JAN202850PE.NFO,07/01/2020,11:34:38,12.45,11.5,200,12.2,200,0,7400
BRITANNIA30JAN202850PE.NFO,07/01/2020,11:34:44,12.45,11.55,400,12.2,200,0,7400
BRITANNIA30JAN202850PE.NFO,07/01/2020,11:35:21,12.45,11.55,400,12.1,200,0,7400
BRITANNIA30JAN202850PE.NFO,07/01/2020,11:35:27,12.45,11.55,200,12.1,200,0,7400
BRITANNIA30JAN202850PE.NFO,07/01/2020,11:35:37,12.45,11.5,200,12.1,200,0,7400
BRITANNIA30JAN202850PE.NFO,07/01/2020,11:35:48,12.45,11.55,400,12.1,200,0,7400
BRITANNIA30JAN202850PE.NFO,07/01/2020,11:39:51,12.45,11.65,400,12.1,200,0,7400
BRITANNIA30JAN202850PE.NFO,07/01/2020,11:39:58,12.45,11.75,200,12.2,200,0,7400
BRITANNIA30JAN202850PE.NFO,07/01/2020,11:40:04,12.45,11.65,400,12.2,200,0,7400
BRITANNIA30JAN202850PE.NFO,07/01/2020,11:40:09,12.45,11.75,200,12.2,200,0,7400
BRITANNIA30JAN202850PE.NFO,07/01/2020,11:40:17,12.2,11.8,200,12.5,200,200,7400
BRITANNIA30JAN202850PE.NFO,07/01/2020,11:40:21,12.2,11.7,200,12.5,200,0,7400
BRITANNIA30JAN202850PE.NFO,07/01/2020,11:40:54,12.2,11.8,200,12.5,200,0,7400
BRITANNIA30JAN202850PE.NFO,07/01/2020,11:42:33,12.2,11.85,400,12.5,200,0,7400
BRITANNIA30JAN202850PE.NFO,07/01/2020,11:42:38,12.2,11.85,200,12.5,200,0,7400
BRITANNIA30JAN202850PE.NFO,07/01/2020,11:43:18,12.2,11.8,200,12.35,200,0,7400
BRITANNIA30JAN202850PE.NFO,07/01/2020,11:44:14,12.2,11.9,200,12.35,200,0,7400
BRITANNIA30JAN202850PE.NFO,07/01/2020,11:45:07,12.2,11.9,400,12.35,200,0,7400
BRITANNIA30JAN202850PE.NFO,07/01/2020,11:45:26,12.2,11.9,200,12.35,200,0,7400
BRITANNIA30JAN202850PE.NFO,07/01/2020,11:46:51,12.2,11.95,200,12.35,200,0,7400
BRITANNIA30JAN202850PE.NFO,07/01/2020,11:47:01,12.2,11.95,400,12.35,200,0,7400
BRITANNIA30JAN202850PE.NFO,07/01/2020,11:48:19,12.2,11.95,400,12.5,200,0,7400
BRITANNIA30JAN202850PE.NFO,07/01/2020,11:49:32,12.2,11.95,400,12.55,200,0,7400
BRITANNIA30JAN202850PE.NFO,07/01/2020,11:51:21,12.2,11.95,200,12.55,200,0,7400
BRITANNIA30JAN202850PE.NFO,07/01/2020,11:51:25,12.2,12.05,200,12.55,200,0,7400
BRITANNIA30JAN202850PE.NFO,07/01/2020,11:51:33,12.2,12.05,200,12.45,200,0,7400
BRITANNIA30JAN202850PE.NFO,07/01/2020,11:51:48,12.2,12,200,12.45,200,0,7400
BRITANNIA30JAN202850PE.NFO,07/01/2020,11:52:10,12.2,12.05,200,12.45,200,0,7400
BRITANNIA30JAN202850PE.NFO,07/01/2020,11:52:13,12.2,12,200,12.45,200,0,7400
BRITANNIA30JAN202850PE.NFO,07/01/2020,11:52:24,12.2,12.05,400,12.45,200,0,7400
BRITANNIA30JAN202850PE.NFO,07/01/2020,11:52:27,12.2,12,200,12.45,200,0,7400
BRITANNIA30JAN202850PE.NFO,07/01/2020,11:52:30,12.2,12.05,400,12.45,200,0,7400
BRITANNIA30JAN202850PE.NFO,07/01/2020,11:52:36,12.2,12,200,12.45,200,0,7400
BRITANNIA30JAN202850PE.NFO,07/01/2020,11:52:44,12.2,12.05,200,12.45,200,0,7400
BRITANNIA30JAN202850PE.NFO,07/01/2020,11:52:53,12.2,12,200,12.45,200,0,7400
BRITANNIA30JAN202850PE.NFO,07/01/2020,11:54:10,12.2,11.95,200,12.45,200,0,7400
BRITANNIA30JAN202850PE.NFO,07/01/2020,11:54:23,12.2,11.95,400,12.45,200,0,7400
BRITANNIA30JAN202850PE.NFO,07/01/2020,11:54:37,12.2,11.75,200,12.35,200,0,7400
BRITANNIA30JAN202850PE.NFO,07/01/2020,11:54:40,12.2,11.7,200,12.35,200,0,7400
BRITANNIA30JAN202850PE.NFO,07/01/2020,11:54:52,12.2,11.8,200,12.35,200,0,7400
BRITANNIA30JAN202850PE.NFO,07/01/2020,11:54:54,12.2,11.75,400,12.35,200,0,7400
BRITANNIA30JAN202850PE.NFO,07/01/2020,11:55:45,12.2,11.75,200,12.35,200,0,7400
BRITANNIA30JAN202850PE.NFO,07/01/2020,11:56:00,12.2,11.75,400,12.35,200,0,7400
BRITANNIA30JAN202850PE.NFO,07/01/2020,11:56:15,12.2,11.75,200,12.35,200,0,7400
BRITANNIA30JAN202850PE.NFO,07/01/2020,11:56:19,12.2,11.75,400,12.35,200,0,7400
BRITANNIA30JAN202850PE.NFO,07/01/2020,11:56:23,12.2,11.75,200,12.35,200,0,7400
BRITANNIA30JAN202850PE.NFO,07/01/2020,12:00:22,12.2,11.75,400,12.35,200,0,7400
BRITANNIA30JAN202850PE.NFO,07/01/2020,12:00:28,12.2,11.75,200,12.35,200,0,7400
BRITANNIA30JAN202850PE.NFO,07/01/2020,12:00:32,12.2,11.75,400,12.35,200,0,7400
BRITANNIA30JAN202850PE.NFO,07/01/2020,12:00:36,12.2,11.7,200,12.35,200,0,7400
BRITANNIA30JAN202850PE.NFO,07/01/2020,12:00:53,12.2,11.7,400,12.35,200,0,7400
BRITANNIA30JAN202850PE.NFO,07/01/2020,12:01:11,12.2,11.7,200,12.35,200,0,7400
BRITANNIA30JAN202850PE.NFO,07/01/2020,12:02:34,12.2,11.55,200,12.35,200,0,7400
BRITANNIA30JAN202850PE.NFO,07/01/2020,12:03:19,12.2,11.55,400,12.35,200,0,7400
BRITANNIA30JAN202850PE.NFO,07/01/2020,12:04:25,12.2,11.55,200,12.35,200,0,7400
BRITANNIA30JAN202850PE.NFO,07/01/2020,12:04:35,12.2,11.55,400,12.35,200,0,7400
BRITANNIA30JAN202850PE.NFO,07/01/2020,12:05:07,12.2,11.55,200,12.35,200,0,7400
BRITANNIA30JAN202850PE.NFO,07/01/2020,12:05:11,12.2,11.6,200,12.35,200,0,7400
BRITANNIA30JAN202850PE.NFO,07/01/2020,12:06:39,12.2,11.6,400,12.35,200,0,7400
BRITANNIA30JAN202850PE.NFO,07/01/2020,12:06:42,12.2,11.6,200,12.35,200,0,7400
BRITANNIA30JAN202850PE.NFO,07/01/2020,12:07:58,12.2,11.6,400,12.35,200,0,7400
BRITANNIA30JAN202850PE.NFO,07/01/2020,12:08:11,12.2,11.6,200,12.35,200,0,7400
BRITANNIA30JAN202850PE.NFO,07/01/2020,12:11:05,12.2,11.5,200,12.35,200,0,7400
BRITANNIA30JAN202850PE.NFO,07/01/2020,12:13:18,12.2,11.25,200,12.1,200,0,7400
BRITANNIA30JAN202850PE.NFO,07/01/2020,12:13:24,12.2,11.35,200,12.1,200,0,7400
BRITANNIA30JAN202850PE.NFO,07/01/2020,12:13:37,12.2,11.35,400,12.1,200,0,7400
BRITANNIA30JAN202850PE.NFO,07/01/2020,12:14:06,12.2,11.35,200,12.1,200,0,7400
BRITANNIA30JAN202850PE.NFO,07/01/2020,12:14:15,12.2,11.35,200,11.9,200,0,7400
BRITANNIA30JAN202850PE.NFO,07/01/2020,12:14:36,12.2,11.3,400,11.9,200,0,7400
BRITANNIA30JAN202850PE.NFO,07/01/2020,12:15:14,12.2,11.5,200,11.9,200,0,7400
BRITANNIA30JAN202850PE.NFO,07/01/2020,12:15:17,12.2,11.4,200,11.9,200,0,7400
BRITANNIA30JAN202850PE.NFO,07/01/2020,12:15:21,12.2,11.45,400,11.95,200,0,7400
BRITANNIA30JAN202850PE.NFO,07/01/2020,12:15:25,12.2,11.45,200,11.95,200,0,7400
BRITANNIA30JAN202850PE.NFO,07/01/2020,12:15:39,12.2,11.45,400,11.95,200,0,7400
BRITANNIA30JAN202850PE.NFO,07/01/2020,12:15:43,12.2,11.45,200,11.95,200,0,7400
BRITANNIA30JAN202850PE.NFO,07/01/2020,12:15:46,12.2,11.4,200,11.95,200,0,7400
BRITANNIA30JAN202850PE.NFO,07/01/2020,12:15:48,12.2,11.35,200,11.95,200,0,7400
BRITANNIA30JAN202850PE.NFO,07/01/2020,12:15:55,12.2,11.4,400,11.95,200,0,7400
BRITANNIA30JAN202850PE.NFO,07/01/2020,12:16:25,12.2,11.4,400,11.8,200,0,7400
BRITANNIA30JAN202850PE.NFO,07/01/2020,12:16:28,12.2,11.4,200,11.8,200,0,7400
BRITANNIA30JAN202850PE.NFO,07/01/2020,12:16:45,12.2,11.4,400,11.8,200,0,7400
BRITANNIA30JAN202850PE.NFO,07/01/2020,12:17:55,12.2,11.4,400,11.75,400,0,7400
BRITANNIA30JAN202850PE.NFO,07/01/2020,12:17:59,12.2,11.4,200,11.75,200,0,7400
BRITANNIA30JAN202850PE.NFO,07/01/2020,12:18:07,12.2,11.3,200,11.75,200,0,7400
BRITANNIA30JAN202850PE.NFO,07/01/2020,12:18:17,12.2,11.4,200,11.8,400,0,7400
BRITANNIA30JAN202850PE.NFO,07/01/2020,12:18:23,12.2,11.35,400,11.8,400,0,7400
BRITANNIA30JAN202850PE.NFO,07/01/2020,12:20:15,12.2,11.35,400,11.8,200,0,7400
BRITANNIA30JAN202850PE.NFO,07/01/2020,12:20:58,12.2,11.35,200,11.8,200,0,7400
BRITANNIA30JAN202850PE.NFO,07/01/2020,12:21:06,12.2,11.3,200,11.8,200,0,7400
BRITANNIA30JAN202850PE.NFO,07/01/2020,12:21:12,12.2,11.35,400,11.8,200,0,7400
BRITANNIA30JAN202850PE.NFO,07/01/2020,12:21:15,12.2,11.3,200,11.8,200,0,7400
BRITANNIA30JAN202850PE.NFO,07/01/2020,12:21:56,12.2,11.35,200,11.8,200,0,7400
BRITANNIA30JAN202850PE.NFO,07/01/2020,12:22:04,12.2,11.35,400,11.85,200,0,7400
BRITANNIA30JAN202850PE.NFO,07/01/2020,12:22:06,12.2,11.35,400,11.75,200,0,7400
BRITANNIA30JAN202850PE.NFO,07/01/2020,12:22:14,12.2,11.35,200,11.75,200,0,7400
BRITANNIA30JAN202850PE.NFO,07/01/2020,12:22:23,12.2,11.35,200,11.7,400,0,7400
BRITANNIA30JAN202850PE.NFO,07/01/2020,12:22:25,12.2,11.35,200,11.7,200,0,7400
BRITANNIA30JAN202850PE.NFO,07/01/2020,12:23:11,12.2,11.25,200,11.7,200,0,7400
BRITANNIA30JAN202850PE.NFO,07/01/2020,12:23:54,12.2,10.85,200,11.55,200,0,7400
BRITANNIA30JAN202850PE.NFO,07/01/2020,12:23:57,12.2,10.95,200,11.55,200,0,7400
BRITANNIA30JAN202850PE.NFO,07/01/2020,12:24:01,12.2,11.05,200,11.55,200,0,7400
BRITANNIA30JAN202850PE.NFO,07/01/2020,12:24:09,12.2,11.1,200,11.55,200,0,7400
BRITANNIA30JAN202850PE.NFO,07/01/2020,12:24:11,12.2,11.05,200,11.55,200,0,7400
BRITANNIA30JAN202850PE.NFO,07/01/2020,12:24:28,12.2,11.15,200,11.75,200,0,7400
BRITANNIA30JAN202850PE.NFO,07/01/2020,12:24:36,12.2,11.15,200,11.85,200,0,7400
BRITANNIA30JAN202850PE.NFO,07/01/2020,12:24:41,12.2,11.15,200,11.9,200,0,7400
BRITANNIA30JAN202850PE.NFO,07/01/2020,12:24:51,12.2,11.15,200,11.95,200,0,7400
BRITANNIA30JAN202850PE.NFO,07/01/2020,12:24:54,12.2,11.15,200,12,200,0,7400
BRITANNIA30JAN202850PE.NFO,07/01/2020,12:24:59,12.2,11.15,200,12,400,0,7400
BRITANNIA30JAN202850PE.NFO,07/01/2020,12:25:08,12.2,11.25,200,12,200,0,7400
BRITANNIA30JAN202850PE.NFO,07/01/2020,12:25:15,12.2,11.25,200,11.9,200,0,7400
BRITANNIA30JAN202850PE.NFO,07/01/2020,12:25:33,12.2,11.25,200,12,200,0,7400
BRITANNIA30JAN202850PE.NFO,07/01/2020,12:25:44,12.2,11.45,200,12.15,200,0,7400
BRITANNIA30JAN202850PE.NFO,07/01/2020,12:25:49,12.2,11.45,200,12.05,200,0,7400
BRITANNIA30JAN202850PE.NFO,07/01/2020,12:25:51,12.2,11.45,200,12.15,200,0,7400
BRITANNIA30JAN202850PE.NFO,07/01/2020,12:25:56,12.2,11.45,200,12.2,400,0,7400
BRITANNIA30JAN202850PE.NFO,07/01/2020,12:26:02,12.2,11.45,200,12.25,200,0,7400
BRITANNIA30JAN202850PE.NFO,07/01/2020,12:26:09,12.2,11.55,200,12.25,200,0,7400
BRITANNIA30JAN202850PE.NFO,07/01/2020,12:26:32,12.2,11.75,200,12.35,400,0,7400
BRITANNIA30JAN202850PE.NFO,07/01/2020,12:29:45,12.2,11.85,200,12.35,400,0,7400
BRITANNIA30JAN202850PE.NFO,07/01/2020,12:30:03,12.2,11.9,400,12.35,400,0,7400
BRITANNIA30JAN202850PE.NFO,07/01/2020,12:30:08,12.2,11.9,400,12.35,200,0,7400
BRITANNIA30JAN202850PE.NFO,07/01/2020,12:30:19,12.2,11.9,200,12.35,200,0,7400
BRITANNIA30JAN202850PE.NFO,07/01/2020,12:30:46,12.2,11.9,200,12.2,200,0,7400
BRITANNIA30JAN202850PE.NFO,07/01/2020,12:30:50,12.2,11.7,400,12.2,200,0,7400
BRITANNIA30JAN202850PE.NFO,07/01/2020,12:31:59,12.2,11.7,200,12.2,200,0,7400
BRITANNIA30JAN202850PE.NFO,07/01/2020,12:32:20,12.2,11.75,200,12.2,200,0,7400
BRITANNIA30JAN202850PE.NFO,07/01/2020,12:32:25,12.2,11.7,200,12.2,200,0,7400
BRITANNIA30JAN202850PE.NFO,07/01/2020,12:32:43,12.2,11.65,200,12.2,200,0,7400
BRITANNIA30JAN202850PE.NFO,07/01/2020,12:32:47,12.2,11.7,400,12.2,200,0,7400
BRITANNIA30JAN202850PE.NFO,07/01/2020,12:32:58,12.2,11.7,200,12.2,200,0,7400
BRITANNIA30JAN202850PE.NFO,07/01/2020,12:33:02,12.2,11.65,200,12.2,200,0,7400
BRITANNIA30JAN202850PE.NFO,07/01/2020,12:33:07,12.2,11.65,200,11.95,200,0,7400
BRITANNIA30JAN202850PE.NFO,07/01/2020,12:33:16,12.2,11.7,200,11.95,200,0,7400
BRITANNIA30JAN202850PE.NFO,07/01/2020,12:33:20,12.2,11.7,200,11.9,200,0,7400
BRITANNIA30JAN202850PE.NFO,07/01/2020,12:33:58,11.8,11.75,200,12.1,200,200,7400
BRITANNIA30JAN202850PE.NFO,07/01/2020,12:34:02,11.8,11.75,200,12.15,200,0,7400
BRITANNIA30JAN202850PE.NFO,07/01/2020,12:34:14,11.8,11.75,400,12.15,200,0,7400
BRITANNIA30JAN202850PE.NFO,07/01/2020,12:34:46,11.8,11.75,400,12.2,200,0,7400
BRITANNIA30JAN202850PE.NFO,07/01/2020,12:34:49,11.8,11.75,400,12.25,200,0,7400
BRITANNIA30JAN202850PE.NFO,07/01/2020,12:34:58,11.8,11.75,400,12.3,200,0,7400
BRITANNIA30JAN202850PE.NFO,07/01/2020,12:35:20,11.8,11.75,200,12.3,200,0,7400
BRITANNIA30JAN202850PE.NFO,07/01/2020,12:36:34,11.8,11.65,200,12.3,200,0,7400
BRITANNIA30JAN202850PE.NFO,07/01/2020,12:36:40,11.8,11.65,400,12.3,200,0,7400
BRITANNIA30JAN202850PE.NFO,07/01/2020,12:37:15,11.8,11.65,200,12.3,200,0,7400
BRITANNIA30JAN202850PE.NFO,07/01/2020,12:37:17,11.8,11.6,200,12.3,200,0,7400
BRITANNIA30JAN202850PE.NFO,07/01/2020,12:37:22,11.8,11.6,200,12.1,200,0,7400
BRITANNIA30JAN202850PE.NFO,07/01/2020,12:38:08,11.8,11.7,200,12.15,200,0,7400
BRITANNIA30JAN202850PE.NFO,07/01/2020,12:39:13,11.8,11.75,400,12.15,200,0,7400
BRITANNIA30JAN202850PE.NFO,07/01/2020,12:39:29,11.8,11.75,400,12.25,200,0,7400
BRITANNIA30JAN202850PE.NFO,07/01/2020,12:39:54,11.8,11.75,200,12.25,200,0,7400
BRITANNIA30JAN202850PE.NFO,07/01/2020,12:40:51,11.8,11.65,400,12.25,200,0,7400
BRITANNIA30JAN202850PE.NFO,07/01/2020,12:41:16,11.8,11.65,400,12.1,200,0,7400
BRITANNIA30JAN202850PE.NFO,07/01/2020,12:41:43,11.8,11.65,400,12.15,200,0,7400
BRITANNIA30JAN202850PE.NFO,07/01/2020,12:43:08,11.8,11.65,200,12.15,200,0,7400
BRITANNIA30JAN202850PE.NFO,07/01/2020,12:43:34,11.8,11.65,400,12.15,200,0,7400
BRITANNIA30JAN202850PE.NFO,07/01/2020,12:43:42,11.8,11.55,200,12.15,200,0,7400
BRITANNIA30JAN202850PE.NFO,07/01/2020,12:44:08,11.8,11.65,200,12.15,200,0,7400
BRITANNIA30JAN202850PE.NFO,07/01/2020,12:44:19,11.8,11.6,400,12.15,200,0,7400
BRITANNIA30JAN202850PE.NFO,07/01/2020,12:45:15,11.8,11.6,200,12.15,200,0,7400
BRITANNIA30JAN202850PE.NFO,07/01/2020,12:45:18,11.8,11.65,200,12.15,200,0,7400
BRITANNIA30JAN202850PE.NFO,07/01/2020,12:45:20,11.8,11.6,400,12.15,200,0,7400
BRITANNIA30JAN202850PE.NFO,07/01/2020,12:45:25,11.8,11.5,400,12.15,200,0,7400
BRITANNIA30JAN202850PE.NFO,07/01/2020,12:45:27,11.8,11.5,400,12,200,0,7400
BRITANNIA30JAN202850PE.NFO,07/01/2020,12:45:29,11.8,11.5,200,12,200,0,7400
BRITANNIA30JAN202850PE.NFO,07/01/2020,12:45:33,11.8,11.5,400,12,200,0,7400
BRITANNIA30JAN202850PE.NFO,07/01/2020,12:46:16,11.8,11.5,400,11.95,200,0,7400
BRITANNIA30JAN202850PE.NFO,07/01/2020,12:46:28,11.8,11.5,200,11.95,200,0,7400
BRITANNIA30JAN202850PE.NFO,07/01/2020,12:46:34,11.8,11.5,400,11.95,200,0,7400
BRITANNIA30JAN202850PE.NFO,07/01/2020,12:46:44,11.8,11.5,400,11.9,200,0,7400
BRITANNIA30JAN202850PE.NFO,07/01/2020,12:46:47,11.8,11.35,200,11.9,200,0,7400
BRITANNIA30JAN202850PE.NFO,07/01/2020,12:46:50,11.8,11.5,200,11.9,200,0,7400
BRITANNIA30JAN202850PE.NFO,07/01/2020,12:47:03,11.8,11.45,200,11.9,200,0,7400
BRITANNIA30JAN202850PE.NFO,07/01/2020,12:47:06,11.8,11.4,200,11.9,200,0,7400
BRITANNIA30JAN202850PE.NFO,07/01/2020,12:47:10,11.8,11.45,200,11.9,200,0,7400
BRITANNIA30JAN202850PE.NFO,07/01/2020,12:47:23,11.8,11.3,200,11.9,200,0,7400
BRITANNIA30JAN202850PE.NFO,07/01/2020,12:47:28,11.8,10.9,200,11.8,200,0,7400
BRITANNIA30JAN202850PE.NFO,07/01/2020,12:47:32,11.8,10.95,200,11.8,200,0,7400
BRITANNIA30JAN202850PE.NFO,07/01/2020,12:47:36,11.8,10.95,200,11.6,200,0,7400
BRITANNIA30JAN202850PE.NFO,07/01/2020,12:47:40,11.8,10.9,200,11.5,200,0,7400
BRITANNIA30JAN202850PE.NFO,07/01/2020,12:47:44,11.8,10.85,200,11.5,200,0,7400
BRITANNIA30JAN202850PE.NFO,07/01/2020,12:47:47,11.8,10.95,200,11.5,200,0,7400
BRITANNIA30JAN202850PE.NFO,07/01/2020,12:47:53,11.8,11,400,11.5,200,0,7400
BRITANNIA30JAN202850PE.NFO,07/01/2020,12:47:56,11.8,11,200,11.5,200,0,7400
BRITANNIA30JAN202850PE.NFO,07/01/2020,12:48:08,11.8,10.9,200,11.5,200,0,7400
BRITANNIA30JAN202850PE.NFO,07/01/2020,12:48:19,11.8,10.9,400,11.5,200,0,7400
BRITANNIA30JAN202850PE.NFO,07/01/2020,12:48:28,11.8,10.95,400,11.5,200,0,7400
BRITANNIA30JAN202850PE.NFO,07/01/2020,12:48:31,11.8,10.95,200,11.5,200,0,7400
BRITANNIA30JAN202850PE.NFO,07/01/2020,12:48:44,11.8,10.85,200,11.4,200,0,7400
BRITANNIA30JAN202850PE.NFO,07/01/2020,12:49:15,11.8,10.85,400,11.4,200,0,7400
BRITANNIA30JAN202850PE.NFO,07/01/2020,12:49:49,11.8,10.85,200,11.4,200,0,7400
BRITANNIA30JAN202850PE.NFO,07/01/2020,12:49:51,11.8,10.8,200,11.4,200,0,7400
BRITANNIA30JAN202850PE.NFO,07/01/2020,12:50:01,11.8,10.85,200,11.3,200,0,7400
BRITANNIA30JAN202850PE.NFO,07/01/2020,12:50:31,11.8,10.85,400,11.4,200,0,7400
BRITANNIA30JAN202850PE.NFO,07/01/2020,12:50:39,11.8,10.85,400,11.45,200,0,7400
BRITANNIA30JAN202850PE.NFO,07/01/2020,12:50:44,11.8,10.85,400,11.5,200,0,7400
BRITANNIA30JAN202850PE.NFO,07/01/2020,12:50:47,11.8,10.85,400,11.6,200,0,7400
BRITANNIA30JAN202850PE.NFO,07/01/2020,12:50:53,11.8,10.85,400,11.65,200,0,7400
BRITANNIA30JAN202850PE.NFO,07/01/2020,12:50:56,11.8,10.85,400,11.7,200,0,7400
BRITANNIA30JAN202850PE.NFO,07/01/2020,12:51:04,11.8,11.2,200,11.7,200,0,7400
BRITANNIA30JAN202850PE.NFO,07/01/2020,12:51:12,11.8,11.2,200,11.7,400,0,7400
BRITANNIA30JAN202850PE.NFO,07/01/2020,12:52:33,11.8,11.1,200,11.7,400,0,7400
BRITANNIA30JAN202850PE.NFO,07/01/2020,12:52:36,11.8,11.05,200,11.7,400,0,7400
BRITANNIA30JAN202850PE.NFO,07/01/2020,12:52:42,11.8,11,200,11.7,400,0,7400
BRITANNIA30JAN202850PE.NFO,07/01/2020,12:52:59,11.8,11.05,200,11.7,400,0,7400
BRITANNIA30JAN202850PE.NFO,07/01/2020,12:54:26,11.8,11.1,200,11.7,400,0,7400
BRITANNIA30JAN202850PE.NFO,07/01/2020,12:54:30,11.8,11,200,11.7,400,0,7400
BRITANNIA30JAN202850PE.NFO,07/01/2020,12:55:57,11.8,11.15,200,11.7,200,0,7400
BRITANNIA30JAN202850PE.NFO,07/01/2020,12:55:59,11.8,11.05,200,11.7,200,0,7400
BRITANNIA30JAN202850PE.NFO,07/01/2020,12:56:20,11.8,11.05,400,11.7,200,0,7400
BRITANNIA30JAN202850PE.NFO,07/01/2020,12:56:45,11.8,11.05,400,11.8,200,0,7400
BRITANNIA30JAN202850PE.NFO,07/01/2020,12:56:46,11.8,11.05,400,11.85,200,0,7400
BRITANNIA30JAN202850PE.NFO,07/01/2020,12:56:48,11.8,11.05,400,11.9,400,0,7400
BRITANNIA30JAN202850PE.NFO,07/01/2020,12:56:50,11.8,11.05,400,11.9,200,0,7400
BRITANNIA30JAN202850PE.NFO,07/01/2020,12:57:41,11.8,11.05,400,11.95,200,0,7400
BRITANNIA30JAN202850PE.NFO,07/01/2020,12:57:51,11.8,11.05,400,11.95,400,0,7400
BRITANNIA30JAN202850PE.NFO,07/01/2020,12:57:55,11.8,11.05,400,11.95,200,0,7400
BRITANNIA30JAN202850PE.NFO,07/01/2020,12:58:28,11.8,11.05,400,12,400,0,7400
BRITANNIA30JAN202850PE.NFO,07/01/2020,12:58:32,11.8,11.05,400,12,200,0,7400
BRITANNIA30JAN202850PE.NFO,07/01/2020,12:58:57,11.8,11.05,400,11.75,200,0,7400
BRITANNIA30JAN202850PE.NFO,07/01/2020,12:59:00,11.8,11.05,400,11.8,200,0,7400
BRITANNIA30JAN202850PE.NFO,07/01/2020,12:59:27,11.8,11.05,400,11.85,200,0,7400
BRITANNIA30JAN202850PE.NFO,07/01/2020,12:59:46,11.8,11.05,400,11.9,200,0,7400
BRITANNIA30JAN202850PE.NFO,07/01/2020,12:59:50,11.8,11.05,400,11.95,200,0,7400
BRITANNIA30JAN202850PE.NFO,07/01/2020,12:59:58,11.8,11.05,400,12,400,0,7400
BRITANNIA30JAN202850PE.NFO,07/01/2020,13:00:15,11.8,11.25,200,12,400,0,7400
BRITANNIA30JAN202850PE.NFO,07/01/2020,13:00:49,11.8,11.35,200,12,400,0,7400
BRITANNIA30JAN202850PE.NFO,07/01/2020,13:01:04,11.8,11.45,200,12,200,0,7400
BRITANNIA30JAN202850PE.NFO,07/01/2020,13:01:10,11.8,11.45,200,12.05,200,0,7400
BRITANNIA30JAN202850PE.NFO,07/01/2020,13:01:21,11.8,11.55,200,12.1,200,0,7400
BRITANNIA30JAN202850PE.NFO,07/01/2020,13:01:27,11.8,11.65,200,12.1,200,0,7400
BRITANNIA30JAN202850PE.NFO,07/01/2020,13:01:33,11.8,11.75,200,12.2,200,0,7400
BRITANNIA30JAN202850PE.NFO,07/01/2020,13:01:39,11.8,11.7,400,12.2,200,0,7400
BRITANNIA30JAN202850PE.NFO,07/01/2020,13:01:45,11.8,11.7,400,12.1,200,0,7400
BRITANNIA30JAN202850PE.NFO,07/01/2020,13:01:49,11.8,11.7,200,12.1,200,0,7400
BRITANNIA30JAN202850PE.NFO,07/01/2020,13:01:54,11.8,11.65,200,12.1,200,0,7400
BRITANNIA30JAN202850PE.NFO,07/01/2020,13:02:00,11.8,11.6,200,12.1,200,0,7400
BRITANNIA30JAN202850PE.NFO,07/01/2020,13:02:06,11.8,11.65,400,12.1,200,0,7400
BRITANNIA30JAN202850PE.NFO,07/01/2020,13:02:11,11.8,11.65,200,12.1,200,0,7400
BRITANNIA30JAN202850PE.NFO,07/01/2020,13:02:24,11.8,11.65,400,12.1,200,0,7400
BRITANNIA30JAN202850PE.NFO,07/01/2020,13:02:35,11.8,11.65,200,12.1,200,0,7400
BRITANNIA30JAN202850PE.NFO,07/01/2020,13:02:39,11.8,11.65,400,12.1,200,0,7400
BRITANNIA30JAN202850PE.NFO,07/01/2020,13:02:45,11.8,11.65,200,12.1,200,0,7400
BRITANNIA30JAN202850PE.NFO,07/01/2020,13:03:00,11.8,11.6,200,12.1,200,0,7400
BRITANNIA30JAN202850PE.NFO,07/01/2020,13:03:11,11.8,11.6,400,12.1,200,0,7400
BRITANNIA30JAN202850PE.NFO,07/01/2020,13:03:37,11.8,11.55,200,12.1,200,0,7400
BRITANNIA30JAN202850PE.NFO,07/01/2020,13:04:22,11.8,11.65,200,12.1,200,0,7400
BRITANNIA30JAN202850PE.NFO,07/01/2020,13:04:51,11.8,11.7,400,12.1,200,0,7400
BRITANNIA30JAN202850PE.NFO,07/01/2020,13:05:54,11.8,11.7,400,12.2,400,0,7400
BRITANNIA30JAN202850PE.NFO,07/01/2020,13:06:53,11.8,11.7,200,12.2,400,0,7400
BRITANNIA30JAN202850PE.NFO,07/01/2020,13:07:13,11.8,11.7,200,12.2,200,0,7400
BRITANNIA30JAN202850PE.NFO,07/01/2020,13:07:18,11.8,11.7,400,12.1,200,0,7400
BRITANNIA30JAN202850PE.NFO,07/01/2020,13:07:22,11.8,11.7,200,12.1,200,0,7400
BRITANNIA30JAN202850PE.NFO,07/01/2020,13:07:42,11.8,11.7,400,12.1,200,0,7400
BRITANNIA30JAN202850PE.NFO,07/01/2020,13:07:55,11.8,11.75,400,12.15,200,0,7400
BRITANNIA30JAN202850PE.NFO,07/01/2020,13:08:00,11.8,11.75,200,12.15,200,0,7400
BRITANNIA30JAN202850PE.NFO,07/01/2020,13:08:12,11.8,11.8,200,12.15,200,0,7400
BRITANNIA30JAN202850PE.NFO,07/01/2020,13:08:25,11.8,11.8,400,12.25,200,0,7400
BRITANNIA30JAN202850PE.NFO,07/01/2020,13:08:32,11.8,11.8,400,12.35,200,0,7400
BRITANNIA30JAN202850PE.NFO,07/01/2020,13:08:39,11.8,11.8,400,12.4,200,0,7400
BRITANNIA30JAN202850PE.NFO,07/01/2020,13:08:45,11.8,12.35,200,13.35,400,0,7400
BRITANNIA30JAN202850PE.NFO,07/01/2020,13:08:51,11.8,12.35,200,13.15,200,0,7400
BRITANNIA30JAN202850PE.NFO,07/01/2020,13:08:57,11.8,12.35,200,12.95,400,0,7400
BRITANNIA30JAN202850PE.NFO,07/01/2020,13:09:07,11.8,12.45,200,13,200,0,7400
BRITANNIA30JAN202850PE.NFO,07/01/2020,13:09:14,11.8,12.45,200,13.05,400,0,7400
BRITANNIA30JAN202850PE.NFO,07/01/2020,13:09:33,11.8,12.45,200,13.1,200,0,7400
BRITANNIA30JAN202850PE.NFO,07/01/2020,13:09:45,11.8,12.5,200,13,200,0,7400
BRITANNIA30JAN202850PE.NFO,07/01/2020,13:09:51,11.8,12.6,200,13.05,200,0,7400
BRITANNIA30JAN202850PE.NFO,07/01/2020,13:10:14,11.8,12.6,200,13.1,200,0,7400
BRITANNIA30JAN202850PE.NFO,07/01/2020,13:10:28,11.8,12.6,200,13.15,400,0,7400
BRITANNIA30JAN202850PE.NFO,07/01/2020,13:11:31,11.8,12.6,200,13.05,200,0,7400
BRITANNIA30JAN202850PE.NFO,07/01/2020,13:11:40,11.8,12.5,200,13.05,200,0,7400
BRITANNIA30JAN202850PE.NFO,07/01/2020,13:11:49,11.8,12.45,200,13.05,200,0,7400
BRITANNIA30JAN202850PE.NFO,07/01/2020,13:11:53,11.8,12.35,200,13.05,200,0,7400
BRITANNIA30JAN202850PE.NFO,07/01/2020,13:12:09,11.8,12.3,200,13.05,200,0,7400
BRITANNIA30JAN202850PE.NFO,07/01/2020,13:12:15,11.8,12.25,200,13.05,200,0,7400
BRITANNIA30JAN202850PE.NFO,07/01/2020,13:12:33,11.8,12.3,200,13.05,200,0,7400
BRITANNIA30JAN202850PE.NFO,07/01/2020,13:12:55,11.8,12.4,400,13.05,200,0,7400
BRITANNIA30JAN202850PE.NFO,07/01/2020,13:12:58,11.8,12.4,200,13.05,200,0,7400
BRITANNIA30JAN202850PE.NFO,07/01/2020,13:13:02,13.05,12.45,200,13.15,400,200,7600
BRITANNIA30JAN202850PE.NFO,07/01/2020,13:13:02,13.05,12.45,200,13.15,400,0,7600
BRITANNIA30JAN202850PE.NFO,07/01/2020,13:13:11,13.05,12.55,200,13.15,400,0,7600
BRITANNIA30JAN202850PE.NFO,07/01/2020,13:13:31,13.05,12.65,200,13.15,400,0,7600
BRITANNIA30JAN202850PE.NFO,07/01/2020,13:13:52,13.05,12.65,200,13.15,200,0,7600
BRITANNIA30JAN202850PE.NFO,07/01/2020,13:14:08,13.05,12.75,200,13.15,200,0,7600
BRITANNIA30JAN202850PE.NFO,07/01/2020,13:15:04,13.05,12.75,200,13.25,400,0,7600
BRITANNIA30JAN202850PE.NFO,07/01/2020,13:15:12,13.05,12.85,200,13.25,200,0,7600
BRITANNIA30JAN202850PE.NFO,07/01/2020,13:15:26,13.05,12.95,200,13.25,200,0,7600
BRITANNIA30JAN202850PE.NFO,07/01/2020,13:15:45,13.05,12.8,200,13.25,400,0,7600
BRITANNIA30JAN202850PE.NFO,07/01/2020,13:15:51,13.05,12.9,200,13.25,400,0,7600
BRITANNIA30JAN202850PE.NFO,07/01/2020,13:15:56,13.05,12.8,200,13.25,200,0,7600
BRITANNIA30JAN202850PE.NFO,07/01/2020,13:16:01,13.05,12.9,200,13.25,200,0,7600
BRITANNIA30JAN202850PE.NFO,07/01/2020,13:16:07,13.05,12.75,200,13.25,400,0,7600
BRITANNIA30JAN202850PE.NFO,07/01/2020,13:16:18,13.05,12.75,200,13.25,200,0,7600
BRITANNIA30JAN202850PE.NFO,07/01/2020,13:16:47,13.05,12.85,200,13.25,200,0,7600
BRITANNIA30JAN202850PE.NFO,07/01/2020,13:16:53,13.05,12.95,200,13.25,200,0,7600
BRITANNIA30JAN202850PE.NFO,07/01/2020,13:17:13,13.05,12.95,200,13.3,200,0,7600
BRITANNIA30JAN202850PE.NFO,07/01/2020,13:17:23,13.05,13.05,200,13.3,200,0,7600
BRITANNIA30JAN202850PE.NFO,07/01/2020,13:17:41,13.05,13.05,200,13.35,200,0,7600
BRITANNIA30JAN202850PE.NFO,07/01/2020,13:18:16,13.05,13.15,200,13.4,200,0,7600
BRITANNIA30JAN202850PE.NFO,07/01/2020,13:18:32,13.15,13.05,200,13.4,200,200,7600
BRITANNIA30JAN202850PE.NFO,07/01/2020,13:18:32,13.15,13.05,200,13.4,200,0,7600
BRITANNIA30JAN202850PE.NFO,07/01/2020,13:18:47,13.15,12.55,200,13.4,200,0,7600
BRITANNIA30JAN202850PE.NFO,07/01/2020,13:18:51,13.15,12.65,200,13.4,200,0,7600
BRITANNIA30JAN202850PE.NFO,07/01/2020,13:20:32,13.15,12.85,200,13.4,200,0,7600
BRITANNIA30JAN202850PE.NFO,07/01/2020,13:21:16,13.15,12.95,200,13.4,200,0,7600
BRITANNIA30JAN202850PE.NFO,07/01/2020,13:22:18,13.15,12.85,200,13.4,200,0,7600
BRITANNIA30JAN202850PE.NFO,07/01/2020,13:23:05,13.15,12.95,200,13.45,400,0,7600
BRITANNIA30JAN202850PE.NFO,07/01/2020,13:23:29,13.15,12.85,200,13.45,400,0,7600
BRITANNIA30JAN202850PE.NFO,07/01/2020,13:23:57,13.15,12.8,200,13.45,400,0,7600
BRITANNIA30JAN202850PE.NFO,07/01/2020,13:24:12,13.15,12.85,200,13.45,400,0,7600
BRITANNIA30JAN202850PE.NFO,07/01/2020,13:24:21,13.15,12.75,200,13.45,400,0,7600
BRITANNIA30JAN202850PE.NFO,07/01/2020,13:24:27,13.15,12.8,200,13.45,400,0,7600
BRITANNIA30JAN202850PE.NFO,07/01/2020,13:25:16,13.15,12.65,200,13.1,200,0,7600
BRITANNIA30JAN202850PE.NFO,07/01/2020,13:25:59,13.15,12.55,200,13.1,200,0,7600
BRITANNIA30JAN202850PE.NFO,07/01/2020,13:26:26,13.15,12.3,200,13.1,200,0,7600
BRITANNIA30JAN202850PE.NFO,07/01/2020,13:26:41,13.15,12.3,400,13.1,200,0,7600
BRITANNIA30JAN202850PE.NFO,07/01/2020,13:26:57,13.15,12.3,400,12.9,200,0,7600
BRITANNIA30JAN202850PE.NFO,07/01/2020,13:27:03,13.15,12.35,400,12.9,200,0,7600
BRITANNIA30JAN202850PE.NFO,07/01/2020,13:27:08,13.15,12.35,200,12.9,200,0,7600
BRITANNIA30JAN202850PE.NFO,07/01/2020,13:27:13,13.15,12.3,200,12.9,200,0,7600
BRITANNIA30JAN202850PE.NFO,07/01/2020,13:27:46,13.15,12.3,400,12.9,200,0,7600
BRITANNIA30JAN202850PE.NFO,07/01/2020,13:28:03,13.15,12.3,200,12.9,200,0,7600
BRITANNIA30JAN202850PE.NFO,07/01/2020,13:28:45,13.15,12.3,400,12.9,200,0,7600
BRITANNIA30JAN202850PE.NFO,07/01/2020,13:28:59,13.15,12.3,400,13.1,200,0,7600
BRITANNIA30JAN202850PE.NFO,07/01/2020,13:29:05,13.15,12.3,400,13.2,200,0,7600
BRITANNIA30JAN202850PE.NFO,07/01/2020,13:29:11,13.15,12.3,400,13.25,200,0,7600
BRITANNIA30JAN202850PE.NFO,07/01/2020,13:29:18,13.15,12.3,400,13.3,200,0,7600
BRITANNIA30JAN202850PE.NFO,07/01/2020,13:29:24,13.15,12.3,400,13.35,400,0,7600
BRITANNIA30JAN202850PE.NFO,07/01/2020,13:29:30,13.15,12.3,400,13.35,200,0,7600
BRITANNIA30JAN202850PE.NFO,07/01/2020,13:29:45,13.15,12.3,400,13.35,400,0,7600
BRITANNIA30JAN202850PE.NFO,07/01/2020,13:29:57,13.15,12.7,200,13.4,400,0,7600
BRITANNIA30JAN202850PE.NFO,07/01/2020,13:30:29,13.15,12.8,200,13.45,400,0,7600
BRITANNIA30JAN202850PE.NFO,07/01/2020,13:30:35,13.15,12.8,200,13.45,200,0,7600
BRITANNIA30JAN202850PE.NFO,07/01/2020,13:30:45,13.15,12.9,200,13.45,200,0,7600
BRITANNIA30JAN202850PE.NFO,07/01/2020,13:30:52,13.15,12.9,200,13.5,200,0,7600
BRITANNIA30JAN202850PE.NFO,07/01/2020,13:30:58,13.15,12.9,200,13.55,400,0,7600
BRITANNIA30JAN202850PE.NFO,07/01/2020,13:31:11,13.15,12.9,200,13.6,400,0,7600
BRITANNIA30JAN202850PE.NFO,07/01/2020,13:31:17,13.15,13,200,13.6,400,0,7600
BRITANNIA30JAN202850PE.NFO,07/01/2020,13:32:43,13.15,13.2,200,13.6,200,0,7600
BRITANNIA30JAN202850PE.NFO,07/01/2020,13:33:11,13.15,13.3,200,13.65,200,0,7600
BRITANNIA30JAN202850PE.NFO,07/01/2020,13:33:15,13.15,13.3,200,13.75,200,0,7600
BRITANNIA30JAN202850PE.NFO,07/01/2020,13:33:20,13.15,13.3,200,13.7,200,0,7600
BRITANNIA30JAN202850PE.NFO,07/01/2020,13:33:36,13.15,13.3,200,13.7,400,0,7600
BRITANNIA30JAN202850PE.NFO,07/01/2020,13:33:52,13.15,13.1,200,13.7,400,0,7600
BRITANNIA30JAN202850PE.NFO,07/01/2020,13:35:33,13.2,13.1,200,13.7,400,200,7400
BRITANNIA30JAN202850PE.NFO,07/01/2020,13:35:33,13.2,13.1,200,13.7,400,0,7400
BRITANNIA30JAN202850PE.NFO,07/01/2020,13:36:00,13.2,13.05,200,13.7,400,0,7400
BRITANNIA30JAN202850PE.NFO,07/01/2020,13:36:14,13.2,13.05,400,13.7,400,0,7400
BRITANNIA30JAN202850PE.NFO,07/01/2020,13:36:18,13.2,13.05,200,13.7,400,0,7400
BRITANNIA30JAN202850PE.NFO,07/01/2020,13:36:30,13.2,13.05,400,13.7,400,0,7400
BRITANNIA30JAN202850PE.NFO,07/01/2020,13:36:33,13.2,13.05,400,13.4,200,0,7400
BRITANNIA30JAN202850PE.NFO,07/01/2020,13:36:37,13.2,13.05,400,13.45,200,0,7400
BRITANNIA30JAN202850PE.NFO,07/01/2020,13:36:45,13.2,13.05,400,13.55,400,0,7400
BRITANNIA30JAN202850PE.NFO,07/01/2020,13:36:51,13.2,13.05,400,13.55,200,0,7400
BRITANNIA30JAN202850PE.NFO,07/01/2020,13:41:09,13.2,13.05,200,13.55,200,0,7400
BRITANNIA30JAN202850PE.NFO,07/01/2020,13:41:25,13.2,13.15,200,13.6,400,0,7400
BRITANNIA30JAN202850PE.NFO,07/01/2020,13:41:44,13.2,13.1,200,13.6,400,0,7400
BRITANNIA30JAN202850PE.NFO,07/01/2020,13:42:19,13.2,13.05,200,13.6,400,0,7400
BRITANNIA30JAN202850PE.NFO,07/01/2020,13:42:41,13.05,12.95,200,13.5,200,200,7400
BRITANNIA30JAN202850PE.NFO,07/01/2020,13:42:45,13.05,12.95,200,13.5,200,0,7400
BRITANNIA30JAN202850PE.NFO,07/01/2020,13:42:53,13.05,12.9,200,13.5,200,0,7400
BRITANNIA30JAN202850PE.NFO,07/01/2020,13:44:30,13.05,12.55,200,13.3,200,0,7400
BRITANNIA30JAN202850PE.NFO,07/01/2020,13:44:50,13.05,12.55,200,13.35,200,0,7400
BRITANNIA30JAN202850PE.NFO,07/01/2020,13:45:02,13.05,12.55,200,13.25,200,0,7400
BRITANNIA30JAN202850PE.NFO,07/01/2020,13:45:13,13.05,12.55,200,13.15,200,0,7400
BRITANNIA30JAN202850PE.NFO,07/01/2020,13:45:24,13.05,12.55,200,13.2,200,0,7400
BRITANNIA30JAN202850PE.NFO,07/01/2020,13:45:29,13.05,12.55,200,13.25,200,0,7400
BRITANNIA30JAN202850PE.NFO,07/01/2020,13:45:37,13.05,12.65,200,13.25,200,0,7400
BRITANNIA30JAN202850PE.NFO,07/01/2020,13:45:41,13.05,12.65,200,13.2,400,0,7400
BRITANNIA30JAN202850PE.NFO,07/01/2020,13:46:57,13.05,12.6,200,13.2,400,0,7400
BRITANNIA30JAN202850PE.NFO,07/01/2020,13:47:39,13.05,12.5,200,13.2,400,0,7400
BRITANNIA30JAN202850PE.NFO,07/01/2020,13:48:20,13.05,12.5,200,13,200,0,7400
BRITANNIA30JAN202850PE.NFO,07/01/2020,13:50:44,13.05,12.5,200,12.9,400,0,7400
BRITANNIA30JAN202850PE.NFO,07/01/2020,13:51:04,13.05,12.5,200,12.9,200,0,7400
BRITANNIA30JAN202850PE.NFO,07/01/2020,13:51:11,13.05,12.5,200,12.95,200,0,7400
BRITANNIA30JAN202850PE.NFO,07/01/2020,13:51:16,13.05,12.5,200,13,200,0,7400
BRITANNIA30JAN202850PE.NFO,07/01/2020,13:51:27,13.05,12.5,200,12.9,400,0,7400
BRITANNIA30JAN202850PE.NFO,07/01/2020,13:51:32,13.05,12.5,200,12.9,200,0,7400
BRITANNIA30JAN202850PE.NFO,07/01/2020,13:51:52,13.05,12.5,200,12.95,200,0,7400
BRITANNIA30JAN202850PE.NFO,07/01/2020,13:53:09,13.05,12.5,200,13,200,0,7400
BRITANNIA30JAN202850PE.NFO,07/01/2020,13:53:14,13.05,12.6,200,13.1,200,0,7400
BRITANNIA30JAN202850PE.NFO,07/01/2020,13:53:21,13.05,12.6,200,13.05,200,0,7400
BRITANNIA30JAN202850PE.NFO,07/01/2020,13:53:33,13.05,12.6,200,13.1,200,0,7400
BRITANNIA30JAN202850PE.NFO,07/01/2020,13:53:42,13.05,12.55,200,13,200,0,7400
BRITANNIA30JAN202850PE.NFO,07/01/2020,13:53:50,13.05,12.5,200,13,200,0,7400
BRITANNIA30JAN202850PE.NFO,07/01/2020,13:54:36,13.05,12.45,200,13,200,0,7400
BRITANNIA30JAN202850PE.NFO,07/01/2020,13:54:49,13.05,12.5,200,12.9,200,0,7400
BRITANNIA30JAN202850PE.NFO,07/01/2020,13:54:53,12.5,11.05,200,12.55,200,200,7600
BRITANNIA30JAN202850PE.NFO,07/01/2020,13:54:57,12.5,10.5,400,12.4,200,0,7600
BRITANNIA30JAN202850PE.NFO,07/01/2020,13:54:59,12.5,11.6,200,12.4,200,0,7600
BRITANNIA30JAN202850PE.NFO,07/01/2020,13:55:03,12.5,11.85,200,12.4,200,0,7600
BRITANNIA30JAN202850PE.NFO,07/01/2020,13:55:11,12.5,11.7,400,12.4,200,0,7600
BRITANNIA30JAN202850PE.NFO,07/01/2020,13:56:01,12.5,11.95,200,12.4,200,0,7600
BRITANNIA30JAN202850PE.NFO,07/01/2020,13:56:12,12.5,11.9,200,12.4,200,0,7600
BRITANNIA30JAN202850PE.NFO,07/01/2020,13:56:20,12.5,11.85,200,12.4,200,0,7600
BRITANNIA30JAN202850PE.NFO,07/01/2020,13:56:57,12.5,11.8,200,12.4,200,0,7600
BRITANNIA30JAN202850PE.NFO,07/01/2020,13:57:35,12.5,11.8,400,12.4,200,0,7600
BRITANNIA30JAN202850PE.NFO,07/01/2020,13:57:56,12.5,11.8,200,12.45,400,0,7600
BRITANNIA30JAN202850PE.NFO,07/01/2020,13:58:01,12.5,11.8,200,12.45,200,0,7600
BRITANNIA30JAN202850PE.NFO,07/01/2020,13:58:05,12.5,11.8,200,12.45,400,0,7600
BRITANNIA30JAN202850PE.NFO,07/01/2020,14:00:34,12.5,11.75,200,12.45,400,0,7600
BRITANNIA30JAN202850PE.NFO,07/01/2020,14:00:59,12.5,11.75,200,12.45,200,0,7600
BRITANNIA30JAN202850PE.NFO,07/01/2020,14:01:09,12.5,11.75,200,12.45,400,0,7600
BRITANNIA30JAN202850PE.NFO,07/01/2020,14:03:34,12.5,11.75,200,12.35,200,0,7600
BRITANNIA30JAN202850PE.NFO,07/01/2020,14:03:43,12.5,11.75,200,12.2,400,0,7600
BRITANNIA30JAN202850PE.NFO,07/01/2020,14:03:49,12.5,11.6,200,12.2,400,0,7600
BRITANNIA30JAN202850PE.NFO,07/01/2020,14:03:53,12.5,11.55,200,12.2,400,0,7600
BRITANNIA30JAN202850PE.NFO,07/01/2020,14:03:58,12.5,11.75,200,12.2,400,0,7600
BRITANNIA30JAN202850PE.NFO,07/01/2020,14:04:04,12.5,11.75,400,12.2,400,0,7600
BRITANNIA30JAN202850PE.NFO,07/01/2020,14:04:08,12.5,11.75,400,12.2,200,0,7600
BRITANNIA30JAN202850PE.NFO,07/01/2020,14:04:42,12.5,11.75,400,12.2,400,0,7600
BRITANNIA30JAN202850PE.NFO,07/01/2020,14:04:45,12.5,11.75,400,12.2,200,0,7600
BRITANNIA30JAN202850PE.NFO,07/01/2020,14:05:26,12.5,11.75,200,12.2,200,0,7600
BRITANNIA30JAN202850PE.NFO,07/01/2020,14:07:15,12.5,11.75,200,12.3,200,0,7600
BRITANNIA30JAN202850PE.NFO,07/01/2020,14:07:17,12.5,11.75,200,12.35,200,0,7600
BRITANNIA30JAN202850PE.NFO,07/01/2020,14:08:10,12.5,11.75,200,12.3,400,0,7600
BRITANNIA30JAN202850PE.NFO,07/01/2020,14:08:46,12.5,11.9,200,12.3,400,0,7600
BRITANNIA30JAN202850PE.NFO,07/01/2020,14:09:12,12.5,11.9,200,12.3,200,0,7600
BRITANNIA30JAN202850PE.NFO,07/01/2020,14:09:32,12.5,11.9,200,12.55,200,0,7600
BRITANNIA30JAN202850PE.NFO,07/01/2020,14:09:55,12.5,11.9,200,12.65,200,0,7600
BRITANNIA30JAN202850PE.NFO,07/01/2020,14:10:09,12.5,11.9,200,12.65,400,0,7600
BRITANNIA30JAN202850PE.NFO,07/01/2020,14:10:39,12.5,11.9,200,12.55,400,0,7600
BRITANNIA30JAN202850PE.NFO,07/01/2020,14:11:52,12.5,11.9,200,12.55,200,0,7600
BRITANNIA30JAN202850PE.NFO,07/01/2020,14:11:55,12.5,11.9,200,12.55,400,0,7600
BRITANNIA30JAN202850PE.NFO,07/01/2020,14:12:09,12.5,11.9,200,12.5,400,0,7600
BRITANNIA30JAN202850PE.NFO,07/01/2020,14:12:24,12.5,11.9,200,12.5,200,0,7600
BRITANNIA30JAN202850PE.NFO,07/01/2020,14:13:24,12.5,11.9,200,12.5,400,0,7600
BRITANNIA30JAN202850PE.NFO,07/01/2020,14:13:37,12.5,11.9,200,12.4,200,0,7600
BRITANNIA30JAN202850PE.NFO,07/01/2020,14:13:43,12.5,11.9,200,12.4,400,0,7600
BRITANNIA30JAN202850PE.NFO,07/01/2020,14:13:48,12.5,12,200,12.4,400,0,7600
BRITANNIA30JAN202850PE.NFO,07/01/2020,14:15:03,12.5,11.95,200,12.4,400,0,7600
BRITANNIA30JAN202850PE.NFO,07/01/2020,14:15:23,12.5,11.95,200,12.4,200,0,7600
BRITANNIA30JAN202850PE.NFO,07/01/2020,14:15:44,12.5,11.95,200,12.4,400,0,7600
BRITANNIA30JAN202850PE.NFO,07/01/2020,14:16:10,12.5,11.95,200,12.45,200,0,7600
BRITANNIA30JAN202850PE.NFO,07/01/2020,14:16:43,12.5,11.95,200,12.45,400,0,7600
BRITANNIA30JAN202850PE.NFO,07/01/2020,14:16:51,12.5,12.05,200,12.75,200,0,7600
BRITANNIA30JAN202850PE.NFO,07/01/2020,14:17:15,12.5,12.05,200,12.8,200,0,7600
BRITANNIA30JAN202850PE.NFO,07/01/2020,14:17:23,12.5,12.05,200,12.9,400,0,7600
BRITANNIA30JAN202850PE.NFO,07/01/2020,14:18:26,12.5,12.05,200,12.7,200,0,7600
BRITANNIA30JAN202850PE.NFO,07/01/2020,14:19:14,12.5,12.05,200,12.8,200,0,7600
BRITANNIA30JAN202850PE.NFO,07/01/2020,14:19:18,12.5,12.05,200,12.75,200,0,7600
BRITANNIA30JAN202850PE.NFO,07/01/2020,14:19:21,12.5,12.05,200,12.8,200,0,7600
BRITANNIA30JAN202850PE.NFO,07/01/2020,14:19:23,12.5,12.05,200,12.75,200,0,7600
BRITANNIA30JAN202850PE.NFO,07/01/2020,14:19:36,12.5,12.05,200,12.65,200,0,7600
BRITANNIA30JAN202850PE.NFO,07/01/2020,14:19:50,12.5,12.05,200,12.7,200,0,7600
BRITANNIA30JAN202850PE.NFO,07/01/2020,14:19:58,12.5,12.05,200,12.75,200,0,7600
BRITANNIA30JAN202850PE.NFO,07/01/2020,14:20:08,12.5,12.05,200,12.75,400,0,7600
BRITANNIA30JAN202850PE.NFO,07/01/2020,14:20:13,12.5,12.05,200,12.8,200,0,7600
BRITANNIA30JAN202850PE.NFO,07/01/2020,14:21:02,12.5,12.05,200,12.8,400,0,7600
BRITANNIA30JAN202850PE.NFO,07/01/2020,14:21:07,12.5,12.05,200,12.8,200,0,7600
BRITANNIA30JAN202850PE.NFO,07/01/2020,14:21:46,12.5,12.05,200,12.7,200,0,7600
BRITANNIA30JAN202850PE.NFO,07/01/2020,14:24:07,12.5,12.05,200,12.8,200,0,7600
BRITANNIA30JAN202850PE.NFO,07/01/2020,14:25:09,12.5,12.05,200,12.8,400,0,7600
BRITANNIA30JAN202850PE.NFO,07/01/2020,14:25:54,12.5,12.05,200,12.8,200,0,7600
BRITANNIA30JAN202850PE.NFO,07/01/2020,14:26:38,12.5,12.05,200,12.8,400,0,7600
BRITANNIA30JAN202850PE.NFO,07/01/2020,14:29:16,12.5,12,200,12.8,400,0,7600
BRITANNIA30JAN202850PE.NFO,07/01/2020,14:29:21,12.5,12,200,12.5,200,0,7600
BRITANNIA30JAN202850PE.NFO,07/01/2020,14:29:26,12.5,11.95,200,12.5,200,0,7600
BRITANNIA30JAN202850PE.NFO,07/01/2020,14:29:35,12.5,11.95,400,12.5,200,0,7600
BRITANNIA30JAN202850PE.NFO,07/01/2020,14:29:45,12.5,11.9,200,12.5,200,0,7600
BRITANNIA30JAN202850PE.NFO,07/01/2020,14:29:53,12.5,11.9,200,12.3,200,0,7600
BRITANNIA30JAN202850PE.NFO,07/01/2020,14:30:01,12.5,11.9,200,12.35,200,0,7600
BRITANNIA30JAN202850PE.NFO,07/01/2020,14:30:09,12.5,11.85,200,12.35,200,0,7600
BRITANNIA30JAN202850PE.NFO,07/01/2020,14:30:35,12.5,11.85,200,12.3,200,0,7600
BRITANNIA30JAN202850PE.NFO,07/01/2020,14:30:52,12.5,11.85,200,12.3,400,0,7600
BRITANNIA30JAN202850PE.NFO,07/01/2020,14:31:00,12.5,11.85,200,12.35,400,0,7600
BRITANNIA30JAN202850PE.NFO,07/01/2020,14:31:07,12.5,11.8,200,12.25,200,0,7600
BRITANNIA30JAN202850PE.NFO,07/01/2020,14:31:22,12.5,11.55,200,12.25,200,0,7600
BRITANNIA30JAN202850PE.NFO,07/01/2020,14:32:00,12.5,11.75,200,12.25,200,0,7600
BRITANNIA30JAN202850PE.NFO,07/01/2020,14:32:30,12.5,11.7,200,12.25,200,0,7600
BRITANNIA30JAN202850PE.NFO,07/01/2020,14:32:35,12.5,11.65,200,12.15,200,0,7600
BRITANNIA30JAN202850PE.NFO,07/01/2020,14:32:41,12.5,11.65,200,12.25,200,0,7600
BRITANNIA30JAN202850PE.NFO,07/01/2020,14:32:46,12.5,11.65,200,12.15,200,0,7600
BRITANNIA30JAN202850PE.NFO,07/01/2020,14:32:51,12.5,11.65,200,12.2,200,0,7600
BRITANNIA30JAN202850PE.NFO,07/01/2020,14:33:15,12.5,11.65,200,12.2,400,0,7600
BRITANNIA30JAN202850PE.NFO,07/01/2020,14:33:21,12.5,11.75,200,12.2,400,0,7600
BRITANNIA30JAN202850PE.NFO,07/01/2020,14:33:33,12.5,11.65,200,12.15,400,0,7600
BRITANNIA30JAN202850PE.NFO,07/01/2020,14:33:39,12.5,11.75,200,12.15,200,0,7600
BRITANNIA30JAN202850PE.NFO,07/01/2020,14:33:45,12.5,11.8,200,12.15,200,0,7600
BRITANNIA30JAN202850PE.NFO,07/01/2020,14:33:51,12.5,11.7,200,12.15,200,0,7600
BRITANNIA30JAN202850PE.NFO,07/01/2020,14:33:57,12.5,11.65,200,12.15,200,0,7600
BRITANNIA30JAN202850PE.NFO,07/01/2020,14:34:02,12.5,11.65,200,12.1,200,0,7600
BRITANNIA30JAN202850PE.NFO,07/01/2020,14:34:48,12.5,11.65,200,12.05,200,0,7600
BRITANNIA30JAN202850PE.NFO,07/01/2020,14:34:58,12.5,11.65,200,12.05,400,0,7600
BRITANNIA30JAN202850PE.NFO,07/01/2020,14:35:03,12.5,11.65,200,12.05,200,0,7600
BRITANNIA30JAN202850PE.NFO,07/01/2020,14:35:09,12.5,11.75,200,12.05,200,0,7600
BRITANNIA30JAN202850PE.NFO,07/01/2020,14:35:23,12.5,11.75,200,12.2,200,0,7600
BRITANNIA30JAN202850PE.NFO,07/01/2020,14:35:29,12.5,11.75,200,12.15,400,0,7600
BRITANNIA30JAN202850PE.NFO,07/01/2020,14:36:18,12.5,11.7,400,12.15,400,0,7600
BRITANNIA30JAN202850PE.NFO,07/01/2020,14:37:11,12.5,11.7,200,12.15,400,0,7600
BRITANNIA30JAN202850PE.NFO,07/01/2020,14:37:36,12.5,11.7,200,12.1,200,0,7600
BRITANNIA30JAN202850PE.NFO,07/01/2020,14:37:56,12.5,11.7,200,12.15,200,0,7600
BRITANNIA30JAN202850PE.NFO,07/01/2020,14:38:01,12.5,11.7,200,12.2,200,0,7600
BRITANNIA30JAN202850PE.NFO,07/01/2020,14:38:05,12.5,11.8,200,12.2,200,0,7600
BRITANNIA30JAN202850PE.NFO,07/01/2020,14:38:22,12.5,11.65,200,12.2,200,0,7600
BRITANNIA30JAN202850PE.NFO,07/01/2020,14:38:27,12.5,11.65,200,12.2,400,0,7600
BRITANNIA30JAN202850PE.NFO,07/01/2020,14:38:44,12.5,11.6,200,11.95,200,0,7600
BRITANNIA30JAN202850PE.NFO,07/01/2020,14:38:51,12.5,11.55,200,11.95,400,0,7600
BRITANNIA30JAN202850PE.NFO,07/01/2020,14:39:02,12.5,11.55,200,11.95,200,0,7600
BRITANNIA30JAN202850PE.NFO,07/01/2020,14:39:07,12.5,11.55,200,12,200,0,7600
BRITANNIA30JAN202850PE.NFO,07/01/2020,14:39:12,12.5,11.55,200,12.1,200,0,7600
BRITANNIA30JAN202850PE.NFO,07/01/2020,14:39:46,12.5,11.55,200,12.1,400,0,7600
BRITANNIA30JAN202850PE.NFO,07/01/2020,14:41:10,12.5,11.5,200,12.1,400,0,7600
BRITANNIA30JAN202850PE.NFO,07/01/2020,14:45:15,12.5,11.5,200,12.1,200,0,7600
BRITANNIA30JAN202850PE.NFO,07/01/2020,14:46:03,12.5,11.7,200,12.15,200,0,7600
BRITANNIA30JAN202850PE.NFO,07/01/2020,14:46:09,12.5,11.7,200,12.5,400,0,7600
BRITANNIA30JAN202850PE.NFO,07/01/2020,14:49:52,12.5,11.65,200,12.5,400,0,7600
BRITANNIA30JAN202850PE.NFO,07/01/2020,14:50:50,12.5,11.85,200,12.5,400,0,7600
BRITANNIA30JAN202850PE.NFO,07/01/2020,14:50:54,12.5,11.75,200,12.5,400,0,7600
BRITANNIA30JAN202850PE.NFO,07/01/2020,14:51:05,12.5,11.75,400,12.5,400,0,7600
BRITANNIA30JAN202850PE.NFO,07/01/2020,14:51:28,12.5,11.75,200,12.5,400,0,7600
BRITANNIA30JAN202850PE.NFO,07/01/2020,14:51:33,12.5,11.7,200,12.5,400,0,7600
BRITANNIA30JAN202850PE.NFO,07/01/2020,14:51:36,12.5,11.65,200,12.5,400,0,7600
BRITANNIA30JAN202850PE.NFO,07/01/2020,14:51:47,12.5,11.6,400,12.5,400,0,7600
BRITANNIA30JAN202850PE.NFO,07/01/2020,14:52:04,12.5,11.6,200,12.35,400,0,7600
BRITANNIA30JAN202850PE.NFO,07/01/2020,14:52:11,12.5,11.55,200,12.35,400,0,7600
BRITANNIA30JAN202850PE.NFO,07/01/2020,14:52:24,12.5,11.45,400,12.35,400,0,7600
BRITANNIA30JAN202850PE.NFO,07/01/2020,14:52:38,12.5,11.4,200,12.35,400,0,7600
BRITANNIA30JAN202850PE.NFO,07/01/2020,14:52:54,12.5,11.35,200,12.35,400,0,7600
BRITANNIA30JAN202850PE.NFO,07/01/2020,14:52:57,12.5,11.3,200,12.35,400,0,7600
BRITANNIA30JAN202850PE.NFO,07/01/2020,14:53:12,12.5,11.2,400,12.35,400,0,7600
BRITANNIA30JAN202850PE.NFO,07/01/2020,14:53:18,12.5,11.2,400,12.1,200,0,7600
BRITANNIA30JAN202850PE.NFO,07/01/2020,14:53:25,12.5,11.2,400,12,200,0,7600
BRITANNIA30JAN202850PE.NFO,07/01/2020,14:53:31,12.5,11.05,200,11.8,200,0,7600
BRITANNIA30JAN202850PE.NFO,07/01/2020,14:53:37,12.5,11.15,200,11.8,200,0,7600
BRITANNIA30JAN202850PE.NFO,07/01/2020,14:53:48,12.5,11.1,400,11.8,200,0,7600
BRITANNIA30JAN202850PE.NFO,07/01/2020,14:54:36,12.5,11.35,200,11.8,200,0,7600
BRITANNIA30JAN202850PE.NFO,07/01/2020,14:55:02,12.5,11.3,200,11.8,200,0,7600
BRITANNIA30JAN202850PE.NFO,07/01/2020,14:55:31,12.5,11.3,400,11.8,200,0,7600
BRITANNIA30JAN202850PE.NFO,07/01/2020,14:55:35,12.5,11.3,200,11.8,200,0,7600
BRITANNIA30JAN202850PE.NFO,07/01/2020,14:57:39,12.5,11.35,200,11.8,200,0,7600
BRITANNIA30JAN202850PE.NFO,07/01/2020,14:57:46,12.5,11.3,400,11.8,200,0,7600
BRITANNIA30JAN202850PE.NFO,07/01/2020,14:58:01,12.5,11.3,400,11.85,200,0,7600
BRITANNIA30JAN202850PE.NFO,07/01/2020,14:58:04,12.5,11.3,400,11.9,200,0,7600
BRITANNIA30JAN202850PE.NFO,07/01/2020,14:58:11,12.5,11.3,400,11.95,200,0,7600
BRITANNIA30JAN202850PE.NFO,07/01/2020,14:58:23,12.5,11.3,400,12,200,0,7600
BRITANNIA30JAN202850PE.NFO,07/01/2020,14:58:29,12.5,11.3,400,11.95,400,0,7600
BRITANNIA30JAN202850PE.NFO,07/01/2020,14:59:05,12.5,11.55,400,11.95,400,0,7600
BRITANNIA30JAN202850PE.NFO,07/01/2020,14:59:10,12.5,11.5,200,11.85,400,0,7600
BRITANNIA30JAN202850PE.NFO,07/01/2020,14:59:15,12.5,11.5,200,11.95,200,0,7600
BRITANNIA30JAN202850PE.NFO,07/01/2020,14:59:25,12.5,11.5,200,12,200,0,7600
BRITANNIA30JAN202850PE.NFO,07/01/2020,14:59:29,12.5,11.5,200,11.95,400,0,7600
BRITANNIA30JAN202850PE.NFO,07/01/2020,14:59:33,12.5,11.5,200,12.05,200,0,7600
BRITANNIA30JAN202850PE.NFO,07/01/2020,14:59:40,12.5,11.5,200,12,400,0,7600
BRITANNIA30JAN202850PE.NFO,07/01/2020,15:00:11,12.5,11.45,400,12,400,0,7600
BRITANNIA30JAN202850PE.NFO,07/01/2020,15:00:36,12.5,11.7,200,12,400,0,7600
BRITANNIA30JAN202850PE.NFO,07/01/2020,15:00:51,12.5,11.7,200,12.05,200,0,7600
BRITANNIA30JAN202850PE.NFO,07/01/2020,15:01:16,12.5,11.65,400,12,400,0,7600
BRITANNIA30JAN202850PE.NFO,07/01/2020,15:01:26,12.5,11.65,400,12,200,0,7600
BRITANNIA30JAN202850PE.NFO,07/01/2020,15:01:33,12.5,11.65,400,12.05,400,0,7600
BRITANNIA30JAN202850PE.NFO,07/01/2020,15:01:38,12.5,11.65,400,12.15,200,0,7600
BRITANNIA30JAN202850PE.NFO,07/01/2020,15:01:47,12.5,11.65,400,12.1,400,0,7600
BRITANNIA30JAN202850PE.NFO,07/01/2020,15:02:22,12.5,11.65,400,12.15,200,0,7600
BRITANNIA30JAN202850PE.NFO,07/01/2020,15:02:31,12.5,11.65,400,12.1,400,0,7600
BRITANNIA30JAN202850PE.NFO,07/01/2020,15:03:24,12.5,11.65,400,12.1,200,0,7600
BRITANNIA30JAN202850PE.NFO,07/01/2020,15:04:07,12.5,11.65,400,12.1,400,0,7600
BRITANNIA30JAN202850PE.NFO,07/01/2020,15:05:59,12.5,11.65,200,12.1,400,0,7600
BRITANNIA30JAN202850PE.NFO,07/01/2020,15:07:11,12.5,11.65,200,12,200,0,7600
BRITANNIA30JAN202850PE.NFO,07/01/2020,15:08:32,12.5,11.5,200,12,400,0,7600
BRITANNIA30JAN202850PE.NFO,07/01/2020,15:08:41,12.5,11.5,200,11.9,400,0,7600
BRITANNIA30JAN202850PE.NFO,07/01/2020,15:08:54,12.5,11.5,200,11.85,200,0,7600
BRITANNIA30JAN202850PE.NFO,07/01/2020,15:08:57,12.5,11.5,200,11.85,400,0,7600
BRITANNIA30JAN202850PE.NFO,07/01/2020,15:09:01,12.5,11.5,200,12.15,200,0,7600
BRITANNIA30JAN202850PE.NFO,07/01/2020,15:09:06,12.5,11.7,200,12.15,200,0,7600
BRITANNIA30JAN202850PE.NFO,07/01/2020,15:09:22,12.5,11.65,400,12.05,200,0,7600
BRITANNIA30JAN202850PE.NFO,07/01/2020,15:09:37,12.5,11.65,200,12.05,200,0,7600
BRITANNIA30JAN202850PE.NFO,07/01/2020,15:09:42,12.5,11.5,200,11.9,400,0,7600
BRITANNIA30JAN202850PE.NFO,07/01/2020,15:09:48,12.5,11.5,200,11.9,200,0,7600
BRITANNIA30JAN202850PE.NFO,07/01/2020,15:09:54,12.5,11.5,200,12,200,0,7600
BRITANNIA30JAN202850PE.NFO,07/01/2020,15:10:08,12.5,11.5,200,12,400,0,7600
BRITANNIA30JAN202850PE.NFO,07/01/2020,15:10:12,12.5,11.6,200,12,400,0,7600
BRITANNIA30JAN202850PE.NFO,07/01/2020,15:10:21,12.5,11.5,200,12,400,0,7600
BRITANNIA30JAN202850PE.NFO,07/01/2020,15:10:25,12.5,11.45,200,12,400,0,7600
BRITANNIA30JAN202850PE.NFO,07/01/2020,15:10:31,12.5,11.4,200,12,400,0,7600
BRITANNIA30JAN202850PE.NFO,07/01/2020,15:10:36,12.5,11.35,400,12,400,0,7600
BRITANNIA30JAN202850PE.NFO,07/01/2020,15:10:55,12.5,11.35,400,11.9,200,0,7600
BRITANNIA30JAN202850PE.NFO,07/01/2020,15:11:06,12.5,11.35,400,11.8,200,0,7600
BRITANNIA30JAN202850PE.NFO,07/01/2020,15:11:13,12.5,11.3,200,11.8,200,0,7600
BRITANNIA30JAN202850PE.NFO,07/01/2020,15:11:19,12.5,11.25,200,11.7,200,0,7600
BRITANNIA30JAN202850PE.NFO,07/01/2020,15:11:26,12.5,11.25,400,11.7,200,0,7600
BRITANNIA30JAN202850PE.NFO,07/01/2020,15:12:46,12.5,11.2,400,11.7,200,0,7600
BRITANNIA30JAN202850PE.NFO,07/01/2020,15:13:36,12.5,11.2,400,11.6,200,0,7600
BRITANNIA30JAN202850PE.NFO,07/01/2020,15:14:01,12.5,11.2,400,11.65,200,0,7600
BRITANNIA30JAN202850PE.NFO,07/01/2020,15:14:05,12.5,11.2,400,11.7,200,0,7600
BRITANNIA30JAN202850PE.NFO,07/01/2020,15:14:53,12.5,11.2,200,11.6,200,0,7600
BRITANNIA30JAN202850PE.NFO,07/01/2020,15:14:58,12.5,11.2,200,11.5,200,0,7600
BRITANNIA30JAN202850PE.NFO,07/01/2020,15:15:08,12.5,11.15,200,11.5,200,0,7600
BRITANNIA30JAN202850PE.NFO,07/01/2020,15:15:14,12.5,11.15,200,11.4,200,0,7600
BRITANNIA30JAN202850PE.NFO,07/01/2020,15:15:27,12.5,11.15,200,11.45,200,0,7600
BRITANNIA30JAN202850PE.NFO,07/01/2020,15:15:34,12.5,11.15,200,11.5,200,0,7600
BRITANNIA30JAN202850PE.NFO,07/01/2020,15:15:48,12.5,11.15,200,11.4,200,0,7600
BRITANNIA30JAN202850PE.NFO,07/01/2020,15:15:54,12.5,11.05,200,11.4,200,0,7600
BRITANNIA30JAN202850PE.NFO,07/01/2020,15:16:07,11.3,11,400,11.4,200,200,7400
BRITANNIA30JAN202850PE.NFO,07/01/2020,15:16:13,11.3,11.1,200,11.4,200,0,7400
BRITANNIA30JAN202850PE.NFO,07/01/2020,15:16:31,11.3,11.05,200,11.4,200,0,7400
BRITANNIA30JAN202850PE.NFO,07/01/2020,15:16:36,11.3,11.05,200,11.3,200,0,7400
BRITANNIA30JAN202850PE.NFO,07/01/2020,15:16:53,11.3,10.95,400,11.3,200,0,7400
BRITANNIA30JAN202850PE.NFO,07/01/2020,15:16:59,11.3,11,200,11.4,200,200,7400
BRITANNIA30JAN202850PE.NFO,07/01/2020,15:17:04,11.3,11,200,11.4,200,0,7400
BRITANNIA30JAN202850PE.NFO,07/01/2020,15:17:26,11.3,10.95,400,11.35,200,0,7400
BRITANNIA30JAN202850PE.NFO,07/01/2020,15:17:37,11.3,10.95,400,11.4,200,0,7400
BRITANNIA30JAN202850PE.NFO,07/01/2020,15:17:43,11.3,10.95,400,11.35,200,0,7400
BRITANNIA30JAN202850PE.NFO,07/01/2020,15:18:15,11.3,10.95,400,11.4,200,0,7400
BRITANNIA30JAN202850PE.NFO,07/01/2020,15:18:20,11.3,10.95,400,11.35,200,0,7400
BRITANNIA30JAN202850PE.NFO,07/01/2020,15:18:31,11.3,10.95,200,11.35,200,0,7400
BRITANNIA30JAN202850PE.NFO,07/01/2020,15:18:36,11.3,11,200,11.35,200,0,7400
BRITANNIA30JAN202850PE.NFO,07/01/2020,15:18:47,11.3,11,200,11.25,200,0,7400
BRITANNIA30JAN202850PE.NFO,07/01/2020,15:18:53,11.3,11,200,11.3,200,0,7400
BRITANNIA30JAN202850PE.NFO,07/01/2020,15:19:17,11.3,11,200,11.35,200,0,7400
BRITANNIA30JAN202850PE.NFO,07/01/2020,15:19:22,11.3,11,200,11.3,200,0,7400
BRITANNIA30JAN202850PE.NFO,07/01/2020,15:19:32,11.3,11,200,11.3,400,0,7400
BRITANNIA30JAN202850PE.NFO,07/01/2020,15:19:49,11.3,11,200,11.3,200,0,7400
BRITANNIA30JAN202850PE.NFO,07/01/2020,15:19:57,11.3,10.95,200,11.25,400,0,7400
BRITANNIA30JAN202850PE.NFO,07/01/2020,15:20:22,11.3,10.95,400,11.35,200,0,7400
BRITANNIA30JAN202850PE.NFO,07/01/2020,15:20:29,11.3,10.95,200,11.3,200,0,7400
BRITANNIA30JAN202850PE.NFO,07/01/2020,15:20:35,11.3,11,200,11.3,200,0,7400
BRITANNIA30JAN202850PE.NFO,07/01/2020,15:21:29,11.3,11,200,11.2,200,0,7400
BRITANNIA30JAN202850PE.NFO,07/01/2020,15:21:48,11.3,11,200,11.25,400,0,7400
BRITANNIA30JAN202850PE.NFO,07/01/2020,15:22:01,11.3,11.05,200,11.25,400,0,7400
BRITANNIA30JAN202850PE.NFO,07/01/2020,15:22:05,11.3,11,200,11.3,200,0,7400
BRITANNIA30JAN202850PE.NFO,07/01/2020,15:22:15,11.3,11,200,11.25,400,0,7400
BRITANNIA30JAN202850PE.NFO,07/01/2020,15:22:22,11.3,11.05,200,11.25,200,0,7400
BRITANNIA30JAN202850PE.NFO,07/01/2020,15:22:28,11.3,11,200,11.25,200,0,7400
BRITANNIA30JAN202850PE.NFO,07/01/2020,15:22:52,11.3,11,200,11.3,200,0,7400
BRITANNIA30JAN202850PE.NFO,07/01/2020,15:22:57,11.3,11.05,200,11.35,200,0,7400
BRITANNIA30JAN202850PE.NFO,07/01/2020,15:23:04,11.3,11,200,11.25,200,0,7400
BRITANNIA30JAN202850PE.NFO,07/01/2020,15:23:10,11.3,11,200,11.3,200,0,7400
BRITANNIA30JAN202850PE.NFO,07/01/2020,15:24:01,11.3,11.15,200,11.3,200,0,7400
BRITANNIA30JAN202850PE.NFO,07/01/2020,15:24:10,11.3,11.1,200,11.15,200,0,7400
BRITANNIA30JAN202850PE.NFO,07/01/2020,15:24:14,11.15,10.85,200,11.2,400,200,7800
BRITANNIA30JAN202850PE.NFO,07/01/2020,15:24:19,11.15,10.85,200,11.2,200,0,7800
BRITANNIA30JAN202850PE.NFO,07/01/2020,15:24:34,11.15,10.85,200,11.25,400,0,7800
BRITANNIA30JAN202850PE.NFO,07/01/2020,15:24:39,11.15,10.85,200,11.25,200,0,7800
BRITANNIA30JAN202850PE.NFO,07/01/2020,15:24:48,11.15,10.85,200,11.25,400,0,7800
BRITANNIA30JAN202850PE.NFO,07/01/2020,15:24:58,11.15,10.85,200,11.25,200,0,7800
BRITANNIA30JAN202850PE.NFO,07/01/2020,15:25:34,11.15,10.85,200,11.25,400,0,7800
BRITANNIA30JAN202850PE.NFO,07/01/2020,15:25:43,11.15,10.85,200,11.25,200,0,7800
BRITANNIA30JAN202850PE.NFO,07/01/2020,15:26:10,11.15,10.85,200,11.25,400,0,7800
BRITANNIA30JAN202850PE.NFO,07/01/2020,15:26:45,11.15,10.8,200,11.25,400,0,7800
BRITANNIA30JAN202850PE.NFO,07/01/2020,15:27:11,11.15,10.8,200,11.2,200,0,7800
BRITANNIA30JAN202850PE.NFO,07/01/2020,15:27:57,11.15,10.8,200,11.2,400,0,7800
BRITANNIA30JAN202850PE.NFO,07/01/2020,15:28:02,11.15,10.8,200,11.2,200,0,7800
BRITANNIA30JAN202850PE.NFO,07/01/2020,15:28:08,11.15,10.8,200,11.2,400,0,7800
BRITANNIA30JAN202850PE.NFO,07/01/2020,15:28:28,11.15,10.75,200,11.2,400,0,7800
BRITANNIA30JAN202850PE.NFO,07/01/2020,15:28:43,11.15,10.65,200,11.2,400,0,7800
BRITANNIA30JAN202850PE.NFO,07/01/2020,15:29:07,11.15,8.9,200,11.2,400,0,7800
BRITANNIA30JAN202850PE.NFO,07/01/2020,15:29:34,11.15,8.9,200,11.2,200,0,7800
BRITANNIA30JAN202850PE.NFO,07/01/2020,15:29:45,11.15,8.9,200,21.7,3800,0,7800
