Ticker,Date,Time,LTP,BuyPrice,BuyQty,SellPrice,SellQty,LTQ,OpenInterest
CANBK30JAN20225PE.NFO,07/01/2020,09:15:31,16.7,16.45,2600,17.75,5200,5200,145600
CANBK30JAN20225PE.NFO,07/01/2020,09:15:31,16.65,16.45,2600,17.75,5200,0,145600
CANBK30JAN20225PE.NFO,07/01/2020,09:15:31,16.7,16.45,2600,17.75,5200,0,145600
CANBK30JAN20225PE.NFO,07/01/2020,09:15:31,16.65,16.45,2600,17.75,5200,0,145600
CANBK30JAN20225PE.NFO,07/01/2020,09:15:43,16.65,16.5,5200,17.75,5200,0,145600
CANBK30JAN20225PE.NFO,07/01/2020,09:15:55,16.65,16.8,5200,17.75,5200,0,145600
CANBK30JAN20225PE.NFO,07/01/2020,09:16:07,16.65,16.55,5200,17.6,2600,0,145600
CANBK30JAN20225PE.NFO,07/01/2020,09:16:17,16.65,16.2,5200,17.5,5200,0,145600
CANBK30JAN20225PE.NFO,07/01/2020,09:16:26,16.65,16.25,5200,17.4,5200,0,145600
CANBK30JAN20225PE.NFO,07/01/2020,09:16:36,16.65,16.3,5200,17.3,2600,0,145600
CANBK30JAN20225PE.NFO,07/01/2020,09:16:45,16.65,16.3,15600,17.15,5200,0,145600
CANBK30JAN20225PE.NFO,07/01/2020,09:16:54,16.65,16.45,2600,17.15,5200,0,145600
CANBK30JAN20225PE.NFO,07/01/2020,09:17:02,16.65,16.5,5200,17.15,5200,0,145600
CANBK30JAN20225PE.NFO,07/01/2020,09:17:19,16.65,16.4,5200,17.15,5200,0,145600
CANBK30JAN20225PE.NFO,07/01/2020,09:17:28,16.65,16.5,2600,17.15,5200,0,145600
CANBK30JAN20225PE.NFO,07/01/2020,09:17:36,16.65,16.65,2600,17.15,2600,0,145600
CANBK30JAN20225PE.NFO,07/01/2020,09:17:45,16.65,16.7,5200,17.15,2600,0,145600
CANBK30JAN20225PE.NFO,07/01/2020,09:17:54,16.65,16.8,5200,17.5,5200,0,145600
CANBK30JAN20225PE.NFO,07/01/2020,09:18:02,16.65,16.7,5200,17.5,5200,0,145600
CANBK30JAN20225PE.NFO,07/01/2020,09:18:10,16.65,16.6,5200,17.5,5200,0,145600
CANBK30JAN20225PE.NFO,07/01/2020,09:18:17,16.65,16.65,2600,17.5,5200,0,145600
CANBK30JAN20225PE.NFO,07/01/2020,09:18:26,16.65,16.6,7800,17.5,5200,0,145600
CANBK30JAN20225PE.NFO,07/01/2020,09:18:33,16.65,16.8,5200,17.5,5200,0,145600
CANBK30JAN20225PE.NFO,07/01/2020,09:18:41,16.65,16.95,5200,17.5,5200,0,145600
CANBK30JAN20225PE.NFO,07/01/2020,09:18:48,16.65,16.8,5200,17.5,5200,0,145600
CANBK30JAN20225PE.NFO,07/01/2020,09:19:19,16.65,16.6,5200,17.35,7800,0,145600
CANBK30JAN20225PE.NFO,07/01/2020,09:19:27,16.65,16.3,36400,17.3,5200,0,145600
CANBK30JAN20225PE.NFO,07/01/2020,09:19:34,16.65,16.5,2600,17.25,2600,0,145600
CANBK30JAN20225PE.NFO,07/01/2020,09:19:42,16.65,16.3,2600,17.2,5200,0,145600
CANBK30JAN20225PE.NFO,07/01/2020,09:19:50,16.65,16.35,5200,17.2,5200,0,145600
CANBK30JAN20225PE.NFO,07/01/2020,09:19:58,16.65,16.3,5200,17.2,5200,0,145600
CANBK30JAN20225PE.NFO,07/01/2020,09:20:06,16.65,16.35,2600,17.05,2600,0,145600
CANBK30JAN20225PE.NFO,07/01/2020,09:20:13,16.65,16.3,2600,16.95,2600,0,145600
CANBK30JAN20225PE.NFO,07/01/2020,09:20:21,16.65,16,2600,16.85,2600,0,145600
CANBK30JAN20225PE.NFO,07/01/2020,09:20:29,16.65,16,2600,16.7,20800,0,145600
CANBK30JAN20225PE.NFO,07/01/2020,09:20:37,16.65,16,2600,16.65,7800,0,145600
CANBK30JAN20225PE.NFO,07/01/2020,09:20:45,16.65,16.05,2600,16.65,5200,0,145600
CANBK30JAN20225PE.NFO,07/01/2020,09:20:52,16.65,15.85,2600,16.5,2600,0,145600
CANBK30JAN20225PE.NFO,07/01/2020,09:21:00,16.65,15.85,2600,16.45,5200,0,145600
CANBK30JAN20225PE.NFO,07/01/2020,09:21:07,16.65,15.95,2600,16.45,5200,0,145600
CANBK30JAN20225PE.NFO,07/01/2020,09:21:15,16.65,15.85,2600,16.45,7800,0,145600
CANBK30JAN20225PE.NFO,07/01/2020,09:21:23,16.65,15.95,2600,16.45,5200,0,145600
CANBK30JAN20225PE.NFO,07/01/2020,09:21:30,16.65,15.9,5200,16.45,5200,0,145600
CANBK30JAN20225PE.NFO,07/01/2020,09:21:37,16.65,15.95,2600,16.45,2600,0,145600
CANBK30JAN20225PE.NFO,07/01/2020,09:21:44,16.65,15.9,2600,16.6,2600,0,145600
CANBK30JAN20225PE.NFO,07/01/2020,09:21:52,16.65,15.9,2600,16.55,7800,0,145600
CANBK30JAN20225PE.NFO,07/01/2020,09:21:58,16.65,15.85,7800,16.45,5200,0,145600
CANBK30JAN20225PE.NFO,07/01/2020,09:22:05,16.65,15.85,2600,16.35,5200,0,145600
CANBK30JAN20225PE.NFO,07/01/2020,09:22:13,16.65,15.95,2600,16.55,5200,0,145600
CANBK30JAN20225PE.NFO,07/01/2020,09:22:20,16.65,15.8,2600,16.4,2600,0,145600
CANBK30JAN20225PE.NFO,07/01/2020,09:22:28,16.65,15.9,7800,16.45,5200,0,145600
CANBK30JAN20225PE.NFO,07/01/2020,09:22:34,16.65,15.95,2600,16.6,2600,0,145600
CANBK30JAN20225PE.NFO,07/01/2020,09:22:41,16.65,16,7800,16.65,7800,0,145600
CANBK30JAN20225PE.NFO,07/01/2020,09:22:48,16.65,16,5200,16.65,7800,0,145600
CANBK30JAN20225PE.NFO,07/01/2020,09:22:54,16.65,15.95,7800,16.55,5200,0,145600
CANBK30JAN20225PE.NFO,07/01/2020,09:23:00,16.65,15.75,5200,16.4,2600,0,145600
CANBK30JAN20225PE.NFO,07/01/2020,09:23:07,16.65,15.95,2600,16.45,2600,0,145600
CANBK30JAN20225PE.NFO,07/01/2020,09:23:13,16.65,16,5200,16.65,2600,0,145600
CANBK30JAN20225PE.NFO,07/01/2020,09:23:20,16.65,15.95,2600,16.55,2600,0,145600
CANBK30JAN20225PE.NFO,07/01/2020,09:23:27,16.65,16,5200,16.5,2600,0,145600
CANBK30JAN20225PE.NFO,07/01/2020,09:23:33,16.65,15.9,7800,16.5,7800,0,145600
CANBK30JAN20225PE.NFO,07/01/2020,09:23:40,16.65,16,7800,16.5,2600,0,145600
CANBK30JAN20225PE.NFO,07/01/2020,09:23:46,16.65,15.95,10400,16.5,2600,0,145600
CANBK30JAN20225PE.NFO,07/01/2020,09:23:53,16.65,16.05,2600,16.8,5200,0,145600
CANBK30JAN20225PE.NFO,07/01/2020,09:24:00,16.65,15.85,23400,16.8,5200,0,145600
CANBK30JAN20225PE.NFO,07/01/2020,09:24:07,16.65,15.9,10400,16.8,5200,0,145600
CANBK30JAN20225PE.NFO,07/01/2020,09:24:14,16.65,16.05,2600,16.8,5200,0,145600
CANBK30JAN20225PE.NFO,07/01/2020,09:24:21,16.65,16.15,2600,16.8,5200,0,145600
CANBK30JAN20225PE.NFO,07/01/2020,09:24:28,16.65,16.05,5200,16.8,5200,0,145600
CANBK30JAN20225PE.NFO,07/01/2020,09:24:35,16.65,16.15,5200,16.8,5200,0,145600
CANBK30JAN20225PE.NFO,07/01/2020,09:24:42,16.65,16.25,5200,16.95,5200,0,145600
CANBK30JAN20225PE.NFO,07/01/2020,09:24:48,16.65,16.2,7800,16.9,2600,0,145600
CANBK30JAN20225PE.NFO,07/01/2020,09:24:54,16.65,16.35,5200,17.2,5200,0,145600
CANBK30JAN20225PE.NFO,07/01/2020,09:25:00,16.65,16.4,5200,17.2,5200,0,145600
CANBK30JAN20225PE.NFO,07/01/2020,09:25:07,16.65,16.4,2600,17.2,5200,0,145600
CANBK30JAN20225PE.NFO,07/01/2020,09:25:15,16.65,16.5,2600,17.2,5200,0,145600
CANBK30JAN20225PE.NFO,07/01/2020,09:25:22,16.65,16.55,5200,17.2,5200,0,145600
CANBK30JAN20225PE.NFO,07/01/2020,09:25:29,16.65,16.55,2600,17.2,5200,0,145600
CANBK30JAN20225PE.NFO,07/01/2020,09:25:36,16.65,16.65,7800,17.2,2600,0,145600
CANBK30JAN20225PE.NFO,07/01/2020,09:25:44,16.65,16.7,2600,17.45,5200,0,145600
CANBK30JAN20225PE.NFO,07/01/2020,09:25:57,16.65,16.55,5200,17.3,2600,0,145600
CANBK30JAN20225PE.NFO,07/01/2020,09:26:07,16.65,16.65,5200,17.25,7800,0,145600
CANBK30JAN20225PE.NFO,07/01/2020,09:26:21,16.65,16.65,7800,17.25,7800,0,145600
CANBK30JAN20225PE.NFO,07/01/2020,09:26:26,16.65,16.5,2600,17.15,7800,0,145600
CANBK30JAN20225PE.NFO,07/01/2020,09:26:32,16.65,16.45,7800,17.05,5200,0,145600
CANBK30JAN20225PE.NFO,07/01/2020,09:26:39,16.65,16.25,15600,17.05,7800,0,145600
CANBK30JAN20225PE.NFO,07/01/2020,09:26:45,16.65,16.5,7800,17.05,5200,0,145600
CANBK30JAN20225PE.NFO,07/01/2020,09:26:51,16.65,16.5,7800,17.05,2600,0,145600
CANBK30JAN20225PE.NFO,07/01/2020,09:26:55,16.65,16.5,5200,16.95,2600,0,145600
CANBK30JAN20225PE.NFO,07/01/2020,09:27:00,16.65,16.6,5200,17.1,5200,0,145600
CANBK30JAN20225PE.NFO,07/01/2020,09:27:06,16.65,16.6,7800,17.1,5200,0,145600
CANBK30JAN20225PE.NFO,07/01/2020,09:27:11,16.65,16.35,15600,17.1,7800,0,145600
CANBK30JAN20225PE.NFO,07/01/2020,09:27:16,16.65,16.55,5200,17.1,5200,0,145600
CANBK30JAN20225PE.NFO,07/01/2020,09:27:23,16.65,16.65,5200,17.1,5200,0,145600
CANBK30JAN20225PE.NFO,07/01/2020,09:27:36,16.65,16.55,5200,17.1,5200,0,145600
CANBK30JAN20225PE.NFO,07/01/2020,09:27:52,16.65,16.65,5200,17.1,2600,0,145600
CANBK30JAN20225PE.NFO,07/01/2020,09:28:07,16.65,16.65,2600,17.3,2600,0,145600
CANBK30JAN20225PE.NFO,07/01/2020,09:28:14,16.65,16.9,7800,17.5,7800,0,145600
CANBK30JAN20225PE.NFO,07/01/2020,09:28:19,16.65,17,5200,17.7,2600,0,145600
CANBK30JAN20225PE.NFO,07/01/2020,09:28:26,16.65,17.05,2600,17.75,7800,0,145600
CANBK30JAN20225PE.NFO,07/01/2020,09:28:32,16.65,17.15,5200,17.75,5200,0,145600
CANBK30JAN20225PE.NFO,07/01/2020,09:28:37,16.65,17.25,2600,17.75,5200,0,145600
CANBK30JAN20225PE.NFO,07/01/2020,09:28:42,16.65,17.2,5200,17.75,5200,0,145600
CANBK30JAN20225PE.NFO,07/01/2020,09:28:48,16.65,16.95,5200,17.6,2600,0,145600
CANBK30JAN20225PE.NFO,07/01/2020,09:28:54,16.65,16.8,7800,17.5,2600,0,145600
CANBK30JAN20225PE.NFO,07/01/2020,09:29:00,16.65,16.9,2600,17.55,7800,0,145600
CANBK30JAN20225PE.NFO,07/01/2020,09:29:06,16.65,16.8,2600,17.45,7800,0,145600
CANBK30JAN20225PE.NFO,07/01/2020,09:29:12,16.65,16.65,5200,17.35,5200,0,145600
CANBK30JAN20225PE.NFO,07/01/2020,09:29:18,16.65,16.8,2600,17.35,5200,0,145600
CANBK30JAN20225PE.NFO,07/01/2020,09:29:24,16.65,17,5200,17.6,5200,0,145600
CANBK30JAN20225PE.NFO,07/01/2020,09:29:35,16.65,17.15,2600,17.6,5200,0,145600
CANBK30JAN20225PE.NFO,07/01/2020,09:29:42,16.65,17,7800,17.6,5200,0,145600
CANBK30JAN20225PE.NFO,07/01/2020,09:29:49,16.65,17,7800,17.5,2600,0,145600
CANBK30JAN20225PE.NFO,07/01/2020,09:29:55,16.65,17.25,2600,17.9,7800,0,145600
CANBK30JAN20225PE.NFO,07/01/2020,09:30:00,16.65,17.2,2600,17.85,2600,0,145600
CANBK30JAN20225PE.NFO,07/01/2020,09:30:07,16.65,17,5200,17.65,2600,0,145600
CANBK30JAN20225PE.NFO,07/01/2020,09:30:13,16.65,17.1,7800,17.7,7800,0,145600
CANBK30JAN20225PE.NFO,07/01/2020,09:30:20,16.65,17.15,2600,17.7,5200,0,145600
CANBK30JAN20225PE.NFO,07/01/2020,09:30:27,16.65,17.15,5200,17.7,5200,0,145600
CANBK30JAN20225PE.NFO,07/01/2020,09:30:32,16.65,17.2,2600,17.7,5200,0,145600
CANBK30JAN20225PE.NFO,07/01/2020,09:30:37,16.65,17.15,5200,17.7,5200,0,145600
CANBK30JAN20225PE.NFO,07/01/2020,09:30:48,16.65,17.25,2600,17.7,5200,0,145600
CANBK30JAN20225PE.NFO,07/01/2020,09:30:58,16.65,17.2,7800,17.7,5200,0,145600
CANBK30JAN20225PE.NFO,07/01/2020,09:31:04,16.65,17.1,5200,17.7,7800,0,145600
CANBK30JAN20225PE.NFO,07/01/2020,09:31:11,16.65,17.05,5200,17.7,7800,0,145600
CANBK30JAN20225PE.NFO,07/01/2020,09:31:17,16.65,17.05,5200,17.6,7800,0,145600
CANBK30JAN20225PE.NFO,07/01/2020,09:31:23,16.65,17,5200,17.6,7800,0,145600
CANBK30JAN20225PE.NFO,07/01/2020,09:31:39,16.65,16.7,33800,17.6,7800,0,145600
CANBK30JAN20225PE.NFO,07/01/2020,09:31:44,16.65,17,5200,17.6,7800,0,145600
CANBK30JAN20225PE.NFO,07/01/2020,09:31:50,16.65,16.9,5200,17.5,5200,0,145600
CANBK30JAN20225PE.NFO,07/01/2020,09:32:19,16.65,16.85,2600,17.4,7800,0,145600
CANBK30JAN20225PE.NFO,07/01/2020,09:32:44,16.65,16.9,5200,17.4,5200,0,145600
CANBK30JAN20225PE.NFO,07/01/2020,09:32:50,16.65,17.1,5200,17.7,7800,0,145600
CANBK30JAN20225PE.NFO,07/01/2020,09:32:56,16.65,17.15,2600,17.7,7800,0,145600
CANBK30JAN20225PE.NFO,07/01/2020,09:33:01,16.65,17.1,2600,17.7,7800,0,145600
CANBK30JAN20225PE.NFO,07/01/2020,09:33:06,16.65,17.15,5200,17.7,5200,0,145600
CANBK30JAN20225PE.NFO,07/01/2020,09:33:12,16.65,17.05,5200,17.6,5200,0,145600
CANBK30JAN20225PE.NFO,07/01/2020,09:33:18,16.65,17.05,5200,17.6,7800,0,145600
CANBK30JAN20225PE.NFO,07/01/2020,09:33:23,16.65,16.85,2600,17.85,13000,0,145600
CANBK30JAN20225PE.NFO,07/01/2020,09:33:29,16.65,17.1,2600,17.7,2600,0,145600
CANBK30JAN20225PE.NFO,07/01/2020,09:33:35,16.65,17.05,5200,17.65,5200,0,145600
CANBK30JAN20225PE.NFO,07/01/2020,09:33:40,16.65,16.95,5200,17.55,5200,0,145600
CANBK30JAN20225PE.NFO,07/01/2020,09:33:45,16.65,17,5200,17.55,5200,0,145600
CANBK30JAN20225PE.NFO,07/01/2020,09:33:51,16.65,16.95,5200,17.55,5200,0,145600
CANBK30JAN20225PE.NFO,07/01/2020,09:34:00,16.65,17,2600,17.55,5200,0,145600
CANBK30JAN20225PE.NFO,07/01/2020,09:34:06,16.65,17,5200,17.55,5200,0,145600
CANBK30JAN20225PE.NFO,07/01/2020,09:34:11,16.65,16.9,2600,17.55,5200,0,145600
CANBK30JAN20225PE.NFO,07/01/2020,09:34:16,16.65,17,5200,17.55,5200,0,145600
CANBK30JAN20225PE.NFO,07/01/2020,09:34:26,16.65,17,2600,17.55,5200,0,145600
CANBK30JAN20225PE.NFO,07/01/2020,09:34:31,16.65,17.3,2600,17.85,5200,0,145600
CANBK30JAN20225PE.NFO,07/01/2020,09:34:37,16.65,17.35,2600,17.85,5200,0,145600
CANBK30JAN20225PE.NFO,07/01/2020,09:34:42,16.65,17.3,5200,17.85,7800,0,145600
CANBK30JAN20225PE.NFO,07/01/2020,09:34:47,16.65,17.2,2600,17.85,5200,0,145600
CANBK30JAN20225PE.NFO,07/01/2020,09:34:51,16.65,17.2,5200,17.75,7800,0,145600
CANBK30JAN20225PE.NFO,07/01/2020,09:34:56,16.65,17.2,5200,17.75,5200,0,145600
CANBK30JAN20225PE.NFO,07/01/2020,09:35:01,16.65,17.25,2600,17.75,5200,0,145600
CANBK30JAN20225PE.NFO,07/01/2020,09:35:06,16.65,17.05,18200,17.65,2600,0,145600
CANBK30JAN20225PE.NFO,07/01/2020,09:35:11,16.65,17.15,5200,17.6,2600,0,145600
CANBK30JAN20225PE.NFO,07/01/2020,09:35:16,16.65,17.25,5200,17.65,2600,0,145600
CANBK30JAN20225PE.NFO,07/01/2020,09:35:21,16.65,17.3,2600,17.65,2600,0,145600
CANBK30JAN20225PE.NFO,07/01/2020,09:35:26,16.65,17.35,5200,17.9,5200,0,145600
CANBK30JAN20225PE.NFO,07/01/2020,09:35:32,16.65,17.3,5200,17.9,7800,0,145600
CANBK30JAN20225PE.NFO,07/01/2020,09:35:37,16.65,17.4,5200,17.9,5200,0,145600
CANBK30JAN20225PE.NFO,07/01/2020,09:35:44,16.65,17.75,2600,18.65,2600,0,145600
CANBK30JAN20225PE.NFO,07/01/2020,09:35:51,16.65,17.7,2600,18.55,2600,0,145600
CANBK30JAN20225PE.NFO,07/01/2020,09:35:58,16.65,17.75,2600,18.45,2600,0,145600
CANBK30JAN20225PE.NFO,07/01/2020,09:36:04,16.65,17.65,2600,18.35,2600,0,145600
CANBK30JAN20225PE.NFO,07/01/2020,09:36:10,16.65,17.8,2600,18.3,5200,0,145600
CANBK30JAN20225PE.NFO,07/01/2020,09:36:16,16.65,17.75,5200,18.3,5200,0,145600
CANBK30JAN20225PE.NFO,07/01/2020,09:36:22,16.65,17.8,2600,18.3,2600,0,145600
CANBK30JAN20225PE.NFO,07/01/2020,09:36:27,16.65,17.9,5200,18.3,2600,0,145600
CANBK30JAN20225PE.NFO,07/01/2020,09:36:37,16.65,17.75,5200,18.25,2600,0,145600
CANBK30JAN20225PE.NFO,07/01/2020,09:36:42,16.65,17.75,2600,18.2,2600,0,145600
CANBK30JAN20225PE.NFO,07/01/2020,09:36:47,16.65,17.85,5200,18.45,7800,0,145600
CANBK30JAN20225PE.NFO,07/01/2020,09:36:52,16.65,17.8,5200,18.4,2600,0,145600
CANBK30JAN20225PE.NFO,07/01/2020,09:36:57,16.65,17.75,2600,18.3,2600,0,145600
CANBK30JAN20225PE.NFO,07/01/2020,09:37:02,16.65,17.75,10400,18.25,5200,0,145600
CANBK30JAN20225PE.NFO,07/01/2020,09:37:07,16.65,17.8,5200,18.25,2600,0,145600
CANBK30JAN20225PE.NFO,07/01/2020,09:37:12,16.65,17.55,2600,18.2,5200,0,145600
CANBK30JAN20225PE.NFO,07/01/2020,09:37:17,16.65,17.65,5200,18.15,2600,0,145600
CANBK30JAN20225PE.NFO,07/01/2020,09:37:22,16.65,17.85,2600,18.35,2600,0,145600
CANBK30JAN20225PE.NFO,07/01/2020,09:37:27,16.65,17.8,5200,18.3,5200,0,145600
CANBK30JAN20225PE.NFO,07/01/2020,09:37:32,16.65,17.75,5200,18.3,7800,0,145600
CANBK30JAN20225PE.NFO,07/01/2020,09:37:37,16.65,17.8,5200,18.3,7800,0,145600
CANBK30JAN20225PE.NFO,07/01/2020,09:37:42,16.65,17.75,5200,18.3,7800,0,145600
CANBK30JAN20225PE.NFO,07/01/2020,09:38:05,16.65,17.7,2600,18.25,2600,0,145600
CANBK30JAN20225PE.NFO,07/01/2020,09:38:10,16.65,17.65,2600,18.15,2600,0,145600
CANBK30JAN20225PE.NFO,07/01/2020,09:38:15,16.65,17.55,2600,18.1,7800,0,145600
CANBK30JAN20225PE.NFO,07/01/2020,09:38:24,16.65,17.5,5200,18.05,2600,0,145600
CANBK30JAN20225PE.NFO,07/01/2020,09:38:29,16.65,17.6,2600,18.1,5200,0,145600
CANBK30JAN20225PE.NFO,07/01/2020,09:38:34,16.65,17.5,5200,18.05,2600,0,145600
CANBK30JAN20225PE.NFO,07/01/2020,09:38:38,16.65,17.5,5200,18,7800,0,145600
CANBK30JAN20225PE.NFO,07/01/2020,09:38:48,16.65,17.6,5200,18,5200,0,145600
CANBK30JAN20225PE.NFO,07/01/2020,09:38:53,16.65,17.3,23400,18,7800,0,145600
CANBK30JAN20225PE.NFO,07/01/2020,09:38:57,16.65,17.35,5200,18,7800,0,145600
CANBK30JAN20225PE.NFO,07/01/2020,09:39:02,16.65,17.55,2600,18,5200,0,145600
CANBK30JAN20225PE.NFO,07/01/2020,09:39:06,16.65,17.6,5200,18,5200,0,145600
CANBK30JAN20225PE.NFO,07/01/2020,09:39:11,16.65,17.55,2600,18,5200,0,145600
CANBK30JAN20225PE.NFO,07/01/2020,09:39:16,16.65,17.5,5200,18,7800,0,145600
CANBK30JAN20225PE.NFO,07/01/2020,09:39:22,16.65,17.5,5200,18,5200,0,145600
CANBK30JAN20225PE.NFO,07/01/2020,09:39:38,16.65,17.55,5200,18,5200,0,145600
CANBK30JAN20225PE.NFO,07/01/2020,09:39:42,16.65,17.35,2600,17.95,2600,0,145600
CANBK30JAN20225PE.NFO,07/01/2020,09:39:47,16.65,17.4,5200,17.9,7800,0,145600
CANBK30JAN20225PE.NFO,07/01/2020,09:40:12,16.65,17.35,5200,17.9,7800,0,145600
CANBK30JAN20225PE.NFO,07/01/2020,09:40:17,16.65,17.05,7800,17.85,2600,0,145600
CANBK30JAN20225PE.NFO,07/01/2020,09:40:24,16.65,17.1,2600,17.75,2600,0,145600
CANBK30JAN20225PE.NFO,07/01/2020,09:40:29,16.65,17.05,10400,17.7,7800,0,145600
CANBK30JAN20225PE.NFO,07/01/2020,09:40:34,16.65,17.2,2600,17.7,5200,0,145600
CANBK30JAN20225PE.NFO,07/01/2020,09:40:39,16.65,17.25,5200,17.7,5200,0,145600
CANBK30JAN20225PE.NFO,07/01/2020,09:40:44,16.65,16.95,20800,17.65,2600,0,145600
CANBK30JAN20225PE.NFO,07/01/2020,09:40:49,16.65,17.05,5200,17.6,7800,0,145600
CANBK30JAN20225PE.NFO,07/01/2020,09:40:53,16.65,17.1,2600,17.6,5200,0,145600
CANBK30JAN20225PE.NFO,07/01/2020,09:40:58,16.65,17.05,7800,17.6,7800,0,145600
CANBK30JAN20225PE.NFO,07/01/2020,09:41:03,16.65,17.15,2600,17.6,5200,0,145600
CANBK30JAN20225PE.NFO,07/01/2020,09:41:08,16.65,17,5200,17.6,7800,0,145600
CANBK30JAN20225PE.NFO,07/01/2020,09:41:13,16.65,17.05,2600,17.6,7800,0,145600
CANBK30JAN20225PE.NFO,07/01/2020,09:41:18,16.65,17.05,2600,17.55,2600,0,145600
CANBK30JAN20225PE.NFO,07/01/2020,09:41:23,16.65,17,7800,17.5,5200,0,145600
CANBK30JAN20225PE.NFO,07/01/2020,09:41:28,16.65,17,10400,17.5,5200,0,145600
CANBK30JAN20225PE.NFO,07/01/2020,09:41:42,16.65,17.05,5200,17.5,5200,0,145600
CANBK30JAN20225PE.NFO,07/01/2020,09:41:58,16.65,17.25,2600,17.75,5200,0,145600
CANBK30JAN20225PE.NFO,07/01/2020,09:42:04,16.65,17.3,2600,17.75,5200,0,145600
CANBK30JAN20225PE.NFO,07/01/2020,09:42:11,16.65,17.25,5200,17.75,5200,0,145600
CANBK30JAN20225PE.NFO,07/01/2020,09:42:32,16.65,17.15,5200,17.75,7800,0,145600
CANBK30JAN20225PE.NFO,07/01/2020,09:42:39,16.65,17.25,2600,17.75,5200,0,145600
CANBK30JAN20225PE.NFO,07/01/2020,09:42:46,16.65,17.2,5200,17.75,7800,0,145600
CANBK30JAN20225PE.NFO,07/01/2020,09:42:51,16.65,17.2,5200,17.75,5200,0,145600
CANBK30JAN20225PE.NFO,07/01/2020,09:42:57,16.65,17.2,5200,17.75,7800,0,145600
CANBK30JAN20225PE.NFO,07/01/2020,09:43:03,16.65,17.35,2600,17.75,2600,0,145600
CANBK30JAN20225PE.NFO,07/01/2020,09:43:09,16.65,17.15,10400,17.75,2600,0,145600
CANBK30JAN20225PE.NFO,07/01/2020,09:43:15,16.65,17.3,5200,17.75,2600,0,145600
CANBK30JAN20225PE.NFO,07/01/2020,09:43:20,16.65,17.25,5200,17.7,2600,0,145600
CANBK30JAN20225PE.NFO,07/01/2020,09:43:25,16.65,17.25,2600,17.65,2600,0,145600
CANBK30JAN20225PE.NFO,07/01/2020,09:43:30,16.65,17.05,7800,17.55,2600,0,145600
CANBK30JAN20225PE.NFO,07/01/2020,09:43:35,16.65,17.15,2600,17.55,2600,0,145600
CANBK30JAN20225PE.NFO,07/01/2020,09:44:05,16.65,17.2,2600,17.55,2600,0,145600
CANBK30JAN20225PE.NFO,07/01/2020,09:44:11,16.65,17.15,2600,17.45,2600,0,145600
CANBK30JAN20225PE.NFO,07/01/2020,09:44:16,16.65,17.05,10400,17.45,2600,0,145600
CANBK30JAN20225PE.NFO,07/01/2020,09:44:21,16.65,17.15,2600,17.45,2600,0,145600
CANBK30JAN20225PE.NFO,07/01/2020,09:44:32,16.65,17.05,10400,17.4,2600,0,145600
CANBK30JAN20225PE.NFO,07/01/2020,09:44:38,16.65,17.05,10400,17.6,5200,0,145600
CANBK30JAN20225PE.NFO,07/01/2020,09:45:00,16.65,17.05,10400,17.6,7800,0,145600
CANBK30JAN20225PE.NFO,07/01/2020,09:45:05,16.65,17.05,5200,17.55,2600,0,145600
CANBK30JAN20225PE.NFO,07/01/2020,09:45:11,16.65,17.05,5200,17.5,5200,0,145600
CANBK30JAN20225PE.NFO,07/01/2020,09:45:18,16.65,16.8,7800,17.4,2600,0,145600
CANBK30JAN20225PE.NFO,07/01/2020,09:45:24,16.65,16.65,31200,17.3,2600,0,145600
CANBK30JAN20225PE.NFO,07/01/2020,09:45:29,16.65,16.8,13000,17.25,2600,0,145600
CANBK30JAN20225PE.NFO,07/01/2020,09:45:34,16.65,16.9,2600,17.25,2600,0,145600
CANBK30JAN20225PE.NFO,07/01/2020,09:46:02,16.65,16.9,7800,17.25,2600,0,145600
CANBK30JAN20225PE.NFO,07/01/2020,09:46:20,16.65,16.9,7800,17.2,2600,0,145600
CANBK30JAN20225PE.NFO,07/01/2020,09:46:25,16.65,16.9,7800,17.45,5200,0,145600
CANBK30JAN20225PE.NFO,07/01/2020,09:46:31,16.65,17.05,2600,17.45,5200,0,145600
CANBK30JAN20225PE.NFO,07/01/2020,09:46:37,16.65,17.05,10400,17.45,5200,0,145600
CANBK30JAN20225PE.NFO,07/01/2020,09:46:42,16.65,17.15,5200,17.45,5200,0,145600
CANBK30JAN20225PE.NFO,07/01/2020,09:46:52,16.65,16.8,41600,17.45,7800,0,145600
CANBK30JAN20225PE.NFO,07/01/2020,09:46:56,16.65,17,5200,17.45,7800,0,145600
CANBK30JAN20225PE.NFO,07/01/2020,09:47:04,16.65,17,5200,17.45,5200,0,145600
CANBK30JAN20225PE.NFO,07/01/2020,09:47:09,16.65,17.1,2600,17.45,2600,0,145600
CANBK30JAN20225PE.NFO,07/01/2020,09:47:14,16.65,17.15,5200,17.45,2600,0,145600
CANBK30JAN20225PE.NFO,07/01/2020,09:47:23,16.65,17.15,2600,17.45,2600,0,145600
CANBK30JAN20225PE.NFO,07/01/2020,09:47:50,16.65,17,5200,17.45,5200,0,145600
CANBK30JAN20225PE.NFO,07/01/2020,09:47:54,16.65,17,10400,17.45,5200,0,145600
CANBK30JAN20225PE.NFO,07/01/2020,09:47:58,16.65,17,10400,17.45,2600,0,145600
CANBK30JAN20225PE.NFO,07/01/2020,09:48:03,16.65,17,10400,17.45,5200,0,145600
CANBK30JAN20225PE.NFO,07/01/2020,09:48:08,16.65,17,10400,17.4,2600,0,145600
CANBK30JAN20225PE.NFO,07/01/2020,09:48:12,16.65,17,10400,17.65,5200,0,145600
CANBK30JAN20225PE.NFO,07/01/2020,09:48:20,16.65,17.15,2600,17.55,5200,0,145600
CANBK30JAN20225PE.NFO,07/01/2020,09:48:54,16.65,17.2,2600,17.55,5200,0,145600
CANBK30JAN20225PE.NFO,07/01/2020,09:48:58,16.65,17.25,7800,17.55,2600,0,145600
CANBK30JAN20225PE.NFO,07/01/2020,09:49:02,16.65,17.35,5200,17.8,5200,0,145600
CANBK30JAN20225PE.NFO,07/01/2020,09:49:07,16.65,17.35,5200,17.8,7800,0,145600
CANBK30JAN20225PE.NFO,07/01/2020,09:49:22,16.65,17.45,2600,17.8,5200,0,145600
CANBK30JAN20225PE.NFO,07/01/2020,09:49:27,16.65,17.5,5200,17.8,5200,0,145600
CANBK30JAN20225PE.NFO,07/01/2020,09:49:43,16.65,17.4,5200,17.8,7800,0,145600
CANBK30JAN20225PE.NFO,07/01/2020,09:49:48,16.65,17.4,10400,17.8,5200,0,145600
CANBK30JAN20225PE.NFO,07/01/2020,09:49:51,16.65,17.4,5200,17.8,7800,0,145600
CANBK30JAN20225PE.NFO,07/01/2020,09:49:54,16.65,17.4,10400,17.8,7800,0,145600
CANBK30JAN20225PE.NFO,07/01/2020,09:49:57,16.65,17.4,5200,17.8,7800,0,145600
CANBK30JAN20225PE.NFO,07/01/2020,09:50:08,16.65,17.4,5200,17.8,5200,0,145600
CANBK30JAN20225PE.NFO,07/01/2020,09:50:12,16.65,17.4,5200,17.8,7800,0,145600
CANBK30JAN20225PE.NFO,07/01/2020,09:50:16,16.65,17.35,2600,17.75,2600,0,145600
CANBK30JAN20225PE.NFO,07/01/2020,09:50:20,16.65,17.4,5200,17.8,5200,0,145600
CANBK30JAN20225PE.NFO,07/01/2020,09:50:27,16.65,17.4,5200,17.8,7800,0,145600
CANBK30JAN20225PE.NFO,07/01/2020,09:50:30,16.65,17.4,5200,17.8,5200,0,145600
CANBK30JAN20225PE.NFO,07/01/2020,09:50:33,16.65,17.4,5200,17.8,7800,0,145600
CANBK30JAN20225PE.NFO,07/01/2020,09:50:37,16.65,17.4,10400,17.8,5200,0,145600
CANBK30JAN20225PE.NFO,07/01/2020,09:50:42,16.65,17.55,2600,18.05,2600,0,145600
CANBK30JAN20225PE.NFO,07/01/2020,09:50:47,16.65,17.55,2600,17.95,2600,0,145600
CANBK30JAN20225PE.NFO,07/01/2020,09:50:52,16.65,17.55,7800,17.9,5200,0,145600
CANBK30JAN20225PE.NFO,07/01/2020,09:51:01,16.65,17.55,10400,17.9,5200,0,145600
CANBK30JAN20225PE.NFO,07/01/2020,09:51:05,16.65,17.55,5200,17.9,5200,0,145600
CANBK30JAN20225PE.NFO,07/01/2020,09:51:09,16.65,17.55,10400,17.9,5200,0,145600
CANBK30JAN20225PE.NFO,07/01/2020,09:51:14,16.65,17.55,5200,17.9,5200,0,145600
CANBK30JAN20225PE.NFO,07/01/2020,09:51:19,16.65,17.5,10400,17.9,5200,0,145600
CANBK30JAN20225PE.NFO,07/01/2020,09:51:23,16.65,17.55,5200,17.9,5200,0,145600
CANBK30JAN20225PE.NFO,07/01/2020,09:52:03,16.65,17.55,5200,17.9,7800,0,145600
CANBK30JAN20225PE.NFO,07/01/2020,09:52:08,16.65,17.6,2600,18.15,5200,0,145600
CANBK30JAN20225PE.NFO,07/01/2020,09:52:12,16.65,17.65,5200,18.05,5200,0,145600
CANBK30JAN20225PE.NFO,07/01/2020,09:52:17,16.65,17.65,5200,18.05,7800,0,145600
CANBK30JAN20225PE.NFO,07/01/2020,09:52:21,16.65,17.65,5200,18.05,5200,0,145600
CANBK30JAN20225PE.NFO,07/01/2020,09:52:26,16.65,17.65,10400,18.05,5200,0,145600
CANBK30JAN20225PE.NFO,07/01/2020,09:52:36,16.65,17.65,5200,18,2600,0,145600
CANBK30JAN20225PE.NFO,07/01/2020,09:52:40,16.65,17.65,5200,17.95,2600,0,145600
CANBK30JAN20225PE.NFO,07/01/2020,09:52:45,16.65,17.75,2600,18.1,2600,0,145600
CANBK30JAN20225PE.NFO,07/01/2020,09:52:50,16.65,17.7,5200,18.05,7800,0,145600
CANBK30JAN20225PE.NFO,07/01/2020,09:52:53,16.65,17.65,2600,18.05,7800,0,145600
CANBK30JAN20225PE.NFO,07/01/2020,09:53:06,16.65,17.8,7800,18.3,2600,0,145600
CANBK30JAN20225PE.NFO,07/01/2020,09:53:12,16.65,17.9,5200,18.25,2600,0,145600
CANBK30JAN20225PE.NFO,07/01/2020,09:53:17,16.65,18,2600,18.3,2600,0,145600
CANBK30JAN20225PE.NFO,07/01/2020,09:53:21,16.65,17.85,2600,18.25,2600,0,145600
CANBK30JAN20225PE.NFO,07/01/2020,09:53:26,16.65,17.9,2600,18.25,2600,0,145600
CANBK30JAN20225PE.NFO,07/01/2020,09:53:30,16.65,17.9,2600,18.2,2600,0,145600
CANBK30JAN20225PE.NFO,07/01/2020,09:53:34,16.65,17.8,10400,18.2,2600,0,145600
CANBK30JAN20225PE.NFO,07/01/2020,09:53:39,16.65,17.8,5200,18.15,2600,0,145600
CANBK30JAN20225PE.NFO,07/01/2020,09:53:43,16.65,17.8,10400,18.1,2600,0,145600
CANBK30JAN20225PE.NFO,07/01/2020,09:53:47,16.65,17.85,2600,18.3,2600,0,145600
CANBK30JAN20225PE.NFO,07/01/2020,09:53:51,16.65,17.95,2600,18.35,7800,0,145600
CANBK30JAN20225PE.NFO,07/01/2020,09:53:56,16.65,17.65,7800,18.2,2600,0,145600
CANBK30JAN20225PE.NFO,07/01/2020,09:54:01,16.65,17.75,7800,18.15,7800,0,145600
CANBK30JAN20225PE.NFO,07/01/2020,09:54:07,16.65,17.75,2600,18.15,7800,0,145600
CANBK30JAN20225PE.NFO,07/01/2020,09:54:16,16.65,17.75,2600,18.15,5200,0,145600
CANBK30JAN20225PE.NFO,07/01/2020,09:54:21,16.65,17.65,7800,18.05,5200,0,145600
CANBK30JAN20225PE.NFO,07/01/2020,09:54:26,16.65,17.75,2600,18.05,2600,0,145600
CANBK30JAN20225PE.NFO,07/01/2020,09:54:31,16.65,17.65,7800,18.05,5200,0,145600
CANBK30JAN20225PE.NFO,07/01/2020,09:54:35,16.65,17.75,2600,18.05,2600,0,145600
CANBK30JAN20225PE.NFO,07/01/2020,09:54:39,16.65,17.45,28600,18,2600,0,145600
CANBK30JAN20225PE.NFO,07/01/2020,09:54:44,16.65,17.65,2600,18.05,5200,0,145600
CANBK30JAN20225PE.NFO,07/01/2020,09:54:48,16.65,17.65,2600,18,2600,0,145600
CANBK30JAN20225PE.NFO,07/01/2020,09:54:52,16.65,17.75,2600,18.05,2600,0,145600
CANBK30JAN20225PE.NFO,07/01/2020,09:54:56,16.65,17.75,2600,18.25,2600,0,145600
CANBK30JAN20225PE.NFO,07/01/2020,09:55:00,16.65,17.75,2600,18.15,2600,0,145600
CANBK30JAN20225PE.NFO,07/01/2020,09:55:05,16.65,17.65,7800,18.05,2600,0,145600
CANBK30JAN20225PE.NFO,07/01/2020,09:55:11,16.65,17.65,13000,18,5200,0,145600
CANBK30JAN20225PE.NFO,07/01/2020,09:55:15,16.65,17.65,13000,18.3,5200,0,145600
CANBK30JAN20225PE.NFO,07/01/2020,09:55:20,16.65,17.8,13000,18.2,7800,0,145600
CANBK30JAN20225PE.NFO,07/01/2020,09:55:24,16.65,17.95,7800,18.5,2600,0,145600
CANBK30JAN20225PE.NFO,07/01/2020,09:55:29,16.65,18,10400,18.55,7800,0,145600
CANBK30JAN20225PE.NFO,07/01/2020,09:55:33,16.65,18.15,7800,18.55,2600,0,145600
CANBK30JAN20225PE.NFO,07/01/2020,09:55:37,16.65,18.25,7800,18.8,2600,0,145600
CANBK30JAN20225PE.NFO,07/01/2020,09:55:42,16.65,18.25,7800,18.7,2600,0,145600
CANBK30JAN20225PE.NFO,07/01/2020,09:55:46,16.65,18.15,7800,18.6,2600,0,145600
CANBK30JAN20225PE.NFO,07/01/2020,09:55:50,16.65,18.15,7800,18.55,7800,0,145600
CANBK30JAN20225PE.NFO,07/01/2020,09:55:53,16.65,18.25,7800,18.55,2600,0,145600
CANBK30JAN20225PE.NFO,07/01/2020,09:55:57,16.65,18.25,7800,18.85,5200,0,145600
CANBK30JAN20225PE.NFO,07/01/2020,09:56:05,16.65,18.25,7800,18.8,2600,0,145600
CANBK30JAN20225PE.NFO,07/01/2020,09:56:10,16.65,18.3,7800,19.1,2600,0,145600
CANBK30JAN20225PE.NFO,07/01/2020,09:56:15,16.65,18.05,13000,19,2600,0,145600
CANBK30JAN20225PE.NFO,07/01/2020,09:56:19,16.65,18.3,13000,18.9,2600,0,145600
CANBK30JAN20225PE.NFO,07/01/2020,09:56:24,16.65,18.15,7800,18.8,2600,0,145600
CANBK30JAN20225PE.NFO,07/01/2020,09:56:29,16.65,18.15,7800,18.7,2600,0,145600
CANBK30JAN20225PE.NFO,07/01/2020,09:56:33,16.65,18.15,7800,18.6,2600,0,145600
CANBK30JAN20225PE.NFO,07/01/2020,09:56:38,16.65,18.25,7800,18.6,2600,0,145600
CANBK30JAN20225PE.NFO,07/01/2020,09:56:42,16.65,18.15,7800,18.55,2600,0,145600
CANBK30JAN20225PE.NFO,07/01/2020,09:56:47,16.65,18.15,7800,18.5,5200,0,145600
CANBK30JAN20225PE.NFO,07/01/2020,09:56:55,16.65,18.15,7800,18.55,5200,0,145600
CANBK30JAN20225PE.NFO,07/01/2020,09:56:59,16.65,18.25,2600,18.55,2600,0,145600
CANBK30JAN20225PE.NFO,07/01/2020,09:57:04,16.65,18.15,7800,18.55,5200,0,145600
CANBK30JAN20225PE.NFO,07/01/2020,09:57:13,16.65,18.25,2600,18.75,5200,0,145600
CANBK30JAN20225PE.NFO,07/01/2020,09:57:17,16.65,18.25,7800,18.75,5200,0,145600
CANBK30JAN20225PE.NFO,07/01/2020,09:57:42,16.65,18.25,7800,19.05,7800,0,145600
CANBK30JAN20225PE.NFO,07/01/2020,09:57:51,16.65,18.3,13000,18.9,2600,0,145600
CANBK30JAN20225PE.NFO,07/01/2020,09:57:55,16.65,18.3,13000,18.8,2600,0,145600
CANBK30JAN20225PE.NFO,07/01/2020,09:57:59,16.65,18.35,5200,19.15,2600,0,145600
CANBK30JAN20225PE.NFO,07/01/2020,09:58:04,16.65,18.5,2600,19.05,2600,0,145600
CANBK30JAN20225PE.NFO,07/01/2020,09:58:08,16.65,18.5,2600,18.95,2600,0,145600
CANBK30JAN20225PE.NFO,07/01/2020,09:58:12,16.65,18.5,2600,18.9,5200,0,145600
CANBK30JAN20225PE.NFO,07/01/2020,09:58:16,16.65,18.5,2600,18.95,2600,0,145600
CANBK30JAN20225PE.NFO,07/01/2020,09:58:19,16.65,18.5,2600,18.9,5200,0,145600
CANBK30JAN20225PE.NFO,07/01/2020,09:58:23,16.65,18.4,2600,18.85,2600,0,145600
CANBK30JAN20225PE.NFO,07/01/2020,09:58:26,16.65,18.35,5200,18.8,5200,0,145600
CANBK30JAN20225PE.NFO,07/01/2020,09:58:31,16.65,18.4,2600,18.8,5200,0,145600
CANBK30JAN20225PE.NFO,07/01/2020,09:58:35,16.65,18.5,2600,18.85,2600,0,145600
CANBK30JAN20225PE.NFO,07/01/2020,09:58:40,16.65,18.55,5200,19.1,5200,0,145600
CANBK30JAN20225PE.NFO,07/01/2020,09:58:45,16.65,18.65,7800,19.4,5200,0,145600
CANBK30JAN20225PE.NFO,07/01/2020,09:58:51,16.65,18.5,2600,19.25,2600,0,145600
CANBK30JAN20225PE.NFO,07/01/2020,09:58:56,16.65,18.3,7800,19.15,2600,0,145600
CANBK30JAN20225PE.NFO,07/01/2020,09:59:01,16.65,18.3,7800,19.05,2600,0,145600
CANBK30JAN20225PE.NFO,07/01/2020,09:59:06,16.65,18.3,7800,18.95,2600,0,145600
CANBK30JAN20225PE.NFO,07/01/2020,09:59:11,16.65,18.35,5200,18.9,2600,0,145600
CANBK30JAN20225PE.NFO,07/01/2020,09:59:16,16.65,18.4,2600,18.9,2600,0,145600
CANBK30JAN20225PE.NFO,07/01/2020,09:59:20,16.65,18.4,2600,19.1,2600,0,145600
CANBK30JAN20225PE.NFO,07/01/2020,09:59:25,16.65,18.4,2600,19,2600,0,145600
CANBK30JAN20225PE.NFO,07/01/2020,09:59:29,16.65,18.4,2600,18.9,2600,0,145600
CANBK30JAN20225PE.NFO,07/01/2020,09:59:34,16.65,18.5,2600,18.95,5200,0,145600
CANBK30JAN20225PE.NFO,07/01/2020,09:59:39,16.65,18.4,2600,18.85,5200,0,145600
CANBK30JAN20225PE.NFO,07/01/2020,09:59:49,16.65,18.3,7800,18.8,2600,0,145600
CANBK30JAN20225PE.NFO,07/01/2020,09:59:52,16.65,18.4,2600,18.85,5200,0,145600
CANBK30JAN20225PE.NFO,07/01/2020,10:00:10,16.65,18.4,2600,19,2600,0,145600
CANBK30JAN20225PE.NFO,07/01/2020,10:00:15,16.65,18.5,2600,19,2600,0,145600
CANBK30JAN20225PE.NFO,07/01/2020,10:00:19,16.65,18.55,7800,18.95,7800,0,145600
CANBK30JAN20225PE.NFO,07/01/2020,10:00:24,16.65,18.5,2600,18.95,7800,0,145600
CANBK30JAN20225PE.NFO,07/01/2020,10:00:29,16.65,18.5,7800,19.25,5200,0,145600
CANBK30JAN20225PE.NFO,07/01/2020,10:00:42,16.65,18.55,2600,19.25,2600,0,145600
CANBK30JAN20225PE.NFO,07/01/2020,10:00:49,16.65,18.65,2600,19.4,2600,0,145600
CANBK30JAN20225PE.NFO,07/01/2020,10:00:55,16.65,18.75,5200,19.4,2600,0,145600
CANBK30JAN20225PE.NFO,07/01/2020,10:01:00,16.65,18.85,2600,19.35,5200,0,145600
CANBK30JAN20225PE.NFO,07/01/2020,10:01:06,16.65,18.65,2600,19.2,2600,0,145600
CANBK30JAN20225PE.NFO,07/01/2020,10:01:12,16.65,18.5,13000,19.5,2600,0,145600
CANBK30JAN20225PE.NFO,07/01/2020,10:01:18,16.65,18.6,2600,19.4,2600,0,145600
CANBK30JAN20225PE.NFO,07/01/2020,10:01:24,16.65,18.7,7800,19.65,2600,0,145600
CANBK30JAN20225PE.NFO,07/01/2020,10:01:30,16.65,18.7,7800,19.5,2600,0,145600
CANBK30JAN20225PE.NFO,07/01/2020,10:01:36,16.65,18.7,7800,19.4,2600,0,145600
CANBK30JAN20225PE.NFO,07/01/2020,10:01:42,16.65,18.7,7800,19.3,2600,0,145600
CANBK30JAN20225PE.NFO,07/01/2020,10:01:48,16.65,18.7,7800,19.2,2600,0,145600
CANBK30JAN20225PE.NFO,07/01/2020,10:01:58,16.65,18.7,7800,19.2,5200,0,145600
CANBK30JAN20225PE.NFO,07/01/2020,10:02:03,16.65,18.7,7800,19.25,5200,0,145600
CANBK30JAN20225PE.NFO,07/01/2020,10:02:08,16.65,18.7,7800,19.2,2600,0,145600
CANBK30JAN20225PE.NFO,07/01/2020,10:02:14,16.65,18.7,7800,19.15,5200,0,145600
CANBK30JAN20225PE.NFO,07/01/2020,10:02:20,16.65,18.75,2600,19.2,2600,0,145600
CANBK30JAN20225PE.NFO,07/01/2020,10:02:25,16.65,18.7,7800,19.25,5200,0,145600
CANBK30JAN20225PE.NFO,07/01/2020,10:02:31,16.65,18.7,7800,19.25,2600,0,145600
CANBK30JAN20225PE.NFO,07/01/2020,10:02:40,16.65,18.5,2600,19.05,2600,0,145600
CANBK30JAN20225PE.NFO,07/01/2020,10:02:45,16.65,18.55,5200,19,5200,0,145600
CANBK30JAN20225PE.NFO,07/01/2020,10:02:52,16.65,18.5,2600,19,5200,0,145600
CANBK30JAN20225PE.NFO,07/01/2020,10:03:01,16.65,18.4,2600,19.05,2600,0,145600
CANBK30JAN20225PE.NFO,07/01/2020,10:03:05,16.65,18.5,2600,19,5200,0,145600
CANBK30JAN20225PE.NFO,07/01/2020,10:03:10,16.65,18.55,5200,19.1,2600,0,145600
CANBK30JAN20225PE.NFO,07/01/2020,10:03:15,16.65,18.55,5200,19.05,2600,0,145600
CANBK30JAN20225PE.NFO,07/01/2020,10:03:25,16.65,18.55,5200,18.95,2600,0,145600
CANBK30JAN20225PE.NFO,07/01/2020,10:03:30,16.65,18.55,7800,19.15,2600,0,145600
CANBK30JAN20225PE.NFO,07/01/2020,10:03:35,16.65,18.5,2600,19.05,2600,0,145600
CANBK30JAN20225PE.NFO,07/01/2020,10:03:40,16.65,18.4,2600,18.95,2600,0,145600
CANBK30JAN20225PE.NFO,07/01/2020,10:03:44,16.65,18.5,2600,19,5200,0,145600
CANBK30JAN20225PE.NFO,07/01/2020,10:03:50,16.65,18.55,7800,19.25,2600,0,145600
CANBK30JAN20225PE.NFO,07/01/2020,10:03:54,16.65,18.55,7800,19.15,2600,0,145600
CANBK30JAN20225PE.NFO,07/01/2020,10:03:59,16.65,18.55,7800,19.05,2600,0,145600
CANBK30JAN20225PE.NFO,07/01/2020,10:04:08,16.65,18.55,7800,19.2,5200,0,145600
CANBK30JAN20225PE.NFO,07/01/2020,10:04:25,16.65,18.35,13000,19.2,5200,0,145600
CANBK30JAN20225PE.NFO,07/01/2020,10:04:29,16.65,18.5,2600,19.05,2600,0,145600
CANBK30JAN20225PE.NFO,07/01/2020,10:04:34,16.65,18.5,2600,19,7800,0,145600
CANBK30JAN20225PE.NFO,07/01/2020,10:04:39,16.65,18.4,2600,18.85,2600,0,145600
CANBK30JAN20225PE.NFO,07/01/2020,10:04:44,16.65,18.5,2600,18.9,5200,0,145600
CANBK30JAN20225PE.NFO,07/01/2020,10:04:51,16.65,18.5,2600,18.95,2600,0,145600
CANBK30JAN20225PE.NFO,07/01/2020,10:04:55,16.65,18.5,2600,18.9,7800,0,145600
CANBK30JAN20225PE.NFO,07/01/2020,10:04:59,16.65,18.5,2600,18.9,2600,0,145600
CANBK30JAN20225PE.NFO,07/01/2020,10:05:03,16.65,18.5,2600,18.9,5200,0,145600
CANBK30JAN20225PE.NFO,07/01/2020,10:05:11,16.65,18.35,5200,18.9,5200,0,145600
CANBK30JAN20225PE.NFO,07/01/2020,10:05:15,16.65,18.4,2600,18.85,5200,0,145600
CANBK30JAN20225PE.NFO,07/01/2020,10:05:18,16.65,18.35,5200,18.8,2600,0,145600
CANBK30JAN20225PE.NFO,07/01/2020,10:05:28,16.65,18.35,5200,18.85,2600,0,145600
CANBK30JAN20225PE.NFO,07/01/2020,10:05:32,16.65,18.4,2600,19.15,2600,0,145600
CANBK30JAN20225PE.NFO,07/01/2020,10:05:38,16.65,18.5,5200,19.05,2600,0,145600
CANBK30JAN20225PE.NFO,07/01/2020,10:05:45,16.65,18.65,5200,19.25,7800,0,145600
CANBK30JAN20225PE.NFO,07/01/2020,10:05:50,16.65,18.65,5200,19.2,2600,0,145600
CANBK30JAN20225PE.NFO,07/01/2020,10:05:56,16.65,18.65,5200,19.1,2600,0,145600
CANBK30JAN20225PE.NFO,07/01/2020,10:06:05,16.65,18.65,5200,19.15,5200,0,145600
CANBK30JAN20225PE.NFO,07/01/2020,10:06:15,16.65,18.65,5200,19.1,2600,0,145600
CANBK30JAN20225PE.NFO,07/01/2020,10:06:19,16.65,18.65,5200,19.15,5200,0,145600
CANBK30JAN20225PE.NFO,07/01/2020,10:06:28,16.65,18.65,5200,19.1,5200,0,145600
CANBK30JAN20225PE.NFO,07/01/2020,10:06:33,16.65,18.65,5200,19.05,2600,0,145600
CANBK30JAN20225PE.NFO,07/01/2020,10:06:43,16.65,18.65,5200,19.3,2600,0,145600
CANBK30JAN20225PE.NFO,07/01/2020,10:06:49,16.65,18.65,5200,19.2,2600,0,145600
CANBK30JAN20225PE.NFO,07/01/2020,10:06:54,16.65,18.65,5200,19.15,5200,0,145600
CANBK30JAN20225PE.NFO,07/01/2020,10:07:04,16.65,18.65,5200,19.5,2600,0,145600
CANBK30JAN20225PE.NFO,07/01/2020,10:07:10,16.65,18.65,5200,19.4,2600,0,145600
CANBK30JAN20225PE.NFO,07/01/2020,10:07:15,16.65,18.7,2600,19.35,7800,0,145600
CANBK30JAN20225PE.NFO,07/01/2020,10:07:19,16.65,18.75,5200,19.55,2600,0,145600
CANBK30JAN20225PE.NFO,07/01/2020,10:07:25,16.65,18.75,5200,19.45,2600,0,145600
CANBK30JAN20225PE.NFO,07/01/2020,10:07:30,16.65,18.75,5200,19.35,2600,0,145600
CANBK30JAN20225PE.NFO,07/01/2020,10:07:35,16.65,18.75,7800,19.3,5200,0,145600
CANBK30JAN20225PE.NFO,07/01/2020,10:07:40,16.65,18.75,7800,19.25,5200,0,145600
CANBK30JAN20225PE.NFO,07/01/2020,10:07:45,16.65,18.75,5200,19.25,2600,0,145600
CANBK30JAN20225PE.NFO,07/01/2020,10:07:50,16.65,18.4,31200,19.2,2600,0,145600
CANBK30JAN20225PE.NFO,07/01/2020,10:07:56,16.65,18.45,18200,19.2,2600,0,145600
CANBK30JAN20225PE.NFO,07/01/2020,10:08:01,16.65,18.65,26000,19.45,2600,0,145600
CANBK30JAN20225PE.NFO,07/01/2020,10:08:05,16.65,18.75,2600,19.65,2600,0,145600
CANBK30JAN20225PE.NFO,07/01/2020,10:08:10,16.65,18.8,5200,19.55,2600,0,145600
CANBK30JAN20225PE.NFO,07/01/2020,10:08:14,16.65,18.8,5200,19.45,2600,0,145600
CANBK30JAN20225PE.NFO,07/01/2020,10:08:20,16.65,18.8,5200,19.7,5200,0,145600
CANBK30JAN20225PE.NFO,07/01/2020,10:08:24,16.65,18.8,5200,19.55,2600,0,145600
CANBK30JAN20225PE.NFO,07/01/2020,10:08:29,16.65,18.8,5200,19.45,2600,0,145600
CANBK30JAN20225PE.NFO,07/01/2020,10:08:34,16.65,18.8,5200,19.35,2600,0,145600
CANBK30JAN20225PE.NFO,07/01/2020,10:08:39,16.65,18.8,5200,19.6,5200,0,145600
CANBK30JAN20225PE.NFO,07/01/2020,10:08:44,16.65,18.8,5200,19.45,2600,0,145600
CANBK30JAN20225PE.NFO,07/01/2020,10:08:48,16.65,18.8,5200,19.35,2600,0,145600
CANBK30JAN20225PE.NFO,07/01/2020,10:08:52,16.65,18.8,5200,19.3,7800,0,145600
CANBK30JAN20225PE.NFO,07/01/2020,10:09:01,16.65,18.8,5200,19.3,5200,0,145600
CANBK30JAN20225PE.NFO,07/01/2020,10:09:10,16.65,18.85,2600,19.55,2600,0,145600
CANBK30JAN20225PE.NFO,07/01/2020,10:09:14,16.65,18.9,5200,19.45,2600,0,145600
CANBK30JAN20225PE.NFO,07/01/2020,10:09:18,16.65,18.9,5200,19.7,2600,0,145600
CANBK30JAN20225PE.NFO,07/01/2020,10:09:23,16.65,18.9,5200,19.6,2600,0,145600
CANBK30JAN20225PE.NFO,07/01/2020,10:09:37,16.65,19,5200,19.45,5200,0,145600
CANBK30JAN20225PE.NFO,07/01/2020,10:09:41,16.65,19,5200,19.45,2600,0,145600
CANBK30JAN20225PE.NFO,07/01/2020,10:09:45,16.65,19,5200,19.7,7800,0,145600
CANBK30JAN20225PE.NFO,07/01/2020,10:09:49,16.65,18.65,26000,19.55,2600,0,145600
CANBK30JAN20225PE.NFO,07/01/2020,10:09:54,16.65,18.85,5200,19.45,2600,0,145600
CANBK30JAN20225PE.NFO,07/01/2020,10:09:58,16.65,18.9,5200,19.4,7800,0,145600
CANBK30JAN20225PE.NFO,07/01/2020,10:10:04,16.65,18.7,7800,19.3,7800,0,145600
CANBK30JAN20225PE.NFO,07/01/2020,10:10:10,16.65,18.7,2600,19.2,2600,0,145600
CANBK30JAN20225PE.NFO,07/01/2020,10:10:15,16.65,18.75,5200,19.45,2600,0,145600
CANBK30JAN20225PE.NFO,07/01/2020,10:10:20,16.65,18.75,5200,19.35,2600,0,145600
CANBK30JAN20225PE.NFO,07/01/2020,10:10:24,16.65,18.75,5200,19.3,5200,0,145600
CANBK30JAN20225PE.NFO,07/01/2020,10:10:27,16.65,18.75,5200,19.35,2600,0,145600
CANBK30JAN20225PE.NFO,07/01/2020,10:10:31,16.65,18.85,5200,19.35,5200,0,145600
CANBK30JAN20225PE.NFO,07/01/2020,10:10:40,16.65,18.85,5200,19.3,5200,0,145600
CANBK30JAN20225PE.NFO,07/01/2020,10:10:44,16.65,18.55,5200,19.25,2600,0,145600
CANBK30JAN20225PE.NFO,07/01/2020,10:10:47,16.65,18.55,5200,19.15,2600,0,145600
CANBK30JAN20225PE.NFO,07/01/2020,10:10:54,16.65,18.55,5200,19.25,2600,0,145600
CANBK30JAN20225PE.NFO,07/01/2020,10:11:00,16.65,18.55,5200,19.2,5200,0,145600
CANBK30JAN20225PE.NFO,07/01/2020,10:11:04,16.65,18.55,5200,19.15,2600,0,145600
CANBK30JAN20225PE.NFO,07/01/2020,10:11:12,16.65,18.55,5200,19.2,5200,0,145600
CANBK30JAN20225PE.NFO,07/01/2020,10:11:16,16.65,18.55,5200,19.1,5200,0,145600
CANBK30JAN20225PE.NFO,07/01/2020,10:11:20,16.65,18.55,5200,19.05,2600,0,145600
CANBK30JAN20225PE.NFO,07/01/2020,10:11:39,16.65,18.55,5200,19,5200,0,145600
CANBK30JAN20225PE.NFO,07/01/2020,10:11:48,16.65,18.55,5200,19.05,2600,0,145600
CANBK30JAN20225PE.NFO,07/01/2020,10:11:52,16.65,18.55,5200,19,5200,0,145600
CANBK30JAN20225PE.NFO,07/01/2020,10:11:56,16.65,18.55,5200,19.25,2600,0,145600
CANBK30JAN20225PE.NFO,07/01/2020,10:12:00,16.65,18.55,5200,19.15,2600,0,145600
CANBK30JAN20225PE.NFO,07/01/2020,10:12:04,16.65,18.55,5200,19.05,2600,0,145600
CANBK30JAN20225PE.NFO,07/01/2020,10:12:12,16.65,18.55,5200,19.1,2600,0,145600
CANBK30JAN20225PE.NFO,07/01/2020,10:12:16,16.65,18.55,5200,19.05,2600,0,145600
CANBK30JAN20225PE.NFO,07/01/2020,10:12:25,16.65,18.55,5200,19,5200,0,145600
CANBK30JAN20225PE.NFO,07/01/2020,10:12:34,16.65,18.3,10400,18.95,2600,0,145600
CANBK30JAN20225PE.NFO,07/01/2020,10:12:38,16.65,18.3,10400,18.85,2600,0,145600
CANBK30JAN20225PE.NFO,07/01/2020,10:12:49,16.65,18.4,5200,18.9,5200,0,145600
CANBK30JAN20225PE.NFO,07/01/2020,10:12:57,16.65,18.4,5200,19.05,5200,0,145600
CANBK30JAN20225PE.NFO,07/01/2020,10:13:05,16.65,18.4,5200,18.9,2600,0,145600
CANBK30JAN20225PE.NFO,07/01/2020,10:13:09,16.65,18.4,5200,19.25,5200,0,145600
CANBK30JAN20225PE.NFO,07/01/2020,10:13:14,16.65,18.5,5200,19.1,2600,0,145600
CANBK30JAN20225PE.NFO,07/01/2020,10:13:19,16.65,18.5,5200,19,2600,0,145600
CANBK30JAN20225PE.NFO,07/01/2020,10:13:23,16.65,18.5,5200,19.05,5200,0,145600
CANBK30JAN20225PE.NFO,07/01/2020,10:13:30,16.65,18.5,5200,19,2600,0,145600
CANBK30JAN20225PE.NFO,07/01/2020,10:13:48,16.65,18.25,20800,18.9,2600,0,145600
CANBK30JAN20225PE.NFO,07/01/2020,10:13:54,16.65,18.4,5200,18.9,2600,0,145600
CANBK30JAN20225PE.NFO,07/01/2020,10:14:08,16.65,18.4,5200,18.95,5200,0,145600
CANBK30JAN20225PE.NFO,07/01/2020,10:14:19,16.65,18.4,5200,18.9,2600,0,145600
CANBK30JAN20225PE.NFO,07/01/2020,10:14:24,16.65,18.4,5200,18.95,5200,0,145600
CANBK30JAN20225PE.NFO,07/01/2020,10:14:28,16.65,18.4,5200,19,2600,0,145600
CANBK30JAN20225PE.NFO,07/01/2020,10:14:34,16.65,18.4,5200,19.05,7800,0,145600
CANBK30JAN20225PE.NFO,07/01/2020,10:14:38,16.65,18.4,7800,18.95,5200,0,145600
CANBK30JAN20225PE.NFO,07/01/2020,10:14:43,16.65,18.4,7800,18.9,2600,0,145600
CANBK30JAN20225PE.NFO,07/01/2020,10:15:02,16.65,18.5,7800,19.05,5200,0,145600
CANBK30JAN20225PE.NFO,07/01/2020,10:15:07,16.65,18.5,7800,19,2600,0,145600
CANBK30JAN20225PE.NFO,07/01/2020,10:15:13,16.65,18.5,7800,18.95,5200,0,145600
CANBK30JAN20225PE.NFO,07/01/2020,10:15:28,16.65,18.4,2600,18.8,2600,0,145600
CANBK30JAN20225PE.NFO,07/01/2020,10:15:33,16.65,18.5,2600,18.85,2600,0,145600
CANBK30JAN20225PE.NFO,07/01/2020,10:15:38,16.65,18.5,2600,19,7800,0,145600
CANBK30JAN20225PE.NFO,07/01/2020,10:15:47,16.65,18.55,5200,19,7800,0,145600
CANBK30JAN20225PE.NFO,07/01/2020,10:15:54,16.65,18.4,2600,18.95,2600,0,145600
CANBK30JAN20225PE.NFO,07/01/2020,10:15:59,16.65,18.5,2600,19,5200,0,145600
CANBK30JAN20225PE.NFO,07/01/2020,10:16:03,16.65,18.55,5200,19.2,2600,0,145600
CANBK30JAN20225PE.NFO,07/01/2020,10:16:08,16.65,18.55,7800,19.1,2600,0,145600
CANBK30JAN20225PE.NFO,07/01/2020,10:16:16,16.65,18.55,7800,19.05,7800,0,145600
CANBK30JAN20225PE.NFO,07/01/2020,10:16:20,16.65,18.55,7800,19.05,5200,0,145600
CANBK30JAN20225PE.NFO,07/01/2020,10:16:23,16.65,18.55,7800,19.05,7800,0,145600
CANBK30JAN20225PE.NFO,07/01/2020,10:16:37,16.65,18.55,7800,19.35,2600,0,145600
CANBK30JAN20225PE.NFO,07/01/2020,10:16:41,16.65,18.55,7800,19.25,2600,0,145600
CANBK30JAN20225PE.NFO,07/01/2020,10:16:45,16.65,18.55,7800,19.15,2600,0,145600
CANBK30JAN20225PE.NFO,07/01/2020,10:16:49,16.65,18.55,7800,19.05,2600,0,145600
CANBK30JAN20225PE.NFO,07/01/2020,10:16:54,16.65,18.55,7800,19.1,7800,0,145600
CANBK30JAN20225PE.NFO,07/01/2020,10:17:02,16.65,18.55,7800,19,2600,0,145600
CANBK30JAN20225PE.NFO,07/01/2020,10:17:21,16.65,18.55,7800,19.2,7800,0,145600
CANBK30JAN20225PE.NFO,07/01/2020,10:17:25,16.65,18.55,7800,19.1,2600,0,145600
CANBK30JAN20225PE.NFO,07/01/2020,10:17:54,16.65,18.65,7800,19.1,2600,0,145600
CANBK30JAN20225PE.NFO,07/01/2020,10:18:05,16.65,18.65,7800,19.15,2600,0,145600
CANBK30JAN20225PE.NFO,07/01/2020,10:18:17,16.65,18.65,7800,19.15,5200,0,145600
CANBK30JAN20225PE.NFO,07/01/2020,10:18:21,16.65,18.65,7800,19.15,2600,0,145600
CANBK30JAN20225PE.NFO,07/01/2020,10:18:34,16.65,18.65,7800,19.1,5200,0,145600
CANBK30JAN20225PE.NFO,07/01/2020,10:18:38,16.65,18.65,7800,19.25,2600,0,145600
CANBK30JAN20225PE.NFO,07/01/2020,10:18:44,16.65,18.65,7800,19.2,5200,0,145600
CANBK30JAN20225PE.NFO,07/01/2020,10:19:03,16.65,18.65,7800,19.15,2600,0,145600
CANBK30JAN20225PE.NFO,07/01/2020,10:19:12,16.65,18.65,7800,19.2,5200,0,145600
CANBK30JAN20225PE.NFO,07/01/2020,10:19:21,16.65,18.65,7800,19.2,2600,0,145600
CANBK30JAN20225PE.NFO,07/01/2020,10:19:26,16.65,18.65,7800,19.15,2600,0,145600
CANBK30JAN20225PE.NFO,07/01/2020,10:19:30,16.65,18.65,7800,19.2,5200,0,145600
CANBK30JAN20225PE.NFO,07/01/2020,10:19:39,16.65,18.65,7800,19.15,2600,0,145600
CANBK30JAN20225PE.NFO,07/01/2020,10:19:43,16.65,18.75,7800,19.25,2600,0,145600
CANBK30JAN20225PE.NFO,07/01/2020,10:19:53,16.65,18.75,7800,19.2,5200,0,145600
CANBK30JAN20225PE.NFO,07/01/2020,10:20:02,16.65,18.6,2600,19.25,2600,0,145600
CANBK30JAN20225PE.NFO,07/01/2020,10:20:06,16.65,18.7,5200,19.15,2600,0,145600
CANBK30JAN20225PE.NFO,07/01/2020,10:20:11,16.65,18.8,2600,19.25,2600,0,145600
CANBK30JAN20225PE.NFO,07/01/2020,10:20:16,16.65,18.65,2600,19.15,2600,0,145600
CANBK30JAN20225PE.NFO,07/01/2020,10:20:20,16.65,18.75,2600,19.1,2600,0,145600
CANBK30JAN20225PE.NFO,07/01/2020,10:20:55,16.65,18.5,2600,19.15,2600,0,145600
CANBK30JAN20225PE.NFO,07/01/2020,10:20:58,16.65,18.55,7800,19.05,2600,0,145600
CANBK30JAN20225PE.NFO,07/01/2020,10:21:02,16.65,18.55,7800,19.05,5200,0,145600
CANBK30JAN20225PE.NFO,07/01/2020,10:21:10,16.65,18.55,7800,19,2600,0,145600
CANBK30JAN20225PE.NFO,07/01/2020,10:21:18,16.65,18.4,5200,19,2600,0,145600
CANBK30JAN20225PE.NFO,07/01/2020,10:21:22,16.65,18.5,2600,19.05,2600,0,145600
CANBK30JAN20225PE.NFO,07/01/2020,10:21:26,16.65,18.4,7800,18.95,2600,0,145600
CANBK30JAN20225PE.NFO,07/01/2020,10:21:33,16.65,18.4,7800,19.05,2600,0,145600
CANBK30JAN20225PE.NFO,07/01/2020,10:21:44,16.65,18.4,7800,18.95,2600,0,145600
CANBK30JAN20225PE.NFO,07/01/2020,10:21:52,16.65,18.5,5200,19,5200,0,145600
CANBK30JAN20225PE.NFO,07/01/2020,10:21:57,16.65,18.5,7800,19,5200,0,145600
CANBK30JAN20225PE.NFO,07/01/2020,10:22:05,16.65,18.5,7800,18.95,2600,0,145600
CANBK30JAN20225PE.NFO,07/01/2020,10:22:10,16.65,18.5,7800,19,5200,0,145600
CANBK30JAN20225PE.NFO,07/01/2020,10:22:14,16.65,18.5,7800,18.95,2600,0,145600
CANBK30JAN20225PE.NFO,07/01/2020,10:22:31,16.65,18.5,7800,19,2600,0,145600
CANBK30JAN20225PE.NFO,07/01/2020,10:22:45,16.65,18.55,7800,19.3,2600,0,145600
CANBK30JAN20225PE.NFO,07/01/2020,10:22:51,16.65,18.75,2600,19.25,7800,0,145600
CANBK30JAN20225PE.NFO,07/01/2020,10:23:02,16.65,18.5,2600,19.2,2600,0,145600
CANBK30JAN20225PE.NFO,07/01/2020,10:23:07,16.65,18.55,7800,19.05,5200,0,145600
CANBK30JAN20225PE.NFO,07/01/2020,10:23:24,16.65,18.55,7800,19,5200,0,145600
CANBK30JAN20225PE.NFO,07/01/2020,10:23:29,16.65,18.55,7800,19.2,2600,0,145600
CANBK30JAN20225PE.NFO,07/01/2020,10:23:35,16.65,18.55,7800,19.15,7800,0,145600
CANBK30JAN20225PE.NFO,07/01/2020,10:23:38,16.65,18.55,7800,19.1,2600,0,145600
CANBK30JAN20225PE.NFO,07/01/2020,10:23:46,16.65,18.55,7800,19.05,5200,0,145600
CANBK30JAN20225PE.NFO,07/01/2020,10:24:11,16.65,18.55,7800,19.15,5200,0,145600
CANBK30JAN20225PE.NFO,07/01/2020,10:24:15,16.65,18.6,2600,19.2,7800,0,145600
CANBK30JAN20225PE.NFO,07/01/2020,10:24:19,16.65,18.55,7800,19.15,2600,0,145600
CANBK30JAN20225PE.NFO,07/01/2020,10:24:33,16.65,18.55,7800,19.1,5200,0,145600
CANBK30JAN20225PE.NFO,07/01/2020,10:24:46,16.65,18.55,7800,19.05,2600,0,145600
CANBK30JAN20225PE.NFO,07/01/2020,10:24:53,16.65,18.55,7800,19.1,5200,0,145600
CANBK30JAN20225PE.NFO,07/01/2020,10:24:57,16.65,18.55,7800,19.3,5200,0,145600
CANBK30JAN20225PE.NFO,07/01/2020,10:25:05,16.65,18.55,7800,19.15,2600,0,145600
CANBK30JAN20225PE.NFO,07/01/2020,10:25:30,16.65,18.6,2600,19.5,5200,0,145600
CANBK30JAN20225PE.NFO,07/01/2020,10:25:35,16.65,18.9,2600,19.8,5200,0,145600
CANBK30JAN20225PE.NFO,07/01/2020,10:25:41,16.65,18.95,5200,19.65,2600,0,145600
CANBK30JAN20225PE.NFO,07/01/2020,10:25:46,16.65,18.95,7800,19.55,2600,0,145600
CANBK30JAN20225PE.NFO,07/01/2020,10:25:51,16.65,18.95,7800,19.5,7800,0,145600
CANBK30JAN20225PE.NFO,07/01/2020,10:25:56,16.65,18.95,7800,19.5,5200,0,145600
CANBK30JAN20225PE.NFO,07/01/2020,10:25:59,16.65,18.95,7800,19.5,7800,0,145600
CANBK30JAN20225PE.NFO,07/01/2020,10:26:08,16.65,18.95,7800,19.45,2600,0,145600
CANBK30JAN20225PE.NFO,07/01/2020,10:26:12,16.65,18.95,7800,19.4,5200,0,145600
CANBK30JAN20225PE.NFO,07/01/2020,10:26:17,16.65,18.95,7800,19.45,5200,0,145600
CANBK30JAN20225PE.NFO,07/01/2020,10:26:28,16.65,18.95,7800,19.35,2600,0,145600
CANBK30JAN20225PE.NFO,07/01/2020,10:27:04,16.65,19,2600,19.4,2600,0,145600
CANBK30JAN20225PE.NFO,07/01/2020,10:27:08,16.65,19,2600,19.35,2600,0,145600
CANBK30JAN20225PE.NFO,07/01/2020,10:27:12,16.65,18.75,5200,19.55,2600,0,145600
CANBK30JAN20225PE.NFO,07/01/2020,10:27:16,16.65,18.9,2600,19.45,2600,0,145600
CANBK30JAN20225PE.NFO,07/01/2020,10:27:19,16.65,18.9,7800,19.4,7800,0,145600
CANBK30JAN20225PE.NFO,07/01/2020,10:28:18,16.65,18.65,10400,19.35,2600,0,145600
CANBK30JAN20225PE.NFO,07/01/2020,10:28:21,16.65,18.75,5200,19.3,7800,0,145600
CANBK30JAN20225PE.NFO,07/01/2020,10:28:25,16.65,18.8,7800,19.3,7800,0,145600
CANBK30JAN20225PE.NFO,07/01/2020,10:28:30,16.65,18.8,7800,19.3,5200,0,145600
CANBK30JAN20225PE.NFO,07/01/2020,10:28:34,16.65,18.8,7800,19.4,2600,0,145600
CANBK30JAN20225PE.NFO,07/01/2020,10:28:38,16.65,18.8,7800,19.3,2600,0,145600
CANBK30JAN20225PE.NFO,07/01/2020,10:28:44,16.65,18.8,7800,19.3,5200,0,145600
CANBK30JAN20225PE.NFO,07/01/2020,10:29:28,16.65,18.8,7800,19.3,2600,0,145600
CANBK30JAN20225PE.NFO,07/01/2020,10:29:35,16.65,18.8,7800,19.3,5200,0,145600
CANBK30JAN20225PE.NFO,07/01/2020,10:30:22,16.65,18.8,7800,19.3,2600,0,145600
CANBK30JAN20225PE.NFO,07/01/2020,10:30:30,16.65,18.8,7800,19.3,5200,0,145600
CANBK30JAN20225PE.NFO,07/01/2020,10:30:34,16.65,18.8,7800,19.25,5200,0,145600
CANBK30JAN20225PE.NFO,07/01/2020,10:30:38,16.65,18.8,7800,19.2,2600,0,145600
CANBK30JAN20225PE.NFO,07/01/2020,10:30:45,16.65,18.55,15600,19.2,5200,0,145600
CANBK30JAN20225PE.NFO,07/01/2020,10:30:48,16.65,18.65,2600,19.2,5200,0,145600
CANBK30JAN20225PE.NFO,07/01/2020,10:30:52,16.65,18.75,2600,19.2,2600,0,145600
CANBK30JAN20225PE.NFO,07/01/2020,10:30:55,16.65,18.75,2600,19.1,2600,0,145600
CANBK30JAN20225PE.NFO,07/01/2020,10:31:15,16.65,18.45,28600,19.05,2600,0,145600
CANBK30JAN20225PE.NFO,07/01/2020,10:31:18,16.65,18.6,5200,19.1,2600,0,145600
CANBK30JAN20225PE.NFO,07/01/2020,10:31:21,16.65,18.65,2600,19.1,2600,0,145600
CANBK30JAN20225PE.NFO,07/01/2020,10:31:24,16.65,18.75,2600,19.1,2600,0,145600
CANBK30JAN20225PE.NFO,07/01/2020,10:31:36,16.65,18.5,7800,19.3,2600,0,145600
CANBK30JAN20225PE.NFO,07/01/2020,10:31:39,16.65,18.6,2600,19.2,2600,0,145600
CANBK30JAN20225PE.NFO,07/01/2020,10:31:43,16.65,18.65,7800,19.15,2600,0,145600
CANBK30JAN20225PE.NFO,07/01/2020,10:31:47,16.65,18.65,7800,19.15,5200,0,145600
CANBK30JAN20225PE.NFO,07/01/2020,10:31:51,16.65,18.65,7800,19.1,5200,0,145600
CANBK30JAN20225PE.NFO,07/01/2020,10:31:55,16.65,18.65,7800,19.05,2600,0,145600
CANBK30JAN20225PE.NFO,07/01/2020,10:31:58,16.65,18.4,23400,19.05,5200,0,145600
CANBK30JAN20225PE.NFO,07/01/2020,10:32:03,16.65,18.55,5200,19.05,2600,0,145600
CANBK30JAN20225PE.NFO,07/01/2020,10:32:07,16.65,18.55,7800,19.15,2600,0,145600
CANBK30JAN20225PE.NFO,07/01/2020,10:32:11,16.65,18.65,2600,19.15,2600,0,145600
CANBK30JAN20225PE.NFO,07/01/2020,10:32:15,16.65,18.75,2600,19.25,7800,0,145600
CANBK30JAN20225PE.NFO,07/01/2020,10:32:25,16.65,18.8,7800,19.25,5200,0,145600
CANBK30JAN20225PE.NFO,07/01/2020,10:32:29,16.65,18.8,7800,19.25,2600,0,145600
CANBK30JAN20225PE.NFO,07/01/2020,10:32:33,16.65,18.8,7800,19.5,2600,0,145600
CANBK30JAN20225PE.NFO,07/01/2020,10:32:38,16.65,18.8,7800,19.4,2600,0,145600
CANBK30JAN20225PE.NFO,07/01/2020,10:32:41,16.65,18.8,7800,19.35,5200,0,145600
CANBK30JAN20225PE.NFO,07/01/2020,10:32:45,16.65,18.8,7800,19.25,2600,0,145600
CANBK30JAN20225PE.NFO,07/01/2020,10:32:51,16.65,18.8,7800,19.3,2600,0,145600
CANBK30JAN20225PE.NFO,07/01/2020,10:32:55,16.65,18.8,7800,19.3,5200,0,145600
CANBK30JAN20225PE.NFO,07/01/2020,10:32:59,16.65,18.8,7800,19.2,2600,0,145600
CANBK30JAN20225PE.NFO,07/01/2020,10:33:27,16.65,18.55,2600,19.15,5200,0,145600
CANBK30JAN20225PE.NFO,07/01/2020,10:33:29,16.65,18.65,2600,19.1,2600,0,145600
CANBK30JAN20225PE.NFO,07/01/2020,10:33:31,16.65,18.75,2600,19.1,2600,0,145600
CANBK30JAN20225PE.NFO,07/01/2020,10:33:34,16.65,18.75,2600,19.2,2600,0,145600
CANBK30JAN20225PE.NFO,07/01/2020,10:33:37,16.65,18.8,7800,19.4,2600,0,145600
CANBK30JAN20225PE.NFO,07/01/2020,10:33:40,16.65,18.8,7800,19.35,7800,0,145600
CANBK30JAN20225PE.NFO,07/01/2020,10:33:45,16.65,18.8,7800,19.3,2600,0,145600
CANBK30JAN20225PE.NFO,07/01/2020,10:33:48,16.65,18.8,7800,19.25,5200,0,145600
CANBK30JAN20225PE.NFO,07/01/2020,10:34:06,16.65,18.8,7800,19.25,7800,0,145600
CANBK30JAN20225PE.NFO,07/01/2020,10:34:29,16.65,18.8,7800,19.25,5200,0,145600
CANBK30JAN20225PE.NFO,07/01/2020,10:34:35,16.65,18.8,7800,19.25,2600,0,145600
CANBK30JAN20225PE.NFO,07/01/2020,10:37:30,16.65,18.8,7800,19.25,5200,0,145600
CANBK30JAN20225PE.NFO,07/01/2020,10:37:38,16.65,18.8,7800,19.2,2600,0,145600
CANBK30JAN20225PE.NFO,07/01/2020,10:37:42,16.65,18.8,7800,19.45,2600,0,145600
CANBK30JAN20225PE.NFO,07/01/2020,10:37:45,16.65,18.8,7800,19.35,2600,0,145600
CANBK30JAN20225PE.NFO,07/01/2020,10:37:48,16.65,18.8,7800,19.3,7800,0,145600
CANBK30JAN20225PE.NFO,07/01/2020,10:37:57,16.65,18.8,7800,19.25,2600,0,145600
CANBK30JAN20225PE.NFO,07/01/2020,10:38:00,16.65,18.8,7800,19.2,5200,0,145600
CANBK30JAN20225PE.NFO,07/01/2020,10:38:04,16.65,18.8,7800,19.2,2600,0,145600
CANBK30JAN20225PE.NFO,07/01/2020,10:38:46,16.65,18.8,7800,19.2,5200,0,145600
CANBK30JAN20225PE.NFO,07/01/2020,10:38:51,16.65,18.8,7800,19.2,2600,0,145600
CANBK30JAN20225PE.NFO,07/01/2020,10:39:04,16.65,18.8,7800,19.45,2600,0,145600
CANBK30JAN20225PE.NFO,07/01/2020,10:39:08,16.65,18.9,2600,19.4,2600,0,145600
CANBK30JAN20225PE.NFO,07/01/2020,10:39:11,16.65,18.9,7800,19.4,5200,0,145600
CANBK30JAN20225PE.NFO,07/01/2020,10:39:18,16.65,18.9,7800,19.7,2600,0,145600
CANBK30JAN20225PE.NFO,07/01/2020,10:39:23,16.65,19,2600,19.6,2600,0,145600
CANBK30JAN20225PE.NFO,07/01/2020,10:39:27,16.65,19.05,7800,19.55,2600,0,145600
CANBK30JAN20225PE.NFO,07/01/2020,10:39:30,16.65,19.05,7800,19.55,5200,0,145600
CANBK30JAN20225PE.NFO,07/01/2020,10:39:42,16.65,19.05,7800,19.5,2600,0,145600
CANBK30JAN20225PE.NFO,07/01/2020,10:39:45,16.65,19.05,7800,19.45,2600,0,145600
CANBK30JAN20225PE.NFO,07/01/2020,10:39:48,16.65,19.05,7800,19.75,5200,0,145600
CANBK30JAN20225PE.NFO,07/01/2020,10:39:51,16.65,19.05,7800,19.7,2600,0,145600
CANBK30JAN20225PE.NFO,07/01/2020,10:39:54,16.65,19.05,7800,19.6,2600,0,145600
CANBK30JAN20225PE.NFO,07/01/2020,10:39:56,16.65,19.05,7800,19.5,2600,0,145600
CANBK30JAN20225PE.NFO,07/01/2020,10:39:58,16.65,19.05,7800,19.45,5200,0,145600
CANBK30JAN20225PE.NFO,07/01/2020,10:40:10,16.65,18.85,13000,19.4,2600,0,145600
CANBK30JAN20225PE.NFO,07/01/2020,10:40:13,16.65,19,2600,19.4,5200,0,145600
CANBK30JAN20225PE.NFO,07/01/2020,10:40:16,16.65,19,2600,19.35,2600,0,145600
CANBK30JAN20225PE.NFO,07/01/2020,10:40:48,16.65,19,2600,19.3,2600,0,145600
CANBK30JAN20225PE.NFO,07/01/2020,10:40:50,16.65,18.55,31200,19.6,2600,0,145600
CANBK30JAN20225PE.NFO,07/01/2020,10:40:53,16.65,18.55,33800,19.5,2600,0,145600
CANBK30JAN20225PE.NFO,07/01/2020,10:40:55,16.65,18.55,33800,19.4,2600,0,145600
CANBK30JAN20225PE.NFO,07/01/2020,10:40:57,16.65,18.55,33800,19.3,2600,0,145600
CANBK30JAN20225PE.NFO,07/01/2020,10:41:01,16.65,18.65,26000,19.3,2600,0,145600
CANBK30JAN20225PE.NFO,07/01/2020,10:41:04,16.65,18.75,7800,19.3,2600,0,145600
CANBK30JAN20225PE.NFO,07/01/2020,10:41:08,16.65,18.8,7800,19.3,2600,0,145600
CANBK30JAN20225PE.NFO,07/01/2020,10:41:11,16.65,18.8,7800,19.25,2600,0,145600
CANBK30JAN20225PE.NFO,07/01/2020,10:41:16,16.65,18.9,2600,19.65,5200,0,145600
CANBK30JAN20225PE.NFO,07/01/2020,10:41:19,16.65,18.9,7800,19.5,2600,0,145600
CANBK30JAN20225PE.NFO,07/01/2020,10:41:23,16.65,18.9,7800,19.45,7800,0,145600
CANBK30JAN20225PE.NFO,07/01/2020,10:41:28,16.65,18.9,7800,19.4,2600,0,145600
CANBK30JAN20225PE.NFO,07/01/2020,10:41:32,16.65,18.9,7800,19.35,2600,0,145600
CANBK30JAN20225PE.NFO,07/01/2020,10:41:35,16.65,18.9,7800,19.55,2600,0,145600
CANBK30JAN20225PE.NFO,07/01/2020,10:41:38,16.65,18.9,7800,19.45,2600,0,145600
CANBK30JAN20225PE.NFO,07/01/2020,10:41:41,16.65,18.9,7800,19.5,7800,0,145600
CANBK30JAN20225PE.NFO,07/01/2020,10:41:50,16.65,18.9,7800,19.6,5200,0,145600
CANBK30JAN20225PE.NFO,07/01/2020,10:41:53,16.65,18.9,7800,19.55,2600,0,145600
CANBK30JAN20225PE.NFO,07/01/2020,10:41:56,16.65,18.9,7800,19.5,7800,0,145600
CANBK30JAN20225PE.NFO,07/01/2020,10:42:02,16.65,18.9,7800,19.4,2600,0,145600
CANBK30JAN20225PE.NFO,07/01/2020,10:42:05,16.65,19,7800,19.65,2600,0,145600
CANBK30JAN20225PE.NFO,07/01/2020,10:42:09,16.65,19,7800,19.55,2600,0,145600
CANBK30JAN20225PE.NFO,07/01/2020,10:42:12,16.65,19,7800,19.45,2600,0,145600
CANBK30JAN20225PE.NFO,07/01/2020,10:42:20,16.65,19,7800,19.5,7800,0,145600
CANBK30JAN20225PE.NFO,07/01/2020,10:42:22,16.65,19,7800,19.4,5200,0,145600
CANBK30JAN20225PE.NFO,07/01/2020,10:42:25,16.65,19,7800,19.45,2600,0,145600
CANBK30JAN20225PE.NFO,07/01/2020,10:42:32,16.65,19,7800,19.5,5200,0,145600
CANBK30JAN20225PE.NFO,07/01/2020,10:42:43,16.65,19,7800,19.7,2600,0,145600
CANBK30JAN20225PE.NFO,07/01/2020,10:42:46,16.65,19.1,7800,19.7,2600,0,145600
CANBK30JAN20225PE.NFO,07/01/2020,10:42:49,16.65,19.25,2600,19.65,2600,0,145600
CANBK30JAN20225PE.NFO,07/01/2020,10:42:51,16.65,19.25,2600,19.65,5200,0,145600
CANBK30JAN20225PE.NFO,07/01/2020,10:42:56,16.65,19,2600,19.55,2600,0,145600
CANBK30JAN20225PE.NFO,07/01/2020,10:42:58,16.65,19.05,5200,19.5,5200,0,145600
CANBK30JAN20225PE.NFO,07/01/2020,10:43:18,16.65,19.05,5200,19.6,2600,0,145600
CANBK30JAN20225PE.NFO,07/01/2020,10:43:27,16.65,19.05,5200,19.5,2600,0,145600
CANBK30JAN20225PE.NFO,07/01/2020,10:43:30,16.65,19.05,5200,19.6,5200,0,145600
CANBK30JAN20225PE.NFO,07/01/2020,10:43:33,16.65,19.05,5200,19.9,7800,0,145600
CANBK30JAN20225PE.NFO,07/01/2020,10:43:36,16.65,19.05,5200,19.8,5200,0,145600
CANBK30JAN20225PE.NFO,07/01/2020,10:43:38,16.65,19.1,2600,19.75,2600,0,145600
CANBK30JAN20225PE.NFO,07/01/2020,10:43:42,16.65,19.15,7800,19.7,5200,0,145600
CANBK30JAN20225PE.NFO,07/01/2020,10:43:46,16.65,19.15,7800,19.7,7800,0,145600
CANBK30JAN20225PE.NFO,07/01/2020,10:43:49,16.65,19.3,5200,19.7,2600,0,145600
CANBK30JAN20225PE.NFO,07/01/2020,10:44:01,16.65,19.3,5200,19.7,5200,0,145600
CANBK30JAN20225PE.NFO,07/01/2020,10:44:04,16.65,19.3,5200,19.7,2600,0,145600
CANBK30JAN20225PE.NFO,07/01/2020,10:44:08,16.65,19.3,5200,19.7,5200,0,145600
CANBK30JAN20225PE.NFO,07/01/2020,10:44:11,16.65,19.3,5200,19.9,2600,0,145600
CANBK30JAN20225PE.NFO,07/01/2020,10:44:13,16.65,19.3,5200,19.8,2600,0,145600
CANBK30JAN20225PE.NFO,07/01/2020,10:44:15,16.65,19.3,5200,19.75,7800,0,145600
CANBK30JAN20225PE.NFO,07/01/2020,10:44:30,16.65,19.05,15600,19.7,2600,0,145600
CANBK30JAN20225PE.NFO,07/01/2020,10:44:34,16.65,19.15,5200,19.65,2600,0,145600
CANBK30JAN20225PE.NFO,07/01/2020,10:44:37,16.65,19.25,2600,19.65,2600,0,145600
CANBK30JAN20225PE.NFO,07/01/2020,10:44:40,16.65,19.3,5200,19.9,2600,0,145600
CANBK30JAN20225PE.NFO,07/01/2020,10:44:43,16.65,19.3,5200,20,2600,0,145600
CANBK30JAN20225PE.NFO,07/01/2020,10:44:45,16.65,19.3,5200,19.95,7800,0,145600
CANBK30JAN20225PE.NFO,07/01/2020,10:44:51,16.65,19.3,5200,19.9,2600,0,145600
CANBK30JAN20225PE.NFO,07/01/2020,10:44:53,16.65,19.3,5200,19.85,5200,0,145600
CANBK30JAN20225PE.NFO,07/01/2020,10:44:56,16.65,19.3,5200,19.85,7800,0,145600
CANBK30JAN20225PE.NFO,07/01/2020,10:44:59,16.65,19.4,2600,19.85,5200,0,145600
CANBK30JAN20225PE.NFO,07/01/2020,10:45:04,16.65,19.5,2600,19.85,2600,0,145600
CANBK30JAN20225PE.NFO,07/01/2020,10:45:08,16.65,19.55,5200,19.9,2600,0,145600
CANBK30JAN20225PE.NFO,07/01/2020,10:45:12,16.65,19.55,5200,19.95,2600,0,145600
CANBK30JAN20225PE.NFO,07/01/2020,10:45:16,16.65,19.55,5200,19.9,2600,0,145600
CANBK30JAN20225PE.NFO,07/01/2020,10:45:20,16.65,19.55,5200,19.85,2600,0,145600
CANBK30JAN20225PE.NFO,07/01/2020,10:45:23,16.65,19.55,5200,20.1,2600,0,145600
CANBK30JAN20225PE.NFO,07/01/2020,10:45:27,16.65,19.55,5200,20.05,7800,0,145600
CANBK30JAN20225PE.NFO,07/01/2020,10:45:33,16.65,19.55,5200,20,2600,0,145600
CANBK30JAN20225PE.NFO,07/01/2020,10:45:36,16.65,19.55,5200,19.95,2600,0,145600
CANBK30JAN20225PE.NFO,07/01/2020,10:45:45,16.65,19.55,5200,19.95,5200,0,145600
CANBK30JAN20225PE.NFO,07/01/2020,10:45:48,16.65,19.3,2600,19.8,2600,0,145600
CANBK30JAN20225PE.NFO,07/01/2020,10:45:51,16.65,19.4,2600,19.75,2600,0,145600
CANBK30JAN20225PE.NFO,07/01/2020,10:46:06,16.65,19.4,2600,19.7,2600,0,145600
CANBK30JAN20225PE.NFO,07/01/2020,10:46:09,16.65,19.4,2600,19.9,2600,0,145600
CANBK30JAN20225PE.NFO,07/01/2020,10:46:12,16.65,19.2,5200,19.75,5200,0,145600
CANBK30JAN20225PE.NFO,07/01/2020,10:46:15,16.65,19.25,2600,19.75,2600,0,145600
CANBK30JAN20225PE.NFO,07/01/2020,10:46:17,16.65,19.3,5200,19.75,5200,0,145600
CANBK30JAN20225PE.NFO,07/01/2020,10:46:31,16.65,19.2,5200,19.7,2600,0,145600
CANBK30JAN20225PE.NFO,07/01/2020,10:46:34,16.65,19.25,2600,19.7,2600,0,145600
CANBK30JAN20225PE.NFO,07/01/2020,10:46:37,16.65,19.25,2600,19.75,5200,0,145600
CANBK30JAN20225PE.NFO,07/01/2020,10:46:39,16.65,19.3,5200,19.65,2600,0,145600
CANBK30JAN20225PE.NFO,07/01/2020,10:46:42,16.65,19.3,5200,19.8,2600,0,145600
CANBK30JAN20225PE.NFO,07/01/2020,10:46:45,16.65,19.3,5200,19.75,7800,0,145600
CANBK30JAN20225PE.NFO,07/01/2020,10:46:51,16.65,19.3,5200,19.75,5200,0,145600
CANBK30JAN20225PE.NFO,07/01/2020,10:46:54,16.65,19.3,7800,19.75,7800,0,145600
CANBK30JAN20225PE.NFO,07/01/2020,10:47:02,16.65,19.1,2600,19.75,5200,0,145600
CANBK30JAN20225PE.NFO,07/01/2020,10:47:04,16.65,19.4,2600,19.7,2600,0,145600
CANBK30JAN20225PE.NFO,07/01/2020,10:47:07,16.65,19.35,2600,19.65,2600,0,145600
CANBK30JAN20225PE.NFO,07/01/2020,10:47:10,16.65,19.3,5200,19.65,2600,0,145600
CANBK30JAN20225PE.NFO,07/01/2020,10:47:20,16.65,19.4,5200,19.85,2600,0,145600
CANBK30JAN20225PE.NFO,07/01/2020,10:47:24,16.65,19.4,5200,19.8,7800,0,145600
CANBK30JAN20225PE.NFO,07/01/2020,10:47:27,16.65,19.4,5200,19.8,5200,0,145600
CANBK30JAN20225PE.NFO,07/01/2020,10:47:30,16.65,19.4,5200,19.8,7800,0,145600
CANBK30JAN20225PE.NFO,07/01/2020,10:47:37,16.65,19.4,5200,19.8,5200,0,145600
CANBK30JAN20225PE.NFO,07/01/2020,10:47:42,16.65,19.4,5200,19.8,7800,0,145600
CANBK30JAN20225PE.NFO,07/01/2020,10:47:48,16.65,19.4,5200,19.8,5200,0,145600
CANBK30JAN20225PE.NFO,07/01/2020,10:48:00,16.65,19.4,5200,19.8,7800,0,145600
CANBK30JAN20225PE.NFO,07/01/2020,10:48:03,16.65,19.4,5200,19.8,5200,0,145600
CANBK30JAN20225PE.NFO,07/01/2020,10:48:34,16.65,19.4,5200,20.4,5200,0,145600
CANBK30JAN20225PE.NFO,07/01/2020,10:48:40,16.65,19.4,5200,20.25,2600,0,145600
CANBK30JAN20225PE.NFO,07/01/2020,10:48:44,16.65,19.4,5200,20.15,2600,0,145600
CANBK30JAN20225PE.NFO,07/01/2020,10:48:48,16.65,19.4,5200,20.05,2600,0,145600
CANBK30JAN20225PE.NFO,07/01/2020,10:48:51,16.65,19.4,5200,19.95,2600,0,145600
CANBK30JAN20225PE.NFO,07/01/2020,10:48:55,16.65,19.4,5200,19.9,5200,0,145600
CANBK30JAN20225PE.NFO,07/01/2020,10:49:08,16.65,19.5,2600,19.9,5200,0,145600
CANBK30JAN20225PE.NFO,07/01/2020,10:49:30,16.65,19.4,5200,19.9,7800,0,145600
CANBK30JAN20225PE.NFO,07/01/2020,10:49:44,16.65,19.5,2600,19.9,5200,0,145600
CANBK30JAN20225PE.NFO,07/01/2020,10:49:56,16.65,19.55,5200,20.1,7800,0,145600
CANBK30JAN20225PE.NFO,07/01/2020,10:50:03,16.65,19.75,2600,20.1,5200,0,145600
CANBK30JAN20225PE.NFO,07/01/2020,10:50:09,16.65,19.65,2600,20.1,5200,0,145600
CANBK30JAN20225PE.NFO,07/01/2020,10:50:15,16.65,19.55,7800,20.1,7800,0,145600
CANBK30JAN20225PE.NFO,07/01/2020,10:50:20,16.65,19.65,5200,20.1,5200,0,145600
CANBK30JAN20225PE.NFO,07/01/2020,10:50:25,16.65,19.8,2600,20.25,2600,0,145600
CANBK30JAN20225PE.NFO,07/01/2020,10:50:29,16.65,19.8,2600,20.3,7800,0,145600
CANBK30JAN20225PE.NFO,07/01/2020,10:50:33,16.65,19.55,5200,20.25,2600,0,145600
CANBK30JAN20225PE.NFO,07/01/2020,10:50:41,16.65,19.55,5200,20.35,2600,0,145600
CANBK30JAN20225PE.NFO,07/01/2020,10:50:45,16.65,19.55,5200,20.25,2600,0,145600
CANBK30JAN20225PE.NFO,07/01/2020,10:50:48,16.65,19.55,5200,20.15,2600,0,145600
CANBK30JAN20225PE.NFO,07/01/2020,10:50:56,16.65,19.55,5200,20.1,7800,0,145600
CANBK30JAN20225PE.NFO,07/01/2020,10:51:03,16.65,19.55,5200,20.1,5200,0,145600
CANBK30JAN20225PE.NFO,07/01/2020,10:51:07,16.65,19.55,5200,20.25,2600,0,145600
CANBK30JAN20225PE.NFO,07/01/2020,10:51:11,16.65,19.55,5200,20.15,2600,0,145600
CANBK30JAN20225PE.NFO,07/01/2020,10:51:14,16.65,19.55,5200,20.05,2600,0,145600
CANBK30JAN20225PE.NFO,07/01/2020,10:51:21,16.65,19.55,5200,20.25,2600,0,145600
CANBK30JAN20225PE.NFO,07/01/2020,10:51:24,16.65,19.55,5200,20.15,2600,0,145600
CANBK30JAN20225PE.NFO,07/01/2020,10:51:28,16.65,19.55,5200,20.2,2600,0,145600
CANBK30JAN20225PE.NFO,07/01/2020,10:51:32,16.65,19.55,5200,20.05,2600,0,145600
CANBK30JAN20225PE.NFO,07/01/2020,10:51:42,16.65,19.55,5200,20.25,2600,0,145600
CANBK30JAN20225PE.NFO,07/01/2020,10:51:47,16.65,19.55,5200,20.15,2600,0,145600
CANBK30JAN20225PE.NFO,07/01/2020,10:51:55,16.65,19.6,2600,20.4,2600,0,145600
CANBK30JAN20225PE.NFO,07/01/2020,10:52:01,16.65,19.65,2600,20.4,2600,0,145600
CANBK30JAN20225PE.NFO,07/01/2020,10:52:05,16.65,19.65,7800,20.3,2600,0,145600
CANBK30JAN20225PE.NFO,07/01/2020,10:52:11,16.65,19.65,7800,20.2,2600,0,145600
CANBK30JAN20225PE.NFO,07/01/2020,10:52:15,16.65,19.65,7800,20.1,2600,0,145600
CANBK30JAN20225PE.NFO,07/01/2020,10:52:20,16.65,19.65,7800,20.15,5200,0,145600
CANBK30JAN20225PE.NFO,07/01/2020,10:52:25,16.65,19.65,5200,20.4,2600,0,145600
CANBK30JAN20225PE.NFO,07/01/2020,10:52:30,16.65,19.75,2600,20.3,2600,0,145600
CANBK30JAN20225PE.NFO,07/01/2020,10:52:36,16.65,19.65,7800,20.2,2600,0,145600
CANBK30JAN20225PE.NFO,07/01/2020,10:52:48,16.65,19.65,7800,20.25,2600,0,145600
CANBK30JAN20225PE.NFO,07/01/2020,10:52:52,16.65,19.65,7800,20.2,2600,0,145600
CANBK30JAN20225PE.NFO,07/01/2020,10:52:57,16.65,19.65,7800,20.4,2600,0,145600
CANBK30JAN20225PE.NFO,07/01/2020,10:53:02,16.65,20,2600,20.45,2600,0,145600
CANBK30JAN20225PE.NFO,07/01/2020,10:53:09,16.65,20.05,5200,20.45,2600,0,145600
CANBK30JAN20225PE.NFO,07/01/2020,10:53:14,16.65,20.05,5200,20.7,2600,0,145600
CANBK30JAN20225PE.NFO,07/01/2020,10:53:20,16.65,20,2600,20.6,2600,0,145600
CANBK30JAN20225PE.NFO,07/01/2020,10:53:24,16.65,20.05,5200,20.55,5200,0,145600
CANBK30JAN20225PE.NFO,07/01/2020,10:53:30,16.65,20.05,5200,20.5,2600,0,145600
CANBK30JAN20225PE.NFO,07/01/2020,10:53:35,16.65,20.05,5200,20.45,5200,0,145600
CANBK30JAN20225PE.NFO,07/01/2020,10:53:51,16.65,20.05,5200,20.4,2600,0,145600
CANBK30JAN20225PE.NFO,07/01/2020,10:53:57,16.65,20.05,5200,20.45,5200,0,145600
CANBK30JAN20225PE.NFO,07/01/2020,10:54:13,16.65,19.75,2600,20.35,2600,0,145600
CANBK30JAN20225PE.NFO,07/01/2020,10:54:24,16.65,19.75,2600,20.25,2600,0,145600
CANBK30JAN20225PE.NFO,07/01/2020,10:54:30,16.65,19.8,5200,20.3,7800,0,145600
CANBK30JAN20225PE.NFO,07/01/2020,10:54:35,16.65,19.8,5200,20.2,5200,0,145600
CANBK30JAN20225PE.NFO,07/01/2020,10:54:40,16.65,19.45,31200,20.45,2600,0,145600
CANBK30JAN20225PE.NFO,07/01/2020,10:54:45,16.65,19.65,10400,20.35,2600,0,145600
CANBK30JAN20225PE.NFO,07/01/2020,10:54:50,16.65,19.75,2600,20.25,2600,0,145600
CANBK30JAN20225PE.NFO,07/01/2020,10:54:55,16.65,19.8,5200,20.25,2600,0,145600
CANBK30JAN20225PE.NFO,07/01/2020,10:54:59,16.65,19.8,5200,20.2,5200,0,145600
CANBK30JAN20225PE.NFO,07/01/2020,10:55:04,16.65,19.8,5200,20.3,2600,0,145600
CANBK30JAN20225PE.NFO,07/01/2020,10:55:09,16.65,19.8,5200,20.5,5200,0,145600
CANBK30JAN20225PE.NFO,07/01/2020,10:55:13,16.65,19.9,7800,20.4,5200,0,145600
CANBK30JAN20225PE.NFO,07/01/2020,10:55:18,16.65,19.9,7800,20.8,5200,0,145600
CANBK30JAN20225PE.NFO,07/01/2020,10:55:22,16.65,19.9,7800,20.75,2600,0,145600
CANBK30JAN20225PE.NFO,07/01/2020,10:55:27,16.65,19.7,31200,20.65,2600,0,145600
CANBK30JAN20225PE.NFO,07/01/2020,10:55:32,16.65,19.95,2600,20.55,2600,0,145600
CANBK30JAN20225PE.NFO,07/01/2020,10:55:38,16.65,20,7800,20.5,5200,0,145600
CANBK30JAN20225PE.NFO,07/01/2020,10:55:43,16.65,20,7800,20.55,2600,0,145600
CANBK30JAN20225PE.NFO,07/01/2020,10:55:48,16.65,20,7800,20.45,2600,0,145600
CANBK30JAN20225PE.NFO,07/01/2020,10:55:58,16.65,20,7800,20.4,5200,0,145600
CANBK30JAN20225PE.NFO,07/01/2020,10:56:01,16.65,19.75,7800,20.35,2600,0,145600
CANBK30JAN20225PE.NFO,07/01/2020,10:56:05,16.65,19.8,5200,20.35,2600,0,145600
CANBK30JAN20225PE.NFO,07/01/2020,10:56:10,16.65,19.8,5200,20.25,2600,0,145600
CANBK30JAN20225PE.NFO,07/01/2020,10:56:20,16.65,19.8,5200,20.4,2600,0,145600
CANBK30JAN20225PE.NFO,07/01/2020,10:56:25,16.65,19.8,5200,20.3,2600,0,145600
CANBK30JAN20225PE.NFO,07/01/2020,10:56:30,16.65,19.8,5200,20.7,10400,0,145600
CANBK30JAN20225PE.NFO,07/01/2020,10:56:35,16.65,19.8,5200,20.65,2600,0,145600
CANBK30JAN20225PE.NFO,07/01/2020,10:56:40,16.65,19.65,13000,20.55,2600,0,145600
CANBK30JAN20225PE.NFO,07/01/2020,10:56:45,16.65,19.75,2600,20.45,2600,0,145600
CANBK30JAN20225PE.NFO,07/01/2020,10:56:48,16.65,19.8,5200,20.35,2600,0,145600
CANBK30JAN20225PE.NFO,07/01/2020,10:56:51,16.65,19.8,5200,20.25,2600,0,145600
CANBK30JAN20225PE.NFO,07/01/2020,10:57:01,16.65,19.55,10400,20.2,2600,0,145600
CANBK30JAN20225PE.NFO,07/01/2020,10:57:05,16.65,19.65,10400,20.2,2600,0,145600
CANBK30JAN20225PE.NFO,07/01/2020,10:57:08,16.65,19.8,2600,20.3,2600,0,145600
CANBK30JAN20225PE.NFO,07/01/2020,10:57:14,16.65,19.9,2600,20.35,5200,0,145600
CANBK30JAN20225PE.NFO,07/01/2020,10:57:20,16.65,20,2600,20.7,2600,0,145600
CANBK30JAN20225PE.NFO,07/01/2020,10:57:27,16.65,20.05,5200,20.6,2600,0,145600
CANBK30JAN20225PE.NFO,07/01/2020,10:57:34,16.65,19.9,2600,20.5,2600,0,145600
CANBK30JAN20225PE.NFO,07/01/2020,10:57:39,16.65,20,2600,20.45,2600,0,145600
CANBK30JAN20225PE.NFO,07/01/2020,10:57:54,16.65,20,2600,20.4,5200,0,145600
CANBK30JAN20225PE.NFO,07/01/2020,10:57:58,16.65,20,2600,20.5,2600,0,145600
CANBK30JAN20225PE.NFO,07/01/2020,10:58:02,16.65,20.05,5200,20.5,2600,0,145600
CANBK30JAN20225PE.NFO,07/01/2020,10:58:07,16.65,20.05,7800,20.5,2600,0,145600
CANBK30JAN20225PE.NFO,07/01/2020,10:58:12,16.65,20,5200,20.5,2600,0,145600
CANBK30JAN20225PE.NFO,07/01/2020,10:58:17,16.65,20,5200,20.45,5200,0,145600
CANBK30JAN20225PE.NFO,07/01/2020,10:58:21,16.65,19.8,2600,20.35,2600,0,145600
CANBK30JAN20225PE.NFO,07/01/2020,10:58:26,16.65,20,5200,20.5,5200,0,145600
CANBK30JAN20225PE.NFO,07/01/2020,10:58:32,16.65,20,5200,20.5,7800,0,145600
CANBK30JAN20225PE.NFO,07/01/2020,10:58:47,16.65,20.05,5200,20.5,5200,0,145600
CANBK30JAN20225PE.NFO,07/01/2020,10:59:02,16.65,20,5200,20.5,5200,0,145600
CANBK30JAN20225PE.NFO,07/01/2020,10:59:08,16.65,20.05,5200,20.5,5200,0,145600
CANBK30JAN20225PE.NFO,07/01/2020,10:59:14,16.65,20.15,5200,20.5,2600,0,145600
CANBK30JAN20225PE.NFO,07/01/2020,10:59:20,16.65,20.15,2600,20.5,2600,0,145600
CANBK30JAN20225PE.NFO,07/01/2020,10:59:25,16.65,20,5200,20.5,5200,0,145600
CANBK30JAN20225PE.NFO,07/01/2020,10:59:30,16.65,20.05,7800,20.5,5200,0,145600
CANBK30JAN20225PE.NFO,07/01/2020,10:59:36,16.65,20,5200,20.45,5200,0,145600
CANBK30JAN20225PE.NFO,07/01/2020,10:59:41,16.65,19.8,2600,20.4,5200,0,145600
CANBK30JAN20225PE.NFO,07/01/2020,10:59:46,16.65,19.9,5200,20.4,2600,0,145600
CANBK30JAN20225PE.NFO,07/01/2020,10:59:52,16.65,19.9,5200,20.4,5200,0,145600
CANBK30JAN20225PE.NFO,07/01/2020,10:59:57,16.65,20,5200,20.4,2600,0,145600
CANBK30JAN20225PE.NFO,07/01/2020,11:00:02,16.65,20,2600,20.4,2600,0,145600
CANBK30JAN20225PE.NFO,07/01/2020,11:00:08,16.65,20.05,2600,20.65,2600,0,145600
CANBK30JAN20225PE.NFO,07/01/2020,11:00:15,16.65,20.15,5200,20.6,7800,0,145600
CANBK30JAN20225PE.NFO,07/01/2020,11:00:27,16.65,20.25,2600,20.6,5200,0,145600
CANBK30JAN20225PE.NFO,07/01/2020,11:00:34,16.65,20.05,5200,20.6,7800,0,145600
CANBK30JAN20225PE.NFO,07/01/2020,11:00:41,16.65,20.25,2600,20.6,5200,0,145600
CANBK30JAN20225PE.NFO,07/01/2020,11:00:53,16.65,20.05,2600,20.55,5200,0,145600
CANBK30JAN20225PE.NFO,07/01/2020,11:01:00,16.65,20.3,2600,20.85,2600,0,145600
CANBK30JAN20225PE.NFO,07/01/2020,11:01:15,16.65,20.4,5200,20.8,5200,0,145600
CANBK30JAN20225PE.NFO,07/01/2020,11:01:22,16.65,20.55,2600,21.1,2600,0,145600
CANBK30JAN20225PE.NFO,07/01/2020,11:01:28,16.65,20.5,5200,21,2600,0,145600
CANBK30JAN20225PE.NFO,07/01/2020,11:01:35,16.65,20.45,2600,20.95,7800,0,145600
CANBK30JAN20225PE.NFO,07/01/2020,11:01:49,16.65,20.25,2600,20.9,2600,0,145600
CANBK30JAN20225PE.NFO,07/01/2020,11:01:57,16.65,20.25,2600,20.8,2600,0,145600
CANBK30JAN20225PE.NFO,07/01/2020,11:02:03,16.65,20.25,2600,20.7,2600,0,145600
CANBK30JAN20225PE.NFO,07/01/2020,11:02:10,16.65,19.8,18200,20.6,2600,0,145600
CANBK30JAN20225PE.NFO,07/01/2020,11:02:17,16.65,20.05,2600,20.55,7800,0,145600
CANBK30JAN20225PE.NFO,07/01/2020,11:02:29,16.65,20.3,2600,20.85,7800,0,145600
CANBK30JAN20225PE.NFO,07/01/2020,11:02:36,16.65,20.25,5200,20.75,7800,0,145600
CANBK30JAN20225PE.NFO,07/01/2020,11:03:10,16.65,20.3,2600,20.75,7800,0,145600
CANBK30JAN20225PE.NFO,07/01/2020,11:03:17,16.65,20.25,5200,20.75,7800,0,145600
CANBK30JAN20225PE.NFO,07/01/2020,11:03:56,16.65,20.25,5200,20.75,5200,0,145600
CANBK30JAN20225PE.NFO,07/01/2020,11:04:02,16.65,20.3,2600,21.05,5200,0,145600
CANBK30JAN20225PE.NFO,07/01/2020,11:04:08,16.65,20.3,2600,21,2600,0,145600
CANBK30JAN20225PE.NFO,07/01/2020,11:04:14,16.65,20.45,2600,20.95,5200,0,145600
CANBK30JAN20225PE.NFO,07/01/2020,11:04:20,16.65,20.5,5200,20.95,5200,0,145600
CANBK30JAN20225PE.NFO,07/01/2020,11:04:25,16.65,20.5,5200,20.95,7800,0,145600
CANBK30JAN20225PE.NFO,07/01/2020,11:04:31,16.65,20.5,5200,20.95,5200,0,145600
CANBK30JAN20225PE.NFO,07/01/2020,11:04:37,16.65,20.55,2600,20.95,5200,0,145600
CANBK30JAN20225PE.NFO,07/01/2020,11:04:43,16.65,20.55,5200,21.2,2600,0,145600
CANBK30JAN20225PE.NFO,07/01/2020,11:04:49,16.65,20.55,5200,21.15,7800,0,145600
CANBK30JAN20225PE.NFO,07/01/2020,11:04:55,16.65,20.6,2600,21.05,7800,0,145600
CANBK30JAN20225PE.NFO,07/01/2020,11:05:00,16.65,20.55,2600,21.05,7800,0,145600
CANBK30JAN20225PE.NFO,07/01/2020,11:05:06,16.65,20.65,2600,21.05,5200,0,145600
CANBK30JAN20225PE.NFO,07/01/2020,11:05:17,16.65,20.7,2600,21.05,5200,0,145600
CANBK30JAN20225PE.NFO,07/01/2020,11:05:23,16.65,20.55,2600,20.95,5200,0,145600
CANBK30JAN20225PE.NFO,07/01/2020,11:05:27,16.65,20.5,5200,20.95,7800,0,145600
CANBK30JAN20225PE.NFO,07/01/2020,11:05:33,16.65,20.4,5200,20.9,2600,0,145600
CANBK30JAN20225PE.NFO,07/01/2020,11:05:38,16.65,20.4,5200,20.85,7800,0,145600
CANBK30JAN20225PE.NFO,07/01/2020,11:05:43,16.65,20.3,2600,20.8,2600,0,145600
CANBK30JAN20225PE.NFO,07/01/2020,11:05:49,16.65,20.3,5200,20.75,5200,0,145600
CANBK30JAN20225PE.NFO,07/01/2020,11:05:55,16.65,20.3,5200,20.75,7800,0,145600
CANBK30JAN20225PE.NFO,07/01/2020,11:06:06,16.65,20.2,2600,20.7,2600,0,145600
CANBK30JAN20225PE.NFO,07/01/2020,11:06:14,20.25,20.25,2600,20.75,7800,2600,143000
CANBK30JAN20225PE.NFO,07/01/2020,11:06:14,20.25,20.25,2600,20.75,7800,0,143000
CANBK30JAN20225PE.NFO,07/01/2020,11:06:20,20.25,20.25,2600,20.65,5200,0,143000
CANBK30JAN20225PE.NFO,07/01/2020,11:06:26,20.25,20.15,2600,20.65,7800,0,143000
CANBK30JAN20225PE.NFO,07/01/2020,11:06:32,20.25,20.05,7800,20.55,7800,0,143000
CANBK30JAN20225PE.NFO,07/01/2020,11:06:40,20.25,20.05,7800,20.55,5200,0,143000
CANBK30JAN20225PE.NFO,07/01/2020,11:06:52,20.25,20.05,7800,20.55,7800,0,143000
CANBK30JAN20225PE.NFO,07/01/2020,11:06:57,20.25,19.8,7800,20.5,2600,0,143000
CANBK30JAN20225PE.NFO,07/01/2020,11:07:03,20.25,19.9,2600,20.5,2600,0,143000
CANBK30JAN20225PE.NFO,07/01/2020,11:07:08,20.25,20,2600,20.5,2600,0,143000
CANBK30JAN20225PE.NFO,07/01/2020,11:07:13,20.25,20.05,5200,20.5,2600,0,143000
CANBK30JAN20225PE.NFO,07/01/2020,11:07:18,20.25,20.05,5200,20.7,2600,0,143000
CANBK30JAN20225PE.NFO,07/01/2020,11:07:23,20.25,20.05,5200,20.6,2600,0,143000
CANBK30JAN20225PE.NFO,07/01/2020,11:07:28,20.25,20.05,5200,20.55,5200,0,143000
CANBK30JAN20225PE.NFO,07/01/2020,11:07:32,20.25,20.05,5200,20.55,7800,0,143000
CANBK30JAN20225PE.NFO,07/01/2020,11:07:42,20.25,20.05,7800,20.55,2600,0,143000
CANBK30JAN20225PE.NFO,07/01/2020,11:08:00,20.25,20.05,7800,20.7,7800,0,143000
CANBK30JAN20225PE.NFO,07/01/2020,11:08:04,20.25,20.15,7800,20.7,7800,0,143000
CANBK30JAN20225PE.NFO,07/01/2020,11:08:08,20.25,19.9,18200,20.55,2600,0,143000
CANBK30JAN20225PE.NFO,07/01/2020,11:08:12,20.25,20,7800,20.9,2600,0,143000
CANBK30JAN20225PE.NFO,07/01/2020,11:08:16,20.25,20.05,5200,20.8,2600,0,143000
CANBK30JAN20225PE.NFO,07/01/2020,11:08:20,20.25,20.05,5200,20.7,2600,0,143000
CANBK30JAN20225PE.NFO,07/01/2020,11:08:24,20.25,20.05,5200,20.6,2600,0,143000
CANBK30JAN20225PE.NFO,07/01/2020,11:08:29,20.25,20.05,5200,20.55,5200,0,143000
CANBK30JAN20225PE.NFO,07/01/2020,11:08:52,20.25,20.05,7800,20.55,5200,0,143000
CANBK30JAN20225PE.NFO,07/01/2020,11:08:57,20.25,20.05,7800,20.55,2600,0,143000
CANBK30JAN20225PE.NFO,07/01/2020,11:09:03,20.25,20.15,7800,20.55,2600,0,143000
CANBK30JAN20225PE.NFO,07/01/2020,11:09:07,20.25,20.15,7800,20.5,2600,0,143000
CANBK30JAN20225PE.NFO,07/01/2020,11:09:12,20.25,19.9,2600,20.45,5200,0,143000
CANBK30JAN20225PE.NFO,07/01/2020,11:09:16,20.25,19.95,2600,20.7,2600,0,143000
CANBK30JAN20225PE.NFO,07/01/2020,11:09:20,20.25,19.9,7800,20.6,2600,0,143000
CANBK30JAN20225PE.NFO,07/01/2020,11:09:25,20.25,20.05,2600,20.55,2600,0,143000
CANBK30JAN20225PE.NFO,07/01/2020,11:09:30,20.25,20.15,2600,20.8,2600,0,143000
CANBK30JAN20225PE.NFO,07/01/2020,11:09:34,20.25,20.15,2600,20.7,2600,0,143000
CANBK30JAN20225PE.NFO,07/01/2020,11:09:38,20.25,20.15,2600,20.65,2600,0,143000
CANBK30JAN20225PE.NFO,07/01/2020,11:09:42,20.25,20.25,2600,20.65,2600,0,143000
CANBK30JAN20225PE.NFO,07/01/2020,11:10:01,20.25,20.3,5200,20.95,2600,0,143000
CANBK30JAN20225PE.NFO,07/01/2020,11:10:05,20.25,20.05,28600,20.85,2600,0,143000
CANBK30JAN20225PE.NFO,07/01/2020,11:10:10,20.25,20.25,2600,20.75,2600,0,143000
CANBK30JAN20225PE.NFO,07/01/2020,11:10:15,20.25,20.25,2600,20.7,7800,0,143000
CANBK30JAN20225PE.NFO,07/01/2020,11:10:24,20.25,20.25,2600,20.7,5200,0,143000
CANBK30JAN20225PE.NFO,07/01/2020,11:10:27,20.25,20.25,2600,20.7,7800,0,143000
CANBK30JAN20225PE.NFO,07/01/2020,11:10:39,20.25,19.9,23400,20.65,2600,0,143000
CANBK30JAN20225PE.NFO,07/01/2020,11:10:43,20.25,20,7800,20.6,7800,0,143000
CANBK30JAN20225PE.NFO,07/01/2020,11:10:47,20.25,20.05,5200,20.6,7800,0,143000
CANBK30JAN20225PE.NFO,07/01/2020,11:10:57,20.25,20.15,2600,20.6,2600,0,143000
CANBK30JAN20225PE.NFO,07/01/2020,11:11:01,20.25,20.15,7800,20.6,2600,0,143000
CANBK30JAN20225PE.NFO,07/01/2020,11:11:06,20.25,20.3,7800,20.9,7800,0,143000
CANBK30JAN20225PE.NFO,07/01/2020,11:11:13,20.25,20,33800,20.75,2600,0,143000
CANBK30JAN20225PE.NFO,07/01/2020,11:11:19,20.25,20.25,5200,20.95,2600,0,143000
CANBK30JAN20225PE.NFO,07/01/2020,11:11:26,20.25,20.3,18200,20.9,2600,0,143000
CANBK30JAN20225PE.NFO,07/01/2020,11:11:33,20.25,20.4,2600,21.05,2600,0,143000
CANBK30JAN20225PE.NFO,07/01/2020,11:11:40,20.25,20.25,2600,20.95,2600,0,143000
CANBK30JAN20225PE.NFO,07/01/2020,11:11:45,20.25,20.3,7800,20.9,7800,0,143000
CANBK30JAN20225PE.NFO,07/01/2020,11:11:51,20.25,20.3,7800,20.8,5200,0,143000
CANBK30JAN20225PE.NFO,07/01/2020,11:12:03,20.25,20.4,2600,21,2600,0,143000
CANBK30JAN20225PE.NFO,07/01/2020,11:12:12,20.25,20.4,7800,20.95,7800,0,143000
CANBK30JAN20225PE.NFO,07/01/2020,11:12:18,20.25,20.4,7800,20.95,5200,0,143000
CANBK30JAN20225PE.NFO,07/01/2020,11:12:25,20.25,20.4,7800,20.9,5200,0,143000
CANBK30JAN20225PE.NFO,07/01/2020,11:12:32,20.25,20.25,7800,20.8,7800,0,143000
CANBK30JAN20225PE.NFO,07/01/2020,11:12:39,20.25,20.05,33800,20.75,2600,0,143000
CANBK30JAN20225PE.NFO,07/01/2020,11:12:44,20.25,20.25,2600,20.8,5200,0,143000
CANBK30JAN20225PE.NFO,07/01/2020,11:12:49,20.25,20.3,5200,20.8,2600,0,143000
CANBK30JAN20225PE.NFO,07/01/2020,11:12:53,20.25,20.3,5200,20.8,5200,0,143000
CANBK30JAN20225PE.NFO,07/01/2020,11:12:58,20.25,20.3,5200,21,2600,0,143000
CANBK30JAN20225PE.NFO,07/01/2020,11:13:03,20.25,20.4,2600,20.95,7800,0,143000
CANBK30JAN20225PE.NFO,07/01/2020,11:13:08,20.25,20.3,7800,20.9,5200,0,143000
CANBK30JAN20225PE.NFO,07/01/2020,11:13:14,20.25,20.35,2600,20.9,2600,0,143000
CANBK30JAN20225PE.NFO,07/01/2020,11:13:20,20.25,20.3,7800,20.9,5200,0,143000
CANBK30JAN20225PE.NFO,07/01/2020,11:13:26,20.25,20.4,2600,20.9,5200,0,143000
CANBK30JAN20225PE.NFO,07/01/2020,11:13:32,20.25,20.5,2600,21.15,7800,0,143000
CANBK30JAN20225PE.NFO,07/01/2020,11:13:38,20.25,20.4,7800,21,2600,0,143000
CANBK30JAN20225PE.NFO,07/01/2020,11:13:44,20.25,20.4,7800,20.9,2600,0,143000
CANBK30JAN20225PE.NFO,07/01/2020,11:13:50,20.25,20.3,2600,20.85,5200,0,143000
CANBK30JAN20225PE.NFO,07/01/2020,11:13:56,20.25,20.4,2600,20.85,5200,0,143000
CANBK30JAN20225PE.NFO,07/01/2020,11:14:01,20.25,20.4,2600,20.8,2600,0,143000
CANBK30JAN20225PE.NFO,07/01/2020,11:14:07,20.25,20.4,2600,21.05,5200,0,143000
CANBK30JAN20225PE.NFO,07/01/2020,11:14:12,20.25,20.4,2600,20.9,2600,0,143000
CANBK30JAN20225PE.NFO,07/01/2020,11:14:19,20.25,20.4,2600,20.85,5200,0,143000
CANBK30JAN20225PE.NFO,07/01/2020,11:14:30,20.25,20.05,10400,20.8,2600,0,143000
CANBK30JAN20225PE.NFO,07/01/2020,11:14:40,20.25,20.05,10400,20.7,2600,0,143000
CANBK30JAN20225PE.NFO,07/01/2020,11:14:44,20.25,20.1,5200,20.75,5200,0,143000
CANBK30JAN20225PE.NFO,07/01/2020,11:14:49,20.25,20.3,7800,20.75,5200,0,143000
CANBK30JAN20225PE.NFO,07/01/2020,11:14:59,20.25,20.05,7800,20.75,5200,0,143000
CANBK30JAN20225PE.NFO,07/01/2020,11:15:06,20.25,20.25,7800,21,2600,0,143000
CANBK30JAN20225PE.NFO,07/01/2020,11:15:12,20.25,20.3,7800,20.9,2600,0,143000
CANBK30JAN20225PE.NFO,07/01/2020,11:15:18,20.25,20.35,2600,20.9,2600,0,143000
CANBK30JAN20225PE.NFO,07/01/2020,11:15:23,20.25,20.4,7800,20.85,5200,0,143000
CANBK30JAN20225PE.NFO,07/01/2020,11:15:28,20.25,20.4,7800,20.9,2600,0,143000
CANBK30JAN20225PE.NFO,07/01/2020,11:15:33,20.25,20.5,2600,20.95,2600,0,143000
CANBK30JAN20225PE.NFO,07/01/2020,11:15:37,20.25,20.4,7800,21,5200,0,143000
CANBK30JAN20225PE.NFO,07/01/2020,11:15:41,20.25,20.4,7800,20.95,2600,0,143000
CANBK30JAN20225PE.NFO,07/01/2020,11:15:51,20.25,20.4,7800,20.9,5200,0,143000
CANBK30JAN20225PE.NFO,07/01/2020,11:16:02,20.25,20.55,2600,20.9,2600,0,143000
CANBK30JAN20225PE.NFO,07/01/2020,11:16:09,20.25,20.6,5200,21,2600,0,143000
CANBK30JAN20225PE.NFO,07/01/2020,11:16:15,20.25,20.65,2600,21.2,7800,0,143000
CANBK30JAN20225PE.NFO,07/01/2020,11:16:21,20.25,20.5,2600,21.05,2600,0,143000
CANBK30JAN20225PE.NFO,07/01/2020,11:16:28,20.25,20.2,36400,21.05,2600,0,143000
CANBK30JAN20225PE.NFO,07/01/2020,11:16:33,20.25,20.4,2600,20.95,2600,0,143000
CANBK30JAN20225PE.NFO,07/01/2020,11:16:37,20.25,20.5,2600,21,7800,0,143000
CANBK30JAN20225PE.NFO,07/01/2020,11:16:47,20.25,20.05,31200,21,7800,0,143000
CANBK30JAN20225PE.NFO,07/01/2020,11:16:52,20.25,20.1,31200,20.95,2600,0,143000
CANBK30JAN20225PE.NFO,07/01/2020,11:16:59,20.25,20.4,2600,20.9,7800,0,143000
CANBK30JAN20225PE.NFO,07/01/2020,11:17:04,20.25,20.5,2600,21.1,2600,0,143000
CANBK30JAN20225PE.NFO,07/01/2020,11:17:09,20.25,20.5,2600,21,2600,0,143000
CANBK30JAN20225PE.NFO,07/01/2020,11:17:13,20.25,20.5,2600,20.95,7800,0,143000
CANBK30JAN20225PE.NFO,07/01/2020,11:17:39,20.25,20.3,5200,20.8,2600,0,143000
CANBK30JAN20225PE.NFO,07/01/2020,11:17:44,20.25,20.3,5200,20.85,7800,0,143000
CANBK30JAN20225PE.NFO,07/01/2020,11:18:04,20.25,20.3,5200,20.8,2600,0,143000
CANBK30JAN20225PE.NFO,07/01/2020,11:18:10,20.25,20.3,7800,20.75,5200,0,143000
CANBK30JAN20225PE.NFO,07/01/2020,11:18:18,20.25,20.05,26000,20.7,2600,0,143000
CANBK30JAN20225PE.NFO,07/01/2020,11:18:23,20.25,20.15,2600,20.65,5200,0,143000
CANBK30JAN20225PE.NFO,07/01/2020,11:18:28,20.25,20.25,2600,20.65,2600,0,143000
CANBK30JAN20225PE.NFO,07/01/2020,11:18:37,20.25,19.9,33800,20.55,2600,0,143000
CANBK30JAN20225PE.NFO,07/01/2020,11:18:44,20.25,20.15,2600,20.55,2600,0,143000
CANBK30JAN20225PE.NFO,07/01/2020,11:18:50,20.25,20.15,2600,20.5,2600,0,143000
CANBK30JAN20225PE.NFO,07/01/2020,11:18:55,20.25,20.15,2600,20.45,2600,0,143000
CANBK30JAN20225PE.NFO,07/01/2020,11:19:01,20.25,19.8,15600,20.4,5200,0,143000
CANBK30JAN20225PE.NFO,07/01/2020,11:19:07,20.25,19.9,2600,20.4,5200,0,143000
CANBK30JAN20225PE.NFO,07/01/2020,11:19:19,20.25,20,5200,20.7,2600,2600,143000
CANBK30JAN20225PE.NFO,07/01/2020,11:19:28,20.25,19.7,20800,20.55,2600,0,143000
CANBK30JAN20225PE.NFO,07/01/2020,11:19:36,20.25,19.9,2600,20.5,2600,0,143000
CANBK30JAN20225PE.NFO,07/01/2020,11:19:42,20.25,20,2600,20.45,2600,0,143000
CANBK30JAN20225PE.NFO,07/01/2020,11:19:54,20.25,19.8,13000,20.4,2600,0,143000
CANBK30JAN20225PE.NFO,07/01/2020,11:19:58,20.25,19.9,2600,20.45,5200,0,143000
CANBK30JAN20225PE.NFO,07/01/2020,11:20:02,20.25,20,2600,20.4,2600,0,143000
CANBK30JAN20225PE.NFO,07/01/2020,11:20:08,20.25,19.8,10400,20.4,2600,0,143000
CANBK30JAN20225PE.NFO,07/01/2020,11:20:13,20.25,19.9,2600,20.4,7800,0,143000
CANBK30JAN20225PE.NFO,07/01/2020,11:20:18,20.25,19.75,15600,20.35,5200,0,143000
CANBK30JAN20225PE.NFO,07/01/2020,11:20:23,20.25,19.9,2600,20.35,2600,0,143000
CANBK30JAN20225PE.NFO,07/01/2020,11:20:27,20.25,19.9,7800,20.35,2600,0,143000
CANBK30JAN20225PE.NFO,07/01/2020,11:20:33,20.25,19.9,7800,20.45,2600,0,143000
CANBK30JAN20225PE.NFO,07/01/2020,11:20:37,20.25,19.9,7800,20.35,5200,0,143000
CANBK30JAN20225PE.NFO,07/01/2020,11:20:42,20.25,19.9,7800,20.35,2600,0,143000
CANBK30JAN20225PE.NFO,07/01/2020,11:20:48,20.25,19.9,7800,20.4,5200,0,143000
CANBK30JAN20225PE.NFO,07/01/2020,11:21:00,20.25,19.9,7800,20.4,2600,0,143000
CANBK30JAN20225PE.NFO,07/01/2020,11:21:05,20.25,19.9,7800,20.35,2600,0,143000
CANBK30JAN20225PE.NFO,07/01/2020,11:21:26,20.25,19.9,7800,20.5,10400,0,143000
CANBK30JAN20225PE.NFO,07/01/2020,11:21:32,20.25,19.9,7800,20.5,5200,0,143000
CANBK30JAN20225PE.NFO,07/01/2020,11:21:37,20.25,20,2600,20.45,5200,0,143000
CANBK30JAN20225PE.NFO,07/01/2020,11:21:43,20.25,19.9,7800,20.45,5200,0,143000
CANBK30JAN20225PE.NFO,07/01/2020,11:21:48,20.25,19.9,7800,20.4,2600,0,143000
CANBK30JAN20225PE.NFO,07/01/2020,11:21:55,20.25,19.95,2600,20.4,5200,0,143000
CANBK30JAN20225PE.NFO,07/01/2020,11:21:59,20.25,19.9,7800,20.4,5200,0,143000
CANBK30JAN20225PE.NFO,07/01/2020,11:22:03,20.25,19.9,7800,20.3,2600,0,143000
CANBK30JAN20225PE.NFO,07/01/2020,11:22:07,20.25,19.9,7800,20.4,5200,0,143000
CANBK30JAN20225PE.NFO,07/01/2020,11:22:15,20.25,19.65,39000,20.4,2600,0,143000
CANBK30JAN20225PE.NFO,07/01/2020,11:22:20,20.25,19.8,2600,20.3,5200,0,143000
CANBK30JAN20225PE.NFO,07/01/2020,11:22:24,20.25,19.9,2600,20.25,2600,0,143000
CANBK30JAN20225PE.NFO,07/01/2020,11:22:48,20.25,20,2600,20.25,2600,0,143000
CANBK30JAN20225PE.NFO,07/01/2020,11:22:52,20.25,19.8,2600,20.25,5200,0,143000
CANBK30JAN20225PE.NFO,07/01/2020,11:22:57,20.25,19.75,7800,20.25,5200,0,143000
CANBK30JAN20225PE.NFO,07/01/2020,11:23:01,20.25,19.75,7800,20.4,2600,0,143000
CANBK30JAN20225PE.NFO,07/01/2020,11:23:06,20.25,19.75,7800,20.25,5200,0,143000
CANBK30JAN20225PE.NFO,07/01/2020,11:23:11,20.25,19.75,5200,20.25,5200,0,143000
CANBK30JAN20225PE.NFO,07/01/2020,11:23:16,20.25,19.75,5200,20.35,2600,0,143000
CANBK30JAN20225PE.NFO,07/01/2020,11:23:21,20.25,19.85,5200,20.3,5200,0,143000
CANBK30JAN20225PE.NFO,07/01/2020,11:23:37,20.25,19.85,5200,20.3,2600,0,143000
CANBK30JAN20225PE.NFO,07/01/2020,11:23:46,20.25,19.85,5200,20.25,2600,0,143000
CANBK30JAN20225PE.NFO,07/01/2020,11:24:01,20.25,19.65,5200,20.15,2600,0,143000
CANBK30JAN20225PE.NFO,07/01/2020,11:24:07,20.25,19.65,5200,20.1,2600,0,143000
CANBK30JAN20225PE.NFO,07/01/2020,11:24:18,20.25,19.7,2600,20.25,2600,0,143000
CANBK30JAN20225PE.NFO,07/01/2020,11:24:22,20.25,19.7,2600,20.3,2600,0,143000
CANBK30JAN20225PE.NFO,07/01/2020,11:24:27,20.25,19.75,5200,20.25,5200,0,143000
CANBK30JAN20225PE.NFO,07/01/2020,11:24:32,20.25,19.85,5200,20.25,2600,0,143000
CANBK30JAN20225PE.NFO,07/01/2020,11:24:36,20.25,19.85,5200,20.2,2600,0,143000
CANBK30JAN20225PE.NFO,07/01/2020,11:24:41,20.25,19.65,2600,20.2,5200,0,143000
CANBK30JAN20225PE.NFO,07/01/2020,11:24:45,20.25,19.7,5200,20.15,5200,0,143000
CANBK30JAN20225PE.NFO,07/01/2020,11:24:53,20.25,19.55,5200,20.35,2600,0,143000
CANBK30JAN20225PE.NFO,07/01/2020,11:24:57,20.25,19.65,2600,20.2,5200,0,143000
CANBK30JAN20225PE.NFO,07/01/2020,11:25:02,20.25,19.7,5200,20.2,2600,0,143000
CANBK30JAN20225PE.NFO,07/01/2020,11:25:07,20.25,19.75,2600,20.25,5200,0,143000
CANBK30JAN20225PE.NFO,07/01/2020,11:25:12,20.25,19.7,5200,20.2,2600,0,143000
CANBK30JAN20225PE.NFO,07/01/2020,11:25:20,20.25,19.8,5200,20.25,2600,0,143000
CANBK30JAN20225PE.NFO,07/01/2020,11:25:25,20.25,19.9,5200,20.4,2600,0,143000
CANBK30JAN20225PE.NFO,07/01/2020,11:25:30,20.25,19.75,10400,20.45,2600,0,143000
CANBK30JAN20225PE.NFO,07/01/2020,11:25:35,20.25,19.85,5200,20.4,5200,0,143000
CANBK30JAN20225PE.NFO,07/01/2020,11:25:39,20.25,19.85,5200,20.35,5200,0,143000
CANBK30JAN20225PE.NFO,07/01/2020,11:25:43,20.25,19.85,5200,20.3,7800,0,143000
CANBK30JAN20225PE.NFO,07/01/2020,11:25:48,20.25,19.85,5200,20.3,5200,0,143000
CANBK30JAN20225PE.NFO,07/01/2020,11:25:52,20.25,19.85,5200,20.35,2600,0,143000
CANBK30JAN20225PE.NFO,07/01/2020,11:25:56,20.25,19.95,5200,20.4,2600,0,143000
CANBK30JAN20225PE.NFO,07/01/2020,11:26:00,20.25,19.75,10400,20.4,2600,0,143000
CANBK30JAN20225PE.NFO,07/01/2020,11:26:07,20.25,19.8,5200,20.3,2600,0,143000
CANBK30JAN20225PE.NFO,07/01/2020,11:26:19,20.25,19.8,5200,20.25,2600,0,143000
CANBK30JAN20225PE.NFO,07/01/2020,11:26:28,20.25,19.8,5200,20.3,2600,0,143000
CANBK30JAN20225PE.NFO,07/01/2020,11:26:33,20.25,19.65,5200,20.25,2600,0,143000
CANBK30JAN20225PE.NFO,07/01/2020,11:26:38,20.25,19.65,5200,20.15,5200,0,143000
CANBK30JAN20225PE.NFO,07/01/2020,11:26:42,20.25,19.8,2600,20.3,2600,0,143000
CANBK30JAN20225PE.NFO,07/01/2020,11:26:47,20.25,19.85,5200,20.3,2600,0,143000
CANBK30JAN20225PE.NFO,07/01/2020,11:26:50,20.25,19.85,5200,20.35,2600,0,143000
CANBK30JAN20225PE.NFO,07/01/2020,11:26:54,20.25,19.85,5200,20.35,5200,0,143000
CANBK30JAN20225PE.NFO,07/01/2020,11:26:57,20.25,19.6,20800,20.25,2600,0,143000
CANBK30JAN20225PE.NFO,07/01/2020,11:27:01,20.25,19.7,2600,20.2,2600,0,143000
CANBK30JAN20225PE.NFO,07/01/2020,11:27:04,20.25,19.65,5200,20.2,5200,0,143000
CANBK30JAN20225PE.NFO,07/01/2020,11:27:07,20.25,19.75,5200,20.2,5200,0,143000
CANBK30JAN20225PE.NFO,07/01/2020,11:27:10,20.25,19.75,5200,20.1,2600,0,143000
CANBK30JAN20225PE.NFO,07/01/2020,11:27:13,20.25,19.75,5200,20.25,2600,0,143000
CANBK30JAN20225PE.NFO,07/01/2020,11:27:16,20.25,19.75,5200,20.2,2600,0,143000
CANBK30JAN20225PE.NFO,07/01/2020,11:27:29,20.25,19.8,2600,20.2,2600,0,143000
CANBK30JAN20225PE.NFO,07/01/2020,11:27:32,20.25,19.85,5200,20.2,2600,0,143000
CANBK30JAN20225PE.NFO,07/01/2020,11:27:35,20.25,19.8,2600,20.2,2600,0,143000
CANBK30JAN20225PE.NFO,07/01/2020,11:27:45,20.25,19.8,2600,20.15,5200,0,143000
CANBK30JAN20225PE.NFO,07/01/2020,11:27:48,20.25,19.8,2600,20.1,2600,0,143000
CANBK30JAN20225PE.NFO,07/01/2020,11:28:03,20.25,19.8,2600,20.25,5200,0,143000
CANBK30JAN20225PE.NFO,07/01/2020,11:28:05,20.25,19.8,2600,20.1,5200,0,143000
CANBK30JAN20225PE.NFO,07/01/2020,11:28:13,20.25,19.8,2600,20.1,2600,0,143000
CANBK30JAN20225PE.NFO,07/01/2020,11:28:19,20.25,19.8,2600,20.25,2600,0,143000
CANBK30JAN20225PE.NFO,07/01/2020,11:28:23,20.25,19.8,2600,20.25,5200,0,143000
CANBK30JAN20225PE.NFO,07/01/2020,11:28:26,20.25,19.8,2600,20.2,7800,0,143000
CANBK30JAN20225PE.NFO,07/01/2020,11:28:29,20.25,19.8,2600,20.15,2600,0,143000
CANBK30JAN20225PE.NFO,07/01/2020,11:28:32,20.25,19.8,2600,20.1,5200,0,143000
CANBK30JAN20225PE.NFO,07/01/2020,11:28:55,20.25,19.85,5200,20.35,5200,0,143000
CANBK30JAN20225PE.NFO,07/01/2020,11:28:59,20.25,19.55,31200,20.25,2600,0,143000
CANBK30JAN20225PE.NFO,07/01/2020,11:29:02,20.25,19.65,2600,20.2,2600,0,143000
CANBK30JAN20225PE.NFO,07/01/2020,11:29:04,20.25,19.7,5200,20.2,2600,0,143000
CANBK30JAN20225PE.NFO,07/01/2020,11:29:07,20.25,19.7,5200,20.25,5200,0,143000
CANBK30JAN20225PE.NFO,07/01/2020,11:29:11,20.25,19.7,5200,20.2,2600,0,143000
CANBK30JAN20225PE.NFO,07/01/2020,11:29:18,20.25,19.75,2600,20.2,2600,0,143000
CANBK30JAN20225PE.NFO,07/01/2020,11:29:21,20.25,19.8,5200,20.25,5200,0,143000
CANBK30JAN20225PE.NFO,07/01/2020,11:29:28,20.25,19.8,5200,20.2,5200,0,143000
CANBK30JAN20225PE.NFO,07/01/2020,11:29:36,20.25,19.8,5200,20.15,2600,0,143000
CANBK30JAN20225PE.NFO,07/01/2020,11:29:47,20.25,19.75,2600,20.15,5200,0,143000
CANBK30JAN20225PE.NFO,07/01/2020,11:29:55,20.25,19.8,5200,20.15,2600,0,143000
CANBK30JAN20225PE.NFO,07/01/2020,11:30:13,20.25,19.85,2600,20.2,5200,0,143000
CANBK30JAN20225PE.NFO,07/01/2020,11:30:25,20.25,19.85,2600,20.1,2600,0,143000
CANBK30JAN20225PE.NFO,07/01/2020,11:30:28,20.25,19.85,2600,20.2,5200,0,143000
CANBK30JAN20225PE.NFO,07/01/2020,11:30:30,20.25,19.85,2600,20.15,2600,0,143000
CANBK30JAN20225PE.NFO,07/01/2020,11:31:13,20.25,19.85,2600,20.2,5200,0,143000
CANBK30JAN20225PE.NFO,07/01/2020,11:31:22,20.25,19.85,2600,20.1,5200,0,143000
CANBK30JAN20225PE.NFO,07/01/2020,11:31:33,20.25,19.85,2600,20.35,7800,0,143000
CANBK30JAN20225PE.NFO,07/01/2020,11:31:36,20.25,19.85,2600,20.35,10400,0,143000
CANBK30JAN20225PE.NFO,07/01/2020,11:31:52,20.25,19.85,2600,20.25,5200,0,143000
CANBK30JAN20225PE.NFO,07/01/2020,11:31:58,20.25,19.85,2600,20.05,2600,0,143000
CANBK30JAN20225PE.NFO,07/01/2020,11:32:03,19.85,19.5,5200,20,5200,2600,145600
CANBK30JAN20225PE.NFO,07/01/2020,11:32:09,19.85,19.5,5200,20.05,5200,0,145600
CANBK30JAN20225PE.NFO,07/01/2020,11:32:14,19.85,19.5,5200,20,5200,0,145600
CANBK30JAN20225PE.NFO,07/01/2020,11:32:18,19.85,19.5,5200,19.95,5200,0,145600
CANBK30JAN20225PE.NFO,07/01/2020,11:32:22,19.85,19.5,5200,19.95,2600,0,145600
CANBK30JAN20225PE.NFO,07/01/2020,11:32:26,19.85,19.5,5200,19.95,5200,0,145600
CANBK30JAN20225PE.NFO,07/01/2020,11:32:46,19.85,19.5,5200,19.9,2600,0,145600
CANBK30JAN20225PE.NFO,07/01/2020,11:32:49,19.85,19.4,2600,19.9,2600,0,145600
CANBK30JAN20225PE.NFO,07/01/2020,11:32:52,19.85,19.35,5200,19.9,2600,0,145600
CANBK30JAN20225PE.NFO,07/01/2020,11:32:55,19.85,19.35,5200,19.95,5200,0,145600
CANBK30JAN20225PE.NFO,07/01/2020,11:32:59,19.85,19.45,5200,19.9,2600,0,145600
CANBK30JAN20225PE.NFO,07/01/2020,11:33:10,19.85,19.45,5200,19.95,5200,0,145600
CANBK30JAN20225PE.NFO,07/01/2020,11:33:17,19.85,19.45,5200,19.9,2600,0,145600
CANBK30JAN20225PE.NFO,07/01/2020,11:33:24,19.85,19.5,2600,19.95,5200,0,145600
CANBK30JAN20225PE.NFO,07/01/2020,11:33:27,19.85,19.45,5200,19.95,5200,0,145600
CANBK30JAN20225PE.NFO,07/01/2020,11:33:36,19.85,19.45,5200,19.9,5200,0,145600
CANBK30JAN20225PE.NFO,07/01/2020,11:33:47,19.85,19.45,5200,19.9,2600,0,145600
CANBK30JAN20225PE.NFO,07/01/2020,11:33:51,19.85,19.45,5200,19.9,7800,0,145600
CANBK30JAN20225PE.NFO,07/01/2020,11:33:55,19.85,19.1,18200,19.95,2600,0,145600
CANBK30JAN20225PE.NFO,07/01/2020,11:34:01,19.85,19.2,13000,19.85,2600,0,145600
CANBK30JAN20225PE.NFO,07/01/2020,11:34:06,19.85,19.25,5200,19.85,2600,0,145600
CANBK30JAN20225PE.NFO,07/01/2020,11:34:13,19.85,18.95,15600,19.75,2600,0,145600
CANBK30JAN20225PE.NFO,07/01/2020,11:34:20,19.85,19.2,2600,19.75,2600,0,145600
CANBK30JAN20225PE.NFO,07/01/2020,11:34:26,19.85,19,5200,19.7,2600,0,145600
CANBK30JAN20225PE.NFO,07/01/2020,11:34:32,19.85,19.1,2600,19.6,2600,0,145600
CANBK30JAN20225PE.NFO,07/01/2020,11:34:38,19.85,19.2,2600,19.65,2600,0,145600
CANBK30JAN20225PE.NFO,07/01/2020,11:34:44,19.85,19.25,5200,19.7,5200,0,145600
CANBK30JAN20225PE.NFO,07/01/2020,11:34:49,19.85,18.95,13000,19.7,2600,0,145600
CANBK30JAN20225PE.NFO,07/01/2020,11:34:54,19.85,19.15,2600,19.7,2600,0,145600
CANBK30JAN20225PE.NFO,07/01/2020,11:35:00,19.85,19.2,5200,19.65,5200,0,145600
CANBK30JAN20225PE.NFO,07/01/2020,11:35:16,19.85,18.85,20800,19.8,2600,0,145600
CANBK30JAN20225PE.NFO,07/01/2020,11:35:22,19.85,19.15,2600,19.6,5200,0,145600
CANBK30JAN20225PE.NFO,07/01/2020,11:35:27,19.85,18.9,18200,19.6,2600,0,145600
CANBK30JAN20225PE.NFO,07/01/2020,11:35:32,19.85,19,5200,19.55,2600,0,145600
CANBK30JAN20225PE.NFO,07/01/2020,11:35:38,19.85,18.8,18200,19.45,2600,0,145600
CANBK30JAN20225PE.NFO,07/01/2020,11:35:43,19.85,19,2600,19.55,5200,0,145600
CANBK30JAN20225PE.NFO,07/01/2020,11:35:48,19.85,19.05,5200,19.5,7800,0,145600
CANBK30JAN20225PE.NFO,07/01/2020,11:35:57,19.85,19.05,5200,19.45,5200,0,145600
CANBK30JAN20225PE.NFO,07/01/2020,11:36:16,19.85,18.8,13000,19.35,2600,0,145600
CANBK30JAN20225PE.NFO,07/01/2020,11:36:20,19.85,18.9,2600,19.5,2600,0,145600
CANBK30JAN20225PE.NFO,07/01/2020,11:36:25,19.85,18.95,5200,19.4,2600,0,145600
CANBK30JAN20225PE.NFO,07/01/2020,11:36:30,19.85,19,2600,19.5,5200,0,145600
CANBK30JAN20225PE.NFO,07/01/2020,11:36:35,19.85,19.05,5200,19.5,2600,0,145600
CANBK30JAN20225PE.NFO,07/01/2020,11:36:39,19.85,19.05,5200,19.5,5200,0,145600
CANBK30JAN20225PE.NFO,07/01/2020,11:36:44,19.85,19.05,5200,19.5,2600,0,145600
CANBK30JAN20225PE.NFO,07/01/2020,11:36:50,19.85,19.05,5200,19.55,5200,0,145600
CANBK30JAN20225PE.NFO,07/01/2020,11:36:57,19.85,19.15,2600,19.6,5200,0,145600
CANBK30JAN20225PE.NFO,07/01/2020,11:37:02,19.85,18.8,44200,19.55,5200,0,145600
CANBK30JAN20225PE.NFO,07/01/2020,11:37:07,19.85,19.05,5200,19.5,2600,0,145600
CANBK30JAN20225PE.NFO,07/01/2020,11:37:11,19.85,19.1,5200,19.45,5200,0,145600
CANBK30JAN20225PE.NFO,07/01/2020,11:37:15,19.85,19.1,5200,19.5,2600,0,145600
CANBK30JAN20225PE.NFO,07/01/2020,11:37:19,19.85,18.95,5200,19.5,2600,0,145600
CANBK30JAN20225PE.NFO,07/01/2020,11:37:24,19.85,18.75,28600,19.4,2600,0,145600
CANBK30JAN20225PE.NFO,07/01/2020,11:37:29,19.85,18.8,5200,19.25,5200,0,145600
CANBK30JAN20225PE.NFO,07/01/2020,11:37:33,19.85,18.8,5200,19.35,5200,0,145600
CANBK30JAN20225PE.NFO,07/01/2020,11:37:39,19.85,18.8,5200,19.25,5200,0,145600
CANBK30JAN20225PE.NFO,07/01/2020,11:37:44,19.85,18.8,5200,19.25,2600,0,145600
CANBK30JAN20225PE.NFO,07/01/2020,11:37:49,19.85,18.8,5200,19.25,5200,0,145600
CANBK30JAN20225PE.NFO,07/01/2020,11:37:53,19.85,18.8,5200,19.25,2600,0,145600
CANBK30JAN20225PE.NFO,07/01/2020,11:37:58,19.85,18.8,5200,19.3,2600,0,145600
CANBK30JAN20225PE.NFO,07/01/2020,11:38:02,19.85,18.8,5200,19.3,5200,0,145600
CANBK30JAN20225PE.NFO,07/01/2020,11:38:05,19.85,18.8,5200,19.25,5200,0,145600
CANBK30JAN20225PE.NFO,07/01/2020,11:38:13,19.85,18.8,5200,19.2,5200,0,145600
CANBK30JAN20225PE.NFO,07/01/2020,11:38:20,19.85,18.8,5200,19.25,2600,0,145600
CANBK30JAN20225PE.NFO,07/01/2020,11:38:24,19.85,18.8,5200,19.25,5200,0,145600
CANBK30JAN20225PE.NFO,07/01/2020,11:38:28,19.85,18.85,2600,19.3,5200,0,145600
CANBK30JAN20225PE.NFO,07/01/2020,11:38:31,19.85,18.9,5200,19.3,2600,0,145600
CANBK30JAN20225PE.NFO,07/01/2020,11:38:35,19.85,18.9,5200,19.35,2600,0,145600
CANBK30JAN20225PE.NFO,07/01/2020,11:38:41,19.85,18.9,5200,19.4,2600,0,145600
CANBK30JAN20225PE.NFO,07/01/2020,11:38:50,19.85,18.75,10400,19.4,2600,0,145600
CANBK30JAN20225PE.NFO,07/01/2020,11:38:54,19.85,18.9,2600,19.45,7800,0,145600
CANBK30JAN20225PE.NFO,07/01/2020,11:38:58,19.85,18.95,5200,19.45,7800,0,145600
CANBK30JAN20225PE.NFO,07/01/2020,11:39:02,19.85,18.95,5200,19.45,5200,0,145600
CANBK30JAN20225PE.NFO,07/01/2020,11:39:05,19.85,18.7,28600,19.35,2600,0,145600
CANBK30JAN20225PE.NFO,07/01/2020,11:39:09,19.85,18.7,7800,19.2,5200,0,145600
CANBK30JAN20225PE.NFO,07/01/2020,11:39:12,19.85,18.75,5200,19.25,2600,0,145600
CANBK30JAN20225PE.NFO,07/01/2020,11:39:15,19.85,18.85,2600,19.3,2600,0,145600
CANBK30JAN20225PE.NFO,07/01/2020,11:39:19,19.85,18.9,5200,19.3,5200,0,145600
CANBK30JAN20225PE.NFO,07/01/2020,11:39:22,19.85,18.95,2600,19.4,2600,0,145600
CANBK30JAN20225PE.NFO,07/01/2020,11:39:26,19.85,18.9,5200,19.4,2600,0,145600
CANBK30JAN20225PE.NFO,07/01/2020,11:39:30,19.85,19.05,2600,19.55,2600,0,145600
