Ticker,Date,Time,LTP,BuyPrice,BuyQty,SellPrice,SellQty,LTQ,OpenInterest
CASTROLIND30JAN20125CE.NFO,07/01/2020,09:15:02,8.65,0,0,0,0,4100,8200
CASTROLIND30JAN20125CE.NFO,07/01/2020,09:15:02,8.65,0,0,0,0,0,8200
CASTROLIND30JAN20125CE.NFO,07/01/2020,09:15:02,8.65,0,0,0,0,0,8200
CASTROLIND30JAN20125CE.NFO,07/01/2020,09:15:02,8.65,0,0,0,0,0,8200
CASTROLIND30JAN20125CE.NFO,07/01/2020,09:15:09,8.65,3.8,8200,6.85,8200,0,8200
CASTROLIND30JAN20125CE.NFO,07/01/2020,09:15:20,8.65,3.75,8200,6.8,8200,0,8200
CASTROLIND30JAN20125CE.NFO,07/01/2020,09:15:31,8.65,4.85,8200,8.1,20500,0,8200
CASTROLIND30JAN20125CE.NFO,07/01/2020,09:15:43,8.65,4.85,8200,7.6,28700,0,8200
CASTROLIND30JAN20125CE.NFO,07/01/2020,09:15:56,8.65,4.85,8200,7.2,12300,0,8200
CASTROLIND30JAN20125CE.NFO,07/01/2020,09:16:07,8.65,4.85,8200,6.9,4100,0,8200
CASTROLIND30JAN20125CE.NFO,07/01/2020,09:16:17,8.65,4.85,8200,6.65,4100,0,8200
CASTROLIND30JAN20125CE.NFO,07/01/2020,09:16:26,8.65,4.85,8200,6.5,4100,0,8200
CASTROLIND30JAN20125CE.NFO,07/01/2020,09:16:36,8.65,4.9,4100,6.75,12300,0,8200
CASTROLIND30JAN20125CE.NFO,07/01/2020,09:16:45,8.65,4.95,4100,7.6,24600,0,8200
CASTROLIND30JAN20125CE.NFO,07/01/2020,09:16:54,8.65,5,4100,7.2,36900,0,8200
CASTROLIND30JAN20125CE.NFO,07/01/2020,09:17:03,8.65,5,4100,7.7,4100,0,8200
CASTROLIND30JAN20125CE.NFO,07/01/2020,09:17:10,8.65,5.05,4100,7.7,4100,0,8200
CASTROLIND30JAN20125CE.NFO,07/01/2020,09:17:19,8.65,4.85,8200,7.6,4100,0,8200
CASTROLIND30JAN20125CE.NFO,07/01/2020,09:17:36,8.65,4.75,16400,7.5,4100,0,8200
CASTROLIND30JAN20125CE.NFO,07/01/2020,09:17:54,8.65,4.75,16400,7.4,4100,0,8200
CASTROLIND30JAN20125CE.NFO,07/01/2020,09:18:10,8.65,4.75,16400,7.35,4100,0,8200
CASTROLIND30JAN20125CE.NFO,07/01/2020,09:18:17,8.65,4.75,24600,7.35,4100,0,8200
CASTROLIND30JAN20125CE.NFO,07/01/2020,09:18:26,8.65,4.75,8200,7.3,4100,0,8200
CASTROLIND30JAN20125CE.NFO,07/01/2020,09:18:41,8.65,4.55,16400,7.2,4100,0,8200
CASTROLIND30JAN20125CE.NFO,07/01/2020,09:18:48,8.65,4.55,16400,7.25,4100,0,8200
CASTROLIND30JAN20125CE.NFO,07/01/2020,09:19:03,8.65,4.55,16400,7.15,4100,0,8200
CASTROLIND30JAN20125CE.NFO,07/01/2020,09:19:11,8.65,4.55,16400,7.1,4100,0,8200
CASTROLIND30JAN20125CE.NFO,07/01/2020,09:19:19,8.65,4.55,16400,7.05,4100,0,8200
CASTROLIND30JAN20125CE.NFO,07/01/2020,09:19:35,8.65,4.55,16400,6.45,20500,0,8200
CASTROLIND30JAN20125CE.NFO,07/01/2020,09:19:42,8.65,4.55,16400,6.1,4100,0,8200
CASTROLIND30JAN20125CE.NFO,07/01/2020,09:19:50,8.65,4.6,4100,6.3,4100,0,8200
CASTROLIND30JAN20125CE.NFO,07/01/2020,09:20:06,8.65,4.6,4100,6.45,24600,0,8200
CASTROLIND30JAN20125CE.NFO,07/01/2020,09:20:14,8.65,4.8,4100,6.7,12300,0,8200
CASTROLIND30JAN20125CE.NFO,07/01/2020,09:20:22,8.65,4.8,4100,7.65,4100,0,8200
CASTROLIND30JAN20125CE.NFO,07/01/2020,09:20:29,8.65,4.7,8200,7.65,4100,0,8200
CASTROLIND30JAN20125CE.NFO,07/01/2020,09:20:37,8.65,4.8,4100,7.65,4100,0,8200
CASTROLIND30JAN20125CE.NFO,07/01/2020,09:21:00,8.65,4.8,4100,7.7,4100,0,8200
CASTROLIND30JAN20125CE.NFO,07/01/2020,09:21:15,8.65,4.85,12300,7.7,4100,0,8200
CASTROLIND30JAN20125CE.NFO,07/01/2020,09:21:23,8.65,4.85,4100,7.7,4100,0,8200
CASTROLIND30JAN20125CE.NFO,07/01/2020,09:21:30,8.65,4.9,4100,7.7,4100,0,8200
CASTROLIND30JAN20125CE.NFO,07/01/2020,09:22:05,8.65,5,4100,7.7,4100,0,8200
CASTROLIND30JAN20125CE.NFO,07/01/2020,09:22:13,8.65,4.8,12300,6.3,4100,0,8200
CASTROLIND30JAN20125CE.NFO,07/01/2020,09:22:20,8.65,4.95,4100,7.7,4100,0,8200
CASTROLIND30JAN20125CE.NFO,07/01/2020,09:22:28,8.65,4.8,4100,7.7,4100,0,8200
CASTROLIND30JAN20125CE.NFO,07/01/2020,09:22:34,8.65,4.8,4100,7.75,65600,0,8200
CASTROLIND30JAN20125CE.NFO,07/01/2020,09:22:54,8.65,4.8,4100,7.7,28700,0,8200
CASTROLIND30JAN20125CE.NFO,07/01/2020,09:24:35,8.65,4.85,4100,7.7,28700,0,8200
CASTROLIND30JAN20125CE.NFO,07/01/2020,09:24:42,8.65,4.8,4100,7.4,36900,0,8200
CASTROLIND30JAN20125CE.NFO,07/01/2020,09:24:48,8.65,4.8,4100,6.6,28700,0,8200
CASTROLIND30JAN20125CE.NFO,07/01/2020,09:24:55,8.65,4.8,4100,6.75,32800,0,8200
CASTROLIND30JAN20125CE.NFO,07/01/2020,09:25:00,8.65,4.8,4100,6.65,32800,0,8200
CASTROLIND30JAN20125CE.NFO,07/01/2020,09:25:08,8.65,4.95,4100,6.65,32800,0,8200
CASTROLIND30JAN20125CE.NFO,07/01/2020,09:25:15,8.65,5,4100,7.3,4100,0,8200
CASTROLIND30JAN20125CE.NFO,07/01/2020,09:25:22,8.65,4.95,16400,7.7,4100,0,8200
CASTROLIND30JAN20125CE.NFO,07/01/2020,09:25:29,8.65,5.05,4100,7.7,4100,0,8200
CASTROLIND30JAN20125CE.NFO,07/01/2020,09:25:36,8.65,4.9,16400,6.95,4100,0,8200
CASTROLIND30JAN20125CE.NFO,07/01/2020,09:25:44,8.65,5.05,4100,7.7,4100,0,8200
CASTROLIND30JAN20125CE.NFO,07/01/2020,09:26:15,8.65,5.1,4100,7.7,4100,0,8200
CASTROLIND30JAN20125CE.NFO,07/01/2020,09:26:21,8.65,4.95,12300,7.7,4100,0,8200
CASTROLIND30JAN20125CE.NFO,07/01/2020,09:26:26,8.65,4.9,4100,7.7,4100,0,8200
CASTROLIND30JAN20125CE.NFO,07/01/2020,09:26:32,8.65,5,4100,7.7,4100,0,8200
CASTROLIND30JAN20125CE.NFO,07/01/2020,09:26:45,8.65,4.9,4100,7.7,4100,0,8200
CASTROLIND30JAN20125CE.NFO,07/01/2020,09:27:47,8.65,4.9,4100,7.55,41000,0,8200
CASTROLIND30JAN20125CE.NFO,07/01/2020,09:27:52,8.65,4.85,4100,7.55,41000,0,8200
CASTROLIND30JAN20125CE.NFO,07/01/2020,09:28:07,8.65,4.85,4100,7.7,4100,0,8200
CASTROLIND30JAN20125CE.NFO,07/01/2020,09:28:37,8.65,4.9,4100,7.7,4100,0,8200
CASTROLIND30JAN20125CE.NFO,07/01/2020,09:28:42,8.65,4.8,16400,7.7,4100,0,8200
CASTROLIND30JAN20125CE.NFO,07/01/2020,09:28:54,8.65,4.75,8200,7.7,4100,0,8200
CASTROLIND30JAN20125CE.NFO,07/01/2020,09:29:00,8.65,4.75,8200,7.65,4100,0,8200
CASTROLIND30JAN20125CE.NFO,07/01/2020,09:29:06,8.65,4.75,8200,6.45,4100,0,8200
CASTROLIND30JAN20125CE.NFO,07/01/2020,09:29:12,8.65,4.75,8200,7.7,4100,0,8200
CASTROLIND30JAN20125CE.NFO,07/01/2020,09:29:18,8.65,4.75,8200,6.35,4100,0,8200
CASTROLIND30JAN20125CE.NFO,07/01/2020,09:29:24,8.65,4.75,8200,7.1,4100,0,8200
CASTROLIND30JAN20125CE.NFO,07/01/2020,09:29:29,8.65,4.8,4100,7.7,4100,0,8200
CASTROLIND30JAN20125CE.NFO,07/01/2020,09:30:27,8.65,4.8,4100,7.4,4100,0,8200
CASTROLIND30JAN20125CE.NFO,07/01/2020,09:30:32,8.65,4.8,4100,6.75,28700,0,8200
CASTROLIND30JAN20125CE.NFO,07/01/2020,09:30:37,8.65,4.8,4100,6.45,20500,0,8200
CASTROLIND30JAN20125CE.NFO,07/01/2020,09:30:42,8.65,4.8,4100,6.35,8200,0,8200
CASTROLIND30JAN20125CE.NFO,07/01/2020,09:30:48,8.65,4.8,4100,6.8,28700,0,8200
CASTROLIND30JAN20125CE.NFO,07/01/2020,09:30:53,8.65,4.8,4100,7.7,28700,0,8200
CASTROLIND30JAN20125CE.NFO,07/01/2020,09:31:23,8.65,4.9,4100,7.7,28700,0,8200
CASTROLIND30JAN20125CE.NFO,07/01/2020,09:31:29,8.65,4.95,4100,7.7,28700,0,8200
CASTROLIND30JAN20125CE.NFO,07/01/2020,09:31:50,8.65,4.9,4100,7.7,28700,0,8200
CASTROLIND30JAN20125CE.NFO,07/01/2020,09:31:55,8.65,4.95,4100,7.7,28700,0,8200
CASTROLIND30JAN20125CE.NFO,07/01/2020,09:32:04,8.65,4.9,4100,7.7,28700,0,8200
CASTROLIND30JAN20125CE.NFO,07/01/2020,09:32:09,8.65,4.85,4100,7.7,16400,0,8200
CASTROLIND30JAN20125CE.NFO,07/01/2020,09:32:14,8.65,4.85,4100,7.7,4100,0,8200
CASTROLIND30JAN20125CE.NFO,07/01/2020,09:32:56,8.65,4.85,4100,7.75,49200,0,8200
CASTROLIND30JAN20125CE.NFO,07/01/2020,09:33:06,8.65,4.85,4100,7.7,4100,0,8200
CASTROLIND30JAN20125CE.NFO,07/01/2020,09:33:23,8.65,4.9,4100,7.7,4100,0,8200
CASTROLIND30JAN20125CE.NFO,07/01/2020,09:33:29,8.65,4.95,4100,7.7,4100,0,8200
CASTROLIND30JAN20125CE.NFO,07/01/2020,09:33:35,8.65,4.9,4100,7.7,4100,0,8200
CASTROLIND30JAN20125CE.NFO,07/01/2020,09:33:40,8.65,4.95,4100,7.7,4100,0,8200
CASTROLIND30JAN20125CE.NFO,07/01/2020,09:33:45,8.65,4.9,4100,7.7,4100,0,8200
CASTROLIND30JAN20125CE.NFO,07/01/2020,09:33:51,8.65,4.85,4100,7.7,4100,0,8200
CASTROLIND30JAN20125CE.NFO,07/01/2020,09:34:11,8.65,4.95,4100,7.7,4100,0,8200
CASTROLIND30JAN20125CE.NFO,07/01/2020,09:34:16,8.65,4.85,8200,6.8,4100,0,8200
CASTROLIND30JAN20125CE.NFO,07/01/2020,09:34:21,8.65,4.85,8200,7.25,4100,0,8200
CASTROLIND30JAN20125CE.NFO,07/01/2020,09:34:26,8.65,4.85,8200,6.6,4100,0,8200
CASTROLIND30JAN20125CE.NFO,07/01/2020,09:34:31,8.65,4.85,8200,7.45,4100,0,8200
CASTROLIND30JAN20125CE.NFO,07/01/2020,09:34:37,8.65,4.85,8200,7.35,4100,0,8200
CASTROLIND30JAN20125CE.NFO,07/01/2020,09:34:42,8.65,4.95,4100,6.75,36900,0,8200
CASTROLIND30JAN20125CE.NFO,07/01/2020,09:34:47,8.65,4.95,4100,6.4,4100,0,8200
CASTROLIND30JAN20125CE.NFO,07/01/2020,09:34:51,8.65,4.9,4100,7.7,4100,0,8200
CASTROLIND30JAN20125CE.NFO,07/01/2020,09:35:01,8.65,4.95,4100,7.7,4100,0,8200
CASTROLIND30JAN20125CE.NFO,07/01/2020,09:35:11,8.65,4.9,8200,7.7,4100,0,8200
CASTROLIND30JAN20125CE.NFO,07/01/2020,09:35:16,8.65,4.95,4100,7.7,4100,0,8200
CASTROLIND30JAN20125CE.NFO,07/01/2020,09:35:21,8.65,4.85,8200,7.7,4100,0,8200
CASTROLIND30JAN20125CE.NFO,07/01/2020,09:35:44,8.65,4.85,4100,7.7,4100,0,8200
CASTROLIND30JAN20125CE.NFO,07/01/2020,09:36:16,8.65,4.8,8200,6.6,4100,0,8200
CASTROLIND30JAN20125CE.NFO,07/01/2020,09:36:22,8.65,4.85,4100,7.7,4100,0,8200
CASTROLIND30JAN20125CE.NFO,07/01/2020,09:37:07,8.65,4.9,4100,7.7,4100,0,8200
CASTROLIND30JAN20125CE.NFO,07/01/2020,09:37:12,8.65,4.95,4100,7.7,4100,0,8200
CASTROLIND30JAN20125CE.NFO,07/01/2020,09:37:17,8.65,4.85,4100,7.7,4100,0,8200
CASTROLIND30JAN20125CE.NFO,07/01/2020,09:37:22,8.65,4.85,4100,7.45,36900,0,8200
CASTROLIND30JAN20125CE.NFO,07/01/2020,09:37:27,8.65,4.85,4100,6.45,12300,0,8200
CASTROLIND30JAN20125CE.NFO,07/01/2020,09:37:32,8.65,4.85,4100,6.9,36900,0,8200
CASTROLIND30JAN20125CE.NFO,07/01/2020,09:37:37,8.65,4.85,4100,6.4,12300,0,8200
CASTROLIND30JAN20125CE.NFO,07/01/2020,09:37:42,8.65,4.85,4100,6.5,28700,0,8200
CASTROLIND30JAN20125CE.NFO,07/01/2020,09:37:48,8.65,4.85,4100,6.45,20500,0,8200
CASTROLIND30JAN20125CE.NFO,07/01/2020,09:37:52,8.65,4.85,4100,6.4,12300,0,8200
CASTROLIND30JAN20125CE.NFO,07/01/2020,09:37:56,8.65,4.85,4100,6.45,20500,0,8200
CASTROLIND30JAN20125CE.NFO,07/01/2020,09:38:01,8.65,4.85,4100,6.35,4100,0,8200
CASTROLIND30JAN20125CE.NFO,07/01/2020,09:38:05,8.65,4.85,4100,6.3,4100,0,8200
CASTROLIND30JAN20125CE.NFO,07/01/2020,09:38:10,8.65,4.85,4100,6.35,4100,0,8200
CASTROLIND30JAN20125CE.NFO,07/01/2020,09:38:15,8.65,4.85,4100,6.3,4100,0,8200
CASTROLIND30JAN20125CE.NFO,07/01/2020,09:38:20,8.65,4.85,4100,6.55,28700,0,8200
CASTROLIND30JAN20125CE.NFO,07/01/2020,09:38:24,8.65,4.85,4100,6.3,4100,0,8200
CASTROLIND30JAN20125CE.NFO,07/01/2020,09:38:29,8.65,4.85,4100,6.35,4100,0,8200
CASTROLIND30JAN20125CE.NFO,07/01/2020,09:38:38,8.65,4.85,4100,7.4,4100,0,8200
CASTROLIND30JAN20125CE.NFO,07/01/2020,09:38:43,8.65,4.85,4100,7.7,4100,0,8200
CASTROLIND30JAN20125CE.NFO,07/01/2020,09:39:02,8.65,4.9,8200,7.7,4100,0,8200
CASTROLIND30JAN20125CE.NFO,07/01/2020,09:39:11,8.65,4.95,4100,7.7,4100,0,8200
CASTROLIND30JAN20125CE.NFO,07/01/2020,09:39:16,8.65,4.9,8200,7.7,4100,0,8200
CASTROLIND30JAN20125CE.NFO,07/01/2020,09:39:22,8.65,5,4100,7.7,4100,0,8200
CASTROLIND30JAN20125CE.NFO,07/01/2020,09:39:28,8.65,4.9,12300,7.7,4100,0,8200
CASTROLIND30JAN20125CE.NFO,07/01/2020,09:39:42,8.65,5.05,4100,7.7,4100,0,8200
CASTROLIND30JAN20125CE.NFO,07/01/2020,09:39:47,8.65,4.9,4100,7.7,4100,0,8200
CASTROLIND30JAN20125CE.NFO,07/01/2020,09:39:56,8.65,5,4100,7.7,4100,0,8200
CASTROLIND30JAN20125CE.NFO,07/01/2020,09:40:24,8.65,5.05,4100,7.7,4100,0,8200
CASTROLIND30JAN20125CE.NFO,07/01/2020,09:40:29,8.65,5.15,4100,7.7,4100,0,8200
CASTROLIND30JAN20125CE.NFO,07/01/2020,09:40:34,8.65,5.05,4100,7.7,4100,0,8200
CASTROLIND30JAN20125CE.NFO,07/01/2020,09:40:39,8.65,5,8200,7.7,98400,0,8200
CASTROLIND30JAN20125CE.NFO,07/01/2020,09:40:44,8.65,4.9,24600,7.65,4100,0,8200
CASTROLIND30JAN20125CE.NFO,07/01/2020,09:40:49,8.65,5,8200,7.65,4100,0,8200
CASTROLIND30JAN20125CE.NFO,07/01/2020,09:40:53,8.65,5.05,4100,7.7,94300,0,8200
CASTROLIND30JAN20125CE.NFO,07/01/2020,09:41:03,8.65,4.85,8200,7.3,41000,0,8200
CASTROLIND30JAN20125CE.NFO,07/01/2020,09:41:08,8.65,4.85,8200,6.8,41000,0,8200
CASTROLIND30JAN20125CE.NFO,07/01/2020,09:41:13,8.65,4.85,8200,7.3,41000,0,8200
CASTROLIND30JAN20125CE.NFO,07/01/2020,09:41:18,8.65,4.85,8200,6.8,41000,0,8200
CASTROLIND30JAN20125CE.NFO,07/01/2020,09:41:23,8.65,4.85,8200,6.75,41000,0,8200
CASTROLIND30JAN20125CE.NFO,07/01/2020,09:41:29,8.65,4.85,8200,6.85,41000,0,8200
CASTROLIND30JAN20125CE.NFO,07/01/2020,09:41:38,8.65,4.85,8200,6.5,4100,0,8200
CASTROLIND30JAN20125CE.NFO,07/01/2020,09:41:42,8.65,4.85,8200,6.55,4100,0,8200
CASTROLIND30JAN20125CE.NFO,07/01/2020,09:41:52,8.65,4.85,8200,7.15,4100,0,8200
CASTROLIND30JAN20125CE.NFO,07/01/2020,09:41:58,8.65,4.85,8200,7.65,4100,0,8200
CASTROLIND30JAN20125CE.NFO,07/01/2020,09:42:57,8.65,4.85,8200,6.85,4100,0,8200
CASTROLIND30JAN20125CE.NFO,07/01/2020,09:43:03,8.65,4.85,8200,6.65,4100,0,8200
CASTROLIND30JAN20125CE.NFO,07/01/2020,09:43:09,8.65,4.85,8200,7.65,4100,0,8200
CASTROLIND30JAN20125CE.NFO,07/01/2020,09:44:21,8.65,4.85,8200,7.2,41000,0,8200
CASTROLIND30JAN20125CE.NFO,07/01/2020,09:44:27,8.65,4.85,8200,7.15,41000,0,8200
CASTROLIND30JAN20125CE.NFO,07/01/2020,09:44:32,8.65,4.85,8200,7.05,41000,0,8200
CASTROLIND30JAN20125CE.NFO,07/01/2020,09:44:38,8.65,4.85,8200,6.7,16400,0,8200
CASTROLIND30JAN20125CE.NFO,07/01/2020,09:44:49,8.65,4.85,8200,7.65,41000,0,8200
CASTROLIND30JAN20125CE.NFO,07/01/2020,09:45:05,8.65,4.85,8200,7.05,41000,0,8200
CASTROLIND30JAN20125CE.NFO,07/01/2020,09:45:11,8.65,4.85,8200,7,41000,0,8200
CASTROLIND30JAN20125CE.NFO,07/01/2020,09:45:18,8.65,4.85,8200,6.85,41000,0,8200
CASTROLIND30JAN20125CE.NFO,07/01/2020,09:45:24,8.65,4.85,8200,6.65,8200,0,8200
CASTROLIND30JAN20125CE.NFO,07/01/2020,09:45:29,8.65,4.85,8200,6.65,16400,0,8200
CASTROLIND30JAN20125CE.NFO,07/01/2020,09:45:39,8.65,4.85,8200,6.6,4100,0,8200
CASTROLIND30JAN20125CE.NFO,07/01/2020,09:45:47,8.65,4.85,8200,6.65,16400,0,8200
CASTROLIND30JAN20125CE.NFO,07/01/2020,09:45:52,8.65,4.85,8200,6.6,4100,0,8200
CASTROLIND30JAN20125CE.NFO,07/01/2020,09:45:57,8.65,4.85,8200,6.65,16400,0,8200
CASTROLIND30JAN20125CE.NFO,07/01/2020,09:46:02,8.65,4.85,8200,6.6,4100,0,8200
CASTROLIND30JAN20125CE.NFO,07/01/2020,09:46:06,8.65,4.85,8200,7.7,94300,0,8200
CASTROLIND30JAN20125CE.NFO,07/01/2020,09:46:25,8.65,4.85,8200,7.65,4100,0,8200
CASTROLIND30JAN20125CE.NFO,07/01/2020,09:48:24,8.65,4.85,8200,7.7,4100,0,8200
CASTROLIND30JAN20125CE.NFO,07/01/2020,09:48:32,8.65,4.85,8200,7.25,32800,0,8200
CASTROLIND30JAN20125CE.NFO,07/01/2020,09:48:37,8.65,4.85,8200,6.55,8200,0,8200
CASTROLIND30JAN20125CE.NFO,07/01/2020,09:48:42,8.65,4.85,8200,7.05,32800,0,8200
CASTROLIND30JAN20125CE.NFO,07/01/2020,09:48:46,8.65,4.85,8200,6.75,41000,0,8200
CASTROLIND30JAN20125CE.NFO,07/01/2020,09:48:50,8.65,4.85,8200,6.8,41000,0,8200
CASTROLIND30JAN20125CE.NFO,07/01/2020,09:48:58,8.65,4.85,8200,6.6,16400,0,8200
CASTROLIND30JAN20125CE.NFO,07/01/2020,09:49:02,8.65,4.85,8200,6.7,41000,0,8200
CASTROLIND30JAN20125CE.NFO,07/01/2020,09:49:07,8.65,4.85,8200,6.45,4100,0,8200
CASTROLIND30JAN20125CE.NFO,07/01/2020,09:49:27,8.65,4.85,8200,6.5,8200,0,8200
CASTROLIND30JAN20125CE.NFO,07/01/2020,09:49:33,8.65,4.85,8200,7.4,4100,0,8200
CASTROLIND30JAN20125CE.NFO,07/01/2020,09:49:39,8.65,4.85,8200,7.7,4100,0,8200
CASTROLIND30JAN20125CE.NFO,07/01/2020,09:49:54,8.65,4.85,8200,6.6,4100,0,8200
CASTROLIND30JAN20125CE.NFO,07/01/2020,09:49:57,8.65,4.85,8200,6.95,4100,0,8200
CASTROLIND30JAN20125CE.NFO,07/01/2020,09:50:00,8.65,4.85,8200,7.7,4100,0,8200
CASTROLIND30JAN20125CE.NFO,07/01/2020,09:50:03,8.65,4.85,8200,7.55,4100,0,8200
CASTROLIND30JAN20125CE.NFO,07/01/2020,09:50:08,8.65,4.85,8200,6.65,4100,0,8200
CASTROLIND30JAN20125CE.NFO,07/01/2020,09:50:12,8.65,4.85,8200,7.5,4100,0,8200
CASTROLIND30JAN20125CE.NFO,07/01/2020,09:50:16,8.65,5.1,4100,7.7,4100,0,8200
CASTROLIND30JAN20125CE.NFO,07/01/2020,09:50:20,8.65,5,8200,7.7,4100,0,8200
CASTROLIND30JAN20125CE.NFO,07/01/2020,09:50:27,8.65,5.1,4100,7.7,4100,0,8200
CASTROLIND30JAN20125CE.NFO,07/01/2020,09:50:33,8.65,5,8200,7.7,4100,0,8200
CASTROLIND30JAN20125CE.NFO,07/01/2020,09:50:42,8.65,4.85,4100,7.75,73800,0,8200
CASTROLIND30JAN20125CE.NFO,07/01/2020,09:51:05,8.65,4.8,8200,7.75,73800,0,8200
CASTROLIND30JAN20125CE.NFO,07/01/2020,09:51:28,8.65,4.8,8200,7.7,4100,0,8200
CASTROLIND30JAN20125CE.NFO,07/01/2020,09:51:59,8.65,4.8,8200,6.35,4100,0,8200
CASTROLIND30JAN20125CE.NFO,07/01/2020,09:52:03,8.65,4.85,4100,6.5,4100,0,8200
CASTROLIND30JAN20125CE.NFO,07/01/2020,09:52:08,8.65,4.85,4100,7.1,41000,0,8200
CASTROLIND30JAN20125CE.NFO,07/01/2020,09:52:12,8.65,4.85,4100,7.2,41000,0,8200
CASTROLIND30JAN20125CE.NFO,07/01/2020,09:52:17,8.65,4.85,4100,6.45,4100,0,8200
CASTROLIND30JAN20125CE.NFO,07/01/2020,09:52:21,8.65,4.85,4100,6.8,41000,0,8200
CASTROLIND30JAN20125CE.NFO,07/01/2020,09:52:26,8.65,4.85,4100,6.8,4100,0,8200
CASTROLIND30JAN20125CE.NFO,07/01/2020,09:52:31,8.65,4.85,4100,7.7,4100,0,8200
CASTROLIND30JAN20125CE.NFO,07/01/2020,09:53:06,8.65,4.8,8200,7.7,4100,0,8200
CASTROLIND30JAN20125CE.NFO,07/01/2020,09:53:12,8.65,4.85,28700,7.7,4100,0,8200
CASTROLIND30JAN20125CE.NFO,07/01/2020,09:53:30,8.65,4.85,28700,7.1,4100,0,8200
CASTROLIND30JAN20125CE.NFO,07/01/2020,09:53:34,8.65,4.9,24600,7.7,4100,0,8200
CASTROLIND30JAN20125CE.NFO,07/01/2020,09:53:39,8.65,5.1,4100,7.7,4100,0,8200
CASTROLIND30JAN20125CE.NFO,07/01/2020,09:53:47,8.65,5.05,4100,7.7,4100,0,8200
CASTROLIND30JAN20125CE.NFO,07/01/2020,09:53:56,8.65,5.15,4100,7.7,4100,0,8200
CASTROLIND30JAN20125CE.NFO,07/01/2020,09:54:01,8.65,5.1,4100,7.7,4100,0,8200
CASTROLIND30JAN20125CE.NFO,07/01/2020,09:54:12,8.65,5.05,4100,7.7,4100,0,8200
CASTROLIND30JAN20125CE.NFO,07/01/2020,09:54:21,8.65,5.1,4100,7.7,4100,0,8200
CASTROLIND30JAN20125CE.NFO,07/01/2020,09:54:26,8.65,4.85,28700,7.55,4100,0,8200
CASTROLIND30JAN20125CE.NFO,07/01/2020,09:54:31,8.65,5.05,4100,7.7,4100,0,8200
CASTROLIND30JAN20125CE.NFO,07/01/2020,09:54:35,8.65,5.1,4100,7.7,4100,0,8200
CASTROLIND30JAN20125CE.NFO,07/01/2020,09:54:39,8.65,4.85,4100,7.7,4100,0,8200
CASTROLIND30JAN20125CE.NFO,07/01/2020,09:55:00,8.65,4.85,4100,7.55,41000,0,8200
CASTROLIND30JAN20125CE.NFO,07/01/2020,09:55:05,8.65,4.85,4100,6.95,41000,0,8200
CASTROLIND30JAN20125CE.NFO,07/01/2020,09:55:11,8.65,4.85,4100,6.45,4100,0,8200
CASTROLIND30JAN20125CE.NFO,07/01/2020,09:55:20,8.65,4.85,4100,6.4,4100,0,8200
CASTROLIND30JAN20125CE.NFO,07/01/2020,09:55:24,8.65,4.85,4100,6.55,28700,0,8200
CASTROLIND30JAN20125CE.NFO,07/01/2020,09:55:33,8.65,4.85,4100,6.45,4100,0,8200
CASTROLIND30JAN20125CE.NFO,07/01/2020,09:55:37,8.65,4.85,4100,6.55,28700,0,8200
CASTROLIND30JAN20125CE.NFO,07/01/2020,09:55:42,8.65,4.85,4100,6.65,41000,0,8200
CASTROLIND30JAN20125CE.NFO,07/01/2020,09:55:46,8.65,4.85,4100,6.4,4100,0,8200
CASTROLIND30JAN20125CE.NFO,07/01/2020,09:55:50,8.65,4.85,4100,6.55,28700,0,8200
CASTROLIND30JAN20125CE.NFO,07/01/2020,09:55:53,8.65,4.85,4100,6.45,4100,0,8200
CASTROLIND30JAN20125CE.NFO,07/01/2020,09:55:57,8.65,4.85,4100,6.6,36900,0,8200
CASTROLIND30JAN20125CE.NFO,07/01/2020,09:56:01,8.65,4.8,8200,6.45,4100,0,8200
CASTROLIND30JAN20125CE.NFO,07/01/2020,09:56:10,8.65,4.8,8200,6.5,12300,0,8200
CASTROLIND30JAN20125CE.NFO,07/01/2020,09:56:15,8.65,4.8,8200,6.45,4100,0,8200
CASTROLIND30JAN20125CE.NFO,07/01/2020,09:56:19,8.65,4.85,4100,6.75,4100,0,8200
CASTROLIND30JAN20125CE.NFO,07/01/2020,09:56:24,8.65,4.85,4100,7.05,4100,0,8200
CASTROLIND30JAN20125CE.NFO,07/01/2020,09:56:29,8.65,4.85,4100,7.45,4100,0,8200
CASTROLIND30JAN20125CE.NFO,07/01/2020,09:56:33,8.65,4.85,4100,7.7,4100,0,8200
CASTROLIND30JAN20125CE.NFO,07/01/2020,09:57:59,8.65,5,4100,7.25,41000,0,8200
CASTROLIND30JAN20125CE.NFO,07/01/2020,09:58:04,8.65,5,4100,6.75,41000,0,8200
CASTROLIND30JAN20125CE.NFO,07/01/2020,09:58:08,8.65,5,4100,7.4,4100,0,8200
CASTROLIND30JAN20125CE.NFO,07/01/2020,09:58:12,8.65,4.9,20500,7.7,4100,0,8200
CASTROLIND30JAN20125CE.NFO,07/01/2020,09:58:16,8.65,5.05,4100,7.7,4100,0,8200
CASTROLIND30JAN20125CE.NFO,07/01/2020,09:58:19,8.65,5,4100,7.75,73800,0,8200
CASTROLIND30JAN20125CE.NFO,07/01/2020,09:58:26,8.65,5.05,4100,7.75,73800,0,8200
CASTROLIND30JAN20125CE.NFO,07/01/2020,09:58:45,8.65,5,8200,7.75,73800,0,8200
CASTROLIND30JAN20125CE.NFO,07/01/2020,09:58:51,8.65,4.85,8200,7.7,4100,0,8200
CASTROLIND30JAN20125CE.NFO,07/01/2020,09:59:11,8.65,4.85,4100,7.7,4100,0,8200
CASTROLIND30JAN20125CE.NFO,07/01/2020,10:00:42,8.65,4.85,4100,7.25,41000,0,8200
CASTROLIND30JAN20125CE.NFO,07/01/2020,10:00:49,8.65,4.85,4100,6.95,41000,0,8200
CASTROLIND30JAN20125CE.NFO,07/01/2020,10:00:55,8.65,4.85,4100,7,41000,0,8200
CASTROLIND30JAN20125CE.NFO,07/01/2020,10:01:12,8.65,4.95,4100,6.75,41000,0,8200
CASTROLIND30JAN20125CE.NFO,07/01/2020,10:01:18,8.65,4.95,4100,7.7,4100,0,8200
CASTROLIND30JAN20125CE.NFO,07/01/2020,10:01:24,8.65,4.9,4100,7.7,4100,0,8200
CASTROLIND30JAN20125CE.NFO,07/01/2020,10:01:36,8.65,4.95,4100,7.7,4100,0,8200
CASTROLIND30JAN20125CE.NFO,07/01/2020,10:01:42,8.65,4.9,4100,7.7,4100,0,8200
CASTROLIND30JAN20125CE.NFO,07/01/2020,10:01:53,8.65,5.05,4100,7.7,4100,0,8200
CASTROLIND30JAN20125CE.NFO,07/01/2020,10:02:08,8.65,4.9,4100,7.7,4100,0,8200
CASTROLIND30JAN20125CE.NFO,07/01/2020,10:02:14,8.65,5,4100,7.7,4100,0,8200
CASTROLIND30JAN20125CE.NFO,07/01/2020,10:02:25,8.65,5.05,4100,7.7,4100,0,8200
CASTROLIND30JAN20125CE.NFO,07/01/2020,10:02:31,8.65,4.85,4100,7.7,4100,0,8200
CASTROLIND30JAN20125CE.NFO,07/01/2020,10:03:54,8.65,4.85,4100,7.05,41000,0,8200
CASTROLIND30JAN20125CE.NFO,07/01/2020,10:03:59,8.65,4.85,4100,6.5,4100,0,8200
CASTROLIND30JAN20125CE.NFO,07/01/2020,10:04:03,8.65,4.85,4100,7.15,41000,0,8200
CASTROLIND30JAN20125CE.NFO,07/01/2020,10:04:13,8.65,4.85,4100,6.75,41000,0,8200
CASTROLIND30JAN20125CE.NFO,07/01/2020,10:04:17,8.65,4.85,4100,6.5,4100,0,8200
CASTROLIND30JAN20125CE.NFO,07/01/2020,10:04:21,8.65,4.85,4100,6.65,41000,0,8200
CASTROLIND30JAN20125CE.NFO,07/01/2020,10:04:25,8.65,4.85,4100,6.75,41000,0,8200
CASTROLIND30JAN20125CE.NFO,07/01/2020,10:04:34,8.65,4.85,4100,6.55,8200,0,8200
CASTROLIND30JAN20125CE.NFO,07/01/2020,10:04:44,8.65,4.85,4100,6.5,4100,0,8200
CASTROLIND30JAN20125CE.NFO,07/01/2020,10:04:47,8.65,4.85,4100,6.7,12300,0,8200
CASTROLIND30JAN20125CE.NFO,07/01/2020,10:04:51,8.65,5,4100,6.45,4100,0,8200
CASTROLIND30JAN20125CE.NFO,07/01/2020,10:04:55,8.65,4.85,4100,6.8,4100,0,8200
CASTROLIND30JAN20125CE.NFO,07/01/2020,10:04:59,8.65,4.9,8200,7.7,4100,0,8200
CASTROLIND30JAN20125CE.NFO,07/01/2020,10:05:03,8.65,5,4100,7.7,4100,0,8200
CASTROLIND30JAN20125CE.NFO,07/01/2020,10:05:07,8.65,5.05,4100,7.7,4100,0,8200
CASTROLIND30JAN20125CE.NFO,07/01/2020,10:05:15,8.65,5,4100,7.7,4100,0,8200
CASTROLIND30JAN20125CE.NFO,07/01/2020,10:05:18,8.65,5.05,4100,7.7,4100,0,8200
CASTROLIND30JAN20125CE.NFO,07/01/2020,10:05:22,8.65,5,4100,7.7,4100,0,8200
CASTROLIND30JAN20125CE.NFO,07/01/2020,10:05:25,8.65,4.85,4100,7.7,4100,0,8200
CASTROLIND30JAN20125CE.NFO,07/01/2020,10:05:28,8.65,5,4100,7.7,4100,0,8200
CASTROLIND30JAN20125CE.NFO,07/01/2020,10:05:32,8.65,5.1,4100,7.7,4100,0,8200
CASTROLIND30JAN20125CE.NFO,07/01/2020,10:07:30,8.65,5.1,4100,7.05,32800,0,8200
CASTROLIND30JAN20125CE.NFO,07/01/2020,10:07:35,8.65,5.05,4100,6.7,24600,0,8200
CASTROLIND30JAN20125CE.NFO,07/01/2020,10:07:40,8.65,5.05,4100,6.65,24600,0,8200
CASTROLIND30JAN20125CE.NFO,07/01/2020,10:07:45,8.65,5.05,4100,6.25,4100,0,8200
CASTROLIND30JAN20125CE.NFO,07/01/2020,10:07:50,8.65,5.05,4100,6.35,8200,0,8200
CASTROLIND30JAN20125CE.NFO,07/01/2020,10:07:56,8.65,5.05,4100,7.3,4100,0,8200
CASTROLIND30JAN20125CE.NFO,07/01/2020,10:08:01,8.65,5.05,4100,7.7,4100,0,8200
CASTROLIND30JAN20125CE.NFO,07/01/2020,10:08:05,8.65,4.9,4100,7.7,4100,0,8200
CASTROLIND30JAN20125CE.NFO,07/01/2020,10:09:37,8.65,4.85,16400,7.7,4100,0,8200
CASTROLIND30JAN20125CE.NFO,07/01/2020,10:09:58,8.65,4.9,4100,7.55,4100,0,8200
CASTROLIND30JAN20125CE.NFO,07/01/2020,10:10:04,8.65,4.9,4100,6.15,4100,0,8200
CASTROLIND30JAN20125CE.NFO,07/01/2020,10:10:10,8.65,4.9,4100,6.55,4100,0,8200
CASTROLIND30JAN20125CE.NFO,07/01/2020,10:10:15,8.65,4.9,4100,7.55,4100,0,8200
CASTROLIND30JAN20125CE.NFO,07/01/2020,10:10:20,8.65,4.9,4100,6.45,4100,0,8200
CASTROLIND30JAN20125CE.NFO,07/01/2020,10:10:24,8.65,4.9,4100,6.1,4100,0,8200
CASTROLIND30JAN20125CE.NFO,07/01/2020,10:10:27,8.65,4.9,4100,7.05,28700,0,8200
CASTROLIND30JAN20125CE.NFO,07/01/2020,10:10:31,8.65,4.9,4100,6.3,12300,0,8200
CASTROLIND30JAN20125CE.NFO,07/01/2020,10:10:36,8.65,4.9,4100,7.2,4100,0,8200
CASTROLIND30JAN20125CE.NFO,07/01/2020,10:10:40,8.65,4.9,4100,6.8,4100,0,8200
CASTROLIND30JAN20125CE.NFO,07/01/2020,10:10:44,8.65,4.9,4100,6.85,4100,0,8200
CASTROLIND30JAN20125CE.NFO,07/01/2020,10:10:47,8.65,4.9,4100,7.15,4100,0,8200
CASTROLIND30JAN20125CE.NFO,07/01/2020,10:10:51,8.65,4.9,4100,6.9,4100,0,8200
CASTROLIND30JAN20125CE.NFO,07/01/2020,10:10:54,8.65,4.9,4100,6.3,4100,0,8200
CASTROLIND30JAN20125CE.NFO,07/01/2020,10:10:57,8.65,4.9,4100,7.7,4100,0,8200
CASTROLIND30JAN20125CE.NFO,07/01/2020,10:11:00,8.65,4.9,4100,6.4,4100,0,8200
CASTROLIND30JAN20125CE.NFO,07/01/2020,10:11:04,8.65,4.9,4100,7.15,4100,0,8200
CASTROLIND30JAN20125CE.NFO,07/01/2020,10:11:07,8.65,4.9,4100,7.7,4100,0,8200
CASTROLIND30JAN20125CE.NFO,07/01/2020,10:11:16,8.65,5,4100,7.7,4100,0,8200
CASTROLIND30JAN20125CE.NFO,07/01/2020,10:11:20,8.65,4.9,4100,7.7,4100,0,8200
CASTROLIND30JAN20125CE.NFO,07/01/2020,10:11:24,8.65,5,4100,7.7,4100,0,8200
CASTROLIND30JAN20125CE.NFO,07/01/2020,10:11:31,8.65,4.95,4100,7.7,4100,0,8200
CASTROLIND30JAN20125CE.NFO,07/01/2020,10:11:35,8.65,5,4100,7.7,4100,0,8200
CASTROLIND30JAN20125CE.NFO,07/01/2020,10:11:39,8.65,4.95,4100,7.7,4100,0,8200
CASTROLIND30JAN20125CE.NFO,07/01/2020,10:11:44,8.65,5.1,4100,7.7,4100,0,8200
CASTROLIND30JAN20125CE.NFO,07/01/2020,10:11:48,8.65,5.05,4100,7.7,4100,0,8200
CASTROLIND30JAN20125CE.NFO,07/01/2020,10:11:56,8.65,4.95,12300,7.7,4100,0,8200
CASTROLIND30JAN20125CE.NFO,07/01/2020,10:12:00,8.65,5,4100,7.7,4100,0,8200
CASTROLIND30JAN20125CE.NFO,07/01/2020,10:12:04,8.65,4.95,8200,7.7,4100,0,8200
CASTROLIND30JAN20125CE.NFO,07/01/2020,10:12:08,8.65,5,4100,7.7,4100,0,8200
CASTROLIND30JAN20125CE.NFO,07/01/2020,10:12:34,8.65,5.1,4100,7.7,4100,0,8200
CASTROLIND30JAN20125CE.NFO,07/01/2020,10:12:38,8.65,4.95,4100,7.7,4100,0,8200
CASTROLIND30JAN20125CE.NFO,07/01/2020,10:12:43,8.65,5.05,4100,7.7,4100,0,8200
CASTROLIND30JAN20125CE.NFO,07/01/2020,10:12:46,8.65,5.1,4100,7.7,4100,0,8200
CASTROLIND30JAN20125CE.NFO,07/01/2020,10:12:50,8.65,5.1,8200,7.7,4100,0,8200
CASTROLIND30JAN20125CE.NFO,07/01/2020,10:12:53,8.65,5.1,4100,7.7,4100,0,8200
CASTROLIND30JAN20125CE.NFO,07/01/2020,10:12:57,8.65,4.95,4100,7.45,4100,0,8200
CASTROLIND30JAN20125CE.NFO,07/01/2020,10:13:01,8.65,4.9,8200,6.3,4100,0,8200
CASTROLIND30JAN20125CE.NFO,07/01/2020,10:13:05,8.65,4.95,4100,6.3,4100,0,8200
CASTROLIND30JAN20125CE.NFO,07/01/2020,10:13:09,8.65,4.95,4100,7.15,36900,0,8200
CASTROLIND30JAN20125CE.NFO,07/01/2020,10:13:14,8.65,4.95,4100,7.35,4100,0,8200
CASTROLIND30JAN20125CE.NFO,07/01/2020,10:13:19,8.65,4.95,4100,6.55,4100,0,8200
CASTROLIND30JAN20125CE.NFO,07/01/2020,10:13:23,8.65,4.95,4100,7.55,4100,0,8200
CASTROLIND30JAN20125CE.NFO,07/01/2020,10:13:27,8.65,4.95,4100,7.05,4100,0,8200
CASTROLIND30JAN20125CE.NFO,07/01/2020,10:13:30,8.65,4.95,4100,7.65,4100,0,8200
CASTROLIND30JAN20125CE.NFO,07/01/2020,10:13:33,8.65,4.95,4100,7.25,4100,0,8200
CASTROLIND30JAN20125CE.NFO,07/01/2020,10:13:37,8.65,4.95,4100,7.5,4100,0,8200
CASTROLIND30JAN20125CE.NFO,07/01/2020,10:13:40,8.65,4.95,12300,6.85,4100,0,8200
CASTROLIND30JAN20125CE.NFO,07/01/2020,10:13:43,8.65,4.95,12300,6.4,4100,0,8200
CASTROLIND30JAN20125CE.NFO,07/01/2020,10:13:48,8.65,5.05,8200,7.7,4100,0,8200
CASTROLIND30JAN20125CE.NFO,07/01/2020,10:13:54,8.65,5.1,4100,7.75,73800,0,8200
CASTROLIND30JAN20125CE.NFO,07/01/2020,10:13:59,8.65,5.15,4100,7.75,73800,0,8200
CASTROLIND30JAN20125CE.NFO,07/01/2020,10:14:03,8.65,5.2,4100,7.75,73800,0,8200
CASTROLIND30JAN20125CE.NFO,07/01/2020,10:14:08,8.65,5.05,8200,7.75,73800,0,8200
CASTROLIND30JAN20125CE.NFO,07/01/2020,10:14:13,8.65,5.05,8200,7.7,4100,0,8200
CASTROLIND30JAN20125CE.NFO,07/01/2020,10:14:19,8.65,5,4100,7.7,4100,0,8200
CASTROLIND30JAN20125CE.NFO,07/01/2020,10:15:47,8.65,5,4100,6.85,12300,0,8200
CASTROLIND30JAN20125CE.NFO,07/01/2020,10:15:54,8.65,5,4100,6.75,4100,0,8200
CASTROLIND30JAN20125CE.NFO,07/01/2020,10:15:59,8.65,5,4100,6.7,4100,0,8200
CASTROLIND30JAN20125CE.NFO,07/01/2020,10:16:03,8.65,5,4100,6.75,8200,0,8200
CASTROLIND30JAN20125CE.NFO,07/01/2020,10:16:08,8.65,5,4100,6.7,4100,0,8200
CASTROLIND30JAN20125CE.NFO,07/01/2020,10:16:12,8.65,5,4100,6.85,8200,0,8200
CASTROLIND30JAN20125CE.NFO,07/01/2020,10:16:16,8.65,5,4100,6.95,20500,0,8200
CASTROLIND30JAN20125CE.NFO,07/01/2020,10:16:20,8.65,5,4100,7.1,24600,0,8200
CASTROLIND30JAN20125CE.NFO,07/01/2020,10:16:24,8.65,5,4100,7.7,4100,0,8200
CASTROLIND30JAN20125CE.NFO,07/01/2020,10:16:49,8.65,5.3,4100,7.7,4100,0,8200
CASTROLIND30JAN20125CE.NFO,07/01/2020,10:16:54,8.65,5.2,12300,7.7,4100,0,8200
CASTROLIND30JAN20125CE.NFO,07/01/2020,10:16:58,8.65,5.25,4100,7.7,4100,0,8200
CASTROLIND30JAN20125CE.NFO,07/01/2020,10:17:17,8.65,5.2,12300,7.7,4100,0,8200
CASTROLIND30JAN20125CE.NFO,07/01/2020,10:17:21,8.65,5.15,16400,7.7,4100,0,8200
CASTROLIND30JAN20125CE.NFO,07/01/2020,10:17:25,8.65,5.1,28700,7.7,4100,0,8200
CASTROLIND30JAN20125CE.NFO,07/01/2020,10:17:29,8.65,5,24600,7.15,4100,0,8200
CASTROLIND30JAN20125CE.NFO,07/01/2020,10:17:34,8.65,5.05,28700,7.7,4100,0,8200
CASTROLIND30JAN20125CE.NFO,07/01/2020,10:17:42,8.65,5,4100,7.7,4100,0,8200
CASTROLIND30JAN20125CE.NFO,07/01/2020,10:18:09,8.65,5,4100,7.75,73800,0,8200
CASTROLIND30JAN20125CE.NFO,07/01/2020,10:19:08,8.65,5,4100,7.7,41000,0,8200
CASTROLIND30JAN20125CE.NFO,07/01/2020,10:19:48,8.65,5,4100,7.6,41000,0,8200
CASTROLIND30JAN20125CE.NFO,07/01/2020,10:19:53,8.65,5,4100,7.2,41000,0,8200
CASTROLIND30JAN20125CE.NFO,07/01/2020,10:19:58,8.65,5,4100,7,41000,0,8200
CASTROLIND30JAN20125CE.NFO,07/01/2020,10:20:02,8.65,5,4100,6.75,4100,0,8200
CASTROLIND30JAN20125CE.NFO,07/01/2020,10:20:06,8.65,5,4100,6.9,24600,0,8200
CASTROLIND30JAN20125CE.NFO,07/01/2020,10:20:11,8.65,5.05,24600,7.1,41000,0,8200
CASTROLIND30JAN20125CE.NFO,07/01/2020,10:20:16,8.65,5.3,4100,7,41000,0,8200
CASTROLIND30JAN20125CE.NFO,07/01/2020,10:20:20,8.65,5.15,20500,6.75,4100,0,8200
CASTROLIND30JAN20125CE.NFO,07/01/2020,10:20:24,8.65,5,32800,6.6,4100,0,8200
CASTROLIND30JAN20125CE.NFO,07/01/2020,10:20:27,8.65,5,32800,6.8,4100,0,8200
CASTROLIND30JAN20125CE.NFO,07/01/2020,10:20:32,8.65,5,32800,6.85,4100,0,8200
CASTROLIND30JAN20125CE.NFO,07/01/2020,10:20:35,8.65,5,32800,7.2,4100,0,8200
CASTROLIND30JAN20125CE.NFO,07/01/2020,10:20:39,8.65,5.15,16400,7.7,4100,0,8200
CASTROLIND30JAN20125CE.NFO,07/01/2020,10:20:43,8.65,5.15,20500,7.7,4100,0,8200
CASTROLIND30JAN20125CE.NFO,07/01/2020,10:20:48,8.65,5,4100,7.7,4100,0,8200
CASTROLIND30JAN20125CE.NFO,07/01/2020,10:22:56,8.65,5,4100,7.45,24600,0,8200
CASTROLIND30JAN20125CE.NFO,07/01/2020,10:23:02,8.65,5,4100,6.95,24600,0,8200
CASTROLIND30JAN20125CE.NFO,07/01/2020,10:23:07,8.65,5,4100,6.55,4100,0,8200
CASTROLIND30JAN20125CE.NFO,07/01/2020,10:23:12,8.65,5,4100,6.75,12300,0,8200
CASTROLIND30JAN20125CE.NFO,07/01/2020,10:23:16,8.65,5.1,4100,6.8,20500,0,8200
CASTROLIND30JAN20125CE.NFO,07/01/2020,10:23:20,8.65,5.05,4100,6.7,12300,0,8200
CASTROLIND30JAN20125CE.NFO,07/01/2020,10:23:24,8.65,5.1,4100,6.95,24600,0,8200
CASTROLIND30JAN20125CE.NFO,07/01/2020,10:23:29,8.65,5.1,4100,7.7,4100,0,8200
CASTROLIND30JAN20125CE.NFO,07/01/2020,10:23:42,8.65,5.05,4100,7.7,4100,0,8200
CASTROLIND30JAN20125CE.NFO,07/01/2020,10:23:46,8.65,5.1,4100,7.7,4100,0,8200
CASTROLIND30JAN20125CE.NFO,07/01/2020,10:23:50,8.65,5.05,4100,7.7,4100,0,8200
CASTROLIND30JAN20125CE.NFO,07/01/2020,10:23:59,8.65,5.1,4100,7.7,4100,0,8200
CASTROLIND30JAN20125CE.NFO,07/01/2020,10:24:03,8.65,5.05,4100,7.7,4100,0,8200
CASTROLIND30JAN20125CE.NFO,07/01/2020,10:24:11,8.65,5,4100,6.4,4100,0,8200
CASTROLIND30JAN20125CE.NFO,07/01/2020,10:24:19,8.65,4.95,8200,7.4,4100,0,8200
CASTROLIND30JAN20125CE.NFO,07/01/2020,10:24:23,8.65,4.95,8200,7.1,4100,0,8200
CASTROLIND30JAN20125CE.NFO,07/01/2020,10:24:27,8.65,5,4100,6.75,4100,0,8200
CASTROLIND30JAN20125CE.NFO,07/01/2020,10:24:30,8.65,5,4100,6.95,4100,0,8200
CASTROLIND30JAN20125CE.NFO,07/01/2020,10:24:33,8.65,5,4100,7.1,4100,0,8200
CASTROLIND30JAN20125CE.NFO,07/01/2020,10:24:36,8.65,5,4100,7,4100,0,8200
CASTROLIND30JAN20125CE.NFO,07/01/2020,10:24:40,8.65,5,4100,6.75,4100,0,8200
CASTROLIND30JAN20125CE.NFO,07/01/2020,10:24:43,8.65,5.05,4100,7.7,4100,0,8200
CASTROLIND30JAN20125CE.NFO,07/01/2020,10:24:47,8.65,5,4100,7.7,4100,0,8200
CASTROLIND30JAN20125CE.NFO,07/01/2020,10:24:50,8.65,5.05,4100,7.7,4100,0,8200
CASTROLIND30JAN20125CE.NFO,07/01/2020,10:24:57,8.65,5.1,4100,7.7,4100,0,8200
CASTROLIND30JAN20125CE.NFO,07/01/2020,10:25:01,8.65,5.05,4100,7.7,4100,0,8200
CASTROLIND30JAN20125CE.NFO,07/01/2020,10:25:05,8.65,5,4100,7.7,4100,0,8200
CASTROLIND30JAN20125CE.NFO,07/01/2020,10:25:09,8.65,5.05,4100,7.7,4100,0,8200
CASTROLIND30JAN20125CE.NFO,07/01/2020,10:25:12,8.65,5.1,4100,7.7,4100,0,8200
CASTROLIND30JAN20125CE.NFO,07/01/2020,10:25:21,8.65,5,4100,7.7,4100,0,8200
CASTROLIND30JAN20125CE.NFO,07/01/2020,10:25:25,8.65,5.1,4100,7.7,4100,0,8200
CASTROLIND30JAN20125CE.NFO,07/01/2020,10:25:35,8.65,5.05,4100,7.7,4100,0,8200
CASTROLIND30JAN20125CE.NFO,07/01/2020,10:25:41,8.65,5,4100,7.7,4100,0,8200
CASTROLIND30JAN20125CE.NFO,07/01/2020,10:26:08,8.65,5,4100,7.05,32800,0,8200
CASTROLIND30JAN20125CE.NFO,07/01/2020,10:26:12,8.65,5,4100,6.55,20500,0,8200
CASTROLIND30JAN20125CE.NFO,07/01/2020,10:26:17,8.65,5,4100,6.95,32800,0,8200
CASTROLIND30JAN20125CE.NFO,07/01/2020,10:26:21,8.65,5,4100,6.65,32800,0,8200
CASTROLIND30JAN20125CE.NFO,07/01/2020,10:26:25,8.65,5,4100,6.4,4100,0,8200
CASTROLIND30JAN20125CE.NFO,07/01/2020,10:26:28,8.65,5,4100,6.55,4100,0,8200
CASTROLIND30JAN20125CE.NFO,07/01/2020,10:26:30,8.65,5,4100,6.85,36900,0,8200
CASTROLIND30JAN20125CE.NFO,07/01/2020,10:26:33,8.65,5,4100,6.8,4100,0,8200
CASTROLIND30JAN20125CE.NFO,07/01/2020,10:26:36,8.65,5,4100,6.65,32800,0,8200
CASTROLIND30JAN20125CE.NFO,07/01/2020,10:26:40,8.65,5,4100,6.4,4100,0,8200
CASTROLIND30JAN20125CE.NFO,07/01/2020,10:26:44,8.65,5,4100,6.45,4100,0,8200
CASTROLIND30JAN20125CE.NFO,07/01/2020,10:26:47,8.65,5,4100,6.55,20500,0,8200
CASTROLIND30JAN20125CE.NFO,07/01/2020,10:26:54,8.65,5,4100,6.45,8200,0,8200
CASTROLIND30JAN20125CE.NFO,07/01/2020,10:26:57,8.65,5,4100,6.4,4100,0,8200
CASTROLIND30JAN20125CE.NFO,07/01/2020,10:27:00,8.65,5,4100,6.45,4100,0,8200
CASTROLIND30JAN20125CE.NFO,07/01/2020,10:27:19,8.65,5,4100,6.5,4100,0,8200
CASTROLIND30JAN20125CE.NFO,07/01/2020,10:27:42,8.65,5,4100,6.45,4100,0,8200
CASTROLIND30JAN20125CE.NFO,07/01/2020,10:27:45,8.65,5,4100,6.5,4100,0,8200
CASTROLIND30JAN20125CE.NFO,07/01/2020,10:27:49,8.65,5,4100,6.45,4100,0,8200
CASTROLIND30JAN20125CE.NFO,07/01/2020,10:28:02,8.65,5,4100,6.4,4100,0,8200
CASTROLIND30JAN20125CE.NFO,07/01/2020,10:28:06,8.65,5,4100,6.35,4100,0,8200
CASTROLIND30JAN20125CE.NFO,07/01/2020,10:28:10,8.65,5,4100,6.45,12300,0,8200
CASTROLIND30JAN20125CE.NFO,07/01/2020,10:28:14,8.65,5,4100,6.3,4100,0,8200
CASTROLIND30JAN20125CE.NFO,07/01/2020,10:28:18,8.65,5,4100,6.5,20500,0,8200
CASTROLIND30JAN20125CE.NFO,07/01/2020,10:28:22,8.65,5,4100,6.75,4100,0,8200
CASTROLIND30JAN20125CE.NFO,07/01/2020,10:28:25,8.65,5,4100,7.7,4100,0,8200
CASTROLIND30JAN20125CE.NFO,07/01/2020,10:29:28,8.65,4.95,8200,7.7,4100,0,8200
CASTROLIND30JAN20125CE.NFO,07/01/2020,10:31:08,8.65,4.95,8200,7.65,32800,0,4100
CASTROLIND30JAN20125CE.NFO,07/01/2020,10:31:11,8.65,4.95,8200,7.55,32800,0,4100
CASTROLIND30JAN20125CE.NFO,07/01/2020,10:31:15,8.65,4.95,8200,7.15,32800,0,4100
CASTROLIND30JAN20125CE.NFO,07/01/2020,10:31:18,8.65,4.95,8200,7.05,32800,0,4100
CASTROLIND30JAN20125CE.NFO,07/01/2020,10:31:21,8.65,5,4100,6.65,32800,0,4100
CASTROLIND30JAN20125CE.NFO,07/01/2020,10:31:24,8.65,5,4100,6.3,4100,0,4100
CASTROLIND30JAN20125CE.NFO,07/01/2020,10:31:27,8.65,5,4100,6.7,32800,0,4100
CASTROLIND30JAN20125CE.NFO,07/01/2020,10:31:31,8.65,5,4100,6.5,20500,0,4100
CASTROLIND30JAN20125CE.NFO,07/01/2020,10:31:36,8.65,5,4100,6.35,4100,0,4100
CASTROLIND30JAN20125CE.NFO,07/01/2020,10:31:43,8.65,5,4100,6.3,4100,0,4100
CASTROLIND30JAN20125CE.NFO,07/01/2020,10:31:51,8.65,5,4100,6.35,4100,0,4100
CASTROLIND30JAN20125CE.NFO,07/01/2020,10:31:55,8.65,5,4100,6.3,4100,0,4100
CASTROLIND30JAN20125CE.NFO,07/01/2020,10:32:03,8.65,5,4100,6.25,4100,0,4100
CASTROLIND30JAN20125CE.NFO,07/01/2020,10:32:07,8.65,5,4100,6.45,12300,0,4100
CASTROLIND30JAN20125CE.NFO,07/01/2020,10:32:11,8.65,5,4100,6.2,4100,0,4100
CASTROLIND30JAN20125CE.NFO,07/01/2020,10:32:15,8.65,5,4100,6.5,20500,0,4100
CASTROLIND30JAN20125CE.NFO,07/01/2020,10:32:20,8.65,5,4100,6.4,4100,0,4100
CASTROLIND30JAN20125CE.NFO,07/01/2020,10:32:25,8.65,5,4100,6.35,4100,0,4100
CASTROLIND30JAN20125CE.NFO,07/01/2020,10:32:45,8.65,5,4100,6.4,4100,0,4100
CASTROLIND30JAN20125CE.NFO,07/01/2020,10:32:48,8.65,5,4100,6.35,4100,0,4100
CASTROLIND30JAN20125CE.NFO,07/01/2020,10:32:52,8.65,5,4100,6.95,4100,0,4100
CASTROLIND30JAN20125CE.NFO,07/01/2020,10:32:55,8.65,5,4100,7.7,4100,0,4100
CASTROLIND30JAN20125CE.NFO,07/01/2020,10:35:22,8.65,5,4100,7.25,32800,0,4100
CASTROLIND30JAN20125CE.NFO,07/01/2020,10:35:27,8.65,5,4100,7.15,32800,0,4100
CASTROLIND30JAN20125CE.NFO,07/01/2020,10:35:30,8.65,5,4100,6.75,32800,0,4100
CASTROLIND30JAN20125CE.NFO,07/01/2020,10:35:34,8.65,5,4100,6.55,24600,0,4100
CASTROLIND30JAN20125CE.NFO,07/01/2020,10:35:37,8.65,5,4100,6.5,16400,0,4100
CASTROLIND30JAN20125CE.NFO,07/01/2020,10:35:47,8.65,5,4100,6.5,12300,0,4100
CASTROLIND30JAN20125CE.NFO,07/01/2020,10:35:49,8.65,5,4100,6.4,4100,0,4100
CASTROLIND30JAN20125CE.NFO,07/01/2020,10:35:51,8.65,5,4100,6.35,4100,0,4100
CASTROLIND30JAN20125CE.NFO,07/01/2020,10:35:54,8.65,5,4100,6.4,4100,0,4100
CASTROLIND30JAN20125CE.NFO,07/01/2020,10:35:57,8.65,5,4100,6.45,8200,0,4100
CASTROLIND30JAN20125CE.NFO,07/01/2020,10:36:00,8.65,5,4100,6.4,4100,0,4100
CASTROLIND30JAN20125CE.NFO,07/01/2020,10:36:06,8.65,5,4100,6.35,4100,0,4100
CASTROLIND30JAN20125CE.NFO,07/01/2020,10:36:09,8.65,5,4100,6.45,8200,0,4100
CASTROLIND30JAN20125CE.NFO,07/01/2020,10:36:11,8.65,5,4100,6.4,4100,0,4100
CASTROLIND30JAN20125CE.NFO,07/01/2020,10:36:20,8.65,5,4100,6.45,4100,0,4100
CASTROLIND30JAN20125CE.NFO,07/01/2020,10:36:23,8.65,5,4100,6.4,4100,0,4100
CASTROLIND30JAN20125CE.NFO,07/01/2020,10:36:25,8.65,5,4100,6.55,20500,0,4100
CASTROLIND30JAN20125CE.NFO,07/01/2020,10:36:29,8.65,5,4100,6.6,20500,0,4100
CASTROLIND30JAN20125CE.NFO,07/01/2020,10:36:33,8.65,5,4100,6.5,12300,0,4100
CASTROLIND30JAN20125CE.NFO,07/01/2020,10:36:36,8.65,5,4100,6.8,28700,0,4100
CASTROLIND30JAN20125CE.NFO,07/01/2020,10:36:38,8.65,5,4100,6.5,12300,0,4100
CASTROLIND30JAN20125CE.NFO,07/01/2020,10:36:40,8.65,5,4100,6.6,20500,0,4100
CASTROLIND30JAN20125CE.NFO,07/01/2020,10:36:42,8.65,5,4100,6.45,4100,0,4100
CASTROLIND30JAN20125CE.NFO,07/01/2020,10:36:44,8.65,5,4100,6.5,12300,0,4100
CASTROLIND30JAN20125CE.NFO,07/01/2020,10:36:49,8.65,5,4100,6.45,4100,0,4100
CASTROLIND30JAN20125CE.NFO,07/01/2020,10:36:53,8.65,5,4100,6.95,4100,0,4100
CASTROLIND30JAN20125CE.NFO,07/01/2020,10:36:55,8.65,5,4100,7.55,4100,0,4100
CASTROLIND30JAN20125CE.NFO,07/01/2020,10:36:57,8.65,5,4100,7.7,4100,0,4100
CASTROLIND30JAN20125CE.NFO,07/01/2020,10:39:30,8.65,5,4100,7.55,41000,0,4100
CASTROLIND30JAN20125CE.NFO,07/01/2020,10:39:33,8.65,5,4100,6.75,41000,0,4100
CASTROLIND30JAN20125CE.NFO,07/01/2020,10:39:36,8.65,5,4100,6.65,41000,0,4100
CASTROLIND30JAN20125CE.NFO,07/01/2020,10:39:39,8.65,5,4100,6.75,41000,0,4100
CASTROLIND30JAN20125CE.NFO,07/01/2020,10:39:42,8.65,5,4100,6.3,4100,0,4100
CASTROLIND30JAN20125CE.NFO,07/01/2020,10:39:45,8.65,5,4100,6.45,12300,0,4100
CASTROLIND30JAN20125CE.NFO,07/01/2020,10:39:48,8.65,5,4100,6.3,4100,0,4100
CASTROLIND30JAN20125CE.NFO,07/01/2020,10:39:51,8.65,5,4100,6.5,28700,0,4100
CASTROLIND30JAN20125CE.NFO,07/01/2020,10:39:54,8.65,5,4100,6.4,12300,0,4100
CASTROLIND30JAN20125CE.NFO,07/01/2020,10:40:00,8.65,5,4100,6.35,4100,0,4100
CASTROLIND30JAN20125CE.NFO,07/01/2020,10:40:06,8.65,5,4100,6.3,4100,0,4100
CASTROLIND30JAN20125CE.NFO,07/01/2020,10:40:10,8.65,5,4100,6.35,4100,0,4100
CASTROLIND30JAN20125CE.NFO,07/01/2020,10:40:13,8.65,5,4100,6.3,4100,0,4100
CASTROLIND30JAN20125CE.NFO,07/01/2020,10:40:16,8.65,5,4100,6.35,4100,0,4100
CASTROLIND30JAN20125CE.NFO,07/01/2020,10:40:18,8.65,5,4100,6.4,12300,0,4100
CASTROLIND30JAN20125CE.NFO,07/01/2020,10:40:20,8.65,5,4100,6.35,4100,0,4100
CASTROLIND30JAN20125CE.NFO,07/01/2020,10:40:21,8.65,5,4100,6.45,12300,0,4100
CASTROLIND30JAN20125CE.NFO,07/01/2020,10:40:27,8.65,5,4100,6.35,4100,0,4100
CASTROLIND30JAN20125CE.NFO,07/01/2020,10:40:30,8.65,5,4100,6.85,4100,0,4100
CASTROLIND30JAN20125CE.NFO,07/01/2020,10:40:32,8.65,5,4100,7.6,4100,0,4100
CASTROLIND30JAN20125CE.NFO,07/01/2020,10:40:34,8.65,5,4100,7.7,4100,0,4100
CASTROLIND30JAN20125CE.NFO,07/01/2020,10:42:32,8.65,5.1,4100,7.7,4100,0,4100
CASTROLIND30JAN20125CE.NFO,07/01/2020,10:42:36,8.65,5,4100,7.7,4100,0,4100
CASTROLIND30JAN20125CE.NFO,07/01/2020,10:42:40,8.65,5.1,4100,7.7,4100,0,4100
CASTROLIND30JAN20125CE.NFO,07/01/2020,10:42:43,8.65,5.05,4100,7.7,4100,0,4100
CASTROLIND30JAN20125CE.NFO,07/01/2020,10:42:54,8.65,5.1,4100,7.7,4100,0,4100
CASTROLIND30JAN20125CE.NFO,07/01/2020,10:42:58,8.65,5.05,4100,7.7,4100,0,4100
CASTROLIND30JAN20125CE.NFO,07/01/2020,10:43:02,8.65,5.05,4100,7.05,41000,0,4100
CASTROLIND30JAN20125CE.NFO,07/01/2020,10:43:05,8.65,5,4100,6.55,12300,0,4100
CASTROLIND30JAN20125CE.NFO,07/01/2020,10:43:08,8.65,5,4100,7.25,41000,0,4100
CASTROLIND30JAN20125CE.NFO,07/01/2020,10:43:10,8.65,5,4100,7.05,41000,0,4100
CASTROLIND30JAN20125CE.NFO,07/01/2020,10:43:13,8.65,5,4100,6.95,41000,0,4100
CASTROLIND30JAN20125CE.NFO,07/01/2020,10:43:15,8.65,5,4100,6.75,41000,0,4100
CASTROLIND30JAN20125CE.NFO,07/01/2020,10:43:18,8.65,5,4100,7.25,41000,0,4100
CASTROLIND30JAN20125CE.NFO,07/01/2020,10:43:20,8.65,5,4100,7,41000,0,4100
CASTROLIND30JAN20125CE.NFO,07/01/2020,10:43:23,8.65,5,4100,6.6,16400,0,4100
CASTROLIND30JAN20125CE.NFO,07/01/2020,10:43:27,8.65,5,4100,6.45,4100,0,4100
CASTROLIND30JAN20125CE.NFO,07/01/2020,10:43:30,8.65,5,4100,6.6,16400,0,4100
CASTROLIND30JAN20125CE.NFO,07/01/2020,10:43:33,8.65,5,4100,6.45,4100,0,4100
CASTROLIND30JAN20125CE.NFO,07/01/2020,10:43:36,8.65,5,4100,6.5,16400,0,4100
CASTROLIND30JAN20125CE.NFO,07/01/2020,10:43:42,8.65,5,4100,6.45,4100,0,4100
CASTROLIND30JAN20125CE.NFO,07/01/2020,10:43:46,8.65,5,4100,7.7,4100,0,4100
CASTROLIND30JAN20125CE.NFO,07/01/2020,10:44:26,8.65,5.1,4100,7.7,4100,0,4100
CASTROLIND30JAN20125CE.NFO,07/01/2020,10:44:31,8.65,5.05,4100,7.7,4100,0,4100
CASTROLIND30JAN20125CE.NFO,07/01/2020,10:44:37,8.65,5.1,4100,7.7,4100,0,4100
CASTROLIND30JAN20125CE.NFO,07/01/2020,10:44:45,8.65,5.05,4100,7.7,4100,0,4100
CASTROLIND30JAN20125CE.NFO,07/01/2020,10:44:53,8.65,5.1,4100,7.7,4100,0,4100
CASTROLIND30JAN20125CE.NFO,07/01/2020,10:44:59,8.65,5.05,4100,7.7,4100,0,4100
CASTROLIND30JAN20125CE.NFO,07/01/2020,10:45:08,8.65,5.1,4100,7.7,4100,0,4100
CASTROLIND30JAN20125CE.NFO,07/01/2020,10:45:51,8.65,5.05,4100,7.7,4100,0,4100
CASTROLIND30JAN20125CE.NFO,07/01/2020,10:46:54,8.65,5.05,4100,7.15,41000,0,4100
CASTROLIND30JAN20125CE.NFO,07/01/2020,10:46:57,8.65,5.05,4100,6.75,28700,0,4100
CASTROLIND30JAN20125CE.NFO,07/01/2020,10:46:59,8.65,5.05,4100,6.7,28700,0,4100
CASTROLIND30JAN20125CE.NFO,07/01/2020,10:47:02,8.65,5,4100,7.3,45100,0,4100
CASTROLIND30JAN20125CE.NFO,07/01/2020,10:47:04,8.65,5,4100,6.95,4100,0,4100
CASTROLIND30JAN20125CE.NFO,07/01/2020,10:47:07,8.65,5,4100,7.3,4100,0,4100
CASTROLIND30JAN20125CE.NFO,07/01/2020,10:47:10,8.65,5,4100,7.55,4100,0,4100
CASTROLIND30JAN20125CE.NFO,07/01/2020,10:47:12,8.65,5,4100,7.2,4100,0,4100
CASTROLIND30JAN20125CE.NFO,07/01/2020,10:47:15,8.65,5,4100,6.6,4100,0,4100
CASTROLIND30JAN20125CE.NFO,07/01/2020,10:47:20,8.65,5.05,4100,7.7,4100,0,4100
CASTROLIND30JAN20125CE.NFO,07/01/2020,10:47:24,8.65,5.1,4100,7.7,4100,0,4100
CASTROLIND30JAN20125CE.NFO,07/01/2020,10:47:27,8.65,5.05,4100,7.7,4100,0,4100
CASTROLIND30JAN20125CE.NFO,07/01/2020,10:47:42,8.65,5.1,4100,7.7,4100,0,4100
CASTROLIND30JAN20125CE.NFO,07/01/2020,10:47:53,8.65,5.05,4100,7.7,4100,0,4100
CASTROLIND30JAN20125CE.NFO,07/01/2020,10:48:06,8.65,5.1,4100,7.7,4100,0,4100
CASTROLIND30JAN20125CE.NFO,07/01/2020,10:48:10,8.65,5.05,4100,7.7,4100,0,4100
CASTROLIND30JAN20125CE.NFO,07/01/2020,10:48:27,8.65,5.1,4100,7.7,4100,0,4100
CASTROLIND30JAN20125CE.NFO,07/01/2020,10:48:40,8.65,5.15,4100,7.7,4100,0,4100
CASTROLIND30JAN20125CE.NFO,07/01/2020,10:48:44,8.65,5.1,4100,7.7,4100,0,4100
CASTROLIND30JAN20125CE.NFO,07/01/2020,10:48:48,8.65,5.05,8200,7.7,4100,0,4100
CASTROLIND30JAN20125CE.NFO,07/01/2020,10:48:51,8.65,5.1,4100,7.7,4100,0,4100
CASTROLIND30JAN20125CE.NFO,07/01/2020,10:49:02,8.65,5.05,8200,7.7,4100,0,4100
CASTROLIND30JAN20125CE.NFO,07/01/2020,10:49:05,8.65,5.05,4100,7.7,4100,0,4100
CASTROLIND30JAN20125CE.NFO,07/01/2020,10:49:23,8.65,5.15,4100,7.7,4100,0,4100
CASTROLIND30JAN20125CE.NFO,07/01/2020,10:49:27,8.65,5.05,8200,7.7,4100,0,4100
CASTROLIND30JAN20125CE.NFO,07/01/2020,10:49:37,8.65,5.1,4100,7.15,36900,0,4100
CASTROLIND30JAN20125CE.NFO,07/01/2020,10:49:40,8.65,5.1,4100,7.6,36900,0,4100
CASTROLIND30JAN20125CE.NFO,07/01/2020,10:49:44,8.65,5,16400,6.6,4100,0,4100
CASTROLIND30JAN20125CE.NFO,07/01/2020,10:49:48,8.65,5,16400,7.05,4100,0,4100
CASTROLIND30JAN20125CE.NFO,07/01/2020,10:49:52,8.65,5,16400,7.6,4100,0,4100
CASTROLIND30JAN20125CE.NFO,07/01/2020,10:49:56,8.65,5,16400,6.9,4100,0,4100
CASTROLIND30JAN20125CE.NFO,07/01/2020,10:50:03,8.65,5.1,4100,7.45,4100,0,4100
CASTROLIND30JAN20125CE.NFO,07/01/2020,10:50:09,8.65,5.05,8200,7.7,4100,0,4100
CASTROLIND30JAN20125CE.NFO,07/01/2020,10:50:15,8.65,5.1,4100,7.7,4100,0,4100
CASTROLIND30JAN20125CE.NFO,07/01/2020,10:50:25,8.65,5.05,4100,7.7,4100,0,4100
CASTROLIND30JAN20125CE.NFO,07/01/2020,10:50:45,8.65,5.1,4100,7.7,4100,0,4100
CASTROLIND30JAN20125CE.NFO,07/01/2020,10:50:51,8.65,5,20500,7.7,4100,0,4100
CASTROLIND30JAN20125CE.NFO,07/01/2020,10:51:08,8.65,5,20500,6.45,4100,0,4100
CASTROLIND30JAN20125CE.NFO,07/01/2020,10:51:11,8.65,5,20500,7.35,4100,0,4100
CASTROLIND30JAN20125CE.NFO,07/01/2020,10:51:14,8.65,5,20500,7.1,4100,0,4100
CASTROLIND30JAN20125CE.NFO,07/01/2020,10:51:17,8.65,5,20500,6.7,4100,0,4100
CASTROLIND30JAN20125CE.NFO,07/01/2020,10:51:21,8.65,5.1,4100,7.7,4100,0,4100
CASTROLIND30JAN20125CE.NFO,07/01/2020,10:51:24,8.65,5.05,4100,7.7,4100,0,4100
CASTROLIND30JAN20125CE.NFO,07/01/2020,10:51:28,8.65,5.1,4100,7.7,4100,0,4100
CASTROLIND30JAN20125CE.NFO,07/01/2020,10:51:35,8.65,5.05,4100,7.7,4100,0,4100
CASTROLIND30JAN20125CE.NFO,07/01/2020,10:51:38,8.65,5,4100,7.7,4100,0,4100
CASTROLIND30JAN20125CE.NFO,07/01/2020,10:51:55,8.65,5,4100,6.75,4100,0,4100
CASTROLIND30JAN20125CE.NFO,07/01/2020,10:52:01,8.65,5.05,4100,7.7,4100,0,4100
CASTROLIND30JAN20125CE.NFO,07/01/2020,10:52:05,8.65,5.05,12300,7.7,4100,0,4100
CASTROLIND30JAN20125CE.NFO,07/01/2020,10:52:11,8.65,5.15,4100,7.7,4100,0,4100
CASTROLIND30JAN20125CE.NFO,07/01/2020,10:52:20,8.65,5.05,8200,6.65,16400,0,4100
CASTROLIND30JAN20125CE.NFO,07/01/2020,10:52:25,8.65,5.05,8200,6.5,4100,0,4100
CASTROLIND30JAN20125CE.NFO,07/01/2020,10:52:30,8.65,5.1,4100,7.7,4100,0,4100
CASTROLIND30JAN20125CE.NFO,07/01/2020,10:52:36,8.65,5.05,8200,7.7,4100,0,4100
CASTROLIND30JAN20125CE.NFO,07/01/2020,10:52:41,8.65,5.15,4100,7.7,4100,0,4100
CASTROLIND30JAN20125CE.NFO,07/01/2020,10:52:45,8.65,5.05,12300,7.7,4100,0,4100
CASTROLIND30JAN20125CE.NFO,07/01/2020,10:52:52,8.65,5.05,8200,7.7,4100,0,4100
CASTROLIND30JAN20125CE.NFO,07/01/2020,10:52:57,8.65,5,8200,7.7,4100,0,4100
CASTROLIND30JAN20125CE.NFO,07/01/2020,10:53:02,8.65,5,8200,6.6,4100,0,4100
CASTROLIND30JAN20125CE.NFO,07/01/2020,10:53:09,8.65,5,8200,6.7,4100,0,4100
CASTROLIND30JAN20125CE.NFO,07/01/2020,10:53:14,8.65,5,4100,6.9,4100,0,4100
CASTROLIND30JAN20125CE.NFO,07/01/2020,10:53:20,8.65,4.95,8200,6.9,4100,0,4100
CASTROLIND30JAN20125CE.NFO,07/01/2020,10:53:24,8.65,5,4100,7.5,4100,0,4100
CASTROLIND30JAN20125CE.NFO,07/01/2020,10:53:30,8.65,5,4100,6.45,4100,0,4100
CASTROLIND30JAN20125CE.NFO,07/01/2020,10:53:35,8.65,5,4100,6.85,4100,0,4100
CASTROLIND30JAN20125CE.NFO,07/01/2020,10:53:39,8.65,5,4100,7.65,4100,0,4100
CASTROLIND30JAN20125CE.NFO,07/01/2020,10:53:45,8.65,5,4100,6.85,4100,0,4100
CASTROLIND30JAN20125CE.NFO,07/01/2020,10:53:51,8.65,5,4100,7.2,4100,0,4100
CASTROLIND30JAN20125CE.NFO,07/01/2020,10:53:57,8.65,5,4100,6.8,4100,0,4100
CASTROLIND30JAN20125CE.NFO,07/01/2020,10:54:03,8.65,5,4100,7.7,4100,0,4100
CASTROLIND30JAN20125CE.NFO,07/01/2020,10:55:04,8.65,5,4100,7.25,28700,0,4100
CASTROLIND30JAN20125CE.NFO,07/01/2020,10:55:09,8.65,5,4100,6.95,28700,0,4100
CASTROLIND30JAN20125CE.NFO,07/01/2020,10:55:14,8.65,5,4100,6.75,28700,0,4100
CASTROLIND30JAN20125CE.NFO,07/01/2020,10:55:18,8.65,5,4100,6.55,12300,0,4100
CASTROLIND30JAN20125CE.NFO,07/01/2020,10:55:22,8.65,5,4100,6.45,4100,0,4100
CASTROLIND30JAN20125CE.NFO,07/01/2020,10:55:27,8.65,5,4100,6.5,8200,0,4100
CASTROLIND30JAN20125CE.NFO,07/01/2020,10:55:32,8.65,5,4100,6.45,4100,0,4100
CASTROLIND30JAN20125CE.NFO,07/01/2020,10:55:38,8.65,5,4100,6.55,12300,0,4100
CASTROLIND30JAN20125CE.NFO,07/01/2020,10:55:48,8.65,5,4100,6.4,4100,0,4100
CASTROLIND30JAN20125CE.NFO,07/01/2020,10:55:53,8.65,5,4100,6.45,8200,0,4100
CASTROLIND30JAN20125CE.NFO,07/01/2020,10:56:01,8.65,5,4100,6.55,16400,0,4100
CASTROLIND30JAN20125CE.NFO,07/01/2020,10:56:05,8.65,5,4100,6.4,4100,0,4100
CASTROLIND30JAN20125CE.NFO,07/01/2020,10:56:10,8.65,5,4100,6.5,4100,0,4100
CASTROLIND30JAN20125CE.NFO,07/01/2020,10:56:16,8.65,5,4100,6.55,8200,0,4100
CASTROLIND30JAN20125CE.NFO,07/01/2020,10:56:21,8.65,5,4100,6.5,4100,0,4100
CASTROLIND30JAN20125CE.NFO,07/01/2020,10:56:25,8.65,5,4100,6.55,16400,0,4100
CASTROLIND30JAN20125CE.NFO,07/01/2020,10:56:30,8.65,5,4100,6.4,4100,0,4100
CASTROLIND30JAN20125CE.NFO,07/01/2020,10:56:35,8.65,5,4100,6.65,24600,0,4100
CASTROLIND30JAN20125CE.NFO,07/01/2020,10:56:40,8.65,5,4100,7.65,4100,0,4100
CASTROLIND30JAN20125CE.NFO,07/01/2020,10:56:45,8.65,5,4100,7.7,4100,0,4100
CASTROLIND30JAN20125CE.NFO,07/01/2020,10:57:50,8.65,4.9,4100,7.7,4100,0,4100
CASTROLIND30JAN20125CE.NFO,07/01/2020,10:59:08,8.65,4.9,4100,7.25,41000,0,4100
CASTROLIND30JAN20125CE.NFO,07/01/2020,10:59:14,8.65,4.9,4100,6.55,41000,0,4100
CASTROLIND30JAN20125CE.NFO,07/01/2020,10:59:20,8.65,4.9,4100,6.2,4100,0,4100
CASTROLIND30JAN20125CE.NFO,07/01/2020,10:59:25,8.65,4.9,4100,6.25,8200,0,4100
CASTROLIND30JAN20125CE.NFO,07/01/2020,10:59:30,8.65,4.9,4100,6.35,20500,0,4100
CASTROLIND30JAN20125CE.NFO,07/01/2020,10:59:41,8.65,4.9,4100,6.35,24600,0,4100
CASTROLIND30JAN20125CE.NFO,07/01/2020,10:59:47,8.65,4.9,4100,6.4,36900,0,4100
CASTROLIND30JAN20125CE.NFO,07/01/2020,10:59:52,8.65,4.9,4100,6.4,4100,0,4100
CASTROLIND30JAN20125CE.NFO,07/01/2020,10:59:57,8.65,4.9,4100,6.4,16400,0,4100
CASTROLIND30JAN20125CE.NFO,07/01/2020,11:00:02,8.65,4.9,4100,6.15,4100,0,4100
CASTROLIND30JAN20125CE.NFO,07/01/2020,11:00:09,8.65,4.9,4100,6.2,4100,0,4100
CASTROLIND30JAN20125CE.NFO,07/01/2020,11:00:15,8.65,4.9,4100,6.25,16400,0,4100
CASTROLIND30JAN20125CE.NFO,07/01/2020,11:00:21,8.65,4.9,4100,6.2,4100,0,4100
CASTROLIND30JAN20125CE.NFO,07/01/2020,11:00:34,8.65,4.65,8200,6.2,4100,0,4100
CASTROLIND30JAN20125CE.NFO,07/01/2020,11:00:41,8.65,4.7,4100,7.7,4100,0,4100
CASTROLIND30JAN20125CE.NFO,07/01/2020,11:00:47,8.65,4.65,4100,7.3,4100,0,4100
CASTROLIND30JAN20125CE.NFO,07/01/2020,11:00:53,8.65,4.65,4100,6.05,4100,0,4100
CASTROLIND30JAN20125CE.NFO,07/01/2020,11:01:00,8.65,4.65,4100,6.8,4100,0,4100
CASTROLIND30JAN20125CE.NFO,07/01/2020,11:01:08,8.65,4.8,4100,7.1,4100,0,4100
CASTROLIND30JAN20125CE.NFO,07/01/2020,11:01:15,8.65,4.65,4100,6.8,4100,0,4100
CASTROLIND30JAN20125CE.NFO,07/01/2020,11:01:22,8.65,4.65,4100,7.4,4100,0,4100
CASTROLIND30JAN20125CE.NFO,07/01/2020,11:01:29,8.65,4.7,4100,7.25,4100,0,4100
CASTROLIND30JAN20125CE.NFO,07/01/2020,11:01:35,8.65,4.6,4100,6.2,4100,0,4100
CASTROLIND30JAN20125CE.NFO,07/01/2020,11:01:42,8.65,4.6,4100,6.45,4100,0,4100
CASTROLIND30JAN20125CE.NFO,07/01/2020,11:01:49,8.65,4.6,4100,6.4,4100,0,4100
CASTROLIND30JAN20125CE.NFO,07/01/2020,11:01:57,8.65,4.6,4100,6.05,4100,0,4100
CASTROLIND30JAN20125CE.NFO,07/01/2020,11:02:04,8.65,4.6,4100,6.25,12300,0,4100
CASTROLIND30JAN20125CE.NFO,07/01/2020,11:02:10,8.65,4.6,4100,6.2,4100,0,4100
CASTROLIND30JAN20125CE.NFO,07/01/2020,11:02:17,8.65,4.7,4100,6.05,4100,0,4100
CASTROLIND30JAN20125CE.NFO,07/01/2020,11:02:23,8.65,4.8,4100,6.05,4100,0,4100
CASTROLIND30JAN20125CE.NFO,07/01/2020,11:02:29,8.65,4.75,4100,5.85,4100,0,4100
CASTROLIND30JAN20125CE.NFO,07/01/2020,11:02:36,8.65,4.6,4100,5.85,4100,0,4100
CASTROLIND30JAN20125CE.NFO,07/01/2020,11:02:41,8.65,4.6,4100,5.85,8200,0,4100
CASTROLIND30JAN20125CE.NFO,07/01/2020,11:02:47,8.65,4.75,4100,6.15,4100,0,4100
CASTROLIND30JAN20125CE.NFO,07/01/2020,11:02:52,8.65,4.85,4100,6,4100,0,4100
CASTROLIND30JAN20125CE.NFO,07/01/2020,11:02:58,8.65,4.7,4100,6.2,4100,0,4100
CASTROLIND30JAN20125CE.NFO,07/01/2020,11:03:04,8.65,4.9,4100,5.95,4100,0,4100
CASTROLIND30JAN20125CE.NFO,07/01/2020,11:03:11,8.65,4.75,4100,5.75,4100,0,4100
CASTROLIND30JAN20125CE.NFO,07/01/2020,11:03:17,8.65,4.95,4100,5.9,4100,0,4100
CASTROLIND30JAN20125CE.NFO,07/01/2020,11:03:22,8.65,4.7,4100,5.75,4100,0,4100
CASTROLIND30JAN20125CE.NFO,07/01/2020,11:03:27,8.65,4.85,4100,6.2,20500,0,4100
CASTROLIND30JAN20125CE.NFO,07/01/2020,11:03:32,8.65,4.85,4100,5.75,4100,0,4100
CASTROLIND30JAN20125CE.NFO,07/01/2020,11:03:37,8.65,4.75,4100,5.8,4100,0,4100
CASTROLIND30JAN20125CE.NFO,07/01/2020,11:03:50,8.65,4.7,4100,5.75,4100,0,4100
CASTROLIND30JAN20125CE.NFO,07/01/2020,11:04:02,8.65,4.7,4100,6,8200,0,4100
CASTROLIND30JAN20125CE.NFO,07/01/2020,11:04:08,8.65,4.7,4100,5.75,4100,0,4100
CASTROLIND30JAN20125CE.NFO,07/01/2020,11:04:14,8.65,4.7,4100,6,8200,0,4100
CASTROLIND30JAN20125CE.NFO,07/01/2020,11:04:20,8.65,4.7,4100,6.05,8200,0,4100
CASTROLIND30JAN20125CE.NFO,07/01/2020,11:04:25,8.65,4.65,4100,5.9,8200,0,4100
CASTROLIND30JAN20125CE.NFO,07/01/2020,11:04:31,8.65,4.65,4100,6.1,4100,0,4100
CASTROLIND30JAN20125CE.NFO,07/01/2020,11:04:37,8.65,4.7,4100,5.85,4100,0,4100
CASTROLIND30JAN20125CE.NFO,07/01/2020,11:04:43,8.65,4.7,4100,6.05,4100,0,4100
CASTROLIND30JAN20125CE.NFO,07/01/2020,11:04:49,8.65,4.6,4100,5.75,4100,0,4100
CASTROLIND30JAN20125CE.NFO,07/01/2020,11:04:55,8.65,4.7,4100,6.15,16400,0,4100
CASTROLIND30JAN20125CE.NFO,07/01/2020,11:05:00,8.65,4.7,4100,6.05,4100,0,4100
CASTROLIND30JAN20125CE.NFO,07/01/2020,11:05:06,8.65,4.6,4100,5.8,4100,0,4100
CASTROLIND30JAN20125CE.NFO,07/01/2020,11:05:11,8.65,4.65,4100,5.85,4100,0,4100
CASTROLIND30JAN20125CE.NFO,07/01/2020,11:05:17,8.65,4.7,4100,5.75,4100,0,4100
CASTROLIND30JAN20125CE.NFO,07/01/2020,11:05:23,8.65,4.7,4100,5.9,4100,0,4100
CASTROLIND30JAN20125CE.NFO,07/01/2020,11:05:28,8.65,4.65,4100,5.85,4100,0,4100
CASTROLIND30JAN20125CE.NFO,07/01/2020,11:05:33,8.65,4.7,4100,5.7,4100,0,4100
CASTROLIND30JAN20125CE.NFO,07/01/2020,11:05:38,8.65,4.65,4100,5.95,4100,0,4100
CASTROLIND30JAN20125CE.NFO,07/01/2020,11:05:43,8.65,4.65,4100,5.8,4100,0,4100
CASTROLIND30JAN20125CE.NFO,07/01/2020,11:05:49,8.65,4.65,4100,6.25,24600,0,4100
CASTROLIND30JAN20125CE.NFO,07/01/2020,11:05:55,8.65,4.65,8200,6.15,8200,0,4100
CASTROLIND30JAN20125CE.NFO,07/01/2020,11:06:01,8.65,4.65,4100,5.85,4100,0,4100
CASTROLIND30JAN20125CE.NFO,07/01/2020,11:06:06,8.65,4.65,4100,6.15,4100,0,4100
CASTROLIND30JAN20125CE.NFO,07/01/2020,11:06:14,8.65,4.7,4100,5.95,4100,0,4100
CASTROLIND30JAN20125CE.NFO,07/01/2020,11:06:20,8.65,4.6,4100,6,8200,0,4100
CASTROLIND30JAN20125CE.NFO,07/01/2020,11:06:27,8.65,4.75,4100,5.85,4100,0,4100
CASTROLIND30JAN20125CE.NFO,07/01/2020,11:06:36,8.65,4.8,4100,5.85,4100,0,4100
CASTROLIND30JAN20125CE.NFO,07/01/2020,11:06:40,8.65,4.8,4100,5.9,4100,0,4100
CASTROLIND30JAN20125CE.NFO,07/01/2020,11:06:46,8.65,4.85,4100,6.25,24600,0,4100
CASTROLIND30JAN20125CE.NFO,07/01/2020,11:06:52,8.65,4.65,4100,5.85,4100,0,4100
CASTROLIND30JAN20125CE.NFO,07/01/2020,11:06:57,8.65,4.7,4100,6.05,4100,0,4100
CASTROLIND30JAN20125CE.NFO,07/01/2020,11:07:03,8.65,4.75,4100,5.9,4100,0,4100
CASTROLIND30JAN20125CE.NFO,07/01/2020,11:07:08,8.65,4.65,4100,5.9,4100,0,4100
CASTROLIND30JAN20125CE.NFO,07/01/2020,11:07:18,8.65,4.7,4100,6.05,4100,0,4100
CASTROLIND30JAN20125CE.NFO,07/01/2020,11:07:23,8.65,4.65,4100,5.9,4100,0,4100
CASTROLIND30JAN20125CE.NFO,07/01/2020,11:07:28,8.65,4.75,4100,6.25,20500,0,4100
CASTROLIND30JAN20125CE.NFO,07/01/2020,11:07:32,8.65,4.8,4100,6.05,4100,0,4100
CASTROLIND30JAN20125CE.NFO,07/01/2020,11:07:37,8.65,4.8,4100,6.1,4100,0,4100
CASTROLIND30JAN20125CE.NFO,07/01/2020,11:07:42,8.65,4.85,4100,6.2,4100,0,4100
CASTROLIND30JAN20125CE.NFO,07/01/2020,11:07:47,8.65,4.8,4100,6.45,4100,0,4100
CASTROLIND30JAN20125CE.NFO,07/01/2020,11:07:51,8.65,4.65,4100,6.45,4100,0,4100
CASTROLIND30JAN20125CE.NFO,07/01/2020,11:07:56,8.65,4.8,4100,5.95,4100,0,4100
CASTROLIND30JAN20125CE.NFO,07/01/2020,11:08:00,8.65,4.65,4100,5.9,4100,0,4100
CASTROLIND30JAN20125CE.NFO,07/01/2020,11:08:04,8.65,4.75,4100,5.9,4100,0,4100
CASTROLIND30JAN20125CE.NFO,07/01/2020,11:08:08,8.65,4.65,4100,6.25,4100,0,4100
CASTROLIND30JAN20125CE.NFO,07/01/2020,11:08:12,8.65,4.75,4100,6.35,4100,0,4100
CASTROLIND30JAN20125CE.NFO,07/01/2020,11:08:16,8.65,4.65,4100,5.9,4100,0,4100
CASTROLIND30JAN20125CE.NFO,07/01/2020,11:08:20,8.65,4.65,4100,6.2,4100,0,4100
CASTROLIND30JAN20125CE.NFO,07/01/2020,11:08:24,8.65,4.65,4100,5.95,4100,0,4100
CASTROLIND30JAN20125CE.NFO,07/01/2020,11:08:29,8.65,4.65,4100,6.05,4100,0,4100
CASTROLIND30JAN20125CE.NFO,07/01/2020,11:08:34,8.65,4.65,8200,5.95,4100,0,4100
CASTROLIND30JAN20125CE.NFO,07/01/2020,11:08:39,8.65,4.65,4100,6.5,4100,0,4100
CASTROLIND30JAN20125CE.NFO,07/01/2020,11:08:44,8.65,4.8,4100,6.4,4100,0,4100
CASTROLIND30JAN20125CE.NFO,07/01/2020,11:08:48,8.65,4.7,4100,6.3,4100,0,4100
CASTROLIND30JAN20125CE.NFO,07/01/2020,11:08:52,8.65,4.8,4100,6.4,4100,0,4100
CASTROLIND30JAN20125CE.NFO,07/01/2020,11:08:57,8.65,4.85,4100,6.15,4100,0,4100
CASTROLIND30JAN20125CE.NFO,07/01/2020,11:09:03,8.65,4.8,4100,6.25,4100,0,4100
CASTROLIND30JAN20125CE.NFO,07/01/2020,11:09:07,8.65,4.8,4100,6.15,4100,0,4100
CASTROLIND30JAN20125CE.NFO,07/01/2020,11:09:12,8.65,4.8,4100,6.05,4100,0,4100
CASTROLIND30JAN20125CE.NFO,07/01/2020,11:09:16,8.65,4.65,8200,6.25,4100,0,4100
CASTROLIND30JAN20125CE.NFO,07/01/2020,11:09:20,8.65,4.8,4100,6.2,4100,0,4100
CASTROLIND30JAN20125CE.NFO,07/01/2020,11:09:25,8.65,4.75,4100,5.9,4100,0,4100
CASTROLIND30JAN20125CE.NFO,07/01/2020,11:09:30,8.65,4.65,4100,5.95,4100,0,4100
CASTROLIND30JAN20125CE.NFO,07/01/2020,11:09:34,8.65,4.7,4100,5.95,4100,0,4100
CASTROLIND30JAN20125CE.NFO,07/01/2020,11:09:38,8.65,4.75,4100,5.95,4100,0,4100
CASTROLIND30JAN20125CE.NFO,07/01/2020,11:09:42,8.65,4.65,4100,6,4100,0,4100
CASTROLIND30JAN20125CE.NFO,07/01/2020,11:09:46,8.65,4.7,4100,6,4100,0,4100
CASTROLIND30JAN20125CE.NFO,07/01/2020,11:09:51,8.65,4.65,4100,6.1,4100,0,4100
CASTROLIND30JAN20125CE.NFO,07/01/2020,11:09:54,8.65,4.7,4100,5.95,4100,0,4100
CASTROLIND30JAN20125CE.NFO,07/01/2020,11:09:57,8.65,4.75,4100,6,4100,0,4100
CASTROLIND30JAN20125CE.NFO,07/01/2020,11:10:01,8.65,4.8,4100,6,4100,0,4100
CASTROLIND30JAN20125CE.NFO,07/01/2020,11:10:05,8.65,4.7,4100,6.3,12300,0,4100
CASTROLIND30JAN20125CE.NFO,07/01/2020,11:10:10,8.65,4.7,4100,5.95,4100,0,4100
CASTROLIND30JAN20125CE.NFO,07/01/2020,11:10:15,8.65,4.8,4100,5.95,4100,0,4100
CASTROLIND30JAN20125CE.NFO,07/01/2020,11:10:19,8.65,4.75,4100,6.3,16400,0,4100
CASTROLIND30JAN20125CE.NFO,07/01/2020,11:10:24,8.65,4.65,4100,5.95,4100,0,4100
CASTROLIND30JAN20125CE.NFO,07/01/2020,11:10:27,8.65,4.75,4100,5.95,4100,0,4100
CASTROLIND30JAN20125CE.NFO,07/01/2020,11:10:31,8.65,4.8,4100,6.2,4100,0,4100
CASTROLIND30JAN20125CE.NFO,07/01/2020,11:10:39,8.65,4.65,4100,6.25,4100,0,4100
CASTROLIND30JAN20125CE.NFO,07/01/2020,11:10:50,8.65,4.75,4100,5.9,4100,0,4100
CASTROLIND30JAN20125CE.NFO,07/01/2020,11:10:54,8.65,4.8,4100,5.9,4100,0,4100
CASTROLIND30JAN20125CE.NFO,07/01/2020,11:10:57,8.65,4.7,4100,5.95,4100,0,4100
CASTROLIND30JAN20125CE.NFO,07/01/2020,11:11:01,8.65,4.8,4100,6.2,4100,0,4100
CASTROLIND30JAN20125CE.NFO,07/01/2020,11:11:06,8.65,4.7,4100,6.55,20500,0,4100
CASTROLIND30JAN20125CE.NFO,07/01/2020,11:11:13,8.65,4.65,4100,6.2,12300,0,4100
CASTROLIND30JAN20125CE.NFO,07/01/2020,11:11:19,8.65,4.65,8200,6.3,12300,0,4100
CASTROLIND30JAN20125CE.NFO,07/01/2020,11:11:26,8.65,4.8,4100,6.05,4100,0,4100
CASTROLIND30JAN20125CE.NFO,07/01/2020,11:11:33,8.65,4.8,4100,6,4100,0,4100
CASTROLIND30JAN20125CE.NFO,07/01/2020,11:11:40,8.65,4.75,4100,6.2,12300,0,4100
CASTROLIND30JAN20125CE.NFO,07/01/2020,11:11:45,8.65,4.65,4100,5.9,4100,0,4100
CASTROLIND30JAN20125CE.NFO,07/01/2020,11:11:56,8.65,4.65,4100,6.1,4100,0,4100
CASTROLIND30JAN20125CE.NFO,07/01/2020,11:12:03,8.65,4.65,8200,6.15,4100,0,4100
CASTROLIND30JAN20125CE.NFO,07/01/2020,11:12:12,8.65,4.8,4100,5.95,4100,0,4100
CASTROLIND30JAN20125CE.NFO,07/01/2020,11:12:18,8.65,4.8,4100,6.15,4100,0,4100
CASTROLIND30JAN20125CE.NFO,07/01/2020,11:12:25,8.65,4.65,8200,5.85,4100,0,4100
CASTROLIND30JAN20125CE.NFO,07/01/2020,11:12:32,8.65,4.7,4100,5.8,4100,0,4100
CASTROLIND30JAN20125CE.NFO,07/01/2020,11:12:39,8.65,4.8,4100,5.85,4100,0,4100
CASTROLIND30JAN20125CE.NFO,07/01/2020,11:12:44,8.65,4.7,4100,6,4100,0,4100
CASTROLIND30JAN20125CE.NFO,07/01/2020,11:12:49,8.65,4.65,4100,6,4100,0,4100
CASTROLIND30JAN20125CE.NFO,07/01/2020,11:12:53,8.65,4.75,4100,5.95,4100,0,4100
CASTROLIND30JAN20125CE.NFO,07/01/2020,11:12:58,8.65,4.7,4100,5.85,4100,0,4100
CASTROLIND30JAN20125CE.NFO,07/01/2020,11:13:03,8.65,4.8,4100,6.05,4100,0,4100
CASTROLIND30JAN20125CE.NFO,07/01/2020,11:13:08,8.65,4.8,4100,5.8,4100,0,4100
CASTROLIND30JAN20125CE.NFO,07/01/2020,11:13:14,8.65,4.75,4100,6.15,4100,0,4100
CASTROLIND30JAN20125CE.NFO,07/01/2020,11:13:20,8.65,4.8,4100,5.9,4100,0,4100
CASTROLIND30JAN20125CE.NFO,07/01/2020,11:13:26,8.65,4.8,4100,5.8,4100,0,4100
CASTROLIND30JAN20125CE.NFO,07/01/2020,11:13:32,8.65,4.8,4100,6.05,4100,0,4100
CASTROLIND30JAN20125CE.NFO,07/01/2020,11:13:38,8.65,4.65,8200,5.85,4100,0,4100
CASTROLIND30JAN20125CE.NFO,07/01/2020,11:13:44,8.65,4.65,8200,5.7,4100,0,4100
CASTROLIND30JAN20125CE.NFO,07/01/2020,11:13:50,8.65,4.7,4100,5.75,4100,0,4100
CASTROLIND30JAN20125CE.NFO,07/01/2020,11:13:56,8.65,4.65,4100,5.95,4100,0,4100
CASTROLIND30JAN20125CE.NFO,07/01/2020,11:14:01,8.65,4.7,4100,5.8,4100,0,4100
CASTROLIND30JAN20125CE.NFO,07/01/2020,11:14:07,8.65,4.65,4100,6.2,4100,0,4100
CASTROLIND30JAN20125CE.NFO,07/01/2020,11:14:13,8.65,4.8,4100,6.3,4100,0,4100
CASTROLIND30JAN20125CE.NFO,07/01/2020,11:14:19,8.65,4.8,4100,6.35,4100,0,4100
CASTROLIND30JAN20125CE.NFO,07/01/2020,11:14:25,8.65,4.7,4100,6,4100,0,4100
CASTROLIND30JAN20125CE.NFO,07/01/2020,11:14:30,8.65,4.7,4100,6.25,4100,0,4100
CASTROLIND30JAN20125CE.NFO,07/01/2020,11:14:35,8.65,4.65,4100,5.95,4100,0,4100
CASTROLIND30JAN20125CE.NFO,07/01/2020,11:14:40,8.65,4.7,4100,6.15,4100,0,4100
CASTROLIND30JAN20125CE.NFO,07/01/2020,11:14:44,8.65,4.75,4100,6.25,24600,0,4100
CASTROLIND30JAN20125CE.NFO,07/01/2020,11:14:49,8.65,4.75,4100,6.15,12300,0,4100
CASTROLIND30JAN20125CE.NFO,07/01/2020,11:14:54,8.65,4.75,4100,6.25,24600,0,4100
CASTROLIND30JAN20125CE.NFO,07/01/2020,11:15:06,8.65,4.65,4100,5.85,4100,0,4100
CASTROLIND30JAN20125CE.NFO,07/01/2020,11:15:12,8.65,4.65,4100,5.75,4100,0,4100
CASTROLIND30JAN20125CE.NFO,07/01/2020,11:15:18,8.65,4.6,4100,5.9,8200,0,4100
CASTROLIND30JAN20125CE.NFO,07/01/2020,11:15:23,8.65,4.8,4100,5.9,4100,0,4100
CASTROLIND30JAN20125CE.NFO,07/01/2020,11:15:28,8.65,4.8,4100,5.7,4100,0,4100
CASTROLIND30JAN20125CE.NFO,07/01/2020,11:15:33,8.65,4.7,4100,6.1,24600,0,4100
CASTROLIND30JAN20125CE.NFO,07/01/2020,11:15:37,8.65,4.65,4100,5.85,4100,0,4100
CASTROLIND30JAN20125CE.NFO,07/01/2020,11:15:41,8.65,4.65,4100,5.8,4100,0,4100
CASTROLIND30JAN20125CE.NFO,07/01/2020,11:15:46,8.65,4.6,4100,5.9,4100,0,4100
CASTROLIND30JAN20125CE.NFO,07/01/2020,11:15:51,8.65,4.7,12300,6,8200,0,4100
CASTROLIND30JAN20125CE.NFO,07/01/2020,11:15:57,8.65,4.7,12300,5.85,4100,0,4100
CASTROLIND30JAN20125CE.NFO,07/01/2020,11:16:02,8.65,4.6,4100,5.85,4100,0,4100
CASTROLIND30JAN20125CE.NFO,07/01/2020,11:16:09,8.65,4.6,4100,5.75,4100,0,4100
CASTROLIND30JAN20125CE.NFO,07/01/2020,11:16:15,8.65,4.55,4100,5.85,4100,0,4100
CASTROLIND30JAN20125CE.NFO,07/01/2020,11:16:21,8.65,4.55,4100,5.8,4100,0,4100
CASTROLIND30JAN20125CE.NFO,07/01/2020,11:16:28,8.65,4.7,4100,6.15,16400,0,4100
CASTROLIND30JAN20125CE.NFO,07/01/2020,11:16:33,8.65,4.6,4100,5.9,4100,0,4100
CASTROLIND30JAN20125CE.NFO,07/01/2020,11:16:37,8.65,4.75,4100,5.9,4100,0,4100
CASTROLIND30JAN20125CE.NFO,07/01/2020,11:16:42,8.65,4.6,4100,6.25,4100,0,4100
CASTROLIND30JAN20125CE.NFO,07/01/2020,11:16:47,8.65,4.55,4100,6.1,4100,0,4100
CASTROLIND30JAN20125CE.NFO,07/01/2020,11:16:52,8.65,4.6,4100,5.9,4100,0,4100
CASTROLIND30JAN20125CE.NFO,07/01/2020,11:16:59,8.65,4.55,4100,5.9,4100,0,4100
CASTROLIND30JAN20125CE.NFO,07/01/2020,11:17:04,8.65,4.55,4100,5.85,4100,0,4100
CASTROLIND30JAN20125CE.NFO,07/01/2020,11:17:09,8.65,4.55,4100,6.35,8200,0,4100
CASTROLIND30JAN20125CE.NFO,07/01/2020,11:17:13,8.65,4.55,4100,5.95,8200,0,4100
CASTROLIND30JAN20125CE.NFO,07/01/2020,11:17:18,8.65,4.65,4100,6.3,4100,0,4100
CASTROLIND30JAN20125CE.NFO,07/01/2020,11:17:23,8.65,4.65,4100,6.05,4100,0,4100
CASTROLIND30JAN20125CE.NFO,07/01/2020,11:17:33,8.65,4.7,4100,5.85,4100,0,4100
CASTROLIND30JAN20125CE.NFO,07/01/2020,11:17:39,8.65,4.75,4100,6.4,8200,0,4100
CASTROLIND30JAN20125CE.NFO,07/01/2020,11:17:44,8.65,4.7,4100,6.05,4100,0,4100
CASTROLIND30JAN20125CE.NFO,07/01/2020,11:17:50,8.65,4.8,4100,6.1,4100,0,4100
CASTROLIND30JAN20125CE.NFO,07/01/2020,11:17:55,8.65,4.6,8200,5.95,4100,0,4100
CASTROLIND30JAN20125CE.NFO,07/01/2020,11:17:59,8.65,4.85,4100,6.2,4100,0,4100
CASTROLIND30JAN20125CE.NFO,07/01/2020,11:18:04,8.65,4.85,4100,6.5,12300,0,4100
CASTROLIND30JAN20125CE.NFO,07/01/2020,11:18:10,8.65,4.8,4100,6.25,4100,0,4100
CASTROLIND30JAN20125CE.NFO,07/01/2020,11:18:14,8.65,4.75,4100,5.95,4100,0,4100
CASTROLIND30JAN20125CE.NFO,07/01/2020,11:18:19,8.65,4.7,12300,6.45,8200,0,4100
CASTROLIND30JAN20125CE.NFO,07/01/2020,11:18:23,8.65,4.75,4100,6.3,4100,0,4100
CASTROLIND30JAN20125CE.NFO,07/01/2020,11:18:28,8.65,4.75,4100,6.55,12300,0,4100
CASTROLIND30JAN20125CE.NFO,07/01/2020,11:18:32,8.65,4.7,4100,5.95,8200,0,4100
CASTROLIND30JAN20125CE.NFO,07/01/2020,11:18:37,8.65,4.55,4100,5.95,4100,0,4100
CASTROLIND30JAN20125CE.NFO,07/01/2020,11:18:44,8.65,4.6,4100,6.35,4100,0,4100
CASTROLIND30JAN20125CE.NFO,07/01/2020,11:18:50,8.65,4.55,4100,6.15,4100,0,4100
CASTROLIND30JAN20125CE.NFO,07/01/2020,11:18:56,8.65,4.55,4100,6.2,4100,0,4100
CASTROLIND30JAN20125CE.NFO,07/01/2020,11:19:01,8.65,4.55,4100,6.15,4100,0,4100
CASTROLIND30JAN20125CE.NFO,07/01/2020,11:19:07,8.65,4.55,4100,6.05,4100,0,4100
CASTROLIND30JAN20125CE.NFO,07/01/2020,11:19:12,8.65,4.55,4100,6.2,4100,0,4100
CASTROLIND30JAN20125CE.NFO,07/01/2020,11:19:19,8.65,4.55,4100,6,4100,0,4100
CASTROLIND30JAN20125CE.NFO,07/01/2020,11:19:28,8.65,4.55,4100,6.2,12300,0,4100
CASTROLIND30JAN20125CE.NFO,07/01/2020,11:19:36,8.65,4.55,4100,6.05,4100,0,4100
CASTROLIND30JAN20125CE.NFO,07/01/2020,11:19:42,8.65,4.55,4100,6.2,8200,0,4100
CASTROLIND30JAN20125CE.NFO,07/01/2020,11:19:48,8.65,4.55,4100,6,4100,0,4100
CASTROLIND30JAN20125CE.NFO,07/01/2020,11:19:54,8.65,4.55,4100,6.25,24600,0,4100
CASTROLIND30JAN20125CE.NFO,07/01/2020,11:19:58,8.65,4.55,4100,6,4100,0,4100
CASTROLIND30JAN20125CE.NFO,07/01/2020,11:20:02,8.65,4.55,4100,6.35,24600,0,4100
CASTROLIND30JAN20125CE.NFO,07/01/2020,11:20:08,8.65,4.55,4100,6.2,16400,0,4100
CASTROLIND30JAN20125CE.NFO,07/01/2020,11:20:13,8.65,4.55,4100,6.15,8200,0,4100
CASTROLIND30JAN20125CE.NFO,07/01/2020,11:20:19,8.65,4.55,4100,6,4100,0,4100
CASTROLIND30JAN20125CE.NFO,07/01/2020,11:20:27,8.65,4.75,4100,6.05,4100,0,4100
CASTROLIND30JAN20125CE.NFO,07/01/2020,11:20:33,8.65,4.7,4100,6.15,4100,0,4100
CASTROLIND30JAN20125CE.NFO,07/01/2020,11:20:37,8.65,4.6,4100,5.95,4100,0,4100
CASTROLIND30JAN20125CE.NFO,07/01/2020,11:20:43,8.65,4.65,4100,6.35,4100,0,4100
CASTROLIND30JAN20125CE.NFO,07/01/2020,11:20:48,8.65,4.55,4100,6,4100,0,4100
CASTROLIND30JAN20125CE.NFO,07/01/2020,11:20:54,8.65,4.75,4100,6.3,4100,0,4100
CASTROLIND30JAN20125CE.NFO,07/01/2020,11:21:00,8.65,4.55,4100,5.95,4100,0,4100
CASTROLIND30JAN20125CE.NFO,07/01/2020,11:21:05,8.65,4.75,4100,6.2,4100,0,4100
CASTROLIND30JAN20125CE.NFO,07/01/2020,11:21:09,8.65,4.6,4100,5.95,4100,0,4100
CASTROLIND30JAN20125CE.NFO,07/01/2020,11:21:14,8.65,4.8,4100,6.15,4100,0,4100
CASTROLIND30JAN20125CE.NFO,07/01/2020,11:21:18,8.65,4.6,4100,5.95,4100,0,4100
CASTROLIND30JAN20125CE.NFO,07/01/2020,11:21:22,8.65,4.6,4100,6.2,4100,0,4100
CASTROLIND30JAN20125CE.NFO,07/01/2020,11:21:26,8.65,4.85,4100,6.55,4100,0,4100
CASTROLIND30JAN20125CE.NFO,07/01/2020,11:21:32,8.65,4.85,4100,6.45,4100,0,4100
CASTROLIND30JAN20125CE.NFO,07/01/2020,11:21:37,8.65,4.7,4100,6.1,8200,0,4100
CASTROLIND30JAN20125CE.NFO,07/01/2020,11:21:43,8.65,4.9,4100,6.6,8200,0,4100
CASTROLIND30JAN20125CE.NFO,07/01/2020,11:21:48,8.65,4.7,4100,6.35,4100,0,4100
CASTROLIND30JAN20125CE.NFO,07/01/2020,11:21:52,8.65,4.75,4100,6.2,4100,0,4100
CASTROLIND30JAN20125CE.NFO,07/01/2020,11:21:55,8.65,4.75,4100,5.95,4100,0,4100
CASTROLIND30JAN20125CE.NFO,07/01/2020,11:21:59,8.65,4.55,4100,5.95,4100,0,4100
CASTROLIND30JAN20125CE.NFO,07/01/2020,11:22:03,8.65,4.75,4100,6.3,8200,0,4100
CASTROLIND30JAN20125CE.NFO,07/01/2020,11:22:07,8.65,4.55,4100,5.95,4100,0,4100
CASTROLIND30JAN20125CE.NFO,07/01/2020,11:22:12,8.65,4.55,4100,6.45,8200,0,4100
CASTROLIND30JAN20125CE.NFO,07/01/2020,11:22:15,8.65,4.55,4100,6.4,4100,0,4100
CASTROLIND30JAN20125CE.NFO,07/01/2020,11:22:20,8.65,4.55,4100,6,8200,0,4100
CASTROLIND30JAN20125CE.NFO,07/01/2020,11:22:24,8.65,4.6,4100,5.9,4100,0,4100
CASTROLIND30JAN20125CE.NFO,07/01/2020,11:22:28,8.65,4.7,4100,6.55,4100,0,4100
CASTROLIND30JAN20125CE.NFO,07/01/2020,11:22:32,8.65,4.55,4100,6.25,8200,0,4100
CASTROLIND30JAN20125CE.NFO,07/01/2020,11:22:37,8.65,4.75,4100,6.05,4100,0,4100
CASTROLIND30JAN20125CE.NFO,07/01/2020,11:22:41,8.65,4.6,4100,5.9,4100,0,4100
CASTROLIND30JAN20125CE.NFO,07/01/2020,11:22:45,8.65,4.65,4100,6.45,4100,0,4100
CASTROLIND30JAN20125CE.NFO,07/01/2020,11:22:48,8.65,4.6,4100,5.9,4100,0,4100
CASTROLIND30JAN20125CE.NFO,07/01/2020,11:22:52,8.65,4.7,4100,6.35,4100,0,4100
CASTROLIND30JAN20125CE.NFO,07/01/2020,11:23:01,8.65,4.55,4100,6.05,4100,0,4100
CASTROLIND30JAN20125CE.NFO,07/01/2020,11:23:06,8.65,4.55,4100,6,4100,0,4100
CASTROLIND30JAN20125CE.NFO,07/01/2020,11:23:11,8.65,4.55,4100,5.95,4100,0,4100
CASTROLIND30JAN20125CE.NFO,07/01/2020,11:23:16,8.65,4.6,4100,5.95,4100,0,4100
CASTROLIND30JAN20125CE.NFO,07/01/2020,11:23:21,8.65,4.75,4100,6,4100,0,4100
CASTROLIND30JAN20125CE.NFO,07/01/2020,11:23:24,8.65,4.6,4100,5.9,4100,0,4100
CASTROLIND30JAN20125CE.NFO,07/01/2020,11:23:29,8.65,4.7,4100,5.95,4100,0,4100
CASTROLIND30JAN20125CE.NFO,07/01/2020,11:23:33,8.65,4.6,4100,5.95,4100,0,4100
CASTROLIND30JAN20125CE.NFO,07/01/2020,11:23:37,8.65,4.75,4100,6.05,4100,0,4100
CASTROLIND30JAN20125CE.NFO,07/01/2020,11:23:42,8.65,4.6,4100,5.9,4100,0,4100
CASTROLIND30JAN20125CE.NFO,07/01/2020,11:23:46,8.65,4.7,4100,6.25,36900,0,4100
CASTROLIND30JAN20125CE.NFO,07/01/2020,11:23:51,8.65,4.8,4100,6.1,8200,0,4100
CASTROLIND30JAN20125CE.NFO,07/01/2020,11:23:56,8.65,4.85,4100,6,4100,0,4100
CASTROLIND30JAN20125CE.NFO,07/01/2020,11:24:01,8.65,4.7,4100,6.1,4100,0,4100
CASTROLIND30JAN20125CE.NFO,07/01/2020,11:24:12,8.65,4.55,4100,5.95,4100,0,4100
CASTROLIND30JAN20125CE.NFO,07/01/2020,11:24:18,8.65,4.85,4100,5.9,4100,0,4100
CASTROLIND30JAN20125CE.NFO,07/01/2020,11:24:22,8.65,4.7,12300,5.9,4100,0,4100
CASTROLIND30JAN20125CE.NFO,07/01/2020,11:24:32,8.65,4.8,4100,6.05,4100,0,4100
CASTROLIND30JAN20125CE.NFO,07/01/2020,11:24:36,8.65,4.7,12300,6,4100,0,4100
CASTROLIND30JAN20125CE.NFO,07/01/2020,11:24:41,8.65,4.85,4100,5.9,4100,0,4100
CASTROLIND30JAN20125CE.NFO,07/01/2020,11:24:45,8.65,4.7,12300,5.95,4100,0,4100
CASTROLIND30JAN20125CE.NFO,07/01/2020,11:24:49,8.65,4.7,4100,5.95,4100,0,4100
CASTROLIND30JAN20125CE.NFO,07/01/2020,11:24:53,8.65,4.6,16400,5.9,4100,0,4100
CASTROLIND30JAN20125CE.NFO,07/01/2020,11:24:57,8.65,4.75,4100,6.25,4100,0,4100
CASTROLIND30JAN20125CE.NFO,07/01/2020,11:25:02,8.65,4.65,4100,6,4100,0,4100
CASTROLIND30JAN20125CE.NFO,07/01/2020,11:25:07,8.65,4.55,4100,6,4100,0,4100
CASTROLIND30JAN20125CE.NFO,07/01/2020,11:25:12,8.65,4.7,4100,6.3,4100,0,4100
CASTROLIND30JAN20125CE.NFO,07/01/2020,11:25:16,8.65,4.55,4100,5.95,4100,0,4100
CASTROLIND30JAN20125CE.NFO,07/01/2020,11:25:20,8.65,4.75,4100,5.95,4100,0,4100
CASTROLIND30JAN20125CE.NFO,07/01/2020,11:25:30,8.65,4.55,4100,5.9,4100,0,4100
CASTROLIND30JAN20125CE.NFO,07/01/2020,11:25:35,8.65,4.55,4100,6.05,4100,0,4100
CASTROLIND30JAN20125CE.NFO,07/01/2020,11:25:39,8.65,4.55,4100,5.95,4100,0,4100
CASTROLIND30JAN20125CE.NFO,07/01/2020,11:25:43,8.65,4.7,4100,6.05,4100,0,4100
CASTROLIND30JAN20125CE.NFO,07/01/2020,11:25:48,8.65,4.6,4100,5.9,4100,0,4100
CASTROLIND30JAN20125CE.NFO,07/01/2020,11:25:56,8.65,4.55,4100,5.9,4100,0,4100
CASTROLIND30JAN20125CE.NFO,07/01/2020,11:26:00,8.65,4.7,4100,6.25,4100,0,4100
CASTROLIND30JAN20125CE.NFO,07/01/2020,11:26:04,8.65,4.75,4100,6,4100,0,4100
CASTROLIND30JAN20125CE.NFO,07/01/2020,11:26:07,8.65,4.65,4100,6.2,4100,0,4100
CASTROLIND30JAN20125CE.NFO,07/01/2020,11:26:13,8.65,4.65,4100,6.15,4100,0,4100
CASTROLIND30JAN20125CE.NFO,07/01/2020,11:26:16,8.65,4.7,4100,5.95,4100,0,4100
CASTROLIND30JAN20125CE.NFO,07/01/2020,11:26:19,8.65,4.65,4100,5.9,4100,0,4100
CASTROLIND30JAN20125CE.NFO,07/01/2020,11:26:24,8.65,4.7,4100,5.9,4100,0,4100
CASTROLIND30JAN20125CE.NFO,07/01/2020,11:26:28,8.65,4.65,4100,6.05,4100,0,4100
CASTROLIND30JAN20125CE.NFO,07/01/2020,11:26:38,8.65,4.7,4100,5.9,4100,0,4100
CASTROLIND30JAN20125CE.NFO,07/01/2020,11:26:42,8.65,4.65,4100,6.45,8200,0,4100
CASTROLIND30JAN20125CE.NFO,07/01/2020,11:26:47,8.65,4.65,4100,5.9,4100,0,4100
CASTROLIND30JAN20125CE.NFO,07/01/2020,11:26:50,8.65,4.65,4100,6.2,16400,0,4100
CASTROLIND30JAN20125CE.NFO,07/01/2020,11:26:54,8.65,4.65,4100,6,4100,0,4100
CASTROLIND30JAN20125CE.NFO,07/01/2020,11:26:57,8.65,4.75,4100,5.95,4100,0,4100
CASTROLIND30JAN20125CE.NFO,07/01/2020,11:27:01,8.65,4.65,4100,5.95,4100,0,4100
CASTROLIND30JAN20125CE.NFO,07/01/2020,11:27:04,8.65,4.65,4100,6.05,4100,0,4100
CASTROLIND30JAN20125CE.NFO,07/01/2020,11:27:10,8.65,4.65,4100,6.1,8200,0,4100
CASTROLIND30JAN20125CE.NFO,07/01/2020,11:27:13,8.65,4.65,4100,6.05,4100,0,4100
CASTROLIND30JAN20125CE.NFO,07/01/2020,11:27:16,8.65,4.65,4100,5.9,4100,0,4100
CASTROLIND30JAN20125CE.NFO,07/01/2020,11:27:19,8.65,4.75,4100,6.05,4100,0,4100
CASTROLIND30JAN20125CE.NFO,07/01/2020,11:27:22,8.65,4.65,4100,5.95,4100,0,4100
CASTROLIND30JAN20125CE.NFO,07/01/2020,11:27:26,8.65,4.7,8200,5.95,4100,0,4100
CASTROLIND30JAN20125CE.NFO,07/01/2020,11:27:30,8.65,4.8,4100,5.9,4100,0,4100
CASTROLIND30JAN20125CE.NFO,07/01/2020,11:27:32,8.65,4.8,4100,5.95,4100,0,4100
CASTROLIND30JAN20125CE.NFO,07/01/2020,11:27:39,8.65,4.7,8200,6.15,16400,0,4100
CASTROLIND30JAN20125CE.NFO,07/01/2020,11:27:43,8.65,4.7,4100,6.1,4100,0,4100
CASTROLIND30JAN20125CE.NFO,07/01/2020,11:27:45,8.65,4.7,4100,6.05,4100,0,4100
CASTROLIND30JAN20125CE.NFO,07/01/2020,11:27:48,8.65,4.7,4100,5.95,4100,0,4100
CASTROLIND30JAN20125CE.NFO,07/01/2020,11:27:50,8.65,4.85,4100,5.95,4100,0,4100
CASTROLIND30JAN20125CE.NFO,07/01/2020,11:27:54,8.65,4.7,4100,6.05,4100,0,4100
CASTROLIND30JAN20125CE.NFO,07/01/2020,11:27:57,8.65,4.8,4100,6,4100,0,4100
CASTROLIND30JAN20125CE.NFO,07/01/2020,11:28:00,8.65,4.8,4100,6.05,4100,0,4100
CASTROLIND30JAN20125CE.NFO,07/01/2020,11:28:03,8.65,4.8,4100,6.1,4100,0,4100
CASTROLIND30JAN20125CE.NFO,07/01/2020,11:28:05,8.65,4.8,4100,5.95,4100,0,4100
CASTROLIND30JAN20125CE.NFO,07/01/2020,11:28:08,8.65,4.8,4100,5.9,4100,0,4100
CASTROLIND30JAN20125CE.NFO,07/01/2020,11:28:10,8.65,4.7,4100,5.9,4100,0,4100
CASTROLIND30JAN20125CE.NFO,07/01/2020,11:28:13,8.65,4.7,8200,5.9,4100,0,4100
CASTROLIND30JAN20125CE.NFO,07/01/2020,11:28:15,8.65,4.7,8200,6.05,4100,0,4100
CASTROLIND30JAN20125CE.NFO,07/01/2020,11:28:19,8.65,4.8,4100,5.95,4100,0,4100
CASTROLIND30JAN20125CE.NFO,07/01/2020,11:28:26,8.65,4.7,4100,5.9,4100,0,4100
CASTROLIND30JAN20125CE.NFO,07/01/2020,11:28:32,8.65,4.7,4100,5.95,4100,0,4100
CASTROLIND30JAN20125CE.NFO,07/01/2020,11:28:35,8.65,4.7,4100,6,4100,0,4100
CASTROLIND30JAN20125CE.NFO,07/01/2020,11:28:38,8.65,4.7,4100,5.95,4100,0,4100
CASTROLIND30JAN20125CE.NFO,07/01/2020,11:28:43,8.65,4.85,4100,5.95,4100,0,4100
CASTROLIND30JAN20125CE.NFO,07/01/2020,11:28:46,8.65,4.7,4100,5.95,4100,0,4100
CASTROLIND30JAN20125CE.NFO,07/01/2020,11:28:48,8.65,4.7,4100,6.15,4100,0,4100
CASTROLIND30JAN20125CE.NFO,07/01/2020,11:28:51,8.65,4.7,4100,6.1,8200,0,4100
CASTROLIND30JAN20125CE.NFO,07/01/2020,11:28:55,8.65,4.8,4100,6,4100,0,4100
CASTROLIND30JAN20125CE.NFO,07/01/2020,11:28:59,8.65,4.8,4100,5.95,4100,0,4100
CASTROLIND30JAN20125CE.NFO,07/01/2020,11:29:02,8.65,4.85,4100,6.05,4100,0,4100
CASTROLIND30JAN20125CE.NFO,07/01/2020,11:29:04,8.65,4.85,4100,5.9,4100,0,4100
CASTROLIND30JAN20125CE.NFO,07/01/2020,11:29:11,8.65,4.75,4100,6.15,4100,0,4100
CASTROLIND30JAN20125CE.NFO,07/01/2020,11:29:15,8.65,4.75,4100,6,4100,0,4100
CASTROLIND30JAN20125CE.NFO,07/01/2020,11:29:18,8.65,4.7,4100,5.9,4100,0,4100
CASTROLIND30JAN20125CE.NFO,07/01/2020,11:29:21,8.65,4.75,4100,6.05,4100,0,4100
CASTROLIND30JAN20125CE.NFO,07/01/2020,11:29:25,8.65,4.65,4100,5.9,4100,0,4100
CASTROLIND30JAN20125CE.NFO,07/01/2020,11:29:28,8.65,4.75,4100,6.05,4100,0,4100
CASTROLIND30JAN20125CE.NFO,07/01/2020,11:29:32,8.65,4.65,4100,5.95,4100,0,4100
CASTROLIND30JAN20125CE.NFO,07/01/2020,11:29:36,8.65,4.75,4100,6.2,4100,0,4100
CASTROLIND30JAN20125CE.NFO,07/01/2020,11:29:39,8.65,4.65,4100,6,4100,0,4100
CASTROLIND30JAN20125CE.NFO,07/01/2020,11:29:43,8.65,4.75,4100,5.95,4100,0,4100
CASTROLIND30JAN20125CE.NFO,07/01/2020,11:29:47,8.65,4.65,4100,6.25,4100,0,4100
CASTROLIND30JAN20125CE.NFO,07/01/2020,11:29:52,8.65,4.75,4100,6.2,4100,0,4100
CASTROLIND30JAN20125CE.NFO,07/01/2020,11:29:55,8.65,4.75,4100,6.3,4100,0,4100
CASTROLIND30JAN20125CE.NFO,07/01/2020,11:30:02,8.65,4.65,4100,5.85,4100,0,4100
CASTROLIND30JAN20125CE.NFO,07/01/2020,11:30:13,8.65,4.65,4100,5.9,4100,0,4100
CASTROLIND30JAN20125CE.NFO,07/01/2020,11:30:18,8.65,4.65,4100,6,4100,0,4100
CASTROLIND30JAN20125CE.NFO,07/01/2020,11:30:22,8.65,4.65,4100,6.3,4100,0,4100
CASTROLIND30JAN20125CE.NFO,07/01/2020,11:30:25,8.65,4.65,4100,5.85,4100,0,4100
CASTROLIND30JAN20125CE.NFO,07/01/2020,11:30:32,8.65,4.65,4100,5.9,4100,0,4100
CASTROLIND30JAN20125CE.NFO,07/01/2020,11:30:34,8.65,4.65,4100,5.95,4100,0,4100
CASTROLIND30JAN20125CE.NFO,07/01/2020,11:30:35,8.65,4.65,4100,5.85,4100,0,4100
CASTROLIND30JAN20125CE.NFO,07/01/2020,11:30:44,8.65,4.65,4100,6,4100,0,4100
CASTROLIND30JAN20125CE.NFO,07/01/2020,11:30:46,8.65,4.65,4100,5.9,4100,0,4100
CASTROLIND30JAN20125CE.NFO,07/01/2020,11:30:49,8.65,4.65,4100,5.85,4100,0,4100
CASTROLIND30JAN20125CE.NFO,07/01/2020,11:30:56,8.65,4.65,4100,5.95,4100,0,4100
CASTROLIND30JAN20125CE.NFO,07/01/2020,11:30:58,8.65,4.65,4100,6.15,28700,0,4100
CASTROLIND30JAN20125CE.NFO,07/01/2020,11:31:01,8.65,4.65,4100,6.25,24600,0,4100
CASTROLIND30JAN20125CE.NFO,07/01/2020,11:31:08,8.65,4.65,4100,5.85,4100,0,4100
CASTROLIND30JAN20125CE.NFO,07/01/2020,11:31:13,8.65,4.7,4100,5.85,4100,0,4100
CASTROLIND30JAN20125CE.NFO,07/01/2020,11:31:22,8.65,4.65,4100,5.85,4100,0,4100
CASTROLIND30JAN20125CE.NFO,07/01/2020,11:31:26,8.65,4.65,4100,5.9,4100,0,4100
CASTROLIND30JAN20125CE.NFO,07/01/2020,11:31:30,8.65,4.65,4100,6.15,4100,0,4100
CASTROLIND30JAN20125CE.NFO,07/01/2020,11:31:33,8.65,4.65,4100,5.85,4100,0,4100
CASTROLIND30JAN20125CE.NFO,07/01/2020,11:31:36,8.65,4.65,4100,5.9,4100,0,4100
CASTROLIND30JAN20125CE.NFO,07/01/2020,11:31:39,8.65,4.7,4100,5.95,8200,0,4100
CASTROLIND30JAN20125CE.NFO,07/01/2020,11:31:43,8.65,4.75,4100,6,4100,0,4100
CASTROLIND30JAN20125CE.NFO,07/01/2020,11:31:46,8.65,4.65,4100,5.9,4100,0,4100
CASTROLIND30JAN20125CE.NFO,07/01/2020,11:31:52,8.65,4.85,4100,5.95,4100,0,4100
CASTROLIND30JAN20125CE.NFO,07/01/2020,11:31:58,8.65,4.75,4100,6.3,24600,0,4100
CASTROLIND30JAN20125CE.NFO,07/01/2020,11:32:03,8.65,4.85,4100,5.95,4100,0,4100
CASTROLIND30JAN20125CE.NFO,07/01/2020,11:32:09,8.65,4.85,4100,6,4100,0,4100
CASTROLIND30JAN20125CE.NFO,07/01/2020,11:32:14,8.65,4.85,4100,6.1,4100,0,4100
CASTROLIND30JAN20125CE.NFO,07/01/2020,11:32:18,8.65,4.7,8200,6.05,4100,0,4100
CASTROLIND30JAN20125CE.NFO,07/01/2020,11:32:22,8.65,4.85,4100,6.2,24600,0,4100
CASTROLIND30JAN20125CE.NFO,07/01/2020,11:32:26,8.65,4.85,4100,6.15,20500,0,4100
CASTROLIND30JAN20125CE.NFO,07/01/2020,11:32:30,8.65,4.7,4100,6,4100,0,4100
CASTROLIND30JAN20125CE.NFO,07/01/2020,11:32:35,8.65,4.7,4100,6.05,4100,0,4100
CASTROLIND30JAN20125CE.NFO,07/01/2020,11:32:39,8.65,4.85,4100,6.25,24600,0,4100
CASTROLIND30JAN20125CE.NFO,07/01/2020,11:32:43,8.65,4.7,4100,5.95,4100,0,4100
CASTROLIND30JAN20125CE.NFO,07/01/2020,11:32:46,8.65,4.8,4100,5.95,4100,0,4100
CASTROLIND30JAN20125CE.NFO,07/01/2020,11:32:52,8.65,4.8,4100,6.05,4100,0,4100
CASTROLIND30JAN20125CE.NFO,07/01/2020,11:32:55,8.65,4.85,4100,5.95,4100,0,4100
CASTROLIND30JAN20125CE.NFO,07/01/2020,11:32:59,8.65,4.85,4100,6,4100,0,4100
CASTROLIND30JAN20125CE.NFO,07/01/2020,11:33:02,8.65,4.7,4100,5.95,4100,0,4100
CASTROLIND30JAN20125CE.NFO,07/01/2020,11:33:06,8.65,4.8,4100,5.95,4100,0,4100
CASTROLIND30JAN20125CE.NFO,07/01/2020,11:33:10,8.65,4.85,4100,5.95,4100,0,4100
CASTROLIND30JAN20125CE.NFO,07/01/2020,11:33:13,8.65,4.7,4100,5.95,4100,0,4100
CASTROLIND30JAN20125CE.NFO,07/01/2020,11:33:17,8.65,4.8,4100,6.1,4100,0,4100
CASTROLIND30JAN20125CE.NFO,07/01/2020,11:33:20,8.65,4.85,4100,6.05,8200,0,4100
CASTROLIND30JAN20125CE.NFO,07/01/2020,11:33:24,8.65,4.7,4100,6.3,4100,0,4100
CASTROLIND30JAN20125CE.NFO,07/01/2020,11:33:27,8.65,4.7,4100,5.9,4100,0,4100
CASTROLIND30JAN20125CE.NFO,07/01/2020,11:33:32,8.65,4.85,4100,6.1,8200,0,4100
CASTROLIND30JAN20125CE.NFO,07/01/2020,11:33:36,8.65,4.8,4100,6.25,4100,0,4100
CASTROLIND30JAN20125CE.NFO,07/01/2020,11:33:40,8.65,4.85,4100,5.9,4100,0,4100
CASTROLIND30JAN20125CE.NFO,07/01/2020,11:33:44,8.65,4.7,8200,5.95,4100,0,4100
CASTROLIND30JAN20125CE.NFO,07/01/2020,11:33:47,8.65,4.8,4100,6.35,8200,0,4100
CASTROLIND30JAN20125CE.NFO,07/01/2020,11:33:51,8.65,4.85,4100,6,4100,0,4100
CASTROLIND30JAN20125CE.NFO,07/01/2020,11:34:01,8.65,4.85,4100,6.4,12300,0,4100
CASTROLIND30JAN20125CE.NFO,07/01/2020,11:34:06,8.65,4.75,8200,6.2,4100,0,4100
CASTROLIND30JAN20125CE.NFO,07/01/2020,11:34:13,8.65,4.8,4100,6.35,8200,0,4100
CASTROLIND30JAN20125CE.NFO,07/01/2020,11:34:20,8.65,4.75,8200,5.95,4100,0,4100
CASTROLIND30JAN20125CE.NFO,07/01/2020,11:34:26,8.65,4.85,4100,5.9,4100,0,4100
CASTROLIND30JAN20125CE.NFO,07/01/2020,11:34:32,8.65,4.75,4100,6.6,12300,0,4100
CASTROLIND30JAN20125CE.NFO,07/01/2020,11:34:38,8.65,4.8,4100,5.9,4100,0,4100
CASTROLIND30JAN20125CE.NFO,07/01/2020,11:34:44,8.65,4.75,8200,6.35,8200,0,4100
CASTROLIND30JAN20125CE.NFO,07/01/2020,11:34:49,8.65,4.7,4100,6.35,4100,0,4100
CASTROLIND30JAN20125CE.NFO,07/01/2020,11:34:54,8.65,4.75,8200,6.35,4100,0,4100
CASTROLIND30JAN20125CE.NFO,07/01/2020,11:35:00,8.65,4.65,4100,5.95,4100,0,4100
CASTROLIND30JAN20125CE.NFO,07/01/2020,11:35:06,8.65,4.65,4100,6.05,4100,0,4100
CASTROLIND30JAN20125CE.NFO,07/01/2020,11:35:11,8.65,4.65,4100,6.05,8200,0,4100
CASTROLIND30JAN20125CE.NFO,07/01/2020,11:35:16,8.65,4.65,4100,5.95,4100,0,4100
CASTROLIND30JAN20125CE.NFO,07/01/2020,11:35:22,8.65,4.8,4100,6.2,16400,0,4100
CASTROLIND30JAN20125CE.NFO,07/01/2020,11:35:28,8.65,4.85,4100,6.1,4100,0,4100
CASTROLIND30JAN20125CE.NFO,07/01/2020,11:35:32,8.65,4.65,4100,6.05,4100,0,4100
CASTROLIND30JAN20125CE.NFO,07/01/2020,11:35:38,8.65,4.85,4100,6.2,16400,0,4100
CASTROLIND30JAN20125CE.NFO,07/01/2020,11:35:43,8.65,4.85,4100,6.15,8200,0,4100
CASTROLIND30JAN20125CE.NFO,07/01/2020,11:35:48,8.65,4.7,4100,5.95,4100,0,4100
CASTROLIND30JAN20125CE.NFO,07/01/2020,11:35:53,8.65,4.85,4100,6.1,4100,0,4100
CASTROLIND30JAN20125CE.NFO,07/01/2020,11:35:57,8.65,4.65,4100,5.95,4100,0,4100
CASTROLIND30JAN20125CE.NFO,07/01/2020,11:36:02,8.65,4.85,4100,6.05,4100,0,4100
CASTROLIND30JAN20125CE.NFO,07/01/2020,11:36:07,8.65,4.8,4100,6.2,12300,0,4100
CASTROLIND30JAN20125CE.NFO,07/01/2020,11:36:12,8.65,4.85,4100,6.1,4100,0,4100
CASTROLIND30JAN20125CE.NFO,07/01/2020,11:36:16,8.65,4.75,4100,6.45,4100,0,4100
CASTROLIND30JAN20125CE.NFO,07/01/2020,11:36:20,8.65,4.85,4100,6,4100,0,4100
CASTROLIND30JAN20125CE.NFO,07/01/2020,11:36:25,8.65,4.8,4100,6.3,32800,0,4100
CASTROLIND30JAN20125CE.NFO,07/01/2020,11:36:30,8.65,4.65,4100,5.95,4100,0,4100
CASTROLIND30JAN20125CE.NFO,07/01/2020,11:36:35,8.65,4.65,4100,6,4100,0,4100
CASTROLIND30JAN20125CE.NFO,07/01/2020,11:36:44,8.65,4.8,4100,6.35,4100,0,4100
CASTROLIND30JAN20125CE.NFO,07/01/2020,11:36:50,8.65,4.65,4100,6.2,4100,0,4100
CASTROLIND30JAN20125CE.NFO,07/01/2020,11:36:57,8.65,4.65,4100,5.95,4100,0,4100
CASTROLIND30JAN20125CE.NFO,07/01/2020,11:37:07,8.65,4.65,4100,6.3,4100,0,4100
CASTROLIND30JAN20125CE.NFO,07/01/2020,11:37:11,8.65,4.65,4100,5.95,4100,0,4100
CASTROLIND30JAN20125CE.NFO,07/01/2020,11:37:15,8.65,4.65,4100,6.3,4100,0,4100
CASTROLIND30JAN20125CE.NFO,07/01/2020,11:37:19,8.65,4.85,4100,5.9,4100,0,4100
CASTROLIND30JAN20125CE.NFO,07/01/2020,11:37:24,8.65,4.8,4100,6.35,4100,0,4100
CASTROLIND30JAN20125CE.NFO,07/01/2020,11:37:29,8.65,4.7,16400,5.95,4100,0,4100
CASTROLIND30JAN20125CE.NFO,07/01/2020,11:37:34,8.65,4.7,16400,6.2,8200,0,4100
CASTROLIND30JAN20125CE.NFO,07/01/2020,11:37:39,8.65,4.95,4100,5.95,4100,0,4100
CASTROLIND30JAN20125CE.NFO,07/01/2020,11:37:44,8.65,4.95,4100,6.05,4100,0,4100
CASTROLIND30JAN20125CE.NFO,07/01/2020,11:37:53,8.65,4.7,4100,5.95,4100,0,4100
CASTROLIND30JAN20125CE.NFO,07/01/2020,11:37:58,8.65,4.85,4100,5.9,4100,0,4100
CASTROLIND30JAN20125CE.NFO,07/01/2020,11:38:02,8.65,4.7,12300,5.9,4100,0,4100
CASTROLIND30JAN20125CE.NFO,07/01/2020,11:38:05,8.65,4.7,12300,6.05,4100,0,4100
CASTROLIND30JAN20125CE.NFO,07/01/2020,11:38:09,8.65,4.9,8200,6.05,4100,0,4100
CASTROLIND30JAN20125CE.NFO,07/01/2020,11:38:13,8.65,4.7,4100,5.9,4100,0,4100
CASTROLIND30JAN20125CE.NFO,07/01/2020,11:38:28,8.65,4.8,4100,6.45,8200,0,4100
CASTROLIND30JAN20125CE.NFO,07/01/2020,11:38:31,8.65,4.65,4100,6.2,4100,0,4100
CASTROLIND30JAN20125CE.NFO,07/01/2020,11:38:35,8.65,4.65,4100,6.35,4100,0,4100
CASTROLIND30JAN20125CE.NFO,07/01/2020,11:38:38,8.65,4.65,4100,6.1,4100,0,4100
CASTROLIND30JAN20125CE.NFO,07/01/2020,11:38:41,8.65,4.7,4100,6.1,4100,0,4100
CASTROLIND30JAN20125CE.NFO,07/01/2020,11:38:45,8.65,4.85,4100,6.05,4100,0,4100
CASTROLIND30JAN20125CE.NFO,07/01/2020,11:38:50,8.65,4.65,4100,5.9,4100,0,4100
CASTROLIND30JAN20125CE.NFO,07/01/2020,11:38:54,8.65,4.65,4100,6.1,4100,0,4100
CASTROLIND30JAN20125CE.NFO,07/01/2020,11:39:02,8.65,4.85,4100,6.4,4100,0,4100
CASTROLIND30JAN20125CE.NFO,07/01/2020,11:39:05,8.65,4.65,4100,6,4100,0,4100
CASTROLIND30JAN20125CE.NFO,07/01/2020,11:39:09,8.65,4.65,4100,6.05,8200,0,4100
CASTROLIND30JAN20125CE.NFO,07/01/2020,11:39:12,8.65,4.75,4100,6.1,12300,0,4100
CASTROLIND30JAN20125CE.NFO,07/01/2020,11:39:15,8.65,4.75,4100,6,4100,0,4100
CASTROLIND30JAN20125CE.NFO,07/01/2020,11:39:19,8.65,4.75,4100,5.95,4100,0,4100
CASTROLIND30JAN20125CE.NFO,07/01/2020,11:39:22,8.65,4.7,4100,5.9,4100,0,4100
CASTROLIND30JAN20125CE.NFO,07/01/2020,11:39:26,8.65,4.65,4100,6.2,24600,0,4100
CASTROLIND30JAN20125CE.NFO,07/01/2020,11:39:30,8.65,4.65,4100,6,8200,0,4100
CASTROLIND30JAN20125CE.NFO,07/01/2020,11:39:34,8.65,4.65,4100,6.15,8200,0,4100
CASTROLIND30JAN20125CE.NFO,07/01/2020,11:39:38,8.65,4.65,4100,5.95,4100,0,4100
CASTROLIND30JAN20125CE.NFO,07/01/2020,11:39:41,8.65,4.65,4100,6.05,4100,0,4100
CASTROLIND30JAN20125CE.NFO,07/01/2020,11:39:46,8.65,4.65,4100,6,8200,0,4100
CASTROLIND30JAN20125CE.NFO,07/01/2020,11:39:51,8.65,4.65,4100,5.9,4100,0,4100
CASTROLIND30JAN20125CE.NFO,07/01/2020,11:39:59,8.65,4.75,4100,6.1,12300,0,4100
CASTROLIND30JAN20125CE.NFO,07/01/2020,11:40:05,8.65,4.65,4100,6,4100,0,4100
CASTROLIND30JAN20125CE.NFO,07/01/2020,11:40:09,8.65,4.65,4100,5.95,8200,0,4100
CASTROLIND30JAN20125CE.NFO,07/01/2020,11:40:13,8.65,4.75,4100,6.35,36900,0,4100
CASTROLIND30JAN20125CE.NFO,07/01/2020,11:40:18,8.65,4.65,4100,5.95,4100,0,4100
CASTROLIND30JAN20125CE.NFO,07/01/2020,11:40:21,8.65,4.65,4100,6.15,28700,0,4100
CASTROLIND30JAN20125CE.NFO,07/01/2020,11:40:29,8.65,4.65,4100,6.1,16400,0,4100
CASTROLIND30JAN20125CE.NFO,07/01/2020,11:40:33,8.65,4.65,4100,6,4100,0,4100
CASTROLIND30JAN20125CE.NFO,07/01/2020,11:40:36,8.65,4.65,4100,6.05,4100,0,4100
CASTROLIND30JAN20125CE.NFO,07/01/2020,11:40:40,8.65,4.7,4100,6.1,4100,0,4100
CASTROLIND30JAN20125CE.NFO,07/01/2020,11:40:44,8.65,4.75,4100,5.85,4100,0,4100
CASTROLIND30JAN20125CE.NFO,07/01/2020,11:40:48,8.65,4.65,4100,5.85,4100,0,4100
CASTROLIND30JAN20125CE.NFO,07/01/2020,11:40:54,8.65,4.65,4100,6,4100,0,4100
CASTROLIND30JAN20125CE.NFO,07/01/2020,11:40:58,8.65,4.65,4100,6.05,4100,0,4100
CASTROLIND30JAN20125CE.NFO,07/01/2020,11:41:01,8.65,4.65,4100,5.8,4100,0,4100
CASTROLIND30JAN20125CE.NFO,07/01/2020,11:41:03,8.65,4.65,4100,5.85,4100,0,4100
CASTROLIND30JAN20125CE.NFO,07/01/2020,11:41:06,8.65,4.65,4100,6,4100,0,4100
CASTROLIND30JAN20125CE.NFO,07/01/2020,11:41:09,8.65,4.65,4100,6.1,4100,0,4100
CASTROLIND30JAN20125CE.NFO,07/01/2020,11:41:16,8.65,4.65,4100,6.2,4100,0,4100
CASTROLIND30JAN20125CE.NFO,07/01/2020,11:41:19,8.65,4.65,4100,5.85,4100,0,4100
CASTROLIND30JAN20125CE.NFO,07/01/2020,11:41:22,8.65,4.65,4100,5.95,4100,0,4100
CASTROLIND30JAN20125CE.NFO,07/01/2020,11:41:24,8.65,4.65,4100,6.15,4100,0,4100
CASTROLIND30JAN20125CE.NFO,07/01/2020,11:41:27,8.65,4.65,4100,5.9,4100,0,4100
CASTROLIND30JAN20125CE.NFO,07/01/2020,11:41:30,8.65,4.65,4100,6.05,4100,0,4100
CASTROLIND30JAN20125CE.NFO,07/01/2020,11:41:33,8.65,4.65,4100,6.25,4100,0,4100
CASTROLIND30JAN20125CE.NFO,07/01/2020,11:41:36,8.65,4.65,4100,5.95,4100,0,4100
CASTROLIND30JAN20125CE.NFO,07/01/2020,11:41:39,8.65,4.65,4100,6.25,4100,0,4100
CASTROLIND30JAN20125CE.NFO,07/01/2020,11:41:41,8.65,4.65,4100,5.95,4100,0,4100
CASTROLIND30JAN20125CE.NFO,07/01/2020,11:41:44,8.65,4.65,4100,6.15,4100,0,4100
CASTROLIND30JAN20125CE.NFO,07/01/2020,11:41:46,8.65,4.65,4100,6.05,4100,0,4100
CASTROLIND30JAN20125CE.NFO,07/01/2020,11:41:49,8.65,4.65,4100,5.8,4100,0,4100
CASTROLIND30JAN20125CE.NFO,07/01/2020,11:41:51,8.65,4.65,4100,5.95,4100,0,4100
CASTROLIND30JAN20125CE.NFO,07/01/2020,11:41:52,8.65,4.65,4100,5.85,4100,0,4100
CASTROLIND30JAN20125CE.NFO,07/01/2020,11:41:55,8.65,4.65,4100,6.1,4100,0,4100
CASTROLIND30JAN20125CE.NFO,07/01/2020,11:41:57,8.65,4.75,4100,6.25,4100,0,4100
CASTROLIND30JAN20125CE.NFO,07/01/2020,11:42:02,8.65,4.65,4100,5.85,4100,0,4100
CASTROLIND30JAN20125CE.NFO,07/01/2020,11:42:06,8.65,4.65,4100,6,4100,0,4100
CASTROLIND30JAN20125CE.NFO,07/01/2020,11:42:09,8.65,4.65,4100,6.1,4100,0,4100
CASTROLIND30JAN20125CE.NFO,07/01/2020,11:42:11,8.65,4.65,4100,5.85,4100,0,4100
CASTROLIND30JAN20125CE.NFO,07/01/2020,11:42:14,8.65,4.75,4100,6.3,4100,0,4100
CASTROLIND30JAN20125CE.NFO,07/01/2020,11:42:17,8.65,4.65,4100,6.05,4100,0,4100
CASTROLIND30JAN20125CE.NFO,07/01/2020,11:42:20,8.65,4.65,4100,5.85,4100,0,4100
CASTROLIND30JAN20125CE.NFO,07/01/2020,11:42:22,8.65,4.65,4100,5.95,4100,0,4100
CASTROLIND30JAN20125CE.NFO,07/01/2020,11:42:25,8.65,4.65,4100,6.2,4100,0,4100
CASTROLIND30JAN20125CE.NFO,07/01/2020,11:42:34,8.65,4.65,4100,5.8,4100,0,4100
CASTROLIND30JAN20125CE.NFO,07/01/2020,11:42:43,8.65,4.65,4100,6.1,4100,0,4100
CASTROLIND30JAN20125CE.NFO,07/01/2020,11:42:47,8.65,4.7,4100,6.15,4100,0,4100
CASTROLIND30JAN20125CE.NFO,07/01/2020,11:42:52,8.65,4.65,4100,6.25,4100,0,4100
CASTROLIND30JAN20125CE.NFO,07/01/2020,11:42:57,8.65,4.65,4100,6.1,4100,0,4100
CASTROLIND30JAN20125CE.NFO,07/01/2020,11:43:01,8.65,4.65,4100,5.95,4100,0,4100
CASTROLIND30JAN20125CE.NFO,07/01/2020,11:43:05,8.65,4.65,4100,5.9,4100,0,4100
CASTROLIND30JAN20125CE.NFO,07/01/2020,11:43:12,8.65,4.65,4100,5.8,4100,0,4100
CASTROLIND30JAN20125CE.NFO,07/01/2020,11:43:15,8.65,4.65,4100,6,4100,0,4100
CASTROLIND30JAN20125CE.NFO,07/01/2020,11:43:18,8.65,4.65,4100,6.1,8200,0,4100
CASTROLIND30JAN20125CE.NFO,07/01/2020,11:43:22,8.65,4.65,4100,6.05,4100,0,4100
CASTROLIND30JAN20125CE.NFO,07/01/2020,11:43:25,8.65,4.65,4100,6.15,16400,0,4100
CASTROLIND30JAN20125CE.NFO,07/01/2020,11:43:28,8.65,4.65,4100,5.85,4100,0,4100
CASTROLIND30JAN20125CE.NFO,07/01/2020,11:43:30,8.65,4.65,4100,6,4100,0,4100
CASTROLIND30JAN20125CE.NFO,07/01/2020,11:43:33,8.65,4.65,4100,5.8,4100,0,4100
CASTROLIND30JAN20125CE.NFO,07/01/2020,11:43:36,8.65,4.65,4100,5.95,8200,0,4100
CASTROLIND30JAN20125CE.NFO,07/01/2020,11:43:39,8.65,4.65,4100,6,4100,0,4100
CASTROLIND30JAN20125CE.NFO,07/01/2020,11:43:43,8.65,4.65,4100,5.9,4100,0,4100
CASTROLIND30JAN20125CE.NFO,07/01/2020,11:43:46,8.65,4.65,4100,6,4100,0,4100
CASTROLIND30JAN20125CE.NFO,07/01/2020,11:43:49,8.65,4.65,4100,5.9,4100,0,4100
CASTROLIND30JAN20125CE.NFO,07/01/2020,11:43:53,8.65,4.65,4100,5.85,4100,0,4100
CASTROLIND30JAN20125CE.NFO,07/01/2020,11:44:00,8.65,4.65,4100,5.9,4100,0,4100
CASTROLIND30JAN20125CE.NFO,07/01/2020,11:44:05,8.65,4.7,4100,6.2,24600,0,4100
CASTROLIND30JAN20125CE.NFO,07/01/2020,11:44:08,8.65,4.85,4100,5.8,4100,0,4100
CASTROLIND30JAN20125CE.NFO,07/01/2020,11:44:11,8.65,4.7,8200,6.05,12300,0,4100
CASTROLIND30JAN20125CE.NFO,07/01/2020,11:44:15,8.65,4.8,4100,6.05,8200,0,4100
CASTROLIND30JAN20125CE.NFO,07/01/2020,11:44:18,8.65,4.7,4100,5.9,4100,0,4100
CASTROLIND30JAN20125CE.NFO,07/01/2020,11:44:21,8.65,4.75,4100,6.25,4100,0,4100
CASTROLIND30JAN20125CE.NFO,07/01/2020,11:44:24,8.65,4.65,4100,5.9,4100,0,4100
CASTROLIND30JAN20125CE.NFO,07/01/2020,11:44:27,8.65,4.65,4100,6.05,4100,0,4100
CASTROLIND30JAN20125CE.NFO,07/01/2020,11:44:29,8.65,4.75,4100,5.85,4100,0,4100
CASTROLIND30JAN20125CE.NFO,07/01/2020,11:44:32,8.65,4.65,4100,5.85,4100,0,4100
CASTROLIND30JAN20125CE.NFO,07/01/2020,11:44:36,8.65,4.7,4100,5.85,4100,0,4100
CASTROLIND30JAN20125CE.NFO,07/01/2020,11:44:40,8.65,4.75,4100,5.85,4100,0,4100
CASTROLIND30JAN20125CE.NFO,07/01/2020,11:44:43,8.65,4.65,4100,5.9,4100,0,4100
CASTROLIND30JAN20125CE.NFO,07/01/2020,11:44:49,8.65,4.65,4100,5.95,4100,0,4100
CASTROLIND30JAN20125CE.NFO,07/01/2020,11:44:52,8.65,4.7,4100,6.1,4100,0,4100
CASTROLIND30JAN20125CE.NFO,07/01/2020,11:44:55,8.65,4.85,4100,6.1,4100,0,4100
CASTROLIND30JAN20125CE.NFO,07/01/2020,11:44:58,8.65,4.7,4100,5.85,4100,0,4100
CASTROLIND30JAN20125CE.NFO,07/01/2020,11:45:04,8.65,4.75,4100,6.3,12300,0,4100
CASTROLIND30JAN20125CE.NFO,07/01/2020,11:45:08,8.65,4.75,4100,6.2,8200,0,4100
CASTROLIND30JAN20125CE.NFO,07/01/2020,11:45:11,8.65,4.7,4100,6.05,4100,0,4100
CASTROLIND30JAN20125CE.NFO,07/01/2020,11:45:13,8.65,4.75,4100,5.8,4100,0,4100
CASTROLIND30JAN20125CE.NFO,07/01/2020,11:45:19,8.65,4.75,4100,6,4100,0,4100
CASTROLIND30JAN20125CE.NFO,07/01/2020,11:45:23,8.65,4.65,4100,6.3,4100,0,4100
CASTROLIND30JAN20125CE.NFO,07/01/2020,11:45:26,8.65,4.7,4100,6.1,8200,0,4100
CASTROLIND30JAN20125CE.NFO,07/01/2020,11:45:29,8.65,4.7,4100,6,8200,0,4100
CASTROLIND30JAN20125CE.NFO,07/01/2020,11:45:33,8.65,4.7,4100,5.8,4100,0,4100
CASTROLIND30JAN20125CE.NFO,07/01/2020,11:45:39,8.65,4.65,4100,6,4100,0,4100
CASTROLIND30JAN20125CE.NFO,07/01/2020,11:45:42,8.65,4.7,4100,5.8,4100,0,4100
CASTROLIND30JAN20125CE.NFO,07/01/2020,11:45:54,8.65,4.75,4100,6.05,4100,0,4100
CASTROLIND30JAN20125CE.NFO,07/01/2020,11:45:57,8.65,4.7,4100,5.95,4100,0,4100
CASTROLIND30JAN20125CE.NFO,07/01/2020,11:45:59,8.65,4.65,4100,6.35,4100,0,4100
CASTROLIND30JAN20125CE.NFO,07/01/2020,11:46:01,8.65,4.65,4100,6.4,12300,0,4100
CASTROLIND30JAN20125CE.NFO,07/01/2020,11:46:03,8.65,4.75,4100,5.8,4100,0,4100
CASTROLIND30JAN20125CE.NFO,07/01/2020,11:46:05,8.65,4.75,4100,5.95,4100,0,4100
CASTROLIND30JAN20125CE.NFO,07/01/2020,11:46:09,8.65,4.65,4100,6.05,8200,0,4100
CASTROLIND30JAN20125CE.NFO,07/01/2020,11:46:11,8.65,4.75,4100,5.85,4100,0,4100
CASTROLIND30JAN20125CE.NFO,07/01/2020,11:46:13,8.65,4.75,4100,6.35,12300,0,4100
CASTROLIND30JAN20125CE.NFO,07/01/2020,11:46:16,8.65,4.75,4100,5.8,4100,0,4100
CASTROLIND30JAN20125CE.NFO,07/01/2020,11:46:20,8.65,4.65,4100,5.8,4100,0,4100
CASTROLIND30JAN20125CE.NFO,07/01/2020,11:46:23,8.65,4.65,4100,6.3,4100,0,4100
CASTROLIND30JAN20125CE.NFO,07/01/2020,11:46:26,8.65,4.65,4100,6.3,8200,0,4100
CASTROLIND30JAN20125CE.NFO,07/01/2020,11:46:28,8.65,4.7,4100,5.8,4100,0,4100
CASTROLIND30JAN20125CE.NFO,07/01/2020,11:46:30,8.65,4.75,4100,5.85,4100,0,4100
CASTROLIND30JAN20125CE.NFO,07/01/2020,11:46:32,8.65,4.7,4100,6.1,8200,0,4100
CASTROLIND30JAN20125CE.NFO,07/01/2020,11:46:34,8.65,4.65,4100,5.8,4100,0,4100
CASTROLIND30JAN20125CE.NFO,07/01/2020,11:46:37,8.65,4.65,4100,5.85,4100,0,4100
CASTROLIND30JAN20125CE.NFO,07/01/2020,11:46:39,8.65,4.75,4100,6.05,4100,0,4100
CASTROLIND30JAN20125CE.NFO,07/01/2020,11:46:40,8.65,4.7,4100,5.8,4100,0,4100
CASTROLIND30JAN20125CE.NFO,07/01/2020,11:46:44,8.65,4.75,4100,6.15,20500,0,4100
CASTROLIND30JAN20125CE.NFO,07/01/2020,11:46:46,8.65,4.7,4100,6.1,12300,0,4100
CASTROLIND30JAN20125CE.NFO,07/01/2020,11:46:49,8.65,4.7,4100,6,4100,0,4100
CASTROLIND30JAN20125CE.NFO,07/01/2020,11:46:51,8.65,4.7,4100,5.85,4100,0,4100
CASTROLIND30JAN20125CE.NFO,07/01/2020,11:46:56,8.65,4.65,4100,6,4100,0,4100
CASTROLIND30JAN20125CE.NFO,07/01/2020,11:46:58,8.65,4.7,4100,6.05,8200,0,4100
CASTROLIND30JAN20125CE.NFO,07/01/2020,11:47:01,8.65,4.75,4100,6,4100,0,4100
CASTROLIND30JAN20125CE.NFO,07/01/2020,11:47:03,8.65,4.75,4100,5.8,4100,0,4100
CASTROLIND30JAN20125CE.NFO,07/01/2020,11:47:06,8.65,4.75,4100,5.85,4100,0,4100
CASTROLIND30JAN20125CE.NFO,07/01/2020,11:47:09,8.65,4.7,4100,6,8200,0,4100
CASTROLIND30JAN20125CE.NFO,07/01/2020,11:47:12,8.65,4.75,4100,5.85,4100,0,4100
CASTROLIND30JAN20125CE.NFO,07/01/2020,11:47:15,8.65,4.65,4100,5.8,4100,0,4100
CASTROLIND30JAN20125CE.NFO,07/01/2020,11:47:18,8.65,4.65,4100,6,8200,0,4100
CASTROLIND30JAN20125CE.NFO,07/01/2020,11:47:20,8.65,4.75,4100,5.8,4100,0,4100
CASTROLIND30JAN20125CE.NFO,07/01/2020,11:47:23,8.65,4.75,4100,5.85,8200,0,4100
CASTROLIND30JAN20125CE.NFO,07/01/2020,11:47:25,8.65,4.7,4100,5.85,4100,0,4100
CASTROLIND30JAN20125CE.NFO,07/01/2020,11:47:27,8.65,4.7,4100,6.25,24600,0,4100
CASTROLIND30JAN20125CE.NFO,07/01/2020,11:47:29,8.65,4.65,4100,5.9,4100,0,4100
CASTROLIND30JAN20125CE.NFO,07/01/2020,11:47:37,8.65,4.65,4100,5.95,4100,0,4100
CASTROLIND30JAN20125CE.NFO,07/01/2020,11:47:41,8.65,4.65,4100,6.1,12300,0,4100
CASTROLIND30JAN20125CE.NFO,07/01/2020,11:47:46,8.65,4.65,4100,5.85,4100,0,4100
CASTROLIND30JAN20125CE.NFO,07/01/2020,11:47:49,8.65,4.65,4100,5.85,8200,0,4100
CASTROLIND30JAN20125CE.NFO,07/01/2020,11:47:51,8.65,4.65,4100,5.9,4100,0,4100
CASTROLIND30JAN20125CE.NFO,07/01/2020,11:47:53,8.65,4.75,4100,5.85,4100,0,4100
CASTROLIND30JAN20125CE.NFO,07/01/2020,11:47:56,8.65,4.75,4100,6.2,32800,0,4100
CASTROLIND30JAN20125CE.NFO,07/01/2020,11:47:59,8.65,4.75,4100,6,4100,0,4100
CASTROLIND30JAN20125CE.NFO,07/01/2020,11:48:02,8.65,4.65,4100,5.85,4100,0,4100
CASTROLIND30JAN20125CE.NFO,07/01/2020,11:48:06,8.65,4.65,4100,5.85,8200,0,4100
CASTROLIND30JAN20125CE.NFO,07/01/2020,11:48:09,8.65,4.7,4100,5.8,4100,0,4100
CASTROLIND30JAN20125CE.NFO,07/01/2020,11:48:12,8.65,4.7,4100,5.85,4100,0,4100
CASTROLIND30JAN20125CE.NFO,07/01/2020,11:48:16,8.65,4.8,4100,6.1,4100,0,4100
CASTROLIND30JAN20125CE.NFO,07/01/2020,11:48:20,8.65,4.65,4100,6.4,4100,0,4100
CASTROLIND30JAN20125CE.NFO,07/01/2020,11:48:23,8.65,4.8,4100,6.35,8200,0,4100
CASTROLIND30JAN20125CE.NFO,07/01/2020,11:48:26,8.65,4.85,4100,5.8,4100,0,4100
CASTROLIND30JAN20125CE.NFO,07/01/2020,11:48:30,8.65,4.65,4100,5.8,4100,0,4100
CASTROLIND30JAN20125CE.NFO,07/01/2020,11:48:34,8.65,4.7,4100,6.15,4100,0,4100
CASTROLIND30JAN20125CE.NFO,07/01/2020,11:48:37,8.65,4.7,4100,5.8,4100,0,4100
CASTROLIND30JAN20125CE.NFO,07/01/2020,11:48:40,8.65,4.8,4100,5.85,4100,0,4100
