Ticker,Date,Time,LTP,BuyPrice,BuyQty,SellPrice,SellQty,LTQ,OpenInterest
CASTROLIND30JAN20127.5CE.NFO,07/01/2020,09:20:29,4.75,3.5,36900,4.7,28700,4100,12300
CASTROLIND30JAN20127.5CE.NFO,07/01/2020,09:20:29,4.75,3.5,36900,4.7,28700,0,12300
CASTROLIND30JAN20127.5CE.NFO,07/01/2020,09:20:29,4.75,3.5,36900,4.7,28700,0,12300
CASTROLIND30JAN20127.5CE.NFO,07/01/2020,09:20:29,4.75,3.5,36900,4.7,28700,0,12300
CASTROLIND30JAN20127.5CE.NFO,07/01/2020,09:20:37,4.75,3.5,36900,4.6,4100,0,12300
CASTROLIND30JAN20127.5CE.NFO,07/01/2020,09:20:45,4.75,3.5,36900,5,69700,0,12300
CASTROLIND30JAN20127.5CE.NFO,07/01/2020,09:21:00,4.75,3.6,4100,5,45100,0,12300
CASTROLIND30JAN20127.5CE.NFO,07/01/2020,09:21:08,4.75,3.55,8200,5,45100,0,12300
CASTROLIND30JAN20127.5CE.NFO,07/01/2020,09:21:15,4.75,3.55,8200,5,69700,0,12300
CASTROLIND30JAN20127.5CE.NFO,07/01/2020,09:21:52,4.75,3.55,8200,5,61500,0,12300
CASTROLIND30JAN20127.5CE.NFO,07/01/2020,09:22:05,4.75,3.55,8200,5,45100,0,12300
CASTROLIND30JAN20127.5CE.NFO,07/01/2020,09:22:13,4.75,3.55,8200,5,61500,0,12300
CASTROLIND30JAN20127.5CE.NFO,07/01/2020,09:22:20,4.75,3.55,8200,5,69700,0,12300
CASTROLIND30JAN20127.5CE.NFO,07/01/2020,09:24:14,4.75,3.6,4100,5,69700,0,12300
CASTROLIND30JAN20127.5CE.NFO,07/01/2020,09:25:08,4.75,3.6,12300,5,69700,0,12300
CASTROLIND30JAN20127.5CE.NFO,07/01/2020,09:25:44,4.75,3.6,12300,5,61500,0,12300
CASTROLIND30JAN20127.5CE.NFO,07/01/2020,09:27:52,4.75,3.6,4100,5,53300,0,12300
CASTROLIND30JAN20127.5CE.NFO,07/01/2020,09:29:29,4.75,3.6,4100,4.8,20500,0,12300
CASTROLIND30JAN20127.5CE.NFO,07/01/2020,09:29:36,4.75,3.6,4100,4.8,28700,0,12300
CASTROLIND30JAN20127.5CE.NFO,07/01/2020,09:30:20,4.75,3.6,4100,4.8,36900,0,12300
CASTROLIND30JAN20127.5CE.NFO,07/01/2020,09:31:23,4.75,3.6,12300,4.8,36900,0,12300
CASTROLIND30JAN20127.5CE.NFO,07/01/2020,09:31:39,4.75,3.65,4100,4.8,36900,0,12300
CASTROLIND30JAN20127.5CE.NFO,07/01/2020,09:32:26,4.75,3.65,4100,4.8,28700,0,12300
CASTROLIND30JAN20127.5CE.NFO,07/01/2020,09:33:01,4.75,3.65,4100,4.8,20500,0,12300
CASTROLIND30JAN20127.5CE.NFO,07/01/2020,09:33:12,4.75,3.65,4100,4.8,36900,0,12300
CASTROLIND30JAN20127.5CE.NFO,07/01/2020,09:33:18,4.75,3.65,4100,4.8,28700,0,12300
CASTROLIND30JAN20127.5CE.NFO,07/01/2020,09:34:51,4.75,3.65,4100,4.8,36900,0,12300
CASTROLIND30JAN20127.5CE.NFO,07/01/2020,09:35:16,4.75,3.65,4100,4.8,28700,0,12300
CASTROLIND30JAN20127.5CE.NFO,07/01/2020,09:35:44,4.75,3.65,4100,4.8,36900,0,12300
CASTROLIND30JAN20127.5CE.NFO,07/01/2020,09:35:51,4.75,3.65,4100,4.8,45100,0,12300
CASTROLIND30JAN20127.5CE.NFO,07/01/2020,09:37:07,4.75,3.65,4100,4.8,36900,0,12300
CASTROLIND30JAN20127.5CE.NFO,07/01/2020,09:37:48,4.75,3.65,4100,4.8,45100,0,12300
CASTROLIND30JAN20127.5CE.NFO,07/01/2020,09:39:22,4.75,3.65,4100,4.8,36900,0,12300
CASTROLIND30JAN20127.5CE.NFO,07/01/2020,09:39:42,4.75,3.65,4100,4.8,12300,0,12300
CASTROLIND30JAN20127.5CE.NFO,07/01/2020,09:40:29,4.75,3.75,4100,5,61500,0,12300
CASTROLIND30JAN20127.5CE.NFO,07/01/2020,09:40:34,4.75,3.65,4100,5,45100,0,12300
CASTROLIND30JAN20127.5CE.NFO,07/01/2020,09:41:29,4.75,3.7,4100,5,45100,0,12300
CASTROLIND30JAN20127.5CE.NFO,07/01/2020,09:41:47,4.75,3.75,4100,5,45100,0,12300
CASTROLIND30JAN20127.5CE.NFO,07/01/2020,09:41:52,4.75,3.7,4100,5,45100,0,12300
CASTROLIND30JAN20127.5CE.NFO,07/01/2020,09:41:58,4.75,3.75,4100,5,45100,0,12300
CASTROLIND30JAN20127.5CE.NFO,07/01/2020,09:42:04,4.75,3.7,4100,5,45100,0,12300
CASTROLIND30JAN20127.5CE.NFO,07/01/2020,09:42:11,4.75,3.75,4100,5,45100,0,12300
CASTROLIND30JAN20127.5CE.NFO,07/01/2020,09:42:25,4.75,3.7,4100,5,45100,0,12300
CASTROLIND30JAN20127.5CE.NFO,07/01/2020,09:42:32,4.75,3.85,49200,5,53300,0,12300
CASTROLIND30JAN20127.5CE.NFO,07/01/2020,09:42:39,4.75,4.05,4100,5,36900,0,12300
CASTROLIND30JAN20127.5CE.NFO,07/01/2020,09:42:57,4.75,4.05,4100,5,45100,0,12300
CASTROLIND30JAN20127.5CE.NFO,07/01/2020,09:43:03,4.75,4.05,4100,5,36900,0,12300
CASTROLIND30JAN20127.5CE.NFO,07/01/2020,09:43:25,4.75,4.05,4100,5,28700,0,12300
CASTROLIND30JAN20127.5CE.NFO,07/01/2020,09:44:11,4.75,4,4100,5,45100,0,12300
CASTROLIND30JAN20127.5CE.NFO,07/01/2020,09:44:16,4.75,4,4100,5,36900,0,12300
CASTROLIND30JAN20127.5CE.NFO,07/01/2020,09:44:27,4.75,4,4100,5,45100,0,12300
CASTROLIND30JAN20127.5CE.NFO,07/01/2020,09:44:38,4.75,4,4100,5,32800,0,12300
CASTROLIND30JAN20127.5CE.NFO,07/01/2020,09:45:11,4.75,4.05,4100,5,32800,0,12300
CASTROLIND30JAN20127.5CE.NFO,07/01/2020,09:45:18,4.75,4,4100,5,32800,0,12300
CASTROLIND30JAN20127.5CE.NFO,07/01/2020,09:45:29,4.75,4,4100,5,41000,0,12300
CASTROLIND30JAN20127.5CE.NFO,07/01/2020,09:46:02,4.75,4,4100,4.95,12300,0,12300
CASTROLIND30JAN20127.5CE.NFO,07/01/2020,09:46:31,4.75,4,4100,4.95,28700,0,12300
CASTROLIND30JAN20127.5CE.NFO,07/01/2020,09:46:37,4.75,4,4100,4.95,20500,0,12300
CASTROLIND30JAN20127.5CE.NFO,07/01/2020,09:47:23,4.75,4,4100,4.95,28700,0,12300
CASTROLIND30JAN20127.5CE.NFO,07/01/2020,09:47:44,4.75,4,4100,4.95,20500,0,12300
CASTROLIND30JAN20127.5CE.NFO,07/01/2020,09:48:16,4.75,4,4100,4.95,53300,0,12300
CASTROLIND30JAN20127.5CE.NFO,07/01/2020,09:48:32,4.75,3.9,20500,4.95,61500,0,12300
CASTROLIND30JAN20127.5CE.NFO,07/01/2020,09:48:37,4.75,3.95,4100,4.95,61500,0,12300
CASTROLIND30JAN20127.5CE.NFO,07/01/2020,09:48:46,4.75,3.95,4100,4.95,57400,0,12300
CASTROLIND30JAN20127.5CE.NFO,07/01/2020,09:49:33,4.75,3.95,4100,4.9,28700,0,12300
CASTROLIND30JAN20127.5CE.NFO,07/01/2020,09:49:57,4.75,3.95,4100,4.9,12300,0,12300
CASTROLIND30JAN20127.5CE.NFO,07/01/2020,09:50:12,4.75,3.95,4100,4.9,20500,0,12300
CASTROLIND30JAN20127.5CE.NFO,07/01/2020,09:50:16,4.75,3.95,4100,4.9,28700,0,12300
CASTROLIND30JAN20127.5CE.NFO,07/01/2020,09:52:08,4.75,3.95,4100,4.85,4100,0,12300
CASTROLIND30JAN20127.5CE.NFO,07/01/2020,09:52:40,4.75,3.9,12300,4.85,20500,0,12300
CASTROLIND30JAN20127.5CE.NFO,07/01/2020,09:52:50,4.75,3.9,12300,4.85,28700,0,12300
CASTROLIND30JAN20127.5CE.NFO,07/01/2020,09:53:06,4.75,3.95,4100,4.85,28700,0,12300
CASTROLIND30JAN20127.5CE.NFO,07/01/2020,09:53:34,4.75,2.05,32800,4.85,28700,0,12300
CASTROLIND30JAN20127.5CE.NFO,07/01/2020,09:53:56,4.75,2.1,36900,4.85,28700,0,12300
CASTROLIND30JAN20127.5CE.NFO,07/01/2020,09:54:07,4.75,2.35,32800,4.85,28700,0,12300
CASTROLIND30JAN20127.5CE.NFO,07/01/2020,09:54:31,4.75,2.6,28700,4.75,4100,0,12300
CASTROLIND30JAN20127.5CE.NFO,07/01/2020,09:54:35,4.75,3,28700,4.75,4100,0,12300
CASTROLIND30JAN20127.5CE.NFO,07/01/2020,09:54:39,4.75,3.25,4100,4.75,4100,0,12300
CASTROLIND30JAN20127.5CE.NFO,07/01/2020,09:54:52,4.75,3.4,24600,4.75,4100,0,12300
CASTROLIND30JAN20127.5CE.NFO,07/01/2020,09:54:56,4.75,3.65,4100,4.75,4100,0,12300
CASTROLIND30JAN20127.5CE.NFO,07/01/2020,09:55:00,4.75,0.85,28700,4.75,4100,0,12300
CASTROLIND30JAN20127.5CE.NFO,07/01/2020,09:55:05,4.75,1.05,32800,4.75,4100,0,12300
CASTROLIND30JAN20127.5CE.NFO,07/01/2020,09:55:11,4.75,1.3,32800,4.75,4100,0,12300
CASTROLIND30JAN20127.5CE.NFO,07/01/2020,09:55:33,4.75,1.55,36900,4.75,4100,0,12300
CASTROLIND30JAN20127.5CE.NFO,07/01/2020,09:56:15,4.75,1.8,32800,4.75,4100,0,12300
CASTROLIND30JAN20127.5CE.NFO,07/01/2020,09:56:19,4.75,2.05,36900,4.75,4100,0,12300
CASTROLIND30JAN20127.5CE.NFO,07/01/2020,09:56:38,4.75,2.1,45100,4.75,4100,0,12300
CASTROLIND30JAN20127.5CE.NFO,07/01/2020,09:56:42,4.75,0.45,4100,4.75,4100,0,12300
CASTROLIND30JAN20127.5CE.NFO,07/01/2020,09:56:47,4.75,0.55,4100,4.75,4100,0,12300
CASTROLIND30JAN20127.5CE.NFO,07/01/2020,09:56:51,4.75,0.65,4100,4.75,4100,0,12300
CASTROLIND30JAN20127.5CE.NFO,07/01/2020,09:56:55,4.75,0.75,4100,4.75,4100,0,12300
CASTROLIND30JAN20127.5CE.NFO,07/01/2020,09:56:59,4.75,0.85,4100,4.75,4100,0,12300
CASTROLIND30JAN20127.5CE.NFO,07/01/2020,09:57:04,4.75,1,98400,4.75,4100,0,12300
CASTROLIND30JAN20127.5CE.NFO,07/01/2020,09:57:59,4.75,1.05,36900,4.75,4100,0,12300
CASTROLIND30JAN20127.5CE.NFO,07/01/2020,09:58:56,4.75,1.3,32800,4.75,4100,0,12300
CASTROLIND30JAN20127.5CE.NFO,07/01/2020,09:59:01,4.75,1.55,45100,4.75,4100,0,12300
CASTROLIND30JAN20127.5CE.NFO,07/01/2020,10:00:49,4.75,1.05,41000,4.8,4100,0,12300
CASTROLIND30JAN20127.5CE.NFO,07/01/2020,10:00:55,4.75,1.05,45100,4.8,4100,0,12300
CASTROLIND30JAN20127.5CE.NFO,07/01/2020,10:01:42,4.75,1.05,45100,4.8,28700,0,12300
CASTROLIND30JAN20127.5CE.NFO,07/01/2020,10:01:53,4.75,1.05,45100,4.8,12300,0,12300
CASTROLIND30JAN20127.5CE.NFO,07/01/2020,10:01:58,4.75,1.05,45100,4.8,4100,0,12300
CASTROLIND30JAN20127.5CE.NFO,07/01/2020,10:02:08,4.75,1.05,45100,4.8,12300,0,12300
CASTROLIND30JAN20127.5CE.NFO,07/01/2020,10:02:14,4.75,1.05,45100,4.8,4100,0,12300
CASTROLIND30JAN20127.5CE.NFO,07/01/2020,10:02:31,4.75,1.05,45100,4.8,12300,0,12300
CASTROLIND30JAN20127.5CE.NFO,07/01/2020,10:02:36,4.75,1.05,45100,4.8,4100,0,12300
CASTROLIND30JAN20127.5CE.NFO,07/01/2020,10:02:57,4.75,1.05,45100,4.8,12300,0,12300
CASTROLIND30JAN20127.5CE.NFO,07/01/2020,10:03:10,4.75,1.05,45100,4.8,4100,0,12300
CASTROLIND30JAN20127.5CE.NFO,07/01/2020,10:03:44,4.75,1.05,45100,4.8,12300,0,12300
CASTROLIND30JAN20127.5CE.NFO,07/01/2020,10:03:54,4.75,1.05,45100,4.8,4100,0,12300
CASTROLIND30JAN20127.5CE.NFO,07/01/2020,10:04:25,4.75,1.3,32800,4.8,4100,0,12300
CASTROLIND30JAN20127.5CE.NFO,07/01/2020,10:04:29,4.75,1.55,45100,4.8,4100,0,12300
CASTROLIND30JAN20127.5CE.NFO,07/01/2020,10:04:51,4.75,2,32800,4.8,4100,0,12300
CASTROLIND30JAN20127.5CE.NFO,07/01/2020,10:04:55,4.75,3.5,8200,4.8,4100,0,12300
CASTROLIND30JAN20127.5CE.NFO,07/01/2020,10:04:59,4.75,3.5,12300,4.8,4100,0,12300
CASTROLIND30JAN20127.5CE.NFO,07/01/2020,10:05:32,4.75,3.75,4100,4.8,4100,0,12300
CASTROLIND30JAN20127.5CE.NFO,07/01/2020,10:06:23,4.75,3.75,4100,4.8,36900,0,12300
CASTROLIND30JAN20127.5CE.NFO,07/01/2020,10:06:33,4.75,3.75,4100,4.8,28700,0,12300
CASTROLIND30JAN20127.5CE.NFO,07/01/2020,10:06:49,4.75,3.75,4100,4.8,53300,0,12300
CASTROLIND30JAN20127.5CE.NFO,07/01/2020,10:07:30,4.75,3.8,4100,4.8,53300,0,12300
CASTROLIND30JAN20127.5CE.NFO,07/01/2020,10:07:35,4.75,3.75,4100,4.8,69700,0,12300
CASTROLIND30JAN20127.5CE.NFO,07/01/2020,10:07:45,4.75,3.75,4100,4.8,53300,0,12300
CASTROLIND30JAN20127.5CE.NFO,07/01/2020,10:07:56,4.75,3.75,4100,4.55,4100,0,12300
CASTROLIND30JAN20127.5CE.NFO,07/01/2020,10:08:05,4.75,3.6,4100,4.55,4100,0,12300
CASTROLIND30JAN20127.5CE.NFO,07/01/2020,10:09:58,4.75,3.65,4100,4.55,4100,0,12300
CASTROLIND30JAN20127.5CE.NFO,07/01/2020,10:11:00,4.75,3.65,4100,4.45,4100,0,12300
CASTROLIND30JAN20127.5CE.NFO,07/01/2020,10:11:04,4.75,3.65,4100,4.55,4100,0,12300
CASTROLIND30JAN20127.5CE.NFO,07/01/2020,10:12:34,4.75,3.6,4100,4.55,4100,0,12300
CASTROLIND30JAN20127.5CE.NFO,07/01/2020,10:12:43,4.75,3.6,4100,4.7,4100,0,12300
CASTROLIND30JAN20127.5CE.NFO,07/01/2020,10:12:53,4.75,3.7,4100,4.7,4100,0,12300
CASTROLIND30JAN20127.5CE.NFO,07/01/2020,10:12:57,4.75,3.6,4100,4.7,4100,0,12300
CASTROLIND30JAN20127.5CE.NFO,07/01/2020,10:13:01,4.75,3.6,4100,4.55,4100,0,12300
CASTROLIND30JAN20127.5CE.NFO,07/01/2020,10:13:05,4.75,3.7,4100,4.65,4100,0,12300
CASTROLIND30JAN20127.5CE.NFO,07/01/2020,10:13:14,4.75,3.6,4100,4.65,4100,0,12300
CASTROLIND30JAN20127.5CE.NFO,07/01/2020,10:13:19,4.75,3.7,4100,4.65,4100,0,12300
CASTROLIND30JAN20127.5CE.NFO,07/01/2020,10:13:27,4.75,3.65,4100,4.65,4100,0,12300
CASTROLIND30JAN20127.5CE.NFO,07/01/2020,10:13:30,4.75,3.7,4100,4.65,4100,0,12300
CASTROLIND30JAN20127.5CE.NFO,07/01/2020,10:13:43,4.75,3.65,4100,4.65,4100,0,12300
CASTROLIND30JAN20127.5CE.NFO,07/01/2020,10:13:48,4.75,3.7,4100,4.65,4100,0,12300
CASTROLIND30JAN20127.5CE.NFO,07/01/2020,10:14:03,4.75,3.65,4100,4.65,4100,0,12300
CASTROLIND30JAN20127.5CE.NFO,07/01/2020,10:14:08,4.75,3.7,4100,4.65,4100,0,12300
CASTROLIND30JAN20127.5CE.NFO,07/01/2020,10:14:13,4.75,3.7,4100,4.7,4100,0,12300
CASTROLIND30JAN20127.5CE.NFO,07/01/2020,10:14:19,4.75,3.95,4100,4.8,4100,0,12300
CASTROLIND30JAN20127.5CE.NFO,07/01/2020,10:14:28,4.75,3.95,4100,4.8,8200,0,12300
CASTROLIND30JAN20127.5CE.NFO,07/01/2020,10:14:34,4.75,3.9,16400,4.75,4100,0,12300
CASTROLIND30JAN20127.5CE.NFO,07/01/2020,10:14:48,4.75,3.9,32800,4.7,4100,0,12300
CASTROLIND30JAN20127.5CE.NFO,07/01/2020,10:14:53,4.75,3.9,32800,4.75,4100,0,12300
CASTROLIND30JAN20127.5CE.NFO,07/01/2020,10:14:57,4.75,3.9,32800,4.7,4100,0,12300
CASTROLIND30JAN20127.5CE.NFO,07/01/2020,10:15:02,4.75,4.05,4100,4.75,4100,0,12300
CASTROLIND30JAN20127.5CE.NFO,07/01/2020,10:15:07,4.75,4.05,4100,4.8,8200,0,12300
CASTROLIND30JAN20127.5CE.NFO,07/01/2020,10:15:13,4.75,4,20500,4.75,4100,0,12300
CASTROLIND30JAN20127.5CE.NFO,07/01/2020,10:15:17,4.75,4.1,4100,4.8,4100,0,12300
CASTROLIND30JAN20127.5CE.NFO,07/01/2020,10:15:33,4.75,4.05,16400,4.8,4100,0,12300
CASTROLIND30JAN20127.5CE.NFO,07/01/2020,10:15:47,4.75,4.15,4100,4.8,8200,0,12300
CASTROLIND30JAN20127.5CE.NFO,07/01/2020,10:15:54,4.75,4.15,4100,4.75,4100,0,12300
CASTROLIND30JAN20127.5CE.NFO,07/01/2020,10:15:59,4.75,4.05,4100,4.75,4100,0,12300
CASTROLIND30JAN20127.5CE.NFO,07/01/2020,10:16:03,4.75,4.1,4100,4.75,4100,0,12300
CASTROLIND30JAN20127.5CE.NFO,07/01/2020,10:16:12,4.75,4.1,20500,4.75,4100,0,12300
CASTROLIND30JAN20127.5CE.NFO,07/01/2020,10:16:16,4.75,4.15,4100,4.75,4100,0,12300
CASTROLIND30JAN20127.5CE.NFO,07/01/2020,10:16:20,4.75,4.1,4100,4.75,4100,0,12300
CASTROLIND30JAN20127.5CE.NFO,07/01/2020,10:16:24,4.75,4.15,4100,5,4100,0,12300
CASTROLIND30JAN20127.5CE.NFO,07/01/2020,10:16:28,4.75,4.15,4100,4.8,4100,0,12300
CASTROLIND30JAN20127.5CE.NFO,07/01/2020,10:16:33,4.75,4.1,8200,4.8,4100,0,12300
CASTROLIND30JAN20127.5CE.NFO,07/01/2020,10:16:37,4.75,4.1,16400,4.8,4100,0,12300
CASTROLIND30JAN20127.5CE.NFO,07/01/2020,10:16:49,4.75,4.1,16400,4.95,4100,0,12300
CASTROLIND30JAN20127.5CE.NFO,07/01/2020,10:17:02,4.75,4.15,4100,4.95,4100,0,12300
CASTROLIND30JAN20127.5CE.NFO,07/01/2020,10:17:29,4.75,4.05,20500,4.95,4100,0,12300
CASTROLIND30JAN20127.5CE.NFO,07/01/2020,10:17:42,4.75,4.15,4100,4.95,4100,0,12300
CASTROLIND30JAN20127.5CE.NFO,07/01/2020,10:18:13,4.75,4.1,4100,4.85,4100,0,12300
CASTROLIND30JAN20127.5CE.NFO,07/01/2020,10:18:21,4.75,4.15,4100,4.95,4100,0,12300
CASTROLIND30JAN20127.5CE.NFO,07/01/2020,10:19:08,4.75,4.15,4100,4.85,4100,0,12300
CASTROLIND30JAN20127.5CE.NFO,07/01/2020,10:19:34,4.75,4.1,4100,4.85,4100,0,12300
CASTROLIND30JAN20127.5CE.NFO,07/01/2020,10:19:39,4.75,4.05,20500,4.85,4100,0,12300
CASTROLIND30JAN20127.5CE.NFO,07/01/2020,10:19:43,4.75,4.1,4100,4.85,4100,0,12300
CASTROLIND30JAN20127.5CE.NFO,07/01/2020,10:19:48,4.75,4.15,4100,4.85,4100,0,12300
CASTROLIND30JAN20127.5CE.NFO,07/01/2020,10:20:11,4.75,4.1,4100,5.05,4100,0,12300
CASTROLIND30JAN20127.5CE.NFO,07/01/2020,10:20:32,4.75,4.1,4100,4.95,4100,0,12300
CASTROLIND30JAN20127.5CE.NFO,07/01/2020,10:20:39,4.75,4.05,4100,4.95,4100,0,12300
CASTROLIND30JAN20127.5CE.NFO,07/01/2020,10:20:43,4.75,4.1,4100,4.95,4100,0,12300
CASTROLIND30JAN20127.5CE.NFO,07/01/2020,10:20:48,4.75,4.05,4100,4.95,4100,0,12300
CASTROLIND30JAN20127.5CE.NFO,07/01/2020,10:22:05,4.75,3.95,20500,4.95,4100,0,12300
CASTROLIND30JAN20127.5CE.NFO,07/01/2020,10:22:10,4.75,4,4100,4.85,4100,0,12300
CASTROLIND30JAN20127.5CE.NFO,07/01/2020,10:22:52,4.75,3.45,16400,4.85,4100,0,12300
CASTROLIND30JAN20127.5CE.NFO,07/01/2020,10:22:56,4.75,2.5,4100,4.85,4100,0,12300
CASTROLIND30JAN20127.5CE.NFO,07/01/2020,10:23:02,4.75,3.1,4100,4.85,4100,0,12300
CASTROLIND30JAN20127.5CE.NFO,07/01/2020,10:23:07,4.75,3.4,4100,4.85,4100,0,12300
CASTROLIND30JAN20127.5CE.NFO,07/01/2020,10:23:12,4.75,2.5,4100,4.85,4100,0,12300
CASTROLIND30JAN20127.5CE.NFO,07/01/2020,10:23:16,4.75,3,4100,4.85,4100,0,12300
CASTROLIND30JAN20127.5CE.NFO,07/01/2020,10:23:20,4.75,3.4,4100,4.85,4100,0,12300
CASTROLIND30JAN20127.5CE.NFO,07/01/2020,10:23:24,4.75,2.5,4100,4.85,4100,0,12300
CASTROLIND30JAN20127.5CE.NFO,07/01/2020,10:23:29,4.75,3,4100,4.85,4100,0,12300
CASTROLIND30JAN20127.5CE.NFO,07/01/2020,10:23:35,4.75,3.5,4100,4.85,4100,0,12300
CASTROLIND30JAN20127.5CE.NFO,07/01/2020,10:23:38,4.75,2.6,4100,4.85,4100,0,12300
CASTROLIND30JAN20127.5CE.NFO,07/01/2020,10:23:42,4.75,2.8,4100,4.85,4100,0,12300
CASTROLIND30JAN20127.5CE.NFO,07/01/2020,10:23:46,4.75,3.1,4100,4.75,4100,0,12300
CASTROLIND30JAN20127.5CE.NFO,07/01/2020,10:23:50,4.75,3.4,4100,4.75,4100,0,12300
CASTROLIND30JAN20127.5CE.NFO,07/01/2020,10:23:55,4.75,3.5,4100,4.75,4100,0,12300
CASTROLIND30JAN20127.5CE.NFO,07/01/2020,10:23:59,4.75,2.6,4100,4.75,4100,0,12300
CASTROLIND30JAN20127.5CE.NFO,07/01/2020,10:24:03,4.75,3,4100,4.75,4100,0,12300
CASTROLIND30JAN20127.5CE.NFO,07/01/2020,10:24:07,4.75,3.4,4100,4.75,4100,0,12300
CASTROLIND30JAN20127.5CE.NFO,07/01/2020,10:24:11,4.75,2.5,4100,4.75,4100,0,12300
CASTROLIND30JAN20127.5CE.NFO,07/01/2020,10:24:15,4.75,2.8,4100,4.75,4100,0,12300
CASTROLIND30JAN20127.5CE.NFO,07/01/2020,10:24:19,4.75,3.3,4100,4.75,4100,0,12300
CASTROLIND30JAN20127.5CE.NFO,07/01/2020,10:24:23,4.75,2.35,4100,4.75,4100,0,12300
CASTROLIND30JAN20127.5CE.NFO,07/01/2020,10:24:27,4.75,2.75,4100,4.65,4100,0,12300
CASTROLIND30JAN20127.5CE.NFO,07/01/2020,10:24:30,4.75,3.05,4100,4.65,4100,0,12300
CASTROLIND30JAN20127.5CE.NFO,07/01/2020,10:24:33,4.75,3.4,4100,4.65,4100,0,12300
CASTROLIND30JAN20127.5CE.NFO,07/01/2020,10:24:36,4.75,2.35,4100,4.65,4100,0,12300
CASTROLIND30JAN20127.5CE.NFO,07/01/2020,10:24:40,4.75,2.7,4100,4.7,4100,0,12300
CASTROLIND30JAN20127.5CE.NFO,07/01/2020,10:24:43,4.75,3,4100,4.65,8200,0,12300
CASTROLIND30JAN20127.5CE.NFO,07/01/2020,10:24:47,4.75,3.35,4100,4.65,8200,0,12300
CASTROLIND30JAN20127.5CE.NFO,07/01/2020,10:24:50,4.75,2.35,4100,4.65,8200,0,12300
CASTROLIND30JAN20127.5CE.NFO,07/01/2020,10:24:53,4.75,2.6,4100,4.65,8200,0,12300
CASTROLIND30JAN20127.5CE.NFO,07/01/2020,10:24:57,4.75,3,4100,4.65,8200,0,12300
CASTROLIND30JAN20127.5CE.NFO,07/01/2020,10:25:01,4.75,3.45,8200,4.65,8200,0,12300
CASTROLIND30JAN20127.5CE.NFO,07/01/2020,10:25:05,4.75,2.55,4100,4.65,8200,0,12300
CASTROLIND30JAN20127.5CE.NFO,07/01/2020,10:25:09,4.75,2.9,4100,4.65,8200,0,12300
CASTROLIND30JAN20127.5CE.NFO,07/01/2020,10:25:12,4.75,3.3,4100,4.65,8200,0,12300
CASTROLIND30JAN20127.5CE.NFO,07/01/2020,10:25:16,4.75,2.4,4100,4.65,8200,0,12300
CASTROLIND30JAN20127.5CE.NFO,07/01/2020,10:25:21,4.75,2.75,4100,4.65,8200,0,12300
CASTROLIND30JAN20127.5CE.NFO,07/01/2020,10:25:25,4.75,3.55,8200,4.8,4100,0,12300
CASTROLIND30JAN20127.5CE.NFO,07/01/2020,10:25:41,4.75,2.75,28700,4.65,4100,0,12300
CASTROLIND30JAN20127.5CE.NFO,07/01/2020,10:25:46,4.75,3.5,8200,4.55,4100,0,12300
CASTROLIND30JAN20127.5CE.NFO,07/01/2020,10:25:51,4.75,3.5,8200,4.8,4100,0,12300
CASTROLIND30JAN20127.5CE.NFO,07/01/2020,10:26:08,4.75,3.5,8200,4.75,4100,0,12300
CASTROLIND30JAN20127.5CE.NFO,07/01/2020,10:27:00,4.75,3.5,8200,4.7,4100,0,12300
CASTROLIND30JAN20127.5CE.NFO,07/01/2020,10:27:04,4.75,3.5,8200,4.75,4100,0,12300
CASTROLIND30JAN20127.5CE.NFO,07/01/2020,10:28:02,4.75,3.5,8200,4.6,4100,0,12300
CASTROLIND30JAN20127.5CE.NFO,07/01/2020,10:28:06,4.75,3.5,8200,4.7,8200,0,12300
CASTROLIND30JAN20127.5CE.NFO,07/01/2020,10:28:14,4.75,3.55,12300,4.6,4100,0,12300
CASTROLIND30JAN20127.5CE.NFO,07/01/2020,10:28:18,4.75,3.55,12300,4.65,4100,0,12300
CASTROLIND30JAN20127.5CE.NFO,07/01/2020,10:28:22,4.75,3.55,12300,4.7,4100,0,12300
CASTROLIND30JAN20127.5CE.NFO,07/01/2020,10:28:25,4.75,3.6,8200,4.65,4100,0,12300
CASTROLIND30JAN20127.5CE.NFO,07/01/2020,10:28:30,4.75,3.6,8200,4.55,4100,0,12300
CASTROLIND30JAN20127.5CE.NFO,07/01/2020,10:28:34,4.75,3.6,8200,4.65,4100,0,12300
CASTROLIND30JAN20127.5CE.NFO,07/01/2020,10:28:38,4.75,3.6,8200,4.7,8200,0,12300
CASTROLIND30JAN20127.5CE.NFO,07/01/2020,10:28:41,4.75,3.6,8200,4.6,4100,0,12300
CASTROLIND30JAN20127.5CE.NFO,07/01/2020,10:28:47,4.75,3.6,8200,4.7,8200,0,12300
CASTROLIND30JAN20127.5CE.NFO,07/01/2020,10:28:54,4.75,3.6,8200,4.6,8200,0,12300
CASTROLIND30JAN20127.5CE.NFO,07/01/2020,10:28:56,4.75,3.6,8200,4.6,4100,0,12300
CASTROLIND30JAN20127.5CE.NFO,07/01/2020,10:29:03,4.75,3.6,8200,4.65,4100,0,12300
CASTROLIND30JAN20127.5CE.NFO,07/01/2020,10:29:09,4.75,3.6,8200,4.7,8200,0,12300
CASTROLIND30JAN20127.5CE.NFO,07/01/2020,10:29:28,4.75,3.45,20500,4.7,8200,0,12300
CASTROLIND30JAN20127.5CE.NFO,07/01/2020,10:29:32,4.75,3.55,8200,4.7,8200,0,12300
CASTROLIND30JAN20127.5CE.NFO,07/01/2020,10:29:43,4.75,3.55,8200,4.6,4100,0,12300
CASTROLIND30JAN20127.5CE.NFO,07/01/2020,10:29:47,4.75,3.55,8200,4.7,8200,0,12300
CASTROLIND30JAN20127.5CE.NFO,07/01/2020,10:30:38,4.75,3.55,8200,4.7,4100,0,12300
CASTROLIND30JAN20127.5CE.NFO,07/01/2020,10:30:41,4.75,3.55,8200,4.7,8200,0,12300
CASTROLIND30JAN20127.5CE.NFO,07/01/2020,10:31:21,4.75,3.55,8200,4.6,4100,0,12300
CASTROLIND30JAN20127.5CE.NFO,07/01/2020,10:31:24,4.75,3.55,8200,4.65,4100,0,12300
CASTROLIND30JAN20127.5CE.NFO,07/01/2020,10:31:27,4.75,3.55,8200,4.6,4100,0,12300
CASTROLIND30JAN20127.5CE.NFO,07/01/2020,10:31:31,4.75,3.55,8200,4.65,4100,0,12300
CASTROLIND30JAN20127.5CE.NFO,07/01/2020,10:31:36,4.75,3.55,8200,4.6,4100,0,12300
CASTROLIND30JAN20127.5CE.NFO,07/01/2020,10:31:39,4.75,3.55,8200,4.7,4100,0,12300
CASTROLIND30JAN20127.5CE.NFO,07/01/2020,10:32:03,4.75,3.55,8200,4.6,4100,0,12300
CASTROLIND30JAN20127.5CE.NFO,07/01/2020,10:32:15,4.75,3.55,8200,4.65,4100,0,12300
CASTROLIND30JAN20127.5CE.NFO,07/01/2020,10:32:20,4.75,3.55,8200,4.6,4100,0,12300
CASTROLIND30JAN20127.5CE.NFO,07/01/2020,10:32:25,4.75,2.7,4100,4.7,8200,0,12300
CASTROLIND30JAN20127.5CE.NFO,07/01/2020,10:32:29,4.75,3,4100,4.7,8200,0,12300
CASTROLIND30JAN20127.5CE.NFO,07/01/2020,10:32:33,4.75,2.35,4100,4.7,8200,0,12300
CASTROLIND30JAN20127.5CE.NFO,07/01/2020,10:32:38,4.75,2.8,4100,4.7,8200,0,12300
CASTROLIND30JAN20127.5CE.NFO,07/01/2020,10:32:41,4.75,3.05,4100,4.65,4100,0,12300
CASTROLIND30JAN20127.5CE.NFO,07/01/2020,10:32:45,4.75,3.35,28700,4.65,4100,0,12300
CASTROLIND30JAN20127.5CE.NFO,07/01/2020,10:32:48,4.75,3.45,16400,4.6,4100,0,12300
CASTROLIND30JAN20127.5CE.NFO,07/01/2020,10:32:52,4.75,2.95,4100,4.7,4100,0,12300
CASTROLIND30JAN20127.5CE.NFO,07/01/2020,10:32:55,4.75,3.35,4100,4.7,4100,0,12300
CASTROLIND30JAN20127.5CE.NFO,07/01/2020,10:32:59,4.75,2.4,4100,4.7,4100,0,12300
CASTROLIND30JAN20127.5CE.NFO,07/01/2020,10:33:02,4.75,2.8,4100,4.7,4100,0,12300
CASTROLIND30JAN20127.5CE.NFO,07/01/2020,10:33:06,4.75,3.2,4100,4.7,4100,0,12300
CASTROLIND30JAN20127.5CE.NFO,07/01/2020,10:33:08,4.75,3.4,4100,4.7,4100,0,12300
CASTROLIND30JAN20127.5CE.NFO,07/01/2020,10:33:11,4.75,2.4,4100,4.7,4100,0,12300
CASTROLIND30JAN20127.5CE.NFO,07/01/2020,10:33:14,4.75,2.8,4100,4.7,4100,0,12300
CASTROLIND30JAN20127.5CE.NFO,07/01/2020,10:33:16,4.75,2.9,4100,4.7,4100,0,12300
CASTROLIND30JAN20127.5CE.NFO,07/01/2020,10:33:19,4.75,3.3,4100,4.6,4100,0,12300
CASTROLIND30JAN20127.5CE.NFO,07/01/2020,10:33:22,4.75,2.35,4100,4.65,4100,0,12300
CASTROLIND30JAN20127.5CE.NFO,07/01/2020,10:33:24,4.75,2.6,4100,4.7,4100,0,12300
CASTROLIND30JAN20127.5CE.NFO,07/01/2020,10:33:27,4.75,2.9,4100,4.7,4100,0,12300
CASTROLIND30JAN20127.5CE.NFO,07/01/2020,10:33:29,4.75,3.1,4100,4.7,4100,0,12300
CASTROLIND30JAN20127.5CE.NFO,07/01/2020,10:33:31,4.75,3.35,8200,4.7,4100,0,12300
CASTROLIND30JAN20127.5CE.NFO,07/01/2020,10:33:34,4.75,2.35,4100,4.7,4100,0,12300
CASTROLIND30JAN20127.5CE.NFO,07/01/2020,10:33:37,4.75,2.6,4100,4.65,4100,0,12300
CASTROLIND30JAN20127.5CE.NFO,07/01/2020,10:33:40,4.75,2.8,4100,4.7,4100,0,12300
CASTROLIND30JAN20127.5CE.NFO,07/01/2020,10:33:43,4.75,3.1,4100,4.6,4100,0,12300
CASTROLIND30JAN20127.5CE.NFO,07/01/2020,10:33:45,4.75,3.35,8200,4.6,4100,0,12300
CASTROLIND30JAN20127.5CE.NFO,07/01/2020,10:33:48,4.75,2.4,4100,4.7,4100,0,12300
CASTROLIND30JAN20127.5CE.NFO,07/01/2020,10:33:51,4.75,2.6,4100,4.65,4100,0,12300
CASTROLIND30JAN20127.5CE.NFO,07/01/2020,10:33:54,4.75,3,4100,4.7,4100,0,12300
CASTROLIND30JAN20127.5CE.NFO,07/01/2020,10:33:57,4.75,3.2,4100,4.7,4100,0,12300
CASTROLIND30JAN20127.5CE.NFO,07/01/2020,10:34:00,4.75,2.35,4100,4.65,4100,0,12300
CASTROLIND30JAN20127.5CE.NFO,07/01/2020,10:34:03,4.75,2.7,4100,4.7,4100,0,12300
CASTROLIND30JAN20127.5CE.NFO,07/01/2020,10:34:07,4.75,3,4100,4.7,4100,0,12300
CASTROLIND30JAN20127.5CE.NFO,07/01/2020,10:34:10,4.75,3.3,4100,4.7,4100,0,12300
CASTROLIND30JAN20127.5CE.NFO,07/01/2020,10:34:12,4.75,2.3,8200,4.65,4100,0,12300
CASTROLIND30JAN20127.5CE.NFO,07/01/2020,10:34:14,4.75,2.5,4100,4.7,4100,0,12300
CASTROLIND30JAN20127.5CE.NFO,07/01/2020,10:34:17,4.75,2.9,4100,4.7,4100,0,12300
CASTROLIND30JAN20127.5CE.NFO,07/01/2020,10:34:20,4.75,3.2,4100,4.65,4100,0,12300
CASTROLIND30JAN20127.5CE.NFO,07/01/2020,10:34:23,4.75,3.4,4100,4.7,4100,0,12300
CASTROLIND30JAN20127.5CE.NFO,07/01/2020,10:34:27,4.75,2.5,4100,4.7,4100,0,12300
CASTROLIND30JAN20127.5CE.NFO,07/01/2020,10:34:29,4.75,2.9,4100,4.7,4100,0,12300
CASTROLIND30JAN20127.5CE.NFO,07/01/2020,10:34:32,4.75,3.2,4100,4.65,4100,0,12300
CASTROLIND30JAN20127.5CE.NFO,07/01/2020,10:34:35,4.75,3.4,4100,4.7,4100,0,12300
CASTROLIND30JAN20127.5CE.NFO,07/01/2020,10:34:38,4.75,2.5,4100,4.65,4100,0,12300
CASTROLIND30JAN20127.5CE.NFO,07/01/2020,10:34:41,4.75,2.9,4100,4.7,4100,0,12300
CASTROLIND30JAN20127.5CE.NFO,07/01/2020,10:34:45,4.75,3.3,4100,4.7,4100,0,12300
CASTROLIND30JAN20127.5CE.NFO,07/01/2020,10:34:49,4.75,2.35,4100,4.7,4100,0,12300
CASTROLIND30JAN20127.5CE.NFO,07/01/2020,10:34:52,4.75,2.6,4100,4.65,4100,0,12300
CASTROLIND30JAN20127.5CE.NFO,07/01/2020,10:34:56,4.75,2.9,4100,4.65,4100,0,12300
CASTROLIND30JAN20127.5CE.NFO,07/01/2020,10:34:59,4.75,3.1,4100,4.65,4100,0,12300
CASTROLIND30JAN20127.5CE.NFO,07/01/2020,10:35:01,4.75,3.35,8200,4.7,4100,0,12300
CASTROLIND30JAN20127.5CE.NFO,07/01/2020,10:35:04,4.75,2.5,4100,4.7,4100,0,12300
CASTROLIND30JAN20127.5CE.NFO,07/01/2020,10:35:07,4.75,2.8,4100,4.6,4100,0,12300
CASTROLIND30JAN20127.5CE.NFO,07/01/2020,10:35:09,4.75,3,4100,4.7,4100,0,12300
CASTROLIND30JAN20127.5CE.NFO,07/01/2020,10:35:12,4.75,3.3,4100,4.7,4100,0,12300
CASTROLIND30JAN20127.5CE.NFO,07/01/2020,10:35:15,4.75,2.35,4100,4.7,4100,0,12300
CASTROLIND30JAN20127.5CE.NFO,07/01/2020,10:35:18,4.75,2.6,4100,4.7,4100,0,12300
CASTROLIND30JAN20127.5CE.NFO,07/01/2020,10:35:20,4.75,2.7,4100,4.65,4100,0,12300
CASTROLIND30JAN20127.5CE.NFO,07/01/2020,10:35:22,4.75,3,4100,4.7,4100,0,12300
CASTROLIND30JAN20127.5CE.NFO,07/01/2020,10:35:27,4.75,3.2,4100,4.7,4100,0,12300
CASTROLIND30JAN20127.5CE.NFO,07/01/2020,10:35:30,4.75,2.4,4100,4.7,8200,0,12300
CASTROLIND30JAN20127.5CE.NFO,07/01/2020,10:35:34,4.75,2.7,4100,4.7,8200,0,12300
CASTROLIND30JAN20127.5CE.NFO,07/01/2020,10:35:37,4.75,3,4100,4.7,8200,0,12300
CASTROLIND30JAN20127.5CE.NFO,07/01/2020,10:35:41,4.75,3.35,4100,4.7,8200,0,12300
CASTROLIND30JAN20127.5CE.NFO,07/01/2020,10:35:44,4.75,2.4,4100,4.7,8200,0,12300
CASTROLIND30JAN20127.5CE.NFO,07/01/2020,10:35:47,4.75,2.7,4100,4.7,8200,0,12300
CASTROLIND30JAN20127.5CE.NFO,07/01/2020,10:35:49,4.75,3,4100,4.7,8200,0,12300
CASTROLIND30JAN20127.5CE.NFO,07/01/2020,10:35:51,4.75,3.35,20500,4.65,4100,0,12300
CASTROLIND30JAN20127.5CE.NFO,07/01/2020,10:35:54,4.75,3.45,8200,4.65,4100,0,12300
CASTROLIND30JAN20127.5CE.NFO,07/01/2020,10:35:57,4.75,3.45,8200,4.7,8200,0,12300
CASTROLIND30JAN20127.5CE.NFO,07/01/2020,10:36:02,4.75,3.45,8200,4.7,4100,0,12300
CASTROLIND30JAN20127.5CE.NFO,07/01/2020,10:36:14,4.75,3.45,8200,4.8,16400,0,12300
CASTROLIND30JAN20127.5CE.NFO,07/01/2020,10:36:36,4.75,2.35,4100,4.8,16400,0,12300
CASTROLIND30JAN20127.5CE.NFO,07/01/2020,10:36:38,4.75,2.5,4100,4.8,16400,0,12300
CASTROLIND30JAN20127.5CE.NFO,07/01/2020,10:36:40,4.75,2.7,4100,4.8,16400,0,12300
CASTROLIND30JAN20127.5CE.NFO,07/01/2020,10:36:42,4.75,3.4,20500,4.8,16400,0,12300
CASTROLIND30JAN20127.5CE.NFO,07/01/2020,10:36:44,4.75,3.5,8200,4.8,16400,0,12300
CASTROLIND30JAN20127.5CE.NFO,07/01/2020,10:36:55,4.75,2.4,4100,4.8,16400,0,12300
CASTROLIND30JAN20127.5CE.NFO,07/01/2020,10:36:57,4.75,2.7,4100,4.8,16400,0,12300
CASTROLIND30JAN20127.5CE.NFO,07/01/2020,10:37:01,4.75,2.9,4100,4.8,16400,0,12300
CASTROLIND30JAN20127.5CE.NFO,07/01/2020,10:37:03,4.75,3.05,4100,4.8,16400,0,12300
CASTROLIND30JAN20127.5CE.NFO,07/01/2020,10:37:06,4.75,3.35,4100,4.8,16400,0,12300
CASTROLIND30JAN20127.5CE.NFO,07/01/2020,10:37:09,4.75,3.3,4100,4.85,53300,0,12300
CASTROLIND30JAN20127.5CE.NFO,07/01/2020,10:37:11,4.75,3.25,4100,4.85,53300,0,12300
CASTROLIND30JAN20127.5CE.NFO,07/01/2020,10:37:13,4.75,3.3,8200,4.85,53300,0,12300
CASTROLIND30JAN20127.5CE.NFO,07/01/2020,10:37:16,4.75,3.35,4100,4.85,53300,0,12300
CASTROLIND30JAN20127.5CE.NFO,07/01/2020,10:37:19,4.75,2.6,4100,4.85,53300,0,12300
CASTROLIND30JAN20127.5CE.NFO,07/01/2020,10:37:22,4.75,2.8,4100,4.85,53300,0,12300
CASTROLIND30JAN20127.5CE.NFO,07/01/2020,10:37:25,4.75,3.2,4100,4.85,53300,0,12300
CASTROLIND30JAN20127.5CE.NFO,07/01/2020,10:37:28,4.75,2.35,4100,4.85,53300,0,12300
CASTROLIND30JAN20127.5CE.NFO,07/01/2020,10:37:30,4.75,2.4,4100,4.85,61500,0,12300
CASTROLIND30JAN20127.5CE.NFO,07/01/2020,10:37:33,4.75,2.8,4100,4.85,61500,0,12300
CASTROLIND30JAN20127.5CE.NFO,07/01/2020,10:37:35,4.75,3,4100,4.85,61500,0,12300
CASTROLIND30JAN20127.5CE.NFO,07/01/2020,10:37:38,4.75,3.3,4100,4.85,61500,0,12300
CASTROLIND30JAN20127.5CE.NFO,07/01/2020,10:37:42,4.75,2.5,4100,4.85,61500,0,12300
CASTROLIND30JAN20127.5CE.NFO,07/01/2020,10:37:45,4.75,2.8,4100,4.85,61500,0,12300
CASTROLIND30JAN20127.5CE.NFO,07/01/2020,10:37:48,4.75,3.1,4100,4.85,61500,0,12300
CASTROLIND30JAN20127.5CE.NFO,07/01/2020,10:37:49,4.75,3.2,4100,4.85,61500,0,12300
CASTROLIND30JAN20127.5CE.NFO,07/01/2020,10:37:52,4.75,2.35,4100,4.85,61500,0,12300
CASTROLIND30JAN20127.5CE.NFO,07/01/2020,10:38:01,4.75,2.7,4100,4.8,16400,0,12300
CASTROLIND30JAN20127.5CE.NFO,07/01/2020,10:38:04,4.75,3.1,4100,4.8,16400,0,12300
CASTROLIND30JAN20127.5CE.NFO,07/01/2020,10:38:07,4.75,3.35,8200,4.8,16400,0,12300
CASTROLIND30JAN20127.5CE.NFO,07/01/2020,10:38:10,4.75,2.35,4100,4.8,16400,0,12300
CASTROLIND30JAN20127.5CE.NFO,07/01/2020,10:38:12,4.75,2.6,4100,4.8,16400,0,12300
CASTROLIND30JAN20127.5CE.NFO,07/01/2020,10:38:28,4.75,2.8,4100,4.8,16400,0,12300
CASTROLIND30JAN20127.5CE.NFO,07/01/2020,10:38:31,4.75,3.1,4100,4.8,16400,0,12300
CASTROLIND30JAN20127.5CE.NFO,07/01/2020,10:38:34,4.75,2.35,4100,4.75,8200,0,12300
CASTROLIND30JAN20127.5CE.NFO,07/01/2020,10:38:37,4.75,2.5,4100,4.75,8200,0,12300
CASTROLIND30JAN20127.5CE.NFO,07/01/2020,10:38:39,4.75,2.8,4100,4.75,4100,0,12300
CASTROLIND30JAN20127.5CE.NFO,07/01/2020,10:38:41,4.75,3,4100,4.75,4100,0,12300
CASTROLIND30JAN20127.5CE.NFO,07/01/2020,10:38:43,4.75,3.2,4100,4.75,4100,0,12300
CASTROLIND30JAN20127.5CE.NFO,07/01/2020,10:38:46,4.75,3.35,4100,4.75,4100,0,12300
CASTROLIND30JAN20127.5CE.NFO,07/01/2020,10:38:48,4.75,2.6,4100,4.75,8200,0,12300
CASTROLIND30JAN20127.5CE.NFO,07/01/2020,10:38:51,4.75,2.8,4100,4.7,4100,0,12300
CASTROLIND30JAN20127.5CE.NFO,07/01/2020,10:38:52,4.75,3,4100,4.65,4100,0,12300
CASTROLIND30JAN20127.5CE.NFO,07/01/2020,10:38:53,4.75,3.1,4100,4.65,4100,0,12300
CASTROLIND30JAN20127.5CE.NFO,07/01/2020,10:38:55,4.75,3.3,4100,4.6,4100,0,12300
CASTROLIND30JAN20127.5CE.NFO,07/01/2020,10:38:56,4.75,2.3,8200,4.65,8200,0,12300
CASTROLIND30JAN20127.5CE.NFO,07/01/2020,10:38:58,4.75,2.4,4100,4.65,4100,0,12300
CASTROLIND30JAN20127.5CE.NFO,07/01/2020,10:39:01,4.75,2.8,4100,4.75,24600,0,12300
CASTROLIND30JAN20127.5CE.NFO,07/01/2020,10:39:05,4.75,2.95,4100,4.75,24600,0,12300
CASTROLIND30JAN20127.5CE.NFO,07/01/2020,10:39:08,4.75,3.3,4100,4.75,24600,0,12300
CASTROLIND30JAN20127.5CE.NFO,07/01/2020,10:39:11,4.75,2.5,4100,4.75,24600,0,12300
CASTROLIND30JAN20127.5CE.NFO,07/01/2020,10:39:14,4.75,2.7,4100,4.75,24600,0,12300
CASTROLIND30JAN20127.5CE.NFO,07/01/2020,10:39:18,4.75,3.2,4100,4.75,24600,0,12300
CASTROLIND30JAN20127.5CE.NFO,07/01/2020,10:39:23,4.75,2.5,4100,4.75,24600,0,12300
CASTROLIND30JAN20127.5CE.NFO,07/01/2020,10:39:27,4.75,3,4100,4.75,24600,0,12300
CASTROLIND30JAN20127.5CE.NFO,07/01/2020,10:39:30,4.75,3.3,4100,4.75,24600,0,12300
CASTROLIND30JAN20127.5CE.NFO,07/01/2020,10:39:33,4.75,2.4,4100,4.75,20500,0,12300
CASTROLIND30JAN20127.5CE.NFO,07/01/2020,10:39:36,4.75,2.8,4100,4.75,24600,0,12300
CASTROLIND30JAN20127.5CE.NFO,07/01/2020,10:39:39,4.75,3.1,4100,4.75,24600,0,12300
CASTROLIND30JAN20127.5CE.NFO,07/01/2020,10:39:42,4.75,3.35,4100,4.75,24600,0,12300
CASTROLIND30JAN20127.5CE.NFO,07/01/2020,10:39:45,4.75,2.5,4100,4.75,24600,0,12300
CASTROLIND30JAN20127.5CE.NFO,07/01/2020,10:39:48,4.75,2.8,4100,4.75,24600,0,12300
CASTROLIND30JAN20127.5CE.NFO,07/01/2020,10:39:51,4.75,3.2,4100,4.75,24600,0,12300
CASTROLIND30JAN20127.5CE.NFO,07/01/2020,10:39:54,4.75,2.35,4100,4.75,24600,0,12300
CASTROLIND30JAN20127.5CE.NFO,07/01/2020,10:39:56,4.75,2.4,4100,4.75,24600,0,12300
CASTROLIND30JAN20127.5CE.NFO,07/01/2020,10:39:58,4.75,2.65,4100,4.75,24600,0,12300
CASTROLIND30JAN20127.5CE.NFO,07/01/2020,10:40:00,4.75,3,4100,4.75,24600,0,12300
CASTROLIND30JAN20127.5CE.NFO,07/01/2020,10:40:02,4.75,3.2,4100,4.75,24600,0,12300
CASTROLIND30JAN20127.5CE.NFO,07/01/2020,10:40:06,4.75,2.35,4100,4.75,24600,0,12300
CASTROLIND30JAN20127.5CE.NFO,07/01/2020,10:40:10,4.75,2.7,4100,4.75,24600,0,12300
CASTROLIND30JAN20127.5CE.NFO,07/01/2020,10:40:13,4.75,3,4100,4.75,24600,0,12300
CASTROLIND30JAN20127.5CE.NFO,07/01/2020,10:40:16,4.75,3.3,4100,4.7,4100,0,12300
CASTROLIND30JAN20127.5CE.NFO,07/01/2020,10:40:18,4.75,2.35,4100,4.65,4100,0,12300
CASTROLIND30JAN20127.5CE.NFO,07/01/2020,10:40:20,4.75,2.5,4100,4.65,4100,0,12300
CASTROLIND30JAN20127.5CE.NFO,07/01/2020,10:40:21,4.75,2.7,4100,4.65,4100,0,12300
CASTROLIND30JAN20127.5CE.NFO,07/01/2020,10:40:23,4.75,2.8,4100,4.65,4100,0,12300
CASTROLIND30JAN20127.5CE.NFO,07/01/2020,10:40:25,4.75,3.1,4100,4.65,4100,0,12300
CASTROLIND30JAN20127.5CE.NFO,07/01/2020,10:40:27,4.75,3.3,4100,4.65,4100,0,12300
CASTROLIND30JAN20127.5CE.NFO,07/01/2020,10:40:30,4.75,2.4,4100,4.65,4100,0,12300
CASTROLIND30JAN20127.5CE.NFO,07/01/2020,10:40:32,4.75,2.9,41000,4.65,4100,0,12300
CASTROLIND30JAN20127.5CE.NFO,07/01/2020,10:40:34,4.75,3.5,4100,4.65,4100,0,12300
CASTROLIND30JAN20127.5CE.NFO,07/01/2020,10:40:36,4.75,3.5,8200,4.65,4100,0,12300
CASTROLIND30JAN20127.5CE.NFO,07/01/2020,10:40:45,4.75,3.5,8200,4.65,8200,0,12300
CASTROLIND30JAN20127.5CE.NFO,07/01/2020,10:40:50,4.75,3.5,8200,4.65,4100,0,12300
CASTROLIND30JAN20127.5CE.NFO,07/01/2020,10:42:36,4.75,3.5,8200,4.65,8200,0,12300
CASTROLIND30JAN20127.5CE.NFO,07/01/2020,10:42:43,4.75,3.65,8200,4.75,4100,0,12300
CASTROLIND30JAN20127.5CE.NFO,07/01/2020,10:43:05,4.75,3.55,12300,4.75,4100,0,12300
CASTROLIND30JAN20127.5CE.NFO,07/01/2020,10:43:10,4.75,2.95,41000,4.75,4100,0,12300
CASTROLIND30JAN20127.5CE.NFO,07/01/2020,10:43:11,4.75,3.55,12300,4.75,4100,0,12300
CASTROLIND30JAN20127.5CE.NFO,07/01/2020,10:43:13,4.75,2.75,41000,4.75,4100,0,12300
CASTROLIND30JAN20127.5CE.NFO,07/01/2020,10:43:15,4.75,3.55,12300,4.75,4100,0,12300
CASTROLIND30JAN20127.5CE.NFO,07/01/2020,10:43:17,4.75,2.35,4100,4.75,4100,0,12300
CASTROLIND30JAN20127.5CE.NFO,07/01/2020,10:43:18,4.75,2.5,4100,4.75,4100,0,12300
CASTROLIND30JAN20127.5CE.NFO,07/01/2020,10:43:20,4.75,2.6,4100,4.75,4100,0,12300
CASTROLIND30JAN20127.5CE.NFO,07/01/2020,10:43:21,4.75,2.8,4100,4.75,4100,0,12300
CASTROLIND30JAN20127.5CE.NFO,07/01/2020,10:43:23,4.75,3.1,4100,4.75,4100,0,12300
CASTROLIND30JAN20127.5CE.NFO,07/01/2020,10:43:27,4.75,3.3,4100,4.75,4100,0,12300
CASTROLIND30JAN20127.5CE.NFO,07/01/2020,10:43:30,4.75,2.4,4100,4.75,4100,0,12300
CASTROLIND30JAN20127.5CE.NFO,07/01/2020,10:43:33,4.75,2.7,4100,4.75,4100,0,12300
CASTROLIND30JAN20127.5CE.NFO,07/01/2020,10:43:36,4.75,2.9,4100,4.75,4100,0,12300
CASTROLIND30JAN20127.5CE.NFO,07/01/2020,10:43:38,4.75,3.2,4100,4.75,4100,0,12300
CASTROLIND30JAN20127.5CE.NFO,07/01/2020,10:43:42,4.75,2.4,4100,4.75,4100,0,12300
CASTROLIND30JAN20127.5CE.NFO,07/01/2020,10:43:46,4.75,2.7,4100,4.75,4100,0,12300
CASTROLIND30JAN20127.5CE.NFO,07/01/2020,10:43:49,4.75,3.1,4100,4.75,4100,0,12300
CASTROLIND30JAN20127.5CE.NFO,07/01/2020,10:43:51,4.75,3.3,4100,4.75,4100,0,12300
CASTROLIND30JAN20127.5CE.NFO,07/01/2020,10:43:54,4.75,2.35,4100,4.75,4100,0,12300
CASTROLIND30JAN20127.5CE.NFO,07/01/2020,10:43:56,4.75,2.6,4100,4.75,4100,0,12300
CASTROLIND30JAN20127.5CE.NFO,07/01/2020,10:43:59,4.75,2.9,4100,4.75,4100,0,12300
CASTROLIND30JAN20127.5CE.NFO,07/01/2020,10:44:01,4.75,3.1,4100,4.75,4100,0,12300
CASTROLIND30JAN20127.5CE.NFO,07/01/2020,10:44:04,4.75,3.35,8200,4.75,4100,0,12300
CASTROLIND30JAN20127.5CE.NFO,07/01/2020,10:44:06,4.75,2.35,4100,4.75,4100,0,12300
CASTROLIND30JAN20127.5CE.NFO,07/01/2020,10:44:08,4.75,2.6,4100,4.75,4100,0,12300
CASTROLIND30JAN20127.5CE.NFO,07/01/2020,10:44:11,4.75,2.9,4100,4.75,4100,0,12300
CASTROLIND30JAN20127.5CE.NFO,07/01/2020,10:44:13,4.75,3.1,4100,4.75,4100,0,12300
CASTROLIND30JAN20127.5CE.NFO,07/01/2020,10:44:15,4.75,3.35,8200,4.75,4100,0,12300
CASTROLIND30JAN20127.5CE.NFO,07/01/2020,10:44:18,4.75,2.4,4100,4.75,4100,0,12300
CASTROLIND30JAN20127.5CE.NFO,07/01/2020,10:44:21,4.75,2.5,4100,4.75,4100,0,12300
CASTROLIND30JAN20127.5CE.NFO,07/01/2020,10:44:26,4.75,2.8,4100,4.75,4100,0,12300
CASTROLIND30JAN20127.5CE.NFO,07/01/2020,10:44:28,4.75,3,4100,4.75,4100,0,12300
CASTROLIND30JAN20127.5CE.NFO,07/01/2020,10:44:31,4.75,3.3,4100,4.75,4100,0,12300
CASTROLIND30JAN20127.5CE.NFO,07/01/2020,10:44:34,4.75,2.4,4100,4.75,4100,0,12300
CASTROLIND30JAN20127.5CE.NFO,07/01/2020,10:44:37,4.75,2.7,4100,4.75,4100,0,12300
CASTROLIND30JAN20127.5CE.NFO,07/01/2020,10:44:40,4.75,3,4100,4.75,4100,0,12300
CASTROLIND30JAN20127.5CE.NFO,07/01/2020,10:44:43,4.75,3.2,4100,4.75,4100,0,12300
CASTROLIND30JAN20127.5CE.NFO,07/01/2020,10:44:45,4.75,3.45,4100,4.75,4100,0,12300
CASTROLIND30JAN20127.5CE.NFO,07/01/2020,10:44:47,4.75,2.45,4100,4.75,4100,0,12300
CASTROLIND30JAN20127.5CE.NFO,07/01/2020,10:44:49,4.75,2.65,4100,4.75,4100,0,12300
CASTROLIND30JAN20127.5CE.NFO,07/01/2020,10:44:51,4.75,2.9,4100,4.75,4100,0,12300
CASTROLIND30JAN20127.5CE.NFO,07/01/2020,10:44:53,4.75,3,4100,4.75,4100,0,12300
CASTROLIND30JAN20127.5CE.NFO,07/01/2020,10:44:55,4.75,3.1,4100,4.75,4100,0,12300
CASTROLIND30JAN20127.5CE.NFO,07/01/2020,10:44:56,4.75,3.3,4100,4.75,4100,0,12300
CASTROLIND30JAN20127.5CE.NFO,07/01/2020,10:44:59,4.75,3.5,4100,4.75,4100,0,12300
CASTROLIND30JAN20127.5CE.NFO,07/01/2020,10:45:04,4.75,2.75,4100,4.75,4100,0,12300
CASTROLIND30JAN20127.5CE.NFO,07/01/2020,10:45:08,4.75,3.2,4100,4.75,4100,0,12300
CASTROLIND30JAN20127.5CE.NFO,07/01/2020,10:45:12,4.75,3.5,4100,4.75,4100,0,12300
CASTROLIND30JAN20127.5CE.NFO,07/01/2020,10:45:16,4.75,2.7,4100,4.75,4100,0,12300
CASTROLIND30JAN20127.5CE.NFO,07/01/2020,10:45:20,4.75,3.1,4100,4.75,4100,0,12300
CASTROLIND30JAN20127.5CE.NFO,07/01/2020,10:45:24,4.75,3.4,4100,4.7,4100,0,12300
CASTROLIND30JAN20127.5CE.NFO,07/01/2020,10:45:27,4.75,2.4,4100,4.75,4100,0,12300
CASTROLIND30JAN20127.5CE.NFO,07/01/2020,10:45:30,4.75,2.7,4100,4.75,4100,0,12300
CASTROLIND30JAN20127.5CE.NFO,07/01/2020,10:45:33,4.75,3,4100,4.75,4100,0,12300
CASTROLIND30JAN20127.5CE.NFO,07/01/2020,10:45:36,4.75,3.3,4100,4.75,4100,0,12300
CASTROLIND30JAN20127.5CE.NFO,07/01/2020,10:45:38,4.75,3.5,4100,4.75,4100,0,12300
CASTROLIND30JAN20127.5CE.NFO,07/01/2020,10:45:41,4.75,2.4,4100,4.75,4100,0,12300
CASTROLIND30JAN20127.5CE.NFO,07/01/2020,10:45:43,4.75,2.7,4100,4.75,4100,0,12300
CASTROLIND30JAN20127.5CE.NFO,07/01/2020,10:45:45,4.75,2.8,4100,4.75,4100,0,12300
CASTROLIND30JAN20127.5CE.NFO,07/01/2020,10:45:48,4.75,3.45,8200,4.75,4100,0,12300
CASTROLIND30JAN20127.5CE.NFO,07/01/2020,10:45:51,4.75,3.5,4100,4.75,4100,0,12300
CASTROLIND30JAN20127.5CE.NFO,07/01/2020,10:46:00,4.75,2.45,4100,4.75,4100,0,12300
CASTROLIND30JAN20127.5CE.NFO,07/01/2020,10:46:03,4.75,2.7,4100,4.75,4100,0,12300
CASTROLIND30JAN20127.5CE.NFO,07/01/2020,10:46:06,4.75,2.9,4100,4.75,4100,0,12300
CASTROLIND30JAN20127.5CE.NFO,07/01/2020,10:46:09,4.75,3.2,4100,4.75,4100,0,12300
CASTROLIND30JAN20127.5CE.NFO,07/01/2020,10:46:12,4.75,3.45,4100,4.75,4100,0,12300
CASTROLIND30JAN20127.5CE.NFO,07/01/2020,10:46:15,4.75,2.4,4100,4.75,4100,0,12300
CASTROLIND30JAN20127.5CE.NFO,07/01/2020,10:46:17,4.75,2.7,4100,4.75,4100,0,12300
CASTROLIND30JAN20127.5CE.NFO,07/01/2020,10:46:20,4.75,3,4100,4.75,4100,0,12300
CASTROLIND30JAN20127.5CE.NFO,07/01/2020,10:46:24,4.75,3.4,4100,4.75,4100,0,12300
CASTROLIND30JAN20127.5CE.NFO,07/01/2020,10:46:27,4.75,2.35,4100,4.75,4100,0,12300
CASTROLIND30JAN20127.5CE.NFO,07/01/2020,10:46:29,4.75,2.5,4100,4.75,4100,0,12300
CASTROLIND30JAN20127.5CE.NFO,07/01/2020,10:46:31,4.75,2.8,4100,4.75,4100,0,12300
CASTROLIND30JAN20127.5CE.NFO,07/01/2020,10:46:34,4.75,3.1,4100,4.75,4100,0,12300
CASTROLIND30JAN20127.5CE.NFO,07/01/2020,10:46:37,4.75,3.3,4100,4.75,4100,0,12300
CASTROLIND30JAN20127.5CE.NFO,07/01/2020,10:46:39,4.75,3.5,4100,4.75,4100,0,12300
CASTROLIND30JAN20127.5CE.NFO,07/01/2020,10:46:42,4.75,2.5,4100,4.75,4100,0,12300
CASTROLIND30JAN20127.5CE.NFO,07/01/2020,10:46:45,4.75,2.9,4100,4.75,4100,0,12300
CASTROLIND30JAN20127.5CE.NFO,07/01/2020,10:46:48,4.75,3.2,4100,4.75,4100,0,12300
CASTROLIND30JAN20127.5CE.NFO,07/01/2020,10:46:51,4.75,3.45,4100,4.75,4100,0,12300
CASTROLIND30JAN20127.5CE.NFO,07/01/2020,10:46:54,4.75,2.35,4100,4.75,4100,0,12300
CASTROLIND30JAN20127.5CE.NFO,07/01/2020,10:46:57,4.75,2.5,4100,4.75,4100,0,12300
CASTROLIND30JAN20127.5CE.NFO,07/01/2020,10:46:59,4.75,2.9,4100,4.75,4100,0,12300
CASTROLIND30JAN20127.5CE.NFO,07/01/2020,10:47:02,4.75,3.1,4100,4.75,4100,0,12300
CASTROLIND30JAN20127.5CE.NFO,07/01/2020,10:47:04,4.75,3.4,4100,4.75,4100,0,12300
CASTROLIND30JAN20127.5CE.NFO,07/01/2020,10:47:07,4.75,2.35,4100,4.75,4100,0,12300
CASTROLIND30JAN20127.5CE.NFO,07/01/2020,10:47:10,4.75,2.6,4100,4.75,4100,0,12300
CASTROLIND30JAN20127.5CE.NFO,07/01/2020,10:47:12,4.75,2.9,4100,4.75,4100,0,12300
CASTROLIND30JAN20127.5CE.NFO,07/01/2020,10:47:15,4.75,3.1,4100,4.75,4100,0,12300
CASTROLIND30JAN20127.5CE.NFO,07/01/2020,10:47:20,4.75,2.35,4100,4.75,4100,0,12300
CASTROLIND30JAN20127.5CE.NFO,07/01/2020,10:47:24,4.75,2.8,4100,4.75,4100,0,12300
CASTROLIND30JAN20127.5CE.NFO,07/01/2020,10:47:27,4.75,3.1,4100,4.75,4100,0,12300
CASTROLIND30JAN20127.5CE.NFO,07/01/2020,10:47:30,4.75,3.4,4100,4.75,4100,0,12300
CASTROLIND30JAN20127.5CE.NFO,07/01/2020,10:47:33,4.75,2.35,4100,4.75,4100,0,12300
CASTROLIND30JAN20127.5CE.NFO,07/01/2020,10:47:35,4.75,2.6,4100,4.75,4100,0,12300
CASTROLIND30JAN20127.5CE.NFO,07/01/2020,10:47:37,4.75,2.8,4100,4.75,4100,0,12300
CASTROLIND30JAN20127.5CE.NFO,07/01/2020,10:47:40,4.75,3,4100,4.75,4100,0,12300
CASTROLIND30JAN20127.5CE.NFO,07/01/2020,10:47:42,4.75,3.3,4100,4.75,4100,0,12300
CASTROLIND30JAN20127.5CE.NFO,07/01/2020,10:47:45,4.75,3.55,4100,4.75,4100,0,12300
CASTROLIND30JAN20127.5CE.NFO,07/01/2020,10:47:48,4.75,2.4,4100,4.8,4100,0,12300
CASTROLIND30JAN20127.5CE.NFO,07/01/2020,10:47:50,4.75,2.6,4100,4.8,4100,0,12300
CASTROLIND30JAN20127.5CE.NFO,07/01/2020,10:47:53,4.75,2.8,4100,4.8,4100,0,12300
CASTROLIND30JAN20127.5CE.NFO,07/01/2020,10:47:56,4.75,3,4100,4.8,4100,0,12300
CASTROLIND30JAN20127.5CE.NFO,07/01/2020,10:47:58,4.75,3.3,4100,4.8,4100,0,12300
CASTROLIND30JAN20127.5CE.NFO,07/01/2020,10:48:00,4.75,3.5,4100,4.8,4100,0,12300
CASTROLIND30JAN20127.5CE.NFO,07/01/2020,10:48:03,4.75,2.35,4100,4.8,4100,0,12300
CASTROLIND30JAN20127.5CE.NFO,07/01/2020,10:48:06,4.75,2.7,4100,4.8,4100,0,12300
CASTROLIND30JAN20127.5CE.NFO,07/01/2020,10:48:10,4.75,3,4100,4.8,4100,0,12300
CASTROLIND30JAN20127.5CE.NFO,07/01/2020,10:48:15,4.75,3.1,4100,4.8,4100,0,12300
CASTROLIND30JAN20127.5CE.NFO,07/01/2020,10:48:19,4.75,3.5,4100,4.8,4100,0,12300
CASTROLIND30JAN20127.5CE.NFO,07/01/2020,10:48:23,4.75,2.5,4100,4.8,4100,0,12300
CASTROLIND30JAN20127.5CE.NFO,07/01/2020,10:48:27,4.75,3,4100,4.8,4100,0,12300
CASTROLIND30JAN20127.5CE.NFO,07/01/2020,10:48:30,4.75,3.5,32800,4.8,4100,0,12300
CASTROLIND30JAN20127.5CE.NFO,07/01/2020,10:48:34,4.75,3.6,8200,4.8,4100,0,12300
CASTROLIND30JAN20127.5CE.NFO,07/01/2020,10:48:55,4.75,3.6,8200,4.7,4100,0,12300
CASTROLIND30JAN20127.5CE.NFO,07/01/2020,10:49:02,4.75,3.6,8200,4.85,4100,0,12300
CASTROLIND30JAN20127.5CE.NFO,07/01/2020,10:49:05,4.75,3.6,8200,4.8,4100,0,12300
CASTROLIND30JAN20127.5CE.NFO,07/01/2020,10:49:08,4.75,3.6,8200,4.75,4100,0,12300
CASTROLIND30JAN20127.5CE.NFO,07/01/2020,10:49:23,4.75,3.6,8200,4.7,4100,0,12300
CASTROLIND30JAN20127.5CE.NFO,07/01/2020,10:49:27,4.75,3.6,8200,4.75,4100,0,12300
CASTROLIND30JAN20127.5CE.NFO,07/01/2020,10:49:37,4.75,3.6,8200,4.8,4100,0,12300
CASTROLIND30JAN20127.5CE.NFO,07/01/2020,10:49:40,4.75,3.6,8200,4.75,4100,0,12300
CASTROLIND30JAN20127.5CE.NFO,07/01/2020,10:49:44,4.75,3.6,8200,4.8,4100,0,12300
CASTROLIND30JAN20127.5CE.NFO,07/01/2020,10:50:03,4.75,3.6,4100,4.75,4100,0,12300
CASTROLIND30JAN20127.5CE.NFO,07/01/2020,10:50:09,4.75,3.6,8200,4.75,4100,0,12300
CASTROLIND30JAN20127.5CE.NFO,07/01/2020,10:50:15,4.75,3.6,8200,4.85,4100,0,12300
CASTROLIND30JAN20127.5CE.NFO,07/01/2020,10:50:20,4.75,3.6,8200,4.75,4100,0,12300
CASTROLIND30JAN20127.5CE.NFO,07/01/2020,10:50:25,4.75,3.6,8200,4.8,4100,0,12300
CASTROLIND30JAN20127.5CE.NFO,07/01/2020,10:50:48,4.75,3.6,8200,4.7,4100,0,12300
CASTROLIND30JAN20127.5CE.NFO,07/01/2020,10:50:51,4.75,3.6,8200,4.8,4100,0,12300
CASTROLIND30JAN20127.5CE.NFO,07/01/2020,10:50:59,4.75,3.6,8200,4.7,4100,0,12300
CASTROLIND30JAN20127.5CE.NFO,07/01/2020,10:51:03,4.75,3.6,8200,4.8,4100,0,12300
CASTROLIND30JAN20127.5CE.NFO,07/01/2020,10:51:08,4.75,3.6,8200,4.75,4100,0,12300
CASTROLIND30JAN20127.5CE.NFO,07/01/2020,10:51:14,4.75,3.6,8200,4.8,4100,0,12300
CASTROLIND30JAN20127.5CE.NFO,07/01/2020,10:51:21,4.75,3.6,8200,4.75,4100,0,12300
CASTROLIND30JAN20127.5CE.NFO,07/01/2020,10:51:24,4.75,3.6,8200,4.7,4100,0,12300
CASTROLIND30JAN20127.5CE.NFO,07/01/2020,10:51:28,4.75,3.6,8200,4.8,4100,0,12300
CASTROLIND30JAN20127.5CE.NFO,07/01/2020,10:51:32,4.75,3.6,8200,4.75,4100,0,12300
CASTROLIND30JAN20127.5CE.NFO,07/01/2020,10:51:38,4.75,3.6,8200,4.8,4100,0,12300
CASTROLIND30JAN20127.5CE.NFO,07/01/2020,10:51:42,4.75,3.6,8200,4.75,4100,0,12300
CASTROLIND30JAN20127.5CE.NFO,07/01/2020,10:51:51,4.75,3.6,8200,4.8,4100,0,12300
CASTROLIND30JAN20127.5CE.NFO,07/01/2020,10:51:55,4.75,3.6,8200,4.75,8200,0,12300
CASTROLIND30JAN20127.5CE.NFO,07/01/2020,10:52:11,4.75,3.6,8200,4.8,4100,0,12300
CASTROLIND30JAN20127.5CE.NFO,07/01/2020,10:52:15,4.75,3.6,8200,4.75,4100,0,12300
CASTROLIND30JAN20127.5CE.NFO,07/01/2020,10:52:20,4.75,3.6,8200,4.85,4100,0,12300
CASTROLIND30JAN20127.5CE.NFO,07/01/2020,10:52:25,4.75,3.55,16400,4.75,4100,0,12300
CASTROLIND30JAN20127.5CE.NFO,07/01/2020,10:52:30,4.75,3.65,8200,4.85,4100,0,12300
CASTROLIND30JAN20127.5CE.NFO,07/01/2020,10:52:36,4.75,3.65,8200,4.75,4100,0,12300
CASTROLIND30JAN20127.5CE.NFO,07/01/2020,10:52:41,4.75,3.65,8200,4.8,4100,0,12300
CASTROLIND30JAN20127.5CE.NFO,07/01/2020,10:52:52,4.75,3.65,8200,4.75,4100,0,12300
CASTROLIND30JAN20127.5CE.NFO,07/01/2020,10:52:57,4.75,3.6,4100,4.8,4100,0,12300
CASTROLIND30JAN20127.5CE.NFO,07/01/2020,10:53:02,4.75,2.75,24600,4.75,8200,0,12300
CASTROLIND30JAN20127.5CE.NFO,07/01/2020,10:53:09,4.75,2.6,4100,4.75,8200,0,12300
CASTROLIND30JAN20127.5CE.NFO,07/01/2020,10:53:14,4.75,3.2,4100,4.75,4100,0,12300
CASTROLIND30JAN20127.5CE.NFO,07/01/2020,10:53:20,4.75,2.4,4100,4.8,4100,0,12300
CASTROLIND30JAN20127.5CE.NFO,07/01/2020,10:53:24,4.75,2.8,4100,4.8,4100,0,12300
CASTROLIND30JAN20127.5CE.NFO,07/01/2020,10:53:30,4.75,3.3,4100,4.8,4100,0,12300
CASTROLIND30JAN20127.5CE.NFO,07/01/2020,10:53:35,4.75,2.6,4100,4.8,4100,0,12300
CASTROLIND30JAN20127.5CE.NFO,07/01/2020,10:53:39,4.75,3.1,4100,4.8,4100,0,12300
CASTROLIND30JAN20127.5CE.NFO,07/01/2020,10:53:45,4.75,2.4,4100,4.8,4100,0,12300
CASTROLIND30JAN20127.5CE.NFO,07/01/2020,10:53:51,4.75,3,4100,4.8,4100,0,12300
CASTROLIND30JAN20127.5CE.NFO,07/01/2020,10:53:57,4.75,2.5,4100,4.8,4100,0,12300
CASTROLIND30JAN20127.5CE.NFO,07/01/2020,10:54:03,4.75,3,4100,4.8,4100,0,12300
CASTROLIND30JAN20127.5CE.NFO,07/01/2020,10:54:08,4.75,2.35,4100,4.8,4100,0,12300
CASTROLIND30JAN20127.5CE.NFO,07/01/2020,10:54:13,4.75,2.8,4100,4.8,4100,0,12300
CASTROLIND30JAN20127.5CE.NFO,07/01/2020,10:54:19,4.75,3.4,4100,4.8,4100,0,12300
CASTROLIND30JAN20127.5CE.NFO,07/01/2020,10:54:24,4.75,2.8,4100,4.8,4100,0,12300
CASTROLIND30JAN20127.5CE.NFO,07/01/2020,10:54:30,4.75,3.35,8200,4.8,4100,0,12300
CASTROLIND30JAN20127.5CE.NFO,07/01/2020,10:54:35,4.75,2.6,4100,4.8,4100,0,12300
CASTROLIND30JAN20127.5CE.NFO,07/01/2020,10:54:40,4.75,3.2,4100,4.8,4100,0,12300
CASTROLIND30JAN20127.5CE.NFO,07/01/2020,10:54:45,4.75,2.4,4100,4.6,4100,0,12300
CASTROLIND30JAN20127.5CE.NFO,07/01/2020,10:54:50,4.75,2.7,4100,4.6,4100,0,12300
CASTROLIND30JAN20127.5CE.NFO,07/01/2020,10:54:55,4.75,3.3,4100,4.75,4100,0,12300
CASTROLIND30JAN20127.5CE.NFO,07/01/2020,10:54:59,4.75,2.4,4100,4.7,4100,0,12300
CASTROLIND30JAN20127.5CE.NFO,07/01/2020,10:55:04,4.75,2.8,4100,4.85,4100,0,12300
CASTROLIND30JAN20127.5CE.NFO,07/01/2020,10:55:09,4.75,3.35,4100,4.85,4100,0,12300
CASTROLIND30JAN20127.5CE.NFO,07/01/2020,10:55:14,4.75,2.6,4100,4.85,4100,0,12300
CASTROLIND30JAN20127.5CE.NFO,07/01/2020,10:55:18,4.75,3.1,4100,4.85,4100,0,12300
CASTROLIND30JAN20127.5CE.NFO,07/01/2020,10:55:23,4.75,2.35,4100,4.85,4100,0,12300
CASTROLIND30JAN20127.5CE.NFO,07/01/2020,10:55:27,4.75,2.7,4100,4.85,4100,0,12300
CASTROLIND30JAN20127.5CE.NFO,07/01/2020,10:55:32,4.75,3.2,4100,4.85,4100,0,12300
CASTROLIND30JAN20127.5CE.NFO,07/01/2020,10:55:38,4.75,3.45,8200,4.85,4100,0,12300
CASTROLIND30JAN20127.5CE.NFO,07/01/2020,10:55:43,4.75,3.45,12300,4.85,4100,0,12300
CASTROLIND30JAN20127.5CE.NFO,07/01/2020,10:55:53,4.75,2.4,4100,4.75,4100,0,12300
CASTROLIND30JAN20127.5CE.NFO,07/01/2020,10:55:58,4.75,2.7,4100,4.75,4100,0,12300
CASTROLIND30JAN20127.5CE.NFO,07/01/2020,10:56:01,4.75,2.9,4100,4.75,4100,0,12300
CASTROLIND30JAN20127.5CE.NFO,07/01/2020,10:56:05,4.75,3.3,4100,4.75,4100,0,12300
CASTROLIND30JAN20127.5CE.NFO,07/01/2020,10:56:10,4.75,3.45,4100,4.8,4100,0,12300
CASTROLIND30JAN20127.5CE.NFO,07/01/2020,10:56:16,4.75,3.45,8200,4.8,4100,0,12300
CASTROLIND30JAN20127.5CE.NFO,07/01/2020,10:56:25,4.75,2.5,4100,4.75,4100,0,12300
CASTROLIND30JAN20127.5CE.NFO,07/01/2020,10:56:30,4.75,2.9,4100,4.75,4100,0,12300
CASTROLIND30JAN20127.5CE.NFO,07/01/2020,10:56:35,4.75,2.3,8200,4.75,4100,0,12300
CASTROLIND30JAN20127.5CE.NFO,07/01/2020,10:56:40,4.75,2.8,4100,4.75,4100,0,12300
CASTROLIND30JAN20127.5CE.NFO,07/01/2020,10:56:45,4.75,3.2,4100,4.75,4100,0,12300
CASTROLIND30JAN20127.5CE.NFO,07/01/2020,10:56:48,4.75,3.35,4100,4.75,4100,0,12300
CASTROLIND30JAN20127.5CE.NFO,07/01/2020,10:56:51,4.75,2.6,4100,4.75,4100,0,12300
CASTROLIND30JAN20127.5CE.NFO,07/01/2020,10:56:56,4.75,3.1,4100,4.75,4100,0,12300
CASTROLIND30JAN20127.5CE.NFO,07/01/2020,10:57:01,4.75,2.5,4100,4.75,4100,0,12300
CASTROLIND30JAN20127.5CE.NFO,07/01/2020,10:57:05,4.75,2.9,4100,4.75,4100,0,12300
CASTROLIND30JAN20127.5CE.NFO,07/01/2020,10:57:08,4.75,3.1,4100,4.75,4100,0,12300
CASTROLIND30JAN20127.5CE.NFO,07/01/2020,10:57:14,4.75,2.5,4100,4.75,4100,0,12300
CASTROLIND30JAN20127.5CE.NFO,07/01/2020,10:57:20,4.75,3.3,4100,4.65,8200,0,12300
CASTROLIND30JAN20127.5CE.NFO,07/01/2020,10:57:27,4.75,2.8,4100,4.65,4100,0,12300
CASTROLIND30JAN20127.5CE.NFO,07/01/2020,10:57:34,4.75,3.3,4100,4.6,4100,0,12300
CASTROLIND30JAN20127.5CE.NFO,07/01/2020,10:57:39,4.75,2.8,4100,4.6,4100,0,12300
CASTROLIND30JAN20127.5CE.NFO,07/01/2020,10:57:44,4.75,2.35,4100,4.65,4100,0,12300
CASTROLIND30JAN20127.5CE.NFO,07/01/2020,10:57:50,4.75,2.85,4100,4.6,4100,0,12300
CASTROLIND30JAN20127.5CE.NFO,07/01/2020,10:57:54,4.75,3.2,4100,4.6,4100,0,12300
CASTROLIND30JAN20127.5CE.NFO,07/01/2020,10:57:58,4.75,2.6,4100,4.55,4100,0,12300
CASTROLIND30JAN20127.5CE.NFO,07/01/2020,10:58:02,4.75,3.1,4100,4.55,8200,0,12300
CASTROLIND30JAN20127.5CE.NFO,07/01/2020,10:58:07,4.75,2.6,4100,4.55,8200,0,12300
CASTROLIND30JAN20127.5CE.NFO,07/01/2020,10:58:12,4.75,3.1,4100,4.55,4100,0,12300
CASTROLIND30JAN20127.5CE.NFO,07/01/2020,10:58:17,4.75,2.5,4100,4.55,8200,0,12300
CASTROLIND30JAN20127.5CE.NFO,07/01/2020,10:58:21,4.75,2.9,4100,4.55,8200,0,12300
CASTROLIND30JAN20127.5CE.NFO,07/01/2020,10:58:26,4.75,2.4,4100,4.55,8200,0,12300
CASTROLIND30JAN20127.5CE.NFO,07/01/2020,10:58:32,4.75,3.1,4100,4.55,4100,0,12300
CASTROLIND30JAN20127.5CE.NFO,07/01/2020,10:58:37,4.75,2.5,4100,4.55,8200,0,12300
CASTROLIND30JAN20127.5CE.NFO,07/01/2020,10:58:42,4.75,3,4100,4.55,4100,0,12300
CASTROLIND30JAN20127.5CE.NFO,07/01/2020,10:58:47,4.75,2.4,4100,4.55,4100,0,12300
CASTROLIND30JAN20127.5CE.NFO,07/01/2020,10:58:53,4.75,3,4100,4.55,4100,0,12300
CASTROLIND30JAN20127.5CE.NFO,07/01/2020,10:58:57,4.75,2.4,4100,4.55,8200,0,12300
CASTROLIND30JAN20127.5CE.NFO,07/01/2020,10:59:02,4.75,2.95,4100,4.55,4100,0,12300
CASTROLIND30JAN20127.5CE.NFO,07/01/2020,10:59:08,4.75,2.4,4100,4.55,8200,0,12300
CASTROLIND30JAN20127.5CE.NFO,07/01/2020,10:59:14,4.75,3.1,4100,4.55,4100,0,12300
CASTROLIND30JAN20127.5CE.NFO,07/01/2020,10:59:20,4.75,2.7,4100,4.55,4100,0,12300
CASTROLIND30JAN20127.5CE.NFO,07/01/2020,10:59:25,4.75,2.35,4100,4.55,4100,0,12300
CASTROLIND30JAN20127.5CE.NFO,07/01/2020,10:59:30,4.75,2.9,4100,4.55,4100,0,12300
CASTROLIND30JAN20127.5CE.NFO,07/01/2020,10:59:36,4.75,2.5,4100,4.55,4100,0,12300
CASTROLIND30JAN20127.5CE.NFO,07/01/2020,10:59:41,4.75,3,4100,4.55,4100,0,12300
CASTROLIND30JAN20127.5CE.NFO,07/01/2020,10:59:47,4.75,2.5,4100,4.55,4100,0,12300
CASTROLIND30JAN20127.5CE.NFO,07/01/2020,10:59:52,4.75,3.1,4100,4.55,4100,0,12300
CASTROLIND30JAN20127.5CE.NFO,07/01/2020,10:59:57,4.75,2.65,4100,4.65,4100,0,12300
CASTROLIND30JAN20127.5CE.NFO,07/01/2020,11:00:02,4.75,3.15,4100,4.6,4100,0,12300
CASTROLIND30JAN20127.5CE.NFO,07/01/2020,11:00:09,4.75,2.9,4100,4.6,4100,0,12300
CASTROLIND30JAN20127.5CE.NFO,07/01/2020,11:00:15,4.75,2.5,4100,4.6,4100,0,12300
CASTROLIND30JAN20127.5CE.NFO,07/01/2020,11:00:21,4.75,3,4100,4.55,4100,0,12300
CASTROLIND30JAN20127.5CE.NFO,07/01/2020,11:00:27,4.75,2.7,4100,4.55,4100,0,12300
CASTROLIND30JAN20127.5CE.NFO,07/01/2020,11:00:34,4.75,2.6,4100,4.5,4100,0,12300
CASTROLIND30JAN20127.5CE.NFO,07/01/2020,11:00:41,4.75,2.4,4100,4.45,4100,0,12300
CASTROLIND30JAN20127.5CE.NFO,07/01/2020,11:00:47,4.75,3,4100,4.5,4100,0,12300
CASTROLIND30JAN20127.5CE.NFO,07/01/2020,11:00:53,4.75,2.7,4100,4.5,4100,0,12300
CASTROLIND30JAN20127.5CE.NFO,07/01/2020,11:01:08,4.75,2.7,4100,4.45,4100,0,12300
CASTROLIND30JAN20127.5CE.NFO,07/01/2020,11:01:15,4.75,2.5,4100,4.45,4100,0,12300
CASTROLIND30JAN20127.5CE.NFO,07/01/2020,11:01:22,4.75,2.35,4100,4.45,4100,0,12300
CASTROLIND30JAN20127.5CE.NFO,07/01/2020,11:01:29,4.75,3,4100,4.45,4100,0,12300
CASTROLIND30JAN20127.5CE.NFO,07/01/2020,11:01:35,4.75,2.85,4100,4.5,20500,0,12300
CASTROLIND30JAN20127.5CE.NFO,07/01/2020,11:01:42,4.75,2.8,4100,4.45,20500,0,12300
CASTROLIND30JAN20127.5CE.NFO,07/01/2020,11:01:49,4.75,2.7,4100,4.45,20500,0,12300
CASTROLIND30JAN20127.5CE.NFO,07/01/2020,11:01:57,4.75,2.7,4100,4.35,16400,0,12300
CASTROLIND30JAN20127.5CE.NFO,07/01/2020,11:02:04,4.75,2.7,4100,4.3,4100,0,12300
CASTROLIND30JAN20127.5CE.NFO,07/01/2020,11:02:10,4.75,2.35,4100,4.4,8200,0,12300
CASTROLIND30JAN20127.5CE.NFO,07/01/2020,11:02:17,4.75,2.35,4100,4.35,8200,0,12300
CASTROLIND30JAN20127.5CE.NFO,07/01/2020,11:02:36,4.75,2.35,4100,4.4,4100,0,12300
CASTROLIND30JAN20127.5CE.NFO,07/01/2020,11:02:41,4.75,2.35,4100,4.3,4100,0,12300
CASTROLIND30JAN20127.5CE.NFO,07/01/2020,11:02:58,4.75,2.35,4100,4.35,8200,0,12300
CASTROLIND30JAN20127.5CE.NFO,07/01/2020,11:03:04,4.75,2.7,4100,4.4,4100,0,12300
CASTROLIND30JAN20127.5CE.NFO,07/01/2020,11:03:11,4.75,2.95,8200,4.4,8200,0,12300
CASTROLIND30JAN20127.5CE.NFO,07/01/2020,11:03:22,4.75,2.95,8200,4.4,4100,0,12300
CASTROLIND30JAN20127.5CE.NFO,07/01/2020,11:03:27,4.75,2.95,8200,4.5,4100,0,12300
CASTROLIND30JAN20127.5CE.NFO,07/01/2020,11:03:37,4.75,2.95,8200,4.4,8200,0,12300
CASTROLIND30JAN20127.5CE.NFO,07/01/2020,11:03:44,4.75,2.8,4100,4.45,8200,0,12300
CASTROLIND30JAN20127.5CE.NFO,07/01/2020,11:03:50,4.75,2.95,8200,4.4,4100,0,12300
CASTROLIND30JAN20127.5CE.NFO,07/01/2020,11:03:56,4.75,2.95,8200,4.45,4100,0,12300
CASTROLIND30JAN20127.5CE.NFO,07/01/2020,11:04:14,4.75,2.95,8200,4.5,4100,0,12300
CASTROLIND30JAN20127.5CE.NFO,07/01/2020,11:04:20,4.75,2.95,8200,4.5,8200,0,12300
CASTROLIND30JAN20127.5CE.NFO,07/01/2020,11:04:25,4.75,2.95,8200,4.45,8200,0,12300
CASTROLIND30JAN20127.5CE.NFO,07/01/2020,11:04:31,4.75,2.95,8200,4.35,4100,0,12300
CASTROLIND30JAN20127.5CE.NFO,07/01/2020,11:04:37,4.75,2.95,8200,4.45,8200,0,12300
CASTROLIND30JAN20127.5CE.NFO,07/01/2020,11:04:43,4.75,2.35,4100,4.4,4100,0,12300
CASTROLIND30JAN20127.5CE.NFO,07/01/2020,11:04:49,4.75,2.35,4100,4.3,8200,0,12300
CASTROLIND30JAN20127.5CE.NFO,07/01/2020,11:04:55,4.75,2.35,4100,4.35,4100,0,12300
CASTROLIND30JAN20127.5CE.NFO,07/01/2020,11:05:00,4.75,2.85,4100,4.35,4100,0,12300
CASTROLIND30JAN20127.5CE.NFO,07/01/2020,11:05:06,4.75,3.05,4100,4.4,4100,0,12300
CASTROLIND30JAN20127.5CE.NFO,07/01/2020,11:05:17,4.75,3.05,4100,4.35,4100,0,12300
CASTROLIND30JAN20127.5CE.NFO,07/01/2020,11:05:23,4.75,3.05,4100,4.45,8200,0,12300
CASTROLIND30JAN20127.5CE.NFO,07/01/2020,11:05:28,4.75,3.05,4100,4.35,4100,0,12300
CASTROLIND30JAN20127.5CE.NFO,07/01/2020,11:05:38,4.75,3.05,4100,4.3,4100,0,12300
CASTROLIND30JAN20127.5CE.NFO,07/01/2020,11:05:43,4.75,3.05,4100,4.35,8200,0,12300
CASTROLIND30JAN20127.5CE.NFO,07/01/2020,11:05:49,4.75,3.05,4100,4.45,4100,0,12300
CASTROLIND30JAN20127.5CE.NFO,07/01/2020,11:05:55,4.75,3.05,4100,4.4,4100,0,12300
CASTROLIND30JAN20127.5CE.NFO,07/01/2020,11:06:06,4.75,3.05,4100,4.35,4100,0,12300
CASTROLIND30JAN20127.5CE.NFO,07/01/2020,11:06:14,4.75,3.05,4100,4.4,8200,0,12300
CASTROLIND30JAN20127.5CE.NFO,07/01/2020,11:06:27,4.75,3.05,4100,4.45,8200,0,12300
CASTROLIND30JAN20127.5CE.NFO,07/01/2020,11:06:32,4.75,3.05,4100,4.4,4100,0,12300
CASTROLIND30JAN20127.5CE.NFO,07/01/2020,11:06:40,4.75,3.05,4100,4.45,4100,0,12300
CASTROLIND30JAN20127.5CE.NFO,07/01/2020,11:06:52,4.75,3.05,4100,4.4,4100,0,12300
CASTROLIND30JAN20127.5CE.NFO,07/01/2020,11:06:57,4.75,3,4100,4.4,4100,0,12300
CASTROLIND30JAN20127.5CE.NFO,07/01/2020,11:07:03,4.75,3,8200,4.45,4100,0,12300
CASTROLIND30JAN20127.5CE.NFO,07/01/2020,11:07:08,4.75,3,8200,4.45,8200,0,12300
CASTROLIND30JAN20127.5CE.NFO,07/01/2020,11:07:13,4.75,3,8200,4.4,4100,0,12300
CASTROLIND30JAN20127.5CE.NFO,07/01/2020,11:07:23,4.75,3,8200,4.45,4100,0,12300
CASTROLIND30JAN20127.5CE.NFO,07/01/2020,11:07:28,4.75,3,8200,4.35,4100,0,12300
CASTROLIND30JAN20127.5CE.NFO,07/01/2020,11:07:32,4.75,3,8200,4.45,4100,0,12300
CASTROLIND30JAN20127.5CE.NFO,07/01/2020,11:07:47,4.75,3,8200,4.4,4100,0,12300
CASTROLIND30JAN20127.5CE.NFO,07/01/2020,11:07:51,4.75,3,8200,4.35,8200,0,12300
CASTROLIND30JAN20127.5CE.NFO,07/01/2020,11:07:56,4.75,3,8200,4.5,8200,0,12300
CASTROLIND30JAN20127.5CE.NFO,07/01/2020,11:08:00,4.75,3,8200,4.4,4100,0,12300
CASTROLIND30JAN20127.5CE.NFO,07/01/2020,11:08:04,4.75,3,8200,4.45,4100,0,12300
CASTROLIND30JAN20127.5CE.NFO,07/01/2020,11:08:08,4.75,3,8200,4.4,4100,0,12300
CASTROLIND30JAN20127.5CE.NFO,07/01/2020,11:08:12,4.75,3,8200,4.5,4100,0,12300
CASTROLIND30JAN20127.5CE.NFO,07/01/2020,11:08:20,4.75,3,8200,4.4,4100,0,12300
CASTROLIND30JAN20127.5CE.NFO,07/01/2020,11:08:24,4.75,3,8200,4.45,4100,0,12300
CASTROLIND30JAN20127.5CE.NFO,07/01/2020,11:08:29,4.75,3,12300,4.55,4100,0,12300
CASTROLIND30JAN20127.5CE.NFO,07/01/2020,11:08:34,4.75,3,12300,4.5,4100,0,12300
CASTROLIND30JAN20127.5CE.NFO,07/01/2020,11:08:39,4.75,3,12300,4.45,4100,0,12300
CASTROLIND30JAN20127.5CE.NFO,07/01/2020,11:08:44,4.75,3,12300,4.4,4100,0,12300
CASTROLIND30JAN20127.5CE.NFO,07/01/2020,11:08:48,4.75,3,12300,4.45,4100,0,12300
CASTROLIND30JAN20127.5CE.NFO,07/01/2020,11:08:57,4.75,3,12300,4.55,4100,0,12300
CASTROLIND30JAN20127.5CE.NFO,07/01/2020,11:09:03,4.75,3,12300,4.5,4100,0,12300
CASTROLIND30JAN20127.5CE.NFO,07/01/2020,11:09:07,4.75,3,12300,4.45,4100,0,12300
CASTROLIND30JAN20127.5CE.NFO,07/01/2020,11:09:12,4.75,3,12300,4.4,8200,0,12300
CASTROLIND30JAN20127.5CE.NFO,07/01/2020,11:10:15,4.75,3,12300,4.55,4100,0,12300
CASTROLIND30JAN20127.5CE.NFO,07/01/2020,11:10:19,4.75,3,12300,4.5,4100,0,12300
CASTROLIND30JAN20127.5CE.NFO,07/01/2020,11:10:31,4.75,3,12300,4.55,4100,0,12300
CASTROLIND30JAN20127.5CE.NFO,07/01/2020,11:10:35,4.75,3,12300,4.4,4100,0,12300
CASTROLIND30JAN20127.5CE.NFO,07/01/2020,11:10:39,4.75,3,12300,4.45,4100,0,12300
CASTROLIND30JAN20127.5CE.NFO,07/01/2020,11:10:43,4.75,3,12300,4.4,4100,0,12300
CASTROLIND30JAN20127.5CE.NFO,07/01/2020,11:10:47,4.75,3,12300,4.45,4100,0,12300
CASTROLIND30JAN20127.5CE.NFO,07/01/2020,11:10:54,4.75,3,12300,4.5,4100,0,12300
CASTROLIND30JAN20127.5CE.NFO,07/01/2020,11:10:57,4.75,3,12300,4.55,4100,0,12300
CASTROLIND30JAN20127.5CE.NFO,07/01/2020,11:11:01,4.75,3,12300,4.4,4100,0,12300
CASTROLIND30JAN20127.5CE.NFO,07/01/2020,11:11:06,4.75,3.05,4100,4.4,4100,0,12300
CASTROLIND30JAN20127.5CE.NFO,07/01/2020,11:11:13,4.75,3.05,4100,4.45,4100,0,12300
CASTROLIND30JAN20127.5CE.NFO,07/01/2020,11:11:19,4.75,3.05,4100,4.55,4100,0,12300
CASTROLIND30JAN20127.5CE.NFO,07/01/2020,11:11:26,4.75,3.05,4100,4.45,4100,0,12300
CASTROLIND30JAN20127.5CE.NFO,07/01/2020,11:11:45,4.75,3.05,4100,4.3,4100,0,12300
CASTROLIND30JAN20127.5CE.NFO,07/01/2020,11:11:51,4.75,3.05,4100,4.4,4100,0,12300
CASTROLIND30JAN20127.5CE.NFO,07/01/2020,11:11:56,4.75,3.05,4100,4.5,4100,0,12300
CASTROLIND30JAN20127.5CE.NFO,07/01/2020,11:12:03,4.75,3,8200,4.4,4100,0,12300
CASTROLIND30JAN20127.5CE.NFO,07/01/2020,11:12:12,4.75,3,8200,4.35,4100,0,12300
CASTROLIND30JAN20127.5CE.NFO,07/01/2020,11:12:18,4.75,3,8200,4.4,4100,0,12300
CASTROLIND30JAN20127.5CE.NFO,07/01/2020,11:12:25,4.75,3,8200,4.35,4100,0,12300
CASTROLIND30JAN20127.5CE.NFO,07/01/2020,11:12:32,4.75,3,8200,4.4,4100,0,12300
CASTROLIND30JAN20127.5CE.NFO,07/01/2020,11:12:44,4.75,3,8200,4.35,4100,0,12300
CASTROLIND30JAN20127.5CE.NFO,07/01/2020,11:12:49,4.75,3,8200,4.35,8200,0,12300
CASTROLIND30JAN20127.5CE.NFO,07/01/2020,11:12:53,4.75,3,8200,4.3,4100,0,12300
CASTROLIND30JAN20127.5CE.NFO,07/01/2020,11:12:58,4.75,3,8200,4.35,8200,0,12300
CASTROLIND30JAN20127.5CE.NFO,07/01/2020,11:13:08,4.75,3,8200,4.4,4100,0,12300
CASTROLIND30JAN20127.5CE.NFO,07/01/2020,11:13:14,4.75,3,8200,4.35,8200,0,12300
CASTROLIND30JAN20127.5CE.NFO,07/01/2020,11:13:20,4.75,3,8200,4.3,4100,0,12300
CASTROLIND30JAN20127.5CE.NFO,07/01/2020,11:13:44,4.75,3,8200,4.25,4100,0,12300
CASTROLIND30JAN20127.5CE.NFO,07/01/2020,11:13:50,4.75,3,8200,4.3,4100,0,12300
CASTROLIND30JAN20127.5CE.NFO,07/01/2020,11:13:56,4.75,3,8200,4.35,4100,0,12300
CASTROLIND30JAN20127.5CE.NFO,07/01/2020,11:14:01,4.75,3,8200,4.3,4100,0,12300
CASTROLIND30JAN20127.5CE.NFO,07/01/2020,11:14:13,4.75,3,8200,4.35,4100,0,12300
CASTROLIND30JAN20127.5CE.NFO,07/01/2020,11:14:19,4.75,3,8200,4.25,4100,0,12300
CASTROLIND30JAN20127.5CE.NFO,07/01/2020,11:14:25,4.75,3,8200,4.2,4100,0,12300
CASTROLIND30JAN20127.5CE.NFO,07/01/2020,11:14:30,4.75,3,8200,4.4,4100,0,12300
CASTROLIND30JAN20127.5CE.NFO,07/01/2020,11:14:35,4.75,3,8200,4.2,4100,0,12300
CASTROLIND30JAN20127.5CE.NFO,07/01/2020,11:14:44,4.75,3,8200,4.25,4100,0,12300
CASTROLIND30JAN20127.5CE.NFO,07/01/2020,11:14:54,4.75,3,8200,4.3,4100,0,12300
CASTROLIND30JAN20127.5CE.NFO,07/01/2020,11:14:59,4.75,3,8200,4.25,4100,0,12300
CASTROLIND30JAN20127.5CE.NFO,07/01/2020,11:15:06,4.75,3,8200,4.25,8200,0,12300
CASTROLIND30JAN20127.5CE.NFO,07/01/2020,11:15:12,4.75,3,8200,4.35,4100,0,12300
CASTROLIND30JAN20127.5CE.NFO,07/01/2020,11:15:18,4.75,3,8200,4.2,8200,0,12300
CASTROLIND30JAN20127.5CE.NFO,07/01/2020,11:15:23,4.75,3,8200,4.15,4100,0,12300
CASTROLIND30JAN20127.5CE.NFO,07/01/2020,11:15:28,4.75,3,8200,4.25,4100,0,12300
CASTROLIND30JAN20127.5CE.NFO,07/01/2020,11:15:33,4.75,3,8200,4.15,4100,0,12300
CASTROLIND30JAN20127.5CE.NFO,07/01/2020,11:15:37,4.75,3,8200,4.3,4100,0,12300
CASTROLIND30JAN20127.5CE.NFO,07/01/2020,11:15:41,4.75,3,8200,4.25,4100,0,12300
CASTROLIND30JAN20127.5CE.NFO,07/01/2020,11:15:46,4.75,3,8200,4.35,4100,0,12300
CASTROLIND30JAN20127.5CE.NFO,07/01/2020,11:15:51,4.75,3.35,4100,4.35,4100,0,12300
CASTROLIND30JAN20127.5CE.NFO,07/01/2020,11:15:57,4.75,3.35,4100,4.25,4100,0,12300
CASTROLIND30JAN20127.5CE.NFO,07/01/2020,11:16:02,4.75,3.35,4100,4.3,4100,0,12300
CASTROLIND30JAN20127.5CE.NFO,07/01/2020,11:16:21,4.75,3.35,4100,4.35,4100,0,12300
CASTROLIND30JAN20127.5CE.NFO,07/01/2020,11:16:33,4.75,3.35,4100,4.3,4100,0,12300
CASTROLIND30JAN20127.5CE.NFO,07/01/2020,11:16:37,4.75,3.35,4100,4.25,4100,0,12300
CASTROLIND30JAN20127.5CE.NFO,07/01/2020,11:16:42,4.75,3.35,4100,4.3,4100,0,12300
CASTROLIND30JAN20127.5CE.NFO,07/01/2020,11:16:52,4.75,3.35,4100,4.35,4100,0,12300
CASTROLIND30JAN20127.5CE.NFO,07/01/2020,11:17:04,4.75,3.35,4100,4.25,8200,0,12300
CASTROLIND30JAN20127.5CE.NFO,07/01/2020,11:17:09,4.75,3.35,4100,4.35,4100,0,12300
CASTROLIND30JAN20127.5CE.NFO,07/01/2020,11:17:18,4.75,3.35,4100,4.25,4100,0,12300
CASTROLIND30JAN20127.5CE.NFO,07/01/2020,11:17:23,4.75,3.35,4100,4.35,4100,0,12300
CASTROLIND30JAN20127.5CE.NFO,07/01/2020,11:17:33,4.75,3.35,4100,4.2,4100,0,12300
CASTROLIND30JAN20127.5CE.NFO,07/01/2020,11:17:39,4.75,3.35,4100,4.35,4100,0,12300
CASTROLIND30JAN20127.5CE.NFO,07/01/2020,11:17:44,4.75,3.35,4100,4.3,4100,0,12300
CASTROLIND30JAN20127.5CE.NFO,07/01/2020,11:17:50,4.75,3.35,4100,4.25,4100,0,12300
CASTROLIND30JAN20127.5CE.NFO,07/01/2020,11:17:55,4.75,3.35,4100,4.35,4100,0,12300
CASTROLIND30JAN20127.5CE.NFO,07/01/2020,11:18:04,4.75,3.35,4100,4.3,8200,0,12300
CASTROLIND30JAN20127.5CE.NFO,07/01/2020,11:18:28,4.75,3.35,4100,4.25,4100,0,12300
CASTROLIND30JAN20127.5CE.NFO,07/01/2020,11:18:32,4.75,3.35,4100,4.3,4100,0,12300
CASTROLIND30JAN20127.5CE.NFO,07/01/2020,11:18:37,4.75,3.35,4100,4.35,4100,0,12300
CASTROLIND30JAN20127.5CE.NFO,07/01/2020,11:18:44,4.75,3.35,4100,4.25,4100,0,12300
CASTROLIND30JAN20127.5CE.NFO,07/01/2020,11:18:50,4.75,3.3,8200,4.3,4100,0,12300
CASTROLIND30JAN20127.5CE.NFO,07/01/2020,11:18:56,4.75,3.3,8200,4.35,4100,0,12300
CASTROLIND30JAN20127.5CE.NFO,07/01/2020,11:19:07,4.75,3.3,8200,4.45,4100,0,12300
CASTROLIND30JAN20127.5CE.NFO,07/01/2020,11:19:12,4.75,3.3,8200,4.35,4100,0,12300
CASTROLIND30JAN20127.5CE.NFO,07/01/2020,11:19:19,4.75,3.3,8200,4.3,8200,0,12300
CASTROLIND30JAN20127.5CE.NFO,07/01/2020,11:19:28,4.75,3.3,8200,4.4,8200,0,12300
CASTROLIND30JAN20127.5CE.NFO,07/01/2020,11:19:36,4.75,3.3,8200,4.45,4100,0,12300
CASTROLIND30JAN20127.5CE.NFO,07/01/2020,11:19:42,4.75,3.3,8200,4.3,4100,0,12300
CASTROLIND30JAN20127.5CE.NFO,07/01/2020,11:19:48,4.75,3.3,8200,4.4,8200,0,12300
CASTROLIND30JAN20127.5CE.NFO,07/01/2020,11:19:54,4.75,3.3,8200,4.4,4100,0,12300
CASTROLIND30JAN20127.5CE.NFO,07/01/2020,11:19:58,4.75,3.3,8200,4.35,4100,0,12300
CASTROLIND30JAN20127.5CE.NFO,07/01/2020,11:20:08,4.75,3.3,8200,4.25,4100,0,12300
CASTROLIND30JAN20127.5CE.NFO,07/01/2020,11:20:23,4.75,3.3,8200,4.3,4100,0,12300
CASTROLIND30JAN20127.5CE.NFO,07/01/2020,11:20:27,4.75,3.35,4100,4.25,4100,0,12300
CASTROLIND30JAN20127.5CE.NFO,07/01/2020,11:20:33,4.75,3.35,4100,4.35,8200,0,12300
CASTROLIND30JAN20127.5CE.NFO,07/01/2020,11:20:37,4.75,3.35,4100,4.3,8200,0,12300
CASTROLIND30JAN20127.5CE.NFO,07/01/2020,11:20:43,4.75,3.35,4100,4.35,4100,0,12300
CASTROLIND30JAN20127.5CE.NFO,07/01/2020,11:20:54,4.75,3.35,4100,4.4,4100,0,12300
CASTROLIND30JAN20127.5CE.NFO,07/01/2020,11:21:00,4.75,3.35,4100,4.25,8200,0,12300
CASTROLIND30JAN20127.5CE.NFO,07/01/2020,11:21:52,4.75,3.35,4100,4.25,4100,0,12300
CASTROLIND30JAN20127.5CE.NFO,07/01/2020,11:21:55,4.75,3.35,4100,4.25,8200,0,12300
CASTROLIND30JAN20127.5CE.NFO,07/01/2020,11:22:03,4.75,3.35,4100,4.4,4100,0,12300
CASTROLIND30JAN20127.5CE.NFO,07/01/2020,11:22:07,4.75,3.35,4100,4.2,4100,0,12300
CASTROLIND30JAN20127.5CE.NFO,07/01/2020,11:22:12,4.75,3.35,4100,4.25,8200,0,12300
CASTROLIND30JAN20127.5CE.NFO,07/01/2020,11:23:11,4.75,3.35,4100,4.3,8200,0,12300
CASTROLIND30JAN20127.5CE.NFO,07/01/2020,11:23:29,4.75,3.35,4100,4.4,4100,0,12300
CASTROLIND30JAN20127.5CE.NFO,07/01/2020,11:23:37,4.75,3.35,4100,4.35,4100,0,12300
CASTROLIND30JAN20127.5CE.NFO,07/01/2020,11:23:42,4.75,3.35,4100,4.3,4100,0,12300
CASTROLIND30JAN20127.5CE.NFO,07/01/2020,11:23:51,4.75,3.35,4100,4.4,4100,0,12300
CASTROLIND30JAN20127.5CE.NFO,07/01/2020,11:23:56,4.75,3.35,4100,4.45,4100,0,12300
CASTROLIND30JAN20127.5CE.NFO,07/01/2020,11:24:01,4.75,3.35,4100,4.25,4100,0,12300
CASTROLIND30JAN20127.5CE.NFO,07/01/2020,11:24:07,4.75,3.35,4100,4.35,4100,0,12300
CASTROLIND30JAN20127.5CE.NFO,07/01/2020,11:24:12,4.75,3.35,4100,4.45,4100,0,12300
CASTROLIND30JAN20127.5CE.NFO,07/01/2020,11:24:18,4.75,3.35,4100,4.25,4100,0,12300
CASTROLIND30JAN20127.5CE.NFO,07/01/2020,11:24:22,4.75,3.35,4100,4.3,8200,0,12300
CASTROLIND30JAN20127.5CE.NFO,07/01/2020,11:26:57,4.75,3.35,4100,4.35,4100,0,12300
CASTROLIND30JAN20127.5CE.NFO,07/01/2020,11:27:04,4.75,3.35,4100,4.25,4100,0,12300
CASTROLIND30JAN20127.5CE.NFO,07/01/2020,11:27:07,4.75,3.35,4100,4.2,4100,0,12300
CASTROLIND30JAN20127.5CE.NFO,07/01/2020,11:27:16,4.75,3.35,4100,4.35,4100,0,12300
CASTROLIND30JAN20127.5CE.NFO,07/01/2020,11:27:26,4.75,3.35,4100,4.3,4100,0,12300
CASTROLIND30JAN20127.5CE.NFO,07/01/2020,11:27:30,4.75,3.35,4100,4.35,4100,0,12300
CASTROLIND30JAN20127.5CE.NFO,07/01/2020,11:27:45,4.75,3.35,4100,4.3,4100,0,12300
CASTROLIND30JAN20127.5CE.NFO,07/01/2020,11:27:48,4.75,3.35,4100,4.35,4100,0,12300
CASTROLIND30JAN20127.5CE.NFO,07/01/2020,11:27:50,4.75,3.35,4100,4.2,4100,0,12300
CASTROLIND30JAN20127.5CE.NFO,07/01/2020,11:27:54,4.75,3.35,4100,4.35,4100,0,12300
CASTROLIND30JAN20127.5CE.NFO,07/01/2020,11:28:00,4.75,3.35,4100,4.4,4100,0,12300
CASTROLIND30JAN20127.5CE.NFO,07/01/2020,11:28:03,4.75,3.35,4100,4.3,4100,0,12300
CASTROLIND30JAN20127.5CE.NFO,07/01/2020,11:28:08,4.75,3.35,4100,4.35,4100,0,12300
CASTROLIND30JAN20127.5CE.NFO,07/01/2020,11:28:10,4.75,3.35,4100,4.3,4100,0,12300
CASTROLIND30JAN20127.5CE.NFO,07/01/2020,11:28:15,4.75,3.35,4100,4.4,4100,0,12300
CASTROLIND30JAN20127.5CE.NFO,07/01/2020,11:28:23,4.75,3.35,4100,4.25,4100,0,12300
CASTROLIND30JAN20127.5CE.NFO,07/01/2020,11:28:26,4.75,3.35,4100,4.3,4100,0,12300
CASTROLIND30JAN20127.5CE.NFO,07/01/2020,11:28:30,4.75,3.35,4100,4.35,4100,0,12300
CASTROLIND30JAN20127.5CE.NFO,07/01/2020,11:28:32,4.75,3.35,4100,4.4,4100,0,12300
CASTROLIND30JAN20127.5CE.NFO,07/01/2020,11:28:35,4.75,3.35,4100,4.3,4100,0,12300
CASTROLIND30JAN20127.5CE.NFO,07/01/2020,11:28:40,4.75,3.35,4100,4.35,4100,0,12300
CASTROLIND30JAN20127.5CE.NFO,07/01/2020,11:28:43,4.75,3.35,4100,4.3,4100,0,12300
CASTROLIND30JAN20127.5CE.NFO,07/01/2020,11:28:51,4.75,3.35,4100,4.4,4100,0,12300
CASTROLIND30JAN20127.5CE.NFO,07/01/2020,11:28:59,4.75,3.35,4100,4.3,4100,0,12300
CASTROLIND30JAN20127.5CE.NFO,07/01/2020,11:29:07,4.75,3.35,4100,4.4,4100,0,12300
CASTROLIND30JAN20127.5CE.NFO,07/01/2020,11:29:11,4.75,3.35,4100,4.25,4100,0,12300
CASTROLIND30JAN20127.5CE.NFO,07/01/2020,11:29:15,4.75,3.35,4100,4.3,4100,0,12300
CASTROLIND30JAN20127.5CE.NFO,07/01/2020,11:29:18,4.75,3.35,4100,4.35,4100,0,12300
CASTROLIND30JAN20127.5CE.NFO,07/01/2020,11:29:25,4.75,3.35,4100,4.4,4100,0,12300
CASTROLIND30JAN20127.5CE.NFO,07/01/2020,11:29:28,4.75,3.35,4100,4.25,4100,0,12300
CASTROLIND30JAN20127.5CE.NFO,07/01/2020,11:29:32,4.75,3.35,4100,4.3,4100,0,12300
CASTROLIND30JAN20127.5CE.NFO,07/01/2020,11:29:39,4.75,3.35,4100,4.35,4100,0,12300
CASTROLIND30JAN20127.5CE.NFO,07/01/2020,11:29:43,4.75,3.35,4100,4.3,4100,0,12300
CASTROLIND30JAN20127.5CE.NFO,07/01/2020,11:30:06,4.75,3.35,4100,4.2,8200,0,12300
CASTROLIND30JAN20127.5CE.NFO,07/01/2020,11:30:37,4.75,3.35,4100,4.2,4100,0,12300
CASTROLIND30JAN20127.5CE.NFO,07/01/2020,11:30:39,4.75,3.35,4100,4.3,4100,0,12300
CASTROLIND30JAN20127.5CE.NFO,07/01/2020,11:30:41,4.75,3.35,4100,4.15,4100,0,12300
CASTROLIND30JAN20127.5CE.NFO,07/01/2020,11:30:46,4.75,3.35,4100,4.2,4100,0,12300
CASTROLIND30JAN20127.5CE.NFO,07/01/2020,11:30:56,4.75,3.35,4100,4.3,4100,0,12300
CASTROLIND30JAN20127.5CE.NFO,07/01/2020,11:30:58,4.75,3.35,4100,4.15,4100,0,12300
CASTROLIND30JAN20127.5CE.NFO,07/01/2020,11:31:01,4.75,3.35,4100,4.2,4100,0,12300
CASTROLIND30JAN20127.5CE.NFO,07/01/2020,11:31:08,4.75,3.35,4100,4.15,4100,0,12300
CASTROLIND30JAN20127.5CE.NFO,07/01/2020,11:31:13,4.75,3.35,4100,4.3,4100,0,12300
CASTROLIND30JAN20127.5CE.NFO,07/01/2020,11:31:18,4.75,3.35,4100,4.25,4100,0,12300
CASTROLIND30JAN20127.5CE.NFO,07/01/2020,11:31:22,4.75,3.35,4100,4.35,4100,0,12300
CASTROLIND30JAN20127.5CE.NFO,07/01/2020,11:31:26,4.75,3.35,4100,4.25,4100,0,12300
CASTROLIND30JAN20127.5CE.NFO,07/01/2020,11:31:30,4.75,3.35,4100,4.4,4100,0,12300
CASTROLIND30JAN20127.5CE.NFO,07/01/2020,11:31:33,4.75,3.35,4100,4.35,4100,0,12300
CASTROLIND30JAN20127.5CE.NFO,07/01/2020,11:31:39,4.75,3.35,4100,4.25,4100,0,12300
CASTROLIND30JAN20127.5CE.NFO,07/01/2020,11:31:43,4.75,3.35,4100,4.2,4100,0,12300
CASTROLIND30JAN20127.5CE.NFO,07/01/2020,11:31:46,4.75,3.35,4100,4.35,4100,0,12300
CASTROLIND30JAN20127.5CE.NFO,07/01/2020,11:31:52,4.75,3.35,12300,4.3,8200,0,12300
CASTROLIND30JAN20127.5CE.NFO,07/01/2020,11:31:58,4.75,3.35,12300,4.25,4100,0,12300
CASTROLIND30JAN20127.5CE.NFO,07/01/2020,11:32:14,4.75,3.35,12300,4.4,4100,0,12300
CASTROLIND30JAN20127.5CE.NFO,07/01/2020,11:32:18,4.75,3.35,12300,4.2,4100,0,12300
CASTROLIND30JAN20127.5CE.NFO,07/01/2020,11:32:30,4.75,3.35,12300,4.35,4100,0,12300
CASTROLIND30JAN20127.5CE.NFO,07/01/2020,11:32:39,4.75,3.35,12300,4.3,8200,0,12300
CASTROLIND30JAN20127.5CE.NFO,07/01/2020,11:32:43,4.75,3.35,12300,4.35,4100,0,12300
CASTROLIND30JAN20127.5CE.NFO,07/01/2020,11:32:46,4.75,3.35,12300,4.3,8200,0,12300
CASTROLIND30JAN20127.5CE.NFO,07/01/2020,11:32:55,4.75,3.35,12300,4.25,4100,0,12300
CASTROLIND30JAN20127.5CE.NFO,07/01/2020,11:33:02,4.75,3.35,12300,4.35,4100,0,12300
CASTROLIND30JAN20127.5CE.NFO,07/01/2020,11:33:06,4.75,3.35,12300,4.3,8200,0,12300
CASTROLIND30JAN20127.5CE.NFO,07/01/2020,11:33:10,4.75,3.35,12300,4.25,4100,0,12300
CASTROLIND30JAN20127.5CE.NFO,07/01/2020,11:33:13,4.75,3.35,12300,4.4,4100,0,12300
CASTROLIND30JAN20127.5CE.NFO,07/01/2020,11:33:17,4.75,3.35,12300,4.3,8200,0,12300
CASTROLIND30JAN20127.5CE.NFO,07/01/2020,11:33:55,4.75,3.4,4100,4.35,4100,0,12300
CASTROLIND30JAN20127.5CE.NFO,07/01/2020,11:34:01,4.75,3.4,4100,4.25,8200,0,12300
CASTROLIND30JAN20127.5CE.NFO,07/01/2020,11:34:06,4.75,3.4,4100,4.3,4100,0,12300
CASTROLIND30JAN20127.5CE.NFO,07/01/2020,11:34:13,4.75,3.4,4100,4.4,4100,0,12300
CASTROLIND30JAN20127.5CE.NFO,07/01/2020,11:34:20,4.75,3.4,4100,4.3,4100,0,12300
CASTROLIND30JAN20127.5CE.NFO,07/01/2020,11:34:26,4.75,3.4,4100,4.25,4100,0,12300
CASTROLIND30JAN20127.5CE.NFO,07/01/2020,11:34:38,4.75,3.4,4100,4.4,4100,0,12300
CASTROLIND30JAN20127.5CE.NFO,07/01/2020,11:35:00,4.75,3.4,4100,4.25,4100,0,12300
CASTROLIND30JAN20127.5CE.NFO,07/01/2020,11:35:06,4.75,3.4,4100,4.4,4100,0,12300
CASTROLIND30JAN20127.5CE.NFO,07/01/2020,11:35:16,4.75,3.4,4100,4.25,4100,0,12300
CASTROLIND30JAN20127.5CE.NFO,07/01/2020,11:35:28,4.75,3.4,4100,4.35,4100,0,12300
CASTROLIND30JAN20127.5CE.NFO,07/01/2020,11:35:32,4.75,3.4,4100,4.45,4100,0,12300
CASTROLIND30JAN20127.5CE.NFO,07/01/2020,11:35:38,4.75,3.4,4100,4.4,4100,0,12300
CASTROLIND30JAN20127.5CE.NFO,07/01/2020,11:35:48,4.75,3.4,4100,4.35,4100,0,12300
CASTROLIND30JAN20127.5CE.NFO,07/01/2020,11:35:53,4.75,3.4,4100,4.4,4100,0,12300
CASTROLIND30JAN20127.5CE.NFO,07/01/2020,11:35:57,4.75,3.4,4100,4.35,4100,0,12300
CASTROLIND30JAN20127.5CE.NFO,07/01/2020,11:36:02,4.75,3.4,4100,4.3,8200,0,12300
CASTROLIND30JAN20127.5CE.NFO,07/01/2020,11:37:19,4.75,3.4,4100,4.25,4100,0,12300
CASTROLIND30JAN20127.5CE.NFO,07/01/2020,11:37:24,4.75,3.4,4100,4.3,8200,0,12300
CASTROLIND30JAN20127.5CE.NFO,07/01/2020,11:37:29,4.75,3.4,4100,4.35,4100,0,12300
CASTROLIND30JAN20127.5CE.NFO,07/01/2020,11:37:34,4.75,3.4,4100,4.25,4100,0,12300
CASTROLIND30JAN20127.5CE.NFO,07/01/2020,11:37:39,4.75,3.4,4100,4.3,8200,0,12300
CASTROLIND30JAN20127.5CE.NFO,07/01/2020,11:37:49,4.75,3.4,4100,4.35,4100,0,12300
CASTROLIND30JAN20127.5CE.NFO,07/01/2020,11:37:53,4.75,3.4,4100,4.4,4100,0,12300
CASTROLIND30JAN20127.5CE.NFO,07/01/2020,11:37:58,4.75,3.4,4100,4.35,4100,0,12300
CASTROLIND30JAN20127.5CE.NFO,07/01/2020,11:38:09,4.75,3.4,4100,4.3,8200,0,12300
CASTROLIND30JAN20127.5CE.NFO,07/01/2020,11:39:05,4.75,3.4,4100,4.25,4100,0,12300
CASTROLIND30JAN20127.5CE.NFO,07/01/2020,11:39:09,4.75,3.4,4100,4.2,4100,0,12300
CASTROLIND30JAN20127.5CE.NFO,07/01/2020,11:39:12,4.75,3.4,4100,4.25,4100,0,12300
CASTROLIND30JAN20127.5CE.NFO,07/01/2020,11:39:15,4.75,3.4,4100,4.25,8200,0,12300
CASTROLIND30JAN20127.5CE.NFO,07/01/2020,11:39:22,4.75,3.4,4100,4.25,4100,0,12300
CASTROLIND30JAN20127.5CE.NFO,07/01/2020,11:39:30,4.75,3.4,4100,4.2,8200,0,12300
CASTROLIND30JAN20127.5CE.NFO,07/01/2020,11:39:46,4.75,3.4,4100,4.15,4100,0,12300
CASTROLIND30JAN20127.5CE.NFO,07/01/2020,11:39:51,4.75,3.4,4100,4.35,4100,0,12300
CASTROLIND30JAN20127.5CE.NFO,07/01/2020,11:39:59,4.75,3.4,4100,4.25,4100,0,12300
CASTROLIND30JAN20127.5CE.NFO,07/01/2020,11:40:05,4.75,3.4,4100,4.2,4100,0,12300
CASTROLIND30JAN20127.5CE.NFO,07/01/2020,11:40:13,4.75,3.4,4100,4.25,4100,0,12300
CASTROLIND30JAN20127.5CE.NFO,07/01/2020,11:40:18,4.75,3.4,4100,4.35,4100,0,12300
CASTROLIND30JAN20127.5CE.NFO,07/01/2020,11:40:25,4.75,3.4,4100,4.25,4100,0,12300
CASTROLIND30JAN20127.5CE.NFO,07/01/2020,11:40:29,4.75,3.4,4100,4.35,4100,0,12300
CASTROLIND30JAN20127.5CE.NFO,07/01/2020,11:40:33,4.75,3.4,4100,4.25,4100,0,12300
CASTROLIND30JAN20127.5CE.NFO,07/01/2020,11:40:36,4.75,3.4,4100,4.2,8200,0,12300
CASTROLIND30JAN20127.5CE.NFO,07/01/2020,11:40:40,4.75,3.4,4100,4.2,4100,0,12300
CASTROLIND30JAN20127.5CE.NFO,07/01/2020,11:40:44,4.75,3.4,4100,4.35,4100,0,12300
CASTROLIND30JAN20127.5CE.NFO,07/01/2020,11:40:48,4.75,3.4,4100,4.3,4100,0,12300
CASTROLIND30JAN20127.5CE.NFO,07/01/2020,11:40:51,4.75,3.4,4100,4.2,8200,0,12300
CASTROLIND30JAN20127.5CE.NFO,07/01/2020,11:41:01,4.75,3.35,4100,4.35,4100,0,12300
CASTROLIND30JAN20127.5CE.NFO,07/01/2020,11:41:03,4.75,3.35,4100,4.2,4100,0,12300
CASTROLIND30JAN20127.5CE.NFO,07/01/2020,11:41:06,4.75,3.35,4100,4.3,4100,0,12300
CASTROLIND30JAN20127.5CE.NFO,07/01/2020,11:41:16,4.75,3.35,4100,4.2,8200,0,12300
CASTROLIND30JAN20127.5CE.NFO,07/01/2020,11:41:22,4.75,3.35,4100,4.35,4100,0,12300
CASTROLIND30JAN20127.5CE.NFO,07/01/2020,11:41:24,4.75,3.35,4100,4.2,4100,0,12300
CASTROLIND30JAN20127.5CE.NFO,07/01/2020,11:41:27,4.75,3.35,4100,4.35,4100,0,12300
CASTROLIND30JAN20127.5CE.NFO,07/01/2020,11:41:30,4.75,3.35,4100,4.2,4100,0,12300
CASTROLIND30JAN20127.5CE.NFO,07/01/2020,11:41:33,4.75,3.35,4100,4.35,4100,0,12300
CASTROLIND30JAN20127.5CE.NFO,07/01/2020,11:41:36,4.75,3.35,4100,4.2,4100,0,12300
CASTROLIND30JAN20127.5CE.NFO,07/01/2020,11:41:39,4.75,3.35,4100,4.35,4100,0,12300
CASTROLIND30JAN20127.5CE.NFO,07/01/2020,11:41:41,4.75,3.35,4100,4.2,4100,0,12300
CASTROLIND30JAN20127.5CE.NFO,07/01/2020,11:41:44,4.75,3.35,4100,4.1,4100,0,12300
CASTROLIND30JAN20127.5CE.NFO,07/01/2020,11:41:46,4.75,3.35,4100,4.3,4100,0,12300
CASTROLIND30JAN20127.5CE.NFO,07/01/2020,11:41:49,4.75,3.35,4100,4.15,8200,0,12300
CASTROLIND30JAN20127.5CE.NFO,07/01/2020,11:44:11,4.75,3.3,12300,4.2,4100,0,12300
CASTROLIND30JAN20127.5CE.NFO,07/01/2020,11:44:18,4.75,3.3,12300,4.25,4100,0,12300
CASTROLIND30JAN20127.5CE.NFO,07/01/2020,11:44:27,4.75,3.3,12300,4.3,4100,0,12300
CASTROLIND30JAN20127.5CE.NFO,07/01/2020,11:44:29,4.75,3.3,12300,4.25,4100,0,12300
CASTROLIND30JAN20127.5CE.NFO,07/01/2020,11:44:32,4.75,3.3,12300,4.2,4100,0,12300
CASTROLIND30JAN20127.5CE.NFO,07/01/2020,11:44:36,4.75,3.3,12300,4.3,4100,0,12300
CASTROLIND30JAN20127.5CE.NFO,07/01/2020,11:44:47,4.75,3.3,12300,4.15,4100,0,12300
CASTROLIND30JAN20127.5CE.NFO,07/01/2020,11:44:52,4.75,3.3,12300,4.3,4100,0,12300
CASTROLIND30JAN20127.5CE.NFO,07/01/2020,11:44:58,4.75,3.3,12300,4.2,4100,0,12300
CASTROLIND30JAN20127.5CE.NFO,07/01/2020,11:45:04,4.75,3.3,12300,4.3,4100,0,12300
CASTROLIND30JAN20127.5CE.NFO,07/01/2020,11:45:11,4.75,3.3,12300,4.2,4100,0,12300
CASTROLIND30JAN20127.5CE.NFO,07/01/2020,11:45:13,4.75,3.3,12300,4.3,4100,0,12300
CASTROLIND30JAN20127.5CE.NFO,07/01/2020,11:45:23,4.75,3.3,12300,4.25,4100,0,12300
CASTROLIND30JAN20127.5CE.NFO,07/01/2020,11:45:26,4.75,3.3,12300,4.3,4100,0,12300
CASTROLIND30JAN20127.5CE.NFO,07/01/2020,11:45:29,4.75,3.3,12300,4.35,4100,0,12300
CASTROLIND30JAN20127.5CE.NFO,07/01/2020,11:45:33,4.75,3.3,12300,4.3,4100,0,12300
CASTROLIND30JAN20127.5CE.NFO,07/01/2020,11:45:36,4.75,3.3,12300,4.35,4100,0,12300
CASTROLIND30JAN20127.5CE.NFO,07/01/2020,11:45:39,4.75,3.3,12300,4.25,4100,0,12300
CASTROLIND30JAN20127.5CE.NFO,07/01/2020,11:45:45,4.75,3.3,12300,4.3,4100,0,12300
CASTROLIND30JAN20127.5CE.NFO,07/01/2020,11:45:48,4.75,3.3,12300,4.35,4100,0,12300
CASTROLIND30JAN20127.5CE.NFO,07/01/2020,11:45:51,4.75,3.3,12300,4.25,4100,0,12300
CASTROLIND30JAN20127.5CE.NFO,07/01/2020,11:45:57,4.75,3.3,12300,4.3,4100,0,12300
CASTROLIND30JAN20127.5CE.NFO,07/01/2020,11:45:59,4.75,3.3,12300,4.2,4100,0,12300
CASTROLIND30JAN20127.5CE.NFO,07/01/2020,11:46:01,4.75,3.3,12300,4.3,4100,0,12300
CASTROLIND30JAN20127.5CE.NFO,07/01/2020,11:46:03,4.75,3.3,12300,4.25,4100,0,12300
CASTROLIND30JAN20127.5CE.NFO,07/01/2020,11:46:11,4.75,3.3,12300,4.35,4100,0,12300
CASTROLIND30JAN20127.5CE.NFO,07/01/2020,11:46:13,4.75,3.3,12300,4.25,4100,0,12300
CASTROLIND30JAN20127.5CE.NFO,07/01/2020,11:46:23,4.75,3.3,12300,4.35,4100,0,12300
CASTROLIND30JAN20127.5CE.NFO,07/01/2020,11:46:26,4.75,3.3,12300,4.25,4100,0,12300
CASTROLIND30JAN20127.5CE.NFO,07/01/2020,11:46:30,4.75,3.3,12300,4.35,4100,0,12300
CASTROLIND30JAN20127.5CE.NFO,07/01/2020,11:46:32,4.75,3.3,12300,4.25,4100,0,12300
CASTROLIND30JAN20127.5CE.NFO,07/01/2020,11:46:34,4.75,3.3,12300,4.25,8200,0,12300
CASTROLIND30JAN20127.5CE.NFO,07/01/2020,11:47:46,4.75,3.3,12300,4.35,4100,0,12300
CASTROLIND30JAN20127.5CE.NFO,07/01/2020,11:47:49,4.75,3.3,12300,4.25,4100,0,12300
CASTROLIND30JAN20127.5CE.NFO,07/01/2020,11:47:53,4.75,3.3,12300,4.35,4100,0,12300
CASTROLIND30JAN20127.5CE.NFO,07/01/2020,11:47:56,4.75,3.3,12300,4.25,8200,0,12300
CASTROLIND30JAN20127.5CE.NFO,07/01/2020,11:48:16,4.75,3.3,12300,4.3,4100,0,12300
CASTROLIND30JAN20127.5CE.NFO,07/01/2020,11:48:20,4.75,3.3,12300,4.2,4100,0,12300
CASTROLIND30JAN20127.5CE.NFO,07/01/2020,11:48:26,4.75,3.3,12300,4.15,4100,0,12300
CASTROLIND30JAN20127.5CE.NFO,07/01/2020,11:48:30,4.75,3.3,12300,4.3,4100,0,12300
CASTROLIND30JAN20127.5CE.NFO,07/01/2020,11:48:34,4.75,3.3,12300,4.2,8200,0,12300
CASTROLIND30JAN20127.5CE.NFO,07/01/2020,11:49:27,4.75,3.3,12300,4.25,4100,0,12300
CASTROLIND30JAN20127.5CE.NFO,07/01/2020,11:49:29,4.75,3.3,12300,4.15,4100,0,12300
CASTROLIND30JAN20127.5CE.NFO,07/01/2020,11:49:32,4.75,3.3,12300,4.2,4100,0,12300
CASTROLIND30JAN20127.5CE.NFO,07/01/2020,11:49:35,4.75,3.3,12300,4.15,4100,0,12300
CASTROLIND30JAN20127.5CE.NFO,07/01/2020,11:49:38,4.75,3.3,12300,4.2,4100,0,12300
CASTROLIND30JAN20127.5CE.NFO,07/01/2020,11:49:41,4.75,1.95,4100,4.25,4100,0,12300
CASTROLIND30JAN20127.5CE.NFO,07/01/2020,11:49:43,4.75,2.05,4100,4.2,4100,0,12300
CASTROLIND30JAN20127.5CE.NFO,07/01/2020,11:49:46,4.75,2.05,4100,4.25,4100,0,12300
CASTROLIND30JAN20127.5CE.NFO,07/01/2020,11:49:51,4.75,2.05,4100,4.25,8200,0,12300
CASTROLIND30JAN20127.5CE.NFO,07/01/2020,11:49:53,4.75,2.05,4100,4.2,4100,0,12300
CASTROLIND30JAN20127.5CE.NFO,07/01/2020,11:49:56,4.75,2.05,4100,4.25,4100,0,12300
CASTROLIND30JAN20127.5CE.NFO,07/01/2020,11:50:00,4.75,2.05,4100,4.15,4100,0,12300
CASTROLIND30JAN20127.5CE.NFO,07/01/2020,11:50:11,4.75,2.05,4100,4.2,4100,0,12300
CASTROLIND30JAN20127.5CE.NFO,07/01/2020,11:50:29,4.75,2.05,4100,4.25,8200,0,12300
CASTROLIND30JAN20127.5CE.NFO,07/01/2020,11:50:47,4.75,2.1,4100,4.2,4100,0,12300
CASTROLIND30JAN20127.5CE.NFO,07/01/2020,11:50:49,4.75,2.35,4100,4.2,4100,0,12300
CASTROLIND30JAN20127.5CE.NFO,07/01/2020,11:50:59,4.75,2.35,4100,4.15,4100,0,12300
CASTROLIND30JAN20127.5CE.NFO,07/01/2020,11:51:03,4.75,2.35,4100,4.2,4100,0,12300
CASTROLIND30JAN20127.5CE.NFO,07/01/2020,11:51:15,4.75,2.35,4100,4.15,4100,0,12300
CASTROLIND30JAN20127.5CE.NFO,07/01/2020,11:51:18,4.75,2.35,4100,4.2,4100,0,12300
CASTROLIND30JAN20127.5CE.NFO,07/01/2020,11:51:21,4.75,2.35,4100,4.25,8200,0,12300
CASTROLIND30JAN20127.5CE.NFO,07/01/2020,11:51:28,4.75,2.35,4100,4.3,4100,0,12300
CASTROLIND30JAN20127.5CE.NFO,07/01/2020,11:51:34,4.75,2.35,4100,4.2,4100,0,12300
CASTROLIND30JAN20127.5CE.NFO,07/01/2020,11:51:38,4.75,2.35,4100,4.25,4100,0,12300
CASTROLIND30JAN20127.5CE.NFO,07/01/2020,11:51:42,4.75,2.35,4100,4.2,4100,0,12300
CASTROLIND30JAN20127.5CE.NFO,07/01/2020,11:51:58,4.75,2.35,4100,4.25,4100,0,12300
CASTROLIND30JAN20127.5CE.NFO,07/01/2020,11:52:05,4.75,2.35,4100,4.2,4100,0,12300
CASTROLIND30JAN20127.5CE.NFO,07/01/2020,11:52:07,4.75,2.35,4100,4.25,4100,0,12300
CASTROLIND30JAN20127.5CE.NFO,07/01/2020,11:52:09,4.75,2.35,4100,4.2,4100,0,12300
CASTROLIND30JAN20127.5CE.NFO,07/01/2020,11:52:13,4.75,2.35,4100,4.2,8200,0,12300
CASTROLIND30JAN20127.5CE.NFO,07/01/2020,11:52:19,4.75,2.35,4100,4.3,4100,0,12300
CASTROLIND30JAN20127.5CE.NFO,07/01/2020,11:52:22,4.75,2.35,4100,4.2,8200,0,12300
CASTROLIND30JAN20127.5CE.NFO,07/01/2020,11:52:44,4.75,2.35,4100,4.2,4100,0,12300
CASTROLIND30JAN20127.5CE.NFO,07/01/2020,11:52:46,4.75,2.35,4100,4.25,4100,0,12300
CASTROLIND30JAN20127.5CE.NFO,07/01/2020,11:52:50,4.75,2.35,4100,4.2,4100,0,12300
CASTROLIND30JAN20127.5CE.NFO,07/01/2020,11:52:57,4.75,2.35,4100,4.15,4100,0,12300
CASTROLIND30JAN20127.5CE.NFO,07/01/2020,11:53:00,4.75,2.35,4100,4.2,4100,0,12300
CASTROLIND30JAN20127.5CE.NFO,07/01/2020,11:53:05,4.75,2.35,4100,4.15,8200,0,12300
CASTROLIND30JAN20127.5CE.NFO,07/01/2020,11:53:08,4.75,2.35,4100,4.15,4100,0,12300
CASTROLIND30JAN20127.5CE.NFO,07/01/2020,11:53:12,4.75,2.35,4100,4.25,4100,0,12300
CASTROLIND30JAN20127.5CE.NFO,07/01/2020,11:53:21,4.75,2.35,4100,4.2,4100,0,12300
CASTROLIND30JAN20127.5CE.NFO,07/01/2020,11:53:25,4.75,2.35,4100,4.25,4100,0,12300
CASTROLIND30JAN20127.5CE.NFO,07/01/2020,11:53:38,4.75,2.35,4100,4.2,4100,0,12300
CASTROLIND30JAN20127.5CE.NFO,07/01/2020,11:53:40,4.75,2.35,4100,4.25,4100,0,12300
CASTROLIND30JAN20127.5CE.NFO,07/01/2020,11:53:42,4.75,2.35,4100,4.2,4100,0,12300
CASTROLIND30JAN20127.5CE.NFO,07/01/2020,11:53:46,4.75,2.35,4100,4.25,8200,0,12300
CASTROLIND30JAN20127.5CE.NFO,07/01/2020,11:55:03,4.75,2.35,4100,4.2,4100,0,12300
CASTROLIND30JAN20127.5CE.NFO,07/01/2020,11:55:06,4.75,2.35,4100,4.25,4100,0,12300
CASTROLIND30JAN20127.5CE.NFO,07/01/2020,11:55:10,4.75,2.35,4100,4.25,8200,0,12300
CASTROLIND30JAN20127.5CE.NFO,07/01/2020,11:57:25,4.75,2.35,4100,4.2,8200,0,12300
CASTROLIND30JAN20127.5CE.NFO,07/01/2020,11:57:48,4.75,2.35,4100,4.2,4100,0,12300
CASTROLIND30JAN20127.5CE.NFO,07/01/2020,11:57:55,4.75,2.35,4100,4.15,8200,0,12300
CASTROLIND30JAN20127.5CE.NFO,07/01/2020,11:57:58,4.75,2.35,4100,4.2,4100,0,12300
CASTROLIND30JAN20127.5CE.NFO,07/01/2020,11:58:01,4.75,2.6,4100,4.1,4100,0,12300
CASTROLIND30JAN20127.5CE.NFO,07/01/2020,11:58:04,4.75,2.85,4100,4.1,4100,0,12300
CASTROLIND30JAN20127.5CE.NFO,07/01/2020,11:58:07,4.75,2.05,4100,4.1,4100,0,12300
CASTROLIND30JAN20127.5CE.NFO,07/01/2020,11:58:11,4.75,2.15,4100,4.2,4100,0,12300
CASTROLIND30JAN20127.5CE.NFO,07/01/2020,11:58:14,4.75,2.5,4100,4.15,4100,0,12300
CASTROLIND30JAN20127.5CE.NFO,07/01/2020,11:58:17,4.75,2.75,8200,4.2,4100,0,12300
CASTROLIND30JAN20127.5CE.NFO,07/01/2020,11:58:19,4.75,1.95,4100,4.1,4100,0,12300
CASTROLIND30JAN20127.5CE.NFO,07/01/2020,11:58:21,4.75,2.1,4100,4.2,4100,0,12300
CASTROLIND30JAN20127.5CE.NFO,07/01/2020,11:58:22,4.75,2.25,4100,4.1,4100,0,12300
CASTROLIND30JAN20127.5CE.NFO,07/01/2020,11:58:24,4.75,1.85,4100,4.1,4100,0,12300
CASTROLIND30JAN20127.5CE.NFO,07/01/2020,11:58:26,4.75,1.85,4100,4.15,4100,0,12300
CASTROLIND30JAN20127.5CE.NFO,07/01/2020,11:58:28,4.75,1.85,4100,4.1,4100,0,12300
CASTROLIND30JAN20127.5CE.NFO,07/01/2020,11:58:31,4.75,1.85,4100,4.15,4100,0,12300
CASTROLIND30JAN20127.5CE.NFO,07/01/2020,11:58:35,4.75,1.85,4100,4.2,4100,0,12300
CASTROLIND30JAN20127.5CE.NFO,07/01/2020,11:58:39,4.75,1.85,4100,4.15,4100,0,12300
CASTROLIND30JAN20127.5CE.NFO,07/01/2020,11:58:46,4.75,1.85,4100,4.2,4100,0,12300
CASTROLIND30JAN20127.5CE.NFO,07/01/2020,11:58:50,4.75,2.25,4100,4.15,4100,0,12300
CASTROLIND30JAN20127.5CE.NFO,07/01/2020,11:58:53,4.75,2.5,4100,4.15,4100,0,12300
CASTROLIND30JAN20127.5CE.NFO,07/01/2020,11:58:55,4.75,2.6,4100,4.2,4100,0,12300
CASTROLIND30JAN20127.5CE.NFO,07/01/2020,11:58:57,4.75,2.75,8200,4.1,4100,0,12300
CASTROLIND30JAN20127.5CE.NFO,07/01/2020,11:58:59,4.75,1.95,4100,4.2,4100,0,12300
CASTROLIND30JAN20127.5CE.NFO,07/01/2020,11:59:07,4.75,2.05,4100,4.15,4100,0,12300
CASTROLIND30JAN20127.5CE.NFO,07/01/2020,11:59:12,4.75,2.05,4100,4.1,8200,0,12300
CASTROLIND30JAN20127.5CE.NFO,07/01/2020,11:59:22,4.75,2.05,4100,4.15,4100,0,12300
CASTROLIND30JAN20127.5CE.NFO,07/01/2020,11:59:29,4.75,2.05,4100,4.1,4100,0,12300
CASTROLIND30JAN20127.5CE.NFO,07/01/2020,11:59:34,4.75,2.05,4100,4.05,4100,0,12300
CASTROLIND30JAN20127.5CE.NFO,07/01/2020,11:59:36,4.75,2.05,4100,4.1,4100,0,12300
CASTROLIND30JAN20127.5CE.NFO,07/01/2020,11:59:41,4.75,2.05,4100,4.15,4100,0,12300
CASTROLIND30JAN20127.5CE.NFO,07/01/2020,11:59:43,4.75,2.05,4100,4.1,4100,0,12300
CASTROLIND30JAN20127.5CE.NFO,07/01/2020,11:59:53,4.75,2.1,4100,4.15,4100,0,12300
CASTROLIND30JAN20127.5CE.NFO,07/01/2020,11:59:57,4.75,2.35,4100,4.15,4100,0,12300
CASTROLIND30JAN20127.5CE.NFO,07/01/2020,12:00:07,4.75,2.35,4100,4.1,4100,0,12300
CASTROLIND30JAN20127.5CE.NFO,07/01/2020,12:00:10,4.75,2.35,4100,4.05,4100,0,12300
CASTROLIND30JAN20127.5CE.NFO,07/01/2020,12:00:14,4.75,2.35,4100,4.15,4100,0,12300
CASTROLIND30JAN20127.5CE.NFO,07/01/2020,12:00:16,4.75,2.35,4100,4.1,4100,0,12300
CASTROLIND30JAN20127.5CE.NFO,07/01/2020,12:00:19,4.75,2.35,4100,4.05,4100,0,12300
CASTROLIND30JAN20127.5CE.NFO,07/01/2020,12:00:22,4.75,2.35,4100,4.15,4100,0,12300
CASTROLIND30JAN20127.5CE.NFO,07/01/2020,12:00:28,4.75,2.75,4100,4.15,4100,0,12300
CASTROLIND30JAN20127.5CE.NFO,07/01/2020,12:00:32,4.75,2.8,4100,4.15,4100,0,12300
CASTROLIND30JAN20127.5CE.NFO,07/01/2020,12:00:36,4.75,2.75,4100,4.15,4100,0,12300
CASTROLIND30JAN20127.5CE.NFO,07/01/2020,12:00:44,4.75,2.65,4100,4.15,4100,0,12300
CASTROLIND30JAN20127.5CE.NFO,07/01/2020,12:00:46,4.75,2.8,4100,4.15,4100,0,12300
CASTROLIND30JAN20127.5CE.NFO,07/01/2020,12:01:00,4.75,2.65,4100,4.15,4100,0,12300
CASTROLIND30JAN20127.5CE.NFO,07/01/2020,12:01:03,4.75,2.75,4100,4.15,4100,0,12300
CASTROLIND30JAN20127.5CE.NFO,07/01/2020,12:01:06,4.75,2.65,4100,4.15,4100,0,12300
CASTROLIND30JAN20127.5CE.NFO,07/01/2020,12:01:09,4.75,2.75,4100,4.15,4100,0,12300
CASTROLIND30JAN20127.5CE.NFO,07/01/2020,12:01:11,4.75,2.65,4100,4.15,4100,0,12300
CASTROLIND30JAN20127.5CE.NFO,07/01/2020,12:01:17,4.75,2.65,4100,4.2,4100,0,12300
CASTROLIND30JAN20127.5CE.NFO,07/01/2020,12:01:19,4.75,2.8,4100,4.15,4100,0,12300
CASTROLIND30JAN20127.5CE.NFO,07/01/2020,12:01:24,4.75,2.8,4100,4.2,4100,0,12300
CASTROLIND30JAN20127.5CE.NFO,07/01/2020,12:01:27,4.75,2.8,4100,4.15,4100,0,12300
CASTROLIND30JAN20127.5CE.NFO,07/01/2020,12:01:39,4.75,2.75,4100,4.15,4100,0,12300
CASTROLIND30JAN20127.5CE.NFO,07/01/2020,12:01:42,4.75,2.65,4100,4.1,4100,0,12300
CASTROLIND30JAN20127.5CE.NFO,07/01/2020,12:01:44,4.75,2.8,4100,4.1,4100,0,12300
CASTROLIND30JAN20127.5CE.NFO,07/01/2020,12:01:52,4.75,2.65,4100,4.05,4100,0,12300
CASTROLIND30JAN20127.5CE.NFO,07/01/2020,12:01:54,4.75,2.75,4100,4.05,4100,0,12300
CASTROLIND30JAN20127.5CE.NFO,07/01/2020,12:01:55,4.75,2.8,4100,4.15,4100,0,12300
CASTROLIND30JAN20127.5CE.NFO,07/01/2020,12:01:57,4.75,2.75,4100,4.1,4100,0,12300
CASTROLIND30JAN20127.5CE.NFO,07/01/2020,12:01:59,4.75,2.75,4100,4.05,4100,0,12300
CASTROLIND30JAN20127.5CE.NFO,07/01/2020,12:02:02,4.75,2.75,4100,4.1,4100,0,12300
CASTROLIND30JAN20127.5CE.NFO,07/01/2020,12:02:08,4.75,2.65,4100,4.05,4100,0,12300
CASTROLIND30JAN20127.5CE.NFO,07/01/2020,12:02:13,4.75,2.65,4100,4.1,4100,0,12300
CASTROLIND30JAN20127.5CE.NFO,07/01/2020,12:02:16,4.75,2.8,4100,4.05,4100,0,12300
CASTROLIND30JAN20127.5CE.NFO,07/01/2020,12:02:18,4.75,2.75,4100,4.05,4100,0,12300
CASTROLIND30JAN20127.5CE.NFO,07/01/2020,12:02:22,4.75,2.65,4100,4.05,4100,0,12300
CASTROLIND30JAN20127.5CE.NFO,07/01/2020,12:02:25,4.75,2.65,4100,4.1,4100,0,12300
CASTROLIND30JAN20127.5CE.NFO,07/01/2020,12:02:30,4.75,2.8,4100,4.05,4100,0,12300
CASTROLIND30JAN20127.5CE.NFO,07/01/2020,12:02:34,4.75,2.75,4100,4.15,4100,0,12300
CASTROLIND30JAN20127.5CE.NFO,07/01/2020,12:02:40,4.75,2.8,4100,4.1,8200,0,12300
CASTROLIND30JAN20127.5CE.NFO,07/01/2020,12:02:47,4.75,2.65,4100,4.1,8200,0,12300
CASTROLIND30JAN20127.5CE.NFO,07/01/2020,12:02:52,4.75,2.8,4100,4.1,8200,0,12300
CASTROLIND30JAN20127.5CE.NFO,07/01/2020,12:02:56,4.75,2.75,4100,4.1,8200,0,12300
CASTROLIND30JAN20127.5CE.NFO,07/01/2020,12:03:00,4.75,2.8,4100,4.1,8200,0,12300
CASTROLIND30JAN20127.5CE.NFO,07/01/2020,12:03:03,4.75,2.65,4100,4.1,8200,0,12300
CASTROLIND30JAN20127.5CE.NFO,07/01/2020,12:03:08,4.75,2.75,4100,4.1,8200,0,12300
CASTROLIND30JAN20127.5CE.NFO,07/01/2020,12:03:12,4.75,2.65,4100,4.1,8200,0,12300
CASTROLIND30JAN20127.5CE.NFO,07/01/2020,12:03:16,4.75,2.75,4100,4.1,4100,0,12300
CASTROLIND30JAN20127.5CE.NFO,07/01/2020,12:03:23,4.75,2.8,4100,4.15,4100,0,12300
CASTROLIND30JAN20127.5CE.NFO,07/01/2020,12:03:27,4.75,2.65,4100,4.15,4100,0,12300
CASTROLIND30JAN20127.5CE.NFO,07/01/2020,12:03:31,4.75,2.75,4100,4.15,4100,0,12300
CASTROLIND30JAN20127.5CE.NFO,07/01/2020,12:03:33,4.75,2.75,4100,4.05,4100,0,12300
CASTROLIND30JAN20127.5CE.NFO,07/01/2020,12:03:37,4.75,2.8,4100,4.05,4100,0,12300
CASTROLIND30JAN20127.5CE.NFO,07/01/2020,12:03:43,4.75,2.8,4100,4.15,4100,0,12300
CASTROLIND30JAN20127.5CE.NFO,07/01/2020,12:03:49,4.75,2.8,4100,4.05,4100,0,12300
CASTROLIND30JAN20127.5CE.NFO,07/01/2020,12:03:56,4.75,2.75,4100,4.15,4100,0,12300
CASTROLIND30JAN20127.5CE.NFO,07/01/2020,12:03:59,4.75,2.65,4100,4.1,8200,0,12300
CASTROLIND30JAN20127.5CE.NFO,07/01/2020,12:04:02,4.75,2.75,4100,4.1,8200,0,12300
CASTROLIND30JAN20127.5CE.NFO,07/01/2020,12:04:09,4.75,2.65,4100,4.1,8200,0,12300
CASTROLIND30JAN20127.5CE.NFO,07/01/2020,12:04:11,4.75,2.8,4100,4.1,8200,0,12300
CASTROLIND30JAN20127.5CE.NFO,07/01/2020,12:04:17,4.75,2.6,4100,4.1,8200,0,12300
CASTROLIND30JAN20127.5CE.NFO,07/01/2020,12:04:20,4.75,2.65,4100,4.1,8200,0,12300
CASTROLIND30JAN20127.5CE.NFO,07/01/2020,12:04:25,4.75,2.8,4100,4.1,8200,0,12300
CASTROLIND30JAN20127.5CE.NFO,07/01/2020,12:04:30,4.75,2.75,4100,4.1,8200,0,12300
CASTROLIND30JAN20127.5CE.NFO,07/01/2020,12:04:44,4.75,2.8,4100,4.1,8200,0,12300
CASTROLIND30JAN20127.5CE.NFO,07/01/2020,12:04:52,4.75,2.75,4100,4.1,8200,0,12300
CASTROLIND30JAN20127.5CE.NFO,07/01/2020,12:04:55,4.75,2.8,4100,4.1,8200,0,12300
CASTROLIND30JAN20127.5CE.NFO,07/01/2020,12:05:00,4.75,2.75,4100,4.1,8200,0,12300
CASTROLIND30JAN20127.5CE.NFO,07/01/2020,12:05:07,4.75,2.8,4100,4.1,8200,0,12300
CASTROLIND30JAN20127.5CE.NFO,07/01/2020,12:05:12,4.75,2.75,4100,4.1,8200,0,12300
CASTROLIND30JAN20127.5CE.NFO,07/01/2020,12:05:22,4.75,2.65,4100,4.1,8200,0,12300
CASTROLIND30JAN20127.5CE.NFO,07/01/2020,12:05:24,4.75,2.8,4100,4.1,8200,0,12300
CASTROLIND30JAN20127.5CE.NFO,07/01/2020,12:05:28,4.75,2.65,4100,4.1,8200,0,12300
CASTROLIND30JAN20127.5CE.NFO,07/01/2020,12:05:30,4.75,2.8,4100,4.1,8200,0,12300
CASTROLIND30JAN20127.5CE.NFO,07/01/2020,12:05:33,4.75,2.65,4100,4.1,8200,0,12300
CASTROLIND30JAN20127.5CE.NFO,07/01/2020,12:05:35,4.75,2.8,4100,4.1,8200,0,12300
CASTROLIND30JAN20127.5CE.NFO,07/01/2020,12:05:56,4.75,2.65,4100,4.1,8200,0,12300
CASTROLIND30JAN20127.5CE.NFO,07/01/2020,12:06:00,4.75,2.8,4100,4.1,8200,0,12300
CASTROLIND30JAN20127.5CE.NFO,07/01/2020,12:06:03,4.75,2.8,4100,4.2,4100,0,12300
CASTROLIND30JAN20127.5CE.NFO,07/01/2020,12:06:08,4.75,2.75,4100,4.2,4100,0,12300
CASTROLIND30JAN20127.5CE.NFO,07/01/2020,12:06:14,4.75,2.8,4100,4.2,4100,0,12300
CASTROLIND30JAN20127.5CE.NFO,07/01/2020,12:06:16,4.75,2.8,4100,4.25,4100,0,12300
CASTROLIND30JAN20127.5CE.NFO,07/01/2020,12:06:22,4.75,2.8,4100,4.2,8200,0,12300
CASTROLIND30JAN20127.5CE.NFO,07/01/2020,12:06:25,4.75,2.75,4100,4.2,8200,0,12300
CASTROLIND30JAN20127.5CE.NFO,07/01/2020,12:06:32,4.75,2.6,4100,4.2,8200,0,12300
CASTROLIND30JAN20127.5CE.NFO,07/01/2020,12:06:35,4.75,2.75,4100,4.2,8200,0,12300
CASTROLIND30JAN20127.5CE.NFO,07/01/2020,12:06:37,4.75,2.7,4100,4.2,8200,0,12300
CASTROLIND30JAN20127.5CE.NFO,07/01/2020,12:06:39,4.75,2.65,4100,4.2,8200,0,12300
CASTROLIND30JAN20127.5CE.NFO,07/01/2020,12:06:44,4.75,2.8,4100,4.2,8200,0,12300
CASTROLIND30JAN20127.5CE.NFO,07/01/2020,12:06:48,4.75,2.75,4100,4.25,4100,0,12300
CASTROLIND30JAN20127.5CE.NFO,07/01/2020,12:06:51,4.75,2.7,4100,4.2,4100,0,12300
CASTROLIND30JAN20127.5CE.NFO,07/01/2020,12:06:53,4.75,2.65,4100,4.2,4100,0,12300
CASTROLIND30JAN20127.5CE.NFO,07/01/2020,12:06:56,4.75,2.65,4100,4.25,4100,0,12300
CASTROLIND30JAN20127.5CE.NFO,07/01/2020,12:06:58,4.75,2.8,4100,4.25,4100,0,12300
CASTROLIND30JAN20127.5CE.NFO,07/01/2020,12:07:00,4.75,2.75,4100,4.25,4100,0,12300
CASTROLIND30JAN20127.5CE.NFO,07/01/2020,12:07:02,4.75,2.75,4100,4.2,4100,0,12300
CASTROLIND30JAN20127.5CE.NFO,07/01/2020,12:07:09,4.75,2.8,4100,4.2,4100,0,12300
CASTROLIND30JAN20127.5CE.NFO,07/01/2020,12:07:12,4.75,2.65,4100,4.2,4100,0,12300
CASTROLIND30JAN20127.5CE.NFO,07/01/2020,12:07:14,4.75,2.8,4100,4.25,4100,0,12300
CASTROLIND30JAN20127.5CE.NFO,07/01/2020,12:07:17,4.75,2.75,4100,4.2,4100,0,12300
CASTROLIND30JAN20127.5CE.NFO,07/01/2020,12:07:21,4.75,2.65,4100,4.25,4100,0,12300
CASTROLIND30JAN20127.5CE.NFO,07/01/2020,12:07:23,4.75,2.8,4100,4.25,4100,0,12300
CASTROLIND30JAN20127.5CE.NFO,07/01/2020,12:07:25,4.75,2.8,4100,4.2,4100,0,12300
CASTROLIND30JAN20127.5CE.NFO,07/01/2020,12:07:31,4.75,2.8,4100,4.25,4100,0,12300
CASTROLIND30JAN20127.5CE.NFO,07/01/2020,12:07:33,4.75,2.75,4100,4.25,4100,0,12300
CASTROLIND30JAN20127.5CE.NFO,07/01/2020,12:07:34,4.75,2.6,4100,4.2,4100,0,12300
CASTROLIND30JAN20127.5CE.NFO,07/01/2020,12:07:36,4.75,2.8,4100,4.25,4100,0,12300
CASTROLIND30JAN20127.5CE.NFO,07/01/2020,12:07:42,4.75,2.8,8200,4.2,4100,0,12300
CASTROLIND30JAN20127.5CE.NFO,07/01/2020,12:08:11,4.75,2.8,8200,4.25,8200,0,12300
CASTROLIND30JAN20127.5CE.NFO,07/01/2020,12:08:16,4.75,2.8,4100,4.2,4100,0,12300
CASTROLIND30JAN20127.5CE.NFO,07/01/2020,12:08:23,4.75,2.75,4100,4.2,4100,0,12300
CASTROLIND30JAN20127.5CE.NFO,07/01/2020,12:08:30,4.75,2.8,4100,4.2,4100,0,12300
CASTROLIND30JAN20127.5CE.NFO,07/01/2020,12:08:42,4.75,2.65,4100,4.25,4100,0,12300
CASTROLIND30JAN20127.5CE.NFO,07/01/2020,12:08:45,4.75,2.65,4100,4.2,4100,0,12300
CASTROLIND30JAN20127.5CE.NFO,07/01/2020,12:08:49,4.75,2.8,4100,4.2,4100,0,12300
CASTROLIND30JAN20127.5CE.NFO,07/01/2020,12:08:57,4.75,2.75,4100,4.2,4100,0,12300
CASTROLIND30JAN20127.5CE.NFO,07/01/2020,12:09:00,4.75,2.8,4100,4.2,4100,0,12300
CASTROLIND30JAN20127.5CE.NFO,07/01/2020,12:09:03,4.75,2.8,8200,4.2,4100,0,12300
CASTROLIND30JAN20127.5CE.NFO,07/01/2020,12:09:15,4.75,2.8,4100,4.2,4100,0,12300
CASTROLIND30JAN20127.5CE.NFO,07/01/2020,12:09:18,4.75,2.6,4100,4.2,8200,0,12300
CASTROLIND30JAN20127.5CE.NFO,07/01/2020,12:09:21,4.75,2.65,4100,4.2,4100,0,12300
CASTROLIND30JAN20127.5CE.NFO,07/01/2020,12:09:30,4.75,2.7,4100,4.2,4100,0,12300
CASTROLIND30JAN20127.5CE.NFO,07/01/2020,12:09:34,4.75,2.75,4100,4.2,8200,0,12300
CASTROLIND30JAN20127.5CE.NFO,07/01/2020,12:09:36,4.75,2.75,4100,4.2,4100,0,12300
CASTROLIND30JAN20127.5CE.NFO,07/01/2020,12:09:40,4.75,2.8,4100,4.2,4100,0,12300
CASTROLIND30JAN20127.5CE.NFO,07/01/2020,12:09:43,4.75,2.65,4100,4.15,4100,0,12300
CASTROLIND30JAN20127.5CE.NFO,07/01/2020,12:09:52,4.75,2.65,4100,4.2,4100,0,12300
CASTROLIND30JAN20127.5CE.NFO,07/01/2020,12:09:57,4.75,2.6,4100,4.2,4100,0,12300
CASTROLIND30JAN20127.5CE.NFO,07/01/2020,12:09:59,4.75,2.8,4100,4.2,4100,0,12300
CASTROLIND30JAN20127.5CE.NFO,07/01/2020,12:10:01,4.75,2.75,4100,4.2,4100,0,12300
CASTROLIND30JAN20127.5CE.NFO,07/01/2020,12:10:03,4.75,2.65,4100,4.2,4100,0,12300
CASTROLIND30JAN20127.5CE.NFO,07/01/2020,12:10:08,4.75,2.8,4100,4.2,4100,0,12300
CASTROLIND30JAN20127.5CE.NFO,07/01/2020,12:10:10,4.75,2.75,4100,4.2,4100,0,12300
CASTROLIND30JAN20127.5CE.NFO,07/01/2020,12:10:14,4.75,2.65,4100,4.2,4100,0,12300
CASTROLIND30JAN20127.5CE.NFO,07/01/2020,12:10:17,4.75,2.7,4100,4.2,4100,0,12300
