Ticker,Date,Time,LTP,BuyPrice,BuyQty,SellPrice,SellQty,LTQ,OpenInterest
CENTURYTEX30JAN20540CE.NFO,07/01/2020,09:23:13,3,3,1200,3.15,600,600,0
CENTURYTEX30JAN20540CE.NFO,07/01/2020,09:23:13,3,3,1200,3.15,600,0,0
CENTURYTEX30JAN20540CE.NFO,07/01/2020,09:23:13,3,3,1200,3.15,600,0,0
CENTURYTEX30JAN20540CE.NFO,07/01/2020,09:23:13,3,3,1200,3.15,600,0,0
CENTURYTEX30JAN20540CE.NFO,07/01/2020,09:23:20,3,3,1200,3.2,600,0,34800
CENTURYTEX30JAN20540CE.NFO,07/01/2020,09:23:27,3,3,600,3.2,600,0,34800
CENTURYTEX30JAN20540CE.NFO,07/01/2020,09:27:30,3,3,600,3.1,1200,0,34800
CENTURYTEX30JAN20540CE.NFO,07/01/2020,09:28:07,3,2.85,600,3.1,1200,600,34200
CENTURYTEX30JAN20540CE.NFO,07/01/2020,09:28:14,3,2.85,600,3,1200,0,34200
CENTURYTEX30JAN20540CE.NFO,07/01/2020,09:29:12,3,2.85,600,3,600,0,34200
CENTURYTEX30JAN20540CE.NFO,07/01/2020,09:29:24,3,2.75,1200,3,600,0,34200
CENTURYTEX30JAN20540CE.NFO,07/01/2020,09:29:55,3,2.75,600,3,600,0,34200
CENTURYTEX30JAN20540CE.NFO,07/01/2020,09:30:27,3,2.75,1200,3,600,0,34200
CENTURYTEX30JAN20540CE.NFO,07/01/2020,09:30:32,3,2.7,600,3,600,0,34200
CENTURYTEX30JAN20540CE.NFO,07/01/2020,09:30:37,3,2.7,1200,3,600,0,34200
CENTURYTEX30JAN20540CE.NFO,07/01/2020,09:30:53,3,2.7,600,3,600,0,34200
CENTURYTEX30JAN20540CE.NFO,07/01/2020,09:30:58,3,2.7,1200,3,600,0,34200
CENTURYTEX30JAN20540CE.NFO,07/01/2020,09:33:24,3,2.7,600,2.9,1200,0,34200
CENTURYTEX30JAN20540CE.NFO,07/01/2020,09:33:35,3,2.7,1200,2.9,1200,0,34200
CENTURYTEX30JAN20540CE.NFO,07/01/2020,09:33:40,3,2.7,1200,2.9,600,0,34200
CENTURYTEX30JAN20540CE.NFO,07/01/2020,09:33:56,3,2.65,600,2.9,600,0,34200
CENTURYTEX30JAN20540CE.NFO,07/01/2020,09:34:21,3,2.65,600,2.85,600,0,34200
CENTURYTEX30JAN20540CE.NFO,07/01/2020,09:34:31,3,2.7,1200,2.9,600,0,34200
CENTURYTEX30JAN20540CE.NFO,07/01/2020,09:34:37,3,2.7,600,2.9,600,0,34200
CENTURYTEX30JAN20540CE.NFO,07/01/2020,09:35:44,3,2.65,600,2.85,1200,0,34200
CENTURYTEX30JAN20540CE.NFO,07/01/2020,09:36:16,3,2.7,1200,2.9,600,0,34200
CENTURYTEX30JAN20540CE.NFO,07/01/2020,09:36:42,3,2.7,600,2.9,600,0,34200
CENTURYTEX30JAN20540CE.NFO,07/01/2020,09:36:47,3,2.75,600,2.9,600,0,34200
CENTURYTEX30JAN20540CE.NFO,07/01/2020,09:39:22,3,2.8,600,2.9,600,0,34200
CENTURYTEX30JAN20540CE.NFO,07/01/2020,09:39:28,3,2.75,600,2.9,600,0,34200
CENTURYTEX30JAN20540CE.NFO,07/01/2020,09:42:05,3,2.75,600,2.85,1200,0,34200
CENTURYTEX30JAN20540CE.NFO,07/01/2020,09:42:25,3,2.75,600,2.85,600,0,34200
CENTURYTEX30JAN20540CE.NFO,07/01/2020,09:42:39,3,2.75,600,2.9,600,0,34200
CENTURYTEX30JAN20540CE.NFO,07/01/2020,09:42:52,3,2.75,600,2.85,1200,0,34200
CENTURYTEX30JAN20540CE.NFO,07/01/2020,09:42:57,3,2.75,600,2.85,600,0,34200
CENTURYTEX30JAN20540CE.NFO,07/01/2020,09:43:09,3,2.75,1200,2.85,600,0,34200
CENTURYTEX30JAN20540CE.NFO,07/01/2020,09:43:55,3,2.75,600,2.85,600,0,34200
CENTURYTEX30JAN20540CE.NFO,07/01/2020,09:44:38,3,2.75,600,2.85,1200,0,34200
CENTURYTEX30JAN20540CE.NFO,07/01/2020,09:44:44,3,2.75,600,2.85,600,0,34200
CENTURYTEX30JAN20540CE.NFO,07/01/2020,09:45:05,3,2.8,600,2.95,600,0,34200
CENTURYTEX30JAN20540CE.NFO,07/01/2020,09:45:43,3,2.75,600,2.9,1200,0,34200
CENTURYTEX30JAN20540CE.NFO,07/01/2020,09:45:48,3,2.75,1200,2.9,1200,0,34200
CENTURYTEX30JAN20540CE.NFO,07/01/2020,09:45:52,3,2.75,600,2.9,1200,0,34200
CENTURYTEX30JAN20540CE.NFO,07/01/2020,09:45:57,3,2.75,1200,2.9,1200,0,34200
CENTURYTEX30JAN20540CE.NFO,07/01/2020,09:46:20,3,2.75,600,2.9,1200,0,34200
CENTURYTEX30JAN20540CE.NFO,07/01/2020,09:46:37,3,2.7,600,2.9,1200,0,34200
CENTURYTEX30JAN20540CE.NFO,07/01/2020,09:46:48,3,2.75,600,2.9,1200,0,34200
CENTURYTEX30JAN20540CE.NFO,07/01/2020,09:47:44,3,2.75,1200,2.9,1200,0,34200
CENTURYTEX30JAN20540CE.NFO,07/01/2020,09:48:08,3,2.75,1200,2.9,600,0,34200
CENTURYTEX30JAN20540CE.NFO,07/01/2020,09:48:42,3,2.75,600,2.9,600,0,34200
CENTURYTEX30JAN20540CE.NFO,07/01/2020,09:56:47,3,2.75,600,3,600,0,34200
CENTURYTEX30JAN20540CE.NFO,07/01/2020,09:57:26,3,2.85,1200,3,600,0,34200
CENTURYTEX30JAN20540CE.NFO,07/01/2020,09:58:12,3,2.85,600,3,600,0,34200
CENTURYTEX30JAN20540CE.NFO,07/01/2020,09:58:45,3,2.95,600,3.1,600,0,34200
CENTURYTEX30JAN20540CE.NFO,07/01/2020,09:58:51,3,2.95,600,3.15,1200,0,34200
CENTURYTEX30JAN20540CE.NFO,07/01/2020,09:58:56,3,2.85,600,3.15,1200,0,34200
CENTURYTEX30JAN20540CE.NFO,07/01/2020,09:59:06,3,2.85,600,3.05,1200,0,34200
CENTURYTEX30JAN20540CE.NFO,07/01/2020,09:59:12,3,2.8,600,3.05,1200,0,34200
CENTURYTEX30JAN20540CE.NFO,07/01/2020,09:59:16,3,2.75,1200,3.05,1200,0,34200
CENTURYTEX30JAN20540CE.NFO,07/01/2020,09:59:20,3,2.75,600,3.05,1200,0,34200
CENTURYTEX30JAN20540CE.NFO,07/01/2020,09:59:49,3,2.75,1200,3.05,1200,0,34200
CENTURYTEX30JAN20540CE.NFO,07/01/2020,10:00:10,3,2.75,600,3.05,1200,0,34200
CENTURYTEX30JAN20540CE.NFO,07/01/2020,10:00:15,3,2.75,1200,3.05,1200,0,34200
CENTURYTEX30JAN20540CE.NFO,07/01/2020,10:00:20,3,2.75,600,3.05,1200,0,34200
CENTURYTEX30JAN20540CE.NFO,07/01/2020,10:00:24,3,2.75,1200,3.05,1200,0,34200
CENTURYTEX30JAN20540CE.NFO,07/01/2020,10:02:03,3,2.7,1200,3.05,1200,0,34200
CENTURYTEX30JAN20540CE.NFO,07/01/2020,10:02:09,3,2.7,600,3.05,1200,0,34200
CENTURYTEX30JAN20540CE.NFO,07/01/2020,10:02:14,3,2.75,1200,3.05,1200,0,34200
CENTURYTEX30JAN20540CE.NFO,07/01/2020,10:03:25,3,2.75,600,3.05,1200,0,34200
CENTURYTEX30JAN20540CE.NFO,07/01/2020,10:05:11,3,2.75,1200,3.05,1200,0,34200
CENTURYTEX30JAN20540CE.NFO,07/01/2020,10:06:10,3,2.7,600,3.05,1200,0,34200
CENTURYTEX30JAN20540CE.NFO,07/01/2020,10:06:15,3,2.75,600,3.05,1200,0,34200
CENTURYTEX30JAN20540CE.NFO,07/01/2020,10:06:33,3,2.7,600,3.05,1200,0,34200
CENTURYTEX30JAN20540CE.NFO,07/01/2020,10:06:38,3,2.75,600,3.05,1200,0,34200
CENTURYTEX30JAN20540CE.NFO,07/01/2020,10:07:04,3,2.75,1200,3.05,1200,0,34200
CENTURYTEX30JAN20540CE.NFO,07/01/2020,10:07:15,3,2.75,600,3.05,1200,0,34200
CENTURYTEX30JAN20540CE.NFO,07/01/2020,10:07:25,3,2.75,1200,3.05,1200,0,34200
CENTURYTEX30JAN20540CE.NFO,07/01/2020,10:08:29,3,2.75,1200,3.05,600,0,34200
CENTURYTEX30JAN20540CE.NFO,07/01/2020,10:09:28,3,2.75,600,3.05,600,0,34200
CENTURYTEX30JAN20540CE.NFO,07/01/2020,10:09:45,3,2.75,1200,3.05,600,0,34200
CENTURYTEX30JAN20540CE.NFO,07/01/2020,10:10:31,3,2.75,1200,2.95,1200,0,34200
CENTURYTEX30JAN20540CE.NFO,07/01/2020,10:10:40,3,2.75,600,2.95,1200,0,34200
CENTURYTEX30JAN20540CE.NFO,07/01/2020,10:11:04,3,2.7,1200,2.95,1200,0,34200
CENTURYTEX30JAN20540CE.NFO,07/01/2020,10:12:04,3,2.7,1200,2.95,600,0,34200
CENTURYTEX30JAN20540CE.NFO,07/01/2020,10:14:24,3,2.7,1200,3,1200,0,34200
CENTURYTEX30JAN20540CE.NFO,07/01/2020,10:17:54,3,2.65,600,3,1200,0,34200
CENTURYTEX30JAN20540CE.NFO,07/01/2020,10:17:58,3,2.55,1800,3,1200,0,34200
CENTURYTEX30JAN20540CE.NFO,07/01/2020,10:52:41,3,2.55,1200,3,1200,0,34200
CENTURYTEX30JAN20540CE.NFO,07/01/2020,10:53:30,3,2.6,1800,3,1200,0,34200
CENTURYTEX30JAN20540CE.NFO,07/01/2020,10:54:08,3,2.6,1200,3,1200,0,34200
CENTURYTEX30JAN20540CE.NFO,07/01/2020,10:54:35,3,2.65,1800,3,1200,0,34200
CENTURYTEX30JAN20540CE.NFO,07/01/2020,10:54:40,3,2.65,1200,3,1200,0,34200
CENTURYTEX30JAN20540CE.NFO,07/01/2020,11:01:00,3,2.65,600,3,1200,0,34200
CENTURYTEX30JAN20540CE.NFO,07/01/2020,11:01:36,3,2.65,1200,3,1200,0,34200
CENTURYTEX30JAN20540CE.NFO,07/01/2020,11:03:37,3,2.65,600,3,1200,0,34200
CENTURYTEX30JAN20540CE.NFO,07/01/2020,11:03:44,3,2.65,1200,3,1200,0,34200
CENTURYTEX30JAN20540CE.NFO,07/01/2020,11:06:07,3,2.65,1200,3,600,0,34200
CENTURYTEX30JAN20540CE.NFO,07/01/2020,11:06:40,3,2.65,1200,3,1200,0,34200
CENTURYTEX30JAN20540CE.NFO,07/01/2020,11:11:19,3,2.65,600,3,1200,0,34200
CENTURYTEX30JAN20540CE.NFO,07/01/2020,11:12:53,3,2.75,1200,3,1200,0,34200
CENTURYTEX30JAN20540CE.NFO,07/01/2020,11:13:44,3,2.75,1200,3,600,0,34200
CENTURYTEX30JAN20540CE.NFO,07/01/2020,11:14:54,3,2.85,1200,3,600,0,34200
CENTURYTEX30JAN20540CE.NFO,07/01/2020,11:15:06,3,2.85,600,3,600,0,34200
CENTURYTEX30JAN20540CE.NFO,07/01/2020,11:16:42,3,2.85,600,3.05,600,0,34200
CENTURYTEX30JAN20540CE.NFO,07/01/2020,11:18:38,3,2.9,600,3.1,600,0,34200
CENTURYTEX30JAN20540CE.NFO,07/01/2020,11:20:27,3,3,600,3.2,1200,0,34200
CENTURYTEX30JAN20540CE.NFO,07/01/2020,11:23:01,3,3,600,3.2,600,0,34200
CENTURYTEX30JAN20540CE.NFO,07/01/2020,11:23:11,3,3,600,3.2,1200,0,34200
CENTURYTEX30JAN20540CE.NFO,07/01/2020,11:23:16,3,3,600,3.2,600,0,34200
CENTURYTEX30JAN20540CE.NFO,07/01/2020,11:23:37,3,3.05,1800,3.2,600,0,34200
CENTURYTEX30JAN20540CE.NFO,07/01/2020,11:23:42,3,3.05,1200,3.2,600,0,34200
CENTURYTEX30JAN20540CE.NFO,07/01/2020,11:23:51,3,3.05,1200,3.3,1200,0,34200
CENTURYTEX30JAN20540CE.NFO,07/01/2020,11:23:56,3,3.05,1200,3.25,600,0,34200
CENTURYTEX30JAN20540CE.NFO,07/01/2020,11:25:35,3,3.05,1200,3.25,1200,0,34200
CENTURYTEX30JAN20540CE.NFO,07/01/2020,11:25:43,3,3.1,1200,3.25,600,0,34200
CENTURYTEX30JAN20540CE.NFO,07/01/2020,11:26:58,3,3.1,600,3.25,600,0,34200
CENTURYTEX30JAN20540CE.NFO,07/01/2020,11:28:43,3,3.05,1200,3.25,1200,0,34200
CENTURYTEX30JAN20540CE.NFO,07/01/2020,11:28:59,3,3.05,1200,3.25,600,0,34200
CENTURYTEX30JAN20540CE.NFO,07/01/2020,11:30:06,3,3.05,1200,3.25,600,0,33600
CENTURYTEX30JAN20540CE.NFO,07/01/2020,11:30:35,3,3.05,1200,3.25,1200,0,33600
CENTURYTEX30JAN20540CE.NFO,07/01/2020,11:30:39,3,3.05,600,3.25,1200,0,33600
CENTURYTEX30JAN20540CE.NFO,07/01/2020,11:31:13,3,3.05,600,3.25,600,0,33600
CENTURYTEX30JAN20540CE.NFO,07/01/2020,11:31:22,3,3.05,600,3.2,6000,0,33600
CENTURYTEX30JAN20540CE.NFO,07/01/2020,11:31:26,3,3.1,1200,3.25,6000,0,33600
CENTURYTEX30JAN20540CE.NFO,07/01/2020,11:32:03,3.05,3,600,3.05,2400,3600,33600
CENTURYTEX30JAN20540CE.NFO,07/01/2020,11:32:03,3.1,3,600,3.05,2400,0,33600
CENTURYTEX30JAN20540CE.NFO,07/01/2020,11:32:09,3.05,3,600,3.05,2400,0,33600
CENTURYTEX30JAN20540CE.NFO,07/01/2020,11:32:19,3.05,2.95,1200,3.05,2400,0,33600
CENTURYTEX30JAN20540CE.NFO,07/01/2020,11:32:30,3.05,2.95,600,3,2400,0,33600
CENTURYTEX30JAN20540CE.NFO,07/01/2020,11:34:44,3.05,2.9,600,3,2400,0,33600
CENTURYTEX30JAN20540CE.NFO,07/01/2020,11:39:52,3.05,2.85,600,3,2400,0,33600
CENTURYTEX30JAN20540CE.NFO,07/01/2020,11:41:51,3.05,2.85,600,3,3000,0,33600
CENTURYTEX30JAN20540CE.NFO,07/01/2020,11:41:55,3.05,2.75,600,2.95,1800,0,33600
CENTURYTEX30JAN20540CE.NFO,07/01/2020,11:42:38,3.05,2.75,600,3,2400,0,33600
CENTURYTEX30JAN20540CE.NFO,07/01/2020,11:42:52,3.05,2.75,600,2.95,1200,0,33600
CENTURYTEX30JAN20540CE.NFO,07/01/2020,11:45:04,3.05,2.75,600,2.95,1800,0,33600
CENTURYTEX30JAN20540CE.NFO,07/01/2020,11:48:02,3.05,2.7,600,2.95,1800,0,33600
CENTURYTEX30JAN20540CE.NFO,07/01/2020,11:49:03,3.05,2.7,1200,2.95,1800,0,33600
CENTURYTEX30JAN20540CE.NFO,07/01/2020,11:51:21,3.05,2.7,1200,2.95,1200,0,33600
CENTURYTEX30JAN20540CE.NFO,07/01/2020,11:51:34,3.05,2.7,1200,2.95,600,0,33600
CENTURYTEX30JAN20540CE.NFO,07/01/2020,11:52:19,3.05,2.7,1200,2.9,600,0,33600
CENTURYTEX30JAN20540CE.NFO,07/01/2020,11:52:22,3.05,2.7,1200,2.95,600,0,33600
CENTURYTEX30JAN20540CE.NFO,07/01/2020,11:52:33,3.05,2.7,1200,2.9,600,0,33600
CENTURYTEX30JAN20540CE.NFO,07/01/2020,11:53:00,3.05,2.7,1200,2.95,1200,0,33600
CENTURYTEX30JAN20540CE.NFO,07/01/2020,11:53:29,3.05,2.7,1200,2.95,1800,0,33600
CENTURYTEX30JAN20540CE.NFO,07/01/2020,11:53:59,3.05,2.7,1200,2.95,1200,0,33600
CENTURYTEX30JAN20540CE.NFO,07/01/2020,11:54:03,3.05,2.7,1200,2.95,1800,0,33600
CENTURYTEX30JAN20540CE.NFO,07/01/2020,11:54:30,3.05,2.7,1200,2.95,1200,0,33600
CENTURYTEX30JAN20540CE.NFO,07/01/2020,11:54:43,3.05,2.7,1200,2.95,1800,0,33600
CENTURYTEX30JAN20540CE.NFO,07/01/2020,11:55:03,3.05,2.7,1200,2.8,3600,0,33600
CENTURYTEX30JAN20540CE.NFO,07/01/2020,11:55:22,3.05,2.7,1200,2.75,3600,0,33600
CENTURYTEX30JAN20540CE.NFO,07/01/2020,11:55:28,2.7,2.5,600,2.65,2400,1200,33600
CENTURYTEX30JAN20540CE.NFO,07/01/2020,11:55:28,2.7,2.5,600,2.65,2400,0,33600
CENTURYTEX30JAN20540CE.NFO,07/01/2020,11:55:32,2.7,2.5,600,2.7,3600,0,33600
CENTURYTEX30JAN20540CE.NFO,07/01/2020,11:56:17,2.7,2.5,600,2.65,3600,0,33600
CENTURYTEX30JAN20540CE.NFO,07/01/2020,11:58:57,2.7,2.5,600,2.6,3600,0,33600
CENTURYTEX30JAN20540CE.NFO,07/01/2020,11:59:07,2.7,2.5,600,2.65,3600,0,33600
CENTURYTEX30JAN20540CE.NFO,07/01/2020,12:02:34,2.7,2.5,600,2.7,3600,0,33600
CENTURYTEX30JAN20540CE.NFO,07/01/2020,12:02:40,2.7,2.5,600,2.8,1200,0,33600
CENTURYTEX30JAN20540CE.NFO,07/01/2020,12:08:16,2.7,2.5,600,2.85,1200,0,33600
CENTURYTEX30JAN20540CE.NFO,07/01/2020,12:14:11,2.7,2.5,600,2.85,1800,0,33600
CENTURYTEX30JAN20540CE.NFO,07/01/2020,12:15:56,2.7,2.5,600,2.85,1200,0,33600
CENTURYTEX30JAN20540CE.NFO,07/01/2020,12:16:30,2.7,2.5,600,2.85,1800,0,33600
CENTURYTEX30JAN20540CE.NFO,07/01/2020,12:16:37,2.7,2.5,600,2.85,1200,0,33600
CENTURYTEX30JAN20540CE.NFO,07/01/2020,12:16:43,2.7,2.5,600,2.85,1800,0,33600
CENTURYTEX30JAN20540CE.NFO,07/01/2020,12:16:45,2.7,2.5,600,2.85,1200,0,33600
CENTURYTEX30JAN20540CE.NFO,07/01/2020,12:16:49,2.7,2.5,600,2.85,1800,0,33600
CENTURYTEX30JAN20540CE.NFO,07/01/2020,12:19:52,2.7,2.5,600,2.85,1200,0,33600
CENTURYTEX30JAN20540CE.NFO,07/01/2020,12:19:56,2.7,2.5,600,2.85,1800,0,33600
CENTURYTEX30JAN20540CE.NFO,07/01/2020,12:20:46,2.7,2.5,600,2.85,1200,0,33600
CENTURYTEX30JAN20540CE.NFO,07/01/2020,12:21:24,2.7,2.5,600,2.85,1800,0,33600
CENTURYTEX30JAN20540CE.NFO,07/01/2020,12:22:14,2.7,2.5,600,2.85,1200,0,33600
CENTURYTEX30JAN20540CE.NFO,07/01/2020,12:22:20,2.7,2.6,600,2.85,1200,0,33600
CENTURYTEX30JAN20540CE.NFO,07/01/2020,12:23:11,2.7,2.6,600,2.85,1800,0,33600
CENTURYTEX30JAN20540CE.NFO,07/01/2020,12:23:35,2.7,2.6,600,2.85,1200,0,33600
CENTURYTEX30JAN20540CE.NFO,07/01/2020,12:23:59,2.7,2.6,600,2.85,1800,0,33600
CENTURYTEX30JAN20540CE.NFO,07/01/2020,12:24:36,2.7,2.6,600,2.85,1200,0,33600
CENTURYTEX30JAN20540CE.NFO,07/01/2020,12:24:48,2.7,2.6,600,2.85,1800,0,33600
CENTURYTEX30JAN20540CE.NFO,07/01/2020,12:24:54,2.7,2.6,600,2.85,1200,0,33600
CENTURYTEX30JAN20540CE.NFO,07/01/2020,12:24:57,2.7,2.6,600,2.85,1800,0,33600
CENTURYTEX30JAN20540CE.NFO,07/01/2020,12:25:31,2.7,2.6,600,2.85,1200,0,33600
CENTURYTEX30JAN20540CE.NFO,07/01/2020,12:25:40,2.7,2.6,600,2.85,1800,0,33600
CENTURYTEX30JAN20540CE.NFO,07/01/2020,12:25:44,2.7,2.6,600,2.85,1200,0,33600
CENTURYTEX30JAN20540CE.NFO,07/01/2020,12:26:13,2.7,2.6,600,2.85,1800,0,33600
CENTURYTEX30JAN20540CE.NFO,07/01/2020,12:26:16,2.7,2.6,600,2.85,1200,0,33600
CENTURYTEX30JAN20540CE.NFO,07/01/2020,12:26:22,2.7,2.6,600,2.85,1800,0,33600
CENTURYTEX30JAN20540CE.NFO,07/01/2020,12:26:41,2.85,2.5,600,2.85,1200,600,33600
CENTURYTEX30JAN20540CE.NFO,07/01/2020,12:26:46,2.85,2.5,600,2.85,1200,0,33600
CENTURYTEX30JAN20540CE.NFO,07/01/2020,12:28:02,2.85,2.5,600,2.85,600,0,33600
CENTURYTEX30JAN20540CE.NFO,07/01/2020,12:28:53,2.85,2.5,600,2.85,1200,0,33600
CENTURYTEX30JAN20540CE.NFO,07/01/2020,12:34:33,2.85,2.5,600,2.85,600,0,33600
CENTURYTEX30JAN20540CE.NFO,07/01/2020,12:36:18,2.85,2.5,600,2.85,1200,0,33600
CENTURYTEX30JAN20540CE.NFO,07/01/2020,12:37:31,2.85,2.5,600,2.85,600,0,33600
CENTURYTEX30JAN20540CE.NFO,07/01/2020,12:41:00,2.85,2.5,600,2.85,1200,0,33600
CENTURYTEX30JAN20540CE.NFO,07/01/2020,12:41:04,2.85,2.5,600,2.85,600,0,33600
CENTURYTEX30JAN20540CE.NFO,07/01/2020,12:42:35,2.85,2.5,600,2.85,1200,0,33600
CENTURYTEX30JAN20540CE.NFO,07/01/2020,12:42:52,2.85,2.5,600,2.85,600,0,33600
CENTURYTEX30JAN20540CE.NFO,07/01/2020,12:42:55,2.85,2.5,600,2.85,1200,0,33600
CENTURYTEX30JAN20540CE.NFO,07/01/2020,12:44:12,2.85,2.5,600,2.85,600,0,33600
CENTURYTEX30JAN20540CE.NFO,07/01/2020,12:44:36,2.85,2.5,600,2.85,1200,0,33600
CENTURYTEX30JAN20540CE.NFO,07/01/2020,12:44:42,2.85,2.5,600,2.85,600,0,33600
CENTURYTEX30JAN20540CE.NFO,07/01/2020,12:45:41,2.85,2.5,600,2.85,1200,0,33600
CENTURYTEX30JAN20540CE.NFO,07/01/2020,12:45:50,2.85,2.5,600,2.85,600,0,33600
CENTURYTEX30JAN20540CE.NFO,07/01/2020,12:46:01,2.85,2.5,600,2.85,1200,0,33600
CENTURYTEX30JAN20540CE.NFO,07/01/2020,12:48:14,2.85,2.5,600,2.85,600,0,33600
CENTURYTEX30JAN20540CE.NFO,07/01/2020,12:53:25,2.85,2.5,600,2.85,1200,0,33600
CENTURYTEX30JAN20540CE.NFO,07/01/2020,12:53:28,2.85,2.5,600,2.85,600,0,33600
CENTURYTEX30JAN20540CE.NFO,07/01/2020,12:53:32,2.85,2.5,600,2.85,1200,0,33600
CENTURYTEX30JAN20540CE.NFO,07/01/2020,12:54:10,2.85,2.5,600,2.85,600,0,33600
CENTURYTEX30JAN20540CE.NFO,07/01/2020,12:56:48,2.85,2.5,1200,2.85,600,0,33600
CENTURYTEX30JAN20540CE.NFO,07/01/2020,12:57:31,2.85,2.5,1200,2.85,1200,0,33600
CENTURYTEX30JAN20540CE.NFO,07/01/2020,13:46:50,2.85,2.5,1200,2.85,600,0,33600
CENTURYTEX30JAN20540CE.NFO,07/01/2020,13:48:46,2.85,2.5,1200,2.75,1200,0,33600
CENTURYTEX30JAN20540CE.NFO,07/01/2020,13:50:37,2.85,2.5,1200,2.75,600,0,33600
CENTURYTEX30JAN20540CE.NFO,07/01/2020,13:50:58,2.85,2.5,1200,2.7,1800,0,33600
CENTURYTEX30JAN20540CE.NFO,07/01/2020,13:51:11,2.85,2.5,1200,2.7,1200,0,33600
CENTURYTEX30JAN20540CE.NFO,07/01/2020,13:55:04,2.85,2.5,1200,2.7,600,0,33600
CENTURYTEX30JAN20540CE.NFO,07/01/2020,13:58:20,2.85,2.5,1200,2.6,600,0,33600
CENTURYTEX30JAN20540CE.NFO,07/01/2020,14:00:48,2.85,2.5,1200,2.65,1800,0,33600
CENTURYTEX30JAN20540CE.NFO,07/01/2020,14:02:31,2.85,2.5,1200,2.65,1200,0,33600
CENTURYTEX30JAN20540CE.NFO,07/01/2020,14:03:43,2.85,2.5,1200,2.65,600,0,33600
CENTURYTEX30JAN20540CE.NFO,07/01/2020,14:04:59,2.85,2.5,1200,2.6,1200,0,33600
CENTURYTEX30JAN20540CE.NFO,07/01/2020,14:05:58,2.85,2.5,1200,2.6,600,0,33600
CENTURYTEX30JAN20540CE.NFO,07/01/2020,14:07:01,2.85,2.5,1200,2.65,600,0,33600
CENTURYTEX30JAN20540CE.NFO,07/01/2020,14:10:03,2.85,2.5,1200,2.7,600,0,33600
CENTURYTEX30JAN20540CE.NFO,07/01/2020,14:10:10,2.85,2.5,1200,2.65,1200,0,33600
CENTURYTEX30JAN20540CE.NFO,07/01/2020,14:11:16,2.85,2.5,1200,2.65,600,0,33600
CENTURYTEX30JAN20540CE.NFO,07/01/2020,14:11:24,2.85,2.5,1200,2.65,1200,0,33600
CENTURYTEX30JAN20540CE.NFO,07/01/2020,14:11:30,2.85,2.5,1200,2.65,600,0,33600
CENTURYTEX30JAN20540CE.NFO,07/01/2020,14:11:46,2.85,2.5,1200,2.65,1200,0,33600
CENTURYTEX30JAN20540CE.NFO,07/01/2020,14:12:00,2.85,2.5,1200,2.65,600,0,33600
CENTURYTEX30JAN20540CE.NFO,07/01/2020,14:12:34,2.85,2.5,1200,2.65,1200,0,33600
CENTURYTEX30JAN20540CE.NFO,07/01/2020,14:12:36,2.85,2.5,1200,2.65,600,0,33600
CENTURYTEX30JAN20540CE.NFO,07/01/2020,14:12:55,2.85,2.5,1200,2.65,1200,0,33600
CENTURYTEX30JAN20540CE.NFO,07/01/2020,14:13:16,2.85,2.5,1200,2.65,600,0,33600
CENTURYTEX30JAN20540CE.NFO,07/01/2020,14:14:01,2.85,2.5,1200,2.7,600,0,33600
CENTURYTEX30JAN20540CE.NFO,07/01/2020,14:14:16,2.85,2.5,1200,2.7,1200,0,33600
CENTURYTEX30JAN20540CE.NFO,07/01/2020,14:14:36,2.85,2.5,1200,2.7,600,0,33600
CENTURYTEX30JAN20540CE.NFO,07/01/2020,14:15:03,2.85,2.5,1200,2.75,600,0,33600
CENTURYTEX30JAN20540CE.NFO,07/01/2020,14:16:00,2.85,2.5,1200,2.7,600,0,33600
CENTURYTEX30JAN20540CE.NFO,07/01/2020,14:17:10,2.85,2.5,1200,2.7,1200,0,33600
CENTURYTEX30JAN20540CE.NFO,07/01/2020,14:17:19,2.85,2.5,1200,2.7,600,0,33600
CENTURYTEX30JAN20540CE.NFO,07/01/2020,14:17:23,2.85,2.5,1200,2.7,1200,0,33600
CENTURYTEX30JAN20540CE.NFO,07/01/2020,14:17:33,2.85,2.5,1200,2.7,600,0,33600
CENTURYTEX30JAN20540CE.NFO,07/01/2020,14:18:32,2.85,2.5,1200,2.7,1200,0,33600
CENTURYTEX30JAN20540CE.NFO,07/01/2020,14:20:18,2.85,2.5,1200,2.7,600,0,33600
CENTURYTEX30JAN20540CE.NFO,07/01/2020,14:24:31,2.85,2.5,1200,2.65,1200,0,33600
CENTURYTEX30JAN20540CE.NFO,07/01/2020,14:24:36,2.85,2.5,1200,2.65,600,0,33600
CENTURYTEX30JAN20540CE.NFO,07/01/2020,14:27:08,2.85,2.5,1200,2.7,600,0,33600
CENTURYTEX30JAN20540CE.NFO,07/01/2020,14:27:14,2.85,2.5,1200,2.75,600,0,33600
CENTURYTEX30JAN20540CE.NFO,07/01/2020,14:27:49,2.85,2.5,1200,2.7,1200,0,33600
CENTURYTEX30JAN20540CE.NFO,07/01/2020,14:27:54,2.85,2.5,1200,2.7,600,0,33600
CENTURYTEX30JAN20540CE.NFO,07/01/2020,14:28:09,2.85,2.5,1200,2.75,600,0,33600
CENTURYTEX30JAN20540CE.NFO,07/01/2020,14:28:12,2.85,2.5,1200,2.75,1200,0,33600
CENTURYTEX30JAN20540CE.NFO,07/01/2020,14:28:58,2.85,2.5,1200,2.75,600,0,33600
CENTURYTEX30JAN20540CE.NFO,07/01/2020,14:29:01,2.85,2.5,1200,2.75,1200,0,33600
CENTURYTEX30JAN20540CE.NFO,07/01/2020,14:30:22,2.85,2.5,1200,2.75,600,0,33600
CENTURYTEX30JAN20540CE.NFO,07/01/2020,14:30:27,2.85,2.5,1200,2.8,600,0,33600
CENTURYTEX30JAN20540CE.NFO,07/01/2020,14:30:53,2.85,2.5,1200,2.8,1200,0,33600
CENTURYTEX30JAN20540CE.NFO,07/01/2020,14:31:08,2.85,2.5,1200,2.85,600,0,33600
CENTURYTEX30JAN20540CE.NFO,07/01/2020,14:31:42,2.85,2.5,1200,2.8,1800,0,33600
CENTURYTEX30JAN20540CE.NFO,07/01/2020,14:31:54,2.85,2.5,1200,2.8,1200,0,33600
CENTURYTEX30JAN20540CE.NFO,07/01/2020,14:32:41,2.85,2.5,1200,2.8,600,0,33600
CENTURYTEX30JAN20540CE.NFO,07/01/2020,14:33:51,2.85,2.5,1200,2.8,1200,0,33600
CENTURYTEX30JAN20540CE.NFO,07/01/2020,14:39:13,2.85,2.5,1200,2.9,1200,0,33600
CENTURYTEX30JAN20540CE.NFO,07/01/2020,14:39:18,2.85,2.5,1200,2.9,600,0,33600
CENTURYTEX30JAN20540CE.NFO,07/01/2020,14:39:31,2.85,2.5,1200,2.95,1200,0,33600
CENTURYTEX30JAN20540CE.NFO,07/01/2020,14:40:06,2.85,2.5,1200,2.85,600,0,33600
CENTURYTEX30JAN20540CE.NFO,07/01/2020,14:42:27,2.85,2.5,1200,2.8,600,0,33600
CENTURYTEX30JAN20540CE.NFO,07/01/2020,14:42:40,2.85,2.5,1200,2.8,1200,0,33600
CENTURYTEX30JAN20540CE.NFO,07/01/2020,14:42:51,2.85,2.5,1200,2.8,600,0,33600
CENTURYTEX30JAN20540CE.NFO,07/01/2020,14:42:56,2.85,2.5,1200,2.8,1200,0,33600
CENTURYTEX30JAN20540CE.NFO,07/01/2020,14:43:00,2.85,2.5,1200,2.8,600,0,33600
CENTURYTEX30JAN20540CE.NFO,07/01/2020,14:43:30,2.85,2.5,1200,2.8,1200,0,33600
CENTURYTEX30JAN20540CE.NFO,07/01/2020,14:50:43,2.85,2.5,1200,2.8,600,0,33600
CENTURYTEX30JAN20540CE.NFO,07/01/2020,14:50:47,2.85,2.5,1200,2.8,1200,0,33600
CENTURYTEX30JAN20540CE.NFO,07/01/2020,14:51:15,2.85,2.5,1200,2.8,600,0,33600
CENTURYTEX30JAN20540CE.NFO,07/01/2020,14:51:23,2.85,2.5,1200,2.8,1200,0,33600
CENTURYTEX30JAN20540CE.NFO,07/01/2020,14:52:14,2.85,2.5,1200,2.8,600,0,33600
CENTURYTEX30JAN20540CE.NFO,07/01/2020,14:52:19,2.85,2.5,1200,2.8,1200,0,33600
CENTURYTEX30JAN20540CE.NFO,07/01/2020,14:52:44,2.85,2.5,1200,2.8,600,0,33600
CENTURYTEX30JAN20540CE.NFO,07/01/2020,14:52:51,2.85,2.5,1200,2.8,1200,0,33600
CENTURYTEX30JAN20540CE.NFO,07/01/2020,14:52:54,2.85,2.5,1200,2.8,600,0,33600
CENTURYTEX30JAN20540CE.NFO,07/01/2020,14:54:48,2.85,2.5,1200,2.8,1200,0,33600
CENTURYTEX30JAN20540CE.NFO,07/01/2020,14:55:16,2.85,2.5,1200,2.8,600,0,33600
CENTURYTEX30JAN20540CE.NFO,07/01/2020,14:55:51,2.85,2.5,1200,2.8,1200,0,33600
CENTURYTEX30JAN20540CE.NFO,07/01/2020,14:55:55,2.85,2.5,1200,2.8,600,0,33600
CENTURYTEX30JAN20540CE.NFO,07/01/2020,14:56:02,2.85,2.5,1200,2.8,1200,0,33600
CENTURYTEX30JAN20540CE.NFO,07/01/2020,14:56:18,2.85,2.5,1200,2.8,600,0,33600
CENTURYTEX30JAN20540CE.NFO,07/01/2020,14:57:21,2.85,2.5,1200,2.8,1200,0,33600
CENTURYTEX30JAN20540CE.NFO,07/01/2020,14:58:17,2.85,2.5,1200,2.8,600,0,33600
CENTURYTEX30JAN20540CE.NFO,07/01/2020,14:58:23,2.85,2.5,1200,2.8,1200,0,33600
CENTURYTEX30JAN20540CE.NFO,07/01/2020,14:58:42,2.85,2.5,1200,2.8,600,0,33600
CENTURYTEX30JAN20540CE.NFO,07/01/2020,14:58:49,2.85,2.5,1200,2.8,1200,0,33600
CENTURYTEX30JAN20540CE.NFO,07/01/2020,15:00:02,2.85,2.5,1200,2.8,600,0,33600
CENTURYTEX30JAN20540CE.NFO,07/01/2020,15:00:41,2.85,2.5,1200,2.8,1200,0,33600
CENTURYTEX30JAN20540CE.NFO,07/01/2020,15:12:32,2.85,2.5,1200,2.8,600,0,33600
CENTURYTEX30JAN20540CE.NFO,07/01/2020,15:13:02,2.85,2.5,1200,2.75,1200,0,33600
CENTURYTEX30JAN20540CE.NFO,07/01/2020,15:13:11,2.85,2.5,1200,2.8,600,0,33600
CENTURYTEX30JAN20540CE.NFO,07/01/2020,15:13:27,2.85,2.5,1200,2.75,1200,0,33600
CENTURYTEX30JAN20540CE.NFO,07/01/2020,15:13:32,2.85,2.5,1200,2.75,600,0,33600
CENTURYTEX30JAN20540CE.NFO,07/01/2020,15:13:37,2.85,2.5,1200,2.75,1200,0,33600
CENTURYTEX30JAN20540CE.NFO,07/01/2020,15:13:47,2.85,2.5,1200,2.75,600,0,33600
CENTURYTEX30JAN20540CE.NFO,07/01/2020,15:13:52,2.85,2.5,1200,2.75,1200,0,33600
CENTURYTEX30JAN20540CE.NFO,07/01/2020,15:14:01,2.85,2.5,1200,2.75,600,0,33600
CENTURYTEX30JAN20540CE.NFO,07/01/2020,15:14:26,2.85,2.5,1200,2.75,1200,0,33600
CENTURYTEX30JAN20540CE.NFO,07/01/2020,15:14:35,2.85,2.5,1200,2.75,600,0,33600
CENTURYTEX30JAN20540CE.NFO,07/01/2020,15:14:39,2.85,2.5,1200,2.75,1200,0,33600
CENTURYTEX30JAN20540CE.NFO,07/01/2020,15:15:54,2.85,2.5,1200,2.75,600,0,33600
CENTURYTEX30JAN20540CE.NFO,07/01/2020,15:16:48,2.85,2.5,1200,2.8,600,0,33600
CENTURYTEX30JAN20540CE.NFO,07/01/2020,15:17:05,2.75,2.55,600,2.8,600,1200,33000
CENTURYTEX30JAN20540CE.NFO,07/01/2020,15:17:10,2.8,2.65,600,2.9,1200,600,33000
CENTURYTEX30JAN20540CE.NFO,07/01/2020,15:17:16,2.8,2.6,1800,2.9,1200,0,33000
CENTURYTEX30JAN20540CE.NFO,07/01/2020,15:18:10,2.8,2.6,1200,2.9,1200,0,33000
CENTURYTEX30JAN20540CE.NFO,07/01/2020,15:18:31,2.8,2.65,1200,2.9,1200,0,33000
CENTURYTEX30JAN20540CE.NFO,07/01/2020,15:18:36,2.8,2.65,600,2.9,1200,0,33000
CENTURYTEX30JAN20540CE.NFO,07/01/2020,15:20:23,2.8,2.65,1200,2.9,1200,0,33000
CENTURYTEX30JAN20540CE.NFO,07/01/2020,15:20:54,2.8,2.65,600,2.9,1200,0,33000
CENTURYTEX30JAN20540CE.NFO,07/01/2020,15:20:59,2.8,2.65,1200,2.9,1200,0,33000
CENTURYTEX30JAN20540CE.NFO,07/01/2020,15:21:30,2.8,2.65,1200,2.9,600,0,33000
CENTURYTEX30JAN20540CE.NFO,07/01/2020,15:22:05,2.8,2.65,1200,3,1200,0,33000
CENTURYTEX30JAN20540CE.NFO,07/01/2020,15:22:16,2.8,2.65,1200,3,600,0,33000
CENTURYTEX30JAN20540CE.NFO,07/01/2020,15:24:24,2.8,2.65,600,3,600,0,33000
CENTURYTEX30JAN20540CE.NFO,07/01/2020,15:25:15,2.8,2.75,600,3,600,0,33000
CENTURYTEX30JAN20540CE.NFO,07/01/2020,15:25:24,2.8,2.7,1200,3,600,0,33000
CENTURYTEX30JAN20540CE.NFO,07/01/2020,15:25:34,2.8,2.7,600,3,600,0,33000
CENTURYTEX30JAN20540CE.NFO,07/01/2020,15:26:00,2.8,2.7,1200,3,600,0,33000
CENTURYTEX30JAN20540CE.NFO,07/01/2020,15:26:19,2.8,2.7,600,3,600,0,33000
CENTURYTEX30JAN20540CE.NFO,07/01/2020,15:27:52,2.8,2.65,600,3,600,0,33000
CENTURYTEX30JAN20540CE.NFO,07/01/2020,15:28:02,2.8,2.6,600,3,600,0,33000
CENTURYTEX30JAN20540CE.NFO,07/01/2020,15:28:13,2.8,2.65,600,3,600,0,33000
CENTURYTEX30JAN20540CE.NFO,07/01/2020,15:28:23,2.8,2.6,600,3,600,0,33000
CENTURYTEX30JAN20540CE.NFO,07/01/2020,15:28:28,2.8,2.65,600,3,600,0,33000
CENTURYTEX30JAN20540CE.NFO,07/01/2020,15:29:07,2.8,2.6,1200,3,600,0,33000
CENTURYTEX30JAN20540CE.NFO,07/01/2020,15:29:22,2.8,2.6,600,3,600,0,33000
CENTURYTEX30JAN20540CE.NFO,07/01/2020,15:29:34,2.8,2.65,600,3.7,600,0,33000
CENTURYTEX30JAN20540CE.NFO,07/01/2020,15:29:46,2.8,2.65,1200,3.7,600,0,33000
CENTURYTEX30JAN20540CE.NFO,07/01/2020,15:29:51,2.8,2.65,600,3.7,600,0,33000
