Ticker,Date,Time,LTP,BuyPrice,BuyQty,SellPrice,SellQty,LTQ,OpenInterest
CIPLA30JAN20510CE.NFO,07/01/2020,09:26:07,2.8,2.5,2300,2.8,2300,1150,69000
CIPLA30JAN20510CE.NFO,07/01/2020,09:26:07,2.8,2.5,2300,2.8,2300,0,69000
CIPLA30JAN20510CE.NFO,07/01/2020,09:26:07,2.8,2.5,2300,2.8,2300,0,69000
CIPLA30JAN20510CE.NFO,07/01/2020,09:26:07,2.8,2.5,2300,2.8,2300,0,69000
CIPLA30JAN20510CE.NFO,07/01/2020,09:26:15,2.8,2.5,2300,2.8,2300,0,69000
CIPLA30JAN20510CE.NFO,07/01/2020,09:26:21,2.8,2.5,2300,2.8,1150,1150,69000
CIPLA30JAN20510CE.NFO,07/01/2020,09:26:32,2.8,2.5,2300,2.8,1150,0,69000
CIPLA30JAN20510CE.NFO,07/01/2020,09:28:14,2.8,2.4,2300,2.8,1150,0,69000
CIPLA30JAN20510CE.NFO,07/01/2020,09:28:26,2.8,2.4,2300,2.7,2300,0,69000
CIPLA30JAN20510CE.NFO,07/01/2020,09:29:18,2.8,2.4,2300,2.7,1150,0,69000
CIPLA30JAN20510CE.NFO,07/01/2020,09:29:42,2.8,2.5,2300,2.75,2300,0,69000
CIPLA30JAN20510CE.NFO,07/01/2020,09:30:07,2.8,2.5,2300,2.8,1150,0,69000
CIPLA30JAN20510CE.NFO,07/01/2020,09:32:27,2.8,2.6,2300,2.8,1150,0,69000
CIPLA30JAN20510CE.NFO,07/01/2020,09:33:01,2.8,2.6,2300,2.85,2300,0,69000
CIPLA30JAN20510CE.NFO,07/01/2020,09:33:06,2.8,2.6,2300,2.9,2300,0,69000
CIPLA30JAN20510CE.NFO,07/01/2020,09:33:18,2.8,2.7,2300,2.9,2300,0,69000
CIPLA30JAN20510CE.NFO,07/01/2020,09:34:56,2.8,2.7,2300,2.9,1150,0,69000
CIPLA30JAN20510CE.NFO,07/01/2020,09:36:22,2.8,2.75,2300,3.05,3450,0,69000
CIPLA30JAN20510CE.NFO,07/01/2020,09:36:37,2.8,2.75,1150,3.05,3450,0,69000
CIPLA30JAN20510CE.NFO,07/01/2020,09:37:56,2.8,2.8,2300,3.05,3450,0,69000
CIPLA30JAN20510CE.NFO,07/01/2020,09:38:29,2.8,2.8,1150,3.05,3450,0,69000
CIPLA30JAN20510CE.NFO,07/01/2020,09:39:02,2.8,2.75,1150,2.95,3450,0,69000
CIPLA30JAN20510CE.NFO,07/01/2020,09:39:16,2.8,2.8,1150,2.95,1150,0,69000
CIPLA30JAN20510CE.NFO,07/01/2020,09:42:11,2.8,2.65,2300,2.85,2300,0,69000
CIPLA30JAN20510CE.NFO,07/01/2020,09:43:55,2.8,2.65,2300,2.85,1150,0,69000
CIPLA30JAN20510CE.NFO,07/01/2020,09:44:06,2.8,2.7,3450,2.9,2300,0,69000
CIPLA30JAN20510CE.NFO,07/01/2020,09:44:44,2.8,2.7,2300,2.9,2300,0,69000
CIPLA30JAN20510CE.NFO,07/01/2020,09:47:27,2.8,2.7,2300,2.9,1150,0,69000
CIPLA30JAN20510CE.NFO,07/01/2020,09:48:50,2.8,2.7,2300,2.95,1150,0,69000
CIPLA30JAN20510CE.NFO,07/01/2020,09:49:39,2.8,2.7,2300,2.9,2300,0,69000
CIPLA30JAN20510CE.NFO,07/01/2020,09:52:26,2.8,2.7,1150,2.9,2300,0,69000
CIPLA30JAN20510CE.NFO,07/01/2020,09:52:45,2.8,2.65,2300,2.9,3450,0,69000
CIPLA30JAN20510CE.NFO,07/01/2020,09:52:50,2.8,2.65,2300,2.9,2300,0,69000
CIPLA30JAN20510CE.NFO,07/01/2020,09:53:06,2.8,2.65,1150,2.9,2300,0,69000
CIPLA30JAN20510CE.NFO,07/01/2020,10:01:30,2.8,2.65,1150,2.7,1150,0,69000
CIPLA30JAN20510CE.NFO,07/01/2020,10:01:42,2.65,2.6,2300,2.8,1150,1150,70150
CIPLA30JAN20510CE.NFO,07/01/2020,10:01:42,2.65,2.6,2300,2.8,1150,0,70150
CIPLA30JAN20510CE.NFO,07/01/2020,10:01:53,2.6,2.6,1150,2.8,1150,1150,70150
CIPLA30JAN20510CE.NFO,07/01/2020,10:01:53,2.6,2.6,1150,2.8,1150,0,70150
CIPLA30JAN20510CE.NFO,07/01/2020,10:01:58,2.6,2.6,1150,2.8,1150,0,70150
CIPLA30JAN20510CE.NFO,07/01/2020,10:02:03,2.6,2.55,3450,2.7,1150,0,70150
CIPLA30JAN20510CE.NFO,07/01/2020,10:02:14,2.55,2.55,1150,2.7,1150,1150,70150
CIPLA30JAN20510CE.NFO,07/01/2020,10:02:14,2.55,2.55,1150,2.7,1150,0,70150
CIPLA30JAN20510CE.NFO,07/01/2020,10:02:20,2.55,2.55,1150,2.7,1150,0,70150
CIPLA30JAN20510CE.NFO,07/01/2020,10:02:25,2.55,2.5,2300,2.65,2300,1150,71300
CIPLA30JAN20510CE.NFO,07/01/2020,10:02:36,2.55,2.5,2300,2.65,1150,0,71300
CIPLA30JAN20510CE.NFO,07/01/2020,10:02:41,2.55,2.5,2300,2.7,1150,0,71300
CIPLA30JAN20510CE.NFO,07/01/2020,10:03:21,2.55,2.55,2300,2.7,1150,0,71300
CIPLA30JAN20510CE.NFO,07/01/2020,10:03:30,2.55,2.5,2300,2.7,1150,0,71300
CIPLA30JAN20510CE.NFO,07/01/2020,10:03:40,2.5,2.5,1150,2.7,1150,1150,71300
CIPLA30JAN20510CE.NFO,07/01/2020,10:03:40,2.5,2.5,1150,2.7,1150,0,71300
CIPLA30JAN20510CE.NFO,07/01/2020,10:03:54,2.5,2.5,1150,2.7,1150,0,71300
CIPLA30JAN20510CE.NFO,07/01/2020,10:04:17,2.5,2.55,1150,2.7,1150,0,71300
CIPLA30JAN20510CE.NFO,07/01/2020,10:04:35,2.5,2.5,1150,2.7,1150,0,71300
CIPLA30JAN20510CE.NFO,07/01/2020,10:05:39,2.5,2.45,1150,2.6,1150,0,71300
CIPLA30JAN20510CE.NFO,07/01/2020,10:07:25,2.5,2.45,1150,2.65,3450,0,71300
CIPLA30JAN20510CE.NFO,07/01/2020,10:08:05,2.5,2.5,3450,2.65,2300,0,71300
CIPLA30JAN20510CE.NFO,07/01/2020,10:08:52,2.5,2.5,3450,2.65,1150,0,71300
CIPLA30JAN20510CE.NFO,07/01/2020,10:09:06,2.5,2.5,3450,2.7,2300,0,71300
CIPLA30JAN20510CE.NFO,07/01/2020,10:09:18,2.5,2.5,3450,2.65,3450,0,71300
CIPLA30JAN20510CE.NFO,07/01/2020,10:09:46,2.5,2.5,3450,2.65,2300,0,71300
CIPLA30JAN20510CE.NFO,07/01/2020,10:10:04,2.5,2.5,3450,2.7,1150,0,71300
CIPLA30JAN20510CE.NFO,07/01/2020,10:10:10,2.5,2.5,3450,2.65,2300,0,71300
CIPLA30JAN20510CE.NFO,07/01/2020,10:10:16,2.5,2.5,2300,2.65,2300,0,71300
CIPLA30JAN20510CE.NFO,07/01/2020,10:10:37,2.5,2.5,1150,2.65,2300,0,71300
CIPLA30JAN20510CE.NFO,07/01/2020,10:10:47,2.5,2.45,1150,2.65,2300,0,71300
CIPLA30JAN20510CE.NFO,07/01/2020,10:13:48,2.5,2.5,2300,2.7,1150,0,71300
CIPLA30JAN20510CE.NFO,07/01/2020,10:13:54,2.5,2.5,1150,2.65,3450,0,71300
CIPLA30JAN20510CE.NFO,07/01/2020,10:14:24,2.5,2.5,1150,2.65,2300,0,71300
CIPLA30JAN20510CE.NFO,07/01/2020,10:14:29,2.5,2.5,1150,2.65,1150,0,71300
CIPLA30JAN20510CE.NFO,07/01/2020,10:14:34,2.5,2.5,1150,2.65,2300,0,71300
CIPLA30JAN20510CE.NFO,07/01/2020,10:15:54,2.5,2.45,1150,2.65,2300,0,71300
CIPLA30JAN20510CE.NFO,07/01/2020,10:16:49,2.45,2.45,2300,2.65,2300,1150,67850
CIPLA30JAN20510CE.NFO,07/01/2020,10:16:49,2.45,2.45,2300,2.65,2300,0,67850
CIPLA30JAN20510CE.NFO,07/01/2020,10:18:13,2.45,2.45,2300,2.65,1150,0,67850
CIPLA30JAN20510CE.NFO,07/01/2020,10:20:43,2.45,2.45,2300,2.6,2300,0,67850
CIPLA30JAN20510CE.NFO,07/01/2020,10:20:52,2.45,2.45,2300,2.6,1150,0,67850
CIPLA30JAN20510CE.NFO,07/01/2020,10:21:02,2.45,2.45,2300,2.6,2300,0,67850
CIPLA30JAN20510CE.NFO,07/01/2020,10:21:06,2.45,2.45,2300,2.6,1150,0,67850
CIPLA30JAN20510CE.NFO,07/01/2020,10:21:53,2.45,2.45,2300,2.6,2300,0,67850
CIPLA30JAN20510CE.NFO,07/01/2020,10:22:01,2.45,2.45,2300,2.6,1150,0,67850
CIPLA30JAN20510CE.NFO,07/01/2020,10:22:05,2.45,2.45,2300,2.6,2300,0,67850
CIPLA30JAN20510CE.NFO,07/01/2020,10:22:31,2.45,2.45,2300,2.65,1150,0,67850
CIPLA30JAN20510CE.NFO,07/01/2020,10:22:35,2.45,2.45,2300,2.6,1150,0,67850
CIPLA30JAN20510CE.NFO,07/01/2020,10:22:45,2.45,2.45,2300,2.6,2300,0,67850
CIPLA30JAN20510CE.NFO,07/01/2020,10:22:57,2.45,2.45,1150,2.6,2300,0,67850
CIPLA30JAN20510CE.NFO,07/01/2020,10:23:02,2.45,2.45,2300,2.6,3450,1150,69000
CIPLA30JAN20510CE.NFO,07/01/2020,10:23:08,2.45,2.45,2300,2.6,2300,0,69000
CIPLA30JAN20510CE.NFO,07/01/2020,10:23:29,2.45,2.45,2300,2.6,3450,0,69000
CIPLA30JAN20510CE.NFO,07/01/2020,10:23:46,2.45,2.45,2300,2.6,2300,0,69000
CIPLA30JAN20510CE.NFO,07/01/2020,10:23:51,2.45,2.45,2300,2.6,3450,0,69000
CIPLA30JAN20510CE.NFO,07/01/2020,10:23:55,2.45,2.45,2300,2.6,2300,0,69000
CIPLA30JAN20510CE.NFO,07/01/2020,10:23:59,2.45,2.45,2300,2.6,3450,0,69000
CIPLA30JAN20510CE.NFO,07/01/2020,10:24:04,2.45,2.45,2300,2.6,2300,0,69000
CIPLA30JAN20510CE.NFO,07/01/2020,10:25:05,2.45,2.45,2300,2.6,3450,0,69000
CIPLA30JAN20510CE.NFO,07/01/2020,10:25:52,2.45,2.45,2300,2.6,2300,0,69000
CIPLA30JAN20510CE.NFO,07/01/2020,10:26:00,2.45,2.45,2300,2.6,3450,0,69000
CIPLA30JAN20510CE.NFO,07/01/2020,10:27:35,2.45,2.45,2300,2.55,2300,0,69000
CIPLA30JAN20510CE.NFO,07/01/2020,10:27:38,2.45,2.45,2300,2.55,1150,0,69000
CIPLA30JAN20510CE.NFO,07/01/2020,10:28:06,2.45,2.45,2300,2.5,1150,0,69000
CIPLA30JAN20510CE.NFO,07/01/2020,10:32:52,2.5,2.45,2300,2.6,2300,1150,69000
CIPLA30JAN20510CE.NFO,07/01/2020,10:32:55,2.5,2.45,2300,2.6,1150,0,70150
CIPLA30JAN20510CE.NFO,07/01/2020,10:33:03,2.5,2.45,2300,2.6,2300,0,70150
CIPLA30JAN20510CE.NFO,07/01/2020,10:33:16,2.5,2.45,2300,2.6,2300,1150,70150
CIPLA30JAN20510CE.NFO,07/01/2020,10:33:29,2.5,2.45,2300,2.6,1150,0,70150
CIPLA30JAN20510CE.NFO,07/01/2020,10:33:51,2.5,2.45,2300,2.6,2300,0,70150
CIPLA30JAN20510CE.NFO,07/01/2020,10:34:00,2.5,2.45,2300,2.6,1150,0,70150
CIPLA30JAN20510CE.NFO,07/01/2020,10:34:07,2.5,2.45,2300,2.6,2300,0,70150
CIPLA30JAN20510CE.NFO,07/01/2020,10:34:12,2.5,2.45,2300,2.6,1150,0,70150
CIPLA30JAN20510CE.NFO,07/01/2020,10:34:49,2.5,2.45,2300,2.65,2300,0,70150
CIPLA30JAN20510CE.NFO,07/01/2020,10:35:37,2.5,2.5,3450,2.65,2300,0,70150
CIPLA30JAN20510CE.NFO,07/01/2020,10:35:41,2.5,2.5,3450,2.65,1150,0,70150
CIPLA30JAN20510CE.NFO,07/01/2020,10:36:42,2.5,2.5,2300,2.65,1150,0,70150
CIPLA30JAN20510CE.NFO,07/01/2020,10:38:22,2.5,2.5,1150,2.65,1150,0,70150
CIPLA30JAN20510CE.NFO,07/01/2020,10:38:28,2.5,2.45,1150,2.65,1150,0,70150
CIPLA30JAN20510CE.NFO,07/01/2020,10:40:45,2.5,2.45,2300,2.65,1150,0,70150
CIPLA30JAN20510CE.NFO,07/01/2020,10:41:45,2.5,2.45,1150,2.65,1150,0,70150
CIPLA30JAN20510CE.NFO,07/01/2020,10:42:02,2.5,2.4,1150,2.55,2300,0,70150
CIPLA30JAN20510CE.NFO,07/01/2020,10:42:05,2.5,2.3,1150,2.55,2300,0,70150
CIPLA30JAN20510CE.NFO,07/01/2020,10:42:09,2.5,2.3,1150,2.5,3450,0,70150
CIPLA30JAN20510CE.NFO,07/01/2020,10:42:12,2.4,2.2,1150,2.45,1150,2300,72450
CIPLA30JAN20510CE.NFO,07/01/2020,10:42:12,2.4,2.2,1150,2.45,1150,0,72450
CIPLA30JAN20510CE.NFO,07/01/2020,10:42:15,2.4,2.25,2300,2.4,1150,0,72450
CIPLA30JAN20510CE.NFO,07/01/2020,10:42:18,2.4,2.2,2300,2.4,1150,0,72450
CIPLA30JAN20510CE.NFO,07/01/2020,10:42:23,2.4,2.15,2300,2.3,1150,0,72450
CIPLA30JAN20510CE.NFO,07/01/2020,10:42:25,2.4,2.05,2300,2.45,3450,0,72450
CIPLA30JAN20510CE.NFO,07/01/2020,10:42:28,2.4,2.2,1150,2.45,3450,0,72450
CIPLA30JAN20510CE.NFO,07/01/2020,10:42:44,2.4,2.25,3450,2.45,3450,0,72450
CIPLA30JAN20510CE.NFO,07/01/2020,10:42:54,2.25,2.25,2300,2.45,3450,1150,72450
CIPLA30JAN20510CE.NFO,07/01/2020,10:42:54,2.25,2.25,2300,2.45,3450,0,72450
CIPLA30JAN20510CE.NFO,07/01/2020,10:43:00,2.25,2.25,1150,2.35,1150,0,72450
CIPLA30JAN20510CE.NFO,07/01/2020,10:43:05,2.25,2.2,1150,2.35,1150,0,72450
CIPLA30JAN20510CE.NFO,07/01/2020,10:43:08,2,2.05,2300,2.35,1150,2300,72450
CIPLA30JAN20510CE.NFO,07/01/2020,10:43:08,2,2.05,2300,2.35,1150,0,72450
CIPLA30JAN20510CE.NFO,07/01/2020,10:43:24,2,2.05,2300,2.4,2300,0,72450
CIPLA30JAN20510CE.NFO,07/01/2020,10:43:30,2,2.25,2300,2.4,2300,0,72450
CIPLA30JAN20510CE.NFO,07/01/2020,10:43:39,2,2.25,1150,2.4,2300,0,72450
CIPLA30JAN20510CE.NFO,07/01/2020,10:44:13,2,2.25,1150,2.4,1150,0,72450
CIPLA30JAN20510CE.NFO,07/01/2020,10:45:48,2,2.25,1150,2.45,2300,0,72450
CIPLA30JAN20510CE.NFO,07/01/2020,10:45:51,2,2.25,1150,2.45,1150,0,72450
CIPLA30JAN20510CE.NFO,07/01/2020,10:46:48,2,2.3,2300,2.45,1150,0,72450
CIPLA30JAN20510CE.NFO,07/01/2020,10:52:06,2,2.3,1150,2.4,2300,0,72450
CIPLA30JAN20510CE.NFO,07/01/2020,10:52:11,2,2.3,1150,2.4,1150,0,72450
CIPLA30JAN20510CE.NFO,07/01/2020,10:52:20,2,2.25,1150,2.4,2300,0,72450
CIPLA30JAN20510CE.NFO,07/01/2020,10:52:25,2,2.2,2300,2.35,1150,0,72450
CIPLA30JAN20510CE.NFO,07/01/2020,10:52:57,2,2.25,1150,2.35,1150,0,72450
CIPLA30JAN20510CE.NFO,07/01/2020,10:53:03,2,2.25,1150,2.4,1150,0,72450
CIPLA30JAN20510CE.NFO,07/01/2020,10:53:40,2,2.2,2300,2.4,1150,0,72450
CIPLA30JAN20510CE.NFO,07/01/2020,10:53:45,2,2.2,2300,2.35,1150,0,72450
CIPLA30JAN20510CE.NFO,07/01/2020,10:53:51,2,2.2,2300,2.35,2300,0,72450
CIPLA30JAN20510CE.NFO,07/01/2020,10:53:58,2,2.2,2300,2.4,1150,0,72450
CIPLA30JAN20510CE.NFO,07/01/2020,10:54:19,2,2.2,2300,2.4,2300,0,72450
CIPLA30JAN20510CE.NFO,07/01/2020,10:54:25,2,2.2,2300,2.4,3450,0,72450
CIPLA30JAN20510CE.NFO,07/01/2020,10:55:44,2,2.2,2300,2.4,2300,0,72450
CIPLA30JAN20510CE.NFO,07/01/2020,10:57:50,2,2.2,2300,2.4,1150,0,72450
CIPLA30JAN20510CE.NFO,07/01/2020,10:59:42,2,2.2,2300,2.35,1150,0,72450
CIPLA30JAN20510CE.NFO,07/01/2020,11:00:09,2,2.2,2300,2.3,1150,0,72450
CIPLA30JAN20510CE.NFO,07/01/2020,11:00:35,2,2.2,2300,2.35,1150,0,72450
CIPLA30JAN20510CE.NFO,07/01/2020,11:01:22,2,2.2,1150,2.35,1150,0,72450
CIPLA30JAN20510CE.NFO,07/01/2020,11:01:43,2,2.2,1150,2.35,2300,0,72450
CIPLA30JAN20510CE.NFO,07/01/2020,11:01:50,2,2.2,1150,2.4,1150,0,72450
CIPLA30JAN20510CE.NFO,07/01/2020,11:02:11,2,2.2,1150,2.45,2300,0,72450
CIPLA30JAN20510CE.NFO,07/01/2020,11:02:17,2,2.2,1150,2.4,1150,0,72450
CIPLA30JAN20510CE.NFO,07/01/2020,11:02:53,2,2.2,1150,2.35,1150,0,72450
CIPLA30JAN20510CE.NFO,07/01/2020,11:02:59,2,2.2,1150,2.4,1150,0,72450
CIPLA30JAN20510CE.NFO,07/01/2020,11:04:20,2.2,2.25,2300,2.4,1150,1150,74750
CIPLA30JAN20510CE.NFO,07/01/2020,11:04:37,2.2,2.25,2300,2.4,1150,0,74750
CIPLA30JAN20510CE.NFO,07/01/2020,11:06:27,2.2,2.25,1150,2.4,1150,0,74750
CIPLA30JAN20510CE.NFO,07/01/2020,11:06:46,2.2,2.2,2300,2.4,1150,0,74750
CIPLA30JAN20510CE.NFO,07/01/2020,11:07:18,2.2,2.2,2300,2.35,2300,0,74750
CIPLA30JAN20510CE.NFO,07/01/2020,11:08:58,2.2,2.2,1150,2.35,2300,0,74750
CIPLA30JAN20510CE.NFO,07/01/2020,11:09:43,2.35,2.2,1150,2.35,1150,1150,74750
CIPLA30JAN20510CE.NFO,07/01/2020,11:11:20,2.35,2.15,2300,2.35,1150,0,74750
CIPLA30JAN20510CE.NFO,07/01/2020,11:11:26,2.35,2.15,2300,2.3,3450,0,74750
CIPLA30JAN20510CE.NFO,07/01/2020,11:11:51,2.35,2.15,2300,2.3,1150,0,74750
CIPLA30JAN20510CE.NFO,07/01/2020,11:13:15,2.35,2.15,1150,2.3,1150,0,74750
CIPLA30JAN20510CE.NFO,07/01/2020,11:16:21,2.35,2.15,1150,2.35,1150,0,74750
CIPLA30JAN20510CE.NFO,07/01/2020,11:23:56,2.35,2.2,3450,2.35,1150,0,74750
CIPLA30JAN20510CE.NFO,07/01/2020,11:27:26,2.35,2.2,3450,2.4,2300,0,74750
CIPLA30JAN20510CE.NFO,07/01/2020,11:29:52,2.35,2.2,3450,2.4,1150,0,74750
CIPLA30JAN20510CE.NFO,07/01/2020,11:33:55,2.35,2.2,3450,2.45,3450,0,74750
CIPLA30JAN20510CE.NFO,07/01/2020,11:34:06,2.35,2.2,3450,2.45,1150,0,74750
CIPLA30JAN20510CE.NFO,07/01/2020,11:35:11,2.35,2.2,2300,2.45,1150,0,74750
CIPLA30JAN20510CE.NFO,07/01/2020,11:35:28,2.35,2.2,2300,2.4,3450,0,74750
CIPLA30JAN20510CE.NFO,07/01/2020,11:35:44,2.35,2.2,1150,2.4,2300,0,74750
CIPLA30JAN20510CE.NFO,07/01/2020,11:35:53,2.35,2.15,1150,2.4,2300,0,74750
CIPLA30JAN20510CE.NFO,07/01/2020,11:38:13,2.35,2.2,3450,2.4,2300,0,74750
CIPLA30JAN20510CE.NFO,07/01/2020,11:38:41,2.35,2.15,1150,2.3,1150,0,74750
CIPLA30JAN20510CE.NFO,07/01/2020,11:38:46,2.35,2.15,2300,2.4,2300,0,74750
CIPLA30JAN20510CE.NFO,07/01/2020,11:38:54,2.35,2.15,3450,2.3,2300,0,74750
CIPLA30JAN20510CE.NFO,07/01/2020,11:39:15,2.35,2.15,3450,2.35,2300,0,74750
CIPLA30JAN20510CE.NFO,07/01/2020,11:40:36,2.35,2.25,3450,2.4,2300,0,74750
CIPLA30JAN20510CE.NFO,07/01/2020,11:40:40,2.35,2.25,2300,2.4,2300,0,74750
CIPLA30JAN20510CE.NFO,07/01/2020,11:40:54,2.35,2.25,1150,2.4,2300,0,74750
CIPLA30JAN20510CE.NFO,07/01/2020,11:42:38,2.35,2.3,1150,2.5,3450,0,74750
CIPLA30JAN20510CE.NFO,07/01/2020,11:42:44,2.35,2.3,2300,2.4,1150,0,74750
CIPLA30JAN20510CE.NFO,07/01/2020,11:43:19,2.35,2.3,2300,2.45,3450,0,74750
CIPLA30JAN20510CE.NFO,07/01/2020,11:44:15,2.35,2.25,1150,2.45,3450,0,74750
CIPLA30JAN20510CE.NFO,07/01/2020,11:45:42,2.35,2.3,1150,2.45,3450,0,74750
CIPLA30JAN20510CE.NFO,07/01/2020,11:45:45,2.35,2.25,1150,2.45,3450,0,74750
CIPLA30JAN20510CE.NFO,07/01/2020,11:50:20,2.35,2.35,1150,2.45,3450,0,74750
CIPLA30JAN20510CE.NFO,07/01/2020,11:50:25,2.35,2.35,1150,2.45,2300,0,74750
CIPLA30JAN20510CE.NFO,07/01/2020,11:53:15,2.35,2.3,1150,2.45,2300,1150,74750
CIPLA30JAN20510CE.NFO,07/01/2020,11:53:17,2.35,2.3,1150,2.45,2300,0,74750
CIPLA30JAN20510CE.NFO,07/01/2020,11:54:38,2.45,2.3,2300,2.45,1150,1150,74750
CIPLA30JAN20510CE.NFO,07/01/2020,11:54:56,2.45,2.3,2300,2.45,1150,0,74750
CIPLA30JAN20510CE.NFO,07/01/2020,11:54:59,2.45,2.3,1150,2.45,1150,0,74750
CIPLA30JAN20510CE.NFO,07/01/2020,11:58:21,2.45,2.3,2300,2.45,1150,0,74750
CIPLA30JAN20510CE.NFO,07/01/2020,12:07:31,2.45,2.3,2300,2.5,2300,0,74750
CIPLA30JAN20510CE.NFO,07/01/2020,12:07:34,2.45,2.3,2300,2.5,3450,0,74750
CIPLA30JAN20510CE.NFO,07/01/2020,12:08:24,2.45,2.3,2300,2.5,2300,0,74750
CIPLA30JAN20510CE.NFO,07/01/2020,12:10:50,2.5,2.3,2300,2.5,1150,1150,74750
CIPLA30JAN20510CE.NFO,07/01/2020,12:10:53,2.5,2.3,2300,2.5,1150,0,74750
CIPLA30JAN20510CE.NFO,07/01/2020,12:11:33,2.5,2.3,3450,2.5,1150,0,74750
CIPLA30JAN20510CE.NFO,07/01/2020,12:11:35,2.5,2.3,2300,2.5,1150,0,74750
CIPLA30JAN20510CE.NFO,07/01/2020,12:11:43,2.5,2.3,1150,2.5,1150,0,74750
CIPLA30JAN20510CE.NFO,07/01/2020,12:11:49,2.5,2.3,1150,2.45,2300,0,74750
CIPLA30JAN20510CE.NFO,07/01/2020,12:11:54,2.5,2.3,1150,2.5,1150,0,74750
CIPLA30JAN20510CE.NFO,07/01/2020,12:12:16,2.5,2.35,1150,2.5,1150,0,74750
CIPLA30JAN20510CE.NFO,07/01/2020,12:24:52,2.5,2.35,1150,2.5,2300,1150,75900
CIPLA30JAN20510CE.NFO,07/01/2020,12:24:54,2.5,2.35,1150,2.5,1150,0,75900
CIPLA30JAN20510CE.NFO,07/01/2020,12:27:23,2.5,2.3,1150,2.45,3450,0,75900
CIPLA30JAN20510CE.NFO,07/01/2020,12:27:30,2.5,2.3,1150,2.45,2300,0,75900
CIPLA30JAN20510CE.NFO,07/01/2020,12:27:36,2.5,2.3,1150,2.45,1150,0,75900
CIPLA30JAN20510CE.NFO,07/01/2020,12:27:39,2.5,2.3,1150,2.5,1150,0,75900
CIPLA30JAN20510CE.NFO,07/01/2020,12:28:57,2.5,2.25,2300,2.5,1150,0,75900
CIPLA30JAN20510CE.NFO,07/01/2020,12:29:39,2.5,2.3,3450,2.5,1150,0,75900
CIPLA30JAN20510CE.NFO,07/01/2020,12:29:42,2.5,2.3,1150,2.5,1150,0,75900
CIPLA30JAN20510CE.NFO,07/01/2020,12:30:03,2.5,2.25,2300,2.5,1150,0,75900
CIPLA30JAN20510CE.NFO,07/01/2020,12:30:19,2.5,2.3,2300,2.5,1150,0,75900
CIPLA30JAN20510CE.NFO,07/01/2020,12:30:23,2.5,2.3,1150,2.5,1150,0,75900
CIPLA30JAN20510CE.NFO,07/01/2020,12:34:25,2.5,2.35,1150,2.5,1150,0,75900
CIPLA30JAN20510CE.NFO,07/01/2020,12:34:52,2.5,2.3,1150,2.5,1150,0,75900
CIPLA30JAN20510CE.NFO,07/01/2020,12:35:32,2.5,2.35,1150,2.5,1150,0,75900
CIPLA30JAN20510CE.NFO,07/01/2020,12:35:43,2.5,2.3,1150,2.5,1150,0,75900
CIPLA30JAN20510CE.NFO,07/01/2020,12:36:13,2.5,2.35,1150,2.5,1150,0,75900
CIPLA30JAN20510CE.NFO,07/01/2020,12:41:35,2.5,2.3,1150,2.5,1150,0,75900
CIPLA30JAN20510CE.NFO,07/01/2020,12:41:53,2.5,2.3,2300,2.5,1150,0,75900
CIPLA30JAN20510CE.NFO,07/01/2020,12:42:59,2.5,2.3,1150,2.5,1150,0,75900
CIPLA30JAN20510CE.NFO,07/01/2020,12:47:40,2.5,2.3,2300,2.5,1150,0,75900
CIPLA30JAN20510CE.NFO,07/01/2020,12:47:44,2.5,2.3,1150,2.5,1150,0,75900
CIPLA30JAN20510CE.NFO,07/01/2020,12:47:54,2.5,2.3,2300,2.5,1150,0,75900
CIPLA30JAN20510CE.NFO,07/01/2020,13:01:55,2.5,2.3,1150,2.5,1150,0,75900
CIPLA30JAN20510CE.NFO,07/01/2020,13:02:01,2.5,2.3,2300,2.5,1150,0,75900
CIPLA30JAN20510CE.NFO,07/01/2020,13:02:16,2.5,2.3,1150,2.5,1150,0,75900
CIPLA30JAN20510CE.NFO,07/01/2020,13:03:15,2.5,2.25,1150,2.5,1150,0,75900
CIPLA30JAN20510CE.NFO,07/01/2020,13:03:45,2.5,2.25,2300,2.5,1150,0,75900
CIPLA30JAN20510CE.NFO,07/01/2020,13:05:03,2.5,2.25,1150,2.5,1150,0,75900
CIPLA30JAN20510CE.NFO,07/01/2020,13:05:17,2.35,2.2,1150,2.4,2300,1150,75900
CIPLA30JAN20510CE.NFO,07/01/2020,13:05:23,2.2,2.15,1150,2.4,2300,1150,75900
CIPLA30JAN20510CE.NFO,07/01/2020,13:05:28,2.2,2.2,1150,2.3,2300,0,75900
CIPLA30JAN20510CE.NFO,07/01/2020,13:06:59,2.2,2.15,2300,2.3,2300,0,75900
CIPLA30JAN20510CE.NFO,07/01/2020,13:07:31,2.2,2.1,1150,2.3,2300,0,75900
CIPLA30JAN20510CE.NFO,07/01/2020,13:07:35,2.2,2.15,3450,2.3,1150,0,75900
CIPLA30JAN20510CE.NFO,07/01/2020,13:07:39,2.2,2.15,2300,2.3,1150,0,75900
CIPLA30JAN20510CE.NFO,07/01/2020,13:07:42,2.2,2.1,1150,2.3,1150,0,75900
CIPLA30JAN20510CE.NFO,07/01/2020,13:08:58,2.2,2.05,2300,2.3,1150,0,75900
CIPLA30JAN20510CE.NFO,07/01/2020,13:09:03,2.2,2.1,1150,2.3,1150,0,75900
CIPLA30JAN20510CE.NFO,07/01/2020,13:09:08,2.2,2.05,3450,2.3,1150,0,75900
CIPLA30JAN20510CE.NFO,07/01/2020,13:09:45,2.2,2.1,3450,2.3,1150,0,75900
CIPLA30JAN20510CE.NFO,07/01/2020,13:09:52,2.2,2.1,2300,2.3,1150,0,75900
CIPLA30JAN20510CE.NFO,07/01/2020,13:10:04,2.2,2.1,1150,2.3,1150,0,75900
CIPLA30JAN20510CE.NFO,07/01/2020,13:10:09,2.2,2.1,2300,2.3,1150,0,75900
CIPLA30JAN20510CE.NFO,07/01/2020,13:12:25,2.2,2.05,2300,2.3,1150,0,75900
CIPLA30JAN20510CE.NFO,07/01/2020,13:13:52,2.2,2.05,1150,2.2,2300,0,75900
CIPLA30JAN20510CE.NFO,07/01/2020,13:14:36,2.2,2.05,1150,2.2,3450,0,75900
CIPLA30JAN20510CE.NFO,07/01/2020,13:15:27,2.05,2.05,2300,2.2,3450,1150,78200
CIPLA30JAN20510CE.NFO,07/01/2020,13:18:07,2.05,2.05,2300,2.2,3450,0,78200
CIPLA30JAN20510CE.NFO,07/01/2020,13:18:21,2.05,2.05,2300,2.2,2300,0,78200
CIPLA30JAN20510CE.NFO,07/01/2020,13:19:31,2.05,2,3450,2.2,2300,0,78200
CIPLA30JAN20510CE.NFO,07/01/2020,13:19:40,2.05,2.05,2300,2.2,2300,0,78200
CIPLA30JAN20510CE.NFO,07/01/2020,13:19:51,2.05,2.05,1150,2.2,2300,0,78200
CIPLA30JAN20510CE.NFO,07/01/2020,13:32:34,2.05,2,2300,2.15,3450,0,78200
CIPLA30JAN20510CE.NFO,07/01/2020,13:33:07,2.05,2,2300,2.15,2300,0,78200
CIPLA30JAN20510CE.NFO,07/01/2020,13:34:08,2.05,2,2300,2.2,2300,0,78200
CIPLA30JAN20510CE.NFO,07/01/2020,13:34:38,2.05,2.05,3450,2.2,2300,0,78200
CIPLA30JAN20510CE.NFO,07/01/2020,13:34:44,2.05,2.05,2300,2.2,2300,0,78200
CIPLA30JAN20510CE.NFO,07/01/2020,13:34:50,2.05,2.05,1150,2.2,2300,0,78200
CIPLA30JAN20510CE.NFO,07/01/2020,13:41:54,2.05,2.1,1150,2.2,2300,0,78200
CIPLA30JAN20510CE.NFO,07/01/2020,13:42:27,2.05,2.05,1150,2.2,2300,0,78200
CIPLA30JAN20510CE.NFO,07/01/2020,13:42:33,2.05,2.1,1150,2.2,2300,0,78200
CIPLA30JAN20510CE.NFO,07/01/2020,13:43:22,2.05,2.05,1150,2.2,2300,0,78200
CIPLA30JAN20510CE.NFO,07/01/2020,13:43:29,2.05,2.1,2300,2.2,2300,0,78200
CIPLA30JAN20510CE.NFO,07/01/2020,13:43:32,2.05,2.05,1150,2.2,2300,0,78200
CIPLA30JAN20510CE.NFO,07/01/2020,13:44:21,2.05,2.1,2300,2.2,2300,0,78200
CIPLA30JAN20510CE.NFO,07/01/2020,13:44:34,2.05,2.05,1150,2.2,2300,0,78200
CIPLA30JAN20510CE.NFO,07/01/2020,13:45:13,2.05,2.1,3450,2.2,2300,0,78200
CIPLA30JAN20510CE.NFO,07/01/2020,13:45:19,2.05,2.1,1150,2.2,2300,0,78200
CIPLA30JAN20510CE.NFO,07/01/2020,13:45:33,2.05,2.1,1150,2.2,1150,0,78200
CIPLA30JAN20510CE.NFO,07/01/2020,13:45:37,2.05,2.1,2300,2.2,3450,0,78200
CIPLA30JAN20510CE.NFO,07/01/2020,13:45:42,2.05,2.05,2300,2.2,3450,0,78200
CIPLA30JAN20510CE.NFO,07/01/2020,13:46:58,2.05,2.1,1150,2.2,2300,0,78200
CIPLA30JAN20510CE.NFO,07/01/2020,13:47:05,2.05,2.05,2300,2.2,2300,0,78200
CIPLA30JAN20510CE.NFO,07/01/2020,13:47:54,2.05,2.05,1150,2.2,2300,0,78200
CIPLA30JAN20510CE.NFO,07/01/2020,13:50:44,2.05,2.05,3450,2.2,3450,0,78200
CIPLA30JAN20510CE.NFO,07/01/2020,13:51:38,2.05,2.05,3450,2.1,1150,0,78200
CIPLA30JAN20510CE.NFO,07/01/2020,13:51:58,2.05,2.05,2300,2.2,2300,1150,78200
CIPLA30JAN20510CE.NFO,07/01/2020,13:52:02,2.05,2.05,2300,2.2,2300,0,78200
CIPLA30JAN20510CE.NFO,07/01/2020,13:52:34,2.05,2.05,2300,2.2,1150,0,78200
CIPLA30JAN20510CE.NFO,07/01/2020,13:55:46,2.05,2.05,2300,2.25,2300,0,78200
CIPLA30JAN20510CE.NFO,07/01/2020,13:55:57,2.05,2.05,2300,2.3,1150,0,78200
CIPLA30JAN20510CE.NFO,07/01/2020,13:56:02,2.05,2.05,2300,2.25,1150,0,78200
CIPLA30JAN20510CE.NFO,07/01/2020,13:56:08,2.05,2.05,2300,2.3,1150,0,78200
CIPLA30JAN20510CE.NFO,07/01/2020,13:56:38,2.05,2.05,3450,2.3,1150,0,78200
CIPLA30JAN20510CE.NFO,07/01/2020,13:56:53,2.05,2.05,2300,2.2,1150,0,78200
CIPLA30JAN20510CE.NFO,07/01/2020,13:57:19,2.05,2.05,1150,2.2,1150,0,78200
CIPLA30JAN20510CE.NFO,07/01/2020,13:57:24,2.05,2,2300,2.2,1150,0,78200
CIPLA30JAN20510CE.NFO,07/01/2020,14:01:21,2.05,2,2300,2.25,2300,0,78200
CIPLA30JAN20510CE.NFO,07/01/2020,14:01:24,2.05,2,2300,2.25,1150,0,78200
CIPLA30JAN20510CE.NFO,07/01/2020,14:01:36,2.05,2,2300,2.3,2300,0,78200
CIPLA30JAN20510CE.NFO,07/01/2020,14:01:46,2.05,2,2300,2.3,1150,0,78200
CIPLA30JAN20510CE.NFO,07/01/2020,14:01:52,2.05,2,2300,2.4,2300,0,78200
CIPLA30JAN20510CE.NFO,07/01/2020,14:02:07,2.05,2.2,2300,2.4,2300,0,78200
CIPLA30JAN20510CE.NFO,07/01/2020,14:02:23,2.2,2.2,1150,2.4,2300,1150,78200
CIPLA30JAN20510CE.NFO,07/01/2020,14:02:27,2.2,2.2,1150,2.4,2300,0,78200
CIPLA30JAN20510CE.NFO,07/01/2020,14:16:51,2.2,2.2,1150,2.3,2300,0,78200
CIPLA30JAN20510CE.NFO,07/01/2020,14:27:15,2.2,2.2,1150,2.3,1150,0,78200
CIPLA30JAN20510CE.NFO,07/01/2020,14:29:35,2.2,2,3450,2.3,1150,1150,78200
CIPLA30JAN20510CE.NFO,07/01/2020,14:29:45,2.2,2,3450,2.3,1150,0,78200
CIPLA30JAN20510CE.NFO,07/01/2020,14:30:45,2.2,2,3450,2.45,3450,0,78200
CIPLA30JAN20510CE.NFO,07/01/2020,14:30:53,2.2,2,3450,2.35,2300,0,78200
CIPLA30JAN20510CE.NFO,07/01/2020,14:31:16,2.2,2,3450,2.35,1150,0,78200
CIPLA30JAN20510CE.NFO,07/01/2020,14:31:22,2.2,2,3450,2.4,3450,0,78200
CIPLA30JAN20510CE.NFO,07/01/2020,14:32:52,2.2,2,3450,2.4,2300,0,78200
CIPLA30JAN20510CE.NFO,07/01/2020,14:36:27,2.2,2,3450,2.35,3450,0,78200
CIPLA30JAN20510CE.NFO,07/01/2020,14:38:06,2.2,2,3450,2.35,2300,0,78200
CIPLA30JAN20510CE.NFO,07/01/2020,14:38:27,2.2,2,3450,2.35,1150,0,78200
CIPLA30JAN20510CE.NFO,07/01/2020,14:38:44,2.2,2,3450,2.4,2300,0,78200
CIPLA30JAN20510CE.NFO,07/01/2020,14:38:52,2.2,2,3450,2.35,2300,0,78200
CIPLA30JAN20510CE.NFO,07/01/2020,14:39:08,2.2,2,3450,2.4,2300,0,78200
CIPLA30JAN20510CE.NFO,07/01/2020,14:39:32,2.2,2.25,3450,2.4,1150,0,78200
CIPLA30JAN20510CE.NFO,07/01/2020,14:39:46,2.2,2.25,2300,2.4,1150,0,78200
CIPLA30JAN20510CE.NFO,07/01/2020,14:40:22,2.2,2.25,1150,2.4,1150,0,78200
CIPLA30JAN20510CE.NFO,07/01/2020,14:41:54,2.2,2.2,2300,2.4,1150,0,78200
CIPLA30JAN20510CE.NFO,07/01/2020,14:42:47,2.2,2.2,2300,2.45,2300,0,78200
CIPLA30JAN20510CE.NFO,07/01/2020,14:42:56,2.2,2.2,2300,2.5,2300,0,78200
CIPLA30JAN20510CE.NFO,07/01/2020,14:43:00,2.2,2.3,1150,2.55,2300,0,78200
CIPLA30JAN20510CE.NFO,07/01/2020,14:43:04,2.2,2.3,1150,2.55,1150,0,78200
CIPLA30JAN20510CE.NFO,07/01/2020,14:43:12,2.2,2.25,2300,2.45,1150,0,78200
CIPLA30JAN20510CE.NFO,07/01/2020,14:43:16,2.2,2.25,2300,2.5,1150,0,78200
CIPLA30JAN20510CE.NFO,07/01/2020,14:44:36,2.2,2.25,2300,2.45,3450,0,78200
CIPLA30JAN20510CE.NFO,07/01/2020,14:44:55,2.2,2.25,2300,2.45,2300,0,78200
CIPLA30JAN20510CE.NFO,07/01/2020,14:49:24,2.2,2.25,1150,2.35,1150,0,78200
CIPLA30JAN20510CE.NFO,07/01/2020,14:49:34,2.2,2.25,1150,2.4,4600,0,78200
CIPLA30JAN20510CE.NFO,07/01/2020,14:50:12,2.2,2.25,1150,2.4,1150,0,78200
CIPLA30JAN20510CE.NFO,07/01/2020,14:55:11,2.2,2.25,1150,2.35,2300,0,78200
CIPLA30JAN20510CE.NFO,07/01/2020,14:55:55,2.2,2.25,1150,2.35,1150,0,78200
CIPLA30JAN20510CE.NFO,07/01/2020,14:55:59,2.2,2.25,1150,2.35,2300,0,78200
CIPLA30JAN20510CE.NFO,07/01/2020,14:58:23,2.2,2.25,1150,2.35,1150,0,78200
CIPLA30JAN20510CE.NFO,07/01/2020,14:58:35,2.2,2.25,1150,2.4,1150,0,78200
CIPLA30JAN20510CE.NFO,07/01/2020,14:59:05,2.2,2.25,1150,2.35,3450,0,78200
CIPLA30JAN20510CE.NFO,07/01/2020,14:59:11,2.2,2.25,1150,2.35,2300,0,78200
CIPLA30JAN20510CE.NFO,07/01/2020,14:59:23,2.2,2.2,2300,2.35,2300,0,78200
CIPLA30JAN20510CE.NFO,07/01/2020,15:00:18,2.2,2.2,2300,2.35,1150,0,78200
CIPLA30JAN20510CE.NFO,07/01/2020,15:00:31,2.2,2.2,2300,2.35,2300,0,78200
CIPLA30JAN20510CE.NFO,07/01/2020,15:01:43,2.2,2.2,2300,2.35,1150,0,78200
CIPLA30JAN20510CE.NFO,07/01/2020,15:02:00,2.2,2.2,2300,2.35,2300,0,78200
CIPLA30JAN20510CE.NFO,07/01/2020,15:02:27,2.2,2.2,2300,2.35,1150,0,78200
CIPLA30JAN20510CE.NFO,07/01/2020,15:02:59,2.2,2.2,2300,2.4,1150,0,78200
CIPLA30JAN20510CE.NFO,07/01/2020,15:03:04,2.2,2.2,2300,2.35,2300,0,78200
CIPLA30JAN20510CE.NFO,07/01/2020,15:03:17,2.2,2.2,2300,2.35,3450,0,78200
CIPLA30JAN20510CE.NFO,07/01/2020,15:03:20,2.2,2.2,2300,2.35,2300,0,78200
CIPLA30JAN20510CE.NFO,07/01/2020,15:03:41,2.2,2.2,2300,2.35,1150,0,78200
CIPLA30JAN20510CE.NFO,07/01/2020,15:03:50,2.2,2.2,2300,2.4,1150,0,78200
CIPLA30JAN20510CE.NFO,07/01/2020,15:05:59,2.4,2.2,2300,2.45,4600,3450,79350
CIPLA30JAN20510CE.NFO,07/01/2020,15:06:13,2.4,2.2,2300,2.45,3450,0,79350
CIPLA30JAN20510CE.NFO,07/01/2020,15:09:27,2.4,2.2,2300,2.5,2300,0,79350
CIPLA30JAN20510CE.NFO,07/01/2020,15:09:54,2.4,2.2,2300,2.5,1150,0,79350
CIPLA30JAN20510CE.NFO,07/01/2020,15:10:17,2.4,2.2,2300,2.45,1150,0,79350
CIPLA30JAN20510CE.NFO,07/01/2020,15:10:21,2.4,2.2,2300,2.45,2300,0,79350
CIPLA30JAN20510CE.NFO,07/01/2020,15:10:26,2.4,2.2,2300,2.45,1150,0,79350
CIPLA30JAN20510CE.NFO,07/01/2020,15:10:31,2.4,2.2,2300,2.5,1150,0,79350
CIPLA30JAN20510CE.NFO,07/01/2020,15:11:26,2.4,2.2,2300,2.55,2300,0,79350
CIPLA30JAN20510CE.NFO,07/01/2020,15:11:32,2.4,2.2,2300,2.5,2300,0,79350
CIPLA30JAN20510CE.NFO,07/01/2020,15:12:02,2.4,2.2,2300,2.5,1150,0,79350
CIPLA30JAN20510CE.NFO,07/01/2020,15:13:37,2.4,2.2,2300,2.4,1150,0,79350
CIPLA30JAN20510CE.NFO,07/01/2020,15:13:52,2.4,2.2,2300,2.45,2300,0,79350
CIPLA30JAN20510CE.NFO,07/01/2020,15:13:57,2.4,2.2,2300,2.4,2300,0,79350
CIPLA30JAN20510CE.NFO,07/01/2020,15:14:05,2.4,2.2,2300,2.45,1150,1150,82800
CIPLA30JAN20510CE.NFO,07/01/2020,15:14:22,2.4,2.2,2300,2.4,1150,0,82800
CIPLA30JAN20510CE.NFO,07/01/2020,15:16:00,2.4,2.2,2300,2.45,1150,0,82800
CIPLA30JAN20510CE.NFO,07/01/2020,15:16:07,2.4,2.2,2300,2.4,1150,0,82800
CIPLA30JAN20510CE.NFO,07/01/2020,15:17:26,2.4,2.2,2300,2.45,2300,0,82800
CIPLA30JAN20510CE.NFO,07/01/2020,15:17:32,2.4,2.2,2300,2.4,1150,0,82800
CIPLA30JAN20510CE.NFO,07/01/2020,15:17:59,2.4,2.2,2300,2.45,1150,0,82800
CIPLA30JAN20510CE.NFO,07/01/2020,15:18:04,2.4,2.2,2300,2.45,2300,0,82800
CIPLA30JAN20510CE.NFO,07/01/2020,15:18:10,2.3,2.2,2300,2.45,1150,1150,81650
CIPLA30JAN20510CE.NFO,07/01/2020,15:18:16,2.3,2.2,2300,2.4,2300,0,81650
CIPLA30JAN20510CE.NFO,07/01/2020,15:18:21,2.3,2.3,1150,2.4,2300,2300,81650
CIPLA30JAN20510CE.NFO,07/01/2020,15:18:31,2.3,2.3,1150,2.45,1150,0,81650
CIPLA30JAN20510CE.NFO,07/01/2020,15:19:54,2.3,2.3,1150,2.45,3450,0,81650
CIPLA30JAN20510CE.NFO,07/01/2020,15:20:02,2.3,2.3,1150,2.45,2300,0,81650
CIPLA30JAN20510CE.NFO,07/01/2020,15:20:09,2.3,2.3,1150,2.45,1150,0,81650
CIPLA30JAN20510CE.NFO,07/01/2020,15:20:16,2.3,2.3,1150,2.5,2300,0,81650
CIPLA30JAN20510CE.NFO,07/01/2020,15:20:23,2.3,2.3,1150,2.5,1150,0,81650
CIPLA30JAN20510CE.NFO,07/01/2020,15:20:42,2.3,2.3,1150,2.55,2300,0,81650
CIPLA30JAN20510CE.NFO,07/01/2020,15:21:30,2.3,2.3,1150,2.45,1150,0,81650
CIPLA30JAN20510CE.NFO,07/01/2020,15:21:35,2.3,2.3,1150,2.5,4600,0,81650
CIPLA30JAN20510CE.NFO,07/01/2020,15:21:48,2.3,2.3,1150,2.5,1150,0,81650
CIPLA30JAN20510CE.NFO,07/01/2020,15:23:29,2.3,2.25,2300,2.5,1150,0,81650
CIPLA30JAN20510CE.NFO,07/01/2020,15:24:24,2.3,2.25,2300,2.4,1150,0,81650
CIPLA30JAN20510CE.NFO,07/01/2020,15:25:20,2.3,2.25,1150,2.4,1150,0,81650
CIPLA30JAN20510CE.NFO,07/01/2020,15:25:55,2.3,2.2,1150,2.35,3450,0,81650
CIPLA30JAN20510CE.NFO,07/01/2020,15:26:05,2.3,2.2,1150,2.35,1150,0,81650
CIPLA30JAN20510CE.NFO,07/01/2020,15:26:33,2.3,2.2,1150,2.4,1150,0,81650
CIPLA30JAN20510CE.NFO,07/01/2020,15:28:02,2.3,2.2,1150,2.35,3450,0,81650
CIPLA30JAN20510CE.NFO,07/01/2020,15:28:08,2.3,2.15,2300,2.35,3450,0,81650
CIPLA30JAN20510CE.NFO,07/01/2020,15:28:44,2.3,2.15,2300,2.3,1150,0,81650
CIPLA30JAN20510CE.NFO,07/01/2020,15:28:49,2.3,2.15,2300,2.4,1150,1150,77050
CIPLA30JAN20510CE.NFO,07/01/2020,15:29:01,2.3,2,2300,2.35,1150,0,77050
CIPLA30JAN20510CE.NFO,07/01/2020,15:29:07,2.3,2,1150,2.35,1150,0,77050
CIPLA30JAN20510CE.NFO,07/01/2020,15:29:15,2.3,2.05,1150,2.35,1150,0,77050
CIPLA30JAN20510CE.NFO,07/01/2020,15:29:22,2.3,2,1150,2.35,1150,0,77050
CIPLA30JAN20510CE.NFO,07/01/2020,15:29:35,2.3,2,2300,2.85,1150,0,77050
CIPLA30JAN20510CE.NFO,07/01/2020,15:29:46,2.3,2,2300,2.8,1150,0,77050
CIPLA30JAN20510CE.NFO,07/01/2020,15:29:51,2.8,2,1150,3.1,1150,1150,77050
CIPLA30JAN20510CE.NFO,07/01/2020,15:29:58,2.8,2,1150,3.1,1150,0,77050
