Ticker,Date,Time,LTP,BuyPrice,BuyQty,SellPrice,SellQty,LTQ,OpenInterest
CIPLA30JAN20470PE.NFO,07/01/2020,09:29:49,15.2,14,3450,15.25,1150,1150,52900
CIPLA30JAN20470PE.NFO,07/01/2020,09:29:49,15.2,14,3450,15.25,1150,0,52900
CIPLA30JAN20470PE.NFO,07/01/2020,09:29:49,15.2,14,3450,15.25,1150,0,52900
CIPLA30JAN20470PE.NFO,07/01/2020,09:29:49,15.2,14,3450,15.25,1150,0,52900
CIPLA30JAN20470PE.NFO,07/01/2020,09:29:55,15.2,14,2300,15.25,1150,0,52900
CIPLA30JAN20470PE.NFO,07/01/2020,09:30:07,15.2,13.8,2300,15.25,1150,0,52900
CIPLA30JAN20470PE.NFO,07/01/2020,09:30:14,15.2,13.8,1150,15.25,1150,0,52900
CIPLA30JAN20470PE.NFO,07/01/2020,09:30:20,15.2,14,1150,15.25,1150,0,52900
CIPLA30JAN20470PE.NFO,07/01/2020,09:30:53,15.2,14.2,1150,15.25,1150,0,52900
CIPLA30JAN20470PE.NFO,07/01/2020,09:30:58,15.2,14.25,2300,15.25,1150,0,52900
CIPLA30JAN20470PE.NFO,07/01/2020,09:31:04,15.2,14.15,1150,15.25,1150,0,52900
CIPLA30JAN20470PE.NFO,07/01/2020,09:31:11,15.2,14.15,1150,15.15,1150,0,52900
CIPLA30JAN20470PE.NFO,07/01/2020,09:31:23,15.2,14.25,1150,15.2,1150,0,52900
CIPLA30JAN20470PE.NFO,07/01/2020,09:31:29,15.2,13.95,1150,15.25,1150,0,52900
CIPLA30JAN20470PE.NFO,07/01/2020,09:31:34,15.2,13.95,2300,15.15,1150,0,52900
CIPLA30JAN20470PE.NFO,07/01/2020,09:31:39,15.2,13.95,1150,15.25,1150,0,52900
CIPLA30JAN20470PE.NFO,07/01/2020,09:31:45,15.25,13.95,1150,15.45,1150,1150,52900
CIPLA30JAN20470PE.NFO,07/01/2020,09:31:45,15.25,13.95,1150,15.45,1150,0,52900
CIPLA30JAN20470PE.NFO,07/01/2020,09:31:50,15.25,13.95,1150,15.45,1150,0,52900
CIPLA30JAN20470PE.NFO,07/01/2020,09:31:59,15.25,13.95,1150,15.55,2300,0,52900
CIPLA30JAN20470PE.NFO,07/01/2020,09:32:04,15.25,13.95,1150,15.45,2300,0,52900
CIPLA30JAN20470PE.NFO,07/01/2020,09:32:09,15.25,13.95,1150,15.6,2300,0,52900
CIPLA30JAN20470PE.NFO,07/01/2020,09:32:14,15.25,13.6,1150,15.25,1150,0,52900
CIPLA30JAN20470PE.NFO,07/01/2020,09:32:20,15.25,13.65,1150,15.15,1150,0,52900
CIPLA30JAN20470PE.NFO,07/01/2020,09:32:27,15.25,13.5,1150,15.4,1150,0,52900
CIPLA30JAN20470PE.NFO,07/01/2020,09:32:33,15.25,13.5,1150,15.35,2300,0,52900
CIPLA30JAN20470PE.NFO,07/01/2020,09:32:38,15.25,13.5,2300,15.2,1150,0,52900
CIPLA30JAN20470PE.NFO,07/01/2020,09:32:50,15.25,13.55,1150,15,1150,0,52900
CIPLA30JAN20470PE.NFO,07/01/2020,09:32:56,15.25,13.55,1150,14.95,1150,0,52900
CIPLA30JAN20470PE.NFO,07/01/2020,09:33:01,15.25,13.45,1150,14.9,1150,0,52900
CIPLA30JAN20470PE.NFO,07/01/2020,09:33:06,15.25,13.45,1150,14.75,1150,0,52900
CIPLA30JAN20470PE.NFO,07/01/2020,09:33:12,15.25,13.45,1150,14.7,1150,0,52900
CIPLA30JAN20470PE.NFO,07/01/2020,09:33:18,15.25,13.35,1150,14.5,1150,0,52900
CIPLA30JAN20470PE.NFO,07/01/2020,09:33:24,15.25,13.35,1150,14.4,1150,0,52900
CIPLA30JAN20470PE.NFO,07/01/2020,09:33:35,15.25,13.35,1150,14.35,1150,0,52900
CIPLA30JAN20470PE.NFO,07/01/2020,09:33:40,15.25,13.1,1150,14.25,1150,0,52900
CIPLA30JAN20470PE.NFO,07/01/2020,09:33:51,15.25,13.15,1150,14.35,1150,0,52900
CIPLA30JAN20470PE.NFO,07/01/2020,09:33:56,15.25,13.15,1150,14.3,1150,0,52900
CIPLA30JAN20470PE.NFO,07/01/2020,09:34:06,15.25,13.2,1150,14.5,2300,0,52900
CIPLA30JAN20470PE.NFO,07/01/2020,09:34:11,15.25,13.1,1150,14.35,1150,0,52900
CIPLA30JAN20470PE.NFO,07/01/2020,09:34:16,15.25,13.1,1150,14.3,2300,0,52900
CIPLA30JAN20470PE.NFO,07/01/2020,09:34:21,15.25,13.1,1150,14.2,1150,0,52900
CIPLA30JAN20470PE.NFO,07/01/2020,09:34:26,15.25,13.1,1150,14.15,1150,0,52900
CIPLA30JAN20470PE.NFO,07/01/2020,09:34:42,15.25,13.1,1150,14.35,1150,0,52900
CIPLA30JAN20470PE.NFO,07/01/2020,09:34:47,15.25,13.1,1150,14.2,2300,0,52900
CIPLA30JAN20470PE.NFO,07/01/2020,09:34:51,15.25,13.1,1150,14.15,1150,0,52900
CIPLA30JAN20470PE.NFO,07/01/2020,09:34:56,15.25,13.1,1150,14.35,1150,0,52900
CIPLA30JAN20470PE.NFO,07/01/2020,09:35:01,15.25,12.85,2300,14.2,2300,0,52900
CIPLA30JAN20470PE.NFO,07/01/2020,09:35:07,15.25,12.65,4600,14.1,2300,0,52900
CIPLA30JAN20470PE.NFO,07/01/2020,09:35:11,15.25,12.9,3450,14,2300,0,52900
CIPLA30JAN20470PE.NFO,07/01/2020,09:35:16,15.25,12.8,4600,13.85,1150,0,52900
CIPLA30JAN20470PE.NFO,07/01/2020,09:35:21,15.25,13.05,1150,13.85,1150,0,52900
CIPLA30JAN20470PE.NFO,07/01/2020,09:35:32,15.25,13.05,1150,14.1,1150,0,52900
CIPLA30JAN20470PE.NFO,07/01/2020,09:35:38,15.25,13.15,1150,14.3,1150,0,52900
CIPLA30JAN20470PE.NFO,07/01/2020,09:35:44,15.25,13.05,1150,14.2,1150,0,52900
CIPLA30JAN20470PE.NFO,07/01/2020,09:35:58,15.25,12.75,3450,14,1150,0,52900
CIPLA30JAN20470PE.NFO,07/01/2020,09:36:05,15.25,12.9,1150,13.85,1150,0,52900
CIPLA30JAN20470PE.NFO,07/01/2020,09:36:10,15.25,12.9,1150,14.1,2300,0,52900
CIPLA30JAN20470PE.NFO,07/01/2020,09:36:16,15.25,12.85,2300,14.05,1150,0,52900
CIPLA30JAN20470PE.NFO,07/01/2020,09:36:22,15.25,12.65,1150,14.2,2300,0,52900
CIPLA30JAN20470PE.NFO,07/01/2020,09:36:28,15.25,12.65,1150,14.1,1150,0,52900
CIPLA30JAN20470PE.NFO,07/01/2020,09:36:33,15.25,12.65,1150,14,1150,0,52900
CIPLA30JAN20470PE.NFO,07/01/2020,09:36:37,15.25,12.45,6900,13.9,1150,0,52900
CIPLA30JAN20470PE.NFO,07/01/2020,09:36:42,15.25,12.95,3450,13.9,1150,0,52900
CIPLA30JAN20470PE.NFO,07/01/2020,09:36:47,15.25,13,1150,13.9,1150,0,52900
CIPLA30JAN20470PE.NFO,07/01/2020,09:36:58,15.25,12.7,1150,14.15,1150,0,52900
CIPLA30JAN20470PE.NFO,07/01/2020,09:37:03,15.25,12.8,2300,14.05,1150,0,52900
CIPLA30JAN20470PE.NFO,07/01/2020,09:37:08,15.25,12.7,4600,13.95,1150,0,52900
CIPLA30JAN20470PE.NFO,07/01/2020,09:37:12,15.25,12.85,1150,13.85,1150,0,52900
CIPLA30JAN20470PE.NFO,07/01/2020,09:37:17,15.25,12.85,1150,13.75,1150,0,52900
CIPLA30JAN20470PE.NFO,07/01/2020,09:37:22,15.25,12.6,3450,14.1,2300,0,52900
CIPLA30JAN20470PE.NFO,07/01/2020,09:37:27,15.25,12.5,4600,14.05,1150,0,52900
CIPLA30JAN20470PE.NFO,07/01/2020,09:37:32,15.25,12.7,4600,13.95,1150,0,52900
CIPLA30JAN20470PE.NFO,07/01/2020,09:37:38,15.25,12.9,1150,13.85,1150,0,52900
CIPLA30JAN20470PE.NFO,07/01/2020,09:37:42,15.25,12.95,1150,13.75,1150,0,52900
CIPLA30JAN20470PE.NFO,07/01/2020,09:37:48,15.25,13.05,1150,13.95,2300,0,52900
CIPLA30JAN20470PE.NFO,07/01/2020,09:37:52,15.25,12.85,1150,13.9,1150,0,52900
CIPLA30JAN20470PE.NFO,07/01/2020,09:38:01,15.25,12.95,1150,13.7,1150,0,52900
CIPLA30JAN20470PE.NFO,07/01/2020,09:38:10,15.25,12.7,1150,13.8,1150,0,52900
CIPLA30JAN20470PE.NFO,07/01/2020,09:38:15,15.25,12.85,1150,14,1150,0,52900
CIPLA30JAN20470PE.NFO,07/01/2020,09:38:20,15.25,12.9,1150,14.2,2300,0,52900
CIPLA30JAN20470PE.NFO,07/01/2020,09:38:25,15.25,12.9,1150,14.05,1150,0,52900
CIPLA30JAN20470PE.NFO,07/01/2020,09:38:29,15.25,12.65,2300,14.35,1150,0,52900
CIPLA30JAN20470PE.NFO,07/01/2020,09:38:34,15.25,12.45,6900,14.25,1150,0,52900
CIPLA30JAN20470PE.NFO,07/01/2020,09:38:38,15.25,12.85,2300,14.15,1150,0,52900
CIPLA30JAN20470PE.NFO,07/01/2020,09:38:43,15.25,13,1150,14.4,1150,0,52900
CIPLA30JAN20470PE.NFO,07/01/2020,09:38:48,15.25,12.55,4600,14.3,1150,0,52900
CIPLA30JAN20470PE.NFO,07/01/2020,09:38:53,15.25,13,1150,14.2,1150,0,52900
CIPLA30JAN20470PE.NFO,07/01/2020,09:38:57,15.25,13,1150,14.35,1150,0,52900
CIPLA30JAN20470PE.NFO,07/01/2020,09:39:02,15.25,13.05,1150,14.45,2300,0,52900
CIPLA30JAN20470PE.NFO,07/01/2020,09:39:07,15.25,13.15,1150,14.65,1150,0,52900
CIPLA30JAN20470PE.NFO,07/01/2020,09:39:11,15.25,13.05,2300,14.55,1150,0,52900
CIPLA30JAN20470PE.NFO,07/01/2020,09:39:16,15.25,12.7,4600,14.6,2300,0,52900
CIPLA30JAN20470PE.NFO,07/01/2020,09:39:22,15.25,12.7,2300,14.35,1150,0,52900
CIPLA30JAN20470PE.NFO,07/01/2020,09:39:28,15.25,12.95,1150,14.55,1150,0,52900
CIPLA30JAN20470PE.NFO,07/01/2020,09:39:33,15.25,12.95,1150,14.4,2300,0,52900
CIPLA30JAN20470PE.NFO,07/01/2020,09:39:38,15.25,13,1150,14.35,1150,0,52900
CIPLA30JAN20470PE.NFO,07/01/2020,09:39:43,15.25,13.05,1150,14.45,2300,0,52900
CIPLA30JAN20470PE.NFO,07/01/2020,09:39:48,15.25,13,1150,14.4,1150,0,52900
CIPLA30JAN20470PE.NFO,07/01/2020,09:39:52,15.25,12.95,1150,14.3,1150,0,52900
CIPLA30JAN20470PE.NFO,07/01/2020,09:39:57,15.25,13.05,1150,14.45,1150,0,52900
CIPLA30JAN20470PE.NFO,07/01/2020,09:40:01,15.25,13.1,1150,14.35,1150,0,52900
CIPLA30JAN20470PE.NFO,07/01/2020,09:40:06,15.25,13.05,1150,14.25,1150,0,52900
CIPLA30JAN20470PE.NFO,07/01/2020,09:40:12,15.25,13.05,1150,14.15,1150,0,52900
CIPLA30JAN20470PE.NFO,07/01/2020,09:40:18,15.25,13.05,1150,14.35,1150,0,52900
CIPLA30JAN20470PE.NFO,07/01/2020,09:40:24,15.25,13.05,1150,14.25,1150,0,52900
CIPLA30JAN20470PE.NFO,07/01/2020,09:40:29,15.25,13.05,1150,14.15,1150,0,52900
CIPLA30JAN20470PE.NFO,07/01/2020,09:40:34,15.25,13.15,1150,14.4,1150,0,52900
CIPLA30JAN20470PE.NFO,07/01/2020,09:40:39,15.25,13.1,1150,14.3,1150,0,52900
CIPLA30JAN20470PE.NFO,07/01/2020,09:40:44,15.25,13.1,1150,14.2,1150,0,52900
CIPLA30JAN20470PE.NFO,07/01/2020,09:40:49,15.25,13.15,1150,14.4,1150,0,52900
CIPLA30JAN20470PE.NFO,07/01/2020,09:40:53,15.25,13.15,1150,14.3,1150,0,52900
CIPLA30JAN20470PE.NFO,07/01/2020,09:40:58,15.25,13.15,1150,14.2,1150,0,52900
CIPLA30JAN20470PE.NFO,07/01/2020,09:41:03,15.25,13.15,1150,14.45,1150,0,52900
CIPLA30JAN20470PE.NFO,07/01/2020,09:41:09,15.25,13.15,1150,14.35,1150,0,52900
CIPLA30JAN20470PE.NFO,07/01/2020,09:41:13,15.25,13.15,1150,14.25,1150,0,52900
CIPLA30JAN20470PE.NFO,07/01/2020,09:41:18,15.25,13.15,1150,14.45,1150,0,52900
CIPLA30JAN20470PE.NFO,07/01/2020,09:41:23,15.25,13.15,1150,14.35,1150,0,52900
CIPLA30JAN20470PE.NFO,07/01/2020,09:41:29,15.25,13.15,1150,14.25,1150,0,52900
CIPLA30JAN20470PE.NFO,07/01/2020,09:41:38,15.25,13.15,1150,14.45,1150,0,52900
CIPLA30JAN20470PE.NFO,07/01/2020,09:41:42,15.25,13.15,1150,14.35,1150,0,52900
CIPLA30JAN20470PE.NFO,07/01/2020,09:41:47,15.25,13.15,1150,14.25,1150,0,52900
CIPLA30JAN20470PE.NFO,07/01/2020,09:41:52,15.25,13.15,1150,14.5,1150,0,52900
CIPLA30JAN20470PE.NFO,07/01/2020,09:41:58,15.25,13.15,1150,14.4,1150,0,52900
CIPLA30JAN20470PE.NFO,07/01/2020,09:42:05,15.25,13.15,1150,14.55,1150,0,52900
CIPLA30JAN20470PE.NFO,07/01/2020,09:42:11,15.25,13.45,1150,14.95,1150,0,52900
CIPLA30JAN20470PE.NFO,07/01/2020,09:42:18,15.25,13.45,1150,15.15,2300,0,52900
CIPLA30JAN20470PE.NFO,07/01/2020,09:42:25,15.25,13.45,1150,15,1150,0,52900
CIPLA30JAN20470PE.NFO,07/01/2020,09:42:32,15.25,13.45,1150,14.85,1150,0,52900
CIPLA30JAN20470PE.NFO,07/01/2020,09:42:40,15.25,13.45,1150,14.65,1150,0,52900
CIPLA30JAN20470PE.NFO,07/01/2020,09:42:46,15.25,13.45,1150,14.55,1150,0,52900
CIPLA30JAN20470PE.NFO,07/01/2020,09:42:52,15.25,13.45,1150,14.45,1150,0,52900
CIPLA30JAN20470PE.NFO,07/01/2020,09:42:58,15.25,13.4,1150,14.35,1150,0,52900
CIPLA30JAN20470PE.NFO,07/01/2020,09:43:03,15.25,13.4,1150,14.25,1150,0,52900
CIPLA30JAN20470PE.NFO,07/01/2020,09:43:20,15.25,13.3,1150,14.25,1150,0,52900
CIPLA30JAN20470PE.NFO,07/01/2020,09:43:31,15.25,13.3,1150,14.1,1150,0,52900
CIPLA30JAN20470PE.NFO,07/01/2020,09:44:00,15.25,13.25,1150,13.95,1150,0,52900
CIPLA30JAN20470PE.NFO,07/01/2020,09:44:05,15.25,13.25,1150,14.55,1150,0,52900
CIPLA30JAN20470PE.NFO,07/01/2020,09:44:11,15.25,13.25,1150,14.4,2300,0,52900
CIPLA30JAN20470PE.NFO,07/01/2020,09:44:16,15.25,13.25,1150,14.6,1150,0,52900
CIPLA30JAN20470PE.NFO,07/01/2020,09:44:22,15.25,13.25,1150,14.4,1150,0,52900
CIPLA30JAN20470PE.NFO,07/01/2020,09:44:32,15.25,13.25,1150,14.3,1150,0,52900
CIPLA30JAN20470PE.NFO,07/01/2020,09:44:44,15.25,13.25,1150,14.55,1150,0,52900
CIPLA30JAN20470PE.NFO,07/01/2020,09:44:49,15.25,13.25,1150,14.45,1150,0,52900
CIPLA30JAN20470PE.NFO,07/01/2020,09:44:54,15.25,13.25,1150,14.35,1150,0,52900
CIPLA30JAN20470PE.NFO,07/01/2020,09:45:00,15.25,13.25,1150,14.5,1150,0,52900
CIPLA30JAN20470PE.NFO,07/01/2020,09:45:05,15.25,13.25,1150,14.4,1150,0,52900
CIPLA30JAN20470PE.NFO,07/01/2020,09:45:12,15.25,13.15,1150,14.3,1150,0,52900
CIPLA30JAN20470PE.NFO,07/01/2020,09:45:18,15.25,13.15,1150,14.2,1150,0,52900
CIPLA30JAN20470PE.NFO,07/01/2020,09:45:24,15.25,13.15,1150,14.1,1150,0,52900
CIPLA30JAN20470PE.NFO,07/01/2020,09:45:57,15.25,13.1,1150,14.1,1150,0,52900
CIPLA30JAN20470PE.NFO,07/01/2020,09:46:02,15.25,13.15,1150,14.3,1150,0,52900
CIPLA30JAN20470PE.NFO,07/01/2020,09:46:06,15.25,13.15,1150,14.2,1150,0,52900
CIPLA30JAN20470PE.NFO,07/01/2020,09:46:11,15.25,13.15,1150,14.1,1150,0,52900
CIPLA30JAN20470PE.NFO,07/01/2020,09:46:31,15.25,13.15,1150,14.3,1150,0,52900
CIPLA30JAN20470PE.NFO,07/01/2020,09:46:37,15.25,13.15,1150,14.2,1150,0,52900
CIPLA30JAN20470PE.NFO,07/01/2020,09:46:42,15.25,13.15,1150,14.1,1150,0,52900
CIPLA30JAN20470PE.NFO,07/01/2020,09:47:00,15.25,13.1,1150,14.3,1150,0,52900
CIPLA30JAN20470PE.NFO,07/01/2020,09:47:04,15.25,13.1,1150,14.2,1150,0,52900
CIPLA30JAN20470PE.NFO,07/01/2020,09:47:09,15.25,13.1,1150,14.1,1150,0,52900
CIPLA30JAN20470PE.NFO,07/01/2020,09:47:27,15.25,13.05,1150,14.1,1150,0,52900
CIPLA30JAN20470PE.NFO,07/01/2020,09:47:31,15.25,13.1,1150,14,1150,0,52900
CIPLA30JAN20470PE.NFO,07/01/2020,09:47:35,15.25,13.05,1150,14,1150,0,52900
CIPLA30JAN20470PE.NFO,07/01/2020,09:47:40,15.25,13.1,1150,14,1150,0,52900
CIPLA30JAN20470PE.NFO,07/01/2020,09:47:50,15.25,13.1,1150,14.3,1150,0,52900
CIPLA30JAN20470PE.NFO,07/01/2020,09:47:54,15.25,13.1,1150,14.2,1150,0,52900
CIPLA30JAN20470PE.NFO,07/01/2020,09:47:59,15.25,13.1,1150,14.1,1150,0,52900
CIPLA30JAN20470PE.NFO,07/01/2020,09:48:04,15.25,13.1,1150,14,1150,0,52900
CIPLA30JAN20470PE.NFO,07/01/2020,09:48:12,15.25,13.05,1150,14.25,2300,0,52900
CIPLA30JAN20470PE.NFO,07/01/2020,09:48:16,15.25,13.05,1150,14.1,1150,0,52900
CIPLA30JAN20470PE.NFO,07/01/2020,09:48:20,15.25,13.1,1150,14,1150,0,52900
CIPLA30JAN20470PE.NFO,07/01/2020,09:48:28,15.25,13.1,1150,13.9,1150,0,52900
CIPLA30JAN20470PE.NFO,07/01/2020,09:48:37,15.25,13.1,1150,13.8,1150,0,52900
CIPLA30JAN20470PE.NFO,07/01/2020,09:48:42,15.25,13.05,1150,13.7,1150,0,52900
CIPLA30JAN20470PE.NFO,07/01/2020,09:48:46,15.25,13.05,1150,14.25,1150,0,52900
CIPLA30JAN20470PE.NFO,07/01/2020,09:48:50,15.25,13.05,1150,14.15,1150,0,52900
CIPLA30JAN20470PE.NFO,07/01/2020,09:48:54,15.25,13.05,1150,14.05,1150,0,52900
CIPLA30JAN20470PE.NFO,07/01/2020,09:48:58,15.25,13.05,1150,13.95,1150,0,52900
CIPLA30JAN20470PE.NFO,07/01/2020,09:49:39,15.25,13.05,1150,14.15,1150,0,52900
CIPLA30JAN20470PE.NFO,07/01/2020,09:49:44,15.25,13.05,1150,14.05,1150,0,52900
CIPLA30JAN20470PE.NFO,07/01/2020,09:50:03,15.25,13.05,1150,14.1,2300,0,52900
CIPLA30JAN20470PE.NFO,07/01/2020,09:50:08,15.25,13.1,1150,14.25,1150,0,52900
CIPLA30JAN20470PE.NFO,07/01/2020,09:50:12,15.25,13.05,1150,14.15,1150,0,52900
CIPLA30JAN20470PE.NFO,07/01/2020,09:50:16,15.25,13.05,1150,14.05,1150,0,52900
CIPLA30JAN20470PE.NFO,07/01/2020,09:50:20,15.25,13.05,1150,14.25,1150,0,52900
CIPLA30JAN20470PE.NFO,07/01/2020,09:50:24,15.25,13.1,1150,14.5,1150,0,52900
CIPLA30JAN20470PE.NFO,07/01/2020,09:50:27,15.25,13.1,1150,14.3,1150,0,52900
CIPLA30JAN20470PE.NFO,07/01/2020,09:50:30,15.25,13.1,1150,14.2,1150,0,52900
CIPLA30JAN20470PE.NFO,07/01/2020,09:50:34,15.25,13.1,1150,14.1,1150,0,52900
CIPLA30JAN20470PE.NFO,07/01/2020,09:50:52,15.25,13.1,1150,14.3,1150,0,52900
CIPLA30JAN20470PE.NFO,07/01/2020,09:50:57,15.25,13.2,1150,14.5,1150,0,52900
CIPLA30JAN20470PE.NFO,07/01/2020,09:51:01,15.25,13.2,1150,14.7,2300,0,52900
CIPLA30JAN20470PE.NFO,07/01/2020,09:51:05,15.25,13.2,1150,14.8,4600,0,52900
CIPLA30JAN20470PE.NFO,07/01/2020,09:51:10,15.25,13.2,1150,14.6,1150,0,52900
CIPLA30JAN20470PE.NFO,07/01/2020,09:51:14,15.25,13.2,1150,14.5,1150,0,52900
CIPLA30JAN20470PE.NFO,07/01/2020,09:51:19,15.25,13.2,1150,14.4,1150,0,52900
CIPLA30JAN20470PE.NFO,07/01/2020,09:51:23,15.25,13.15,1150,14.3,1150,0,52900
CIPLA30JAN20470PE.NFO,07/01/2020,09:51:28,15.25,13.15,1150,14.5,1150,0,52900
CIPLA30JAN20470PE.NFO,07/01/2020,09:51:32,15.25,13.15,2300,14.7,1150,0,52900
CIPLA30JAN20470PE.NFO,07/01/2020,09:51:37,15.25,13.2,1150,14.6,1150,0,52900
CIPLA30JAN20470PE.NFO,07/01/2020,09:51:41,15.25,13.2,1150,14.5,1150,0,52900
CIPLA30JAN20470PE.NFO,07/01/2020,09:51:45,15.25,13.2,1150,14.4,1150,0,52900
CIPLA30JAN20470PE.NFO,07/01/2020,09:51:48,15.25,13.2,1150,14.3,1150,0,52900
CIPLA30JAN20470PE.NFO,07/01/2020,09:52:08,15.25,13.25,1150,14.6,2300,0,52900
CIPLA30JAN20470PE.NFO,07/01/2020,09:52:12,15.25,13.3,1150,14.65,1150,0,52900
CIPLA30JAN20470PE.NFO,07/01/2020,09:52:17,15.25,13.3,1150,14.55,1150,0,52900
CIPLA30JAN20470PE.NFO,07/01/2020,09:52:21,15.25,13.3,1150,14.75,1150,0,52900
CIPLA30JAN20470PE.NFO,07/01/2020,09:52:26,15.25,13.5,1150,14.85,1150,0,52900
CIPLA30JAN20470PE.NFO,07/01/2020,09:52:36,15.25,13.5,1150,14.75,1150,0,52900
CIPLA30JAN20470PE.NFO,07/01/2020,09:52:41,15.25,13.5,1150,14.65,1150,0,52900
CIPLA30JAN20470PE.NFO,07/01/2020,09:52:45,15.25,13.5,1150,14.95,1150,0,52900
CIPLA30JAN20470PE.NFO,07/01/2020,09:52:54,15.25,13.6,1150,14.75,1150,0,52900
CIPLA30JAN20470PE.NFO,07/01/2020,09:52:58,15.25,13.6,1150,14.65,1150,0,52900
CIPLA30JAN20470PE.NFO,07/01/2020,09:53:01,15.25,13.6,1150,15,1150,0,52900
CIPLA30JAN20470PE.NFO,07/01/2020,09:53:12,15.25,13.7,1150,14.8,1150,0,52900
CIPLA30JAN20470PE.NFO,07/01/2020,09:53:17,15.25,13.6,1150,15.1,1150,0,52900
CIPLA30JAN20470PE.NFO,07/01/2020,09:53:21,15.25,13.6,1150,15,1150,0,52900
CIPLA30JAN20470PE.NFO,07/01/2020,09:53:26,15.25,13.6,1150,14.9,1150,0,52900
CIPLA30JAN20470PE.NFO,07/01/2020,09:53:35,15.25,13.7,1150,14.7,1150,0,52900
CIPLA30JAN20470PE.NFO,07/01/2020,09:53:39,15.25,13.45,2300,14.6,1150,0,52900
CIPLA30JAN20470PE.NFO,07/01/2020,09:53:43,15.25,13.6,1150,14.85,1150,0,52900
CIPLA30JAN20470PE.NFO,07/01/2020,09:53:47,15.25,13.65,1150,14.75,1150,0,52900
CIPLA30JAN20470PE.NFO,07/01/2020,09:53:52,15.25,13.7,1150,14.65,1150,0,52900
CIPLA30JAN20470PE.NFO,07/01/2020,09:54:07,15.25,13.55,1150,15,1150,0,52900
CIPLA30JAN20470PE.NFO,07/01/2020,09:54:12,15.25,13.55,1150,14.9,1150,0,52900
CIPLA30JAN20470PE.NFO,07/01/2020,09:54:21,15.25,13.55,1150,15,1150,0,52900
CIPLA30JAN20470PE.NFO,07/01/2020,09:54:26,15.25,13.55,1150,14.9,1150,0,52900
CIPLA30JAN20470PE.NFO,07/01/2020,09:54:31,15.25,13.55,1150,15,1150,0,52900
CIPLA30JAN20470PE.NFO,07/01/2020,09:54:35,15.25,13.55,1150,14.9,1150,0,52900
CIPLA30JAN20470PE.NFO,07/01/2020,09:54:40,15.25,13.55,1150,14.8,1150,0,52900
CIPLA30JAN20470PE.NFO,07/01/2020,09:54:44,15.25,13.55,1150,15.15,2300,0,52900
CIPLA30JAN20470PE.NFO,07/01/2020,09:54:48,15.25,13.55,1150,15,1150,0,52900
CIPLA30JAN20470PE.NFO,07/01/2020,09:54:53,15.25,13.55,1150,15.05,2300,0,52900
CIPLA30JAN20470PE.NFO,07/01/2020,09:54:56,15.25,13.55,1150,15,1150,0,52900
CIPLA30JAN20470PE.NFO,07/01/2020,09:55:00,15.25,13.55,1150,14.9,1150,0,52900
CIPLA30JAN20470PE.NFO,07/01/2020,09:55:05,15.25,13.55,1150,14.8,1150,0,52900
CIPLA30JAN20470PE.NFO,07/01/2020,09:55:11,15.25,13.45,1150,14.7,1150,0,52900
CIPLA30JAN20470PE.NFO,07/01/2020,09:55:15,15.25,13.45,1150,14.8,1150,0,52900
CIPLA30JAN20470PE.NFO,07/01/2020,09:55:20,15.25,13.45,1150,14.9,1150,0,52900
CIPLA30JAN20470PE.NFO,07/01/2020,09:55:24,15.25,13.45,1150,14.8,1150,0,52900
CIPLA30JAN20470PE.NFO,07/01/2020,09:55:29,15.25,13.45,1150,14.7,1150,0,52900
CIPLA30JAN20470PE.NFO,07/01/2020,09:55:33,15.25,13.45,1150,15.05,2300,0,52900
CIPLA30JAN20470PE.NFO,07/01/2020,09:55:37,15.25,13.45,1150,14.8,1150,0,52900
CIPLA30JAN20470PE.NFO,07/01/2020,09:55:42,15.25,13.45,1150,14.7,1150,0,52900
CIPLA30JAN20470PE.NFO,07/01/2020,09:55:46,15.25,13.45,1150,14.6,1150,0,52900
CIPLA30JAN20470PE.NFO,07/01/2020,09:55:54,15.25,13.45,1150,14.7,1150,0,52900
CIPLA30JAN20470PE.NFO,07/01/2020,09:56:01,15.25,13.45,1150,14.6,1150,0,52900
CIPLA30JAN20470PE.NFO,07/01/2020,09:56:19,15.25,13.45,1150,14.5,1150,0,52900
CIPLA30JAN20470PE.NFO,07/01/2020,09:56:24,15.25,13.45,1150,14.4,1150,0,52900
CIPLA30JAN20470PE.NFO,07/01/2020,09:56:29,15.25,13.45,1150,14.3,1150,0,52900
CIPLA30JAN20470PE.NFO,07/01/2020,09:56:34,15.25,13.45,1150,14.2,1150,0,52900
CIPLA30JAN20470PE.NFO,07/01/2020,09:56:42,15.25,13.3,1150,14.4,1150,0,52900
CIPLA30JAN20470PE.NFO,07/01/2020,09:56:47,15.25,13.3,1150,14.3,1150,0,52900
CIPLA30JAN20470PE.NFO,07/01/2020,09:56:51,15.25,13.35,2300,14.5,1150,0,52900
CIPLA30JAN20470PE.NFO,07/01/2020,09:56:55,15.25,13.35,1150,14.4,1150,0,52900
CIPLA30JAN20470PE.NFO,07/01/2020,09:56:59,15.25,13.35,1150,14.3,1150,0,52900
CIPLA30JAN20470PE.NFO,07/01/2020,09:57:42,15.25,13.25,3450,14.5,1150,0,52900
CIPLA30JAN20470PE.NFO,07/01/2020,09:57:45,15.25,13.35,2300,14.4,1150,0,52900
CIPLA30JAN20470PE.NFO,07/01/2020,09:57:59,13.45,13.3,1150,14.4,1150,1150,54050
CIPLA30JAN20470PE.NFO,07/01/2020,09:57:59,13.45,13.3,1150,14.4,1150,0,54050
CIPLA30JAN20470PE.NFO,07/01/2020,09:58:04,13.45,13.3,1150,14.4,1150,0,54050
CIPLA30JAN20470PE.NFO,07/01/2020,09:58:12,13.45,13.25,1150,14.4,1150,0,54050
CIPLA30JAN20470PE.NFO,07/01/2020,09:58:16,13.45,13.3,1150,14.4,1150,0,54050
CIPLA30JAN20470PE.NFO,07/01/2020,09:58:19,13.45,13.25,1150,14.4,1150,0,54050
CIPLA30JAN20470PE.NFO,07/01/2020,09:58:27,13.45,13.3,1150,14.4,1150,0,54050
CIPLA30JAN20470PE.NFO,07/01/2020,09:58:36,13.45,13.35,1150,14.45,1150,0,54050
CIPLA30JAN20470PE.NFO,07/01/2020,09:58:45,13.45,13.4,1150,14.45,1150,0,54050
CIPLA30JAN20470PE.NFO,07/01/2020,09:58:51,13.45,13.35,1150,14.45,1150,0,54050
CIPLA30JAN20470PE.NFO,07/01/2020,09:58:57,13.45,13.4,1150,14.45,1150,0,54050
CIPLA30JAN20470PE.NFO,07/01/2020,09:59:12,13.45,13.35,1150,14.45,1150,0,54050
CIPLA30JAN20470PE.NFO,07/01/2020,09:59:16,13.45,13.4,1150,14.45,1150,0,54050
CIPLA30JAN20470PE.NFO,07/01/2020,09:59:25,13.45,13.35,1150,14.45,1150,0,54050
CIPLA30JAN20470PE.NFO,07/01/2020,09:59:30,13.45,13.35,1150,13.75,1150,0,54050
CIPLA30JAN20470PE.NFO,07/01/2020,09:59:34,13.45,13.3,1150,13.75,1150,0,54050
CIPLA30JAN20470PE.NFO,07/01/2020,10:00:02,13.45,13.4,1150,13.75,1150,0,54050
CIPLA30JAN20470PE.NFO,07/01/2020,10:00:10,13.45,13.5,1150,13.75,1150,0,54050
CIPLA30JAN20470PE.NFO,07/01/2020,10:00:15,13.45,13.55,1150,13.75,1150,0,54050
CIPLA30JAN20470PE.NFO,07/01/2020,10:00:20,13.75,13.35,2300,14.2,1150,1150,54050
CIPLA30JAN20470PE.NFO,07/01/2020,10:00:24,13.75,13.55,2300,14.8,1150,0,54050
CIPLA30JAN20470PE.NFO,07/01/2020,10:00:29,13.75,13.55,2300,14.7,1150,0,54050
CIPLA30JAN20470PE.NFO,07/01/2020,10:00:34,13.75,13.7,1150,14.8,2300,0,54050
CIPLA30JAN20470PE.NFO,07/01/2020,10:00:38,13.75,13.55,2300,15.05,5750,0,54050
CIPLA30JAN20470PE.NFO,07/01/2020,10:00:42,13.75,13.45,2300,14.7,1150,0,54050
CIPLA30JAN20470PE.NFO,07/01/2020,10:00:49,13.75,13.7,1150,14.75,1150,0,54050
CIPLA30JAN20470PE.NFO,07/01/2020,10:00:55,13.75,13.6,1150,14.85,3450,0,54050
CIPLA30JAN20470PE.NFO,07/01/2020,10:01:07,13.75,13.45,2300,14.7,1150,0,54050
CIPLA30JAN20470PE.NFO,07/01/2020,10:01:12,13.75,13.65,1150,14.55,2300,0,54050
CIPLA30JAN20470PE.NFO,07/01/2020,10:01:18,13.75,13.6,1150,14.65,1150,0,54050
CIPLA30JAN20470PE.NFO,07/01/2020,10:01:24,13.75,13.6,1150,14.7,1150,0,54050
CIPLA30JAN20470PE.NFO,07/01/2020,10:01:30,13.75,13.3,4600,14.9,1150,0,54050
CIPLA30JAN20470PE.NFO,07/01/2020,10:01:36,13.75,13.7,1150,14.75,2300,0,54050
CIPLA30JAN20470PE.NFO,07/01/2020,10:01:42,13.75,13.45,2300,14.6,1150,0,54050
CIPLA30JAN20470PE.NFO,07/01/2020,10:01:48,13.75,13.55,2300,14.7,1150,0,54050
CIPLA30JAN20470PE.NFO,07/01/2020,10:01:53,13.75,13.7,2300,14.85,1150,0,54050
CIPLA30JAN20470PE.NFO,07/01/2020,10:01:58,13.75,13.7,2300,15.15,5750,0,54050
CIPLA30JAN20470PE.NFO,07/01/2020,10:02:03,13.75,13.85,1150,15.05,3450,0,54050
CIPLA30JAN20470PE.NFO,07/01/2020,10:02:09,13.75,13.7,2300,15,1150,0,54050
CIPLA30JAN20470PE.NFO,07/01/2020,10:02:14,13.75,13.75,1150,15.05,3450,0,54050
CIPLA30JAN20470PE.NFO,07/01/2020,10:02:20,13.75,13.7,2300,14.85,1150,0,54050
CIPLA30JAN20470PE.NFO,07/01/2020,10:02:25,13.75,13.45,1150,14.75,1150,0,54050
CIPLA30JAN20470PE.NFO,07/01/2020,10:02:31,13.75,13.7,1150,14.75,1150,0,54050
CIPLA30JAN20470PE.NFO,07/01/2020,10:02:36,13.75,13.6,2300,15,4600,0,54050
CIPLA30JAN20470PE.NFO,07/01/2020,10:02:41,13.75,13.6,1150,14.7,1150,0,54050
CIPLA30JAN20470PE.NFO,07/01/2020,10:02:45,13.75,13.55,1150,14.65,2300,0,54050
CIPLA30JAN20470PE.NFO,07/01/2020,10:02:53,13.75,13.45,2300,14.7,1150,0,54050
CIPLA30JAN20470PE.NFO,07/01/2020,10:02:57,13.75,13.5,1150,14.65,1150,0,54050
CIPLA30JAN20470PE.NFO,07/01/2020,10:03:01,13.75,13.6,1150,14.75,1150,0,54050
CIPLA30JAN20470PE.NFO,07/01/2020,10:03:05,13.75,13.35,2300,14.6,1150,0,54050
CIPLA30JAN20470PE.NFO,07/01/2020,10:03:11,13.75,13.45,2300,14.6,1150,0,54050
CIPLA30JAN20470PE.NFO,07/01/2020,10:03:16,13.75,13.55,2300,14.7,1150,0,54050
CIPLA30JAN20470PE.NFO,07/01/2020,10:03:21,13.75,13.75,1150,14.65,2300,0,54050
CIPLA30JAN20470PE.NFO,07/01/2020,10:03:25,13.75,13.75,1150,14.65,1150,0,54050
CIPLA30JAN20470PE.NFO,07/01/2020,10:03:30,13.75,13.85,1150,14.9,2300,0,54050
CIPLA30JAN20470PE.NFO,07/01/2020,10:03:35,13.75,13.85,1150,14.85,1150,0,54050
CIPLA30JAN20470PE.NFO,07/01/2020,10:03:50,13.75,13.85,2300,14.85,1150,0,54050
CIPLA30JAN20470PE.NFO,07/01/2020,10:03:59,13.75,13.85,2300,14.75,1150,0,54050
CIPLA30JAN20470PE.NFO,07/01/2020,10:04:03,13.75,13.8,1150,14.75,1150,0,54050
CIPLA30JAN20470PE.NFO,07/01/2020,10:04:17,13.75,13.5,2300,14.85,2300,0,54050
CIPLA30JAN20470PE.NFO,07/01/2020,10:04:21,13.75,13.75,2300,14.75,2300,0,54050
CIPLA30JAN20470PE.NFO,07/01/2020,10:04:25,13.75,13.6,2300,14.9,1150,0,54050
CIPLA30JAN20470PE.NFO,07/01/2020,10:04:30,13.75,13.5,2300,14.9,1150,0,54050
CIPLA30JAN20470PE.NFO,07/01/2020,10:04:35,13.75,13.7,2300,14.85,2300,0,54050
CIPLA30JAN20470PE.NFO,07/01/2020,10:04:40,13.75,13.75,2300,14.85,2300,0,54050
CIPLA30JAN20470PE.NFO,07/01/2020,10:04:44,13.75,13.75,2300,14.7,1150,0,54050
CIPLA30JAN20470PE.NFO,07/01/2020,10:04:59,13.75,13.75,2300,14.6,1150,0,54050
CIPLA30JAN20470PE.NFO,07/01/2020,10:05:28,13.75,13.75,1150,14.65,1150,0,54050
CIPLA30JAN20470PE.NFO,07/01/2020,10:05:32,13.75,13.75,2300,14.65,2300,0,54050
CIPLA30JAN20470PE.NFO,07/01/2020,10:05:39,13.75,13.8,1150,14.75,2300,0,54050
CIPLA30JAN20470PE.NFO,07/01/2020,10:05:45,13.75,13.8,1150,14.6,1150,0,54050
CIPLA30JAN20470PE.NFO,07/01/2020,10:05:50,13.75,13.75,2300,14.75,1150,0,54050
CIPLA30JAN20470PE.NFO,07/01/2020,10:05:56,13.75,13.75,2300,14.7,1150,0,54050
CIPLA30JAN20470PE.NFO,07/01/2020,10:06:06,13.75,13.75,2300,14.9,3450,0,54050
CIPLA30JAN20470PE.NFO,07/01/2020,10:06:11,13.75,13.75,2300,14.75,1150,0,54050
CIPLA30JAN20470PE.NFO,07/01/2020,10:06:15,13.75,13.8,1150,14.75,1150,0,54050
CIPLA30JAN20470PE.NFO,07/01/2020,10:06:49,13.75,13.85,1150,14.95,3450,0,54050
CIPLA30JAN20470PE.NFO,07/01/2020,10:06:59,13.75,13.8,1150,14.95,5750,0,54050
CIPLA30JAN20470PE.NFO,07/01/2020,10:07:04,13.75,13.75,1150,14.75,1150,0,54050
CIPLA30JAN20470PE.NFO,07/01/2020,10:07:10,13.75,13.75,2300,14.6,1150,0,54050
CIPLA30JAN20470PE.NFO,07/01/2020,10:07:15,13.75,13.75,2300,14.8,2300,0,54050
CIPLA30JAN20470PE.NFO,07/01/2020,10:07:20,13.75,13.75,2300,14.65,1150,0,54050
CIPLA30JAN20470PE.NFO,07/01/2020,10:08:05,13.75,13.65,2300,14.5,2300,0,54050
CIPLA30JAN20470PE.NFO,07/01/2020,10:08:10,13.75,13.7,1150,14.7,3450,0,54050
CIPLA30JAN20470PE.NFO,07/01/2020,10:08:14,13.75,13.65,1150,14.8,3450,0,54050
CIPLA30JAN20470PE.NFO,07/01/2020,10:08:20,13.75,13.65,1150,14.65,2300,0,54050
CIPLA30JAN20470PE.NFO,07/01/2020,10:08:25,13.75,13.6,2300,14.65,1150,0,54050
CIPLA30JAN20470PE.NFO,07/01/2020,10:08:39,13.75,13.7,2300,14.6,1150,0,54050
CIPLA30JAN20470PE.NFO,07/01/2020,10:08:56,13.75,13.7,1150,14.65,2300,0,54050
CIPLA30JAN20470PE.NFO,07/01/2020,10:09:01,13.75,13.7,1150,14.55,1150,0,54050
CIPLA30JAN20470PE.NFO,07/01/2020,10:09:06,13.75,13.65,1150,14.4,2300,0,54050
CIPLA30JAN20470PE.NFO,07/01/2020,10:09:14,13.75,13.6,2300,14.55,1150,0,54050
CIPLA30JAN20470PE.NFO,07/01/2020,10:09:18,13.75,13.6,3450,14.65,2300,0,54050
CIPLA30JAN20470PE.NFO,07/01/2020,10:09:23,13.75,13.6,3450,14.6,1150,0,54050
CIPLA30JAN20470PE.NFO,07/01/2020,10:10:04,13.75,13.55,1150,14.6,1150,0,54050
CIPLA30JAN20470PE.NFO,07/01/2020,10:10:10,13.75,13.75,1150,14.6,1150,0,54050
CIPLA30JAN20470PE.NFO,07/01/2020,10:10:15,13.75,13.7,1150,15.15,5750,0,54050
CIPLA30JAN20470PE.NFO,07/01/2020,10:10:20,13.75,13.8,1150,14.75,2300,0,54050
CIPLA30JAN20470PE.NFO,07/01/2020,10:10:24,13.75,13.8,1150,14.7,1150,0,54050
CIPLA30JAN20470PE.NFO,07/01/2020,10:10:37,13.75,13.85,1150,14.95,3450,0,54050
CIPLA30JAN20470PE.NFO,07/01/2020,10:10:41,13.75,13.85,1150,14.6,1150,0,54050
CIPLA30JAN20470PE.NFO,07/01/2020,10:10:47,13.75,13.85,2300,14.85,2300,0,54050
CIPLA30JAN20470PE.NFO,07/01/2020,10:10:51,13.75,13.85,2300,14.8,1150,0,54050
CIPLA30JAN20470PE.NFO,07/01/2020,10:11:31,13.75,13.85,1150,14.8,1150,0,54050
CIPLA30JAN20470PE.NFO,07/01/2020,10:11:56,13.75,13.85,2300,14.7,1150,0,54050
CIPLA30JAN20470PE.NFO,07/01/2020,10:12:04,13.75,13.7,2300,14.95,1150,0,54050
CIPLA30JAN20470PE.NFO,07/01/2020,10:12:08,13.75,13.5,4600,14.75,1150,0,54050
CIPLA30JAN20470PE.NFO,07/01/2020,10:12:12,13.75,13.25,4600,14.75,1150,0,54050
CIPLA30JAN20470PE.NFO,07/01/2020,10:12:16,13.75,13.65,2300,14.95,1150,0,54050
CIPLA30JAN20470PE.NFO,07/01/2020,10:12:20,13.75,13.45,2300,14.95,1150,0,54050
CIPLA30JAN20470PE.NFO,07/01/2020,10:12:25,13.75,13.45,4600,14.75,1150,0,54050
CIPLA30JAN20470PE.NFO,07/01/2020,10:12:29,13.75,13.65,2300,14.85,1150,0,54050
CIPLA30JAN20470PE.NFO,07/01/2020,10:12:34,13.75,13.6,2300,14.85,1150,0,54050
CIPLA30JAN20470PE.NFO,07/01/2020,10:12:46,13.75,13.75,1150,14.8,1150,0,54050
CIPLA30JAN20470PE.NFO,07/01/2020,10:12:50,13.75,13.75,1150,14.8,2300,0,54050
CIPLA30JAN20470PE.NFO,07/01/2020,10:12:54,13.75,13.6,2300,14.85,1150,0,54050
CIPLA30JAN20470PE.NFO,07/01/2020,10:13:01,13.75,13.5,2300,14.85,1150,0,54050
CIPLA30JAN20470PE.NFO,07/01/2020,10:13:06,13.75,13.4,4600,14.75,1150,0,54050
CIPLA30JAN20470PE.NFO,07/01/2020,10:13:09,13.75,13.6,2300,14.85,1150,0,54050
CIPLA30JAN20470PE.NFO,07/01/2020,10:13:19,13.75,13.5,2300,14.75,1150,0,54050
CIPLA30JAN20470PE.NFO,07/01/2020,10:13:23,13.75,13.6,2300,14.85,1150,0,54050
CIPLA30JAN20470PE.NFO,07/01/2020,10:13:27,13.75,13.5,2300,14.75,1150,0,54050
CIPLA30JAN20470PE.NFO,07/01/2020,10:13:33,13.75,13.7,1150,14.75,1150,0,54050
CIPLA30JAN20470PE.NFO,07/01/2020,10:13:37,13.75,13.55,2300,14.8,1150,0,54050
CIPLA30JAN20470PE.NFO,07/01/2020,10:13:41,13.75,13.35,2300,14.75,3450,0,54050
CIPLA30JAN20470PE.NFO,07/01/2020,10:13:44,13.75,13.35,3450,14.5,1150,0,54050
CIPLA30JAN20470PE.NFO,07/01/2020,10:13:48,13.75,13.55,1150,14.85,1150,0,54050
CIPLA30JAN20470PE.NFO,07/01/2020,10:13:54,13.75,13.65,1150,14.65,1150,0,54050
CIPLA30JAN20470PE.NFO,07/01/2020,10:13:59,13.75,13.6,2300,14.95,1150,0,54050
CIPLA30JAN20470PE.NFO,07/01/2020,10:14:03,13.75,13.5,1150,14.8,1150,0,54050
CIPLA30JAN20470PE.NFO,07/01/2020,10:14:08,13.75,13.45,2300,14.8,1150,0,54050
CIPLA30JAN20470PE.NFO,07/01/2020,10:14:13,13.75,13.55,2300,14.75,1150,0,54050
CIPLA30JAN20470PE.NFO,07/01/2020,10:14:19,13.75,13.5,2300,14.9,2300,0,54050
CIPLA30JAN20470PE.NFO,07/01/2020,10:14:24,13.75,13.55,2300,14.95,1150,0,54050
CIPLA30JAN20470PE.NFO,07/01/2020,10:14:29,13.75,13.6,2300,14.75,1150,0,54050
CIPLA30JAN20470PE.NFO,07/01/2020,10:14:34,13.75,13.65,1150,14.75,1150,0,54050
CIPLA30JAN20470PE.NFO,07/01/2020,10:14:44,13.75,13.55,2300,14.75,1150,0,54050
CIPLA30JAN20470PE.NFO,07/01/2020,10:14:57,13.75,13.4,3450,14.75,1150,0,54050
CIPLA30JAN20470PE.NFO,07/01/2020,10:15:02,13.75,13.85,1150,15,1150,0,54050
CIPLA30JAN20470PE.NFO,07/01/2020,10:15:08,13.75,13.65,2300,15,1150,0,54050
CIPLA30JAN20470PE.NFO,07/01/2020,10:15:13,13.75,13.75,2300,14.95,1150,0,54050
CIPLA30JAN20470PE.NFO,07/01/2020,10:15:23,13.75,13.75,1150,14.95,1150,0,54050
CIPLA30JAN20470PE.NFO,07/01/2020,10:15:28,13.75,13.8,2300,14.85,1150,0,54050
CIPLA30JAN20470PE.NFO,07/01/2020,10:15:54,13.75,13.9,2300,15.2,1150,0,54050
CIPLA30JAN20470PE.NFO,07/01/2020,10:15:59,13.75,13.85,1150,15.2,1150,0,54050
CIPLA30JAN20470PE.NFO,07/01/2020,10:16:04,13.75,13.95,1150,15.15,2300,0,54050
CIPLA30JAN20470PE.NFO,07/01/2020,10:16:08,13.75,13.9,2300,15.1,1150,0,54050
CIPLA30JAN20470PE.NFO,07/01/2020,10:16:13,13.75,14,1150,15.05,2300,0,54050
CIPLA30JAN20470PE.NFO,07/01/2020,10:16:17,13.75,14.05,1150,15.1,1150,0,54050
CIPLA30JAN20470PE.NFO,07/01/2020,10:16:20,13.75,13.95,1150,15.05,2300,0,54050
CIPLA30JAN20470PE.NFO,07/01/2020,10:16:24,13.75,13.9,2300,15,1150,0,54050
CIPLA30JAN20470PE.NFO,07/01/2020,10:16:28,13.75,14.05,1150,15.05,2300,0,54050
CIPLA30JAN20470PE.NFO,07/01/2020,10:16:33,13.75,13.9,2300,15,1150,0,54050
CIPLA30JAN20470PE.NFO,07/01/2020,10:16:37,13.75,14.05,1150,15.15,2300,0,54050
CIPLA30JAN20470PE.NFO,07/01/2020,10:16:42,13.75,13.95,2300,15.1,1150,0,54050
CIPLA30JAN20470PE.NFO,07/01/2020,10:17:21,13.75,13.85,1150,15,2300,0,54050
CIPLA30JAN20470PE.NFO,07/01/2020,10:17:26,13.75,13.9,2300,15.1,1150,0,54050
CIPLA30JAN20470PE.NFO,07/01/2020,10:17:42,13.75,13.75,4600,15.1,1150,0,54050
CIPLA30JAN20470PE.NFO,07/01/2020,10:17:46,13.75,14,1150,15.05,3450,0,54050
CIPLA30JAN20470PE.NFO,07/01/2020,10:17:50,13.75,13.95,1150,15.05,2300,0,54050
CIPLA30JAN20470PE.NFO,07/01/2020,10:17:54,13.75,13.95,2300,15,1150,0,54050
CIPLA30JAN20470PE.NFO,07/01/2020,10:17:58,13.75,14,1150,14.95,1150,0,54050
CIPLA30JAN20470PE.NFO,07/01/2020,10:18:01,13.75,13.95,1150,14.95,2300,0,54050
CIPLA30JAN20470PE.NFO,07/01/2020,10:18:05,13.75,14,1150,14.95,1150,0,54050
CIPLA30JAN20470PE.NFO,07/01/2020,10:18:09,13.75,13.9,1150,14.95,1150,0,54050
CIPLA30JAN20470PE.NFO,07/01/2020,10:18:13,13.75,13.75,1150,14.85,1150,0,54050
CIPLA30JAN20470PE.NFO,07/01/2020,10:18:21,13.75,13.75,2300,14.8,1150,0,54050
CIPLA30JAN20470PE.NFO,07/01/2020,10:18:25,13.75,13.8,1150,14.85,1150,0,54050
CIPLA30JAN20470PE.NFO,07/01/2020,10:18:29,13.75,13.8,1150,14.75,1150,0,54050
CIPLA30JAN20470PE.NFO,07/01/2020,10:18:34,13.75,13.5,4600,14.8,1150,0,54050
CIPLA30JAN20470PE.NFO,07/01/2020,10:18:39,13.75,13.7,1150,14.7,1150,0,54050
CIPLA30JAN20470PE.NFO,07/01/2020,10:18:44,13.75,13.75,2300,14.8,1150,0,54050
CIPLA30JAN20470PE.NFO,07/01/2020,10:18:49,13.75,13.7,1150,14.9,1150,0,54050
CIPLA30JAN20470PE.NFO,07/01/2020,10:18:54,13.75,13.75,2300,14.8,1150,0,54050
CIPLA30JAN20470PE.NFO,07/01/2020,10:18:59,13.75,13.6,2300,14.8,1150,0,54050
CIPLA30JAN20470PE.NFO,07/01/2020,10:19:08,13.75,13.75,1150,14.85,1150,0,54050
CIPLA30JAN20470PE.NFO,07/01/2020,10:19:12,13.75,13.7,2300,14.7,1150,0,54050
CIPLA30JAN20470PE.NFO,07/01/2020,10:19:16,13.75,13.7,2300,14.8,1150,0,54050
CIPLA30JAN20470PE.NFO,07/01/2020,10:19:21,13.75,13.75,1150,14.65,1150,0,54050
CIPLA30JAN20470PE.NFO,07/01/2020,10:19:26,13.75,13.6,3450,14.7,1150,0,54050
CIPLA30JAN20470PE.NFO,07/01/2020,10:19:31,13.75,13.7,1150,14.7,1150,0,54050
CIPLA30JAN20470PE.NFO,07/01/2020,10:19:39,13.75,13.6,2300,14.55,1150,0,54050
CIPLA30JAN20470PE.NFO,07/01/2020,10:19:44,13.75,13.8,1150,14.6,2300,0,54050
CIPLA30JAN20470PE.NFO,07/01/2020,10:19:53,13.75,13.6,1150,14.95,5750,0,54050
CIPLA30JAN20470PE.NFO,07/01/2020,10:19:58,13.75,13.25,4600,14.5,1150,0,54050
CIPLA30JAN20470PE.NFO,07/01/2020,10:20:02,13.75,13.7,1150,14.65,1150,0,54050
CIPLA30JAN20470PE.NFO,07/01/2020,10:20:06,13.75,13.65,2300,14.8,1150,0,54050
CIPLA30JAN20470PE.NFO,07/01/2020,10:20:11,13.75,13.75,2300,14.9,1150,0,54050
CIPLA30JAN20470PE.NFO,07/01/2020,10:20:16,13.75,13.8,1150,14.95,3450,0,54050
CIPLA30JAN20470PE.NFO,07/01/2020,10:20:20,13.75,13.8,1150,14.9,1150,0,54050
CIPLA30JAN20470PE.NFO,07/01/2020,10:20:24,13.75,13.8,1150,14.8,1150,0,54050
CIPLA30JAN20470PE.NFO,07/01/2020,10:20:27,13.75,13.8,1150,14.9,2300,0,54050
CIPLA30JAN20470PE.NFO,07/01/2020,10:20:32,13.75,13.55,2300,14.95,1150,0,54050
CIPLA30JAN20470PE.NFO,07/01/2020,10:20:35,13.75,13.35,4600,14.65,1150,0,54050
CIPLA30JAN20470PE.NFO,07/01/2020,10:20:39,13.75,13.65,2300,14.75,1150,0,54050
CIPLA30JAN20470PE.NFO,07/01/2020,10:20:43,13.75,13.75,2300,15.2,1150,0,54050
CIPLA30JAN20470PE.NFO,07/01/2020,10:20:48,13.75,13.8,2300,15.2,1150,0,54050
CIPLA30JAN20470PE.NFO,07/01/2020,10:20:52,13.75,13.8,2300,15.15,3450,0,54050
CIPLA30JAN20470PE.NFO,07/01/2020,10:20:55,13.75,13.5,4600,14.9,1150,0,54050
CIPLA30JAN20470PE.NFO,07/01/2020,10:20:58,13.75,13.8,2300,15.05,2300,0,54050
CIPLA30JAN20470PE.NFO,07/01/2020,10:21:02,13.75,13.8,2300,15,1150,0,54050
CIPLA30JAN20470PE.NFO,07/01/2020,10:21:06,13.75,13.85,1150,15,1150,0,54050
CIPLA30JAN20470PE.NFO,07/01/2020,10:21:13,13.75,13.9,1150,15.05,2300,0,54050
CIPLA30JAN20470PE.NFO,07/01/2020,10:21:18,13.75,13.9,2300,15.1,1150,0,54050
CIPLA30JAN20470PE.NFO,07/01/2020,10:21:22,13.75,14,1150,15.05,2300,0,54050
CIPLA30JAN20470PE.NFO,07/01/2020,10:21:26,13.75,13.95,1150,15.05,2300,0,54050
CIPLA30JAN20470PE.NFO,07/01/2020,10:21:30,13.75,13.95,1150,14.95,2300,0,54050
CIPLA30JAN20470PE.NFO,07/01/2020,10:21:33,13.75,13.95,1150,15.05,2300,0,54050
CIPLA30JAN20470PE.NFO,07/01/2020,10:21:37,13.75,13.8,2300,15.1,1150,0,54050
CIPLA30JAN20470PE.NFO,07/01/2020,10:21:45,13.75,13.9,2300,14.9,1150,0,54050
CIPLA30JAN20470PE.NFO,07/01/2020,10:21:48,13.75,13.8,2300,14.9,1150,0,54050
CIPLA30JAN20470PE.NFO,07/01/2020,10:21:53,13.75,13.95,1150,15.15,2300,0,54050
CIPLA30JAN20470PE.NFO,07/01/2020,10:21:57,13.75,13.95,2300,15.1,1150,0,54050
CIPLA30JAN20470PE.NFO,07/01/2020,10:22:01,13.75,13.75,2300,15.1,1150,0,54050
CIPLA30JAN20470PE.NFO,07/01/2020,10:22:05,13.75,14.1,1150,15.05,2300,0,54050
CIPLA30JAN20470PE.NFO,07/01/2020,10:22:10,13.75,14,1150,15.05,2300,0,54050
CIPLA30JAN20470PE.NFO,07/01/2020,10:22:19,13.75,13.95,2300,14.9,1150,0,54050
CIPLA30JAN20470PE.NFO,07/01/2020,10:22:23,13.75,14,1150,15.05,2300,0,54050
CIPLA30JAN20470PE.NFO,07/01/2020,10:22:27,13.75,13.95,2300,15,1150,0,54050
CIPLA30JAN20470PE.NFO,07/01/2020,10:22:31,13.75,13.55,4600,15.05,1150,0,54050
CIPLA30JAN20470PE.NFO,07/01/2020,10:22:35,13.75,13.9,1150,14.9,2300,0,54050
CIPLA30JAN20470PE.NFO,07/01/2020,10:22:40,13.75,13.9,1150,14.9,1150,0,54050
CIPLA30JAN20470PE.NFO,07/01/2020,10:22:52,13.75,13.9,1150,14.9,2300,0,54050
CIPLA30JAN20470PE.NFO,07/01/2020,10:22:57,13.75,13.6,4600,14.75,1150,0,54050
CIPLA30JAN20470PE.NFO,07/01/2020,10:23:02,13.75,13.6,2300,15.05,2300,0,54050
CIPLA30JAN20470PE.NFO,07/01/2020,10:23:08,13.75,13.65,2300,14.9,1150,0,54050
CIPLA30JAN20470PE.NFO,07/01/2020,10:23:12,13.75,13.55,2300,14.85,1150,0,54050
CIPLA30JAN20470PE.NFO,07/01/2020,10:23:16,13.75,13.9,1150,14.85,2300,0,54050
CIPLA30JAN20470PE.NFO,07/01/2020,10:23:20,13.75,13.7,2300,14.85,1150,0,54050
CIPLA30JAN20470PE.NFO,07/01/2020,10:23:25,13.75,13.9,1150,15.15,5750,0,54050
CIPLA30JAN20470PE.NFO,07/01/2020,10:23:29,13.75,13.7,2300,14.85,1150,0,54050
CIPLA30JAN20470PE.NFO,07/01/2020,10:23:35,13.75,13.95,1150,14.85,2300,0,54050
CIPLA30JAN20470PE.NFO,07/01/2020,10:23:39,13.75,13.7,2300,14.7,1150,0,54050
CIPLA30JAN20470PE.NFO,07/01/2020,10:23:42,13.75,13.7,2300,14.8,1150,0,54050
CIPLA30JAN20470PE.NFO,07/01/2020,10:23:46,13.75,13.75,1150,14.9,1150,0,54050
CIPLA30JAN20470PE.NFO,07/01/2020,10:23:51,13.75,13.85,2300,14.85,1150,0,54050
CIPLA30JAN20470PE.NFO,07/01/2020,10:23:55,13.75,13.85,1150,14.85,1150,0,54050
CIPLA30JAN20470PE.NFO,07/01/2020,10:23:59,13.75,13.7,2300,14.8,1150,0,54050
CIPLA30JAN20470PE.NFO,07/01/2020,10:24:04,13.75,13.35,3450,14.8,2300,0,54050
CIPLA30JAN20470PE.NFO,07/01/2020,10:24:07,13.75,13.75,2300,14.8,1150,0,54050
CIPLA30JAN20470PE.NFO,07/01/2020,10:24:11,13.75,13.5,2300,14.8,1150,0,54050
CIPLA30JAN20470PE.NFO,07/01/2020,10:24:15,13.75,13.4,4600,14.75,1150,0,54050
CIPLA30JAN20470PE.NFO,07/01/2020,10:24:19,13.75,13.8,2300,14.9,3450,0,54050
CIPLA30JAN20470PE.NFO,07/01/2020,10:24:23,13.75,13.7,2300,14.9,2300,0,54050
CIPLA30JAN20470PE.NFO,07/01/2020,10:24:27,13.75,13.5,3450,14.65,1150,0,54050
CIPLA30JAN20470PE.NFO,07/01/2020,10:24:30,13.75,13.8,2300,14.9,2300,0,54050
CIPLA30JAN20470PE.NFO,07/01/2020,10:24:33,13.75,13.7,2300,15.15,5750,0,54050
CIPLA30JAN20470PE.NFO,07/01/2020,10:24:37,13.75,13.7,2300,14.75,1150,0,54050
CIPLA30JAN20470PE.NFO,07/01/2020,10:24:40,13.75,13.7,2300,15,5750,0,54050
CIPLA30JAN20470PE.NFO,07/01/2020,10:24:43,13.75,13.8,1150,14.65,1150,0,54050
CIPLA30JAN20470PE.NFO,07/01/2020,10:24:47,13.75,13.8,1150,14.55,1150,0,54050
CIPLA30JAN20470PE.NFO,07/01/2020,10:24:50,13.75,13.55,2300,14.75,1150,0,54050
CIPLA30JAN20470PE.NFO,07/01/2020,10:24:53,13.75,13.45,2300,15.05,4600,0,54050
CIPLA30JAN20470PE.NFO,07/01/2020,10:24:57,13.75,13.75,1150,14.75,1150,0,54050
CIPLA30JAN20470PE.NFO,07/01/2020,10:25:05,13.75,13.85,1150,14.7,1150,0,54050
CIPLA30JAN20470PE.NFO,07/01/2020,10:25:09,13.75,13.95,1150,14.85,2300,0,54050
CIPLA30JAN20470PE.NFO,07/01/2020,10:25:12,13.75,13.6,4600,14.9,1150,0,54050
CIPLA30JAN20470PE.NFO,07/01/2020,10:25:16,13.75,13.7,2300,14.8,1150,0,54050
CIPLA30JAN20470PE.NFO,07/01/2020,10:25:21,13.75,13.8,2300,15,1150,0,54050
CIPLA30JAN20470PE.NFO,07/01/2020,10:25:26,13.75,13.95,1150,14.9,1150,0,54050
CIPLA30JAN20470PE.NFO,07/01/2020,10:25:30,13.75,13.9,1150,14.9,1150,0,54050
CIPLA30JAN20470PE.NFO,07/01/2020,10:25:35,13.75,13.7,2300,14.9,1150,0,54050
CIPLA30JAN20470PE.NFO,07/01/2020,10:25:41,13.75,13.85,1150,14.9,1150,0,54050
CIPLA30JAN20470PE.NFO,07/01/2020,10:25:47,13.75,13.9,1150,14.95,3450,0,54050
CIPLA30JAN20470PE.NFO,07/01/2020,10:25:52,13.75,13.7,2300,15.05,2300,0,54050
CIPLA30JAN20470PE.NFO,07/01/2020,10:25:56,13.75,13.6,2300,14.9,1150,0,54050
CIPLA30JAN20470PE.NFO,07/01/2020,10:26:00,13.75,13.9,2300,14.8,1150,0,54050
CIPLA30JAN20470PE.NFO,07/01/2020,10:26:04,13.75,13.9,2300,15,1150,0,54050
CIPLA30JAN20470PE.NFO,07/01/2020,10:27:35,13.75,14.05,2300,15.1,1150,0,54050
CIPLA30JAN20470PE.NFO,07/01/2020,10:27:38,13.75,13.75,2300,15.2,1150,0,54050
CIPLA30JAN20470PE.NFO,07/01/2020,10:27:42,13.75,14.15,1150,15.15,2300,0,54050
CIPLA30JAN20470PE.NFO,07/01/2020,10:27:46,13.75,14.15,1150,15.1,1150,0,54050
CIPLA30JAN20470PE.NFO,07/01/2020,10:27:52,13.75,14.2,1150,15.2,1150,0,54050
CIPLA30JAN20470PE.NFO,07/01/2020,10:28:26,13.75,14.2,2300,15.2,1150,0,54050
CIPLA30JAN20470PE.NFO,07/01/2020,10:28:30,13.75,14.25,1150,15.2,1150,0,54050
CIPLA30JAN20470PE.NFO,07/01/2020,10:28:56,13.75,14.3,1150,15.2,1150,0,54050
CIPLA30JAN20470PE.NFO,07/01/2020,10:29:06,13.75,14.35,1150,15.2,1150,0,54050
CIPLA30JAN20470PE.NFO,07/01/2020,10:29:09,13.75,14.3,1150,15.2,1150,0,54050
CIPLA30JAN20470PE.NFO,07/01/2020,10:29:58,13.75,14.05,2300,15.2,1150,0,54050
CIPLA30JAN20470PE.NFO,07/01/2020,10:30:01,13.75,14.3,1150,15.2,1150,0,54050
CIPLA30JAN20470PE.NFO,07/01/2020,10:30:05,13.75,14.3,2300,15.2,1150,0,54050
CIPLA30JAN20470PE.NFO,07/01/2020,10:30:11,13.75,14.25,1150,15.15,2300,0,54050
CIPLA30JAN20470PE.NFO,07/01/2020,10:30:14,13.75,14,2300,15.25,1150,0,54050
CIPLA30JAN20470PE.NFO,07/01/2020,10:30:18,13.75,14.25,1150,15.2,1150,0,54050
CIPLA30JAN20470PE.NFO,07/01/2020,10:30:25,13.75,14.15,2300,15.2,1150,0,54050
CIPLA30JAN20470PE.NFO,07/01/2020,10:30:27,13.75,14.25,1150,15.2,1150,0,54050
CIPLA30JAN20470PE.NFO,07/01/2020,10:30:30,13.75,14.05,2300,15.15,1150,0,54050
CIPLA30JAN20470PE.NFO,07/01/2020,10:30:34,13.75,14.05,2300,15.2,1150,0,54050
CIPLA30JAN20470PE.NFO,07/01/2020,10:30:38,13.75,13.95,2300,15.1,1150,0,54050
CIPLA30JAN20470PE.NFO,07/01/2020,10:30:41,13.75,14.2,1150,15.15,1150,0,54050
CIPLA30JAN20470PE.NFO,07/01/2020,10:30:49,13.75,14.25,2300,15.05,1150,0,54050
CIPLA30JAN20470PE.NFO,07/01/2020,10:30:52,13.75,14.25,2300,15.1,1150,0,54050
CIPLA30JAN20470PE.NFO,07/01/2020,10:31:02,13.75,14.25,1150,14.95,3450,0,54050
CIPLA30JAN20470PE.NFO,07/01/2020,10:31:05,13.75,14.15,1150,14.95,1150,0,54050
CIPLA30JAN20470PE.NFO,07/01/2020,10:31:08,13.75,13.85,2300,15.15,2300,0,54050
CIPLA30JAN20470PE.NFO,07/01/2020,10:31:11,13.75,14.1,1150,14.8,2300,0,54050
CIPLA30JAN20470PE.NFO,07/01/2020,10:31:15,13.75,13.9,2300,15.1,2300,0,54050
CIPLA30JAN20470PE.NFO,07/01/2020,10:31:18,13.75,13.7,4600,15.15,1150,0,54050
CIPLA30JAN20470PE.NFO,07/01/2020,10:31:21,13.75,14.05,1150,14.95,1150,0,54050
CIPLA30JAN20470PE.NFO,07/01/2020,10:31:24,13.75,14,2300,15.05,1150,0,54050
CIPLA30JAN20470PE.NFO,07/01/2020,10:31:27,13.75,14,2300,15.15,2300,0,54050
CIPLA30JAN20470PE.NFO,07/01/2020,10:31:36,13.75,14.1,1150,15.15,2300,0,54050
CIPLA30JAN20470PE.NFO,07/01/2020,10:31:40,13.75,14.1,1150,15.15,3450,0,54050
CIPLA30JAN20470PE.NFO,07/01/2020,10:31:43,13.75,14.1,1150,14.75,2300,0,54050
CIPLA30JAN20470PE.NFO,07/01/2020,10:31:47,13.75,14,2300,14.85,2300,0,54050
CIPLA30JAN20470PE.NFO,07/01/2020,10:31:51,13.75,13.8,2300,15,1150,0,54050
CIPLA30JAN20470PE.NFO,07/01/2020,10:31:55,13.75,13.8,3450,14.8,1150,0,54050
CIPLA30JAN20470PE.NFO,07/01/2020,10:31:58,13.75,13.8,2300,14.8,1150,0,54050
CIPLA30JAN20470PE.NFO,07/01/2020,10:32:03,13.75,13.8,2300,15.2,1150,0,54050
CIPLA30JAN20470PE.NFO,07/01/2020,10:32:07,13.75,14.1,1150,14.95,1150,0,54050
CIPLA30JAN20470PE.NFO,07/01/2020,10:32:11,13.75,13.95,2300,15.1,1150,0,54050
CIPLA30JAN20470PE.NFO,07/01/2020,10:32:15,13.75,13.95,2300,15.15,1150,0,54050
CIPLA30JAN20470PE.NFO,07/01/2020,10:32:20,13.75,14.15,2300,15.05,2300,0,54050
CIPLA30JAN20470PE.NFO,07/01/2020,10:32:25,13.75,14.2,2300,15.1,1150,0,54050
CIPLA30JAN20470PE.NFO,07/01/2020,10:32:33,13.75,14.05,2300,15.15,1150,0,54050
CIPLA30JAN20470PE.NFO,07/01/2020,10:32:38,13.75,13.9,2300,15.15,3450,0,54050
CIPLA30JAN20470PE.NFO,07/01/2020,10:32:41,13.75,14.15,1150,14.9,1150,0,54050
CIPLA30JAN20470PE.NFO,07/01/2020,10:32:48,13.75,14.1,1150,14.9,1150,0,54050
CIPLA30JAN20470PE.NFO,07/01/2020,10:32:52,13.75,13.9,2300,15.05,1150,0,54050
CIPLA30JAN20470PE.NFO,07/01/2020,10:32:55,13.75,13.6,2300,15.15,2300,0,54050
CIPLA30JAN20470PE.NFO,07/01/2020,10:32:59,13.75,13.95,1150,14.75,1150,0,54050
CIPLA30JAN20470PE.NFO,07/01/2020,10:33:02,13.75,13.7,2300,15.05,2300,0,54050
CIPLA30JAN20470PE.NFO,07/01/2020,10:33:06,13.75,13.95,1150,14.75,1150,0,54050
CIPLA30JAN20470PE.NFO,07/01/2020,10:33:08,13.75,13.9,2300,14.8,1150,0,54050
CIPLA30JAN20470PE.NFO,07/01/2020,10:33:11,13.75,13.7,2300,14.65,1150,0,54050
CIPLA30JAN20470PE.NFO,07/01/2020,10:33:14,13.75,13.9,1150,14.8,1150,0,54050
CIPLA30JAN20470PE.NFO,07/01/2020,10:33:16,13.75,13.85,1150,14.7,1150,0,54050
CIPLA30JAN20470PE.NFO,07/01/2020,10:33:19,13.75,13.6,2300,14.8,1150,0,54050
CIPLA30JAN20470PE.NFO,07/01/2020,10:33:22,13.75,13.85,1150,14.55,1150,0,54050
CIPLA30JAN20470PE.NFO,07/01/2020,10:33:25,13.75,13.5,2300,15,1150,0,54050
CIPLA30JAN20470PE.NFO,07/01/2020,10:33:27,13.75,13.8,2300,14.95,1150,0,54050
CIPLA30JAN20470PE.NFO,07/01/2020,10:33:29,13.75,13.95,1150,14.75,1150,0,54050
CIPLA30JAN20470PE.NFO,07/01/2020,10:33:31,13.75,13.75,2300,15.05,3450,0,54050
CIPLA30JAN20470PE.NFO,07/01/2020,10:33:34,13.75,13.85,1150,14.75,2300,0,54050
CIPLA30JAN20470PE.NFO,07/01/2020,10:33:37,13.75,13.7,1150,14.8,2300,0,54050
CIPLA30JAN20470PE.NFO,07/01/2020,10:33:40,13.75,13.15,4600,14.65,1150,0,54050
CIPLA30JAN20470PE.NFO,07/01/2020,10:33:43,13.75,13.55,2300,14.85,2300,0,54050
CIPLA30JAN20470PE.NFO,07/01/2020,10:33:46,13.75,13.8,1150,14.55,1150,0,54050
CIPLA30JAN20470PE.NFO,07/01/2020,10:33:48,13.75,13.4,4600,14.95,1150,0,54050
CIPLA30JAN20470PE.NFO,07/01/2020,10:33:51,13.75,13.85,1150,14.95,3450,0,54050
CIPLA30JAN20470PE.NFO,07/01/2020,10:33:54,13.75,13.55,2300,15,2300,0,54050
CIPLA30JAN20470PE.NFO,07/01/2020,10:33:57,13.75,13.8,1150,14.8,1150,0,54050
CIPLA30JAN20470PE.NFO,07/01/2020,10:34:00,13.75,13.65,2300,14.95,1150,0,54050
CIPLA30JAN20470PE.NFO,07/01/2020,10:34:03,13.75,13.65,2300,14.95,2300,0,54050
CIPLA30JAN20470PE.NFO,07/01/2020,10:34:07,13.75,13.55,2300,14.7,1150,0,54050
CIPLA30JAN20470PE.NFO,07/01/2020,10:34:10,13.75,13.75,1150,14.85,1150,0,54050
CIPLA30JAN20470PE.NFO,07/01/2020,10:34:12,13.75,13.65,2300,14.9,1150,0,54050
CIPLA30JAN20470PE.NFO,07/01/2020,10:34:14,13.75,13.7,1150,14.85,1150,0,54050
CIPLA30JAN20470PE.NFO,07/01/2020,10:34:17,13.75,13.75,2300,14.9,1150,0,54050
CIPLA30JAN20470PE.NFO,07/01/2020,10:34:20,13.75,13.65,2300,14.9,1150,0,54050
CIPLA30JAN20470PE.NFO,07/01/2020,10:34:23,13.75,13.55,2300,14.7,1150,0,54050
CIPLA30JAN20470PE.NFO,07/01/2020,10:34:27,13.75,13.55,2300,14.85,1150,0,54050
CIPLA30JAN20470PE.NFO,07/01/2020,10:34:30,13.75,13.55,2300,14.7,1150,0,54050
CIPLA30JAN20470PE.NFO,07/01/2020,10:34:33,13.75,13.7,1150,14.75,1150,0,54050
CIPLA30JAN20470PE.NFO,07/01/2020,10:34:35,13.75,13.3,3450,14.7,1150,0,54050
CIPLA30JAN20470PE.NFO,07/01/2020,10:34:38,13.75,13.6,2300,14.85,2300,0,54050
CIPLA30JAN20470PE.NFO,07/01/2020,10:34:42,13.75,13.5,2300,14.95,4600,0,54050
CIPLA30JAN20470PE.NFO,07/01/2020,10:34:46,13.75,13.5,2300,14.6,1150,0,54050
CIPLA30JAN20470PE.NFO,07/01/2020,10:34:49,13.75,13.4,4600,14.6,1150,0,54050
CIPLA30JAN20470PE.NFO,07/01/2020,10:34:52,13.75,13.7,2300,14.7,1150,0,54050
CIPLA30JAN20470PE.NFO,07/01/2020,10:34:56,13.75,13.7,2300,14.7,2300,0,54050
CIPLA30JAN20470PE.NFO,07/01/2020,10:34:59,13.75,13.7,2300,14.55,1150,0,54050
CIPLA30JAN20470PE.NFO,07/01/2020,10:35:01,13.75,13.7,1150,14.7,3450,0,54050
CIPLA30JAN20470PE.NFO,07/01/2020,10:35:04,13.75,13.5,3450,14.55,1150,0,54050
CIPLA30JAN20470PE.NFO,07/01/2020,10:35:07,13.75,13.65,2300,14.65,1150,0,54050
CIPLA30JAN20470PE.NFO,07/01/2020,10:35:10,13.75,13.6,2300,14.65,1150,0,54050
CIPLA30JAN20470PE.NFO,07/01/2020,10:35:12,13.75,13.7,1150,14.65,1150,0,54050
CIPLA30JAN20470PE.NFO,07/01/2020,10:35:15,13.75,13.7,2300,14.65,1150,0,54050
CIPLA30JAN20470PE.NFO,07/01/2020,10:35:18,13.75,13.6,2300,14.65,1150,0,54050
CIPLA30JAN20470PE.NFO,07/01/2020,10:35:20,13.75,13.7,1150,14.65,1150,0,54050
CIPLA30JAN20470PE.NFO,07/01/2020,10:35:22,13.75,13.6,2300,14.65,1150,0,54050
CIPLA30JAN20470PE.NFO,07/01/2020,10:35:24,13.75,13.65,1150,14.65,1150,0,54050
CIPLA30JAN20470PE.NFO,07/01/2020,10:35:27,13.8,13.4,5750,13.85,1150,1150,55200
CIPLA30JAN20470PE.NFO,07/01/2020,10:35:30,13.8,13.45,1150,13.85,1150,0,55200
CIPLA30JAN20470PE.NFO,07/01/2020,10:35:34,13.8,13.55,1150,13.85,1150,0,55200
CIPLA30JAN20470PE.NFO,07/01/2020,10:35:37,13.8,13.45,1150,13.85,1150,0,55200
CIPLA30JAN20470PE.NFO,07/01/2020,10:35:44,13.8,13.5,1150,13.85,1150,0,55200
CIPLA30JAN20470PE.NFO,07/01/2020,10:35:47,13.8,13.55,1150,13.85,1150,0,55200
CIPLA30JAN20470PE.NFO,07/01/2020,10:35:54,13.8,13.45,1150,13.85,1150,0,55200
CIPLA30JAN20470PE.NFO,07/01/2020,10:36:11,13.8,13.55,1150,14.15,1150,0,55200
CIPLA30JAN20470PE.NFO,07/01/2020,10:36:14,13.45,13.3,2300,14.35,1150,4600,56350
CIPLA30JAN20470PE.NFO,07/01/2020,10:36:17,13.5,13.3,2300,13.5,1150,2300,56350
CIPLA30JAN20470PE.NFO,07/01/2020,10:36:20,13.5,13.25,1150,13.45,1150,1150,56350
CIPLA30JAN20470PE.NFO,07/01/2020,10:36:23,13.5,13.3,1150,13.45,1150,0,56350
CIPLA30JAN20470PE.NFO,07/01/2020,10:36:25,13.5,13.35,1150,13.45,1150,0,56350
CIPLA30JAN20470PE.NFO,07/01/2020,10:36:27,13.45,13.25,1150,14.5,1150,1150,56350
CIPLA30JAN20470PE.NFO,07/01/2020,10:36:29,13.45,13.45,1150,14.55,1150,0,56350
CIPLA30JAN20470PE.NFO,07/01/2020,10:36:31,13.45,13.45,1150,14.5,2300,0,56350
CIPLA30JAN20470PE.NFO,07/01/2020,10:36:33,13.45,13.45,1150,14.45,1150,0,56350
CIPLA30JAN20470PE.NFO,07/01/2020,10:38:07,13.45,13.45,1150,14.35,1150,0,56350
CIPLA30JAN20470PE.NFO,07/01/2020,10:38:25,13.45,13.45,1150,14.3,2300,0,56350
CIPLA30JAN20470PE.NFO,07/01/2020,10:38:28,13.45,13.5,1150,14.35,1150,0,56350
CIPLA30JAN20470PE.NFO,07/01/2020,10:39:08,13.45,13.45,1150,14.3,1150,0,56350
CIPLA30JAN20470PE.NFO,07/01/2020,10:39:15,13.45,13.5,1150,14.45,1150,0,56350
CIPLA30JAN20470PE.NFO,07/01/2020,10:39:23,13.45,13.5,1150,14.35,1150,0,56350
CIPLA30JAN20470PE.NFO,07/01/2020,10:40:06,13.45,13.5,1150,14.25,1150,0,56350
CIPLA30JAN20470PE.NFO,07/01/2020,10:40:16,13.45,13.35,1150,14.25,1150,0,56350
CIPLA30JAN20470PE.NFO,07/01/2020,10:40:18,13.45,13.35,1150,14.15,1150,0,56350
CIPLA30JAN20470PE.NFO,07/01/2020,10:40:21,13.45,13.35,1150,14.5,5750,0,56350
CIPLA30JAN20470PE.NFO,07/01/2020,10:40:23,13.45,13.45,1150,14.3,3450,0,56350
CIPLA30JAN20470PE.NFO,07/01/2020,10:40:25,13.45,13.45,1150,14.1,2300,0,56350
CIPLA30JAN20470PE.NFO,07/01/2020,10:40:27,13.45,13.25,2300,14.4,3450,0,56350
CIPLA30JAN20470PE.NFO,07/01/2020,10:40:30,13.45,13.25,2300,14.2,1150,0,56350
CIPLA30JAN20470PE.NFO,07/01/2020,10:40:45,13.45,13.25,1150,14.4,4600,0,56350
CIPLA30JAN20470PE.NFO,07/01/2020,10:40:48,13.45,13.3,1150,14.05,1150,0,56350
CIPLA30JAN20470PE.NFO,07/01/2020,10:40:50,13.45,13.3,1150,14.2,1150,0,56350
CIPLA30JAN20470PE.NFO,07/01/2020,10:40:53,13.45,13.25,1150,13.95,1150,0,56350
CIPLA30JAN20470PE.NFO,07/01/2020,10:40:55,13.45,13.25,1150,14.05,1150,0,56350
CIPLA30JAN20470PE.NFO,07/01/2020,10:40:57,13.45,13.25,1150,14.1,1150,0,56350
CIPLA30JAN20470PE.NFO,07/01/2020,10:41:32,13.45,13.3,1150,14.1,1150,0,56350
CIPLA30JAN20470PE.NFO,07/01/2020,10:41:45,13.45,13.4,1150,14.35,2300,0,56350
CIPLA30JAN20470PE.NFO,07/01/2020,10:41:48,13.45,13.45,1150,14.1,1150,0,56350
CIPLA30JAN20470PE.NFO,07/01/2020,10:41:50,13.45,13.35,1150,14.3,1150,0,56350
CIPLA30JAN20470PE.NFO,07/01/2020,10:41:56,13.45,13.35,1150,14.2,1150,0,56350
CIPLA30JAN20470PE.NFO,07/01/2020,10:42:02,13.45,13.5,1150,14.7,5750,0,56350
CIPLA30JAN20470PE.NFO,07/01/2020,10:42:05,13.7,13.15,1150,14.9,3450,1150,62100
CIPLA30JAN20470PE.NFO,07/01/2020,10:42:09,13.7,13.25,3450,15.15,3450,0,62100
CIPLA30JAN20470PE.NFO,07/01/2020,10:42:12,13.7,13.75,1150,14.8,1150,0,62100
CIPLA30JAN20470PE.NFO,07/01/2020,10:42:15,13.7,13.85,1150,15,1150,0,62100
CIPLA30JAN20470PE.NFO,07/01/2020,10:42:18,13.7,13.85,1150,15.15,1150,0,62100
CIPLA30JAN20470PE.NFO,07/01/2020,10:42:20,13.7,13.85,1150,15.1,1150,0,62100
CIPLA30JAN20470PE.NFO,07/01/2020,10:42:22,13.7,14.05,1150,15.2,1150,0,62100
CIPLA30JAN20470PE.NFO,07/01/2020,10:42:25,13.7,14.15,1150,15.2,1150,0,62100
CIPLA30JAN20470PE.NFO,07/01/2020,10:42:28,13.7,14.25,1150,15.2,1150,0,62100
CIPLA30JAN20470PE.NFO,07/01/2020,10:42:36,13.7,13.9,1150,15.1,1150,0,62100
CIPLA30JAN20470PE.NFO,07/01/2020,10:42:40,13.7,14,1150,15.1,1150,0,62100
CIPLA30JAN20470PE.NFO,07/01/2020,10:42:44,13.7,14,1150,15.05,1150,0,62100
CIPLA30JAN20470PE.NFO,07/01/2020,10:42:47,13.7,14.05,1150,15.15,1150,0,62100
CIPLA30JAN20470PE.NFO,07/01/2020,10:42:49,13.7,14.05,1150,15,1150,0,62100
CIPLA30JAN20470PE.NFO,07/01/2020,10:42:52,13.7,13.75,3450,15,1150,0,62100
CIPLA30JAN20470PE.NFO,07/01/2020,10:42:56,13.7,13.75,3450,15.05,1150,0,62100
CIPLA30JAN20470PE.NFO,07/01/2020,10:42:58,13.7,13.75,3450,15.15,1150,0,62100
CIPLA30JAN20470PE.NFO,07/01/2020,10:43:00,13.7,13.85,1150,15.15,1150,0,62100
CIPLA30JAN20470PE.NFO,07/01/2020,10:43:02,13.7,13.95,1150,15.15,1150,0,62100
CIPLA30JAN20470PE.NFO,07/01/2020,10:43:05,13.7,14,1150,15.15,1150,0,62100
CIPLA30JAN20470PE.NFO,07/01/2020,10:43:13,13.7,14.05,1150,15.05,1150,0,62100
CIPLA30JAN20470PE.NFO,07/01/2020,10:43:15,13.7,14.05,1150,15.15,1150,0,62100
CIPLA30JAN20470PE.NFO,07/01/2020,10:43:17,13.7,14.05,1150,15.05,1150,0,62100
CIPLA30JAN20470PE.NFO,07/01/2020,10:43:18,13.7,14.05,1150,15,2300,0,62100
CIPLA30JAN20470PE.NFO,07/01/2020,10:43:20,13.7,14.05,1150,14.95,1150,0,62100
CIPLA30JAN20470PE.NFO,07/01/2020,10:43:24,13.7,13.75,1150,14.85,1150,0,62100
CIPLA30JAN20470PE.NFO,07/01/2020,10:43:27,13.7,13.75,1150,14.75,1150,0,62100
CIPLA30JAN20470PE.NFO,07/01/2020,10:43:33,13.7,13.75,1150,14.9,1150,0,62100
CIPLA30JAN20470PE.NFO,07/01/2020,10:43:36,13.7,13.75,1150,15,1150,0,62100
CIPLA30JAN20470PE.NFO,07/01/2020,10:43:39,13.7,13.8,1150,14.75,1150,0,62100
CIPLA30JAN20470PE.NFO,07/01/2020,10:43:43,13.7,13.45,5750,14.75,1150,0,62100
CIPLA30JAN20470PE.NFO,07/01/2020,10:43:46,13.7,13.8,1150,15.1,1150,0,62100
CIPLA30JAN20470PE.NFO,07/01/2020,10:43:49,13.7,13.9,1150,14.95,2300,0,62100
CIPLA30JAN20470PE.NFO,07/01/2020,10:43:51,13.7,13.9,1150,14.85,1150,0,62100
CIPLA30JAN20470PE.NFO,07/01/2020,10:43:54,13.7,13.9,1150,15,1150,0,62100
CIPLA30JAN20470PE.NFO,07/01/2020,10:43:56,13.7,13.9,1150,14.75,1150,0,62100
CIPLA30JAN20470PE.NFO,07/01/2020,10:43:59,13.7,13.9,1150,14.7,1150,0,62100
CIPLA30JAN20470PE.NFO,07/01/2020,10:44:01,13.7,13.9,1150,14.85,1150,0,62100
CIPLA30JAN20470PE.NFO,07/01/2020,10:44:04,13.7,13.9,1150,14.7,1150,0,62100
CIPLA30JAN20470PE.NFO,07/01/2020,10:44:06,13.7,13.9,1150,14.95,4600,0,62100
CIPLA30JAN20470PE.NFO,07/01/2020,10:44:08,13.7,13.9,1150,14.75,1150,0,62100
CIPLA30JAN20470PE.NFO,07/01/2020,10:44:13,13.7,13.55,1150,15.05,6900,0,62100
CIPLA30JAN20470PE.NFO,07/01/2020,10:44:16,13.7,13.9,1150,14.75,3450,0,62100
CIPLA30JAN20470PE.NFO,07/01/2020,10:44:18,13.7,13.9,1150,14.85,4600,0,62100
CIPLA30JAN20470PE.NFO,07/01/2020,10:44:21,13.7,13.9,1150,14.6,1150,0,62100
CIPLA30JAN20470PE.NFO,07/01/2020,10:44:26,13.7,13.8,1150,14.85,1150,0,62100
CIPLA30JAN20470PE.NFO,07/01/2020,10:44:28,13.7,13.85,1150,14.95,3450,0,62100
CIPLA30JAN20470PE.NFO,07/01/2020,10:44:31,13.7,13.85,1150,14.75,2300,0,62100
CIPLA30JAN20470PE.NFO,07/01/2020,10:44:34,13.7,13.85,1150,14.85,3450,0,62100
CIPLA30JAN20470PE.NFO,07/01/2020,10:44:37,13.7,13.85,1150,14.75,3450,0,62100
CIPLA30JAN20470PE.NFO,07/01/2020,10:44:40,13.7,13.7,1150,14.85,2300,0,62100
CIPLA30JAN20470PE.NFO,07/01/2020,10:44:43,13.7,13.75,1150,14.85,4600,0,62100
CIPLA30JAN20470PE.NFO,07/01/2020,10:44:45,13.7,13.8,1150,14.65,3450,0,62100
CIPLA30JAN20470PE.NFO,07/01/2020,10:44:48,13.7,13.8,1150,14.6,1150,0,62100
CIPLA30JAN20470PE.NFO,07/01/2020,10:44:49,13.7,13.8,1150,14.75,2300,0,62100
CIPLA30JAN20470PE.NFO,07/01/2020,10:44:51,13.7,13.8,1150,14.6,1150,0,62100
CIPLA30JAN20470PE.NFO,07/01/2020,10:44:55,13.7,13.75,1150,14.6,1150,0,62100
CIPLA30JAN20470PE.NFO,07/01/2020,10:44:56,13.7,13.75,1150,14.75,2300,0,62100
CIPLA30JAN20470PE.NFO,07/01/2020,10:44:59,13.7,13.75,1150,15.05,6900,0,62100
CIPLA30JAN20470PE.NFO,07/01/2020,10:45:04,13.7,13.7,1150,14.95,3450,0,62100
CIPLA30JAN20470PE.NFO,07/01/2020,10:45:08,13.7,13.8,1150,14.7,1150,0,62100
CIPLA30JAN20470PE.NFO,07/01/2020,10:45:24,13.7,13.8,1150,14.6,1150,0,62100
CIPLA30JAN20470PE.NFO,07/01/2020,10:45:27,13.7,13.8,1150,14.65,1150,0,62100
CIPLA30JAN20470PE.NFO,07/01/2020,10:45:30,13.7,13.8,1150,14.6,1150,0,62100
CIPLA30JAN20470PE.NFO,07/01/2020,10:45:33,13.7,13.8,1150,14.7,1150,0,62100
CIPLA30JAN20470PE.NFO,07/01/2020,10:45:38,13.7,13.8,1150,14.65,1150,0,62100
CIPLA30JAN20470PE.NFO,07/01/2020,10:45:43,13.7,13.8,1150,14.9,1150,0,62100
CIPLA30JAN20470PE.NFO,07/01/2020,10:45:45,13.7,13.8,1150,14.7,1150,0,62100
CIPLA30JAN20470PE.NFO,07/01/2020,10:45:48,13.7,13.7,1150,14.55,2300,0,62100
CIPLA30JAN20470PE.NFO,07/01/2020,10:45:51,13.7,13.6,1150,14.7,3450,0,62100
CIPLA30JAN20470PE.NFO,07/01/2020,10:45:54,13.7,13.65,1150,14.5,3450,0,62100
CIPLA30JAN20470PE.NFO,07/01/2020,10:45:56,13.7,13.5,1150,14.25,1150,0,62100
CIPLA30JAN20470PE.NFO,07/01/2020,10:45:58,13.7,13.55,1150,14.6,4600,0,62100
CIPLA30JAN20470PE.NFO,07/01/2020,10:46:00,13.7,13.55,1150,14.4,2300,0,62100
CIPLA30JAN20470PE.NFO,07/01/2020,10:46:04,13.7,13.55,1150,14.2,1150,0,62100
CIPLA30JAN20470PE.NFO,07/01/2020,10:46:06,13.7,13.55,1150,14.5,3450,0,62100
CIPLA30JAN20470PE.NFO,07/01/2020,10:46:09,13.7,13.55,1150,14.6,4600,0,62100
CIPLA30JAN20470PE.NFO,07/01/2020,10:46:12,13.7,13.55,1150,14.4,4600,0,62100
CIPLA30JAN20470PE.NFO,07/01/2020,10:46:15,13.7,13.55,1150,14.2,2300,0,62100
CIPLA30JAN20470PE.NFO,07/01/2020,10:46:17,13.7,13.5,1150,14.5,3450,0,62100
CIPLA30JAN20470PE.NFO,07/01/2020,10:46:20,13.7,13.5,1150,14.2,1150,0,62100
CIPLA30JAN20470PE.NFO,07/01/2020,10:46:24,13.7,13.45,1150,14.4,4600,0,62100
CIPLA30JAN20470PE.NFO,07/01/2020,10:46:27,13.7,13.45,1150,14.1,2300,0,62100
CIPLA30JAN20470PE.NFO,07/01/2020,10:46:29,13.7,13.3,1150,14.3,1150,0,62100
CIPLA30JAN20470PE.NFO,07/01/2020,10:46:31,13.7,13.35,1150,14.1,1150,0,62100
CIPLA30JAN20470PE.NFO,07/01/2020,10:46:34,13.7,13.4,1150,14.2,1150,0,62100
CIPLA30JAN20470PE.NFO,07/01/2020,10:46:37,13.7,13.35,1150,14.4,3450,0,62100
CIPLA30JAN20470PE.NFO,07/01/2020,10:46:39,13.7,13.4,1150,14.3,3450,0,62100
CIPLA30JAN20470PE.NFO,07/01/2020,10:46:42,13.7,13.3,1150,14.4,2300,0,62100
CIPLA30JAN20470PE.NFO,07/01/2020,10:46:45,13.7,13.5,1150,14.45,4600,0,62100
CIPLA30JAN20470PE.NFO,07/01/2020,10:46:48,13.7,13.5,1150,14.55,4600,0,62100
CIPLA30JAN20470PE.NFO,07/01/2020,10:46:51,13.7,13.5,1150,14.25,2300,0,62100
CIPLA30JAN20470PE.NFO,07/01/2020,10:46:54,13.7,13.45,1150,14.45,1150,0,62100
CIPLA30JAN20470PE.NFO,07/01/2020,10:46:57,13.7,13.5,1150,14.3,1150,0,62100
CIPLA30JAN20470PE.NFO,07/01/2020,10:46:59,13.7,13.5,1150,14.5,4600,0,62100
CIPLA30JAN20470PE.NFO,07/01/2020,10:47:02,13.7,13.5,1150,14.6,4600,0,62100
CIPLA30JAN20470PE.NFO,07/01/2020,10:47:04,13.7,13.5,1150,14.4,1150,0,62100
CIPLA30JAN20470PE.NFO,07/01/2020,10:47:07,13.7,13.5,1150,14.4,2300,0,62100
CIPLA30JAN20470PE.NFO,07/01/2020,10:47:10,13.7,13.5,1150,14.6,4600,0,62100
CIPLA30JAN20470PE.NFO,07/01/2020,10:47:13,13.7,13.5,1150,14.4,1150,0,62100
CIPLA30JAN20470PE.NFO,07/01/2020,10:47:15,13.7,13.2,3450,14.3,1150,0,62100
CIPLA30JAN20470PE.NFO,07/01/2020,10:47:20,13.7,13.3,2300,14.4,1150,0,62100
CIPLA30JAN20470PE.NFO,07/01/2020,10:47:24,13.7,13.4,2300,14.55,1150,0,62100
CIPLA30JAN20470PE.NFO,07/01/2020,10:47:27,13.7,13.5,2300,14.3,1150,0,62100
CIPLA30JAN20470PE.NFO,07/01/2020,10:47:30,13.7,13.55,1150,14.35,1150,0,62100
CIPLA30JAN20470PE.NFO,07/01/2020,10:47:33,13.7,13.55,1150,14.45,2300,0,62100
CIPLA30JAN20470PE.NFO,07/01/2020,10:47:35,13.7,13.55,1150,14.55,2300,0,62100
CIPLA30JAN20470PE.NFO,07/01/2020,10:47:37,13.7,13.55,1150,14.45,2300,0,62100
CIPLA30JAN20470PE.NFO,07/01/2020,10:47:40,13.7,13.55,1150,14.55,2300,0,62100
CIPLA30JAN20470PE.NFO,07/01/2020,10:47:42,13.7,13.55,1150,14.3,1150,0,62100
CIPLA30JAN20470PE.NFO,07/01/2020,10:47:45,13.7,13.55,1150,14.35,1150,0,62100
CIPLA30JAN20470PE.NFO,07/01/2020,10:47:51,13.7,13.55,1150,14.55,1150,0,62100
CIPLA30JAN20470PE.NFO,07/01/2020,10:47:53,13.7,13.55,1150,14.3,1150,0,62100
CIPLA30JAN20470PE.NFO,07/01/2020,10:47:56,13.7,13.65,1150,14.4,1150,0,62100
CIPLA30JAN20470PE.NFO,07/01/2020,10:47:58,13.7,13.65,1150,14.55,4600,0,62100
CIPLA30JAN20470PE.NFO,07/01/2020,10:48:00,13.7,13.75,1150,14.45,1150,0,62100
CIPLA30JAN20470PE.NFO,07/01/2020,10:48:03,13.7,13.75,1150,14.55,4600,0,62100
CIPLA30JAN20470PE.NFO,07/01/2020,10:48:06,13.7,13.75,1150,14.55,1150,0,62100
CIPLA30JAN20470PE.NFO,07/01/2020,10:48:10,13.7,13.75,1150,14.4,1150,0,62100
CIPLA30JAN20470PE.NFO,07/01/2020,10:48:15,13.7,13.45,3450,14.65,2300,0,62100
CIPLA30JAN20470PE.NFO,07/01/2020,10:48:19,13.7,13.55,2300,15,6900,0,62100
CIPLA30JAN20470PE.NFO,07/01/2020,10:48:23,13.7,13.55,2300,14.55,1150,0,62100
CIPLA30JAN20470PE.NFO,07/01/2020,10:48:27,13.7,13.55,2300,14.6,1150,0,62100
CIPLA30JAN20470PE.NFO,07/01/2020,10:48:44,13.7,13.65,2300,14.6,1150,0,62100
CIPLA30JAN20470PE.NFO,07/01/2020,10:48:55,13.7,13.65,2300,14.4,1150,0,62100
CIPLA30JAN20470PE.NFO,07/01/2020,10:48:58,13.7,13.65,2300,14.55,1150,0,62100
CIPLA30JAN20470PE.NFO,07/01/2020,10:49:11,13.7,13.35,2300,14.35,1150,0,62100
CIPLA30JAN20470PE.NFO,07/01/2020,10:49:14,13.7,13.35,2300,14.55,2300,0,62100
CIPLA30JAN20470PE.NFO,07/01/2020,10:49:17,13.7,13.35,2300,14.55,1150,0,62100
CIPLA30JAN20470PE.NFO,07/01/2020,10:49:20,13.7,13.35,2300,14.45,1150,0,62100
CIPLA30JAN20470PE.NFO,07/01/2020,10:49:27,13.7,13.35,2300,14.55,1150,0,62100
CIPLA30JAN20470PE.NFO,07/01/2020,10:49:31,13.7,13.55,2300,14.6,1150,0,62100
CIPLA30JAN20470PE.NFO,07/01/2020,10:49:34,13.7,13.65,2300,14.6,1150,0,62100
CIPLA30JAN20470PE.NFO,07/01/2020,10:49:37,13.7,13.65,1150,14.35,2300,0,62100
CIPLA30JAN20470PE.NFO,07/01/2020,10:49:40,13.7,13.6,1150,14.6,4600,0,62100
CIPLA30JAN20470PE.NFO,07/01/2020,10:49:44,13.7,13.65,1150,14.65,4600,0,62100
CIPLA30JAN20470PE.NFO,07/01/2020,10:49:48,13.7,13.65,1150,14.4,1150,0,62100
CIPLA30JAN20470PE.NFO,07/01/2020,10:49:52,13.7,13.65,1150,14.35,2300,0,62100
CIPLA30JAN20470PE.NFO,07/01/2020,10:49:57,13.7,13.65,1150,14.45,3450,0,62100
CIPLA30JAN20470PE.NFO,07/01/2020,10:50:03,13.7,13.65,1150,14.45,1150,0,62100
CIPLA30JAN20470PE.NFO,07/01/2020,10:50:10,13.7,13.65,1150,14.6,3450,0,62100
CIPLA30JAN20470PE.NFO,07/01/2020,10:50:15,13.7,13.6,1150,14.5,1150,0,62100
CIPLA30JAN20470PE.NFO,07/01/2020,10:50:20,13.7,13.65,1150,14.6,4600,0,62100
CIPLA30JAN20470PE.NFO,07/01/2020,10:50:25,13.7,13.65,1150,14.5,3450,0,62100
CIPLA30JAN20470PE.NFO,07/01/2020,10:50:29,13.7,13.65,1150,14.45,1150,0,62100
CIPLA30JAN20470PE.NFO,07/01/2020,10:51:35,13.7,13.65,1150,14.35,1150,0,62100
CIPLA30JAN20470PE.NFO,07/01/2020,10:51:38,13.7,13.35,2300,14.45,1150,0,62100
CIPLA30JAN20470PE.NFO,07/01/2020,10:51:43,13.7,13.45,2300,14.6,3450,0,62100
CIPLA30JAN20470PE.NFO,07/01/2020,10:51:47,13.7,13.45,2300,14.5,1150,0,62100
CIPLA30JAN20470PE.NFO,07/01/2020,10:51:55,13.7,13.55,2300,14.45,1150,0,62100
CIPLA30JAN20470PE.NFO,07/01/2020,10:52:01,13.7,13.55,2300,14.5,1150,0,62100
CIPLA30JAN20470PE.NFO,07/01/2020,10:52:06,13.7,13.55,2300,14.9,4600,0,62100
CIPLA30JAN20470PE.NFO,07/01/2020,10:52:11,13.7,13.55,2300,14.6,1150,0,62100
CIPLA30JAN20470PE.NFO,07/01/2020,10:52:16,13.7,13.55,2300,14.7,1150,0,62100
CIPLA30JAN20470PE.NFO,07/01/2020,10:52:20,13.7,13.65,2300,14.85,2300,0,62100
CIPLA30JAN20470PE.NFO,07/01/2020,10:52:25,13.7,13.85,2300,14.9,1150,0,62100
CIPLA30JAN20470PE.NFO,07/01/2020,10:52:30,13.7,13.95,2300,15.15,1150,0,62100
CIPLA30JAN20470PE.NFO,07/01/2020,10:52:41,13.7,13.75,4600,15.05,1150,0,62100
CIPLA30JAN20470PE.NFO,07/01/2020,10:52:45,13.7,13.95,2300,14.95,1150,0,62100
CIPLA30JAN20470PE.NFO,07/01/2020,10:52:48,13.7,14.15,1150,14.95,1150,0,62100
CIPLA30JAN20470PE.NFO,07/01/2020,10:52:52,13.7,13.85,4600,15,1150,0,62100
CIPLA30JAN20470PE.NFO,07/01/2020,10:52:57,13.7,13.85,4600,15.15,1150,0,62100
CIPLA30JAN20470PE.NFO,07/01/2020,10:53:03,13.7,14,1150,15.05,2300,0,62100
CIPLA30JAN20470PE.NFO,07/01/2020,10:53:09,13.7,14.1,2300,14.9,1150,0,62100
CIPLA30JAN20470PE.NFO,07/01/2020,10:53:15,13.7,14.1,2300,15.05,1150,0,62100
CIPLA30JAN20470PE.NFO,07/01/2020,10:53:20,13.7,14.15,2300,14.95,1150,0,62100
CIPLA30JAN20470PE.NFO,07/01/2020,10:53:25,13.7,14.15,2300,14.95,2300,0,62100
CIPLA30JAN20470PE.NFO,07/01/2020,10:53:30,13.7,14.2,2300,15.05,1150,0,62100
CIPLA30JAN20470PE.NFO,07/01/2020,10:53:35,13.7,14.3,2300,15.05,1150,0,62100
CIPLA30JAN20470PE.NFO,07/01/2020,10:53:40,13.7,14.35,1150,15.1,1150,0,62100
CIPLA30JAN20470PE.NFO,07/01/2020,10:53:45,13.7,14.35,1150,15.15,1150,0,62100
CIPLA30JAN20470PE.NFO,07/01/2020,10:53:58,13.7,14.1,3450,15.15,1150,0,62100
CIPLA30JAN20470PE.NFO,07/01/2020,10:54:03,13.7,14.2,2300,15.1,1150,0,62100
CIPLA30JAN20470PE.NFO,07/01/2020,10:54:08,13.7,14.3,2300,15.1,1150,0,62100
CIPLA30JAN20470PE.NFO,07/01/2020,10:54:13,13.7,14.35,2300,15.15,1150,0,62100
CIPLA30JAN20470PE.NFO,07/01/2020,10:54:19,13.7,14.05,2300,14.95,1150,0,62100
CIPLA30JAN20470PE.NFO,07/01/2020,10:54:25,13.7,14.1,2300,15.15,2300,0,62100
CIPLA30JAN20470PE.NFO,07/01/2020,10:54:30,13.7,14.15,2300,14.95,1150,0,62100
CIPLA30JAN20470PE.NFO,07/01/2020,10:54:35,13.7,14.15,2300,14.95,2300,0,62100
CIPLA30JAN20470PE.NFO,07/01/2020,10:54:40,13.7,14.25,2300,15,1150,0,62100
CIPLA30JAN20470PE.NFO,07/01/2020,10:54:45,13.7,14.3,1150,15,1150,0,62100
CIPLA30JAN20470PE.NFO,07/01/2020,10:54:50,13.7,13.95,3450,15,1150,0,62100
CIPLA30JAN20470PE.NFO,07/01/2020,10:54:55,13.7,14.25,1150,15,1150,0,62100
CIPLA30JAN20470PE.NFO,07/01/2020,10:54:59,13.7,14.3,1150,15,1150,0,62100
CIPLA30JAN20470PE.NFO,07/01/2020,10:55:23,13.7,14.35,1150,15,1150,0,62100
CIPLA30JAN20470PE.NFO,07/01/2020,10:55:27,13.7,14.4,1150,15,1150,0,62100
CIPLA30JAN20470PE.NFO,07/01/2020,10:55:38,13.7,14.05,4600,15,1150,0,62100
CIPLA30JAN20470PE.NFO,07/01/2020,10:55:44,13.7,14.05,3450,14.9,1150,0,62100
CIPLA30JAN20470PE.NFO,07/01/2020,10:55:48,13.7,13.7,4600,14.9,1150,0,62100
CIPLA30JAN20470PE.NFO,07/01/2020,10:56:01,13.7,13.9,2300,14.9,1150,0,62100
CIPLA30JAN20470PE.NFO,07/01/2020,10:56:06,13.7,14,2300,14.9,1150,0,62100
CIPLA30JAN20470PE.NFO,07/01/2020,10:56:35,13.7,14.1,1150,14.85,1150,0,62100
CIPLA30JAN20470PE.NFO,07/01/2020,10:56:41,13.7,14.15,1150,14.85,1150,0,62100
CIPLA30JAN20470PE.NFO,07/01/2020,10:56:56,13.7,14.1,1150,14.85,1150,0,62100
CIPLA30JAN20470PE.NFO,07/01/2020,10:57:01,13.7,14.15,1150,14.85,1150,0,62100
CIPLA30JAN20470PE.NFO,07/01/2020,10:57:05,13.7,13.85,4600,14.85,1150,0,62100
CIPLA30JAN20470PE.NFO,07/01/2020,10:57:14,13.7,13.95,2300,14.85,1150,0,62100
CIPLA30JAN20470PE.NFO,07/01/2020,10:57:21,13.7,14.05,2300,14.85,1150,0,62100
CIPLA30JAN20470PE.NFO,07/01/2020,10:57:27,13.7,14.15,2300,15,1150,0,62100
CIPLA30JAN20470PE.NFO,07/01/2020,10:57:34,13.7,14.2,2300,15,1150,0,62100
CIPLA30JAN20470PE.NFO,07/01/2020,10:57:39,13.7,13.9,2300,15,1150,0,62100
CIPLA30JAN20470PE.NFO,07/01/2020,10:57:44,13.7,14,2300,15,1150,0,62100
CIPLA30JAN20470PE.NFO,07/01/2020,10:57:50,13.7,13.95,1150,14.85,1150,0,62100
CIPLA30JAN20470PE.NFO,07/01/2020,10:57:54,13.7,14.05,1150,14.85,1150,0,62100
CIPLA30JAN20470PE.NFO,07/01/2020,10:57:58,13.7,14.1,2300,14.85,1150,0,62100
CIPLA30JAN20470PE.NFO,07/01/2020,10:58:03,13.7,13.7,4600,14.9,1150,0,62100
CIPLA30JAN20470PE.NFO,07/01/2020,10:58:12,13.7,13.7,4600,14.9,2300,0,62100
CIPLA30JAN20470PE.NFO,07/01/2020,10:58:21,13.7,13.7,4600,14.8,1150,0,62100
CIPLA30JAN20470PE.NFO,07/01/2020,10:59:31,13.7,13.9,2300,14.8,1150,0,62100
CIPLA30JAN20470PE.NFO,07/01/2020,10:59:36,13.7,14,2300,14.8,1150,0,62100
CIPLA30JAN20470PE.NFO,07/01/2020,10:59:41,13.7,14.05,2300,14.8,1150,0,62100
CIPLA30JAN20470PE.NFO,07/01/2020,10:59:47,13.7,14.2,2300,15.2,2300,0,62100
CIPLA30JAN20470PE.NFO,07/01/2020,10:59:52,13.7,14.3,2300,15.2,3450,0,62100
CIPLA30JAN20470PE.NFO,07/01/2020,11:00:03,13.7,14.35,1150,15.2,1150,0,62100
CIPLA30JAN20470PE.NFO,07/01/2020,11:00:09,13.7,14.4,2300,15.25,1150,0,62100
CIPLA30JAN20470PE.NFO,07/01/2020,11:00:15,13.7,14.55,1150,15.25,1150,0,62100
CIPLA30JAN20470PE.NFO,07/01/2020,11:00:21,13.7,14.6,2300,15.25,1150,0,62100
CIPLA30JAN20470PE.NFO,07/01/2020,11:00:35,13.7,14.55,1150,15.25,1150,0,62100
CIPLA30JAN20470PE.NFO,07/01/2020,11:01:00,13.7,14.6,1150,15.25,1150,0,62100
CIPLA30JAN20470PE.NFO,07/01/2020,11:01:08,13.7,14.65,3450,15.25,1150,0,62100
CIPLA30JAN20470PE.NFO,07/01/2020,11:01:22,13.7,14.7,1150,15.25,1150,0,62100
CIPLA30JAN20470PE.NFO,07/01/2020,11:01:36,13.7,14.75,2300,15.25,1150,0,62100
CIPLA30JAN20470PE.NFO,07/01/2020,11:01:43,13.7,14.35,4600,15.2,1150,0,62100
CIPLA30JAN20470PE.NFO,07/01/2020,11:01:50,13.7,14.3,1150,15,1150,0,62100
CIPLA30JAN20470PE.NFO,07/01/2020,11:01:57,13.7,14.3,1150,15.05,2300,0,62100
CIPLA30JAN20470PE.NFO,07/01/2020,11:02:04,13.7,14.25,1150,14.9,1150,0,62100
CIPLA30JAN20470PE.NFO,07/01/2020,11:02:10,13.7,14.2,1150,14.8,2300,0,62100
CIPLA30JAN20470PE.NFO,07/01/2020,11:02:17,13.7,14.2,1150,14.85,1150,0,62100
CIPLA30JAN20470PE.NFO,07/01/2020,11:02:23,13.7,14.15,1150,14.85,1150,0,62100
CIPLA30JAN20470PE.NFO,07/01/2020,11:02:29,13.7,14.15,1150,14.9,1150,0,62100
CIPLA30JAN20470PE.NFO,07/01/2020,11:02:36,13.7,14.15,1150,14.9,2300,0,62100
CIPLA30JAN20470PE.NFO,07/01/2020,11:02:53,13.7,14.4,1150,15.1,1150,0,62100
CIPLA30JAN20470PE.NFO,07/01/2020,11:02:59,13.7,14.25,1150,15.1,1150,0,62100
CIPLA30JAN20470PE.NFO,07/01/2020,11:03:05,13.7,14.25,1150,14.9,1150,0,62100
CIPLA30JAN20470PE.NFO,07/01/2020,11:03:11,13.7,13.95,4600,14.95,1150,0,62100
CIPLA30JAN20470PE.NFO,07/01/2020,11:04:26,13.7,13.95,4600,14.8,1150,0,62100
CIPLA30JAN20470PE.NFO,07/01/2020,11:04:31,13.7,13.95,3450,14.75,1150,0,62100
CIPLA30JAN20470PE.NFO,07/01/2020,11:04:37,13.7,14.05,2300,14.75,1150,0,62100
CIPLA30JAN20470PE.NFO,07/01/2020,11:04:43,13.7,14.15,1150,14.95,1150,0,62100
CIPLA30JAN20470PE.NFO,07/01/2020,11:04:49,13.7,14.2,2300,14.95,1150,0,62100
CIPLA30JAN20470PE.NFO,07/01/2020,11:05:06,13.7,13.85,4600,14.95,1150,0,62100
CIPLA30JAN20470PE.NFO,07/01/2020,11:05:17,13.7,13.95,2300,14.95,1150,0,62100
CIPLA30JAN20470PE.NFO,07/01/2020,11:05:23,13.7,14.05,2300,14.95,1150,0,62100
CIPLA30JAN20470PE.NFO,07/01/2020,11:05:28,13.7,14.1,1150,14.95,1150,0,62100
CIPLA30JAN20470PE.NFO,07/01/2020,11:05:33,13.7,14.1,2300,14.95,1150,0,62100
CIPLA30JAN20470PE.NFO,07/01/2020,11:05:39,13.7,14.15,1150,14.95,1150,0,62100
CIPLA30JAN20470PE.NFO,07/01/2020,11:05:44,13.7,13.8,4600,14.95,1150,0,62100
CIPLA30JAN20470PE.NFO,07/01/2020,11:05:49,13.7,13.8,6900,14.95,1150,0,62100
CIPLA30JAN20470PE.NFO,07/01/2020,11:06:01,13.7,13.8,6900,14.95,2300,0,62100
CIPLA30JAN20470PE.NFO,07/01/2020,11:06:14,13.7,13.8,4600,14.95,2300,0,62100
CIPLA30JAN20470PE.NFO,07/01/2020,11:06:20,13.7,13.8,4600,14.85,1150,0,62100
CIPLA30JAN20470PE.NFO,07/01/2020,11:06:36,13.7,13.8,6900,14.85,1150,0,62100
CIPLA30JAN20470PE.NFO,07/01/2020,11:06:40,13.7,13.8,4600,14.85,1150,0,62100
CIPLA30JAN20470PE.NFO,07/01/2020,11:06:46,13.7,13.9,2300,14.85,1150,0,62100
CIPLA30JAN20470PE.NFO,07/01/2020,11:06:52,13.7,14.15,2300,14.85,1150,0,62100
CIPLA30JAN20470PE.NFO,07/01/2020,11:07:13,13.7,14.2,2300,15.05,1150,0,62100
CIPLA30JAN20470PE.NFO,07/01/2020,11:07:18,13.7,14.25,1150,15.05,2300,0,62100
CIPLA30JAN20470PE.NFO,07/01/2020,11:07:23,13.7,14.25,2300,15.05,2300,0,62100
CIPLA30JAN20470PE.NFO,07/01/2020,11:07:28,13.7,14.25,2300,15.05,1150,0,62100
CIPLA30JAN20470PE.NFO,07/01/2020,11:07:32,13.7,14.25,2300,15.05,2300,0,62100
CIPLA30JAN20470PE.NFO,07/01/2020,11:08:17,13.7,14.25,2300,14.95,1150,0,62100
CIPLA30JAN20470PE.NFO,07/01/2020,11:08:34,13.7,14.25,2300,14.95,3450,0,62100
CIPLA30JAN20470PE.NFO,07/01/2020,11:08:48,13.7,14.3,2300,14.95,1150,0,62100
CIPLA30JAN20470PE.NFO,07/01/2020,11:08:58,13.7,14.4,1150,14.95,1150,0,62100
CIPLA30JAN20470PE.NFO,07/01/2020,11:09:16,13.7,14.05,2300,15.05,1150,0,62100
CIPLA30JAN20470PE.NFO,07/01/2020,11:09:21,13.7,14.15,2300,15.05,1150,0,62100
CIPLA30JAN20470PE.NFO,07/01/2020,11:09:26,13.7,14.25,2300,15.05,1150,0,62100
CIPLA30JAN20470PE.NFO,07/01/2020,11:09:30,13.7,14.35,2300,15.05,1150,0,62100
CIPLA30JAN20470PE.NFO,07/01/2020,11:09:35,13.7,14.35,2300,15,2300,0,62100
CIPLA30JAN20470PE.NFO,07/01/2020,11:10:05,13.7,14.35,2300,15,1150,0,62100
CIPLA30JAN20470PE.NFO,07/01/2020,11:10:10,13.7,14.35,2300,15,2300,0,62100
CIPLA30JAN20470PE.NFO,07/01/2020,11:10:31,13.7,14.35,2300,14.95,1150,0,62100
CIPLA30JAN20470PE.NFO,07/01/2020,11:11:20,13.7,14.35,2300,15.1,2300,0,62100
CIPLA30JAN20470PE.NFO,07/01/2020,11:11:26,13.7,14.35,2300,15.1,1150,0,62100
CIPLA30JAN20470PE.NFO,07/01/2020,11:11:33,13.7,14.45,2300,15.1,1150,0,62100
CIPLA30JAN20470PE.NFO,07/01/2020,11:11:51,13.7,14.15,2300,15,1150,0,62100
CIPLA30JAN20470PE.NFO,07/01/2020,11:11:57,13.7,14.25,2300,15,1150,0,62100
CIPLA30JAN20470PE.NFO,07/01/2020,11:12:04,13.7,14.35,2300,15,1150,0,62100
CIPLA30JAN20470PE.NFO,07/01/2020,11:12:32,13.7,14.35,2300,14.95,1150,0,62100
CIPLA30JAN20470PE.NFO,07/01/2020,11:12:58,13.7,14.35,2300,14.9,1150,0,62100
CIPLA30JAN20470PE.NFO,07/01/2020,11:13:08,13.7,14.45,2300,15.05,1150,0,62100
CIPLA30JAN20470PE.NFO,07/01/2020,11:13:21,13.7,14.35,1150,15,2300,0,62100
CIPLA30JAN20470PE.NFO,07/01/2020,11:13:27,13.7,14.35,1150,14.95,1150,0,62100
CIPLA30JAN20470PE.NFO,07/01/2020,11:13:39,13.7,14.4,1150,14.95,1150,0,62100
CIPLA30JAN20470PE.NFO,07/01/2020,11:13:57,13.7,14.35,1150,14.9,2300,0,62100
CIPLA30JAN20470PE.NFO,07/01/2020,11:14:02,13.7,14.4,1150,14.95,3450,0,62100
CIPLA30JAN20470PE.NFO,07/01/2020,11:15:06,13.7,14.5,1150,15.05,1150,0,62100
CIPLA30JAN20470PE.NFO,07/01/2020,11:15:12,13.7,14.5,1150,15.05,2300,0,62100
CIPLA30JAN20470PE.NFO,07/01/2020,11:15:28,13.7,14.4,2300,15,1150,0,62100
CIPLA30JAN20470PE.NFO,07/01/2020,11:16:03,13.7,14.4,2300,15.05,2300,0,62100
CIPLA30JAN20470PE.NFO,07/01/2020,11:16:09,13.7,14.5,1150,15.05,2300,0,62100
CIPLA30JAN20470PE.NFO,07/01/2020,11:16:15,13.7,14.45,1150,15,1150,0,62100
CIPLA30JAN20470PE.NFO,07/01/2020,11:16:21,13.7,14.35,1150,14.75,1150,0,62100
CIPLA30JAN20470PE.NFO,07/01/2020,11:16:28,13.7,14.35,1150,14.85,1150,0,62100
CIPLA30JAN20470PE.NFO,07/01/2020,11:17:14,13.7,14.35,1150,14.9,1150,0,62100
CIPLA30JAN20470PE.NFO,07/01/2020,11:17:19,13.7,14.35,1150,14.95,3450,0,62100
CIPLA30JAN20470PE.NFO,07/01/2020,11:17:23,13.7,14.35,1150,14.85,2300,0,62100
CIPLA30JAN20470PE.NFO,07/01/2020,11:18:04,13.7,14.1,1150,14.9,1150,0,62100
CIPLA30JAN20470PE.NFO,07/01/2020,11:18:10,13.7,14.3,1150,14.9,4600,0,62100
CIPLA30JAN20470PE.NFO,07/01/2020,11:18:19,13.7,14.5,1150,14.9,4600,0,62100
CIPLA30JAN20470PE.NFO,07/01/2020,11:18:28,13.7,14.5,1150,14.9,2300,0,62100
CIPLA30JAN20470PE.NFO,07/01/2020,11:18:32,13.7,14.5,1150,14.9,3450,0,62100
CIPLA30JAN20470PE.NFO,07/01/2020,11:18:38,13.7,14.5,1150,14.85,2300,0,62100
CIPLA30JAN20470PE.NFO,07/01/2020,11:18:56,13.7,14.5,1150,14.85,1150,0,62100
CIPLA30JAN20470PE.NFO,07/01/2020,11:19:28,13.7,14.55,1150,14.95,1150,0,62100
CIPLA30JAN20470PE.NFO,07/01/2020,11:19:36,13.7,14.55,2300,14.95,1150,0,62100
CIPLA30JAN20470PE.NFO,07/01/2020,11:20:08,13.7,14.55,1150,14.95,1150,0,62100
CIPLA30JAN20470PE.NFO,07/01/2020,11:20:27,13.7,14.55,1150,14.9,1150,0,62100
CIPLA30JAN20470PE.NFO,07/01/2020,11:20:43,13.7,14.55,1150,14.95,2300,0,62100
CIPLA30JAN20470PE.NFO,07/01/2020,11:22:37,13.7,14.45,3450,15.05,1150,0,62100
CIPLA30JAN20470PE.NFO,07/01/2020,11:22:41,13.7,14.45,3450,15.05,4600,0,62100
CIPLA30JAN20470PE.NFO,07/01/2020,11:22:45,13.7,14.45,3450,14.95,1150,0,62100
CIPLA30JAN20470PE.NFO,07/01/2020,11:22:52,13.7,14.45,3450,14.95,2300,0,62100
CIPLA30JAN20470PE.NFO,07/01/2020,11:22:57,13.7,14.45,3450,14.95,1150,0,62100
CIPLA30JAN20470PE.NFO,07/01/2020,11:23:01,13.7,14.45,3450,14.95,2300,0,62100
CIPLA30JAN20470PE.NFO,07/01/2020,11:23:11,13.7,14.45,3450,14.95,1150,0,62100
CIPLA30JAN20470PE.NFO,07/01/2020,11:23:16,13.7,14.45,3450,14.95,2300,0,62100
CIPLA30JAN20470PE.NFO,07/01/2020,11:23:33,13.7,14.45,3450,14.95,1150,0,62100
CIPLA30JAN20470PE.NFO,07/01/2020,11:23:37,13.7,14.45,3450,14.95,2300,0,62100
CIPLA30JAN20470PE.NFO,07/01/2020,11:23:42,13.7,14.45,3450,14.95,1150,0,62100
CIPLA30JAN20470PE.NFO,07/01/2020,11:23:51,13.7,14.45,3450,14.95,2300,0,62100
CIPLA30JAN20470PE.NFO,07/01/2020,11:23:56,13.7,14.45,1150,14.85,1150,0,62100
CIPLA30JAN20470PE.NFO,07/01/2020,11:24:07,13.7,14.4,1150,14.75,3450,0,62100
CIPLA30JAN20470PE.NFO,07/01/2020,11:24:12,13.7,14.4,1150,14.8,3450,0,62100
CIPLA30JAN20470PE.NFO,07/01/2020,11:24:18,13.7,14.5,1150,14.9,1150,0,62100
CIPLA30JAN20470PE.NFO,07/01/2020,11:24:45,13.7,14.45,1150,14.85,1150,0,62100
CIPLA30JAN20470PE.NFO,07/01/2020,11:24:49,13.7,14.35,2300,14.85,1150,0,62100
CIPLA30JAN20470PE.NFO,07/01/2020,11:25:08,13.7,14.35,2300,14.85,2300,0,62100
CIPLA30JAN20470PE.NFO,07/01/2020,11:25:12,13.7,14.35,2300,14.85,1150,0,62100
CIPLA30JAN20470PE.NFO,07/01/2020,11:25:56,13.7,14.35,3450,14.85,1150,0,62100
CIPLA30JAN20470PE.NFO,07/01/2020,11:26:24,13.7,14.35,3450,14.9,1150,0,62100
CIPLA30JAN20470PE.NFO,07/01/2020,11:26:29,13.7,14.45,2300,14.9,1150,0,62100
CIPLA30JAN20470PE.NFO,07/01/2020,11:26:42,13.7,14.4,1150,14.85,1150,0,62100
CIPLA30JAN20470PE.NFO,07/01/2020,11:26:58,13.7,14.45,1150,14.85,1150,0,62100
CIPLA30JAN20470PE.NFO,07/01/2020,11:27:26,13.7,14.35,1150,14.85,1150,0,62100
CIPLA30JAN20470PE.NFO,07/01/2020,11:27:30,13.7,14.4,1150,14.85,1150,0,62100
CIPLA30JAN20470PE.NFO,07/01/2020,11:28:55,13.7,14.4,2300,14.85,1150,0,62100
CIPLA30JAN20470PE.NFO,07/01/2020,11:29:28,13.7,14.3,1150,14.7,1150,0,62100
CIPLA30JAN20470PE.NFO,07/01/2020,11:29:52,13.7,14.2,2300,14.7,1150,0,62100
CIPLA30JAN20470PE.NFO,07/01/2020,11:31:52,13.7,14.25,2300,14.7,1150,0,62100
CIPLA30JAN20470PE.NFO,07/01/2020,11:32:49,13.7,14.2,1150,14.7,1150,0,62100
CIPLA30JAN20470PE.NFO,07/01/2020,11:33:06,13.7,14.2,2300,14.6,1150,0,62100
CIPLA30JAN20470PE.NFO,07/01/2020,11:33:13,13.7,14.2,1150,14.6,1150,0,62100
CIPLA30JAN20470PE.NFO,07/01/2020,11:33:55,13.7,14.05,1150,14.55,1150,0,62100
CIPLA30JAN20470PE.NFO,07/01/2020,11:34:02,13.7,14.05,2300,14.55,1150,0,62100
CIPLA30JAN20470PE.NFO,07/01/2020,11:34:06,13.7,14,1150,14.45,1150,0,62100
CIPLA30JAN20470PE.NFO,07/01/2020,11:34:49,13.7,14.05,1150,14.45,1150,0,62100
CIPLA30JAN20470PE.NFO,07/01/2020,11:35:00,14.45,14.1,2300,14.7,3450,1150,60950
CIPLA30JAN20470PE.NFO,07/01/2020,11:35:06,14.45,14.1,2300,14.65,1150,0,60950
CIPLA30JAN20470PE.NFO,07/01/2020,11:35:11,14.45,14.2,2300,15.05,1150,0,60950
CIPLA30JAN20470PE.NFO,07/01/2020,11:35:16,14.45,14.45,1150,15.15,2300,0,60950
CIPLA30JAN20470PE.NFO,07/01/2020,11:35:22,14.45,14.35,1150,15.1,2300,0,60950
CIPLA30JAN20470PE.NFO,07/01/2020,11:35:28,14.45,14.5,1150,15.2,1150,0,60950
CIPLA30JAN20470PE.NFO,07/01/2020,11:35:44,14.45,14.65,1150,15.25,2300,0,60950
CIPLA30JAN20470PE.NFO,07/01/2020,11:35:48,14.45,14.55,1150,15.2,1150,0,60950
CIPLA30JAN20470PE.NFO,07/01/2020,11:35:53,14.45,14.6,1150,15.25,1150,0,60950
CIPLA30JAN20470PE.NFO,07/01/2020,11:36:16,14.45,14.65,1150,15.25,1150,0,60950
CIPLA30JAN20470PE.NFO,07/01/2020,11:37:03,14.45,14.6,1150,15.25,1150,0,60950
CIPLA30JAN20470PE.NFO,07/01/2020,11:37:07,14.45,14.55,1150,15.25,1150,0,60950
CIPLA30JAN20470PE.NFO,07/01/2020,11:37:34,14.45,14.65,1150,15.2,1150,0,60950
CIPLA30JAN20470PE.NFO,07/01/2020,11:38:41,15.25,14.8,2300,15.8,3450,1150,62100
CIPLA30JAN20470PE.NFO,07/01/2020,11:38:46,15.25,14.7,1150,15.7,3450,0,62100
CIPLA30JAN20470PE.NFO,07/01/2020,11:38:54,15.25,14.7,2300,16.25,6900,0,62100
CIPLA30JAN20470PE.NFO,07/01/2020,11:38:58,15.25,14.7,3450,16.15,3450,0,62100
CIPLA30JAN20470PE.NFO,07/01/2020,11:39:02,15.25,14.8,1150,16.05,3450,0,62100
CIPLA30JAN20470PE.NFO,07/01/2020,11:39:06,15.25,14.8,1150,15.95,3450,0,62100
CIPLA30JAN20470PE.NFO,07/01/2020,11:39:09,15.25,14.8,1150,15.85,3450,0,62100
CIPLA30JAN20470PE.NFO,07/01/2020,11:39:12,15.25,14.8,1150,15.75,3450,0,62100
CIPLA30JAN20470PE.NFO,07/01/2020,11:39:15,15.25,14.6,2300,15.85,2300,0,62100
CIPLA30JAN20470PE.NFO,07/01/2020,11:39:19,15.25,14.6,2300,15.75,2300,0,62100
CIPLA30JAN20470PE.NFO,07/01/2020,11:39:22,15.25,14.6,2300,15.85,2300,0,62100
CIPLA30JAN20470PE.NFO,07/01/2020,11:39:26,15.25,14.75,2300,15.65,2300,0,62100
CIPLA30JAN20470PE.NFO,07/01/2020,11:40:18,15.25,14.75,2300,15.55,2300,0,62100
CIPLA30JAN20470PE.NFO,07/01/2020,11:40:21,15.25,14.45,2300,15.65,2300,0,62100
CIPLA30JAN20470PE.NFO,07/01/2020,11:40:25,15.25,14.55,2300,15.65,2300,0,62100
CIPLA30JAN20470PE.NFO,07/01/2020,11:40:29,15.25,14.55,2300,15.55,2300,0,62100
CIPLA30JAN20470PE.NFO,07/01/2020,11:40:33,15.25,14.55,2300,15.45,2300,0,62100
CIPLA30JAN20470PE.NFO,07/01/2020,11:40:36,15.25,14.35,2300,15.55,2300,0,62100
CIPLA30JAN20470PE.NFO,07/01/2020,11:40:40,15.25,14.35,2300,15.45,2300,0,62100
CIPLA30JAN20470PE.NFO,07/01/2020,11:40:44,15.25,14.35,2300,15.35,2300,0,62100
CIPLA30JAN20470PE.NFO,07/01/2020,11:40:48,15.25,14.35,2300,15.25,2300,0,62100
CIPLA30JAN20470PE.NFO,07/01/2020,11:40:54,15.25,14.35,2300,15.55,2300,0,62100
CIPLA30JAN20470PE.NFO,07/01/2020,11:40:58,15.25,14.35,2300,15.45,2300,0,62100
CIPLA30JAN20470PE.NFO,07/01/2020,11:41:01,15.25,14.35,2300,15.35,2300,0,62100
CIPLA30JAN20470PE.NFO,07/01/2020,11:41:16,15.25,14.35,2300,15.25,2300,0,62100
CIPLA30JAN20470PE.NFO,07/01/2020,11:41:27,15.25,14.35,2300,15.15,2300,0,62100
CIPLA30JAN20470PE.NFO,07/01/2020,11:41:46,15.25,14.35,2300,15.3,2300,0,62100
CIPLA30JAN20470PE.NFO,07/01/2020,11:41:49,15.25,14.35,2300,15.2,2300,0,62100
CIPLA30JAN20470PE.NFO,07/01/2020,11:42:30,15.25,14.35,3450,15.3,2300,0,62100
CIPLA30JAN20470PE.NFO,07/01/2020,11:42:38,14.35,14.1,1150,15.3,1150,1150,62100
CIPLA30JAN20470PE.NFO,07/01/2020,11:42:44,14.35,14.1,1150,15.2,2300,0,62100
CIPLA30JAN20470PE.NFO,07/01/2020,11:42:57,14.35,14.1,2300,15.4,1150,0,62100
CIPLA30JAN20470PE.NFO,07/01/2020,11:43:02,14.35,14.1,2300,15.3,1150,0,62100
CIPLA30JAN20470PE.NFO,07/01/2020,11:43:09,14.35,14.1,1150,15.3,1150,0,62100
CIPLA30JAN20470PE.NFO,07/01/2020,11:43:12,14.35,14.1,1150,15.2,1150,0,62100
CIPLA30JAN20470PE.NFO,07/01/2020,11:43:28,14.35,14.1,1150,15.3,1150,0,62100
CIPLA30JAN20470PE.NFO,07/01/2020,11:43:30,14.35,14.1,1150,15.2,1150,0,62100
CIPLA30JAN20470PE.NFO,07/01/2020,11:43:53,14.35,14.1,1150,15.3,1150,0,62100
CIPLA30JAN20470PE.NFO,07/01/2020,11:44:03,14.35,14.1,1150,15.35,2300,0,62100
CIPLA30JAN20470PE.NFO,07/01/2020,11:44:17,14.35,14.1,1150,15.3,1150,0,62100
CIPLA30JAN20470PE.NFO,07/01/2020,11:44:26,14.35,14.2,1150,15.35,2300,0,62100
CIPLA30JAN20470PE.NFO,07/01/2020,11:44:38,14.35,14.3,1150,15.35,2300,0,62100
CIPLA30JAN20470PE.NFO,07/01/2020,11:44:39,14.35,14.35,1150,15.35,2300,0,62100
CIPLA30JAN20470PE.NFO,07/01/2020,11:45:42,14.35,14.2,1150,15.45,2300,0,62100
CIPLA30JAN20470PE.NFO,07/01/2020,11:45:45,14.35,14.2,2300,15.6,3450,0,62100
CIPLA30JAN20470PE.NFO,07/01/2020,11:45:48,14.35,14.2,2300,15.5,3450,0,62100
CIPLA30JAN20470PE.NFO,07/01/2020,11:45:51,14.35,14.2,2300,15.4,3450,0,62100
CIPLA30JAN20470PE.NFO,07/01/2020,11:45:54,14.35,14.2,2300,15.55,2300,0,62100
CIPLA30JAN20470PE.NFO,07/01/2020,11:45:57,14.35,14.2,2300,15.45,1150,0,62100
CIPLA30JAN20470PE.NFO,07/01/2020,11:45:59,14.35,14.2,2300,15.5,1150,0,62100
CIPLA30JAN20470PE.NFO,07/01/2020,11:46:17,14.35,14.2,2300,15.85,6900,0,62100
CIPLA30JAN20470PE.NFO,07/01/2020,11:46:20,14.35,14.2,2300,15.85,5750,0,62100
CIPLA30JAN20470PE.NFO,07/01/2020,11:46:32,14.35,14.2,2300,15.65,3450,0,62100
CIPLA30JAN20470PE.NFO,07/01/2020,11:46:34,14.35,14.2,2300,15.55,3450,0,62100
CIPLA30JAN20470PE.NFO,07/01/2020,11:46:37,14.35,14.2,2300,15.45,2300,0,62100
CIPLA30JAN20470PE.NFO,07/01/2020,11:46:39,14.35,14.2,2300,15.55,2300,0,62100
CIPLA30JAN20470PE.NFO,07/01/2020,11:46:41,14.35,14.2,2300,15.45,2300,0,62100
CIPLA30JAN20470PE.NFO,07/01/2020,11:46:42,14.35,14.2,2300,15.6,1150,0,62100
CIPLA30JAN20470PE.NFO,07/01/2020,11:46:44,14.35,14.2,2300,15.55,2300,0,62100
CIPLA30JAN20470PE.NFO,07/01/2020,11:47:03,14.35,14.2,2300,15.45,2300,0,62100
CIPLA30JAN20470PE.NFO,07/01/2020,11:47:06,14.35,14.2,2300,15.45,1150,0,62100
CIPLA30JAN20470PE.NFO,07/01/2020,11:47:09,14.35,14.2,2300,15.75,2300,0,62100
CIPLA30JAN20470PE.NFO,07/01/2020,11:47:12,14.35,14.2,2300,15.65,2300,0,62100
CIPLA30JAN20470PE.NFO,07/01/2020,11:47:13,14.35,14.2,2300,15.6,2300,0,62100
CIPLA30JAN20470PE.NFO,07/01/2020,11:47:16,14.35,14.2,2300,15.55,1150,0,62100
CIPLA30JAN20470PE.NFO,07/01/2020,11:47:16,14.35,14.2,2300,15.5,1150,0,62100
CIPLA30JAN20470PE.NFO,07/01/2020,11:47:21,14.35,14.2,2300,15.5,2300,0,62100
CIPLA30JAN20470PE.NFO,07/01/2020,11:47:24,14.35,14.2,2300,15.5,1150,0,62100
CIPLA30JAN20470PE.NFO,07/01/2020,11:47:25,14.35,14.2,2300,15.4,1150,0,62100
CIPLA30JAN20470PE.NFO,07/01/2020,11:47:33,14.35,14.2,2300,15.75,2300,0,62100
CIPLA30JAN20470PE.NFO,07/01/2020,11:47:34,14.35,14.2,2300,15.6,2300,0,62100
CIPLA30JAN20470PE.NFO,07/01/2020,11:48:16,14.35,14.3,1150,15.6,2300,0,62100
CIPLA30JAN20470PE.NFO,07/01/2020,11:50:25,14.35,14.4,1150,15.75,3450,0,62100
CIPLA30JAN20470PE.NFO,07/01/2020,11:50:29,14.35,14.4,1150,15.65,3450,0,62100
CIPLA30JAN20470PE.NFO,07/01/2020,11:50:32,14.35,14.4,1150,15.75,3450,0,62100
CIPLA30JAN20470PE.NFO,07/01/2020,11:50:36,14.35,14.4,1150,15.65,2300,0,62100
CIPLA30JAN20470PE.NFO,07/01/2020,11:50:40,14.35,14.4,1150,15.55,2300,0,62100
CIPLA30JAN20470PE.NFO,07/01/2020,11:50:44,14.35,14.4,1150,15.85,5750,0,62100
CIPLA30JAN20470PE.NFO,07/01/2020,11:50:55,14.35,14.4,1150,15.65,3450,0,62100
CIPLA30JAN20470PE.NFO,07/01/2020,11:51:00,14.35,14.4,1150,15.65,2300,0,62100
CIPLA30JAN20470PE.NFO,07/01/2020,11:51:04,14.35,14.4,1150,15.55,2300,0,62100
CIPLA30JAN20470PE.NFO,07/01/2020,11:51:08,14.35,14.4,1150,15.5,2300,0,62100
CIPLA30JAN20470PE.NFO,07/01/2020,11:51:34,14.35,14.4,1150,15.8,5750,0,62100
CIPLA30JAN20470PE.NFO,07/01/2020,11:53:15,14.35,14.4,1150,15.6,3450,0,62100
CIPLA30JAN20470PE.NFO,07/01/2020,11:53:17,14.35,14.4,1150,15.5,2300,0,62100
CIPLA30JAN20470PE.NFO,07/01/2020,11:53:21,14.35,14.25,1150,15.55,2300,0,62100
CIPLA30JAN20470PE.NFO,07/01/2020,11:53:25,14.35,14.25,1150,15.45,2300,0,62100
CIPLA30JAN20470PE.NFO,07/01/2020,11:53:29,14.35,14.25,1150,15.6,2300,0,62100
CIPLA30JAN20470PE.NFO,07/01/2020,11:53:32,14.35,14.25,1150,15.5,2300,0,62100
CIPLA30JAN20470PE.NFO,07/01/2020,11:53:38,14.35,14.25,1150,15.45,1150,0,62100
CIPLA30JAN20470PE.NFO,07/01/2020,11:53:46,14.35,14.25,1150,15.85,5750,0,62100
CIPLA30JAN20470PE.NFO,07/01/2020,11:54:19,14.35,14.35,1150,15.65,3450,0,62100
CIPLA30JAN20470PE.NFO,07/01/2020,11:54:20,14.35,14.35,1150,15.55,2300,0,62100
CIPLA30JAN20470PE.NFO,07/01/2020,11:54:21,14.35,14.35,1150,15.5,2300,0,62100
CIPLA30JAN20470PE.NFO,07/01/2020,11:54:22,14.35,14.35,1150,15.45,2300,0,62100
CIPLA30JAN20470PE.NFO,07/01/2020,11:54:23,14.35,14.35,1150,15.5,2300,0,62100
CIPLA30JAN20470PE.NFO,07/01/2020,11:54:35,14.35,14.15,1150,15.75,3450,0,62100
CIPLA30JAN20470PE.NFO,07/01/2020,11:54:37,14.35,14.15,1150,15.6,2300,0,62100
CIPLA30JAN20470PE.NFO,07/01/2020,11:54:39,14.35,14.15,1150,15.55,2300,0,62100
CIPLA30JAN20470PE.NFO,07/01/2020,11:54:41,14.35,14.15,1150,15.5,2300,0,62100
CIPLA30JAN20470PE.NFO,07/01/2020,11:54:57,14.35,14.25,1150,15.55,2300,0,62100
CIPLA30JAN20470PE.NFO,07/01/2020,11:55:16,14.35,14.25,2300,15.55,2300,0,62100
CIPLA30JAN20470PE.NFO,07/01/2020,11:55:22,14.35,14.25,1150,15.8,3450,0,62100
CIPLA30JAN20470PE.NFO,07/01/2020,11:55:25,14.35,14.25,1150,15.7,3450,0,62100
CIPLA30JAN20470PE.NFO,07/01/2020,11:55:28,14.35,14.25,1150,15.6,3450,0,62100
CIPLA30JAN20470PE.NFO,07/01/2020,11:55:32,14.35,14.25,1150,15.55,2300,0,62100
CIPLA30JAN20470PE.NFO,07/01/2020,11:55:40,14.35,14.25,1150,15.65,2300,0,62100
CIPLA30JAN20470PE.NFO,07/01/2020,11:55:42,14.35,14.25,1150,15.6,2300,0,62100
CIPLA30JAN20470PE.NFO,07/01/2020,11:55:55,14.35,14.25,2300,15.6,2300,0,62100
CIPLA30JAN20470PE.NFO,07/01/2020,11:55:57,14.35,14.25,1150,15.6,2300,0,62100
CIPLA30JAN20470PE.NFO,07/01/2020,11:56:02,14.35,14.25,2300,15.6,2300,0,62100
CIPLA30JAN20470PE.NFO,07/01/2020,11:56:06,14.35,14.25,1150,15.6,2300,0,62100
CIPLA30JAN20470PE.NFO,07/01/2020,11:56:13,14.35,14.25,2300,15.5,1150,0,62100
CIPLA30JAN20470PE.NFO,07/01/2020,11:56:26,14.35,14.35,1150,15.5,1150,0,62100
CIPLA30JAN20470PE.NFO,07/01/2020,11:56:32,14.35,14.35,2300,15.5,1150,0,62100
CIPLA30JAN20470PE.NFO,07/01/2020,11:56:47,14.35,14.35,1150,15.5,1150,0,62100
CIPLA30JAN20470PE.NFO,07/01/2020,11:56:52,14.35,14.35,1150,15.85,5750,0,62100
CIPLA30JAN20470PE.NFO,07/01/2020,11:57:30,14.35,14.45,1150,15.85,5750,0,62100
CIPLA30JAN20470PE.NFO,07/01/2020,11:57:34,14.35,14.55,1150,15.85,5750,0,62100
CIPLA30JAN20470PE.NFO,07/01/2020,11:57:42,14.35,14.55,1150,15.75,3450,0,62100
CIPLA30JAN20470PE.NFO,07/01/2020,11:57:44,14.35,14.55,1150,15.65,3450,0,62100
CIPLA30JAN20470PE.NFO,07/01/2020,11:57:48,14.35,14.55,1150,15.6,2300,0,62100
CIPLA30JAN20470PE.NFO,07/01/2020,11:58:14,14.35,14.5,1150,15.8,1150,0,62100
CIPLA30JAN20470PE.NFO,07/01/2020,11:58:17,14.35,14.55,1150,15.65,1150,0,62100
CIPLA30JAN20470PE.NFO,07/01/2020,11:58:40,14.35,14.55,1150,15.6,1150,0,62100
CIPLA30JAN20470PE.NFO,07/01/2020,11:58:42,14.35,14.55,1150,15.7,1150,0,62100
CIPLA30JAN20470PE.NFO,07/01/2020,11:58:44,14.35,14.55,1150,15.65,2300,0,62100
CIPLA30JAN20470PE.NFO,07/01/2020,11:58:46,14.35,14.55,1150,15.65,1150,0,62100
CIPLA30JAN20470PE.NFO,07/01/2020,11:58:50,14.35,14.35,1150,15.55,1150,0,62100
CIPLA30JAN20470PE.NFO,07/01/2020,11:58:55,14.35,14.35,1150,15.5,2300,0,62100
CIPLA30JAN20470PE.NFO,07/01/2020,11:59:01,14.35,14.35,1150,15.7,3450,0,62100
CIPLA30JAN20470PE.NFO,07/01/2020,11:59:04,14.35,14.35,1150,15.6,2300,0,62100
CIPLA30JAN20470PE.NFO,07/01/2020,11:59:07,14.35,14.35,1150,15.55,2300,0,62100
CIPLA30JAN20470PE.NFO,07/01/2020,11:59:12,14.35,14.35,1150,15.55,1150,0,62100
CIPLA30JAN20470PE.NFO,07/01/2020,11:59:19,14.35,14.35,1150,15.45,1150,0,62100
CIPLA30JAN20470PE.NFO,07/01/2020,11:59:27,14.35,14.35,1150,15.85,5750,0,62100
CIPLA30JAN20470PE.NFO,07/01/2020,11:59:32,14.35,14.35,1150,15.65,3450,0,62100
CIPLA30JAN20470PE.NFO,07/01/2020,11:59:33,14.35,14.35,1150,15.55,3450,0,62100
CIPLA30JAN20470PE.NFO,07/01/2020,11:59:34,14.35,14.35,1150,15.5,2300,0,62100
CIPLA30JAN20470PE.NFO,07/01/2020,11:59:35,14.35,14.35,1150,15.5,1150,0,62100
CIPLA30JAN20470PE.NFO,07/01/2020,11:59:40,14.35,14.35,1150,15.7,1150,0,62100
CIPLA30JAN20470PE.NFO,07/01/2020,11:59:41,14.35,14.35,1150,15.6,1150,0,62100
CIPLA30JAN20470PE.NFO,07/01/2020,11:59:42,14.35,14.4,2300,15.55,2300,0,62100
CIPLA30JAN20470PE.NFO,07/01/2020,11:59:43,14.35,14.2,1150,15.65,1150,0,62100
CIPLA30JAN20470PE.NFO,07/01/2020,11:59:45,14.35,14.3,1150,15.65,1150,0,62100
CIPLA30JAN20470PE.NFO,07/01/2020,11:59:46,14.35,14.3,1150,15.6,1150,0,62100
CIPLA30JAN20470PE.NFO,07/01/2020,11:59:47,14.35,14.3,1150,15.55,1150,0,62100
CIPLA30JAN20470PE.NFO,07/01/2020,12:00:02,14.35,14.3,1150,15.45,1150,0,62100
CIPLA30JAN20470PE.NFO,07/01/2020,12:00:04,14.35,14.3,1150,15.85,6900,0,62100
CIPLA30JAN20470PE.NFO,07/01/2020,12:00:09,14.35,14.3,1150,15.85,5750,0,62100
CIPLA30JAN20470PE.NFO,07/01/2020,12:00:19,14.35,14.3,1150,15.8,2300,0,62100
CIPLA30JAN20470PE.NFO,07/01/2020,12:00:23,14.35,14.3,1150,15.55,2300,0,62100
CIPLA30JAN20470PE.NFO,07/01/2020,12:00:25,14.35,14.3,1150,15.5,2300,0,62100
CIPLA30JAN20470PE.NFO,07/01/2020,12:00:36,14.35,14.3,1150,15.5,1150,0,62100
CIPLA30JAN20470PE.NFO,07/01/2020,12:00:39,14.35,14.3,1150,15.45,1150,0,62100
CIPLA30JAN20470PE.NFO,07/01/2020,12:00:42,14.35,14.3,1150,15.5,2300,0,62100
CIPLA30JAN20470PE.NFO,07/01/2020,12:00:48,14.35,14.3,1150,15.5,1150,0,62100
CIPLA30JAN20470PE.NFO,07/01/2020,12:00:51,14.35,14.3,1150,15.45,1150,0,62100
CIPLA30JAN20470PE.NFO,07/01/2020,12:00:54,14.35,14.3,1150,15.4,1150,0,62100
CIPLA30JAN20470PE.NFO,07/01/2020,12:01:46,14.35,14.3,1150,15.8,5750,0,62100
CIPLA30JAN20470PE.NFO,07/01/2020,12:01:50,14.35,14.3,1150,15.7,3450,0,62100
CIPLA30JAN20470PE.NFO,07/01/2020,12:01:52,14.35,14.3,1150,15.6,3450,0,62100
CIPLA30JAN20470PE.NFO,07/01/2020,12:01:54,14.35,14.3,1150,15.55,1150,0,62100
CIPLA30JAN20470PE.NFO,07/01/2020,12:02:02,14.35,14.3,1150,15.5,1150,0,62100
CIPLA30JAN20470PE.NFO,07/01/2020,12:02:04,14.35,14.3,1150,15.55,1150,0,62100
CIPLA30JAN20470PE.NFO,07/01/2020,12:02:13,14.35,14.3,1150,15.5,1150,0,62100
CIPLA30JAN20470PE.NFO,07/01/2020,12:02:16,14.35,14.3,1150,15.55,1150,0,62100
CIPLA30JAN20470PE.NFO,07/01/2020,12:02:20,14.35,14.15,1150,15.5,3450,0,62100
CIPLA30JAN20470PE.NFO,07/01/2020,12:02:22,14.35,14.15,1150,15.4,3450,0,62100
CIPLA30JAN20470PE.NFO,07/01/2020,12:02:25,14.35,14.1,1150,15.3,1150,0,62100
CIPLA30JAN20470PE.NFO,07/01/2020,12:02:27,14.35,14.1,1150,15.25,2300,0,62100
CIPLA30JAN20470PE.NFO,07/01/2020,12:02:34,14.35,13.9,1150,15.15,2300,0,62100
CIPLA30JAN20470PE.NFO,07/01/2020,12:02:56,14.35,13.9,2300,15.15,2300,0,62100
CIPLA30JAN20470PE.NFO,07/01/2020,12:03:03,14.35,13.9,2300,15.4,1150,0,62100
CIPLA30JAN20470PE.NFO,07/01/2020,12:03:20,14.35,13.9,2300,15.7,6900,0,62100
CIPLA30JAN20470PE.NFO,07/01/2020,12:03:23,14.35,13.9,2300,15.5,3450,0,62100
CIPLA30JAN20470PE.NFO,07/01/2020,12:03:27,14.35,13.9,2300,15.4,2300,0,62100
CIPLA30JAN20470PE.NFO,07/01/2020,12:03:31,14.35,13.9,2300,15.35,2300,0,62100
CIPLA30JAN20470PE.NFO,07/01/2020,12:05:00,14.35,14,1150,15.35,2300,0,62100
CIPLA30JAN20470PE.NFO,07/01/2020,12:05:43,14.35,14,1150,15.3,1150,0,62100
CIPLA30JAN20470PE.NFO,07/01/2020,12:05:46,14.35,14,1150,15.2,1150,0,62100
CIPLA30JAN20470PE.NFO,07/01/2020,12:05:49,14.35,14,1150,15.2,2300,0,62100
CIPLA30JAN20470PE.NFO,07/01/2020,12:05:56,14.35,14,1150,15.15,1150,0,62100
CIPLA30JAN20470PE.NFO,07/01/2020,12:06:00,14.35,14,1150,15.2,2300,0,62100
CIPLA30JAN20470PE.NFO,07/01/2020,12:06:13,14.35,14,1150,15.15,2300,0,62100
CIPLA30JAN20470PE.NFO,07/01/2020,12:06:15,14.35,14,1150,15.2,2300,0,62100
CIPLA30JAN20470PE.NFO,07/01/2020,12:06:18,14.35,14,1150,15.15,2300,0,62100
CIPLA30JAN20470PE.NFO,07/01/2020,12:07:31,14.35,13.8,1150,15.25,3450,0,62100
CIPLA30JAN20470PE.NFO,07/01/2020,12:07:33,14.35,13.8,1150,15.15,3450,0,62100
CIPLA30JAN20470PE.NFO,07/01/2020,12:07:34,14.35,13.8,1150,15.1,2300,0,62100
CIPLA30JAN20470PE.NFO,07/01/2020,12:07:54,14.35,13.8,1150,15.1,1150,0,62100
CIPLA30JAN20470PE.NFO,07/01/2020,12:07:58,14.35,13.8,1150,15,1150,0,62100
CIPLA30JAN20470PE.NFO,07/01/2020,12:08:11,14.35,13.8,1150,14.95,1150,0,62100
CIPLA30JAN20470PE.NFO,07/01/2020,12:08:16,14.35,13.75,1150,15.1,3450,0,62100
CIPLA30JAN20470PE.NFO,07/01/2020,12:08:24,14.35,13.75,1150,15.05,2300,0,62100
CIPLA30JAN20470PE.NFO,07/01/2020,12:08:30,14.35,13.75,1150,15.05,4600,0,62100
CIPLA30JAN20470PE.NFO,07/01/2020,12:08:39,14.35,13.75,1150,15,2300,0,62100
CIPLA30JAN20470PE.NFO,07/01/2020,12:08:42,14.35,13.75,1150,14.8,2300,0,62100
CIPLA30JAN20470PE.NFO,07/01/2020,12:08:49,14.35,13.75,1150,14.75,2300,0,62100
CIPLA30JAN20470PE.NFO,07/01/2020,12:08:53,14.35,13.75,1150,14.7,2300,0,62100
CIPLA30JAN20470PE.NFO,07/01/2020,12:08:57,14.35,13.7,1150,14.6,2300,0,62100
CIPLA30JAN20470PE.NFO,07/01/2020,12:09:00,14.35,13.7,1150,14.55,1150,0,62100
CIPLA30JAN20470PE.NFO,07/01/2020,12:09:03,14.35,13.6,1150,14.55,1150,0,62100
CIPLA30JAN20470PE.NFO,07/01/2020,12:09:24,14.35,13.6,2300,14.6,1150,0,62100
CIPLA30JAN20470PE.NFO,07/01/2020,12:09:40,14.35,13.7,1150,14.9,2300,0,62100
CIPLA30JAN20470PE.NFO,07/01/2020,12:09:57,14.35,13.7,1150,15.2,3450,0,62100
CIPLA30JAN20470PE.NFO,07/01/2020,12:09:59,14.35,13.8,1150,15.2,2300,0,62100
CIPLA30JAN20470PE.NFO,07/01/2020,12:10:17,14.35,13.8,1150,15.15,2300,0,62100
CIPLA30JAN20470PE.NFO,07/01/2020,12:10:20,14.35,13.8,1150,15.05,2300,0,62100
CIPLA30JAN20470PE.NFO,07/01/2020,12:10:22,14.35,13.8,1150,14.95,2300,0,62100
CIPLA30JAN20470PE.NFO,07/01/2020,12:10:25,14.35,13.8,1150,14.9,2300,0,62100
CIPLA30JAN20470PE.NFO,07/01/2020,12:11:05,14.35,13.8,1150,14.8,1150,0,62100
CIPLA30JAN20470PE.NFO,07/01/2020,12:11:12,14.35,13.65,1150,14.7,1150,0,62100
CIPLA30JAN20470PE.NFO,07/01/2020,12:11:20,14.35,13.65,1150,14.9,2300,0,62100
CIPLA30JAN20470PE.NFO,07/01/2020,12:11:26,14.35,13.65,1150,14.8,2300,0,62100
CIPLA30JAN20470PE.NFO,07/01/2020,12:11:33,14.35,13.45,2300,14.65,1150,0,62100
CIPLA30JAN20470PE.NFO,07/01/2020,12:11:35,14.35,13.7,1150,14.85,2300,0,62100
CIPLA30JAN20470PE.NFO,07/01/2020,12:11:41,14.35,13.9,1150,15.15,2300,0,62100
CIPLA30JAN20470PE.NFO,07/01/2020,12:11:43,14.35,13.9,1150,15.1,2300,0,62100
CIPLA30JAN20470PE.NFO,07/01/2020,12:11:49,14.35,14,1150,15.05,3450,0,62100
CIPLA30JAN20470PE.NFO,07/01/2020,12:11:52,14.35,14,1150,15,1150,0,62100
CIPLA30JAN20470PE.NFO,07/01/2020,12:11:54,14.35,13.9,1150,15.1,2300,0,62100
CIPLA30JAN20470PE.NFO,07/01/2020,12:11:56,14.35,13.9,1150,15,2300,0,62100
CIPLA30JAN20470PE.NFO,07/01/2020,12:11:59,14.35,13.9,1150,14.9,2300,0,62100
CIPLA30JAN20470PE.NFO,07/01/2020,12:12:01,14.35,13.9,1150,14.8,2300,0,62100
CIPLA30JAN20470PE.NFO,07/01/2020,12:12:02,14.35,13.9,1150,14.75,2300,0,62100
CIPLA30JAN20470PE.NFO,07/01/2020,12:12:16,14.35,13.7,1150,15,2300,0,62100
CIPLA30JAN20470PE.NFO,07/01/2020,12:12:19,14.35,13.7,1150,14.9,2300,0,62100
CIPLA30JAN20470PE.NFO,07/01/2020,12:12:21,14.35,13.7,1150,14.85,2300,0,62100
CIPLA30JAN20470PE.NFO,07/01/2020,12:12:34,14.35,13.7,1150,14.75,2300,0,62100
CIPLA30JAN20470PE.NFO,07/01/2020,12:13:29,14.35,13.7,1150,14.7,2300,0,62100
CIPLA30JAN20470PE.NFO,07/01/2020,12:13:34,14.35,13.7,1150,14.6,2300,0,62100
CIPLA30JAN20470PE.NFO,07/01/2020,12:13:37,14.35,13.7,1150,14.5,2300,0,62100
CIPLA30JAN20470PE.NFO,07/01/2020,12:13:41,14.35,13.7,1150,14.85,2300,0,62100
CIPLA30JAN20470PE.NFO,07/01/2020,12:14:06,14.35,13.7,1150,14.85,1150,0,62100
CIPLA30JAN20470PE.NFO,07/01/2020,12:14:11,14.35,13.7,1150,15.1,6900,0,62100
CIPLA30JAN20470PE.NFO,07/01/2020,12:14:15,14.35,13.7,1150,15.1,5750,0,62100
CIPLA30JAN20470PE.NFO,07/01/2020,12:14:20,14.35,13.7,1150,15,3450,0,62100
CIPLA30JAN20470PE.NFO,07/01/2020,12:14:24,14.35,13.7,1150,14.95,2300,0,62100
CIPLA30JAN20470PE.NFO,07/01/2020,12:14:48,14.35,13.7,1150,14.9,1150,0,62100
CIPLA30JAN20470PE.NFO,07/01/2020,12:14:52,14.35,13.7,1150,14.8,1150,0,62100
CIPLA30JAN20470PE.NFO,07/01/2020,12:14:55,14.35,13.7,1150,14.75,2300,0,62100
CIPLA30JAN20470PE.NFO,07/01/2020,12:15:14,14.35,13.7,1150,14.75,1150,0,62100
CIPLA30JAN20470PE.NFO,07/01/2020,12:15:17,14.35,13.7,1150,15.1,5750,0,62100
CIPLA30JAN20470PE.NFO,07/01/2020,12:15:39,14.35,13.7,1150,14.85,2300,0,62100
CIPLA30JAN20470PE.NFO,07/01/2020,12:15:43,14.35,13.7,1150,14.8,2300,0,62100
CIPLA30JAN20470PE.NFO,07/01/2020,12:27:17,14.35,13.7,1150,15.15,2300,0,62100
CIPLA30JAN20470PE.NFO,07/01/2020,12:27:20,14.35,13.7,1150,15.05,2300,0,62100
CIPLA30JAN20470PE.NFO,07/01/2020,12:27:23,14.35,13.95,1150,15.4,2300,0,62100
CIPLA30JAN20470PE.NFO,07/01/2020,12:27:25,14.35,13.95,1150,15.3,2300,0,62100
CIPLA30JAN20470PE.NFO,07/01/2020,12:27:30,14.35,13.95,1150,15.25,2300,0,62100
CIPLA30JAN20470PE.NFO,07/01/2020,12:27:32,14.35,13.95,1150,15.15,2300,0,62100
CIPLA30JAN20470PE.NFO,07/01/2020,12:27:35,14.35,13.95,1150,15.1,2300,0,62100
CIPLA30JAN20470PE.NFO,07/01/2020,12:28:02,14.35,13.95,2300,15.5,5750,0,62100
