Ticker,Date,Time,LTP,BuyPrice,BuyQty,SellPrice,SellQty,LTQ,OpenInterest
COALINDIA30JAN20210PE.NFO,07/01/2020,09:34:52,10.2,10,5400,10.25,2700,2700,132300
COALINDIA30JAN20210PE.NFO,07/01/2020,09:34:52,10.2,10,5400,10.25,2700,0,132300
COALINDIA30JAN20210PE.NFO,07/01/2020,09:34:52,10.2,10,5400,10.25,2700,0,132300
COALINDIA30JAN20210PE.NFO,07/01/2020,09:34:52,10.2,10,5400,10.25,2700,0,132300
COALINDIA30JAN20210PE.NFO,07/01/2020,09:35:01,10.2,10,5400,10.25,2700,0,132300
COALINDIA30JAN20210PE.NFO,07/01/2020,09:35:07,10.2,10,5400,10.2,2700,0,132300
COALINDIA30JAN20210PE.NFO,07/01/2020,09:35:11,10.2,10,5400,10.25,5400,0,132300
COALINDIA30JAN20210PE.NFO,07/01/2020,09:35:16,10.2,10,2700,10.2,2700,0,132300
COALINDIA30JAN20210PE.NFO,07/01/2020,09:35:21,10.2,10,2700,10.15,2700,0,132300
COALINDIA30JAN20210PE.NFO,07/01/2020,09:35:45,10.2,10,2700,10.4,5400,0,132300
COALINDIA30JAN20210PE.NFO,07/01/2020,09:36:10,10.2,10,2700,10.25,2700,0,132300
COALINDIA30JAN20210PE.NFO,07/01/2020,09:36:16,10.2,10,2700,10.2,5400,0,132300
COALINDIA30JAN20210PE.NFO,07/01/2020,09:36:28,10.2,10,2700,10.3,2700,0,132300
COALINDIA30JAN20210PE.NFO,07/01/2020,09:36:33,10.2,10.2,2700,10.3,5400,0,132300
COALINDIA30JAN20210PE.NFO,07/01/2020,09:36:37,10.2,10.2,2700,10.25,2700,0,132300
COALINDIA30JAN20210PE.NFO,07/01/2020,09:36:42,10.2,10.2,2700,10.35,2700,0,132300
COALINDIA30JAN20210PE.NFO,07/01/2020,09:36:47,10.2,10.2,2700,10.3,5400,0,132300
COALINDIA30JAN20210PE.NFO,07/01/2020,09:36:58,10.2,10,5400,10.25,2700,2700,132300
COALINDIA30JAN20210PE.NFO,07/01/2020,09:37:03,10.2,10,5400,10.3,5400,0,132300
COALINDIA30JAN20210PE.NFO,07/01/2020,09:37:27,10.2,10,5400,10.25,2700,0,132300
COALINDIA30JAN20210PE.NFO,07/01/2020,09:37:38,10.2,10,2700,10.25,2700,0,132300
COALINDIA30JAN20210PE.NFO,07/01/2020,09:37:42,10.2,10.1,2700,10.25,2700,0,132300
COALINDIA30JAN20210PE.NFO,07/01/2020,09:37:52,10.1,9.9,10800,10.25,2700,2700,132300
COALINDIA30JAN20210PE.NFO,07/01/2020,09:37:52,10.1,9.9,10800,10.25,2700,0,132300
COALINDIA30JAN20210PE.NFO,07/01/2020,09:38:30,10.1,9.9,8100,10.25,5400,0,132300
COALINDIA30JAN20210PE.NFO,07/01/2020,09:38:38,10.1,9.9,8100,10.25,2700,0,132300
COALINDIA30JAN20210PE.NFO,07/01/2020,09:38:43,10.1,9.9,2700,10.15,2700,0,132300
COALINDIA30JAN20210PE.NFO,07/01/2020,09:38:48,10.1,9.85,5400,10.15,2700,0,132300
COALINDIA30JAN20210PE.NFO,07/01/2020,09:38:57,10.1,9.9,2700,10.15,2700,0,132300
COALINDIA30JAN20210PE.NFO,07/01/2020,09:39:02,10.1,9.85,2700,10.1,2700,0,132300
COALINDIA30JAN20210PE.NFO,07/01/2020,09:39:07,10.1,9.9,2700,10.15,2700,0,132300
COALINDIA30JAN20210PE.NFO,07/01/2020,09:39:11,10.1,9.85,5400,10.15,2700,0,132300
COALINDIA30JAN20210PE.NFO,07/01/2020,09:39:16,10.1,9.85,2700,10.1,2700,0,132300
COALINDIA30JAN20210PE.NFO,07/01/2020,09:39:22,10.1,9.8,2700,10.05,5400,0,132300
COALINDIA30JAN20210PE.NFO,07/01/2020,09:39:28,10.1,9.65,8100,10.1,10800,0,132300
COALINDIA30JAN20210PE.NFO,07/01/2020,09:39:33,10.1,9.75,5400,10.1,10800,0,132300
COALINDIA30JAN20210PE.NFO,07/01/2020,09:39:43,10.1,9.8,2700,10.1,10800,0,132300
COALINDIA30JAN20210PE.NFO,07/01/2020,09:39:48,10.1,9.65,5400,10.1,10800,0,132300
COALINDIA30JAN20210PE.NFO,07/01/2020,09:39:52,10.1,9.8,2700,10.1,10800,0,132300
COALINDIA30JAN20210PE.NFO,07/01/2020,09:39:57,10.1,9.65,5400,10.05,2700,0,132300
COALINDIA30JAN20210PE.NFO,07/01/2020,09:40:01,10.1,9.65,5400,10,5400,0,132300
COALINDIA30JAN20210PE.NFO,07/01/2020,09:40:07,10.1,9.65,5400,10,8100,0,132300
COALINDIA30JAN20210PE.NFO,07/01/2020,09:40:18,10.1,9.65,5400,10,5400,0,132300
COALINDIA30JAN20210PE.NFO,07/01/2020,09:40:24,10.1,9.65,5400,10.25,8100,0,132300
COALINDIA30JAN20210PE.NFO,07/01/2020,09:40:29,10.1,9.65,5400,10.35,10800,0,132300
COALINDIA30JAN20210PE.NFO,07/01/2020,09:40:34,10.1,9.65,5400,10.1,2700,0,132300
COALINDIA30JAN20210PE.NFO,07/01/2020,09:40:39,10.1,9.65,5400,10,2700,0,132300
COALINDIA30JAN20210PE.NFO,07/01/2020,09:41:09,10.1,9.65,5400,10.2,8100,0,132300
COALINDIA30JAN20210PE.NFO,07/01/2020,09:41:29,10.1,9.65,5400,10.1,2700,0,132300
COALINDIA30JAN20210PE.NFO,07/01/2020,09:41:34,10.1,9.65,5400,10,2700,0,132300
COALINDIA30JAN20210PE.NFO,07/01/2020,09:41:38,10.1,9.65,5400,9.95,8100,0,132300
COALINDIA30JAN20210PE.NFO,07/01/2020,09:41:42,10.1,9.65,5400,9.95,5400,0,132300
COALINDIA30JAN20210PE.NFO,07/01/2020,09:41:47,10.1,9.55,5400,9.95,5400,0,132300
COALINDIA30JAN20210PE.NFO,07/01/2020,09:41:52,10.1,9.65,5400,9.95,8100,0,132300
COALINDIA30JAN20210PE.NFO,07/01/2020,09:42:05,10.1,9.65,5400,9.95,5400,0,132300
COALINDIA30JAN20210PE.NFO,07/01/2020,09:42:58,10.1,9.65,2700,9.95,5400,0,132300
COALINDIA30JAN20210PE.NFO,07/01/2020,09:43:03,10.1,9.5,2700,9.9,5400,0,132300
COALINDIA30JAN20210PE.NFO,07/01/2020,09:43:10,10.1,9.6,2700,10.05,2700,0,132300
COALINDIA30JAN20210PE.NFO,07/01/2020,09:43:15,10.1,9.6,2700,9.95,5400,0,132300
COALINDIA30JAN20210PE.NFO,07/01/2020,09:43:20,10.1,9.6,2700,9.95,2700,0,132300
COALINDIA30JAN20210PE.NFO,07/01/2020,09:43:35,10.1,9.6,2700,9.9,8100,0,132300
COALINDIA30JAN20210PE.NFO,07/01/2020,09:43:45,10.1,9.5,2700,9.85,2700,0,132300
COALINDIA30JAN20210PE.NFO,07/01/2020,09:43:50,10.1,9.5,2700,9.8,5400,0,132300
COALINDIA30JAN20210PE.NFO,07/01/2020,09:44:00,10.1,9.5,2700,9.8,8100,0,132300
COALINDIA30JAN20210PE.NFO,07/01/2020,09:44:11,10.1,9.55,2700,9.8,8100,0,132300
COALINDIA30JAN20210PE.NFO,07/01/2020,09:44:27,10.1,9.55,2700,9.9,2700,0,132300
COALINDIA30JAN20210PE.NFO,07/01/2020,09:44:33,10.1,9.6,2700,9.95,5400,0,132300
COALINDIA30JAN20210PE.NFO,07/01/2020,09:44:44,10.1,9.65,2700,10,2700,0,132300
COALINDIA30JAN20210PE.NFO,07/01/2020,09:44:54,10.1,9.5,18900,10,2700,0,132300
COALINDIA30JAN20210PE.NFO,07/01/2020,09:45:00,10.1,9.6,2700,10,2700,0,132300
COALINDIA30JAN20210PE.NFO,07/01/2020,09:45:05,10.1,9.7,2700,9.95,5400,0,132300
COALINDIA30JAN20210PE.NFO,07/01/2020,09:45:18,10.1,9.7,2700,10.05,5400,0,132300
COALINDIA30JAN20210PE.NFO,07/01/2020,09:45:24,10.1,9.7,2700,10,5400,0,132300
COALINDIA30JAN20210PE.NFO,07/01/2020,09:45:29,10.1,9.7,2700,10.05,5400,0,132300
COALINDIA30JAN20210PE.NFO,07/01/2020,09:45:34,10.1,9.7,2700,10.05,2700,0,132300
COALINDIA30JAN20210PE.NFO,07/01/2020,09:45:39,10.1,9.7,2700,10,2700,0,132300
COALINDIA30JAN20210PE.NFO,07/01/2020,09:45:43,10.1,9.7,2700,9.95,5400,0,132300
COALINDIA30JAN20210PE.NFO,07/01/2020,09:45:48,10.1,9.55,10800,9.95,5400,0,132300
COALINDIA30JAN20210PE.NFO,07/01/2020,09:45:53,10.1,9.6,2700,9.95,5400,0,132300
COALINDIA30JAN20210PE.NFO,07/01/2020,09:46:16,10.1,9.55,5400,9.9,5400,0,132300
COALINDIA30JAN20210PE.NFO,07/01/2020,09:46:20,10.1,9.6,2700,9.85,5400,0,132300
COALINDIA30JAN20210PE.NFO,07/01/2020,09:46:31,10.1,9.55,5400,9.85,5400,0,132300
COALINDIA30JAN20210PE.NFO,07/01/2020,09:46:42,10.1,9.6,2700,9.85,5400,0,132300
COALINDIA30JAN20210PE.NFO,07/01/2020,09:46:48,10.1,9.55,5400,9.85,5400,0,132300
COALINDIA30JAN20210PE.NFO,07/01/2020,09:46:52,10.1,9.6,2700,9.85,5400,0,132300
COALINDIA30JAN20210PE.NFO,07/01/2020,09:46:56,10.1,9.55,2700,9.85,5400,0,132300
COALINDIA30JAN20210PE.NFO,07/01/2020,09:47:00,10.1,9.6,2700,9.85,5400,0,132300
COALINDIA30JAN20210PE.NFO,07/01/2020,09:47:09,10.1,9.3,5400,9.75,2700,0,132300
COALINDIA30JAN20210PE.NFO,07/01/2020,09:47:14,10.1,9.4,2700,9.7,5400,0,132300
COALINDIA30JAN20210PE.NFO,07/01/2020,09:47:50,10.1,9.4,2700,9.7,8100,0,132300
COALINDIA30JAN20210PE.NFO,07/01/2020,09:48:08,10.1,9.35,2700,9.7,8100,0,132300
COALINDIA30JAN20210PE.NFO,07/01/2020,09:48:16,10.1,9.4,2700,9.7,5400,0,132300
COALINDIA30JAN20210PE.NFO,07/01/2020,09:48:32,10.1,9.5,2700,9.85,2700,0,132300
COALINDIA30JAN20210PE.NFO,07/01/2020,09:48:42,10.1,9.55,2700,9.9,5400,0,132300
COALINDIA30JAN20210PE.NFO,07/01/2020,09:48:54,10.1,9.5,2700,9.9,5400,0,132300
COALINDIA30JAN20210PE.NFO,07/01/2020,09:48:58,10.1,9.5,2700,9.95,8100,0,132300
COALINDIA30JAN20210PE.NFO,07/01/2020,09:49:07,10.1,9.55,2700,9.95,8100,0,132300
COALINDIA30JAN20210PE.NFO,07/01/2020,09:49:28,10.1,9.6,2700,9.95,8100,0,132300
COALINDIA30JAN20210PE.NFO,07/01/2020,09:49:34,10.1,9.65,2700,10.05,2700,0,132300
COALINDIA30JAN20210PE.NFO,07/01/2020,09:49:39,10.1,9.6,2700,10.05,8100,0,132300
COALINDIA30JAN20210PE.NFO,07/01/2020,09:49:54,10.1,9.55,2700,9.95,5400,0,132300
COALINDIA30JAN20210PE.NFO,07/01/2020,09:49:58,10.1,9.55,2700,9.95,2700,0,132300
COALINDIA30JAN20210PE.NFO,07/01/2020,09:50:00,10.1,9.5,2700,9.9,2700,0,132300
COALINDIA30JAN20210PE.NFO,07/01/2020,09:50:04,10.1,9.5,2700,9.9,5400,0,132300
COALINDIA30JAN20210PE.NFO,07/01/2020,09:50:08,10.1,9.5,2700,9.9,8100,0,132300
COALINDIA30JAN20210PE.NFO,07/01/2020,09:50:34,10.1,9.5,2700,9.8,5400,0,132300
COALINDIA30JAN20210PE.NFO,07/01/2020,09:50:37,10.1,9.5,2700,9.85,5400,0,132300
COALINDIA30JAN20210PE.NFO,07/01/2020,09:50:57,10.1,9.45,2700,9.85,5400,0,132300
COALINDIA30JAN20210PE.NFO,07/01/2020,09:51:10,10.1,9.5,2700,9.85,5400,0,132300
COALINDIA30JAN20210PE.NFO,07/01/2020,09:51:19,10.1,9.45,2700,9.75,5400,0,132300
COALINDIA30JAN20210PE.NFO,07/01/2020,09:51:23,10.1,9.5,2700,9.85,5400,0,132300
COALINDIA30JAN20210PE.NFO,07/01/2020,09:52:21,10.1,9.55,2700,9.85,5400,0,132300
COALINDIA30JAN20210PE.NFO,07/01/2020,09:52:26,10.1,9.55,2700,9.95,8100,0,132300
COALINDIA30JAN20210PE.NFO,07/01/2020,09:52:31,10.1,9.55,2700,9.95,10800,0,132300
COALINDIA30JAN20210PE.NFO,07/01/2020,09:52:36,10.1,9.5,2700,9.95,10800,0,132300
COALINDIA30JAN20210PE.NFO,07/01/2020,09:52:54,10.1,9.5,2700,9.85,2700,0,132300
COALINDIA30JAN20210PE.NFO,07/01/2020,09:52:58,10.1,9.5,2700,9.8,5400,0,132300
COALINDIA30JAN20210PE.NFO,07/01/2020,09:53:06,10.1,9.5,2700,9.9,8100,0,132300
COALINDIA30JAN20210PE.NFO,07/01/2020,09:53:26,10.1,9.55,2700,9.9,8100,0,132300
COALINDIA30JAN20210PE.NFO,07/01/2020,09:53:35,10.1,9.65,2700,10,5400,0,132300
COALINDIA30JAN20210PE.NFO,07/01/2020,09:54:02,10.1,9.7,2700,10,5400,0,132300
COALINDIA30JAN20210PE.NFO,07/01/2020,09:54:21,10.1,9.75,8100,10.15,2700,0,132300
COALINDIA30JAN20210PE.NFO,07/01/2020,09:54:26,10.1,9.7,5400,10.1,2700,0,132300
COALINDIA30JAN20210PE.NFO,07/01/2020,09:54:31,10.1,9.75,2700,10.1,2700,0,132300
COALINDIA30JAN20210PE.NFO,07/01/2020,09:55:05,10.1,9.75,2700,10.05,5400,0,132300
COALINDIA30JAN20210PE.NFO,07/01/2020,09:55:11,10.1,9.75,2700,10.05,2700,0,132300
COALINDIA30JAN20210PE.NFO,07/01/2020,09:55:15,10.1,9.75,2700,10.1,2700,0,132300
COALINDIA30JAN20210PE.NFO,07/01/2020,09:55:25,10.1,9.85,2700,10.1,2700,0,132300
COALINDIA30JAN20210PE.NFO,07/01/2020,09:55:29,10.1,9.75,2700,10.1,2700,0,132300
COALINDIA30JAN20210PE.NFO,07/01/2020,09:55:33,10.1,9.8,2700,10.15,2700,0,132300
COALINDIA30JAN20210PE.NFO,07/01/2020,09:55:37,10.1,9.8,2700,10.1,2700,0,132300
COALINDIA30JAN20210PE.NFO,07/01/2020,09:55:47,10.1,9.75,2700,10.1,2700,0,132300
COALINDIA30JAN20210PE.NFO,07/01/2020,09:56:01,10.1,9.85,2700,10.1,2700,0,132300
COALINDIA30JAN20210PE.NFO,07/01/2020,09:56:10,10.1,9.6,37800,10.1,2700,0,132300
COALINDIA30JAN20210PE.NFO,07/01/2020,09:56:15,10.1,9.6,37800,10.15,2700,0,132300
COALINDIA30JAN20210PE.NFO,07/01/2020,09:56:20,10.1,9.6,37800,10.1,2700,0,132300
COALINDIA30JAN20210PE.NFO,07/01/2020,09:56:25,10.1,9.8,2700,10.15,2700,0,132300
COALINDIA30JAN20210PE.NFO,07/01/2020,09:56:29,10.1,9.85,2700,10.15,5400,0,132300
COALINDIA30JAN20210PE.NFO,07/01/2020,09:56:47,10.1,9.8,2700,10.15,5400,0,132300
COALINDIA30JAN20210PE.NFO,07/01/2020,09:57:13,10.1,9.8,2700,10.15,2700,0,132300
COALINDIA30JAN20210PE.NFO,07/01/2020,09:57:17,10.1,9.8,2700,10.1,2700,0,132300
COALINDIA30JAN20210PE.NFO,07/01/2020,09:57:40,10.1,9.8,2700,10.15,2700,0,132300
COALINDIA30JAN20210PE.NFO,07/01/2020,09:57:48,10.1,9.8,2700,10.1,2700,0,132300
COALINDIA30JAN20210PE.NFO,07/01/2020,09:57:52,10.1,9.8,2700,10.15,2700,0,132300
COALINDIA30JAN20210PE.NFO,07/01/2020,09:57:55,10.1,9.8,2700,10.1,2700,0,132300
COALINDIA30JAN20210PE.NFO,07/01/2020,09:58:04,10.1,9.8,2700,10.1,5400,2700,135000
COALINDIA30JAN20210PE.NFO,07/01/2020,09:58:08,10.1,9.65,13500,10.05,2700,0,135000
COALINDIA30JAN20210PE.NFO,07/01/2020,09:58:12,10.1,9.75,2700,10.05,5400,0,135000
COALINDIA30JAN20210PE.NFO,07/01/2020,09:58:23,10.1,9.7,2700,10.05,5400,0,135000
COALINDIA30JAN20210PE.NFO,07/01/2020,09:58:31,10.1,9.75,2700,10.05,5400,0,135000
COALINDIA30JAN20210PE.NFO,07/01/2020,09:58:36,10.1,9.5,32400,10.05,5400,0,135000
COALINDIA30JAN20210PE.NFO,07/01/2020,09:58:51,10.1,9.7,2700,10.05,5400,0,135000
COALINDIA30JAN20210PE.NFO,07/01/2020,09:59:02,10.1,9.65,2700,10,2700,0,135000
COALINDIA30JAN20210PE.NFO,07/01/2020,09:59:16,10.1,9.7,5400,10.15,2700,0,135000
COALINDIA30JAN20210PE.NFO,07/01/2020,09:59:21,10.1,9.75,5400,10.15,2700,0,135000
COALINDIA30JAN20210PE.NFO,07/01/2020,09:59:30,10.1,9.8,2700,10.15,5400,0,135000
COALINDIA30JAN20210PE.NFO,07/01/2020,09:59:34,10.1,9.8,2700,10.1,2700,0,135000
COALINDIA30JAN20210PE.NFO,07/01/2020,09:59:39,10.1,9.8,2700,10.15,5400,0,135000
COALINDIA30JAN20210PE.NFO,07/01/2020,09:59:45,10.1,9.8,2700,10.15,2700,0,135000
COALINDIA30JAN20210PE.NFO,07/01/2020,09:59:49,10.1,9.8,2700,10.1,2700,0,135000
COALINDIA30JAN20210PE.NFO,07/01/2020,09:59:53,10.1,9.8,2700,10.15,2700,0,135000
COALINDIA30JAN20210PE.NFO,07/01/2020,10:00:02,10.1,9.8,2700,10.1,2700,0,135000
COALINDIA30JAN20210PE.NFO,07/01/2020,10:00:06,10.1,9.8,2700,10.15,2700,0,135000
COALINDIA30JAN20210PE.NFO,07/01/2020,10:00:10,10.1,9.8,2700,10.1,2700,0,135000
COALINDIA30JAN20210PE.NFO,07/01/2020,10:00:49,10.1,9.9,5400,10.2,5400,0,135000
COALINDIA30JAN20210PE.NFO,07/01/2020,10:01:01,10.1,9.9,2700,10.2,5400,0,135000
COALINDIA30JAN20210PE.NFO,07/01/2020,10:01:07,10.1,9.7,16200,10.2,5400,0,135000
COALINDIA30JAN20210PE.NFO,07/01/2020,10:01:18,10.1,9.9,2700,10.2,5400,0,135000
COALINDIA30JAN20210PE.NFO,07/01/2020,10:01:24,10.1,9.7,18900,10.25,2700,0,135000
COALINDIA30JAN20210PE.NFO,07/01/2020,10:01:30,10.1,9.7,18900,10.25,8100,0,135000
COALINDIA30JAN20210PE.NFO,07/01/2020,10:01:36,10.1,9.8,2700,10.2,2700,0,135000
COALINDIA30JAN20210PE.NFO,07/01/2020,10:01:42,10.1,9.85,5400,10.2,2700,0,135000
COALINDIA30JAN20210PE.NFO,07/01/2020,10:02:15,10.1,9.85,8100,10.15,8100,0,135000
COALINDIA30JAN20210PE.NFO,07/01/2020,10:02:20,10.1,9.85,5400,10.25,2700,0,135000
COALINDIA30JAN20210PE.NFO,07/01/2020,10:02:31,10.1,9.95,2700,10.2,2700,0,135000
COALINDIA30JAN20210PE.NFO,07/01/2020,10:02:36,10.1,9.95,2700,10.25,5400,0,135000
COALINDIA30JAN20210PE.NFO,07/01/2020,10:02:53,10.1,9.9,2700,10.2,5400,0,135000
COALINDIA30JAN20210PE.NFO,07/01/2020,10:03:05,10.1,9.9,2700,10.35,8100,0,135000
COALINDIA30JAN20210PE.NFO,07/01/2020,10:03:11,10.1,9.9,2700,10.25,5400,0,135000
COALINDIA30JAN20210PE.NFO,07/01/2020,10:03:16,10.1,10,2700,10.25,5400,0,135000
COALINDIA30JAN20210PE.NFO,07/01/2020,10:03:30,10.1,9.9,10800,10.25,5400,0,135000
COALINDIA30JAN20210PE.NFO,07/01/2020,10:03:35,10.1,9.9,8100,10.2,2700,0,135000
COALINDIA30JAN20210PE.NFO,07/01/2020,10:03:40,10.1,9.9,5400,10.2,2700,0,135000
COALINDIA30JAN20210PE.NFO,07/01/2020,10:03:45,10.1,9.9,5400,10.25,5400,0,135000
COALINDIA30JAN20210PE.NFO,07/01/2020,10:03:59,10.1,9.9,5400,10.2,5400,0,135000
COALINDIA30JAN20210PE.NFO,07/01/2020,10:04:17,10.1,9.9,5400,10.25,2700,0,135000
COALINDIA30JAN20210PE.NFO,07/01/2020,10:04:25,10.1,9.9,5400,10.2,2700,0,135000
COALINDIA30JAN20210PE.NFO,07/01/2020,10:04:40,10.1,9.9,2700,10.2,2700,0,135000
COALINDIA30JAN20210PE.NFO,07/01/2020,10:04:44,10.1,9.9,2700,10.15,5400,0,135000
COALINDIA30JAN20210PE.NFO,07/01/2020,10:04:47,10.1,9.9,2700,10.15,8100,0,135000
COALINDIA30JAN20210PE.NFO,07/01/2020,10:04:51,10.1,9.85,2700,10.15,8100,0,135000
COALINDIA30JAN20210PE.NFO,07/01/2020,10:04:55,10.1,9.85,2700,10.1,5400,0,135000
COALINDIA30JAN20210PE.NFO,07/01/2020,10:05:04,10.1,9.85,2700,10.15,5400,0,135000
COALINDIA30JAN20210PE.NFO,07/01/2020,10:05:07,10.1,9.85,2700,10.15,2700,0,135000
COALINDIA30JAN20210PE.NFO,07/01/2020,10:05:11,10.1,9.85,2700,10.1,5400,0,135000
COALINDIA30JAN20210PE.NFO,07/01/2020,10:06:15,10.1,9.9,5400,10.2,2700,0,135000
COALINDIA30JAN20210PE.NFO,07/01/2020,10:06:19,10.1,9.85,2700,10.15,2700,0,135000
COALINDIA30JAN20210PE.NFO,07/01/2020,10:06:23,10.1,9.85,2700,10.15,5400,0,135000
COALINDIA30JAN20210PE.NFO,07/01/2020,10:06:28,10.1,9.9,2700,10.2,2700,0,135000
COALINDIA30JAN20210PE.NFO,07/01/2020,10:06:49,10.1,9.95,2700,10.25,5400,0,135000
COALINDIA30JAN20210PE.NFO,07/01/2020,10:07:04,10.1,9.95,2700,10.25,2700,0,135000
COALINDIA30JAN20210PE.NFO,07/01/2020,10:07:10,10.1,9.9,10800,10.25,2700,0,135000
COALINDIA30JAN20210PE.NFO,07/01/2020,10:07:15,10.1,9.9,10800,10.25,5400,0,135000
COALINDIA30JAN20210PE.NFO,07/01/2020,10:07:20,10.1,10,2700,10.3,2700,0,135000
COALINDIA30JAN20210PE.NFO,07/01/2020,10:07:25,10.1,10.05,2700,10.3,2700,0,135000
COALINDIA30JAN20210PE.NFO,07/01/2020,10:07:36,10.1,9.95,10800,10.3,2700,0,135000
COALINDIA30JAN20210PE.NFO,07/01/2020,10:07:41,10.1,9.95,2700,10.25,2700,0,135000
COALINDIA30JAN20210PE.NFO,07/01/2020,10:07:45,10.1,9.95,2700,10.2,2700,0,135000
COALINDIA30JAN20210PE.NFO,07/01/2020,10:07:50,10.1,9.85,2700,10.15,10800,0,135000
COALINDIA30JAN20210PE.NFO,07/01/2020,10:08:01,10.1,9.85,2700,10.15,5400,0,135000
COALINDIA30JAN20210PE.NFO,07/01/2020,10:08:39,10.1,9.85,2700,10.1,2700,0,135000
COALINDIA30JAN20210PE.NFO,07/01/2020,10:08:49,10.1,9.85,2700,10.15,8100,0,135000
COALINDIA30JAN20210PE.NFO,07/01/2020,10:08:53,10.1,9.85,2700,10.1,2700,0,135000
COALINDIA30JAN20210PE.NFO,07/01/2020,10:09:06,10.1,9.85,2700,10.05,8100,0,135000
COALINDIA30JAN20210PE.NFO,07/01/2020,10:09:10,10.1,9.85,2700,10.1,8100,0,135000
COALINDIA30JAN20210PE.NFO,07/01/2020,10:09:37,10.1,9.85,2700,10,5400,0,135000
COALINDIA30JAN20210PE.NFO,07/01/2020,10:09:54,9.85,9.6,5400,9.95,8100,2700,135000
COALINDIA30JAN20210PE.NFO,07/01/2020,10:09:54,9.85,9.6,5400,9.95,8100,0,135000
COALINDIA30JAN20210PE.NFO,07/01/2020,10:09:59,9.85,9.6,5400,9.95,8100,0,135000
COALINDIA30JAN20210PE.NFO,07/01/2020,10:10:04,9.85,9.6,5400,9.95,5400,0,135000
COALINDIA30JAN20210PE.NFO,07/01/2020,10:10:10,9.85,9.6,5400,9.95,8100,0,135000
COALINDIA30JAN20210PE.NFO,07/01/2020,10:10:24,9.85,9.6,5400,9.9,5400,0,135000
COALINDIA30JAN20210PE.NFO,07/01/2020,10:10:28,9.85,9.6,5400,9.85,5400,0,135000
COALINDIA30JAN20210PE.NFO,07/01/2020,10:10:44,9.85,9.6,2700,9.85,5400,0,135000
COALINDIA30JAN20210PE.NFO,07/01/2020,10:10:57,9.85,9.6,2700,9.85,8100,0,135000
COALINDIA30JAN20210PE.NFO,07/01/2020,10:11:00,9.85,9.6,2700,9.8,2700,0,135000
COALINDIA30JAN20210PE.NFO,07/01/2020,10:11:04,9.85,9.6,2700,9.85,5400,0,135000
COALINDIA30JAN20210PE.NFO,07/01/2020,10:11:08,9.85,9.55,2700,9.8,2700,0,135000
COALINDIA30JAN20210PE.NFO,07/01/2020,10:11:24,9.85,9.5,2700,9.75,5400,0,135000
COALINDIA30JAN20210PE.NFO,07/01/2020,10:11:28,9.85,9.45,2700,9.7,2700,0,135000
COALINDIA30JAN20210PE.NFO,07/01/2020,10:11:44,9.85,9.4,2700,9.65,8100,0,135000
COALINDIA30JAN20210PE.NFO,07/01/2020,10:11:48,9.85,9.4,2700,9.7,2700,0,135000
COALINDIA30JAN20210PE.NFO,07/01/2020,10:11:52,9.85,9.4,2700,9.65,8100,0,135000
COALINDIA30JAN20210PE.NFO,07/01/2020,10:12:25,9.85,9.3,2700,9.6,2700,0,135000
COALINDIA30JAN20210PE.NFO,07/01/2020,10:12:34,9.85,9.25,2700,9.5,2700,0,135000
COALINDIA30JAN20210PE.NFO,07/01/2020,10:12:50,9.85,9.25,2700,9.45,5400,0,135000
COALINDIA30JAN20210PE.NFO,07/01/2020,10:12:58,9.85,9.3,2700,9.6,2700,0,135000
COALINDIA30JAN20210PE.NFO,07/01/2020,10:13:06,9.85,9.35,2700,9.65,5400,0,135000
COALINDIA30JAN20210PE.NFO,07/01/2020,10:13:09,9.85,9.3,2700,9.6,2700,0,135000
COALINDIA30JAN20210PE.NFO,07/01/2020,10:13:34,9.85,9.3,2700,9.75,8100,0,135000
COALINDIA30JAN20210PE.NFO,07/01/2020,10:13:37,9.85,9.3,2700,9.65,8100,0,135000
COALINDIA30JAN20210PE.NFO,07/01/2020,10:13:41,9.85,9.3,2700,9.6,2700,0,135000
COALINDIA30JAN20210PE.NFO,07/01/2020,10:13:48,9.85,9.3,2700,9.65,8100,0,135000
COALINDIA30JAN20210PE.NFO,07/01/2020,10:13:54,9.85,9.3,2700,9.65,5400,0,135000
COALINDIA30JAN20210PE.NFO,07/01/2020,10:14:08,9.85,9.3,2700,9.6,2700,0,135000
COALINDIA30JAN20210PE.NFO,07/01/2020,10:14:19,9.85,9.05,2700,9.4,2700,0,135000
COALINDIA30JAN20210PE.NFO,07/01/2020,10:14:29,9.85,8.95,2700,9.4,2700,0,135000
COALINDIA30JAN20210PE.NFO,07/01/2020,10:14:34,9.85,9,2700,9.25,5400,0,135000
COALINDIA30JAN20210PE.NFO,07/01/2020,10:14:44,9.85,8.9,2700,9.2,5400,0,135000
COALINDIA30JAN20210PE.NFO,07/01/2020,10:14:53,9.85,8.9,2700,9.25,5400,0,135000
COALINDIA30JAN20210PE.NFO,07/01/2020,10:14:57,9.85,8.9,2700,9.25,2700,0,135000
COALINDIA30JAN20210PE.NFO,07/01/2020,10:15:02,9.85,8.9,2700,9.3,2700,0,135000
COALINDIA30JAN20210PE.NFO,07/01/2020,10:15:08,9.85,8.9,2700,9.2,2700,0,135000
COALINDIA30JAN20210PE.NFO,07/01/2020,10:15:28,9.85,8.95,2700,9.25,8100,0,135000
COALINDIA30JAN20210PE.NFO,07/01/2020,10:15:38,9.85,8.85,13500,9.3,2700,0,135000
COALINDIA30JAN20210PE.NFO,07/01/2020,10:15:42,9.85,8.95,2700,9.3,2700,0,135000
COALINDIA30JAN20210PE.NFO,07/01/2020,10:15:48,9.85,9,2700,9.3,2700,0,135000
COALINDIA30JAN20210PE.NFO,07/01/2020,10:15:54,9.85,8.95,5400,9.3,2700,0,135000
COALINDIA30JAN20210PE.NFO,07/01/2020,10:16:13,9.85,8.95,2700,9.3,2700,0,135000
COALINDIA30JAN20210PE.NFO,07/01/2020,10:16:20,9.85,8.95,2700,9.25,5400,0,135000
COALINDIA30JAN20210PE.NFO,07/01/2020,10:16:24,9.25,8.95,2700,9.3,8100,2700,132300
COALINDIA30JAN20210PE.NFO,07/01/2020,10:16:24,9.25,8.95,2700,9.3,8100,0,132300
COALINDIA30JAN20210PE.NFO,07/01/2020,10:16:28,9.25,8.9,2700,9.25,2700,0,132300
COALINDIA30JAN20210PE.NFO,07/01/2020,10:16:37,9.25,8.95,2700,9.3,8100,0,132300
COALINDIA30JAN20210PE.NFO,07/01/2020,10:16:42,9.25,8.95,2700,9.25,2700,0,132300
COALINDIA30JAN20210PE.NFO,07/01/2020,10:16:50,9.25,8.9,2700,9.25,2700,0,132300
COALINDIA30JAN20210PE.NFO,07/01/2020,10:16:54,9.25,8.9,2700,9.2,5400,0,132300
COALINDIA30JAN20210PE.NFO,07/01/2020,10:17:02,9.25,8.9,2700,9.25,5400,0,132300
COALINDIA30JAN20210PE.NFO,07/01/2020,10:17:05,9.25,8.9,2700,9.25,8100,0,132300
COALINDIA30JAN20210PE.NFO,07/01/2020,10:17:13,9.25,8.9,2700,9.2,2700,0,132300
COALINDIA30JAN20210PE.NFO,07/01/2020,10:17:17,9.15,8.9,2700,9.2,2700,2700,132300
COALINDIA30JAN20210PE.NFO,07/01/2020,10:17:17,9.15,8.9,2700,9.2,2700,0,132300
COALINDIA30JAN20210PE.NFO,07/01/2020,10:17:21,9.15,8.85,2700,9.2,2700,0,132300
COALINDIA30JAN20210PE.NFO,07/01/2020,10:17:26,9.15,8.85,2700,9.15,5400,0,132300
COALINDIA30JAN20210PE.NFO,07/01/2020,10:17:30,9.15,8.85,2700,9.25,5400,5400,132300
COALINDIA30JAN20210PE.NFO,07/01/2020,10:17:34,9.15,8.85,2700,9.2,2700,0,132300
COALINDIA30JAN20210PE.NFO,07/01/2020,10:17:43,9.15,8.85,2700,9.15,2700,0,132300
COALINDIA30JAN20210PE.NFO,07/01/2020,10:17:46,9.15,8.85,2700,9.2,5400,0,132300
COALINDIA30JAN20210PE.NFO,07/01/2020,10:18:01,9.15,8.85,2700,9.2,2700,0,132300
COALINDIA30JAN20210PE.NFO,07/01/2020,10:18:05,9.15,8.9,2700,9.25,2700,0,132300
COALINDIA30JAN20210PE.NFO,07/01/2020,10:18:09,9.15,8.6,10800,9.15,2700,0,132300
COALINDIA30JAN20210PE.NFO,07/01/2020,10:18:13,9.15,8.8,5400,9.1,2700,0,132300
COALINDIA30JAN20210PE.NFO,07/01/2020,10:18:17,9.15,8.7,2700,9.1,5400,0,132300
COALINDIA30JAN20210PE.NFO,07/01/2020,10:18:29,9.15,8.7,2700,9,2700,0,132300
COALINDIA30JAN20210PE.NFO,07/01/2020,10:18:34,9.15,8.7,2700,9,5400,0,132300
COALINDIA30JAN20210PE.NFO,07/01/2020,10:18:39,9.15,8.7,2700,9.05,2700,0,132300
COALINDIA30JAN20210PE.NFO,07/01/2020,10:18:44,9.15,8.8,2700,9.15,5400,0,132300
COALINDIA30JAN20210PE.NFO,07/01/2020,10:18:49,9.15,8.75,5400,9.1,5400,0,132300
COALINDIA30JAN20210PE.NFO,07/01/2020,10:18:54,9.15,8.7,5400,9.05,2700,0,132300
COALINDIA30JAN20210PE.NFO,07/01/2020,10:18:59,9.15,8.7,5400,9.05,5400,0,132300
COALINDIA30JAN20210PE.NFO,07/01/2020,10:19:04,9.15,8.65,2700,9,2700,0,132300
COALINDIA30JAN20210PE.NFO,07/01/2020,10:19:08,9.15,8.65,2700,9,5400,0,132300
COALINDIA30JAN20210PE.NFO,07/01/2020,10:19:16,9.15,8.6,8100,9,5400,0,132300
COALINDIA30JAN20210PE.NFO,07/01/2020,10:19:26,9.15,8.65,2700,9,5400,0,132300
COALINDIA30JAN20210PE.NFO,07/01/2020,10:19:31,9.15,8.7,2700,9,5400,0,132300
COALINDIA30JAN20210PE.NFO,07/01/2020,10:19:35,9.15,8.7,2700,9.05,5400,0,132300
COALINDIA30JAN20210PE.NFO,07/01/2020,10:19:44,9.15,8.65,5400,9.05,5400,0,132300
COALINDIA30JAN20210PE.NFO,07/01/2020,10:19:48,9.15,8.7,5400,9.05,5400,0,132300
COALINDIA30JAN20210PE.NFO,07/01/2020,10:19:53,9.15,8.7,2700,9.05,5400,0,132300
COALINDIA30JAN20210PE.NFO,07/01/2020,10:20:11,9.15,8.8,2700,9.05,5400,0,132300
COALINDIA30JAN20210PE.NFO,07/01/2020,10:20:16,9.15,8.55,37800,9.05,5400,0,132300
COALINDIA30JAN20210PE.NFO,07/01/2020,10:20:20,9.15,8.55,18900,9,5400,0,132300
COALINDIA30JAN20210PE.NFO,07/01/2020,10:20:35,9.15,8.7,2700,9.05,2700,0,132300
COALINDIA30JAN20210PE.NFO,07/01/2020,10:20:39,9.15,8.65,2700,9.05,2700,0,132300
COALINDIA30JAN20210PE.NFO,07/01/2020,10:20:43,9.15,8.7,2700,9.15,5400,0,132300
COALINDIA30JAN20210PE.NFO,07/01/2020,10:20:48,9.15,8.45,37800,9.05,5400,0,132300
COALINDIA30JAN20210PE.NFO,07/01/2020,10:20:52,9.15,8.6,2700,9,2700,0,132300
COALINDIA30JAN20210PE.NFO,07/01/2020,10:20:58,9.15,8.6,2700,8.95,2700,0,132300
COALINDIA30JAN20210PE.NFO,07/01/2020,10:21:14,9.15,8.65,2700,8.95,2700,0,132300
COALINDIA30JAN20210PE.NFO,07/01/2020,10:21:18,9.15,8.7,2700,8.95,2700,0,132300
COALINDIA30JAN20210PE.NFO,07/01/2020,10:21:22,9.15,8.5,13500,8.9,2700,0,132300
COALINDIA30JAN20210PE.NFO,07/01/2020,10:21:26,9.15,8.5,13500,8.95,5400,0,132300
COALINDIA30JAN20210PE.NFO,07/01/2020,10:21:37,9.15,8.6,5400,8.95,5400,0,132300
COALINDIA30JAN20210PE.NFO,07/01/2020,10:21:41,9.15,8.6,5400,8.9,2700,0,132300
COALINDIA30JAN20210PE.NFO,07/01/2020,10:21:45,9.15,8.65,8100,8.9,2700,0,132300
COALINDIA30JAN20210PE.NFO,07/01/2020,10:21:48,8.9,8.7,2700,9.1,2700,2700,132300
COALINDIA30JAN20210PE.NFO,07/01/2020,10:21:48,8.9,8.7,2700,9.1,2700,0,132300
COALINDIA30JAN20210PE.NFO,07/01/2020,10:21:53,8.9,8.7,2700,9.1,2700,0,132300
COALINDIA30JAN20210PE.NFO,07/01/2020,10:22:05,8.9,8.75,2700,9.15,2700,0,132300
COALINDIA30JAN20210PE.NFO,07/01/2020,10:22:10,8.9,8.75,2700,9.1,2700,0,132300
COALINDIA30JAN20210PE.NFO,07/01/2020,10:22:23,8.9,8.65,16200,9.25,2700,0,132300
COALINDIA30JAN20210PE.NFO,07/01/2020,10:22:27,8.9,8.75,5400,9.1,2700,0,132300
COALINDIA30JAN20210PE.NFO,07/01/2020,10:22:31,8.9,8.85,2700,9.2,2700,0,132300
COALINDIA30JAN20210PE.NFO,07/01/2020,10:22:40,8.9,8.8,2700,9.2,2700,0,132300
COALINDIA30JAN20210PE.NFO,07/01/2020,10:22:46,8.9,8.9,2700,9.2,2700,0,132300
COALINDIA30JAN20210PE.NFO,07/01/2020,10:22:52,8.9,8.95,2700,9.2,2700,0,132300
COALINDIA30JAN20210PE.NFO,07/01/2020,10:23:08,8.9,8.95,2700,9.25,2700,0,132300
COALINDIA30JAN20210PE.NFO,07/01/2020,10:23:12,8.9,8.95,2700,9.2,2700,0,132300
COALINDIA30JAN20210PE.NFO,07/01/2020,10:23:20,8.9,8.8,2700,9.2,2700,0,132300
COALINDIA30JAN20210PE.NFO,07/01/2020,10:23:25,8.9,8.9,2700,9.2,2700,0,132300
COALINDIA30JAN20210PE.NFO,07/01/2020,10:23:51,8.9,8.8,2700,9.2,2700,0,132300
COALINDIA30JAN20210PE.NFO,07/01/2020,10:23:55,8.9,8.9,2700,9.2,2700,0,132300
COALINDIA30JAN20210PE.NFO,07/01/2020,10:24:00,8.9,8.9,2700,9.3,2700,0,132300
COALINDIA30JAN20210PE.NFO,07/01/2020,10:24:04,8.9,8.9,2700,9.2,2700,0,132300
COALINDIA30JAN20210PE.NFO,07/01/2020,10:24:07,8.9,8.8,2700,9.15,5400,0,132300
COALINDIA30JAN20210PE.NFO,07/01/2020,10:24:11,8.9,8.8,2700,9.25,2700,0,132300
COALINDIA30JAN20210PE.NFO,07/01/2020,10:24:15,8.9,8.95,2700,9.15,2700,0,132300
COALINDIA30JAN20210PE.NFO,07/01/2020,10:24:19,8.9,8.95,2700,9.2,2700,0,132300
COALINDIA30JAN20210PE.NFO,07/01/2020,10:24:27,8.9,8.95,2700,9.15,5400,0,132300
COALINDIA30JAN20210PE.NFO,07/01/2020,10:24:40,8.9,8.85,8100,9.2,2700,0,132300
COALINDIA30JAN20210PE.NFO,07/01/2020,10:24:43,8.9,8.9,2700,9.2,2700,0,132300
COALINDIA30JAN20210PE.NFO,07/01/2020,10:25:12,8.9,9,2700,9.25,2700,0,132300
COALINDIA30JAN20210PE.NFO,07/01/2020,10:25:47,8.9,9,2700,9.4,2700,0,132300
COALINDIA30JAN20210PE.NFO,07/01/2020,10:26:13,8.9,9,2700,9.3,2700,0,132300
COALINDIA30JAN20210PE.NFO,07/01/2020,10:26:37,8.9,9.1,2700,9.35,5400,0,132300
COALINDIA30JAN20210PE.NFO,07/01/2020,10:26:40,8.9,9.05,2700,9.35,5400,0,132300
COALINDIA30JAN20210PE.NFO,07/01/2020,10:26:44,8.9,9.1,2700,9.3,2700,0,132300
COALINDIA30JAN20210PE.NFO,07/01/2020,10:26:47,8.9,9.05,2700,9.35,5400,0,132300
COALINDIA30JAN20210PE.NFO,07/01/2020,10:26:50,8.9,9.05,2700,9.3,2700,0,132300
COALINDIA30JAN20210PE.NFO,07/01/2020,10:26:54,8.9,9.1,2700,9.3,2700,0,132300
COALINDIA30JAN20210PE.NFO,07/01/2020,10:26:57,8.9,9.05,5400,9.35,5400,0,132300
COALINDIA30JAN20210PE.NFO,07/01/2020,10:27:04,8.9,9.1,2700,9.3,2700,0,132300
COALINDIA30JAN20210PE.NFO,07/01/2020,10:27:12,8.9,9.05,2700,9.3,2700,0,132300
COALINDIA30JAN20210PE.NFO,07/01/2020,10:27:16,8.9,9.1,2700,9.3,2700,0,132300
COALINDIA30JAN20210PE.NFO,07/01/2020,10:27:20,8.9,9.05,2700,9.3,2700,0,132300
COALINDIA30JAN20210PE.NFO,07/01/2020,10:27:24,8.9,9.1,2700,9.3,2700,0,132300
COALINDIA30JAN20210PE.NFO,07/01/2020,10:27:27,8.9,9.05,2700,9.3,2700,0,132300
COALINDIA30JAN20210PE.NFO,07/01/2020,10:27:38,8.9,9.1,2700,9.3,2700,0,132300
COALINDIA30JAN20210PE.NFO,07/01/2020,10:27:42,8.9,9.05,2700,9.3,2700,0,132300
COALINDIA30JAN20210PE.NFO,07/01/2020,10:27:46,8.9,9.1,2700,9.3,2700,0,132300
COALINDIA30JAN20210PE.NFO,07/01/2020,10:27:55,8.9,9.05,2700,9.3,2700,0,132300
COALINDIA30JAN20210PE.NFO,07/01/2020,10:28:06,8.9,9.05,2700,9.35,5400,0,132300
COALINDIA30JAN20210PE.NFO,07/01/2020,10:28:14,8.9,9.05,2700,9.15,2700,0,132300
COALINDIA30JAN20210PE.NFO,07/01/2020,10:28:22,8.9,9.1,2700,9.15,2700,0,132300
COALINDIA30JAN20210PE.NFO,07/01/2020,10:28:54,8.9,9,2700,9.15,2700,0,132300
COALINDIA30JAN20210PE.NFO,07/01/2020,10:29:06,9.1,9,2700,9.35,5400,2700,135000
COALINDIA30JAN20210PE.NFO,07/01/2020,10:29:09,9.1,9,2700,9.35,5400,0,135000
COALINDIA30JAN20210PE.NFO,07/01/2020,10:29:16,9.1,9.1,2700,9.35,5400,0,135000
COALINDIA30JAN20210PE.NFO,07/01/2020,10:29:32,9.1,9.1,2700,9.3,2700,0,135000
COALINDIA30JAN20210PE.NFO,07/01/2020,10:29:35,9.1,9.1,2700,9.25,2700,0,135000
COALINDIA30JAN20210PE.NFO,07/01/2020,10:29:39,9.1,9.1,2700,9.35,2700,0,135000
COALINDIA30JAN20210PE.NFO,07/01/2020,10:29:47,9.1,9.1,2700,9.3,5400,0,135000
COALINDIA30JAN20210PE.NFO,07/01/2020,10:30:18,9.1,9.1,2700,9.25,2700,0,135000
COALINDIA30JAN20210PE.NFO,07/01/2020,10:30:22,9.1,9.1,2700,9.2,2700,0,135000
COALINDIA30JAN20210PE.NFO,07/01/2020,10:30:34,9.1,9.1,2700,9.35,2700,0,135000
COALINDIA30JAN20210PE.NFO,07/01/2020,10:30:38,9.1,9.1,2700,9.3,5400,0,135000
COALINDIA30JAN20210PE.NFO,07/01/2020,10:31:02,9.1,9.1,2700,9.5,2700,0,135000
COALINDIA30JAN20210PE.NFO,07/01/2020,10:31:05,9.1,9.1,2700,9.45,2700,0,135000
COALINDIA30JAN20210PE.NFO,07/01/2020,10:31:09,9.1,9.1,2700,9.4,5400,0,135000
COALINDIA30JAN20210PE.NFO,07/01/2020,10:31:21,9.1,9.1,2700,9.35,2700,0,135000
COALINDIA30JAN20210PE.NFO,07/01/2020,10:31:36,9.1,9.1,2700,9.4,5400,0,135000
COALINDIA30JAN20210PE.NFO,07/01/2020,10:31:47,9.1,9.15,2700,9.4,5400,0,135000
COALINDIA30JAN20210PE.NFO,07/01/2020,10:32:03,9.1,9.15,2700,9.35,2700,0,135000
COALINDIA30JAN20210PE.NFO,07/01/2020,10:32:15,9.1,9.1,2700,9.3,5400,0,135000
COALINDIA30JAN20210PE.NFO,07/01/2020,10:32:20,9.1,9.2,2700,9.3,5400,0,135000
COALINDIA30JAN20210PE.NFO,07/01/2020,10:32:29,9.25,9.1,5400,9.55,2700,2700,137700
COALINDIA30JAN20210PE.NFO,07/01/2020,10:32:34,9.25,9.1,5400,9.55,2700,0,137700
COALINDIA30JAN20210PE.NFO,07/01/2020,10:32:52,9.25,9.2,2700,9.55,2700,0,137700
COALINDIA30JAN20210PE.NFO,07/01/2020,10:32:55,9.25,9.05,10800,9.55,2700,0,137700
COALINDIA30JAN20210PE.NFO,07/01/2020,10:32:59,9.25,9.2,2700,9.55,2700,0,137700
COALINDIA30JAN20210PE.NFO,07/01/2020,10:33:06,9.25,9.15,5400,9.55,2700,0,137700
COALINDIA30JAN20210PE.NFO,07/01/2020,10:33:08,9.25,9.2,2700,9.55,2700,0,137700
COALINDIA30JAN20210PE.NFO,07/01/2020,10:33:11,9.25,9.15,5400,9.55,2700,0,137700
COALINDIA30JAN20210PE.NFO,07/01/2020,10:33:19,9.25,9.2,2700,9.55,2700,0,137700
COALINDIA30JAN20210PE.NFO,07/01/2020,10:33:46,9.25,9.15,5400,9.55,2700,0,137700
COALINDIA30JAN20210PE.NFO,07/01/2020,10:33:48,9.25,9.2,2700,9.55,2700,0,137700
COALINDIA30JAN20210PE.NFO,07/01/2020,10:34:18,9.25,9.25,2700,9.55,2700,0,137700
COALINDIA30JAN20210PE.NFO,07/01/2020,10:34:24,9.25,9.2,2700,9.55,2700,0,137700
COALINDIA30JAN20210PE.NFO,07/01/2020,10:34:42,9.25,9.05,2700,9.55,2700,0,137700
COALINDIA30JAN20210PE.NFO,07/01/2020,10:34:46,9.25,9.05,10800,9.55,2700,0,137700
COALINDIA30JAN20210PE.NFO,07/01/2020,10:34:49,9.25,9.1,2700,9.55,2700,0,137700
COALINDIA30JAN20210PE.NFO,07/01/2020,10:34:59,9.25,9.1,2700,9.5,2700,0,137700
COALINDIA30JAN20210PE.NFO,07/01/2020,10:35:01,9.25,9.1,2700,9.45,2700,0,137700
COALINDIA30JAN20210PE.NFO,07/01/2020,10:35:04,9.25,9.05,5400,9.45,2700,0,137700
COALINDIA30JAN20210PE.NFO,07/01/2020,10:35:07,9.25,9.1,2700,9.45,2700,0,137700
COALINDIA30JAN20210PE.NFO,07/01/2020,10:35:12,9.25,9.05,5400,9.45,2700,0,137700
COALINDIA30JAN20210PE.NFO,07/01/2020,10:35:15,9.25,9.1,2700,9.45,2700,0,137700
COALINDIA30JAN20210PE.NFO,07/01/2020,10:35:27,9.25,9.05,5400,9.45,2700,0,137700
COALINDIA30JAN20210PE.NFO,07/01/2020,10:35:37,9.25,9.1,2700,9.45,2700,0,137700
COALINDIA30JAN20210PE.NFO,07/01/2020,10:35:41,9.25,9.05,5400,9.45,2700,0,137700
COALINDIA30JAN20210PE.NFO,07/01/2020,10:35:44,9.25,9.1,2700,9.45,2700,0,137700
COALINDIA30JAN20210PE.NFO,07/01/2020,10:35:57,9.25,9,2700,9.45,2700,0,137700
COALINDIA30JAN20210PE.NFO,07/01/2020,10:36:00,9.25,8.95,5400,9.45,2700,0,137700
COALINDIA30JAN20210PE.NFO,07/01/2020,10:36:17,9.25,9,2700,9.45,2700,0,137700
COALINDIA30JAN20210PE.NFO,07/01/2020,10:36:20,9.25,8.95,5400,9.45,2700,0,137700
COALINDIA30JAN20210PE.NFO,07/01/2020,10:36:25,9.25,9,2700,9.45,2700,0,137700
COALINDIA30JAN20210PE.NFO,07/01/2020,10:36:33,9.25,8.95,5400,9.45,2700,0,137700
COALINDIA30JAN20210PE.NFO,07/01/2020,10:36:36,9.25,9,2700,9.45,2700,0,137700
COALINDIA30JAN20210PE.NFO,07/01/2020,10:36:47,9.25,8.95,5400,9.45,2700,0,137700
COALINDIA30JAN20210PE.NFO,07/01/2020,10:36:50,9.25,9,2700,9.45,2700,0,137700
COALINDIA30JAN20210PE.NFO,07/01/2020,10:36:51,9.25,8.95,5400,9.45,2700,0,137700
COALINDIA30JAN20210PE.NFO,07/01/2020,10:36:53,9.25,9,2700,9.45,2700,0,137700
COALINDIA30JAN20210PE.NFO,07/01/2020,10:37:06,9.25,8.95,5400,9.45,2700,0,137700
COALINDIA30JAN20210PE.NFO,07/01/2020,10:37:09,9.25,8.95,2700,9.45,2700,0,137700
COALINDIA30JAN20210PE.NFO,07/01/2020,10:37:16,9.25,9,2700,9.45,2700,0,137700
COALINDIA30JAN20210PE.NFO,07/01/2020,10:37:19,9.25,8.95,5400,9.45,2700,0,137700
COALINDIA30JAN20210PE.NFO,07/01/2020,10:37:25,9.25,9,2700,9.45,2700,0,137700
COALINDIA30JAN20210PE.NFO,07/01/2020,10:37:28,9.25,8.95,5400,9.45,2700,0,137700
COALINDIA30JAN20210PE.NFO,07/01/2020,10:37:30,9.25,9,2700,9.45,2700,0,137700
COALINDIA30JAN20210PE.NFO,07/01/2020,10:37:33,9.25,8.95,5400,9.45,2700,0,137700
COALINDIA30JAN20210PE.NFO,07/01/2020,10:37:42,9.25,9,2700,9.45,2700,0,137700
COALINDIA30JAN20210PE.NFO,07/01/2020,10:37:45,9.25,8.95,5400,9.45,2700,0,137700
COALINDIA30JAN20210PE.NFO,07/01/2020,10:37:57,9.25,8.95,5400,9.4,2700,0,137700
COALINDIA30JAN20210PE.NFO,07/01/2020,10:38:01,9.25,9,2700,9.35,2700,0,137700
COALINDIA30JAN20210PE.NFO,07/01/2020,10:38:04,9.25,8.95,5400,9.35,2700,0,137700
COALINDIA30JAN20210PE.NFO,07/01/2020,10:38:16,9.25,9,2700,9.35,2700,0,137700
COALINDIA30JAN20210PE.NFO,07/01/2020,10:38:25,9.25,8.95,5400,9.35,2700,0,137700
COALINDIA30JAN20210PE.NFO,07/01/2020,10:38:31,9.25,9.05,2700,9.35,2700,0,137700
COALINDIA30JAN20210PE.NFO,07/01/2020,10:38:37,9.25,8.95,5400,9.35,2700,0,137700
COALINDIA30JAN20210PE.NFO,07/01/2020,10:38:48,9.25,9.1,2700,9.35,2700,0,137700
COALINDIA30JAN20210PE.NFO,07/01/2020,10:38:51,9.25,9.05,2700,9.35,2700,0,137700
COALINDIA30JAN20210PE.NFO,07/01/2020,10:38:52,9.25,8.95,5400,9.35,2700,0,137700
COALINDIA30JAN20210PE.NFO,07/01/2020,10:38:58,9.25,9.1,2700,9.35,2700,0,137700
COALINDIA30JAN20210PE.NFO,07/01/2020,10:39:01,9.25,8.95,5400,9.35,2700,0,137700
COALINDIA30JAN20210PE.NFO,07/01/2020,10:39:05,9.25,9.1,2700,9.35,2700,0,137700
COALINDIA30JAN20210PE.NFO,07/01/2020,10:39:08,9.25,9.05,2700,9.35,2700,0,137700
COALINDIA30JAN20210PE.NFO,07/01/2020,10:39:15,9.25,9.05,5400,9.35,2700,0,137700
COALINDIA30JAN20210PE.NFO,07/01/2020,10:39:23,9.25,9.1,2700,9.35,2700,0,137700
COALINDIA30JAN20210PE.NFO,07/01/2020,10:39:30,9.25,9.05,5400,9.35,2700,0,137700
COALINDIA30JAN20210PE.NFO,07/01/2020,10:39:33,9.25,9.1,2700,9.35,2700,0,137700
COALINDIA30JAN20210PE.NFO,07/01/2020,10:39:36,9.25,9.05,5400,9.35,2700,0,137700
COALINDIA30JAN20210PE.NFO,07/01/2020,10:39:42,9.25,9.1,2700,9.35,2700,0,137700
COALINDIA30JAN20210PE.NFO,07/01/2020,10:39:48,9.25,9.05,5400,9.35,2700,0,137700
COALINDIA30JAN20210PE.NFO,07/01/2020,10:39:56,9.25,9.1,2700,9.35,2700,0,137700
COALINDIA30JAN20210PE.NFO,07/01/2020,10:40:00,9.25,9.05,5400,9.35,2700,0,137700
COALINDIA30JAN20210PE.NFO,07/01/2020,10:40:13,9.25,9.1,2700,9.35,2700,0,137700
COALINDIA30JAN20210PE.NFO,07/01/2020,10:40:16,9.25,9.05,5400,9.35,2700,0,137700
COALINDIA30JAN20210PE.NFO,07/01/2020,10:40:30,9.25,9.1,2700,9.35,2700,0,137700
COALINDIA30JAN20210PE.NFO,07/01/2020,10:40:34,9.25,9.2,2700,9.45,2700,0,137700
COALINDIA30JAN20210PE.NFO,07/01/2020,10:40:36,9.25,9.05,5400,9.45,2700,0,137700
COALINDIA30JAN20210PE.NFO,07/01/2020,10:40:38,9.25,9.1,2700,9.45,2700,0,137700
COALINDIA30JAN20210PE.NFO,07/01/2020,10:40:45,9.25,9.05,5400,9.45,2700,0,137700
COALINDIA30JAN20210PE.NFO,07/01/2020,10:40:48,9.25,9.1,2700,9.45,2700,0,137700
COALINDIA30JAN20210PE.NFO,07/01/2020,10:40:50,9.25,9.05,5400,9.45,2700,0,137700
COALINDIA30JAN20210PE.NFO,07/01/2020,10:40:53,9.25,9.1,2700,9.45,2700,0,137700
COALINDIA30JAN20210PE.NFO,07/01/2020,10:40:55,9.25,9.15,2700,9.45,2700,0,137700
COALINDIA30JAN20210PE.NFO,07/01/2020,10:40:57,9.25,9.05,8100,9.45,2700,0,137700
COALINDIA30JAN20210PE.NFO,07/01/2020,10:41:01,9.25,9.2,2700,9.45,2700,0,137700
COALINDIA30JAN20210PE.NFO,07/01/2020,10:41:16,9.25,9.15,5400,9.45,2700,0,137700
COALINDIA30JAN20210PE.NFO,07/01/2020,10:41:19,9.25,9.1,2700,9.45,2700,0,137700
COALINDIA30JAN20210PE.NFO,07/01/2020,10:41:23,9.25,9.05,5400,9.45,2700,0,137700
COALINDIA30JAN20210PE.NFO,07/01/2020,10:41:35,9.25,9.1,2700,9.45,2700,0,137700
COALINDIA30JAN20210PE.NFO,07/01/2020,10:41:38,9.25,9.05,5400,9.45,2700,0,137700
COALINDIA30JAN20210PE.NFO,07/01/2020,10:41:45,9.25,9.1,2700,9.45,2700,0,137700
COALINDIA30JAN20210PE.NFO,07/01/2020,10:41:48,9.25,9.05,5400,9.45,2700,0,137700
COALINDIA30JAN20210PE.NFO,07/01/2020,10:41:50,9.25,9.1,2700,9.45,2700,0,137700
COALINDIA30JAN20210PE.NFO,07/01/2020,10:41:53,9.25,8.95,8100,9.45,2700,0,137700
COALINDIA30JAN20210PE.NFO,07/01/2020,10:41:56,9.25,8.65,16200,9.35,2700,0,137700
COALINDIA30JAN20210PE.NFO,07/01/2020,10:43:12,9.25,8.85,2700,9.35,2700,0,137700
COALINDIA30JAN20210PE.NFO,07/01/2020,10:43:24,9.25,8.9,2700,9.35,2700,0,137700
COALINDIA30JAN20210PE.NFO,07/01/2020,10:43:27,9.25,8.85,2700,9.35,2700,0,137700
COALINDIA30JAN20210PE.NFO,07/01/2020,10:43:30,9.25,8.75,10800,9.35,2700,0,137700
COALINDIA30JAN20210PE.NFO,07/01/2020,10:43:33,9.25,8.85,5400,9.35,2700,0,137700
COALINDIA30JAN20210PE.NFO,07/01/2020,10:43:36,9.25,8.9,2700,9.35,2700,0,137700
COALINDIA30JAN20210PE.NFO,07/01/2020,10:43:43,9.25,8.85,5400,9.35,2700,0,137700
COALINDIA30JAN20210PE.NFO,07/01/2020,10:43:46,9.25,8.9,2700,9.35,2700,0,137700
COALINDIA30JAN20210PE.NFO,07/01/2020,10:44:01,9.25,8.85,5400,9.35,2700,0,137700
COALINDIA30JAN20210PE.NFO,07/01/2020,10:44:04,9.25,8.9,2700,9.35,2700,0,137700
COALINDIA30JAN20210PE.NFO,07/01/2020,10:44:13,9.25,8.85,5400,9.35,2700,0,137700
COALINDIA30JAN20210PE.NFO,07/01/2020,10:44:37,9.25,8.85,5400,9.3,2700,0,137700
COALINDIA30JAN20210PE.NFO,07/01/2020,10:44:40,9.25,8.85,5400,9.25,2700,0,137700
COALINDIA30JAN20210PE.NFO,07/01/2020,10:45:16,9.25,8.9,2700,9.25,2700,0,137700
COALINDIA30JAN20210PE.NFO,07/01/2020,10:45:33,9.25,8.75,5400,9.25,2700,0,137700
COALINDIA30JAN20210PE.NFO,07/01/2020,10:45:36,9.25,8.8,2700,9.25,2700,0,137700
COALINDIA30JAN20210PE.NFO,07/01/2020,10:45:38,9.25,8.75,5400,9.25,2700,0,137700
COALINDIA30JAN20210PE.NFO,07/01/2020,10:45:45,9.25,8.8,2700,9.25,2700,0,137700
COALINDIA30JAN20210PE.NFO,07/01/2020,10:45:48,9.25,8.75,5400,9.25,2700,0,137700
COALINDIA30JAN20210PE.NFO,07/01/2020,10:45:51,9.25,8.8,2700,9.25,2700,0,137700
COALINDIA30JAN20210PE.NFO,07/01/2020,10:46:00,9.25,8.75,5400,9.25,2700,0,137700
COALINDIA30JAN20210PE.NFO,07/01/2020,10:46:10,9.25,8.8,2700,9.25,2700,0,137700
COALINDIA30JAN20210PE.NFO,07/01/2020,10:46:15,9.25,8.75,5400,9.25,2700,0,137700
COALINDIA30JAN20210PE.NFO,07/01/2020,10:47:45,9.25,8.75,5400,9.15,2700,0,137700
COALINDIA30JAN20210PE.NFO,07/01/2020,10:48:40,9.25,8.75,2700,9.15,2700,0,137700
COALINDIA30JAN20210PE.NFO,07/01/2020,10:49:44,9.25,8.8,2700,9.15,2700,0,137700
COALINDIA30JAN20210PE.NFO,07/01/2020,10:50:20,9.25,8.75,2700,9.15,2700,0,137700
COALINDIA30JAN20210PE.NFO,07/01/2020,10:51:32,9.25,8.8,2700,9.15,2700,0,137700
COALINDIA30JAN20210PE.NFO,07/01/2020,10:51:47,9.25,8.7,2700,9.15,2700,0,137700
COALINDIA30JAN20210PE.NFO,07/01/2020,10:52:01,9.25,8.7,2700,9.15,5400,0,137700
COALINDIA30JAN20210PE.NFO,07/01/2020,10:52:06,9.25,8.75,2700,9.15,5400,0,137700
COALINDIA30JAN20210PE.NFO,07/01/2020,10:52:11,9.25,8.8,2700,9.15,2700,0,137700
COALINDIA30JAN20210PE.NFO,07/01/2020,10:52:53,9.25,8.75,5400,9.15,2700,0,137700
COALINDIA30JAN20210PE.NFO,07/01/2020,10:53:03,9.25,8.8,2700,9.15,2700,0,137700
COALINDIA30JAN20210PE.NFO,07/01/2020,10:53:09,9.25,8.7,8100,9.15,2700,0,137700
COALINDIA30JAN20210PE.NFO,07/01/2020,10:53:35,9.25,8.8,5400,9.15,2700,0,137700
COALINDIA30JAN20210PE.NFO,07/01/2020,10:53:51,9.25,8.8,5400,9.25,2700,0,137700
COALINDIA30JAN20210PE.NFO,07/01/2020,10:54:08,9.25,8.75,2700,9.25,5400,0,137700
COALINDIA30JAN20210PE.NFO,07/01/2020,10:54:13,9.25,8.75,2700,9.2,2700,0,137700
COALINDIA30JAN20210PE.NFO,07/01/2020,10:54:19,9.25,8.75,2700,9.15,2700,0,137700
COALINDIA30JAN20210PE.NFO,07/01/2020,10:54:50,9.25,8.7,5400,9.15,5400,0,137700
COALINDIA30JAN20210PE.NFO,07/01/2020,10:57:08,9.25,8.7,5400,9.15,2700,0,137700
COALINDIA30JAN20210PE.NFO,07/01/2020,10:58:37,9.25,8.7,5400,9.15,5400,0,137700
COALINDIA30JAN20210PE.NFO,07/01/2020,10:58:42,9.25,8.7,5400,9.25,2700,0,137700
COALINDIA30JAN20210PE.NFO,07/01/2020,10:59:09,9.25,8.8,5400,9.3,2700,0,137700
COALINDIA30JAN20210PE.NFO,07/01/2020,10:59:14,9.25,9.05,2700,9.3,2700,0,137700
COALINDIA30JAN20210PE.NFO,07/01/2020,10:59:20,9.25,9.05,2700,9.45,2700,0,137700
COALINDIA30JAN20210PE.NFO,07/01/2020,10:59:25,9.25,9.05,5400,9.45,2700,0,137700
COALINDIA30JAN20210PE.NFO,07/01/2020,10:59:42,9.25,9.05,2700,9.4,2700,0,137700
COALINDIA30JAN20210PE.NFO,07/01/2020,10:59:47,9.25,9,2700,9.35,2700,0,137700
COALINDIA30JAN20210PE.NFO,07/01/2020,10:59:52,9.25,9.05,2700,9.35,2700,0,137700
COALINDIA30JAN20210PE.NFO,07/01/2020,11:01:16,9.25,9.1,2700,9.45,2700,0,137700
COALINDIA30JAN20210PE.NFO,07/01/2020,11:01:29,9.25,9.15,2700,9.55,2700,0,137700
COALINDIA30JAN20210PE.NFO,07/01/2020,11:01:36,9.25,9.2,2700,9.6,2700,0,137700
COALINDIA30JAN20210PE.NFO,07/01/2020,11:01:57,9.25,9.25,2700,9.6,2700,0,137700
COALINDIA30JAN20210PE.NFO,07/01/2020,11:02:11,9.25,9.2,2700,9.6,2700,0,137700
COALINDIA30JAN20210PE.NFO,07/01/2020,11:02:36,9.25,9.2,2700,9.7,5400,0,137700
COALINDIA30JAN20210PE.NFO,07/01/2020,11:02:59,9.25,9.25,2700,9.7,5400,0,137700
COALINDIA30JAN20210PE.NFO,07/01/2020,11:03:11,9.25,9.35,2700,9.75,2700,0,137700
COALINDIA30JAN20210PE.NFO,07/01/2020,11:03:44,9.25,9.25,2700,9.7,2700,0,137700
COALINDIA30JAN20210PE.NFO,07/01/2020,11:03:51,9.25,9.25,2700,9.65,2700,0,137700
COALINDIA30JAN20210PE.NFO,07/01/2020,11:03:56,9.25,9.15,2700,9.55,2700,0,137700
COALINDIA30JAN20210PE.NFO,07/01/2020,11:04:08,9.25,9.2,2700,9.55,2700,0,137700
COALINDIA30JAN20210PE.NFO,07/01/2020,11:04:20,9.25,9.15,2700,9.55,2700,0,137700
COALINDIA30JAN20210PE.NFO,07/01/2020,11:04:31,9.25,9.15,2700,9.5,2700,0,137700
COALINDIA30JAN20210PE.NFO,07/01/2020,11:04:37,9.25,9.15,2700,9.55,2700,0,137700
COALINDIA30JAN20210PE.NFO,07/01/2020,11:04:43,9.25,9.1,5400,9.55,2700,0,137700
COALINDIA30JAN20210PE.NFO,07/01/2020,11:04:49,9.25,9.05,8100,9.55,2700,0,137700
COALINDIA30JAN20210PE.NFO,07/01/2020,11:04:55,9.25,9.1,2700,9.55,2700,0,137700
COALINDIA30JAN20210PE.NFO,07/01/2020,11:05:06,9.25,9.1,8100,9.55,2700,0,137700
COALINDIA30JAN20210PE.NFO,07/01/2020,11:05:12,9.25,9.15,5400,9.55,2700,0,137700
COALINDIA30JAN20210PE.NFO,07/01/2020,11:05:18,9.25,9.15,2700,9.55,2700,0,137700
COALINDIA30JAN20210PE.NFO,07/01/2020,11:05:23,9.25,9.1,2700,9.55,2700,0,137700
COALINDIA30JAN20210PE.NFO,07/01/2020,11:06:01,9.25,9.15,2700,9.45,2700,0,137700
COALINDIA30JAN20210PE.NFO,07/01/2020,11:06:07,9.25,9.1,2700,9.45,2700,0,137700
COALINDIA30JAN20210PE.NFO,07/01/2020,11:06:27,9.25,9.1,5400,9.45,2700,0,137700
COALINDIA30JAN20210PE.NFO,07/01/2020,11:06:32,9.25,9.1,5400,9.4,2700,0,137700
COALINDIA30JAN20210PE.NFO,07/01/2020,11:06:52,9.25,9.15,2700,9.4,2700,0,137700
COALINDIA30JAN20210PE.NFO,07/01/2020,11:06:58,9.25,9.15,2700,9.55,2700,0,137700
COALINDIA30JAN20210PE.NFO,07/01/2020,11:07:03,9.25,9.25,2700,9.55,2700,0,137700
COALINDIA30JAN20210PE.NFO,07/01/2020,11:07:13,9.25,9.25,2700,9.5,2700,0,137700
COALINDIA30JAN20210PE.NFO,07/01/2020,11:07:28,9.25,9.25,2700,9.6,2700,0,137700
COALINDIA30JAN20210PE.NFO,07/01/2020,11:07:32,9.25,9.2,2700,9.6,2700,0,137700
COALINDIA30JAN20210PE.NFO,07/01/2020,11:07:37,9.25,9.1,2700,9.55,2700,0,137700
COALINDIA30JAN20210PE.NFO,07/01/2020,11:07:43,9.25,9.15,5400,9.55,2700,0,137700
COALINDIA30JAN20210PE.NFO,07/01/2020,11:07:47,9.25,9.05,5400,9.5,2700,0,137700
COALINDIA30JAN20210PE.NFO,07/01/2020,11:07:52,9.25,9.15,8100,9.5,2700,0,137700
COALINDIA30JAN20210PE.NFO,07/01/2020,11:08:09,9.25,9.15,5400,9.5,2700,0,137700
COALINDIA30JAN20210PE.NFO,07/01/2020,11:08:35,9.25,9.15,2700,9.5,2700,0,137700
COALINDIA30JAN20210PE.NFO,07/01/2020,11:08:53,9.25,9.15,5400,9.5,2700,0,137700
COALINDIA30JAN20210PE.NFO,07/01/2020,11:09:12,9.25,9.15,2700,9.5,2700,0,137700
COALINDIA30JAN20210PE.NFO,07/01/2020,11:09:16,9.25,9.1,2700,9.45,2700,0,137700
COALINDIA30JAN20210PE.NFO,07/01/2020,11:09:21,9.25,9.05,5400,9.5,2700,0,137700
COALINDIA30JAN20210PE.NFO,07/01/2020,11:09:30,9.25,9.1,2700,9.45,2700,0,137700
COALINDIA30JAN20210PE.NFO,07/01/2020,11:09:35,9.25,9.1,2700,9.4,2700,0,137700
COALINDIA30JAN20210PE.NFO,07/01/2020,11:09:54,9.25,9.05,5400,9.4,2700,0,137700
COALINDIA30JAN20210PE.NFO,07/01/2020,11:09:57,9.25,9.1,2700,9.4,2700,0,137700
COALINDIA30JAN20210PE.NFO,07/01/2020,11:10:01,9.25,9.15,5400,9.4,2700,0,137700
COALINDIA30JAN20210PE.NFO,07/01/2020,11:10:15,9.25,9.15,2700,9.4,2700,0,137700
COALINDIA30JAN20210PE.NFO,07/01/2020,11:10:24,9.25,9.05,8100,9.4,2700,0,137700
COALINDIA30JAN20210PE.NFO,07/01/2020,11:10:31,9.25,9.05,5400,9.4,2700,0,137700
COALINDIA30JAN20210PE.NFO,07/01/2020,11:10:35,9.25,9.1,2700,9.4,2700,0,137700
COALINDIA30JAN20210PE.NFO,07/01/2020,11:10:43,9.25,9.05,8100,9.4,2700,0,137700
COALINDIA30JAN20210PE.NFO,07/01/2020,11:10:47,9.25,9.05,5400,9.4,2700,0,137700
COALINDIA30JAN20210PE.NFO,07/01/2020,11:10:50,9.25,9.1,2700,9.4,2700,0,137700
COALINDIA30JAN20210PE.NFO,07/01/2020,11:11:06,9.25,9.2,2700,9.5,2700,0,137700
COALINDIA30JAN20210PE.NFO,07/01/2020,11:11:13,9.25,9.2,5400,9.5,2700,0,137700
COALINDIA30JAN20210PE.NFO,07/01/2020,11:11:26,9.25,9.3,2700,9.55,2700,0,137700
COALINDIA30JAN20210PE.NFO,07/01/2020,11:11:34,9.25,9.25,5400,9.55,2700,0,137700
COALINDIA30JAN20210PE.NFO,07/01/2020,11:11:46,9.25,9.2,2700,9.55,2700,0,137700
COALINDIA30JAN20210PE.NFO,07/01/2020,11:11:51,9.25,9.15,5400,9.55,2700,0,137700
COALINDIA30JAN20210PE.NFO,07/01/2020,11:11:57,9.25,9.15,5400,9.5,2700,0,137700
COALINDIA30JAN20210PE.NFO,07/01/2020,11:12:04,9.25,9.1,5400,9.7,5400,0,137700
COALINDIA30JAN20210PE.NFO,07/01/2020,11:12:12,9.25,9.2,2700,9.7,5400,0,137700
COALINDIA30JAN20210PE.NFO,07/01/2020,11:12:19,9.25,9.25,5400,9.7,5400,0,137700
COALINDIA30JAN20210PE.NFO,07/01/2020,11:12:39,9.25,9.3,2700,9.65,2700,0,137700
COALINDIA30JAN20210PE.NFO,07/01/2020,11:12:45,9.25,9.15,5400,9.6,2700,0,137700
COALINDIA30JAN20210PE.NFO,07/01/2020,11:12:53,9.25,9.25,5400,9.6,2700,0,137700
COALINDIA30JAN20210PE.NFO,07/01/2020,11:12:58,9.25,9.15,5400,9.6,2700,0,137700
COALINDIA30JAN20210PE.NFO,07/01/2020,11:13:09,9.25,9.3,2700,9.6,2700,0,137700
COALINDIA30JAN20210PE.NFO,07/01/2020,11:13:15,9.25,9.15,5400,9.6,2700,0,137700
COALINDIA30JAN20210PE.NFO,07/01/2020,11:14:02,9.25,9.25,8100,9.6,2700,0,137700
COALINDIA30JAN20210PE.NFO,07/01/2020,11:14:07,9.25,9.25,5400,9.6,2700,0,137700
COALINDIA30JAN20210PE.NFO,07/01/2020,11:14:13,9.25,9.25,2700,9.6,2700,0,137700
COALINDIA30JAN20210PE.NFO,07/01/2020,11:14:19,9.25,9.25,8100,9.6,2700,0,137700
COALINDIA30JAN20210PE.NFO,07/01/2020,11:14:25,9.25,9.25,5400,9.6,2700,0,137700
COALINDIA30JAN20210PE.NFO,07/01/2020,11:14:40,9.25,9.2,2700,9.55,2700,0,137700
COALINDIA30JAN20210PE.NFO,07/01/2020,11:14:44,9.25,9.2,2700,9.5,2700,0,137700
COALINDIA30JAN20210PE.NFO,07/01/2020,11:14:49,9.25,9.15,5400,9.5,2700,0,137700
COALINDIA30JAN20210PE.NFO,07/01/2020,11:14:54,9.25,9.2,2700,9.5,2700,0,137700
COALINDIA30JAN20210PE.NFO,07/01/2020,11:14:59,9.25,9.25,5400,9.7,5400,0,137700
COALINDIA30JAN20210PE.NFO,07/01/2020,11:15:33,9.25,9.15,5400,9.7,5400,0,137700
COALINDIA30JAN20210PE.NFO,07/01/2020,11:15:38,9.25,9.3,2700,9.7,5400,0,137700
COALINDIA30JAN20210PE.NFO,07/01/2020,11:15:42,9.25,9.3,2700,9.7,2700,0,137700
COALINDIA30JAN20210PE.NFO,07/01/2020,11:15:51,9.25,9.35,5400,9.7,2700,0,137700
COALINDIA30JAN20210PE.NFO,07/01/2020,11:16:09,9.25,9.35,8100,9.7,2700,0,137700
COALINDIA30JAN20210PE.NFO,07/01/2020,11:16:28,9.25,9.35,5400,9.7,2700,0,137700
COALINDIA30JAN20210PE.NFO,07/01/2020,11:16:33,9.25,9.25,5400,9.7,2700,0,137700
COALINDIA30JAN20210PE.NFO,07/01/2020,11:16:38,9.25,9.35,8100,9.7,2700,0,137700
COALINDIA30JAN20210PE.NFO,07/01/2020,11:16:53,9.25,9.35,5400,9.7,2700,0,137700
COALINDIA30JAN20210PE.NFO,07/01/2020,11:16:59,9.25,9.3,5400,9.65,2700,0,137700
COALINDIA30JAN20210PE.NFO,07/01/2020,11:17:05,9.25,9.3,5400,9.6,2700,0,137700
COALINDIA30JAN20210PE.NFO,07/01/2020,11:17:09,9.25,9.35,2700,9.8,5400,0,137700
COALINDIA30JAN20210PE.NFO,07/01/2020,11:17:33,9.25,9.35,2700,9.7,2700,0,137700
COALINDIA30JAN20210PE.NFO,07/01/2020,11:17:39,9.25,9.3,2700,9.65,2700,0,137700
COALINDIA30JAN20210PE.NFO,07/01/2020,11:17:45,9.25,9.3,2700,9.6,2700,0,137700
COALINDIA30JAN20210PE.NFO,07/01/2020,11:18:19,9.25,9.35,2700,9.6,2700,0,137700
COALINDIA30JAN20210PE.NFO,07/01/2020,11:18:45,9.25,9.3,2700,9.6,2700,0,137700
COALINDIA30JAN20210PE.NFO,07/01/2020,11:18:50,9.25,9.25,2700,9.6,2700,0,137700
COALINDIA30JAN20210PE.NFO,07/01/2020,11:19:19,9.25,9.3,2700,9.6,2700,0,137700
COALINDIA30JAN20210PE.NFO,07/01/2020,11:19:42,9.25,9.2,2700,9.55,2700,0,137700
COALINDIA30JAN20210PE.NFO,07/01/2020,11:19:49,9.25,9.2,2700,9.6,2700,0,137700
COALINDIA30JAN20210PE.NFO,07/01/2020,11:20:08,9.25,9.3,2700,9.8,5400,0,137700
COALINDIA30JAN20210PE.NFO,07/01/2020,11:21:38,9.25,9.35,2700,9.7,2700,0,137700
COALINDIA30JAN20210PE.NFO,07/01/2020,11:24:07,9.25,9.35,2700,9.6,2700,0,137700
COALINDIA30JAN20210PE.NFO,07/01/2020,11:24:13,9.35,9.2,2700,9.5,2700,2700,137700
COALINDIA30JAN20210PE.NFO,07/01/2020,11:24:18,9.35,9.2,2700,9.5,2700,0,137700
COALINDIA30JAN20210PE.NFO,07/01/2020,11:25:56,9.35,9.05,8100,9.5,2700,0,137700
COALINDIA30JAN20210PE.NFO,07/01/2020,11:26:24,9.5,9.15,8100,9.7,5400,2700,137700
COALINDIA30JAN20210PE.NFO,07/01/2020,11:26:42,9.5,9.15,2700,9.55,2700,0,137700
COALINDIA30JAN20210PE.NFO,07/01/2020,11:26:47,9.5,9.2,2700,9.55,2700,0,137700
COALINDIA30JAN20210PE.NFO,07/01/2020,11:26:58,9.5,9.2,2700,9.45,2700,0,137700
COALINDIA30JAN20210PE.NFO,07/01/2020,11:27:01,9.5,9.1,10800,9.45,2700,0,137700
COALINDIA30JAN20210PE.NFO,07/01/2020,11:27:04,9.5,9.15,2700,9.45,2700,0,137700
COALINDIA30JAN20210PE.NFO,07/01/2020,11:27:10,9.5,9.15,5400,9.45,2700,0,137700
COALINDIA30JAN20210PE.NFO,07/01/2020,11:27:13,9.5,9.15,8100,9.6,5400,0,137700
COALINDIA30JAN20210PE.NFO,07/01/2020,11:27:54,9.5,9.15,8100,9.5,2700,0,137700
COALINDIA30JAN20210PE.NFO,07/01/2020,11:28:00,9.5,9.15,10800,9.45,2700,0,137700
COALINDIA30JAN20210PE.NFO,07/01/2020,11:28:13,9.5,9.15,8100,9.45,2700,0,137700
COALINDIA30JAN20210PE.NFO,07/01/2020,11:28:19,9.5,9.15,2700,9.45,2700,0,137700
COALINDIA30JAN20210PE.NFO,07/01/2020,11:28:30,9.5,9.1,5400,9.45,2700,0,137700
COALINDIA30JAN20210PE.NFO,07/01/2020,11:28:43,9.5,9.15,2700,9.45,2700,0,137700
COALINDIA30JAN20210PE.NFO,07/01/2020,11:28:51,9.5,9.1,2700,9.45,2700,0,137700
COALINDIA30JAN20210PE.NFO,07/01/2020,11:28:55,9.5,9.1,2700,9.4,2700,0,137700
COALINDIA30JAN20210PE.NFO,07/01/2020,11:29:33,9.5,9.1,5400,9.6,5400,0,137700
COALINDIA30JAN20210PE.NFO,07/01/2020,11:29:43,9.5,9.1,2700,9.6,5400,0,137700
COALINDIA30JAN20210PE.NFO,07/01/2020,11:29:47,9.5,9.1,2700,9.5,2700,0,137700
COALINDIA30JAN20210PE.NFO,07/01/2020,11:30:35,9.5,9.1,2700,9.45,2700,0,137700
COALINDIA30JAN20210PE.NFO,07/01/2020,11:30:37,9.5,9.15,2700,9.45,2700,0,137700
COALINDIA30JAN20210PE.NFO,07/01/2020,11:30:39,9.5,9.1,2700,9.45,2700,0,137700
COALINDIA30JAN20210PE.NFO,07/01/2020,11:30:41,9.5,9.15,2700,9.45,2700,0,137700
COALINDIA30JAN20210PE.NFO,07/01/2020,11:30:44,9.5,9.1,2700,9.45,2700,0,137700
COALINDIA30JAN20210PE.NFO,07/01/2020,11:30:49,9.5,9.15,2700,9.45,2700,0,137700
COALINDIA30JAN20210PE.NFO,07/01/2020,11:31:02,9.5,9.1,2700,9.4,2700,0,137700
COALINDIA30JAN20210PE.NFO,07/01/2020,11:31:08,9.5,9,5400,9.35,2700,0,137700
COALINDIA30JAN20210PE.NFO,07/01/2020,11:31:13,9.5,9,8100,9.35,2700,0,137700
COALINDIA30JAN20210PE.NFO,07/01/2020,11:32:26,9.5,9,5400,9.3,2700,0,137700
COALINDIA30JAN20210PE.NFO,07/01/2020,11:32:30,9.5,9,5400,9.25,2700,0,137700
COALINDIA30JAN20210PE.NFO,07/01/2020,11:33:37,9.5,8.95,2700,9.25,2700,0,137700
COALINDIA30JAN20210PE.NFO,07/01/2020,11:33:44,9.5,8.8,8100,9.2,2700,0,137700
COALINDIA30JAN20210PE.NFO,07/01/2020,11:33:47,9.5,8.9,8100,9.25,2700,0,137700
COALINDIA30JAN20210PE.NFO,07/01/2020,11:33:51,9.5,8.9,8100,9.45,5400,0,137700
COALINDIA30JAN20210PE.NFO,07/01/2020,11:34:32,9.5,8.9,2700,9.35,2700,0,137700
COALINDIA30JAN20210PE.NFO,07/01/2020,11:34:49,9.5,8.9,2700,9.25,2700,0,137700
COALINDIA30JAN20210PE.NFO,07/01/2020,11:34:54,9.5,8.9,2700,9.2,2700,0,137700
COALINDIA30JAN20210PE.NFO,07/01/2020,11:35:00,9.5,8.9,2700,9.45,5400,0,137700
COALINDIA30JAN20210PE.NFO,07/01/2020,11:35:06,9.5,8.95,2700,9.45,5400,0,137700
COALINDIA30JAN20210PE.NFO,07/01/2020,11:35:48,9.5,9,2700,9.45,5400,0,137700
COALINDIA30JAN20210PE.NFO,07/01/2020,11:36:51,9.5,9.05,2700,9.45,5400,0,137700
COALINDIA30JAN20210PE.NFO,07/01/2020,11:37:24,9.5,9.1,2700,9.45,5400,0,137700
COALINDIA30JAN20210PE.NFO,07/01/2020,11:37:58,9.5,9.15,2700,9.5,2700,0,137700
COALINDIA30JAN20210PE.NFO,07/01/2020,11:38:09,9.5,9.1,2700,9.5,2700,0,137700
COALINDIA30JAN20210PE.NFO,07/01/2020,11:38:13,9.5,9.15,2700,9.5,2700,0,137700
COALINDIA30JAN20210PE.NFO,07/01/2020,11:38:24,9.5,9.1,2700,9.4,2700,0,137700
COALINDIA30JAN20210PE.NFO,07/01/2020,11:38:28,9.5,9.1,5400,9.5,5400,0,137700
COALINDIA30JAN20210PE.NFO,07/01/2020,11:38:42,9.5,9.1,5400,9.5,8100,0,137700
COALINDIA30JAN20210PE.NFO,07/01/2020,11:39:19,9.5,9.15,5400,9.5,8100,0,137700
COALINDIA30JAN20210PE.NFO,07/01/2020,11:39:52,9.5,9.15,2700,9.5,8100,0,137700
COALINDIA30JAN20210PE.NFO,07/01/2020,11:40:18,9.5,9.15,2700,9.5,5400,0,137700
COALINDIA30JAN20210PE.NFO,07/01/2020,11:40:36,9.5,9.1,5400,9.5,5400,0,137700
COALINDIA30JAN20210PE.NFO,07/01/2020,11:40:44,9.5,9.1,2700,9.5,5400,0,137700
COALINDIA30JAN20210PE.NFO,07/01/2020,11:41:30,9.1,8.9,5400,9.4,2700,10800,132300
COALINDIA30JAN20210PE.NFO,07/01/2020,11:41:33,9.1,8.9,5400,9.4,2700,0,132300
COALINDIA30JAN20210PE.NFO,07/01/2020,11:41:58,9.1,8.9,5400,9.35,2700,0,132300
COALINDIA30JAN20210PE.NFO,07/01/2020,11:42:06,9.1,9,2700,9.4,2700,0,132300
COALINDIA30JAN20210PE.NFO,07/01/2020,11:43:22,9.1,9,2700,9.3,2700,0,132300
COALINDIA30JAN20210PE.NFO,07/01/2020,11:43:25,9.1,9,2700,9.5,8100,0,132300
COALINDIA30JAN20210PE.NFO,07/01/2020,11:43:37,9.1,8.85,2700,9.5,8100,0,132300
COALINDIA30JAN20210PE.NFO,07/01/2020,11:43:40,9.1,8.95,2700,9.5,8100,0,132300
COALINDIA30JAN20210PE.NFO,07/01/2020,11:43:57,9.1,8.95,2700,9.4,2700,0,132300
COALINDIA30JAN20210PE.NFO,07/01/2020,11:44:03,9.1,8.95,2700,9.35,2700,0,132300
COALINDIA30JAN20210PE.NFO,07/01/2020,11:44:27,9.1,8.95,2700,9.4,5400,0,132300
COALINDIA30JAN20210PE.NFO,07/01/2020,11:44:44,9.1,8.9,2700,9.3,2700,0,132300
COALINDIA30JAN20210PE.NFO,07/01/2020,11:44:47,9.1,8.95,2700,9.4,8100,0,132300
COALINDIA30JAN20210PE.NFO,07/01/2020,11:44:49,9.1,8.95,2700,9.4,5400,0,132300
COALINDIA30JAN20210PE.NFO,07/01/2020,11:45:54,9.1,8.8,16200,9.4,5400,0,132300
COALINDIA30JAN20210PE.NFO,07/01/2020,11:46:52,9.1,8.8,13500,9.4,5400,0,132300
COALINDIA30JAN20210PE.NFO,07/01/2020,11:47:34,9.1,8.9,2700,9.4,5400,0,132300
COALINDIA30JAN20210PE.NFO,07/01/2020,11:47:38,9.1,8.95,2700,9.4,5400,0,132300
COALINDIA30JAN20210PE.NFO,07/01/2020,11:48:06,9.1,9,2700,9.4,5400,0,132300
COALINDIA30JAN20210PE.NFO,07/01/2020,11:48:12,9.1,8.95,2700,9.4,5400,0,132300
COALINDIA30JAN20210PE.NFO,07/01/2020,11:48:16,9.1,9,2700,9.4,5400,0,132300
COALINDIA30JAN20210PE.NFO,07/01/2020,11:48:20,9.1,8.9,2700,9.4,2700,0,132300
COALINDIA30JAN20210PE.NFO,07/01/2020,11:48:23,9.1,9,2700,9.4,2700,0,132300
COALINDIA30JAN20210PE.NFO,07/01/2020,11:48:53,9.1,9.05,2700,9.4,2700,0,132300
COALINDIA30JAN20210PE.NFO,07/01/2020,11:49:00,9.1,9.1,2700,9.5,5400,0,132300
COALINDIA30JAN20210PE.NFO,07/01/2020,11:49:32,9.1,9.05,2700,9.45,2700,0,132300
COALINDIA30JAN20210PE.NFO,07/01/2020,11:49:41,9.1,9.1,2700,9.45,2700,0,132300
COALINDIA30JAN20210PE.NFO,07/01/2020,11:50:04,9.1,9.15,2700,9.45,2700,0,132300
COALINDIA30JAN20210PE.NFO,07/01/2020,11:50:11,9.1,9,5400,9.45,2700,0,132300
COALINDIA30JAN20210PE.NFO,07/01/2020,11:50:16,9.1,9.1,2700,9.45,2700,0,132300
COALINDIA30JAN20210PE.NFO,07/01/2020,11:50:20,9.1,9.15,2700,9.45,2700,0,132300
COALINDIA30JAN20210PE.NFO,07/01/2020,11:50:32,9.1,9,10800,9.45,2700,0,132300
COALINDIA30JAN20210PE.NFO,07/01/2020,11:50:40,9.1,9.1,10800,9.55,2700,0,132300
COALINDIA30JAN20210PE.NFO,07/01/2020,11:50:44,9.1,9.15,5400,9.5,2700,0,132300
COALINDIA30JAN20210PE.NFO,07/01/2020,11:50:47,9.1,8.9,27000,9.5,2700,0,132300
COALINDIA30JAN20210PE.NFO,07/01/2020,11:50:50,9.1,9,10800,9.5,2700,0,132300
COALINDIA30JAN20210PE.NFO,07/01/2020,11:50:52,9.1,9.1,2700,9.5,2700,0,132300
COALINDIA30JAN20210PE.NFO,07/01/2020,11:50:55,9.1,9.15,2700,9.5,2700,0,132300
COALINDIA30JAN20210PE.NFO,07/01/2020,11:51:04,9.1,9.15,2700,9.5,5400,0,132300
COALINDIA30JAN20210PE.NFO,07/01/2020,11:51:08,9.1,9.1,5400,9.5,5400,0,132300
COALINDIA30JAN20210PE.NFO,07/01/2020,11:51:18,9.1,8.95,2700,9.45,2700,0,132300
COALINDIA30JAN20210PE.NFO,07/01/2020,11:51:21,9.1,9.05,2700,9.45,2700,0,132300
COALINDIA30JAN20210PE.NFO,07/01/2020,11:51:34,9.1,9.05,5400,9.45,2700,0,132300
COALINDIA30JAN20210PE.NFO,07/01/2020,11:51:38,9.1,9.1,2700,9.45,2700,0,132300
COALINDIA30JAN20210PE.NFO,07/01/2020,11:51:42,9.1,9.15,2700,9.45,2700,0,132300
COALINDIA30JAN20210PE.NFO,07/01/2020,11:51:48,9.1,9.15,2700,9.5,2700,0,132300
COALINDIA30JAN20210PE.NFO,07/01/2020,11:51:58,9.1,8.95,29700,9.5,2700,0,132300
COALINDIA30JAN20210PE.NFO,07/01/2020,11:52:07,9.1,9.1,5400,9.5,2700,0,132300
COALINDIA30JAN20210PE.NFO,07/01/2020,11:52:11,9.1,9.2,5400,9.55,2700,0,132300
COALINDIA30JAN20210PE.NFO,07/01/2020,11:52:13,9.1,9.2,2700,9.5,2700,0,132300
COALINDIA30JAN20210PE.NFO,07/01/2020,11:52:15,9.1,9,13500,9.5,2700,0,132300
COALINDIA30JAN20210PE.NFO,07/01/2020,11:52:28,9.1,9.2,5400,9.55,2700,0,132300
COALINDIA30JAN20210PE.NFO,07/01/2020,11:52:30,9.1,9.25,5400,9.55,2700,0,132300
COALINDIA30JAN20210PE.NFO,07/01/2020,11:52:36,9.1,9,27000,9.55,2700,0,132300
COALINDIA30JAN20210PE.NFO,07/01/2020,11:52:39,9.1,9,18900,9.5,2700,0,132300
COALINDIA30JAN20210PE.NFO,07/01/2020,11:52:53,9.1,9.1,5400,9.5,2700,0,132300
COALINDIA30JAN20210PE.NFO,07/01/2020,11:52:57,9.1,9.15,5400,9.5,8100,0,132300
COALINDIA30JAN20210PE.NFO,07/01/2020,11:53:00,9.1,8.95,2700,9.5,2700,0,132300
COALINDIA30JAN20210PE.NFO,07/01/2020,11:53:03,9.1,9.1,5400,9.5,2700,0,132300
COALINDIA30JAN20210PE.NFO,07/01/2020,11:53:18,9.1,8.95,5400,9.4,2700,0,132300
COALINDIA30JAN20210PE.NFO,07/01/2020,11:53:21,9.1,9,5400,9.4,2700,0,132300
COALINDIA30JAN20210PE.NFO,07/01/2020,11:53:25,9.1,9.1,5400,9.4,2700,0,132300
COALINDIA30JAN20210PE.NFO,07/01/2020,11:53:29,9.1,9.1,2700,9.4,2700,0,132300
COALINDIA30JAN20210PE.NFO,07/01/2020,11:53:38,9.1,8.95,10800,9.4,2700,0,132300
COALINDIA30JAN20210PE.NFO,07/01/2020,11:54:03,9.1,9,2700,9.4,2700,0,132300
COALINDIA30JAN20210PE.NFO,07/01/2020,11:54:05,9.1,9.05,2700,9.4,2700,0,132300
COALINDIA30JAN20210PE.NFO,07/01/2020,11:54:17,9.1,9,2700,9.3,2700,0,132300
COALINDIA30JAN20210PE.NFO,07/01/2020,11:54:23,9.1,9.05,2700,9.35,2700,0,132300
COALINDIA30JAN20210PE.NFO,07/01/2020,11:55:03,9.35,9.05,2700,9.5,2700,2700,140400
COALINDIA30JAN20210PE.NFO,07/01/2020,11:55:06,9.35,9.05,2700,9.5,2700,0,140400
COALINDIA30JAN20210PE.NFO,07/01/2020,11:55:42,9.35,9,8100,9.5,2700,0,140400
COALINDIA30JAN20210PE.NFO,07/01/2020,11:55:45,9.35,9.05,2700,9.5,2700,0,140400
COALINDIA30JAN20210PE.NFO,07/01/2020,11:56:50,9.35,9.05,2700,9.45,2700,0,140400
COALINDIA30JAN20210PE.NFO,07/01/2020,11:56:52,9.35,9.05,2700,9.4,2700,0,140400
COALINDIA30JAN20210PE.NFO,07/01/2020,11:57:08,9.35,9.1,2700,9.45,2700,0,140400
COALINDIA30JAN20210PE.NFO,07/01/2020,11:57:13,9.35,9.1,2700,9.5,2700,0,140400
COALINDIA30JAN20210PE.NFO,07/01/2020,11:57:18,9.35,9.1,2700,9.5,5400,0,140400
COALINDIA30JAN20210PE.NFO,07/01/2020,11:57:30,9.35,9.05,2700,9.5,5400,0,140400
COALINDIA30JAN20210PE.NFO,07/01/2020,11:57:38,9.35,9.1,2700,9.5,5400,0,140400
COALINDIA30JAN20210PE.NFO,07/01/2020,11:57:42,9.35,9.1,2700,9.5,2700,0,140400
COALINDIA30JAN20210PE.NFO,07/01/2020,11:58:22,9.35,9.15,2700,9.5,2700,0,140400
COALINDIA30JAN20210PE.NFO,07/01/2020,11:59:12,9.35,9.15,2700,9.55,2700,0,140400
COALINDIA30JAN20210PE.NFO,07/01/2020,11:59:17,9.35,9.15,2700,9.5,2700,0,140400
COALINDIA30JAN20210PE.NFO,07/01/2020,11:59:19,9.35,9.15,2700,9.55,2700,0,140400
COALINDIA30JAN20210PE.NFO,07/01/2020,11:59:41,9.35,9.15,2700,9.5,2700,0,140400
COALINDIA30JAN20210PE.NFO,07/01/2020,11:59:49,9.35,9.2,2700,9.55,2700,0,140400
COALINDIA30JAN20210PE.NFO,07/01/2020,12:00:28,9.35,9.15,2700,9.5,2700,0,140400
COALINDIA30JAN20210PE.NFO,07/01/2020,12:00:32,9.35,9.2,2700,9.55,2700,0,140400
COALINDIA30JAN20210PE.NFO,07/01/2020,12:01:06,9.35,9.15,2700,9.5,2700,0,140400
COALINDIA30JAN20210PE.NFO,07/01/2020,12:01:09,9.35,9.15,2700,9.45,2700,0,140400
COALINDIA30JAN20210PE.NFO,07/01/2020,12:01:12,9.35,9.15,2700,9.55,2700,0,140400
COALINDIA30JAN20210PE.NFO,07/01/2020,12:01:14,9.35,9.2,2700,9.55,2700,0,140400
COALINDIA30JAN20210PE.NFO,07/01/2020,12:02:16,9.35,9.2,2700,9.7,8100,0,140400
COALINDIA30JAN20210PE.NFO,07/01/2020,12:02:22,9.35,9.15,2700,9.7,8100,0,140400
COALINDIA30JAN20210PE.NFO,07/01/2020,12:02:27,9.35,9.1,2700,9.5,2700,0,140400
COALINDIA30JAN20210PE.NFO,07/01/2020,12:02:30,9.35,9.1,2700,9.45,2700,0,140400
COALINDIA30JAN20210PE.NFO,07/01/2020,12:02:34,9.35,9.05,2700,9.45,2700,0,140400
COALINDIA30JAN20210PE.NFO,07/01/2020,12:02:52,9.35,9.1,2700,9.45,2700,0,140400
COALINDIA30JAN20210PE.NFO,07/01/2020,12:03:37,9.35,9.05,2700,9.4,2700,0,140400
COALINDIA30JAN20210PE.NFO,07/01/2020,12:03:40,9.35,9.05,2700,9.45,2700,0,140400
COALINDIA30JAN20210PE.NFO,07/01/2020,12:03:51,9.35,9.05,2700,9.35,2700,0,140400
COALINDIA30JAN20210PE.NFO,07/01/2020,12:04:11,9.35,9.05,2700,9.5,5400,0,140400
COALINDIA30JAN20210PE.NFO,07/01/2020,12:04:14,9.35,9.1,2700,9.5,5400,0,140400
COALINDIA30JAN20210PE.NFO,07/01/2020,12:05:12,9.35,9.05,2700,9.5,5400,0,140400
COALINDIA30JAN20210PE.NFO,07/01/2020,12:05:56,9.35,9.1,2700,9.5,5400,0,140400
COALINDIA30JAN20210PE.NFO,07/01/2020,12:06:35,9.35,9.05,2700,9.5,5400,0,140400
COALINDIA30JAN20210PE.NFO,07/01/2020,12:06:45,9.35,9.1,2700,9.5,5400,0,140400
COALINDIA30JAN20210PE.NFO,07/01/2020,12:07:58,9.35,9.05,2700,9.5,5400,0,140400
COALINDIA30JAN20210PE.NFO,07/01/2020,12:08:07,9.35,9.1,2700,9.5,5400,0,140400
COALINDIA30JAN20210PE.NFO,07/01/2020,12:08:11,9.35,9.15,2700,9.5,5400,0,140400
COALINDIA30JAN20210PE.NFO,07/01/2020,12:08:16,9.35,9,2700,9.5,5400,0,140400
COALINDIA30JAN20210PE.NFO,07/01/2020,12:08:24,9.35,9.05,2700,9.5,5400,0,140400
COALINDIA30JAN20210PE.NFO,07/01/2020,12:08:42,9.35,9,2700,9.5,5400,0,140400
COALINDIA30JAN20210PE.NFO,07/01/2020,12:08:57,9.35,9.05,5400,9.5,5400,0,140400
COALINDIA30JAN20210PE.NFO,07/01/2020,12:09:07,9.35,9.05,2700,9.5,5400,0,140400
COALINDIA30JAN20210PE.NFO,07/01/2020,12:09:30,9.35,9,2700,9.5,5400,0,140400
COALINDIA30JAN20210PE.NFO,07/01/2020,12:09:34,9.35,9.05,2700,9.5,5400,0,140400
COALINDIA30JAN20210PE.NFO,07/01/2020,12:10:45,9.35,9,2700,9.5,5400,0,140400
COALINDIA30JAN20210PE.NFO,07/01/2020,12:10:57,9.35,9.05,2700,9.5,5400,0,140400
COALINDIA30JAN20210PE.NFO,07/01/2020,12:11:38,9.35,9,2700,9.5,5400,0,140400
COALINDIA30JAN20210PE.NFO,07/01/2020,12:11:41,9.35,9.05,2700,9.5,5400,0,140400
COALINDIA30JAN20210PE.NFO,07/01/2020,12:13:29,9.35,8.95,2700,9.5,8100,0,140400
COALINDIA30JAN20210PE.NFO,07/01/2020,12:13:54,9.35,9,2700,9.5,8100,0,140400
COALINDIA30JAN20210PE.NFO,07/01/2020,12:14:01,9.35,8.95,2700,9.4,2700,0,140400
COALINDIA30JAN20210PE.NFO,07/01/2020,12:14:49,9.35,8.95,2700,9.25,2700,0,140400
COALINDIA30JAN20210PE.NFO,07/01/2020,12:15:39,9.35,8.9,2700,9.25,2700,0,140400
COALINDIA30JAN20210PE.NFO,07/01/2020,12:15:46,9.35,8.95,2700,9.25,2700,0,140400
COALINDIA30JAN20210PE.NFO,07/01/2020,12:16:08,9.35,8.9,2700,9.25,2700,0,140400
COALINDIA30JAN20210PE.NFO,07/01/2020,12:18:53,9.35,8.9,2700,9.2,2700,0,140400
COALINDIA30JAN20210PE.NFO,07/01/2020,12:18:55,9.35,8.9,2700,9.15,2700,0,140400
COALINDIA30JAN20210PE.NFO,07/01/2020,12:18:57,9.35,8.9,2700,9.35,5400,0,140400
COALINDIA30JAN20210PE.NFO,07/01/2020,12:20:15,9.35,8.85,2700,9.35,5400,0,140400
COALINDIA30JAN20210PE.NFO,07/01/2020,12:20:20,9.35,8.75,5400,9.25,2700,0,140400
COALINDIA30JAN20210PE.NFO,07/01/2020,12:20:23,9.35,8.75,5400,9.2,2700,0,140400
COALINDIA30JAN20210PE.NFO,07/01/2020,12:20:55,9.35,8.85,2700,9.2,2700,0,140400
COALINDIA30JAN20210PE.NFO,07/01/2020,12:21:06,9.35,8.8,2700,9.1,2700,0,140400
COALINDIA30JAN20210PE.NFO,07/01/2020,12:22:33,9.35,8.75,2700,9.1,2700,0,140400
COALINDIA30JAN20210PE.NFO,07/01/2020,12:22:52,9.35,8.65,2700,9.05,2700,0,140400
COALINDIA30JAN20210PE.NFO,07/01/2020,12:22:58,9.35,8.7,2700,9.2,5400,0,140400
COALINDIA30JAN20210PE.NFO,07/01/2020,12:23:27,9.35,8.7,2700,9.1,2700,0,140400
COALINDIA30JAN20210PE.NFO,07/01/2020,12:23:32,9.35,8.7,2700,9.05,2700,0,140400
COALINDIA30JAN20210PE.NFO,07/01/2020,12:24:21,9.35,8.7,2700,9,2700,0,140400
COALINDIA30JAN20210PE.NFO,07/01/2020,12:24:24,9.35,8.7,2700,8.95,2700,0,140400
COALINDIA30JAN20210PE.NFO,07/01/2020,12:25:40,9.35,8.65,2700,8.95,2700,0,140400
COALINDIA30JAN20210PE.NFO,07/01/2020,12:25:44,9.35,8.7,2700,8.95,2700,0,140400
COALINDIA30JAN20210PE.NFO,07/01/2020,12:27:05,9.35,8.6,5400,8.95,2700,0,140400
COALINDIA30JAN20210PE.NFO,07/01/2020,12:27:09,9.35,8.65,2700,8.95,2700,0,140400
COALINDIA30JAN20210PE.NFO,07/01/2020,12:27:39,9.35,8.7,2700,9.15,5400,0,140400
COALINDIA30JAN20210PE.NFO,07/01/2020,12:28:18,9.35,8.75,2700,9.15,5400,0,140400
COALINDIA30JAN20210PE.NFO,07/01/2020,12:28:26,9.35,8.65,2700,9.15,5400,0,140400
COALINDIA30JAN20210PE.NFO,07/01/2020,12:28:50,9.35,8.7,2700,9.15,5400,0,140400
COALINDIA30JAN20210PE.NFO,07/01/2020,12:28:53,9.35,8.75,2700,9.15,5400,0,140400
COALINDIA30JAN20210PE.NFO,07/01/2020,12:28:58,9.35,8.8,2700,9.3,2700,0,140400
COALINDIA30JAN20210PE.NFO,07/01/2020,12:29:04,9.35,8.75,2700,9.2,2700,0,140400
COALINDIA30JAN20210PE.NFO,07/01/2020,12:29:09,9.35,8.75,2700,9.15,2700,0,140400
COALINDIA30JAN20210PE.NFO,07/01/2020,12:29:49,9.35,8.7,2700,9.1,2700,0,140400
COALINDIA30JAN20210PE.NFO,07/01/2020,12:29:52,9.35,8.7,2700,9.05,2700,0,140400
COALINDIA30JAN20210PE.NFO,07/01/2020,12:29:55,9.35,8.65,2700,9.05,2700,0,140400
COALINDIA30JAN20210PE.NFO,07/01/2020,12:29:59,9.35,8.75,2700,9.05,2700,0,140400
COALINDIA30JAN20210PE.NFO,07/01/2020,12:30:14,9.35,8.75,2700,9.25,5400,0,140400
COALINDIA30JAN20210PE.NFO,07/01/2020,12:31:00,9.35,8.65,2700,9.25,5400,0,140400
COALINDIA30JAN20210PE.NFO,07/01/2020,12:31:04,9.35,8.65,2700,9.1,2700,0,140400
COALINDIA30JAN20210PE.NFO,07/01/2020,12:31:07,9.35,8.7,2700,9.1,2700,0,140400
COALINDIA30JAN20210PE.NFO,07/01/2020,12:31:10,9.35,8.7,2700,9,2700,0,140400
COALINDIA30JAN20210PE.NFO,07/01/2020,12:31:16,9.35,8.65,2700,9,2700,0,140400
COALINDIA30JAN20210PE.NFO,07/01/2020,12:31:26,9.35,8.75,2700,9.15,2700,0,140400
COALINDIA30JAN20210PE.NFO,07/01/2020,12:31:29,9.35,8.75,2700,9.1,2700,0,140400
COALINDIA30JAN20210PE.NFO,07/01/2020,12:32:10,9.35,8.8,2700,9.1,2700,0,140400
COALINDIA30JAN20210PE.NFO,07/01/2020,12:32:23,9.35,8.8,2700,9.3,5400,0,140400
COALINDIA30JAN20210PE.NFO,07/01/2020,12:32:37,9.35,8.85,2700,9.3,5400,0,140400
COALINDIA30JAN20210PE.NFO,07/01/2020,12:33:42,9.35,8.9,2700,9.3,5400,0,140400
COALINDIA30JAN20210PE.NFO,07/01/2020,12:35:21,9.35,8.85,2700,9.3,5400,0,140400
COALINDIA30JAN20210PE.NFO,07/01/2020,12:35:47,9.35,8.9,2700,9.3,5400,0,140400
COALINDIA30JAN20210PE.NFO,07/01/2020,12:36:18,9.35,8.95,2700,9.3,2700,0,140400
COALINDIA30JAN20210PE.NFO,07/01/2020,12:37:33,9.35,8.85,2700,9.25,2700,0,140400
COALINDIA30JAN20210PE.NFO,07/01/2020,12:37:34,9.35,8.85,2700,9.2,2700,0,140400
COALINDIA30JAN20210PE.NFO,07/01/2020,12:37:38,9.35,8.8,2700,9.2,2700,0,140400
COALINDIA30JAN20210PE.NFO,07/01/2020,12:38:01,9.35,8.75,2700,9.1,2700,0,140400
COALINDIA30JAN20210PE.NFO,07/01/2020,12:38:41,9.35,8.75,2700,9.5,10800,0,140400
COALINDIA30JAN20210PE.NFO,07/01/2020,12:38:44,9.35,8.8,5400,9.5,10800,0,140400
COALINDIA30JAN20210PE.NFO,07/01/2020,12:39:10,9.35,8.8,5400,9.5,8100,0,140400
COALINDIA30JAN20210PE.NFO,07/01/2020,12:39:13,9.35,8.85,5400,9.5,8100,0,140400
COALINDIA30JAN20210PE.NFO,07/01/2020,12:39:36,9.35,8.85,5400,9.5,5400,0,140400
COALINDIA30JAN20210PE.NFO,07/01/2020,12:39:42,9.35,8.95,2700,9.5,5400,0,140400
COALINDIA30JAN20210PE.NFO,07/01/2020,12:40:05,9.35,9,2700,9.5,5400,0,140400
COALINDIA30JAN20210PE.NFO,07/01/2020,12:40:07,9.35,8.95,2700,9.5,5400,0,140400
COALINDIA30JAN20210PE.NFO,07/01/2020,12:40:51,9.35,8.85,2700,9.4,2700,0,140400
COALINDIA30JAN20210PE.NFO,07/01/2020,12:40:54,9.35,8.85,2700,9.3,2700,0,140400
COALINDIA30JAN20210PE.NFO,07/01/2020,12:40:57,9.35,8.85,2700,9.25,2700,0,140400
COALINDIA30JAN20210PE.NFO,07/01/2020,12:41:00,9.35,8.8,2700,9.25,2700,0,140400
COALINDIA30JAN20210PE.NFO,07/01/2020,12:42:39,9.35,8.85,2700,9.3,2700,0,140400
COALINDIA30JAN20210PE.NFO,07/01/2020,12:42:43,9.35,8.85,2700,9.25,2700,0,140400
COALINDIA30JAN20210PE.NFO,07/01/2020,12:43:21,9.35,8.9,2700,9.25,2700,0,140400
COALINDIA30JAN20210PE.NFO,07/01/2020,12:43:23,9.35,8.85,2700,9.25,2700,0,140400
COALINDIA30JAN20210PE.NFO,07/01/2020,12:43:36,9.35,8.75,5400,9.2,2700,0,140400
COALINDIA30JAN20210PE.NFO,07/01/2020,12:43:39,9.35,8.8,2700,9.15,2700,0,140400
COALINDIA30JAN20210PE.NFO,07/01/2020,12:43:42,9.35,8.8,2700,9.45,2700,0,140400
COALINDIA30JAN20210PE.NFO,07/01/2020,12:43:46,9.35,8.8,2700,9.35,2700,0,140400
COALINDIA30JAN20210PE.NFO,07/01/2020,12:43:49,9.35,8.8,2700,9.25,2700,0,140400
COALINDIA30JAN20210PE.NFO,07/01/2020,12:43:51,9.35,8.8,2700,9.2,2700,0,140400
COALINDIA30JAN20210PE.NFO,07/01/2020,12:44:46,9.35,8.75,2700,9.2,2700,0,140400
COALINDIA30JAN20210PE.NFO,07/01/2020,12:44:48,9.35,8.75,2700,9.15,2700,0,140400
COALINDIA30JAN20210PE.NFO,07/01/2020,12:44:51,9.35,8.7,2700,9.1,2700,0,140400
COALINDIA30JAN20210PE.NFO,07/01/2020,12:45:46,9.35,8.75,2700,9.2,2700,0,140400
COALINDIA30JAN20210PE.NFO,07/01/2020,12:45:50,9.35,8.75,2700,9.15,2700,0,140400
COALINDIA30JAN20210PE.NFO,07/01/2020,12:46:13,9.35,8.7,2700,9.1,2700,0,140400
COALINDIA30JAN20210PE.NFO,07/01/2020,12:46:17,9.35,8.7,2700,9.35,5400,0,140400
COALINDIA30JAN20210PE.NFO,07/01/2020,12:46:28,9.35,8.7,2700,9.25,2700,0,140400
COALINDIA30JAN20210PE.NFO,07/01/2020,12:46:32,9.35,8.7,2700,9.15,2700,0,140400
COALINDIA30JAN20210PE.NFO,07/01/2020,12:46:50,9.35,8.75,2700,9.55,29700,0,140400
COALINDIA30JAN20210PE.NFO,07/01/2020,12:46:55,9.35,8.75,2700,9.35,2700,0,140400
COALINDIA30JAN20210PE.NFO,07/01/2020,12:46:59,9.35,8.75,2700,9.25,2700,0,140400
COALINDIA30JAN20210PE.NFO,07/01/2020,12:47:04,9.35,8.75,2700,9.2,2700,0,140400
COALINDIA30JAN20210PE.NFO,07/01/2020,12:48:41,9.35,8.8,2700,9.2,2700,0,140400
COALINDIA30JAN20210PE.NFO,07/01/2020,12:48:56,9.35,8.75,5400,9.15,2700,0,140400
COALINDIA30JAN20210PE.NFO,07/01/2020,12:49:00,9.35,8.75,5400,9.1,2700,0,140400
COALINDIA30JAN20210PE.NFO,07/01/2020,12:49:04,9.35,8.75,5400,9.35,5400,0,140400
COALINDIA30JAN20210PE.NFO,07/01/2020,12:49:59,9.35,8.75,5400,9.25,2700,0,140400
COALINDIA30JAN20210PE.NFO,07/01/2020,12:50:01,9.35,8.75,5400,9.2,2700,0,140400
COALINDIA30JAN20210PE.NFO,07/01/2020,12:50:20,9.35,8.75,5400,9.15,2700,0,140400
COALINDIA30JAN20210PE.NFO,07/01/2020,12:50:24,9.35,8.75,5400,9.1,2700,0,140400
COALINDIA30JAN20210PE.NFO,07/01/2020,12:50:44,9.35,8.75,2700,9.1,2700,0,140400
COALINDIA30JAN20210PE.NFO,07/01/2020,12:51:23,9.35,8.75,2700,9.25,5400,0,140400
COALINDIA30JAN20210PE.NFO,07/01/2020,12:53:48,9.35,8.8,2700,9.25,5400,0,140400
COALINDIA30JAN20210PE.NFO,07/01/2020,12:54:02,9.35,8.85,2700,9.25,5400,0,140400
COALINDIA30JAN20210PE.NFO,07/01/2020,12:54:26,9.35,8.8,2700,9.25,5400,0,140400
COALINDIA30JAN20210PE.NFO,07/01/2020,12:55:48,9.35,8.75,2700,9.25,5400,0,140400
COALINDIA30JAN20210PE.NFO,07/01/2020,12:56:02,9.35,8.8,2700,9.25,5400,0,140400
COALINDIA30JAN20210PE.NFO,07/01/2020,12:56:06,9.35,8.8,2700,9.25,8100,0,140400
COALINDIA30JAN20210PE.NFO,07/01/2020,12:56:28,9.35,8.75,2700,9.15,2700,0,140400
COALINDIA30JAN20210PE.NFO,07/01/2020,12:56:32,9.35,8.75,2700,9.1,2700,0,140400
COALINDIA30JAN20210PE.NFO,07/01/2020,12:57:01,9.35,8.7,2700,9.1,2700,0,140400
COALINDIA30JAN20210PE.NFO,07/01/2020,12:57:08,9.35,8.75,2700,9.1,2700,0,140400
COALINDIA30JAN20210PE.NFO,07/01/2020,12:57:19,9.35,8.75,2700,9,2700,0,140400
COALINDIA30JAN20210PE.NFO,07/01/2020,12:57:52,9.35,8.75,2700,9.25,5400,0,140400
COALINDIA30JAN20210PE.NFO,07/01/2020,12:57:56,9.35,8.7,2700,9.25,5400,0,140400
COALINDIA30JAN20210PE.NFO,07/01/2020,12:58:12,9.35,8.75,2700,9.25,5400,0,140400
COALINDIA30JAN20210PE.NFO,07/01/2020,12:58:36,9.35,8.7,2700,9.25,5400,0,140400
COALINDIA30JAN20210PE.NFO,07/01/2020,12:58:38,9.35,8.7,2700,9.15,2700,0,140400
COALINDIA30JAN20210PE.NFO,07/01/2020,12:58:42,9.35,8.7,2700,9.1,2700,0,140400
COALINDIA30JAN20210PE.NFO,07/01/2020,12:59:10,9.35,8.8,2700,9.25,5400,0,140400
COALINDIA30JAN20210PE.NFO,07/01/2020,13:00:03,9.35,8.85,2700,9.25,5400,0,140400
COALINDIA30JAN20210PE.NFO,07/01/2020,13:00:08,9.35,8.85,2700,9.25,2700,0,140400
COALINDIA30JAN20210PE.NFO,07/01/2020,13:00:16,9.35,8.9,2700,9.3,2700,0,140400
COALINDIA30JAN20210PE.NFO,07/01/2020,13:00:24,9.35,8.9,2700,9.25,2700,0,140400
COALINDIA30JAN20210PE.NFO,07/01/2020,13:01:11,9.35,9,2700,9.3,2700,0,140400
COALINDIA30JAN20210PE.NFO,07/01/2020,13:01:22,9.35,9,2700,9.5,5400,0,140400
COALINDIA30JAN20210PE.NFO,07/01/2020,13:01:50,9.35,9.05,2700,9.5,5400,0,140400
COALINDIA30JAN20210PE.NFO,07/01/2020,13:02:12,9.35,9.05,2700,9.4,2700,0,140400
COALINDIA30JAN20210PE.NFO,07/01/2020,13:02:30,9.35,9.1,2700,9.45,2700,0,140400
COALINDIA30JAN20210PE.NFO,07/01/2020,13:02:39,9.35,9.1,2700,9.4,2700,0,140400
COALINDIA30JAN20210PE.NFO,07/01/2020,13:03:24,9.35,9.1,2700,9.55,5400,0,140400
COALINDIA30JAN20210PE.NFO,07/01/2020,13:04:45,9.35,9.15,2700,9.55,5400,0,140400
COALINDIA30JAN20210PE.NFO,07/01/2020,13:04:52,9.35,9.2,5400,9.55,2700,0,140400
COALINDIA30JAN20210PE.NFO,07/01/2020,13:05:03,9.35,9.2,2700,9.55,2700,0,140400
COALINDIA30JAN20210PE.NFO,07/01/2020,13:05:10,9.35,9.4,2700,9.8,2700,0,140400
COALINDIA30JAN20210PE.NFO,07/01/2020,13:05:17,9.35,9.4,2700,9.75,2700,0,140400
COALINDIA30JAN20210PE.NFO,07/01/2020,13:05:23,9.35,9.3,2700,9.7,2700,0,140400
COALINDIA30JAN20210PE.NFO,07/01/2020,13:05:28,9.35,9.1,5400,9.6,2700,0,140400
COALINDIA30JAN20210PE.NFO,07/01/2020,13:05:34,9.35,9.05,8100,9.55,2700,0,140400
COALINDIA30JAN20210PE.NFO,07/01/2020,13:05:40,9.35,9.05,2700,9.4,2700,0,140400
COALINDIA30JAN20210PE.NFO,07/01/2020,13:05:45,9.35,9.05,2700,9.35,2700,0,140400
COALINDIA30JAN20210PE.NFO,07/01/2020,13:05:54,9.35,9.05,2700,9.55,5400,0,140400
COALINDIA30JAN20210PE.NFO,07/01/2020,13:06:44,9.35,9.05,5400,9.55,5400,0,140400
COALINDIA30JAN20210PE.NFO,07/01/2020,13:06:59,9.35,9.1,2700,9.55,5400,0,140400
COALINDIA30JAN20210PE.NFO,07/01/2020,13:07:04,9.35,9.15,2700,9.55,5400,0,140400
COALINDIA30JAN20210PE.NFO,07/01/2020,13:07:39,9.35,9.1,2700,9.55,5400,0,140400
COALINDIA30JAN20210PE.NFO,07/01/2020,13:07:46,9.35,9.15,2700,9.55,5400,0,140400
COALINDIA30JAN20210PE.NFO,07/01/2020,13:08:01,9.35,9.15,2700,9.5,2700,0,140400
COALINDIA30JAN20210PE.NFO,07/01/2020,13:08:07,9.35,9.15,5400,9.45,2700,0,140400
COALINDIA30JAN20210PE.NFO,07/01/2020,13:08:26,9.35,9.2,2700,9.5,2700,0,140400
COALINDIA30JAN20210PE.NFO,07/01/2020,13:08:40,9.35,9.25,2700,9.65,5400,0,140400
COALINDIA30JAN20210PE.NFO,07/01/2020,13:08:46,9.35,9.25,2700,9.6,2700,0,140400
COALINDIA30JAN20210PE.NFO,07/01/2020,13:08:52,9.35,9.25,2700,9.55,2700,0,140400
COALINDIA30JAN20210PE.NFO,07/01/2020,13:08:58,9.35,9.25,2700,9.65,8100,0,140400
COALINDIA30JAN20210PE.NFO,07/01/2020,13:09:15,9.35,9.25,2700,9.65,5400,0,140400
COALINDIA30JAN20210PE.NFO,07/01/2020,13:09:28,9.35,9.25,2700,9.6,2700,0,140400
COALINDIA30JAN20210PE.NFO,07/01/2020,13:09:34,9.35,9.25,5400,9.55,2700,0,140400
COALINDIA30JAN20210PE.NFO,07/01/2020,13:09:45,9.35,9.25,5400,9.75,8100,0,140400
COALINDIA30JAN20210PE.NFO,07/01/2020,13:09:52,9.35,9.25,2700,9.75,8100,0,140400
COALINDIA30JAN20210PE.NFO,07/01/2020,13:10:04,9.35,9.3,8100,9.75,8100,0,140400
COALINDIA30JAN20210PE.NFO,07/01/2020,13:10:20,9.35,9.3,5400,9.75,5400,0,140400
COALINDIA30JAN20210PE.NFO,07/01/2020,13:10:38,9.35,9.4,5400,9.75,5400,0,140400
COALINDIA30JAN20210PE.NFO,07/01/2020,13:10:42,9.35,9.4,2700,9.75,5400,0,140400
COALINDIA30JAN20210PE.NFO,07/01/2020,13:10:51,9.35,9.35,2700,9.7,2700,0,140400
COALINDIA30JAN20210PE.NFO,07/01/2020,13:11:04,9.35,9.35,2700,9.65,2700,0,140400
COALINDIA30JAN20210PE.NFO,07/01/2020,13:11:09,9.35,9.35,2700,9.75,5400,0,140400
COALINDIA30JAN20210PE.NFO,07/01/2020,13:11:18,9.35,9.4,2700,9.75,5400,0,140400
COALINDIA30JAN20210PE.NFO,07/01/2020,13:11:36,9.35,9.35,5400,9.7,2700,0,140400
COALINDIA30JAN20210PE.NFO,07/01/2020,13:11:40,9.35,9.35,5400,9.65,2700,0,140400
COALINDIA30JAN20210PE.NFO,07/01/2020,13:11:58,9.35,9.3,5400,9.65,2700,0,140400
COALINDIA30JAN20210PE.NFO,07/01/2020,13:12:04,9.35,9.15,8100,9.6,2700,0,140400
COALINDIA30JAN20210PE.NFO,07/01/2020,13:12:10,9.35,9.35,2700,9.75,2700,0,140400
COALINDIA30JAN20210PE.NFO,07/01/2020,13:12:15,9.35,9.35,2700,9.75,5400,0,140400
COALINDIA30JAN20210PE.NFO,07/01/2020,13:12:34,9.35,9.4,2700,9.75,5400,0,140400
COALINDIA30JAN20210PE.NFO,07/01/2020,13:13:08,9.35,9.4,2700,9.75,2700,0,140400
COALINDIA30JAN20210PE.NFO,07/01/2020,13:13:11,9.35,9.4,2700,9.7,2700,0,140400
COALINDIA30JAN20210PE.NFO,07/01/2020,13:13:26,9.35,9.45,2700,9.75,2700,0,140400
COALINDIA30JAN20210PE.NFO,07/01/2020,13:14:03,9.35,9.6,5400,9.8,2700,0,140400
COALINDIA30JAN20210PE.NFO,07/01/2020,13:14:09,9.35,9.6,2700,9.8,2700,0,140400
COALINDIA30JAN20210PE.NFO,07/01/2020,13:14:24,9.35,9.6,5400,9.8,2700,0,140400
COALINDIA30JAN20210PE.NFO,07/01/2020,13:14:28,9.8,9.6,5400,9.95,2700,2700,140400
COALINDIA30JAN20210PE.NFO,07/01/2020,13:14:32,9.8,9.6,5400,9.95,2700,0,140400
COALINDIA30JAN20210PE.NFO,07/01/2020,13:14:43,9.8,9.65,2700,9.95,2700,0,140400
COALINDIA30JAN20210PE.NFO,07/01/2020,13:14:48,9.8,9.65,2700,10.05,2700,0,140400
COALINDIA30JAN20210PE.NFO,07/01/2020,13:14:52,9.8,9.65,2700,9.95,2700,0,140400
COALINDIA30JAN20210PE.NFO,07/01/2020,13:14:55,9.8,9.55,10800,9.9,2700,0,140400
COALINDIA30JAN20210PE.NFO,07/01/2020,13:15:00,9.8,9.7,2700,10.15,5400,0,140400
COALINDIA30JAN20210PE.NFO,07/01/2020,13:15:05,9.8,9.75,2700,10.1,2700,0,140400
COALINDIA30JAN20210PE.NFO,07/01/2020,13:15:12,9.8,9.75,2700,10.25,5400,0,140400
COALINDIA30JAN20210PE.NFO,07/01/2020,13:15:20,9.8,9.75,2700,10.15,2700,0,140400
COALINDIA30JAN20210PE.NFO,07/01/2020,13:15:34,9.8,9.8,5400,10.15,2700,0,140400
COALINDIA30JAN20210PE.NFO,07/01/2020,13:15:39,9.8,9.8,2700,10.15,2700,0,140400
COALINDIA30JAN20210PE.NFO,07/01/2020,13:15:45,9.8,9.8,2700,10.1,2700,0,140400
COALINDIA30JAN20210PE.NFO,07/01/2020,13:15:52,9.8,9.8,2700,10.3,8100,0,140400
COALINDIA30JAN20210PE.NFO,07/01/2020,13:15:57,9.8,9.75,2700,10.3,8100,0,140400
COALINDIA30JAN20210PE.NFO,07/01/2020,13:16:01,9.8,9.6,13500,10.3,8100,0,140400
COALINDIA30JAN20210PE.NFO,07/01/2020,13:16:07,9.8,9.75,2700,10.3,8100,0,140400
COALINDIA30JAN20210PE.NFO,07/01/2020,13:17:10,9.8,9.75,2700,10.3,10800,0,140400
COALINDIA30JAN20210PE.NFO,07/01/2020,13:17:30,9.8,9.7,5400,10.3,5400,0,140400
COALINDIA30JAN20210PE.NFO,07/01/2020,13:17:36,9.8,9.7,5400,10.2,2700,0,140400
COALINDIA30JAN20210PE.NFO,07/01/2020,13:17:42,9.8,9.7,5400,10.15,2700,0,140400
COALINDIA30JAN20210PE.NFO,07/01/2020,13:18:12,9.8,9.7,2700,10.1,2700,0,140400
COALINDIA30JAN20210PE.NFO,07/01/2020,13:18:16,9.8,9.7,2700,10.25,8100,0,140400
COALINDIA30JAN20210PE.NFO,07/01/2020,13:18:21,9.8,9.75,2700,10.25,8100,0,140400
COALINDIA30JAN20210PE.NFO,07/01/2020,13:18:47,9.8,9.8,2700,10.25,8100,0,140400
COALINDIA30JAN20210PE.NFO,07/01/2020,13:18:52,9.8,9.7,2700,10.25,8100,0,140400
COALINDIA30JAN20210PE.NFO,07/01/2020,13:19:09,9.8,9.8,2700,10.25,5400,0,140400
COALINDIA30JAN20210PE.NFO,07/01/2020,13:19:15,9.8,9.85,2700,10.25,5400,0,140400
COALINDIA30JAN20210PE.NFO,07/01/2020,13:19:23,9.8,9.8,2700,10.35,5400,0,140400
COALINDIA30JAN20210PE.NFO,07/01/2020,13:19:28,9.8,9.8,2700,10.25,2700,0,140400
COALINDIA30JAN20210PE.NFO,07/01/2020,13:19:31,9.8,9.8,2700,10.2,2700,0,140400
COALINDIA30JAN20210PE.NFO,07/01/2020,13:20:15,9.8,9.75,2700,10.15,2700,0,140400
COALINDIA30JAN20210PE.NFO,07/01/2020,13:20:20,9.8,9.75,2700,10.1,2700,0,140400
COALINDIA30JAN20210PE.NFO,07/01/2020,13:20:25,9.8,9.7,2700,10.2,2700,0,140400
COALINDIA30JAN20210PE.NFO,07/01/2020,13:20:28,9.8,9.7,2700,10.15,2700,0,140400
COALINDIA30JAN20210PE.NFO,07/01/2020,13:20:47,9.8,9.75,2700,10.15,2700,0,140400
COALINDIA30JAN20210PE.NFO,07/01/2020,13:21:05,9.8,9.8,2700,10.15,2700,0,140400
COALINDIA30JAN20210PE.NFO,07/01/2020,13:21:11,9.8,9.7,8100,10.15,2700,0,140400
COALINDIA30JAN20210PE.NFO,07/01/2020,13:21:17,9.8,9.7,10800,10.15,2700,0,140400
COALINDIA30JAN20210PE.NFO,07/01/2020,13:21:53,9.8,9.9,5400,10.3,5400,0,140400
COALINDIA30JAN20210PE.NFO,07/01/2020,13:21:57,9.8,9.95,2700,10.3,5400,0,140400
COALINDIA30JAN20210PE.NFO,07/01/2020,13:22:01,9.8,9.85,10800,10.3,5400,0,140400
COALINDIA30JAN20210PE.NFO,07/01/2020,13:22:14,9.8,9.85,8100,10.3,5400,0,140400
COALINDIA30JAN20210PE.NFO,07/01/2020,13:22:18,9.8,9.85,5400,10.3,5400,0,140400
COALINDIA30JAN20210PE.NFO,07/01/2020,13:22:23,9.8,9.75,2700,10.25,5400,0,140400
COALINDIA30JAN20210PE.NFO,07/01/2020,13:22:38,9.8,9.75,5400,10.15,2700,0,140400
COALINDIA30JAN20210PE.NFO,07/01/2020,13:22:43,9.8,9.8,2700,10.3,8100,0,140400
COALINDIA30JAN20210PE.NFO,07/01/2020,13:22:57,9.8,9.85,5400,10.3,5400,0,140400
COALINDIA30JAN20210PE.NFO,07/01/2020,13:23:10,9.8,9.95,2700,10.3,2700,0,140400
COALINDIA30JAN20210PE.NFO,07/01/2020,13:23:15,9.8,10,2700,10.4,2700,0,140400
COALINDIA30JAN20210PE.NFO,07/01/2020,13:23:39,9.8,10,2700,10.35,2700,0,140400
COALINDIA30JAN20210PE.NFO,07/01/2020,13:24:18,9.8,10,2700,10.5,8100,0,140400
COALINDIA30JAN20210PE.NFO,07/01/2020,13:24:35,9.8,9.8,2700,10.3,5400,0,140400
COALINDIA30JAN20210PE.NFO,07/01/2020,13:24:42,9.8,9.85,2700,10.25,2700,0,140400
COALINDIA30JAN20210PE.NFO,07/01/2020,13:24:50,9.8,9.8,2700,10.2,2700,0,140400
COALINDIA30JAN20210PE.NFO,07/01/2020,13:24:56,9.8,9.85,5400,10.25,2700,0,140400
COALINDIA30JAN20210PE.NFO,07/01/2020,13:25:11,9.8,9.9,2700,10.35,2700,0,140400
COALINDIA30JAN20210PE.NFO,07/01/2020,13:25:16,9.8,9.9,2700,10.25,2700,0,140400
COALINDIA30JAN20210PE.NFO,07/01/2020,13:25:27,9.8,9.9,2700,10.35,2700,0,140400
COALINDIA30JAN20210PE.NFO,07/01/2020,13:25:32,9.8,9.85,5400,10.25,2700,0,140400
COALINDIA30JAN20210PE.NFO,07/01/2020,13:25:36,9.8,9.75,8100,10.25,2700,0,140400
COALINDIA30JAN20210PE.NFO,07/01/2020,13:25:40,9.8,9.85,5400,10.25,2700,0,140400
COALINDIA30JAN20210PE.NFO,07/01/2020,13:25:47,9.8,9.9,2700,10.25,2700,0,140400
COALINDIA30JAN20210PE.NFO,07/01/2020,13:25:51,9.8,9.5,40500,10.25,2700,0,140400
COALINDIA30JAN20210PE.NFO,07/01/2020,13:25:55,9.8,9.6,43200,10.3,5400,0,140400
COALINDIA30JAN20210PE.NFO,07/01/2020,13:25:59,9.8,9.85,2700,10.3,5400,0,140400
COALINDIA30JAN20210PE.NFO,07/01/2020,13:26:04,9.8,9.9,2700,10.3,5400,0,140400
COALINDIA30JAN20210PE.NFO,07/01/2020,13:26:27,9.8,9.8,5400,10.2,2700,0,140400
COALINDIA30JAN20210PE.NFO,07/01/2020,13:26:32,9.8,9.85,2700,10.2,2700,0,140400
COALINDIA30JAN20210PE.NFO,07/01/2020,13:26:42,9.8,9.8,5400,10.2,2700,0,140400
COALINDIA30JAN20210PE.NFO,07/01/2020,13:26:50,9.8,9.85,2700,10.2,2700,0,140400
COALINDIA30JAN20210PE.NFO,07/01/2020,13:26:58,9.8,9.7,8100,10.25,2700,0,140400
COALINDIA30JAN20210PE.NFO,07/01/2020,13:27:03,9.8,9.8,8100,10.2,2700,0,140400
COALINDIA30JAN20210PE.NFO,07/01/2020,13:27:09,9.8,9.85,2700,10.2,2700,0,140400
COALINDIA30JAN20210PE.NFO,07/01/2020,13:27:14,9.8,9.8,2700,10.2,2700,0,140400
COALINDIA30JAN20210PE.NFO,07/01/2020,13:27:19,9.8,9.85,2700,10.25,2700,0,140400
COALINDIA30JAN20210PE.NFO,07/01/2020,13:27:31,9.8,9.8,13500,10.25,2700,0,140400
COALINDIA30JAN20210PE.NFO,07/01/2020,13:27:37,9.8,9.9,2700,10.25,2700,0,140400
COALINDIA30JAN20210PE.NFO,07/01/2020,13:27:41,9.8,9.95,2700,10.25,2700,0,140400
COALINDIA30JAN20210PE.NFO,07/01/2020,13:27:51,9.8,9.95,2700,10.35,2700,0,140400
COALINDIA30JAN20210PE.NFO,07/01/2020,13:27:58,9.8,9.9,13500,10.3,2700,0,140400
COALINDIA30JAN20210PE.NFO,07/01/2020,13:28:03,9.8,9.95,5400,10.3,2700,0,140400
COALINDIA30JAN20210PE.NFO,07/01/2020,13:28:08,9.8,10.05,2700,10.4,2700,0,140400
COALINDIA30JAN20210PE.NFO,07/01/2020,13:28:12,9.8,10.1,2700,10.4,2700,0,140400
COALINDIA30JAN20210PE.NFO,07/01/2020,13:28:17,9.8,10.15,8100,10.55,2700,0,140400
COALINDIA30JAN20210PE.NFO,07/01/2020,13:28:21,9.8,10.25,2700,10.5,2700,0,140400
COALINDIA30JAN20210PE.NFO,07/01/2020,13:28:29,9.8,10.2,2700,10.5,2700,0,140400
COALINDIA30JAN20210PE.NFO,07/01/2020,13:28:33,9.8,10.2,5400,10.5,2700,0,140400
COALINDIA30JAN20210PE.NFO,07/01/2020,13:28:37,9.8,10.2,2700,10.5,2700,0,140400
COALINDIA30JAN20210PE.NFO,07/01/2020,13:29:38,9.8,10.25,5400,10.6,2700,0,140400
COALINDIA30JAN20210PE.NFO,07/01/2020,13:29:45,9.8,10.25,2700,10.6,2700,0,140400
COALINDIA30JAN20210PE.NFO,07/01/2020,13:29:51,9.8,10.3,2700,10.6,2700,0,140400
COALINDIA30JAN20210PE.NFO,07/01/2020,13:30:05,9.8,10.25,2700,10.5,2700,0,140400
COALINDIA30JAN20210PE.NFO,07/01/2020,13:30:15,9.8,10.3,2700,10.5,2700,0,140400
COALINDIA30JAN20210PE.NFO,07/01/2020,13:30:24,9.8,10.25,2700,10.5,2700,0,140400
COALINDIA30JAN20210PE.NFO,07/01/2020,13:30:46,10.5,10.3,5400,10.65,2700,2700,143100
COALINDIA30JAN20210PE.NFO,07/01/2020,13:30:46,10.5,10.3,5400,10.65,2700,0,143100
COALINDIA30JAN20210PE.NFO,07/01/2020,13:30:53,10.5,10.35,2700,10.65,2700,0,143100
COALINDIA30JAN20210PE.NFO,07/01/2020,13:30:59,10.5,10.45,2700,10.95,5400,0,143100
COALINDIA30JAN20210PE.NFO,07/01/2020,13:31:18,10.5,10.3,8100,10.9,5400,0,143100
COALINDIA30JAN20210PE.NFO,07/01/2020,13:31:24,10.5,10.35,2700,10.8,5400,0,143100
COALINDIA30JAN20210PE.NFO,07/01/2020,13:31:29,10.5,10.35,2700,10.7,2700,0,143100
COALINDIA30JAN20210PE.NFO,07/01/2020,13:31:36,10.5,10.35,5400,10.7,2700,0,143100
COALINDIA30JAN20210PE.NFO,07/01/2020,13:31:42,10.5,9.8,51300,10.65,2700,0,143100
COALINDIA30JAN20210PE.NFO,07/01/2020,13:31:48,10.5,10.2,2700,10.6,2700,0,143100
COALINDIA30JAN20210PE.NFO,07/01/2020,13:31:56,10.5,10.25,2700,10.6,2700,0,143100
COALINDIA30JAN20210PE.NFO,07/01/2020,13:32:04,10.5,10.35,2700,10.75,2700,0,143100
COALINDIA30JAN20210PE.NFO,07/01/2020,13:32:10,10.5,10.3,2700,10.75,2700,0,143100
COALINDIA30JAN20210PE.NFO,07/01/2020,13:32:17,10.5,10.4,2700,10.8,2700,0,143100
COALINDIA30JAN20210PE.NFO,07/01/2020,13:32:23,10.5,10.4,2700,10.75,2700,0,143100
COALINDIA30JAN20210PE.NFO,07/01/2020,13:32:29,10.5,10.1,21600,10.7,2700,0,143100
COALINDIA30JAN20210PE.NFO,07/01/2020,13:32:34,10.5,10.3,2700,10.7,2700,0,143100
COALINDIA30JAN20210PE.NFO,07/01/2020,13:32:44,10.5,10.2,2700,10.95,5400,0,143100
COALINDIA30JAN20210PE.NFO,07/01/2020,13:32:50,10.5,10.1,2700,10.65,2700,0,143100
COALINDIA30JAN20210PE.NFO,07/01/2020,13:32:56,10.5,10.1,2700,10.6,2700,0,143100
COALINDIA30JAN20210PE.NFO,07/01/2020,13:33:02,10.5,10.25,2700,10.75,2700,0,143100
COALINDIA30JAN20210PE.NFO,07/01/2020,13:33:07,10.5,10.2,8100,10.65,2700,0,143100
COALINDIA30JAN20210PE.NFO,07/01/2020,13:33:11,10.5,10.35,2700,10.6,2700,0,143100
COALINDIA30JAN20210PE.NFO,07/01/2020,13:33:20,10.5,10.15,2700,10.85,2700,0,143100
COALINDIA30JAN20210PE.NFO,07/01/2020,13:33:25,10.5,10.2,5400,10.75,2700,0,143100
COALINDIA30JAN20210PE.NFO,07/01/2020,13:33:31,10.5,10.2,2700,10.65,2700,0,143100
COALINDIA30JAN20210PE.NFO,07/01/2020,13:33:37,10.5,10.2,2700,10.85,5400,0,143100
COALINDIA30JAN20210PE.NFO,07/01/2020,13:33:41,10.5,10.2,2700,10.75,2700,0,143100
COALINDIA30JAN20210PE.NFO,07/01/2020,13:33:47,10.5,10.2,2700,10.65,2700,0,143100
COALINDIA30JAN20210PE.NFO,07/01/2020,13:33:52,10.5,10.2,2700,10.6,2700,0,143100
COALINDIA30JAN20210PE.NFO,07/01/2020,13:34:03,10.5,10.2,2700,10.95,10800,0,143100
COALINDIA30JAN20210PE.NFO,07/01/2020,13:34:08,10.5,10.2,2700,10.85,5400,0,143100
COALINDIA30JAN20210PE.NFO,07/01/2020,13:34:13,10.5,10.2,2700,10.75,2700,0,143100
COALINDIA30JAN20210PE.NFO,07/01/2020,13:34:18,10.5,10.2,2700,10.65,2700,0,143100
COALINDIA30JAN20210PE.NFO,07/01/2020,13:34:23,10.5,10.2,2700,10.6,2700,0,143100
COALINDIA30JAN20210PE.NFO,07/01/2020,13:34:44,10.5,10.1,5400,10.6,2700,0,143100
COALINDIA30JAN20210PE.NFO,07/01/2020,13:34:50,10.5,10.15,2700,10.6,2700,0,143100
COALINDIA30JAN20210PE.NFO,07/01/2020,13:34:57,10.5,9.75,16200,10.55,2700,0,143100
COALINDIA30JAN20210PE.NFO,07/01/2020,13:35:03,10.5,10.1,8100,10.75,2700,0,143100
COALINDIA30JAN20210PE.NFO,07/01/2020,13:35:10,10.5,10.15,2700,10.65,2700,0,143100
COALINDIA30JAN20210PE.NFO,07/01/2020,13:35:16,10.5,10.1,5400,10.6,2700,0,143100
COALINDIA30JAN20210PE.NFO,07/01/2020,13:35:27,10.5,10.1,5400,10.55,2700,0,143100
COALINDIA30JAN20210PE.NFO,07/01/2020,13:35:53,10.5,10.1,5400,10.5,2700,0,143100
COALINDIA30JAN20210PE.NFO,07/01/2020,13:36:00,10.5,9.9,27000,10.5,2700,0,143100
COALINDIA30JAN20210PE.NFO,07/01/2020,13:36:05,10.5,10.05,2700,10.5,2700,0,143100
COALINDIA30JAN20210PE.NFO,07/01/2020,13:36:10,10.5,10.1,2700,10.5,2700,0,143100
COALINDIA30JAN20210PE.NFO,07/01/2020,13:36:18,10.5,10.05,2700,10.5,2700,0,143100
COALINDIA30JAN20210PE.NFO,07/01/2020,13:36:46,10.5,10.05,2700,10.85,10800,0,143100
COALINDIA30JAN20210PE.NFO,07/01/2020,13:36:56,10.5,10,5400,10.75,2700,0,143100
COALINDIA30JAN20210PE.NFO,07/01/2020,13:37:01,10.5,9.85,16200,10.65,2700,0,143100
COALINDIA30JAN20210PE.NFO,07/01/2020,13:37:07,10.5,10.05,5400,10.55,2700,0,143100
COALINDIA30JAN20210PE.NFO,07/01/2020,13:37:13,10.5,10.15,13500,10.8,2700,0,143100
COALINDIA30JAN20210PE.NFO,07/01/2020,13:37:17,10.5,10.3,2700,10.75,2700,0,143100
COALINDIA30JAN20210PE.NFO,07/01/2020,13:37:49,10.5,10.15,5400,10.7,2700,0,143100
COALINDIA30JAN20210PE.NFO,07/01/2020,13:37:52,10.5,10.2,8100,10.65,2700,0,143100
COALINDIA30JAN20210PE.NFO,07/01/2020,13:38:00,10.5,10.2,5400,10.65,2700,0,143100
COALINDIA30JAN20210PE.NFO,07/01/2020,13:38:10,10.5,10.1,2700,10.6,2700,0,143100
COALINDIA30JAN20210PE.NFO,07/01/2020,13:38:28,10.5,10.15,5400,10.75,2700,0,143100
COALINDIA30JAN20210PE.NFO,07/01/2020,13:38:34,10.5,10.3,2700,10.7,2700,0,143100
COALINDIA30JAN20210PE.NFO,07/01/2020,13:38:40,10.5,10.35,2700,10.7,2700,0,143100
COALINDIA30JAN20210PE.NFO,07/01/2020,13:38:44,10.5,10.2,2700,10.7,2700,0,143100
COALINDIA30JAN20210PE.NFO,07/01/2020,13:38:48,10.5,10.25,2700,10.7,2700,0,143100
COALINDIA30JAN20210PE.NFO,07/01/2020,13:38:56,10.5,9.85,43200,10.65,2700,0,143100
COALINDIA30JAN20210PE.NFO,07/01/2020,13:39:02,10.5,10.15,2700,10.6,2700,0,143100
COALINDIA30JAN20210PE.NFO,07/01/2020,13:39:07,10.5,10.2,2700,10.6,2700,0,143100
COALINDIA30JAN20210PE.NFO,07/01/2020,13:39:26,10.5,10.15,5400,10.6,2700,0,143100
COALINDIA30JAN20210PE.NFO,07/01/2020,13:39:32,10.5,10.2,2700,10.5,2700,0,143100
COALINDIA30JAN20210PE.NFO,07/01/2020,13:39:47,10.5,10.2,5400,10.9,8100,0,143100
COALINDIA30JAN20210PE.NFO,07/01/2020,13:39:52,10.5,10.3,2700,10.9,8100,0,143100
COALINDIA30JAN20210PE.NFO,07/01/2020,13:40:31,10.5,10.4,2700,10.9,5400,0,143100
COALINDIA30JAN20210PE.NFO,07/01/2020,13:40:34,10.5,10.35,2700,10.9,5400,0,143100
COALINDIA30JAN20210PE.NFO,07/01/2020,13:40:46,10.5,10.3,2700,10.9,2700,0,143100
COALINDIA30JAN20210PE.NFO,07/01/2020,13:40:52,10.5,10.3,2700,10.75,2700,0,143100
COALINDIA30JAN20210PE.NFO,07/01/2020,13:40:57,10.5,10.15,13500,10.7,2700,0,143100
COALINDIA30JAN20210PE.NFO,07/01/2020,13:41:01,10.5,10.25,2700,10.7,2700,0,143100
COALINDIA30JAN20210PE.NFO,07/01/2020,13:41:09,10.5,10.25,2700,10.65,2700,0,143100
COALINDIA30JAN20210PE.NFO,07/01/2020,13:41:14,10.5,10.25,2700,11,10800,0,143100
COALINDIA30JAN20210PE.NFO,07/01/2020,13:41:22,10.5,10.3,2700,11,10800,0,143100
COALINDIA30JAN20210PE.NFO,07/01/2020,13:41:37,10.5,10.2,5400,11,10800,0,143100
COALINDIA30JAN20210PE.NFO,07/01/2020,13:41:41,10.5,10.3,2700,11,10800,0,143100
COALINDIA30JAN20210PE.NFO,07/01/2020,13:42:14,10.5,10.3,2700,10.9,5400,0,143100
COALINDIA30JAN20210PE.NFO,07/01/2020,13:42:20,10.5,10.25,2700,10.8,2700,0,143100
COALINDIA30JAN20210PE.NFO,07/01/2020,13:42:27,10.5,10.25,2700,10.75,2700,0,143100
COALINDIA30JAN20210PE.NFO,07/01/2020,13:42:33,10.5,10.25,2700,10.7,2700,0,143100
COALINDIA30JAN20210PE.NFO,07/01/2020,13:42:38,10.5,10.25,2700,10.65,2700,0,143100
COALINDIA30JAN20210PE.NFO,07/01/2020,13:45:02,10.5,10.2,2700,10.65,2700,0,143100
COALINDIA30JAN20210PE.NFO,07/01/2020,13:45:24,10.5,10.2,2700,10.6,2700,0,143100
COALINDIA30JAN20210PE.NFO,07/01/2020,13:45:29,10.5,10.2,2700,10.55,2700,0,143100
COALINDIA30JAN20210PE.NFO,07/01/2020,13:46:22,10.5,10.15,2700,10.55,2700,0,143100
COALINDIA30JAN20210PE.NFO,07/01/2020,13:46:58,10.5,10.1,2700,10.5,2700,0,143100
COALINDIA30JAN20210PE.NFO,07/01/2020,13:47:05,10.5,10.15,2700,10.6,2700,0,143100
COALINDIA30JAN20210PE.NFO,07/01/2020,13:47:12,10.5,10.15,2700,10.5,2700,0,143100
COALINDIA30JAN20210PE.NFO,07/01/2020,13:47:18,10.5,10.15,2700,10.45,2700,0,143100
COALINDIA30JAN20210PE.NFO,07/01/2020,13:47:39,10.5,10.1,2700,10.45,2700,0,143100
COALINDIA30JAN20210PE.NFO,07/01/2020,13:47:43,10.5,10.05,2700,10.4,2700,0,143100
COALINDIA30JAN20210PE.NFO,07/01/2020,13:47:47,10.5,10.1,2700,10.45,2700,0,143100
COALINDIA30JAN20210PE.NFO,07/01/2020,13:47:58,10.5,10,5400,10.35,2700,0,143100
COALINDIA30JAN20210PE.NFO,07/01/2020,13:48:01,10.5,10,5400,10.55,5400,0,143100
COALINDIA30JAN20210PE.NFO,07/01/2020,13:49:37,10.5,10,5400,10.4,2700,0,143100
COALINDIA30JAN20210PE.NFO,07/01/2020,13:50:06,10.5,10,5400,10.35,2700,0,143100
COALINDIA30JAN20210PE.NFO,07/01/2020,13:50:11,10.5,9.85,5400,10.3,2700,0,143100
COALINDIA30JAN20210PE.NFO,07/01/2020,13:50:18,10.5,9.85,5400,10.2,2700,0,143100
COALINDIA30JAN20210PE.NFO,07/01/2020,13:50:37,10.5,9.95,5400,10.35,5400,0,143100
COALINDIA30JAN20210PE.NFO,07/01/2020,13:50:44,10.5,9.85,2700,10.35,5400,0,143100
COALINDIA30JAN20210PE.NFO,07/01/2020,13:50:58,10.5,9.95,2700,10.35,5400,0,143100
COALINDIA30JAN20210PE.NFO,07/01/2020,13:51:05,10.5,9.9,2700,10.35,5400,0,143100
COALINDIA30JAN20210PE.NFO,07/01/2020,13:51:48,10.5,9.95,2700,10.35,5400,0,143100
COALINDIA30JAN20210PE.NFO,07/01/2020,13:51:53,10.5,10,2700,10.35,5400,0,143100
COALINDIA30JAN20210PE.NFO,07/01/2020,13:52:30,10.5,9.95,2700,10.35,5400,0,143100
COALINDIA30JAN20210PE.NFO,07/01/2020,13:52:34,10.5,10,2700,10.35,5400,0,143100
COALINDIA30JAN20210PE.NFO,07/01/2020,13:53:04,10.5,9.95,2700,10.35,5400,0,143100
COALINDIA30JAN20210PE.NFO,07/01/2020,13:53:09,10.5,10,2700,10.35,5400,0,143100
COALINDIA30JAN20210PE.NFO,07/01/2020,13:53:43,10.5,10.05,2700,10.35,2700,0,143100
COALINDIA30JAN20210PE.NFO,07/01/2020,13:53:58,10.5,10,2700,10.35,2700,0,143100
COALINDIA30JAN20210PE.NFO,07/01/2020,13:54:09,10.5,10.05,2700,10.35,2700,0,143100
COALINDIA30JAN20210PE.NFO,07/01/2020,13:54:13,10.5,10.05,2700,10.4,2700,0,143100
COALINDIA30JAN20210PE.NFO,07/01/2020,13:54:24,10.5,10.05,2700,10.35,2700,0,143100
COALINDIA30JAN20210PE.NFO,07/01/2020,13:54:29,10.5,9.95,2700,10.35,2700,0,143100
COALINDIA30JAN20210PE.NFO,07/01/2020,13:54:33,10.5,9.95,2700,10.3,2700,0,143100
COALINDIA30JAN20210PE.NFO,07/01/2020,13:54:50,10.5,10,2700,10.3,2700,0,143100
COALINDIA30JAN20210PE.NFO,07/01/2020,13:55:57,10.5,9.95,2700,10.3,2700,0,143100
COALINDIA30JAN20210PE.NFO,07/01/2020,13:56:17,10.5,9.95,2700,10.25,2700,0,143100
COALINDIA30JAN20210PE.NFO,07/01/2020,13:57:05,10.5,9.95,2700,10.2,2700,0,143100
COALINDIA30JAN20210PE.NFO,07/01/2020,13:57:16,10.5,9.9,2700,10.2,2700,0,143100
COALINDIA30JAN20210PE.NFO,07/01/2020,13:57:24,10.5,9.9,5400,10.2,2700,0,143100
COALINDIA30JAN20210PE.NFO,07/01/2020,13:58:37,10.5,9.9,2700,10.15,2700,0,143100
COALINDIA30JAN20210PE.NFO,07/01/2020,13:58:46,10.5,9.9,2700,10.3,5400,0,143100
COALINDIA30JAN20210PE.NFO,07/01/2020,13:59:56,10.5,9.85,2700,10.3,5400,0,143100
COALINDIA30JAN20210PE.NFO,07/01/2020,14:00:05,10.5,9.75,2700,10.15,2700,0,143100
COALINDIA30JAN20210PE.NFO,07/01/2020,14:00:11,10.5,9.75,2700,10.05,2700,0,143100
COALINDIA30JAN20210PE.NFO,07/01/2020,14:00:43,10.5,9.65,2700,10.05,2700,0,143100
COALINDIA30JAN20210PE.NFO,07/01/2020,14:00:49,10.5,9.6,5400,9.95,2700,0,143100
COALINDIA30JAN20210PE.NFO,07/01/2020,14:01:27,10.5,9.6,2700,9.95,2700,0,143100
COALINDIA30JAN20210PE.NFO,07/01/2020,14:01:41,10.5,9.65,2700,9.95,2700,0,143100
COALINDIA30JAN20210PE.NFO,07/01/2020,14:02:21,10.5,9.7,2700,10.05,2700,0,143100
COALINDIA30JAN20210PE.NFO,07/01/2020,14:02:23,10.5,9.7,2700,10,2700,0,143100
COALINDIA30JAN20210PE.NFO,07/01/2020,14:02:45,10.5,9.6,2700,9.95,2700,0,143100
COALINDIA30JAN20210PE.NFO,07/01/2020,14:02:48,10.5,9.6,2700,9.9,2700,0,143100
COALINDIA30JAN20210PE.NFO,07/01/2020,14:02:51,10.5,9.55,2700,9.9,2700,0,143100
COALINDIA30JAN20210PE.NFO,07/01/2020,14:02:54,10.5,9.6,2700,9.9,2700,0,143100
COALINDIA30JAN20210PE.NFO,07/01/2020,14:03:01,10.5,9.55,2700,9.9,2700,0,143100
COALINDIA30JAN20210PE.NFO,07/01/2020,14:03:44,10.5,9.5,2700,9.8,2700,0,143100
COALINDIA30JAN20210PE.NFO,07/01/2020,14:04:04,10.5,9.55,2700,9.95,2700,0,143100
COALINDIA30JAN20210PE.NFO,07/01/2020,14:04:09,10.5,9.55,2700,9.9,2700,0,143100
COALINDIA30JAN20210PE.NFO,07/01/2020,14:04:39,10.5,9.45,5400,9.85,2700,0,143100
COALINDIA30JAN20210PE.NFO,07/01/2020,14:04:42,10.5,9.45,5400,9.8,2700,0,143100
COALINDIA30JAN20210PE.NFO,07/01/2020,14:05:23,10.5,9.45,2700,9.75,2700,0,143100
COALINDIA30JAN20210PE.NFO,07/01/2020,14:05:24,10.5,9.45,2700,9.7,2700,0,143100
COALINDIA30JAN20210PE.NFO,07/01/2020,14:05:34,9.7,9.5,2700,9.9,2700,2700,143100
COALINDIA30JAN20210PE.NFO,07/01/2020,14:05:39,9.7,9.5,2700,9.9,2700,0,143100
COALINDIA30JAN20210PE.NFO,07/01/2020,14:07:22,9.7,9.55,2700,9.9,2700,0,143100
COALINDIA30JAN20210PE.NFO,07/01/2020,14:07:48,9.7,9.5,5400,9.9,2700,0,143100
COALINDIA30JAN20210PE.NFO,07/01/2020,14:08:11,9.7,9.45,5400,9.9,2700,0,143100
COALINDIA30JAN20210PE.NFO,07/01/2020,14:08:18,9.7,9.45,2700,9.9,2700,0,143100
COALINDIA30JAN20210PE.NFO,07/01/2020,14:09:16,9.7,9.35,2700,9.9,2700,0,143100
COALINDIA30JAN20210PE.NFO,07/01/2020,14:09:40,9.7,9.35,5400,9.9,2700,0,143100
COALINDIA30JAN20210PE.NFO,07/01/2020,14:09:56,9.7,9.25,2700,9.9,2700,0,143100
COALINDIA30JAN20210PE.NFO,07/01/2020,14:10:03,9.7,9.25,2700,9.75,2700,0,143100
COALINDIA30JAN20210PE.NFO,07/01/2020,14:10:10,9.7,9.2,2700,9.75,5400,0,143100
COALINDIA30JAN20210PE.NFO,07/01/2020,14:10:27,9.7,9.25,2700,9.75,2700,0,143100
COALINDIA30JAN20210PE.NFO,07/01/2020,14:10:31,9.7,9.3,2700,9.75,2700,0,143100
COALINDIA30JAN20210PE.NFO,07/01/2020,14:10:36,9.7,9.35,2700,9.8,2700,0,143100
