Ticker,Date,Time,LTP,BuyPrice,BuyQty,SellPrice,SellQty,LTQ,OpenInterest
COALINDIA30JAN20205CE.NFO,07/01/2020,09:16:07,5.1,4.7,8100,5.15,8100,2700,607500
COALINDIA30JAN20205CE.NFO,07/01/2020,09:16:07,5.1,4.7,8100,5.15,8100,0,607500
COALINDIA30JAN20205CE.NFO,07/01/2020,09:16:07,5.1,4.7,8100,5.15,8100,0,607500
COALINDIA30JAN20205CE.NFO,07/01/2020,09:16:07,5.1,4.7,8100,5.15,8100,0,607500
COALINDIA30JAN20205CE.NFO,07/01/2020,09:16:18,5.1,4.65,2700,5.15,8100,0,607500
COALINDIA30JAN20205CE.NFO,07/01/2020,09:16:27,5.1,4.65,2700,5.1,5400,0,607500
COALINDIA30JAN20205CE.NFO,07/01/2020,09:16:36,5.1,4.8,2700,5,2700,0,607500
COALINDIA30JAN20205CE.NFO,07/01/2020,09:16:46,5,4.55,2700,5,2700,2700,607500
COALINDIA30JAN20205CE.NFO,07/01/2020,09:16:46,5,4.55,2700,5,2700,0,607500
COALINDIA30JAN20205CE.NFO,07/01/2020,09:16:55,5,4.55,2700,5,2700,0,607500
COALINDIA30JAN20205CE.NFO,07/01/2020,09:17:20,5,4.55,2700,5,8100,0,607500
COALINDIA30JAN20205CE.NFO,07/01/2020,09:17:28,5,4.45,2700,5,8100,0,607500
COALINDIA30JAN20205CE.NFO,07/01/2020,09:17:37,5,4.45,5400,5,8100,0,607500
COALINDIA30JAN20205CE.NFO,07/01/2020,09:17:46,5,4.55,2700,5,8100,0,607500
COALINDIA30JAN20205CE.NFO,07/01/2020,09:18:02,4.85,4.5,2700,5,5400,2700,604800
COALINDIA30JAN20205CE.NFO,07/01/2020,09:18:02,4.85,4.5,2700,5,5400,0,604800
COALINDIA30JAN20205CE.NFO,07/01/2020,09:18:10,4.85,4.5,2700,5,5400,0,604800
COALINDIA30JAN20205CE.NFO,07/01/2020,09:18:26,4.85,4.55,2700,5,8100,0,604800
COALINDIA30JAN20205CE.NFO,07/01/2020,09:18:33,4.85,4.5,5400,4.95,5400,0,604800
COALINDIA30JAN20205CE.NFO,07/01/2020,09:18:49,4.85,4.7,2700,4.9,8100,0,604800
COALINDIA30JAN20205CE.NFO,07/01/2020,09:19:11,4.7,4.4,5400,4.9,10800,2700,604800
COALINDIA30JAN20205CE.NFO,07/01/2020,09:19:11,4.7,4.4,5400,4.9,10800,0,604800
COALINDIA30JAN20205CE.NFO,07/01/2020,09:19:19,4.7,4.45,2700,4.8,5400,0,604800
COALINDIA30JAN20205CE.NFO,07/01/2020,09:19:35,4.7,4.45,2700,4.7,5400,0,604800
COALINDIA30JAN20205CE.NFO,07/01/2020,09:19:42,4.7,4.45,2700,4.7,2700,0,604800
COALINDIA30JAN20205CE.NFO,07/01/2020,09:19:59,4.7,4.5,10800,4.8,2700,2700,604800
COALINDIA30JAN20205CE.NFO,07/01/2020,09:20:06,4.8,4.6,5400,4.95,2700,2700,604800
COALINDIA30JAN20205CE.NFO,07/01/2020,09:20:14,4.8,4.6,5400,4.95,2700,0,604800
COALINDIA30JAN20205CE.NFO,07/01/2020,09:20:30,4.85,4.6,5400,4.95,2700,2700,607500
COALINDIA30JAN20205CE.NFO,07/01/2020,09:20:38,4.85,4.6,5400,4.95,2700,0,607500
COALINDIA30JAN20205CE.NFO,07/01/2020,09:20:53,4.85,4.75,2700,4.85,2700,0,607500
COALINDIA30JAN20205CE.NFO,07/01/2020,09:21:08,4.85,4.75,5400,4.85,2700,0,607500
COALINDIA30JAN20205CE.NFO,07/01/2020,09:21:16,4.85,4.75,5400,4.9,8100,2700,607500
COALINDIA30JAN20205CE.NFO,07/01/2020,09:21:31,4.85,4.75,5400,4.9,8100,0,607500
COALINDIA30JAN20205CE.NFO,07/01/2020,09:21:58,4.85,4.75,8100,4.9,13500,0,607500
COALINDIA30JAN20205CE.NFO,07/01/2020,09:22:05,4.85,4.75,8100,4.9,10800,0,607500
COALINDIA30JAN20205CE.NFO,07/01/2020,09:22:13,4.85,4.75,8100,4.9,8100,0,607500
COALINDIA30JAN20205CE.NFO,07/01/2020,09:22:28,4.9,4.75,8100,4.9,5400,2700,607500
COALINDIA30JAN20205CE.NFO,07/01/2020,09:22:35,4.9,4.75,8100,4.9,5400,0,607500
COALINDIA30JAN20205CE.NFO,07/01/2020,09:22:48,4.75,4.7,5400,4.85,2700,5400,607500
COALINDIA30JAN20205CE.NFO,07/01/2020,09:22:54,4.75,4.7,5400,4.85,2700,0,607500
COALINDIA30JAN20205CE.NFO,07/01/2020,09:23:07,4.8,4.7,2700,4.9,8100,2700,607500
COALINDIA30JAN20205CE.NFO,07/01/2020,09:23:14,4.8,4.75,2700,4.9,8100,0,607500
COALINDIA30JAN20205CE.NFO,07/01/2020,09:23:21,4.8,4.75,2700,4.9,5400,0,607500
COALINDIA30JAN20205CE.NFO,07/01/2020,09:23:53,4.75,4.7,5400,4.9,5400,2700,607500
COALINDIA30JAN20205CE.NFO,07/01/2020,09:24:00,4.9,4.75,2700,4.9,2700,2700,607500
COALINDIA30JAN20205CE.NFO,07/01/2020,09:24:07,4.9,4.75,2700,4.9,2700,0,607500
COALINDIA30JAN20205CE.NFO,07/01/2020,09:24:15,4.9,4.7,2700,4.9,5400,0,607500
COALINDIA30JAN20205CE.NFO,07/01/2020,09:24:22,4.9,4.75,2700,4.9,5400,0,607500
COALINDIA30JAN20205CE.NFO,07/01/2020,09:24:29,4.7,4.7,5400,4.85,2700,2700,607500
COALINDIA30JAN20205CE.NFO,07/01/2020,09:24:36,4.7,4.7,5400,4.85,2700,0,607500
COALINDIA30JAN20205CE.NFO,07/01/2020,09:24:48,4.7,4.7,5400,4.8,2700,0,607500
COALINDIA30JAN20205CE.NFO,07/01/2020,09:26:07,4.7,4.7,5400,4.75,2700,0,607500
COALINDIA30JAN20205CE.NFO,07/01/2020,09:26:15,4.75,4.7,5400,4.8,5400,2700,607500
COALINDIA30JAN20205CE.NFO,07/01/2020,09:26:21,4.75,4.7,5400,4.8,5400,0,607500
COALINDIA30JAN20205CE.NFO,07/01/2020,09:26:26,4.75,4.8,2700,4.9,5400,0,607500
COALINDIA30JAN20205CE.NFO,07/01/2020,09:26:39,4.75,4.75,2700,4.85,2700,0,607500
COALINDIA30JAN20205CE.NFO,07/01/2020,09:26:45,4.75,4.7,5400,4.8,2700,0,607500
COALINDIA30JAN20205CE.NFO,07/01/2020,09:26:56,4.75,4.7,5400,4.85,8100,2700,607500
COALINDIA30JAN20205CE.NFO,07/01/2020,09:27:01,4.75,4.7,5400,4.85,8100,0,607500
COALINDIA30JAN20205CE.NFO,07/01/2020,09:27:06,4.75,4.7,5400,4.85,5400,0,607500
COALINDIA30JAN20205CE.NFO,07/01/2020,09:27:11,4.75,4.7,5400,4.85,8100,0,607500
COALINDIA30JAN20205CE.NFO,07/01/2020,09:27:24,4.7,4.55,10800,4.75,2700,2700,607500
COALINDIA30JAN20205CE.NFO,07/01/2020,09:27:31,4.7,4.55,2700,4.75,8100,0,607500
COALINDIA30JAN20205CE.NFO,07/01/2020,09:27:42,4.7,4.55,2700,4.75,2700,0,607500
COALINDIA30JAN20205CE.NFO,07/01/2020,09:27:53,4.7,4.6,2700,4.7,5400,0,607500
COALINDIA30JAN20205CE.NFO,07/01/2020,09:28:14,4.7,4.55,5400,4.7,8100,0,607500
COALINDIA30JAN20205CE.NFO,07/01/2020,09:28:20,4.7,4.55,5400,4.7,5400,0,607500
COALINDIA30JAN20205CE.NFO,07/01/2020,09:28:26,4.7,4.55,5400,4.7,8100,0,607500
COALINDIA30JAN20205CE.NFO,07/01/2020,09:28:37,4.7,4.55,5400,4.7,5400,0,607500
COALINDIA30JAN20205CE.NFO,07/01/2020,09:28:42,4.7,4.55,5400,4.7,2700,0,607500
COALINDIA30JAN20205CE.NFO,07/01/2020,09:28:48,4.7,4.6,2700,4.75,2700,0,607500
COALINDIA30JAN20205CE.NFO,07/01/2020,09:28:54,4.7,4.6,5400,4.75,2700,0,607500
COALINDIA30JAN20205CE.NFO,07/01/2020,09:29:00,4.7,4.65,2700,4.75,2700,0,607500
COALINDIA30JAN20205CE.NFO,07/01/2020,09:29:06,4.7,4.65,2700,4.8,2700,0,607500
COALINDIA30JAN20205CE.NFO,07/01/2020,09:29:24,4.7,4.65,2700,4.75,2700,0,607500
COALINDIA30JAN20205CE.NFO,07/01/2020,09:29:49,4.7,4.6,2700,4.75,5400,0,607500
COALINDIA30JAN20205CE.NFO,07/01/2020,09:29:55,4.7,4.55,2700,4.7,2700,0,607500
COALINDIA30JAN20205CE.NFO,07/01/2020,09:30:00,4.7,4.6,2700,4.7,2700,0,607500
COALINDIA30JAN20205CE.NFO,07/01/2020,09:30:07,4.7,4.65,2700,4.75,5400,0,607500
COALINDIA30JAN20205CE.NFO,07/01/2020,09:30:21,4.7,4.6,2700,4.75,2700,2700,610200
COALINDIA30JAN20205CE.NFO,07/01/2020,09:30:37,4.7,4.65,2700,4.7,2700,0,610200
COALINDIA30JAN20205CE.NFO,07/01/2020,09:30:43,4.7,4.65,2700,4.75,8100,2700,610200
COALINDIA30JAN20205CE.NFO,07/01/2020,09:30:48,4.7,4.65,2700,4.75,5400,0,610200
COALINDIA30JAN20205CE.NFO,07/01/2020,09:30:58,4.7,4.65,2700,4.75,8100,0,610200
COALINDIA30JAN20205CE.NFO,07/01/2020,09:31:05,4.7,4.65,2700,4.75,5400,0,610200
COALINDIA30JAN20205CE.NFO,07/01/2020,09:31:17,4.7,4.65,2700,4.75,2700,0,610200
COALINDIA30JAN20205CE.NFO,07/01/2020,09:31:23,4.7,4.65,2700,4.75,5400,0,610200
COALINDIA30JAN20205CE.NFO,07/01/2020,09:31:39,4.7,4.65,2700,4.75,2700,0,610200
COALINDIA30JAN20205CE.NFO,07/01/2020,09:31:45,4.7,4.7,2700,4.8,5400,0,610200
COALINDIA30JAN20205CE.NFO,07/01/2020,09:31:50,4.7,4.65,5400,4.75,2700,0,610200
COALINDIA30JAN20205CE.NFO,07/01/2020,09:31:55,4.7,4.7,2700,4.8,5400,0,610200
COALINDIA30JAN20205CE.NFO,07/01/2020,09:31:59,4.7,4.7,2700,4.8,2700,0,610200
COALINDIA30JAN20205CE.NFO,07/01/2020,09:32:09,4.7,4.7,2700,4.85,5400,0,610200
COALINDIA30JAN20205CE.NFO,07/01/2020,09:32:14,4.7,4.75,5400,4.9,5400,0,610200
COALINDIA30JAN20205CE.NFO,07/01/2020,09:32:27,4.7,4.8,2700,4.9,5400,0,610200
COALINDIA30JAN20205CE.NFO,07/01/2020,09:32:33,4.7,4.8,5400,4.95,5400,0,610200
COALINDIA30JAN20205CE.NFO,07/01/2020,09:32:44,4.7,4.85,2700,4.95,5400,0,610200
COALINDIA30JAN20205CE.NFO,07/01/2020,09:33:01,4.7,4.85,2700,4.9,2700,0,610200
COALINDIA30JAN20205CE.NFO,07/01/2020,09:33:07,4.85,4.75,2700,4.9,8100,2700,610200
COALINDIA30JAN20205CE.NFO,07/01/2020,09:33:12,4.85,4.75,2700,4.9,8100,0,610200
COALINDIA30JAN20205CE.NFO,07/01/2020,09:33:18,4.85,4.7,5400,4.85,8100,0,610200
COALINDIA30JAN20205CE.NFO,07/01/2020,09:33:30,4.85,4.7,8100,4.85,2700,0,610200
COALINDIA30JAN20205CE.NFO,07/01/2020,09:33:35,4.85,4.75,5400,4.9,5400,0,610200
COALINDIA30JAN20205CE.NFO,07/01/2020,09:33:46,4.9,4.8,2700,4.95,5400,2700,610200
COALINDIA30JAN20205CE.NFO,07/01/2020,09:33:51,4.9,4.8,2700,4.95,5400,0,610200
COALINDIA30JAN20205CE.NFO,07/01/2020,09:33:56,4.9,4.8,5400,4.95,5400,0,610200
COALINDIA30JAN20205CE.NFO,07/01/2020,09:34:01,4.9,4.85,5400,4.95,5400,0,610200
COALINDIA30JAN20205CE.NFO,07/01/2020,09:34:06,4.9,4.8,8100,4.95,8100,0,610200
COALINDIA30JAN20205CE.NFO,07/01/2020,09:34:47,4.9,4.8,10800,4.95,2700,0,610200
COALINDIA30JAN20205CE.NFO,07/01/2020,09:34:51,4.9,4.85,2700,4.95,2700,0,610200
COALINDIA30JAN20205CE.NFO,07/01/2020,09:35:07,4.9,4.85,5400,4.95,2700,0,610200
COALINDIA30JAN20205CE.NFO,07/01/2020,09:35:26,4.95,4.85,5400,5,10800,2700,612900
COALINDIA30JAN20205CE.NFO,07/01/2020,09:35:38,4.95,4.85,5400,5,10800,0,612900
COALINDIA30JAN20205CE.NFO,07/01/2020,09:35:44,4.95,4.85,2700,5,10800,0,612900
COALINDIA30JAN20205CE.NFO,07/01/2020,09:35:52,4.95,4.85,5400,5,10800,0,612900
COALINDIA30JAN20205CE.NFO,07/01/2020,09:35:58,4.95,4.85,5400,5,8100,0,612900
COALINDIA30JAN20205CE.NFO,07/01/2020,09:36:16,4.95,4.85,8100,5,8100,0,612900
COALINDIA30JAN20205CE.NFO,07/01/2020,09:36:22,4.95,4.85,5400,5,8100,0,612900
COALINDIA30JAN20205CE.NFO,07/01/2020,09:36:28,5,4.85,2700,5,8100,2700,612900
COALINDIA30JAN20205CE.NFO,07/01/2020,09:36:42,4.95,4.8,5400,4.95,2700,2700,612900
COALINDIA30JAN20205CE.NFO,07/01/2020,09:36:47,4.95,4.8,5400,4.95,2700,0,612900
COALINDIA30JAN20205CE.NFO,07/01/2020,09:36:58,4.95,4.8,8100,4.95,2700,0,612900
COALINDIA30JAN20205CE.NFO,07/01/2020,09:37:03,4.95,4.8,2700,4.95,2700,0,612900
COALINDIA30JAN20205CE.NFO,07/01/2020,09:37:08,4.95,4.8,2700,4.9,10800,0,612900
COALINDIA30JAN20205CE.NFO,07/01/2020,09:37:12,4.8,4.8,2700,4.95,5400,10800,612900
COALINDIA30JAN20205CE.NFO,07/01/2020,09:37:17,4.8,4.8,2700,4.95,5400,0,612900
COALINDIA30JAN20205CE.NFO,07/01/2020,09:37:22,4.8,4.8,2700,4.95,2700,0,612900
COALINDIA30JAN20205CE.NFO,07/01/2020,09:38:10,4.8,4.85,2700,4.95,2700,0,612900
COALINDIA30JAN20205CE.NFO,07/01/2020,09:38:25,4.8,4.85,2700,4.95,5400,0,612900
COALINDIA30JAN20205CE.NFO,07/01/2020,09:38:43,4.8,4.95,5400,5,2700,0,612900
COALINDIA30JAN20205CE.NFO,07/01/2020,09:39:02,4.8,4.95,8100,5,2700,0,612900
COALINDIA30JAN20205CE.NFO,07/01/2020,09:39:07,4.8,4.95,5400,5,2700,0,612900
COALINDIA30JAN20205CE.NFO,07/01/2020,09:39:22,5,4.95,2700,5.05,2700,2700,615600
COALINDIA30JAN20205CE.NFO,07/01/2020,09:39:28,5,5,2700,5.1,10800,0,615600
COALINDIA30JAN20205CE.NFO,07/01/2020,09:39:38,5,4.95,2700,5,10800,0,615600
COALINDIA30JAN20205CE.NFO,07/01/2020,09:39:57,5,4.95,2700,5,5400,5400,615600
COALINDIA30JAN20205CE.NFO,07/01/2020,09:40:01,5,4.95,2700,5.05,2700,5400,615600
COALINDIA30JAN20205CE.NFO,07/01/2020,09:40:07,5.05,5,5400,5.1,8100,2700,615600
COALINDIA30JAN20205CE.NFO,07/01/2020,09:40:12,5.05,5,5400,5.1,8100,0,615600
COALINDIA30JAN20205CE.NFO,07/01/2020,09:40:24,5,4.9,5400,5.05,5400,2700,615600
COALINDIA30JAN20205CE.NFO,07/01/2020,09:40:29,5,4.95,2700,5.1,13500,0,615600
COALINDIA30JAN20205CE.NFO,07/01/2020,09:40:44,5,4.95,5400,5.05,2700,0,615600
COALINDIA30JAN20205CE.NFO,07/01/2020,09:40:49,5,4.95,8100,5.1,13500,0,615600
COALINDIA30JAN20205CE.NFO,07/01/2020,09:40:58,5,4.95,8100,5.1,8100,0,615600
COALINDIA30JAN20205CE.NFO,07/01/2020,09:41:03,5,5,5400,5.1,8100,0,615600
COALINDIA30JAN20205CE.NFO,07/01/2020,09:41:09,5,5,5400,5.1,10800,0,615600
COALINDIA30JAN20205CE.NFO,07/01/2020,09:41:14,5,5,5400,5.1,8100,0,615600
COALINDIA30JAN20205CE.NFO,07/01/2020,09:41:29,5,5,5400,5.1,10800,0,615600
COALINDIA30JAN20205CE.NFO,07/01/2020,09:41:34,5,5,2700,5.1,10800,0,615600
COALINDIA30JAN20205CE.NFO,07/01/2020,09:41:42,5,5,2700,5.1,13500,0,615600
COALINDIA30JAN20205CE.NFO,07/01/2020,09:41:47,5.05,5,2700,5.1,10800,2700,618300
COALINDIA30JAN20205CE.NFO,07/01/2020,09:41:52,5.05,5,5400,5.1,5400,0,618300
COALINDIA30JAN20205CE.NFO,07/01/2020,09:41:58,5.05,5,5400,5.1,8100,0,618300
COALINDIA30JAN20205CE.NFO,07/01/2020,09:42:05,5,4.95,5400,5.05,5400,10800,618300
COALINDIA30JAN20205CE.NFO,07/01/2020,09:42:11,5,4.95,5400,5.05,5400,0,618300
COALINDIA30JAN20205CE.NFO,07/01/2020,09:42:32,5,4.95,5400,5.05,2700,0,618300
COALINDIA30JAN20205CE.NFO,07/01/2020,09:42:40,5,5,5400,5.1,8100,0,618300
COALINDIA30JAN20205CE.NFO,07/01/2020,09:42:46,5,5,2700,5.1,8100,0,618300
COALINDIA30JAN20205CE.NFO,07/01/2020,09:42:52,5,5,2700,5.1,8100,2700,618300
COALINDIA30JAN20205CE.NFO,07/01/2020,09:42:58,5,4.95,8100,5.05,2700,0,618300
COALINDIA30JAN20205CE.NFO,07/01/2020,09:43:03,5,5.05,2700,5.1,5400,0,618300
COALINDIA30JAN20205CE.NFO,07/01/2020,09:43:10,5,5,8100,5.1,8100,0,618300
COALINDIA30JAN20205CE.NFO,07/01/2020,09:43:15,5.05,5,8100,5.1,8100,2700,618300
COALINDIA30JAN20205CE.NFO,07/01/2020,09:43:20,5.05,5,8100,5.1,8100,0,618300
COALINDIA30JAN20205CE.NFO,07/01/2020,09:43:25,5.05,5,5400,5.1,8100,2700,618300
COALINDIA30JAN20205CE.NFO,07/01/2020,09:43:31,5.05,5,5400,5.1,8100,0,618300
COALINDIA30JAN20205CE.NFO,07/01/2020,09:43:35,5.05,5.05,2700,5.1,5400,0,618300
COALINDIA30JAN20205CE.NFO,07/01/2020,09:43:45,5.1,5.05,5400,5.15,5400,5400,618300
COALINDIA30JAN20205CE.NFO,07/01/2020,09:43:50,5.1,5.05,5400,5.15,5400,0,618300
COALINDIA30JAN20205CE.NFO,07/01/2020,09:44:00,5.1,5.05,2700,5.15,5400,0,618300
COALINDIA30JAN20205CE.NFO,07/01/2020,09:44:11,5.1,5.05,8100,5.15,5400,0,618300
COALINDIA30JAN20205CE.NFO,07/01/2020,09:44:27,5.1,5.05,2700,5.15,8100,0,618300
COALINDIA30JAN20205CE.NFO,07/01/2020,09:44:33,5,4.95,8100,5.1,8100,2700,618300
COALINDIA30JAN20205CE.NFO,07/01/2020,09:44:38,5,4.95,8100,5.05,2700,0,618300
COALINDIA30JAN20205CE.NFO,07/01/2020,09:44:44,5,4.95,5400,5.05,2700,0,618300
COALINDIA30JAN20205CE.NFO,07/01/2020,09:44:54,5.05,5,2700,5.1,2700,2700,618300
COALINDIA30JAN20205CE.NFO,07/01/2020,09:45:00,5.05,5,5400,5.05,2700,0,618300
COALINDIA30JAN20205CE.NFO,07/01/2020,09:45:05,5.05,5,2700,5.05,2700,2700,618300
COALINDIA30JAN20205CE.NFO,07/01/2020,09:45:12,5.05,5,2700,5.05,2700,0,618300
COALINDIA30JAN20205CE.NFO,07/01/2020,09:45:24,5.05,4.95,2700,5,2700,0,618300
COALINDIA30JAN20205CE.NFO,07/01/2020,09:45:29,5.05,5,2700,5.05,2700,0,618300
COALINDIA30JAN20205CE.NFO,07/01/2020,09:45:34,5.05,5,5400,5.1,5400,0,618300
COALINDIA30JAN20205CE.NFO,07/01/2020,09:45:48,5.05,5.05,2700,5.1,5400,0,618300
COALINDIA30JAN20205CE.NFO,07/01/2020,09:46:02,5.05,5.05,2700,5.1,2700,0,618300
COALINDIA30JAN20205CE.NFO,07/01/2020,09:46:11,5.05,5.05,5400,5.1,2700,0,618300
COALINDIA30JAN20205CE.NFO,07/01/2020,09:46:16,5.1,5.1,2700,5.15,5400,2700,618300
COALINDIA30JAN20205CE.NFO,07/01/2020,09:46:20,5.1,5.1,2700,5.15,5400,0,618300
COALINDIA30JAN20205CE.NFO,07/01/2020,09:46:26,5.1,5.1,5400,5.15,5400,0,618300
COALINDIA30JAN20205CE.NFO,07/01/2020,09:46:31,5.15,5.1,5400,5.2,2700,2700,618300
COALINDIA30JAN20205CE.NFO,07/01/2020,09:46:31,5.15,5.1,5400,5.2,2700,0,618300
COALINDIA30JAN20205CE.NFO,07/01/2020,09:46:37,5.1,5.1,2700,5.15,2700,2700,618300
COALINDIA30JAN20205CE.NFO,07/01/2020,09:46:42,5.1,5.1,2700,5.15,2700,0,618300
COALINDIA30JAN20205CE.NFO,07/01/2020,09:47:05,5.1,5.1,5400,5.2,5400,0,618300
COALINDIA30JAN20205CE.NFO,07/01/2020,09:47:09,5.25,5.15,2700,5.25,2700,2700,618300
COALINDIA30JAN20205CE.NFO,07/01/2020,09:47:09,5.25,5.15,2700,5.25,2700,0,618300
COALINDIA30JAN20205CE.NFO,07/01/2020,09:47:35,5.25,5.15,2700,5.25,2700,0,618300
COALINDIA30JAN20205CE.NFO,07/01/2020,09:47:40,5.25,5.15,2700,5.2,2700,0,618300
COALINDIA30JAN20205CE.NFO,07/01/2020,09:47:50,5.2,5.15,5400,5.25,2700,2700,615600
COALINDIA30JAN20205CE.NFO,07/01/2020,09:47:59,5.2,5.15,5400,5.25,2700,0,615600
COALINDIA30JAN20205CE.NFO,07/01/2020,09:48:32,5.2,5.05,5400,5.15,2700,0,615600
COALINDIA30JAN20205CE.NFO,07/01/2020,09:48:42,5.2,5,8100,5.15,10800,0,615600
COALINDIA30JAN20205CE.NFO,07/01/2020,09:48:46,5.2,5.05,2700,5.15,8100,0,615600
COALINDIA30JAN20205CE.NFO,07/01/2020,09:48:50,5.2,5,8100,5.15,8100,0,615600
COALINDIA30JAN20205CE.NFO,07/01/2020,09:48:54,5.2,5.05,5400,5.15,2700,0,615600
COALINDIA30JAN20205CE.NFO,07/01/2020,09:48:58,5.2,5,5400,5.1,2700,0,615600
COALINDIA30JAN20205CE.NFO,07/01/2020,09:49:07,5.2,5,2700,5.1,2700,0,615600
COALINDIA30JAN20205CE.NFO,07/01/2020,09:49:11,5.2,5,5400,5.1,2700,0,615600
COALINDIA30JAN20205CE.NFO,07/01/2020,09:49:28,5.2,5,2700,5.1,2700,0,615600
COALINDIA30JAN20205CE.NFO,07/01/2020,09:49:34,5,4.9,8100,5.05,8100,2700,615600
COALINDIA30JAN20205CE.NFO,07/01/2020,09:49:39,5,4.95,2700,5.05,2700,0,615600
COALINDIA30JAN20205CE.NFO,07/01/2020,09:49:54,5,5,5400,5.1,2700,0,615600
COALINDIA30JAN20205CE.NFO,07/01/2020,09:50:00,5,5.05,5400,5.1,2700,0,615600
COALINDIA30JAN20205CE.NFO,07/01/2020,09:50:04,5,5,2700,5.1,2700,0,615600
COALINDIA30JAN20205CE.NFO,07/01/2020,09:50:08,5,5.05,5400,5.1,2700,0,615600
COALINDIA30JAN20205CE.NFO,07/01/2020,09:50:34,5.1,5.1,2700,5.15,2700,2700,615600
COALINDIA30JAN20205CE.NFO,07/01/2020,09:50:37,5.1,5.05,5400,5.15,5400,0,615600
COALINDIA30JAN20205CE.NFO,07/01/2020,09:50:47,5.1,5.05,5400,5.1,2700,0,615600
COALINDIA30JAN20205CE.NFO,07/01/2020,09:50:57,5.1,5.05,2700,5.15,2700,2700,615600
COALINDIA30JAN20205CE.NFO,07/01/2020,09:51:19,5.1,5.05,5400,5.15,5400,0,615600
COALINDIA30JAN20205CE.NFO,07/01/2020,09:51:23,5.1,5.05,2700,5.1,2700,0,615600
COALINDIA30JAN20205CE.NFO,07/01/2020,09:52:13,5.1,5.05,2700,5.15,2700,0,615600
COALINDIA30JAN20205CE.NFO,07/01/2020,09:52:17,5.1,5.05,2700,5.1,2700,0,615600
COALINDIA30JAN20205CE.NFO,07/01/2020,09:52:21,5.05,5,2700,5.1,2700,2700,615600
COALINDIA30JAN20205CE.NFO,07/01/2020,09:52:26,5.05,5,2700,5.05,2700,0,615600
COALINDIA30JAN20205CE.NFO,07/01/2020,09:52:31,5,5,2700,5.1,2700,2700,615600
COALINDIA30JAN20205CE.NFO,07/01/2020,09:52:36,5,5,2700,5.1,2700,0,615600
COALINDIA30JAN20205CE.NFO,07/01/2020,09:52:54,5,5,8100,5.15,5400,0,615600
COALINDIA30JAN20205CE.NFO,07/01/2020,09:53:06,5,5,5400,5.1,2700,0,615600
COALINDIA30JAN20205CE.NFO,07/01/2020,09:53:21,5,5,2700,5.1,2700,0,615600
COALINDIA30JAN20205CE.NFO,07/01/2020,09:53:26,5,5,2700,5.1,5400,0,615600
COALINDIA30JAN20205CE.NFO,07/01/2020,09:53:35,5,4.95,2700,5.05,2700,0,615600
COALINDIA30JAN20205CE.NFO,07/01/2020,09:53:43,5,4.95,2700,5.05,5400,0,615600
COALINDIA30JAN20205CE.NFO,07/01/2020,09:53:52,5,4.9,5400,5.05,2700,0,615600
COALINDIA30JAN20205CE.NFO,07/01/2020,09:54:02,5,4.9,5400,5.05,13500,0,615600
COALINDIA30JAN20205CE.NFO,07/01/2020,09:54:21,5,4.85,5400,5,10800,0,615600
COALINDIA30JAN20205CE.NFO,07/01/2020,09:54:26,5,4.9,2700,5,10800,0,615600
COALINDIA30JAN20205CE.NFO,07/01/2020,09:54:31,5,4.9,2700,5,18900,0,615600
COALINDIA30JAN20205CE.NFO,07/01/2020,09:54:35,5,4.9,2700,5,10800,0,615600
COALINDIA30JAN20205CE.NFO,07/01/2020,09:54:40,5,4.9,2700,5,8100,0,615600
COALINDIA30JAN20205CE.NFO,07/01/2020,09:55:25,5,4.9,2700,4.95,5400,0,615600
COALINDIA30JAN20205CE.NFO,07/01/2020,09:55:29,5,4.9,2700,5,8100,0,615600
COALINDIA30JAN20205CE.NFO,07/01/2020,09:55:33,5,4.9,2700,4.95,2700,0,615600
COALINDIA30JAN20205CE.NFO,07/01/2020,09:55:42,5,4.9,2700,5,8100,0,615600
COALINDIA30JAN20205CE.NFO,07/01/2020,09:56:01,5,4.9,2700,4.95,5400,0,615600
COALINDIA30JAN20205CE.NFO,07/01/2020,09:56:15,5,4.9,2700,4.95,8100,0,615600
COALINDIA30JAN20205CE.NFO,07/01/2020,09:56:25,5,4.9,2700,4.95,5400,0,615600
COALINDIA30JAN20205CE.NFO,07/01/2020,09:56:29,4.9,4.85,5400,4.95,8100,2700,612900
COALINDIA30JAN20205CE.NFO,07/01/2020,09:56:47,4.9,4.85,5400,4.95,8100,0,612900
COALINDIA30JAN20205CE.NFO,07/01/2020,09:57:13,4.9,4.85,5400,4.95,10800,0,612900
COALINDIA30JAN20205CE.NFO,07/01/2020,09:57:17,4.9,4.85,8100,4.95,10800,0,612900
COALINDIA30JAN20205CE.NFO,07/01/2020,09:57:22,4.9,4.85,5400,4.95,10800,0,612900
COALINDIA30JAN20205CE.NFO,07/01/2020,09:58:08,4.9,4.9,2700,5,16200,0,612900
COALINDIA30JAN20205CE.NFO,07/01/2020,09:58:12,4.9,4.9,2700,5,18900,0,612900
COALINDIA30JAN20205CE.NFO,07/01/2020,09:58:23,4.9,4.9,2700,5,5400,0,612900
COALINDIA30JAN20205CE.NFO,07/01/2020,09:58:40,4.9,4.9,2700,5,8100,0,612900
COALINDIA30JAN20205CE.NFO,07/01/2020,09:58:51,4.9,4.85,8100,4.95,2700,0,612900
COALINDIA30JAN20205CE.NFO,07/01/2020,09:59:02,4.9,4.9,5400,5,13500,0,612900
COALINDIA30JAN20205CE.NFO,07/01/2020,09:59:16,4.9,4.85,5400,4.95,2700,0,612900
COALINDIA30JAN20205CE.NFO,07/01/2020,09:59:30,4.9,4.85,2700,4.95,8100,0,612900
COALINDIA30JAN20205CE.NFO,07/01/2020,09:59:34,4.9,4.85,2700,4.95,2700,0,612900
COALINDIA30JAN20205CE.NFO,07/01/2020,09:59:39,4.9,4.85,2700,4.95,8100,0,612900
COALINDIA30JAN20205CE.NFO,07/01/2020,09:59:45,4.9,4.85,5400,4.95,2700,0,612900
COALINDIA30JAN20205CE.NFO,07/01/2020,10:00:24,4.9,4.85,5400,5,10800,0,612900
COALINDIA30JAN20205CE.NFO,07/01/2020,10:00:42,4.9,4.85,8100,4.95,2700,0,612900
COALINDIA30JAN20205CE.NFO,07/01/2020,10:00:49,4.85,4.8,2700,4.9,5400,2700,615600
COALINDIA30JAN20205CE.NFO,07/01/2020,10:00:55,4.85,4.8,2700,4.9,5400,0,615600
COALINDIA30JAN20205CE.NFO,07/01/2020,10:01:01,4.85,4.8,2700,4.9,2700,0,615600
COALINDIA30JAN20205CE.NFO,07/01/2020,10:01:07,4.85,4.8,5400,4.9,2700,0,615600
COALINDIA30JAN20205CE.NFO,07/01/2020,10:01:18,4.85,4.8,5400,4.9,5400,0,615600
COALINDIA30JAN20205CE.NFO,07/01/2020,10:01:24,4.85,4.8,5400,4.9,8100,0,615600
COALINDIA30JAN20205CE.NFO,07/01/2020,10:02:15,4.85,4.8,5400,4.9,5400,0,615600
COALINDIA30JAN20205CE.NFO,07/01/2020,10:02:25,4.85,4.8,2700,4.85,2700,0,615600
COALINDIA30JAN20205CE.NFO,07/01/2020,10:02:36,4.85,4.8,2700,4.85,5400,0,615600
COALINDIA30JAN20205CE.NFO,07/01/2020,10:02:41,4.85,4.8,2700,4.85,5400,2700,615600
COALINDIA30JAN20205CE.NFO,07/01/2020,10:02:53,4.85,4.8,5400,4.9,8100,0,615600
COALINDIA30JAN20205CE.NFO,07/01/2020,10:03:05,4.85,4.8,2700,4.85,2700,0,615600
COALINDIA30JAN20205CE.NFO,07/01/2020,10:03:35,4.85,4.8,8100,4.9,5400,0,615600
COALINDIA30JAN20205CE.NFO,07/01/2020,10:03:40,4.85,4.8,5400,4.9,5400,0,615600
COALINDIA30JAN20205CE.NFO,07/01/2020,10:03:45,4.85,4.8,5400,4.9,8100,0,615600
COALINDIA30JAN20205CE.NFO,07/01/2020,10:03:59,4.85,4.8,5400,4.9,5400,0,615600
COALINDIA30JAN20205CE.NFO,07/01/2020,10:04:55,4.85,4.8,8100,4.95,2700,0,615600
COALINDIA30JAN20205CE.NFO,07/01/2020,10:05:00,4.85,4.8,10800,4.9,2700,0,615600
COALINDIA30JAN20205CE.NFO,07/01/2020,10:05:04,4.85,4.8,10800,4.95,8100,0,615600
COALINDIA30JAN20205CE.NFO,07/01/2020,10:05:07,4.85,4.8,10800,4.9,2700,0,615600
COALINDIA30JAN20205CE.NFO,07/01/2020,10:05:28,4.85,4.85,5400,4.95,8100,0,615600
COALINDIA30JAN20205CE.NFO,07/01/2020,10:06:11,4.9,4.85,5400,4.95,8100,2700,615600
COALINDIA30JAN20205CE.NFO,07/01/2020,10:06:15,4.9,4.85,5400,4.9,5400,0,615600
COALINDIA30JAN20205CE.NFO,07/01/2020,10:06:19,4.9,4.85,5400,4.9,2700,0,615600
COALINDIA30JAN20205CE.NFO,07/01/2020,10:06:23,4.9,4.85,5400,4.95,8100,0,615600
COALINDIA30JAN20205CE.NFO,07/01/2020,10:06:28,4.9,4.85,5400,4.9,2700,0,615600
COALINDIA30JAN20205CE.NFO,07/01/2020,10:06:39,4.9,4.85,5400,4.9,5400,0,615600
COALINDIA30JAN20205CE.NFO,07/01/2020,10:06:49,4.85,4.8,2700,4.9,10800,5400,615600
COALINDIA30JAN20205CE.NFO,07/01/2020,10:07:04,4.85,4.8,2700,4.85,5400,0,615600
COALINDIA30JAN20205CE.NFO,07/01/2020,10:07:10,4.85,4.8,5400,4.9,10800,0,615600
COALINDIA30JAN20205CE.NFO,07/01/2020,10:07:20,4.85,4.8,2700,4.85,10800,0,615600
COALINDIA30JAN20205CE.NFO,07/01/2020,10:07:25,4.85,4.8,2700,4.85,10800,2700,615600
COALINDIA30JAN20205CE.NFO,07/01/2020,10:07:30,4.8,4.75,2700,4.85,10800,2700,615600
COALINDIA30JAN20205CE.NFO,07/01/2020,10:07:36,4.8,4.75,2700,4.85,8100,0,615600
COALINDIA30JAN20205CE.NFO,07/01/2020,10:07:41,4.8,4.8,2700,4.9,5400,0,615600
COALINDIA30JAN20205CE.NFO,07/01/2020,10:07:50,4.8,4.8,5400,4.95,8100,0,615600
COALINDIA30JAN20205CE.NFO,07/01/2020,10:07:56,4.8,4.8,8100,4.9,2700,0,615600
COALINDIA30JAN20205CE.NFO,07/01/2020,10:08:01,4.8,4.8,8100,4.95,8100,0,615600
COALINDIA30JAN20205CE.NFO,07/01/2020,10:08:14,4.9,4.85,5400,4.95,8100,2700,615600
COALINDIA30JAN20205CE.NFO,07/01/2020,10:08:29,4.9,4.85,5400,4.95,5400,0,615600
COALINDIA30JAN20205CE.NFO,07/01/2020,10:08:39,4.9,4.85,2700,5,13500,0,615600
COALINDIA30JAN20205CE.NFO,07/01/2020,10:08:44,4.9,4.9,2700,5,13500,0,615600
COALINDIA30JAN20205CE.NFO,07/01/2020,10:09:01,4.9,4.9,2700,5,10800,0,615600
COALINDIA30JAN20205CE.NFO,07/01/2020,10:09:06,4.9,4.95,2700,5,2700,0,615600
COALINDIA30JAN20205CE.NFO,07/01/2020,10:09:10,4.9,4.95,2700,5,5400,0,615600
COALINDIA30JAN20205CE.NFO,07/01/2020,10:09:23,4.9,4.9,2700,5,10800,0,615600
COALINDIA30JAN20205CE.NFO,07/01/2020,10:09:33,4.9,4.95,2700,5,5400,0,615600
COALINDIA30JAN20205CE.NFO,07/01/2020,10:09:37,5,4.9,2700,5.05,8100,2700,621000
COALINDIA30JAN20205CE.NFO,07/01/2020,10:09:41,5,4.95,2700,5.05,10800,0,621000
COALINDIA30JAN20205CE.NFO,07/01/2020,10:09:54,5,4.95,2700,5.1,10800,0,621000
COALINDIA30JAN20205CE.NFO,07/01/2020,10:09:59,5,5,2700,5.1,8100,0,621000
COALINDIA30JAN20205CE.NFO,07/01/2020,10:10:10,5,5,2700,5.1,5400,0,621000
COALINDIA30JAN20205CE.NFO,07/01/2020,10:10:24,5.05,5,5400,5.1,5400,2700,621000
COALINDIA30JAN20205CE.NFO,07/01/2020,10:10:28,5.05,5.05,2700,5.15,10800,0,621000
COALINDIA30JAN20205CE.NFO,07/01/2020,10:10:41,5.05,5,5400,5.1,2700,0,621000
COALINDIA30JAN20205CE.NFO,07/01/2020,10:10:51,5.05,5,2700,5.1,2700,0,621000
COALINDIA30JAN20205CE.NFO,07/01/2020,10:10:57,5.05,5,5400,5.1,2700,0,621000
COALINDIA30JAN20205CE.NFO,07/01/2020,10:11:00,5.05,5,8100,5.1,2700,0,621000
COALINDIA30JAN20205CE.NFO,07/01/2020,10:11:08,5.05,5,2700,5.15,5400,0,621000
COALINDIA30JAN20205CE.NFO,07/01/2020,10:11:12,5.05,5,8100,5.1,2700,0,621000
COALINDIA30JAN20205CE.NFO,07/01/2020,10:11:20,5.05,5,5400,5.1,2700,0,621000
COALINDIA30JAN20205CE.NFO,07/01/2020,10:11:24,5.1,5.05,2700,5.2,10800,2700,618300
COALINDIA30JAN20205CE.NFO,07/01/2020,10:11:28,5.1,5.05,5400,5.2,18900,0,618300
COALINDIA30JAN20205CE.NFO,07/01/2020,10:11:31,5.1,5.1,2700,5.15,2700,0,618300
COALINDIA30JAN20205CE.NFO,07/01/2020,10:11:36,5.1,5.15,2700,5.2,13500,0,618300
COALINDIA30JAN20205CE.NFO,07/01/2020,10:11:44,5.15,5.1,5400,5.2,5400,2700,618300
COALINDIA30JAN20205CE.NFO,07/01/2020,10:11:48,5.15,5.1,2700,5.2,5400,0,618300
COALINDIA30JAN20205CE.NFO,07/01/2020,10:11:56,5.15,5.1,5400,5.2,5400,0,618300
COALINDIA30JAN20205CE.NFO,07/01/2020,10:12:25,5.2,5.15,5400,5.25,2700,2700,618300
COALINDIA30JAN20205CE.NFO,07/01/2020,10:12:29,5.2,5.15,5400,5.25,2700,0,618300
COALINDIA30JAN20205CE.NFO,07/01/2020,10:12:34,5.25,5.2,2700,5.3,2700,2700,618300
COALINDIA30JAN20205CE.NFO,07/01/2020,10:12:43,5.25,5.2,2700,5.3,2700,0,618300
COALINDIA30JAN20205CE.NFO,07/01/2020,10:12:58,5.25,5.15,5400,5.3,13500,0,618300
COALINDIA30JAN20205CE.NFO,07/01/2020,10:13:06,5.25,5.1,5400,5.25,2700,0,618300
COALINDIA30JAN20205CE.NFO,07/01/2020,10:13:09,5.25,5.1,5400,5.3,10800,0,618300
COALINDIA30JAN20205CE.NFO,07/01/2020,10:13:14,5.25,5.15,5400,5.3,10800,0,618300
COALINDIA30JAN20205CE.NFO,07/01/2020,10:13:27,5.25,5.15,2700,5.3,10800,0,618300
COALINDIA30JAN20205CE.NFO,07/01/2020,10:13:30,5.25,5.15,2700,5.25,5400,0,618300
COALINDIA30JAN20205CE.NFO,07/01/2020,10:13:34,5.25,5.1,5400,5.25,10800,0,618300
COALINDIA30JAN20205CE.NFO,07/01/2020,10:13:41,5.25,5.15,2700,5.25,5400,0,618300
COALINDIA30JAN20205CE.NFO,07/01/2020,10:13:48,5.25,5.1,8100,5.25,8100,0,618300
COALINDIA30JAN20205CE.NFO,07/01/2020,10:13:54,5.25,5.15,2700,5.25,5400,0,618300
COALINDIA30JAN20205CE.NFO,07/01/2020,10:13:59,5.25,5.1,8100,5.25,5400,0,618300
COALINDIA30JAN20205CE.NFO,07/01/2020,10:14:03,5.25,5.1,8100,5.25,8100,0,618300
COALINDIA30JAN20205CE.NFO,07/01/2020,10:14:08,5.25,5.1,8100,5.25,5400,0,618300
COALINDIA30JAN20205CE.NFO,07/01/2020,10:14:13,5.25,5.15,2700,5.25,5400,0,618300
COALINDIA30JAN20205CE.NFO,07/01/2020,10:14:19,5.25,5.25,2700,5.35,2700,5400,618300
COALINDIA30JAN20205CE.NFO,07/01/2020,10:14:24,5.25,5.25,2700,5.35,2700,0,618300
COALINDIA30JAN20205CE.NFO,07/01/2020,10:14:29,5.35,5.35,2700,5.45,2700,2700,610200
COALINDIA30JAN20205CE.NFO,07/01/2020,10:14:29,5.35,5.35,2700,5.45,2700,0,610200
COALINDIA30JAN20205CE.NFO,07/01/2020,10:14:34,5.35,5.35,2700,5.45,2700,0,610200
COALINDIA30JAN20205CE.NFO,07/01/2020,10:14:39,5.35,5.35,2700,5.45,2700,2700,610200
COALINDIA30JAN20205CE.NFO,07/01/2020,10:14:44,5.35,5.3,5400,5.45,2700,0,610200
COALINDIA30JAN20205CE.NFO,07/01/2020,10:14:57,5.35,5.35,2700,5.45,2700,0,610200
COALINDIA30JAN20205CE.NFO,07/01/2020,10:15:02,5.45,5.35,2700,5.5,8100,10800,610200
COALINDIA30JAN20205CE.NFO,07/01/2020,10:15:02,5.45,5.35,2700,5.5,8100,0,610200
COALINDIA30JAN20205CE.NFO,07/01/2020,10:15:08,5.45,5.35,2700,5.5,5400,0,610200
COALINDIA30JAN20205CE.NFO,07/01/2020,10:15:28,5.45,5.35,2700,5.5,8100,0,610200
COALINDIA30JAN20205CE.NFO,07/01/2020,10:15:38,5.45,5.3,2700,5.45,5400,0,610200
COALINDIA30JAN20205CE.NFO,07/01/2020,10:15:54,5.45,5.35,2700,5.45,2700,0,610200
COALINDIA30JAN20205CE.NFO,07/01/2020,10:15:59,5.3,5.3,5400,5.4,2700,2700,610200
COALINDIA30JAN20205CE.NFO,07/01/2020,10:16:04,5.3,5.3,8100,5.45,2700,0,610200
COALINDIA30JAN20205CE.NFO,07/01/2020,10:16:13,5.3,5.3,5400,5.45,2700,0,610200
COALINDIA30JAN20205CE.NFO,07/01/2020,10:16:20,5.3,5.3,2700,5.4,2700,0,610200
COALINDIA30JAN20205CE.NFO,07/01/2020,10:16:24,5.3,5.3,2700,5.45,2700,0,610200
COALINDIA30JAN20205CE.NFO,07/01/2020,10:16:28,5.3,5.35,2700,5.5,5400,0,610200
COALINDIA30JAN20205CE.NFO,07/01/2020,10:16:33,5.3,5.3,2700,5.5,5400,0,610200
COALINDIA30JAN20205CE.NFO,07/01/2020,10:16:37,5.3,5.25,2700,5.45,2700,0,610200
COALINDIA30JAN20205CE.NFO,07/01/2020,10:16:42,5.3,5.3,5400,5.45,2700,0,610200
COALINDIA30JAN20205CE.NFO,07/01/2020,10:16:50,5.3,5.3,8100,5.45,2700,0,610200
COALINDIA30JAN20205CE.NFO,07/01/2020,10:17:02,5.3,5.3,5400,5.45,2700,0,610200
COALINDIA30JAN20205CE.NFO,07/01/2020,10:17:21,5.3,5.3,8100,5.5,5400,0,610200
COALINDIA30JAN20205CE.NFO,07/01/2020,10:17:26,5.3,5.3,5400,5.5,5400,0,610200
COALINDIA30JAN20205CE.NFO,07/01/2020,10:17:30,5.3,5.3,8100,5.45,2700,0,610200
COALINDIA30JAN20205CE.NFO,07/01/2020,10:18:01,5.3,5.25,5400,5.45,5400,0,610200
COALINDIA30JAN20205CE.NFO,07/01/2020,10:18:05,5.3,5.25,8100,5.45,10800,0,610200
COALINDIA30JAN20205CE.NFO,07/01/2020,10:18:09,5.3,5.35,8100,5.55,2700,0,610200
COALINDIA30JAN20205CE.NFO,07/01/2020,10:18:13,5.3,5.3,5400,5.5,2700,0,610200
COALINDIA30JAN20205CE.NFO,07/01/2020,10:18:17,5.3,5.35,2700,5.6,2700,0,610200
COALINDIA30JAN20205CE.NFO,07/01/2020,10:18:29,5.3,5.4,5400,5.6,2700,0,610200
COALINDIA30JAN20205CE.NFO,07/01/2020,10:18:44,5.3,5.35,5400,5.55,5400,0,610200
COALINDIA30JAN20205CE.NFO,07/01/2020,10:18:49,5.3,5.35,5400,5.55,2700,0,610200
COALINDIA30JAN20205CE.NFO,07/01/2020,10:18:54,5.3,5.4,2700,5.6,2700,0,610200
COALINDIA30JAN20205CE.NFO,07/01/2020,10:18:59,5.3,5.4,5400,5.6,8100,0,610200
COALINDIA30JAN20205CE.NFO,07/01/2020,10:19:04,5.3,5.45,2700,5.6,2700,0,610200
COALINDIA30JAN20205CE.NFO,07/01/2020,10:19:08,5.3,5.45,2700,5.65,2700,0,610200
COALINDIA30JAN20205CE.NFO,07/01/2020,10:19:21,5.3,5.5,2700,5.65,2700,0,610200
COALINDIA30JAN20205CE.NFO,07/01/2020,10:19:31,5.3,5.5,2700,5.6,2700,0,610200
COALINDIA30JAN20205CE.NFO,07/01/2020,10:19:39,5.3,5.5,2700,5.65,2700,0,610200
COALINDIA30JAN20205CE.NFO,07/01/2020,10:19:44,5.3,5.5,2700,5.6,2700,0,610200
COALINDIA30JAN20205CE.NFO,07/01/2020,10:19:53,5.3,5.5,2700,5.65,5400,0,610200
COALINDIA30JAN20205CE.NFO,07/01/2020,10:19:58,5.3,5.5,2700,5.65,2700,0,610200
COALINDIA30JAN20205CE.NFO,07/01/2020,10:20:02,5.3,5.5,2700,5.6,2700,0,610200
COALINDIA30JAN20205CE.NFO,07/01/2020,10:20:07,5.3,5.5,2700,5.65,5400,0,610200
COALINDIA30JAN20205CE.NFO,07/01/2020,10:20:11,5.3,5.5,2700,5.65,13500,0,610200
COALINDIA30JAN20205CE.NFO,07/01/2020,10:20:16,5.3,5.5,2700,5.65,2700,0,610200
COALINDIA30JAN20205CE.NFO,07/01/2020,10:20:39,5.3,5.5,5400,5.65,2700,0,610200
COALINDIA30JAN20205CE.NFO,07/01/2020,10:20:48,5.3,5.55,2700,5.65,2700,0,610200
COALINDIA30JAN20205CE.NFO,07/01/2020,10:21:10,5.3,5.55,2700,5.65,5400,0,610200
COALINDIA30JAN20205CE.NFO,07/01/2020,10:21:22,5.3,5.55,2700,5.65,2700,0,610200
COALINDIA30JAN20205CE.NFO,07/01/2020,10:21:26,5.3,5.55,5400,5.65,2700,0,610200
COALINDIA30JAN20205CE.NFO,07/01/2020,10:21:33,5.3,5.55,10800,5.65,2700,0,610200
COALINDIA30JAN20205CE.NFO,07/01/2020,10:21:37,5.65,5.6,5400,5.75,8100,2700,612900
COALINDIA30JAN20205CE.NFO,07/01/2020,10:21:37,5.65,5.6,5400,5.75,8100,0,612900
COALINDIA30JAN20205CE.NFO,07/01/2020,10:21:41,5.65,5.6,5400,5.75,13500,0,612900
COALINDIA30JAN20205CE.NFO,07/01/2020,10:21:45,5.65,5.6,5400,5.75,18900,0,612900
COALINDIA30JAN20205CE.NFO,07/01/2020,10:21:53,5.65,5.6,5400,5.75,8100,0,612900
COALINDIA30JAN20205CE.NFO,07/01/2020,10:21:57,5.65,5.65,2700,5.75,8100,0,612900
COALINDIA30JAN20205CE.NFO,07/01/2020,10:22:05,5.65,5.65,2700,5.75,5400,0,612900
COALINDIA30JAN20205CE.NFO,07/01/2020,10:22:10,5.65,5.7,2700,5.75,5400,0,612900
COALINDIA30JAN20205CE.NFO,07/01/2020,10:22:15,5.75,5.65,8100,5.8,2700,10800,612900
COALINDIA30JAN20205CE.NFO,07/01/2020,10:22:15,5.75,5.65,8100,5.8,2700,0,612900
COALINDIA30JAN20205CE.NFO,07/01/2020,10:22:19,5.75,5.75,2700,5.8,2700,0,612900
COALINDIA30JAN20205CE.NFO,07/01/2020,10:22:23,5.75,5.65,8100,5.7,2700,2700,612900
COALINDIA30JAN20205CE.NFO,07/01/2020,10:22:27,5.75,5.65,8100,5.75,8100,0,612900
COALINDIA30JAN20205CE.NFO,07/01/2020,10:22:31,5.75,5.65,8100,5.75,2700,2700,612900
COALINDIA30JAN20205CE.NFO,07/01/2020,10:22:35,5.75,5.65,8100,5.8,16200,0,612900
COALINDIA30JAN20205CE.NFO,07/01/2020,10:22:40,5.75,5.65,8100,5.75,2700,0,612900
COALINDIA30JAN20205CE.NFO,07/01/2020,10:23:08,5.75,5.7,2700,5.8,5400,0,612900
COALINDIA30JAN20205CE.NFO,07/01/2020,10:23:20,5.75,5.65,5400,5.8,5400,0,612900
COALINDIA30JAN20205CE.NFO,07/01/2020,10:23:25,5.75,5.7,2700,5.8,5400,2700,618300
COALINDIA30JAN20205CE.NFO,07/01/2020,10:23:30,5.75,5.65,5400,5.8,5400,0,618300
COALINDIA30JAN20205CE.NFO,07/01/2020,10:23:42,5.8,5.7,2700,5.8,2700,2700,618300
COALINDIA30JAN20205CE.NFO,07/01/2020,10:23:42,5.8,5.7,2700,5.8,2700,0,618300
COALINDIA30JAN20205CE.NFO,07/01/2020,10:23:51,5.8,5.65,8100,5.8,2700,2700,618300
COALINDIA30JAN20205CE.NFO,07/01/2020,10:23:55,5.8,5.65,8100,5.8,2700,0,618300
COALINDIA30JAN20205CE.NFO,07/01/2020,10:24:00,5.65,5.6,2700,5.75,5400,8100,618300
COALINDIA30JAN20205CE.NFO,07/01/2020,10:24:04,5.65,5.6,5400,5.75,2700,0,618300
COALINDIA30JAN20205CE.NFO,07/01/2020,10:24:07,5.65,5.65,2700,5.75,2700,0,618300
COALINDIA30JAN20205CE.NFO,07/01/2020,10:24:11,5.65,5.65,2700,5.8,5400,0,618300
COALINDIA30JAN20205CE.NFO,07/01/2020,10:24:19,5.65,5.6,5400,5.75,8100,0,618300
COALINDIA30JAN20205CE.NFO,07/01/2020,10:24:23,5.65,5.65,2700,5.75,2700,0,618300
COALINDIA30JAN20205CE.NFO,07/01/2020,10:24:40,5.65,5.65,2700,5.75,5400,0,618300
COALINDIA30JAN20205CE.NFO,07/01/2020,10:24:57,5.7,5.65,2700,5.75,5400,2700,618300
COALINDIA30JAN20205CE.NFO,07/01/2020,10:25:05,5.7,5.6,5400,5.75,5400,8100,618300
COALINDIA30JAN20205CE.NFO,07/01/2020,10:25:09,5.7,5.6,5400,5.75,5400,0,618300
COALINDIA30JAN20205CE.NFO,07/01/2020,10:25:12,5.7,5.65,2700,5.75,5400,0,618300
COALINDIA30JAN20205CE.NFO,07/01/2020,10:25:21,5.7,5.7,2700,5.75,5400,0,618300
COALINDIA30JAN20205CE.NFO,07/01/2020,10:25:26,5.7,5.6,2700,5.75,5400,2700,618300
COALINDIA30JAN20205CE.NFO,07/01/2020,10:25:30,5.7,5.6,2700,5.75,5400,0,618300
COALINDIA30JAN20205CE.NFO,07/01/2020,10:25:41,5.7,5.6,8100,5.75,5400,0,618300
COALINDIA30JAN20205CE.NFO,07/01/2020,10:25:47,5.75,5.6,2700,5.7,5400,2700,618300
COALINDIA30JAN20205CE.NFO,07/01/2020,10:25:52,5.75,5.6,2700,5.7,2700,0,618300
COALINDIA30JAN20205CE.NFO,07/01/2020,10:26:21,5.6,5.55,2700,5.7,2700,2700,618300
COALINDIA30JAN20205CE.NFO,07/01/2020,10:26:25,5.6,5.55,2700,5.7,2700,0,618300
COALINDIA30JAN20205CE.NFO,07/01/2020,10:26:47,5.6,5.55,2700,5.7,2700,2700,629100
COALINDIA30JAN20205CE.NFO,07/01/2020,10:26:54,5.75,5.55,2700,5.7,2700,8100,629100
COALINDIA30JAN20205CE.NFO,07/01/2020,10:27:01,5.75,5.6,2700,5.65,2700,0,629100
COALINDIA30JAN20205CE.NFO,07/01/2020,10:27:08,5.75,5.6,5400,5.65,2700,0,629100
COALINDIA30JAN20205CE.NFO,07/01/2020,10:28:06,5.6,5.5,10800,5.65,10800,8100,629100
COALINDIA30JAN20205CE.NFO,07/01/2020,10:28:10,5.6,5.5,13500,5.65,8100,0,629100
COALINDIA30JAN20205CE.NFO,07/01/2020,10:28:26,5.65,5.6,2700,5.65,2700,2700,629100
COALINDIA30JAN20205CE.NFO,07/01/2020,10:28:30,5.6,5.5,10800,5.65,8100,2700,629100
COALINDIA30JAN20205CE.NFO,07/01/2020,10:28:34,5.6,5.5,10800,5.65,8100,0,629100
COALINDIA30JAN20205CE.NFO,07/01/2020,10:28:51,5.6,5.5,13500,5.65,8100,0,629100
COALINDIA30JAN20205CE.NFO,07/01/2020,10:28:54,5.6,5.5,10800,5.65,8100,0,629100
COALINDIA30JAN20205CE.NFO,07/01/2020,10:29:28,5.6,5.5,10800,5.6,2700,0,629100
COALINDIA30JAN20205CE.NFO,07/01/2020,10:29:39,5.6,5.5,8100,5.6,2700,0,629100
COALINDIA30JAN20205CE.NFO,07/01/2020,10:29:43,5.6,5.5,10800,5.6,2700,0,629100
COALINDIA30JAN20205CE.NFO,07/01/2020,10:29:58,5.6,5.5,10800,5.6,5400,0,629100
COALINDIA30JAN20205CE.NFO,07/01/2020,10:30:01,5.6,5.5,8100,5.6,5400,0,629100
COALINDIA30JAN20205CE.NFO,07/01/2020,10:30:18,5.6,5.5,10800,5.6,5400,0,629100
COALINDIA30JAN20205CE.NFO,07/01/2020,10:30:22,5.6,5.5,10800,5.6,2700,0,629100
COALINDIA30JAN20205CE.NFO,07/01/2020,10:30:34,5.55,5.5,8100,5.6,2700,2700,642600
COALINDIA30JAN20205CE.NFO,07/01/2020,10:30:38,5.55,5.5,8100,5.6,2700,2700,642600
COALINDIA30JAN20205CE.NFO,07/01/2020,10:30:49,5.55,5.5,8100,5.6,2700,0,642600
COALINDIA30JAN20205CE.NFO,07/01/2020,10:30:55,5.55,5.5,8100,5.65,2700,0,642600
COALINDIA30JAN20205CE.NFO,07/01/2020,10:31:02,5.55,5.5,5400,5.6,5400,0,642600
COALINDIA30JAN20205CE.NFO,07/01/2020,10:31:43,5.55,5.5,2700,5.6,5400,0,642600
COALINDIA30JAN20205CE.NFO,07/01/2020,10:31:47,5.55,5.5,2700,5.6,8100,0,642600
COALINDIA30JAN20205CE.NFO,07/01/2020,10:32:15,5.55,5.5,2700,5.6,5400,0,642600
COALINDIA30JAN20205CE.NFO,07/01/2020,10:32:29,5.5,5.45,10800,5.5,5400,2700,639900
COALINDIA30JAN20205CE.NFO,07/01/2020,10:32:34,5.5,5.45,10800,5.5,2700,0,639900
COALINDIA30JAN20205CE.NFO,07/01/2020,10:32:52,5.45,5.45,8100,5.5,2700,2700,639900
COALINDIA30JAN20205CE.NFO,07/01/2020,10:32:55,5.45,5.45,8100,5.5,2700,0,639900
COALINDIA30JAN20205CE.NFO,07/01/2020,10:33:06,5.45,5.45,8100,5.5,5400,0,639900
COALINDIA30JAN20205CE.NFO,07/01/2020,10:33:08,5.45,5.45,8100,5.5,8100,0,639900
COALINDIA30JAN20205CE.NFO,07/01/2020,10:33:11,5.45,5.45,8100,5.5,5400,0,639900
COALINDIA30JAN20205CE.NFO,07/01/2020,10:33:14,5.45,5.45,8100,5.5,10800,0,639900
COALINDIA30JAN20205CE.NFO,07/01/2020,10:33:16,5.45,5.45,8100,5.5,8100,0,639900
COALINDIA30JAN20205CE.NFO,07/01/2020,10:33:37,5.45,5.45,8100,5.5,10800,0,639900
COALINDIA30JAN20205CE.NFO,07/01/2020,10:33:40,5.45,5.45,5400,5.5,10800,2700,639900
COALINDIA30JAN20205CE.NFO,07/01/2020,10:33:51,5.45,5.45,5400,5.5,10800,0,639900
COALINDIA30JAN20205CE.NFO,07/01/2020,10:34:10,5.45,5.45,5400,5.5,13500,0,639900
COALINDIA30JAN20205CE.NFO,07/01/2020,10:34:12,5.45,5.45,5400,5.5,10800,0,639900
COALINDIA30JAN20205CE.NFO,07/01/2020,10:34:17,5.5,5.45,5400,5.5,5400,2700,639900
COALINDIA30JAN20205CE.NFO,07/01/2020,10:34:24,5.5,5.45,5400,5.5,5400,0,639900
COALINDIA30JAN20205CE.NFO,07/01/2020,10:34:38,5.5,5.45,5400,5.5,5400,2700,639900
COALINDIA30JAN20205CE.NFO,07/01/2020,10:34:42,5.55,5.5,10800,5.65,2700,10800,639900
COALINDIA30JAN20205CE.NFO,07/01/2020,10:34:46,5.55,5.5,10800,5.65,2700,0,639900
COALINDIA30JAN20205CE.NFO,07/01/2020,10:35:01,5.55,5.5,10800,5.65,8100,0,639900
COALINDIA30JAN20205CE.NFO,07/01/2020,10:35:07,5.55,5.5,10800,5.6,2700,0,639900
COALINDIA30JAN20205CE.NFO,07/01/2020,10:35:27,5.55,5.5,10800,5.65,2700,0,639900
COALINDIA30JAN20205CE.NFO,07/01/2020,10:35:44,5.55,5.5,8100,5.6,2700,0,639900
COALINDIA30JAN20205CE.NFO,07/01/2020,10:35:54,5.55,5.5,10800,5.65,2700,0,639900
COALINDIA30JAN20205CE.NFO,07/01/2020,10:35:57,5.55,5.55,2700,5.65,2700,0,639900
COALINDIA30JAN20205CE.NFO,07/01/2020,10:36:00,5.6,5.55,2700,5.65,2700,2700,648000
COALINDIA30JAN20205CE.NFO,07/01/2020,10:36:09,5.6,5.55,2700,5.65,2700,0,648000
COALINDIA30JAN20205CE.NFO,07/01/2020,10:36:11,5.6,5.55,2700,5.7,13500,0,648000
COALINDIA30JAN20205CE.NFO,07/01/2020,10:36:14,5.6,5.55,8100,5.7,13500,0,648000
COALINDIA30JAN20205CE.NFO,07/01/2020,10:36:23,5.6,5.55,10800,5.65,2700,0,648000
COALINDIA30JAN20205CE.NFO,07/01/2020,10:36:27,5.6,5.55,5400,5.65,2700,0,648000
COALINDIA30JAN20205CE.NFO,07/01/2020,10:36:47,5.6,5.55,8100,5.65,2700,0,648000
COALINDIA30JAN20205CE.NFO,07/01/2020,10:36:53,5.65,5.6,2700,5.7,2700,2700,648000
COALINDIA30JAN20205CE.NFO,07/01/2020,10:36:55,5.65,5.6,2700,5.7,2700,0,648000
COALINDIA30JAN20205CE.NFO,07/01/2020,10:37:09,5.65,5.6,5400,5.7,2700,0,648000
COALINDIA30JAN20205CE.NFO,07/01/2020,10:37:22,5.65,5.6,8100,5.7,2700,0,648000
COALINDIA30JAN20205CE.NFO,07/01/2020,10:37:33,5.65,5.65,2700,5.7,2700,0,648000
COALINDIA30JAN20205CE.NFO,07/01/2020,10:37:45,5.65,5.6,5400,5.7,2700,0,648000
COALINDIA30JAN20205CE.NFO,07/01/2020,10:38:28,5.65,5.6,2700,5.7,2700,0,648000
COALINDIA30JAN20205CE.NFO,07/01/2020,10:38:31,5.65,5.55,8100,5.7,5400,0,648000
COALINDIA30JAN20205CE.NFO,07/01/2020,10:38:34,5.65,5.55,8100,5.7,8100,0,648000
COALINDIA30JAN20205CE.NFO,07/01/2020,10:39:15,5.5,5.5,13500,5.65,2700,5400,642600
COALINDIA30JAN20205CE.NFO,07/01/2020,10:39:19,5.5,5.5,8100,5.65,2700,0,642600
COALINDIA30JAN20205CE.NFO,07/01/2020,10:39:23,5.5,5.5,5400,5.6,2700,0,642600
COALINDIA30JAN20205CE.NFO,07/01/2020,10:39:30,5.5,5.5,5400,5.65,2700,0,642600
COALINDIA30JAN20205CE.NFO,07/01/2020,10:39:33,5.5,5.5,5400,5.65,5400,0,642600
COALINDIA30JAN20205CE.NFO,07/01/2020,10:40:25,5.5,5.5,5400,5.6,2700,0,642600
COALINDIA30JAN20205CE.NFO,07/01/2020,10:40:27,5.5,5.5,8100,5.6,2700,0,642600
COALINDIA30JAN20205CE.NFO,07/01/2020,10:40:34,5.5,5.45,18900,5.6,5400,0,642600
COALINDIA30JAN20205CE.NFO,07/01/2020,10:40:55,5.5,5.45,8100,5.55,8100,0,642600
COALINDIA30JAN20205CE.NFO,07/01/2020,10:40:57,5.5,5.45,8100,5.55,2700,0,642600
COALINDIA30JAN20205CE.NFO,07/01/2020,10:41:08,5.5,5.45,5400,5.6,16200,0,642600
COALINDIA30JAN20205CE.NFO,07/01/2020,10:41:19,5.5,5.45,13500,5.6,5400,0,642600
COALINDIA30JAN20205CE.NFO,07/01/2020,10:41:23,5.5,5.45,13500,5.6,2700,0,642600
COALINDIA30JAN20205CE.NFO,07/01/2020,10:41:50,5.5,5.5,2700,5.6,2700,0,642600
COALINDIA30JAN20205CE.NFO,07/01/2020,10:41:53,5.6,5.55,2700,5.7,2700,2700,637200
COALINDIA30JAN20205CE.NFO,07/01/2020,10:41:56,5.6,5.55,8100,5.7,2700,0,637200
COALINDIA30JAN20205CE.NFO,07/01/2020,10:42:23,5.6,5.55,5400,5.65,2700,0,637200
COALINDIA30JAN20205CE.NFO,07/01/2020,10:42:28,5.6,5.6,2700,5.65,2700,0,637200
COALINDIA30JAN20205CE.NFO,07/01/2020,10:42:44,5.65,5.6,2700,5.7,2700,2700,637200
COALINDIA30JAN20205CE.NFO,07/01/2020,10:42:49,5.65,5.6,5400,5.65,2700,0,637200
COALINDIA30JAN20205CE.NFO,07/01/2020,10:42:56,5.65,5.6,2700,5.7,2700,2700,637200
COALINDIA30JAN20205CE.NFO,07/01/2020,10:42:58,5.7,5.6,2700,5.75,18900,2700,637200
COALINDIA30JAN20205CE.NFO,07/01/2020,10:43:00,5.7,5.6,2700,5.75,18900,0,637200
COALINDIA30JAN20205CE.NFO,07/01/2020,10:43:02,5.7,5.6,2700,5.75,21600,0,637200
COALINDIA30JAN20205CE.NFO,07/01/2020,10:43:12,5.75,5.6,2700,5.75,18900,2700,637200
COALINDIA30JAN20205CE.NFO,07/01/2020,10:43:15,5.75,5.6,2700,5.75,16200,2700,637200
COALINDIA30JAN20205CE.NFO,07/01/2020,10:43:20,5.75,5.55,8100,5.75,16200,0,637200
COALINDIA30JAN20205CE.NFO,07/01/2020,10:43:24,5.7,5.55,8100,5.75,16200,2700,637200
COALINDIA30JAN20205CE.NFO,07/01/2020,10:43:27,5.7,5.55,8100,5.75,16200,0,637200
COALINDIA30JAN20205CE.NFO,07/01/2020,10:43:30,5.7,5.55,10800,5.75,16200,0,637200
COALINDIA30JAN20205CE.NFO,07/01/2020,10:43:36,5.7,5.55,10800,5.75,13500,2700,637200
COALINDIA30JAN20205CE.NFO,07/01/2020,10:43:43,5.7,5.55,8100,5.7,2700,0,637200
COALINDIA30JAN20205CE.NFO,07/01/2020,10:43:46,5.7,5.6,2700,5.7,2700,2700,637200
COALINDIA30JAN20205CE.NFO,07/01/2020,10:43:49,5.7,5.55,8100,5.7,2700,0,637200
COALINDIA30JAN20205CE.NFO,07/01/2020,10:43:54,5.7,5.55,5400,5.7,2700,0,637200
COALINDIA30JAN20205CE.NFO,07/01/2020,10:43:57,5.7,5.6,2700,5.7,5400,0,637200
COALINDIA30JAN20205CE.NFO,07/01/2020,10:43:59,5.7,5.6,2700,5.65,2700,0,637200
COALINDIA30JAN20205CE.NFO,07/01/2020,10:44:08,5.7,5.6,2700,5.7,27000,0,637200
COALINDIA30JAN20205CE.NFO,07/01/2020,10:44:13,5.7,5.55,8100,5.7,27000,0,637200
COALINDIA30JAN20205CE.NFO,07/01/2020,10:44:16,5.7,5.55,8100,5.65,2700,0,637200
COALINDIA30JAN20205CE.NFO,07/01/2020,10:44:24,5.7,5.55,8100,5.7,27000,0,637200
COALINDIA30JAN20205CE.NFO,07/01/2020,10:44:34,5.7,5.6,2700,5.7,27000,0,637200
COALINDIA30JAN20205CE.NFO,07/01/2020,10:44:43,5.7,5.55,8100,5.7,27000,0,637200
COALINDIA30JAN20205CE.NFO,07/01/2020,10:44:45,5.7,5.6,2700,5.7,27000,0,637200
COALINDIA30JAN20205CE.NFO,07/01/2020,10:44:55,5.7,5.6,5400,5.7,27000,0,637200
COALINDIA30JAN20205CE.NFO,07/01/2020,10:44:59,5.7,5.6,2700,5.7,27000,0,637200
COALINDIA30JAN20205CE.NFO,07/01/2020,10:45:08,5.7,5.6,2700,5.7,24300,2700,648000
COALINDIA30JAN20205CE.NFO,07/01/2020,10:45:12,5.7,5.6,2700,5.65,2700,0,648000
COALINDIA30JAN20205CE.NFO,07/01/2020,10:45:16,5.7,5.6,5400,5.65,2700,0,648000
COALINDIA30JAN20205CE.NFO,07/01/2020,10:45:33,5.7,5.65,8100,5.7,18900,5400,648000
COALINDIA30JAN20205CE.NFO,07/01/2020,10:45:36,5.7,5.65,8100,5.7,18900,0,648000
COALINDIA30JAN20205CE.NFO,07/01/2020,10:45:38,5.7,5.65,5400,5.7,18900,0,648000
COALINDIA30JAN20205CE.NFO,07/01/2020,10:45:56,5.7,5.65,8100,5.7,18900,0,648000
COALINDIA30JAN20205CE.NFO,07/01/2020,10:46:00,5.7,5.65,5400,5.7,18900,0,648000
COALINDIA30JAN20205CE.NFO,07/01/2020,10:46:12,5.7,5.65,8100,5.7,18900,0,648000
COALINDIA30JAN20205CE.NFO,07/01/2020,10:46:15,5.7,5.65,8100,5.7,16200,2700,648000
COALINDIA30JAN20205CE.NFO,07/01/2020,10:46:18,5.7,5.65,8100,5.7,16200,0,648000
COALINDIA30JAN20205CE.NFO,07/01/2020,10:46:31,5.7,5.65,5400,5.7,13500,2700,648000
COALINDIA30JAN20205CE.NFO,07/01/2020,10:46:37,5.7,5.65,5400,5.7,13500,0,648000
COALINDIA30JAN20205CE.NFO,07/01/2020,10:47:02,5.7,5.6,18900,5.7,13500,0,648000
COALINDIA30JAN20205CE.NFO,07/01/2020,10:47:07,5.7,5.6,10800,5.7,13500,0,648000
COALINDIA30JAN20205CE.NFO,07/01/2020,10:47:15,5.7,5.6,16200,5.7,13500,0,648000
COALINDIA30JAN20205CE.NFO,07/01/2020,10:47:20,5.7,5.6,13500,5.7,10800,2700,648000
COALINDIA30JAN20205CE.NFO,07/01/2020,10:47:33,5.7,5.6,8100,5.7,10800,0,648000
COALINDIA30JAN20205CE.NFO,07/01/2020,10:47:40,5.7,5.65,2700,5.7,10800,0,648000
COALINDIA30JAN20205CE.NFO,07/01/2020,10:47:45,5.7,5.65,13500,5.7,10800,0,648000
COALINDIA30JAN20205CE.NFO,07/01/2020,10:48:19,5.7,5.65,10800,5.7,10800,0,648000
COALINDIA30JAN20205CE.NFO,07/01/2020,10:48:58,5.65,5.65,8100,5.7,10800,2700,642600
COALINDIA30JAN20205CE.NFO,07/01/2020,10:49:02,5.65,5.65,2700,5.7,10800,0,642600
COALINDIA30JAN20205CE.NFO,07/01/2020,10:49:11,5.65,5.6,8100,5.65,5400,5400,642600
COALINDIA30JAN20205CE.NFO,07/01/2020,10:49:17,5.65,5.6,8100,5.65,5400,0,642600
COALINDIA30JAN20205CE.NFO,07/01/2020,10:49:24,5.65,5.6,8100,5.65,2700,2700,642600
COALINDIA30JAN20205CE.NFO,07/01/2020,10:49:37,5.65,5.6,8100,5.65,2700,0,642600
COALINDIA30JAN20205CE.NFO,07/01/2020,10:49:40,5.65,5.6,10800,5.7,2700,2700,642600
COALINDIA30JAN20205CE.NFO,07/01/2020,10:49:44,5.65,5.6,10800,5.7,2700,0,642600
COALINDIA30JAN20205CE.NFO,07/01/2020,10:49:49,5.65,5.6,10800,5.75,8100,2700,642600
COALINDIA30JAN20205CE.NFO,07/01/2020,10:49:57,5.65,5.6,10800,5.7,2700,0,642600
COALINDIA30JAN20205CE.NFO,07/01/2020,10:50:03,5.65,5.6,10800,5.75,2700,5400,642600
COALINDIA30JAN20205CE.NFO,07/01/2020,10:50:15,5.75,5.6,10800,5.8,13500,2700,642600
COALINDIA30JAN20205CE.NFO,07/01/2020,10:50:20,5.75,5.65,10800,5.8,13500,0,642600
COALINDIA30JAN20205CE.NFO,07/01/2020,10:50:25,5.75,5.65,8100,5.7,2700,0,642600
COALINDIA30JAN20205CE.NFO,07/01/2020,10:50:37,5.65,5.65,8100,5.75,2700,2700,639900
COALINDIA30JAN20205CE.NFO,07/01/2020,10:50:41,5.65,5.65,8100,5.75,2700,0,639900
COALINDIA30JAN20205CE.NFO,07/01/2020,10:50:52,5.65,5.65,10800,5.75,2700,0,639900
COALINDIA30JAN20205CE.NFO,07/01/2020,10:51:11,5.65,5.7,2700,5.8,10800,0,639900
COALINDIA30JAN20205CE.NFO,07/01/2020,10:51:35,5.65,5.65,10800,5.8,13500,0,639900
COALINDIA30JAN20205CE.NFO,07/01/2020,10:51:47,5.65,5.7,2700,5.8,8100,0,639900
COALINDIA30JAN20205CE.NFO,07/01/2020,10:51:51,5.65,5.7,2700,5.8,5400,0,639900
COALINDIA30JAN20205CE.NFO,07/01/2020,10:52:01,5.65,5.7,10800,5.8,5400,0,639900
COALINDIA30JAN20205CE.NFO,07/01/2020,10:52:11,5.65,5.65,8100,5.75,2700,0,639900
COALINDIA30JAN20205CE.NFO,07/01/2020,10:52:16,5.65,5.65,13500,5.75,2700,0,639900
COALINDIA30JAN20205CE.NFO,07/01/2020,10:52:20,5.65,5.65,8100,5.75,2700,0,639900
COALINDIA30JAN20205CE.NFO,07/01/2020,10:52:25,5.65,5.65,8100,5.8,16200,0,639900
COALINDIA30JAN20205CE.NFO,07/01/2020,10:52:30,5.65,5.65,10800,5.8,16200,0,639900
COALINDIA30JAN20205CE.NFO,07/01/2020,10:52:36,5.65,5.65,8100,5.75,2700,0,639900
COALINDIA30JAN20205CE.NFO,07/01/2020,10:52:41,5.65,5.65,2700,5.75,2700,0,639900
COALINDIA30JAN20205CE.NFO,07/01/2020,10:52:48,5.65,5.65,8100,5.8,16200,0,639900
COALINDIA30JAN20205CE.NFO,07/01/2020,10:52:53,5.65,5.65,10800,5.8,16200,0,639900
COALINDIA30JAN20205CE.NFO,07/01/2020,10:53:03,5.65,5.65,2700,5.75,16200,0,639900
COALINDIA30JAN20205CE.NFO,07/01/2020,10:53:09,5.65,5.65,2700,5.75,2700,0,639900
COALINDIA30JAN20205CE.NFO,07/01/2020,10:53:25,5.65,5.65,8100,5.75,2700,0,639900
COALINDIA30JAN20205CE.NFO,07/01/2020,10:53:35,5.7,5.6,10800,5.75,8100,2700,637200
COALINDIA30JAN20205CE.NFO,07/01/2020,10:53:51,5.7,5.6,8100,5.75,2700,2700,637200
COALINDIA30JAN20205CE.NFO,07/01/2020,10:53:58,5.7,5.65,5400,5.75,5400,0,637200
COALINDIA30JAN20205CE.NFO,07/01/2020,10:54:03,5.7,5.65,5400,5.75,2700,0,637200
COALINDIA30JAN20205CE.NFO,07/01/2020,10:54:08,5.7,5.7,2700,5.75,2700,0,637200
COALINDIA30JAN20205CE.NFO,07/01/2020,10:54:13,5.7,5.7,5400,5.75,2700,0,637200
COALINDIA30JAN20205CE.NFO,07/01/2020,10:54:19,5.7,5.7,8100,5.75,2700,0,637200
COALINDIA30JAN20205CE.NFO,07/01/2020,10:54:40,5.7,5.7,10800,5.75,2700,0,637200
COALINDIA30JAN20205CE.NFO,07/01/2020,10:54:50,5.7,5.7,13500,5.75,2700,0,637200
COALINDIA30JAN20205CE.NFO,07/01/2020,10:55:04,5.75,5.7,10800,5.8,5400,2700,637200
COALINDIA30JAN20205CE.NFO,07/01/2020,10:55:09,5.75,5.7,16200,5.8,5400,0,637200
COALINDIA30JAN20205CE.NFO,07/01/2020,10:55:14,5.75,5.7,2700,5.8,8100,0,637200
COALINDIA30JAN20205CE.NFO,07/01/2020,10:55:18,5.75,5.7,8100,5.8,5400,0,637200
COALINDIA30JAN20205CE.NFO,07/01/2020,10:55:33,5.75,5.7,8100,5.8,8100,0,637200
COALINDIA30JAN20205CE.NFO,07/01/2020,10:55:38,5.75,5.7,2700,5.8,8100,0,637200
COALINDIA30JAN20205CE.NFO,07/01/2020,10:56:11,5.75,5.75,2700,5.8,5400,0,637200
COALINDIA30JAN20205CE.NFO,07/01/2020,10:56:25,5.75,5.7,8100,5.8,5400,0,637200
COALINDIA30JAN20205CE.NFO,07/01/2020,10:56:35,5.75,5.75,2700,5.8,5400,0,637200
COALINDIA30JAN20205CE.NFO,07/01/2020,10:56:41,5.75,5.7,2700,5.8,2700,0,637200
COALINDIA30JAN20205CE.NFO,07/01/2020,10:56:51,5.75,5.7,8100,5.8,5400,2700,637200
COALINDIA30JAN20205CE.NFO,07/01/2020,10:56:56,5.75,5.7,8100,5.8,5400,0,637200
COALINDIA30JAN20205CE.NFO,07/01/2020,10:57:05,5.75,5.7,2700,5.8,8100,0,637200
COALINDIA30JAN20205CE.NFO,07/01/2020,10:57:08,5.75,5.7,2700,5.8,5400,0,637200
COALINDIA30JAN20205CE.NFO,07/01/2020,10:57:34,5.75,5.7,2700,5.8,2700,0,637200
COALINDIA30JAN20205CE.NFO,07/01/2020,10:57:39,5.75,5.7,2700,5.75,2700,0,637200
COALINDIA30JAN20205CE.NFO,07/01/2020,10:57:58,5.75,5.7,2700,5.75,5400,0,637200
COALINDIA30JAN20205CE.NFO,07/01/2020,10:58:17,5.75,5.7,8100,5.75,5400,0,637200
COALINDIA30JAN20205CE.NFO,07/01/2020,10:58:21,5.75,5.7,2700,5.75,5400,0,637200
COALINDIA30JAN20205CE.NFO,07/01/2020,10:58:33,5.75,5.7,8100,5.75,5400,0,637200
COALINDIA30JAN20205CE.NFO,07/01/2020,10:58:42,5.7,5.6,8100,5.75,13500,2700,637200
COALINDIA30JAN20205CE.NFO,07/01/2020,10:58:47,5.7,5.65,2700,5.75,13500,0,637200
COALINDIA30JAN20205CE.NFO,07/01/2020,10:58:53,5.7,5.6,8100,5.75,13500,0,637200
COALINDIA30JAN20205CE.NFO,07/01/2020,10:59:09,5.7,5.5,8100,5.65,2700,0,637200
COALINDIA30JAN20205CE.NFO,07/01/2020,10:59:14,5.7,5.45,10800,5.65,8100,0,637200
COALINDIA30JAN20205CE.NFO,07/01/2020,10:59:20,5.7,5.45,2700,5.6,2700,0,637200
COALINDIA30JAN20205CE.NFO,07/01/2020,10:59:25,5.7,5.45,2700,5.55,2700,0,637200
COALINDIA30JAN20205CE.NFO,07/01/2020,10:59:31,5.7,5.5,2700,5.6,2700,0,637200
COALINDIA30JAN20205CE.NFO,07/01/2020,10:59:36,5.7,5.5,2700,5.65,5400,0,637200
COALINDIA30JAN20205CE.NFO,07/01/2020,10:59:42,5.7,5.5,2700,5.6,2700,0,637200
COALINDIA30JAN20205CE.NFO,07/01/2020,10:59:47,5.7,5.5,5400,5.65,5400,0,637200
COALINDIA30JAN20205CE.NFO,07/01/2020,10:59:52,5.7,5.5,2700,5.6,2700,0,637200
COALINDIA30JAN20205CE.NFO,07/01/2020,11:00:35,5.7,5.45,5400,5.6,2700,0,637200
COALINDIA30JAN20205CE.NFO,07/01/2020,11:00:53,5.7,5.45,10800,5.6,2700,0,637200
COALINDIA30JAN20205CE.NFO,07/01/2020,11:01:08,5.7,5.45,5400,5.55,2700,0,637200
COALINDIA30JAN20205CE.NFO,07/01/2020,11:01:22,5.7,5.45,2700,5.55,2700,0,637200
COALINDIA30JAN20205CE.NFO,07/01/2020,11:01:29,5.7,5.45,2700,5.5,2700,0,637200
COALINDIA30JAN20205CE.NFO,07/01/2020,11:01:36,5.45,5.4,8100,5.5,2700,2700,637200
COALINDIA30JAN20205CE.NFO,07/01/2020,11:01:43,5.45,5.4,8100,5.5,2700,0,637200
COALINDIA30JAN20205CE.NFO,07/01/2020,11:01:50,5.45,5.45,2700,5.55,2700,0,637200
COALINDIA30JAN20205CE.NFO,07/01/2020,11:01:57,5.45,5.45,2700,5.5,2700,0,637200
COALINDIA30JAN20205CE.NFO,07/01/2020,11:02:11,5.45,5.4,5400,5.5,2700,5400,637200
COALINDIA30JAN20205CE.NFO,07/01/2020,11:02:17,5.45,5.4,5400,5.5,2700,0,637200
COALINDIA30JAN20205CE.NFO,07/01/2020,11:02:23,5.45,5.4,5400,5.55,2700,0,637200
COALINDIA30JAN20205CE.NFO,07/01/2020,11:02:29,5.45,5.4,5400,5.6,5400,2700,637200
COALINDIA30JAN20205CE.NFO,07/01/2020,11:02:36,5.45,5.4,5400,5.55,5400,0,637200
COALINDIA30JAN20205CE.NFO,07/01/2020,11:02:47,5.4,5.4,2700,5.55,5400,2700,639900
COALINDIA30JAN20205CE.NFO,07/01/2020,11:02:59,5.4,5.4,2700,5.5,2700,0,639900
COALINDIA30JAN20205CE.NFO,07/01/2020,11:03:05,5.4,5.4,2700,5.55,2700,0,639900
COALINDIA30JAN20205CE.NFO,07/01/2020,11:03:11,5.4,5.4,2700,5.45,2700,0,639900
COALINDIA30JAN20205CE.NFO,07/01/2020,11:03:17,5.4,5.35,2700,5.45,10800,0,639900
COALINDIA30JAN20205CE.NFO,07/01/2020,11:03:22,5.4,5.35,2700,5.45,2700,0,639900
COALINDIA30JAN20205CE.NFO,07/01/2020,11:03:38,5.45,5.35,2700,5.5,2700,5400,639900
COALINDIA30JAN20205CE.NFO,07/01/2020,11:03:44,5.45,5.35,5400,5.55,2700,0,639900
COALINDIA30JAN20205CE.NFO,07/01/2020,11:03:51,5.45,5.4,10800,5.6,5400,0,639900
COALINDIA30JAN20205CE.NFO,07/01/2020,11:03:56,5.4,5.4,8100,5.6,2700,2700,639900
COALINDIA30JAN20205CE.NFO,07/01/2020,11:04:02,5.5,5.45,2700,5.6,5400,2700,639900
COALINDIA30JAN20205CE.NFO,07/01/2020,11:04:08,5.5,5.4,8100,5.55,2700,0,639900
COALINDIA30JAN20205CE.NFO,07/01/2020,11:04:14,5.5,5.4,8100,5.5,2700,0,639900
COALINDIA30JAN20205CE.NFO,07/01/2020,11:04:20,5.5,5.4,10800,5.5,2700,0,639900
COALINDIA30JAN20205CE.NFO,07/01/2020,11:04:31,5.5,5.45,8100,5.65,13500,0,639900
COALINDIA30JAN20205CE.NFO,07/01/2020,11:04:37,5.45,5.45,2700,5.6,2700,2700,639900
COALINDIA30JAN20205CE.NFO,07/01/2020,11:04:49,5.45,5.45,2700,5.6,2700,0,639900
COALINDIA30JAN20205CE.NFO,07/01/2020,11:05:06,5.45,5.45,2700,5.65,5400,0,639900
COALINDIA30JAN20205CE.NFO,07/01/2020,11:05:12,5.45,5.45,2700,5.6,2700,0,639900
COALINDIA30JAN20205CE.NFO,07/01/2020,11:05:23,5.45,5.45,2700,5.65,5400,0,639900
COALINDIA30JAN20205CE.NFO,07/01/2020,11:05:49,5.45,5.45,5400,5.6,2700,0,639900
COALINDIA30JAN20205CE.NFO,07/01/2020,11:05:55,5.45,5.5,2700,5.6,2700,0,639900
COALINDIA30JAN20205CE.NFO,07/01/2020,11:06:07,5.5,5.45,2700,5.6,2700,2700,631800
COALINDIA30JAN20205CE.NFO,07/01/2020,11:06:27,5.5,5.45,5400,5.6,2700,2700,631800
COALINDIA30JAN20205CE.NFO,07/01/2020,11:06:46,5.5,5.45,5400,5.6,2700,0,631800
COALINDIA30JAN20205CE.NFO,07/01/2020,11:06:52,5.5,5.45,2700,5.55,2700,0,631800
COALINDIA30JAN20205CE.NFO,07/01/2020,11:06:58,5.5,5.4,10800,5.5,2700,0,631800
COALINDIA30JAN20205CE.NFO,07/01/2020,11:07:03,5.5,5.4,8100,5.5,2700,0,631800
COALINDIA30JAN20205CE.NFO,07/01/2020,11:07:32,5.5,5.4,10800,5.5,2700,0,631800
COALINDIA30JAN20205CE.NFO,07/01/2020,11:07:37,5.5,5.45,2700,5.6,2700,2700,631800
COALINDIA30JAN20205CE.NFO,07/01/2020,11:07:47,5.5,5.45,2700,5.6,2700,0,631800
COALINDIA30JAN20205CE.NFO,07/01/2020,11:07:52,5.5,5.45,5400,5.6,2700,0,631800
COALINDIA30JAN20205CE.NFO,07/01/2020,11:08:24,5.5,5.45,5400,5.55,2700,0,631800
COALINDIA30JAN20205CE.NFO,07/01/2020,11:08:29,5.5,5.45,5400,5.6,8100,0,631800
COALINDIA30JAN20205CE.NFO,07/01/2020,11:08:44,5.5,5.45,5400,5.6,5400,0,631800
COALINDIA30JAN20205CE.NFO,07/01/2020,11:08:53,5.5,5.45,2700,5.6,5400,0,631800
COALINDIA30JAN20205CE.NFO,07/01/2020,11:09:07,5.5,5.45,5400,5.6,8100,0,631800
COALINDIA30JAN20205CE.NFO,07/01/2020,11:09:12,5.5,5.45,5400,5.6,5400,0,631800
COALINDIA30JAN20205CE.NFO,07/01/2020,11:09:16,5.5,5.45,10800,5.6,2700,0,631800
COALINDIA30JAN20205CE.NFO,07/01/2020,11:09:35,5.5,5.5,2700,5.65,2700,0,631800
COALINDIA30JAN20205CE.NFO,07/01/2020,11:09:57,5.5,5.45,10800,5.6,2700,0,631800
COALINDIA30JAN20205CE.NFO,07/01/2020,11:10:01,5.5,5.45,2700,5.6,2700,0,631800
COALINDIA30JAN20205CE.NFO,07/01/2020,11:10:24,5.5,5.45,8100,5.6,5400,0,631800
COALINDIA30JAN20205CE.NFO,07/01/2020,11:10:35,5.5,5.45,10800,5.65,2700,0,631800
COALINDIA30JAN20205CE.NFO,07/01/2020,11:10:39,5.5,5.45,10800,5.6,5400,0,631800
COALINDIA30JAN20205CE.NFO,07/01/2020,11:11:06,5.5,5.4,10800,5.55,2700,0,631800
COALINDIA30JAN20205CE.NFO,07/01/2020,11:11:26,5.5,5.4,5400,5.55,2700,0,631800
COALINDIA30JAN20205CE.NFO,07/01/2020,11:11:46,5.5,5.4,10800,5.55,2700,0,631800
COALINDIA30JAN20205CE.NFO,07/01/2020,11:11:57,5.5,5.4,10800,5.6,8100,0,631800
COALINDIA30JAN20205CE.NFO,07/01/2020,11:12:04,5.5,5.4,5400,5.6,10800,0,631800
COALINDIA30JAN20205CE.NFO,07/01/2020,11:12:12,5.5,5.4,8100,5.6,10800,0,631800
COALINDIA30JAN20205CE.NFO,07/01/2020,11:12:19,5.5,5.4,5400,5.6,10800,0,631800
COALINDIA30JAN20205CE.NFO,07/01/2020,11:12:32,5.4,5.4,2700,5.6,10800,2700,631800
COALINDIA30JAN20205CE.NFO,07/01/2020,11:12:39,5.4,5.4,2700,5.55,5400,0,631800
COALINDIA30JAN20205CE.NFO,07/01/2020,11:12:58,5.4,5.35,2700,5.5,2700,2700,631800
COALINDIA30JAN20205CE.NFO,07/01/2020,11:13:15,5.4,5.3,8100,5.45,2700,5400,631800
COALINDIA30JAN20205CE.NFO,07/01/2020,11:13:21,5.4,5.3,10800,5.45,2700,0,631800
COALINDIA30JAN20205CE.NFO,07/01/2020,11:13:57,5.4,5.3,5400,5.4,2700,0,631800
COALINDIA30JAN20205CE.NFO,07/01/2020,11:14:02,5.4,5.3,8100,5.45,5400,0,631800
COALINDIA30JAN20205CE.NFO,07/01/2020,11:14:35,5.4,5.35,2700,5.45,2700,0,631800
COALINDIA30JAN20205CE.NFO,07/01/2020,11:14:40,5.4,5.35,8100,5.5,5400,0,631800
COALINDIA30JAN20205CE.NFO,07/01/2020,11:14:54,5.4,5.4,2700,5.5,5400,0,631800
COALINDIA30JAN20205CE.NFO,07/01/2020,11:14:59,5.4,5.3,8100,5.45,2700,0,631800
COALINDIA30JAN20205CE.NFO,07/01/2020,11:15:23,5.4,5.3,8100,5.5,5400,0,631800
COALINDIA30JAN20205CE.NFO,07/01/2020,11:15:28,5.4,5.3,8100,5.45,2700,0,631800
COALINDIA30JAN20205CE.NFO,07/01/2020,11:15:42,5.4,5.25,8100,5.4,2700,0,631800
COALINDIA30JAN20205CE.NFO,07/01/2020,11:16:03,5.4,5.25,8100,5.35,2700,0,631800
COALINDIA30JAN20205CE.NFO,07/01/2020,11:16:28,5.4,5.25,8100,5.4,5400,0,631800
COALINDIA30JAN20205CE.NFO,07/01/2020,11:16:59,5.4,5.3,5400,5.45,5400,0,631800
COALINDIA30JAN20205CE.NFO,07/01/2020,11:17:09,5.4,5.25,5400,5.4,2700,0,631800
COALINDIA30JAN20205CE.NFO,07/01/2020,11:17:19,5.4,5.25,5400,5.35,2700,0,631800
COALINDIA30JAN20205CE.NFO,07/01/2020,11:17:24,5.4,5.25,8100,5.4,5400,0,631800
COALINDIA30JAN20205CE.NFO,07/01/2020,11:17:33,5.4,5.3,8100,5.4,2700,0,631800
COALINDIA30JAN20205CE.NFO,07/01/2020,11:17:39,5.4,5.3,10800,5.4,2700,0,631800
COALINDIA30JAN20205CE.NFO,07/01/2020,11:17:45,5.4,5.3,10800,5.35,2700,0,631800
COALINDIA30JAN20205CE.NFO,07/01/2020,11:18:05,5.4,5.3,5400,5.35,2700,0,631800
COALINDIA30JAN20205CE.NFO,07/01/2020,11:18:15,5.4,5.3,2700,5.35,2700,0,631800
COALINDIA30JAN20205CE.NFO,07/01/2020,11:18:19,5.4,5.25,8100,5.35,2700,0,631800
COALINDIA30JAN20205CE.NFO,07/01/2020,11:18:45,5.35,5.35,2700,5.4,2700,2700,631800
COALINDIA30JAN20205CE.NFO,07/01/2020,11:18:50,5.35,5.35,2700,5.4,2700,2700,631800
COALINDIA30JAN20205CE.NFO,07/01/2020,11:19:19,5.35,5.3,8100,5.35,2700,0,631800
COALINDIA30JAN20205CE.NFO,07/01/2020,11:19:28,5.35,5.3,8100,5.4,2700,0,631800
COALINDIA30JAN20205CE.NFO,07/01/2020,11:19:42,5.35,5.35,8100,5.4,2700,0,631800
COALINDIA30JAN20205CE.NFO,07/01/2020,11:19:54,5.35,5.35,2700,5.4,2700,0,631800
COALINDIA30JAN20205CE.NFO,07/01/2020,11:19:59,5.35,5.35,5400,5.4,2700,0,631800
COALINDIA30JAN20205CE.NFO,07/01/2020,11:20:08,5.35,5.3,2700,5.4,5400,2700,631800
COALINDIA30JAN20205CE.NFO,07/01/2020,11:20:19,5.35,5.3,2700,5.4,5400,0,631800
COALINDIA30JAN20205CE.NFO,07/01/2020,11:21:56,5.35,5.3,2700,5.4,10800,0,631800
COALINDIA30JAN20205CE.NFO,07/01/2020,11:22:12,5.35,5.3,2700,5.4,8100,0,631800
COALINDIA30JAN20205CE.NFO,07/01/2020,11:23:38,5.35,5.3,5400,5.4,13500,0,631800
COALINDIA30JAN20205CE.NFO,07/01/2020,11:23:42,5.35,5.3,5400,5.4,5400,0,631800
COALINDIA30JAN20205CE.NFO,07/01/2020,11:24:01,5.35,5.3,5400,5.4,8100,0,631800
COALINDIA30JAN20205CE.NFO,07/01/2020,11:24:13,5.35,5.3,5400,5.4,5400,0,631800
COALINDIA30JAN20205CE.NFO,07/01/2020,11:24:32,5.35,5.35,2700,5.4,2700,0,631800
COALINDIA30JAN20205CE.NFO,07/01/2020,11:24:45,5.35,5.3,8100,5.4,2700,0,631800
COALINDIA30JAN20205CE.NFO,07/01/2020,11:25:02,5.35,5.35,2700,5.4,2700,0,631800
COALINDIA30JAN20205CE.NFO,07/01/2020,11:25:25,5.35,5.3,8100,5.4,2700,0,631800
COALINDIA30JAN20205CE.NFO,07/01/2020,11:25:30,5.35,5.35,2700,5.4,2700,0,631800
COALINDIA30JAN20205CE.NFO,07/01/2020,11:25:56,5.35,5.35,5400,5.4,2700,0,631800
COALINDIA30JAN20205CE.NFO,07/01/2020,11:26:20,5.35,5.3,5400,5.4,2700,0,631800
COALINDIA30JAN20205CE.NFO,07/01/2020,11:26:24,5.35,5.3,8100,5.4,2700,0,631800
COALINDIA30JAN20205CE.NFO,07/01/2020,11:26:58,5.35,5.35,2700,5.4,2700,0,631800
COALINDIA30JAN20205CE.NFO,07/01/2020,11:27:01,5.35,5.35,5400,5.4,2700,0,631800
COALINDIA30JAN20205CE.NFO,07/01/2020,11:27:10,5.35,5.35,2700,5.4,2700,0,631800
COALINDIA30JAN20205CE.NFO,07/01/2020,11:27:26,5.35,5.3,5400,5.4,2700,0,631800
COALINDIA30JAN20205CE.NFO,07/01/2020,11:27:43,5.35,5.35,2700,5.4,2700,0,631800
COALINDIA30JAN20205CE.NFO,07/01/2020,11:27:54,5.35,5.35,5400,5.4,2700,0,631800
COALINDIA30JAN20205CE.NFO,07/01/2020,11:28:13,5.35,5.35,8100,5.4,2700,0,631800
COALINDIA30JAN20205CE.NFO,07/01/2020,11:28:19,5.4,5.4,2700,5.5,13500,2700,626400
COALINDIA30JAN20205CE.NFO,07/01/2020,11:28:23,5.4,5.4,2700,5.5,13500,0,626400
COALINDIA30JAN20205CE.NFO,07/01/2020,11:28:26,5.4,5.4,2700,5.5,5400,0,626400
COALINDIA30JAN20205CE.NFO,07/01/2020,11:28:32,5.4,5.4,5400,5.5,10800,0,626400
COALINDIA30JAN20205CE.NFO,07/01/2020,11:28:43,5.4,5.35,8100,5.45,2700,0,626400
COALINDIA30JAN20205CE.NFO,07/01/2020,11:28:51,5.4,5.4,8100,5.5,2700,0,626400
COALINDIA30JAN20205CE.NFO,07/01/2020,11:29:33,5.4,5.35,8100,5.45,2700,0,626400
COALINDIA30JAN20205CE.NFO,07/01/2020,11:29:43,5.4,5.4,8100,5.5,2700,0,626400
COALINDIA30JAN20205CE.NFO,07/01/2020,11:29:52,5.4,5.35,5400,5.45,2700,0,626400
COALINDIA30JAN20205CE.NFO,07/01/2020,11:30:32,5.4,5.4,2700,5.5,5400,0,626400
COALINDIA30JAN20205CE.NFO,07/01/2020,11:31:02,5.4,5.4,8100,5.5,2700,0,626400
COALINDIA30JAN20205CE.NFO,07/01/2020,11:31:08,5.4,5.45,2700,5.5,2700,0,626400
COALINDIA30JAN20205CE.NFO,07/01/2020,11:31:13,5.4,5.4,5400,5.5,2700,0,626400
COALINDIA30JAN20205CE.NFO,07/01/2020,11:31:26,5.4,5.4,5400,5.5,2700,2700,623700
COALINDIA30JAN20205CE.NFO,07/01/2020,11:31:58,5.4,5.45,2700,5.5,2700,0,623700
COALINDIA30JAN20205CE.NFO,07/01/2020,11:33:37,5.4,5.45,8100,5.5,2700,0,623700
COALINDIA30JAN20205CE.NFO,07/01/2020,11:33:44,5.55,5.5,5400,5.65,8100,5400,621000
COALINDIA30JAN20205CE.NFO,07/01/2020,11:33:47,5.55,5.45,5400,5.6,8100,0,621000
COALINDIA30JAN20205CE.NFO,07/01/2020,11:33:51,5.55,5.5,2700,5.6,2700,0,621000
COALINDIA30JAN20205CE.NFO,07/01/2020,11:34:13,5.55,5.55,2700,5.65,2700,0,621000
COALINDIA30JAN20205CE.NFO,07/01/2020,11:34:20,5.55,5.5,2700,5.6,5400,0,621000
COALINDIA30JAN20205CE.NFO,07/01/2020,11:34:32,5.55,5.55,2700,5.65,5400,0,621000
COALINDIA30JAN20205CE.NFO,07/01/2020,11:34:38,5.55,5.5,2700,5.6,2700,0,621000
COALINDIA30JAN20205CE.NFO,07/01/2020,11:34:44,5.55,5.5,2700,5.6,5400,0,621000
COALINDIA30JAN20205CE.NFO,07/01/2020,11:34:54,5.55,5.5,2700,5.6,2700,0,621000
COALINDIA30JAN20205CE.NFO,07/01/2020,11:35:00,5.55,5.45,8100,5.6,2700,0,621000
COALINDIA30JAN20205CE.NFO,07/01/2020,11:35:06,5.55,5.45,5400,5.6,8100,0,621000
COALINDIA30JAN20205CE.NFO,07/01/2020,11:35:22,5.55,5.45,5400,5.6,5400,0,621000
COALINDIA30JAN20205CE.NFO,07/01/2020,11:35:28,5.55,5.45,2700,5.6,5400,0,621000
COALINDIA30JAN20205CE.NFO,07/01/2020,11:35:44,5.55,5.45,5400,5.6,5400,0,621000
COALINDIA30JAN20205CE.NFO,07/01/2020,11:35:48,5.55,5.45,2700,5.55,2700,0,621000
COALINDIA30JAN20205CE.NFO,07/01/2020,11:35:53,5.55,5.45,5400,5.6,2700,0,621000
COALINDIA30JAN20205CE.NFO,07/01/2020,11:35:58,5.55,5.45,5400,5.6,5400,0,621000
COALINDIA30JAN20205CE.NFO,07/01/2020,11:36:08,5.55,5.4,8100,5.55,2700,0,621000
COALINDIA30JAN20205CE.NFO,07/01/2020,11:36:12,5.55,5.45,2700,5.55,2700,0,621000
COALINDIA30JAN20205CE.NFO,07/01/2020,11:36:30,5.55,5.45,2700,5.6,5400,0,621000
COALINDIA30JAN20205CE.NFO,07/01/2020,11:36:35,5.55,5.5,2700,5.6,2700,0,621000
COALINDIA30JAN20205CE.NFO,07/01/2020,11:36:45,5.55,5.45,2700,5.55,2700,0,621000
COALINDIA30JAN20205CE.NFO,07/01/2020,11:36:51,5.55,5.4,5400,5.55,5400,0,621000
COALINDIA30JAN20205CE.NFO,07/01/2020,11:37:24,5.55,5.4,2700,5.5,10800,0,621000
COALINDIA30JAN20205CE.NFO,07/01/2020,11:37:34,5.55,5.4,2700,5.5,2700,0,621000
COALINDIA30JAN20205CE.NFO,07/01/2020,11:37:54,5.55,5.35,5400,5.45,2700,0,621000
COALINDIA30JAN20205CE.NFO,07/01/2020,11:38:13,5.55,5.35,2700,5.45,2700,0,621000
COALINDIA30JAN20205CE.NFO,07/01/2020,11:38:17,5.55,5.35,5400,5.45,2700,0,621000
COALINDIA30JAN20205CE.NFO,07/01/2020,11:38:24,5.55,5.4,2700,5.45,2700,0,621000
COALINDIA30JAN20205CE.NFO,07/01/2020,11:38:28,5.55,5.35,8100,5.45,2700,0,621000
COALINDIA30JAN20205CE.NFO,07/01/2020,11:38:32,5.55,5.4,5400,5.45,2700,0,621000
COALINDIA30JAN20205CE.NFO,07/01/2020,11:38:35,5.55,5.35,8100,5.45,2700,0,621000
COALINDIA30JAN20205CE.NFO,07/01/2020,11:38:42,5.45,5.35,8100,5.5,2700,2700,618300
COALINDIA30JAN20205CE.NFO,07/01/2020,11:38:46,5.45,5.4,2700,5.5,2700,0,618300
COALINDIA30JAN20205CE.NFO,07/01/2020,11:39:15,5.45,5.4,5400,5.5,2700,0,618300
COALINDIA30JAN20205CE.NFO,07/01/2020,11:39:23,5.45,5.35,8100,5.5,8100,0,618300
COALINDIA30JAN20205CE.NFO,07/01/2020,11:39:26,5.45,5.35,8100,5.5,5400,0,618300
COALINDIA30JAN20205CE.NFO,07/01/2020,11:39:52,5.45,5.4,2700,5.45,2700,0,618300
COALINDIA30JAN20205CE.NFO,07/01/2020,11:40:36,5.45,5.35,5400,5.45,2700,0,618300
COALINDIA30JAN20205CE.NFO,07/01/2020,11:40:44,5.45,5.35,2700,5.45,2700,0,618300
COALINDIA30JAN20205CE.NFO,07/01/2020,11:40:58,5.45,5.35,5400,5.5,5400,0,618300
COALINDIA30JAN20205CE.NFO,07/01/2020,11:41:01,5.45,5.35,5400,5.5,8100,0,618300
COALINDIA30JAN20205CE.NFO,07/01/2020,11:41:30,5.45,5.4,5400,5.5,2700,0,618300
COALINDIA30JAN20205CE.NFO,07/01/2020,11:41:58,5.45,5.4,5400,5.5,5400,0,618300
COALINDIA30JAN20205CE.NFO,07/01/2020,11:42:06,5.45,5.35,10800,5.5,5400,0,618300
COALINDIA30JAN20205CE.NFO,07/01/2020,11:42:09,5.45,5.35,8100,5.5,5400,0,618300
COALINDIA30JAN20205CE.NFO,07/01/2020,11:43:22,5.45,5.4,2700,5.5,2700,0,618300
COALINDIA30JAN20205CE.NFO,07/01/2020,11:43:25,5.45,5.4,2700,5.5,5400,0,618300
COALINDIA30JAN20205CE.NFO,07/01/2020,11:43:57,5.45,5.4,2700,5.5,2700,0,618300
COALINDIA30JAN20205CE.NFO,07/01/2020,11:44:08,5.45,5.4,5400,5.5,2700,0,618300
COALINDIA30JAN20205CE.NFO,07/01/2020,11:44:21,5.45,5.4,2700,5.5,2700,0,618300
COALINDIA30JAN20205CE.NFO,07/01/2020,11:44:27,5.45,5.4,8100,5.55,13500,0,618300
COALINDIA30JAN20205CE.NFO,07/01/2020,11:44:44,5.45,5.45,2700,5.55,2700,0,618300
COALINDIA30JAN20205CE.NFO,07/01/2020,11:44:47,5.45,5.4,13500,5.55,2700,0,618300
COALINDIA30JAN20205CE.NFO,07/01/2020,11:44:55,5.45,5.4,5400,5.5,2700,0,618300
COALINDIA30JAN20205CE.NFO,07/01/2020,11:45:39,5.45,5.4,2700,5.5,2700,0,618300
COALINDIA30JAN20205CE.NFO,07/01/2020,11:45:54,5.45,5.4,5400,5.5,2700,0,618300
COALINDIA30JAN20205CE.NFO,07/01/2020,11:46:06,5.45,5.4,8100,5.5,2700,0,618300
COALINDIA30JAN20205CE.NFO,07/01/2020,11:46:09,5.45,5.4,8100,5.55,5400,0,618300
COALINDIA30JAN20205CE.NFO,07/01/2020,11:46:14,5.45,5.4,5400,5.5,2700,0,618300
COALINDIA30JAN20205CE.NFO,07/01/2020,11:46:17,5.45,5.4,2700,5.55,8100,0,618300
COALINDIA30JAN20205CE.NFO,07/01/2020,11:46:23,5.45,5.4,2700,5.5,2700,0,618300
COALINDIA30JAN20205CE.NFO,07/01/2020,11:46:30,5.45,5.4,5400,5.5,2700,0,618300
COALINDIA30JAN20205CE.NFO,07/01/2020,11:46:46,5.45,5.4,2700,5.5,2700,0,618300
COALINDIA30JAN20205CE.NFO,07/01/2020,11:46:54,5.45,5.4,5400,5.5,2700,0,618300
COALINDIA30JAN20205CE.NFO,07/01/2020,11:47:06,5.45,5.4,2700,5.5,2700,0,618300
COALINDIA30JAN20205CE.NFO,07/01/2020,11:47:15,5.45,5.4,2700,5.5,10800,0,618300
COALINDIA30JAN20205CE.NFO,07/01/2020,11:47:34,5.45,5.4,2700,5.5,2700,0,618300
COALINDIA30JAN20205CE.NFO,07/01/2020,11:47:59,5.45,5.35,5400,5.5,8100,0,618300
COALINDIA30JAN20205CE.NFO,07/01/2020,11:48:20,5.45,5.3,8100,5.45,2700,0,618300
COALINDIA30JAN20205CE.NFO,07/01/2020,11:48:23,5.45,5.3,8100,5.5,10800,0,618300
COALINDIA30JAN20205CE.NFO,07/01/2020,11:48:47,5.45,5.3,8100,5.45,8100,0,618300
COALINDIA30JAN20205CE.NFO,07/01/2020,11:48:56,5.45,5.3,5400,5.45,8100,0,618300
COALINDIA30JAN20205CE.NFO,07/01/2020,11:49:00,5.45,5.3,2700,5.4,2700,0,618300
COALINDIA30JAN20205CE.NFO,07/01/2020,11:49:03,5.45,5.3,2700,5.4,5400,0,618300
COALINDIA30JAN20205CE.NFO,07/01/2020,11:49:41,5.45,5.3,2700,5.4,2700,0,618300
COALINDIA30JAN20205CE.NFO,07/01/2020,11:50:00,5.45,5.3,2700,5.4,5400,0,618300
COALINDIA30JAN20205CE.NFO,07/01/2020,11:50:11,5.45,5.3,5400,5.4,5400,0,618300
COALINDIA30JAN20205CE.NFO,07/01/2020,11:50:16,5.45,5.3,2700,5.4,5400,0,618300
COALINDIA30JAN20205CE.NFO,07/01/2020,11:50:20,5.45,5.3,2700,5.4,8100,0,618300
COALINDIA30JAN20205CE.NFO,07/01/2020,11:50:25,5.45,5.3,2700,5.4,5400,0,618300
COALINDIA30JAN20205CE.NFO,07/01/2020,11:50:40,5.45,5.25,5400,5.35,2700,0,618300
COALINDIA30JAN20205CE.NFO,07/01/2020,11:50:44,5.45,5.25,5400,5.4,10800,0,618300
COALINDIA30JAN20205CE.NFO,07/01/2020,11:50:47,5.45,5.3,2700,5.4,10800,0,618300
COALINDIA30JAN20205CE.NFO,07/01/2020,11:50:50,5.45,5.25,5400,5.35,2700,0,618300
COALINDIA30JAN20205CE.NFO,07/01/2020,11:51:08,5.45,5.3,2700,5.4,10800,0,618300
COALINDIA30JAN20205CE.NFO,07/01/2020,11:51:12,5.45,5.25,5400,5.35,2700,0,618300
COALINDIA30JAN20205CE.NFO,07/01/2020,11:51:16,5.45,5.25,5400,5.4,10800,0,618300
COALINDIA30JAN20205CE.NFO,07/01/2020,11:51:18,5.45,5.3,2700,5.4,8100,0,618300
COALINDIA30JAN20205CE.NFO,07/01/2020,11:51:21,5.45,5.3,2700,5.4,5400,0,618300
COALINDIA30JAN20205CE.NFO,07/01/2020,11:51:25,5.45,5.3,2700,5.4,13500,0,618300
COALINDIA30JAN20205CE.NFO,07/01/2020,11:51:34,5.45,5.25,5400,5.4,21600,0,618300
COALINDIA30JAN20205CE.NFO,07/01/2020,11:51:58,5.45,5.25,5400,5.35,5400,0,618300
COALINDIA30JAN20205CE.NFO,07/01/2020,11:52:07,5.45,5.25,2700,5.35,5400,0,618300
COALINDIA30JAN20205CE.NFO,07/01/2020,11:52:11,5.45,5.2,2700,5.3,2700,0,618300
COALINDIA30JAN20205CE.NFO,07/01/2020,11:52:13,5.45,5.25,2700,5.35,8100,0,618300
COALINDIA30JAN20205CE.NFO,07/01/2020,11:52:15,5.45,5.25,2700,5.35,5400,0,618300
COALINDIA30JAN20205CE.NFO,07/01/2020,11:52:28,5.45,5.2,2700,5.3,5400,0,618300
COALINDIA30JAN20205CE.NFO,07/01/2020,11:52:36,5.45,5.25,2700,5.35,5400,0,618300
COALINDIA30JAN20205CE.NFO,07/01/2020,11:52:39,5.45,5.25,2700,5.35,2700,0,618300
COALINDIA30JAN20205CE.NFO,07/01/2020,11:52:53,5.45,5.25,5400,5.4,10800,0,618300
COALINDIA30JAN20205CE.NFO,07/01/2020,11:53:00,5.45,5.3,2700,5.4,8100,0,618300
COALINDIA30JAN20205CE.NFO,07/01/2020,11:53:18,5.45,5.3,2700,5.4,5400,0,618300
COALINDIA30JAN20205CE.NFO,07/01/2020,11:53:25,5.45,5.3,2700,5.4,8100,0,618300
COALINDIA30JAN20205CE.NFO,07/01/2020,11:53:29,5.45,5.3,2700,5.4,5400,0,618300
COALINDIA30JAN20205CE.NFO,07/01/2020,11:53:32,5.45,5.3,2700,5.4,8100,0,618300
COALINDIA30JAN20205CE.NFO,07/01/2020,11:53:35,5.45,5.3,2700,5.4,5400,0,618300
COALINDIA30JAN20205CE.NFO,07/01/2020,11:53:43,5.45,5.3,5400,5.4,5400,0,618300
COALINDIA30JAN20205CE.NFO,07/01/2020,11:53:51,5.45,5.35,2700,5.4,2700,0,618300
COALINDIA30JAN20205CE.NFO,07/01/2020,11:54:10,5.45,5.3,5400,5.4,2700,0,618300
COALINDIA30JAN20205CE.NFO,07/01/2020,11:54:17,5.4,5.35,5400,5.45,2700,2700,618300
COALINDIA30JAN20205CE.NFO,07/01/2020,11:54:20,5.35,5.35,5400,5.45,2700,2700,618300
COALINDIA30JAN20205CE.NFO,07/01/2020,11:54:23,5.35,5.3,2700,5.45,13500,0,618300
COALINDIA30JAN20205CE.NFO,07/01/2020,11:57:01,5.35,5.3,8100,5.45,10800,0,618300
COALINDIA30JAN20205CE.NFO,07/01/2020,11:57:08,5.35,5.3,5400,5.45,16200,0,618300
COALINDIA30JAN20205CE.NFO,07/01/2020,11:57:13,5.35,5.25,8100,5.4,5400,0,618300
COALINDIA30JAN20205CE.NFO,07/01/2020,11:57:30,5.35,5.3,5400,5.4,2700,0,618300
COALINDIA30JAN20205CE.NFO,07/01/2020,11:57:38,5.35,5.25,5400,5.4,2700,0,618300
COALINDIA30JAN20205CE.NFO,07/01/2020,11:57:42,5.35,5.3,2700,5.4,2700,0,618300
COALINDIA30JAN20205CE.NFO,07/01/2020,11:57:48,5.35,5.25,2700,5.4,8100,0,618300
COALINDIA30JAN20205CE.NFO,07/01/2020,11:58:22,5.35,5.25,5400,5.4,10800,0,618300
COALINDIA30JAN20205CE.NFO,07/01/2020,11:58:34,5.35,5.25,2700,5.4,10800,0,618300
COALINDIA30JAN20205CE.NFO,07/01/2020,11:58:44,5.35,5.25,2700,5.4,13500,0,618300
COALINDIA30JAN20205CE.NFO,07/01/2020,11:59:12,5.35,5.25,2700,5.35,2700,0,618300
COALINDIA30JAN20205CE.NFO,07/01/2020,11:59:46,5.35,5.25,2700,5.35,13500,0,618300
COALINDIA30JAN20205CE.NFO,07/01/2020,11:59:49,5.35,5.2,2700,5.35,16200,0,618300
COALINDIA30JAN20205CE.NFO,07/01/2020,12:00:05,5.35,5.2,2700,5.35,18900,0,618300
COALINDIA30JAN20205CE.NFO,07/01/2020,12:00:28,5.35,5.25,2700,5.35,10800,0,618300
COALINDIA30JAN20205CE.NFO,07/01/2020,12:00:32,5.35,5.25,2700,5.35,8100,0,618300
COALINDIA30JAN20205CE.NFO,07/01/2020,12:01:06,5.35,5.25,2700,5.35,2700,0,618300
COALINDIA30JAN20205CE.NFO,07/01/2020,12:01:12,5.35,5.2,5400,5.35,8100,0,618300
COALINDIA30JAN20205CE.NFO,07/01/2020,12:01:14,5.35,5.25,2700,5.35,8100,0,618300
COALINDIA30JAN20205CE.NFO,07/01/2020,12:01:33,5.35,5.2,5400,5.35,8100,0,618300
COALINDIA30JAN20205CE.NFO,07/01/2020,12:01:37,5.35,5.2,5400,5.35,5400,0,618300
COALINDIA30JAN20205CE.NFO,07/01/2020,12:02:18,5.35,5.2,5400,5.35,10800,0,618300
COALINDIA30JAN20205CE.NFO,07/01/2020,12:02:22,5.35,5.25,2700,5.35,5400,0,618300
COALINDIA30JAN20205CE.NFO,07/01/2020,12:02:27,5.35,5.25,2700,5.4,8100,0,618300
COALINDIA30JAN20205CE.NFO,07/01/2020,12:02:30,5.35,5.25,8100,5.4,5400,0,618300
COALINDIA30JAN20205CE.NFO,07/01/2020,12:02:34,5.35,5.3,2700,5.4,2700,0,618300
COALINDIA30JAN20205CE.NFO,07/01/2020,12:03:37,5.35,5.3,2700,5.45,8100,0,618300
COALINDIA30JAN20205CE.NFO,07/01/2020,12:03:51,5.35,5.3,2700,5.4,2700,0,618300
COALINDIA30JAN20205CE.NFO,07/01/2020,12:03:56,5.35,5.3,5400,5.45,2700,0,618300
COALINDIA30JAN20205CE.NFO,07/01/2020,12:04:02,5.35,5.3,2700,5.4,2700,0,618300
COALINDIA30JAN20205CE.NFO,07/01/2020,12:04:14,5.35,5.25,2700,5.4,8100,0,618300
COALINDIA30JAN20205CE.NFO,07/01/2020,12:05:03,5.35,5.3,2700,5.4,5400,0,618300
COALINDIA30JAN20205CE.NFO,07/01/2020,12:05:12,5.35,5.3,2700,5.45,8100,0,618300
COALINDIA30JAN20205CE.NFO,07/01/2020,12:05:18,5.35,5.3,5400,5.4,2700,0,618300
COALINDIA30JAN20205CE.NFO,07/01/2020,12:05:22,5.35,5.3,2700,5.45,8100,0,618300
COALINDIA30JAN20205CE.NFO,07/01/2020,12:05:56,5.35,5.25,5400,5.4,2700,0,618300
COALINDIA30JAN20205CE.NFO,07/01/2020,12:06:35,5.35,5.3,2700,5.45,8100,0,618300
COALINDIA30JAN20205CE.NFO,07/01/2020,12:06:40,5.35,5.3,8100,5.45,5400,0,618300
COALINDIA30JAN20205CE.NFO,07/01/2020,12:06:45,5.35,5.3,2700,5.45,8100,0,618300
COALINDIA30JAN20205CE.NFO,07/01/2020,12:07:05,5.35,5.3,2700,5.4,2700,0,618300
COALINDIA30JAN20205CE.NFO,07/01/2020,12:07:58,5.35,5.3,5400,5.45,8100,0,618300
COALINDIA30JAN20205CE.NFO,07/01/2020,12:08:03,5.35,5.3,5400,5.4,2700,0,618300
COALINDIA30JAN20205CE.NFO,07/01/2020,12:08:11,5.35,5.25,5400,5.4,8100,0,618300
COALINDIA30JAN20205CE.NFO,07/01/2020,12:08:16,5.35,5.35,2700,5.45,2700,0,618300
COALINDIA30JAN20205CE.NFO,07/01/2020,12:08:24,5.35,5.3,5400,5.45,13500,0,618300
COALINDIA30JAN20205CE.NFO,07/01/2020,12:08:42,5.35,5.35,2700,5.45,2700,0,618300
COALINDIA30JAN20205CE.NFO,07/01/2020,12:08:57,5.35,5.3,2700,5.45,10800,0,618300
COALINDIA30JAN20205CE.NFO,07/01/2020,12:09:30,5.35,5.35,2700,5.45,2700,0,618300
COALINDIA30JAN20205CE.NFO,07/01/2020,12:09:57,5.35,5.3,2700,5.4,2700,0,618300
COALINDIA30JAN20205CE.NFO,07/01/2020,12:10:03,5.35,5.3,5400,5.45,2700,0,618300
COALINDIA30JAN20205CE.NFO,07/01/2020,12:10:08,5.35,5.3,5400,5.4,2700,0,618300
COALINDIA30JAN20205CE.NFO,07/01/2020,12:10:20,5.35,5.35,2700,5.45,5400,0,618300
COALINDIA30JAN20205CE.NFO,07/01/2020,12:10:22,5.35,5.3,5400,5.45,2700,0,618300
COALINDIA30JAN20205CE.NFO,07/01/2020,12:10:40,5.35,5.35,2700,5.5,16200,0,618300
COALINDIA30JAN20205CE.NFO,07/01/2020,12:10:45,5.35,5.35,5400,5.45,2700,0,618300
COALINDIA30JAN20205CE.NFO,07/01/2020,12:10:51,5.35,5.35,5400,5.5,5400,0,618300
COALINDIA30JAN20205CE.NFO,07/01/2020,12:10:53,5.35,5.35,2700,5.45,2700,0,618300
COALINDIA30JAN20205CE.NFO,07/01/2020,12:11:16,5.35,5.35,2700,5.45,5400,0,618300
COALINDIA30JAN20205CE.NFO,07/01/2020,12:11:35,5.35,5.35,2700,5.45,2700,0,618300
COALINDIA30JAN20205CE.NFO,07/01/2020,12:11:41,5.35,5.35,2700,5.5,8100,0,618300
COALINDIA30JAN20205CE.NFO,07/01/2020,12:12:02,5.35,5.35,5400,5.5,8100,0,618300
COALINDIA30JAN20205CE.NFO,07/01/2020,12:13:12,5.35,5.35,2700,5.45,2700,0,618300
COALINDIA30JAN20205CE.NFO,07/01/2020,12:13:24,5.35,5.35,5400,5.5,5400,0,618300
COALINDIA30JAN20205CE.NFO,07/01/2020,12:13:29,5.45,5.4,8100,5.55,8100,2700,615600
COALINDIA30JAN20205CE.NFO,07/01/2020,12:13:34,5.45,5.4,8100,5.55,8100,0,615600
COALINDIA30JAN20205CE.NFO,07/01/2020,12:13:51,5.45,5.4,2700,5.55,10800,0,615600
COALINDIA30JAN20205CE.NFO,07/01/2020,12:13:57,5.45,5.4,5400,5.55,10800,0,615600
COALINDIA30JAN20205CE.NFO,07/01/2020,12:14:01,5.45,5.45,2700,5.55,5400,0,615600
COALINDIA30JAN20205CE.NFO,07/01/2020,12:14:06,5.45,5.4,5400,5.55,8100,0,615600
COALINDIA30JAN20205CE.NFO,07/01/2020,12:14:42,5.45,5.45,2700,5.55,8100,0,615600
COALINDIA30JAN20205CE.NFO,07/01/2020,12:14:49,5.55,5.5,2700,5.6,5400,2700,615600
COALINDIA30JAN20205CE.NFO,07/01/2020,12:14:57,5.55,5.5,2700,5.6,5400,0,615600
COALINDIA30JAN20205CE.NFO,07/01/2020,12:15:39,5.55,5.45,2700,5.6,8100,0,615600
COALINDIA30JAN20205CE.NFO,07/01/2020,12:16:08,5.55,5.45,8100,5.6,5400,0,615600
COALINDIA30JAN20205CE.NFO,07/01/2020,12:17:30,5.55,5.5,2700,5.6,5400,0,615600
COALINDIA30JAN20205CE.NFO,07/01/2020,12:17:43,5.55,5.45,5400,5.6,8100,0,615600
COALINDIA30JAN20205CE.NFO,07/01/2020,12:18:56,5.55,5.5,2700,5.6,5400,0,615600
COALINDIA30JAN20205CE.NFO,07/01/2020,12:18:57,5.55,5.5,2700,5.6,8100,0,615600
COALINDIA30JAN20205CE.NFO,07/01/2020,12:19:18,5.55,5.45,5400,5.6,8100,0,615600
COALINDIA30JAN20205CE.NFO,07/01/2020,12:19:35,5.55,5.5,2700,5.6,8100,0,615600
COALINDIA30JAN20205CE.NFO,07/01/2020,12:20:09,5.55,5.45,5400,5.6,8100,0,615600
COALINDIA30JAN20205CE.NFO,07/01/2020,12:20:15,5.55,5.5,8100,5.6,2700,0,615600
COALINDIA30JAN20205CE.NFO,07/01/2020,12:20:20,5.55,5.5,10800,5.65,5400,0,615600
COALINDIA30JAN20205CE.NFO,07/01/2020,12:20:26,5.55,5.5,10800,5.6,2700,0,615600
COALINDIA30JAN20205CE.NFO,07/01/2020,12:20:30,5.55,5.5,10800,5.65,13500,0,615600
COALINDIA30JAN20205CE.NFO,07/01/2020,12:20:55,5.55,5.5,8100,5.6,2700,0,615600
COALINDIA30JAN20205CE.NFO,07/01/2020,12:21:06,5.55,5.5,10800,5.65,5400,0,615600
COALINDIA30JAN20205CE.NFO,07/01/2020,12:21:21,5.55,5.5,10800,5.6,2700,0,615600
COALINDIA30JAN20205CE.NFO,07/01/2020,12:21:24,5.55,5.5,8100,5.65,8100,0,615600
COALINDIA30JAN20205CE.NFO,07/01/2020,12:21:37,5.55,5.55,2700,5.65,2700,0,615600
COALINDIA30JAN20205CE.NFO,07/01/2020,12:21:57,5.55,5.55,5400,5.65,2700,0,615600
COALINDIA30JAN20205CE.NFO,07/01/2020,12:22:04,5.55,5.55,2700,5.7,10800,0,615600
COALINDIA30JAN20205CE.NFO,07/01/2020,12:22:14,5.55,5.55,2700,5.65,2700,0,615600
COALINDIA30JAN20205CE.NFO,07/01/2020,12:22:20,5.55,5.55,5400,5.7,8100,0,615600
COALINDIA30JAN20205CE.NFO,07/01/2020,12:22:25,5.55,5.55,5400,5.65,2700,0,615600
COALINDIA30JAN20205CE.NFO,07/01/2020,12:22:32,5.55,5.55,5400,5.7,10800,0,615600
COALINDIA30JAN20205CE.NFO,07/01/2020,12:22:33,5.55,5.55,5400,5.65,2700,0,615600
COALINDIA30JAN20205CE.NFO,07/01/2020,12:22:52,5.55,5.65,2700,5.75,2700,0,615600
COALINDIA30JAN20205CE.NFO,07/01/2020,12:22:58,5.55,5.6,8100,5.7,2700,0,615600
COALINDIA30JAN20205CE.NFO,07/01/2020,12:23:02,5.55,5.6,2700,5.75,10800,0,615600
COALINDIA30JAN20205CE.NFO,07/01/2020,12:23:08,5.55,5.6,2700,5.7,2700,0,615600
COALINDIA30JAN20205CE.NFO,07/01/2020,12:23:18,5.55,5.6,8100,5.75,5400,0,615600
COALINDIA30JAN20205CE.NFO,07/01/2020,12:23:23,5.55,5.65,5400,5.75,2700,0,615600
COALINDIA30JAN20205CE.NFO,07/01/2020,12:23:30,5.55,5.6,8100,5.7,2700,0,615600
COALINDIA30JAN20205CE.NFO,07/01/2020,12:23:43,5.55,5.6,10800,5.7,2700,0,615600
COALINDIA30JAN20205CE.NFO,07/01/2020,12:24:12,5.55,5.6,13500,5.7,2700,0,615600
COALINDIA30JAN20205CE.NFO,07/01/2020,12:24:21,5.7,5.6,13500,5.75,13500,2700,612900
COALINDIA30JAN20205CE.NFO,07/01/2020,12:25:01,5.7,5.6,10800,5.75,16200,0,612900
COALINDIA30JAN20205CE.NFO,07/01/2020,12:25:44,5.7,5.65,2700,5.75,13500,0,612900
COALINDIA30JAN20205CE.NFO,07/01/2020,12:26:13,5.7,5.65,2700,5.75,16200,0,612900
COALINDIA30JAN20205CE.NFO,07/01/2020,12:26:29,5.7,5.65,2700,5.75,13500,0,612900
COALINDIA30JAN20205CE.NFO,07/01/2020,12:26:36,5.7,5.65,2700,5.75,16200,0,612900
COALINDIA30JAN20205CE.NFO,07/01/2020,12:27:05,5.7,5.65,2700,5.75,13500,0,612900
COALINDIA30JAN20205CE.NFO,07/01/2020,12:27:36,5.7,5.6,8100,5.75,13500,0,612900
COALINDIA30JAN20205CE.NFO,07/01/2020,12:28:18,5.7,5.55,8100,5.75,18900,0,612900
COALINDIA30JAN20205CE.NFO,07/01/2020,12:28:26,5.7,5.6,5400,5.75,18900,0,612900
COALINDIA30JAN20205CE.NFO,07/01/2020,12:28:50,5.6,5.55,5400,5.7,2700,5400,612900
COALINDIA30JAN20205CE.NFO,07/01/2020,12:28:53,5.6,5.55,5400,5.7,2700,0,612900
COALINDIA30JAN20205CE.NFO,07/01/2020,12:28:58,5.6,5.55,2700,5.65,10800,0,612900
COALINDIA30JAN20205CE.NFO,07/01/2020,12:29:04,5.6,5.55,2700,5.65,2700,0,612900
COALINDIA30JAN20205CE.NFO,07/01/2020,12:29:49,5.6,5.6,2700,5.7,2700,0,612900
COALINDIA30JAN20205CE.NFO,07/01/2020,12:29:55,5.6,5.6,5400,5.7,2700,0,612900
COALINDIA30JAN20205CE.NFO,07/01/2020,12:29:59,5.6,5.55,2700,5.7,8100,0,612900
COALINDIA30JAN20205CE.NFO,07/01/2020,12:30:03,5.6,5.55,2700,5.7,10800,0,612900
COALINDIA30JAN20205CE.NFO,07/01/2020,12:30:14,5.6,5.55,2700,5.65,2700,0,612900
COALINDIA30JAN20205CE.NFO,07/01/2020,12:30:23,5.55,5.5,5400,5.65,2700,2700,615600
COALINDIA30JAN20205CE.NFO,07/01/2020,12:30:28,5.55,5.55,5400,5.7,10800,0,615600
COALINDIA30JAN20205CE.NFO,07/01/2020,12:30:32,5.55,5.55,2700,5.7,10800,0,615600
COALINDIA30JAN20205CE.NFO,07/01/2020,12:30:35,5.55,5.5,5400,5.7,10800,0,615600
COALINDIA30JAN20205CE.NFO,07/01/2020,12:30:44,5.55,5.55,5400,5.7,10800,0,615600
COALINDIA30JAN20205CE.NFO,07/01/2020,12:30:51,5.55,5.55,2700,5.7,10800,0,615600
COALINDIA30JAN20205CE.NFO,07/01/2020,12:31:00,5.55,5.6,5400,5.7,2700,0,615600
COALINDIA30JAN20205CE.NFO,07/01/2020,12:31:07,5.55,5.55,2700,5.7,2700,0,615600
COALINDIA30JAN20205CE.NFO,07/01/2020,12:31:10,5.55,5.55,18900,5.75,10800,0,615600
COALINDIA30JAN20205CE.NFO,07/01/2020,12:31:16,5.55,5.55,18900,5.75,5400,0,615600
COALINDIA30JAN20205CE.NFO,07/01/2020,12:31:19,5.55,5.55,18900,5.75,13500,0,615600
COALINDIA30JAN20205CE.NFO,07/01/2020,12:31:26,5.55,5.5,2700,5.7,13500,0,615600
COALINDIA30JAN20205CE.NFO,07/01/2020,12:31:29,5.55,5.5,5400,5.7,13500,0,615600
COALINDIA30JAN20205CE.NFO,07/01/2020,12:32:08,5.55,5.5,2700,5.65,10800,0,615600
COALINDIA30JAN20205CE.NFO,07/01/2020,12:32:10,5.55,5.45,2700,5.6,2700,0,615600
COALINDIA30JAN20205CE.NFO,07/01/2020,12:32:37,5.55,5.4,5400,5.6,10800,0,615600
COALINDIA30JAN20205CE.NFO,07/01/2020,12:32:43,5.55,5.4,8100,5.6,10800,0,615600
COALINDIA30JAN20205CE.NFO,07/01/2020,12:33:42,5.55,5.45,2700,5.55,5400,0,615600
COALINDIA30JAN20205CE.NFO,07/01/2020,12:33:54,5.55,5.45,2700,5.55,2700,0,615600
COALINDIA30JAN20205CE.NFO,07/01/2020,12:34:06,5.55,5.4,2700,5.55,8100,0,615600
COALINDIA30JAN20205CE.NFO,07/01/2020,12:34:14,5.55,5.4,2700,5.55,10800,0,615600
COALINDIA30JAN20205CE.NFO,07/01/2020,12:34:23,5.4,5.4,2700,5.55,10800,2700,618300
COALINDIA30JAN20205CE.NFO,07/01/2020,12:34:40,5.4,5.4,2700,5.55,10800,0,618300
COALINDIA30JAN20205CE.NFO,07/01/2020,12:35:21,5.4,5.4,8100,5.55,2700,0,618300
COALINDIA30JAN20205CE.NFO,07/01/2020,12:35:27,5.4,5.4,8100,5.55,5400,0,618300
COALINDIA30JAN20205CE.NFO,07/01/2020,12:35:49,5.4,5.45,2700,5.55,5400,0,618300
COALINDIA30JAN20205CE.NFO,07/01/2020,12:35:51,5.4,5.4,2700,5.55,5400,0,618300
COALINDIA30JAN20205CE.NFO,07/01/2020,12:35:58,5.4,5.45,2700,5.55,5400,0,618300
COALINDIA30JAN20205CE.NFO,07/01/2020,12:36:03,5.4,5.4,5400,5.55,5400,0,618300
COALINDIA30JAN20205CE.NFO,07/01/2020,12:36:06,5.4,5.4,2700,5.55,10800,0,618300
COALINDIA30JAN20205CE.NFO,07/01/2020,12:36:18,5.4,5.3,8100,5.5,21600,0,618300
COALINDIA30JAN20205CE.NFO,07/01/2020,12:36:22,5.4,5.35,8100,5.5,2700,0,618300
COALINDIA30JAN20205CE.NFO,07/01/2020,12:36:25,5.4,5.35,2700,5.5,10800,0,618300
COALINDIA30JAN20205CE.NFO,07/01/2020,12:36:38,5.4,5.3,8100,5.5,10800,0,618300
COALINDIA30JAN20205CE.NFO,07/01/2020,12:36:43,5.4,5.35,2700,5.5,5400,0,618300
COALINDIA30JAN20205CE.NFO,07/01/2020,12:36:45,5.4,5.35,2700,5.5,10800,0,618300
COALINDIA30JAN20205CE.NFO,07/01/2020,12:36:48,5.4,5.3,8100,5.5,10800,0,618300
COALINDIA30JAN20205CE.NFO,07/01/2020,12:36:51,5.4,5.35,2700,5.5,10800,0,618300
COALINDIA30JAN20205CE.NFO,07/01/2020,12:37:04,5.4,5.3,8100,5.5,10800,0,618300
COALINDIA30JAN20205CE.NFO,07/01/2020,12:37:09,5.4,5.35,2700,5.5,5400,0,618300
COALINDIA30JAN20205CE.NFO,07/01/2020,12:37:11,5.4,5.3,8100,5.45,2700,0,618300
COALINDIA30JAN20205CE.NFO,07/01/2020,12:37:33,5.4,5.4,2700,5.55,5400,0,618300
COALINDIA30JAN20205CE.NFO,07/01/2020,12:37:34,5.4,5.4,5400,5.55,5400,0,618300
COALINDIA30JAN20205CE.NFO,07/01/2020,12:37:38,5.4,5.4,5400,5.55,2700,0,618300
COALINDIA30JAN20205CE.NFO,07/01/2020,12:37:46,5.4,5.4,10800,5.6,21600,0,618300
COALINDIA30JAN20205CE.NFO,07/01/2020,12:37:55,5.4,5.45,2700,5.6,16200,0,618300
COALINDIA30JAN20205CE.NFO,07/01/2020,12:38:01,5.4,5.45,2700,5.6,8100,0,618300
COALINDIA30JAN20205CE.NFO,07/01/2020,12:38:04,5.4,5.45,2700,5.6,5400,0,618300
COALINDIA30JAN20205CE.NFO,07/01/2020,12:38:41,5.4,5.4,2700,5.55,5400,0,618300
COALINDIA30JAN20205CE.NFO,07/01/2020,12:39:10,5.4,5.4,2700,5.55,8100,0,618300
COALINDIA30JAN20205CE.NFO,07/01/2020,12:39:13,5.4,5.35,5400,5.5,2700,0,618300
COALINDIA30JAN20205CE.NFO,07/01/2020,12:39:29,5.4,5.35,8100,5.5,5400,0,618300
COALINDIA30JAN20205CE.NFO,07/01/2020,12:39:32,5.4,5.35,8100,5.5,13500,0,618300
COALINDIA30JAN20205CE.NFO,07/01/2020,12:39:36,5.4,5.35,8100,5.5,8100,0,618300
COALINDIA30JAN20205CE.NFO,07/01/2020,12:40:05,5.4,5.3,5400,5.45,5400,0,618300
COALINDIA30JAN20205CE.NFO,07/01/2020,12:40:07,5.4,5.35,2700,5.45,2700,0,618300
COALINDIA30JAN20205CE.NFO,07/01/2020,12:40:33,5.4,5.4,2700,5.5,10800,0,618300
COALINDIA30JAN20205CE.NFO,07/01/2020,12:40:36,5.4,5.4,2700,5.45,2700,0,618300
COALINDIA30JAN20205CE.NFO,07/01/2020,12:40:41,5.45,5.35,2700,5.5,8100,2700,618300
COALINDIA30JAN20205CE.NFO,07/01/2020,12:40:47,5.45,5.35,5400,5.5,5400,0,618300
COALINDIA30JAN20205CE.NFO,07/01/2020,12:40:51,5.45,5.45,2700,5.55,2700,0,618300
COALINDIA30JAN20205CE.NFO,07/01/2020,12:40:54,5.45,5.45,5400,5.6,8100,0,618300
COALINDIA30JAN20205CE.NFO,07/01/2020,12:41:00,5.45,5.45,2700,5.55,2700,0,618300
COALINDIA30JAN20205CE.NFO,07/01/2020,12:41:07,5.45,5.4,10800,5.6,18900,0,618300
COALINDIA30JAN20205CE.NFO,07/01/2020,12:42:05,5.45,5.4,8100,5.55,5400,0,618300
COALINDIA30JAN20205CE.NFO,07/01/2020,12:42:08,5.45,5.4,8100,5.55,2700,0,618300
COALINDIA30JAN20205CE.NFO,07/01/2020,12:42:39,5.45,5.4,5400,5.55,2700,0,618300
COALINDIA30JAN20205CE.NFO,07/01/2020,12:42:49,5.45,5.4,8100,5.55,2700,0,618300
COALINDIA30JAN20205CE.NFO,07/01/2020,12:42:55,5.45,5.45,2700,5.55,2700,0,618300
COALINDIA30JAN20205CE.NFO,07/01/2020,12:42:59,5.45,5.4,8100,5.55,2700,0,618300
COALINDIA30JAN20205CE.NFO,07/01/2020,12:43:19,5.45,5.45,2700,5.55,2700,0,618300
COALINDIA30JAN20205CE.NFO,07/01/2020,12:43:21,5.45,5.35,5400,5.5,5400,0,618300
COALINDIA30JAN20205CE.NFO,07/01/2020,12:43:23,5.45,5.4,5400,5.5,2700,0,618300
COALINDIA30JAN20205CE.NFO,07/01/2020,12:43:25,5.45,5.35,5400,5.5,2700,0,618300
COALINDIA30JAN20205CE.NFO,07/01/2020,12:43:28,5.45,5.45,2700,5.55,8100,0,618300
COALINDIA30JAN20205CE.NFO,07/01/2020,12:43:34,5.45,5.45,2700,5.55,2700,0,618300
COALINDIA30JAN20205CE.NFO,07/01/2020,12:44:12,5.45,5.4,8100,5.6,10800,0,618300
COALINDIA30JAN20205CE.NFO,07/01/2020,12:44:14,5.45,5.45,8100,5.6,8100,0,618300
COALINDIA30JAN20205CE.NFO,07/01/2020,12:44:23,5.45,5.45,2700,5.6,10800,0,618300
COALINDIA30JAN20205CE.NFO,07/01/2020,12:44:44,5.45,5.45,5400,5.6,5400,0,618300
COALINDIA30JAN20205CE.NFO,07/01/2020,12:44:51,5.45,5.5,8100,5.6,2700,0,618300
COALINDIA30JAN20205CE.NFO,07/01/2020,12:45:09,5.45,5.5,5400,5.6,2700,0,618300
COALINDIA30JAN20205CE.NFO,07/01/2020,12:45:30,5.45,5.5,2700,5.6,2700,0,618300
COALINDIA30JAN20205CE.NFO,07/01/2020,12:45:46,5.45,5.45,8100,5.6,5400,0,618300
COALINDIA30JAN20205CE.NFO,07/01/2020,12:45:57,5.45,5.5,2700,5.6,5400,0,618300
COALINDIA30JAN20205CE.NFO,07/01/2020,12:46:13,5.45,5.5,5400,5.6,5400,0,618300
COALINDIA30JAN20205CE.NFO,07/01/2020,12:46:17,5.55,5.5,2700,5.6,5400,2700,621000
COALINDIA30JAN20205CE.NFO,07/01/2020,12:46:21,5.55,5.5,2700,5.6,5400,0,621000
COALINDIA30JAN20205CE.NFO,07/01/2020,12:46:38,5.55,5.5,5400,5.6,5400,0,621000
COALINDIA30JAN20205CE.NFO,07/01/2020,12:46:41,5.55,5.5,2700,5.6,5400,0,621000
COALINDIA30JAN20205CE.NFO,07/01/2020,12:46:50,5.55,5.45,8100,5.6,5400,0,621000
COALINDIA30JAN20205CE.NFO,07/01/2020,12:47:07,5.55,5.45,2700,5.6,5400,0,621000
COALINDIA30JAN20205CE.NFO,07/01/2020,12:47:10,5.55,5.45,2700,5.6,13500,0,621000
COALINDIA30JAN20205CE.NFO,07/01/2020,12:47:14,5.55,5.45,2700,5.6,5400,0,621000
COALINDIA30JAN20205CE.NFO,07/01/2020,12:47:23,5.55,5.5,2700,5.6,5400,0,621000
COALINDIA30JAN20205CE.NFO,07/01/2020,12:47:36,5.55,5.45,5400,5.6,5400,0,621000
COALINDIA30JAN20205CE.NFO,07/01/2020,12:47:44,5.55,5.45,2700,5.55,2700,0,621000
COALINDIA30JAN20205CE.NFO,07/01/2020,12:47:59,5.55,5.45,2700,5.55,5400,0,621000
COALINDIA30JAN20205CE.NFO,07/01/2020,12:48:03,5.55,5.45,2700,5.55,2700,0,621000
COALINDIA30JAN20205CE.NFO,07/01/2020,12:48:24,5.55,5.45,2700,5.55,5400,0,621000
COALINDIA30JAN20205CE.NFO,07/01/2020,12:48:49,5.55,5.45,2700,5.55,8100,0,621000
COALINDIA30JAN20205CE.NFO,07/01/2020,12:48:56,5.55,5.45,5400,5.55,8100,0,621000
COALINDIA30JAN20205CE.NFO,07/01/2020,12:49:03,5.55,5.45,2700,5.55,5400,0,621000
COALINDIA30JAN20205CE.NFO,07/01/2020,12:49:08,5.55,5.45,2700,5.55,8100,0,621000
COALINDIA30JAN20205CE.NFO,07/01/2020,12:49:22,5.55,5.4,8100,5.55,8100,0,621000
COALINDIA30JAN20205CE.NFO,07/01/2020,12:49:38,5.55,5.4,5400,5.55,8100,0,621000
COALINDIA30JAN20205CE.NFO,07/01/2020,12:50:03,5.55,5.45,2700,5.55,2700,0,621000
COALINDIA30JAN20205CE.NFO,07/01/2020,12:50:20,5.55,5.45,5400,5.55,2700,0,621000
COALINDIA30JAN20205CE.NFO,07/01/2020,12:51:42,5.55,5.5,5400,5.55,2700,0,621000
COALINDIA30JAN20205CE.NFO,07/01/2020,12:51:45,5.55,5.45,2700,5.55,2700,0,621000
COALINDIA30JAN20205CE.NFO,07/01/2020,12:51:48,5.55,5.45,5400,5.55,2700,0,621000
COALINDIA30JAN20205CE.NFO,07/01/2020,12:53:04,5.55,5.5,5400,5.55,2700,0,621000
COALINDIA30JAN20205CE.NFO,07/01/2020,12:53:07,5.55,5.45,5400,5.55,2700,0,621000
COALINDIA30JAN20205CE.NFO,07/01/2020,12:53:43,5.55,5.45,8100,5.55,2700,0,621000
COALINDIA30JAN20205CE.NFO,07/01/2020,12:53:45,5.55,5.5,2700,5.55,2700,0,621000
COALINDIA30JAN20205CE.NFO,07/01/2020,12:53:48,5.55,5.45,5400,5.55,5400,0,621000
COALINDIA30JAN20205CE.NFO,07/01/2020,12:54:02,5.55,5.45,2700,5.5,2700,0,621000
COALINDIA30JAN20205CE.NFO,07/01/2020,12:54:07,5.55,5.4,5400,5.5,2700,0,621000
COALINDIA30JAN20205CE.NFO,07/01/2020,12:54:13,5.55,5.45,2700,5.55,5400,0,621000
COALINDIA30JAN20205CE.NFO,07/01/2020,12:54:26,5.55,5.45,5400,5.55,5400,0,621000
COALINDIA30JAN20205CE.NFO,07/01/2020,12:54:38,5.55,5.45,2700,5.55,5400,0,621000
COALINDIA30JAN20205CE.NFO,07/01/2020,12:54:47,5.55,5.45,5400,5.55,5400,0,621000
COALINDIA30JAN20205CE.NFO,07/01/2020,12:55:21,5.55,5.45,2700,5.55,5400,0,621000
COALINDIA30JAN20205CE.NFO,07/01/2020,12:55:48,5.55,5.5,2700,5.55,5400,0,621000
COALINDIA30JAN20205CE.NFO,07/01/2020,12:55:52,5.55,5.45,8100,5.55,5400,0,621000
COALINDIA30JAN20205CE.NFO,07/01/2020,12:55:55,5.55,5.5,2700,5.55,5400,0,621000
COALINDIA30JAN20205CE.NFO,07/01/2020,12:56:02,5.55,5.45,8100,5.55,5400,0,621000
COALINDIA30JAN20205CE.NFO,07/01/2020,12:56:04,5.55,5.45,5400,5.55,5400,0,621000
COALINDIA30JAN20205CE.NFO,07/01/2020,12:56:28,5.55,5.5,2700,5.55,2700,2700,618300
COALINDIA30JAN20205CE.NFO,07/01/2020,12:56:32,5.55,5.45,8100,5.55,2700,0,618300
COALINDIA30JAN20205CE.NFO,07/01/2020,12:57:01,5.55,5.5,2700,5.55,2700,0,618300
COALINDIA30JAN20205CE.NFO,07/01/2020,12:57:08,5.55,5.45,8100,5.55,2700,0,618300
COALINDIA30JAN20205CE.NFO,07/01/2020,12:57:10,5.55,5.5,2700,5.55,2700,0,618300
COALINDIA30JAN20205CE.NFO,07/01/2020,12:57:35,5.55,5.45,8100,5.55,2700,0,618300
COALINDIA30JAN20205CE.NFO,07/01/2020,12:57:38,5.55,5.5,2700,5.6,8100,2700,618300
COALINDIA30JAN20205CE.NFO,07/01/2020,12:57:42,5.55,5.5,2700,5.6,8100,0,618300
COALINDIA30JAN20205CE.NFO,07/01/2020,12:58:12,5.55,5.45,2700,5.55,2700,0,618300
COALINDIA30JAN20205CE.NFO,07/01/2020,12:58:17,5.55,5.5,2700,5.6,8100,0,618300
COALINDIA30JAN20205CE.NFO,07/01/2020,12:58:33,5.55,5.5,5400,5.6,8100,0,618300
COALINDIA30JAN20205CE.NFO,07/01/2020,12:58:38,5.55,5.45,5400,5.55,2700,5400,618300
COALINDIA30JAN20205CE.NFO,07/01/2020,12:58:42,5.55,5.45,5400,5.55,2700,0,618300
COALINDIA30JAN20205CE.NFO,07/01/2020,12:58:52,5.55,5.45,5400,5.6,8100,0,618300
COALINDIA30JAN20205CE.NFO,07/01/2020,12:59:10,5.55,5.4,5400,5.55,5400,0,618300
COALINDIA30JAN20205CE.NFO,07/01/2020,12:59:28,5.55,5.4,2700,5.55,5400,0,618300
COALINDIA30JAN20205CE.NFO,07/01/2020,12:59:47,5.4,5.4,5400,5.55,2700,2700,618300
COALINDIA30JAN20205CE.NFO,07/01/2020,12:59:54,5.4,5.4,2700,5.55,2700,0,618300
COALINDIA30JAN20205CE.NFO,07/01/2020,13:00:03,5.4,5.35,5400,5.5,5400,0,618300
COALINDIA30JAN20205CE.NFO,07/01/2020,13:00:16,5.4,5.35,2700,5.45,2700,0,618300
COALINDIA30JAN20205CE.NFO,07/01/2020,13:00:45,5.4,5.35,2700,5.4,2700,0,618300
COALINDIA30JAN20205CE.NFO,07/01/2020,13:00:55,5.4,5.35,2700,5.4,5400,0,618300
COALINDIA30JAN20205CE.NFO,07/01/2020,13:01:04,5.4,5.3,2700,5.35,2700,0,618300
COALINDIA30JAN20205CE.NFO,07/01/2020,13:01:11,5.4,5.25,2700,5.35,2700,0,618300
COALINDIA30JAN20205CE.NFO,07/01/2020,13:01:28,5.4,5.2,5400,5.35,5400,0,618300
COALINDIA30JAN20205CE.NFO,07/01/2020,13:01:40,5.4,5.2,2700,5.35,5400,0,618300
COALINDIA30JAN20205CE.NFO,07/01/2020,13:01:45,5.2,5.2,5400,5.35,8100,2700,610200
COALINDIA30JAN20205CE.NFO,07/01/2020,13:01:50,5.2,5.2,5400,5.35,8100,0,610200
COALINDIA30JAN20205CE.NFO,07/01/2020,13:01:55,5.2,5.2,5400,5.3,2700,0,610200
COALINDIA30JAN20205CE.NFO,07/01/2020,13:02:01,5.2,5.2,5400,5.3,5400,0,610200
COALINDIA30JAN20205CE.NFO,07/01/2020,13:02:06,5.2,5.25,2700,5.3,2700,0,610200
COALINDIA30JAN20205CE.NFO,07/01/2020,13:02:12,5.2,5.2,5400,5.3,5400,0,610200
COALINDIA30JAN20205CE.NFO,07/01/2020,13:02:16,5.2,5.2,2700,5.3,5400,0,610200
COALINDIA30JAN20205CE.NFO,07/01/2020,13:02:30,5.2,5.15,5400,5.25,5400,0,610200
COALINDIA30JAN20205CE.NFO,07/01/2020,13:02:35,5.2,5.15,10800,5.25,2700,2700,610200
COALINDIA30JAN20205CE.NFO,07/01/2020,13:02:39,5.2,5.15,10800,5.25,2700,0,610200
COALINDIA30JAN20205CE.NFO,07/01/2020,13:02:42,5.2,5.15,10800,5.3,5400,0,610200
COALINDIA30JAN20205CE.NFO,07/01/2020,13:03:07,5.2,5.15,8100,5.3,5400,0,610200
COALINDIA30JAN20205CE.NFO,07/01/2020,13:03:24,5.2,5.15,8100,5.2,2700,0,610200
COALINDIA30JAN20205CE.NFO,07/01/2020,13:03:30,5.2,5.15,5400,5.2,2700,0,610200
COALINDIA30JAN20205CE.NFO,07/01/2020,13:03:45,5.2,5.15,2700,5.2,2700,0,610200
COALINDIA30JAN20205CE.NFO,07/01/2020,13:03:56,5.15,5.1,8100,5.2,2700,2700,612900
COALINDIA30JAN20205CE.NFO,07/01/2020,13:04:00,5.15,5.15,2700,5.2,2700,0,612900
COALINDIA30JAN20205CE.NFO,07/01/2020,13:04:04,5.15,5.1,8100,5.2,2700,0,612900
COALINDIA30JAN20205CE.NFO,07/01/2020,13:04:07,5.15,5.15,2700,5.2,2700,0,612900
COALINDIA30JAN20205CE.NFO,07/01/2020,13:04:25,5.15,5.1,8100,5.2,2700,2700,612900
COALINDIA30JAN20205CE.NFO,07/01/2020,13:04:33,5.15,5.1,8100,5.2,2700,0,612900
COALINDIA30JAN20205CE.NFO,07/01/2020,13:04:45,5.15,5.15,2700,5.2,2700,0,612900
COALINDIA30JAN20205CE.NFO,07/01/2020,13:04:52,5.15,5.1,2700,5.2,8100,2700,612900
COALINDIA30JAN20205CE.NFO,07/01/2020,13:05:03,5.15,5.05,2700,5.15,5400,0,612900
COALINDIA30JAN20205CE.NFO,07/01/2020,13:05:10,5,4.9,10800,5.05,5400,2700,612900
COALINDIA30JAN20205CE.NFO,07/01/2020,13:05:23,5,4.95,5400,5.1,5400,5400,612900
COALINDIA30JAN20205CE.NFO,07/01/2020,13:05:28,5,5.05,5400,5.2,8100,0,612900
COALINDIA30JAN20205CE.NFO,07/01/2020,13:05:34,5,5.1,5400,5.2,2700,0,612900
COALINDIA30JAN20205CE.NFO,07/01/2020,13:05:40,5.2,5.2,2700,5.3,2700,2700,612900
COALINDIA30JAN20205CE.NFO,07/01/2020,13:05:54,5.2,5.15,8100,5.3,5400,0,612900
COALINDIA30JAN20205CE.NFO,07/01/2020,13:06:11,5.2,5.15,5400,5.25,2700,0,612900
COALINDIA30JAN20205CE.NFO,07/01/2020,13:06:44,5.2,5.15,8100,5.3,2700,2700,604800
COALINDIA30JAN20205CE.NFO,07/01/2020,13:06:49,5.2,5.15,8100,5.25,2700,0,604800
COALINDIA30JAN20205CE.NFO,07/01/2020,13:06:59,5.25,5.15,2700,5.25,2700,2700,604800
COALINDIA30JAN20205CE.NFO,07/01/2020,13:07:18,5.25,5.15,2700,5.3,5400,0,604800
COALINDIA30JAN20205CE.NFO,07/01/2020,13:07:22,5.25,5.15,8100,5.3,2700,0,604800
COALINDIA30JAN20205CE.NFO,07/01/2020,13:07:27,5.25,5.15,10800,5.3,5400,0,604800
COALINDIA30JAN20205CE.NFO,07/01/2020,13:07:31,5.25,5.15,8100,5.3,5400,0,604800
COALINDIA30JAN20205CE.NFO,07/01/2020,13:07:56,5.25,5.15,5400,5.3,5400,0,604800
COALINDIA30JAN20205CE.NFO,07/01/2020,13:08:01,5.25,5.2,2700,5.3,5400,0,604800
COALINDIA30JAN20205CE.NFO,07/01/2020,13:08:07,5.25,5.15,8100,5.3,5400,0,604800
COALINDIA30JAN20205CE.NFO,07/01/2020,13:08:13,5.25,5.15,10800,5.3,5400,0,604800
COALINDIA30JAN20205CE.NFO,07/01/2020,13:08:19,5.25,5.15,5400,5.3,8100,0,604800
COALINDIA30JAN20205CE.NFO,07/01/2020,13:08:26,5.25,5.1,8100,5.25,5400,0,604800
COALINDIA30JAN20205CE.NFO,07/01/2020,13:08:33,5.25,5.1,2700,5.25,8100,0,604800
COALINDIA30JAN20205CE.NFO,07/01/2020,13:08:40,5.25,5.05,10800,5.2,2700,0,604800
COALINDIA30JAN20205CE.NFO,07/01/2020,13:08:46,5.25,5.1,2700,5.25,5400,0,604800
COALINDIA30JAN20205CE.NFO,07/01/2020,13:09:03,5.25,5.1,5400,5.2,2700,0,604800
COALINDIA30JAN20205CE.NFO,07/01/2020,13:09:08,5.25,5.1,2700,5.2,2700,0,604800
COALINDIA30JAN20205CE.NFO,07/01/2020,13:09:15,5.25,5.15,2700,5.25,2700,0,604800
COALINDIA30JAN20205CE.NFO,07/01/2020,13:09:28,5.25,5.1,5400,5.25,5400,0,604800
COALINDIA30JAN20205CE.NFO,07/01/2020,13:09:40,5.25,5.15,2700,5.25,5400,0,604800
COALINDIA30JAN20205CE.NFO,07/01/2020,13:09:45,5.25,5.1,2700,5.2,2700,0,604800
COALINDIA30JAN20205CE.NFO,07/01/2020,13:09:52,5.25,5.1,5400,5.25,5400,0,604800
COALINDIA30JAN20205CE.NFO,07/01/2020,13:09:58,5.25,5.05,8100,5.25,5400,0,604800
COALINDIA30JAN20205CE.NFO,07/01/2020,13:10:04,5.25,5.05,5400,5.2,5400,0,604800
COALINDIA30JAN20205CE.NFO,07/01/2020,13:10:15,5.25,5.05,2700,5.2,10800,0,604800
COALINDIA30JAN20205CE.NFO,07/01/2020,13:10:20,5.25,5,5400,5.15,5400,0,604800
COALINDIA30JAN20205CE.NFO,07/01/2020,13:10:42,5.25,5.05,2700,5.15,5400,0,604800
COALINDIA30JAN20205CE.NFO,07/01/2020,13:10:46,5.25,5,8100,5.15,2700,0,604800
COALINDIA30JAN20205CE.NFO,07/01/2020,13:11:00,5.25,5.05,2700,5.2,8100,0,604800
COALINDIA30JAN20205CE.NFO,07/01/2020,13:11:09,5.25,5.05,2700,5.15,2700,0,604800
