Ticker,Date,Time,LTP,BuyPrice,BuyQty,SellPrice,SellQty,LTQ,OpenInterest
COALINDIA30JAN20200PE.NFO,07/01/2020,09:24:00,4.25,4.2,2700,4.35,2700,5400,502200
COALINDIA30JAN20200PE.NFO,07/01/2020,09:24:00,4.35,4.2,2700,4.35,2700,0,502200
COALINDIA30JAN20200PE.NFO,07/01/2020,09:24:00,4.35,4.2,2700,4.35,2700,0,502200
COALINDIA30JAN20200PE.NFO,07/01/2020,09:24:00,4.25,4.2,2700,4.35,2700,0,502200
COALINDIA30JAN20200PE.NFO,07/01/2020,09:24:07,4.35,4.2,8100,4.4,5400,2700,502200
COALINDIA30JAN20200PE.NFO,07/01/2020,09:24:15,4.35,4.25,5400,4.5,8100,0,502200
COALINDIA30JAN20200PE.NFO,07/01/2020,09:24:36,4.35,4.3,8100,4.55,10800,0,502200
COALINDIA30JAN20200PE.NFO,07/01/2020,09:25:01,4.35,4.3,2700,4.5,8100,0,502200
COALINDIA30JAN20200PE.NFO,07/01/2020,09:25:30,4.35,4.3,8100,4.55,8100,0,502200
COALINDIA30JAN20200PE.NFO,07/01/2020,09:26:15,4.35,4.3,8100,4.5,10800,0,502200
COALINDIA30JAN20200PE.NFO,07/01/2020,09:26:26,4.35,4.25,5400,4.45,8100,0,502200
COALINDIA30JAN20200PE.NFO,07/01/2020,09:26:39,4.25,4.25,2700,4.45,8100,8100,504900
COALINDIA30JAN20200PE.NFO,07/01/2020,09:26:45,4.25,4.25,2700,4.45,5400,0,504900
COALINDIA30JAN20200PE.NFO,07/01/2020,09:26:56,4.25,4.25,2700,4.5,5400,0,504900
COALINDIA30JAN20200PE.NFO,07/01/2020,09:27:06,4.25,4.25,2700,4.45,8100,0,504900
COALINDIA30JAN20200PE.NFO,07/01/2020,09:27:11,4.25,4.25,2700,4.45,5400,0,504900
COALINDIA30JAN20200PE.NFO,07/01/2020,09:27:24,4.25,4.35,2700,4.55,8100,0,504900
COALINDIA30JAN20200PE.NFO,07/01/2020,09:27:31,4.25,4.35,2700,4.6,5400,0,504900
COALINDIA30JAN20200PE.NFO,07/01/2020,09:27:53,4.25,4.45,2700,4.55,5400,0,504900
COALINDIA30JAN20200PE.NFO,07/01/2020,09:28:08,4.25,4.45,2700,4.55,8100,0,504900
COALINDIA30JAN20200PE.NFO,07/01/2020,09:28:26,4.25,4.5,2700,4.55,5400,0,504900
COALINDIA30JAN20200PE.NFO,07/01/2020,09:28:37,4.25,4.5,2700,4.6,5400,0,504900
COALINDIA30JAN20200PE.NFO,07/01/2020,09:28:42,4.25,4.5,2700,4.6,8100,0,504900
COALINDIA30JAN20200PE.NFO,07/01/2020,09:28:48,4.25,4.45,2700,4.55,5400,0,504900
COALINDIA30JAN20200PE.NFO,07/01/2020,09:28:54,4.25,4.45,2700,4.5,5400,0,504900
COALINDIA30JAN20200PE.NFO,07/01/2020,09:29:00,4.25,4.45,2700,4.55,8100,0,504900
COALINDIA30JAN20200PE.NFO,07/01/2020,09:29:06,4.25,4.4,2700,4.5,5400,0,504900
COALINDIA30JAN20200PE.NFO,07/01/2020,09:29:24,4.25,4.45,2700,4.5,5400,0,504900
COALINDIA30JAN20200PE.NFO,07/01/2020,09:29:36,4.25,4.4,2700,4.5,8100,0,504900
COALINDIA30JAN20200PE.NFO,07/01/2020,09:29:49,4.25,4.45,2700,4.55,8100,0,504900
COALINDIA30JAN20200PE.NFO,07/01/2020,09:29:55,4.25,4.5,2700,4.55,5400,0,504900
COALINDIA30JAN20200PE.NFO,07/01/2020,09:30:07,4.25,4.5,2700,4.55,8100,0,504900
COALINDIA30JAN20200PE.NFO,07/01/2020,09:30:21,4.5,4.3,10800,4.55,8100,2700,504900
COALINDIA30JAN20200PE.NFO,07/01/2020,09:30:21,4.5,4.3,10800,4.55,8100,0,504900
COALINDIA30JAN20200PE.NFO,07/01/2020,09:30:27,4.3,4.3,2700,4.5,2700,2700,504900
COALINDIA30JAN20200PE.NFO,07/01/2020,09:30:37,4.3,4.3,2700,4.55,8100,0,504900
COALINDIA30JAN20200PE.NFO,07/01/2020,09:30:48,4.3,4.3,2700,4.5,8100,0,504900
COALINDIA30JAN20200PE.NFO,07/01/2020,09:30:58,4.3,4.3,2700,4.5,5400,0,504900
COALINDIA30JAN20200PE.NFO,07/01/2020,09:31:11,4.3,4.3,2700,4.5,8100,0,504900
COALINDIA30JAN20200PE.NFO,07/01/2020,09:31:23,4.3,4.3,2700,4.5,5400,0,504900
COALINDIA30JAN20200PE.NFO,07/01/2020,09:31:34,4.3,4.3,2700,4.5,8100,0,504900
COALINDIA30JAN20200PE.NFO,07/01/2020,09:31:45,4.3,4.3,2700,4.45,2700,0,504900
COALINDIA30JAN20200PE.NFO,07/01/2020,09:31:59,4.3,4.15,8100,4.45,5400,0,504900
COALINDIA30JAN20200PE.NFO,07/01/2020,09:32:14,4.3,4.15,8100,4.45,8100,0,504900
COALINDIA30JAN20200PE.NFO,07/01/2020,09:32:33,4.3,4.15,2700,4.4,16200,0,504900
COALINDIA30JAN20200PE.NFO,07/01/2020,09:33:01,4.3,4.15,2700,4.4,13500,0,504900
COALINDIA30JAN20200PE.NFO,07/01/2020,09:33:07,4.3,4.2,2700,4.4,2700,0,504900
COALINDIA30JAN20200PE.NFO,07/01/2020,09:33:18,4.3,4.3,2700,4.45,5400,0,504900
COALINDIA30JAN20200PE.NFO,07/01/2020,09:33:30,4.3,4.25,2700,4.4,5400,0,504900
COALINDIA30JAN20200PE.NFO,07/01/2020,09:33:35,4.3,4.2,2700,4.35,5400,2700,504900
COALINDIA30JAN20200PE.NFO,07/01/2020,09:33:40,4.3,4.15,2700,4.35,8100,0,504900
COALINDIA30JAN20200PE.NFO,07/01/2020,09:33:46,4.3,4.05,10800,4.35,8100,0,504900
COALINDIA30JAN20200PE.NFO,07/01/2020,09:33:56,4.3,4.05,10800,4.3,8100,0,504900
COALINDIA30JAN20200PE.NFO,07/01/2020,09:34:06,4.3,4.05,10800,4.3,5400,0,504900
COALINDIA30JAN20200PE.NFO,07/01/2020,09:34:11,4.3,4.05,10800,4.3,8100,0,504900
COALINDIA30JAN20200PE.NFO,07/01/2020,09:35:07,4.3,3.95,8100,4.25,8100,0,504900
COALINDIA30JAN20200PE.NFO,07/01/2020,09:35:11,4.3,4.05,5400,4.25,8100,0,504900
COALINDIA30JAN20200PE.NFO,07/01/2020,09:35:38,4.3,4.05,5400,4.25,10800,0,504900
COALINDIA30JAN20200PE.NFO,07/01/2020,09:35:44,4.3,4.05,2700,4.25,5400,0,504900
COALINDIA30JAN20200PE.NFO,07/01/2020,09:35:58,4.3,4.05,2700,4.25,8100,0,504900
COALINDIA30JAN20200PE.NFO,07/01/2020,09:36:16,4.3,4.05,5400,4.25,8100,0,504900
COALINDIA30JAN20200PE.NFO,07/01/2020,09:36:22,4.3,4.05,2700,4.25,8100,0,504900
COALINDIA30JAN20200PE.NFO,07/01/2020,09:36:28,4.3,4.1,2700,4.25,5400,0,504900
COALINDIA30JAN20200PE.NFO,07/01/2020,09:36:42,4.3,4.1,2700,4.3,8100,0,504900
COALINDIA30JAN20200PE.NFO,07/01/2020,09:36:58,4.3,4.05,5400,4.3,8100,0,504900
COALINDIA30JAN20200PE.NFO,07/01/2020,09:37:03,4.3,4,10800,4.3,5400,0,504900
COALINDIA30JAN20200PE.NFO,07/01/2020,09:37:22,4.3,4,10800,4.3,8100,0,504900
COALINDIA30JAN20200PE.NFO,07/01/2020,09:37:38,4.3,4,10800,4.3,5400,0,504900
COALINDIA30JAN20200PE.NFO,07/01/2020,09:37:56,4.3,4,13500,4.3,5400,0,504900
COALINDIA30JAN20200PE.NFO,07/01/2020,09:38:05,4.3,4,16200,4.3,5400,0,504900
COALINDIA30JAN20200PE.NFO,07/01/2020,09:38:25,4.3,4,16200,4.3,8100,0,504900
COALINDIA30JAN20200PE.NFO,07/01/2020,09:38:38,4.3,4,13500,4.25,8100,0,504900
COALINDIA30JAN20200PE.NFO,07/01/2020,09:38:43,4.3,4,5400,4.25,18900,0,504900
COALINDIA30JAN20200PE.NFO,07/01/2020,09:38:48,4.3,4,5400,4.25,16200,0,504900
COALINDIA30JAN20200PE.NFO,07/01/2020,09:38:57,4.3,4,2700,4.25,16200,0,504900
COALINDIA30JAN20200PE.NFO,07/01/2020,09:39:02,4.3,4,2700,4.25,18900,0,504900
COALINDIA30JAN20200PE.NFO,07/01/2020,09:39:22,4.3,4.05,2700,4.25,16200,0,504900
COALINDIA30JAN20200PE.NFO,07/01/2020,09:39:28,4.3,4.05,2700,4.2,8100,0,504900
COALINDIA30JAN20200PE.NFO,07/01/2020,09:39:57,4.3,4.05,2700,4.2,13500,0,504900
COALINDIA30JAN20200PE.NFO,07/01/2020,09:40:07,4.3,4.05,2700,4.15,10800,0,504900
COALINDIA30JAN20200PE.NFO,07/01/2020,09:40:18,4.3,4.05,2700,4.15,8100,0,504900
COALINDIA30JAN20200PE.NFO,07/01/2020,09:40:24,4.3,4.05,2700,4.2,5400,0,504900
COALINDIA30JAN20200PE.NFO,07/01/2020,09:40:29,4.3,4.05,5400,4.2,8100,0,504900
COALINDIA30JAN20200PE.NFO,07/01/2020,09:40:39,4.3,4.05,5400,4.2,5400,0,504900
COALINDIA30JAN20200PE.NFO,07/01/2020,09:40:44,4.3,4.1,2700,4.2,8100,0,504900
COALINDIA30JAN20200PE.NFO,07/01/2020,09:40:54,4.3,4.1,2700,4.2,5400,0,504900
COALINDIA30JAN20200PE.NFO,07/01/2020,09:40:58,4.3,4.1,2700,4.15,10800,0,504900
COALINDIA30JAN20200PE.NFO,07/01/2020,09:41:03,4.3,4.1,2700,4.15,8100,0,504900
COALINDIA30JAN20200PE.NFO,07/01/2020,09:41:09,4.3,4.1,2700,4.15,2700,0,504900
COALINDIA30JAN20200PE.NFO,07/01/2020,09:41:14,4.3,4.1,2700,4.15,5400,0,504900
COALINDIA30JAN20200PE.NFO,07/01/2020,09:41:23,4.3,4.1,2700,4.15,8100,0,504900
COALINDIA30JAN20200PE.NFO,07/01/2020,09:41:42,4.3,4.1,2700,4.15,2700,0,504900
COALINDIA30JAN20200PE.NFO,07/01/2020,09:41:47,4.15,4.1,2700,4.15,2700,2700,504900
COALINDIA30JAN20200PE.NFO,07/01/2020,09:41:47,4.15,4.1,2700,4.15,2700,0,504900
COALINDIA30JAN20200PE.NFO,07/01/2020,09:41:52,4.1,4.05,8100,4.15,13500,2700,504900
COALINDIA30JAN20200PE.NFO,07/01/2020,09:41:52,4.1,4.05,8100,4.15,13500,0,504900
COALINDIA30JAN20200PE.NFO,07/01/2020,09:41:58,4.1,4.05,8100,4.15,10800,0,504900
COALINDIA30JAN20200PE.NFO,07/01/2020,09:42:05,4.15,4.05,10800,4.2,8100,2700,504900
COALINDIA30JAN20200PE.NFO,07/01/2020,09:42:11,4.15,4.05,10800,4.2,8100,0,504900
COALINDIA30JAN20200PE.NFO,07/01/2020,09:42:18,4.15,4.1,2700,4.2,8100,0,504900
COALINDIA30JAN20200PE.NFO,07/01/2020,09:42:32,4.15,4.1,2700,4.15,2700,0,504900
COALINDIA30JAN20200PE.NFO,07/01/2020,09:42:40,4.15,4.1,2700,4.15,8100,0,504900
COALINDIA30JAN20200PE.NFO,07/01/2020,09:42:58,4.15,4.1,2700,4.15,5400,0,504900
COALINDIA30JAN20200PE.NFO,07/01/2020,09:43:03,4.1,4.05,2700,4.1,8100,2700,504900
COALINDIA30JAN20200PE.NFO,07/01/2020,09:43:10,4.1,4.05,8100,4.15,8100,0,504900
COALINDIA30JAN20200PE.NFO,07/01/2020,09:43:20,4.1,4.05,5400,4.1,2700,0,504900
COALINDIA30JAN20200PE.NFO,07/01/2020,09:43:25,4.1,4.05,5400,4.15,8100,0,504900
COALINDIA30JAN20200PE.NFO,07/01/2020,09:43:31,4.1,4.05,5400,4.15,8100,2700,504900
COALINDIA30JAN20200PE.NFO,07/01/2020,09:43:35,4.1,4.05,2700,4.1,8100,0,504900
COALINDIA30JAN20200PE.NFO,07/01/2020,09:43:40,4.1,4.05,2700,4.1,5400,0,504900
COALINDIA30JAN20200PE.NFO,07/01/2020,09:43:45,4.1,4.05,2700,4.1,8100,0,504900
COALINDIA30JAN20200PE.NFO,07/01/2020,09:43:50,4.1,4,8100,4.1,5400,0,504900
COALINDIA30JAN20200PE.NFO,07/01/2020,09:43:55,4.1,4,5400,4.05,2700,0,504900
COALINDIA30JAN20200PE.NFO,07/01/2020,09:44:06,4.1,4,8100,4.1,8100,0,504900
COALINDIA30JAN20200PE.NFO,07/01/2020,09:44:27,4.1,4,5400,4.1,2700,0,504900
COALINDIA30JAN20200PE.NFO,07/01/2020,09:44:33,4.1,4.05,8100,4.15,5400,0,504900
COALINDIA30JAN20200PE.NFO,07/01/2020,09:44:44,4.1,4.05,2700,4.2,8100,0,504900
COALINDIA30JAN20200PE.NFO,07/01/2020,09:44:49,4.1,4.05,2700,4.15,2700,0,504900
COALINDIA30JAN20200PE.NFO,07/01/2020,09:44:54,4.15,4.1,2700,4.2,8100,10800,510300
COALINDIA30JAN20200PE.NFO,07/01/2020,09:45:00,4.15,4.05,2700,4.15,2700,0,510300
COALINDIA30JAN20200PE.NFO,07/01/2020,09:45:05,4.15,4.15,2700,4.2,8100,8100,510300
COALINDIA30JAN20200PE.NFO,07/01/2020,09:45:12,4.15,4.15,2700,4.2,8100,0,510300
COALINDIA30JAN20200PE.NFO,07/01/2020,09:45:18,4.2,4.1,2700,4.2,8100,2700,510300
COALINDIA30JAN20200PE.NFO,07/01/2020,09:45:24,4.2,4.1,2700,4.2,5400,0,510300
COALINDIA30JAN20200PE.NFO,07/01/2020,09:45:29,4.2,4.1,2700,4.2,8100,0,510300
COALINDIA30JAN20200PE.NFO,07/01/2020,09:45:34,4.2,4.1,5400,4.15,2700,0,510300
COALINDIA30JAN20200PE.NFO,07/01/2020,09:45:39,4.1,4.1,5400,4.2,8100,2700,510300
COALINDIA30JAN20200PE.NFO,07/01/2020,09:45:43,4.1,4.1,2700,4.2,8100,0,510300
COALINDIA30JAN20200PE.NFO,07/01/2020,09:45:48,4.1,4.1,2700,4.15,2700,0,510300
COALINDIA30JAN20200PE.NFO,07/01/2020,09:46:16,4.1,4.05,2700,4.15,10800,2700,510300
COALINDIA30JAN20200PE.NFO,07/01/2020,09:46:20,4.1,4.05,2700,4.15,10800,0,510300
COALINDIA30JAN20200PE.NFO,07/01/2020,09:46:37,4.1,4.1,8100,4.15,8100,2700,510300
COALINDIA30JAN20200PE.NFO,07/01/2020,09:46:42,4.15,4.05,5400,4.15,16200,8100,510300
COALINDIA30JAN20200PE.NFO,07/01/2020,09:46:48,4.15,4.05,2700,4.15,16200,0,510300
COALINDIA30JAN20200PE.NFO,07/01/2020,09:46:56,4.15,4.05,5400,4.15,16200,0,510300
COALINDIA30JAN20200PE.NFO,07/01/2020,09:47:05,4.15,4,10800,4.1,2700,0,510300
COALINDIA30JAN20200PE.NFO,07/01/2020,09:47:09,4,3.95,5400,4.05,5400,5400,510300
COALINDIA30JAN20200PE.NFO,07/01/2020,09:47:09,4,3.95,5400,4.05,5400,0,510300
COALINDIA30JAN20200PE.NFO,07/01/2020,09:47:14,4,3.9,5400,4,2700,0,510300
COALINDIA30JAN20200PE.NFO,07/01/2020,09:47:35,4,3.95,2700,4.05,10800,0,510300
COALINDIA30JAN20200PE.NFO,07/01/2020,09:47:40,4,3.9,8100,4.05,10800,0,510300
COALINDIA30JAN20200PE.NFO,07/01/2020,09:47:50,4,3.9,5400,4,8100,0,510300
COALINDIA30JAN20200PE.NFO,07/01/2020,09:48:08,4,3.9,5400,4,10800,0,510300
COALINDIA30JAN20200PE.NFO,07/01/2020,09:48:16,4,3.9,8100,4,5400,0,510300
COALINDIA30JAN20200PE.NFO,07/01/2020,09:48:28,4,3.9,8100,4,2700,0,510300
COALINDIA30JAN20200PE.NFO,07/01/2020,09:48:32,4.05,3.95,10800,4.1,8100,2700,518400
COALINDIA30JAN20200PE.NFO,07/01/2020,09:48:37,4.05,3.95,10800,4.1,8100,0,518400
COALINDIA30JAN20200PE.NFO,07/01/2020,09:48:42,4.05,4,13500,4.1,5400,0,518400
COALINDIA30JAN20200PE.NFO,07/01/2020,09:48:54,4.05,3.95,13500,4.1,8100,0,518400
COALINDIA30JAN20200PE.NFO,07/01/2020,09:48:58,4.05,4,10800,4.1,5400,0,518400
COALINDIA30JAN20200PE.NFO,07/01/2020,09:49:02,4.05,4,5400,4.1,5400,0,518400
COALINDIA30JAN20200PE.NFO,07/01/2020,09:49:10,4.05,4,5400,4.1,2700,0,518400
COALINDIA30JAN20200PE.NFO,07/01/2020,09:49:28,4.05,4,2700,4.1,2700,0,518400
COALINDIA30JAN20200PE.NFO,07/01/2020,09:49:34,4.1,4.05,8100,4.15,2700,2700,518400
COALINDIA30JAN20200PE.NFO,07/01/2020,09:49:39,4.1,4.05,2700,4.15,2700,0,518400
COALINDIA30JAN20200PE.NFO,07/01/2020,09:49:54,4.1,4,2700,4.1,8100,0,518400
COALINDIA30JAN20200PE.NFO,07/01/2020,09:49:58,4.1,4,10800,4.1,2700,0,518400
COALINDIA30JAN20200PE.NFO,07/01/2020,09:50:00,4.1,4,2700,4.1,8100,0,518400
COALINDIA30JAN20200PE.NFO,07/01/2020,09:50:04,4.1,4,10800,4.1,5400,0,518400
COALINDIA30JAN20200PE.NFO,07/01/2020,09:50:08,4.1,4,5400,4.1,8100,0,518400
COALINDIA30JAN20200PE.NFO,07/01/2020,09:50:34,4.1,4,2700,4.1,8100,0,518400
COALINDIA30JAN20200PE.NFO,07/01/2020,09:51:01,4.1,4,2700,4.1,5400,2700,521100
COALINDIA30JAN20200PE.NFO,07/01/2020,09:51:05,4.1,4,2700,4.1,5400,0,521100
COALINDIA30JAN20200PE.NFO,07/01/2020,09:51:10,4.1,4,8100,4.1,5400,0,521100
COALINDIA30JAN20200PE.NFO,07/01/2020,09:51:19,4.1,4,2700,4.1,5400,0,521100
COALINDIA30JAN20200PE.NFO,07/01/2020,09:51:23,4.1,4,10800,4.1,5400,0,521100
COALINDIA30JAN20200PE.NFO,07/01/2020,09:51:37,4.1,4,8100,4.1,5400,0,521100
COALINDIA30JAN20200PE.NFO,07/01/2020,09:51:52,4.1,4,8100,4.1,8100,0,521100
COALINDIA30JAN20200PE.NFO,07/01/2020,09:52:21,4.1,4,10800,4.1,2700,0,521100
COALINDIA30JAN20200PE.NFO,07/01/2020,09:52:26,4.1,4,8100,4.1,2700,0,521100
COALINDIA30JAN20200PE.NFO,07/01/2020,09:52:31,4.1,4,10800,4.1,2700,0,521100
COALINDIA30JAN20200PE.NFO,07/01/2020,09:52:41,4.1,4,10800,4.1,5400,0,521100
COALINDIA30JAN20200PE.NFO,07/01/2020,09:52:45,4.1,4,8100,4.1,5400,0,521100
COALINDIA30JAN20200PE.NFO,07/01/2020,09:52:54,4.1,4,2700,4.1,8100,0,521100
COALINDIA30JAN20200PE.NFO,07/01/2020,09:53:06,4.1,4,8100,4.1,5400,0,521100
COALINDIA30JAN20200PE.NFO,07/01/2020,09:53:12,4.1,4,8100,4.1,2700,0,521100
COALINDIA30JAN20200PE.NFO,07/01/2020,09:53:17,4.1,4,8100,4.1,5400,0,521100
COALINDIA30JAN20200PE.NFO,07/01/2020,09:53:21,4.1,4,8100,4.1,2700,0,521100
COALINDIA30JAN20200PE.NFO,07/01/2020,09:53:26,4.1,4,5400,4.1,2700,0,521100
COALINDIA30JAN20200PE.NFO,07/01/2020,09:53:30,4.1,4,13500,4.1,2700,0,521100
COALINDIA30JAN20200PE.NFO,07/01/2020,09:53:35,4.1,4.05,5400,4.2,8100,2700,518400
COALINDIA30JAN20200PE.NFO,07/01/2020,09:54:02,4.1,4.1,2700,4.15,2700,0,518400
COALINDIA30JAN20200PE.NFO,07/01/2020,09:54:21,4.1,4.15,2700,4.25,8100,0,518400
COALINDIA30JAN20200PE.NFO,07/01/2020,09:54:26,4.1,4.15,2700,4.25,10800,0,518400
COALINDIA30JAN20200PE.NFO,07/01/2020,09:54:56,4.1,4.15,5400,4.25,10800,0,518400
COALINDIA30JAN20200PE.NFO,07/01/2020,09:55:05,4.1,4.15,2700,4.25,8100,0,518400
COALINDIA30JAN20200PE.NFO,07/01/2020,09:55:11,4.1,4.15,5400,4.25,8100,0,518400
COALINDIA30JAN20200PE.NFO,07/01/2020,09:55:25,4.1,4.15,8100,4.25,2700,0,518400
COALINDIA30JAN20200PE.NFO,07/01/2020,09:55:29,4.1,4.15,5400,4.25,8100,0,518400
COALINDIA30JAN20200PE.NFO,07/01/2020,09:55:33,4.1,4.15,5400,4.25,5400,0,518400
COALINDIA30JAN20200PE.NFO,07/01/2020,09:57:04,4.1,4.15,10800,4.3,10800,0,518400
COALINDIA30JAN20200PE.NFO,07/01/2020,09:57:13,4.1,4.15,8100,4.25,8100,0,518400
COALINDIA30JAN20200PE.NFO,07/01/2020,09:57:17,4.1,4.15,8100,4.25,10800,0,518400
COALINDIA30JAN20200PE.NFO,07/01/2020,09:57:22,4.1,4.15,8100,4.25,8100,0,518400
COALINDIA30JAN20200PE.NFO,07/01/2020,09:57:29,4.1,4.15,10800,4.25,8100,0,518400
COALINDIA30JAN20200PE.NFO,07/01/2020,09:58:08,4.15,4.15,2700,4.25,10800,2700,518400
COALINDIA30JAN20200PE.NFO,07/01/2020,09:58:16,4.15,4.1,8100,4.25,10800,2700,518400
COALINDIA30JAN20200PE.NFO,07/01/2020,09:58:19,4.15,4.1,8100,4.2,2700,0,518400
COALINDIA30JAN20200PE.NFO,07/01/2020,09:58:23,4.15,4.1,2700,4.2,2700,0,518400
COALINDIA30JAN20200PE.NFO,07/01/2020,09:58:27,4.15,4.1,2700,4.2,5400,0,518400
COALINDIA30JAN20200PE.NFO,07/01/2020,09:58:57,4.15,4.1,2700,4.2,2700,0,518400
COALINDIA30JAN20200PE.NFO,07/01/2020,09:59:02,4.15,4.05,8100,4.2,5400,0,518400
COALINDIA30JAN20200PE.NFO,07/01/2020,09:59:07,4.15,4.05,8100,4.2,8100,0,518400
COALINDIA30JAN20200PE.NFO,07/01/2020,09:59:12,4.15,4.1,2700,4.2,8100,0,518400
COALINDIA30JAN20200PE.NFO,07/01/2020,09:59:16,4.15,4.1,8100,4.25,5400,0,518400
COALINDIA30JAN20200PE.NFO,07/01/2020,09:59:30,4.15,4.15,2700,4.25,2700,0,518400
COALINDIA30JAN20200PE.NFO,07/01/2020,09:59:34,4.15,4.1,8100,4.25,2700,0,518400
COALINDIA30JAN20200PE.NFO,07/01/2020,09:59:45,4.15,4.1,8100,4.25,5400,0,518400
COALINDIA30JAN20200PE.NFO,07/01/2020,10:00:10,4.15,4.1,8100,4.25,8100,0,518400
COALINDIA30JAN20200PE.NFO,07/01/2020,10:00:20,4.15,4.1,8100,4.25,5400,0,518400
COALINDIA30JAN20200PE.NFO,07/01/2020,10:00:49,4.15,4.15,8100,4.3,5400,0,518400
COALINDIA30JAN20200PE.NFO,07/01/2020,10:01:07,4.15,4.15,5400,4.3,5400,0,518400
COALINDIA30JAN20200PE.NFO,07/01/2020,10:01:18,4.15,4.15,5400,4.3,2700,0,518400
COALINDIA30JAN20200PE.NFO,07/01/2020,10:01:24,4.15,4.15,8100,4.3,5400,0,518400
COALINDIA30JAN20200PE.NFO,07/01/2020,10:01:48,4.15,4.2,2700,4.3,2700,0,518400
COALINDIA30JAN20200PE.NFO,07/01/2020,10:02:09,4.15,4.15,8100,4.3,5400,0,518400
COALINDIA30JAN20200PE.NFO,07/01/2020,10:02:25,4.15,4.2,5400,4.3,2700,0,518400
COALINDIA30JAN20200PE.NFO,07/01/2020,10:02:36,4.15,4.2,5400,4.35,10800,0,518400
COALINDIA30JAN20200PE.NFO,07/01/2020,10:02:53,4.15,4.2,5400,4.3,2700,0,518400
COALINDIA30JAN20200PE.NFO,07/01/2020,10:03:05,4.15,4.2,5400,4.35,8100,0,518400
COALINDIA30JAN20200PE.NFO,07/01/2020,10:03:16,4.15,4.2,5400,4.3,2700,0,518400
COALINDIA30JAN20200PE.NFO,07/01/2020,10:03:25,4.15,4.25,2700,4.35,8100,0,518400
COALINDIA30JAN20200PE.NFO,07/01/2020,10:03:35,4.15,4.2,8100,4.3,2700,0,518400
COALINDIA30JAN20200PE.NFO,07/01/2020,10:03:45,4.15,4.2,8100,4.35,10800,0,518400
COALINDIA30JAN20200PE.NFO,07/01/2020,10:03:59,4.15,4.2,5400,4.3,2700,0,518400
COALINDIA30JAN20200PE.NFO,07/01/2020,10:04:25,4.15,4.15,8100,4.3,5400,0,518400
COALINDIA30JAN20200PE.NFO,07/01/2020,10:04:30,4.15,4.2,2700,4.3,2700,0,518400
COALINDIA30JAN20200PE.NFO,07/01/2020,10:04:35,4.15,4.2,2700,4.3,5400,0,518400
COALINDIA30JAN20200PE.NFO,07/01/2020,10:04:40,4.15,4.15,8100,4.3,8100,0,518400
COALINDIA30JAN20200PE.NFO,07/01/2020,10:04:47,4.15,4.15,5400,4.3,5400,0,518400
COALINDIA30JAN20200PE.NFO,07/01/2020,10:04:51,4.15,4.15,5400,4.3,10800,0,518400
COALINDIA30JAN20200PE.NFO,07/01/2020,10:04:55,4.15,4.1,5400,4.25,8100,0,518400
COALINDIA30JAN20200PE.NFO,07/01/2020,10:05:00,4.15,4.15,2700,4.25,5400,0,518400
COALINDIA30JAN20200PE.NFO,07/01/2020,10:05:04,4.15,4.15,2700,4.25,2700,0,518400
COALINDIA30JAN20200PE.NFO,07/01/2020,10:05:07,4.15,4.1,8100,4.25,5400,0,518400
COALINDIA30JAN20200PE.NFO,07/01/2020,10:05:11,4.15,4.15,2700,4.25,2700,0,518400
COALINDIA30JAN20200PE.NFO,07/01/2020,10:06:15,4.15,4.15,8100,4.25,2700,0,518400
COALINDIA30JAN20200PE.NFO,07/01/2020,10:06:23,4.15,4.15,5400,4.3,10800,0,518400
COALINDIA30JAN20200PE.NFO,07/01/2020,10:06:28,4.15,4.15,5400,4.3,8100,0,518400
COALINDIA30JAN20200PE.NFO,07/01/2020,10:06:39,4.15,4.15,8100,4.3,2700,0,518400
COALINDIA30JAN20200PE.NFO,07/01/2020,10:06:49,4.15,4.2,5400,4.35,10800,0,518400
COALINDIA30JAN20200PE.NFO,07/01/2020,10:06:54,4.15,4.2,5400,4.3,2700,0,518400
COALINDIA30JAN20200PE.NFO,07/01/2020,10:07:04,4.15,4.2,5400,4.35,8100,0,518400
COALINDIA30JAN20200PE.NFO,07/01/2020,10:07:10,4.15,4.2,2700,4.3,2700,0,518400
COALINDIA30JAN20200PE.NFO,07/01/2020,10:07:20,4.15,4.2,8100,4.35,2700,0,518400
COALINDIA30JAN20200PE.NFO,07/01/2020,10:07:40,4.15,4.15,8100,4.3,2700,0,518400
COALINDIA30JAN20200PE.NFO,07/01/2020,10:07:45,4.15,4.15,2700,4.25,2700,0,518400
COALINDIA30JAN20200PE.NFO,07/01/2020,10:07:50,4.15,4.1,5400,4.25,2700,0,518400
COALINDIA30JAN20200PE.NFO,07/01/2020,10:08:39,4.15,4.1,5400,4.25,8100,0,518400
COALINDIA30JAN20200PE.NFO,07/01/2020,10:08:44,4.15,4.1,5400,4.25,10800,0,518400
COALINDIA30JAN20200PE.NFO,07/01/2020,10:08:49,4.15,4.15,2700,4.25,8100,0,518400
COALINDIA30JAN20200PE.NFO,07/01/2020,10:09:06,4.15,4.15,2700,4.2,2700,0,518400
COALINDIA30JAN20200PE.NFO,07/01/2020,10:09:10,4.15,4.15,5400,4.25,10800,0,518400
COALINDIA30JAN20200PE.NFO,07/01/2020,10:09:23,4.15,4.15,2700,4.25,5400,2700,510300
COALINDIA30JAN20200PE.NFO,07/01/2020,10:09:28,4.15,4.15,2700,4.25,5400,0,510300
COALINDIA30JAN20200PE.NFO,07/01/2020,10:09:33,4.15,4.1,2700,4.25,10800,0,510300
COALINDIA30JAN20200PE.NFO,07/01/2020,10:09:37,4.15,4.1,2700,4.2,5400,0,510300
COALINDIA30JAN20200PE.NFO,07/01/2020,10:09:54,4.15,4.05,8100,4.15,5400,0,510300
COALINDIA30JAN20200PE.NFO,07/01/2020,10:10:10,4.15,4.05,5400,4.15,5400,0,510300
COALINDIA30JAN20200PE.NFO,07/01/2020,10:10:24,4.05,4.05,2700,4.15,13500,2700,510300
COALINDIA30JAN20200PE.NFO,07/01/2020,10:10:28,4.05,4,13500,4.15,18900,0,510300
COALINDIA30JAN20200PE.NFO,07/01/2020,10:10:32,4.05,4,13500,4.1,2700,0,510300
COALINDIA30JAN20200PE.NFO,07/01/2020,10:10:37,4.05,4,10800,4.1,2700,0,510300
COALINDIA30JAN20200PE.NFO,07/01/2020,10:10:57,4.05,4,8100,4.1,2700,0,510300
COALINDIA30JAN20200PE.NFO,07/01/2020,10:11:00,4.05,4,10800,4.1,2700,0,510300
COALINDIA30JAN20200PE.NFO,07/01/2020,10:11:08,4.05,4,2700,4.1,5400,0,510300
COALINDIA30JAN20200PE.NFO,07/01/2020,10:11:24,4.05,3.95,5400,4.05,2700,0,510300
COALINDIA30JAN20200PE.NFO,07/01/2020,10:11:36,4.05,3.9,13500,4.05,10800,0,510300
COALINDIA30JAN20200PE.NFO,07/01/2020,10:11:40,4.05,3.95,2700,4.05,5400,0,510300
COALINDIA30JAN20200PE.NFO,07/01/2020,10:11:44,4.05,3.95,2700,4.05,8100,0,510300
COALINDIA30JAN20200PE.NFO,07/01/2020,10:11:48,4.05,3.95,2700,4.05,10800,0,510300
COALINDIA30JAN20200PE.NFO,07/01/2020,10:11:52,4.05,3.9,10800,4,2700,0,510300
COALINDIA30JAN20200PE.NFO,07/01/2020,10:12:25,4.05,3.9,2700,4,18900,0,510300
COALINDIA30JAN20200PE.NFO,07/01/2020,10:12:29,4.05,3.9,2700,4,10800,0,510300
COALINDIA30JAN20200PE.NFO,07/01/2020,10:12:34,3.9,3.85,8100,3.95,5400,2700,510300
COALINDIA30JAN20200PE.NFO,07/01/2020,10:12:34,3.9,3.85,8100,3.95,5400,0,510300
COALINDIA30JAN20200PE.NFO,07/01/2020,10:12:43,3.85,3.85,5400,3.95,8100,2700,510300
COALINDIA30JAN20200PE.NFO,07/01/2020,10:12:43,3.85,3.85,5400,3.95,8100,0,510300
COALINDIA30JAN20200PE.NFO,07/01/2020,10:12:58,3.85,3.85,8100,4,13500,0,510300
COALINDIA30JAN20200PE.NFO,07/01/2020,10:13:01,3.85,3.85,10800,4,8100,0,510300
COALINDIA30JAN20200PE.NFO,07/01/2020,10:13:06,3.85,3.9,5400,4,5400,0,510300
COALINDIA30JAN20200PE.NFO,07/01/2020,10:13:14,3.85,3.85,8100,4,8100,0,510300
COALINDIA30JAN20200PE.NFO,07/01/2020,10:13:41,3.85,3.85,10800,4,8100,0,510300
COALINDIA30JAN20200PE.NFO,07/01/2020,10:13:48,3.85,3.85,10800,4,5400,0,510300
COALINDIA30JAN20200PE.NFO,07/01/2020,10:13:54,3.85,3.85,10800,4,8100,0,510300
COALINDIA30JAN20200PE.NFO,07/01/2020,10:14:03,3.85,3.85,10800,4,5400,0,510300
COALINDIA30JAN20200PE.NFO,07/01/2020,10:14:08,3.85,3.85,10800,4,8100,0,510300
COALINDIA30JAN20200PE.NFO,07/01/2020,10:14:13,3.85,3.85,10800,4,13500,0,510300
COALINDIA30JAN20200PE.NFO,07/01/2020,10:14:19,3.85,3.75,8100,3.85,2700,5400,510300
COALINDIA30JAN20200PE.NFO,07/01/2020,10:14:24,3.85,3.75,2700,3.9,16200,0,510300
COALINDIA30JAN20200PE.NFO,07/01/2020,10:14:29,3.85,3.7,8100,3.85,16200,0,510300
COALINDIA30JAN20200PE.NFO,07/01/2020,10:14:34,3.85,3.7,10800,3.85,18900,0,510300
COALINDIA30JAN20200PE.NFO,07/01/2020,10:14:39,3.85,3.7,2700,3.8,13500,0,510300
COALINDIA30JAN20200PE.NFO,07/01/2020,10:14:57,3.85,3.7,13500,3.8,8100,0,510300
COALINDIA30JAN20200PE.NFO,07/01/2020,10:15:02,3.85,3.7,5400,3.8,13500,0,510300
COALINDIA30JAN20200PE.NFO,07/01/2020,10:15:08,3.85,3.7,2700,3.8,13500,0,510300
COALINDIA30JAN20200PE.NFO,07/01/2020,10:15:13,3.85,3.7,5400,3.8,13500,0,510300
COALINDIA30JAN20200PE.NFO,07/01/2020,10:15:28,3.85,3.7,8100,3.8,13500,0,510300
COALINDIA30JAN20200PE.NFO,07/01/2020,10:15:38,3.85,3.7,8100,3.8,8100,0,510300
COALINDIA30JAN20200PE.NFO,07/01/2020,10:15:48,3.85,3.7,10800,3.8,8100,0,510300
COALINDIA30JAN20200PE.NFO,07/01/2020,10:15:54,3.8,3.75,2700,3.85,13500,8100,513000
COALINDIA30JAN20200PE.NFO,07/01/2020,10:15:54,3.8,3.75,2700,3.85,13500,0,513000
COALINDIA30JAN20200PE.NFO,07/01/2020,10:15:59,3.8,3.75,2700,3.85,13500,0,513000
COALINDIA30JAN20200PE.NFO,07/01/2020,10:16:13,3.8,3.75,2700,3.85,16200,0,513000
COALINDIA30JAN20200PE.NFO,07/01/2020,10:16:24,3.8,3.7,8100,3.8,8100,0,513000
COALINDIA30JAN20200PE.NFO,07/01/2020,10:16:28,3.8,3.7,5400,3.8,13500,0,513000
COALINDIA30JAN20200PE.NFO,07/01/2020,10:16:33,3.8,3.7,8100,3.8,5400,0,513000
COALINDIA30JAN20200PE.NFO,07/01/2020,10:16:37,3.8,3.7,21600,3.85,16200,0,513000
COALINDIA30JAN20200PE.NFO,07/01/2020,10:16:42,3.8,3.7,18900,3.85,16200,0,513000
COALINDIA30JAN20200PE.NFO,07/01/2020,10:16:45,3.8,3.7,13500,3.8,5400,0,513000
COALINDIA30JAN20200PE.NFO,07/01/2020,10:16:50,3.8,3.7,10800,3.8,10800,0,513000
COALINDIA30JAN20200PE.NFO,07/01/2020,10:16:54,3.8,3.7,10800,3.8,5400,0,513000
COALINDIA30JAN20200PE.NFO,07/01/2020,10:17:02,3.8,3.7,16200,3.8,5400,0,513000
COALINDIA30JAN20200PE.NFO,07/01/2020,10:17:05,3.8,3.7,13500,3.8,5400,0,513000
COALINDIA30JAN20200PE.NFO,07/01/2020,10:17:13,3.8,3.7,10800,3.8,10800,0,513000
COALINDIA30JAN20200PE.NFO,07/01/2020,10:17:26,3.7,3.7,8100,3.8,10800,2700,513000
COALINDIA30JAN20200PE.NFO,07/01/2020,10:17:26,3.7,3.7,8100,3.8,10800,0,513000
COALINDIA30JAN20200PE.NFO,07/01/2020,10:17:30,3.7,3.7,8100,3.8,10800,0,513000
COALINDIA30JAN20200PE.NFO,07/01/2020,10:17:46,3.7,3.7,8100,3.8,13500,0,513000
COALINDIA30JAN20200PE.NFO,07/01/2020,10:18:01,3.7,3.7,8100,3.8,8100,0,513000
COALINDIA30JAN20200PE.NFO,07/01/2020,10:18:09,3.7,3.6,5400,3.75,10800,8100,502200
COALINDIA30JAN20200PE.NFO,07/01/2020,10:18:13,3.6,3.6,10800,3.75,10800,2700,502200
COALINDIA30JAN20200PE.NFO,07/01/2020,10:18:13,3.6,3.6,10800,3.75,10800,0,502200
COALINDIA30JAN20200PE.NFO,07/01/2020,10:18:17,3.6,3.6,8100,3.7,2700,0,502200
COALINDIA30JAN20200PE.NFO,07/01/2020,10:18:21,3.6,3.6,8100,3.7,5400,0,502200
COALINDIA30JAN20200PE.NFO,07/01/2020,10:18:29,3.6,3.55,8100,3.7,13500,0,502200
COALINDIA30JAN20200PE.NFO,07/01/2020,10:18:34,3.6,3.55,5400,3.7,13500,2700,502200
COALINDIA30JAN20200PE.NFO,07/01/2020,10:18:39,3.6,3.6,8100,3.7,5400,0,502200
COALINDIA30JAN20200PE.NFO,07/01/2020,10:18:44,3.6,3.6,10800,3.75,13500,0,502200
COALINDIA30JAN20200PE.NFO,07/01/2020,10:18:49,3.6,3.6,10800,3.75,16200,0,502200
COALINDIA30JAN20200PE.NFO,07/01/2020,10:18:54,3.6,3.6,8100,3.7,10800,0,502200
COALINDIA30JAN20200PE.NFO,07/01/2020,10:18:59,3.6,3.6,8100,3.7,13500,0,502200
COALINDIA30JAN20200PE.NFO,07/01/2020,10:19:04,3.6,3.6,2700,3.7,13500,0,502200
COALINDIA30JAN20200PE.NFO,07/01/2020,10:19:08,3.6,3.6,5400,3.7,13500,0,502200
COALINDIA30JAN20200PE.NFO,07/01/2020,10:19:12,3.6,3.6,5400,3.65,2700,0,502200
COALINDIA30JAN20200PE.NFO,07/01/2020,10:19:16,3.6,3.6,5400,3.7,13500,0,502200
COALINDIA30JAN20200PE.NFO,07/01/2020,10:19:21,3.6,3.6,5400,3.7,10800,0,502200
COALINDIA30JAN20200PE.NFO,07/01/2020,10:19:48,3.6,3.6,5400,3.7,8100,0,502200
COALINDIA30JAN20200PE.NFO,07/01/2020,10:19:53,3.6,3.6,5400,3.7,10800,0,502200
COALINDIA30JAN20200PE.NFO,07/01/2020,10:20:07,3.6,3.6,5400,3.7,8100,0,502200
COALINDIA30JAN20200PE.NFO,07/01/2020,10:20:11,3.6,3.6,5400,3.7,5400,0,502200
COALINDIA30JAN20200PE.NFO,07/01/2020,10:20:16,3.6,3.6,2700,3.7,10800,2700,502200
COALINDIA30JAN20200PE.NFO,07/01/2020,10:20:20,3.6,3.6,2700,3.65,2700,0,502200
COALINDIA30JAN20200PE.NFO,07/01/2020,10:20:35,3.6,3.6,5400,3.7,16200,0,502200
COALINDIA30JAN20200PE.NFO,07/01/2020,10:20:39,3.6,3.6,5400,3.7,13500,0,502200
COALINDIA30JAN20200PE.NFO,07/01/2020,10:20:43,3.6,3.6,5400,3.7,10800,0,502200
COALINDIA30JAN20200PE.NFO,07/01/2020,10:20:48,3.6,3.6,5400,3.65,8100,0,502200
COALINDIA30JAN20200PE.NFO,07/01/2020,10:20:52,3.6,3.6,5400,3.65,2700,0,502200
COALINDIA30JAN20200PE.NFO,07/01/2020,10:21:22,3.6,3.6,2700,3.65,8100,0,502200
COALINDIA30JAN20200PE.NFO,07/01/2020,10:21:26,3.6,3.55,8100,3.65,8100,0,502200
COALINDIA30JAN20200PE.NFO,07/01/2020,10:21:37,3.6,3.55,8100,3.6,2700,0,502200
COALINDIA30JAN20200PE.NFO,07/01/2020,10:21:41,3.6,3.55,5400,3.6,2700,0,502200
COALINDIA30JAN20200PE.NFO,07/01/2020,10:22:05,3.6,3.6,27000,3.65,8100,2700,504900
COALINDIA30JAN20200PE.NFO,07/01/2020,10:22:10,3.6,3.6,27000,3.65,8100,0,504900
COALINDIA30JAN20200PE.NFO,07/01/2020,10:22:23,3.6,3.65,8100,3.7,5400,0,504900
COALINDIA30JAN20200PE.NFO,07/01/2020,10:22:27,3.6,3.65,5400,3.7,5400,0,504900
COALINDIA30JAN20200PE.NFO,07/01/2020,10:22:31,3.65,3.6,29700,3.7,2700,5400,504900
COALINDIA30JAN20200PE.NFO,07/01/2020,10:22:35,3.65,3.6,29700,3.7,2700,0,504900
COALINDIA30JAN20200PE.NFO,07/01/2020,10:22:46,3.6,3.65,8100,3.7,2700,2700,504900
COALINDIA30JAN20200PE.NFO,07/01/2020,10:22:52,3.6,3.65,5400,3.7,2700,0,504900
COALINDIA30JAN20200PE.NFO,07/01/2020,10:23:08,3.6,3.65,5400,3.75,5400,0,504900
COALINDIA30JAN20200PE.NFO,07/01/2020,10:23:16,3.7,3.65,5400,3.75,2700,2700,504900
COALINDIA30JAN20200PE.NFO,07/01/2020,10:23:20,3.7,3.65,5400,3.75,2700,0,504900
COALINDIA30JAN20200PE.NFO,07/01/2020,10:24:00,3.7,3.7,2700,3.75,2700,0,504900
COALINDIA30JAN20200PE.NFO,07/01/2020,10:24:04,3.7,3.65,16200,3.75,2700,0,504900
COALINDIA30JAN20200PE.NFO,07/01/2020,10:24:07,3.7,3.65,8100,3.75,5400,0,504900
COALINDIA30JAN20200PE.NFO,07/01/2020,10:24:15,3.7,3.65,5400,3.75,10800,0,504900
COALINDIA30JAN20200PE.NFO,07/01/2020,10:24:40,3.7,3.65,16200,3.75,5400,0,504900
COALINDIA30JAN20200PE.NFO,07/01/2020,10:24:43,3.7,3.65,18900,3.8,16200,0,504900
COALINDIA30JAN20200PE.NFO,07/01/2020,10:25:05,3.7,3.65,18900,3.8,13500,0,504900
COALINDIA30JAN20200PE.NFO,07/01/2020,10:25:12,3.7,3.7,8100,3.8,5400,0,504900
COALINDIA30JAN20200PE.NFO,07/01/2020,10:25:26,3.7,3.7,10800,3.8,8100,0,504900
COALINDIA30JAN20200PE.NFO,07/01/2020,10:25:30,3.7,3.7,16200,3.8,5400,0,504900
COALINDIA30JAN20200PE.NFO,07/01/2020,10:25:35,3.7,3.7,13500,3.75,2700,0,504900
COALINDIA30JAN20200PE.NFO,07/01/2020,10:25:41,3.7,3.7,5400,3.75,2700,2700,499500
COALINDIA30JAN20200PE.NFO,07/01/2020,10:25:47,3.75,3.7,16200,3.8,2700,2700,499500
COALINDIA30JAN20200PE.NFO,07/01/2020,10:25:52,3.75,3.7,16200,3.8,2700,0,499500
COALINDIA30JAN20200PE.NFO,07/01/2020,10:26:04,3.75,3.75,5400,3.8,2700,0,499500
COALINDIA30JAN20200PE.NFO,07/01/2020,10:26:28,3.75,3.75,8100,3.8,2700,0,499500
COALINDIA30JAN20200PE.NFO,07/01/2020,10:26:47,3.75,3.75,5400,3.8,2700,0,499500
COALINDIA30JAN20200PE.NFO,07/01/2020,10:27:16,3.75,3.75,8100,3.8,2700,0,499500
COALINDIA30JAN20200PE.NFO,07/01/2020,10:28:06,3.75,3.75,10800,3.8,2700,0,499500
COALINDIA30JAN20200PE.NFO,07/01/2020,10:28:10,3.75,3.75,2700,3.8,2700,0,499500
COALINDIA30JAN20200PE.NFO,07/01/2020,10:28:18,3.75,3.7,13500,3.8,2700,0,499500
COALINDIA30JAN20200PE.NFO,07/01/2020,10:28:30,3.75,3.75,5400,3.8,2700,0,499500
COALINDIA30JAN20200PE.NFO,07/01/2020,10:28:34,3.75,3.75,2700,3.8,2700,0,499500
COALINDIA30JAN20200PE.NFO,07/01/2020,10:28:47,3.75,3.75,5400,3.8,2700,0,499500
COALINDIA30JAN20200PE.NFO,07/01/2020,10:28:51,3.75,3.75,2700,3.8,2700,0,499500
COALINDIA30JAN20200PE.NFO,07/01/2020,10:29:21,3.75,3.75,5400,3.8,2700,0,499500
COALINDIA30JAN20200PE.NFO,07/01/2020,10:29:28,3.75,3.7,8100,3.8,2700,0,499500
COALINDIA30JAN20200PE.NFO,07/01/2020,10:29:35,3.75,3.7,8100,3.8,5400,0,499500
COALINDIA30JAN20200PE.NFO,07/01/2020,10:29:39,3.75,3.7,8100,3.8,2700,0,499500
COALINDIA30JAN20200PE.NFO,07/01/2020,10:30:14,3.75,3.7,5400,3.8,8100,0,499500
COALINDIA30JAN20200PE.NFO,07/01/2020,10:30:34,3.75,3.7,2700,3.8,8100,0,499500
COALINDIA30JAN20200PE.NFO,07/01/2020,10:30:49,3.75,3.7,8100,3.8,8100,0,499500
COALINDIA30JAN20200PE.NFO,07/01/2020,10:30:52,3.75,3.7,8100,3.8,5400,0,499500
COALINDIA30JAN20200PE.NFO,07/01/2020,10:30:55,3.75,3.7,8100,3.8,10800,0,499500
COALINDIA30JAN20200PE.NFO,07/01/2020,10:31:02,3.75,3.75,2700,3.8,2700,0,499500
COALINDIA30JAN20200PE.NFO,07/01/2020,10:31:08,3.75,3.75,5400,3.8,2700,0,499500
COALINDIA30JAN20200PE.NFO,07/01/2020,10:31:21,3.75,3.7,13500,3.8,2700,0,499500
COALINDIA30JAN20200PE.NFO,07/01/2020,10:31:36,3.75,3.75,2700,3.8,2700,0,499500
COALINDIA30JAN20200PE.NFO,07/01/2020,10:31:51,3.75,3.75,5400,3.8,2700,0,499500
COALINDIA30JAN20200PE.NFO,07/01/2020,10:32:15,3.75,3.7,13500,3.8,5400,0,499500
COALINDIA30JAN20200PE.NFO,07/01/2020,10:32:20,3.75,3.7,10800,3.8,5400,0,499500
COALINDIA30JAN20200PE.NFO,07/01/2020,10:32:25,3.75,3.7,13500,3.8,5400,0,499500
COALINDIA30JAN20200PE.NFO,07/01/2020,10:32:29,3.75,3.75,13500,3.8,2700,0,499500
COALINDIA30JAN20200PE.NFO,07/01/2020,10:32:34,3.8,3.8,2700,3.85,2700,2700,499500
COALINDIA30JAN20200PE.NFO,07/01/2020,10:32:41,3.8,3.8,2700,3.85,2700,0,499500
COALINDIA30JAN20200PE.NFO,07/01/2020,10:32:48,3.8,3.8,5400,3.85,2700,0,499500
COALINDIA30JAN20200PE.NFO,07/01/2020,10:32:52,3.8,3.8,10800,3.85,2700,0,499500
COALINDIA30JAN20200PE.NFO,07/01/2020,10:32:55,3.8,3.8,8100,3.85,2700,0,499500
COALINDIA30JAN20200PE.NFO,07/01/2020,10:32:59,3.8,3.8,10800,3.85,2700,0,499500
COALINDIA30JAN20200PE.NFO,07/01/2020,10:33:06,3.8,3.8,8100,3.85,2700,0,499500
COALINDIA30JAN20200PE.NFO,07/01/2020,10:33:08,3.8,3.8,13500,3.85,2700,0,499500
COALINDIA30JAN20200PE.NFO,07/01/2020,10:33:11,3.8,3.8,10800,3.85,2700,0,499500
COALINDIA30JAN20200PE.NFO,07/01/2020,10:33:14,3.8,3.8,13500,3.85,2700,0,499500
COALINDIA30JAN20200PE.NFO,07/01/2020,10:33:16,3.8,3.8,10800,3.85,2700,0,499500
COALINDIA30JAN20200PE.NFO,07/01/2020,10:33:37,3.8,3.8,8100,3.85,2700,0,499500
COALINDIA30JAN20200PE.NFO,07/01/2020,10:33:40,3.8,3.8,5400,3.85,2700,0,499500
COALINDIA30JAN20200PE.NFO,07/01/2020,10:33:51,3.8,3.8,8100,3.85,2700,0,499500
COALINDIA30JAN20200PE.NFO,07/01/2020,10:33:54,3.8,3.8,10800,3.85,2700,0,499500
COALINDIA30JAN20200PE.NFO,07/01/2020,10:34:03,3.8,3.8,8100,3.85,2700,0,499500
COALINDIA30JAN20200PE.NFO,07/01/2020,10:34:07,3.8,3.8,10800,3.85,2700,0,499500
COALINDIA30JAN20200PE.NFO,07/01/2020,10:34:17,3.8,3.8,16200,3.85,2700,0,499500
COALINDIA30JAN20200PE.NFO,07/01/2020,10:34:24,3.8,3.8,10800,3.85,2700,0,499500
COALINDIA30JAN20200PE.NFO,07/01/2020,10:34:27,3.8,3.8,8100,3.85,2700,0,499500
COALINDIA30JAN20200PE.NFO,07/01/2020,10:34:33,3.8,3.8,10800,3.85,2700,0,499500
COALINDIA30JAN20200PE.NFO,07/01/2020,10:34:35,3.8,3.8,8100,3.85,2700,0,499500
COALINDIA30JAN20200PE.NFO,07/01/2020,10:34:42,3.8,3.7,10800,3.8,5400,0,499500
COALINDIA30JAN20200PE.NFO,07/01/2020,10:34:46,3.8,3.7,16200,3.8,5400,0,499500
COALINDIA30JAN20200PE.NFO,07/01/2020,10:35:57,3.8,3.7,8100,3.75,5400,0,499500
COALINDIA30JAN20200PE.NFO,07/01/2020,10:36:02,3.8,3.7,13500,3.8,2700,16200,499500
COALINDIA30JAN20200PE.NFO,07/01/2020,10:36:06,3.8,3.7,10800,3.8,8100,0,499500
COALINDIA30JAN20200PE.NFO,07/01/2020,10:36:09,3.8,3.7,13500,3.8,8100,0,499500
COALINDIA30JAN20200PE.NFO,07/01/2020,10:36:11,3.8,3.7,16200,3.8,8100,0,499500
COALINDIA30JAN20200PE.NFO,07/01/2020,10:36:17,3.8,3.7,13500,3.8,2700,0,499500
COALINDIA30JAN20200PE.NFO,07/01/2020,10:36:23,3.8,3.7,5400,3.8,13500,0,499500
COALINDIA30JAN20200PE.NFO,07/01/2020,10:36:25,3.8,3.7,2700,3.8,13500,0,499500
COALINDIA30JAN20200PE.NFO,07/01/2020,10:36:27,3.8,3.7,8100,3.8,2700,0,499500
COALINDIA30JAN20200PE.NFO,07/01/2020,10:36:53,3.8,3.65,18900,3.8,16200,0,499500
COALINDIA30JAN20200PE.NFO,07/01/2020,10:36:55,3.8,3.65,18900,3.75,2700,0,499500
COALINDIA30JAN20200PE.NFO,07/01/2020,10:37:09,3.8,3.65,16200,3.75,2700,0,499500
COALINDIA30JAN20200PE.NFO,07/01/2020,10:37:30,3.8,3.65,18900,3.75,2700,0,499500
COALINDIA30JAN20200PE.NFO,07/01/2020,10:37:38,3.8,3.65,16200,3.75,2700,0,499500
COALINDIA30JAN20200PE.NFO,07/01/2020,10:37:45,3.8,3.65,13500,3.75,2700,0,499500
COALINDIA30JAN20200PE.NFO,07/01/2020,10:37:48,3.8,3.65,16200,3.75,2700,0,499500
COALINDIA30JAN20200PE.NFO,07/01/2020,10:37:52,3.8,3.65,13500,3.75,2700,0,499500
COALINDIA30JAN20200PE.NFO,07/01/2020,10:38:04,3.8,3.65,16200,3.75,2700,0,499500
COALINDIA30JAN20200PE.NFO,07/01/2020,10:38:07,3.8,3.65,18900,3.75,2700,0,499500
COALINDIA30JAN20200PE.NFO,07/01/2020,10:38:28,3.8,3.65,16200,3.75,2700,0,499500
COALINDIA30JAN20200PE.NFO,07/01/2020,10:38:31,3.8,3.7,8100,3.8,10800,0,499500
COALINDIA30JAN20200PE.NFO,07/01/2020,10:39:01,3.8,3.7,10800,3.8,10800,0,499500
COALINDIA30JAN20200PE.NFO,07/01/2020,10:39:08,3.8,3.7,13500,3.8,10800,0,499500
COALINDIA30JAN20200PE.NFO,07/01/2020,10:39:11,3.8,3.7,21600,3.8,8100,0,499500
COALINDIA30JAN20200PE.NFO,07/01/2020,10:39:19,3.8,3.7,21600,3.8,5400,0,499500
COALINDIA30JAN20200PE.NFO,07/01/2020,10:39:45,3.8,3.7,18900,3.8,5400,0,499500
COALINDIA30JAN20200PE.NFO,07/01/2020,10:39:48,3.8,3.7,18900,3.8,8100,0,499500
COALINDIA30JAN20200PE.NFO,07/01/2020,10:39:51,3.8,3.7,18900,3.8,5400,0,499500
COALINDIA30JAN20200PE.NFO,07/01/2020,10:40:13,3.8,3.7,21600,3.8,5400,0,499500
COALINDIA30JAN20200PE.NFO,07/01/2020,10:40:18,3.8,3.7,18900,3.8,5400,0,499500
COALINDIA30JAN20200PE.NFO,07/01/2020,10:40:27,3.8,3.7,18900,3.8,8100,0,499500
COALINDIA30JAN20200PE.NFO,07/01/2020,10:40:34,3.8,3.75,8100,3.85,13500,0,499500
COALINDIA30JAN20200PE.NFO,07/01/2020,10:40:55,3.8,3.75,16200,3.85,10800,0,499500
COALINDIA30JAN20200PE.NFO,07/01/2020,10:41:19,3.8,3.75,2700,3.85,18900,0,499500
COALINDIA30JAN20200PE.NFO,07/01/2020,10:41:28,3.8,3.8,2700,3.85,16200,0,499500
COALINDIA30JAN20200PE.NFO,07/01/2020,10:41:50,3.8,3.7,18900,3.8,10800,2700,491400
COALINDIA30JAN20200PE.NFO,07/01/2020,10:41:53,3.8,3.7,2700,3.8,18900,0,491400
COALINDIA30JAN20200PE.NFO,07/01/2020,10:41:56,3.8,3.7,2700,3.75,2700,0,491400
COALINDIA30JAN20200PE.NFO,07/01/2020,10:42:25,3.8,3.7,2700,3.75,5400,0,491400
COALINDIA30JAN20200PE.NFO,07/01/2020,10:42:28,3.8,3.7,2700,3.75,2700,0,491400
COALINDIA30JAN20200PE.NFO,07/01/2020,10:42:52,3.8,3.7,5400,3.75,2700,0,491400
COALINDIA30JAN20200PE.NFO,07/01/2020,10:43:02,3.8,3.7,5400,3.75,5400,0,491400
COALINDIA30JAN20200PE.NFO,07/01/2020,10:43:12,3.7,3.7,2700,3.75,2700,2700,491400
COALINDIA30JAN20200PE.NFO,07/01/2020,10:43:20,3.7,3.7,2700,3.8,18900,0,491400
COALINDIA30JAN20200PE.NFO,07/01/2020,10:43:24,3.7,3.7,8100,3.8,10800,0,491400
COALINDIA30JAN20200PE.NFO,07/01/2020,10:43:30,3.7,3.7,2700,3.75,2700,0,491400
COALINDIA30JAN20200PE.NFO,07/01/2020,10:43:43,3.7,3.7,2700,3.75,5400,0,491400
COALINDIA30JAN20200PE.NFO,07/01/2020,10:43:49,3.7,3.7,8100,3.75,2700,0,491400
COALINDIA30JAN20200PE.NFO,07/01/2020,10:43:57,3.7,3.65,16200,3.75,5400,0,491400
COALINDIA30JAN20200PE.NFO,07/01/2020,10:44:08,3.7,3.65,13500,3.75,5400,0,491400
COALINDIA30JAN20200PE.NFO,07/01/2020,10:44:11,3.7,3.65,16200,3.75,8100,0,491400
COALINDIA30JAN20200PE.NFO,07/01/2020,10:44:13,3.7,3.65,13500,3.7,2700,0,491400
COALINDIA30JAN20200PE.NFO,07/01/2020,10:44:16,3.7,3.65,16200,3.75,5400,0,491400
COALINDIA30JAN20200PE.NFO,07/01/2020,10:44:24,3.7,3.65,10800,3.7,2700,0,491400
COALINDIA30JAN20200PE.NFO,07/01/2020,10:44:34,3.7,3.65,5400,3.7,2700,0,491400
COALINDIA30JAN20200PE.NFO,07/01/2020,10:44:40,3.7,3.65,2700,3.7,2700,0,491400
COALINDIA30JAN20200PE.NFO,07/01/2020,10:44:59,3.7,3.65,8100,3.7,2700,0,491400
COALINDIA30JAN20200PE.NFO,07/01/2020,10:45:04,3.7,3.65,2700,3.7,2700,0,491400
COALINDIA30JAN20200PE.NFO,07/01/2020,10:45:08,3.7,3.65,8100,3.7,2700,0,491400
COALINDIA30JAN20200PE.NFO,07/01/2020,10:45:16,3.7,3.65,10800,3.75,13500,2700,491400
COALINDIA30JAN20200PE.NFO,07/01/2020,10:45:20,3.7,3.65,8100,3.75,10800,0,491400
COALINDIA30JAN20200PE.NFO,07/01/2020,10:45:27,3.7,3.65,13500,3.75,10800,0,491400
COALINDIA30JAN20200PE.NFO,07/01/2020,10:45:30,3.7,3.65,13500,3.75,8100,0,491400
COALINDIA30JAN20200PE.NFO,07/01/2020,10:45:33,3.65,3.6,8100,3.7,10800,2700,491400
COALINDIA30JAN20200PE.NFO,07/01/2020,10:45:38,3.65,3.6,16200,3.7,10800,0,491400
COALINDIA30JAN20200PE.NFO,07/01/2020,10:45:41,3.65,3.6,18900,3.7,10800,0,491400
COALINDIA30JAN20200PE.NFO,07/01/2020,10:45:48,3.65,3.6,10800,3.7,10800,0,491400
COALINDIA30JAN20200PE.NFO,07/01/2020,10:46:04,3.65,3.6,13500,3.7,10800,0,491400
COALINDIA30JAN20200PE.NFO,07/01/2020,10:46:15,3.65,3.6,2700,3.65,2700,0,491400
COALINDIA30JAN20200PE.NFO,07/01/2020,10:46:34,3.65,3.6,2700,3.65,5400,0,491400
COALINDIA30JAN20200PE.NFO,07/01/2020,10:46:42,3.65,3.6,2700,3.65,2700,0,491400
COALINDIA30JAN20200PE.NFO,07/01/2020,10:46:46,3.65,3.6,2700,3.65,5400,0,491400
COALINDIA30JAN20200PE.NFO,07/01/2020,10:47:02,3.65,3.6,5400,3.7,13500,0,491400
COALINDIA30JAN20200PE.NFO,07/01/2020,10:47:07,3.65,3.6,8100,3.7,13500,0,491400
COALINDIA30JAN20200PE.NFO,07/01/2020,10:47:13,3.65,3.6,8100,3.7,21600,0,491400
COALINDIA30JAN20200PE.NFO,07/01/2020,10:47:37,3.65,3.6,10800,3.7,21600,0,491400
COALINDIA30JAN20200PE.NFO,07/01/2020,10:47:40,3.65,3.6,5400,3.7,21600,0,491400
COALINDIA30JAN20200PE.NFO,07/01/2020,10:47:45,3.65,3.55,10800,3.65,13500,0,491400
COALINDIA30JAN20200PE.NFO,07/01/2020,10:47:53,3.65,3.55,10800,3.65,10800,0,491400
COALINDIA30JAN20200PE.NFO,07/01/2020,10:47:58,3.65,3.55,13500,3.65,10800,0,491400
COALINDIA30JAN20200PE.NFO,07/01/2020,10:48:01,3.65,3.55,10800,3.65,10800,0,491400
COALINDIA30JAN20200PE.NFO,07/01/2020,10:48:19,3.65,3.55,8100,3.65,10800,0,491400
COALINDIA30JAN20200PE.NFO,07/01/2020,10:48:40,3.65,3.55,2700,3.65,13500,0,491400
COALINDIA30JAN20200PE.NFO,07/01/2020,10:49:02,3.65,3.55,2700,3.65,10800,0,491400
COALINDIA30JAN20200PE.NFO,07/01/2020,10:49:11,3.65,3.55,2700,3.65,8100,0,491400
COALINDIA30JAN20200PE.NFO,07/01/2020,10:49:40,3.65,3.55,2700,3.65,10800,0,491400
COALINDIA30JAN20200PE.NFO,07/01/2020,10:49:44,3.65,3.55,8100,3.65,8100,0,491400
COALINDIA30JAN20200PE.NFO,07/01/2020,10:50:20,3.65,3.55,2700,3.65,21600,0,491400
COALINDIA30JAN20200PE.NFO,07/01/2020,10:50:29,3.65,3.55,5400,3.65,21600,0,491400
COALINDIA30JAN20200PE.NFO,07/01/2020,10:50:37,3.65,3.55,5400,3.65,13500,0,491400
COALINDIA30JAN20200PE.NFO,07/01/2020,10:50:56,3.65,3.55,8100,3.65,13500,0,491400
COALINDIA30JAN20200PE.NFO,07/01/2020,10:51:11,3.65,3.55,10800,3.65,13500,0,491400
COALINDIA30JAN20200PE.NFO,07/01/2020,10:51:32,3.65,3.55,10800,3.65,10800,0,491400
COALINDIA30JAN20200PE.NFO,07/01/2020,10:51:35,3.65,3.55,10800,3.65,13500,0,491400
COALINDIA30JAN20200PE.NFO,07/01/2020,10:51:47,3.65,3.55,8100,3.6,2700,0,491400
COALINDIA30JAN20200PE.NFO,07/01/2020,10:52:01,3.65,3.55,8100,3.65,18900,0,491400
COALINDIA30JAN20200PE.NFO,07/01/2020,10:52:06,3.55,3.55,8100,3.65,18900,2700,496800
COALINDIA30JAN20200PE.NFO,07/01/2020,10:52:06,3.55,3.55,8100,3.65,18900,0,496800
COALINDIA30JAN20200PE.NFO,07/01/2020,10:52:11,3.55,3.55,10800,3.65,16200,0,496800
COALINDIA30JAN20200PE.NFO,07/01/2020,10:52:16,3.55,3.55,10800,3.65,18900,0,496800
COALINDIA30JAN20200PE.NFO,07/01/2020,10:52:20,3.55,3.55,8100,3.65,16200,0,496800
COALINDIA30JAN20200PE.NFO,07/01/2020,10:52:41,3.55,3.55,8100,3.65,2700,0,496800
COALINDIA30JAN20200PE.NFO,07/01/2020,10:52:48,3.55,3.55,5400,3.65,8100,0,496800
COALINDIA30JAN20200PE.NFO,07/01/2020,10:52:53,3.55,3.55,8100,3.65,10800,0,496800
COALINDIA30JAN20200PE.NFO,07/01/2020,10:53:03,3.55,3.6,2700,3.65,2700,0,496800
COALINDIA30JAN20200PE.NFO,07/01/2020,10:53:09,3.55,3.55,13500,3.65,16200,0,496800
COALINDIA30JAN20200PE.NFO,07/01/2020,10:53:35,3.55,3.6,2700,3.65,2700,0,496800
COALINDIA30JAN20200PE.NFO,07/01/2020,10:53:40,3.55,3.6,5400,3.65,2700,0,496800
COALINDIA30JAN20200PE.NFO,07/01/2020,10:53:51,3.55,3.6,5400,3.7,10800,0,496800
COALINDIA30JAN20200PE.NFO,07/01/2020,10:53:58,3.55,3.55,8100,3.65,2700,0,496800
COALINDIA30JAN20200PE.NFO,07/01/2020,10:54:08,3.55,3.55,8100,3.65,10800,0,496800
COALINDIA30JAN20200PE.NFO,07/01/2020,10:54:50,3.65,3.55,10800,3.65,10800,10800,496800
COALINDIA30JAN20200PE.NFO,07/01/2020,10:55:04,3.65,3.55,8100,3.65,16200,0,496800
COALINDIA30JAN20200PE.NFO,07/01/2020,10:55:14,3.65,3.55,10800,3.65,10800,0,496800
COALINDIA30JAN20200PE.NFO,07/01/2020,10:55:23,3.65,3.55,8100,3.65,10800,0,496800
COALINDIA30JAN20200PE.NFO,07/01/2020,10:55:38,3.65,3.55,10800,3.65,10800,0,496800
COALINDIA30JAN20200PE.NFO,07/01/2020,10:56:06,3.65,3.55,8100,3.65,10800,0,496800
COALINDIA30JAN20200PE.NFO,07/01/2020,10:56:11,3.65,3.55,8100,3.65,13500,0,496800
COALINDIA30JAN20200PE.NFO,07/01/2020,10:56:16,3.65,3.55,5400,3.65,13500,0,496800
COALINDIA30JAN20200PE.NFO,07/01/2020,10:56:25,3.65,3.55,5400,3.65,10800,0,496800
COALINDIA30JAN20200PE.NFO,07/01/2020,10:56:51,3.65,3.55,5400,3.65,13500,0,496800
COALINDIA30JAN20200PE.NFO,07/01/2020,10:57:05,3.65,3.55,10800,3.65,5400,0,496800
COALINDIA30JAN20200PE.NFO,07/01/2020,10:57:08,3.6,3.6,5400,3.7,8100,5400,504900
COALINDIA30JAN20200PE.NFO,07/01/2020,10:57:14,3.6,3.6,5400,3.7,10800,0,504900
COALINDIA30JAN20200PE.NFO,07/01/2020,10:57:28,3.6,3.6,2700,3.7,8100,0,504900
COALINDIA30JAN20200PE.NFO,07/01/2020,10:57:34,3.6,3.55,10800,3.65,2700,0,504900
COALINDIA30JAN20200PE.NFO,07/01/2020,10:57:50,3.6,3.6,5400,3.65,2700,0,504900
COALINDIA30JAN20200PE.NFO,07/01/2020,10:57:58,3.6,3.6,5400,3.65,5400,0,504900
COALINDIA30JAN20200PE.NFO,07/01/2020,10:58:21,3.6,3.6,5400,3.7,10800,0,504900
COALINDIA30JAN20200PE.NFO,07/01/2020,10:58:33,3.6,3.6,5400,3.65,8100,0,504900
COALINDIA30JAN20200PE.NFO,07/01/2020,10:58:42,3.65,3.6,13500,3.7,2700,2700,504900
COALINDIA30JAN20200PE.NFO,07/01/2020,10:59:03,3.65,3.65,8100,3.7,2700,0,504900
COALINDIA30JAN20200PE.NFO,07/01/2020,10:59:09,3.65,3.7,8100,3.8,2700,0,504900
COALINDIA30JAN20200PE.NFO,07/01/2020,10:59:14,3.65,3.7,13500,3.85,5400,0,504900
COALINDIA30JAN20200PE.NFO,07/01/2020,10:59:20,3.65,3.75,8100,3.85,5400,0,504900
COALINDIA30JAN20200PE.NFO,07/01/2020,10:59:25,3.65,3.75,13500,3.85,5400,0,504900
COALINDIA30JAN20200PE.NFO,07/01/2020,10:59:31,3.65,3.75,8100,3.85,5400,0,504900
COALINDIA30JAN20200PE.NFO,07/01/2020,10:59:36,3.65,3.75,8100,3.8,2700,0,504900
COALINDIA30JAN20200PE.NFO,07/01/2020,10:59:42,3.65,3.75,8100,3.85,5400,0,504900
COALINDIA30JAN20200PE.NFO,07/01/2020,10:59:47,3.65,3.75,8100,3.8,2700,0,504900
COALINDIA30JAN20200PE.NFO,07/01/2020,10:59:52,3.65,3.75,8100,3.85,5400,0,504900
COALINDIA30JAN20200PE.NFO,07/01/2020,10:59:57,3.65,3.75,8100,3.85,2700,0,504900
COALINDIA30JAN20200PE.NFO,07/01/2020,11:00:09,3.65,3.75,10800,3.85,2700,0,504900
COALINDIA30JAN20200PE.NFO,07/01/2020,11:00:15,3.65,3.75,8100,3.85,2700,0,504900
COALINDIA30JAN20200PE.NFO,07/01/2020,11:00:21,3.65,3.75,10800,3.85,2700,0,504900
COALINDIA30JAN20200PE.NFO,07/01/2020,11:00:35,3.65,3.75,13500,3.85,2700,0,504900
COALINDIA30JAN20200PE.NFO,07/01/2020,11:00:41,3.65,3.75,8100,3.85,2700,0,504900
COALINDIA30JAN20200PE.NFO,07/01/2020,11:01:08,3.65,3.75,10800,3.85,2700,0,504900
COALINDIA30JAN20200PE.NFO,07/01/2020,11:01:16,3.65,3.75,13500,3.85,2700,0,504900
COALINDIA30JAN20200PE.NFO,07/01/2020,11:01:22,3.65,3.75,16200,3.85,2700,0,504900
COALINDIA30JAN20200PE.NFO,07/01/2020,11:01:29,3.85,3.8,13500,3.9,2700,2700,504900
COALINDIA30JAN20200PE.NFO,07/01/2020,11:01:36,3.85,3.85,10800,3.9,2700,0,504900
COALINDIA30JAN20200PE.NFO,07/01/2020,11:01:43,3.85,3.85,8100,3.9,2700,0,504900
COALINDIA30JAN20200PE.NFO,07/01/2020,11:01:50,3.9,3.85,5400,3.95,2700,2700,504900
COALINDIA30JAN20200PE.NFO,07/01/2020,11:01:57,3.9,3.9,2700,4,2700,0,504900
COALINDIA30JAN20200PE.NFO,07/01/2020,11:02:04,3.9,3.9,2700,4,5400,0,504900
COALINDIA30JAN20200PE.NFO,07/01/2020,11:02:11,3.9,3.85,8100,3.95,2700,0,504900
COALINDIA30JAN20200PE.NFO,07/01/2020,11:02:17,3.9,3.85,10800,3.95,2700,0,504900
COALINDIA30JAN20200PE.NFO,07/01/2020,11:02:23,3.9,3.85,5400,3.95,2700,0,504900
COALINDIA30JAN20200PE.NFO,07/01/2020,11:02:36,3.9,3.85,10800,4,2700,0,504900
COALINDIA30JAN20200PE.NFO,07/01/2020,11:02:59,3.9,3.9,5400,4.05,8100,0,504900
COALINDIA30JAN20200PE.NFO,07/01/2020,11:03:05,3.9,3.9,2700,4,2700,0,504900
COALINDIA30JAN20200PE.NFO,07/01/2020,11:03:11,3.9,3.9,13500,4,2700,0,504900
COALINDIA30JAN20200PE.NFO,07/01/2020,11:03:22,3.9,3.95,8100,4.1,8100,0,504900
COALINDIA30JAN20200PE.NFO,07/01/2020,11:03:28,3.9,3.9,13500,4,2700,0,504900
COALINDIA30JAN20200PE.NFO,07/01/2020,11:03:32,3.9,3.9,13500,4.05,2700,0,504900
COALINDIA30JAN20200PE.NFO,07/01/2020,11:03:38,3.9,3.9,10800,4.05,10800,0,504900
COALINDIA30JAN20200PE.NFO,07/01/2020,11:03:44,3.9,3.9,5400,4,2700,0,504900
COALINDIA30JAN20200PE.NFO,07/01/2020,11:03:56,3.9,3.9,2700,3.95,2700,0,504900
COALINDIA30JAN20200PE.NFO,07/01/2020,11:04:08,3.9,3.9,2700,4,5400,0,504900
COALINDIA30JAN20200PE.NFO,07/01/2020,11:04:14,3.9,3.9,2700,3.95,2700,0,504900
COALINDIA30JAN20200PE.NFO,07/01/2020,11:04:26,3.9,3.9,2700,3.95,5400,0,504900
COALINDIA30JAN20200PE.NFO,07/01/2020,11:04:31,3.9,3.85,2700,3.9,13500,2700,504900
COALINDIA30JAN20200PE.NFO,07/01/2020,11:04:37,3.9,3.85,2700,3.9,5400,0,504900
COALINDIA30JAN20200PE.NFO,07/01/2020,11:04:49,3.9,3.8,5400,3.9,5400,0,504900
COALINDIA30JAN20200PE.NFO,07/01/2020,11:04:55,3.9,3.85,2700,3.9,5400,0,504900
COALINDIA30JAN20200PE.NFO,07/01/2020,11:05:06,3.9,3.8,10800,3.9,5400,0,504900
COALINDIA30JAN20200PE.NFO,07/01/2020,11:05:12,3.9,3.85,8100,3.9,5400,0,504900
COALINDIA30JAN20200PE.NFO,07/01/2020,11:05:18,3.9,3.85,2700,3.9,5400,0,504900
COALINDIA30JAN20200PE.NFO,07/01/2020,11:05:23,3.9,3.8,10800,3.9,8100,0,504900
COALINDIA30JAN20200PE.NFO,07/01/2020,11:05:28,3.9,3.8,10800,3.9,5400,0,504900
COALINDIA30JAN20200PE.NFO,07/01/2020,11:05:39,3.9,3.8,10800,3.9,8100,0,504900
COALINDIA30JAN20200PE.NFO,07/01/2020,11:05:55,3.9,3.8,10800,3.9,5400,0,504900
COALINDIA30JAN20200PE.NFO,07/01/2020,11:06:07,3.9,3.8,8100,3.9,5400,0,504900
COALINDIA30JAN20200PE.NFO,07/01/2020,11:06:20,3.9,3.8,8100,3.9,8100,0,504900
COALINDIA30JAN20200PE.NFO,07/01/2020,11:06:27,3.9,3.8,8100,3.9,2700,0,504900
COALINDIA30JAN20200PE.NFO,07/01/2020,11:06:46,3.9,3.8,10800,3.9,2700,0,504900
COALINDIA30JAN20200PE.NFO,07/01/2020,11:06:52,3.85,3.85,5400,3.95,8100,2700,502200
COALINDIA30JAN20200PE.NFO,07/01/2020,11:06:58,3.85,3.85,10800,3.95,10800,0,502200
COALINDIA30JAN20200PE.NFO,07/01/2020,11:07:03,3.85,3.85,10800,4,18900,0,502200
COALINDIA30JAN20200PE.NFO,07/01/2020,11:07:08,3.85,3.85,8100,3.9,2700,0,502200
COALINDIA30JAN20200PE.NFO,07/01/2020,11:07:13,3.9,3.9,5400,4,2700,2700,502200
COALINDIA30JAN20200PE.NFO,07/01/2020,11:07:19,3.9,3.85,8100,4,5400,0,502200
COALINDIA30JAN20200PE.NFO,07/01/2020,11:07:32,3.9,3.85,8100,3.95,5400,0,502200
COALINDIA30JAN20200PE.NFO,07/01/2020,11:07:37,3.9,3.85,2700,3.95,5400,0,502200
COALINDIA30JAN20200PE.NFO,07/01/2020,11:08:09,3.9,3.85,5400,3.95,8100,0,502200
COALINDIA30JAN20200PE.NFO,07/01/2020,11:08:20,3.9,3.85,2700,3.95,5400,0,502200
COALINDIA30JAN20200PE.NFO,07/01/2020,11:08:44,3.9,3.85,5400,3.95,5400,0,502200
COALINDIA30JAN20200PE.NFO,07/01/2020,11:09:16,3.9,3.8,10800,3.95,10800,0,502200
COALINDIA30JAN20200PE.NFO,07/01/2020,11:09:30,3.9,3.85,2700,3.95,10800,0,502200
COALINDIA30JAN20200PE.NFO,07/01/2020,11:09:39,3.9,3.8,5400,3.85,2700,0,502200
COALINDIA30JAN20200PE.NFO,07/01/2020,11:09:54,3.9,3.8,2700,3.85,2700,0,502200
COALINDIA30JAN20200PE.NFO,07/01/2020,11:09:57,3.9,3.8,8100,3.9,5400,0,502200
COALINDIA30JAN20200PE.NFO,07/01/2020,11:11:06,3.9,3.85,2700,3.95,10800,0,502200
COALINDIA30JAN20200PE.NFO,07/01/2020,11:11:13,3.9,3.85,8100,3.95,10800,0,502200
COALINDIA30JAN20200PE.NFO,07/01/2020,11:11:26,3.9,3.9,2700,3.95,2700,0,502200
COALINDIA30JAN20200PE.NFO,07/01/2020,11:11:46,3.9,3.85,10800,3.95,8100,0,502200
COALINDIA30JAN20200PE.NFO,07/01/2020,11:11:57,3.9,3.85,5400,3.95,10800,0,502200
COALINDIA30JAN20200PE.NFO,07/01/2020,11:12:04,3.9,3.9,2700,3.95,2700,0,502200
COALINDIA30JAN20200PE.NFO,07/01/2020,11:12:19,3.9,3.9,2700,3.95,5400,0,502200
COALINDIA30JAN20200PE.NFO,07/01/2020,11:12:49,3.95,3.9,5400,4,10800,2700,499500
COALINDIA30JAN20200PE.NFO,07/01/2020,11:12:58,3.95,3.9,5400,4,10800,0,499500
COALINDIA30JAN20200PE.NFO,07/01/2020,11:13:15,3.95,3.9,2700,4,21600,0,499500
COALINDIA30JAN20200PE.NFO,07/01/2020,11:13:57,3.95,3.9,2700,4,13500,0,499500
COALINDIA30JAN20200PE.NFO,07/01/2020,11:14:35,3.95,3.9,2700,3.95,8100,0,499500
COALINDIA30JAN20200PE.NFO,07/01/2020,11:14:40,3.95,3.85,5400,3.95,8100,0,499500
COALINDIA30JAN20200PE.NFO,07/01/2020,11:14:54,3.95,3.85,8100,3.95,10800,0,499500
COALINDIA30JAN20200PE.NFO,07/01/2020,11:14:59,3.95,3.9,2700,4,10800,0,499500
COALINDIA30JAN20200PE.NFO,07/01/2020,11:15:42,3.95,3.95,2700,4,5400,0,499500
COALINDIA30JAN20200PE.NFO,07/01/2020,11:16:03,3.95,3.95,2700,4.05,10800,0,499500
COALINDIA30JAN20200PE.NFO,07/01/2020,11:16:59,3.95,3.9,8100,4,8100,0,499500
COALINDIA30JAN20200PE.NFO,07/01/2020,11:17:24,4,3.95,2700,4,2700,2700,496800
COALINDIA30JAN20200PE.NFO,07/01/2020,11:17:33,4,3.9,5400,4,5400,0,496800
COALINDIA30JAN20200PE.NFO,07/01/2020,11:18:15,4,3.9,5400,4,2700,0,496800
COALINDIA30JAN20200PE.NFO,07/01/2020,11:18:19,4,3.95,2700,4,2700,0,496800
COALINDIA30JAN20200PE.NFO,07/01/2020,11:18:32,4,3.95,2700,4.05,10800,0,496800
COALINDIA30JAN20200PE.NFO,07/01/2020,11:18:45,4,3.9,2700,4,10800,0,496800
COALINDIA30JAN20200PE.NFO,07/01/2020,11:18:50,4,3.9,2700,4,13500,0,496800
COALINDIA30JAN20200PE.NFO,07/01/2020,11:18:56,4,3.85,8100,3.95,5400,0,496800
COALINDIA30JAN20200PE.NFO,07/01/2020,11:19:19,4,3.9,2700,4,10800,0,496800
COALINDIA30JAN20200PE.NFO,07/01/2020,11:19:42,4,3.85,8100,3.95,10800,0,496800
COALINDIA30JAN20200PE.NFO,07/01/2020,11:19:54,3.95,3.9,2700,3.95,5400,2700,499500
COALINDIA30JAN20200PE.NFO,07/01/2020,11:19:59,3.95,3.85,8100,3.95,5400,0,499500
COALINDIA30JAN20200PE.NFO,07/01/2020,11:20:08,3.95,3.9,8100,4,5400,0,499500
COALINDIA30JAN20200PE.NFO,07/01/2020,11:20:13,3.95,3.9,8100,4,8100,0,499500
COALINDIA30JAN20200PE.NFO,07/01/2020,11:20:19,3.95,3.9,8100,4,5400,0,499500
COALINDIA30JAN20200PE.NFO,07/01/2020,11:20:27,3.95,3.9,8100,4,8100,0,499500
COALINDIA30JAN20200PE.NFO,07/01/2020,11:21:32,3.95,3.9,5400,4,8100,0,499500
COALINDIA30JAN20200PE.NFO,07/01/2020,11:21:56,3.95,3.95,2700,4,5400,0,499500
COALINDIA30JAN20200PE.NFO,07/01/2020,11:22:12,3.95,3.9,8100,4,8100,0,499500
COALINDIA30JAN20200PE.NFO,07/01/2020,11:23:38,3.95,3.9,8100,4,16200,0,499500
COALINDIA30JAN20200PE.NFO,07/01/2020,11:24:01,3.9,3.9,2700,3.95,5400,8100,502200
COALINDIA30JAN20200PE.NFO,07/01/2020,11:24:07,3.9,3.85,5400,3.95,5400,0,502200
COALINDIA30JAN20200PE.NFO,07/01/2020,11:24:32,3.9,3.85,5400,3.95,8100,0,502200
COALINDIA30JAN20200PE.NFO,07/01/2020,11:25:20,3.9,3.85,5400,3.95,10800,0,502200
COALINDIA30JAN20200PE.NFO,07/01/2020,11:25:25,3.9,3.85,5400,3.95,8100,0,502200
COALINDIA30JAN20200PE.NFO,07/01/2020,11:25:30,3.9,3.85,8100,3.95,10800,0,502200
COALINDIA30JAN20200PE.NFO,07/01/2020,11:25:48,3.9,3.85,5400,3.95,10800,0,502200
COALINDIA30JAN20200PE.NFO,07/01/2020,11:25:56,3.9,3.8,16200,3.95,16200,0,502200
COALINDIA30JAN20200PE.NFO,07/01/2020,11:26:00,3.9,3.85,2700,3.95,16200,0,502200
COALINDIA30JAN20200PE.NFO,07/01/2020,11:26:07,3.9,3.8,16200,3.95,16200,0,502200
COALINDIA30JAN20200PE.NFO,07/01/2020,11:26:16,3.9,3.8,13500,3.95,16200,0,502200
COALINDIA30JAN20200PE.NFO,07/01/2020,11:26:20,3.9,3.85,5400,3.95,5400,0,502200
COALINDIA30JAN20200PE.NFO,07/01/2020,11:26:24,3.9,3.85,8100,3.95,5400,0,502200
COALINDIA30JAN20200PE.NFO,07/01/2020,11:26:51,3.9,3.85,5400,3.95,5400,0,502200
COALINDIA30JAN20200PE.NFO,07/01/2020,11:27:01,3.9,3.85,2700,3.95,13500,0,502200
COALINDIA30JAN20200PE.NFO,07/01/2020,11:27:10,3.9,3.85,2700,3.95,10800,0,502200
COALINDIA30JAN20200PE.NFO,07/01/2020,11:27:13,3.9,3.85,2700,3.95,8100,0,502200
COALINDIA30JAN20200PE.NFO,07/01/2020,11:27:26,3.9,3.85,2700,3.95,16200,0,502200
COALINDIA30JAN20200PE.NFO,07/01/2020,11:27:43,3.9,3.85,2700,3.95,18900,0,502200
COALINDIA30JAN20200PE.NFO,07/01/2020,11:27:54,3.9,3.85,5400,3.95,18900,0,502200
COALINDIA30JAN20200PE.NFO,07/01/2020,11:27:57,3.9,3.85,5400,3.95,16200,0,502200
COALINDIA30JAN20200PE.NFO,07/01/2020,11:28:19,3.9,3.8,16200,3.95,21600,0,502200
COALINDIA30JAN20200PE.NFO,07/01/2020,11:28:23,3.9,3.85,2700,3.95,21600,0,502200
COALINDIA30JAN20200PE.NFO,07/01/2020,11:28:43,3.9,3.85,5400,3.95,21600,0,502200
COALINDIA30JAN20200PE.NFO,07/01/2020,11:28:51,3.9,3.8,13500,3.95,21600,0,502200
COALINDIA30JAN20200PE.NFO,07/01/2020,11:29:07,3.9,3.8,16200,3.95,21600,0,502200
COALINDIA30JAN20200PE.NFO,07/01/2020,11:29:32,3.9,3.85,2700,3.95,21600,0,502200
COALINDIA30JAN20200PE.NFO,07/01/2020,11:29:43,3.9,3.8,16200,3.95,18900,0,502200
COALINDIA30JAN20200PE.NFO,07/01/2020,11:29:52,3.9,3.8,16200,3.95,21600,0,502200
COALINDIA30JAN20200PE.NFO,07/01/2020,11:30:06,3.9,3.85,5400,3.95,10800,0,502200
COALINDIA30JAN20200PE.NFO,07/01/2020,11:30:09,3.9,3.8,16200,3.95,13500,0,502200
COALINDIA30JAN20200PE.NFO,07/01/2020,11:30:13,3.9,3.85,5400,3.95,13500,0,502200
COALINDIA30JAN20200PE.NFO,07/01/2020,11:30:18,3.9,3.85,5400,3.95,10800,0,502200
COALINDIA30JAN20200PE.NFO,07/01/2020,11:30:22,3.9,3.8,16200,3.95,13500,0,502200
COALINDIA30JAN20200PE.NFO,07/01/2020,11:30:44,3.9,3.85,2700,3.95,13500,0,502200
COALINDIA30JAN20200PE.NFO,07/01/2020,11:31:02,3.9,3.8,16200,3.9,13500,0,502200
COALINDIA30JAN20200PE.NFO,07/01/2020,11:31:08,3.9,3.8,10800,3.9,13500,0,502200
COALINDIA30JAN20200PE.NFO,07/01/2020,11:31:13,3.9,3.8,13500,3.9,13500,0,502200
COALINDIA30JAN20200PE.NFO,07/01/2020,11:32:26,3.9,3.8,8100,3.85,8100,0,502200
COALINDIA30JAN20200PE.NFO,07/01/2020,11:32:30,3.9,3.8,8100,3.85,5400,0,502200
COALINDIA30JAN20200PE.NFO,07/01/2020,11:33:06,3.9,3.8,8100,3.85,8100,0,502200
COALINDIA30JAN20200PE.NFO,07/01/2020,11:33:44,3.8,3.7,8100,3.8,5400,8100,496800
COALINDIA30JAN20200PE.NFO,07/01/2020,11:33:47,3.8,3.75,5400,3.85,8100,2700,496800
COALINDIA30JAN20200PE.NFO,07/01/2020,11:33:51,3.8,3.75,5400,3.85,13500,0,496800
COALINDIA30JAN20200PE.NFO,07/01/2020,11:33:56,3.8,3.75,2700,3.85,10800,0,496800
COALINDIA30JAN20200PE.NFO,07/01/2020,11:34:02,3.8,3.75,5400,3.85,13500,0,496800
COALINDIA30JAN20200PE.NFO,07/01/2020,11:34:06,3.8,3.7,10800,3.85,13500,0,496800
COALINDIA30JAN20200PE.NFO,07/01/2020,11:34:13,3.8,3.7,10800,3.8,8100,0,496800
COALINDIA30JAN20200PE.NFO,07/01/2020,11:34:20,3.8,3.7,10800,3.85,13500,0,496800
COALINDIA30JAN20200PE.NFO,07/01/2020,11:34:32,3.8,3.7,13500,3.8,8100,0,496800
COALINDIA30JAN20200PE.NFO,07/01/2020,11:34:38,3.8,3.75,8100,3.85,13500,0,496800
COALINDIA30JAN20200PE.NFO,07/01/2020,11:34:44,3.8,3.75,8100,3.85,10800,0,496800
COALINDIA30JAN20200PE.NFO,07/01/2020,11:34:49,3.8,3.75,5400,3.85,16200,0,496800
COALINDIA30JAN20200PE.NFO,07/01/2020,11:34:54,3.8,3.75,2700,3.85,16200,0,496800
COALINDIA30JAN20200PE.NFO,07/01/2020,11:35:06,3.8,3.75,2700,3.85,10800,0,496800
COALINDIA30JAN20200PE.NFO,07/01/2020,11:35:38,3.8,3.75,2700,3.85,13500,0,496800
COALINDIA30JAN20200PE.NFO,07/01/2020,11:35:44,3.8,3.75,2700,3.85,10800,0,496800
COALINDIA30JAN20200PE.NFO,07/01/2020,11:35:48,3.8,3.75,2700,3.8,2700,0,496800
COALINDIA30JAN20200PE.NFO,07/01/2020,11:35:58,3.8,3.75,5400,3.8,2700,0,496800
COALINDIA30JAN20200PE.NFO,07/01/2020,11:36:08,3.8,3.75,8100,3.8,2700,0,496800
COALINDIA30JAN20200PE.NFO,07/01/2020,11:36:16,3.8,3.75,5400,3.8,2700,0,496800
COALINDIA30JAN20200PE.NFO,07/01/2020,11:36:35,3.8,3.75,2700,3.8,2700,0,496800
COALINDIA30JAN20200PE.NFO,07/01/2020,11:36:45,3.8,3.75,8100,3.8,2700,0,496800
COALINDIA30JAN20200PE.NFO,07/01/2020,11:36:51,3.8,3.75,8100,3.85,2700,2700,496800
COALINDIA30JAN20200PE.NFO,07/01/2020,11:36:57,3.8,3.75,8100,3.85,2700,0,496800
COALINDIA30JAN20200PE.NFO,07/01/2020,11:37:24,3.8,3.8,8100,3.9,5400,0,496800
COALINDIA30JAN20200PE.NFO,07/01/2020,11:37:29,3.8,3.8,8100,3.9,2700,0,496800
COALINDIA30JAN20200PE.NFO,07/01/2020,11:37:54,3.8,3.8,10800,3.9,2700,0,496800
COALINDIA30JAN20200PE.NFO,07/01/2020,11:38:09,3.8,3.8,8100,3.9,2700,0,496800
COALINDIA30JAN20200PE.NFO,07/01/2020,11:38:28,3.8,3.85,2700,3.95,10800,0,496800
COALINDIA30JAN20200PE.NFO,07/01/2020,11:39:15,3.8,3.85,2700,3.9,2700,0,496800
COALINDIA30JAN20200PE.NFO,07/01/2020,11:39:19,3.8,3.85,2700,3.95,13500,0,496800
COALINDIA30JAN20200PE.NFO,07/01/2020,11:39:52,3.85,3.8,10800,3.85,8100,2700,494100
COALINDIA30JAN20200PE.NFO,07/01/2020,11:39:59,3.85,3.8,10800,3.85,8100,0,494100
COALINDIA30JAN20200PE.NFO,07/01/2020,11:40:05,3.85,3.8,10800,3.85,5400,2700,494100
COALINDIA30JAN20200PE.NFO,07/01/2020,11:40:36,3.85,3.8,8100,3.85,5400,0,494100
COALINDIA30JAN20200PE.NFO,07/01/2020,11:40:44,3.85,3.8,5400,3.9,2700,5400,494100
COALINDIA30JAN20200PE.NFO,07/01/2020,11:40:58,3.85,3.8,2700,3.9,13500,0,494100
COALINDIA30JAN20200PE.NFO,07/01/2020,11:41:01,3.8,3.75,5400,3.85,2700,2700,494100
COALINDIA30JAN20200PE.NFO,07/01/2020,11:41:04,3.8,3.75,8100,3.9,13500,0,494100
COALINDIA30JAN20200PE.NFO,07/01/2020,11:41:36,3.8,3.75,2700,3.9,16200,0,494100
COALINDIA30JAN20200PE.NFO,07/01/2020,11:41:58,3.8,3.75,8100,3.85,2700,0,494100
COALINDIA30JAN20200PE.NFO,07/01/2020,11:43:02,3.75,3.75,5400,3.85,2700,2700,496800
COALINDIA30JAN20200PE.NFO,07/01/2020,11:43:09,3.75,3.75,5400,3.85,2700,0,496800
COALINDIA30JAN20200PE.NFO,07/01/2020,11:43:37,3.75,3.75,2700,3.85,2700,0,496800
COALINDIA30JAN20200PE.NFO,07/01/2020,11:44:27,3.75,3.75,2700,3.85,8100,0,496800
COALINDIA30JAN20200PE.NFO,07/01/2020,11:44:37,3.75,3.7,8100,3.85,13500,0,496800
COALINDIA30JAN20200PE.NFO,07/01/2020,11:44:44,3.75,3.7,5400,3.8,2700,0,496800
COALINDIA30JAN20200PE.NFO,07/01/2020,11:44:47,3.75,3.7,8100,3.85,13500,0,496800
COALINDIA30JAN20200PE.NFO,07/01/2020,11:44:55,3.75,3.7,8100,3.85,5400,0,496800
COALINDIA30JAN20200PE.NFO,07/01/2020,11:44:58,3.75,3.7,8100,3.85,2700,0,496800
COALINDIA30JAN20200PE.NFO,07/01/2020,11:46:06,3.75,3.7,8100,3.8,2700,0,496800
COALINDIA30JAN20200PE.NFO,07/01/2020,11:46:09,3.75,3.7,10800,3.8,2700,0,496800
COALINDIA30JAN20200PE.NFO,07/01/2020,11:46:13,3.75,3.7,13500,3.85,5400,0,496800
COALINDIA30JAN20200PE.NFO,07/01/2020,11:46:30,3.75,3.7,10800,3.85,13500,0,496800
COALINDIA30JAN20200PE.NFO,07/01/2020,11:46:46,3.75,3.7,13500,3.85,5400,0,496800
COALINDIA30JAN20200PE.NFO,07/01/2020,11:47:23,3.75,3.7,13500,3.85,2700,0,496800
COALINDIA30JAN20200PE.NFO,07/01/2020,11:47:27,3.75,3.7,13500,3.85,8100,0,496800
COALINDIA30JAN20200PE.NFO,07/01/2020,11:47:34,3.75,3.7,13500,3.85,2700,0,496800
COALINDIA30JAN20200PE.NFO,07/01/2020,11:48:20,3.75,3.8,5400,3.9,2700,0,496800
COALINDIA30JAN20200PE.NFO,07/01/2020,11:48:23,3.75,3.75,16200,3.9,2700,0,496800
COALINDIA30JAN20200PE.NFO,07/01/2020,11:48:30,3.75,3.75,8100,3.9,2700,0,496800
COALINDIA30JAN20200PE.NFO,07/01/2020,11:48:56,3.75,3.8,5400,3.9,2700,0,496800
COALINDIA30JAN20200PE.NFO,07/01/2020,11:49:00,3.75,3.8,8100,3.9,2700,0,496800
COALINDIA30JAN20200PE.NFO,07/01/2020,11:49:32,3.75,3.8,5400,3.9,2700,0,496800
COALINDIA30JAN20200PE.NFO,07/01/2020,11:49:41,3.75,3.8,8100,3.9,2700,0,496800
COALINDIA30JAN20200PE.NFO,07/01/2020,11:50:16,3.75,3.8,8100,3.95,2700,0,496800
COALINDIA30JAN20200PE.NFO,07/01/2020,11:50:32,3.75,3.8,8100,3.9,2700,0,496800
COALINDIA30JAN20200PE.NFO,07/01/2020,11:50:40,3.75,3.8,8100,3.95,2700,0,496800
COALINDIA30JAN20200PE.NFO,07/01/2020,11:51:29,3.75,3.8,8100,3.9,2700,0,496800
COALINDIA30JAN20200PE.NFO,07/01/2020,11:51:34,3.75,3.8,8100,3.95,2700,0,496800
COALINDIA30JAN20200PE.NFO,07/01/2020,11:51:58,3.75,3.85,5400,3.95,5400,0,496800
COALINDIA30JAN20200PE.NFO,07/01/2020,11:52:11,3.75,3.85,8100,4,2700,0,496800
COALINDIA30JAN20200PE.NFO,07/01/2020,11:52:15,3.75,3.85,5400,3.95,2700,0,496800
COALINDIA30JAN20200PE.NFO,07/01/2020,11:52:28,3.75,3.85,8100,4,2700,0,496800
COALINDIA30JAN20200PE.NFO,07/01/2020,11:52:39,3.75,3.85,5400,3.95,2700,0,496800
COALINDIA30JAN20200PE.NFO,07/01/2020,11:53:18,3.75,3.8,8100,3.9,2700,0,496800
COALINDIA30JAN20200PE.NFO,07/01/2020,11:53:29,3.75,3.8,8100,3.95,8100,0,496800
COALINDIA30JAN20200PE.NFO,07/01/2020,11:53:32,3.75,3.8,8100,3.95,2700,0,496800
COALINDIA30JAN20200PE.NFO,07/01/2020,11:53:43,3.75,3.8,5400,3.9,2700,0,496800
COALINDIA30JAN20200PE.NFO,07/01/2020,11:54:17,3.75,3.8,8100,3.9,5400,0,496800
COALINDIA30JAN20200PE.NFO,07/01/2020,11:54:23,3.75,3.8,5400,3.9,2700,0,496800
COALINDIA30JAN20200PE.NFO,07/01/2020,11:55:26,3.75,3.8,8100,3.9,2700,0,496800
COALINDIA30JAN20200PE.NFO,07/01/2020,11:55:37,3.75,3.8,5400,3.9,2700,0,496800
COALINDIA30JAN20200PE.NFO,07/01/2020,11:57:05,3.75,3.8,2700,3.9,2700,0,496800
COALINDIA30JAN20200PE.NFO,07/01/2020,11:57:13,3.75,3.8,5400,3.9,2700,0,496800
COALINDIA30JAN20200PE.NFO,07/01/2020,11:57:30,3.75,3.8,2700,3.9,2700,0,496800
COALINDIA30JAN20200PE.NFO,07/01/2020,11:57:38,3.75,3.8,5400,3.9,2700,0,496800
COALINDIA30JAN20200PE.NFO,07/01/2020,11:57:42,3.75,3.8,2700,3.9,2700,0,496800
COALINDIA30JAN20200PE.NFO,07/01/2020,11:57:48,3.75,3.8,5400,3.9,2700,0,496800
COALINDIA30JAN20200PE.NFO,07/01/2020,11:58:44,3.75,3.8,5400,3.95,2700,0,496800
COALINDIA30JAN20200PE.NFO,07/01/2020,11:59:46,3.75,3.8,5400,3.9,2700,0,496800
COALINDIA30JAN20200PE.NFO,07/01/2020,11:59:49,3.75,3.85,8100,3.95,2700,0,496800
COALINDIA30JAN20200PE.NFO,07/01/2020,12:00:05,3.75,3.85,8100,4,8100,0,496800
COALINDIA30JAN20200PE.NFO,07/01/2020,12:00:08,3.75,3.85,8100,3.95,2700,0,496800
COALINDIA30JAN20200PE.NFO,07/01/2020,12:00:14,3.75,3.85,8100,4,8100,0,496800
COALINDIA30JAN20200PE.NFO,07/01/2020,12:00:28,3.75,3.85,2700,3.95,2700,0,496800
COALINDIA30JAN20200PE.NFO,07/01/2020,12:00:32,3.75,3.85,5400,3.95,2700,0,496800
COALINDIA30JAN20200PE.NFO,07/01/2020,12:01:06,3.75,3.85,2700,3.95,2700,0,496800
COALINDIA30JAN20200PE.NFO,07/01/2020,12:01:12,3.75,3.85,5400,3.95,2700,0,496800
COALINDIA30JAN20200PE.NFO,07/01/2020,12:01:19,3.75,3.85,2700,3.95,2700,0,496800
COALINDIA30JAN20200PE.NFO,07/01/2020,12:01:33,3.75,3.85,5400,3.95,2700,0,496800
COALINDIA30JAN20200PE.NFO,07/01/2020,12:02:25,3.75,3.85,2700,3.95,2700,0,496800
COALINDIA30JAN20200PE.NFO,07/01/2020,12:02:27,3.9,3.85,2700,3.9,2700,5400,491400
COALINDIA30JAN20200PE.NFO,07/01/2020,12:02:30,3.9,3.85,2700,3.9,2700,0,491400
COALINDIA30JAN20200PE.NFO,07/01/2020,12:02:41,3.9,3.8,2700,3.9,2700,0,491400
COALINDIA30JAN20200PE.NFO,07/01/2020,12:02:47,3.9,3.8,2700,3.9,5400,0,491400
COALINDIA30JAN20200PE.NFO,07/01/2020,12:03:16,3.9,3.85,2700,3.9,2700,0,491400
COALINDIA30JAN20200PE.NFO,07/01/2020,12:03:23,3.9,3.8,8100,3.9,2700,0,491400
COALINDIA30JAN20200PE.NFO,07/01/2020,12:03:37,3.9,3.85,2700,3.9,2700,0,491400
COALINDIA30JAN20200PE.NFO,07/01/2020,12:03:51,3.9,3.85,2700,3.9,5400,0,491400
COALINDIA30JAN20200PE.NFO,07/01/2020,12:03:56,3.9,3.8,5400,3.9,5400,0,491400
COALINDIA30JAN20200PE.NFO,07/01/2020,12:03:59,3.9,3.85,2700,3.9,5400,0,491400
COALINDIA30JAN20200PE.NFO,07/01/2020,12:04:02,3.9,3.85,2700,3.9,2700,0,491400
COALINDIA30JAN20200PE.NFO,07/01/2020,12:04:11,3.9,3.8,10800,3.9,5400,0,491400
COALINDIA30JAN20200PE.NFO,07/01/2020,12:04:14,3.9,3.8,10800,3.95,8100,0,491400
COALINDIA30JAN20200PE.NFO,07/01/2020,12:05:03,3.9,3.8,8100,3.95,13500,0,491400
COALINDIA30JAN20200PE.NFO,07/01/2020,12:05:12,3.9,3.8,8100,3.9,10800,0,491400
COALINDIA30JAN20200PE.NFO,07/01/2020,12:05:18,3.9,3.8,8100,3.9,8100,0,491400
COALINDIA30JAN20200PE.NFO,07/01/2020,12:05:22,3.9,3.85,2700,3.9,2700,0,491400
COALINDIA30JAN20200PE.NFO,07/01/2020,12:06:35,3.9,3.8,13500,3.9,2700,0,491400
COALINDIA30JAN20200PE.NFO,07/01/2020,12:06:37,3.9,3.85,2700,3.9,5400,0,491400
COALINDIA30JAN20200PE.NFO,07/01/2020,12:06:40,3.9,3.8,8100,3.9,5400,0,491400
COALINDIA30JAN20200PE.NFO,07/01/2020,12:07:05,3.9,3.85,2700,3.9,2700,0,491400
COALINDIA30JAN20200PE.NFO,07/01/2020,12:07:58,3.9,3.85,2700,3.9,5400,0,491400
COALINDIA30JAN20200PE.NFO,07/01/2020,12:08:07,3.9,3.85,2700,3.9,2700,0,491400
COALINDIA30JAN20200PE.NFO,07/01/2020,12:08:11,3.9,3.85,2700,3.95,8100,0,491400
COALINDIA30JAN20200PE.NFO,07/01/2020,12:08:16,3.85,3.8,8100,3.9,10800,2700,491400
COALINDIA30JAN20200PE.NFO,07/01/2020,12:08:24,3.85,3.8,8100,3.9,10800,0,491400
COALINDIA30JAN20200PE.NFO,07/01/2020,12:08:42,3.85,3.8,8100,3.9,18900,0,491400
COALINDIA30JAN20200PE.NFO,07/01/2020,12:08:57,3.85,3.8,8100,3.9,8100,0,491400
COALINDIA30JAN20200PE.NFO,07/01/2020,12:09:12,3.85,3.8,5400,3.9,8100,0,491400
COALINDIA30JAN20200PE.NFO,07/01/2020,12:09:30,3.85,3.8,5400,3.9,16200,0,491400
COALINDIA30JAN20200PE.NFO,07/01/2020,12:09:34,3.85,3.8,5400,3.9,10800,0,491400
COALINDIA30JAN20200PE.NFO,07/01/2020,12:09:40,3.85,3.8,5400,3.9,16200,0,491400
COALINDIA30JAN20200PE.NFO,07/01/2020,12:09:43,3.85,3.8,5400,3.9,10800,0,491400
COALINDIA30JAN20200PE.NFO,07/01/2020,12:09:57,3.85,3.8,5400,3.9,8100,0,491400
COALINDIA30JAN20200PE.NFO,07/01/2020,12:10:40,3.85,3.8,5400,3.9,16200,0,491400
COALINDIA30JAN20200PE.NFO,07/01/2020,12:10:57,3.85,3.8,5400,3.9,13500,0,491400
COALINDIA30JAN20200PE.NFO,07/01/2020,12:11:08,3.85,3.8,2700,3.9,13500,0,491400
COALINDIA30JAN20200PE.NFO,07/01/2020,12:11:16,3.85,3.8,2700,3.9,10800,0,491400
COALINDIA30JAN20200PE.NFO,07/01/2020,12:11:20,3.85,3.8,5400,3.9,10800,0,491400
COALINDIA30JAN20200PE.NFO,07/01/2020,12:11:26,3.85,3.8,2700,3.9,10800,0,491400
COALINDIA30JAN20200PE.NFO,07/01/2020,12:11:35,3.85,3.8,2700,3.9,16200,0,491400
COALINDIA30JAN20200PE.NFO,07/01/2020,12:11:41,3.85,3.8,2700,3.9,13500,0,491400
COALINDIA30JAN20200PE.NFO,07/01/2020,12:12:05,3.85,3.8,2700,3.9,16200,0,491400
COALINDIA30JAN20200PE.NFO,07/01/2020,12:13:29,3.85,3.8,2700,3.85,16200,0,491400
COALINDIA30JAN20200PE.NFO,07/01/2020,12:13:41,3.85,3.8,2700,3.85,10800,0,491400
COALINDIA30JAN20200PE.NFO,07/01/2020,12:13:48,3.85,3.8,2700,3.85,16200,0,491400
COALINDIA30JAN20200PE.NFO,07/01/2020,12:13:51,3.85,3.8,2700,3.85,10800,0,491400
COALINDIA30JAN20200PE.NFO,07/01/2020,12:13:57,3.85,3.8,2700,3.85,16200,0,491400
COALINDIA30JAN20200PE.NFO,07/01/2020,12:14:06,3.85,3.8,2700,3.85,13500,0,491400
COALINDIA30JAN20200PE.NFO,07/01/2020,12:14:30,3.85,3.8,2700,3.85,5400,0,491400
COALINDIA30JAN20200PE.NFO,07/01/2020,12:14:33,3.85,3.8,2700,3.85,13500,0,491400
COALINDIA30JAN20200PE.NFO,07/01/2020,12:14:49,3.8,3.7,16200,3.8,8100,2700,488700
COALINDIA30JAN20200PE.NFO,07/01/2020,12:15:07,3.8,3.7,16200,3.8,13500,0,488700
COALINDIA30JAN20200PE.NFO,07/01/2020,12:15:29,3.8,3.7,16200,3.8,16200,0,488700
COALINDIA30JAN20200PE.NFO,07/01/2020,12:15:36,3.8,3.7,16200,3.8,18900,0,488700
COALINDIA30JAN20200PE.NFO,07/01/2020,12:15:39,3.8,3.7,16200,3.8,13500,0,488700
COALINDIA30JAN20200PE.NFO,07/01/2020,12:16:03,3.8,3.7,13500,3.8,13500,0,488700
COALINDIA30JAN20200PE.NFO,07/01/2020,12:16:33,3.8,3.7,18900,3.8,13500,0,488700
COALINDIA30JAN20200PE.NFO,07/01/2020,12:16:37,3.8,3.7,13500,3.8,13500,0,488700
COALINDIA30JAN20200PE.NFO,07/01/2020,12:17:03,3.8,3.7,13500,3.8,16200,0,488700
COALINDIA30JAN20200PE.NFO,07/01/2020,12:17:05,3.8,3.7,13500,3.8,13500,0,488700
COALINDIA30JAN20200PE.NFO,07/01/2020,12:17:30,3.8,3.7,10800,3.8,18900,0,488700
COALINDIA30JAN20200PE.NFO,07/01/2020,12:17:43,3.8,3.7,13500,3.8,13500,0,488700
COALINDIA30JAN20200PE.NFO,07/01/2020,12:17:52,3.8,3.7,16200,3.8,13500,0,488700
COALINDIA30JAN20200PE.NFO,07/01/2020,12:18:03,3.8,3.7,13500,3.75,2700,0,488700
COALINDIA30JAN20200PE.NFO,07/01/2020,12:19:03,3.8,3.7,16200,3.75,2700,0,488700
COALINDIA30JAN20200PE.NFO,07/01/2020,12:19:18,3.8,3.7,13500,3.75,2700,0,488700
COALINDIA30JAN20200PE.NFO,07/01/2020,12:19:20,3.8,3.7,16200,3.75,2700,0,488700
COALINDIA30JAN20200PE.NFO,07/01/2020,12:19:27,3.8,3.7,13500,3.75,2700,0,488700
COALINDIA30JAN20200PE.NFO,07/01/2020,12:19:32,3.8,3.7,16200,3.75,2700,0,488700
COALINDIA30JAN20200PE.NFO,07/01/2020,12:19:39,3.8,3.7,13500,3.75,2700,0,488700
COALINDIA30JAN20200PE.NFO,07/01/2020,12:20:15,3.8,3.7,8100,3.75,5400,0,488700
COALINDIA30JAN20200PE.NFO,07/01/2020,12:20:30,3.7,3.7,5400,3.75,2700,2700,488700
COALINDIA30JAN20200PE.NFO,07/01/2020,12:20:35,3.7,3.7,5400,3.75,2700,0,488700
COALINDIA30JAN20200PE.NFO,07/01/2020,12:21:37,3.7,3.7,5400,3.75,8100,0,488700
COALINDIA30JAN20200PE.NFO,07/01/2020,12:22:14,3.7,3.7,5400,3.75,5400,0,488700
COALINDIA30JAN20200PE.NFO,07/01/2020,12:22:25,3.7,3.7,5400,3.75,8100,0,488700
COALINDIA30JAN20200PE.NFO,07/01/2020,12:22:33,3.7,3.7,5400,3.75,10800,0,488700
COALINDIA30JAN20200PE.NFO,07/01/2020,12:22:52,3.7,3.6,2700,3.7,8100,5400,486000
COALINDIA30JAN20200PE.NFO,07/01/2020,12:22:58,3.7,3.6,13500,3.7,5400,0,486000
COALINDIA30JAN20200PE.NFO,07/01/2020,12:23:05,3.7,3.6,8100,3.7,5400,0,486000
COALINDIA30JAN20200PE.NFO,07/01/2020,12:23:08,3.7,3.6,2700,3.7,8100,0,486000
COALINDIA30JAN20200PE.NFO,07/01/2020,12:23:18,3.7,3.6,2700,3.7,13500,0,486000
COALINDIA30JAN20200PE.NFO,07/01/2020,12:23:30,3.7,3.6,2700,3.7,8100,0,486000
COALINDIA30JAN20200PE.NFO,07/01/2020,12:24:12,3.7,3.6,2700,3.7,10800,0,486000
COALINDIA30JAN20200PE.NFO,07/01/2020,12:24:21,3.7,3.55,5400,3.7,13500,0,486000
COALINDIA30JAN20200PE.NFO,07/01/2020,12:25:01,3.7,3.6,2700,3.7,8100,0,486000
COALINDIA30JAN20200PE.NFO,07/01/2020,12:25:15,3.7,3.55,8100,3.7,10800,0,486000
COALINDIA30JAN20200PE.NFO,07/01/2020,12:25:19,3.7,3.6,2700,3.7,10800,0,486000
COALINDIA30JAN20200PE.NFO,07/01/2020,12:25:22,3.7,3.55,8100,3.7,10800,0,486000
COALINDIA30JAN20200PE.NFO,07/01/2020,12:25:29,3.7,3.6,2700,3.7,10800,0,486000
COALINDIA30JAN20200PE.NFO,07/01/2020,12:25:33,3.7,3.6,2700,3.7,13500,0,486000
COALINDIA30JAN20200PE.NFO,07/01/2020,12:25:53,3.7,3.55,8100,3.7,13500,0,486000
COALINDIA30JAN20200PE.NFO,07/01/2020,12:26:13,3.7,3.6,2700,3.7,10800,0,486000
COALINDIA30JAN20200PE.NFO,07/01/2020,12:26:19,3.7,3.55,8100,3.7,10800,0,486000
COALINDIA30JAN20200PE.NFO,07/01/2020,12:26:29,3.7,3.55,8100,3.7,13500,0,486000
COALINDIA30JAN20200PE.NFO,07/01/2020,12:26:36,3.7,3.55,8100,3.7,10800,0,486000
COALINDIA30JAN20200PE.NFO,07/01/2020,12:27:05,3.7,3.6,2700,3.7,13500,0,486000
COALINDIA30JAN20200PE.NFO,07/01/2020,12:27:39,3.7,3.6,5400,3.7,8100,0,486000
COALINDIA30JAN20200PE.NFO,07/01/2020,12:27:55,3.7,3.6,2700,3.7,8100,0,486000
COALINDIA30JAN20200PE.NFO,07/01/2020,12:28:10,3.7,3.6,2700,3.7,10800,0,486000
COALINDIA30JAN20200PE.NFO,07/01/2020,12:28:18,3.7,3.6,2700,3.7,8100,0,486000
COALINDIA30JAN20200PE.NFO,07/01/2020,12:28:36,3.7,3.6,5400,3.7,8100,0,486000
COALINDIA30JAN20200PE.NFO,07/01/2020,12:28:50,3.7,3.65,2700,3.75,8100,8100,486000
COALINDIA30JAN20200PE.NFO,07/01/2020,12:28:53,3.7,3.65,2700,3.75,10800,0,486000
COALINDIA30JAN20200PE.NFO,07/01/2020,12:28:58,3.7,3.65,5400,3.8,13500,0,486000
COALINDIA30JAN20200PE.NFO,07/01/2020,12:29:04,3.7,3.65,2700,3.75,13500,0,486000
COALINDIA30JAN20200PE.NFO,07/01/2020,12:29:09,3.7,3.65,2700,3.75,10800,0,486000
COALINDIA30JAN20200PE.NFO,07/01/2020,12:29:13,3.7,3.65,2700,3.75,8100,0,486000
COALINDIA30JAN20200PE.NFO,07/01/2020,12:29:22,3.7,3.65,2700,3.75,10800,0,486000
COALINDIA30JAN20200PE.NFO,07/01/2020,12:29:49,3.7,3.6,10800,3.75,13500,0,486000
COALINDIA30JAN20200PE.NFO,07/01/2020,12:29:55,3.65,3.6,8100,3.65,2700,2700,483300
COALINDIA30JAN20200PE.NFO,07/01/2020,12:29:59,3.65,3.6,10800,3.7,2700,0,483300
COALINDIA30JAN20200PE.NFO,07/01/2020,12:30:14,3.65,3.6,10800,3.75,8100,0,483300
COALINDIA30JAN20200PE.NFO,07/01/2020,12:30:28,3.65,3.6,10800,3.7,2700,0,483300
COALINDIA30JAN20200PE.NFO,07/01/2020,12:30:35,3.65,3.6,10800,3.75,8100,0,483300
COALINDIA30JAN20200PE.NFO,07/01/2020,12:30:38,3.65,3.6,10800,3.7,2700,0,483300
COALINDIA30JAN20200PE.NFO,07/01/2020,12:30:44,3.65,3.6,10800,3.75,8100,0,483300
COALINDIA30JAN20200PE.NFO,07/01/2020,12:30:51,3.65,3.6,10800,3.7,2700,0,483300
COALINDIA30JAN20200PE.NFO,07/01/2020,12:30:55,3.65,3.6,10800,3.75,10800,0,483300
COALINDIA30JAN20200PE.NFO,07/01/2020,12:31:00,3.65,3.6,8100,3.65,2700,0,483300
COALINDIA30JAN20200PE.NFO,07/01/2020,12:31:10,3.65,3.6,8100,3.7,10800,0,483300
COALINDIA30JAN20200PE.NFO,07/01/2020,12:31:16,3.65,3.6,5400,3.65,2700,0,483300
COALINDIA30JAN20200PE.NFO,07/01/2020,12:31:19,3.65,3.6,5400,3.7,8100,0,483300
COALINDIA30JAN20200PE.NFO,07/01/2020,12:31:23,3.65,3.6,5400,3.65,2700,0,483300
COALINDIA30JAN20200PE.NFO,07/01/2020,12:31:26,3.65,3.6,8100,3.7,2700,0,483300
COALINDIA30JAN20200PE.NFO,07/01/2020,12:32:08,3.65,3.6,10800,3.75,5400,0,483300
COALINDIA30JAN20200PE.NFO,07/01/2020,12:32:23,3.65,3.65,8100,3.75,2700,0,483300
COALINDIA30JAN20200PE.NFO,07/01/2020,12:32:37,3.65,3.65,8100,3.8,10800,0,483300
COALINDIA30JAN20200PE.NFO,07/01/2020,12:33:12,3.65,3.65,10800,3.8,10800,0,483300
COALINDIA30JAN20200PE.NFO,07/01/2020,12:33:16,3.65,3.65,10800,3.75,2700,0,483300
COALINDIA30JAN20200PE.NFO,07/01/2020,12:33:20,3.65,3.65,10800,3.8,10800,0,483300
COALINDIA30JAN20200PE.NFO,07/01/2020,12:33:42,3.65,3.65,10800,3.8,8100,0,483300
COALINDIA30JAN20200PE.NFO,07/01/2020,12:33:50,3.65,3.65,10800,3.75,2700,0,483300
COALINDIA30JAN20200PE.NFO,07/01/2020,12:33:52,3.65,3.65,10800,3.8,10800,0,483300
COALINDIA30JAN20200PE.NFO,07/01/2020,12:33:54,3.65,3.65,8100,3.8,10800,0,483300
COALINDIA30JAN20200PE.NFO,07/01/2020,12:33:56,3.65,3.65,8100,3.75,2700,0,483300
COALINDIA30JAN20200PE.NFO,07/01/2020,12:33:58,3.65,3.65,10800,3.8,10800,0,483300
COALINDIA30JAN20200PE.NFO,07/01/2020,12:34:06,3.65,3.65,10800,3.8,5400,0,483300
COALINDIA30JAN20200PE.NFO,07/01/2020,12:34:12,3.65,3.65,10800,3.8,8100,0,483300
COALINDIA30JAN20200PE.NFO,07/01/2020,12:34:14,3.65,3.65,13500,3.8,2700,0,483300
COALINDIA30JAN20200PE.NFO,07/01/2020,12:34:20,3.65,3.65,10800,3.8,2700,0,483300
COALINDIA30JAN20200PE.NFO,07/01/2020,12:35:17,3.65,3.65,10800,3.8,10800,0,483300
COALINDIA30JAN20200PE.NFO,07/01/2020,12:35:23,3.65,3.65,8100,3.75,2700,0,483300
COALINDIA30JAN20200PE.NFO,07/01/2020,12:35:27,3.65,3.65,10800,3.75,2700,0,483300
COALINDIA30JAN20200PE.NFO,07/01/2020,12:35:29,3.65,3.65,10800,3.8,8100,0,483300
COALINDIA30JAN20200PE.NFO,07/01/2020,12:35:32,3.65,3.65,10800,3.75,2700,0,483300
COALINDIA30JAN20200PE.NFO,07/01/2020,12:35:47,3.65,3.65,13500,3.8,2700,0,483300
COALINDIA30JAN20200PE.NFO,07/01/2020,12:35:49,3.65,3.65,10800,3.75,2700,0,483300
COALINDIA30JAN20200PE.NFO,07/01/2020,12:35:51,3.65,3.7,5400,3.8,5400,0,483300
COALINDIA30JAN20200PE.NFO,07/01/2020,12:35:56,3.65,3.7,5400,3.8,8100,0,483300
COALINDIA30JAN20200PE.NFO,07/01/2020,12:35:58,3.65,3.7,5400,3.75,2700,0,483300
COALINDIA30JAN20200PE.NFO,07/01/2020,12:36:03,3.65,3.7,5400,3.8,8100,0,483300
COALINDIA30JAN20200PE.NFO,07/01/2020,12:36:06,3.65,3.7,5400,3.8,2700,0,483300
COALINDIA30JAN20200PE.NFO,07/01/2020,12:36:18,3.65,3.7,10800,3.85,5400,0,483300
COALINDIA30JAN20200PE.NFO,07/01/2020,12:36:22,3.65,3.7,5400,3.8,2700,0,483300
COALINDIA30JAN20200PE.NFO,07/01/2020,12:36:25,3.65,3.7,13500,3.85,5400,0,483300
COALINDIA30JAN20200PE.NFO,07/01/2020,12:36:30,3.65,3.7,10800,3.85,2700,0,483300
COALINDIA30JAN20200PE.NFO,07/01/2020,12:36:32,3.65,3.7,13500,3.85,2700,0,483300
COALINDIA30JAN20200PE.NFO,07/01/2020,12:36:35,3.65,3.7,10800,3.85,2700,0,483300
COALINDIA30JAN20200PE.NFO,07/01/2020,12:36:38,3.65,3.7,10800,3.8,2700,0,483300
COALINDIA30JAN20200PE.NFO,07/01/2020,12:36:43,3.65,3.7,10800,3.85,10800,0,483300
COALINDIA30JAN20200PE.NFO,07/01/2020,12:36:45,3.8,3.75,2700,3.85,8100,2700,483300
COALINDIA30JAN20200PE.NFO,07/01/2020,12:36:48,3.8,3.7,18900,3.85,8100,0,483300
COALINDIA30JAN20200PE.NFO,07/01/2020,12:37:11,3.8,3.75,5400,3.85,2700,0,483300
COALINDIA30JAN20200PE.NFO,07/01/2020,12:37:22,3.8,3.8,2700,3.9,13500,0,483300
COALINDIA30JAN20200PE.NFO,07/01/2020,12:37:33,3.8,3.7,5400,3.85,10800,2700,483300
COALINDIA30JAN20200PE.NFO,07/01/2020,12:37:34,3.8,3.7,5400,3.85,10800,0,483300
COALINDIA30JAN20200PE.NFO,07/01/2020,12:37:38,3.8,3.65,8100,3.8,10800,0,483300
COALINDIA30JAN20200PE.NFO,07/01/2020,12:38:01,3.8,3.65,5400,3.75,2700,0,483300
COALINDIA30JAN20200PE.NFO,07/01/2020,12:38:41,3.8,3.7,5400,3.8,10800,0,483300
COALINDIA30JAN20200PE.NFO,07/01/2020,12:38:44,3.8,3.7,2700,3.8,10800,0,483300
COALINDIA30JAN20200PE.NFO,07/01/2020,12:38:58,3.8,3.65,5400,3.8,10800,0,483300
COALINDIA30JAN20200PE.NFO,07/01/2020,12:39:13,3.8,3.7,8100,3.85,13500,0,483300
COALINDIA30JAN20200PE.NFO,07/01/2020,12:39:36,3.8,3.7,8100,3.85,10800,0,483300
COALINDIA30JAN20200PE.NFO,07/01/2020,12:39:42,3.8,3.75,5400,3.85,2700,0,483300
COALINDIA30JAN20200PE.NFO,07/01/2020,12:40:07,3.8,3.75,2700,3.85,8100,0,483300
COALINDIA30JAN20200PE.NFO,07/01/2020,12:40:14,3.8,3.75,2700,3.85,2700,0,483300
COALINDIA30JAN20200PE.NFO,07/01/2020,12:40:17,3.8,3.75,2700,3.85,5400,0,483300
COALINDIA30JAN20200PE.NFO,07/01/2020,12:40:21,3.8,3.7,10800,3.85,5400,0,483300
COALINDIA30JAN20200PE.NFO,07/01/2020,12:40:27,3.8,3.7,8100,3.85,2700,0,483300
COALINDIA30JAN20200PE.NFO,07/01/2020,12:40:45,3.8,3.7,8100,3.85,10800,0,483300
COALINDIA30JAN20200PE.NFO,07/01/2020,12:40:51,3.8,3.7,2700,3.85,13500,0,483300
COALINDIA30JAN20200PE.NFO,07/01/2020,12:40:54,3.8,3.65,8100,3.8,13500,0,483300
COALINDIA30JAN20200PE.NFO,07/01/2020,12:41:00,3.8,3.65,5400,3.8,10800,0,483300
COALINDIA30JAN20200PE.NFO,07/01/2020,12:41:43,3.8,3.65,5400,3.8,13500,0,483300
COALINDIA30JAN20200PE.NFO,07/01/2020,12:42:22,3.8,3.65,8100,3.8,16200,0,483300
COALINDIA30JAN20200PE.NFO,07/01/2020,12:42:39,3.8,3.65,10800,3.8,10800,0,483300
COALINDIA30JAN20200PE.NFO,07/01/2020,12:42:55,3.8,3.65,8100,3.8,10800,0,483300
COALINDIA30JAN20200PE.NFO,07/01/2020,12:42:59,3.8,3.65,10800,3.8,10800,0,483300
COALINDIA30JAN20200PE.NFO,07/01/2020,12:43:21,3.8,3.7,5400,3.8,5400,0,483300
COALINDIA30JAN20200PE.NFO,07/01/2020,12:43:23,3.8,3.7,5400,3.8,8100,0,483300
COALINDIA30JAN20200PE.NFO,07/01/2020,12:43:25,3.8,3.7,5400,3.8,5400,0,483300
COALINDIA30JAN20200PE.NFO,07/01/2020,12:43:34,3.8,3.7,5400,3.8,8100,0,483300
COALINDIA30JAN20200PE.NFO,07/01/2020,12:43:36,3.8,3.65,8100,3.8,13500,0,483300
COALINDIA30JAN20200PE.NFO,07/01/2020,12:43:42,3.8,3.65,13500,3.8,10800,0,483300
COALINDIA30JAN20200PE.NFO,07/01/2020,12:43:49,3.8,3.65,8100,3.8,13500,0,483300
COALINDIA30JAN20200PE.NFO,07/01/2020,12:44:14,3.8,3.65,8100,3.8,16200,0,483300
COALINDIA30JAN20200PE.NFO,07/01/2020,12:44:23,3.8,3.65,8100,3.8,13500,0,483300
COALINDIA30JAN20200PE.NFO,07/01/2020,12:44:44,3.8,3.65,5400,3.8,24300,0,483300
COALINDIA30JAN20200PE.NFO,07/01/2020,12:44:51,3.8,3.6,8100,3.75,10800,0,483300
COALINDIA30JAN20200PE.NFO,07/01/2020,12:44:56,3.8,3.6,8100,3.75,13500,0,483300
COALINDIA30JAN20200PE.NFO,07/01/2020,12:44:59,3.8,3.6,5400,3.75,13500,0,483300
COALINDIA30JAN20200PE.NFO,07/01/2020,12:45:46,3.6,3.6,5400,3.75,8100,2700,477900
COALINDIA30JAN20200PE.NFO,07/01/2020,12:45:50,3.6,3.6,5400,3.75,8100,0,477900
COALINDIA30JAN20200PE.NFO,07/01/2020,12:45:57,3.6,3.6,8100,3.75,8100,0,477900
COALINDIA30JAN20200PE.NFO,07/01/2020,12:46:04,3.6,3.6,10800,3.75,8100,0,477900
COALINDIA30JAN20200PE.NFO,07/01/2020,12:46:38,3.6,3.6,5400,3.7,2700,0,477900
COALINDIA30JAN20200PE.NFO,07/01/2020,12:46:41,3.6,3.6,8100,3.75,8100,0,477900
COALINDIA30JAN20200PE.NFO,07/01/2020,12:47:07,3.6,3.6,8100,3.75,5400,0,477900
COALINDIA30JAN20200PE.NFO,07/01/2020,12:47:44,3.6,3.6,8100,3.75,2700,0,477900
COALINDIA30JAN20200PE.NFO,07/01/2020,12:48:03,3.6,3.6,8100,3.75,8100,0,477900
COALINDIA30JAN20200PE.NFO,07/01/2020,12:48:14,3.6,3.6,8100,3.75,5400,0,477900
COALINDIA30JAN20200PE.NFO,07/01/2020,12:48:45,3.6,3.6,8100,3.75,8100,0,477900
COALINDIA30JAN20200PE.NFO,07/01/2020,12:50:20,3.6,3.6,5400,3.7,2700,0,477900
COALINDIA30JAN20200PE.NFO,07/01/2020,12:50:24,3.6,3.6,5400,3.7,8100,0,477900
COALINDIA30JAN20200PE.NFO,07/01/2020,12:50:32,3.6,3.6,5400,3.7,10800,0,477900
COALINDIA30JAN20200PE.NFO,07/01/2020,12:51:23,3.6,3.6,13500,3.7,2700,2700,477900
COALINDIA30JAN20200PE.NFO,07/01/2020,12:51:26,3.6,3.6,13500,3.75,8100,0,477900
COALINDIA30JAN20200PE.NFO,07/01/2020,12:51:35,3.6,3.6,10800,3.75,8100,0,477900
COALINDIA30JAN20200PE.NFO,07/01/2020,12:51:40,3.6,3.6,8100,3.7,8100,0,477900
COALINDIA30JAN20200PE.NFO,07/01/2020,12:51:48,3.6,3.6,2700,3.7,8100,0,477900
COALINDIA30JAN20200PE.NFO,07/01/2020,12:53:07,3.6,3.6,2700,3.7,10800,0,477900
COALINDIA30JAN20200PE.NFO,07/01/2020,12:53:50,3.6,3.6,8100,3.7,8100,0,477900
COALINDIA30JAN20200PE.NFO,07/01/2020,12:53:56,3.6,3.6,5400,3.7,5400,0,477900
COALINDIA30JAN20200PE.NFO,07/01/2020,12:54:02,3.6,3.6,13500,3.7,2700,0,477900
COALINDIA30JAN20200PE.NFO,07/01/2020,12:54:07,3.6,3.6,16200,3.75,8100,0,477900
COALINDIA30JAN20200PE.NFO,07/01/2020,12:54:13,3.6,3.6,16200,3.7,2700,0,477900
COALINDIA30JAN20200PE.NFO,07/01/2020,12:54:26,3.6,3.6,10800,3.7,5400,0,477900
COALINDIA30JAN20200PE.NFO,07/01/2020,12:55:48,3.6,3.6,5400,3.7,8100,0,477900
COALINDIA30JAN20200PE.NFO,07/01/2020,12:55:55,3.6,3.6,5400,3.65,2700,0,477900
COALINDIA30JAN20200PE.NFO,07/01/2020,12:56:04,3.65,3.6,10800,3.7,8100,2700,477900
COALINDIA30JAN20200PE.NFO,07/01/2020,12:56:06,3.65,3.6,5400,3.7,8100,0,477900
COALINDIA30JAN20200PE.NFO,07/01/2020,12:56:08,3.65,3.6,10800,3.7,8100,0,477900
COALINDIA30JAN20200PE.NFO,07/01/2020,12:56:10,3.65,3.6,8100,3.7,8100,0,477900
COALINDIA30JAN20200PE.NFO,07/01/2020,12:56:16,3.65,3.6,5400,3.7,8100,0,477900
COALINDIA30JAN20200PE.NFO,07/01/2020,12:56:41,3.65,3.6,8100,3.7,8100,0,477900
COALINDIA30JAN20200PE.NFO,07/01/2020,12:56:50,3.65,3.6,5400,3.7,8100,0,477900
COALINDIA30JAN20200PE.NFO,07/01/2020,12:57:08,3.6,3.6,5400,3.7,5400,2700,480600
COALINDIA30JAN20200PE.NFO,07/01/2020,12:57:10,3.6,3.6,2700,3.7,5400,0,480600
COALINDIA30JAN20200PE.NFO,07/01/2020,12:57:47,3.6,3.6,8100,3.7,5400,0,480600
COALINDIA30JAN20200PE.NFO,07/01/2020,12:57:52,3.6,3.6,5400,3.7,5400,0,480600
COALINDIA30JAN20200PE.NFO,07/01/2020,12:57:56,3.6,3.6,2700,3.7,5400,0,480600
COALINDIA30JAN20200PE.NFO,07/01/2020,12:57:59,3.6,3.6,5400,3.7,5400,0,480600
COALINDIA30JAN20200PE.NFO,07/01/2020,12:58:12,3.6,3.6,5400,3.7,2700,0,480600
COALINDIA30JAN20200PE.NFO,07/01/2020,12:58:17,3.6,3.6,5400,3.7,5400,0,480600
COALINDIA30JAN20200PE.NFO,07/01/2020,12:58:32,3.6,3.6,2700,3.7,5400,0,480600
COALINDIA30JAN20200PE.NFO,07/01/2020,12:58:36,3.6,3.6,2700,3.65,2700,0,480600
COALINDIA30JAN20200PE.NFO,07/01/2020,12:58:38,3.6,3.6,8100,3.7,5400,0,480600
COALINDIA30JAN20200PE.NFO,07/01/2020,12:58:54,3.6,3.6,5400,3.7,5400,0,480600
COALINDIA30JAN20200PE.NFO,07/01/2020,12:59:00,3.6,3.6,2700,3.7,5400,0,480600
COALINDIA30JAN20200PE.NFO,07/01/2020,12:59:10,3.6,3.6,13500,3.75,5400,0,480600
COALINDIA30JAN20200PE.NFO,07/01/2020,13:00:03,3.6,3.6,13500,3.75,8100,0,480600
COALINDIA30JAN20200PE.NFO,07/01/2020,13:00:08,3.6,3.65,8100,3.8,13500,0,480600
COALINDIA30JAN20200PE.NFO,07/01/2020,13:00:24,3.6,3.65,13500,3.8,10800,0,480600
COALINDIA30JAN20200PE.NFO,07/01/2020,13:00:39,3.6,3.65,10800,3.8,10800,0,480600
COALINDIA30JAN20200PE.NFO,07/01/2020,13:01:04,3.6,3.75,8100,3.8,10800,0,480600
COALINDIA30JAN20200PE.NFO,07/01/2020,13:01:11,3.8,3.7,18900,3.85,10800,2700,477900
COALINDIA30JAN20200PE.NFO,07/01/2020,13:01:28,3.8,3.75,2700,3.85,8100,0,477900
COALINDIA30JAN20200PE.NFO,07/01/2020,13:01:40,3.8,3.75,2700,3.85,5400,0,477900
COALINDIA30JAN20200PE.NFO,07/01/2020,13:02:01,3.8,3.75,2700,3.85,8100,0,477900
COALINDIA30JAN20200PE.NFO,07/01/2020,13:02:06,3.8,3.75,2700,3.85,10800,0,477900
COALINDIA30JAN20200PE.NFO,07/01/2020,13:02:16,3.8,3.75,2700,3.85,8100,0,477900
COALINDIA30JAN20200PE.NFO,07/01/2020,13:02:25,3.8,3.75,2700,3.85,5400,0,477900
COALINDIA30JAN20200PE.NFO,07/01/2020,13:02:30,3.8,3.75,10800,3.9,10800,0,477900
COALINDIA30JAN20200PE.NFO,07/01/2020,13:02:35,3.8,3.75,10800,3.85,2700,0,477900
COALINDIA30JAN20200PE.NFO,07/01/2020,13:03:30,3.8,3.75,8100,3.85,2700,0,477900
COALINDIA30JAN20200PE.NFO,07/01/2020,13:03:34,3.8,3.75,8100,3.85,5400,0,477900
COALINDIA30JAN20200PE.NFO,07/01/2020,13:03:45,3.85,3.8,2700,3.9,8100,8100,475200
COALINDIA30JAN20200PE.NFO,07/01/2020,13:03:49,3.85,3.8,2700,3.9,8100,0,475200
COALINDIA30JAN20200PE.NFO,07/01/2020,13:04:00,3.85,3.75,8100,3.85,2700,0,475200
COALINDIA30JAN20200PE.NFO,07/01/2020,13:04:04,3.85,3.75,8100,3.9,8100,0,475200
COALINDIA30JAN20200PE.NFO,07/01/2020,13:04:07,3.85,3.75,8100,3.85,2700,0,475200
COALINDIA30JAN20200PE.NFO,07/01/2020,13:04:33,3.85,3.75,16200,3.85,2700,0,475200
COALINDIA30JAN20200PE.NFO,07/01/2020,13:04:45,3.85,3.75,18900,3.9,8100,0,475200
COALINDIA30JAN20200PE.NFO,07/01/2020,13:04:52,3.85,3.8,10800,3.9,2700,0,475200
COALINDIA30JAN20200PE.NFO,07/01/2020,13:05:03,3.9,3.85,5400,3.95,2700,2700,475200
COALINDIA30JAN20200PE.NFO,07/01/2020,13:05:10,3.9,3.9,16200,4.05,8100,0,475200
COALINDIA30JAN20200PE.NFO,07/01/2020,13:05:23,3.9,3.9,2700,4,2700,0,475200
COALINDIA30JAN20200PE.NFO,07/01/2020,13:05:28,3.9,3.8,10800,3.9,2700,0,475200
COALINDIA30JAN20200PE.NFO,07/01/2020,13:05:34,3.9,3.75,13500,3.9,10800,0,475200
COALINDIA30JAN20200PE.NFO,07/01/2020,13:05:40,3.9,3.7,10800,3.85,10800,0,475200
COALINDIA30JAN20200PE.NFO,07/01/2020,13:05:54,3.9,3.7,13500,3.85,10800,0,475200
COALINDIA30JAN20200PE.NFO,07/01/2020,13:06:25,3.9,3.7,10800,3.85,10800,0,475200
COALINDIA30JAN20200PE.NFO,07/01/2020,13:06:30,3.9,3.7,13500,3.85,10800,0,475200
COALINDIA30JAN20200PE.NFO,07/01/2020,13:06:44,3.9,3.75,2700,3.85,10800,0,475200
COALINDIA30JAN20200PE.NFO,07/01/2020,13:06:49,3.9,3.75,2700,3.85,8100,0,475200
COALINDIA30JAN20200PE.NFO,07/01/2020,13:06:59,3.9,3.8,2700,3.9,8100,0,475200
COALINDIA30JAN20200PE.NFO,07/01/2020,13:07:18,3.9,3.8,5400,3.9,8100,0,475200
COALINDIA30JAN20200PE.NFO,07/01/2020,13:07:22,3.9,3.8,2700,3.9,8100,0,475200
COALINDIA30JAN20200PE.NFO,07/01/2020,13:07:27,3.9,3.75,10800,3.9,8100,0,475200
COALINDIA30JAN20200PE.NFO,07/01/2020,13:07:39,3.9,3.8,2700,3.9,5400,0,475200
COALINDIA30JAN20200PE.NFO,07/01/2020,13:07:51,3.9,3.8,2700,3.9,10800,0,475200
COALINDIA30JAN20200PE.NFO,07/01/2020,13:08:07,3.9,3.8,2700,3.9,8100,0,475200
COALINDIA30JAN20200PE.NFO,07/01/2020,13:08:13,3.9,3.8,2700,3.9,10800,0,475200
COALINDIA30JAN20200PE.NFO,07/01/2020,13:08:26,3.9,3.85,2700,3.95,5400,0,475200
COALINDIA30JAN20200PE.NFO,07/01/2020,13:08:40,3.9,3.85,10800,4,8100,0,475200
COALINDIA30JAN20200PE.NFO,07/01/2020,13:08:46,3.9,3.85,10800,3.95,2700,0,475200
COALINDIA30JAN20200PE.NFO,07/01/2020,13:08:58,3.9,3.85,5400,3.95,2700,0,475200
COALINDIA30JAN20200PE.NFO,07/01/2020,13:09:08,3.9,3.85,5400,4,2700,0,475200
COALINDIA30JAN20200PE.NFO,07/01/2020,13:09:15,3.9,3.85,5400,4,8100,0,475200
COALINDIA30JAN20200PE.NFO,07/01/2020,13:09:28,3.9,3.85,8100,4,8100,0,475200
COALINDIA30JAN20200PE.NFO,07/01/2020,13:09:52,3.9,3.85,10800,4,8100,0,475200
COALINDIA30JAN20200PE.NFO,07/01/2020,13:10:04,3.9,3.9,5400,4,2700,0,475200
COALINDIA30JAN20200PE.NFO,07/01/2020,13:10:15,3.9,3.9,2700,4,2700,0,475200
COALINDIA30JAN20200PE.NFO,07/01/2020,13:10:20,3.9,3.9,10800,4.05,5400,0,475200
COALINDIA30JAN20200PE.NFO,07/01/2020,13:10:34,3.9,3.9,8100,4.05,5400,0,475200
COALINDIA30JAN20200PE.NFO,07/01/2020,13:10:38,3.9,3.9,13500,4.05,2700,0,475200
COALINDIA30JAN20200PE.NFO,07/01/2020,13:10:42,3.9,3.9,10800,4.05,2700,0,475200
COALINDIA30JAN20200PE.NFO,07/01/2020,13:11:00,3.9,3.9,8100,4.05,8100,0,475200
COALINDIA30JAN20200PE.NFO,07/01/2020,13:11:09,3.9,3.9,10800,4.05,2700,0,475200
COALINDIA30JAN20200PE.NFO,07/01/2020,13:11:27,3.9,3.95,8100,4.05,2700,0,475200
COALINDIA30JAN20200PE.NFO,07/01/2020,13:11:36,3.9,3.9,10800,4.05,2700,0,475200
COALINDIA30JAN20200PE.NFO,07/01/2020,13:11:58,3.9,3.9,5400,4,2700,0,475200
COALINDIA30JAN20200PE.NFO,07/01/2020,13:12:04,3.9,3.85,10800,4,10800,0,475200
COALINDIA30JAN20200PE.NFO,07/01/2020,13:12:10,3.9,3.9,10800,4.05,2700,0,475200
COALINDIA30JAN20200PE.NFO,07/01/2020,13:12:34,3.9,3.95,8100,4.05,5400,0,475200
COALINDIA30JAN20200PE.NFO,07/01/2020,13:12:47,3.9,4,2700,4.05,2700,0,475200
COALINDIA30JAN20200PE.NFO,07/01/2020,13:13:02,3.9,3.95,10800,4.05,2700,0,475200
COALINDIA30JAN20200PE.NFO,07/01/2020,13:13:05,3.9,4,2700,4.05,2700,0,475200
COALINDIA30JAN20200PE.NFO,07/01/2020,13:13:08,3.9,3.95,10800,4.05,2700,0,475200
COALINDIA30JAN20200PE.NFO,07/01/2020,13:13:26,3.9,4,8100,4.05,2700,0,475200
COALINDIA30JAN20200PE.NFO,07/01/2020,13:13:36,3.9,3.95,16200,4.05,2700,0,475200
COALINDIA30JAN20200PE.NFO,07/01/2020,13:13:39,3.9,4,2700,4.05,2700,0,475200
COALINDIA30JAN20200PE.NFO,07/01/2020,13:13:44,3.9,4,5400,4.05,2700,0,475200
COALINDIA30JAN20200PE.NFO,07/01/2020,13:13:47,3.9,4,2700,4.05,2700,0,475200
COALINDIA30JAN20200PE.NFO,07/01/2020,13:13:53,3.9,4,5400,4.05,2700,0,475200
COALINDIA30JAN20200PE.NFO,07/01/2020,13:14:03,4.05,4.1,5400,4.2,2700,2700,469800
COALINDIA30JAN20200PE.NFO,07/01/2020,13:14:09,4.05,4.05,13500,4.2,5400,0,469800
COALINDIA30JAN20200PE.NFO,07/01/2020,13:14:14,4.05,4.05,13500,4.2,13500,0,469800
COALINDIA30JAN20200PE.NFO,07/01/2020,13:14:18,4.05,4.05,13500,4.2,5400,0,469800
COALINDIA30JAN20200PE.NFO,07/01/2020,13:14:24,4.05,4.1,5400,4.2,2700,0,469800
COALINDIA30JAN20200PE.NFO,07/01/2020,13:14:43,4.05,4.1,8100,4.2,5400,0,469800
COALINDIA30JAN20200PE.NFO,07/01/2020,13:14:45,4.05,4.1,8100,4.2,2700,0,469800
COALINDIA30JAN20200PE.NFO,07/01/2020,13:14:48,4.05,4.1,2700,4.2,5400,0,469800
COALINDIA30JAN20200PE.NFO,07/01/2020,13:14:52,4.05,4.1,5400,4.2,5400,0,469800
COALINDIA30JAN20200PE.NFO,07/01/2020,13:14:55,4.05,4.1,2700,4.2,5400,0,469800
COALINDIA30JAN20200PE.NFO,07/01/2020,13:15:00,4.05,4.15,8100,4.3,13500,0,469800
COALINDIA30JAN20200PE.NFO,07/01/2020,13:15:05,4.05,4.15,10800,4.3,8100,0,469800
COALINDIA30JAN20200PE.NFO,07/01/2020,13:15:12,4.05,4.2,2700,4.3,5400,0,469800
COALINDIA30JAN20200PE.NFO,07/01/2020,13:15:20,4.05,4.15,10800,4.3,5400,0,469800
COALINDIA30JAN20200PE.NFO,07/01/2020,13:15:27,4.05,4.2,2700,4.3,2700,0,469800
COALINDIA30JAN20200PE.NFO,07/01/2020,13:15:34,4.05,4.2,5400,4.3,2700,0,469800
COALINDIA30JAN20200PE.NFO,07/01/2020,13:15:39,4.05,4.2,2700,4.3,2700,0,469800
COALINDIA30JAN20200PE.NFO,07/01/2020,13:16:01,4.05,4.15,10800,4.3,2700,0,469800
COALINDIA30JAN20200PE.NFO,07/01/2020,13:16:07,4.05,4.2,2700,4.3,2700,0,469800
COALINDIA30JAN20200PE.NFO,07/01/2020,13:16:12,4.05,4.2,2700,4.3,10800,0,469800
COALINDIA30JAN20200PE.NFO,07/01/2020,13:16:19,4.05,4.15,8100,4.25,2700,0,469800
COALINDIA30JAN20200PE.NFO,07/01/2020,13:16:24,4.05,4.15,5400,4.25,2700,0,469800
COALINDIA30JAN20200PE.NFO,07/01/2020,13:16:29,4.05,4.15,5400,4.3,5400,0,469800
COALINDIA30JAN20200PE.NFO,07/01/2020,13:16:33,4.05,4.15,2700,4.25,2700,0,469800
COALINDIA30JAN20200PE.NFO,07/01/2020,13:16:42,4.15,4.15,5400,4.3,8100,2700,467100
COALINDIA30JAN20200PE.NFO,07/01/2020,13:16:47,4.15,4.15,10800,4.3,8100,0,467100
COALINDIA30JAN20200PE.NFO,07/01/2020,13:16:53,4.15,4.15,2700,4.25,2700,0,467100
COALINDIA30JAN20200PE.NFO,07/01/2020,13:17:02,4.15,4.1,10800,4.3,8100,2700,467100
COALINDIA30JAN20200PE.NFO,07/01/2020,13:17:06,4.15,4.1,10800,4.3,8100,0,467100
COALINDIA30JAN20200PE.NFO,07/01/2020,13:17:10,4.15,4.1,10800,4.25,10800,0,467100
COALINDIA30JAN20200PE.NFO,07/01/2020,13:17:19,4.15,4.1,10800,4.25,2700,0,467100
COALINDIA30JAN20200PE.NFO,07/01/2020,13:17:30,4.15,4.1,10800,4.25,5400,0,467100
COALINDIA30JAN20200PE.NFO,07/01/2020,13:17:36,4.15,4.1,10800,4.25,2700,0,467100
COALINDIA30JAN20200PE.NFO,07/01/2020,13:17:42,4.15,4.1,8100,4.25,8100,0,467100
COALINDIA30JAN20200PE.NFO,07/01/2020,13:17:47,4.15,4.1,8100,4.2,2700,0,467100
COALINDIA30JAN20200PE.NFO,07/01/2020,13:18:12,4.15,4.05,10800,4.2,2700,0,467100
COALINDIA30JAN20200PE.NFO,07/01/2020,13:18:16,4.15,4.1,5400,4.2,2700,0,467100
COALINDIA30JAN20200PE.NFO,07/01/2020,13:18:21,4.15,4.1,10800,4.25,8100,0,467100
COALINDIA30JAN20200PE.NFO,07/01/2020,13:18:47,4.15,4.1,8100,4.25,8100,0,467100
COALINDIA30JAN20200PE.NFO,07/01/2020,13:18:52,4.15,4.1,8100,4.2,2700,0,467100
COALINDIA30JAN20200PE.NFO,07/01/2020,13:19:09,4.15,4.15,2700,4.25,5400,0,467100
COALINDIA30JAN20200PE.NFO,07/01/2020,13:19:15,4.15,4.15,8100,4.3,8100,0,467100
COALINDIA30JAN20200PE.NFO,07/01/2020,13:19:23,4.15,4.15,5400,4.3,5400,0,467100
COALINDIA30JAN20200PE.NFO,07/01/2020,13:19:27,4.15,4.15,5400,4.3,8100,0,467100
COALINDIA30JAN20200PE.NFO,07/01/2020,13:19:31,4.15,4.15,2700,4.25,2700,0,467100
COALINDIA30JAN20200PE.NFO,07/01/2020,13:19:36,4.25,4.15,2700,4.3,8100,2700,461700
COALINDIA30JAN20200PE.NFO,07/01/2020,13:19:40,4.25,4.2,2700,4.3,5400,0,461700
COALINDIA30JAN20200PE.NFO,07/01/2020,13:19:58,4.25,4.2,2700,4.25,2700,0,461700
COALINDIA30JAN20200PE.NFO,07/01/2020,13:20:10,4.25,4.2,2700,4.25,5400,0,461700
COALINDIA30JAN20200PE.NFO,07/01/2020,13:20:15,4.2,4.1,8100,4.25,5400,2700,461700
COALINDIA30JAN20200PE.NFO,07/01/2020,13:20:20,4.2,4.15,2700,4.25,5400,0,461700
COALINDIA30JAN20200PE.NFO,07/01/2020,13:20:25,4.2,4.1,2700,4.2,2700,0,461700
COALINDIA30JAN20200PE.NFO,07/01/2020,13:20:39,4.2,4.1,2700,4.25,5400,0,461700
COALINDIA30JAN20200PE.NFO,07/01/2020,13:20:44,4.2,4.1,2700,4.2,2700,0,461700
COALINDIA30JAN20200PE.NFO,07/01/2020,13:20:47,4.2,4.1,8100,4.25,5400,0,461700
COALINDIA30JAN20200PE.NFO,07/01/2020,13:21:00,4.2,4.15,2700,4.25,5400,0,461700
COALINDIA30JAN20200PE.NFO,07/01/2020,13:21:11,4.2,4.15,2700,4.25,8100,0,461700
COALINDIA30JAN20200PE.NFO,07/01/2020,13:21:17,4.25,4.15,13500,4.3,5400,8100,464400
COALINDIA30JAN20200PE.NFO,07/01/2020,13:21:24,4.25,4.15,2700,4.3,5400,0,464400
COALINDIA30JAN20200PE.NFO,07/01/2020,13:21:46,4.25,4.15,8100,4.3,5400,0,464400
COALINDIA30JAN20200PE.NFO,07/01/2020,13:21:53,4.25,4.3,2700,4.4,2700,0,464400
COALINDIA30JAN20200PE.NFO,07/01/2020,13:22:05,4.25,4.25,5400,4.4,2700,0,464400
COALINDIA30JAN20200PE.NFO,07/01/2020,13:22:09,4.25,4.3,2700,4.4,2700,0,464400
COALINDIA30JAN20200PE.NFO,07/01/2020,13:22:14,4.25,4.25,2700,4.4,5400,0,464400
COALINDIA30JAN20200PE.NFO,07/01/2020,13:22:23,4.25,4.2,2700,4.35,2700,0,464400
COALINDIA30JAN20200PE.NFO,07/01/2020,13:22:28,4.25,4.2,2700,4.3,2700,0,464400
COALINDIA30JAN20200PE.NFO,07/01/2020,13:22:43,4.25,4.2,5400,4.35,2700,0,464400
COALINDIA30JAN20200PE.NFO,07/01/2020,13:22:57,4.25,4.25,2700,4.35,2700,0,464400
COALINDIA30JAN20200PE.NFO,07/01/2020,13:23:10,4.25,4.25,5400,4.4,2700,0,464400
COALINDIA30JAN20200PE.NFO,07/01/2020,13:23:15,4.25,4.3,8100,4.45,2700,0,464400
COALINDIA30JAN20200PE.NFO,07/01/2020,13:24:35,4.25,4.25,2700,4.4,2700,0,464400
COALINDIA30JAN20200PE.NFO,07/01/2020,13:24:42,4.25,4.25,2700,4.4,10800,0,464400
COALINDIA30JAN20200PE.NFO,07/01/2020,13:24:50,4.25,4.2,5400,4.35,2700,0,464400
COALINDIA30JAN20200PE.NFO,07/01/2020,13:24:56,4.25,4.25,5400,4.4,5400,0,464400
COALINDIA30JAN20200PE.NFO,07/01/2020,13:25:06,4.25,4.25,2700,4.4,2700,0,464400
COALINDIA30JAN20200PE.NFO,07/01/2020,13:25:11,4.3,4.3,2700,4.4,2700,2700,461700
COALINDIA30JAN20200PE.NFO,07/01/2020,13:25:16,4.3,4.25,5400,4.4,2700,0,461700
COALINDIA30JAN20200PE.NFO,07/01/2020,13:25:21,4.3,4.3,2700,4.4,2700,0,461700
COALINDIA30JAN20200PE.NFO,07/01/2020,13:25:27,4.3,4.35,2700,4.45,2700,0,461700
COALINDIA30JAN20200PE.NFO,07/01/2020,13:25:32,4.3,4.3,5400,4.4,2700,0,461700
COALINDIA30JAN20200PE.NFO,07/01/2020,13:25:36,4.3,4.3,2700,4.4,2700,0,461700
COALINDIA30JAN20200PE.NFO,07/01/2020,13:25:59,4.3,4.3,2700,4.4,2700,2700,461700
COALINDIA30JAN20200PE.NFO,07/01/2020,13:26:04,4.3,4.3,2700,4.4,2700,0,461700
COALINDIA30JAN20200PE.NFO,07/01/2020,13:26:17,4.3,4.25,8100,4.4,2700,0,461700
COALINDIA30JAN20200PE.NFO,07/01/2020,13:26:22,4.3,4.25,8100,4.35,2700,0,461700
COALINDIA30JAN20200PE.NFO,07/01/2020,13:26:37,4.3,4.25,10800,4.35,2700,0,461700
COALINDIA30JAN20200PE.NFO,07/01/2020,13:26:42,4.3,4.25,5400,4.35,2700,0,461700
COALINDIA30JAN20200PE.NFO,07/01/2020,13:26:46,4.3,4.25,10800,4.35,2700,0,461700
COALINDIA30JAN20200PE.NFO,07/01/2020,13:27:03,4.3,4.3,2700,4.35,2700,0,461700
COALINDIA30JAN20200PE.NFO,07/01/2020,13:27:14,4.3,4.3,2700,4.4,2700,0,461700
COALINDIA30JAN20200PE.NFO,07/01/2020,13:27:19,4.3,4.35,2700,4.45,2700,0,461700
COALINDIA30JAN20200PE.NFO,07/01/2020,13:27:31,4.3,4.35,2700,4.45,5400,0,461700
COALINDIA30JAN20200PE.NFO,07/01/2020,13:27:41,4.3,4.35,2700,4.45,2700,0,461700
COALINDIA30JAN20200PE.NFO,07/01/2020,13:27:51,4.3,4.35,5400,4.5,5400,0,461700
COALINDIA30JAN20200PE.NFO,07/01/2020,13:27:58,4.3,4.35,2700,4.5,5400,0,461700
COALINDIA30JAN20200PE.NFO,07/01/2020,13:28:03,4.3,4.4,2700,4.5,5400,0,461700
COALINDIA30JAN20200PE.NFO,07/01/2020,13:28:08,4.3,4.4,8100,4.5,2700,0,461700
COALINDIA30JAN20200PE.NFO,07/01/2020,13:28:12,4.3,4.4,10800,4.5,2700,0,461700
COALINDIA30JAN20200PE.NFO,07/01/2020,13:28:17,4.5,4.5,2700,4.6,2700,2700,461700
COALINDIA30JAN20200PE.NFO,07/01/2020,13:28:21,4.5,4.5,2700,4.6,2700,0,461700
COALINDIA30JAN20200PE.NFO,07/01/2020,13:28:25,4.5,4.5,5400,4.6,2700,0,461700
COALINDIA30JAN20200PE.NFO,07/01/2020,13:28:29,4.5,4.45,8100,4.6,2700,0,461700
COALINDIA30JAN20200PE.NFO,07/01/2020,13:28:33,4.5,4.5,2700,4.6,2700,0,461700
COALINDIA30JAN20200PE.NFO,07/01/2020,13:28:41,4.5,4.45,10800,4.6,2700,0,461700
COALINDIA30JAN20200PE.NFO,07/01/2020,13:29:06,4.5,4.45,10800,4.55,2700,0,461700
COALINDIA30JAN20200PE.NFO,07/01/2020,13:29:12,4.5,4.5,2700,4.55,2700,0,461700
COALINDIA30JAN20200PE.NFO,07/01/2020,13:29:18,4.5,4.45,10800,4.55,2700,0,461700
COALINDIA30JAN20200PE.NFO,07/01/2020,13:29:25,4.5,4.45,8100,4.55,2700,0,461700
COALINDIA30JAN20200PE.NFO,07/01/2020,13:29:38,4.55,4.5,5400,4.65,2700,2700,461700
COALINDIA30JAN20200PE.NFO,07/01/2020,13:29:38,4.55,4.5,5400,4.65,2700,0,461700
