Ticker,Date,Time,LTP,BuyPrice,BuyQty,SellPrice,SellQty,LTQ,OpenInterest
CONCOR30JAN20560PE.NFO,07/01/2020,09:17:55,11.25,10.5,1563,11.55,1563,1563,76587
CONCOR30JAN20560PE.NFO,07/01/2020,09:17:55,11.25,10.5,1563,11.55,1563,0,76587
CONCOR30JAN20560PE.NFO,07/01/2020,09:17:55,11.25,10.5,1563,11.55,1563,0,76587
CONCOR30JAN20560PE.NFO,07/01/2020,09:17:55,11.25,10.5,1563,11.55,1563,0,76587
CONCOR30JAN20560PE.NFO,07/01/2020,09:18:03,11.25,9.7,3126,11.5,1563,0,76587
CONCOR30JAN20560PE.NFO,07/01/2020,09:18:10,11.25,10.45,1563,11.35,1563,0,76587
CONCOR30JAN20560PE.NFO,07/01/2020,09:18:18,11.25,10.45,1563,11.4,1563,0,76587
CONCOR30JAN20560PE.NFO,07/01/2020,09:18:26,11.25,10.05,1563,11.6,1563,0,76587
CONCOR30JAN20560PE.NFO,07/01/2020,09:18:34,11.25,10.85,1563,11.8,1563,0,76587
CONCOR30JAN20560PE.NFO,07/01/2020,09:18:42,11.25,10.25,1563,11.7,1563,0,76587
CONCOR30JAN20560PE.NFO,07/01/2020,09:18:49,11.25,10.25,1563,11.8,1563,0,76587
CONCOR30JAN20560PE.NFO,07/01/2020,09:18:56,11.25,10.95,1563,11.75,1563,0,76587
CONCOR30JAN20560PE.NFO,07/01/2020,09:19:03,11.25,10.85,1563,11.7,1563,0,76587
CONCOR30JAN20560PE.NFO,07/01/2020,09:19:11,11.25,10.9,1563,11.7,1563,0,76587
CONCOR30JAN20560PE.NFO,07/01/2020,09:19:20,11.25,10.8,1563,11.65,1563,0,76587
CONCOR30JAN20560PE.NFO,07/01/2020,09:19:27,11.25,10.8,1563,11.6,1563,0,76587
CONCOR30JAN20560PE.NFO,07/01/2020,09:19:35,11.25,10.95,1563,11.75,1563,0,76587
CONCOR30JAN20560PE.NFO,07/01/2020,09:19:43,11.25,11.05,1563,11.85,1563,0,76587
CONCOR30JAN20560PE.NFO,07/01/2020,09:19:51,11.25,11.25,1563,12.05,1563,0,76587
CONCOR30JAN20560PE.NFO,07/01/2020,09:19:59,11.25,11.3,1563,12.1,1563,0,76587
CONCOR30JAN20560PE.NFO,07/01/2020,09:20:07,11.25,11.2,1563,12.05,1563,0,76587
CONCOR30JAN20560PE.NFO,07/01/2020,09:20:14,11.25,11.3,1563,12.1,1563,0,76587
CONCOR30JAN20560PE.NFO,07/01/2020,09:20:22,11.25,11.2,1563,12,1563,0,76587
CONCOR30JAN20560PE.NFO,07/01/2020,09:21:01,11.25,11,1563,11.8,1563,0,76587
CONCOR30JAN20560PE.NFO,07/01/2020,09:21:16,11.25,10.8,1563,11.6,1563,0,76587
CONCOR30JAN20560PE.NFO,07/01/2020,09:21:52,11.25,10.75,1563,11.55,1563,0,76587
CONCOR30JAN20560PE.NFO,07/01/2020,09:21:58,11.25,10.65,1563,12.15,3126,0,76587
CONCOR30JAN20560PE.NFO,07/01/2020,09:22:05,11.25,10.65,1563,12.05,6252,0,76587
CONCOR30JAN20560PE.NFO,07/01/2020,09:22:13,11.25,10.65,1563,12.05,3126,0,76587
CONCOR30JAN20560PE.NFO,07/01/2020,09:22:21,11.25,10.55,1563,12.05,14067,0,76587
CONCOR30JAN20560PE.NFO,07/01/2020,09:22:28,11.25,10.55,1563,12.05,23445,0,76587
CONCOR30JAN20560PE.NFO,07/01/2020,09:22:42,11.25,10.5,1563,12.05,14067,0,76587
CONCOR30JAN20560PE.NFO,07/01/2020,09:22:48,11.25,10.5,1563,11.95,3126,0,76587
CONCOR30JAN20560PE.NFO,07/01/2020,09:22:54,11.25,10.4,1563,11.95,9378,0,76587
CONCOR30JAN20560PE.NFO,07/01/2020,09:23:01,11.25,10.4,1563,11.95,6252,0,76587
CONCOR30JAN20560PE.NFO,07/01/2020,09:23:07,11.25,10.4,1563,11.95,15630,0,76587
CONCOR30JAN20560PE.NFO,07/01/2020,09:23:14,11.25,10.45,1563,11.8,3126,0,76587
CONCOR30JAN20560PE.NFO,07/01/2020,09:23:21,11.25,10.35,1563,11.8,3126,0,76587
CONCOR30JAN20560PE.NFO,07/01/2020,09:23:53,11.25,10.35,1563,11.8,9378,0,76587
CONCOR30JAN20560PE.NFO,07/01/2020,09:24:01,11.25,10.35,1563,11.8,6252,0,76587
CONCOR30JAN20560PE.NFO,07/01/2020,09:24:08,11.25,10.35,1563,11.8,3126,0,76587
CONCOR30JAN20560PE.NFO,07/01/2020,09:24:15,11.25,10.35,1563,11.8,9378,0,76587
CONCOR30JAN20560PE.NFO,07/01/2020,09:24:22,11.25,10.35,1563,11.55,1563,0,76587
CONCOR30JAN20560PE.NFO,07/01/2020,09:24:29,11.25,10.35,1563,11.65,3126,0,76587
CONCOR30JAN20560PE.NFO,07/01/2020,09:24:36,11.25,10.35,1563,11.55,3126,0,76587
CONCOR30JAN20560PE.NFO,07/01/2020,09:24:48,11.25,10.45,1563,11.5,1563,0,76587
CONCOR30JAN20560PE.NFO,07/01/2020,09:24:55,11.25,9.9,1563,11.2,1563,0,76587
CONCOR30JAN20560PE.NFO,07/01/2020,09:25:01,11.25,10,1563,11.2,1563,0,76587
CONCOR30JAN20560PE.NFO,07/01/2020,09:25:15,11.25,10,1563,11.15,1563,0,76587
CONCOR30JAN20560PE.NFO,07/01/2020,09:25:30,11.25,10,1563,11.25,1563,0,76587
CONCOR30JAN20560PE.NFO,07/01/2020,09:25:45,11.25,10,1563,11.3,3126,0,76587
CONCOR30JAN20560PE.NFO,07/01/2020,09:26:08,11.25,10.1,1563,11.3,1563,0,76587
CONCOR30JAN20560PE.NFO,07/01/2020,09:26:15,11.25,10.1,1563,11.35,3126,0,76587
CONCOR30JAN20560PE.NFO,07/01/2020,09:26:21,11.25,10,1563,11.3,1563,0,76587
CONCOR30JAN20560PE.NFO,07/01/2020,09:26:26,11.25,10.2,1563,11.45,1563,0,76587
CONCOR30JAN20560PE.NFO,07/01/2020,09:26:39,11.25,10.2,1563,11.35,1563,0,76587
CONCOR30JAN20560PE.NFO,07/01/2020,09:26:45,11.25,10.2,1563,11.45,1563,0,76587
CONCOR30JAN20560PE.NFO,07/01/2020,09:26:51,11.25,10.2,1563,11.35,1563,0,76587
CONCOR30JAN20560PE.NFO,07/01/2020,09:26:56,11.25,10.2,1563,11.3,1563,0,76587
CONCOR30JAN20560PE.NFO,07/01/2020,09:27:01,11.25,10.2,1563,11.35,1563,0,76587
CONCOR30JAN20560PE.NFO,07/01/2020,09:27:06,11.25,10.2,1563,11.4,1563,0,76587
CONCOR30JAN20560PE.NFO,07/01/2020,09:27:17,11.25,10.2,1563,11.45,1563,0,76587
CONCOR30JAN20560PE.NFO,07/01/2020,09:27:24,11.25,10.15,1563,11.4,1563,0,76587
CONCOR30JAN20560PE.NFO,07/01/2020,09:27:31,11.45,10.2,1563,11.45,3126,3126,78150
CONCOR30JAN20560PE.NFO,07/01/2020,09:27:31,11.45,10.2,1563,11.45,3126,0,78150
CONCOR30JAN20560PE.NFO,07/01/2020,09:27:36,11.45,10.05,1563,11.45,3126,0,78150
CONCOR30JAN20560PE.NFO,07/01/2020,09:28:08,11.45,10.1,1563,11.45,3126,0,78150
CONCOR30JAN20560PE.NFO,07/01/2020,09:28:37,11.45,10.15,1563,11.45,3126,0,78150
CONCOR30JAN20560PE.NFO,07/01/2020,09:28:48,11.45,10.05,1563,11.45,3126,0,78150
CONCOR30JAN20560PE.NFO,07/01/2020,09:29:00,11.45,9.95,1563,11.45,3126,0,78150
CONCOR30JAN20560PE.NFO,07/01/2020,09:29:12,11.45,9.95,1563,11.1,1563,0,78150
CONCOR30JAN20560PE.NFO,07/01/2020,09:29:18,11.45,9.95,1563,11.05,1563,0,78150
CONCOR30JAN20560PE.NFO,07/01/2020,09:29:49,11.45,10,1563,11.15,1563,0,78150
CONCOR30JAN20560PE.NFO,07/01/2020,09:29:55,11.45,9.95,1563,11.15,1563,0,78150
CONCOR30JAN20560PE.NFO,07/01/2020,09:30:07,11.45,9.9,1563,11.05,1563,0,78150
CONCOR30JAN20560PE.NFO,07/01/2020,09:30:53,11.45,10.05,1563,11.05,1563,0,78150
CONCOR30JAN20560PE.NFO,07/01/2020,09:31:05,11.45,9.9,1563,11.05,1563,0,78150
CONCOR30JAN20560PE.NFO,07/01/2020,09:31:17,11.45,9.9,1563,10.95,1563,0,78150
CONCOR30JAN20560PE.NFO,07/01/2020,09:31:23,11.45,9.85,1563,10.95,1563,0,78150
CONCOR30JAN20560PE.NFO,07/01/2020,09:31:29,11.45,9.8,1563,10.85,1563,0,78150
CONCOR30JAN20560PE.NFO,07/01/2020,09:31:34,11.45,9.8,1563,10.75,1563,0,78150
CONCOR30JAN20560PE.NFO,07/01/2020,09:31:45,11.45,9.8,1563,11.15,1563,0,78150
CONCOR30JAN20560PE.NFO,07/01/2020,09:31:50,11.45,9.8,1563,10.8,1563,0,78150
CONCOR30JAN20560PE.NFO,07/01/2020,09:31:55,11.45,9.7,1563,10.75,1563,0,78150
CONCOR30JAN20560PE.NFO,07/01/2020,09:31:59,11.45,9.7,1563,10.7,1563,0,78150
CONCOR30JAN20560PE.NFO,07/01/2020,09:32:04,11.45,9.7,1563,10.9,1563,0,78150
CONCOR30JAN20560PE.NFO,07/01/2020,09:32:09,11.45,9.45,1563,10.9,1563,0,78150
CONCOR30JAN20560PE.NFO,07/01/2020,09:32:15,11.45,9.45,1563,10.85,1563,0,78150
CONCOR30JAN20560PE.NFO,07/01/2020,09:32:20,11.45,9.5,1563,10.55,1563,0,78150
CONCOR30JAN20560PE.NFO,07/01/2020,09:32:27,11.45,9.4,1563,10.4,1563,0,78150
CONCOR30JAN20560PE.NFO,07/01/2020,09:32:33,11.45,9.55,1563,10.4,1563,0,78150
CONCOR30JAN20560PE.NFO,07/01/2020,09:33:01,11.45,9.5,1563,10.3,1563,0,78150
CONCOR30JAN20560PE.NFO,07/01/2020,09:33:07,11.45,9.5,1563,10.35,1563,0,78150
CONCOR30JAN20560PE.NFO,07/01/2020,09:33:18,11.45,9.55,1563,10.35,1563,0,78150
CONCOR30JAN20560PE.NFO,07/01/2020,09:33:40,11.45,9.75,1563,10.35,1563,0,78150
CONCOR30JAN20560PE.NFO,07/01/2020,09:34:06,11.45,9.75,1563,10.35,3126,0,78150
CONCOR30JAN20560PE.NFO,07/01/2020,09:34:21,11.45,9.75,1563,10.35,1563,0,78150
CONCOR30JAN20560PE.NFO,07/01/2020,09:34:31,11.45,9.55,1563,10.35,1563,0,78150
CONCOR30JAN20560PE.NFO,07/01/2020,09:36:10,11.45,9.65,1563,10.35,1563,0,78150
CONCOR30JAN20560PE.NFO,07/01/2020,09:37:08,11.45,9.6,1563,10.35,1563,0,78150
CONCOR30JAN20560PE.NFO,07/01/2020,09:37:27,11.45,9.65,1563,10.35,1563,0,78150
CONCOR30JAN20560PE.NFO,07/01/2020,09:37:52,11.45,9.7,1563,10.55,1563,0,78150
CONCOR30JAN20560PE.NFO,07/01/2020,09:38:48,11.45,9.85,1563,10.7,1563,0,78150
CONCOR30JAN20560PE.NFO,07/01/2020,09:39:22,11.45,9.9,1563,10.7,1563,0,78150
CONCOR30JAN20560PE.NFO,07/01/2020,09:39:28,11.45,9.85,1563,10.7,1563,0,78150
CONCOR30JAN20560PE.NFO,07/01/2020,09:39:43,11.45,9.75,1563,10.7,1563,0,78150
CONCOR30JAN20560PE.NFO,07/01/2020,09:40:01,11.45,9.8,1563,10.6,1563,0,78150
CONCOR30JAN20560PE.NFO,07/01/2020,09:40:07,11.45,9.75,1563,10.7,1563,0,78150
CONCOR30JAN20560PE.NFO,07/01/2020,09:40:12,11.45,9.75,1563,10.5,1563,0,78150
CONCOR30JAN20560PE.NFO,07/01/2020,09:40:24,11.45,9.75,1563,10.7,1563,0,78150
CONCOR30JAN20560PE.NFO,07/01/2020,09:40:49,11.45,9.75,1563,10.7,3126,0,78150
CONCOR30JAN20560PE.NFO,07/01/2020,09:40:54,11.45,9.85,1563,10.7,1563,0,78150
CONCOR30JAN20560PE.NFO,07/01/2020,09:40:58,11.45,9.85,1563,10.55,1563,0,78150
CONCOR30JAN20560PE.NFO,07/01/2020,09:41:03,11.45,9.8,1563,10.5,1563,0,78150
CONCOR30JAN20560PE.NFO,07/01/2020,09:41:09,11.45,9.8,1563,10.45,1563,0,78150
CONCOR30JAN20560PE.NFO,07/01/2020,09:41:47,11.45,9.7,1563,10.45,1563,0,78150
CONCOR30JAN20560PE.NFO,07/01/2020,09:42:05,11.45,9.65,1563,10.4,1563,0,78150
CONCOR30JAN20560PE.NFO,07/01/2020,09:42:12,11.45,9.7,1563,10.4,1563,0,78150
CONCOR30JAN20560PE.NFO,07/01/2020,09:42:18,11.45,9.7,1563,10.5,1563,0,78150
CONCOR30JAN20560PE.NFO,07/01/2020,09:42:25,11.45,9.75,1563,10.5,1563,0,78150
CONCOR30JAN20560PE.NFO,07/01/2020,09:42:46,11.45,9.85,1563,10.45,3126,0,78150
CONCOR30JAN20560PE.NFO,07/01/2020,09:42:52,11.45,9.85,1563,10.45,1563,0,78150
CONCOR30JAN20560PE.NFO,07/01/2020,09:42:58,11.45,9.85,1563,10.65,1563,0,78150
CONCOR30JAN20560PE.NFO,07/01/2020,09:43:03,11.45,9.85,1563,10.7,3126,0,78150
CONCOR30JAN20560PE.NFO,07/01/2020,09:43:15,11.45,9.9,1563,10.7,3126,0,78150
CONCOR30JAN20560PE.NFO,07/01/2020,09:43:20,11.45,9.9,1563,10.85,1563,0,78150
CONCOR30JAN20560PE.NFO,07/01/2020,09:43:25,11.45,9.9,1563,10.75,1563,0,78150
CONCOR30JAN20560PE.NFO,07/01/2020,09:43:31,11.45,9.9,1563,10.5,1563,0,78150
CONCOR30JAN20560PE.NFO,07/01/2020,09:43:40,11.45,9.9,3126,10.4,1563,0,78150
CONCOR30JAN20560PE.NFO,07/01/2020,09:43:45,11.45,9.95,1563,10.45,1563,0,78150
CONCOR30JAN20560PE.NFO,07/01/2020,09:44:12,11.45,9.9,1563,10.45,1563,0,78150
CONCOR30JAN20560PE.NFO,07/01/2020,09:44:17,11.45,9.85,1563,10.45,1563,0,78150
CONCOR30JAN20560PE.NFO,07/01/2020,09:44:22,10.45,9.9,1563,10.65,1563,1563,79713
CONCOR30JAN20560PE.NFO,07/01/2020,09:44:22,10.45,9.9,1563,10.65,1563,0,79713
CONCOR30JAN20560PE.NFO,07/01/2020,09:44:27,10.45,9.9,1563,10.65,1563,0,79713
CONCOR30JAN20560PE.NFO,07/01/2020,09:44:33,10.45,10.05,1563,10.65,1563,0,79713
CONCOR30JAN20560PE.NFO,07/01/2020,09:44:49,10.45,10.4,1563,11.2,1563,0,79713
CONCOR30JAN20560PE.NFO,07/01/2020,09:44:55,10.45,10.4,1563,11.2,3126,0,79713
CONCOR30JAN20560PE.NFO,07/01/2020,09:45:05,10.45,10.4,1563,11.1,1563,0,79713
CONCOR30JAN20560PE.NFO,07/01/2020,09:45:29,10.45,10.55,1563,11.1,1563,0,79713
CONCOR30JAN20560PE.NFO,07/01/2020,09:45:39,10.45,10.55,1563,11.2,1563,0,79713
CONCOR30JAN20560PE.NFO,07/01/2020,09:45:48,10.45,10.55,1563,11.2,3126,0,79713
CONCOR30JAN20560PE.NFO,07/01/2020,09:45:53,10.45,10.55,1563,11.1,1563,0,79713
CONCOR30JAN20560PE.NFO,07/01/2020,09:46:06,10.45,10.55,1563,11.25,1563,0,79713
CONCOR30JAN20560PE.NFO,07/01/2020,09:46:37,10.45,10.55,1563,11.25,3126,0,79713
CONCOR30JAN20560PE.NFO,07/01/2020,09:47:14,10.45,10.55,1563,11.15,3126,0,79713
CONCOR30JAN20560PE.NFO,07/01/2020,09:47:23,10.45,10.55,1563,11.25,1563,0,79713
CONCOR30JAN20560PE.NFO,07/01/2020,09:47:27,10.45,10.55,1563,11.15,1563,0,79713
CONCOR30JAN20560PE.NFO,07/01/2020,09:47:35,10.45,10.65,1563,11.15,1563,0,79713
CONCOR30JAN20560PE.NFO,07/01/2020,09:47:40,10.45,10.6,1563,11.15,1563,0,79713
CONCOR30JAN20560PE.NFO,07/01/2020,09:47:45,10.45,10.65,1563,11.15,1563,0,79713
CONCOR30JAN20560PE.NFO,07/01/2020,09:47:59,10.45,10.6,1563,11.15,1563,0,79713
CONCOR30JAN20560PE.NFO,07/01/2020,09:48:08,10.45,10.65,1563,11.15,1563,0,79713
CONCOR30JAN20560PE.NFO,07/01/2020,09:48:20,10.45,10.6,1563,11.15,1563,0,79713
CONCOR30JAN20560PE.NFO,07/01/2020,09:48:32,10.45,10.65,1563,11.15,1563,0,79713
CONCOR30JAN20560PE.NFO,07/01/2020,09:48:37,10.45,10.6,1563,11.15,1563,0,79713
CONCOR30JAN20560PE.NFO,07/01/2020,09:48:46,10.45,10.75,1563,11.15,1563,0,79713
CONCOR30JAN20560PE.NFO,07/01/2020,09:48:50,10.45,10.6,1563,11.15,1563,0,79713
CONCOR30JAN20560PE.NFO,07/01/2020,09:48:54,10.45,10.75,1563,11.15,1563,0,79713
CONCOR30JAN20560PE.NFO,07/01/2020,09:48:58,10.45,10.6,1563,11.15,1563,0,79713
CONCOR30JAN20560PE.NFO,07/01/2020,09:49:03,10.45,10.75,1563,11.15,1563,0,79713
CONCOR30JAN20560PE.NFO,07/01/2020,09:49:07,10.45,10.65,1563,11.15,1563,0,79713
CONCOR30JAN20560PE.NFO,07/01/2020,09:49:14,10.45,10.55,1563,11.15,1563,0,79713
CONCOR30JAN20560PE.NFO,07/01/2020,09:49:18,10.45,10.6,1563,11.15,3126,0,79713
CONCOR30JAN20560PE.NFO,07/01/2020,09:49:39,10.45,10.6,1563,11.15,1563,0,79713
CONCOR30JAN20560PE.NFO,07/01/2020,09:49:44,10.45,10.65,1563,11.15,1563,0,79713
CONCOR30JAN20560PE.NFO,07/01/2020,09:49:48,10.45,10.6,1563,11.15,1563,0,79713
CONCOR30JAN20560PE.NFO,07/01/2020,09:49:54,10.45,10.65,1563,11.15,1563,0,79713
CONCOR30JAN20560PE.NFO,07/01/2020,09:50:00,10.45,10.6,1563,11.15,1563,0,79713
CONCOR30JAN20560PE.NFO,07/01/2020,09:50:04,10.45,10.65,1563,11.15,1563,0,79713
CONCOR30JAN20560PE.NFO,07/01/2020,09:50:08,10.45,10.6,1563,11.15,1563,0,79713
CONCOR30JAN20560PE.NFO,07/01/2020,09:50:20,10.45,10.65,1563,11.15,1563,0,79713
CONCOR30JAN20560PE.NFO,07/01/2020,09:50:24,10.45,10.65,1563,11.05,1563,0,79713
CONCOR30JAN20560PE.NFO,07/01/2020,09:50:27,10.45,10.55,1563,11.05,1563,0,79713
CONCOR30JAN20560PE.NFO,07/01/2020,09:51:41,10.45,10.55,1563,11.05,3126,0,79713
CONCOR30JAN20560PE.NFO,07/01/2020,09:53:56,10.45,10.65,3126,11.15,1563,0,79713
CONCOR30JAN20560PE.NFO,07/01/2020,09:54:02,10.45,10.65,1563,11.15,1563,0,79713
CONCOR30JAN20560PE.NFO,07/01/2020,09:54:12,10.45,10.6,3126,11.25,1563,0,79713
CONCOR30JAN20560PE.NFO,07/01/2020,09:54:17,10.45,10.6,1563,11.25,1563,0,79713
CONCOR30JAN20560PE.NFO,07/01/2020,09:54:21,10.45,10.65,1563,11.25,1563,0,79713
CONCOR30JAN20560PE.NFO,07/01/2020,09:54:26,10.45,10.7,1563,11.25,1563,0,79713
CONCOR30JAN20560PE.NFO,07/01/2020,09:54:35,10.45,10.6,3126,11.15,1563,0,79713
CONCOR30JAN20560PE.NFO,07/01/2020,09:54:40,10.45,10.7,1563,11.15,1563,0,79713
CONCOR30JAN20560PE.NFO,07/01/2020,09:54:44,10.45,10.6,3126,11.25,1563,0,79713
CONCOR30JAN20560PE.NFO,07/01/2020,09:54:53,10.45,10.7,1563,11.25,1563,0,79713
CONCOR30JAN20560PE.NFO,07/01/2020,09:54:57,10.45,10.65,1563,11.2,1563,0,79713
CONCOR30JAN20560PE.NFO,07/01/2020,09:55:05,10.45,10.6,1563,11.2,1563,0,79713
CONCOR30JAN20560PE.NFO,07/01/2020,09:55:11,10.45,10.65,1563,11.2,1563,0,79713
CONCOR30JAN20560PE.NFO,07/01/2020,09:55:20,10.45,10.6,1563,11.2,1563,0,79713
CONCOR30JAN20560PE.NFO,07/01/2020,09:55:25,10.45,10.65,1563,11.2,1563,0,79713
CONCOR30JAN20560PE.NFO,07/01/2020,09:55:33,10.45,10.6,1563,11.2,1563,0,79713
CONCOR30JAN20560PE.NFO,07/01/2020,09:55:47,10.45,10.6,1563,11.15,1563,0,79713
CONCOR30JAN20560PE.NFO,07/01/2020,09:55:50,10.45,10.6,3126,11.15,1563,0,79713
CONCOR30JAN20560PE.NFO,07/01/2020,09:55:54,10.45,10.65,1563,11.2,1563,0,79713
CONCOR30JAN20560PE.NFO,07/01/2020,09:55:57,10.45,10.6,3126,11.15,1563,0,79713
CONCOR30JAN20560PE.NFO,07/01/2020,09:56:01,10.45,10.75,1563,11.25,1563,0,79713
CONCOR30JAN20560PE.NFO,07/01/2020,09:56:05,10.45,10.7,1563,11.25,1563,0,79713
CONCOR30JAN20560PE.NFO,07/01/2020,09:56:10,10.45,10.6,3126,11.25,1563,0,79713
CONCOR30JAN20560PE.NFO,07/01/2020,09:56:15,10.45,10.8,1563,11.25,1563,0,79713
CONCOR30JAN20560PE.NFO,07/01/2020,09:56:20,10.45,10.6,3126,11.25,1563,0,79713
CONCOR30JAN20560PE.NFO,07/01/2020,09:56:30,10.45,10.8,1563,11.4,1563,0,79713
CONCOR30JAN20560PE.NFO,07/01/2020,09:56:55,10.45,11.05,1563,11.65,1563,0,79713
CONCOR30JAN20560PE.NFO,07/01/2020,09:57:00,10.45,11,1563,11.65,1563,0,79713
CONCOR30JAN20560PE.NFO,07/01/2020,09:57:04,10.45,10.95,3126,11.65,1563,0,79713
CONCOR30JAN20560PE.NFO,07/01/2020,09:57:09,10.45,11.05,1563,11.65,1563,0,79713
CONCOR30JAN20560PE.NFO,07/01/2020,09:57:18,10.45,11.15,1563,11.8,1563,0,79713
CONCOR30JAN20560PE.NFO,07/01/2020,09:57:22,10.45,11,3126,11.75,3126,0,79713
CONCOR30JAN20560PE.NFO,07/01/2020,09:57:26,10.45,11.05,1563,11.7,1563,0,79713
CONCOR30JAN20560PE.NFO,07/01/2020,09:57:30,10.45,11.05,1563,11.7,3126,0,79713
CONCOR30JAN20560PE.NFO,07/01/2020,09:57:33,10.45,11,1563,11.7,3126,0,79713
CONCOR30JAN20560PE.NFO,07/01/2020,09:57:37,10.45,11.05,1563,11.7,3126,0,79713
CONCOR30JAN20560PE.NFO,07/01/2020,09:57:40,10.45,11,1563,11.7,3126,0,79713
CONCOR30JAN20560PE.NFO,07/01/2020,09:57:42,10.45,11.05,1563,11.7,3126,0,79713
CONCOR30JAN20560PE.NFO,07/01/2020,09:57:52,10.45,11.15,1563,11.7,3126,0,79713
CONCOR30JAN20560PE.NFO,07/01/2020,09:57:55,10.45,11.05,1563,11.7,3126,0,79713
CONCOR30JAN20560PE.NFO,07/01/2020,09:58:05,10.45,11.1,1563,11.8,1563,0,79713
CONCOR30JAN20560PE.NFO,07/01/2020,09:58:08,10.45,11.25,1563,12,1563,0,79713
CONCOR30JAN20560PE.NFO,07/01/2020,09:58:12,10.45,11.25,1563,12,3126,0,79713
CONCOR30JAN20560PE.NFO,07/01/2020,09:58:19,10.45,11.3,1563,12,3126,0,79713
CONCOR30JAN20560PE.NFO,07/01/2020,09:58:23,10.45,11.4,1563,12,3126,0,79713
CONCOR30JAN20560PE.NFO,07/01/2020,09:58:27,10.45,11.5,1563,12.15,1563,0,79713
CONCOR30JAN20560PE.NFO,07/01/2020,09:58:31,10.45,11.45,1563,12.1,1563,0,79713
CONCOR30JAN20560PE.NFO,07/01/2020,09:58:36,10.45,11.5,1563,12.15,1563,0,79713
CONCOR30JAN20560PE.NFO,07/01/2020,09:58:40,10.45,11.6,1563,12.2,1563,0,79713
CONCOR30JAN20560PE.NFO,07/01/2020,09:58:46,10.45,11.6,3126,12.2,3126,0,79713
CONCOR30JAN20560PE.NFO,07/01/2020,09:58:51,10.45,11.65,1563,12.15,1563,0,79713
CONCOR30JAN20560PE.NFO,07/01/2020,09:58:57,10.45,11.6,1563,12.15,1563,0,79713
CONCOR30JAN20560PE.NFO,07/01/2020,09:59:02,10.45,11.65,1563,12.2,1563,0,79713
CONCOR30JAN20560PE.NFO,07/01/2020,09:59:17,10.45,11.7,1563,12.35,1563,0,79713
CONCOR30JAN20560PE.NFO,07/01/2020,09:59:25,10.45,11.75,1563,12.4,1563,0,79713
CONCOR30JAN20560PE.NFO,07/01/2020,09:59:30,10.45,11.7,1563,12.4,1563,0,79713
CONCOR30JAN20560PE.NFO,07/01/2020,09:59:34,10.45,11.8,1563,12.4,3126,0,79713
CONCOR30JAN20560PE.NFO,07/01/2020,09:59:49,10.45,11.85,1563,12.35,1563,0,79713
CONCOR30JAN20560PE.NFO,07/01/2020,10:00:06,10.45,11.75,1563,12.35,1563,0,79713
CONCOR30JAN20560PE.NFO,07/01/2020,10:00:20,10.45,11.7,1563,12.35,1563,0,79713
CONCOR30JAN20560PE.NFO,07/01/2020,10:00:24,10.45,12,1563,12.35,1563,0,79713
CONCOR30JAN20560PE.NFO,07/01/2020,10:00:29,10.45,11.95,1563,12.35,1563,0,79713
CONCOR30JAN20560PE.NFO,07/01/2020,10:00:55,10.45,12.05,1563,12.6,1563,0,79713
CONCOR30JAN20560PE.NFO,07/01/2020,10:01:01,10.45,12.3,1563,12.95,1563,0,79713
CONCOR30JAN20560PE.NFO,07/01/2020,10:01:12,10.45,12.35,1563,13,1563,0,79713
CONCOR30JAN20560PE.NFO,07/01/2020,10:01:25,10.45,12.35,1563,12.9,1563,0,79713
CONCOR30JAN20560PE.NFO,07/01/2020,10:01:31,10.45,12.35,1563,12.95,1563,0,79713
CONCOR30JAN20560PE.NFO,07/01/2020,10:01:42,10.45,12.25,3126,12.85,1563,0,79713
CONCOR30JAN20560PE.NFO,07/01/2020,10:01:48,10.45,12.25,3126,12.85,3126,0,79713
CONCOR30JAN20560PE.NFO,07/01/2020,10:01:53,10.45,12.25,3126,12.85,1563,0,79713
CONCOR30JAN20560PE.NFO,07/01/2020,10:02:15,10.45,12.3,1563,12.85,1563,0,79713
CONCOR30JAN20560PE.NFO,07/01/2020,10:02:26,10.45,12.25,1563,12.85,1563,0,79713
CONCOR30JAN20560PE.NFO,07/01/2020,10:03:01,10.45,12.2,1563,12.85,3126,0,79713
CONCOR30JAN20560PE.NFO,07/01/2020,10:03:11,10.45,12.1,1563,12.85,1563,0,79713
CONCOR30JAN20560PE.NFO,07/01/2020,10:03:16,10.45,12.2,1563,12.85,1563,0,79713
CONCOR30JAN20560PE.NFO,07/01/2020,10:03:21,10.45,12.15,1563,12.85,1563,0,79713
CONCOR30JAN20560PE.NFO,07/01/2020,10:03:35,10.45,12.35,1563,12.85,1563,0,79713
CONCOR30JAN20560PE.NFO,07/01/2020,10:03:40,10.45,12.15,1563,12.85,1563,0,79713
CONCOR30JAN20560PE.NFO,07/01/2020,10:03:45,10.45,12.15,1563,12.7,1563,0,79713
CONCOR30JAN20560PE.NFO,07/01/2020,10:03:59,10.45,12.2,1563,12.75,1563,0,79713
CONCOR30JAN20560PE.NFO,07/01/2020,10:04:17,10.45,12.1,3126,12.65,1563,0,79713
CONCOR30JAN20560PE.NFO,07/01/2020,10:04:21,10.45,11.9,3126,12.65,1563,0,79713
CONCOR30JAN20560PE.NFO,07/01/2020,10:04:25,10.45,11.95,1563,12.55,1563,0,79713
CONCOR30JAN20560PE.NFO,07/01/2020,10:04:35,10.45,11.85,1563,12.45,1563,0,79713
CONCOR30JAN20560PE.NFO,07/01/2020,10:04:51,10.45,11.55,3126,12.45,1563,0,79713
CONCOR30JAN20560PE.NFO,07/01/2020,10:04:55,10.45,11.75,1563,12.45,1563,0,79713
CONCOR30JAN20560PE.NFO,07/01/2020,10:05:04,10.45,11.75,1563,12.3,1563,0,79713
CONCOR30JAN20560PE.NFO,07/01/2020,10:05:08,10.45,11.75,1563,12.5,1563,0,79713
CONCOR30JAN20560PE.NFO,07/01/2020,10:05:15,10.45,11.75,1563,12.4,1563,0,79713
CONCOR30JAN20560PE.NFO,07/01/2020,10:05:28,10.45,11.75,1563,12.5,1563,0,79713
CONCOR30JAN20560PE.NFO,07/01/2020,10:05:32,10.45,11.85,1563,12.5,1563,0,79713
CONCOR30JAN20560PE.NFO,07/01/2020,10:05:39,10.45,11.75,1563,12.5,1563,0,79713
CONCOR30JAN20560PE.NFO,07/01/2020,10:05:45,10.45,11.9,1563,12.4,1563,0,79713
CONCOR30JAN20560PE.NFO,07/01/2020,10:05:50,10.45,11.75,1563,12.4,1563,0,79713
CONCOR30JAN20560PE.NFO,07/01/2020,10:05:56,10.45,11.95,1563,12.5,1563,0,79713
CONCOR30JAN20560PE.NFO,07/01/2020,10:06:01,10.45,11.9,3126,12.5,1563,0,79713
CONCOR30JAN20560PE.NFO,07/01/2020,10:06:06,10.45,12,1563,12.55,1563,0,79713
CONCOR30JAN20560PE.NFO,07/01/2020,10:06:23,10.45,12.05,1563,12.55,1563,0,79713
CONCOR30JAN20560PE.NFO,07/01/2020,10:06:28,10.45,12,1563,12.55,1563,0,79713
CONCOR30JAN20560PE.NFO,07/01/2020,10:06:55,10.45,12.05,1563,12.55,1563,0,79713
CONCOR30JAN20560PE.NFO,07/01/2020,10:07:15,10.45,12,1563,12.55,1563,0,79713
CONCOR30JAN20560PE.NFO,07/01/2020,10:07:45,10.45,12.05,1563,12.55,1563,0,79713
CONCOR30JAN20560PE.NFO,07/01/2020,10:07:50,10.45,12.05,1563,12.55,3126,0,79713
CONCOR30JAN20560PE.NFO,07/01/2020,10:07:56,10.45,12.1,1563,12.55,3126,0,79713
CONCOR30JAN20560PE.NFO,07/01/2020,10:08:01,10.45,12.05,1563,12.55,3126,0,79713
CONCOR30JAN20560PE.NFO,07/01/2020,10:08:05,10.45,12.15,1563,12.55,3126,0,79713
CONCOR30JAN20560PE.NFO,07/01/2020,10:08:10,10.45,12.1,3126,12.55,3126,0,79713
CONCOR30JAN20560PE.NFO,07/01/2020,10:08:15,10.45,12.15,1563,12.6,1563,0,79713
CONCOR30JAN20560PE.NFO,07/01/2020,10:08:25,12.15,12.1,3126,12.65,1563,1563,79713
CONCOR30JAN20560PE.NFO,07/01/2020,10:08:25,12.15,12.1,3126,12.65,1563,0,79713
CONCOR30JAN20560PE.NFO,07/01/2020,10:08:29,12.15,12.1,3126,12.6,1563,0,79713
CONCOR30JAN20560PE.NFO,07/01/2020,10:08:34,12.15,12.1,1563,12.55,1563,0,79713
CONCOR30JAN20560PE.NFO,07/01/2020,10:08:49,12.15,12.1,3126,12.55,1563,0,79713
CONCOR30JAN20560PE.NFO,07/01/2020,10:08:53,12.15,12.1,1563,12.55,1563,0,79713
CONCOR30JAN20560PE.NFO,07/01/2020,10:08:57,12.15,12.1,1563,12.5,1563,0,79713
CONCOR30JAN20560PE.NFO,07/01/2020,10:09:14,12.15,12.1,1563,12.55,1563,0,79713
CONCOR30JAN20560PE.NFO,07/01/2020,10:09:18,12.15,12.1,1563,12.5,1563,0,79713
CONCOR30JAN20560PE.NFO,07/01/2020,10:09:28,12.15,12.1,1563,12.55,1563,0,79713
CONCOR30JAN20560PE.NFO,07/01/2020,10:09:33,12.15,12.1,3126,12.55,1563,0,79713
CONCOR30JAN20560PE.NFO,07/01/2020,10:09:37,12.15,12.1,3126,12.6,1563,0,79713
CONCOR30JAN20560PE.NFO,07/01/2020,10:09:41,12.15,12.15,1563,12.6,1563,0,79713
CONCOR30JAN20560PE.NFO,07/01/2020,10:10:04,12.15,12.15,1563,12.55,1563,0,79713
CONCOR30JAN20560PE.NFO,07/01/2020,10:10:10,12.55,12.15,1563,12.6,1563,1563,79713
CONCOR30JAN20560PE.NFO,07/01/2020,10:10:10,12.55,12.15,1563,12.6,1563,0,79713
CONCOR30JAN20560PE.NFO,07/01/2020,10:10:16,12.55,12.1,1563,12.6,1563,0,79713
CONCOR30JAN20560PE.NFO,07/01/2020,10:10:20,12.55,12.15,1563,12.65,1563,0,79713
CONCOR30JAN20560PE.NFO,07/01/2020,10:10:24,12.55,12.1,1563,12.65,1563,0,79713
CONCOR30JAN20560PE.NFO,07/01/2020,10:10:57,12.55,12.05,1563,12.55,1563,0,79713
CONCOR30JAN20560PE.NFO,07/01/2020,10:11:16,12.55,12.05,1563,12.5,1563,0,79713
CONCOR30JAN20560PE.NFO,07/01/2020,10:11:24,12.55,12.05,3126,12.5,1563,0,79713
CONCOR30JAN20560PE.NFO,07/01/2020,10:11:36,12.55,12,3126,12.5,1563,0,79713
CONCOR30JAN20560PE.NFO,07/01/2020,10:11:44,12.55,11.95,1563,12.45,1563,0,79713
CONCOR30JAN20560PE.NFO,07/01/2020,10:12:00,12.55,11.95,1563,12.35,1563,0,79713
CONCOR30JAN20560PE.NFO,07/01/2020,10:12:05,12.55,11.95,1563,12.45,1563,0,79713
CONCOR30JAN20560PE.NFO,07/01/2020,10:13:19,12.55,11.95,3126,12.45,1563,0,79713
CONCOR30JAN20560PE.NFO,07/01/2020,10:13:34,12.55,11.95,1563,12.45,1563,0,79713
CONCOR30JAN20560PE.NFO,07/01/2020,10:13:37,12.55,11.9,1563,12.45,1563,0,79713
CONCOR30JAN20560PE.NFO,07/01/2020,10:13:48,12.55,11.85,1563,12.45,3126,0,79713
CONCOR30JAN20560PE.NFO,07/01/2020,10:13:54,12.55,11.85,1563,12.4,1563,0,79713
CONCOR30JAN20560PE.NFO,07/01/2020,10:13:59,12.55,11.85,3126,12.4,1563,0,79713
CONCOR30JAN20560PE.NFO,07/01/2020,10:14:03,12.55,11.8,1563,12.4,1563,0,79713
CONCOR30JAN20560PE.NFO,07/01/2020,10:14:09,12.55,11.65,1563,12.1,1563,0,79713
CONCOR30JAN20560PE.NFO,07/01/2020,10:14:13,12.55,11.6,1563,12.1,1563,0,79713
CONCOR30JAN20560PE.NFO,07/01/2020,10:14:19,12.55,11.65,1563,12.1,1563,0,79713
CONCOR30JAN20560PE.NFO,07/01/2020,10:14:24,12.55,11.8,3126,12.3,1563,0,79713
CONCOR30JAN20560PE.NFO,07/01/2020,10:14:29,12.55,11.7,1563,12.15,1563,0,79713
CONCOR30JAN20560PE.NFO,07/01/2020,10:14:34,12.55,11.75,1563,12.25,1563,0,79713
CONCOR30JAN20560PE.NFO,07/01/2020,10:14:39,12.55,11.5,1563,12,1563,0,79713
CONCOR30JAN20560PE.NFO,07/01/2020,10:14:44,12.55,11.25,1563,11.75,1563,0,79713
CONCOR30JAN20560PE.NFO,07/01/2020,10:14:48,12.55,11.2,1563,11.7,1563,0,79713
CONCOR30JAN20560PE.NFO,07/01/2020,10:14:53,12.55,11.05,1563,11.6,1563,0,79713
CONCOR30JAN20560PE.NFO,07/01/2020,10:14:57,12.55,11.25,1563,11.7,1563,0,79713
CONCOR30JAN20560PE.NFO,07/01/2020,10:15:02,12.55,11.25,3126,11.7,1563,0,79713
CONCOR30JAN20560PE.NFO,07/01/2020,10:15:08,12.55,11.1,1563,11.7,1563,0,79713
CONCOR30JAN20560PE.NFO,07/01/2020,10:15:18,12.55,11.3,1563,11.7,1563,0,79713
CONCOR30JAN20560PE.NFO,07/01/2020,10:15:23,12.55,11.2,1563,11.7,1563,0,79713
CONCOR30JAN20560PE.NFO,07/01/2020,10:15:34,12.55,11.25,1563,11.7,1563,0,79713
CONCOR30JAN20560PE.NFO,07/01/2020,10:15:42,12.55,11.15,1563,11.7,1563,0,79713
CONCOR30JAN20560PE.NFO,07/01/2020,10:15:48,12.55,11.25,1563,11.7,1563,0,79713
CONCOR30JAN20560PE.NFO,07/01/2020,10:15:54,12.55,11.2,1563,11.7,1563,0,79713
CONCOR30JAN20560PE.NFO,07/01/2020,10:16:04,12.55,11.1,1563,11.7,1563,0,79713
CONCOR30JAN20560PE.NFO,07/01/2020,10:16:08,12.55,11.15,1563,11.7,1563,0,79713
CONCOR30JAN20560PE.NFO,07/01/2020,10:16:17,12.55,11.2,1563,11.7,1563,0,79713
CONCOR30JAN20560PE.NFO,07/01/2020,10:16:20,12.55,11.15,1563,11.7,1563,0,79713
CONCOR30JAN20560PE.NFO,07/01/2020,10:16:24,12.55,11.2,1563,11.7,1563,0,79713
CONCOR30JAN20560PE.NFO,07/01/2020,10:16:28,12.55,11.15,1563,11.7,1563,0,79713
CONCOR30JAN20560PE.NFO,07/01/2020,10:16:37,12.55,11.15,1563,11.7,3126,0,79713
CONCOR30JAN20560PE.NFO,07/01/2020,10:16:45,12.55,11.2,1563,11.7,3126,0,79713
CONCOR30JAN20560PE.NFO,07/01/2020,10:16:50,12.55,11.5,3126,11.95,1563,0,79713
CONCOR30JAN20560PE.NFO,07/01/2020,10:16:54,12.55,11.85,3126,12.25,1563,0,79713
CONCOR30JAN20560PE.NFO,07/01/2020,10:16:58,12.55,11.9,3126,12.55,3126,0,79713
CONCOR30JAN20560PE.NFO,07/01/2020,10:17:02,12.55,12.05,1563,12.55,3126,0,79713
CONCOR30JAN20560PE.NFO,07/01/2020,10:17:05,12.55,12.05,1563,12.55,1563,0,79713
CONCOR30JAN20560PE.NFO,07/01/2020,10:17:13,12.55,12.1,1563,12.55,1563,0,79713
CONCOR30JAN20560PE.NFO,07/01/2020,10:17:17,12.55,12.15,1563,12.55,1563,0,79713
CONCOR30JAN20560PE.NFO,07/01/2020,10:17:26,12.55,12.1,1563,12.55,1563,0,79713
CONCOR30JAN20560PE.NFO,07/01/2020,10:17:30,12.55,12.3,3126,12.75,1563,0,79713
CONCOR30JAN20560PE.NFO,07/01/2020,10:17:34,12.55,12.3,1563,12.75,1563,0,79713
CONCOR30JAN20560PE.NFO,07/01/2020,10:17:39,12.55,12.1,1563,12.75,1563,0,79713
CONCOR30JAN20560PE.NFO,07/01/2020,10:17:43,12.55,12.05,1563,12.6,1563,0,79713
CONCOR30JAN20560PE.NFO,07/01/2020,10:17:46,12.55,12.1,1563,12.6,1563,0,79713
CONCOR30JAN20560PE.NFO,07/01/2020,10:17:50,12.55,12.05,1563,12.6,1563,0,79713
CONCOR30JAN20560PE.NFO,07/01/2020,10:17:54,12.55,12.15,1563,12.75,1563,0,79713
CONCOR30JAN20560PE.NFO,07/01/2020,10:18:09,12.55,12.15,1563,12.65,1563,0,79713
CONCOR30JAN20560PE.NFO,07/01/2020,10:18:21,12.55,12.05,1563,12.65,1563,0,79713
CONCOR30JAN20560PE.NFO,07/01/2020,10:18:26,12.55,11.85,3126,12.45,1563,0,79713
CONCOR30JAN20560PE.NFO,07/01/2020,10:18:29,12.55,11.75,1563,12.35,1563,0,79713
CONCOR30JAN20560PE.NFO,07/01/2020,10:18:34,12.55,11.7,1563,12.35,1563,0,79713
CONCOR30JAN20560PE.NFO,07/01/2020,10:18:39,12.55,11.75,1563,12.35,1563,0,79713
CONCOR30JAN20560PE.NFO,07/01/2020,10:18:49,12.55,11.8,1563,12.35,1563,0,79713
CONCOR30JAN20560PE.NFO,07/01/2020,10:18:59,12.55,11.75,1563,12.35,1563,0,79713
CONCOR30JAN20560PE.NFO,07/01/2020,10:19:08,12.55,11.8,1563,12.35,1563,0,79713
CONCOR30JAN20560PE.NFO,07/01/2020,10:19:12,12.55,11.75,1563,12.35,1563,0,79713
CONCOR30JAN20560PE.NFO,07/01/2020,10:19:16,12.55,11.8,1563,12.35,1563,0,79713
CONCOR30JAN20560PE.NFO,07/01/2020,10:19:21,12.55,11.75,1563,12.35,1563,0,79713
CONCOR30JAN20560PE.NFO,07/01/2020,10:19:26,12.55,11.85,1563,12.35,1563,0,79713
CONCOR30JAN20560PE.NFO,07/01/2020,10:19:35,12.55,11.85,3126,12.35,1563,0,79713
CONCOR30JAN20560PE.NFO,07/01/2020,10:19:39,12.55,11.95,1563,12.55,1563,0,79713
CONCOR30JAN20560PE.NFO,07/01/2020,10:19:44,12.55,11.95,3126,12.55,1563,0,79713
CONCOR30JAN20560PE.NFO,07/01/2020,10:19:48,12.55,12.05,1563,12.55,1563,0,79713
CONCOR30JAN20560PE.NFO,07/01/2020,10:20:02,12.55,11.9,1563,12.55,1563,0,79713
CONCOR30JAN20560PE.NFO,07/01/2020,10:20:07,12.55,11.95,3126,12.55,1563,0,79713
CONCOR30JAN20560PE.NFO,07/01/2020,10:20:11,12.55,11.8,1563,12.45,1563,0,79713
CONCOR30JAN20560PE.NFO,07/01/2020,10:20:16,12.55,11.9,3126,12.45,1563,0,79713
CONCOR30JAN20560PE.NFO,07/01/2020,10:20:20,12.55,11.95,1563,12.55,1563,0,79713
CONCOR30JAN20560PE.NFO,07/01/2020,10:20:24,12.55,11.9,1563,12.55,1563,0,79713
CONCOR30JAN20560PE.NFO,07/01/2020,10:20:55,12.55,11.95,3126,12.5,1563,0,79713
CONCOR30JAN20560PE.NFO,07/01/2020,10:21:10,12.55,11.85,1563,12.5,1563,0,79713
CONCOR30JAN20560PE.NFO,07/01/2020,10:21:14,12.55,11.9,1563,12.5,1563,0,79713
CONCOR30JAN20560PE.NFO,07/01/2020,10:21:18,12.55,11.85,1563,12.5,1563,0,79713
CONCOR30JAN20560PE.NFO,07/01/2020,10:21:22,12.55,11.9,1563,12.5,1563,0,79713
CONCOR30JAN20560PE.NFO,07/01/2020,10:21:26,12.55,11.95,3126,12.5,1563,0,79713
CONCOR30JAN20560PE.NFO,07/01/2020,10:21:30,12.55,11.9,1563,12.5,1563,0,79713
CONCOR30JAN20560PE.NFO,07/01/2020,10:21:41,12.55,11.85,1563,12.5,1563,0,79713
CONCOR30JAN20560PE.NFO,07/01/2020,10:21:45,12.55,11.85,1563,12.4,1563,0,79713
CONCOR30JAN20560PE.NFO,07/01/2020,10:21:49,12.55,11.95,1563,12.6,1563,0,79713
CONCOR30JAN20560PE.NFO,07/01/2020,10:21:53,12.55,12.05,1563,12.7,3126,0,79713
CONCOR30JAN20560PE.NFO,07/01/2020,10:22:06,12.55,12.05,3126,12.7,3126,0,79713
CONCOR30JAN20560PE.NFO,07/01/2020,10:22:10,12.55,12.05,1563,12.7,3126,0,79713
CONCOR30JAN20560PE.NFO,07/01/2020,10:22:19,12.55,12.1,3126,12.8,3126,0,79713
CONCOR30JAN20560PE.NFO,07/01/2020,10:22:23,12.55,12.1,1563,12.8,3126,0,79713
CONCOR30JAN20560PE.NFO,07/01/2020,10:22:36,12.55,12.1,3126,12.7,3126,0,79713
CONCOR30JAN20560PE.NFO,07/01/2020,10:22:40,12.55,12.1,3126,12.8,3126,0,79713
CONCOR30JAN20560PE.NFO,07/01/2020,10:22:46,12.55,12.15,3126,12.8,1563,0,79713
CONCOR30JAN20560PE.NFO,07/01/2020,10:22:52,12.55,12.25,1563,12.9,1563,0,79713
CONCOR30JAN20560PE.NFO,07/01/2020,10:22:57,12.55,12.25,1563,12.85,1563,0,79713
CONCOR30JAN20560PE.NFO,07/01/2020,10:23:16,12.55,12.25,3126,12.85,1563,0,79713
CONCOR30JAN20560PE.NFO,07/01/2020,10:23:39,12.55,12.35,1563,12.85,1563,0,79713
CONCOR30JAN20560PE.NFO,07/01/2020,10:23:51,12.55,12.35,1563,13,3126,0,79713
CONCOR30JAN20560PE.NFO,07/01/2020,10:24:23,12.55,12.45,1563,13,3126,0,79713
CONCOR30JAN20560PE.NFO,07/01/2020,10:24:33,12.55,12.4,1563,13,3126,0,79713
CONCOR30JAN20560PE.NFO,07/01/2020,10:24:37,12.55,12.35,3126,13,3126,0,79713
CONCOR30JAN20560PE.NFO,07/01/2020,10:24:50,12.55,12.35,1563,13,3126,0,79713
CONCOR30JAN20560PE.NFO,07/01/2020,10:24:57,12.55,12.25,1563,12.9,3126,0,79713
CONCOR30JAN20560PE.NFO,07/01/2020,10:25:01,12.55,12.35,1563,12.8,1563,0,79713
CONCOR30JAN20560PE.NFO,07/01/2020,10:25:05,12.55,12.3,1563,12.8,1563,0,79713
CONCOR30JAN20560PE.NFO,07/01/2020,10:25:09,12.55,12.4,1563,13.1,3126,0,79713
CONCOR30JAN20560PE.NFO,07/01/2020,10:25:12,12.55,12.5,3126,13.1,3126,0,79713
CONCOR30JAN20560PE.NFO,07/01/2020,10:25:16,12.55,12.5,1563,13.1,3126,0,79713
CONCOR30JAN20560PE.NFO,07/01/2020,10:25:21,12.55,12.55,1563,13.2,3126,0,79713
CONCOR30JAN20560PE.NFO,07/01/2020,10:25:30,12.55,12.45,1563,13.1,3126,0,79713
CONCOR30JAN20560PE.NFO,07/01/2020,10:25:47,12.55,12.45,1563,13.1,1563,0,79713
CONCOR30JAN20560PE.NFO,07/01/2020,10:25:56,12.55,12.55,1563,13.1,1563,0,79713
CONCOR30JAN20560PE.NFO,07/01/2020,10:26:04,12.55,12.55,3126,13.2,1563,0,79713
CONCOR30JAN20560PE.NFO,07/01/2020,10:26:17,12.55,12.75,1563,13.4,1563,0,79713
CONCOR30JAN20560PE.NFO,07/01/2020,10:26:21,12.55,12.7,1563,13.3,1563,0,79713
CONCOR30JAN20560PE.NFO,07/01/2020,10:26:37,12.55,12.8,1563,13.4,1563,0,79713
CONCOR30JAN20560PE.NFO,07/01/2020,10:26:40,12.55,12.9,3126,13.6,1563,0,79713
CONCOR30JAN20560PE.NFO,07/01/2020,10:26:47,12.55,12.9,3126,13.5,1563,0,79713
CONCOR30JAN20560PE.NFO,07/01/2020,10:26:50,12.55,13,3126,13.6,1563,0,79713
CONCOR30JAN20560PE.NFO,07/01/2020,10:26:54,12.55,13,1563,13.7,1563,0,79713
CONCOR30JAN20560PE.NFO,07/01/2020,10:26:57,12.55,13,3126,13.7,1563,0,79713
CONCOR30JAN20560PE.NFO,07/01/2020,10:27:01,12.55,13,1563,13.7,1563,0,79713
CONCOR30JAN20560PE.NFO,07/01/2020,10:27:04,12.55,13,1563,13.6,1563,0,79713
CONCOR30JAN20560PE.NFO,07/01/2020,10:27:08,12.55,12.8,3126,13.5,1563,0,79713
CONCOR30JAN20560PE.NFO,07/01/2020,10:27:12,12.55,12.7,1563,13.3,1563,0,79713
CONCOR30JAN20560PE.NFO,07/01/2020,10:27:28,12.55,12.65,1563,13.3,1563,0,79713
CONCOR30JAN20560PE.NFO,07/01/2020,10:27:35,12.55,12.65,1563,13.2,1563,0,79713
CONCOR30JAN20560PE.NFO,07/01/2020,10:27:46,12.55,12.65,3126,13.3,1563,0,79713
CONCOR30JAN20560PE.NFO,07/01/2020,10:27:52,12.55,12.75,1563,13.3,1563,0,79713
CONCOR30JAN20560PE.NFO,07/01/2020,10:28:10,12.55,12.7,1563,13.3,1563,0,79713
CONCOR30JAN20560PE.NFO,07/01/2020,10:28:18,12.55,12.6,1563,13.2,1563,0,79713
CONCOR30JAN20560PE.NFO,07/01/2020,10:28:26,12.55,12.55,1563,13.1,1563,0,79713
CONCOR30JAN20560PE.NFO,07/01/2020,10:28:30,12.55,12.4,1563,12.95,1563,0,79713
CONCOR30JAN20560PE.NFO,07/01/2020,10:28:34,12.55,12.35,1563,12.95,1563,0,79713
CONCOR30JAN20560PE.NFO,07/01/2020,10:28:45,12.55,12.3,1563,12.95,1563,0,79713
CONCOR30JAN20560PE.NFO,07/01/2020,10:28:54,12.55,12.3,1563,12.95,3126,0,79713
CONCOR30JAN20560PE.NFO,07/01/2020,10:29:13,12.55,12.25,1563,12.95,3126,0,79713
CONCOR30JAN20560PE.NFO,07/01/2020,10:29:28,12.55,12.25,3126,12.85,1563,0,79713
CONCOR30JAN20560PE.NFO,07/01/2020,10:29:32,12.55,12.3,1563,12.85,1563,0,79713
CONCOR30JAN20560PE.NFO,07/01/2020,10:29:36,12.55,12.3,3126,12.95,3126,0,79713
CONCOR30JAN20560PE.NFO,07/01/2020,10:29:39,12.55,12.25,1563,12.85,3126,0,79713
CONCOR30JAN20560PE.NFO,07/01/2020,10:29:53,12.55,12.15,1563,12.85,3126,0,79713
CONCOR30JAN20560PE.NFO,07/01/2020,10:29:55,12.55,12.2,1563,12.85,1563,0,79713
CONCOR30JAN20560PE.NFO,07/01/2020,10:29:58,12.55,12.2,1563,12.95,3126,0,79713
CONCOR30JAN20560PE.NFO,07/01/2020,10:30:05,12.55,12.2,1563,12.9,1563,0,79713
CONCOR30JAN20560PE.NFO,07/01/2020,10:30:08,12.55,12.2,1563,12.95,3126,0,79713
CONCOR30JAN20560PE.NFO,07/01/2020,10:30:11,12.55,12.2,1563,12.9,1563,0,79713
CONCOR30JAN20560PE.NFO,07/01/2020,10:30:14,12.55,12.2,1563,12.95,1563,0,79713
CONCOR30JAN20560PE.NFO,07/01/2020,10:30:18,12.55,12.2,1563,12.95,3126,0,79713
CONCOR30JAN20560PE.NFO,07/01/2020,10:30:22,12.55,12.2,1563,12.9,1563,0,79713
CONCOR30JAN20560PE.NFO,07/01/2020,10:30:30,12.55,12.25,1563,12.9,1563,0,79713
CONCOR30JAN20560PE.NFO,07/01/2020,10:30:34,12.55,12.35,1563,12.9,1563,0,79713
CONCOR30JAN20560PE.NFO,07/01/2020,10:30:38,12.55,12.35,1563,12.95,3126,0,79713
CONCOR30JAN20560PE.NFO,07/01/2020,10:30:45,12.55,12.3,3126,13,3126,0,79713
CONCOR30JAN20560PE.NFO,07/01/2020,10:30:52,12.55,12.3,1563,13,3126,0,79713
CONCOR30JAN20560PE.NFO,07/01/2020,10:31:02,12.55,12.4,1563,13,3126,0,79713
CONCOR30JAN20560PE.NFO,07/01/2020,10:31:05,12.55,12.3,1563,13,3126,0,79713
CONCOR30JAN20560PE.NFO,07/01/2020,10:31:18,12.55,12.4,1563,13,3126,0,79713
CONCOR30JAN20560PE.NFO,07/01/2020,10:31:21,12.55,12.4,1563,12.95,1563,0,79713
CONCOR30JAN20560PE.NFO,07/01/2020,10:31:24,12.55,12.3,1563,13,3126,0,79713
CONCOR30JAN20560PE.NFO,07/01/2020,10:31:43,12.55,12.3,1563,12.9,3126,0,79713
CONCOR30JAN20560PE.NFO,07/01/2020,10:31:47,12.55,12.25,1563,12.95,1563,0,79713
CONCOR30JAN20560PE.NFO,07/01/2020,10:31:51,12.55,12.25,3126,13,3126,0,79713
CONCOR30JAN20560PE.NFO,07/01/2020,10:31:55,12.55,12.35,1563,12.95,1563,0,79713
CONCOR30JAN20560PE.NFO,07/01/2020,10:32:03,12.55,12.3,1563,13,3126,0,79713
CONCOR30JAN20560PE.NFO,07/01/2020,10:32:11,12.55,12.3,3126,13,3126,0,79713
CONCOR30JAN20560PE.NFO,07/01/2020,10:32:45,12.55,12.3,3126,12.95,1563,0,79713
CONCOR30JAN20560PE.NFO,07/01/2020,10:32:48,12.55,12.3,1563,13,3126,0,79713
CONCOR30JAN20560PE.NFO,07/01/2020,10:32:56,12.55,12.3,1563,12.9,3126,0,79713
CONCOR30JAN20560PE.NFO,07/01/2020,10:33:16,12.55,12.25,3126,13,3126,0,79713
CONCOR30JAN20560PE.NFO,07/01/2020,10:33:19,12.55,12.25,1563,13,3126,0,79713
CONCOR30JAN20560PE.NFO,07/01/2020,10:33:29,12.55,12.25,1563,12.95,1563,0,79713
CONCOR30JAN20560PE.NFO,07/01/2020,10:34:14,12.55,12.25,1563,13,3126,0,79713
CONCOR30JAN20560PE.NFO,07/01/2020,10:34:18,12.55,12.25,1563,12.9,3126,0,79713
CONCOR30JAN20560PE.NFO,07/01/2020,10:34:20,12.55,12.25,1563,13,3126,0,79713
CONCOR30JAN20560PE.NFO,07/01/2020,10:34:24,12.55,12.3,1563,13,3126,0,79713
CONCOR30JAN20560PE.NFO,07/01/2020,10:34:27,12.55,12.2,1563,12.9,3126,0,79713
CONCOR30JAN20560PE.NFO,07/01/2020,10:34:33,12.55,12.2,3126,12.95,1563,0,79713
CONCOR30JAN20560PE.NFO,07/01/2020,10:34:42,12.55,12.2,1563,12.85,1563,0,79713
CONCOR30JAN20560PE.NFO,07/01/2020,10:34:46,12.55,11.85,1563,12.7,3126,0,79713
CONCOR30JAN20560PE.NFO,07/01/2020,10:34:49,12.55,11.95,1563,12.7,3126,0,79713
CONCOR30JAN20560PE.NFO,07/01/2020,10:35:01,12.55,11.95,1563,12.65,1563,0,79713
CONCOR30JAN20560PE.NFO,07/01/2020,10:35:05,12.55,12.05,1563,12.7,3126,0,79713
CONCOR30JAN20560PE.NFO,07/01/2020,10:35:10,12.55,12.05,1563,12.65,1563,0,79713
CONCOR30JAN20560PE.NFO,07/01/2020,10:35:12,12.55,12,1563,12.7,3126,0,79713
CONCOR30JAN20560PE.NFO,07/01/2020,10:35:27,12.55,12,3126,12.7,3126,0,79713
CONCOR30JAN20560PE.NFO,07/01/2020,10:35:34,12.55,12.1,1563,12.8,3126,0,79713
CONCOR30JAN20560PE.NFO,07/01/2020,10:35:41,12.55,12.1,1563,12.8,1563,0,79713
CONCOR30JAN20560PE.NFO,07/01/2020,10:40:57,12,11.9,1563,12.75,1563,3126,79713
CONCOR30JAN20560PE.NFO,07/01/2020,10:41:01,12,11.95,1563,12.75,1563,0,79713
CONCOR30JAN20560PE.NFO,07/01/2020,10:41:05,12,11.7,1563,12.6,1563,0,79713
CONCOR30JAN20560PE.NFO,07/01/2020,10:41:19,12,11.7,1563,12.5,1563,0,79713
CONCOR30JAN20560PE.NFO,07/01/2020,10:41:23,12,11.65,1563,12.5,1563,0,79713
CONCOR30JAN20560PE.NFO,07/01/2020,10:41:28,12,11.7,1563,12.5,1563,0,79713
CONCOR30JAN20560PE.NFO,07/01/2020,10:41:32,12,11.6,1563,12.5,1563,0,79713
CONCOR30JAN20560PE.NFO,07/01/2020,10:41:50,12,11.6,1563,12.45,1563,0,79713
CONCOR30JAN20560PE.NFO,07/01/2020,10:41:53,12,11.6,1563,12.4,1563,0,79713
CONCOR30JAN20560PE.NFO,07/01/2020,10:41:56,12,11.65,1563,12.4,1563,0,79713
CONCOR30JAN20560PE.NFO,07/01/2020,10:41:59,12,11.55,1563,12.4,1563,0,79713
CONCOR30JAN20560PE.NFO,07/01/2020,10:42:05,12,11.65,1563,12.4,1563,0,79713
CONCOR30JAN20560PE.NFO,07/01/2020,10:42:12,12,11.7,1563,12.4,1563,0,79713
CONCOR30JAN20560PE.NFO,07/01/2020,10:42:18,12,11.65,1563,12.4,1563,0,79713
CONCOR30JAN20560PE.NFO,07/01/2020,10:42:56,12,11.6,1563,12.4,1563,0,79713
CONCOR30JAN20560PE.NFO,07/01/2020,10:43:14,12,11.5,1563,12.3,1563,0,79713
CONCOR30JAN20560PE.NFO,07/01/2020,10:43:21,12,11.35,1563,12.15,1563,0,79713
CONCOR30JAN20560PE.NFO,07/01/2020,10:43:30,12,11.45,1563,12.15,1563,0,79713
CONCOR30JAN20560PE.NFO,07/01/2020,10:43:33,12,11.4,1563,12.15,1563,0,79713
CONCOR30JAN20560PE.NFO,07/01/2020,10:43:36,12,11.35,1563,12.15,1563,0,79713
CONCOR30JAN20560PE.NFO,07/01/2020,10:43:49,12,11.45,1563,12.15,1563,0,79713
CONCOR30JAN20560PE.NFO,07/01/2020,10:43:52,12,11.45,3126,12.15,1563,0,79713
CONCOR30JAN20560PE.NFO,07/01/2020,10:43:57,12,11.4,1563,12.15,1563,0,79713
CONCOR30JAN20560PE.NFO,07/01/2020,10:43:59,12,11.45,1563,12.15,1563,0,79713
CONCOR30JAN20560PE.NFO,07/01/2020,10:44:01,12,11.5,1563,12.25,1563,0,79713
CONCOR30JAN20560PE.NFO,07/01/2020,10:44:06,12,11.55,1563,12.25,1563,0,79713
CONCOR30JAN20560PE.NFO,07/01/2020,10:44:08,12,11.4,1563,12.25,1563,0,79713
CONCOR30JAN20560PE.NFO,07/01/2020,10:44:11,12,11.45,1563,12.25,1563,0,79713
CONCOR30JAN20560PE.NFO,07/01/2020,10:44:40,12,11.5,1563,12.25,1563,0,79713
CONCOR30JAN20560PE.NFO,07/01/2020,10:44:43,12,11.55,1563,12.25,1563,0,79713
CONCOR30JAN20560PE.NFO,07/01/2020,10:44:46,12,11.45,1563,12.25,1563,0,79713
CONCOR30JAN20560PE.NFO,07/01/2020,10:44:48,12,11.5,1563,12.25,1563,0,79713
CONCOR30JAN20560PE.NFO,07/01/2020,10:44:49,12,11.55,1563,12.25,1563,0,79713
CONCOR30JAN20560PE.NFO,07/01/2020,10:44:51,12,11.5,1563,12.25,1563,0,79713
CONCOR30JAN20560PE.NFO,07/01/2020,10:44:55,12,11.4,1563,12.25,1563,0,79713
CONCOR30JAN20560PE.NFO,07/01/2020,10:44:56,12,11.5,1563,12.25,1563,0,79713
CONCOR30JAN20560PE.NFO,07/01/2020,10:44:59,12,11.45,1563,12.25,1563,0,79713
CONCOR30JAN20560PE.NFO,07/01/2020,10:45:04,12,11.5,1563,12.35,1563,0,79713
CONCOR30JAN20560PE.NFO,07/01/2020,10:45:08,12,11.55,1563,12.35,1563,0,79713
CONCOR30JAN20560PE.NFO,07/01/2020,10:45:12,12,11.6,1563,12.45,1563,0,79713
CONCOR30JAN20560PE.NFO,07/01/2020,10:45:27,12,11.65,1563,12.45,1563,0,79713
CONCOR30JAN20560PE.NFO,07/01/2020,10:45:33,12,11.7,1563,12.45,1563,0,79713
CONCOR30JAN20560PE.NFO,07/01/2020,10:45:43,12,11.65,1563,12.45,1563,0,79713
CONCOR30JAN20560PE.NFO,07/01/2020,10:45:45,12,11.65,1563,12.5,1563,0,79713
CONCOR30JAN20560PE.NFO,07/01/2020,10:46:00,12,11.7,1563,12.5,1563,0,79713
CONCOR30JAN20560PE.NFO,07/01/2020,10:46:04,12,11.7,1563,12.6,1563,0,79713
CONCOR30JAN20560PE.NFO,07/01/2020,10:46:27,12,11.75,1563,12.5,1563,0,79713
CONCOR30JAN20560PE.NFO,07/01/2020,10:46:29,12,11.7,1563,12.5,1563,0,79713
CONCOR30JAN20560PE.NFO,07/01/2020,10:47:15,12,11.5,1563,12.3,1563,0,79713
CONCOR30JAN20560PE.NFO,07/01/2020,10:47:33,12,11.45,1563,12.3,1563,0,79713
CONCOR30JAN20560PE.NFO,07/01/2020,10:47:37,12,11.45,1563,12.25,1563,0,79713
CONCOR30JAN20560PE.NFO,07/01/2020,10:47:45,12,11.5,1563,12.25,1563,0,79713
CONCOR30JAN20560PE.NFO,07/01/2020,10:47:56,12,11.45,3126,12.25,1563,0,79713
CONCOR30JAN20560PE.NFO,07/01/2020,10:47:58,12,11.45,1563,12.25,1563,0,79713
CONCOR30JAN20560PE.NFO,07/01/2020,10:48:10,12,11.45,1563,12.15,1563,0,79713
CONCOR30JAN20560PE.NFO,07/01/2020,10:48:19,12,11.45,1563,12.25,1563,0,79713
CONCOR30JAN20560PE.NFO,07/01/2020,10:48:40,12,11.5,1563,12.25,1563,0,79713
CONCOR30JAN20560PE.NFO,07/01/2020,10:48:52,12,11.55,1563,12.25,1563,0,79713
CONCOR30JAN20560PE.NFO,07/01/2020,10:48:58,12,11.65,1563,12.25,1563,0,79713
CONCOR30JAN20560PE.NFO,07/01/2020,10:49:02,12,11.55,1563,12.25,1563,0,79713
CONCOR30JAN20560PE.NFO,07/01/2020,10:49:05,12,11.55,1563,12.35,1563,0,79713
CONCOR30JAN20560PE.NFO,07/01/2020,10:49:20,12,11.65,1563,12.35,1563,0,79713
CONCOR30JAN20560PE.NFO,07/01/2020,10:49:24,12,11.6,3126,12.35,1563,0,79713
CONCOR30JAN20560PE.NFO,07/01/2020,10:49:27,12,11.6,1563,12.35,1563,0,79713
CONCOR30JAN20560PE.NFO,07/01/2020,10:49:31,12,11.55,1563,12.35,1563,0,79713
CONCOR30JAN20560PE.NFO,07/01/2020,10:49:57,12,11.65,1563,12.35,1563,0,79713
CONCOR30JAN20560PE.NFO,07/01/2020,10:50:10,12,11.55,1563,12.35,1563,0,79713
CONCOR30JAN20560PE.NFO,07/01/2020,10:50:41,12,11.5,1563,12.35,1563,0,79713
CONCOR30JAN20560PE.NFO,07/01/2020,10:50:59,12,11.55,1563,12.35,1563,0,79713
CONCOR30JAN20560PE.NFO,07/01/2020,10:51:08,12,11.5,3126,12.35,1563,0,79713
CONCOR30JAN20560PE.NFO,07/01/2020,10:51:11,12,11.55,1563,12.35,1563,0,79713
CONCOR30JAN20560PE.NFO,07/01/2020,10:51:51,12,11.55,3126,12.35,1563,0,79713
CONCOR30JAN20560PE.NFO,07/01/2020,10:51:55,12,11.6,1563,12.35,1563,0,79713
CONCOR30JAN20560PE.NFO,07/01/2020,10:52:25,12,11.65,1563,12.35,1563,0,79713
CONCOR30JAN20560PE.NFO,07/01/2020,10:52:36,12,11.65,1563,12.45,1563,0,79713
CONCOR30JAN20560PE.NFO,07/01/2020,10:52:48,12,11.7,1563,12.45,1563,0,79713
CONCOR30JAN20560PE.NFO,07/01/2020,10:53:03,12,11.75,1563,12.55,1563,0,79713
CONCOR30JAN20560PE.NFO,07/01/2020,10:53:20,12,11.8,1563,12.55,1563,0,79713
CONCOR30JAN20560PE.NFO,07/01/2020,10:53:46,12,11.9,1563,12.6,1563,0,79713
CONCOR30JAN20560PE.NFO,07/01/2020,10:53:51,12,12,1563,12.75,1563,0,79713
CONCOR30JAN20560PE.NFO,07/01/2020,10:54:31,12,12,1563,12.65,1563,0,79713
CONCOR30JAN20560PE.NFO,07/01/2020,10:54:55,12,12,1563,12.75,3126,0,79713
CONCOR30JAN20560PE.NFO,07/01/2020,10:54:59,12,12,1563,12.7,3126,0,79713
CONCOR30JAN20560PE.NFO,07/01/2020,10:55:09,12,12.05,1563,12.75,1563,0,79713
CONCOR30JAN20560PE.NFO,07/01/2020,10:55:14,12,12,1563,12.8,3126,0,79713
CONCOR30JAN20560PE.NFO,07/01/2020,10:55:18,12,12.05,1563,12.75,1563,0,79713
CONCOR30JAN20560PE.NFO,07/01/2020,10:55:23,12,12,1563,12.75,1563,0,79713
CONCOR30JAN20560PE.NFO,07/01/2020,10:55:27,12,12.05,1563,12.75,1563,0,79713
CONCOR30JAN20560PE.NFO,07/01/2020,10:55:38,12,11.9,1563,12.75,1563,0,79713
CONCOR30JAN20560PE.NFO,07/01/2020,10:55:44,12,12,1563,12.7,1563,0,79713
CONCOR30JAN20560PE.NFO,07/01/2020,10:55:49,12,12.1,1563,12.8,1563,0,79713
CONCOR30JAN20560PE.NFO,07/01/2020,10:55:53,12,11.95,1563,12.8,1563,0,79713
CONCOR30JAN20560PE.NFO,07/01/2020,10:55:58,12,12.1,1563,12.8,1563,0,79713
CONCOR30JAN20560PE.NFO,07/01/2020,10:56:01,12,11.95,1563,12.8,1563,0,79713
CONCOR30JAN20560PE.NFO,07/01/2020,10:56:06,12,12.1,1563,12.8,1563,0,79713
CONCOR30JAN20560PE.NFO,07/01/2020,10:56:11,12,12,1563,12.75,1563,0,79713
CONCOR30JAN20560PE.NFO,07/01/2020,10:56:16,12,12.05,1563,12.75,1563,0,79713
CONCOR30JAN20560PE.NFO,07/01/2020,10:56:21,12,11.95,1563,12.8,1563,0,79713
CONCOR30JAN20560PE.NFO,07/01/2020,10:56:25,12,12,1563,12.8,1563,0,79713
CONCOR30JAN20560PE.NFO,07/01/2020,10:56:30,12,12.25,1563,13,1563,0,79713
CONCOR30JAN20560PE.NFO,07/01/2020,10:56:41,12,12.15,1563,13,1563,0,79713
CONCOR30JAN20560PE.NFO,07/01/2020,10:57:08,12,12.25,1563,13,1563,0,79713
CONCOR30JAN20560PE.NFO,07/01/2020,10:57:34,12,12.3,1563,13,1563,0,79713
CONCOR30JAN20560PE.NFO,07/01/2020,10:57:40,12,12.25,1563,13,1563,0,79713
CONCOR30JAN20560PE.NFO,07/01/2020,10:57:54,12,12.3,1563,13,1563,0,79713
CONCOR30JAN20560PE.NFO,07/01/2020,10:57:58,12,12.3,3126,13,1563,0,79713
CONCOR30JAN20560PE.NFO,07/01/2020,10:58:03,12,12.3,1563,13,1563,0,79713
CONCOR30JAN20560PE.NFO,07/01/2020,10:58:07,12,12.15,1563,13,1563,0,79713
CONCOR30JAN20560PE.NFO,07/01/2020,10:58:13,12,12.35,1563,13,1563,0,79713
CONCOR30JAN20560PE.NFO,07/01/2020,10:58:27,12,12.1,1563,13,1563,0,79713
CONCOR30JAN20560PE.NFO,07/01/2020,10:58:33,12,12.15,1563,13,1563,0,79713
CONCOR30JAN20560PE.NFO,07/01/2020,10:58:37,12,12.2,1563,13,1563,0,79713
CONCOR30JAN20560PE.NFO,07/01/2020,10:58:42,12,12.3,3126,13.3,1563,0,79713
CONCOR30JAN20560PE.NFO,07/01/2020,10:58:48,12,12.35,1563,13.3,1563,0,79713
CONCOR30JAN20560PE.NFO,07/01/2020,10:58:53,12,12.4,1563,13.3,1563,0,79713
CONCOR30JAN20560PE.NFO,07/01/2020,10:58:58,12,12.5,1563,13.3,1563,0,79713
CONCOR30JAN20560PE.NFO,07/01/2020,10:59:03,12,12.35,1563,13.3,1563,0,79713
CONCOR30JAN20560PE.NFO,07/01/2020,10:59:09,12,12.5,1563,13.4,1563,0,79713
CONCOR30JAN20560PE.NFO,07/01/2020,10:59:15,12,12.7,1563,13.4,1563,0,79713
CONCOR30JAN20560PE.NFO,07/01/2020,10:59:25,12,12.7,1563,13.35,1563,0,79713
CONCOR30JAN20560PE.NFO,07/01/2020,10:59:47,12,12.75,1563,13.4,1563,0,79713
CONCOR30JAN20560PE.NFO,07/01/2020,10:59:57,12,12.75,1563,13.45,1563,0,79713
CONCOR30JAN20560PE.NFO,07/01/2020,11:00:03,12,12.35,1563,13.3,1563,0,79713
CONCOR30JAN20560PE.NFO,07/01/2020,11:00:15,12,12.4,1563,13.3,1563,0,79713
CONCOR30JAN20560PE.NFO,07/01/2020,11:00:22,12,12.45,1563,13.3,1563,0,79713
CONCOR30JAN20560PE.NFO,07/01/2020,11:00:28,12,12.5,1563,13.45,1563,0,79713
CONCOR30JAN20560PE.NFO,07/01/2020,11:00:35,12,12.4,1563,13.45,1563,0,79713
CONCOR30JAN20560PE.NFO,07/01/2020,11:00:41,12,12.3,1563,13.45,1563,0,79713
CONCOR30JAN20560PE.NFO,07/01/2020,11:00:47,12,12.5,1563,13.45,1563,0,79713
CONCOR30JAN20560PE.NFO,07/01/2020,11:00:53,12,12.3,1563,13.45,1563,0,79713
CONCOR30JAN20560PE.NFO,07/01/2020,11:01:00,12,12.5,1563,13.45,1563,0,79713
CONCOR30JAN20560PE.NFO,07/01/2020,11:01:09,12,12.45,1563,13.45,1563,0,79713
CONCOR30JAN20560PE.NFO,07/01/2020,11:01:16,12,12.6,1563,13.45,1563,0,79713
CONCOR30JAN20560PE.NFO,07/01/2020,11:01:29,12,12.45,1563,13.45,1563,0,79713
CONCOR30JAN20560PE.NFO,07/01/2020,11:01:36,12,12.55,1563,13.45,1563,0,79713
CONCOR30JAN20560PE.NFO,07/01/2020,11:01:43,12,12.6,1563,13.45,1563,0,79713
CONCOR30JAN20560PE.NFO,07/01/2020,11:01:50,12,12.7,1563,13.45,1563,0,79713
CONCOR30JAN20560PE.NFO,07/01/2020,11:01:57,12,12.4,1563,13.45,1563,0,79713
CONCOR30JAN20560PE.NFO,07/01/2020,11:02:04,12,12.5,1563,13.5,1563,0,79713
CONCOR30JAN20560PE.NFO,07/01/2020,11:02:11,12,12.6,1563,13.5,1563,0,79713
CONCOR30JAN20560PE.NFO,07/01/2020,11:02:17,12,12.45,1563,13.5,1563,0,79713
CONCOR30JAN20560PE.NFO,07/01/2020,11:02:29,12,12.55,1563,13.6,1563,0,79713
CONCOR30JAN20560PE.NFO,07/01/2020,11:02:36,12,12.8,1563,13.6,1563,0,79713
CONCOR30JAN20560PE.NFO,07/01/2020,11:02:42,12,12.6,1563,13.6,1563,0,79713
CONCOR30JAN20560PE.NFO,07/01/2020,11:02:47,12,12.8,1563,13.6,1563,0,79713
CONCOR30JAN20560PE.NFO,07/01/2020,11:02:53,12,12.7,1563,13.6,1563,0,79713
CONCOR30JAN20560PE.NFO,07/01/2020,11:02:59,12,12.55,1563,13.6,1563,0,79713
CONCOR30JAN20560PE.NFO,07/01/2020,11:03:05,12,12.65,1563,13.6,1563,0,79713
CONCOR30JAN20560PE.NFO,07/01/2020,11:03:11,12,12.65,1563,13.7,1563,0,79713
CONCOR30JAN20560PE.NFO,07/01/2020,11:03:22,12,12.75,1563,13.7,1563,0,79713
CONCOR30JAN20560PE.NFO,07/01/2020,11:03:38,12,12.7,1563,13.7,1563,0,79713
CONCOR30JAN20560PE.NFO,07/01/2020,11:03:44,12,12.75,1563,13.7,1563,0,79713
CONCOR30JAN20560PE.NFO,07/01/2020,11:03:51,12,12.7,1563,13.7,1563,0,79713
CONCOR30JAN20560PE.NFO,07/01/2020,11:03:57,12,12.75,1563,13.7,1563,0,79713
CONCOR30JAN20560PE.NFO,07/01/2020,11:04:02,12,12.7,1563,13.7,1563,0,79713
CONCOR30JAN20560PE.NFO,07/01/2020,11:04:08,12,12.75,1563,13.7,1563,0,79713
CONCOR30JAN20560PE.NFO,07/01/2020,11:04:20,12,12.8,1563,13.7,1563,0,79713
CONCOR30JAN20560PE.NFO,07/01/2020,11:04:26,12,12.65,1563,13.7,1563,0,79713
CONCOR30JAN20560PE.NFO,07/01/2020,11:04:32,12,12.8,1563,13.7,1563,0,79713
CONCOR30JAN20560PE.NFO,07/01/2020,11:04:37,12,13.2,1563,14.05,1563,0,79713
CONCOR30JAN20560PE.NFO,07/01/2020,11:04:49,12,13.3,1563,14.05,1563,0,79713
CONCOR30JAN20560PE.NFO,07/01/2020,11:04:55,12,13.15,1563,14.05,1563,0,79713
CONCOR30JAN20560PE.NFO,07/01/2020,11:05:00,12,13.3,1563,14.05,1563,0,79713
CONCOR30JAN20560PE.NFO,07/01/2020,11:05:12,12,13.25,1563,14.05,1563,0,79713
CONCOR30JAN20560PE.NFO,07/01/2020,11:05:18,12,13.15,1563,14.05,1563,0,79713
CONCOR30JAN20560PE.NFO,07/01/2020,11:05:23,12,13,1563,13.9,1563,0,79713
CONCOR30JAN20560PE.NFO,07/01/2020,11:05:28,12,12.95,1563,13.9,1563,0,79713
CONCOR30JAN20560PE.NFO,07/01/2020,11:05:33,12,13,1563,14.7,1563,0,79713
CONCOR30JAN20560PE.NFO,07/01/2020,11:05:39,12,12.85,1563,14.7,1563,0,79713
CONCOR30JAN20560PE.NFO,07/01/2020,11:05:44,12,13,1563,14.7,1563,0,79713
CONCOR30JAN20560PE.NFO,07/01/2020,11:05:49,12,13.05,1563,14.7,1563,0,79713
CONCOR30JAN20560PE.NFO,07/01/2020,11:05:55,12,12.8,1563,14.7,7815,0,79713
CONCOR30JAN20560PE.NFO,07/01/2020,11:06:01,12,12.8,1563,14.65,7815,0,79713
CONCOR30JAN20560PE.NFO,07/01/2020,11:06:07,12,12.75,1563,14.75,7815,0,79713
CONCOR30JAN20560PE.NFO,07/01/2020,11:06:14,12,12.65,1563,14.65,7815,0,79713
CONCOR30JAN20560PE.NFO,07/01/2020,11:06:21,12,12.75,1563,14.7,6252,0,79713
CONCOR30JAN20560PE.NFO,07/01/2020,11:06:27,12,12.75,1563,14.75,7815,0,79713
CONCOR30JAN20560PE.NFO,07/01/2020,11:06:33,12,12.7,1563,14.75,7815,0,79713
CONCOR30JAN20560PE.NFO,07/01/2020,11:06:37,12,12.8,1563,14.75,7815,0,79713
CONCOR30JAN20560PE.NFO,07/01/2020,11:06:40,12,12.65,1563,14.75,7815,0,79713
CONCOR30JAN20560PE.NFO,07/01/2020,11:06:46,12,12.6,1563,14.7,6252,0,79713
CONCOR30JAN20560PE.NFO,07/01/2020,11:06:52,12,12.6,1563,14.4,1563,0,79713
CONCOR30JAN20560PE.NFO,07/01/2020,11:06:58,12,12.55,1563,14.55,6252,0,79713
CONCOR30JAN20560PE.NFO,07/01/2020,11:07:03,12,12.5,1563,14.4,1563,0,79713
CONCOR30JAN20560PE.NFO,07/01/2020,11:07:08,12,12.65,1563,14.6,6252,0,79713
CONCOR30JAN20560PE.NFO,07/01/2020,11:07:14,12,12.75,1563,14.5,1563,0,79713
CONCOR30JAN20560PE.NFO,07/01/2020,11:07:19,12,12.7,1563,14.25,1563,0,79713
CONCOR30JAN20560PE.NFO,07/01/2020,11:07:23,12,12.7,1563,14.2,1563,0,79713
CONCOR30JAN20560PE.NFO,07/01/2020,11:07:28,12,12.6,1563,14.2,1563,0,79713
CONCOR30JAN20560PE.NFO,07/01/2020,11:07:32,12,12.65,1563,14.3,1563,0,79713
CONCOR30JAN20560PE.NFO,07/01/2020,11:07:37,12,12.65,1563,14.35,1563,0,79713
CONCOR30JAN20560PE.NFO,07/01/2020,11:07:43,12,12.65,1563,14.15,1563,0,79713
CONCOR30JAN20560PE.NFO,07/01/2020,11:07:47,12,12.65,1563,14.05,1563,0,79713
CONCOR30JAN20560PE.NFO,07/01/2020,11:07:52,12,12.65,1563,14.3,1563,0,79713
CONCOR30JAN20560PE.NFO,07/01/2020,11:07:56,12,12.65,1563,14.05,1563,0,79713
CONCOR30JAN20560PE.NFO,07/01/2020,11:08:00,12,12.65,1563,14.2,1563,0,79713
CONCOR30JAN20560PE.NFO,07/01/2020,11:08:05,12,12.65,1563,14.3,1563,0,79713
CONCOR30JAN20560PE.NFO,07/01/2020,11:08:09,12,12.65,1563,14.15,1563,0,79713
CONCOR30JAN20560PE.NFO,07/01/2020,11:08:12,12,12.65,1563,14,1563,0,79713
CONCOR30JAN20560PE.NFO,07/01/2020,11:08:17,12,12.6,1563,14.15,1563,0,79713
CONCOR30JAN20560PE.NFO,07/01/2020,11:08:20,12,12.6,1563,14.05,1563,0,79713
CONCOR30JAN20560PE.NFO,07/01/2020,11:08:29,12,12.6,1563,14.2,1563,0,79713
CONCOR30JAN20560PE.NFO,07/01/2020,11:08:35,12,12.4,1563,13.8,1563,0,79713
CONCOR30JAN20560PE.NFO,07/01/2020,11:08:40,12,12.45,1563,14,1563,0,79713
CONCOR30JAN20560PE.NFO,07/01/2020,11:08:44,12,12.45,1563,14.2,1563,0,79713
CONCOR30JAN20560PE.NFO,07/01/2020,11:08:53,12,12.4,1563,13.8,1563,0,79713
CONCOR30JAN20560PE.NFO,07/01/2020,11:08:58,12,12.45,1563,14.25,1563,0,79713
CONCOR30JAN20560PE.NFO,07/01/2020,11:09:03,12,12.4,1563,13.9,1563,0,79713
CONCOR30JAN20560PE.NFO,07/01/2020,11:09:07,12,12.4,1563,14,1563,0,79713
CONCOR30JAN20560PE.NFO,07/01/2020,11:09:12,12,12.4,1563,13.9,1563,0,79713
CONCOR30JAN20560PE.NFO,07/01/2020,11:09:16,12,12.4,1563,13.8,1563,0,79713
CONCOR30JAN20560PE.NFO,07/01/2020,11:09:21,12,12.4,1563,14.05,1563,0,79713
CONCOR30JAN20560PE.NFO,07/01/2020,11:09:26,12,12.4,1563,13.85,1563,0,79713
CONCOR30JAN20560PE.NFO,07/01/2020,11:09:30,12,12.45,1563,14.1,1563,0,79713
CONCOR30JAN20560PE.NFO,07/01/2020,11:09:35,12,12.45,1563,13.8,1563,0,79713
CONCOR30JAN20560PE.NFO,07/01/2020,11:09:39,12,12.45,1563,14.1,1563,0,79713
CONCOR30JAN20560PE.NFO,07/01/2020,11:09:47,12,12.5,1563,13.8,1563,0,79713
CONCOR30JAN20560PE.NFO,07/01/2020,11:09:54,12,12.5,1563,14.1,1563,0,79713
CONCOR30JAN20560PE.NFO,07/01/2020,11:10:01,12,12.5,1563,13.9,1563,0,79713
CONCOR30JAN20560PE.NFO,07/01/2020,11:10:06,12,12.5,1563,13.85,1563,0,79713
CONCOR30JAN20560PE.NFO,07/01/2020,11:10:10,12,12.45,1563,14,1563,0,79713
CONCOR30JAN20560PE.NFO,07/01/2020,11:10:15,12,12.4,1563,14.1,1563,0,79713
CONCOR30JAN20560PE.NFO,07/01/2020,11:10:19,12,12.4,1563,13.85,1563,0,79713
CONCOR30JAN20560PE.NFO,07/01/2020,11:10:24,12,12.4,1563,14.15,1563,0,79713
CONCOR30JAN20560PE.NFO,07/01/2020,11:10:28,12,12.4,1563,14.05,1563,0,79713
CONCOR30JAN20560PE.NFO,07/01/2020,11:10:31,12,12.45,1563,14.35,1563,0,79713
CONCOR30JAN20560PE.NFO,07/01/2020,11:10:35,12,12.45,1563,14.05,1563,0,79713
CONCOR30JAN20560PE.NFO,07/01/2020,11:10:39,12,12.45,1563,14,1563,0,79713
CONCOR30JAN20560PE.NFO,07/01/2020,11:10:43,12,12.45,1563,14.1,1563,0,79713
CONCOR30JAN20560PE.NFO,07/01/2020,11:10:51,12,12.45,1563,14,1563,0,79713
CONCOR30JAN20560PE.NFO,07/01/2020,11:10:54,12,12.45,1563,13.9,1563,0,79713
CONCOR30JAN20560PE.NFO,07/01/2020,11:10:57,12,12.45,1563,13.8,1563,0,79713
CONCOR30JAN20560PE.NFO,07/01/2020,11:11:01,12,12.45,1563,13.85,1563,0,79713
CONCOR30JAN20560PE.NFO,07/01/2020,11:11:06,12,12.55,1563,14.35,1563,0,79713
CONCOR30JAN20560PE.NFO,07/01/2020,11:11:13,12,12.55,1563,14.45,4689,0,79713
CONCOR30JAN20560PE.NFO,07/01/2020,11:11:20,12,12.7,1563,14.4,1563,0,79713
CONCOR30JAN20560PE.NFO,07/01/2020,11:11:26,12,12.75,1563,14.6,1563,0,79713
CONCOR30JAN20560PE.NFO,07/01/2020,11:11:34,12,12.7,1563,14.6,1563,0,79713
CONCOR30JAN20560PE.NFO,07/01/2020,11:11:46,12,12.8,1563,14.65,7815,0,79713
CONCOR30JAN20560PE.NFO,07/01/2020,11:11:51,12,12.8,1563,14.5,1563,0,79713
CONCOR30JAN20560PE.NFO,07/01/2020,11:11:57,12,12.8,1563,14.45,1563,0,79713
CONCOR30JAN20560PE.NFO,07/01/2020,11:12:04,12,12.8,1563,14.75,4689,0,79713
CONCOR30JAN20560PE.NFO,07/01/2020,11:12:12,12,12.8,1563,14.15,1563,0,79713
CONCOR30JAN20560PE.NFO,07/01/2020,11:12:19,12,12.8,1563,14.45,1563,0,79713
CONCOR30JAN20560PE.NFO,07/01/2020,11:12:25,12,12.8,1563,14.55,1563,0,79713
CONCOR30JAN20560PE.NFO,07/01/2020,11:12:32,12,12.75,1563,14.4,1563,0,79713
CONCOR30JAN20560PE.NFO,07/01/2020,11:12:39,12,12.7,1563,14.55,1563,0,79713
CONCOR30JAN20560PE.NFO,07/01/2020,11:12:45,12,12.75,1563,14.75,17193,0,79713
CONCOR30JAN20560PE.NFO,07/01/2020,11:12:49,12,12.75,1563,14.45,1563,0,79713
CONCOR30JAN20560PE.NFO,07/01/2020,11:12:54,12,12.75,1563,14.35,1563,0,79713
CONCOR30JAN20560PE.NFO,07/01/2020,11:12:58,12,12.75,1563,14.5,1563,0,79713
CONCOR30JAN20560PE.NFO,07/01/2020,11:13:03,12,12.75,1563,14.2,1563,0,79713
CONCOR30JAN20560PE.NFO,07/01/2020,11:13:09,12,12.9,1563,14.75,3126,0,79713
CONCOR30JAN20560PE.NFO,07/01/2020,11:13:15,12,12.9,1563,14.45,1563,0,79713
CONCOR30JAN20560PE.NFO,07/01/2020,11:13:21,12,12.9,1563,14.25,1563,0,79713
CONCOR30JAN20560PE.NFO,07/01/2020,11:13:27,12,12.9,1563,14.35,1563,0,79713
CONCOR30JAN20560PE.NFO,07/01/2020,11:13:32,12,12.95,1563,14.4,1563,0,79713
CONCOR30JAN20560PE.NFO,07/01/2020,11:13:45,12,12.95,1563,14.6,1563,0,79713
CONCOR30JAN20560PE.NFO,07/01/2020,11:13:51,12,12.95,1563,14.45,1563,0,79713
CONCOR30JAN20560PE.NFO,07/01/2020,11:13:57,12,12.95,1563,14.2,1563,0,79713
CONCOR30JAN20560PE.NFO,07/01/2020,11:14:02,12,12.9,1563,14.3,1563,0,79713
CONCOR30JAN20560PE.NFO,07/01/2020,11:14:07,12,12.9,1563,14.25,1563,0,79713
CONCOR30JAN20560PE.NFO,07/01/2020,11:14:13,12,12.85,1563,14.05,1563,0,79713
CONCOR30JAN20560PE.NFO,07/01/2020,11:14:19,12,12.85,1563,14.65,1563,0,79713
CONCOR30JAN20560PE.NFO,07/01/2020,11:14:25,12,12.85,1563,14.3,1563,0,79713
CONCOR30JAN20560PE.NFO,07/01/2020,11:14:30,12,12.85,1563,14.1,1563,0,79713
CONCOR30JAN20560PE.NFO,07/01/2020,11:14:35,12,12.85,1563,14.3,1563,0,79713
CONCOR30JAN20560PE.NFO,07/01/2020,11:14:40,12,12.85,1563,14.15,1563,0,79713
CONCOR30JAN20560PE.NFO,07/01/2020,11:14:44,12,12.85,1563,14.4,1563,0,79713
CONCOR30JAN20560PE.NFO,07/01/2020,11:14:49,12,12.8,1563,14.2,1563,0,79713
CONCOR30JAN20560PE.NFO,07/01/2020,11:14:54,12,12.85,1563,14.2,1563,0,79713
CONCOR30JAN20560PE.NFO,07/01/2020,11:15:00,12,12.9,1563,14.35,1563,0,79713
CONCOR30JAN20560PE.NFO,07/01/2020,11:15:18,12,12.9,1563,14.25,1563,0,79713
CONCOR30JAN20560PE.NFO,07/01/2020,11:15:23,12,12.9,1563,14.35,1563,0,79713
CONCOR30JAN20560PE.NFO,07/01/2020,11:15:28,12,12.9,1563,14.5,1563,0,79713
CONCOR30JAN20560PE.NFO,07/01/2020,11:15:34,12,12.9,1563,14.6,1563,0,79713
CONCOR30JAN20560PE.NFO,07/01/2020,11:15:38,12,12.9,1563,14.4,1563,0,79713
CONCOR30JAN20560PE.NFO,07/01/2020,11:15:42,12,12.9,1563,14.6,1563,0,79713
CONCOR30JAN20560PE.NFO,07/01/2020,11:15:46,12,12.9,1563,14.45,1563,0,79713
CONCOR30JAN20560PE.NFO,07/01/2020,11:15:51,12,12.9,1563,14.6,1563,0,79713
CONCOR30JAN20560PE.NFO,07/01/2020,11:15:57,12,12.9,1563,14.15,1563,0,79713
CONCOR30JAN20560PE.NFO,07/01/2020,11:16:03,12,12.9,1563,14.2,1563,0,79713
CONCOR30JAN20560PE.NFO,07/01/2020,11:16:09,12,12.9,1563,14.15,1563,0,79713
CONCOR30JAN20560PE.NFO,07/01/2020,11:16:15,12,12.7,1563,14.15,1563,0,79713
CONCOR30JAN20560PE.NFO,07/01/2020,11:16:22,12,12.85,1563,14.45,1563,0,79713
CONCOR30JAN20560PE.NFO,07/01/2020,11:16:28,12,12.85,1563,14.15,1563,0,79713
CONCOR30JAN20560PE.NFO,07/01/2020,11:16:38,12,12.85,1563,14.5,1563,0,79713
CONCOR30JAN20560PE.NFO,07/01/2020,11:16:42,12,12.85,1563,14.65,1563,0,79713
CONCOR30JAN20560PE.NFO,07/01/2020,11:16:47,12,12.85,1563,14.4,1563,0,79713
CONCOR30JAN20560PE.NFO,07/01/2020,11:16:53,12,12.8,3126,14.65,3126,0,79713
CONCOR30JAN20560PE.NFO,07/01/2020,11:16:59,12,12.8,1563,14.65,7815,0,79713
CONCOR30JAN20560PE.NFO,07/01/2020,11:17:05,12,12.8,1563,14.25,1563,0,79713
CONCOR30JAN20560PE.NFO,07/01/2020,11:17:09,12,12.8,1563,14.65,7815,0,79713
CONCOR30JAN20560PE.NFO,07/01/2020,11:17:14,12,12.8,1563,14.45,1563,0,79713
CONCOR30JAN20560PE.NFO,07/01/2020,11:17:19,12,12.9,1563,14.55,1563,0,79713
CONCOR30JAN20560PE.NFO,07/01/2020,11:17:28,12,12.9,1563,14.25,1563,0,79713
CONCOR30JAN20560PE.NFO,07/01/2020,11:17:39,12,12.85,1563,14.35,1563,0,79713
CONCOR30JAN20560PE.NFO,07/01/2020,11:18:05,12,12.9,1563,14.2,1563,0,79713
CONCOR30JAN20560PE.NFO,07/01/2020,11:18:19,12,12.65,1563,14.35,1563,0,79713
CONCOR30JAN20560PE.NFO,07/01/2020,11:18:23,12,12.75,1563,14.35,1563,0,79713
CONCOR30JAN20560PE.NFO,07/01/2020,11:18:28,12,12.75,1563,14.3,1563,0,79713
CONCOR30JAN20560PE.NFO,07/01/2020,11:18:33,12,12.65,1563,13.8,1563,0,79713
CONCOR30JAN20560PE.NFO,07/01/2020,11:18:38,12,12.65,1563,13.7,1563,0,79713
CONCOR30JAN20560PE.NFO,07/01/2020,11:18:45,12,12.7,1563,13.7,1563,0,79713
CONCOR30JAN20560PE.NFO,07/01/2020,11:18:50,12,12.85,1563,13.75,1563,0,79713
CONCOR30JAN20560PE.NFO,07/01/2020,11:18:56,12,12.7,1563,13.75,1563,0,79713
CONCOR30JAN20560PE.NFO,07/01/2020,11:19:01,12,12.75,1563,13.75,1563,0,79713
CONCOR30JAN20560PE.NFO,07/01/2020,11:19:20,12,12.85,1563,13.75,1563,0,79713
CONCOR30JAN20560PE.NFO,07/01/2020,11:19:28,12,12.75,1563,13.65,1563,0,79713
CONCOR30JAN20560PE.NFO,07/01/2020,11:19:42,12,12.6,1563,13.55,1563,0,79713
CONCOR30JAN20560PE.NFO,07/01/2020,11:19:59,12,12.65,1563,13.55,1563,0,79713
CONCOR30JAN20560PE.NFO,07/01/2020,11:20:02,12,12.7,1563,13.55,1563,0,79713
CONCOR30JAN20560PE.NFO,07/01/2020,11:20:08,12,12.7,1563,13.65,1563,0,79713
CONCOR30JAN20560PE.NFO,07/01/2020,11:20:13,12,12.8,3126,13.65,1563,0,79713
CONCOR30JAN20560PE.NFO,07/01/2020,11:20:27,12,12.8,1563,13.65,1563,0,79713
CONCOR30JAN20560PE.NFO,07/01/2020,11:20:33,12,12.6,1563,13.45,1563,0,79713
CONCOR30JAN20560PE.NFO,07/01/2020,11:20:37,12,12.6,1563,13.55,1563,0,79713
CONCOR30JAN20560PE.NFO,07/01/2020,11:20:48,12,12.6,1563,13.45,1563,0,79713
CONCOR30JAN20560PE.NFO,07/01/2020,11:20:55,12,12.6,1563,13.55,1563,0,79713
CONCOR30JAN20560PE.NFO,07/01/2020,11:21:14,12,12.6,1563,13.45,1563,0,79713
CONCOR30JAN20560PE.NFO,07/01/2020,11:21:18,12,12.55,3126,13.45,1563,0,79713
CONCOR30JAN20560PE.NFO,07/01/2020,11:21:22,12,12.6,1563,13.55,1563,0,79713
CONCOR30JAN20560PE.NFO,07/01/2020,11:21:38,12,12.65,1563,13.55,1563,0,79713
CONCOR30JAN20560PE.NFO,07/01/2020,11:21:43,12,12.55,3126,13.4,1563,0,79713
CONCOR30JAN20560PE.NFO,07/01/2020,11:21:48,12,12.6,1563,13.4,1563,0,79713
CONCOR30JAN20560PE.NFO,07/01/2020,11:21:56,12,12.55,3126,13.4,1563,0,79713
CONCOR30JAN20560PE.NFO,07/01/2020,11:22:04,12,12.6,1563,13.4,1563,0,79713
CONCOR30JAN20560PE.NFO,07/01/2020,11:22:12,12,12.55,1563,13.4,1563,0,79713
CONCOR30JAN20560PE.NFO,07/01/2020,11:22:16,12,12.6,1563,13.4,1563,0,79713
CONCOR30JAN20560PE.NFO,07/01/2020,11:22:24,12,12.55,3126,13.4,1563,0,79713
CONCOR30JAN20560PE.NFO,07/01/2020,11:23:06,12,12.6,1563,13.4,1563,0,79713
CONCOR30JAN20560PE.NFO,07/01/2020,11:23:38,12,12.55,3126,13.4,1563,0,79713
CONCOR30JAN20560PE.NFO,07/01/2020,11:24:23,12,12.55,1563,13.3,1563,0,79713
CONCOR30JAN20560PE.NFO,07/01/2020,11:24:49,12,12.15,3126,13.3,1563,0,79713
CONCOR30JAN20560PE.NFO,07/01/2020,11:24:54,12,12.3,1563,13.3,1563,0,79713
CONCOR30JAN20560PE.NFO,07/01/2020,11:25:12,12,12.3,1563,13.35,1563,0,79713
CONCOR30JAN20560PE.NFO,07/01/2020,11:25:30,12,12.2,1563,13.35,1563,0,79713
CONCOR30JAN20560PE.NFO,07/01/2020,11:25:35,12,12.2,1563,13.25,1563,0,79713
CONCOR30JAN20560PE.NFO,07/01/2020,11:26:20,12,12.2,1563,13.3,1563,0,79713
CONCOR30JAN20560PE.NFO,07/01/2020,11:26:24,12,12.2,1563,13.25,1563,0,79713
CONCOR30JAN20560PE.NFO,07/01/2020,11:26:47,12,12.45,1563,13.45,1563,0,79713
CONCOR30JAN20560PE.NFO,07/01/2020,11:26:51,12,12.5,1563,13.45,1563,0,79713
CONCOR30JAN20560PE.NFO,07/01/2020,11:26:54,12,12.5,1563,13.4,1563,0,79713
CONCOR30JAN20560PE.NFO,07/01/2020,11:27:10,12,12.4,1563,13.45,1563,0,79713
CONCOR30JAN20560PE.NFO,07/01/2020,11:27:22,12,12.4,1563,13.4,1563,0,79713
CONCOR30JAN20560PE.NFO,07/01/2020,11:27:30,12,12.4,1563,13.15,1563,0,79713
CONCOR30JAN20560PE.NFO,07/01/2020,11:27:32,12,12.4,1563,13.1,1563,0,79713
CONCOR30JAN20560PE.NFO,07/01/2020,11:27:54,12,12.35,1563,13.1,1563,0,79713
CONCOR30JAN20560PE.NFO,07/01/2020,11:29:39,12,12.3,3126,13.15,1563,0,79713
CONCOR30JAN20560PE.NFO,07/01/2020,11:29:43,12,12.35,1563,13.1,1563,0,79713
CONCOR30JAN20560PE.NFO,07/01/2020,11:31:02,12,12.35,1563,13.05,1563,0,79713
CONCOR30JAN20560PE.NFO,07/01/2020,11:31:39,12,12.5,1563,13.05,1563,0,79713
CONCOR30JAN20560PE.NFO,07/01/2020,11:31:43,12,12.4,1563,13.05,1563,0,79713
CONCOR30JAN20560PE.NFO,07/01/2020,11:32:35,12,12.4,1563,13.15,1563,0,79713
CONCOR30JAN20560PE.NFO,07/01/2020,11:33:40,12,12.3,1563,13.05,1563,0,79713
CONCOR30JAN20560PE.NFO,07/01/2020,11:33:44,12,12.45,1563,13.05,1563,0,79713
CONCOR30JAN20560PE.NFO,07/01/2020,11:33:48,12,12.4,1563,13.05,1563,0,79713
CONCOR30JAN20560PE.NFO,07/01/2020,11:33:51,12,12.3,1563,13.05,1563,0,79713
CONCOR30JAN20560PE.NFO,07/01/2020,11:34:20,12,12.4,1563,13.05,1563,0,79713
CONCOR30JAN20560PE.NFO,07/01/2020,11:34:26,12,12.3,1563,13.05,1563,0,79713
CONCOR30JAN20560PE.NFO,07/01/2020,11:34:44,12,12.35,1563,13.05,1563,0,79713
CONCOR30JAN20560PE.NFO,07/01/2020,11:35:06,12,12.25,1563,13.05,1563,0,79713
CONCOR30JAN20560PE.NFO,07/01/2020,11:35:11,12,12.35,1563,13.05,1563,0,79713
CONCOR30JAN20560PE.NFO,07/01/2020,11:36:57,12,12.4,1563,13.15,1563,0,79713
CONCOR30JAN20560PE.NFO,07/01/2020,11:38:13,12,12.5,1563,13.25,1563,0,79713
CONCOR30JAN20560PE.NFO,07/01/2020,11:38:42,12,12.7,1563,13.35,1563,0,79713
CONCOR30JAN20560PE.NFO,07/01/2020,11:38:46,12,12.85,1563,13.6,1563,0,79713
CONCOR30JAN20560PE.NFO,07/01/2020,11:39:34,12,12.9,1563,13.5,1563,0,79713
CONCOR30JAN20560PE.NFO,07/01/2020,11:39:38,12,12.8,1563,13.5,1563,0,79713
CONCOR30JAN20560PE.NFO,07/01/2020,11:39:52,12,12.95,1563,13.6,1563,0,79713
CONCOR30JAN20560PE.NFO,07/01/2020,11:40:05,12,12.95,3126,13.7,1563,0,79713
CONCOR30JAN20560PE.NFO,07/01/2020,11:40:21,12,13,1563,13.7,1563,0,79713
CONCOR30JAN20560PE.NFO,07/01/2020,11:40:37,12,12.95,1563,13.7,3126,0,79713
CONCOR30JAN20560PE.NFO,07/01/2020,11:42:23,12,12.95,1563,13.65,1563,0,79713
CONCOR30JAN20560PE.NFO,07/01/2020,11:44:24,12,13,1563,13.7,1563,0,79713
CONCOR30JAN20560PE.NFO,07/01/2020,11:47:12,12,13,1563,14.05,1563,0,79713
CONCOR30JAN20560PE.NFO,07/01/2020,11:47:27,12,12.95,1563,14.05,1563,0,79713
CONCOR30JAN20560PE.NFO,07/01/2020,11:48:12,12,13,1563,14.05,1563,0,79713
CONCOR30JAN20560PE.NFO,07/01/2020,11:49:48,12,13,1563,14.15,1563,0,79713
CONCOR30JAN20560PE.NFO,07/01/2020,11:49:51,12,13.25,1563,14.15,1563,0,79713
CONCOR30JAN20560PE.NFO,07/01/2020,11:49:53,12,13.2,1563,14.25,1563,0,79713
CONCOR30JAN20560PE.NFO,07/01/2020,11:51:34,12,13.2,1563,14.2,3126,0,79713
CONCOR30JAN20560PE.NFO,07/01/2020,11:54:54,12,13.2,1563,14.3,3126,0,79713
CONCOR30JAN20560PE.NFO,07/01/2020,11:54:59,12,13.45,1563,14.4,1563,0,79713
CONCOR30JAN20560PE.NFO,07/01/2020,11:55:03,12,13.45,1563,14.55,3126,0,79713
CONCOR30JAN20560PE.NFO,07/01/2020,11:55:23,12,13.45,1563,14.5,1563,0,79713
CONCOR30JAN20560PE.NFO,07/01/2020,11:55:28,12,13.4,1563,14.5,1563,0,79713
CONCOR30JAN20560PE.NFO,07/01/2020,11:55:32,12,13.55,1563,14.5,1563,0,79713
CONCOR30JAN20560PE.NFO,07/01/2020,11:55:48,12,13.55,1563,14.55,3126,0,79713
CONCOR30JAN20560PE.NFO,07/01/2020,11:55:55,12,13.55,1563,14.5,1563,0,79713
CONCOR30JAN20560PE.NFO,07/01/2020,11:56:24,12,13.55,1563,14.55,3126,0,79713
CONCOR30JAN20560PE.NFO,07/01/2020,11:56:42,12,13.5,1563,14.55,1563,0,79713
CONCOR30JAN20560PE.NFO,07/01/2020,11:56:44,12,13.55,1563,14.55,3126,0,79713
CONCOR30JAN20560PE.NFO,07/01/2020,11:57:21,12,13.55,1563,14.5,1563,0,79713
CONCOR30JAN20560PE.NFO,07/01/2020,11:57:52,12,13.65,1563,14.8,3126,0,79713
CONCOR30JAN20560PE.NFO,07/01/2020,11:57:58,12,13.6,1563,14.8,3126,0,79713
CONCOR30JAN20560PE.NFO,07/01/2020,11:58:46,12,13.6,1563,14.7,1563,0,79713
CONCOR30JAN20560PE.NFO,07/01/2020,11:58:50,12,13.45,3126,14.7,3126,0,79713
CONCOR30JAN20560PE.NFO,07/01/2020,11:58:53,12,13.6,1563,14.7,3126,0,79713
CONCOR30JAN20560PE.NFO,07/01/2020,11:58:59,12,13.6,1563,14.6,3126,0,79713
CONCOR30JAN20560PE.NFO,07/01/2020,11:59:07,12,13.6,1563,14.5,3126,0,79713
CONCOR30JAN20560PE.NFO,07/01/2020,11:59:14,12,13.5,1563,14.55,3126,0,79713
CONCOR30JAN20560PE.NFO,07/01/2020,11:59:17,12,13.5,1563,14.45,3126,0,79713
CONCOR30JAN20560PE.NFO,07/01/2020,11:59:19,12,13.5,1563,14.55,3126,0,79713
CONCOR30JAN20560PE.NFO,07/01/2020,11:59:26,12,13.5,1563,14.45,3126,0,79713
CONCOR30JAN20560PE.NFO,07/01/2020,11:59:34,12,13.5,1563,14.65,3126,0,79713
CONCOR30JAN20560PE.NFO,07/01/2020,12:00:56,12,13.4,1563,14.55,3126,0,79713
CONCOR30JAN20560PE.NFO,07/01/2020,12:01:19,12,13.4,1563,14.55,1563,0,79713
CONCOR30JAN20560PE.NFO,07/01/2020,12:01:44,12,13.5,3126,14.7,1563,0,79713
CONCOR30JAN20560PE.NFO,07/01/2020,12:01:51,12,13.55,1563,14.7,1563,0,79713
CONCOR30JAN20560PE.NFO,07/01/2020,12:02:22,12,13.7,1563,14.7,1563,0,79713
CONCOR30JAN20560PE.NFO,07/01/2020,12:02:35,12,13.6,1563,14.7,1563,0,79713
CONCOR30JAN20560PE.NFO,07/01/2020,12:02:41,12,13.5,1563,14.7,1563,0,79713
CONCOR30JAN20560PE.NFO,07/01/2020,12:02:47,12,13.65,1563,14.65,1563,0,79713
CONCOR30JAN20560PE.NFO,07/01/2020,12:03:00,12,13.8,1563,14.65,1563,0,79713
CONCOR30JAN20560PE.NFO,07/01/2020,12:03:04,12,13.65,1563,14.65,1563,0,79713
CONCOR30JAN20560PE.NFO,07/01/2020,12:03:08,12,13.75,1563,14.65,1563,0,79713
CONCOR30JAN20560PE.NFO,07/01/2020,12:03:12,12,13.65,1563,14.65,1563,0,79713
CONCOR30JAN20560PE.NFO,07/01/2020,12:03:16,12,13.75,1563,14.65,1563,0,79713
CONCOR30JAN20560PE.NFO,07/01/2020,12:03:20,12,13.8,1563,14.65,1563,0,79713
CONCOR30JAN20560PE.NFO,07/01/2020,12:03:23,12,13.65,1563,14.65,1563,0,79713
CONCOR30JAN20560PE.NFO,07/01/2020,12:03:27,12,13.75,1563,14.75,1563,0,79713
CONCOR30JAN20560PE.NFO,07/01/2020,12:03:31,12,13.8,1563,14.75,1563,0,79713
CONCOR30JAN20560PE.NFO,07/01/2020,12:03:34,12,13.75,1563,14.75,1563,0,79713
CONCOR30JAN20560PE.NFO,07/01/2020,12:03:37,12,13.65,1563,14.75,1563,0,79713
CONCOR30JAN20560PE.NFO,07/01/2020,12:03:40,12,13.8,1563,14.75,1563,0,79713
CONCOR30JAN20560PE.NFO,07/01/2020,12:03:43,12,13.75,1563,14.75,1563,0,79713
CONCOR30JAN20560PE.NFO,07/01/2020,12:03:46,12,13.8,1563,14.75,1563,0,79713
CONCOR30JAN20560PE.NFO,07/01/2020,12:03:49,12,13.75,1563,14.75,1563,0,79713
CONCOR30JAN20560PE.NFO,07/01/2020,12:03:53,12,13.8,1563,14.75,1563,0,79713
CONCOR30JAN20560PE.NFO,07/01/2020,12:03:56,12,13.75,1563,14.75,1563,0,79713
CONCOR30JAN20560PE.NFO,07/01/2020,12:03:59,12,13.8,1563,14.75,1563,0,79713
CONCOR30JAN20560PE.NFO,07/01/2020,12:04:02,12,13.75,1563,14.75,1563,0,79713
CONCOR30JAN20560PE.NFO,07/01/2020,12:04:05,12,13.8,1563,14.75,1563,0,79713
CONCOR30JAN20560PE.NFO,07/01/2020,12:04:07,12,13.75,1563,14.75,1563,0,79713
CONCOR30JAN20560PE.NFO,07/01/2020,12:04:14,12,13.8,1563,14.75,1563,0,79713
CONCOR30JAN20560PE.NFO,07/01/2020,12:04:23,12,13.65,1563,14.75,1563,0,79713
CONCOR30JAN20560PE.NFO,07/01/2020,12:04:27,12,13.75,1563,14.75,1563,0,79713
CONCOR30JAN20560PE.NFO,07/01/2020,12:04:30,12,13.8,1563,14.75,1563,0,79713
CONCOR30JAN20560PE.NFO,07/01/2020,12:04:32,12,13.75,1563,14.75,1563,0,79713
CONCOR30JAN20560PE.NFO,07/01/2020,12:04:35,12,13.65,1563,14.75,1563,0,79713
CONCOR30JAN20560PE.NFO,07/01/2020,12:04:38,12,13.65,1563,14.65,1563,0,79713
CONCOR30JAN20560PE.NFO,07/01/2020,12:04:41,12,13.75,1563,14.65,1563,0,79713
CONCOR30JAN20560PE.NFO,07/01/2020,12:04:44,12,13.8,1563,14.65,1563,0,79713
CONCOR30JAN20560PE.NFO,07/01/2020,12:04:47,12,13.75,1563,14.65,1563,0,79713
CONCOR30JAN20560PE.NFO,07/01/2020,12:04:49,12,13.8,1563,14.65,1563,0,79713
CONCOR30JAN20560PE.NFO,07/01/2020,12:04:58,12,13.8,1563,14.75,1563,0,79713
CONCOR30JAN20560PE.NFO,07/01/2020,12:05:00,12,13.75,1563,14.75,1563,0,79713
CONCOR30JAN20560PE.NFO,07/01/2020,12:05:03,12,13.8,1563,14.75,1563,0,79713
CONCOR30JAN20560PE.NFO,07/01/2020,12:05:08,12,13.65,1563,14.75,1563,0,79713
CONCOR30JAN20560PE.NFO,07/01/2020,12:05:12,12,13.75,1563,14.75,1563,0,79713
CONCOR30JAN20560PE.NFO,07/01/2020,12:05:15,12,13.8,1563,14.75,1563,0,79713
CONCOR30JAN20560PE.NFO,07/01/2020,12:05:20,12,13.75,1563,14.75,1563,0,79713
CONCOR30JAN20560PE.NFO,07/01/2020,12:05:24,12,13.8,1563,14.75,1563,0,79713
CONCOR30JAN20560PE.NFO,07/01/2020,12:05:26,12,13.75,1563,14.75,1563,0,79713
CONCOR30JAN20560PE.NFO,07/01/2020,12:05:30,12,13.8,1563,14.75,1563,0,79713
CONCOR30JAN20560PE.NFO,07/01/2020,12:05:46,12,13.75,1563,14.75,1563,0,79713
CONCOR30JAN20560PE.NFO,07/01/2020,12:06:28,12,13.7,1563,14.75,1563,0,79713
CONCOR30JAN20560PE.NFO,07/01/2020,12:06:48,12,13.7,1563,14.85,1563,0,79713
CONCOR30JAN20560PE.NFO,07/01/2020,12:07:02,12,13.7,1563,14.75,1563,0,79713
CONCOR30JAN20560PE.NFO,07/01/2020,12:08:30,12,13.7,1563,14.65,1563,0,79713
CONCOR30JAN20560PE.NFO,07/01/2020,12:08:57,12,13.7,1563,14.75,1563,0,79713
CONCOR30JAN20560PE.NFO,07/01/2020,12:10:31,12,13.7,1563,14.7,1563,0,79713
CONCOR30JAN20560PE.NFO,07/01/2020,12:10:58,12,13.7,1563,14.6,1563,0,79713
CONCOR30JAN20560PE.NFO,07/01/2020,12:12:21,12,13.7,1563,14.8,1563,0,79713
CONCOR30JAN20560PE.NFO,07/01/2020,12:12:50,12,13.7,1563,14.7,1563,0,79713
CONCOR30JAN20560PE.NFO,07/01/2020,12:12:57,12,13.7,1563,14.8,1563,0,79713
CONCOR30JAN20560PE.NFO,07/01/2020,12:13:34,12,13.7,1563,14.7,1563,0,79713
CONCOR30JAN20560PE.NFO,07/01/2020,12:14:16,12,13.7,1563,14.8,1563,0,79713
CONCOR30JAN20560PE.NFO,07/01/2020,12:15:39,12,13.7,1563,15.65,1563,0,79713
CONCOR30JAN20560PE.NFO,07/01/2020,12:15:49,12,13.7,1563,15.65,3126,0,79713
CONCOR30JAN20560PE.NFO,07/01/2020,12:15:52,12,13.7,1563,15.65,1563,0,79713
CONCOR30JAN20560PE.NFO,07/01/2020,12:16:23,12,13.7,1563,15.7,14067,0,79713
CONCOR30JAN20560PE.NFO,07/01/2020,12:16:30,12,13.7,1563,15.65,12504,0,79713
CONCOR30JAN20560PE.NFO,07/01/2020,12:16:33,12,13.7,1563,15.5,3126,0,79713
CONCOR30JAN20560PE.NFO,07/01/2020,12:18:12,12,13.7,1563,15.5,15630,0,79713
CONCOR30JAN20560PE.NFO,07/01/2020,12:18:26,12,13.7,1563,15.5,3126,0,79713
CONCOR30JAN20560PE.NFO,07/01/2020,12:19:03,12,13.65,3126,15.5,3126,0,79713
CONCOR30JAN20560PE.NFO,07/01/2020,12:19:07,12,13.65,3126,15.5,14067,0,79713
CONCOR30JAN20560PE.NFO,07/01/2020,12:19:12,12,13.65,3126,15.5,15630,0,79713
CONCOR30JAN20560PE.NFO,07/01/2020,12:19:26,12,13.65,3126,15.45,12504,0,79713
CONCOR30JAN20560PE.NFO,07/01/2020,12:19:28,12,13.65,3126,15.5,4689,0,79713
CONCOR30JAN20560PE.NFO,07/01/2020,12:19:32,12,13.4,1563,15.5,20319,0,79713
CONCOR30JAN20560PE.NFO,07/01/2020,12:19:35,12,13.4,1563,15.5,17193,0,79713
CONCOR30JAN20560PE.NFO,07/01/2020,12:19:45,12,13.4,1563,15.5,14067,0,79713
CONCOR30JAN20560PE.NFO,07/01/2020,12:19:56,12,13.4,1563,15.5,17193,0,79713
CONCOR30JAN20560PE.NFO,07/01/2020,12:20:30,12,13.4,1563,15.5,14067,0,79713
CONCOR30JAN20560PE.NFO,07/01/2020,12:20:33,12,13.4,1563,15.5,12504,0,79713
CONCOR30JAN20560PE.NFO,07/01/2020,12:20:35,12,13.65,1563,15.7,12504,0,79713
CONCOR30JAN20560PE.NFO,07/01/2020,12:20:37,12,13.7,3126,15.7,3126,0,79713
CONCOR30JAN20560PE.NFO,07/01/2020,12:20:39,12,14.05,1563,16.95,1563,0,79713
CONCOR30JAN20560PE.NFO,07/01/2020,12:20:41,12,13.95,1563,16.5,1563,0,79713
CONCOR30JAN20560PE.NFO,07/01/2020,12:20:44,12,13.95,1563,16.8,1563,0,79713
CONCOR30JAN20560PE.NFO,07/01/2020,12:20:46,12,13.95,1563,16.55,1563,0,79713
CONCOR30JAN20560PE.NFO,07/01/2020,12:20:49,12,14.25,1563,16.85,1563,0,79713
CONCOR30JAN20560PE.NFO,07/01/2020,12:20:52,12,14.25,1563,16.75,1563,0,79713
CONCOR30JAN20560PE.NFO,07/01/2020,12:20:55,12,14.25,3126,16.85,1563,0,79713
CONCOR30JAN20560PE.NFO,07/01/2020,12:20:59,12,14.3,1563,16.9,1563,0,79713
CONCOR30JAN20560PE.NFO,07/01/2020,12:21:03,12,14.55,1563,16.9,1563,0,79713
CONCOR30JAN20560PE.NFO,07/01/2020,12:21:06,12,14.2,1563,16.7,1563,0,79713
CONCOR30JAN20560PE.NFO,07/01/2020,12:21:08,12,14.3,1563,16.75,1563,0,79713
CONCOR30JAN20560PE.NFO,07/01/2020,12:21:13,12,14.3,1563,17,1563,0,79713
CONCOR30JAN20560PE.NFO,07/01/2020,12:21:16,12,14.3,1563,16.8,1563,0,79713
CONCOR30JAN20560PE.NFO,07/01/2020,12:21:24,12,14.55,1563,16.95,1563,0,79713
CONCOR30JAN20560PE.NFO,07/01/2020,12:21:27,12,14.35,4689,17.35,1563,0,79713
CONCOR30JAN20560PE.NFO,07/01/2020,12:21:29,12,14.35,4689,16.8,1563,0,79713
CONCOR30JAN20560PE.NFO,07/01/2020,12:21:39,12,14.35,4689,17,1563,0,79713
CONCOR30JAN20560PE.NFO,07/01/2020,12:21:41,12,14.35,4689,16.8,1563,0,79713
CONCOR30JAN20560PE.NFO,07/01/2020,12:21:43,12,14.5,1563,16.8,1563,0,79713
CONCOR30JAN20560PE.NFO,07/01/2020,12:21:45,12,14.5,4689,16.85,1563,0,79713
CONCOR30JAN20560PE.NFO,07/01/2020,12:21:48,12,14.5,4689,17,1563,0,79713
CONCOR30JAN20560PE.NFO,07/01/2020,12:21:50,12,14.5,4689,16.8,1563,0,79713
CONCOR30JAN20560PE.NFO,07/01/2020,12:21:54,12,14.5,1563,16.8,1563,0,79713
CONCOR30JAN20560PE.NFO,07/01/2020,12:21:57,12,14.5,1563,16.6,1563,0,79713
CONCOR30JAN20560PE.NFO,07/01/2020,12:22:00,12,14.6,1563,16.8,1563,0,79713
CONCOR30JAN20560PE.NFO,07/01/2020,12:22:12,12,14.5,1563,16.8,1563,0,79713
CONCOR30JAN20560PE.NFO,07/01/2020,12:22:14,12,14.5,1563,16.95,1563,0,79713
CONCOR30JAN20560PE.NFO,07/01/2020,12:22:17,12,14.5,1563,16.75,1563,0,79713
CONCOR30JAN20560PE.NFO,07/01/2020,12:22:19,12,14.5,1563,16.85,1563,0,79713
CONCOR30JAN20560PE.NFO,07/01/2020,12:22:20,12,14.5,1563,16.7,1563,0,79713
CONCOR30JAN20560PE.NFO,07/01/2020,12:22:23,12,14.5,1563,16.65,1563,0,79713
CONCOR30JAN20560PE.NFO,07/01/2020,12:22:25,12,14.5,1563,16.75,1563,0,79713
CONCOR30JAN20560PE.NFO,07/01/2020,12:22:30,12,14.45,1563,16.75,1563,0,79713
CONCOR30JAN20560PE.NFO,07/01/2020,12:22:35,12,14.45,1563,16.9,1563,0,79713
CONCOR30JAN20560PE.NFO,07/01/2020,12:22:38,12,14.5,1563,16.8,1563,0,79713
CONCOR30JAN20560PE.NFO,07/01/2020,12:22:40,12,14.5,1563,16.9,1563,0,79713
CONCOR30JAN20560PE.NFO,07/01/2020,12:22:42,12,14.5,1563,17,1563,0,79713
CONCOR30JAN20560PE.NFO,07/01/2020,12:22:44,12,14.5,1563,16.7,1563,0,79713
CONCOR30JAN20560PE.NFO,07/01/2020,12:22:47,12,14.5,1563,16.9,1563,0,79713
CONCOR30JAN20560PE.NFO,07/01/2020,12:22:52,12,14.5,1563,16.8,1563,0,79713
CONCOR30JAN20560PE.NFO,07/01/2020,12:22:58,12,14.5,1563,16.9,1563,0,79713
CONCOR30JAN20560PE.NFO,07/01/2020,12:23:08,12,14.5,1563,16.8,1563,0,79713
CONCOR30JAN20560PE.NFO,07/01/2020,12:23:11,12,14.5,1563,16.9,1563,0,79713
CONCOR30JAN20560PE.NFO,07/01/2020,12:23:23,12,14.5,1563,16.8,1563,0,79713
CONCOR30JAN20560PE.NFO,07/01/2020,12:23:36,12,14.5,1563,16.9,1563,0,79713
CONCOR30JAN20560PE.NFO,07/01/2020,12:23:43,12,14.5,1563,16.85,1563,0,79713
CONCOR30JAN20560PE.NFO,07/01/2020,12:23:46,12,14.5,1563,16.7,1563,0,79713
CONCOR30JAN20560PE.NFO,07/01/2020,12:23:48,12,14.55,1563,16.8,1563,0,79713
CONCOR30JAN20560PE.NFO,07/01/2020,12:23:50,12,14.55,1563,16.9,1563,0,79713
CONCOR30JAN20560PE.NFO,07/01/2020,12:23:52,12,14.5,1563,16.7,1563,0,79713
CONCOR30JAN20560PE.NFO,07/01/2020,12:23:54,12,14.5,1563,16.8,1563,0,79713
CONCOR30JAN20560PE.NFO,07/01/2020,12:23:57,12,14.55,1563,16.8,1563,0,79713
CONCOR30JAN20560PE.NFO,07/01/2020,12:23:59,12,14.5,1563,16.8,1563,0,79713
CONCOR30JAN20560PE.NFO,07/01/2020,12:24:02,12,13.9,4689,16.5,1563,0,79713
CONCOR30JAN20560PE.NFO,07/01/2020,12:24:04,12,14.05,1563,16.5,1563,0,79713
CONCOR30JAN20560PE.NFO,07/01/2020,12:24:06,12,14.1,1563,16.5,1563,0,79713
CONCOR30JAN20560PE.NFO,07/01/2020,12:24:12,12,14.1,1563,16.2,1563,0,79713
CONCOR30JAN20560PE.NFO,07/01/2020,12:24:17,12,14.05,1563,16.2,1563,0,79713
CONCOR30JAN20560PE.NFO,07/01/2020,12:24:21,12,14,1563,16.2,1563,0,79713
CONCOR30JAN20560PE.NFO,07/01/2020,12:25:22,12,14,1563,16.35,1563,0,79713
CONCOR30JAN20560PE.NFO,07/01/2020,12:25:29,12,14,1563,16.05,4689,0,79713
CONCOR30JAN20560PE.NFO,07/01/2020,12:25:31,12,14,1563,16.35,1563,0,79713
CONCOR30JAN20560PE.NFO,07/01/2020,12:25:37,12,13.95,1563,16.35,1563,0,79713
CONCOR30JAN20560PE.NFO,07/01/2020,12:25:53,12,14.2,1563,16.75,1563,0,79713
CONCOR30JAN20560PE.NFO,07/01/2020,12:25:57,12,14.25,1563,16.25,1563,0,79713
CONCOR30JAN20560PE.NFO,07/01/2020,12:26:03,12,14.25,1563,16.35,1563,0,79713
CONCOR30JAN20560PE.NFO,07/01/2020,12:26:09,12,14.2,1563,16.35,1563,0,79713
CONCOR30JAN20560PE.NFO,07/01/2020,12:26:13,12,14.2,1563,16.45,1563,0,79713
CONCOR30JAN20560PE.NFO,07/01/2020,12:26:17,12,14.25,1563,16.45,1563,0,79713
CONCOR30JAN20560PE.NFO,07/01/2020,12:26:19,12,14.2,1563,16.45,1563,0,79713
CONCOR30JAN20560PE.NFO,07/01/2020,12:26:24,12,14.25,1563,16.45,1563,0,79713
CONCOR30JAN20560PE.NFO,07/01/2020,12:26:26,12,14.2,1563,15.95,1563,0,79713
CONCOR30JAN20560PE.NFO,07/01/2020,12:26:29,12,14.2,1563,15.65,3126,0,79713
CONCOR30JAN20560PE.NFO,07/01/2020,12:26:33,12,14.2,1563,15.75,3126,0,79713
CONCOR30JAN20560PE.NFO,07/01/2020,12:26:36,12,14.25,1563,15.75,3126,0,79713
CONCOR30JAN20560PE.NFO,07/01/2020,12:26:39,12,14.25,1563,15.8,1563,0,79713
CONCOR30JAN20560PE.NFO,07/01/2020,12:26:42,12,14.2,1563,16.15,1563,0,79713
CONCOR30JAN20560PE.NFO,07/01/2020,12:26:44,12,14.2,1563,15.6,1563,0,79713
CONCOR30JAN20560PE.NFO,07/01/2020,12:26:48,12,14.2,1563,15.55,1563,0,79713
CONCOR30JAN20560PE.NFO,07/01/2020,12:26:50,12,14.2,1563,15.6,1563,0,79713
CONCOR30JAN20560PE.NFO,07/01/2020,12:26:52,12,14.2,1563,15.55,1563,0,79713
CONCOR30JAN20560PE.NFO,07/01/2020,12:26:55,12,14.2,1563,15.6,1563,0,79713
CONCOR30JAN20560PE.NFO,07/01/2020,12:27:00,12,14.2,1563,15.65,1563,0,79713
CONCOR30JAN20560PE.NFO,07/01/2020,12:27:09,12,14.2,1563,15.7,1563,0,79713
CONCOR30JAN20560PE.NFO,07/01/2020,12:27:12,12,14.2,1563,15.6,1563,0,79713
CONCOR30JAN20560PE.NFO,07/01/2020,12:27:12,12,14.2,1563,15.8,1563,0,79713
CONCOR30JAN20560PE.NFO,07/01/2020,12:27:13,12,14.2,1563,15.6,1563,0,79713
CONCOR30JAN20560PE.NFO,07/01/2020,12:27:16,12,14.2,1563,15.75,1563,0,79713
CONCOR30JAN20560PE.NFO,07/01/2020,12:27:16,12,14.2,1563,15.65,1563,0,79713
CONCOR30JAN20560PE.NFO,07/01/2020,12:27:21,12,14.2,1563,15.6,1563,0,79713
CONCOR30JAN20560PE.NFO,07/01/2020,12:27:23,12,14.2,1563,15.8,1563,0,79713
CONCOR30JAN20560PE.NFO,07/01/2020,12:27:23,12,14.2,1563,15.75,1563,0,79713
CONCOR30JAN20560PE.NFO,07/01/2020,12:27:24,12,14.2,1563,15.8,3126,0,79713
CONCOR30JAN20560PE.NFO,07/01/2020,12:27:25,12,14.2,1563,15.7,1563,0,79713
CONCOR30JAN20560PE.NFO,07/01/2020,12:27:28,12,14.2,1563,15.65,1563,0,79713
CONCOR30JAN20560PE.NFO,07/01/2020,12:27:29,12,14.2,1563,15.6,1563,0,79713
CONCOR30JAN20560PE.NFO,07/01/2020,12:27:30,12,14.2,1563,15.85,1563,0,79713
CONCOR30JAN20560PE.NFO,07/01/2020,12:27:31,12,14.2,1563,15.75,1563,0,79713
CONCOR30JAN20560PE.NFO,07/01/2020,12:27:33,12,14.2,1563,15.85,1563,0,79713
CONCOR30JAN20560PE.NFO,07/01/2020,12:27:36,12,14.2,1563,15.8,1563,0,79713
CONCOR30JAN20560PE.NFO,07/01/2020,12:27:37,12,14.2,1563,15.75,1563,0,79713
CONCOR30JAN20560PE.NFO,07/01/2020,12:27:38,12,14.2,1563,15.7,1563,0,79713
CONCOR30JAN20560PE.NFO,07/01/2020,12:27:43,12,14.2,1563,15.65,1563,0,79713
CONCOR30JAN20560PE.NFO,07/01/2020,12:27:48,12,14.2,1563,15.75,1563,0,79713
CONCOR30JAN20560PE.NFO,07/01/2020,12:27:52,12,14.25,1563,15.75,1563,0,79713
CONCOR30JAN20560PE.NFO,07/01/2020,12:27:52,12,14.25,1563,15.65,1563,0,79713
CONCOR30JAN20560PE.NFO,07/01/2020,12:27:53,12,14.25,1563,15.6,1563,0,79713
CONCOR30JAN20560PE.NFO,07/01/2020,12:27:57,12,14.2,1563,15.6,1563,0,79713
CONCOR30JAN20560PE.NFO,07/01/2020,12:27:57,12,14.2,1563,15.8,1563,0,79713
CONCOR30JAN20560PE.NFO,07/01/2020,12:27:58,12,14.2,1563,15.7,1563,0,79713
CONCOR30JAN20560PE.NFO,07/01/2020,12:28:05,12,14.2,3126,15.7,1563,0,79713
CONCOR30JAN20560PE.NFO,07/01/2020,12:28:09,12,14.2,3126,15.6,1563,0,79713
CONCOR30JAN20560PE.NFO,07/01/2020,12:28:11,12,14.2,3126,15.8,1563,0,79713
CONCOR30JAN20560PE.NFO,07/01/2020,12:28:13,12,14.2,3126,15.75,1563,0,79713
CONCOR30JAN20560PE.NFO,07/01/2020,12:28:14,12,14.2,3126,15.65,1563,0,79713
CONCOR30JAN20560PE.NFO,07/01/2020,12:28:14,12,14.2,3126,15.85,1563,0,79713
CONCOR30JAN20560PE.NFO,07/01/2020,12:28:15,12,14.2,3126,15.8,3126,0,79713
CONCOR30JAN20560PE.NFO,07/01/2020,12:28:17,12,14.2,3126,15.85,1563,0,79713
CONCOR30JAN20560PE.NFO,07/01/2020,12:28:17,12,14.2,3126,15.8,3126,0,79713
CONCOR30JAN20560PE.NFO,07/01/2020,12:28:18,12,14.2,3126,15.85,1563,0,79713
CONCOR30JAN20560PE.NFO,07/01/2020,12:28:23,12,14.2,3126,15.8,1563,0,79713
CONCOR30JAN20560PE.NFO,07/01/2020,12:28:23,12,14.2,3126,15.85,1563,0,79713
CONCOR30JAN20560PE.NFO,07/01/2020,12:28:24,12,14.2,3126,15.75,1563,0,79713
CONCOR30JAN20560PE.NFO,07/01/2020,12:28:26,12,14.2,3126,15.8,1563,0,79713
CONCOR30JAN20560PE.NFO,07/01/2020,12:28:26,12,14.2,3126,15.85,1563,0,79713
CONCOR30JAN20560PE.NFO,07/01/2020,12:28:28,12,14.2,3126,15.7,1563,0,79713
CONCOR30JAN20560PE.NFO,07/01/2020,12:28:33,12,14.2,3126,15.65,1563,0,79713
CONCOR30JAN20560PE.NFO,07/01/2020,12:28:33,12,14.25,1563,15.85,1563,0,79713
CONCOR30JAN20560PE.NFO,07/01/2020,12:28:35,12,14.3,1563,15.85,1563,0,79713
CONCOR30JAN20560PE.NFO,07/01/2020,12:28:36,12,14.3,1563,15.8,1563,0,79713
CONCOR30JAN20560PE.NFO,07/01/2020,12:28:38,12,14.35,1563,15.8,1563,0,79713
CONCOR30JAN20560PE.NFO,07/01/2020,12:28:39,12,14.35,1563,15.85,1563,0,79713
CONCOR30JAN20560PE.NFO,07/01/2020,12:28:41,12,14.35,1563,15.8,1563,0,79713
CONCOR30JAN20560PE.NFO,07/01/2020,12:28:42,12,14.35,1563,15.85,1563,0,79713
CONCOR30JAN20560PE.NFO,07/01/2020,12:28:44,12,14.35,1563,15.75,1563,0,79713
CONCOR30JAN20560PE.NFO,07/01/2020,12:28:48,12,14.35,1563,15.7,1563,0,79713
CONCOR30JAN20560PE.NFO,07/01/2020,12:28:48,12,14.35,1563,15.85,1563,0,79713
CONCOR30JAN20560PE.NFO,07/01/2020,12:28:53,12,14.35,1563,15.8,1563,0,79713
CONCOR30JAN20560PE.NFO,07/01/2020,12:28:53,12,14.35,1563,15.85,1563,0,79713
CONCOR30JAN20560PE.NFO,07/01/2020,12:28:55,12,14.5,1563,15.75,1563,0,79713
CONCOR30JAN20560PE.NFO,07/01/2020,12:28:56,12,14.5,1563,15.8,1563,0,79713
CONCOR30JAN20560PE.NFO,07/01/2020,12:29:02,12,14.5,1563,15.85,3126,0,79713
CONCOR30JAN20560PE.NFO,07/01/2020,12:29:03,12,14.5,1563,15.7,1563,0,79713
CONCOR30JAN20560PE.NFO,07/01/2020,12:29:04,12,14.45,1563,15.65,1563,0,79713
CONCOR30JAN20560PE.NFO,07/01/2020,12:29:05,12,14.45,1563,15.6,1563,0,79713
CONCOR30JAN20560PE.NFO,07/01/2020,12:29:08,12,14.45,1563,15.55,1563,0,79713
CONCOR30JAN20560PE.NFO,07/01/2020,12:29:13,12,14.5,1563,15.8,1563,0,79713
CONCOR30JAN20560PE.NFO,07/01/2020,12:29:16,12,14.45,1563,15.8,1563,0,79713
CONCOR30JAN20560PE.NFO,07/01/2020,12:29:28,12,14.45,1563,15.7,1563,0,79713
CONCOR30JAN20560PE.NFO,07/01/2020,12:29:29,12,14.45,1563,15.85,1563,0,79713
CONCOR30JAN20560PE.NFO,07/01/2020,12:29:30,12,14.45,1563,15.85,3126,0,79713
CONCOR30JAN20560PE.NFO,07/01/2020,12:29:32,12,14.45,1563,15.8,1563,0,79713
CONCOR30JAN20560PE.NFO,07/01/2020,12:29:35,12,14.45,1563,15.85,3126,0,79713
CONCOR30JAN20560PE.NFO,07/01/2020,12:29:36,12,14.45,1563,15.75,1563,0,79713
CONCOR30JAN20560PE.NFO,07/01/2020,12:29:38,12,14.45,1563,15.65,1563,0,79713
CONCOR30JAN20560PE.NFO,07/01/2020,12:29:40,12,14.45,1563,15.9,1563,0,79713
CONCOR30JAN20560PE.NFO,07/01/2020,12:29:42,12,14.45,1563,15.8,1563,0,79713
CONCOR30JAN20560PE.NFO,07/01/2020,12:29:43,12,14.45,1563,15.85,1563,0,79713
CONCOR30JAN20560PE.NFO,07/01/2020,12:29:47,12,14.45,1563,15.8,1563,0,79713
CONCOR30JAN20560PE.NFO,07/01/2020,12:29:48,12,14.45,1563,15.9,1563,0,79713
CONCOR30JAN20560PE.NFO,07/01/2020,12:29:50,12,14.45,1563,15.85,1563,0,79713
CONCOR30JAN20560PE.NFO,07/01/2020,12:29:51,12,14.45,1563,15.9,1563,0,79713
CONCOR30JAN20560PE.NFO,07/01/2020,12:29:51,12,14.45,1563,15.95,1563,0,79713
CONCOR30JAN20560PE.NFO,07/01/2020,12:29:52,12,14.45,1563,15.9,1563,0,79713
CONCOR30JAN20560PE.NFO,07/01/2020,12:29:53,12,14.45,1563,15.85,1563,0,79713
CONCOR30JAN20560PE.NFO,07/01/2020,12:29:58,12,14.45,1563,15.9,1563,0,79713
CONCOR30JAN20560PE.NFO,07/01/2020,12:29:59,12,14.45,1563,15.85,3126,0,79713
CONCOR30JAN20560PE.NFO,07/01/2020,12:30:01,12,14.45,1563,15.8,1563,0,79713
CONCOR30JAN20560PE.NFO,07/01/2020,12:30:02,12,14.45,1563,15.85,3126,0,79713
CONCOR30JAN20560PE.NFO,07/01/2020,12:30:04,12,14.45,1563,15.65,1563,0,79713
CONCOR30JAN20560PE.NFO,07/01/2020,12:30:06,12,14.45,1563,15.9,1563,0,79713
CONCOR30JAN20560PE.NFO,07/01/2020,12:30:06,12,14.45,1563,15.85,1563,0,79713
CONCOR30JAN20560PE.NFO,07/01/2020,12:30:09,12,14.45,1563,15.9,1563,0,79713
CONCOR30JAN20560PE.NFO,07/01/2020,12:30:11,12,14.45,1563,15.85,1563,0,79713
CONCOR30JAN20560PE.NFO,07/01/2020,12:30:28,12,14.5,1563,15.85,1563,0,79713
CONCOR30JAN20560PE.NFO,07/01/2020,12:30:29,12,14.45,1563,15.85,1563,0,79713
CONCOR30JAN20560PE.NFO,07/01/2020,12:30:44,12,14.45,1563,16,1563,0,79713
CONCOR30JAN20560PE.NFO,07/01/2020,12:30:50,12,14.45,1563,15.8,1563,0,79713
CONCOR30JAN20560PE.NFO,07/01/2020,12:30:51,12,14.35,1563,15.7,1563,0,79713
CONCOR30JAN20560PE.NFO,07/01/2020,12:30:52,12,14.3,1563,15.7,1563,0,79713
CONCOR30JAN20560PE.NFO,07/01/2020,12:30:56,12,14.25,1563,15.65,4689,0,79713
CONCOR30JAN20560PE.NFO,07/01/2020,12:30:57,12,14.05,1563,15.6,3126,0,79713
CONCOR30JAN20560PE.NFO,07/01/2020,12:30:59,12,13.95,1563,15.6,1563,0,79713
CONCOR30JAN20560PE.NFO,07/01/2020,12:31:00,12,14,1563,15.4,1563,0,79713
CONCOR30JAN20560PE.NFO,07/01/2020,12:31:01,12,14.05,1563,15.6,1563,0,79713
CONCOR30JAN20560PE.NFO,07/01/2020,12:31:02,12,14.05,1563,15.55,1563,0,79713
CONCOR30JAN20560PE.NFO,07/01/2020,12:31:04,12,14.05,1563,15.45,1563,0,79713
CONCOR30JAN20560PE.NFO,07/01/2020,12:31:07,12,14.05,1563,15.4,1563,0,79713
CONCOR30JAN20560PE.NFO,07/01/2020,12:31:14,12,13.95,1563,15.4,1563,0,79713
CONCOR30JAN20560PE.NFO,07/01/2020,12:31:16,12,13.9,1563,15.4,1563,0,79713
CONCOR30JAN20560PE.NFO,07/01/2020,12:31:19,12,13.9,1563,15.25,1563,0,79713
CONCOR30JAN20560PE.NFO,07/01/2020,12:31:23,12,13.85,1563,15.25,1563,0,79713
CONCOR30JAN20560PE.NFO,07/01/2020,12:31:39,12,13.85,1563,15.1,4689,0,79713
CONCOR30JAN20560PE.NFO,07/01/2020,12:31:43,12,13.85,1563,15.2,1563,0,79713
CONCOR30JAN20560PE.NFO,07/01/2020,12:31:48,12,13.85,1563,15.1,1563,0,79713
CONCOR30JAN20560PE.NFO,07/01/2020,12:31:51,12,13.85,1563,15.25,1563,0,79713
CONCOR30JAN20560PE.NFO,07/01/2020,12:31:53,12,13.9,1563,15,1563,0,79713
CONCOR30JAN20560PE.NFO,07/01/2020,12:32:10,12,13.9,1563,14.8,1563,0,79713
CONCOR30JAN20560PE.NFO,07/01/2020,12:32:26,12,13.9,1563,14.5,1563,0,79713
CONCOR30JAN20560PE.NFO,07/01/2020,12:33:07,12,13.9,1563,15.2,1563,0,79713
CONCOR30JAN20560PE.NFO,07/01/2020,12:33:23,12,13.55,1563,15.2,3126,0,79713
CONCOR30JAN20560PE.NFO,07/01/2020,12:33:27,12,13.55,1563,15.15,1563,0,79713
CONCOR30JAN20560PE.NFO,07/01/2020,12:33:30,12,13.35,1563,15.05,1563,0,79713
CONCOR30JAN20560PE.NFO,07/01/2020,12:33:34,12,13.35,1563,14.95,1563,0,79713
CONCOR30JAN20560PE.NFO,07/01/2020,12:33:39,12,13.35,1563,15,3126,0,79713
CONCOR30JAN20560PE.NFO,07/01/2020,12:33:44,12,13.35,1563,14.7,1563,0,79713
CONCOR30JAN20560PE.NFO,07/01/2020,12:33:47,12,13.35,1563,14.7,3126,0,79713
CONCOR30JAN20560PE.NFO,07/01/2020,12:33:54,12,13.55,1563,14.85,1563,0,79713
CONCOR30JAN20560PE.NFO,07/01/2020,12:33:56,12,13.5,1563,14.85,1563,0,79713
CONCOR30JAN20560PE.NFO,07/01/2020,12:34:02,12,13.7,1563,15.2,1563,0,79713
CONCOR30JAN20560PE.NFO,07/01/2020,12:34:06,12,13.7,1563,15.05,1563,0,79713
CONCOR30JAN20560PE.NFO,07/01/2020,12:34:12,12,13.7,1563,15,1563,0,79713
CONCOR30JAN20560PE.NFO,07/01/2020,12:34:12,12,13.7,1563,15.05,1563,0,79713
CONCOR30JAN20560PE.NFO,07/01/2020,12:34:13,12,13.7,1563,15,1563,0,79713
CONCOR30JAN20560PE.NFO,07/01/2020,12:34:14,12,13.7,1563,15.05,1563,0,79713
CONCOR30JAN20560PE.NFO,07/01/2020,12:34:16,12,13.7,1563,15,1563,0,79713
CONCOR30JAN20560PE.NFO,07/01/2020,12:34:17,12,13.7,1563,14.95,1563,0,79713
CONCOR30JAN20560PE.NFO,07/01/2020,12:34:18,12,13.7,1563,15,1563,0,79713
CONCOR30JAN20560PE.NFO,07/01/2020,12:34:22,12,13.7,1563,15.15,1563,0,79713
CONCOR30JAN20560PE.NFO,07/01/2020,12:34:23,12,13.7,1563,15.05,1563,0,79713
CONCOR30JAN20560PE.NFO,07/01/2020,12:34:25,12,13.7,1563,15,1563,0,79713
CONCOR30JAN20560PE.NFO,07/01/2020,12:34:29,12,13.7,1563,14.95,1563,0,79713
CONCOR30JAN20560PE.NFO,07/01/2020,12:34:30,12,13.7,1563,14.9,1563,0,79713
CONCOR30JAN20560PE.NFO,07/01/2020,12:34:31,12,13.7,1563,15,1563,0,79713
CONCOR30JAN20560PE.NFO,07/01/2020,12:34:36,12,13.7,1563,14.95,1563,0,79713
CONCOR30JAN20560PE.NFO,07/01/2020,12:34:41,12,13.7,1563,14.9,1563,0,79713
CONCOR30JAN20560PE.NFO,07/01/2020,12:34:43,12,13.7,1563,15,1563,0,79713
CONCOR30JAN20560PE.NFO,07/01/2020,12:34:52,12,13.7,1563,14.95,1563,0,79713
CONCOR30JAN20560PE.NFO,07/01/2020,12:34:53,12,13.7,1563,14.9,1563,0,79713
CONCOR30JAN20560PE.NFO,07/01/2020,12:34:54,12,13.7,1563,15,1563,0,79713
CONCOR30JAN20560PE.NFO,07/01/2020,12:34:55,12,13.7,1563,14.95,1563,0,79713
CONCOR30JAN20560PE.NFO,07/01/2020,12:34:56,12,13.7,1563,15,1563,0,79713
CONCOR30JAN20560PE.NFO,07/01/2020,12:34:58,12,13.7,1563,14.95,1563,0,79713
CONCOR30JAN20560PE.NFO,07/01/2020,12:35:03,12,13.65,1563,14.95,1563,0,79713
CONCOR30JAN20560PE.NFO,07/01/2020,12:35:04,12,13.65,1563,14.85,1563,0,79713
CONCOR30JAN20560PE.NFO,07/01/2020,12:35:05,12,13.65,1563,15,1563,0,79713
CONCOR30JAN20560PE.NFO,07/01/2020,12:35:08,12,13.6,1563,15,1563,0,79713
CONCOR30JAN20560PE.NFO,07/01/2020,12:35:12,12,13.55,1563,15,1563,0,79713
CONCOR30JAN20560PE.NFO,07/01/2020,12:35:13,12,13.5,1563,15,1563,0,79713
CONCOR30JAN20560PE.NFO,07/01/2020,12:35:41,12,13.5,1563,14.5,1563,0,79713
CONCOR30JAN20560PE.NFO,07/01/2020,12:35:53,12,13.5,1563,15,1563,0,79713
CONCOR30JAN20560PE.NFO,07/01/2020,12:35:58,12,13.5,1563,14.9,1563,0,79713
CONCOR30JAN20560PE.NFO,07/01/2020,12:35:59,12,13.5,1563,15,1563,0,79713
CONCOR30JAN20560PE.NFO,07/01/2020,12:36:19,12,13.5,1563,15,3126,0,79713
CONCOR30JAN20560PE.NFO,07/01/2020,12:36:20,12,13.5,1563,14.95,1563,0,79713
CONCOR30JAN20560PE.NFO,07/01/2020,12:36:21,12,13.5,1563,15,1563,0,79713
CONCOR30JAN20560PE.NFO,07/01/2020,12:37:15,12,13.5,1563,14.95,1563,0,79713
CONCOR30JAN20560PE.NFO,07/01/2020,12:38:08,12,13.2,1563,14.8,1563,0,79713
CONCOR30JAN20560PE.NFO,07/01/2020,12:38:26,12,13.5,1563,14.95,1563,0,79713
CONCOR30JAN20560PE.NFO,07/01/2020,12:38:35,12,13.5,1563,14,1563,0,79713
CONCOR30JAN20560PE.NFO,07/01/2020,12:38:52,13.8,13.55,1563,14.6,1563,1563,76587
CONCOR30JAN20560PE.NFO,07/01/2020,12:38:52,13.8,13.55,1563,14.6,1563,0,76587
CONCOR30JAN20560PE.NFO,07/01/2020,12:38:55,13.8,13.6,1563,13.8,1563,0,76587
CONCOR30JAN20560PE.NFO,07/01/2020,12:38:58,13.8,13.35,1563,13.8,1563,0,76587
CONCOR30JAN20560PE.NFO,07/01/2020,12:39:02,13.8,13.35,1563,13.6,1563,0,76587
CONCOR30JAN20560PE.NFO,07/01/2020,12:39:05,13.8,13.4,1563,14.45,1563,0,76587
CONCOR30JAN20560PE.NFO,07/01/2020,12:39:07,13.8,13.45,1563,14,1563,0,76587
CONCOR30JAN20560PE.NFO,07/01/2020,12:39:10,13.8,13.4,1563,14,1563,0,76587
CONCOR30JAN20560PE.NFO,07/01/2020,12:39:12,13.8,13.55,1563,14,1563,0,76587
CONCOR30JAN20560PE.NFO,07/01/2020,12:39:13,13.8,13.5,1563,14,1563,0,76587
CONCOR30JAN20560PE.NFO,07/01/2020,12:39:14,13.6,13.45,1563,14.45,1563,1563,76587
CONCOR30JAN20560PE.NFO,07/01/2020,12:39:16,13.6,13.45,1563,14.45,1563,0,76587
CONCOR30JAN20560PE.NFO,07/01/2020,12:39:17,13.6,13.55,3126,14.45,1563,0,76587
CONCOR30JAN20560PE.NFO,07/01/2020,12:39:24,13.6,13.6,1563,14.45,1563,0,76587
CONCOR30JAN20560PE.NFO,07/01/2020,12:39:25,13.6,13.65,1563,13.8,1563,0,76587
CONCOR30JAN20560PE.NFO,07/01/2020,12:39:28,13.6,13.55,1563,13.8,1563,0,76587
CONCOR30JAN20560PE.NFO,07/01/2020,12:39:29,13.6,13.6,1563,13.65,1563,0,76587
CONCOR30JAN20560PE.NFO,07/01/2020,12:39:30,13.65,13.4,1563,14.5,3126,1563,76587
CONCOR30JAN20560PE.NFO,07/01/2020,12:39:31,13.65,13.4,1563,14.5,3126,0,76587
CONCOR30JAN20560PE.NFO,07/01/2020,12:39:36,13.65,13.4,1563,13.65,1563,0,76587
CONCOR30JAN20560PE.NFO,07/01/2020,12:39:59,13.65,13.4,1563,14.5,1563,0,76587
CONCOR30JAN20560PE.NFO,07/01/2020,12:40:03,13.65,13.4,1563,14.4,1563,0,76587
CONCOR30JAN20560PE.NFO,07/01/2020,12:40:03,13.65,13.4,1563,14.35,1563,0,76587
CONCOR30JAN20560PE.NFO,07/01/2020,12:40:08,13.65,13.4,1563,14.55,1563,0,76587
CONCOR30JAN20560PE.NFO,07/01/2020,12:40:08,13.65,13.4,1563,14.3,1563,0,76587
CONCOR30JAN20560PE.NFO,07/01/2020,12:40:11,13.65,13.4,1563,14,1563,0,76587
CONCOR30JAN20560PE.NFO,07/01/2020,12:40:16,13.65,13.4,1563,13.6,1563,0,76587
CONCOR30JAN20560PE.NFO,07/01/2020,12:40:19,13.65,13.35,1563,13.6,1563,0,76587
CONCOR30JAN20560PE.NFO,07/01/2020,12:40:22,13.65,13.35,1563,14.7,3126,0,76587
CONCOR30JAN20560PE.NFO,07/01/2020,12:40:22,13.65,13.35,1563,14.3,1563,0,76587
CONCOR30JAN20560PE.NFO,07/01/2020,12:40:23,13.65,13.4,1563,14.3,1563,0,76587
CONCOR30JAN20560PE.NFO,07/01/2020,12:40:25,13.65,13.5,1563,14.3,1563,0,76587
CONCOR30JAN20560PE.NFO,07/01/2020,12:40:28,13.6,13.5,1563,14.55,1563,1563,76587
CONCOR30JAN20560PE.NFO,07/01/2020,12:40:28,13.6,13.5,1563,14.55,1563,0,76587
CONCOR30JAN20560PE.NFO,07/01/2020,12:40:29,13.6,13.5,1563,14.4,1563,0,76587
CONCOR30JAN20560PE.NFO,07/01/2020,12:40:38,13.6,13.5,1563,14.6,1563,0,76587
CONCOR30JAN20560PE.NFO,07/01/2020,12:40:38,13.6,13.5,1563,14.35,1563,0,76587
CONCOR30JAN20560PE.NFO,07/01/2020,12:40:44,13.6,13.5,1563,14.5,1563,0,76587
CONCOR30JAN20560PE.NFO,07/01/2020,12:40:46,13.6,13.5,1563,14.4,1563,0,76587
CONCOR30JAN20560PE.NFO,07/01/2020,12:40:49,13.6,13.5,1563,14.5,1563,0,76587
CONCOR30JAN20560PE.NFO,07/01/2020,12:40:53,13.6,13.5,1563,14.45,1563,0,76587
CONCOR30JAN20560PE.NFO,07/01/2020,12:40:54,13.6,13.5,1563,14.5,1563,0,76587
CONCOR30JAN20560PE.NFO,07/01/2020,12:40:54,13.6,13.5,1563,14.75,1563,0,76587
CONCOR30JAN20560PE.NFO,07/01/2020,12:40:56,13.6,13.5,1563,14.55,1563,0,76587
CONCOR30JAN20560PE.NFO,07/01/2020,12:40:58,13.6,13.5,3126,14.55,1563,0,76587
CONCOR30JAN20560PE.NFO,07/01/2020,12:40:59,13.6,13.6,1563,14.6,1563,0,76587
CONCOR30JAN20560PE.NFO,07/01/2020,12:40:59,13.6,13.6,1563,14.55,1563,0,76587
CONCOR30JAN20560PE.NFO,07/01/2020,12:41:01,13.6,13.6,1563,14.75,1563,0,76587
CONCOR30JAN20560PE.NFO,07/01/2020,12:41:02,13.6,13.6,1563,14.6,1563,0,76587
CONCOR30JAN20560PE.NFO,07/01/2020,12:41:03,13.6,13.6,1563,14.65,1563,0,76587
CONCOR30JAN20560PE.NFO,07/01/2020,12:41:05,13.6,13.6,1563,14.85,3126,0,76587
CONCOR30JAN20560PE.NFO,07/01/2020,12:41:06,13.6,13.6,1563,14.65,1563,0,76587
CONCOR30JAN20560PE.NFO,07/01/2020,12:41:08,13.6,13.6,1563,14.75,1563,0,76587
CONCOR30JAN20560PE.NFO,07/01/2020,12:41:10,13.6,13.6,3126,14.9,1563,0,76587
CONCOR30JAN20560PE.NFO,07/01/2020,12:41:10,13.6,13.6,1563,14.75,1563,0,76587
CONCOR30JAN20560PE.NFO,07/01/2020,12:41:11,13.6,13.6,1563,14.65,1563,0,76587
CONCOR30JAN20560PE.NFO,07/01/2020,12:41:13,13.6,13.6,1563,14.7,3126,0,76587
CONCOR30JAN20560PE.NFO,07/01/2020,12:41:14,13.6,13.6,1563,14.85,1563,0,76587
CONCOR30JAN20560PE.NFO,07/01/2020,12:41:15,13.6,13.6,1563,14.6,1563,0,76587
CONCOR30JAN20560PE.NFO,07/01/2020,12:41:15,13.6,13.6,1563,14.5,1563,0,76587
CONCOR30JAN20560PE.NFO,07/01/2020,12:41:16,13.6,13.6,1563,14.55,1563,0,76587
CONCOR30JAN20560PE.NFO,07/01/2020,12:41:17,13.6,13.6,1563,14.6,1563,0,76587
CONCOR30JAN20560PE.NFO,07/01/2020,12:41:18,13.6,13.6,1563,14.75,1563,0,76587
