Ticker,Date,Time,LTP,BuyPrice,BuyQty,SellPrice,SellQty,LTQ,OpenInterest
DIVISLAB30JAN201820PE.NFO,07/01/2020,09:17:11,34,28.85,1200,34.8,400,400,6800
DIVISLAB30JAN201820PE.NFO,07/01/2020,09:17:11,34,28.85,1200,34.8,400,0,6800
DIVISLAB30JAN201820PE.NFO,07/01/2020,09:17:11,34,28.85,1200,34.8,400,0,6800
DIVISLAB30JAN201820PE.NFO,07/01/2020,09:17:11,34,28.85,1200,34.8,400,0,6800
DIVISLAB30JAN201820PE.NFO,07/01/2020,09:17:20,34,28.95,1200,34.8,400,0,6800
DIVISLAB30JAN201820PE.NFO,07/01/2020,09:17:29,34,29.05,2800,34.8,400,0,6800
DIVISLAB30JAN201820PE.NFO,07/01/2020,09:17:37,34,29.65,1200,34.8,400,0,6800
DIVISLAB30JAN201820PE.NFO,07/01/2020,09:17:46,34,29.4,400,34.6,400,0,6800
DIVISLAB30JAN201820PE.NFO,07/01/2020,09:17:55,34,30,400,34.6,400,0,6800
DIVISLAB30JAN201820PE.NFO,07/01/2020,09:18:03,34,29.95,1200,34.6,400,0,6800
DIVISLAB30JAN201820PE.NFO,07/01/2020,09:18:11,34,30.35,400,33.95,400,0,6800
DIVISLAB30JAN201820PE.NFO,07/01/2020,09:18:18,34,27.9,3600,33.75,400,0,6800
DIVISLAB30JAN201820PE.NFO,07/01/2020,09:18:27,34,28.7,1200,33.75,400,0,6800
DIVISLAB30JAN201820PE.NFO,07/01/2020,09:18:34,34,29.3,1200,33.75,400,0,6800
DIVISLAB30JAN201820PE.NFO,07/01/2020,09:18:42,34,30.2,400,33.75,400,0,6800
DIVISLAB30JAN201820PE.NFO,07/01/2020,09:18:49,34,29.6,1200,34.45,400,0,6800
DIVISLAB30JAN201820PE.NFO,07/01/2020,09:18:56,34,30.4,400,34.45,400,0,6800
DIVISLAB30JAN201820PE.NFO,07/01/2020,09:19:04,34,31.1,1200,34.45,400,0,6800
DIVISLAB30JAN201820PE.NFO,07/01/2020,09:19:12,34,30.65,400,34.45,400,0,6800
DIVISLAB30JAN201820PE.NFO,07/01/2020,09:19:20,34,30.25,400,34.45,400,0,6800
DIVISLAB30JAN201820PE.NFO,07/01/2020,09:19:28,34,30.75,1200,34.45,400,0,6800
DIVISLAB30JAN201820PE.NFO,07/01/2020,09:19:35,34,31.15,1200,34.45,400,0,6800
DIVISLAB30JAN201820PE.NFO,07/01/2020,09:19:43,34,30.25,1200,34.45,400,0,6800
DIVISLAB30JAN201820PE.NFO,07/01/2020,09:20:14,34,30.25,1200,34,400,0,6800
DIVISLAB30JAN201820PE.NFO,07/01/2020,09:20:23,34,30.65,1200,33.95,400,0,6800
DIVISLAB30JAN201820PE.NFO,07/01/2020,09:20:30,34,29.95,3600,34,400,0,6800
DIVISLAB30JAN201820PE.NFO,07/01/2020,09:20:38,34,29.7,1200,33.95,400,0,6800
DIVISLAB30JAN201820PE.NFO,07/01/2020,09:20:53,34,29.1,2800,33.95,400,0,6800
DIVISLAB30JAN201820PE.NFO,07/01/2020,09:21:01,34,29.1,6800,33.95,400,0,6800
DIVISLAB30JAN201820PE.NFO,07/01/2020,09:21:16,34,29.5,1200,33.95,400,0,6800
DIVISLAB30JAN201820PE.NFO,07/01/2020,09:21:24,34,29.3,800,33.95,400,0,6800
DIVISLAB30JAN201820PE.NFO,07/01/2020,09:21:31,34,28.45,2400,33.95,400,0,6800
DIVISLAB30JAN201820PE.NFO,07/01/2020,09:21:45,34,27.6,5600,33.75,400,0,6800
DIVISLAB30JAN201820PE.NFO,07/01/2020,09:21:52,34,27.6,6400,33.75,400,0,6800
DIVISLAB30JAN201820PE.NFO,07/01/2020,09:21:59,34,27.6,6400,32.85,400,0,6800
DIVISLAB30JAN201820PE.NFO,07/01/2020,09:22:06,34,27.6,5600,32.85,400,0,6800
DIVISLAB30JAN201820PE.NFO,07/01/2020,09:22:13,34,27.6,6400,32.85,400,0,6800
DIVISLAB30JAN201820PE.NFO,07/01/2020,09:22:21,34,27.6,4800,32.85,400,0,6800
DIVISLAB30JAN201820PE.NFO,07/01/2020,09:22:35,34,27.6,6400,32.85,400,0,6800
DIVISLAB30JAN201820PE.NFO,07/01/2020,09:22:48,34,27.7,6400,32,400,0,6800
DIVISLAB30JAN201820PE.NFO,07/01/2020,09:23:07,34,27.7,6400,31.95,400,0,6800
DIVISLAB30JAN201820PE.NFO,07/01/2020,09:23:21,34,27.7,3200,31.95,400,0,6800
DIVISLAB30JAN201820PE.NFO,07/01/2020,09:23:41,34,27.7,4000,31.95,400,0,6800
DIVISLAB30JAN201820PE.NFO,07/01/2020,09:23:47,34,27.7,3200,31.95,400,0,6800
DIVISLAB30JAN201820PE.NFO,07/01/2020,09:23:54,34,27.7,4000,31.95,400,0,6800
DIVISLAB30JAN201820PE.NFO,07/01/2020,09:24:01,34,27.7,3200,31.95,400,0,6800
DIVISLAB30JAN201820PE.NFO,07/01/2020,09:24:08,34,27.7,4000,31.95,400,0,6800
DIVISLAB30JAN201820PE.NFO,07/01/2020,09:24:15,34,27.7,6400,31.95,400,0,6800
DIVISLAB30JAN201820PE.NFO,07/01/2020,09:25:08,34,27.7,4000,31.95,400,0,6800
DIVISLAB30JAN201820PE.NFO,07/01/2020,09:25:16,34,27.7,5600,31.95,400,0,6800
DIVISLAB30JAN201820PE.NFO,07/01/2020,09:25:23,34,27.7,4800,31.95,400,0,6800
DIVISLAB30JAN201820PE.NFO,07/01/2020,09:25:30,34,27.7,6400,31.95,400,0,6800
DIVISLAB30JAN201820PE.NFO,07/01/2020,09:25:37,34,27.7,4000,31.95,400,0,6800
DIVISLAB30JAN201820PE.NFO,07/01/2020,09:25:45,34,27.7,4800,31.95,400,0,6800
DIVISLAB30JAN201820PE.NFO,07/01/2020,09:26:15,34,27.7,5600,33.6,400,0,6800
DIVISLAB30JAN201820PE.NFO,07/01/2020,09:26:32,34,27.7,3200,33.3,400,0,6800
DIVISLAB30JAN201820PE.NFO,07/01/2020,09:26:40,34,27.7,3200,33.2,400,0,6800
DIVISLAB30JAN201820PE.NFO,07/01/2020,09:26:46,34,27.7,5600,33.2,400,0,6800
DIVISLAB30JAN201820PE.NFO,07/01/2020,09:27:01,33.2,27.7,5600,33.95,400,400,6400
DIVISLAB30JAN201820PE.NFO,07/01/2020,09:27:01,33.2,27.7,5600,33.95,400,0,6400
DIVISLAB30JAN201820PE.NFO,07/01/2020,09:27:06,33.2,27.7,5600,34.55,400,0,6400
DIVISLAB30JAN201820PE.NFO,07/01/2020,09:27:12,33.2,27.7,5600,34.4,400,0,6400
DIVISLAB30JAN201820PE.NFO,07/01/2020,09:27:42,33.2,27.7,5600,34.55,400,0,6400
DIVISLAB30JAN201820PE.NFO,07/01/2020,09:27:53,33.2,27.7,4800,34.5,800,0,6400
DIVISLAB30JAN201820PE.NFO,07/01/2020,09:28:08,33.2,27.7,4800,34.05,800,0,6400
DIVISLAB30JAN201820PE.NFO,07/01/2020,09:28:15,33.2,27.7,4800,34,800,0,6400
DIVISLAB30JAN201820PE.NFO,07/01/2020,09:28:20,33.2,27.7,4800,33.75,400,0,6400
DIVISLAB30JAN201820PE.NFO,07/01/2020,09:28:27,33.2,27.7,4800,33.9,800,0,6400
DIVISLAB30JAN201820PE.NFO,07/01/2020,09:28:32,33.2,27.7,4800,33.75,400,0,6400
DIVISLAB30JAN201820PE.NFO,07/01/2020,09:28:37,33.2,27.7,4800,33.95,400,0,6400
DIVISLAB30JAN201820PE.NFO,07/01/2020,09:28:48,33.2,27.7,4800,34.05,400,0,6400
DIVISLAB30JAN201820PE.NFO,07/01/2020,09:28:55,33.2,27.7,4800,34,800,0,6400
DIVISLAB30JAN201820PE.NFO,07/01/2020,09:29:00,33.2,27.7,4800,33.95,800,0,6400
DIVISLAB30JAN201820PE.NFO,07/01/2020,09:29:06,33.2,27.7,4800,34.25,400,0,6400
DIVISLAB30JAN201820PE.NFO,07/01/2020,09:29:13,33.2,27.7,4800,33.75,1200,0,6400
DIVISLAB30JAN201820PE.NFO,07/01/2020,09:29:19,33.2,27.7,4800,33.75,400,0,6400
DIVISLAB30JAN201820PE.NFO,07/01/2020,09:29:25,33.2,27.7,4800,34.1,800,0,6400
DIVISLAB30JAN201820PE.NFO,07/01/2020,09:29:30,33.2,27.7,4800,33,400,0,6400
DIVISLAB30JAN201820PE.NFO,07/01/2020,09:29:43,33.2,27.75,4400,32.95,400,0,6400
DIVISLAB30JAN201820PE.NFO,07/01/2020,09:29:49,33.2,27.75,3600,32.95,400,0,6400
DIVISLAB30JAN201820PE.NFO,07/01/2020,09:30:14,33.2,27.75,2000,32.85,400,0,6400
DIVISLAB30JAN201820PE.NFO,07/01/2020,09:30:21,33.2,27.75,2800,32.75,400,0,6400
DIVISLAB30JAN201820PE.NFO,07/01/2020,09:30:27,33.2,27.75,2000,32.75,400,0,6400
DIVISLAB30JAN201820PE.NFO,07/01/2020,09:30:33,33.2,27.75,2000,31.95,400,0,6400
DIVISLAB30JAN201820PE.NFO,07/01/2020,09:30:54,33.2,27.75,1200,31.95,400,0,6400
DIVISLAB30JAN201820PE.NFO,07/01/2020,09:31:05,33.2,27.75,400,31.65,400,0,6400
DIVISLAB30JAN201820PE.NFO,07/01/2020,09:31:55,33.2,27.75,1200,31.65,400,0,6400
DIVISLAB30JAN201820PE.NFO,07/01/2020,09:32:09,33.2,27.75,2000,31.65,400,0,6400
DIVISLAB30JAN201820PE.NFO,07/01/2020,09:32:20,33.2,27.75,1200,31.65,400,0,6400
DIVISLAB30JAN201820PE.NFO,07/01/2020,09:32:27,33.2,27.75,2000,31.65,400,0,6400
DIVISLAB30JAN201820PE.NFO,07/01/2020,09:32:33,33.2,27.75,1200,31.65,400,0,6400
DIVISLAB30JAN201820PE.NFO,07/01/2020,09:32:45,33.2,29.3,400,31.65,400,0,6400
DIVISLAB30JAN201820PE.NFO,07/01/2020,09:32:51,33.2,29.3,800,31.65,400,0,6400
DIVISLAB30JAN201820PE.NFO,07/01/2020,09:33:07,33.2,29.35,400,31.65,400,0,6400
DIVISLAB30JAN201820PE.NFO,07/01/2020,09:33:35,33.2,29.35,400,31.7,800,0,6400
DIVISLAB30JAN201820PE.NFO,07/01/2020,09:33:41,33.2,29.35,400,31.7,400,0,6400
DIVISLAB30JAN201820PE.NFO,07/01/2020,09:33:56,33.2,29.85,400,31.7,400,0,6400
DIVISLAB30JAN201820PE.NFO,07/01/2020,09:34:27,33.2,29.85,400,31.7,800,0,6400
DIVISLAB30JAN201820PE.NFO,07/01/2020,09:34:32,33.2,30.05,400,31.7,400,0,6400
DIVISLAB30JAN201820PE.NFO,07/01/2020,09:34:42,33.2,30.05,400,31.7,800,0,6400
DIVISLAB30JAN201820PE.NFO,07/01/2020,09:35:17,33.2,29.75,400,31.55,400,0,6400
DIVISLAB30JAN201820PE.NFO,07/01/2020,09:35:21,33.2,29.6,400,31.35,400,0,6400
DIVISLAB30JAN201820PE.NFO,07/01/2020,09:35:32,33.2,29.85,400,31.5,400,0,6400
DIVISLAB30JAN201820PE.NFO,07/01/2020,09:35:38,33.2,29.75,400,31.5,400,0,6400
DIVISLAB30JAN201820PE.NFO,07/01/2020,09:35:45,33.2,29.6,400,31.5,800,0,6400
DIVISLAB30JAN201820PE.NFO,07/01/2020,09:35:52,33.2,29.5,400,31.35,400,0,6400
DIVISLAB30JAN201820PE.NFO,07/01/2020,09:35:59,33.2,29.45,400,31.35,800,0,6400
DIVISLAB30JAN201820PE.NFO,07/01/2020,09:36:05,33.2,29.45,400,31.35,400,0,6400
DIVISLAB30JAN201820PE.NFO,07/01/2020,09:36:10,33.2,29.65,400,31.35,400,0,6400
DIVISLAB30JAN201820PE.NFO,07/01/2020,09:36:16,33.2,29.6,400,31.35,400,0,6400
DIVISLAB30JAN201820PE.NFO,07/01/2020,09:36:22,33.2,29.7,400,31.3,400,0,6400
DIVISLAB30JAN201820PE.NFO,07/01/2020,09:36:28,33.2,29.6,400,31.15,400,0,6400
DIVISLAB30JAN201820PE.NFO,07/01/2020,09:36:33,33.2,29.55,400,31.15,800,0,6400
DIVISLAB30JAN201820PE.NFO,07/01/2020,09:36:43,33.2,29.5,400,31.1,400,0,6400
DIVISLAB30JAN201820PE.NFO,07/01/2020,09:36:48,33.2,29.5,400,31.15,400,0,6400
DIVISLAB30JAN201820PE.NFO,07/01/2020,09:37:13,33.2,29.5,400,31.2,800,0,6400
DIVISLAB30JAN201820PE.NFO,07/01/2020,09:37:17,33.2,29.5,400,31.2,400,0,6400
DIVISLAB30JAN201820PE.NFO,07/01/2020,09:37:22,33.2,29.8,400,31.35,400,0,6400
DIVISLAB30JAN201820PE.NFO,07/01/2020,09:37:32,33.2,29.8,400,31,400,0,6400
DIVISLAB30JAN201820PE.NFO,07/01/2020,09:37:48,33.2,29.8,800,31,400,0,6400
DIVISLAB30JAN201820PE.NFO,07/01/2020,09:38:10,31,29.95,400,32.05,400,400,6400
DIVISLAB30JAN201820PE.NFO,07/01/2020,09:38:10,31,29.95,400,32.05,400,0,6400
DIVISLAB30JAN201820PE.NFO,07/01/2020,09:38:15,31,30.1,400,32.15,1600,0,6800
DIVISLAB30JAN201820PE.NFO,07/01/2020,09:38:20,31,30.1,400,31.9,400,0,6800
DIVISLAB30JAN201820PE.NFO,07/01/2020,09:38:30,31,30.1,400,32.1,400,0,6800
DIVISLAB30JAN201820PE.NFO,07/01/2020,09:38:34,31,30.1,400,32.05,400,0,6800
DIVISLAB30JAN201820PE.NFO,07/01/2020,09:38:49,31,30.1,400,32.2,400,0,6800
DIVISLAB30JAN201820PE.NFO,07/01/2020,09:38:53,31,30.1,400,32.45,400,0,6800
DIVISLAB30JAN201820PE.NFO,07/01/2020,09:38:58,31,30.1,400,32.35,400,0,6800
DIVISLAB30JAN201820PE.NFO,07/01/2020,09:39:02,31,30.1,400,32.2,400,0,6800
DIVISLAB30JAN201820PE.NFO,07/01/2020,09:39:22,31,30.1,400,32.05,400,0,6800
DIVISLAB30JAN201820PE.NFO,07/01/2020,09:39:28,31,30.1,400,31.9,400,0,6800
DIVISLAB30JAN201820PE.NFO,07/01/2020,09:39:38,31,30.1,400,32,400,0,6800
DIVISLAB30JAN201820PE.NFO,07/01/2020,09:39:43,31,30.1,400,31.9,400,0,6800
DIVISLAB30JAN201820PE.NFO,07/01/2020,09:39:53,31,30.1,400,31.75,400,0,6800
DIVISLAB30JAN201820PE.NFO,07/01/2020,09:40:01,31,30.1,400,31.85,400,0,6800
DIVISLAB30JAN201820PE.NFO,07/01/2020,09:40:07,31,30.1,400,31.65,400,0,6800
DIVISLAB30JAN201820PE.NFO,07/01/2020,09:40:13,31,30.1,400,31.75,400,0,6800
DIVISLAB30JAN201820PE.NFO,07/01/2020,09:40:24,31,30.1,400,32.15,400,0,6800
DIVISLAB30JAN201820PE.NFO,07/01/2020,09:40:29,31,30.2,400,31.8,400,0,6800
DIVISLAB30JAN201820PE.NFO,07/01/2020,09:40:34,31,30.3,400,31.8,400,0,6800
DIVISLAB30JAN201820PE.NFO,07/01/2020,09:41:04,31,30.2,400,31.65,400,0,6800
DIVISLAB30JAN201820PE.NFO,07/01/2020,09:41:09,31,30.2,400,31.75,400,0,6800
DIVISLAB30JAN201820PE.NFO,07/01/2020,09:41:34,31,30.2,400,31.9,400,0,6800
DIVISLAB30JAN201820PE.NFO,07/01/2020,09:41:43,31,30.2,400,31.65,400,0,6800
DIVISLAB30JAN201820PE.NFO,07/01/2020,09:41:52,31,30.2,400,31.95,400,0,6800
DIVISLAB30JAN201820PE.NFO,07/01/2020,09:41:59,31,30.2,400,32,1600,0,6800
DIVISLAB30JAN201820PE.NFO,07/01/2020,09:42:05,31,30.3,400,32,800,0,6800
DIVISLAB30JAN201820PE.NFO,07/01/2020,09:42:19,31,30.3,400,31.9,400,0,6800
DIVISLAB30JAN201820PE.NFO,07/01/2020,09:42:25,31,30.3,400,31.85,800,0,6800
DIVISLAB30JAN201820PE.NFO,07/01/2020,09:42:32,31,30.25,800,31.85,800,0,6800
DIVISLAB30JAN201820PE.NFO,07/01/2020,09:42:40,31,30.25,800,32.05,400,0,6800
DIVISLAB30JAN201820PE.NFO,07/01/2020,09:42:46,31,30.25,800,32.2,400,0,6800
DIVISLAB30JAN201820PE.NFO,07/01/2020,09:42:52,31,30.25,800,32.45,400,0,6800
DIVISLAB30JAN201820PE.NFO,07/01/2020,09:43:10,31,30.25,400,32.45,400,0,6800
DIVISLAB30JAN201820PE.NFO,07/01/2020,09:43:40,31,30.25,400,32.65,400,0,6800
DIVISLAB30JAN201820PE.NFO,07/01/2020,09:43:45,31,30.35,400,32.6,400,0,6800
DIVISLAB30JAN201820PE.NFO,07/01/2020,09:44:06,31,30.35,400,32.05,400,0,6800
DIVISLAB30JAN201820PE.NFO,07/01/2020,09:44:17,31,30.35,400,32.05,800,0,6800
DIVISLAB30JAN201820PE.NFO,07/01/2020,09:44:28,31,30.35,400,32.2,400,0,6800
DIVISLAB30JAN201820PE.NFO,07/01/2020,09:44:33,31,30.35,400,32.2,800,0,6800
DIVISLAB30JAN201820PE.NFO,07/01/2020,09:44:38,31,30.35,400,32.05,400,0,6800
DIVISLAB30JAN201820PE.NFO,07/01/2020,09:44:44,31,30.3,400,31.8,400,0,6800
DIVISLAB30JAN201820PE.NFO,07/01/2020,09:45:00,31,30.25,400,31.8,800,0,6800
DIVISLAB30JAN201820PE.NFO,07/01/2020,09:45:06,31,30.15,400,31.7,400,0,6800
DIVISLAB30JAN201820PE.NFO,07/01/2020,09:45:12,31,30.15,400,31.7,800,0,6800
DIVISLAB30JAN201820PE.NFO,07/01/2020,09:45:24,31,30.05,400,31.9,400,0,6800
DIVISLAB30JAN201820PE.NFO,07/01/2020,09:45:30,31,30.05,400,31.7,400,0,6800
DIVISLAB30JAN201820PE.NFO,07/01/2020,09:45:34,31,30.05,400,31.65,400,0,6800
DIVISLAB30JAN201820PE.NFO,07/01/2020,09:45:39,31,30.05,400,31.65,800,0,6800
DIVISLAB30JAN201820PE.NFO,07/01/2020,09:45:44,31,30.25,400,32.05,400,0,6800
DIVISLAB30JAN201820PE.NFO,07/01/2020,09:45:48,31,30.25,400,32.05,800,0,6800
DIVISLAB30JAN201820PE.NFO,07/01/2020,09:46:07,31,30.25,400,32.05,400,0,6800
DIVISLAB30JAN201820PE.NFO,07/01/2020,09:46:16,31,30.25,400,32.2,400,0,6800
DIVISLAB30JAN201820PE.NFO,07/01/2020,09:46:21,31,30.25,400,32.2,800,0,6800
DIVISLAB30JAN201820PE.NFO,07/01/2020,09:46:26,31,30.25,400,32.4,400,0,6800
DIVISLAB30JAN201820PE.NFO,07/01/2020,09:46:32,31,30.25,400,32.35,400,0,6800
DIVISLAB30JAN201820PE.NFO,07/01/2020,09:46:37,31,30.25,400,32.4,800,0,6800
DIVISLAB30JAN201820PE.NFO,07/01/2020,09:47:19,31,30.35,400,32.4,800,0,6800
DIVISLAB30JAN201820PE.NFO,07/01/2020,09:47:40,31,30.35,400,33.4,400,0,6800
DIVISLAB30JAN201820PE.NFO,07/01/2020,09:47:45,31,30.35,400,32.85,400,0,6800
DIVISLAB30JAN201820PE.NFO,07/01/2020,09:47:50,31,30.35,400,32.85,800,0,6800
DIVISLAB30JAN201820PE.NFO,07/01/2020,09:48:25,31,30.35,400,31.9,800,0,6800
DIVISLAB30JAN201820PE.NFO,07/01/2020,09:48:28,31,30.3,800,32,800,0,6800
DIVISLAB30JAN201820PE.NFO,07/01/2020,09:49:15,31,30.3,400,31.7,800,0,6800
DIVISLAB30JAN201820PE.NFO,07/01/2020,09:49:18,31,30.15,400,31.7,800,0,6800
DIVISLAB30JAN201820PE.NFO,07/01/2020,09:49:34,31,30.15,800,31.7,800,0,6800
DIVISLAB30JAN201820PE.NFO,07/01/2020,09:49:39,31,30.15,400,31.7,800,0,6800
DIVISLAB30JAN201820PE.NFO,07/01/2020,09:50:04,31,29.9,400,31.7,800,0,6800
DIVISLAB30JAN201820PE.NFO,07/01/2020,09:50:08,31,29.85,400,31.7,800,0,6800
DIVISLAB30JAN201820PE.NFO,07/01/2020,09:50:16,31,29.85,800,31.7,800,0,6800
DIVISLAB30JAN201820PE.NFO,07/01/2020,09:50:24,31,29.85,400,31.7,800,0,6800
DIVISLAB30JAN201820PE.NFO,07/01/2020,09:50:28,31,29.75,400,31.7,800,0,6800
DIVISLAB30JAN201820PE.NFO,07/01/2020,09:50:38,31,30.1,400,31.6,400,0,6800
DIVISLAB30JAN201820PE.NFO,07/01/2020,09:50:43,31,30.1,400,31.75,400,0,6800
DIVISLAB30JAN201820PE.NFO,07/01/2020,09:50:48,31,30.1,400,31.75,800,0,6800
DIVISLAB30JAN201820PE.NFO,07/01/2020,09:50:52,31,30.2,400,31.9,800,0,6800
DIVISLAB30JAN201820PE.NFO,07/01/2020,09:50:57,31,30.2,400,31.85,400,0,6800
DIVISLAB30JAN201820PE.NFO,07/01/2020,09:51:01,31,30.2,400,31.75,400,0,6800
DIVISLAB30JAN201820PE.NFO,07/01/2020,09:51:06,31,30.1,800,31.7,800,0,6800
DIVISLAB30JAN201820PE.NFO,07/01/2020,09:51:10,31,30.05,400,31.7,800,0,6800
DIVISLAB30JAN201820PE.NFO,07/01/2020,09:51:19,31,30.05,400,31.7,400,0,6800
DIVISLAB30JAN201820PE.NFO,07/01/2020,09:51:23,31,30,400,31.6,400,0,6800
DIVISLAB30JAN201820PE.NFO,07/01/2020,09:51:28,31,30,400,31.6,800,0,6800
DIVISLAB30JAN201820PE.NFO,07/01/2020,09:51:32,31,30,400,31.6,400,0,6800
DIVISLAB30JAN201820PE.NFO,07/01/2020,09:51:37,31,29.9,400,31.5,400,0,6800
DIVISLAB30JAN201820PE.NFO,07/01/2020,09:51:45,31,29.85,400,31.5,400,0,6800
DIVISLAB30JAN201820PE.NFO,07/01/2020,09:52:08,31,29.9,800,31.5,400,0,6800
DIVISLAB30JAN201820PE.NFO,07/01/2020,09:52:13,31,29.9,400,31.5,400,0,6800
DIVISLAB30JAN201820PE.NFO,07/01/2020,09:52:21,31,29.95,800,31.5,400,0,6800
DIVISLAB30JAN201820PE.NFO,07/01/2020,09:52:32,31,30,800,31.55,400,0,6800
DIVISLAB30JAN201820PE.NFO,07/01/2020,09:52:36,31,30.05,800,31.6,400,0,6800
DIVISLAB30JAN201820PE.NFO,07/01/2020,09:52:41,31,30.05,800,31.65,400,0,6800
DIVISLAB30JAN201820PE.NFO,07/01/2020,09:53:06,31,30.2,400,31.75,400,0,6800
DIVISLAB30JAN201820PE.NFO,07/01/2020,09:53:12,31,29.2,400,31.7,800,0,6800
DIVISLAB30JAN201820PE.NFO,07/01/2020,09:53:22,31,29.15,400,31.7,800,0,6800
DIVISLAB30JAN201820PE.NFO,07/01/2020,09:54:07,31,29.55,800,31.7,800,0,6800
DIVISLAB30JAN201820PE.NFO,07/01/2020,09:54:57,31,29.6,400,31.7,800,0,6800
DIVISLAB30JAN201820PE.NFO,07/01/2020,09:55:11,31,29.55,800,31.7,800,0,6800
DIVISLAB30JAN201820PE.NFO,07/01/2020,09:55:37,31,29.8,400,31.7,800,0,6800
DIVISLAB30JAN201820PE.NFO,07/01/2020,09:55:42,31,29.75,800,31.7,800,0,6800
DIVISLAB30JAN201820PE.NFO,07/01/2020,09:55:54,31,30,800,31.7,800,0,6800
DIVISLAB30JAN201820PE.NFO,07/01/2020,09:56:01,31,30,1200,31.7,800,0,6800
DIVISLAB30JAN201820PE.NFO,07/01/2020,09:56:20,31,30.15,400,31.7,800,0,6800
DIVISLAB30JAN201820PE.NFO,07/01/2020,09:56:38,31,30.05,1200,31.7,800,0,6800
DIVISLAB30JAN201820PE.NFO,07/01/2020,09:57:00,31,30.2,800,31.85,400,0,6800
DIVISLAB30JAN201820PE.NFO,07/01/2020,09:57:05,31,30.15,400,31.8,800,0,6800
DIVISLAB30JAN201820PE.NFO,07/01/2020,09:57:52,31,30.3,400,31.8,800,0,6800
DIVISLAB30JAN201820PE.NFO,07/01/2020,09:57:55,31,30.1,400,31.8,800,0,6800
DIVISLAB30JAN201820PE.NFO,07/01/2020,09:58:05,31,30.05,800,31.8,800,0,6800
DIVISLAB30JAN201820PE.NFO,07/01/2020,09:58:23,31,30.15,400,31.8,800,0,6800
DIVISLAB30JAN201820PE.NFO,07/01/2020,09:58:27,31,30.2,400,31.8,800,0,6800
DIVISLAB30JAN201820PE.NFO,07/01/2020,09:58:36,31,30.2,800,31.8,800,0,6800
DIVISLAB30JAN201820PE.NFO,07/01/2020,09:58:51,31,30.2,800,31.7,400,0,6800
DIVISLAB30JAN201820PE.NFO,07/01/2020,09:58:57,31,30.25,1200,31.7,400,0,6800
DIVISLAB30JAN201820PE.NFO,07/01/2020,09:59:02,31,30.2,800,31.8,800,0,6800
DIVISLAB30JAN201820PE.NFO,07/01/2020,09:59:12,31,30.2,800,31.8,400,0,6800
DIVISLAB30JAN201820PE.NFO,07/01/2020,09:59:25,31,30.2,800,31.95,400,0,6800
DIVISLAB30JAN201820PE.NFO,07/01/2020,09:59:30,31,30.2,800,31.95,800,0,6800
DIVISLAB30JAN201820PE.NFO,07/01/2020,09:59:35,31,30.3,800,31.75,400,0,6800
DIVISLAB30JAN201820PE.NFO,07/01/2020,09:59:59,31,30.3,800,31.85,400,0,6800
DIVISLAB30JAN201820PE.NFO,07/01/2020,10:00:11,31,30.2,800,31.7,400,0,6800
DIVISLAB30JAN201820PE.NFO,07/01/2020,10:00:25,31,30.05,400,31.7,800,0,6800
DIVISLAB30JAN201820PE.NFO,07/01/2020,10:00:49,31,30.05,800,31.7,800,0,6800
DIVISLAB30JAN201820PE.NFO,07/01/2020,10:00:55,31,30.3,400,31.7,800,0,6800
DIVISLAB30JAN201820PE.NFO,07/01/2020,10:01:01,31,30.45,400,31.7,800,0,6800
DIVISLAB30JAN201820PE.NFO,07/01/2020,10:01:25,31,29.95,400,31.5,400,0,6800
DIVISLAB30JAN201820PE.NFO,07/01/2020,10:01:31,31,29.85,400,31.5,400,0,6800
DIVISLAB30JAN201820PE.NFO,07/01/2020,10:01:36,31,29.8,800,31.4,400,0,6800
DIVISLAB30JAN201820PE.NFO,07/01/2020,10:01:43,31,29.9,400,31.4,400,0,6800
DIVISLAB30JAN201820PE.NFO,07/01/2020,10:01:58,31,29.5,400,31.4,400,0,6800
DIVISLAB30JAN201820PE.NFO,07/01/2020,10:02:04,31,29.7,400,31.4,400,0,6800
DIVISLAB30JAN201820PE.NFO,07/01/2020,10:02:09,31,29.65,400,31.4,400,0,6800
DIVISLAB30JAN201820PE.NFO,07/01/2020,10:02:15,31,29.7,400,31.3,400,0,6800
DIVISLAB30JAN201820PE.NFO,07/01/2020,10:02:26,31,30,400,31.3,400,0,6800
DIVISLAB30JAN201820PE.NFO,07/01/2020,10:02:31,31,30.3,400,31.8,400,0,6800
DIVISLAB30JAN201820PE.NFO,07/01/2020,10:02:36,31,30.2,400,31.8,400,0,6800
DIVISLAB30JAN201820PE.NFO,07/01/2020,10:02:41,31,30.2,400,31.6,400,0,6800
DIVISLAB30JAN201820PE.NFO,07/01/2020,10:02:45,31,30.2,400,31.65,800,0,6800
DIVISLAB30JAN201820PE.NFO,07/01/2020,10:02:49,31,30.55,400,31.8,400,0,6800
DIVISLAB30JAN201820PE.NFO,07/01/2020,10:02:53,31,30.55,400,31.8,800,0,6800
DIVISLAB30JAN201820PE.NFO,07/01/2020,10:03:21,31,30.55,400,31.8,400,0,6800
DIVISLAB30JAN201820PE.NFO,07/01/2020,10:03:40,31,30.55,400,31.8,800,0,6800
DIVISLAB30JAN201820PE.NFO,07/01/2020,10:03:45,31,30.55,400,31.8,400,0,6800
DIVISLAB30JAN201820PE.NFO,07/01/2020,10:03:54,31,30.45,800,31.75,400,0,6800
DIVISLAB30JAN201820PE.NFO,07/01/2020,10:04:08,31,30.45,400,31.75,400,0,6800
DIVISLAB30JAN201820PE.NFO,07/01/2020,10:04:13,31,30.4,400,31.45,400,0,6800
DIVISLAB30JAN201820PE.NFO,07/01/2020,10:04:44,31,30.5,400,31.65,400,0,6800
DIVISLAB30JAN201820PE.NFO,07/01/2020,10:05:04,31,30.5,400,31.8,400,0,6800
DIVISLAB30JAN201820PE.NFO,07/01/2020,10:05:08,31,30.75,400,32.05,800,0,6800
DIVISLAB30JAN201820PE.NFO,07/01/2020,10:05:12,31,30.85,400,32.05,800,0,6800
DIVISLAB30JAN201820PE.NFO,07/01/2020,10:05:15,31,30.75,400,32.05,800,0,6800
DIVISLAB30JAN201820PE.NFO,07/01/2020,10:05:25,31,30.8,400,32.05,800,0,6800
DIVISLAB30JAN201820PE.NFO,07/01/2020,10:05:45,31,30.7,400,32.05,800,0,6800
DIVISLAB30JAN201820PE.NFO,07/01/2020,10:05:51,31,30.6,800,31.8,400,0,6800
DIVISLAB30JAN201820PE.NFO,07/01/2020,10:05:56,31,30.6,800,31.8,800,0,6800
DIVISLAB30JAN201820PE.NFO,07/01/2020,10:06:01,31,30.6,800,31.8,400,0,6800
DIVISLAB30JAN201820PE.NFO,07/01/2020,10:06:06,31,30.7,400,31.8,400,0,6800
DIVISLAB30JAN201820PE.NFO,07/01/2020,10:06:15,31,30.7,400,32,400,0,6800
DIVISLAB30JAN201820PE.NFO,07/01/2020,10:06:23,31,30.7,400,32,800,0,6800
DIVISLAB30JAN201820PE.NFO,07/01/2020,10:06:44,31,30.7,400,32,400,0,6800
DIVISLAB30JAN201820PE.NFO,07/01/2020,10:06:59,31,30.7,400,32,800,0,6800
DIVISLAB30JAN201820PE.NFO,07/01/2020,10:07:05,31,30.7,400,32,400,0,6800
DIVISLAB30JAN201820PE.NFO,07/01/2020,10:07:15,31,30.7,400,32,800,0,6800
DIVISLAB30JAN201820PE.NFO,07/01/2020,10:07:20,31,30.7,400,32,400,0,6800
DIVISLAB30JAN201820PE.NFO,07/01/2020,10:08:06,31,30.75,400,32.35,800,0,6800
DIVISLAB30JAN201820PE.NFO,07/01/2020,10:08:10,31,31,400,32.35,800,0,6800
DIVISLAB30JAN201820PE.NFO,07/01/2020,10:08:15,31,31,400,32.25,400,0,6800
DIVISLAB30JAN201820PE.NFO,07/01/2020,10:08:20,31,30.9,400,32.25,400,0,6800
DIVISLAB30JAN201820PE.NFO,07/01/2020,10:08:29,31,30.8,400,32.25,400,0,6800
DIVISLAB30JAN201820PE.NFO,07/01/2020,10:08:34,31,31,400,32.25,400,0,6800
DIVISLAB30JAN201820PE.NFO,07/01/2020,10:08:40,31,31.1,400,32.3,800,0,6800
DIVISLAB30JAN201820PE.NFO,07/01/2020,10:08:44,31,30.5,400,31.95,400,0,6800
DIVISLAB30JAN201820PE.NFO,07/01/2020,10:08:49,31,30.45,400,31.95,400,0,6800
DIVISLAB30JAN201820PE.NFO,07/01/2020,10:09:06,31,30.7,400,32.65,400,0,6800
DIVISLAB30JAN201820PE.NFO,07/01/2020,10:09:14,31,30.8,400,32.65,400,0,6800
DIVISLAB30JAN201820PE.NFO,07/01/2020,10:09:46,31,31.1,400,32.65,400,0,6800
DIVISLAB30JAN201820PE.NFO,07/01/2020,10:09:59,31,31,400,32.65,400,0,6800
DIVISLAB30JAN201820PE.NFO,07/01/2020,10:10:44,31,30.95,800,32.65,400,400,6400
DIVISLAB30JAN201820PE.NFO,07/01/2020,10:10:47,31,30.95,400,32.65,400,0,6400
DIVISLAB30JAN201820PE.NFO,07/01/2020,10:10:57,31,30.95,400,32.35,400,0,6400
DIVISLAB30JAN201820PE.NFO,07/01/2020,10:11:01,31,30.95,400,32.2,400,0,6400
DIVISLAB30JAN201820PE.NFO,07/01/2020,10:11:17,31,30.95,400,32.2,800,0,6400
DIVISLAB30JAN201820PE.NFO,07/01/2020,10:11:21,31,30.95,400,32.2,400,0,6400
DIVISLAB30JAN201820PE.NFO,07/01/2020,10:11:28,31,30.95,400,32.2,800,0,6400
DIVISLAB30JAN201820PE.NFO,07/01/2020,10:11:52,31,31.05,400,32.2,800,0,6400
DIVISLAB30JAN201820PE.NFO,07/01/2020,10:12:01,31,31.05,800,32.35,400,0,6400
DIVISLAB30JAN201820PE.NFO,07/01/2020,10:12:09,31,31.05,400,32.5,400,0,6400
DIVISLAB30JAN201820PE.NFO,07/01/2020,10:12:20,31,32,400,32.5,400,0,6400
DIVISLAB30JAN201820PE.NFO,07/01/2020,10:12:34,32.5,32,400,32.55,400,400,6000
DIVISLAB30JAN201820PE.NFO,07/01/2020,10:12:39,32.5,32.1,400,33.45,400,0,6000
DIVISLAB30JAN201820PE.NFO,07/01/2020,10:12:43,32.5,32.25,400,33.9,400,0,6000
DIVISLAB30JAN201820PE.NFO,07/01/2020,10:12:54,32.5,31.65,400,33.55,800,0,6000
DIVISLAB30JAN201820PE.NFO,07/01/2020,10:13:10,32.5,31.65,400,33.55,400,0,6000
DIVISLAB30JAN201820PE.NFO,07/01/2020,10:13:19,32.5,31.75,400,33.15,400,0,6000
DIVISLAB30JAN201820PE.NFO,07/01/2020,10:13:37,32.5,31.95,400,33.15,400,0,6000
DIVISLAB30JAN201820PE.NFO,07/01/2020,10:13:49,32.5,31.9,400,33.15,400,0,6000
DIVISLAB30JAN201820PE.NFO,07/01/2020,10:14:09,32.5,31.85,800,33.15,400,0,6000
DIVISLAB30JAN201820PE.NFO,07/01/2020,10:14:20,32.5,31.3,800,33.15,400,0,6000
DIVISLAB30JAN201820PE.NFO,07/01/2020,10:14:24,32.5,31.4,400,33.15,400,0,6000
DIVISLAB30JAN201820PE.NFO,07/01/2020,10:14:29,32.5,31.45,400,33.15,400,0,6000
DIVISLAB30JAN201820PE.NFO,07/01/2020,10:14:34,32.5,31.4,400,33.15,400,0,6000
DIVISLAB30JAN201820PE.NFO,07/01/2020,10:14:39,32.5,31.45,400,33.15,400,0,6000
DIVISLAB30JAN201820PE.NFO,07/01/2020,10:14:44,32.5,31.55,400,33.15,400,0,6000
DIVISLAB30JAN201820PE.NFO,07/01/2020,10:14:58,32.5,31.8,400,33.15,400,0,6000
DIVISLAB30JAN201820PE.NFO,07/01/2020,10:15:29,31.8,31.65,800,33.15,400,400,6400
DIVISLAB30JAN201820PE.NFO,07/01/2020,10:15:34,31.8,31.75,400,33.15,400,0,6400
DIVISLAB30JAN201820PE.NFO,07/01/2020,10:16:24,31.8,32.1,400,33.9,400,0,6400
DIVISLAB30JAN201820PE.NFO,07/01/2020,10:16:29,31.8,32,400,33.9,400,0,6400
DIVISLAB30JAN201820PE.NFO,07/01/2020,10:16:37,31.8,32.3,400,33.9,400,0,6400
DIVISLAB30JAN201820PE.NFO,07/01/2020,10:16:42,31.8,32.65,400,34.6,400,0,6400
DIVISLAB30JAN201820PE.NFO,07/01/2020,10:16:46,31.8,32.65,800,34.4,400,0,6400
DIVISLAB30JAN201820PE.NFO,07/01/2020,10:16:54,31.8,32.75,400,34.4,400,0,6400
DIVISLAB30JAN201820PE.NFO,07/01/2020,10:17:02,31.8,32.65,400,34.4,400,0,6400
DIVISLAB30JAN201820PE.NFO,07/01/2020,10:17:06,31.8,32.65,400,33.75,400,0,6400
DIVISLAB30JAN201820PE.NFO,07/01/2020,10:17:09,31.8,32.6,400,33.75,800,0,6400
DIVISLAB30JAN201820PE.NFO,07/01/2020,10:17:13,31.8,32.5,400,33.75,800,0,6400
DIVISLAB30JAN201820PE.NFO,07/01/2020,10:17:17,31.8,32.4,800,33.75,800,0,6400
DIVISLAB30JAN201820PE.NFO,07/01/2020,10:17:22,31.8,32.5,400,33.75,800,0,6400
DIVISLAB30JAN201820PE.NFO,07/01/2020,10:17:39,31.8,32.4,400,33.75,800,0,6400
DIVISLAB30JAN201820PE.NFO,07/01/2020,10:17:50,31.8,32.45,400,33.85,400,0,6400
DIVISLAB30JAN201820PE.NFO,07/01/2020,10:17:54,31.8,32.45,400,33.75,400,0,6400
DIVISLAB30JAN201820PE.NFO,07/01/2020,10:18:13,31.8,32.45,400,33.8,800,0,6400
DIVISLAB30JAN201820PE.NFO,07/01/2020,10:18:34,31.8,32.3,400,33.8,800,0,6400
DIVISLAB30JAN201820PE.NFO,07/01/2020,10:18:39,31.8,32.4,400,33.6,400,0,6400
DIVISLAB30JAN201820PE.NFO,07/01/2020,10:18:54,31.8,32.4,400,33.9,400,0,6400
DIVISLAB30JAN201820PE.NFO,07/01/2020,10:18:59,31.8,32.7,400,34.45,400,0,6400
DIVISLAB30JAN201820PE.NFO,07/01/2020,10:19:04,31.8,32.8,400,34.2,400,0,6400
DIVISLAB30JAN201820PE.NFO,07/01/2020,10:19:12,31.8,32.8,400,34.2,800,0,6400
DIVISLAB30JAN201820PE.NFO,07/01/2020,10:19:40,31.8,32.8,400,34.2,400,0,6400
DIVISLAB30JAN201820PE.NFO,07/01/2020,10:19:48,31.8,32.8,400,34.2,800,0,6400
DIVISLAB30JAN201820PE.NFO,07/01/2020,10:19:58,31.8,32.8,400,34.2,400,0,6400
DIVISLAB30JAN201820PE.NFO,07/01/2020,10:20:02,31.8,32.8,400,34.2,800,0,6400
DIVISLAB30JAN201820PE.NFO,07/01/2020,10:20:16,31.8,32.9,400,34.2,800,0,6400
DIVISLAB30JAN201820PE.NFO,07/01/2020,10:20:20,31.8,32.9,800,34.2,800,0,6400
DIVISLAB30JAN201820PE.NFO,07/01/2020,10:20:24,31.8,32.8,800,34.2,800,0,6400
DIVISLAB30JAN201820PE.NFO,07/01/2020,10:20:28,31.8,32.9,400,34.2,400,0,6400
DIVISLAB30JAN201820PE.NFO,07/01/2020,10:21:30,31.8,32.8,800,34.2,800,0,6400
DIVISLAB30JAN201820PE.NFO,07/01/2020,10:21:37,31.8,32.65,800,34.2,800,0,6400
DIVISLAB30JAN201820PE.NFO,07/01/2020,10:21:45,31.8,32.45,400,34.2,800,0,6400
DIVISLAB30JAN201820PE.NFO,07/01/2020,10:21:49,31.8,32.35,400,34.1,400,0,6400
DIVISLAB30JAN201820PE.NFO,07/01/2020,10:21:53,31.8,32.5,400,34.1,400,0,6400
DIVISLAB30JAN201820PE.NFO,07/01/2020,10:22:01,31.8,32.75,400,34.2,800,0,6400
DIVISLAB30JAN201820PE.NFO,07/01/2020,10:22:06,31.8,32.65,400,34.2,800,0,6400
DIVISLAB30JAN201820PE.NFO,07/01/2020,10:22:11,31.8,32.45,400,34.2,800,0,6400
DIVISLAB30JAN201820PE.NFO,07/01/2020,10:22:15,31.8,32.35,400,33.8,400,0,6400
DIVISLAB30JAN201820PE.NFO,07/01/2020,10:22:19,31.8,32.45,800,33.8,800,0,6400
DIVISLAB30JAN201820PE.NFO,07/01/2020,10:22:23,31.8,32.25,400,33.8,800,0,6400
DIVISLAB30JAN201820PE.NFO,07/01/2020,10:22:27,31.8,32.15,400,33.55,400,0,6400
DIVISLAB30JAN201820PE.NFO,07/01/2020,10:22:31,31.8,32.15,400,33.5,400,0,6400
DIVISLAB30JAN201820PE.NFO,07/01/2020,10:22:36,31.8,32.45,400,33.9,400,0,6400
DIVISLAB30JAN201820PE.NFO,07/01/2020,10:22:40,31.8,32.4,400,33.9,400,0,6400
DIVISLAB30JAN201820PE.NFO,07/01/2020,10:22:52,31.8,32.6,400,33.95,800,0,6400
DIVISLAB30JAN201820PE.NFO,07/01/2020,10:23:12,31.8,32.5,800,33.85,400,0,6400
DIVISLAB30JAN201820PE.NFO,07/01/2020,10:23:16,31.8,32.6,400,33.95,800,0,6400
DIVISLAB30JAN201820PE.NFO,07/01/2020,10:23:20,31.8,32.6,400,33.95,400,0,6400
DIVISLAB30JAN201820PE.NFO,07/01/2020,10:23:25,31.8,32.8,800,34.1,800,0,6400
DIVISLAB30JAN201820PE.NFO,07/01/2020,10:23:30,31.8,32.8,400,34.05,400,0,6400
DIVISLAB30JAN201820PE.NFO,07/01/2020,10:23:39,31.8,32.8,400,34.65,800,0,6400
DIVISLAB30JAN201820PE.NFO,07/01/2020,10:23:43,31.8,32.9,400,34.3,400,0,6400
DIVISLAB30JAN201820PE.NFO,07/01/2020,10:23:46,31.8,32.8,400,34.3,800,0,6400
DIVISLAB30JAN201820PE.NFO,07/01/2020,10:23:51,31.8,32.8,400,34.1,400,0,6400
DIVISLAB30JAN201820PE.NFO,07/01/2020,10:23:56,31.8,32.75,800,34.1,400,0,6400
DIVISLAB30JAN201820PE.NFO,07/01/2020,10:24:16,31.8,32.85,400,34.1,400,0,6400
DIVISLAB30JAN201820PE.NFO,07/01/2020,10:24:23,31.8,32.75,800,34.1,400,0,6400
DIVISLAB30JAN201820PE.NFO,07/01/2020,10:24:28,31.8,32.85,400,34.1,400,0,6400
DIVISLAB30JAN201820PE.NFO,07/01/2020,10:24:37,31.8,32.75,800,34.05,400,0,6400
DIVISLAB30JAN201820PE.NFO,07/01/2020,10:24:40,31.8,32.75,800,34.15,800,0,6400
DIVISLAB30JAN201820PE.NFO,07/01/2020,10:24:44,31.8,32.65,400,34.15,800,0,6400
DIVISLAB30JAN201820PE.NFO,07/01/2020,10:24:57,31.8,32.65,400,34.15,400,0,6400
DIVISLAB30JAN201820PE.NFO,07/01/2020,10:25:01,31.8,32.75,400,34.2,400,0,6400
DIVISLAB30JAN201820PE.NFO,07/01/2020,10:25:13,31.8,32.65,400,34.2,400,0,6400
DIVISLAB30JAN201820PE.NFO,07/01/2020,10:25:17,31.8,32.9,400,34.25,400,0,6400
DIVISLAB30JAN201820PE.NFO,07/01/2020,10:25:21,31.8,32.8,400,34.15,400,0,6400
DIVISLAB30JAN201820PE.NFO,07/01/2020,10:25:26,31.8,32.8,400,34.35,400,0,6400
DIVISLAB30JAN201820PE.NFO,07/01/2020,10:25:30,31.8,32.65,400,34.2,800,0,6400
DIVISLAB30JAN201820PE.NFO,07/01/2020,10:25:36,31.8,32.65,400,34.15,400,0,6400
DIVISLAB30JAN201820PE.NFO,07/01/2020,10:25:41,31.8,32.65,800,34.45,400,0,6400
DIVISLAB30JAN201820PE.NFO,07/01/2020,10:25:47,31.8,32.65,800,34.5,400,0,6400
DIVISLAB30JAN201820PE.NFO,07/01/2020,10:25:52,31.8,32.65,800,34.4,800,0,6400
DIVISLAB30JAN201820PE.NFO,07/01/2020,10:25:56,31.8,32.65,800,34.5,400,0,6400
DIVISLAB30JAN201820PE.NFO,07/01/2020,10:26:00,31.8,32.65,800,34.65,1200,0,6400
DIVISLAB30JAN201820PE.NFO,07/01/2020,10:26:21,31.8,32.65,400,34.65,800,0,6400
DIVISLAB30JAN201820PE.NFO,07/01/2020,10:27:04,31.8,32.6,800,34.3,400,0,6400
DIVISLAB30JAN201820PE.NFO,07/01/2020,10:27:08,31.8,32.6,800,34.5,400,0,6400
DIVISLAB30JAN201820PE.NFO,07/01/2020,10:27:20,31.8,32.6,400,34.5,400,0,6400
DIVISLAB30JAN201820PE.NFO,07/01/2020,10:27:28,31.8,32.6,400,34.55,400,0,6400
DIVISLAB30JAN201820PE.NFO,07/01/2020,10:27:42,31.8,32.6,400,34.65,400,0,6400
DIVISLAB30JAN201820PE.NFO,07/01/2020,10:27:56,31.8,32.6,400,34.7,400,0,6400
DIVISLAB30JAN201820PE.NFO,07/01/2020,10:28:02,31.8,32.6,400,34.5,800,0,6400
DIVISLAB30JAN201820PE.NFO,07/01/2020,10:28:06,31.8,32.6,400,34.35,400,0,6400
DIVISLAB30JAN201820PE.NFO,07/01/2020,10:29:00,31.8,32.6,400,34.55,800,0,6400
DIVISLAB30JAN201820PE.NFO,07/01/2020,10:29:19,31.8,32.6,400,34.65,400,0,6400
DIVISLAB30JAN201820PE.NFO,07/01/2020,10:29:39,31.8,32.6,400,34.7,400,0,6400
DIVISLAB30JAN201820PE.NFO,07/01/2020,10:29:47,31.8,32.6,400,34.75,400,0,6400
DIVISLAB30JAN201820PE.NFO,07/01/2020,10:29:53,31.8,32.6,400,34.55,400,0,6400
DIVISLAB30JAN201820PE.NFO,07/01/2020,10:29:58,31.8,32.6,400,34.75,400,0,6400
DIVISLAB30JAN201820PE.NFO,07/01/2020,10:30:01,31.8,32.6,400,34.8,400,0,6400
DIVISLAB30JAN201820PE.NFO,07/01/2020,10:30:25,31.8,32.6,400,34.65,400,0,6400
DIVISLAB30JAN201820PE.NFO,07/01/2020,10:30:45,31.8,32.6,400,34.45,400,0,6400
DIVISLAB30JAN201820PE.NFO,07/01/2020,10:30:49,31.8,32.6,400,34.45,800,0,6400
DIVISLAB30JAN201820PE.NFO,07/01/2020,10:30:52,31.8,32.6,400,35.7,800,0,6400
DIVISLAB30JAN201820PE.NFO,07/01/2020,10:30:55,31.8,32.85,400,35.4,1200,0,6400
DIVISLAB30JAN201820PE.NFO,07/01/2020,10:31:02,31.8,32.85,400,35.05,800,0,6400
DIVISLAB30JAN201820PE.NFO,07/01/2020,10:31:06,31.8,33,400,35.2,400,0,6400
DIVISLAB30JAN201820PE.NFO,07/01/2020,10:31:18,31.8,33,400,35.25,400,0,6400
DIVISLAB30JAN201820PE.NFO,07/01/2020,10:31:32,31.8,33,400,35.35,400,0,6400
DIVISLAB30JAN201820PE.NFO,07/01/2020,10:31:47,31.8,33,400,35.1,400,0,6400
DIVISLAB30JAN201820PE.NFO,07/01/2020,10:31:51,31.8,33.15,400,35.1,400,0,6400
DIVISLAB30JAN201820PE.NFO,07/01/2020,10:31:59,31.8,33.15,400,35,400,0,6400
DIVISLAB30JAN201820PE.NFO,07/01/2020,10:32:07,31.8,33.05,400,34.6,400,0,6400
DIVISLAB30JAN201820PE.NFO,07/01/2020,10:32:16,31.8,33.05,400,34.8,400,0,6400
DIVISLAB30JAN201820PE.NFO,07/01/2020,10:32:20,31.8,33.05,400,34.8,800,0,6400
DIVISLAB30JAN201820PE.NFO,07/01/2020,10:32:25,31.8,33,400,34.55,400,0,6400
DIVISLAB30JAN201820PE.NFO,07/01/2020,10:32:30,31.8,33,400,34.75,400,0,6400
DIVISLAB30JAN201820PE.NFO,07/01/2020,10:33:00,31.8,33.15,400,34.85,400,0,6400
DIVISLAB30JAN201820PE.NFO,07/01/2020,10:33:19,31.8,33.15,400,34.8,400,0,6400
DIVISLAB30JAN201820PE.NFO,07/01/2020,10:33:22,31.8,33.15,400,34.8,800,0,6400
DIVISLAB30JAN201820PE.NFO,07/01/2020,10:33:29,31.8,33.15,400,34.95,400,0,6400
DIVISLAB30JAN201820PE.NFO,07/01/2020,10:33:40,31.8,33.15,400,35.1,400,0,6400
DIVISLAB30JAN201820PE.NFO,07/01/2020,10:33:46,31.8,33.15,400,35.1,800,0,6400
DIVISLAB30JAN201820PE.NFO,07/01/2020,10:33:52,31.8,33.15,400,35.1,1200,0,6400
DIVISLAB30JAN201820PE.NFO,07/01/2020,10:33:57,31.8,33.15,400,35.1,800,0,6400
DIVISLAB30JAN201820PE.NFO,07/01/2020,10:34:00,31.8,33.15,400,35.1,1200,0,6400
DIVISLAB30JAN201820PE.NFO,07/01/2020,10:34:07,31.8,33.3,400,35.2,400,0,6400
DIVISLAB30JAN201820PE.NFO,07/01/2020,10:34:14,31.8,33.3,400,35.15,400,0,6400
DIVISLAB30JAN201820PE.NFO,07/01/2020,10:34:18,31.8,33.3,400,35.2,400,0,6400
DIVISLAB30JAN201820PE.NFO,07/01/2020,10:34:20,31.8,33.15,400,34.8,800,0,6400
DIVISLAB30JAN201820PE.NFO,07/01/2020,10:34:24,31.8,33.15,400,34.85,400,0,6400
DIVISLAB30JAN201820PE.NFO,07/01/2020,10:34:27,31.8,33.15,400,34.9,400,0,6400
DIVISLAB30JAN201820PE.NFO,07/01/2020,10:34:35,31.8,33.15,400,35.1,400,0,6400
DIVISLAB30JAN201820PE.NFO,07/01/2020,10:34:38,31.8,33.15,400,35.25,400,0,6400
DIVISLAB30JAN201820PE.NFO,07/01/2020,10:34:42,31.8,33.15,400,35.25,1200,0,6400
DIVISLAB30JAN201820PE.NFO,07/01/2020,10:34:46,31.8,32.55,400,34.9,800,0,6400
DIVISLAB30JAN201820PE.NFO,07/01/2020,10:35:02,31.8,32.55,800,34.95,800,0,6400
DIVISLAB30JAN201820PE.NFO,07/01/2020,10:35:12,31.8,32.55,800,35,800,0,6400
DIVISLAB30JAN201820PE.NFO,07/01/2020,10:35:15,31.8,32.55,400,34.95,800,0,6400
DIVISLAB30JAN201820PE.NFO,07/01/2020,10:35:22,31.8,32.55,400,34.9,800,0,6400
DIVISLAB30JAN201820PE.NFO,07/01/2020,10:35:24,31.8,32.55,800,34.95,800,0,6400
DIVISLAB30JAN201820PE.NFO,07/01/2020,10:35:27,31.8,32.55,800,35,800,0,6400
DIVISLAB30JAN201820PE.NFO,07/01/2020,10:35:37,31.8,32.55,800,34.95,800,0,6400
DIVISLAB30JAN201820PE.NFO,07/01/2020,10:35:41,31.8,32.55,800,34.9,800,0,6400
DIVISLAB30JAN201820PE.NFO,07/01/2020,10:35:49,31.8,32.55,800,34.95,800,0,6400
DIVISLAB30JAN201820PE.NFO,07/01/2020,10:35:51,31.8,32.55,800,34.9,800,0,6400
DIVISLAB30JAN201820PE.NFO,07/01/2020,10:35:54,31.8,32.55,400,34.85,800,0,6400
DIVISLAB30JAN201820PE.NFO,07/01/2020,10:36:00,31.8,32.55,400,34.95,800,0,6400
DIVISLAB30JAN201820PE.NFO,07/01/2020,10:36:06,31.8,33.05,400,35,800,0,6400
DIVISLAB30JAN201820PE.NFO,07/01/2020,10:36:09,31.8,33.05,400,34.9,800,0,6400
DIVISLAB30JAN201820PE.NFO,07/01/2020,10:36:12,34.9,33.75,400,34.95,400,400,6000
DIVISLAB30JAN201820PE.NFO,07/01/2020,10:36:12,34.9,33.75,400,34.95,400,0,6000
DIVISLAB30JAN201820PE.NFO,07/01/2020,10:36:14,34.9,33.75,400,35,400,0,6000
DIVISLAB30JAN201820PE.NFO,07/01/2020,10:36:18,34.9,33.75,400,34.9,400,0,6000
DIVISLAB30JAN201820PE.NFO,07/01/2020,10:36:21,34.9,33.75,400,34.95,400,0,6000
DIVISLAB30JAN201820PE.NFO,07/01/2020,10:36:27,34.9,33.75,400,34.9,400,0,6000
DIVISLAB30JAN201820PE.NFO,07/01/2020,10:36:30,34.9,33.75,400,34.8,400,0,6000
DIVISLAB30JAN201820PE.NFO,07/01/2020,10:36:31,34.9,33.65,400,34.7,400,0,6000
DIVISLAB30JAN201820PE.NFO,07/01/2020,10:36:33,34.7,33.65,400,35.5,400,400,6000
DIVISLAB30JAN201820PE.NFO,07/01/2020,10:36:36,34.7,33.65,400,35.5,400,0,6000
DIVISLAB30JAN201820PE.NFO,07/01/2020,10:36:38,34.7,33.65,400,35.55,400,0,6000
DIVISLAB30JAN201820PE.NFO,07/01/2020,10:36:40,34.7,33.65,400,35.6,400,0,6000
DIVISLAB30JAN201820PE.NFO,07/01/2020,10:36:48,34.7,33.65,400,35.7,400,0,6000
DIVISLAB30JAN201820PE.NFO,07/01/2020,10:38:05,34.7,33.65,400,36.25,400,0,6000
DIVISLAB30JAN201820PE.NFO,07/01/2020,10:39:51,34.7,33.65,400,36.15,400,0,6000
DIVISLAB30JAN201820PE.NFO,07/01/2020,10:40:06,34.7,33.65,400,35.95,400,0,6000
DIVISLAB30JAN201820PE.NFO,07/01/2020,10:40:18,34.7,33.3,800,35.95,400,0,6000
DIVISLAB30JAN201820PE.NFO,07/01/2020,10:40:20,34.7,33.55,400,35.95,400,0,6000
DIVISLAB30JAN201820PE.NFO,07/01/2020,10:40:42,34.7,33.7,400,35.65,400,0,6000
DIVISLAB30JAN201820PE.NFO,07/01/2020,10:40:45,34.7,33.1,400,35.65,400,0,6000
DIVISLAB30JAN201820PE.NFO,07/01/2020,10:40:48,34.7,33.35,400,35.65,400,0,6000
DIVISLAB30JAN201820PE.NFO,07/01/2020,10:40:58,34.7,33.5,800,35.65,400,0,6000
DIVISLAB30JAN201820PE.NFO,07/01/2020,10:41:01,34.7,33.45,800,35.65,400,0,6000
DIVISLAB30JAN201820PE.NFO,07/01/2020,10:41:08,34.7,33.45,400,35.65,400,0,6000
DIVISLAB30JAN201820PE.NFO,07/01/2020,10:41:12,34.7,33.4,400,35.65,400,0,6000
DIVISLAB30JAN201820PE.NFO,07/01/2020,10:41:23,34.7,33.45,800,35.65,400,0,6000
DIVISLAB30JAN201820PE.NFO,07/01/2020,10:41:28,34.7,33.35,800,35.65,400,0,6000
DIVISLAB30JAN201820PE.NFO,07/01/2020,10:41:46,34.7,33.4,400,35.65,400,0,6000
DIVISLAB30JAN201820PE.NFO,07/01/2020,10:41:50,34.7,33.35,400,35.65,400,0,6000
DIVISLAB30JAN201820PE.NFO,07/01/2020,10:41:54,34.7,34,400,35.35,400,0,6000
DIVISLAB30JAN201820PE.NFO,07/01/2020,10:41:59,34.7,34.5,400,35.35,400,0,6000
DIVISLAB30JAN201820PE.NFO,07/01/2020,10:42:23,34.7,34.75,400,35.35,400,0,6000
DIVISLAB30JAN201820PE.NFO,07/01/2020,10:42:26,35,33.55,400,35.15,400,400,6000
DIVISLAB30JAN201820PE.NFO,07/01/2020,10:42:26,35,33.55,400,35.15,400,0,6000
DIVISLAB30JAN201820PE.NFO,07/01/2020,10:42:29,35,33.65,400,36.25,400,0,6000
DIVISLAB30JAN201820PE.NFO,07/01/2020,10:42:33,35,33.95,400,35.65,400,0,6000
DIVISLAB30JAN201820PE.NFO,07/01/2020,10:42:37,35,33.95,400,35.45,400,0,6000
DIVISLAB30JAN201820PE.NFO,07/01/2020,10:42:40,35,34.15,400,35.45,400,0,6000
DIVISLAB30JAN201820PE.NFO,07/01/2020,10:43:00,35,34.15,400,35.35,400,0,6000
DIVISLAB30JAN201820PE.NFO,07/01/2020,10:43:02,35,34.15,400,35.4,400,0,6000
DIVISLAB30JAN201820PE.NFO,07/01/2020,10:43:08,35,34.15,400,35.45,400,0,6000
DIVISLAB30JAN201820PE.NFO,07/01/2020,10:43:12,35,34.15,400,35.55,400,0,6000
DIVISLAB30JAN201820PE.NFO,07/01/2020,10:43:24,35,34.5,400,35.45,400,0,6000
DIVISLAB30JAN201820PE.NFO,07/01/2020,10:43:39,35,34.5,400,35.5,400,0,6000
DIVISLAB30JAN201820PE.NFO,07/01/2020,10:43:54,35,34.5,400,35.4,400,0,6000
DIVISLAB30JAN201820PE.NFO,07/01/2020,10:43:57,35,34.5,400,35.4,800,0,6000
DIVISLAB30JAN201820PE.NFO,07/01/2020,10:45:56,34.5,33.7,400,35.4,400,400,6400
DIVISLAB30JAN201820PE.NFO,07/01/2020,10:45:58,34.5,33.7,400,35.4,400,0,6400
DIVISLAB30JAN201820PE.NFO,07/01/2020,10:46:01,34.5,34.05,400,35.4,400,0,6400
DIVISLAB30JAN201820PE.NFO,07/01/2020,10:46:27,34.5,34.15,400,35.4,400,0,6400
DIVISLAB30JAN201820PE.NFO,07/01/2020,10:47:07,34.5,34.15,400,35.35,400,0,6400
DIVISLAB30JAN201820PE.NFO,07/01/2020,10:47:15,34.5,34.1,400,35.25,400,0,6400
DIVISLAB30JAN201820PE.NFO,07/01/2020,10:47:20,34.5,34.1,400,35.15,400,0,6400
DIVISLAB30JAN201820PE.NFO,07/01/2020,10:47:25,34.5,34.15,400,35.2,400,0,6400
DIVISLAB30JAN201820PE.NFO,07/01/2020,10:47:37,34.5,34.15,400,35.2,800,0,6400
DIVISLAB30JAN201820PE.NFO,07/01/2020,10:47:42,34.5,34.15,400,35.25,400,0,6400
DIVISLAB30JAN201820PE.NFO,07/01/2020,10:47:45,34.5,34.15,400,35.2,400,0,6400
DIVISLAB30JAN201820PE.NFO,07/01/2020,10:47:56,34.5,34.15,400,35.4,800,0,6400
DIVISLAB30JAN201820PE.NFO,07/01/2020,10:48:34,34.5,33.8,400,35.3,400,0,6400
DIVISLAB30JAN201820PE.NFO,07/01/2020,10:48:40,34.5,33.9,400,35,400,0,6400
DIVISLAB30JAN201820PE.NFO,07/01/2020,10:48:44,34.5,33.9,400,35.25,400,0,6400
DIVISLAB30JAN201820PE.NFO,07/01/2020,10:48:48,34.5,33.9,400,35.3,400,0,6400
DIVISLAB30JAN201820PE.NFO,07/01/2020,10:49:02,34.5,33.9,400,35.35,400,0,6400
DIVISLAB30JAN201820PE.NFO,07/01/2020,10:49:34,34.5,33.9,400,35.4,400,0,6400
DIVISLAB30JAN201820PE.NFO,07/01/2020,10:49:37,34.5,33.9,400,35.35,400,0,6400
DIVISLAB30JAN201820PE.NFO,07/01/2020,10:49:44,34.5,33.9,400,35.4,400,0,6400
DIVISLAB30JAN201820PE.NFO,07/01/2020,10:49:49,34.5,34,800,34.5,400,0,6400
DIVISLAB30JAN201820PE.NFO,07/01/2020,10:49:52,34.5,34,400,35.3,400,400,6800
DIVISLAB30JAN201820PE.NFO,07/01/2020,10:49:57,34.5,34,800,35.5,400,0,6800
DIVISLAB30JAN201820PE.NFO,07/01/2020,10:50:04,34.75,34.1,400,35.4,400,400,6800
DIVISLAB30JAN201820PE.NFO,07/01/2020,10:50:10,34.75,34.1,400,35.4,400,0,6800
DIVISLAB30JAN201820PE.NFO,07/01/2020,10:50:21,34.75,34.05,400,35.4,400,0,6800
DIVISLAB30JAN201820PE.NFO,07/01/2020,10:50:25,34.75,34.1,800,35.4,400,0,6800
DIVISLAB30JAN201820PE.NFO,07/01/2020,10:50:33,34.75,34.1,800,36.25,400,0,6800
DIVISLAB30JAN201820PE.NFO,07/01/2020,10:50:37,34.75,34.1,800,35.7,800,0,6800
DIVISLAB30JAN201820PE.NFO,07/01/2020,10:50:42,34.75,34.1,800,35.7,1200,0,6800
DIVISLAB30JAN201820PE.NFO,07/01/2020,10:50:56,34.75,34.1,400,35.7,1200,0,6800
DIVISLAB30JAN201820PE.NFO,07/01/2020,10:50:59,34.75,34.1,800,35.7,1200,0,6800
DIVISLAB30JAN201820PE.NFO,07/01/2020,10:51:03,34.75,34.1,800,35,400,0,6800
DIVISLAB30JAN201820PE.NFO,07/01/2020,10:51:11,34.75,34.1,400,35,400,0,6800
DIVISLAB30JAN201820PE.NFO,07/01/2020,10:51:25,34.75,34.1,800,35,400,0,6800
DIVISLAB30JAN201820PE.NFO,07/01/2020,10:51:28,34.75,34.1,400,35,400,0,6800
DIVISLAB30JAN201820PE.NFO,07/01/2020,10:51:35,34.75,34.1,800,35,400,0,6800
DIVISLAB30JAN201820PE.NFO,07/01/2020,10:51:38,34.75,34.2,400,35,400,0,6800
DIVISLAB30JAN201820PE.NFO,07/01/2020,10:51:43,34.75,34.25,400,35,400,0,6800
DIVISLAB30JAN201820PE.NFO,07/01/2020,10:51:47,34.75,34.5,400,35,400,0,6800
DIVISLAB30JAN201820PE.NFO,07/01/2020,10:51:51,35,34.5,400,35.65,400,400,6800
DIVISLAB30JAN201820PE.NFO,07/01/2020,10:51:56,35,34.5,400,35.65,400,0,6800
DIVISLAB30JAN201820PE.NFO,07/01/2020,10:52:01,35,34.55,400,36.1,400,0,6800
DIVISLAB30JAN201820PE.NFO,07/01/2020,10:52:06,35,34.65,400,36.1,400,0,6800
DIVISLAB30JAN201820PE.NFO,07/01/2020,10:52:11,35,34.75,400,36.1,400,0,6800
DIVISLAB30JAN201820PE.NFO,07/01/2020,10:52:16,35,34.7,400,36.1,400,0,6800
DIVISLAB30JAN201820PE.NFO,07/01/2020,10:52:20,35,34.7,400,36.25,400,0,6800
DIVISLAB30JAN201820PE.NFO,07/01/2020,10:52:36,35,35.05,400,36.65,400,0,6800
DIVISLAB30JAN201820PE.NFO,07/01/2020,10:52:41,35,35.1,400,36.65,400,0,6800
DIVISLAB30JAN201820PE.NFO,07/01/2020,10:52:53,35,35.2,400,36.65,400,0,6800
DIVISLAB30JAN201820PE.NFO,07/01/2020,10:53:25,35,35.3,800,37,400,0,6800
DIVISLAB30JAN201820PE.NFO,07/01/2020,10:53:51,35,35.8,400,37.4,400,0,6800
DIVISLAB30JAN201820PE.NFO,07/01/2020,10:53:58,35,35.9,800,37.4,400,0,6800
DIVISLAB30JAN201820PE.NFO,07/01/2020,10:54:03,35,36.1,800,37.8,400,0,6800
DIVISLAB30JAN201820PE.NFO,07/01/2020,10:54:08,35,36.3,400,37.8,400,0,6800
DIVISLAB30JAN201820PE.NFO,07/01/2020,10:54:13,35,36.25,400,37.8,400,0,6800
DIVISLAB30JAN201820PE.NFO,07/01/2020,10:54:19,35,36.15,400,37.8,800,0,6800
DIVISLAB30JAN201820PE.NFO,07/01/2020,10:54:25,35,36,400,37.6,400,0,6800
DIVISLAB30JAN201820PE.NFO,07/01/2020,10:54:31,35,35.85,400,37.5,800,0,6800
DIVISLAB30JAN201820PE.NFO,07/01/2020,10:54:35,35,36.2,400,37.75,400,0,6800
DIVISLAB30JAN201820PE.NFO,07/01/2020,10:54:45,35,36.15,400,37.7,800,0,6800
DIVISLAB30JAN201820PE.NFO,07/01/2020,10:54:50,35,35.95,400,37.45,400,0,6800
DIVISLAB30JAN201820PE.NFO,07/01/2020,10:54:55,35,35.85,400,37.3,400,0,6800
DIVISLAB30JAN201820PE.NFO,07/01/2020,10:54:59,35,35.85,400,37.3,800,0,6800
DIVISLAB30JAN201820PE.NFO,07/01/2020,10:55:04,35,35.85,400,37.45,400,0,6800
DIVISLAB30JAN201820PE.NFO,07/01/2020,10:55:09,35,35.7,400,37.15,400,0,6800
DIVISLAB30JAN201820PE.NFO,07/01/2020,10:55:19,35,35.7,400,37.3,400,0,6800
DIVISLAB30JAN201820PE.NFO,07/01/2020,10:55:23,35,35.8,800,37.35,400,0,6800
DIVISLAB30JAN201820PE.NFO,07/01/2020,10:55:28,35,35.8,800,37.25,800,0,6800
DIVISLAB30JAN201820PE.NFO,07/01/2020,10:55:38,35,35.55,400,37.25,800,0,6800
DIVISLAB30JAN201820PE.NFO,07/01/2020,10:55:49,35,35.55,400,37.15,400,0,6800
DIVISLAB30JAN201820PE.NFO,07/01/2020,10:55:54,35,35.75,400,37.05,800,0,6800
DIVISLAB30JAN201820PE.NFO,07/01/2020,10:55:58,35,35.75,400,37.05,400,0,6800
DIVISLAB30JAN201820PE.NFO,07/01/2020,10:56:01,35,35.6,400,36.95,400,0,6800
DIVISLAB30JAN201820PE.NFO,07/01/2020,10:56:06,35,35.6,400,36.95,800,0,6800
DIVISLAB30JAN201820PE.NFO,07/01/2020,10:56:16,35,35.6,400,36.85,800,0,6800
DIVISLAB30JAN201820PE.NFO,07/01/2020,10:56:21,35,35.25,400,36.55,400,0,6800
DIVISLAB30JAN201820PE.NFO,07/01/2020,10:56:26,35,35.25,400,36.7,400,0,6800
DIVISLAB30JAN201820PE.NFO,07/01/2020,10:56:30,35,35.25,400,36.75,400,0,6800
DIVISLAB30JAN201820PE.NFO,07/01/2020,10:56:36,35,35.35,800,36.85,400,0,6800
DIVISLAB30JAN201820PE.NFO,07/01/2020,10:56:45,35,35.35,800,36.9,800,0,6800
DIVISLAB30JAN201820PE.NFO,07/01/2020,10:59:31,35,35.35,1200,36.85,400,0,6800
DIVISLAB30JAN201820PE.NFO,07/01/2020,10:59:37,35,35.35,800,36.85,400,0,6800
DIVISLAB30JAN201820PE.NFO,07/01/2020,10:59:47,35,35.35,1200,36.85,400,0,6800
DIVISLAB30JAN201820PE.NFO,07/01/2020,10:59:52,35,35.35,800,36.85,400,0,6800
DIVISLAB30JAN201820PE.NFO,07/01/2020,10:59:57,35,35.35,800,36.85,800,0,6800
DIVISLAB30JAN201820PE.NFO,07/01/2020,11:00:09,35,35.35,1200,36.9,400,0,6800
DIVISLAB30JAN201820PE.NFO,07/01/2020,11:00:15,35,35.35,800,36.85,400,0,6800
DIVISLAB30JAN201820PE.NFO,07/01/2020,11:00:35,35,35.35,1200,36.85,400,0,6800
DIVISLAB30JAN201820PE.NFO,07/01/2020,11:00:41,35,35.35,1200,36.9,400,0,6800
DIVISLAB30JAN201820PE.NFO,07/01/2020,11:01:16,35,35.35,800,36.85,800,0,6800
DIVISLAB30JAN201820PE.NFO,07/01/2020,11:01:43,35,34.85,400,36.75,800,0,6800
DIVISLAB30JAN201820PE.NFO,07/01/2020,11:01:50,35,34.6,800,36.45,800,0,6800
DIVISLAB30JAN201820PE.NFO,07/01/2020,11:01:58,35,34.15,400,35.75,800,0,6800
DIVISLAB30JAN201820PE.NFO,07/01/2020,11:02:04,35,34.3,400,35.8,800,0,6800
DIVISLAB30JAN201820PE.NFO,07/01/2020,11:02:11,35,34.1,800,35.8,800,0,6800
DIVISLAB30JAN201820PE.NFO,07/01/2020,11:02:23,35,33.6,400,35.8,800,0,6800
DIVISLAB30JAN201820PE.NFO,07/01/2020,11:02:30,35,33.6,800,35.8,800,0,6800
DIVISLAB30JAN201820PE.NFO,07/01/2020,11:02:42,35,33.15,400,34.9,800,0,6800
DIVISLAB30JAN201820PE.NFO,07/01/2020,11:02:47,35,33.5,400,34.95,400,0,6800
DIVISLAB30JAN201820PE.NFO,07/01/2020,11:02:53,35,33.25,400,34.75,400,0,6800
DIVISLAB30JAN201820PE.NFO,07/01/2020,11:02:59,35,33.25,1200,34.8,400,0,6800
DIVISLAB30JAN201820PE.NFO,07/01/2020,11:03:05,35,33.4,800,35.1,800,0,6800
DIVISLAB30JAN201820PE.NFO,07/01/2020,11:03:28,35,32.9,400,35.1,800,0,6800
DIVISLAB30JAN201820PE.NFO,07/01/2020,11:03:33,35,33,400,35.1,800,0,6800
DIVISLAB30JAN201820PE.NFO,07/01/2020,11:03:38,35,33.1,1200,35.1,800,0,6800
DIVISLAB30JAN201820PE.NFO,07/01/2020,11:03:44,35,33.35,400,35.1,800,0,6800
DIVISLAB30JAN201820PE.NFO,07/01/2020,11:04:08,35,33.1,400,35.1,800,0,6800
DIVISLAB30JAN201820PE.NFO,07/01/2020,11:04:26,35,33,400,35.1,800,0,6800
DIVISLAB30JAN201820PE.NFO,07/01/2020,11:04:38,35,32.8,800,35.1,800,0,6800
DIVISLAB30JAN201820PE.NFO,07/01/2020,11:04:43,35,33.05,800,35.1,800,0,6800
DIVISLAB30JAN201820PE.NFO,07/01/2020,11:04:49,35,33.25,400,34.9,400,0,6800
DIVISLAB30JAN201820PE.NFO,07/01/2020,11:04:56,35,33.5,400,35.55,400,0,6800
DIVISLAB30JAN201820PE.NFO,07/01/2020,11:05:01,35,33.6,400,35.1,400,0,6800
DIVISLAB30JAN201820PE.NFO,07/01/2020,11:05:33,35,33.05,1200,34.8,400,0,6800
DIVISLAB30JAN201820PE.NFO,07/01/2020,11:05:49,35,33.2,800,34.7,400,0,6800
DIVISLAB30JAN201820PE.NFO,07/01/2020,11:05:56,35,33.45,400,34.75,400,0,6800
DIVISLAB30JAN201820PE.NFO,07/01/2020,11:06:02,35,33.35,800,34.8,400,0,6800
DIVISLAB30JAN201820PE.NFO,07/01/2020,11:06:14,35,33.35,400,34.8,400,0,6800
DIVISLAB30JAN201820PE.NFO,07/01/2020,11:06:21,35,33.55,400,34.8,400,0,6800
DIVISLAB30JAN201820PE.NFO,07/01/2020,11:06:33,35,33.6,400,35.1,400,0,6800
DIVISLAB30JAN201820PE.NFO,07/01/2020,11:06:37,35,33.6,400,35,400,0,6800
DIVISLAB30JAN201820PE.NFO,07/01/2020,11:07:03,35,33.25,400,34.75,800,0,6800
DIVISLAB30JAN201820PE.NFO,07/01/2020,11:07:09,35,33.4,400,34.75,800,0,6800
DIVISLAB30JAN201820PE.NFO,07/01/2020,11:07:14,35,33.55,400,34.85,800,0,6800
DIVISLAB30JAN201820PE.NFO,07/01/2020,11:07:19,35,33.5,400,34.85,800,0,6800
DIVISLAB30JAN201820PE.NFO,07/01/2020,11:07:23,35,32.8,1600,34.75,400,0,6800
DIVISLAB30JAN201820PE.NFO,07/01/2020,11:07:28,35,33.3,400,34.75,400,0,6800
DIVISLAB30JAN201820PE.NFO,07/01/2020,11:07:33,35,33.55,400,34.95,400,0,6800
DIVISLAB30JAN201820PE.NFO,07/01/2020,11:07:38,35,33.8,400,34.95,800,0,6800
DIVISLAB30JAN201820PE.NFO,07/01/2020,11:07:43,35,33.85,400,35.15,400,0,6800
DIVISLAB30JAN201820PE.NFO,07/01/2020,11:07:47,35,33.75,400,35.2,400,0,6800
DIVISLAB30JAN201820PE.NFO,07/01/2020,11:07:52,35,33.85,400,35,400,0,6800
DIVISLAB30JAN201820PE.NFO,07/01/2020,11:07:56,35,33.4,400,34.9,800,0,6800
DIVISLAB30JAN201820PE.NFO,07/01/2020,11:08:00,35,33.55,400,34.9,800,0,6800
DIVISLAB30JAN201820PE.NFO,07/01/2020,11:08:05,35,33.6,400,34.9,800,0,6800
DIVISLAB30JAN201820PE.NFO,07/01/2020,11:08:09,35,33.45,400,34.9,800,0,6800
DIVISLAB30JAN201820PE.NFO,07/01/2020,11:08:13,35,33.75,400,34.9,800,0,6800
DIVISLAB30JAN201820PE.NFO,07/01/2020,11:08:17,35,33.45,400,34.9,800,0,6800
DIVISLAB30JAN201820PE.NFO,07/01/2020,11:08:20,35,33.6,400,34.9,800,0,6800
DIVISLAB30JAN201820PE.NFO,07/01/2020,11:08:24,35,33.5,400,34.9,800,0,6800
DIVISLAB30JAN201820PE.NFO,07/01/2020,11:08:29,35,33.45,400,34.9,800,0,6800
DIVISLAB30JAN201820PE.NFO,07/01/2020,11:08:35,35,33.35,400,34.9,800,0,6800
DIVISLAB30JAN201820PE.NFO,07/01/2020,11:08:40,35,33.55,400,34.9,800,0,6800
DIVISLAB30JAN201820PE.NFO,07/01/2020,11:08:45,35,33.65,400,34.95,400,0,6800
DIVISLAB30JAN201820PE.NFO,07/01/2020,11:08:49,35,33.85,400,34.9,400,0,6800
DIVISLAB30JAN201820PE.NFO,07/01/2020,11:08:53,35,33.5,400,34.95,400,0,6800
DIVISLAB30JAN201820PE.NFO,07/01/2020,11:08:58,35,33.8,400,35.65,800,0,6800
DIVISLAB30JAN201820PE.NFO,07/01/2020,11:09:03,35,33.9,400,35.65,800,0,6800
DIVISLAB30JAN201820PE.NFO,07/01/2020,11:09:12,35,34.05,400,35.65,800,0,6800
DIVISLAB30JAN201820PE.NFO,07/01/2020,11:09:16,35,34,400,35.65,800,0,6800
DIVISLAB30JAN201820PE.NFO,07/01/2020,11:09:21,35,34.05,400,35.65,800,0,6800
DIVISLAB30JAN201820PE.NFO,07/01/2020,11:09:26,35,34.1,400,35.65,800,0,6800
DIVISLAB30JAN201820PE.NFO,07/01/2020,11:09:39,35,34.05,400,35.65,800,0,6800
DIVISLAB30JAN201820PE.NFO,07/01/2020,11:09:43,35,34.1,400,35.65,800,0,6800
DIVISLAB30JAN201820PE.NFO,07/01/2020,11:09:51,35,34.05,400,35.65,800,0,6800
DIVISLAB30JAN201820PE.NFO,07/01/2020,11:09:54,35,34.1,400,35.65,800,0,6800
DIVISLAB30JAN201820PE.NFO,07/01/2020,11:10:20,35,34,400,35.65,800,0,6800
DIVISLAB30JAN201820PE.NFO,07/01/2020,11:10:24,35,34.1,400,35.65,800,0,6800
DIVISLAB30JAN201820PE.NFO,07/01/2020,11:10:47,35,34.25,800,35.65,800,0,6800
DIVISLAB30JAN201820PE.NFO,07/01/2020,11:11:01,35,34.7,400,36.25,800,0,6800
DIVISLAB30JAN201820PE.NFO,07/01/2020,11:11:13,35,34.95,400,36.35,800,0,6800
DIVISLAB30JAN201820PE.NFO,07/01/2020,11:11:20,35,34.95,400,36.4,800,0,6800
DIVISLAB30JAN201820PE.NFO,07/01/2020,11:11:27,35,35.25,400,36.5,400,0,6800
DIVISLAB30JAN201820PE.NFO,07/01/2020,11:11:34,35,35.4,400,36.5,400,0,6800
DIVISLAB30JAN201820PE.NFO,07/01/2020,11:11:46,35,35.2,400,36.45,400,0,6800
DIVISLAB30JAN201820PE.NFO,07/01/2020,11:11:57,35,35.3,800,36.5,400,0,6800
DIVISLAB30JAN201820PE.NFO,07/01/2020,11:12:19,35,35.45,400,36.5,400,0,6800
DIVISLAB30JAN201820PE.NFO,07/01/2020,11:12:33,35,35.35,400,36.45,400,0,6800
DIVISLAB30JAN201820PE.NFO,07/01/2020,11:12:49,35,35.25,400,36.5,400,0,6800
DIVISLAB30JAN201820PE.NFO,07/01/2020,11:12:54,35,35.25,400,36.45,400,0,6800
DIVISLAB30JAN201820PE.NFO,07/01/2020,11:12:58,35,35.25,800,36.5,400,0,6800
DIVISLAB30JAN201820PE.NFO,07/01/2020,11:13:21,35,34.95,400,36.05,400,0,6800
DIVISLAB30JAN201820PE.NFO,07/01/2020,11:13:27,35,35.05,1200,36.45,400,0,6800
DIVISLAB30JAN201820PE.NFO,07/01/2020,11:13:32,35,35.05,1200,36.5,400,0,6800
DIVISLAB30JAN201820PE.NFO,07/01/2020,11:13:39,35,35.05,800,36.35,400,0,6800
DIVISLAB30JAN201820PE.NFO,07/01/2020,11:13:45,35,35.05,400,36.35,400,0,6800
DIVISLAB30JAN201820PE.NFO,07/01/2020,11:14:13,35,35.05,800,36.35,400,0,6800
DIVISLAB30JAN201820PE.NFO,07/01/2020,11:14:45,35,35.15,400,36.35,400,0,6800
DIVISLAB30JAN201820PE.NFO,07/01/2020,11:14:49,35,34.85,1200,36.45,800,0,6800
DIVISLAB30JAN201820PE.NFO,07/01/2020,11:15:00,35,35,800,36.45,400,0,6800
DIVISLAB30JAN201820PE.NFO,07/01/2020,11:15:07,35,35.2,400,36.45,400,0,6800
DIVISLAB30JAN201820PE.NFO,07/01/2020,11:15:29,35,35.1,400,36.45,400,0,6800
DIVISLAB30JAN201820PE.NFO,07/01/2020,11:15:34,35,35,800,36.45,400,0,6800
DIVISLAB30JAN201820PE.NFO,07/01/2020,11:15:42,35,35.1,400,36.45,400,0,6800
DIVISLAB30JAN201820PE.NFO,07/01/2020,11:15:52,35,35.2,400,36.5,400,0,6800
DIVISLAB30JAN201820PE.NFO,07/01/2020,11:15:57,35,35.2,800,36.5,400,0,6800
DIVISLAB30JAN201820PE.NFO,07/01/2020,11:16:09,35,35.2,800,36.45,400,0,6800
DIVISLAB30JAN201820PE.NFO,07/01/2020,11:16:15,35,35.2,800,36.5,400,0,6800
DIVISLAB30JAN201820PE.NFO,07/01/2020,11:16:38,35,35.2,800,36.45,400,0,6800
DIVISLAB30JAN201820PE.NFO,07/01/2020,11:16:47,35,35.2,800,36.5,400,0,6800
DIVISLAB30JAN201820PE.NFO,07/01/2020,11:17:09,35,35.2,800,36.45,400,0,6800
DIVISLAB30JAN201820PE.NFO,07/01/2020,11:17:14,35,35.2,800,36.5,400,0,6800
DIVISLAB30JAN201820PE.NFO,07/01/2020,11:17:24,35,35.5,800,36.5,400,0,6800
DIVISLAB30JAN201820PE.NFO,07/01/2020,11:17:29,35,35.65,400,36.5,400,0,6800
DIVISLAB30JAN201820PE.NFO,07/01/2020,11:17:33,35,35.05,800,36.35,400,0,6800
DIVISLAB30JAN201820PE.NFO,07/01/2020,11:17:39,35,35.6,800,36.5,400,0,6800
DIVISLAB30JAN201820PE.NFO,07/01/2020,11:17:45,35,35.7,400,36.5,400,0,6800
DIVISLAB30JAN201820PE.NFO,07/01/2020,11:17:50,35,36,400,36.5,400,0,6800
DIVISLAB30JAN201820PE.NFO,07/01/2020,11:17:55,35,35.65,800,36.5,400,0,6800
DIVISLAB30JAN201820PE.NFO,07/01/2020,11:18:05,35,36,400,36.5,400,0,6800
DIVISLAB30JAN201820PE.NFO,07/01/2020,11:18:10,35,35.65,400,36.5,400,0,6800
DIVISLAB30JAN201820PE.NFO,07/01/2020,11:18:15,35,35.55,800,36.5,400,0,6800
DIVISLAB30JAN201820PE.NFO,07/01/2020,11:18:19,35,35.65,400,36.45,400,0,6800
DIVISLAB30JAN201820PE.NFO,07/01/2020,11:18:23,35,35.5,800,36.5,400,0,6800
DIVISLAB30JAN201820PE.NFO,07/01/2020,11:19:02,35,35.5,800,36.45,400,0,6800
DIVISLAB30JAN201820PE.NFO,07/01/2020,11:19:07,35,35.5,400,36.45,400,0,6800
DIVISLAB30JAN201820PE.NFO,07/01/2020,11:19:29,35,35.5,800,36.5,400,0,6800
DIVISLAB30JAN201820PE.NFO,07/01/2020,11:19:37,35,35.15,400,36.45,400,0,6800
DIVISLAB30JAN201820PE.NFO,07/01/2020,11:19:42,35,35.15,400,36.35,400,0,6800
DIVISLAB30JAN201820PE.NFO,07/01/2020,11:20:03,35,35.25,400,36.45,400,0,6800
DIVISLAB30JAN201820PE.NFO,07/01/2020,11:20:14,35,35.25,400,36.25,400,0,6800
DIVISLAB30JAN201820PE.NFO,07/01/2020,11:20:19,35,35.25,400,36.3,400,0,6800
DIVISLAB30JAN201820PE.NFO,07/01/2020,11:20:27,35,34.85,400,36.45,400,0,6800
DIVISLAB30JAN201820PE.NFO,07/01/2020,11:20:33,35,34.5,400,35.75,400,0,6800
DIVISLAB30JAN201820PE.NFO,07/01/2020,11:20:43,35,34.6,400,35.9,400,0,6800
DIVISLAB30JAN201820PE.NFO,07/01/2020,11:20:49,35,34.6,400,35.55,800,0,6800
DIVISLAB30JAN201820PE.NFO,07/01/2020,11:20:55,35,34.6,400,35.7,800,0,6800
DIVISLAB30JAN201820PE.NFO,07/01/2020,11:21:00,35,34.6,400,35.75,400,0,6800
DIVISLAB30JAN201820PE.NFO,07/01/2020,11:21:05,35,34.6,400,35.85,400,0,6800
DIVISLAB30JAN201820PE.NFO,07/01/2020,11:21:10,35,34.6,400,35.9,400,0,6800
DIVISLAB30JAN201820PE.NFO,07/01/2020,11:21:14,35,34.6,800,35.9,400,0,6800
DIVISLAB30JAN201820PE.NFO,07/01/2020,11:21:19,35,34.6,400,35.8,400,0,6800
DIVISLAB30JAN201820PE.NFO,07/01/2020,11:21:22,35,34.6,400,35.9,400,0,6800
DIVISLAB30JAN201820PE.NFO,07/01/2020,11:21:26,35,34.75,400,35.95,400,0,6800
DIVISLAB30JAN201820PE.NFO,07/01/2020,11:21:32,35,34.75,400,36.05,400,0,6800
DIVISLAB30JAN201820PE.NFO,07/01/2020,11:21:38,35,34.75,800,36.05,400,0,6800
DIVISLAB30JAN201820PE.NFO,07/01/2020,11:21:43,35,35.2,400,36.45,400,0,6800
DIVISLAB30JAN201820PE.NFO,07/01/2020,11:21:56,35,35.2,400,36.45,800,0,6800
DIVISLAB30JAN201820PE.NFO,07/01/2020,11:22:00,35,34.9,400,36.2,400,0,6800
DIVISLAB30JAN201820PE.NFO,07/01/2020,11:22:04,35,35.15,400,36.35,400,0,6800
DIVISLAB30JAN201820PE.NFO,07/01/2020,11:22:08,35,35.3,400,36.5,400,0,6800
DIVISLAB30JAN201820PE.NFO,07/01/2020,11:22:20,35,35.2,400,36.45,800,0,6800
DIVISLAB30JAN201820PE.NFO,07/01/2020,11:22:24,35,35.2,400,36.45,400,0,6800
DIVISLAB30JAN201820PE.NFO,07/01/2020,11:22:28,35,35.2,400,36.45,800,0,6800
DIVISLAB30JAN201820PE.NFO,07/01/2020,11:22:37,35,35.3,400,36.45,400,0,6800
DIVISLAB30JAN201820PE.NFO,07/01/2020,11:22:53,35,34.9,400,36.3,400,0,6800
DIVISLAB30JAN201820PE.NFO,07/01/2020,11:22:57,35,34.9,400,36.2,800,0,6800
DIVISLAB30JAN201820PE.NFO,07/01/2020,11:23:02,35,35,400,36.2,800,0,6800
DIVISLAB30JAN201820PE.NFO,07/01/2020,11:23:07,35,34.95,400,36.2,800,0,6800
DIVISLAB30JAN201820PE.NFO,07/01/2020,11:23:11,35,35.2,800,36.45,400,0,6800
DIVISLAB30JAN201820PE.NFO,07/01/2020,11:23:17,35,35.2,400,36.4,400,0,6800
DIVISLAB30JAN201820PE.NFO,07/01/2020,11:23:21,35,35.2,400,36.4,800,0,6800
DIVISLAB30JAN201820PE.NFO,07/01/2020,11:23:33,35,35.35,400,36.45,400,0,6800
DIVISLAB30JAN201820PE.NFO,07/01/2020,11:23:38,35,35.35,400,36.5,400,0,6800
DIVISLAB30JAN201820PE.NFO,07/01/2020,11:23:42,35,35.35,400,36.45,400,0,6800
DIVISLAB30JAN201820PE.NFO,07/01/2020,11:23:47,35,35.35,400,36.45,800,0,6800
DIVISLAB30JAN201820PE.NFO,07/01/2020,11:23:51,35,35.35,400,36.45,400,0,6800
DIVISLAB30JAN201820PE.NFO,07/01/2020,11:24:07,35,35.25,400,36.45,400,0,6800
DIVISLAB30JAN201820PE.NFO,07/01/2020,11:24:13,35,35.1,400,36.45,400,0,6800
DIVISLAB30JAN201820PE.NFO,07/01/2020,11:24:18,35,35.25,800,36.45,400,0,6800
DIVISLAB30JAN201820PE.NFO,07/01/2020,11:24:37,35,35.2,800,36.45,400,0,6800
DIVISLAB30JAN201820PE.NFO,07/01/2020,11:24:41,35,35,400,36.4,800,0,6800
DIVISLAB30JAN201820PE.NFO,07/01/2020,11:24:45,35,35.1,800,36.45,400,0,6800
DIVISLAB30JAN201820PE.NFO,07/01/2020,11:25:26,35,35.1,1200,36.35,400,0,6800
DIVISLAB30JAN201820PE.NFO,07/01/2020,11:25:31,35,35.1,800,36.35,400,0,6800
DIVISLAB30JAN201820PE.NFO,07/01/2020,11:25:44,35,34.9,400,36.15,400,0,6800
DIVISLAB30JAN201820PE.NFO,07/01/2020,11:25:48,35,35.1,400,36.4,400,0,6800
DIVISLAB30JAN201820PE.NFO,07/01/2020,11:26:13,35,35.2,400,36.4,400,0,6800
DIVISLAB30JAN201820PE.NFO,07/01/2020,11:26:24,35,35.3,800,36.45,400,0,6800
DIVISLAB30JAN201820PE.NFO,07/01/2020,11:26:29,35,35.4,400,36.45,400,0,6800
DIVISLAB30JAN201820PE.NFO,07/01/2020,11:26:38,35,35.4,800,36.45,400,0,6800
DIVISLAB30JAN201820PE.NFO,07/01/2020,11:26:42,35,35.5,400,36.45,400,0,6800
DIVISLAB30JAN201820PE.NFO,07/01/2020,11:26:47,35,35.35,800,36.45,400,0,6800
DIVISLAB30JAN201820PE.NFO,07/01/2020,11:26:51,35,35.45,400,36.45,400,0,6800
DIVISLAB30JAN201820PE.NFO,07/01/2020,11:27:01,35,35.55,400,36.45,400,0,6800
DIVISLAB30JAN201820PE.NFO,07/01/2020,11:27:13,35,35.55,800,36.45,400,0,6800
DIVISLAB30JAN201820PE.NFO,07/01/2020,11:27:19,35,35.55,400,36.4,400,0,6800
DIVISLAB30JAN201820PE.NFO,07/01/2020,11:27:22,35,35.55,400,36.45,400,0,6800
DIVISLAB30JAN201820PE.NFO,07/01/2020,11:27:26,35,35.45,400,36.45,400,0,6800
DIVISLAB30JAN201820PE.NFO,07/01/2020,11:27:30,35,35.45,800,36.45,400,0,6800
DIVISLAB30JAN201820PE.NFO,07/01/2020,11:28:16,35,35.45,1200,36.45,400,0,6800
DIVISLAB30JAN201820PE.NFO,07/01/2020,11:28:19,35,35.45,800,36.45,400,0,6800
DIVISLAB30JAN201820PE.NFO,07/01/2020,11:28:23,35,35.45,800,36.4,400,0,6800
DIVISLAB30JAN201820PE.NFO,07/01/2020,11:28:30,35,35.45,800,36.45,400,0,6800
DIVISLAB30JAN201820PE.NFO,07/01/2020,11:28:35,35,35.45,800,36.4,400,0,6800
DIVISLAB30JAN201820PE.NFO,07/01/2020,11:28:38,35,35.45,800,36.45,400,0,6800
DIVISLAB30JAN201820PE.NFO,07/01/2020,11:28:40,35,35.45,400,36.4,400,0,6800
DIVISLAB30JAN201820PE.NFO,07/01/2020,11:28:43,35,35.45,800,36.45,400,0,6800
DIVISLAB30JAN201820PE.NFO,07/01/2020,11:28:48,35,35.45,400,36.45,400,0,6800
DIVISLAB30JAN201820PE.NFO,07/01/2020,11:29:02,35,35.7,800,36.5,400,0,6800
DIVISLAB30JAN201820PE.NFO,07/01/2020,11:29:07,35,35.7,400,36.5,400,0,6800
DIVISLAB30JAN201820PE.NFO,07/01/2020,11:29:15,35,35.7,800,36.5,400,0,6800
DIVISLAB30JAN201820PE.NFO,07/01/2020,11:29:18,35,36.05,400,36.5,400,0,6800
DIVISLAB30JAN201820PE.NFO,07/01/2020,11:29:25,35,36.05,800,36.5,400,0,6800
DIVISLAB30JAN201820PE.NFO,07/01/2020,11:29:29,35,36.05,400,36.5,400,0,6800
DIVISLAB30JAN201820PE.NFO,07/01/2020,11:29:36,35,36.05,800,36.5,400,0,6800
DIVISLAB30JAN201820PE.NFO,07/01/2020,11:29:48,35,36.05,400,36.5,400,0,6800
DIVISLAB30JAN201820PE.NFO,07/01/2020,11:30:02,35,35.85,800,36.5,400,0,6800
DIVISLAB30JAN201820PE.NFO,07/01/2020,11:30:06,35,35.95,400,36.5,400,0,6800
DIVISLAB30JAN201820PE.NFO,07/01/2020,11:30:09,35,35.85,400,36.5,400,0,6800
DIVISLAB30JAN201820PE.NFO,07/01/2020,11:30:28,35,35.7,400,36.5,400,0,6800
DIVISLAB30JAN201820PE.NFO,07/01/2020,11:30:39,35,35.8,400,36.5,400,0,6800
DIVISLAB30JAN201820PE.NFO,07/01/2020,11:30:44,35,35.85,400,36.5,400,0,6800
DIVISLAB30JAN201820PE.NFO,07/01/2020,11:31:08,35,35.6,400,36.45,400,0,6800
DIVISLAB30JAN201820PE.NFO,07/01/2020,11:31:26,35,35.6,800,36.45,400,0,6800
DIVISLAB30JAN201820PE.NFO,07/01/2020,11:31:43,35,35.1,400,36,400,0,6800
DIVISLAB30JAN201820PE.NFO,07/01/2020,11:31:52,35,35,400,35.9,400,0,6800
DIVISLAB30JAN201820PE.NFO,07/01/2020,11:31:58,35,34.85,800,35.95,800,0,6800
DIVISLAB30JAN201820PE.NFO,07/01/2020,11:32:04,35,34.5,800,35.5,400,0,6800
DIVISLAB30JAN201820PE.NFO,07/01/2020,11:32:10,35,34.55,400,35.5,400,0,6800
DIVISLAB30JAN201820PE.NFO,07/01/2020,11:32:14,35,34.55,400,35.85,400,0,6800
DIVISLAB30JAN201820PE.NFO,07/01/2020,11:32:23,35,34.6,400,35.85,400,0,6800
DIVISLAB30JAN201820PE.NFO,07/01/2020,11:32:26,35,34.6,800,35.85,400,0,6800
DIVISLAB30JAN201820PE.NFO,07/01/2020,11:32:30,35,34.7,400,35.85,400,0,6800
DIVISLAB30JAN201820PE.NFO,07/01/2020,11:32:52,35,34.55,400,35.85,400,0,6800
DIVISLAB30JAN201820PE.NFO,07/01/2020,11:32:56,35,34.55,800,35.85,400,0,6800
DIVISLAB30JAN201820PE.NFO,07/01/2020,11:32:59,35,34.55,400,35.85,400,0,6800
DIVISLAB30JAN201820PE.NFO,07/01/2020,11:33:03,35,34.35,400,35.65,400,0,6800
DIVISLAB30JAN201820PE.NFO,07/01/2020,11:33:06,35,34.45,400,35.65,400,0,6800
DIVISLAB30JAN201820PE.NFO,07/01/2020,11:33:37,35,34.15,400,35.65,400,0,6800
DIVISLAB30JAN201820PE.NFO,07/01/2020,11:33:51,35,34.2,800,35.65,400,0,6800
DIVISLAB30JAN201820PE.NFO,07/01/2020,11:33:56,35,34.3,800,35.7,400,0,6800
DIVISLAB30JAN201820PE.NFO,07/01/2020,11:34:02,35,34.15,800,35.7,800,0,6800
DIVISLAB30JAN201820PE.NFO,07/01/2020,11:34:07,35,34.15,800,35.7,400,0,6800
DIVISLAB30JAN201820PE.NFO,07/01/2020,11:34:13,35,34.3,400,35.7,400,0,6800
DIVISLAB30JAN201820PE.NFO,07/01/2020,11:34:26,35,34.05,400,35.6,400,0,6800
DIVISLAB30JAN201820PE.NFO,07/01/2020,11:34:32,35,34.15,400,35.6,400,0,6800
DIVISLAB30JAN201820PE.NFO,07/01/2020,11:34:39,35,33.85,400,35.35,400,0,6800
DIVISLAB30JAN201820PE.NFO,07/01/2020,11:34:44,35,33.8,400,35.35,400,0,6800
DIVISLAB30JAN201820PE.NFO,07/01/2020,11:34:50,35,33.95,400,35.35,400,0,6800
DIVISLAB30JAN201820PE.NFO,07/01/2020,11:34:55,35,34.15,400,35.55,400,0,6800
DIVISLAB30JAN201820PE.NFO,07/01/2020,11:35:00,35,34.05,400,35.55,400,0,6800
DIVISLAB30JAN201820PE.NFO,07/01/2020,11:35:11,35,34.25,400,35.55,400,0,6800
DIVISLAB30JAN201820PE.NFO,07/01/2020,11:35:17,35,34.45,400,36.15,800,0,6800
DIVISLAB30JAN201820PE.NFO,07/01/2020,11:35:23,35,34.25,400,36.15,800,0,6800
DIVISLAB30JAN201820PE.NFO,07/01/2020,11:35:28,35,34.2,400,35.7,400,0,6800
DIVISLAB30JAN201820PE.NFO,07/01/2020,11:35:33,35,34.05,400,35.6,800,0,6800
DIVISLAB30JAN201820PE.NFO,07/01/2020,11:35:38,35,34,400,35.6,800,0,6800
DIVISLAB30JAN201820PE.NFO,07/01/2020,11:35:44,35,34.05,800,35.75,800,0,6800
DIVISLAB30JAN201820PE.NFO,07/01/2020,11:35:53,35,34.05,400,35.75,800,0,6800
DIVISLAB30JAN201820PE.NFO,07/01/2020,11:36:03,35,34,400,35.75,800,0,6800
DIVISLAB30JAN201820PE.NFO,07/01/2020,11:36:12,35,33.9,400,35.75,800,0,6800
DIVISLAB30JAN201820PE.NFO,07/01/2020,11:36:17,35,34.15,400,35.75,800,0,6800
DIVISLAB30JAN201820PE.NFO,07/01/2020,11:36:21,35,33.85,400,35.75,800,0,6800
DIVISLAB30JAN201820PE.NFO,07/01/2020,11:36:35,35,33.95,800,35.75,800,0,6800
DIVISLAB30JAN201820PE.NFO,07/01/2020,11:36:40,35,33.85,400,35.75,800,0,6800
DIVISLAB30JAN201820PE.NFO,07/01/2020,11:36:51,35,33.95,400,35.75,800,0,6800
DIVISLAB30JAN201820PE.NFO,07/01/2020,11:36:57,35,34.1,400,35.75,800,0,6800
DIVISLAB30JAN201820PE.NFO,07/01/2020,11:37:03,35,34.05,400,35.75,800,0,6800
DIVISLAB30JAN201820PE.NFO,07/01/2020,11:37:12,35,34.05,800,35.75,800,0,6800
DIVISLAB30JAN201820PE.NFO,07/01/2020,11:37:15,35,34.05,400,35.75,800,0,6800
DIVISLAB30JAN201820PE.NFO,07/01/2020,11:37:20,35,34.05,800,35.75,800,0,6800
DIVISLAB30JAN201820PE.NFO,07/01/2020,11:38:05,35,34.2,400,35.75,800,0,6800
DIVISLAB30JAN201820PE.NFO,07/01/2020,11:38:42,35,34.05,400,35.75,800,0,6800
DIVISLAB30JAN201820PE.NFO,07/01/2020,11:38:54,35,34.05,800,35.75,800,0,6800
DIVISLAB30JAN201820PE.NFO,07/01/2020,11:39:42,35,34.05,400,35.75,800,0,6800
DIVISLAB30JAN201820PE.NFO,07/01/2020,11:40:30,35,34.05,400,35.65,800,0,6800
DIVISLAB30JAN201820PE.NFO,07/01/2020,11:41:58,35,34.45,400,35.7,400,0,6800
DIVISLAB30JAN201820PE.NFO,07/01/2020,11:42:02,35,34.25,400,35.7,400,0,6800
DIVISLAB30JAN201820PE.NFO,07/01/2020,11:42:26,35,34.55,400,35.95,400,0,6800
DIVISLAB30JAN201820PE.NFO,07/01/2020,11:42:34,35,34.85,800,36.4,400,0,6800
DIVISLAB30JAN201820PE.NFO,07/01/2020,11:42:39,35,34.75,800,36.2,400,0,6800
DIVISLAB30JAN201820PE.NFO,07/01/2020,11:42:57,35,34.75,800,36.4,800,0,6800
DIVISLAB30JAN201820PE.NFO,07/01/2020,11:43:15,35,34.75,1200,36.4,800,0,6800
DIVISLAB30JAN201820PE.NFO,07/01/2020,11:43:19,35,34.75,800,36.15,400,0,6800
DIVISLAB30JAN201820PE.NFO,07/01/2020,11:43:23,35,34.75,800,36.1,400,0,6800
DIVISLAB30JAN201820PE.NFO,07/01/2020,11:43:26,35,34.75,800,36.25,800,0,6800
DIVISLAB30JAN201820PE.NFO,07/01/2020,11:43:37,35,34.75,800,36.05,400,0,6800
DIVISLAB30JAN201820PE.NFO,07/01/2020,11:43:40,35,34.75,800,36.25,400,0,6800
DIVISLAB30JAN201820PE.NFO,07/01/2020,11:43:47,35,34.75,800,36,400,0,6800
DIVISLAB30JAN201820PE.NFO,07/01/2020,11:43:50,35,34.75,800,36.3,400,0,6800
DIVISLAB30JAN201820PE.NFO,07/01/2020,11:43:57,35,34.85,800,36.45,400,0,6800
DIVISLAB30JAN201820PE.NFO,07/01/2020,11:44:03,35,34.85,800,36.4,400,0,6800
DIVISLAB30JAN201820PE.NFO,07/01/2020,11:44:49,35,34.85,400,36.25,400,0,6800
DIVISLAB30JAN201820PE.NFO,07/01/2020,11:44:53,35,34.85,800,36.2,400,0,6800
DIVISLAB30JAN201820PE.NFO,07/01/2020,11:45:13,35,34.85,400,36.2,400,0,6800
DIVISLAB30JAN201820PE.NFO,07/01/2020,11:45:19,35,34.7,800,36,400,0,6800
DIVISLAB30JAN201820PE.NFO,07/01/2020,11:45:23,35,34.7,1200,36.35,400,0,6800
DIVISLAB30JAN201820PE.NFO,07/01/2020,11:45:26,35,35.15,800,36.35,400,0,6800
DIVISLAB30JAN201820PE.NFO,07/01/2020,11:45:33,35,35.1,800,36.35,400,0,6800
DIVISLAB30JAN201820PE.NFO,07/01/2020,11:45:45,35,34.95,400,36.4,400,0,6800
DIVISLAB30JAN201820PE.NFO,07/01/2020,11:45:48,35,35.1,400,36.45,400,0,6800
DIVISLAB30JAN201820PE.NFO,07/01/2020,11:46:06,35,34.95,400,36.4,400,0,6800
DIVISLAB30JAN201820PE.NFO,07/01/2020,11:46:23,35,34.95,400,36.3,800,0,6800
DIVISLAB30JAN201820PE.NFO,07/01/2020,11:46:49,35,34.45,400,35.65,400,0,6800
DIVISLAB30JAN201820PE.NFO,07/01/2020,11:46:52,35,34.45,400,35.85,400,0,6800
DIVISLAB30JAN201820PE.NFO,07/01/2020,11:46:55,35,34.45,400,35.9,400,0,6800
DIVISLAB30JAN201820PE.NFO,07/01/2020,11:46:57,35,34.45,800,35.9,400,0,6800
DIVISLAB30JAN201820PE.NFO,07/01/2020,11:47:06,35,34.45,400,35.6,400,0,6800
DIVISLAB30JAN201820PE.NFO,07/01/2020,11:47:09,35,34.45,400,35.85,1200,0,6800
DIVISLAB30JAN201820PE.NFO,07/01/2020,11:47:16,35,34.4,800,35.85,400,0,6800
DIVISLAB30JAN201820PE.NFO,07/01/2020,11:47:21,35,34.4,400,35.85,400,0,6800
DIVISLAB30JAN201820PE.NFO,07/01/2020,11:47:23,35,34.4,400,35.7,400,0,6800
DIVISLAB30JAN201820PE.NFO,07/01/2020,11:47:30,35,34.4,400,35.65,400,0,6800
DIVISLAB30JAN201820PE.NFO,07/01/2020,11:47:38,35,34.3,400,35.65,400,0,6800
DIVISLAB30JAN201820PE.NFO,07/01/2020,11:47:59,35,34.4,400,35.65,400,0,6800
DIVISLAB30JAN201820PE.NFO,07/01/2020,11:48:03,35,34.4,400,35.7,400,0,6800
DIVISLAB30JAN201820PE.NFO,07/01/2020,11:48:06,35,34.5,400,35.85,400,0,6800
DIVISLAB30JAN201820PE.NFO,07/01/2020,11:48:23,35,34.5,800,35.85,400,0,6800
DIVISLAB30JAN201820PE.NFO,07/01/2020,11:48:27,35,34.5,400,35.85,400,0,6800
DIVISLAB30JAN201820PE.NFO,07/01/2020,11:48:44,35,34.6,400,35.85,400,0,6800
DIVISLAB30JAN201820PE.NFO,07/01/2020,11:48:54,35,34.45,400,35.85,400,0,6800
DIVISLAB30JAN201820PE.NFO,07/01/2020,11:48:56,35,34.45,400,35.75,400,0,6800
DIVISLAB30JAN201820PE.NFO,07/01/2020,11:49:00,35,34.45,400,35.65,400,0,6800
DIVISLAB30JAN201820PE.NFO,07/01/2020,11:49:10,35,34.35,400,35.65,400,0,6800
DIVISLAB30JAN201820PE.NFO,07/01/2020,11:49:18,35,34.35,800,35.65,400,0,6800
DIVISLAB30JAN201820PE.NFO,07/01/2020,11:49:24,35,34.3,400,35.65,400,0,6800
DIVISLAB30JAN201820PE.NFO,07/01/2020,11:49:54,35,34.3,400,35.65,800,0,6800
DIVISLAB30JAN201820PE.NFO,07/01/2020,11:49:56,35,34.4,1200,35.85,400,0,6800
DIVISLAB30JAN201820PE.NFO,07/01/2020,11:50:16,35,34.55,800,35.85,400,0,6800
DIVISLAB30JAN201820PE.NFO,07/01/2020,11:51:38,35,34.55,400,35.85,400,0,6800
DIVISLAB30JAN201820PE.NFO,07/01/2020,11:51:55,35,34.65,400,35.85,400,0,6800
DIVISLAB30JAN201820PE.NFO,07/01/2020,11:52:02,35,34.6,800,36.1,400,0,6800
DIVISLAB30JAN201820PE.NFO,07/01/2020,11:52:05,35,34.6,1200,36.1,400,0,6800
DIVISLAB30JAN201820PE.NFO,07/01/2020,11:52:09,35,34.85,400,36.35,400,0,6800
DIVISLAB30JAN201820PE.NFO,07/01/2020,11:52:13,35,34.85,800,36.35,400,0,6800
DIVISLAB30JAN201820PE.NFO,07/01/2020,11:52:17,35,34.85,800,36.45,400,0,6800
DIVISLAB30JAN201820PE.NFO,07/01/2020,11:52:19,35,35.5,400,36.5,400,0,6800
DIVISLAB30JAN201820PE.NFO,07/01/2020,11:52:22,35,35.6,400,36.5,400,0,6800
DIVISLAB30JAN201820PE.NFO,07/01/2020,11:52:33,35,35.8,400,36.5,400,0,6800
DIVISLAB30JAN201820PE.NFO,07/01/2020,11:52:36,35,35.25,400,36.45,400,0,6800
DIVISLAB30JAN201820PE.NFO,07/01/2020,11:52:39,35,35.55,400,36.45,400,0,6800
DIVISLAB30JAN201820PE.NFO,07/01/2020,11:52:46,35,35.65,400,36.5,400,0,6800
DIVISLAB30JAN201820PE.NFO,07/01/2020,11:52:48,35,35.75,400,36.5,400,0,6800
DIVISLAB30JAN201820PE.NFO,07/01/2020,11:53:25,35,35.85,400,36.5,400,0,6800
DIVISLAB30JAN201820PE.NFO,07/01/2020,11:53:35,35,35.95,400,36.5,400,0,6800
DIVISLAB30JAN201820PE.NFO,07/01/2020,11:53:46,36.5,36.25,400,37.8,800,400,6800
DIVISLAB30JAN201820PE.NFO,07/01/2020,11:53:46,36.5,36.25,400,37.8,800,0,6800
DIVISLAB30JAN201820PE.NFO,07/01/2020,11:53:49,36.5,36.25,400,37.8,800,0,6800
DIVISLAB30JAN201820PE.NFO,07/01/2020,11:53:56,36.5,36.45,400,37.8,800,0,6800
DIVISLAB30JAN201820PE.NFO,07/01/2020,11:53:59,36.5,36.4,400,37.8,800,0,6800
DIVISLAB30JAN201820PE.NFO,07/01/2020,11:54:08,36.5,36.4,400,37.35,400,0,6800
DIVISLAB30JAN201820PE.NFO,07/01/2020,11:54:24,36.5,36.35,400,37.35,400,0,6800
DIVISLAB30JAN201820PE.NFO,07/01/2020,11:54:45,36.5,36.15,400,37.65,400,0,6800
DIVISLAB30JAN201820PE.NFO,07/01/2020,11:54:47,36.5,36.15,400,37.15,400,0,6800
DIVISLAB30JAN201820PE.NFO,07/01/2020,11:54:49,36.5,36.15,400,37.1,400,0,6800
DIVISLAB30JAN201820PE.NFO,07/01/2020,11:54:52,36.5,36.2,400,37.5,400,0,6800
DIVISLAB30JAN201820PE.NFO,07/01/2020,11:54:55,36.5,36.2,400,37.2,400,0,6800
DIVISLAB30JAN201820PE.NFO,07/01/2020,11:54:57,36.5,36.2,400,37.15,400,0,6800
DIVISLAB30JAN201820PE.NFO,07/01/2020,11:55:07,36.5,36,400,37.15,400,0,6800
DIVISLAB30JAN201820PE.NFO,07/01/2020,11:55:32,36.5,35.95,400,37.15,400,0,6800
DIVISLAB30JAN201820PE.NFO,07/01/2020,11:55:43,36.5,36.05,400,37.15,400,0,6800
DIVISLAB30JAN201820PE.NFO,07/01/2020,11:55:45,36.5,36,400,37.15,400,0,6800
DIVISLAB30JAN201820PE.NFO,07/01/2020,11:55:49,36.5,35.95,400,37.15,400,0,6800
DIVISLAB30JAN201820PE.NFO,07/01/2020,11:56:06,36.5,35.5,400,37.05,400,0,6800
DIVISLAB30JAN201820PE.NFO,07/01/2020,11:56:11,36.5,35.6,400,37.05,400,0,6800
DIVISLAB30JAN201820PE.NFO,07/01/2020,11:56:24,36.5,35.55,400,37.05,400,0,6800
DIVISLAB30JAN201820PE.NFO,07/01/2020,11:56:29,36.5,35.4,400,37,400,0,6800
DIVISLAB30JAN201820PE.NFO,07/01/2020,11:56:32,36.5,35.35,400,36.95,400,0,6800
DIVISLAB30JAN201820PE.NFO,07/01/2020,11:56:53,36.5,35.3,400,36.95,800,0,6800
DIVISLAB30JAN201820PE.NFO,07/01/2020,11:57:14,36.5,35.3,400,36.95,400,0,6800
DIVISLAB30JAN201820PE.NFO,07/01/2020,11:57:42,36.5,35.3,400,36.95,800,0,6800
DIVISLAB30JAN201820PE.NFO,07/01/2020,11:57:48,36.5,35.45,400,36.95,400,0,6800
DIVISLAB30JAN201820PE.NFO,07/01/2020,11:57:52,36.5,35.8,400,37.1,400,0,6800
DIVISLAB30JAN201820PE.NFO,07/01/2020,11:57:56,36.5,35.6,400,37.1,400,0,6800
DIVISLAB30JAN201820PE.NFO,07/01/2020,11:57:59,36.5,35.7,400,37.1,400,0,6800
DIVISLAB30JAN201820PE.NFO,07/01/2020,11:58:31,36.5,35.65,400,37.1,400,0,6800
DIVISLAB30JAN201820PE.NFO,07/01/2020,11:58:38,36.5,35.7,800,37.1,400,0,6800
DIVISLAB30JAN201820PE.NFO,07/01/2020,11:58:46,36.5,35.5,400,37.1,400,0,6800
DIVISLAB30JAN201820PE.NFO,07/01/2020,11:58:50,36.5,35.6,400,37.1,400,0,6800
DIVISLAB30JAN201820PE.NFO,07/01/2020,11:59:17,36.5,35.55,800,37.1,400,0,6800
DIVISLAB30JAN201820PE.NFO,07/01/2020,12:00:00,36.5,35.55,800,37.1,800,0,6800
DIVISLAB30JAN201820PE.NFO,07/01/2020,12:00:08,36.5,35.4,800,37.1,800,0,6800
DIVISLAB30JAN201820PE.NFO,07/01/2020,12:00:17,36.5,35.15,400,37.1,800,0,6800
DIVISLAB30JAN201820PE.NFO,07/01/2020,12:00:19,36.5,35.05,400,37.1,800,0,6800
DIVISLAB30JAN201820PE.NFO,07/01/2020,12:00:23,36.5,35.05,800,37.1,800,0,6800
DIVISLAB30JAN201820PE.NFO,07/01/2020,12:00:28,36.5,34.95,400,37.1,800,0,6800
DIVISLAB30JAN201820PE.NFO,07/01/2020,12:00:32,36.5,34.8,400,37.1,800,0,6800
DIVISLAB30JAN201820PE.NFO,07/01/2020,12:00:42,36.5,34.75,400,37.1,800,0,6800
DIVISLAB30JAN201820PE.NFO,07/01/2020,12:00:44,36.5,34.8,400,37.1,800,0,6800
DIVISLAB30JAN201820PE.NFO,07/01/2020,12:00:46,36.5,34.8,800,37.1,800,0,6800
DIVISLAB30JAN201820PE.NFO,07/01/2020,12:01:39,36.5,35.05,400,37.1,800,0,6800
DIVISLAB30JAN201820PE.NFO,07/01/2020,12:01:42,36.5,35.4,400,37.1,800,0,6800
DIVISLAB30JAN201820PE.NFO,07/01/2020,12:01:44,36.5,35.4,800,37.1,800,0,6800
DIVISLAB30JAN201820PE.NFO,07/01/2020,12:01:59,36.5,34.95,400,37.1,800,0,6800
DIVISLAB30JAN201820PE.NFO,07/01/2020,12:02:02,36.5,34.95,800,37.1,800,0,6800
DIVISLAB30JAN201820PE.NFO,07/01/2020,12:02:13,36.5,35.15,800,37.1,800,0,6800
DIVISLAB30JAN201820PE.NFO,07/01/2020,12:02:16,36.5,35.15,400,37.1,800,0,6800
DIVISLAB30JAN201820PE.NFO,07/01/2020,12:02:41,36.5,34.9,400,37.1,800,0,6800
DIVISLAB30JAN201820PE.NFO,07/01/2020,12:03:00,36.5,35.1,400,37.1,800,0,6800
DIVISLAB30JAN201820PE.NFO,07/01/2020,12:03:56,36.5,34.8,400,37.1,800,0,6800
DIVISLAB30JAN201820PE.NFO,07/01/2020,12:04:02,36.5,34.7,400,37.1,800,0,6800
DIVISLAB30JAN201820PE.NFO,07/01/2020,12:04:05,36.5,34.6,400,37.1,800,0,6800
DIVISLAB30JAN201820PE.NFO,07/01/2020,12:04:17,36.5,34.8,400,37.1,800,0,6800
DIVISLAB30JAN201820PE.NFO,07/01/2020,12:04:20,36.5,34.9,400,37.1,800,0,6800
DIVISLAB30JAN201820PE.NFO,07/01/2020,12:04:23,36.5,34.6,400,37.1,800,0,6800
DIVISLAB30JAN201820PE.NFO,07/01/2020,12:04:25,36.5,34.7,400,37.1,800,0,6800
DIVISLAB30JAN201820PE.NFO,07/01/2020,12:04:27,36.5,34.85,400,37.1,800,0,6800
DIVISLAB30JAN201820PE.NFO,07/01/2020,12:04:30,36.5,35,400,37.1,800,0,6800
DIVISLAB30JAN201820PE.NFO,07/01/2020,12:04:44,36.5,35.1,400,37.1,800,0,6800
DIVISLAB30JAN201820PE.NFO,07/01/2020,12:04:52,36.5,35.55,400,37.1,400,0,6800
DIVISLAB30JAN201820PE.NFO,07/01/2020,12:04:58,36.5,35.55,400,37.15,400,0,6800
DIVISLAB30JAN201820PE.NFO,07/01/2020,12:05:00,36.5,35.7,800,37.7,400,0,6800
DIVISLAB30JAN201820PE.NFO,07/01/2020,12:05:04,36.5,35.9,400,37.6,400,0,6800
DIVISLAB30JAN201820PE.NFO,07/01/2020,12:05:15,36.5,36,400,37.6,400,0,6800
DIVISLAB30JAN201820PE.NFO,07/01/2020,12:05:33,36.5,36,400,37.5,400,0,6800
DIVISLAB30JAN201820PE.NFO,07/01/2020,12:06:06,36.5,36,800,37.5,400,0,6800
DIVISLAB30JAN201820PE.NFO,07/01/2020,12:06:08,36.5,36.05,400,37.5,400,0,6800
DIVISLAB30JAN201820PE.NFO,07/01/2020,12:06:12,36.5,36.15,400,37.5,400,0,6800
DIVISLAB30JAN201820PE.NFO,07/01/2020,12:06:14,36.5,36.05,400,37.5,400,0,6800
DIVISLAB30JAN201820PE.NFO,07/01/2020,12:06:17,36.5,36.15,400,37.5,400,0,6800
DIVISLAB30JAN201820PE.NFO,07/01/2020,12:06:33,36.5,36.05,400,37.5,400,0,6800
DIVISLAB30JAN201820PE.NFO,07/01/2020,12:06:45,36.5,36.05,400,37.55,400,0,6800
DIVISLAB30JAN201820PE.NFO,07/01/2020,12:07:03,36.5,36.05,400,37.45,400,0,6800
DIVISLAB30JAN201820PE.NFO,07/01/2020,12:07:06,36.5,36.05,400,37.5,400,0,6800
DIVISLAB30JAN201820PE.NFO,07/01/2020,12:07:39,36.5,36.05,400,37.45,800,0,6800
DIVISLAB30JAN201820PE.NFO,07/01/2020,12:07:42,36.5,35.9,400,37.4,800,0,6800
DIVISLAB30JAN201820PE.NFO,07/01/2020,12:07:45,36.5,35.9,800,37.5,400,0,6800
DIVISLAB30JAN201820PE.NFO,07/01/2020,12:07:47,36.5,35.9,800,37.6,400,0,6800
DIVISLAB30JAN201820PE.NFO,07/01/2020,12:07:49,36.5,35.9,800,37.55,400,0,6800
DIVISLAB30JAN201820PE.NFO,07/01/2020,12:08:03,36.5,35.9,800,37.45,400,0,6800
DIVISLAB30JAN201820PE.NFO,07/01/2020,12:08:12,36.5,35.9,800,37.45,800,0,6800
DIVISLAB30JAN201820PE.NFO,07/01/2020,12:08:17,36.5,35.9,400,37.45,800,0,6800
DIVISLAB30JAN201820PE.NFO,07/01/2020,12:09:19,36.5,35.9,800,37.7,400,0,6800
DIVISLAB30JAN201820PE.NFO,07/01/2020,12:09:50,36.5,35.9,800,37.6,400,0,6800
DIVISLAB30JAN201820PE.NFO,07/01/2020,12:09:52,36.5,35.9,800,37.55,400,0,6800
DIVISLAB30JAN201820PE.NFO,07/01/2020,12:09:57,36.5,35.9,800,37.6,400,0,6800
DIVISLAB30JAN201820PE.NFO,07/01/2020,12:10:01,36.5,35.9,800,37.45,400,0,6800
DIVISLAB30JAN201820PE.NFO,07/01/2020,12:10:03,36.5,35.85,400,37.35,800,0,6800
DIVISLAB30JAN201820PE.NFO,07/01/2020,12:10:10,36.5,35.85,400,37.1,400,0,6800
DIVISLAB30JAN201820PE.NFO,07/01/2020,12:10:23,36.5,35.85,400,37.1,800,0,6800
DIVISLAB30JAN201820PE.NFO,07/01/2020,12:10:35,36.5,35.7,400,37.1,800,0,6800
DIVISLAB30JAN201820PE.NFO,07/01/2020,12:11:08,36.5,35.4,400,37.1,800,0,6800
DIVISLAB30JAN201820PE.NFO,07/01/2020,12:11:16,36.5,35.3,800,37.1,800,0,6800
DIVISLAB30JAN201820PE.NFO,07/01/2020,12:11:38,36.5,35.4,400,37.1,800,0,6800
DIVISLAB30JAN201820PE.NFO,07/01/2020,12:11:41,36.5,35.5,400,37.1,800,0,6800
DIVISLAB30JAN201820PE.NFO,07/01/2020,12:11:43,36.5,35.5,800,37.1,800,0,6800
DIVISLAB30JAN201820PE.NFO,07/01/2020,12:11:49,36.5,35.6,400,37.1,800,0,6800
DIVISLAB30JAN201820PE.NFO,07/01/2020,12:11:54,36.5,35.5,400,37.2,400,0,6800
DIVISLAB30JAN201820PE.NFO,07/01/2020,12:11:56,36.5,35.5,400,37.05,800,0,6800
DIVISLAB30JAN201820PE.NFO,07/01/2020,12:12:05,36.5,35.45,400,37.05,800,0,6800
DIVISLAB30JAN201820PE.NFO,07/01/2020,12:12:09,36.5,35.45,800,37.05,800,0,6800
DIVISLAB30JAN201820PE.NFO,07/01/2020,12:12:16,36.5,35.4,400,37.05,800,0,6800
DIVISLAB30JAN201820PE.NFO,07/01/2020,12:12:24,36.5,35.15,800,37.05,800,0,6800
DIVISLAB30JAN201820PE.NFO,07/01/2020,12:12:27,36.5,35.4,400,37.05,800,0,6800
DIVISLAB30JAN201820PE.NFO,07/01/2020,12:12:34,36.5,35.1,400,37.05,800,0,6800
DIVISLAB30JAN201820PE.NFO,07/01/2020,12:12:39,36.5,35.2,400,37.05,800,0,6800
DIVISLAB30JAN201820PE.NFO,07/01/2020,12:12:44,36.5,35.35,400,37.05,800,0,6800
DIVISLAB30JAN201820PE.NFO,07/01/2020,12:12:55,36.5,35.75,400,36.95,400,0,6800
DIVISLAB30JAN201820PE.NFO,07/01/2020,12:12:57,36.5,35.5,400,36.85,400,0,6800
DIVISLAB30JAN201820PE.NFO,07/01/2020,12:13:01,36.5,35.1,400,36.95,800,0,6800
DIVISLAB30JAN201820PE.NFO,07/01/2020,12:14:24,36.5,35.4,800,36.55,400,0,6800
DIVISLAB30JAN201820PE.NFO,07/01/2020,12:14:30,36.5,35.4,800,36.65,400,0,6800
DIVISLAB30JAN201820PE.NFO,07/01/2020,12:14:45,36.5,34.85,400,36.45,400,0,6800
DIVISLAB30JAN201820PE.NFO,07/01/2020,12:14:49,36.5,34.95,800,36.45,400,0,6800
DIVISLAB30JAN201820PE.NFO,07/01/2020,12:15:11,36.5,35.05,400,36.4,400,0,6800
DIVISLAB30JAN201820PE.NFO,07/01/2020,12:15:17,36.5,35.25,400,36.45,400,0,6800
DIVISLAB30JAN201820PE.NFO,07/01/2020,12:15:22,36.5,35.3,800,36.7,400,0,6800
DIVISLAB30JAN201820PE.NFO,07/01/2020,12:15:26,36.5,35.15,800,36.5,400,0,6800
DIVISLAB30JAN201820PE.NFO,07/01/2020,12:15:29,36.5,35.35,400,36.55,400,0,6800
DIVISLAB30JAN201820PE.NFO,07/01/2020,12:15:34,36.5,35.35,400,36.65,400,0,6800
DIVISLAB30JAN201820PE.NFO,07/01/2020,12:15:43,36.5,35.35,400,36.55,400,0,6800
DIVISLAB30JAN201820PE.NFO,07/01/2020,12:15:46,36.5,35.2,800,36.55,400,0,6800
DIVISLAB30JAN201820PE.NFO,07/01/2020,12:15:49,36.5,35.4,400,36.65,400,0,6800
DIVISLAB30JAN201820PE.NFO,07/01/2020,12:15:52,36.5,35.45,400,37.1,800,0,6800
DIVISLAB30JAN201820PE.NFO,07/01/2020,12:15:56,36.5,35.1,400,36.65,400,0,6800
DIVISLAB30JAN201820PE.NFO,07/01/2020,12:16:00,36.5,35.1,400,36.35,400,0,6800
DIVISLAB30JAN201820PE.NFO,07/01/2020,12:16:11,36.5,35.1,400,36.15,400,0,6800
DIVISLAB30JAN201820PE.NFO,07/01/2020,12:16:18,36.5,35.1,400,36.25,400,0,6800
DIVISLAB30JAN201820PE.NFO,07/01/2020,12:16:21,36.5,35.15,800,36.35,400,0,6800
DIVISLAB30JAN201820PE.NFO,07/01/2020,12:16:26,36.5,35.15,400,36.35,400,0,6800
DIVISLAB30JAN201820PE.NFO,07/01/2020,12:16:32,36.5,35.1,400,36.4,800,0,6800
DIVISLAB30JAN201820PE.NFO,07/01/2020,12:17:01,36.5,35.3,400,36.75,400,0,6800
DIVISLAB30JAN201820PE.NFO,07/01/2020,12:17:03,36.5,34.9,800,36.45,400,0,6800
DIVISLAB30JAN201820PE.NFO,07/01/2020,12:17:40,36.5,35.2,400,36.45,800,0,6800
DIVISLAB30JAN201820PE.NFO,07/01/2020,12:17:45,36.5,35.05,400,36.45,800,0,6800
DIVISLAB30JAN201820PE.NFO,07/01/2020,12:17:50,36.5,35.3,400,36.55,400,0,6800
DIVISLAB30JAN201820PE.NFO,07/01/2020,12:18:01,36.5,35.3,400,36.55,800,0,6800
DIVISLAB30JAN201820PE.NFO,07/01/2020,12:18:03,36.5,35.05,400,36.55,800,0,6800
DIVISLAB30JAN201820PE.NFO,07/01/2020,12:18:15,36.5,35.2,400,36.55,800,0,6800
DIVISLAB30JAN201820PE.NFO,07/01/2020,12:18:18,36.5,35.35,400,36.65,400,0,6800
DIVISLAB30JAN201820PE.NFO,07/01/2020,12:18:20,36.5,35.35,400,36.6,800,0,6800
DIVISLAB30JAN201820PE.NFO,07/01/2020,12:18:29,36.5,35.35,400,36.6,400,0,6800
DIVISLAB30JAN201820PE.NFO,07/01/2020,12:18:32,36.5,35.25,400,36.55,400,0,6800
DIVISLAB30JAN201820PE.NFO,07/01/2020,12:18:41,36.5,35.25,400,36.45,400,0,6800
DIVISLAB30JAN201820PE.NFO,07/01/2020,12:18:43,36.5,35.25,400,36.5,800,0,6800
DIVISLAB30JAN201820PE.NFO,07/01/2020,12:18:46,36.5,35.25,400,36.5,400,0,6800
DIVISLAB30JAN201820PE.NFO,07/01/2020,12:18:49,36.5,35.25,400,36.5,800,0,6800
DIVISLAB30JAN201820PE.NFO,07/01/2020,12:18:53,36.5,35.25,400,36.5,400,0,6800
DIVISLAB30JAN201820PE.NFO,07/01/2020,12:18:57,36.5,35.1,400,36.5,800,0,6800
DIVISLAB30JAN201820PE.NFO,07/01/2020,12:18:58,36.5,35.1,400,36.5,400,0,6800
DIVISLAB30JAN201820PE.NFO,07/01/2020,12:19:08,36.5,34.9,400,36.4,800,0,6800
DIVISLAB30JAN201820PE.NFO,07/01/2020,12:19:15,36.5,34.9,400,36.3,400,0,6800
DIVISLAB30JAN201820PE.NFO,07/01/2020,12:19:30,36.5,35.15,800,36.3,400,0,6800
DIVISLAB30JAN201820PE.NFO,07/01/2020,12:19:35,36.5,34.95,400,36.3,400,0,6800
DIVISLAB30JAN201820PE.NFO,07/01/2020,12:19:49,36.5,34.95,400,36.4,800,0,6800
DIVISLAB30JAN201820PE.NFO,07/01/2020,12:19:56,36.5,34.9,400,36.4,800,0,6800
DIVISLAB30JAN201820PE.NFO,07/01/2020,12:20:05,36.5,34.4,800,36.4,800,0,6800
DIVISLAB30JAN201820PE.NFO,07/01/2020,12:20:24,36.5,34.75,400,36.4,800,0,6800
DIVISLAB30JAN201820PE.NFO,07/01/2020,12:20:46,36.5,34.75,800,36.4,800,0,6800
DIVISLAB30JAN201820PE.NFO,07/01/2020,12:20:49,36.5,34.75,400,36.4,800,0,6800
DIVISLAB30JAN201820PE.NFO,07/01/2020,12:21:21,36.5,35.05,400,36.35,400,0,6800
DIVISLAB30JAN201820PE.NFO,07/01/2020,12:21:27,36.5,35.05,400,36.4,400,0,6800
DIVISLAB30JAN201820PE.NFO,07/01/2020,12:21:29,36.5,35.05,400,36.45,400,0,6800
DIVISLAB30JAN201820PE.NFO,07/01/2020,12:21:37,36.5,35.05,400,36.4,800,0,6800
DIVISLAB30JAN201820PE.NFO,07/01/2020,12:21:45,36.5,34.85,400,36.4,800,0,6800
DIVISLAB30JAN201820PE.NFO,07/01/2020,12:22:29,36.5,34.85,400,36,400,0,6800
DIVISLAB30JAN201820PE.NFO,07/01/2020,12:22:47,36.5,34.85,400,36.25,800,0,6800
DIVISLAB30JAN201820PE.NFO,07/01/2020,12:22:52,36.5,34.85,400,36,400,0,6800
DIVISLAB30JAN201820PE.NFO,07/01/2020,12:23:02,36.5,34.7,400,35.9,400,0,6800
DIVISLAB30JAN201820PE.NFO,07/01/2020,12:23:18,36.5,34.7,400,35.7,400,0,6800
DIVISLAB30JAN201820PE.NFO,07/01/2020,12:23:27,36.5,34.7,400,35.8,400,0,6800
DIVISLAB30JAN201820PE.NFO,07/01/2020,12:23:33,36.5,34.3,1600,35.85,800,0,6800
DIVISLAB30JAN201820PE.NFO,07/01/2020,12:23:36,36.5,34.5,800,36.25,400,0,6800
DIVISLAB30JAN201820PE.NFO,07/01/2020,12:23:38,36.5,34.5,400,35.85,400,0,6800
DIVISLAB30JAN201820PE.NFO,07/01/2020,12:23:40,36.5,34.65,400,35.75,400,0,6800
DIVISLAB30JAN201820PE.NFO,07/01/2020,12:23:43,36.5,34.5,400,35.65,400,0,6800
DIVISLAB30JAN201820PE.NFO,07/01/2020,12:23:46,36.5,34.8,400,35.8,400,0,6800
DIVISLAB30JAN201820PE.NFO,07/01/2020,12:23:48,36.5,34.65,400,35.65,400,0,6800
DIVISLAB30JAN201820PE.NFO,07/01/2020,12:23:51,36.5,34.65,400,35.85,800,0,6800
DIVISLAB30JAN201820PE.NFO,07/01/2020,12:23:52,36.5,34.65,400,35.75,400,0,6800
DIVISLAB30JAN201820PE.NFO,07/01/2020,12:24:04,36.5,34.95,400,35.95,400,0,6800
DIVISLAB30JAN201820PE.NFO,07/01/2020,12:24:09,36.5,34.8,400,35.95,400,0,6800
DIVISLAB30JAN201820PE.NFO,07/01/2020,12:24:12,36.5,34.8,400,36,400,0,6800
DIVISLAB30JAN201820PE.NFO,07/01/2020,12:24:21,36.5,34.8,400,36.1,800,0,6800
DIVISLAB30JAN201820PE.NFO,07/01/2020,12:24:24,36.5,34.8,400,36,400,0,6800
DIVISLAB30JAN201820PE.NFO,07/01/2020,12:24:28,36.5,34.8,400,36.05,400,0,6800
DIVISLAB30JAN201820PE.NFO,07/01/2020,12:24:31,36.5,34.9,400,36.1,400,0,6800
DIVISLAB30JAN201820PE.NFO,07/01/2020,12:24:33,36.5,34.9,400,35.95,400,0,6800
DIVISLAB30JAN201820PE.NFO,07/01/2020,12:24:36,36.5,34.9,400,36.1,400,0,6800
DIVISLAB30JAN201820PE.NFO,07/01/2020,12:24:42,36.5,34.9,400,35.9,400,0,6800
DIVISLAB30JAN201820PE.NFO,07/01/2020,12:24:45,36.5,34.9,400,36,400,0,6800
DIVISLAB30JAN201820PE.NFO,07/01/2020,12:24:48,36.5,34.8,400,36,400,0,6800
DIVISLAB30JAN201820PE.NFO,07/01/2020,12:24:55,36.5,34.9,400,36,400,0,6800
DIVISLAB30JAN201820PE.NFO,07/01/2020,12:25:17,36.5,34.9,800,36.1,800,0,6800
DIVISLAB30JAN201820PE.NFO,07/01/2020,12:25:19,36.5,34.9,800,36.6,400,0,6800
DIVISLAB30JAN201820PE.NFO,07/01/2020,12:25:21,36.5,34.9,800,36.2,800,0,6800
DIVISLAB30JAN201820PE.NFO,07/01/2020,12:25:23,36.5,34.9,800,35.95,400,0,6800
DIVISLAB30JAN201820PE.NFO,07/01/2020,12:25:24,36.5,34.9,800,35.9,400,0,6800
DIVISLAB30JAN201820PE.NFO,07/01/2020,12:25:26,36.5,34.9,800,36,400,0,6800
DIVISLAB30JAN201820PE.NFO,07/01/2020,12:25:41,36.5,34.65,400,36.05,800,0,6800
DIVISLAB30JAN201820PE.NFO,07/01/2020,12:25:44,36.5,34.65,400,35.85,400,0,6800
DIVISLAB30JAN201820PE.NFO,07/01/2020,12:25:47,36.5,34.65,400,35.8,400,0,6800
DIVISLAB30JAN201820PE.NFO,07/01/2020,12:25:57,36.5,34.65,400,35.65,400,0,6800
DIVISLAB30JAN201820PE.NFO,07/01/2020,12:26:00,36.5,34.65,400,35.75,400,0,6800
DIVISLAB30JAN201820PE.NFO,07/01/2020,12:26:17,36.5,34.65,400,35.85,400,0,6800
DIVISLAB30JAN201820PE.NFO,07/01/2020,12:26:19,36.5,34.65,400,35.7,400,0,6800
DIVISLAB30JAN201820PE.NFO,07/01/2020,12:26:22,36.5,34.65,400,35.8,800,0,6800
DIVISLAB30JAN201820PE.NFO,07/01/2020,12:26:24,36.5,34.75,400,35.7,400,0,6800
DIVISLAB30JAN201820PE.NFO,07/01/2020,12:26:26,36.5,34.75,400,35.8,400,0,6800
DIVISLAB30JAN201820PE.NFO,07/01/2020,12:26:36,36.5,34.75,400,35.95,400,0,6800
DIVISLAB30JAN201820PE.NFO,07/01/2020,12:26:53,36.5,34.95,800,36.05,400,0,6800
DIVISLAB30JAN201820PE.NFO,07/01/2020,12:26:55,36.5,34.95,800,36,400,0,6800
DIVISLAB30JAN201820PE.NFO,07/01/2020,12:27:05,36.5,34.85,400,35.9,400,0,6800
DIVISLAB30JAN201820PE.NFO,07/01/2020,12:27:09,36.5,35.05,400,36.05,400,0,6800
DIVISLAB30JAN201820PE.NFO,07/01/2020,12:27:12,36.5,34.95,400,36,400,0,6800
DIVISLAB30JAN201820PE.NFO,07/01/2020,12:27:14,36.5,34.95,400,36.15,800,0,6800
DIVISLAB30JAN201820PE.NFO,07/01/2020,12:27:17,36.5,34.95,400,36.1,400,0,6800
DIVISLAB30JAN201820PE.NFO,07/01/2020,12:27:20,36.5,34.95,400,35.95,400,0,6800
DIVISLAB30JAN201820PE.NFO,07/01/2020,12:27:23,36.5,34.95,400,36.1,400,0,6800
DIVISLAB30JAN201820PE.NFO,07/01/2020,12:27:28,36.5,35.3,400,36.15,400,0,6800
DIVISLAB30JAN201820PE.NFO,07/01/2020,12:27:30,36.5,35.1,400,36.15,400,0,6800
DIVISLAB30JAN201820PE.NFO,07/01/2020,12:27:33,36.5,35.1,400,36.25,400,0,6800
DIVISLAB30JAN201820PE.NFO,07/01/2020,12:27:35,36.5,35.1,400,36.1,400,0,6800
DIVISLAB30JAN201820PE.NFO,07/01/2020,12:27:40,36.5,35,400,35.95,400,0,6800
DIVISLAB30JAN201820PE.NFO,07/01/2020,12:27:42,36.5,35.05,400,36.1,400,0,6800
DIVISLAB30JAN201820PE.NFO,07/01/2020,12:27:46,36.5,34.7,400,36,400,0,6800
DIVISLAB30JAN201820PE.NFO,07/01/2020,12:27:48,36.5,34.8,400,36,400,0,6800
DIVISLAB30JAN201820PE.NFO,07/01/2020,12:27:50,36.5,34.6,400,35.85,400,0,6800
DIVISLAB30JAN201820PE.NFO,07/01/2020,12:27:53,36.5,35,400,36,400,0,6800
DIVISLAB30JAN201820PE.NFO,07/01/2020,12:27:55,36.5,35,400,35.95,400,0,6800
DIVISLAB30JAN201820PE.NFO,07/01/2020,12:27:57,36.5,35,400,36.1,400,0,6800
DIVISLAB30JAN201820PE.NFO,07/01/2020,12:27:59,36.5,35,400,36.2,400,0,6800
DIVISLAB30JAN201820PE.NFO,07/01/2020,12:28:00,36.5,35,400,36.15,400,0,6800
DIVISLAB30JAN201820PE.NFO,07/01/2020,12:28:02,36.5,35,400,36.25,400,0,6800
DIVISLAB30JAN201820PE.NFO,07/01/2020,12:28:05,36.5,35,400,36.05,400,0,6800
DIVISLAB30JAN201820PE.NFO,07/01/2020,12:28:07,36.5,35,400,36.1,400,0,6800
DIVISLAB30JAN201820PE.NFO,07/01/2020,12:28:14,36.5,34.1,1600,35.95,400,0,6800
DIVISLAB30JAN201820PE.NFO,07/01/2020,12:28:18,36.5,34.1,1600,36,400,0,6800
DIVISLAB30JAN201820PE.NFO,07/01/2020,12:28:26,36.5,34.75,800,35.95,400,0,6800
DIVISLAB30JAN201820PE.NFO,07/01/2020,12:28:30,36.5,34.65,400,35.65,400,0,6800
DIVISLAB30JAN201820PE.NFO,07/01/2020,12:28:33,36.5,34.35,800,35.5,400,0,6800
DIVISLAB30JAN201820PE.NFO,07/01/2020,12:28:42,36.5,34.4,400,35.5,400,0,6800
DIVISLAB30JAN201820PE.NFO,07/01/2020,12:28:45,36.5,34.4,400,35.35,400,0,6800
DIVISLAB30JAN201820PE.NFO,07/01/2020,12:28:47,36.5,34.2,400,35.25,400,0,6800
DIVISLAB30JAN201820PE.NFO,07/01/2020,12:28:50,36.5,33.9,1200,35.35,400,0,6800
DIVISLAB30JAN201820PE.NFO,07/01/2020,12:28:53,36.5,34.1,1200,35.4,400,0,6800
DIVISLAB30JAN201820PE.NFO,07/01/2020,12:29:04,36.5,34.1,1200,35.3,400,0,6800
DIVISLAB30JAN201820PE.NFO,07/01/2020,12:29:09,36.5,34.1,1200,35.35,400,0,6800
DIVISLAB30JAN201820PE.NFO,07/01/2020,12:29:13,36.5,34.1,1200,35.45,400,0,6800
DIVISLAB30JAN201820PE.NFO,07/01/2020,12:29:17,36.5,34.1,1200,35.3,400,0,6800
DIVISLAB30JAN201820PE.NFO,07/01/2020,12:29:20,36.5,34.1,1200,35.25,400,0,6800
DIVISLAB30JAN201820PE.NFO,07/01/2020,12:29:22,36.5,34.3,400,35.4,400,0,6800
DIVISLAB30JAN201820PE.NFO,07/01/2020,12:29:27,36.5,33.95,800,35,400,0,6800
DIVISLAB30JAN201820PE.NFO,07/01/2020,12:29:32,36.5,34,400,35,400,0,6800
DIVISLAB30JAN201820PE.NFO,07/01/2020,12:29:35,36.5,34,400,34.95,400,0,6800
DIVISLAB30JAN201820PE.NFO,07/01/2020,12:29:39,36.5,33.9,400,35,800,0,6800
DIVISLAB30JAN201820PE.NFO,07/01/2020,12:29:46,36.5,34.05,800,35.05,400,0,6800
DIVISLAB30JAN201820PE.NFO,07/01/2020,12:29:49,36.5,34.1,400,35.05,400,0,6800
DIVISLAB30JAN201820PE.NFO,07/01/2020,12:29:55,36.5,34.1,400,35.1,400,0,6800
DIVISLAB30JAN201820PE.NFO,07/01/2020,12:30:09,36.5,34.25,400,35.15,400,0,6800
DIVISLAB30JAN201820PE.NFO,07/01/2020,12:30:14,36.5,34.1,400,35.15,400,0,6800
DIVISLAB30JAN201820PE.NFO,07/01/2020,12:30:19,36.5,34.25,400,35.25,400,0,6800
DIVISLAB30JAN201820PE.NFO,07/01/2020,12:30:28,36.5,34.05,400,35.2,400,0,6800
DIVISLAB30JAN201820PE.NFO,07/01/2020,12:30:38,36.5,34.05,400,35.15,400,0,6800
DIVISLAB30JAN201820PE.NFO,07/01/2020,12:30:47,36.5,34.05,400,35.15,800,0,6800
DIVISLAB30JAN201820PE.NFO,07/01/2020,12:30:56,36.5,34.1,400,35.15,400,0,6800
DIVISLAB30JAN201820PE.NFO,07/01/2020,12:31:07,36.5,34.1,400,35.2,400,0,6800
DIVISLAB30JAN201820PE.NFO,07/01/2020,12:31:14,36.5,34.1,400,35.05,400,0,6800
DIVISLAB30JAN201820PE.NFO,07/01/2020,12:31:19,36.5,34.1,400,35.2,400,0,6800
DIVISLAB30JAN201820PE.NFO,07/01/2020,12:31:40,36.5,33.9,400,35.15,800,0,6800
DIVISLAB30JAN201820PE.NFO,07/01/2020,12:31:43,36.5,33.95,400,35.2,1200,0,6800
DIVISLAB30JAN201820PE.NFO,07/01/2020,12:31:51,36.5,33.95,400,35.2,800,0,6800
DIVISLAB30JAN201820PE.NFO,07/01/2020,12:32:05,36.5,33.95,400,35.1,400,0,6800
DIVISLAB30JAN201820PE.NFO,07/01/2020,12:32:14,36.5,33.95,400,35.15,400,0,6800
DIVISLAB30JAN201820PE.NFO,07/01/2020,12:32:17,36.5,33.65,400,35,800,0,6800
DIVISLAB30JAN201820PE.NFO,07/01/2020,12:32:26,36.5,33.65,400,35.05,400,0,6800
DIVISLAB30JAN201820PE.NFO,07/01/2020,12:32:28,36.5,33.65,400,34.95,400,0,6800
DIVISLAB30JAN201820PE.NFO,07/01/2020,12:32:31,36.5,33.65,400,35.05,400,0,6800
DIVISLAB30JAN201820PE.NFO,07/01/2020,12:32:43,36.5,33.75,400,35.15,400,0,6800
DIVISLAB30JAN201820PE.NFO,07/01/2020,12:32:47,36.5,33.9,400,35.15,400,0,6800
DIVISLAB30JAN201820PE.NFO,07/01/2020,12:32:55,36.5,33.9,400,35.1,400,0,6800
DIVISLAB30JAN201820PE.NFO,07/01/2020,12:33:03,36.5,33.9,400,35.15,400,0,6800
DIVISLAB30JAN201820PE.NFO,07/01/2020,12:33:08,36.5,33.8,400,35.1,400,0,6800
DIVISLAB30JAN201820PE.NFO,07/01/2020,12:33:17,36.5,33.85,400,35.1,400,0,6800
DIVISLAB30JAN201820PE.NFO,07/01/2020,12:33:27,36.5,33.85,400,35,400,0,6800
DIVISLAB30JAN201820PE.NFO,07/01/2020,12:33:30,36.5,33.85,400,35.05,400,0,6800
DIVISLAB30JAN201820PE.NFO,07/01/2020,12:33:37,36.5,33.85,400,35.1,400,0,6800
DIVISLAB30JAN201820PE.NFO,07/01/2020,12:33:39,36.5,33.85,400,35.4,400,0,6800
DIVISLAB30JAN201820PE.NFO,07/01/2020,12:33:42,36.5,34.05,400,35.4,400,0,6800
DIVISLAB30JAN201820PE.NFO,07/01/2020,12:33:45,36.5,34.2,400,35.4,400,0,6800
DIVISLAB30JAN201820PE.NFO,07/01/2020,12:33:47,36.5,34.2,400,35.45,400,0,6800
DIVISLAB30JAN201820PE.NFO,07/01/2020,12:33:50,36.5,34.2,400,35.5,400,0,6800
DIVISLAB30JAN201820PE.NFO,07/01/2020,12:33:56,36.5,34.25,800,35.5,400,0,6800
DIVISLAB30JAN201820PE.NFO,07/01/2020,12:33:58,36.5,34.25,800,35.55,400,0,6800
DIVISLAB30JAN201820PE.NFO,07/01/2020,12:34:12,36.5,34.25,400,35.55,400,0,6800
DIVISLAB30JAN201820PE.NFO,07/01/2020,12:34:17,36.5,34.25,400,35.55,800,0,6800
DIVISLAB30JAN201820PE.NFO,07/01/2020,12:34:20,36.5,34.25,400,35.55,400,0,6800
DIVISLAB30JAN201820PE.NFO,07/01/2020,12:34:28,36.5,34.25,400,35.55,800,0,6800
DIVISLAB30JAN201820PE.NFO,07/01/2020,12:34:33,36.5,33.85,1200,35.35,400,0,6800
DIVISLAB30JAN201820PE.NFO,07/01/2020,12:34:38,36.5,33.85,800,35.3,400,0,6800
DIVISLAB30JAN201820PE.NFO,07/01/2020,12:34:41,36.5,33.9,800,35.3,400,0,6800
DIVISLAB30JAN201820PE.NFO,07/01/2020,12:35:14,36.5,34.3,400,35.7,800,0,6800
DIVISLAB30JAN201820PE.NFO,07/01/2020,12:35:19,36.5,34.3,400,35.7,400,0,6800
DIVISLAB30JAN201820PE.NFO,07/01/2020,12:35:21,36.5,34.3,400,35.6,400,0,6800
DIVISLAB30JAN201820PE.NFO,07/01/2020,12:35:23,36.5,34.35,400,35.6,400,0,6800
DIVISLAB30JAN201820PE.NFO,07/01/2020,12:35:26,36.5,34.3,400,35.6,400,0,6800
DIVISLAB30JAN201820PE.NFO,07/01/2020,12:35:29,36.5,34.55,400,35.8,400,0,6800
DIVISLAB30JAN201820PE.NFO,07/01/2020,12:35:32,36.5,34.35,400,35.65,400,0,6800
DIVISLAB30JAN201820PE.NFO,07/01/2020,12:35:38,36.5,34.5,400,35.65,400,0,6800
DIVISLAB30JAN201820PE.NFO,07/01/2020,12:35:40,36.5,34.5,400,35.9,400,0,6800
DIVISLAB30JAN201820PE.NFO,07/01/2020,12:35:44,36.5,34.55,400,35.9,400,0,6800
DIVISLAB30JAN201820PE.NFO,07/01/2020,12:35:47,36.5,34.35,400,35.8,400,0,6800
DIVISLAB30JAN201820PE.NFO,07/01/2020,12:35:49,36.5,34.55,400,35.8,400,0,6800
DIVISLAB30JAN201820PE.NFO,07/01/2020,12:35:53,36.5,34.4,400,35.8,400,0,6800
DIVISLAB30JAN201820PE.NFO,07/01/2020,12:35:56,36.5,34.5,400,35.8,400,0,6800
DIVISLAB30JAN201820PE.NFO,07/01/2020,12:36:00,36.5,34.5,400,35.7,400,0,6800
DIVISLAB30JAN201820PE.NFO,07/01/2020,12:36:03,36.5,34.35,800,35.7,400,0,6800
DIVISLAB30JAN201820PE.NFO,07/01/2020,12:36:09,36.5,34.6,400,36.55,400,0,6800
DIVISLAB30JAN201820PE.NFO,07/01/2020,12:36:11,36.5,34.6,400,36.35,400,0,6800
DIVISLAB30JAN201820PE.NFO,07/01/2020,12:36:13,36.5,34.6,400,36.1,800,0,6800
DIVISLAB30JAN201820PE.NFO,07/01/2020,12:36:15,36.5,34.7,400,36.1,400,0,6800
DIVISLAB30JAN201820PE.NFO,07/01/2020,12:36:18,36.5,34.75,800,36.1,400,0,6800
DIVISLAB30JAN201820PE.NFO,07/01/2020,12:36:22,36.5,34.7,400,36.1,400,0,6800
DIVISLAB30JAN201820PE.NFO,07/01/2020,12:36:25,36.5,34.75,400,36.1,400,0,6800
DIVISLAB30JAN201820PE.NFO,07/01/2020,12:36:30,36.5,34.75,400,36.2,400,0,6800
DIVISLAB30JAN201820PE.NFO,07/01/2020,12:36:32,36.5,34.85,400,36.2,400,0,6800
DIVISLAB30JAN201820PE.NFO,07/01/2020,12:36:35,36.5,34.75,400,36.2,400,0,6800
DIVISLAB30JAN201820PE.NFO,07/01/2020,12:36:40,36.5,34.75,400,36.1,400,0,6800
DIVISLAB30JAN201820PE.NFO,07/01/2020,12:36:49,36.5,34.75,800,36.35,800,0,6800
DIVISLAB30JAN201820PE.NFO,07/01/2020,12:36:54,36.5,34.75,400,36.35,800,0,6800
DIVISLAB30JAN201820PE.NFO,07/01/2020,12:36:58,36.5,34.75,800,36.35,800,0,6800
DIVISLAB30JAN201820PE.NFO,07/01/2020,12:37:33,36.5,34.75,400,36.35,800,0,6800
DIVISLAB30JAN201820PE.NFO,07/01/2020,12:37:38,36.5,34.6,1200,36.35,800,0,6800
DIVISLAB30JAN201820PE.NFO,07/01/2020,12:39:48,36.5,34.5,400,36.35,800,0,6800
DIVISLAB30JAN201820PE.NFO,07/01/2020,12:39:57,36.5,34.3,400,36.35,800,0,6800
DIVISLAB30JAN201820PE.NFO,07/01/2020,12:40:48,36.5,34.15,400,36.35,800,0,6800
DIVISLAB30JAN201820PE.NFO,07/01/2020,12:42:05,36.5,33.6,400,36.35,800,0,6800
DIVISLAB30JAN201820PE.NFO,07/01/2020,12:42:08,36.5,33.6,400,35.75,400,0,6800
DIVISLAB30JAN201820PE.NFO,07/01/2020,12:42:11,36.5,33.6,400,35.3,400,0,6800
DIVISLAB30JAN201820PE.NFO,07/01/2020,12:42:13,36.5,33.6,400,35.05,800,0,6800
DIVISLAB30JAN201820PE.NFO,07/01/2020,12:42:16,36.5,33.6,400,34.95,400,0,6800
DIVISLAB30JAN201820PE.NFO,07/01/2020,12:42:26,36.5,33.6,400,34.85,400,0,6800
DIVISLAB30JAN201820PE.NFO,07/01/2020,12:42:56,36.5,33.6,400,34.7,400,0,6800
DIVISLAB30JAN201820PE.NFO,07/01/2020,12:43:09,36.5,33.6,400,34.7,800,0,6800
DIVISLAB30JAN201820PE.NFO,07/01/2020,12:43:11,36.5,33.6,400,34.7,400,0,6800
DIVISLAB30JAN201820PE.NFO,07/01/2020,12:43:21,36.5,33.6,400,34.7,800,0,6800
DIVISLAB30JAN201820PE.NFO,07/01/2020,12:44:54,36.5,33.6,400,34.7,400,0,6800
DIVISLAB30JAN201820PE.NFO,07/01/2020,12:45:01,36.5,32.75,400,34.3,400,0,6800
DIVISLAB30JAN201820PE.NFO,07/01/2020,12:45:12,36.5,32.85,800,34.35,800,0,6800
DIVISLAB30JAN201820PE.NFO,07/01/2020,12:45:24,36.5,33.15,400,34.35,400,0,6800
DIVISLAB30JAN201820PE.NFO,07/01/2020,12:45:25,36.5,32.95,400,34.3,400,0,6800
DIVISLAB30JAN201820PE.NFO,07/01/2020,12:45:28,36.5,33.05,400,34.3,400,0,6800
DIVISLAB30JAN201820PE.NFO,07/01/2020,12:45:51,36.5,33.05,400,34.2,400,0,6800
DIVISLAB30JAN201820PE.NFO,07/01/2020,12:46:07,36.5,32.35,1200,33.85,400,0,6800
DIVISLAB30JAN201820PE.NFO,07/01/2020,12:46:10,36.5,32.55,800,33.9,800,0,6800
DIVISLAB30JAN201820PE.NFO,07/01/2020,12:46:13,36.5,32.55,400,33.85,800,0,6800
DIVISLAB30JAN201820PE.NFO,07/01/2020,12:46:21,36.5,33.05,400,34.2,400,0,6800
DIVISLAB30JAN201820PE.NFO,07/01/2020,12:46:25,36.5,33,400,34.1,800,0,6800
DIVISLAB30JAN201820PE.NFO,07/01/2020,12:46:29,36.5,33,400,34.1,400,0,6800
DIVISLAB30JAN201820PE.NFO,07/01/2020,12:46:38,36.5,33,400,34.1,800,0,6800
DIVISLAB30JAN201820PE.NFO,07/01/2020,12:46:44,36.5,32.6,400,34.1,800,0,6800
DIVISLAB30JAN201820PE.NFO,07/01/2020,12:46:51,36.5,32.75,800,34.2,400,0,6800
