Ticker,Date,Time,LTP,BuyPrice,BuyQty,SellPrice,SellQty,LTQ,OpenInterest
DLF30JAN20220CE.NFO,07/01/2020,09:18:34,12.75,12.75,3300,13,3300,3300,115500
DLF30JAN20220CE.NFO,07/01/2020,09:18:34,12.75,12.75,3300,13,3300,0,115500
DLF30JAN20220CE.NFO,07/01/2020,09:18:34,12.75,12.75,3300,13,3300,0,115500
DLF30JAN20220CE.NFO,07/01/2020,09:18:34,12.75,12.75,3300,13,3300,0,115500
DLF30JAN20220CE.NFO,07/01/2020,09:18:42,12.75,12.65,3300,12.8,3300,6600,115500
DLF30JAN20220CE.NFO,07/01/2020,09:18:49,12.75,12.6,3300,12.8,6600,0,115500
DLF30JAN20220CE.NFO,07/01/2020,09:18:56,12.8,12.5,3300,12.8,9900,3300,115500
DLF30JAN20220CE.NFO,07/01/2020,09:18:56,12.8,12.5,3300,12.8,9900,0,115500
DLF30JAN20220CE.NFO,07/01/2020,09:19:04,12.8,12.75,3300,12.95,3300,3300,115500
DLF30JAN20220CE.NFO,07/01/2020,09:19:12,12.8,12.7,3300,12.9,3300,0,115500
DLF30JAN20220CE.NFO,07/01/2020,09:19:20,12.8,12.85,6600,13.25,3300,0,115500
DLF30JAN20220CE.NFO,07/01/2020,09:19:28,12.8,13,3300,13.2,3300,0,115500
DLF30JAN20220CE.NFO,07/01/2020,09:19:35,13,12.7,3300,13.05,3300,3300,115500
DLF30JAN20220CE.NFO,07/01/2020,09:19:35,13,12.7,3300,13.05,3300,0,115500
DLF30JAN20220CE.NFO,07/01/2020,09:19:43,13,12.65,3300,12.95,3300,0,115500
DLF30JAN20220CE.NFO,07/01/2020,09:19:51,13,12.6,3300,13.05,9900,0,115500
DLF30JAN20220CE.NFO,07/01/2020,09:20:07,13,12.65,3300,13.1,13200,0,115500
DLF30JAN20220CE.NFO,07/01/2020,09:20:15,13,12.6,3300,13,9900,0,115500
DLF30JAN20220CE.NFO,07/01/2020,09:20:23,13,12.55,3300,12.95,3300,0,115500
DLF30JAN20220CE.NFO,07/01/2020,09:20:30,13,12.75,3300,13.05,3300,0,115500
DLF30JAN20220CE.NFO,07/01/2020,09:20:38,13,12.85,6600,13.1,3300,0,115500
DLF30JAN20220CE.NFO,07/01/2020,09:20:46,12.85,12.7,3300,12.9,3300,3300,118800
DLF30JAN20220CE.NFO,07/01/2020,09:20:53,12.9,12.7,3300,13.05,3300,3300,118800
DLF30JAN20220CE.NFO,07/01/2020,09:21:01,12.9,12.8,3300,13.1,3300,0,118800
DLF30JAN20220CE.NFO,07/01/2020,09:21:08,12.9,12.55,3300,12.9,3300,0,118800
DLF30JAN20220CE.NFO,07/01/2020,09:21:16,12.9,12.6,3300,12.95,3300,0,118800
DLF30JAN20220CE.NFO,07/01/2020,09:21:24,12.9,12.55,6600,12.95,6600,0,118800
DLF30JAN20220CE.NFO,07/01/2020,09:21:31,12.9,12.65,3300,12.95,3300,0,118800
DLF30JAN20220CE.NFO,07/01/2020,09:21:45,12.9,12.55,3300,12.85,3300,0,118800
DLF30JAN20220CE.NFO,07/01/2020,09:21:52,12.9,12.6,3300,12.85,3300,0,118800
DLF30JAN20220CE.NFO,07/01/2020,09:22:06,12.9,12.55,3300,12.95,9900,0,118800
DLF30JAN20220CE.NFO,07/01/2020,09:22:14,12.9,12.5,3300,12.75,6600,0,118800
DLF30JAN20220CE.NFO,07/01/2020,09:22:21,12.9,12.5,3300,12.8,3300,0,118800
DLF30JAN20220CE.NFO,07/01/2020,09:22:29,12.9,12.35,6600,12.75,6600,0,118800
DLF30JAN20220CE.NFO,07/01/2020,09:22:35,12.9,12.4,9900,12.75,6600,0,118800
DLF30JAN20220CE.NFO,07/01/2020,09:22:42,12.9,12.4,6600,12.75,6600,0,118800
DLF30JAN20220CE.NFO,07/01/2020,09:22:49,12.9,12.45,3300,12.75,3300,0,118800
DLF30JAN20220CE.NFO,07/01/2020,09:22:55,12.9,12.55,3300,12.75,3300,0,118800
DLF30JAN20220CE.NFO,07/01/2020,09:23:01,12.9,12.55,3300,12.75,6600,0,118800
DLF30JAN20220CE.NFO,07/01/2020,09:23:14,12.5,12.4,3300,12.6,3300,3300,118800
DLF30JAN20220CE.NFO,07/01/2020,09:23:14,12.5,12.4,3300,12.6,3300,0,118800
DLF30JAN20220CE.NFO,07/01/2020,09:23:21,12.5,12.3,3300,12.65,6600,0,118800
DLF30JAN20220CE.NFO,07/01/2020,09:23:34,12.5,12.45,3300,12.65,6600,0,118800
DLF30JAN20220CE.NFO,07/01/2020,09:23:41,12.5,12.45,3300,12.65,3300,0,118800
DLF30JAN20220CE.NFO,07/01/2020,09:23:47,12.5,12.5,6600,12.75,6600,0,118800
DLF30JAN20220CE.NFO,07/01/2020,09:23:54,12.7,12.75,3300,13,6600,3300,118800
DLF30JAN20220CE.NFO,07/01/2020,09:24:01,13,12.95,9900,13.2,3300,3300,118800
DLF30JAN20220CE.NFO,07/01/2020,09:24:08,13,12.8,3300,13.05,6600,0,118800
DLF30JAN20220CE.NFO,07/01/2020,09:24:15,13,12.7,6600,12.9,3300,0,118800
DLF30JAN20220CE.NFO,07/01/2020,09:24:22,13,12.65,6600,12.8,3300,0,118800
DLF30JAN20220CE.NFO,07/01/2020,09:24:29,13,12.7,3300,12.85,6600,0,118800
DLF30JAN20220CE.NFO,07/01/2020,09:24:49,13,12.5,3300,12.7,6600,0,118800
DLF30JAN20220CE.NFO,07/01/2020,09:24:55,13,12.45,6600,12.6,3300,0,118800
DLF30JAN20220CE.NFO,07/01/2020,09:25:16,13,12.45,6600,12.65,3300,0,118800
DLF30JAN20220CE.NFO,07/01/2020,09:25:23,13,12.4,3300,12.5,3300,0,118800
DLF30JAN20220CE.NFO,07/01/2020,09:25:30,13,12.4,3300,12.6,3300,0,118800
DLF30JAN20220CE.NFO,07/01/2020,09:25:37,12.4,12.3,6600,12.45,3300,3300,118800
DLF30JAN20220CE.NFO,07/01/2020,09:25:37,12.4,12.3,6600,12.45,3300,0,118800
DLF30JAN20220CE.NFO,07/01/2020,09:25:45,12.4,12.25,3300,12.45,3300,0,118800
DLF30JAN20220CE.NFO,07/01/2020,09:25:58,12.4,12.2,6600,12.45,6600,0,118800
DLF30JAN20220CE.NFO,07/01/2020,09:26:08,12.4,12.2,3300,12.4,3300,0,118800
DLF30JAN20220CE.NFO,07/01/2020,09:26:16,12.4,12.25,6600,12.45,3300,0,118800
DLF30JAN20220CE.NFO,07/01/2020,09:26:21,12.4,12.2,3300,12.4,3300,0,118800
DLF30JAN20220CE.NFO,07/01/2020,09:26:27,12.4,12.15,6600,12.45,3300,0,118800
DLF30JAN20220CE.NFO,07/01/2020,09:26:33,12.4,12.35,3300,12.55,3300,0,118800
DLF30JAN20220CE.NFO,07/01/2020,09:26:40,12.4,12.35,3300,12.5,3300,0,118800
DLF30JAN20220CE.NFO,07/01/2020,09:26:56,12.4,12.4,9900,12.6,3300,0,118800
DLF30JAN20220CE.NFO,07/01/2020,09:27:01,12.4,12.4,3300,12.6,6600,0,118800
DLF30JAN20220CE.NFO,07/01/2020,09:27:06,12.4,12.35,3300,12.55,3300,0,118800
DLF30JAN20220CE.NFO,07/01/2020,09:27:12,12.4,12.3,3300,12.45,6600,0,118800
DLF30JAN20220CE.NFO,07/01/2020,09:27:17,12.4,12.2,3300,12.4,3300,0,118800
DLF30JAN20220CE.NFO,07/01/2020,09:27:24,12.4,12.1,6600,12.3,3300,0,118800
DLF30JAN20220CE.NFO,07/01/2020,09:27:31,12.4,12.05,6600,12.25,3300,0,118800
DLF30JAN20220CE.NFO,07/01/2020,09:27:37,12.4,12.05,3300,12.25,3300,0,118800
DLF30JAN20220CE.NFO,07/01/2020,09:27:42,12.4,12.1,3300,12.25,3300,0,118800
DLF30JAN20220CE.NFO,07/01/2020,09:28:08,12.25,12.15,3300,12.3,3300,3300,112200
DLF30JAN20220CE.NFO,07/01/2020,09:28:08,12.25,12.15,3300,12.3,3300,0,112200
DLF30JAN20220CE.NFO,07/01/2020,09:28:15,12.25,12.1,6600,12.3,3300,0,112200
DLF30JAN20220CE.NFO,07/01/2020,09:28:20,12.25,12.1,6600,12.3,6600,0,112200
DLF30JAN20220CE.NFO,07/01/2020,09:28:43,12.25,12.15,3300,12.3,3300,0,112200
DLF30JAN20220CE.NFO,07/01/2020,09:28:48,12.25,12.2,3300,12.4,3300,0,112200
DLF30JAN20220CE.NFO,07/01/2020,09:29:01,12.25,12.15,3300,12.3,3300,0,112200
DLF30JAN20220CE.NFO,07/01/2020,09:29:07,12.25,12.1,6600,12.25,3300,0,112200
DLF30JAN20220CE.NFO,07/01/2020,09:29:13,12.25,12.1,3300,12.25,3300,0,112200
DLF30JAN20220CE.NFO,07/01/2020,09:29:19,12.3,12.35,3300,12.55,3300,6600,115500
DLF30JAN20220CE.NFO,07/01/2020,09:29:25,12.3,12.3,6600,12.5,3300,0,115500
DLF30JAN20220CE.NFO,07/01/2020,09:29:30,12.3,12.2,9900,12.4,3300,0,115500
DLF30JAN20220CE.NFO,07/01/2020,09:29:36,12.3,12.3,6600,12.55,6600,0,115500
DLF30JAN20220CE.NFO,07/01/2020,09:29:43,12.3,12.2,6600,12.5,9900,0,115500
DLF30JAN20220CE.NFO,07/01/2020,09:29:50,12.3,12.3,3300,12.5,6600,0,115500
DLF30JAN20220CE.NFO,07/01/2020,09:29:55,12.3,12.25,3300,12.45,3300,0,115500
DLF30JAN20220CE.NFO,07/01/2020,09:30:01,12.3,12.4,3300,12.65,3300,0,115500
DLF30JAN20220CE.NFO,07/01/2020,09:30:08,12.3,12.6,6600,12.75,3300,0,115500
DLF30JAN20220CE.NFO,07/01/2020,09:30:14,12.3,12.6,3300,12.75,3300,0,115500
DLF30JAN20220CE.NFO,07/01/2020,09:30:21,12.3,12.6,6600,12.75,3300,0,115500
DLF30JAN20220CE.NFO,07/01/2020,09:30:27,12.3,12.55,6600,12.75,9900,0,115500
DLF30JAN20220CE.NFO,07/01/2020,09:30:48,12.3,12.55,3300,12.75,9900,0,115500
DLF30JAN20220CE.NFO,07/01/2020,09:30:54,12.3,12.5,6600,12.7,9900,0,115500
DLF30JAN20220CE.NFO,07/01/2020,09:30:59,12.3,12.65,3300,12.75,3300,0,115500
DLF30JAN20220CE.NFO,07/01/2020,09:31:05,12.75,12.7,3300,12.85,3300,3300,115500
DLF30JAN20220CE.NFO,07/01/2020,09:31:11,12.75,12.65,3300,12.8,3300,0,115500
DLF30JAN20220CE.NFO,07/01/2020,09:31:18,12.75,12.65,6600,12.85,13200,0,115500
DLF30JAN20220CE.NFO,07/01/2020,09:31:23,12.75,12.7,6600,12.9,9900,0,115500
DLF30JAN20220CE.NFO,07/01/2020,09:31:34,12.75,12.7,6600,12.75,3300,0,115500
DLF30JAN20220CE.NFO,07/01/2020,09:31:40,12.75,12.65,3300,12.9,6600,3300,115500
DLF30JAN20220CE.NFO,07/01/2020,09:31:45,12.75,12.75,6600,12.95,3300,0,115500
DLF30JAN20220CE.NFO,07/01/2020,09:31:50,12.75,12.85,6600,13,3300,0,115500
DLF30JAN20220CE.NFO,07/01/2020,09:32:15,12.75,12.95,3300,13,3300,0,115500
DLF30JAN20220CE.NFO,07/01/2020,09:32:20,13,13,9900,13.2,3300,3300,118800
DLF30JAN20220CE.NFO,07/01/2020,09:32:33,13,12.9,9900,13.1,3300,0,118800
DLF30JAN20220CE.NFO,07/01/2020,09:32:39,13,12.95,3300,13.1,9900,0,118800
DLF30JAN20220CE.NFO,07/01/2020,09:32:45,13,12.9,3300,13.05,9900,0,118800
DLF30JAN20220CE.NFO,07/01/2020,09:32:51,12.85,12.75,6600,12.9,3300,3300,118800
DLF30JAN20220CE.NFO,07/01/2020,09:32:56,12.85,12.75,6600,12.95,6600,0,118800
DLF30JAN20220CE.NFO,07/01/2020,09:33:02,12.85,12.7,6600,12.9,3300,0,118800
DLF30JAN20220CE.NFO,07/01/2020,09:33:07,12.85,12.7,6600,12.9,6600,0,118800
DLF30JAN20220CE.NFO,07/01/2020,09:33:13,12.85,12.7,3300,12.9,6600,0,118800
DLF30JAN20220CE.NFO,07/01/2020,09:33:18,12.85,12.65,3300,12.85,9900,0,118800
DLF30JAN20220CE.NFO,07/01/2020,09:33:24,12.85,12.65,3300,12.9,6600,0,118800
DLF30JAN20220CE.NFO,07/01/2020,09:33:30,12.85,12.65,3300,12.85,3300,0,118800
DLF30JAN20220CE.NFO,07/01/2020,09:33:46,12.85,12.6,6600,12.9,6600,0,118800
DLF30JAN20220CE.NFO,07/01/2020,09:33:51,12.85,12.7,3300,12.85,3300,0,118800
DLF30JAN20220CE.NFO,07/01/2020,09:33:56,12.85,12.65,3300,12.85,6600,0,118800
DLF30JAN20220CE.NFO,07/01/2020,09:34:01,12.8,12.7,3300,12.85,6600,3300,118800
DLF30JAN20220CE.NFO,07/01/2020,09:34:06,12.8,12.65,3300,12.85,6600,0,118800
DLF30JAN20220CE.NFO,07/01/2020,09:34:12,12.8,12.6,3300,12.8,3300,0,118800
DLF30JAN20220CE.NFO,07/01/2020,09:34:17,12.8,12.65,3300,12.8,6600,0,118800
DLF30JAN20220CE.NFO,07/01/2020,09:34:21,12.8,12.55,3300,12.75,3300,0,118800
DLF30JAN20220CE.NFO,07/01/2020,09:34:27,12.8,12.6,3300,12.8,9900,0,118800
DLF30JAN20220CE.NFO,07/01/2020,09:34:32,12.8,12.4,3300,12.7,9900,0,118800
DLF30JAN20220CE.NFO,07/01/2020,09:34:37,12.8,12.5,3300,12.7,9900,0,118800
DLF30JAN20220CE.NFO,07/01/2020,09:34:47,12.8,12.5,3300,12.7,6600,0,118800
DLF30JAN20220CE.NFO,07/01/2020,09:34:52,12.8,12.6,6600,12.85,6600,0,118800
DLF30JAN20220CE.NFO,07/01/2020,09:34:57,12.8,12.55,3300,12.75,6600,0,118800
DLF30JAN20220CE.NFO,07/01/2020,09:35:02,12.8,12.6,3300,12.8,3300,0,118800
DLF30JAN20220CE.NFO,07/01/2020,09:35:07,12.8,12.55,3300,12.75,6600,0,118800
DLF30JAN20220CE.NFO,07/01/2020,09:35:27,12.8,12.55,3300,12.75,9900,0,118800
DLF30JAN20220CE.NFO,07/01/2020,09:35:27,12.8,12.55,3300,12.75,6600,0,118800
DLF30JAN20220CE.NFO,07/01/2020,09:35:32,12.8,12.55,3300,12.75,9900,0,118800
DLF30JAN20220CE.NFO,07/01/2020,09:35:37,12.8,12.45,3300,12.65,6600,0,118800
DLF30JAN20220CE.NFO,07/01/2020,09:35:39,12.8,12.4,3300,12.65,9900,0,118800
DLF30JAN20220CE.NFO,07/01/2020,09:35:40,12.8,12.35,6600,12.65,13200,0,118800
DLF30JAN20220CE.NFO,07/01/2020,09:35:40,12.8,12.4,3300,12.65,13200,0,118800
DLF30JAN20220CE.NFO,07/01/2020,09:35:41,12.8,12.4,3300,12.6,3300,0,118800
DLF30JAN20220CE.NFO,07/01/2020,09:35:42,12.8,12.3,3300,12.45,6600,0,118800
DLF30JAN20220CE.NFO,07/01/2020,09:35:43,12.8,12.2,3300,12.45,9900,0,118800
DLF30JAN20220CE.NFO,07/01/2020,09:35:44,12.8,12.25,3300,12.45,9900,0,118800
DLF30JAN20220CE.NFO,07/01/2020,09:35:45,12.8,12.1,9900,12.45,3300,0,118800
DLF30JAN20220CE.NFO,07/01/2020,09:35:46,12.8,12.2,3300,12.45,6600,0,118800
DLF30JAN20220CE.NFO,07/01/2020,09:35:47,12.8,12.25,3300,12.45,6600,0,118800
DLF30JAN20220CE.NFO,07/01/2020,09:35:48,12.8,12.25,3300,12.45,9900,0,118800
DLF30JAN20220CE.NFO,07/01/2020,09:35:49,12.8,12.25,3300,12.45,6600,0,118800
DLF30JAN20220CE.NFO,07/01/2020,09:35:51,12.8,12.2,6600,12.5,9900,0,118800
DLF30JAN20220CE.NFO,07/01/2020,09:35:52,12.8,12.25,3300,12.5,13200,0,118800
DLF30JAN20220CE.NFO,07/01/2020,09:35:53,12.8,12.2,3300,12.5,13200,0,118800
DLF30JAN20220CE.NFO,07/01/2020,09:35:54,12.8,12.25,6600,12.5,13200,0,118800
DLF30JAN20220CE.NFO,07/01/2020,09:35:54,12.8,12.3,3300,12.5,3300,0,118800
DLF30JAN20220CE.NFO,07/01/2020,09:35:55,12.8,12.15,3300,12.45,3300,0,118800
DLF30JAN20220CE.NFO,07/01/2020,09:35:56,12.8,12.2,3300,12.45,3300,0,118800
DLF30JAN20220CE.NFO,07/01/2020,09:35:57,12.8,12.25,3300,12.45,6600,0,118800
DLF30JAN20220CE.NFO,07/01/2020,09:35:59,12.8,12.15,9900,12.45,6600,0,118800
DLF30JAN20220CE.NFO,07/01/2020,09:36:00,12.8,12.25,9900,12.5,3300,0,118800
DLF30JAN20220CE.NFO,07/01/2020,09:36:01,12.8,12.3,3300,12.55,3300,0,118800
DLF30JAN20220CE.NFO,07/01/2020,09:36:03,12.8,12.3,3300,12.55,6600,0,118800
DLF30JAN20220CE.NFO,07/01/2020,09:36:04,12.8,12.35,3300,12.55,3300,0,118800
DLF30JAN20220CE.NFO,07/01/2020,09:36:05,12.8,12.3,3300,12.55,6600,0,118800
DLF30JAN20220CE.NFO,07/01/2020,09:36:08,12.8,12.25,9900,12.55,3300,0,118800
DLF30JAN20220CE.NFO,07/01/2020,09:36:09,12.8,12.3,3300,12.55,6600,0,118800
DLF30JAN20220CE.NFO,07/01/2020,09:36:11,12.8,12.35,3300,12.55,6600,0,118800
DLF30JAN20220CE.NFO,07/01/2020,09:36:16,12.8,12.4,3300,12.6,3300,0,118800
DLF30JAN20220CE.NFO,07/01/2020,09:36:22,12.8,12.25,3300,12.45,3300,0,118800
DLF30JAN20220CE.NFO,07/01/2020,09:36:28,12.8,12.3,3300,12.45,3300,0,118800
DLF30JAN20220CE.NFO,07/01/2020,09:36:33,12.8,12.2,3300,12.45,9900,0,118800
DLF30JAN20220CE.NFO,07/01/2020,09:36:38,12.8,12.1,9900,12.4,3300,0,118800
DLF30JAN20220CE.NFO,07/01/2020,09:36:43,12.8,12.25,3300,12.5,6600,0,118800
DLF30JAN20220CE.NFO,07/01/2020,09:36:48,12.8,12.3,3300,12.5,9900,0,118800
DLF30JAN20220CE.NFO,07/01/2020,09:36:58,12.8,12.25,3300,12.5,3300,0,118800
DLF30JAN20220CE.NFO,07/01/2020,09:37:03,12.8,12.15,3300,12.4,6600,0,118800
DLF30JAN20220CE.NFO,07/01/2020,09:37:08,12.8,12.2,3300,12.4,6600,0,118800
DLF30JAN20220CE.NFO,07/01/2020,09:37:18,12.8,12.25,3300,12.45,6600,0,118800
DLF30JAN20220CE.NFO,07/01/2020,09:37:23,12.8,12.4,3300,12.65,6600,0,118800
DLF30JAN20220CE.NFO,07/01/2020,09:37:27,12.8,12.4,3300,12.6,6600,0,118800
DLF30JAN20220CE.NFO,07/01/2020,09:37:33,12.8,12.55,3300,12.8,3300,0,118800
DLF30JAN20220CE.NFO,07/01/2020,09:37:38,12.8,12.55,3300,12.8,9900,0,118800
DLF30JAN20220CE.NFO,07/01/2020,09:37:43,12.8,12.65,6600,12.9,13200,0,118800
DLF30JAN20220CE.NFO,07/01/2020,09:37:48,12.8,12.65,3300,12.9,9900,0,118800
DLF30JAN20220CE.NFO,07/01/2020,09:37:52,12.8,12.7,3300,12.95,6600,0,118800
DLF30JAN20220CE.NFO,07/01/2020,09:37:57,12.8,12.75,3300,12.95,9900,0,118800
DLF30JAN20220CE.NFO,07/01/2020,09:38:01,12.8,12.75,3300,12.95,3300,0,118800
DLF30JAN20220CE.NFO,07/01/2020,09:38:06,12.8,12.7,6600,12.9,3300,0,118800
DLF30JAN20220CE.NFO,07/01/2020,09:38:10,12.8,12.75,3300,12.95,9900,0,118800
DLF30JAN20220CE.NFO,07/01/2020,09:38:13,12.8,12.65,3300,12.9,3300,0,118800
DLF30JAN20220CE.NFO,07/01/2020,09:38:14,12.8,12.65,3300,12.9,6600,0,118800
DLF30JAN20220CE.NFO,07/01/2020,09:38:14,12.8,12.7,3300,12.9,6600,0,118800
DLF30JAN20220CE.NFO,07/01/2020,09:38:15,12.8,12.65,9900,12.9,6600,0,118800
DLF30JAN20220CE.NFO,07/01/2020,09:38:16,12.8,12.7,3300,12.9,3300,0,118800
DLF30JAN20220CE.NFO,07/01/2020,09:38:17,12.8,12.65,9900,12.9,6600,0,118800
DLF30JAN20220CE.NFO,07/01/2020,09:38:18,12.8,12.7,3300,12.9,3300,0,118800
DLF30JAN20220CE.NFO,07/01/2020,09:38:19,12.8,12.65,9900,12.9,6600,0,118800
DLF30JAN20220CE.NFO,07/01/2020,09:38:20,12.8,12.7,3300,12.9,6600,0,118800
DLF30JAN20220CE.NFO,07/01/2020,09:38:21,12.8,12.65,9900,12.9,9900,0,118800
DLF30JAN20220CE.NFO,07/01/2020,09:38:23,12.8,12.7,3300,12.9,6600,0,118800
DLF30JAN20220CE.NFO,07/01/2020,09:38:24,12.8,12.6,6600,12.95,6600,0,118800
DLF30JAN20220CE.NFO,07/01/2020,09:38:25,12.8,12.75,3300,13,9900,0,118800
DLF30JAN20220CE.NFO,07/01/2020,09:38:26,12.8,12.7,6600,12.95,6600,0,118800
DLF30JAN20220CE.NFO,07/01/2020,09:38:27,12.8,12.75,3300,12.95,6600,0,118800
DLF30JAN20220CE.NFO,07/01/2020,09:38:28,12.8,12.7,6600,12.95,6600,0,118800
DLF30JAN20220CE.NFO,07/01/2020,09:38:29,12.8,12.75,3300,12.95,6600,0,118800
DLF30JAN20220CE.NFO,07/01/2020,09:38:31,12.8,12.65,9900,12.9,3300,0,118800
DLF30JAN20220CE.NFO,07/01/2020,09:38:31,12.8,12.75,3300,12.95,6600,0,118800
DLF30JAN20220CE.NFO,07/01/2020,09:38:33,12.8,12.7,3300,12.9,3300,0,118800
DLF30JAN20220CE.NFO,07/01/2020,09:38:35,12.8,12.7,3300,12.95,6600,0,118800
DLF30JAN20220CE.NFO,07/01/2020,09:38:37,12.8,12.65,3300,12.9,3300,0,118800
DLF30JAN20220CE.NFO,07/01/2020,09:38:38,12.8,12.7,3300,12.95,6600,0,118800
DLF30JAN20220CE.NFO,07/01/2020,09:38:40,12.8,12.65,3300,12.9,3300,0,118800
DLF30JAN20220CE.NFO,07/01/2020,09:38:41,12.8,12.7,3300,12.95,6600,0,118800
DLF30JAN20220CE.NFO,07/01/2020,09:38:43,12.8,12.65,3300,12.9,3300,0,118800
DLF30JAN20220CE.NFO,07/01/2020,09:38:45,12.8,12.7,3300,12.95,6600,0,118800
DLF30JAN20220CE.NFO,07/01/2020,09:38:45,12.8,12.55,3300,12.9,3300,0,118800
DLF30JAN20220CE.NFO,07/01/2020,09:38:46,12.8,12.7,3300,12.95,6600,0,118800
DLF30JAN20220CE.NFO,07/01/2020,09:38:48,12.8,12.65,3300,12.95,6600,0,118800
DLF30JAN20220CE.NFO,07/01/2020,09:38:49,12.8,12.7,3300,12.95,6600,0,118800
DLF30JAN20220CE.NFO,07/01/2020,09:38:50,12.8,12.65,3300,12.9,3300,0,118800
DLF30JAN20220CE.NFO,07/01/2020,09:38:52,12.8,12.7,3300,12.9,3300,0,118800
DLF30JAN20220CE.NFO,07/01/2020,09:38:53,12.8,12.65,3300,12.9,3300,0,118800
DLF30JAN20220CE.NFO,07/01/2020,09:38:55,12.8,12.65,9900,12.9,3300,0,118800
DLF30JAN20220CE.NFO,07/01/2020,09:38:57,12.8,12.7,3300,12.9,6600,0,118800
DLF30JAN20220CE.NFO,07/01/2020,09:38:59,12.8,12.6,3300,12.9,3300,0,118800
DLF30JAN20220CE.NFO,07/01/2020,09:39:00,12.8,12.65,3300,12.9,6600,0,118800
DLF30JAN20220CE.NFO,07/01/2020,09:39:02,12.8,12.75,3300,12.95,3300,0,118800
DLF30JAN20220CE.NFO,07/01/2020,09:39:07,12.8,12.8,3300,13.05,9900,0,118800
DLF30JAN20220CE.NFO,07/01/2020,09:39:07,12.8,12.8,6600,13.05,9900,0,118800
DLF30JAN20220CE.NFO,07/01/2020,09:39:08,12.8,12.7,6600,13.05,13200,0,118800
DLF30JAN20220CE.NFO,07/01/2020,09:39:09,12.8,12.75,3300,12.95,3300,0,118800
DLF30JAN20220CE.NFO,07/01/2020,09:39:10,12.8,12.7,3300,12.95,6600,0,118800
DLF30JAN20220CE.NFO,07/01/2020,09:39:11,12.8,12.75,3300,12.95,6600,0,118800
DLF30JAN20220CE.NFO,07/01/2020,09:39:17,12.8,12.7,3300,12.95,6600,0,118800
DLF30JAN20220CE.NFO,07/01/2020,09:39:23,12.8,12.9,3300,13.15,3300,0,118800
DLF30JAN20220CE.NFO,07/01/2020,09:39:28,12.8,12.95,3300,13.15,6600,0,118800
DLF30JAN20220CE.NFO,07/01/2020,09:39:38,12.8,12.9,3300,13.15,9900,0,118800
DLF30JAN20220CE.NFO,07/01/2020,09:39:43,12.8,12.9,3300,13.1,3300,0,118800
DLF30JAN20220CE.NFO,07/01/2020,09:39:48,12.8,12.85,6600,13.1,9900,0,118800
DLF30JAN20220CE.NFO,07/01/2020,09:39:53,12.8,12.85,6600,13.1,13200,0,118800
DLF30JAN20220CE.NFO,07/01/2020,09:39:57,12.8,12.9,3300,13.1,13200,0,118800
DLF30JAN20220CE.NFO,07/01/2020,09:40:01,12.8,12.85,3300,13.1,6600,0,118800
DLF30JAN20220CE.NFO,07/01/2020,09:40:07,12.8,12.9,3300,13.1,3300,0,118800
DLF30JAN20220CE.NFO,07/01/2020,09:40:13,12.8,12.85,3300,13.05,3300,0,118800
DLF30JAN20220CE.NFO,07/01/2020,09:40:18,12.8,12.8,3300,13,6600,0,118800
DLF30JAN20220CE.NFO,07/01/2020,09:40:24,12.8,12.85,3300,13.1,13200,0,118800
DLF30JAN20220CE.NFO,07/01/2020,09:40:34,12.8,12.85,3300,13.05,6600,0,118800
DLF30JAN20220CE.NFO,07/01/2020,09:40:44,12.8,12.85,3300,13.05,3300,0,118800
DLF30JAN20220CE.NFO,07/01/2020,09:40:49,12.8,12.9,3300,13.05,3300,0,118800
DLF30JAN20220CE.NFO,07/01/2020,09:40:54,12.8,12.95,6600,13.15,13200,0,118800
DLF30JAN20220CE.NFO,07/01/2020,09:40:58,13.3,13.25,3300,13.45,6600,13200,115500
DLF30JAN20220CE.NFO,07/01/2020,09:40:58,13.3,13.25,3300,13.45,6600,0,115500
DLF30JAN20220CE.NFO,07/01/2020,09:41:04,13.3,13.25,3300,13.5,3300,0,115500
DLF30JAN20220CE.NFO,07/01/2020,09:41:09,13.3,13.25,3300,13.45,6600,0,115500
DLF30JAN20220CE.NFO,07/01/2020,09:41:14,13.3,13.2,3300,13.4,6600,0,115500
DLF30JAN20220CE.NFO,07/01/2020,09:41:19,13.3,13.25,3300,13.45,6600,0,115500
DLF30JAN20220CE.NFO,07/01/2020,09:41:24,13.3,13.4,3300,13.65,3300,0,115500
DLF30JAN20220CE.NFO,07/01/2020,09:41:29,13.3,13.4,3300,13.6,6600,0,115500
DLF30JAN20220CE.NFO,07/01/2020,09:41:34,13.3,13.3,3300,13.5,6600,0,115500
DLF30JAN20220CE.NFO,07/01/2020,09:41:38,13.3,13.3,3300,13.5,9900,0,115500
DLF30JAN20220CE.NFO,07/01/2020,09:41:43,13.3,13.3,3300,13.45,3300,0,115500
DLF30JAN20220CE.NFO,07/01/2020,09:41:47,13.3,13.25,3300,13.4,3300,0,115500
DLF30JAN20220CE.NFO,07/01/2020,09:41:53,13.3,13.2,3300,13.4,6600,0,115500
DLF30JAN20220CE.NFO,07/01/2020,09:41:59,13.3,13.15,3300,13.35,9900,0,115500
DLF30JAN20220CE.NFO,07/01/2020,09:42:05,13.3,13.25,3300,13.4,3300,0,115500
DLF30JAN20220CE.NFO,07/01/2020,09:42:12,13.3,13.25,3300,13.4,6600,0,115500
DLF30JAN20220CE.NFO,07/01/2020,09:42:19,13.3,13.15,3300,13.35,6600,0,115500
DLF30JAN20220CE.NFO,07/01/2020,09:42:25,13.3,13.2,3300,13.35,3300,0,115500
DLF30JAN20220CE.NFO,07/01/2020,09:42:40,13.3,13.1,3300,13.35,3300,0,115500
DLF30JAN20220CE.NFO,07/01/2020,09:42:47,13.3,13.1,3300,13.3,6600,0,115500
DLF30JAN20220CE.NFO,07/01/2020,09:42:52,13.3,13.05,3300,13.25,3300,0,115500
DLF30JAN20220CE.NFO,07/01/2020,09:43:04,13.3,13.05,3300,13.3,6600,0,115500
DLF30JAN20220CE.NFO,07/01/2020,09:43:10,13.3,13.15,3300,13.4,3300,0,115500
DLF30JAN20220CE.NFO,07/01/2020,09:43:16,13.3,13.15,3300,13.4,6600,0,115500
DLF30JAN20220CE.NFO,07/01/2020,09:43:21,13.3,13.3,6600,13.45,6600,0,115500
DLF30JAN20220CE.NFO,07/01/2020,09:43:31,13.3,13.3,3300,13.45,6600,0,115500
DLF30JAN20220CE.NFO,07/01/2020,09:43:36,13.3,13.25,3300,13.45,9900,0,115500
DLF30JAN20220CE.NFO,07/01/2020,09:43:45,13.3,13.15,6600,13.4,6600,0,115500
DLF30JAN20220CE.NFO,07/01/2020,09:43:50,13.3,13.15,3300,13.35,6600,0,115500
DLF30JAN20220CE.NFO,07/01/2020,09:43:55,13.3,13.25,6600,13.5,3300,0,115500
DLF30JAN20220CE.NFO,07/01/2020,09:44:00,13.3,13.4,3300,13.65,6600,0,115500
DLF30JAN20220CE.NFO,07/01/2020,09:44:06,13.3,13.45,3300,13.65,3300,0,115500
DLF30JAN20220CE.NFO,07/01/2020,09:44:12,13.3,13.4,3300,13.65,3300,0,115500
DLF30JAN20220CE.NFO,07/01/2020,09:44:17,13.3,13.4,3300,13.65,6600,0,115500
DLF30JAN20220CE.NFO,07/01/2020,09:44:22,13.3,13.4,3300,13.6,6600,0,115500
DLF30JAN20220CE.NFO,07/01/2020,09:44:28,13.3,13.4,3300,13.8,3300,0,115500
DLF30JAN20220CE.NFO,07/01/2020,09:44:33,13.3,13.4,6600,13.65,3300,0,115500
DLF30JAN20220CE.NFO,07/01/2020,09:44:38,13.3,13.45,6600,13.75,6600,0,115500
DLF30JAN20220CE.NFO,07/01/2020,09:44:44,13.3,13.5,3300,13.75,3300,0,115500
DLF30JAN20220CE.NFO,07/01/2020,09:44:50,13.3,13.6,3300,13.85,6600,0,115500
DLF30JAN20220CE.NFO,07/01/2020,09:44:55,13.3,13.5,3300,13.85,3300,0,115500
DLF30JAN20220CE.NFO,07/01/2020,09:45:00,13.3,13.65,3300,13.9,6600,0,115500
DLF30JAN20220CE.NFO,07/01/2020,09:45:06,13.7,13.75,3300,13.9,3300,6600,102300
DLF30JAN20220CE.NFO,07/01/2020,09:45:06,13.75,13.75,3300,13.9,3300,0,102300
DLF30JAN20220CE.NFO,07/01/2020,09:45:12,13.75,13.65,3300,13.9,3300,3300,102300
DLF30JAN20220CE.NFO,07/01/2020,09:45:24,13.65,13.45,3300,13.85,3300,3300,102300
DLF30JAN20220CE.NFO,07/01/2020,09:45:35,13.65,13.4,3300,13.8,6600,0,102300
DLF30JAN20220CE.NFO,07/01/2020,09:45:39,13.65,13.4,3300,13.75,6600,0,102300
DLF30JAN20220CE.NFO,07/01/2020,09:45:44,13.65,13.4,3300,13.8,6600,0,102300
DLF30JAN20220CE.NFO,07/01/2020,09:45:48,13.65,13.5,3300,13.75,3300,0,102300
DLF30JAN20220CE.NFO,07/01/2020,09:45:53,13.65,13.25,3300,13.7,6600,0,102300
DLF30JAN20220CE.NFO,07/01/2020,09:45:58,13.65,13.25,3300,13.7,3300,0,102300
DLF30JAN20220CE.NFO,07/01/2020,09:46:02,13.65,13.25,3300,13.7,6600,0,102300
DLF30JAN20220CE.NFO,07/01/2020,09:46:07,13.65,13.3,3300,13.7,3300,0,102300
DLF30JAN20220CE.NFO,07/01/2020,09:46:11,13.65,13.25,3300,13.65,3300,0,102300
DLF30JAN20220CE.NFO,07/01/2020,09:46:21,13.65,13.25,3300,13.5,3300,0,102300
DLF30JAN20220CE.NFO,07/01/2020,09:46:32,13.65,13.2,3300,13.5,3300,0,102300
DLF30JAN20220CE.NFO,07/01/2020,09:46:37,13.65,13.25,3300,13.5,3300,0,102300
DLF30JAN20220CE.NFO,07/01/2020,09:47:05,13.65,13.25,3300,13.5,9900,0,102300
DLF30JAN20220CE.NFO,07/01/2020,09:47:10,13.65,13.25,3300,13.5,6600,0,102300
DLF30JAN20220CE.NFO,07/01/2020,09:47:14,13.65,13.25,3300,13.45,6600,0,102300
DLF30JAN20220CE.NFO,07/01/2020,09:47:19,13.65,13.2,3300,13.45,3300,0,102300
DLF30JAN20220CE.NFO,07/01/2020,09:47:23,13.65,13.1,6600,13.45,3300,0,102300
DLF30JAN20220CE.NFO,07/01/2020,09:47:31,13.65,13.1,3300,13.45,3300,0,102300
DLF30JAN20220CE.NFO,07/01/2020,09:47:36,13.65,13.15,3300,13.45,3300,0,102300
DLF30JAN20220CE.NFO,07/01/2020,09:48:42,13.65,13.05,3300,13.35,3300,0,102300
DLF30JAN20220CE.NFO,07/01/2020,09:48:47,13.65,13.15,3300,13.45,6600,0,102300
DLF30JAN20220CE.NFO,07/01/2020,09:48:50,13.65,13.1,3300,13.4,3300,0,102300
DLF30JAN20220CE.NFO,07/01/2020,09:48:54,13.65,13.15,3300,13.4,3300,0,102300
DLF30JAN20220CE.NFO,07/01/2020,09:48:58,13.65,13.05,3300,13.4,6600,0,102300
DLF30JAN20220CE.NFO,07/01/2020,09:49:03,13.65,13,3300,13.4,6600,0,102300
DLF30JAN20220CE.NFO,07/01/2020,09:49:07,13.65,13.1,3300,13.4,6600,0,102300
DLF30JAN20220CE.NFO,07/01/2020,09:49:11,13.65,13.05,3300,13.35,6600,0,102300
DLF30JAN20220CE.NFO,07/01/2020,09:49:15,13.65,13.1,3300,13.35,6600,0,102300
DLF30JAN20220CE.NFO,07/01/2020,09:49:34,13.65,13.1,6600,13.4,3300,0,102300
DLF30JAN20220CE.NFO,07/01/2020,09:49:40,13.65,13.1,3300,13.35,6600,0,102300
DLF30JAN20220CE.NFO,07/01/2020,09:49:48,13.65,13,6600,13.3,3300,0,102300
DLF30JAN20220CE.NFO,07/01/2020,09:49:55,13.65,13.1,3300,13.35,6600,0,102300
DLF30JAN20220CE.NFO,07/01/2020,09:49:58,13.65,13.05,6600,13.4,9900,0,102300
DLF30JAN20220CE.NFO,07/01/2020,09:50:00,13.65,13.15,3300,13.4,6600,0,102300
DLF30JAN20220CE.NFO,07/01/2020,09:50:08,13.65,13.25,3300,13.45,3300,0,102300
DLF30JAN20220CE.NFO,07/01/2020,09:50:12,13.65,13.15,3300,13.45,9900,0,102300
DLF30JAN20220CE.NFO,07/01/2020,09:50:16,13.65,13.05,9900,13.35,6600,0,102300
DLF30JAN20220CE.NFO,07/01/2020,09:50:20,13.65,13.15,3300,13.35,6600,0,102300
DLF30JAN20220CE.NFO,07/01/2020,09:50:43,13.65,13.1,3300,13.3,6600,0,102300
DLF30JAN20220CE.NFO,07/01/2020,09:50:48,13.65,13,3300,13.3,6600,0,102300
DLF30JAN20220CE.NFO,07/01/2020,09:50:52,13.65,13.1,3300,13.3,6600,0,102300
DLF30JAN20220CE.NFO,07/01/2020,09:51:01,13.65,13.1,6600,13.35,3300,0,102300
DLF30JAN20220CE.NFO,07/01/2020,09:51:06,13.65,13.05,3300,13.3,3300,0,102300
DLF30JAN20220CE.NFO,07/01/2020,09:51:10,13.65,13.05,6600,13.35,3300,0,102300
DLF30JAN20220CE.NFO,07/01/2020,09:51:15,13.65,13,6600,13.3,6600,0,102300
DLF30JAN20220CE.NFO,07/01/2020,09:51:19,13.65,13.1,3300,13.3,6600,0,102300
DLF30JAN20220CE.NFO,07/01/2020,09:51:24,13.65,13.05,3300,13.3,6600,0,102300
DLF30JAN20220CE.NFO,07/01/2020,09:51:32,13.65,13,9900,13.3,3300,0,102300
DLF30JAN20220CE.NFO,07/01/2020,09:51:37,13.1,13,3300,13.3,6600,3300,89100
DLF30JAN20220CE.NFO,07/01/2020,09:51:41,13.1,13,3300,13.3,6600,0,89100
DLF30JAN20220CE.NFO,07/01/2020,09:51:49,13.1,13,3300,13.25,3300,0,89100
DLF30JAN20220CE.NFO,07/01/2020,09:51:52,13.1,13,3300,13.3,6600,0,89100
DLF30JAN20220CE.NFO,07/01/2020,09:52:08,13.1,13,3300,13.25,3300,0,89100
DLF30JAN20220CE.NFO,07/01/2020,09:52:17,13.1,13,3300,13.3,6600,0,89100
DLF30JAN20220CE.NFO,07/01/2020,09:52:21,13.1,12.95,3300,13.2,3300,0,89100
DLF30JAN20220CE.NFO,07/01/2020,09:53:52,13.1,13,3300,13.25,6600,0,89100
DLF30JAN20220CE.NFO,07/01/2020,09:54:17,13.1,12.95,3300,13.15,3300,0,89100
DLF30JAN20220CE.NFO,07/01/2020,09:54:22,13.1,12.95,3300,13.1,3300,0,89100
DLF30JAN20220CE.NFO,07/01/2020,09:54:26,13.1,12.95,3300,13.05,3300,0,89100
DLF30JAN20220CE.NFO,07/01/2020,09:54:31,13.1,12.95,3300,13.1,3300,0,89100
DLF30JAN20220CE.NFO,07/01/2020,09:54:40,12.95,12.8,3300,13.05,6600,3300,89100
DLF30JAN20220CE.NFO,07/01/2020,09:54:45,12.95,12.75,6600,13.05,6600,0,89100
DLF30JAN20220CE.NFO,07/01/2020,09:54:49,12.95,12.75,3300,13,6600,0,89100
DLF30JAN20220CE.NFO,07/01/2020,09:54:53,12.95,12.75,6600,13,6600,0,89100
DLF30JAN20220CE.NFO,07/01/2020,09:55:01,12.95,12.8,3300,13.15,3300,0,89100
DLF30JAN20220CE.NFO,07/01/2020,09:55:06,12.95,12.85,9900,13.15,3300,0,89100
DLF30JAN20220CE.NFO,07/01/2020,09:55:16,12.95,12.85,6600,13.15,3300,0,89100
DLF30JAN20220CE.NFO,07/01/2020,09:55:33,12.95,12.85,9900,13.15,3300,0,89100
DLF30JAN20220CE.NFO,07/01/2020,09:55:37,12.95,12.85,3300,13.1,9900,0,89100
DLF30JAN20220CE.NFO,07/01/2020,09:55:42,12.95,12.85,3300,13.15,3300,0,89100
DLF30JAN20220CE.NFO,07/01/2020,09:55:47,12.95,12.8,3300,13.2,6600,0,89100
DLF30JAN20220CE.NFO,07/01/2020,09:55:51,12.95,12.9,3300,13.2,6600,0,89100
DLF30JAN20220CE.NFO,07/01/2020,09:55:54,12.95,12.9,3300,13.15,3300,0,89100
DLF30JAN20220CE.NFO,07/01/2020,09:56:10,12.95,12.8,6600,13.05,3300,0,89100
DLF30JAN20220CE.NFO,07/01/2020,09:56:15,12.95,12.8,6600,13.2,6600,0,89100
DLF30JAN20220CE.NFO,07/01/2020,09:56:20,12.95,12.8,6600,13.15,3300,0,89100
DLF30JAN20220CE.NFO,07/01/2020,09:56:25,12.95,12.8,3300,13.1,6600,0,89100
DLF30JAN20220CE.NFO,07/01/2020,09:56:34,12.95,12.8,3300,13.05,3300,0,89100
DLF30JAN20220CE.NFO,07/01/2020,09:56:43,12.95,12.75,3300,13.05,3300,0,89100
DLF30JAN20220CE.NFO,07/01/2020,09:56:47,12.95,12.8,3300,13.1,3300,0,89100
DLF30JAN20220CE.NFO,07/01/2020,09:56:51,12.95,12.75,3300,13.05,6600,0,89100
DLF30JAN20220CE.NFO,07/01/2020,09:56:56,12.95,12.75,3300,13.05,9900,0,89100
DLF30JAN20220CE.NFO,07/01/2020,09:57:00,12.95,12.7,3300,13,3300,0,89100
DLF30JAN20220CE.NFO,07/01/2020,09:57:05,12.95,12.65,6600,12.95,3300,0,89100
DLF30JAN20220CE.NFO,07/01/2020,09:57:13,12.95,12.7,3300,12.95,3300,0,89100
DLF30JAN20220CE.NFO,07/01/2020,09:57:22,12.95,12.65,6600,13,3300,0,89100
DLF30JAN20220CE.NFO,07/01/2020,09:57:26,12.95,12.7,3300,13,3300,0,89100
DLF30JAN20220CE.NFO,07/01/2020,09:57:30,12.95,12.7,3300,12.95,3300,0,89100
DLF30JAN20220CE.NFO,07/01/2020,09:57:33,12.95,12.75,3300,13,6600,0,89100
DLF30JAN20220CE.NFO,07/01/2020,09:57:35,12.95,12.75,3300,13.05,3300,0,89100
DLF30JAN20220CE.NFO,07/01/2020,09:57:38,12.95,12.75,3300,13.1,3300,0,89100
DLF30JAN20220CE.NFO,07/01/2020,09:57:40,12.95,12.85,3300,13.1,6600,0,89100
DLF30JAN20220CE.NFO,07/01/2020,09:57:48,12.95,12.75,6600,13.1,3300,0,89100
DLF30JAN20220CE.NFO,07/01/2020,09:58:00,12.95,12.75,6600,13.05,3300,0,89100
DLF30JAN20220CE.NFO,07/01/2020,09:58:08,12.95,12.75,3300,13.05,3300,0,89100
DLF30JAN20220CE.NFO,07/01/2020,09:58:12,12.95,12.75,3300,13.05,6600,0,89100
DLF30JAN20220CE.NFO,07/01/2020,09:58:16,12.95,12.8,3300,13.05,6600,0,89100
DLF30JAN20220CE.NFO,07/01/2020,09:58:32,12.95,12.8,3300,13.1,6600,0,89100
DLF30JAN20220CE.NFO,07/01/2020,09:58:36,12.95,12.7,3300,13,6600,0,89100
DLF30JAN20220CE.NFO,07/01/2020,09:58:41,12.95,12.7,3300,12.95,3300,0,89100
DLF30JAN20220CE.NFO,07/01/2020,09:58:46,12.95,12.7,3300,13,6600,0,89100
DLF30JAN20220CE.NFO,07/01/2020,09:58:51,12.95,12.7,3300,12.95,3300,0,89100
DLF30JAN20220CE.NFO,07/01/2020,09:58:57,12.95,12.75,3300,13,3300,0,89100
DLF30JAN20220CE.NFO,07/01/2020,09:59:02,12.95,12.7,3300,13,3300,0,89100
DLF30JAN20220CE.NFO,07/01/2020,09:59:07,12.95,12.8,3300,13,6600,0,89100
DLF30JAN20220CE.NFO,07/01/2020,09:59:12,12.95,12.7,3300,13,3300,0,89100
DLF30JAN20220CE.NFO,07/01/2020,09:59:17,12.95,12.8,3300,13,6600,0,89100
DLF30JAN20220CE.NFO,07/01/2020,09:59:21,12.95,12.75,3300,13,6600,0,89100
DLF30JAN20220CE.NFO,07/01/2020,09:59:25,12.95,12.7,3300,12.95,9900,0,89100
DLF30JAN20220CE.NFO,07/01/2020,09:59:30,12.95,12.7,3300,12.95,6600,0,89100
DLF30JAN20220CE.NFO,07/01/2020,09:59:40,12.95,12.7,3300,13,3300,0,89100
DLF30JAN20220CE.NFO,07/01/2020,09:59:49,12.95,12.85,3300,13.05,3300,0,89100
DLF30JAN20220CE.NFO,07/01/2020,10:00:11,12.95,12.7,3300,13.05,9900,0,89100
DLF30JAN20220CE.NFO,07/01/2020,10:00:15,12.95,12.75,3300,13,3300,0,89100
DLF30JAN20220CE.NFO,07/01/2020,10:00:25,12.95,12.75,3300,13,6600,0,89100
DLF30JAN20220CE.NFO,07/01/2020,10:00:30,12.95,12.65,3300,12.95,9900,0,89100
DLF30JAN20220CE.NFO,07/01/2020,10:00:34,12.95,12.6,3300,12.9,3300,0,89100
DLF30JAN20220CE.NFO,07/01/2020,10:00:38,12.95,12.65,3300,12.9,3300,0,89100
DLF30JAN20220CE.NFO,07/01/2020,10:00:42,12.95,12.5,6600,12.8,3300,0,89100
DLF30JAN20220CE.NFO,07/01/2020,10:00:49,12.95,12.55,3300,12.8,6600,0,89100
DLF30JAN20220CE.NFO,07/01/2020,10:00:55,12.95,12.6,3300,12.8,6600,0,89100
DLF30JAN20220CE.NFO,07/01/2020,10:01:48,12.95,12.7,3300,12.9,3300,0,89100
DLF30JAN20220CE.NFO,07/01/2020,10:01:53,12.95,12.7,3300,12.9,6600,0,89100
DLF30JAN20220CE.NFO,07/01/2020,10:02:09,12.95,12.65,6600,12.95,9900,0,89100
DLF30JAN20220CE.NFO,07/01/2020,10:02:15,12.95,12.65,6600,12.95,6600,0,89100
DLF30JAN20220CE.NFO,07/01/2020,10:02:20,12.95,12.7,3300,12.95,6600,0,89100
DLF30JAN20220CE.NFO,07/01/2020,10:02:26,12.95,12.65,3300,12.95,9900,0,89100
DLF30JAN20220CE.NFO,07/01/2020,10:02:31,12.95,12.7,3300,12.95,3300,0,89100
DLF30JAN20220CE.NFO,07/01/2020,10:02:36,12.95,12.75,3300,12.95,6600,0,89100
DLF30JAN20220CE.NFO,07/01/2020,10:02:53,12.95,12.75,3300,12.95,3300,0,89100
DLF30JAN20220CE.NFO,07/01/2020,10:03:01,12.95,12.7,3300,12.95,6600,0,89100
DLF30JAN20220CE.NFO,07/01/2020,10:03:06,12.95,12.75,3300,12.95,6600,0,89100
DLF30JAN20220CE.NFO,07/01/2020,10:03:35,12.95,12.6,3300,12.85,6600,0,89100
DLF30JAN20220CE.NFO,07/01/2020,10:03:40,12.95,12.55,6600,12.8,3300,0,89100
DLF30JAN20220CE.NFO,07/01/2020,10:03:45,12.95,12.6,3300,12.85,6600,0,89100
DLF30JAN20220CE.NFO,07/01/2020,10:03:50,12.95,12.55,3300,12.8,6600,0,89100
DLF30JAN20220CE.NFO,07/01/2020,10:03:59,12.95,12.45,6600,12.8,9900,0,89100
DLF30JAN20220CE.NFO,07/01/2020,10:04:04,12.95,12.55,3300,12.8,9900,0,89100
DLF30JAN20220CE.NFO,07/01/2020,10:04:08,12.95,12.6,3300,12.8,9900,0,89100
DLF30JAN20220CE.NFO,07/01/2020,10:04:17,12.95,12.5,3300,12.75,6600,0,89100
DLF30JAN20220CE.NFO,07/01/2020,10:04:21,12.95,12.6,3300,12.8,3300,0,89100
DLF30JAN20220CE.NFO,07/01/2020,10:04:30,12.95,12.6,3300,12.85,3300,0,89100
DLF30JAN20220CE.NFO,07/01/2020,10:04:35,12.95,12.65,3300,12.85,3300,0,89100
DLF30JAN20220CE.NFO,07/01/2020,10:04:52,12.95,12.65,3300,12.9,3300,0,89100
DLF30JAN20220CE.NFO,07/01/2020,10:04:55,12.95,12.5,6600,12.85,6600,0,89100
DLF30JAN20220CE.NFO,07/01/2020,10:05:00,12.95,12.55,3300,12.85,6600,0,89100
DLF30JAN20220CE.NFO,07/01/2020,10:05:04,12.95,12.55,3300,12.8,3300,0,89100
DLF30JAN20220CE.NFO,07/01/2020,10:05:08,12.95,12.6,3300,12.85,6600,0,89100
DLF30JAN20220CE.NFO,07/01/2020,10:05:15,12.95,12.55,6600,12.8,3300,0,89100
DLF30JAN20220CE.NFO,07/01/2020,10:05:22,12.95,12.65,3300,12.85,6600,0,89100
DLF30JAN20220CE.NFO,07/01/2020,10:05:28,12.95,12.45,6600,12.75,3300,0,89100
DLF30JAN20220CE.NFO,07/01/2020,10:05:33,12.95,12.4,6600,12.7,3300,0,89100
DLF30JAN20220CE.NFO,07/01/2020,10:05:39,12.95,12.45,6600,12.8,3300,0,89100
DLF30JAN20220CE.NFO,07/01/2020,10:05:45,12.95,12.6,3300,12.85,6600,0,89100
DLF30JAN20220CE.NFO,07/01/2020,10:05:51,12.95,12.5,6600,12.85,6600,0,89100
DLF30JAN20220CE.NFO,07/01/2020,10:05:56,12.95,12.6,3300,12.75,3300,0,89100
DLF30JAN20220CE.NFO,07/01/2020,10:06:01,12.95,12.55,3300,12.8,6600,0,89100
DLF30JAN20220CE.NFO,07/01/2020,10:06:06,12.95,12.5,6600,12.75,3300,0,89100
DLF30JAN20220CE.NFO,07/01/2020,10:06:11,12.95,12.6,3300,12.8,6600,0,89100
DLF30JAN20220CE.NFO,07/01/2020,10:06:15,12.95,12.5,3300,12.75,3300,0,89100
DLF30JAN20220CE.NFO,07/01/2020,10:06:19,12.95,12.5,3300,12.75,6600,0,89100
DLF30JAN20220CE.NFO,07/01/2020,10:06:23,12.95,12.6,3300,12.75,3300,0,89100
DLF30JAN20220CE.NFO,07/01/2020,10:06:28,12.95,12.55,3300,12.75,6600,0,89100
DLF30JAN20220CE.NFO,07/01/2020,10:06:34,12.95,12.6,3300,12.8,6600,0,89100
DLF30JAN20220CE.NFO,07/01/2020,10:06:39,12.95,12.6,3300,12.8,9900,0,89100
DLF30JAN20220CE.NFO,07/01/2020,10:06:49,12.95,12.5,3300,12.75,6600,0,89100
DLF30JAN20220CE.NFO,07/01/2020,10:06:55,12.95,12.45,6600,12.7,3300,0,89100
DLF30JAN20220CE.NFO,07/01/2020,10:07:00,12.95,12.5,6600,12.75,3300,0,89100
DLF30JAN20220CE.NFO,07/01/2020,10:07:05,12.95,12.55,3300,12.75,9900,0,89100
DLF30JAN20220CE.NFO,07/01/2020,10:07:26,12.95,12.55,3300,12.75,6600,0,89100
DLF30JAN20220CE.NFO,07/01/2020,10:07:31,12.95,12.55,3300,12.8,9900,0,89100
DLF30JAN20220CE.NFO,07/01/2020,10:07:36,12.95,12.55,3300,12.8,6600,0,89100
DLF30JAN20220CE.NFO,07/01/2020,10:07:41,12.95,12.65,3300,12.85,6600,0,89100
DLF30JAN20220CE.NFO,07/01/2020,10:07:46,12.95,12.55,3300,12.8,6600,0,89100
DLF30JAN20220CE.NFO,07/01/2020,10:07:51,12.95,12.55,3300,12.8,9900,0,89100
DLF30JAN20220CE.NFO,07/01/2020,10:08:15,12.95,12.55,3300,12.75,3300,0,89100
DLF30JAN20220CE.NFO,07/01/2020,10:08:20,12.95,12.45,3300,12.8,9900,0,89100
DLF30JAN20220CE.NFO,07/01/2020,10:08:25,12.95,12.65,3300,12.9,6600,0,89100
DLF30JAN20220CE.NFO,07/01/2020,10:08:34,12.95,12.75,3300,12.9,6600,0,89100
DLF30JAN20220CE.NFO,07/01/2020,10:09:10,12.95,12.65,3300,12.9,9900,0,89100
DLF30JAN20220CE.NFO,07/01/2020,10:09:14,12.95,12.7,3300,12.9,9900,0,89100
DLF30JAN20220CE.NFO,07/01/2020,10:09:28,12.95,12.7,3300,12.85,6600,0,89100
DLF30JAN20220CE.NFO,07/01/2020,10:09:41,12.95,12.7,3300,12.85,3300,0,89100
DLF30JAN20220CE.NFO,07/01/2020,10:09:59,12.95,12.75,3300,12.95,13200,0,89100
DLF30JAN20220CE.NFO,07/01/2020,10:10:10,12.95,12.7,3300,12.95,13200,0,89100
DLF30JAN20220CE.NFO,07/01/2020,10:10:24,12.95,12.5,6600,12.85,6600,0,89100
DLF30JAN20220CE.NFO,07/01/2020,10:10:28,12.95,12.6,3300,12.85,9900,0,89100
DLF30JAN20220CE.NFO,07/01/2020,10:10:32,12.95,12.5,6600,12.8,3300,0,89100
DLF30JAN20220CE.NFO,07/01/2020,10:10:37,12.95,12.6,3300,12.85,9900,0,89100
DLF30JAN20220CE.NFO,07/01/2020,10:10:48,12.95,12.65,3300,12.85,9900,0,89100
DLF30JAN20220CE.NFO,07/01/2020,10:11:04,12.95,12.65,3300,12.85,3300,0,89100
DLF30JAN20220CE.NFO,07/01/2020,10:11:08,12.95,12.65,3300,12.85,6600,0,89100
DLF30JAN20220CE.NFO,07/01/2020,10:11:17,12.65,12.5,6600,12.7,6600,3300,89100
DLF30JAN20220CE.NFO,07/01/2020,10:11:21,12.65,12.45,9900,12.65,6600,0,89100
DLF30JAN20220CE.NFO,07/01/2020,10:11:36,12.65,12.45,3300,12.7,6600,0,89100
DLF30JAN20220CE.NFO,07/01/2020,10:11:40,12.65,12.45,9900,12.7,9900,0,89100
DLF30JAN20220CE.NFO,07/01/2020,10:11:45,12.65,12.55,3300,12.7,6600,0,89100
DLF30JAN20220CE.NFO,07/01/2020,10:11:48,12.65,12.5,9900,12.7,6600,0,89100
DLF30JAN20220CE.NFO,07/01/2020,10:11:52,12.65,12.55,3300,12.7,9900,0,89100
DLF30JAN20220CE.NFO,07/01/2020,10:11:56,12.65,12.55,3300,12.7,3300,0,89100
DLF30JAN20220CE.NFO,07/01/2020,10:12:01,12.65,12.55,9900,12.75,9900,0,89100
DLF30JAN20220CE.NFO,07/01/2020,10:12:05,12.65,12.55,9900,12.7,3300,0,89100
DLF30JAN20220CE.NFO,07/01/2020,10:12:09,12.65,12.6,3300,12.75,6600,0,89100
DLF30JAN20220CE.NFO,07/01/2020,10:12:13,12.65,12.55,9900,12.75,6600,0,89100
DLF30JAN20220CE.NFO,07/01/2020,10:12:17,12.65,12.6,6600,12.75,3300,0,89100
DLF30JAN20220CE.NFO,07/01/2020,10:12:25,12.65,12.65,3300,12.8,3300,0,89100
DLF30JAN20220CE.NFO,07/01/2020,10:12:39,12.65,12.6,3300,12.75,6600,0,89100
DLF30JAN20220CE.NFO,07/01/2020,10:12:46,12.65,12.6,6600,12.75,6600,0,89100
DLF30JAN20220CE.NFO,07/01/2020,10:12:54,12.65,12.65,3300,12.8,3300,0,89100
DLF30JAN20220CE.NFO,07/01/2020,10:12:58,12.65,12.55,6600,12.75,3300,0,89100
DLF30JAN20220CE.NFO,07/01/2020,10:13:02,12.65,12.55,6600,12.75,9900,0,89100
DLF30JAN20220CE.NFO,07/01/2020,10:13:15,12.65,12.55,3300,12.75,3300,0,89100
DLF30JAN20220CE.NFO,07/01/2020,10:13:19,12.65,12.5,3300,12.75,9900,0,89100
DLF30JAN20220CE.NFO,07/01/2020,10:13:23,12.65,12.5,3300,12.7,6600,0,89100
DLF30JAN20220CE.NFO,07/01/2020,10:13:27,12.65,12.5,6600,12.7,9900,0,89100
DLF30JAN20220CE.NFO,07/01/2020,10:13:44,12.65,12.5,6600,12.65,6600,0,89100
DLF30JAN20220CE.NFO,07/01/2020,10:13:49,12.65,12.55,6600,12.8,3300,0,89100
DLF30JAN20220CE.NFO,07/01/2020,10:13:54,12.65,12.5,6600,12.7,6600,0,89100
DLF30JAN20220CE.NFO,07/01/2020,10:14:04,12.65,12.5,3300,12.7,6600,0,89100
DLF30JAN20220CE.NFO,07/01/2020,10:14:09,12.65,12.5,6600,12.7,6600,0,89100
DLF30JAN20220CE.NFO,07/01/2020,10:14:14,12.65,12.55,6600,12.75,6600,0,89100
DLF30JAN20220CE.NFO,07/01/2020,10:14:20,12.65,12.6,3300,12.85,9900,0,89100
DLF30JAN20220CE.NFO,07/01/2020,10:14:24,12.65,12.55,3300,12.85,9900,0,89100
DLF30JAN20220CE.NFO,07/01/2020,10:14:29,12.65,12.65,9900,12.85,9900,0,89100
DLF30JAN20220CE.NFO,07/01/2020,10:14:44,12.65,12.55,9900,12.8,9900,0,89100
DLF30JAN20220CE.NFO,07/01/2020,10:14:49,12.65,12.6,6600,12.75,3300,0,89100
DLF30JAN20220CE.NFO,07/01/2020,10:14:53,12.65,12.55,3300,12.75,3300,0,89100
DLF30JAN20220CE.NFO,07/01/2020,10:14:58,12.65,12.6,3300,12.8,9900,0,89100
DLF30JAN20220CE.NFO,07/01/2020,10:15:13,12.65,12.6,3300,12.8,3300,0,89100
DLF30JAN20220CE.NFO,07/01/2020,10:15:23,12.65,12.65,3300,12.85,6600,0,89100
DLF30JAN20220CE.NFO,07/01/2020,10:15:29,12.65,12.65,6600,12.85,6600,0,89100
DLF30JAN20220CE.NFO,07/01/2020,10:15:39,12.65,12.7,3300,12.9,6600,0,89100
DLF30JAN20220CE.NFO,07/01/2020,10:15:43,12.65,12.65,6600,12.8,3300,0,89100
DLF30JAN20220CE.NFO,07/01/2020,10:15:48,12.65,12.55,3300,12.8,13200,0,89100
DLF30JAN20220CE.NFO,07/01/2020,10:15:54,12.65,12.45,3300,12.75,9900,0,89100
DLF30JAN20220CE.NFO,07/01/2020,10:15:59,12.65,12.5,6600,12.7,3300,0,89100
DLF30JAN20220CE.NFO,07/01/2020,10:16:04,12.65,12.55,6600,12.75,9900,0,89100
DLF30JAN20220CE.NFO,07/01/2020,10:16:09,12.65,12.5,3300,12.75,6600,0,89100
DLF30JAN20220CE.NFO,07/01/2020,10:16:17,12.65,12.5,3300,12.7,3300,0,89100
DLF30JAN20220CE.NFO,07/01/2020,10:16:20,12.65,12.5,6600,12.7,6600,0,89100
DLF30JAN20220CE.NFO,07/01/2020,10:16:33,12.65,12.5,6600,12.7,9900,0,89100
DLF30JAN20220CE.NFO,07/01/2020,10:16:37,12.65,12.45,6600,12.7,9900,0,89100
DLF30JAN20220CE.NFO,07/01/2020,10:16:46,12.65,12.45,9900,12.65,6600,0,89100
DLF30JAN20220CE.NFO,07/01/2020,10:16:50,12.65,12.5,3300,12.7,9900,0,89100
DLF30JAN20220CE.NFO,07/01/2020,10:16:54,12.65,12.5,3300,12.7,6600,0,89100
DLF30JAN20220CE.NFO,07/01/2020,10:16:58,12.65,12.45,6600,12.65,6600,0,89100
DLF30JAN20220CE.NFO,07/01/2020,10:17:18,12.65,12.45,9900,12.65,6600,0,89100
DLF30JAN20220CE.NFO,07/01/2020,10:17:43,12.65,12.5,3300,12.7,3300,0,89100
DLF30JAN20220CE.NFO,07/01/2020,10:17:50,12.65,12.55,3300,12.7,3300,0,89100
DLF30JAN20220CE.NFO,07/01/2020,10:17:54,12.65,12.5,3300,12.7,6600,0,89100
DLF30JAN20220CE.NFO,07/01/2020,10:17:58,12.65,12.5,3300,12.7,3300,0,89100
DLF30JAN20220CE.NFO,07/01/2020,10:18:09,12.65,12.5,3300,12.65,3300,0,89100
DLF30JAN20220CE.NFO,07/01/2020,10:18:26,12.65,12.5,6600,12.65,3300,0,89100
DLF30JAN20220CE.NFO,07/01/2020,10:18:30,12.65,12.5,9900,12.7,6600,0,89100
DLF30JAN20220CE.NFO,07/01/2020,10:18:34,12.65,12.5,6600,12.7,6600,0,89100
DLF30JAN20220CE.NFO,07/01/2020,10:18:39,12.65,12.45,3300,12.6,3300,0,89100
DLF30JAN20220CE.NFO,07/01/2020,10:18:54,12.35,12,3300,12.2,6600,3300,89100
DLF30JAN20220CE.NFO,07/01/2020,10:18:59,12.35,12.05,3300,12.25,3300,0,89100
DLF30JAN20220CE.NFO,07/01/2020,10:19:04,12.35,12.05,3300,12.2,3300,0,89100
DLF30JAN20220CE.NFO,07/01/2020,10:19:21,12.35,12.1,3300,12.3,3300,0,89100
DLF30JAN20220CE.NFO,07/01/2020,10:19:26,12.35,12.1,9900,12.3,6600,0,89100
DLF30JAN20220CE.NFO,07/01/2020,10:19:31,12.35,12.15,3300,12.3,3300,0,89100
DLF30JAN20220CE.NFO,07/01/2020,10:19:35,12.35,12.15,3300,12.3,6600,0,89100
DLF30JAN20220CE.NFO,07/01/2020,10:19:40,12.35,12.15,3300,12.35,6600,0,89100
DLF30JAN20220CE.NFO,07/01/2020,10:19:44,12.35,12.15,6600,12.35,6600,0,89100
DLF30JAN20220CE.NFO,07/01/2020,10:20:11,12.35,12.1,3300,12.35,3300,0,89100
DLF30JAN20220CE.NFO,07/01/2020,10:20:20,12.35,12.1,6600,12.4,6600,0,89100
DLF30JAN20220CE.NFO,07/01/2020,10:20:32,12.35,12.1,6600,12.35,3300,0,89100
DLF30JAN20220CE.NFO,07/01/2020,10:20:58,12.35,12.1,6600,12.4,3300,0,89100
DLF30JAN20220CE.NFO,07/01/2020,10:21:02,12.35,12.25,3300,12.5,3300,0,89100
DLF30JAN20220CE.NFO,07/01/2020,10:21:06,12.35,12.2,3300,12.45,3300,0,89100
DLF30JAN20220CE.NFO,07/01/2020,10:21:10,12.35,12.15,3300,12.45,3300,0,89100
DLF30JAN20220CE.NFO,07/01/2020,10:21:14,12.35,12.25,3300,12.45,3300,0,89100
DLF30JAN20220CE.NFO,07/01/2020,10:21:18,12.35,12.2,6600,12.4,3300,0,89100
DLF30JAN20220CE.NFO,07/01/2020,10:21:27,12.35,12.2,3300,12.4,3300,0,89100
DLF30JAN20220CE.NFO,07/01/2020,10:21:30,12.35,12.2,6600,12.4,3300,0,89100
DLF30JAN20220CE.NFO,07/01/2020,10:21:53,12.35,12.2,3300,12.4,3300,0,89100
DLF30JAN20220CE.NFO,07/01/2020,10:22:11,12.35,12.15,6600,12.35,3300,0,89100
DLF30JAN20220CE.NFO,07/01/2020,10:22:15,12.35,12.05,3300,12.25,3300,0,89100
DLF30JAN20220CE.NFO,07/01/2020,10:22:19,12.25,12.1,3300,12.3,3300,3300,89100
DLF30JAN20220CE.NFO,07/01/2020,10:22:23,12.25,12.1,3300,12.3,3300,0,89100
DLF30JAN20220CE.NFO,07/01/2020,10:22:46,12.25,12.05,3300,12.3,6600,0,89100
DLF30JAN20220CE.NFO,07/01/2020,10:22:52,12.25,12,3300,12.25,3300,0,89100
DLF30JAN20220CE.NFO,07/01/2020,10:23:02,12.25,12.05,6600,12.35,3300,0,89100
DLF30JAN20220CE.NFO,07/01/2020,10:23:25,12.25,12.1,3300,12.35,3300,0,89100
DLF30JAN20220CE.NFO,07/01/2020,10:23:30,12.25,12.15,3300,12.4,6600,0,89100
DLF30JAN20220CE.NFO,07/01/2020,10:23:35,12.25,12.1,3300,12.4,6600,0,89100
DLF30JAN20220CE.NFO,07/01/2020,10:23:39,12.25,12.1,3300,12.35,6600,0,89100
DLF30JAN20220CE.NFO,07/01/2020,10:23:51,12.25,12.1,3300,12.35,3300,0,89100
DLF30JAN20220CE.NFO,07/01/2020,10:23:56,12.25,12.1,3300,12.35,6600,0,89100
DLF30JAN20220CE.NFO,07/01/2020,10:24:12,12.25,12,3300,12.25,3300,0,89100
DLF30JAN20220CE.NFO,07/01/2020,10:24:47,12.25,12,6600,12.3,3300,0,89100
DLF30JAN20220CE.NFO,07/01/2020,10:25:17,12.25,12,3300,12.25,6600,0,89100
DLF30JAN20220CE.NFO,07/01/2020,10:25:21,12.25,12.05,3300,12.25,6600,0,89100
DLF30JAN20220CE.NFO,07/01/2020,10:25:36,12.25,12,6600,12.2,3300,0,89100
DLF30JAN20220CE.NFO,07/01/2020,10:25:47,12.25,12.1,3300,12.3,3300,0,89100
DLF30JAN20220CE.NFO,07/01/2020,10:25:52,12.25,12.1,3300,12.3,6600,0,89100
DLF30JAN20220CE.NFO,07/01/2020,10:25:56,12.25,12.1,3300,12.25,3300,0,89100
DLF30JAN20220CE.NFO,07/01/2020,10:26:00,12.25,12,3300,12.15,3300,0,89100
DLF30JAN20220CE.NFO,07/01/2020,10:26:04,12.25,12,3300,12.2,3300,0,89100
DLF30JAN20220CE.NFO,07/01/2020,10:26:08,12.25,11.95,3300,12.15,3300,0,89100
DLF30JAN20220CE.NFO,07/01/2020,10:26:13,12.25,12,3300,12.15,3300,0,89100
DLF30JAN20220CE.NFO,07/01/2020,10:26:28,12.25,11.95,3300,12.15,3300,0,89100
DLF30JAN20220CE.NFO,07/01/2020,10:26:34,12.25,11.95,6600,12.15,3300,0,89100
DLF30JAN20220CE.NFO,07/01/2020,10:26:37,12.25,12,3300,12.15,3300,0,89100
DLF30JAN20220CE.NFO,07/01/2020,10:26:40,12.25,11.95,3300,12.15,3300,0,89100
DLF30JAN20220CE.NFO,07/01/2020,10:26:47,12.25,11.95,6600,12.15,3300,0,89100
DLF30JAN20220CE.NFO,07/01/2020,10:26:54,12.25,12,3300,12.15,3300,0,89100
DLF30JAN20220CE.NFO,07/01/2020,10:27:05,12.25,11.95,3300,12.15,3300,0,89100
DLF30JAN20220CE.NFO,07/01/2020,10:27:12,12.25,12,3300,12.25,6600,0,89100
DLF30JAN20220CE.NFO,07/01/2020,10:27:16,12.25,12.05,3300,12.2,3300,0,89100
DLF30JAN20220CE.NFO,07/01/2020,10:27:20,12.25,12,3300,12.25,6600,0,89100
DLF30JAN20220CE.NFO,07/01/2020,10:27:24,12.25,12.05,6600,12.3,6600,0,89100
DLF30JAN20220CE.NFO,07/01/2020,10:27:28,12.25,12.1,3300,12.3,6600,0,89100
DLF30JAN20220CE.NFO,07/01/2020,10:27:32,12.25,12.05,6600,12.25,3300,0,89100
DLF30JAN20220CE.NFO,07/01/2020,10:27:38,12.25,12.05,6600,12.3,6600,0,89100
DLF30JAN20220CE.NFO,07/01/2020,10:27:42,12.25,12.05,3300,12.3,6600,0,89100
DLF30JAN20220CE.NFO,07/01/2020,10:27:46,12.25,12.05,6600,12.3,6600,0,89100
DLF30JAN20220CE.NFO,07/01/2020,10:27:49,12.25,12.1,3300,12.25,3300,0,89100
DLF30JAN20220CE.NFO,07/01/2020,10:28:10,12.25,12.1,3300,12.3,6600,0,89100
DLF30JAN20220CE.NFO,07/01/2020,10:28:14,12.25,12.15,3300,12.4,3300,0,89100
DLF30JAN20220CE.NFO,07/01/2020,10:28:18,12.25,12.1,3300,12.35,6600,0,89100
DLF30JAN20220CE.NFO,07/01/2020,10:28:22,12.25,12.1,3300,12.4,3300,0,89100
DLF30JAN20220CE.NFO,07/01/2020,10:28:26,12.25,12.15,6600,12.35,3300,0,89100
DLF30JAN20220CE.NFO,07/01/2020,10:28:30,12.25,12.15,3300,12.35,3300,0,89100
DLF30JAN20220CE.NFO,07/01/2020,10:29:13,12.25,12.15,3300,12.45,6600,0,89100
DLF30JAN20220CE.NFO,07/01/2020,10:29:19,12.25,12.15,3300,12.35,3300,0,89100
DLF30JAN20220CE.NFO,07/01/2020,10:29:22,12.25,12.15,3300,12.4,3300,0,89100
DLF30JAN20220CE.NFO,07/01/2020,10:29:28,12.25,12.15,3300,12.35,3300,0,89100
DLF30JAN20220CE.NFO,07/01/2020,10:29:36,12.25,12.1,3300,12.45,6600,0,89100
DLF30JAN20220CE.NFO,07/01/2020,10:29:39,12.25,12.15,3300,12.35,3300,0,89100
DLF30JAN20220CE.NFO,07/01/2020,10:29:50,12.25,12.15,3300,12.45,6600,0,89100
DLF30JAN20220CE.NFO,07/01/2020,10:30:01,12.25,12.15,3300,12.35,3300,0,89100
DLF30JAN20220CE.NFO,07/01/2020,10:30:14,12.25,12.15,3300,12.45,6600,0,89100
DLF30JAN20220CE.NFO,07/01/2020,10:30:22,12.25,12.15,3300,12.35,3300,0,89100
DLF30JAN20220CE.NFO,07/01/2020,10:30:27,12.25,12.15,3300,12.45,6600,0,89100
DLF30JAN20220CE.NFO,07/01/2020,10:30:30,12.25,12.15,3300,12.35,3300,0,89100
DLF30JAN20220CE.NFO,07/01/2020,10:30:34,12.25,12.1,3300,12.35,3300,0,89100
DLF30JAN20220CE.NFO,07/01/2020,10:30:38,12.25,12.1,3300,12.45,6600,0,89100
DLF30JAN20220CE.NFO,07/01/2020,10:30:41,12.25,12.1,3300,12.35,3300,0,89100
DLF30JAN20220CE.NFO,07/01/2020,10:30:45,12.25,12.1,3300,12.4,3300,0,89100
DLF30JAN20220CE.NFO,07/01/2020,10:30:49,12.25,12.1,3300,12.35,3300,0,89100
DLF30JAN20220CE.NFO,07/01/2020,10:30:52,12.25,12.1,3300,12.45,6600,0,89100
DLF30JAN20220CE.NFO,07/01/2020,10:30:55,12.25,12.1,3300,12.4,3300,0,89100
DLF30JAN20220CE.NFO,07/01/2020,10:30:58,12.25,12.1,3300,12.45,6600,0,89100
DLF30JAN20220CE.NFO,07/01/2020,10:31:02,12.25,12.1,3300,12.35,6600,0,89100
DLF30JAN20220CE.NFO,07/01/2020,10:31:12,12.25,12.05,3300,12.45,6600,0,89100
DLF30JAN20220CE.NFO,07/01/2020,10:31:15,12.25,12.1,3300,12.35,6600,0,89100
DLF30JAN20220CE.NFO,07/01/2020,10:31:32,12.25,12.1,3300,12.45,13200,0,89100
DLF30JAN20220CE.NFO,07/01/2020,10:31:36,12.25,12.1,3300,12.35,6600,0,89100
DLF30JAN20220CE.NFO,07/01/2020,10:31:40,12.25,12.1,3300,12.3,3300,0,89100
DLF30JAN20220CE.NFO,07/01/2020,10:31:43,12.25,12.1,3300,12.35,6600,0,89100
DLF30JAN20220CE.NFO,07/01/2020,10:31:51,12.25,12.15,3300,12.45,6600,0,89100
DLF30JAN20220CE.NFO,07/01/2020,10:31:55,12.25,12.15,3300,12.35,6600,0,89100
DLF30JAN20220CE.NFO,07/01/2020,10:32:16,12.25,12.1,6600,12.35,6600,0,89100
DLF30JAN20220CE.NFO,07/01/2020,10:32:41,12.25,12.1,6600,12.3,3300,0,89100
DLF30JAN20220CE.NFO,07/01/2020,10:32:56,12.25,12.15,3300,12.4,3300,0,89100
DLF30JAN20220CE.NFO,07/01/2020,10:33:00,12.25,12.15,3300,12.35,3300,0,89100
DLF30JAN20220CE.NFO,07/01/2020,10:33:03,12.25,12.1,3300,12.45,6600,0,89100
DLF30JAN20220CE.NFO,07/01/2020,10:33:06,12.25,12.15,3300,12.35,3300,0,89100
DLF30JAN20220CE.NFO,07/01/2020,10:33:09,12.25,12.15,3300,12.45,6600,0,89100
DLF30JAN20220CE.NFO,07/01/2020,10:33:11,12.25,12.1,3300,12.45,6600,0,89100
DLF30JAN20220CE.NFO,07/01/2020,10:33:14,12.25,12.15,3300,12.35,6600,0,89100
DLF30JAN20220CE.NFO,07/01/2020,10:33:16,12.25,12.15,3300,12.45,6600,0,89100
DLF30JAN20220CE.NFO,07/01/2020,10:33:19,12.25,12.1,3300,12.45,6600,0,89100
DLF30JAN20220CE.NFO,07/01/2020,10:33:22,12.25,12.1,3300,12.4,3300,0,89100
DLF30JAN20220CE.NFO,07/01/2020,10:33:32,12.25,12.15,3300,12.45,6600,0,89100
DLF30JAN20220CE.NFO,07/01/2020,10:33:34,12.25,12.1,3300,12.4,3300,0,89100
DLF30JAN20220CE.NFO,07/01/2020,10:33:40,12.25,12.15,3300,12.5,9900,0,89100
DLF30JAN20220CE.NFO,07/01/2020,10:33:43,12.25,12.1,3300,12.4,6600,0,89100
DLF30JAN20220CE.NFO,07/01/2020,10:33:49,12.25,12.1,3300,12.4,9900,0,89100
DLF30JAN20220CE.NFO,07/01/2020,10:33:52,12.25,12.15,3300,12.5,9900,0,89100
DLF30JAN20220CE.NFO,07/01/2020,10:33:55,12.25,12.1,3300,12.4,6600,0,89100
DLF30JAN20220CE.NFO,07/01/2020,10:33:57,12.25,12.15,3300,12.4,6600,0,89100
DLF30JAN20220CE.NFO,07/01/2020,10:34:00,12.25,12.1,3300,12.4,6600,0,89100
DLF30JAN20220CE.NFO,07/01/2020,10:34:03,12.25,12.1,3300,12.4,3300,0,89100
DLF30JAN20220CE.NFO,07/01/2020,10:34:07,12.25,12.1,3300,12.4,6600,0,89100
DLF30JAN20220CE.NFO,07/01/2020,10:34:12,12.25,12.1,3300,12.35,3300,0,89100
DLF30JAN20220CE.NFO,07/01/2020,10:34:18,12.25,12.1,3300,12.4,6600,0,89100
DLF30JAN20220CE.NFO,07/01/2020,10:34:20,12.25,12.1,3300,12.35,3300,0,89100
DLF30JAN20220CE.NFO,07/01/2020,10:34:24,12.25,12.2,3300,12.35,3300,0,89100
DLF30JAN20220CE.NFO,07/01/2020,10:34:27,12.25,12.2,3300,12.4,6600,0,89100
DLF30JAN20220CE.NFO,07/01/2020,10:34:33,12.25,12.2,3300,12.35,3300,0,89100
DLF30JAN20220CE.NFO,07/01/2020,10:34:36,12.25,12.2,3300,12.4,6600,0,89100
DLF30JAN20220CE.NFO,07/01/2020,10:34:38,12.25,12.25,3300,12.5,3300,0,89100
DLF30JAN20220CE.NFO,07/01/2020,10:34:42,12.25,12.3,3300,12.55,3300,0,89100
DLF30JAN20220CE.NFO,07/01/2020,10:34:46,12.25,12.4,3300,12.55,3300,0,89100
DLF30JAN20220CE.NFO,07/01/2020,10:35:10,12.25,12.4,3300,12.6,6600,0,89100
DLF30JAN20220CE.NFO,07/01/2020,10:35:24,12.25,12.2,3300,12.5,6600,0,89100
DLF30JAN20220CE.NFO,07/01/2020,10:35:30,12.25,12.2,6600,12.4,3300,0,89100
DLF30JAN20220CE.NFO,07/01/2020,10:35:34,12.25,12.2,3300,12.5,6600,0,89100
DLF30JAN20220CE.NFO,07/01/2020,10:35:37,12.25,12.15,3300,12.4,6600,0,89100
DLF30JAN20220CE.NFO,07/01/2020,10:35:41,12.25,12.2,3300,12.4,6600,0,89100
DLF30JAN20220CE.NFO,07/01/2020,10:35:44,12.25,12.15,3300,12.4,3300,0,89100
DLF30JAN20220CE.NFO,07/01/2020,10:35:47,12.25,12.2,3300,12.4,9900,0,89100
DLF30JAN20220CE.NFO,07/01/2020,10:35:54,12.25,12.2,3300,12.5,6600,0,89100
DLF30JAN20220CE.NFO,07/01/2020,10:35:57,12.25,12.25,3300,12.5,6600,0,89100
DLF30JAN20220CE.NFO,07/01/2020,10:36:00,12.25,12.15,3300,12.4,3300,0,89100
DLF30JAN20220CE.NFO,07/01/2020,10:36:02,12.25,12.15,3300,12.5,6600,0,89100
DLF30JAN20220CE.NFO,07/01/2020,10:36:06,12.25,12.15,3300,12.4,3300,0,89100
DLF30JAN20220CE.NFO,07/01/2020,10:36:15,12.25,12.15,3300,12.4,6600,0,89100
DLF30JAN20220CE.NFO,07/01/2020,10:36:18,12.25,12.15,3300,12.4,3300,0,89100
DLF30JAN20220CE.NFO,07/01/2020,10:36:23,12.25,12.15,3300,12.4,9900,0,89100
DLF30JAN20220CE.NFO,07/01/2020,10:36:27,12.25,12.2,3300,12.4,6600,0,89100
DLF30JAN20220CE.NFO,07/01/2020,10:36:36,12.25,12.2,3300,12.35,3300,0,89100
DLF30JAN20220CE.NFO,07/01/2020,10:36:40,12.25,12.2,3300,12.4,6600,0,89100
DLF30JAN20220CE.NFO,07/01/2020,10:36:42,12.25,12.2,3300,12.35,3300,0,89100
DLF30JAN20220CE.NFO,07/01/2020,10:36:51,12.25,12.2,3300,12.4,6600,0,89100
DLF30JAN20220CE.NFO,07/01/2020,10:36:53,12.25,12.2,6600,12.5,6600,0,89100
DLF30JAN20220CE.NFO,07/01/2020,10:36:55,12.25,12.15,3300,12.5,6600,0,89100
DLF30JAN20220CE.NFO,07/01/2020,10:36:57,12.25,12.2,3300,12.4,3300,0,89100
DLF30JAN20220CE.NFO,07/01/2020,10:36:59,12.25,12.2,3300,12.45,3300,0,89100
DLF30JAN20220CE.NFO,07/01/2020,10:37:01,12.25,12.2,6600,12.4,3300,0,89100
DLF30JAN20220CE.NFO,07/01/2020,10:37:03,12.25,12.15,3300,12.4,6600,0,89100
DLF30JAN20220CE.NFO,07/01/2020,10:37:28,12.25,12.2,3300,12.5,6600,0,89100
DLF30JAN20220CE.NFO,07/01/2020,10:37:30,12.25,12.15,3300,12.4,3300,0,89100
DLF30JAN20220CE.NFO,07/01/2020,10:37:33,12.25,12.2,3300,12.4,6600,0,89100
DLF30JAN20220CE.NFO,07/01/2020,10:37:35,12.25,12.15,3300,12.4,6600,0,89100
DLF30JAN20220CE.NFO,07/01/2020,10:37:39,12.25,12.1,3300,12.4,6600,0,89100
DLF30JAN20220CE.NFO,07/01/2020,10:37:42,12.25,12.2,3300,12.4,6600,0,89100
DLF30JAN20220CE.NFO,07/01/2020,10:37:45,12.25,12.2,3300,12.35,3300,0,89100
DLF30JAN20220CE.NFO,07/01/2020,10:37:48,12.25,12.2,3300,12.4,6600,0,89100
DLF30JAN20220CE.NFO,07/01/2020,10:37:50,12.25,12.2,3300,12.35,3300,0,89100
DLF30JAN20220CE.NFO,07/01/2020,10:38:01,12.25,12.15,3300,12.5,6600,0,89100
DLF30JAN20220CE.NFO,07/01/2020,10:38:05,12.25,12.2,3300,12.5,9900,0,89100
DLF30JAN20220CE.NFO,07/01/2020,10:38:10,12.25,12.15,3300,12.35,3300,0,89100
DLF30JAN20220CE.NFO,07/01/2020,10:38:16,12.25,12.2,3300,12.4,3300,0,89100
DLF30JAN20220CE.NFO,07/01/2020,10:38:21,12.25,12.15,3300,12.4,6600,0,89100
DLF30JAN20220CE.NFO,07/01/2020,10:38:29,12.25,12.2,3300,12.4,6600,0,89100
DLF30JAN20220CE.NFO,07/01/2020,10:38:32,12.25,12.2,3300,12.35,3300,0,89100
DLF30JAN20220CE.NFO,07/01/2020,10:38:35,12.25,12.2,3300,12.4,3300,0,89100
DLF30JAN20220CE.NFO,07/01/2020,10:38:37,12.25,12.1,3300,12.35,3300,0,89100
DLF30JAN20220CE.NFO,07/01/2020,10:38:39,12.25,12.15,3300,12.35,3300,0,89100
DLF30JAN20220CE.NFO,07/01/2020,10:38:43,12.25,12.1,3300,12.3,3300,0,89100
DLF30JAN20220CE.NFO,07/01/2020,10:38:46,12.25,12.1,3300,12.4,6600,0,89100
DLF30JAN20220CE.NFO,07/01/2020,10:38:48,12.25,12.1,3300,12.3,3300,0,89100
DLF30JAN20220CE.NFO,07/01/2020,10:38:51,12.25,12.1,3300,12.35,3300,0,89100
DLF30JAN20220CE.NFO,07/01/2020,10:38:53,12.25,12.15,3300,12.35,3300,0,89100
DLF30JAN20220CE.NFO,07/01/2020,10:38:55,12.25,12.1,3300,12.35,3300,0,89100
DLF30JAN20220CE.NFO,07/01/2020,10:39:01,12.25,12.15,3300,12.35,3300,0,89100
DLF30JAN20220CE.NFO,07/01/2020,10:39:05,12.25,12.1,3300,12.35,3300,0,89100
DLF30JAN20220CE.NFO,07/01/2020,10:39:08,12.25,12.15,3300,12.35,3300,0,89100
DLF30JAN20220CE.NFO,07/01/2020,10:39:24,12.25,12.05,3300,12.35,3300,0,89100
DLF30JAN20220CE.NFO,07/01/2020,10:39:27,12.25,12.05,6600,12.3,6600,0,89100
DLF30JAN20220CE.NFO,07/01/2020,10:39:31,12.25,12.05,6600,12.25,3300,0,89100
DLF30JAN20220CE.NFO,07/01/2020,10:39:36,12.25,12.1,3300,12.45,16500,0,89100
DLF30JAN20220CE.NFO,07/01/2020,10:39:39,12.25,12.1,3300,12.25,3300,0,89100
DLF30JAN20220CE.NFO,07/01/2020,10:39:51,12.25,12.05,3300,12.2,3300,0,89100
DLF30JAN20220CE.NFO,07/01/2020,10:39:56,12.25,12,9900,12.2,3300,0,89100
DLF30JAN20220CE.NFO,07/01/2020,10:40:02,12.25,12,9900,12.15,6600,0,89100
DLF30JAN20220CE.NFO,07/01/2020,10:40:06,12.25,12.05,6600,12.35,6600,0,89100
DLF30JAN20220CE.NFO,07/01/2020,10:40:10,12.25,12.05,3300,12.25,3300,0,89100
DLF30JAN20220CE.NFO,07/01/2020,10:40:13,12.25,12.05,6600,12.25,3300,0,89100
DLF30JAN20220CE.NFO,07/01/2020,10:40:32,12.25,12.1,3300,12.3,6600,0,89100
DLF30JAN20220CE.NFO,07/01/2020,10:40:36,12.25,12.1,3300,12.25,3300,0,89100
DLF30JAN20220CE.NFO,07/01/2020,10:40:40,12.25,12.1,3300,12.35,3300,0,89100
DLF30JAN20220CE.NFO,07/01/2020,10:40:42,12.25,12.1,6600,12.3,3300,0,89100
DLF30JAN20220CE.NFO,07/01/2020,10:40:48,12.25,12.1,6600,12.35,6600,0,89100
DLF30JAN20220CE.NFO,07/01/2020,10:40:51,12.25,12.1,6600,12.35,3300,0,89100
DLF30JAN20220CE.NFO,07/01/2020,10:40:55,12.25,12.15,3300,12.3,3300,0,89100
DLF30JAN20220CE.NFO,07/01/2020,10:41:01,12.25,12.2,3300,12.45,6600,0,89100
DLF30JAN20220CE.NFO,07/01/2020,10:41:05,12.25,12.2,3300,12.4,3300,0,89100
DLF30JAN20220CE.NFO,07/01/2020,10:41:23,12.25,12.3,3300,12.5,3300,0,89100
DLF30JAN20220CE.NFO,07/01/2020,10:41:28,12.25,12.25,6600,12.45,3300,0,89100
DLF30JAN20220CE.NFO,07/01/2020,10:41:32,12.25,12.25,6600,12.4,3300,0,89100
DLF30JAN20220CE.NFO,07/01/2020,10:41:35,12.25,12.25,3300,12.45,3300,0,89100
DLF30JAN20220CE.NFO,07/01/2020,10:41:48,12.25,12.25,6600,12.4,3300,0,89100
DLF30JAN20220CE.NFO,07/01/2020,10:41:50,12.25,12.2,3300,12.4,3300,0,89100
DLF30JAN20220CE.NFO,07/01/2020,10:41:56,12.25,12.25,3300,12.45,3300,0,89100
DLF30JAN20220CE.NFO,07/01/2020,10:41:59,12.25,12.25,6600,12.45,3300,0,89100
DLF30JAN20220CE.NFO,07/01/2020,10:42:06,12.25,12.25,3300,12.45,3300,0,89100
DLF30JAN20220CE.NFO,07/01/2020,10:42:15,12.25,12.25,6600,12.45,3300,0,89100
DLF30JAN20220CE.NFO,07/01/2020,10:42:18,12.25,12.25,3300,12.4,3300,0,89100
DLF30JAN20220CE.NFO,07/01/2020,10:42:33,12.25,12.2,6600,12.5,6600,0,89100
DLF30JAN20220CE.NFO,07/01/2020,10:42:37,12.25,12.2,6600,12.4,3300,0,89100
DLF30JAN20220CE.NFO,07/01/2020,10:42:52,12.25,12.2,6600,12.35,3300,0,89100
DLF30JAN20220CE.NFO,07/01/2020,10:42:56,12.25,12.2,6600,12.4,3300,0,89100
DLF30JAN20220CE.NFO,07/01/2020,10:42:58,12.25,12.2,6600,12.4,6600,0,89100
DLF30JAN20220CE.NFO,07/01/2020,10:43:05,12.25,12.2,6600,12.35,3300,0,89100
DLF30JAN20220CE.NFO,07/01/2020,10:43:08,12.25,12.2,6600,12.4,6600,0,89100
DLF30JAN20220CE.NFO,07/01/2020,10:43:10,12.25,12.2,6600,12.35,3300,0,89100
DLF30JAN20220CE.NFO,07/01/2020,10:43:17,12.25,12.2,6600,12.4,6600,0,89100
DLF30JAN20220CE.NFO,07/01/2020,10:43:18,12.25,12.2,6600,12.4,3300,0,89100
DLF30JAN20220CE.NFO,07/01/2020,10:43:24,12.25,12.25,3300,12.45,3300,0,89100
DLF30JAN20220CE.NFO,07/01/2020,10:43:31,12.25,12.25,6600,12.45,3300,0,89100
DLF30JAN20220CE.NFO,07/01/2020,10:43:39,12.25,12.25,9900,12.45,3300,0,89100
DLF30JAN20220CE.NFO,07/01/2020,10:43:46,12.25,12.25,3300,12.35,3300,0,89100
DLF30JAN20220CE.NFO,07/01/2020,10:43:54,12.25,12.1,6600,12.4,6600,3300,89100
DLF30JAN20220CE.NFO,07/01/2020,10:43:57,12.25,12.1,6600,12.3,3300,0,89100
DLF30JAN20220CE.NFO,07/01/2020,10:44:21,12.25,12.1,6600,12.35,3300,0,89100
DLF30JAN20220CE.NFO,07/01/2020,10:44:31,12.25,12.1,3300,12.3,6600,0,89100
DLF30JAN20220CE.NFO,07/01/2020,10:44:43,12.25,12.1,3300,12.25,3300,0,89100
DLF30JAN20220CE.NFO,07/01/2020,10:44:49,12.25,12.1,3300,12.3,6600,0,89100
DLF30JAN20220CE.NFO,07/01/2020,10:44:53,12.25,12.1,3300,12.25,3300,0,89100
DLF30JAN20220CE.NFO,07/01/2020,10:44:55,12.25,12.1,3300,12.3,6600,0,89100
DLF30JAN20220CE.NFO,07/01/2020,10:44:59,12.25,12.05,6600,12.25,3300,0,89100
DLF30JAN20220CE.NFO,07/01/2020,10:45:16,12.25,12.1,6600,12.25,3300,0,89100
DLF30JAN20220CE.NFO,07/01/2020,10:45:20,12.25,12.05,3300,12.25,3300,0,89100
DLF30JAN20220CE.NFO,07/01/2020,10:45:24,12.25,12.1,3300,12.3,6600,0,89100
DLF30JAN20220CE.NFO,07/01/2020,10:45:30,12.25,12.05,3300,12.3,9900,0,89100
DLF30JAN20220CE.NFO,07/01/2020,10:45:33,12.25,12.05,3300,12.25,3300,0,89100
DLF30JAN20220CE.NFO,07/01/2020,10:45:36,12.25,12.1,3300,12.25,3300,0,89100
DLF30JAN20220CE.NFO,07/01/2020,10:45:39,12.25,12.05,3300,12.25,3300,0,89100
DLF30JAN20220CE.NFO,07/01/2020,10:45:58,12.25,12.15,3300,12.3,3300,0,89100
DLF30JAN20220CE.NFO,07/01/2020,10:46:12,12.25,12.1,3300,12.3,3300,0,89100
DLF30JAN20220CE.NFO,07/01/2020,10:46:24,12.25,12.05,3300,12.3,3300,0,89100
DLF30JAN20220CE.NFO,07/01/2020,10:46:27,12.25,12.05,3300,12.25,3300,0,89100
DLF30JAN20220CE.NFO,07/01/2020,10:46:43,12.25,12.15,3300,12.3,3300,0,89100
DLF30JAN20220CE.NFO,07/01/2020,10:46:46,12.25,12.15,3300,12.35,6600,0,89100
DLF30JAN20220CE.NFO,07/01/2020,10:46:49,12.25,12.05,3300,12.25,3300,0,89100
DLF30JAN20220CE.NFO,07/01/2020,10:46:57,12.25,12.05,6600,12.25,3300,0,89100
DLF30JAN20220CE.NFO,07/01/2020,10:47:00,12.25,12.1,3300,12.3,3300,0,89100
DLF30JAN20220CE.NFO,07/01/2020,10:47:15,12.25,12.15,3300,12.35,3300,0,89100
DLF30JAN20220CE.NFO,07/01/2020,10:47:25,12.25,12.15,3300,12.35,6600,0,89100
DLF30JAN20220CE.NFO,07/01/2020,10:47:30,12.25,12.15,3300,12.35,3300,0,89100
DLF30JAN20220CE.NFO,07/01/2020,10:47:35,12.25,12.2,3300,12.4,6600,0,89100
DLF30JAN20220CE.NFO,07/01/2020,10:47:40,12.25,12.2,6600,12.4,6600,0,89100
DLF30JAN20220CE.NFO,07/01/2020,10:47:42,12.25,12.25,3300,12.45,3300,0,89100
DLF30JAN20220CE.NFO,07/01/2020,10:47:45,12.25,12.2,3300,12.4,6600,0,89100
DLF30JAN20220CE.NFO,07/01/2020,10:47:48,12.25,12.15,3300,12.4,6600,0,89100
DLF30JAN20220CE.NFO,07/01/2020,10:47:53,12.25,12.25,3300,12.45,3300,0,89100
DLF30JAN20220CE.NFO,07/01/2020,10:47:59,12.25,12.15,3300,12.4,6600,0,89100
DLF30JAN20220CE.NFO,07/01/2020,10:48:01,12.4,12.2,3300,12.4,3300,3300,89100
DLF30JAN20220CE.NFO,07/01/2020,10:48:03,12.4,12.15,3300,12.4,3300,0,89100
DLF30JAN20220CE.NFO,07/01/2020,10:48:10,12.4,12.2,3300,12.4,3300,0,89100
DLF30JAN20220CE.NFO,07/01/2020,10:48:15,12.4,12.2,3300,12.35,3300,0,89100
DLF30JAN20220CE.NFO,07/01/2020,10:48:19,12.4,12.2,3300,12.4,3300,0,89100
DLF30JAN20220CE.NFO,07/01/2020,10:48:27,12.4,12.15,3300,12.4,3300,0,89100
DLF30JAN20220CE.NFO,07/01/2020,10:48:30,12.4,12.15,3300,12.35,3300,0,89100
DLF30JAN20220CE.NFO,07/01/2020,10:48:34,12.4,12.05,3300,12.35,3300,0,89100
DLF30JAN20220CE.NFO,07/01/2020,10:48:48,12.4,12.15,3300,12.3,3300,0,89100
DLF30JAN20220CE.NFO,07/01/2020,10:48:59,12.4,12.05,3300,12.3,6600,0,89100
DLF30JAN20220CE.NFO,07/01/2020,10:49:02,12.4,12.1,3300,12.3,6600,0,89100
DLF30JAN20220CE.NFO,07/01/2020,10:49:05,12.4,12.05,3300,12.3,6600,0,89100
DLF30JAN20220CE.NFO,07/01/2020,10:49:24,12.4,12.1,3300,12.3,6600,0,89100
DLF30JAN20220CE.NFO,07/01/2020,10:49:27,12.4,12.05,3300,12.3,6600,0,89100
DLF30JAN20220CE.NFO,07/01/2020,10:49:53,12.4,12.05,3300,12.3,3300,0,89100
DLF30JAN20220CE.NFO,07/01/2020,10:49:57,12.4,12,6600,12.25,3300,0,89100
DLF30JAN20220CE.NFO,07/01/2020,10:50:04,12.4,12,6600,12.2,3300,0,89100
DLF30JAN20220CE.NFO,07/01/2020,10:50:29,12.4,12.05,3300,12.2,3300,0,89100
DLF30JAN20220CE.NFO,07/01/2020,10:50:33,12.4,12,6600,12.15,3300,0,89100
DLF30JAN20220CE.NFO,07/01/2020,10:50:42,12.4,12.1,3300,12.3,3300,0,89100
DLF30JAN20220CE.NFO,07/01/2020,10:50:46,12.4,12.1,3300,12.25,3300,0,89100
DLF30JAN20220CE.NFO,07/01/2020,10:50:56,12.4,12.05,3300,12.25,3300,0,89100
DLF30JAN20220CE.NFO,07/01/2020,10:51:38,12.4,12.05,6600,12.25,3300,0,89100
DLF30JAN20220CE.NFO,07/01/2020,10:51:43,12.4,12.05,6600,12.3,3300,0,89100
DLF30JAN20220CE.NFO,07/01/2020,10:51:56,12.4,12.05,3300,12.2,3300,0,89100
DLF30JAN20220CE.NFO,07/01/2020,10:52:01,12.4,12,6600,12.2,6600,0,89100
DLF30JAN20220CE.NFO,07/01/2020,10:52:11,12.4,12.05,3300,12.2,3300,0,89100
DLF30JAN20220CE.NFO,07/01/2020,10:52:25,12.4,12,3300,12.15,3300,0,89100
DLF30JAN20220CE.NFO,07/01/2020,10:52:31,12.4,12,3300,12.2,3300,0,89100
DLF30JAN20220CE.NFO,07/01/2020,10:52:36,12.4,12,6600,12.15,3300,0,89100
DLF30JAN20220CE.NFO,07/01/2020,10:52:45,12.4,12,6600,12.2,3300,0,89100
DLF30JAN20220CE.NFO,07/01/2020,10:52:53,12.4,12,3300,12.15,3300,0,89100
DLF30JAN20220CE.NFO,07/01/2020,10:52:57,12.4,12,3300,12.2,3300,0,89100
DLF30JAN20220CE.NFO,07/01/2020,10:53:03,12,11.7,3300,11.9,6600,3300,92400
DLF30JAN20220CE.NFO,07/01/2020,10:53:03,12,11.7,3300,11.9,6600,0,92400
DLF30JAN20220CE.NFO,07/01/2020,10:53:09,12,11.75,6600,11.95,3300,0,92400
DLF30JAN20220CE.NFO,07/01/2020,10:53:30,12,11.8,3300,11.95,3300,0,92400
DLF30JAN20220CE.NFO,07/01/2020,10:53:40,12,11.8,3300,12,9900,0,92400
DLF30JAN20220CE.NFO,07/01/2020,10:53:51,12,11.75,6600,11.95,3300,0,92400
DLF30JAN20220CE.NFO,07/01/2020,10:54:08,12,11.8,3300,12.2,13200,0,92400
DLF30JAN20220CE.NFO,07/01/2020,10:54:13,12,11.8,3300,12,3300,0,92400
DLF30JAN20220CE.NFO,07/01/2020,10:54:25,12,11.8,3300,12.05,3300,0,92400
DLF30JAN20220CE.NFO,07/01/2020,10:54:31,12,11.8,6600,12,3300,0,92400
DLF30JAN20220CE.NFO,07/01/2020,10:54:50,12,11.8,3300,12,3300,0,92400
DLF30JAN20220CE.NFO,07/01/2020,10:55:19,12,11.75,3300,12,3300,0,92400
DLF30JAN20220CE.NFO,07/01/2020,10:55:23,12,11.8,3300,12,3300,0,92400
DLF30JAN20220CE.NFO,07/01/2020,10:55:28,12,11.75,3300,12,3300,0,92400
DLF30JAN20220CE.NFO,07/01/2020,10:55:33,12,11.8,3300,12,3300,0,92400
DLF30JAN20220CE.NFO,07/01/2020,10:55:39,12,11.8,6600,12.05,3300,0,92400
DLF30JAN20220CE.NFO,07/01/2020,10:55:44,12,11.85,3300,12.05,3300,0,92400
DLF30JAN20220CE.NFO,07/01/2020,10:56:06,12,11.8,6600,12,3300,0,92400
DLF30JAN20220CE.NFO,07/01/2020,10:56:11,12,11.8,3300,12,3300,0,92400
DLF30JAN20220CE.NFO,07/01/2020,10:56:16,12,11.8,3300,12.05,3300,0,92400
DLF30JAN20220CE.NFO,07/01/2020,10:56:21,12,11.85,3300,12.05,3300,0,92400
DLF30JAN20220CE.NFO,07/01/2020,10:56:26,12,11.85,3300,12.1,3300,0,92400
DLF30JAN20220CE.NFO,07/01/2020,10:56:31,12,11.8,3300,12.1,3300,0,92400
DLF30JAN20220CE.NFO,07/01/2020,10:56:36,12,11.85,3300,12,3300,0,92400
DLF30JAN20220CE.NFO,07/01/2020,10:56:41,12,11.9,3300,12.05,3300,0,92400
DLF30JAN20220CE.NFO,07/01/2020,10:56:48,12,11.85,3300,12.05,3300,0,92400
DLF30JAN20220CE.NFO,07/01/2020,10:56:56,12,11.75,3300,12,3300,0,92400
DLF30JAN20220CE.NFO,07/01/2020,10:57:15,12,11.75,6600,12,3300,0,92400
DLF30JAN20220CE.NFO,07/01/2020,10:57:21,12,11.75,3300,11.9,3300,0,92400
DLF30JAN20220CE.NFO,07/01/2020,10:57:28,12,11.65,3300,11.85,6600,0,92400
DLF30JAN20220CE.NFO,07/01/2020,10:57:34,12,11.7,6600,11.9,3300,0,92400
DLF30JAN20220CE.NFO,07/01/2020,10:57:40,12,11.75,3300,11.95,3300,0,92400
DLF30JAN20220CE.NFO,07/01/2020,10:57:45,12,11.7,6600,11.9,3300,0,92400
DLF30JAN20220CE.NFO,07/01/2020,10:57:55,12,11.7,6600,11.95,3300,0,92400
DLF30JAN20220CE.NFO,07/01/2020,10:58:03,12,11.7,6600,11.9,3300,0,92400
DLF30JAN20220CE.NFO,07/01/2020,10:58:13,12,11.65,3300,11.9,3300,0,92400
DLF30JAN20220CE.NFO,07/01/2020,10:58:17,12,11.7,3300,11.9,3300,0,92400
DLF30JAN20220CE.NFO,07/01/2020,10:58:27,12,11.7,3300,11.85,3300,0,92400
DLF30JAN20220CE.NFO,07/01/2020,10:58:33,12,11.7,3300,11.9,3300,0,92400
DLF30JAN20220CE.NFO,07/01/2020,10:58:37,12,11.7,3300,11.85,3300,0,92400
DLF30JAN20220CE.NFO,07/01/2020,10:58:42,12,11.6,3300,11.8,3300,0,92400
DLF30JAN20220CE.NFO,07/01/2020,10:58:48,12,11.6,3300,11.85,3300,0,92400
DLF30JAN20220CE.NFO,07/01/2020,10:58:53,12,11.6,3300,11.8,3300,0,92400
DLF30JAN20220CE.NFO,07/01/2020,10:58:58,12,11.65,3300,11.85,3300,0,92400
DLF30JAN20220CE.NFO,07/01/2020,10:59:03,12,11.7,3300,11.9,3300,0,92400
DLF30JAN20220CE.NFO,07/01/2020,10:59:09,12,11.65,6600,11.85,3300,0,92400
DLF30JAN20220CE.NFO,07/01/2020,10:59:15,12,11.7,3300,11.85,3300,0,92400
DLF30JAN20220CE.NFO,07/01/2020,10:59:20,12,11.6,3300,11.8,3300,0,92400
DLF30JAN20220CE.NFO,07/01/2020,10:59:26,12,11.55,3300,11.7,3300,0,92400
DLF30JAN20220CE.NFO,07/01/2020,10:59:37,11.7,11.65,3300,11.85,3300,3300,95700
DLF30JAN20220CE.NFO,07/01/2020,10:59:37,11.7,11.65,3300,11.85,3300,0,95700
DLF30JAN20220CE.NFO,07/01/2020,10:59:42,11.7,11.65,3300,11.8,3300,0,95700
DLF30JAN20220CE.NFO,07/01/2020,10:59:52,11.7,11.6,3300,11.9,3300,0,95700
DLF30JAN20220CE.NFO,07/01/2020,10:59:57,11.7,11.6,6600,11.8,3300,0,95700
DLF30JAN20220CE.NFO,07/01/2020,11:00:09,11.7,11.6,3300,11.85,6600,0,95700
DLF30JAN20220CE.NFO,07/01/2020,11:00:15,11.7,11.55,3300,11.8,6600,0,95700
DLF30JAN20220CE.NFO,07/01/2020,11:00:28,11.7,11.5,3300,11.8,6600,0,95700
DLF30JAN20220CE.NFO,07/01/2020,11:00:35,11.7,11.45,3300,11.75,9900,0,95700
DLF30JAN20220CE.NFO,07/01/2020,11:00:47,11.7,11.5,3300,11.75,6600,0,95700
DLF30JAN20220CE.NFO,07/01/2020,11:00:54,11.7,11.55,3300,11.75,6600,0,95700
DLF30JAN20220CE.NFO,07/01/2020,11:01:00,11.7,11.5,6600,11.75,6600,0,95700
DLF30JAN20220CE.NFO,07/01/2020,11:01:09,11.7,11.6,3300,11.8,6600,0,95700
DLF30JAN20220CE.NFO,07/01/2020,11:01:23,11.7,11.55,3300,11.8,6600,0,95700
DLF30JAN20220CE.NFO,07/01/2020,11:01:29,11.7,11.6,3300,11.8,6600,0,95700
DLF30JAN20220CE.NFO,07/01/2020,11:01:36,11.7,11.65,3300,11.8,6600,0,95700
DLF30JAN20220CE.NFO,07/01/2020,11:01:50,11.7,11.75,3300,12.05,3300,0,95700
DLF30JAN20220CE.NFO,07/01/2020,11:01:58,11.7,11.85,3300,12.05,3300,0,95700
DLF30JAN20220CE.NFO,07/01/2020,11:02:04,11.7,11.8,6600,12,3300,0,95700
DLF30JAN20220CE.NFO,07/01/2020,11:02:11,11.7,11.9,3300,12.25,9900,0,95700
DLF30JAN20220CE.NFO,07/01/2020,11:02:17,11.7,11.9,3300,12.15,9900,0,95700
DLF30JAN20220CE.NFO,07/01/2020,11:02:23,11.7,11.8,3300,12.15,9900,0,95700
DLF30JAN20220CE.NFO,07/01/2020,11:02:30,11.7,11.7,3300,12.15,9900,0,95700
DLF30JAN20220CE.NFO,07/01/2020,11:02:36,11.7,11.8,3300,12.15,9900,0,95700
DLF30JAN20220CE.NFO,07/01/2020,11:02:42,11.7,11.75,3300,12.15,9900,0,95700
DLF30JAN20220CE.NFO,07/01/2020,11:02:53,11.7,11.7,3300,12.05,9900,0,95700
DLF30JAN20220CE.NFO,07/01/2020,11:02:59,11.7,11.85,3300,12.05,6600,0,95700
DLF30JAN20220CE.NFO,07/01/2020,11:03:05,11.7,11.8,6600,12.05,6600,0,95700
DLF30JAN20220CE.NFO,07/01/2020,11:03:11,11.7,11.8,9900,11.95,3300,0,95700
DLF30JAN20220CE.NFO,07/01/2020,11:03:28,11.7,11.85,3300,12,6600,0,95700
DLF30JAN20220CE.NFO,07/01/2020,11:03:38,11.7,11.75,6600,11.95,3300,0,95700
DLF30JAN20220CE.NFO,07/01/2020,11:03:44,11.7,11.75,3300,11.95,3300,0,95700
DLF30JAN20220CE.NFO,07/01/2020,11:03:51,11.7,11.75,6600,11.95,9900,0,95700
DLF30JAN20220CE.NFO,07/01/2020,11:03:57,11.7,11.8,6600,11.95,3300,0,95700
DLF30JAN20220CE.NFO,07/01/2020,11:04:02,11.7,11.75,6600,11.9,3300,0,95700
DLF30JAN20220CE.NFO,07/01/2020,11:04:14,11.7,11.7,6600,11.85,3300,0,95700
DLF30JAN20220CE.NFO,07/01/2020,11:04:20,11.7,11.75,6600,11.95,3300,0,95700
DLF30JAN20220CE.NFO,07/01/2020,11:04:26,11.7,11.8,6600,11.95,3300,0,95700
DLF30JAN20220CE.NFO,07/01/2020,11:04:32,11.7,11.75,3300,11.95,3300,0,95700
DLF30JAN20220CE.NFO,07/01/2020,11:04:38,11.7,11.7,6600,11.85,3300,0,95700
DLF30JAN20220CE.NFO,07/01/2020,11:04:44,11.7,11.65,6600,11.85,3300,0,95700
DLF30JAN20220CE.NFO,07/01/2020,11:04:50,11.7,11.7,6600,11.95,3300,0,95700
DLF30JAN20220CE.NFO,07/01/2020,11:04:56,11.7,11.75,6600,11.95,3300,0,95700
DLF30JAN20220CE.NFO,07/01/2020,11:05:01,11.7,11.65,6600,11.85,3300,0,95700
DLF30JAN20220CE.NFO,07/01/2020,11:05:06,11.7,11.7,6600,11.85,3300,0,95700
DLF30JAN20220CE.NFO,07/01/2020,11:05:18,11.7,11.75,6600,11.95,3300,0,95700
DLF30JAN20220CE.NFO,07/01/2020,11:05:24,11.7,11.65,6600,11.85,3300,0,95700
DLF30JAN20220CE.NFO,07/01/2020,11:05:28,11.7,11.75,3300,11.9,3300,0,95700
DLF30JAN20220CE.NFO,07/01/2020,11:05:33,11.7,11.7,6600,11.9,3300,0,95700
DLF30JAN20220CE.NFO,07/01/2020,11:05:44,11.7,11.65,6600,11.8,3300,0,95700
DLF30JAN20220CE.NFO,07/01/2020,11:05:49,11.7,11.7,6600,11.85,6600,0,95700
DLF30JAN20220CE.NFO,07/01/2020,11:05:56,11.7,11.75,3300,11.9,3300,0,95700
DLF30JAN20220CE.NFO,07/01/2020,11:06:07,11.7,11.75,9900,11.9,3300,0,95700
DLF30JAN20220CE.NFO,07/01/2020,11:06:14,11.7,11.75,6600,11.9,3300,0,95700
DLF30JAN20220CE.NFO,07/01/2020,11:06:21,11.7,11.8,6600,11.95,3300,0,95700
DLF30JAN20220CE.NFO,07/01/2020,11:06:41,11.7,11.7,6600,11.85,3300,0,95700
DLF30JAN20220CE.NFO,07/01/2020,11:06:46,11.7,11.75,3300,11.95,3300,0,95700
DLF30JAN20220CE.NFO,07/01/2020,11:07:03,11.7,11.75,6600,11.95,3300,0,95700
DLF30JAN20220CE.NFO,07/01/2020,11:07:09,11.7,11.65,6600,11.8,3300,0,95700
DLF30JAN20220CE.NFO,07/01/2020,11:07:14,11.7,11.75,3300,11.95,3300,0,95700
DLF30JAN20220CE.NFO,07/01/2020,11:07:24,11.7,11.8,3300,11.95,3300,0,95700
DLF30JAN20220CE.NFO,07/01/2020,11:07:38,11.7,11.9,3300,12.1,3300,0,95700
DLF30JAN20220CE.NFO,07/01/2020,11:07:43,11.7,11.9,6600,12,3300,0,95700
DLF30JAN20220CE.NFO,07/01/2020,11:07:48,11.7,11.9,6600,12.1,3300,0,95700
DLF30JAN20220CE.NFO,07/01/2020,11:08:05,11.7,11.9,6600,12.05,3300,0,95700
DLF30JAN20220CE.NFO,07/01/2020,11:08:17,11.7,11.95,3300,12.05,3300,0,95700
DLF30JAN20220CE.NFO,07/01/2020,11:08:24,11.7,11.9,9900,12.05,3300,0,95700
DLF30JAN20220CE.NFO,07/01/2020,11:08:35,11.7,11.95,3300,12.05,3300,0,95700
DLF30JAN20220CE.NFO,07/01/2020,11:08:40,11.7,11.9,6600,12.05,3300,0,95700
DLF30JAN20220CE.NFO,07/01/2020,11:08:45,11.7,11.9,3300,11.95,3300,0,95700
DLF30JAN20220CE.NFO,07/01/2020,11:08:49,11.7,11.9,6600,12.05,3300,0,95700
DLF30JAN20220CE.NFO,07/01/2020,11:09:03,11.7,11.9,9900,12,3300,0,95700
DLF30JAN20220CE.NFO,07/01/2020,11:09:08,11.7,11.9,3300,12,6600,0,95700
DLF30JAN20220CE.NFO,07/01/2020,11:09:21,11.7,11.75,6600,11.95,3300,0,95700
DLF30JAN20220CE.NFO,07/01/2020,11:09:26,11.7,11.75,3300,11.9,3300,0,95700
DLF30JAN20220CE.NFO,07/01/2020,11:09:31,11.7,11.7,6600,11.9,6600,0,95700
DLF30JAN20220CE.NFO,07/01/2020,11:09:35,11.7,11.75,6600,11.95,3300,0,95700
DLF30JAN20220CE.NFO,07/01/2020,11:09:39,11.7,11.65,6600,11.85,3300,0,95700
DLF30JAN20220CE.NFO,07/01/2020,11:09:43,11.7,11.55,3300,11.75,3300,0,95700
DLF30JAN20220CE.NFO,07/01/2020,11:09:47,11.7,11.55,9900,11.75,6600,0,95700
DLF30JAN20220CE.NFO,07/01/2020,11:09:51,11.7,11.6,13200,11.8,3300,0,95700
DLF30JAN20220CE.NFO,07/01/2020,11:09:58,11.7,11.6,16500,11.8,3300,0,95700
DLF30JAN20220CE.NFO,07/01/2020,11:10:02,11.7,11.6,13200,11.8,3300,0,95700
DLF30JAN20220CE.NFO,07/01/2020,11:10:06,11.7,11.6,6600,11.8,3300,0,95700
DLF30JAN20220CE.NFO,07/01/2020,11:10:10,11.7,11.6,3300,11.75,3300,0,95700
DLF30JAN20220CE.NFO,07/01/2020,11:10:15,11.7,11.6,6600,11.8,3300,0,95700
DLF30JAN20220CE.NFO,07/01/2020,11:10:20,11.7,11.65,3300,11.85,3300,0,95700
DLF30JAN20220CE.NFO,07/01/2020,11:10:24,11.7,11.7,3300,11.85,3300,0,95700
DLF30JAN20220CE.NFO,07/01/2020,11:10:28,11.7,11.65,3300,11.85,3300,0,95700
DLF30JAN20220CE.NFO,07/01/2020,11:10:39,11.7,11.65,3300,11.8,3300,0,95700
DLF30JAN20220CE.NFO,07/01/2020,11:11:06,11.7,11.6,3300,11.75,3300,0,95700
DLF30JAN20220CE.NFO,07/01/2020,11:11:13,11.7,11.55,3300,11.75,6600,0,95700
DLF30JAN20220CE.NFO,07/01/2020,11:11:20,11.7,11.55,6600,11.7,3300,0,95700
DLF30JAN20220CE.NFO,07/01/2020,11:11:27,11.7,11.5,3300,11.65,3300,0,95700
DLF30JAN20220CE.NFO,07/01/2020,11:11:34,11.7,11.45,9900,11.7,6600,0,95700
DLF30JAN20220CE.NFO,07/01/2020,11:11:40,11.7,11.55,6600,11.7,3300,0,95700
DLF30JAN20220CE.NFO,07/01/2020,11:11:51,11.7,11.5,3300,11.65,3300,0,95700
DLF30JAN20220CE.NFO,07/01/2020,11:11:57,11.7,11.5,3300,11.6,3300,0,95700
DLF30JAN20220CE.NFO,07/01/2020,11:12:04,11.45,11.5,3300,11.65,6600,3300,95700
DLF30JAN20220CE.NFO,07/01/2020,11:12:04,11.45,11.5,3300,11.65,6600,0,95700
DLF30JAN20220CE.NFO,07/01/2020,11:12:13,11.45,11.45,3300,11.6,3300,0,95700
DLF30JAN20220CE.NFO,07/01/2020,11:12:19,11.45,11.5,3300,11.6,3300,0,95700
DLF30JAN20220CE.NFO,07/01/2020,11:12:25,11.45,11.45,3300,11.7,6600,0,95700
DLF30JAN20220CE.NFO,07/01/2020,11:12:33,11.45,11.55,3300,11.7,6600,0,95700
DLF30JAN20220CE.NFO,07/01/2020,11:12:54,11.45,11.65,3300,11.75,3300,0,95700
DLF30JAN20220CE.NFO,07/01/2020,11:12:58,11.45,11.6,3300,11.75,3300,0,95700
DLF30JAN20220CE.NFO,07/01/2020,11:13:09,11.45,11.55,6600,11.7,3300,0,95700
DLF30JAN20220CE.NFO,07/01/2020,11:13:21,11.45,11.6,3300,11.75,6600,0,95700
DLF30JAN20220CE.NFO,07/01/2020,11:13:27,11.45,11.6,3300,11.75,3300,0,95700
DLF30JAN20220CE.NFO,07/01/2020,11:13:33,11.45,11.55,3300,11.7,3300,0,95700
DLF30JAN20220CE.NFO,07/01/2020,11:13:39,11.45,11.6,3300,11.75,6600,0,95700
DLF30JAN20220CE.NFO,07/01/2020,11:13:45,11.45,11.65,3300,11.8,6600,0,95700
DLF30JAN20220CE.NFO,07/01/2020,11:14:02,11.45,11.7,3300,11.8,3300,0,95700
DLF30JAN20220CE.NFO,07/01/2020,11:14:08,11.45,11.65,6600,11.8,3300,0,95700
DLF30JAN20220CE.NFO,07/01/2020,11:14:13,11.45,11.7,6600,11.85,9900,0,95700
DLF30JAN20220CE.NFO,07/01/2020,11:14:20,11.45,11.65,6600,11.8,3300,0,95700
DLF30JAN20220CE.NFO,07/01/2020,11:14:30,11.45,11.7,3300,11.8,3300,0,95700
DLF30JAN20220CE.NFO,07/01/2020,11:14:35,11.45,11.65,6600,11.8,3300,0,95700
DLF30JAN20220CE.NFO,07/01/2020,11:14:40,11.45,11.65,3300,11.8,3300,0,95700
DLF30JAN20220CE.NFO,07/01/2020,11:14:45,11.45,11.7,3300,11.8,3300,0,95700
DLF30JAN20220CE.NFO,07/01/2020,11:15:00,11.45,11.65,3300,11.75,6600,0,95700
DLF30JAN20220CE.NFO,07/01/2020,11:15:07,11.45,11.6,3300,11.75,9900,0,95700
DLF30JAN20220CE.NFO,07/01/2020,11:15:46,11.45,11.45,3300,11.6,9900,0,95700
DLF30JAN20220CE.NFO,07/01/2020,11:15:52,11.45,11.45,3300,11.55,3300,0,95700
DLF30JAN20220CE.NFO,07/01/2020,11:16:03,11.45,11.45,3300,11.6,6600,0,95700
DLF30JAN20220CE.NFO,07/01/2020,11:16:09,11.45,11.45,3300,11.65,3300,0,95700
DLF30JAN20220CE.NFO,07/01/2020,11:16:15,11.45,11.45,6600,11.6,3300,0,95700
DLF30JAN20220CE.NFO,07/01/2020,11:16:22,11.45,11.5,6600,11.7,6600,0,95700
DLF30JAN20220CE.NFO,07/01/2020,11:16:28,11.45,11.45,6600,11.7,6600,0,95700
DLF30JAN20220CE.NFO,07/01/2020,11:16:47,11.45,11.45,3300,11.6,6600,0,95700
DLF30JAN20220CE.NFO,07/01/2020,11:16:53,11.45,11.45,3300,11.6,13200,0,95700
DLF30JAN20220CE.NFO,07/01/2020,11:17:09,11.45,11.45,3300,11.55,6600,0,95700
DLF30JAN20220CE.NFO,07/01/2020,11:17:19,11.45,11.45,6600,11.6,9900,0,95700
DLF30JAN20220CE.NFO,07/01/2020,11:17:33,11.45,11.5,6600,11.65,3300,0,95700
DLF30JAN20220CE.NFO,07/01/2020,11:17:50,11.45,11.45,6600,11.6,9900,0,95700
DLF30JAN20220CE.NFO,07/01/2020,11:18:00,11.45,11.45,6600,11.6,6600,0,95700
DLF30JAN20220CE.NFO,07/01/2020,11:18:28,11.45,11.45,3300,11.6,13200,0,95700
DLF30JAN20220CE.NFO,07/01/2020,11:18:38,11.45,11.55,3300,11.7,3300,0,95700
DLF30JAN20220CE.NFO,07/01/2020,11:18:51,11.45,11.6,3300,11.75,3300,0,95700
DLF30JAN20220CE.NFO,07/01/2020,11:18:56,11.45,11.55,6600,11.7,3300,0,95700
DLF30JAN20220CE.NFO,07/01/2020,11:19:02,11.45,11.6,3300,11.75,6600,0,95700
DLF30JAN20220CE.NFO,07/01/2020,11:19:07,11.45,11.55,6600,11.7,3300,0,95700
DLF30JAN20220CE.NFO,07/01/2020,11:19:20,11.45,11.4,6600,11.55,9900,0,95700
DLF30JAN20220CE.NFO,07/01/2020,11:19:29,11.45,11.45,6600,11.6,6600,0,95700
DLF30JAN20220CE.NFO,07/01/2020,11:19:37,11.45,11.4,6600,11.55,3300,0,95700
DLF30JAN20220CE.NFO,07/01/2020,11:19:43,11.45,11.45,3300,11.55,3300,0,95700
DLF30JAN20220CE.NFO,07/01/2020,11:19:49,11.45,11.4,6600,11.55,3300,0,95700
DLF30JAN20220CE.NFO,07/01/2020,11:19:54,11.45,11.45,6600,11.6,3300,0,95700
DLF30JAN20220CE.NFO,07/01/2020,11:20:03,11.45,11.4,6600,11.55,6600,0,95700
DLF30JAN20220CE.NFO,07/01/2020,11:20:08,11.45,11.4,6600,11.55,3300,0,95700
DLF30JAN20220CE.NFO,07/01/2020,11:20:14,11.45,11.5,6600,11.65,3300,0,95700
DLF30JAN20220CE.NFO,07/01/2020,11:20:23,11.45,11.55,6600,11.7,3300,0,95700
DLF30JAN20220CE.NFO,07/01/2020,11:20:28,11.45,11.6,3300,11.75,3300,0,95700
DLF30JAN20220CE.NFO,07/01/2020,11:20:37,11.45,11.6,6600,11.75,3300,0,95700
DLF30JAN20220CE.NFO,07/01/2020,11:21:05,11.45,11.6,6600,11.8,3300,0,95700
DLF30JAN20220CE.NFO,07/01/2020,11:21:10,11.45,11.6,6600,11.75,3300,0,95700
DLF30JAN20220CE.NFO,07/01/2020,11:21:26,11.45,11.6,6600,11.7,3300,0,95700
DLF30JAN20220CE.NFO,07/01/2020,11:21:32,11.45,11.6,6600,11.75,3300,0,95700
DLF30JAN20220CE.NFO,07/01/2020,11:22:04,11.45,11.65,3300,11.8,6600,0,95700
DLF30JAN20220CE.NFO,07/01/2020,11:22:08,11.45,11.65,6600,11.8,6600,0,95700
DLF30JAN20220CE.NFO,07/01/2020,11:22:12,11.45,11.7,6600,11.85,3300,0,95700
DLF30JAN20220CE.NFO,07/01/2020,11:22:16,11.45,11.75,6600,11.9,6600,0,95700
DLF30JAN20220CE.NFO,07/01/2020,11:22:28,11.45,11.75,9900,11.9,6600,0,95700
DLF30JAN20220CE.NFO,07/01/2020,11:22:33,11.45,11.75,9900,11.9,3300,0,95700
DLF30JAN20220CE.NFO,07/01/2020,11:22:37,11.45,11.75,9900,11.9,6600,0,95700
DLF30JAN20220CE.NFO,07/01/2020,11:22:45,11.45,11.75,6600,11.9,6600,0,95700
DLF30JAN20220CE.NFO,07/01/2020,11:22:57,11.45,11.75,6600,11.85,3300,0,95700
DLF30JAN20220CE.NFO,07/01/2020,11:23:02,11.45,11.75,3300,11.9,6600,0,95700
DLF30JAN20220CE.NFO,07/01/2020,11:23:07,11.45,11.75,9900,11.95,6600,0,95700
DLF30JAN20220CE.NFO,07/01/2020,11:23:17,11.45,11.75,6600,11.9,9900,0,95700
DLF30JAN20220CE.NFO,07/01/2020,11:23:25,11.45,11.75,6600,11.9,6600,0,95700
DLF30JAN20220CE.NFO,07/01/2020,11:23:29,11.45,11.8,9900,12,6600,0,95700
DLF30JAN20220CE.NFO,07/01/2020,11:23:33,11.45,11.8,9900,11.95,3300,0,95700
DLF30JAN20220CE.NFO,07/01/2020,11:23:38,11.45,11.85,6600,11.95,3300,0,95700
DLF30JAN20220CE.NFO,07/01/2020,11:23:42,11.45,11.85,9900,11.95,3300,0,95700
DLF30JAN20220CE.NFO,07/01/2020,11:23:56,11.95,11.95,6600,12.1,6600,3300,95700
DLF30JAN20220CE.NFO,07/01/2020,11:24:01,11.95,11.95,3300,12.05,6600,0,95700
DLF30JAN20220CE.NFO,07/01/2020,11:24:07,11.95,11.9,3300,12.05,9900,0,95700
DLF30JAN20220CE.NFO,07/01/2020,11:24:13,11.95,11.85,3300,12,6600,0,95700
DLF30JAN20220CE.NFO,07/01/2020,11:24:37,11.95,11.9,6600,12.05,6600,0,95700
DLF30JAN20220CE.NFO,07/01/2020,11:24:45,11.95,11.9,3300,12.05,6600,0,95700
DLF30JAN20220CE.NFO,07/01/2020,11:24:50,11.95,11.9,6600,12.05,6600,0,95700
DLF30JAN20220CE.NFO,07/01/2020,11:25:08,11.95,11.9,3300,12.05,6600,0,95700
DLF30JAN20220CE.NFO,07/01/2020,11:25:13,11.95,11.9,6600,12.05,6600,0,95700
DLF30JAN20220CE.NFO,07/01/2020,11:25:20,11.95,11.85,3300,12,6600,0,95700
DLF30JAN20220CE.NFO,07/01/2020,11:25:26,11.85,11.75,6600,11.95,13200,3300,95700
DLF30JAN20220CE.NFO,07/01/2020,11:25:31,11.85,11.75,6600,11.95,13200,0,95700
DLF30JAN20220CE.NFO,07/01/2020,11:25:44,11.85,11.9,3300,12.05,6600,0,95700
DLF30JAN20220CE.NFO,07/01/2020,11:25:49,11.85,11.9,3300,12,6600,0,95700
DLF30JAN20220CE.NFO,07/01/2020,11:25:53,11.85,11.85,9900,12,3300,0,95700
DLF30JAN20220CE.NFO,07/01/2020,11:26:04,11.85,11.7,3300,11.95,6600,0,95700
DLF30JAN20220CE.NFO,07/01/2020,11:26:07,11.85,11.75,3300,11.95,6600,0,95700
DLF30JAN20220CE.NFO,07/01/2020,11:26:10,11.85,11.75,9900,12,6600,0,95700
DLF30JAN20220CE.NFO,07/01/2020,11:26:13,11.85,11.85,3300,12,9900,0,95700
DLF30JAN20220CE.NFO,07/01/2020,11:26:16,11.85,11.8,6600,12,9900,0,95700
DLF30JAN20220CE.NFO,07/01/2020,11:26:20,11.85,11.85,6600,12.05,9900,0,95700
DLF30JAN20220CE.NFO,07/01/2020,11:26:34,11.85,12,6600,12.2,3300,0,95700
DLF30JAN20220CE.NFO,07/01/2020,11:26:38,11.85,11.9,3300,12.15,9900,0,95700
DLF30JAN20220CE.NFO,07/01/2020,11:26:43,11.85,11.85,6600,12.05,6600,0,95700
DLF30JAN20220CE.NFO,07/01/2020,11:26:51,11.85,11.9,3300,12.05,6600,0,95700
DLF30JAN20220CE.NFO,07/01/2020,11:27:01,11.85,11.9,3300,12.05,3300,0,95700
DLF30JAN20220CE.NFO,07/01/2020,11:27:05,11.85,11.9,3300,12.05,6600,0,95700
DLF30JAN20220CE.NFO,07/01/2020,11:27:22,11.85,11.85,6600,12,3300,0,95700
DLF30JAN20220CE.NFO,07/01/2020,11:27:26,11.85,11.85,6600,12.05,6600,0,95700
DLF30JAN20220CE.NFO,07/01/2020,11:27:30,11.85,11.9,6600,12.05,6600,0,95700
DLF30JAN20220CE.NFO,07/01/2020,11:27:33,11.85,11.85,9900,12,3300,0,95700
DLF30JAN20220CE.NFO,07/01/2020,11:27:36,11.85,11.95,3300,12.1,9900,0,95700
DLF30JAN20220CE.NFO,07/01/2020,11:27:40,11.85,11.95,3300,12.1,6600,0,95700
DLF30JAN20220CE.NFO,07/01/2020,11:27:43,11.85,11.95,6600,12.1,6600,0,95700
DLF30JAN20220CE.NFO,07/01/2020,11:27:50,11.85,12,3300,12.1,3300,0,95700
DLF30JAN20220CE.NFO,07/01/2020,11:27:58,11.85,11.95,9900,12.1,6600,0,95700
DLF30JAN20220CE.NFO,07/01/2020,11:28:03,11.85,12.05,3300,12.15,6600,0,95700
DLF30JAN20220CE.NFO,07/01/2020,11:28:06,11.85,11.95,6600,12.1,6600,0,95700
DLF30JAN20220CE.NFO,07/01/2020,11:28:08,11.85,11.95,6600,12.05,3300,0,95700
DLF30JAN20220CE.NFO,07/01/2020,11:28:13,11.85,11.95,3300,12.05,3300,0,95700
DLF30JAN20220CE.NFO,07/01/2020,11:28:23,11.85,11.95,6600,12.05,3300,0,95700
DLF30JAN20220CE.NFO,07/01/2020,11:28:35,11.85,11.9,3300,12,6600,0,95700
DLF30JAN20220CE.NFO,07/01/2020,11:28:43,11.85,11.9,6600,12,9900,0,95700
DLF30JAN20220CE.NFO,07/01/2020,11:28:51,11.85,11.8,6600,11.95,3300,0,95700
DLF30JAN20220CE.NFO,07/01/2020,11:29:07,11.85,11.75,6600,11.9,13200,0,95700
DLF30JAN20220CE.NFO,07/01/2020,11:29:12,11.85,11.8,3300,11.9,9900,0,95700
DLF30JAN20220CE.NFO,07/01/2020,11:29:22,11.85,11.8,3300,11.95,6600,0,95700
DLF30JAN20220CE.NFO,07/01/2020,11:29:29,11.85,11.85,3300,11.95,3300,0,95700
DLF30JAN20220CE.NFO,07/01/2020,11:29:39,11.85,11.85,6600,12,9900,0,95700
DLF30JAN20220CE.NFO,07/01/2020,11:29:48,11.85,11.75,6600,11.9,6600,0,95700
DLF30JAN20220CE.NFO,07/01/2020,11:29:52,11.85,11.8,6600,11.9,6600,0,95700
DLF30JAN20220CE.NFO,07/01/2020,11:29:56,11.85,11.75,6600,11.9,9900,0,95700
DLF30JAN20220CE.NFO,07/01/2020,11:29:59,11.85,11.8,9900,11.95,3300,0,95700
DLF30JAN20220CE.NFO,07/01/2020,11:30:03,11.85,11.8,13200,11.95,3300,0,95700
DLF30JAN20220CE.NFO,07/01/2020,11:30:06,11.85,11.85,3300,11.95,3300,0,95700
DLF30JAN20220CE.NFO,07/01/2020,11:30:14,11.85,11.85,3300,11.95,9900,0,95700
DLF30JAN20220CE.NFO,07/01/2020,11:30:19,11.85,11.85,3300,11.95,6600,0,95700
DLF30JAN20220CE.NFO,07/01/2020,11:30:22,11.85,11.85,6600,12,6600,0,95700
DLF30JAN20220CE.NFO,07/01/2020,11:30:30,11.85,11.9,6600,12.05,6600,0,95700
DLF30JAN20220CE.NFO,07/01/2020,11:30:32,11.85,11.9,9900,12.05,9900,0,95700
DLF30JAN20220CE.NFO,07/01/2020,11:30:36,11.85,11.95,3300,12.05,3300,0,95700
DLF30JAN20220CE.NFO,07/01/2020,11:30:46,11.85,11.95,9900,12.05,3300,0,95700
DLF30JAN20220CE.NFO,07/01/2020,11:30:54,11.85,12,3300,12.1,3300,0,95700
DLF30JAN20220CE.NFO,07/01/2020,11:31:02,11.85,12.1,3300,12.25,3300,0,95700
DLF30JAN20220CE.NFO,07/01/2020,11:31:08,11.85,11.9,6600,12.05,6600,0,95700
DLF30JAN20220CE.NFO,07/01/2020,11:31:13,11.85,11.9,9900,12.05,6600,0,95700
DLF30JAN20220CE.NFO,07/01/2020,11:31:18,11.85,11.8,6600,11.95,6600,0,95700
DLF30JAN20220CE.NFO,07/01/2020,11:31:22,11.85,11.8,6600,11.95,3300,0,95700
DLF30JAN20220CE.NFO,07/01/2020,11:31:33,11.85,11.9,3300,12.05,6600,0,95700
DLF30JAN20220CE.NFO,07/01/2020,11:31:36,11.85,11.9,6600,12.1,9900,0,95700
DLF30JAN20220CE.NFO,07/01/2020,11:31:40,11.85,12,3300,12.1,6600,0,95700
DLF30JAN20220CE.NFO,07/01/2020,11:31:43,11.85,12.05,9900,12.2,3300,0,95700
DLF30JAN20220CE.NFO,07/01/2020,11:31:47,11.85,12.1,3300,12.2,3300,0,95700
DLF30JAN20220CE.NFO,07/01/2020,11:31:53,11.85,12.15,3300,12.3,6600,0,95700
DLF30JAN20220CE.NFO,07/01/2020,11:31:58,11.85,12.2,3300,12.3,6600,0,95700
DLF30JAN20220CE.NFO,07/01/2020,11:32:04,11.85,12.2,3300,12.3,3300,0,95700
DLF30JAN20220CE.NFO,07/01/2020,11:32:10,11.85,12.15,6600,12.3,3300,0,95700
DLF30JAN20220CE.NFO,07/01/2020,11:32:14,11.85,12.1,9900,12.3,16500,0,95700
DLF30JAN20220CE.NFO,07/01/2020,11:32:23,11.85,12.15,13200,12.3,13200,0,95700
DLF30JAN20220CE.NFO,07/01/2020,11:32:26,11.85,12.2,3300,12.3,13200,0,95700
DLF30JAN20220CE.NFO,07/01/2020,11:32:30,11.85,12.15,9900,12.3,13200,0,95700
DLF30JAN20220CE.NFO,07/01/2020,11:32:39,11.85,12.1,9900,12.25,6600,0,95700
DLF30JAN20220CE.NFO,07/01/2020,11:33:13,11.85,12.15,3300,12.25,3300,0,95700
DLF30JAN20220CE.NFO,07/01/2020,11:33:21,11.85,12.25,3300,12.35,3300,0,95700
DLF30JAN20220CE.NFO,07/01/2020,11:33:32,11.85,12.25,6600,12.4,9900,0,95700
DLF30JAN20220CE.NFO,07/01/2020,11:33:37,11.85,12.25,9900,12.4,3300,0,95700
DLF30JAN20220CE.NFO,07/01/2020,11:33:41,11.85,12.3,3300,12.4,9900,0,95700
DLF30JAN20220CE.NFO,07/01/2020,11:33:48,11.85,12.25,6600,12.4,13200,0,95700
DLF30JAN20220CE.NFO,07/01/2020,11:33:51,11.85,12.3,3300,12.4,9900,0,95700
DLF30JAN20220CE.NFO,07/01/2020,11:33:56,11.85,12.3,3300,12.45,3300,0,95700
DLF30JAN20220CE.NFO,07/01/2020,11:34:02,11.85,12.35,3300,12.5,6600,0,95700
DLF30JAN20220CE.NFO,07/01/2020,11:34:07,11.85,12.35,9900,12.55,9900,0,95700
DLF30JAN20220CE.NFO,07/01/2020,11:34:14,11.85,12.35,13200,12.5,3300,0,95700
DLF30JAN20220CE.NFO,07/01/2020,11:34:20,11.85,12.35,3300,12.5,6600,0,95700
DLF30JAN20220CE.NFO,07/01/2020,11:34:32,11.85,12.4,6600,12.5,6600,0,95700
DLF30JAN20220CE.NFO,07/01/2020,11:34:39,11.85,12.3,16500,12.45,3300,0,95700
DLF30JAN20220CE.NFO,07/01/2020,11:34:44,11.85,12.3,13200,12.45,9900,0,95700
DLF30JAN20220CE.NFO,07/01/2020,11:34:50,11.85,12.25,6600,12.4,9900,0,95700
DLF30JAN20220CE.NFO,07/01/2020,11:34:55,11.85,12.2,6600,12.4,13200,0,95700
DLF30JAN20220CE.NFO,07/01/2020,11:35:00,11.85,12.25,6600,12.45,9900,0,95700
DLF30JAN20220CE.NFO,07/01/2020,11:35:07,11.85,12.3,3300,12.45,9900,0,95700
DLF30JAN20220CE.NFO,07/01/2020,11:35:12,11.85,12.35,3300,12.45,9900,0,95700
DLF30JAN20220CE.NFO,07/01/2020,11:35:17,11.85,12.3,9900,12.45,9900,0,95700
DLF30JAN20220CE.NFO,07/01/2020,11:35:23,11.85,12.4,6600,12.55,3300,0,95700
DLF30JAN20220CE.NFO,07/01/2020,11:35:28,11.85,12.45,3300,12.55,3300,0,95700
DLF30JAN20220CE.NFO,07/01/2020,11:35:33,11.85,12.45,3300,12.6,13200,0,95700
DLF30JAN20220CE.NFO,07/01/2020,11:35:38,11.85,12.4,3300,12.55,9900,0,95700
DLF30JAN20220CE.NFO,07/01/2020,11:35:53,11.85,12.4,6600,12.55,3300,0,95700
DLF30JAN20220CE.NFO,07/01/2020,11:35:58,11.85,12.45,3300,12.55,3300,0,95700
DLF30JAN20220CE.NFO,07/01/2020,11:36:03,11.85,12.35,9900,12.5,3300,0,95700
DLF30JAN20220CE.NFO,07/01/2020,11:36:12,11.85,12.35,6600,12.55,9900,0,95700
DLF30JAN20220CE.NFO,07/01/2020,11:36:17,11.85,12.35,9900,12.5,9900,0,95700
DLF30JAN20220CE.NFO,07/01/2020,11:36:21,11.85,12.35,6600,12.5,9900,0,95700
DLF30JAN20220CE.NFO,07/01/2020,11:36:31,11.85,12.25,3300,12.4,3300,0,95700
DLF30JAN20220CE.NFO,07/01/2020,11:36:35,11.85,12.3,3300,12.45,9900,0,95700
DLF30JAN20220CE.NFO,07/01/2020,11:36:40,11.85,12.3,3300,12.4,3300,0,95700
DLF30JAN20220CE.NFO,07/01/2020,11:36:51,11.85,12.15,6600,12.35,9900,0,95700
DLF30JAN20220CE.NFO,07/01/2020,11:36:58,11.85,12.15,6600,12.3,6600,0,95700
DLF30JAN20220CE.NFO,07/01/2020,11:37:40,11.85,12.15,6600,12.25,3300,0,95700
DLF30JAN20220CE.NFO,07/01/2020,11:38:35,12.35,12.45,3300,12.55,3300,16500,95700
DLF30JAN20220CE.NFO,07/01/2020,11:38:38,12.35,12.45,3300,12.55,3300,0,95700
DLF30JAN20220CE.NFO,07/01/2020,11:38:42,12.35,12.45,6600,12.6,3300,0,95700
DLF30JAN20220CE.NFO,07/01/2020,11:38:46,12.35,12.45,6600,12.6,6600,0,95700
DLF30JAN20220CE.NFO,07/01/2020,11:38:50,12.35,12.5,3300,12.6,9900,0,95700
DLF30JAN20220CE.NFO,07/01/2020,11:38:54,12.35,12.5,3300,12.6,6600,0,95700
DLF30JAN20220CE.NFO,07/01/2020,11:38:58,12.35,12.45,3300,12.55,6600,0,95700
DLF30JAN20220CE.NFO,07/01/2020,11:39:02,12.35,12.4,3300,12.55,6600,0,95700
DLF30JAN20220CE.NFO,07/01/2020,11:39:06,12.35,12.35,3300,12.5,6600,0,95700
DLF30JAN20220CE.NFO,07/01/2020,11:39:09,12.35,12.3,3300,12.5,13200,0,95700
DLF30JAN20220CE.NFO,07/01/2020,11:39:16,12.35,12.25,6600,12.4,3300,0,95700
DLF30JAN20220CE.NFO,07/01/2020,11:39:19,12.35,12.25,6600,12.45,9900,0,95700
DLF30JAN20220CE.NFO,07/01/2020,11:39:23,12.35,12.2,3300,12.4,9900,0,95700
DLF30JAN20220CE.NFO,07/01/2020,11:39:30,12.35,12.25,3300,12.35,3300,0,95700
DLF30JAN20220CE.NFO,07/01/2020,11:39:34,12.35,12.25,6600,12.4,6600,0,95700
DLF30JAN20220CE.NFO,07/01/2020,11:39:38,12.35,12.2,6600,12.35,3300,0,95700
DLF30JAN20220CE.NFO,07/01/2020,11:39:42,12.35,12.25,3300,12.4,9900,0,95700
DLF30JAN20220CE.NFO,07/01/2020,11:39:46,12.35,12.2,3300,12.35,6600,0,95700
DLF30JAN20220CE.NFO,07/01/2020,11:39:52,12.35,12.05,3300,12.2,6600,0,95700
DLF30JAN20220CE.NFO,07/01/2020,11:40:00,12.35,12.15,3300,12.3,3300,0,95700
DLF30JAN20220CE.NFO,07/01/2020,11:40:05,12.35,12.15,3300,12.3,6600,0,95700
DLF30JAN20220CE.NFO,07/01/2020,11:40:10,12.35,12.1,3300,12.25,6600,0,95700
DLF30JAN20220CE.NFO,07/01/2020,11:40:18,12.35,12.05,6600,12.2,3300,0,95700
DLF30JAN20220CE.NFO,07/01/2020,11:40:22,12.35,12.1,3300,12.25,9900,0,95700
DLF30JAN20220CE.NFO,07/01/2020,11:40:25,12.35,12.05,3300,12.2,6600,0,95700
DLF30JAN20220CE.NFO,07/01/2020,11:40:30,12.35,12.05,6600,12.2,6600,0,95700
DLF30JAN20220CE.NFO,07/01/2020,11:40:44,12.35,11.95,9900,12.1,3300,0,95700
DLF30JAN20220CE.NFO,07/01/2020,11:40:48,12.35,12.05,9900,12.2,6600,0,95700
DLF30JAN20220CE.NFO,07/01/2020,11:40:51,12.35,12.05,9900,12.25,3300,0,95700
DLF30JAN20220CE.NFO,07/01/2020,11:40:58,12.35,12.05,6600,12.2,3300,0,95700
DLF30JAN20220CE.NFO,07/01/2020,11:41:01,12.35,12.05,6600,12.2,6600,0,95700
DLF30JAN20220CE.NFO,07/01/2020,11:41:04,12.35,12.05,3300,12.15,3300,0,95700
DLF30JAN20220CE.NFO,07/01/2020,11:41:16,12.35,12.05,3300,12.2,9900,0,95700
DLF30JAN20220CE.NFO,07/01/2020,11:41:19,12.35,12.05,3300,12.15,3300,0,95700
DLF30JAN20220CE.NFO,07/01/2020,11:41:25,12.35,12,3300,12.15,9900,0,95700
DLF30JAN20220CE.NFO,07/01/2020,11:41:33,12.35,11.95,6600,12.1,9900,0,95700
DLF30JAN20220CE.NFO,07/01/2020,11:41:46,12.35,11.95,6600,12.15,9900,0,95700
DLF30JAN20220CE.NFO,07/01/2020,11:41:53,12.35,11.95,6600,12.1,6600,0,95700
DLF30JAN20220CE.NFO,07/01/2020,11:42:02,12.35,11.95,3300,12.05,9900,0,95700
DLF30JAN20220CE.NFO,07/01/2020,11:42:26,12.35,11.95,3300,12.05,6600,0,95700
DLF30JAN20220CE.NFO,07/01/2020,11:42:30,12.35,12,3300,12.15,3300,0,95700
DLF30JAN20220CE.NFO,07/01/2020,11:42:39,12.35,12,9900,12.2,6600,0,95700
DLF30JAN20220CE.NFO,07/01/2020,11:42:48,12.35,12,9900,12.15,6600,0,95700
DLF30JAN20220CE.NFO,07/01/2020,11:42:58,12.35,11.95,3300,12.1,9900,0,95700
DLF30JAN20220CE.NFO,07/01/2020,11:43:31,12.35,11.95,6600,12.05,6600,0,95700
DLF30JAN20220CE.NFO,07/01/2020,11:43:34,12.35,11.95,3300,12.05,6600,0,95700
DLF30JAN20220CE.NFO,07/01/2020,11:43:40,12.35,11.95,6600,12.1,6600,0,95700
DLF30JAN20220CE.NFO,07/01/2020,11:43:47,12.35,11.95,9900,12.1,6600,0,95700
DLF30JAN20220CE.NFO,07/01/2020,11:43:53,12.35,11.95,3300,12.05,3300,0,95700
DLF30JAN20220CE.NFO,07/01/2020,11:43:57,12.35,11.95,3300,12.1,13200,0,95700
DLF30JAN20220CE.NFO,07/01/2020,11:44:12,12.35,11.95,3300,12.05,3300,0,95700
DLF30JAN20220CE.NFO,07/01/2020,11:44:21,12.35,12,6600,12.2,13200,0,95700
DLF30JAN20220CE.NFO,07/01/2020,11:44:24,12.35,11.95,6600,12.15,9900,0,95700
DLF30JAN20220CE.NFO,07/01/2020,11:44:29,12.35,11.95,3300,12.1,9900,0,95700
DLF30JAN20220CE.NFO,07/01/2020,11:44:33,12.35,11.95,9900,12.1,9900,0,95700
DLF30JAN20220CE.NFO,07/01/2020,11:44:37,12.35,11.95,9900,12.1,6600,0,95700
DLF30JAN20220CE.NFO,07/01/2020,11:44:50,12.35,11.9,3300,12.1,9900,0,95700
DLF30JAN20220CE.NFO,07/01/2020,11:44:53,12.35,11.95,6600,12.1,9900,0,95700
DLF30JAN20220CE.NFO,07/01/2020,11:44:55,12.35,11.95,3300,12.1,9900,0,95700
DLF30JAN20220CE.NFO,07/01/2020,11:44:58,12.35,11.95,6600,12.1,9900,0,95700
DLF30JAN20220CE.NFO,07/01/2020,11:45:08,12.35,11.9,6600,12.05,6600,0,95700
DLF30JAN20220CE.NFO,07/01/2020,11:45:26,12.35,11.9,6600,12.05,3300,0,95700
DLF30JAN20220CE.NFO,07/01/2020,11:45:29,12.35,11.9,6600,12.05,9900,0,95700
DLF30JAN20220CE.NFO,07/01/2020,11:45:33,12.35,11.9,3300,12.1,9900,0,95700
DLF30JAN20220CE.NFO,07/01/2020,11:45:36,12.35,11.9,6600,12.05,3300,0,95700
DLF30JAN20220CE.NFO,07/01/2020,11:45:48,12.35,11.95,3300,12.05,3300,0,95700
DLF30JAN20220CE.NFO,07/01/2020,11:45:57,12.35,11.9,3300,12.05,9900,0,95700
DLF30JAN20220CE.NFO,07/01/2020,11:46:20,12.35,11.9,3300,12,3300,0,95700
DLF30JAN20220CE.NFO,07/01/2020,11:46:23,12.35,11.85,3300,12,3300,0,95700
DLF30JAN20220CE.NFO,07/01/2020,11:46:26,12.35,11.8,6600,12,6600,0,95700
DLF30JAN20220CE.NFO,07/01/2020,11:46:30,12.35,11.9,3300,12,6600,0,95700
DLF30JAN20220CE.NFO,07/01/2020,11:46:37,12.35,11.9,9900,12.05,6600,0,95700
DLF30JAN20220CE.NFO,07/01/2020,11:46:39,12.35,11.9,9900,12.05,3300,0,95700
DLF30JAN20220CE.NFO,07/01/2020,11:46:59,12.35,11.9,3300,12.05,6600,0,95700
DLF30JAN20220CE.NFO,07/01/2020,11:47:01,12.35,11.9,3300,12.05,9900,0,95700
DLF30JAN20220CE.NFO,07/01/2020,11:47:06,12.35,11.85,6600,12.05,9900,0,95700
DLF30JAN20220CE.NFO,07/01/2020,11:47:09,12.35,11.85,3300,12,6600,0,95700
DLF30JAN20220CE.NFO,07/01/2020,11:47:12,12.35,11.85,6600,12,6600,0,95700
DLF30JAN20220CE.NFO,07/01/2020,11:47:16,12.35,11.8,3300,11.95,3300,0,95700
DLF30JAN20220CE.NFO,07/01/2020,11:47:30,12.35,11.7,6600,11.9,6600,0,95700
DLF30JAN20220CE.NFO,07/01/2020,11:47:34,12.35,11.8,3300,11.9,3300,0,95700
DLF30JAN20220CE.NFO,07/01/2020,11:47:41,12.35,11.8,3300,11.9,6600,0,95700
DLF30JAN20220CE.NFO,07/01/2020,11:47:51,12.35,11.75,3300,11.9,6600,0,95700
DLF30JAN20220CE.NFO,07/01/2020,11:48:03,12.35,11.8,3300,11.9,6600,0,95700
DLF30JAN20220CE.NFO,07/01/2020,11:48:06,12.35,11.8,3300,11.9,9900,0,95700
DLF30JAN20220CE.NFO,07/01/2020,11:48:12,12.35,11.8,3300,11.9,6600,0,95700
DLF30JAN20220CE.NFO,07/01/2020,11:48:23,12.35,11.8,3300,11.95,6600,0,95700
DLF30JAN20220CE.NFO,07/01/2020,11:48:41,12.35,11.75,6600,11.9,6600,0,95700
DLF30JAN20220CE.NFO,07/01/2020,11:48:48,12.35,11.75,3300,11.85,3300,0,95700
DLF30JAN20220CE.NFO,07/01/2020,11:48:56,12.35,11.75,3300,11.9,9900,0,95700
DLF30JAN20220CE.NFO,07/01/2020,11:49:08,12.35,11.75,9900,11.9,9900,0,95700
DLF30JAN20220CE.NFO,07/01/2020,11:49:13,12.35,11.8,3300,11.9,3300,0,95700
DLF30JAN20220CE.NFO,07/01/2020,11:49:18,12.35,11.75,3300,11.9,6600,0,95700
DLF30JAN20220CE.NFO,07/01/2020,11:49:27,12.35,11.7,3300,11.9,9900,0,95700
DLF30JAN20220CE.NFO,07/01/2020,11:49:30,12.35,11.7,3300,11.85,3300,0,95700
DLF30JAN20220CE.NFO,07/01/2020,11:49:35,12.35,11.75,6600,11.9,6600,0,95700
DLF30JAN20220CE.NFO,07/01/2020,11:49:49,12.35,11.75,9900,11.9,6600,0,95700
DLF30JAN20220CE.NFO,07/01/2020,11:49:54,12.35,11.75,3300,11.9,9900,0,95700
DLF30JAN20220CE.NFO,07/01/2020,11:50:08,12.35,11.75,3300,11.85,3300,0,95700
DLF30JAN20220CE.NFO,07/01/2020,11:50:16,12.35,11.75,3300,11.85,9900,0,95700
DLF30JAN20220CE.NFO,07/01/2020,11:50:25,12.35,11.7,9900,11.8,3300,0,95700
DLF30JAN20220CE.NFO,07/01/2020,11:50:33,12.35,11.8,3300,11.9,3300,0,95700
DLF30JAN20220CE.NFO,07/01/2020,11:50:36,12.35,11.75,3300,11.9,6600,0,95700
DLF30JAN20220CE.NFO,07/01/2020,11:50:50,12.35,11.75,6600,11.9,6600,0,95700
DLF30JAN20220CE.NFO,07/01/2020,11:50:56,12.35,11.75,6600,11.9,9900,0,95700
DLF30JAN20220CE.NFO,07/01/2020,11:51:04,12.35,11.75,3300,11.85,6600,0,95700
DLF30JAN20220CE.NFO,07/01/2020,11:51:08,12.35,11.8,3300,11.9,3300,0,95700
DLF30JAN20220CE.NFO,07/01/2020,11:51:13,12.35,11.75,3300,11.9,16500,0,95700
DLF30JAN20220CE.NFO,07/01/2020,11:51:16,12.35,11.75,3300,11.85,3300,0,95700
DLF30JAN20220CE.NFO,07/01/2020,11:51:22,12.35,11.75,3300,11.9,9900,0,95700
DLF30JAN20220CE.NFO,07/01/2020,11:51:25,12.35,11.75,6600,11.95,6600,0,95700
DLF30JAN20220CE.NFO,07/01/2020,11:51:29,12.35,11.8,6600,11.95,3300,0,95700
DLF30JAN20220CE.NFO,07/01/2020,11:51:38,12.35,11.85,6600,12,3300,0,95700
DLF30JAN20220CE.NFO,07/01/2020,11:51:42,12.35,11.85,6600,12,6600,0,95700
DLF30JAN20220CE.NFO,07/01/2020,11:51:45,12.35,11.85,6600,12,3300,0,95700
DLF30JAN20220CE.NFO,07/01/2020,11:51:52,12.35,11.85,6600,12.05,6600,0,95700
DLF30JAN20220CE.NFO,07/01/2020,11:51:55,12.35,11.8,3300,12,13200,0,95700
DLF30JAN20220CE.NFO,07/01/2020,11:51:58,12.35,11.85,3300,12,13200,0,95700
DLF30JAN20220CE.NFO,07/01/2020,11:52:02,12.35,11.8,3300,11.95,13200,0,95700
DLF30JAN20220CE.NFO,07/01/2020,11:52:05,12.35,11.75,3300,11.95,16500,0,95700
DLF30JAN20220CE.NFO,07/01/2020,11:52:17,12.35,11.75,3300,11.85,3300,0,95700
DLF30JAN20220CE.NFO,07/01/2020,11:52:20,12.35,11.7,3300,11.85,9900,0,95700
