Ticker,Date,Time,LTP,BuyPrice,BuyQty,SellPrice,SellQty,LTQ,OpenInterest
DRREDDY30JAN203000PE.NFO,07/01/2020,12:01:46,145.5,138.5,750,151.6,2250,250,4750
DRREDDY30JAN203000PE.NFO,07/01/2020,12:01:46,145.5,138.5,750,151.6,2250,0,4750
DRREDDY30JAN203000PE.NFO,07/01/2020,12:01:46,145.5,138.5,750,151.6,2250,0,4750
DRREDDY30JAN203000PE.NFO,07/01/2020,12:01:46,145.5,138.5,750,151.6,2250,0,4750
DRREDDY30JAN203000PE.NFO,07/01/2020,12:01:53,145.5,138.5,1250,151.6,2250,0,4750
DRREDDY30JAN203000PE.NFO,07/01/2020,12:01:57,145.5,138.55,750,151.6,2250,0,4750
DRREDDY30JAN203000PE.NFO,07/01/2020,12:02:06,145.5,138.55,750,151.55,2250,0,4750
DRREDDY30JAN203000PE.NFO,07/01/2020,12:02:35,145.5,136.65,1250,151.55,4750,0,4750
DRREDDY30JAN203000PE.NFO,07/01/2020,12:02:42,145.5,136.65,1000,150.45,2250,0,4750
DRREDDY30JAN203000PE.NFO,07/01/2020,12:02:48,145.5,136.65,1000,150.45,1750,0,4750
DRREDDY30JAN203000PE.NFO,07/01/2020,12:02:53,145.5,136.8,500,151.2,2250,0,4750
DRREDDY30JAN203000PE.NFO,07/01/2020,12:02:57,145.5,137.35,750,151.2,1750,0,4750
DRREDDY30JAN203000PE.NFO,07/01/2020,12:03:04,145.5,137.4,1250,151.2,1750,0,4750
DRREDDY30JAN203000PE.NFO,07/01/2020,12:03:17,145.5,137.6,500,151.2,1750,0,4750
DRREDDY30JAN203000PE.NFO,07/01/2020,12:03:20,145.5,137.6,1000,151.2,1750,0,4750
DRREDDY30JAN203000PE.NFO,07/01/2020,12:03:24,145.5,137.65,750,151.2,1750,0,4750
DRREDDY30JAN203000PE.NFO,07/01/2020,12:03:37,145.5,137.95,750,151.2,1750,0,4750
DRREDDY30JAN203000PE.NFO,07/01/2020,12:03:41,145.5,137.9,250,151.2,1750,0,4750
DRREDDY30JAN203000PE.NFO,07/01/2020,12:03:44,145.5,138.55,750,152.35,4250,0,4750
DRREDDY30JAN203000PE.NFO,07/01/2020,12:03:47,145.5,136.8,6250,152.35,4750,0,4750
DRREDDY30JAN203000PE.NFO,07/01/2020,12:03:54,145.5,136.9,5750,152.35,4750,0,4750
DRREDDY30JAN203000PE.NFO,07/01/2020,12:03:59,145.5,137.9,1250,152.35,3750,0,4750
DRREDDY30JAN203000PE.NFO,07/01/2020,12:04:14,145.5,137.9,1750,152.35,3750,0,4750
DRREDDY30JAN203000PE.NFO,07/01/2020,12:04:18,145.5,137.9,2250,152.35,3750,0,4750
DRREDDY30JAN203000PE.NFO,07/01/2020,12:04:21,145.5,137.9,3250,152.35,2250,0,4750
DRREDDY30JAN203000PE.NFO,07/01/2020,12:04:23,145.5,138.5,1250,152.35,2250,0,4750
DRREDDY30JAN203000PE.NFO,07/01/2020,12:04:33,145.5,138.5,1250,152.35,1750,0,4750
DRREDDY30JAN203000PE.NFO,07/01/2020,12:04:52,145.5,138.5,2250,153.15,1250,0,4750
DRREDDY30JAN203000PE.NFO,07/01/2020,12:04:55,145.5,138.5,2250,153.15,1750,0,4750
DRREDDY30JAN203000PE.NFO,07/01/2020,12:05:04,145.5,138.5,2750,153.15,1750,0,4750
DRREDDY30JAN203000PE.NFO,07/01/2020,12:05:12,145.5,138.8,1750,152.55,250,0,4750
DRREDDY30JAN203000PE.NFO,07/01/2020,12:05:15,145.5,138.8,1250,152.55,3250,0,4750
DRREDDY30JAN203000PE.NFO,07/01/2020,12:05:28,145.5,138.8,1250,152.15,1750,0,4750
DRREDDY30JAN203000PE.NFO,07/01/2020,12:05:57,145.5,138.8,1750,153.15,1750,0,4750
DRREDDY30JAN203000PE.NFO,07/01/2020,12:06:00,145.5,138.8,1750,153.15,2250,0,4750
DRREDDY30JAN203000PE.NFO,07/01/2020,12:06:08,145.5,138.8,2250,153.15,2250,0,4750
DRREDDY30JAN203000PE.NFO,07/01/2020,12:06:14,145.5,138.8,1250,152.75,3250,0,4750
DRREDDY30JAN203000PE.NFO,07/01/2020,12:06:23,145.5,138.8,1750,152.75,3250,0,4750
DRREDDY30JAN203000PE.NFO,07/01/2020,12:06:28,145.5,139.45,500,152.75,3250,0,4750
DRREDDY30JAN203000PE.NFO,07/01/2020,12:06:51,145.5,139.8,750,152.75,3250,0,4750
DRREDDY30JAN203000PE.NFO,07/01/2020,12:06:56,145.5,139.8,750,152.75,1750,0,4750
DRREDDY30JAN203000PE.NFO,07/01/2020,12:07:03,145.5,139.5,750,152.35,1750,0,4750
DRREDDY30JAN203000PE.NFO,07/01/2020,12:07:12,145.5,139.6,1000,152.35,1750,0,4750
DRREDDY30JAN203000PE.NFO,07/01/2020,12:07:17,145.5,139.7,1000,152.35,1750,0,4750
DRREDDY30JAN203000PE.NFO,07/01/2020,12:07:31,145.5,139.15,1750,152.35,1750,0,4750
DRREDDY30JAN203000PE.NFO,07/01/2020,12:07:33,145.5,139.25,1250,152.35,1750,0,4750
DRREDDY30JAN203000PE.NFO,07/01/2020,12:07:34,145.5,139.35,2250,152.35,1750,0,4750
DRREDDY30JAN203000PE.NFO,07/01/2020,12:07:49,145.5,139.35,2250,152,1000,0,4750
DRREDDY30JAN203000PE.NFO,07/01/2020,12:07:52,145.5,138.9,2500,151.35,1750,0,4750
DRREDDY30JAN203000PE.NFO,07/01/2020,12:07:59,145.5,139.2,250,151.35,1750,0,4750
DRREDDY30JAN203000PE.NFO,07/01/2020,12:08:12,145.5,138.6,1250,151.3,1750,0,4750
DRREDDY30JAN203000PE.NFO,07/01/2020,12:08:17,145.5,138.6,500,151.3,1000,0,4750
DRREDDY30JAN203000PE.NFO,07/01/2020,12:08:25,145.5,136.4,5500,151.2,1750,0,4750
DRREDDY30JAN203000PE.NFO,07/01/2020,12:08:35,145.5,136.4,3000,151.2,3250,0,4750
DRREDDY30JAN203000PE.NFO,07/01/2020,12:08:46,145.5,136.4,3000,151.2,1750,0,4750
DRREDDY30JAN203000PE.NFO,07/01/2020,12:08:53,145.5,136.4,3000,151.2,2250,0,4750
DRREDDY30JAN203000PE.NFO,07/01/2020,12:08:57,145.5,136.4,4000,151.2,3250,0,4750
DRREDDY30JAN203000PE.NFO,07/01/2020,12:09:01,145.5,136.4,3000,151.2,3250,0,4750
DRREDDY30JAN203000PE.NFO,07/01/2020,12:09:04,145.5,136.4,4000,151.2,3250,0,4750
DRREDDY30JAN203000PE.NFO,07/01/2020,12:09:19,145.5,136.4,2000,151.2,4250,0,4750
DRREDDY30JAN203000PE.NFO,07/01/2020,12:09:44,145.5,136.4,2000,151.2,4750,0,4750
DRREDDY30JAN203000PE.NFO,07/01/2020,12:10:12,145.5,136.4,2000,151.2,4250,0,4750
DRREDDY30JAN203000PE.NFO,07/01/2020,12:10:15,145.5,136.4,2000,151.2,4750,0,4750
DRREDDY30JAN203000PE.NFO,07/01/2020,12:10:23,145.5,136.6,750,149.85,750,0,4750
DRREDDY30JAN203000PE.NFO,07/01/2020,12:10:25,145.5,136.6,1250,149.85,750,0,4750
DRREDDY30JAN203000PE.NFO,07/01/2020,12:10:29,145.5,136.6,1250,149.65,750,0,4750
DRREDDY30JAN203000PE.NFO,07/01/2020,12:10:38,145.5,134.6,4750,149.65,1750,0,4750
DRREDDY30JAN203000PE.NFO,07/01/2020,12:10:41,145.5,134.6,5750,149.65,1750,0,4750
DRREDDY30JAN203000PE.NFO,07/01/2020,12:11:12,145.5,134.6,5750,149.65,3250,0,4750
DRREDDY30JAN203000PE.NFO,07/01/2020,12:11:23,145.5,134.6,5750,149.65,2250,0,4750
DRREDDY30JAN203000PE.NFO,07/01/2020,12:11:27,145.5,135,750,149.65,4250,0,4750
DRREDDY30JAN203000PE.NFO,07/01/2020,12:11:36,145.5,135,750,149.65,4750,0,4750
DRREDDY30JAN203000PE.NFO,07/01/2020,12:11:38,145.5,134.95,750,149.65,4750,0,4750
DRREDDY30JAN203000PE.NFO,07/01/2020,12:11:57,145.5,134.95,750,149.65,5250,0,4750
DRREDDY30JAN203000PE.NFO,07/01/2020,12:12:05,145.5,134.95,750,149.65,4750,0,4750
DRREDDY30JAN203000PE.NFO,07/01/2020,12:12:31,145.5,134.95,750,149.65,5250,0,4750
DRREDDY30JAN203000PE.NFO,07/01/2020,12:12:34,145.5,134.95,750,149.65,4750,0,4750
DRREDDY30JAN203000PE.NFO,07/01/2020,12:12:39,145.5,134.95,750,149.65,5250,0,4750
DRREDDY30JAN203000PE.NFO,07/01/2020,12:12:44,145.5,134.95,750,149.65,4750,0,4750
DRREDDY30JAN203000PE.NFO,07/01/2020,12:12:57,145.5,135,500,146.45,500,0,4750
DRREDDY30JAN203000PE.NFO,07/01/2020,12:12:59,145.5,132.15,7750,148.15,1750,0,4750
DRREDDY30JAN203000PE.NFO,07/01/2020,12:13:03,145.5,134.1,3000,148.15,1750,0,4750
DRREDDY30JAN203000PE.NFO,07/01/2020,12:13:07,145.5,134.2,1750,148.15,1750,0,4750
DRREDDY30JAN203000PE.NFO,07/01/2020,12:13:13,145.5,134.2,1250,148.15,1750,0,4750
DRREDDY30JAN203000PE.NFO,07/01/2020,12:13:20,145.5,134.2,750,148.15,4250,0,4750
DRREDDY30JAN203000PE.NFO,07/01/2020,12:13:34,145.5,134.2,1250,148.15,4250,0,4750
DRREDDY30JAN203000PE.NFO,07/01/2020,12:14:01,145.5,134.2,1250,148.15,2750,0,4750
DRREDDY30JAN203000PE.NFO,07/01/2020,12:14:07,145.5,134.25,1250,148.15,1750,0,4750
DRREDDY30JAN203000PE.NFO,07/01/2020,12:14:12,145.5,134.25,1250,148.15,2750,0,4750
DRREDDY30JAN203000PE.NFO,07/01/2020,12:14:16,145.5,134.25,1250,148.15,1750,0,4750
DRREDDY30JAN203000PE.NFO,07/01/2020,12:14:20,145.5,134.25,1000,148.15,2750,0,4750
DRREDDY30JAN203000PE.NFO,07/01/2020,12:15:00,145.5,134.25,1000,148.15,4250,0,4750
DRREDDY30JAN203000PE.NFO,07/01/2020,12:15:07,145.5,134.25,500,148.15,4250,0,4750
DRREDDY30JAN203000PE.NFO,07/01/2020,12:15:29,145.5,134.35,250,147.15,750,0,4750
DRREDDY30JAN203000PE.NFO,07/01/2020,12:15:31,145.5,134.35,750,147.45,1750,0,4750
DRREDDY30JAN203000PE.NFO,07/01/2020,12:15:36,145.5,134.35,750,147.45,2250,0,4750
DRREDDY30JAN203000PE.NFO,07/01/2020,12:16:00,145.5,134.35,750,147.85,1750,0,4750
DRREDDY30JAN203000PE.NFO,07/01/2020,12:16:04,145.5,134.35,750,147.85,2750,0,4750
DRREDDY30JAN203000PE.NFO,07/01/2020,12:16:37,145.5,134.35,750,147.85,3250,0,4750
DRREDDY30JAN203000PE.NFO,07/01/2020,12:16:39,145.5,134.35,750,147.85,4250,0,4750
DRREDDY30JAN203000PE.NFO,07/01/2020,12:16:41,145.5,134.35,750,147.85,3250,0,4750
DRREDDY30JAN203000PE.NFO,07/01/2020,12:16:43,145.5,134.35,750,147.85,2750,0,4750
DRREDDY30JAN203000PE.NFO,07/01/2020,12:16:46,145.5,134.35,750,147.85,2250,0,4750
DRREDDY30JAN203000PE.NFO,07/01/2020,12:16:52,145.5,134.35,750,147.85,1750,0,4750
DRREDDY30JAN203000PE.NFO,07/01/2020,12:16:57,145.5,134.35,750,147.85,2250,0,4750
DRREDDY30JAN203000PE.NFO,07/01/2020,12:16:59,145.5,134.35,750,147.85,1750,0,4750
DRREDDY30JAN203000PE.NFO,07/01/2020,12:17:05,145.5,134.35,750,147.85,2250,0,4750
DRREDDY30JAN203000PE.NFO,07/01/2020,12:17:07,145.5,134.35,750,147.85,1750,0,4750
DRREDDY30JAN203000PE.NFO,07/01/2020,12:17:19,145.5,134.35,750,147.85,2750,0,4750
DRREDDY30JAN203000PE.NFO,07/01/2020,12:17:38,145.5,134.35,750,147.85,3250,0,4750
DRREDDY30JAN203000PE.NFO,07/01/2020,12:17:48,145.5,134.35,750,147.85,4250,0,4750
DRREDDY30JAN203000PE.NFO,07/01/2020,12:17:50,145.5,134.35,750,147.85,2750,0,4750
DRREDDY30JAN203000PE.NFO,07/01/2020,12:17:59,145.5,134.45,250,147.45,750,0,4750
DRREDDY30JAN203000PE.NFO,07/01/2020,12:18:01,145.5,134.45,750,147.45,750,0,4750
DRREDDY30JAN203000PE.NFO,07/01/2020,12:18:03,145.5,134.45,750,147.75,1750,0,4750
DRREDDY30JAN203000PE.NFO,07/01/2020,12:18:08,145.5,134.45,750,147.75,2750,0,4750
DRREDDY30JAN203000PE.NFO,07/01/2020,12:18:12,145.5,134.45,750,147.75,1750,0,4750
DRREDDY30JAN203000PE.NFO,07/01/2020,12:18:18,145.5,134.45,750,147.75,2250,0,4750
DRREDDY30JAN203000PE.NFO,07/01/2020,12:18:20,145.5,134.45,750,147.75,1750,0,4750
DRREDDY30JAN203000PE.NFO,07/01/2020,12:18:27,145.5,134.5,500,150.65,5250,0,4750
DRREDDY30JAN203000PE.NFO,07/01/2020,12:18:37,145.5,134.5,1000,150.65,5250,0,4750
DRREDDY30JAN203000PE.NFO,07/01/2020,12:20:12,145.5,134.6,1250,150.65,5250,0,4750
DRREDDY30JAN203000PE.NFO,07/01/2020,12:20:30,145.5,134.6,1250,148.2,750,0,4750
DRREDDY30JAN203000PE.NFO,07/01/2020,12:20:33,145.5,134.6,1250,148.6,1750,0,4750
DRREDDY30JAN203000PE.NFO,07/01/2020,12:20:52,145.5,134.6,750,148.6,1750,0,4750
DRREDDY30JAN203000PE.NFO,07/01/2020,12:21:32,145.5,134.6,750,148.6,2250,0,4750
DRREDDY30JAN203000PE.NFO,07/01/2020,12:21:37,145.5,134.95,250,149.95,4250,0,4750
DRREDDY30JAN203000PE.NFO,07/01/2020,12:21:41,145.5,134.95,750,149.95,4250,0,4750
DRREDDY30JAN203000PE.NFO,07/01/2020,12:21:48,145.5,134.95,500,149.95,4250,0,4750
DRREDDY30JAN203000PE.NFO,07/01/2020,12:22:30,145.5,135.1,750,149.95,4750,0,4750
DRREDDY30JAN203000PE.NFO,07/01/2020,12:22:48,145.5,135.15,750,149.95,4750,0,4750
DRREDDY30JAN203000PE.NFO,07/01/2020,12:22:53,145.5,135.45,1750,149.95,2750,0,4750
DRREDDY30JAN203000PE.NFO,07/01/2020,12:22:58,145.5,135.45,1750,149.95,3250,0,4750
DRREDDY30JAN203000PE.NFO,07/01/2020,12:23:03,145.5,135.5,1000,149.5,2250,0,4750
DRREDDY30JAN203000PE.NFO,07/01/2020,12:23:06,145.5,135.5,1000,149.9,2750,0,4750
DRREDDY30JAN203000PE.NFO,07/01/2020,12:23:18,145.5,135.5,1000,149.9,3250,0,4750
DRREDDY30JAN203000PE.NFO,07/01/2020,12:23:23,145.5,135.5,1000,149.9,2750,0,4750
DRREDDY30JAN203000PE.NFO,07/01/2020,12:23:27,145.5,135.65,750,149.9,2750,0,4750
DRREDDY30JAN203000PE.NFO,07/01/2020,12:23:33,145.5,135.65,1750,149.9,2750,0,4750
DRREDDY30JAN203000PE.NFO,07/01/2020,12:23:38,145.5,135.65,750,149.9,3250,0,4750
DRREDDY30JAN203000PE.NFO,07/01/2020,12:23:46,145.5,135.65,1250,149.9,3250,0,4750
DRREDDY30JAN203000PE.NFO,07/01/2020,12:23:48,145.5,135.65,750,149.9,3250,0,4750
DRREDDY30JAN203000PE.NFO,07/01/2020,12:23:57,145.5,135.65,1250,149.9,3250,0,4750
DRREDDY30JAN203000PE.NFO,07/01/2020,12:24:02,145.5,135.65,750,149.9,3250,0,4750
DRREDDY30JAN203000PE.NFO,07/01/2020,12:24:05,145.5,135.65,1750,149.9,3250,0,4750
DRREDDY30JAN203000PE.NFO,07/01/2020,12:24:17,145.5,135.65,1750,149.9,2750,0,4750
DRREDDY30JAN203000PE.NFO,07/01/2020,12:24:31,145.5,135.65,500,149.9,3250,0,4750
DRREDDY30JAN203000PE.NFO,07/01/2020,12:24:36,145.5,135.65,500,149.9,3750,0,4750
DRREDDY30JAN203000PE.NFO,07/01/2020,12:24:38,145.5,135.65,500,149.9,3250,0,4750
DRREDDY30JAN203000PE.NFO,07/01/2020,12:24:49,145.5,135.8,2750,151.75,4750,0,4750
DRREDDY30JAN203000PE.NFO,07/01/2020,12:24:55,145.5,135.9,3500,151.75,4750,0,4750
DRREDDY30JAN203000PE.NFO,07/01/2020,12:24:57,145.5,135.9,2000,151.75,4750,0,4750
DRREDDY30JAN203000PE.NFO,07/01/2020,12:25:02,145.5,135.9,3000,151.75,4750,0,4750
DRREDDY30JAN203000PE.NFO,07/01/2020,12:25:03,145.5,135.9,2500,151.75,4750,0,4750
DRREDDY30JAN203000PE.NFO,07/01/2020,12:25:07,145.5,135.9,3000,151.75,4750,0,4750
DRREDDY30JAN203000PE.NFO,07/01/2020,12:25:11,145.5,135.9,3500,151.75,4750,0,4750
DRREDDY30JAN203000PE.NFO,07/01/2020,12:25:15,145.5,136.1,2250,151.75,4750,0,4750
DRREDDY30JAN203000PE.NFO,07/01/2020,12:25:17,145.5,136.1,2750,151.75,4750,0,4750
DRREDDY30JAN203000PE.NFO,07/01/2020,12:25:24,145.5,136.55,1750,151.75,4750,0,4750
DRREDDY30JAN203000PE.NFO,07/01/2020,12:25:28,145.5,136.7,1250,151.75,4750,0,4750
DRREDDY30JAN203000PE.NFO,07/01/2020,12:25:29,145.5,136.7,1250,148.85,750,0,4750
DRREDDY30JAN203000PE.NFO,07/01/2020,12:25:31,145.5,136.7,1250,150.1,750,0,4750
DRREDDY30JAN203000PE.NFO,07/01/2020,12:25:37,145.5,136.7,1250,150.1,2250,0,4750
DRREDDY30JAN203000PE.NFO,07/01/2020,12:25:41,145.5,136.7,1250,150.4,2250,0,4750
DRREDDY30JAN203000PE.NFO,07/01/2020,12:25:45,145.5,137,1000,150.4,2250,0,4750
DRREDDY30JAN203000PE.NFO,07/01/2020,12:25:47,145.5,137.15,1000,150.4,2250,0,4750
DRREDDY30JAN203000PE.NFO,07/01/2020,12:25:50,145.5,137.15,750,150.4,2250,0,4750
DRREDDY30JAN203000PE.NFO,07/01/2020,12:26:03,145.5,137.15,500,150.4,3250,0,4750
DRREDDY30JAN203000PE.NFO,07/01/2020,12:26:06,145.5,137.15,500,150.4,2250,0,4750
DRREDDY30JAN203000PE.NFO,07/01/2020,12:26:10,145.5,137.25,250,150.4,2750,0,4750
DRREDDY30JAN203000PE.NFO,07/01/2020,12:26:13,145.5,137.25,250,150.4,2250,0,4750
DRREDDY30JAN203000PE.NFO,07/01/2020,12:26:26,145.5,137.25,750,150.4,2250,0,4750
DRREDDY30JAN203000PE.NFO,07/01/2020,12:26:44,145.5,137.25,750,150.4,2750,0,4750
DRREDDY30JAN203000PE.NFO,07/01/2020,12:26:46,145.5,137.25,750,150.4,3250,0,4750
DRREDDY30JAN203000PE.NFO,07/01/2020,12:26:48,145.5,137.25,750,150.4,2750,0,4750
DRREDDY30JAN203000PE.NFO,07/01/2020,12:27:00,145.5,137.25,750,150.4,2250,0,4750
DRREDDY30JAN203000PE.NFO,07/01/2020,12:27:15,145.5,137.25,750,150.4,2750,0,4750
DRREDDY30JAN203000PE.NFO,07/01/2020,12:27:17,145.5,137.25,750,150.4,3250,0,4750
DRREDDY30JAN203000PE.NFO,07/01/2020,12:27:20,145.5,135.45,1250,150.4,4750,0,4750
DRREDDY30JAN203000PE.NFO,07/01/2020,12:27:23,145.5,136.2,500,150.4,4750,0,4750
DRREDDY30JAN203000PE.NFO,07/01/2020,12:27:30,145.5,136.25,250,150.4,4750,0,4750
DRREDDY30JAN203000PE.NFO,07/01/2020,12:27:35,145.5,136.25,750,150.4,3750,0,4750
DRREDDY30JAN203000PE.NFO,07/01/2020,12:27:40,145.5,136.3,750,150.4,3750,0,4750
DRREDDY30JAN203000PE.NFO,07/01/2020,12:27:42,145.5,136.65,1000,150.4,2750,0,4750
DRREDDY30JAN203000PE.NFO,07/01/2020,12:27:44,145.5,136.9,1000,150.4,2250,0,4750
DRREDDY30JAN203000PE.NFO,07/01/2020,12:28:02,145.5,136.9,500,150,750,0,4750
DRREDDY30JAN203000PE.NFO,07/01/2020,12:28:14,145.5,137,750,150,750,0,4750
DRREDDY30JAN203000PE.NFO,07/01/2020,12:28:37,145.5,136.2,500,150,2750,0,4750
DRREDDY30JAN203000PE.NFO,07/01/2020,12:28:39,145.5,136.2,1000,150,2750,0,4750
DRREDDY30JAN203000PE.NFO,07/01/2020,12:28:50,145.5,136.35,750,150,2750,0,4750
DRREDDY30JAN203000PE.NFO,07/01/2020,12:29:20,145.5,136.5,500,150,2750,0,4750
DRREDDY30JAN203000PE.NFO,07/01/2020,12:29:46,145.5,136.5,1000,150,2750,0,4750
DRREDDY30JAN203000PE.NFO,07/01/2020,12:29:59,145.5,136.5,1000,150,2250,0,4750
DRREDDY30JAN203000PE.NFO,07/01/2020,12:30:04,145.5,137.55,500,153.05,5250,0,4750
DRREDDY30JAN203000PE.NFO,07/01/2020,12:30:09,145.5,137.65,750,153.05,5250,0,4750
DRREDDY30JAN203000PE.NFO,07/01/2020,12:30:20,145.5,137.35,750,153.05,5250,0,4750
DRREDDY30JAN203000PE.NFO,07/01/2020,12:30:24,145.5,136.75,750,153.05,5250,0,4750
DRREDDY30JAN203000PE.NFO,07/01/2020,12:30:28,145.5,136.8,500,153.05,5250,0,4750
DRREDDY30JAN203000PE.NFO,07/01/2020,12:30:32,145.5,136.85,750,149.75,750,0,4750
DRREDDY30JAN203000PE.NFO,07/01/2020,12:30:35,145.5,136.85,750,150.7,3250,0,4750
DRREDDY30JAN203000PE.NFO,07/01/2020,12:30:38,145.5,136.85,750,150.7,2750,0,4750
DRREDDY30JAN203000PE.NFO,07/01/2020,12:30:44,145.5,136.85,750,150.7,3250,0,4750
DRREDDY30JAN203000PE.NFO,07/01/2020,12:30:56,145.5,136.8,750,150.7,4750,0,4750
DRREDDY30JAN203000PE.NFO,07/01/2020,12:31:07,145.5,135.35,2250,150.7,4750,0,4750
DRREDDY30JAN203000PE.NFO,07/01/2020,12:31:11,145.5,135.45,2250,150.7,4750,0,4750
DRREDDY30JAN203000PE.NFO,07/01/2020,12:31:23,145.5,135.45,1750,150.7,4750,0,4750
DRREDDY30JAN203000PE.NFO,07/01/2020,12:31:26,145.5,135.45,2250,150.7,4750,0,4750
DRREDDY30JAN203000PE.NFO,07/01/2020,12:31:56,145.5,135.45,1750,150.7,4750,0,4750
DRREDDY30JAN203000PE.NFO,07/01/2020,12:32:17,145.5,135.45,2500,150.7,4750,0,4750
DRREDDY30JAN203000PE.NFO,07/01/2020,12:32:20,145.5,135.6,1750,150.7,4750,0,4750
DRREDDY30JAN203000PE.NFO,07/01/2020,12:32:23,145.5,135.6,2250,150.7,4750,0,4750
DRREDDY30JAN203000PE.NFO,07/01/2020,12:32:28,145.5,135.6,1000,150.7,4750,0,4750
DRREDDY30JAN203000PE.NFO,07/01/2020,12:32:32,145.5,135.6,2500,150.7,4750,0,4750
DRREDDY30JAN203000PE.NFO,07/01/2020,12:32:38,145.5,135.75,2000,150.7,4750,0,4750
DRREDDY30JAN203000PE.NFO,07/01/2020,12:32:52,145.5,136.1,1000,150.7,4750,0,4750
DRREDDY30JAN203000PE.NFO,07/01/2020,12:32:56,145.5,136.5,500,150.7,3750,0,4750
DRREDDY30JAN203000PE.NFO,07/01/2020,12:32:59,145.5,136.5,500,150.7,4750,0,4750
DRREDDY30JAN203000PE.NFO,07/01/2020,12:33:03,145.5,136.5,500,149.8,750,0,4750
DRREDDY30JAN203000PE.NFO,07/01/2020,12:33:08,145.5,136.6,250,149.8,750,0,4750
DRREDDY30JAN203000PE.NFO,07/01/2020,12:33:12,145.5,136.55,500,149.8,750,0,4750
DRREDDY30JAN203000PE.NFO,07/01/2020,12:33:17,145.5,136.55,500,149.8,2250,0,4750
DRREDDY30JAN203000PE.NFO,07/01/2020,12:33:39,145.5,136.6,750,150.15,1750,0,4750
DRREDDY30JAN203000PE.NFO,07/01/2020,12:33:42,145.5,136.6,500,150.15,2250,0,4750
DRREDDY30JAN203000PE.NFO,07/01/2020,12:33:47,145.5,136.65,500,150.15,2250,0,4750
DRREDDY30JAN203000PE.NFO,07/01/2020,12:33:52,145.5,136.7,250,150.15,2250,0,4750
DRREDDY30JAN203000PE.NFO,07/01/2020,12:34:06,145.5,136.65,500,150.15,2750,0,4750
DRREDDY30JAN203000PE.NFO,07/01/2020,12:34:20,145.5,136.8,500,150.15,2250,0,4750
DRREDDY30JAN203000PE.NFO,07/01/2020,12:34:34,145.5,135.35,3250,150.15,4750,0,4750
DRREDDY30JAN203000PE.NFO,07/01/2020,12:34:38,145.5,135.75,1000,150.15,4250,0,4750
DRREDDY30JAN203000PE.NFO,07/01/2020,12:34:41,145.5,135.9,1250,150.15,3750,0,4750
DRREDDY30JAN203000PE.NFO,07/01/2020,12:34:44,145.5,136.05,750,150.15,4750,0,4750
DRREDDY30JAN203000PE.NFO,07/01/2020,12:34:47,145.5,136.2,1000,150.15,3750,0,4750
DRREDDY30JAN203000PE.NFO,07/01/2020,12:34:50,145.5,136.25,750,150.15,4750,0,4750
DRREDDY30JAN203000PE.NFO,07/01/2020,12:34:53,145.5,136.3,750,150.15,4750,0,4750
DRREDDY30JAN203000PE.NFO,07/01/2020,12:34:55,145.5,136.3,500,150.15,4750,0,4750
DRREDDY30JAN203000PE.NFO,07/01/2020,12:34:58,145.5,136.45,500,150.15,2750,0,4750
DRREDDY30JAN203000PE.NFO,07/01/2020,12:35:02,145.5,136.6,500,150.15,2750,0,4750
DRREDDY30JAN203000PE.NFO,07/01/2020,12:35:05,145.5,136.6,500,150.15,3250,0,4750
DRREDDY30JAN203000PE.NFO,07/01/2020,12:35:17,145.5,136.6,500,150.15,2750,0,4750
DRREDDY30JAN203000PE.NFO,07/01/2020,12:35:21,145.5,136.6,500,150.15,2250,0,4750
DRREDDY30JAN203000PE.NFO,07/01/2020,12:35:27,145.5,136.75,250,150.05,2250,0,4750
DRREDDY30JAN203000PE.NFO,07/01/2020,12:35:29,145.5,136.9,250,150.05,2250,0,4750
DRREDDY30JAN203000PE.NFO,07/01/2020,12:35:35,145.5,137.15,750,150.05,750,0,4750
DRREDDY30JAN203000PE.NFO,07/01/2020,12:35:40,145.5,137.2,750,150.4,2250,0,4750
DRREDDY30JAN203000PE.NFO,07/01/2020,12:35:58,145.5,135.6,3750,150.4,2750,0,4750
DRREDDY30JAN203000PE.NFO,07/01/2020,12:36:00,145.5,135.6,4750,150.4,2250,0,4750
DRREDDY30JAN203000PE.NFO,07/01/2020,12:36:03,145.5,136.75,500,150.4,2250,0,4750
DRREDDY30JAN203000PE.NFO,07/01/2020,12:36:08,145.5,136.85,750,150.65,750,0,4750
DRREDDY30JAN203000PE.NFO,07/01/2020,12:36:22,145.5,136.85,1250,150.65,750,0,4750
DRREDDY30JAN203000PE.NFO,07/01/2020,12:36:25,145.5,136.85,750,153,4750,0,4750
DRREDDY30JAN203000PE.NFO,07/01/2020,12:36:28,145.5,137.45,500,153,4750,0,4750
DRREDDY30JAN203000PE.NFO,07/01/2020,12:36:35,145.5,137.45,500,153,5250,0,4750
DRREDDY30JAN203000PE.NFO,07/01/2020,12:36:43,145.5,137.45,500,153,4750,0,4750
DRREDDY30JAN203000PE.NFO,07/01/2020,12:36:49,145.5,137.55,750,153,4750,0,4750
DRREDDY30JAN203000PE.NFO,07/01/2020,12:36:58,145.5,137.55,750,153,5250,0,4750
DRREDDY30JAN203000PE.NFO,07/01/2020,12:37:33,145.5,137.75,750,153,4750,0,4750
DRREDDY30JAN203000PE.NFO,07/01/2020,12:38:14,145.5,137.75,500,151.15,1250,0,4750
DRREDDY30JAN203000PE.NFO,07/01/2020,12:38:17,145.5,137.75,500,151,750,0,4750
DRREDDY30JAN203000PE.NFO,07/01/2020,12:38:27,145.5,137.75,500,151.4,2250,0,4750
DRREDDY30JAN203000PE.NFO,07/01/2020,12:38:35,145.5,138.5,750,152.45,4750,0,4750
DRREDDY30JAN203000PE.NFO,07/01/2020,12:38:59,145.5,138.65,250,152.35,4750,0,4750
DRREDDY30JAN203000PE.NFO,07/01/2020,12:39:02,145.5,138.95,1000,152.35,4250,0,4750
DRREDDY30JAN203000PE.NFO,07/01/2020,12:39:05,145.5,138.95,1000,152.35,3750,0,4750
DRREDDY30JAN203000PE.NFO,07/01/2020,12:39:10,145.5,138.95,500,152.35,2250,0,4750
DRREDDY30JAN203000PE.NFO,07/01/2020,12:39:13,145.5,139,250,152.35,2250,0,4750
DRREDDY30JAN203000PE.NFO,07/01/2020,12:39:17,145.5,139,750,152.35,2250,0,4750
DRREDDY30JAN203000PE.NFO,07/01/2020,12:39:20,145.5,139.3,1000,153.15,3750,0,4750
DRREDDY30JAN203000PE.NFO,07/01/2020,12:39:23,145.5,139.6,250,153.15,2750,0,4750
DRREDDY30JAN203000PE.NFO,07/01/2020,12:39:26,145.5,139.25,750,153.15,2750,0,4750
DRREDDY30JAN203000PE.NFO,07/01/2020,12:39:29,145.5,139.65,750,153.15,2250,0,4750
DRREDDY30JAN203000PE.NFO,07/01/2020,12:39:35,145.5,139.65,750,153.15,3250,0,4750
DRREDDY30JAN203000PE.NFO,07/01/2020,12:39:37,145.5,139.7,750,153.15,3250,0,4750
DRREDDY30JAN203000PE.NFO,07/01/2020,12:39:48,145.5,139.7,250,153.15,3250,0,4750
DRREDDY30JAN203000PE.NFO,07/01/2020,12:39:55,145.5,139.7,250,153.15,3750,0,4750
DRREDDY30JAN203000PE.NFO,07/01/2020,12:39:57,145.5,139.7,250,153.05,3750,0,4750
DRREDDY30JAN203000PE.NFO,07/01/2020,12:40:00,145.5,136.65,6750,153.05,4750,0,4750
DRREDDY30JAN203000PE.NFO,07/01/2020,12:40:21,145.5,137.7,1250,153.05,4750,0,4750
DRREDDY30JAN203000PE.NFO,07/01/2020,12:40:25,145.5,137.8,1000,153.05,4750,0,4750
DRREDDY30JAN203000PE.NFO,07/01/2020,12:40:28,145.5,137.8,1250,153.05,4750,0,4750
DRREDDY30JAN203000PE.NFO,07/01/2020,12:40:31,145.5,137.95,1250,152.95,4750,0,4750
DRREDDY30JAN203000PE.NFO,07/01/2020,12:40:36,145.5,138.25,1000,152.65,4250,0,4750
DRREDDY30JAN203000PE.NFO,07/01/2020,12:40:43,145.5,138.25,1000,152.65,4750,0,4750
DRREDDY30JAN203000PE.NFO,07/01/2020,12:40:51,145.5,138.4,1000,152.55,3250,0,4750
DRREDDY30JAN203000PE.NFO,07/01/2020,12:40:54,145.5,138.4,1000,151.8,3250,0,4750
DRREDDY30JAN203000PE.NFO,07/01/2020,12:40:57,145.5,138.5,1000,151.5,750,0,4750
DRREDDY30JAN203000PE.NFO,07/01/2020,12:41:01,145.5,138.5,1000,151.85,2250,0,4750
DRREDDY30JAN203000PE.NFO,07/01/2020,12:42:09,145.5,138.55,250,151.85,2250,0,4750
DRREDDY30JAN203000PE.NFO,07/01/2020,12:42:13,145.5,138.6,250,151.85,2750,0,4750
DRREDDY30JAN203000PE.NFO,07/01/2020,12:42:16,145.5,138.6,250,151.85,2250,0,4750
DRREDDY30JAN203000PE.NFO,07/01/2020,12:42:19,145.5,138.6,250,151.85,2750,0,4750
DRREDDY30JAN203000PE.NFO,07/01/2020,12:42:22,145.5,138.6,250,151.85,2250,0,4750
DRREDDY30JAN203000PE.NFO,07/01/2020,12:43:09,145.5,137.1,1250,151.85,2250,0,4750
DRREDDY30JAN203000PE.NFO,07/01/2020,12:43:11,145.5,137.1,1750,151.85,2250,0,4750
DRREDDY30JAN203000PE.NFO,07/01/2020,12:43:16,145.5,137.2,1250,151.85,3250,0,4750
DRREDDY30JAN203000PE.NFO,07/01/2020,12:43:19,145.5,137.2,750,151.85,3250,0,4750
DRREDDY30JAN203000PE.NFO,07/01/2020,12:43:26,145.5,137.4,750,151.6,3500,0,4750
DRREDDY30JAN203000PE.NFO,07/01/2020,12:43:28,145.5,137.55,750,152.5,4250,0,4750
DRREDDY30JAN203000PE.NFO,07/01/2020,12:43:30,145.5,137.55,500,152.5,4750,0,4750
DRREDDY30JAN203000PE.NFO,07/01/2020,12:44:09,145.5,137.75,250,152.5,4750,0,4750
DRREDDY30JAN203000PE.NFO,07/01/2020,12:44:15,145.5,137.75,750,152.5,4750,0,4750
DRREDDY30JAN203000PE.NFO,07/01/2020,12:44:33,145.5,137.8,500,152.5,4750,0,4750
DRREDDY30JAN203000PE.NFO,07/01/2020,12:44:47,145.5,137.75,750,152.5,4750,0,4750
DRREDDY30JAN203000PE.NFO,07/01/2020,12:44:49,145.5,137.75,750,152.5,5250,0,4750
DRREDDY30JAN203000PE.NFO,07/01/2020,12:44:56,145.5,137.75,750,152.5,4750,0,4750
DRREDDY30JAN203000PE.NFO,07/01/2020,12:44:58,145.5,137.75,750,152.5,5250,0,4750
DRREDDY30JAN203000PE.NFO,07/01/2020,12:45:00,145.5,137.75,750,152.5,4750,0,4750
DRREDDY30JAN203000PE.NFO,07/01/2020,12:45:06,145.5,135.55,4500,152.5,4750,0,4750
DRREDDY30JAN203000PE.NFO,07/01/2020,12:45:08,145.5,135.65,6000,152.5,4750,0,4750
DRREDDY30JAN203000PE.NFO,07/01/2020,12:45:34,145.5,136.8,3250,152.5,4750,0,4750
DRREDDY30JAN203000PE.NFO,07/01/2020,12:45:38,145.5,136.85,2500,152.5,4750,0,4750
DRREDDY30JAN203000PE.NFO,07/01/2020,12:45:51,145.5,136.9,750,152.5,4750,0,4750
DRREDDY30JAN203000PE.NFO,07/01/2020,12:46:02,145.5,136.9,750,150.9,2750,0,4750
DRREDDY30JAN203000PE.NFO,07/01/2020,12:46:07,145.5,136.9,750,151.7,4750,0,4750
DRREDDY30JAN203000PE.NFO,07/01/2020,12:46:25,145.5,137.1,750,151.7,4750,0,4750
DRREDDY30JAN203000PE.NFO,07/01/2020,12:46:48,145.5,137.1,750,151.7,3750,0,4750
DRREDDY30JAN203000PE.NFO,07/01/2020,12:47:00,145.5,137.1,750,151.7,4250,0,4750
DRREDDY30JAN203000PE.NFO,07/01/2020,12:47:04,145.5,137.1,750,151.7,4750,0,4750
DRREDDY30JAN203000PE.NFO,07/01/2020,12:47:11,145.5,137.1,750,151.7,3750,0,4750
DRREDDY30JAN203000PE.NFO,07/01/2020,12:47:24,145.5,137.55,250,151.7,3750,0,4750
DRREDDY30JAN203000PE.NFO,07/01/2020,12:47:29,145.5,137.55,750,151.7,3750,0,4750
DRREDDY30JAN203000PE.NFO,07/01/2020,12:47:37,145.5,137.6,500,151.7,3250,0,4750
DRREDDY30JAN203000PE.NFO,07/01/2020,12:47:48,145.5,137.6,1000,153.15,4750,0,4750
DRREDDY30JAN203000PE.NFO,07/01/2020,12:47:51,145.5,137.65,250,153.15,4750,0,4750
DRREDDY30JAN203000PE.NFO,07/01/2020,12:47:59,145.5,137.65,750,153.15,4750,0,4750
DRREDDY30JAN203000PE.NFO,07/01/2020,12:48:04,145.5,137.65,750,153.15,5250,0,4750
DRREDDY30JAN203000PE.NFO,07/01/2020,12:48:32,145.5,137.7,250,151.05,750,0,4750
DRREDDY30JAN203000PE.NFO,07/01/2020,12:48:39,145.5,137.7,750,151.05,2750,0,4750
DRREDDY30JAN203000PE.NFO,07/01/2020,12:48:50,145.5,137.7,750,151.45,3250,0,4750
DRREDDY30JAN203000PE.NFO,07/01/2020,12:48:54,145.5,137.7,750,151.45,2750,0,4750
DRREDDY30JAN203000PE.NFO,07/01/2020,12:49:00,145.5,137.7,750,152.9,4750,0,4750
DRREDDY30JAN203000PE.NFO,07/01/2020,12:49:04,145.5,137.75,1250,152.9,4750,0,4750
DRREDDY30JAN203000PE.NFO,07/01/2020,12:49:40,145.5,137.75,1250,152.9,4250,0,4750
DRREDDY30JAN203000PE.NFO,07/01/2020,12:49:47,145.5,137.75,750,152.9,4250,0,4750
DRREDDY30JAN203000PE.NFO,07/01/2020,12:49:49,145.5,137.75,750,152.9,4750,0,4750
DRREDDY30JAN203000PE.NFO,07/01/2020,12:50:01,145.5,137.75,500,152.9,4750,0,4750
DRREDDY30JAN203000PE.NFO,07/01/2020,12:50:30,145.5,137.9,750,152.9,4750,0,4750
DRREDDY30JAN203000PE.NFO,07/01/2020,12:51:02,145.5,138.45,500,151.85,750,0,4750
DRREDDY30JAN203000PE.NFO,07/01/2020,12:51:17,145.5,136.75,1000,151.85,4750,0,4750
DRREDDY30JAN203000PE.NFO,07/01/2020,12:51:42,145.5,136.75,500,151.85,4750,0,4750
DRREDDY30JAN203000PE.NFO,07/01/2020,12:51:48,145.5,136.75,1000,151.85,4750,0,4750
DRREDDY30JAN203000PE.NFO,07/01/2020,12:51:57,145.5,136.75,500,151.85,4750,0,4750
DRREDDY30JAN203000PE.NFO,07/01/2020,12:52:28,145.5,136.75,1000,151.85,4750,0,4750
DRREDDY30JAN203000PE.NFO,07/01/2020,12:52:31,145.5,136.8,2750,151.85,3750,0,4750
DRREDDY30JAN203000PE.NFO,07/01/2020,12:52:33,145.5,136.8,1750,151.85,4250,0,4750
DRREDDY30JAN203000PE.NFO,07/01/2020,12:52:39,145.5,136.8,1750,151.85,3750,0,4750
DRREDDY30JAN203000PE.NFO,07/01/2020,12:52:43,145.5,136.8,1750,151.85,4250,0,4750
DRREDDY30JAN203000PE.NFO,07/01/2020,12:52:45,145.5,136.8,2750,151.85,4250,0,4750
DRREDDY30JAN203000PE.NFO,07/01/2020,12:52:52,145.5,136.8,2750,151.85,3750,0,4750
DRREDDY30JAN203000PE.NFO,07/01/2020,12:52:54,145.5,136.8,2750,151.85,4750,0,4750
DRREDDY30JAN203000PE.NFO,07/01/2020,12:52:59,145.5,136.8,2750,151.85,3750,0,4750
DRREDDY30JAN203000PE.NFO,07/01/2020,12:53:01,145.5,136.8,2750,151.85,4250,0,4750
DRREDDY30JAN203000PE.NFO,07/01/2020,12:53:04,145.5,136.8,2750,151.85,3750,0,4750
DRREDDY30JAN203000PE.NFO,07/01/2020,12:53:10,145.5,136.8,2750,151.85,4250,0,4750
DRREDDY30JAN203000PE.NFO,07/01/2020,12:53:13,145.5,136.8,2750,151.85,4750,0,4750
DRREDDY30JAN203000PE.NFO,07/01/2020,12:53:16,145.5,136.8,2750,151.85,4250,0,4750
DRREDDY30JAN203000PE.NFO,07/01/2020,12:53:21,145.5,136.8,2750,151.85,4750,0,4750
DRREDDY30JAN203000PE.NFO,07/01/2020,12:53:25,145.5,136.8,2750,151.85,3750,0,4750
DRREDDY30JAN203000PE.NFO,07/01/2020,12:53:29,145.5,136.8,2750,151.85,4250,0,4750
DRREDDY30JAN203000PE.NFO,07/01/2020,12:53:32,145.5,136.8,2750,151.85,4750,0,4750
DRREDDY30JAN203000PE.NFO,07/01/2020,12:53:36,145.5,136.8,500,151.85,4750,0,4750
DRREDDY30JAN203000PE.NFO,07/01/2020,12:53:48,145.5,136.8,1000,151.85,4750,0,4750
DRREDDY30JAN203000PE.NFO,07/01/2020,12:53:56,145.5,136.8,500,151.85,4750,0,4750
DRREDDY30JAN203000PE.NFO,07/01/2020,12:54:16,145.5,136.8,1000,151.85,4750,0,4750
DRREDDY30JAN203000PE.NFO,07/01/2020,12:54:18,145.5,136.8,1500,151.85,4750,0,4750
DRREDDY30JAN203000PE.NFO,07/01/2020,12:54:23,145.5,136.8,500,151.85,4750,0,4750
DRREDDY30JAN203000PE.NFO,07/01/2020,12:56:16,145.5,136.8,500,151.05,2750,0,4750
DRREDDY30JAN203000PE.NFO,07/01/2020,12:56:18,145.5,136.8,500,150.75,750,0,4750
DRREDDY30JAN203000PE.NFO,07/01/2020,12:56:21,145.5,136.8,500,150.25,750,0,4750
DRREDDY30JAN203000PE.NFO,07/01/2020,12:56:25,145.5,136.95,1750,151.4,1500,0,4750
DRREDDY30JAN203000PE.NFO,07/01/2020,12:56:29,145.5,136.95,1500,153.35,5250,0,4750
DRREDDY30JAN203000PE.NFO,07/01/2020,12:56:38,145.5,137.15,1000,153.35,4750,0,4750
DRREDDY30JAN203000PE.NFO,07/01/2020,12:56:41,145.5,137.15,1500,153.35,4750,0,4750
DRREDDY30JAN203000PE.NFO,07/01/2020,12:56:48,145.5,137.9,500,153.15,4750,0,4750
DRREDDY30JAN203000PE.NFO,07/01/2020,12:57:25,145.5,137.95,750,153.15,4750,0,4750
DRREDDY30JAN203000PE.NFO,07/01/2020,12:57:42,145.5,138,1000,153.15,4750,0,4750
DRREDDY30JAN203000PE.NFO,07/01/2020,12:58:07,145.5,138.1,750,153.15,4750,0,4750
DRREDDY30JAN203000PE.NFO,07/01/2020,12:58:13,145.5,138.15,750,153.15,4750,0,4750
DRREDDY30JAN203000PE.NFO,07/01/2020,12:59:01,145.5,138.15,750,152.3,1250,0,4750
DRREDDY30JAN203000PE.NFO,07/01/2020,12:59:05,145.5,138.15,750,152.05,2750,0,4750
DRREDDY30JAN203000PE.NFO,07/01/2020,12:59:22,145.5,138.15,500,152.05,3750,0,4750
DRREDDY30JAN203000PE.NFO,07/01/2020,12:59:25,145.5,138.15,500,152.05,4250,0,4750
DRREDDY30JAN203000PE.NFO,07/01/2020,12:59:28,145.5,138.15,500,152.05,3750,0,4750
DRREDDY30JAN203000PE.NFO,07/01/2020,12:59:31,145.5,138.15,500,152.05,4250,0,4750
DRREDDY30JAN203000PE.NFO,07/01/2020,12:59:34,145.5,138.15,500,152.05,3750,0,4750
DRREDDY30JAN203000PE.NFO,07/01/2020,12:59:36,145.5,138.15,500,152.05,2750,0,4750
DRREDDY30JAN203000PE.NFO,07/01/2020,13:00:09,145.5,138.15,500,152.55,3750,0,4750
DRREDDY30JAN203000PE.NFO,07/01/2020,13:00:17,145.5,138.5,1250,155,5250,0,4750
DRREDDY30JAN203000PE.NFO,07/01/2020,13:00:25,145.5,138.7,1250,155,4750,0,4750
DRREDDY30JAN203000PE.NFO,07/01/2020,13:00:45,145.5,138.7,1250,155,5250,0,4750
DRREDDY30JAN203000PE.NFO,07/01/2020,13:00:50,145.5,138.8,750,154.2,4750,0,4750
DRREDDY30JAN203000PE.NFO,07/01/2020,13:01:05,145.5,138.85,500,154.2,4750,0,4750
DRREDDY30JAN203000PE.NFO,07/01/2020,13:01:12,145.5,139.3,1000,154.2,4750,0,4750
DRREDDY30JAN203000PE.NFO,07/01/2020,13:01:17,145.5,139.35,500,154.2,4750,0,4750
DRREDDY30JAN203000PE.NFO,07/01/2020,13:01:34,145.5,139.4,1250,153.25,1250,0,4750
DRREDDY30JAN203000PE.NFO,07/01/2020,13:02:01,145.5,139.4,500,153.25,3750,0,4750
DRREDDY30JAN203000PE.NFO,07/01/2020,13:02:12,145.5,139.4,500,153.25,2750,0,4750
DRREDDY30JAN203000PE.NFO,07/01/2020,13:02:39,145.5,139.4,500,153.25,4250,0,4750
DRREDDY30JAN203000PE.NFO,07/01/2020,13:02:42,145.5,139.4,500,153.25,2750,0,4750
DRREDDY30JAN203000PE.NFO,07/01/2020,13:02:53,145.5,139.4,500,153.25,3750,0,4750
DRREDDY30JAN203000PE.NFO,07/01/2020,13:03:07,145.5,136.55,5500,153.25,4750,0,4750
DRREDDY30JAN203000PE.NFO,07/01/2020,13:03:46,145.5,138.45,1250,152.9,4750,0,4750
DRREDDY30JAN203000PE.NFO,07/01/2020,13:04:04,145.5,138.45,1250,152.2,1000,0,4750
DRREDDY30JAN203000PE.NFO,07/01/2020,13:04:12,145.5,138.45,1250,152.2,750,0,4750
DRREDDY30JAN203000PE.NFO,07/01/2020,13:04:14,145.5,138.45,1250,152.5,2750,0,4750
DRREDDY30JAN203000PE.NFO,07/01/2020,13:04:17,145.5,138.85,1250,155.55,5250,0,4750
DRREDDY30JAN203000PE.NFO,07/01/2020,13:04:19,145.5,138.85,1500,155.55,5250,0,4750
DRREDDY30JAN203000PE.NFO,07/01/2020,13:04:23,145.5,138.85,2000,155.55,5250,0,4750
DRREDDY30JAN203000PE.NFO,07/01/2020,13:04:29,145.5,138.9,1750,155.55,5250,0,4750
DRREDDY30JAN203000PE.NFO,07/01/2020,13:04:31,145.5,138.95,1000,155.55,5250,0,4750
DRREDDY30JAN203000PE.NFO,07/01/2020,13:04:34,145.5,139,1000,155.55,5250,0,4750
DRREDDY30JAN203000PE.NFO,07/01/2020,13:04:45,145.5,139.05,1250,155.55,5250,0,4750
DRREDDY30JAN203000PE.NFO,07/01/2020,13:05:03,145.5,139.55,1000,155.55,5250,0,4750
DRREDDY30JAN203000PE.NFO,07/01/2020,13:05:11,145.5,139.85,1000,155.55,4750,0,4750
DRREDDY30JAN203000PE.NFO,07/01/2020,13:05:18,145.5,139.95,250,155.55,5250,0,4750
DRREDDY30JAN203000PE.NFO,07/01/2020,13:05:29,145.5,140.3,750,155.55,5250,0,4750
DRREDDY30JAN203000PE.NFO,07/01/2020,13:05:34,145.5,140.85,750,155.55,5250,0,4750
DRREDDY30JAN203000PE.NFO,07/01/2020,13:05:55,145.5,140.85,750,155.55,4750,0,4750
DRREDDY30JAN203000PE.NFO,07/01/2020,13:06:06,145.5,141.2,250,155.55,4750,0,4750
DRREDDY30JAN203000PE.NFO,07/01/2020,13:06:35,145.5,141.2,750,155.55,4750,0,4750
DRREDDY30JAN203000PE.NFO,07/01/2020,13:06:40,145.5,139.95,2250,155.55,4750,0,4750
DRREDDY30JAN203000PE.NFO,07/01/2020,13:06:44,145.5,139.95,2250,154.15,4250,0,4750
DRREDDY30JAN203000PE.NFO,07/01/2020,13:06:49,145.5,139.95,2250,154.15,3750,0,4750
DRREDDY30JAN203000PE.NFO,07/01/2020,13:06:54,145.5,140.7,500,154.1,2750,0,4750
DRREDDY30JAN203000PE.NFO,07/01/2020,13:06:59,145.5,140.7,1000,155.45,4750,0,4750
DRREDDY30JAN203000PE.NFO,07/01/2020,13:07:04,145.5,140.75,750,155.45,4750,0,4750
DRREDDY30JAN203000PE.NFO,07/01/2020,13:08:02,145.5,140.8,5250,157.4,4750,0,4750
DRREDDY30JAN203000PE.NFO,07/01/2020,13:08:08,145.5,140.8,3250,157.4,4750,0,4750
DRREDDY30JAN203000PE.NFO,07/01/2020,13:08:19,145.5,140.8,1000,157.4,5250,0,4750
DRREDDY30JAN203000PE.NFO,07/01/2020,13:08:34,145.5,140.8,500,157.4,5250,0,4750
DRREDDY30JAN203000PE.NFO,07/01/2020,13:08:41,145.5,140.8,1000,157.4,5250,0,4750
DRREDDY30JAN203000PE.NFO,07/01/2020,13:08:53,145.5,140.8,500,157.4,5250,0,4750
DRREDDY30JAN203000PE.NFO,07/01/2020,13:09:16,145.5,140.8,500,155.3,3750,0,4750
DRREDDY30JAN203000PE.NFO,07/01/2020,13:09:22,145.5,140.8,500,155.3,4250,0,4750
DRREDDY30JAN203000PE.NFO,07/01/2020,13:09:29,145.5,140.8,1000,155.3,1250,0,4750
DRREDDY30JAN203000PE.NFO,07/01/2020,13:09:35,145.5,140.85,2500,157.1,4750,0,4750
DRREDDY30JAN203000PE.NFO,07/01/2020,13:09:41,145.5,141.05,1000,157.1,4750,0,4750
DRREDDY30JAN203000PE.NFO,07/01/2020,13:09:46,145.5,141.15,1500,157.1,4750,0,4750
DRREDDY30JAN203000PE.NFO,07/01/2020,13:09:52,145.5,141.2,1000,157.1,5250,0,4750
DRREDDY30JAN203000PE.NFO,07/01/2020,13:09:59,145.5,141.4,1250,157.1,4750,0,4750
DRREDDY30JAN203000PE.NFO,07/01/2020,13:10:04,145.5,141.4,1000,157.1,4750,0,4750
DRREDDY30JAN203000PE.NFO,07/01/2020,13:10:10,145.5,141.4,1000,157.1,5250,0,4750
DRREDDY30JAN203000PE.NFO,07/01/2020,13:11:18,145.5,139.8,500,157.1,5250,0,4750
DRREDDY30JAN203000PE.NFO,07/01/2020,13:11:27,145.5,139.9,1000,157.1,5250,0,4750
DRREDDY30JAN203000PE.NFO,07/01/2020,13:11:32,145.5,138.6,2750,157.1,5250,0,4750
DRREDDY30JAN203000PE.NFO,07/01/2020,13:11:36,145.5,138.9,500,157.1,5250,0,4750
DRREDDY30JAN203000PE.NFO,07/01/2020,13:11:41,145.5,139.05,5750,157.1,5250,0,4750
DRREDDY30JAN203000PE.NFO,07/01/2020,13:11:45,145.5,139.15,2250,157,6750,0,4750
DRREDDY30JAN203000PE.NFO,07/01/2020,13:11:50,145.5,139.15,2250,153.75,2750,0,4750
DRREDDY30JAN203000PE.NFO,07/01/2020,13:11:54,145.5,139.15,2250,153.75,4250,0,4750
DRREDDY30JAN203000PE.NFO,07/01/2020,13:11:58,145.5,139.3,250,153.75,4250,0,4750
DRREDDY30JAN203000PE.NFO,07/01/2020,13:12:04,145.5,139.4,750,153.75,4750,0,4750
DRREDDY30JAN203000PE.NFO,07/01/2020,13:12:10,145.5,139.4,500,153.75,4750,0,4750
DRREDDY30JAN203000PE.NFO,07/01/2020,13:13:44,145.5,139.4,500,153.75,3750,0,4750
DRREDDY30JAN203000PE.NFO,07/01/2020,13:13:48,145.5,139.4,500,153.75,4250,0,4750
DRREDDY30JAN203000PE.NFO,07/01/2020,13:13:53,145.5,139.4,500,153.75,3750,0,4750
DRREDDY30JAN203000PE.NFO,07/01/2020,13:13:59,145.5,139.4,500,153.75,4250,0,4750
DRREDDY30JAN203000PE.NFO,07/01/2020,13:14:04,145.5,139.5,1000,153.75,2750,0,4750
DRREDDY30JAN203000PE.NFO,07/01/2020,13:14:14,145.5,139.75,1250,155.2,4250,0,4750
DRREDDY30JAN203000PE.NFO,07/01/2020,13:14:18,145.5,139.85,1250,155.2,4250,0,4750
DRREDDY30JAN203000PE.NFO,07/01/2020,13:14:21,145.5,140,750,153.85,2750,0,4750
DRREDDY30JAN203000PE.NFO,07/01/2020,13:14:25,145.5,140,750,154.35,4250,0,4750
DRREDDY30JAN203000PE.NFO,07/01/2020,13:14:43,145.5,140,500,154.35,4250,0,4750
DRREDDY30JAN203000PE.NFO,07/01/2020,13:14:49,145.5,140.05,1000,154.35,4250,0,4750
DRREDDY30JAN203000PE.NFO,07/01/2020,13:14:52,145.5,140.25,1000,154.35,2750,0,4750
DRREDDY30JAN203000PE.NFO,07/01/2020,13:14:56,145.5,140.35,750,154.35,2750,0,4750
DRREDDY30JAN203000PE.NFO,07/01/2020,13:15:00,145.5,140.65,750,154.35,2750,0,4750
DRREDDY30JAN203000PE.NFO,07/01/2020,13:15:06,145.5,140.8,750,157.05,5250,0,4750
DRREDDY30JAN203000PE.NFO,07/01/2020,13:15:13,145.5,140.8,500,157.05,5250,0,4750
DRREDDY30JAN203000PE.NFO,07/01/2020,13:15:21,145.5,138.8,5250,157.05,5250,0,4750
DRREDDY30JAN203000PE.NFO,07/01/2020,13:15:57,145.5,138.8,3250,157.05,5250,0,4750
DRREDDY30JAN203000PE.NFO,07/01/2020,13:16:25,145.5,138.8,1500,157.05,5250,0,4750
DRREDDY30JAN203000PE.NFO,07/01/2020,13:16:34,145.5,138.8,500,155.4,750,0,4750
DRREDDY30JAN203000PE.NFO,07/01/2020,13:16:38,145.5,138.8,1000,154.15,4750,0,4750
DRREDDY30JAN203000PE.NFO,07/01/2020,13:16:43,145.5,138.8,500,154.15,4750,0,4750
DRREDDY30JAN203000PE.NFO,07/01/2020,13:16:54,145.5,138.8,500,153,3250,0,4750
DRREDDY30JAN203000PE.NFO,07/01/2020,13:16:58,145.5,138.8,500,153,3750,0,4750
DRREDDY30JAN203000PE.NFO,07/01/2020,13:17:07,145.5,138.8,500,153,4250,0,4750
DRREDDY30JAN203000PE.NFO,07/01/2020,13:17:13,145.5,138.8,500,153,4750,0,4750
DRREDDY30JAN203000PE.NFO,07/01/2020,13:17:20,145.5,138.8,1000,156.2,5250,0,4750
DRREDDY30JAN203000PE.NFO,07/01/2020,13:17:24,145.5,138.8,4500,156.2,5250,0,4750
DRREDDY30JAN203000PE.NFO,07/01/2020,13:17:31,145.5,138.85,4500,156.2,5250,0,4750
DRREDDY30JAN203000PE.NFO,07/01/2020,13:17:37,145.5,139,4500,156.2,4750,0,4750
DRREDDY30JAN203000PE.NFO,07/01/2020,13:17:42,145.5,139.05,5250,156.2,4750,0,4750
DRREDDY30JAN203000PE.NFO,07/01/2020,13:17:48,145.5,139.85,2750,156.2,4750,0,4750
DRREDDY30JAN203000PE.NFO,07/01/2020,13:17:54,145.5,140.65,1000,156.2,4750,0,4750
DRREDDY30JAN203000PE.NFO,07/01/2020,13:17:58,145.5,140.65,1500,156.2,4750,0,4750
DRREDDY30JAN203000PE.NFO,07/01/2020,13:18:03,145.5,140.7,1750,156.2,4750,0,4750
DRREDDY30JAN203000PE.NFO,07/01/2020,13:18:12,145.5,141,1500,156.2,4750,0,4750
DRREDDY30JAN203000PE.NFO,07/01/2020,13:18:17,145.5,141.1,500,156.2,5250,0,4750
DRREDDY30JAN203000PE.NFO,07/01/2020,13:18:33,145.5,139.35,2750,156.2,5250,0,4750
DRREDDY30JAN203000PE.NFO,07/01/2020,13:18:43,145.5,139.65,2000,156.2,5250,0,4750
DRREDDY30JAN203000PE.NFO,07/01/2020,13:18:48,145.5,139.65,500,156.2,5250,0,4750
DRREDDY30JAN203000PE.NFO,07/01/2020,13:19:10,145.5,139.65,1000,156.2,5250,0,4750
DRREDDY30JAN203000PE.NFO,07/01/2020,13:19:24,145.5,139.65,1000,154.4,5000,0,4750
DRREDDY30JAN203000PE.NFO,07/01/2020,13:19:28,145.5,139.65,1000,154.4,4000,0,4750
DRREDDY30JAN203000PE.NFO,07/01/2020,13:19:40,145.5,139.65,1000,154.35,4250,0,4750
DRREDDY30JAN203000PE.NFO,07/01/2020,13:19:51,145.5,139.65,1000,154.35,3750,0,4750
DRREDDY30JAN203000PE.NFO,07/01/2020,13:19:55,145.5,139.65,1000,154.35,2750,0,4750
DRREDDY30JAN203000PE.NFO,07/01/2020,13:19:59,145.5,139.65,500,154.35,4750,0,4750
DRREDDY30JAN203000PE.NFO,07/01/2020,13:20:29,145.5,139.65,500,154.35,4250,0,4750
DRREDDY30JAN203000PE.NFO,07/01/2020,13:20:40,145.5,139.65,1000,154.35,4250,0,4750
DRREDDY30JAN203000PE.NFO,07/01/2020,13:20:48,145.5,139.65,500,154.35,4250,0,4750
DRREDDY30JAN203000PE.NFO,07/01/2020,13:20:54,145.5,139.65,500,154.35,4750,0,4750
DRREDDY30JAN203000PE.NFO,07/01/2020,13:21:18,145.5,139.65,500,154.35,3750,0,4750
DRREDDY30JAN203000PE.NFO,07/01/2020,13:21:25,145.5,139.65,500,154.35,4750,0,4750
DRREDDY30JAN203000PE.NFO,07/01/2020,13:21:30,145.5,139.65,500,154.35,4250,0,4750
DRREDDY30JAN203000PE.NFO,07/01/2020,13:21:38,145.5,137.4,6000,154.05,4750,0,4750
DRREDDY30JAN203000PE.NFO,07/01/2020,13:21:42,145.5,137.5,6000,154.05,4750,0,4750
DRREDDY30JAN203000PE.NFO,07/01/2020,13:21:50,145.5,137.65,4250,154.05,4750,0,4750
DRREDDY30JAN203000PE.NFO,07/01/2020,13:21:54,145.5,137.7,5500,154.05,4750,0,4750
DRREDDY30JAN203000PE.NFO,07/01/2020,13:21:57,145.5,137.75,5750,154.05,4750,0,4750
DRREDDY30JAN203000PE.NFO,07/01/2020,13:22:01,145.5,137.95,5250,154.05,4750,0,4750
DRREDDY30JAN203000PE.NFO,07/01/2020,13:22:06,145.5,138,2500,154.05,4750,0,4750
DRREDDY30JAN203000PE.NFO,07/01/2020,13:22:10,145.5,138.1,5000,154,4250,0,4750
DRREDDY30JAN203000PE.NFO,07/01/2020,13:22:19,145.5,138.1,4500,154,4250,0,4750
DRREDDY30JAN203000PE.NFO,07/01/2020,13:22:24,145.5,138.2,1500,153.7,4250,0,4750
DRREDDY30JAN203000PE.NFO,07/01/2020,13:22:28,145.5,138.55,1750,153.7,4250,0,4750
DRREDDY30JAN203000PE.NFO,07/01/2020,13:22:33,145.5,138.7,500,153.3,4250,0,4750
DRREDDY30JAN203000PE.NFO,07/01/2020,13:22:38,145.5,138.7,500,152.2,750,0,4750
DRREDDY30JAN203000PE.NFO,07/01/2020,13:22:43,145.5,138.7,500,152.5,2250,0,4750
DRREDDY30JAN203000PE.NFO,07/01/2020,13:22:48,145.5,138.7,500,152.3,250,0,4750
DRREDDY30JAN203000PE.NFO,07/01/2020,13:22:53,145.5,138.7,500,152.6,2750,0,4750
DRREDDY30JAN203000PE.NFO,07/01/2020,13:22:58,145.5,138.7,500,155,4750,0,4750
DRREDDY30JAN203000PE.NFO,07/01/2020,13:23:10,145.5,138.7,1000,155,5250,0,4750
DRREDDY30JAN203000PE.NFO,07/01/2020,13:23:15,145.5,138.85,1000,155,5250,0,4750
DRREDDY30JAN203000PE.NFO,07/01/2020,13:23:25,145.5,138.9,1000,155,5250,0,4750
DRREDDY30JAN203000PE.NFO,07/01/2020,13:23:48,145.5,138.95,500,155,5250,0,4750
DRREDDY30JAN203000PE.NFO,07/01/2020,13:24:08,145.5,139.1,500,155,4750,0,4750
DRREDDY30JAN203000PE.NFO,07/01/2020,13:24:13,145.5,139.1,500,155,5250,0,4750
DRREDDY30JAN203000PE.NFO,07/01/2020,13:24:28,145.5,139.1,500,155,4750,0,4750
DRREDDY30JAN203000PE.NFO,07/01/2020,13:24:32,145.5,136.5,5750,154.55,5500,0,4750
DRREDDY30JAN203000PE.NFO,07/01/2020,13:24:36,145.5,136.55,5500,154.55,5500,0,4750
DRREDDY30JAN203000PE.NFO,07/01/2020,13:24:43,145.5,137.1,1500,151.2,750,0,4750
DRREDDY30JAN203000PE.NFO,07/01/2020,13:24:50,145.5,137.1,1500,151.7,4250,0,4750
DRREDDY30JAN203000PE.NFO,07/01/2020,13:25:40,145.5,137.15,2250,151.7,4250,0,4750
DRREDDY30JAN203000PE.NFO,07/01/2020,13:25:44,145.5,137.15,1750,151.7,4250,0,4750
DRREDDY30JAN203000PE.NFO,07/01/2020,13:25:52,145.5,137.15,2000,151.7,4250,0,4750
DRREDDY30JAN203000PE.NFO,07/01/2020,13:25:55,145.5,137.15,1500,151.7,4250,0,4750
DRREDDY30JAN203000PE.NFO,07/01/2020,13:26:08,145.5,137.15,2500,151.7,4250,0,4750
DRREDDY30JAN203000PE.NFO,07/01/2020,13:26:12,145.5,137.15,1500,151.7,4250,0,4750
DRREDDY30JAN203000PE.NFO,07/01/2020,13:26:22,145.5,137.15,1000,151.7,4250,0,4750
DRREDDY30JAN203000PE.NFO,07/01/2020,13:26:27,145.5,137.15,500,151.7,4250,0,4750
DRREDDY30JAN203000PE.NFO,07/01/2020,13:26:59,145.5,137.15,500,151.7,4750,0,4750
DRREDDY30JAN203000PE.NFO,07/01/2020,13:27:09,145.5,137.2,500,151.25,2750,0,4750
DRREDDY30JAN203000PE.NFO,07/01/2020,13:27:14,145.5,137.35,2000,151.25,2750,0,4750
DRREDDY30JAN203000PE.NFO,07/01/2020,13:27:23,145.5,137.4,1750,151.25,2750,0,4750
DRREDDY30JAN203000PE.NFO,07/01/2020,13:27:37,145.5,137.4,2750,151.6,2750,0,4750
DRREDDY30JAN203000PE.NFO,07/01/2020,13:28:04,145.5,137.4,4750,153.1,3750,0,4750
DRREDDY30JAN203000PE.NFO,07/01/2020,13:28:08,145.5,137.8,4500,154.85,4750,0,4750
DRREDDY30JAN203000PE.NFO,07/01/2020,13:28:13,145.5,137.85,4500,154.85,4750,0,4750
DRREDDY30JAN203000PE.NFO,07/01/2020,13:28:22,145.5,137.9,4500,154.85,4750,0,4750
DRREDDY30JAN203000PE.NFO,07/01/2020,13:28:30,145.5,138,5250,154.85,4750,0,4750
DRREDDY30JAN203000PE.NFO,07/01/2020,13:28:33,145.5,138,5250,154.85,5250,0,4750
DRREDDY30JAN203000PE.NFO,07/01/2020,13:28:41,145.5,138,5250,154.85,4750,0,4750
DRREDDY30JAN203000PE.NFO,07/01/2020,13:29:39,145.5,138,5250,153.9,500,0,4750
DRREDDY30JAN203000PE.NFO,07/01/2020,13:29:46,145.5,138,5250,154.1,2750,0,4750
DRREDDY30JAN203000PE.NFO,07/01/2020,13:29:52,145.5,139.7,5750,154.1,2750,0,4750
DRREDDY30JAN203000PE.NFO,07/01/2020,13:29:59,145.5,140.3,2000,157.3,5250,0,4750
DRREDDY30JAN203000PE.NFO,07/01/2020,13:30:05,145.5,140.55,500,157.3,5250,0,4750
DRREDDY30JAN203000PE.NFO,07/01/2020,13:30:53,145.5,140.85,500,157.3,5250,0,4750
DRREDDY30JAN203000PE.NFO,07/01/2020,13:31:00,145.5,140.85,1000,157.3,5250,0,4750
DRREDDY30JAN203000PE.NFO,07/01/2020,13:31:07,145.5,140.9,500,157.3,5250,0,4750
DRREDDY30JAN203000PE.NFO,07/01/2020,13:31:13,145.5,140,1000,157.3,5250,0,4750
DRREDDY30JAN203000PE.NFO,07/01/2020,13:31:19,145.5,140,750,157.3,5250,0,4750
DRREDDY30JAN203000PE.NFO,07/01/2020,13:31:24,145.5,139.35,3750,157.3,5250,0,4750
DRREDDY30JAN203000PE.NFO,07/01/2020,13:31:30,145.5,139.75,2000,157.3,5250,0,4750
DRREDDY30JAN203000PE.NFO,07/01/2020,13:31:37,145.5,139.8,1250,157.3,5250,0,4750
DRREDDY30JAN203000PE.NFO,07/01/2020,13:31:42,145.5,139.85,500,156.65,5250,0,4750
DRREDDY30JAN203000PE.NFO,07/01/2020,13:31:57,145.5,138,3500,156.65,5250,0,4750
DRREDDY30JAN203000PE.NFO,07/01/2020,13:32:04,145.5,138.15,2250,156.65,5250,0,4750
DRREDDY30JAN203000PE.NFO,07/01/2020,13:32:11,145.5,138.5,1750,156.55,5250,0,4750
DRREDDY30JAN203000PE.NFO,07/01/2020,13:32:18,145.5,138.6,2500,153.45,4750,0,4750
DRREDDY30JAN203000PE.NFO,07/01/2020,13:32:24,145.5,138.75,2000,153.45,4250,0,4750
DRREDDY30JAN203000PE.NFO,07/01/2020,13:32:29,145.5,139,2500,153.45,2750,0,4750
DRREDDY30JAN203000PE.NFO,07/01/2020,13:32:34,145.5,139.5,1250,153.45,2750,0,4750
DRREDDY30JAN203000PE.NFO,07/01/2020,13:32:38,145.5,139.5,500,153.45,2750,0,4750
DRREDDY30JAN203000PE.NFO,07/01/2020,13:32:44,145.5,139.5,500,154.65,4750,0,4750
DRREDDY30JAN203000PE.NFO,07/01/2020,13:32:57,145.5,139.5,1000,154.65,4750,0,4750
DRREDDY30JAN203000PE.NFO,07/01/2020,13:34:08,145.5,139.5,2500,154.65,4750,0,4750
DRREDDY30JAN203000PE.NFO,07/01/2020,13:34:13,145.5,139.5,1500,154.65,4750,0,4750
DRREDDY30JAN203000PE.NFO,07/01/2020,13:34:23,145.5,139.55,3500,154.65,4750,0,4750
DRREDDY30JAN203000PE.NFO,07/01/2020,13:34:34,145.5,139.55,500,154.65,4750,0,4750
DRREDDY30JAN203000PE.NFO,07/01/2020,13:34:45,145.5,139.55,500,153.6,750,0,4750
DRREDDY30JAN203000PE.NFO,07/01/2020,13:34:51,145.5,139.55,1000,153.95,2750,0,4750
DRREDDY30JAN203000PE.NFO,07/01/2020,13:35:10,145.5,139.6,1000,153.95,2750,0,4750
DRREDDY30JAN203000PE.NFO,07/01/2020,13:35:22,145.5,139.6,1250,153.95,2750,0,4750
DRREDDY30JAN203000PE.NFO,07/01/2020,13:35:35,145.5,139.65,1000,153.95,2750,0,4750
DRREDDY30JAN203000PE.NFO,07/01/2020,13:35:44,145.5,139.7,1000,153.95,2750,0,4750
DRREDDY30JAN203000PE.NFO,07/01/2020,13:35:49,145.5,139.7,1500,153.95,2750,0,4750
DRREDDY30JAN203000PE.NFO,07/01/2020,13:35:53,145.5,139.7,2000,153.95,2750,0,4750
DRREDDY30JAN203000PE.NFO,07/01/2020,13:36:01,145.5,137.3,2250,152.85,4750,0,4750
DRREDDY30JAN203000PE.NFO,07/01/2020,13:36:06,145.5,137.4,2750,152.85,4750,0,4750
DRREDDY30JAN203000PE.NFO,07/01/2020,13:36:10,145.5,138.5,3250,155.05,4750,0,4750
DRREDDY30JAN203000PE.NFO,07/01/2020,13:36:15,145.5,138.65,500,155.05,4750,0,4750
DRREDDY30JAN203000PE.NFO,07/01/2020,13:36:18,145.5,138.75,2000,155.05,4750,0,4750
DRREDDY30JAN203000PE.NFO,07/01/2020,13:36:23,145.5,138.85,1500,155.05,4750,0,4750
DRREDDY30JAN203000PE.NFO,07/01/2020,13:36:27,145.5,139.3,2000,155.05,4750,0,4750
DRREDDY30JAN203000PE.NFO,07/01/2020,13:36:34,145.5,139.3,1500,155.05,4750,0,4750
DRREDDY30JAN203000PE.NFO,07/01/2020,13:36:37,145.5,139.3,2000,155.05,4750,0,4750
DRREDDY30JAN203000PE.NFO,07/01/2020,13:36:41,145.5,139.3,2500,155.05,4750,0,4750
DRREDDY30JAN203000PE.NFO,07/01/2020,13:36:47,145.5,139.4,1000,155.05,4750,0,4750
DRREDDY30JAN203000PE.NFO,07/01/2020,13:36:52,145.5,139.5,1500,155.05,4750,0,4750
DRREDDY30JAN203000PE.NFO,07/01/2020,13:36:57,145.5,139.5,500,155.05,5250,0,4750
DRREDDY30JAN203000PE.NFO,07/01/2020,13:37:08,145.5,139.5,500,155.05,4750,0,4750
DRREDDY30JAN203000PE.NFO,07/01/2020,13:37:13,145.5,139.55,500,151.85,750,0,4750
DRREDDY30JAN203000PE.NFO,07/01/2020,13:37:17,145.5,139.55,500,153.4,750,0,4750
DRREDDY30JAN203000PE.NFO,07/01/2020,13:37:53,145.5,139.55,500,153.4,2750,0,4750
DRREDDY30JAN203000PE.NFO,07/01/2020,13:38:11,145.5,138.3,750,152.6,1750,0,4750
DRREDDY30JAN203000PE.NFO,07/01/2020,13:38:18,145.5,138.3,750,152.6,2750,0,4750
DRREDDY30JAN203000PE.NFO,07/01/2020,13:38:23,145.5,138.3,500,152.6,4250,0,4750
DRREDDY30JAN203000PE.NFO,07/01/2020,13:38:35,145.5,138.3,500,152.6,2750,0,4750
DRREDDY30JAN203000PE.NFO,07/01/2020,13:38:45,145.5,138.3,500,152.6,4250,0,4750
DRREDDY30JAN203000PE.NFO,07/01/2020,13:38:52,145.5,138.3,500,152.6,4750,0,4750
DRREDDY30JAN203000PE.NFO,07/01/2020,13:39:12,145.5,136.8,2000,152.6,4750,0,4750
DRREDDY30JAN203000PE.NFO,07/01/2020,13:39:15,145.5,136.8,2500,152.6,4750,0,4750
DRREDDY30JAN203000PE.NFO,07/01/2020,13:39:23,145.5,136.95,1250,152.6,4750,0,4750
DRREDDY30JAN203000PE.NFO,07/01/2020,13:39:26,145.5,137,2500,152.6,4750,0,4750
DRREDDY30JAN203000PE.NFO,07/01/2020,13:39:29,145.5,137,2750,152.6,4750,0,4750
DRREDDY30JAN203000PE.NFO,07/01/2020,13:39:48,145.5,137.05,500,151.55,750,0,4750
DRREDDY30JAN203000PE.NFO,07/01/2020,13:39:53,145.5,137.1,2500,151.55,750,0,4750
DRREDDY30JAN203000PE.NFO,07/01/2020,13:40:47,145.5,137.35,1250,152.45,4250,0,4750
DRREDDY30JAN203000PE.NFO,07/01/2020,13:40:52,145.5,137.4,750,152.45,4250,0,4750
DRREDDY30JAN203000PE.NFO,07/01/2020,13:40:57,145.5,137.4,750,152.45,4750,0,4750
DRREDDY30JAN203000PE.NFO,07/01/2020,13:41:10,145.5,137.45,500,152.45,4750,0,4750
DRREDDY30JAN203000PE.NFO,07/01/2020,13:41:15,145.5,137.7,1250,152.45,4250,0,4750
DRREDDY30JAN203000PE.NFO,07/01/2020,13:41:19,145.5,137.75,500,152.45,4250,0,4750
DRREDDY30JAN203000PE.NFO,07/01/2020,13:41:33,145.5,137.75,250,152.45,4250,0,4750
DRREDDY30JAN203000PE.NFO,07/01/2020,13:41:38,145.5,137.75,750,152.45,4250,0,4750
DRREDDY30JAN203000PE.NFO,07/01/2020,13:41:44,145.5,137.75,500,152.45,4750,0,4750
DRREDDY30JAN203000PE.NFO,07/01/2020,13:42:21,145.5,136.5,500,152.4,5250,0,4750
DRREDDY30JAN203000PE.NFO,07/01/2020,13:42:28,145.5,136.5,500,152.4,4750,0,4750
DRREDDY30JAN203000PE.NFO,07/01/2020,13:42:38,145.5,136.55,500,152.4,4750,0,4750
DRREDDY30JAN203000PE.NFO,07/01/2020,13:42:42,145.5,136.5,500,152.4,4750,0,4750
DRREDDY30JAN203000PE.NFO,07/01/2020,13:42:46,145.5,136.5,500,152.4,5250,0,4750
DRREDDY30JAN203000PE.NFO,07/01/2020,13:42:53,145.5,134.4,5500,152.4,5250,0,4750
DRREDDY30JAN203000PE.NFO,07/01/2020,13:42:57,145.5,135.05,1250,152.4,5250,0,4750
DRREDDY30JAN203000PE.NFO,07/01/2020,13:43:01,145.5,135.8,2250,152.4,5250,0,4750
DRREDDY30JAN203000PE.NFO,07/01/2020,13:43:04,145.5,136.1,1500,152.4,4750,0,4750
DRREDDY30JAN203000PE.NFO,07/01/2020,13:43:08,145.5,136.1,4500,152.4,4250,0,4750
DRREDDY30JAN203000PE.NFO,07/01/2020,13:43:14,145.5,136.1,4500,152.4,4750,0,4750
DRREDDY30JAN203000PE.NFO,07/01/2020,13:43:26,145.5,136.1,4500,152.4,4250,0,4750
DRREDDY30JAN203000PE.NFO,07/01/2020,13:43:32,145.5,136.1,4500,152.4,4750,0,4750
DRREDDY30JAN203000PE.NFO,07/01/2020,13:43:56,145.5,136.1,1500,152.4,4750,0,4750
DRREDDY30JAN203000PE.NFO,07/01/2020,13:43:59,145.5,136.1,4500,152.4,4750,0,4750
DRREDDY30JAN203000PE.NFO,07/01/2020,13:44:11,145.5,136.1,4000,152.4,4750,0,4750
DRREDDY30JAN203000PE.NFO,07/01/2020,13:44:15,145.5,136.1,1500,152.4,4750,0,4750
DRREDDY30JAN203000PE.NFO,07/01/2020,13:44:51,145.5,136.1,4000,151,1250,0,4750
DRREDDY30JAN203000PE.NFO,07/01/2020,13:45:03,145.5,136.1,1500,151,2750,0,4750
DRREDDY30JAN203000PE.NFO,07/01/2020,13:45:14,145.5,136.1,3500,151,2750,0,4750
DRREDDY30JAN203000PE.NFO,07/01/2020,13:45:20,145.5,136.1,1500,151,3750,0,4750
DRREDDY30JAN203000PE.NFO,07/01/2020,13:45:34,145.5,136.15,2000,151,3750,0,4750
DRREDDY30JAN203000PE.NFO,07/01/2020,13:45:43,145.5,136.2,2500,151,3750,0,4750
DRREDDY30JAN203000PE.NFO,07/01/2020,13:45:49,145.5,136.25,2000,151,3750,0,4750
DRREDDY30JAN203000PE.NFO,07/01/2020,13:46:15,145.5,136.25,500,151,4250,0,4750
DRREDDY30JAN203000PE.NFO,07/01/2020,13:46:42,145.5,136.25,500,151,4750,0,4750
DRREDDY30JAN203000PE.NFO,07/01/2020,13:46:51,145.5,134.4,2750,151,4750,0,4750
DRREDDY30JAN203000PE.NFO,07/01/2020,13:46:59,145.5,134.4,1500,151,4750,0,4750
DRREDDY30JAN203000PE.NFO,07/01/2020,13:47:12,145.5,134.4,1500,151,5250,0,4750
DRREDDY30JAN203000PE.NFO,07/01/2020,13:47:18,145.5,134.4,1000,148.25,1750,0,4750
DRREDDY30JAN203000PE.NFO,07/01/2020,13:47:29,145.5,134.4,1000,148.25,2250,0,4750
DRREDDY30JAN203000PE.NFO,07/01/2020,13:47:35,145.5,134.45,2500,148.25,1250,0,4750
DRREDDY30JAN203000PE.NFO,07/01/2020,13:47:40,145.5,134.5,1500,148.25,1750,0,4750
DRREDDY30JAN203000PE.NFO,07/01/2020,13:47:48,145.5,134.5,1500,148.25,1250,0,4750
DRREDDY30JAN203000PE.NFO,07/01/2020,13:48:06,145.5,134.5,1500,148.25,1750,0,4750
DRREDDY30JAN203000PE.NFO,07/01/2020,13:48:11,145.5,134.5,1500,148.25,1250,0,4750
DRREDDY30JAN203000PE.NFO,07/01/2020,13:48:16,145.5,134.5,2000,148.25,1250,0,4750
DRREDDY30JAN203000PE.NFO,07/01/2020,13:48:21,145.5,134.5,1500,148.25,1250,0,4750
DRREDDY30JAN203000PE.NFO,07/01/2020,13:48:27,145.5,134.6,1500,148.25,1250,0,4750
DRREDDY30JAN203000PE.NFO,07/01/2020,13:48:34,145.5,134.6,2000,148.25,1250,0,4750
DRREDDY30JAN203000PE.NFO,07/01/2020,13:48:38,145.5,134.6,2000,148.9,2750,0,4750
DRREDDY30JAN203000PE.NFO,07/01/2020,13:48:41,145.5,134.7,1500,148.9,2750,0,4750
DRREDDY30JAN203000PE.NFO,07/01/2020,13:49:10,145.5,134.7,1000,148.9,2750,0,4750
DRREDDY30JAN203000PE.NFO,07/01/2020,13:49:19,145.5,134.7,1500,148.9,2750,0,4750
DRREDDY30JAN203000PE.NFO,07/01/2020,13:49:37,145.5,134.7,1000,148.9,2750,0,4750
DRREDDY30JAN203000PE.NFO,07/01/2020,13:49:50,145.5,134.7,1000,147.65,750,0,4750
DRREDDY30JAN203000PE.NFO,07/01/2020,13:50:06,145.5,134.75,500,148.25,1250,0,4750
DRREDDY30JAN203000PE.NFO,07/01/2020,13:50:12,145.5,134.75,500,148.25,2250,0,4750
DRREDDY30JAN203000PE.NFO,07/01/2020,13:50:19,145.5,134.75,500,148.25,4250,0,4750
DRREDDY30JAN203000PE.NFO,07/01/2020,13:50:26,145.5,134.75,500,148.25,3750,0,4750
DRREDDY30JAN203000PE.NFO,07/01/2020,13:50:32,145.5,133.4,2000,148.25,3750,0,4750
DRREDDY30JAN203000PE.NFO,07/01/2020,13:50:38,145.5,133.75,1000,148.25,3750,0,4750
DRREDDY30JAN203000PE.NFO,07/01/2020,13:50:45,145.5,133.45,500,148.25,4750,0,4750
DRREDDY30JAN203000PE.NFO,07/01/2020,13:50:53,145.5,133.45,1000,148.25,4750,0,4750
DRREDDY30JAN203000PE.NFO,07/01/2020,13:50:59,145.5,133.45,500,148.25,4750,0,4750
DRREDDY30JAN203000PE.NFO,07/01/2020,13:51:23,145.5,133.45,500,148.25,5250,0,4750
DRREDDY30JAN203000PE.NFO,07/01/2020,13:51:28,145.5,133,2250,148.25,3250,0,4750
DRREDDY30JAN203000PE.NFO,07/01/2020,13:51:38,145.5,133,2750,148.25,3750,0,4750
DRREDDY30JAN203000PE.NFO,07/01/2020,13:51:43,145.5,133,2250,148.25,3750,0,4750
DRREDDY30JAN203000PE.NFO,07/01/2020,13:51:53,145.5,133,3750,148.25,3250,0,4750
DRREDDY30JAN203000PE.NFO,07/01/2020,13:51:59,145.5,133,4250,148.25,3250,0,4750
DRREDDY30JAN203000PE.NFO,07/01/2020,13:52:03,145.5,133,3750,148.25,3250,0,4750
DRREDDY30JAN203000PE.NFO,07/01/2020,13:52:07,145.5,133,2000,148.25,3750,0,4750
DRREDDY30JAN203000PE.NFO,07/01/2020,13:52:22,145.5,133,2500,147.25,750,0,4750
DRREDDY30JAN203000PE.NFO,07/01/2020,13:52:35,145.5,133,2500,148.15,3250,0,4750
DRREDDY30JAN203000PE.NFO,07/01/2020,13:52:48,145.5,133.05,1500,148.15,3250,0,4750
DRREDDY30JAN203000PE.NFO,07/01/2020,13:52:53,145.5,133.05,2000,148.15,3250,0,4750
DRREDDY30JAN203000PE.NFO,07/01/2020,13:53:01,145.5,133.1,2000,148.15,3250,0,4750
DRREDDY30JAN203000PE.NFO,07/01/2020,13:53:05,145.5,133.1,2500,148.15,3250,0,4750
DRREDDY30JAN203000PE.NFO,07/01/2020,13:53:09,145.5,133.55,2000,148.15,3250,0,4750
DRREDDY30JAN203000PE.NFO,07/01/2020,13:53:34,145.5,134,2000,148.15,1750,0,4750
DRREDDY30JAN203000PE.NFO,07/01/2020,13:53:38,145.5,134.95,1500,149.8,4250,0,4750
DRREDDY30JAN203000PE.NFO,07/01/2020,13:53:44,145.5,135,1250,149.8,4250,0,4750
DRREDDY30JAN203000PE.NFO,07/01/2020,13:53:58,145.5,135,1750,149.8,4250,0,4750
DRREDDY30JAN203000PE.NFO,07/01/2020,13:54:04,145.5,135.05,2000,149.8,4250,0,4750
DRREDDY30JAN203000PE.NFO,07/01/2020,13:54:25,145.5,135.05,1500,149.8,4250,0,4750
DRREDDY30JAN203000PE.NFO,07/01/2020,13:54:34,145.5,135.1,1000,149.8,4250,0,4750
DRREDDY30JAN203000PE.NFO,07/01/2020,13:54:54,145.5,135.1,1000,148.75,2750,0,4750
DRREDDY30JAN203000PE.NFO,07/01/2020,13:55:00,145.5,135.15,1000,148.75,2750,0,4750
DRREDDY30JAN203000PE.NFO,07/01/2020,13:55:39,145.5,134.5,2000,148.75,3250,0,4750
DRREDDY30JAN203000PE.NFO,07/01/2020,13:55:46,145.5,134.5,1000,148.75,3250,0,4750
DRREDDY30JAN203000PE.NFO,07/01/2020,13:55:50,145.5,133.95,1000,148.75,3250,0,4750
DRREDDY30JAN203000PE.NFO,07/01/2020,13:55:53,145.5,134.05,2000,148.75,3750,0,4750
DRREDDY30JAN203000PE.NFO,07/01/2020,13:56:02,145.5,134.1,2250,148.75,3750,0,4750
DRREDDY30JAN203000PE.NFO,07/01/2020,13:56:08,145.5,134.55,1000,148.75,3750,0,4750
DRREDDY30JAN203000PE.NFO,07/01/2020,13:56:13,145.5,134.6,1000,148.75,3750,0,4750
DRREDDY30JAN203000PE.NFO,07/01/2020,13:56:43,145.5,134.6,1000,148.75,3250,0,4750
DRREDDY30JAN203000PE.NFO,07/01/2020,13:56:53,145.5,134.6,500,148.75,3250,0,4750
DRREDDY30JAN203000PE.NFO,07/01/2020,13:56:58,145.5,134.6,500,148.75,3750,0,4750
DRREDDY30JAN203000PE.NFO,07/01/2020,13:57:24,145.5,134.6,500,147.45,750,0,4750
DRREDDY30JAN203000PE.NFO,07/01/2020,13:57:28,145.5,134.6,500,148.2,2750,0,4750
DRREDDY30JAN203000PE.NFO,07/01/2020,13:57:32,145.5,134.7,1250,148.2,2750,0,4750
DRREDDY30JAN203000PE.NFO,07/01/2020,13:57:35,145.5,134.75,1500,148.2,2750,0,4750
DRREDDY30JAN203000PE.NFO,07/01/2020,13:57:38,145.5,134.8,1000,148.2,2750,0,4750
DRREDDY30JAN203000PE.NFO,07/01/2020,13:57:41,145.5,134.8,500,148.2,2750,0,4750
DRREDDY30JAN203000PE.NFO,07/01/2020,13:57:57,145.5,134.8,500,148.2,2250,0,4750
DRREDDY30JAN203000PE.NFO,07/01/2020,13:58:09,145.5,134.8,500,148.2,2750,0,4750
DRREDDY30JAN203000PE.NFO,07/01/2020,13:58:11,145.5,134.8,500,148.2,1750,0,4750
DRREDDY30JAN203000PE.NFO,07/01/2020,13:58:17,145.5,134.8,500,148.2,2750,0,4750
DRREDDY30JAN203000PE.NFO,07/01/2020,13:58:24,145.5,134.8,500,148.2,2250,0,4750
DRREDDY30JAN203000PE.NFO,07/01/2020,13:58:28,145.5,134.85,1250,148.2,1250,0,4750
DRREDDY30JAN203000PE.NFO,07/01/2020,13:58:34,145.5,134.9,750,148.2,1250,0,4750
DRREDDY30JAN203000PE.NFO,07/01/2020,13:58:38,145.5,134.9,500,148.2,2250,0,4750
DRREDDY30JAN203000PE.NFO,07/01/2020,13:58:42,145.5,134.9,500,148.2,2750,0,4750
DRREDDY30JAN203000PE.NFO,07/01/2020,13:58:50,145.5,134.9,500,148.2,2250,0,4750
DRREDDY30JAN203000PE.NFO,07/01/2020,13:58:53,145.5,134.9,500,148.2,3250,0,4750
DRREDDY30JAN203000PE.NFO,07/01/2020,13:58:56,145.5,134.95,1000,148.2,2750,0,4750
DRREDDY30JAN203000PE.NFO,07/01/2020,13:58:58,145.5,134.95,1000,148.2,2250,0,4750
DRREDDY30JAN203000PE.NFO,07/01/2020,13:59:01,145.5,134.95,1000,148.2,2750,0,4750
DRREDDY30JAN203000PE.NFO,07/01/2020,13:59:43,145.5,134.95,1000,148.2,3250,0,4750
DRREDDY30JAN203000PE.NFO,07/01/2020,13:59:50,145.5,134.95,1000,148.2,2750,0,4750
DRREDDY30JAN203000PE.NFO,07/01/2020,13:59:52,145.5,134.95,1000,148.2,3250,0,4750
DRREDDY30JAN203000PE.NFO,07/01/2020,13:59:54,145.5,134.95,1000,147.4,500,0,4750
DRREDDY30JAN203000PE.NFO,07/01/2020,13:59:58,145.5,134.95,1000,147.15,750,0,4750
DRREDDY30JAN203000PE.NFO,07/01/2020,14:00:03,145.5,134.95,1000,146.95,750,0,4750
DRREDDY30JAN203000PE.NFO,07/01/2020,14:00:05,145.5,135.1,750,148,1250,0,4750
DRREDDY30JAN203000PE.NFO,07/01/2020,14:00:15,145.5,135.1,500,148,1250,0,4750
DRREDDY30JAN203000PE.NFO,07/01/2020,14:00:49,145.5,134.1,750,148,3750,0,4750
DRREDDY30JAN203000PE.NFO,07/01/2020,14:01:10,145.5,134.1,750,148,4250,0,4750
DRREDDY30JAN203000PE.NFO,07/01/2020,14:01:25,145.5,134.1,500,148,4250,0,4750
DRREDDY30JAN203000PE.NFO,07/01/2020,14:02:27,145.5,134.1,500,148,3750,0,4750
DRREDDY30JAN203000PE.NFO,07/01/2020,14:02:32,145.5,134.1,500,148,4250,0,4750
DRREDDY30JAN203000PE.NFO,07/01/2020,14:02:36,145.5,134.1,500,147.1,250,0,4750
DRREDDY30JAN203000PE.NFO,07/01/2020,14:02:40,145.5,134.15,750,147.1,750,0,4750
DRREDDY30JAN203000PE.NFO,07/01/2020,14:02:45,145.5,134.15,750,147.7,1250,0,4750
DRREDDY30JAN203000PE.NFO,07/01/2020,14:02:58,145.5,134.15,750,147.7,2750,0,4750
DRREDDY30JAN203000PE.NFO,07/01/2020,14:03:01,145.5,134.55,750,147.7,1250,0,4750
DRREDDY30JAN203000PE.NFO,07/01/2020,14:03:04,145.5,134.55,500,147.7,1250,0,4750
DRREDDY30JAN203000PE.NFO,07/01/2020,14:03:21,145.5,132.3,2750,147.7,4250,0,4750
DRREDDY30JAN203000PE.NFO,07/01/2020,14:03:23,145.5,132.35,5250,147.7,3750,0,4750
DRREDDY30JAN203000PE.NFO,07/01/2020,14:03:32,145.5,132.35,5250,147.7,4250,0,4750
DRREDDY30JAN203000PE.NFO,07/01/2020,14:03:35,145.5,132.35,5250,147.7,3750,0,4750
DRREDDY30JAN203000PE.NFO,07/01/2020,14:03:38,145.5,132.35,5250,147.7,4250,0,4750
DRREDDY30JAN203000PE.NFO,07/01/2020,14:03:44,145.5,133.3,500,147.7,4750,0,4750
DRREDDY30JAN203000PE.NFO,07/01/2020,14:03:54,145.5,133.3,500,147.7,4250,0,4750
DRREDDY30JAN203000PE.NFO,07/01/2020,14:04:12,145.5,133.3,1000,147.7,4250,0,4750
DRREDDY30JAN203000PE.NFO,07/01/2020,14:04:27,145.5,133.3,1000,147.7,3750,0,4750
DRREDDY30JAN203000PE.NFO,07/01/2020,14:04:31,145.5,133.35,1750,147.7,1250,0,4750
DRREDDY30JAN203000PE.NFO,07/01/2020,14:04:33,145.5,133.35,4250,147.7,1250,0,4750
DRREDDY30JAN203000PE.NFO,07/01/2020,14:04:43,145.5,133.35,3750,147.7,1250,0,4750
DRREDDY30JAN203000PE.NFO,07/01/2020,14:04:56,145.5,133.35,4250,149.75,4750,0,4750
DRREDDY30JAN203000PE.NFO,07/01/2020,14:05:09,145.5,133.35,4250,147.7,750,0,4750
DRREDDY30JAN203000PE.NFO,07/01/2020,14:05:14,145.5,133.35,4250,147.7,1250,0,4750
DRREDDY30JAN203000PE.NFO,07/01/2020,14:05:17,145.5,134.2,1000,147.7,1250,0,4750
DRREDDY30JAN203000PE.NFO,07/01/2020,14:06:02,145.5,134.25,500,147.7,1250,0,4750
DRREDDY30JAN203000PE.NFO,07/01/2020,14:06:06,145.5,134.25,500,147.7,2250,0,4750
DRREDDY30JAN203000PE.NFO,07/01/2020,14:06:08,145.5,134.25,500,147.7,2750,0,4750
DRREDDY30JAN203000PE.NFO,07/01/2020,14:06:10,145.5,134.3,750,147.7,2750,0,4750
DRREDDY30JAN203000PE.NFO,07/01/2020,14:06:12,145.5,134.3,750,147.7,1250,0,4750
DRREDDY30JAN203000PE.NFO,07/01/2020,14:06:22,145.5,134.3,750,147.7,2250,0,4750
DRREDDY30JAN203000PE.NFO,07/01/2020,14:06:24,145.5,134.3,750,147.7,2750,0,4750
DRREDDY30JAN203000PE.NFO,07/01/2020,14:06:27,145.5,134.3,1250,147.7,2750,0,4750
DRREDDY30JAN203000PE.NFO,07/01/2020,14:06:32,145.5,134.3,750,147.7,2750,0,4750
DRREDDY30JAN203000PE.NFO,07/01/2020,14:06:34,145.5,134.3,750,147.7,2250,0,4750
DRREDDY30JAN203000PE.NFO,07/01/2020,14:06:38,145.5,134.3,750,147.7,1250,0,4750
DRREDDY30JAN203000PE.NFO,07/01/2020,14:07:01,145.5,134.3,750,147.7,3250,0,4750
DRREDDY30JAN203000PE.NFO,07/01/2020,14:07:03,145.5,134.35,1500,147.7,1250,0,4750
DRREDDY30JAN203000PE.NFO,07/01/2020,14:07:09,145.5,134.5,1000,147.7,1250,0,4750
DRREDDY30JAN203000PE.NFO,07/01/2020,14:07:13,145.5,134.55,500,147.7,1250,0,4750
DRREDDY30JAN203000PE.NFO,07/01/2020,14:07:16,145.5,133.35,1000,147.7,4250,0,4750
DRREDDY30JAN203000PE.NFO,07/01/2020,14:07:18,145.5,133.6,1250,147.7,3750,0,4750
DRREDDY30JAN203000PE.NFO,07/01/2020,14:07:22,145.5,133.7,1000,147.7,3750,0,4750
DRREDDY30JAN203000PE.NFO,07/01/2020,14:07:28,145.5,133.9,500,147.7,3250,0,4750
DRREDDY30JAN203000PE.NFO,07/01/2020,14:07:34,145.5,133.9,500,147.6,3750,0,4750
DRREDDY30JAN203000PE.NFO,07/01/2020,14:07:39,145.5,133.9,500,147.5,3750,0,4750
DRREDDY30JAN203000PE.NFO,07/01/2020,14:07:44,145.5,133.9,1000,147.5,4250,0,4750
DRREDDY30JAN203000PE.NFO,07/01/2020,14:07:48,145.5,134.05,1250,147.5,2750,0,4750
DRREDDY30JAN203000PE.NFO,07/01/2020,14:07:53,145.5,134.1,750,149.55,4750,0,4750
DRREDDY30JAN203000PE.NFO,07/01/2020,14:07:59,145.5,134.1,1250,149.55,4750,0,4750
DRREDDY30JAN203000PE.NFO,07/01/2020,14:08:07,145.5,134.1,1000,149.55,4750,0,4750
DRREDDY30JAN203000PE.NFO,07/01/2020,14:08:22,145.5,134.2,1250,149.55,4750,0,4750
DRREDDY30JAN203000PE.NFO,07/01/2020,14:08:34,145.5,134.2,1000,149.55,4750,0,4750
DRREDDY30JAN203000PE.NFO,07/01/2020,14:08:51,145.5,134.4,1250,149.55,4750,0,4750
DRREDDY30JAN203000PE.NFO,07/01/2020,14:08:54,145.5,134.4,750,149.55,4750,0,4750
DRREDDY30JAN203000PE.NFO,07/01/2020,14:09:01,145.5,134.4,1250,149.55,4750,0,4750
DRREDDY30JAN203000PE.NFO,07/01/2020,14:09:24,145.5,134.4,750,149.55,4750,0,4750
DRREDDY30JAN203000PE.NFO,07/01/2020,14:10:04,145.5,133.15,750,149.55,5250,0,4750
DRREDDY30JAN203000PE.NFO,07/01/2020,14:10:10,145.5,133.05,750,147.4,2250,0,4750
DRREDDY30JAN203000PE.NFO,07/01/2020,14:10:16,145.5,133.2,750,147.4,2250,0,4750
DRREDDY30JAN203000PE.NFO,07/01/2020,14:10:20,145.5,133.2,750,147.4,1250,0,4750
DRREDDY30JAN203000PE.NFO,07/01/2020,14:10:23,145.5,133.4,750,147.4,1250,0,4750
DRREDDY30JAN203000PE.NFO,07/01/2020,14:10:27,145.5,133.4,750,147.4,3250,0,4750
DRREDDY30JAN203000PE.NFO,07/01/2020,14:10:34,145.5,133.4,500,147.4,3250,0,4750
DRREDDY30JAN203000PE.NFO,07/01/2020,14:10:36,145.5,133.4,500,147.4,4250,0,4750
DRREDDY30JAN203000PE.NFO,07/01/2020,14:10:40,145.5,134,750,147.4,1250,0,4750
DRREDDY30JAN203000PE.NFO,07/01/2020,14:10:44,145.5,134,750,147.4,4250,0,4750
DRREDDY30JAN203000PE.NFO,07/01/2020,14:10:51,145.5,134,750,147.4,2750,0,4750
DRREDDY30JAN203000PE.NFO,07/01/2020,14:10:53,145.5,134,750,147.4,4250,0,4750
DRREDDY30JAN203000PE.NFO,07/01/2020,14:11:25,145.5,134.05,500,147.4,4750,0,4750
DRREDDY30JAN203000PE.NFO,07/01/2020,14:11:39,145.5,134.05,500,147.4,4250,0,4750
DRREDDY30JAN203000PE.NFO,07/01/2020,14:11:42,145.5,134.05,500,147.4,4750,0,4750
DRREDDY30JAN203000PE.NFO,07/01/2020,14:12:34,145.5,134,750,147.4,4750,0,4750
DRREDDY30JAN203000PE.NFO,07/01/2020,14:12:43,145.5,134,500,146.45,750,0,4750
DRREDDY30JAN203000PE.NFO,07/01/2020,14:12:51,145.5,134.05,750,147,1250,0,4750
DRREDDY30JAN203000PE.NFO,07/01/2020,14:12:59,145.5,134.05,750,149.7,4750,0,4750
DRREDDY30JAN203000PE.NFO,07/01/2020,14:13:05,145.5,134.05,750,149.7,4250,0,4750
DRREDDY30JAN203000PE.NFO,07/01/2020,14:13:07,145.5,134.05,750,149.7,4750,0,4750
DRREDDY30JAN203000PE.NFO,07/01/2020,14:13:25,145.5,134.05,750,149.7,5250,0,4750
DRREDDY30JAN203000PE.NFO,07/01/2020,14:13:44,145.5,131.85,3750,149.7,5250,0,4750
DRREDDY30JAN203000PE.NFO,07/01/2020,14:14:41,145.5,131.85,4250,149.7,5250,0,4750
DRREDDY30JAN203000PE.NFO,07/01/2020,14:15:04,145.5,131.85,3500,149.7,5250,0,4750
DRREDDY30JAN203000PE.NFO,07/01/2020,14:15:13,145.5,132,1000,147.15,4750,0,4750
DRREDDY30JAN203000PE.NFO,07/01/2020,14:15:19,145.5,132,4000,147.15,4750,0,4750
DRREDDY30JAN203000PE.NFO,07/01/2020,14:15:24,145.5,132.15,3250,147.15,4250,0,4750
DRREDDY30JAN203000PE.NFO,07/01/2020,14:15:30,145.5,132.15,3000,147.15,4750,0,4750
DRREDDY30JAN203000PE.NFO,07/01/2020,14:15:36,145.5,132.15,500,147.15,4750,0,4750
DRREDDY30JAN203000PE.NFO,07/01/2020,14:15:41,145.5,132.15,1000,147.15,4750,0,4750
DRREDDY30JAN203000PE.NFO,07/01/2020,14:16:06,145.5,132.15,4000,147.15,4750,0,4750
DRREDDY30JAN203000PE.NFO,07/01/2020,14:16:11,145.5,132.3,1750,147.15,4750,0,4750
DRREDDY30JAN203000PE.NFO,07/01/2020,14:16:35,145.5,132.3,500,147.15,5250,0,4750
DRREDDY30JAN203000PE.NFO,07/01/2020,14:16:38,145.5,131.95,2750,147.15,5250,0,4750
DRREDDY30JAN203000PE.NFO,07/01/2020,14:16:44,145.5,132.1,1500,147.15,5250,0,4750
DRREDDY30JAN203000PE.NFO,07/01/2020,14:16:48,145.5,132.25,500,147.15,5250,0,4750
DRREDDY30JAN203000PE.NFO,07/01/2020,14:17:01,145.5,132.65,750,147.15,4750,0,4750
DRREDDY30JAN203000PE.NFO,07/01/2020,14:17:04,145.5,132.6,750,147.15,4750,0,4750
DRREDDY30JAN203000PE.NFO,07/01/2020,14:17:07,145.5,132.75,750,147.15,4750,0,4750
DRREDDY30JAN203000PE.NFO,07/01/2020,14:17:11,145.5,132.05,4250,147.15,4750,0,4750
DRREDDY30JAN203000PE.NFO,07/01/2020,14:17:16,145.5,132.05,3750,147.15,4750,0,4750
DRREDDY30JAN203000PE.NFO,07/01/2020,14:17:20,145.5,132.05,3750,147.15,3250,0,4750
DRREDDY30JAN203000PE.NFO,07/01/2020,14:17:24,145.5,132.05,4250,147.15,1750,0,4750
DRREDDY30JAN203000PE.NFO,07/01/2020,14:17:30,145.5,132.05,3500,147.15,4750,0,4750
DRREDDY30JAN203000PE.NFO,07/01/2020,14:17:33,145.5,132.05,3500,147.15,5250,0,4750
DRREDDY30JAN203000PE.NFO,07/01/2020,14:17:37,145.5,132.05,3500,147.15,3250,0,4750
DRREDDY30JAN203000PE.NFO,07/01/2020,14:17:41,145.5,132.05,3500,147.15,4750,0,4750
DRREDDY30JAN203000PE.NFO,07/01/2020,14:17:44,145.5,132.05,3500,145.55,750,0,4750
DRREDDY30JAN203000PE.NFO,07/01/2020,14:17:46,145.5,132.05,3500,145.35,750,0,4750
DRREDDY30JAN203000PE.NFO,07/01/2020,14:17:50,145.5,132.2,2000,146.25,1250,0,4750
DRREDDY30JAN203000PE.NFO,07/01/2020,14:18:02,145.5,132.2,2500,146.95,3750,0,4750
DRREDDY30JAN203000PE.NFO,07/01/2020,14:18:04,145.5,132.2,2500,146.95,5250,0,4750
DRREDDY30JAN203000PE.NFO,07/01/2020,14:18:07,145.5,132.2,3500,146.95,3750,0,4750
DRREDDY30JAN203000PE.NFO,07/01/2020,14:18:10,145.5,132.35,3750,146.95,3250,0,4750
DRREDDY30JAN203000PE.NFO,07/01/2020,14:18:13,145.5,132.35,1750,146.95,3250,0,4750
DRREDDY30JAN203000PE.NFO,07/01/2020,14:18:16,145.5,132.35,1750,146.95,4750,0,4750
DRREDDY30JAN203000PE.NFO,07/01/2020,14:18:21,145.5,132.3,500,146.95,4750,0,4750
DRREDDY30JAN203000PE.NFO,07/01/2020,14:18:27,145.5,131,4750,146.95,5250,0,4750
DRREDDY30JAN203000PE.NFO,07/01/2020,14:19:15,145.5,131,4750,146.95,4750,0,4750
DRREDDY30JAN203000PE.NFO,07/01/2020,14:19:19,145.5,131,4750,146.95,5250,0,4750
DRREDDY30JAN203000PE.NFO,07/01/2020,14:19:21,145.5,131,4750,146.95,4750,0,4750
DRREDDY30JAN203000PE.NFO,07/01/2020,14:19:38,145.5,131,4250,146.95,3750,0,4750
DRREDDY30JAN203000PE.NFO,07/01/2020,14:19:45,145.5,132.3,4000,146.95,4250,0,4750
DRREDDY30JAN203000PE.NFO,07/01/2020,14:19:51,145.5,132.3,4000,146.95,4750,0,4750
DRREDDY30JAN203000PE.NFO,07/01/2020,14:20:04,145.5,132.3,4000,146.95,2750,0,4750
DRREDDY30JAN203000PE.NFO,07/01/2020,14:20:09,145.5,132.3,4000,146.95,3250,0,4750
DRREDDY30JAN203000PE.NFO,07/01/2020,14:20:14,145.5,132.3,4000,146.95,4750,0,4750
DRREDDY30JAN203000PE.NFO,07/01/2020,14:20:34,145.5,132.5,2250,146.7,2750,0,4750
DRREDDY30JAN203000PE.NFO,07/01/2020,14:20:37,145.5,132.5,2250,146.7,1750,0,4750
DRREDDY30JAN203000PE.NFO,07/01/2020,14:20:40,145.5,132.65,500,146.7,1750,0,4750
DRREDDY30JAN203000PE.NFO,07/01/2020,14:20:49,145.5,132.65,500,146.7,1250,0,4750
DRREDDY30JAN203000PE.NFO,07/01/2020,14:21:36,145.5,133.3,250,150.05,4750,0,4750
DRREDDY30JAN203000PE.NFO,07/01/2020,14:21:55,145.5,132.95,750,150.05,4750,0,4750
DRREDDY30JAN203000PE.NFO,07/01/2020,14:21:57,145.5,132.95,250,150.05,4750,0,4750
DRREDDY30JAN203000PE.NFO,07/01/2020,14:22:08,145.5,132.55,3750,150.05,4750,0,4750
DRREDDY30JAN203000PE.NFO,07/01/2020,14:22:11,145.5,132.7,750,150.05,4750,0,4750
DRREDDY30JAN203000PE.NFO,07/01/2020,14:22:25,145.5,133,750,150.05,4750,0,4750
DRREDDY30JAN203000PE.NFO,07/01/2020,14:22:39,145.5,133,250,149.65,5250,0,4750
DRREDDY30JAN203000PE.NFO,07/01/2020,14:22:43,145.5,132.8,2500,149.65,5250,0,4750
DRREDDY30JAN203000PE.NFO,07/01/2020,14:22:52,145.5,132.8,3500,149.65,5250,0,4750
DRREDDY30JAN203000PE.NFO,07/01/2020,14:23:00,145.5,132.95,1250,149.65,5250,0,4750
DRREDDY30JAN203000PE.NFO,07/01/2020,14:23:03,145.5,133.05,750,146.65,1250,0,4750
DRREDDY30JAN203000PE.NFO,07/01/2020,14:23:06,145.5,133.05,250,146.65,1250,0,4750
DRREDDY30JAN203000PE.NFO,07/01/2020,14:23:08,145.5,133.2,500,146.65,1250,0,4750
DRREDDY30JAN203000PE.NFO,07/01/2020,14:23:10,145.5,133.1,250,146.65,1250,0,4750
DRREDDY30JAN203000PE.NFO,07/01/2020,14:23:13,145.5,132.95,1000,146.65,1750,0,4750
DRREDDY30JAN203000PE.NFO,07/01/2020,14:23:16,145.5,132.95,250,146.65,1250,0,4750
DRREDDY30JAN203000PE.NFO,07/01/2020,14:23:22,145.5,132.9,2000,146.65,1250,0,4750
DRREDDY30JAN203000PE.NFO,07/01/2020,14:23:26,145.5,132.8,2750,146.65,1250,0,4750
DRREDDY30JAN203000PE.NFO,07/01/2020,14:23:57,145.5,132.8,2500,146.65,1250,0,4750
DRREDDY30JAN203000PE.NFO,07/01/2020,14:24:09,145.5,132.9,2750,146.65,1250,0,4750
DRREDDY30JAN203000PE.NFO,07/01/2020,14:24:17,145.5,131.55,4250,146.65,1250,0,4750
DRREDDY30JAN203000PE.NFO,07/01/2020,14:24:23,145.5,131.55,4750,146.65,1250,0,4750
DRREDDY30JAN203000PE.NFO,07/01/2020,14:24:32,145.5,131.55,4250,146.65,1250,0,4750
DRREDDY30JAN203000PE.NFO,07/01/2020,14:24:36,145.5,131.55,4000,146.65,2750,0,4750
DRREDDY30JAN203000PE.NFO,07/01/2020,14:24:50,145.5,131.55,4000,146.65,2250,0,4750
DRREDDY30JAN203000PE.NFO,07/01/2020,14:24:58,145.5,131.55,4000,146.65,2750,0,4750
DRREDDY30JAN203000PE.NFO,07/01/2020,14:25:02,145.5,131.7,4250,146.65,1250,0,4750
DRREDDY30JAN203000PE.NFO,07/01/2020,14:25:06,145.5,131.7,4250,146.65,2250,0,4750
DRREDDY30JAN203000PE.NFO,07/01/2020,14:25:30,145.5,131.7,4250,146.65,1250,0,4750
DRREDDY30JAN203000PE.NFO,07/01/2020,14:25:32,145.5,131.7,4250,147,3500,0,4750
DRREDDY30JAN203000PE.NFO,07/01/2020,14:25:55,145.5,132.85,500,147,3500,0,4750
DRREDDY30JAN203000PE.NFO,07/01/2020,14:26:00,145.5,133,250,147,3500,0,4750
DRREDDY30JAN203000PE.NFO,07/01/2020,14:26:18,145.5,132.95,750,146.6,1250,0,4750
DRREDDY30JAN203000PE.NFO,07/01/2020,14:26:45,145.5,132.4,2250,146.6,2250,0,4750
DRREDDY30JAN203000PE.NFO,07/01/2020,14:26:48,145.5,132.4,3750,146.6,2750,0,4750
DRREDDY30JAN203000PE.NFO,07/01/2020,14:26:56,145.5,132.7,750,146.6,2750,0,4750
DRREDDY30JAN203000PE.NFO,07/01/2020,14:27:00,145.5,132.7,250,146.6,2750,0,4750
DRREDDY30JAN203000PE.NFO,07/01/2020,14:27:08,145.5,132.7,250,146.6,3750,0,4750
DRREDDY30JAN203000PE.NFO,07/01/2020,14:27:15,145.5,131.65,250,146.6,5250,0,4750
DRREDDY30JAN203000PE.NFO,07/01/2020,14:27:30,145.5,131.75,250,146.6,5250,0,4750
DRREDDY30JAN203000PE.NFO,07/01/2020,14:27:34,145.5,131.8,500,146.6,5250,0,4750
DRREDDY30JAN203000PE.NFO,07/01/2020,14:27:50,145.5,131.8,250,146.6,5250,0,4750
DRREDDY30JAN203000PE.NFO,07/01/2020,14:28:18,145.5,130.65,4000,146.6,5250,0,4750
DRREDDY30JAN203000PE.NFO,07/01/2020,14:28:22,145.5,131.1,2750,146.6,5250,0,4750
DRREDDY30JAN203000PE.NFO,07/01/2020,14:28:30,145.5,131.35,1000,146.6,5250,0,4750
DRREDDY30JAN203000PE.NFO,07/01/2020,14:28:34,145.5,128.35,6250,146.6,5250,0,4750
DRREDDY30JAN203000PE.NFO,07/01/2020,14:28:44,145.5,128.35,6250,144.1,750,0,4750
DRREDDY30JAN203000PE.NFO,07/01/2020,14:28:51,145.5,128.35,6250,144.65,1250,0,4750
DRREDDY30JAN203000PE.NFO,07/01/2020,14:29:05,145.5,128.8,4750,144.65,1250,0,4750
DRREDDY30JAN203000PE.NFO,07/01/2020,14:29:16,145.5,128.8,4750,144.65,2250,0,4750
DRREDDY30JAN203000PE.NFO,07/01/2020,14:29:22,145.5,128.8,4750,144.65,1250,0,4750
DRREDDY30JAN203000PE.NFO,07/01/2020,14:29:31,145.5,128.8,4000,144.65,5250,0,4750
DRREDDY30JAN203000PE.NFO,07/01/2020,14:29:39,145.5,128.8,4500,144.65,5250,0,4750
DRREDDY30JAN203000PE.NFO,07/01/2020,14:29:42,145.5,128.85,4250,144.65,2250,0,4750
DRREDDY30JAN203000PE.NFO,07/01/2020,14:29:46,145.5,128.85,4750,144.65,1250,0,4750
DRREDDY30JAN203000PE.NFO,07/01/2020,14:29:49,145.5,128.85,4750,144.65,2750,0,4750
DRREDDY30JAN203000PE.NFO,07/01/2020,14:29:57,145.5,128.85,4750,146.85,5250,0,4750
DRREDDY30JAN203000PE.NFO,07/01/2020,14:30:28,145.5,128.85,3000,146.85,5250,0,4750
DRREDDY30JAN203000PE.NFO,07/01/2020,14:30:37,145.5,128.85,1000,146.85,5250,0,4750
DRREDDY30JAN203000PE.NFO,07/01/2020,14:30:45,145.5,128.85,500,146.85,5250,0,4750
DRREDDY30JAN203000PE.NFO,07/01/2020,14:30:54,145.5,126.2,4500,146.85,5250,0,4750
DRREDDY30JAN203000PE.NFO,07/01/2020,14:31:16,145.5,126.25,1750,143.45,4250,0,4750
DRREDDY30JAN203000PE.NFO,07/01/2020,14:31:23,145.5,126.25,4750,143.45,4750,0,4750
DRREDDY30JAN203000PE.NFO,07/01/2020,14:31:30,145.5,126.25,4750,143.45,3250,0,4750
DRREDDY30JAN203000PE.NFO,07/01/2020,14:31:36,145.5,127.8,3750,143.45,3250,0,4750
DRREDDY30JAN203000PE.NFO,07/01/2020,14:31:43,145.5,127.8,3500,143.45,5250,0,4750
DRREDDY30JAN203000PE.NFO,07/01/2020,14:31:55,145.5,127.9,3750,143.45,5250,0,4750
DRREDDY30JAN203000PE.NFO,07/01/2020,14:32:01,145.5,128.1,3750,143.45,4750,0,4750
DRREDDY30JAN203000PE.NFO,07/01/2020,14:32:13,145.5,128.2,3750,143.45,4750,0,4750
DRREDDY30JAN203000PE.NFO,07/01/2020,14:32:19,145.5,128.6,2500,143.45,3250,0,4750
DRREDDY30JAN203000PE.NFO,07/01/2020,14:32:25,145.5,128.65,2000,143.45,4750,0,4750
DRREDDY30JAN203000PE.NFO,07/01/2020,14:32:31,145.5,128.65,500,143.45,5250,0,4750
DRREDDY30JAN203000PE.NFO,07/01/2020,14:32:36,145.5,128.65,2000,143.45,5250,0,4750
DRREDDY30JAN203000PE.NFO,07/01/2020,14:32:42,145.5,127.3,5000,143.45,5250,0,4750
DRREDDY30JAN203000PE.NFO,07/01/2020,14:32:53,145.5,127.6,3500,143.45,5250,0,4750
DRREDDY30JAN203000PE.NFO,07/01/2020,14:32:58,145.5,127.75,4500,143.45,5250,0,4750
DRREDDY30JAN203000PE.NFO,07/01/2020,14:33:03,145.5,127.95,3500,143.45,5250,0,4750
DRREDDY30JAN203000PE.NFO,07/01/2020,14:33:40,145.5,127.95,3000,143.45,5250,0,4750
DRREDDY30JAN203000PE.NFO,07/01/2020,14:33:46,145.5,127.95,3000,142.55,2250,0,4750
DRREDDY30JAN203000PE.NFO,07/01/2020,14:34:54,145.5,127.95,3000,142.55,2750,0,4750
DRREDDY30JAN203000PE.NFO,07/01/2020,14:35:04,145.5,127.95,2500,142.55,2750,0,4750
DRREDDY30JAN203000PE.NFO,07/01/2020,14:35:10,145.5,127.95,3500,142.55,2750,0,4750
DRREDDY30JAN203000PE.NFO,07/01/2020,14:35:16,145.5,127.95,3000,142.55,2750,0,4750
DRREDDY30JAN203000PE.NFO,07/01/2020,14:35:20,145.5,127.95,3000,143.4,2250,0,4750
DRREDDY30JAN203000PE.NFO,07/01/2020,14:35:24,145.5,128,4750,143.4,750,0,4750
DRREDDY30JAN203000PE.NFO,07/01/2020,14:35:36,145.5,129.05,3500,143.4,750,0,4750
DRREDDY30JAN203000PE.NFO,07/01/2020,14:35:46,145.5,129.2,3000,143.4,1750,0,4750
DRREDDY30JAN203000PE.NFO,07/01/2020,14:35:55,145.5,129.25,3250,143.4,1750,0,4750
DRREDDY30JAN203000PE.NFO,07/01/2020,14:36:03,145.5,129.3,2250,143.4,2750,0,4750
DRREDDY30JAN203000PE.NFO,07/01/2020,14:36:08,145.5,129.3,2000,143.4,2750,0,4750
DRREDDY30JAN203000PE.NFO,07/01/2020,14:36:19,145.5,129.3,2000,142.6,1250,0,4750
DRREDDY30JAN203000PE.NFO,07/01/2020,14:36:23,145.5,129.3,1500,142.6,1250,0,4750
DRREDDY30JAN203000PE.NFO,07/01/2020,14:36:28,145.5,129.35,2250,142.6,1250,0,4750
DRREDDY30JAN203000PE.NFO,07/01/2020,14:36:33,145.5,129.35,1750,142.6,1250,0,4750
DRREDDY30JAN203000PE.NFO,07/01/2020,14:36:49,145.5,129.4,2000,145.65,5250,0,4750
DRREDDY30JAN203000PE.NFO,07/01/2020,14:36:54,145.5,129.5,2000,145.65,5250,0,4750
DRREDDY30JAN203000PE.NFO,07/01/2020,14:37:07,145.5,129.55,1250,145.65,5250,0,4750
DRREDDY30JAN203000PE.NFO,07/01/2020,14:37:12,145.5,129.55,1750,145.65,5250,0,4750
DRREDDY30JAN203000PE.NFO,07/01/2020,14:37:53,145.5,129.55,1250,145.65,5250,0,4750
DRREDDY30JAN203000PE.NFO,07/01/2020,14:38:06,145.5,129.55,500,145.65,5250,0,4750
DRREDDY30JAN203000PE.NFO,07/01/2020,14:38:28,145.5,129.6,1250,145.65,5250,0,4750
DRREDDY30JAN203000PE.NFO,07/01/2020,14:38:34,145.5,128.65,1000,145.65,5250,0,4750
DRREDDY30JAN203000PE.NFO,07/01/2020,14:38:39,145.5,128.85,1000,145.65,5250,0,4750
DRREDDY30JAN203000PE.NFO,07/01/2020,14:38:45,145.5,128.9,500,145.65,5250,0,4750
DRREDDY30JAN203000PE.NFO,07/01/2020,14:38:52,145.5,127.75,3750,141.9,1250,0,4750
DRREDDY30JAN203000PE.NFO,07/01/2020,14:38:58,145.5,127.9,4000,141.9,1250,0,4750
DRREDDY30JAN203000PE.NFO,07/01/2020,14:39:03,145.5,128,4000,143.95,4750,0,4750
DRREDDY30JAN203000PE.NFO,07/01/2020,14:39:08,145.5,128.1,3000,143.95,5250,0,4750
DRREDDY30JAN203000PE.NFO,07/01/2020,14:39:25,145.5,128.1,1500,143.95,5250,0,4750
DRREDDY30JAN203000PE.NFO,07/01/2020,14:39:38,145.5,128.1,2000,143.95,5250,0,4750
DRREDDY30JAN203000PE.NFO,07/01/2020,14:39:52,145.5,128.1,1500,143.95,5250,0,4750
DRREDDY30JAN203000PE.NFO,07/01/2020,14:39:56,145.5,128.1,4000,143.95,4250,0,4750
DRREDDY30JAN203000PE.NFO,07/01/2020,14:40:01,145.5,128.1,4000,143.95,4750,0,4750
DRREDDY30JAN203000PE.NFO,07/01/2020,14:40:06,145.5,128.1,4000,143.95,4250,0,4750
DRREDDY30JAN203000PE.NFO,07/01/2020,14:40:22,145.5,128.1,3500,143.95,4250,0,4750
DRREDDY30JAN203000PE.NFO,07/01/2020,14:40:27,145.5,128.1,3000,143.95,4250,0,4750
DRREDDY30JAN203000PE.NFO,07/01/2020,14:40:31,145.5,128.1,2000,143.95,4750,0,4750
DRREDDY30JAN203000PE.NFO,07/01/2020,14:40:35,145.5,128.1,1500,143.95,4750,0,4750
DRREDDY30JAN203000PE.NFO,07/01/2020,14:40:40,145.5,128.1,4000,143.95,5250,0,4750
DRREDDY30JAN203000PE.NFO,07/01/2020,14:40:43,145.5,128.1,2000,143.95,5250,0,4750
DRREDDY30JAN203000PE.NFO,07/01/2020,14:40:51,145.5,128.1,3000,143.95,5250,0,4750
DRREDDY30JAN203000PE.NFO,07/01/2020,14:40:55,145.5,128.1,3500,143.95,5250,0,4750
DRREDDY30JAN203000PE.NFO,07/01/2020,14:41:01,145.5,128.1,3000,143.95,5250,0,4750
DRREDDY30JAN203000PE.NFO,07/01/2020,14:41:11,145.5,128.1,2000,143.95,5250,0,4750
DRREDDY30JAN203000PE.NFO,07/01/2020,14:41:18,145.5,128.1,2000,141.5,1250,0,4750
DRREDDY30JAN203000PE.NFO,07/01/2020,14:41:21,145.5,128.1,3000,141.5,1250,0,4750
DRREDDY30JAN203000PE.NFO,07/01/2020,14:41:24,145.5,128.1,1500,141.5,1250,0,4750
DRREDDY30JAN203000PE.NFO,07/01/2020,14:41:31,145.5,128.1,2000,141.5,1250,0,4750
DRREDDY30JAN203000PE.NFO,07/01/2020,14:41:35,145.5,128.15,2750,141.5,1250,0,4750
DRREDDY30JAN203000PE.NFO,07/01/2020,14:41:39,145.5,128.2,3500,142.3,2250,0,4750
DRREDDY30JAN203000PE.NFO,07/01/2020,14:41:44,145.5,128.2,2000,142.3,2250,0,4750
DRREDDY30JAN203000PE.NFO,07/01/2020,14:41:48,145.5,128.25,1750,142.3,3750,0,4750
DRREDDY30JAN203000PE.NFO,07/01/2020,14:41:51,145.5,128.25,1750,142.3,2250,0,4750
DRREDDY30JAN203000PE.NFO,07/01/2020,14:41:54,145.5,128.35,1750,142.3,2750,0,4750
DRREDDY30JAN203000PE.NFO,07/01/2020,14:42:02,145.5,127.85,1250,142.3,3750,0,4750
DRREDDY30JAN203000PE.NFO,07/01/2020,14:42:07,145.5,127.9,1000,142.3,3250,0,4750
DRREDDY30JAN203000PE.NFO,07/01/2020,14:42:11,145.5,127.9,1500,142.3,3250,0,4750
DRREDDY30JAN203000PE.NFO,07/01/2020,14:42:15,145.5,127.9,1500,142.3,4250,0,4750
DRREDDY30JAN203000PE.NFO,07/01/2020,14:42:19,145.5,127.9,2500,142.3,4250,0,4750
DRREDDY30JAN203000PE.NFO,07/01/2020,14:42:23,145.5,127.9,2500,142.3,3250,0,4750
DRREDDY30JAN203000PE.NFO,07/01/2020,14:42:37,145.5,127.95,2750,142.3,3250,0,4750
DRREDDY30JAN203000PE.NFO,07/01/2020,14:42:48,145.5,128.35,1000,142.3,3250,0,4750
DRREDDY30JAN203000PE.NFO,07/01/2020,14:42:56,145.5,129.3,500,143.9,4750,0,4750
DRREDDY30JAN203000PE.NFO,07/01/2020,14:43:01,145.5,129.05,500,143.9,5250,0,4750
DRREDDY30JAN203000PE.NFO,07/01/2020,14:43:46,145.5,129.05,500,143.8,6500,0,4750
DRREDDY30JAN203000PE.NFO,07/01/2020,14:43:50,145.5,129.15,500,142.6,1250,0,4750
DRREDDY30JAN203000PE.NFO,07/01/2020,14:44:16,145.5,129.15,2000,143.2,1250,0,4750
DRREDDY30JAN203000PE.NFO,07/01/2020,14:44:31,145.5,129.2,1750,145.6,4250,0,4750
DRREDDY30JAN203000PE.NFO,07/01/2020,14:44:37,145.5,129.2,4250,145.6,5250,0,4750
DRREDDY30JAN203000PE.NFO,07/01/2020,14:44:41,145.5,129.2,4750,145.55,4750,0,4750
DRREDDY30JAN203000PE.NFO,07/01/2020,14:44:45,145.5,129.2,4750,145.55,5250,0,4750
DRREDDY30JAN203000PE.NFO,07/01/2020,14:44:59,145.5,129.2,4750,145.5,2250,0,4750
DRREDDY30JAN203000PE.NFO,07/01/2020,14:45:03,145.5,129.2,4750,145.5,3250,0,4750
DRREDDY30JAN203000PE.NFO,07/01/2020,14:45:08,145.5,129.2,4750,145.5,2250,0,4750
DRREDDY30JAN203000PE.NFO,07/01/2020,14:45:16,145.5,129.2,4750,145.5,3250,0,4750
DRREDDY30JAN203000PE.NFO,07/01/2020,14:45:23,145.5,129.2,4750,145.5,2750,0,4750
DRREDDY30JAN203000PE.NFO,07/01/2020,14:45:30,145.5,129.3,5750,145.5,2750,0,4750
DRREDDY30JAN203000PE.NFO,07/01/2020,14:45:37,145.5,132.2,1500,148.7,5250,0,4750
DRREDDY30JAN203000PE.NFO,07/01/2020,14:45:41,145.5,131.7,500,148.7,5250,0,4750
DRREDDY30JAN203000PE.NFO,07/01/2020,14:45:58,145.5,131.3,1000,148.7,5250,0,4750
DRREDDY30JAN203000PE.NFO,07/01/2020,14:46:05,145.5,131.3,1500,148.7,5250,0,4750
DRREDDY30JAN203000PE.NFO,07/01/2020,14:46:10,145.5,131.3,2500,148.7,5250,0,4750
DRREDDY30JAN203000PE.NFO,07/01/2020,14:46:17,145.5,131.35,4000,148.7,5250,0,4750
DRREDDY30JAN203000PE.NFO,07/01/2020,14:46:22,145.5,131.35,4000,147.4,5250,0,4750
DRREDDY30JAN203000PE.NFO,07/01/2020,14:46:27,145.5,131.4,4250,147.4,5250,0,4750
DRREDDY30JAN203000PE.NFO,07/01/2020,14:46:47,145.5,131.45,4250,147.4,5250,0,4750
DRREDDY30JAN203000PE.NFO,07/01/2020,14:46:56,145.5,131.55,4500,147.4,4750,0,4750
DRREDDY30JAN203000PE.NFO,07/01/2020,14:47:00,145.5,131.55,5000,147.4,4750,0,4750
DRREDDY30JAN203000PE.NFO,07/01/2020,14:47:51,145.5,131.85,4750,147.4,4750,0,4750
DRREDDY30JAN203000PE.NFO,07/01/2020,14:47:55,145.5,131.85,4250,147.4,4750,0,4750
DRREDDY30JAN203000PE.NFO,07/01/2020,14:48:06,145.5,131.95,4250,147.4,5250,0,4750
DRREDDY30JAN203000PE.NFO,07/01/2020,14:48:10,145.5,132.5,3750,147.4,4750,0,4750
DRREDDY30JAN203000PE.NFO,07/01/2020,14:48:19,145.5,132.65,4500,147.4,4750,0,4750
DRREDDY30JAN203000PE.NFO,07/01/2020,14:48:22,145.5,132.8,2750,147.4,4750,0,4750
DRREDDY30JAN203000PE.NFO,07/01/2020,14:48:31,145.5,132.8,3250,147.4,4750,0,4750
DRREDDY30JAN203000PE.NFO,07/01/2020,14:48:38,145.5,132.8,4250,147.4,4750,0,4750
DRREDDY30JAN203000PE.NFO,07/01/2020,14:48:44,145.5,132.8,4750,147.4,4750,0,4750
DRREDDY30JAN203000PE.NFO,07/01/2020,14:48:46,145.5,132.8,3750,147.4,4750,0,4750
DRREDDY30JAN203000PE.NFO,07/01/2020,14:48:52,145.5,133.45,1000,145.8,1000,0,4750
DRREDDY30JAN203000PE.NFO,07/01/2020,14:48:55,145.5,133.45,500,145.8,750,0,4750
DRREDDY30JAN203000PE.NFO,07/01/2020,14:48:58,145.5,133.55,2000,145.8,750,0,4750
DRREDDY30JAN203000PE.NFO,07/01/2020,14:49:17,145.5,133.6,750,145.8,750,0,4750
DRREDDY30JAN203000PE.NFO,07/01/2020,14:49:35,145.5,133.7,2000,147.05,1250,0,4750
DRREDDY30JAN203000PE.NFO,07/01/2020,14:49:38,145.5,134.9,250,148.85,4250,0,4750
DRREDDY30JAN203000PE.NFO,07/01/2020,14:49:42,145.5,134.9,250,148.85,5250,0,4750
DRREDDY30JAN203000PE.NFO,07/01/2020,14:49:45,145.5,134.9,250,148.85,4750,0,4750
DRREDDY30JAN203000PE.NFO,07/01/2020,14:49:53,145.5,133.85,2250,148.85,5250,0,4750
DRREDDY30JAN203000PE.NFO,07/01/2020,14:49:58,145.5,134.25,1250,148.85,5250,0,4750
DRREDDY30JAN203000PE.NFO,07/01/2020,14:50:04,145.5,134.25,750,148.85,5250,0,4750
DRREDDY30JAN203000PE.NFO,07/01/2020,14:50:09,145.5,134.25,500,148.85,5250,0,4750
DRREDDY30JAN203000PE.NFO,07/01/2020,14:50:12,145.5,133.25,3250,148.85,5250,0,4750
DRREDDY30JAN203000PE.NFO,07/01/2020,14:50:17,145.5,133.55,500,148.85,5250,0,4750
DRREDDY30JAN203000PE.NFO,07/01/2020,14:50:21,145.5,133.55,1000,148.85,5250,0,4750
DRREDDY30JAN203000PE.NFO,07/01/2020,14:50:28,145.5,134.15,750,148.85,5250,0,4750
DRREDDY30JAN203000PE.NFO,07/01/2020,14:50:34,145.5,134.25,750,148.85,4750,0,4750
DRREDDY30JAN203000PE.NFO,07/01/2020,14:50:39,145.5,134.15,750,148.85,4750,0,4750
DRREDDY30JAN203000PE.NFO,07/01/2020,14:50:44,145.5,134.25,750,148.85,5250,0,4750
DRREDDY30JAN203000PE.NFO,07/01/2020,14:50:47,145.5,134.15,750,148.85,5250,0,4750
DRREDDY30JAN203000PE.NFO,07/01/2020,14:50:58,145.5,134.25,750,148.85,5250,0,4750
DRREDDY30JAN203000PE.NFO,07/01/2020,14:51:01,145.5,133.55,2500,148.85,5250,0,4750
DRREDDY30JAN203000PE.NFO,07/01/2020,14:51:06,145.5,134.25,750,148.85,4750,0,4750
DRREDDY30JAN203000PE.NFO,07/01/2020,14:51:15,145.5,134.25,750,148.85,5250,0,4750
DRREDDY30JAN203000PE.NFO,07/01/2020,14:51:24,145.5,133.55,2500,148.85,5250,0,4750
DRREDDY30JAN203000PE.NFO,07/01/2020,14:51:29,145.5,133.55,2500,147.05,750,0,4750
DRREDDY30JAN203000PE.NFO,07/01/2020,14:51:33,145.5,134.15,750,147.6,1250,0,4750
DRREDDY30JAN203000PE.NFO,07/01/2020,14:51:44,145.5,134.15,1250,147.6,1250,0,4750
DRREDDY30JAN203000PE.NFO,07/01/2020,14:51:58,145.5,133.65,2250,147.6,1250,0,4750
DRREDDY30JAN203000PE.NFO,07/01/2020,14:52:02,145.5,134.2,250,147.6,1250,0,4750
DRREDDY30JAN203000PE.NFO,07/01/2020,14:52:05,145.5,134.25,750,147.6,1750,0,4750
DRREDDY30JAN203000PE.NFO,07/01/2020,14:52:08,145.5,134.25,750,147.6,1250,0,4750
DRREDDY30JAN203000PE.NFO,07/01/2020,14:52:24,145.5,134.25,750,147.6,1750,0,4750
DRREDDY30JAN203000PE.NFO,07/01/2020,14:52:26,145.5,134.25,750,147.6,1250,0,4750
DRREDDY30JAN203000PE.NFO,07/01/2020,14:52:29,145.5,134.25,750,147.6,1750,0,4750
DRREDDY30JAN203000PE.NFO,07/01/2020,14:52:36,145.5,134.25,1250,147.6,1750,0,4750
DRREDDY30JAN203000PE.NFO,07/01/2020,14:52:38,145.5,134.25,750,147.6,1250,0,4750
DRREDDY30JAN203000PE.NFO,07/01/2020,14:52:44,145.5,134.55,1250,147.6,1250,0,4750
DRREDDY30JAN203000PE.NFO,07/01/2020,14:52:47,145.5,134.7,750,147.6,1250,0,4750
DRREDDY30JAN203000PE.NFO,07/01/2020,14:52:49,145.5,134.35,750,147.6,1750,0,4750
DRREDDY30JAN203000PE.NFO,07/01/2020,14:52:52,145.5,134.35,750,147.6,1250,0,4750
DRREDDY30JAN203000PE.NFO,07/01/2020,14:53:03,145.5,134.35,750,147.6,2250,0,4750
DRREDDY30JAN203000PE.NFO,07/01/2020,14:53:13,145.5,134.35,1250,147.6,2250,0,4750
DRREDDY30JAN203000PE.NFO,07/01/2020,14:53:19,145.5,134.7,750,148.3,1750,0,4750
DRREDDY30JAN203000PE.NFO,07/01/2020,14:53:26,145.5,134.85,250,148.3,2750,0,4750
DRREDDY30JAN203000PE.NFO,07/01/2020,14:53:32,145.5,134.85,750,148.3,1750,0,4750
DRREDDY30JAN203000PE.NFO,07/01/2020,14:53:38,145.5,134.85,750,148.3,1250,0,4750
DRREDDY30JAN203000PE.NFO,07/01/2020,14:53:43,145.5,134.85,750,148.3,1750,0,4750
DRREDDY30JAN203000PE.NFO,07/01/2020,14:53:49,145.5,133.9,1750,148.3,1750,0,4750
DRREDDY30JAN203000PE.NFO,07/01/2020,14:53:56,145.5,134.6,500,148.3,1750,0,4750
DRREDDY30JAN203000PE.NFO,07/01/2020,14:54:03,145.5,134.55,1250,147.8,1000,0,4750
DRREDDY30JAN203000PE.NFO,07/01/2020,14:54:08,145.5,134.85,1250,147.65,500,0,4750
DRREDDY30JAN203000PE.NFO,07/01/2020,14:54:14,145.5,134.85,1250,147.6,500,0,4750
DRREDDY30JAN203000PE.NFO,07/01/2020,14:54:19,145.5,134.85,1250,148.3,1250,0,4750
DRREDDY30JAN203000PE.NFO,07/01/2020,14:54:25,145.5,134.9,1750,148.3,1250,0,4750
DRREDDY30JAN203000PE.NFO,07/01/2020,14:54:31,145.5,135.05,1750,148.25,1250,0,4750
DRREDDY30JAN203000PE.NFO,07/01/2020,14:54:38,145.5,135.5,750,148.2,1250,0,4750
DRREDDY30JAN203000PE.NFO,07/01/2020,14:54:43,145.5,135.5,750,148.2,500,0,4750
DRREDDY30JAN203000PE.NFO,07/01/2020,14:54:49,145.5,134.65,1250,148.1,500,0,4750
DRREDDY30JAN203000PE.NFO,07/01/2020,14:54:54,145.5,134.65,1250,147.9,500,0,4750
DRREDDY30JAN203000PE.NFO,07/01/2020,14:54:58,145.5,134.65,1250,147.85,500,0,4750
DRREDDY30JAN203000PE.NFO,07/01/2020,14:55:07,145.5,134.7,1000,147.85,500,0,4750
DRREDDY30JAN203000PE.NFO,07/01/2020,14:55:20,145.5,134.85,1750,147.85,500,0,4750
DRREDDY30JAN203000PE.NFO,07/01/2020,14:55:24,145.5,135.05,1250,147.85,500,0,4750
DRREDDY30JAN203000PE.NFO,07/01/2020,14:55:28,145.5,135,1750,147.8,1250,0,4750
DRREDDY30JAN203000PE.NFO,07/01/2020,14:55:32,145.5,135.15,1000,147.8,1250,0,4750
DRREDDY30JAN203000PE.NFO,07/01/2020,14:55:36,145.5,135,1250,147.8,1750,0,4750
DRREDDY30JAN203000PE.NFO,07/01/2020,14:55:39,145.5,135.05,1000,147.8,1750,0,4750
DRREDDY30JAN203000PE.NFO,07/01/2020,14:55:42,145.5,135.05,1000,147.8,2250,0,4750
DRREDDY30JAN203000PE.NFO,07/01/2020,14:55:45,145.5,135,250,147.8,1250,0,4750
DRREDDY30JAN203000PE.NFO,07/01/2020,14:55:49,145.5,134.1,2500,147.5,1250,0,4750
DRREDDY30JAN203000PE.NFO,07/01/2020,14:55:52,145.5,134.55,2000,147.45,1250,0,4750
DRREDDY30JAN203000PE.NFO,07/01/2020,14:55:55,145.5,134.7,1250,147.45,1250,0,4750
DRREDDY30JAN203000PE.NFO,07/01/2020,14:55:59,145.5,133.8,1250,147.45,1250,0,4750
DRREDDY30JAN203000PE.NFO,07/01/2020,14:56:03,145.5,134.2,1250,150.1,3750,0,4750
DRREDDY30JAN203000PE.NFO,07/01/2020,14:56:07,145.5,134.35,2000,150.1,4750,0,4750
DRREDDY30JAN203000PE.NFO,07/01/2020,14:56:15,145.5,134.35,1250,150.1,4750,0,4750
DRREDDY30JAN203000PE.NFO,07/01/2020,14:56:18,145.5,134.4,2250,150.1,4250,0,4750
DRREDDY30JAN203000PE.NFO,07/01/2020,14:56:22,145.5,134.4,2250,150.1,5250,0,4750
DRREDDY30JAN203000PE.NFO,07/01/2020,14:56:26,145.5,134.4,1250,150.1,5250,0,4750
DRREDDY30JAN203000PE.NFO,07/01/2020,14:56:30,145.5,134.4,1750,150.1,5250,0,4750
DRREDDY30JAN203000PE.NFO,07/01/2020,14:56:33,145.5,134.4,1250,150.1,5250,0,4750
DRREDDY30JAN203000PE.NFO,07/01/2020,14:56:36,145.5,134.4,1250,147.35,750,0,4750
DRREDDY30JAN203000PE.NFO,07/01/2020,14:56:40,145.5,134.4,1250,147.35,1250,0,4750
DRREDDY30JAN203000PE.NFO,07/01/2020,14:57:21,145.5,134.4,1750,147.35,1250,0,4750
DRREDDY30JAN203000PE.NFO,07/01/2020,14:57:33,145.5,135.1,1500,147.35,500,0,4750
DRREDDY30JAN203000PE.NFO,07/01/2020,14:57:41,145.5,135.4,1750,149.3,1250,0,4750
DRREDDY30JAN203000PE.NFO,07/01/2020,14:58:27,145.5,134.85,500,149.3,3250,0,4750
DRREDDY30JAN203000PE.NFO,07/01/2020,14:58:29,145.5,135.25,1750,149.3,2750,0,4750
DRREDDY30JAN203000PE.NFO,07/01/2020,14:58:32,145.5,135.7,1250,149.3,2750,0,4750
DRREDDY30JAN203000PE.NFO,07/01/2020,14:58:36,145.5,135.85,750,149.3,2750,0,4750
DRREDDY30JAN203000PE.NFO,07/01/2020,14:58:54,145.5,136,1000,149.3,1250,0,4750
DRREDDY30JAN203000PE.NFO,07/01/2020,14:58:57,145.5,136,750,149.3,1250,0,4750
DRREDDY30JAN203000PE.NFO,07/01/2020,14:59:06,145.5,136.3,750,149.3,1250,0,4750
DRREDDY30JAN203000PE.NFO,07/01/2020,14:59:12,145.5,136.4,250,149.15,750,0,4750
DRREDDY30JAN203000PE.NFO,07/01/2020,14:59:16,145.5,136.3,1250,149.15,750,0,4750
DRREDDY30JAN203000PE.NFO,07/01/2020,14:59:23,145.5,136.3,750,149.15,750,0,4750
DRREDDY30JAN203000PE.NFO,07/01/2020,14:59:57,145.5,136.3,500,149.15,750,0,4750
DRREDDY30JAN203000PE.NFO,07/01/2020,15:00:03,145.5,134.1,3500,149.15,3750,0,4750
DRREDDY30JAN203000PE.NFO,07/01/2020,15:00:12,145.5,134.85,1500,149.15,2750,0,4750
DRREDDY30JAN203000PE.NFO,07/01/2020,15:00:19,145.5,135.15,1000,149.15,2750,0,4750
DRREDDY30JAN203000PE.NFO,07/01/2020,15:00:42,145.5,134.7,1750,149.15,2750,0,4750
DRREDDY30JAN203000PE.NFO,07/01/2020,15:00:47,145.5,135.25,2750,149.15,1250,0,4750
DRREDDY30JAN203000PE.NFO,07/01/2020,15:00:52,145.5,135.25,3250,149.15,1250,0,4750
DRREDDY30JAN203000PE.NFO,07/01/2020,15:01:01,145.5,135.25,2750,149.15,1250,0,4750
DRREDDY30JAN203000PE.NFO,07/01/2020,15:01:19,145.5,135.25,2750,149.15,1750,0,4750
DRREDDY30JAN203000PE.NFO,07/01/2020,15:01:23,145.5,135.7,1750,149.15,1250,0,4750
DRREDDY30JAN203000PE.NFO,07/01/2020,15:01:26,145.5,135.7,1750,149.15,2250,0,4750
DRREDDY30JAN203000PE.NFO,07/01/2020,15:01:38,145.5,135.7,1750,148.9,1250,0,4750
DRREDDY30JAN203000PE.NFO,07/01/2020,15:02:00,145.5,135.7,2750,148.9,1250,0,4750
DRREDDY30JAN203000PE.NFO,07/01/2020,15:02:04,145.5,135.8,5000,152.1,3750,0,4750
DRREDDY30JAN203000PE.NFO,07/01/2020,15:02:09,145.5,135.8,5000,153.3,3750,0,4750
DRREDDY30JAN203000PE.NFO,07/01/2020,15:02:45,145.5,138.55,2250,153.3,3750,0,4750
DRREDDY30JAN203000PE.NFO,07/01/2020,15:02:50,145.5,138.7,500,152.9,4250,0,4750
DRREDDY30JAN203000PE.NFO,07/01/2020,15:02:54,145.5,139,1000,152.9,3250,0,4750
DRREDDY30JAN203000PE.NFO,07/01/2020,15:02:59,145.5,139.15,500,152.9,3250,0,4750
DRREDDY30JAN203000PE.NFO,07/01/2020,15:03:04,145.5,139.15,500,152.9,4250,0,4750
DRREDDY30JAN203000PE.NFO,07/01/2020,15:03:09,145.5,139.15,500,152.9,3250,0,4750
DRREDDY30JAN203000PE.NFO,07/01/2020,15:03:13,145.5,139.15,500,152.9,4250,0,4750
DRREDDY30JAN203000PE.NFO,07/01/2020,15:03:38,145.5,136.5,5750,152.9,4750,0,4750
DRREDDY30JAN203000PE.NFO,07/01/2020,15:03:42,145.5,136.5,6250,152.9,5250,0,4750
DRREDDY30JAN203000PE.NFO,07/01/2020,15:03:46,145.5,138.5,2750,152.9,3250,0,4750
DRREDDY30JAN203000PE.NFO,07/01/2020,15:03:51,145.5,138.9,1750,152.9,4250,0,4750
DRREDDY30JAN203000PE.NFO,07/01/2020,15:03:56,145.5,138.9,1250,152.9,4250,0,4750
DRREDDY30JAN203000PE.NFO,07/01/2020,15:04:03,145.5,139.05,750,152.9,3250,0,4750
DRREDDY30JAN203000PE.NFO,07/01/2020,15:04:09,145.5,138.9,1000,151.9,1250,0,4750
DRREDDY30JAN203000PE.NFO,07/01/2020,15:04:14,145.5,138.9,750,151.85,750,0,4750
DRREDDY30JAN203000PE.NFO,07/01/2020,15:04:19,145.5,138.9,750,151.85,1250,0,4750
DRREDDY30JAN203000PE.NFO,07/01/2020,15:04:23,145.5,138.9,750,152.55,3250,0,4750
DRREDDY30JAN203000PE.NFO,07/01/2020,15:04:27,145.5,138.9,500,152.55,4250,0,4750
DRREDDY30JAN203000PE.NFO,07/01/2020,15:04:31,145.5,137.6,2500,152.55,4250,0,4750
DRREDDY30JAN203000PE.NFO,07/01/2020,15:04:35,145.5,138.05,2500,152.55,4250,0,4750
DRREDDY30JAN203000PE.NFO,07/01/2020,15:04:51,145.5,138.2,2500,152.55,3250,0,4750
DRREDDY30JAN203000PE.NFO,07/01/2020,15:04:55,145.5,138.35,750,152.55,4250,0,4750
DRREDDY30JAN203000PE.NFO,07/01/2020,15:05:11,145.5,138.6,750,152.55,4250,0,4750
DRREDDY30JAN203000PE.NFO,07/01/2020,15:05:16,145.5,138.6,500,152.55,4250,0,4750
DRREDDY30JAN203000PE.NFO,07/01/2020,15:05:26,145.5,138.6,500,152.55,3250,0,4750
DRREDDY30JAN203000PE.NFO,07/01/2020,15:05:36,145.5,138.6,250,152.55,3750,0,4750
DRREDDY30JAN203000PE.NFO,07/01/2020,15:05:39,145.5,138.6,250,152.55,3250,0,4750
DRREDDY30JAN203000PE.NFO,07/01/2020,15:05:43,145.5,138.6,250,152.55,4250,0,4750
DRREDDY30JAN203000PE.NFO,07/01/2020,15:05:56,145.5,138.6,250,152.55,3250,0,4750
DRREDDY30JAN203000PE.NFO,07/01/2020,15:06:09,145.5,138.6,250,152.55,3750,0,4750
DRREDDY30JAN203000PE.NFO,07/01/2020,15:06:18,145.5,138.6,250,152.55,3250,0,4750
DRREDDY30JAN203000PE.NFO,07/01/2020,15:06:27,145.5,138.75,1250,152.55,3250,0,4750
DRREDDY30JAN203000PE.NFO,07/01/2020,15:06:34,145.5,138.75,2250,152.55,3250,0,4750
DRREDDY30JAN203000PE.NFO,07/01/2020,15:06:37,145.5,138.75,2250,152.25,1250,0,4750
DRREDDY30JAN203000PE.NFO,07/01/2020,15:06:43,145.5,138.75,2250,152.25,1750,0,4750
DRREDDY30JAN203000PE.NFO,07/01/2020,15:06:46,145.5,139.65,750,155.1,5250,0,4750
DRREDDY30JAN203000PE.NFO,07/01/2020,15:06:54,145.5,139.05,2500,155.1,5250,0,4750
DRREDDY30JAN203000PE.NFO,07/01/2020,15:06:58,145.5,139.4,2250,155.1,5250,0,4750
DRREDDY30JAN203000PE.NFO,07/01/2020,15:07:07,145.5,139.55,750,155.1,5250,0,4750
DRREDDY30JAN203000PE.NFO,07/01/2020,15:07:17,145.5,139.55,500,155.1,5250,0,4750
DRREDDY30JAN203000PE.NFO,07/01/2020,15:07:33,145.5,139.7,500,155.1,5250,0,4750
DRREDDY30JAN203000PE.NFO,07/01/2020,15:07:55,145.5,139.6,750,155.1,5250,0,4750
DRREDDY30JAN203000PE.NFO,07/01/2020,15:07:58,145.5,139.3,250,155.1,5250,0,4750
DRREDDY30JAN203000PE.NFO,07/01/2020,15:08:06,145.5,139.05,750,155.1,5250,0,4750
DRREDDY30JAN203000PE.NFO,07/01/2020,15:08:41,145.5,138.45,1250,155.1,5250,0,4750
DRREDDY30JAN203000PE.NFO,07/01/2020,15:08:48,145.5,138.75,1250,155.1,5250,0,4750
DRREDDY30JAN203000PE.NFO,07/01/2020,15:08:55,145.5,138.8,1750,155.1,5250,0,4750
DRREDDY30JAN203000PE.NFO,07/01/2020,15:09:12,145.5,138.8,1750,152.5,750,0,4750
DRREDDY30JAN203000PE.NFO,07/01/2020,15:09:23,145.5,138.8,1000,152.5,750,0,4750
DRREDDY30JAN203000PE.NFO,07/01/2020,15:09:28,145.5,138.8,1000,152.5,1250,0,4750
DRREDDY30JAN203000PE.NFO,07/01/2020,15:09:44,145.5,138.8,1000,152.5,2750,0,4750
DRREDDY30JAN203000PE.NFO,07/01/2020,15:09:59,145.5,138.8,1000,152.5,3250,0,4750
DRREDDY30JAN203000PE.NFO,07/01/2020,15:10:04,145.5,138.8,1000,152.5,2750,0,4750
DRREDDY30JAN203000PE.NFO,07/01/2020,15:10:22,145.5,138.8,1000,152.5,1750,0,4750
DRREDDY30JAN203000PE.NFO,07/01/2020,15:10:26,145.5,138.8,1000,152.5,2750,0,4750
DRREDDY30JAN203000PE.NFO,07/01/2020,15:10:36,145.5,138.95,1500,152.5,2750,0,4750
DRREDDY30JAN203000PE.NFO,07/01/2020,15:10:41,145.5,138.95,1500,152.5,1750,0,4750
DRREDDY30JAN203000PE.NFO,07/01/2020,15:10:46,145.5,139.1,750,152.5,1750,0,4750
DRREDDY30JAN203000PE.NFO,07/01/2020,15:10:51,145.5,139.1,750,152.5,2750,0,4750
DRREDDY30JAN203000PE.NFO,07/01/2020,15:10:56,145.5,139.1,750,152.5,1750,0,4750
DRREDDY30JAN203000PE.NFO,07/01/2020,15:11:02,145.5,136.6,3750,152.5,4250,0,4750
DRREDDY30JAN203000PE.NFO,07/01/2020,15:11:08,145.5,137.95,500,152.5,4250,0,4750
