Ticker,Date,Time,LTP,BuyPrice,BuyQty,SellPrice,SellQty,LTQ,OpenInterest
EICHERMOT30JAN2022000CE.NFO,07/01/2020,09:15:23,403.4,380.5,30,403.4,30,60,10470
EICHERMOT30JAN2022000CE.NFO,07/01/2020,09:15:23,403.4,380.5,30,403.4,30,0,10470
EICHERMOT30JAN2022000CE.NFO,07/01/2020,09:15:23,403.4,380.5,30,403.4,30,0,10470
EICHERMOT30JAN2022000CE.NFO,07/01/2020,09:15:23,403.4,380.5,30,403.4,30,0,10470
EICHERMOT30JAN2022000CE.NFO,07/01/2020,09:15:24,403.4,378.9,60,403.4,30,0,10470
EICHERMOT30JAN2022000CE.NFO,07/01/2020,09:15:26,403.4,379.2,30,403.4,30,0,10470
EICHERMOT30JAN2022000CE.NFO,07/01/2020,09:15:28,403.4,379.2,30,396.45,90,0,10470
EICHERMOT30JAN2022000CE.NFO,07/01/2020,09:15:29,403.4,379.55,30,396.75,90,0,10470
EICHERMOT30JAN2022000CE.NFO,07/01/2020,09:15:31,396.75,380.05,60,396.75,30,60,10470
EICHERMOT30JAN2022000CE.NFO,07/01/2020,09:15:31,396.75,380.05,60,396.75,30,0,10470
EICHERMOT30JAN2022000CE.NFO,07/01/2020,09:15:32,396.75,409.05,30,442.65,60,0,10470
EICHERMOT30JAN2022000CE.NFO,07/01/2020,09:15:33,396.75,417.45,30,441.8,30,0,10470
EICHERMOT30JAN2022000CE.NFO,07/01/2020,09:15:34,396.75,410.4,30,441.8,30,0,10470
EICHERMOT30JAN2022000CE.NFO,07/01/2020,09:15:35,396.75,419.5,30,441.7,30,0,10470
EICHERMOT30JAN2022000CE.NFO,07/01/2020,09:15:37,396.75,420.65,30,441.6,30,0,10470
EICHERMOT30JAN2022000CE.NFO,07/01/2020,09:15:38,396.75,426.05,30,458.95,30,0,10470
EICHERMOT30JAN2022000CE.NFO,07/01/2020,09:15:39,396.75,430.15,30,458.8,30,0,10470
EICHERMOT30JAN2022000CE.NFO,07/01/2020,09:15:41,396.75,426.25,30,458.75,30,0,10470
EICHERMOT30JAN2022000CE.NFO,07/01/2020,09:15:42,396.75,435.95,30,458.25,90,0,10470
EICHERMOT30JAN2022000CE.NFO,07/01/2020,09:15:43,396.75,435.55,30,458,30,0,10470
EICHERMOT30JAN2022000CE.NFO,07/01/2020,09:15:44,435.55,406.1,90,425,30,30,10470
EICHERMOT30JAN2022000CE.NFO,07/01/2020,09:15:44,435.55,406.1,90,425,30,0,10470
EICHERMOT30JAN2022000CE.NFO,07/01/2020,09:15:45,425,407.45,30,457.05,30,30,10470
EICHERMOT30JAN2022000CE.NFO,07/01/2020,09:15:46,425,407.6,30,446.25,30,0,10470
EICHERMOT30JAN2022000CE.NFO,07/01/2020,09:15:48,425,408.25,30,446.25,30,0,10470
EICHERMOT30JAN2022000CE.NFO,07/01/2020,09:15:49,425,408.6,30,446.25,30,0,10470
EICHERMOT30JAN2022000CE.NFO,07/01/2020,09:15:50,425,409,30,450,30,0,10470
EICHERMOT30JAN2022000CE.NFO,07/01/2020,09:15:51,425,409.55,30,449.95,30,0,10470
EICHERMOT30JAN2022000CE.NFO,07/01/2020,09:15:52,425,411,30,449.95,30,0,10470
EICHERMOT30JAN2022000CE.NFO,07/01/2020,09:15:53,425,411.2,30,449.95,30,0,10470
EICHERMOT30JAN2022000CE.NFO,07/01/2020,09:15:54,425,411.7,30,449,30,0,10470
EICHERMOT30JAN2022000CE.NFO,07/01/2020,09:15:55,425,411.9,30,448.95,30,0,10470
EICHERMOT30JAN2022000CE.NFO,07/01/2020,09:15:56,425,411.9,30,434.95,30,0,10470
EICHERMOT30JAN2022000CE.NFO,07/01/2020,09:15:57,425,411.9,30,435,30,0,10470
EICHERMOT30JAN2022000CE.NFO,07/01/2020,09:15:59,425,382.95,30,434.9,60,0,10470
EICHERMOT30JAN2022000CE.NFO,07/01/2020,09:16:00,425,383.05,30,434.9,60,0,10470
EICHERMOT30JAN2022000CE.NFO,07/01/2020,09:16:01,425,385.7,30,420,30,0,10470
EICHERMOT30JAN2022000CE.NFO,07/01/2020,09:16:02,425,386.75,30,420,30,0,10470
EICHERMOT30JAN2022000CE.NFO,07/01/2020,09:16:03,425,388.9,30,420,60,0,10470
EICHERMOT30JAN2022000CE.NFO,07/01/2020,09:16:04,425,389.05,30,419.85,30,0,10470
EICHERMOT30JAN2022000CE.NFO,07/01/2020,09:16:05,425,389.05,30,419.75,30,0,10470
EICHERMOT30JAN2022000CE.NFO,07/01/2020,09:16:06,425,389.05,30,419.65,30,0,10470
EICHERMOT30JAN2022000CE.NFO,07/01/2020,09:16:07,425,389.25,30,418.8,30,0,10470
EICHERMOT30JAN2022000CE.NFO,07/01/2020,09:16:08,425,389.65,30,418.25,30,0,10470
EICHERMOT30JAN2022000CE.NFO,07/01/2020,09:16:09,425,389.85,30,417.9,30,0,10470
EICHERMOT30JAN2022000CE.NFO,07/01/2020,09:16:10,425,390.05,30,417.45,30,0,10470
EICHERMOT30JAN2022000CE.NFO,07/01/2020,09:16:11,425,390.15,30,417.4,30,0,10470
EICHERMOT30JAN2022000CE.NFO,07/01/2020,09:16:12,425,390.2,30,400,30,0,10470
EICHERMOT30JAN2022000CE.NFO,07/01/2020,09:16:21,400,400,30,411.25,60,30,10470
EICHERMOT30JAN2022000CE.NFO,07/01/2020,09:16:22,400,400.85,30,411.15,60,0,10470
EICHERMOT30JAN2022000CE.NFO,07/01/2020,09:16:23,401.05,390.2,30,413.55,30,30,10470
EICHERMOT30JAN2022000CE.NFO,07/01/2020,09:16:24,401.05,390.2,30,411.65,30,0,10470
EICHERMOT30JAN2022000CE.NFO,07/01/2020,09:16:25,401.05,390.2,30,411.25,60,0,10470
EICHERMOT30JAN2022000CE.NFO,07/01/2020,09:16:26,401.05,390.2,30,410.6,30,0,10470
EICHERMOT30JAN2022000CE.NFO,07/01/2020,09:16:27,401.05,390.2,30,410.8,30,0,10470
EICHERMOT30JAN2022000CE.NFO,07/01/2020,09:16:29,401.05,390.5,30,422.65,30,0,10470
EICHERMOT30JAN2022000CE.NFO,07/01/2020,09:16:30,401.05,391.45,30,420.55,30,0,10470
EICHERMOT30JAN2022000CE.NFO,07/01/2020,09:16:31,401.05,391.9,30,417.6,30,0,10470
EICHERMOT30JAN2022000CE.NFO,07/01/2020,09:16:32,401.05,392.1,30,416.6,30,0,10470
EICHERMOT30JAN2022000CE.NFO,07/01/2020,09:16:33,401.05,392.25,30,416.15,30,0,10470
EICHERMOT30JAN2022000CE.NFO,07/01/2020,09:16:34,401.05,392.7,30,415.75,30,0,10470
EICHERMOT30JAN2022000CE.NFO,07/01/2020,09:16:35,401.05,392.7,30,414.45,30,0,10470
EICHERMOT30JAN2022000CE.NFO,07/01/2020,09:16:36,401.05,392.7,30,413.55,30,0,10470
EICHERMOT30JAN2022000CE.NFO,07/01/2020,09:16:37,392.7,364.1,60,413.05,30,30,10470
EICHERMOT30JAN2022000CE.NFO,07/01/2020,09:16:37,392.7,364.1,60,413.05,30,0,10470
EICHERMOT30JAN2022000CE.NFO,07/01/2020,09:16:38,392.7,368.9,30,412.7,30,0,10470
EICHERMOT30JAN2022000CE.NFO,07/01/2020,09:16:39,392.7,369.25,30,422.7,30,0,10470
EICHERMOT30JAN2022000CE.NFO,07/01/2020,09:16:40,392.7,369.25,30,421.25,30,0,10470
EICHERMOT30JAN2022000CE.NFO,07/01/2020,09:16:41,392.7,369.25,90,421.05,30,0,10470
EICHERMOT30JAN2022000CE.NFO,07/01/2020,09:16:42,392.7,369.25,30,413.75,30,0,10470
EICHERMOT30JAN2022000CE.NFO,07/01/2020,09:16:43,392.7,369.25,30,413.3,30,0,10470
EICHERMOT30JAN2022000CE.NFO,07/01/2020,09:16:44,413.15,372,30,413.25,30,30,10470
EICHERMOT30JAN2022000CE.NFO,07/01/2020,09:16:45,413.15,378.5,30,413.25,30,0,10470
EICHERMOT30JAN2022000CE.NFO,07/01/2020,09:16:46,413.15,383.1,30,401.05,30,0,10470
EICHERMOT30JAN2022000CE.NFO,07/01/2020,09:16:47,413.15,387.6,30,401.05,30,0,10470
EICHERMOT30JAN2022000CE.NFO,07/01/2020,09:16:48,401.05,389.25,30,413.25,30,30,10470
EICHERMOT30JAN2022000CE.NFO,07/01/2020,09:16:49,401.05,390.05,30,413.25,30,0,10470
EICHERMOT30JAN2022000CE.NFO,07/01/2020,09:16:50,401.05,390.6,30,413.25,30,0,10470
EICHERMOT30JAN2022000CE.NFO,07/01/2020,09:16:51,401.05,390.85,30,412.85,30,0,10470
EICHERMOT30JAN2022000CE.NFO,07/01/2020,09:16:52,401.05,390.85,30,412.75,30,0,10470
EICHERMOT30JAN2022000CE.NFO,07/01/2020,09:16:53,401.05,370.25,30,412.2,30,0,10470
EICHERMOT30JAN2022000CE.NFO,07/01/2020,09:16:54,401.05,371.45,30,412.15,30,0,10470
EICHERMOT30JAN2022000CE.NFO,07/01/2020,09:16:55,401.05,372.3,30,412.15,30,0,10470
EICHERMOT30JAN2022000CE.NFO,07/01/2020,09:16:56,401.05,372.8,30,412.15,30,0,10470
EICHERMOT30JAN2022000CE.NFO,07/01/2020,09:16:57,401.05,374.25,30,412.15,30,0,10470
EICHERMOT30JAN2022000CE.NFO,07/01/2020,09:16:58,401.05,375.15,30,412.15,30,0,10470
EICHERMOT30JAN2022000CE.NFO,07/01/2020,09:16:59,401.05,379.15,30,412.15,30,0,10470
EICHERMOT30JAN2022000CE.NFO,07/01/2020,09:17:00,401.05,384.1,30,412.15,30,0,10470
EICHERMOT30JAN2022000CE.NFO,07/01/2020,09:17:01,401.05,384.75,30,412.15,30,0,10470
EICHERMOT30JAN2022000CE.NFO,07/01/2020,09:17:02,401.05,386.25,30,409.95,30,0,10470
EICHERMOT30JAN2022000CE.NFO,07/01/2020,09:17:03,401.05,387.65,30,409.95,30,0,10470
EICHERMOT30JAN2022000CE.NFO,07/01/2020,09:17:04,401.05,388.25,30,409.95,30,0,10470
EICHERMOT30JAN2022000CE.NFO,07/01/2020,09:17:05,401.05,388.6,30,409.95,30,0,10470
EICHERMOT30JAN2022000CE.NFO,07/01/2020,09:17:06,401.05,389.05,30,409.95,30,0,10470
EICHERMOT30JAN2022000CE.NFO,07/01/2020,09:17:07,401.05,389.05,30,408.95,30,0,10470
EICHERMOT30JAN2022000CE.NFO,07/01/2020,09:17:08,401.05,389.05,30,408.85,30,0,10470
EICHERMOT30JAN2022000CE.NFO,07/01/2020,09:17:09,401.05,389.05,30,408.8,30,0,10470
EICHERMOT30JAN2022000CE.NFO,07/01/2020,09:17:10,401.05,389.05,30,408.75,30,0,10470
EICHERMOT30JAN2022000CE.NFO,07/01/2020,09:17:11,401.05,389.05,30,408.9,30,0,10470
EICHERMOT30JAN2022000CE.NFO,07/01/2020,09:17:12,401.05,389.05,30,408.95,30,0,10470
EICHERMOT30JAN2022000CE.NFO,07/01/2020,09:17:18,401.05,389.25,30,409,30,0,10470
EICHERMOT30JAN2022000CE.NFO,07/01/2020,09:17:19,401.05,389.35,30,409,30,0,10470
EICHERMOT30JAN2022000CE.NFO,07/01/2020,09:17:20,401.05,389.45,30,409,30,0,10470
EICHERMOT30JAN2022000CE.NFO,07/01/2020,09:17:22,401.05,389.45,30,408.95,30,0,10470
EICHERMOT30JAN2022000CE.NFO,07/01/2020,09:17:23,401.05,389.45,30,409,30,0,10470
EICHERMOT30JAN2022000CE.NFO,07/01/2020,09:17:24,401.05,389.65,30,408.95,30,0,10470
EICHERMOT30JAN2022000CE.NFO,07/01/2020,09:17:25,401.05,389.65,30,409,30,0,10470
EICHERMOT30JAN2022000CE.NFO,07/01/2020,09:17:26,401.05,389.65,30,408.95,30,0,10470
EICHERMOT30JAN2022000CE.NFO,07/01/2020,09:17:29,401.05,367.8,30,408.35,30,0,10470
EICHERMOT30JAN2022000CE.NFO,07/01/2020,09:17:30,401.05,368.7,30,406.7,30,0,10470
EICHERMOT30JAN2022000CE.NFO,07/01/2020,09:17:31,401.05,368.85,30,406.05,30,0,10470
EICHERMOT30JAN2022000CE.NFO,07/01/2020,09:17:32,401.05,369.15,30,405.7,30,0,10470
EICHERMOT30JAN2022000CE.NFO,07/01/2020,09:17:33,401.05,369.5,30,405.2,30,0,10470
EICHERMOT30JAN2022000CE.NFO,07/01/2020,09:17:34,401.05,370.45,30,404,30,0,10470
EICHERMOT30JAN2022000CE.NFO,07/01/2020,09:17:35,401.05,351,30,402.35,60,0,10470
EICHERMOT30JAN2022000CE.NFO,07/01/2020,09:17:36,401.05,355.55,30,401.35,60,0,10470
EICHERMOT30JAN2022000CE.NFO,07/01/2020,09:17:37,401.05,358.65,30,398.95,30,0,10470
EICHERMOT30JAN2022000CE.NFO,07/01/2020,09:17:38,401.05,360.05,30,397.45,30,0,10470
EICHERMOT30JAN2022000CE.NFO,07/01/2020,09:17:39,401.05,361.2,30,396.2,30,0,10470
EICHERMOT30JAN2022000CE.NFO,07/01/2020,09:17:40,401.05,368.25,30,395.75,30,0,10470
EICHERMOT30JAN2022000CE.NFO,07/01/2020,09:17:41,401.05,370.05,30,395.75,30,0,10470
EICHERMOT30JAN2022000CE.NFO,07/01/2020,09:17:43,401.05,370.4,30,395.45,30,0,10470
EICHERMOT30JAN2022000CE.NFO,07/01/2020,09:17:45,401.05,370.85,30,395.45,30,0,10470
EICHERMOT30JAN2022000CE.NFO,07/01/2020,09:17:47,401.05,353.9,30,395.15,30,0,10470
EICHERMOT30JAN2022000CE.NFO,07/01/2020,09:17:48,401.05,361.9,90,395.15,30,0,10470
EICHERMOT30JAN2022000CE.NFO,07/01/2020,09:17:49,401.05,362.55,30,395.15,30,0,10470
EICHERMOT30JAN2022000CE.NFO,07/01/2020,09:17:50,401.05,364.6,30,395.15,30,0,10470
EICHERMOT30JAN2022000CE.NFO,07/01/2020,09:17:51,401.05,368.75,30,395.15,30,0,10470
EICHERMOT30JAN2022000CE.NFO,07/01/2020,09:17:52,401.05,369,30,395.15,30,0,10470
EICHERMOT30JAN2022000CE.NFO,07/01/2020,09:17:53,401.05,369.1,30,395.15,30,0,10470
EICHERMOT30JAN2022000CE.NFO,07/01/2020,09:17:54,401.05,370.85,30,395.15,30,0,10470
EICHERMOT30JAN2022000CE.NFO,07/01/2020,09:17:55,401.05,372.05,30,395.15,30,0,10470
EICHERMOT30JAN2022000CE.NFO,07/01/2020,09:17:56,401.05,372.6,60,395.15,30,0,10470
EICHERMOT30JAN2022000CE.NFO,07/01/2020,09:18:00,380,372.6,60,395.15,30,30,10590
EICHERMOT30JAN2022000CE.NFO,07/01/2020,09:18:00,380,372.6,60,395.15,30,0,10590
EICHERMOT30JAN2022000CE.NFO,07/01/2020,09:18:01,380,372.6,60,395.15,30,0,10590
EICHERMOT30JAN2022000CE.NFO,07/01/2020,09:18:04,380,372.6,60,408.25,30,0,10590
EICHERMOT30JAN2022000CE.NFO,07/01/2020,09:18:05,380,372.8,60,407.4,30,0,10590
EICHERMOT30JAN2022000CE.NFO,07/01/2020,09:18:07,380,372.8,60,407.2,30,0,10590
EICHERMOT30JAN2022000CE.NFO,07/01/2020,09:18:09,380,372.8,60,399.95,30,0,10590
EICHERMOT30JAN2022000CE.NFO,07/01/2020,09:18:10,380,372.8,60,390.05,30,0,10590
EICHERMOT30JAN2022000CE.NFO,07/01/2020,09:18:17,380,372.8,30,390.05,30,0,10590
EICHERMOT30JAN2022000CE.NFO,07/01/2020,09:18:21,390.05,380.2,30,399.95,30,30,10590
EICHERMOT30JAN2022000CE.NFO,07/01/2020,09:18:22,390.05,380.2,30,399.95,30,0,10590
EICHERMOT30JAN2022000CE.NFO,07/01/2020,09:18:23,390.05,368.75,30,400,30,0,10590
EICHERMOT30JAN2022000CE.NFO,07/01/2020,09:18:24,390.05,369.65,30,399.95,30,0,10590
EICHERMOT30JAN2022000CE.NFO,07/01/2020,09:18:25,390.05,359.35,30,399.75,30,0,10590
EICHERMOT30JAN2022000CE.NFO,07/01/2020,09:18:26,390.05,359.8,30,399.25,60,0,10590
EICHERMOT30JAN2022000CE.NFO,07/01/2020,09:18:27,390.05,360.55,30,398.5,30,0,10590
EICHERMOT30JAN2022000CE.NFO,07/01/2020,09:18:28,390.05,361.45,30,397.7,30,0,10590
EICHERMOT30JAN2022000CE.NFO,07/01/2020,09:18:31,390.05,363.65,30,395.6,30,0,10590
EICHERMOT30JAN2022000CE.NFO,07/01/2020,09:18:33,390.05,364.55,30,394.6,30,0,10590
EICHERMOT30JAN2022000CE.NFO,07/01/2020,09:18:34,390.05,364.95,30,394.3,30,0,10590
EICHERMOT30JAN2022000CE.NFO,07/01/2020,09:18:35,390.05,365.45,30,394.2,30,0,10590
EICHERMOT30JAN2022000CE.NFO,07/01/2020,09:18:36,390.05,366.15,30,393.75,30,0,10590
EICHERMOT30JAN2022000CE.NFO,07/01/2020,09:18:37,390.05,366.15,30,393.3,30,0,10590
EICHERMOT30JAN2022000CE.NFO,07/01/2020,09:18:38,390.05,366.15,30,392.05,30,0,10590
EICHERMOT30JAN2022000CE.NFO,07/01/2020,09:18:39,390.05,366.15,30,391.25,30,0,10590
EICHERMOT30JAN2022000CE.NFO,07/01/2020,09:18:40,390.05,366.15,30,390.9,30,0,10590
EICHERMOT30JAN2022000CE.NFO,07/01/2020,09:18:41,390.05,366,30,390.2,30,0,10590
EICHERMOT30JAN2022000CE.NFO,07/01/2020,09:18:42,390.05,366,30,389.4,30,0,10590
EICHERMOT30JAN2022000CE.NFO,07/01/2020,09:18:43,390.05,366,30,380,30,0,10590
EICHERMOT30JAN2022000CE.NFO,07/01/2020,09:18:44,390.05,366.05,30,380,30,0,10590
EICHERMOT30JAN2022000CE.NFO,07/01/2020,09:18:47,390.05,360.3,30,379.95,30,0,10590
EICHERMOT30JAN2022000CE.NFO,07/01/2020,09:18:48,390.05,361,30,380,30,0,10590
EICHERMOT30JAN2022000CE.NFO,07/01/2020,09:18:49,390.05,362.15,30,380,30,0,10590
EICHERMOT30JAN2022000CE.NFO,07/01/2020,09:18:50,390.05,362.2,30,380,30,0,10590
EICHERMOT30JAN2022000CE.NFO,07/01/2020,09:18:52,390.05,362.2,30,379.95,30,0,10590
EICHERMOT30JAN2022000CE.NFO,07/01/2020,09:18:53,390.05,362.2,30,379.9,30,0,10590
EICHERMOT30JAN2022000CE.NFO,07/01/2020,09:18:55,390.05,362.2,30,375,30,0,10590
EICHERMOT30JAN2022000CE.NFO,07/01/2020,09:18:59,390.05,362.15,30,375,30,0,10590
EICHERMOT30JAN2022000CE.NFO,07/01/2020,09:19:00,362.15,360.05,30,374.95,30,30,10590
EICHERMOT30JAN2022000CE.NFO,07/01/2020,09:19:00,362.15,360.05,30,374.95,30,0,10590
EICHERMOT30JAN2022000CE.NFO,07/01/2020,09:19:01,362.15,360.05,30,390.6,30,0,10590
EICHERMOT30JAN2022000CE.NFO,07/01/2020,09:19:02,362.15,360.05,30,390.4,30,0,10590
EICHERMOT30JAN2022000CE.NFO,07/01/2020,09:19:03,362.15,360.05,30,390.1,30,0,10590
EICHERMOT30JAN2022000CE.NFO,07/01/2020,09:19:04,362.15,360.05,30,389.7,30,0,10590
EICHERMOT30JAN2022000CE.NFO,07/01/2020,09:19:10,362.15,360.05,30,391.15,30,0,10590
EICHERMOT30JAN2022000CE.NFO,07/01/2020,09:19:11,362.15,360.05,90,391.15,30,0,10590
EICHERMOT30JAN2022000CE.NFO,07/01/2020,09:19:12,362.15,362.2,90,391.05,30,0,10590
EICHERMOT30JAN2022000CE.NFO,07/01/2020,09:19:13,362.15,362.2,90,391.15,30,0,10590
EICHERMOT30JAN2022000CE.NFO,07/01/2020,09:19:14,362.15,362.2,90,391.1,30,0,10590
EICHERMOT30JAN2022000CE.NFO,07/01/2020,09:19:15,362.15,362.2,90,391.15,30,0,10590
EICHERMOT30JAN2022000CE.NFO,07/01/2020,09:19:17,362.15,362.2,90,391.1,30,0,10590
EICHERMOT30JAN2022000CE.NFO,07/01/2020,09:19:19,362.15,362.2,90,391.15,30,0,10590
EICHERMOT30JAN2022000CE.NFO,07/01/2020,09:19:21,362.15,362.2,150,391.15,30,0,10590
EICHERMOT30JAN2022000CE.NFO,07/01/2020,09:19:23,362.15,362.2,150,390,30,0,10590
EICHERMOT30JAN2022000CE.NFO,07/01/2020,09:19:25,362.15,362.3,150,390,30,0,10590
EICHERMOT30JAN2022000CE.NFO,07/01/2020,09:19:26,362.15,362.3,90,390,30,0,10590
EICHERMOT30JAN2022000CE.NFO,07/01/2020,09:19:27,362.15,362.3,150,390,30,0,10590
EICHERMOT30JAN2022000CE.NFO,07/01/2020,09:19:28,362.15,362.3,90,389.9,30,0,10590
EICHERMOT30JAN2022000CE.NFO,07/01/2020,09:19:30,362.15,362.3,90,389.7,30,0,10590
EICHERMOT30JAN2022000CE.NFO,07/01/2020,09:19:31,362.15,362.3,90,390,30,0,10590
EICHERMOT30JAN2022000CE.NFO,07/01/2020,09:19:32,362.15,362.3,90,389.95,30,0,10590
EICHERMOT30JAN2022000CE.NFO,07/01/2020,09:19:35,362.15,362.3,90,390,30,0,10590
EICHERMOT30JAN2022000CE.NFO,07/01/2020,09:19:36,362.15,362.3,90,389.9,30,0,10590
EICHERMOT30JAN2022000CE.NFO,07/01/2020,09:19:38,362.15,362.3,90,390,30,0,10590
EICHERMOT30JAN2022000CE.NFO,07/01/2020,09:19:42,362.15,362.3,150,390,30,0,10590
EICHERMOT30JAN2022000CE.NFO,07/01/2020,09:19:43,362.15,362.3,90,390,30,0,10590
EICHERMOT30JAN2022000CE.NFO,07/01/2020,09:19:44,390,363.75,90,391.15,30,30,10590
EICHERMOT30JAN2022000CE.NFO,07/01/2020,09:19:45,390,364.45,150,391.15,30,0,10590
EICHERMOT30JAN2022000CE.NFO,07/01/2020,09:19:46,390,365.15,120,391.15,30,0,10590
EICHERMOT30JAN2022000CE.NFO,07/01/2020,09:19:47,390,365.25,120,391.15,30,0,10590
EICHERMOT30JAN2022000CE.NFO,07/01/2020,09:19:48,390,365.4,30,391.15,30,0,10590
EICHERMOT30JAN2022000CE.NFO,07/01/2020,09:19:49,390,365.4,30,391.05,60,0,10590
EICHERMOT30JAN2022000CE.NFO,07/01/2020,09:20:00,390,365.4,30,390.35,30,0,10590
EICHERMOT30JAN2022000CE.NFO,07/01/2020,09:20:02,390,362.6,30,390.15,30,90,10590
EICHERMOT30JAN2022000CE.NFO,07/01/2020,09:20:03,390,362.7,90,390.15,30,0,10590
EICHERMOT30JAN2022000CE.NFO,07/01/2020,09:20:04,390,363,90,390.95,30,0,10590
EICHERMOT30JAN2022000CE.NFO,07/01/2020,09:20:05,390,363.4,30,390.95,30,0,10590
EICHERMOT30JAN2022000CE.NFO,07/01/2020,09:20:06,390,363.8,90,390.95,30,0,10590
EICHERMOT30JAN2022000CE.NFO,07/01/2020,09:20:07,390,364.3,30,390.8,30,0,10590
EICHERMOT30JAN2022000CE.NFO,07/01/2020,09:20:08,390,365.7,90,391.15,30,0,10590
EICHERMOT30JAN2022000CE.NFO,07/01/2020,09:20:09,390,367.6,30,391.15,30,0,10590
EICHERMOT30JAN2022000CE.NFO,07/01/2020,09:20:10,390,368,30,391.15,30,0,10590
EICHERMOT30JAN2022000CE.NFO,07/01/2020,09:20:11,390,369.1,30,391.15,30,0,10590
EICHERMOT30JAN2022000CE.NFO,07/01/2020,09:20:12,390,370.3,30,391.15,30,0,10590
EICHERMOT30JAN2022000CE.NFO,07/01/2020,09:20:15,390,371.75,30,391.15,30,0,10590
EICHERMOT30JAN2022000CE.NFO,07/01/2020,09:20:23,390,365.05,30,389.9,30,0,10590
EICHERMOT30JAN2022000CE.NFO,07/01/2020,09:20:31,390,365.05,30,388.3,30,0,10590
EICHERMOT30JAN2022000CE.NFO,07/01/2020,09:20:39,390,368.65,30,389.6,30,0,10590
EICHERMOT30JAN2022000CE.NFO,07/01/2020,09:20:46,390,365.05,30,387.05,30,0,10590
EICHERMOT30JAN2022000CE.NFO,07/01/2020,09:20:54,390,365.05,30,386.65,30,0,10590
EICHERMOT30JAN2022000CE.NFO,07/01/2020,09:21:01,390,365.05,30,390.1,30,0,10590
EICHERMOT30JAN2022000CE.NFO,07/01/2020,09:21:09,390,365.05,30,382.65,30,0,10590
EICHERMOT30JAN2022000CE.NFO,07/01/2020,09:21:17,390,365.25,30,385.95,30,0,10590
EICHERMOT30JAN2022000CE.NFO,07/01/2020,09:21:24,390,365.25,30,381.9,30,0,10590
EICHERMOT30JAN2022000CE.NFO,07/01/2020,09:21:31,390,365.25,30,380.7,30,0,10590
EICHERMOT30JAN2022000CE.NFO,07/01/2020,09:21:45,390,365.25,30,383,30,0,10590
EICHERMOT30JAN2022000CE.NFO,07/01/2020,09:21:53,390,380.7,60,387.2,30,0,10590
EICHERMOT30JAN2022000CE.NFO,07/01/2020,09:21:59,389.5,380.7,60,389.5,30,60,10650
EICHERMOT30JAN2022000CE.NFO,07/01/2020,09:22:06,389.5,380.7,60,389.55,30,0,10650
EICHERMOT30JAN2022000CE.NFO,07/01/2020,09:22:14,389.5,380.7,60,389.5,30,0,10650
EICHERMOT30JAN2022000CE.NFO,07/01/2020,09:22:22,380.7,380.7,30,386.25,90,30,10650
EICHERMOT30JAN2022000CE.NFO,07/01/2020,09:22:29,380.7,380.7,30,386.15,90,0,10650
EICHERMOT30JAN2022000CE.NFO,07/01/2020,09:22:35,380.7,365.65,30,385.6,30,30,10650
EICHERMOT30JAN2022000CE.NFO,07/01/2020,09:22:43,380.7,366.65,30,385.5,30,0,10650
EICHERMOT30JAN2022000CE.NFO,07/01/2020,09:22:49,380.7,365,30,381.55,30,0,10650
EICHERMOT30JAN2022000CE.NFO,07/01/2020,09:22:55,380.7,365,30,374.85,30,0,10650
EICHERMOT30JAN2022000CE.NFO,07/01/2020,09:23:01,374.9,365,30,374.95,30,30,10650
EICHERMOT30JAN2022000CE.NFO,07/01/2020,09:23:08,375,365.45,60,382.6,60,60,10650
EICHERMOT30JAN2022000CE.NFO,07/01/2020,09:23:15,375,365.9,30,382.35,60,0,10650
EICHERMOT30JAN2022000CE.NFO,07/01/2020,09:23:22,375,367,30,382,30,0,10650
EICHERMOT30JAN2022000CE.NFO,07/01/2020,09:23:28,375,375,30,381.7,60,0,10650
EICHERMOT30JAN2022000CE.NFO,07/01/2020,09:23:41,375,370,60,379.95,30,30,10650
EICHERMOT30JAN2022000CE.NFO,07/01/2020,09:23:47,375,370,60,379.8,30,0,10650
EICHERMOT30JAN2022000CE.NFO,07/01/2020,09:23:54,375,370,60,379.95,30,0,10650
EICHERMOT30JAN2022000CE.NFO,07/01/2020,09:24:08,375,370,60,381.55,90,0,10650
EICHERMOT30JAN2022000CE.NFO,07/01/2020,09:24:12,375,370.2,30,381,30,0,10650
EICHERMOT30JAN2022000CE.NFO,07/01/2020,09:24:18,375,370.15,30,381,30,0,10650
EICHERMOT30JAN2022000CE.NFO,07/01/2020,09:24:20,375,370,60,381,30,0,10650
EICHERMOT30JAN2022000CE.NFO,07/01/2020,09:24:22,375,370.15,30,381,30,0,10650
EICHERMOT30JAN2022000CE.NFO,07/01/2020,09:24:24,375,370,60,381,30,0,10650
EICHERMOT30JAN2022000CE.NFO,07/01/2020,09:24:27,375,370,90,381,30,0,10650
EICHERMOT30JAN2022000CE.NFO,07/01/2020,09:24:30,381,370,60,384.4,30,30,10650
EICHERMOT30JAN2022000CE.NFO,07/01/2020,09:24:31,381,370,60,384.3,30,0,10650
EICHERMOT30JAN2022000CE.NFO,07/01/2020,09:24:32,381,370.05,30,384.3,30,0,10650
EICHERMOT30JAN2022000CE.NFO,07/01/2020,09:24:33,381,370,60,383.85,30,0,10650
EICHERMOT30JAN2022000CE.NFO,07/01/2020,09:24:34,381,370.05,30,383.85,30,0,10650
EICHERMOT30JAN2022000CE.NFO,07/01/2020,09:24:36,381,370.3,30,384.8,60,0,10650
EICHERMOT30JAN2022000CE.NFO,07/01/2020,09:24:37,370,370,60,381.95,30,90,10650
EICHERMOT30JAN2022000CE.NFO,07/01/2020,09:24:38,370,370,60,380.95,30,0,10650
EICHERMOT30JAN2022000CE.NFO,07/01/2020,09:24:39,370,370,30,383.85,30,0,10650
EICHERMOT30JAN2022000CE.NFO,07/01/2020,09:24:40,370,370,30,380.95,30,0,10650
EICHERMOT30JAN2022000CE.NFO,07/01/2020,09:24:41,370,370,30,380.25,30,0,10650
EICHERMOT30JAN2022000CE.NFO,07/01/2020,09:24:42,370,370,30,383,30,0,10650
EICHERMOT30JAN2022000CE.NFO,07/01/2020,09:24:43,370,370,60,383,30,0,10650
EICHERMOT30JAN2022000CE.NFO,07/01/2020,09:24:46,370,370,60,382,30,0,10650
EICHERMOT30JAN2022000CE.NFO,07/01/2020,09:24:48,370,370,60,383.15,30,0,10650
EICHERMOT30JAN2022000CE.NFO,07/01/2020,09:24:48,370,370,60,386.95,30,0,10650
EICHERMOT30JAN2022000CE.NFO,07/01/2020,09:24:49,370,370,60,386.55,120,0,10650
EICHERMOT30JAN2022000CE.NFO,07/01/2020,09:24:50,370,370,60,385.2,60,0,10650
EICHERMOT30JAN2022000CE.NFO,07/01/2020,09:24:51,370,370.05,30,382.35,30,0,10650
EICHERMOT30JAN2022000CE.NFO,07/01/2020,09:24:52,370,370.1,30,381.35,30,0,10650
EICHERMOT30JAN2022000CE.NFO,07/01/2020,09:24:53,370,370,30,382.5,90,0,10650
EICHERMOT30JAN2022000CE.NFO,07/01/2020,09:24:54,370,370,30,379.95,90,0,10650
EICHERMOT30JAN2022000CE.NFO,07/01/2020,09:24:55,370,370,30,378.95,30,0,10650
EICHERMOT30JAN2022000CE.NFO,07/01/2020,09:25:03,370,370,30,378.5,60,0,10650
EICHERMOT30JAN2022000CE.NFO,07/01/2020,09:25:04,370,370,30,378.55,60,0,10650
EICHERMOT30JAN2022000CE.NFO,07/01/2020,09:25:05,370,370,30,378.55,30,0,10650
EICHERMOT30JAN2022000CE.NFO,07/01/2020,09:25:07,370,370,30,375.5,30,0,10650
EICHERMOT30JAN2022000CE.NFO,07/01/2020,09:25:08,370,370,60,379.05,30,0,10650
EICHERMOT30JAN2022000CE.NFO,07/01/2020,09:25:09,370,370,30,378.65,60,30,10650
EICHERMOT30JAN2022000CE.NFO,07/01/2020,09:25:10,370,370,30,378.05,120,0,10650
EICHERMOT30JAN2022000CE.NFO,07/01/2020,09:25:15,370,370,30,374.15,30,0,10650
EICHERMOT30JAN2022000CE.NFO,07/01/2020,09:25:16,370,370,30,370.9,30,0,10650
EICHERMOT30JAN2022000CE.NFO,07/01/2020,09:25:17,370,366,30,370.7,30,30,10650
EICHERMOT30JAN2022000CE.NFO,07/01/2020,09:25:19,370,366,30,366.65,30,0,10650
EICHERMOT30JAN2022000CE.NFO,07/01/2020,09:25:21,366.65,366,30,374.55,60,30,10650
EICHERMOT30JAN2022000CE.NFO,07/01/2020,09:25:21,366.65,366,30,373.95,60,0,10650
EICHERMOT30JAN2022000CE.NFO,07/01/2020,09:25:22,366.65,366,30,372,60,0,10650
EICHERMOT30JAN2022000CE.NFO,07/01/2020,09:25:23,366.65,366,30,371.7,30,0,10650
EICHERMOT30JAN2022000CE.NFO,07/01/2020,09:25:24,366.65,366,30,372.1,60,0,10650
EICHERMOT30JAN2022000CE.NFO,07/01/2020,09:25:25,366,365,30,371.05,30,30,10650
EICHERMOT30JAN2022000CE.NFO,07/01/2020,09:25:26,365,362.2,30,367.75,30,30,10650
EICHERMOT30JAN2022000CE.NFO,07/01/2020,09:25:27,365,362.2,30,369.2,30,0,10650
EICHERMOT30JAN2022000CE.NFO,07/01/2020,09:25:33,365,362.15,30,367.75,30,0,10650
EICHERMOT30JAN2022000CE.NFO,07/01/2020,09:25:36,362.15,342.05,30,369.3,30,30,10650
EICHERMOT30JAN2022000CE.NFO,07/01/2020,09:25:38,362.15,342.95,30,369.7,30,0,10650
EICHERMOT30JAN2022000CE.NFO,07/01/2020,09:25:38,365,343.1,30,369.7,30,30,10650
EICHERMOT30JAN2022000CE.NFO,07/01/2020,09:25:39,365,343.75,30,369.7,30,0,10650
EICHERMOT30JAN2022000CE.NFO,07/01/2020,09:25:40,365,344.3,30,369.7,30,0,10650
EICHERMOT30JAN2022000CE.NFO,07/01/2020,09:25:41,365,344.95,30,369.7,30,0,10650
EICHERMOT30JAN2022000CE.NFO,07/01/2020,09:25:42,365,344.95,30,367.95,30,0,10650
EICHERMOT30JAN2022000CE.NFO,07/01/2020,09:25:43,365,346,30,367.95,30,0,10650
EICHERMOT30JAN2022000CE.NFO,07/01/2020,09:25:44,365,346.65,30,367.95,30,0,10650
EICHERMOT30JAN2022000CE.NFO,07/01/2020,09:25:45,365,346.85,30,367.95,30,0,10650
EICHERMOT30JAN2022000CE.NFO,07/01/2020,09:25:46,365,348.05,30,367.95,30,0,10650
EICHERMOT30JAN2022000CE.NFO,07/01/2020,09:25:47,365,348.35,30,367.95,30,0,10650
EICHERMOT30JAN2022000CE.NFO,07/01/2020,09:25:48,365,348.4,30,367.95,30,0,10650
EICHERMOT30JAN2022000CE.NFO,07/01/2020,09:25:57,365,348.4,30,367.65,60,0,10650
EICHERMOT30JAN2022000CE.NFO,07/01/2020,09:25:59,365,348.4,30,367.15,30,0,10650
EICHERMOT30JAN2022000CE.NFO,07/01/2020,09:26:00,365,348.4,30,367.25,60,0,10650
EICHERMOT30JAN2022000CE.NFO,07/01/2020,09:26:03,365,348.4,30,367.25,30,0,10650
EICHERMOT30JAN2022000CE.NFO,07/01/2020,09:26:04,365,348.4,30,367.6,30,0,10650
EICHERMOT30JAN2022000CE.NFO,07/01/2020,09:26:05,365,348.4,30,367.65,30,0,10650
EICHERMOT30JAN2022000CE.NFO,07/01/2020,09:26:05,365,348.4,30,367.3,30,0,10650
EICHERMOT30JAN2022000CE.NFO,07/01/2020,09:26:06,365,348.4,30,366.45,30,0,10650
EICHERMOT30JAN2022000CE.NFO,07/01/2020,09:26:07,365,348.4,30,366.25,30,0,10650
EICHERMOT30JAN2022000CE.NFO,07/01/2020,09:26:08,365,350.05,30,363.65,60,0,10650
EICHERMOT30JAN2022000CE.NFO,07/01/2020,09:26:10,365,350.05,30,367.15,30,0,10650
EICHERMOT30JAN2022000CE.NFO,07/01/2020,09:26:10,365,350.05,30,365.2,30,0,10650
EICHERMOT30JAN2022000CE.NFO,07/01/2020,09:26:11,365,350.05,30,369.4,30,0,10650
EICHERMOT30JAN2022000CE.NFO,07/01/2020,09:26:12,365,350.05,30,365.7,60,0,10650
EICHERMOT30JAN2022000CE.NFO,07/01/2020,09:26:13,365,350.05,30,364.9,30,0,10650
EICHERMOT30JAN2022000CE.NFO,07/01/2020,09:26:14,365,350.05,30,365.2,30,0,10650
EICHERMOT30JAN2022000CE.NFO,07/01/2020,09:26:15,365,350.05,30,365.2,60,0,10650
EICHERMOT30JAN2022000CE.NFO,07/01/2020,09:26:16,365,350.05,30,364.3,60,0,10650
EICHERMOT30JAN2022000CE.NFO,07/01/2020,09:26:17,365,350.05,30,365.15,60,0,10650
EICHERMOT30JAN2022000CE.NFO,07/01/2020,09:26:20,365,350.05,30,365.6,30,0,10650
EICHERMOT30JAN2022000CE.NFO,07/01/2020,09:26:21,365,350.05,30,364.9,60,0,10650
EICHERMOT30JAN2022000CE.NFO,07/01/2020,09:26:22,365,350.05,30,364.5,60,0,10650
EICHERMOT30JAN2022000CE.NFO,07/01/2020,09:26:24,365,350.05,30,360,150,0,10650
EICHERMOT30JAN2022000CE.NFO,07/01/2020,09:26:30,365,350.05,30,364.45,30,0,10650
EICHERMOT30JAN2022000CE.NFO,07/01/2020,09:26:31,365,350.05,30,365.6,30,0,10650
EICHERMOT30JAN2022000CE.NFO,07/01/2020,09:26:32,365,353.85,30,370.1,60,0,10650
EICHERMOT30JAN2022000CE.NFO,07/01/2020,09:26:33,365,353.85,30,369.95,30,0,10650
EICHERMOT30JAN2022000CE.NFO,07/01/2020,09:26:34,365,353.85,30,369.45,30,0,10650
EICHERMOT30JAN2022000CE.NFO,07/01/2020,09:26:35,365,354,30,372.5,30,0,10650
EICHERMOT30JAN2022000CE.NFO,07/01/2020,09:26:36,365,350.05,30,370.55,30,0,10650
EICHERMOT30JAN2022000CE.NFO,07/01/2020,09:26:37,365,350.05,30,370.3,30,0,10650
EICHERMOT30JAN2022000CE.NFO,07/01/2020,09:26:38,365,350.05,30,369.6,30,0,10650
EICHERMOT30JAN2022000CE.NFO,07/01/2020,09:26:43,365,353.3,30,369.9,30,0,10650
EICHERMOT30JAN2022000CE.NFO,07/01/2020,09:26:44,365,353.25,30,369.9,30,90,10680
EICHERMOT30JAN2022000CE.NFO,07/01/2020,09:26:45,365,353.25,30,369.9,30,0,10680
EICHERMOT30JAN2022000CE.NFO,07/01/2020,09:26:57,365,353.25,30,368,60,0,10680
EICHERMOT30JAN2022000CE.NFO,07/01/2020,09:26:59,365,353.25,30,376.1,60,0,10680
EICHERMOT30JAN2022000CE.NFO,07/01/2020,09:27:00,365,353.25,30,374.85,30,0,10680
EICHERMOT30JAN2022000CE.NFO,07/01/2020,09:27:01,365,353.25,30,373.7,30,0,10680
EICHERMOT30JAN2022000CE.NFO,07/01/2020,09:27:02,365,353.8,30,377.15,30,0,10680
EICHERMOT30JAN2022000CE.NFO,07/01/2020,09:27:03,365,354.75,30,377.15,30,0,10680
EICHERMOT30JAN2022000CE.NFO,07/01/2020,09:27:05,365,355.25,30,375,60,0,10680
EICHERMOT30JAN2022000CE.NFO,07/01/2020,09:27:07,365,355.55,30,375,60,0,10680
EICHERMOT30JAN2022000CE.NFO,07/01/2020,09:27:07,365,355.55,30,374.95,30,0,10680
EICHERMOT30JAN2022000CE.NFO,07/01/2020,09:27:09,365,355.55,30,373.95,30,0,10680
EICHERMOT30JAN2022000CE.NFO,07/01/2020,09:27:13,365,355.6,30,369.85,30,0,10680
EICHERMOT30JAN2022000CE.NFO,07/01/2020,09:27:15,365,342.35,30,368,30,0,10680
EICHERMOT30JAN2022000CE.NFO,07/01/2020,09:27:15,365,342.8,30,367.45,60,0,10680
EICHERMOT30JAN2022000CE.NFO,07/01/2020,09:27:16,365,343.6,30,373.4,30,0,10680
EICHERMOT30JAN2022000CE.NFO,07/01/2020,09:27:17,365,343.8,30,373.4,30,0,10680
EICHERMOT30JAN2022000CE.NFO,07/01/2020,09:27:18,365,345.45,30,367.6,30,0,10680
EICHERMOT30JAN2022000CE.NFO,07/01/2020,09:27:19,365,345.9,30,365.95,30,0,10680
EICHERMOT30JAN2022000CE.NFO,07/01/2020,09:27:20,365,346.7,30,366.75,30,0,10680
EICHERMOT30JAN2022000CE.NFO,07/01/2020,09:27:21,365,347,30,371.65,30,0,10680
EICHERMOT30JAN2022000CE.NFO,07/01/2020,09:27:22,365,347.4,30,370.45,30,0,10680
EICHERMOT30JAN2022000CE.NFO,07/01/2020,09:27:23,365,347.4,30,369.8,30,0,10680
EICHERMOT30JAN2022000CE.NFO,07/01/2020,09:27:25,365,347.4,30,368.7,30,0,10680
EICHERMOT30JAN2022000CE.NFO,07/01/2020,09:27:26,365,347.9,30,368.7,30,0,10680
EICHERMOT30JAN2022000CE.NFO,07/01/2020,09:27:29,365,348.1,30,368.7,30,0,10680
EICHERMOT30JAN2022000CE.NFO,07/01/2020,09:27:34,365,345.05,30,365.2,30,0,10680
EICHERMOT30JAN2022000CE.NFO,07/01/2020,09:27:35,365,345,30,363.15,30,0,10680
EICHERMOT30JAN2022000CE.NFO,07/01/2020,09:27:36,365,345.05,30,362.35,30,0,10680
EICHERMOT30JAN2022000CE.NFO,07/01/2020,09:27:37,365,345.05,30,357.65,30,0,10680
EICHERMOT30JAN2022000CE.NFO,07/01/2020,09:27:38,365,345.05,30,357.55,30,0,10680
EICHERMOT30JAN2022000CE.NFO,07/01/2020,09:27:40,365,345.05,30,357.7,30,0,10680
EICHERMOT30JAN2022000CE.NFO,07/01/2020,09:27:41,365,345.05,30,357.9,30,0,10680
EICHERMOT30JAN2022000CE.NFO,07/01/2020,09:27:42,365,345.05,30,358.1,30,0,10680
EICHERMOT30JAN2022000CE.NFO,07/01/2020,09:27:43,365,345.05,30,358.25,60,0,10680
EICHERMOT30JAN2022000CE.NFO,07/01/2020,09:27:52,365,345.05,30,364.35,30,0,10680
EICHERMOT30JAN2022000CE.NFO,07/01/2020,09:27:53,365,345.05,30,360.5,30,0,10680
EICHERMOT30JAN2022000CE.NFO,07/01/2020,09:27:54,365,345.05,30,359.35,30,0,10680
EICHERMOT30JAN2022000CE.NFO,07/01/2020,09:28:01,365,345.05,30,357.95,60,0,10680
EICHERMOT30JAN2022000CE.NFO,07/01/2020,09:28:03,365,345,30,357.95,60,0,10680
EICHERMOT30JAN2022000CE.NFO,07/01/2020,09:28:04,365,342.05,30,357.95,60,0,10680
EICHERMOT30JAN2022000CE.NFO,07/01/2020,09:28:06,365,348.2,90,357.95,60,0,10680
EICHERMOT30JAN2022000CE.NFO,07/01/2020,09:28:08,365,348.25,90,357.95,60,0,10680
EICHERMOT30JAN2022000CE.NFO,07/01/2020,09:28:09,365,348.6,90,357.95,60,0,10680
EICHERMOT30JAN2022000CE.NFO,07/01/2020,09:28:10,365,348.65,90,357.95,60,0,10680
EICHERMOT30JAN2022000CE.NFO,07/01/2020,09:28:11,365,348.6,90,357.95,60,0,10680
EICHERMOT30JAN2022000CE.NFO,07/01/2020,09:28:13,365,349,90,356.95,60,0,10680
EICHERMOT30JAN2022000CE.NFO,07/01/2020,09:28:13,365,350,90,357,30,0,10680
EICHERMOT30JAN2022000CE.NFO,07/01/2020,09:28:15,365,350,90,357.05,30,0,10680
EICHERMOT30JAN2022000CE.NFO,07/01/2020,09:28:15,365,350,90,357.1,30,0,10680
EICHERMOT30JAN2022000CE.NFO,07/01/2020,09:28:16,365,350,90,360.15,30,0,10680
EICHERMOT30JAN2022000CE.NFO,07/01/2020,09:28:17,365,350,90,358.6,30,0,10680
EICHERMOT30JAN2022000CE.NFO,07/01/2020,09:28:18,357.95,348.95,90,357.2,30,30,10680
EICHERMOT30JAN2022000CE.NFO,07/01/2020,09:28:18,357.95,348.95,90,357.2,30,0,10680
EICHERMOT30JAN2022000CE.NFO,07/01/2020,09:28:19,357.95,349.5,90,362.2,30,0,10680
EICHERMOT30JAN2022000CE.NFO,07/01/2020,09:28:20,357.95,350.6,90,362.2,30,0,10680
EICHERMOT30JAN2022000CE.NFO,07/01/2020,09:28:21,357.95,349.8,90,362.2,30,0,10680
EICHERMOT30JAN2022000CE.NFO,07/01/2020,09:28:22,357.95,349.3,90,362.2,30,0,10680
EICHERMOT30JAN2022000CE.NFO,07/01/2020,09:28:23,357.95,350.35,90,362.2,30,0,10680
EICHERMOT30JAN2022000CE.NFO,07/01/2020,09:28:24,357.95,351.9,90,362.05,30,0,10680
EICHERMOT30JAN2022000CE.NFO,07/01/2020,09:28:25,357.95,350.35,90,362.05,30,0,10680
EICHERMOT30JAN2022000CE.NFO,07/01/2020,09:28:26,357.95,350.35,90,359.6,60,0,10680
EICHERMOT30JAN2022000CE.NFO,07/01/2020,09:28:27,357.95,348.2,90,359.6,60,0,10680
EICHERMOT30JAN2022000CE.NFO,07/01/2020,09:28:30,357.95,348.2,90,357.95,60,0,10680
EICHERMOT30JAN2022000CE.NFO,07/01/2020,09:28:33,357.95,345.9,90,356.35,30,0,10680
EICHERMOT30JAN2022000CE.NFO,07/01/2020,09:28:34,350,343.9,90,350,90,30,10680
EICHERMOT30JAN2022000CE.NFO,07/01/2020,09:28:34,350,343.9,90,350,90,0,10680
EICHERMOT30JAN2022000CE.NFO,07/01/2020,09:28:35,350,344.25,90,350,90,0,10680
EICHERMOT30JAN2022000CE.NFO,07/01/2020,09:28:36,350,345.7,90,355,120,0,10680
EICHERMOT30JAN2022000CE.NFO,07/01/2020,09:28:38,350,345.8,90,355,120,0,10680
EICHERMOT30JAN2022000CE.NFO,07/01/2020,09:28:40,350,345.7,90,350,30,30,10680
EICHERMOT30JAN2022000CE.NFO,07/01/2020,09:28:40,350,345.55,90,355,150,0,10680
EICHERMOT30JAN2022000CE.NFO,07/01/2020,09:28:42,350,345.05,90,354.95,30,0,10680
EICHERMOT30JAN2022000CE.NFO,07/01/2020,09:28:43,350,345.1,90,350,30,0,10680
EICHERMOT30JAN2022000CE.NFO,07/01/2020,09:28:44,350,345.15,90,350,30,0,10680
EICHERMOT30JAN2022000CE.NFO,07/01/2020,09:28:45,350,345.75,90,350,30,0,10680
EICHERMOT30JAN2022000CE.NFO,07/01/2020,09:28:46,350,345.7,90,350,30,0,10680
EICHERMOT30JAN2022000CE.NFO,07/01/2020,09:28:47,350,346.2,90,350,30,0,10680
EICHERMOT30JAN2022000CE.NFO,07/01/2020,09:28:48,350,352,90,355,120,30,10680
EICHERMOT30JAN2022000CE.NFO,07/01/2020,09:28:49,350,352,90,355,120,0,10680
EICHERMOT30JAN2022000CE.NFO,07/01/2020,09:28:50,350,353.45,90,355,120,0,10680
EICHERMOT30JAN2022000CE.NFO,07/01/2020,09:28:52,350,352.55,90,355,120,0,10680
EICHERMOT30JAN2022000CE.NFO,07/01/2020,09:28:53,350,353.7,90,355,120,0,10680
EICHERMOT30JAN2022000CE.NFO,07/01/2020,09:28:54,355.6,353.75,90,364.95,30,180,10680
EICHERMOT30JAN2022000CE.NFO,07/01/2020,09:28:55,355.6,355,90,364.95,30,0,10680
EICHERMOT30JAN2022000CE.NFO,07/01/2020,09:28:56,355.6,355,90,364.85,30,0,10680
EICHERMOT30JAN2022000CE.NFO,07/01/2020,09:28:57,355.6,353.4,90,364.2,60,0,10680
EICHERMOT30JAN2022000CE.NFO,07/01/2020,09:28:58,355.6,353.3,90,354.95,30,0,10680
EICHERMOT30JAN2022000CE.NFO,07/01/2020,09:28:59,355,353.75,30,355,60,90,10680
EICHERMOT30JAN2022000CE.NFO,07/01/2020,09:29:00,355,352.75,90,355,30,30,10680
EICHERMOT30JAN2022000CE.NFO,07/01/2020,09:29:01,355,352.45,90,355,30,0,10680
EICHERMOT30JAN2022000CE.NFO,07/01/2020,09:29:03,355,352.75,90,355,30,0,10680
EICHERMOT30JAN2022000CE.NFO,07/01/2020,09:29:04,355,355.9,90,364.9,30,30,10680
EICHERMOT30JAN2022000CE.NFO,07/01/2020,09:29:05,355,355.95,90,364.9,30,0,10680
EICHERMOT30JAN2022000CE.NFO,07/01/2020,09:29:06,355,356.1,90,365,30,0,10680
EICHERMOT30JAN2022000CE.NFO,07/01/2020,09:29:07,355,356.15,90,365,60,0,10680
EICHERMOT30JAN2022000CE.NFO,07/01/2020,09:29:08,355,352.6,90,364.95,30,0,10680
EICHERMOT30JAN2022000CE.NFO,07/01/2020,09:29:09,355,353.25,90,364.95,30,0,10680
EICHERMOT30JAN2022000CE.NFO,07/01/2020,09:29:10,355,352.4,90,360,60,0,10680
EICHERMOT30JAN2022000CE.NFO,07/01/2020,09:29:11,355,352.45,90,360,60,0,10680
EICHERMOT30JAN2022000CE.NFO,07/01/2020,09:29:12,355,355.5,30,360,60,0,10680
EICHERMOT30JAN2022000CE.NFO,07/01/2020,09:29:14,355,355.5,30,364.85,30,0,10680
EICHERMOT30JAN2022000CE.NFO,07/01/2020,09:29:15,355,355.5,30,364.55,30,0,10680
EICHERMOT30JAN2022000CE.NFO,07/01/2020,09:29:17,355,355.5,30,362.95,30,0,10680
EICHERMOT30JAN2022000CE.NFO,07/01/2020,09:29:17,355,355.5,30,363,90,0,10680
EICHERMOT30JAN2022000CE.NFO,07/01/2020,09:29:20,355,355.5,30,363,120,0,10680
EICHERMOT30JAN2022000CE.NFO,07/01/2020,09:29:22,362,349.4,90,363,120,60,10710
EICHERMOT30JAN2022000CE.NFO,07/01/2020,09:29:23,362,349.7,90,363,120,0,10710
EICHERMOT30JAN2022000CE.NFO,07/01/2020,09:29:24,362,349.45,90,362.7,30,0,10710
EICHERMOT30JAN2022000CE.NFO,07/01/2020,09:29:25,362,349.55,90,362.55,30,0,10710
EICHERMOT30JAN2022000CE.NFO,07/01/2020,09:29:27,362,349.45,90,361.95,30,0,10710
EICHERMOT30JAN2022000CE.NFO,07/01/2020,09:29:27,362,348.3,90,361.7,30,0,10710
EICHERMOT30JAN2022000CE.NFO,07/01/2020,09:29:28,362,349.85,90,360,90,0,10710
EICHERMOT30JAN2022000CE.NFO,07/01/2020,09:29:29,362,349.9,90,359.95,30,0,10710
EICHERMOT30JAN2022000CE.NFO,07/01/2020,09:29:30,362,350.05,90,360,90,0,10710
EICHERMOT30JAN2022000CE.NFO,07/01/2020,09:29:31,362,350.2,90,360,90,0,10710
EICHERMOT30JAN2022000CE.NFO,07/01/2020,09:29:32,362,350.4,90,360,90,0,10710
EICHERMOT30JAN2022000CE.NFO,07/01/2020,09:29:33,362,348.4,30,360,90,0,10710
EICHERMOT30JAN2022000CE.NFO,07/01/2020,09:29:35,362,348.7,90,359.95,30,0,10710
EICHERMOT30JAN2022000CE.NFO,07/01/2020,09:29:36,362,348.4,30,360.1,30,0,10710
EICHERMOT30JAN2022000CE.NFO,07/01/2020,09:29:37,362,350.7,90,360.1,30,0,10710
EICHERMOT30JAN2022000CE.NFO,07/01/2020,09:29:39,362,348.35,90,360.1,30,0,10710
EICHERMOT30JAN2022000CE.NFO,07/01/2020,09:29:40,362,348.85,90,360.1,30,0,10710
EICHERMOT30JAN2022000CE.NFO,07/01/2020,09:29:40,362,348.9,90,360.1,30,0,10710
EICHERMOT30JAN2022000CE.NFO,07/01/2020,09:29:41,362,349.2,90,360.1,30,0,10710
EICHERMOT30JAN2022000CE.NFO,07/01/2020,09:29:42,362,349.3,90,360.1,30,0,10710
EICHERMOT30JAN2022000CE.NFO,07/01/2020,09:29:44,362,352,90,360.1,30,0,10710
EICHERMOT30JAN2022000CE.NFO,07/01/2020,09:29:47,362,352,90,360,30,0,10710
EICHERMOT30JAN2022000CE.NFO,07/01/2020,09:29:49,362,352,90,364,30,0,10710
EICHERMOT30JAN2022000CE.NFO,07/01/2020,09:29:50,362,352,90,362.3,60,0,10710
EICHERMOT30JAN2022000CE.NFO,07/01/2020,09:29:51,362,352,90,361.8,30,0,10710
EICHERMOT30JAN2022000CE.NFO,07/01/2020,09:29:52,362,352,90,361.4,30,0,10710
EICHERMOT30JAN2022000CE.NFO,07/01/2020,09:29:53,362,352,90,361.05,30,0,10710
EICHERMOT30JAN2022000CE.NFO,07/01/2020,09:29:54,362,352,90,359.85,30,0,10710
EICHERMOT30JAN2022000CE.NFO,07/01/2020,09:29:55,362,352,90,360,30,0,10710
EICHERMOT30JAN2022000CE.NFO,07/01/2020,09:29:56,360,360,30,362.1,60,60,10710
EICHERMOT30JAN2022000CE.NFO,07/01/2020,09:29:57,360,352,90,363.6,30,30,10710
EICHERMOT30JAN2022000CE.NFO,07/01/2020,09:29:58,360,352,90,359.95,60,0,10710
EICHERMOT30JAN2022000CE.NFO,07/01/2020,09:30:02,358,353.7,90,358,30,60,10710
EICHERMOT30JAN2022000CE.NFO,07/01/2020,09:30:03,358,355.1,90,365,30,30,10710
EICHERMOT30JAN2022000CE.NFO,07/01/2020,09:30:05,358,355.2,90,364.95,30,0,10710
EICHERMOT30JAN2022000CE.NFO,07/01/2020,09:30:05,358,355.4,90,364.95,30,0,10710
EICHERMOT30JAN2022000CE.NFO,07/01/2020,09:30:06,358,355.55,90,364.85,30,0,10710
EICHERMOT30JAN2022000CE.NFO,07/01/2020,09:30:07,358,357.75,90,365,30,0,10710
EICHERMOT30JAN2022000CE.NFO,07/01/2020,09:30:09,358,355.4,90,365,30,0,10710
EICHERMOT30JAN2022000CE.NFO,07/01/2020,09:30:10,358,355.55,90,365,30,0,10710
EICHERMOT30JAN2022000CE.NFO,07/01/2020,09:30:11,358,355.9,90,365,30,0,10710
EICHERMOT30JAN2022000CE.NFO,07/01/2020,09:30:14,358,356.4,90,365,30,0,10710
EICHERMOT30JAN2022000CE.NFO,07/01/2020,09:30:22,358,355.55,90,358,60,0,10710
EICHERMOT30JAN2022000CE.NFO,07/01/2020,09:30:28,358,361,90,365,30,60,10710
EICHERMOT30JAN2022000CE.NFO,07/01/2020,09:30:33,358,360.85,90,365,30,0,10710
EICHERMOT30JAN2022000CE.NFO,07/01/2020,09:30:38,358,360.8,90,365,30,0,10710
EICHERMOT30JAN2022000CE.NFO,07/01/2020,09:30:43,358,361.55,90,365,30,0,10710
EICHERMOT30JAN2022000CE.NFO,07/01/2020,09:30:49,365,362.9,90,371.75,30,30,10710
EICHERMOT30JAN2022000CE.NFO,07/01/2020,09:30:54,365,359.3,90,370.55,30,0,10710
EICHERMOT30JAN2022000CE.NFO,07/01/2020,09:30:59,365,367.5,90,381.25,90,0,10710
EICHERMOT30JAN2022000CE.NFO,07/01/2020,09:31:05,379.15,370.65,90,380.3,30,30,10710
EICHERMOT30JAN2022000CE.NFO,07/01/2020,09:31:12,379.15,371.15,90,380.35,60,0,10710
EICHERMOT30JAN2022000CE.NFO,07/01/2020,09:31:12,379.15,371.35,90,380.35,60,0,10710
EICHERMOT30JAN2022000CE.NFO,07/01/2020,09:31:14,379.15,369.1,90,380.15,30,0,10710
EICHERMOT30JAN2022000CE.NFO,07/01/2020,09:31:14,379.15,369.1,90,380.1,30,0,10710
EICHERMOT30JAN2022000CE.NFO,07/01/2020,09:31:15,379.15,368.55,90,378.6,60,0,10710
EICHERMOT30JAN2022000CE.NFO,07/01/2020,09:31:16,379.15,367.35,90,378.25,30,0,10710
EICHERMOT30JAN2022000CE.NFO,07/01/2020,09:31:17,379.15,368.2,90,381.25,30,0,10710
EICHERMOT30JAN2022000CE.NFO,07/01/2020,09:31:18,379.15,368.9,90,379.4,30,0,10710
EICHERMOT30JAN2022000CE.NFO,07/01/2020,09:31:19,379.15,369.25,90,380.45,60,0,10710
EICHERMOT30JAN2022000CE.NFO,07/01/2020,09:31:20,379.15,370.3,90,380.65,30,0,10710
EICHERMOT30JAN2022000CE.NFO,07/01/2020,09:31:21,379.15,369.6,90,379.85,30,0,10710
EICHERMOT30JAN2022000CE.NFO,07/01/2020,09:31:22,379.15,369.95,90,379.9,30,0,10710
EICHERMOT30JAN2022000CE.NFO,07/01/2020,09:31:23,379.15,367.55,120,377.65,30,0,10710
EICHERMOT30JAN2022000CE.NFO,07/01/2020,09:31:24,379.15,367.85,90,378.9,60,0,10710
EICHERMOT30JAN2022000CE.NFO,07/01/2020,09:31:26,379.15,368.55,90,378.4,30,0,10710
EICHERMOT30JAN2022000CE.NFO,07/01/2020,09:31:26,379.15,368.6,90,378.2,30,0,10710
EICHERMOT30JAN2022000CE.NFO,07/01/2020,09:31:27,379.15,368.9,90,379.25,60,0,10710
EICHERMOT30JAN2022000CE.NFO,07/01/2020,09:31:28,379.15,368.55,90,378.65,30,0,10710
EICHERMOT30JAN2022000CE.NFO,07/01/2020,09:31:29,379.15,368.75,90,379.25,60,0,10710
EICHERMOT30JAN2022000CE.NFO,07/01/2020,09:31:30,379.15,369.6,90,379.65,30,0,10710
EICHERMOT30JAN2022000CE.NFO,07/01/2020,09:31:31,379.15,369.95,90,380.2,30,0,10710
EICHERMOT30JAN2022000CE.NFO,07/01/2020,09:31:32,379.15,368.9,90,379.5,60,0,10710
EICHERMOT30JAN2022000CE.NFO,07/01/2020,09:31:33,379.15,368.7,90,378.8,30,0,10710
EICHERMOT30JAN2022000CE.NFO,07/01/2020,09:31:34,379.15,368.7,90,378.6,30,0,10710
EICHERMOT30JAN2022000CE.NFO,07/01/2020,09:31:35,379.15,369.6,90,379.4,30,0,10710
EICHERMOT30JAN2022000CE.NFO,07/01/2020,09:31:36,379.15,368.55,90,378.7,30,0,10710
EICHERMOT30JAN2022000CE.NFO,07/01/2020,09:31:37,379.15,368.55,90,378.3,30,0,10710
EICHERMOT30JAN2022000CE.NFO,07/01/2020,09:31:38,379.15,368.55,90,378.4,30,0,10710
EICHERMOT30JAN2022000CE.NFO,07/01/2020,09:31:40,379.15,368.55,90,378.3,30,0,10710
EICHERMOT30JAN2022000CE.NFO,07/01/2020,09:31:41,379.15,368.55,90,378.1,30,0,10710
EICHERMOT30JAN2022000CE.NFO,07/01/2020,09:31:42,379.15,368.6,30,378,30,0,10710
EICHERMOT30JAN2022000CE.NFO,07/01/2020,09:31:42,379.15,368.6,30,378.75,30,0,10710
EICHERMOT30JAN2022000CE.NFO,07/01/2020,09:31:43,379.15,368.6,30,378.35,30,0,10710
EICHERMOT30JAN2022000CE.NFO,07/01/2020,09:31:44,379.15,368.6,30,378.55,60,0,10710
EICHERMOT30JAN2022000CE.NFO,07/01/2020,09:31:45,379.15,368.6,30,378.2,30,0,10710
EICHERMOT30JAN2022000CE.NFO,07/01/2020,09:31:46,379.15,368.6,30,378.15,30,0,10710
EICHERMOT30JAN2022000CE.NFO,07/01/2020,09:31:47,379.15,368.6,30,378.25,30,0,10710
EICHERMOT30JAN2022000CE.NFO,07/01/2020,09:31:48,379.15,368.6,30,378.1,30,0,10710
EICHERMOT30JAN2022000CE.NFO,07/01/2020,09:31:51,379.15,368.6,120,378.1,60,0,10710
EICHERMOT30JAN2022000CE.NFO,07/01/2020,09:31:52,379.15,368.9,90,378.1,60,0,10710
EICHERMOT30JAN2022000CE.NFO,07/01/2020,09:31:53,379.15,369.55,30,378.1,60,0,10710
EICHERMOT30JAN2022000CE.NFO,07/01/2020,09:32:09,379.15,370.85,30,378.1,30,0,10710
EICHERMOT30JAN2022000CE.NFO,07/01/2020,09:32:10,379.15,371.3,30,380.6,30,0,10710
EICHERMOT30JAN2022000CE.NFO,07/01/2020,09:32:15,379.15,371.3,30,380.75,30,0,10710
EICHERMOT30JAN2022000CE.NFO,07/01/2020,09:32:16,379.15,372.95,30,382.4,30,0,10710
EICHERMOT30JAN2022000CE.NFO,07/01/2020,09:32:17,379.15,372.7,30,382.4,30,0,10710
EICHERMOT30JAN2022000CE.NFO,07/01/2020,09:32:20,379.15,373.3,30,382.4,30,0,10710
EICHERMOT30JAN2022000CE.NFO,07/01/2020,09:32:21,379.15,373.65,30,382.4,30,0,10710
EICHERMOT30JAN2022000CE.NFO,07/01/2020,09:32:22,379.15,373.95,90,382.4,30,0,10710
EICHERMOT30JAN2022000CE.NFO,07/01/2020,09:32:23,379.15,374.45,30,382.4,30,0,10710
EICHERMOT30JAN2022000CE.NFO,07/01/2020,09:32:25,379.15,374.7,30,382.4,30,0,10710
EICHERMOT30JAN2022000CE.NFO,07/01/2020,09:32:26,379.15,375,90,382.4,30,0,10710
EICHERMOT30JAN2022000CE.NFO,07/01/2020,09:32:28,379.15,375.35,90,382.4,30,0,10710
EICHERMOT30JAN2022000CE.NFO,07/01/2020,09:32:29,379.15,375.85,90,382.4,30,0,10710
EICHERMOT30JAN2022000CE.NFO,07/01/2020,09:32:30,379.15,376.2,30,382.4,30,0,10710
EICHERMOT30JAN2022000CE.NFO,07/01/2020,09:32:31,379.15,376.2,120,382.4,30,0,10710
EICHERMOT30JAN2022000CE.NFO,07/01/2020,09:32:34,379.15,373.85,30,382.4,60,0,10710
EICHERMOT30JAN2022000CE.NFO,07/01/2020,09:32:34,379.15,373.85,30,380,30,0,10710
EICHERMOT30JAN2022000CE.NFO,07/01/2020,09:32:35,379.15,371.95,30,380,60,0,10710
EICHERMOT30JAN2022000CE.NFO,07/01/2020,09:32:38,379.15,371.95,30,381.2,60,0,10710
EICHERMOT30JAN2022000CE.NFO,07/01/2020,09:32:39,379.15,372.25,30,380.1,30,0,10710
EICHERMOT30JAN2022000CE.NFO,07/01/2020,09:32:40,379.15,373.25,30,382.35,30,0,10710
EICHERMOT30JAN2022000CE.NFO,07/01/2020,09:32:43,379.15,373.7,30,381.85,60,0,10710
EICHERMOT30JAN2022000CE.NFO,07/01/2020,09:32:44,379.15,373.65,30,381.8,30,0,10710
EICHERMOT30JAN2022000CE.NFO,07/01/2020,09:32:45,379.15,373.65,30,380.2,60,0,10710
EICHERMOT30JAN2022000CE.NFO,07/01/2020,09:32:47,379.15,371.95,30,380.2,60,0,10710
EICHERMOT30JAN2022000CE.NFO,07/01/2020,09:32:51,379.15,372.25,30,380.4,30,0,10710
EICHERMOT30JAN2022000CE.NFO,07/01/2020,09:32:52,379.15,372.55,90,380.55,30,0,10710
EICHERMOT30JAN2022000CE.NFO,07/01/2020,09:32:53,379.15,371.9,30,380.9,60,0,10710
EICHERMOT30JAN2022000CE.NFO,07/01/2020,09:32:55,379.15,371.95,30,382.1,30,0,10710
EICHERMOT30JAN2022000CE.NFO,07/01/2020,09:32:55,379.15,371.95,30,381.9,30,0,10710
EICHERMOT30JAN2022000CE.NFO,07/01/2020,09:32:56,379.15,371.95,30,381.45,60,0,10710
EICHERMOT30JAN2022000CE.NFO,07/01/2020,09:32:57,379.15,371.95,30,381.1,60,0,10710
EICHERMOT30JAN2022000CE.NFO,07/01/2020,09:32:58,379.15,372,90,381.2,30,0,10710
EICHERMOT30JAN2022000CE.NFO,07/01/2020,09:32:59,379.15,373.15,30,382.4,60,0,10710
EICHERMOT30JAN2022000CE.NFO,07/01/2020,09:33:00,379.15,373.15,30,381.55,30,0,10710
EICHERMOT30JAN2022000CE.NFO,07/01/2020,09:33:01,379.15,373.15,30,381.45,60,0,10710
EICHERMOT30JAN2022000CE.NFO,07/01/2020,09:33:03,379.15,373.45,30,382.2,30,0,10710
EICHERMOT30JAN2022000CE.NFO,07/01/2020,09:33:04,379.15,372.05,30,381.4,30,0,10710
EICHERMOT30JAN2022000CE.NFO,07/01/2020,09:33:05,379.15,372.05,30,380.95,30,0,10710
EICHERMOT30JAN2022000CE.NFO,07/01/2020,09:33:06,379.15,373.3,30,382.4,60,0,10710
EICHERMOT30JAN2022000CE.NFO,07/01/2020,09:33:08,379.15,373.3,30,380.55,60,0,10710
EICHERMOT30JAN2022000CE.NFO,07/01/2020,09:33:09,379.15,373.3,30,382.4,60,0,10710
EICHERMOT30JAN2022000CE.NFO,07/01/2020,09:33:10,379.15,373.45,30,382.35,30,0,10710
EICHERMOT30JAN2022000CE.NFO,07/01/2020,09:33:12,379.15,372.75,30,382,30,0,10710
EICHERMOT30JAN2022000CE.NFO,07/01/2020,09:33:13,379.15,372.75,30,381,30,0,10710
EICHERMOT30JAN2022000CE.NFO,07/01/2020,09:33:14,379.15,373.8,30,382.4,60,0,10710
EICHERMOT30JAN2022000CE.NFO,07/01/2020,09:33:15,379.15,373.95,120,382.4,60,0,10710
EICHERMOT30JAN2022000CE.NFO,07/01/2020,09:33:19,379.15,373.95,90,381.85,30,0,10710
EICHERMOT30JAN2022000CE.NFO,07/01/2020,09:33:20,379.15,366.7,30,378.55,30,0,10710
EICHERMOT30JAN2022000CE.NFO,07/01/2020,09:33:21,379.15,366.7,30,378.75,30,0,10710
EICHERMOT30JAN2022000CE.NFO,07/01/2020,09:33:22,379.15,366.7,30,377.55,30,0,10710
EICHERMOT30JAN2022000CE.NFO,07/01/2020,09:33:23,379.15,366.7,30,376.65,30,0,10710
EICHERMOT30JAN2022000CE.NFO,07/01/2020,09:33:24,379.15,366.7,30,375.95,30,0,10710
EICHERMOT30JAN2022000CE.NFO,07/01/2020,09:33:26,379.15,366.7,30,378.45,30,0,10710
EICHERMOT30JAN2022000CE.NFO,07/01/2020,09:33:26,379.15,366.7,30,378.15,30,0,10710
EICHERMOT30JAN2022000CE.NFO,07/01/2020,09:33:27,379.15,366.7,30,377.75,30,0,10710
EICHERMOT30JAN2022000CE.NFO,07/01/2020,09:33:28,379.15,366.7,30,376.75,30,0,10710
EICHERMOT30JAN2022000CE.NFO,07/01/2020,09:33:29,379.15,366.7,30,377.55,30,0,10710
EICHERMOT30JAN2022000CE.NFO,07/01/2020,09:33:30,379.15,366.7,30,376.55,30,0,10710
EICHERMOT30JAN2022000CE.NFO,07/01/2020,09:33:31,379.15,366.7,30,377.8,30,0,10710
EICHERMOT30JAN2022000CE.NFO,07/01/2020,09:33:32,379.15,366.7,30,377.6,30,0,10710
EICHERMOT30JAN2022000CE.NFO,07/01/2020,09:33:33,379.15,366.7,30,377.3,30,0,10710
EICHERMOT30JAN2022000CE.NFO,07/01/2020,09:33:34,379.15,366.7,30,376.7,30,0,10710
EICHERMOT30JAN2022000CE.NFO,07/01/2020,09:33:35,379.15,366.7,30,378.65,30,0,10710
EICHERMOT30JAN2022000CE.NFO,07/01/2020,09:33:36,379.15,366.7,30,376.75,30,0,10710
EICHERMOT30JAN2022000CE.NFO,07/01/2020,09:33:37,379.15,366.7,30,378,30,0,10710
EICHERMOT30JAN2022000CE.NFO,07/01/2020,09:33:38,379.15,366.7,30,378.25,30,0,10710
EICHERMOT30JAN2022000CE.NFO,07/01/2020,09:33:39,379.15,366.7,30,377.85,30,0,10710
EICHERMOT30JAN2022000CE.NFO,07/01/2020,09:33:41,379.15,366.8,30,378.7,30,0,10710
EICHERMOT30JAN2022000CE.NFO,07/01/2020,09:33:41,379.15,366.85,30,378.6,30,0,10710
EICHERMOT30JAN2022000CE.NFO,07/01/2020,09:33:42,379.15,366.65,60,378,30,0,10710
EICHERMOT30JAN2022000CE.NFO,07/01/2020,09:33:43,379.15,366.65,30,377.5,30,0,10710
EICHERMOT30JAN2022000CE.NFO,07/01/2020,09:33:44,379.15,366.65,30,377.3,30,0,10710
EICHERMOT30JAN2022000CE.NFO,07/01/2020,09:33:45,379.15,366.9,30,379.75,30,0,10710
EICHERMOT30JAN2022000CE.NFO,07/01/2020,09:33:46,379.15,367.55,30,380.5,30,0,10710
EICHERMOT30JAN2022000CE.NFO,07/01/2020,09:33:47,379.15,368.3,30,379.8,30,0,10710
EICHERMOT30JAN2022000CE.NFO,07/01/2020,09:33:48,379.15,368.3,60,379.8,30,0,10710
EICHERMOT30JAN2022000CE.NFO,07/01/2020,09:33:49,379.15,370.2,30,381.45,30,0,10710
EICHERMOT30JAN2022000CE.NFO,07/01/2020,09:33:50,379.15,370.9,30,381.4,30,0,10710
EICHERMOT30JAN2022000CE.NFO,07/01/2020,09:33:53,379.15,370.9,30,381.35,30,0,10710
EICHERMOT30JAN2022000CE.NFO,07/01/2020,09:33:54,379.15,370.9,30,382.35,30,0,10710
EICHERMOT30JAN2022000CE.NFO,07/01/2020,09:33:55,379.15,371.25,30,382.25,30,0,10710
EICHERMOT30JAN2022000CE.NFO,07/01/2020,09:33:56,379.15,371.55,30,382.25,30,0,10710
EICHERMOT30JAN2022000CE.NFO,07/01/2020,09:33:57,379.15,372.35,30,382.25,30,0,10710
EICHERMOT30JAN2022000CE.NFO,07/01/2020,09:34:04,379.15,372.35,30,379.7,60,0,10710
EICHERMOT30JAN2022000CE.NFO,07/01/2020,09:34:04,379.15,372.4,30,379.7,60,0,10710
EICHERMOT30JAN2022000CE.NFO,07/01/2020,09:34:17,379.15,372.75,30,379.7,60,0,10710
EICHERMOT30JAN2022000CE.NFO,07/01/2020,09:34:30,379.15,370.2,30,379.7,60,0,10710
EICHERMOT30JAN2022000CE.NFO,07/01/2020,09:34:31,370.2,370.15,30,379.7,60,30,10650
EICHERMOT30JAN2022000CE.NFO,07/01/2020,09:34:32,370.2,370.15,30,379.7,60,0,10650
EICHERMOT30JAN2022000CE.NFO,07/01/2020,09:34:39,370.2,370.15,30,379.65,30,0,10650
EICHERMOT30JAN2022000CE.NFO,07/01/2020,09:34:40,370.2,370.15,30,379.7,60,0,10650
EICHERMOT30JAN2022000CE.NFO,07/01/2020,09:34:42,370.2,370.3,90,379.7,60,0,10650
EICHERMOT30JAN2022000CE.NFO,07/01/2020,09:34:44,370.2,370.45,90,379.7,60,0,10650
EICHERMOT30JAN2022000CE.NFO,07/01/2020,09:34:46,370.2,370.15,30,379.65,30,0,10650
EICHERMOT30JAN2022000CE.NFO,07/01/2020,09:34:48,370.2,370.15,30,379.7,60,0,10650
EICHERMOT30JAN2022000CE.NFO,07/01/2020,09:34:55,370.2,370.15,30,379.65,30,0,10650
EICHERMOT30JAN2022000CE.NFO,07/01/2020,09:35:02,370.2,370.45,90,379.7,60,0,10650
EICHERMOT30JAN2022000CE.NFO,07/01/2020,09:35:03,370.2,370.8,90,379.7,60,0,10650
EICHERMOT30JAN2022000CE.NFO,07/01/2020,09:35:04,370.2,371,90,379.7,60,0,10650
EICHERMOT30JAN2022000CE.NFO,07/01/2020,09:35:04,370.2,371.15,90,379.7,60,0,10650
EICHERMOT30JAN2022000CE.NFO,07/01/2020,09:35:05,370.2,370.15,30,379.65,30,0,10650
EICHERMOT30JAN2022000CE.NFO,07/01/2020,09:35:22,370.2,366.6,30,378.95,60,0,10650
EICHERMOT30JAN2022000CE.NFO,07/01/2020,09:35:27,378.95,366.6,30,378.55,30,300,10680
EICHERMOT30JAN2022000CE.NFO,07/01/2020,09:35:33,378.95,362.9,30,378.4,30,0,10680
EICHERMOT30JAN2022000CE.NFO,07/01/2020,09:35:39,378.95,359.7,30,375,30,0,10680
EICHERMOT30JAN2022000CE.NFO,07/01/2020,09:35:45,378.95,357.8,30,372.4,30,0,10680
EICHERMOT30JAN2022000CE.NFO,07/01/2020,09:35:53,378.95,361,30,373.7,30,0,10680
EICHERMOT30JAN2022000CE.NFO,07/01/2020,09:35:59,378.95,364.95,60,377.85,30,0,10680
EICHERMOT30JAN2022000CE.NFO,07/01/2020,09:36:05,378.95,363.65,30,371,60,0,10680
EICHERMOT30JAN2022000CE.NFO,07/01/2020,09:36:12,378.95,365,30,371,60,0,10680
EICHERMOT30JAN2022000CE.NFO,07/01/2020,09:36:13,371,363.45,30,371,30,30,10680
EICHERMOT30JAN2022000CE.NFO,07/01/2020,09:36:14,371,364.8,30,371,30,0,10680
EICHERMOT30JAN2022000CE.NFO,07/01/2020,09:36:15,371,363.55,30,371,30,0,10680
EICHERMOT30JAN2022000CE.NFO,07/01/2020,09:36:16,371,364.25,30,371,30,0,10680
EICHERMOT30JAN2022000CE.NFO,07/01/2020,09:36:17,371,364.9,30,371,30,0,10680
EICHERMOT30JAN2022000CE.NFO,07/01/2020,09:36:19,371,363.55,30,371,30,0,10680
EICHERMOT30JAN2022000CE.NFO,07/01/2020,09:36:20,371,364.9,30,371,30,0,10680
EICHERMOT30JAN2022000CE.NFO,07/01/2020,09:36:21,371,363.75,30,371,30,0,10680
EICHERMOT30JAN2022000CE.NFO,07/01/2020,09:36:23,371,356.6,30,370.95,60,0,10680
EICHERMOT30JAN2022000CE.NFO,07/01/2020,09:36:26,371,356.65,60,365,30,0,10680
EICHERMOT30JAN2022000CE.NFO,07/01/2020,09:36:27,371,356.85,60,365,30,0,10680
EICHERMOT30JAN2022000CE.NFO,07/01/2020,09:36:28,371,357.4,30,365,30,0,10680
EICHERMOT30JAN2022000CE.NFO,07/01/2020,09:36:37,371,357.45,30,365,30,0,10680
EICHERMOT30JAN2022000CE.NFO,07/01/2020,09:36:38,371,357.65,60,365,30,0,10680
EICHERMOT30JAN2022000CE.NFO,07/01/2020,09:36:40,371,357.65,30,365,30,0,10680
EICHERMOT30JAN2022000CE.NFO,07/01/2020,09:36:43,371,357.75,30,365,30,0,10680
EICHERMOT30JAN2022000CE.NFO,07/01/2020,09:36:49,365,364,30,371,30,30,10680
EICHERMOT30JAN2022000CE.NFO,07/01/2020,09:36:50,365,364.05,30,371,30,0,10680
EICHERMOT30JAN2022000CE.NFO,07/01/2020,09:36:52,365,366.3,90,371,30,0,10680
EICHERMOT30JAN2022000CE.NFO,07/01/2020,09:36:53,365,366.3,120,371,30,0,10680
EICHERMOT30JAN2022000CE.NFO,07/01/2020,09:36:54,365,366.3,30,371,30,0,10680
EICHERMOT30JAN2022000CE.NFO,07/01/2020,09:36:57,365,363.5,30,371,30,0,10680
EICHERMOT30JAN2022000CE.NFO,07/01/2020,09:37:04,365,363.65,30,371,30,0,10680
EICHERMOT30JAN2022000CE.NFO,07/01/2020,09:37:05,365,363.8,30,371,30,0,10680
EICHERMOT30JAN2022000CE.NFO,07/01/2020,09:37:08,365,364.5,30,371,30,0,10680
EICHERMOT30JAN2022000CE.NFO,07/01/2020,09:37:09,365,364.6,30,371,30,0,10680
EICHERMOT30JAN2022000CE.NFO,07/01/2020,09:37:23,365,364.55,30,371,30,0,10680
EICHERMOT30JAN2022000CE.NFO,07/01/2020,09:37:28,365,363.75,30,371,30,0,10680
EICHERMOT30JAN2022000CE.NFO,07/01/2020,09:37:38,365,363.75,30,377.2,30,0,10680
EICHERMOT30JAN2022000CE.NFO,07/01/2020,09:37:43,365,363.05,30,373.8,30,0,10680
EICHERMOT30JAN2022000CE.NFO,07/01/2020,09:37:52,365,361.55,30,373.8,30,0,10680
EICHERMOT30JAN2022000CE.NFO,07/01/2020,09:37:57,365,361.55,30,373.5,30,0,10680
EICHERMOT30JAN2022000CE.NFO,07/01/2020,09:38:01,365,361.6,60,375.6,60,0,10680
EICHERMOT30JAN2022000CE.NFO,07/01/2020,09:38:06,365,361.55,30,373.75,30,0,10680
EICHERMOT30JAN2022000CE.NFO,07/01/2020,09:38:11,365,361.55,30,372.75,30,0,10680
EICHERMOT30JAN2022000CE.NFO,07/01/2020,09:38:16,365,356.5,30,370.85,30,0,10680
EICHERMOT30JAN2022000CE.NFO,07/01/2020,09:38:21,365,357.5,30,370,30,0,10680
EICHERMOT30JAN2022000CE.NFO,07/01/2020,09:38:25,365,358.1,90,369.2,30,0,10680
EICHERMOT30JAN2022000CE.NFO,07/01/2020,09:38:30,365,358.5,30,369.15,30,0,10680
EICHERMOT30JAN2022000CE.NFO,07/01/2020,09:38:34,365,359.4,30,371.35,30,0,10680
EICHERMOT30JAN2022000CE.NFO,07/01/2020,09:38:39,365,359.85,30,370.95,30,0,10680
EICHERMOT30JAN2022000CE.NFO,07/01/2020,09:38:44,365,361.2,30,370.95,30,0,10680
EICHERMOT30JAN2022000CE.NFO,07/01/2020,09:38:49,365,362.8,30,370.35,30,0,10680
EICHERMOT30JAN2022000CE.NFO,07/01/2020,09:38:53,365,361.7,30,370.25,30,0,10680
EICHERMOT30JAN2022000CE.NFO,07/01/2020,09:38:58,365,361.2,90,370.25,30,0,10680
EICHERMOT30JAN2022000CE.NFO,07/01/2020,09:39:03,365,361.25,90,370.25,30,0,10680
EICHERMOT30JAN2022000CE.NFO,07/01/2020,09:39:07,365,361.95,30,370.25,30,0,10680
EICHERMOT30JAN2022000CE.NFO,07/01/2020,09:39:12,365,362.3,30,370.55,30,0,10680
EICHERMOT30JAN2022000CE.NFO,07/01/2020,09:39:17,365,365.55,120,373.9,30,0,10680
EICHERMOT30JAN2022000CE.NFO,07/01/2020,09:39:23,365,365.75,30,375.35,30,0,10680
EICHERMOT30JAN2022000CE.NFO,07/01/2020,09:39:28,365,366.25,30,374.95,30,0,10680
EICHERMOT30JAN2022000CE.NFO,07/01/2020,09:39:34,365,366.3,30,374.95,30,0,10680
EICHERMOT30JAN2022000CE.NFO,07/01/2020,09:39:39,365,366.25,90,374.95,30,0,10680
EICHERMOT30JAN2022000CE.NFO,07/01/2020,09:39:43,365,365.75,30,374.95,30,0,10680
EICHERMOT30JAN2022000CE.NFO,07/01/2020,09:39:48,365,367.1,30,374.95,30,0,10680
EICHERMOT30JAN2022000CE.NFO,07/01/2020,09:39:53,365,367.15,30,374.95,30,0,10680
EICHERMOT30JAN2022000CE.NFO,07/01/2020,09:39:57,365,365.45,30,374.95,30,0,10680
EICHERMOT30JAN2022000CE.NFO,07/01/2020,09:40:02,365,371.45,30,380.15,30,0,10680
EICHERMOT30JAN2022000CE.NFO,07/01/2020,09:40:07,365,372.1,120,381.1,30,0,10680
EICHERMOT30JAN2022000CE.NFO,07/01/2020,09:40:19,365,372.3,30,380.3,30,0,10680
EICHERMOT30JAN2022000CE.NFO,07/01/2020,09:40:25,374.65,372.1,90,378.6,30,30,10380
EICHERMOT30JAN2022000CE.NFO,07/01/2020,09:40:30,374.65,375,90,378.6,30,0,10380
EICHERMOT30JAN2022000CE.NFO,07/01/2020,09:40:35,374.65,375,90,381,30,0,10380
EICHERMOT30JAN2022000CE.NFO,07/01/2020,09:40:49,374.65,375.05,30,381,30,0,10380
EICHERMOT30JAN2022000CE.NFO,07/01/2020,09:40:54,374.65,375,90,382.35,30,0,10380
EICHERMOT30JAN2022000CE.NFO,07/01/2020,09:41:04,382.35,375,90,382.3,30,60,10380
EICHERMOT30JAN2022000CE.NFO,07/01/2020,09:41:09,377,377,60,379.35,30,30,10380
EICHERMOT30JAN2022000CE.NFO,07/01/2020,09:41:14,377,377,60,380.6,30,0,10380
EICHERMOT30JAN2022000CE.NFO,07/01/2020,09:41:19,377,377,60,381.25,60,0,10380
EICHERMOT30JAN2022000CE.NFO,07/01/2020,09:41:24,377,377,60,380.6,30,0,10380
EICHERMOT30JAN2022000CE.NFO,07/01/2020,09:41:29,377,377,60,380.9,30,0,10380
EICHERMOT30JAN2022000CE.NFO,07/01/2020,09:41:34,377,377,60,380.35,30,0,10380
EICHERMOT30JAN2022000CE.NFO,07/01/2020,09:41:38,380.35,377.15,30,382.4,30,30,10320
EICHERMOT30JAN2022000CE.NFO,07/01/2020,09:41:43,380.35,381,60,382.4,30,0,10320
EICHERMOT30JAN2022000CE.NFO,07/01/2020,09:41:47,381,372.75,60,378.95,30,60,10320
EICHERMOT30JAN2022000CE.NFO,07/01/2020,09:41:53,381,372.75,60,378.95,30,0,10320
EICHERMOT30JAN2022000CE.NFO,07/01/2020,09:41:59,381,375,90,376.1,30,0,10320
EICHERMOT30JAN2022000CE.NFO,07/01/2020,09:42:06,381,369.95,30,376.2,30,0,10320
EICHERMOT30JAN2022000CE.NFO,07/01/2020,09:42:12,381,369.95,30,376.15,30,0,10320
EICHERMOT30JAN2022000CE.NFO,07/01/2020,09:42:26,381,369.95,30,376.1,30,0,10320
EICHERMOT30JAN2022000CE.NFO,07/01/2020,09:42:40,381,370.05,30,375.7,30,0,10320
EICHERMOT30JAN2022000CE.NFO,07/01/2020,09:42:47,381,370.15,30,376.95,30,0,10320
EICHERMOT30JAN2022000CE.NFO,07/01/2020,09:42:52,381,366.65,30,376.95,30,0,10320
EICHERMOT30JAN2022000CE.NFO,07/01/2020,09:42:58,381,367.7,30,376.6,30,0,10320
EICHERMOT30JAN2022000CE.NFO,07/01/2020,09:43:04,381,365.95,30,375,30,0,10320
EICHERMOT30JAN2022000CE.NFO,07/01/2020,09:43:10,381,366.2,30,375.15,30,0,10320
EICHERMOT30JAN2022000CE.NFO,07/01/2020,09:43:16,381,366.55,30,376.95,30,0,10320
EICHERMOT30JAN2022000CE.NFO,07/01/2020,09:43:21,381,366.95,30,376.95,30,0,10320
EICHERMOT30JAN2022000CE.NFO,07/01/2020,09:43:26,381,368.15,30,376.8,30,0,10320
EICHERMOT30JAN2022000CE.NFO,07/01/2020,09:43:31,381,366.1,30,376.95,30,0,10320
EICHERMOT30JAN2022000CE.NFO,07/01/2020,09:43:36,381,365.5,30,375.75,30,0,10320
EICHERMOT30JAN2022000CE.NFO,07/01/2020,09:43:40,381,366.35,60,374.55,30,0,10320
EICHERMOT30JAN2022000CE.NFO,07/01/2020,09:43:45,381,366,60,375.35,30,0,10320
EICHERMOT30JAN2022000CE.NFO,07/01/2020,09:43:50,381,368.45,60,376.3,30,0,10320
EICHERMOT30JAN2022000CE.NFO,07/01/2020,09:43:55,381,369.65,60,376.95,30,0,10320
EICHERMOT30JAN2022000CE.NFO,07/01/2020,09:44:01,381,371.6,90,376.95,30,0,10320
EICHERMOT30JAN2022000CE.NFO,07/01/2020,09:44:06,381,372,30,376.95,30,0,10320
EICHERMOT30JAN2022000CE.NFO,07/01/2020,09:44:12,381,367.25,60,376.95,30,0,10320
EICHERMOT30JAN2022000CE.NFO,07/01/2020,09:44:13,381,367.4,60,376.95,30,0,10320
EICHERMOT30JAN2022000CE.NFO,07/01/2020,09:44:15,381,368.15,60,376.95,30,0,10320
EICHERMOT30JAN2022000CE.NFO,07/01/2020,09:44:15,381,370.2,90,376.95,30,0,10320
EICHERMOT30JAN2022000CE.NFO,07/01/2020,09:44:17,381,370.4,90,376.95,30,0,10320
EICHERMOT30JAN2022000CE.NFO,07/01/2020,09:44:19,381,370.4,30,376.95,30,0,10320
EICHERMOT30JAN2022000CE.NFO,07/01/2020,09:44:20,381,371.4,30,376.95,30,0,10320
EICHERMOT30JAN2022000CE.NFO,07/01/2020,09:44:21,381,370.8,30,376.95,30,0,10320
EICHERMOT30JAN2022000CE.NFO,07/01/2020,09:44:23,381,371.8,30,376.95,30,0,10320
EICHERMOT30JAN2022000CE.NFO,07/01/2020,09:44:25,381,372,60,376.95,30,0,10320
EICHERMOT30JAN2022000CE.NFO,07/01/2020,09:44:29,381,372.15,30,376.95,30,0,10320
EICHERMOT30JAN2022000CE.NFO,07/01/2020,09:44:30,381,372,60,376.95,30,0,10320
EICHERMOT30JAN2022000CE.NFO,07/01/2020,09:44:34,381,372.05,30,376.95,30,0,10320
EICHERMOT30JAN2022000CE.NFO,07/01/2020,09:44:37,381,372,60,376.95,30,0,10320
EICHERMOT30JAN2022000CE.NFO,07/01/2020,09:44:45,381,372,60,377,30,0,10320
EICHERMOT30JAN2022000CE.NFO,07/01/2020,09:44:51,372,372,30,377,30,30,10320
EICHERMOT30JAN2022000CE.NFO,07/01/2020,09:44:52,372,372,30,377,30,0,10320
EICHERMOT30JAN2022000CE.NFO,07/01/2020,09:45:01,372,372.45,30,377,30,0,10320
EICHERMOT30JAN2022000CE.NFO,07/01/2020,09:45:06,377,372.95,30,380,30,30,10320
EICHERMOT30JAN2022000CE.NFO,07/01/2020,09:45:07,377,372.95,30,380,30,0,10320
EICHERMOT30JAN2022000CE.NFO,07/01/2020,09:45:10,380,373.65,30,382.4,30,30,10320
EICHERMOT30JAN2022000CE.NFO,07/01/2020,09:45:11,380,376,30,382.4,30,0,10320
EICHERMOT30JAN2022000CE.NFO,07/01/2020,09:45:12,380,375.35,30,382.4,30,0,10320
EICHERMOT30JAN2022000CE.NFO,07/01/2020,09:45:19,380,376.05,30,382.4,30,0,10320
EICHERMOT30JAN2022000CE.NFO,07/01/2020,09:45:25,380,376,30,382.4,30,0,10320
EICHERMOT30JAN2022000CE.NFO,07/01/2020,09:45:35,380,376.05,30,382.4,30,0,10320
EICHERMOT30JAN2022000CE.NFO,07/01/2020,09:45:40,380,376,30,382.4,60,0,10320
EICHERMOT30JAN2022000CE.NFO,07/01/2020,09:45:53,380,376,30,382.1,30,0,10320
EICHERMOT30JAN2022000CE.NFO,07/01/2020,09:46:02,380,372.4,30,382.1,30,0,10320
EICHERMOT30JAN2022000CE.NFO,07/01/2020,09:46:07,380,373.25,30,382.2,30,0,10320
EICHERMOT30JAN2022000CE.NFO,07/01/2020,09:46:11,380,367.85,30,377.9,60,0,10320
EICHERMOT30JAN2022000CE.NFO,07/01/2020,09:46:16,380,367.85,30,376.25,60,0,10320
EICHERMOT30JAN2022000CE.NFO,07/01/2020,09:46:21,380,367.95,30,377.6,30,0,10320
EICHERMOT30JAN2022000CE.NFO,07/01/2020,09:46:26,380,367.95,30,376.05,30,0,10320
EICHERMOT30JAN2022000CE.NFO,07/01/2020,09:46:32,380,367.95,30,375.4,30,0,10320
EICHERMOT30JAN2022000CE.NFO,07/01/2020,09:46:38,380,365.05,30,375.4,30,0,10320
EICHERMOT30JAN2022000CE.NFO,07/01/2020,09:46:43,380,365.05,30,373.4,30,0,10320
EICHERMOT30JAN2022000CE.NFO,07/01/2020,09:46:48,380,365,30,373.4,30,0,10320
EICHERMOT30JAN2022000CE.NFO,07/01/2020,09:46:57,365,356.55,30,370.65,30,30,10320
EICHERMOT30JAN2022000CE.NFO,07/01/2020,09:47:01,365,358.85,30,369.75,30,0,10320
EICHERMOT30JAN2022000CE.NFO,07/01/2020,09:47:05,365,359.55,30,369.75,30,0,10320
EICHERMOT30JAN2022000CE.NFO,07/01/2020,09:47:10,365,361.8,30,373.5,30,0,10320
EICHERMOT30JAN2022000CE.NFO,07/01/2020,09:47:14,365,355.75,60,371.6,30,0,10320
EICHERMOT30JAN2022000CE.NFO,07/01/2020,09:47:19,365,361.75,30,374.1,30,0,10320
EICHERMOT30JAN2022000CE.NFO,07/01/2020,09:47:23,365,362.1,30,374.35,30,0,10320
EICHERMOT30JAN2022000CE.NFO,07/01/2020,09:47:28,365,360.55,30,374.35,30,0,10320
EICHERMOT30JAN2022000CE.NFO,07/01/2020,09:47:32,365,364.15,30,374.35,30,0,10320
EICHERMOT30JAN2022000CE.NFO,07/01/2020,09:47:36,365,363.45,30,374.35,30,0,10320
EICHERMOT30JAN2022000CE.NFO,07/01/2020,09:47:40,365,362.8,30,374.4,30,0,10320
EICHERMOT30JAN2022000CE.NFO,07/01/2020,09:47:45,365,363.5,30,374.35,30,0,10320
EICHERMOT30JAN2022000CE.NFO,07/01/2020,09:47:50,365,361.5,30,374.35,30,0,10320
EICHERMOT30JAN2022000CE.NFO,07/01/2020,09:47:55,365,355.75,90,374.25,30,0,10320
EICHERMOT30JAN2022000CE.NFO,07/01/2020,09:47:59,365,362.3,30,372.95,30,0,10320
EICHERMOT30JAN2022000CE.NFO,07/01/2020,09:48:04,365,364.15,30,372.95,30,0,10320
EICHERMOT30JAN2022000CE.NFO,07/01/2020,09:48:09,372.95,363,60,374.3,30,30,10230
EICHERMOT30JAN2022000CE.NFO,07/01/2020,09:48:12,372.95,355.7,60,374.3,30,0,10230
EICHERMOT30JAN2022000CE.NFO,07/01/2020,09:48:13,374.3,358.85,30,374.25,60,30,10230
EICHERMOT30JAN2022000CE.NFO,07/01/2020,09:48:13,374.3,359.9,30,374.25,60,0,10230
EICHERMOT30JAN2022000CE.NFO,07/01/2020,09:48:14,374.3,360.65,30,374.25,60,0,10230
EICHERMOT30JAN2022000CE.NFO,07/01/2020,09:48:15,374.3,361.3,30,374.25,60,0,10230
EICHERMOT30JAN2022000CE.NFO,07/01/2020,09:48:16,374.3,360.55,30,374.25,60,0,10230
EICHERMOT30JAN2022000CE.NFO,07/01/2020,09:48:17,374.3,359.2,60,374.25,60,0,10230
EICHERMOT30JAN2022000CE.NFO,07/01/2020,09:48:18,374.3,359.9,30,374.25,60,0,10230
EICHERMOT30JAN2022000CE.NFO,07/01/2020,09:48:19,374.3,359.25,30,374.25,60,0,10230
EICHERMOT30JAN2022000CE.NFO,07/01/2020,09:48:20,374.3,358.2,30,374.25,60,0,10230
EICHERMOT30JAN2022000CE.NFO,07/01/2020,09:48:21,374.3,358.2,60,374.25,60,0,10230
EICHERMOT30JAN2022000CE.NFO,07/01/2020,09:48:22,374.3,358.85,30,374.25,60,0,10230
EICHERMOT30JAN2022000CE.NFO,07/01/2020,09:48:26,374.3,361,90,374.25,60,0,10230
EICHERMOT30JAN2022000CE.NFO,07/01/2020,09:48:27,374.3,361,90,369.95,60,0,10230
EICHERMOT30JAN2022000CE.NFO,07/01/2020,09:48:29,374.3,363.35,30,369.95,60,0,10230
EICHERMOT30JAN2022000CE.NFO,07/01/2020,09:48:46,374.3,359.35,60,369.95,60,0,10230
EICHERMOT30JAN2022000CE.NFO,07/01/2020,09:48:48,374.3,359.15,30,369.95,60,0,10230
EICHERMOT30JAN2022000CE.NFO,07/01/2020,09:48:50,374.3,358.95,30,369.95,60,0,10230
EICHERMOT30JAN2022000CE.NFO,07/01/2020,09:48:51,374.3,358.9,30,369.95,60,0,10230
EICHERMOT30JAN2022000CE.NFO,07/01/2020,09:48:52,374.3,358.9,30,382.15,30,0,10230
EICHERMOT30JAN2022000CE.NFO,07/01/2020,09:48:53,374.3,359.6,60,381.15,30,0,10230
EICHERMOT30JAN2022000CE.NFO,07/01/2020,09:48:54,374.3,359.6,60,380.8,30,0,10230
EICHERMOT30JAN2022000CE.NFO,07/01/2020,09:48:54,374.3,360.3,30,380.65,30,0,10230
EICHERMOT30JAN2022000CE.NFO,07/01/2020,09:48:56,374.3,361.7,30,379.75,30,0,10230
EICHERMOT30JAN2022000CE.NFO,07/01/2020,09:48:57,374.3,362.55,30,379.6,60,0,10230
EICHERMOT30JAN2022000CE.NFO,07/01/2020,09:48:59,374.3,362.35,30,379.6,60,0,10230
EICHERMOT30JAN2022000CE.NFO,07/01/2020,09:48:59,374.3,355.7,30,379.6,60,0,10230
EICHERMOT30JAN2022000CE.NFO,07/01/2020,09:49:01,374.3,357.6,30,379.6,60,0,10230
EICHERMOT30JAN2022000CE.NFO,07/01/2020,09:49:02,374.3,359.15,30,379.6,60,0,10230
EICHERMOT30JAN2022000CE.NFO,07/01/2020,09:49:03,374.3,359.95,30,379.6,60,0,10230
EICHERMOT30JAN2022000CE.NFO,07/01/2020,09:49:04,374.3,360.7,30,379.6,60,0,10230
EICHERMOT30JAN2022000CE.NFO,07/01/2020,09:49:04,374.3,361.45,30,379.6,60,0,10230
EICHERMOT30JAN2022000CE.NFO,07/01/2020,09:49:08,379.6,361.55,30,379.6,30,30,10230
EICHERMOT30JAN2022000CE.NFO,07/01/2020,09:49:08,379.6,361.55,30,379.6,30,0,10230
EICHERMOT30JAN2022000CE.NFO,07/01/2020,09:49:09,379.6,361.55,30,377.85,30,0,10230
EICHERMOT30JAN2022000CE.NFO,07/01/2020,09:49:11,379.6,362.25,30,377.85,30,0,10230
EICHERMOT30JAN2022000CE.NFO,07/01/2020,09:49:13,379.6,362.9,30,377.85,30,0,10230
EICHERMOT30JAN2022000CE.NFO,07/01/2020,09:49:14,379.6,362.15,30,377.85,30,0,10230
EICHERMOT30JAN2022000CE.NFO,07/01/2020,09:49:15,379.6,362.2,30,377.85,30,0,10230
EICHERMOT30JAN2022000CE.NFO,07/01/2020,09:49:16,379.6,362.85,30,377.85,30,0,10230
EICHERMOT30JAN2022000CE.NFO,07/01/2020,09:49:20,379.6,355.8,30,377.85,30,0,10230
EICHERMOT30JAN2022000CE.NFO,07/01/2020,09:49:21,379.6,358.95,30,377.85,30,0,10230
EICHERMOT30JAN2022000CE.NFO,07/01/2020,09:49:23,379.6,360.35,30,377.85,30,0,10230
EICHERMOT30JAN2022000CE.NFO,07/01/2020,09:49:24,379.6,361.65,30,377.85,30,0,10230
EICHERMOT30JAN2022000CE.NFO,07/01/2020,09:49:25,379.6,362.3,30,377.85,30,0,10230
EICHERMOT30JAN2022000CE.NFO,07/01/2020,09:49:26,379.6,356.75,30,376.75,30,0,10230
EICHERMOT30JAN2022000CE.NFO,07/01/2020,09:49:27,379.6,357.5,30,376.75,30,0,10230
EICHERMOT30JAN2022000CE.NFO,07/01/2020,09:49:28,379.6,358.2,30,376.75,30,0,10230
EICHERMOT30JAN2022000CE.NFO,07/01/2020,09:49:29,379.6,356,30,376.75,30,0,10230
EICHERMOT30JAN2022000CE.NFO,07/01/2020,09:49:30,379.6,356.95,30,376.75,30,0,10230
EICHERMOT30JAN2022000CE.NFO,07/01/2020,09:49:31,379.6,357.7,30,376.75,30,0,10230
EICHERMOT30JAN2022000CE.NFO,07/01/2020,09:49:32,379.6,358.4,30,376.75,30,0,10230
EICHERMOT30JAN2022000CE.NFO,07/01/2020,09:49:33,379.6,359.05,30,376.75,30,0,10230
EICHERMOT30JAN2022000CE.NFO,07/01/2020,09:49:36,379.6,359.75,30,376.75,30,0,10230
EICHERMOT30JAN2022000CE.NFO,07/01/2020,09:49:38,379.6,356.9,30,376.75,30,0,10230
EICHERMOT30JAN2022000CE.NFO,07/01/2020,09:49:39,379.6,357.6,30,376.75,30,0,10230
EICHERMOT30JAN2022000CE.NFO,07/01/2020,09:49:40,379.6,358.95,60,376.75,30,0,10230
EICHERMOT30JAN2022000CE.NFO,07/01/2020,09:49:41,379.6,359.65,30,376.75,30,0,10230
EICHERMOT30JAN2022000CE.NFO,07/01/2020,09:49:41,379.6,360.35,30,376.75,30,0,10230
EICHERMOT30JAN2022000CE.NFO,07/01/2020,09:49:43,379.6,361,30,376.75,30,0,10230
EICHERMOT30JAN2022000CE.NFO,07/01/2020,09:49:44,379.6,361,30,373.95,30,0,10230
EICHERMOT30JAN2022000CE.NFO,07/01/2020,09:49:46,379.6,361,30,372.9,30,0,10230
EICHERMOT30JAN2022000CE.NFO,07/01/2020,09:49:47,379.6,360.3,30,372.9,60,0,10230
EICHERMOT30JAN2022000CE.NFO,07/01/2020,09:49:47,379.6,360.35,30,372.9,30,0,10230
EICHERMOT30JAN2022000CE.NFO,07/01/2020,09:49:49,379.6,355,30,372.85,30,0,10230
EICHERMOT30JAN2022000CE.NFO,07/01/2020,09:49:50,379.6,355,30,373,30,0,10230
EICHERMOT30JAN2022000CE.NFO,07/01/2020,09:49:51,379.6,355.65,30,372.7,30,0,10230
EICHERMOT30JAN2022000CE.NFO,07/01/2020,09:49:52,379.6,355.65,30,371.4,30,0,10230
EICHERMOT30JAN2022000CE.NFO,07/01/2020,09:49:52,379.6,355.65,30,369.95,30,0,10230
EICHERMOT30JAN2022000CE.NFO,07/01/2020,09:49:54,353.3,349.6,30,358.4,30,120,10230
EICHERMOT30JAN2022000CE.NFO,07/01/2020,09:49:54,353.3,346.6,30,354.75,30,0,10230
EICHERMOT30JAN2022000CE.NFO,07/01/2020,09:49:55,353.3,343.5,30,352,30,0,10230
EICHERMOT30JAN2022000CE.NFO,07/01/2020,09:49:56,353.3,343.6,30,352,30,0,10230
EICHERMOT30JAN2022000CE.NFO,07/01/2020,09:49:57,353.3,343.6,30,350.2,30,0,10230
EICHERMOT30JAN2022000CE.NFO,07/01/2020,09:49:58,353.3,343.95,30,350.2,30,0,10230
EICHERMOT30JAN2022000CE.NFO,07/01/2020,09:50:00,353.3,343.95,30,348.45,30,0,10230
EICHERMOT30JAN2022000CE.NFO,07/01/2020,09:50:03,353.3,343.95,30,350.1,30,0,10230
EICHERMOT30JAN2022000CE.NFO,07/01/2020,09:50:04,353.3,344.45,30,350.1,30,0,10230
EICHERMOT30JAN2022000CE.NFO,07/01/2020,09:50:05,353.3,346.45,30,353.9,30,0,10230
EICHERMOT30JAN2022000CE.NFO,07/01/2020,09:50:06,353.9,349.1,30,360.65,30,30,10230
EICHERMOT30JAN2022000CE.NFO,07/01/2020,09:50:07,353.9,349.4,30,361.5,30,0,10230
EICHERMOT30JAN2022000CE.NFO,07/01/2020,09:50:09,353.9,349.8,30,361.45,30,0,10230
EICHERMOT30JAN2022000CE.NFO,07/01/2020,09:50:10,353.9,350.15,30,366,30,0,10230
EICHERMOT30JAN2022000CE.NFO,07/01/2020,09:50:10,353.9,350.95,30,366,30,0,10230
EICHERMOT30JAN2022000CE.NFO,07/01/2020,09:50:11,353.9,351.2,30,366,30,0,10230
EICHERMOT30JAN2022000CE.NFO,07/01/2020,09:50:13,353.9,351.7,30,366.05,30,0,10230
EICHERMOT30JAN2022000CE.NFO,07/01/2020,09:50:13,353.9,351.85,30,366,30,0,10230
EICHERMOT30JAN2022000CE.NFO,07/01/2020,09:50:14,353.9,352.65,60,366.05,30,0,10230
EICHERMOT30JAN2022000CE.NFO,07/01/2020,09:50:16,353.9,352.7,30,366,30,0,10230
EICHERMOT30JAN2022000CE.NFO,07/01/2020,09:50:17,353.9,352.65,30,366,30,0,10230
EICHERMOT30JAN2022000CE.NFO,07/01/2020,09:50:18,353.9,350.65,30,366,30,0,10230
EICHERMOT30JAN2022000CE.NFO,07/01/2020,09:50:20,353.9,342.95,30,366,30,0,10230
EICHERMOT30JAN2022000CE.NFO,07/01/2020,09:50:21,353.9,343.55,30,366,30,0,10230
EICHERMOT30JAN2022000CE.NFO,07/01/2020,09:50:22,353.9,344.3,30,366,30,0,10230
EICHERMOT30JAN2022000CE.NFO,07/01/2020,09:50:23,353.9,345.1,30,366,30,0,10230
EICHERMOT30JAN2022000CE.NFO,07/01/2020,09:50:24,353.9,345.8,30,366,30,0,10230
EICHERMOT30JAN2022000CE.NFO,07/01/2020,09:50:25,353.9,346.7,30,366,30,0,10230
EICHERMOT30JAN2022000CE.NFO,07/01/2020,09:50:27,353.9,347.8,30,366,30,0,10230
EICHERMOT30JAN2022000CE.NFO,07/01/2020,09:50:28,353.9,348.05,30,366,30,0,10230
EICHERMOT30JAN2022000CE.NFO,07/01/2020,09:50:29,353.9,349.35,30,366,30,0,10230
EICHERMOT30JAN2022000CE.NFO,07/01/2020,09:50:29,353.9,349.55,30,366,30,0,10230
EICHERMOT30JAN2022000CE.NFO,07/01/2020,09:50:30,353.9,350.05,30,366,30,0,10230
EICHERMOT30JAN2022000CE.NFO,07/01/2020,09:50:31,353.9,351.05,30,366,30,0,10230
EICHERMOT30JAN2022000CE.NFO,07/01/2020,09:50:34,353.9,351.15,30,366,30,0,10230
EICHERMOT30JAN2022000CE.NFO,07/01/2020,09:50:35,353.9,351.2,30,366,30,0,10230
EICHERMOT30JAN2022000CE.NFO,07/01/2020,09:50:37,353.9,342.9,30,366,30,0,10230
EICHERMOT30JAN2022000CE.NFO,07/01/2020,09:50:38,353.9,344.4,30,366,30,0,10230
EICHERMOT30JAN2022000CE.NFO,07/01/2020,09:50:39,353.9,345.75,30,366,30,0,10230
EICHERMOT30JAN2022000CE.NFO,07/01/2020,09:50:40,353.9,346.7,30,366,30,0,10230
EICHERMOT30JAN2022000CE.NFO,07/01/2020,09:50:41,353.9,347.6,30,365.7,30,0,10230
EICHERMOT30JAN2022000CE.NFO,07/01/2020,09:50:41,353.9,347.6,30,365.55,30,0,10230
EICHERMOT30JAN2022000CE.NFO,07/01/2020,09:50:42,353.9,347.7,30,364.7,30,0,10230
EICHERMOT30JAN2022000CE.NFO,07/01/2020,09:50:44,353.9,347.7,30,363.45,30,0,10230
EICHERMOT30JAN2022000CE.NFO,07/01/2020,09:50:45,353.9,347.8,30,362.85,30,0,10230
EICHERMOT30JAN2022000CE.NFO,07/01/2020,09:50:46,353.9,347.8,30,361.45,60,0,10230
EICHERMOT30JAN2022000CE.NFO,07/01/2020,09:50:46,353.9,347.8,30,360.25,30,0,10230
EICHERMOT30JAN2022000CE.NFO,07/01/2020,09:50:47,353.9,348,30,360.15,30,0,10230
EICHERMOT30JAN2022000CE.NFO,07/01/2020,09:50:48,353.9,348.5,30,360.15,30,0,10230
EICHERMOT30JAN2022000CE.NFO,07/01/2020,09:50:49,353.9,349.15,30,360.15,30,0,10230
EICHERMOT30JAN2022000CE.NFO,07/01/2020,09:50:51,353.9,349.2,30,360.15,30,0,10230
EICHERMOT30JAN2022000CE.NFO,07/01/2020,09:50:54,353.9,349.3,30,360.15,30,0,10230
EICHERMOT30JAN2022000CE.NFO,07/01/2020,09:50:55,353.9,349.3,30,361.75,30,0,10230
EICHERMOT30JAN2022000CE.NFO,07/01/2020,09:50:55,353.9,349.3,30,361,30,0,10230
EICHERMOT30JAN2022000CE.NFO,07/01/2020,09:50:56,353.9,349.3,30,360.9,30,0,10230
EICHERMOT30JAN2022000CE.NFO,07/01/2020,09:50:57,353.9,349.2,30,360.9,30,0,10230
EICHERMOT30JAN2022000CE.NFO,07/01/2020,09:51:25,353.9,349.45,30,360.9,30,0,10230
EICHERMOT30JAN2022000CE.NFO,07/01/2020,09:51:26,353.9,349.95,30,362,30,0,10230
EICHERMOT30JAN2022000CE.NFO,07/01/2020,09:51:27,353.9,351.15,30,362,30,0,10230
EICHERMOT30JAN2022000CE.NFO,07/01/2020,09:51:27,353.9,351.55,30,362,30,0,10230
EICHERMOT30JAN2022000CE.NFO,07/01/2020,09:51:29,353.9,352.25,30,362,30,0,10230
EICHERMOT30JAN2022000CE.NFO,07/01/2020,09:51:33,353.9,352.35,30,361.95,30,0,10230
EICHERMOT30JAN2022000CE.NFO,07/01/2020,09:51:35,353.9,352.55,30,361.95,30,0,10230
EICHERMOT30JAN2022000CE.NFO,07/01/2020,09:51:41,353.9,352.55,30,362,30,0,10230
EICHERMOT30JAN2022000CE.NFO,07/01/2020,09:51:46,353.9,352.55,30,362.4,30,0,10230
EICHERMOT30JAN2022000CE.NFO,07/01/2020,09:51:46,353.9,352.55,30,364.95,30,0,10230
EICHERMOT30JAN2022000CE.NFO,07/01/2020,09:52:09,353.9,352.8,30,364.95,30,0,10230
EICHERMOT30JAN2022000CE.NFO,07/01/2020,09:52:10,353.9,346.15,30,364.8,30,0,10230
EICHERMOT30JAN2022000CE.NFO,07/01/2020,09:52:10,353.9,346.15,30,364.4,30,0,10230
EICHERMOT30JAN2022000CE.NFO,07/01/2020,09:52:11,353.9,346.15,30,364,30,0,10230
EICHERMOT30JAN2022000CE.NFO,07/01/2020,09:52:13,353.9,346.85,30,363.85,30,0,10230
EICHERMOT30JAN2022000CE.NFO,07/01/2020,09:52:17,353.9,346.85,30,364.9,30,0,10230
EICHERMOT30JAN2022000CE.NFO,07/01/2020,09:52:22,353.9,346.85,30,364.8,30,0,10230
EICHERMOT30JAN2022000CE.NFO,07/01/2020,09:52:27,353.9,346.85,30,363.35,30,0,10230
EICHERMOT30JAN2022000CE.NFO,07/01/2020,09:52:32,353.9,346.85,30,361.95,30,0,10230
EICHERMOT30JAN2022000CE.NFO,07/01/2020,09:52:37,353.9,346.85,30,360.75,30,0,10230
EICHERMOT30JAN2022000CE.NFO,07/01/2020,09:52:41,353.9,346.85,30,358.65,30,0,10230
EICHERMOT30JAN2022000CE.NFO,07/01/2020,09:52:50,353.9,346.85,30,358.55,30,0,10230
EICHERMOT30JAN2022000CE.NFO,07/01/2020,09:52:54,353.9,346.85,30,359.95,30,0,10230
EICHERMOT30JAN2022000CE.NFO,07/01/2020,09:53:01,353.9,348.75,30,363.75,30,0,10230
EICHERMOT30JAN2022000CE.NFO,07/01/2020,09:53:07,353.9,348.75,30,360.8,30,0,10230
EICHERMOT30JAN2022000CE.NFO,07/01/2020,09:53:12,353.9,348.75,30,360.95,30,0,10230
EICHERMOT30JAN2022000CE.NFO,07/01/2020,09:53:13,353.9,348.75,30,361,30,0,10230
EICHERMOT30JAN2022000CE.NFO,07/01/2020,09:53:14,353.9,348.75,30,364.8,30,0,10230
EICHERMOT30JAN2022000CE.NFO,07/01/2020,09:53:16,353.9,348.75,30,364.05,30,0,10230
EICHERMOT30JAN2022000CE.NFO,07/01/2020,09:53:17,353.9,348.75,30,362.95,30,0,10230
EICHERMOT30JAN2022000CE.NFO,07/01/2020,09:53:17,353.9,348.75,30,362.7,30,0,10230
EICHERMOT30JAN2022000CE.NFO,07/01/2020,09:53:18,353.9,348.75,30,361.75,30,0,10230
EICHERMOT30JAN2022000CE.NFO,07/01/2020,09:53:19,353.9,348.75,30,361.35,30,0,10230
EICHERMOT30JAN2022000CE.NFO,07/01/2020,09:53:21,353.9,348.75,30,361.25,30,0,10230
EICHERMOT30JAN2022000CE.NFO,07/01/2020,09:53:22,361.15,350,30,361.4,30,30,10200
EICHERMOT30JAN2022000CE.NFO,07/01/2020,09:53:23,361.15,350.35,30,364.95,30,0,10200
EICHERMOT30JAN2022000CE.NFO,07/01/2020,09:53:24,361.15,350.7,60,364.9,30,0,10200
EICHERMOT30JAN2022000CE.NFO,07/01/2020,09:53:27,361.15,350.2,30,364.9,30,0,10200
EICHERMOT30JAN2022000CE.NFO,07/01/2020,09:53:29,361.15,351.3,30,364.9,30,0,10200
EICHERMOT30JAN2022000CE.NFO,07/01/2020,09:53:30,361.15,351.2,30,364.9,30,0,10200
EICHERMOT30JAN2022000CE.NFO,07/01/2020,09:53:32,361.15,351.05,30,364.9,30,0,10200
EICHERMOT30JAN2022000CE.NFO,07/01/2020,09:53:33,361.15,352.7,30,364.9,30,0,10200
EICHERMOT30JAN2022000CE.NFO,07/01/2020,09:53:35,361.15,352.6,30,364.9,30,0,10200
EICHERMOT30JAN2022000CE.NFO,07/01/2020,09:53:36,361.15,352.65,30,364.9,30,0,10200
EICHERMOT30JAN2022000CE.NFO,07/01/2020,09:53:37,361.15,352.45,30,364.9,30,0,10200
EICHERMOT30JAN2022000CE.NFO,07/01/2020,09:53:38,361.15,352.45,30,364.95,30,0,10200
EICHERMOT30JAN2022000CE.NFO,07/01/2020,09:53:47,361.15,352.45,30,364.95,60,0,10200
EICHERMOT30JAN2022000CE.NFO,07/01/2020,09:53:53,361.15,351.85,30,364.95,60,0,10200
EICHERMOT30JAN2022000CE.NFO,07/01/2020,09:53:54,361.15,352.45,60,364.95,60,0,10200
EICHERMOT30JAN2022000CE.NFO,07/01/2020,09:53:55,361.15,344.7,60,364.95,60,0,10200
EICHERMOT30JAN2022000CE.NFO,07/01/2020,09:53:56,361.15,350.2,60,364.95,60,0,10200
EICHERMOT30JAN2022000CE.NFO,07/01/2020,09:53:57,361.15,352.7,90,364.95,60,0,10200
EICHERMOT30JAN2022000CE.NFO,07/01/2020,09:53:58,361.15,353.4,30,364.95,60,0,10200
EICHERMOT30JAN2022000CE.NFO,07/01/2020,09:53:59,361.15,353.35,30,364.95,60,0,10200
EICHERMOT30JAN2022000CE.NFO,07/01/2020,09:54:01,361.15,352.25,60,364.95,60,0,10200
EICHERMOT30JAN2022000CE.NFO,07/01/2020,09:54:02,361.15,352.9,30,364.95,60,0,10200
EICHERMOT30JAN2022000CE.NFO,07/01/2020,09:54:04,361.15,344.7,90,364.95,60,0,10200
EICHERMOT30JAN2022000CE.NFO,07/01/2020,09:54:06,361.15,351.5,90,364.9,30,0,10200
EICHERMOT30JAN2022000CE.NFO,07/01/2020,09:54:09,361.15,351.5,30,364.9,30,0,10200
EICHERMOT30JAN2022000CE.NFO,07/01/2020,09:54:13,361.15,351.45,60,364.9,30,0,10200
EICHERMOT30JAN2022000CE.NFO,07/01/2020,09:54:16,361.15,353.15,60,365,30,0,10200
EICHERMOT30JAN2022000CE.NFO,07/01/2020,09:54:17,361.15,354.45,30,365,30,0,10200
EICHERMOT30JAN2022000CE.NFO,07/01/2020,09:54:18,361.15,354.45,60,365,30,0,10200
EICHERMOT30JAN2022000CE.NFO,07/01/2020,09:54:24,361.15,354.45,30,365,30,0,10200
EICHERMOT30JAN2022000CE.NFO,07/01/2020,09:54:25,361.15,354.85,30,365,30,0,10200
EICHERMOT30JAN2022000CE.NFO,07/01/2020,09:54:26,361.15,356.6,30,365,30,0,10200
EICHERMOT30JAN2022000CE.NFO,07/01/2020,09:54:27,361.15,356.25,30,365,30,0,10200
EICHERMOT30JAN2022000CE.NFO,07/01/2020,09:54:28,361.15,356.35,30,365,30,0,10200
EICHERMOT30JAN2022000CE.NFO,07/01/2020,09:54:32,361.15,356.25,60,365,30,0,10200
EICHERMOT30JAN2022000CE.NFO,07/01/2020,09:54:39,361.15,356.25,60,367.95,30,0,10200
EICHERMOT30JAN2022000CE.NFO,07/01/2020,09:54:39,361.15,356.3,30,367.95,30,0,10200
EICHERMOT30JAN2022000CE.NFO,07/01/2020,09:54:41,361.15,356.25,30,367.95,30,0,10200
EICHERMOT30JAN2022000CE.NFO,07/01/2020,09:54:52,361.15,356.2,30,367.9,30,0,10200
EICHERMOT30JAN2022000CE.NFO,07/01/2020,09:54:52,361.15,344.75,120,367.9,30,0,10200
EICHERMOT30JAN2022000CE.NFO,07/01/2020,09:54:53,361.15,350.65,60,367.95,30,0,10200
EICHERMOT30JAN2022000CE.NFO,07/01/2020,09:54:54,361.15,354.4,30,367.95,30,0,10200
EICHERMOT30JAN2022000CE.NFO,07/01/2020,09:54:55,361.15,355.1,30,367.9,30,0,10200
EICHERMOT30JAN2022000CE.NFO,07/01/2020,09:54:56,361.15,355.1,30,367.95,30,0,10200
EICHERMOT30JAN2022000CE.NFO,07/01/2020,09:55:06,361.15,355.2,30,367.95,30,0,10200
EICHERMOT30JAN2022000CE.NFO,07/01/2020,09:55:07,361.15,355.2,30,375.85,30,0,10200
EICHERMOT30JAN2022000CE.NFO,07/01/2020,09:55:08,361.15,355.2,30,370.45,30,0,10200
EICHERMOT30JAN2022000CE.NFO,07/01/2020,09:55:09,361.15,355.2,30,370.4,60,0,10200
EICHERMOT30JAN2022000CE.NFO,07/01/2020,09:55:16,361.15,355.3,30,370.4,60,0,10200
EICHERMOT30JAN2022000CE.NFO,07/01/2020,09:55:20,361.15,355.4,30,370.4,60,0,10200
EICHERMOT30JAN2022000CE.NFO,07/01/2020,09:55:27,361.15,355.1,30,368.65,60,0,10200
EICHERMOT30JAN2022000CE.NFO,07/01/2020,09:55:35,361.15,355.2,30,368.7,30,0,10200
EICHERMOT30JAN2022000CE.NFO,07/01/2020,09:55:36,361.15,355.2,30,377.85,90,0,10200
EICHERMOT30JAN2022000CE.NFO,07/01/2020,09:55:39,361.15,355.3,30,374,30,0,10200
EICHERMOT30JAN2022000CE.NFO,07/01/2020,09:55:39,361.15,355.3,30,373.8,60,0,10200
EICHERMOT30JAN2022000CE.NFO,07/01/2020,09:55:41,361.15,355.3,30,369.55,30,0,10200
EICHERMOT30JAN2022000CE.NFO,07/01/2020,09:55:57,361.15,355.4,30,369.55,30,0,10200
EICHERMOT30JAN2022000CE.NFO,07/01/2020,09:55:59,361.15,355.4,30,369.5,30,0,10200
EICHERMOT30JAN2022000CE.NFO,07/01/2020,09:56:06,361.15,355.05,30,369.15,30,0,10200
EICHERMOT30JAN2022000CE.NFO,07/01/2020,09:56:07,361.15,347.7,30,368.8,30,0,10200
EICHERMOT30JAN2022000CE.NFO,07/01/2020,09:56:09,361.15,351.25,30,368.8,30,0,10200
EICHERMOT30JAN2022000CE.NFO,07/01/2020,09:56:10,361.15,352.2,30,368.8,30,0,10200
EICHERMOT30JAN2022000CE.NFO,07/01/2020,09:56:11,361.15,352.45,30,368.8,30,0,10200
EICHERMOT30JAN2022000CE.NFO,07/01/2020,09:56:16,361.15,352.95,30,368.8,30,0,10200
EICHERMOT30JAN2022000CE.NFO,07/01/2020,09:56:25,361.15,353.05,30,368.8,30,0,10200
EICHERMOT30JAN2022000CE.NFO,07/01/2020,09:56:30,361.15,353.7,30,368.8,30,0,10200
EICHERMOT30JAN2022000CE.NFO,07/01/2020,09:56:43,361.15,353.15,30,368.8,30,0,10200
EICHERMOT30JAN2022000CE.NFO,07/01/2020,09:56:47,361.15,353.05,30,368.8,30,0,10200
EICHERMOT30JAN2022000CE.NFO,07/01/2020,09:56:51,361.15,350.9,30,368.8,30,0,10200
EICHERMOT30JAN2022000CE.NFO,07/01/2020,09:57:09,350.9,350.9,30,362.1,30,30,10170
EICHERMOT30JAN2022000CE.NFO,07/01/2020,09:57:13,350.9,344.8,30,362.1,30,0,10170
EICHERMOT30JAN2022000CE.NFO,07/01/2020,09:57:18,350.9,346.7,30,362.1,30,0,10170
EICHERMOT30JAN2022000CE.NFO,07/01/2020,09:57:22,350.9,346.8,60,362.1,30,0,10170
EICHERMOT30JAN2022000CE.NFO,07/01/2020,09:57:26,350.9,347.7,30,362.1,30,0,10170
EICHERMOT30JAN2022000CE.NFO,07/01/2020,09:57:30,350.9,347.8,60,362.1,30,0,10170
EICHERMOT30JAN2022000CE.NFO,07/01/2020,09:57:33,350.9,347.8,30,362.1,30,0,10170
EICHERMOT30JAN2022000CE.NFO,07/01/2020,09:57:42,350.9,347.9,30,362.1,30,0,10170
EICHERMOT30JAN2022000CE.NFO,07/01/2020,09:57:45,350.9,348,30,362.1,30,0,10170
EICHERMOT30JAN2022000CE.NFO,07/01/2020,09:57:52,348,347.65,30,362.1,30,30,10170
EICHERMOT30JAN2022000CE.NFO,07/01/2020,09:57:52,348,347.65,30,362.1,30,0,10170
EICHERMOT30JAN2022000CE.NFO,07/01/2020,09:57:55,348,344.7,30,360.05,30,0,10170
EICHERMOT30JAN2022000CE.NFO,07/01/2020,09:58:00,348,344.7,30,355,30,0,10170
EICHERMOT30JAN2022000CE.NFO,07/01/2020,09:58:23,345,344.75,30,355,30,30,10170
EICHERMOT30JAN2022000CE.NFO,07/01/2020,09:58:23,345,344.75,30,355,30,0,10170
EICHERMOT30JAN2022000CE.NFO,07/01/2020,09:58:27,345,344.75,30,355,30,0,10170
EICHERMOT30JAN2022000CE.NFO,07/01/2020,09:58:46,345,344.75,30,359.95,30,0,10170
EICHERMOT30JAN2022000CE.NFO,07/01/2020,09:58:52,345,344.75,30,359.75,30,0,10170
EICHERMOT30JAN2022000CE.NFO,07/01/2020,09:59:07,345,344.75,30,359.65,30,0,10170
EICHERMOT30JAN2022000CE.NFO,07/01/2020,09:59:13,345,344.75,30,359.55,30,0,10170
EICHERMOT30JAN2022000CE.NFO,07/01/2020,09:59:17,345,344.7,30,357.45,30,0,10170
EICHERMOT30JAN2022000CE.NFO,07/01/2020,09:59:21,345,344.65,30,357.45,30,0,10170
EICHERMOT30JAN2022000CE.NFO,07/01/2020,09:59:26,345,344.65,60,357.45,30,0,10170
EICHERMOT30JAN2022000CE.NFO,07/01/2020,09:59:30,345,344.65,60,357.95,30,0,10170
EICHERMOT30JAN2022000CE.NFO,07/01/2020,09:59:35,345,345.05,30,357.95,60,0,10170
EICHERMOT30JAN2022000CE.NFO,07/01/2020,09:59:40,345,346.6,30,349.95,30,0,10170
EICHERMOT30JAN2022000CE.NFO,07/01/2020,09:59:45,345,345,30,349.95,30,0,10170
EICHERMOT30JAN2022000CE.NFO,07/01/2020,10:00:02,345,345.05,30,349.95,30,0,10170
EICHERMOT30JAN2022000CE.NFO,07/01/2020,10:00:06,345,345,30,349.95,30,0,10170
EICHERMOT30JAN2022000CE.NFO,07/01/2020,10:00:11,345,345.05,30,349.95,30,0,10170
EICHERMOT30JAN2022000CE.NFO,07/01/2020,10:00:16,345,345,30,349.95,30,0,10170
EICHERMOT30JAN2022000CE.NFO,07/01/2020,10:00:20,345,346.6,30,349.95,30,0,10170
EICHERMOT30JAN2022000CE.NFO,07/01/2020,10:00:25,345,346.6,60,349.95,30,0,10170
EICHERMOT30JAN2022000CE.NFO,07/01/2020,10:00:34,345,346.6,30,349.95,30,0,10170
EICHERMOT30JAN2022000CE.NFO,07/01/2020,10:00:50,345,346.35,30,349.95,30,0,10170
EICHERMOT30JAN2022000CE.NFO,07/01/2020,10:01:07,345,346.45,30,349.95,30,0,10170
EICHERMOT30JAN2022000CE.NFO,07/01/2020,10:01:13,345,345.95,30,349.95,30,0,10170
EICHERMOT30JAN2022000CE.NFO,07/01/2020,10:01:19,345.95,345,30,349.9,30,30,10170
EICHERMOT30JAN2022000CE.NFO,07/01/2020,10:01:25,345.95,345,30,349.95,30,0,10170
EICHERMOT30JAN2022000CE.NFO,07/01/2020,10:01:43,345,344,30,363.25,30,30,10170
EICHERMOT30JAN2022000CE.NFO,07/01/2020,10:01:48,345,344,30,354.9,30,0,10170
EICHERMOT30JAN2022000CE.NFO,07/01/2020,10:01:54,345,344,30,350.25,30,0,10170
EICHERMOT30JAN2022000CE.NFO,07/01/2020,10:01:59,345,344,30,350.15,30,0,10170
EICHERMOT30JAN2022000CE.NFO,07/01/2020,10:02:15,344,342.25,30,350.15,30,30,10170
EICHERMOT30JAN2022000CE.NFO,07/01/2020,10:02:15,344,342.25,30,350.15,30,0,10170
EICHERMOT30JAN2022000CE.NFO,07/01/2020,10:02:21,344,342.25,30,350.15,30,0,10170
EICHERMOT30JAN2022000CE.NFO,07/01/2020,10:02:41,344,342.25,30,358.95,60,0,10170
EICHERMOT30JAN2022000CE.NFO,07/01/2020,10:02:45,344,342.25,30,353.1,60,0,10170
EICHERMOT30JAN2022000CE.NFO,07/01/2020,10:02:49,344,342.25,30,351.95,30,0,10170
EICHERMOT30JAN2022000CE.NFO,07/01/2020,10:02:53,344,342.25,30,354.5,30,0,10170
EICHERMOT30JAN2022000CE.NFO,07/01/2020,10:02:57,344,342.3,60,358.85,30,0,10170
EICHERMOT30JAN2022000CE.NFO,07/01/2020,10:03:02,344,342.3,60,357.6,30,0,10170
EICHERMOT30JAN2022000CE.NFO,07/01/2020,10:03:06,344,342.3,60,355.85,30,0,10170
EICHERMOT30JAN2022000CE.NFO,07/01/2020,10:03:11,344,347,90,355.6,30,0,10170
EICHERMOT30JAN2022000CE.NFO,07/01/2020,10:03:27,344,347,90,354.2,30,0,10170
EICHERMOT30JAN2022000CE.NFO,07/01/2020,10:03:29,344,347,90,353.5,30,0,10170
EICHERMOT30JAN2022000CE.NFO,07/01/2020,10:03:30,347,342.25,30,353.4,30,30,10170
EICHERMOT30JAN2022000CE.NFO,07/01/2020,10:03:30,347,342.25,30,353.4,30,0,10170
EICHERMOT30JAN2022000CE.NFO,07/01/2020,10:03:39,347,345.7,30,353.4,30,0,10170
EICHERMOT30JAN2022000CE.NFO,07/01/2020,10:03:55,345.7,342.25,30,353.3,30,30,10170
EICHERMOT30JAN2022000CE.NFO,07/01/2020,10:03:55,345.7,342.25,30,353.2,60,0,10170
EICHERMOT30JAN2022000CE.NFO,07/01/2020,10:03:57,345.7,342.25,30,350.85,30,0,10170
EICHERMOT30JAN2022000CE.NFO,07/01/2020,10:03:59,345.7,342.25,30,349.85,30,0,10170
EICHERMOT30JAN2022000CE.NFO,07/01/2020,10:04:04,342.25,342,30,349.5,60,30,10170
EICHERMOT30JAN2022000CE.NFO,07/01/2020,10:04:04,342.25,342,30,349.5,60,0,10170
EICHERMOT30JAN2022000CE.NFO,07/01/2020,10:04:05,342.25,342,30,349.45,30,0,10170
EICHERMOT30JAN2022000CE.NFO,07/01/2020,10:04:06,334.25,321.75,30,349.35,30,60,10170
EICHERMOT30JAN2022000CE.NFO,07/01/2020,10:04:06,334.25,321.75,30,349.35,30,0,10170
EICHERMOT30JAN2022000CE.NFO,07/01/2020,10:04:07,334.25,325.05,30,349.35,30,0,10170
EICHERMOT30JAN2022000CE.NFO,07/01/2020,10:04:08,334.25,327.25,30,348.8,30,0,10170
EICHERMOT30JAN2022000CE.NFO,07/01/2020,10:04:09,334.25,329.5,30,348.45,30,0,10170
EICHERMOT30JAN2022000CE.NFO,07/01/2020,10:04:10,334.25,330.55,30,348.05,30,0,10170
EICHERMOT30JAN2022000CE.NFO,07/01/2020,10:04:11,334.25,331.7,30,347.65,30,0,10170
EICHERMOT30JAN2022000CE.NFO,07/01/2020,10:04:12,334.25,332.85,30,347.45,30,0,10170
EICHERMOT30JAN2022000CE.NFO,07/01/2020,10:04:12,334.25,333.75,30,347.3,30,0,10170
EICHERMOT30JAN2022000CE.NFO,07/01/2020,10:04:13,334.25,342.25,30,345.8,30,0,10170
EICHERMOT30JAN2022000CE.NFO,07/01/2020,10:04:14,342.25,333.65,30,345.3,30,30,10170
EICHERMOT30JAN2022000CE.NFO,07/01/2020,10:04:15,332.8,334.05,30,344.55,30,30,10170
EICHERMOT30JAN2022000CE.NFO,07/01/2020,10:04:15,332.8,334.05,30,344.55,30,0,10170
EICHERMOT30JAN2022000CE.NFO,07/01/2020,10:04:17,332.8,335.4,30,349.95,30,0,10170
EICHERMOT30JAN2022000CE.NFO,07/01/2020,10:04:18,332.8,334.05,30,349.85,30,0,10170
EICHERMOT30JAN2022000CE.NFO,07/01/2020,10:04:19,332.8,334.8,30,349.75,30,0,10170
EICHERMOT30JAN2022000CE.NFO,07/01/2020,10:04:21,332.8,335.55,30,349.25,30,0,10170
EICHERMOT30JAN2022000CE.NFO,07/01/2020,10:04:24,332.8,336.2,30,349,30,0,10170
EICHERMOT30JAN2022000CE.NFO,07/01/2020,10:04:25,332.8,326.2,30,348.95,30,0,10170
EICHERMOT30JAN2022000CE.NFO,07/01/2020,10:04:25,332.8,326.9,60,348.95,30,0,10170
EICHERMOT30JAN2022000CE.NFO,07/01/2020,10:04:26,332.8,329.05,30,348.45,30,0,10170
EICHERMOT30JAN2022000CE.NFO,07/01/2020,10:04:27,332.8,329.75,60,347.85,30,0,10170
EICHERMOT30JAN2022000CE.NFO,07/01/2020,10:04:28,332.8,331.2,30,347.75,30,0,10170
EICHERMOT30JAN2022000CE.NFO,07/01/2020,10:04:29,332.8,332.1,30,347.75,30,0,10170
EICHERMOT30JAN2022000CE.NFO,07/01/2020,10:04:30,332.8,333.35,30,347.75,30,0,10170
EICHERMOT30JAN2022000CE.NFO,07/01/2020,10:04:31,332.8,334.7,30,347.15,30,0,10170
EICHERMOT30JAN2022000CE.NFO,07/01/2020,10:04:33,332.8,335.45,30,346.95,30,0,10170
EICHERMOT30JAN2022000CE.NFO,07/01/2020,10:04:34,332.8,336.1,30,346.95,30,0,10170
EICHERMOT30JAN2022000CE.NFO,07/01/2020,10:04:35,332.8,334.85,30,346.95,30,0,10170
EICHERMOT30JAN2022000CE.NFO,07/01/2020,10:04:36,332.8,335.05,30,346.95,30,0,10170
EICHERMOT30JAN2022000CE.NFO,07/01/2020,10:04:37,332.8,336.6,30,346.95,30,0,10170
EICHERMOT30JAN2022000CE.NFO,07/01/2020,10:04:38,332.8,337.35,30,346.95,30,0,10170
EICHERMOT30JAN2022000CE.NFO,07/01/2020,10:04:39,332.8,338,30,346.95,30,0,10170
EICHERMOT30JAN2022000CE.NFO,07/01/2020,10:04:40,332.8,336.65,30,346.95,30,0,10170
EICHERMOT30JAN2022000CE.NFO,07/01/2020,10:04:41,332.8,337.35,30,346.95,30,0,10170
EICHERMOT30JAN2022000CE.NFO,07/01/2020,10:04:42,332.8,338,30,346.95,30,0,10170
EICHERMOT30JAN2022000CE.NFO,07/01/2020,10:04:43,332.8,338.75,30,349.95,30,0,10170
EICHERMOT30JAN2022000CE.NFO,07/01/2020,10:04:44,332.8,338.65,30,349.5,30,0,10170
EICHERMOT30JAN2022000CE.NFO,07/01/2020,10:04:46,332.8,326.95,30,349.5,30,0,10170
EICHERMOT30JAN2022000CE.NFO,07/01/2020,10:04:46,332.8,327.7,30,349.5,30,0,10170
EICHERMOT30JAN2022000CE.NFO,07/01/2020,10:04:48,332.8,330.4,30,349.5,30,0,10170
EICHERMOT30JAN2022000CE.NFO,07/01/2020,10:04:48,332.8,332.35,30,349.5,30,0,10170
EICHERMOT30JAN2022000CE.NFO,07/01/2020,10:04:50,332.8,333.75,30,349.5,30,0,10170
EICHERMOT30JAN2022000CE.NFO,07/01/2020,10:04:51,332.8,334.5,30,349.5,30,0,10170
EICHERMOT30JAN2022000CE.NFO,07/01/2020,10:04:52,332.8,335.85,30,349.5,30,0,10170
EICHERMOT30JAN2022000CE.NFO,07/01/2020,10:04:53,332.8,336.6,30,349.5,30,0,10170
EICHERMOT30JAN2022000CE.NFO,07/01/2020,10:04:53,332.8,337.4,30,349.55,30,0,10170
EICHERMOT30JAN2022000CE.NFO,07/01/2020,10:04:54,332.8,338.35,30,349.55,30,0,10170
EICHERMOT30JAN2022000CE.NFO,07/01/2020,10:04:56,332.8,338.4,30,349.55,30,0,10170
EICHERMOT30JAN2022000CE.NFO,07/01/2020,10:04:58,332.8,339.05,30,349.55,30,0,10170
EICHERMOT30JAN2022000CE.NFO,07/01/2020,10:04:59,332.8,327.5,30,349.55,30,0,10170
EICHERMOT30JAN2022000CE.NFO,07/01/2020,10:05:00,332.8,331.7,30,349.55,30,0,10170
EICHERMOT30JAN2022000CE.NFO,07/01/2020,10:05:01,332.8,331.8,30,349.55,30,0,10170
EICHERMOT30JAN2022000CE.NFO,07/01/2020,10:05:02,332.8,333.7,30,349.55,30,0,10170
EICHERMOT30JAN2022000CE.NFO,07/01/2020,10:05:03,334.65,334.65,30,349.55,30,30,10170
EICHERMOT30JAN2022000CE.NFO,07/01/2020,10:05:03,334.65,335.4,30,349.55,30,0,10170
EICHERMOT30JAN2022000CE.NFO,07/01/2020,10:05:04,334.65,335.4,60,349.55,30,0,10170
EICHERMOT30JAN2022000CE.NFO,07/01/2020,10:05:06,334.65,336.75,30,349.55,30,0,10170
EICHERMOT30JAN2022000CE.NFO,07/01/2020,10:05:07,334.65,336.8,30,348.55,30,0,10170
EICHERMOT30JAN2022000CE.NFO,07/01/2020,10:05:08,334.65,336.8,30,348.45,30,0,10170
EICHERMOT30JAN2022000CE.NFO,07/01/2020,10:05:09,334.65,336.8,30,347.75,30,0,10170
EICHERMOT30JAN2022000CE.NFO,07/01/2020,10:05:10,334.65,326.75,30,347.55,30,0,10170
EICHERMOT30JAN2022000CE.NFO,07/01/2020,10:05:11,334.65,329.65,30,347.35,30,0,10170
EICHERMOT30JAN2022000CE.NFO,07/01/2020,10:05:12,334.65,330.45,30,347.35,30,0,10170
EICHERMOT30JAN2022000CE.NFO,07/01/2020,10:05:12,334.65,330.6,30,347.35,30,0,10170
EICHERMOT30JAN2022000CE.NFO,07/01/2020,10:05:13,334.65,331.45,30,347.35,30,0,10170
EICHERMOT30JAN2022000CE.NFO,07/01/2020,10:05:14,334.65,332.35,30,336.8,90,0,10170
EICHERMOT30JAN2022000CE.NFO,07/01/2020,10:05:15,334.65,333.15,30,336.8,90,0,10170
EICHERMOT30JAN2022000CE.NFO,07/01/2020,10:05:17,336.8,333.45,60,336.8,30,60,10170
EICHERMOT30JAN2022000CE.NFO,07/01/2020,10:05:18,336.8,333.2,30,336.8,30,0,10170
EICHERMOT30JAN2022000CE.NFO,07/01/2020,10:05:19,336.8,333.25,30,336.8,30,0,10170
EICHERMOT30JAN2022000CE.NFO,07/01/2020,10:05:20,336.8,327.95,60,336.8,30,0,10170
EICHERMOT30JAN2022000CE.NFO,07/01/2020,10:05:21,336.8,331.6,30,336.8,30,0,10170
EICHERMOT30JAN2022000CE.NFO,07/01/2020,10:05:22,336.8,331.55,30,336.8,30,0,10170
EICHERMOT30JAN2022000CE.NFO,07/01/2020,10:05:23,336.8,324.15,90,336.8,30,0,10170
EICHERMOT30JAN2022000CE.NFO,07/01/2020,10:05:24,336.8,326.85,60,336.8,30,0,10170
EICHERMOT30JAN2022000CE.NFO,07/01/2020,10:05:26,336.8,320.6,90,336.8,30,0,10170
EICHERMOT30JAN2022000CE.NFO,07/01/2020,10:05:27,336.8,321.7,90,336.8,60,0,10170
EICHERMOT30JAN2022000CE.NFO,07/01/2020,10:05:28,290,265.2,60,314.85,60,180,10230
EICHERMOT30JAN2022000CE.NFO,07/01/2020,10:05:28,290,265.2,60,314.85,60,0,10230
EICHERMOT30JAN2022000CE.NFO,07/01/2020,10:05:29,290,269.55,30,311.7,30,0,10230
EICHERMOT30JAN2022000CE.NFO,07/01/2020,10:05:30,290,275.65,30,308.15,30,0,10230
EICHERMOT30JAN2022000CE.NFO,07/01/2020,10:05:31,290,280.55,30,307.95,30,0,10230
EICHERMOT30JAN2022000CE.NFO,07/01/2020,10:05:32,290,281.9,30,307.95,30,0,10230
EICHERMOT30JAN2022000CE.NFO,07/01/2020,10:05:33,290,285.6,30,307.95,30,0,10230
EICHERMOT30JAN2022000CE.NFO,07/01/2020,10:05:34,290,287.15,30,335.1,60,0,10230
EICHERMOT30JAN2022000CE.NFO,07/01/2020,10:05:34,290,287.15,60,328.5,30,0,10230
EICHERMOT30JAN2022000CE.NFO,07/01/2020,10:05:35,290,287.45,60,321.9,60,0,10230
EICHERMOT30JAN2022000CE.NFO,07/01/2020,10:05:36,290,288.3,30,321.9,90,0,10230
EICHERMOT30JAN2022000CE.NFO,07/01/2020,10:05:37,290,293.65,30,321.9,30,0,10230
EICHERMOT30JAN2022000CE.NFO,07/01/2020,10:05:38,290,295.05,30,321.9,30,0,10230
EICHERMOT30JAN2022000CE.NFO,07/01/2020,10:05:39,290,295.45,30,321.85,30,0,10230
EICHERMOT30JAN2022000CE.NFO,07/01/2020,10:05:40,290,295.85,30,321.85,30,0,10230
EICHERMOT30JAN2022000CE.NFO,07/01/2020,10:05:42,290,296,30,321.3,30,0,10230
EICHERMOT30JAN2022000CE.NFO,07/01/2020,10:05:43,290,296.25,30,321.15,30,0,10230
EICHERMOT30JAN2022000CE.NFO,07/01/2020,10:05:44,290,296.6,30,321.15,30,0,10230
EICHERMOT30JAN2022000CE.NFO,07/01/2020,10:05:45,290,297.25,30,336.15,30,0,10230
EICHERMOT30JAN2022000CE.NFO,07/01/2020,10:05:46,290,300.85,30,334.55,60,0,10230
EICHERMOT30JAN2022000CE.NFO,07/01/2020,10:05:47,290,302.45,30,334.25,30,0,10230
EICHERMOT30JAN2022000CE.NFO,07/01/2020,10:05:48,290,303.5,30,333.75,30,0,10230
EICHERMOT30JAN2022000CE.NFO,07/01/2020,10:05:49,290,304.7,30,333.15,30,0,10230
EICHERMOT30JAN2022000CE.NFO,07/01/2020,10:05:50,290,304.9,30,333.15,30,0,10230
EICHERMOT30JAN2022000CE.NFO,07/01/2020,10:05:51,290,305.8,30,332.7,30,0,10230
EICHERMOT30JAN2022000CE.NFO,07/01/2020,10:05:52,290,306.35,30,332.7,30,0,10230
EICHERMOT30JAN2022000CE.NFO,07/01/2020,10:05:53,290,307.5,30,332.6,30,0,10230
EICHERMOT30JAN2022000CE.NFO,07/01/2020,10:05:54,290,307.8,30,332.2,30,0,10230
EICHERMOT30JAN2022000CE.NFO,07/01/2020,10:05:55,290,307.95,30,331.9,30,0,10230
EICHERMOT30JAN2022000CE.NFO,07/01/2020,10:05:56,290,308.1,30,331.9,30,0,10230
EICHERMOT30JAN2022000CE.NFO,07/01/2020,10:05:58,290,308.9,30,331.9,30,0,10230
EICHERMOT30JAN2022000CE.NFO,07/01/2020,10:05:58,290,309.2,30,331.9,30,0,10230
EICHERMOT30JAN2022000CE.NFO,07/01/2020,10:05:59,290,309.55,30,331.9,30,0,10230
EICHERMOT30JAN2022000CE.NFO,07/01/2020,10:06:00,290,310.1,30,335.5,30,0,10230
EICHERMOT30JAN2022000CE.NFO,07/01/2020,10:06:01,290,310.1,30,334.75,30,0,10230
EICHERMOT30JAN2022000CE.NFO,07/01/2020,10:06:02,290,310.1,30,333.9,30,0,10230
EICHERMOT30JAN2022000CE.NFO,07/01/2020,10:06:03,290,310.1,30,332.85,30,0,10230
EICHERMOT30JAN2022000CE.NFO,07/01/2020,10:06:04,290,310.1,30,332.35,30,0,10230
EICHERMOT30JAN2022000CE.NFO,07/01/2020,10:06:06,290,310.1,30,330.6,30,0,10230
EICHERMOT30JAN2022000CE.NFO,07/01/2020,10:06:07,290,310.1,30,329.65,30,0,10230
EICHERMOT30JAN2022000CE.NFO,07/01/2020,10:06:08,290,310.1,30,328.7,30,0,10230
EICHERMOT30JAN2022000CE.NFO,07/01/2020,10:06:38,290,310.6,30,328.75,30,0,10230
EICHERMOT30JAN2022000CE.NFO,07/01/2020,10:06:39,290,310.65,30,328.85,30,0,10230
EICHERMOT30JAN2022000CE.NFO,07/01/2020,10:06:41,290,310.8,30,336.7,30,0,10230
EICHERMOT30JAN2022000CE.NFO,07/01/2020,10:06:42,290,310.8,30,335.7,30,0,10230
EICHERMOT30JAN2022000CE.NFO,07/01/2020,10:06:43,290,310.8,30,335.45,30,0,10230
EICHERMOT30JAN2022000CE.NFO,07/01/2020,10:06:44,290,310.8,30,335.25,30,0,10230
EICHERMOT30JAN2022000CE.NFO,07/01/2020,10:06:45,290,310.8,30,334.2,30,0,10230
EICHERMOT30JAN2022000CE.NFO,07/01/2020,10:06:46,310.8,308.25,30,333.35,30,30,10230
EICHERMOT30JAN2022000CE.NFO,07/01/2020,10:06:47,310.8,302.3,60,333.15,60,0,10230
EICHERMOT30JAN2022000CE.NFO,07/01/2020,10:06:48,310.8,302.3,60,332.75,30,0,10230
EICHERMOT30JAN2022000CE.NFO,07/01/2020,10:06:49,310.8,302.3,30,331.9,30,0,10230
EICHERMOT30JAN2022000CE.NFO,07/01/2020,10:06:49,310.8,302.3,30,331.8,30,0,10230
EICHERMOT30JAN2022000CE.NFO,07/01/2020,10:06:50,310.8,302.3,30,330.7,30,0,10230
EICHERMOT30JAN2022000CE.NFO,07/01/2020,10:06:51,310.8,302.3,30,330.05,30,0,10230
EICHERMOT30JAN2022000CE.NFO,07/01/2020,10:06:53,310.8,302.3,30,328.7,60,0,10230
EICHERMOT30JAN2022000CE.NFO,07/01/2020,10:06:54,310.8,302,30,328.1,30,0,10230
EICHERMOT30JAN2022000CE.NFO,07/01/2020,10:06:55,310.8,300.1,30,327.8,30,0,10230
