Ticker,Date,Time,LTP,BuyPrice,BuyQty,SellPrice,SellQty,LTQ,OpenInterest
EICHERMOT30JAN2020500CE.NFO,07/01/2020,10:05:28,961.45,836.05,180,1023.55,270,150,270
EICHERMOT30JAN2020500CE.NFO,07/01/2020,10:05:28,931.2,836.05,180,1023.55,270,0,270
EICHERMOT30JAN2020500CE.NFO,07/01/2020,10:05:28,961.45,836.05,180,1023.55,270,0,270
EICHERMOT30JAN2020500CE.NFO,07/01/2020,10:05:28,931.2,836.05,180,1023.55,270,0,270
EICHERMOT30JAN2020500CE.NFO,07/01/2020,10:05:33,931.2,866.35,270,1050.7,180,0,270
EICHERMOT30JAN2020500CE.NFO,07/01/2020,10:05:39,931.2,931.25,180,1050.65,120,0,270
EICHERMOT30JAN2020500CE.NFO,07/01/2020,10:05:45,931.2,933.25,270,1078.75,330,0,270
EICHERMOT30JAN2020500CE.NFO,07/01/2020,10:05:51,931.2,947.7,150,1078.5,150,0,270
EICHERMOT30JAN2020500CE.NFO,07/01/2020,10:05:56,931.2,953.65,150,1078.1,240,0,270
EICHERMOT30JAN2020500CE.NFO,07/01/2020,10:06:01,931.2,962.55,180,1079.8,120,0,270
EICHERMOT30JAN2020500CE.NFO,07/01/2020,10:06:06,931.2,936.35,30,1076.85,180,0,270
EICHERMOT30JAN2020500CE.NFO,07/01/2020,10:06:11,931.2,942,360,1072.15,210,0,270
EICHERMOT30JAN2020500CE.NFO,07/01/2020,10:06:12,931.2,942,420,1071.85,300,0,270
EICHERMOT30JAN2020500CE.NFO,07/01/2020,10:06:33,931.2,942,420,1071.85,180,0,270
EICHERMOT30JAN2020500CE.NFO,07/01/2020,10:06:35,931.2,942,420,1082.75,300,0,270
EICHERMOT30JAN2020500CE.NFO,07/01/2020,10:06:37,931.2,942,420,1081.15,330,0,270
EICHERMOT30JAN2020500CE.NFO,07/01/2020,10:06:38,931.2,942,420,1080.65,210,0,270
EICHERMOT30JAN2020500CE.NFO,07/01/2020,10:06:39,931.2,942,420,1080,270,0,270
EICHERMOT30JAN2020500CE.NFO,07/01/2020,10:06:40,931.2,942,420,1079.5,270,0,270
EICHERMOT30JAN2020500CE.NFO,07/01/2020,10:06:41,931.2,942,420,1078.15,120,0,270
EICHERMOT30JAN2020500CE.NFO,07/01/2020,10:06:42,931.2,942,420,1078.15,240,0,270
EICHERMOT30JAN2020500CE.NFO,07/01/2020,10:06:43,931.2,942,420,1077.4,270,0,270
EICHERMOT30JAN2020500CE.NFO,07/01/2020,10:06:44,931.2,942,420,1075.6,270,0,270
EICHERMOT30JAN2020500CE.NFO,07/01/2020,10:06:45,931.2,942,420,1073.75,180,0,270
EICHERMOT30JAN2020500CE.NFO,07/01/2020,10:06:46,931.2,942,360,1073.7,270,0,270
EICHERMOT30JAN2020500CE.NFO,07/01/2020,10:06:49,931.2,942,180,1073.7,240,0,270
EICHERMOT30JAN2020500CE.NFO,07/01/2020,10:06:50,931.2,942,180,1072.8,150,0,270
EICHERMOT30JAN2020500CE.NFO,07/01/2020,10:06:51,931.2,942,180,1069.6,30,0,270
EICHERMOT30JAN2020500CE.NFO,07/01/2020,10:06:52,931.2,942,180,1066.4,90,0,270
EICHERMOT30JAN2020500CE.NFO,07/01/2020,10:06:53,931.2,942,180,1063.2,90,0,270
EICHERMOT30JAN2020500CE.NFO,07/01/2020,10:06:54,931.2,942,120,1062.55,240,0,270
EICHERMOT30JAN2020500CE.NFO,07/01/2020,10:06:55,931.2,942,120,1062.45,270,0,270
EICHERMOT30JAN2020500CE.NFO,07/01/2020,10:06:57,931.2,931.25,180,1062.45,270,0,270
EICHERMOT30JAN2020500CE.NFO,07/01/2020,10:06:57,931.2,931.25,240,1062.45,270,0,270
EICHERMOT30JAN2020500CE.NFO,07/01/2020,10:06:58,931.2,932.35,120,1061.45,150,0,270
EICHERMOT30JAN2020500CE.NFO,07/01/2020,10:06:59,931.2,932.95,60,1060.35,30,0,270
EICHERMOT30JAN2020500CE.NFO,07/01/2020,10:07:01,931.2,934.45,60,1058.8,90,0,270
EICHERMOT30JAN2020500CE.NFO,07/01/2020,10:07:02,931.2,935.05,60,1058.2,270,0,270
EICHERMOT30JAN2020500CE.NFO,07/01/2020,10:07:04,931.2,931.25,60,1058.2,330,0,270
EICHERMOT30JAN2020500CE.NFO,07/01/2020,10:07:06,931.2,904.75,240,1058.2,330,0,270
EICHERMOT30JAN2020500CE.NFO,07/01/2020,10:07:08,931.2,904.8,270,1058.2,330,0,270
EICHERMOT30JAN2020500CE.NFO,07/01/2020,10:07:14,931.2,931.25,60,1058.2,300,0,270
EICHERMOT30JAN2020500CE.NFO,07/01/2020,10:07:15,931.2,931.25,60,1058.15,270,0,270
EICHERMOT30JAN2020500CE.NFO,07/01/2020,10:07:25,931.2,931.25,60,1057.95,150,0,270
EICHERMOT30JAN2020500CE.NFO,07/01/2020,10:07:26,931.2,931.25,60,1056.55,30,0,270
EICHERMOT30JAN2020500CE.NFO,07/01/2020,10:07:27,931.2,931.25,60,1054.55,90,0,270
EICHERMOT30JAN2020500CE.NFO,07/01/2020,10:07:29,931.2,931.25,60,1053.1,300,0,270
EICHERMOT30JAN2020500CE.NFO,07/01/2020,10:07:30,931.2,931.25,60,1053.05,300,0,270
EICHERMOT30JAN2020500CE.NFO,07/01/2020,10:07:31,931.2,931.25,60,1053.05,240,0,270
EICHERMOT30JAN2020500CE.NFO,07/01/2020,10:07:34,931.2,931.25,60,1053,210,0,270
EICHERMOT30JAN2020500CE.NFO,07/01/2020,10:07:36,931.2,931.25,60,1053,270,0,270
EICHERMOT30JAN2020500CE.NFO,07/01/2020,10:07:37,931.2,931.25,120,1053,240,0,270
EICHERMOT30JAN2020500CE.NFO,07/01/2020,10:07:38,931.2,931.25,60,1052.9,270,0,270
EICHERMOT30JAN2020500CE.NFO,07/01/2020,10:07:39,931.2,931.25,60,1052.9,240,0,270
EICHERMOT30JAN2020500CE.NFO,07/01/2020,10:07:40,931.2,931.45,60,1052.9,240,0,270
EICHERMOT30JAN2020500CE.NFO,07/01/2020,10:07:41,931.2,932,30,1052.85,330,0,270
EICHERMOT30JAN2020500CE.NFO,07/01/2020,10:07:42,931.2,933.5,90,1052.85,330,0,270
EICHERMOT30JAN2020500CE.NFO,07/01/2020,10:07:42,931.2,935.45,60,1052.75,210,0,270
EICHERMOT30JAN2020500CE.NFO,07/01/2020,10:07:43,931.2,937.25,60,1052.25,240,0,270
EICHERMOT30JAN2020500CE.NFO,07/01/2020,10:07:44,931.2,939.85,60,1052.2,270,0,270
EICHERMOT30JAN2020500CE.NFO,07/01/2020,10:07:45,931.2,931.45,60,1052.1,210,0,270
EICHERMOT30JAN2020500CE.NFO,07/01/2020,10:07:46,931.2,932.95,60,1051.05,150,0,270
EICHERMOT30JAN2020500CE.NFO,07/01/2020,10:07:48,931.2,931.25,60,1051,330,0,270
EICHERMOT30JAN2020500CE.NFO,07/01/2020,10:07:55,931.2,904.9,150,1050.95,330,0,270
EICHERMOT30JAN2020500CE.NFO,07/01/2020,10:07:56,931.2,904.9,150,1050.9,330,0,270
EICHERMOT30JAN2020500CE.NFO,07/01/2020,10:07:59,931.2,904.9,60,1050.9,330,0,270
EICHERMOT30JAN2020500CE.NFO,07/01/2020,10:08:00,931.2,904.9,120,1050.9,330,0,270
EICHERMOT30JAN2020500CE.NFO,07/01/2020,10:08:02,931.2,874.05,270,1050.9,330,0,270
EICHERMOT30JAN2020500CE.NFO,07/01/2020,10:08:03,931.2,874.05,330,1050.9,330,0,270
EICHERMOT30JAN2020500CE.NFO,07/01/2020,10:08:05,931.2,874.05,270,1050.9,330,0,270
EICHERMOT30JAN2020500CE.NFO,07/01/2020,10:08:09,931.2,874.05,270,1050.4,270,0,270
EICHERMOT30JAN2020500CE.NFO,07/01/2020,10:08:09,931.2,874.05,270,1049.6,90,0,270
EICHERMOT30JAN2020500CE.NFO,07/01/2020,10:08:10,931.2,874.05,270,1048,150,0,270
EICHERMOT30JAN2020500CE.NFO,07/01/2020,10:08:11,931.2,874.05,270,1046.3,210,0,270
EICHERMOT30JAN2020500CE.NFO,07/01/2020,10:08:15,931.2,874.05,270,1045.85,420,0,270
EICHERMOT30JAN2020500CE.NFO,07/01/2020,10:08:25,931.2,874.05,330,1045.85,420,0,270
EICHERMOT30JAN2020500CE.NFO,07/01/2020,10:08:35,931.2,931.25,60,1045.15,300,0,270
EICHERMOT30JAN2020500CE.NFO,07/01/2020,10:08:40,931.2,931.25,60,1044.6,150,0,270
EICHERMOT30JAN2020500CE.NFO,07/01/2020,10:08:44,931.2,931.25,60,1039.1,90,0,270
EICHERMOT30JAN2020500CE.NFO,07/01/2020,10:08:49,931.2,931.25,60,1032.2,210,0,270
EICHERMOT30JAN2020500CE.NFO,07/01/2020,10:08:53,931.2,931.25,60,1028.65,150,0,270
EICHERMOT30JAN2020500CE.NFO,07/01/2020,10:08:57,931.2,874.1,270,1026.75,30,0,270
EICHERMOT30JAN2020500CE.NFO,07/01/2020,10:09:01,931.2,931.25,60,1020.95,90,0,270
EICHERMOT30JAN2020500CE.NFO,07/01/2020,10:09:06,931.2,874.15,270,1019.15,120,0,270
EICHERMOT30JAN2020500CE.NFO,07/01/2020,10:09:10,931.2,931.25,60,1040.45,300,0,270
EICHERMOT30JAN2020500CE.NFO,07/01/2020,10:09:12,931.2,931.25,60,1040.4,270,0,270
EICHERMOT30JAN2020500CE.NFO,07/01/2020,10:09:16,931.2,931.25,60,1040.4,240,0,270
EICHERMOT30JAN2020500CE.NFO,07/01/2020,10:09:17,931.2,931.25,60,1040.35,330,0,270
EICHERMOT30JAN2020500CE.NFO,07/01/2020,10:09:18,931.2,931.25,60,1039.7,210,0,270
EICHERMOT30JAN2020500CE.NFO,07/01/2020,10:09:19,931.2,931.25,60,1036.8,30,0,270
EICHERMOT30JAN2020500CE.NFO,07/01/2020,10:09:20,931.2,931.25,60,1035,90,0,270
EICHERMOT30JAN2020500CE.NFO,07/01/2020,10:09:21,931.2,931.25,60,1034.9,60,0,270
EICHERMOT30JAN2020500CE.NFO,07/01/2020,10:09:22,931.2,931.25,60,1034.85,120,0,270
EICHERMOT30JAN2020500CE.NFO,07/01/2020,10:09:23,931.2,931.25,60,1034.85,180,0,270
EICHERMOT30JAN2020500CE.NFO,07/01/2020,10:09:29,931.2,931.25,60,1034.8,210,0,270
EICHERMOT30JAN2020500CE.NFO,07/01/2020,10:09:30,931.2,931.25,60,1034.75,120,0,270
EICHERMOT30JAN2020500CE.NFO,07/01/2020,10:09:31,931.2,931.25,60,1034.75,180,0,270
EICHERMOT30JAN2020500CE.NFO,07/01/2020,10:09:36,931.2,931.25,60,1034.65,210,0,270
EICHERMOT30JAN2020500CE.NFO,07/01/2020,10:09:37,931.2,931.25,60,1034.6,180,0,270
EICHERMOT30JAN2020500CE.NFO,07/01/2020,10:09:38,931.2,931.25,60,1034.5,210,0,270
EICHERMOT30JAN2020500CE.NFO,07/01/2020,10:09:39,931.2,931.25,60,1033.75,180,0,270
EICHERMOT30JAN2020500CE.NFO,07/01/2020,10:09:42,931.2,931.25,60,1033.65,210,0,270
EICHERMOT30JAN2020500CE.NFO,07/01/2020,10:09:43,931.2,931.25,60,1033.65,180,0,270
EICHERMOT30JAN2020500CE.NFO,07/01/2020,10:09:45,931.2,931.25,60,1033.65,120,0,270
EICHERMOT30JAN2020500CE.NFO,07/01/2020,10:09:47,931.2,931.25,60,1033.65,60,0,270
EICHERMOT30JAN2020500CE.NFO,07/01/2020,10:09:48,931.2,931.25,60,1067.7,330,0,270
EICHERMOT30JAN2020500CE.NFO,07/01/2020,10:09:54,931.2,931.25,60,1067.45,390,0,270
EICHERMOT30JAN2020500CE.NFO,07/01/2020,10:09:55,931.2,931.25,60,1063.5,30,0,270
EICHERMOT30JAN2020500CE.NFO,07/01/2020,10:09:56,931.2,931.25,60,1060.4,30,0,270
EICHERMOT30JAN2020500CE.NFO,07/01/2020,10:09:57,931.2,931.25,60,1057.65,420,0,270
EICHERMOT30JAN2020500CE.NFO,07/01/2020,10:10:00,931.2,931.25,180,1057.65,420,0,270
EICHERMOT30JAN2020500CE.NFO,07/01/2020,10:10:01,931.2,931.25,60,1057.65,420,0,270
EICHERMOT30JAN2020500CE.NFO,07/01/2020,10:10:02,931.2,931.25,120,1057.65,420,0,270
EICHERMOT30JAN2020500CE.NFO,07/01/2020,10:10:03,931.2,931.25,180,1057.65,420,0,270
EICHERMOT30JAN2020500CE.NFO,07/01/2020,10:10:09,931.2,931.75,120,1057.65,420,0,270
EICHERMOT30JAN2020500CE.NFO,07/01/2020,10:10:10,931.2,935.2,120,1057.65,420,0,270
EICHERMOT30JAN2020500CE.NFO,07/01/2020,10:10:11,931.2,933.7,120,1057.65,420,0,270
EICHERMOT30JAN2020500CE.NFO,07/01/2020,10:10:16,931.2,933.7,180,1057.6,270,0,270
EICHERMOT30JAN2020500CE.NFO,07/01/2020,10:10:21,931.2,933.7,180,1052.55,300,0,270
EICHERMOT30JAN2020500CE.NFO,07/01/2020,10:10:24,931.2,933.95,150,1052.55,240,0,270
EICHERMOT30JAN2020500CE.NFO,07/01/2020,10:10:28,931.2,936.25,60,1050.2,210,0,270
EICHERMOT30JAN2020500CE.NFO,07/01/2020,10:10:32,931.2,936.25,120,1047.45,180,0,270
EICHERMOT30JAN2020500CE.NFO,07/01/2020,10:10:37,931.2,901.6,330,1047.4,150,0,270
EICHERMOT30JAN2020500CE.NFO,07/01/2020,10:10:41,931.2,901.6,330,1046.85,90,0,270
EICHERMOT30JAN2020500CE.NFO,07/01/2020,10:10:44,931.2,901.6,330,1066.15,30,0,270
EICHERMOT30JAN2020500CE.NFO,07/01/2020,10:10:48,931.2,901.6,330,1064.3,420,0,270
EICHERMOT30JAN2020500CE.NFO,07/01/2020,10:10:54,931.2,931.25,210,1064.2,270,0,270
EICHERMOT30JAN2020500CE.NFO,07/01/2020,10:10:58,931.2,931.35,120,1062.3,90,0,270
EICHERMOT30JAN2020500CE.NFO,07/01/2020,10:11:01,931.2,931.4,210,1057,150,0,270
EICHERMOT30JAN2020500CE.NFO,07/01/2020,10:11:04,931.2,931.4,210,1054.05,240,0,270
EICHERMOT30JAN2020500CE.NFO,07/01/2020,10:11:08,931.2,931.4,180,1054.05,300,0,270
EICHERMOT30JAN2020500CE.NFO,07/01/2020,10:11:12,931.2,931.45,300,1054.05,240,0,270
EICHERMOT30JAN2020500CE.NFO,07/01/2020,10:11:13,931.2,931.45,300,1054.05,180,0,270
EICHERMOT30JAN2020500CE.NFO,07/01/2020,10:11:14,931.2,931.45,300,1054.05,240,0,270
EICHERMOT30JAN2020500CE.NFO,07/01/2020,10:11:15,931.2,931.45,300,1054.05,300,0,270
EICHERMOT30JAN2020500CE.NFO,07/01/2020,10:11:19,931.2,931.45,300,1054.05,180,0,270
EICHERMOT30JAN2020500CE.NFO,07/01/2020,10:11:20,931.2,931.45,300,1054,210,0,270
EICHERMOT30JAN2020500CE.NFO,07/01/2020,10:11:21,931.2,931.45,360,1053.7,270,0,270
EICHERMOT30JAN2020500CE.NFO,07/01/2020,10:11:22,931.2,931.45,360,1053.3,210,0,270
EICHERMOT30JAN2020500CE.NFO,07/01/2020,10:11:23,931.2,931.45,360,1051.75,30,0,270
EICHERMOT30JAN2020500CE.NFO,07/01/2020,10:11:24,931.2,931.45,360,1049.45,90,0,270
EICHERMOT30JAN2020500CE.NFO,07/01/2020,10:11:25,931.2,931.55,300,1068.2,90,0,270
EICHERMOT30JAN2020500CE.NFO,07/01/2020,10:11:26,931.2,931.55,240,1066.4,210,0,270
EICHERMOT30JAN2020500CE.NFO,07/01/2020,10:11:27,931.2,931.55,240,1065.95,360,0,270
EICHERMOT30JAN2020500CE.NFO,07/01/2020,10:11:28,931.2,931.55,300,1065.95,360,0,270
EICHERMOT30JAN2020500CE.NFO,07/01/2020,10:11:29,931.2,931.55,300,1065.95,330,0,270
EICHERMOT30JAN2020500CE.NFO,07/01/2020,10:11:30,931.2,931.55,300,1065.15,270,0,270
EICHERMOT30JAN2020500CE.NFO,07/01/2020,10:11:31,931.2,931.55,300,1064.25,150,0,270
EICHERMOT30JAN2020500CE.NFO,07/01/2020,10:11:32,931.2,931.8,90,1061.95,90,0,270
EICHERMOT30JAN2020500CE.NFO,07/01/2020,10:11:33,931.2,932.35,240,1060.1,210,0,270
EICHERMOT30JAN2020500CE.NFO,07/01/2020,10:11:34,931.2,932.35,240,1058.95,300,0,270
EICHERMOT30JAN2020500CE.NFO,07/01/2020,10:11:35,931.2,933.5,210,1058.95,300,0,270
EICHERMOT30JAN2020500CE.NFO,07/01/2020,10:11:36,931.2,934.8,60,1058.95,240,0,270
EICHERMOT30JAN2020500CE.NFO,07/01/2020,10:11:37,931.2,934.8,180,1058.95,240,0,270
EICHERMOT30JAN2020500CE.NFO,07/01/2020,10:11:38,931.2,934.9,180,1058.95,240,0,270
EICHERMOT30JAN2020500CE.NFO,07/01/2020,10:11:40,931.2,935,240,1058.95,240,0,270
EICHERMOT30JAN2020500CE.NFO,07/01/2020,10:11:43,931.2,935,180,1058.95,240,0,270
EICHERMOT30JAN2020500CE.NFO,07/01/2020,10:11:44,931.2,935.45,210,1058.9,210,0,270
EICHERMOT30JAN2020500CE.NFO,07/01/2020,10:11:45,931.2,935.9,210,1058.8,150,0,270
EICHERMOT30JAN2020500CE.NFO,07/01/2020,10:11:46,931.2,935.9,210,1058.7,180,0,270
EICHERMOT30JAN2020500CE.NFO,07/01/2020,10:11:47,931.2,935.9,270,1058.7,180,0,270
EICHERMOT30JAN2020500CE.NFO,07/01/2020,10:11:49,931.2,935.9,270,1058.7,240,0,270
EICHERMOT30JAN2020500CE.NFO,07/01/2020,10:11:50,931.2,935.9,240,1058.7,240,0,270
EICHERMOT30JAN2020500CE.NFO,07/01/2020,10:11:51,931.2,935.9,180,1058.7,120,0,270
EICHERMOT30JAN2020500CE.NFO,07/01/2020,10:11:52,931.2,935.9,240,1058.7,120,0,270
EICHERMOT30JAN2020500CE.NFO,07/01/2020,10:11:53,931.2,935.9,240,1058.65,150,0,270
EICHERMOT30JAN2020500CE.NFO,07/01/2020,10:11:55,931.2,936.4,240,1055.6,90,0,270
EICHERMOT30JAN2020500CE.NFO,07/01/2020,10:11:56,931.2,936.4,240,1054.75,30,0,270
EICHERMOT30JAN2020500CE.NFO,07/01/2020,10:11:57,931.2,936.4,240,1053.1,60,0,270
EICHERMOT30JAN2020500CE.NFO,07/01/2020,10:11:58,931.2,936.4,180,1053.05,150,0,270
EICHERMOT30JAN2020500CE.NFO,07/01/2020,10:11:59,931.2,936.4,180,1051.35,150,0,270
EICHERMOT30JAN2020500CE.NFO,07/01/2020,10:12:00,931.2,936.55,150,1051.25,150,0,270
EICHERMOT30JAN2020500CE.NFO,07/01/2020,10:12:01,931.2,936.9,180,1055.35,150,0,270
EICHERMOT30JAN2020500CE.NFO,07/01/2020,10:12:03,931.2,937.6,60,1055.25,150,0,270
EICHERMOT30JAN2020500CE.NFO,07/01/2020,10:12:04,931.2,938.55,180,1055.25,150,0,270
EICHERMOT30JAN2020500CE.NFO,07/01/2020,10:12:05,931.2,938.55,180,1055.2,150,0,270
EICHERMOT30JAN2020500CE.NFO,07/01/2020,10:12:06,931.2,938.55,240,1069.3,30,0,270
EICHERMOT30JAN2020500CE.NFO,07/01/2020,10:12:07,931.2,939.45,180,1067.35,240,0,270
EICHERMOT30JAN2020500CE.NFO,07/01/2020,10:12:08,931.2,942.15,60,1067.35,240,0,270
EICHERMOT30JAN2020500CE.NFO,07/01/2020,10:12:09,931.2,942.15,120,1067.3,210,0,270
EICHERMOT30JAN2020500CE.NFO,07/01/2020,10:12:10,931.2,942.15,120,1065.15,30,0,270
EICHERMOT30JAN2020500CE.NFO,07/01/2020,10:12:11,931.2,942.15,180,1060.95,240,0,270
EICHERMOT30JAN2020500CE.NFO,07/01/2020,10:12:13,931.2,942.15,180,1060.9,210,0,270
EICHERMOT30JAN2020500CE.NFO,07/01/2020,10:12:14,931.2,942.15,180,1060.2,210,0,270
EICHERMOT30JAN2020500CE.NFO,07/01/2020,10:12:15,931.2,943,120,1058.7,90,0,270
EICHERMOT30JAN2020500CE.NFO,07/01/2020,10:12:16,931.2,943,180,1057.2,150,0,270
EICHERMOT30JAN2020500CE.NFO,07/01/2020,10:12:17,931.2,943,180,1057.15,150,0,270
EICHERMOT30JAN2020500CE.NFO,07/01/2020,10:12:21,931.2,943,180,1056.8,30,0,270
EICHERMOT30JAN2020500CE.NFO,07/01/2020,10:12:22,931.2,943,180,1055.45,150,0,270
EICHERMOT30JAN2020500CE.NFO,07/01/2020,10:12:23,931.2,943,180,1070.4,150,0,270
EICHERMOT30JAN2020500CE.NFO,07/01/2020,10:12:24,931.2,943,180,1068.3,30,0,270
EICHERMOT30JAN2020500CE.NFO,07/01/2020,10:12:25,931.2,943,180,1068.1,90,0,270
EICHERMOT30JAN2020500CE.NFO,07/01/2020,10:12:26,931.2,943,180,1066.4,150,0,270
EICHERMOT30JAN2020500CE.NFO,07/01/2020,10:12:27,931.2,943,180,1064.15,90,0,270
EICHERMOT30JAN2020500CE.NFO,07/01/2020,10:12:28,931.2,943.85,90,1062.7,30,0,270
EICHERMOT30JAN2020500CE.NFO,07/01/2020,10:12:29,931.2,946.15,150,1060.6,150,0,270
EICHERMOT30JAN2020500CE.NFO,07/01/2020,10:12:30,931.2,947.95,150,1074.85,270,0,270
EICHERMOT30JAN2020500CE.NFO,07/01/2020,10:12:31,931.2,949.2,120,1074.85,330,0,270
EICHERMOT30JAN2020500CE.NFO,07/01/2020,10:12:32,931.2,949.8,180,1074.85,330,0,270
EICHERMOT30JAN2020500CE.NFO,07/01/2020,10:12:35,931.2,949.8,120,1074.85,330,0,270
EICHERMOT30JAN2020500CE.NFO,07/01/2020,10:12:36,931.2,949.8,180,1074.85,330,0,270
EICHERMOT30JAN2020500CE.NFO,07/01/2020,10:12:38,931.2,949.8,120,1074.85,330,0,270
EICHERMOT30JAN2020500CE.NFO,07/01/2020,10:12:39,931.2,932.7,270,1074.85,330,0,270
EICHERMOT30JAN2020500CE.NFO,07/01/2020,10:12:40,931.2,933.6,210,1074.85,330,0,270
EICHERMOT30JAN2020500CE.NFO,07/01/2020,10:12:41,931.2,934.9,210,1074.85,330,0,270
EICHERMOT30JAN2020500CE.NFO,07/01/2020,10:12:42,931.2,936,150,1074.85,330,0,270
EICHERMOT30JAN2020500CE.NFO,07/01/2020,10:12:43,931.2,936.35,330,1074.85,330,0,270
EICHERMOT30JAN2020500CE.NFO,07/01/2020,10:12:44,931.2,936.35,270,1074.85,330,0,270
EICHERMOT30JAN2020500CE.NFO,07/01/2020,10:12:45,931.2,937.65,90,1074.85,330,0,270
EICHERMOT30JAN2020500CE.NFO,07/01/2020,10:12:46,931.2,939.55,90,1074.85,330,0,270
EICHERMOT30JAN2020500CE.NFO,07/01/2020,10:12:47,931.2,941.25,210,1074.85,330,0,270
EICHERMOT30JAN2020500CE.NFO,07/01/2020,10:12:48,931.2,941.9,90,1074.85,330,0,270
EICHERMOT30JAN2020500CE.NFO,07/01/2020,10:12:49,931.2,943.1,150,1074.85,330,0,270
EICHERMOT30JAN2020500CE.NFO,07/01/2020,10:12:50,931.2,944.4,240,1074.85,330,0,270
EICHERMOT30JAN2020500CE.NFO,07/01/2020,10:12:51,931.2,944.85,180,1073.4,330,0,270
EICHERMOT30JAN2020500CE.NFO,07/01/2020,10:12:52,931.2,944.85,180,1070.9,90,0,270
EICHERMOT30JAN2020500CE.NFO,07/01/2020,10:12:53,931.2,944.85,180,1069.8,420,0,270
EICHERMOT30JAN2020500CE.NFO,07/01/2020,10:12:59,931.2,944.95,180,1069.8,420,0,270
EICHERMOT30JAN2020500CE.NFO,07/01/2020,10:13:01,931.2,945,120,1069.8,420,0,270
EICHERMOT30JAN2020500CE.NFO,07/01/2020,10:13:02,931.2,945.2,210,1069.8,420,0,270
EICHERMOT30JAN2020500CE.NFO,07/01/2020,10:13:03,931.2,947.6,150,1069.8,420,0,270
EICHERMOT30JAN2020500CE.NFO,07/01/2020,10:13:04,931.2,950.25,60,1069.8,390,0,270
EICHERMOT30JAN2020500CE.NFO,07/01/2020,10:13:05,931.2,931.75,300,1069.75,390,0,270
EICHERMOT30JAN2020500CE.NFO,07/01/2020,10:13:06,931.2,935.4,90,1068,90,0,270
EICHERMOT30JAN2020500CE.NFO,07/01/2020,10:13:07,931.2,937.9,90,1067.75,330,0,270
EICHERMOT30JAN2020500CE.NFO,07/01/2020,10:13:08,931.2,939.1,210,1067.65,360,0,270
EICHERMOT30JAN2020500CE.NFO,07/01/2020,10:13:09,931.2,940,30,1067.65,360,0,270
EICHERMOT30JAN2020500CE.NFO,07/01/2020,10:13:10,931.2,943.75,30,1067.6,210,0,270
EICHERMOT30JAN2020500CE.NFO,07/01/2020,10:13:11,931.2,944.05,150,1067.6,210,0,270
EICHERMOT30JAN2020500CE.NFO,07/01/2020,10:13:12,931.2,946.3,120,1066.35,210,0,270
EICHERMOT30JAN2020500CE.NFO,07/01/2020,10:13:13,931.2,946.85,210,1066.35,120,0,270
EICHERMOT30JAN2020500CE.NFO,07/01/2020,10:13:14,931.2,949.55,90,1066.35,120,0,270
EICHERMOT30JAN2020500CE.NFO,07/01/2020,10:13:15,931.2,950.4,120,1066.3,210,0,270
EICHERMOT30JAN2020500CE.NFO,07/01/2020,10:13:16,931.2,950.45,120,1066.3,210,0,270
EICHERMOT30JAN2020500CE.NFO,07/01/2020,10:13:17,931.2,950.45,180,1066.3,120,0,270
EICHERMOT30JAN2020500CE.NFO,07/01/2020,10:13:18,931.2,953.15,60,1066.25,210,0,270
EICHERMOT30JAN2020500CE.NFO,07/01/2020,10:13:19,931.2,952.95,60,1066.25,210,0,270
EICHERMOT30JAN2020500CE.NFO,07/01/2020,10:13:20,931.2,951.75,60,1066.25,210,0,270
EICHERMOT30JAN2020500CE.NFO,07/01/2020,10:13:21,931.2,950.95,120,1066.25,210,0,270
EICHERMOT30JAN2020500CE.NFO,07/01/2020,10:13:22,931.2,951.9,90,1066.15,210,0,270
EICHERMOT30JAN2020500CE.NFO,07/01/2020,10:13:23,931.2,952.9,90,1066.15,210,0,270
EICHERMOT30JAN2020500CE.NFO,07/01/2020,10:13:24,931.2,951.7,150,1066.1,150,0,270
EICHERMOT30JAN2020500CE.NFO,07/01/2020,10:13:25,931.2,952.4,90,1065.8,120,0,270
EICHERMOT30JAN2020500CE.NFO,07/01/2020,10:13:26,931.2,951.65,120,1065.75,210,0,270
EICHERMOT30JAN2020500CE.NFO,07/01/2020,10:13:28,931.2,951.65,60,1065.75,120,0,270
EICHERMOT30JAN2020500CE.NFO,07/01/2020,10:13:30,931.2,953.5,90,1065.7,120,0,270
EICHERMOT30JAN2020500CE.NFO,07/01/2020,10:13:31,931.2,934.75,120,1065.65,210,0,270
EICHERMOT30JAN2020500CE.NFO,07/01/2020,10:13:32,931.2,937.05,90,1065.65,210,0,270
EICHERMOT30JAN2020500CE.NFO,07/01/2020,10:13:33,931.2,938.85,210,1065.65,120,0,270
EICHERMOT30JAN2020500CE.NFO,07/01/2020,10:13:34,931.2,940.35,150,1065.65,120,0,270
EICHERMOT30JAN2020500CE.NFO,07/01/2020,10:13:35,931.2,942.05,150,1065.65,120,0,270
EICHERMOT30JAN2020500CE.NFO,07/01/2020,10:13:36,931.2,944,30,1065.6,210,0,270
EICHERMOT30JAN2020500CE.NFO,07/01/2020,10:13:37,931.2,946,90,1065.6,210,0,270
EICHERMOT30JAN2020500CE.NFO,07/01/2020,10:13:38,931.2,947.95,150,1065.6,120,0,270
EICHERMOT30JAN2020500CE.NFO,07/01/2020,10:13:39,931.2,949.45,150,1065.6,120,0,270
EICHERMOT30JAN2020500CE.NFO,07/01/2020,10:13:40,931.2,951.75,150,1065.55,210,0,270
EICHERMOT30JAN2020500CE.NFO,07/01/2020,10:13:41,931.2,952.1,120,1065.55,210,0,270
EICHERMOT30JAN2020500CE.NFO,07/01/2020,10:13:42,931.2,955.35,90,1065.5,210,0,270
EICHERMOT30JAN2020500CE.NFO,07/01/2020,10:13:43,931.2,955.75,90,1065.5,210,0,270
EICHERMOT30JAN2020500CE.NFO,07/01/2020,10:13:44,931.2,957.35,90,1065.5,150,0,270
EICHERMOT30JAN2020500CE.NFO,07/01/2020,10:13:45,931.2,958.2,60,1065.5,150,0,270
EICHERMOT30JAN2020500CE.NFO,07/01/2020,10:13:46,931.2,952.9,120,1065.5,60,0,270
EICHERMOT30JAN2020500CE.NFO,07/01/2020,10:13:49,931.2,953.25,30,1065.5,60,0,270
EICHERMOT30JAN2020500CE.NFO,07/01/2020,10:13:50,931.2,953.2,120,1065.5,60,0,270
EICHERMOT30JAN2020500CE.NFO,07/01/2020,10:13:53,931.2,954.7,60,1065.5,60,0,270
EICHERMOT30JAN2020500CE.NFO,07/01/2020,10:13:54,931.2,953.25,60,1065.45,360,0,270
EICHERMOT30JAN2020500CE.NFO,07/01/2020,10:13:55,931.2,889.35,300,1065.45,420,0,270
EICHERMOT30JAN2020500CE.NFO,07/01/2020,10:13:56,931.2,889.45,210,1065.45,420,0,270
EICHERMOT30JAN2020500CE.NFO,07/01/2020,10:13:57,931.2,889.5,270,1065.45,420,0,270
EICHERMOT30JAN2020500CE.NFO,07/01/2020,10:13:59,931.2,889.55,210,1065.45,420,0,270
EICHERMOT30JAN2020500CE.NFO,07/01/2020,10:14:00,931.2,889.55,270,1065.45,420,0,270
EICHERMOT30JAN2020500CE.NFO,07/01/2020,10:14:01,931.2,889.6,90,1065.45,420,0,270
EICHERMOT30JAN2020500CE.NFO,07/01/2020,10:14:02,931.2,889.6,330,1065.45,420,0,270
EICHERMOT30JAN2020500CE.NFO,07/01/2020,10:14:04,931.2,889.6,330,1065.1,210,0,270
EICHERMOT30JAN2020500CE.NFO,07/01/2020,10:14:05,931.2,889.6,330,1064.6,90,0,270
EICHERMOT30JAN2020500CE.NFO,07/01/2020,10:14:06,931.2,931.25,210,1062.75,270,0,270
EICHERMOT30JAN2020500CE.NFO,07/01/2020,10:14:07,931.2,931.25,270,1062.65,270,0,270
EICHERMOT30JAN2020500CE.NFO,07/01/2020,10:14:08,931.2,931.4,210,1062.65,330,0,270
EICHERMOT30JAN2020500CE.NFO,07/01/2020,10:14:09,931.2,932.4,150,1062.65,330,0,270
EICHERMOT30JAN2020500CE.NFO,07/01/2020,10:14:10,931.2,933.7,30,1062.65,330,0,270
EICHERMOT30JAN2020500CE.NFO,07/01/2020,10:14:11,931.2,934.3,240,1062.65,330,0,270
EICHERMOT30JAN2020500CE.NFO,07/01/2020,10:14:12,931.2,935.75,90,1062.65,330,0,270
EICHERMOT30JAN2020500CE.NFO,07/01/2020,10:14:13,931.2,936.25,150,1062.65,330,0,270
EICHERMOT30JAN2020500CE.NFO,07/01/2020,10:14:14,931.2,936.3,60,1062.65,330,0,270
EICHERMOT30JAN2020500CE.NFO,07/01/2020,10:14:15,931.2,936.8,90,1062.65,330,0,270
EICHERMOT30JAN2020500CE.NFO,07/01/2020,10:14:16,931.2,937,150,1062.65,330,0,270
EICHERMOT30JAN2020500CE.NFO,07/01/2020,10:14:17,931.2,938.1,30,1062.65,120,0,270
EICHERMOT30JAN2020500CE.NFO,07/01/2020,10:14:18,931.2,939.15,150,1062.65,120,0,270
EICHERMOT30JAN2020500CE.NFO,07/01/2020,10:14:19,931.2,939.15,150,1062.65,180,0,270
EICHERMOT30JAN2020500CE.NFO,07/01/2020,10:14:20,931.2,939.9,30,1062.65,180,0,270
EICHERMOT30JAN2020500CE.NFO,07/01/2020,10:14:21,931.2,941.15,270,1062.65,180,0,270
EICHERMOT30JAN2020500CE.NFO,07/01/2020,10:14:22,931.2,941.75,120,1062.65,180,0,270
EICHERMOT30JAN2020500CE.NFO,07/01/2020,10:14:23,931.2,942.45,90,1062.65,180,0,270
EICHERMOT30JAN2020500CE.NFO,07/01/2020,10:14:24,931.2,943.95,90,1062.65,240,0,270
EICHERMOT30JAN2020500CE.NFO,07/01/2020,10:14:25,931.2,945.15,90,1062.65,180,0,270
EICHERMOT30JAN2020500CE.NFO,07/01/2020,10:14:26,931.2,946.15,120,1062.65,240,0,270
EICHERMOT30JAN2020500CE.NFO,07/01/2020,10:14:27,931.2,947,150,1062.65,240,0,270
EICHERMOT30JAN2020500CE.NFO,07/01/2020,10:14:28,931.2,947.9,90,1062.65,240,0,270
EICHERMOT30JAN2020500CE.NFO,07/01/2020,10:14:29,931.2,948,90,1062.65,240,0,270
EICHERMOT30JAN2020500CE.NFO,07/01/2020,10:14:30,931.2,949.2,150,1062.65,240,0,270
EICHERMOT30JAN2020500CE.NFO,07/01/2020,10:14:31,931.2,950.4,150,1062.65,240,0,270
EICHERMOT30JAN2020500CE.NFO,07/01/2020,10:14:32,931.2,951.85,60,1062.6,240,0,270
EICHERMOT30JAN2020500CE.NFO,07/01/2020,10:14:33,931.2,952.85,60,1062.6,240,0,270
EICHERMOT30JAN2020500CE.NFO,07/01/2020,10:14:34,931.2,954.1,90,1062.6,240,0,270
EICHERMOT30JAN2020500CE.NFO,07/01/2020,10:14:35,931.2,931.7,30,1062.6,240,0,270
EICHERMOT30JAN2020500CE.NFO,07/01/2020,10:14:36,931.2,933.3,150,1062.6,240,0,270
EICHERMOT30JAN2020500CE.NFO,07/01/2020,10:14:37,931.2,935.1,150,1062.55,330,0,270
EICHERMOT30JAN2020500CE.NFO,07/01/2020,10:14:38,931.2,937.35,180,1062.55,330,0,270
EICHERMOT30JAN2020500CE.NFO,07/01/2020,10:14:39,931.2,938.75,90,1062.55,330,0,270
EICHERMOT30JAN2020500CE.NFO,07/01/2020,10:14:40,931.2,940.65,90,1062.55,240,0,270
EICHERMOT30JAN2020500CE.NFO,07/01/2020,10:14:41,931.2,940.9,120,1062.55,240,0,270
EICHERMOT30JAN2020500CE.NFO,07/01/2020,10:14:42,931.2,943.2,120,1062.55,240,0,270
EICHERMOT30JAN2020500CE.NFO,07/01/2020,10:14:43,931.2,946,120,1062.5,330,0,270
EICHERMOT30JAN2020500CE.NFO,07/01/2020,10:14:44,931.2,948.2,120,1062.5,330,0,270
EICHERMOT30JAN2020500CE.NFO,07/01/2020,10:14:45,931.2,949.3,150,1062.5,330,0,270
EICHERMOT30JAN2020500CE.NFO,07/01/2020,10:14:46,931.2,950.95,90,1062.5,330,0,270
EICHERMOT30JAN2020500CE.NFO,07/01/2020,10:14:47,931.2,951.75,90,1062.5,330,0,270
EICHERMOT30JAN2020500CE.NFO,07/01/2020,10:14:48,931.2,952.65,90,1062.5,330,0,270
EICHERMOT30JAN2020500CE.NFO,07/01/2020,10:14:49,931.2,953.85,90,1062.5,330,0,270
EICHERMOT30JAN2020500CE.NFO,07/01/2020,10:14:50,931.2,931.5,150,1062.5,330,0,270
EICHERMOT30JAN2020500CE.NFO,07/01/2020,10:14:51,931.2,933.3,90,1062.5,330,0,270
EICHERMOT30JAN2020500CE.NFO,07/01/2020,10:14:52,931.2,934.6,150,1062.5,240,0,270
EICHERMOT30JAN2020500CE.NFO,07/01/2020,10:14:53,931.2,936.6,90,1062.5,240,0,270
EICHERMOT30JAN2020500CE.NFO,07/01/2020,10:14:54,931.2,936.85,30,1062.5,240,0,270
EICHERMOT30JAN2020500CE.NFO,07/01/2020,10:14:55,931.2,938.75,60,1062.45,330,0,270
EICHERMOT30JAN2020500CE.NFO,07/01/2020,10:14:56,931.2,940.15,90,1062.45,330,0,270
EICHERMOT30JAN2020500CE.NFO,07/01/2020,10:14:57,931.2,941.5,90,1062.45,330,0,270
EICHERMOT30JAN2020500CE.NFO,07/01/2020,10:14:58,931.2,943.25,30,1062.45,330,0,270
EICHERMOT30JAN2020500CE.NFO,07/01/2020,10:14:59,931.2,944.55,30,1062.45,330,0,270
EICHERMOT30JAN2020500CE.NFO,07/01/2020,10:15:00,931.2,946.4,90,1062.45,330,0,270
EICHERMOT30JAN2020500CE.NFO,07/01/2020,10:15:01,931.2,947.95,90,1062.45,330,0,270
EICHERMOT30JAN2020500CE.NFO,07/01/2020,10:15:02,931.2,949.75,90,1062.45,210,0,270
EICHERMOT30JAN2020500CE.NFO,07/01/2020,10:15:03,931.2,950.65,90,1062.45,150,0,270
EICHERMOT30JAN2020500CE.NFO,07/01/2020,10:15:04,931.2,951.5,150,1062.45,270,0,270
EICHERMOT30JAN2020500CE.NFO,07/01/2020,10:15:05,931.2,952.75,90,1062.45,210,0,270
EICHERMOT30JAN2020500CE.NFO,07/01/2020,10:15:06,931.2,952.95,90,1062.45,210,0,270
EICHERMOT30JAN2020500CE.NFO,07/01/2020,10:15:07,931.2,953.85,120,1062.45,210,0,270
EICHERMOT30JAN2020500CE.NFO,07/01/2020,10:15:08,931.2,954.65,60,1062.45,210,0,270
EICHERMOT30JAN2020500CE.NFO,07/01/2020,10:15:09,931.2,955.45,60,1062.45,270,0,270
EICHERMOT30JAN2020500CE.NFO,07/01/2020,10:15:10,931.2,956.3,90,1062.45,270,0,270
EICHERMOT30JAN2020500CE.NFO,07/01/2020,10:15:11,931.2,957.3,90,1062.45,270,0,270
EICHERMOT30JAN2020500CE.NFO,07/01/2020,10:15:13,931.2,959.25,60,1062.45,240,0,270
EICHERMOT30JAN2020500CE.NFO,07/01/2020,10:15:14,931.2,959.9,90,1062.45,240,0,270
EICHERMOT30JAN2020500CE.NFO,07/01/2020,10:15:15,931.2,945.65,30,1062.45,240,0,270
EICHERMOT30JAN2020500CE.NFO,07/01/2020,10:15:16,931.2,946.55,30,1062.45,240,0,270
EICHERMOT30JAN2020500CE.NFO,07/01/2020,10:15:17,931.2,946.85,120,1062.45,240,0,270
EICHERMOT30JAN2020500CE.NFO,07/01/2020,10:15:20,931.2,947.5,90,1062.45,240,0,270
EICHERMOT30JAN2020500CE.NFO,07/01/2020,10:15:21,931.2,948.4,30,1062.45,240,0,270
EICHERMOT30JAN2020500CE.NFO,07/01/2020,10:15:22,931.2,948.7,90,1062.45,240,0,270
EICHERMOT30JAN2020500CE.NFO,07/01/2020,10:15:23,931.2,948.95,120,1062.45,240,0,270
EICHERMOT30JAN2020500CE.NFO,07/01/2020,10:15:24,931.2,948.95,120,1062.45,120,0,270
EICHERMOT30JAN2020500CE.NFO,07/01/2020,10:15:25,931.2,949.8,30,1062.45,120,0,270
EICHERMOT30JAN2020500CE.NFO,07/01/2020,10:15:27,931.2,950,120,1062.45,120,0,270
EICHERMOT30JAN2020500CE.NFO,07/01/2020,10:15:28,931.2,950.35,30,1062.45,120,0,270
EICHERMOT30JAN2020500CE.NFO,07/01/2020,10:15:29,931.2,950.95,120,1062.45,60,0,270
EICHERMOT30JAN2020500CE.NFO,07/01/2020,10:15:31,931.2,950.95,120,1062.45,180,0,270
EICHERMOT30JAN2020500CE.NFO,07/01/2020,10:15:32,931.2,950.95,120,1062.45,120,0,270
EICHERMOT30JAN2020500CE.NFO,07/01/2020,10:15:35,931.2,950.95,120,1062.45,60,0,270
EICHERMOT30JAN2020500CE.NFO,07/01/2020,10:15:37,931.2,933.95,270,1062.45,240,0,270
EICHERMOT30JAN2020500CE.NFO,07/01/2020,10:15:38,931.2,935.85,150,1062.4,330,0,270
EICHERMOT30JAN2020500CE.NFO,07/01/2020,10:15:39,931.2,937.55,210,1062.4,330,0,270
EICHERMOT30JAN2020500CE.NFO,07/01/2020,10:15:40,931.2,939.55,60,1062.4,330,0,270
EICHERMOT30JAN2020500CE.NFO,07/01/2020,10:15:41,931.2,941.75,60,1062.4,330,0,270
EICHERMOT30JAN2020500CE.NFO,07/01/2020,10:15:42,931.2,942.75,240,1062.4,330,0,270
EICHERMOT30JAN2020500CE.NFO,07/01/2020,10:15:43,931.2,943.9,150,1062.4,60,0,270
EICHERMOT30JAN2020500CE.NFO,07/01/2020,10:15:44,931.2,947.1,90,1062.35,150,0,270
EICHERMOT30JAN2020500CE.NFO,07/01/2020,10:15:45,931.2,949.55,120,1062.35,150,0,270
EICHERMOT30JAN2020500CE.NFO,07/01/2020,10:15:46,931.2,951.45,120,1062.35,150,0,270
EICHERMOT30JAN2020500CE.NFO,07/01/2020,10:15:49,931.2,916.05,240,1062.3,330,0,270
EICHERMOT30JAN2020500CE.NFO,07/01/2020,10:15:51,931.2,916.1,180,1062.3,330,0,270
EICHERMOT30JAN2020500CE.NFO,07/01/2020,10:15:52,931.2,916.25,270,1062.3,330,0,270
EICHERMOT30JAN2020500CE.NFO,07/01/2020,10:15:53,931.2,916.3,240,1062.3,330,0,270
EICHERMOT30JAN2020500CE.NFO,07/01/2020,10:15:54,931.2,916.35,180,1062.3,330,0,270
EICHERMOT30JAN2020500CE.NFO,07/01/2020,10:15:55,931.2,916.45,270,1062.3,330,0,270
EICHERMOT30JAN2020500CE.NFO,07/01/2020,10:16:02,931.2,916.45,210,1062.3,330,0,270
EICHERMOT30JAN2020500CE.NFO,07/01/2020,10:16:03,931.2,916.45,330,1062.3,330,0,270
EICHERMOT30JAN2020500CE.NFO,07/01/2020,10:16:06,931.2,916.45,330,1062.3,180,0,270
EICHERMOT30JAN2020500CE.NFO,07/01/2020,10:16:17,931.2,931.6,210,1062.25,270,0,270
EICHERMOT30JAN2020500CE.NFO,07/01/2020,10:16:20,931.2,935.7,150,1062.25,180,0,270
EICHERMOT30JAN2020500CE.NFO,07/01/2020,10:16:24,931.2,941.3,90,1062.2,270,0,270
EICHERMOT30JAN2020500CE.NFO,07/01/2020,10:16:29,931.2,952.5,120,1062.2,270,0,270
EICHERMOT30JAN2020500CE.NFO,07/01/2020,10:16:38,931.2,952.5,120,1061.7,270,0,270
EICHERMOT30JAN2020500CE.NFO,07/01/2020,10:16:46,931.2,931.25,240,1060.65,90,0,270
EICHERMOT30JAN2020500CE.NFO,07/01/2020,10:16:50,931.2,940,90,1059.5,270,0,270
EICHERMOT30JAN2020500CE.NFO,07/01/2020,10:16:55,931.2,932.3,90,1059.25,270,0,270
EICHERMOT30JAN2020500CE.NFO,07/01/2020,10:16:59,931.2,936.65,120,1059.25,270,0,270
EICHERMOT30JAN2020500CE.NFO,07/01/2020,10:17:02,931.2,938.4,150,1058.95,270,0,270
EICHERMOT30JAN2020500CE.NFO,07/01/2020,10:17:06,931.2,941.1,60,1058.95,270,0,270
EICHERMOT30JAN2020500CE.NFO,07/01/2020,10:17:10,931.2,934.55,90,1057.75,90,0,270
EICHERMOT30JAN2020500CE.NFO,07/01/2020,10:17:12,931.2,936.5,120,1056.9,270,0,270
EICHERMOT30JAN2020500CE.NFO,07/01/2020,10:17:14,931.2,936.5,120,1056.8,270,0,270
EICHERMOT30JAN2020500CE.NFO,07/01/2020,10:17:17,931.2,936.5,120,1056.3,270,0,270
EICHERMOT30JAN2020500CE.NFO,07/01/2020,10:17:18,931.2,936.95,150,1055.3,270,0,270
EICHERMOT30JAN2020500CE.NFO,07/01/2020,10:17:19,931.2,938.6,120,1054.3,270,0,270
EICHERMOT30JAN2020500CE.NFO,07/01/2020,10:17:20,931.2,940.25,120,1053.8,270,0,270
EICHERMOT30JAN2020500CE.NFO,07/01/2020,10:17:25,931.2,940.4,150,1052.85,120,0,270
EICHERMOT30JAN2020500CE.NFO,07/01/2020,10:17:26,931.2,940.75,60,1052.8,270,0,270
EICHERMOT30JAN2020500CE.NFO,07/01/2020,10:17:27,931.2,940.55,60,1052.8,270,0,270
EICHERMOT30JAN2020500CE.NFO,07/01/2020,10:17:28,931.2,940.55,120,1052.75,90,0,270
EICHERMOT30JAN2020500CE.NFO,07/01/2020,10:17:29,931.2,931.25,180,1052.3,270,0,270
EICHERMOT30JAN2020500CE.NFO,07/01/2020,10:17:30,931.2,931.25,120,1051.8,300,0,270
EICHERMOT30JAN2020500CE.NFO,07/01/2020,10:17:31,931.2,931.25,120,1051.8,270,0,270
EICHERMOT30JAN2020500CE.NFO,07/01/2020,10:17:32,931.2,931.25,120,1051.7,90,0,270
EICHERMOT30JAN2020500CE.NFO,07/01/2020,10:17:33,931.2,932.05,180,1051.7,270,0,270
EICHERMOT30JAN2020500CE.NFO,07/01/2020,10:17:34,931.2,933.6,120,1051.7,270,0,270
EICHERMOT30JAN2020500CE.NFO,07/01/2020,10:17:35,931.2,934.2,210,1051.7,270,0,270
EICHERMOT30JAN2020500CE.NFO,07/01/2020,10:17:36,931.2,934.3,210,1051.7,180,0,270
EICHERMOT30JAN2020500CE.NFO,07/01/2020,10:17:37,931.2,934.3,210,1051.65,270,0,270
EICHERMOT30JAN2020500CE.NFO,07/01/2020,10:17:38,931.2,934.6,210,1051.65,270,0,270
EICHERMOT30JAN2020500CE.NFO,07/01/2020,10:17:44,931.2,934.6,210,1051.45,270,0,270
EICHERMOT30JAN2020500CE.NFO,07/01/2020,10:17:45,931.2,934.6,210,1051.35,270,0,270
EICHERMOT30JAN2020500CE.NFO,07/01/2020,10:17:46,931.2,934.6,210,1051.25,270,0,270
EICHERMOT30JAN2020500CE.NFO,07/01/2020,10:17:47,931.2,934.6,210,1051.15,270,0,270
EICHERMOT30JAN2020500CE.NFO,07/01/2020,10:17:48,931.2,934.6,210,1051.05,270,0,270
EICHERMOT30JAN2020500CE.NFO,07/01/2020,10:17:49,931.2,934.6,210,1050.95,270,0,270
EICHERMOT30JAN2020500CE.NFO,07/01/2020,10:17:50,931.2,934.6,150,1050.65,270,0,270
EICHERMOT30JAN2020500CE.NFO,07/01/2020,10:17:51,931.2,934.6,210,1050.45,270,0,270
EICHERMOT30JAN2020500CE.NFO,07/01/2020,10:17:54,931.2,934.6,210,1050.3,90,0,270
EICHERMOT30JAN2020500CE.NFO,07/01/2020,10:17:55,931.2,934.6,210,1050.05,270,0,270
EICHERMOT30JAN2020500CE.NFO,07/01/2020,10:18:00,931.2,934.6,150,1050.05,270,0,270
EICHERMOT30JAN2020500CE.NFO,07/01/2020,10:18:01,931.2,934.6,210,1050.05,270,0,270
EICHERMOT30JAN2020500CE.NFO,07/01/2020,10:18:04,931.2,934.6,210,1049.65,330,0,270
EICHERMOT30JAN2020500CE.NFO,07/01/2020,10:18:08,931.2,934.9,270,1049.65,270,0,270
EICHERMOT30JAN2020500CE.NFO,07/01/2020,10:18:13,931.2,934.9,270,1049.25,270,0,270
EICHERMOT30JAN2020500CE.NFO,07/01/2020,10:18:18,931.2,934.9,210,1048.75,270,0,270
EICHERMOT30JAN2020500CE.NFO,07/01/2020,10:18:22,931.2,931.8,150,1047.3,210,0,270
EICHERMOT30JAN2020500CE.NFO,07/01/2020,10:18:26,931.2,931.25,120,1045.45,150,0,270
EICHERMOT30JAN2020500CE.NFO,07/01/2020,10:18:30,931.2,931.25,120,1045.45,210,0,270
EICHERMOT30JAN2020500CE.NFO,07/01/2020,10:18:35,931.2,937,60,1045.45,150,0,270
EICHERMOT30JAN2020500CE.NFO,07/01/2020,10:18:39,931.2,931.25,60,1045.45,270,0,270
EICHERMOT30JAN2020500CE.NFO,07/01/2020,10:18:45,931.2,931.25,120,1045.45,270,0,270
EICHERMOT30JAN2020500CE.NFO,07/01/2020,10:18:50,931.2,931.25,120,1045.45,210,0,270
EICHERMOT30JAN2020500CE.NFO,07/01/2020,10:18:54,931.2,931.45,90,1045.45,210,0,270
EICHERMOT30JAN2020500CE.NFO,07/01/2020,10:19:00,931.2,931.25,120,1045.45,210,0,270
EICHERMOT30JAN2020500CE.NFO,07/01/2020,10:19:04,931.2,939.9,90,1045.45,150,0,270
EICHERMOT30JAN2020500CE.NFO,07/01/2020,10:19:09,931.2,934.4,30,1045.4,150,0,270
EICHERMOT30JAN2020500CE.NFO,07/01/2020,10:19:12,931.2,936.95,60,1045.4,150,0,270
EICHERMOT30JAN2020500CE.NFO,07/01/2020,10:19:13,931.2,939.1,90,1045.4,150,0,270
EICHERMOT30JAN2020500CE.NFO,07/01/2020,10:19:14,931.2,936.35,120,1045.4,150,0,270
EICHERMOT30JAN2020500CE.NFO,07/01/2020,10:19:17,931.2,936.35,120,1045.4,210,0,270
EICHERMOT30JAN2020500CE.NFO,07/01/2020,10:19:18,931.2,936.35,120,1045.4,150,0,270
EICHERMOT30JAN2020500CE.NFO,07/01/2020,10:19:20,931.2,936.95,120,1045.35,150,0,270
EICHERMOT30JAN2020500CE.NFO,07/01/2020,10:19:21,931.2,937.45,120,1045.35,150,0,270
EICHERMOT30JAN2020500CE.NFO,07/01/2020,10:19:22,931.2,939.05,60,1045.35,150,0,270
EICHERMOT30JAN2020500CE.NFO,07/01/2020,10:19:23,931.2,935.6,90,1045.35,150,0,270
EICHERMOT30JAN2020500CE.NFO,07/01/2020,10:19:24,931.2,938.05,60,1045.35,150,0,270
EICHERMOT30JAN2020500CE.NFO,07/01/2020,10:19:25,931.2,937.55,120,1045.35,150,0,270
EICHERMOT30JAN2020500CE.NFO,07/01/2020,10:19:26,931.2,937.55,180,1045.35,150,0,270
EICHERMOT30JAN2020500CE.NFO,07/01/2020,10:19:27,931.2,937.55,120,1045.35,150,0,270
EICHERMOT30JAN2020500CE.NFO,07/01/2020,10:19:30,931.2,938.55,60,1045.35,150,0,270
EICHERMOT30JAN2020500CE.NFO,07/01/2020,10:19:31,931.2,941,90,1045.35,150,0,270
EICHERMOT30JAN2020500CE.NFO,07/01/2020,10:19:32,931.2,940.15,120,1045.35,150,0,270
EICHERMOT30JAN2020500CE.NFO,07/01/2020,10:19:33,931.2,940.3,150,1045.35,150,0,270
EICHERMOT30JAN2020500CE.NFO,07/01/2020,10:19:34,931.2,940.35,120,1045.35,150,0,270
EICHERMOT30JAN2020500CE.NFO,07/01/2020,10:19:35,931.2,932.35,180,1045.35,150,0,270
EICHERMOT30JAN2020500CE.NFO,07/01/2020,10:19:36,931.2,932.35,180,1045.35,60,0,270
EICHERMOT30JAN2020500CE.NFO,07/01/2020,10:19:37,931.2,934.4,240,1045.3,150,0,270
EICHERMOT30JAN2020500CE.NFO,07/01/2020,10:19:38,931.2,936.75,150,1045.3,150,0,270
EICHERMOT30JAN2020500CE.NFO,07/01/2020,10:19:39,931.2,939.9,150,1045.3,150,0,270
EICHERMOT30JAN2020500CE.NFO,07/01/2020,10:19:40,931.2,942.9,90,1045.3,150,0,270
EICHERMOT30JAN2020500CE.NFO,07/01/2020,10:19:41,931.2,943.75,60,1045.3,150,0,270
EICHERMOT30JAN2020500CE.NFO,07/01/2020,10:19:42,931.2,933,90,1045.3,60,0,270
EICHERMOT30JAN2020500CE.NFO,07/01/2020,10:19:43,931.2,936.25,180,1045.25,150,0,270
EICHERMOT30JAN2020500CE.NFO,07/01/2020,10:19:44,931.2,938.5,90,1045.25,150,0,270
EICHERMOT30JAN2020500CE.NFO,07/01/2020,10:19:45,931.2,932.15,60,1045.25,150,0,270
EICHERMOT30JAN2020500CE.NFO,07/01/2020,10:19:46,931.2,935.45,180,1045.25,150,0,270
EICHERMOT30JAN2020500CE.NFO,07/01/2020,10:19:47,931.2,937.55,60,1045.25,150,0,270
EICHERMOT30JAN2020500CE.NFO,07/01/2020,10:19:48,931.2,939.1,150,1045.25,150,0,270
EICHERMOT30JAN2020500CE.NFO,07/01/2020,10:19:49,931.2,939.2,120,1045.25,150,0,270
EICHERMOT30JAN2020500CE.NFO,07/01/2020,10:19:50,931.2,939.2,180,1045.25,150,0,270
EICHERMOT30JAN2020500CE.NFO,07/01/2020,10:19:51,931.2,939.25,150,1045.25,90,0,270
EICHERMOT30JAN2020500CE.NFO,07/01/2020,10:19:52,931.2,940.8,120,1072,150,0,270
EICHERMOT30JAN2020500CE.NFO,07/01/2020,10:19:53,931.2,942.85,210,1070.55,330,0,270
EICHERMOT30JAN2020500CE.NFO,07/01/2020,10:19:54,931.2,945.6,60,1068.75,330,0,270
EICHERMOT30JAN2020500CE.NFO,07/01/2020,10:19:55,931.2,945.1,60,1067.85,270,0,270
EICHERMOT30JAN2020500CE.NFO,07/01/2020,10:19:56,931.2,945.35,90,1066.65,270,0,270
EICHERMOT30JAN2020500CE.NFO,07/01/2020,10:19:57,931.2,947.55,150,1064.5,150,0,270
EICHERMOT30JAN2020500CE.NFO,07/01/2020,10:19:58,931.2,948,180,1063.9,210,0,270
EICHERMOT30JAN2020500CE.NFO,07/01/2020,10:19:59,931.2,948,180,1063.25,30,0,270
EICHERMOT30JAN2020500CE.NFO,07/01/2020,10:20:00,931.2,948,180,1062.7,210,0,270
EICHERMOT30JAN2020500CE.NFO,07/01/2020,10:20:01,931.2,948.55,210,1062.7,210,0,270
EICHERMOT30JAN2020500CE.NFO,07/01/2020,10:20:02,931.2,949.75,150,1062.4,210,0,270
EICHERMOT30JAN2020500CE.NFO,07/01/2020,10:20:03,931.2,950.75,210,1062.4,150,0,270
EICHERMOT30JAN2020500CE.NFO,07/01/2020,10:20:04,931.2,951.45,90,1062.4,150,0,270
EICHERMOT30JAN2020500CE.NFO,07/01/2020,10:20:05,931.2,952.45,90,1062.4,150,0,270
EICHERMOT30JAN2020500CE.NFO,07/01/2020,10:20:06,931.2,953.4,60,1062.4,150,0,270
EICHERMOT30JAN2020500CE.NFO,07/01/2020,10:20:07,931.2,954.7,60,1062.4,150,0,270
EICHERMOT30JAN2020500CE.NFO,07/01/2020,10:20:08,931.2,932.55,240,1062.4,210,0,270
EICHERMOT30JAN2020500CE.NFO,07/01/2020,10:20:09,931.2,933.35,360,1062.4,210,0,270
EICHERMOT30JAN2020500CE.NFO,07/01/2020,10:20:10,931.2,933.4,330,1062.4,210,0,270
EICHERMOT30JAN2020500CE.NFO,07/01/2020,10:20:11,931.2,934.05,390,1062.4,210,0,270
EICHERMOT30JAN2020500CE.NFO,07/01/2020,10:20:13,931.2,935.3,150,1062.4,210,0,270
EICHERMOT30JAN2020500CE.NFO,07/01/2020,10:20:13,931.2,936.05,60,1062.4,210,0,270
EICHERMOT30JAN2020500CE.NFO,07/01/2020,10:20:14,931.2,937.7,210,1062.4,210,0,270
EICHERMOT30JAN2020500CE.NFO,07/01/2020,10:20:15,931.2,938.6,210,1062.4,210,0,270
EICHERMOT30JAN2020500CE.NFO,07/01/2020,10:20:16,931.2,939.05,180,1062.25,210,0,270
EICHERMOT30JAN2020500CE.NFO,07/01/2020,10:20:17,931.2,939.05,180,1061.45,90,0,270
EICHERMOT30JAN2020500CE.NFO,07/01/2020,10:20:18,931.2,939.05,180,1060.25,150,0,270
EICHERMOT30JAN2020500CE.NFO,07/01/2020,10:20:20,931.2,939.55,240,1059.95,210,0,270
EICHERMOT30JAN2020500CE.NFO,07/01/2020,10:20:20,931.2,940.05,120,1059.95,210,0,270
EICHERMOT30JAN2020500CE.NFO,07/01/2020,10:20:21,931.2,940.95,180,1059.95,210,0,270
EICHERMOT30JAN2020500CE.NFO,07/01/2020,10:20:22,931.2,940.95,240,1059.95,210,0,270
EICHERMOT30JAN2020500CE.NFO,07/01/2020,10:20:27,931.2,940.95,240,1059.95,150,0,270
EICHERMOT30JAN2020500CE.NFO,07/01/2020,10:20:28,931.2,942.4,150,1059.95,150,0,270
EICHERMOT30JAN2020500CE.NFO,07/01/2020,10:20:29,931.2,943.9,150,1059.95,150,0,270
EICHERMOT30JAN2020500CE.NFO,07/01/2020,10:20:30,931.2,945.2,210,1059.95,150,0,270
EICHERMOT30JAN2020500CE.NFO,07/01/2020,10:20:31,931.2,945.85,180,1059.95,210,0,270
EICHERMOT30JAN2020500CE.NFO,07/01/2020,10:20:34,931.2,945.85,180,1059.95,150,0,270
EICHERMOT30JAN2020500CE.NFO,07/01/2020,10:20:35,931.2,945.9,180,1075.35,270,0,270
EICHERMOT30JAN2020500CE.NFO,07/01/2020,10:20:37,931.2,945.9,180,1075.35,120,0,270
EICHERMOT30JAN2020500CE.NFO,07/01/2020,10:20:39,931.2,945.9,240,1075.35,120,0,270
EICHERMOT30JAN2020500CE.NFO,07/01/2020,10:20:44,931.2,945.95,270,1075.35,60,0,270
EICHERMOT30JAN2020500CE.NFO,07/01/2020,10:20:44,931.2,946,330,1075.35,60,0,270
EICHERMOT30JAN2020500CE.NFO,07/01/2020,10:20:45,931.2,946.05,390,1075.35,60,0,270
EICHERMOT30JAN2020500CE.NFO,07/01/2020,10:20:46,931.2,946.05,390,1082.4,120,0,270
EICHERMOT30JAN2020500CE.NFO,07/01/2020,10:20:47,931.2,947.05,270,1082.4,120,0,270
EICHERMOT30JAN2020500CE.NFO,07/01/2020,10:20:48,931.2,947.25,420,1082.4,120,0,270
EICHERMOT30JAN2020500CE.NFO,07/01/2020,10:20:54,931.2,947.25,390,1082.4,120,0,270
EICHERMOT30JAN2020500CE.NFO,07/01/2020,10:20:55,931.2,947.35,420,1082.4,120,0,270
EICHERMOT30JAN2020500CE.NFO,07/01/2020,10:21:00,931.2,948.7,210,1082.4,120,0,270
EICHERMOT30JAN2020500CE.NFO,07/01/2020,10:21:02,931.2,953,240,1082.35,210,0,270
EICHERMOT30JAN2020500CE.NFO,07/01/2020,10:21:02,931.2,953.75,150,1082.35,210,0,270
EICHERMOT30JAN2020500CE.NFO,07/01/2020,10:21:03,931.2,957.1,210,1082.35,210,0,270
EICHERMOT30JAN2020500CE.NFO,07/01/2020,10:21:04,931.2,958.7,240,1082.35,210,0,270
EICHERMOT30JAN2020500CE.NFO,07/01/2020,10:21:05,931.2,958.7,240,1082.35,150,0,270
EICHERMOT30JAN2020500CE.NFO,07/01/2020,10:21:06,931.2,958.7,240,1082.35,210,0,270
EICHERMOT30JAN2020500CE.NFO,07/01/2020,10:21:15,931.2,932.45,180,1080.4,30,0,270
EICHERMOT30JAN2020500CE.NFO,07/01/2020,10:21:15,931.2,932.45,180,1080.1,150,0,270
EICHERMOT30JAN2020500CE.NFO,07/01/2020,10:21:16,931.2,932.5,240,1077.8,150,0,270
EICHERMOT30JAN2020500CE.NFO,07/01/2020,10:21:17,931.2,932.5,240,1076.4,90,0,270
EICHERMOT30JAN2020500CE.NFO,07/01/2020,10:21:18,931.2,932.5,240,1076.05,420,0,270
EICHERMOT30JAN2020500CE.NFO,07/01/2020,10:21:20,931.2,932.5,300,1076.05,420,0,270
EICHERMOT30JAN2020500CE.NFO,07/01/2020,10:21:20,931.2,932.5,240,1076.05,420,0,270
EICHERMOT30JAN2020500CE.NFO,07/01/2020,10:21:21,931.2,933.4,240,1076.05,420,0,270
EICHERMOT30JAN2020500CE.NFO,07/01/2020,10:21:22,931.2,933.6,300,1076.05,420,0,270
EICHERMOT30JAN2020500CE.NFO,07/01/2020,10:21:30,931.2,933.6,240,1076.05,420,0,270
EICHERMOT30JAN2020500CE.NFO,07/01/2020,10:21:32,931.2,933.6,300,1076.05,420,0,270
EICHERMOT30JAN2020500CE.NFO,07/01/2020,10:21:32,931.2,933.6,240,1076.05,420,0,270
EICHERMOT30JAN2020500CE.NFO,07/01/2020,10:21:34,931.2,933.6,300,1076.05,420,0,270
EICHERMOT30JAN2020500CE.NFO,07/01/2020,10:21:37,931.2,933.9,240,1076.05,420,0,270
EICHERMOT30JAN2020500CE.NFO,07/01/2020,10:21:38,931.2,934,480,1076.05,420,0,270
EICHERMOT30JAN2020500CE.NFO,07/01/2020,10:21:40,931.2,934.15,150,1076.05,420,0,270
EICHERMOT30JAN2020500CE.NFO,07/01/2020,10:21:41,931.2,935.15,150,1076.05,420,0,270
EICHERMOT30JAN2020500CE.NFO,07/01/2020,10:21:42,931.2,936.3,330,1076.05,420,0,270
EICHERMOT30JAN2020500CE.NFO,07/01/2020,10:21:43,931.2,937.55,90,1076.05,420,0,270
EICHERMOT30JAN2020500CE.NFO,07/01/2020,10:21:44,931.2,939.25,90,1076.05,420,0,270
EICHERMOT30JAN2020500CE.NFO,07/01/2020,10:21:45,931.2,939.95,180,1076.05,420,0,270
EICHERMOT30JAN2020500CE.NFO,07/01/2020,10:21:46,931.2,941.85,120,1076.05,420,0,270
EICHERMOT30JAN2020500CE.NFO,07/01/2020,10:21:47,931.2,942.65,180,1076.05,420,0,270
EICHERMOT30JAN2020500CE.NFO,07/01/2020,10:21:48,931.2,943.15,180,1076.05,420,0,270
EICHERMOT30JAN2020500CE.NFO,07/01/2020,10:21:54,931.2,943.6,90,1076.05,420,0,270
EICHERMOT30JAN2020500CE.NFO,07/01/2020,10:21:55,931.2,944.35,180,1076.05,420,0,270
EICHERMOT30JAN2020500CE.NFO,07/01/2020,10:22:07,931.2,944.35,120,1076.05,420,0,270
EICHERMOT30JAN2020500CE.NFO,07/01/2020,10:22:07,931.2,931.45,60,1076.05,420,0,270
EICHERMOT30JAN2020500CE.NFO,07/01/2020,10:22:08,931.2,935.15,60,1076.05,420,0,270
EICHERMOT30JAN2020500CE.NFO,07/01/2020,10:22:09,931.2,935.6,180,1076.05,420,0,270
EICHERMOT30JAN2020500CE.NFO,07/01/2020,10:22:14,931.2,936.15,150,1076.05,420,0,270
EICHERMOT30JAN2020500CE.NFO,07/01/2020,10:22:15,931.2,936.35,120,1076.05,420,0,270
EICHERMOT30JAN2020500CE.NFO,07/01/2020,10:22:15,931.2,936.35,180,1076.05,420,0,270
EICHERMOT30JAN2020500CE.NFO,07/01/2020,10:22:35,931.2,936.4,120,1076.05,420,0,270
EICHERMOT30JAN2020500CE.NFO,07/01/2020,10:22:37,931.2,931.3,120,1076.05,420,0,270
EICHERMOT30JAN2020500CE.NFO,07/01/2020,10:22:38,931.2,931.3,180,1076.05,420,0,270
EICHERMOT30JAN2020500CE.NFO,07/01/2020,10:22:39,931.2,931.25,60,1076.05,420,0,270
EICHERMOT30JAN2020500CE.NFO,07/01/2020,10:22:41,931.2,911.95,180,1076.05,420,0,270
EICHERMOT30JAN2020500CE.NFO,07/01/2020,10:22:49,931.2,911.95,120,1076.05,420,0,270
EICHERMOT30JAN2020500CE.NFO,07/01/2020,10:22:52,931.2,911.95,60,1045.7,420,0,270
EICHERMOT30JAN2020500CE.NFO,07/01/2020,10:22:53,931.2,911.95,120,1045.7,420,0,270
EICHERMOT30JAN2020500CE.NFO,07/01/2020,10:22:56,931.2,911.95,60,1045.7,420,0,270
EICHERMOT30JAN2020500CE.NFO,07/01/2020,10:22:57,931.2,911.95,180,1045.7,360,0,270
EICHERMOT30JAN2020500CE.NFO,07/01/2020,10:22:58,931.2,931.25,60,1045.7,300,0,270
EICHERMOT30JAN2020500CE.NFO,07/01/2020,10:22:59,931.2,931.25,60,1045.7,360,0,270
EICHERMOT30JAN2020500CE.NFO,07/01/2020,10:23:00,931.2,931.25,60,1045.7,300,0,270
EICHERMOT30JAN2020500CE.NFO,07/01/2020,10:23:01,931.2,931.25,60,1045.7,240,0,270
EICHERMOT30JAN2020500CE.NFO,07/01/2020,10:23:03,931.2,931.25,60,1045.7,210,0,270
EICHERMOT30JAN2020500CE.NFO,07/01/2020,10:23:04,931.2,931.25,60,1045.3,210,0,270
EICHERMOT30JAN2020500CE.NFO,07/01/2020,10:23:06,931.2,931.25,60,1045.2,210,0,270
EICHERMOT30JAN2020500CE.NFO,07/01/2020,10:23:06,931.2,931.25,120,1045.2,210,0,270
EICHERMOT30JAN2020500CE.NFO,07/01/2020,10:23:10,931.2,931.25,120,1044.5,150,0,270
EICHERMOT30JAN2020500CE.NFO,07/01/2020,10:23:11,931.2,931.25,60,1043.75,210,0,270
EICHERMOT30JAN2020500CE.NFO,07/01/2020,10:23:12,931.2,931.25,120,1043.55,210,0,270
EICHERMOT30JAN2020500CE.NFO,07/01/2020,10:23:30,931.2,931.25,120,1043.55,150,0,270
EICHERMOT30JAN2020500CE.NFO,07/01/2020,10:23:35,931.2,931.25,180,1043.55,210,0,270
EICHERMOT30JAN2020500CE.NFO,07/01/2020,10:23:39,931.2,931.25,60,1043.55,210,0,270
EICHERMOT30JAN2020500CE.NFO,07/01/2020,10:23:43,931.2,931.25,60,1042.9,150,0,270
EICHERMOT30JAN2020500CE.NFO,07/01/2020,10:23:47,931.2,931.25,180,1042.55,210,0,270
EICHERMOT30JAN2020500CE.NFO,07/01/2020,10:23:51,931.2,931.25,120,1041.55,210,0,270
EICHERMOT30JAN2020500CE.NFO,07/01/2020,10:24:00,931.2,932.35,180,1068.55,330,0,270
EICHERMOT30JAN2020500CE.NFO,07/01/2020,10:24:04,931.2,939.85,120,1063.5,360,0,270
EICHERMOT30JAN2020500CE.NFO,07/01/2020,10:24:08,931.2,932,270,1063.5,360,0,270
EICHERMOT30JAN2020500CE.NFO,07/01/2020,10:24:12,931.2,932.8,330,1063.5,420,0,270
EICHERMOT30JAN2020500CE.NFO,07/01/2020,10:24:16,931.2,933.8,330,1063.5,360,0,270
EICHERMOT30JAN2020500CE.NFO,07/01/2020,10:24:20,931.2,933.95,210,1063.5,360,0,270
EICHERMOT30JAN2020500CE.NFO,07/01/2020,10:24:24,931.2,937.3,330,1063.5,300,0,270
EICHERMOT30JAN2020500CE.NFO,07/01/2020,10:24:28,931.2,938.8,330,1063.5,300,0,270
EICHERMOT30JAN2020500CE.NFO,07/01/2020,10:24:31,931.2,938.8,330,1063.5,360,0,270
EICHERMOT30JAN2020500CE.NFO,07/01/2020,10:24:34,931.2,938.8,330,1063.5,300,0,270
EICHERMOT30JAN2020500CE.NFO,07/01/2020,10:24:37,931.2,939.2,270,1063.5,360,0,270
EICHERMOT30JAN2020500CE.NFO,07/01/2020,10:24:40,931.2,939.3,330,1063.5,360,0,270
EICHERMOT30JAN2020500CE.NFO,07/01/2020,10:24:44,931.2,939.3,270,1063.5,360,0,270
EICHERMOT30JAN2020500CE.NFO,07/01/2020,10:24:50,931.2,939.4,330,1063.5,300,0,270
EICHERMOT30JAN2020500CE.NFO,07/01/2020,10:25:17,931.2,939.4,120,1063.5,420,0,270
EICHERMOT30JAN2020500CE.NFO,07/01/2020,10:25:21,931.2,934.45,180,1063.5,420,0,270
EICHERMOT30JAN2020500CE.NFO,07/01/2020,10:25:31,931.2,934.85,120,1063.5,420,0,270
EICHERMOT30JAN2020500CE.NFO,07/01/2020,10:25:36,931.2,935.25,120,1063.5,420,0,270
EICHERMOT30JAN2020500CE.NFO,07/01/2020,10:25:42,931.2,936.35,120,1063.5,420,0,270
EICHERMOT30JAN2020500CE.NFO,07/01/2020,10:25:47,931.2,931.25,180,1063.5,420,0,270
EICHERMOT30JAN2020500CE.NFO,07/01/2020,10:26:00,931.2,931.5,120,1063.5,420,0,270
EICHERMOT30JAN2020500CE.NFO,07/01/2020,10:26:04,931.2,934.6,120,1063.5,420,0,270
EICHERMOT30JAN2020500CE.NFO,07/01/2020,10:26:09,931.2,935.2,180,1063.5,420,0,270
EICHERMOT30JAN2020500CE.NFO,07/01/2020,10:26:21,931.2,935.6,180,1063.5,420,0,270
EICHERMOT30JAN2020500CE.NFO,07/01/2020,10:26:25,931.2,937.8,60,1063.5,420,0,270
EICHERMOT30JAN2020500CE.NFO,07/01/2020,10:26:28,931.2,943.55,90,1063.5,420,0,270
EICHERMOT30JAN2020500CE.NFO,07/01/2020,10:26:31,931.2,936.35,180,1063.5,420,0,270
EICHERMOT30JAN2020500CE.NFO,07/01/2020,10:26:34,931.2,941.4,120,1063.5,420,0,270
EICHERMOT30JAN2020500CE.NFO,07/01/2020,10:26:37,931.2,939.2,210,1063.5,420,0,270
EICHERMOT30JAN2020500CE.NFO,07/01/2020,10:26:41,931.2,935.5,180,1063.5,420,0,270
EICHERMOT30JAN2020500CE.NFO,07/01/2020,10:26:45,931.2,937.45,120,1063.5,420,0,270
EICHERMOT30JAN2020500CE.NFO,07/01/2020,10:26:48,931.2,931.25,180,1063.5,420,0,270
EICHERMOT30JAN2020500CE.NFO,07/01/2020,10:26:51,931.2,931.25,60,1063.5,420,0,270
EICHERMOT30JAN2020500CE.NFO,07/01/2020,10:26:54,931.2,932.85,120,1063.5,420,0,270
EICHERMOT30JAN2020500CE.NFO,07/01/2020,10:26:57,931.2,935.65,120,1063.5,420,0,270
EICHERMOT30JAN2020500CE.NFO,07/01/2020,10:27:01,931.2,935.65,180,1063.5,420,0,270
EICHERMOT30JAN2020500CE.NFO,07/01/2020,10:27:05,931.2,931.25,180,1063.5,420,0,270
EICHERMOT30JAN2020500CE.NFO,07/01/2020,10:27:09,931.2,932.55,180,1063.5,420,0,270
EICHERMOT30JAN2020500CE.NFO,07/01/2020,10:27:12,931.2,931.3,180,1063.5,420,0,270
EICHERMOT30JAN2020500CE.NFO,07/01/2020,10:27:14,931.2,931.3,240,1063.5,420,0,270
EICHERMOT30JAN2020500CE.NFO,07/01/2020,10:27:16,931.2,934.65,90,1063.5,420,0,270
EICHERMOT30JAN2020500CE.NFO,07/01/2020,10:27:17,931.2,935.7,120,1063.5,420,0,270
EICHERMOT30JAN2020500CE.NFO,07/01/2020,10:27:23,931.2,937.5,60,1063.5,360,0,270
EICHERMOT30JAN2020500CE.NFO,07/01/2020,10:27:23,931.2,937.5,120,1063.5,360,0,270
EICHERMOT30JAN2020500CE.NFO,07/01/2020,10:27:24,931.2,937.5,180,1063.5,360,0,270
EICHERMOT30JAN2020500CE.NFO,07/01/2020,10:27:25,931.2,937.5,120,1063.5,360,0,270
EICHERMOT30JAN2020500CE.NFO,07/01/2020,10:27:27,931.2,937.5,180,1063.5,360,0,270
EICHERMOT30JAN2020500CE.NFO,07/01/2020,10:27:32,931.2,937.5,120,1063.5,360,0,270
EICHERMOT30JAN2020500CE.NFO,07/01/2020,10:27:34,931.2,937.5,180,1063.5,360,0,270
EICHERMOT30JAN2020500CE.NFO,07/01/2020,10:27:36,931.2,937.5,120,1063.5,360,0,270
EICHERMOT30JAN2020500CE.NFO,07/01/2020,10:27:39,931.2,937.5,180,1063.5,360,0,270
EICHERMOT30JAN2020500CE.NFO,07/01/2020,10:27:48,931.2,938.85,180,1063.5,360,0,270
EICHERMOT30JAN2020500CE.NFO,07/01/2020,10:27:48,931.2,938.85,120,1063.5,360,0,270
EICHERMOT30JAN2020500CE.NFO,07/01/2020,10:27:49,931.2,938.85,180,1063.5,360,0,270
EICHERMOT30JAN2020500CE.NFO,07/01/2020,10:27:51,931.2,938.85,120,1063.5,360,0,270
EICHERMOT30JAN2020500CE.NFO,07/01/2020,10:27:53,931.2,938.85,120,1063.5,420,0,270
EICHERMOT30JAN2020500CE.NFO,07/01/2020,10:27:57,931.2,938.85,180,1063.5,420,0,270
EICHERMOT30JAN2020500CE.NFO,07/01/2020,10:27:58,931.2,932.15,180,1063.5,420,0,270
EICHERMOT30JAN2020500CE.NFO,07/01/2020,10:27:59,931.2,936.1,150,1063.5,420,0,270
EICHERMOT30JAN2020500CE.NFO,07/01/2020,10:28:00,931.2,937.6,120,1063.5,420,0,270
EICHERMOT30JAN2020500CE.NFO,07/01/2020,10:28:02,931.2,937.6,180,1063.5,420,0,270
EICHERMOT30JAN2020500CE.NFO,07/01/2020,10:28:07,931.2,937.85,210,1063.5,420,0,270
EICHERMOT30JAN2020500CE.NFO,07/01/2020,10:28:07,931.2,939.3,60,1063.5,420,0,270
EICHERMOT30JAN2020500CE.NFO,07/01/2020,10:28:08,931.2,939.1,60,1063.5,420,0,270
EICHERMOT30JAN2020500CE.NFO,07/01/2020,10:28:09,931.2,939.1,120,1063.5,420,0,270
EICHERMOT30JAN2020500CE.NFO,07/01/2020,10:28:14,931.2,931.3,240,1063.5,420,0,270
EICHERMOT30JAN2020500CE.NFO,07/01/2020,10:28:18,931.2,931.4,180,1063.5,420,0,270
EICHERMOT30JAN2020500CE.NFO,07/01/2020,10:28:22,931.2,939.3,120,1063.5,420,0,270
EICHERMOT30JAN2020500CE.NFO,07/01/2020,10:28:26,931.2,939.4,120,1063.5,420,0,270
EICHERMOT30JAN2020500CE.NFO,07/01/2020,10:28:30,931.2,934.15,180,1063.5,420,0,270
EICHERMOT30JAN2020500CE.NFO,07/01/2020,10:28:51,931.2,935.55,180,1063.5,420,0,270
EICHERMOT30JAN2020500CE.NFO,07/01/2020,10:28:56,931.2,935.65,180,1063.5,420,0,270
EICHERMOT30JAN2020500CE.NFO,07/01/2020,10:29:03,931.2,936.35,180,1063.5,420,0,270
EICHERMOT30JAN2020500CE.NFO,07/01/2020,10:29:07,931.2,936.35,120,1063.5,420,0,270
EICHERMOT30JAN2020500CE.NFO,07/01/2020,10:29:09,931.2,937.05,120,1063.5,420,0,270
EICHERMOT30JAN2020500CE.NFO,07/01/2020,10:29:36,931.2,938.75,60,1063.5,420,0,270
EICHERMOT30JAN2020500CE.NFO,07/01/2020,10:29:40,931.2,936.9,120,1063.5,420,0,270
EICHERMOT30JAN2020500CE.NFO,07/01/2020,10:29:44,931.2,936.9,180,1063.5,420,0,270
EICHERMOT30JAN2020500CE.NFO,07/01/2020,10:29:47,931.2,937.9,120,1063.5,420,0,270
EICHERMOT30JAN2020500CE.NFO,07/01/2020,10:30:01,931.2,931.25,180,1063.5,420,0,270
EICHERMOT30JAN2020500CE.NFO,07/01/2020,10:30:19,931.2,931.25,60,1063.5,420,0,270
EICHERMOT30JAN2020500CE.NFO,07/01/2020,10:30:25,931.2,931.25,180,1063.5,420,0,270
EICHERMOT30JAN2020500CE.NFO,07/01/2020,10:30:28,931.2,931.25,120,1063.5,420,0,270
EICHERMOT30JAN2020500CE.NFO,07/01/2020,10:30:45,931.2,931.25,60,1063.5,420,0,270
EICHERMOT30JAN2020500CE.NFO,07/01/2020,10:31:40,931.2,931.25,120,1063.5,420,0,270
EICHERMOT30JAN2020500CE.NFO,07/01/2020,10:31:44,931.2,931.25,60,1063.5,420,0,270
EICHERMOT30JAN2020500CE.NFO,07/01/2020,10:31:59,931.2,931.25,120,1063.5,420,0,270
EICHERMOT30JAN2020500CE.NFO,07/01/2020,10:32:04,931.2,931.25,60,1063.5,420,0,270
EICHERMOT30JAN2020500CE.NFO,07/01/2020,10:32:34,931.2,932.7,120,1063.5,420,0,270
EICHERMOT30JAN2020500CE.NFO,07/01/2020,10:32:38,931.2,931.25,60,1063.5,420,0,270
EICHERMOT30JAN2020500CE.NFO,07/01/2020,10:32:45,931.2,911.95,240,1063.5,420,0,270
EICHERMOT30JAN2020500CE.NFO,07/01/2020,10:33:06,931.2,931.25,60,1063.5,420,0,270
EICHERMOT30JAN2020500CE.NFO,07/01/2020,10:34:18,931.2,931.25,120,1063.5,420,0,270
EICHERMOT30JAN2020500CE.NFO,07/01/2020,10:34:24,931.2,931.5,60,1063.5,420,0,270
EICHERMOT30JAN2020500CE.NFO,07/01/2020,10:34:27,931.2,934.1,240,1063.5,360,0,270
EICHERMOT30JAN2020500CE.NFO,07/01/2020,10:34:36,931.2,934.15,300,1063.5,360,0,270
EICHERMOT30JAN2020500CE.NFO,07/01/2020,10:34:38,931.2,934.5,240,1063.5,360,0,270
EICHERMOT30JAN2020500CE.NFO,07/01/2020,10:34:42,931.2,937.55,150,1071.35,150,0,270
EICHERMOT30JAN2020500CE.NFO,07/01/2020,10:34:46,931.2,939.6,420,1068.1,240,0,270
EICHERMOT30JAN2020500CE.NFO,07/01/2020,10:34:53,931.2,940.5,300,1068.1,300,0,270
EICHERMOT30JAN2020500CE.NFO,07/01/2020,10:34:57,931.2,940.9,390,1068.1,300,0,270
EICHERMOT30JAN2020500CE.NFO,07/01/2020,10:35:02,931.2,941,300,1068.1,300,0,270
EICHERMOT30JAN2020500CE.NFO,07/01/2020,10:35:05,931.2,946.4,300,1068.1,300,0,270
EICHERMOT30JAN2020500CE.NFO,07/01/2020,10:35:07,931.2,948.1,180,1068.1,300,0,270
EICHERMOT30JAN2020500CE.NFO,07/01/2020,10:35:10,931.2,948.1,180,1068.1,240,0,270
EICHERMOT30JAN2020500CE.NFO,07/01/2020,10:35:12,931.2,948.1,240,1068.1,240,0,270
EICHERMOT30JAN2020500CE.NFO,07/01/2020,10:35:13,931.2,949.3,150,1068.1,240,0,270
EICHERMOT30JAN2020500CE.NFO,07/01/2020,10:35:14,931.2,949.55,180,1068.1,300,0,270
EICHERMOT30JAN2020500CE.NFO,07/01/2020,10:35:18,931.2,949.55,240,1068.1,300,0,270
EICHERMOT30JAN2020500CE.NFO,07/01/2020,10:35:20,931.2,949.55,180,1068.1,300,0,270
EICHERMOT30JAN2020500CE.NFO,07/01/2020,10:35:21,931.2,949.55,180,1068.1,240,0,270
EICHERMOT30JAN2020500CE.NFO,07/01/2020,10:35:24,931.2,949.55,180,1068.1,300,0,270
EICHERMOT30JAN2020500CE.NFO,07/01/2020,10:35:25,931.2,949.55,180,1068.1,240,0,270
EICHERMOT30JAN2020500CE.NFO,07/01/2020,10:35:26,931.2,949.55,180,1068.1,300,0,270
EICHERMOT30JAN2020500CE.NFO,07/01/2020,10:35:27,931.2,949.55,180,1077.6,30,0,270
EICHERMOT30JAN2020500CE.NFO,07/01/2020,10:35:27,931.2,949.55,180,1077.1,210,0,270
EICHERMOT30JAN2020500CE.NFO,07/01/2020,10:35:28,931.2,949.55,120,1076.1,270,0,270
EICHERMOT30JAN2020500CE.NFO,07/01/2020,10:35:31,931.2,949.55,120,1076,150,0,270
EICHERMOT30JAN2020500CE.NFO,07/01/2020,10:35:32,931.2,949.55,120,1074.75,210,0,270
EICHERMOT30JAN2020500CE.NFO,07/01/2020,10:35:33,931.2,949.55,120,1074.75,270,0,270
EICHERMOT30JAN2020500CE.NFO,07/01/2020,10:35:34,931.2,949.55,120,1074.65,270,0,270
EICHERMOT30JAN2020500CE.NFO,07/01/2020,10:35:38,931.2,949.6,180,1074.65,270,0,270
EICHERMOT30JAN2020500CE.NFO,07/01/2020,10:35:40,931.2,949.6,300,1074.65,270,0,270
EICHERMOT30JAN2020500CE.NFO,07/01/2020,10:35:41,931.2,949.6,240,1074.65,270,0,270
EICHERMOT30JAN2020500CE.NFO,07/01/2020,10:35:42,931.2,949.6,180,1074.65,270,0,270
EICHERMOT30JAN2020500CE.NFO,07/01/2020,10:35:45,931.2,949.6,180,1074.45,270,0,270
EICHERMOT30JAN2020500CE.NFO,07/01/2020,10:35:47,931.2,949.6,180,1074.4,210,0,270
EICHERMOT30JAN2020500CE.NFO,07/01/2020,10:35:47,931.2,949.6,180,1073.65,150,0,270
EICHERMOT30JAN2020500CE.NFO,07/01/2020,10:35:48,931.2,949.6,180,1072.35,270,0,270
EICHERMOT30JAN2020500CE.NFO,07/01/2020,10:35:49,931.2,949.6,180,1071.75,270,0,270
EICHERMOT30JAN2020500CE.NFO,07/01/2020,10:35:52,931.2,949.6,180,1071.55,270,0,270
EICHERMOT30JAN2020500CE.NFO,07/01/2020,10:35:52,931.2,949.6,180,1071.35,270,0,270
EICHERMOT30JAN2020500CE.NFO,07/01/2020,10:35:54,931.2,949.6,240,1071.35,270,0,270
EICHERMOT30JAN2020500CE.NFO,07/01/2020,10:35:55,931.2,949.6,300,1071.35,270,0,270
EICHERMOT30JAN2020500CE.NFO,07/01/2020,10:35:56,931.2,949.6,240,1071.05,300,0,270
EICHERMOT30JAN2020500CE.NFO,07/01/2020,10:35:58,931.2,949.6,180,1070.95,270,0,270
EICHERMOT30JAN2020500CE.NFO,07/01/2020,10:35:59,931.2,949.6,180,1070.95,210,0,270
EICHERMOT30JAN2020500CE.NFO,07/01/2020,10:36:00,931.2,949.6,180,1070.95,270,0,270
EICHERMOT30JAN2020500CE.NFO,07/01/2020,10:36:01,931.2,949.6,180,1070.75,270,0,270
EICHERMOT30JAN2020500CE.NFO,07/01/2020,10:36:02,931.2,949.6,180,1070.65,210,0,270
EICHERMOT30JAN2020500CE.NFO,07/01/2020,10:36:04,931.2,949.6,180,1070.65,270,0,270
EICHERMOT30JAN2020500CE.NFO,07/01/2020,10:36:11,931.2,949.6,180,1070.6,30,0,270
EICHERMOT30JAN2020500CE.NFO,07/01/2020,10:36:11,931.2,949.6,180,1070.35,150,0,270
EICHERMOT30JAN2020500CE.NFO,07/01/2020,10:36:15,931.2,949.6,180,1070.25,270,0,270
EICHERMOT30JAN2020500CE.NFO,07/01/2020,10:36:18,931.2,949.6,180,1070.25,210,0,270
EICHERMOT30JAN2020500CE.NFO,07/01/2020,10:36:23,931.2,949.6,240,1070.25,210,0,270
EICHERMOT30JAN2020500CE.NFO,07/01/2020,10:36:32,931.2,949.6,300,1070.15,210,0,270
EICHERMOT30JAN2020500CE.NFO,07/01/2020,10:36:34,931.2,949.6,180,1070.05,270,0,270
EICHERMOT30JAN2020500CE.NFO,07/01/2020,10:36:36,931.2,949.6,180,1069.95,270,0,270
EICHERMOT30JAN2020500CE.NFO,07/01/2020,10:36:38,931.2,949.6,180,1068.75,210,0,270
EICHERMOT30JAN2020500CE.NFO,07/01/2020,10:36:48,931.2,949.6,180,1068.15,210,0,270
EICHERMOT30JAN2020500CE.NFO,07/01/2020,10:36:50,931.2,949.6,180,1068.05,210,0,270
EICHERMOT30JAN2020500CE.NFO,07/01/2020,10:36:51,931.2,949.6,180,1068,210,0,270
EICHERMOT30JAN2020500CE.NFO,07/01/2020,10:36:55,931.2,949.6,180,1067.2,210,0,270
EICHERMOT30JAN2020500CE.NFO,07/01/2020,10:36:57,931.2,949.6,180,1063.25,30,0,270
EICHERMOT30JAN2020500CE.NFO,07/01/2020,10:36:59,931.2,949.6,180,1065.25,90,0,270
EICHERMOT30JAN2020500CE.NFO,07/01/2020,10:37:01,931.2,949.6,180,1065.35,30,0,270
EICHERMOT30JAN2020500CE.NFO,07/01/2020,10:37:03,931.2,949.6,120,1062.25,90,0,270
EICHERMOT30JAN2020500CE.NFO,07/01/2020,10:37:06,931.2,949.6,180,1065.25,90,0,270
EICHERMOT30JAN2020500CE.NFO,07/01/2020,10:37:09,931.2,949.6,180,1065.7,90,0,270
EICHERMOT30JAN2020500CE.NFO,07/01/2020,10:37:12,931.2,949.6,180,1067.65,150,0,270
EICHERMOT30JAN2020500CE.NFO,07/01/2020,10:37:12,931.2,949.6,180,1067.1,240,0,270
EICHERMOT30JAN2020500CE.NFO,07/01/2020,10:37:13,931.2,949.6,120,1067.1,240,0,270
EICHERMOT30JAN2020500CE.NFO,07/01/2020,10:37:14,931.2,949.6,180,1067.1,240,0,270
EICHERMOT30JAN2020500CE.NFO,07/01/2020,10:37:17,931.2,911.95,300,1067.1,300,0,270
EICHERMOT30JAN2020500CE.NFO,07/01/2020,10:37:20,931.2,931.25,300,1067.1,300,0,270
EICHERMOT30JAN2020500CE.NFO,07/01/2020,10:37:26,931.2,931.25,300,1067.1,360,0,270
EICHERMOT30JAN2020500CE.NFO,07/01/2020,10:37:31,931.2,931.25,300,1067.1,420,0,270
EICHERMOT30JAN2020500CE.NFO,07/01/2020,10:37:54,931.2,931.25,300,1067.1,300,0,270
EICHERMOT30JAN2020500CE.NFO,07/01/2020,10:37:55,931.2,931.25,300,1067.1,360,0,270
EICHERMOT30JAN2020500CE.NFO,07/01/2020,10:38:06,931.2,931.25,300,1067.1,300,0,270
EICHERMOT30JAN2020500CE.NFO,07/01/2020,10:38:07,931.2,931.25,300,1067.1,360,0,270
EICHERMOT30JAN2020500CE.NFO,07/01/2020,10:38:08,931.2,931.25,300,1067.1,420,0,270
EICHERMOT30JAN2020500CE.NFO,07/01/2020,10:38:12,931.2,931.25,300,1067.1,360,0,270
EICHERMOT30JAN2020500CE.NFO,07/01/2020,10:38:14,931.2,932.6,330,1067.1,360,0,270
EICHERMOT30JAN2020500CE.NFO,07/01/2020,10:38:16,931.2,935.05,300,1067.1,420,0,270
EICHERMOT30JAN2020500CE.NFO,07/01/2020,10:38:46,931.2,935.05,120,1067.1,420,0,270
EICHERMOT30JAN2020500CE.NFO,07/01/2020,10:38:48,931.2,935.1,180,1067.1,420,0,270
EICHERMOT30JAN2020500CE.NFO,07/01/2020,10:39:12,931.2,935.15,180,1067.1,420,0,270
EICHERMOT30JAN2020500CE.NFO,07/01/2020,10:39:37,931.2,935.15,120,1067.1,420,0,270
EICHERMOT30JAN2020500CE.NFO,07/01/2020,10:39:39,931.2,935.15,180,1067.1,420,0,270
EICHERMOT30JAN2020500CE.NFO,07/01/2020,10:39:45,931.2,911.95,240,1067.1,420,0,270
EICHERMOT30JAN2020500CE.NFO,07/01/2020,10:39:48,931.2,887.9,240,1042.7,360,0,270
EICHERMOT30JAN2020500CE.NFO,07/01/2020,10:39:51,931.2,887.95,240,1042.7,420,0,270
EICHERMOT30JAN2020500CE.NFO,07/01/2020,10:40:25,931.2,931.25,60,1042.7,210,0,270
EICHERMOT30JAN2020500CE.NFO,07/01/2020,10:40:27,931.2,888,300,1039.35,30,0,270
EICHERMOT30JAN2020500CE.NFO,07/01/2020,10:40:30,931.2,888,300,1031,30,0,270
EICHERMOT30JAN2020500CE.NFO,07/01/2020,10:40:32,931.2,888,240,1032.7,150,0,270
EICHERMOT30JAN2020500CE.NFO,07/01/2020,10:40:34,931.2,888,240,1031.5,210,0,270
EICHERMOT30JAN2020500CE.NFO,07/01/2020,10:40:36,931.2,888,300,1029.55,30,0,270
EICHERMOT30JAN2020500CE.NFO,07/01/2020,10:40:38,931.2,888,240,1060.75,420,0,270
EICHERMOT30JAN2020500CE.NFO,07/01/2020,10:40:40,931.2,888,300,1060.75,420,0,270
EICHERMOT30JAN2020500CE.NFO,07/01/2020,10:40:51,931.2,888.15,330,1060.75,420,0,270
EICHERMOT30JAN2020500CE.NFO,07/01/2020,10:41:12,931.2,888.15,330,1060.75,330,0,270
EICHERMOT30JAN2020500CE.NFO,07/01/2020,10:41:25,931.2,888.15,390,1060.75,390,0,270
EICHERMOT30JAN2020500CE.NFO,07/01/2020,10:41:26,931.2,888.2,330,1060.75,390,0,270
EICHERMOT30JAN2020500CE.NFO,07/01/2020,10:41:27,931.2,888.2,390,1060.75,390,0,270
EICHERMOT30JAN2020500CE.NFO,07/01/2020,10:41:30,931.2,888.25,390,1060.75,390,0,270
EICHERMOT30JAN2020500CE.NFO,07/01/2020,10:41:53,931.2,888.25,300,1060.75,390,0,270
EICHERMOT30JAN2020500CE.NFO,07/01/2020,10:41:54,931.2,888.3,300,1060.75,390,0,270
EICHERMOT30JAN2020500CE.NFO,07/01/2020,10:41:57,931.2,888.35,330,1060.75,390,0,270
EICHERMOT30JAN2020500CE.NFO,07/01/2020,10:42:04,931.2,888.35,300,1060.75,390,0,270
EICHERMOT30JAN2020500CE.NFO,07/01/2020,10:43:28,931.2,889.25,360,1030.75,300,0,270
EICHERMOT30JAN2020500CE.NFO,07/01/2020,10:43:31,931.2,889.25,420,1030.75,300,0,270
EICHERMOT30JAN2020500CE.NFO,07/01/2020,10:44:12,931.2,889.25,420,1030.75,240,0,270
EICHERMOT30JAN2020500CE.NFO,07/01/2020,10:44:15,931.2,889.25,420,1030.75,300,0,270
EICHERMOT30JAN2020500CE.NFO,07/01/2020,10:44:22,931.2,890.4,270,1029.55,30,0,270
EICHERMOT30JAN2020500CE.NFO,07/01/2020,10:44:24,931.2,896.3,210,1022.15,90,0,270
EICHERMOT30JAN2020500CE.NFO,07/01/2020,10:44:25,931.2,898.1,90,1017.25,90,0,270
EICHERMOT30JAN2020500CE.NFO,07/01/2020,10:44:26,931.2,899.9,390,1015.4,90,0,270
EICHERMOT30JAN2020500CE.NFO,07/01/2020,10:44:27,931.2,901.85,210,1013.5,90,0,270
EICHERMOT30JAN2020500CE.NFO,07/01/2020,10:44:27,931.2,902.75,330,1011.85,30,0,270
EICHERMOT30JAN2020500CE.NFO,07/01/2020,10:44:29,931.2,902.75,330,1016.35,90,0,270
EICHERMOT30JAN2020500CE.NFO,07/01/2020,10:44:30,931.2,902.75,330,1015.75,90,0,270
EICHERMOT30JAN2020500CE.NFO,07/01/2020,10:44:31,931.2,902.75,330,1018.8,30,0,270
EICHERMOT30JAN2020500CE.NFO,07/01/2020,10:44:31,931.2,902.75,330,1017.6,120,0,270
EICHERMOT30JAN2020500CE.NFO,07/01/2020,10:44:32,931.2,902.9,330,1017.6,120,0,270
EICHERMOT30JAN2020500CE.NFO,07/01/2020,10:44:33,931.2,905.75,150,1017.6,120,0,270
EICHERMOT30JAN2020500CE.NFO,07/01/2020,10:44:34,931.2,905.75,330,1017.6,120,0,270
EICHERMOT30JAN2020500CE.NFO,07/01/2020,10:44:48,931.2,905.8,210,1017.6,120,0,270
EICHERMOT30JAN2020500CE.NFO,07/01/2020,10:44:49,931.2,906.05,120,1011.9,30,0,270
EICHERMOT30JAN2020500CE.NFO,07/01/2020,10:44:50,931.2,906.05,180,1007.4,30,0,270
EICHERMOT30JAN2020500CE.NFO,07/01/2020,10:44:51,931.2,906.05,120,1052,270,0,270
EICHERMOT30JAN2020500CE.NFO,07/01/2020,10:44:52,931.2,906.05,120,1052,510,0,270
EICHERMOT30JAN2020500CE.NFO,07/01/2020,10:44:56,931.2,906.05,180,1052,510,0,270
EICHERMOT30JAN2020500CE.NFO,07/01/2020,10:44:57,931.2,906.05,120,1052,510,0,270
EICHERMOT30JAN2020500CE.NFO,07/01/2020,10:45:11,931.2,866.55,420,1052,510,0,270
EICHERMOT30JAN2020500CE.NFO,07/01/2020,10:45:12,931.2,871,210,1052,510,0,270
EICHERMOT30JAN2020500CE.NFO,07/01/2020,10:45:12,931.2,872.35,300,1052,510,0,270
EICHERMOT30JAN2020500CE.NFO,07/01/2020,10:45:13,931.2,878.55,210,1052,510,0,270
EICHERMOT30JAN2020500CE.NFO,07/01/2020,10:45:14,931.2,887.85,270,1052,510,0,270
EICHERMOT30JAN2020500CE.NFO,07/01/2020,10:45:15,931.2,891.1,210,1052,510,0,270
EICHERMOT30JAN2020500CE.NFO,07/01/2020,10:45:16,931.2,893.6,270,1052,510,0,270
EICHERMOT30JAN2020500CE.NFO,07/01/2020,10:45:17,931.2,893.6,330,1052,510,0,270
EICHERMOT30JAN2020500CE.NFO,07/01/2020,10:45:19,931.2,894,330,1052,510,0,270
EICHERMOT30JAN2020500CE.NFO,07/01/2020,10:45:21,931.2,894.3,330,1052,510,0,270
EICHERMOT30JAN2020500CE.NFO,07/01/2020,10:45:22,931.2,894.5,330,1052,510,0,270
EICHERMOT30JAN2020500CE.NFO,07/01/2020,10:45:23,931.2,894.6,330,1052,510,0,270
EICHERMOT30JAN2020500CE.NFO,07/01/2020,10:45:23,931.2,894.8,330,1052,510,0,270
EICHERMOT30JAN2020500CE.NFO,07/01/2020,10:45:24,931.2,895.4,330,1052,510,0,270
EICHERMOT30JAN2020500CE.NFO,07/01/2020,10:45:25,931.2,895.6,330,1052,510,0,270
EICHERMOT30JAN2020500CE.NFO,07/01/2020,10:45:26,931.2,895.8,270,1052,510,0,270
EICHERMOT30JAN2020500CE.NFO,07/01/2020,10:45:28,931.2,895.8,330,1052,510,0,270
EICHERMOT30JAN2020500CE.NFO,07/01/2020,10:45:41,931.2,897.3,270,1052,510,0,270
EICHERMOT30JAN2020500CE.NFO,07/01/2020,10:45:42,931.2,897.3,330,1052,510,0,270
EICHERMOT30JAN2020500CE.NFO,07/01/2020,10:45:43,931.2,897.35,390,1052,510,0,270
EICHERMOT30JAN2020500CE.NFO,07/01/2020,10:45:44,931.2,899.1,330,1052,510,0,270
EICHERMOT30JAN2020500CE.NFO,07/01/2020,10:45:45,931.2,899.2,330,1052,510,0,270
EICHERMOT30JAN2020500CE.NFO,07/01/2020,10:45:56,931.2,899.2,270,1052,510,0,270
EICHERMOT30JAN2020500CE.NFO,07/01/2020,10:45:57,931.2,899.2,330,1052,510,0,270
EICHERMOT30JAN2020500CE.NFO,07/01/2020,10:46:00,931.2,899.2,210,1052,510,0,270
EICHERMOT30JAN2020500CE.NFO,07/01/2020,10:46:03,931.2,899.9,210,1052,510,0,270
EICHERMOT30JAN2020500CE.NFO,07/01/2020,10:46:03,931.2,899.9,150,1052,510,0,270
EICHERMOT30JAN2020500CE.NFO,07/01/2020,10:46:18,931.2,899.9,330,1052,510,0,270
EICHERMOT30JAN2020500CE.NFO,07/01/2020,10:46:19,931.2,899.9,210,1052,510,0,270
EICHERMOT30JAN2020500CE.NFO,07/01/2020,10:46:21,931.2,899.9,270,1052,510,0,270
EICHERMOT30JAN2020500CE.NFO,07/01/2020,10:46:21,931.2,899.9,330,1052,510,0,270
EICHERMOT30JAN2020500CE.NFO,07/01/2020,10:46:33,931.2,899.9,210,1052,510,0,270
EICHERMOT30JAN2020500CE.NFO,07/01/2020,10:46:42,931.2,899.9,330,1052,510,0,270
EICHERMOT30JAN2020500CE.NFO,07/01/2020,10:46:44,931.2,900.55,420,1052,510,0,270
EICHERMOT30JAN2020500CE.NFO,07/01/2020,10:46:44,931.2,900.55,300,1052,510,0,270
EICHERMOT30JAN2020500CE.NFO,07/01/2020,10:46:52,931.2,900.55,420,1052,510,0,270
EICHERMOT30JAN2020500CE.NFO,07/01/2020,10:47:10,931.2,901.35,210,1052,510,0,270
EICHERMOT30JAN2020500CE.NFO,07/01/2020,10:47:11,931.2,902.55,210,1052,510,0,270
EICHERMOT30JAN2020500CE.NFO,07/01/2020,10:47:12,931.2,905.25,330,1052,510,0,270
EICHERMOT30JAN2020500CE.NFO,07/01/2020,10:47:13,931.2,905.6,420,1052,510,0,270
EICHERMOT30JAN2020500CE.NFO,07/01/2020,10:47:21,931.2,857.5,90,1025.45,510,0,270
EICHERMOT30JAN2020500CE.NFO,07/01/2020,10:47:25,931.2,857.5,390,1025.45,510,0,270
EICHERMOT30JAN2020500CE.NFO,07/01/2020,10:47:28,931.2,859.6,270,1025.45,510,0,270
EICHERMOT30JAN2020500CE.NFO,07/01/2020,10:47:31,931.2,864.85,30,1025.45,510,0,270
EICHERMOT30JAN2020500CE.NFO,07/01/2020,10:47:33,931.2,873.25,420,1025.45,510,0,270
EICHERMOT30JAN2020500CE.NFO,07/01/2020,10:47:35,931.2,876.45,330,1025.45,510,0,270
EICHERMOT30JAN2020500CE.NFO,07/01/2020,10:47:37,931.2,878.3,420,1025.45,510,0,270
EICHERMOT30JAN2020500CE.NFO,07/01/2020,10:47:40,931.2,880.8,30,1025.45,510,0,270
EICHERMOT30JAN2020500CE.NFO,07/01/2020,10:47:43,931.2,886.9,150,1025.45,510,0,270
EICHERMOT30JAN2020500CE.NFO,07/01/2020,10:47:45,931.2,887.05,90,1025.45,510,0,270
EICHERMOT30JAN2020500CE.NFO,07/01/2020,10:47:48,931.2,887.05,150,1025.45,510,0,270
EICHERMOT30JAN2020500CE.NFO,07/01/2020,10:47:56,931.2,890.65,30,1006.65,420,0,270
EICHERMOT30JAN2020500CE.NFO,07/01/2020,10:47:59,931.2,891.55,120,1006.65,420,0,270
EICHERMOT30JAN2020500CE.NFO,07/01/2020,10:48:01,931.2,887.65,150,1006.65,420,0,270
EICHERMOT30JAN2020500CE.NFO,07/01/2020,10:48:03,931.2,891.15,30,1004.25,210,0,270
EICHERMOT30JAN2020500CE.NFO,07/01/2020,10:48:07,931.2,863.15,300,997.05,30,0,270
EICHERMOT30JAN2020500CE.NFO,07/01/2020,10:48:11,931.2,880,510,994.65,30,0,270
EICHERMOT30JAN2020500CE.NFO,07/01/2020,10:48:18,931.2,880,510,994.45,30,0,270
EICHERMOT30JAN2020500CE.NFO,07/01/2020,10:48:19,931.2,880,510,993.85,30,0,270
EICHERMOT30JAN2020500CE.NFO,07/01/2020,10:48:20,931.2,880,510,992.65,30,0,270
EICHERMOT30JAN2020500CE.NFO,07/01/2020,10:48:35,931.2,880,390,1035.6,360,0,270
EICHERMOT30JAN2020500CE.NFO,07/01/2020,10:48:36,931.2,880,390,1029.35,150,0,270
EICHERMOT30JAN2020500CE.NFO,07/01/2020,10:48:37,931.2,880,390,1027.1,390,0,270
EICHERMOT30JAN2020500CE.NFO,07/01/2020,10:48:38,931.2,880,390,1019.95,30,0,270
EICHERMOT30JAN2020500CE.NFO,07/01/2020,10:48:39,931.2,880,390,1013.9,180,0,270
EICHERMOT30JAN2020500CE.NFO,07/01/2020,10:48:40,931.2,880,390,1013.4,510,0,270
EICHERMOT30JAN2020500CE.NFO,07/01/2020,10:48:41,931.2,880,510,1013.4,510,0,270
EICHERMOT30JAN2020500CE.NFO,07/01/2020,10:48:43,931.2,880,390,1013.4,510,0,270
EICHERMOT30JAN2020500CE.NFO,07/01/2020,10:48:47,931.2,880,330,1013.4,510,0,270
EICHERMOT30JAN2020500CE.NFO,07/01/2020,10:48:48,931.2,880,390,1013.4,510,0,270
EICHERMOT30JAN2020500CE.NFO,07/01/2020,10:48:50,931.2,880,330,1013.4,510,0,270
EICHERMOT30JAN2020500CE.NFO,07/01/2020,10:48:56,931.2,880,270,1013.4,510,0,270
EICHERMOT30JAN2020500CE.NFO,07/01/2020,10:48:56,931.2,880,210,1013.4,360,0,270
EICHERMOT30JAN2020500CE.NFO,07/01/2020,10:48:57,931.2,880,210,1010.2,90,0,270
EICHERMOT30JAN2020500CE.NFO,07/01/2020,10:48:59,931.2,880,210,1003.85,270,0,270
EICHERMOT30JAN2020500CE.NFO,07/01/2020,10:49:00,931.2,880,210,1003.85,420,0,270
EICHERMOT30JAN2020500CE.NFO,07/01/2020,10:49:02,931.2,880.4,240,1003.85,360,0,270
EICHERMOT30JAN2020500CE.NFO,07/01/2020,10:49:02,931.2,881.2,210,1003.85,360,0,270
EICHERMOT30JAN2020500CE.NFO,07/01/2020,10:49:03,931.2,881.5,270,1003.85,360,0,270
EICHERMOT30JAN2020500CE.NFO,07/01/2020,10:49:04,931.2,882.4,270,1001.45,30,0,270
EICHERMOT30JAN2020500CE.NFO,07/01/2020,10:49:06,931.2,883.7,210,1000.2,270,0,270
EICHERMOT30JAN2020500CE.NFO,07/01/2020,10:49:06,931.2,884.95,90,999.25,150,0,270
EICHERMOT30JAN2020500CE.NFO,07/01/2020,10:49:07,931.2,887.9,90,998.15,90,0,270
EICHERMOT30JAN2020500CE.NFO,07/01/2020,10:49:09,931.2,887.9,90,997.85,30,0,270
EICHERMOT30JAN2020500CE.NFO,07/01/2020,10:49:09,931.2,887.9,90,996.4,90,0,270
EICHERMOT30JAN2020500CE.NFO,07/01/2020,10:49:10,931.2,887.9,90,994.1,90,0,270
EICHERMOT30JAN2020500CE.NFO,07/01/2020,10:49:11,931.2,887.9,90,996.4,90,0,270
EICHERMOT30JAN2020500CE.NFO,07/01/2020,10:49:12,931.2,887.9,90,995.05,30,0,270
EICHERMOT30JAN2020500CE.NFO,07/01/2020,10:49:13,931.2,887.9,60,993.95,30,0,270
EICHERMOT30JAN2020500CE.NFO,07/01/2020,10:49:14,931.2,855.1,180,997.05,120,0,270
EICHERMOT30JAN2020500CE.NFO,07/01/2020,10:49:16,931.2,859,90,996.6,90,0,270
EICHERMOT30JAN2020500CE.NFO,07/01/2020,10:49:17,931.2,862.75,210,995.7,30,0,270
EICHERMOT30JAN2020500CE.NFO,07/01/2020,10:49:18,931.2,866.25,150,994.7,30,0,270
EICHERMOT30JAN2020500CE.NFO,07/01/2020,10:49:19,931.2,867.35,240,993.8,30,0,270
EICHERMOT30JAN2020500CE.NFO,07/01/2020,10:49:20,931.2,869.15,360,992.9,30,0,270
EICHERMOT30JAN2020500CE.NFO,07/01/2020,10:49:21,931.2,872.35,270,991.5,30,0,270
EICHERMOT30JAN2020500CE.NFO,07/01/2020,10:49:21,931.2,872.6,210,991.3,30,0,270
EICHERMOT30JAN2020500CE.NFO,07/01/2020,10:49:22,931.2,874.4,270,1033.2,270,0,270
EICHERMOT30JAN2020500CE.NFO,07/01/2020,10:49:23,931.2,876.5,330,1028.75,300,0,270
EICHERMOT30JAN2020500CE.NFO,07/01/2020,10:49:24,931.2,877.95,300,1024.65,90,0,270
EICHERMOT30JAN2020500CE.NFO,07/01/2020,10:49:26,931.2,877.95,300,1020.15,90,0,270
EICHERMOT30JAN2020500CE.NFO,07/01/2020,10:49:27,931.2,877.95,270,1016.1,360,0,270
EICHERMOT30JAN2020500CE.NFO,07/01/2020,10:49:28,931.2,878.45,210,1010.9,150,0,270
EICHERMOT30JAN2020500CE.NFO,07/01/2020,10:49:29,931.2,880.75,210,1007.25,330,0,270
EICHERMOT30JAN2020500CE.NFO,07/01/2020,10:49:29,931.2,881.05,150,1007,480,0,270
EICHERMOT30JAN2020500CE.NFO,07/01/2020,10:49:30,931.2,884.2,150,1004.35,270,0,270
EICHERMOT30JAN2020500CE.NFO,07/01/2020,10:49:31,931.2,885,150,1000.75,270,0,270
EICHERMOT30JAN2020500CE.NFO,07/01/2020,10:49:32,931.2,886.1,150,998.15,30,0,270
EICHERMOT30JAN2020500CE.NFO,07/01/2020,10:49:33,931.2,886.1,150,995.75,30,0,270
EICHERMOT30JAN2020500CE.NFO,07/01/2020,10:49:34,931.2,886.1,90,993.35,30,0,270
EICHERMOT30JAN2020500CE.NFO,07/01/2020,10:49:36,931.2,886.1,150,992.15,30,0,270
EICHERMOT30JAN2020500CE.NFO,07/01/2020,10:49:37,931.2,886.1,210,992.15,30,0,270
EICHERMOT30JAN2020500CE.NFO,07/01/2020,10:49:38,931.2,886.1,150,992.15,30,0,270
EICHERMOT30JAN2020500CE.NFO,07/01/2020,10:49:40,931.2,886.1,210,992.15,30,0,270
EICHERMOT30JAN2020500CE.NFO,07/01/2020,10:49:41,931.2,886.1,210,990.6,90,0,270
EICHERMOT30JAN2020500CE.NFO,07/01/2020,10:49:41,931.2,886.1,210,990.35,30,0,270
EICHERMOT30JAN2020500CE.NFO,07/01/2020,10:49:42,931.2,886.2,210,989.65,30,0,270
EICHERMOT30JAN2020500CE.NFO,07/01/2020,10:49:43,931.2,886.2,90,989.65,30,0,270
EICHERMOT30JAN2020500CE.NFO,07/01/2020,10:49:46,931.2,851.65,390,989.65,30,0,270
EICHERMOT30JAN2020500CE.NFO,07/01/2020,10:49:47,931.2,857.25,120,997.8,240,0,270
EICHERMOT30JAN2020500CE.NFO,07/01/2020,10:49:48,931.2,862.7,60,997.7,240,0,270
EICHERMOT30JAN2020500CE.NFO,07/01/2020,10:49:49,931.2,865.2,30,997.65,270,0,270
EICHERMOT30JAN2020500CE.NFO,07/01/2020,10:49:50,931.2,867,270,996.95,270,0,270
EICHERMOT30JAN2020500CE.NFO,07/01/2020,10:49:51,931.2,869.95,360,996.05,270,0,270
EICHERMOT30JAN2020500CE.NFO,07/01/2020,10:49:52,931.2,872.65,150,995.05,210,0,270
EICHERMOT30JAN2020500CE.NFO,07/01/2020,10:49:53,931.2,873.65,210,994.05,30,0,270
EICHERMOT30JAN2020500CE.NFO,07/01/2020,10:49:54,931.2,874.75,90,992.95,30,0,270
EICHERMOT30JAN2020500CE.NFO,07/01/2020,10:49:55,931.2,875.1,420,991.85,90,0,270
EICHERMOT30JAN2020500CE.NFO,07/01/2020,10:49:56,931.2,875.1,420,991.25,30,0,270
EICHERMOT30JAN2020500CE.NFO,07/01/2020,10:49:57,931.2,875.2,420,990,90,0,270
EICHERMOT30JAN2020500CE.NFO,07/01/2020,10:49:57,931.2,875.2,420,989.9,90,0,270
EICHERMOT30JAN2020500CE.NFO,07/01/2020,10:49:58,931.2,875.2,540,988.3,90,0,270
EICHERMOT30JAN2020500CE.NFO,07/01/2020,10:49:59,931.2,875.2,420,992,210,0,270
EICHERMOT30JAN2020500CE.NFO,07/01/2020,10:50:00,931.2,875.2,420,990.25,150,0,270
EICHERMOT30JAN2020500CE.NFO,07/01/2020,10:50:01,931.2,875.2,420,988.45,90,0,270
EICHERMOT30JAN2020500CE.NFO,07/01/2020,10:50:02,931.2,875.2,420,987.55,90,0,270
EICHERMOT30JAN2020500CE.NFO,07/01/2020,10:50:04,931.2,875.2,420,990.2,90,0,270
EICHERMOT30JAN2020500CE.NFO,07/01/2020,10:50:05,931.2,875.2,540,989.2,30,0,270
EICHERMOT30JAN2020500CE.NFO,07/01/2020,10:50:06,931.2,876.35,270,1006.7,420,0,270
EICHERMOT30JAN2020500CE.NFO,07/01/2020,10:50:07,931.2,877.95,270,1005.6,210,0,270
EICHERMOT30JAN2020500CE.NFO,07/01/2020,10:50:08,931.2,880.45,150,1003.2,150,0,270
EICHERMOT30JAN2020500CE.NFO,07/01/2020,10:50:08,931.2,880.75,270,1002.95,210,0,270
EICHERMOT30JAN2020500CE.NFO,07/01/2020,10:50:09,931.2,883.7,360,1002.9,240,0,270
EICHERMOT30JAN2020500CE.NFO,07/01/2020,10:50:10,931.2,883.7,570,1002.9,240,0,270
EICHERMOT30JAN2020500CE.NFO,07/01/2020,10:50:11,931.2,883.95,150,1002.9,180,0,270
EICHERMOT30JAN2020500CE.NFO,07/01/2020,10:50:13,931.2,886.25,60,1002.9,180,0,270
EICHERMOT30JAN2020500CE.NFO,07/01/2020,10:50:13,931.2,886.3,420,1002.9,180,0,270
EICHERMOT30JAN2020500CE.NFO,07/01/2020,10:50:14,931.2,886.3,480,1002.9,180,0,270
EICHERMOT30JAN2020500CE.NFO,07/01/2020,10:50:16,931.2,888.15,90,1002.9,120,0,270
EICHERMOT30JAN2020500CE.NFO,07/01/2020,10:50:17,931.2,890.2,90,1002.9,120,0,270
EICHERMOT30JAN2020500CE.NFO,07/01/2020,10:50:18,931.2,891.05,210,1002.9,120,0,270
EICHERMOT30JAN2020500CE.NFO,07/01/2020,10:50:19,931.2,891.05,270,1002.9,120,0,270
EICHERMOT30JAN2020500CE.NFO,07/01/2020,10:50:23,931.2,891.05,330,1002.9,120,0,270
EICHERMOT30JAN2020500CE.NFO,07/01/2020,10:50:25,931.2,891.05,270,1002.9,120,0,270
EICHERMOT30JAN2020500CE.NFO,07/01/2020,10:50:26,931.2,891.15,360,1002.9,120,0,270
EICHERMOT30JAN2020500CE.NFO,07/01/2020,10:50:27,931.2,891.65,270,1002.9,120,0,270
EICHERMOT30JAN2020500CE.NFO,07/01/2020,10:50:28,931.2,893.75,150,1002.9,120,0,270
EICHERMOT30JAN2020500CE.NFO,07/01/2020,10:50:29,931.2,894.95,120,1002.9,120,0,270
EICHERMOT30JAN2020500CE.NFO,07/01/2020,10:50:30,931.2,896,30,1002.9,120,0,270
EICHERMOT30JAN2020500CE.NFO,07/01/2020,10:50:31,931.2,897.4,30,1002.9,120,0,270
EICHERMOT30JAN2020500CE.NFO,07/01/2020,10:50:31,931.2,897.5,30,1002.9,120,0,270
EICHERMOT30JAN2020500CE.NFO,07/01/2020,10:50:32,931.2,899.1,30,1002.9,120,0,270
EICHERMOT30JAN2020500CE.NFO,07/01/2020,10:50:33,931.2,900.45,60,1002.9,120,0,270
EICHERMOT30JAN2020500CE.NFO,07/01/2020,10:50:34,931.2,870.8,150,1002.9,180,0,270
EICHERMOT30JAN2020500CE.NFO,07/01/2020,10:50:36,931.2,876.6,90,1026,180,0,270
EICHERMOT30JAN2020500CE.NFO,07/01/2020,10:50:36,931.2,879.4,90,1025.8,240,0,270
EICHERMOT30JAN2020500CE.NFO,07/01/2020,10:50:38,931.2,882.25,270,1023.4,270,0,270
EICHERMOT30JAN2020500CE.NFO,07/01/2020,10:50:39,931.2,884.6,390,1020.25,330,0,270
EICHERMOT30JAN2020500CE.NFO,07/01/2020,10:50:40,931.2,885.8,150,1019.1,150,0,270
EICHERMOT30JAN2020500CE.NFO,07/01/2020,10:50:41,931.2,887.4,240,1018.25,150,0,270
EICHERMOT30JAN2020500CE.NFO,07/01/2020,10:50:42,931.2,891.15,90,1017.1,30,0,270
EICHERMOT30JAN2020500CE.NFO,07/01/2020,10:50:43,931.2,892.35,150,1015.9,90,0,270
EICHERMOT30JAN2020500CE.NFO,07/01/2020,10:50:44,931.2,893.25,210,1015,150,0,270
EICHERMOT30JAN2020500CE.NFO,07/01/2020,10:50:45,931.2,893.95,90,1014.3,90,0,270
EICHERMOT30JAN2020500CE.NFO,07/01/2020,10:50:46,931.2,894.85,210,1013.4,210,0,270
EICHERMOT30JAN2020500CE.NFO,07/01/2020,10:50:47,931.2,896.25,150,1011.9,150,0,270
EICHERMOT30JAN2020500CE.NFO,07/01/2020,10:50:48,931.2,897.4,180,1010.8,90,0,270
EICHERMOT30JAN2020500CE.NFO,07/01/2020,10:50:48,931.2,897.95,30,1010.3,90,0,270
EICHERMOT30JAN2020500CE.NFO,07/01/2020,10:50:49,931.2,899.3,60,1010.25,240,0,270
EICHERMOT30JAN2020500CE.NFO,07/01/2020,10:50:51,931.2,899.5,120,1010.25,240,0,270
EICHERMOT30JAN2020500CE.NFO,07/01/2020,10:50:57,931.2,899.6,180,1010.25,240,0,270
EICHERMOT30JAN2020500CE.NFO,07/01/2020,10:50:58,931.2,900.5,120,1010.25,180,0,270
EICHERMOT30JAN2020500CE.NFO,07/01/2020,10:50:58,931.2,901.3,120,1010.25,180,0,270
EICHERMOT30JAN2020500CE.NFO,07/01/2020,10:50:59,931.2,902.2,60,1010.25,180,0,270
EICHERMOT30JAN2020500CE.NFO,07/01/2020,10:51:00,931.2,860.2,300,1010,90,0,270
EICHERMOT30JAN2020500CE.NFO,07/01/2020,10:51:01,931.2,863.65,90,1008.2,210,0,270
EICHERMOT30JAN2020500CE.NFO,07/01/2020,10:51:03,931.2,868.75,30,1007.2,150,0,270
EICHERMOT30JAN2020500CE.NFO,07/01/2020,10:51:04,931.2,871.7,30,1006,30,0,270
EICHERMOT30JAN2020500CE.NFO,07/01/2020,10:51:05,931.2,875.25,240,1005.1,90,0,270
EICHERMOT30JAN2020500CE.NFO,07/01/2020,10:51:06,931.2,878.4,30,1017.1,90,0,270
EICHERMOT30JAN2020500CE.NFO,07/01/2020,10:51:06,931.2,879.45,90,1016.9,210,0,270
EICHERMOT30JAN2020500CE.NFO,07/01/2020,10:51:07,931.2,883.25,90,1015.8,210,0,270
EICHERMOT30JAN2020500CE.NFO,07/01/2020,10:51:08,931.2,885.5,420,1014.05,270,0,270
EICHERMOT30JAN2020500CE.NFO,07/01/2020,10:51:09,931.2,885.5,540,1012.35,300,0,270
EICHERMOT30JAN2020500CE.NFO,07/01/2020,10:51:10,931.2,885.5,540,1012.35,360,0,270
EICHERMOT30JAN2020500CE.NFO,07/01/2020,10:51:12,931.2,888.1,330,1012.35,360,0,270
EICHERMOT30JAN2020500CE.NFO,07/01/2020,10:51:12,931.2,888.9,90,1012.35,360,0,270
EICHERMOT30JAN2020500CE.NFO,07/01/2020,10:51:13,931.2,890.45,210,1012.35,360,0,270
EICHERMOT30JAN2020500CE.NFO,07/01/2020,10:51:14,931.2,894.4,240,1012.35,360,0,270
EICHERMOT30JAN2020500CE.NFO,07/01/2020,10:51:15,931.2,895.9,150,1012.35,360,0,270
EICHERMOT30JAN2020500CE.NFO,07/01/2020,10:51:16,931.2,899.1,30,1012.35,360,0,270
EICHERMOT30JAN2020500CE.NFO,07/01/2020,10:51:17,931.2,900.25,60,1012.35,360,0,270
EICHERMOT30JAN2020500CE.NFO,07/01/2020,10:51:18,931.2,896.75,180,1012.35,360,0,270
EICHERMOT30JAN2020500CE.NFO,07/01/2020,10:51:20,931.2,899.45,60,1012.35,360,0,270
EICHERMOT30JAN2020500CE.NFO,07/01/2020,10:51:21,931.2,892,90,1012.35,360,0,270
EICHERMOT30JAN2020500CE.NFO,07/01/2020,10:51:22,931.2,893.8,30,1012.35,360,0,270
EICHERMOT30JAN2020500CE.NFO,07/01/2020,10:51:23,931.2,896,60,1012.35,360,0,270
EICHERMOT30JAN2020500CE.NFO,07/01/2020,10:51:24,931.2,896,180,1012.35,360,0,270
EICHERMOT30JAN2020500CE.NFO,07/01/2020,10:51:26,931.2,896.1,120,1012.35,360,0,270
EICHERMOT30JAN2020500CE.NFO,07/01/2020,10:51:26,931.2,896.15,120,1012.35,360,0,270
EICHERMOT30JAN2020500CE.NFO,07/01/2020,10:51:27,931.2,896.05,180,1012.35,360,0,270
EICHERMOT30JAN2020500CE.NFO,07/01/2020,10:51:28,931.2,896.7,30,1012.35,360,0,270
EICHERMOT30JAN2020500CE.NFO,07/01/2020,10:51:29,931.2,898,90,1012.35,360,0,270
EICHERMOT30JAN2020500CE.NFO,07/01/2020,10:51:31,931.2,899.5,90,1012.35,360,0,270
EICHERMOT30JAN2020500CE.NFO,07/01/2020,10:51:32,931.2,899.5,120,1012.35,360,0,270
EICHERMOT30JAN2020500CE.NFO,07/01/2020,10:51:33,931.2,867.5,30,1012.35,360,0,270
EICHERMOT30JAN2020500CE.NFO,07/01/2020,10:51:34,931.2,877.2,30,1012.35,360,0,270
EICHERMOT30JAN2020500CE.NFO,07/01/2020,10:51:35,931.2,886.3,150,1012.35,360,0,270
EICHERMOT30JAN2020500CE.NFO,07/01/2020,10:51:36,931.2,889.95,240,1012.35,360,0,270
EICHERMOT30JAN2020500CE.NFO,07/01/2020,10:51:37,931.2,891.5,330,1012.35,360,0,270
EICHERMOT30JAN2020500CE.NFO,07/01/2020,10:51:37,931.2,891.6,180,1012.35,360,0,270
EICHERMOT30JAN2020500CE.NFO,07/01/2020,10:51:38,931.2,892.65,150,1012.35,360,0,270
EICHERMOT30JAN2020500CE.NFO,07/01/2020,10:51:39,931.2,893.95,150,1012.35,360,0,270
EICHERMOT30JAN2020500CE.NFO,07/01/2020,10:51:40,931.2,900.05,30,1012.35,360,0,270
EICHERMOT30JAN2020500CE.NFO,07/01/2020,10:51:41,931.2,903.05,90,1012.35,360,0,270
EICHERMOT30JAN2020500CE.NFO,07/01/2020,10:51:42,931.2,903.6,120,1012.35,360,0,270
EICHERMOT30JAN2020500CE.NFO,07/01/2020,10:51:43,931.2,899.9,90,1012.35,360,0,270
EICHERMOT30JAN2020500CE.NFO,07/01/2020,10:51:45,931.2,902.95,120,1012.35,360,0,270
EICHERMOT30JAN2020500CE.NFO,07/01/2020,10:51:46,931.2,904.95,60,1012.35,360,0,270
EICHERMOT30JAN2020500CE.NFO,07/01/2020,10:51:47,931.2,905.45,120,1012.35,360,0,270
EICHERMOT30JAN2020500CE.NFO,07/01/2020,10:51:47,931.2,906,30,1012.35,360,0,270
EICHERMOT30JAN2020500CE.NFO,07/01/2020,10:51:48,931.2,906.6,30,1012.35,360,0,270
EICHERMOT30JAN2020500CE.NFO,07/01/2020,10:51:49,931.2,889.45,300,1012.35,360,0,270
EICHERMOT30JAN2020500CE.NFO,07/01/2020,10:51:50,931.2,893.7,60,1012.35,360,0,270
EICHERMOT30JAN2020500CE.NFO,07/01/2020,10:51:52,931.2,896.9,150,1012.35,360,0,270
EICHERMOT30JAN2020500CE.NFO,07/01/2020,10:51:53,931.2,898,150,1012.35,360,0,270
EICHERMOT30JAN2020500CE.NFO,07/01/2020,10:51:54,931.2,898,210,1012.35,360,0,270
EICHERMOT30JAN2020500CE.NFO,07/01/2020,10:51:55,931.2,898,150,1012.35,360,0,270
EICHERMOT30JAN2020500CE.NFO,07/01/2020,10:51:58,931.2,898,210,1012.35,360,0,270
EICHERMOT30JAN2020500CE.NFO,07/01/2020,10:51:59,931.2,898,150,1012.35,360,0,270
EICHERMOT30JAN2020500CE.NFO,07/01/2020,10:52:00,931.2,898,210,1012.35,360,0,270
EICHERMOT30JAN2020500CE.NFO,07/01/2020,10:52:01,931.2,898,150,1012.35,360,0,270
EICHERMOT30JAN2020500CE.NFO,07/01/2020,10:52:05,931.2,898,120,1012.35,360,0,270
EICHERMOT30JAN2020500CE.NFO,07/01/2020,10:52:06,931.2,898.05,120,1012.35,240,0,270
EICHERMOT30JAN2020500CE.NFO,07/01/2020,10:52:09,931.2,898.4,90,1011.05,90,0,270
EICHERMOT30JAN2020500CE.NFO,07/01/2020,10:52:10,931.2,898.65,120,1009.85,210,0,270
EICHERMOT30JAN2020500CE.NFO,07/01/2020,10:52:11,931.2,868.05,210,1009.85,270,0,270
EICHERMOT30JAN2020500CE.NFO,07/01/2020,10:52:12,931.2,876.7,30,1007.95,150,0,270
EICHERMOT30JAN2020500CE.NFO,07/01/2020,10:52:12,931.2,877.65,90,1007.85,150,0,270
EICHERMOT30JAN2020500CE.NFO,07/01/2020,10:52:13,931.2,883.6,270,1005.8,30,0,270
EICHERMOT30JAN2020500CE.NFO,07/01/2020,10:52:14,931.2,887.05,150,1005.7,30,0,270
EICHERMOT30JAN2020500CE.NFO,07/01/2020,10:52:16,931.2,892.3,210,1005.6,30,0,270
EICHERMOT30JAN2020500CE.NFO,07/01/2020,10:52:17,931.2,894.8,150,1005.6,30,0,270
EICHERMOT30JAN2020500CE.NFO,07/01/2020,10:52:18,931.2,896.65,210,1005.4,30,0,270
EICHERMOT30JAN2020500CE.NFO,07/01/2020,10:52:19,931.2,896.65,120,1005,30,0,270
EICHERMOT30JAN2020500CE.NFO,07/01/2020,10:52:20,931.2,896.65,120,1004.95,90,0,270
EICHERMOT30JAN2020500CE.NFO,07/01/2020,10:52:20,931.2,896.65,180,1004.7,30,0,270
EICHERMOT30JAN2020500CE.NFO,07/01/2020,10:52:22,931.2,897,150,1004.2,30,0,270
EICHERMOT30JAN2020500CE.NFO,07/01/2020,10:52:23,931.2,897.85,60,1003.9,30,0,270
EICHERMOT30JAN2020500CE.NFO,07/01/2020,10:52:24,931.2,898.9,120,1003.7,30,0,270
EICHERMOT30JAN2020500CE.NFO,07/01/2020,10:52:25,931.2,889.25,30,1003.7,30,0,270
EICHERMOT30JAN2020500CE.NFO,07/01/2020,10:52:26,931.2,896,90,1003.5,30,0,270
EICHERMOT30JAN2020500CE.NFO,07/01/2020,10:52:26,931.2,896.25,60,1003.5,30,0,270
EICHERMOT30JAN2020500CE.NFO,07/01/2020,10:52:27,931.2,898.6,60,1003.5,30,0,270
EICHERMOT30JAN2020500CE.NFO,07/01/2020,10:52:28,931.2,898.65,120,1003.5,30,0,270
EICHERMOT30JAN2020500CE.NFO,07/01/2020,10:52:30,931.2,899.3,120,1003.5,30,0,270
EICHERMOT30JAN2020500CE.NFO,07/01/2020,10:52:31,931.2,900.45,90,1003.4,30,0,270
EICHERMOT30JAN2020500CE.NFO,07/01/2020,10:52:32,931.2,901.3,60,1003.4,30,0,270
EICHERMOT30JAN2020500CE.NFO,07/01/2020,10:52:33,931.2,870.2,30,1003.3,30,0,270
EICHERMOT30JAN2020500CE.NFO,07/01/2020,10:52:33,931.2,870.5,30,1003.3,30,0,270
EICHERMOT30JAN2020500CE.NFO,07/01/2020,10:52:34,931.2,873.65,90,1003.3,30,0,270
EICHERMOT30JAN2020500CE.NFO,07/01/2020,10:52:35,931.2,881.5,90,1003.1,30,0,270
EICHERMOT30JAN2020500CE.NFO,07/01/2020,10:52:36,931.2,887.75,30,1007.3,90,0,270
EICHERMOT30JAN2020500CE.NFO,07/01/2020,10:52:38,931.2,894.6,90,1005.45,30,0,270
EICHERMOT30JAN2020500CE.NFO,07/01/2020,10:52:39,931.2,894.6,300,1002.85,30,0,270
EICHERMOT30JAN2020500CE.NFO,07/01/2020,10:52:44,931.2,895.3,120,1002.45,90,0,270
EICHERMOT30JAN2020500CE.NFO,07/01/2020,10:52:44,931.2,896.4,60,1002.3,30,0,270
EICHERMOT30JAN2020500CE.NFO,07/01/2020,10:52:45,931.2,898.95,30,1001.8,30,0,270
EICHERMOT30JAN2020500CE.NFO,07/01/2020,10:52:46,931.2,900.5,90,1001.7,30,0,270
EICHERMOT30JAN2020500CE.NFO,07/01/2020,10:52:48,931.2,901.45,120,1001.7,30,0,270
EICHERMOT30JAN2020500CE.NFO,07/01/2020,10:52:49,931.2,902,90,1001.7,30,0,270
EICHERMOT30JAN2020500CE.NFO,07/01/2020,10:52:50,931.2,902.75,60,1001.7,30,0,270
EICHERMOT30JAN2020500CE.NFO,07/01/2020,10:52:51,931.2,904.3,30,1001.3,30,0,270
EICHERMOT30JAN2020500CE.NFO,07/01/2020,10:52:51,931.2,904.5,30,1001.3,30,0,270
EICHERMOT30JAN2020500CE.NFO,07/01/2020,10:52:52,931.2,887.05,90,1007.9,180,0,270
EICHERMOT30JAN2020500CE.NFO,07/01/2020,10:52:54,931.2,889.3,180,1006.8,210,0,270
EICHERMOT30JAN2020500CE.NFO,07/01/2020,10:52:55,931.2,891.9,270,1005.2,90,0,270
EICHERMOT30JAN2020500CE.NFO,07/01/2020,10:52:56,931.2,895.6,60,1003.9,90,0,270
EICHERMOT30JAN2020500CE.NFO,07/01/2020,10:52:57,931.2,896.3,180,1003.2,90,0,270
EICHERMOT30JAN2020500CE.NFO,07/01/2020,10:52:58,931.2,897.1,60,1002.75,30,0,270
EICHERMOT30JAN2020500CE.NFO,07/01/2020,10:52:58,931.2,897.45,90,1002.6,90,0,270
EICHERMOT30JAN2020500CE.NFO,07/01/2020,10:52:59,931.2,898.35,60,1001.8,90,0,270
EICHERMOT30JAN2020500CE.NFO,07/01/2020,10:53:01,931.2,899.9,30,1014.25,210,0,270
EICHERMOT30JAN2020500CE.NFO,07/01/2020,10:53:02,931.2,901.35,60,1012.85,210,0,270
EICHERMOT30JAN2020500CE.NFO,07/01/2020,10:53:03,931.2,903.25,60,1010.9,270,0,270
EICHERMOT30JAN2020500CE.NFO,07/01/2020,10:53:04,931.2,898.45,90,1009.65,270,0,270
EICHERMOT30JAN2020500CE.NFO,07/01/2020,10:53:05,931.2,900.2,60,1007.9,90,0,270
EICHERMOT30JAN2020500CE.NFO,07/01/2020,10:53:05,931.2,900.4,120,1007.6,150,0,270
EICHERMOT30JAN2020500CE.NFO,07/01/2020,10:53:06,931.2,902.1,60,1005.9,90,0,270
EICHERMOT30JAN2020500CE.NFO,07/01/2020,10:53:07,931.2,902.7,60,1004.4,90,0,270
EICHERMOT30JAN2020500CE.NFO,07/01/2020,10:53:08,931.2,904.3,60,1002.85,30,0,270
EICHERMOT30JAN2020500CE.NFO,07/01/2020,10:53:09,931.2,902.7,60,1002.3,90,0,270
EICHERMOT30JAN2020500CE.NFO,07/01/2020,10:53:14,931.2,903,60,1002.05,30,0,270
EICHERMOT30JAN2020500CE.NFO,07/01/2020,10:53:15,931.2,868.25,60,1007.05,120,0,270
EICHERMOT30JAN2020500CE.NFO,07/01/2020,10:53:15,931.2,868.75,300,1007.05,120,0,270
EICHERMOT30JAN2020500CE.NFO,07/01/2020,10:53:16,931.2,872.7,30,1007,150,0,270
EICHERMOT30JAN2020500CE.NFO,07/01/2020,10:53:17,931.2,876.45,30,1005.65,90,0,270
EICHERMOT30JAN2020500CE.NFO,07/01/2020,10:53:18,931.2,879.25,210,1004.45,90,0,270
EICHERMOT30JAN2020500CE.NFO,07/01/2020,10:53:19,931.2,883.1,150,1003.9,30,0,270
EICHERMOT30JAN2020500CE.NFO,07/01/2020,10:53:20,931.2,886.8,240,1003.9,30,0,270
EICHERMOT30JAN2020500CE.NFO,07/01/2020,10:53:21,931.2,888.65,270,1003.9,30,0,270
EICHERMOT30JAN2020500CE.NFO,07/01/2020,10:53:22,931.2,891.15,150,1003.8,30,0,270
EICHERMOT30JAN2020500CE.NFO,07/01/2020,10:53:24,931.2,891.15,360,1002.3,30,0,270
EICHERMOT30JAN2020500CE.NFO,07/01/2020,10:53:28,931.2,891.25,150,1002.3,30,0,270
EICHERMOT30JAN2020500CE.NFO,07/01/2020,10:53:28,931.2,891.25,300,1002.3,30,0,270
EICHERMOT30JAN2020500CE.NFO,07/01/2020,10:53:29,931.2,892.6,150,1006.5,30,0,270
EICHERMOT30JAN2020500CE.NFO,07/01/2020,10:53:30,931.2,893.3,150,1008.8,30,0,270
EICHERMOT30JAN2020500CE.NFO,07/01/2020,10:53:31,931.2,895.4,120,1008.8,30,0,270
EICHERMOT30JAN2020500CE.NFO,07/01/2020,10:53:32,931.2,897.5,210,1008.7,30,0,270
EICHERMOT30JAN2020500CE.NFO,07/01/2020,10:53:33,931.2,899.2,150,1007.55,90,0,270
EICHERMOT30JAN2020500CE.NFO,07/01/2020,10:53:34,931.2,900.2,150,1006.5,30,0,270
EICHERMOT30JAN2020500CE.NFO,07/01/2020,10:53:35,931.2,901.3,30,1006.4,30,0,270
EICHERMOT30JAN2020500CE.NFO,07/01/2020,10:53:36,931.2,902.95,90,1006.4,30,0,270
EICHERMOT30JAN2020500CE.NFO,07/01/2020,10:53:38,931.2,904.15,150,1006.1,30,0,270
EICHERMOT30JAN2020500CE.NFO,07/01/2020,10:53:39,931.2,905.7,90,1044.05,480,0,270
EICHERMOT30JAN2020500CE.NFO,07/01/2020,10:53:40,931.2,906.6,150,1044.05,480,0,270
EICHERMOT30JAN2020500CE.NFO,07/01/2020,10:53:41,931.2,907.7,150,1044.05,480,0,270
EICHERMOT30JAN2020500CE.NFO,07/01/2020,10:53:42,931.2,908.9,90,1044.05,480,0,270
EICHERMOT30JAN2020500CE.NFO,07/01/2020,10:53:43,931.2,910.55,120,1044.05,480,0,270
EICHERMOT30JAN2020500CE.NFO,07/01/2020,10:53:43,931.2,910.85,60,1044.05,480,0,270
EICHERMOT30JAN2020500CE.NFO,07/01/2020,10:53:44,931.2,912.2,30,1044.05,480,0,270
EICHERMOT30JAN2020500CE.NFO,07/01/2020,10:53:45,931.2,901.75,90,1044.05,480,0,270
EICHERMOT30JAN2020500CE.NFO,07/01/2020,10:53:47,931.2,903.4,60,1044.05,480,0,270
EICHERMOT30JAN2020500CE.NFO,07/01/2020,10:53:48,931.2,904.35,90,1044.05,480,0,270
EICHERMOT30JAN2020500CE.NFO,07/01/2020,10:53:49,931.2,905.4,60,1044.05,480,0,270
EICHERMOT30JAN2020500CE.NFO,07/01/2020,10:53:50,931.2,905.45,120,1044.05,480,0,270
EICHERMOT30JAN2020500CE.NFO,07/01/2020,10:53:52,931.2,905.45,60,1044.05,480,0,270
EICHERMOT30JAN2020500CE.NFO,07/01/2020,10:53:53,931.2,878.4,120,1044.05,480,0,270
EICHERMOT30JAN2020500CE.NFO,07/01/2020,10:53:54,931.2,883.95,30,1038.7,30,0,270
EICHERMOT30JAN2020500CE.NFO,07/01/2020,10:53:55,931.2,887.4,90,1035.55,90,0,270
EICHERMOT30JAN2020500CE.NFO,07/01/2020,10:53:56,931.2,891.25,150,1031.6,210,0,270
EICHERMOT30JAN2020500CE.NFO,07/01/2020,10:53:56,931.2,891.85,210,1031.1,210,0,270
EICHERMOT30JAN2020500CE.NFO,07/01/2020,10:53:57,931.2,897,90,1029.35,240,0,270
EICHERMOT30JAN2020500CE.NFO,07/01/2020,10:53:58,931.2,898.45,150,1025.95,90,0,270
EICHERMOT30JAN2020500CE.NFO,07/01/2020,10:53:59,931.2,899.95,90,1020.2,150,0,270
EICHERMOT30JAN2020500CE.NFO,07/01/2020,10:54:01,931.2,901.75,30,1017.65,270,0,270
EICHERMOT30JAN2020500CE.NFO,07/01/2020,10:54:02,931.2,903.8,60,1015.7,360,0,270
EICHERMOT30JAN2020500CE.NFO,07/01/2020,10:54:03,931.2,906.1,60,1015.7,360,0,270
EICHERMOT30JAN2020500CE.NFO,07/01/2020,10:54:04,931.2,907.95,30,1015.7,360,0,270
EICHERMOT30JAN2020500CE.NFO,07/01/2020,10:54:05,931.2,909.7,60,1015.7,360,0,270
EICHERMOT30JAN2020500CE.NFO,07/01/2020,10:54:06,931.2,909.95,30,1015.7,360,0,270
EICHERMOT30JAN2020500CE.NFO,07/01/2020,10:54:07,931.2,899.3,30,1015.7,360,0,270
EICHERMOT30JAN2020500CE.NFO,07/01/2020,10:54:08,931.2,900.9,330,1015.7,120,0,270
EICHERMOT30JAN2020500CE.NFO,07/01/2020,10:54:09,931.2,903.05,270,1015.7,120,0,270
EICHERMOT30JAN2020500CE.NFO,07/01/2020,10:54:10,931.2,905.7,60,1015.7,240,0,270
EICHERMOT30JAN2020500CE.NFO,07/01/2020,10:54:11,931.2,905.75,150,1015.7,360,0,270
EICHERMOT30JAN2020500CE.NFO,07/01/2020,10:54:13,931.2,905.75,90,1015.7,120,0,270
EICHERMOT30JAN2020500CE.NFO,07/01/2020,10:54:14,931.2,905.75,270,1015.7,120,0,270
EICHERMOT30JAN2020500CE.NFO,07/01/2020,10:54:15,931.2,905.75,150,1015.7,120,0,270
EICHERMOT30JAN2020500CE.NFO,07/01/2020,10:54:21,931.2,905.9,30,1015.7,240,0,270
EICHERMOT30JAN2020500CE.NFO,07/01/2020,10:54:22,931.2,907.8,30,1015.7,240,0,270
EICHERMOT30JAN2020500CE.NFO,07/01/2020,10:54:23,931.2,909.1,150,1015.65,30,0,270
EICHERMOT30JAN2020500CE.NFO,07/01/2020,10:54:23,931.2,909.2,30,1015.65,30,0,270
EICHERMOT30JAN2020500CE.NFO,07/01/2020,10:54:24,931.2,909.95,60,1015.65,30,0,270
EICHERMOT30JAN2020500CE.NFO,07/01/2020,10:54:30,931.2,911.35,60,1015.65,90,0,270
EICHERMOT30JAN2020500CE.NFO,07/01/2020,10:54:31,931.2,912.4,30,1015.15,30,0,270
EICHERMOT30JAN2020500CE.NFO,07/01/2020,10:54:32,931.2,913.7,30,1013.8,90,0,270
EICHERMOT30JAN2020500CE.NFO,07/01/2020,10:54:33,931.2,873.25,360,1012.75,30,0,270
EICHERMOT30JAN2020500CE.NFO,07/01/2020,10:54:34,931.2,876.95,210,1020.95,150,0,270
EICHERMOT30JAN2020500CE.NFO,07/01/2020,10:54:35,931.2,884.4,270,1020.95,150,0,270
EICHERMOT30JAN2020500CE.NFO,07/01/2020,10:54:36,931.2,898.35,90,1020.95,30,0,270
EICHERMOT30JAN2020500CE.NFO,07/01/2020,10:54:36,931.2,901.45,30,1020.95,30,0,270
EICHERMOT30JAN2020500CE.NFO,07/01/2020,10:54:37,931.2,908.65,90,1020.95,30,0,270
EICHERMOT30JAN2020500CE.NFO,07/01/2020,10:54:38,931.2,909.95,30,1020.95,30,0,270
EICHERMOT30JAN2020500CE.NFO,07/01/2020,10:54:39,931.2,911.45,30,1020.95,30,0,270
EICHERMOT30JAN2020500CE.NFO,07/01/2020,10:54:40,931.2,912.55,30,1020.95,30,0,270
EICHERMOT30JAN2020500CE.NFO,07/01/2020,10:54:41,931.2,913.8,30,1020.95,30,0,270
EICHERMOT30JAN2020500CE.NFO,07/01/2020,10:54:43,931.2,916.65,30,1018.95,30,0,270
EICHERMOT30JAN2020500CE.NFO,07/01/2020,10:54:44,931.2,912.3,60,1018.85,30,0,270
EICHERMOT30JAN2020500CE.NFO,07/01/2020,10:54:45,931.2,915.05,30,1018.85,30,0,270
EICHERMOT30JAN2020500CE.NFO,07/01/2020,10:54:46,931.2,916.55,30,1018.85,30,0,270
EICHERMOT30JAN2020500CE.NFO,07/01/2020,10:54:47,931.2,918.5,60,1018.85,30,0,270
EICHERMOT30JAN2020500CE.NFO,07/01/2020,10:54:48,931.2,920.35,30,1017.55,30,0,270
EICHERMOT30JAN2020500CE.NFO,07/01/2020,10:54:49,931.2,879.5,180,1017.55,30,0,270
EICHERMOT30JAN2020500CE.NFO,07/01/2020,10:54:50,931.2,882.2,90,1052.15,180,0,270
EICHERMOT30JAN2020500CE.NFO,07/01/2020,10:54:50,931.2,882.45,30,1051.95,240,0,270
EICHERMOT30JAN2020500CE.NFO,07/01/2020,10:54:51,931.2,884.25,90,1049.85,90,0,270
EICHERMOT30JAN2020500CE.NFO,07/01/2020,10:54:53,931.2,887.45,180,1046.65,30,0,270
EICHERMOT30JAN2020500CE.NFO,07/01/2020,10:54:54,931.2,889.95,150,1042.85,150,0,270
EICHERMOT30JAN2020500CE.NFO,07/01/2020,10:54:55,931.2,892.9,240,1040.7,360,0,270
EICHERMOT30JAN2020500CE.NFO,07/01/2020,10:54:56,931.2,894.55,30,1039.05,90,0,270
EICHERMOT30JAN2020500CE.NFO,07/01/2020,10:54:57,931.2,897.05,300,1036.25,90,0,270
EICHERMOT30JAN2020500CE.NFO,07/01/2020,10:54:58,931.2,899.65,30,1033.7,30,0,270
EICHERMOT30JAN2020500CE.NFO,07/01/2020,10:54:59,931.2,902.55,150,1030.85,90,0,270
EICHERMOT30JAN2020500CE.NFO,07/01/2020,10:55:00,931.2,904.8,210,1029.55,210,0,270
EICHERMOT30JAN2020500CE.NFO,07/01/2020,10:55:00,931.2,904.95,90,1029.4,360,0,270
EICHERMOT30JAN2020500CE.NFO,07/01/2020,10:55:01,931.2,905.85,150,1028.4,150,0,270
EICHERMOT30JAN2020500CE.NFO,07/01/2020,10:55:02,931.2,906.3,120,1026.25,30,0,270
EICHERMOT30JAN2020500CE.NFO,07/01/2020,10:55:04,931.2,906.3,120,1022.95,90,0,270
EICHERMOT30JAN2020500CE.NFO,07/01/2020,10:55:05,931.2,906.85,210,1022,270,0,270
EICHERMOT30JAN2020500CE.NFO,07/01/2020,10:55:06,931.2,908.45,90,1020.8,240,0,270
EICHERMOT30JAN2020500CE.NFO,07/01/2020,10:55:07,931.2,910.1,60,1020.8,30,0,270
EICHERMOT30JAN2020500CE.NFO,07/01/2020,10:55:08,931.2,911.3,210,1031.95,360,0,270
