Ticker,Date,Time,LTP,BuyPrice,BuyQty,SellPrice,SellQty,LTQ,OpenInterest
EQUITAS30JAN20107.5CE.NFO,07/01/2020,09:19:50,2.7,2.65,9800,2.9,19600,9800,107800
EQUITAS30JAN20107.5CE.NFO,07/01/2020,09:19:50,2.7,2.65,9800,2.9,19600,0,107800
EQUITAS30JAN20107.5CE.NFO,07/01/2020,09:19:50,2.7,2.65,9800,2.9,19600,0,107800
EQUITAS30JAN20107.5CE.NFO,07/01/2020,09:19:50,2.7,2.65,9800,2.9,19600,0,107800
EQUITAS30JAN20107.5CE.NFO,07/01/2020,09:19:58,2.7,2.65,4900,2.9,14700,0,107800
EQUITAS30JAN20107.5CE.NFO,07/01/2020,09:20:05,2.7,2.75,4900,2.9,4900,0,107800
EQUITAS30JAN20107.5CE.NFO,07/01/2020,09:20:13,2.7,2.7,14700,2.95,9800,0,107800
EQUITAS30JAN20107.5CE.NFO,07/01/2020,09:20:21,2.7,2.65,14700,2.85,9800,0,107800
EQUITAS30JAN20107.5CE.NFO,07/01/2020,09:20:29,2.7,2.6,4900,2.75,4900,0,107800
EQUITAS30JAN20107.5CE.NFO,07/01/2020,09:20:37,2.7,2.6,9800,2.8,9800,0,107800
EQUITAS30JAN20107.5CE.NFO,07/01/2020,09:20:52,2.7,2.65,19600,2.85,9800,0,107800
EQUITAS30JAN20107.5CE.NFO,07/01/2020,09:21:07,2.7,2.65,9800,2.85,9800,0,107800
EQUITAS30JAN20107.5CE.NFO,07/01/2020,09:21:15,2.7,2.65,19600,2.85,9800,0,107800
EQUITAS30JAN20107.5CE.NFO,07/01/2020,09:21:22,2.7,2.75,4900,2.9,14700,0,107800
EQUITAS30JAN20107.5CE.NFO,07/01/2020,09:21:30,2.7,2.75,14700,2.9,14700,0,107800
EQUITAS30JAN20107.5CE.NFO,07/01/2020,09:21:36,2.9,2.8,9800,2.95,4900,4900,107800
EQUITAS30JAN20107.5CE.NFO,07/01/2020,09:21:36,2.9,2.8,9800,2.95,4900,0,107800
EQUITAS30JAN20107.5CE.NFO,07/01/2020,09:21:44,2.9,2.85,14700,3,9800,0,107800
EQUITAS30JAN20107.5CE.NFO,07/01/2020,09:21:51,2.9,2.9,4900,3.05,9800,0,107800
EQUITAS30JAN20107.5CE.NFO,07/01/2020,09:22:33,2.9,2.9,9800,3.05,9800,0,107800
EQUITAS30JAN20107.5CE.NFO,07/01/2020,09:22:41,2.95,2.85,4900,3.05,9800,4900,107800
EQUITAS30JAN20107.5CE.NFO,07/01/2020,09:22:41,2.95,2.85,4900,3.05,9800,0,107800
EQUITAS30JAN20107.5CE.NFO,07/01/2020,09:22:47,2.95,2.85,4900,3.05,19600,0,107800
EQUITAS30JAN20107.5CE.NFO,07/01/2020,09:22:53,2.95,2.85,14700,3.05,14700,0,107800
EQUITAS30JAN20107.5CE.NFO,07/01/2020,09:23:00,2.95,2.9,9800,3.05,9800,0,107800
EQUITAS30JAN20107.5CE.NFO,07/01/2020,09:23:06,2.95,2.9,4900,3.05,9800,0,107800
EQUITAS30JAN20107.5CE.NFO,07/01/2020,09:23:20,2.95,2.85,9800,3.05,9800,0,107800
EQUITAS30JAN20107.5CE.NFO,07/01/2020,09:23:26,2.95,2.85,14700,3.05,9800,0,107800
EQUITAS30JAN20107.5CE.NFO,07/01/2020,09:23:33,2.95,2.9,4900,3.05,9800,0,107800
EQUITAS30JAN20107.5CE.NFO,07/01/2020,09:23:40,2.95,2.9,14700,3.05,4900,0,107800
EQUITAS30JAN20107.5CE.NFO,07/01/2020,09:23:46,2.95,2.9,4900,3.05,4900,0,107800
EQUITAS30JAN20107.5CE.NFO,07/01/2020,09:23:53,2.95,2.9,9800,3.05,4900,0,107800
EQUITAS30JAN20107.5CE.NFO,07/01/2020,09:24:00,2.95,2.9,14700,3.1,14700,0,107800
EQUITAS30JAN20107.5CE.NFO,07/01/2020,09:24:07,2.95,2.85,9800,3,4900,0,107800
EQUITAS30JAN20107.5CE.NFO,07/01/2020,09:24:41,2.95,2.9,4900,3,4900,0,107800
EQUITAS30JAN20107.5CE.NFO,07/01/2020,09:24:47,2.95,2.9,9800,3,4900,0,107800
EQUITAS30JAN20107.5CE.NFO,07/01/2020,09:25:14,2.95,2.9,9800,3.05,14700,0,107800
EQUITAS30JAN20107.5CE.NFO,07/01/2020,09:25:22,2.95,2.9,4900,3.05,14700,0,107800
EQUITAS30JAN20107.5CE.NFO,07/01/2020,09:25:29,2.95,2.9,9800,3,9800,0,107800
EQUITAS30JAN20107.5CE.NFO,07/01/2020,09:25:36,2.9,2.8,9800,2.95,9800,4900,107800
EQUITAS30JAN20107.5CE.NFO,07/01/2020,09:25:43,2.9,2.8,9800,2.9,4900,0,107800
EQUITAS30JAN20107.5CE.NFO,07/01/2020,09:25:56,2.9,2.8,14700,2.95,4900,0,107800
EQUITAS30JAN20107.5CE.NFO,07/01/2020,09:26:06,2.9,2.75,4900,2.85,4900,0,107800
EQUITAS30JAN20107.5CE.NFO,07/01/2020,09:26:14,2.9,2.75,14700,2.9,4900,0,107800
EQUITAS30JAN20107.5CE.NFO,07/01/2020,09:26:25,2.9,2.75,9800,2.9,4900,0,107800
EQUITAS30JAN20107.5CE.NFO,07/01/2020,09:26:31,2.9,2.8,19600,2.95,4900,0,107800
EQUITAS30JAN20107.5CE.NFO,07/01/2020,09:26:38,2.9,2.8,14700,2.95,4900,0,107800
EQUITAS30JAN20107.5CE.NFO,07/01/2020,09:26:44,2.9,2.75,14700,2.9,14700,0,107800
EQUITAS30JAN20107.5CE.NFO,07/01/2020,09:26:50,2.9,2.75,19600,2.9,4900,0,107800
EQUITAS30JAN20107.5CE.NFO,07/01/2020,09:27:10,2.9,2.8,14700,2.95,9800,0,107800
EQUITAS30JAN20107.5CE.NFO,07/01/2020,09:27:12,2.9,2.8,9800,2.95,19600,0,107800
EQUITAS30JAN20107.5CE.NFO,07/01/2020,09:27:14,2.9,2.8,4900,2.95,19600,0,107800
EQUITAS30JAN20107.5CE.NFO,07/01/2020,09:27:15,2.9,2.8,4900,2.95,14700,0,107800
EQUITAS30JAN20107.5CE.NFO,07/01/2020,09:27:20,2.9,2.8,9800,2.95,14700,0,107800
EQUITAS30JAN20107.5CE.NFO,07/01/2020,09:27:23,2.9,2.8,4900,2.95,14700,0,107800
EQUITAS30JAN20107.5CE.NFO,07/01/2020,09:27:25,2.9,2.8,9800,2.95,14700,0,107800
EQUITAS30JAN20107.5CE.NFO,07/01/2020,09:27:29,2.9,2.8,4900,2.95,14700,0,107800
EQUITAS30JAN20107.5CE.NFO,07/01/2020,09:27:31,2.9,2.8,9800,2.95,14700,0,107800
EQUITAS30JAN20107.5CE.NFO,07/01/2020,09:27:46,2.9,2.8,14700,2.95,14700,0,107800
EQUITAS30JAN20107.5CE.NFO,07/01/2020,09:27:48,2.9,2.85,19600,3,9800,0,107800
EQUITAS30JAN20107.5CE.NFO,07/01/2020,09:27:54,2.9,2.85,9800,3,14700,0,107800
EQUITAS30JAN20107.5CE.NFO,07/01/2020,09:27:56,2.9,2.85,4900,3,14700,0,107800
EQUITAS30JAN20107.5CE.NFO,07/01/2020,09:27:58,2.9,2.8,14700,3,19600,0,107800
EQUITAS30JAN20107.5CE.NFO,07/01/2020,09:28:04,2.9,2.8,9800,2.95,14700,0,107800
EQUITAS30JAN20107.5CE.NFO,07/01/2020,09:28:07,2.9,2.8,14700,2.95,14700,0,107800
EQUITAS30JAN20107.5CE.NFO,07/01/2020,09:28:12,2.9,2.8,4900,2.95,14700,0,107800
EQUITAS30JAN20107.5CE.NFO,07/01/2020,09:28:14,2.9,2.8,4900,2.95,19600,0,107800
EQUITAS30JAN20107.5CE.NFO,07/01/2020,09:28:20,2.9,2.8,4900,2.95,14700,0,107800
EQUITAS30JAN20107.5CE.NFO,07/01/2020,09:28:21,2.9,2.8,4900,2.95,19600,0,107800
EQUITAS30JAN20107.5CE.NFO,07/01/2020,09:28:28,2.9,2.75,24500,2.95,24500,0,107800
EQUITAS30JAN20107.5CE.NFO,07/01/2020,09:28:33,2.9,2.75,24500,2.95,19600,0,107800
EQUITAS30JAN20107.5CE.NFO,07/01/2020,09:28:34,2.9,2.85,14700,3,9800,0,107800
EQUITAS30JAN20107.5CE.NFO,07/01/2020,09:28:35,2.9,2.85,9800,3,9800,0,107800
EQUITAS30JAN20107.5CE.NFO,07/01/2020,09:28:36,2.9,2.85,19600,3,9800,0,107800
EQUITAS30JAN20107.5CE.NFO,07/01/2020,09:28:40,2.9,2.9,14700,3.05,4900,0,107800
EQUITAS30JAN20107.5CE.NFO,07/01/2020,09:28:40,2.9,2.9,9800,3.05,4900,0,107800
EQUITAS30JAN20107.5CE.NFO,07/01/2020,09:28:44,2.9,2.85,24500,3,9800,0,107800
EQUITAS30JAN20107.5CE.NFO,07/01/2020,09:28:52,2.9,2.9,9800,3.05,4900,0,107800
EQUITAS30JAN20107.5CE.NFO,07/01/2020,09:28:54,2.9,2.9,4900,3.05,4900,0,107800
EQUITAS30JAN20107.5CE.NFO,07/01/2020,09:28:56,2.9,2.9,9800,3.05,4900,0,107800
EQUITAS30JAN20107.5CE.NFO,07/01/2020,09:28:57,2.9,2.85,24500,3,4900,0,107800
EQUITAS30JAN20107.5CE.NFO,07/01/2020,09:29:04,2.9,2.9,14700,3.05,4900,0,107800
EQUITAS30JAN20107.5CE.NFO,07/01/2020,09:29:08,2.9,2.9,9800,3.05,4900,0,107800
EQUITAS30JAN20107.5CE.NFO,07/01/2020,09:29:10,2.9,2.9,14700,3.05,4900,0,107800
EQUITAS30JAN20107.5CE.NFO,07/01/2020,09:29:23,2.9,2.9,9800,3.05,4900,0,107800
EQUITAS30JAN20107.5CE.NFO,07/01/2020,09:29:29,2.9,2.9,14700,3.05,4900,0,107800
EQUITAS30JAN20107.5CE.NFO,07/01/2020,09:29:35,2.9,2.9,14700,3.1,19600,0,107800
EQUITAS30JAN20107.5CE.NFO,07/01/2020,09:29:41,2.9,2.95,24500,3.15,4900,0,107800
EQUITAS30JAN20107.5CE.NFO,07/01/2020,09:29:48,2.9,2.9,24500,3.1,19600,0,107800
EQUITAS30JAN20107.5CE.NFO,07/01/2020,09:29:54,2.9,2.9,24500,3.1,14700,0,107800
EQUITAS30JAN20107.5CE.NFO,07/01/2020,09:30:00,2.9,2.9,24500,3.1,4900,0,107800
EQUITAS30JAN20107.5CE.NFO,07/01/2020,09:30:06,2.9,2.95,9800,3.1,9800,0,107800
EQUITAS30JAN20107.5CE.NFO,07/01/2020,09:30:13,2.9,2.95,4900,3.1,4900,0,107800
EQUITAS30JAN20107.5CE.NFO,07/01/2020,09:30:26,2.9,2.95,14700,3.15,9800,0,107800
EQUITAS30JAN20107.5CE.NFO,07/01/2020,09:30:32,2.9,2.95,9800,3.1,4900,0,107800
EQUITAS30JAN20107.5CE.NFO,07/01/2020,09:30:42,2.9,2.9,14700,3.1,4900,0,107800
EQUITAS30JAN20107.5CE.NFO,07/01/2020,09:30:47,2.9,2.9,19600,3.1,4900,0,107800
EQUITAS30JAN20107.5CE.NFO,07/01/2020,09:31:04,2.9,2.95,19600,3.15,4900,0,107800
EQUITAS30JAN20107.5CE.NFO,07/01/2020,09:31:16,2.9,3,19600,3.15,4900,0,107800
EQUITAS30JAN20107.5CE.NFO,07/01/2020,09:31:22,2.9,3.1,4900,3.15,4900,0,107800
EQUITAS30JAN20107.5CE.NFO,07/01/2020,09:31:39,2.9,3.1,9800,3.15,4900,0,107800
EQUITAS30JAN20107.5CE.NFO,07/01/2020,09:31:49,3.15,3.15,4900,3.2,4900,4900,112700
EQUITAS30JAN20107.5CE.NFO,07/01/2020,09:31:49,3.15,3.15,4900,3.2,4900,0,112700
EQUITAS30JAN20107.5CE.NFO,07/01/2020,09:31:54,3.15,3.15,4900,3.2,4900,0,112700
EQUITAS30JAN20107.5CE.NFO,07/01/2020,09:32:03,3.15,3.15,9800,3.2,4900,0,112700
EQUITAS30JAN20107.5CE.NFO,07/01/2020,09:32:26,3.25,3.2,4900,3.3,9800,9800,112700
EQUITAS30JAN20107.5CE.NFO,07/01/2020,09:32:26,3.25,3.2,4900,3.3,9800,0,112700
EQUITAS30JAN20107.5CE.NFO,07/01/2020,09:32:32,3.25,3.2,4900,3.35,9800,0,112700
EQUITAS30JAN20107.5CE.NFO,07/01/2020,09:32:38,3.25,3.15,14700,3.3,19600,0,112700
EQUITAS30JAN20107.5CE.NFO,07/01/2020,09:32:43,3.25,3.15,9800,3.3,19600,0,112700
EQUITAS30JAN20107.5CE.NFO,07/01/2020,09:33:11,3.25,3.15,4900,3.25,4900,0,112700
EQUITAS30JAN20107.5CE.NFO,07/01/2020,09:33:23,3.15,3.05,9800,3.2,9800,4900,112700
EQUITAS30JAN20107.5CE.NFO,07/01/2020,09:33:29,3.15,3.05,9800,3.2,9800,0,112700
EQUITAS30JAN20107.5CE.NFO,07/01/2020,09:33:39,3.15,3.15,4900,3.2,9800,0,112700
EQUITAS30JAN20107.5CE.NFO,07/01/2020,09:33:45,3.15,3.15,9800,3.25,4900,0,112700
EQUITAS30JAN20107.5CE.NFO,07/01/2020,09:34:00,3.15,3.15,9800,3.25,14700,0,112700
EQUITAS30JAN20107.5CE.NFO,07/01/2020,09:34:11,3.15,3.15,14700,3.25,14700,0,112700
EQUITAS30JAN20107.5CE.NFO,07/01/2020,09:34:16,3.15,3.15,14700,3.25,9800,0,112700
EQUITAS30JAN20107.5CE.NFO,07/01/2020,09:34:20,3.15,3.15,14700,3.25,14700,0,112700
EQUITAS30JAN20107.5CE.NFO,07/01/2020,09:34:26,3.2,3.15,14700,3.25,14700,4900,112700
EQUITAS30JAN20107.5CE.NFO,07/01/2020,09:34:31,3.2,3.15,14700,3.25,14700,0,112700
EQUITAS30JAN20107.5CE.NFO,07/01/2020,09:34:36,3.15,3.15,9800,3.25,14700,4900,112700
EQUITAS30JAN20107.5CE.NFO,07/01/2020,09:34:41,3.15,3.15,4900,3.25,14700,0,112700
EQUITAS30JAN20107.5CE.NFO,07/01/2020,09:34:46,3.15,3.15,4900,3.25,19600,0,112700
EQUITAS30JAN20107.5CE.NFO,07/01/2020,09:34:51,3.15,3.15,9800,3.25,19600,0,112700
EQUITAS30JAN20107.5CE.NFO,07/01/2020,09:35:01,3.2,3.15,9800,3.25,9800,4900,112700
EQUITAS30JAN20107.5CE.NFO,07/01/2020,09:35:06,3.2,3.15,9800,3.25,9800,0,112700
EQUITAS30JAN20107.5CE.NFO,07/01/2020,09:35:11,3.2,3.15,9800,3.25,14700,0,112700
EQUITAS30JAN20107.5CE.NFO,07/01/2020,09:35:20,3.2,3.15,4900,3.2,4900,4900,107800
EQUITAS30JAN20107.5CE.NFO,07/01/2020,09:35:26,3.2,3.15,4900,3.2,14700,0,107800
EQUITAS30JAN20107.5CE.NFO,07/01/2020,09:35:31,3.2,3.15,9800,3.2,14700,0,107800
EQUITAS30JAN20107.5CE.NFO,07/01/2020,09:35:37,3.15,3,9800,3.15,14700,9800,107800
EQUITAS30JAN20107.5CE.NFO,07/01/2020,09:35:44,3.15,3,9800,3.15,9800,0,107800
EQUITAS30JAN20107.5CE.NFO,07/01/2020,09:35:57,3.15,3,9800,3.15,4900,0,107800
EQUITAS30JAN20107.5CE.NFO,07/01/2020,09:36:04,3.15,3,9800,3.15,9800,0,107800
EQUITAS30JAN20107.5CE.NFO,07/01/2020,09:36:09,3.15,3,9800,3.15,4900,0,107800
EQUITAS30JAN20107.5CE.NFO,07/01/2020,09:36:15,3.15,3.05,14700,3.2,4900,0,107800
EQUITAS30JAN20107.5CE.NFO,07/01/2020,09:36:21,3.15,3.05,14700,3.2,14700,0,107800
EQUITAS30JAN20107.5CE.NFO,07/01/2020,09:36:27,3.15,3.15,4900,3.2,4900,0,107800
EQUITAS30JAN20107.5CE.NFO,07/01/2020,09:36:42,3.15,3.05,9800,3.2,4900,4900,107800
EQUITAS30JAN20107.5CE.NFO,07/01/2020,09:36:47,3.15,3.05,9800,3.2,4900,0,107800
EQUITAS30JAN20107.5CE.NFO,07/01/2020,09:36:52,3.15,3,9800,3.15,9800,0,107800
EQUITAS30JAN20107.5CE.NFO,07/01/2020,09:36:57,3.15,3.05,4900,3.15,4900,0,107800
EQUITAS30JAN20107.5CE.NFO,07/01/2020,09:37:02,3.15,3.05,19600,3.2,4900,0,107800
EQUITAS30JAN20107.5CE.NFO,07/01/2020,09:37:07,3.15,3,14700,3.15,4900,0,107800
EQUITAS30JAN20107.5CE.NFO,07/01/2020,09:37:17,3.15,3,14700,3.15,9800,0,107800
EQUITAS30JAN20107.5CE.NFO,07/01/2020,09:37:31,3.15,3,9800,3.15,9800,0,107800
EQUITAS30JAN20107.5CE.NFO,07/01/2020,09:37:37,3.15,3.05,14700,3.2,9800,0,107800
EQUITAS30JAN20107.5CE.NFO,07/01/2020,09:38:00,3.15,3,4900,3.15,14700,0,107800
EQUITAS30JAN20107.5CE.NFO,07/01/2020,09:38:05,3.15,3.05,4900,3.15,4900,0,107800
EQUITAS30JAN20107.5CE.NFO,07/01/2020,09:38:10,3.15,3,4900,3.15,14700,0,107800
EQUITAS30JAN20107.5CE.NFO,07/01/2020,09:38:19,3.15,3.05,4900,3.15,4900,0,107800
EQUITAS30JAN20107.5CE.NFO,07/01/2020,09:38:48,3.15,3,4900,3.15,14700,0,107800
EQUITAS30JAN20107.5CE.NFO,07/01/2020,09:38:53,3.15,3,4900,3.15,4900,0,107800
EQUITAS30JAN20107.5CE.NFO,07/01/2020,09:39:01,3.15,3,4900,3.15,14700,0,107800
EQUITAS30JAN20107.5CE.NFO,07/01/2020,09:39:15,3.15,3,4900,3.15,4900,0,107800
EQUITAS30JAN20107.5CE.NFO,07/01/2020,09:39:21,3.15,3.05,9800,3.2,4900,0,107800
EQUITAS30JAN20107.5CE.NFO,07/01/2020,09:39:37,3.15,3.05,4900,3.25,9800,0,107800
EQUITAS30JAN20107.5CE.NFO,07/01/2020,09:39:42,3.15,3.05,4900,3.2,4900,0,107800
EQUITAS30JAN20107.5CE.NFO,07/01/2020,09:39:47,3.15,3.05,9800,3.2,4900,0,107800
EQUITAS30JAN20107.5CE.NFO,07/01/2020,09:39:52,3.15,3.05,4900,3.2,4900,0,107800
EQUITAS30JAN20107.5CE.NFO,07/01/2020,09:39:56,3.15,3,4900,3.15,9800,0,107800
EQUITAS30JAN20107.5CE.NFO,07/01/2020,09:40:00,3.15,3,4900,3.2,9800,0,107800
EQUITAS30JAN20107.5CE.NFO,07/01/2020,09:40:06,3.15,3.05,4900,3.2,9800,0,107800
EQUITAS30JAN20107.5CE.NFO,07/01/2020,09:40:11,3.1,3,9800,3.1,9800,9800,127400
EQUITAS30JAN20107.5CE.NFO,07/01/2020,09:40:17,3.1,3,9800,3.1,9800,0,127400
EQUITAS30JAN20107.5CE.NFO,07/01/2020,09:40:23,3.05,3,4900,3.15,14700,9800,127400
EQUITAS30JAN20107.5CE.NFO,07/01/2020,09:40:28,3.05,3,14700,3.15,9800,0,127400
EQUITAS30JAN20107.5CE.NFO,07/01/2020,09:40:33,3.05,3,9800,3.2,9800,0,127400
EQUITAS30JAN20107.5CE.NFO,07/01/2020,09:40:44,3.05,3,9800,3.15,4900,0,127400
EQUITAS30JAN20107.5CE.NFO,07/01/2020,09:40:48,3.05,3,9800,3.2,9800,0,127400
EQUITAS30JAN20107.5CE.NFO,07/01/2020,09:40:53,3.05,3,9800,3.15,9800,0,127400
EQUITAS30JAN20107.5CE.NFO,07/01/2020,09:40:57,3.05,3,9800,3.15,4900,0,127400
EQUITAS30JAN20107.5CE.NFO,07/01/2020,09:41:02,3.05,3,9800,3.15,14700,0,127400
EQUITAS30JAN20107.5CE.NFO,07/01/2020,09:41:08,3.05,3,4900,3.15,9800,0,127400
EQUITAS30JAN20107.5CE.NFO,07/01/2020,09:41:33,3.05,3,9800,3.15,9800,0,127400
EQUITAS30JAN20107.5CE.NFO,07/01/2020,09:41:37,3.05,3,9800,3.15,4900,0,127400
EQUITAS30JAN20107.5CE.NFO,07/01/2020,09:41:42,3.05,3,4900,3.15,4900,0,127400
EQUITAS30JAN20107.5CE.NFO,07/01/2020,09:41:46,3.05,3,4900,3.15,9800,0,127400
EQUITAS30JAN20107.5CE.NFO,07/01/2020,09:42:04,3.05,3,9800,3.15,9800,0,127400
EQUITAS30JAN20107.5CE.NFO,07/01/2020,09:42:11,3.05,3,9800,3.1,4900,0,127400
EQUITAS30JAN20107.5CE.NFO,07/01/2020,09:42:17,3.05,2.95,19600,3.1,9800,0,127400
EQUITAS30JAN20107.5CE.NFO,07/01/2020,09:42:24,3.05,2.95,19600,3.1,4900,0,127400
EQUITAS30JAN20107.5CE.NFO,07/01/2020,09:42:57,3.05,2.95,4900,3.05,9800,0,127400
EQUITAS30JAN20107.5CE.NFO,07/01/2020,09:43:15,3.05,2.95,9800,3.1,9800,0,127400
EQUITAS30JAN20107.5CE.NFO,07/01/2020,09:43:20,3.05,2.95,4900,3.1,9800,0,127400
EQUITAS30JAN20107.5CE.NFO,07/01/2020,09:43:35,3.05,2.95,4900,3.05,9800,0,127400
EQUITAS30JAN20107.5CE.NFO,07/01/2020,09:43:44,3.05,2.9,14700,3.05,9800,0,127400
EQUITAS30JAN20107.5CE.NFO,07/01/2020,09:43:54,3.05,2.9,14700,3.05,4900,0,127400
EQUITAS30JAN20107.5CE.NFO,07/01/2020,09:44:05,3.05,2.95,4900,3.1,9800,0,127400
EQUITAS30JAN20107.5CE.NFO,07/01/2020,09:44:11,3.05,2.95,14700,3.1,9800,0,127400
EQUITAS30JAN20107.5CE.NFO,07/01/2020,09:44:21,3.05,2.95,9800,3.1,4900,0,127400
EQUITAS30JAN20107.5CE.NFO,07/01/2020,09:44:43,3.05,3,9800,3.15,4900,0,127400
EQUITAS30JAN20107.5CE.NFO,07/01/2020,09:44:54,3.05,2.95,4900,3.1,24500,0,127400
EQUITAS30JAN20107.5CE.NFO,07/01/2020,09:45:05,3.05,2.95,4900,3.1,14700,0,127400
EQUITAS30JAN20107.5CE.NFO,07/01/2020,09:45:11,3.05,2.95,9800,3.1,4900,0,127400
EQUITAS30JAN20107.5CE.NFO,07/01/2020,09:45:23,3.05,2.95,4900,3.1,19600,0,127400
EQUITAS30JAN20107.5CE.NFO,07/01/2020,09:45:29,3.05,2.95,9800,3.1,19600,0,127400
EQUITAS30JAN20107.5CE.NFO,07/01/2020,09:45:38,3.05,2.95,9800,3.1,9800,0,127400
EQUITAS30JAN20107.5CE.NFO,07/01/2020,09:45:43,3.05,2.95,9800,3.1,4900,0,127400
EQUITAS30JAN20107.5CE.NFO,07/01/2020,09:45:47,3.05,2.95,4900,3.1,19600,0,127400
EQUITAS30JAN20107.5CE.NFO,07/01/2020,09:45:52,3.05,2.95,4900,3.05,9800,0,127400
EQUITAS30JAN20107.5CE.NFO,07/01/2020,09:45:57,3.05,2.9,19600,3.05,9800,0,127400
EQUITAS30JAN20107.5CE.NFO,07/01/2020,09:46:01,3.05,2.9,14700,3.05,9800,0,127400
EQUITAS30JAN20107.5CE.NFO,07/01/2020,09:46:06,3.05,2.9,4900,3,9800,0,127400
EQUITAS30JAN20107.5CE.NFO,07/01/2020,09:46:10,3,2.9,4900,3,4900,4900,127400
EQUITAS30JAN20107.5CE.NFO,07/01/2020,09:46:20,2.95,2.9,4900,2.95,9800,4900,127400
EQUITAS30JAN20107.5CE.NFO,07/01/2020,09:46:25,2.9,2.85,4900,2.95,14700,4900,127400
EQUITAS30JAN20107.5CE.NFO,07/01/2020,09:46:31,2.9,2.8,14700,2.95,14700,0,127400
EQUITAS30JAN20107.5CE.NFO,07/01/2020,09:46:42,2.9,2.8,14700,2.95,9800,0,127400
EQUITAS30JAN20107.5CE.NFO,07/01/2020,09:46:47,2.9,2.85,4900,2.95,4900,0,127400
EQUITAS30JAN20107.5CE.NFO,07/01/2020,09:46:52,2.9,2.85,4900,3,9800,4900,127400
EQUITAS30JAN20107.5CE.NFO,07/01/2020,09:46:56,2.9,2.85,4900,3,9800,0,127400
EQUITAS30JAN20107.5CE.NFO,07/01/2020,09:47:04,2.9,2.85,9800,3,9800,0,127400
EQUITAS30JAN20107.5CE.NFO,07/01/2020,09:47:22,2.9,2.85,19600,3,4900,0,127400
EQUITAS30JAN20107.5CE.NFO,07/01/2020,09:47:39,2.9,2.9,4900,3,4900,0,127400
EQUITAS30JAN20107.5CE.NFO,07/01/2020,09:47:44,2.9,2.85,24500,3,4900,0,127400
EQUITAS30JAN20107.5CE.NFO,07/01/2020,09:47:58,2.9,2.85,24500,3,9800,0,127400
EQUITAS30JAN20107.5CE.NFO,07/01/2020,09:48:03,2.9,2.85,24500,3,14700,0,127400
EQUITAS30JAN20107.5CE.NFO,07/01/2020,09:48:12,2.9,2.85,19600,3,9800,0,127400
EQUITAS30JAN20107.5CE.NFO,07/01/2020,09:48:15,2.9,2.85,24500,3,9800,0,127400
EQUITAS30JAN20107.5CE.NFO,07/01/2020,09:48:20,2.9,2.85,19600,3,9800,0,127400
EQUITAS30JAN20107.5CE.NFO,07/01/2020,09:48:41,2.9,2.85,14700,3,9800,0,127400
EQUITAS30JAN20107.5CE.NFO,07/01/2020,09:48:46,2.9,2.85,19600,3,9800,0,127400
EQUITAS30JAN20107.5CE.NFO,07/01/2020,09:48:58,2.9,2.85,19600,3,14700,0,127400
EQUITAS30JAN20107.5CE.NFO,07/01/2020,09:49:02,2.9,2.85,19600,3,4900,0,127400
EQUITAS30JAN20107.5CE.NFO,07/01/2020,09:49:27,2.9,2.85,9800,2.95,4900,0,127400
EQUITAS30JAN20107.5CE.NFO,07/01/2020,09:49:33,2.9,2.85,4900,2.95,4900,0,127400
EQUITAS30JAN20107.5CE.NFO,07/01/2020,09:49:38,2.9,2.85,9800,3,14700,0,127400
EQUITAS30JAN20107.5CE.NFO,07/01/2020,09:50:42,2.9,2.8,24500,3,9800,0,127400
EQUITAS30JAN20107.5CE.NFO,07/01/2020,09:50:47,2.9,2.85,19600,3,9800,0,127400
EQUITAS30JAN20107.5CE.NFO,07/01/2020,09:50:56,2.9,2.85,4900,3,9800,0,127400
EQUITAS30JAN20107.5CE.NFO,07/01/2020,09:51:00,2.9,2.85,14700,3,9800,0,127400
EQUITAS30JAN20107.5CE.NFO,07/01/2020,09:51:05,2.9,2.85,9800,3,9800,0,127400
EQUITAS30JAN20107.5CE.NFO,07/01/2020,09:51:18,2.9,2.85,14700,3,9800,0,127400
EQUITAS30JAN20107.5CE.NFO,07/01/2020,09:51:23,2.9,2.8,24500,2.95,4900,0,127400
EQUITAS30JAN20107.5CE.NFO,07/01/2020,09:51:48,2.9,2.8,14700,2.95,4900,0,127400
EQUITAS30JAN20107.5CE.NFO,07/01/2020,09:52:03,2.9,2.8,19600,2.95,4900,0,127400
EQUITAS30JAN20107.5CE.NFO,07/01/2020,09:52:25,2.9,2.8,14700,2.95,14700,0,127400
EQUITAS30JAN20107.5CE.NFO,07/01/2020,09:52:35,2.9,2.8,19600,2.95,4900,0,127400
EQUITAS30JAN20107.5CE.NFO,07/01/2020,09:52:53,2.9,2.8,14700,2.95,4900,0,127400
EQUITAS30JAN20107.5CE.NFO,07/01/2020,09:53:11,2.9,2.75,9800,2.9,4900,0,127400
EQUITAS30JAN20107.5CE.NFO,07/01/2020,09:53:21,2.9,2.75,14700,2.9,4900,0,127400
EQUITAS30JAN20107.5CE.NFO,07/01/2020,09:53:26,2.9,2.75,19600,2.9,9800,0,127400
EQUITAS30JAN20107.5CE.NFO,07/01/2020,09:53:30,2.9,2.75,19600,2.9,4900,0,127400
EQUITAS30JAN20107.5CE.NFO,07/01/2020,09:53:34,2.9,2.75,14700,2.9,4900,0,127400
EQUITAS30JAN20107.5CE.NFO,07/01/2020,09:53:38,2.9,2.75,19600,2.9,4900,0,127400
EQUITAS30JAN20107.5CE.NFO,07/01/2020,09:53:51,2.9,2.75,19600,2.9,9800,0,127400
EQUITAS30JAN20107.5CE.NFO,07/01/2020,09:54:06,2.9,2.75,9800,2.9,9800,0,127400
EQUITAS30JAN20107.5CE.NFO,07/01/2020,09:54:39,2.9,2.75,14700,2.9,9800,0,127400
EQUITAS30JAN20107.5CE.NFO,07/01/2020,09:54:44,2.9,2.75,14700,2.9,14700,0,127400
EQUITAS30JAN20107.5CE.NFO,07/01/2020,09:54:56,2.9,2.8,9800,2.9,9800,0,127400
EQUITAS30JAN20107.5CE.NFO,07/01/2020,09:55:00,2.9,2.8,4900,2.9,9800,0,127400
EQUITAS30JAN20107.5CE.NFO,07/01/2020,09:55:05,2.9,2.75,14700,2.9,24500,0,127400
EQUITAS30JAN20107.5CE.NFO,07/01/2020,09:55:10,2.9,2.8,4900,2.9,24500,0,127400
EQUITAS30JAN20107.5CE.NFO,07/01/2020,09:55:15,2.9,2.75,9800,2.85,4900,0,127400
EQUITAS30JAN20107.5CE.NFO,07/01/2020,09:55:20,2.9,2.75,14700,2.9,19600,0,127400
EQUITAS30JAN20107.5CE.NFO,07/01/2020,09:55:28,2.9,2.7,9800,2.8,4900,0,127400
EQUITAS30JAN20107.5CE.NFO,07/01/2020,09:55:36,2.9,2.7,14700,2.85,14700,0,127400
EQUITAS30JAN20107.5CE.NFO,07/01/2020,09:55:41,2.9,2.7,4900,2.8,9800,0,127400
EQUITAS30JAN20107.5CE.NFO,07/01/2020,09:55:50,2.9,2.7,14700,2.8,4900,0,127400
EQUITAS30JAN20107.5CE.NFO,07/01/2020,09:56:00,2.9,2.7,14700,2.8,9800,0,127400
EQUITAS30JAN20107.5CE.NFO,07/01/2020,09:56:14,2.9,2.7,9800,2.8,9800,0,127400
EQUITAS30JAN20107.5CE.NFO,07/01/2020,09:56:19,2.9,2.7,14700,2.8,9800,0,127400
EQUITAS30JAN20107.5CE.NFO,07/01/2020,09:56:29,2.9,2.7,14700,2.8,4900,0,127400
EQUITAS30JAN20107.5CE.NFO,07/01/2020,09:56:37,2.9,2.7,9800,2.8,4900,0,127400
EQUITAS30JAN20107.5CE.NFO,07/01/2020,09:56:50,2.9,2.7,9800,2.8,9800,0,127400
EQUITAS30JAN20107.5CE.NFO,07/01/2020,09:56:59,2.9,2.7,14700,2.8,9800,0,127400
EQUITAS30JAN20107.5CE.NFO,07/01/2020,09:57:17,2.9,2.7,14700,2.85,9800,0,127400
EQUITAS30JAN20107.5CE.NFO,07/01/2020,09:57:29,2.9,2.7,9800,2.85,9800,0,127400
EQUITAS30JAN20107.5CE.NFO,07/01/2020,09:57:51,2.9,2.7,14700,2.85,9800,0,127400
EQUITAS30JAN20107.5CE.NFO,07/01/2020,09:58:22,2.9,2.7,9800,2.8,4900,0,127400
EQUITAS30JAN20107.5CE.NFO,07/01/2020,09:58:26,2.9,2.65,19600,2.75,4900,0,127400
EQUITAS30JAN20107.5CE.NFO,07/01/2020,09:58:31,2.9,2.65,4900,2.75,4900,0,127400
EQUITAS30JAN20107.5CE.NFO,07/01/2020,09:58:45,2.9,2.65,9800,2.75,4900,0,127400
EQUITAS30JAN20107.5CE.NFO,07/01/2020,09:58:56,2.9,2.65,14700,2.8,14700,0,127400
EQUITAS30JAN20107.5CE.NFO,07/01/2020,09:59:01,2.9,2.65,14700,2.8,9800,0,127400
EQUITAS30JAN20107.5CE.NFO,07/01/2020,09:59:11,2.9,2.65,9800,2.8,9800,0,127400
EQUITAS30JAN20107.5CE.NFO,07/01/2020,09:59:16,2.9,2.65,14700,2.8,9800,0,127400
EQUITAS30JAN20107.5CE.NFO,07/01/2020,09:59:25,2.9,2.65,4900,2.8,14700,0,127400
EQUITAS30JAN20107.5CE.NFO,07/01/2020,09:59:29,2.9,2.65,14700,2.8,9800,0,127400
EQUITAS30JAN20107.5CE.NFO,07/01/2020,09:59:44,2.9,2.7,14700,2.8,4900,0,127400
EQUITAS30JAN20107.5CE.NFO,07/01/2020,09:59:52,2.9,2.65,9800,2.8,24500,0,127400
EQUITAS30JAN20107.5CE.NFO,07/01/2020,09:59:58,2.9,2.65,4900,2.8,24500,0,127400
EQUITAS30JAN20107.5CE.NFO,07/01/2020,10:00:01,2.9,2.65,4900,2.75,14700,0,127400
EQUITAS30JAN20107.5CE.NFO,07/01/2020,10:00:10,2.9,2.6,14700,2.75,9800,0,127400
EQUITAS30JAN20107.5CE.NFO,07/01/2020,10:00:19,2.9,2.6,14700,2.75,14700,0,127400
EQUITAS30JAN20107.5CE.NFO,07/01/2020,10:00:24,2.9,2.6,9800,2.75,14700,0,127400
EQUITAS30JAN20107.5CE.NFO,07/01/2020,10:00:48,2.9,2.5,19600,2.65,19600,0,127400
EQUITAS30JAN20107.5CE.NFO,07/01/2020,10:01:06,2.9,2.5,24500,2.6,4900,0,127400
EQUITAS30JAN20107.5CE.NFO,07/01/2020,10:01:11,2.5,2.5,9800,2.6,9800,14700,132300
EQUITAS30JAN20107.5CE.NFO,07/01/2020,10:01:11,2.5,2.5,9800,2.6,9800,0,132300
EQUITAS30JAN20107.5CE.NFO,07/01/2020,10:01:17,2.5,2.5,9800,2.6,4900,0,132300
EQUITAS30JAN20107.5CE.NFO,07/01/2020,10:01:24,2.5,2.5,9800,2.65,19600,0,132300
EQUITAS30JAN20107.5CE.NFO,07/01/2020,10:01:30,2.5,2.5,4900,2.6,14700,0,132300
EQUITAS30JAN20107.5CE.NFO,07/01/2020,10:01:35,2.5,2.5,9800,2.6,4900,0,132300
EQUITAS30JAN20107.5CE.NFO,07/01/2020,10:01:41,2.5,2.5,9800,2.6,9800,0,132300
EQUITAS30JAN20107.5CE.NFO,07/01/2020,10:01:47,2.5,2.5,4900,2.6,9800,0,132300
EQUITAS30JAN20107.5CE.NFO,07/01/2020,10:01:52,2.5,2.5,4900,2.6,4900,0,132300
EQUITAS30JAN20107.5CE.NFO,07/01/2020,10:01:57,2.5,2.45,14700,2.6,14700,0,132300
EQUITAS30JAN20107.5CE.NFO,07/01/2020,10:02:03,2.5,2.5,9800,2.6,14700,0,132300
EQUITAS30JAN20107.5CE.NFO,07/01/2020,10:02:08,2.5,2.5,4900,2.6,14700,4900,132300
EQUITAS30JAN20107.5CE.NFO,07/01/2020,10:02:14,2.5,2.5,9800,2.6,9800,0,132300
EQUITAS30JAN20107.5CE.NFO,07/01/2020,10:02:19,2.5,2.5,9800,2.6,14700,0,132300
EQUITAS30JAN20107.5CE.NFO,07/01/2020,10:02:25,2.5,2.5,9800,2.55,4900,0,132300
EQUITAS30JAN20107.5CE.NFO,07/01/2020,10:02:35,2.5,2.5,4900,2.6,14700,0,132300
EQUITAS30JAN20107.5CE.NFO,07/01/2020,10:02:56,2.5,2.5,14700,2.6,14700,0,132300
EQUITAS30JAN20107.5CE.NFO,07/01/2020,10:03:15,2.5,2.5,4900,2.55,4900,0,132300
EQUITAS30JAN20107.5CE.NFO,07/01/2020,10:03:34,2.5,2.5,9800,2.6,14700,0,132300
EQUITAS30JAN20107.5CE.NFO,07/01/2020,10:03:40,2.5,2.45,19600,2.55,4900,0,132300
EQUITAS30JAN20107.5CE.NFO,07/01/2020,10:04:17,2.5,2.45,14700,2.55,4900,0,132300
EQUITAS30JAN20107.5CE.NFO,07/01/2020,10:04:51,2.5,2.45,9800,2.5,4900,4900,127400
EQUITAS30JAN20107.5CE.NFO,07/01/2020,10:04:55,2.5,2.45,9800,2.5,4900,0,127400
EQUITAS30JAN20107.5CE.NFO,07/01/2020,10:05:11,2.45,2.4,14700,2.5,4900,9800,127400
EQUITAS30JAN20107.5CE.NFO,07/01/2020,10:05:11,2.45,2.4,14700,2.5,4900,0,127400
EQUITAS30JAN20107.5CE.NFO,07/01/2020,10:05:15,2.45,2.4,14700,2.5,4900,0,127400
EQUITAS30JAN20107.5CE.NFO,07/01/2020,10:05:50,2.45,2.4,14700,2.55,9800,0,127400
EQUITAS30JAN20107.5CE.NFO,07/01/2020,10:05:55,2.45,2.4,9800,2.55,9800,0,127400
EQUITAS30JAN20107.5CE.NFO,07/01/2020,10:06:00,2.45,2.4,14700,2.55,9800,0,127400
EQUITAS30JAN20107.5CE.NFO,07/01/2020,10:06:10,2.45,2.4,4900,2.5,9800,0,127400
EQUITAS30JAN20107.5CE.NFO,07/01/2020,10:06:18,2.45,2.35,19600,2.5,9800,0,127400
EQUITAS30JAN20107.5CE.NFO,07/01/2020,10:06:27,2.45,2.3,9800,2.45,14700,0,127400
EQUITAS30JAN20107.5CE.NFO,07/01/2020,10:06:33,2.45,2.3,19600,2.4,4900,0,127400
EQUITAS30JAN20107.5CE.NFO,07/01/2020,10:06:38,2.45,2.3,4900,2.4,4900,0,127400
EQUITAS30JAN20107.5CE.NFO,07/01/2020,10:06:43,2.45,2.3,9800,2.4,4900,0,127400
EQUITAS30JAN20107.5CE.NFO,07/01/2020,10:06:48,2.45,2.3,14700,2.45,14700,0,127400
EQUITAS30JAN20107.5CE.NFO,07/01/2020,10:07:14,2.45,2.3,14700,2.45,9800,0,127400
EQUITAS30JAN20107.5CE.NFO,07/01/2020,10:07:40,2.45,2.35,9800,2.45,9800,0,127400
EQUITAS30JAN20107.5CE.NFO,07/01/2020,10:07:50,2.45,2.35,9800,2.45,4900,0,127400
EQUITAS30JAN20107.5CE.NFO,07/01/2020,10:07:55,2.45,2.4,14700,2.55,19600,0,127400
EQUITAS30JAN20107.5CE.NFO,07/01/2020,10:08:09,2.45,2.4,9800,2.55,19600,0,127400
EQUITAS30JAN20107.5CE.NFO,07/01/2020,10:08:29,2.45,2.4,9800,2.55,24500,0,127400
EQUITAS30JAN20107.5CE.NFO,07/01/2020,10:08:33,2.45,2.35,9800,2.55,24500,0,127400
EQUITAS30JAN20107.5CE.NFO,07/01/2020,10:08:43,2.45,2.35,14700,2.55,24500,0,127400
EQUITAS30JAN20107.5CE.NFO,07/01/2020,10:08:48,2.45,2.35,14700,2.55,19600,0,127400
EQUITAS30JAN20107.5CE.NFO,07/01/2020,10:09:13,2.45,2.35,9800,2.55,19600,0,127400
EQUITAS30JAN20107.5CE.NFO,07/01/2020,10:09:17,2.45,2.35,4900,2.55,19600,0,127400
EQUITAS30JAN20107.5CE.NFO,07/01/2020,10:09:32,2.45,2.35,9800,2.55,19600,0,127400
EQUITAS30JAN20107.5CE.NFO,07/01/2020,10:09:36,2.45,2.35,14700,2.55,19600,0,127400
EQUITAS30JAN20107.5CE.NFO,07/01/2020,10:09:45,2.45,2.35,14700,2.55,24500,0,127400
EQUITAS30JAN20107.5CE.NFO,07/01/2020,10:10:09,2.45,2.35,14700,2.55,19600,0,127400
EQUITAS30JAN20107.5CE.NFO,07/01/2020,10:10:12,2.45,2.35,9800,2.55,19600,0,127400
EQUITAS30JAN20107.5CE.NFO,07/01/2020,10:10:14,2.45,2.35,9800,2.55,24500,0,127400
EQUITAS30JAN20107.5CE.NFO,07/01/2020,10:10:17,2.45,2.35,9800,2.55,19600,0,127400
EQUITAS30JAN20107.5CE.NFO,07/01/2020,10:10:18,2.45,2.35,9800,2.55,24500,0,127400
EQUITAS30JAN20107.5CE.NFO,07/01/2020,10:10:22,2.45,2.35,9800,2.55,19600,0,127400
EQUITAS30JAN20107.5CE.NFO,07/01/2020,10:10:23,2.45,2.35,4900,2.55,19600,0,127400
EQUITAS30JAN20107.5CE.NFO,07/01/2020,10:10:24,2.45,2.35,9800,2.55,24500,0,127400
EQUITAS30JAN20107.5CE.NFO,07/01/2020,10:10:25,2.45,2.35,9800,2.55,19600,0,127400
EQUITAS30JAN20107.5CE.NFO,07/01/2020,10:10:31,2.45,2.35,14700,2.55,19600,0,127400
EQUITAS30JAN20107.5CE.NFO,07/01/2020,10:10:33,2.45,2.35,14700,2.55,24500,0,127400
EQUITAS30JAN20107.5CE.NFO,07/01/2020,10:10:34,2.45,2.35,19600,2.55,9800,0,127400
EQUITAS30JAN20107.5CE.NFO,07/01/2020,10:10:39,2.45,2.35,19600,2.5,4900,0,127400
EQUITAS30JAN20107.5CE.NFO,07/01/2020,10:10:43,2.45,2.35,19600,2.5,9800,0,127400
EQUITAS30JAN20107.5CE.NFO,07/01/2020,10:10:51,2.45,2.35,24500,2.55,14700,0,127400
EQUITAS30JAN20107.5CE.NFO,07/01/2020,10:10:53,2.45,2.35,24500,2.5,4900,0,127400
EQUITAS30JAN20107.5CE.NFO,07/01/2020,10:11:03,2.45,2.4,9800,2.55,14700,0,127400
EQUITAS30JAN20107.5CE.NFO,07/01/2020,10:11:04,2.45,2.4,14700,2.5,4900,0,127400
EQUITAS30JAN20107.5CE.NFO,07/01/2020,10:11:05,2.45,2.4,24500,2.55,9800,0,127400
EQUITAS30JAN20107.5CE.NFO,07/01/2020,10:11:10,2.45,2.4,19600,2.55,9800,0,127400
EQUITAS30JAN20107.5CE.NFO,07/01/2020,10:11:11,2.45,2.4,24500,2.55,9800,0,127400
EQUITAS30JAN20107.5CE.NFO,07/01/2020,10:11:16,2.45,2.4,14700,2.5,4900,0,127400
EQUITAS30JAN20107.5CE.NFO,07/01/2020,10:11:24,2.45,2.4,24500,2.55,9800,0,127400
EQUITAS30JAN20107.5CE.NFO,07/01/2020,10:11:31,2.45,2.4,19600,2.55,9800,0,127400
EQUITAS30JAN20107.5CE.NFO,07/01/2020,10:11:39,2.45,2.4,19600,2.5,4900,0,127400
EQUITAS30JAN20107.5CE.NFO,07/01/2020,10:11:43,2.45,2.4,24500,2.55,4900,0,127400
EQUITAS30JAN20107.5CE.NFO,07/01/2020,10:11:48,2.45,2.4,19600,2.5,4900,0,127400
EQUITAS30JAN20107.5CE.NFO,07/01/2020,10:11:51,2.45,2.4,24500,2.5,4900,0,127400
EQUITAS30JAN20107.5CE.NFO,07/01/2020,10:12:00,2.45,2.4,24500,2.55,9800,0,127400
EQUITAS30JAN20107.5CE.NFO,07/01/2020,10:12:08,2.45,2.4,24500,2.5,4900,0,127400
EQUITAS30JAN20107.5CE.NFO,07/01/2020,10:12:16,2.45,2.4,19600,2.5,4900,0,127400
EQUITAS30JAN20107.5CE.NFO,07/01/2020,10:12:20,2.45,2.4,24500,2.55,9800,0,127400
EQUITAS30JAN20107.5CE.NFO,07/01/2020,10:12:33,2.45,2.45,14700,2.6,9800,0,127400
EQUITAS30JAN20107.5CE.NFO,07/01/2020,10:12:38,2.45,2.4,24500,2.55,9800,0,127400
EQUITAS30JAN20107.5CE.NFO,07/01/2020,10:12:42,2.45,2.4,29400,2.55,9800,0,127400
EQUITAS30JAN20107.5CE.NFO,07/01/2020,10:12:53,2.45,2.45,19600,2.6,9800,0,127400
EQUITAS30JAN20107.5CE.NFO,07/01/2020,10:13:05,2.45,2.45,29400,2.6,9800,0,127400
EQUITAS30JAN20107.5CE.NFO,07/01/2020,10:13:43,2.45,2.5,14700,2.6,4900,0,127400
EQUITAS30JAN20107.5CE.NFO,07/01/2020,10:13:53,2.45,2.5,9800,2.6,4900,0,127400
EQUITAS30JAN20107.5CE.NFO,07/01/2020,10:14:02,2.45,2.5,4900,2.6,4900,0,127400
EQUITAS30JAN20107.5CE.NFO,07/01/2020,10:14:08,2.45,2.5,4900,2.6,9800,0,127400
EQUITAS30JAN20107.5CE.NFO,07/01/2020,10:14:13,2.45,2.5,9800,2.6,9800,0,127400
EQUITAS30JAN20107.5CE.NFO,07/01/2020,10:14:18,2.45,2.5,4900,2.6,9800,0,127400
EQUITAS30JAN20107.5CE.NFO,07/01/2020,10:14:23,2.45,2.5,9800,2.65,14700,0,127400
EQUITAS30JAN20107.5CE.NFO,07/01/2020,10:14:28,2.45,2.5,9800,2.65,9800,0,127400
EQUITAS30JAN20107.5CE.NFO,07/01/2020,10:14:33,2.45,2.5,14700,2.65,14700,0,127400
EQUITAS30JAN20107.5CE.NFO,07/01/2020,10:14:43,2.45,2.45,19600,2.6,9800,0,127400
EQUITAS30JAN20107.5CE.NFO,07/01/2020,10:14:52,2.45,2.45,14700,2.6,9800,0,127400
EQUITAS30JAN20107.5CE.NFO,07/01/2020,10:15:07,2.45,2.45,9800,2.55,9800,0,127400
EQUITAS30JAN20107.5CE.NFO,07/01/2020,10:15:12,2.45,2.45,4900,2.55,9800,0,127400
EQUITAS30JAN20107.5CE.NFO,07/01/2020,10:15:17,2.45,2.45,9800,2.55,9800,0,127400
EQUITAS30JAN20107.5CE.NFO,07/01/2020,10:15:22,2.45,2.45,9800,2.55,4900,0,127400
EQUITAS30JAN20107.5CE.NFO,07/01/2020,10:15:28,2.45,2.45,9800,2.55,9800,0,127400
EQUITAS30JAN20107.5CE.NFO,07/01/2020,10:15:33,2.45,2.4,24500,2.55,9800,4900,132300
EQUITAS30JAN20107.5CE.NFO,07/01/2020,10:15:47,2.45,2.4,24500,2.55,9800,0,132300
EQUITAS30JAN20107.5CE.NFO,07/01/2020,10:16:27,2.45,2.4,24500,2.6,14700,0,132300
EQUITAS30JAN20107.5CE.NFO,07/01/2020,10:16:36,2.45,2.4,29400,2.6,14700,0,132300
EQUITAS30JAN20107.5CE.NFO,07/01/2020,10:16:41,2.45,2.4,24500,2.55,9800,0,132300
EQUITAS30JAN20107.5CE.NFO,07/01/2020,10:16:45,2.45,2.4,24500,2.6,14700,0,132300
EQUITAS30JAN20107.5CE.NFO,07/01/2020,10:17:01,2.45,2.45,14700,2.6,9800,0,132300
EQUITAS30JAN20107.5CE.NFO,07/01/2020,10:17:13,2.45,2.45,14700,2.55,9800,0,132300
EQUITAS30JAN20107.5CE.NFO,07/01/2020,10:17:17,2.45,2.45,19600,2.6,9800,0,132300
EQUITAS30JAN20107.5CE.NFO,07/01/2020,10:17:25,2.45,2.45,9800,2.55,9800,0,132300
EQUITAS30JAN20107.5CE.NFO,07/01/2020,10:17:38,2.45,2.45,9800,2.55,14700,0,132300
EQUITAS30JAN20107.5CE.NFO,07/01/2020,10:17:42,2.55,2.5,24500,2.65,29400,4900,132300
EQUITAS30JAN20107.5CE.NFO,07/01/2020,10:17:46,2.55,2.45,19600,2.6,14700,0,137200
EQUITAS30JAN20107.5CE.NFO,07/01/2020,10:17:50,2.55,2.5,19600,2.6,4900,0,137200
EQUITAS30JAN20107.5CE.NFO,07/01/2020,10:17:54,2.55,2.5,19600,2.6,9800,0,137200
EQUITAS30JAN20107.5CE.NFO,07/01/2020,10:17:57,2.55,2.5,9800,2.6,9800,0,137200
EQUITAS30JAN20107.5CE.NFO,07/01/2020,10:18:01,2.55,2.5,9800,2.6,14700,0,137200
EQUITAS30JAN20107.5CE.NFO,07/01/2020,10:18:12,2.55,2.5,14700,2.6,14700,0,137200
EQUITAS30JAN20107.5CE.NFO,07/01/2020,10:18:21,2.55,2.5,14700,2.6,9800,0,137200
EQUITAS30JAN20107.5CE.NFO,07/01/2020,10:18:25,2.55,2.5,14700,2.6,14700,0,137200
EQUITAS30JAN20107.5CE.NFO,07/01/2020,10:18:29,2.55,2.5,14700,2.6,9800,0,137200
EQUITAS30JAN20107.5CE.NFO,07/01/2020,10:18:38,2.55,2.5,14700,2.6,14700,0,137200
EQUITAS30JAN20107.5CE.NFO,07/01/2020,10:18:53,2.55,2.5,4900,2.6,19600,0,137200
EQUITAS30JAN20107.5CE.NFO,07/01/2020,10:19:11,2.55,2.45,9800,2.55,9800,4900,137200
EQUITAS30JAN20107.5CE.NFO,07/01/2020,10:19:20,2.55,2.45,14700,2.6,19600,0,137200
EQUITAS30JAN20107.5CE.NFO,07/01/2020,10:19:25,2.55,2.45,14700,2.55,9800,0,137200
EQUITAS30JAN20107.5CE.NFO,07/01/2020,10:19:39,2.55,2.45,9800,2.55,9800,0,137200
EQUITAS30JAN20107.5CE.NFO,07/01/2020,10:19:53,2.55,2.45,14700,2.55,14700,0,137200
EQUITAS30JAN20107.5CE.NFO,07/01/2020,10:20:01,2.55,2.45,14700,2.55,9800,0,137200
EQUITAS30JAN20107.5CE.NFO,07/01/2020,10:20:06,2.55,2.45,4900,2.55,14700,0,137200
EQUITAS30JAN20107.5CE.NFO,07/01/2020,10:20:47,2.55,2.45,19600,2.6,19600,0,137200
EQUITAS30JAN20107.5CE.NFO,07/01/2020,10:21:09,2.55,2.45,19600,2.6,14700,0,137200
EQUITAS30JAN20107.5CE.NFO,07/01/2020,10:21:21,2.55,2.45,19600,2.6,19600,0,137200
EQUITAS30JAN20107.5CE.NFO,07/01/2020,10:21:37,2.55,2.45,14700,2.55,9800,0,137200
EQUITAS30JAN20107.5CE.NFO,07/01/2020,10:21:57,2.55,2.4,24500,2.55,14700,0,137200
EQUITAS30JAN20107.5CE.NFO,07/01/2020,10:22:05,2.55,2.4,24500,2.5,4900,0,137200
EQUITAS30JAN20107.5CE.NFO,07/01/2020,10:22:14,2.55,2.45,9800,2.5,4900,0,137200
EQUITAS30JAN20107.5CE.NFO,07/01/2020,10:22:18,2.55,2.45,9800,2.55,14700,0,137200
EQUITAS30JAN20107.5CE.NFO,07/01/2020,10:22:45,2.55,2.4,24500,2.55,14700,0,137200
EQUITAS30JAN20107.5CE.NFO,07/01/2020,10:22:56,2.55,2.4,24500,2.5,4900,0,137200
EQUITAS30JAN20107.5CE.NFO,07/01/2020,10:23:01,2.55,2.4,24500,2.55,14700,0,137200
EQUITAS30JAN20107.5CE.NFO,07/01/2020,10:23:07,2.55,2.4,24500,2.55,9800,0,137200
EQUITAS30JAN20107.5CE.NFO,07/01/2020,10:24:15,2.55,2.4,24500,2.5,4900,0,137200
EQUITAS30JAN20107.5CE.NFO,07/01/2020,10:24:19,2.55,2.4,24500,2.55,9800,0,137200
EQUITAS30JAN20107.5CE.NFO,07/01/2020,10:24:56,2.55,2.4,24500,2.5,9800,0,137200
EQUITAS30JAN20107.5CE.NFO,07/01/2020,10:25:01,2.55,2.4,4900,2.5,9800,0,137200
EQUITAS30JAN20107.5CE.NFO,07/01/2020,10:25:05,2.55,2.35,24500,2.45,4900,0,137200
EQUITAS30JAN20107.5CE.NFO,07/01/2020,10:25:12,2.55,2.35,24500,2.45,9800,0,137200
EQUITAS30JAN20107.5CE.NFO,07/01/2020,10:25:16,2.55,2.3,24500,2.45,9800,0,137200
EQUITAS30JAN20107.5CE.NFO,07/01/2020,10:25:25,2.55,2.3,24500,2.4,4900,0,137200
EQUITAS30JAN20107.5CE.NFO,07/01/2020,10:25:34,2.55,2.3,24500,2.4,9800,0,137200
EQUITAS30JAN20107.5CE.NFO,07/01/2020,10:26:12,2.55,2.3,24500,2.4,4900,0,137200
EQUITAS30JAN20107.5CE.NFO,07/01/2020,10:26:40,2.55,2.3,29400,2.4,4900,0,137200
EQUITAS30JAN20107.5CE.NFO,07/01/2020,10:26:47,2.4,2.3,29400,2.45,14700,4900,137200
EQUITAS30JAN20107.5CE.NFO,07/01/2020,10:26:47,2.4,2.3,29400,2.45,14700,0,137200
EQUITAS30JAN20107.5CE.NFO,07/01/2020,10:26:50,2.4,2.3,29400,2.45,9800,0,127400
EQUITAS30JAN20107.5CE.NFO,07/01/2020,10:26:53,2.4,2.3,29400,2.4,9800,0,127400
EQUITAS30JAN20107.5CE.NFO,07/01/2020,10:27:00,2.4,2.3,29400,2.4,4900,0,127400
EQUITAS30JAN20107.5CE.NFO,07/01/2020,10:27:04,2.4,2.3,29400,2.4,9800,0,127400
EQUITAS30JAN20107.5CE.NFO,07/01/2020,10:27:23,2.4,2.3,29400,2.4,4900,0,127400
EQUITAS30JAN20107.5CE.NFO,07/01/2020,10:27:45,2.4,2.3,29400,2.45,9800,4900,127400
EQUITAS30JAN20107.5CE.NFO,07/01/2020,10:27:51,2.4,2.3,29400,2.45,9800,0,127400
EQUITAS30JAN20107.5CE.NFO,07/01/2020,10:28:02,2.4,2.35,24500,2.45,4900,0,127400
EQUITAS30JAN20107.5CE.NFO,07/01/2020,10:28:17,2.4,2.35,24500,2.5,14700,0,127400
EQUITAS30JAN20107.5CE.NFO,07/01/2020,10:28:21,2.4,2.35,24500,2.45,4900,0,127400
EQUITAS30JAN20107.5CE.NFO,07/01/2020,10:28:25,2.4,2.35,29400,2.45,4900,0,127400
EQUITAS30JAN20107.5CE.NFO,07/01/2020,10:28:29,2.4,2.35,29400,2.5,9800,0,127400
EQUITAS30JAN20107.5CE.NFO,07/01/2020,10:28:37,2.4,2.4,14700,2.5,24500,0,127400
EQUITAS30JAN20107.5CE.NFO,07/01/2020,10:28:41,2.4,2.35,24500,2.5,24500,0,127400
EQUITAS30JAN20107.5CE.NFO,07/01/2020,10:28:47,2.4,2.35,24500,2.45,4900,0,127400
EQUITAS30JAN20107.5CE.NFO,07/01/2020,10:29:00,2.4,2.4,19600,2.5,9800,0,127400
EQUITAS30JAN20107.5CE.NFO,07/01/2020,10:29:09,2.4,2.4,19600,2.5,4900,0,127400
EQUITAS30JAN20107.5CE.NFO,07/01/2020,10:29:46,2.4,2.4,9800,2.5,9800,0,127400
EQUITAS30JAN20107.5CE.NFO,07/01/2020,10:29:50,2.4,2.4,9800,2.5,14700,0,127400
EQUITAS30JAN20107.5CE.NFO,07/01/2020,10:29:52,2.4,2.4,9800,2.5,9800,0,127400
EQUITAS30JAN20107.5CE.NFO,07/01/2020,10:29:55,2.4,2.4,19600,2.5,9800,0,127400
EQUITAS30JAN20107.5CE.NFO,07/01/2020,10:30:05,2.4,2.4,14700,2.5,9800,0,127400
EQUITAS30JAN20107.5CE.NFO,07/01/2020,10:30:08,2.4,2.4,19600,2.5,9800,0,127400
EQUITAS30JAN20107.5CE.NFO,07/01/2020,10:30:27,2.4,2.4,14700,2.5,9800,0,127400
EQUITAS30JAN20107.5CE.NFO,07/01/2020,10:30:34,2.4,2.4,14700,2.5,4900,0,127400
EQUITAS30JAN20107.5CE.NFO,07/01/2020,10:30:51,2.4,2.4,19600,2.5,4900,0,127400
EQUITAS30JAN20107.5CE.NFO,07/01/2020,10:32:15,2.4,2.4,9800,2.5,9800,0,127400
EQUITAS30JAN20107.5CE.NFO,07/01/2020,10:32:37,2.4,2.4,14700,2.5,9800,0,127400
EQUITAS30JAN20107.5CE.NFO,07/01/2020,10:32:48,2.4,2.4,14700,2.5,4900,0,127400
EQUITAS30JAN20107.5CE.NFO,07/01/2020,10:32:51,2.4,2.4,19600,2.5,4900,0,127400
EQUITAS30JAN20107.5CE.NFO,07/01/2020,10:32:55,2.4,2.4,14700,2.5,4900,0,127400
EQUITAS30JAN20107.5CE.NFO,07/01/2020,10:33:08,2.4,2.4,9800,2.5,4900,0,127400
EQUITAS30JAN20107.5CE.NFO,07/01/2020,10:33:13,2.4,2.4,9800,2.5,9800,0,127400
EQUITAS30JAN20107.5CE.NFO,07/01/2020,10:33:24,2.4,2.35,4900,2.45,9800,0,127400
EQUITAS30JAN20107.5CE.NFO,07/01/2020,10:33:27,2.4,2.35,14700,2.45,14700,0,127400
EQUITAS30JAN20107.5CE.NFO,07/01/2020,10:33:34,2.4,2.35,14700,2.45,9800,0,127400
EQUITAS30JAN20107.5CE.NFO,07/01/2020,10:33:45,2.4,2.35,14700,2.45,9800,4900,132300
EQUITAS30JAN20107.5CE.NFO,07/01/2020,10:33:48,2.4,2.35,14700,2.45,4900,0,132300
EQUITAS30JAN20107.5CE.NFO,07/01/2020,10:34:09,2.4,2.35,14700,2.45,9800,0,132300
EQUITAS30JAN20107.5CE.NFO,07/01/2020,10:34:14,2.4,2.35,14700,2.45,14700,0,132300
EQUITAS30JAN20107.5CE.NFO,07/01/2020,10:34:23,2.4,2.35,14700,2.45,9800,0,132300
EQUITAS30JAN20107.5CE.NFO,07/01/2020,10:34:52,2.4,2.35,19600,2.45,9800,0,132300
EQUITAS30JAN20107.5CE.NFO,07/01/2020,10:34:58,2.4,2.35,14700,2.45,19600,0,132300
EQUITAS30JAN20107.5CE.NFO,07/01/2020,10:35:07,2.4,2.35,9800,2.45,19600,0,132300
EQUITAS30JAN20107.5CE.NFO,07/01/2020,10:35:09,2.4,2.35,9800,2.45,14700,0,132300
EQUITAS30JAN20107.5CE.NFO,07/01/2020,10:35:14,2.4,2.35,14700,2.45,14700,0,132300
EQUITAS30JAN20107.5CE.NFO,07/01/2020,10:35:20,2.4,2.35,14700,2.45,9800,0,132300
EQUITAS30JAN20107.5CE.NFO,07/01/2020,10:35:40,2.4,2.35,9800,2.5,14700,0,132300
EQUITAS30JAN20107.5CE.NFO,07/01/2020,10:35:46,2.4,2.35,9800,2.45,19600,0,132300
EQUITAS30JAN20107.5CE.NFO,07/01/2020,10:35:53,2.4,2.35,9800,2.45,4900,0,132300
EQUITAS30JAN20107.5CE.NFO,07/01/2020,10:36:02,2.4,2.35,4900,2.45,4900,0,132300
EQUITAS30JAN20107.5CE.NFO,07/01/2020,10:36:09,2.4,2.35,4900,2.45,9800,0,132300
EQUITAS30JAN20107.5CE.NFO,07/01/2020,10:36:29,2.4,2.4,4900,2.45,4900,0,132300
EQUITAS30JAN20107.5CE.NFO,07/01/2020,10:36:38,2.45,2.35,9800,2.45,4900,4900,137200
EQUITAS30JAN20107.5CE.NFO,07/01/2020,10:36:44,2.45,2.35,9800,2.5,14700,0,137200
EQUITAS30JAN20107.5CE.NFO,07/01/2020,10:36:47,2.45,2.35,9800,2.45,4900,0,137200
EQUITAS30JAN20107.5CE.NFO,07/01/2020,10:36:57,2.45,2.35,9800,2.5,14700,0,137200
EQUITAS30JAN20107.5CE.NFO,07/01/2020,10:38:25,2.45,2.35,14700,2.5,14700,0,137200
EQUITAS30JAN20107.5CE.NFO,07/01/2020,10:38:43,2.45,2.35,14700,2.5,9800,0,137200
EQUITAS30JAN20107.5CE.NFO,07/01/2020,10:39:04,2.45,2.35,14700,2.5,14700,0,137200
EQUITAS30JAN20107.5CE.NFO,07/01/2020,10:39:14,2.45,2.35,9800,2.5,14700,0,137200
EQUITAS30JAN20107.5CE.NFO,07/01/2020,10:39:27,2.45,2.35,4900,2.45,19600,0,137200
EQUITAS30JAN20107.5CE.NFO,07/01/2020,10:39:33,2.45,2.35,4900,2.45,9800,0,137200
EQUITAS30JAN20107.5CE.NFO,07/01/2020,10:40:00,2.45,2.35,14700,2.45,4900,0,137200
EQUITAS30JAN20107.5CE.NFO,07/01/2020,10:40:06,2.45,2.35,14700,2.5,9800,0,137200
EQUITAS30JAN20107.5CE.NFO,07/01/2020,10:40:15,2.45,2.35,14700,2.5,14700,0,137200
EQUITAS30JAN20107.5CE.NFO,07/01/2020,10:40:23,2.45,2.35,14700,2.5,9800,0,137200
EQUITAS30JAN20107.5CE.NFO,07/01/2020,10:40:25,2.45,2.35,14700,2.5,14700,0,137200
EQUITAS30JAN20107.5CE.NFO,07/01/2020,10:40:55,2.45,2.35,9800,2.5,14700,0,137200
EQUITAS30JAN20107.5CE.NFO,07/01/2020,10:41:07,2.45,2.35,9800,2.5,19600,0,137200
EQUITAS30JAN20107.5CE.NFO,07/01/2020,10:41:15,2.45,2.35,14700,2.5,19600,0,137200
EQUITAS30JAN20107.5CE.NFO,07/01/2020,10:41:19,2.45,2.35,9800,2.5,19600,0,137200
EQUITAS30JAN20107.5CE.NFO,07/01/2020,10:41:27,2.45,2.35,14700,2.5,9800,0,137200
EQUITAS30JAN20107.5CE.NFO,07/01/2020,10:41:35,2.45,2.35,14700,2.5,4900,0,137200
EQUITAS30JAN20107.5CE.NFO,07/01/2020,10:41:56,2.45,2.35,19600,2.5,4900,0,137200
EQUITAS30JAN20107.5CE.NFO,07/01/2020,10:42:02,2.45,2.35,14700,2.5,4900,0,137200
EQUITAS30JAN20107.5CE.NFO,07/01/2020,10:42:05,2.45,2.35,19600,2.5,4900,0,137200
EQUITAS30JAN20107.5CE.NFO,07/01/2020,10:42:17,2.45,2.35,14700,2.45,4900,0,137200
EQUITAS30JAN20107.5CE.NFO,07/01/2020,10:42:46,2.45,2.35,19600,2.45,9800,0,137200
EQUITAS30JAN20107.5CE.NFO,07/01/2020,10:42:56,2.45,2.35,14700,2.45,9800,0,137200
EQUITAS30JAN20107.5CE.NFO,07/01/2020,10:43:10,2.4,2.35,14700,2.45,4900,4900,142100
EQUITAS30JAN20107.5CE.NFO,07/01/2020,10:43:27,2.4,2.35,14700,2.45,4900,0,142100
EQUITAS30JAN20107.5CE.NFO,07/01/2020,10:43:38,2.4,2.35,14700,2.45,9800,0,142100
EQUITAS30JAN20107.5CE.NFO,07/01/2020,10:43:53,2.4,2.35,19600,2.45,9800,0,142100
EQUITAS30JAN20107.5CE.NFO,07/01/2020,10:44:23,2.4,2.3,24500,2.45,9800,0,142100
EQUITAS30JAN20107.5CE.NFO,07/01/2020,10:44:33,2.4,2.3,19600,2.45,9800,0,142100
EQUITAS30JAN20107.5CE.NFO,07/01/2020,10:44:42,2.4,2.3,24500,2.45,9800,0,142100
EQUITAS30JAN20107.5CE.NFO,07/01/2020,10:44:54,2.4,2.3,19600,2.45,9800,0,142100
EQUITAS30JAN20107.5CE.NFO,07/01/2020,10:45:27,2.4,2.3,9800,2.45,9800,0,142100
EQUITAS30JAN20107.5CE.NFO,07/01/2020,10:45:30,2.4,2.3,14700,2.45,9800,0,142100
EQUITAS30JAN20107.5CE.NFO,07/01/2020,10:45:45,2.4,2.3,19600,2.45,9800,0,142100
EQUITAS30JAN20107.5CE.NFO,07/01/2020,10:45:47,2.4,2.3,24500,2.45,9800,0,142100
EQUITAS30JAN20107.5CE.NFO,07/01/2020,10:46:00,2.4,2.3,19600,2.45,9800,0,142100
EQUITAS30JAN20107.5CE.NFO,07/01/2020,10:46:06,2.4,2.3,14700,2.45,9800,0,142100
EQUITAS30JAN20107.5CE.NFO,07/01/2020,10:46:23,2.4,2.3,14700,2.4,14700,0,142100
EQUITAS30JAN20107.5CE.NFO,07/01/2020,10:46:29,2.4,2.3,19600,2.4,14700,0,142100
EQUITAS30JAN20107.5CE.NFO,07/01/2020,10:46:31,2.4,2.3,19600,2.4,9800,0,142100
EQUITAS30JAN20107.5CE.NFO,07/01/2020,10:46:34,2.4,2.3,24500,2.4,9800,0,142100
EQUITAS30JAN20107.5CE.NFO,07/01/2020,10:46:39,2.4,2.3,9800,2.4,9800,0,142100
EQUITAS30JAN20107.5CE.NFO,07/01/2020,10:46:42,2.4,2.3,19600,2.4,9800,0,142100
EQUITAS30JAN20107.5CE.NFO,07/01/2020,10:46:51,2.4,2.3,14700,2.4,9800,0,142100
EQUITAS30JAN20107.5CE.NFO,07/01/2020,10:47:02,2.4,2.3,19600,2.4,9800,0,142100
EQUITAS30JAN20107.5CE.NFO,07/01/2020,10:47:07,2.4,2.3,14700,2.4,9800,0,142100
EQUITAS30JAN20107.5CE.NFO,07/01/2020,10:47:19,2.4,2.3,24500,2.4,9800,0,142100
EQUITAS30JAN20107.5CE.NFO,07/01/2020,10:47:24,2.4,2.3,19600,2.4,9800,0,142100
EQUITAS30JAN20107.5CE.NFO,07/01/2020,10:47:27,2.4,2.3,14700,2.4,9800,0,142100
EQUITAS30JAN20107.5CE.NFO,07/01/2020,10:47:30,2.4,2.3,9800,2.4,9800,0,142100
EQUITAS30JAN20107.5CE.NFO,07/01/2020,10:48:02,2.4,2.3,14700,2.4,9800,0,142100
EQUITAS30JAN20107.5CE.NFO,07/01/2020,10:48:10,2.4,2.3,9800,2.4,9800,0,142100
EQUITAS30JAN20107.5CE.NFO,07/01/2020,10:48:14,2.4,2.3,14700,2.4,9800,0,142100
EQUITAS30JAN20107.5CE.NFO,07/01/2020,10:48:26,2.4,2.3,9800,2.4,9800,0,142100
EQUITAS30JAN20107.5CE.NFO,07/01/2020,10:48:44,2.4,2.3,4900,2.4,9800,0,142100
EQUITAS30JAN20107.5CE.NFO,07/01/2020,10:48:47,2.4,2.3,4900,2.35,19600,0,142100
EQUITAS30JAN20107.5CE.NFO,07/01/2020,10:48:51,2.4,2.3,4900,2.35,14700,0,142100
EQUITAS30JAN20107.5CE.NFO,07/01/2020,10:49:13,2.3,2.25,4900,2.35,14700,4900,147000
EQUITAS30JAN20107.5CE.NFO,07/01/2020,10:49:13,2.3,2.25,4900,2.35,14700,0,147000
EQUITAS30JAN20107.5CE.NFO,07/01/2020,10:49:48,2.3,2.25,9800,2.35,9800,0,147000
EQUITAS30JAN20107.5CE.NFO,07/01/2020,10:49:56,2.3,2.25,4900,2.35,9800,0,147000
EQUITAS30JAN20107.5CE.NFO,07/01/2020,10:50:02,2.3,2.2,24500,2.35,9800,0,147000
EQUITAS30JAN20107.5CE.NFO,07/01/2020,10:50:09,2.3,2.2,24500,2.3,9800,0,147000
EQUITAS30JAN20107.5CE.NFO,07/01/2020,10:50:14,2.3,2.25,19600,2.4,9800,9800,147000
EQUITAS30JAN20107.5CE.NFO,07/01/2020,10:50:19,2.3,2.25,9800,2.4,9800,0,147000
EQUITAS30JAN20107.5CE.NFO,07/01/2020,10:50:32,2.3,2.25,4900,2.4,9800,0,147000
EQUITAS30JAN20107.5CE.NFO,07/01/2020,10:50:41,2.3,2.25,9800,2.4,9800,0,147000
EQUITAS30JAN20107.5CE.NFO,07/01/2020,10:50:51,2.3,2.2,24500,2.4,9800,0,147000
EQUITAS30JAN20107.5CE.NFO,07/01/2020,10:50:55,2.3,2.2,24500,2.4,4900,0,147000
EQUITAS30JAN20107.5CE.NFO,07/01/2020,10:51:28,2.3,2.25,14700,2.4,4900,0,147000
EQUITAS30JAN20107.5CE.NFO,07/01/2020,10:51:46,2.3,2.25,9800,2.4,4900,0,147000
EQUITAS30JAN20107.5CE.NFO,07/01/2020,10:51:55,2.3,2.2,34300,2.4,4900,0,147000
EQUITAS30JAN20107.5CE.NFO,07/01/2020,10:52:00,2.3,2.2,34300,2.35,19600,0,147000
EQUITAS30JAN20107.5CE.NFO,07/01/2020,10:52:24,2.3,2.2,24500,2.35,19600,0,147000
EQUITAS30JAN20107.5CE.NFO,07/01/2020,10:52:35,2.3,2.2,19600,2.35,19600,0,147000
EQUITAS30JAN20107.5CE.NFO,07/01/2020,10:52:40,2.3,2.2,24500,2.35,19600,0,147000
EQUITAS30JAN20107.5CE.NFO,07/01/2020,10:52:52,2.3,2.2,14700,2.35,19600,0,147000
EQUITAS30JAN20107.5CE.NFO,07/01/2020,10:53:02,2.2,2.15,14700,2.25,4900,14700,151900
EQUITAS30JAN20107.5CE.NFO,07/01/2020,10:53:02,2.2,2.15,14700,2.25,4900,0,151900
EQUITAS30JAN20107.5CE.NFO,07/01/2020,10:53:08,2.2,2.15,19600,2.25,4900,0,151900
EQUITAS30JAN20107.5CE.NFO,07/01/2020,10:53:14,2.2,2.1,19600,2.25,9800,0,151900
EQUITAS30JAN20107.5CE.NFO,07/01/2020,10:53:19,2.2,2.15,9800,2.25,9800,0,151900
EQUITAS30JAN20107.5CE.NFO,07/01/2020,10:53:24,2.2,2.1,19600,2.25,9800,0,151900
EQUITAS30JAN20107.5CE.NFO,07/01/2020,10:53:45,2.2,2.15,14700,2.25,4900,0,151900
EQUITAS30JAN20107.5CE.NFO,07/01/2020,10:53:50,2.2,2.1,19600,2.25,9800,0,151900
EQUITAS30JAN20107.5CE.NFO,07/01/2020,10:54:12,2.2,2.15,14700,2.25,4900,0,151900
EQUITAS30JAN20107.5CE.NFO,07/01/2020,10:54:24,2.2,2.15,14700,2.25,9800,0,151900
EQUITAS30JAN20107.5CE.NFO,07/01/2020,10:54:30,2.2,2.1,19600,2.25,9800,0,151900
EQUITAS30JAN20107.5CE.NFO,07/01/2020,10:54:35,2.2,2.15,19600,2.25,4900,0,151900
EQUITAS30JAN20107.5CE.NFO,07/01/2020,10:54:40,2.2,2.15,9800,2.25,9800,0,151900
EQUITAS30JAN20107.5CE.NFO,07/01/2020,10:54:45,2.2,2.15,14700,2.25,9800,0,151900
EQUITAS30JAN20107.5CE.NFO,07/01/2020,10:54:49,2.2,2.15,9800,2.25,9800,0,151900
EQUITAS30JAN20107.5CE.NFO,07/01/2020,10:54:54,2.2,2.15,9800,2.25,4900,0,151900
EQUITAS30JAN20107.5CE.NFO,07/01/2020,10:55:22,2.2,2.15,14700,2.25,4900,0,151900
EQUITAS30JAN20107.5CE.NFO,07/01/2020,10:55:32,2.2,2.1,19600,2.25,9800,0,151900
EQUITAS30JAN20107.5CE.NFO,07/01/2020,10:55:57,2.2,2.1,14700,2.25,9800,0,151900
EQUITAS30JAN20107.5CE.NFO,07/01/2020,10:56:30,2.2,2.1,19600,2.25,9800,0,151900
EQUITAS30JAN20107.5CE.NFO,07/01/2020,10:56:40,2.2,2.1,19600,2.25,4900,0,151900
EQUITAS30JAN20107.5CE.NFO,07/01/2020,10:57:13,2.2,2.1,14700,2.25,4900,0,151900
EQUITAS30JAN20107.5CE.NFO,07/01/2020,10:57:20,2.2,2.1,9800,2.25,4900,0,151900
EQUITAS30JAN20107.5CE.NFO,07/01/2020,10:57:27,2.2,2.1,9800,2.25,9800,0,151900
EQUITAS30JAN20107.5CE.NFO,07/01/2020,10:57:33,2.2,2.1,19600,2.25,9800,0,151900
EQUITAS30JAN20107.5CE.NFO,07/01/2020,10:57:44,2.2,2.1,24500,2.25,9800,0,151900
EQUITAS30JAN20107.5CE.NFO,07/01/2020,10:57:49,2.2,2.1,19600,2.25,4900,0,151900
EQUITAS30JAN20107.5CE.NFO,07/01/2020,10:57:54,2.2,2.1,24500,2.25,4900,0,151900
EQUITAS30JAN20107.5CE.NFO,07/01/2020,10:58:02,2.2,2.1,19600,2.25,4900,0,151900
EQUITAS30JAN20107.5CE.NFO,07/01/2020,10:58:32,2.2,2.1,19600,2.25,9800,0,151900
EQUITAS30JAN20107.5CE.NFO,07/01/2020,10:58:41,2.2,2.1,19600,2.25,4900,0,151900
EQUITAS30JAN20107.5CE.NFO,07/01/2020,10:58:47,2.2,2.1,24500,2.25,4900,0,151900
EQUITAS30JAN20107.5CE.NFO,07/01/2020,10:59:25,2.2,2.1,14700,2.2,4900,0,151900
EQUITAS30JAN20107.5CE.NFO,07/01/2020,10:59:30,2.2,2.1,14700,2.2,9800,0,151900
EQUITAS30JAN20107.5CE.NFO,07/01/2020,10:59:36,2.2,2.1,19600,2.2,9800,0,151900
EQUITAS30JAN20107.5CE.NFO,07/01/2020,10:59:46,2.2,2.1,19600,2.2,4900,0,151900
EQUITAS30JAN20107.5CE.NFO,07/01/2020,10:59:51,2.2,2.1,19600,2.15,4900,0,151900
EQUITAS30JAN20107.5CE.NFO,07/01/2020,10:59:56,2.2,2.1,24500,2.2,9800,0,151900
EQUITAS30JAN20107.5CE.NFO,07/01/2020,11:00:08,2.2,2.1,19600,2.15,4900,0,151900
EQUITAS30JAN20107.5CE.NFO,07/01/2020,11:00:34,2.2,2.1,9800,2.15,4900,0,151900
EQUITAS30JAN20107.5CE.NFO,07/01/2020,11:00:46,2.2,2.1,14700,2.15,4900,0,151900
EQUITAS30JAN20107.5CE.NFO,07/01/2020,11:00:52,2.2,2.1,9800,2.15,4900,0,151900
EQUITAS30JAN20107.5CE.NFO,07/01/2020,11:01:07,2.1,2.1,4900,2.15,4900,4900,151900
EQUITAS30JAN20107.5CE.NFO,07/01/2020,11:01:07,2.1,2.1,4900,2.15,4900,0,151900
EQUITAS30JAN20107.5CE.NFO,07/01/2020,11:01:15,2.1,2.1,4900,2.15,4900,0,151900
EQUITAS30JAN20107.5CE.NFO,07/01/2020,11:01:49,2.1,2.1,14700,2.2,4900,0,151900
EQUITAS30JAN20107.5CE.NFO,07/01/2020,11:01:56,2.1,2.1,19600,2.2,4900,0,151900
EQUITAS30JAN20107.5CE.NFO,07/01/2020,11:02:03,2.1,2.1,4900,2.2,4900,0,151900
EQUITAS30JAN20107.5CE.NFO,07/01/2020,11:02:10,2.1,2.1,9800,2.2,4900,0,151900
EQUITAS30JAN20107.5CE.NFO,07/01/2020,11:02:16,2.1,2.1,19600,2.2,4900,0,151900
EQUITAS30JAN20107.5CE.NFO,07/01/2020,11:02:22,2.1,2.1,14700,2.2,4900,0,151900
EQUITAS30JAN20107.5CE.NFO,07/01/2020,11:02:28,2.1,2.1,19600,2.25,14700,0,151900
EQUITAS30JAN20107.5CE.NFO,07/01/2020,11:02:35,2.1,2.1,14700,2.25,14700,0,151900
EQUITAS30JAN20107.5CE.NFO,07/01/2020,11:02:41,2.1,2.1,19600,2.25,14700,0,151900
EQUITAS30JAN20107.5CE.NFO,07/01/2020,11:02:52,2.1,2,9800,2.15,9800,4900,156800
EQUITAS30JAN20107.5CE.NFO,07/01/2020,11:02:58,2.1,2,14700,2.1,14700,0,156800
EQUITAS30JAN20107.5CE.NFO,07/01/2020,11:03:04,2.1,2,19600,2.15,4900,0,156800
EQUITAS30JAN20107.5CE.NFO,07/01/2020,11:03:10,2.1,2,14700,2.1,14700,0,156800
EQUITAS30JAN20107.5CE.NFO,07/01/2020,11:03:16,2.1,2,14700,2.1,9800,0,156800
EQUITAS30JAN20107.5CE.NFO,07/01/2020,11:03:21,2.1,2,9800,2.1,9800,0,156800
EQUITAS30JAN20107.5CE.NFO,07/01/2020,11:03:37,2.1,2,4900,2.1,9800,0,156800
EQUITAS30JAN20107.5CE.NFO,07/01/2020,11:03:56,2.1,2,9800,2.1,9800,0,156800
EQUITAS30JAN20107.5CE.NFO,07/01/2020,11:04:02,2.1,2,4900,2.1,9800,0,156800
EQUITAS30JAN20107.5CE.NFO,07/01/2020,11:04:19,2.1,1.85,19600,2.05,19600,0,156800
EQUITAS30JAN20107.5CE.NFO,07/01/2020,11:04:25,2.1,1.9,9800,2.05,14700,0,156800
EQUITAS30JAN20107.5CE.NFO,07/01/2020,11:04:42,2.1,1.85,19600,2.05,14700,0,156800
EQUITAS30JAN20107.5CE.NFO,07/01/2020,11:04:48,2.1,1.9,14700,2.05,14700,0,156800
EQUITAS30JAN20107.5CE.NFO,07/01/2020,11:04:54,2.1,1.9,19600,2.05,14700,0,156800
EQUITAS30JAN20107.5CE.NFO,07/01/2020,11:05:17,2.1,1.95,14700,2.05,14700,0,156800
EQUITAS30JAN20107.5CE.NFO,07/01/2020,11:05:22,2.1,1.9,14700,2.05,14700,0,156800
EQUITAS30JAN20107.5CE.NFO,07/01/2020,11:05:27,2.1,1.9,19600,2.05,14700,0,156800
EQUITAS30JAN20107.5CE.NFO,07/01/2020,11:05:43,2.1,1.95,14700,2.1,9800,0,156800
EQUITAS30JAN20107.5CE.NFO,07/01/2020,11:05:48,2.1,1.95,19600,2.1,9800,0,156800
EQUITAS30JAN20107.5CE.NFO,07/01/2020,11:06:01,2.1,1.95,14700,2.1,9800,0,156800
EQUITAS30JAN20107.5CE.NFO,07/01/2020,11:06:06,2.1,2,14700,2.1,9800,0,156800
EQUITAS30JAN20107.5CE.NFO,07/01/2020,11:06:13,2.1,2,9800,2.1,4900,0,156800
EQUITAS30JAN20107.5CE.NFO,07/01/2020,11:06:20,2.1,1.95,19600,2.1,4900,0,156800
EQUITAS30JAN20107.5CE.NFO,07/01/2020,11:06:26,2.1,2,9800,2.1,4900,0,156800
EQUITAS30JAN20107.5CE.NFO,07/01/2020,11:06:36,2.1,1.95,19600,2.1,4900,0,156800
EQUITAS30JAN20107.5CE.NFO,07/01/2020,11:06:57,2.1,2,9800,2.1,4900,0,156800
EQUITAS30JAN20107.5CE.NFO,07/01/2020,11:07:08,2.1,1.95,19600,2.1,4900,0,156800
EQUITAS30JAN20107.5CE.NFO,07/01/2020,11:07:18,2.1,2,9800,2.1,4900,0,156800
EQUITAS30JAN20107.5CE.NFO,07/01/2020,11:07:22,2.1,2,4900,2.1,4900,0,156800
EQUITAS30JAN20107.5CE.NFO,07/01/2020,11:07:27,2.1,2,14700,2.1,4900,0,156800
EQUITAS30JAN20107.5CE.NFO,07/01/2020,11:07:32,2.1,2,4900,2.1,4900,0,156800
EQUITAS30JAN20107.5CE.NFO,07/01/2020,11:07:37,2.1,2,14700,2.1,4900,0,156800
EQUITAS30JAN20107.5CE.NFO,07/01/2020,11:07:42,2.1,2,9800,2.1,4900,0,156800
EQUITAS30JAN20107.5CE.NFO,07/01/2020,11:07:55,2.1,2,14700,2.1,4900,0,156800
EQUITAS30JAN20107.5CE.NFO,07/01/2020,11:08:04,2.1,2,9800,2.1,4900,0,156800
EQUITAS30JAN20107.5CE.NFO,07/01/2020,11:08:08,2.1,2,14700,2.1,4900,0,156800
EQUITAS30JAN20107.5CE.NFO,07/01/2020,11:08:12,2.1,2,9800,2.1,4900,0,156800
EQUITAS30JAN20107.5CE.NFO,07/01/2020,11:08:16,2.1,1.95,19600,2.1,4900,0,156800
EQUITAS30JAN20107.5CE.NFO,07/01/2020,11:08:20,2.1,2,9800,2.1,4900,0,156800
EQUITAS30JAN20107.5CE.NFO,07/01/2020,11:08:24,2.1,1.95,19600,2.1,4900,0,156800
EQUITAS30JAN20107.5CE.NFO,07/01/2020,11:08:28,2.1,2,14700,2.15,14700,0,156800
EQUITAS30JAN20107.5CE.NFO,07/01/2020,11:09:16,2.1,2,14700,2.15,9800,0,156800
EQUITAS30JAN20107.5CE.NFO,07/01/2020,11:09:42,2.1,2,4900,2.15,9800,0,156800
EQUITAS30JAN20107.5CE.NFO,07/01/2020,11:09:46,2.1,2,9800,2.15,9800,0,156800
EQUITAS30JAN20107.5CE.NFO,07/01/2020,11:09:57,2.1,2,14700,2.15,9800,0,156800
EQUITAS30JAN20107.5CE.NFO,07/01/2020,11:10:01,2.1,2,4900,2.15,9800,0,156800
EQUITAS30JAN20107.5CE.NFO,07/01/2020,11:10:14,2.1,2,9800,2.15,9800,0,156800
EQUITAS30JAN20107.5CE.NFO,07/01/2020,11:10:19,2.1,2,14700,2.15,9800,0,156800
EQUITAS30JAN20107.5CE.NFO,07/01/2020,11:10:23,2.1,2,4900,2.15,9800,0,156800
EQUITAS30JAN20107.5CE.NFO,07/01/2020,11:10:47,2.1,2,9800,2.15,9800,0,156800
EQUITAS30JAN20107.5CE.NFO,07/01/2020,11:10:57,2.1,2,4900,2.15,9800,0,156800
EQUITAS30JAN20107.5CE.NFO,07/01/2020,11:11:12,2.1,2,9800,2.15,9800,0,156800
EQUITAS30JAN20107.5CE.NFO,07/01/2020,11:11:25,2.1,2,4900,2.15,9800,0,156800
EQUITAS30JAN20107.5CE.NFO,07/01/2020,11:11:33,2.1,2,4900,2.15,14700,0,156800
EQUITAS30JAN20107.5CE.NFO,07/01/2020,11:11:50,2.1,2,9800,2.15,9800,4900,151900
EQUITAS30JAN20107.5CE.NFO,07/01/2020,11:11:56,2.1,2,4900,2.15,9800,0,151900
EQUITAS30JAN20107.5CE.NFO,07/01/2020,11:12:03,2.1,1.95,19600,2.05,4900,0,151900
EQUITAS30JAN20107.5CE.NFO,07/01/2020,11:12:18,2.1,1.95,19600,2.1,19600,0,151900
EQUITAS30JAN20107.5CE.NFO,07/01/2020,11:13:02,2.1,1.95,19600,2.1,9800,0,151900
EQUITAS30JAN20107.5CE.NFO,07/01/2020,11:13:14,2.1,2,14700,2.1,9800,0,151900
EQUITAS30JAN20107.5CE.NFO,07/01/2020,11:13:50,2.1,2,9800,2.1,9800,0,151900
EQUITAS30JAN20107.5CE.NFO,07/01/2020,11:13:56,2.1,2,14700,2.1,9800,0,151900
EQUITAS30JAN20107.5CE.NFO,07/01/2020,11:14:01,2.1,2.05,9800,2.15,4900,0,151900
EQUITAS30JAN20107.5CE.NFO,07/01/2020,11:14:18,2.1,2.05,4900,2.15,4900,0,151900
EQUITAS30JAN20107.5CE.NFO,07/01/2020,11:14:24,2.1,2.05,9800,2.15,4900,0,151900
EQUITAS30JAN20107.5CE.NFO,07/01/2020,11:14:34,2.1,2.05,4900,2.15,4900,0,151900
EQUITAS30JAN20107.5CE.NFO,07/01/2020,11:14:39,2.1,2.05,9800,2.15,4900,0,151900
EQUITAS30JAN20107.5CE.NFO,07/01/2020,11:14:44,2.1,2,14700,2.15,4900,0,151900
EQUITAS30JAN20107.5CE.NFO,07/01/2020,11:14:53,2.1,2,9800,2.15,4900,0,151900
EQUITAS30JAN20107.5CE.NFO,07/01/2020,11:14:59,2.1,2,14700,2.15,4900,0,151900
EQUITAS30JAN20107.5CE.NFO,07/01/2020,11:15:33,2.1,2,9800,2.15,4900,0,151900
EQUITAS30JAN20107.5CE.NFO,07/01/2020,11:15:41,2.1,2,4900,2.1,14700,0,151900
EQUITAS30JAN20107.5CE.NFO,07/01/2020,11:16:58,2.1,2,9800,2.1,14700,0,151900
EQUITAS30JAN20107.5CE.NFO,07/01/2020,11:17:04,2.1,2,4900,2.1,14700,0,151900
EQUITAS30JAN20107.5CE.NFO,07/01/2020,11:17:09,2.1,2,4900,2.1,9800,0,151900
EQUITAS30JAN20107.5CE.NFO,07/01/2020,11:18:32,2.1,2,9800,2.15,9800,0,151900
EQUITAS30JAN20107.5CE.NFO,07/01/2020,11:18:44,2.1,2.05,9800,2.15,4900,0,151900
EQUITAS30JAN20107.5CE.NFO,07/01/2020,11:19:12,2.1,2.05,14700,2.15,4900,0,151900
EQUITAS30JAN20107.5CE.NFO,07/01/2020,11:19:18,2.1,2,4900,2.15,4900,0,151900
EQUITAS30JAN20107.5CE.NFO,07/01/2020,11:19:27,2.1,2,9800,2.1,4900,0,151900
EQUITAS30JAN20107.5CE.NFO,07/01/2020,11:19:35,2.1,2,9800,2.15,4900,0,151900
EQUITAS30JAN20107.5CE.NFO,07/01/2020,11:20:12,2.1,2.05,14700,2.15,4900,0,151900
EQUITAS30JAN20107.5CE.NFO,07/01/2020,11:20:23,2.1,2.05,9800,2.15,4900,0,151900
EQUITAS30JAN20107.5CE.NFO,07/01/2020,11:20:26,2.1,2.05,14700,2.15,4900,0,151900
EQUITAS30JAN20107.5CE.NFO,07/01/2020,11:20:32,2.1,2.05,9800,2.15,4900,0,151900
EQUITAS30JAN20107.5CE.NFO,07/01/2020,11:20:42,2.1,2,9800,2.15,4900,0,151900
EQUITAS30JAN20107.5CE.NFO,07/01/2020,11:21:14,2.1,2,14700,2.15,4900,0,151900
EQUITAS30JAN20107.5CE.NFO,07/01/2020,11:21:18,2.1,2,4900,2.1,9800,0,151900
EQUITAS30JAN20107.5CE.NFO,07/01/2020,11:21:47,2.1,1.95,19600,2.1,9800,0,151900
EQUITAS30JAN20107.5CE.NFO,07/01/2020,11:22:36,2.1,2,9800,2.1,9800,0,151900
EQUITAS30JAN20107.5CE.NFO,07/01/2020,11:22:52,2.1,2,14700,2.1,9800,0,151900
EQUITAS30JAN20107.5CE.NFO,07/01/2020,11:23:01,2.1,2,9800,2.1,9800,0,151900
EQUITAS30JAN20107.5CE.NFO,07/01/2020,11:23:06,2.1,2,19600,2.15,4900,0,151900
EQUITAS30JAN20107.5CE.NFO,07/01/2020,11:23:28,2.1,2.05,14700,2.15,4900,0,151900
EQUITAS30JAN20107.5CE.NFO,07/01/2020,11:23:37,2.1,2.05,9800,2.2,19600,0,151900
EQUITAS30JAN20107.5CE.NFO,07/01/2020,11:24:44,2.1,2.05,4900,2.2,19600,0,151900
EQUITAS30JAN20107.5CE.NFO,07/01/2020,11:24:57,2.1,2.05,9800,2.2,19600,0,151900
EQUITAS30JAN20107.5CE.NFO,07/01/2020,11:25:30,2.1,2.05,14700,2.2,19600,0,151900
EQUITAS30JAN20107.5CE.NFO,07/01/2020,11:25:43,2.1,2.05,9800,2.2,19600,0,151900
EQUITAS30JAN20107.5CE.NFO,07/01/2020,11:25:52,2.1,2.05,14700,2.2,19600,0,151900
EQUITAS30JAN20107.5CE.NFO,07/01/2020,11:25:56,2.1,2.05,9800,2.2,19600,0,151900
EQUITAS30JAN20107.5CE.NFO,07/01/2020,11:26:13,2.1,2.05,14700,2.2,19600,0,151900
EQUITAS30JAN20107.5CE.NFO,07/01/2020,11:26:19,2.1,2.05,9800,2.2,19600,0,151900
EQUITAS30JAN20107.5CE.NFO,07/01/2020,11:26:23,2.1,2,14700,2.2,19600,0,151900
EQUITAS30JAN20107.5CE.NFO,07/01/2020,11:26:28,2.1,2,19600,2.2,19600,0,151900
EQUITAS30JAN20107.5CE.NFO,07/01/2020,11:26:33,2.1,2.05,9800,2.2,19600,0,151900
EQUITAS30JAN20107.5CE.NFO,07/01/2020,11:26:42,2.1,2,19600,2.2,19600,0,151900
EQUITAS30JAN20107.5CE.NFO,07/01/2020,11:27:45,2.1,2.05,4900,2.2,19600,0,151900
EQUITAS30JAN20107.5CE.NFO,07/01/2020,11:27:53,2.1,2.05,9800,2.2,19600,0,151900
EQUITAS30JAN20107.5CE.NFO,07/01/2020,11:27:57,2.1,2,19600,2.2,24500,0,151900
EQUITAS30JAN20107.5CE.NFO,07/01/2020,11:28:00,2.1,2.05,9800,2.2,19600,0,151900
EQUITAS30JAN20107.5CE.NFO,07/01/2020,11:28:15,2.1,2.05,4900,2.2,19600,0,151900
EQUITAS30JAN20107.5CE.NFO,07/01/2020,11:28:19,2.1,2,19600,2.2,19600,0,151900
EQUITAS30JAN20107.5CE.NFO,07/01/2020,11:29:14,2.1,2,19600,2.2,24500,0,151900
EQUITAS30JAN20107.5CE.NFO,07/01/2020,11:29:18,2.1,2,19600,2.2,19600,0,151900
EQUITAS30JAN20107.5CE.NFO,07/01/2020,11:29:21,2.1,2,19600,2.2,24500,0,151900
EQUITAS30JAN20107.5CE.NFO,07/01/2020,11:29:28,2.1,2,19600,2.2,19600,0,151900
EQUITAS30JAN20107.5CE.NFO,07/01/2020,11:31:01,2.1,2,14700,2.2,19600,0,151900
EQUITAS30JAN20107.5CE.NFO,07/01/2020,11:31:07,2.1,2.05,4900,2.2,19600,0,151900
EQUITAS30JAN20107.5CE.NFO,07/01/2020,11:31:12,2.1,2.05,9800,2.2,19600,0,151900
EQUITAS30JAN20107.5CE.NFO,07/01/2020,11:31:22,2.1,2.05,4900,2.2,19600,0,151900
EQUITAS30JAN20107.5CE.NFO,07/01/2020,11:31:26,2.1,2,19600,2.2,19600,0,151900
EQUITAS30JAN20107.5CE.NFO,07/01/2020,11:32:03,2.1,2.1,4900,2.2,14700,0,151900
EQUITAS30JAN20107.5CE.NFO,07/01/2020,11:32:09,2.1,2.05,14700,2.2,14700,0,151900
EQUITAS30JAN20107.5CE.NFO,07/01/2020,11:32:34,2.1,2,14700,2.2,19600,0,151900
EQUITAS30JAN20107.5CE.NFO,07/01/2020,11:32:52,2.1,2.05,4900,2.2,14700,0,151900
EQUITAS30JAN20107.5CE.NFO,07/01/2020,11:33:02,2.1,2.05,9800,2.2,14700,0,151900
EQUITAS30JAN20107.5CE.NFO,07/01/2020,11:34:12,2.1,2.15,4900,2.2,9800,0,151900
EQUITAS30JAN20107.5CE.NFO,07/01/2020,11:34:25,2.1,2.1,9800,2.2,9800,0,151900
EQUITAS30JAN20107.5CE.NFO,07/01/2020,11:34:38,2.1,2.05,9800,2.2,9800,0,151900
EQUITAS30JAN20107.5CE.NFO,07/01/2020,11:34:49,2.1,2.1,4900,2.2,9800,0,151900
EQUITAS30JAN20107.5CE.NFO,07/01/2020,11:34:59,2.1,2.1,9800,2.2,9800,0,151900
EQUITAS30JAN20107.5CE.NFO,07/01/2020,11:35:16,2.1,2.1,4900,2.2,4900,0,151900
EQUITAS30JAN20107.5CE.NFO,07/01/2020,11:35:27,2.1,2.1,9800,2.25,19600,0,151900
EQUITAS30JAN20107.5CE.NFO,07/01/2020,11:35:37,2.1,2.1,4900,2.25,19600,0,151900
EQUITAS30JAN20107.5CE.NFO,07/01/2020,11:35:43,2.1,2.1,14700,2.25,19600,0,151900
EQUITAS30JAN20107.5CE.NFO,07/01/2020,11:35:57,2.1,2.15,9800,2.25,9800,0,151900
EQUITAS30JAN20107.5CE.NFO,07/01/2020,11:36:02,2.1,2.15,9800,2.25,4900,0,151900
EQUITAS30JAN20107.5CE.NFO,07/01/2020,11:36:25,2.1,2.15,19600,2.3,9800,0,151900
EQUITAS30JAN20107.5CE.NFO,07/01/2020,11:36:35,2.1,2.15,9800,2.25,9800,0,151900
EQUITAS30JAN20107.5CE.NFO,07/01/2020,11:36:44,2.1,2.15,9800,2.25,14700,0,151900
EQUITAS30JAN20107.5CE.NFO,07/01/2020,11:37:07,2.1,2.15,9800,2.25,9800,0,151900
EQUITAS30JAN20107.5CE.NFO,07/01/2020,11:37:15,2.1,2.15,9800,2.25,14700,0,151900
EQUITAS30JAN20107.5CE.NFO,07/01/2020,11:37:28,2.1,2.15,9800,2.25,9800,0,151900
EQUITAS30JAN20107.5CE.NFO,07/01/2020,11:37:39,2.1,2.15,14700,2.25,9800,0,151900
EQUITAS30JAN20107.5CE.NFO,07/01/2020,11:37:44,2.1,2.15,9800,2.25,9800,0,151900
EQUITAS30JAN20107.5CE.NFO,07/01/2020,11:37:57,2.1,2.15,14700,2.25,9800,0,151900
EQUITAS30JAN20107.5CE.NFO,07/01/2020,11:38:01,2.1,2.15,9800,2.25,9800,0,151900
EQUITAS30JAN20107.5CE.NFO,07/01/2020,11:38:08,2.1,2.15,14700,2.25,9800,0,151900
EQUITAS30JAN20107.5CE.NFO,07/01/2020,11:38:13,2.1,2.15,9800,2.25,9800,0,151900
EQUITAS30JAN20107.5CE.NFO,07/01/2020,11:38:16,2.1,2.15,14700,2.25,9800,0,151900
EQUITAS30JAN20107.5CE.NFO,07/01/2020,11:38:20,2.1,2.15,9800,2.25,9800,0,151900
EQUITAS30JAN20107.5CE.NFO,07/01/2020,11:38:41,2.1,2.15,9800,2.3,4900,0,151900
EQUITAS30JAN20107.5CE.NFO,07/01/2020,11:38:45,2.1,2.15,14700,2.3,4900,0,151900
EQUITAS30JAN20107.5CE.NFO,07/01/2020,11:38:49,2.1,2.15,19600,2.3,4900,0,151900
EQUITAS30JAN20107.5CE.NFO,07/01/2020,11:38:53,2.1,2.15,14700,2.3,4900,0,151900
EQUITAS30JAN20107.5CE.NFO,07/01/2020,11:38:57,2.1,2.15,19600,2.3,4900,0,151900
EQUITAS30JAN20107.5CE.NFO,07/01/2020,11:39:01,2.1,2.15,14700,2.3,4900,0,151900
EQUITAS30JAN20107.5CE.NFO,07/01/2020,11:39:41,2.1,2.15,9800,2.3,4900,0,151900
EQUITAS30JAN20107.5CE.NFO,07/01/2020,11:39:45,2.1,2.1,9800,2.25,19600,0,151900
EQUITAS30JAN20107.5CE.NFO,07/01/2020,11:39:58,2.1,2.1,14700,2.25,19600,0,151900
EQUITAS30JAN20107.5CE.NFO,07/01/2020,11:40:04,2.1,2.15,4900,2.25,19600,0,151900
EQUITAS30JAN20107.5CE.NFO,07/01/2020,11:40:17,2.1,2.1,9800,2.25,19600,0,151900
EQUITAS30JAN20107.5CE.NFO,07/01/2020,11:40:21,2.1,2.1,4900,2.25,19600,0,151900
EQUITAS30JAN20107.5CE.NFO,07/01/2020,11:40:25,2.1,2.1,9800,2.25,19600,0,151900
EQUITAS30JAN20107.5CE.NFO,07/01/2020,11:40:33,2.1,2.1,4900,2.25,19600,0,151900
EQUITAS30JAN20107.5CE.NFO,07/01/2020,11:40:44,2.1,2.1,9800,2.25,19600,0,151900
EQUITAS30JAN20107.5CE.NFO,07/01/2020,11:40:47,2.1,2.1,4900,2.25,19600,0,151900
EQUITAS30JAN20107.5CE.NFO,07/01/2020,11:40:51,2.1,2.1,9800,2.2,14700,0,151900
EQUITAS30JAN20107.5CE.NFO,07/01/2020,11:40:57,2.1,2.1,4900,2.2,14700,0,151900
EQUITAS30JAN20107.5CE.NFO,07/01/2020,11:41:12,2.1,2.1,9800,2.2,14700,0,151900
EQUITAS30JAN20107.5CE.NFO,07/01/2020,11:41:24,2.1,2.1,4900,2.2,14700,0,151900
EQUITAS30JAN20107.5CE.NFO,07/01/2020,11:41:27,2.1,2.1,14700,2.2,9800,0,151900
EQUITAS30JAN20107.5CE.NFO,07/01/2020,11:41:57,2.1,2.1,9800,2.2,9800,0,151900
EQUITAS30JAN20107.5CE.NFO,07/01/2020,11:42:05,2.1,2.1,14700,2.2,9800,0,151900
EQUITAS30JAN20107.5CE.NFO,07/01/2020,11:42:19,2.1,2.1,9800,2.2,9800,0,151900
EQUITAS30JAN20107.5CE.NFO,07/01/2020,11:42:29,2.1,2.15,4900,2.2,9800,0,151900
EQUITAS30JAN20107.5CE.NFO,07/01/2020,11:42:33,2.1,2.1,9800,2.2,9800,0,151900
EQUITAS30JAN20107.5CE.NFO,07/01/2020,11:43:56,2.1,2.1,4900,2.2,9800,0,151900
EQUITAS30JAN20107.5CE.NFO,07/01/2020,11:43:59,2.1,2.05,14700,2.2,9800,0,151900
EQUITAS30JAN20107.5CE.NFO,07/01/2020,11:44:46,2.1,2.05,9800,2.2,9800,0,151900
EQUITAS30JAN20107.5CE.NFO,07/01/2020,11:47:48,2.1,2.05,14700,2.2,9800,0,151900
EQUITAS30JAN20107.5CE.NFO,07/01/2020,11:48:19,2.1,2.05,4900,2.15,19600,0,151900
EQUITAS30JAN20107.5CE.NFO,07/01/2020,11:48:33,2.1,2.05,4900,2.15,14700,0,151900
EQUITAS30JAN20107.5CE.NFO,07/01/2020,11:48:50,2.1,2,14700,2.15,14700,0,151900
EQUITAS30JAN20107.5CE.NFO,07/01/2020,11:49:43,2.1,2.05,14700,2.15,14700,0,151900
EQUITAS30JAN20107.5CE.NFO,07/01/2020,11:49:46,2.1,2.05,14700,2.15,9800,0,151900
EQUITAS30JAN20107.5CE.NFO,07/01/2020,11:49:48,2.1,2.05,14700,2.2,9800,0,151900
EQUITAS30JAN20107.5CE.NFO,07/01/2020,11:49:50,2.1,2.05,14700,2.2,4900,0,151900
EQUITAS30JAN20107.5CE.NFO,07/01/2020,11:49:53,2.1,2.05,14700,2.2,9800,0,151900
EQUITAS30JAN20107.5CE.NFO,07/01/2020,11:51:41,2.1,2.05,9800,2.2,9800,0,151900
EQUITAS30JAN20107.5CE.NFO,07/01/2020,11:54:05,2.1,2.05,14700,2.2,9800,0,151900
EQUITAS30JAN20107.5CE.NFO,07/01/2020,11:55:34,2.1,2.05,14700,2.2,14700,0,151900
EQUITAS30JAN20107.5CE.NFO,07/01/2020,11:56:19,2.1,2.05,14700,2.2,9800,0,151900
EQUITAS30JAN20107.5CE.NFO,07/01/2020,11:56:38,2.1,2.1,19600,2.2,9800,0,151900
EQUITAS30JAN20107.5CE.NFO,07/01/2020,11:56:50,2.1,2.1,19600,2.2,4900,0,151900
EQUITAS30JAN20107.5CE.NFO,07/01/2020,11:56:54,2.1,2.1,14700,2.2,4900,0,151900
EQUITAS30JAN20107.5CE.NFO,07/01/2020,11:57:10,2.1,2.1,14700,2.2,9800,0,151900
EQUITAS30JAN20107.5CE.NFO,07/01/2020,11:58:33,2.1,2.1,14700,2.2,4900,0,151900
EQUITAS30JAN20107.5CE.NFO,07/01/2020,11:58:43,2.1,2.1,19600,2.2,4900,0,151900
EQUITAS30JAN20107.5CE.NFO,07/01/2020,11:58:53,2.1,2.1,19600,2.2,9800,0,151900
EQUITAS30JAN20107.5CE.NFO,07/01/2020,11:58:55,2.1,2.1,19600,2.2,4900,0,151900
EQUITAS30JAN20107.5CE.NFO,07/01/2020,11:59:29,2.1,2.1,19600,2.2,9800,0,151900
EQUITAS30JAN20107.5CE.NFO,07/01/2020,11:59:45,2.1,2.1,14700,2.2,4900,0,151900
EQUITAS30JAN20107.5CE.NFO,07/01/2020,11:59:53,2.1,2.1,14700,2.2,9800,0,151900
EQUITAS30JAN20107.5CE.NFO,07/01/2020,12:01:55,2.1,2.1,9800,2.2,9800,0,151900
EQUITAS30JAN20107.5CE.NFO,07/01/2020,12:02:30,2.1,2.1,4900,2.2,9800,0,151900
EQUITAS30JAN20107.5CE.NFO,07/01/2020,12:03:16,2.1,2.1,9800,2.2,9800,0,151900
EQUITAS30JAN20107.5CE.NFO,07/01/2020,12:03:19,2.1,2.1,4900,2.2,9800,0,151900
EQUITAS30JAN20107.5CE.NFO,07/01/2020,12:03:55,2.2,2.1,9800,2.25,14700,4900,151900
EQUITAS30JAN20107.5CE.NFO,07/01/2020,12:03:58,2.2,2.1,9800,2.25,14700,0,151900
EQUITAS30JAN20107.5CE.NFO,07/01/2020,12:04:07,2.2,2.15,4900,2.25,14700,0,151900
EQUITAS30JAN20107.5CE.NFO,07/01/2020,12:04:09,2.2,2.15,9800,2.25,14700,0,151900
EQUITAS30JAN20107.5CE.NFO,07/01/2020,12:04:11,2.2,2.15,4900,2.25,14700,0,151900
EQUITAS30JAN20107.5CE.NFO,07/01/2020,12:04:29,2.2,2.15,9800,2.25,14700,0,151900
EQUITAS30JAN20107.5CE.NFO,07/01/2020,12:04:35,2.2,2.15,9800,2.25,9800,0,151900
EQUITAS30JAN20107.5CE.NFO,07/01/2020,12:04:49,2.2,2.15,9800,2.3,9800,0,151900
EQUITAS30JAN20107.5CE.NFO,07/01/2020,12:04:57,2.2,2.2,4900,2.3,9800,0,151900
EQUITAS30JAN20107.5CE.NFO,07/01/2020,12:05:35,2.2,2.15,14700,2.3,9800,0,151900
EQUITAS30JAN20107.5CE.NFO,07/01/2020,12:05:56,2.2,2.2,9800,2.3,9800,0,151900
EQUITAS30JAN20107.5CE.NFO,07/01/2020,12:07:16,2.2,2.2,9800,2.3,4900,0,151900
EQUITAS30JAN20107.5CE.NFO,07/01/2020,12:07:36,2.2,2.2,14700,2.35,9800,0,151900
EQUITAS30JAN20107.5CE.NFO,07/01/2020,12:07:49,2.2,2.2,9800,2.35,9800,0,151900
EQUITAS30JAN20107.5CE.NFO,07/01/2020,12:07:51,2.2,2.2,14700,2.35,9800,0,151900
EQUITAS30JAN20107.5CE.NFO,07/01/2020,12:08:02,2.2,2.2,14700,2.35,4900,0,151900
EQUITAS30JAN20107.5CE.NFO,07/01/2020,12:08:11,2.2,2.25,14700,2.4,19600,0,151900
EQUITAS30JAN20107.5CE.NFO,07/01/2020,12:08:15,2.2,2.25,9800,2.4,19600,0,151900
EQUITAS30JAN20107.5CE.NFO,07/01/2020,12:08:23,2.2,2.25,14700,2.4,19600,0,151900
EQUITAS30JAN20107.5CE.NFO,07/01/2020,12:09:03,2.2,2.25,4900,2.4,19600,0,151900
EQUITAS30JAN20107.5CE.NFO,07/01/2020,12:09:06,2.2,2.25,9800,2.4,19600,0,151900
EQUITAS30JAN20107.5CE.NFO,07/01/2020,12:09:30,2.2,2.3,4900,2.4,19600,0,151900
EQUITAS30JAN20107.5CE.NFO,07/01/2020,12:09:46,2.2,2.25,4900,2.4,19600,0,151900
EQUITAS30JAN20107.5CE.NFO,07/01/2020,12:10:19,2.2,2.25,9800,2.4,19600,0,151900
EQUITAS30JAN20107.5CE.NFO,07/01/2020,12:10:28,2.2,2.25,4900,2.4,19600,0,151900
EQUITAS30JAN20107.5CE.NFO,07/01/2020,12:10:40,2.2,2.25,9800,2.4,19600,0,151900
EQUITAS30JAN20107.5CE.NFO,07/01/2020,12:11:15,2.2,2.25,9800,2.4,9800,0,151900
EQUITAS30JAN20107.5CE.NFO,07/01/2020,12:11:19,2.2,2.3,4900,2.4,9800,0,151900
EQUITAS30JAN20107.5CE.NFO,07/01/2020,12:11:22,2.2,2.25,9800,2.4,9800,0,151900
EQUITAS30JAN20107.5CE.NFO,07/01/2020,12:12:02,2.2,2.3,4900,2.4,9800,0,151900
EQUITAS30JAN20107.5CE.NFO,07/01/2020,12:13:11,2.2,2.3,9800,2.4,9800,0,151900
EQUITAS30JAN20107.5CE.NFO,07/01/2020,12:13:18,2.2,2.3,14700,2.4,9800,0,151900
EQUITAS30JAN20107.5CE.NFO,07/01/2020,12:13:28,2.2,2.3,4900,2.4,9800,0,151900
EQUITAS30JAN20107.5CE.NFO,07/01/2020,12:13:44,2.2,2.3,9800,2.4,9800,0,151900
EQUITAS30JAN20107.5CE.NFO,07/01/2020,12:13:47,2.2,2.35,4900,2.4,9800,0,151900
EQUITAS30JAN20107.5CE.NFO,07/01/2020,12:13:56,2.2,2.3,14700,2.4,9800,0,151900
EQUITAS30JAN20107.5CE.NFO,07/01/2020,12:14:00,2.2,2.3,4900,2.4,9800,0,151900
EQUITAS30JAN20107.5CE.NFO,07/01/2020,12:15:28,2.2,2.3,19600,2.4,4900,0,151900
EQUITAS30JAN20107.5CE.NFO,07/01/2020,12:15:51,2.2,2.3,14700,2.4,4900,0,151900
EQUITAS30JAN20107.5CE.NFO,07/01/2020,12:15:55,2.2,2.3,4900,2.4,4900,0,151900
EQUITAS30JAN20107.5CE.NFO,07/01/2020,12:16:03,2.2,2.3,9800,2.4,4900,0,151900
EQUITAS30JAN20107.5CE.NFO,07/01/2020,12:16:08,2.2,2.35,4900,2.4,4900,0,151900
EQUITAS30JAN20107.5CE.NFO,07/01/2020,12:16:13,2.2,2.3,9800,2.4,4900,0,151900
EQUITAS30JAN20107.5CE.NFO,07/01/2020,12:16:15,2.2,2.3,4900,2.4,4900,0,151900
EQUITAS30JAN20107.5CE.NFO,07/01/2020,12:16:20,2.2,2.25,9800,2.4,4900,0,151900
EQUITAS30JAN20107.5CE.NFO,07/01/2020,12:16:28,2.2,2.35,4900,2.4,4900,0,151900
EQUITAS30JAN20107.5CE.NFO,07/01/2020,12:16:33,2.2,2.3,4900,2.4,4900,0,151900
EQUITAS30JAN20107.5CE.NFO,07/01/2020,12:16:40,2.2,2.25,9800,2.4,4900,0,151900
EQUITAS30JAN20107.5CE.NFO,07/01/2020,12:16:43,2.3,2.2,19600,2.35,19600,4900,151900
EQUITAS30JAN20107.5CE.NFO,07/01/2020,12:16:45,2.3,2.2,19600,2.35,19600,0,151900
EQUITAS30JAN20107.5CE.NFO,07/01/2020,12:16:47,2.3,2.2,14700,2.35,19600,0,151900
EQUITAS30JAN20107.5CE.NFO,07/01/2020,12:16:49,2.3,2.25,14700,2.35,19600,0,151900
EQUITAS30JAN20107.5CE.NFO,07/01/2020,12:16:51,2.3,2.25,14700,2.35,14700,0,151900
EQUITAS30JAN20107.5CE.NFO,07/01/2020,12:16:54,2.3,2.25,19600,2.35,14700,0,151900
EQUITAS30JAN20107.5CE.NFO,07/01/2020,12:17:01,2.3,2.25,14700,2.35,14700,0,151900
EQUITAS30JAN20107.5CE.NFO,07/01/2020,12:17:03,2.3,2.25,14700,2.35,4900,0,151900
EQUITAS30JAN20107.5CE.NFO,07/01/2020,12:17:26,2.3,2.25,19600,2.4,4900,0,151900
EQUITAS30JAN20107.5CE.NFO,07/01/2020,12:17:30,2.3,2.25,14700,2.4,4900,0,151900
EQUITAS30JAN20107.5CE.NFO,07/01/2020,12:17:34,2.3,2.25,14700,2.4,9800,0,151900
EQUITAS30JAN20107.5CE.NFO,07/01/2020,12:17:48,2.3,2.25,19600,2.4,9800,0,151900
EQUITAS30JAN20107.5CE.NFO,07/01/2020,12:17:50,2.3,2.25,14700,2.4,4900,0,151900
EQUITAS30JAN20107.5CE.NFO,07/01/2020,12:18:07,2.3,2.3,9800,2.4,4900,0,151900
EQUITAS30JAN20107.5CE.NFO,07/01/2020,12:18:09,2.3,2.3,4900,2.4,4900,0,151900
EQUITAS30JAN20107.5CE.NFO,07/01/2020,12:18:17,2.3,2.3,9800,2.4,4900,0,151900
EQUITAS30JAN20107.5CE.NFO,07/01/2020,12:19:07,2.3,2.3,14700,2.45,19600,0,151900
EQUITAS30JAN20107.5CE.NFO,07/01/2020,12:19:12,2.3,2.35,4900,2.45,19600,0,151900
EQUITAS30JAN20107.5CE.NFO,07/01/2020,12:19:25,2.4,2.3,9800,2.45,19600,4900,156800
EQUITAS30JAN20107.5CE.NFO,07/01/2020,12:19:32,2.4,2.3,9800,2.4,14700,0,156800
EQUITAS30JAN20107.5CE.NFO,07/01/2020,12:19:38,2.4,2.3,4900,2.4,14700,0,156800
EQUITAS30JAN20107.5CE.NFO,07/01/2020,12:19:44,2.4,2.3,9800,2.4,14700,0,156800
EQUITAS30JAN20107.5CE.NFO,07/01/2020,12:19:48,2.4,2.3,4900,2.4,14700,0,156800
EQUITAS30JAN20107.5CE.NFO,07/01/2020,12:19:55,2.4,2.25,9800,2.4,14700,0,156800
EQUITAS30JAN20107.5CE.NFO,07/01/2020,12:20:09,2.4,2.3,4900,2.4,14700,0,156800
EQUITAS30JAN20107.5CE.NFO,07/01/2020,12:21:02,2.4,2.3,9800,2.4,14700,0,156800
EQUITAS30JAN20107.5CE.NFO,07/01/2020,12:21:10,2.4,2.3,4900,2.4,14700,0,156800
EQUITAS30JAN20107.5CE.NFO,07/01/2020,12:21:36,2.4,2.3,9800,2.4,14700,0,156800
EQUITAS30JAN20107.5CE.NFO,07/01/2020,12:21:54,2.4,2.3,4900,2.4,14700,0,156800
EQUITAS30JAN20107.5CE.NFO,07/01/2020,12:22:51,2.4,2.25,4900,2.4,14700,0,156800
EQUITAS30JAN20107.5CE.NFO,07/01/2020,12:22:57,2.4,2.25,9800,2.4,14700,0,156800
EQUITAS30JAN20107.5CE.NFO,07/01/2020,12:24:04,2.4,2.25,14700,2.4,14700,0,156800
EQUITAS30JAN20107.5CE.NFO,07/01/2020,12:24:09,2.4,2.3,9800,2.4,14700,0,156800
EQUITAS30JAN20107.5CE.NFO,07/01/2020,12:24:16,2.4,2.3,9800,2.4,9800,0,156800
EQUITAS30JAN20107.5CE.NFO,07/01/2020,12:25:31,2.4,2.3,9800,2.4,4900,0,156800
EQUITAS30JAN20107.5CE.NFO,07/01/2020,12:26:21,2.4,2.3,9800,2.4,9800,0,156800
EQUITAS30JAN20107.5CE.NFO,07/01/2020,12:26:39,2.4,2.3,9800,2.4,14700,0,156800
EQUITAS30JAN20107.5CE.NFO,07/01/2020,12:27:52,2.4,2.3,9800,2.4,9800,0,156800
EQUITAS30JAN20107.5CE.NFO,07/01/2020,12:28:57,2.4,2.3,4900,2.35,14700,0,156800
EQUITAS30JAN20107.5CE.NFO,07/01/2020,12:29:03,2.4,2.3,4900,2.35,4900,0,156800
EQUITAS30JAN20107.5CE.NFO,07/01/2020,12:29:08,2.4,2.3,4900,2.4,4900,0,156800
EQUITAS30JAN20107.5CE.NFO,07/01/2020,12:29:12,2.4,2.3,9800,2.4,4900,0,156800
EQUITAS30JAN20107.5CE.NFO,07/01/2020,12:29:19,2.4,2.3,4900,2.4,4900,0,156800
EQUITAS30JAN20107.5CE.NFO,07/01/2020,12:29:22,2.4,2.25,9800,2.4,4900,0,156800
EQUITAS30JAN20107.5CE.NFO,07/01/2020,12:29:27,2.4,2.25,4900,2.35,4900,0,156800
EQUITAS30JAN20107.5CE.NFO,07/01/2020,12:29:51,2.4,2.25,9800,2.4,4900,0,156800
EQUITAS30JAN20107.5CE.NFO,07/01/2020,12:29:55,2.4,2.25,4900,2.4,4900,0,156800
EQUITAS30JAN20107.5CE.NFO,07/01/2020,12:29:59,2.4,2.25,4900,2.35,4900,0,156800
EQUITAS30JAN20107.5CE.NFO,07/01/2020,12:30:03,2.4,2.25,4900,2.3,4900,0,156800
EQUITAS30JAN20107.5CE.NFO,07/01/2020,12:30:23,2.4,2.25,4900,2.35,9800,0,156800
EQUITAS30JAN20107.5CE.NFO,07/01/2020,12:30:34,2.4,2.25,4900,2.35,14700,0,156800
EQUITAS30JAN20107.5CE.NFO,07/01/2020,12:30:46,2.4,2.25,4900,2.3,4900,0,156800
EQUITAS30JAN20107.5CE.NFO,07/01/2020,12:31:13,2.25,2.2,14700,2.3,9800,4900,147000
EQUITAS30JAN20107.5CE.NFO,07/01/2020,12:31:16,2.25,2.2,14700,2.3,4900,0,147000
EQUITAS30JAN20107.5CE.NFO,07/01/2020,12:31:43,2.25,2.2,14700,2.35,4900,0,147000
EQUITAS30JAN20107.5CE.NFO,07/01/2020,12:32:04,2.25,2.2,9800,2.35,4900,0,147000
EQUITAS30JAN20107.5CE.NFO,07/01/2020,12:32:07,2.25,2.2,9800,2.3,9800,0,147000
EQUITAS30JAN20107.5CE.NFO,07/01/2020,12:32:23,2.25,2.2,14700,2.3,9800,0,147000
EQUITAS30JAN20107.5CE.NFO,07/01/2020,12:32:28,2.25,2.2,14700,2.3,4900,0,147000
EQUITAS30JAN20107.5CE.NFO,07/01/2020,12:32:58,2.25,2.2,14700,2.3,9800,0,147000
EQUITAS30JAN20107.5CE.NFO,07/01/2020,12:33:07,2.25,2.2,9800,2.3,9800,0,147000
EQUITAS30JAN20107.5CE.NFO,07/01/2020,12:33:16,2.25,2.15,14700,2.3,9800,0,147000
EQUITAS30JAN20107.5CE.NFO,07/01/2020,12:33:53,2.25,2.2,14700,2.3,4900,0,147000
EQUITAS30JAN20107.5CE.NFO,07/01/2020,12:33:55,2.25,2.2,14700,2.3,9800,0,147000
EQUITAS30JAN20107.5CE.NFO,07/01/2020,12:33:58,2.25,2.2,14700,2.3,4900,0,147000
EQUITAS30JAN20107.5CE.NFO,07/01/2020,12:34:02,2.25,2.2,14700,2.3,9800,0,147000
EQUITAS30JAN20107.5CE.NFO,07/01/2020,12:34:32,2.25,2.2,14700,2.3,4900,0,147000
EQUITAS30JAN20107.5CE.NFO,07/01/2020,12:34:57,2.25,2.25,19600,2.3,4900,0,147000
EQUITAS30JAN20107.5CE.NFO,07/01/2020,12:35:01,2.25,2.25,19600,2.4,9800,0,147000
EQUITAS30JAN20107.5CE.NFO,07/01/2020,12:35:14,2.25,2.25,19600,2.35,9800,0,147000
EQUITAS30JAN20107.5CE.NFO,07/01/2020,12:35:32,2.25,2.25,19600,2.35,4900,0,147000
EQUITAS30JAN20107.5CE.NFO,07/01/2020,12:36:34,2.25,2.25,14700,2.35,14700,0,147000
EQUITAS30JAN20107.5CE.NFO,07/01/2020,12:36:40,2.25,2.25,14700,2.35,9800,0,147000
EQUITAS30JAN20107.5CE.NFO,07/01/2020,12:36:58,2.25,2.25,9800,2.35,9800,0,147000
EQUITAS30JAN20107.5CE.NFO,07/01/2020,12:38:03,2.25,2.25,14700,2.4,9800,0,147000
EQUITAS30JAN20107.5CE.NFO,07/01/2020,12:40:17,2.25,2.3,14700,2.4,4900,0,147000
EQUITAS30JAN20107.5CE.NFO,07/01/2020,12:40:30,2.25,2.3,9800,2.4,4900,0,147000
EQUITAS30JAN20107.5CE.NFO,07/01/2020,12:41:00,2.25,2.3,4900,2.4,4900,0,147000
EQUITAS30JAN20107.5CE.NFO,07/01/2020,12:41:04,2.25,2.3,9800,2.4,4900,0,147000
EQUITAS30JAN20107.5CE.NFO,07/01/2020,12:41:33,2.25,2.3,4900,2.4,4900,0,147000
EQUITAS30JAN20107.5CE.NFO,07/01/2020,12:42:19,2.25,2.3,9800,2.45,14700,0,147000
EQUITAS30JAN20107.5CE.NFO,07/01/2020,12:42:45,2.25,2.3,4900,2.4,14700,0,147000
EQUITAS30JAN20107.5CE.NFO,07/01/2020,12:42:52,2.25,2.25,19600,2.4,14700,0,147000
EQUITAS30JAN20107.5CE.NFO,07/01/2020,12:43:30,2.25,2.3,4900,2.4,14700,0,147000
EQUITAS30JAN20107.5CE.NFO,07/01/2020,12:44:48,2.25,2.25,19600,2.4,14700,0,147000
EQUITAS30JAN20107.5CE.NFO,07/01/2020,12:46:54,2.25,2.3,4900,2.4,14700,0,147000
EQUITAS30JAN20107.5CE.NFO,07/01/2020,12:47:18,2.25,2.25,19600,2.4,14700,0,147000
EQUITAS30JAN20107.5CE.NFO,07/01/2020,12:48:19,2.25,2.3,4900,2.4,14700,0,147000
EQUITAS30JAN20107.5CE.NFO,07/01/2020,12:48:27,2.25,2.25,19600,2.4,14700,0,147000
EQUITAS30JAN20107.5CE.NFO,07/01/2020,12:48:31,2.25,2.3,14700,2.4,14700,0,147000
EQUITAS30JAN20107.5CE.NFO,07/01/2020,12:48:38,2.25,2.3,4900,2.4,14700,0,147000
EQUITAS30JAN20107.5CE.NFO,07/01/2020,12:48:49,2.25,2.3,14700,2.4,14700,0,147000
EQUITAS30JAN20107.5CE.NFO,07/01/2020,12:48:53,2.25,2.3,9800,2.4,14700,0,147000
EQUITAS30JAN20107.5CE.NFO,07/01/2020,12:48:59,2.25,2.3,4900,2.4,14700,0,147000
EQUITAS30JAN20107.5CE.NFO,07/01/2020,12:49:15,2.25,2.3,4900,2.4,9800,0,147000
EQUITAS30JAN20107.5CE.NFO,07/01/2020,12:49:21,2.25,2.3,9800,2.4,9800,0,147000
EQUITAS30JAN20107.5CE.NFO,07/01/2020,12:49:32,2.25,2.3,4900,2.4,9800,0,147000
EQUITAS30JAN20107.5CE.NFO,07/01/2020,12:49:34,2.25,2.3,9800,2.4,9800,0,147000
EQUITAS30JAN20107.5CE.NFO,07/01/2020,12:49:49,2.25,2.3,9800,2.4,4900,0,147000
EQUITAS30JAN20107.5CE.NFO,07/01/2020,12:50:08,2.25,2.3,9800,2.45,14700,0,147000
EQUITAS30JAN20107.5CE.NFO,07/01/2020,12:50:13,2.25,2.3,9800,2.4,9800,0,147000
EQUITAS30JAN20107.5CE.NFO,07/01/2020,12:50:20,2.25,2.3,9800,2.4,4900,0,147000
EQUITAS30JAN20107.5CE.NFO,07/01/2020,12:50:26,2.25,2.3,9800,2.4,9800,0,147000
EQUITAS30JAN20107.5CE.NFO,07/01/2020,12:50:29,2.25,2.3,9800,2.4,4900,0,147000
EQUITAS30JAN20107.5CE.NFO,07/01/2020,12:50:31,2.25,2.3,9800,2.4,9800,0,147000
EQUITAS30JAN20107.5CE.NFO,07/01/2020,12:50:34,2.25,2.3,9800,2.4,4900,0,147000
EQUITAS30JAN20107.5CE.NFO,07/01/2020,12:50:36,2.25,2.3,9800,2.4,9800,0,147000
EQUITAS30JAN20107.5CE.NFO,07/01/2020,12:51:20,2.25,2.3,9800,2.45,14700,0,147000
EQUITAS30JAN20107.5CE.NFO,07/01/2020,12:51:35,2.25,2.3,14700,2.45,14700,0,147000
EQUITAS30JAN20107.5CE.NFO,07/01/2020,12:52:21,2.25,2.3,4900,2.4,19600,0,147000
EQUITAS30JAN20107.5CE.NFO,07/01/2020,12:52:54,2.25,2.25,19600,2.4,19600,0,147000
EQUITAS30JAN20107.5CE.NFO,07/01/2020,12:53:06,2.25,2.25,14700,2.4,19600,0,147000
EQUITAS30JAN20107.5CE.NFO,07/01/2020,12:53:15,2.25,2.25,19600,2.4,19600,0,147000
EQUITAS30JAN20107.5CE.NFO,07/01/2020,12:53:39,2.25,2.25,14700,2.4,19600,0,147000
EQUITAS30JAN20107.5CE.NFO,07/01/2020,12:57:12,2.25,2.2,19600,2.4,19600,0,147000
EQUITAS30JAN20107.5CE.NFO,07/01/2020,12:57:21,2.25,2.2,19600,2.4,24500,0,147000
EQUITAS30JAN20107.5CE.NFO,07/01/2020,12:57:30,2.25,2.2,14700,2.4,24500,0,147000
EQUITAS30JAN20107.5CE.NFO,07/01/2020,12:58:02,2.25,2.2,4900,2.4,24500,0,147000
EQUITAS30JAN20107.5CE.NFO,07/01/2020,12:58:11,2.25,2.2,9800,2.4,24500,0,147000
EQUITAS30JAN20107.5CE.NFO,07/01/2020,12:58:32,2.25,2.2,9800,2.4,19600,0,147000
EQUITAS30JAN20107.5CE.NFO,07/01/2020,12:58:38,2.25,2.2,9800,2.4,24500,0,147000
EQUITAS30JAN20107.5CE.NFO,07/01/2020,12:59:31,2.25,2.2,9800,2.3,9800,0,147000
EQUITAS30JAN20107.5CE.NFO,07/01/2020,13:00:07,2.25,2.2,4900,2.3,9800,0,147000
EQUITAS30JAN20107.5CE.NFO,07/01/2020,13:00:29,2.25,2.2,9800,2.3,9800,0,147000
EQUITAS30JAN20107.5CE.NFO,07/01/2020,13:01:04,2.25,2.2,4900,2.3,9800,0,147000
EQUITAS30JAN20107.5CE.NFO,07/01/2020,13:01:10,2.2,2.1,14700,2.2,4900,4900,151900
EQUITAS30JAN20107.5CE.NFO,07/01/2020,13:01:16,2.2,2.1,14700,2.2,4900,0,151900
EQUITAS30JAN20107.5CE.NFO,07/01/2020,13:02:20,2.2,2.1,19600,2.3,4900,4900,151900
EQUITAS30JAN20107.5CE.NFO,07/01/2020,13:02:24,2.2,2.1,14700,2.25,9800,0,151900
EQUITAS30JAN20107.5CE.NFO,07/01/2020,13:02:34,2.2,2.1,19600,2.25,9800,0,151900
EQUITAS30JAN20107.5CE.NFO,07/01/2020,13:02:42,2.2,2.1,14700,2.25,9800,0,151900
EQUITAS30JAN20107.5CE.NFO,07/01/2020,13:04:51,2.2,2.1,9800,2.2,9800,0,151900
EQUITAS30JAN20107.5CE.NFO,07/01/2020,13:04:57,2.2,2.1,9800,2.25,4900,0,151900
EQUITAS30JAN20107.5CE.NFO,07/01/2020,13:05:09,2.2,2.05,19600,2.2,14700,0,151900
EQUITAS30JAN20107.5CE.NFO,07/01/2020,13:06:00,2.2,2.05,14700,2.2,14700,0,151900
EQUITAS30JAN20107.5CE.NFO,07/01/2020,13:06:30,2.2,2.05,9800,2.2,14700,0,151900
EQUITAS30JAN20107.5CE.NFO,07/01/2020,13:08:32,2.2,2.05,4900,2.2,14700,0,151900
EQUITAS30JAN20107.5CE.NFO,07/01/2020,13:08:39,2.2,2,9800,2.15,19600,0,151900
EQUITAS30JAN20107.5CE.NFO,07/01/2020,13:09:51,2.2,2,19600,2.2,9800,0,151900
EQUITAS30JAN20107.5CE.NFO,07/01/2020,13:09:58,2.2,2,14700,2.2,9800,0,151900
EQUITAS30JAN20107.5CE.NFO,07/01/2020,13:10:09,2.2,2,14700,2.15,14700,0,151900
EQUITAS30JAN20107.5CE.NFO,07/01/2020,13:10:14,2.2,2,14700,2.15,4900,0,151900
EQUITAS30JAN20107.5CE.NFO,07/01/2020,13:10:19,2.2,2,9800,2.15,4900,0,151900
EQUITAS30JAN20107.5CE.NFO,07/01/2020,13:10:33,2.2,2,14700,2.15,4900,0,151900
EQUITAS30JAN20107.5CE.NFO,07/01/2020,13:11:08,2.2,2,9800,2.15,4900,0,151900
EQUITAS30JAN20107.5CE.NFO,07/01/2020,13:12:03,2.2,2,14700,2.15,4900,0,151900
EQUITAS30JAN20107.5CE.NFO,07/01/2020,13:12:29,2.2,2,9800,2.15,4900,0,151900
EQUITAS30JAN20107.5CE.NFO,07/01/2020,13:13:43,2.2,2,14700,2.15,4900,0,151900
EQUITAS30JAN20107.5CE.NFO,07/01/2020,13:13:52,2.2,2,9800,2.15,4900,0,151900
EQUITAS30JAN20107.5CE.NFO,07/01/2020,13:14:39,2.2,2,14700,2.15,4900,0,151900
EQUITAS30JAN20107.5CE.NFO,07/01/2020,13:15:11,2.2,2,9800,2.15,4900,0,151900
EQUITAS30JAN20107.5CE.NFO,07/01/2020,13:15:39,2.2,2,14700,2.15,4900,0,151900
EQUITAS30JAN20107.5CE.NFO,07/01/2020,13:16:47,2.2,2,14700,2.1,4900,0,151900
EQUITAS30JAN20107.5CE.NFO,07/01/2020,13:16:52,2.2,2,14700,2.1,9800,0,151900
EQUITAS30JAN20107.5CE.NFO,07/01/2020,13:17:02,2.2,2,14700,2.15,4900,0,151900
EQUITAS30JAN20107.5CE.NFO,07/01/2020,13:18:06,2.2,2,9800,2.15,4900,0,151900
EQUITAS30JAN20107.5CE.NFO,07/01/2020,13:19:18,2.2,2,9800,2.15,9800,0,151900
EQUITAS30JAN20107.5CE.NFO,07/01/2020,13:19:23,2.2,2,9800,2.15,4900,0,151900
EQUITAS30JAN20107.5CE.NFO,07/01/2020,13:20:09,2.2,2,19600,2.15,4900,0,151900
EQUITAS30JAN20107.5CE.NFO,07/01/2020,13:20:32,2.2,2,14700,2.15,4900,0,151900
EQUITAS30JAN20107.5CE.NFO,07/01/2020,13:21:24,2.2,2,9800,2.15,4900,0,151900
EQUITAS30JAN20107.5CE.NFO,07/01/2020,13:21:33,2.2,2,14700,2.15,4900,0,151900
EQUITAS30JAN20107.5CE.NFO,07/01/2020,13:22:32,2.2,2,9800,2.1,14700,0,151900
EQUITAS30JAN20107.5CE.NFO,07/01/2020,13:23:19,2.2,2,9800,2.1,4900,0,151900
EQUITAS30JAN20107.5CE.NFO,07/01/2020,13:24:48,2.2,2,9800,2.15,4900,0,151900
EQUITAS30JAN20107.5CE.NFO,07/01/2020,13:27:08,2.2,2,19600,2.15,4900,0,151900
EQUITAS30JAN20107.5CE.NFO,07/01/2020,13:27:13,2.2,2,14700,2.15,4900,0,151900
EQUITAS30JAN20107.5CE.NFO,07/01/2020,13:27:18,2.2,2,19600,2.15,4900,0,151900
EQUITAS30JAN20107.5CE.NFO,07/01/2020,13:27:22,2.2,2,14700,2.15,4900,0,151900
EQUITAS30JAN20107.5CE.NFO,07/01/2020,13:27:30,2.2,2,14700,2.1,4900,0,151900
EQUITAS30JAN20107.5CE.NFO,07/01/2020,13:27:57,2.2,2,9800,2.1,4900,0,151900
EQUITAS30JAN20107.5CE.NFO,07/01/2020,13:31:28,2,1.9,14700,2.05,14700,4900,147000
EQUITAS30JAN20107.5CE.NFO,07/01/2020,13:31:28,2,1.9,14700,2.05,14700,0,147000
EQUITAS30JAN20107.5CE.NFO,07/01/2020,13:31:35,2,1.9,14700,2.05,9800,0,147000
EQUITAS30JAN20107.5CE.NFO,07/01/2020,13:31:47,2,2,4900,2.1,4900,0,147000
EQUITAS30JAN20107.5CE.NFO,07/01/2020,13:32:16,2,1.95,9800,2.05,14700,0,147000
EQUITAS30JAN20107.5CE.NFO,07/01/2020,13:32:22,2,1.95,9800,2.05,9800,0,147000
EQUITAS30JAN20107.5CE.NFO,07/01/2020,13:32:37,2,1.95,14700,2.05,9800,0,147000
EQUITAS30JAN20107.5CE.NFO,07/01/2020,13:32:55,2,1.95,9800,2.05,9800,0,147000
EQUITAS30JAN20107.5CE.NFO,07/01/2020,13:33:20,2,1.95,14700,2.05,9800,0,147000
EQUITAS30JAN20107.5CE.NFO,07/01/2020,13:33:46,2,1.95,14700,2.1,4900,0,147000
EQUITAS30JAN20107.5CE.NFO,07/01/2020,13:34:07,2,1.95,14700,2.05,4900,0,147000
EQUITAS30JAN20107.5CE.NFO,07/01/2020,13:34:22,2,1.95,14700,2.1,4900,0,147000
EQUITAS30JAN20107.5CE.NFO,07/01/2020,13:35:33,2,2.05,4900,2.15,9800,0,147000
EQUITAS30JAN20107.5CE.NFO,07/01/2020,13:35:39,2,2,14700,2.15,9800,0,147000
EQUITAS30JAN20107.5CE.NFO,07/01/2020,13:36:09,2,2,9800,2.1,19600,0,147000
EQUITAS30JAN20107.5CE.NFO,07/01/2020,13:36:21,2,2,9800,2.1,14700,0,147000
EQUITAS30JAN20107.5CE.NFO,07/01/2020,13:36:45,2,2,4900,2.1,14700,0,147000
EQUITAS30JAN20107.5CE.NFO,07/01/2020,13:38:09,2,2,9800,2.15,9800,0,147000
EQUITAS30JAN20107.5CE.NFO,07/01/2020,13:38:16,2,2,4900,2.15,9800,0,147000
EQUITAS30JAN20107.5CE.NFO,07/01/2020,13:38:22,2,2,4900,2.1,19600,0,147000
EQUITAS30JAN20107.5CE.NFO,07/01/2020,13:38:27,2,1.9,14700,2.1,24500,0,147000
EQUITAS30JAN20107.5CE.NFO,07/01/2020,13:38:44,2,1.95,14700,2.1,19600,0,147000
EQUITAS30JAN20107.5CE.NFO,07/01/2020,13:39:01,2,1.95,14700,2.1,24500,0,147000
EQUITAS30JAN20107.5CE.NFO,07/01/2020,13:39:06,2,1.95,9800,2.1,24500,0,147000
EQUITAS30JAN20107.5CE.NFO,07/01/2020,13:39:22,2,1.95,14700,2.1,24500,0,147000
EQUITAS30JAN20107.5CE.NFO,07/01/2020,13:40:41,2,2,14700,2.1,9800,0,147000
EQUITAS30JAN20107.5CE.NFO,07/01/2020,13:40:51,2,2,14700,2.15,9800,0,147000
EQUITAS30JAN20107.5CE.NFO,07/01/2020,13:41:13,2,2,9800,2.15,9800,0,147000
EQUITAS30JAN20107.5CE.NFO,07/01/2020,13:41:18,2,2,14700,2.15,9800,0,147000
EQUITAS30JAN20107.5CE.NFO,07/01/2020,13:41:53,2,2,9800,2.15,9800,0,147000
EQUITAS30JAN20107.5CE.NFO,07/01/2020,13:42:13,2,2,14700,2.15,9800,0,147000
EQUITAS30JAN20107.5CE.NFO,07/01/2020,13:42:26,2,2,14700,2.15,4900,0,147000
EQUITAS30JAN20107.5CE.NFO,07/01/2020,13:43:13,2,2.05,14700,2.15,4900,0,147000
EQUITAS30JAN20107.5CE.NFO,07/01/2020,13:43:25,2,2.05,14700,2.2,9800,0,147000
EQUITAS30JAN20107.5CE.NFO,07/01/2020,13:43:31,2,2.05,14700,2.2,14700,0,147000
EQUITAS30JAN20107.5CE.NFO,07/01/2020,13:43:36,2,2.05,9800,2.15,9800,0,147000
EQUITAS30JAN20107.5CE.NFO,07/01/2020,13:44:17,2,2.05,14700,2.15,9800,0,147000
EQUITAS30JAN20107.5CE.NFO,07/01/2020,13:44:24,2,2.05,9800,2.15,9800,0,147000
EQUITAS30JAN20107.5CE.NFO,07/01/2020,13:44:27,2,2.05,14700,2.15,9800,0,147000
EQUITAS30JAN20107.5CE.NFO,07/01/2020,13:44:34,2,2.05,9800,2.15,9800,0,147000
EQUITAS30JAN20107.5CE.NFO,07/01/2020,13:44:46,2,2.05,14700,2.15,9800,0,147000
EQUITAS30JAN20107.5CE.NFO,07/01/2020,13:44:50,2,2.05,4900,2.15,9800,0,147000
EQUITAS30JAN20107.5CE.NFO,07/01/2020,13:45:06,2,2.05,9800,2.15,9800,0,147000
EQUITAS30JAN20107.5CE.NFO,07/01/2020,13:45:37,2,2.05,9800,2.15,4900,0,147000
EQUITAS30JAN20107.5CE.NFO,07/01/2020,13:45:48,2,2.05,4900,2.15,4900,0,147000
EQUITAS30JAN20107.5CE.NFO,07/01/2020,13:45:53,2,2.05,9800,2.15,4900,0,147000
EQUITAS30JAN20107.5CE.NFO,07/01/2020,13:46:07,2,2.05,4900,2.15,4900,0,147000
EQUITAS30JAN20107.5CE.NFO,07/01/2020,13:46:49,2,2.05,9800,2.15,4900,0,147000
EQUITAS30JAN20107.5CE.NFO,07/01/2020,13:46:57,2,2.05,4900,2.2,9800,0,147000
EQUITAS30JAN20107.5CE.NFO,07/01/2020,13:47:11,2,2.05,9800,2.2,14700,0,147000
EQUITAS30JAN20107.5CE.NFO,07/01/2020,13:47:23,2,2.05,4900,2.2,14700,0,147000
EQUITAS30JAN20107.5CE.NFO,07/01/2020,13:47:34,2,2.05,4900,2.2,9800,0,147000
EQUITAS30JAN20107.5CE.NFO,07/01/2020,13:47:50,2,2.1,9800,2.2,9800,0,147000
EQUITAS30JAN20107.5CE.NFO,07/01/2020,13:49:23,2,2.1,4900,2.2,9800,0,147000
EQUITAS30JAN20107.5CE.NFO,07/01/2020,13:49:29,2,2.1,9800,2.2,9800,0,147000
EQUITAS30JAN20107.5CE.NFO,07/01/2020,13:50:31,2,2.1,4900,2.2,9800,0,147000
EQUITAS30JAN20107.5CE.NFO,07/01/2020,13:52:02,2,2.05,4900,2.2,9800,0,147000
EQUITAS30JAN20107.5CE.NFO,07/01/2020,13:53:42,2,2.05,4900,2.15,14700,0,147000
EQUITAS30JAN20107.5CE.NFO,07/01/2020,13:53:50,2,2,14700,2.15,14700,0,147000
EQUITAS30JAN20107.5CE.NFO,07/01/2020,13:54:03,2,2,19600,2.15,14700,0,147000
EQUITAS30JAN20107.5CE.NFO,07/01/2020,13:54:42,2,2.05,9800,2.15,14700,0,147000
EQUITAS30JAN20107.5CE.NFO,07/01/2020,13:54:49,2,2.05,4900,2.15,9800,0,147000
EQUITAS30JAN20107.5CE.NFO,07/01/2020,13:55:16,2,2.05,9800,2.15,9800,0,147000
EQUITAS30JAN20107.5CE.NFO,07/01/2020,13:55:26,2,2.05,4900,2.15,4900,0,147000
EQUITAS30JAN20107.5CE.NFO,07/01/2020,13:55:53,2,2.1,4900,2.15,4900,0,147000
EQUITAS30JAN20107.5CE.NFO,07/01/2020,13:56:07,2,2.05,4900,2.15,4900,0,147000
EQUITAS30JAN20107.5CE.NFO,07/01/2020,13:56:17,2,2.05,9800,2.15,4900,0,147000
EQUITAS30JAN20107.5CE.NFO,07/01/2020,13:58:32,2,2.05,4900,2.15,4900,0,147000
EQUITAS30JAN20107.5CE.NFO,07/01/2020,13:58:37,2,2,19600,2.15,4900,0,147000
EQUITAS30JAN20107.5CE.NFO,07/01/2020,13:58:41,2,2,29400,2.15,4900,0,147000
EQUITAS30JAN20107.5CE.NFO,07/01/2020,13:58:46,2,2.05,9800,2.15,4900,0,147000
EQUITAS30JAN20107.5CE.NFO,07/01/2020,13:58:53,2,2.05,4900,2.15,4900,0,147000
EQUITAS30JAN20107.5CE.NFO,07/01/2020,13:58:58,2,2.05,9800,2.15,4900,0,147000
EQUITAS30JAN20107.5CE.NFO,07/01/2020,14:00:31,2,2.1,4900,2.15,4900,0,147000
EQUITAS30JAN20107.5CE.NFO,07/01/2020,14:00:42,2.15,2.1,9800,2.2,19600,4900,151900
EQUITAS30JAN20107.5CE.NFO,07/01/2020,14:00:48,2.15,2.1,9800,2.2,19600,0,151900
EQUITAS30JAN20107.5CE.NFO,07/01/2020,14:00:59,2.15,2.05,4900,2.2,19600,0,151900
EQUITAS30JAN20107.5CE.NFO,07/01/2020,14:04:28,2.15,2.05,4900,2.15,4900,0,151900
EQUITAS30JAN20107.5CE.NFO,07/01/2020,14:04:48,2.15,2.05,4900,2.2,9800,0,151900
EQUITAS30JAN20107.5CE.NFO,07/01/2020,14:04:56,2.15,2.05,4900,2.15,9800,0,151900
EQUITAS30JAN20107.5CE.NFO,07/01/2020,14:05:02,2.15,2.05,4900,2.15,4900,0,151900
EQUITAS30JAN20107.5CE.NFO,07/01/2020,14:05:19,2.15,2.05,4900,2.2,9800,0,151900
EQUITAS30JAN20107.5CE.NFO,07/01/2020,14:05:26,2.15,2.05,9800,2.2,9800,0,151900
EQUITAS30JAN20107.5CE.NFO,07/01/2020,14:05:42,2.15,2.05,9800,2.15,4900,0,151900
EQUITAS30JAN20107.5CE.NFO,07/01/2020,14:07:21,2.15,2.05,9800,2.15,9800,0,151900
EQUITAS30JAN20107.5CE.NFO,07/01/2020,14:07:33,2.15,2.05,4900,2.15,9800,0,151900
EQUITAS30JAN20107.5CE.NFO,07/01/2020,14:08:57,2.15,2.05,4900,2.1,4900,0,151900
EQUITAS30JAN20107.5CE.NFO,07/01/2020,14:12:00,2.15,2,14700,2.1,9800,0,151900
EQUITAS30JAN20107.5CE.NFO,07/01/2020,14:12:08,2.15,2,19600,2.1,9800,0,151900
EQUITAS30JAN20107.5CE.NFO,07/01/2020,14:12:42,2.15,2,19600,2.1,4900,0,151900
EQUITAS30JAN20107.5CE.NFO,07/01/2020,14:12:47,2.15,2,29400,2.1,4900,0,151900
EQUITAS30JAN20107.5CE.NFO,07/01/2020,14:13:04,2.15,2,29400,2.15,4900,0,151900
EQUITAS30JAN20107.5CE.NFO,07/01/2020,14:13:37,2.15,2.05,14700,2.15,14700,0,151900
EQUITAS30JAN20107.5CE.NFO,07/01/2020,14:13:52,2.15,2.05,14700,2.15,9800,0,151900
EQUITAS30JAN20107.5CE.NFO,07/01/2020,14:14:00,2.15,2.05,14700,2.15,14700,0,151900
EQUITAS30JAN20107.5CE.NFO,07/01/2020,14:14:06,2.15,2.05,14700,2.15,9800,0,151900
EQUITAS30JAN20107.5CE.NFO,07/01/2020,14:14:15,2.15,2.05,14700,2.15,14700,0,151900
EQUITAS30JAN20107.5CE.NFO,07/01/2020,14:14:19,2.15,2.05,14700,2.15,9800,0,151900
EQUITAS30JAN20107.5CE.NFO,07/01/2020,14:14:24,2.15,2.05,14700,2.2,9800,0,151900
EQUITAS30JAN20107.5CE.NFO,07/01/2020,14:14:44,2.15,2.1,9800,2.2,19600,0,151900
EQUITAS30JAN20107.5CE.NFO,07/01/2020,14:15:08,2.15,2.1,9800,2.2,14700,0,151900
EQUITAS30JAN20107.5CE.NFO,07/01/2020,14:17:28,2.15,2.05,14700,2.2,19600,0,151900
EQUITAS30JAN20107.5CE.NFO,07/01/2020,14:17:36,2.15,2.05,14700,2.2,14700,0,151900
EQUITAS30JAN20107.5CE.NFO,07/01/2020,14:17:40,2.15,2.05,14700,2.15,4900,0,151900
EQUITAS30JAN20107.5CE.NFO,07/01/2020,14:17:56,2.15,2.05,14700,2.2,4900,0,151900
EQUITAS30JAN20107.5CE.NFO,07/01/2020,14:18:20,2.15,2.05,19600,2.2,4900,0,151900
EQUITAS30JAN20107.5CE.NFO,07/01/2020,14:21:43,2.15,2.05,14700,2.2,4900,0,151900
EQUITAS30JAN20107.5CE.NFO,07/01/2020,14:22:24,2.15,2.05,19600,2.2,4900,0,151900
EQUITAS30JAN20107.5CE.NFO,07/01/2020,14:22:29,2.15,2.05,14700,2.2,4900,0,151900
EQUITAS30JAN20107.5CE.NFO,07/01/2020,14:23:13,2.15,2.05,14700,2.2,9800,0,151900
EQUITAS30JAN20107.5CE.NFO,07/01/2020,14:23:25,2.15,2.05,9800,2.15,9800,0,151900
EQUITAS30JAN20107.5CE.NFO,07/01/2020,14:24:07,2.15,2.05,4900,2.15,9800,0,151900
EQUITAS30JAN20107.5CE.NFO,07/01/2020,14:24:40,2.15,2.05,14700,2.2,14700,0,151900
EQUITAS30JAN20107.5CE.NFO,07/01/2020,14:24:49,2.15,2.05,9800,2.2,14700,0,151900
EQUITAS30JAN20107.5CE.NFO,07/01/2020,14:24:53,2.15,2.05,14700,2.2,14700,0,151900
EQUITAS30JAN20107.5CE.NFO,07/01/2020,14:25:01,2.15,2.05,9800,2.2,14700,0,151900
EQUITAS30JAN20107.5CE.NFO,07/01/2020,14:25:05,2.15,2.05,14700,2.2,14700,0,151900
EQUITAS30JAN20107.5CE.NFO,07/01/2020,14:25:12,2.15,2.05,9800,2.2,14700,0,151900
EQUITAS30JAN20107.5CE.NFO,07/01/2020,14:26:06,2.15,2.05,14700,2.2,14700,0,151900
EQUITAS30JAN20107.5CE.NFO,07/01/2020,14:26:38,2.15,2.05,14700,2.15,4900,0,151900
EQUITAS30JAN20107.5CE.NFO,07/01/2020,14:27:41,2.15,2.05,14700,2.2,14700,0,151900
EQUITAS30JAN20107.5CE.NFO,07/01/2020,14:28:33,2.15,2.05,14700,2.15,4900,0,151900
EQUITAS30JAN20107.5CE.NFO,07/01/2020,14:29:12,2.15,2.05,14700,2.2,14700,0,151900
EQUITAS30JAN20107.5CE.NFO,07/01/2020,14:29:52,2.15,2.05,9800,2.2,14700,0,151900
EQUITAS30JAN20107.5CE.NFO,07/01/2020,14:30:15,2.15,2.05,14700,2.2,14700,0,151900
EQUITAS30JAN20107.5CE.NFO,07/01/2020,14:30:26,2.15,2.05,9800,2.2,14700,0,151900
EQUITAS30JAN20107.5CE.NFO,07/01/2020,14:30:35,2.15,2.05,14700,2.2,14700,0,151900
EQUITAS30JAN20107.5CE.NFO,07/01/2020,14:30:44,2.15,2.1,9800,2.2,14700,0,151900
EQUITAS30JAN20107.5CE.NFO,07/01/2020,14:31:00,2.15,2.1,4900,2.2,14700,0,151900
EQUITAS30JAN20107.5CE.NFO,07/01/2020,14:31:22,2.15,2.05,4900,2.2,14700,0,151900
EQUITAS30JAN20107.5CE.NFO,07/01/2020,14:32:46,2.15,2.05,9800,2.2,14700,0,151900
EQUITAS30JAN20107.5CE.NFO,07/01/2020,14:33:15,2.15,2.05,9800,2.15,9800,0,151900
EQUITAS30JAN20107.5CE.NFO,07/01/2020,14:33:33,2.15,2.05,4900,2.15,9800,0,151900
EQUITAS30JAN20107.5CE.NFO,07/01/2020,14:35:09,2.15,2.05,4900,2.1,4900,0,151900
EQUITAS30JAN20107.5CE.NFO,07/01/2020,14:36:12,2.05,2,14700,2.1,9800,4900,147000
EQUITAS30JAN20107.5CE.NFO,07/01/2020,14:36:18,2.05,2,14700,2.1,9800,0,147000
EQUITAS30JAN20107.5CE.NFO,07/01/2020,14:39:37,2.05,2,19600,2.15,4900,0,147000
EQUITAS30JAN20107.5CE.NFO,07/01/2020,14:39:50,2.05,2,19600,2.1,4900,0,147000
EQUITAS30JAN20107.5CE.NFO,07/01/2020,14:41:05,2.05,2,14700,2.1,4900,0,147000
EQUITAS30JAN20107.5CE.NFO,07/01/2020,14:41:30,2.05,2,19600,2.1,4900,0,147000
EQUITAS30JAN20107.5CE.NFO,07/01/2020,14:41:34,2.05,2,14700,2.1,4900,0,147000
EQUITAS30JAN20107.5CE.NFO,07/01/2020,14:41:38,2.05,2,19600,2.1,4900,0,147000
EQUITAS30JAN20107.5CE.NFO,07/01/2020,14:41:57,2.05,2,14700,2.1,14700,0,147000
EQUITAS30JAN20107.5CE.NFO,07/01/2020,14:42:01,2.05,2,9800,2.1,14700,0,147000
EQUITAS30JAN20107.5CE.NFO,07/01/2020,14:42:14,2.05,2,9800,2.1,19600,0,147000
EQUITAS30JAN20107.5CE.NFO,07/01/2020,14:42:27,2.05,2,4900,2.05,9800,0,147000
EQUITAS30JAN20107.5CE.NFO,07/01/2020,14:42:40,2.05,2,4900,2.05,4900,0,147000
EQUITAS30JAN20107.5CE.NFO,07/01/2020,14:42:47,2.05,2,14700,2.05,4900,0,147000
EQUITAS30JAN20107.5CE.NFO,07/01/2020,14:43:11,2.05,2,9800,2.05,4900,0,147000
EQUITAS30JAN20107.5CE.NFO,07/01/2020,14:43:15,2.05,2,14700,2.05,4900,0,147000
EQUITAS30JAN20107.5CE.NFO,07/01/2020,14:43:49,2.05,2,14700,2.1,14700,0,147000
EQUITAS30JAN20107.5CE.NFO,07/01/2020,14:44:04,2.05,2,9800,2.05,19600,0,147000
EQUITAS30JAN20107.5CE.NFO,07/01/2020,14:44:09,2.05,2,4900,2.05,14700,0,147000
EQUITAS30JAN20107.5CE.NFO,07/01/2020,14:44:25,2.05,2,4900,2.05,9800,0,147000
EQUITAS30JAN20107.5CE.NFO,07/01/2020,14:45:15,2,1.9,9800,2,9800,4900,151900
EQUITAS30JAN20107.5CE.NFO,07/01/2020,14:45:22,2,1.9,9800,2,9800,0,151900
EQUITAS30JAN20107.5CE.NFO,07/01/2020,14:45:35,2,1.85,14700,2,4900,0,151900
EQUITAS30JAN20107.5CE.NFO,07/01/2020,14:45:57,2,1.85,14700,1.95,9800,0,151900
EQUITAS30JAN20107.5CE.NFO,07/01/2020,14:46:03,2,1.85,19600,1.95,9800,0,151900
EQUITAS30JAN20107.5CE.NFO,07/01/2020,14:46:09,2,1.85,14700,1.95,9800,0,151900
EQUITAS30JAN20107.5CE.NFO,07/01/2020,14:46:15,2,1.85,19600,2,9800,0,151900
EQUITAS30JAN20107.5CE.NFO,07/01/2020,14:46:36,2,1.9,14700,2,4900,0,151900
EQUITAS30JAN20107.5CE.NFO,07/01/2020,14:46:46,2,1.9,9800,2,4900,0,151900
EQUITAS30JAN20107.5CE.NFO,07/01/2020,14:46:54,2,1.9,14700,2,4900,0,151900
EQUITAS30JAN20107.5CE.NFO,07/01/2020,14:47:13,2,1.9,14700,2.05,19600,0,151900
EQUITAS30JAN20107.5CE.NFO,07/01/2020,14:48:48,2,1.9,19600,2.05,19600,0,151900
EQUITAS30JAN20107.5CE.NFO,07/01/2020,14:49:16,2,1.9,14700,2.05,19600,0,151900
EQUITAS30JAN20107.5CE.NFO,07/01/2020,14:49:27,2,1.9,14700,2.05,24500,0,151900
EQUITAS30JAN20107.5CE.NFO,07/01/2020,14:49:37,2,1.9,14700,2.05,19600,0,151900
EQUITAS30JAN20107.5CE.NFO,07/01/2020,14:50:20,2,1.9,19600,2.05,19600,0,151900
EQUITAS30JAN20107.5CE.NFO,07/01/2020,14:50:54,1.9,1.9,14700,2,9800,58800,156800
EQUITAS30JAN20107.5CE.NFO,07/01/2020,14:50:54,1.9,1.9,14700,2,9800,0,156800
EQUITAS30JAN20107.5CE.NFO,07/01/2020,14:50:57,1.9,1.9,9800,2,9800,0,156800
EQUITAS30JAN20107.5CE.NFO,07/01/2020,14:51:10,1.9,1.9,9800,1.95,4900,0,156800
EQUITAS30JAN20107.5CE.NFO,07/01/2020,14:51:43,1.9,1.9,9800,2,9800,0,156800
EQUITAS30JAN20107.5CE.NFO,07/01/2020,14:51:47,1.9,1.9,9800,1.95,4900,0,156800
EQUITAS30JAN20107.5CE.NFO,07/01/2020,14:51:52,1.9,1.9,9800,2,4900,0,156800
EQUITAS30JAN20107.5CE.NFO,07/01/2020,14:52:16,1.9,1.9,14700,2,4900,0,156800
EQUITAS30JAN20107.5CE.NFO,07/01/2020,14:52:32,1.9,1.9,14700,2,9800,0,156800
EQUITAS30JAN20107.5CE.NFO,07/01/2020,14:52:51,1.9,1.9,9800,2,9800,0,156800
EQUITAS30JAN20107.5CE.NFO,07/01/2020,14:53:12,1.9,1.9,14700,2,9800,0,156800
EQUITAS30JAN20107.5CE.NFO,07/01/2020,14:53:18,1.9,1.9,14700,2,4900,0,156800
EQUITAS30JAN20107.5CE.NFO,07/01/2020,14:53:55,1.9,1.95,14700,2,4900,0,156800
EQUITAS30JAN20107.5CE.NFO,07/01/2020,14:54:01,1.9,1.95,9800,2,4900,0,156800
EQUITAS30JAN20107.5CE.NFO,07/01/2020,14:54:24,1.9,1.95,9800,2.05,9800,0,156800
EQUITAS30JAN20107.5CE.NFO,07/01/2020,14:54:30,1.9,1.95,9800,2,9800,0,156800
EQUITAS30JAN20107.5CE.NFO,07/01/2020,14:55:51,1.9,1.95,9800,2,4900,0,156800
EQUITAS30JAN20107.5CE.NFO,07/01/2020,14:55:55,1.9,1.95,9800,2,9800,0,156800
EQUITAS30JAN20107.5CE.NFO,07/01/2020,14:56:02,1.9,1.95,4900,2,9800,0,156800
EQUITAS30JAN20107.5CE.NFO,07/01/2020,14:56:06,1.95,1.9,9800,2,14700,4900,200900
EQUITAS30JAN20107.5CE.NFO,07/01/2020,14:56:11,1.95,1.9,9800,2,14700,0,200900
