Ticker,Date,Time,LTP,BuyPrice,BuyQty,SellPrice,SellQty,LTQ,OpenInterest
EQUITAS30JAN20110CE.NFO,07/01/2020,09:16:09,1.8,1.6,4900,1.85,9800,4900,1641500
EQUITAS30JAN20110CE.NFO,07/01/2020,09:16:09,1.8,1.6,4900,1.85,9800,0,1641500
EQUITAS30JAN20110CE.NFO,07/01/2020,09:16:09,1.8,1.6,4900,1.85,9800,0,1641500
EQUITAS30JAN20110CE.NFO,07/01/2020,09:16:09,1.8,1.6,4900,1.85,9800,0,1641500
EQUITAS30JAN20110CE.NFO,07/01/2020,09:16:19,1.85,1.6,4900,1.85,4900,4900,1641500
EQUITAS30JAN20110CE.NFO,07/01/2020,09:16:19,1.85,1.6,4900,1.85,4900,0,1641500
EQUITAS30JAN20110CE.NFO,07/01/2020,09:16:28,1.85,1.55,4900,1.85,4900,0,1641500
EQUITAS30JAN20110CE.NFO,07/01/2020,09:16:37,1.6,1.6,9800,1.85,4900,4900,1641500
EQUITAS30JAN20110CE.NFO,07/01/2020,09:16:37,1.6,1.6,9800,1.85,4900,0,1641500
EQUITAS30JAN20110CE.NFO,07/01/2020,09:16:47,1.6,1.6,4900,1.85,4900,0,1641500
EQUITAS30JAN20110CE.NFO,07/01/2020,09:16:56,1.6,1.6,9800,1.85,4900,0,1641500
EQUITAS30JAN20110CE.NFO,07/01/2020,09:17:21,1.6,1.6,9800,1.85,9800,0,1641500
EQUITAS30JAN20110CE.NFO,07/01/2020,09:17:29,1.65,1.6,9800,1.85,4900,4900,1641500
EQUITAS30JAN20110CE.NFO,07/01/2020,09:17:38,1.65,1.65,14700,1.8,9800,0,1641500
EQUITAS30JAN20110CE.NFO,07/01/2020,09:17:47,1.65,1.65,9800,1.8,9800,0,1641500
EQUITAS30JAN20110CE.NFO,07/01/2020,09:18:04,1.8,1.65,14700,1.8,4900,4900,1641500
EQUITAS30JAN20110CE.NFO,07/01/2020,09:18:11,1.8,1.7,19600,1.8,4900,0,1641500
EQUITAS30JAN20110CE.NFO,07/01/2020,09:18:27,1.8,1.7,24500,1.8,4900,4900,1641500
EQUITAS30JAN20110CE.NFO,07/01/2020,09:18:34,1.85,1.7,24500,1.85,9800,4900,1641500
EQUITAS30JAN20110CE.NFO,07/01/2020,09:18:42,1.85,1.7,24500,1.85,9800,0,1641500
EQUITAS30JAN20110CE.NFO,07/01/2020,09:19:12,1.85,1.7,24500,1.85,4900,9800,1641500
EQUITAS30JAN20110CE.NFO,07/01/2020,09:19:20,1.85,1.8,19600,1.9,4900,0,1641500
EQUITAS30JAN20110CE.NFO,07/01/2020,09:19:28,1.85,1.8,19600,1.95,9800,0,1641500
EQUITAS30JAN20110CE.NFO,07/01/2020,09:19:44,1.95,1.85,19600,2,19600,4900,1641500
EQUITAS30JAN20110CE.NFO,07/01/2020,09:19:44,1.95,1.85,19600,2,19600,0,1641500
EQUITAS30JAN20110CE.NFO,07/01/2020,09:19:52,1.95,1.9,14700,2,14700,0,1641500
EQUITAS30JAN20110CE.NFO,07/01/2020,09:20:07,2,1.95,24500,2.05,4900,9800,1641500
EQUITAS30JAN20110CE.NFO,07/01/2020,09:20:07,2,1.95,24500,2.05,4900,0,1641500
EQUITAS30JAN20110CE.NFO,07/01/2020,09:20:15,1.95,1.95,24500,2.05,9800,4900,1641500
EQUITAS30JAN20110CE.NFO,07/01/2020,09:20:23,1.95,1.9,19600,2,9800,0,1641500
EQUITAS30JAN20110CE.NFO,07/01/2020,09:20:31,1.95,1.85,19600,2,9800,0,1641500
EQUITAS30JAN20110CE.NFO,07/01/2020,09:20:54,1.95,1.9,24500,2,9800,0,1641500
EQUITAS30JAN20110CE.NFO,07/01/2020,09:21:17,1.95,1.9,29400,2,9800,0,1641500
EQUITAS30JAN20110CE.NFO,07/01/2020,09:21:24,2,1.95,24500,2.05,4900,4900,1651300
EQUITAS30JAN20110CE.NFO,07/01/2020,09:21:31,2,2.1,4900,2.2,4900,0,1651300
EQUITAS30JAN20110CE.NFO,07/01/2020,09:21:38,2.1,2,19600,2.1,19600,4900,1651300
EQUITAS30JAN20110CE.NFO,07/01/2020,09:21:38,2.1,2,19600,2.1,19600,0,1651300
EQUITAS30JAN20110CE.NFO,07/01/2020,09:21:46,2.1,2.05,9800,2.1,4900,0,1651300
EQUITAS30JAN20110CE.NFO,07/01/2020,09:21:53,2.1,2.05,14700,2.15,4900,9800,1651300
EQUITAS30JAN20110CE.NFO,07/01/2020,09:21:59,2.1,2.05,19600,2.15,4900,0,1651300
EQUITAS30JAN20110CE.NFO,07/01/2020,09:22:06,2.1,2.1,4900,2.15,4900,0,1651300
EQUITAS30JAN20110CE.NFO,07/01/2020,09:22:14,2.1,2.05,14700,2.15,9800,0,1651300
EQUITAS30JAN20110CE.NFO,07/01/2020,09:22:22,2.1,2.05,9800,2.15,4900,0,1651300
EQUITAS30JAN20110CE.NFO,07/01/2020,09:22:29,2.15,2.05,14700,2.15,14700,9800,1651300
EQUITAS30JAN20110CE.NFO,07/01/2020,09:22:29,2.15,2.05,14700,2.15,14700,0,1651300
EQUITAS30JAN20110CE.NFO,07/01/2020,09:22:36,2.15,2.1,4900,2.15,14700,0,1651300
EQUITAS30JAN20110CE.NFO,07/01/2020,09:22:43,2.15,2.05,9800,2.15,14700,0,1651300
EQUITAS30JAN20110CE.NFO,07/01/2020,09:22:49,2.15,2,14700,2.1,4900,0,1651300
EQUITAS30JAN20110CE.NFO,07/01/2020,09:22:55,2.15,2.05,9800,2.1,4900,0,1651300
EQUITAS30JAN20110CE.NFO,07/01/2020,09:23:01,2.1,2.05,19600,2.15,4900,4900,1651300
EQUITAS30JAN20110CE.NFO,07/01/2020,09:23:08,2.1,2.05,19600,2.15,4900,0,1651300
EQUITAS30JAN20110CE.NFO,07/01/2020,09:23:22,2.15,2.05,9800,2.15,19600,4900,1651300
EQUITAS30JAN20110CE.NFO,07/01/2020,09:23:28,2.15,2.05,14700,2.15,4900,0,1656200
EQUITAS30JAN20110CE.NFO,07/01/2020,09:23:35,2.15,2.05,14700,2.15,9800,0,1656200
EQUITAS30JAN20110CE.NFO,07/01/2020,09:23:41,2.15,2.05,14700,2.15,4900,0,1656200
EQUITAS30JAN20110CE.NFO,07/01/2020,09:23:47,2.15,2.05,9800,2.15,14700,0,1656200
EQUITAS30JAN20110CE.NFO,07/01/2020,09:23:54,2.15,2.05,9800,2.15,9800,0,1656200
EQUITAS30JAN20110CE.NFO,07/01/2020,09:24:08,2.1,2.05,4900,2.15,19600,9800,1656200
EQUITAS30JAN20110CE.NFO,07/01/2020,09:24:16,2.1,2.05,4900,2.15,19600,0,1656200
EQUITAS30JAN20110CE.NFO,07/01/2020,09:25:02,2.1,2.05,4900,2.15,24500,0,1656200
EQUITAS30JAN20110CE.NFO,07/01/2020,09:25:09,2.1,2.05,14700,2.15,4900,0,1656200
EQUITAS30JAN20110CE.NFO,07/01/2020,09:25:16,2.15,2.1,9800,2.2,19600,4900,1656200
EQUITAS30JAN20110CE.NFO,07/01/2020,09:25:24,2.1,2.1,4900,2.2,19600,4900,1656200
EQUITAS30JAN20110CE.NFO,07/01/2020,09:25:31,2.1,2,14700,2.15,19600,4900,1656200
EQUITAS30JAN20110CE.NFO,07/01/2020,09:25:38,2.1,2,14700,2.15,14700,0,1656200
EQUITAS30JAN20110CE.NFO,07/01/2020,09:25:45,2.1,2,14700,2.1,4900,0,1656200
EQUITAS30JAN20110CE.NFO,07/01/2020,09:25:59,2.1,2,9800,2.1,4900,0,1656200
EQUITAS30JAN20110CE.NFO,07/01/2020,09:26:09,2.1,2,4900,2.15,29400,0,1656200
EQUITAS30JAN20110CE.NFO,07/01/2020,09:26:16,2.1,2,4900,2.1,14700,0,1656200
EQUITAS30JAN20110CE.NFO,07/01/2020,09:26:27,2.1,2,9800,2.1,4900,0,1656200
EQUITAS30JAN20110CE.NFO,07/01/2020,09:26:33,2.1,2.05,14700,2.15,14700,0,1656200
EQUITAS30JAN20110CE.NFO,07/01/2020,09:26:40,2.05,2,14700,2.1,4900,4900,1656200
EQUITAS30JAN20110CE.NFO,07/01/2020,09:26:51,2.05,2.05,4900,2.1,9800,0,1656200
EQUITAS30JAN20110CE.NFO,07/01/2020,09:26:56,2.1,2.05,9800,2.15,29400,4900,1656200
EQUITAS30JAN20110CE.NFO,07/01/2020,09:27:01,2.1,2.05,9800,2.15,29400,0,1656200
EQUITAS30JAN20110CE.NFO,07/01/2020,09:27:07,2.1,2.05,9800,2.1,4900,0,1656200
EQUITAS30JAN20110CE.NFO,07/01/2020,09:27:12,2.1,2.05,9800,2.1,19600,0,1656200
EQUITAS30JAN20110CE.NFO,07/01/2020,09:27:17,2.05,2,19600,2.1,19600,14700,1656200
EQUITAS30JAN20110CE.NFO,07/01/2020,09:27:24,2.05,2,19600,2.1,14700,0,1656200
EQUITAS30JAN20110CE.NFO,07/01/2020,09:27:37,2.05,2,19600,2.1,24500,0,1656200
EQUITAS30JAN20110CE.NFO,07/01/2020,09:27:48,2.1,2.05,14700,2.15,19600,14700,1656200
EQUITAS30JAN20110CE.NFO,07/01/2020,09:27:54,2.1,2.05,14700,2.15,19600,0,1656200
EQUITAS30JAN20110CE.NFO,07/01/2020,09:28:09,2.1,2.05,4900,2.15,24500,0,1656200
EQUITAS30JAN20110CE.NFO,07/01/2020,09:28:15,2.1,2,19600,2.1,14700,9800,1656200
EQUITAS30JAN20110CE.NFO,07/01/2020,09:28:21,2.1,2,24500,2.1,9800,0,1656200
EQUITAS30JAN20110CE.NFO,07/01/2020,09:28:33,2.1,2,9800,2.05,4900,0,1656200
EQUITAS30JAN20110CE.NFO,07/01/2020,09:28:38,2.05,2.05,19600,2.15,4900,4900,1656200
EQUITAS30JAN20110CE.NFO,07/01/2020,09:28:43,2.05,2.05,19600,2.15,4900,0,1656200
EQUITAS30JAN20110CE.NFO,07/01/2020,09:28:55,2.05,2.05,14700,2.15,4900,0,1656200
EQUITAS30JAN20110CE.NFO,07/01/2020,09:29:01,2.05,2.05,19600,2.15,4900,0,1656200
EQUITAS30JAN20110CE.NFO,07/01/2020,09:29:07,2.15,2.1,14700,2.2,19600,4900,1656200
EQUITAS30JAN20110CE.NFO,07/01/2020,09:29:13,2.15,2.1,14700,2.2,19600,0,1656200
EQUITAS30JAN20110CE.NFO,07/01/2020,09:29:25,2.15,2.1,14700,2.2,14700,0,1656200
EQUITAS30JAN20110CE.NFO,07/01/2020,09:29:37,2.2,2.15,24500,2.25,4900,9800,1690500
EQUITAS30JAN20110CE.NFO,07/01/2020,09:29:37,2.2,2.15,24500,2.25,4900,0,1690500
EQUITAS30JAN20110CE.NFO,07/01/2020,09:29:44,2.2,2.15,19600,2.25,4900,0,1690500
EQUITAS30JAN20110CE.NFO,07/01/2020,09:29:50,2.2,2.1,24500,2.25,14700,0,1690500
EQUITAS30JAN20110CE.NFO,07/01/2020,09:29:56,2.2,2.15,4900,2.25,4900,0,1690500
EQUITAS30JAN20110CE.NFO,07/01/2020,09:30:15,2.2,2.15,4900,2.25,4900,4900,1690500
EQUITAS30JAN20110CE.NFO,07/01/2020,09:30:22,2.2,2.1,24500,2.25,4900,0,1690500
EQUITAS30JAN20110CE.NFO,07/01/2020,09:30:28,2.2,2.15,29400,2.3,9800,0,1690500
EQUITAS30JAN20110CE.NFO,07/01/2020,09:30:33,2.2,2.15,14700,2.25,4900,0,1690500
EQUITAS30JAN20110CE.NFO,07/01/2020,09:30:38,2.2,2.15,14700,2.2,4900,0,1690500
EQUITAS30JAN20110CE.NFO,07/01/2020,09:30:43,2.2,2.15,4900,2.2,4900,0,1690500
EQUITAS30JAN20110CE.NFO,07/01/2020,09:30:54,2.2,2.15,4900,2.25,9800,4900,1690500
EQUITAS30JAN20110CE.NFO,07/01/2020,09:30:59,2.2,2.15,4900,2.25,9800,0,1690500
EQUITAS30JAN20110CE.NFO,07/01/2020,09:31:05,2.25,2.15,14700,2.3,19600,4900,1690500
EQUITAS30JAN20110CE.NFO,07/01/2020,09:31:05,2.25,2.15,14700,2.3,19600,0,1690500
EQUITAS30JAN20110CE.NFO,07/01/2020,09:31:12,2.25,2.15,14700,2.3,14700,0,1690500
EQUITAS30JAN20110CE.NFO,07/01/2020,09:31:18,2.25,2.2,9800,2.35,19600,0,1690500
EQUITAS30JAN20110CE.NFO,07/01/2020,09:31:24,2.25,2.25,24500,2.4,9800,0,1690500
EQUITAS30JAN20110CE.NFO,07/01/2020,09:31:30,2.25,2.25,29400,2.4,9800,0,1690500
EQUITAS30JAN20110CE.NFO,07/01/2020,09:31:40,2.25,2.3,4900,2.4,9800,0,1690500
EQUITAS30JAN20110CE.NFO,07/01/2020,09:31:45,2.25,2.25,14700,2.35,9800,0,1690500
EQUITAS30JAN20110CE.NFO,07/01/2020,09:31:55,2.25,2.25,24500,2.35,4900,0,1690500
EQUITAS30JAN20110CE.NFO,07/01/2020,09:32:10,2.25,2.25,24500,2.35,9800,0,1690500
EQUITAS30JAN20110CE.NFO,07/01/2020,09:32:21,2.25,2.3,19600,2.35,4900,0,1690500
EQUITAS30JAN20110CE.NFO,07/01/2020,09:32:27,2.35,2.3,19600,2.4,9800,4900,1710100
EQUITAS30JAN20110CE.NFO,07/01/2020,09:32:27,2.35,2.3,19600,2.4,9800,0,1710100
EQUITAS30JAN20110CE.NFO,07/01/2020,09:32:33,2.35,2.3,19600,2.4,9800,0,1710100
EQUITAS30JAN20110CE.NFO,07/01/2020,09:32:45,2.35,2.3,9800,2.4,9800,0,1710100
EQUITAS30JAN20110CE.NFO,07/01/2020,09:32:51,2.3,2.3,4900,2.4,24500,19600,1710100
EQUITAS30JAN20110CE.NFO,07/01/2020,09:32:51,2.4,2.3,4900,2.4,24500,0,1710100
EQUITAS30JAN20110CE.NFO,07/01/2020,09:32:56,2.35,2.3,9800,2.4,24500,9800,1710100
EQUITAS30JAN20110CE.NFO,07/01/2020,09:33:02,2.35,2.3,19600,2.4,19600,0,1710100
EQUITAS30JAN20110CE.NFO,07/01/2020,09:33:13,2.35,2.3,19600,2.4,24500,0,1710100
EQUITAS30JAN20110CE.NFO,07/01/2020,09:33:19,2.35,2.3,19600,2.4,14700,4900,1710100
EQUITAS30JAN20110CE.NFO,07/01/2020,09:33:24,2.3,2.25,9800,2.3,4900,14700,1710100
EQUITAS30JAN20110CE.NFO,07/01/2020,09:33:30,2.25,2.25,14700,2.35,14700,4900,1710100
EQUITAS30JAN20110CE.NFO,07/01/2020,09:33:36,2.25,2.25,14700,2.35,14700,4900,1710100
EQUITAS30JAN20110CE.NFO,07/01/2020,09:33:41,2.25,2.25,14700,2.35,14700,0,1710100
EQUITAS30JAN20110CE.NFO,07/01/2020,09:33:46,2.25,2.25,14700,2.35,9800,0,1710100
EQUITAS30JAN20110CE.NFO,07/01/2020,09:33:52,2.25,2.25,14700,2.35,4900,0,1710100
EQUITAS30JAN20110CE.NFO,07/01/2020,09:33:56,2.25,2.25,14700,2.35,9800,0,1710100
EQUITAS30JAN20110CE.NFO,07/01/2020,09:34:12,2.25,2.25,4900,2.3,14700,0,1710100
EQUITAS30JAN20110CE.NFO,07/01/2020,09:34:17,2.3,2.25,9800,2.35,9800,14700,1710100
EQUITAS30JAN20110CE.NFO,07/01/2020,09:34:22,2.3,2.25,9800,2.35,9800,0,1710100
EQUITAS30JAN20110CE.NFO,07/01/2020,09:34:27,2.3,2.25,9800,2.3,9800,0,1710100
EQUITAS30JAN20110CE.NFO,07/01/2020,09:34:32,2.3,2.25,4900,2.3,4900,0,1710100
EQUITAS30JAN20110CE.NFO,07/01/2020,09:34:38,2.3,2.2,19600,2.3,4900,4900,1710100
EQUITAS30JAN20110CE.NFO,07/01/2020,09:34:43,2.3,2.25,4900,2.35,9800,0,1710100
EQUITAS30JAN20110CE.NFO,07/01/2020,09:34:47,2.3,2.2,19600,2.35,14700,0,1710100
EQUITAS30JAN20110CE.NFO,07/01/2020,09:34:52,2.3,2.25,4900,2.35,14700,0,1710100
EQUITAS30JAN20110CE.NFO,07/01/2020,09:34:57,2.3,2.25,4900,2.35,9800,0,1710100
EQUITAS30JAN20110CE.NFO,07/01/2020,09:35:22,2.3,2.2,14700,2.3,9800,0,1710100
EQUITAS30JAN20110CE.NFO,07/01/2020,09:35:39,2.3,2.2,14700,2.3,14700,0,1710100
EQUITAS30JAN20110CE.NFO,07/01/2020,09:35:46,2.3,2.25,4900,2.3,14700,0,1710100
EQUITAS30JAN20110CE.NFO,07/01/2020,09:36:00,2.3,2.2,14700,2.3,9800,0,1710100
EQUITAS30JAN20110CE.NFO,07/01/2020,09:36:17,2.25,2.25,9800,2.3,4900,4900,1719900
EQUITAS30JAN20110CE.NFO,07/01/2020,09:36:23,2.25,2.25,4900,2.3,4900,0,1719900
EQUITAS30JAN20110CE.NFO,07/01/2020,09:36:43,2.3,2.25,9800,2.35,9800,4900,1719900
EQUITAS30JAN20110CE.NFO,07/01/2020,09:36:48,2.3,2.2,14700,2.3,9800,0,1719900
EQUITAS30JAN20110CE.NFO,07/01/2020,09:36:53,2.3,2.2,14700,2.35,9800,0,1719900
EQUITAS30JAN20110CE.NFO,07/01/2020,09:37:04,2.3,2.2,9800,2.3,4900,0,1719900
EQUITAS30JAN20110CE.NFO,07/01/2020,09:37:08,2.3,2.2,9800,2.35,9800,0,1719900
EQUITAS30JAN20110CE.NFO,07/01/2020,09:37:28,2.3,2.2,9800,2.3,4900,0,1719900
EQUITAS30JAN20110CE.NFO,07/01/2020,09:37:33,2.3,2.25,9800,2.35,4900,0,1719900
EQUITAS30JAN20110CE.NFO,07/01/2020,09:37:38,2.3,2.25,9800,2.35,9800,0,1719900
EQUITAS30JAN20110CE.NFO,07/01/2020,09:37:43,2.3,2.25,9800,2.35,4900,0,1719900
EQUITAS30JAN20110CE.NFO,07/01/2020,09:38:01,2.2,2.15,14700,2.3,14700,29400,1719900
EQUITAS30JAN20110CE.NFO,07/01/2020,09:38:06,2.2,2.15,14700,2.25,4900,0,1719900
EQUITAS30JAN20110CE.NFO,07/01/2020,09:38:16,2.2,2.2,4900,2.3,19600,0,1719900
EQUITAS30JAN20110CE.NFO,07/01/2020,09:39:03,2.2,2.15,4900,2.25,4900,4900,1700300
EQUITAS30JAN20110CE.NFO,07/01/2020,09:39:12,2.15,2.1,24500,2.25,4900,9800,1700300
EQUITAS30JAN20110CE.NFO,07/01/2020,09:39:17,2.15,2.1,24500,2.25,4900,0,1700300
EQUITAS30JAN20110CE.NFO,07/01/2020,09:39:23,2.15,2.2,9800,2.3,14700,0,1700300
EQUITAS30JAN20110CE.NFO,07/01/2020,09:39:29,2.3,2.2,9800,2.3,9800,4900,1700300
EQUITAS30JAN20110CE.NFO,07/01/2020,09:39:34,2.3,2.25,4900,2.3,9800,0,1700300
EQUITAS30JAN20110CE.NFO,07/01/2020,09:39:43,2.3,2.25,4900,2.3,4900,4900,1700300
EQUITAS30JAN20110CE.NFO,07/01/2020,09:39:48,2.3,2.25,4900,2.35,24500,9800,1700300
EQUITAS30JAN20110CE.NFO,07/01/2020,09:39:53,2.3,2.2,9800,2.3,19600,0,1700300
EQUITAS30JAN20110CE.NFO,07/01/2020,09:40:02,2.3,2.2,9800,2.3,9800,0,1700300
EQUITAS30JAN20110CE.NFO,07/01/2020,09:40:07,2.3,2.2,9800,2.3,4900,0,1700300
EQUITAS30JAN20110CE.NFO,07/01/2020,09:40:13,2.3,2.2,9800,2.35,19600,0,1700300
EQUITAS30JAN20110CE.NFO,07/01/2020,09:40:19,2.3,2.2,4900,2.25,24500,0,1700300
EQUITAS30JAN20110CE.NFO,07/01/2020,09:40:25,2.2,2.15,24500,2.3,9800,24500,1700300
EQUITAS30JAN20110CE.NFO,07/01/2020,09:40:30,2.2,2.15,29400,2.3,9800,0,1700300
EQUITAS30JAN20110CE.NFO,07/01/2020,09:40:45,2.2,2.15,34300,2.3,9800,0,1700300
EQUITAS30JAN20110CE.NFO,07/01/2020,09:40:59,2.2,2.2,19600,2.3,4900,0,1700300
EQUITAS30JAN20110CE.NFO,07/01/2020,09:41:04,2.2,2.2,4900,2.3,14700,0,1700300
EQUITAS30JAN20110CE.NFO,07/01/2020,09:41:10,2.2,2.2,4900,2.3,9800,0,1700300
EQUITAS30JAN20110CE.NFO,07/01/2020,09:41:14,2.2,2.2,4900,2.3,14700,0,1700300
EQUITAS30JAN20110CE.NFO,07/01/2020,09:41:19,2.2,2.2,9800,2.3,14700,0,1700300
EQUITAS30JAN20110CE.NFO,07/01/2020,09:41:24,2.2,2.2,4900,2.3,14700,0,1700300
EQUITAS30JAN20110CE.NFO,07/01/2020,09:41:39,2.2,2.2,9800,2.3,14700,0,1700300
EQUITAS30JAN20110CE.NFO,07/01/2020,09:41:43,2.2,2.2,4900,2.3,14700,0,1700300
EQUITAS30JAN20110CE.NFO,07/01/2020,09:42:33,2.2,2.2,4900,2.3,19600,0,1700300
EQUITAS30JAN20110CE.NFO,07/01/2020,09:42:53,2.2,2.15,19600,2.25,9800,0,1700300
EQUITAS30JAN20110CE.NFO,07/01/2020,09:43:16,2.2,2.15,9800,2.25,14700,0,1700300
EQUITAS30JAN20110CE.NFO,07/01/2020,09:43:26,2.2,2.15,19600,2.25,9800,0,1700300
EQUITAS30JAN20110CE.NFO,07/01/2020,09:44:39,2.2,2.2,9800,2.3,4900,0,1700300
EQUITAS30JAN20110CE.NFO,07/01/2020,09:44:45,2.2,2.2,14700,2.3,9800,0,1700300
EQUITAS30JAN20110CE.NFO,07/01/2020,09:44:55,2.2,2.15,9800,2.25,14700,4900,1710100
EQUITAS30JAN20110CE.NFO,07/01/2020,09:45:01,2.2,2.15,9800,2.25,14700,0,1710100
EQUITAS30JAN20110CE.NFO,07/01/2020,09:45:13,2.2,2.15,19600,2.25,9800,0,1710100
EQUITAS30JAN20110CE.NFO,07/01/2020,09:45:40,2.2,2.15,9800,2.2,9800,0,1710100
EQUITAS30JAN20110CE.NFO,07/01/2020,09:45:53,2.2,2.15,4900,2.2,9800,0,1710100
EQUITAS30JAN20110CE.NFO,07/01/2020,09:45:58,2.2,2.15,4900,2.2,14700,14700,1710100
EQUITAS30JAN20110CE.NFO,07/01/2020,09:46:02,2.2,2.15,4900,2.2,14700,0,1710100
EQUITAS30JAN20110CE.NFO,07/01/2020,09:46:07,2.2,2.15,4900,2.2,19600,0,1710100
EQUITAS30JAN20110CE.NFO,07/01/2020,09:46:12,2.15,2.1,9800,2.2,14700,4900,1710100
EQUITAS30JAN20110CE.NFO,07/01/2020,09:46:21,2.1,2.05,4900,2.15,14700,9800,1710100
EQUITAS30JAN20110CE.NFO,07/01/2020,09:46:26,2.1,2.05,4900,2.15,19600,0,1710100
EQUITAS30JAN20110CE.NFO,07/01/2020,09:46:32,2.1,2,24500,2.15,19600,0,1710100
EQUITAS30JAN20110CE.NFO,07/01/2020,09:46:43,2.1,2.05,4900,2.15,19600,0,1710100
EQUITAS30JAN20110CE.NFO,07/01/2020,09:46:53,2.1,2.05,14700,2.15,19600,0,1710100
EQUITAS30JAN20110CE.NFO,07/01/2020,09:47:01,2.1,2.05,14700,2.15,14700,0,1710100
EQUITAS30JAN20110CE.NFO,07/01/2020,09:47:24,2.1,2.05,19600,2.15,4900,0,1710100
EQUITAS30JAN20110CE.NFO,07/01/2020,09:47:50,2.1,2.05,19600,2.15,9800,0,1710100
EQUITAS30JAN20110CE.NFO,07/01/2020,09:48:16,2.15,2.05,19600,2.15,4900,4900,1715000
EQUITAS30JAN20110CE.NFO,07/01/2020,09:48:21,2.15,2.05,19600,2.15,4900,0,1715000
EQUITAS30JAN20110CE.NFO,07/01/2020,09:48:43,2.15,2.1,4900,2.2,19600,4900,1715000
EQUITAS30JAN20110CE.NFO,07/01/2020,09:48:47,2.15,2.1,4900,2.2,19600,0,1715000
EQUITAS30JAN20110CE.NFO,07/01/2020,09:48:50,2.1,2.05,19600,2.15,4900,4900,1715000
EQUITAS30JAN20110CE.NFO,07/01/2020,09:48:59,2.1,2.05,19600,2.15,4900,0,1715000
EQUITAS30JAN20110CE.NFO,07/01/2020,09:49:07,2.1,2.05,19600,2.2,19600,0,1715000
EQUITAS30JAN20110CE.NFO,07/01/2020,09:49:11,2.1,2.05,19600,2.15,4900,0,1715000
EQUITAS30JAN20110CE.NFO,07/01/2020,09:49:23,2.1,2.05,14700,2.15,4900,0,1715000
EQUITAS30JAN20110CE.NFO,07/01/2020,09:49:28,2.1,2.05,9800,2.15,4900,0,1715000
EQUITAS30JAN20110CE.NFO,07/01/2020,09:49:44,2.1,2.05,19600,2.15,4900,0,1715000
EQUITAS30JAN20110CE.NFO,07/01/2020,09:50:31,2.1,2.05,14700,2.15,4900,0,1715000
EQUITAS30JAN20110CE.NFO,07/01/2020,09:50:38,2.1,2.05,9800,2.15,4900,0,1715000
EQUITAS30JAN20110CE.NFO,07/01/2020,09:50:53,2.1,2.05,14700,2.15,4900,0,1715000
EQUITAS30JAN20110CE.NFO,07/01/2020,09:51:20,2.1,2.05,14700,2.15,9800,0,1715000
EQUITAS30JAN20110CE.NFO,07/01/2020,09:51:24,2.1,2.05,4900,2.15,9800,0,1715000
EQUITAS30JAN20110CE.NFO,07/01/2020,09:51:52,2.1,2.05,9800,2.15,9800,0,1715000
EQUITAS30JAN20110CE.NFO,07/01/2020,09:52:37,2.1,2.05,9800,2.15,14700,0,1715000
EQUITAS30JAN20110CE.NFO,07/01/2020,09:52:54,2.1,2.05,4900,2.15,9800,0,1715000
EQUITAS30JAN20110CE.NFO,07/01/2020,09:53:07,2.1,2,9800,2.1,19600,0,1715000
EQUITAS30JAN20110CE.NFO,07/01/2020,09:53:13,2.15,2,9800,2.15,14700,29400,1719900
EQUITAS30JAN20110CE.NFO,07/01/2020,09:53:17,2.15,2,9800,2.15,14700,0,1719900
EQUITAS30JAN20110CE.NFO,07/01/2020,09:53:31,2.15,2,9800,2.15,9800,0,1719900
EQUITAS30JAN20110CE.NFO,07/01/2020,09:53:35,2.05,2.05,4900,2.15,9800,4900,1715000
EQUITAS30JAN20110CE.NFO,07/01/2020,09:53:39,2.05,2.05,4900,2.15,9800,0,1715000
EQUITAS30JAN20110CE.NFO,07/01/2020,09:53:57,2.05,2.05,9800,2.15,9800,0,1715000
EQUITAS30JAN20110CE.NFO,07/01/2020,09:54:02,2.05,2,14700,2.1,9800,0,1715000
EQUITAS30JAN20110CE.NFO,07/01/2020,09:54:36,2.05,2,9800,2.1,4900,0,1715000
EQUITAS30JAN20110CE.NFO,07/01/2020,09:54:40,2.05,2,14700,2.1,4900,0,1715000
EQUITAS30JAN20110CE.NFO,07/01/2020,09:55:06,2.05,2,9800,2.1,4900,0,1715000
EQUITAS30JAN20110CE.NFO,07/01/2020,09:55:11,2.05,2,4900,2.1,4900,0,1715000
EQUITAS30JAN20110CE.NFO,07/01/2020,09:55:16,2.05,2,9800,2.1,9800,0,1715000
EQUITAS30JAN20110CE.NFO,07/01/2020,09:55:29,2.05,1.95,19600,2.05,14700,0,1715000
EQUITAS30JAN20110CE.NFO,07/01/2020,09:55:37,2.05,1.95,19600,2.1,9800,0,1715000
EQUITAS30JAN20110CE.NFO,07/01/2020,09:55:42,2.05,1.95,19600,2.05,9800,0,1715000
EQUITAS30JAN20110CE.NFO,07/01/2020,09:56:30,2.05,1.95,14700,2.05,9800,0,1715000
EQUITAS30JAN20110CE.NFO,07/01/2020,09:56:34,2.05,1.95,19600,2.05,14700,0,1715000
EQUITAS30JAN20110CE.NFO,07/01/2020,09:56:56,2.05,1.95,19600,2.05,9800,0,1715000
EQUITAS30JAN20110CE.NFO,07/01/2020,09:57:00,2.05,1.95,24500,2.05,9800,0,1715000
EQUITAS30JAN20110CE.NFO,07/01/2020,09:57:05,2.05,1.95,19600,2.05,9800,0,1715000
EQUITAS30JAN20110CE.NFO,07/01/2020,09:57:13,2.05,2,14700,2.1,9800,0,1715000
EQUITAS30JAN20110CE.NFO,07/01/2020,09:57:22,2.05,2,9800,2.1,9800,0,1715000
EQUITAS30JAN20110CE.NFO,07/01/2020,09:57:40,2.05,2,14700,2.1,9800,0,1715000
EQUITAS30JAN20110CE.NFO,07/01/2020,09:58:00,2.05,2,9800,2.05,4900,0,1715000
EQUITAS30JAN20110CE.NFO,07/01/2020,09:58:05,2.05,2,14700,2.05,4900,0,1715000
EQUITAS30JAN20110CE.NFO,07/01/2020,09:58:23,2.05,1.95,24500,2.05,9800,0,1715000
EQUITAS30JAN20110CE.NFO,07/01/2020,09:58:27,2.05,1.9,34300,2,9800,0,1715000
EQUITAS30JAN20110CE.NFO,07/01/2020,09:58:32,2.05,1.9,29400,2,9800,0,1715000
EQUITAS30JAN20110CE.NFO,07/01/2020,09:58:46,2.05,1.95,9800,2.05,14700,0,1715000
EQUITAS30JAN20110CE.NFO,07/01/2020,09:58:52,2,1.95,4900,2.05,9800,4900,1715000
EQUITAS30JAN20110CE.NFO,07/01/2020,09:58:57,2,1.95,4900,2.05,9800,0,1715000
EQUITAS30JAN20110CE.NFO,07/01/2020,09:59:13,2,1.95,9800,2.05,9800,0,1715000
EQUITAS30JAN20110CE.NFO,07/01/2020,09:59:17,2,1.95,14700,2.05,9800,0,1715000
EQUITAS30JAN20110CE.NFO,07/01/2020,09:59:26,2,1.95,4900,2.05,9800,0,1715000
EQUITAS30JAN20110CE.NFO,07/01/2020,09:59:30,2,1.95,14700,2.05,9800,0,1715000
EQUITAS30JAN20110CE.NFO,07/01/2020,09:59:46,2,1.95,19600,2.05,9800,0,1715000
EQUITAS30JAN20110CE.NFO,07/01/2020,09:59:49,2,1.95,14700,2.05,9800,0,1715000
EQUITAS30JAN20110CE.NFO,07/01/2020,09:59:53,1.95,1.9,29400,1.95,29400,39200,1715000
EQUITAS30JAN20110CE.NFO,07/01/2020,09:59:56,1.95,1.9,29400,1.95,29400,0,1715000
EQUITAS30JAN20110CE.NFO,07/01/2020,10:00:20,1.95,1.9,24500,1.95,39200,0,1715000
EQUITAS30JAN20110CE.NFO,07/01/2020,10:00:43,1.9,1.8,19600,1.9,14700,19600,1715000
EQUITAS30JAN20110CE.NFO,07/01/2020,10:00:50,1.9,1.8,29400,1.9,19600,0,1715000
EQUITAS30JAN20110CE.NFO,07/01/2020,10:00:56,1.9,1.8,29400,1.9,24500,0,1715000
EQUITAS30JAN20110CE.NFO,07/01/2020,10:01:01,1.9,1.8,29400,1.9,19600,0,1715000
EQUITAS30JAN20110CE.NFO,07/01/2020,10:01:19,1.9,1.8,14700,1.9,29400,0,1715000
EQUITAS30JAN20110CE.NFO,07/01/2020,10:01:25,1.9,1.8,19600,1.9,29400,0,1715000
EQUITAS30JAN20110CE.NFO,07/01/2020,10:01:37,1.9,1.8,19600,1.9,24500,0,1715000
EQUITAS30JAN20110CE.NFO,07/01/2020,10:01:43,1.9,1.8,24500,1.9,9800,0,1715000
EQUITAS30JAN20110CE.NFO,07/01/2020,10:01:49,1.9,1.8,14700,1.9,24500,0,1715000
EQUITAS30JAN20110CE.NFO,07/01/2020,10:01:54,1.9,1.8,14700,1.9,19600,0,1715000
EQUITAS30JAN20110CE.NFO,07/01/2020,10:02:15,1.9,1.8,19600,1.9,19600,0,1715000
EQUITAS30JAN20110CE.NFO,07/01/2020,10:02:21,1.9,1.8,19600,1.9,24500,0,1715000
EQUITAS30JAN20110CE.NFO,07/01/2020,10:02:32,1.9,1.8,19600,1.9,29400,0,1715000
EQUITAS30JAN20110CE.NFO,07/01/2020,10:02:37,1.9,1.8,19600,1.9,24500,0,1715000
EQUITAS30JAN20110CE.NFO,07/01/2020,10:02:41,1.9,1.8,19600,1.9,29400,0,1715000
EQUITAS30JAN20110CE.NFO,07/01/2020,10:03:02,1.8,1.8,19600,1.9,24500,4900,1734600
EQUITAS30JAN20110CE.NFO,07/01/2020,10:03:11,1.8,1.8,14700,1.9,24500,0,1734600
EQUITAS30JAN20110CE.NFO,07/01/2020,10:03:21,1.8,1.8,4900,1.9,29400,0,1734600
EQUITAS30JAN20110CE.NFO,07/01/2020,10:03:30,1.8,1.75,24500,1.85,9800,0,1734600
EQUITAS30JAN20110CE.NFO,07/01/2020,10:03:41,1.8,1.8,4900,1.85,9800,0,1734600
EQUITAS30JAN20110CE.NFO,07/01/2020,10:03:50,1.8,1.8,4900,1.85,14700,0,1734600
EQUITAS30JAN20110CE.NFO,07/01/2020,10:03:55,1.8,1.8,4900,1.85,9800,0,1734600
EQUITAS30JAN20110CE.NFO,07/01/2020,10:04:09,1.8,1.8,4900,1.85,14700,0,1734600
EQUITAS30JAN20110CE.NFO,07/01/2020,10:04:18,1.8,1.75,24500,1.85,9800,4900,1734600
EQUITAS30JAN20110CE.NFO,07/01/2020,10:04:22,1.8,1.75,24500,1.85,9800,0,1734600
EQUITAS30JAN20110CE.NFO,07/01/2020,10:04:48,1.8,1.75,14700,1.85,9800,0,1734600
EQUITAS30JAN20110CE.NFO,07/01/2020,10:04:52,1.8,1.75,14700,1.85,14700,0,1734600
EQUITAS30JAN20110CE.NFO,07/01/2020,10:05:08,1.85,1.75,14700,1.85,19600,4900,1734600
EQUITAS30JAN20110CE.NFO,07/01/2020,10:05:12,1.85,1.75,4900,1.85,19600,0,1734600
EQUITAS30JAN20110CE.NFO,07/01/2020,10:06:11,1.85,1.7,34300,1.8,14700,0,1734600
EQUITAS30JAN20110CE.NFO,07/01/2020,10:06:19,1.85,1.7,29400,1.8,14700,0,1734600
EQUITAS30JAN20110CE.NFO,07/01/2020,10:06:29,1.85,1.7,9800,1.75,19600,0,1734600
EQUITAS30JAN20110CE.NFO,07/01/2020,10:06:34,1.85,1.7,9800,1.75,9800,0,1734600
EQUITAS30JAN20110CE.NFO,07/01/2020,10:06:39,1.85,1.7,9800,1.75,19600,0,1734600
EQUITAS30JAN20110CE.NFO,07/01/2020,10:06:50,1.85,1.7,9800,1.75,14700,0,1734600
EQUITAS30JAN20110CE.NFO,07/01/2020,10:06:55,1.85,1.7,14700,1.75,14700,0,1734600
EQUITAS30JAN20110CE.NFO,07/01/2020,10:07:05,1.85,1.7,14700,1.75,19600,0,1734600
EQUITAS30JAN20110CE.NFO,07/01/2020,10:07:15,1.85,1.7,9800,1.75,19600,0,1734600
EQUITAS30JAN20110CE.NFO,07/01/2020,10:07:57,1.75,1.7,24500,1.8,9800,14700,1724800
EQUITAS30JAN20110CE.NFO,07/01/2020,10:08:01,1.75,1.7,24500,1.8,4900,0,1724800
EQUITAS30JAN20110CE.NFO,07/01/2020,10:08:06,1.75,1.7,24500,1.8,9800,0,1724800
EQUITAS30JAN20110CE.NFO,07/01/2020,10:08:15,1.75,1.7,24500,1.8,14700,0,1724800
EQUITAS30JAN20110CE.NFO,07/01/2020,10:08:25,1.75,1.7,19600,1.75,4900,0,1724800
EQUITAS30JAN20110CE.NFO,07/01/2020,10:08:30,1.75,1.7,24500,1.75,4900,0,1724800
EQUITAS30JAN20110CE.NFO,07/01/2020,10:08:35,1.75,1.7,19600,1.75,4900,0,1724800
EQUITAS30JAN20110CE.NFO,07/01/2020,10:08:40,1.75,1.7,19600,1.75,9800,0,1724800
EQUITAS30JAN20110CE.NFO,07/01/2020,10:08:45,1.75,1.7,19600,1.75,4900,0,1724800
EQUITAS30JAN20110CE.NFO,07/01/2020,10:08:57,1.75,1.7,19600,1.75,9800,0,1724800
EQUITAS30JAN20110CE.NFO,07/01/2020,10:09:06,1.75,1.7,19600,1.75,4900,0,1724800
EQUITAS30JAN20110CE.NFO,07/01/2020,10:09:10,1.7,1.7,14700,1.8,9800,9800,1715000
EQUITAS30JAN20110CE.NFO,07/01/2020,10:09:18,1.7,1.7,14700,1.8,9800,0,1715000
EQUITAS30JAN20110CE.NFO,07/01/2020,10:09:33,1.7,1.7,14700,1.8,4900,0,1715000
EQUITAS30JAN20110CE.NFO,07/01/2020,10:09:42,1.7,1.7,14700,1.75,4900,0,1715000
EQUITAS30JAN20110CE.NFO,07/01/2020,10:09:46,1.7,1.7,19600,1.75,4900,0,1715000
EQUITAS30JAN20110CE.NFO,07/01/2020,10:10:37,1.75,1.7,19600,1.8,9800,4900,1715000
EQUITAS30JAN20110CE.NFO,07/01/2020,10:10:54,1.75,1.7,24500,1.8,14700,0,1715000
EQUITAS30JAN20110CE.NFO,07/01/2020,10:11:08,1.75,1.7,24500,1.8,4900,0,1715000
EQUITAS30JAN20110CE.NFO,07/01/2020,10:11:12,1.75,1.75,14700,1.85,34300,0,1715000
EQUITAS30JAN20110CE.NFO,07/01/2020,10:11:17,1.75,1.75,9800,1.8,4900,0,1715000
EQUITAS30JAN20110CE.NFO,07/01/2020,10:11:49,1.75,1.75,9800,1.8,9800,0,1715000
EQUITAS30JAN20110CE.NFO,07/01/2020,10:12:01,1.8,1.75,9800,1.8,4900,4900,1719900
EQUITAS30JAN20110CE.NFO,07/01/2020,10:12:17,1.8,1.75,14700,1.85,24500,0,1719900
EQUITAS30JAN20110CE.NFO,07/01/2020,10:12:35,1.8,1.75,14700,1.85,14700,0,1719900
EQUITAS30JAN20110CE.NFO,07/01/2020,10:12:50,1.8,1.8,4900,1.85,9800,0,1719900
EQUITAS30JAN20110CE.NFO,07/01/2020,10:13:02,1.8,1.8,4900,1.85,4900,0,1719900
EQUITAS30JAN20110CE.NFO,07/01/2020,10:13:06,1.8,1.8,4900,1.85,9800,0,1719900
EQUITAS30JAN20110CE.NFO,07/01/2020,10:13:10,1.8,1.8,4900,1.85,4900,0,1719900
EQUITAS30JAN20110CE.NFO,07/01/2020,10:13:24,1.8,1.75,24500,1.85,4900,0,1719900
EQUITAS30JAN20110CE.NFO,07/01/2020,10:13:49,1.8,1.75,24500,1.9,24500,0,1719900
EQUITAS30JAN20110CE.NFO,07/01/2020,10:14:00,1.8,1.8,9800,1.9,24500,0,1719900
EQUITAS30JAN20110CE.NFO,07/01/2020,10:14:14,1.8,1.8,4900,1.9,19600,0,1719900
EQUITAS30JAN20110CE.NFO,07/01/2020,10:14:20,1.8,1.8,14700,1.9,14700,0,1719900
EQUITAS30JAN20110CE.NFO,07/01/2020,10:14:30,1.8,1.8,14700,1.9,9800,0,1719900
EQUITAS30JAN20110CE.NFO,07/01/2020,10:14:35,1.8,1.8,14700,1.9,14700,0,1719900
EQUITAS30JAN20110CE.NFO,07/01/2020,10:14:44,1.8,1.8,4900,1.85,9800,0,1719900
EQUITAS30JAN20110CE.NFO,07/01/2020,10:14:54,1.8,1.75,14700,1.85,14700,0,1719900
EQUITAS30JAN20110CE.NFO,07/01/2020,10:15:24,1.8,1.75,14700,1.85,9800,0,1719900
EQUITAS30JAN20110CE.NFO,07/01/2020,10:15:29,1.8,1.75,14700,1.85,14700,0,1719900
EQUITAS30JAN20110CE.NFO,07/01/2020,10:15:34,1.8,1.75,9800,1.85,14700,0,1719900
EQUITAS30JAN20110CE.NFO,07/01/2020,10:15:43,1.8,1.75,19600,1.85,9800,0,1719900
EQUITAS30JAN20110CE.NFO,07/01/2020,10:15:48,1.8,1.75,9800,1.85,9800,0,1719900
EQUITAS30JAN20110CE.NFO,07/01/2020,10:15:55,1.8,1.75,9800,1.85,14700,0,1719900
EQUITAS30JAN20110CE.NFO,07/01/2020,10:16:00,1.8,1.75,14700,1.85,14700,0,1719900
EQUITAS30JAN20110CE.NFO,07/01/2020,10:16:04,1.8,1.75,14700,1.85,9800,0,1719900
EQUITAS30JAN20110CE.NFO,07/01/2020,10:17:06,1.8,1.75,19600,1.85,9800,0,1719900
EQUITAS30JAN20110CE.NFO,07/01/2020,10:17:39,1.8,1.75,24500,1.85,9800,0,1719900
EQUITAS30JAN20110CE.NFO,07/01/2020,10:17:51,1.8,1.75,24500,1.85,4900,0,1719900
EQUITAS30JAN20110CE.NFO,07/01/2020,10:18:02,1.8,1.75,24500,1.85,14700,0,1719900
EQUITAS30JAN20110CE.NFO,07/01/2020,10:18:06,1.8,1.75,19600,1.85,4900,0,1719900
EQUITAS30JAN20110CE.NFO,07/01/2020,10:18:18,1.8,1.75,19600,1.85,19600,0,1719900
EQUITAS30JAN20110CE.NFO,07/01/2020,10:18:22,1.8,1.75,19600,1.85,9800,0,1719900
EQUITAS30JAN20110CE.NFO,07/01/2020,10:18:35,1.8,1.75,19600,1.85,14700,0,1719900
EQUITAS30JAN20110CE.NFO,07/01/2020,10:18:50,1.8,1.75,19600,1.85,24500,0,1719900
EQUITAS30JAN20110CE.NFO,07/01/2020,10:18:55,1.8,1.75,19600,1.85,19600,0,1719900
EQUITAS30JAN20110CE.NFO,07/01/2020,10:19:00,1.8,1.75,19600,1.85,24500,0,1719900
EQUITAS30JAN20110CE.NFO,07/01/2020,10:19:12,1.8,1.75,14700,1.85,24500,0,1719900
EQUITAS30JAN20110CE.NFO,07/01/2020,10:19:35,1.8,1.75,14700,1.85,19600,0,1719900
EQUITAS30JAN20110CE.NFO,07/01/2020,10:19:54,1.8,1.75,14700,1.85,14700,0,1719900
EQUITAS30JAN20110CE.NFO,07/01/2020,10:19:58,1.8,1.75,19600,1.85,14700,0,1719900
EQUITAS30JAN20110CE.NFO,07/01/2020,10:20:49,1.8,1.75,24500,1.85,14700,0,1719900
EQUITAS30JAN20110CE.NFO,07/01/2020,10:21:22,1.8,1.75,24500,1.85,19600,0,1719900
EQUITAS30JAN20110CE.NFO,07/01/2020,10:21:27,1.8,1.75,24500,1.85,24500,0,1719900
EQUITAS30JAN20110CE.NFO,07/01/2020,10:21:45,1.8,1.75,24500,1.85,19600,0,1719900
EQUITAS30JAN20110CE.NFO,07/01/2020,10:21:49,1.8,1.75,24500,1.85,24500,0,1719900
EQUITAS30JAN20110CE.NFO,07/01/2020,10:21:58,1.8,1.75,14700,1.8,9800,0,1719900
EQUITAS30JAN20110CE.NFO,07/01/2020,10:22:06,1.8,1.75,9800,1.8,9800,0,1719900
EQUITAS30JAN20110CE.NFO,07/01/2020,10:22:15,1.8,1.75,9800,1.8,4900,0,1719900
EQUITAS30JAN20110CE.NFO,07/01/2020,10:22:40,1.8,1.75,9800,1.8,14700,0,1719900
EQUITAS30JAN20110CE.NFO,07/01/2020,10:22:46,1.8,1.75,9800,1.8,19600,0,1719900
EQUITAS30JAN20110CE.NFO,07/01/2020,10:22:57,1.8,1.75,4900,1.8,19600,0,1719900
EQUITAS30JAN20110CE.NFO,07/01/2020,10:23:13,1.8,1.75,9800,1.8,19600,0,1719900
EQUITAS30JAN20110CE.NFO,07/01/2020,10:23:17,1.8,1.75,14700,1.8,4900,0,1719900
EQUITAS30JAN20110CE.NFO,07/01/2020,10:23:21,1.8,1.75,9800,1.8,19600,0,1719900
EQUITAS30JAN20110CE.NFO,07/01/2020,10:24:16,1.8,1.75,4900,1.8,19600,0,1719900
EQUITAS30JAN20110CE.NFO,07/01/2020,10:24:24,1.8,1.75,9800,1.8,9800,0,1719900
EQUITAS30JAN20110CE.NFO,07/01/2020,10:24:34,1.8,1.75,4900,1.8,19600,0,1719900
EQUITAS30JAN20110CE.NFO,07/01/2020,10:24:37,1.8,1.75,4900,1.8,14700,0,1719900
EQUITAS30JAN20110CE.NFO,07/01/2020,10:24:57,1.8,1.75,4900,1.8,19600,0,1719900
EQUITAS30JAN20110CE.NFO,07/01/2020,10:25:02,1.75,1.7,4900,1.75,14700,4900,1710100
EQUITAS30JAN20110CE.NFO,07/01/2020,10:25:06,1.75,1.7,4900,1.75,9800,0,1710100
EQUITAS30JAN20110CE.NFO,07/01/2020,10:25:13,1.75,1.65,24500,1.75,14700,0,1710100
EQUITAS30JAN20110CE.NFO,07/01/2020,10:25:36,1.75,1.65,19600,1.75,14700,0,1710100
EQUITAS30JAN20110CE.NFO,07/01/2020,10:26:34,1.75,1.65,24500,1.75,14700,0,1710100
EQUITAS30JAN20110CE.NFO,07/01/2020,10:26:54,1.75,1.65,19600,1.75,14700,0,1710100
EQUITAS30JAN20110CE.NFO,07/01/2020,10:27:01,1.75,1.65,19600,1.75,9800,0,1710100
EQUITAS30JAN20110CE.NFO,07/01/2020,10:27:05,1.75,1.65,19600,1.75,14700,0,1710100
EQUITAS30JAN20110CE.NFO,07/01/2020,10:28:03,1.75,1.7,4900,1.8,19600,0,1710100
EQUITAS30JAN20110CE.NFO,07/01/2020,10:28:07,1.75,1.7,4900,1.8,14700,0,1710100
EQUITAS30JAN20110CE.NFO,07/01/2020,10:28:10,1.75,1.7,9800,1.8,14700,0,1710100
EQUITAS30JAN20110CE.NFO,07/01/2020,10:28:18,1.75,1.7,9800,1.8,19600,0,1710100
EQUITAS30JAN20110CE.NFO,07/01/2020,10:28:22,1.75,1.7,9800,1.8,14700,0,1710100
EQUITAS30JAN20110CE.NFO,07/01/2020,10:28:26,1.75,1.7,14700,1.8,14700,0,1710100
EQUITAS30JAN20110CE.NFO,07/01/2020,10:28:35,1.75,1.7,19600,1.8,14700,0,1710100
EQUITAS30JAN20110CE.NFO,07/01/2020,10:28:38,1.75,1.7,14700,1.8,14700,0,1710100
EQUITAS30JAN20110CE.NFO,07/01/2020,10:28:42,1.75,1.7,14700,1.8,19600,0,1710100
EQUITAS30JAN20110CE.NFO,07/01/2020,10:29:32,1.75,1.7,19600,1.8,19600,0,1710100
EQUITAS30JAN20110CE.NFO,07/01/2020,10:29:50,1.75,1.7,19600,1.8,14700,0,1710100
EQUITAS30JAN20110CE.NFO,07/01/2020,10:30:01,1.75,1.7,19600,1.8,19600,0,1710100
EQUITAS30JAN20110CE.NFO,07/01/2020,10:30:15,1.75,1.7,19600,1.8,24500,0,1710100
EQUITAS30JAN20110CE.NFO,07/01/2020,10:30:49,1.75,1.7,19600,1.8,19600,0,1710100
EQUITAS30JAN20110CE.NFO,07/01/2020,10:30:52,1.75,1.7,19600,1.8,24500,0,1710100
EQUITAS30JAN20110CE.NFO,07/01/2020,10:31:12,1.75,1.75,19600,1.8,19600,0,1710100
EQUITAS30JAN20110CE.NFO,07/01/2020,10:31:25,1.75,1.75,4900,1.8,19600,0,1710100
EQUITAS30JAN20110CE.NFO,07/01/2020,10:31:37,1.75,1.7,19600,1.8,24500,0,1710100
EQUITAS30JAN20110CE.NFO,07/01/2020,10:32:42,1.75,1.7,19600,1.8,14700,0,1710100
EQUITAS30JAN20110CE.NFO,07/01/2020,10:32:49,1.75,1.7,19600,1.8,19600,0,1710100
EQUITAS30JAN20110CE.NFO,07/01/2020,10:32:52,1.75,1.7,19600,1.8,14700,0,1710100
EQUITAS30JAN20110CE.NFO,07/01/2020,10:32:56,1.75,1.7,19600,1.8,19600,0,1710100
EQUITAS30JAN20110CE.NFO,07/01/2020,10:33:09,1.75,1.75,4900,1.8,19600,0,1710100
EQUITAS30JAN20110CE.NFO,07/01/2020,10:33:25,1.75,1.65,24500,1.75,9800,4900,1710100
EQUITAS30JAN20110CE.NFO,07/01/2020,10:34:07,1.75,1.65,24500,1.75,9800,0,1710100
EQUITAS30JAN20110CE.NFO,07/01/2020,10:34:21,1.75,1.65,24500,1.75,4900,0,1710100
EQUITAS30JAN20110CE.NFO,07/01/2020,10:34:27,1.75,1.65,24500,1.75,9800,0,1710100
EQUITAS30JAN20110CE.NFO,07/01/2020,10:34:42,1.75,1.65,24500,1.75,14700,0,1710100
EQUITAS30JAN20110CE.NFO,07/01/2020,10:35:15,1.75,1.65,24500,1.75,9800,0,1710100
EQUITAS30JAN20110CE.NFO,07/01/2020,10:35:24,1.75,1.65,24500,1.75,14700,0,1710100
EQUITAS30JAN20110CE.NFO,07/01/2020,10:35:34,1.75,1.7,4900,1.75,14700,0,1710100
EQUITAS30JAN20110CE.NFO,07/01/2020,10:36:21,1.75,1.7,4900,1.75,9800,0,1710100
EQUITAS30JAN20110CE.NFO,07/01/2020,10:36:34,1.75,1.7,4900,1.75,14700,0,1710100
EQUITAS30JAN20110CE.NFO,07/01/2020,10:36:36,1.75,1.7,9800,1.75,14700,0,1710100
EQUITAS30JAN20110CE.NFO,07/01/2020,10:36:45,1.75,1.7,9800,1.75,9800,0,1710100
EQUITAS30JAN20110CE.NFO,07/01/2020,10:36:57,1.75,1.7,9800,1.75,4900,0,1710100
EQUITAS30JAN20110CE.NFO,07/01/2020,10:37:19,1.75,1.7,9800,1.75,9800,0,1710100
EQUITAS30JAN20110CE.NFO,07/01/2020,10:37:54,1.75,1.7,9800,1.75,4900,0,1710100
EQUITAS30JAN20110CE.NFO,07/01/2020,10:38:14,1.75,1.7,9800,1.8,29400,0,1710100
EQUITAS30JAN20110CE.NFO,07/01/2020,10:38:16,1.75,1.7,9800,1.75,4900,0,1710100
EQUITAS30JAN20110CE.NFO,07/01/2020,10:38:23,1.75,1.7,9800,1.75,9800,0,1710100
EQUITAS30JAN20110CE.NFO,07/01/2020,10:38:44,1.75,1.7,9800,1.75,4900,0,1710100
EQUITAS30JAN20110CE.NFO,07/01/2020,10:38:59,1.75,1.7,9800,1.75,9800,0,1710100
EQUITAS30JAN20110CE.NFO,07/01/2020,10:39:01,1.75,1.7,9800,1.75,4900,0,1710100
EQUITAS30JAN20110CE.NFO,07/01/2020,10:39:09,1.75,1.7,9800,1.75,14700,0,1710100
EQUITAS30JAN20110CE.NFO,07/01/2020,10:39:24,1.75,1.7,4900,1.75,14700,0,1710100
EQUITAS30JAN20110CE.NFO,07/01/2020,10:39:56,1.75,1.7,4900,1.75,19600,0,1710100
EQUITAS30JAN20110CE.NFO,07/01/2020,10:40:00,1.75,1.7,4900,1.75,14700,0,1710100
EQUITAS30JAN20110CE.NFO,07/01/2020,10:40:10,1.75,1.7,9800,1.75,4900,0,1710100
EQUITAS30JAN20110CE.NFO,07/01/2020,10:40:14,1.75,1.7,9800,1.75,9800,0,1710100
EQUITAS30JAN20110CE.NFO,07/01/2020,10:40:32,1.75,1.7,9800,1.75,14700,0,1710100
EQUITAS30JAN20110CE.NFO,07/01/2020,10:40:51,1.75,1.7,9800,1.75,9800,0,1710100
EQUITAS30JAN20110CE.NFO,07/01/2020,10:40:53,1.75,1.7,9800,1.75,14700,0,1710100
EQUITAS30JAN20110CE.NFO,07/01/2020,10:40:55,1.75,1.7,9800,1.75,19600,0,1710100
EQUITAS30JAN20110CE.NFO,07/01/2020,10:41:02,1.75,1.7,9800,1.75,14700,0,1710100
EQUITAS30JAN20110CE.NFO,07/01/2020,10:41:16,1.75,1.7,9800,1.75,4900,0,1710100
EQUITAS30JAN20110CE.NFO,07/01/2020,10:41:24,1.75,1.7,9800,1.8,29400,0,1710100
EQUITAS30JAN20110CE.NFO,07/01/2020,10:41:35,1.75,1.7,19600,1.8,24500,0,1710100
EQUITAS30JAN20110CE.NFO,07/01/2020,10:41:51,1.75,1.7,19600,1.8,14700,0,1710100
EQUITAS30JAN20110CE.NFO,07/01/2020,10:42:10,1.75,1.7,19600,1.8,19600,0,1710100
EQUITAS30JAN20110CE.NFO,07/01/2020,10:42:23,1.75,1.7,19600,1.8,14700,0,1710100
EQUITAS30JAN20110CE.NFO,07/01/2020,10:42:29,1.75,1.7,19600,1.8,19600,0,1710100
EQUITAS30JAN20110CE.NFO,07/01/2020,10:42:37,1.75,1.7,19600,1.8,14700,0,1710100
EQUITAS30JAN20110CE.NFO,07/01/2020,10:42:56,1.75,1.7,19600,1.8,19600,0,1710100
EQUITAS30JAN20110CE.NFO,07/01/2020,10:43:28,1.75,1.7,14700,1.8,19600,0,1710100
EQUITAS30JAN20110CE.NFO,07/01/2020,10:43:31,1.75,1.7,14700,1.75,9800,0,1710100
EQUITAS30JAN20110CE.NFO,07/01/2020,10:43:39,1.7,1.65,29400,1.7,53900,14700,1710100
EQUITAS30JAN20110CE.NFO,07/01/2020,10:43:43,1.7,1.65,29400,1.7,53900,0,1710100
EQUITAS30JAN20110CE.NFO,07/01/2020,10:44:21,1.7,1.65,19600,1.7,49000,14700,1710100
EQUITAS30JAN20110CE.NFO,07/01/2020,10:44:24,1.7,1.65,9800,1.7,58800,0,1710100
EQUITAS30JAN20110CE.NFO,07/01/2020,10:44:31,1.7,1.65,9800,1.7,63700,0,1710100
EQUITAS30JAN20110CE.NFO,07/01/2020,10:44:34,1.7,1.65,9800,1.7,58800,0,1710100
EQUITAS30JAN20110CE.NFO,07/01/2020,10:44:40,1.7,1.65,14700,1.7,49000,0,1710100
EQUITAS30JAN20110CE.NFO,07/01/2020,10:44:43,1.7,1.65,14700,1.7,53900,0,1710100
EQUITAS30JAN20110CE.NFO,07/01/2020,10:44:55,1.7,1.65,14700,1.7,49000,0,1710100
EQUITAS30JAN20110CE.NFO,07/01/2020,10:44:57,1.7,1.65,9800,1.7,49000,0,1710100
EQUITAS30JAN20110CE.NFO,07/01/2020,10:45:12,1.7,1.65,14700,1.7,53900,0,1710100
EQUITAS30JAN20110CE.NFO,07/01/2020,10:45:45,1.7,1.65,9800,1.7,53900,0,1710100
EQUITAS30JAN20110CE.NFO,07/01/2020,10:46:01,1.7,1.65,9800,1.7,58800,0,1710100
EQUITAS30JAN20110CE.NFO,07/01/2020,10:46:32,1.7,1.65,9800,1.7,53900,0,1710100
EQUITAS30JAN20110CE.NFO,07/01/2020,10:46:40,1.65,1.65,4900,1.7,58800,4900,1724800
EQUITAS30JAN20110CE.NFO,07/01/2020,10:46:43,1.65,1.65,4900,1.7,53900,0,1724800
EQUITAS30JAN20110CE.NFO,07/01/2020,10:46:49,1.65,1.65,9800,1.7,53900,4900,1724800
EQUITAS30JAN20110CE.NFO,07/01/2020,10:46:51,1.65,1.65,9800,1.7,49000,0,1724800
EQUITAS30JAN20110CE.NFO,07/01/2020,10:47:02,1.65,1.65,9800,1.7,53900,0,1724800
EQUITAS30JAN20110CE.NFO,07/01/2020,10:47:05,1.65,1.6,19600,1.7,53900,0,1724800
EQUITAS30JAN20110CE.NFO,07/01/2020,10:47:15,1.65,1.6,19600,1.7,49000,0,1724800
EQUITAS30JAN20110CE.NFO,07/01/2020,10:47:31,1.65,1.6,19600,1.7,58800,0,1724800
EQUITAS30JAN20110CE.NFO,07/01/2020,10:47:51,1.65,1.6,29400,1.7,63700,0,1724800
EQUITAS30JAN20110CE.NFO,07/01/2020,10:48:03,1.65,1.6,29400,1.7,58800,0,1724800
EQUITAS30JAN20110CE.NFO,07/01/2020,10:48:19,1.65,1.6,29400,1.7,63700,0,1724800
EQUITAS30JAN20110CE.NFO,07/01/2020,10:48:35,1.65,1.6,29400,1.7,58800,0,1724800
EQUITAS30JAN20110CE.NFO,07/01/2020,10:48:45,1.65,1.6,19600,1.65,14700,0,1724800
EQUITAS30JAN20110CE.NFO,07/01/2020,10:48:48,1.65,1.6,9800,1.65,19600,0,1724800
EQUITAS30JAN20110CE.NFO,07/01/2020,10:49:49,1.65,1.6,14700,1.65,9800,0,1724800
EQUITAS30JAN20110CE.NFO,07/01/2020,10:49:58,1.65,1.6,9800,1.65,9800,0,1724800
EQUITAS30JAN20110CE.NFO,07/01/2020,10:50:04,1.65,1.6,9800,1.65,19600,0,1724800
EQUITAS30JAN20110CE.NFO,07/01/2020,10:50:16,1.65,1.6,24500,1.7,58800,0,1724800
EQUITAS30JAN20110CE.NFO,07/01/2020,10:50:21,1.65,1.6,9800,1.7,58800,0,1724800
EQUITAS30JAN20110CE.NFO,07/01/2020,10:50:42,1.65,1.6,19600,1.7,53900,0,1724800
EQUITAS30JAN20110CE.NFO,07/01/2020,10:51:21,1.65,1.6,14700,1.7,63700,0,1724800
EQUITAS30JAN20110CE.NFO,07/01/2020,10:51:51,1.65,1.6,14700,1.65,14700,0,1724800
EQUITAS30JAN20110CE.NFO,07/01/2020,10:52:16,1.65,1.6,14700,1.65,9800,0,1724800
EQUITAS30JAN20110CE.NFO,07/01/2020,10:52:21,1.65,1.6,14700,1.65,19600,0,1724800
EQUITAS30JAN20110CE.NFO,07/01/2020,10:52:31,1.65,1.6,14700,1.65,14700,0,1724800
EQUITAS30JAN20110CE.NFO,07/01/2020,10:52:37,1.65,1.6,14700,1.65,19600,0,1724800
EQUITAS30JAN20110CE.NFO,07/01/2020,10:52:46,1.65,1.6,14700,1.65,19600,14700,1729700
EQUITAS30JAN20110CE.NFO,07/01/2020,10:52:49,1.6,1.6,9800,1.65,19600,4900,1729700
EQUITAS30JAN20110CE.NFO,07/01/2020,10:52:53,1.6,1.6,9800,1.65,19600,0,1729700
EQUITAS30JAN20110CE.NFO,07/01/2020,10:53:04,1.6,1.5,14700,1.6,14700,98000,1729700
EQUITAS30JAN20110CE.NFO,07/01/2020,10:53:04,1.5,1.5,14700,1.6,14700,0,1729700
EQUITAS30JAN20110CE.NFO,07/01/2020,10:53:10,1.6,1.5,14700,1.6,24500,0,1729700
EQUITAS30JAN20110CE.NFO,07/01/2020,10:53:21,1.6,1.5,9800,1.6,24500,0,1729700
EQUITAS30JAN20110CE.NFO,07/01/2020,10:53:26,1.6,1.5,9800,1.6,29400,0,1729700
EQUITAS30JAN20110CE.NFO,07/01/2020,10:53:31,1.6,1.5,9800,1.6,24500,0,1729700
EQUITAS30JAN20110CE.NFO,07/01/2020,10:53:40,1.6,1.55,4900,1.6,14700,0,1729700
EQUITAS30JAN20110CE.NFO,07/01/2020,10:53:46,1.6,1.5,9800,1.6,19600,0,1729700
EQUITAS30JAN20110CE.NFO,07/01/2020,10:53:52,1.6,1.5,9800,1.6,24500,0,1729700
EQUITAS30JAN20110CE.NFO,07/01/2020,10:54:09,1.6,1.5,9800,1.6,19600,0,1729700
EQUITAS30JAN20110CE.NFO,07/01/2020,10:54:14,1.6,1.55,4900,1.6,14700,0,1729700
EQUITAS30JAN20110CE.NFO,07/01/2020,10:54:25,1.6,1.5,9800,1.6,24500,0,1729700
EQUITAS30JAN20110CE.NFO,07/01/2020,10:54:36,1.6,1.5,9800,1.6,19600,0,1729700
EQUITAS30JAN20110CE.NFO,07/01/2020,10:54:41,1.6,1.5,9800,1.6,24500,0,1729700
EQUITAS30JAN20110CE.NFO,07/01/2020,10:55:39,1.6,1.45,14700,1.6,24500,0,1729700
EQUITAS30JAN20110CE.NFO,07/01/2020,10:55:44,1.6,1.5,9800,1.6,19600,0,1729700
EQUITAS30JAN20110CE.NFO,07/01/2020,10:55:49,1.6,1.5,9800,1.6,24500,0,1729700
EQUITAS30JAN20110CE.NFO,07/01/2020,10:56:06,1.6,1.55,4900,1.6,19600,0,1729700
EQUITAS30JAN20110CE.NFO,07/01/2020,10:56:11,1.6,1.55,4900,1.6,14700,0,1729700
EQUITAS30JAN20110CE.NFO,07/01/2020,10:56:21,1.55,1.55,4900,1.6,14700,4900,1778700
EQUITAS30JAN20110CE.NFO,07/01/2020,10:56:26,1.55,1.55,4900,1.6,14700,0,1778700
EQUITAS30JAN20110CE.NFO,07/01/2020,10:56:31,1.55,1.5,9800,1.6,24500,0,1778700
EQUITAS30JAN20110CE.NFO,07/01/2020,10:57:22,1.55,1.5,4900,1.6,24500,0,1778700
EQUITAS30JAN20110CE.NFO,07/01/2020,10:57:28,1.55,1.5,4900,1.55,9800,0,1778700
EQUITAS30JAN20110CE.NFO,07/01/2020,10:57:35,1.55,1.5,9800,1.55,9800,0,1778700
EQUITAS30JAN20110CE.NFO,07/01/2020,10:57:59,1.55,1.5,9800,1.6,19600,0,1778700
EQUITAS30JAN20110CE.NFO,07/01/2020,10:58:03,1.55,1.5,9800,1.6,29400,0,1778700
EQUITAS30JAN20110CE.NFO,07/01/2020,10:58:08,1.55,1.5,4900,1.55,4900,0,1778700
EQUITAS30JAN20110CE.NFO,07/01/2020,10:58:27,1.55,1.5,4900,1.6,29400,0,1778700
EQUITAS30JAN20110CE.NFO,07/01/2020,10:58:33,1.55,1.5,4900,1.55,4900,0,1778700
EQUITAS30JAN20110CE.NFO,07/01/2020,10:58:48,1.55,1.5,9800,1.6,29400,0,1778700
EQUITAS30JAN20110CE.NFO,07/01/2020,10:58:53,1.55,1.5,4900,1.6,29400,0,1778700
EQUITAS30JAN20110CE.NFO,07/01/2020,10:58:58,1.55,1.5,9800,1.6,29400,0,1778700
EQUITAS30JAN20110CE.NFO,07/01/2020,10:59:26,1.55,1.5,4900,1.6,29400,0,1778700
EQUITAS30JAN20110CE.NFO,07/01/2020,10:59:48,1.55,1.5,4900,1.6,24500,0,1778700
EQUITAS30JAN20110CE.NFO,07/01/2020,10:59:53,1.55,1.5,4900,1.6,29400,0,1778700
EQUITAS30JAN20110CE.NFO,07/01/2020,11:00:28,1.5,1.45,19600,1.6,24500,4900,1778700
EQUITAS30JAN20110CE.NFO,07/01/2020,11:00:36,1.5,1.45,19600,1.55,24500,0,1778700
EQUITAS30JAN20110CE.NFO,07/01/2020,11:01:17,1.5,1.45,9800,1.55,24500,0,1778700
EQUITAS30JAN20110CE.NFO,07/01/2020,11:01:23,1.5,1.45,9800,1.55,29400,0,1778700
EQUITAS30JAN20110CE.NFO,07/01/2020,11:01:30,1.45,1.45,9800,1.55,29400,4900,1778700
EQUITAS30JAN20110CE.NFO,07/01/2020,11:01:30,1.45,1.45,9800,1.55,29400,0,1778700
EQUITAS30JAN20110CE.NFO,07/01/2020,11:01:37,1.45,1.45,9800,1.55,29400,0,1778700
EQUITAS30JAN20110CE.NFO,07/01/2020,11:01:43,1.45,1.45,9800,1.55,24500,0,1778700
EQUITAS30JAN20110CE.NFO,07/01/2020,11:01:51,1.45,1.45,9800,1.55,14700,0,1778700
EQUITAS30JAN20110CE.NFO,07/01/2020,11:02:05,1.45,1.45,9800,1.55,19600,0,1778700
EQUITAS30JAN20110CE.NFO,07/01/2020,11:02:11,1.45,1.45,9800,1.55,14700,0,1778700
EQUITAS30JAN20110CE.NFO,07/01/2020,11:02:18,1.45,1.5,4900,1.55,19600,0,1778700
EQUITAS30JAN20110CE.NFO,07/01/2020,11:02:30,1.45,1.5,4900,1.55,14700,0,1778700
EQUITAS30JAN20110CE.NFO,07/01/2020,11:02:37,1.45,1.45,9800,1.55,14700,0,1778700
EQUITAS30JAN20110CE.NFO,07/01/2020,11:02:42,1.45,1.5,4900,1.55,9800,0,1778700
EQUITAS30JAN20110CE.NFO,07/01/2020,11:02:48,1.45,1.45,9800,1.55,9800,0,1778700
EQUITAS30JAN20110CE.NFO,07/01/2020,11:02:53,1.45,1.4,19600,1.5,19600,0,1778700
EQUITAS30JAN20110CE.NFO,07/01/2020,11:03:18,1.45,1.45,4900,1.5,14700,0,1778700
EQUITAS30JAN20110CE.NFO,07/01/2020,11:03:23,1.45,1.4,19600,1.5,19600,0,1778700
EQUITAS30JAN20110CE.NFO,07/01/2020,11:03:45,1.45,1.4,19600,1.5,14700,0,1778700
EQUITAS30JAN20110CE.NFO,07/01/2020,11:03:51,1.45,1.4,19600,1.5,19600,0,1778700
EQUITAS30JAN20110CE.NFO,07/01/2020,11:04:03,1.45,1.4,14700,1.5,29400,0,1778700
EQUITAS30JAN20110CE.NFO,07/01/2020,11:04:15,1.4,1.3,4900,1.4,4900,9800,1778700
EQUITAS30JAN20110CE.NFO,07/01/2020,11:04:15,1.4,1.3,4900,1.4,4900,0,1778700
EQUITAS30JAN20110CE.NFO,07/01/2020,11:04:21,1.4,1.3,14700,1.35,4900,0,1778700
EQUITAS30JAN20110CE.NFO,07/01/2020,11:04:26,1.4,1.3,14700,1.4,19600,0,1778700
EQUITAS30JAN20110CE.NFO,07/01/2020,11:04:32,1.35,1.3,19600,1.4,19600,4900,1778700
EQUITAS30JAN20110CE.NFO,07/01/2020,11:04:32,1.35,1.3,19600,1.4,19600,0,1778700
EQUITAS30JAN20110CE.NFO,07/01/2020,11:04:38,1.35,1.3,19600,1.4,19600,0,1778700
EQUITAS30JAN20110CE.NFO,07/01/2020,11:04:50,1.35,1.3,19600,1.4,14700,0,1778700
EQUITAS30JAN20110CE.NFO,07/01/2020,11:04:56,1.35,1.3,19600,1.4,9800,0,1778700
EQUITAS30JAN20110CE.NFO,07/01/2020,11:05:18,1.35,1.3,24500,1.45,19600,0,1778700
EQUITAS30JAN20110CE.NFO,07/01/2020,11:05:28,1.35,1.3,19600,1.4,14700,0,1778700
EQUITAS30JAN20110CE.NFO,07/01/2020,11:05:39,1.35,1.3,24500,1.4,4900,0,1778700
EQUITAS30JAN20110CE.NFO,07/01/2020,11:05:44,1.4,1.4,4900,1.45,14700,4900,1773800
EQUITAS30JAN20110CE.NFO,07/01/2020,11:05:50,1.4,1.4,4900,1.45,14700,0,1773800
EQUITAS30JAN20110CE.NFO,07/01/2020,11:06:08,1.4,1.4,9800,1.45,4900,0,1773800
EQUITAS30JAN20110CE.NFO,07/01/2020,11:06:21,1.4,1.4,4900,1.45,14700,0,1773800
EQUITAS30JAN20110CE.NFO,07/01/2020,11:06:28,1.4,1.4,9800,1.45,14700,0,1773800
EQUITAS30JAN20110CE.NFO,07/01/2020,11:06:33,1.4,1.4,4900,1.45,14700,0,1773800
EQUITAS30JAN20110CE.NFO,07/01/2020,11:07:09,1.4,1.35,24500,1.45,14700,0,1773800
EQUITAS30JAN20110CE.NFO,07/01/2020,11:07:19,1.4,1.4,4900,1.45,9800,0,1773800
EQUITAS30JAN20110CE.NFO,07/01/2020,11:07:33,1.4,1.4,4900,1.45,9800,4900,1773800
EQUITAS30JAN20110CE.NFO,07/01/2020,11:07:38,1.4,1.4,9800,1.45,14700,0,1773800
EQUITAS30JAN20110CE.NFO,07/01/2020,11:08:25,1.4,1.4,14700,1.45,14700,0,1773800
EQUITAS30JAN20110CE.NFO,07/01/2020,11:08:30,1.45,1.4,19600,1.45,4900,4900,1773800
EQUITAS30JAN20110CE.NFO,07/01/2020,11:08:40,1.45,1.4,19600,1.45,4900,0,1773800
EQUITAS30JAN20110CE.NFO,07/01/2020,11:08:53,1.45,1.4,19600,1.45,9800,0,1773800
EQUITAS30JAN20110CE.NFO,07/01/2020,11:09:12,1.45,1.4,24500,1.5,4900,4900,1778700
EQUITAS30JAN20110CE.NFO,07/01/2020,11:09:17,1.45,1.4,24500,1.5,4900,0,1778700
EQUITAS30JAN20110CE.NFO,07/01/2020,11:09:21,1.45,1.45,14700,1.5,4900,0,1778700
EQUITAS30JAN20110CE.NFO,07/01/2020,11:09:31,1.45,1.45,9800,1.5,4900,0,1778700
EQUITAS30JAN20110CE.NFO,07/01/2020,11:09:43,1.45,1.4,24500,1.5,9800,9800,1778700
EQUITAS30JAN20110CE.NFO,07/01/2020,11:09:47,1.45,1.4,24500,1.5,9800,0,1778700
EQUITAS30JAN20110CE.NFO,07/01/2020,11:10:02,1.45,1.4,19600,1.5,9800,0,1778700
EQUITAS30JAN20110CE.NFO,07/01/2020,11:10:11,1.45,1.4,14700,1.5,9800,0,1778700
EQUITAS30JAN20110CE.NFO,07/01/2020,11:10:20,1.45,1.4,14700,1.5,4900,0,1778700
EQUITAS30JAN20110CE.NFO,07/01/2020,11:10:24,1.45,1.4,14700,1.5,9800,0,1778700
EQUITAS30JAN20110CE.NFO,07/01/2020,11:10:51,1.45,1.4,14700,1.5,4900,0,1778700
EQUITAS30JAN20110CE.NFO,07/01/2020,11:10:58,1.45,1.4,14700,1.5,9800,0,1778700
EQUITAS30JAN20110CE.NFO,07/01/2020,11:11:27,1.45,1.4,4900,1.5,9800,0,1778700
EQUITAS30JAN20110CE.NFO,07/01/2020,11:11:34,1.45,1.35,24500,1.5,9800,0,1778700
EQUITAS30JAN20110CE.NFO,07/01/2020,11:11:41,1.45,1.4,14700,1.5,9800,0,1778700
EQUITAS30JAN20110CE.NFO,07/01/2020,11:11:57,1.45,1.4,9800,1.5,9800,0,1778700
EQUITAS30JAN20110CE.NFO,07/01/2020,11:12:05,1.45,1.35,24500,1.5,14700,0,1778700
EQUITAS30JAN20110CE.NFO,07/01/2020,11:12:13,1.45,1.4,4900,1.5,9800,0,1778700
EQUITAS30JAN20110CE.NFO,07/01/2020,11:12:19,1.45,1.35,24500,1.5,14700,0,1778700
EQUITAS30JAN20110CE.NFO,07/01/2020,11:12:26,1.45,1.4,4900,1.5,9800,0,1778700
EQUITAS30JAN20110CE.NFO,07/01/2020,11:12:40,1.45,1.35,24500,1.5,4900,0,1778700
EQUITAS30JAN20110CE.NFO,07/01/2020,11:12:54,1.45,1.4,4900,1.5,4900,0,1778700
EQUITAS30JAN20110CE.NFO,07/01/2020,11:12:59,1.45,1.4,4900,1.45,14700,0,1778700
EQUITAS30JAN20110CE.NFO,07/01/2020,11:13:04,1.45,1.4,9800,1.45,4900,0,1778700
EQUITAS30JAN20110CE.NFO,07/01/2020,11:13:09,1.45,1.4,4900,1.45,4900,0,1778700
EQUITAS30JAN20110CE.NFO,07/01/2020,11:13:16,1.45,1.4,9800,1.45,4900,0,1778700
EQUITAS30JAN20110CE.NFO,07/01/2020,11:13:22,1.45,1.4,9800,1.5,9800,0,1778700
EQUITAS30JAN20110CE.NFO,07/01/2020,11:13:45,1.45,1.4,9800,1.5,4900,0,1778700
EQUITAS30JAN20110CE.NFO,07/01/2020,11:13:51,1.45,1.4,14700,1.5,4900,0,1778700
EQUITAS30JAN20110CE.NFO,07/01/2020,11:14:02,1.45,1.45,4900,1.5,4900,0,1778700
EQUITAS30JAN20110CE.NFO,07/01/2020,11:14:20,1.45,1.45,4900,1.5,9800,0,1778700
EQUITAS30JAN20110CE.NFO,07/01/2020,11:14:26,1.45,1.4,14700,1.5,9800,0,1778700
EQUITAS30JAN20110CE.NFO,07/01/2020,11:14:55,1.45,1.4,14700,1.5,4900,0,1778700
EQUITAS30JAN20110CE.NFO,07/01/2020,11:15:00,1.45,1.4,14700,1.5,9800,0,1778700
EQUITAS30JAN20110CE.NFO,07/01/2020,11:15:42,1.45,1.4,14700,1.5,14700,0,1778700
EQUITAS30JAN20110CE.NFO,07/01/2020,11:15:47,1.45,1.4,14700,1.5,19600,0,1778700
EQUITAS30JAN20110CE.NFO,07/01/2020,11:15:57,1.45,1.4,14700,1.5,14700,0,1778700
EQUITAS30JAN20110CE.NFO,07/01/2020,11:16:10,1.45,1.4,14700,1.5,9800,0,1778700
EQUITAS30JAN20110CE.NFO,07/01/2020,11:16:16,1.45,1.4,4900,1.5,14700,0,1778700
EQUITAS30JAN20110CE.NFO,07/01/2020,11:16:22,1.45,1.4,9800,1.45,4900,0,1778700
EQUITAS30JAN20110CE.NFO,07/01/2020,11:16:47,1.45,1.4,9800,1.45,9800,0,1778700
EQUITAS30JAN20110CE.NFO,07/01/2020,11:16:53,1.45,1.4,9800,1.45,14700,0,1778700
EQUITAS30JAN20110CE.NFO,07/01/2020,11:17:00,1.45,1.4,9800,1.45,4900,0,1778700
EQUITAS30JAN20110CE.NFO,07/01/2020,11:17:10,1.45,1.4,4900,1.45,14700,0,1778700
EQUITAS30JAN20110CE.NFO,07/01/2020,11:17:19,1.45,1.4,4900,1.45,9800,0,1778700
EQUITAS30JAN20110CE.NFO,07/01/2020,11:17:24,1.45,1.4,4900,1.45,14700,0,1778700
EQUITAS30JAN20110CE.NFO,07/01/2020,11:17:34,1.45,1.4,9800,1.45,4900,0,1778700
EQUITAS30JAN20110CE.NFO,07/01/2020,11:17:51,1.45,1.4,9800,1.45,14700,0,1778700
EQUITAS30JAN20110CE.NFO,07/01/2020,11:18:19,1.45,1.4,9800,1.45,4900,0,1778700
EQUITAS30JAN20110CE.NFO,07/01/2020,11:18:45,1.45,1.4,9800,1.5,9800,4900,1788500
EQUITAS30JAN20110CE.NFO,07/01/2020,11:18:51,1.45,1.4,9800,1.5,9800,0,1788500
EQUITAS30JAN20110CE.NFO,07/01/2020,11:18:56,1.45,1.4,14700,1.5,14700,0,1788500
EQUITAS30JAN20110CE.NFO,07/01/2020,11:20:14,1.45,1.4,14700,1.5,4900,0,1788500
EQUITAS30JAN20110CE.NFO,07/01/2020,11:20:19,1.45,1.4,14700,1.5,9800,0,1788500
EQUITAS30JAN20110CE.NFO,07/01/2020,11:20:33,1.45,1.4,14700,1.5,14700,0,1788500
EQUITAS30JAN20110CE.NFO,07/01/2020,11:20:38,1.45,1.4,14700,1.5,9800,0,1788500
EQUITAS30JAN20110CE.NFO,07/01/2020,11:20:43,1.45,1.4,14700,1.5,14700,0,1788500
EQUITAS30JAN20110CE.NFO,07/01/2020,11:21:38,1.45,1.35,24500,1.45,14700,0,1788500
EQUITAS30JAN20110CE.NFO,07/01/2020,11:21:48,1.45,1.4,4900,1.45,9800,0,1788500
EQUITAS30JAN20110CE.NFO,07/01/2020,11:22:00,1.45,1.4,14700,1.45,9800,0,1788500
EQUITAS30JAN20110CE.NFO,07/01/2020,11:22:04,1.45,1.4,9800,1.45,9800,0,1788500
EQUITAS30JAN20110CE.NFO,07/01/2020,11:22:24,1.45,1.4,4900,1.45,9800,0,1788500
EQUITAS30JAN20110CE.NFO,07/01/2020,11:22:29,1.45,1.4,9800,1.5,19600,0,1788500
EQUITAS30JAN20110CE.NFO,07/01/2020,11:22:33,1.45,1.4,9800,1.5,14700,0,1788500
EQUITAS30JAN20110CE.NFO,07/01/2020,11:22:38,1.45,1.4,4900,1.5,14700,0,1788500
EQUITAS30JAN20110CE.NFO,07/01/2020,11:22:46,1.45,1.4,9800,1.5,14700,0,1788500
EQUITAS30JAN20110CE.NFO,07/01/2020,11:22:53,1.45,1.4,14700,1.5,14700,0,1788500
EQUITAS30JAN20110CE.NFO,07/01/2020,11:23:12,1.45,1.4,14700,1.5,9800,0,1788500
EQUITAS30JAN20110CE.NFO,07/01/2020,11:23:17,1.45,1.4,14700,1.5,14700,0,1788500
EQUITAS30JAN20110CE.NFO,07/01/2020,11:23:34,1.45,1.45,14700,1.55,29400,0,1788500
EQUITAS30JAN20110CE.NFO,07/01/2020,11:23:38,1.45,1.45,14700,1.55,24500,0,1788500
EQUITAS30JAN20110CE.NFO,07/01/2020,11:23:47,1.5,1.45,14700,1.5,4900,4900,1793400
EQUITAS30JAN20110CE.NFO,07/01/2020,11:23:52,1.5,1.45,19600,1.55,19600,0,1793400
EQUITAS30JAN20110CE.NFO,07/01/2020,11:24:08,1.45,1.45,4900,1.5,9800,4900,1793400
EQUITAS30JAN20110CE.NFO,07/01/2020,11:24:13,1.45,1.45,4900,1.5,9800,0,1793400
EQUITAS30JAN20110CE.NFO,07/01/2020,11:24:23,1.45,1.45,9800,1.5,9800,0,1793400
EQUITAS30JAN20110CE.NFO,07/01/2020,11:24:37,1.45,1.45,9800,1.5,4900,0,1793400
EQUITAS30JAN20110CE.NFO,07/01/2020,11:24:46,1.45,1.45,9800,1.5,14700,0,1793400
EQUITAS30JAN20110CE.NFO,07/01/2020,11:24:50,1.45,1.45,9800,1.5,4900,0,1793400
EQUITAS30JAN20110CE.NFO,07/01/2020,11:24:58,1.45,1.45,14700,1.5,4900,0,1793400
EQUITAS30JAN20110CE.NFO,07/01/2020,11:25:03,1.45,1.45,9800,1.5,4900,0,1793400
EQUITAS30JAN20110CE.NFO,07/01/2020,11:25:08,1.45,1.45,9800,1.5,9800,0,1793400
EQUITAS30JAN20110CE.NFO,07/01/2020,11:25:13,1.45,1.45,14700,1.55,24500,0,1793400
EQUITAS30JAN20110CE.NFO,07/01/2020,11:25:21,1.45,1.45,9800,1.55,24500,0,1793400
EQUITAS30JAN20110CE.NFO,07/01/2020,11:25:26,1.45,1.45,14700,1.55,24500,0,1793400
EQUITAS30JAN20110CE.NFO,07/01/2020,11:25:31,1.45,1.45,19600,1.55,24500,0,1793400
EQUITAS30JAN20110CE.NFO,07/01/2020,11:25:36,1.45,1.45,19600,1.55,19600,0,1793400
EQUITAS30JAN20110CE.NFO,07/01/2020,11:25:49,1.45,1.45,19600,1.55,14700,0,1793400
EQUITAS30JAN20110CE.NFO,07/01/2020,11:25:53,1.45,1.45,19600,1.55,19600,0,1793400
EQUITAS30JAN20110CE.NFO,07/01/2020,11:26:17,1.45,1.45,19600,1.55,24500,0,1793400
EQUITAS30JAN20110CE.NFO,07/01/2020,11:26:25,1.45,1.45,4900,1.5,14700,4900,1793400
EQUITAS30JAN20110CE.NFO,07/01/2020,11:26:29,1.45,1.45,4900,1.5,9800,0,1793400
EQUITAS30JAN20110CE.NFO,07/01/2020,11:26:47,1.45,1.45,4900,1.5,14700,0,1793400
EQUITAS30JAN20110CE.NFO,07/01/2020,11:26:55,1.45,1.4,24500,1.5,19600,0,1793400
EQUITAS30JAN20110CE.NFO,07/01/2020,11:27:01,1.45,1.45,4900,1.5,9800,0,1793400
EQUITAS30JAN20110CE.NFO,07/01/2020,11:27:07,1.45,1.4,24500,1.5,19600,0,1793400
EQUITAS30JAN20110CE.NFO,07/01/2020,11:27:10,1.45,1.4,24500,1.5,9800,0,1793400
EQUITAS30JAN20110CE.NFO,07/01/2020,11:27:22,1.45,1.4,24500,1.5,14700,0,1793400
EQUITAS30JAN20110CE.NFO,07/01/2020,11:27:30,1.45,1.4,24500,1.5,24500,0,1793400
EQUITAS30JAN20110CE.NFO,07/01/2020,11:27:36,1.45,1.45,4900,1.5,9800,0,1793400
EQUITAS30JAN20110CE.NFO,07/01/2020,11:27:40,1.45,1.4,24500,1.5,14700,0,1793400
EQUITAS30JAN20110CE.NFO,07/01/2020,11:27:58,1.45,1.45,4900,1.5,9800,0,1793400
EQUITAS30JAN20110CE.NFO,07/01/2020,11:28:16,1.45,1.45,4900,1.5,14700,0,1793400
EQUITAS30JAN20110CE.NFO,07/01/2020,11:28:32,1.45,1.45,4900,1.5,9800,0,1793400
EQUITAS30JAN20110CE.NFO,07/01/2020,11:29:08,1.45,1.45,9800,1.5,9800,0,1793400
EQUITAS30JAN20110CE.NFO,07/01/2020,11:29:12,1.45,1.45,4900,1.5,9800,0,1793400
EQUITAS30JAN20110CE.NFO,07/01/2020,11:29:15,1.45,1.45,4900,1.5,14700,0,1793400
EQUITAS30JAN20110CE.NFO,07/01/2020,11:29:29,1.45,1.45,4900,1.5,9800,0,1793400
EQUITAS30JAN20110CE.NFO,07/01/2020,11:29:56,1.45,1.4,24500,1.5,14700,4900,1793400
EQUITAS30JAN20110CE.NFO,07/01/2020,11:29:59,1.45,1.4,24500,1.5,14700,0,1793400
EQUITAS30JAN20110CE.NFO,07/01/2020,11:31:03,1.45,1.4,19600,1.5,14700,4900,1793400
EQUITAS30JAN20110CE.NFO,07/01/2020,11:31:14,1.45,1.4,19600,1.5,9800,0,1793400
EQUITAS30JAN20110CE.NFO,07/01/2020,11:31:19,1.45,1.4,19600,1.5,14700,0,1793400
EQUITAS30JAN20110CE.NFO,07/01/2020,11:31:23,1.45,1.4,19600,1.5,24500,4900,1793400
EQUITAS30JAN20110CE.NFO,07/01/2020,11:31:27,1.45,1.4,19600,1.5,24500,0,1793400
EQUITAS30JAN20110CE.NFO,07/01/2020,11:31:36,1.45,1.4,19600,1.5,19600,0,1793400
EQUITAS30JAN20110CE.NFO,07/01/2020,11:31:40,1.45,1.4,19600,1.5,24500,0,1793400
EQUITAS30JAN20110CE.NFO,07/01/2020,11:31:43,1.45,1.4,19600,1.5,19600,0,1793400
EQUITAS30JAN20110CE.NFO,07/01/2020,11:31:53,1.45,1.4,19600,1.5,14700,0,1793400
EQUITAS30JAN20110CE.NFO,07/01/2020,11:32:04,1.45,1.4,29400,1.5,9800,0,1793400
EQUITAS30JAN20110CE.NFO,07/01/2020,11:32:10,1.45,1.4,24500,1.5,9800,0,1793400
EQUITAS30JAN20110CE.NFO,07/01/2020,11:32:15,1.45,1.45,4900,1.5,9800,0,1793400
EQUITAS30JAN20110CE.NFO,07/01/2020,11:32:19,1.45,1.45,9800,1.5,9800,0,1793400
EQUITAS30JAN20110CE.NFO,07/01/2020,11:32:35,1.45,1.45,4900,1.5,19600,0,1793400
EQUITAS30JAN20110CE.NFO,07/01/2020,11:32:59,1.45,1.45,4900,1.5,14700,0,1793400
EQUITAS30JAN20110CE.NFO,07/01/2020,11:33:03,1.45,1.45,4900,1.5,9800,0,1793400
EQUITAS30JAN20110CE.NFO,07/01/2020,11:33:41,1.5,1.45,4900,1.5,4900,4900,1793400
EQUITAS30JAN20110CE.NFO,07/01/2020,11:33:52,1.5,1.4,29400,1.5,14700,0,1793400
EQUITAS30JAN20110CE.NFO,07/01/2020,11:33:56,1.5,1.4,29400,1.5,9800,0,1793400
EQUITAS30JAN20110CE.NFO,07/01/2020,11:34:02,1.5,1.45,4900,1.5,9800,0,1793400
EQUITAS30JAN20110CE.NFO,07/01/2020,11:34:14,1.5,1.45,24500,1.55,19600,0,1793400
EQUITAS30JAN20110CE.NFO,07/01/2020,11:34:21,1.5,1.5,4900,1.55,19600,0,1793400
EQUITAS30JAN20110CE.NFO,07/01/2020,11:34:27,1.5,1.5,53900,1.55,19600,0,1793400
EQUITAS30JAN20110CE.NFO,07/01/2020,11:34:39,1.5,1.5,49000,1.55,24500,4900,1793400
EQUITAS30JAN20110CE.NFO,07/01/2020,11:34:50,1.5,1.5,49000,1.55,19600,0,1793400
EQUITAS30JAN20110CE.NFO,07/01/2020,11:34:55,1.5,1.5,49000,1.55,24500,0,1793400
EQUITAS30JAN20110CE.NFO,07/01/2020,11:35:01,1.5,1.5,49000,1.55,14700,0,1793400
EQUITAS30JAN20110CE.NFO,07/01/2020,11:35:17,1.55,1.45,19600,1.55,14700,49000,1793400
EQUITAS30JAN20110CE.NFO,07/01/2020,11:35:23,1.55,1.45,19600,1.55,4900,0,1793400
EQUITAS30JAN20110CE.NFO,07/01/2020,11:35:28,1.55,1.45,24500,1.55,4900,0,1793400
EQUITAS30JAN20110CE.NFO,07/01/2020,11:35:39,1.55,1.5,14700,1.6,14700,0,1793400
EQUITAS30JAN20110CE.NFO,07/01/2020,11:35:58,1.55,1.5,19600,1.6,4900,0,1793400
EQUITAS30JAN20110CE.NFO,07/01/2020,11:36:26,1.55,1.5,19600,1.65,24500,0,1793400
EQUITAS30JAN20110CE.NFO,07/01/2020,11:36:31,1.55,1.5,19600,1.65,29400,0,1793400
EQUITAS30JAN20110CE.NFO,07/01/2020,11:36:45,1.55,1.5,14700,1.65,24500,0,1793400
EQUITAS30JAN20110CE.NFO,07/01/2020,11:36:58,1.55,1.5,14700,1.6,19600,0,1793400
EQUITAS30JAN20110CE.NFO,07/01/2020,11:37:03,1.55,1.5,14700,1.6,14700,0,1793400
EQUITAS30JAN20110CE.NFO,07/01/2020,11:37:16,1.55,1.5,14700,1.6,19600,0,1793400
EQUITAS30JAN20110CE.NFO,07/01/2020,11:37:29,1.55,1.5,19600,1.65,29400,4900,1803200
EQUITAS30JAN20110CE.NFO,07/01/2020,11:37:34,1.55,1.5,19600,1.65,24500,0,1803200
EQUITAS30JAN20110CE.NFO,07/01/2020,11:37:59,1.55,1.55,49000,1.65,19600,0,1803200
EQUITAS30JAN20110CE.NFO,07/01/2020,11:38:02,1.55,1.55,49000,1.6,9800,0,1803200
EQUITAS30JAN20110CE.NFO,07/01/2020,11:38:05,1.55,1.55,49000,1.6,4900,0,1803200
EQUITAS30JAN20110CE.NFO,07/01/2020,11:38:09,1.55,1.55,44100,1.6,4900,4900,1803200
EQUITAS30JAN20110CE.NFO,07/01/2020,11:38:25,1.55,1.55,44100,1.6,14700,0,1803200
EQUITAS30JAN20110CE.NFO,07/01/2020,11:38:29,1.55,1.55,44100,1.6,9800,0,1803200
EQUITAS30JAN20110CE.NFO,07/01/2020,11:38:35,1.55,1.55,44100,1.6,14700,0,1803200
EQUITAS30JAN20110CE.NFO,07/01/2020,11:38:38,1.55,1.55,39200,1.6,14700,4900,1803200
EQUITAS30JAN20110CE.NFO,07/01/2020,11:38:42,1.55,1.55,34300,1.6,14700,0,1803200
EQUITAS30JAN20110CE.NFO,07/01/2020,11:39:06,1.55,1.55,34300,1.6,9800,0,1803200
EQUITAS30JAN20110CE.NFO,07/01/2020,11:39:12,1.55,1.55,39200,1.6,9800,0,1803200
EQUITAS30JAN20110CE.NFO,07/01/2020,11:39:16,1.55,1.55,34300,1.6,9800,0,1803200
EQUITAS30JAN20110CE.NFO,07/01/2020,11:39:27,1.55,1.55,34300,1.6,14700,0,1803200
EQUITAS30JAN20110CE.NFO,07/01/2020,11:39:47,1.55,1.55,4900,1.6,9800,29400,1808100
EQUITAS30JAN20110CE.NFO,07/01/2020,11:39:53,1.55,1.5,9800,1.6,9800,4900,1808100
EQUITAS30JAN20110CE.NFO,07/01/2020,11:40:00,1.55,1.5,14700,1.6,4900,0,1808100
EQUITAS30JAN20110CE.NFO,07/01/2020,11:40:14,1.55,1.5,9800,1.6,4900,0,1808100
EQUITAS30JAN20110CE.NFO,07/01/2020,11:40:18,1.55,1.5,9800,1.55,9800,4900,1808100
EQUITAS30JAN20110CE.NFO,07/01/2020,11:40:22,1.55,1.5,4900,1.55,9800,0,1808100
EQUITAS30JAN20110CE.NFO,07/01/2020,11:40:41,1.55,1.5,4900,1.55,14700,0,1808100
EQUITAS30JAN20110CE.NFO,07/01/2020,11:40:45,1.55,1.5,4900,1.55,9800,0,1808100
EQUITAS30JAN20110CE.NFO,07/01/2020,11:41:13,1.55,1.5,4900,1.55,14700,0,1808100
EQUITAS30JAN20110CE.NFO,07/01/2020,11:41:25,1.55,1.5,14700,1.55,9800,0,1808100
EQUITAS30JAN20110CE.NFO,07/01/2020,11:41:27,1.55,1.5,14700,1.55,4900,0,1808100
EQUITAS30JAN20110CE.NFO,07/01/2020,11:41:30,1.55,1.5,9800,1.55,4900,0,1808100
EQUITAS30JAN20110CE.NFO,07/01/2020,11:41:33,1.55,1.5,14700,1.55,9800,0,1808100
EQUITAS30JAN20110CE.NFO,07/01/2020,11:41:41,1.55,1.5,14700,1.55,4900,0,1808100
EQUITAS30JAN20110CE.NFO,07/01/2020,11:41:44,1.55,1.5,9800,1.55,4900,0,1808100
EQUITAS30JAN20110CE.NFO,07/01/2020,11:41:53,1.55,1.5,4900,1.55,4900,0,1808100
EQUITAS30JAN20110CE.NFO,07/01/2020,11:41:55,1.55,1.5,4900,1.55,9800,0,1808100
EQUITAS30JAN20110CE.NFO,07/01/2020,11:41:58,1.55,1.5,4900,1.55,14700,0,1808100
EQUITAS30JAN20110CE.NFO,07/01/2020,11:42:06,1.55,1.5,4900,1.55,4900,0,1808100
EQUITAS30JAN20110CE.NFO,07/01/2020,11:42:17,1.55,1.5,4900,1.55,14700,0,1808100
EQUITAS30JAN20110CE.NFO,07/01/2020,11:42:30,1.55,1.5,4900,1.55,4900,0,1808100
EQUITAS30JAN20110CE.NFO,07/01/2020,11:42:39,1.55,1.5,4900,1.55,9800,0,1808100
EQUITAS30JAN20110CE.NFO,07/01/2020,11:42:58,1.55,1.5,4900,1.55,14700,0,1808100
EQUITAS30JAN20110CE.NFO,07/01/2020,11:43:02,1.55,1.5,4900,1.55,9800,0,1808100
EQUITAS30JAN20110CE.NFO,07/01/2020,11:43:15,1.55,1.5,4900,1.55,14700,0,1808100
EQUITAS30JAN20110CE.NFO,07/01/2020,11:43:23,1.55,1.5,4900,1.55,9800,0,1808100
EQUITAS30JAN20110CE.NFO,07/01/2020,11:43:54,1.55,1.5,4900,1.55,4900,0,1808100
EQUITAS30JAN20110CE.NFO,07/01/2020,11:44:00,1.55,1.5,4900,1.55,14700,0,1808100
EQUITAS30JAN20110CE.NFO,07/01/2020,11:44:08,1.55,1.5,4900,1.55,4900,0,1808100
EQUITAS30JAN20110CE.NFO,07/01/2020,11:44:59,1.55,1.5,4900,1.55,9800,0,1808100
EQUITAS30JAN20110CE.NFO,07/01/2020,11:45:23,1.55,1.5,4900,1.55,4900,0,1808100
EQUITAS30JAN20110CE.NFO,07/01/2020,11:45:29,1.55,1.5,4900,1.55,9800,0,1808100
EQUITAS30JAN20110CE.NFO,07/01/2020,11:45:33,1.55,1.5,4900,1.55,4900,0,1808100
EQUITAS30JAN20110CE.NFO,07/01/2020,11:46:37,1.55,1.5,4900,1.55,9800,0,1808100
EQUITAS30JAN20110CE.NFO,07/01/2020,11:47:21,1.55,1.5,4900,1.55,4900,0,1808100
EQUITAS30JAN20110CE.NFO,07/01/2020,11:47:51,1.55,1.5,4900,1.55,9800,0,1808100
EQUITAS30JAN20110CE.NFO,07/01/2020,11:48:12,1.55,1.5,4900,1.55,14700,0,1808100
EQUITAS30JAN20110CE.NFO,07/01/2020,11:48:20,1.55,1.45,19600,1.55,19600,0,1808100
EQUITAS30JAN20110CE.NFO,07/01/2020,11:48:31,1.55,1.45,24500,1.55,19600,0,1808100
EQUITAS30JAN20110CE.NFO,07/01/2020,11:48:34,1.55,1.45,19600,1.55,19600,0,1808100
EQUITAS30JAN20110CE.NFO,07/01/2020,11:48:48,1.55,1.45,9800,1.5,14700,0,1808100
EQUITAS30JAN20110CE.NFO,07/01/2020,11:48:57,1.55,1.45,4900,1.5,14700,0,1808100
EQUITAS30JAN20110CE.NFO,07/01/2020,11:49:08,1.45,1.4,24500,1.5,14700,4900,1822800
EQUITAS30JAN20110CE.NFO,07/01/2020,11:49:10,1.45,1.4,24500,1.5,14700,0,1822800
EQUITAS30JAN20110CE.NFO,07/01/2020,11:49:21,1.45,1.4,24500,1.5,19600,0,1822800
EQUITAS30JAN20110CE.NFO,07/01/2020,11:49:27,1.45,1.4,24500,1.5,14700,0,1822800
EQUITAS30JAN20110CE.NFO,07/01/2020,11:49:30,1.45,1.4,24500,1.5,19600,0,1822800
EQUITAS30JAN20110CE.NFO,07/01/2020,11:49:33,1.45,1.45,4900,1.5,14700,0,1822800
EQUITAS30JAN20110CE.NFO,07/01/2020,11:49:35,1.45,1.45,4900,1.5,9800,0,1822800
EQUITAS30JAN20110CE.NFO,07/01/2020,11:49:41,1.45,1.45,9800,1.5,9800,0,1822800
EQUITAS30JAN20110CE.NFO,07/01/2020,11:49:44,1.5,1.45,14700,1.55,19600,4900,1822800
EQUITAS30JAN20110CE.NFO,07/01/2020,11:49:49,1.5,1.45,14700,1.55,14700,0,1822800
EQUITAS30JAN20110CE.NFO,07/01/2020,11:49:51,1.5,1.5,9800,1.55,9800,0,1822800
EQUITAS30JAN20110CE.NFO,07/01/2020,11:50:12,1.5,1.45,14700,1.55,19600,0,1822800
EQUITAS30JAN20110CE.NFO,07/01/2020,11:50:21,1.5,1.5,4900,1.55,19600,0,1822800
EQUITAS30JAN20110CE.NFO,07/01/2020,11:50:33,1.5,1.5,4900,1.55,14700,0,1822800
EQUITAS30JAN20110CE.NFO,07/01/2020,11:51:00,1.5,1.45,14700,1.5,44100,4900,1822800
EQUITAS30JAN20110CE.NFO,07/01/2020,11:51:04,1.5,1.45,14700,1.5,44100,0,1822800
EQUITAS30JAN20110CE.NFO,07/01/2020,11:51:22,1.5,1.45,24500,1.5,44100,0,1822800
EQUITAS30JAN20110CE.NFO,07/01/2020,11:51:29,1.5,1.45,24500,1.5,29400,14700,1822800
EQUITAS30JAN20110CE.NFO,07/01/2020,11:51:38,1.5,1.45,24500,1.55,19600,29400,1822800
EQUITAS30JAN20110CE.NFO,07/01/2020,11:51:42,1.5,1.45,19600,1.55,19600,0,1822800
EQUITAS30JAN20110CE.NFO,07/01/2020,11:51:59,1.5,1.45,9800,1.55,24500,0,1822800
EQUITAS30JAN20110CE.NFO,07/01/2020,11:52:16,1.5,1.45,39200,1.55,14700,0,1822800
EQUITAS30JAN20110CE.NFO,07/01/2020,11:52:20,1.5,1.45,19600,1.55,19600,0,1822800
EQUITAS30JAN20110CE.NFO,07/01/2020,11:52:28,1.5,1.5,4900,1.55,14700,0,1822800
EQUITAS30JAN20110CE.NFO,07/01/2020,11:52:33,1.5,1.5,4900,1.55,19600,0,1822800
EQUITAS30JAN20110CE.NFO,07/01/2020,11:52:37,1.5,1.5,4900,1.55,14700,0,1822800
EQUITAS30JAN20110CE.NFO,07/01/2020,11:53:26,1.5,1.5,4900,1.55,19600,0,1822800
EQUITAS30JAN20110CE.NFO,07/01/2020,11:53:57,1.5,1.5,4900,1.55,14700,0,1822800
EQUITAS30JAN20110CE.NFO,07/01/2020,11:54:08,1.5,1.5,4900,1.55,19600,0,1822800
EQUITAS30JAN20110CE.NFO,07/01/2020,11:54:43,1.5,1.5,4900,1.55,14700,0,1822800
EQUITAS30JAN20110CE.NFO,07/01/2020,11:55:03,1.5,1.5,4900,1.55,24500,0,1822800
EQUITAS30JAN20110CE.NFO,07/01/2020,11:55:10,1.5,1.5,4900,1.55,19600,0,1822800
EQUITAS30JAN20110CE.NFO,07/01/2020,11:55:17,1.5,1.45,29400,1.55,9800,4900,1827700
EQUITAS30JAN20110CE.NFO,07/01/2020,11:55:23,1.5,1.5,4900,1.55,19600,0,1827700
EQUITAS30JAN20110CE.NFO,07/01/2020,11:55:29,1.5,1.5,19600,1.6,29400,0,1827700
EQUITAS30JAN20110CE.NFO,07/01/2020,11:55:32,1.5,1.5,14700,1.55,9800,0,1827700
EQUITAS30JAN20110CE.NFO,07/01/2020,11:55:35,1.5,1.5,4900,1.55,9800,0,1827700
EQUITAS30JAN20110CE.NFO,07/01/2020,11:56:50,1.5,1.5,9800,1.55,9800,0,1827700
EQUITAS30JAN20110CE.NFO,07/01/2020,11:57:25,1.5,1.5,4900,1.55,9800,0,1827700
EQUITAS30JAN20110CE.NFO,07/01/2020,11:57:31,1.5,1.5,9800,1.55,9800,0,1827700
EQUITAS30JAN20110CE.NFO,07/01/2020,11:57:59,1.5,1.5,4900,1.55,9800,0,1827700
EQUITAS30JAN20110CE.NFO,07/01/2020,11:58:29,1.5,1.5,9800,1.55,9800,0,1827700
EQUITAS30JAN20110CE.NFO,07/01/2020,11:59:20,1.5,1.5,9800,1.55,14700,0,1827700
EQUITAS30JAN20110CE.NFO,07/01/2020,11:59:32,1.5,1.5,9800,1.55,9800,0,1827700
EQUITAS30JAN20110CE.NFO,07/01/2020,11:59:54,1.5,1.5,4900,1.55,19600,0,1827700
EQUITAS30JAN20110CE.NFO,07/01/2020,12:00:05,1.5,1.5,9800,1.55,19600,0,1827700
EQUITAS30JAN20110CE.NFO,07/01/2020,12:00:14,1.5,1.45,29400,1.55,19600,0,1827700
EQUITAS30JAN20110CE.NFO,07/01/2020,12:00:19,1.5,1.45,68600,1.55,14700,0,1827700
EQUITAS30JAN20110CE.NFO,07/01/2020,12:00:23,1.5,1.45,29400,1.55,14700,0,1827700
EQUITAS30JAN20110CE.NFO,07/01/2020,12:00:29,1.5,1.45,68600,1.55,9800,0,1827700
EQUITAS30JAN20110CE.NFO,07/01/2020,12:00:40,1.5,1.45,29400,1.55,19600,0,1827700
EQUITAS30JAN20110CE.NFO,07/01/2020,12:00:57,1.5,1.45,19600,1.55,24500,0,1827700
EQUITAS30JAN20110CE.NFO,07/01/2020,12:01:09,1.5,1.45,29400,1.55,19600,0,1827700
EQUITAS30JAN20110CE.NFO,07/01/2020,12:01:12,1.5,1.45,68600,1.55,14700,0,1827700
EQUITAS30JAN20110CE.NFO,07/01/2020,12:01:15,1.5,1.45,29400,1.55,19600,0,1827700
EQUITAS30JAN20110CE.NFO,07/01/2020,12:01:19,1.5,1.45,68600,1.55,14700,0,1827700
EQUITAS30JAN20110CE.NFO,07/01/2020,12:01:22,1.5,1.45,29400,1.55,19600,0,1827700
EQUITAS30JAN20110CE.NFO,07/01/2020,12:01:25,1.5,1.45,68600,1.55,14700,0,1827700
EQUITAS30JAN20110CE.NFO,07/01/2020,12:01:27,1.5,1.45,29400,1.55,19600,0,1827700
EQUITAS30JAN20110CE.NFO,07/01/2020,12:01:30,1.5,1.45,29400,1.55,14700,0,1827700
EQUITAS30JAN20110CE.NFO,07/01/2020,12:01:37,1.5,1.45,68600,1.55,14700,0,1827700
EQUITAS30JAN20110CE.NFO,07/01/2020,12:01:46,1.5,1.45,19600,1.55,24500,0,1827700
EQUITAS30JAN20110CE.NFO,07/01/2020,12:01:57,1.5,1.45,29400,1.55,24500,0,1827700
EQUITAS30JAN20110CE.NFO,07/01/2020,12:02:02,1.5,1.45,19600,1.55,24500,0,1827700
EQUITAS30JAN20110CE.NFO,07/01/2020,12:02:11,1.5,1.45,19600,1.55,19600,0,1827700
EQUITAS30JAN20110CE.NFO,07/01/2020,12:02:25,1.5,1.45,19600,1.55,24500,0,1827700
EQUITAS30JAN20110CE.NFO,07/01/2020,12:02:35,1.5,1.45,63700,1.55,19600,0,1827700
EQUITAS30JAN20110CE.NFO,07/01/2020,12:02:42,1.5,1.45,63700,1.55,14700,0,1827700
EQUITAS30JAN20110CE.NFO,07/01/2020,12:03:20,1.5,1.45,19600,1.55,24500,0,1827700
EQUITAS30JAN20110CE.NFO,07/01/2020,12:03:37,1.5,1.45,58800,1.55,24500,0,1827700
EQUITAS30JAN20110CE.NFO,07/01/2020,12:03:47,1.5,1.45,58800,1.55,19600,0,1827700
EQUITAS30JAN20110CE.NFO,07/01/2020,12:03:56,1.5,1.5,14700,1.55,4900,0,1827700
EQUITAS30JAN20110CE.NFO,07/01/2020,12:03:59,1.5,1.5,4900,1.55,9800,0,1827700
EQUITAS30JAN20110CE.NFO,07/01/2020,12:04:07,1.5,1.5,4900,1.55,4900,0,1827700
EQUITAS30JAN20110CE.NFO,07/01/2020,12:04:09,1.5,1.5,4900,1.55,9800,0,1827700
EQUITAS30JAN20110CE.NFO,07/01/2020,12:04:12,1.5,1.5,4900,1.55,14700,0,1827700
EQUITAS30JAN20110CE.NFO,07/01/2020,12:04:30,1.5,1.5,4900,1.55,4900,0,1827700
EQUITAS30JAN20110CE.NFO,07/01/2020,12:04:36,1.5,1.5,9800,1.55,4900,0,1827700
EQUITAS30JAN20110CE.NFO,07/01/2020,12:04:50,1.5,1.5,14700,1.55,4900,0,1827700
EQUITAS30JAN20110CE.NFO,07/01/2020,12:04:55,1.5,1.5,14700,1.6,14700,0,1827700
EQUITAS30JAN20110CE.NFO,07/01/2020,12:04:58,1.5,1.5,14700,1.6,19600,0,1827700
EQUITAS30JAN20110CE.NFO,07/01/2020,12:05:18,1.5,1.5,14700,1.55,4900,0,1827700
EQUITAS30JAN20110CE.NFO,07/01/2020,12:05:22,1.5,1.5,14700,1.6,19600,0,1827700
EQUITAS30JAN20110CE.NFO,07/01/2020,12:05:33,1.5,1.5,14700,1.55,4900,0,1827700
EQUITAS30JAN20110CE.NFO,07/01/2020,12:05:35,1.5,1.5,14700,1.6,14700,0,1827700
EQUITAS30JAN20110CE.NFO,07/01/2020,12:05:38,1.5,1.5,14700,1.6,19600,0,1827700
EQUITAS30JAN20110CE.NFO,07/01/2020,12:05:41,1.5,1.5,53900,1.6,19600,0,1827700
EQUITAS30JAN20110CE.NFO,07/01/2020,12:05:49,1.5,1.5,58800,1.6,19600,0,1827700
EQUITAS30JAN20110CE.NFO,07/01/2020,12:05:52,1.55,1.5,53900,1.6,14700,4900,1817900
EQUITAS30JAN20110CE.NFO,07/01/2020,12:05:57,1.55,1.5,53900,1.6,14700,0,1817900
EQUITAS30JAN20110CE.NFO,07/01/2020,12:06:00,1.55,1.5,58800,1.6,14700,0,1817900
EQUITAS30JAN20110CE.NFO,07/01/2020,12:06:03,1.55,1.5,58800,1.6,9800,0,1817900
EQUITAS30JAN20110CE.NFO,07/01/2020,12:06:06,1.55,1.55,9800,1.6,9800,0,1817900
EQUITAS30JAN20110CE.NFO,07/01/2020,12:06:17,1.55,1.55,4900,1.6,9800,0,1817900
EQUITAS30JAN20110CE.NFO,07/01/2020,12:06:37,1.55,1.55,4900,1.6,14700,0,1817900
EQUITAS30JAN20110CE.NFO,07/01/2020,12:07:00,1.55,1.5,53900,1.6,4900,0,1817900
EQUITAS30JAN20110CE.NFO,07/01/2020,12:07:03,1.55,1.5,58800,1.6,9800,0,1817900
EQUITAS30JAN20110CE.NFO,07/01/2020,12:07:09,1.55,1.5,58800,1.6,4900,0,1817900
EQUITAS30JAN20110CE.NFO,07/01/2020,12:07:12,1.55,1.5,58800,1.65,24500,0,1817900
EQUITAS30JAN20110CE.NFO,07/01/2020,12:07:15,1.55,1.5,58800,1.65,19600,0,1817900
EQUITAS30JAN20110CE.NFO,07/01/2020,12:07:23,1.55,1.55,14700,1.65,19600,0,1817900
EQUITAS30JAN20110CE.NFO,07/01/2020,12:07:31,1.55,1.55,14700,1.6,4900,0,1817900
EQUITAS30JAN20110CE.NFO,07/01/2020,12:07:37,1.55,1.55,24500,1.65,24500,0,1817900
EQUITAS30JAN20110CE.NFO,07/01/2020,12:07:42,1.55,1.55,24500,1.65,19600,0,1817900
EQUITAS30JAN20110CE.NFO,07/01/2020,12:08:03,1.55,1.55,63700,1.65,4900,0,1817900
EQUITAS30JAN20110CE.NFO,07/01/2020,12:08:17,1.55,1.6,34300,1.7,34300,0,1817900
EQUITAS30JAN20110CE.NFO,07/01/2020,12:08:25,1.55,1.55,63700,1.65,9800,0,1817900
EQUITAS30JAN20110CE.NFO,07/01/2020,12:08:31,1.55,1.6,29400,1.7,34300,0,1817900
EQUITAS30JAN20110CE.NFO,07/01/2020,12:08:39,1.55,1.6,4900,1.7,34300,0,1817900
EQUITAS30JAN20110CE.NFO,07/01/2020,12:08:46,1.55,1.6,4900,1.65,4900,0,1817900
EQUITAS30JAN20110CE.NFO,07/01/2020,12:08:53,1.55,1.55,49000,1.65,4900,0,1817900
EQUITAS30JAN20110CE.NFO,07/01/2020,12:08:57,1.55,1.55,44100,1.65,4900,0,1817900
EQUITAS30JAN20110CE.NFO,07/01/2020,12:09:07,1.55,1.55,49000,1.65,4900,0,1817900
EQUITAS30JAN20110CE.NFO,07/01/2020,12:09:40,1.55,1.55,49000,1.65,9800,0,1817900
EQUITAS30JAN20110CE.NFO,07/01/2020,12:09:47,1.55,1.55,44100,1.65,9800,0,1817900
EQUITAS30JAN20110CE.NFO,07/01/2020,12:09:53,1.55,1.55,44100,1.65,14700,0,1817900
EQUITAS30JAN20110CE.NFO,07/01/2020,12:10:12,1.55,1.55,44100,1.65,9800,0,1817900
EQUITAS30JAN20110CE.NFO,07/01/2020,12:10:15,1.55,1.55,44100,1.65,14700,0,1817900
EQUITAS30JAN20110CE.NFO,07/01/2020,12:10:20,1.55,1.55,44100,1.65,4900,0,1817900
EQUITAS30JAN20110CE.NFO,07/01/2020,12:10:23,1.55,1.55,49000,1.65,4900,0,1817900
EQUITAS30JAN20110CE.NFO,07/01/2020,12:10:26,1.55,1.55,49000,1.65,9800,0,1817900
EQUITAS30JAN20110CE.NFO,07/01/2020,12:10:31,1.55,1.55,44100,1.65,9800,0,1817900
EQUITAS30JAN20110CE.NFO,07/01/2020,12:10:41,1.55,1.55,44100,1.65,4900,0,1817900
EQUITAS30JAN20110CE.NFO,07/01/2020,12:10:48,1.55,1.55,49000,1.65,4900,0,1817900
EQUITAS30JAN20110CE.NFO,07/01/2020,12:10:57,1.55,1.6,29400,1.7,34300,0,1817900
EQUITAS30JAN20110CE.NFO,07/01/2020,12:10:59,1.55,1.6,4900,1.7,34300,0,1817900
EQUITAS30JAN20110CE.NFO,07/01/2020,12:11:08,1.55,1.6,29400,1.65,4900,0,1817900
EQUITAS30JAN20110CE.NFO,07/01/2020,12:11:16,1.55,1.6,34300,1.7,34300,0,1817900
EQUITAS30JAN20110CE.NFO,07/01/2020,12:11:23,1.55,1.6,34300,1.7,29400,0,1817900
EQUITAS30JAN20110CE.NFO,07/01/2020,12:11:27,1.55,1.6,34300,1.7,34300,0,1817900
EQUITAS30JAN20110CE.NFO,07/01/2020,12:11:33,1.55,1.6,29400,1.7,34300,0,1817900
EQUITAS30JAN20110CE.NFO,07/01/2020,12:12:09,1.55,1.6,9800,1.7,34300,0,1817900
EQUITAS30JAN20110CE.NFO,07/01/2020,12:12:24,1.55,1.6,9800,1.7,29400,0,1817900
EQUITAS30JAN20110CE.NFO,07/01/2020,12:12:32,1.55,1.6,14700,1.7,29400,0,1817900
EQUITAS30JAN20110CE.NFO,07/01/2020,12:12:48,1.55,1.6,14700,1.7,34300,0,1817900
EQUITAS30JAN20110CE.NFO,07/01/2020,12:12:55,1.55,1.6,9800,1.7,29400,0,1817900
EQUITAS30JAN20110CE.NFO,07/01/2020,12:12:57,1.55,1.6,9800,1.7,34300,0,1817900
EQUITAS30JAN20110CE.NFO,07/01/2020,12:13:04,1.55,1.6,4900,1.65,4900,0,1817900
EQUITAS30JAN20110CE.NFO,07/01/2020,12:13:07,1.55,1.6,4900,1.65,9800,0,1817900
EQUITAS30JAN20110CE.NFO,07/01/2020,12:13:13,1.55,1.6,34300,1.7,29400,0,1817900
EQUITAS30JAN20110CE.NFO,07/01/2020,12:13:20,1.55,1.6,34300,1.7,34300,0,1817900
EQUITAS30JAN20110CE.NFO,07/01/2020,12:13:29,1.55,1.6,14700,1.7,34300,0,1817900
EQUITAS30JAN20110CE.NFO,07/01/2020,12:13:48,1.55,1.6,34300,1.7,29400,0,1817900
EQUITAS30JAN20110CE.NFO,07/01/2020,12:13:57,1.55,1.6,14700,1.7,29400,0,1817900
EQUITAS30JAN20110CE.NFO,07/01/2020,12:14:07,1.55,1.6,14700,1.7,34300,0,1817900
EQUITAS30JAN20110CE.NFO,07/01/2020,12:14:20,1.55,1.55,19600,1.65,4900,0,1817900
EQUITAS30JAN20110CE.NFO,07/01/2020,12:14:24,1.55,1.55,19600,1.65,9800,0,1817900
EQUITAS30JAN20110CE.NFO,07/01/2020,12:14:33,1.55,1.6,4900,1.65,9800,0,1817900
EQUITAS30JAN20110CE.NFO,07/01/2020,12:14:42,1.65,1.6,4900,1.65,14700,4900,1813000
EQUITAS30JAN20110CE.NFO,07/01/2020,12:14:45,1.65,1.6,4900,1.65,14700,0,1813000
EQUITAS30JAN20110CE.NFO,07/01/2020,12:14:49,1.65,1.6,9800,1.65,14700,0,1813000
EQUITAS30JAN20110CE.NFO,07/01/2020,12:14:57,1.65,1.6,14700,1.7,39200,0,1813000
EQUITAS30JAN20110CE.NFO,07/01/2020,12:15:00,1.65,1.6,9800,1.7,39200,0,1813000
EQUITAS30JAN20110CE.NFO,07/01/2020,12:15:15,1.65,1.6,14700,1.7,39200,0,1813000
EQUITAS30JAN20110CE.NFO,07/01/2020,12:15:22,1.65,1.6,14700,1.7,34300,0,1813000
EQUITAS30JAN20110CE.NFO,07/01/2020,12:15:29,1.65,1.6,19600,1.7,24500,0,1813000
EQUITAS30JAN20110CE.NFO,07/01/2020,12:15:52,1.65,1.6,19600,1.7,29400,0,1813000
EQUITAS30JAN20110CE.NFO,07/01/2020,12:15:56,1.65,1.6,9800,1.65,9800,0,1813000
EQUITAS30JAN20110CE.NFO,07/01/2020,12:16:00,1.65,1.6,9800,1.7,29400,0,1813000
EQUITAS30JAN20110CE.NFO,07/01/2020,12:16:06,1.65,1.6,14700,1.7,29400,0,1813000
EQUITAS30JAN20110CE.NFO,07/01/2020,12:16:16,1.65,1.6,9800,1.7,29400,0,1813000
EQUITAS30JAN20110CE.NFO,07/01/2020,12:16:37,1.65,1.6,9800,1.7,34300,0,1813000
EQUITAS30JAN20110CE.NFO,07/01/2020,12:16:41,1.65,1.6,4900,1.65,9800,0,1813000
EQUITAS30JAN20110CE.NFO,07/01/2020,12:16:43,1.65,1.6,9800,1.65,9800,0,1813000
EQUITAS30JAN20110CE.NFO,07/01/2020,12:16:48,1.65,1.6,9800,1.7,24500,0,1813000
EQUITAS30JAN20110CE.NFO,07/01/2020,12:16:50,1.65,1.6,9800,1.65,4900,0,1813000
EQUITAS30JAN20110CE.NFO,07/01/2020,12:17:09,1.65,1.6,9800,1.7,29400,0,1813000
EQUITAS30JAN20110CE.NFO,07/01/2020,12:17:26,1.65,1.6,14700,1.7,29400,0,1813000
EQUITAS30JAN20110CE.NFO,07/01/2020,12:17:30,1.65,1.6,9800,1.7,29400,0,1813000
EQUITAS30JAN20110CE.NFO,07/01/2020,12:17:35,1.65,1.6,14700,1.7,29400,0,1813000
EQUITAS30JAN20110CE.NFO,07/01/2020,12:17:40,1.65,1.6,14700,1.7,24500,0,1813000
EQUITAS30JAN20110CE.NFO,07/01/2020,12:18:12,1.65,1.6,14700,1.7,34300,0,1813000
EQUITAS30JAN20110CE.NFO,07/01/2020,12:18:15,1.65,1.6,14700,1.7,29400,0,1813000
EQUITAS30JAN20110CE.NFO,07/01/2020,12:18:29,1.65,1.6,14700,1.7,34300,0,1813000
EQUITAS30JAN20110CE.NFO,07/01/2020,12:18:44,1.65,1.6,14700,1.7,39200,0,1813000
EQUITAS30JAN20110CE.NFO,07/01/2020,12:19:08,1.65,1.6,19600,1.7,19600,0,1813000
EQUITAS30JAN20110CE.NFO,07/01/2020,12:19:13,1.65,1.6,19600,1.7,24500,0,1813000
EQUITAS30JAN20110CE.NFO,07/01/2020,12:19:18,1.65,1.65,4900,1.7,19600,0,1813000
EQUITAS30JAN20110CE.NFO,07/01/2020,12:19:23,1.65,1.65,4900,1.7,24500,0,1813000
EQUITAS30JAN20110CE.NFO,07/01/2020,12:19:26,1.7,1.65,4900,1.7,19600,4900,1817900
EQUITAS30JAN20110CE.NFO,07/01/2020,12:19:33,1.7,1.65,4900,1.7,19600,0,1817900
EQUITAS30JAN20110CE.NFO,07/01/2020,12:19:35,1.7,1.6,19600,1.7,14700,0,1817900
EQUITAS30JAN20110CE.NFO,07/01/2020,12:19:40,1.7,1.6,19600,1.7,19600,0,1817900
EQUITAS30JAN20110CE.NFO,07/01/2020,12:19:45,1.7,1.6,19600,1.7,24500,0,1817900
EQUITAS30JAN20110CE.NFO,07/01/2020,12:20:03,1.7,1.6,19600,1.7,29400,0,1817900
EQUITAS30JAN20110CE.NFO,07/01/2020,12:20:59,1.7,1.6,19600,1.7,24500,0,1817900
EQUITAS30JAN20110CE.NFO,07/01/2020,12:21:13,1.7,1.6,19600,1.7,29400,0,1817900
EQUITAS30JAN20110CE.NFO,07/01/2020,12:21:21,1.7,1.6,19600,1.7,24500,0,1817900
EQUITAS30JAN20110CE.NFO,07/01/2020,12:21:37,1.7,1.6,19600,1.7,14700,0,1817900
EQUITAS30JAN20110CE.NFO,07/01/2020,12:21:43,1.7,1.6,19600,1.7,9800,0,1817900
EQUITAS30JAN20110CE.NFO,07/01/2020,12:21:48,1.7,1.6,19600,1.7,14700,0,1817900
EQUITAS30JAN20110CE.NFO,07/01/2020,12:21:54,1.7,1.6,19600,1.7,19600,0,1817900
EQUITAS30JAN20110CE.NFO,07/01/2020,12:22:24,1.7,1.6,19600,1.7,24500,0,1817900
EQUITAS30JAN20110CE.NFO,07/01/2020,12:22:27,1.7,1.6,19600,1.7,19600,0,1817900
EQUITAS30JAN20110CE.NFO,07/01/2020,12:22:53,1.7,1.6,19600,1.7,24500,0,1817900
EQUITAS30JAN20110CE.NFO,07/01/2020,12:23:18,1.7,1.6,19600,1.7,19600,0,1817900
EQUITAS30JAN20110CE.NFO,07/01/2020,12:23:23,1.7,1.6,19600,1.7,24500,0,1817900
EQUITAS30JAN20110CE.NFO,07/01/2020,12:23:40,1.7,1.6,19600,1.7,19600,0,1817900
EQUITAS30JAN20110CE.NFO,07/01/2020,12:23:43,1.7,1.6,19600,1.7,24500,0,1817900
EQUITAS30JAN20110CE.NFO,07/01/2020,12:24:18,1.7,1.6,19600,1.7,29400,0,1817900
EQUITAS30JAN20110CE.NFO,07/01/2020,12:25:23,1.7,1.6,19600,1.7,24500,0,1817900
EQUITAS30JAN20110CE.NFO,07/01/2020,12:25:26,1.7,1.6,19600,1.7,29400,0,1817900
EQUITAS30JAN20110CE.NFO,07/01/2020,12:25:29,1.7,1.6,19600,1.7,14700,0,1817900
EQUITAS30JAN20110CE.NFO,07/01/2020,12:25:31,1.7,1.6,19600,1.7,29400,0,1817900
EQUITAS30JAN20110CE.NFO,07/01/2020,12:25:41,1.7,1.6,19600,1.7,19600,0,1817900
EQUITAS30JAN20110CE.NFO,07/01/2020,12:25:48,1.7,1.6,19600,1.7,14700,0,1817900
EQUITAS30JAN20110CE.NFO,07/01/2020,12:25:57,1.7,1.6,19600,1.7,19600,0,1817900
EQUITAS30JAN20110CE.NFO,07/01/2020,12:26:00,1.7,1.6,19600,1.7,24500,0,1817900
EQUITAS30JAN20110CE.NFO,07/01/2020,12:26:06,1.7,1.6,19600,1.7,19600,0,1817900
EQUITAS30JAN20110CE.NFO,07/01/2020,12:26:14,1.7,1.6,19600,1.7,14700,0,1817900
EQUITAS30JAN20110CE.NFO,07/01/2020,12:26:17,1.7,1.6,19600,1.7,4900,0,1817900
EQUITAS30JAN20110CE.NFO,07/01/2020,12:26:37,1.7,1.6,19600,1.7,9800,0,1817900
EQUITAS30JAN20110CE.NFO,07/01/2020,12:26:56,1.7,1.6,14700,1.7,19600,0,1817900
EQUITAS30JAN20110CE.NFO,07/01/2020,12:27:00,1.7,1.6,14700,1.7,24500,0,1817900
EQUITAS30JAN20110CE.NFO,07/01/2020,12:27:12,1.7,1.6,14700,1.7,19600,0,1817900
EQUITAS30JAN20110CE.NFO,07/01/2020,12:27:15,1.7,1.6,9800,1.7,19600,0,1817900
EQUITAS30JAN20110CE.NFO,07/01/2020,12:27:21,1.7,1.6,9800,1.7,24500,0,1817900
EQUITAS30JAN20110CE.NFO,07/01/2020,12:27:28,1.7,1.6,9800,1.7,19600,0,1817900
EQUITAS30JAN20110CE.NFO,07/01/2020,12:27:33,1.7,1.6,9800,1.7,24500,0,1817900
EQUITAS30JAN20110CE.NFO,07/01/2020,12:27:44,1.7,1.6,9800,1.7,9800,0,1817900
EQUITAS30JAN20110CE.NFO,07/01/2020,12:27:51,1.7,1.6,9800,1.7,14700,0,1817900
EQUITAS30JAN20110CE.NFO,07/01/2020,12:27:55,1.7,1.6,9800,1.7,9800,0,1817900
EQUITAS30JAN20110CE.NFO,07/01/2020,12:28:18,1.7,1.6,9800,1.7,14700,0,1817900
EQUITAS30JAN20110CE.NFO,07/01/2020,12:28:33,1.7,1.6,14700,1.7,19600,0,1817900
EQUITAS30JAN20110CE.NFO,07/01/2020,12:28:45,1.7,1.6,14700,1.7,14700,0,1817900
EQUITAS30JAN20110CE.NFO,07/01/2020,12:28:48,1.7,1.6,14700,1.7,19600,0,1817900
EQUITAS30JAN20110CE.NFO,07/01/2020,12:28:53,1.7,1.6,14700,1.7,24500,0,1817900
EQUITAS30JAN20110CE.NFO,07/01/2020,12:29:09,1.7,1.6,9800,1.7,34300,0,1817900
EQUITAS30JAN20110CE.NFO,07/01/2020,12:29:13,1.7,1.6,9800,1.7,29400,0,1817900
EQUITAS30JAN20110CE.NFO,07/01/2020,12:29:20,1.7,1.6,9800,1.7,24500,0,1817900
EQUITAS30JAN20110CE.NFO,07/01/2020,12:29:23,1.7,1.6,9800,1.7,29400,0,1817900
EQUITAS30JAN20110CE.NFO,07/01/2020,12:30:14,1.7,1.6,9800,1.7,24500,0,1817900
EQUITAS30JAN20110CE.NFO,07/01/2020,12:30:20,1.7,1.6,9800,1.7,29400,0,1817900
EQUITAS30JAN20110CE.NFO,07/01/2020,12:30:35,1.7,1.6,4900,1.65,9800,0,1817900
EQUITAS30JAN20110CE.NFO,07/01/2020,12:30:56,1.7,1.6,9800,1.65,14700,0,1817900
EQUITAS30JAN20110CE.NFO,07/01/2020,12:31:14,1.7,1.6,4900,1.65,24500,0,1817900
EQUITAS30JAN20110CE.NFO,07/01/2020,12:31:17,1.7,1.6,9800,1.65,14700,0,1817900
EQUITAS30JAN20110CE.NFO,07/01/2020,12:31:23,1.7,1.6,4900,1.65,24500,0,1817900
EQUITAS30JAN20110CE.NFO,07/01/2020,12:31:33,1.7,1.6,9800,1.7,34300,0,1817900
EQUITAS30JAN20110CE.NFO,07/01/2020,12:31:40,1.7,1.6,9800,1.7,29400,0,1817900
EQUITAS30JAN20110CE.NFO,07/01/2020,12:31:43,1.7,1.6,9800,1.7,24500,0,1817900
EQUITAS30JAN20110CE.NFO,07/01/2020,12:31:46,1.7,1.6,9800,1.7,29400,0,1817900
EQUITAS30JAN20110CE.NFO,07/01/2020,12:31:56,1.7,1.6,4900,1.65,14700,0,1817900
EQUITAS30JAN20110CE.NFO,07/01/2020,12:32:00,1.7,1.6,4900,1.65,19600,0,1817900
EQUITAS30JAN20110CE.NFO,07/01/2020,12:32:05,1.7,1.55,19600,1.65,19600,0,1817900
EQUITAS30JAN20110CE.NFO,07/01/2020,12:32:08,1.7,1.55,19600,1.65,14700,0,1817900
EQUITAS30JAN20110CE.NFO,07/01/2020,12:32:14,1.7,1.55,19600,1.65,19600,0,1817900
EQUITAS30JAN20110CE.NFO,07/01/2020,12:32:21,1.7,1.55,19600,1.65,14700,0,1817900
EQUITAS30JAN20110CE.NFO,07/01/2020,12:32:29,1.7,1.55,19600,1.65,19600,0,1817900
EQUITAS30JAN20110CE.NFO,07/01/2020,12:32:32,1.7,1.55,19600,1.65,24500,0,1817900
EQUITAS30JAN20110CE.NFO,07/01/2020,12:32:38,1.7,1.55,19600,1.65,19600,0,1817900
EQUITAS30JAN20110CE.NFO,07/01/2020,12:32:59,1.7,1.55,19600,1.65,14700,0,1817900
EQUITAS30JAN20110CE.NFO,07/01/2020,12:33:08,1.7,1.55,19600,1.65,29400,0,1817900
EQUITAS30JAN20110CE.NFO,07/01/2020,12:33:12,1.7,1.55,19600,1.65,24500,0,1817900
EQUITAS30JAN20110CE.NFO,07/01/2020,12:33:17,1.7,1.55,9800,1.6,4900,0,1817900
EQUITAS30JAN20110CE.NFO,07/01/2020,12:33:20,1.7,1.55,9800,1.6,9800,0,1817900
EQUITAS30JAN20110CE.NFO,07/01/2020,12:33:40,1.7,1.55,14700,1.6,9800,0,1817900
EQUITAS30JAN20110CE.NFO,07/01/2020,12:33:54,1.7,1.55,19600,1.65,24500,0,1817900
EQUITAS30JAN20110CE.NFO,07/01/2020,12:34:03,1.7,1.55,19600,1.65,19600,0,1817900
EQUITAS30JAN20110CE.NFO,07/01/2020,12:34:06,1.7,1.55,19600,1.65,24500,0,1817900
EQUITAS30JAN20110CE.NFO,07/01/2020,12:34:26,1.65,1.55,19600,1.65,24500,4900,1813000
EQUITAS30JAN20110CE.NFO,07/01/2020,12:34:34,1.65,1.55,19600,1.7,34300,0,1813000
EQUITAS30JAN20110CE.NFO,07/01/2020,12:34:38,1.65,1.55,19600,1.65,9800,0,1813000
EQUITAS30JAN20110CE.NFO,07/01/2020,12:34:41,1.65,1.55,19600,1.65,4900,0,1813000
EQUITAS30JAN20110CE.NFO,07/01/2020,12:34:58,1.65,1.55,24500,1.7,29400,0,1813000
EQUITAS30JAN20110CE.NFO,07/01/2020,12:35:27,1.65,1.55,24500,1.65,4900,0,1813000
EQUITAS30JAN20110CE.NFO,07/01/2020,12:35:54,1.65,1.55,24500,1.65,9800,0,1813000
EQUITAS30JAN20110CE.NFO,07/01/2020,12:36:22,1.65,1.55,24500,1.65,4900,0,1813000
EQUITAS30JAN20110CE.NFO,07/01/2020,12:36:25,1.65,1.55,24500,1.65,9800,0,1813000
EQUITAS30JAN20110CE.NFO,07/01/2020,12:37:10,1.65,1.55,24500,1.65,4900,0,1813000
EQUITAS30JAN20110CE.NFO,07/01/2020,12:37:11,1.65,1.55,24500,1.65,9800,0,1813000
EQUITAS30JAN20110CE.NFO,07/01/2020,12:37:20,1.65,1.55,24500,1.65,4900,0,1813000
EQUITAS30JAN20110CE.NFO,07/01/2020,12:37:29,1.65,1.55,24500,1.65,9800,0,1813000
EQUITAS30JAN20110CE.NFO,07/01/2020,12:37:31,1.65,1.55,24500,1.65,14700,0,1813000
EQUITAS30JAN20110CE.NFO,07/01/2020,12:37:39,1.65,1.55,24500,1.65,4900,0,1813000
EQUITAS30JAN20110CE.NFO,07/01/2020,12:37:56,1.65,1.55,24500,1.65,9800,0,1813000
EQUITAS30JAN20110CE.NFO,07/01/2020,12:37:58,1.65,1.55,24500,1.65,14700,0,1813000
EQUITAS30JAN20110CE.NFO,07/01/2020,12:38:05,1.65,1.55,24500,1.65,9800,0,1813000
EQUITAS30JAN20110CE.NFO,07/01/2020,12:38:12,1.65,1.55,24500,1.65,4900,0,1813000
EQUITAS30JAN20110CE.NFO,07/01/2020,12:38:27,1.65,1.55,24500,1.65,9800,0,1813000
EQUITAS30JAN20110CE.NFO,07/01/2020,12:38:37,1.65,1.55,24500,1.65,4900,0,1813000
EQUITAS30JAN20110CE.NFO,07/01/2020,12:38:55,1.65,1.55,29400,1.65,4900,0,1813000
EQUITAS30JAN20110CE.NFO,07/01/2020,12:39:10,1.65,1.55,24500,1.65,4900,0,1813000
EQUITAS30JAN20110CE.NFO,07/01/2020,12:39:14,1.65,1.55,24500,1.65,9800,0,1813000
EQUITAS30JAN20110CE.NFO,07/01/2020,12:39:32,1.65,1.55,24500,1.65,4900,0,1813000
EQUITAS30JAN20110CE.NFO,07/01/2020,12:39:53,1.65,1.55,24500,1.65,9800,0,1813000
EQUITAS30JAN20110CE.NFO,07/01/2020,12:39:57,1.65,1.55,24500,1.65,4900,0,1813000
EQUITAS30JAN20110CE.NFO,07/01/2020,12:40:14,1.65,1.55,24500,1.65,9800,0,1813000
EQUITAS30JAN20110CE.NFO,07/01/2020,12:40:18,1.65,1.6,19600,1.65,4900,0,1813000
EQUITAS30JAN20110CE.NFO,07/01/2020,12:40:31,1.65,1.6,24500,1.7,19600,0,1813000
EQUITAS30JAN20110CE.NFO,07/01/2020,12:41:15,1.65,1.6,24500,1.7,14700,0,1813000
EQUITAS30JAN20110CE.NFO,07/01/2020,12:41:18,1.65,1.6,24500,1.7,19600,0,1813000
EQUITAS30JAN20110CE.NFO,07/01/2020,12:41:26,1.65,1.6,24500,1.7,14700,0,1813000
EQUITAS30JAN20110CE.NFO,07/01/2020,12:41:28,1.65,1.6,24500,1.7,19600,0,1813000
EQUITAS30JAN20110CE.NFO,07/01/2020,12:41:55,1.65,1.6,24500,1.7,14700,0,1813000
EQUITAS30JAN20110CE.NFO,07/01/2020,12:41:58,1.65,1.6,24500,1.7,19600,0,1813000
EQUITAS30JAN20110CE.NFO,07/01/2020,12:42:02,1.65,1.6,24500,1.7,14700,0,1813000
EQUITAS30JAN20110CE.NFO,07/01/2020,12:42:19,1.65,1.6,24500,1.7,9800,0,1813000
EQUITAS30JAN20110CE.NFO,07/01/2020,12:42:36,1.65,1.6,24500,1.7,14700,0,1813000
EQUITAS30JAN20110CE.NFO,07/01/2020,12:42:46,1.65,1.6,24500,1.7,24500,0,1813000
EQUITAS30JAN20110CE.NFO,07/01/2020,12:42:56,1.65,1.6,19600,1.7,19600,0,1813000
EQUITAS30JAN20110CE.NFO,07/01/2020,12:43:32,1.65,1.6,24500,1.7,19600,0,1813000
EQUITAS30JAN20110CE.NFO,07/01/2020,12:43:39,1.65,1.6,24500,1.7,14700,0,1813000
EQUITAS30JAN20110CE.NFO,07/01/2020,12:43:51,1.65,1.6,24500,1.7,19600,0,1813000
EQUITAS30JAN20110CE.NFO,07/01/2020,12:44:20,1.65,1.6,24500,1.7,14700,0,1813000
EQUITAS30JAN20110CE.NFO,07/01/2020,12:44:23,1.65,1.6,24500,1.7,24500,0,1813000
EQUITAS30JAN20110CE.NFO,07/01/2020,12:44:33,1.65,1.6,24500,1.7,19600,0,1813000
EQUITAS30JAN20110CE.NFO,07/01/2020,12:44:36,1.65,1.6,24500,1.7,24500,0,1813000
EQUITAS30JAN20110CE.NFO,07/01/2020,12:45:46,1.65,1.6,24500,1.7,19600,0,1813000
EQUITAS30JAN20110CE.NFO,07/01/2020,12:46:13,1.65,1.6,24500,1.7,24500,0,1813000
EQUITAS30JAN20110CE.NFO,07/01/2020,12:46:29,1.65,1.6,24500,1.7,19600,0,1813000
EQUITAS30JAN20110CE.NFO,07/01/2020,12:46:44,1.65,1.6,24500,1.7,24500,0,1813000
EQUITAS30JAN20110CE.NFO,07/01/2020,12:47:04,1.65,1.6,24500,1.7,14700,0,1813000
EQUITAS30JAN20110CE.NFO,07/01/2020,12:47:11,1.65,1.6,24500,1.7,19600,0,1813000
EQUITAS30JAN20110CE.NFO,07/01/2020,12:47:24,1.65,1.6,24500,1.7,14700,0,1813000
EQUITAS30JAN20110CE.NFO,07/01/2020,12:47:45,1.65,1.6,24500,1.7,19600,0,1813000
EQUITAS30JAN20110CE.NFO,07/01/2020,12:48:20,1.65,1.6,24500,1.7,14700,0,1813000
EQUITAS30JAN20110CE.NFO,07/01/2020,12:48:29,1.65,1.6,24500,1.7,19600,0,1813000
EQUITAS30JAN20110CE.NFO,07/01/2020,12:48:36,1.65,1.6,24500,1.7,24500,0,1813000
EQUITAS30JAN20110CE.NFO,07/01/2020,12:48:41,1.65,1.6,24500,1.7,14700,0,1813000
EQUITAS30JAN20110CE.NFO,07/01/2020,12:48:45,1.65,1.6,24500,1.7,19600,0,1813000
EQUITAS30JAN20110CE.NFO,07/01/2020,12:48:54,1.65,1.6,24500,1.7,14700,0,1813000
EQUITAS30JAN20110CE.NFO,07/01/2020,12:48:57,1.65,1.6,24500,1.7,19600,0,1813000
EQUITAS30JAN20110CE.NFO,07/01/2020,12:49:12,1.65,1.6,24500,1.7,14700,0,1813000
EQUITAS30JAN20110CE.NFO,07/01/2020,12:49:15,1.65,1.6,24500,1.7,19600,0,1813000
EQUITAS30JAN20110CE.NFO,07/01/2020,12:49:22,1.65,1.6,24500,1.7,14700,0,1813000
EQUITAS30JAN20110CE.NFO,07/01/2020,12:49:32,1.65,1.6,24500,1.7,19600,0,1813000
EQUITAS30JAN20110CE.NFO,07/01/2020,12:50:09,1.65,1.6,24500,1.7,9800,0,1813000
EQUITAS30JAN20110CE.NFO,07/01/2020,12:50:14,1.65,1.6,24500,1.7,19600,0,1813000
EQUITAS30JAN20110CE.NFO,07/01/2020,12:50:21,1.65,1.6,24500,1.7,9800,0,1813000
EQUITAS30JAN20110CE.NFO,07/01/2020,12:50:30,1.65,1.6,24500,1.7,14700,0,1813000
EQUITAS30JAN20110CE.NFO,07/01/2020,12:50:35,1.65,1.6,24500,1.7,19600,0,1813000
EQUITAS30JAN20110CE.NFO,07/01/2020,12:50:47,1.65,1.65,9800,1.7,19600,0,1813000
EQUITAS30JAN20110CE.NFO,07/01/2020,12:51:05,1.65,1.65,9800,1.7,14700,0,1813000
EQUITAS30JAN20110CE.NFO,07/01/2020,12:51:20,1.65,1.65,9800,1.7,9800,0,1813000
EQUITAS30JAN20110CE.NFO,07/01/2020,12:51:27,1.65,1.65,9800,1.7,19600,0,1813000
EQUITAS30JAN20110CE.NFO,07/01/2020,12:51:31,1.65,1.65,9800,1.7,9800,0,1813000
EQUITAS30JAN20110CE.NFO,07/01/2020,12:51:33,1.65,1.65,9800,1.7,4900,0,1813000
EQUITAS30JAN20110CE.NFO,07/01/2020,12:51:38,1.65,1.65,9800,1.7,9800,0,1813000
EQUITAS30JAN20110CE.NFO,07/01/2020,12:51:50,1.65,1.65,9800,1.7,4900,0,1813000
EQUITAS30JAN20110CE.NFO,07/01/2020,12:52:04,1.7,1.65,4900,1.75,29400,4900,1813000
EQUITAS30JAN20110CE.NFO,07/01/2020,12:52:19,1.7,1.6,24500,1.7,19600,0,1813000
EQUITAS30JAN20110CE.NFO,07/01/2020,12:52:26,1.7,1.6,24500,1.7,9800,0,1813000
EQUITAS30JAN20110CE.NFO,07/01/2020,12:52:28,1.7,1.6,24500,1.7,14700,0,1813000
EQUITAS30JAN20110CE.NFO,07/01/2020,12:52:57,1.7,1.6,24500,1.7,19600,0,1813000
EQUITAS30JAN20110CE.NFO,07/01/2020,12:53:04,1.7,1.6,24500,1.7,14700,0,1813000
EQUITAS30JAN20110CE.NFO,07/01/2020,12:53:07,1.7,1.6,19600,1.7,24500,0,1813000
EQUITAS30JAN20110CE.NFO,07/01/2020,12:53:13,1.7,1.6,24500,1.7,14700,0,1813000
EQUITAS30JAN20110CE.NFO,07/01/2020,12:53:17,1.7,1.6,24500,1.7,19600,0,1813000
EQUITAS30JAN20110CE.NFO,07/01/2020,12:53:21,1.7,1.6,24500,1.7,14700,0,1813000
EQUITAS30JAN20110CE.NFO,07/01/2020,12:53:25,1.7,1.6,24500,1.7,19600,0,1813000
EQUITAS30JAN20110CE.NFO,07/01/2020,12:53:32,1.7,1.6,24500,1.7,24500,0,1813000
EQUITAS30JAN20110CE.NFO,07/01/2020,12:53:40,1.7,1.6,19600,1.7,24500,0,1813000
EQUITAS30JAN20110CE.NFO,07/01/2020,12:55:06,1.7,1.6,19600,1.7,29400,0,1813000
EQUITAS30JAN20110CE.NFO,07/01/2020,12:57:12,1.7,1.6,4900,1.7,29400,0,1813000
EQUITAS30JAN20110CE.NFO,07/01/2020,12:57:14,1.7,1.55,24500,1.7,29400,0,1813000
EQUITAS30JAN20110CE.NFO,07/01/2020,12:57:22,1.7,1.55,24500,1.65,14700,0,1813000
EQUITAS30JAN20110CE.NFO,07/01/2020,12:57:38,1.7,1.55,19600,1.65,24500,0,1813000
EQUITAS30JAN20110CE.NFO,07/01/2020,12:57:43,1.7,1.55,9800,1.65,29400,0,1813000
EQUITAS30JAN20110CE.NFO,07/01/2020,12:57:47,1.7,1.55,9800,1.65,24500,0,1813000
EQUITAS30JAN20110CE.NFO,07/01/2020,12:57:52,1.65,1.55,9800,1.65,19600,4900,1813000
EQUITAS30JAN20110CE.NFO,07/01/2020,12:57:56,1.65,1.55,9800,1.65,19600,0,1813000
EQUITAS30JAN20110CE.NFO,07/01/2020,12:58:13,1.65,1.55,9800,1.65,14700,0,1813000
EQUITAS30JAN20110CE.NFO,07/01/2020,12:58:29,1.65,1.55,14700,1.65,14700,0,1813000
EQUITAS30JAN20110CE.NFO,07/01/2020,12:58:36,1.65,1.55,14700,1.65,19600,0,1813000
EQUITAS30JAN20110CE.NFO,07/01/2020,12:59:05,1.65,1.55,14700,1.65,14700,0,1813000
EQUITAS30JAN20110CE.NFO,07/01/2020,12:59:08,1.65,1.55,14700,1.65,19600,0,1813000
EQUITAS30JAN20110CE.NFO,07/01/2020,12:59:51,1.65,1.55,9800,1.65,29400,0,1813000
EQUITAS30JAN20110CE.NFO,07/01/2020,13:00:03,1.65,1.55,9800,1.6,4900,0,1813000
EQUITAS30JAN20110CE.NFO,07/01/2020,13:00:25,1.65,1.55,14700,1.6,4900,0,1813000
EQUITAS30JAN20110CE.NFO,07/01/2020,13:00:40,1.65,1.55,14700,1.6,9800,0,1813000
EQUITAS30JAN20110CE.NFO,07/01/2020,13:01:12,1.55,1.5,9800,1.6,9800,9800,1817900
EQUITAS30JAN20110CE.NFO,07/01/2020,13:01:17,1.55,1.5,9800,1.6,9800,0,1817900
EQUITAS30JAN20110CE.NFO,07/01/2020,13:01:35,1.55,1.5,9800,1.6,4900,0,1817900
EQUITAS30JAN20110CE.NFO,07/01/2020,13:01:46,1.55,1.5,9800,1.6,9800,0,1817900
EQUITAS30JAN20110CE.NFO,07/01/2020,13:01:50,1.55,1.5,9800,1.6,4900,0,1817900
EQUITAS30JAN20110CE.NFO,07/01/2020,13:02:07,1.55,1.5,9800,1.6,9800,0,1817900
EQUITAS30JAN20110CE.NFO,07/01/2020,13:02:12,1.55,1.5,9800,1.6,4900,0,1817900
EQUITAS30JAN20110CE.NFO,07/01/2020,13:02:16,1.55,1.5,9800,1.6,9800,0,1817900
EQUITAS30JAN20110CE.NFO,07/01/2020,13:02:21,1.55,1.55,4900,1.65,14700,0,1817900
EQUITAS30JAN20110CE.NFO,07/01/2020,13:02:26,1.55,1.5,14700,1.65,34300,0,1817900
EQUITAS30JAN20110CE.NFO,07/01/2020,13:02:31,1.55,1.5,14700,1.65,9800,0,1817900
EQUITAS30JAN20110CE.NFO,07/01/2020,13:02:36,1.55,1.55,4900,1.65,14700,0,1817900
EQUITAS30JAN20110CE.NFO,07/01/2020,13:02:45,1.55,1.55,4900,1.65,19600,0,1817900
EQUITAS30JAN20110CE.NFO,07/01/2020,13:02:49,1.55,1.5,14700,1.65,14700,0,1817900
EQUITAS30JAN20110CE.NFO,07/01/2020,13:03:07,1.55,1.5,14700,1.65,39200,0,1817900
EQUITAS30JAN20110CE.NFO,07/01/2020,13:03:20,1.55,1.5,14700,1.65,19600,0,1817900
EQUITAS30JAN20110CE.NFO,07/01/2020,13:03:24,1.55,1.5,14700,1.65,9800,0,1817900
EQUITAS30JAN20110CE.NFO,07/01/2020,13:03:28,1.55,1.5,14700,1.65,29400,0,1817900
EQUITAS30JAN20110CE.NFO,07/01/2020,13:03:34,1.55,1.5,14700,1.65,9800,0,1817900
EQUITAS30JAN20110CE.NFO,07/01/2020,13:03:37,1.55,1.5,14700,1.55,14700,4900,1822800
EQUITAS30JAN20110CE.NFO,07/01/2020,13:03:56,1.55,1.5,14700,1.55,14700,0,1822800
EQUITAS30JAN20110CE.NFO,07/01/2020,13:04:04,1.55,1.5,14700,1.55,19600,0,1822800
EQUITAS30JAN20110CE.NFO,07/01/2020,13:04:12,1.55,1.5,14700,1.55,14700,0,1822800
EQUITAS30JAN20110CE.NFO,07/01/2020,13:04:19,1.55,1.5,14700,1.55,19600,0,1822800
EQUITAS30JAN20110CE.NFO,07/01/2020,13:04:23,1.55,1.5,14700,1.55,14700,0,1822800
EQUITAS30JAN20110CE.NFO,07/01/2020,13:04:26,1.55,1.5,14700,1.55,19600,0,1822800
EQUITAS30JAN20110CE.NFO,07/01/2020,13:04:31,1.55,1.5,14700,1.55,14700,0,1822800
EQUITAS30JAN20110CE.NFO,07/01/2020,13:04:37,1.55,1.5,14700,1.55,19600,0,1822800
EQUITAS30JAN20110CE.NFO,07/01/2020,13:04:53,1.55,1.5,9800,1.55,19600,0,1822800
EQUITAS30JAN20110CE.NFO,07/01/2020,13:04:58,1.5,1.45,24500,1.5,73500,14700,1822800
EQUITAS30JAN20110CE.NFO,07/01/2020,13:05:03,1.5,1.45,24500,1.5,63700,9800,1822800
EQUITAS30JAN20110CE.NFO,07/01/2020,13:05:11,1.45,1.45,19600,1.5,63700,4900,1822800
EQUITAS30JAN20110CE.NFO,07/01/2020,13:05:18,1.45,1.45,19600,1.5,63700,0,1822800
EQUITAS30JAN20110CE.NFO,07/01/2020,13:05:29,1.45,1.45,19600,1.5,68600,0,1822800
EQUITAS30JAN20110CE.NFO,07/01/2020,13:05:55,1.45,1.45,14700,1.5,68600,0,1822800
EQUITAS30JAN20110CE.NFO,07/01/2020,13:06:01,1.45,1.45,19600,1.5,68600,0,1822800
EQUITAS30JAN20110CE.NFO,07/01/2020,13:06:16,1.45,1.45,9800,1.5,73500,0,1822800
EQUITAS30JAN20110CE.NFO,07/01/2020,13:06:21,1.45,1.45,14700,1.5,63700,0,1822800
EQUITAS30JAN20110CE.NFO,07/01/2020,13:06:26,1.45,1.45,14700,1.5,68600,0,1822800
EQUITAS30JAN20110CE.NFO,07/01/2020,13:06:31,1.45,1.45,9800,1.5,68600,0,1822800
EQUITAS30JAN20110CE.NFO,07/01/2020,13:06:40,1.45,1.45,9800,1.5,63700,0,1822800
EQUITAS30JAN20110CE.NFO,07/01/2020,13:06:44,1.45,1.45,9800,1.5,68600,0,1822800
EQUITAS30JAN20110CE.NFO,07/01/2020,13:06:49,1.45,1.45,9800,1.5,63700,0,1822800
EQUITAS30JAN20110CE.NFO,07/01/2020,13:06:54,1.45,1.45,9800,1.5,68600,0,1822800
EQUITAS30JAN20110CE.NFO,07/01/2020,13:07:08,1.45,1.45,9800,1.5,63700,0,1822800
EQUITAS30JAN20110CE.NFO,07/01/2020,13:07:19,1.45,1.45,9800,1.5,68600,0,1822800
EQUITAS30JAN20110CE.NFO,07/01/2020,13:07:23,1.45,1.45,9800,1.5,63700,0,1822800
EQUITAS30JAN20110CE.NFO,07/01/2020,13:07:28,1.45,1.45,9800,1.5,68600,0,1822800
EQUITAS30JAN20110CE.NFO,07/01/2020,13:07:36,1.45,1.45,9800,1.5,63700,0,1822800
EQUITAS30JAN20110CE.NFO,07/01/2020,13:07:47,1.45,1.45,9800,1.5,68600,0,1822800
EQUITAS30JAN20110CE.NFO,07/01/2020,13:08:14,1.45,1.4,19600,1.5,78400,0,1822800
EQUITAS30JAN20110CE.NFO,07/01/2020,13:08:34,1.45,1.4,19600,1.5,73500,0,1822800
EQUITAS30JAN20110CE.NFO,07/01/2020,13:08:41,1.45,1.4,14700,1.5,73500,0,1822800
EQUITAS30JAN20110CE.NFO,07/01/2020,13:08:47,1.45,1.4,14700,1.5,78400,0,1822800
EQUITAS30JAN20110CE.NFO,07/01/2020,13:08:53,1.45,1.4,14700,1.5,83300,0,1822800
EQUITAS30JAN20110CE.NFO,07/01/2020,13:09:16,1.45,1.4,14700,1.5,68600,0,1822800
EQUITAS30JAN20110CE.NFO,07/01/2020,13:09:22,1.45,1.4,14700,1.5,73500,0,1822800
EQUITAS30JAN20110CE.NFO,07/01/2020,13:09:41,1.45,1.4,14700,1.5,83300,0,1822800
EQUITAS30JAN20110CE.NFO,07/01/2020,13:09:53,1.45,1.4,24500,1.5,63700,0,1822800
EQUITAS30JAN20110CE.NFO,07/01/2020,13:09:59,1.45,1.4,19600,1.5,63700,0,1822800
EQUITAS30JAN20110CE.NFO,07/01/2020,13:10:10,1.45,1.4,19600,1.5,78400,0,1822800
EQUITAS30JAN20110CE.NFO,07/01/2020,13:10:15,1.45,1.4,19600,1.5,83300,0,1822800
EQUITAS30JAN20110CE.NFO,07/01/2020,13:10:20,1.45,1.4,14700,1.5,83300,0,1822800
EQUITAS30JAN20110CE.NFO,07/01/2020,13:10:25,1.45,1.4,14700,1.5,78400,0,1822800
EQUITAS30JAN20110CE.NFO,07/01/2020,13:10:29,1.45,1.4,14700,1.5,73500,0,1822800
EQUITAS30JAN20110CE.NFO,07/01/2020,13:10:34,1.45,1.4,19600,1.5,83300,0,1822800
EQUITAS30JAN20110CE.NFO,07/01/2020,13:10:39,1.45,1.4,19600,1.5,78400,0,1822800
EQUITAS30JAN20110CE.NFO,07/01/2020,13:10:43,1.45,1.4,19600,1.5,68600,0,1822800
EQUITAS30JAN20110CE.NFO,07/01/2020,13:10:47,1.45,1.4,19600,1.5,78400,0,1822800
EQUITAS30JAN20110CE.NFO,07/01/2020,13:10:56,1.45,1.4,19600,1.5,73500,0,1822800
EQUITAS30JAN20110CE.NFO,07/01/2020,13:11:14,1.45,1.4,14700,1.5,73500,0,1822800
EQUITAS30JAN20110CE.NFO,07/01/2020,13:11:23,1.45,1.4,14700,1.5,78400,0,1822800
EQUITAS30JAN20110CE.NFO,07/01/2020,13:11:27,1.45,1.4,14700,1.5,68600,0,1822800
EQUITAS30JAN20110CE.NFO,07/01/2020,13:11:32,1.45,1.4,14700,1.5,73500,0,1822800
EQUITAS30JAN20110CE.NFO,07/01/2020,13:11:41,1.45,1.4,14700,1.5,78400,0,1822800
EQUITAS30JAN20110CE.NFO,07/01/2020,13:11:54,1.5,1.4,14700,1.5,78400,4900,1832600
EQUITAS30JAN20110CE.NFO,07/01/2020,13:12:04,1.5,1.4,19600,1.5,68600,0,1832600
EQUITAS30JAN20110CE.NFO,07/01/2020,13:12:11,1.5,1.4,19600,1.5,73500,0,1832600
EQUITAS30JAN20110CE.NFO,07/01/2020,13:12:21,1.5,1.4,19600,1.5,78400,0,1832600
EQUITAS30JAN20110CE.NFO,07/01/2020,13:12:30,1.5,1.4,14700,1.5,78400,0,1832600
EQUITAS30JAN20110CE.NFO,07/01/2020,13:12:43,1.5,1.4,14700,1.5,68600,0,1832600
EQUITAS30JAN20110CE.NFO,07/01/2020,13:12:52,1.5,1.4,14700,1.5,73500,0,1832600
EQUITAS30JAN20110CE.NFO,07/01/2020,13:13:19,1.5,1.4,14700,1.5,68600,0,1832600
EQUITAS30JAN20110CE.NFO,07/01/2020,13:13:27,1.5,1.4,14700,1.5,73500,0,1832600
EQUITAS30JAN20110CE.NFO,07/01/2020,13:13:40,1.5,1.4,19600,1.5,73500,0,1832600
EQUITAS30JAN20110CE.NFO,07/01/2020,13:13:53,1.5,1.4,14700,1.5,73500,0,1832600
